{"id":"gen9nationaldex-1988055196","p1":"hsenb\u59da\u67d0","p2":"lpclpc","format":"[Gen 9] National Dex","log":"|j|\u2606hsenb\u59da\u67d0\n|j|\u2606lpclpc\n|t:|1699664050\n|gametype|singles\n|player|p1|hsenb\u59da\u67d0|may-contest|1622\n|player|p2|lpclpc|pokekid|1643\n|teamsize|p1|6\n|teamsize|p2|6\n|gen|9\n|tier|[Gen 9] National Dex\n|rated|\n|rule|HP Percentage Mod: HP is shown in percentages\n|rule|Endless Battle Clause: Forcing endless battles is banned\n|rule|OHKO Clause: OHKO moves are banned\n|rule|Evasion Clause: Evasion abilities, items, and moves are banned\n|rule|Evasion Abilities Clause: Evasion abilities are banned\n|rule|Evasion Items Clause: Evasion items are banned\n|rule|Evasion Moves Clause: Evasion moves are banned\n|rule|Species Clause: Limit one of each Pok\u00e9mon\n|rule|Sleep Clause Mod: Limit one foe put to sleep\n|clearpoke\n|poke|p1|Diancie|\n|poke|p1|Garganacl, M|\n|poke|p1|Arcanine-Hisui, F|\n|poke|p1|Nihilego|\n|poke|p1|Glimmora, F|\n|poke|p1|Kleavor, F|\n|poke|p2|Zamazenta-*|\n|poke|p2|Banette, M|\n|poke|p2|Heatran, F|\n|poke|p2|Zapdos|\n|poke|p2|Iron Valiant|\n|poke|p2|Tapu Koko|\n|teampreview\n|c|\u2606lpclpc|\u866b\u738b\u65e9\u4e0a\u597d\n|\n|t:|1699664074\n|start\n|switch|p1a: Glimmora|Glimmora, F|100\/100\n|switch|p2a: Banette|Banette, M|100\/100\n|-item|p1a: Glimmora|Focus Sash|[from] ability: Frisk|[of] p2a: Banette|[identify]\n|turn|1\n|\n|t:|1699664085\n|detailschange|p2a: Banette|Banette-Mega, M\n|-mega|p2a: Banette|Banette|Banettite\n|move|p2a: Banette|Taunt|p1a: Glimmora\n|-start|p1a: Glimmora|move: Taunt\n|move|p1a: Glimmora|Mortal Spin|p2a: Banette\n|-resisted|p2a: Banette\n|-damage|p2a: Banette|96\/100\n|-status|p2a: Banette|psn\n|\n|-damage|p2a: Banette|84\/100 psn|[from] psn\n|upkeep\n|turn|2\n|c|\u2606hsenb\u59da\u67d0|\u65e9\u4e0a\u597d\n|\n|t:|1699664093\n|move|p1a: Glimmora|Earth Power|p2a: Banette\n|-damage|p2a: Banette|42\/100 psn\n|move|p2a: Banette|Poltergeist|p1a: Glimmora\n|-activate|p1a: Glimmora|move: Poltergeist|Focus Sash\n|-damage|p1a: Glimmora|1\/100\n|-activate|p1a: Glimmora|ability: Toxic Debris\n|-sidestart|p2: lpclpc|move: Toxic Spikes\n|\n|-damage|p2a: Banette|30\/100 psn|[from] psn\n|upkeep\n|turn|3\n|\n|t:|1699664105\n|-activate|p1a: Glimmora|move: Pursuit\n|move|p2a: Banette|Pursuit|p1a: Glimmora|[from]Pursuit\n|-damage|p1a: Glimmora|0 fnt\n|-activate|p1a: Glimmora|ability: Toxic Debris\n|-sidestart|p2: lpclpc|move: Toxic Spikes\n|faint|p1a: Glimmora\n|-hint|A Pokemon can't switch between when it runs out of HP and when it faints\n|\n|-damage|p2a: Banette|18\/100 psn|[from] psn\n|upkeep\n|\n|t:|1699664114\n|switch|p1a: Kleavor|Kleavor, F|100\/100\n|turn|4\n|\n|t:|1699664120\n|switch|p1a: Garganacl|Garganacl, M|100\/100\n|move|p2a: Banette|Destiny Bond|p2a: Banette\n|-singlemove|p2a: Banette|Destiny Bond\n|\n|-damage|p2a: Banette|5\/100 psn|[from] psn\n|upkeep\n|turn|5\n|c|\u2606lpclpc|\u5e05\n|\n|t:|1699664144\n|move|p1a: Garganacl|Protect|p1a: Garganacl\n|-singleturn|p1a: Garganacl|Protect\n|move|p2a: Banette|Poltergeist|p1a: Garganacl\n|-activate|p1a: Garganacl|move: Protect\n|\n|-damage|p2a: Banette|0 fnt|[from] psn\n|faint|p2a: Banette\n|upkeep\n|\n|t:|1699664154\n|switch|p2a: Zapdos|Zapdos|100\/100\n|turn|6\n|\n|t:|1699664163\n|move|p2a: Zapdos|Volt Switch|p1a: Garganacl\n|-damage|p1a: Garganacl|82\/100\n|\n|t:|1699664173\n|switch|p2a: Tapu Koko|Tapu Koko|100\/100|[from] Volt Switch\n|-status|p2a: Tapu Koko|tox\n|-fieldstart|move: Electric Terrain|[from] ability: Electric Surge|[of] p2a: Tapu Koko\n|move|p1a: Garganacl|Salt Cure|p2a: Tapu Koko\n|-damage|p2a: Tapu Koko|80\/100 tox\n|-start|p2a: Tapu Koko|Salt Cure\n|\n|-heal|p1a: Garganacl|89\/100|[from] item: Leftovers\n|-damage|p2a: Tapu Koko|74\/100 tox|[from] psn\n|-damage|p2a: Tapu Koko|61\/100 tox|[from] Salt Cure\n|upkeep\n|turn|7\n|\n|t:|1699664177\n|move|p1a: Garganacl|Protect|p1a: Garganacl\n|-singleturn|p1a: Garganacl|Protect\n|-zpower|p2a: Tapu Koko\n|move|p2a: Tapu Koko|Gigavolt Havoc|p1a: Garganacl|[zeffect]\n|-zbroken|p1a: Garganacl\n|-damage|p1a: Garganacl|76\/100\n|\n|-heal|p1a: Garganacl|83\/100|[from] item: Leftovers\n|-damage|p2a: Tapu Koko|49\/100 tox|[from] psn\n|-damage|p2a: Tapu Koko|37\/100 tox|[from] Salt Cure\n|upkeep\n|turn|8\n|\n|t:|1699664189\n|move|p2a: Tapu Koko|Volt Switch|p1a: Garganacl\n|-damage|p1a: Garganacl|60\/100\n|\n|t:|1699664192\n|switch|p2a: Zapdos|Zapdos|100\/100|[from] Volt Switch\n|move|p1a: Garganacl|Salt Cure|p2a: Zapdos\n|-supereffective|p2a: Zapdos\n|-damage|p2a: Zapdos|82\/100\n|-start|p2a: Zapdos|Salt Cure\n|\n|-heal|p1a: Garganacl|66\/100|[from] item: Leftovers\n|-damage|p2a: Zapdos|69\/100|[from] Salt Cure\n|upkeep\n|turn|9\n|\n|t:|1699664200\n|move|p2a: Zapdos|Roost|p2a: Zapdos\n|-heal|p2a: Zapdos|100\/100\n|-singleturn|p2a: Zapdos|move: Roost\n|move|p1a: Garganacl|Recover|p1a: Garganacl\n|-heal|p1a: Garganacl|100\/100\n|\n|-damage|p2a: Zapdos|88\/100|[from] Salt Cure\n|upkeep\n|turn|10\n|\n|t:|1699664205\n|move|p1a: Garganacl|Protect|p1a: Garganacl\n|-singleturn|p1a: Garganacl|Protect\n|move|p2a: Zapdos|Defog|p1a: Garganacl\n|-activate|p1a: Garganacl|move: Protect\n|\n|-damage|p2a: Zapdos|76\/100|[from] Salt Cure\n|-fieldend|move: Electric Terrain\n|upkeep\n|turn|11\n|\n|t:|1699664210\n|switch|p1a: Kleavor|Kleavor, F|100\/100\n|move|p2a: Zapdos|Defog|p1a: Kleavor\n|-unboost|p1a: Kleavor|evasion|1\n|-sideend|p2: lpclpc|Toxic Spikes|[from] move: Defog|[of] p2a: Zapdos\n|\n|-damage|p2a: Zapdos|64\/100|[from] Salt Cure\n|upkeep\n|turn|12\n|\n|t:|1699664216\n|switch|p2a: Tapu Koko|Tapu Koko|37\/100 tox\n|-fieldstart|move: Electric Terrain|[from] ability: Electric Surge|[of] p2a: Tapu Koko\n|move|p1a: Kleavor|Stone Axe|p2a: Tapu Koko\n|-damage|p2a: Tapu Koko|0 fnt\n|-sidestart|p2: lpclpc|move: Stealth Rock\n|faint|p2a: Tapu Koko\n|\n|upkeep\n|\n|t:|1699664224\n|switch|p2a: Iron Valiant|Iron Valiant|100\/100\n|-damage|p2a: Iron Valiant|94\/100|[from] Stealth Rock\n|-activate|p2a: Iron Valiant|ability: Quark Drive\n|-start|p2a: Iron Valiant|quarkdrivespe\n|turn|13\n|\n|t:|1699664237\n|switch|p1a: Arcanine|Arcanine-Hisui, F|100\/100\n|move|p2a: Iron Valiant|Moonblast|p1a: Arcanine\n|-resisted|p1a: Arcanine\n|-damage|p1a: Arcanine|71\/100\n|-unboost|p1a: Arcanine|spa|1\n|\n|upkeep\n|turn|14\n|\n|t:|1699664246\n|move|p2a: Iron Valiant|Close Combat|p1a: Arcanine\n|-supereffective|p1a: Arcanine\n|-damage|p1a: Arcanine|0 fnt\n|-unboost|p2a: Iron Valiant|def|1\n|-unboost|p2a: Iron Valiant|spd|1\n|faint|p1a: Arcanine\n|\n|upkeep\n|\n|t:|1699664253\n|switch|p1a: Kleavor|Kleavor, F|100\/100\n|turn|15\n|\n|t:|1699664269\n|move|p2a: Iron Valiant|Destiny Bond|p2a: Iron Valiant\n|-singlemove|p2a: Iron Valiant|Destiny Bond\n|move|p1a: Kleavor|Psycho Cut|p2a: Iron Valiant\n|-supereffective|p2a: Iron Valiant\n|-damage|p2a: Iron Valiant|0 fnt\n|faint|p2a: Iron Valiant\n|-activate|p2a: Iron Valiant|move: Destiny Bond\n|-end|p2a: Iron Valiant|Quark Drive|[silent]\n|faint|p1a: Kleavor\n|\n|upkeep\n|j| Ghowex\n|\n|t:|1699664282\n|switch|p2a: Zamazenta|Zamazenta|100\/100\n|switch|p1a: Diancie|Diancie|100\/100\n|-damage|p2a: Zamazenta|94\/100|[from] Stealth Rock\n|-ability|p2a: Zamazenta|Dauntless Shield|boost\n|-boost|p2a: Zamazenta|def|1\n|turn|16\n|\n|t:|1699664290\n|detailschange|p1a: Diancie|Diancie-Mega\n|-mega|p1a: Diancie|Diancie|Diancite\n|move|p2a: Zamazenta|Iron Head|p1a: Diancie\n|-supereffective|p1a: Diancie\n|-damage|p1a: Diancie|0 fnt\n|faint|p1a: Diancie\n|-damage|p2a: Zamazenta|85\/100|[from] item: Life Orb\n|\n|-fieldend|move: Electric Terrain\n|upkeep\n|\n|t:|1699664296\n|switch|p1a: Garganacl|Garganacl, M|100\/100\n|turn|17\n|\n|t:|1699664314\n|-terastallize|p2a: Zamazenta|Fighting\n|-terastallize|p1a: Garganacl|Ghost\n|move|p2a: Zamazenta|Close Combat|p1a: Garganacl\n|-immune|p1a: Garganacl\n|move|p1a: Garganacl|Iron Defense|p1a: Garganacl\n|-boost|p1a: Garganacl|def|2\n|\n|upkeep\n|turn|18\n|\n|t:|1699664333\n|switch|p2a: Heatran|Heatran, F|100\/100\n|-damage|p2a: Heatran|88\/100|[from] Stealth Rock\n|move|p1a: Garganacl|Salt Cure|p2a: Heatran\n|-damage|p2a: Heatran|76\/100\n|-start|p2a: Heatran|Salt Cure\n|\n|-heal|p2a: Heatran|82\/100|[from] item: Leftovers\n|-damage|p2a: Heatran|57\/100|[from] Salt Cure\n|upkeep\n|turn|19\n|\n|t:|1699664337\n|move|p1a: Garganacl|Protect|p1a: Garganacl\n|-singleturn|p1a: Garganacl|Protect\n|move|p2a: Heatran|Taunt|p1a: Garganacl\n|-activate|p1a: Garganacl|move: Protect\n|\n|-heal|p2a: Heatran|63\/100|[from] item: Leftovers\n|-damage|p2a: Heatran|38\/100|[from] Salt Cure\n|upkeep\n|turn|20\n|\n|t:|1699664343\n|move|p2a: Heatran|Taunt|p1a: Garganacl\n|-start|p1a: Garganacl|move: Taunt\n|move|p1a: Garganacl|Salt Cure|p2a: Heatran\n|-damage|p2a: Heatran|26\/100\n|\n|-heal|p2a: Heatran|33\/100|[from] item: Leftovers\n|-damage|p2a: Heatran|8\/100|[from] Salt Cure\n|upkeep\n|turn|21\n|\n|t:|1699664350\n|move|p2a: Heatran|Stealth Rock|p1a: Garganacl\n|-sidestart|p1: hsenb\u59da\u67d0|move: Stealth Rock\n|move|p1a: Garganacl|Salt Cure|p2a: Heatran\n|-damage|p2a: Heatran|0 fnt\n|faint|p2a: Heatran\n|\n|upkeep\n|\n|t:|1699664362\n|switch|p2a: Zapdos|Zapdos|64\/100\n|turn|22\n|\n|t:|1699664365\n|move|p2a: Zapdos|Hurricane|p1a: Garganacl\n|-damage|p1a: Garganacl|71\/100\n|-start|p1a: Garganacl|confusion\n|-activate|p1a: Garganacl|confusion\n|-damage|p1a: Garganacl|68\/100|[from] confusion\n|\n|-heal|p1a: Garganacl|74\/100|[from] item: Leftovers\n|-end|p1a: Garganacl|move: Taunt\n|upkeep\n|turn|23\n|\n|t:|1699664381\n|switch|p1a: Nihilego|Nihilego|100\/100\n|-damage|p1a: Nihilego|88\/100|[from] Stealth Rock\n|move|p2a: Zapdos|Volt Switch|p1a: Nihilego\n|-damage|p1a: Nihilego|66\/100\n|\n|t:|1699664389\n|switch|p2a: Zamazenta|Zamazenta, tera:Fighting|85\/100|[from] Volt Switch\n|-damage|p2a: Zamazenta|78\/100|[from] Stealth Rock\n|\n|upkeep\n|turn|24\n|\n|t:|1699664393\n|move|p2a: Zamazenta|Iron Head|p1a: Nihilego\n|-supereffective|p1a: Nihilego\n|-damage|p1a: Nihilego|0 fnt\n|faint|p1a: Nihilego\n|-damage|p2a: Zamazenta|69\/100|[from] item: Life Orb\n|\n|upkeep\n|\n|t:|1699664395\n|switch|p1a: Garganacl|Garganacl, M, tera:Ghost|74\/100\n|-damage|p1a: Garganacl|61\/100|[from] Stealth Rock\n|turn|25\n|\n|t:|1699664398\n|move|p2a: Zamazenta|Crunch|p1a: Garganacl\n|-supereffective|p1a: Garganacl\n|-damage|p1a: Garganacl|13\/100\n|-unboost|p1a: Garganacl|def|1\n|-damage|p2a: Zamazenta|59\/100|[from] item: Life Orb\n|move|p1a: Garganacl|Recover|p1a: Garganacl\n|-heal|p1a: Garganacl|63\/100\n|\n|-heal|p1a: Garganacl|69\/100|[from] item: Leftovers\n|upkeep\n|turn|26\n|\n|t:|1699664405\n|move|p1a: Garganacl|Protect|p1a: Garganacl\n|-singleturn|p1a: Garganacl|Protect\n|move|p2a: Zamazenta|Crunch|p1a: Garganacl\n|-activate|p1a: Garganacl|move: Protect\n|\n|-heal|p1a: Garganacl|75\/100|[from] item: Leftovers\n|upkeep\n|turn|27\n|c|\u2606lpclpc|gg\n|\n|t:|1699664419\n|move|p2a: Zamazenta|Crunch|p1a: Garganacl\n|-supereffective|p1a: Garganacl\n|-damage|p1a: Garganacl|1\/100\n|-unboost|p1a: Garganacl|def|1\n|-damage|p2a: Zamazenta|49\/100|[from] item: Life Orb\n|move|p1a: Garganacl|Salt Cure|p2a: Zamazenta\n|-resisted|p2a: Zamazenta\n|-damage|p2a: Zamazenta|43\/100\n|-start|p2a: Zamazenta|Salt Cure\n|\n|-heal|p1a: Garganacl|7\/100|[from] item: Leftovers\n|-damage|p2a: Zamazenta|31\/100|[from] Salt Cure\n|upkeep\n|turn|28\n|\n|t:|1699664426\n|move|p1a: Garganacl|Protect|p1a: Garganacl\n|-singleturn|p1a: Garganacl|Protect\n|move|p2a: Zamazenta|Crunch|p1a: Garganacl\n|-activate|p1a: Garganacl|move: Protect\n|\n|-heal|p1a: Garganacl|13\/100|[from] item: Leftovers\n|-damage|p2a: Zamazenta|19\/100|[from] Salt Cure\n|upkeep\n|turn|29\n|\n|t:|1699664430\n|move|p2a: Zamazenta|Crunch|p1a: Garganacl\n|-supereffective|p1a: Garganacl\n|-damage|p1a: Garganacl|0 fnt\n|faint|p1a: Garganacl\n|-damage|p2a: Zamazenta|9\/100|[from] item: Life Orb\n|\n|win|lpclpc\n|raw|hsenb\u59da\u67d0's rating: 1636 &rarr; <strong>1616<\/strong><br \/>(-20 for losing)\n|raw|lpclpc's rating: 1643 &rarr; <strong>1663<\/strong><br \/>(+20 for winning)\n|l|\u2606hsenb\u59da\u67d0\n|c|\u2606lpclpc|\u8fd9\u5c31\u662f\u547d\u7389\u76fe\u72d7\n|j| lalacna\n","uploadtime":1699664602,"views":5,"p1id":"hsenb","p2id":"lpclpc","formatid":"gen9nationaldex","rating":1616,"private":0,"password":""}