{"id":"gen9nationaldex-1997154617","p1":"st.john52","p2":"markthespark12","format":"[Gen 9] National Dex","log":"|html|<div class=\"broadcast-blue\"><strong>[Gen 9] National Dex is currently suspecting Sneasler! For information on how to participate check out the <a href=\"https:\/\/www.smogon.com\/forums\/threads\/sv-national-dex-suspect-8-just-dance.3731534\/\">suspect thread<\/a>.<\/strong><\/div>\n|j|\u2606st.john52\n|j|\u2606markthespark12\n|t:|1700770058\n|gametype|singles\n|player|p1|st.john52|clay|1148\n|player|p2|markthespark12|steven|1208\n|teamsize|p1|6\n|teamsize|p2|6\n|gen|9\n|tier|[Gen 9] National Dex\n|rated|\n|rule|HP Percentage Mod: HP is shown in percentages\n|rule|Endless Battle Clause: Forcing endless battles is banned\n|rule|OHKO Clause: OHKO moves are banned\n|rule|Evasion Clause: Evasion abilities, items, and moves are banned\n|rule|Evasion Abilities Clause: Evasion abilities are banned\n|rule|Evasion Items Clause: Evasion items are banned\n|rule|Evasion Moves Clause: Evasion moves are banned\n|rule|Species Clause: Limit one of each Pok\u00e9mon\n|rule|Sleep Clause Mod: Limit one foe put to sleep\n|clearpoke\n|poke|p1|Mimikyu, M|\n|poke|p1|Vikavolt, M|\n|poke|p1|Bewear, M|\n|poke|p1|Wishiwashi, M|\n|poke|p1|Incineroar, M|\n|poke|p1|Silvally-*|\n|poke|p2|Zapdos-Galar|\n|poke|p2|Slowbro-Galar, F|\n|poke|p2|Typhlosion-Hisui, F|\n|poke|p2|Cramorant, M|\n|poke|p2|Sceptile, M|\n|poke|p2|Krookodile, F|\n|teampreview\n|inactive|Battle timer is ON: inactive players will automatically lose when time's up. (requested by st.john52)\n|\n|t:|1700770071\n|start\n|switch|p1a: Bewear|Bewear, M, shiny|100\/100\n|switch|p2a: Slowbro|Slowbro-Galar, F, shiny|100\/100\n|-item|p2a: Slowbro|Air Balloon\n|turn|1\n|\n|t:|1700770082\n|move|p1a: Bewear|Close Combat|p2a: Slowbro\n|-resisted|p2a: Slowbro\n|-damage|p2a: Slowbro|85\/100\n|-unboost|p1a: Bewear|def|1\n|-unboost|p1a: Bewear|spd|1\n|-enditem|p2a: Slowbro|Air Balloon\n|move|p2a: Slowbro|Shell Side Arm|p1a: Bewear|[anim] Shell Side Arm Physical\n|-damage|p1a: Bewear|69\/100\n|-hint|Physical Shell Side Arm\n|\n|-heal|p1a: Bewear|75\/100|[from] item: Leftovers\n|upkeep\n|turn|2\n|-activate|p2a: Slowbro|ability: Quick Draw\n|\n|t:|1700770092\n|move|p2a: Slowbro|Drain Punch|p1a: Bewear\n|-supereffective|p1a: Bewear\n|-damage|p1a: Bewear|40\/100\n|-heal|p2a: Slowbro|100\/100|[from] drain|[of] p1a: Bewear\n|move|p1a: Bewear|Earthquake|p2a: Slowbro\n|-supereffective|p2a: Slowbro\n|-damage|p2a: Slowbro|27\/100\n|\n|-heal|p1a: Bewear|46\/100|[from] item: Leftovers\n|upkeep\n|turn|3\n|\n|t:|1700770103\n|move|p1a: Bewear|Earthquake|p2a: Slowbro\n|-supereffective|p2a: Slowbro\n|-crit|p2a: Slowbro\n|-damage|p2a: Slowbro|0 fnt\n|faint|p2a: Slowbro\n|\n|-heal|p1a: Bewear|52\/100|[from] item: Leftovers\n|upkeep\n|\n|t:|1700770106\n|switch|p2a: Zapdos|Zapdos-Galar|100\/100\n|turn|4\n|\n|t:|1700770109\n|move|p2a: Zapdos|Brave Bird|p1a: Bewear\n|-supereffective|p1a: Bewear\n|-damage|p1a: Bewear|0 fnt\n|faint|p1a: Bewear\n|-damage|p2a: Zapdos|77\/100|[from] Recoil\n|-damage|p2a: Zapdos|67\/100|[from] item: Life Orb\n|\n|upkeep\n|\n|t:|1700770113\n|switch|p1a: Vikavolt|Vikavolt, M, shiny|100\/100\n|turn|5\n|\n|t:|1700770122\n|move|p2a: Zapdos|Blaze Kick|p1a: Vikavolt\n|-supereffective|p1a: Vikavolt\n|-damage|p1a: Vikavolt|7\/100\n|-damage|p2a: Zapdos|57\/100|[from] item: Life Orb\n|move|p1a: Vikavolt|Thunderbolt|p2a: Zapdos\n|-supereffective|p2a: Zapdos\n|-damage|p2a: Zapdos|0 fnt\n|faint|p2a: Zapdos\n|\n|upkeep\n|\n|t:|1700770127\n|switch|p2a: Cramorant|Cramorant, M, shiny|100\/100\n|turn|6\n|\n|t:|1700770141\n|move|p2a: Cramorant|Surf|p1a: Vikavolt\n|-formechange|p2a: Cramorant|Cramorant-Gulping|\n|-damage|p1a: Vikavolt|0 fnt\n|faint|p1a: Vikavolt\n|\n|upkeep\n|\n|t:|1700770149\n|switch|p1a: Incineroar|Incineroar, M, shiny|100\/100\n|-ability|p1a: Incineroar|Intimidate|boost\n|-unboost|p2a: Cramorant|atk|1\n|turn|7\n|\n|t:|1700770159\n|move|p1a: Incineroar|Fake Out|p2a: Cramorant\n|-damage|p2a: Cramorant|74\/100\n|-damage|p1a: Incineroar|75\/100|[from] ability: Gulp Missile|[of] p2a: Cramorant\n|-unboost|p1a: Incineroar|def|1\n|-formechange|p2a: Cramorant|Cramorant|\n|cant|p2a: Cramorant|flinch\n|\n|upkeep\n|turn|8\n|\n|t:|1700770171\n|switch|p1a: Silvally|Silvally-Ground, shiny|100\/100\n|move|p2a: Cramorant|Surf|p1a: Silvally\n|-formechange|p2a: Cramorant|Cramorant-Gulping|\n|-supereffective|p1a: Silvally\n|-damage|p1a: Silvally|19\/100\n|\n|upkeep\n|turn|9\n|\n|t:|1700770179\n|switch|p1a: Wishiwashi|Wishiwashi, M, shiny|100\/100\n|-formechange|p1a: Wishiwashi|Wishiwashi-School||[from] ability: Schooling\n|move|p2a: Cramorant|Surf|p1a: Wishiwashi\n|-resisted|p1a: Wishiwashi\n|-damage|p1a: Wishiwashi|82\/100\n|\n|-heal|p1a: Wishiwashi|88\/100|[from] item: Leftovers\n|upkeep\n|turn|10\n|\n|t:|1700770185\n|-terastallize|p1a: Wishiwashi|Grass\n|move|p2a: Cramorant|Hurricane|p1a: Wishiwashi|[miss]\n|-miss|p2a: Cramorant|p1a: Wishiwashi\n|move|p1a: Wishiwashi|Hidden Power|p2a: Cramorant\n|-damage|p2a: Cramorant|31\/100\n|-damage|p1a: Wishiwashi|63\/100|[from] ability: Gulp Missile|[of] p2a: Cramorant\n|-unboost|p1a: Wishiwashi|def|1\n|-formechange|p2a: Cramorant|Cramorant|\n|\n|-heal|p1a: Wishiwashi|69\/100|[from] item: Leftovers\n|upkeep\n|turn|11\n|\n|t:|1700770193\n|move|p2a: Cramorant|Surf|p1a: Wishiwashi\n|-formechange|p2a: Cramorant|Cramorant-Gorging|\n|-resisted|p1a: Wishiwashi\n|-damage|p1a: Wishiwashi|48\/100\n|move|p1a: Wishiwashi|Hidden Power|p2a: Cramorant\n|-damage|p2a: Cramorant|0 fnt\n|-damage|p1a: Wishiwashi|23\/100|[from] ability: Gulp Missile|[of] p2a: Cramorant\n|-status|p1a: Wishiwashi|par\n|-formechange|p2a: Cramorant|Cramorant|\n|faint|p2a: Cramorant\n|\n|-heal|p1a: Wishiwashi|29\/100 par|[from] item: Leftovers\n|upkeep\n|\n|t:|1700770213\n|switch|p2a: Krookodile|Krookodile, F|100\/100\n|turn|12\n|\n|t:|1700770218\n|move|p2a: Krookodile|Gunk Shot|p1a: Wishiwashi|[miss]\n|-miss|p2a: Krookodile|p1a: Wishiwashi\n|move|p1a: Wishiwashi|Ice Beam|p2a: Krookodile\n|-supereffective|p2a: Krookodile\n|-damage|p2a: Krookodile|12\/100\n|\n|-heal|p1a: Wishiwashi|35\/100 par|[from] item: Leftovers\n|upkeep\n|turn|13\n|\n|t:|1700770223\n|move|p1a: Wishiwashi|Protect|p1a: Wishiwashi\n|-singleturn|p1a: Wishiwashi|Protect\n|move|p2a: Krookodile|Gunk Shot|p1a: Wishiwashi\n|-activate|p1a: Wishiwashi|move: Protect\n|\n|-heal|p1a: Wishiwashi|41\/100 par|[from] item: Leftovers\n|upkeep\n|turn|14\n|\n|t:|1700770228\n|move|p2a: Krookodile|Gunk Shot|p1a: Wishiwashi\n|-supereffective|p1a: Wishiwashi\n|-damage|p1a: Wishiwashi|0 fnt\n|faint|p1a: Wishiwashi\n|-ability|p2a: Krookodile|Moxie|boost\n|-boost|p2a: Krookodile|atk|1\n|\n|upkeep\n|\n|t:|1700770232\n|switch|p1a: Incineroar|Incineroar, M, shiny|75\/100\n|-ability|p1a: Incineroar|Intimidate|boost\n|-unboost|p2a: Krookodile|atk|1\n|turn|15\n|\n|t:|1700770237\n|move|p1a: Incineroar|Fake Out|p2a: Krookodile\n|-damage|p2a: Krookodile|0 fnt\n|faint|p2a: Krookodile\n|\n|upkeep\n|\n|t:|1700770240\n|switch|p2a: Typhlosion|Typhlosion-Hisui, F|100\/100\n|-item|p1a: Incineroar|Incinium Z|[from] ability: Frisk|[of] p2a: Typhlosion|[identify]\n|turn|16\n|\n|t:|1700770247\n|-terastallize|p2a: Typhlosion|Fire\n|move|p2a: Typhlosion|Eruption|p1a: Incineroar\n|-resisted|p1a: Incineroar\n|-damage|p1a: Incineroar|24\/100\n|-zpower|p1a: Incineroar\n|move|p1a: Incineroar|Malicious Moonsault|p2a: Typhlosion|[zeffect]\n|-damage|p2a: Typhlosion|0 fnt\n|faint|p2a: Typhlosion\n|\n|upkeep\n|\n|t:|1700770253\n|switch|p2a: Sceptile|Sceptile, M, shiny|100\/100\n|turn|17\n|\n|t:|1700770262\n|switch|p1a: Silvally|Silvally-Ground, shiny|19\/100\n|detailschange|p2a: Sceptile|Sceptile-Mega, M, shiny\n|-mega|p2a: Sceptile|Sceptile|Sceptilite\n|move|p2a: Sceptile|Dragon Pulse|p1a: Silvally\n|-damage|p1a: Silvally|0 fnt\n|faint|p1a: Silvally\n|\n|upkeep\n|\n|t:|1700770269\n|switch|p1a: Incineroar|Incineroar, M, shiny|24\/100\n|-ability|p1a: Incineroar|Intimidate|boost\n|-unboost|p2a: Sceptile|atk|1\n|turn|18\n|\n|t:|1700770290\n|move|p1a: Incineroar|Fake Out|p2a: Sceptile\n|-damage|p2a: Sceptile|81\/100\n|cant|p2a: Sceptile|flinch\n|\n|upkeep\n|turn|19\n|\n|t:|1700770293\n|move|p2a: Sceptile|Dragon Pulse|p1a: Incineroar\n|-damage|p1a: Incineroar|0 fnt\n|faint|p1a: Incineroar\n|\n|upkeep\n|\n|t:|1700770295\n|switch|p1a: Mimikyu|Mimikyu, M, shiny|100\/100\n|turn|20\n|\n|t:|1700770299\n|move|p2a: Sceptile|Energy Ball|p1a: Mimikyu\n|-activate|p1a: Mimikyu|ability: Disguise\n|-damage|p1a: Mimikyu|100\/100\n|detailschange|p1a: Mimikyu|Mimikyu-Busted, M, shiny\n|-damage|p1a: Mimikyu|88\/100|[from] pokemon: Mimikyu-Busted\n|move|p1a: Mimikyu|Swords Dance|p1a: Mimikyu\n|-boost|p1a: Mimikyu|atk|2\n|\n|-heal|p1a: Mimikyu|94\/100|[from] item: Leftovers\n|upkeep\n|turn|21\n|\n|t:|1700770315\n|move|p2a: Sceptile|Energy Ball|p1a: Mimikyu\n|-damage|p1a: Mimikyu|25\/100\n|move|p1a: Mimikyu|Leech Life|p2a: Sceptile\n|-supereffective|p2a: Sceptile\n|-damage|p2a: Sceptile|0 fnt\n|-heal|p1a: Mimikyu|70\/100|[from] drain|[of] p2a: Sceptile\n|faint|p2a: Sceptile\n|\n|win|st.john52\n|raw|st.john52's rating: 1148 &rarr; <strong>1177<\/strong><br \/>(+29 for winning)\n|raw|markthespark12's rating: 1208 &rarr; <strong>1179<\/strong><br \/>(-29 for losing)\n|l|\u2606markthespark12\n","uploadtime":1700770331,"views":3,"p1id":"stjohn52","p2id":"markthespark12","formatid":"gen9nationaldex","rating":1177,"private":0,"password":""}