{"id":"gen9nationaldex-1990238414","p1":"mtyqjltz5","p2":"HaxorusKilometer","format":"[Gen 9] National Dex","log":"|j|\u2606mtyqjltz5\n|j|\u2606HaxorusKilometer\n|t:|1699942445\n|gametype|singles\n|player|p1|mtyqjltz5|elesa|1277\n|player|p2|HaxorusKilometer|ghetsis-gen5bw|1329\n|teamsize|p1|6\n|teamsize|p2|6\n|gen|9\n|tier|[Gen 9] National Dex\n|rated|\n|rule|HP Percentage Mod: HP is shown in percentages\n|rule|Endless Battle Clause: Forcing endless battles is banned\n|rule|OHKO Clause: OHKO moves are banned\n|rule|Evasion Clause: Evasion abilities, items, and moves are banned\n|rule|Evasion Abilities Clause: Evasion abilities are banned\n|rule|Evasion Items Clause: Evasion items are banned\n|rule|Evasion Moves Clause: Evasion moves are banned\n|rule|Species Clause: Limit one of each Pok\u00e9mon\n|rule|Sleep Clause Mod: Limit one foe put to sleep\n|clearpoke\n|poke|p1|Beedrill, M|\n|poke|p1|Chansey, F|\n|poke|p1|Garchomp, M|\n|poke|p1|Urshifu-*, M|\n|poke|p1|Zapdos|\n|poke|p1|Tapu Lele|\n|poke|p2|Gliscor, F|\n|poke|p2|Garganacl, F|\n|poke|p2|Chansey, F|\n|poke|p2|Toxapex, M|\n|poke|p2|Tyranitar, M|\n|poke|p2|Diancie|\n|teampreview\n|inactive|Battle timer is ON: inactive players will automatically lose when time's up. (requested by HaxorusKilometer)\n|\n|t:|1699942470\n|start\n|switch|p1a: Urshifu|Urshifu-Rapid-Strike, M|100\/100\n|switch|p2a: Garganacl|Garganacl, F|100\/100\n|turn|1\n|\n|t:|1699942478\n|switch|p2a: Toxapex|Toxapex, M|100\/100\n|move|p1a: Urshifu|Surging Strikes|p2a: Toxapex\n|-resisted|p2a: Toxapex\n|-crit|p2a: Toxapex\n|-damage|p2a: Toxapex|94\/100\n|-resisted|p2a: Toxapex\n|-crit|p2a: Toxapex\n|-damage|p2a: Toxapex|88\/100\n|-resisted|p2a: Toxapex\n|-crit|p2a: Toxapex\n|-damage|p2a: Toxapex|81\/100\n|-hitcount|p2a: Toxapex|3\n|\n|upkeep\n|turn|2\n|\n|t:|1699942484\n|switch|p1a: Chansey|Chansey, F|100\/100\n|move|p2a: Toxapex|Toxic|p1a: Chansey\n|-status|p1a: Chansey|tox\n|\n|-damage|p1a: Chansey|94\/100 tox|[from] psn\n|upkeep\n|turn|3\n|\n|t:|1699942490\n|move|p2a: Toxapex|Scald|p1a: Chansey\n|-damage|p1a: Chansey|89\/100 tox\n|move|p1a: Chansey|Teleport|p1a: Chansey\n|\n|t:|1699942494\n|-curestatus|p1a: Chansey|tox|[from] ability: Natural Cure\n|switch|p1a: Beedrill|Beedrill, M|100\/100|[from] Teleport\n|\n|upkeep\n|turn|4\n|\n|t:|1699942508\n|switch|p2a: Garganacl|Garganacl, F|100\/100\n|detailschange|p1a: Beedrill|Beedrill-Mega, M\n|-mega|p1a: Beedrill|Beedrill|Beedrillite\n|move|p1a: Beedrill|Knock Off|p2a: Garganacl\n|-damage|p2a: Garganacl|83\/100\n|-enditem|p2a: Garganacl|Leftovers|[from] move: Knock Off|[of] p1a: Beedrill\n|\n|upkeep\n|turn|5\n|\n|t:|1699942513\n|move|p1a: Beedrill|Drill Run|p2a: Garganacl\n|-supereffective|p2a: Garganacl\n|-damage|p2a: Garganacl|51\/100\n|move|p2a: Garganacl|Stealth Rock|p1a: Beedrill\n|-sidestart|p1: mtyqjltz5|move: Stealth Rock\n|\n|upkeep\n|turn|6\n|\n|t:|1699942520\n|move|p1a: Beedrill|U-turn|p2a: Garganacl\n|-damage|p2a: Garganacl|22\/100\n|\n|t:|1699942543\n|switch|p1a: Tapu Lele|Tapu Lele|100\/100|[from] U-turn\n|-damage|p1a: Tapu Lele|88\/100|[from] Stealth Rock\n|-fieldstart|move: Psychic Terrain|[from] ability: Psychic Surge|[of] p1a: Tapu Lele\n|move|p2a: Garganacl|Recover|p2a: Garganacl\n|-heal|p2a: Garganacl|72\/100\n|\n|upkeep\n|turn|7\n|inactive|HaxorusKilometer has 120 seconds left.\n|\n|t:|1699942580\n|move|p1a: Tapu Lele|Moonblast|p2a: Garganacl\n|-damage|p2a: Garganacl|26\/100\n|move|p2a: Garganacl|Salt Cure|p1a: Tapu Lele\n|-damage|p1a: Tapu Lele|67\/100\n|-start|p1a: Tapu Lele|Salt Cure\n|\n|-damage|p1a: Tapu Lele|54\/100|[from] Salt Cure\n|upkeep\n|turn|8\n|inactive|HaxorusKilometer has 120 seconds left.\n|inactive|mtyqjltz5 has 120 seconds left.\n|\n|t:|1699942607\n|switch|p1a: Urshifu|Urshifu-Rapid-Strike, M|100\/100\n|-damage|p1a: Urshifu|94\/100|[from] Stealth Rock\n|switch|p2a: Toxapex|Toxapex, M|100\/100\n|\n|upkeep\n|turn|9\n|\n|t:|1699942615\n|switch|p1a: Chansey|Chansey, F|89\/100\n|-damage|p1a: Chansey|76\/100|[from] Stealth Rock\n|move|p2a: Toxapex|Toxic|p1a: Chansey\n|-status|p1a: Chansey|tox\n|\n|-damage|p1a: Chansey|70\/100 tox|[from] psn\n|upkeep\n|turn|10\n|inactive|mtyqjltz5 has 120 seconds left.\n|\n|t:|1699942626\n|switch|p2a: Tyranitar|Tyranitar, M, shiny|100\/100\n|-weather|Sandstorm|[from] ability: Sand Stream|[of] p2a: Tyranitar\n|move|p1a: Chansey|Teleport|p1a: Chansey\n|inactive|mtyqjltz5 has 120 seconds left.\n|\n|t:|1699942644\n|-curestatus|p1a: Chansey|tox|[from] ability: Natural Cure\n|switch|p1a: Garchomp|Garchomp, M, shiny|100\/100|[from] Teleport\n|-damage|p1a: Garchomp|94\/100|[from] Stealth Rock\n|\n|-weather|Sandstorm|[upkeep]\n|-fieldend|move: Psychic Terrain\n|upkeep\n|turn|11\n|\n|t:|1699942657\n|detailschange|p2a: Tyranitar|Tyranitar-Mega, M, shiny\n|-mega|p2a: Tyranitar|Tyranitar|Tyranitarite\n|move|p1a: Garchomp|Earthquake|p2a: Tyranitar\n|-supereffective|p2a: Tyranitar\n|-damage|p2a: Tyranitar|51\/100\n|move|p2a: Tyranitar|Pursuit|p1a: Garchomp\n|-damage|p1a: Garchomp|70\/100\n|-damage|p2a: Tyranitar|39\/100|[from] ability: Rough Skin|[of] p1a: Garchomp\n|\n|-weather|Sandstorm|[upkeep]\n|upkeep\n|turn|12\n|\n|t:|1699942667\n|switch|p2a: Gliscor|Gliscor, F|100\/100\n|move|p1a: Garchomp|Earthquake|p2a: Gliscor\n|-immune|p2a: Gliscor\n|\n|-weather|Sandstorm|[upkeep]\n|-status|p2a: Gliscor|tox|[from] item: Toxic Orb\n|upkeep\n|turn|13\n|\n|t:|1699942674\n|move|p1a: Garchomp|Swords Dance|p1a: Garchomp\n|-boost|p1a: Garchomp|atk|2\n|move|p2a: Gliscor|Earthquake|p1a: Garchomp\n|-damage|p1a: Garchomp|38\/100\n|\n|-weather|Sandstorm|[upkeep]\n|upkeep\n|turn|14\n|inactive|mtyqjltz5 has 120 seconds left.\n|\n|t:|1699942704\n|-zpower|p1a: Garchomp\n|move|p1a: Garchomp|Devastating Drake|p2a: Gliscor|[zeffect]\n|-damage|p2a: Gliscor|0 fnt\n|faint|p2a: Gliscor\n|\n|-weather|none\n|upkeep\n|\n|t:|1699942720\n|switch|p2a: Toxapex|Toxapex, M|100\/100\n|turn|15\n|\n|t:|1699942723\n|-terastallize|p2a: Toxapex|Dragon\n|move|p1a: Garchomp|Earthquake|p2a: Toxapex\n|-damage|p2a: Toxapex|36\/100\n|move|p2a: Toxapex|Scald|p1a: Garchomp\n|-crit|p1a: Garchomp\n|-damage|p1a: Garchomp|9\/100\n|\n|upkeep\n|turn|16\n|-message|HaxorusKilometer forfeited.\n|\n|win|mtyqjltz5\n|raw|mtyqjltz5's rating: 1277 &rarr; <strong>1306<\/strong><br \/>(+29 for winning)\n|raw|HaxorusKilometer's rating: 1329 &rarr; <strong>1306<\/strong><br \/>(-23 for losing)\n|l|\u2606HaxorusKilometer\n","uploadtime":1699942740,"views":7,"p1id":"mtyqjltz5","p2id":"haxoruskilometer","formatid":"gen9nationaldex","rating":1306,"private":0,"password":""}