{"id":"gen9nationaldex-1988868195","p1":"Souravgotthepkmn1","p2":"Dhaval101","format":"[Gen 9] National Dex","log":"|j|\u2606Souravgotthepkmn1\n|j|\u2606Dhaval101\n|t:|1699777319\n|gametype|singles\n|player|p1|Souravgotthepkmn1|gambler|\n|player|p2|Dhaval101|riley|\n|teamsize|p1|6\n|teamsize|p2|6\n|gen|9\n|tier|[Gen 9] National Dex\n|rule|HP Percentage Mod: HP is shown in percentages\n|rule|Endless Battle Clause: Forcing endless battles is banned\n|rule|OHKO Clause: OHKO moves are banned\n|rule|Evasion Clause: Evasion abilities, items, and moves are banned\n|rule|Evasion Abilities Clause: Evasion abilities are banned\n|rule|Evasion Items Clause: Evasion items are banned\n|rule|Evasion Moves Clause: Evasion moves are banned\n|rule|Species Clause: Limit one of each Pok\u00e9mon\n|rule|Sleep Clause Mod: Limit one foe put to sleep\n|clearpoke\n|poke|p1|Mawile, M|\n|poke|p1|Sneasler, M|\n|poke|p1|Rillaboom, M|\n|poke|p1|Kingdra, M|\n|poke|p1|Dracozolt|\n|poke|p1|Skeledirge, F|\n|poke|p2|Barbaracle, M|\n|poke|p2|Iron Valiant|\n|poke|p2|Aegislash, M|\n|poke|p2|Rillaboom, M|\n|poke|p2|Cinderace, M|\n|poke|p2|Venusaur, F|\n|teampreview\n|\n|t:|1699777335\n|start\n|switch|p1a: Dracozolt|Dracozolt|100\/100\n|switch|p2a: Venusaur|Venusaur, F|100\/100\n|turn|1\n|\n|t:|1699777347\n|detailschange|p2a: Venusaur|Venusaur-Mega, F\n|-mega|p2a: Venusaur|Venusaur|Venusaurite\n|move|p1a: Dracozolt|Thunder Wave|p2a: Venusaur\n|-status|p2a: Venusaur|par\n|move|p2a: Venusaur|Earth Power|p1a: Dracozolt\n|-supereffective|p1a: Dracozolt\n|-damage|p1a: Dracozolt|10\/100\n|\n|upkeep\n|turn|2\n|\n|t:|1699777365\n|switch|p1a: Kingdra|Kingdra, M|100\/100\n|cant|p2a: Venusaur|par\n|\n|upkeep\n|turn|3\n|\n|t:|1699777371\n|move|p1a: Kingdra|Rain Dance|p1a: Kingdra\n|-weather|RainDance\n|cant|p2a: Venusaur|par\n|\n|-weather|RainDance|[upkeep]\n|upkeep\n|turn|4\n|\n|t:|1699777380\n|move|p1a: Kingdra|Hurricane|p2a: Venusaur\n|-supereffective|p2a: Venusaur\n|-damage|p2a: Venusaur|47\/100 par\n|-start|p2a: Venusaur|confusion\n|-activate|p2a: Venusaur|confusion\n|move|p2a: Venusaur|Frenzy Plant|p1a: Kingdra\n|-damage|p1a: Kingdra|4\/100\n|-mustrecharge|p2a: Venusaur\n|\n|-weather|RainDance|[upkeep]\n|upkeep\n|turn|5\n|\n|t:|1699777390\n|move|p1a: Kingdra|Hurricane|p2a: Venusaur\n|-supereffective|p2a: Venusaur\n|-damage|p2a: Venusaur|0 fnt\n|faint|p2a: Venusaur\n|\n|-weather|RainDance|[upkeep]\n|upkeep\n|\n|t:|1699777398\n|switch|p2a: Iron Valiant|Iron Valiant|100\/100\n|-enditem|p2a: Iron Valiant|Booster Energy\n|-activate|p2a: Iron Valiant|ability: Quark Drive|[fromitem]\n|-start|p2a: Iron Valiant|quarkdrivespe\n|turn|6\n|\n|t:|1699777405\n|move|p1a: Kingdra|Hurricane|p2a: Iron Valiant\n|-supereffective|p2a: Iron Valiant\n|-crit|p2a: Iron Valiant\n|-damage|p2a: Iron Valiant|0 fnt\n|faint|p2a: Iron Valiant\n|-end|p2a: Iron Valiant|Quark Drive|[silent]\n|\n|-weather|RainDance|[upkeep]\n|upkeep\n|\n|t:|1699777418\n|switch|p2a: Cinderace|Cinderace, M|100\/100\n|turn|7\n|\n|t:|1699777423\n|move|p2a: Cinderace|Sucker Punch|p1a: Kingdra\n|-start|p2a: Cinderace|typechange|Dark|[from] ability: Libero\n|-damage|p1a: Kingdra|0 fnt\n|faint|p1a: Kingdra\n|\n|-weather|RainDance|[upkeep]\n|upkeep\n|\n|t:|1699777443\n|switch|p1a: Dracozolt|Dracozolt|10\/100\n|turn|8\n|\n|t:|1699777448\n|move|p2a: Cinderace|Sucker Punch||[still]\n|-fail|p2a: Cinderace\n|move|p1a: Dracozolt|Thunder Wave|p2a: Cinderace|[miss]\n|-miss|p1a: Dracozolt|p2a: Cinderace\n|\n|-weather|RainDance|[upkeep]\n|upkeep\n|turn|9\n|\n|t:|1699777468\n|switch|p1a: Rillaboom|Rillaboom, M|100\/100\n|-fieldstart|move: Grassy Terrain|[from] ability: Grassy Surge|[of] p1a: Rillaboom\n|move|p2a: Cinderace|Pyro Ball|p1a: Rillaboom\n|-supereffective|p1a: Rillaboom\n|-damage|p1a: Rillaboom|55\/100\n|\n|-weather|RainDance|[upkeep]\n|-heal|p1a: Rillaboom|61\/100|[from] Grassy Terrain\n|upkeep\n|turn|10\n|\n|t:|1699777483\n|move|p2a: Cinderace|High Jump Kick|p1a: Rillaboom\n|-damage|p1a: Rillaboom|12\/100\n|move|p1a: Rillaboom|Drain Punch|p2a: Cinderace\n|-supereffective|p2a: Cinderace\n|-damage|p2a: Cinderace|23\/100\n|-heal|p1a: Rillaboom|46\/100|[from] drain|[of] p2a: Cinderace\n|\n|-weather|none\n|-heal|p2a: Cinderace|29\/100|[from] Grassy Terrain\n|-heal|p1a: Rillaboom|52\/100|[from] Grassy Terrain\n|upkeep\n|turn|11\n|\n|t:|1699777496\n|move|p2a: Cinderace|High Jump Kick|p1a: Rillaboom\n|-damage|p1a: Rillaboom|6\/100\n|move|p1a: Rillaboom|Drain Punch|p2a: Cinderace\n|-supereffective|p2a: Cinderace\n|-crit|p2a: Cinderace\n|-damage|p2a: Cinderace|0 fnt\n|-heal|p1a: Rillaboom|19\/100|[from] drain|[of] p2a: Cinderace\n|faint|p2a: Cinderace\n|\n|-heal|p1a: Rillaboom|25\/100|[from] Grassy Terrain\n|upkeep\n|\n|t:|1699777509\n|switch|p2a: Aegislash|Aegislash, M|100\/100\n|turn|12\n|\n|t:|1699777517\n|move|p1a: Rillaboom|Grassy Glide|p2a: Aegislash\n|-resisted|p2a: Aegislash\n|-damage|p2a: Aegislash|86\/100\n|move|p2a: Aegislash|Swords Dance|p2a: Aegislash\n|-boost|p2a: Aegislash|atk|2\n|\n|-heal|p1a: Rillaboom|31\/100|[from] Grassy Terrain\n|-heal|p2a: Aegislash|92\/100|[from] Grassy Terrain\n|-heal|p2a: Aegislash|98\/100|[from] item: Leftovers\n|upkeep\n|turn|13\n|\n|t:|1699777532\n|-formechange|p2a: Aegislash|Aegislash-Blade||[from] ability: Stance Change\n|move|p2a: Aegislash|Shadow Sneak|p1a: Rillaboom\n|-damage|p1a: Rillaboom|0 fnt\n|faint|p1a: Rillaboom\n|\n|-heal|p2a: Aegislash|100\/100|[from] Grassy Terrain\n|upkeep\n|\n|t:|1699777542\n|switch|p1a: Sneasler|Sneasler, M|100\/100\n|-enditem|p1a: Sneasler|Grassy Seed\n|-boost|p1a: Sneasler|def|1|[from] item: Grassy Seed\n|turn|14\n|\n|t:|1699777549\n|-formechange|p2a: Aegislash|Aegislash||[from] ability: Stance Change\n|move|p2a: Aegislash|King's Shield|p2a: Aegislash\n|-singleturn|p2a: Aegislash|Protect\n|move|p1a: Sneasler|Swords Dance|p1a: Sneasler\n|-boost|p1a: Sneasler|atk|2\n|\n|upkeep\n|turn|15\n|\n|t:|1699777561\n|-formechange|p2a: Aegislash|Aegislash-Blade||[from] ability: Stance Change\n|move|p2a: Aegislash|Shadow Sneak|p1a: Sneasler\n|-damage|p1a: Sneasler|48\/100\n|move|p1a: Sneasler|Acrobatics|p2a: Aegislash\n|-resisted|p2a: Aegislash\n|-damage|p2a: Aegislash|27\/100\n|\n|-heal|p1a: Sneasler|54\/100|[from] Grassy Terrain\n|-heal|p2a: Aegislash|33\/100|[from] Grassy Terrain\n|-heal|p2a: Aegislash|39\/100|[from] item: Leftovers\n|upkeep\n|turn|16\n|\n|t:|1699777577\n|move|p2a: Aegislash|Shadow Sneak|p1a: Sneasler\n|-damage|p1a: Sneasler|1\/100\n|move|p1a: Sneasler|Swords Dance|p1a: Sneasler\n|-boost|p1a: Sneasler|atk|2\n|\n|-heal|p1a: Sneasler|7\/100|[from] Grassy Terrain\n|-heal|p2a: Aegislash|46\/100|[from] Grassy Terrain\n|-heal|p2a: Aegislash|52\/100|[from] item: Leftovers\n|-fieldend|move: Grassy Terrain\n|upkeep\n|turn|17\n|\n|t:|1699777591\n|move|p2a: Aegislash|Shadow Sneak|p1a: Sneasler\n|-damage|p1a: Sneasler|0 fnt\n|faint|p1a: Sneasler\n|\n|-heal|p2a: Aegislash|58\/100|[from] item: Leftovers\n|upkeep\n|\n|t:|1699777598\n|switch|p1a: Dracozolt|Dracozolt|10\/100\n|turn|18\n|\n|t:|1699777606\n|move|p2a: Aegislash|Shadow Sneak|p1a: Dracozolt\n|-damage|p1a: Dracozolt|0 fnt\n|faint|p1a: Dracozolt\n|\n|-heal|p2a: Aegislash|64\/100|[from] item: Leftovers\n|upkeep\n|\n|t:|1699777613\n|switch|p1a: Mawile|Mawile, M|100\/100\n|turn|19\n|\n|t:|1699777619\n|detailschange|p1a: Mawile|Mawile-Mega, M\n|-mega|p1a: Mawile|Mawile|Mawilite\n|-formechange|p2a: Aegislash|Aegislash||[from] ability: Stance Change\n|move|p2a: Aegislash|King's Shield|p2a: Aegislash\n|-singleturn|p2a: Aegislash|Protect\n|move|p1a: Mawile|Swords Dance|p1a: Mawile\n|-boost|p1a: Mawile|atk|2\n|\n|-heal|p2a: Aegislash|70\/100|[from] item: Leftovers\n|upkeep\n|turn|20\n|\n|t:|1699777631\n|move|p1a: Mawile|Sucker Punch||[still]\n|-fail|p1a: Mawile\n|move|p2a: Aegislash|Swords Dance|p2a: Aegislash\n|-boost|p2a: Aegislash|atk|2\n|\n|-heal|p2a: Aegislash|76\/100|[from] item: Leftovers\n|upkeep\n|turn|21\n|\n|t:|1699777641\n|move|p2a: Aegislash|King's Shield|p2a: Aegislash\n|-singleturn|p2a: Aegislash|Protect\n|move|p1a: Mawile|Sucker Punch||[still]\n|-fail|p1a: Mawile\n|\n|-heal|p2a: Aegislash|83\/100|[from] item: Leftovers\n|upkeep\n|turn|22\n|\n|t:|1699777650\n|move|p1a: Mawile|Sucker Punch|p2a: Aegislash\n|-supereffective|p2a: Aegislash\n|-damage|p2a: Aegislash|0 fnt\n|faint|p2a: Aegislash\n|\n|upkeep\n|\n|t:|1699777658\n|switch|p2a: Barbaracle|Barbaracle, M|100\/100\n|turn|23\n|\n|t:|1699777669\n|move|p2a: Barbaracle|Liquidation|p1a: Mawile\n|-damage|p1a: Mawile|50\/100\n|move|p1a: Mawile|Swords Dance|p1a: Mawile\n|-boost|p1a: Mawile|atk|2\n|\n|upkeep\n|turn|24\n|c|\u2606Souravgotthepkmn1|!weak barbaracle\n|c| Souravgotthepkmn1|\/raw <div class=\"infobox\">Barbaracle (ignoring abilities):<br \/><span class=\"message-effect-weak\">Weaknesses<\/span>: Electric, Fighting, <b>Grass<\/b>, Ground<br \/><span class=\"message-effect-resist\">Resistances<\/span>: <b>Fire<\/b>, Flying, Ice, Normal, Poison<br \/><span class=\"message-effect-immune\">Immunities<\/span>: Sandstorm damage<\/div>\n|\n|t:|1699777681\n|move|p1a: Mawile|Sucker Punch|p2a: Barbaracle\n|-enditem|p2a: Barbaracle|Focus Sash\n|-damage|p2a: Barbaracle|1\/100\n|move|p2a: Barbaracle|Liquidation|p1a: Mawile\n|-damage|p1a: Mawile|0 fnt\n|faint|p1a: Mawile\n|\n|upkeep\n|\n|t:|1699777691\n|switch|p1a: Skeledirge|Skeledirge, F|100\/100\n|turn|25\n|\n|t:|1699777696\n|-terastallize|p1a: Skeledirge|Grass\n|move|p2a: Barbaracle|Liquidation|p1a: Skeledirge\n|-resisted|p1a: Skeledirge\n|-damage|p1a: Skeledirge|78\/100\n|move|p1a: Skeledirge|Tera Blast|p2a: Barbaracle|[anim] Tera Blast Grass\n|-supereffective|p2a: Barbaracle\n|-damage|p2a: Barbaracle|0 fnt\n|faint|p2a: Barbaracle\n|\n|upkeep\n|\n|t:|1699777706\n|switch|p2a: Rillaboom|Rillaboom, M|100\/100\n|-fieldstart|move: Grassy Terrain|[from] ability: Grassy Surge|[of] p2a: Rillaboom\n|turn|26\n|\n|t:|1699777724\n|-terastallize|p2a: Rillaboom|Fighting\n|move|p2a: Rillaboom|Drain Punch|p1a: Skeledirge\n|-damage|p1a: Skeledirge|23\/100\n|move|p1a: Skeledirge|Torch Song|p2a: Rillaboom\n|-damage|p2a: Rillaboom|17\/100\n|-boost|p1a: Skeledirge|spa|1\n|\n|-heal|p2a: Rillaboom|23\/100|[from] Grassy Terrain\n|-heal|p1a: Skeledirge|29\/100|[from] Grassy Terrain\n|upkeep\n|turn|27\n|inactive|Battle timer is ON: inactive players will automatically lose when time's up. (requested by Souravgotthepkmn1)\n|\n|t:|1699777740\n|move|p2a: Rillaboom|Drain Punch|p1a: Skeledirge\n|-damage|p1a: Skeledirge|0 fnt\n|-heal|p2a: Rillaboom|40\/100|[from] drain|[of] p1a: Skeledirge\n|faint|p1a: Skeledirge\n|\n|win|Dhaval101\n|l|\u2606Dhaval101\n|l|\u2606Souravgotthepkmn1\n|j|\u2606Souravgotthepkmn1\n|player|p1|Souravgotthepkmn1|gambler\n|l|\u2606Souravgotthepkmn1\n|player|p1|\n|j|\u2606Souravgotthepkmn1\n|player|p1|Souravgotthepkmn1|gambler\n","uploadtime":1699778500,"views":13,"p1id":"souravgotthepkmn1","p2id":"dhaval101","formatid":"gen9nationaldex","rating":0,"private":0,"password":""}