{"id":"gen9nationaldex-1995860050","p1":"marcoloureiro","p2":"CryoIthink","format":"[Gen 9] National Dex","log":"|html|<div class=\"broadcast-blue\"><strong>[Gen 9] National Dex is currently suspecting Sneasler! For information on how to participate check out the <a href=\"https:\/\/www.smogon.com\/forums\/threads\/sv-national-dex-suspect-8-just-dance.3731534\/\">suspect thread<\/a>.<\/strong><\/div>\n|j|\u2606marcoloureiro\n|j|\u203dCryoIthink\n|t:|1700610603\n|gametype|singles\n|player|p1|marcoloureiro|265|1271\n|player|p2|CryoIthink|turo-ai|1148\n|teamsize|p1|6\n|teamsize|p2|6\n|gen|9\n|tier|[Gen 9] National Dex\n|rated|\n|rule|HP Percentage Mod: HP is shown in percentages\n|rule|Endless Battle Clause: Forcing endless battles is banned\n|rule|OHKO Clause: OHKO moves are banned\n|rule|Evasion Clause: Evasion abilities, items, and moves are banned\n|rule|Evasion Abilities Clause: Evasion abilities are banned\n|rule|Evasion Items Clause: Evasion items are banned\n|rule|Evasion Moves Clause: Evasion moves are banned\n|rule|Species Clause: Limit one of each Pok\u00e9mon\n|rule|Sleep Clause Mod: Limit one foe put to sleep\n|clearpoke\n|poke|p1|Typhlosion, M|\n|poke|p1|Lanturn, F|\n|poke|p1|Togekiss, F|\n|poke|p1|Forretress, M|\n|poke|p1|Miltank, F|\n|poke|p1|Rillaboom, M|\n|poke|p2|Umbreon, F|\n|poke|p2|Floatzel, M|\n|poke|p2|Cacturne, F|\n|poke|p2|Noivern, F|\n|poke|p2|Aerodactyl, F|\n|poke|p2|Fezandipiti, M|\n|teampreview\n|j| moistbasket\n|l| moistbasket\n|\n|t:|1700610616\n|start\n|switch|p1a: Forretress|Forretress, M, shiny|100\/100\n|switch|p2a: Noivern|Noivern, F|100\/100\n|-item|p1a: Forretress|Red Card|[from] ability: Frisk|[of] p2a: Noivern|[identify]\n|turn|1\n|inactive|Battle timer is ON: inactive players will automatically lose when time's up. (requested by CryoIthink)\n|\n|t:|1700610624\n|move|p2a: Noivern|Taunt|p1a: Forretress\n|-start|p1a: Forretress|move: Taunt\n|cant|p1a: Forretress|move: Taunt|Stealth Rock\n|\n|upkeep\n|turn|2\n|\n|t:|1700610631\n|move|p2a: Noivern|Flamethrower|p1a: Forretress\n|-supereffective|p1a: Forretress\n|-ability|p1a: Forretress|Sturdy\n|-damage|p1a: Forretress|1\/100\n|-enditem|p1a: Forretress|Red Card|[of] p2a: Noivern\n|drag|p2a: Aerodactyl|Aerodactyl, F|100\/100\n|move|p1a: Forretress|Gyro Ball|p2a: Aerodactyl\n|-supereffective|p2a: Aerodactyl\n|-damage|p2a: Aerodactyl|0 fnt\n|faint|p2a: Aerodactyl\n|\n|upkeep\n|\n|t:|1700610653\n|switch|p2a: Floatzel|Floatzel, M|100\/100\n|turn|3\n|\n|t:|1700610665\n|move|p2a: Floatzel|Flip Turn|p1a: Forretress\n|-crit|p1a: Forretress\n|-damage|p1a: Forretress|0 fnt\n|faint|p1a: Forretress\n|-damage|p2a: Floatzel|91\/100|[from] item: Life Orb\n|inactive|CryoIthink has 120 seconds left.\n|\n|t:|1700610680\n|switch|p2a: Cacturne|Cacturne, F|100\/100|[from] Flip Turn\n|\n|upkeep\n|\n|t:|1700610689\n|switch|p1a: Typhlosion|Typhlosion, M|100\/100\n|turn|4\n|inactive|CryoIthink has 120 seconds left.\n|\n|t:|1700610704\n|switch|p2a: Floatzel|Floatzel, M|91\/100\n|move|p1a: Typhlosion|Eruption|p2a: Floatzel\n|-resisted|p2a: Floatzel\n|-damage|p2a: Floatzel|29\/100\n|\n|upkeep\n|turn|5\n|inactive|CryoIthink has 120 seconds left.\n|\n|t:|1700610724\n|switch|p2a: Noivern|Noivern, F|100\/100\n|-item|p1a: Typhlosion|Choice Scarf|[from] ability: Frisk|[of] p2a: Noivern|[identify]\n|move|p1a: Typhlosion|Eruption|p2a: Noivern\n|-resisted|p2a: Noivern\n|-damage|p2a: Noivern|52\/100\n|\n|upkeep\n|turn|6\n|inactive|CryoIthink has 120 seconds left.\n|\n|t:|1700610734\n|-terastallize|p1a: Typhlosion|Fire\n|move|p1a: Typhlosion|Eruption|p2a: Noivern\n|-resisted|p2a: Noivern\n|-damage|p2a: Noivern|0 fnt\n|faint|p2a: Noivern\n|\n|upkeep\n|inactive|CryoIthink has 120 seconds left.\n|\n|t:|1700610746\n|switch|p2a: Umbreon|Umbreon, F|100\/100\n|turn|7\n|inactive|CryoIthink has 120 seconds left.\n|\n|t:|1700610753\n|move|p1a: Typhlosion|Eruption|p2a: Umbreon\n|-damage|p2a: Umbreon|55\/100\n|move|p2a: Umbreon|Foul Play|p1a: Typhlosion\n|-damage|p1a: Typhlosion|68\/100\n|\n|-heal|p2a: Umbreon|61\/100|[from] item: Leftovers\n|upkeep\n|turn|8\n|\n|t:|1700610767\n|switch|p1a: Togekiss|Togekiss, F|100\/100\n|-terastallize|p2a: Umbreon|Dark\n|move|p2a: Umbreon|Foul Play|p1a: Togekiss\n|-resisted|p1a: Togekiss\n|-damage|p1a: Togekiss|92\/100\n|\n|-heal|p2a: Umbreon|68\/100|[from] item: Leftovers\n|upkeep\n|turn|9\n|\n|t:|1700610779\n|switch|p2a: Fezandipiti|Fezandipiti, M|100\/100\n|move|p1a: Togekiss|Draining Kiss|p2a: Fezandipiti\n|-resisted|p2a: Fezandipiti\n|-damage|p2a: Fezandipiti|88\/100\n|-heal|p1a: Togekiss|99\/100|[from] drain|[of] p2a: Fezandipiti\n|\n|-heal|p2a: Fezandipiti|94\/100|[from] item: Leftovers\n|upkeep\n|turn|10\n|\n|t:|1700610789\n|move|p2a: Fezandipiti|Calm Mind|p2a: Fezandipiti\n|-boost|p2a: Fezandipiti|spa|1\n|-boost|p2a: Fezandipiti|spd|1\n|move|p1a: Togekiss|Air Slash|p2a: Fezandipiti\n|-damage|p2a: Fezandipiti|71\/100\n|\n|-heal|p2a: Fezandipiti|77\/100|[from] item: Leftovers\n|upkeep\n|turn|11\n|\n|t:|1700610799\n|switch|p1a: Miltank|Miltank, F|100\/100\n|move|p2a: Fezandipiti|Sludge Bomb|p1a: Miltank\n|-damage|p1a: Miltank|46\/100\n|\n|-heal|p2a: Fezandipiti|83\/100|[from] item: Leftovers\n|-heal|p1a: Miltank|52\/100|[from] item: Leftovers\n|upkeep\n|turn|12\n|\n|t:|1700610809\n|move|p2a: Fezandipiti|Moonblast|p1a: Miltank\n|-damage|p1a: Miltank|0 fnt\n|faint|p1a: Miltank\n|\n|-heal|p2a: Fezandipiti|89\/100|[from] item: Leftovers\n|upkeep\n|\n|t:|1700610817\n|switch|p1a: Rillaboom|Rillaboom, M|100\/100\n|-fieldstart|move: Grassy Terrain|[from] ability: Grassy Surge|[of] p1a: Rillaboom\n|turn|13\n|\n|t:|1700610821\n|move|p1a: Rillaboom|Fake Out|p2a: Fezandipiti\n|-damage|p2a: Fezandipiti|70\/100\n|cant|p2a: Fezandipiti|flinch\n|\n|-heal|p2a: Fezandipiti|76\/100|[from] Grassy Terrain\n|-heal|p2a: Fezandipiti|82\/100|[from] item: Leftovers\n|upkeep\n|turn|14\n|\n|t:|1700610831\n|move|p2a: Fezandipiti|Sludge Bomb|p1a: Rillaboom\n|-supereffective|p1a: Rillaboom\n|-damage|p1a: Rillaboom|30\/100\n|-status|p1a: Rillaboom|psn\n|move|p1a: Rillaboom|Darkest Lariat|p2a: Fezandipiti\n|-resisted|p2a: Fezandipiti\n|-damage|p2a: Fezandipiti|62\/100\n|\n|-heal|p2a: Fezandipiti|68\/100|[from] Grassy Terrain\n|-heal|p2a: Fezandipiti|74\/100|[from] item: Leftovers\n|-heal|p1a: Rillaboom|36\/100 psn|[from] Grassy Terrain\n|-damage|p1a: Rillaboom|24\/100 psn|[from] psn\n|upkeep\n|turn|15\n|\n|t:|1700610847\n|move|p1a: Rillaboom|Grassy Glide|p2a: Fezandipiti\n|-resisted|p2a: Fezandipiti\n|-damage|p2a: Fezandipiti|47\/100\n|move|p2a: Fezandipiti|Sludge Bomb|p1a: Rillaboom\n|-supereffective|p1a: Rillaboom\n|-damage|p1a: Rillaboom|0 fnt\n|faint|p1a: Rillaboom\n|\n|-heal|p2a: Fezandipiti|53\/100|[from] Grassy Terrain\n|-heal|p2a: Fezandipiti|59\/100|[from] item: Leftovers\n|upkeep\n|\n|t:|1700610857\n|switch|p1a: Typhlosion|Typhlosion, M, tera:Fire|68\/100\n|turn|16\n|\n|t:|1700610874\n|move|p1a: Typhlosion|Eruption|p2a: Fezandipiti\n|-damage|p2a: Fezandipiti|25\/100\n|move|p2a: Fezandipiti|Sludge Bomb|p1a: Typhlosion\n|-damage|p1a: Typhlosion|4\/100\n|\n|-heal|p1a: Typhlosion|10\/100|[from] Grassy Terrain\n|-heal|p2a: Fezandipiti|31\/100|[from] Grassy Terrain\n|-heal|p2a: Fezandipiti|37\/100|[from] item: Leftovers\n|upkeep\n|turn|17\n|\n|t:|1700610893\n|move|p1a: Typhlosion|Eruption|p2a: Fezandipiti\n|-damage|p2a: Fezandipiti|31\/100\n|move|p2a: Fezandipiti|Sludge Bomb|p1a: Typhlosion\n|-damage|p1a: Typhlosion|0 fnt\n|faint|p1a: Typhlosion\n|\n|-heal|p2a: Fezandipiti|37\/100|[from] Grassy Terrain\n|-heal|p2a: Fezandipiti|43\/100|[from] item: Leftovers\n|-fieldend|move: Grassy Terrain\n|upkeep\n|\n|t:|1700610904\n|switch|p1a: Lanturn|Lanturn, F|100\/100\n|turn|18\n|\n|t:|1700610913\n|move|p2a: Fezandipiti|Moonblast|p1a: Lanturn\n|-damage|p1a: Lanturn|51\/100\n|move|p1a: Lanturn|Thunderbolt|p2a: Fezandipiti\n|-damage|p2a: Fezandipiti|9\/100\n|\n|-heal|p2a: Fezandipiti|15\/100|[from] item: Leftovers\n|upkeep\n|turn|19\n|\n|t:|1700610923\n|move|p2a: Fezandipiti|Moonblast|p1a: Lanturn\n|-damage|p1a: Lanturn|5\/100\n|move|p1a: Lanturn|Thunderbolt|p2a: Fezandipiti\n|-damage|p2a: Fezandipiti|0 fnt\n|faint|p2a: Fezandipiti\n|\n|upkeep\n|\n|t:|1700610940\n|switch|p2a: Cacturne|Cacturne, F|100\/100\n|turn|20\n|\n|t:|1700610946\n|move|p2a: Cacturne|Sucker Punch|p1a: Lanturn\n|-damage|p1a: Lanturn|0 fnt\n|faint|p1a: Lanturn\n|\n|upkeep\n|\n|t:|1700610950\n|switch|p1a: Togekiss|Togekiss, F|99\/100\n|turn|21\n|\n|t:|1700610961\n|move|p1a: Togekiss|Air Slash|p2a: Cacturne\n|-supereffective|p2a: Cacturne\n|-damage|p2a: Cacturne|0 fnt\n|faint|p2a: Cacturne\n|\n|upkeep\n|\n|t:|1700610966\n|switch|p2a: Floatzel|Floatzel, M|29\/100\n|turn|22\n|\n|t:|1700610982\n|move|p2a: Floatzel|Wave Crash|p1a: Togekiss\n|-damage|p1a: Togekiss|32\/100\n|-damage|p2a: Floatzel|2\/100|[from] Recoil\n|-damage|p2a: Floatzel|0 fnt|[from] item: Life Orb\n|faint|p2a: Floatzel\n|move|p1a: Togekiss|Air Slash|p2: Floatzel|[notarget]\n|-fail|p1a: Togekiss\n|\n|upkeep\n|\n|t:|1700610989\n|switch|p2a: Umbreon|Umbreon, F, tera:Dark|68\/100\n|turn|23\n|\n|t:|1700611001\n|move|p1a: Togekiss|Roost|p1a: Togekiss\n|-heal|p1a: Togekiss|82\/100\n|-singleturn|p1a: Togekiss|move: Roost\n|move|p2a: Umbreon|Foul Play|p1a: Togekiss\n|-resisted|p1a: Togekiss\n|-crit|p1a: Togekiss\n|-damage|p1a: Togekiss|69\/100\n|\n|-heal|p2a: Umbreon|74\/100|[from] item: Leftovers\n|upkeep\n|turn|24\n|\n|t:|1700611015\n|move|p1a: Togekiss|Draining Kiss|p2a: Umbreon\n|-supereffective|p2a: Umbreon\n|-damage|p2a: Umbreon|45\/100\n|-heal|p1a: Togekiss|92\/100|[from] drain|[of] p2a: Umbreon\n|move|p2a: Umbreon|Wish|p2a: Umbreon\n|\n|-heal|p2a: Umbreon|51\/100|[from] item: Leftovers\n|upkeep\n|turn|25\n|\n|t:|1700611023\n|move|p1a: Togekiss|Air Slash|p2a: Umbreon\n|-damage|p2a: Umbreon|30\/100\n|cant|p2a: Umbreon|flinch\n|\n|-heal|p2a: Umbreon|80\/100|[from] move: Wish|[wisher] Umbreon\n|-heal|p2a: Umbreon|86\/100|[from] item: Leftovers\n|upkeep\n|turn|26\n|\n|t:|1700611031\n|move|p1a: Togekiss|Air Slash|p2a: Umbreon\n|-damage|p2a: Umbreon|66\/100\n|move|p2a: Umbreon|Wish|p2a: Umbreon\n|\n|-heal|p2a: Umbreon|72\/100|[from] item: Leftovers\n|upkeep\n|turn|27\n|\n|t:|1700611038\n|move|p1a: Togekiss|Air Slash|p2a: Umbreon\n|-damage|p2a: Umbreon|49\/100\n|move|p2a: Umbreon|Toxic|p1a: Togekiss\n|-status|p1a: Togekiss|tox\n|\n|-heal|p2a: Umbreon|99\/100|[from] move: Wish|[wisher] Umbreon\n|-heal|p2a: Umbreon|100\/100|[from] item: Leftovers\n|-damage|p1a: Togekiss|86\/100 tox|[from] psn\n|upkeep\n|turn|28\n|\n|t:|1700611054\n|move|p1a: Togekiss|Air Slash|p2a: Umbreon\n|-damage|p2a: Umbreon|81\/100\n|move|p2a: Umbreon|Wish|p2a: Umbreon\n|\n|-heal|p2a: Umbreon|87\/100|[from] item: Leftovers\n|-damage|p1a: Togekiss|73\/100 tox|[from] psn\n|upkeep\n|turn|29\n|\n|t:|1700611060\n|move|p1a: Togekiss|Draining Kiss|p2a: Umbreon\n|-supereffective|p2a: Umbreon\n|-damage|p2a: Umbreon|58\/100\n|-heal|p1a: Togekiss|96\/100 tox|[from] drain|[of] p2a: Umbreon\n|move|p2a: Umbreon|Foul Play|p1a: Togekiss\n|-resisted|p1a: Togekiss\n|-damage|p1a: Togekiss|88\/100 tox\n|\n|-heal|p2a: Umbreon|100\/100|[from] move: Wish|[wisher] Umbreon\n|-damage|p1a: Togekiss|70\/100 tox|[from] psn\n|upkeep\n|turn|30\n|\n|t:|1700611072\n|move|p1a: Togekiss|Air Slash|p2a: Umbreon\n|-damage|p2a: Umbreon|80\/100\n|cant|p2a: Umbreon|flinch\n|\n|-heal|p2a: Umbreon|87\/100|[from] item: Leftovers\n|-damage|p1a: Togekiss|45\/100 tox|[from] psn\n|upkeep\n|turn|31\n|\n|t:|1700611079\n|move|p1a: Togekiss|Air Slash|p2a: Umbreon\n|-damage|p2a: Umbreon|67\/100\n|move|p2a: Umbreon|Wish|p2a: Umbreon\n|\n|-heal|p2a: Umbreon|73\/100|[from] item: Leftovers\n|-damage|p1a: Togekiss|15\/100 tox|[from] psn\n|upkeep\n|turn|32\n|\n|t:|1700611086\n|move|p1a: Togekiss|Draining Kiss|p2a: Umbreon\n|-supereffective|p2a: Umbreon\n|-damage|p2a: Umbreon|46\/100\n|-heal|p1a: Togekiss|36\/100 tox|[from] drain|[of] p2a: Umbreon\n|move|p2a: Umbreon|Foul Play|p1a: Togekiss\n|-resisted|p1a: Togekiss\n|-damage|p1a: Togekiss|28\/100 tox\n|\n|-heal|p2a: Umbreon|96\/100|[from] move: Wish|[wisher] Umbreon\n|-heal|p2a: Umbreon|100\/100|[from] item: Leftovers\n|-damage|p1a: Togekiss|0 fnt|[from] psn\n|faint|p1a: Togekiss\n|\n|win|CryoIthink\n|upkeep\n|raw|marcoloureiro's rating: 1271 &rarr; <strong>1238<\/strong><br \/>(-33 for losing)\n|raw|CryoIthink's rating: 1148 &rarr; <strong>1181<\/strong><br \/>(+33 for winning)\n|l|\u2606marcoloureiro\n|l|\u203dCryoIthink\n","uploadtime":1700611240,"views":2,"p1id":"marcoloureiro","p2id":"cryoithink","formatid":"gen9nationaldex","rating":1181,"private":0,"password":""}