{"id":"gen9nationaldex-1996908002","p1":"ndsnez monika","p2":"Tupolev16","format":"[Gen 9] National Dex","log":"|html|<div class=\"broadcast-blue\"><strong>[Gen 9] National Dex is currently suspecting Sneasler! For information on how to participate check out the <a href=\"https:\/\/www.smogon.com\/forums\/threads\/sv-national-dex-suspect-8-just-dance.3731534\/\">suspect thread<\/a>.<\/strong><\/div>\n|j|\u2606ndsnez monika\n|j|\u2606Tupolev16\n|t:|1700743349\n|gametype|singles\n|player|p1|ndsnez monika|hexmaniac-gen6|1171\n|player|p2|Tupolev16|169|1259\n|teamsize|p1|6\n|teamsize|p2|6\n|gen|9\n|tier|[Gen 9] National Dex\n|rated|\n|rule|HP Percentage Mod: HP is shown in percentages\n|rule|Endless Battle Clause: Forcing endless battles is banned\n|rule|OHKO Clause: OHKO moves are banned\n|rule|Evasion Clause: Evasion abilities, items, and moves are banned\n|rule|Evasion Abilities Clause: Evasion abilities are banned\n|rule|Evasion Items Clause: Evasion items are banned\n|rule|Evasion Moves Clause: Evasion moves are banned\n|rule|Species Clause: Limit one of each Pok\u00e9mon\n|rule|Sleep Clause Mod: Limit one foe put to sleep\n|clearpoke\n|poke|p1|Gardevoir, F|\n|poke|p1|Garchomp, F|\n|poke|p1|Bisharp, F|\n|poke|p1|Serperior, F|\n|poke|p1|Ribombee, F|\n|poke|p1|Ditto|\n|poke|p2|Pelipper, M|\n|poke|p2|Swampert, M|\n|poke|p2|Ferrothorn, F|\n|poke|p2|Zapdos|\n|poke|p2|Kingdra, M|\n|poke|p2|Urshifu-*, F|\n|teampreview\n|inactive|Battle timer is ON: inactive players will automatically lose when time's up. (requested by ndsnez monika)\n|\n|t:|1700743360\n|start\n|switch|p1a: Beellistic|Ribombee, F, shiny|100\/100\n|switch|p2a: Urshifu|Urshifu-Rapid-Strike, F|100\/100\n|turn|1\n|\n|t:|1700743366\n|switch|p1a: Hurtcore|Garchomp, F, shiny|100\/100\n|move|p2a: Urshifu|Surging Strikes|p1a: Hurtcore\n|-crit|p1a: Hurtcore\n|-damage|p1a: Hurtcore|83\/100\n|-damage|p2a: Urshifu|88\/100|[from] ability: Rough Skin|[of] p1a: Hurtcore\n|-crit|p1a: Hurtcore\n|-damage|p1a: Hurtcore|66\/100\n|-damage|p2a: Urshifu|76\/100|[from] ability: Rough Skin|[of] p1a: Hurtcore\n|-crit|p1a: Hurtcore\n|-damage|p1a: Hurtcore|45\/100\n|-damage|p2a: Urshifu|64\/100|[from] ability: Rough Skin|[of] p1a: Hurtcore\n|-hitcount|p1a: Hurtcore|3\n|\n|upkeep\n|turn|2\n|\n|t:|1700743380\n|switch|p2a: Pelipper|Pelipper, M|100\/100\n|-weather|RainDance|[from] ability: Drizzle|[of] p2a: Pelipper\n|move|p1a: Hurtcore|Scale Shot|p2a: Pelipper\n|-damage|p2a: Pelipper|90\/100\n|-damage|p2a: Pelipper|80\/100\n|-damage|p2a: Pelipper|70\/100\n|-damage|p2a: Pelipper|61\/100\n|-hitcount|p2a: Pelipper|4\n|-unboost|p1a: Hurtcore|def|1\n|-boost|p1a: Hurtcore|spe|1\n|\n|-weather|RainDance|[upkeep]\n|upkeep\n|turn|3\n|\n|t:|1700743398\n|switch|p2a: Swampert|Swampert, M|100\/100\n|move|p1a: Hurtcore|Swords Dance|p1a: Hurtcore\n|-boost|p1a: Hurtcore|atk|2\n|\n|-weather|RainDance|[upkeep]\n|upkeep\n|turn|4\n|\n|t:|1700743411\n|detailschange|p2a: Swampert|Swampert-Mega, M\n|-mega|p2a: Swampert|Swampert|Swampertite\n|move|p1a: Hurtcore|Scale Shot|p2a: Swampert\n|-damage|p2a: Swampert|77\/100\n|-damage|p2a: Swampert|53\/100\n|-damage|p2a: Swampert|32\/100\n|-damage|p2a: Swampert|8\/100\n|-damage|p2a: Swampert|0 fnt\n|faint|p2a: Swampert\n|-hitcount|p2: Swampert|5\n|-unboost|p1a: Hurtcore|def|1\n|-boost|p1a: Hurtcore|spe|1\n|\n|-weather|RainDance|[upkeep]\n|upkeep\n|\n|t:|1700743428\n|switch|p2a: Ferrothorn|Ferrothorn, F|100\/100\n|turn|5\n|\n|t:|1700743434\n|-terastallize|p1a: Hurtcore|Fire\n|move|p1a: Hurtcore|Fire Fang|p2a: Ferrothorn\n|-supereffective|p2a: Ferrothorn\n|-damage|p2a: Ferrothorn|28\/100\n|-damage|p1a: Hurtcore|33\/100|[from] ability: Iron Barbs|[of] p2a: Ferrothorn\n|move|p2a: Ferrothorn|Body Press|p1a: Hurtcore\n|-damage|p1a: Hurtcore|0 fnt\n|-damage|p2a: Ferrothorn|15\/100|[from] ability: Rough Skin|[of] p1a: Hurtcore\n|faint|p1a: Hurtcore\n|\n|-weather|RainDance|[upkeep]\n|-heal|p2a: Ferrothorn|22\/100|[from] item: Leftovers\n|upkeep\n|\n|t:|1700743450\n|switch|p1a: Beellistic|Ribombee, F, shiny|100\/100\n|turn|6\n|\n|t:|1700743457\n|move|p1a: Beellistic|Sticky Web|p2a: Ferrothorn\n|-sidestart|p2: Tupolev16|move: Sticky Web\n|move|p2a: Ferrothorn|Stealth Rock|p1a: Beellistic\n|-sidestart|p1: ndsnez monika|move: Stealth Rock\n|\n|-weather|RainDance|[upkeep]\n|-heal|p2a: Ferrothorn|28\/100|[from] item: Leftovers\n|upkeep\n|turn|7\n|\n|t:|1700743465\n|move|p1a: Beellistic|Skill Swap|p2a: Ferrothorn\n|-activate|p1a: Beellistic|move: Skill Swap|Iron Barbs|Shield Dust|[of] p2a: Ferrothorn\n|move|p2a: Ferrothorn|Leech Seed|p1a: Beellistic|[miss]\n|-miss|p2a: Ferrothorn|p1a: Beellistic\n|\n|-weather|RainDance|[upkeep]\n|-heal|p2a: Ferrothorn|34\/100|[from] item: Leftovers\n|upkeep\n|turn|8\n|\n|t:|1700743475\n|move|p1a: Beellistic|Moonblast|p2a: Ferrothorn\n|-resisted|p2a: Ferrothorn\n|-damage|p2a: Ferrothorn|18\/100\n|move|p2a: Ferrothorn|Leech Seed|p1a: Beellistic\n|-start|p1a: Beellistic|move: Leech Seed\n|\n|-weather|RainDance|[upkeep]\n|-heal|p2a: Ferrothorn|24\/100|[from] item: Leftovers\n|-damage|p1a: Beellistic|88\/100|[from] Leech Seed|[of] p2a: Ferrothorn\n|-heal|p2a: Ferrothorn|33\/100|[silent]\n|upkeep\n|turn|9\n|\n|t:|1700743485\n|switch|p1a: Arimaki|Bisharp, F, shiny|100\/100\n|-damage|p1a: Arimaki|94\/100|[from] Stealth Rock\n|move|p2a: Ferrothorn|Protect||[still]\n|-fail|p2a: Ferrothorn\n|\n|-weather|none\n|-heal|p2a: Ferrothorn|39\/100|[from] item: Leftovers\n|upkeep\n|turn|10\n|\n|t:|1700743494\n|move|p1a: Arimaki|Swords Dance|p1a: Arimaki\n|-boost|p1a: Arimaki|atk|2\n|move|p2a: Ferrothorn|Body Press|p1a: Arimaki\n|-supereffective|p1a: Arimaki\n|-damage|p1a: Arimaki|3\/100\n|\n|-heal|p2a: Ferrothorn|46\/100|[from] item: Leftovers\n|upkeep\n|turn|11\n|\n|t:|1700743503\n|move|p1a: Arimaki|Knock Off|p2a: Ferrothorn\n|-damage|p2a: Ferrothorn|0 fnt\n|-enditem|p2a: Ferrothorn|Leftovers|[from] move: Knock Off|[of] p1a: Arimaki\n|faint|p2a: Ferrothorn\n|\n|upkeep\n|\n|t:|1700743527\n|switch|p2a: Pelipper|Pelipper, M|61\/100\n|-weather|RainDance|[from] ability: Drizzle|[of] p2a: Pelipper\n|turn|12\n|\n|t:|1700743540\n|switch|p2a: Urshifu|Urshifu-Rapid-Strike, F|64\/100\n|-activate|p2a: Urshifu|move: Sticky Web\n|-unboost|p2a: Urshifu|spe|1\n|move|p1a: Arimaki|Knock Off|p2a: Urshifu\n|-resisted|p2a: Urshifu\n|-damage|p2a: Urshifu|30\/100\n|\n|-weather|RainDance|[upkeep]\n|upkeep\n|turn|13\n|\n|t:|1700743553\n|move|p1a: Arimaki|Sucker Punch|p2a: Urshifu\n|-resisted|p2a: Urshifu\n|-damage|p2a: Urshifu|0 fnt\n|faint|p2a: Urshifu\n|\n|-weather|RainDance|[upkeep]\n|upkeep\n|\n|t:|1700743558\n|switch|p2a: Kingdra|Kingdra, M|100\/100\n|-activate|p2a: Kingdra|move: Sticky Web\n|-unboost|p2a: Kingdra|spe|1\n|turn|14\n|\n|t:|1700743569\n|-terastallize|p2a: Kingdra|Water\n|move|p1a: Arimaki|Sucker Punch|p2a: Kingdra\n|-damage|p2a: Kingdra|0 fnt\n|faint|p2a: Kingdra\n|\n|-weather|RainDance|[upkeep]\n|upkeep\n|-message|Tupolev16 forfeited.\n|\n|win|ndsnez monika\n|raw|ndsnez monika's rating: 1171 &rarr; <strong>1202<\/strong><br \/>(+31 for winning)\n|raw|Tupolev16's rating: 1259 &rarr; <strong>1228<\/strong><br \/>(-31 for losing)\n|l|\u2606Tupolev16\n","uploadtime":1700743580,"views":0,"p1id":"ndsnezmonika","p2id":"tupolev16","formatid":"gen9nationaldex","rating":1202,"private":0,"password":""}