{"id":"gen9nationaldex-1999181341","p1":"larsonshark","p2":"ZenDaruma","format":"[Gen 9] National Dex","log":"|html|<div class=\"broadcast-blue\"><strong>[Gen 9] National Dex is currently suspecting Sneasler! For information on how to participate check out the <a href=\"https:\/\/www.smogon.com\/forums\/threads\/sv-national-dex-suspect-8-just-dance.3731534\/\">suspect thread<\/a>.<\/strong><\/div>\n|j|\u2606larsonshark\n|j|\u2606ZenDaruma\n|t:|1701042287\n|gametype|singles\n|player|p1|larsonshark|caitlin|1375\n|player|p2|ZenDaruma|101|1463\n|teamsize|p1|6\n|teamsize|p2|6\n|gen|9\n|tier|[Gen 9] National Dex\n|rated|\n|rule|HP Percentage Mod: HP is shown in percentages\n|rule|Endless Battle Clause: Forcing endless battles is banned\n|rule|OHKO Clause: OHKO moves are banned\n|rule|Evasion Clause: Evasion abilities, items, and moves are banned\n|rule|Evasion Abilities Clause: Evasion abilities are banned\n|rule|Evasion Items Clause: Evasion items are banned\n|rule|Evasion Moves Clause: Evasion moves are banned\n|rule|Species Clause: Limit one of each Pok\u00e9mon\n|rule|Sleep Clause Mod: Limit one foe put to sleep\n|clearpoke\n|poke|p1|Lopunny, M|\n|poke|p1|Cloyster, F|\n|poke|p1|Ribombee, M|\n|poke|p1|Iron Valiant|\n|poke|p1|Urshifu-*, F|\n|poke|p1|Manaphy|\n|poke|p2|Heatran, M|\n|poke|p2|Zapdos|\n|poke|p2|Samurott-Hisui, F|\n|poke|p2|Serperior, F|\n|poke|p2|Tapu Lele|\n|poke|p2|Ursaluna, F|\n|teampreview\n|inactive|Battle timer is ON: inactive players will automatically lose when time's up. (requested by larsonshark)\n|inactive|larsonshark has 120 seconds left.\n|\n|t:|1701042338\n|start\n|switch|p1a: its a female ;)|Cloyster, F|100\/100\n|switch|p2a: Ursaluna|Ursaluna, F|100\/100\n|turn|1\n|\n|t:|1701042359\n|move|p1a: its a female ;)|Shell Smash|p1a: its a female ;)\n|-unboost|p1a: its a female ;)|def|1\n|-unboost|p1a: its a female ;)|spd|1\n|-boost|p1a: its a female ;)|atk|2\n|-boost|p1a: its a female ;)|spa|2\n|-boost|p1a: its a female ;)|spe|2\n|move|p2a: Ursaluna|Earthquake|p1a: its a female ;)\n|-damage|p1a: its a female ;)|28\/100\n|\n|-status|p2a: Ursaluna|brn|[from] item: Flame Orb\n|upkeep\n|turn|2\n|\n|t:|1701042378\n|move|p1a: its a female ;)|Icicle Spear|p2a: Ursaluna\n|-supereffective|p2a: Ursaluna\n|-damage|p2a: Ursaluna|73\/100 brn\n|-supereffective|p2a: Ursaluna\n|-damage|p2a: Ursaluna|40\/100 brn\n|-supereffective|p2a: Ursaluna\n|-crit|p2a: Ursaluna\n|-damage|p2a: Ursaluna|0 fnt\n|faint|p2a: Ursaluna\n|-hitcount|p2: Ursaluna|3\n|\n|upkeep\n|\n|t:|1701042384\n|switch|p2a: Samurott|Samurott-Hisui, F|100\/100\n|turn|3\n|\n|t:|1701042389\n|move|p2a: Samurott|Sucker Punch|p1a: its a female ;)\n|-damage|p1a: its a female ;)|0 fnt\n|faint|p1a: its a female ;)\n|\n|upkeep\n|\n|t:|1701042393\n|switch|p1a: femboy|Lopunny, M|100\/100\n|turn|4\n|\n|t:|1701042404\n|switch|p2a: Zapdos|Zapdos|100\/100\n|detailschange|p1a: femboy|Lopunny-Mega, M\n|-mega|p1a: femboy|Lopunny|Lopunnite\n|move|p1a: femboy|U-turn|p2a: Zapdos\n|-resisted|p2a: Zapdos\n|-damage|p2a: Zapdos|91\/100\n|-status|p1a: femboy|par|[from] ability: Static|[of] p2a: Zapdos\n|c|\u2606larsonshark|the zapdos experience\n|\n|t:|1701042420\n|switch|p1a: mecha femboy|Iron Valiant|100\/100|[from] U-turn\n|-enditem|p1a: mecha femboy|Booster Energy\n|-activate|p1a: mecha femboy|ability: Quark Drive|[fromitem]\n|-start|p1a: mecha femboy|quarkdrivespe\n|\n|upkeep\n|turn|5\n|\n|t:|1701042426\n|-terastallize|p1a: mecha femboy|Electric\n|move|p1a: mecha femboy|Calm Mind|p1a: mecha femboy\n|-boost|p1a: mecha femboy|spa|1\n|-boost|p1a: mecha femboy|spd|1\n|move|p2a: Zapdos|Hurricane|p1a: mecha femboy|[miss]\n|-miss|p2a: Zapdos|p1a: mecha femboy\n|\n|upkeep\n|turn|6\n|\n|t:|1701042435\n|move|p1a: mecha femboy|Calm Mind|p1a: mecha femboy\n|-boost|p1a: mecha femboy|spa|1\n|-boost|p1a: mecha femboy|spd|1\n|move|p2a: Zapdos|Volt Switch|p1a: mecha femboy\n|-resisted|p1a: mecha femboy\n|-damage|p1a: mecha femboy|87\/100\n|\n|t:|1701042444\n|switch|p2a: Heatran|Heatran, M|100\/100|[from] Volt Switch\n|\n|upkeep\n|turn|7\n|\n|t:|1701042448\n|move|p1a: mecha femboy|Aura Sphere|p2a: Heatran\n|-supereffective|p2a: Heatran\n|-damage|p2a: Heatran|0 fnt\n|faint|p2a: Heatran\n|\n|upkeep\n|\n|t:|1701042451\n|switch|p2a: Samurott|Samurott-Hisui, F|100\/100\n|turn|8\n|\n|t:|1701042454\n|-terastallize|p2a: Samurott|Dark\n|move|p2a: Samurott|Sucker Punch|p1a: mecha femboy\n|-crit|p1a: mecha femboy\n|-damage|p1a: mecha femboy|0 fnt\n|faint|p1a: mecha femboy\n|-end|p1a: mecha femboy|Quark Drive|[silent]\n|\n|upkeep\n|\n|t:|1701042462\n|switch|p1a: boop :D|Ribombee, M|100\/100\n|turn|9\n|\n|t:|1701042473\n|switch|p2a: Tapu Lele|Tapu Lele|100\/100\n|-fieldstart|move: Psychic Terrain|[from] ability: Psychic Surge|[of] p2a: Tapu Lele\n|move|p1a: boop :D|Moonblast|p2a: Tapu Lele\n|-damage|p2a: Tapu Lele|50\/100\n|-unboost|p2a: Tapu Lele|spa|1\n|\n|upkeep\n|turn|10\n|\n|t:|1701042482\n|switch|p2a: Serperior|Serperior, F|100\/100\n|move|p1a: boop :D|Stun Spore|p2a: Serperior\n|-immune|p2a: Serperior\n|\n|upkeep\n|turn|11\n|\n|t:|1701042497\n|move|p2a: Serperior|Glare|p1a: boop :D\n|-status|p1a: boop :D|par\n|cant|p1a: boop :D|par\n|\n|upkeep\n|turn|12\n|\n|t:|1701042504\n|move|p2a: Serperior|Substitute|p2a: Serperior\n|-start|p2a: Serperior|Substitute\n|-damage|p2a: Serperior|76\/100\n|move|p1a: boop :D|Sticky Web|p2a: Serperior\n|-sidestart|p2: ZenDaruma|move: Sticky Web\n|\n|-heal|p2a: Serperior|82\/100|[from] item: Leftovers\n|upkeep\n|turn|13\n|\n|t:|1701042510\n|move|p2a: Serperior|Leaf Storm|p1a: boop :D\n|-resisted|p1a: boop :D\n|-damage|p1a: boop :D|60\/100 par\n|-boost|p2a: Serperior|spa|2\n|cant|p1a: boop :D|par\n|\n|-heal|p2a: Serperior|88\/100|[from] item: Leftovers\n|-fieldend|move: Psychic Terrain\n|upkeep\n|turn|14\n|\n|t:|1701042516\n|move|p2a: Serperior|Leaf Storm|p1a: boop :D\n|-resisted|p1a: boop :D\n|-damage|p1a: boop :D|0 fnt\n|-boost|p2a: Serperior|spa|2\n|faint|p1a: boop :D\n|\n|-heal|p2a: Serperior|94\/100|[from] item: Leftovers\n|upkeep\n|\n|t:|1701042520\n|switch|p1a: femboy|Lopunny-Mega, M|100\/100 par\n|turn|15\n|\n|t:|1701042525\n|cant|p1a: femboy|par\n|move|p2a: Serperior|Leaf Storm|p1a: femboy\n|-damage|p1a: femboy|0 fnt\n|-boost|p2a: Serperior|spa|2\n|faint|p1a: femboy\n|\n|-heal|p2a: Serperior|100\/100|[from] item: Leftovers\n|upkeep\n|-message|larsonshark forfeited.\n|\n|win|ZenDaruma\n|raw|larsonshark's rating: 1375 &rarr; <strong>1360<\/strong><br \/>(-15 for losing)\n|raw|ZenDaruma's rating: 1463 &rarr; <strong>1478<\/strong><br \/>(+15 for winning)\n|l|\u2606larsonshark\n","uploadtime":1701042535,"views":1,"p1id":"larsonshark","p2id":"zendaruma","formatid":"gen9nationaldex","rating":1360,"private":0,"password":""}