{"id":"gen9nationaldex-1998279806","p1":"butislayer69","p2":"teem rocketZ","format":"[Gen 9] National Dex","log":"|html|<div class=\"broadcast-blue\"><strong>[Gen 9] National Dex is currently suspecting Sneasler! For information on how to participate check out the <a href=\"https:\/\/www.smogon.com\/forums\/threads\/sv-national-dex-suspect-8-just-dance.3731534\/\">suspect thread<\/a>.<\/strong><\/div>\n|j|\u2606butislayer69\n|j|\u2606teem rocketZ\n|t:|1700923974\n|gametype|singles\n|player|p1|butislayer69|li|1046\n|player|p2|teem rocketZ|hiker-gen4|1046\n|teamsize|p1|6\n|teamsize|p2|6\n|gen|9\n|tier|[Gen 9] National Dex\n|rated|\n|rule|HP Percentage Mod: HP is shown in percentages\n|rule|Endless Battle Clause: Forcing endless battles is banned\n|rule|OHKO Clause: OHKO moves are banned\n|rule|Evasion Clause: Evasion abilities, items, and moves are banned\n|rule|Evasion Abilities Clause: Evasion abilities are banned\n|rule|Evasion Items Clause: Evasion items are banned\n|rule|Evasion Moves Clause: Evasion moves are banned\n|rule|Species Clause: Limit one of each Pok\u00e9mon\n|rule|Sleep Clause Mod: Limit one foe put to sleep\n|clearpoke\n|poke|p1|Garchomp, M|\n|poke|p1|Dragonite, M|\n|poke|p1|Tyranitar, M|\n|poke|p1|Ninetales-Alola, F|\n|poke|p1|Charizard, M|\n|poke|p1|Zapdos|\n|poke|p2|Toucannon, F|\n|poke|p2|Maushold-Four|\n|poke|p2|Obstagoon, M|\n|poke|p2|Ditto|\n|poke|p2|Farigiraf, F|\n|poke|p2|Arboliva, F|\n|teampreview\n|inactive|Battle timer is ON: inactive players will automatically lose when time's up. (requested by teem rocketZ)\n|c|\u2606teem rocketZ|oh\n|\n|t:|1700923995\n|start\n|switch|p1a: \u0413\u0418\u0413\u0410 \u041d\u0415\u0413\u0410|Garchomp, M|100\/100\n|switch|p2a: Toucannon|Toucannon, F, shiny|100\/100\n|turn|1\n|\n|t:|1700924008\n|detailschange|p1a: \u0413\u0418\u0413\u0410 \u041d\u0415\u0413\u0410|Garchomp-Mega, M\n|-mega|p1a: \u0413\u0418\u0413\u0410 \u041d\u0415\u0413\u0410|Garchomp|Garchompite\n|move|p1a: \u0413\u0418\u0413\u0410 \u041d\u0415\u0413\u0410|Earthquake|p2a: Toucannon\n|-immune|p2a: Toucannon\n|move|p2a: Toucannon|Bullet Seed|p1a: \u0413\u0418\u0413\u0410 \u041d\u0415\u0413\u0410\n|-damage|p1a: \u0413\u0418\u0413\u0410 \u041d\u0415\u0413\u0410|92\/100\n|-damage|p1a: \u0413\u0418\u0413\u0410 \u041d\u0415\u0413\u0410|84\/100\n|-damage|p1a: \u0413\u0418\u0413\u0410 \u041d\u0415\u0413\u0410|76\/100\n|-damage|p1a: \u0413\u0418\u0413\u0410 \u041d\u0415\u0413\u0410|68\/100\n|-damage|p1a: \u0413\u0418\u0413\u0410 \u041d\u0415\u0413\u0410|60\/100\n|-hitcount|p1a: \u0413\u0418\u0413\u0410 \u041d\u0415\u0413\u0410|5\n|\n|upkeep\n|turn|2\n|\n|t:|1700924026\n|move|p1a: \u0413\u0418\u0413\u0410 \u041d\u0415\u0413\u0410|Brick Break|p2a: Toucannon\n|-damage|p2a: Toucannon|51\/100\n|move|p2a: Toucannon|Bullet Seed|p1a: \u0413\u0418\u0413\u0410 \u041d\u0415\u0413\u0410\n|-damage|p1a: \u0413\u0418\u0413\u0410 \u041d\u0415\u0413\u0410|52\/100\n|-damage|p1a: \u0413\u0418\u0413\u0410 \u041d\u0415\u0413\u0410|43\/100\n|-damage|p1a: \u0413\u0418\u0413\u0410 \u041d\u0415\u0413\u0410|35\/100\n|-damage|p1a: \u0413\u0418\u0413\u0410 \u041d\u0415\u0413\u0410|26\/100\n|-damage|p1a: \u0413\u0418\u0413\u0410 \u041d\u0415\u0413\u0410|17\/100\n|-hitcount|p1a: \u0413\u0418\u0413\u0410 \u041d\u0415\u0413\u0410|5\n|\n|upkeep\n|turn|3\n|\n|t:|1700924037\n|move|p1a: \u0413\u0418\u0413\u0410 \u041d\u0415\u0413\u0410|Brick Break|p2a: Toucannon\n|-damage|p2a: Toucannon|6\/100\n|-enditem|p2a: Toucannon|Iapapa Berry|[eat]\n|-heal|p2a: Toucannon|39\/100|[from] item: Iapapa Berry\n|move|p2a: Toucannon|Bullet Seed|p1a: \u0413\u0418\u0413\u0410 \u041d\u0415\u0413\u0410\n|-damage|p1a: \u0413\u0418\u0413\u0410 \u041d\u0415\u0413\u0410|9\/100\n|-damage|p1a: \u0413\u0418\u0413\u0410 \u041d\u0415\u0413\u0410|2\/100\n|-damage|p1a: \u0413\u0418\u0413\u0410 \u041d\u0415\u0413\u0410|0 fnt\n|faint|p1a: \u0413\u0418\u0413\u0410 \u041d\u0415\u0413\u0410\n|-hitcount|p1: \u0413\u0418\u0413\u0410 \u041d\u0415\u0413\u0410|3\n|\n|upkeep\n|\n|t:|1700924044\n|switch|p1a: We com in piss|Dragonite, M, shiny|100\/100\n|turn|4\n|\n|t:|1700924050\n|move|p2a: Toucannon|Rock Blast|p1a: We com in piss\n|-supereffective|p1a: We com in piss\n|-damage|p1a: We com in piss|92\/100\n|-supereffective|p1a: We com in piss\n|-damage|p1a: We com in piss|77\/100\n|-supereffective|p1a: We com in piss\n|-damage|p1a: We com in piss|60\/100\n|-supereffective|p1a: We com in piss\n|-damage|p1a: We com in piss|43\/100\n|-supereffective|p1a: We com in piss\n|-damage|p1a: We com in piss|26\/100\n|-hitcount|p1a: We com in piss|5\n|move|p1a: We com in piss|Body Press|p2a: Toucannon\n|-damage|p2a: Toucannon|14\/100\n|\n|upkeep\n|turn|5\n|\n|t:|1700924062\n|-terastallize|p1a: We com in piss|Dragon\n|move|p2a: Toucannon|Rock Blast|p1a: We com in piss\n|-damage|p1a: We com in piss|18\/100\n|-damage|p1a: We com in piss|10\/100\n|-damage|p1a: We com in piss|2\/100\n|-damage|p1a: We com in piss|0 fnt\n|faint|p1a: We com in piss\n|-hitcount|p1: We com in piss|4\n|\n|upkeep\n|\n|t:|1700924069\n|switch|p1a: piss|Tyranitar, M, shiny|100\/100\n|-weather|Sandstorm|[from] ability: Sand Stream|[of] p1a: piss\n|turn|6\n|\n|t:|1700924078\n|move|p2a: Toucannon|Bullet Seed|p1a: piss\n|-supereffective|p1a: piss\n|-damage|p1a: piss|86\/100\n|-supereffective|p1a: piss\n|-damage|p1a: piss|73\/100\n|-supereffective|p1a: piss\n|-damage|p1a: piss|59\/100\n|-supereffective|p1a: piss\n|-damage|p1a: piss|44\/100\n|-supereffective|p1a: piss\n|-damage|p1a: piss|29\/100\n|-hitcount|p1a: piss|5\n|move|p1a: piss|Blizzard|p2a: Toucannon\n|-supereffective|p2a: Toucannon\n|-damage|p2a: Toucannon|0 fnt\n|faint|p2a: Toucannon\n|\n|-weather|Sandstorm|[upkeep]\n|upkeep\n|\n|t:|1700924097\n|switch|p2a: Ditto|Ditto, shiny|100\/100\n|-transform|p2a: Ditto|p1a: piss|[from] ability: Imposter\n|turn|7\n|\n|t:|1700924105\n|move|p2a: Ditto|Earthquake|p1a: piss\n|-supereffective|p1a: piss\n|-damage|p1a: piss|0 fnt\n|faint|p1a: piss\n|\n|-weather|Sandstorm|[upkeep]\n|upkeep\n|\n|t:|1700924122\n|switch|p1a: Ahri|Ninetales-Alola, F|100\/100\n|-weather|Snow|[from] ability: Snow Warning|[of] p1a: Ahri\n|turn|8\n|\n|t:|1700924127\n|move|p1a: Ahri|Draining Kiss|p2a: Ditto\n|-supereffective|p2a: Ditto\n|-damage|p2a: Ditto|47\/100\n|move|p2a: Ditto|Earthquake|p1a: Ahri\n|-damage|p1a: Ahri|64\/100\n|\n|-weather|Snow|[upkeep]\n|upkeep\n|turn|9\n|\n|t:|1700924145\n|switch|p2a: Farigiraf|Farigiraf, F|100\/100\n|move|p1a: Ahri|Draining Kiss|p2a: Farigiraf\n|-damage|p2a: Farigiraf|82\/100\n|-heal|p1a: Ahri|82\/100|[from] drain|[of] p2a: Farigiraf\n|\n|-weather|Snow|[upkeep]\n|upkeep\n|turn|10\n|\n|t:|1700924160\n|move|p1a: Ahri|Blizzard|p2a: Farigiraf\n|-damage|p2a: Farigiraf|46\/100\n|move|p2a: Farigiraf|Calm Mind|p2a: Farigiraf\n|-boost|p2a: Farigiraf|spa|1\n|-boost|p2a: Farigiraf|spd|1\n|\n|-weather|Snow|[upkeep]\n|upkeep\n|turn|11\n|\n|t:|1700924171\n|move|p1a: Ahri|Blizzard|p2a: Farigiraf\n|-damage|p2a: Farigiraf|21\/100\n|-enditem|p2a: Farigiraf|Aguav Berry|[eat]\n|-heal|p2a: Farigiraf|55\/100|[from] item: Aguav Berry\n|move|p2a: Farigiraf|Calm Mind|p2a: Farigiraf\n|-boost|p2a: Farigiraf|spa|1\n|-boost|p2a: Farigiraf|spd|1\n|\n|-weather|Snow|[upkeep]\n|upkeep\n|turn|12\n|\n|t:|1700924183\n|move|p1a: Ahri|Ice Beam|p2a: Farigiraf\n|-damage|p2a: Farigiraf|40\/100\n|move|p2a: Farigiraf|Earthquake|p1a: Ahri\n|-damage|p1a: Ahri|62\/100\n|\n|-weather|none\n|upkeep\n|turn|13\n|\n|t:|1700924191\n|move|p1a: Ahri|Blizzard|p2a: Farigiraf|[miss]\n|-miss|p1a: Ahri|p2a: Farigiraf\n|move|p2a: Farigiraf|Calm Mind|p2a: Farigiraf\n|-boost|p2a: Farigiraf|spa|1\n|-boost|p2a: Farigiraf|spd|1\n|\n|upkeep\n|turn|14\n|\n|t:|1700924197\n|move|p1a: Ahri|Draining Kiss|p2a: Farigiraf\n|-damage|p2a: Farigiraf|33\/100\n|-heal|p1a: Ahri|69\/100|[from] drain|[of] p2a: Farigiraf\n|move|p2a: Farigiraf|Calm Mind|p2a: Farigiraf\n|-boost|p2a: Farigiraf|spa|1\n|-boost|p2a: Farigiraf|spd|1\n|\n|upkeep\n|turn|15\n|\n|t:|1700924207\n|move|p1a: Ahri|Blizzard|p2a: Farigiraf|[miss]\n|-miss|p1a: Ahri|p2a: Farigiraf\n|move|p2a: Farigiraf|Agility|p2a: Farigiraf\n|-boost|p2a: Farigiraf|spe|2\n|\n|upkeep\n|turn|16\n|c|\u2606butislayer69|bruh\n|\n|t:|1700924215\n|move|p1a: Ahri|Blizzard|p2a: Farigiraf|[miss]\n|-miss|p1a: Ahri|p2a: Farigiraf\n|move|p2a: Farigiraf|Calm Mind|p2a: Farigiraf\n|-boost|p2a: Farigiraf|spa|1\n|-boost|p2a: Farigiraf|spd|1\n|\n|upkeep\n|turn|17\n|c|\u2606butislayer69|sick gameplay my guy\n|c|\u2606teem rocketZ|ty\n|\n|t:|1700924224\n|move|p1a: Ahri|Blizzard|p2a: Farigiraf|[miss]\n|-miss|p1a: Ahri|p2a: Farigiraf\n|move|p2a: Farigiraf|Hidden Power|p1a: Ahri\n|-resisted|p1a: Ahri\n|-damage|p1a: Ahri|29\/100\n|\n|upkeep\n|turn|18\n|\n|t:|1700924231\n|move|p1a: Ahri|Blizzard|p2a: Farigiraf\n|-damage|p2a: Farigiraf|22\/100\n|move|p2a: Farigiraf|Hidden Power|p1a: Ahri\n|-resisted|p1a: Ahri\n|-damage|p1a: Ahri|0 fnt\n|faint|p1a: Ahri\n|\n|upkeep\n|c|\u2606butislayer69|nice\n|\n|t:|1700924238\n|switch|p1a: Donovan|Charizard, M, shiny|100\/100\n|turn|19\n|\n|t:|1700924242\n|move|p1a: Donovan|Overheat|p2a: Farigiraf\n|-damage|p2a: Farigiraf|5\/100\n|-unboost|p1a: Donovan|spa|2\n|move|p2a: Farigiraf|Hidden Power|p1a: Donovan\n|-damage|p1a: Donovan|13\/100\n|\n|upkeep\n|turn|20\n|\n|t:|1700924254\n|move|p1a: Donovan|Overheat|p2a: Farigiraf|[miss]\n|-miss|p1a: Donovan|p2a: Farigiraf\n|move|p2a: Farigiraf|Hidden Power|p1a: Donovan\n|-damage|p1a: Donovan|0 fnt\n|faint|p1a: Donovan\n|\n|upkeep\n|\n|t:|1700924258\n|switch|p1a: Yellow|Zapdos, shiny|100\/100\n|turn|21\n|c|\u2606teem rocketZ|dang\n|\n|t:|1700924269\n|move|p1a: Yellow|Thunder|p2a: Farigiraf\n|-damage|p2a: Farigiraf|0 fnt\n|faint|p2a: Farigiraf\n|\n|upkeep\n|\n|t:|1700924276\n|switch|p2a: Arboliva|Arboliva, F|100\/100\n|turn|22\n|\n|t:|1700924281\n|-terastallize|p2a: Arboliva|Grass\n|move|p1a: Yellow|Thunder|p2a: Arboliva\n|-resisted|p2a: Arboliva\n|-damage|p2a: Arboliva|65\/100\n|-status|p2a: Arboliva|par\n|-fieldstart|move: Grassy Terrain|[from] ability: Seed Sower|[of] p2a: Arboliva\n|cant|p2a: Arboliva|par\n|\n|-heal|p2a: Arboliva|71\/100 par|[from] Grassy Terrain\n|upkeep\n|turn|23\n|\n|t:|1700924292\n|move|p1a: Yellow|Discharge|p2a: Arboliva\n|-resisted|p2a: Arboliva\n|-damage|p2a: Arboliva|47\/100 par\n|move|p2a: Arboliva|Leech Seed|p1a: Yellow\n|-start|p1a: Yellow|move: Leech Seed\n|\n|-heal|p2a: Arboliva|53\/100 par|[from] Grassy Terrain\n|-damage|p1a: Yellow|88\/100|[from] Leech Seed|[of] p2a: Arboliva\n|-heal|p2a: Arboliva|66\/100 par|[silent]\n|upkeep\n|turn|24\n|\n|t:|1700924301\n|move|p1a: Yellow|Hurricane|p2a: Arboliva\n|-supereffective|p2a: Arboliva\n|-damage|p2a: Arboliva|0 fnt\n|faint|p2a: Arboliva\n|\n|upkeep\n|\n|t:|1700924306\n|switch|p2a: Ditto|Ditto, shiny|47\/100\n|-transform|p2a: Ditto|p1a: Yellow|[from] ability: Imposter\n|turn|25\n|\n|t:|1700924319\n|move|p2a: Ditto|Thunder|p1a: Yellow|[miss]\n|-miss|p2a: Ditto|p1a: Yellow\n|move|p1a: Yellow|Thunder|p2a: Ditto\n|-damage|p2a: Ditto|0 fnt\n|faint|p2a: Ditto\n|\n|upkeep\n|\n|t:|1700924326\n|switch|p2a: Obstagoon|Obstagoon, M, shiny|100\/100\n|turn|26\n|\n|t:|1700924334\n|move|p1a: Yellow|Hurricane|p2a: Obstagoon\n|-damage|p2a: Obstagoon|43\/100\n|-start|p2a: Obstagoon|confusion\n|-activate|p2a: Obstagoon|confusion\n|move|p2a: Obstagoon|Counter||[still]\n|-fail|p2a: Obstagoon\n|\n|-heal|p2a: Obstagoon|49\/100|[from] Grassy Terrain\n|-damage|p1a: Yellow|76\/100|[from] Leech Seed|[of] p2a: Obstagoon\n|-heal|p2a: Obstagoon|62\/100|[silent]\n|-fieldend|move: Grassy Terrain\n|upkeep\n|turn|27\n|\n|t:|1700924350\n|move|p1a: Yellow|Hurricane|p2a: Obstagoon\n|-damage|p2a: Obstagoon|13\/100\n|-activate|p2a: Obstagoon|confusion\n|move|p2a: Obstagoon|Knock Off|p1a: Yellow\n|-damage|p1a: Yellow|17\/100\n|-enditem|p1a: Yellow|Expert Belt|[from] move: Knock Off|[of] p2a: Obstagoon\n|\n|-damage|p1a: Yellow|4\/100|[from] Leech Seed|[of] p2a: Obstagoon\n|-heal|p2a: Obstagoon|25\/100|[silent]\n|upkeep\n|turn|28\n|c|\u2606butislayer69|cool\n|\n|t:|1700924360\n|move|p1a: Yellow|Hurricane|p2a: Obstagoon|[miss]\n|-miss|p1a: Yellow|p2a: Obstagoon\n|-activate|p2a: Obstagoon|confusion\n|move|p2a: Obstagoon|Body Slam|p1a: Yellow\n|-damage|p1a: Yellow|0 fnt\n|faint|p1a: Yellow\n|\n|win|teem rocketZ\n|raw|butislayer69's rating: 1046 &rarr; <strong>1029<\/strong><br \/>(-17 for losing)\n|raw|teem rocketZ's rating: 1046 &rarr; <strong>1079<\/strong><br \/>(+33 for winning)\n|c|\u2606teem rocketZ|gg\n|l|\u2606butislayer69\n","uploadtime":1700924421,"views":4,"p1id":"butislayer69","p2id":"teemrocketz","formatid":"gen9nationaldex","rating":1029,"private":0,"password":""}