{"id":"gen9nationaldex-1999233163","p1":"RunningPoet","p2":"DeclanMkw","format":"[Gen 9] National Dex","log":"|html|<div class=\"broadcast-blue\"><strong>[Gen 9] National Dex is currently suspecting Sneasler! For information on how to participate check out the <a href=\"https:\/\/www.smogon.com\/forums\/threads\/sv-national-dex-suspect-8-just-dance.3731534\/\">suspect thread<\/a>.<\/strong><\/div>\n|j|\u2606RunningPoet\n|j|\u2606DeclanMkw\n|t:|1701048660\n|gametype|singles\n|player|p1|RunningPoet|169|1079\n|player|p2|DeclanMkw|170|1073\n|teamsize|p1|6\n|teamsize|p2|6\n|gen|9\n|tier|[Gen 9] National Dex\n|rated|\n|rule|HP Percentage Mod: HP is shown in percentages\n|rule|Endless Battle Clause: Forcing endless battles is banned\n|rule|OHKO Clause: OHKO moves are banned\n|rule|Evasion Clause: Evasion abilities, items, and moves are banned\n|rule|Evasion Abilities Clause: Evasion abilities are banned\n|rule|Evasion Items Clause: Evasion items are banned\n|rule|Evasion Moves Clause: Evasion moves are banned\n|rule|Species Clause: Limit one of each Pok\u00e9mon\n|rule|Sleep Clause Mod: Limit one foe put to sleep\n|clearpoke\n|poke|p1|Ribombee, M|\n|poke|p1|Manectric, M|\n|poke|p1|Aegislash, M|\n|poke|p1|Garchomp, F|\n|poke|p1|Hawlucha, F|\n|poke|p1|Rillaboom, F|\n|poke|p2|Blaziken, M|\n|poke|p2|Kartana|\n|poke|p2|Tapu Koko|\n|poke|p2|Charizard, M|\n|poke|p2|Greninja-*, M|\n|poke|p2|Garchomp, F|\n|teampreview\n|inactive|Battle timer is ON: inactive players will automatically lose when time's up. (requested by RunningPoet)\n|\n|t:|1701048668\n|start\n|switch|p1a: Ribombee|Ribombee, M|100\/100\n|switch|p2a: Kartana|Kartana|100\/100\n|turn|1\n|\n|t:|1701048675\n|move|p2a: Kartana|Smart Strike|p1a: Ribombee\n|-supereffective|p1a: Ribombee\n|-enditem|p1a: Ribombee|Focus Sash\n|-damage|p1a: Ribombee|1\/100\n|move|p1a: Ribombee|Sticky Web|p2a: Kartana\n|-sidestart|p2: DeclanMkw|move: Sticky Web\n|\n|upkeep\n|turn|2\n|\n|t:|1701048686\n|move|p2a: Kartana|Smart Strike|p1a: Ribombee\n|-supereffective|p1a: Ribombee\n|-damage|p1a: Ribombee|0 fnt\n|faint|p1a: Ribombee\n|-ability|p2a: Kartana|Beast Boost|boost\n|-boost|p2a: Kartana|atk|1\n|\n|upkeep\n|\n|t:|1701048690\n|switch|p1a: Manectric|Manectric, M|100\/100\n|turn|3\n|\n|t:|1701048698\n|detailschange|p1a: Manectric|Manectric-Mega, M\n|-mega|p1a: Manectric|Manectric|Manectite\n|-ability|p1a: Manectric|Intimidate|boost\n|-unboost|p2a: Kartana|atk|1\n|move|p2a: Kartana|Smart Strike|p1a: Manectric\n|-resisted|p1a: Manectric\n|-damage|p1a: Manectric|67\/100\n|move|p1a: Manectric|Flamethrower|p2a: Kartana\n|-supereffective|p2a: Kartana\n|-damage|p2a: Kartana|0 fnt\n|faint|p2a: Kartana\n|\n|upkeep\n|\n|t:|1701048706\n|switch|p2a: Garchomp|Garchomp, F|100\/100\n|-activate|p2a: Garchomp|move: Sticky Web\n|-unboost|p2a: Garchomp|spe|1\n|turn|4\n|\n|t:|1701048716\n|switch|p1a: Hawlucha|Hawlucha, F|100\/100\n|move|p2a: Garchomp|Earthquake|p1a: Hawlucha\n|-immune|p1a: Hawlucha\n|\n|upkeep\n|turn|5\n|inactive|RunningPoet has 120 seconds left.\n|\n|t:|1701048746\n|move|p1a: Hawlucha|Swords Dance|p1a: Hawlucha\n|-boost|p1a: Hawlucha|atk|2\n|move|p2a: Garchomp|Swords Dance|p2a: Garchomp\n|-boost|p2a: Garchomp|atk|2\n|\n|upkeep\n|turn|6\n|\n|t:|1701048758\n|detailschange|p2a: Garchomp|Garchomp-Mega, F\n|-mega|p2a: Garchomp|Garchomp|Garchompite\n|move|p1a: Hawlucha|Sky Attack||[still]\n|-prepare|p1a: Hawlucha|Sky Attack\n|-enditem|p1a: Hawlucha|Power Herb\n|-anim|p1a: Hawlucha|Sky Attack|p2a: Garchomp|[miss]\n|-miss|p1a: Hawlucha|p2a: Garchomp\n|move|p2a: Garchomp|Scale Shot|p1a: Hawlucha\n|-damage|p1a: Hawlucha|57\/100\n|-damage|p1a: Hawlucha|12\/100\n|-hitcount|p1a: Hawlucha|2\n|-unboost|p2a: Garchomp|def|1\n|-boost|p2a: Garchomp|spe|1\n|\n|upkeep\n|turn|7\n|\n|t:|1701048772\n|move|p1a: Hawlucha|Drain Punch|p2a: Garchomp\n|-damage|p2a: Garchomp|10\/100\n|-heal|p1a: Hawlucha|66\/100|[from] drain|[of] p2a: Garchomp\n|move|p2a: Garchomp|Scale Shot|p1a: Hawlucha\n|-damage|p1a: Hawlucha|23\/100\n|-damage|p1a: Hawlucha|0 fnt\n|faint|p1a: Hawlucha\n|-hitcount|p1: Hawlucha|2\n|-unboost|p2a: Garchomp|def|1\n|-boost|p2a: Garchomp|spe|1\n|\n|upkeep\n|\n|t:|1701048780\n|switch|p1a: Rillaboom|Rillaboom, F|100\/100\n|-fieldstart|move: Grassy Terrain|[from] ability: Grassy Surge|[of] p1a: Rillaboom\n|-enditem|p1a: Rillaboom|Grassy Seed\n|-boost|p1a: Rillaboom|def|1|[from] item: Grassy Seed\n|turn|8\n|\n|t:|1701048786\n|move|p1a: Rillaboom|Grassy Glide|p2a: Garchomp\n|-damage|p2a: Garchomp|0 fnt\n|faint|p2a: Garchomp\n|\n|upkeep\n|\n|t:|1701048791\n|switch|p2a: Charizard|Charizard, M|100\/100\n|turn|9\n|\n|t:|1701048809\n|move|p2a: Charizard|Will-O-Wisp|p1a: Rillaboom\n|-status|p1a: Rillaboom|brn\n|move|p1a: Rillaboom|Earthquake|p2a: Charizard\n|-immune|p2a: Charizard\n|\n|-damage|p1a: Rillaboom|94\/100 brn|[from] brn\n|upkeep\n|turn|10\n|\n|t:|1701048814\n|switch|p1a: Manectric|Manectric-Mega, M|67\/100\n|-ability|p1a: Manectric|Intimidate|boost\n|-unboost|p2a: Charizard|atk|1\n|move|p2a: Charizard|Air Slash|p1a: Manectric\n|-resisted|p1a: Manectric\n|-damage|p1a: Manectric|42\/100\n|\n|-heal|p1a: Manectric|48\/100|[from] Grassy Terrain\n|upkeep\n|turn|11\n|\n|t:|1701048840\n|move|p1a: Manectric|Thunderbolt|p2a: Charizard\n|-supereffective|p2a: Charizard\n|-damage|p2a: Charizard|0 fnt\n|faint|p2a: Charizard\n|\n|-heal|p1a: Manectric|54\/100|[from] Grassy Terrain\n|upkeep\n|\n|t:|1701048850\n|switch|p2a: Tapu Koko|Tapu Koko|100\/100\n|-fieldstart|move: Electric Terrain|[from] ability: Electric Surge|[of] p2a: Tapu Koko\n|turn|12\n|\n|t:|1701048865\n|move|p1a: Manectric|Flamethrower|p2a: Tapu Koko\n|-damage|p2a: Tapu Koko|51\/100\n|move|p2a: Tapu Koko|Substitute|p2a: Tapu Koko\n|-start|p2a: Tapu Koko|Substitute\n|-damage|p2a: Tapu Koko|26\/100\n|\n|upkeep\n|turn|13\n|\n|t:|1701048875\n|move|p1a: Manectric|Volt Switch|p2a: Tapu Koko\n|-resisted|p2a: Tapu Koko\n|-end|p2a: Tapu Koko|Substitute\n|\n|t:|1701048884\n|switch|p1a: Aegislash|Aegislash, M|100\/100|[from] Volt Switch\n|move|p2a: Tapu Koko|Dazzling Gleam|p1a: Aegislash\n|-resisted|p1a: Aegislash\n|-damage|p1a: Aegislash|87\/100\n|\n|-heal|p1a: Aegislash|93\/100|[from] item: Leftovers\n|upkeep\n|turn|14\n|\n|t:|1701048894\n|-formechange|p1a: Aegislash|Aegislash-Blade||[from] ability: Stance Change\n|move|p1a: Aegislash|Shadow Sneak|p2a: Tapu Koko\n|-damage|p2a: Tapu Koko|0 fnt\n|faint|p2a: Tapu Koko\n|\n|-heal|p1a: Aegislash|99\/100|[from] item: Leftovers\n|upkeep\n|\n|t:|1701048905\n|switch|p2a: Greninja|Greninja, M|100\/100\n|-activate|p2a: Greninja|move: Sticky Web\n|-unboost|p2a: Greninja|spe|1\n|turn|15\n|\n|t:|1701048909\n|-formechange|p1a: Aegislash|Aegislash||[from] ability: Stance Change\n|move|p1a: Aegislash|King's Shield|p1a: Aegislash\n|-singleturn|p1a: Aegislash|Protect\n|move|p2a: Greninja|Dark Pulse|p1a: Aegislash\n|-activate|p1a: Aegislash|move: Protect\n|\n|-heal|p1a: Aegislash|100\/100|[from] item: Leftovers\n|upkeep\n|turn|16\n|\n|t:|1701048917\n|move|p2a: Greninja|Dark Pulse|p1a: Aegislash\n|-supereffective|p1a: Aegislash\n|-damage|p1a: Aegislash|33\/100\n|-damage|p2a: Greninja|91\/100|[from] item: Life Orb\n|move|p1a: Aegislash|Swords Dance|p1a: Aegislash\n|-boost|p1a: Aegislash|atk|2\n|\n|-heal|p1a: Aegislash|39\/100|[from] item: Leftovers\n|-fieldend|move: Electric Terrain\n|upkeep\n|turn|17\n|\n|t:|1701048932\n|-formechange|p1a: Aegislash|Aegislash-Blade||[from] ability: Stance Change\n|move|p1a: Aegislash|Shadow Sneak|p2a: Greninja\n|-resisted|p2a: Greninja\n|-damage|p2a: Greninja|51\/100\n|move|p2a: Greninja|Dark Pulse|p1a: Aegislash\n|-supereffective|p1a: Aegislash\n|-damage|p1a: Aegislash|0 fnt\n|faint|p1a: Aegislash\n|-ability|p2a: Greninja|Battle Bond|boost\n|-boost|p2a: Greninja|atk|1\n|-boost|p2a: Greninja|spa|1\n|-boost|p2a: Greninja|spe|1\n|-activate|p2a: Greninja|ability: Battle Bond\n|-damage|p2a: Greninja|41\/100|[from] item: Life Orb\n|\n|upkeep\n|l|\u2606DeclanMkw\n|inactive|DeclanMkw disconnected and has a minute to reconnect!\n|player|p2|\n|\n|t:|1701048940\n|switch|p1a: Manectric|Manectric-Mega, M|54\/100\n|-ability|p1a: Manectric|Intimidate|boost\n|-unboost|p2a: Greninja|atk|1\n|turn|18\n|j|\u2606DeclanMkw\n|inactive|DeclanMkw reconnected and has 135 seconds left.\n|player|p2|DeclanMkw|170\n|\n|t:|1701048961\n|move|p1a: Manectric|Volt Switch|p2a: Greninja\n|-supereffective|p2a: Greninja\n|-damage|p2a: Greninja|0 fnt\n|faint|p2a: Greninja\n|\n|t:|1701048966\n|switch|p1a: Garchomp|Garchomp, F|100\/100|[from] Volt Switch\n|\n|upkeep\n|\n|t:|1701048968\n|switch|p2a: Blaziken|Blaziken, M|100\/100\n|-activate|p2a: Blaziken|move: Sticky Web\n|-unboost|p2a: Blaziken|spe|1\n|turn|19\n|\n|t:|1701048974\n|move|p2a: Blaziken|Protect|p2a: Blaziken\n|-singleturn|p2a: Blaziken|Protect\n|move|p1a: Garchomp|Swords Dance|p1a: Garchomp\n|-boost|p1a: Garchomp|atk|2\n|\n|-ability|p2a: Blaziken|Speed Boost|boost\n|-boost|p2a: Blaziken|spe|1\n|upkeep\n|turn|20\n|\n|t:|1701048981\n|-terastallize|p2a: Blaziken|Fire\n|move|p1a: Garchomp|Earthquake|p2a: Blaziken\n|-supereffective|p2a: Blaziken\n|-damage|p2a: Blaziken|0 fnt\n|faint|p2a: Blaziken\n|\n|win|RunningPoet\n|raw|RunningPoet's rating: 1079 &rarr; <strong>1107<\/strong><br \/>(+28 for winning)\n|raw|DeclanMkw's rating: 1073 &rarr; <strong>1052<\/strong><br \/>(-21 for losing)\n|l|\u2606DeclanMkw\n|c|\u2606RunningPoet|gg\n","uploadtime":1701048990,"views":2,"p1id":"runningpoet","p2id":"declanmkw","formatid":"gen9nationaldex","rating":1052,"private":0,"password":""}