{"id":"gen9nationaldex-1989811183","p1":"Chili D Dewd","p2":"KakunaBR","format":"[Gen 9] National Dex","log":"|j|\u2606Chili D Dewd\n|j|\u2606KakunaBR\n|t:|1699897707\n|gametype|singles\n|player|p1|Chili D Dewd|flint|1413\n|player|p2|KakunaBR|veteran|1581\n|teamsize|p1|6\n|teamsize|p2|6\n|gen|9\n|tier|[Gen 9] National Dex\n|rated|\n|rule|HP Percentage Mod: HP is shown in percentages\n|rule|Endless Battle Clause: Forcing endless battles is banned\n|rule|OHKO Clause: OHKO moves are banned\n|rule|Evasion Clause: Evasion abilities, items, and moves are banned\n|rule|Evasion Abilities Clause: Evasion abilities are banned\n|rule|Evasion Items Clause: Evasion items are banned\n|rule|Evasion Moves Clause: Evasion moves are banned\n|rule|Species Clause: Limit one of each Pok\u00e9mon\n|rule|Sleep Clause Mod: Limit one foe put to sleep\n|clearpoke\n|poke|p1|Scovillain, F|\n|poke|p1|Torkoal, M|\n|poke|p1|Great Tusk|\n|poke|p1|Blaziken, F|\n|poke|p1|Tapu Lele|\n|poke|p1|Rotom-Wash|\n|poke|p2|Charizard, M|\n|poke|p2|Gengar, M|\n|poke|p2|Dragonite, F|\n|poke|p2|Cinderace, F|\n|poke|p2|Machamp, M|\n|poke|p2|Ferrothorn, M|\n|teampreview\n|\n|t:|1699897713\n|start\n|switch|p1a: Torkoal|Torkoal, M|100\/100\n|switch|p2a: Charizard|Charizard, M|100\/100\n|-weather|SunnyDay|[from] ability: Drought|[of] p1a: Torkoal\n|turn|1\n|\n|t:|1699897719\n|switch|p1a: Rotom|Rotom-Wash|100\/100\n|detailschange|p2a: Charizard|Charizard-Mega-Y, M\n|-mega|p2a: Charizard|Charizard|Charizardite Y\n|move|p2a: Charizard|Air Slash|p1a: Rotom\n|-resisted|p1a: Rotom\n|-damage|p1a: Rotom|84\/100\n|\n|-weather|SunnyDay|[upkeep]\n|-heal|p1a: Rotom|90\/100|[from] item: Leftovers\n|upkeep\n|turn|2\n|\n|t:|1699897722\n|move|p2a: Charizard|Solar Beam||[still]\n|-prepare|p2a: Charizard|Solar Beam\n|-anim|p2a: Charizard|Solar Beam|p1a: Rotom\n|-supereffective|p1a: Rotom\n|-damage|p1a: Rotom|6\/100\n|move|p1a: Rotom|Volt Switch|p2a: Charizard\n|-supereffective|p2a: Charizard\n|-damage|p2a: Charizard|48\/100\n|\n|t:|1699897728\n|switch|p1a: Scovillain|Scovillain, F|100\/100|[from] Volt Switch\n|\n|-weather|SunnyDay|[upkeep]\n|upkeep\n|turn|3\n|\n|t:|1699897732\n|move|p1a: Scovillain|Fire Blast|p2a: Charizard\n|-resisted|p2a: Charizard\n|-damage|p2a: Charizard|0 fnt\n|faint|p2a: Charizard\n|-damage|p1a: Scovillain|91\/100|[from] item: Life Orb\n|\n|-weather|SunnyDay|[upkeep]\n|upkeep\n|\n|t:|1699897741\n|switch|p2a: Dragonite|Dragonite, F|100\/100\n|turn|4\n|inactive|Battle timer is ON: inactive players will automatically lose when time's up. (requested by KakunaBR)\n|\n|t:|1699897750\n|switch|p1a: Tapu Lele|Tapu Lele|100\/100\n|-fieldstart|move: Psychic Terrain|[from] ability: Psychic Surge|[of] p1a: Tapu Lele\n|move|p2a: Dragonite|Curse|p2a: Dragonite\n|-unboost|p2a: Dragonite|spe|1\n|-boost|p2a: Dragonite|atk|1\n|-boost|p2a: Dragonite|def|1\n|\n|-weather|SunnyDay|[upkeep]\n|upkeep\n|turn|5\n|\n|t:|1699897755\n|switch|p2a: Gengar|Gengar, M|100\/100\n|move|p1a: Tapu Lele|Moonblast|p2a: Gengar\n|-resisted|p2a: Gengar\n|-damage|p2a: Gengar|56\/100\n|-start|p1a: Tapu Lele|Disable|Moonblast|[from] ability: Cursed Body|[of] p2a: Gengar\n|\n|-weather|SunnyDay|[upkeep]\n|upkeep\n|turn|6\n|c|\u2606Chili D Dewd|Curse is cringe\n|\n|t:|1699897765\n|switch|p1a: Rotom|Rotom-Wash|6\/100\n|move|p2a: Gengar|Sludge Wave|p1a: Rotom\n|-damage|p1a: Rotom|0 fnt\n|faint|p1a: Rotom\n|\n|-weather|SunnyDay|[upkeep]\n|upkeep\n|\n|t:|1699897769\n|switch|p1a: Blaziken|Blaziken, F|100\/100\n|turn|7\n|c|\u2606KakunaBR|cringe is gay\n|\n|t:|1699897777\n|move|p2a: Gengar|Sludge Wave|p1a: Blaziken\n|-damage|p1a: Blaziken|23\/100\n|move|p1a: Blaziken|Swords Dance|p1a: Blaziken\n|-boost|p1a: Blaziken|atk|2\n|\n|-weather|SunnyDay|[upkeep]\n|-ability|p1a: Blaziken|Speed Boost|boost\n|-boost|p1a: Blaziken|spe|1\n|upkeep\n|turn|8\n|\n|t:|1699897783\n|move|p2a: Gengar|Sludge Wave|p1a: Blaziken\n|-damage|p1a: Blaziken|0 fnt\n|faint|p1a: Blaziken\n|\n|-weather|none\n|-fieldend|move: Psychic Terrain\n|upkeep\n|\n|t:|1699897786\n|switch|p1a: Torkoal|Torkoal, M|100\/100\n|-weather|SunnyDay|[from] ability: Drought|[of] p1a: Torkoal\n|turn|9\n|\n|t:|1699897795\n|switch|p1a: Great Tusk|Great Tusk|100\/100\n|-activate|p1a: Great Tusk|ability: Protosynthesis\n|-start|p1a: Great Tusk|protosynthesisatk\n|move|p2a: Gengar|Sludge Wave|p1a: Great Tusk\n|-resisted|p1a: Great Tusk\n|-damage|p1a: Great Tusk|57\/100\n|-status|p1a: Great Tusk|psn\n|\n|-weather|SunnyDay|[upkeep]\n|-damage|p1a: Great Tusk|44\/100 psn|[from] psn\n|upkeep\n|turn|10\n|\n|t:|1699897803\n|switch|p2a: Ferrothorn|Ferrothorn, M|100\/100\n|move|p1a: Great Tusk|Ice Spinner|p2a: Ferrothorn\n|-damage|p2a: Ferrothorn|77\/100\n|-damage|p1a: Great Tusk|32\/100 psn|[from] ability: Iron Barbs|[of] p2a: Ferrothorn\n|-damage|p1a: Great Tusk|15\/100 psn|[from] item: Rocky Helmet|[of] p2a: Ferrothorn\n|\n|-weather|SunnyDay|[upkeep]\n|-damage|p1a: Great Tusk|3\/100 psn|[from] psn\n|upkeep\n|turn|11\n|\n|t:|1699897812\n|move|p1a: Great Tusk|Close Combat|p2a: Ferrothorn\n|-supereffective|p2a: Ferrothorn\n|-damage|p2a: Ferrothorn|0 fnt\n|-unboost|p1a: Great Tusk|def|1\n|-unboost|p1a: Great Tusk|spd|1\n|-damage|p1a: Great Tusk|0 fnt|[from] ability: Iron Barbs|[of] p2a: Ferrothorn\n|faint|p2a: Ferrothorn\n|faint|p1a: Great Tusk\n|-end|p1a: Great Tusk|Protosynthesis|[silent]\n|\n|-weather|SunnyDay|[upkeep]\n|upkeep\n|j| contestant_null\n|\n|t:|1699897824\n|switch|p1a: Scovillain|Scovillain, F|91\/100\n|switch|p2a: Cinderace|Cinderace, F|100\/100\n|turn|12\n|\n|t:|1699897828\n|move|p1a: Scovillain|Fire Blast|p2a: Cinderace\n|-resisted|p2a: Cinderace\n|-damage|p2a: Cinderace|25\/100\n|-damage|p1a: Scovillain|81\/100|[from] item: Life Orb\n|move|p2a: Cinderace|High Jump Kick|p1a: Scovillain\n|-start|p2a: Cinderace|typechange|Fighting|[from] ability: Libero\n|-damage|p1a: Scovillain|0 fnt\n|faint|p1a: Scovillain\n|\n|-weather|SunnyDay|[upkeep]\n|upkeep\n|\n|t:|1699897832\n|switch|p1a: Tapu Lele|Tapu Lele|100\/100\n|-fieldstart|move: Psychic Terrain|[from] ability: Psychic Surge|[of] p1a: Tapu Lele\n|turn|13\n|\n|t:|1699897837\n|-terastallize|p1a: Tapu Lele|Psychic\n|move|p1a: Tapu Lele|Psyshock|p2a: Cinderace\n|-supereffective|p2a: Cinderace\n|-damage|p2a: Cinderace|0 fnt\n|faint|p2a: Cinderace\n|\n|-weather|SunnyDay|[upkeep]\n|upkeep\n|\n|t:|1699897843\n|switch|p2a: Machamp|Machamp, M, shiny|100\/100\n|turn|14\n|\n|t:|1699897847\n|-terastallize|p2a: Machamp|Dark\n|move|p1a: Tapu Lele|Psyshock|p2a: Machamp\n|-immune|p2a: Machamp\n|move|p2a: Machamp|Knock Off|p1a: Tapu Lele\n|-supereffective|p1a: Tapu Lele\n|-damage|p1a: Tapu Lele|0 fnt\n|-enditem|p1a: Tapu Lele|Choice Scarf|[from] move: Knock Off|[of] p2a: Machamp\n|faint|p1a: Tapu Lele\n|\n|-weather|SunnyDay|[upkeep]\n|upkeep\n|-message|Chili D Dewd forfeited.\n|\n|win|KakunaBR\n|raw|Chili D Dewd's rating: 1413 &rarr; <strong>1402<\/strong><br \/>(-11 for losing)\n|raw|KakunaBR's rating: 1581 &rarr; <strong>1592<\/strong><br \/>(+11 for winning)\n|l|\u2606Chili D Dewd\n","uploadtime":1699897953,"views":10,"p1id":"chiliddewd","p2id":"kakunabr","formatid":"gen9nationaldex","rating":1402,"private":0,"password":""}