{"id":"gen9nationaldex-1997041563","p1":"javipatato","p2":"mty99170254","format":"[Gen 9] National Dex","log":"|html|<div class=\"broadcast-blue\"><strong>[Gen 9] National Dex is currently suspecting Sneasler! For information on how to participate check out the <a href=\"https:\/\/www.smogon.com\/forums\/threads\/sv-national-dex-suspect-8-just-dance.3731534\/\">suspect thread<\/a>.<\/strong><\/div>\n|j|\u2606javipatato\n|j|\u2606mty99170254\n|t:|1700758603\n|gametype|singles\n|player|p1|javipatato|rosa|1261\n|player|p2|mty99170254|elesa|1217\n|teamsize|p1|6\n|teamsize|p2|6\n|gen|9\n|tier|[Gen 9] National Dex\n|rated|\n|rule|HP Percentage Mod: HP is shown in percentages\n|rule|Endless Battle Clause: Forcing endless battles is banned\n|rule|OHKO Clause: OHKO moves are banned\n|rule|Evasion Clause: Evasion abilities, items, and moves are banned\n|rule|Evasion Abilities Clause: Evasion abilities are banned\n|rule|Evasion Items Clause: Evasion items are banned\n|rule|Evasion Moves Clause: Evasion moves are banned\n|rule|Species Clause: Limit one of each Pok\u00e9mon\n|rule|Sleep Clause Mod: Limit one foe put to sleep\n|clearpoke\n|poke|p1|Urshifu-*, F|\n|poke|p1|Gardevoir, F|\n|poke|p1|Samurott-Hisui, F|\n|poke|p1|Great Tusk|\n|poke|p1|Ferrothorn, F|\n|poke|p1|Ribombee, M|\n|poke|p2|Torkoal, M|\n|poke|p2|Houndoom, M|\n|poke|p2|Hatterene, F|\n|poke|p2|Landorus-Therian, M|\n|poke|p2|Leafeon, F|\n|poke|p2|Toxapex, M|\n|teampreview\n|inactive|Battle timer is ON: inactive players will automatically lose when time's up. (requested by javipatato)\n|\n|t:|1700758607\n|start\n|switch|p1a: Ribombee|Ribombee, M|100\/100\n|switch|p2a: Torkoal|Torkoal, M, shiny|100\/100\n|-weather|SunnyDay|[from] ability: Drought|[of] p2a: Torkoal\n|turn|1\n|\n|t:|1700758617\n|switch|p2a: Hatterene|Hatterene, F, shiny|100\/100\n|move|p1a: Ribombee|U-turn|p2a: Hatterene\n|-damage|p2a: Hatterene|90\/100\n|-enditem|p2a: Hatterene|Eject Button\n|\n|t:|1700758633\n|switch|p2a: Houndoom|Houndoom, M|100\/100\n|\n|-weather|SunnyDay|[upkeep]\n|upkeep\n|turn|2\n|\n|t:|1700758641\n|switch|p2a: Hatterene|Hatterene, F, shiny|90\/100\n|move|p1a: Ribombee|Moonblast|p2a: Hatterene\n|-damage|p2a: Hatterene|51\/100\n|\n|-weather|SunnyDay|[upkeep]\n|upkeep\n|turn|3\n|\n|t:|1700758651\n|move|p1a: Ribombee|U-turn|p2a: Hatterene\n|-damage|p2a: Hatterene|39\/100\n|\n|t:|1700758659\n|switch|p1a: Ferrothorn|Ferrothorn, F|100\/100|[from] U-turn\n|move|p2a: Hatterene|Nuzzle|p1a: Ferrothorn\n|-resisted|p1a: Ferrothorn\n|-damage|p1a: Ferrothorn|99\/100\n|-status|p1a: Ferrothorn|par\n|-damage|p2a: Hatterene|27\/100|[from] ability: Iron Barbs|[of] p1a: Ferrothorn\n|-damage|p2a: Hatterene|11\/100|[from] item: Rocky Helmet|[of] p1a: Ferrothorn\n|\n|-weather|SunnyDay|[upkeep]\n|upkeep\n|turn|4\n|\n|t:|1700758671\n|move|p2a: Hatterene|Mystical Fire|p1a: Ferrothorn\n|-supereffective|p1a: Ferrothorn\n|-crit|p1a: Ferrothorn\n|-damage|p1a: Ferrothorn|0 fnt\n|faint|p1a: Ferrothorn\n|\n|-weather|SunnyDay|[upkeep]\n|upkeep\n|\n|t:|1700758678\n|switch|p1a: Samurott|Samurott-Hisui, F|100\/100\n|turn|5\n|\n|t:|1700758698\n|switch|p2a: Torkoal|Torkoal, M, shiny|100\/100\n|move|p1a: Samurott|Ceaseless Edge|p2a: Torkoal\n|-damage|p2a: Torkoal|76\/100\n|-sidestart|p2: mty99170254|Spikes\n|\n|-weather|SunnyDay|[upkeep]\n|upkeep\n|turn|6\n|\n|t:|1700758707\n|move|p1a: Samurott|Ceaseless Edge|p2a: Torkoal\n|-damage|p2a: Torkoal|52\/100\n|-sidestart|p2: mty99170254|Spikes\n|move|p2a: Torkoal|Body Press|p1a: Samurott\n|-supereffective|p1a: Samurott\n|-damage|p1a: Samurott|24\/100\n|\n|-weather|SunnyDay|[upkeep]\n|upkeep\n|turn|7\n|\n|t:|1700758716\n|move|p1a: Samurott|Ceaseless Edge|p2a: Torkoal\n|-damage|p2a: Torkoal|27\/100\n|-sidestart|p2: mty99170254|Spikes\n|move|p2a: Torkoal|Yawn|p1a: Samurott\n|-start|p1a: Samurott|move: Yawn|[of] p2a: Torkoal\n|\n|-weather|SunnyDay|[upkeep]\n|upkeep\n|turn|8\n|\n|t:|1700758726\n|move|p1a: Samurott|Flip Turn|p2a: Torkoal\n|-supereffective|p2a: Torkoal\n|-damage|p2a: Torkoal|11\/100\n|\n|t:|1700758730\n|switch|p1a: Ribombee|Ribombee, M|100\/100|[from] Flip Turn\n|move|p2a: Torkoal|Rapid Spin|p1a: Ribombee\n|-damage|p1a: Ribombee|80\/100\n|-boost|p2a: Torkoal|spe|1\n|-sideend|p2: mty99170254|Spikes|[from] move: Rapid Spin|[of] p2a: Torkoal\n|\n|-weather|none\n|upkeep\n|turn|9\n|\n|t:|1700758740\n|switch|p2a: Hatterene|Hatterene, F, shiny|11\/100\n|move|p1a: Ribombee|Bug Buzz|p2a: Hatterene\n|-damage|p2a: Hatterene|0 fnt\n|faint|p2a: Hatterene\n|\n|upkeep\n|\n|t:|1700758746\n|switch|p2a: Torkoal|Torkoal, M, shiny|11\/100\n|-weather|SunnyDay|[from] ability: Drought|[of] p2a: Torkoal\n|turn|10\n|\n|t:|1700758752\n|move|p1a: Ribombee|Sticky Web|p2a: Torkoal\n|-sidestart|p2: mty99170254|move: Sticky Web\n|move|p2a: Torkoal|Stealth Rock|p1a: Ribombee\n|-sidestart|p1: javipatato|move: Stealth Rock\n|\n|-weather|SunnyDay|[upkeep]\n|upkeep\n|turn|11\n|\n|t:|1700758761\n|move|p1a: Ribombee|Moonblast|p2a: Torkoal\n|-resisted|p2a: Torkoal\n|-damage|p2a: Torkoal|0 fnt\n|faint|p2a: Torkoal\n|\n|-weather|SunnyDay|[upkeep]\n|upkeep\n|\n|t:|1700758762\n|switch|p2a: Leafeon|Leafeon, F|100\/100\n|-activate|p2a: Leafeon|move: Sticky Web\n|-unboost|p2a: Leafeon|spe|1\n|turn|12\n|\n|t:|1700758784\n|-terastallize|p2a: Leafeon|Fire\n|move|p2a: Leafeon|Swords Dance|p2a: Leafeon\n|-boost|p2a: Leafeon|atk|2\n|move|p1a: Ribombee|Bug Buzz|p2a: Leafeon\n|-resisted|p2a: Leafeon\n|-crit|p2a: Leafeon\n|-damage|p2a: Leafeon|47\/100\n|\n|-weather|SunnyDay|[upkeep]\n|upkeep\n|turn|13\n|\n|t:|1700758795\n|move|p2a: Leafeon|Tera Blast|p1a: Ribombee|[anim] Tera Blast Fire\n|-supereffective|p1a: Ribombee\n|-damage|p1a: Ribombee|0 fnt\n|faint|p1a: Ribombee\n|\n|-weather|SunnyDay|[upkeep]\n|upkeep\n|\n|t:|1700758811\n|switch|p1a: Gardevoir|Gardevoir, F|100\/100\n|-damage|p1a: Gardevoir|88\/100|[from] Stealth Rock\n|turn|14\n|\n|t:|1700758818\n|switch|p1a: Samurott|Samurott-Hisui, F|24\/100\n|-damage|p1a: Samurott|12\/100|[from] Stealth Rock\n|move|p2a: Leafeon|Solar Blade||[still]\n|-prepare|p2a: Leafeon|Solar Blade\n|-anim|p2a: Leafeon|Solar Blade|p1a: Samurott\n|-supereffective|p1a: Samurott\n|-damage|p1a: Samurott|0 fnt\n|faint|p1a: Samurott\n|\n|-weather|SunnyDay|[upkeep]\n|upkeep\n|-message|javipatato forfeited.\n|\n|win|mty99170254\n|raw|javipatato's rating: 1261 &rarr; <strong>1233<\/strong><br \/>(-28 for losing)\n|raw|mty99170254's rating: 1217 &rarr; <strong>1245<\/strong><br \/>(+28 for winning)\n|l|\u2606javipatato\n","uploadtime":1700758834,"views":0,"p1id":"javipatato","p2id":"mty99170254","formatid":"gen9nationaldex","rating":1233,"private":0,"password":""}