{"id":"gen9nationaldex-1991602203","p1":"clorboycoctopus","p2":"Kuzwa","format":"[Gen 9] National Dex","log":"|j|\u2606clorboycoctopus\n|j|\u2606Kuzwa\n|t:|1700093008\n|gametype|singles\n|player|p1|clorboycoctopus|blackbelt-gen4dp|1327\n|player|p2|Kuzwa|parasollady|1404\n|teamsize|p1|6\n|teamsize|p2|6\n|gen|9\n|tier|[Gen 9] National Dex\n|rated|\n|rule|HP Percentage Mod: HP is shown in percentages\n|rule|Endless Battle Clause: Forcing endless battles is banned\n|rule|OHKO Clause: OHKO moves are banned\n|rule|Evasion Clause: Evasion abilities, items, and moves are banned\n|rule|Evasion Abilities Clause: Evasion abilities are banned\n|rule|Evasion Items Clause: Evasion items are banned\n|rule|Evasion Moves Clause: Evasion moves are banned\n|rule|Species Clause: Limit one of each Pok\u00e9mon\n|rule|Sleep Clause Mod: Limit one foe put to sleep\n|clearpoke\n|poke|p1|Tapu Koko|\n|poke|p1|Ribombee, F|\n|poke|p1|Xurkitree|\n|poke|p1|Aegislash, M|\n|poke|p1|Volcarona, F|\n|poke|p1|Dragonite, M|\n|poke|p2|Kartana|\n|poke|p2|Weavile, M|\n|poke|p2|Ogerpon-Wellspring, F|\n|poke|p2|Zeraora|\n|poke|p2|Glimmora, M|\n|poke|p2|Blaziken, M|\n|teampreview\n|inactive|Battle timer is ON: inactive players will automatically lose when time's up. (requested by clorboycoctopus)\n|\n|t:|1700093013\n|start\n|switch|p1a: Ribombee|Ribombee, F|100\/100\n|switch|p2a: thing|Glimmora, M|100\/100\n|-item|p2a: thing|Air Balloon\n|turn|1\n|\n|t:|1700093024\n|move|p1a: Ribombee|Sticky Web|p2a: thing\n|-sidestart|p2: Kuzwa|move: Sticky Web\n|move|p2a: thing|Sludge Wave|p1a: Ribombee\n|-supereffective|p1a: Ribombee\n|-enditem|p1a: Ribombee|Focus Sash\n|-damage|p1a: Ribombee|1\/100\n|\n|upkeep\n|turn|2\n|\n|t:|1700093026\n|move|p1a: Ribombee|Moonblast|p2a: thing\n|-resisted|p2a: thing\n|-damage|p2a: thing|74\/100\n|-enditem|p2a: thing|Air Balloon\n|move|p2a: thing|Mortal Spin|p1a: Ribombee\n|-supereffective|p1a: Ribombee\n|-damage|p1a: Ribombee|0 fnt\n|-sideend|p2: Kuzwa|Sticky Web|[from] move: Mortal Spin|[of] p2a: thing\n|faint|p1a: Ribombee\n|\n|upkeep\n|\n|t:|1700093043\n|switch|p1a: Tapu Koko|Tapu Koko|100\/100\n|-fieldstart|move: Electric Terrain|[from] ability: Electric Surge|[of] p1a: Tapu Koko\n|turn|3\n|\n|t:|1700093045\n|move|p1a: Tapu Koko|Taunt|p2a: thing\n|-start|p2a: thing|move: Taunt\n|move|p2a: thing|Sludge Wave|p1a: Tapu Koko\n|-supereffective|p1a: Tapu Koko\n|-damage|p1a: Tapu Koko|0 fnt\n|faint|p1a: Tapu Koko\n|\n|upkeep\n|\n|t:|1700093049\n|switch|p1a: Xurkitree|Xurkitree|100\/100\n|turn|4\n|\n|t:|1700093051\n|move|p2a: thing|Earth Power|p1a: Xurkitree\n|-supereffective|p1a: Xurkitree\n|-damage|p1a: Xurkitree|13\/100\n|-unboost|p1a: Xurkitree|spd|1\n|move|p1a: Xurkitree|Thunderbolt|p2a: thing\n|-damage|p2a: thing|0 fnt\n|faint|p2a: thing\n|-ability|p1a: Xurkitree|Beast Boost|boost\n|-boost|p1a: Xurkitree|spa|1\n|\n|-heal|p1a: Xurkitree|19\/100|[from] item: Leftovers\n|upkeep\n|\n|t:|1700093057\n|switch|p2a: Makoto Yuki|Kartana, shiny|100\/100\n|turn|5\n|\n|t:|1700093060\n|move|p2a: Makoto Yuki|Leaf Blade|p1a: Xurkitree\n|-damage|p1a: Xurkitree|0 fnt\n|faint|p1a: Xurkitree\n|-ability|p2a: Makoto Yuki|Beast Boost|boost\n|-boost|p2a: Makoto Yuki|atk|1\n|\n|upkeep\n|\n|t:|1700093061\n|switch|p1a: Volcarona|Volcarona, F|100\/100\n|turn|6\n|\n|t:|1700093064\n|move|p2a: Makoto Yuki|Smart Strike|p1a: Volcarona\n|-resisted|p1a: Volcarona\n|-damage|p1a: Volcarona|42\/100\n|move|p1a: Volcarona|Quiver Dance|p1a: Volcarona\n|-boost|p1a: Volcarona|spa|1\n|-boost|p1a: Volcarona|spd|1\n|-boost|p1a: Volcarona|spe|1\n|\n|upkeep\n|turn|7\n|\n|t:|1700093067\n|move|p1a: Volcarona|Flamethrower|p2a: Makoto Yuki\n|-supereffective|p2a: Makoto Yuki\n|-enditem|p2a: Makoto Yuki|Focus Sash\n|-damage|p2a: Makoto Yuki|1\/100\n|move|p2a: Makoto Yuki|Smart Strike|p1a: Volcarona\n|-resisted|p1a: Volcarona\n|-damage|p1a: Volcarona|0 fnt\n|-status|p2a: Makoto Yuki|brn|[from] ability: Flame Body|[of] p1a: Volcarona\n|faint|p1a: Volcarona\n|-ability|p2a: Makoto Yuki|Beast Boost|boost\n|-boost|p2a: Makoto Yuki|atk|1\n|\n|-damage|p2a: Makoto Yuki|0 fnt|[from] brn\n|faint|p2a: Makoto Yuki\n|-fieldend|move: Electric Terrain\n|upkeep\n|\n|t:|1700093073\n|switch|p2a: Junpei Iori|Weavile, M, shiny|100\/100\n|switch|p1a: Aegislash|Aegislash, M|100\/100\n|-item|p1a: Aegislash|Air Balloon\n|turn|8\n|\n|t:|1700093076\n|move|p2a: Junpei Iori|Knock Off|p1a: Aegislash\n|-supereffective|p1a: Aegislash\n|-damage|p1a: Aegislash|15\/100\n|-enditem|p1a: Aegislash|Air Balloon\n|move|p1a: Aegislash|Swords Dance|p1a: Aegislash\n|-boost|p1a: Aegislash|atk|2\n|\n|upkeep\n|turn|9\n|\n|t:|1700093080\n|move|p2a: Junpei Iori|Knock Off|p1a: Aegislash\n|-supereffective|p1a: Aegislash\n|-damage|p1a: Aegislash|0 fnt\n|faint|p1a: Aegislash\n|\n|upkeep\n|\n|t:|1700093081\n|switch|p1a: Dragonite|Dragonite, M|100\/100\n|turn|10\n|\n|t:|1700093085\n|-terastallize|p1a: Dragonite|Normal\n|move|p2a: Junpei Iori|Knock Off|p1a: Dragonite\n|-damage|p1a: Dragonite|73\/100\n|-enditem|p1a: Dragonite|Heavy-Duty Boots|[from] move: Knock Off|[of] p2a: Junpei Iori\n|move|p1a: Dragonite|Dragon Dance|p1a: Dragonite\n|-boost|p1a: Dragonite|atk|1\n|-boost|p1a: Dragonite|spe|1\n|\n|upkeep\n|turn|11\n|\n|t:|1700093091\n|move|p1a: Dragonite|Dragon Dance|p1a: Dragonite\n|-boost|p1a: Dragonite|atk|1\n|-boost|p1a: Dragonite|spe|1\n|move|p2a: Junpei Iori|Ice Spinner|p1a: Dragonite\n|-damage|p1a: Dragonite|31\/100\n|\n|upkeep\n|turn|12\n|\n|t:|1700093094\n|move|p1a: Dragonite|Extreme Speed|p2a: Junpei Iori\n|-enditem|p2a: Junpei Iori|Focus Sash\n|-damage|p2a: Junpei Iori|1\/100\n|move|p2a: Junpei Iori|Ice Spinner|p1a: Dragonite\n|-damage|p1a: Dragonite|0 fnt\n|faint|p1a: Dragonite\n|\n|win|Kuzwa\n|raw|clorboycoctopus's rating: 1327 &rarr; <strong>1311<\/strong><br \/>(-16 for losing)\n|raw|Kuzwa's rating: 1404 &rarr; <strong>1420<\/strong><br \/>(+16 for winning)\n","uploadtime":1700093097,"views":4,"p1id":"clorboycoctopus","p2id":"kuzwa","formatid":"gen9nationaldex","rating":1311,"private":0,"password":""}