{"id":"gen9nationaldex-1988973446","p1":"pokeashbattle","p2":"Krish2278","format":"[Gen 9] National Dex","log":"|j|\u2606pokeashbattle\n|j|\u2606Krish2278\n|t:|1699796823\n|gametype|singles\n|player|p1|pokeashbattle|pokemonranger-gen4|\n|player|p2|Krish2278|bellelba|\n|teamsize|p1|6\n|teamsize|p2|6\n|gen|9\n|tier|[Gen 9] National Dex\n|rule|HP Percentage Mod: HP is shown in percentages\n|rule|Endless Battle Clause: Forcing endless battles is banned\n|rule|OHKO Clause: OHKO moves are banned\n|rule|Evasion Clause: Evasion abilities, items, and moves are banned\n|rule|Evasion Abilities Clause: Evasion abilities are banned\n|rule|Evasion Items Clause: Evasion items are banned\n|rule|Evasion Moves Clause: Evasion moves are banned\n|rule|Species Clause: Limit one of each Pok\u00e9mon\n|rule|Sleep Clause Mod: Limit one foe put to sleep\n|clearpoke\n|poke|p1|Pyukumuku, M|\n|poke|p1|Lopunny, F|\n|poke|p1|Corsola-Galar, F|\n|poke|p1|Porygon-Z|\n|poke|p1|Glimmora, F|\n|poke|p1|Basculegion-F, F|\n|poke|p2|Gliscor, M|\n|poke|p2|Rillaboom, F|\n|poke|p2|Dragonite, M|\n|poke|p2|Scizor, M|\n|poke|p2|Zapdos|\n|poke|p2|Kommo-o, F|\n|teampreview\n|inactive|Battle timer is ON: inactive players will automatically lose when time's up. (requested by pokeashbattle)\n|inactive|pokeashbattle has 270 seconds left.\n|inactive|Krish2278 has 270 seconds left.\n|\n|t:|1699796869\n|start\n|switch|p1a: Glimmora|Glimmora, F, shiny|100\/100\n|switch|p2a: Zapdos|Zapdos|100\/100\n|turn|1\n|\n|t:|1699796882\n|switch|p1a: Corsola|Corsola-Galar, F, shiny|100\/100\n|move|p2a: Zapdos|Thunderbolt|p1a: Corsola\n|-damage|p1a: Corsola|68\/100\n|\n|upkeep\n|turn|2\n|j| Blazzeon\n|\n|t:|1699796890\n|move|p2a: Zapdos|U-turn|p1a: Corsola\n|-resisted|p1a: Corsola\n|-damage|p1a: Corsola|65\/100\n|-start|p2a: Zapdos|Disable|U-turn|[from] ability: Cursed Body|[of] p1a: Corsola\n|c| Blazzeon|Teri bhen chud Jaye\ud83e\udd2a\ud83e\udd2a\n|\n|t:|1699796906\n|switch|p2a: Rillaboom|Rillaboom, F|100\/100|[from] U-turn\n|-fieldstart|move: Grassy Terrain|[from] ability: Grassy Surge|[of] p2a: Rillaboom\n|move|p1a: Corsola|Calm Mind|p1a: Corsola\n|-boost|p1a: Corsola|spa|1\n|-boost|p1a: Corsola|spd|1\n|\n|-heal|p1a: Corsola|71\/100|[from] Grassy Terrain\n|upkeep\n|turn|3\n|j| Kartik thats it\n|\n|t:|1699796916\n|move|p2a: Rillaboom|Grassy Glide|p1a: Corsola\n|-damage|p1a: Corsola|41\/100\n|move|p1a: Corsola|Strength Sap|p2a: Rillaboom\n|-unboost|p2a: Rillaboom|atk|1\n|-heal|p1a: Corsola|100\/100\n|\n|upkeep\n|turn|4\n|c| Kartik thats it|Kartik thats it\n|c| Kartik thats it|Joined\n|c| Blazzeon|Asg sweep hojayga\n|c| Blazzeon|Warn kia tha\n|\n|t:|1699796932\n|switch|p2a: Kommo-o|Kommo-o, F|100\/100\n|move|p1a: Corsola|Will-O-Wisp|p2a: Kommo-o\n|-status|p2a: Kommo-o|brn\n|\n|-damage|p2a: Kommo-o|94\/100 brn|[from] brn\n|upkeep\n|turn|5\n|c| Blazzeon|Cursola ke bare m\n|\n|t:|1699796939\n|-zpower|p2a: Kommo-o\n|move|p2a: Kommo-o|Clangorous Soulblaze|p1a: Corsola|[zeffect]\n|-damage|p1a: Corsola|71\/100\n|-boost|p2a: Kommo-o|atk|1\n|-boost|p2a: Kommo-o|def|1\n|-boost|p2a: Kommo-o|spa|1\n|-boost|p2a: Kommo-o|spd|1\n|-boost|p2a: Kommo-o|spe|1\n|move|p1a: Corsola|Calm Mind|p1a: Corsola\n|-boost|p1a: Corsola|spa|1\n|-boost|p1a: Corsola|spd|1\n|\n|-heal|p2a: Kommo-o|100\/100 brn|[from] Grassy Terrain\n|-heal|p1a: Corsola|77\/100|[from] Grassy Terrain\n|-damage|p2a: Kommo-o|94\/100 brn|[from] brn\n|upkeep\n|turn|6\n|c|\u2606Krish2278|\ud83d\ude2d\ud83d\ude2d\ud83d\ude2d\ud83d\ude2d\n|\n|t:|1699796952\n|move|p2a: Kommo-o|Earthquake|p1a: Corsola\n|-damage|p1a: Corsola|71\/100\n|move|p1a: Corsola|Strength Sap|p2a: Kommo-o\n|-unboost|p2a: Kommo-o|atk|1\n|-heal|p1a: Corsola|100\/100\n|\n|-heal|p2a: Kommo-o|100\/100 brn|[from] Grassy Terrain\n|-damage|p2a: Kommo-o|94\/100 brn|[from] brn\n|-fieldend|move: Grassy Terrain\n|upkeep\n|turn|7\n|\n|t:|1699796958\n|move|p2a: Kommo-o|Clanging Scales|p1a: Corsola\n|-damage|p1a: Corsola|81\/100\n|-unboost|p2a: Kommo-o|def|1\n|move|p1a: Corsola|Calm Mind|p1a: Corsola\n|-boost|p1a: Corsola|spa|1\n|-boost|p1a: Corsola|spd|1\n|\n|-damage|p2a: Kommo-o|88\/100 brn|[from] brn\n|upkeep\n|turn|8\n|\n|t:|1699796965\n|move|p2a: Kommo-o|Iron Head|p1a: Corsola\n|-damage|p1a: Corsola|75\/100\n|move|p1a: Corsola|Calm Mind|p1a: Corsola\n|-boost|p1a: Corsola|spa|1\n|-boost|p1a: Corsola|spd|1\n|\n|-damage|p2a: Kommo-o|82\/100 brn|[from] brn\n|upkeep\n|turn|9\n|c|\u2606pokeashbattle|Bruh\n|c| Blazzeon|Gliscor hi marskta ise\n|\n|t:|1699796980\n|move|p2a: Kommo-o|Earthquake|p1a: Corsola\n|-damage|p1a: Corsola|66\/100\n|move|p1a: Corsola|Calm Mind|p1a: Corsola\n|-boost|p1a: Corsola|spa|1\n|-boost|p1a: Corsola|spd|1\n|\n|-damage|p2a: Kommo-o|76\/100 brn|[from] brn\n|upkeep\n|turn|10\n|\n|t:|1699796986\n|move|p2a: Kommo-o|Earthquake|p1a: Corsola\n|-damage|p1a: Corsola|59\/100\n|move|p1a: Corsola|Strength Sap|p2a: Kommo-o\n|-unboost|p2a: Kommo-o|atk|1\n|-heal|p1a: Corsola|100\/100\n|\n|-damage|p2a: Kommo-o|70\/100 brn|[from] brn\n|upkeep\n|turn|11\n|\n|t:|1699796998\n|switch|p2a: Rillaboom|Rillaboom, F|100\/100\n|-fieldstart|move: Grassy Terrain|[from] ability: Grassy Surge|[of] p2a: Rillaboom\n|move|p1a: Corsola|Strength Sap|p2a: Rillaboom\n|-unboost|p2a: Rillaboom|atk|1\n|\n|upkeep\n|turn|12\n|\n|t:|1699797002\n|move|p2a: Rillaboom|Knock Off|p1a: Corsola\n|-supereffective|p1a: Corsola\n|-damage|p1a: Corsola|68\/100\n|-enditem|p1a: Corsola|Eviolite|[from] move: Knock Off|[of] p2a: Rillaboom\n|move|p1a: Corsola|Will-O-Wisp|p2a: Rillaboom\n|-status|p2a: Rillaboom|brn\n|\n|-heal|p1a: Corsola|75\/100|[from] Grassy Terrain\n|-damage|p2a: Rillaboom|94\/100 brn|[from] brn\n|upkeep\n|turn|13\n|c| Blazzeon|Gliscor ka toxic krde naa\n|c|\u2606Krish2278|Madarchod\n|c|\u2606Krish2278|Sala\n|\n|t:|1699797014\n|move|p2a: Rillaboom|Knock Off|p1a: Corsola\n|-supereffective|p1a: Corsola\n|-damage|p1a: Corsola|59\/100\n|-start|p2a: Rillaboom|Disable|Knock Off|[from] ability: Cursed Body|[of] p1a: Corsola\n|move|p1a: Corsola|Strength Sap|p2a: Rillaboom\n|-unboost|p2a: Rillaboom|atk|1\n|-heal|p1a: Corsola|100\/100\n|\n|-heal|p2a: Rillaboom|100\/100 brn|[from] Grassy Terrain\n|-damage|p2a: Rillaboom|94\/100 brn|[from] brn\n|upkeep\n|turn|14\n|\n|t:|1699797018\n|-activate|p2a: Rillaboom|move: Struggle\n|move|p2a: Rillaboom|Struggle|p1a: Corsola\n|-damage|p1a: Corsola|96\/100\n|-damage|p2a: Rillaboom|69\/100 brn|[from] recoil\n|move|p1a: Corsola|Earth Power|p2a: Rillaboom\n|-resisted|p2a: Rillaboom\n|-damage|p2a: Rillaboom|35\/100 brn\n|\n|-heal|p2a: Rillaboom|41\/100 brn|[from] Grassy Terrain\n|-heal|p1a: Corsola|100\/100|[from] Grassy Terrain\n|-damage|p2a: Rillaboom|35\/100 brn|[from] brn\n|upkeep\n|turn|15\n|c|\u2606pokeashbattle|Hahah\n|\n|t:|1699797040\n|switch|p2a: Zapdos|Zapdos|100\/100\n|move|p1a: Corsola|Earth Power|p2a: Zapdos\n|-immune|p2a: Zapdos\n|\n|-fieldend|move: Grassy Terrain\n|upkeep\n|turn|16\n|\n|t:|1699797045\n|move|p2a: Zapdos|U-turn|p1a: Corsola\n|-resisted|p1a: Corsola\n|-damage|p1a: Corsola|96\/100\n|c| Kartik thats it|Damn\n|\n|t:|1699797048\n|switch|p2a: Gliscor|Gliscor, M|100\/100|[from] U-turn\n|move|p1a: Corsola|Will-O-Wisp|p2a: Gliscor|[miss]\n|-miss|p1a: Corsola|p2a: Gliscor\n|\n|-status|p2a: Gliscor|tox|[from] item: Toxic Orb\n|upkeep\n|turn|17\n|\n|t:|1699797055\n|move|p2a: Gliscor|Earthquake|p1a: Corsola\n|-damage|p1a: Corsola|63\/100\n|-start|p2a: Gliscor|Disable|Earthquake|[from] ability: Cursed Body|[of] p1a: Corsola\n|move|p1a: Corsola|Strength Sap|p2a: Gliscor\n|-unboost|p2a: Gliscor|atk|1\n|-heal|p1a: Corsola|100\/100\n|\n|upkeep\n|turn|18\n|c| Blazzeon|Toxic krde na be\n|c| Blazzeon|Hag mat\n|c| Blazzeon|Ni marskta cursola ko ese\n|\n|t:|1699797074\n|move|p2a: Gliscor|Stone Edge|p1a: Corsola\n|-damage|p1a: Corsola|85\/100\n|move|p1a: Corsola|Will-O-Wisp||[still]\n|-fail|p1a: Corsola\n|\n|upkeep\n|turn|19\n|c|\u2606Krish2278|Mere pass nhi hain\n|\n|t:|1699797080\n|move|p2a: Gliscor|Stone Edge|p1a: Corsola\n|-damage|p1a: Corsola|67\/100\n|move|p1a: Corsola|Strength Sap|p2a: Gliscor\n|-unboost|p2a: Gliscor|atk|1\n|-heal|p1a: Corsola|100\/100\n|\n|upkeep\n|turn|20\n|c| Blazzeon|Hargy fir tu yeh match\n|\n|t:|1699797090\n|switch|p1a: Glimmora|Glimmora, F, shiny|100\/100\n|move|p2a: Gliscor|Stone Edge|p1a: Glimmora\n|-damage|p1a: Glimmora|84\/100\n|-activate|p1a: Glimmora|ability: Toxic Debris\n|-sidestart|p2: Krish2278|move: Toxic Spikes\n|\n|-end|p2a: Gliscor|Disable\n|upkeep\n|turn|21\n|\n|t:|1699797098\n|move|p1a: Glimmora|Stealth Rock|p2a: Gliscor\n|-sidestart|p2: Krish2278|move: Stealth Rock\n|move|p2a: Gliscor|Earthquake|p1a: Glimmora\n|-supereffective|p1a: Glimmora\n|-damage|p1a: Glimmora|0 fnt\n|-activate|p1a: Glimmora|ability: Toxic Debris\n|-sidestart|p2: Krish2278|move: Toxic Spikes\n|faint|p1a: Glimmora\n|\n|upkeep\n|\n|t:|1699797104\n|switch|p1a: Basculegion|Basculegion-F, F, shiny|100\/100\n|turn|22\n|c|\u2606Krish2278|Still\n|c|\u2606Krish2278|Notd\n|c|\u2606Krish2278|Dragonite\n|\n|t:|1699797123\n|switch|p2a: Rillaboom|Rillaboom, F|35\/100 brn\n|-damage|p2a: Rillaboom|22\/100 brn|[from] Stealth Rock\n|-fieldstart|move: Grassy Terrain|[from] ability: Grassy Surge|[of] p2a: Rillaboom\n|move|p1a: Basculegion|Ice Beam|p2a: Rillaboom\n|-supereffective|p2a: Rillaboom\n|-damage|p2a: Rillaboom|0 fnt\n|faint|p2a: Rillaboom\n|\n|upkeep\n|c| Kartik thats it|Who is this\n|c| Blazzeon|Hagdia\n|\n|t:|1699797140\n|switch|p2a: Zapdos|Zapdos|100\/100\n|-damage|p2a: Zapdos|76\/100|[from] Stealth Rock\n|turn|23\n|\n|t:|1699797145\n|-terastallize|p1a: Basculegion|Ghost\n|move|p1a: Basculegion|Ice Beam|p2a: Zapdos\n|-supereffective|p2a: Zapdos\n|-damage|p2a: Zapdos|11\/100\n|move|p2a: Zapdos|Thunderbolt|p1a: Basculegion\n|-damage|p1a: Basculegion|47\/100\n|\n|-heal|p1a: Basculegion|54\/100|[from] Grassy Terrain\n|-heal|p2a: Zapdos|17\/100|[from] item: Leftovers\n|upkeep\n|turn|24\n|\n|t:|1699797155\n|move|p1a: Basculegion|Ice Beam|p2a: Zapdos\n|-supereffective|p2a: Zapdos\n|-damage|p2a: Zapdos|0 fnt\n|faint|p2a: Zapdos\n|\n|-heal|p1a: Basculegion|60\/100|[from] Grassy Terrain\n|upkeep\n|\n|t:|1699797157\n|switch|p2a: Scizor|Scizor, M|100\/100\n|-damage|p2a: Scizor|88\/100|[from] Stealth Rock\n|turn|25\n|c| Blazzeon|Scarfed h shayad\n|\n|t:|1699797161\n|switch|p1a: Corsola|Corsola-Galar, F, shiny|100\/100\n|detailschange|p2a: Scizor|Scizor-Mega, M\n|-mega|p2a: Scizor|Scizor|Scizorite\n|move|p2a: Scizor|Swords Dance|p2a: Scizor\n|-boost|p2a: Scizor|atk|2\n|\n|-heal|p2a: Scizor|94\/100|[from] Grassy Terrain\n|upkeep\n|turn|26\n|c|\u2606Krish2278|Iyes\n|\n|t:|1699797174\n|move|p2a: Scizor|Bullet Punch|p1a: Corsola\n|-damage|p1a: Corsola|47\/100\n|-start|p2a: Scizor|Disable|Bullet Punch|[from] ability: Cursed Body|[of] p1a: Corsola\n|move|p1a: Corsola|Will-O-Wisp|p2a: Scizor\n|-status|p2a: Scizor|brn\n|\n|-heal|p2a: Scizor|100\/100 brn|[from] Grassy Terrain\n|-heal|p1a: Corsola|53\/100|[from] Grassy Terrain\n|-damage|p2a: Scizor|94\/100 brn|[from] brn\n|-fieldend|move: Grassy Terrain\n|upkeep\n|turn|27\n|c| Blazzeon|Jaldi maar ab\n|c| Blazzeon|Jaldi\n|c|\u2606Krish2278|Yaaar\n|c|\u2606Krish2278|Madarchod\n|c| Blazzeon|Gya ab ye bhi\n|c|\u2606Krish2278|Cursola\n|\n|t:|1699797189\n|switch|p2a: Gliscor|Gliscor, M|100\/100 tox\n|-damage|p2a: Gliscor|88\/100 tox|[from] Stealth Rock\n|move|p1a: Corsola|Strength Sap|p2a: Gliscor\n|-unboost|p2a: Gliscor|atk|1\n|-heal|p1a: Corsola|100\/100\n|\n|-heal|p2a: Gliscor|100\/100 tox|[from] ability: Poison Heal\n|upkeep\n|turn|28\n|c|\u2606Krish2278|Stall hain ye\n|\n|t:|1699797208\n|move|p2a: Gliscor|Earthquake|p1a: Corsola\n|-damage|p1a: Corsola|75\/100\n|-start|p2a: Gliscor|Disable|Earthquake|[from] ability: Cursed Body|[of] p1a: Corsola\n|move|p1a: Corsola|Calm Mind|p1a: Corsola\n|-boost|p1a: Corsola|spa|1\n|-boost|p1a: Corsola|spd|1\n|\n|upkeep\n|turn|29\n|c|\u2606Krish2278|Bhenchod\n|\n|t:|1699797216\n|switch|p2a: Scizor|Scizor-Mega, M|94\/100 brn\n|-damage|p2a: Scizor|82\/100 brn|[from] Stealth Rock\n|move|p1a: Corsola|Strength Sap|p2a: Scizor\n|-unboost|p2a: Scizor|atk|1\n|-heal|p1a: Corsola|100\/100\n|\n|-damage|p2a: Scizor|76\/100 brn|[from] brn\n|upkeep\n|turn|30\n|\n|t:|1699797221\n|move|p2a: Scizor|Swords Dance|p2a: Scizor\n|-boost|p2a: Scizor|atk|2\n|move|p1a: Corsola|Earth Power|p2a: Scizor\n|-damage|p2a: Scizor|53\/100 brn\n|\n|-damage|p2a: Scizor|47\/100 brn|[from] brn\n|upkeep\n|turn|31\n|\n|t:|1699797224\n|move|p2a: Scizor|Swords Dance|p2a: Scizor\n|-boost|p2a: Scizor|atk|2\n|move|p1a: Corsola|Earth Power|p2a: Scizor\n|-damage|p2a: Scizor|27\/100 brn\n|\n|-damage|p2a: Scizor|21\/100 brn|[from] brn\n|upkeep\n|turn|32\n|\n|t:|1699797231\n|move|p2a: Scizor|Bullet Punch|p1a: Corsola\n|-damage|p1a: Corsola|66\/100\n|move|p1a: Corsola|Earth Power|p2a: Scizor\n|-damage|p2a: Scizor|1\/100 brn\n|\n|-damage|p2a: Scizor|0 fnt|[from] brn\n|faint|p2a: Scizor\n|upkeep\n|\n|t:|1699797235\n|switch|p2a: Dragonite|Dragonite, M|100\/100\n|turn|33\n|c|\u2606Krish2278|Last hope\n|\n|t:|1699797247\n|move|p2a: Dragonite|Outrage|p1a: Corsola\n|-damage|p1a: Corsola|15\/100\n|move|p1a: Corsola|Will-O-Wisp|p2a: Dragonite|[miss]\n|-miss|p1a: Corsola|p2a: Dragonite\n|\n|upkeep\n|turn|34\n|\n|t:|1699797253\n|move|p2a: Dragonite|Outrage|p1a: Corsola|[from]lockedmove\n|-damage|p1a: Corsola|0 fnt\n|faint|p1a: Corsola\n|\n|upkeep\n|c| Blazzeon|W\n|\n|t:|1699797259\n|switch|p1a: Lopunny|Lopunny, F, shiny|100\/100\n|turn|35\n|c| Blazzeon|W\n|c| Blazzeon|Big W\n|\n|t:|1699797264\n|detailschange|p1a: Lopunny|Lopunny-Mega, F, shiny\n|-mega|p1a: Lopunny|Lopunny|Lopunnite\n|move|p1a: Lopunny|Fake Out|p2a: Dragonite\n|-damage|p2a: Dragonite|88\/100\n|cant|p2a: Dragonite|flinch\n|\n|-start|p2a: Dragonite|confusion|[fatigue]\n|upkeep\n|turn|36\n|c| Blazzeon|Dance kr\n|\n|t:|1699797275\n|-terastallize|p2a: Dragonite|Normal\n|move|p1a: Lopunny|Power-Up Punch|p2a: Dragonite\n|-supereffective|p2a: Dragonite\n|-damage|p2a: Dragonite|43\/100\n|-boost|p1a: Lopunny|atk|1\n|-activate|p2a: Dragonite|confusion\n|-damage|p2a: Dragonite|25\/100|[from] confusion\n|\n|upkeep\n|turn|37\n|c| Blazzeon|Dragon dance\n|\n|t:|1699797284\n|-end|p2a: Dragonite|confusion\n|move|p2a: Dragonite|Extreme Speed|p1a: Lopunny\n|-damage|p1a: Lopunny|35\/100\n|move|p1a: Lopunny|Power-Up Punch|p2a: Dragonite\n|-supereffective|p2a: Dragonite\n|-damage|p2a: Dragonite|0 fnt\n|-boost|p1a: Lopunny|atk|1\n|faint|p2a: Dragonite\n|\n|upkeep\n|c| Blazzeon|Hagdia\n|c| Blazzeon|Tera kyu kia\n|\n|t:|1699797290\n|switch|p2a: Kommo-o|Kommo-o, F|70\/100 brn\n|-damage|p2a: Kommo-o|63\/100 brn|[from] Stealth Rock\n|turn|38\n|c|\u2606Krish2278|Gg\n|c|\u2606Krish2278|Ash\n|\n|t:|1699797302\n|move|p1a: Lopunny|Last Resort|p2a: Kommo-o\n|-damage|p2a: Kommo-o|0 fnt\n|faint|p2a: Kommo-o\n|\n|upkeep\n|c|\u2606Krish2278|Mujhe laga\n|c| Blazzeon|Tera nahi karta toh chance tha\n|c|\u2606Krish2278|Ki woh ice pounch mareg\n|\n|t:|1699797315\n|switch|p2a: Gliscor|Gliscor, M|100\/100 tox\n|-damage|p2a: Gliscor|88\/100 tox|[from] Stealth Rock\n|turn|39\n|\n|t:|1699797320\n|move|p1a: Lopunny|Last Resort|p2a: Gliscor\n|-damage|p2a: Gliscor|0 fnt\n|faint|p2a: Gliscor\n|\n|win|pokeashbattle\n|l|\u2606pokeashbattle\n","uploadtime":1699797332,"views":5,"p1id":"pokeashbattle","p2id":"krish2278","formatid":"gen9nationaldex","rating":0,"private":0,"password":""}