{"id":"gen9nationaldex-1987561045","p1":"Morakun","p2":"woshikoudaimi","format":"[Gen 9] National Dex","log":"|j|\u2606Morakun\n|j|\u2606woshikoudaimi\n|t:|1699612261\n|gametype|singles\n|player|p1|Morakun|265|1289\n|player|p2|woshikoudaimi|hilda-masters3|1344\n|teamsize|p1|6\n|teamsize|p2|6\n|gen|9\n|tier|[Gen 9] National Dex\n|rated|\n|rule|HP Percentage Mod: HP is shown in percentages\n|rule|Endless Battle Clause: Forcing endless battles is banned\n|rule|OHKO Clause: OHKO moves are banned\n|rule|Evasion Clause: Evasion abilities, items, and moves are banned\n|rule|Evasion Abilities Clause: Evasion abilities are banned\n|rule|Evasion Items Clause: Evasion items are banned\n|rule|Evasion Moves Clause: Evasion moves are banned\n|rule|Species Clause: Limit one of each Pok\u00e9mon\n|rule|Sleep Clause Mod: Limit one foe put to sleep\n|clearpoke\n|poke|p1|Glastrier|\n|poke|p1|Zamazenta-*|\n|poke|p1|Urshifu-*, F|\n|poke|p1|Calyrex|\n|poke|p1|Typhlosion-Hisui, F|\n|poke|p1|Corviknight, F|\n|poke|p2|Pelipper, M|\n|poke|p2|Barraskewda, M|\n|poke|p2|Swampert, F|\n|poke|p2|Moltres|\n|poke|p2|Urshifu-*, M|\n|poke|p2|Tapu Koko|\n|teampreview\n|inactive|Battle timer is ON: inactive players will automatically lose when time's up. (requested by woshikoudaimi)\n|\n|t:|1699612276\n|start\n|switch|p1a: Silverring|Corviknight, F, shiny|100\/100\n|switch|p2a: Tapu Koko|Tapu Koko|100\/100\n|-fieldstart|move: Electric Terrain|[from] ability: Electric Surge|[of] p2a: Tapu Koko\n|-ability|p1a: Silverring|Pressure\n|turn|1\n|inactive|woshikoudaimi has 120 seconds left.\n|\n|t:|1699612307\n|switch|p1a: Cala|Calyrex|100\/100\n|-ability|p1a: Cala|Unnerve\n|move|p2a: Tapu Koko|Volt Switch|p1a: Cala\n|-resisted|p1a: Cala\n|-damage|p1a: Cala|69\/100\n|inactive|woshikoudaimi has 120 seconds left.\n|\n|t:|1699612313\n|switch|p2a: Urshifu|Urshifu-Rapid-Strike, M|100\/100|[from] Volt Switch\n|\n|upkeep\n|turn|2\n|inactive|Morakun has 120 seconds left.\n|\n|t:|1699612350\n|switch|p1a: Silverring|Corviknight, F, shiny|100\/100\n|-ability|p1a: Silverring|Pressure\n|move|p2a: Urshifu|U-turn|p1a: Silverring\n|-resisted|p1a: Silverring\n|-damage|p1a: Silverring|97\/100\n|-damage|p2a: Urshifu|84\/100|[from] item: Rocky Helmet|[of] p1a: Silverring\n|inactive|woshikoudaimi has 120 seconds left.\n|inactive|woshikoudaimi has 90 seconds left.\n|\n|t:|1699612421\n|switch|p2a: Tapu Koko|Tapu Koko|100\/100|[from] U-turn\n|\n|upkeep\n|turn|3\n|inactive|Morakun has 120 seconds left.\n|inactive|woshikoudaimi has 60 seconds left.\n|\n|t:|1699612446\n|switch|p1a: Rossita|Zamazenta, shiny|100\/100\n|-ability|p1a: Rossita|Dauntless Shield|boost\n|-boost|p1a: Rossita|def|1\n|move|p2a: Tapu Koko|Volt Switch|p1a: Rossita\n|-damage|p1a: Rossita|58\/100\n|inactive|woshikoudaimi has 60 seconds left.\n|\n|t:|1699612456\n|switch|p2a: Pelipper|Pelipper, M|100\/100|[from] Volt Switch\n|-weather|RainDance|[from] ability: Drizzle|[of] p2a: Pelipper\n|\n|-weather|RainDance|[upkeep]\n|-heal|p1a: Rossita|65\/100|[from] item: Leftovers\n|upkeep\n|turn|4\n|inactive|Morakun has 120 seconds left.\n|\n|t:|1699612466\n|move|p1a: Rossita|Substitute|p1a: Rossita\n|-start|p1a: Rossita|Substitute\n|-damage|p1a: Rossita|40\/100\n|move|p2a: Pelipper|Hurricane|p1a: Rossita\n|-supereffective|p1a: Rossita\n|-end|p1a: Rossita|Substitute\n|\n|-weather|RainDance|[upkeep]\n|-heal|p1a: Rossita|46\/100|[from] item: Leftovers\n|upkeep\n|turn|5\n|inactive|Morakun has 120 seconds left.\n|\n|t:|1699612485\n|switch|p1a: Silverring|Corviknight, F, shiny|97\/100\n|-ability|p1a: Silverring|Pressure\n|move|p2a: Pelipper|Hurricane|p1a: Silverring\n|-resisted|p1a: Silverring\n|-damage|p1a: Silverring|79\/100\n|\n|-weather|RainDance|[upkeep]\n|-fieldend|move: Electric Terrain\n|upkeep\n|turn|6\n|inactive|Morakun has 120 seconds left.\n|\n|t:|1699612498\n|switch|p2a: Tapu Koko|Tapu Koko|100\/100\n|-fieldstart|move: Electric Terrain|[from] ability: Electric Surge|[of] p2a: Tapu Koko\n|move|p1a: Silverring|Brave Bird|p2a: Tapu Koko\n|-resisted|p2a: Tapu Koko\n|-crit|p2a: Tapu Koko\n|-damage|p2a: Tapu Koko|63\/100\n|-damage|p1a: Silverring|71\/100|[from] Recoil\n|\n|-weather|RainDance|[upkeep]\n|upkeep\n|turn|7\n|inactive|Morakun has 120 seconds left.\n|\n|t:|1699612512\n|switch|p1a: Cala|Calyrex|69\/100\n|-ability|p1a: Cala|Unnerve\n|-terastallize|p2a: Tapu Koko|Electric\n|move|p2a: Tapu Koko|Thunder|p1a: Cala\n|-resisted|p1a: Cala\n|-damage|p1a: Cala|6\/100\n|\n|-weather|RainDance|[upkeep]\n|upkeep\n|turn|8\n|inactive|Morakun has 120 seconds left.\n|\n|t:|1699612537\n|move|p2a: Tapu Koko|Thunder|p1a: Cala\n|-resisted|p1a: Cala\n|-damage|p1a: Cala|0 fnt\n|faint|p1a: Cala\n|\n|-weather|RainDance|[upkeep]\n|upkeep\n|\n|t:|1699612550\n|switch|p1a: Heladito|Glastrier|100\/100\n|turn|9\n|inactive|woshikoudaimi has 90 seconds left.\n|\n|t:|1699612560\n|move|p2a: Tapu Koko|Thunder|p1a: Heladito\n|-damage|p1a: Heladito|7\/100\n|move|p1a: Heladito|Stomping Tantrum|p2a: Tapu Koko\n|-supereffective|p2a: Tapu Koko\n|-damage|p2a: Tapu Koko|0 fnt\n|faint|p2a: Tapu Koko\n|-ability|p1a: Heladito|Chilling Neigh|boost\n|-boost|p1a: Heladito|atk|1\n|\n|-weather|RainDance|[upkeep]\n|-heal|p1a: Heladito|13\/100|[from] item: Leftovers\n|upkeep\n|\n|t:|1699612575\n|switch|p2a: Barraskewda|Barraskewda, M, shiny|100\/100\n|turn|10\n|\n|t:|1699612583\n|switch|p1a: Rarendo|Urshifu-Rapid-Strike, F|100\/100\n|move|p2a: Barraskewda|Flip Turn|p1a: Rarendo\n|-resisted|p1a: Rarendo\n|-damage|p1a: Rarendo|65\/100\n|inactive|woshikoudaimi has 90 seconds left.\n|\n|t:|1699612589\n|switch|p2a: Swampert|Swampert, F|100\/100|[from] Flip Turn\n|\n|-weather|none\n|-fieldend|move: Electric Terrain\n|upkeep\n|turn|11\n|inactive|Morakun has 120 seconds left.\n|\n|t:|1699612600\n|switch|p2a: Moltres|Moltres|100\/100\n|move|p1a: Rarendo|Swords Dance|p1a: Rarendo\n|-boost|p1a: Rarendo|atk|2\n|\n|upkeep\n|turn|12\n|\n|t:|1699612617\n|-terastallize|p1a: Rarendo|Water\n|move|p1a: Rarendo|Surging Strikes|p2a: Moltres\n|-supereffective|p2a: Moltres\n|-crit|p2a: Moltres\n|-damage|p2a: Moltres|25\/100\n|-supereffective|p2a: Moltres\n|-crit|p2a: Moltres\n|-damage|p2a: Moltres|0 fnt\n|faint|p2a: Moltres\n|-hitcount|p2: Moltres|2\n|\n|upkeep\n|inactive|woshikoudaimi has 90 seconds left.\n|\n|t:|1699612632\n|switch|p2a: Pelipper|Pelipper, M|100\/100\n|-weather|RainDance|[from] ability: Drizzle|[of] p2a: Pelipper\n|turn|13\n|inactive|woshikoudaimi has 90 seconds left.\n|\n|t:|1699612641\n|move|p1a: Rarendo|Surging Strikes|p2a: Pelipper\n|-resisted|p2a: Pelipper\n|-crit|p2a: Pelipper\n|-damage|p2a: Pelipper|66\/100\n|-resisted|p2a: Pelipper\n|-crit|p2a: Pelipper\n|-damage|p2a: Pelipper|32\/100\n|-resisted|p2a: Pelipper\n|-crit|p2a: Pelipper\n|-damage|p2a: Pelipper|0 fnt\n|faint|p2a: Pelipper\n|-hitcount|p2: Pelipper|3\n|\n|-weather|RainDance|[upkeep]\n|upkeep\n|inactive|woshikoudaimi has 90 seconds left.\n|-message|woshikoudaimi forfeited.\n|\n|win|Morakun\n|raw|Morakun's rating: 1289 &rarr; <strong>1318<\/strong><br \/>(+29 for winning)\n|raw|woshikoudaimi's rating: 1344 &rarr; <strong>1321<\/strong><br \/>(-23 for losing)\n|l|\u2606woshikoudaimi\n|c|\u2606Morakun|GG\n","uploadtime":1699612674,"views":4,"p1id":"morakun","p2id":"woshikoudaimi","formatid":"gen9nationaldex","rating":1318,"private":0,"password":""}