{"id":"gen9nationaldex-1992178666","p1":"XXMurdrXX","p2":"The power of ROCK","format":"[Gen 9] National Dex","log":"|j|\u2606XXMurdrXX\n|j|\u2606The power of ROCK\n|inactive|Battle timer is ON: inactive players will automatically lose when time's up.\n|t:|1700161519\n|gametype|singles\n|player|p1|XXMurdrXX|az|\n|player|p2|The power of ROCK|roark|\n|teamsize|p1|6\n|teamsize|p2|6\n|gen|9\n|tier|[Gen 9] National Dex\n|rated|Tournament battle\n|rule|HP Percentage Mod: HP is shown in percentages\n|rule|Endless Battle Clause: Forcing endless battles is banned\n|rule|OHKO Clause: OHKO moves are banned\n|rule|Evasion Clause: Evasion abilities, items, and moves are banned\n|rule|Evasion Abilities Clause: Evasion abilities are banned\n|rule|Evasion Items Clause: Evasion items are banned\n|rule|Evasion Moves Clause: Evasion moves are banned\n|rule|Species Clause: Limit one of each Pok\u00e9mon\n|rule|Sleep Clause Mod: Limit one foe put to sleep\n|clearpoke\n|poke|p1|Gallade, M|\n|poke|p1|Garchomp, M|\n|poke|p1|Zapdos|\n|poke|p1|Volcarona, M|\n|poke|p1|Celesteela|\n|poke|p1|Tapu Lele|\n|poke|p2|Tyranitar, F|\n|poke|p2|Garganacl, M|\n|poke|p2|Aggron, F|\n|poke|p2|Cradily, F|\n|poke|p2|Glimmora, F|\n|poke|p2|Avalugg-Hisui, F|\n|teampreview\n|inactive|XXMurdrXX also wants the timer to be on.\n|c|\u2606The power of ROCK|Welcome to the ROCK gym\n|\n|t:|1700161532\n|start\n|switch|p1a: Celesteela|Celesteela, shiny|100\/100\n|switch|p2a: Avalugg|Avalugg-Hisui, F|100\/100\n|turn|1\n|\n|t:|1700161546\n|switch|p2a: Cradily|Cradily, F|100\/100\n|move|p1a: Celesteela|Leech Seed|p2a: Cradily\n|-immune|p2a: Cradily\n|\n|upkeep\n|turn|2\n|\n|t:|1700161552\n|move|p1a: Celesteela|Heavy Slam|p2a: Cradily\n|-supereffective|p2a: Cradily\n|-damage|p2a: Cradily|45\/100\n|move|p2a: Cradily|Leech Seed|p1a: Celesteela|[miss]\n|-miss|p2a: Cradily|p1a: Celesteela\n|\n|upkeep\n|turn|3\n|\n|t:|1700161567\n|move|p1a: Celesteela|Leech Seed|p2a: Cradily\n|-immune|p2a: Cradily\n|move|p2a: Cradily|Leech Seed|p1a: Celesteela\n|-start|p1a: Celesteela|move: Leech Seed\n|\n|-damage|p1a: Celesteela|88\/100|[from] Leech Seed|[of] p2a: Cradily\n|-heal|p2a: Cradily|58\/100|[silent]\n|upkeep\n|turn|4\n|\n|t:|1700161575\n|switch|p2a: Garganacl|Garganacl, M|100\/100\n|move|p1a: Celesteela|Heavy Slam|p2a: Garganacl\n|-supereffective|p2a: Garganacl\n|-damage|p2a: Garganacl|57\/100\n|\n|-heal|p1a: Celesteela|94\/100|[from] item: Leftovers\n|-damage|p1a: Celesteela|82\/100|[from] Leech Seed|[of] p2a: Garganacl\n|-heal|p2a: Garganacl|70\/100|[silent]\n|upkeep\n|turn|5\n|\n|t:|1700161583\n|switch|p1a: Gallade|Gallade, M, shiny|100\/100\n|-terastallize|p2a: Garganacl|Ghost\n|move|p2a: Garganacl|Salt Cure|p1a: Gallade\n|-resisted|p1a: Gallade\n|-damage|p1a: Gallade|89\/100\n|-start|p1a: Gallade|Salt Cure\n|\n|-damage|p1a: Gallade|77\/100|[from] Salt Cure\n|upkeep\n|turn|6\n|\n|t:|1700161594\n|switch|p1a: Garchomp|Garchomp, M, shiny|100\/100\n|move|p2a: Garganacl|Iron Defense|p2a: Garganacl\n|-boost|p2a: Garganacl|def|2\n|\n|upkeep\n|turn|7\n|\n|t:|1700161617\n|move|p1a: Garchomp|Swords Dance|p1a: Garchomp\n|-boost|p1a: Garchomp|atk|2\n|move|p2a: Garganacl|Recover|p2a: Garganacl\n|-heal|p2a: Garganacl|100\/100\n|\n|upkeep\n|turn|8\n|\n|t:|1700161623\n|move|p1a: Garchomp|Swords Dance|p1a: Garchomp\n|-boost|p1a: Garchomp|atk|2\n|move|p2a: Garganacl|Iron Defense|p2a: Garganacl\n|-boost|p2a: Garganacl|def|2\n|\n|upkeep\n|turn|9\n|\n|t:|1700161628\n|move|p1a: Garchomp|Swords Dance|p1a: Garchomp\n|-boost|p1a: Garchomp|atk|2\n|move|p2a: Garganacl|Iron Defense|p2a: Garganacl\n|-boost|p2a: Garganacl|def|2\n|\n|upkeep\n|turn|10\n|\n|t:|1700161635\n|-zpower|p1a: Garchomp\n|move|p1a: Garchomp|Devastating Drake|p2a: Garganacl|[zeffect]\n|-damage|p2a: Garganacl|40\/100\n|move|p2a: Garganacl|Salt Cure|p1a: Garchomp\n|-resisted|p1a: Garchomp\n|-damage|p1a: Garchomp|94\/100\n|-start|p1a: Garchomp|Salt Cure\n|\n|-damage|p1a: Garchomp|81\/100|[from] Salt Cure\n|upkeep\n|turn|11\n|\n|t:|1700161645\n|move|p1a: Garchomp|Earthquake|p2a: Garganacl\n|-damage|p2a: Garganacl|5\/100\n|move|p2a: Garganacl|Recover|p2a: Garganacl\n|-heal|p2a: Garganacl|55\/100\n|\n|-damage|p1a: Garchomp|69\/100|[from] Salt Cure\n|upkeep\n|turn|12\n|\n|t:|1700161653\n|move|p1a: Garchomp|Earthquake|p2a: Garganacl\n|-damage|p2a: Garganacl|20\/100\n|move|p2a: Garganacl|Recover|p2a: Garganacl\n|-heal|p2a: Garganacl|70\/100\n|\n|-damage|p1a: Garchomp|57\/100|[from] Salt Cure\n|upkeep\n|turn|13\n|\n|t:|1700161666\n|move|p1a: Garchomp|Earthquake|p2a: Garganacl\n|-damage|p2a: Garganacl|37\/100\n|move|p2a: Garganacl|Recover|p2a: Garganacl\n|-heal|p2a: Garganacl|87\/100\n|\n|-damage|p1a: Garchomp|44\/100|[from] Salt Cure\n|upkeep\n|turn|14\n|\n|t:|1700161674\n|switch|p1a: Volcarona|Volcarona, M, shiny|100\/100\n|move|p2a: Garganacl|Body Press|p1a: Volcarona\n|-resisted|p1a: Volcarona\n|-damage|p1a: Volcarona|26\/100\n|\n|upkeep\n|turn|15\n|\n|t:|1700161685\n|-terastallize|p1a: Volcarona|Ground\n|move|p1a: Volcarona|Quiver Dance|p1a: Volcarona\n|-boost|p1a: Volcarona|spa|1\n|-boost|p1a: Volcarona|spd|1\n|-boost|p1a: Volcarona|spe|1\n|move|p2a: Garganacl|Salt Cure|p1a: Volcarona\n|-resisted|p1a: Volcarona\n|-damage|p1a: Volcarona|15\/100\n|-start|p1a: Volcarona|Salt Cure\n|\n|-damage|p1a: Volcarona|3\/100|[from] Salt Cure\n|upkeep\n|turn|16\n|\n|t:|1700161700\n|move|p1a: Volcarona|Fiery Dance|p2a: Garganacl\n|-damage|p2a: Garganacl|48\/100\n|-enditem|p2a: Garganacl|Maranga Berry|[eat]\n|-boost|p2a: Garganacl|spd|1|[from] item: Maranga Berry\n|move|p2a: Garganacl|Recover|p2a: Garganacl\n|-heal|p2a: Garganacl|98\/100\n|\n|-damage|p1a: Volcarona|0 fnt|[from] Salt Cure\n|faint|p1a: Volcarona\n|upkeep\n|\n|t:|1700161713\n|switch|p1a: Celesteela|Celesteela, shiny|82\/100\n|turn|17\n|\n|t:|1700161716\n|move|p1a: Celesteela|Leech Seed|p2a: Garganacl|[miss]\n|-miss|p1a: Celesteela|p2a: Garganacl\n|move|p2a: Garganacl|Body Press|p1a: Celesteela\n|-damage|p1a: Celesteela|12\/100\n|\n|-heal|p1a: Celesteela|18\/100|[from] item: Leftovers\n|upkeep\n|turn|18\n|\n|t:|1700161723\n|move|p1a: Celesteela|Leech Seed|p2a: Garganacl\n|-start|p2a: Garganacl|move: Leech Seed\n|move|p2a: Garganacl|Body Press|p1a: Celesteela\n|-damage|p1a: Celesteela|0 fnt\n|faint|p1a: Celesteela\n|\n|upkeep\n|\n|t:|1700161729\n|switch|p1a: Tapu Lele|Tapu Lele, shiny|100\/100\n|-fieldstart|move: Psychic Terrain|[from] ability: Psychic Surge|[of] p1a: Tapu Lele\n|turn|19\n|inactive|The power of ROCK has 120 seconds left.\n|\n|t:|1700161767\n|move|p1a: Tapu Lele|Psychic|p2a: Garganacl\n|-damage|p2a: Garganacl|69\/100\n|move|p2a: Garganacl|Salt Cure|p1a: Tapu Lele\n|-damage|p1a: Tapu Lele|79\/100\n|-start|p1a: Tapu Lele|Salt Cure\n|\n|-damage|p2a: Garganacl|57\/100|[from] Leech Seed|[of] p1a: Tapu Lele\n|-heal|p1a: Tapu Lele|97\/100|[silent]\n|-damage|p1a: Tapu Lele|84\/100|[from] Salt Cure\n|upkeep\n|turn|20\n|\n|t:|1700161775\n|move|p1a: Tapu Lele|Psychic|p2a: Garganacl\n|-damage|p2a: Garganacl|28\/100\n|move|p2a: Garganacl|Recover|p2a: Garganacl\n|-heal|p2a: Garganacl|78\/100\n|\n|-damage|p2a: Garganacl|66\/100|[from] Leech Seed|[of] p1a: Tapu Lele\n|-heal|p1a: Tapu Lele|100\/100|[silent]\n|-damage|p1a: Tapu Lele|88\/100|[from] Salt Cure\n|upkeep\n|turn|21\n|\n|t:|1700161784\n|switch|p2a: Tyranitar|Tyranitar, F|100\/100\n|-weather|Sandstorm|[from] ability: Sand Stream|[of] p2a: Tyranitar\n|move|p1a: Tapu Lele|Psychic|p2a: Tyranitar\n|-immune|p2a: Tyranitar\n|\n|-weather|Sandstorm|[upkeep]\n|-damage|p1a: Tapu Lele|82\/100|[from] Sandstorm\n|-damage|p1a: Tapu Lele|70\/100|[from] Salt Cure\n|upkeep\n|turn|22\n|\n|t:|1700161795\n|-activate|p1a: Tapu Lele|move: Pursuit\n|move|p2a: Tyranitar|Pursuit|p1a: Tapu Lele|[from]Pursuit\n|-damage|p1a: Tapu Lele|13\/100\n|switch|p1a: Garchomp|Garchomp, M, shiny|44\/100\n|\n|-weather|Sandstorm|[upkeep]\n|upkeep\n|turn|23\n|\n|t:|1700161810\n|switch|p2a: Cradily|Cradily, F|58\/100\n|move|p1a: Garchomp|Swords Dance|p1a: Garchomp\n|-boost|p1a: Garchomp|atk|2\n|\n|-weather|Sandstorm|[upkeep]\n|-fieldend|move: Psychic Terrain\n|upkeep\n|turn|24\n|\n|t:|1700161817\n|move|p1a: Garchomp|Earthquake|p2a: Cradily\n|-damage|p2a: Cradily|0 fnt\n|faint|p2a: Cradily\n|\n|-weather|Sandstorm|[upkeep]\n|upkeep\n|\n|t:|1700161847\n|switch|p2a: Avalugg|Avalugg-Hisui, F|100\/100\n|turn|25\n|\n|t:|1700161856\n|switch|p1a: Zapdos|Zapdos, shiny|100\/100\n|move|p2a: Avalugg|Avalanche|p1a: Zapdos\n|-supereffective|p1a: Zapdos\n|-crit|p1a: Zapdos\n|-damage|p1a: Zapdos|38\/100\n|\n|-weather|none\n|upkeep\n|turn|26\n|\n|t:|1700161865\n|move|p1a: Zapdos|Volt Switch|p2a: Avalugg\n|-damage|p2a: Avalugg|41\/100\n|\n|t:|1700161878\n|switch|p1a: Garchomp|Garchomp, M, shiny|44\/100|[from] Volt Switch\n|move|p2a: Avalugg|Avalanche|p1a: Garchomp\n|-supereffective|p1a: Garchomp\n|-damage|p1a: Garchomp|0 fnt\n|-damage|p2a: Avalugg|29\/100|[from] ability: Rough Skin|[of] p1a: Garchomp\n|faint|p1a: Garchomp\n|\n|upkeep\n|\n|t:|1700161887\n|switch|p1a: Gallade|Gallade, M, shiny|77\/100\n|turn|27\n|\n|t:|1700161916\n|detailschange|p1a: Gallade|Gallade-Mega, M, shiny\n|-mega|p1a: Gallade|Gallade|Galladite\n|move|p1a: Gallade|Swords Dance|p1a: Gallade\n|-boost|p1a: Gallade|atk|2\n|move|p2a: Avalugg|Avalanche|p1a: Gallade\n|-damage|p1a: Gallade|43\/100\n|\n|upkeep\n|turn|28\n|c|\u2606The power of ROCK|oh no\n|\n|t:|1700161924\n|move|p1a: Gallade|Psycho Cut|p2a: Avalugg\n|-damage|p2a: Avalugg|0 fnt\n|faint|p2a: Avalugg\n|\n|upkeep\n|inactive|The power of ROCK has 120 seconds left.\n|inactive|The power of ROCK has 90 seconds left.\n|\n|t:|1700161981\n|switch|p2a: Glimmora|Glimmora, F|100\/100\n|turn|29\n|\n|t:|1700161988\n|move|p2a: Glimmora|Sludge Wave|p1a: Gallade\n|-damage|p1a: Gallade|0 fnt\n|faint|p1a: Gallade\n|\n|upkeep\n|\n|t:|1700161992\n|switch|p1a: Tapu Lele|Tapu Lele, shiny|13\/100\n|-fieldstart|move: Psychic Terrain|[from] ability: Psychic Surge|[of] p1a: Tapu Lele\n|turn|30\n|inactive|The power of ROCK has 90 seconds left.\n|\n|t:|1700162027\n|move|p1a: Tapu Lele|Moonblast|p2a: Glimmora\n|-resisted|p2a: Glimmora\n|-damage|p2a: Glimmora|65\/100\n|move|p2a: Glimmora|Sludge Wave|p1a: Tapu Lele\n|-supereffective|p1a: Tapu Lele\n|-damage|p1a: Tapu Lele|0 fnt\n|faint|p1a: Tapu Lele\n|\n|upkeep\n|-message|XXMurdrXX forfeited.\n|\n|win|The power of ROCK\n|n|\u2606XXMurdrXX|xxmurdrxx\n|n|\u2606The power of ROCK|thepowerofrock\n|c|\u2606The power of ROCK|gg : )\n|l|\u2606XXMurdrXX\n","uploadtime":1700162037,"views":5,"p1id":"xxmurdrxx","p2id":"thepowerofrock","formatid":"gen9nationaldex","rating":0,"private":0,"password":""}