{"id":"gen9nationaldex-1990393534","p1":"George Rizzington","p2":"gglao3","format":"[Gen 9] National Dex","log":"|j|\u2606George Rizzington\n|j|\u2606gglao3\n|t:|1699966242\n|gametype|singles\n|player|p1|George Rizzington|steven|1346\n|player|p2|gglao3|fisherman-gen4|1351\n|teamsize|p1|6\n|teamsize|p2|6\n|gen|9\n|tier|[Gen 9] National Dex\n|rated|\n|rule|HP Percentage Mod: HP is shown in percentages\n|rule|Endless Battle Clause: Forcing endless battles is banned\n|rule|OHKO Clause: OHKO moves are banned\n|rule|Evasion Clause: Evasion abilities, items, and moves are banned\n|rule|Evasion Abilities Clause: Evasion abilities are banned\n|rule|Evasion Items Clause: Evasion items are banned\n|rule|Evasion Moves Clause: Evasion moves are banned\n|rule|Species Clause: Limit one of each Pok\u00e9mon\n|rule|Sleep Clause Mod: Limit one foe put to sleep\n|clearpoke\n|poke|p1|Ting-Lu|\n|poke|p1|Pawmot, F|\n|poke|p1|Tapu Lele|\n|poke|p1|Alomomola, M|\n|poke|p1|Volcarona, M|\n|poke|p1|Latias, F|\n|poke|p2|Alomomola, M|\n|poke|p2|Ditto|\n|poke|p2|Zamazenta-*|\n|poke|p2|Gliscor, F|\n|poke|p2|Victini|\n|poke|p2|Goodra-Hisui, M|\n|teampreview\n|inactive|Battle timer is ON: inactive players will automatically lose when time's up. (requested by gglao3)\n|\n|t:|1699966252\n|start\n|switch|p1a: Latias|Latias, F|100\/100\n|switch|p2a: Victini|Victini|100\/100\n|turn|1\n|\n|t:|1699966281\n|detailschange|p1a: Latias|Latias-Mega, F\n|-mega|p1a: Latias|Latias|Latiasite\n|move|p2a: Victini|U-turn|p1a: Latias\n|-supereffective|p1a: Latias\n|-damage|p1a: Latias|62\/100\n|\n|t:|1699966287\n|switch|p2a: Goodra|Goodra-Hisui, M|100\/100|[from] U-turn\n|move|p1a: Latias|Draco Meteor|p2a: Goodra\n|-damage|p2a: Goodra|71\/100\n|-unboost|p1a: Latias|spa|2\n|\n|upkeep\n|turn|2\n|\n|t:|1699966296\n|switch|p1a: Pawmot|Pawmot, F|100\/100\n|move|p2a: Goodra|Ice Beam|p1a: Pawmot\n|-damage|p1a: Pawmot|49\/100\n|\n|upkeep\n|turn|3\n|\n|t:|1699966304\n|switch|p2a: Gliscor|Gliscor, F|100\/100\n|move|p1a: Pawmot|Fake Out|p2a: Gliscor\n|-damage|p2a: Gliscor|90\/100\n|\n|-status|p2a: Gliscor|tox|[from] item: Toxic Orb\n|upkeep\n|turn|4\n|\n|t:|1699966312\n|switch|p1a: Latias|Latias-Mega, F|62\/100\n|switch|p2a: Alomomola|Alomomola, M|100\/100\n|\n|upkeep\n|turn|5\n|\n|t:|1699966321\n|switch|p2a: Goodra|Goodra-Hisui, M|71\/100\n|move|p1a: Latias|Energy Ball|p2a: Goodra\n|-ability|p2a: Goodra|Sap Sipper|boost\n|-boost|p2a: Goodra|atk|1\n|\n|upkeep\n|turn|6\n|\n|t:|1699966330\n|switch|p1a: Alomomola|Alomomola, M|100\/100\n|move|p2a: Goodra|Draco Meteor|p1a: Alomomola\n|-damage|p1a: Alomomola|27\/100\n|-unboost|p2a: Goodra|spa|2\n|\n|-heal|p1a: Alomomola|33\/100|[from] item: Leftovers\n|upkeep\n|turn|7\n|\n|t:|1699966336\n|move|p1a: Alomomola|Wish|p1a: Alomomola\n|move|p2a: Goodra|Thunderbolt|p1a: Alomomola\n|-supereffective|p1a: Alomomola\n|-damage|p1a: Alomomola|0 fnt\n|faint|p1a: Alomomola\n|\n|upkeep\n|\n|t:|1699966340\n|switch|p1a: Pawmot|Pawmot, F|49\/100\n|turn|8\n|\n|t:|1699966346\n|switch|p2a: Alomomola|Alomomola, M|100\/100\n|move|p1a: Pawmot|Fake Out|p2a: Alomomola\n|-damage|p2a: Alomomola|93\/100\n|-damage|p1a: Pawmot|33\/100|[from] item: Rocky Helmet|[of] p2a: Alomomola\n|\n|-heal|p1a: Pawmot|100\/100|[from] move: Wish|[wisher] Alomomola\n|upkeep\n|turn|9\n|\n|t:|1699966353\n|switch|p2a: Gliscor|Gliscor, F|90\/100 tox\n|move|p1a: Pawmot|Revival Blessing|p1a: Pawmot\n|-enditem|p1a: Pawmot|Leppa Berry|[eat]\n|-activate|p1a: Pawmot|item: Leppa Berry|Revival Blessing|[consumed]\n|\n|t:|1699966356\n|-heal|p1: Alomomola|50\/100|[from] move: Revival Blessing\n|\n|-heal|p2a: Gliscor|100\/100 tox|[from] ability: Poison Heal\n|upkeep\n|turn|10\n|\n|t:|1699966362\n|switch|p1a: Alomomola|Alomomola, M|50\/100\n|move|p2a: Gliscor|Toxic|p1a: Alomomola\n|-status|p1a: Alomomola|tox\n|\n|-heal|p1a: Alomomola|57\/100 tox|[from] item: Leftovers\n|-damage|p1a: Alomomola|50\/100 tox|[from] psn\n|upkeep\n|turn|11\n|\n|t:|1699966375\n|move|p2a: Gliscor|U-turn|p1a: Alomomola\n|-damage|p1a: Alomomola|43\/100 tox\n|\n|t:|1699966381\n|switch|p2a: Ditto|Ditto|100\/100|[from] U-turn\n|-transform|p2a: Ditto|p1a: Alomomola|[from] ability: Imposter\n|move|p1a: Alomomola|Flip Turn|p2a: Ditto\n|-resisted|p2a: Ditto\n|-damage|p2a: Ditto|93\/100\n|\n|t:|1699966401\n|switch|p1a: Tapu Lele|Tapu Lele|100\/100|[from] Flip Turn\n|-fieldstart|move: Psychic Terrain|[from] ability: Psychic Surge|[of] p1a: Tapu Lele\n|\n|upkeep\n|turn|12\n|\n|t:|1699966407\n|switch|p2a: Victini|Victini|100\/100\n|move|p1a: Tapu Lele|Psychic|p2a: Victini\n|-resisted|p2a: Victini\n|-damage|p2a: Victini|70\/100\n|\n|upkeep\n|turn|13\n|\n|t:|1699966417\n|move|p2a: Victini|Bolt Strike|p1a: Tapu Lele\n|-damage|p1a: Tapu Lele|47\/100\n|-status|p1a: Tapu Lele|par\n|move|p1a: Tapu Lele|Psychic|p2a: Victini\n|-resisted|p2a: Victini\n|-damage|p2a: Victini|41\/100\n|\n|upkeep\n|turn|14\n|\n|t:|1699966421\n|switch|p1a: Ting-Lu|Ting-Lu|100\/100\n|-ability|p1a: Ting-Lu|Vessel of Ruin\n|move|p2a: Victini|Bolt Strike|p1a: Ting-Lu\n|-immune|p1a: Ting-Lu\n|\n|upkeep\n|turn|15\n|\n|t:|1699966425\n|switch|p2a: Gliscor|Gliscor, F|100\/100 tox\n|move|p1a: Ting-Lu|Stealth Rock|p2a: Gliscor\n|-sidestart|p2: gglao3|move: Stealth Rock\n|\n|-fieldend|move: Psychic Terrain\n|upkeep\n|turn|16\n|\n|t:|1699966432\n|switch|p1a: Alomomola|Alomomola, M|76\/100 tox\n|move|p2a: Gliscor|Defog|p1a: Alomomola\n|-unboost|p1a: Alomomola|evasion|1\n|-sideend|p2: gglao3|Stealth Rock|[from] move: Defog|[of] p2a: Gliscor\n|\n|-heal|p1a: Alomomola|82\/100 tox|[from] item: Leftovers\n|-damage|p1a: Alomomola|76\/100 tox|[from] psn\n|upkeep\n|turn|17\n|\n|t:|1699966449\n|move|p2a: Gliscor|Earthquake|p1a: Alomomola\n|-damage|p1a: Alomomola|60\/100 tox\n|move|p1a: Alomomola|Wish|p1a: Alomomola\n|\n|-heal|p1a: Alomomola|66\/100 tox|[from] item: Leftovers\n|-damage|p1a: Alomomola|54\/100 tox|[from] psn\n|upkeep\n|turn|18\n|\n|t:|1699966457\n|move|p2a: Gliscor|U-turn|p1a: Alomomola\n|-damage|p1a: Alomomola|45\/100 tox\n|\n|t:|1699966469\n|switch|p2a: Goodra|Goodra-Hisui, M|71\/100|[from] U-turn\n|move|p1a: Alomomola|Knock Off|p2a: Goodra\n|-damage|p2a: Goodra|54\/100\n|-enditem|p2a: Goodra|Assault Vest|[from] move: Knock Off|[of] p1a: Alomomola\n|\n|-heal|p1a: Alomomola|95\/100 tox|[from] move: Wish|[wisher] Alomomola\n|-heal|p1a: Alomomola|100\/100 tox|[from] item: Leftovers\n|-damage|p1a: Alomomola|82\/100 tox|[from] psn\n|upkeep\n|turn|19\n|\n|t:|1699966479\n|switch|p1a: Ting-Lu|Ting-Lu|100\/100\n|-ability|p1a: Ting-Lu|Vessel of Ruin\n|move|p2a: Goodra|Ice Beam|p1a: Ting-Lu\n|-supereffective|p1a: Ting-Lu\n|-damage|p1a: Ting-Lu|72\/100\n|\n|-heal|p1a: Ting-Lu|78\/100|[from] item: Leftovers\n|upkeep\n|turn|20\n|\n|t:|1699966487\n|switch|p2a: Gliscor|Gliscor, F|100\/100 tox\n|move|p1a: Ting-Lu|Stealth Rock|p2a: Gliscor\n|-sidestart|p2: gglao3|move: Stealth Rock\n|\n|-heal|p1a: Ting-Lu|84\/100|[from] item: Leftovers\n|upkeep\n|turn|21\n|\n|t:|1699966494\n|switch|p1a: Alomomola|Alomomola, M|100\/100 tox\n|move|p2a: Gliscor|Defog|p1a: Alomomola\n|-unboost|p1a: Alomomola|evasion|1\n|-sideend|p2: gglao3|Stealth Rock|[from] move: Defog|[of] p2a: Gliscor\n|\n|-damage|p1a: Alomomola|94\/100 tox|[from] psn\n|upkeep\n|turn|22\n|\n|t:|1699966501\n|switch|p2a: Alomomola|Alomomola, M|100\/100\n|move|p1a: Alomomola|Wish|p1a: Alomomola\n|\n|-heal|p1a: Alomomola|100\/100 tox|[from] item: Leftovers\n|-damage|p1a: Alomomola|88\/100 tox|[from] psn\n|upkeep\n|turn|23\n|\n|t:|1699966507\n|move|p1a: Alomomola|Knock Off|p2a: Alomomola\n|-damage|p2a: Alomomola|91\/100\n|-damage|p1a: Alomomola|71\/100 tox|[from] item: Rocky Helmet|[of] p2a: Alomomola\n|-enditem|p2a: Alomomola|Rocky Helmet|[from] move: Knock Off|[of] p1a: Alomomola\n|move|p2a: Alomomola|Wish|p2a: Alomomola\n|\n|-heal|p1a: Alomomola|100\/100 tox|[from] move: Wish|[wisher] Alomomola\n|-damage|p1a: Alomomola|82\/100 tox|[from] psn\n|upkeep\n|turn|24\n|\n|t:|1699966515\n|move|p1a: Alomomola|Toxic|p2a: Alomomola\n|-status|p2a: Alomomola|tox\n|move|p2a: Alomomola|Flip Turn|p1a: Alomomola\n|-resisted|p1a: Alomomola\n|-damage|p1a: Alomomola|77\/100 tox\n|\n|t:|1699966525\n|switch|p2a: Victini|Victini|41\/100|[from] Flip Turn\n|\n|-heal|p2a: Victini|100\/100|[from] move: Wish|[wisher] Alomomola\n|-heal|p1a: Alomomola|84\/100 tox|[from] item: Leftovers\n|-damage|p1a: Alomomola|59\/100 tox|[from] psn\n|upkeep\n|turn|25\n|\n|t:|1699966542\n|switch|p1a: Ting-Lu|Ting-Lu|84\/100\n|-ability|p1a: Ting-Lu|Vessel of Ruin\n|move|p2a: Victini|U-turn|p1a: Ting-Lu\n|-supereffective|p1a: Ting-Lu\n|-damage|p1a: Ting-Lu|62\/100\n|\n|t:|1699966551\n|switch|p2a: Gliscor|Gliscor, F|100\/100 tox|[from] U-turn\n|\n|-heal|p1a: Ting-Lu|68\/100|[from] item: Leftovers\n|upkeep\n|turn|26\n|\n|t:|1699966555\n|move|p2a: Gliscor|Toxic|p1a: Ting-Lu\n|-status|p1a: Ting-Lu|tox\n|move|p1a: Ting-Lu|Stealth Rock|p2a: Gliscor\n|-sidestart|p2: gglao3|move: Stealth Rock\n|\n|-heal|p1a: Ting-Lu|74\/100 tox|[from] item: Leftovers\n|-damage|p1a: Ting-Lu|68\/100 tox|[from] psn\n|upkeep\n|turn|27\n|\n|t:|1699966561\n|switch|p1a: Alomomola|Alomomola, M|92\/100 tox\n|move|p2a: Gliscor|Defog|p1a: Alomomola\n|-unboost|p1a: Alomomola|evasion|1\n|-sideend|p2: gglao3|Stealth Rock|[from] move: Defog|[of] p2a: Gliscor\n|\n|-heal|p1a: Alomomola|98\/100 tox|[from] item: Leftovers\n|-damage|p1a: Alomomola|92\/100 tox|[from] psn\n|upkeep\n|turn|28\n|\n|t:|1699966567\n|switch|p2a: Alomomola|Alomomola, M|100\/100 tox\n|move|p1a: Alomomola|Wish|p1a: Alomomola\n|\n|-heal|p1a: Alomomola|98\/100 tox|[from] item: Leftovers\n|-damage|p1a: Alomomola|86\/100 tox|[from] psn\n|-damage|p2a: Alomomola|94\/100 tox|[from] psn\n|upkeep\n|turn|29\n|\n|t:|1699966575\n|move|p1a: Alomomola|Flip Turn|p2a: Alomomola\n|-resisted|p2a: Alomomola\n|-damage|p2a: Alomomola|90\/100 tox\n|\n|t:|1699966579\n|switch|p1a: Latias|Latias-Mega, F|62\/100|[from] Flip Turn\n|move|p2a: Alomomola|Wish|p2a: Alomomola\n|\n|-heal|p1a: Latias|100\/100|[from] move: Wish|[wisher] Alomomola\n|-damage|p2a: Alomomola|78\/100 tox|[from] psn\n|upkeep\n|turn|30\n|\n|t:|1699966586\n|switch|p1a: Alomomola|Alomomola, M|100\/100 tox\n|switch|p2a: Goodra|Goodra-Hisui, M|54\/100\n|\n|-heal|p2a: Goodra|100\/100|[from] move: Wish|[wisher] Alomomola\n|-damage|p1a: Alomomola|94\/100 tox|[from] psn\n|upkeep\n|turn|31\n|\n|t:|1699966591\n|move|p1a: Alomomola|Wish|p1a: Alomomola\n|move|p2a: Goodra|Thunderbolt|p1a: Alomomola\n|-supereffective|p1a: Alomomola\n|-damage|p1a: Alomomola|27\/100 tox\n|\n|-heal|p1a: Alomomola|33\/100 tox|[from] item: Leftovers\n|-damage|p1a: Alomomola|21\/100 tox|[from] psn\n|upkeep\n|turn|32\n|\n|t:|1699966600\n|switch|p1a: Ting-Lu|Ting-Lu|68\/100 tox\n|-ability|p1a: Ting-Lu|Vessel of Ruin\n|move|p2a: Goodra|Ice Beam|p1a: Ting-Lu\n|-supereffective|p1a: Ting-Lu\n|-damage|p1a: Ting-Lu|38\/100 tox\n|\n|-heal|p1a: Ting-Lu|95\/100 tox|[from] move: Wish|[wisher] Alomomola\n|-heal|p1a: Ting-Lu|100\/100 tox|[from] item: Leftovers\n|-damage|p1a: Ting-Lu|94\/100 tox|[from] psn\n|upkeep\n|turn|33\n|\n|t:|1699966610\n|switch|p2a: Gliscor|Gliscor, F|100\/100 tox\n|move|p1a: Ting-Lu|Stealth Rock|p2a: Gliscor\n|-sidestart|p2: gglao3|move: Stealth Rock\n|\n|-heal|p1a: Ting-Lu|100\/100 tox|[from] item: Leftovers\n|-damage|p1a: Ting-Lu|88\/100 tox|[from] psn\n|upkeep\n|turn|34\n|\n|t:|1699966616\n|switch|p1a: Alomomola|Alomomola, M|54\/100 tox\n|move|p2a: Gliscor|Defog|p1a: Alomomola\n|-unboost|p1a: Alomomola|evasion|1\n|-sideend|p2: gglao3|Stealth Rock|[from] move: Defog|[of] p2a: Gliscor\n|\n|-heal|p1a: Alomomola|60\/100 tox|[from] item: Leftovers\n|-damage|p1a: Alomomola|54\/100 tox|[from] psn\n|upkeep\n|turn|35\n|\n|t:|1699966621\n|switch|p2a: Goodra|Goodra-Hisui, M|100\/100\n|move|p1a: Alomomola|Wish|p1a: Alomomola\n|\n|-heal|p1a: Alomomola|60\/100 tox|[from] item: Leftovers\n|-damage|p1a: Alomomola|48\/100 tox|[from] psn\n|upkeep\n|turn|36\n|\n|t:|1699966631\n|switch|p1a: Tapu Lele|Tapu Lele|47\/100 par\n|-fieldstart|move: Psychic Terrain|[from] ability: Psychic Surge|[of] p1a: Tapu Lele\n|move|p2a: Goodra|Ice Beam|p1a: Tapu Lele\n|-damage|p1a: Tapu Lele|14\/100 par\n|\n|-heal|p1a: Tapu Lele|100\/100 par|[from] move: Wish|[wisher] Alomomola\n|upkeep\n|turn|37\n|\n|t:|1699966641\n|move|p1a: Tapu Lele|Psychic|p2a: Goodra\n|-resisted|p2a: Goodra\n|-damage|p2a: Goodra|79\/100\n|move|p2a: Goodra|Flash Cannon|p1a: Tapu Lele\n|-supereffective|p1a: Tapu Lele\n|-damage|p1a: Tapu Lele|9\/100 par\n|\n|upkeep\n|turn|38\n|\n|t:|1699966653\n|move|p1a: Tapu Lele|Psychic|p2a: Goodra\n|-resisted|p2a: Goodra\n|-damage|p2a: Goodra|58\/100\n|move|p2a: Goodra|Flash Cannon|p1a: Tapu Lele\n|-supereffective|p1a: Tapu Lele\n|-damage|p1a: Tapu Lele|0 fnt\n|faint|p1a: Tapu Lele\n|\n|upkeep\n|\n|t:|1699966664\n|switch|p1a: Pawmot|Pawmot, F|100\/100\n|turn|39\n|\n|t:|1699966670\n|move|p1a: Pawmot|Close Combat|p2a: Goodra\n|-supereffective|p2a: Goodra\n|-damage|p2a: Goodra|0 fnt\n|-unboost|p1a: Pawmot|def|1\n|-unboost|p1a: Pawmot|spd|1\n|faint|p2a: Goodra\n|\n|upkeep\n|\n|t:|1699966675\n|switch|p2a: Victini|Victini|100\/100\n|turn|40\n|\n|t:|1699966682\n|switch|p1a: Ting-Lu|Ting-Lu|88\/100 tox\n|-ability|p1a: Ting-Lu|Vessel of Ruin\n|move|p2a: Victini|Bolt Strike|p1a: Ting-Lu\n|-immune|p1a: Ting-Lu\n|\n|-heal|p1a: Ting-Lu|94\/100 tox|[from] item: Leftovers\n|-damage|p1a: Ting-Lu|88\/100 tox|[from] psn\n|-fieldend|move: Psychic Terrain\n|upkeep\n|turn|41\n|\n|t:|1699966689\n|switch|p2a: Gliscor|Gliscor, F|100\/100 tox\n|move|p1a: Ting-Lu|Stealth Rock|p2a: Gliscor\n|-sidestart|p2: gglao3|move: Stealth Rock\n|\n|-heal|p1a: Ting-Lu|94\/100 tox|[from] item: Leftovers\n|-damage|p1a: Ting-Lu|82\/100 tox|[from] psn\n|upkeep\n|turn|42\n|\n|t:|1699966698\n|switch|p1a: Alomomola|Alomomola, M|81\/100 tox\n|move|p2a: Gliscor|Defog|p1a: Alomomola\n|-unboost|p1a: Alomomola|evasion|1\n|-sideend|p2: gglao3|Stealth Rock|[from] move: Defog|[of] p2a: Gliscor\n|\n|-heal|p1a: Alomomola|87\/100 tox|[from] item: Leftovers\n|-damage|p1a: Alomomola|81\/100 tox|[from] psn\n|upkeep\n|turn|43\n|\n|t:|1699966713\n|move|p2a: Gliscor|U-turn|p1a: Alomomola\n|-damage|p1a: Alomomola|73\/100 tox\n|\n|t:|1699966721\n|switch|p2a: Zamazenta|Zamazenta|100\/100|[from] U-turn\n|-ability|p2a: Zamazenta|Dauntless Shield|boost\n|-boost|p2a: Zamazenta|def|1\n|move|p1a: Alomomola|Wish|p1a: Alomomola\n|\n|-heal|p1a: Alomomola|79\/100 tox|[from] item: Leftovers\n|-damage|p1a: Alomomola|67\/100 tox|[from] psn\n|upkeep\n|turn|44\n|\n|t:|1699966728\n|-terastallize|p2a: Zamazenta|Electric\n|move|p2a: Zamazenta|Wild Charge|p1a: Alomomola\n|-supereffective|p1a: Alomomola\n|-damage|p1a: Alomomola|0 fnt\n|faint|p1a: Alomomola\n|-damage|p2a: Zamazenta|73\/100|[from] Recoil\n|\n|upkeep\n|\n|t:|1699966732\n|switch|p1a: Pawmot|Pawmot, F|100\/100\n|turn|45\n|\n|t:|1699966746\n|move|p2a: Zamazenta|Wild Charge|p1a: Pawmot\n|-resisted|p1a: Pawmot\n|-damage|p1a: Pawmot|39\/100\n|-damage|p2a: Zamazenta|60\/100|[from] Recoil\n|move|p1a: Pawmot|Revival Blessing|p1a: Pawmot\n|\n|t:|1699966749\n|-heal|p1: Alomomola|50\/100|[from] move: Revival Blessing\n|\n|upkeep\n|turn|46\n|\n|t:|1699966765\n|switch|p2a: Victini|Victini|100\/100\n|switch|p1a: Ting-Lu|Ting-Lu|82\/100 tox\n|-ability|p1a: Ting-Lu|Vessel of Ruin\n|\n|-heal|p1a: Ting-Lu|88\/100 tox|[from] item: Leftovers\n|-damage|p1a: Ting-Lu|82\/100 tox|[from] psn\n|upkeep\n|turn|47\n|\n|t:|1699966779\n|move|p2a: Victini|U-turn|p1a: Ting-Lu\n|-supereffective|p1a: Ting-Lu\n|-damage|p1a: Ting-Lu|62\/100 tox\n|\n|t:|1699966785\n|switch|p2a: Gliscor|Gliscor, F|100\/100 tox|[from] U-turn\n|move|p1a: Ting-Lu|Stealth Rock|p2a: Gliscor\n|-sidestart|p2: gglao3|move: Stealth Rock\n|\n|-heal|p1a: Ting-Lu|68\/100 tox|[from] item: Leftovers\n|-damage|p1a: Ting-Lu|55\/100 tox|[from] psn\n|upkeep\n|turn|48\n|\n|t:|1699966789\n|switch|p1a: Alomomola|Alomomola, M|50\/100\n|move|p2a: Gliscor|Defog|p1a: Alomomola\n|-unboost|p1a: Alomomola|evasion|1\n|-sideend|p2: gglao3|Stealth Rock|[from] move: Defog|[of] p2a: Gliscor\n|\n|-heal|p1a: Alomomola|57\/100|[from] item: Leftovers\n|upkeep\n|turn|49\n|\n|t:|1699966793\n|move|p2a: Gliscor|U-turn|p1a: Alomomola\n|-damage|p1a: Alomomola|48\/100\n|\n|t:|1699966798\n|switch|p2a: Zamazenta|Zamazenta, tera:Electric|60\/100|[from] U-turn\n|move|p1a: Alomomola|Wish|p1a: Alomomola\n|\n|-heal|p1a: Alomomola|54\/100|[from] item: Leftovers\n|upkeep\n|turn|50\n|\n|t:|1699966802\n|switch|p1a: Ting-Lu|Ting-Lu|55\/100 tox\n|-ability|p1a: Ting-Lu|Vessel of Ruin\n|move|p2a: Zamazenta|Close Combat|p1a: Ting-Lu\n|-supereffective|p1a: Ting-Lu\n|-damage|p1a: Ting-Lu|0 fnt\n|-unboost|p2a: Zamazenta|def|1\n|-unboost|p2a: Zamazenta|spd|1\n|faint|p1a: Ting-Lu\n|\n|upkeep\n|\n|t:|1699966811\n|switch|p1a: Volcarona|Volcarona, M|100\/100\n|turn|51\n|\n|t:|1699966821\n|switch|p2a: Gliscor|Gliscor, F|100\/100 tox\n|move|p1a: Volcarona|Quiver Dance|p1a: Volcarona\n|-boost|p1a: Volcarona|spa|1\n|-boost|p1a: Volcarona|spd|1\n|-boost|p1a: Volcarona|spe|1\n|\n|upkeep\n|turn|52\n|\n|t:|1699966833\n|move|p1a: Volcarona|Fiery Dance|p2a: Gliscor\n|-damage|p2a: Gliscor|46\/100 tox\n|move|p2a: Gliscor|Toxic|p1a: Volcarona\n|-status|p1a: Volcarona|tox\n|\n|-damage|p1a: Volcarona|94\/100 tox|[from] psn\n|-heal|p2a: Gliscor|59\/100 tox|[from] ability: Poison Heal\n|upkeep\n|turn|53\n|\n|t:|1699966848\n|move|p1a: Volcarona|Giga Drain|p2a: Gliscor\n|-damage|p2a: Gliscor|24\/100 tox\n|-heal|p1a: Volcarona|100\/100 tox|[from] drain|[of] p2a: Gliscor\n|move|p2a: Gliscor|Earthquake|p1a: Volcarona\n|-damage|p1a: Volcarona|49\/100 tox\n|\n|-damage|p1a: Volcarona|37\/100 tox|[from] psn\n|-heal|p2a: Gliscor|37\/100 tox|[from] ability: Poison Heal\n|upkeep\n|turn|54\n|\n|t:|1699966856\n|move|p1a: Volcarona|Fiery Dance|p2a: Gliscor\n|-damage|p2a: Gliscor|0 fnt\n|-boost|p1a: Volcarona|spa|1\n|faint|p2a: Gliscor\n|\n|-damage|p1a: Volcarona|19\/100 tox|[from] psn\n|upkeep\n|\n|t:|1699966860\n|switch|p2a: Ditto|Ditto|100\/100\n|-transform|p2a: Ditto|p1a: Volcarona|[from] ability: Imposter\n|turn|55\n|\n|t:|1699966865\n|move|p2a: Ditto|Fiery Dance|p1a: Volcarona\n|-damage|p1a: Volcarona|0 fnt\n|faint|p1a: Volcarona\n|\n|upkeep\n|\n|t:|1699966873\n|switch|p1a: Latias|Latias-Mega, F|100\/100\n|turn|56\n|\n|t:|1699966878\n|move|p2a: Ditto|Fiery Dance|p1a: Latias\n|-resisted|p1a: Latias\n|-damage|p1a: Latias|67\/100\n|move|p1a: Latias|Draco Meteor|p2a: Ditto\n|-damage|p2a: Ditto|46\/100\n|-unboost|p1a: Latias|spa|2\n|\n|upkeep\n|turn|57\n|\n|t:|1699966885\n|switch|p1a: Alomomola|Alomomola, M|88\/100\n|move|p2a: Ditto|Fiery Dance|p1a: Alomomola\n|-resisted|p1a: Alomomola\n|-damage|p1a: Alomomola|40\/100\n|-boost|p2a: Ditto|spa|1\n|\n|-heal|p1a: Alomomola|46\/100|[from] item: Leftovers\n|upkeep\n|turn|58\n|\n|t:|1699966891\n|move|p2a: Ditto|Fiery Dance|p1a: Alomomola\n|-resisted|p1a: Alomomola\n|-damage|p1a: Alomomola|0 fnt\n|faint|p1a: Alomomola\n|\n|upkeep\n|\n|t:|1699966896\n|switch|p1a: Latias|Latias-Mega, F|67\/100\n|turn|59\n|\n|t:|1699966906\n|move|p2a: Ditto|Fiery Dance|p1a: Latias\n|-resisted|p1a: Latias\n|-damage|p1a: Latias|25\/100\n|-boost|p2a: Ditto|spa|1\n|move|p1a: Latias|Draco Meteor|p2a: Ditto\n|-damage|p2a: Ditto|0 fnt\n|-unboost|p1a: Latias|spa|2\n|faint|p2a: Ditto\n|\n|upkeep\n|\n|t:|1699966920\n|switch|p2a: Victini|Victini|100\/100\n|turn|60\n|\n|t:|1699966924\n|switch|p1a: Pawmot|Pawmot, F|39\/100\n|move|p2a: Victini|V-create|p1a: Pawmot\n|-damage|p1a: Pawmot|0 fnt\n|-unboost|p2a: Victini|spe|1\n|-unboost|p2a: Victini|def|1\n|-unboost|p2a: Victini|spd|1\n|faint|p1a: Pawmot\n|\n|upkeep\n|\n|t:|1699966927\n|switch|p1a: Latias|Latias-Mega, F|25\/100\n|turn|61\n|\n|t:|1699966932\n|switch|p2a: Alomomola|Alomomola, M|100\/100 tox\n|move|p1a: Latias|Draco Meteor|p2a: Alomomola|[miss]\n|-miss|p1a: Latias|p2a: Alomomola\n|\n|-damage|p2a: Alomomola|94\/100 tox|[from] psn\n|upkeep\n|turn|62\n|\n|t:|1699966939\n|move|p1a: Latias|Energy Ball|p2a: Alomomola\n|-supereffective|p2a: Alomomola\n|-damage|p2a: Alomomola|16\/100 tox\n|move|p2a: Alomomola|Flip Turn|p1a: Latias\n|-resisted|p1a: Latias\n|-damage|p1a: Latias|18\/100\n|\n|t:|1699966947\n|switch|p2a: Zamazenta|Zamazenta, tera:Electric|60\/100|[from] Flip Turn\n|\n|upkeep\n|turn|63\n|\n|t:|1699966955\n|move|p2a: Zamazenta|Close Combat|p1a: Latias\n|-resisted|p1a: Latias\n|-damage|p1a: Latias|0 fnt\n|-unboost|p2a: Zamazenta|def|1\n|-unboost|p2a: Zamazenta|spd|1\n|faint|p1a: Latias\n|\n|win|gglao3\n|raw|George Rizzington's rating: 1346 &rarr; <strong>1326<\/strong><br \/>(-20 for losing)\n|raw|gglao3's rating: 1351 &rarr; <strong>1371<\/strong><br \/>(+20 for winning)\n|l|\u2606George Rizzington\n","uploadtime":1699966963,"views":5,"p1id":"georgerizzington","p2id":"gglao3","formatid":"gen9nationaldex","rating":1326,"private":0,"password":""}