{"id":"gen9nationaldex-1991530232","p1":"Xv196","p2":"raticate diffs 2","format":"[Gen 9] National Dex","log":"|j|\u2606Xv196\n|j|\u2606raticate diffs 2\n|t:|1700085438\n|gametype|singles\n|player|p1|Xv196|ghetsis|1032\n|player|p2|raticate diffs 2|265|1084\n|teamsize|p1|6\n|teamsize|p2|6\n|gen|9\n|tier|[Gen 9] National Dex\n|rated|\n|rule|HP Percentage Mod: HP is shown in percentages\n|rule|Endless Battle Clause: Forcing endless battles is banned\n|rule|OHKO Clause: OHKO moves are banned\n|rule|Evasion Clause: Evasion abilities, items, and moves are banned\n|rule|Evasion Abilities Clause: Evasion abilities are banned\n|rule|Evasion Items Clause: Evasion items are banned\n|rule|Evasion Moves Clause: Evasion moves are banned\n|rule|Species Clause: Limit one of each Pok\u00e9mon\n|rule|Sleep Clause Mod: Limit one foe put to sleep\n|clearpoke\n|poke|p1|Zapdos|\n|poke|p1|Diancie|\n|poke|p1|Great Tusk|\n|poke|p1|Toxapex, M|\n|poke|p1|Heatran, M|\n|poke|p1|Weavile, M|\n|poke|p2|Volcarona, F|\n|poke|p2|Masquerain, M|\n|poke|p2|Raticate, M|\n|poke|p2|Ninetales-Alola, M|\n|poke|p2|Hatterene, F|\n|poke|p2|Gyarados, M|\n|teampreview\n|\n|t:|1700085447\n|start\n|switch|p1a: Heatran|Heatran, M|100\/100\n|switch|p2a: deus|Masquerain, M|100\/100\n|-ability|p2a: deus|Intimidate|boost\n|-unboost|p1a: Heatran|atk|1\n|turn|1\n|\n|t:|1700085452\n|move|p2a: deus|Sticky Web|p1a: Heatran\n|-sidestart|p1: Xv196|move: Sticky Web\n|move|p1a: Heatran|Magma Storm|p2a: deus\n|-supereffective|p2a: deus\n|-enditem|p2a: deus|Focus Sash\n|-damage|p2a: deus|1\/100\n|-activate|p2a: deus|move: Magma Storm|[of] p1a: Heatran\n|\n|-damage|p2a: deus|0 fnt|[from] move: Magma Storm|[partiallytrapped]\n|faint|p2a: deus\n|upkeep\n|\n|t:|1700085477\n|switch|p2a: Alibaba.|Gyarados, M, shiny|100\/100\n|-ability|p2a: Alibaba.|Intimidate|boost\n|-unboost|p1a: Heatran|atk|1\n|turn|2\n|\n|t:|1700085481\n|switch|p1a: Toxapex|Toxapex, M|100\/100\n|-activate|p1a: Toxapex|move: Sticky Web\n|-unboost|p1a: Toxapex|spe|1\n|detailschange|p2a: Alibaba.|Gyarados-Mega, M, shiny\n|-mega|p2a: Alibaba.|Gyarados|Gyaradosite\n|-ability|p2a: Alibaba.|Mold Breaker\n|move|p2a: Alibaba.|Dragon Dance|p2a: Alibaba.\n|-boost|p2a: Alibaba.|atk|1\n|-boost|p2a: Alibaba.|spe|1\n|\n|upkeep\n|turn|3\n|\n|t:|1700085490\n|move|p2a: Alibaba.|Substitute|p2a: Alibaba.\n|-start|p2a: Alibaba.|Substitute\n|-damage|p2a: Alibaba.|76\/100\n|move|p1a: Toxapex|Toxic||[still]\n|-fail|p1a: Toxapex\n|\n|upkeep\n|turn|4\n|\n|t:|1700085493\n|move|p2a: Alibaba.|Crunch|p1a: Toxapex\n|-damage|p1a: Toxapex|51\/100\n|-enditem|p1a: Toxapex|Eject Button\n|\n|t:|1700085505\n|switch|p1a: Zapdos|Zapdos|100\/100\n|\n|upkeep\n|turn|5\n|\n|t:|1700085511\n|switch|p2a: Ninetales|Ninetales-Alola, M|100\/100\n|-weather|Snow|[from] ability: Snow Warning|[of] p2a: Ninetales\n|move|p1a: Zapdos|Volt Switch|p2a: Ninetales\n|-damage|p2a: Ninetales|64\/100\n|\n|t:|1700085522\n|switch|p1a: Queen|Diancie|100\/100|[from] Volt Switch\n|-activate|p1a: Queen|move: Sticky Web\n|-fail|p1a: Queen|unboost|[from] ability: Clear Body|[of] p1a: Queen\n|\n|-weather|Snow|[upkeep]\n|upkeep\n|turn|6\n|\n|t:|1700085537\n|switch|p2a: Hatterene|Hatterene, F|100\/100\n|detailschange|p1a: Queen|Diancie-Mega\n|-mega|p1a: Queen|Diancie|Diancite\n|move|p1a: Queen|Diamond Storm|p2a: Hatterene\n|-damage|p2a: Hatterene|55\/100\n|-boost|p1a: Queen|def|2\n|\n|-weather|Snow|[upkeep]\n|-heal|p2a: Hatterene|61\/100|[from] item: Leftovers\n|upkeep\n|turn|7\n|\n|t:|1700085561\n|move|p1a: Queen|Moonblast|p2a: Hatterene\n|-damage|p2a: Hatterene|5\/100\n|move|p2a: Hatterene|Healing Wish|p2a: Hatterene\n|faint|p2a: Hatterene\n|\n|-weather|Snow|[upkeep]\n|upkeep\n|\n|t:|1700085564\n|switch|p2a: Volcarona|Volcarona, F|100\/100\n|turn|8\n|\n|t:|1700085575\n|-terastallize|p2a: Volcarona|Grass\n|move|p1a: Queen|Diamond Storm|p2a: Volcarona\n|-damage|p2a: Volcarona|16\/100\n|-boost|p1a: Queen|def|2\n|move|p2a: Volcarona|Quiver Dance|p2a: Volcarona\n|-boost|p2a: Volcarona|spa|1\n|-boost|p2a: Volcarona|spd|1\n|-boost|p2a: Volcarona|spe|1\n|\n|-weather|Snow|[upkeep]\n|upkeep\n|turn|9\n|\n|t:|1700085584\n|switch|p1a: Heatran|Heatran, M|100\/100\n|-activate|p1a: Heatran|move: Sticky Web\n|-unboost|p1a: Heatran|spe|1\n|move|p2a: Volcarona|Giga Drain|p1a: Heatran\n|-resisted|p1a: Heatran\n|-damage|p1a: Heatran|92\/100\n|-heal|p2a: Volcarona|21\/100|[from] drain|[of] p1a: Heatran\n|\n|-weather|none\n|-heal|p1a: Heatran|98\/100|[from] item: Leftovers\n|upkeep\n|turn|10\n|\n|t:|1700085589\n|move|p2a: Volcarona|Hidden Power|p1a: Heatran\n|-supereffective|p1a: Heatran\n|-crit|p1a: Heatran\n|-damage|p1a: Heatran|0 fnt\n|faint|p1a: Heatran\n|\n|upkeep\n|\n|t:|1700085594\n|switch|p1a: Weavile|Weavile, M|100\/100\n|-activate|p1a: Weavile|move: Sticky Web\n|-unboost|p1a: Weavile|spe|1\n|-ability|p1a: Weavile|Pressure\n|turn|11\n|\n|t:|1700085598\n|switch|p2a: Ninetales|Ninetales-Alola, M|64\/100\n|-heal|p2a: Ninetales|100\/100|[from] move: Healing Wish\n|-weather|Snow|[from] ability: Snow Warning|[of] p2a: Ninetales\n|move|p1a: Weavile|Ice Shard|p2a: Ninetales\n|-resisted|p2a: Ninetales\n|-damage|p2a: Ninetales|88\/100\n|\n|-weather|Snow|[upkeep]\n|upkeep\n|turn|12\n|\n|t:|1700085608\n|switch|p1a: Queen|Diancie-Mega|100\/100\n|-activate|p1a: Queen|move: Sticky Web\n|-unboost|p1a: Queen|spe|1\n|move|p2a: Ninetales|Aurora Veil|p2a: Ninetales\n|-sidestart|p2: raticate diffs 2|move: Aurora Veil\n|\n|-weather|Snow|[upkeep]\n|upkeep\n|turn|13\n|\n|t:|1700085621\n|switch|p2a: Alibaba.|Gyarados-Mega, M, shiny|76\/100\n|-ability|p2a: Alibaba.|Mold Breaker\n|move|p1a: Queen|Diamond Storm|p2a: Alibaba.\n|-damage|p2a: Alibaba.|49\/100\n|\n|-weather|Snow|[upkeep]\n|upkeep\n|turn|14\n|\n|t:|1700085626\n|switch|p1a: Toxapex|Toxapex, M|84\/100\n|-activate|p1a: Toxapex|move: Sticky Web\n|-unboost|p1a: Toxapex|spe|1\n|move|p2a: Alibaba.|Waterfall|p1a: Toxapex\n|-resisted|p1a: Toxapex\n|-damage|p1a: Toxapex|68\/100\n|\n|-weather|Snow|[upkeep]\n|upkeep\n|turn|15\n|\n|t:|1700085637\n|switch|p2a: Raticate|Raticate, M, shiny|100\/100\n|move|p1a: Toxapex|Scald|p2a: Raticate\n|-damage|p2a: Raticate|85\/100\n|\n|-weather|none\n|-status|p2a: Raticate|brn|[from] item: Flame Orb\n|upkeep\n|turn|16\n|\n|t:|1700085643\n|move|p2a: Raticate|Swords Dance|p2a: Raticate\n|-boost|p2a: Raticate|atk|2\n|move|p1a: Toxapex|Scald|p2a: Raticate\n|-damage|p2a: Raticate|71\/100 brn\n|\n|-damage|p2a: Raticate|65\/100 brn|[from] brn\n|upkeep\n|turn|17\n|\n|t:|1700085645\n|move|p2a: Raticate|Facade|p1a: Toxapex\n|-damage|p1a: Toxapex|0 fnt\n|faint|p1a: Toxapex\n|\n|-damage|p2a: Raticate|59\/100 brn|[from] brn\n|upkeep\n|\n|t:|1700085653\n|switch|p1a: Great Tusk|Great Tusk|100\/100\n|turn|18\n|\n|t:|1700085657\n|move|p2a: Raticate|Facade|p1a: Great Tusk\n|-damage|p1a: Great Tusk|0 fnt\n|faint|p1a: Great Tusk\n|-end|p1a: Great Tusk|Protosynthesis|[silent]\n|\n|-damage|p2a: Raticate|53\/100 brn|[from] brn\n|upkeep\n|\n|t:|1700085674\n|switch|p1a: Queen|Diancie-Mega|100\/100\n|-activate|p1a: Queen|move: Sticky Web\n|-unboost|p1a: Queen|spe|1\n|turn|19\n|\n|t:|1700085682\n|switch|p1a: Zapdos|Zapdos|100\/100\n|move|p2a: Raticate|Stomping Tantrum|p1a: Zapdos\n|-immune|p1a: Zapdos\n|\n|-damage|p2a: Raticate|47\/100 brn|[from] brn\n|-sideend|p2: raticate diffs 2|move: Aurora Veil\n|upkeep\n|turn|20\n|\n|t:|1700085687\n|move|p2a: Raticate|Facade|p1a: Zapdos\n|-damage|p1a: Zapdos|0 fnt\n|faint|p1a: Zapdos\n|\n|-damage|p2a: Raticate|41\/100 brn|[from] brn\n|upkeep\n|\n|t:|1700085690\n|switch|p1a: Weavile|Weavile, M|100\/100\n|-activate|p1a: Weavile|move: Sticky Web\n|-unboost|p1a: Weavile|spe|1\n|-ability|p1a: Weavile|Pressure\n|turn|21\n|\n|t:|1700085695\n|switch|p2a: Ninetales|Ninetales-Alola, M|88\/100\n|-weather|Snow|[from] ability: Snow Warning|[of] p2a: Ninetales\n|move|p1a: Weavile|Ice Shard|p2a: Ninetales\n|-resisted|p2a: Ninetales\n|-crit|p2a: Ninetales\n|-damage|p2a: Ninetales|71\/100\n|\n|-weather|Snow|[upkeep]\n|upkeep\n|turn|22\n|\n|t:|1700085697\n|switch|p1a: Queen|Diancie-Mega|100\/100\n|-activate|p1a: Queen|move: Sticky Web\n|-unboost|p1a: Queen|spe|1\n|move|p2a: Ninetales|Aurora Veil|p2a: Ninetales\n|-sidestart|p2: raticate diffs 2|move: Aurora Veil\n|\n|-weather|Snow|[upkeep]\n|upkeep\n|turn|23\n|\n|t:|1700085703\n|switch|p2a: Alibaba.|Gyarados-Mega, M, shiny|49\/100\n|-ability|p2a: Alibaba.|Mold Breaker\n|move|p1a: Queen|Diamond Storm|p2a: Alibaba.\n|-damage|p2a: Alibaba.|23\/100\n|-boost|p1a: Queen|def|2\n|\n|-weather|Snow|[upkeep]\n|upkeep\n|turn|24\n|\n|t:|1700085707\n|move|p2a: Alibaba.|Waterfall|p1a: Queen\n|-supereffective|p1a: Queen\n|-damage|p1a: Queen|26\/100\n|move|p1a: Queen|Diamond Storm|p2a: Alibaba.\n|-damage|p2a: Alibaba.|0 fnt\n|faint|p2a: Alibaba.\n|\n|-weather|Snow|[upkeep]\n|upkeep\n|\n|t:|1700085715\n|switch|p2a: Volcarona|Volcarona, F, tera:Grass|21\/100\n|turn|25\n|\n|t:|1700085723\n|move|p2a: Volcarona|Giga Drain|p1a: Queen\n|-supereffective|p1a: Queen\n|-damage|p1a: Queen|0 fnt\n|-heal|p2a: Volcarona|31\/100|[from] drain|[of] p1a: Queen\n|faint|p1a: Queen\n|\n|-weather|none\n|upkeep\n|\n|t:|1700085725\n|switch|p1a: Weavile|Weavile, M|100\/100\n|-activate|p1a: Weavile|move: Sticky Web\n|-unboost|p1a: Weavile|spe|1\n|-ability|p1a: Weavile|Pressure\n|turn|26\n|\n|t:|1700085727\n|-terastallize|p1a: Weavile|Dark\n|move|p2a: Volcarona|Flamethrower|p1a: Weavile\n|-damage|p1a: Weavile|35\/100\n|move|p1a: Weavile|Knock Off|p2a: Volcarona\n|-damage|p2a: Volcarona|0 fnt\n|-enditem|p2a: Volcarona|Heavy-Duty Boots|[from] move: Knock Off|[of] p1a: Weavile\n|faint|p2a: Volcarona\n|\n|upkeep\n|\n|t:|1700085731\n|switch|p2a: Raticate|Raticate, M, shiny|41\/100 brn\n|turn|27\n|\n|t:|1700085733\n|move|p2a: Raticate|Facade|p1a: Weavile\n|-damage|p1a: Weavile|0 fnt\n|faint|p1a: Weavile\n|\n|win|raticate diffs 2\n|raw|Xv196's rating: 1032 &rarr; <strong>1019<\/strong><br \/>(-13 for losing)\n|raw|raticate diffs 2's rating: 1084 &rarr; <strong>1107<\/strong><br \/>(+23 for winning)\n|l|\u2606Xv196\n","uploadtime":1700085846,"views":9,"p1id":"xv196","p2id":"raticatediffs2","formatid":"gen9nationaldex","rating":1019,"private":0,"password":""}