{"id":"gen9nationaldex-1997177852","p1":"Apples Are Epic","p2":"Imarandomguyhi","format":"[Gen 9] National Dex","log":"|html|<div class=\"broadcast-blue\"><strong>[Gen 9] National Dex is currently suspecting Sneasler! For information on how to participate check out the <a href=\"https:\/\/www.smogon.com\/forums\/threads\/sv-national-dex-suspect-8-just-dance.3731534\/\">suspect thread<\/a>.<\/strong><\/div>\n|j|\u2606Apples Are Epic\n|j|\u2606Imarandomguyhi\n|t:|1700772500\n|gametype|singles\n|player|p1|Apples Are Epic|unknown|1234\n|player|p2|Imarandomguyhi|pokemonranger-gen4|1154\n|teamsize|p1|6\n|teamsize|p2|6\n|gen|9\n|tier|[Gen 9] National Dex\n|rated|\n|rule|HP Percentage Mod: HP is shown in percentages\n|rule|Endless Battle Clause: Forcing endless battles is banned\n|rule|OHKO Clause: OHKO moves are banned\n|rule|Evasion Clause: Evasion abilities, items, and moves are banned\n|rule|Evasion Abilities Clause: Evasion abilities are banned\n|rule|Evasion Items Clause: Evasion items are banned\n|rule|Evasion Moves Clause: Evasion moves are banned\n|rule|Species Clause: Limit one of each Pok\u00e9mon\n|rule|Sleep Clause Mod: Limit one foe put to sleep\n|clearpoke\n|poke|p1|Charizard, F|\n|poke|p1|Great Tusk|\n|poke|p1|Glimmora, F|\n|poke|p1|Ogerpon-Cornerstone, F|\n|poke|p1|Quaquaval, F|\n|poke|p1|Xurkitree|\n|poke|p2|Grimmsnarl, M|\n|poke|p2|Aegislash, M|\n|poke|p2|Seismitoad, M|\n|poke|p2|Infernape, M|\n|poke|p2|Togekiss, F|\n|poke|p2|Goodra-Hisui, M|\n|teampreview\n|inactive|Battle timer is ON: inactive players will automatically lose when time's up. (requested by Imarandomguyhi)\n|\n|t:|1700772512\n|start\n|switch|p1a: Glimmora|Glimmora, F|100\/100\n|switch|p2a: Goodra|Goodra-Hisui, M|100\/100\n|turn|1\n|\n|t:|1700772519\n|move|p1a: Glimmora|Stealth Rock|p2a: Goodra\n|-sidestart|p2: Imarandomguyhi|move: Stealth Rock\n|move|p2a: Goodra|Surf|p1a: Glimmora\n|-supereffective|p1a: Glimmora\n|-damage|p1a: Glimmora|36\/100\n|\n|upkeep\n|turn|2\n|\n|t:|1700772537\n|move|p1a: Glimmora|Spiky Shield|p1a: Glimmora\n|-singleturn|p1a: Glimmora|move: Protect\n|move|p2a: Goodra|Surf|p1a: Glimmora\n|-activate|p1a: Glimmora|move: Protect\n|\n|upkeep\n|turn|3\n|\n|t:|1700772541\n|move|p1a: Glimmora|Spikes|p2a: Goodra\n|-sidestart|p2: Imarandomguyhi|Spikes\n|move|p2a: Goodra|Surf|p1a: Glimmora\n|-supereffective|p1a: Glimmora\n|-damage|p1a: Glimmora|0 fnt\n|faint|p1a: Glimmora\n|\n|upkeep\n|\n|t:|1700772550\n|switch|p1a: Quaquaval|Quaquaval, F|100\/100\n|turn|4\n|\n|t:|1700772554\n|-terastallize|p2a: Goodra|Ghost\n|move|p1a: Quaquaval|Close Combat|p2a: Goodra\n|-immune|p2a: Goodra\n|move|p2a: Goodra|Thunderbolt|p1a: Quaquaval\n|-supereffective|p1a: Quaquaval\n|-damage|p1a: Quaquaval|13\/100\n|-status|p1a: Quaquaval|par\n|\n|upkeep\n|turn|5\n|\n|t:|1700772562\n|move|p2a: Goodra|Dragon Pulse|p1a: Quaquaval\n|-damage|p1a: Quaquaval|0 fnt\n|faint|p1a: Quaquaval\n|\n|upkeep\n|\n|t:|1700772568\n|switch|p1a: Charizard|Charizard, F, shiny|100\/100\n|turn|6\n|\n|t:|1700772574\n|detailschange|p1a: Charizard|Charizard-Mega-Y, F, shiny\n|-mega|p1a: Charizard|Charizard|Charizardite Y\n|-weather|SunnyDay|[from] ability: Drought|[of] p1a: Charizard\n|move|p1a: Charizard|Solar Beam||[still]\n|-prepare|p1a: Charizard|Solar Beam\n|-anim|p1a: Charizard|Solar Beam|p2a: Goodra\n|-ability|p2a: Goodra|Sap Sipper|boost\n|-boost|p2a: Goodra|atk|1\n|move|p2a: Goodra|Thunderbolt|p1a: Charizard\n|-supereffective|p1a: Charizard\n|-damage|p1a: Charizard|29\/100\n|\n|-weather|SunnyDay|[upkeep]\n|upkeep\n|turn|7\n|c|\u2606Apples Are Epic|fuck im washed xd\n|\n|t:|1700772584\n|move|p1a: Charizard|Fire Blast|p2a: Goodra\n|-damage|p2a: Goodra|27\/100\n|move|p2a: Goodra|Dragon Pulse|p1a: Charizard\n|-damage|p1a: Charizard|0 fnt\n|faint|p1a: Charizard\n|\n|-weather|SunnyDay|[upkeep]\n|upkeep\n|\n|t:|1700772588\n|switch|p1a: Great Tusk|Great Tusk|100\/100\n|-activate|p1a: Great Tusk|ability: Protosynthesis\n|-start|p1a: Great Tusk|protosynthesisatk\n|turn|8\n|inactive|Imarandomguyhi has 120 seconds left.\n|\n|t:|1700772639\n|switch|p2a: Seismitoad|Seismitoad, M|100\/100\n|-damage|p2a: Seismitoad|94\/100|[from] Stealth Rock\n|-damage|p2a: Seismitoad|82\/100|[from] Spikes\n|move|p1a: Great Tusk|Headlong Rush|p2a: Seismitoad\n|-damage|p2a: Seismitoad|0 fnt\n|-unboost|p1a: Great Tusk|def|1\n|-unboost|p1a: Great Tusk|spd|1\n|faint|p2a: Seismitoad\n|\n|-weather|SunnyDay|[upkeep]\n|upkeep\n|\n|t:|1700772641\n|switch|p2a: Grimmsnarl|Grimmsnarl, M|100\/100\n|-damage|p2a: Grimmsnarl|88\/100|[from] Stealth Rock\n|-damage|p2a: Grimmsnarl|76\/100|[from] Spikes\n|turn|9\n|\n|t:|1700772660\n|-end|p1a: Great Tusk|Protosynthesis|[silent]\n|switch|p1a: Ogerpon|Ogerpon-Cornerstone, F|100\/100\n|move|p2a: Grimmsnarl|Reflect|p2a: Grimmsnarl\n|-sidestart|p2: Imarandomguyhi|Reflect\n|\n|-weather|SunnyDay|[upkeep]\n|upkeep\n|turn|10\n|\n|t:|1700772666\n|-terastallize|p1a: Ogerpon|Rock\n|detailschange|p1a: Ogerpon|Ogerpon-Cornerstone-Tera, F, tera:Rock\n|-ability|p1a: Ogerpon|Embody Aspect (Cornerstone)|boost\n|-boost|p1a: Ogerpon|def|1\n|move|p2a: Grimmsnarl|Thunder Wave|p1a: Ogerpon\n|-status|p1a: Ogerpon|par\n|move|p1a: Ogerpon|Ivy Cudgel|p2a: Grimmsnarl|[anim] Ivy Cudgel Rock\n|-damage|p2a: Grimmsnarl|24\/100\n|\n|-weather|none\n|upkeep\n|turn|11\n|\n|t:|1700772671\n|switch|p2a: Aegislash|Aegislash, M|100\/100\n|-damage|p2a: Aegislash|94\/100|[from] Stealth Rock\n|-damage|p2a: Aegislash|82\/100|[from] Spikes\n|move|p1a: Ogerpon|Ivy Cudgel|p2a: Aegislash|[anim] Ivy Cudgel Rock\n|-resisted|p2a: Aegislash\n|-damage|p2a: Aegislash|67\/100\n|\n|upkeep\n|turn|12\n|\n|t:|1700772672\n|move|p1a: Ogerpon|Trailblaze|p2a: Aegislash\n|-resisted|p2a: Aegislash\n|-damage|p2a: Aegislash|62\/100\n|-boost|p1a: Ogerpon|spe|1\n|-formechange|p2a: Aegislash|Aegislash-Blade||[from] ability: Stance Change\n|move|p2a: Aegislash|Iron Head|p1a: Ogerpon\n|-supereffective|p1a: Ogerpon\n|-damage|p1a: Ogerpon|22\/100 par\n|\n|upkeep\n|turn|13\n|\n|t:|1700772682\n|-formechange|p2a: Aegislash|Aegislash||[from] ability: Stance Change\n|move|p2a: Aegislash|King's Shield|p2a: Aegislash\n|-singleturn|p2a: Aegislash|Protect\n|move|p1a: Ogerpon|Ivy Cudgel|p2a: Aegislash|[anim] Ivy Cudgel Rock\n|-activate|p2a: Aegislash|move: Protect\n|\n|upkeep\n|turn|14\n|\n|t:|1700772685\n|move|p1a: Ogerpon|Trailblaze|p2a: Aegislash\n|-resisted|p2a: Aegislash\n|-damage|p2a: Aegislash|56\/100\n|-boost|p1a: Ogerpon|spe|1\n|-formechange|p2a: Aegislash|Aegislash-Blade||[from] ability: Stance Change\n|move|p2a: Aegislash|Iron Head|p1a: Ogerpon\n|-supereffective|p1a: Ogerpon\n|-damage|p1a: Ogerpon|0 fnt\n|faint|p1a: Ogerpon\n|\n|upkeep\n|\n|t:|1700772688\n|switch|p1a: Xurkitree|Xurkitree|100\/100\n|turn|15\n|\n|t:|1700772693\n|move|p2a: Aegislash|Shadow Sneak|p1a: Xurkitree\n|-damage|p1a: Xurkitree|67\/100\n|move|p1a: Xurkitree|Thunderbolt|p2a: Aegislash\n|-damage|p2a: Aegislash|0 fnt\n|faint|p2a: Aegislash\n|-ability|p1a: Xurkitree|Beast Boost|boost\n|-boost|p1a: Xurkitree|spa|1\n|\n|upkeep\n|\n|t:|1700772706\n|switch|p2a: Infernape|Infernape, M|100\/100\n|-damage|p2a: Infernape|88\/100|[from] Stealth Rock\n|-damage|p2a: Infernape|76\/100|[from] Spikes\n|turn|16\n|\n|t:|1700772708\n|move|p1a: Xurkitree|Thunderbolt|p2a: Infernape\n|-damage|p2a: Infernape|0 fnt\n|faint|p2a: Infernape\n|-ability|p1a: Xurkitree|Beast Boost|boost\n|-boost|p1a: Xurkitree|spa|1\n|\n|-sideend|p2: Imarandomguyhi|Reflect\n|upkeep\n|\n|t:|1700772712\n|switch|p2a: Togekiss|Togekiss, F|100\/100\n|-damage|p2a: Togekiss|76\/100|[from] Stealth Rock\n|turn|17\n|\n|t:|1700772714\n|move|p1a: Xurkitree|Thunderbolt|p2a: Togekiss\n|-supereffective|p2a: Togekiss\n|-damage|p2a: Togekiss|0 fnt\n|faint|p2a: Togekiss\n|-ability|p1a: Xurkitree|Beast Boost|boost\n|-boost|p1a: Xurkitree|spa|1\n|\n|upkeep\n|\n|t:|1700772715\n|switch|p2a: Goodra|Goodra-Hisui, M, tera:Ghost|27\/100\n|-damage|p2a: Goodra|15\/100|[from] Stealth Rock\n|-damage|p2a: Goodra|2\/100|[from] Spikes\n|turn|18\n|\n|t:|1700772717\n|move|p1a: Xurkitree|Thunderbolt|p2a: Goodra\n|-damage|p2a: Goodra|0 fnt\n|faint|p2a: Goodra\n|-ability|p1a: Xurkitree|Beast Boost|boost\n|-boost|p1a: Xurkitree|spa|1\n|\n|upkeep\n|\n|t:|1700772719\n|switch|p2a: Grimmsnarl|Grimmsnarl, M|24\/100\n|-damage|p2a: Grimmsnarl|12\/100|[from] Stealth Rock\n|-damage|p2a: Grimmsnarl|0 fnt|[from] Spikes\n|faint|p2a: Grimmsnarl\n|\n|win|Apples Are Epic\n|raw|Apples Are Epic's rating: 1234 &rarr; <strong>1253<\/strong><br \/>(+19 for winning)\n|raw|Imarandomguyhi's rating: 1154 &rarr; <strong>1135<\/strong><br \/>(-19 for losing)\n|l|\u2606Imarandomguyhi\n","uploadtime":1700772727,"views":21,"p1id":"applesareepic","p2id":"imarandomguyhi","formatid":"gen9nationaldex","rating":1135,"private":0,"password":""}