{"id":"gen9nationaldex-1998412055","p1":"NDSNEZyedropwhen","p2":"NDSNEZ Larrea02","format":"[Gen 9] National Dex","log":"|html|<div class=\"broadcast-blue\"><strong>[Gen 9] National Dex is currently suspecting Sneasler! For information on how to participate check out the <a href=\"https:\/\/www.smogon.com\/forums\/threads\/sv-national-dex-suspect-8-just-dance.3731534\/\">suspect thread<\/a>.<\/strong><\/div>\n|j|\u2606NDSNEZyedropwhen\n|j|\u2606NDSNEZ Larrea02\n|t:|1700939408\n|gametype|singles\n|player|p1|NDSNEZyedropwhen|adaman|1460\n|player|p2|NDSNEZ Larrea02|olivia|1436\n|teamsize|p1|6\n|teamsize|p2|6\n|gen|9\n|tier|[Gen 9] National Dex\n|rated|\n|rule|HP Percentage Mod: HP is shown in percentages\n|rule|Endless Battle Clause: Forcing endless battles is banned\n|rule|OHKO Clause: OHKO moves are banned\n|rule|Evasion Clause: Evasion abilities, items, and moves are banned\n|rule|Evasion Abilities Clause: Evasion abilities are banned\n|rule|Evasion Items Clause: Evasion items are banned\n|rule|Evasion Moves Clause: Evasion moves are banned\n|rule|Species Clause: Limit one of each Pok\u00e9mon\n|rule|Sleep Clause Mod: Limit one foe put to sleep\n|clearpoke\n|poke|p1|Toxapex, F|\n|poke|p1|Dondozo, M|\n|poke|p1|Gliscor, F|\n|poke|p1|Blissey, F|\n|poke|p1|Corviknight, F|\n|poke|p1|Tyranitar, F|\n|poke|p2|Tapu Lele|\n|poke|p2|Garchomp, F|\n|poke|p2|Sneasler, F|\n|poke|p2|Landorus-Therian, M|\n|poke|p2|Ninetales-Alola, F|\n|poke|p2|Kommo-o, F|\n|teampreview\n|c|\u2606NDSNEZ Larrea02|hi\n|c|\u2606NDSNEZyedropwhen|hi\n|c|\u2606NDSNEZyedropwhen|sneasbro or sneasfoe\n|c|\u2606NDSNEZ Larrea02|i actually dont know yet\n|c|\u2606NDSNEZ Larrea02|im just doing it for the challenge so far\n|\n|t:|1700939442\n|start\n|switch|p1a: Toxapex|Toxapex, F|100\/100\n|switch|p2a: Landorus|Landorus-Therian, M|100\/100\n|-ability|p2a: Landorus|Intimidate|boost\n|-unboost|p1a: Toxapex|atk|1\n|turn|1\n|\n|t:|1700939455\n|move|p1a: Toxapex|Baneful Bunker|p1a: Toxapex\n|-singleturn|p1a: Toxapex|move: Protect\n|move|p2a: Landorus|Earthquake|p1a: Toxapex\n|-activate|p1a: Toxapex|move: Protect\n|\n|upkeep\n|turn|2\n|\n|t:|1700939460\n|switch|p1a: Corviknight|Corviknight, F|100\/100\n|-ability|p1a: Corviknight|Pressure\n|move|p2a: Landorus|Toxic|p1a: Corviknight\n|-immune|p1a: Corviknight\n|\n|upkeep\n|turn|3\n|\n|t:|1700939465\n|switch|p1a: Gliscor|Gliscor, F|100\/100\n|move|p2a: Landorus|U-turn|p1a: Gliscor\n|-resisted|p1a: Gliscor\n|-damage|p1a: Gliscor|94\/100\n|\n|t:|1700939474\n|switch|p2a: Tapu Lele|Tapu Lele|100\/100|[from] U-turn\n|-fieldstart|move: Psychic Terrain|[from] ability: Psychic Surge|[of] p2a: Tapu Lele\n|\n|-status|p1a: Gliscor|tox|[from] item: Toxic Orb\n|upkeep\n|turn|4\n|\n|t:|1700939478\n|move|p1a: Gliscor|Protect|p1a: Gliscor\n|-singleturn|p1a: Gliscor|Protect\n|move|p2a: Tapu Lele|Moonblast|p1a: Gliscor\n|-activate|p1a: Gliscor|move: Protect\n|\n|-heal|p1a: Gliscor|100\/100 tox|[from] ability: Poison Heal\n|upkeep\n|turn|5\n|\n|t:|1700939483\n|switch|p1a: Corviknight|Corviknight, F|100\/100\n|-ability|p1a: Corviknight|Pressure\n|move|p2a: Tapu Lele|Moonblast|p1a: Corviknight\n|-resisted|p1a: Corviknight\n|-damage|p1a: Corviknight|84\/100\n|\n|-heal|p1a: Corviknight|90\/100|[from] item: Leftovers\n|upkeep\n|turn|6\n|\n|t:|1700939490\n|switch|p2a: Ninetales|Ninetales-Alola, F|100\/100\n|-weather|Snow|[from] ability: Snow Warning|[of] p2a: Ninetales\n|switch|p1a: Gliscor|Gliscor, F|100\/100 tox\n|\n|-weather|Snow|[upkeep]\n|upkeep\n|turn|7\n|c|\u2606NDSNEZyedropwhen|you done any other suspects before?\n|\n|t:|1700939517\n|switch|p1a: Blissey|Blissey, F|100\/100\n|move|p2a: Ninetales|Aurora Veil|p2a: Ninetales\n|-sidestart|p2: NDSNEZ Larrea02|move: Aurora Veil\n|\n|-weather|Snow|[upkeep]\n|-fieldend|move: Psychic Terrain\n|upkeep\n|turn|8\n|c|\u2606NDSNEZ Larrea02|non\n|\n|t:|1700939530\n|switch|p2a: Sneasler|Sneasler, F|100\/100\n|move|p1a: Blissey|Stealth Rock|p2a: Sneasler\n|-sidestart|p2: NDSNEZ Larrea02|move: Stealth Rock\n|\n|-weather|Snow|[upkeep]\n|upkeep\n|turn|9\n|\n|t:|1700939539\n|switch|p1a: Gliscor|Gliscor, F|100\/100 tox\n|move|p2a: Sneasler|Swords Dance|p2a: Sneasler\n|-boost|p2a: Sneasler|atk|2\n|\n|-weather|Snow|[upkeep]\n|upkeep\n|turn|10\n|\n|t:|1700939554\n|move|p2a: Sneasler|Acrobatics|p1a: Gliscor\n|-damage|p1a: Gliscor|74\/100 tox\n|move|p1a: Gliscor|Earthquake|p2a: Sneasler\n|-supereffective|p2a: Sneasler\n|-damage|p2a: Sneasler|43\/100\n|\n|-weather|none\n|-heal|p1a: Gliscor|87\/100 tox|[from] ability: Poison Heal\n|upkeep\n|turn|11\n|\n|t:|1700939560\n|switch|p2a: Landorus|Landorus-Therian, M|100\/100\n|-damage|p2a: Landorus|88\/100|[from] Stealth Rock\n|-ability|p2a: Landorus|Intimidate|boost\n|-unboost|p1a: Gliscor|atk|1\n|move|p1a: Gliscor|Spikes|p2a: Landorus\n|-sidestart|p2: NDSNEZ Larrea02|Spikes\n|\n|-heal|p1a: Gliscor|99\/100 tox|[from] ability: Poison Heal\n|upkeep\n|turn|12\n|\n|t:|1700939566\n|move|p1a: Gliscor|Toxic|p2a: Landorus|[miss]\n|-miss|p1a: Gliscor|p2a: Landorus\n|move|p2a: Landorus|Defog|p1a: Gliscor\n|-unboost|p1a: Gliscor|evasion|1\n|-sideend|p2: NDSNEZ Larrea02|Spikes|[from] move: Defog|[of] p2a: Landorus\n|-sideend|p2: NDSNEZ Larrea02|Stealth Rock|[from] move: Defog|[of] p2a: Landorus\n|\n|-heal|p1a: Gliscor|100\/100 tox|[from] ability: Poison Heal\n|upkeep\n|turn|13\n|\n|t:|1700939569\n|move|p1a: Gliscor|Spikes|p2a: Landorus\n|-sidestart|p2: NDSNEZ Larrea02|Spikes\n|move|p2a: Landorus|U-turn|p1a: Gliscor\n|-resisted|p1a: Gliscor\n|-damage|p1a: Gliscor|94\/100 tox\n|\n|t:|1700939579\n|switch|p2a: Kommo-o|Kommo-o, F|100\/100|[from] U-turn\n|-damage|p2a: Kommo-o|88\/100|[from] Spikes\n|\n|-heal|p1a: Gliscor|100\/100 tox|[from] ability: Poison Heal\n|upkeep\n|turn|14\n|\n|t:|1700939583\n|-zpower|p2a: Kommo-o\n|move|p2a: Kommo-o|Clangorous Soulblaze|p1a: Gliscor|[zeffect]\n|-damage|p1a: Gliscor|11\/100 tox\n|-boost|p2a: Kommo-o|atk|1\n|-boost|p2a: Kommo-o|def|1\n|-boost|p2a: Kommo-o|spa|1\n|-boost|p2a: Kommo-o|spd|1\n|-boost|p2a: Kommo-o|spe|1\n|move|p1a: Gliscor|Toxic|p2a: Kommo-o\n|-status|p2a: Kommo-o|tox\n|\n|-damage|p2a: Kommo-o|82\/100 tox|[from] psn\n|-heal|p1a: Gliscor|24\/100 tox|[from] ability: Poison Heal\n|-sideend|p2: NDSNEZ Larrea02|move: Aurora Veil\n|upkeep\n|turn|15\n|\n|t:|1700939597\n|move|p1a: Gliscor|Protect|p1a: Gliscor\n|-singleturn|p1a: Gliscor|Protect\n|move|p2a: Kommo-o|Boomburst|p1a: Gliscor\n|-activate|p1a: Gliscor|move: Protect\n|\n|-damage|p2a: Kommo-o|70\/100 tox|[from] psn\n|-heal|p1a: Gliscor|36\/100 tox|[from] ability: Poison Heal\n|upkeep\n|turn|16\n|\n|t:|1700939606\n|switch|p1a: Blissey|Blissey, F|100\/100\n|move|p2a: Kommo-o|Drain Punch|p1a: Blissey\n|-supereffective|p1a: Blissey\n|-damage|p1a: Blissey|0 fnt\n|-heal|p2a: Kommo-o|100\/100 tox|[from] drain|[of] p1a: Blissey\n|faint|p1a: Blissey\n|\n|-damage|p2a: Kommo-o|82\/100 tox|[from] psn\n|upkeep\n|\n|t:|1700939621\n|switch|p1a: Corviknight|Corviknight, F|90\/100\n|-ability|p1a: Corviknight|Pressure\n|turn|17\n|\n|t:|1700939624\n|move|p1a: Corviknight|Protect|p1a: Corviknight\n|-singleturn|p1a: Corviknight|Protect\n|move|p2a: Kommo-o|Flamethrower|p1a: Corviknight\n|-activate|p1a: Corviknight|move: Protect\n|\n|-heal|p1a: Corviknight|97\/100|[from] item: Leftovers\n|-damage|p2a: Kommo-o|57\/100 tox|[from] psn\n|upkeep\n|turn|18\n|\n|t:|1700939634\n|switch|p1a: Dondozo|Dondozo, M|100\/100\n|move|p2a: Kommo-o|Clanging Scales|p1a: Dondozo\n|-damage|p1a: Dondozo|58\/100\n|-unboost|p2a: Kommo-o|def|1\n|\n|-damage|p2a: Kommo-o|26\/100 tox|[from] psn\n|upkeep\n|turn|19\n|\n|t:|1700939638\n|switch|p2a: Tapu Lele|Tapu Lele|100\/100\n|-damage|p2a: Tapu Lele|88\/100|[from] Spikes\n|-fieldstart|move: Psychic Terrain|[from] ability: Psychic Surge|[of] p2a: Tapu Lele\n|move|p1a: Dondozo|Rest|p1a: Dondozo\n|-status|p1a: Dondozo|slp|[from] move: Rest\n|-heal|p1a: Dondozo|100\/100 slp|[silent]\n|\n|upkeep\n|turn|20\n|\n|t:|1700939649\n|switch|p1a: Tyranitar|Tyranitar, F|100\/100\n|-weather|Sandstorm|[from] ability: Sand Stream|[of] p1a: Tyranitar\n|move|p2a: Tapu Lele|Thunderbolt|p1a: Tyranitar\n|-damage|p1a: Tyranitar|86\/100\n|\n|-weather|Sandstorm|[upkeep]\n|-damage|p2a: Tapu Lele|82\/100|[from] Sandstorm\n|upkeep\n|turn|21\n|\n|t:|1700939655\n|-activate|p2a: Tapu Lele|move: Pursuit\n|detailschange|p1a: Tyranitar|Tyranitar-Mega, F\n|-mega|p1a: Tyranitar|Tyranitar|Tyranitarite\n|move|p1a: Tyranitar|Pursuit|p2a: Tapu Lele|[from]Pursuit\n|-damage|p2a: Tapu Lele|17\/100\n|switch|p2a: Landorus|Landorus-Therian, M|88\/100\n|-ability|p2a: Landorus|Intimidate|boost\n|-unboost|p1a: Tyranitar|atk|1\n|\n|-weather|Sandstorm|[upkeep]\n|upkeep\n|turn|22\n|\n|t:|1700939662\n|switch|p1a: Gliscor|Gliscor, F|36\/100 tox\n|move|p2a: Landorus|U-turn|p1a: Gliscor\n|-resisted|p1a: Gliscor\n|-damage|p1a: Gliscor|29\/100 tox\n|\n|t:|1700939666\n|switch|p2a: Garchomp|Garchomp, F|100\/100|[from] U-turn\n|-damage|p2a: Garchomp|88\/100|[from] Spikes\n|\n|-weather|Sandstorm|[upkeep]\n|-heal|p1a: Gliscor|41\/100 tox|[from] ability: Poison Heal\n|upkeep\n|turn|23\n|\n|t:|1700939671\n|-terastallize|p2a: Garchomp|Poison\n|move|p1a: Gliscor|Protect|p1a: Gliscor\n|-singleturn|p1a: Gliscor|Protect\n|move|p2a: Garchomp|Swords Dance|p2a: Garchomp\n|-boost|p2a: Garchomp|atk|2\n|\n|-weather|Sandstorm|[upkeep]\n|-damage|p2a: Garchomp|82\/100|[from] Sandstorm\n|-heal|p1a: Gliscor|54\/100 tox|[from] ability: Poison Heal\n|-fieldend|move: Psychic Terrain\n|upkeep\n|turn|24\n|\n|t:|1700939679\n|switch|p1a: Dondozo|Dondozo, M|100\/100 slp\n|move|p2a: Garchomp|Scale Shot|p1a: Dondozo\n|-damage|p1a: Dondozo|94\/100 slp\n|-damage|p1a: Dondozo|88\/100 slp\n|-damage|p1a: Dondozo|82\/100 slp\n|-damage|p1a: Dondozo|76\/100 slp\n|-damage|p1a: Dondozo|70\/100 slp\n|-hitcount|p1a: Dondozo|5\n|-unboost|p2a: Garchomp|def|1\n|-boost|p2a: Garchomp|spe|1\n|\n|-weather|none\n|upkeep\n|turn|25\n|\n|t:|1700939693\n|move|p2a: Garchomp|Earthquake|p1a: Dondozo\n|-damage|p1a: Dondozo|45\/100 slp\n|cant|p1a: Dondozo|slp\n|move|p1a: Dondozo|Sleep Talk|p1a: Dondozo\n|move|p1a: Dondozo|Body Press|p2a: Garchomp|[from]move: Sleep Talk\n|-resisted|p2a: Garchomp\n|-damage|p2a: Garchomp|68\/100\n|-damage|p1a: Dondozo|32\/100 slp|[from] ability: Rough Skin|[of] p2a: Garchomp\n|\n|upkeep\n|turn|26\n|\n|t:|1700939704\n|move|p2a: Garchomp|Earthquake|p1a: Dondozo\n|-crit|p1a: Dondozo\n|-damage|p1a: Dondozo|0 fnt\n|faint|p1a: Dondozo\n|\n|upkeep\n|\n|t:|1700939706\n|switch|p1a: Corviknight|Corviknight, F|97\/100\n|-ability|p1a: Corviknight|Pressure\n|turn|27\n|\n|t:|1700939710\n|move|p2a: Garchomp|Swords Dance|p2a: Garchomp\n|-boost|p2a: Garchomp|atk|2\n|move|p1a: Corviknight|Iron Head|p2a: Garchomp\n|-damage|p2a: Garchomp|34\/100\n|-damage|p1a: Corviknight|84\/100|[from] ability: Rough Skin|[of] p2a: Garchomp\n|\n|-heal|p1a: Corviknight|90\/100|[from] item: Leftovers\n|upkeep\n|turn|28\n|\n|t:|1700939716\n|move|p1a: Corviknight|Protect|p1a: Corviknight\n|-singleturn|p1a: Corviknight|Protect\n|move|p2a: Garchomp|Scale Shot|p1a: Corviknight\n|-activate|p1a: Corviknight|move: Protect\n|\n|-heal|p1a: Corviknight|97\/100|[from] item: Leftovers\n|upkeep\n|turn|29\n|\n|t:|1700939719\n|move|p2a: Garchomp|Scale Shot|p1a: Corviknight\n|-resisted|p1a: Corviknight\n|-damage|p1a: Corviknight|82\/100\n|-resisted|p1a: Corviknight\n|-damage|p1a: Corviknight|65\/100\n|-resisted|p1a: Corviknight\n|-damage|p1a: Corviknight|48\/100\n|-resisted|p1a: Corviknight\n|-damage|p1a: Corviknight|33\/100\n|-resisted|p1a: Corviknight\n|-damage|p1a: Corviknight|18\/100\n|-hitcount|p1a: Corviknight|5\n|-unboost|p2a: Garchomp|def|1\n|-boost|p2a: Garchomp|spe|1\n|move|p1a: Corviknight|Iron Head|p2a: Garchomp\n|-damage|p2a: Garchomp|0 fnt\n|-damage|p1a: Corviknight|5\/100|[from] ability: Rough Skin|[of] p2a: Garchomp\n|faint|p2a: Garchomp\n|\n|-heal|p1a: Corviknight|12\/100|[from] item: Leftovers\n|upkeep\n|\n|t:|1700939763\n|switch|p2a: Ninetales|Ninetales-Alola, F|100\/100\n|-damage|p2a: Ninetales|88\/100|[from] Spikes\n|-weather|Snow|[from] ability: Snow Warning|[of] p2a: Ninetales\n|turn|30\n|c|\u2606NDSNEZyedropwhen|if i get reqs i think i'm prolly voting ban\n|\n|t:|1700939771\n|move|p1a: Corviknight|Protect|p1a: Corviknight\n|-singleturn|p1a: Corviknight|Protect\n|move|p2a: Ninetales|Moonblast|p1a: Corviknight\n|-activate|p1a: Corviknight|move: Protect\n|\n|-weather|Snow|[upkeep]\n|-heal|p1a: Corviknight|18\/100|[from] item: Leftovers\n|upkeep\n|turn|31\n|\n|t:|1700939776\n|move|p2a: Ninetales|Aurora Veil|p2a: Ninetales\n|-sidestart|p2: NDSNEZ Larrea02|move: Aurora Veil\n|move|p1a: Corviknight|Roost|p1a: Corviknight\n|-heal|p1a: Corviknight|68\/100\n|-singleturn|p1a: Corviknight|move: Roost\n|\n|-weather|Snow|[upkeep]\n|-heal|p1a: Corviknight|74\/100|[from] item: Leftovers\n|upkeep\n|turn|32\n|\n|t:|1700939779\n|move|p2a: Ninetales|Encore|p1a: Corviknight\n|-start|p1a: Corviknight|Encore\n|move|p1a: Corviknight|Roost|p1a: Corviknight\n|-heal|p1a: Corviknight|100\/100\n|-singleturn|p1a: Corviknight|move: Roost\n|\n|-weather|Snow|[upkeep]\n|upkeep\n|turn|33\n|\n|t:|1700939790\n|switch|p2a: Sneasler|Sneasler, F|43\/100\n|-damage|p2a: Sneasler|31\/100|[from] Spikes\n|switch|p1a: Toxapex|Toxapex, F|100\/100\n|\n|-weather|Snow|[upkeep]\n|upkeep\n|turn|34\n|c|\u2606NDSNEZyedropwhen|dire claw hax is always annoying\n|\n|t:|1700939796\n|switch|p1a: Gliscor|Gliscor, F|54\/100 tox\n|move|p2a: Sneasler|Dire Claw|p1a: Gliscor\n|-resisted|p1a: Gliscor\n|-damage|p1a: Gliscor|40\/100 tox\n|\n|-weather|none\n|-heal|p1a: Gliscor|52\/100 tox|[from] ability: Poison Heal\n|upkeep\n|turn|35\n|\n|t:|1700939801\n|switch|p2a: Landorus|Landorus-Therian, M|88\/100\n|-ability|p2a: Landorus|Intimidate|boost\n|-unboost|p1a: Gliscor|atk|1\n|move|p1a: Gliscor|Earthquake|p2a: Landorus\n|-immune|p2a: Landorus\n|\n|-heal|p1a: Gliscor|65\/100 tox|[from] ability: Poison Heal\n|upkeep\n|turn|36\n|\n|t:|1700939804\n|move|p1a: Gliscor|Toxic|p2a: Landorus\n|-status|p2a: Landorus|tox\n|move|p2a: Landorus|Defog|p1a: Gliscor\n|-unboost|p1a: Gliscor|evasion|1\n|-sideend|p2: NDSNEZ Larrea02|Spikes|[from] move: Defog|[of] p2a: Landorus\n|\n|-heal|p1a: Gliscor|77\/100 tox|[from] ability: Poison Heal\n|-damage|p2a: Landorus|82\/100 tox|[from] psn\n|upkeep\n|turn|37\n|\n|t:|1700939808\n|move|p1a: Gliscor|Spikes|p2a: Landorus\n|-sidestart|p2: NDSNEZ Larrea02|Spikes\n|move|p2a: Landorus|U-turn|p1a: Gliscor\n|-resisted|p1a: Gliscor\n|-damage|p1a: Gliscor|71\/100 tox\n|\n|t:|1700939812\n|switch|p2a: Ninetales|Ninetales-Alola, F|88\/100|[from] U-turn\n|-damage|p2a: Ninetales|76\/100|[from] Spikes\n|-weather|Snow|[from] ability: Snow Warning|[of] p2a: Ninetales\n|\n|-weather|Snow|[upkeep]\n|-heal|p1a: Gliscor|83\/100 tox|[from] ability: Poison Heal\n|upkeep\n|turn|38\n|\n|t:|1700939820\n|switch|p1a: Corviknight|Corviknight, F|100\/100\n|-ability|p1a: Corviknight|Pressure\n|move|p2a: Ninetales|Freeze-Dry|p1a: Corviknight\n|-damage|p1a: Corviknight|81\/100\n|\n|-weather|Snow|[upkeep]\n|-heal|p1a: Corviknight|87\/100|[from] item: Leftovers\n|-sideend|p2: NDSNEZ Larrea02|move: Aurora Veil\n|upkeep\n|turn|39\n|\n|t:|1700939827\n|move|p2a: Ninetales|Aurora Veil|p2a: Ninetales\n|-sidestart|p2: NDSNEZ Larrea02|move: Aurora Veil\n|move|p1a: Corviknight|Iron Head|p2a: Ninetales\n|-supereffective|p2a: Ninetales\n|-damage|p2a: Ninetales|26\/100\n|\n|-weather|Snow|[upkeep]\n|-heal|p1a: Corviknight|93\/100|[from] item: Leftovers\n|upkeep\n|turn|40\n|\n|t:|1700939840\n|switch|p2a: Kommo-o|Kommo-o, F|26\/100 tox\n|-damage|p2a: Kommo-o|14\/100 tox|[from] Spikes\n|move|p1a: Corviknight|Iron Head|p2a: Kommo-o\n|-damage|p2a: Kommo-o|2\/100 tox\n|\n|-weather|Snow|[upkeep]\n|-heal|p1a: Corviknight|99\/100|[from] item: Leftovers\n|-damage|p2a: Kommo-o|0 fnt|[from] psn\n|faint|p2a: Kommo-o\n|upkeep\n|\n|t:|1700939844\n|switch|p2a: Tapu Lele|Tapu Lele|17\/100\n|-damage|p2a: Tapu Lele|4\/100|[from] Spikes\n|-fieldstart|move: Psychic Terrain|[from] ability: Psychic Surge|[of] p2a: Tapu Lele\n|turn|41\n|\n|t:|1700939850\n|move|p1a: Corviknight|Protect|p1a: Corviknight\n|-singleturn|p1a: Corviknight|Protect\n|move|p2a: Tapu Lele|Thunderbolt|p1a: Corviknight\n|-activate|p1a: Corviknight|move: Protect\n|\n|-weather|none\n|-heal|p1a: Corviknight|100\/100|[from] item: Leftovers\n|upkeep\n|turn|42\n|\n|t:|1700939854\n|switch|p1a: Gliscor|Gliscor, F|83\/100 tox\n|move|p2a: Tapu Lele|Thunderbolt|p1a: Gliscor\n|-immune|p1a: Gliscor\n|\n|-heal|p1a: Gliscor|96\/100 tox|[from] ability: Poison Heal\n|upkeep\n|turn|43\n|\n|t:|1700939858\n|switch|p2a: Sneasler|Sneasler, F|31\/100\n|-damage|p2a: Sneasler|19\/100|[from] Spikes\n|-enditem|p2a: Sneasler|Psychic Seed\n|-boost|p2a: Sneasler|spd|1|[from] item: Psychic Seed\n|move|p1a: Gliscor|Spikes|p2a: Sneasler\n|-sidestart|p2: NDSNEZ Larrea02|Spikes\n|\n|-heal|p1a: Gliscor|100\/100 tox|[from] ability: Poison Heal\n|upkeep\n|turn|44\n|c|\u2606NDSNEZyedropwhen|gg\n|\n|t:|1700939866\n|move|p2a: Sneasler|Acrobatics|p1a: Gliscor\n|-damage|p1a: Gliscor|73\/100 tox\n|move|p1a: Gliscor|Earthquake|p2a: Sneasler\n|-supereffective|p2a: Sneasler\n|-damage|p2a: Sneasler|0 fnt\n|faint|p2a: Sneasler\n|\n|-heal|p1a: Gliscor|85\/100 tox|[from] ability: Poison Heal\n|upkeep\n|c|\u2606NDSNEZ Larrea02|yea gg\n|c|\u2606NDSNEZ Larrea02|idk how to break past this\n|c|\u2606NDSNEZ Larrea02|even with the blissey kill\n|c|\u2606NDSNEZyedropwhen|hard matchup for me\n|\n|t:|1700939887\n|switch|p2a: Landorus|Landorus-Therian, M|82\/100 tox\n|-ability|p2a: Landorus|Intimidate|boost\n|-unboost|p1a: Gliscor|atk|1\n|turn|45\n|c|\u2606NDSNEZyedropwhen|nah you brought the stall killer lmao\n|c|\u2606NDSNEZyedropwhen|kommo-o usually goobs stall\n|c|\u2606NDSNEZ Larrea02|not in this case\n|\n|t:|1700939906\n|move|p1a: Gliscor|Spikes|p2a: Landorus\n|-sidestart|p2: NDSNEZ Larrea02|Spikes\n|move|p2a: Landorus|Defog|p1a: Gliscor\n|-unboost|p1a: Gliscor|evasion|1\n|-sideend|p2: NDSNEZ Larrea02|Spikes|[from] move: Defog|[of] p2a: Landorus\n|-fieldend|move: Psychic Terrain\n|\n|-heal|p1a: Gliscor|97\/100 tox|[from] ability: Poison Heal\n|-damage|p2a: Landorus|76\/100 tox|[from] psn\n|upkeep\n|turn|46\n|c|\u2606NDSNEZ Larrea02|and vs unaware dozo\n|\n|t:|1700939912\n|move|p1a: Gliscor|Spikes|p2a: Landorus\n|-sidestart|p2: NDSNEZ Larrea02|Spikes\n|move|p2a: Landorus|U-turn|p1a: Gliscor\n|-resisted|p1a: Gliscor\n|-damage|p1a: Gliscor|91\/100 tox\n|\n|t:|1700939918\n|switch|p2a: Ninetales|Ninetales-Alola, F|26\/100|[from] U-turn\n|-damage|p2a: Ninetales|14\/100|[from] Spikes\n|-weather|Snow|[from] ability: Snow Warning|[of] p2a: Ninetales\n|\n|-weather|Snow|[upkeep]\n|-heal|p1a: Gliscor|100\/100 tox|[from] ability: Poison Heal\n|-sideend|p2: NDSNEZ Larrea02|move: Aurora Veil\n|upkeep\n|turn|47\n|c|\u2606NDSNEZyedropwhen|it 2hkos unaware dozo\n|\n|t:|1700939924\n|switch|p1a: Corviknight|Corviknight, F|100\/100\n|-ability|p1a: Corviknight|Pressure\n|move|p2a: Ninetales|Moonblast|p1a: Corviknight\n|-resisted|p1a: Corviknight\n|-damage|p1a: Corviknight|88\/100\n|\n|-weather|Snow|[upkeep]\n|-heal|p1a: Corviknight|94\/100|[from] item: Leftovers\n|upkeep\n|turn|48\n|-message|NDSNEZ Larrea02 forfeited.\n|\n|win|NDSNEZyedropwhen\n|raw|NDSNEZyedropwhen's rating: 1460 &rarr; <strong>1479<\/strong><br \/>(+19 for winning)\n|raw|NDSNEZ Larrea02's rating: 1436 &rarr; <strong>1417<\/strong><br \/>(-19 for losing)\n","uploadtime":1700939931,"views":2,"p1id":"ndsnezyedropwhen","p2id":"ndsnezlarrea02","formatid":"gen9nationaldex","rating":1417,"private":0,"password":""}