{"id":"gen9nationaldex-1987422055","p1":"Fluttershywastaken","p2":"zsjbluemiracle","format":"[Gen 9] National Dex","log":"|j|\u2606Fluttershywastaken\n|j|\u2606zsjbluemiracle\n|t:|1699589275\n|gametype|singles\n|player|p1|Fluttershywastaken|wicke|1491\n|player|p2|zsjbluemiracle|red|1576\n|teamsize|p1|6\n|teamsize|p2|6\n|gen|9\n|tier|[Gen 9] National Dex\n|rated|\n|rule|HP Percentage Mod: HP is shown in percentages\n|rule|Endless Battle Clause: Forcing endless battles is banned\n|rule|OHKO Clause: OHKO moves are banned\n|rule|Evasion Clause: Evasion abilities, items, and moves are banned\n|rule|Evasion Abilities Clause: Evasion abilities are banned\n|rule|Evasion Items Clause: Evasion items are banned\n|rule|Evasion Moves Clause: Evasion moves are banned\n|rule|Species Clause: Limit one of each Pok\u00e9mon\n|rule|Sleep Clause Mod: Limit one foe put to sleep\n|clearpoke\n|poke|p1|Manaphy|\n|poke|p1|Tapu Koko|\n|poke|p1|Sneasler, M|\n|poke|p1|Glimmora, M|\n|poke|p1|Volcarona, F|\n|poke|p1|Kartana|\n|poke|p2|Heracross, M|\n|poke|p2|Slurpuff, M|\n|poke|p2|Nidoking, M|\n|poke|p2|Ferrothorn, M|\n|poke|p2|Pinsir, M|\n|poke|p2|Corviknight, M|\n|teampreview\n|inactive|Battle timer is ON: inactive players will automatically lose when time's up. (requested by zsjbluemiracle)\n|\n|t:|1699589284\n|start\n|switch|p1a: Glimmora|Glimmora, M|100\/100\n|switch|p2a: \u5e2d\u591a\u5170\u6069|Ferrothorn, M, shiny|100\/100\n|turn|1\n|\n|t:|1699589291\n|move|p1a: Glimmora|Stealth Rock|p2a: \u5e2d\u591a\u5170\u6069\n|-sidestart|p2: zsjbluemiracle|move: Stealth Rock\n|move|p2a: \u5e2d\u591a\u5170\u6069|Leech Seed|p1a: Glimmora\n|-start|p1a: Glimmora|move: Leech Seed\n|\n|-damage|p1a: Glimmora|88\/100|[from] Leech Seed|[of] p2a: \u5e2d\u591a\u5170\u6069\n|upkeep\n|turn|2\n|\n|t:|1699589300\n|move|p1a: Glimmora|Power Gem|p2a: \u5e2d\u591a\u5170\u6069\n|-resisted|p2a: \u5e2d\u591a\u5170\u6069\n|-damage|p2a: \u5e2d\u591a\u5170\u6069|86\/100\n|move|p2a: \u5e2d\u591a\u5170\u6069|Stealth Rock|p1a: Glimmora\n|-sidestart|p1: Fluttershywastaken|move: Stealth Rock\n|\n|-heal|p2a: \u5e2d\u591a\u5170\u6069|92\/100|[from] item: Leftovers\n|-damage|p1a: Glimmora|76\/100|[from] Leech Seed|[of] p2a: \u5e2d\u591a\u5170\u6069\n|-heal|p2a: \u5e2d\u591a\u5170\u6069|100\/100|[silent]\n|upkeep\n|turn|3\n|\n|t:|1699589306\n|move|p1a: Glimmora|Power Gem|p2a: \u5e2d\u591a\u5170\u6069\n|-resisted|p2a: \u5e2d\u591a\u5170\u6069\n|-damage|p2a: \u5e2d\u591a\u5170\u6069|87\/100\n|move|p2a: \u5e2d\u591a\u5170\u6069|Leech Seed||[still]\n|-fail|p2a: \u5e2d\u591a\u5170\u6069\n|\n|-heal|p2a: \u5e2d\u591a\u5170\u6069|94\/100|[from] item: Leftovers\n|-damage|p1a: Glimmora|63\/100|[from] Leech Seed|[of] p2a: \u5e2d\u591a\u5170\u6069\n|-heal|p2a: \u5e2d\u591a\u5170\u6069|100\/100|[silent]\n|upkeep\n|turn|4\n|\n|t:|1699589315\n|move|p1a: Glimmora|Power Gem|p2a: \u5e2d\u591a\u5170\u6069\n|-resisted|p2a: \u5e2d\u591a\u5170\u6069\n|-damage|p2a: \u5e2d\u591a\u5170\u6069|85\/100\n|move|p2a: \u5e2d\u591a\u5170\u6069|Knock Off|p1a: Glimmora\n|-damage|p1a: Glimmora|36\/100\n|-activate|p1a: Glimmora|ability: Toxic Debris\n|-sidestart|p2: zsjbluemiracle|move: Toxic Spikes\n|-enditem|p1a: Glimmora|Focus Sash|[from] move: Knock Off|[of] p2a: \u5e2d\u591a\u5170\u6069\n|\n|-heal|p2a: \u5e2d\u591a\u5170\u6069|92\/100|[from] item: Leftovers\n|-damage|p1a: Glimmora|23\/100|[from] Leech Seed|[of] p2a: \u5e2d\u591a\u5170\u6069\n|-heal|p2a: \u5e2d\u591a\u5170\u6069|100\/100|[silent]\n|upkeep\n|turn|5\n|\n|t:|1699589320\n|move|p1a: Glimmora|Power Gem|p2a: \u5e2d\u591a\u5170\u6069\n|-resisted|p2a: \u5e2d\u591a\u5170\u6069\n|-damage|p2a: \u5e2d\u591a\u5170\u6069|86\/100\n|move|p2a: \u5e2d\u591a\u5170\u6069|Leech Seed||[still]\n|-fail|p2a: \u5e2d\u591a\u5170\u6069\n|\n|-heal|p2a: \u5e2d\u591a\u5170\u6069|92\/100|[from] item: Leftovers\n|-damage|p1a: Glimmora|11\/100|[from] Leech Seed|[of] p2a: \u5e2d\u591a\u5170\u6069\n|-heal|p2a: \u5e2d\u591a\u5170\u6069|100\/100|[silent]\n|upkeep\n|turn|6\n|\n|t:|1699589330\n|move|p1a: Glimmora|Power Gem|p2a: \u5e2d\u591a\u5170\u6069\n|-resisted|p2a: \u5e2d\u591a\u5170\u6069\n|-damage|p2a: \u5e2d\u591a\u5170\u6069|86\/100\n|move|p2a: \u5e2d\u591a\u5170\u6069|Leech Seed||[still]\n|-fail|p2a: \u5e2d\u591a\u5170\u6069\n|\n|-heal|p2a: \u5e2d\u591a\u5170\u6069|93\/100|[from] item: Leftovers\n|-damage|p1a: Glimmora|0 fnt|[from] Leech Seed|[of] p2a: \u5e2d\u591a\u5170\u6069\n|-heal|p2a: \u5e2d\u591a\u5170\u6069|100\/100|[silent]\n|faint|p1a: Glimmora\n|upkeep\n|\n|t:|1699589353\n|switch|p1a: Volcarona|Volcarona, F|100\/100\n|turn|7\n|\n|t:|1699589361\n|-terastallize|p2a: \u5e2d\u591a\u5170\u6069|Fairy\n|move|p1a: Volcarona|Quiver Dance|p1a: Volcarona\n|-boost|p1a: Volcarona|spa|1\n|-boost|p1a: Volcarona|spd|1\n|-boost|p1a: Volcarona|spe|1\n|move|p2a: \u5e2d\u591a\u5170\u6069|Leech Seed|p1a: Volcarona|[miss]\n|-miss|p2a: \u5e2d\u591a\u5170\u6069|p1a: Volcarona\n|\n|upkeep\n|turn|8\n|\n|t:|1699589382\n|move|p1a: Volcarona|Quiver Dance|p1a: Volcarona\n|-boost|p1a: Volcarona|spa|1\n|-boost|p1a: Volcarona|spd|1\n|-boost|p1a: Volcarona|spe|1\n|move|p2a: \u5e2d\u591a\u5170\u6069|Leech Seed|p1a: Volcarona\n|-start|p1a: Volcarona|move: Leech Seed\n|\n|-damage|p1a: Volcarona|88\/100|[from] Leech Seed|[of] p2a: \u5e2d\u591a\u5170\u6069\n|upkeep\n|turn|9\n|\n|t:|1699589389\n|move|p1a: Volcarona|Fiery Dance|p2a: \u5e2d\u591a\u5170\u6069\n|-damage|p2a: \u5e2d\u591a\u5170\u6069|49\/100\n|move|p2a: \u5e2d\u591a\u5170\u6069|Gyro Ball|p1a: Volcarona\n|-resisted|p1a: Volcarona\n|-damage|p1a: Volcarona|49\/100\n|\n|-heal|p2a: \u5e2d\u591a\u5170\u6069|55\/100|[from] item: Leftovers\n|-damage|p1a: Volcarona|37\/100|[from] Leech Seed|[of] p2a: \u5e2d\u591a\u5170\u6069\n|-heal|p2a: \u5e2d\u591a\u5170\u6069|66\/100|[silent]\n|upkeep\n|turn|10\n|\n|t:|1699589409\n|move|p1a: Volcarona|Fiery Dance|p2a: \u5e2d\u591a\u5170\u6069\n|-damage|p2a: \u5e2d\u591a\u5170\u6069|6\/100\n|-boost|p1a: Volcarona|spa|1\n|move|p2a: \u5e2d\u591a\u5170\u6069|Knock Off|p1a: Volcarona\n|-damage|p1a: Volcarona|6\/100\n|-enditem|p1a: Volcarona|Heavy-Duty Boots|[from] move: Knock Off|[of] p2a: \u5e2d\u591a\u5170\u6069\n|\n|-heal|p2a: \u5e2d\u591a\u5170\u6069|12\/100|[from] item: Leftovers\n|-damage|p1a: Volcarona|0 fnt|[from] Leech Seed|[of] p2a: \u5e2d\u591a\u5170\u6069\n|-heal|p2a: \u5e2d\u591a\u5170\u6069|17\/100|[silent]\n|faint|p1a: Volcarona\n|upkeep\n|inactive|Fluttershywastaken has 120 seconds left.\n|\n|t:|1699589426\n|switch|p1a: Kartana|Kartana|100\/100\n|-damage|p1a: Kartana|94\/100|[from] Stealth Rock\n|turn|11\n|\n|t:|1699589432\n|switch|p2a: \u76d4\u7532\u9e1f|Corviknight, M, shiny|100\/100\n|-damage|p2a: \u76d4\u7532\u9e1f|88\/100|[from] Stealth Rock\n|move|p1a: Kartana|Knock Off|p2a: \u76d4\u7532\u9e1f\n|-damage|p2a: \u76d4\u7532\u9e1f|52\/100\n|-enditem|p2a: \u76d4\u7532\u9e1f|Leftovers|[from] move: Knock Off|[of] p1a: Kartana\n|\n|upkeep\n|turn|12\n|\n|t:|1699589443\n|switch|p1a: Manaphy|Manaphy|100\/100\n|-damage|p1a: Manaphy|88\/100|[from] Stealth Rock\n|move|p2a: \u76d4\u7532\u9e1f|Defog|p1a: Manaphy\n|-unboost|p1a: Manaphy|evasion|1\n|-sideend|p1: Fluttershywastaken|Stealth Rock|[from] move: Defog|[of] p2a: \u76d4\u7532\u9e1f\n|-sideend|p2: zsjbluemiracle|Toxic Spikes|[from] move: Defog|[of] p2a: \u76d4\u7532\u9e1f\n|-sideend|p2: zsjbluemiracle|Stealth Rock|[from] move: Defog|[of] p2a: \u76d4\u7532\u9e1f\n|\n|-heal|p1a: Manaphy|94\/100|[from] item: Leftovers\n|upkeep\n|turn|13\n|inactive|Fluttershywastaken has 120 seconds left.\n|\n|t:|1699589461\n|move|p1a: Manaphy|Acid Armor|p1a: Manaphy\n|-boost|p1a: Manaphy|def|2\n|move|p2a: \u76d4\u7532\u9e1f|U-turn|p1a: Manaphy\n|-damage|p1a: Manaphy|89\/100\n|\n|t:|1699589467\n|switch|p2a: \u5c3c\u591a\u540e|Nidoking, M, shiny|100\/100|[from] U-turn\n|\n|-heal|p1a: Manaphy|96\/100|[from] item: Leftovers\n|upkeep\n|turn|14\n|\n|t:|1699589474\n|move|p2a: \u5c3c\u591a\u540e|Thunderbolt|p1a: Manaphy\n|-supereffective|p1a: Manaphy\n|-damage|p1a: Manaphy|26\/100\n|move|p1a: Manaphy|Take Heart|p1a: Manaphy\n|-boost|p1a: Manaphy|spa|1\n|-boost|p1a: Manaphy|spd|1\n|\n|-heal|p1a: Manaphy|32\/100|[from] item: Leftovers\n|upkeep\n|turn|15\n|\n|t:|1699589483\n|-terastallize|p1a: Manaphy|Dragon\n|move|p2a: \u5c3c\u591a\u540e|Thunderbolt|p1a: Manaphy\n|-resisted|p1a: Manaphy\n|-damage|p1a: Manaphy|21\/100\n|move|p1a: Manaphy|Scald|p2a: \u5c3c\u591a\u540e\n|-supereffective|p2a: \u5c3c\u591a\u540e\n|-damage|p2a: \u5c3c\u591a\u540e|0 fnt\n|faint|p2a: \u5c3c\u591a\u540e\n|\n|-heal|p1a: Manaphy|27\/100|[from] item: Leftovers\n|upkeep\n|\n|t:|1699589492\n|switch|p2a: \u5de7\u514b\u529b|Slurpuff, M, shiny|100\/100\n|turn|16\n|\n|t:|1699589499\n|move|p1a: Manaphy|Scald|p2a: \u5de7\u514b\u529b\n|-damage|p2a: \u5de7\u514b\u529b|27\/100\n|-status|p2a: \u5de7\u514b\u529b|brn\n|move|p2a: \u5de7\u514b\u529b|Sticky Web|p1a: Manaphy\n|-sidestart|p1: Fluttershywastaken|move: Sticky Web\n|\n|-heal|p1a: Manaphy|34\/100|[from] item: Leftovers\n|-damage|p2a: \u5de7\u514b\u529b|21\/100 brn|[from] brn\n|upkeep\n|turn|17\n|\n|t:|1699589509\n|move|p1a: Manaphy|Scald|p2a: \u5de7\u514b\u529b\n|-damage|p2a: \u5de7\u514b\u529b|0 fnt\n|faint|p2a: \u5de7\u514b\u529b\n|\n|-heal|p1a: Manaphy|40\/100|[from] item: Leftovers\n|upkeep\n|\n|t:|1699589518\n|switch|p2a: \u8d6b\u62c9\u514b\u7f57\u65af|Pinsir, M|100\/100\n|turn|18\n|\n|t:|1699589526\n|detailschange|p2a: \u8d6b\u62c9\u514b\u7f57\u65af|Pinsir-Mega, M\n|-mega|p2a: \u8d6b\u62c9\u514b\u7f57\u65af|Pinsir|Pinsirite\n|move|p2a: \u8d6b\u62c9\u514b\u7f57\u65af|Swords Dance|p2a: \u8d6b\u62c9\u514b\u7f57\u65af\n|-boost|p2a: \u8d6b\u62c9\u514b\u7f57\u65af|atk|2\n|move|p1a: Manaphy|Scald|p2a: \u8d6b\u62c9\u514b\u7f57\u65af\n|-damage|p2a: \u8d6b\u62c9\u514b\u7f57\u65af|41\/100\n|-status|p2a: \u8d6b\u62c9\u514b\u7f57\u65af|brn\n|\n|-heal|p1a: Manaphy|46\/100|[from] item: Leftovers\n|-damage|p2a: \u8d6b\u62c9\u514b\u7f57\u65af|36\/100 brn|[from] brn\n|upkeep\n|turn|19\n|\n|t:|1699589535\n|move|p2a: \u8d6b\u62c9\u514b\u7f57\u65af|Return|p1a: Manaphy\n|-damage|p1a: Manaphy|23\/100\n|move|p1a: Manaphy|Scald|p2a: \u8d6b\u62c9\u514b\u7f57\u65af\n|-damage|p2a: \u8d6b\u62c9\u514b\u7f57\u65af|0 fnt\n|faint|p2a: \u8d6b\u62c9\u514b\u7f57\u65af\n|\n|-heal|p1a: Manaphy|29\/100|[from] item: Leftovers\n|upkeep\n|\n|t:|1699589538\n|switch|p2a: \u51ef\u7f57\u65af|Heracross, M, shiny|100\/100\n|turn|20\n|\n|t:|1699589547\n|move|p2a: \u51ef\u7f57\u65af|Swords Dance|p2a: \u51ef\u7f57\u65af\n|-boost|p2a: \u51ef\u7f57\u65af|atk|2\n|move|p1a: Manaphy|Stored Power|p2a: \u51ef\u7f57\u65af\n|-supereffective|p2a: \u51ef\u7f57\u65af\n|-damage|p2a: \u51ef\u7f57\u65af|25\/100\n|\n|-heal|p1a: Manaphy|35\/100|[from] item: Leftovers\n|-status|p2a: \u51ef\u7f57\u65af|brn|[from] item: Flame Orb\n|upkeep\n|turn|21\n|\n|t:|1699589555\n|move|p2a: \u51ef\u7f57\u65af|Facade|p1a: Manaphy\n|-damage|p1a: Manaphy|0 fnt\n|faint|p1a: Manaphy\n|\n|-damage|p2a: \u51ef\u7f57\u65af|19\/100 brn|[from] brn\n|upkeep\n|\n|t:|1699589565\n|switch|p1a: Tapu Koko|Tapu Koko|100\/100\n|-activate|p1a: Tapu Koko|move: Sticky Web\n|-unboost|p1a: Tapu Koko|spe|1\n|-fieldstart|move: Electric Terrain|[from] ability: Electric Surge|[of] p1a: Tapu Koko\n|turn|22\n|\n|t:|1699589570\n|move|p2a: \u51ef\u7f57\u65af|Facade|p1a: Tapu Koko\n|-damage|p1a: Tapu Koko|0 fnt\n|faint|p1a: Tapu Koko\n|\n|-damage|p2a: \u51ef\u7f57\u65af|13\/100 brn|[from] brn\n|upkeep\n|\n|t:|1699589589\n|switch|p1a: Sneasler|Sneasler, M|100\/100\n|-activate|p1a: Sneasler|move: Sticky Web\n|-unboost|p1a: Sneasler|spe|1\n|-enditem|p1a: Sneasler|Electric Seed\n|-boost|p1a: Sneasler|def|1|[from] item: Electric Seed\n|turn|23\n|\n|t:|1699589593\n|move|p1a: Sneasler|Acrobatics|p2a: \u51ef\u7f57\u65af\n|-supereffective|p2a: \u51ef\u7f57\u65af\n|-damage|p2a: \u51ef\u7f57\u65af|0 fnt\n|faint|p2a: \u51ef\u7f57\u65af\n|\n|upkeep\n|\n|t:|1699589596\n|switch|p2a: \u76d4\u7532\u9e1f|Corviknight, M, shiny|52\/100\n|turn|24\n|\n|t:|1699589600\n|move|p1a: Sneasler|Swords Dance|p1a: Sneasler\n|-boost|p1a: Sneasler|atk|2\n|move|p2a: \u76d4\u7532\u9e1f|Roost|p2a: \u76d4\u7532\u9e1f\n|-heal|p2a: \u76d4\u7532\u9e1f|100\/100\n|-singleturn|p2a: \u76d4\u7532\u9e1f|move: Roost\n|\n|upkeep\n|turn|25\n|\n|t:|1699589617\n|switch|p2a: \u5e2d\u591a\u5170\u6069|Ferrothorn, M, shiny, tera:Fairy|17\/100\n|move|p1a: Sneasler|Swords Dance|p1a: Sneasler\n|-boost|p1a: Sneasler|atk|2\n|\n|-heal|p2a: \u5e2d\u591a\u5170\u6069|23\/100|[from] item: Leftovers\n|upkeep\n|turn|26\n|\n|t:|1699589622\n|move|p1a: Sneasler|Acrobatics|p2a: \u5e2d\u591a\u5170\u6069\n|-damage|p2a: \u5e2d\u591a\u5170\u6069|0 fnt\n|-damage|p1a: Sneasler|88\/100|[from] ability: Iron Barbs|[of] p2a: \u5e2d\u591a\u5170\u6069\n|faint|p2a: \u5e2d\u591a\u5170\u6069\n|\n|-fieldend|move: Electric Terrain\n|upkeep\n|\n|t:|1699589624\n|switch|p2a: \u76d4\u7532\u9e1f|Corviknight, M, shiny|100\/100\n|turn|27\n|\n|t:|1699589627\n|move|p1a: Sneasler|Close Combat|p2a: \u76d4\u7532\u9e1f\n|-damage|p2a: \u76d4\u7532\u9e1f|0 fnt\n|-unboost|p1a: Sneasler|def|1\n|-unboost|p1a: Sneasler|spd|1\n|faint|p2a: \u76d4\u7532\u9e1f\n|\n|win|Fluttershywastaken\n|raw|Fluttershywastaken's rating: 1491 &rarr; <strong>1516<\/strong><br \/>(+25 for winning)\n|raw|zsjbluemiracle's rating: 1576 &rarr; <strong>1551<\/strong><br \/>(-25 for losing)\n|l|\u2606zsjbluemiracle\n","uploadtime":1699589640,"views":4,"p1id":"fluttershywastaken","p2id":"zsjbluemiracle","formatid":"gen9nationaldex","rating":1516,"private":0,"password":""}