{"id":"gen9nationaldex-1990198902","p1":"my name is champ","p2":"Kuzwa","format":"[Gen 9] National Dex","log":"|j|\u2606my name is champ\n|j|\u2606Kuzwa\n|t:|1699936201\n|gametype|singles\n|player|p1|my name is champ|veteran|1339\n|player|p2|Kuzwa|parasollady|1300\n|teamsize|p1|6\n|teamsize|p2|6\n|gen|9\n|tier|[Gen 9] National Dex\n|rated|\n|rule|HP Percentage Mod: HP is shown in percentages\n|rule|Endless Battle Clause: Forcing endless battles is banned\n|rule|OHKO Clause: OHKO moves are banned\n|rule|Evasion Clause: Evasion abilities, items, and moves are banned\n|rule|Evasion Abilities Clause: Evasion abilities are banned\n|rule|Evasion Items Clause: Evasion items are banned\n|rule|Evasion Moves Clause: Evasion moves are banned\n|rule|Species Clause: Limit one of each Pok\u00e9mon\n|rule|Sleep Clause Mod: Limit one foe put to sleep\n|clearpoke\n|poke|p1|Diancie|\n|poke|p1|Gliscor, M|\n|poke|p1|Dragonite, F|\n|poke|p1|Tapu Lele|\n|poke|p1|Urshifu-*, M|\n|poke|p1|Heatran, F|\n|poke|p2|Gallade, M|\n|poke|p2|Kartana|\n|poke|p2|Weavile, M|\n|poke|p2|Ogerpon-Wellspring, F|\n|poke|p2|Zeraora|\n|poke|p2|Glimmora, M|\n|teampreview\n|inactive|Battle timer is ON: inactive players will automatically lose when time's up. (requested by Kuzwa)\n|\n|t:|1699936208\n|start\n|switch|p1a: Tapu Lele|Tapu Lele|100\/100\n|switch|p2a: thing|Glimmora, M|100\/100\n|-fieldstart|move: Psychic Terrain|[from] ability: Psychic Surge|[of] p1a: Tapu Lele\n|-item|p2a: thing|Air Balloon\n|turn|1\n|\n|t:|1699936216\n|move|p1a: Tapu Lele|Taunt|p2a: thing\n|-start|p2a: thing|move: Taunt\n|move|p2a: thing|Sludge Wave|p1a: Tapu Lele\n|-supereffective|p1a: Tapu Lele\n|-damage|p1a: Tapu Lele|0 fnt\n|faint|p1a: Tapu Lele\n|\n|upkeep\n|\n|t:|1699936225\n|switch|p1a: Urshifu|Urshifu-Rapid-Strike, M|100\/100\n|turn|2\n|\n|t:|1699936232\n|move|p1a: Urshifu|Surging Strikes|p2a: thing\n|-supereffective|p2a: thing\n|-crit|p2a: thing\n|-damage|p2a: thing|51\/100\n|-activate|p2a: thing|ability: Toxic Debris\n|-sidestart|p1: my name is champ|move: Toxic Spikes\n|-enditem|p2a: thing|Air Balloon\n|-supereffective|p2a: thing\n|-crit|p2a: thing\n|-damage|p2a: thing|0 fnt\n|-activate|p2a: thing|ability: Toxic Debris\n|-sidestart|p1: my name is champ|move: Toxic Spikes\n|faint|p2a: thing\n|-hitcount|p2: thing|2\n|\n|upkeep\n|\n|t:|1699936247\n|switch|p2a: Ken Amada|Zeraora|100\/100\n|turn|3\n|\n|t:|1699936251\n|switch|p1a: Gliscor|Gliscor, M|100\/100\n|move|p2a: Ken Amada|Plasma Fists|p1a: Gliscor\n|-immune|p1a: Gliscor\n|\n|-status|p1a: Gliscor|tox|[from] item: Toxic Orb\n|upkeep\n|turn|4\n|\n|t:|1699936259\n|switch|p2a: Aigis|Ogerpon-Wellspring, F|100\/100\n|move|p1a: Gliscor|Defog|p2a: Aigis\n|-unboost|p2a: Aigis|evasion|1\n|-sideend|p1: my name is champ|Toxic Spikes|[from] move: Defog|[of] p1a: Gliscor\n|-fieldend|move: Psychic Terrain\n|\n|upkeep\n|turn|5\n|\n|t:|1699936266\n|move|p2a: Aigis|Ivy Cudgel|p1a: Gliscor\n|-supereffective|p1a: Gliscor\n|-damage|p1a: Gliscor|1\/100 tox\n|move|p1a: Gliscor|Facade|p2a: Aigis\n|-damage|p2a: Aigis|63\/100\n|\n|-heal|p1a: Gliscor|14\/100 tox|[from] ability: Poison Heal\n|upkeep\n|turn|6\n|\n|t:|1699936275\n|switch|p1a: Urshifu|Urshifu-Rapid-Strike, M|100\/100\n|move|p2a: Aigis|Swords Dance|p2a: Aigis\n|-boost|p2a: Aigis|atk|2\n|\n|upkeep\n|turn|7\n|\n|t:|1699936288\n|move|p2a: Aigis|Horn Leech|p1a: Urshifu\n|-supereffective|p1a: Urshifu\n|-damage|p1a: Urshifu|0 fnt\n|-heal|p2a: Aigis|100\/100|[from] drain|[of] p1a: Urshifu\n|faint|p1a: Urshifu\n|\n|upkeep\n|\n|t:|1699936293\n|switch|p1a: Dragonite|Dragonite, F|100\/100\n|turn|8\n|\n|t:|1699936299\n|move|p2a: Aigis|Ivy Cudgel|p1a: Dragonite\n|-resisted|p1a: Dragonite\n|-damage|p1a: Dragonite|70\/100\n|move|p1a: Dragonite|Dragon Dance|p1a: Dragonite\n|-boost|p1a: Dragonite|atk|1\n|-boost|p1a: Dragonite|spe|1\n|\n|upkeep\n|turn|9\n|\n|t:|1699936304\n|move|p1a: Dragonite|Extreme Speed|p2a: Aigis\n|-damage|p2a: Aigis|44\/100\n|move|p2a: Aigis|Ivy Cudgel|p1a: Dragonite\n|-resisted|p1a: Dragonite\n|-damage|p1a: Dragonite|0 fnt\n|faint|p1a: Dragonite\n|\n|upkeep\n|-message|my name is champ forfeited.\n|\n|win|Kuzwa\n|raw|my name is champ's rating: 1339 &rarr; <strong>1317<\/strong><br \/>(-22 for losing)\n|raw|Kuzwa's rating: 1300 &rarr; <strong>1328<\/strong><br \/>(+28 for winning)\n|l|\u2606my name is champ\n","uploadtime":1699936319,"views":4,"p1id":"mynameischamp","p2id":"kuzwa","formatid":"gen9nationaldex","rating":1317,"private":0,"password":""}