{"id":"gen9nationaldex-1989630474","p1":"Luninya","p2":"Finkle2","format":"[Gen 9] National Dex","log":"|j|\u2606Luninya\n|j|\u2606Finkle2\n|t:|1699880983\n|gametype|singles\n|player|p1|Luninya|cynthia|1279\n|player|p2|Finkle2|ghetsis|1204\n|teamsize|p1|6\n|teamsize|p2|6\n|gen|9\n|tier|[Gen 9] National Dex\n|rated|\n|rule|HP Percentage Mod: HP is shown in percentages\n|rule|Endless Battle Clause: Forcing endless battles is banned\n|rule|OHKO Clause: OHKO moves are banned\n|rule|Evasion Clause: Evasion abilities, items, and moves are banned\n|rule|Evasion Abilities Clause: Evasion abilities are banned\n|rule|Evasion Items Clause: Evasion items are banned\n|rule|Evasion Moves Clause: Evasion moves are banned\n|rule|Species Clause: Limit one of each Pok\u00e9mon\n|rule|Sleep Clause Mod: Limit one foe put to sleep\n|clearpoke\n|poke|p1|Zoroark-Hisui, F|\n|poke|p1|Cinderace, M|\n|poke|p1|Skeledirge, M|\n|poke|p1|Lopunny, F|\n|poke|p1|Hawlucha, F|\n|poke|p1|Cottonee, L1, M|\n|poke|p2|Lopunny, F|\n|poke|p2|Goodra-Hisui, F|\n|poke|p2|Ceruledge, F|\n|poke|p2|Aerodactyl, M|\n|poke|p2|Gyarados, F|\n|poke|p2|Tapu Koko|\n|teampreview\n|inactive|Battle timer is ON: inactive players will automatically lose when time's up. (requested by Luninya)\n|\n|t:|1699880990\n|start\n|switch|p1a: Baby cancer|Cottonee, L1, M|100\/100\n|switch|p2a: Kevin Kut|Ceruledge, F|100\/100\n|turn|1\n|\n|t:|1699880997\n|move|p1a: Baby cancer|Leech Seed|p2a: Kevin Kut\n|-start|p2a: Kevin Kut|move: Leech Seed\n|move|p2a: Kevin Kut|Swords Dance|p2a: Kevin Kut\n|-boost|p2a: Kevin Kut|atk|2\n|\n|-damage|p2a: Kevin Kut|88\/100|[from] Leech Seed|[of] p1a: Baby cancer\n|upkeep\n|turn|2\n|\n|t:|1699881012\n|move|p1a: Baby cancer|Encore|p2a: Kevin Kut\n|-start|p2a: Kevin Kut|Encore\n|move|p2a: Kevin Kut|Swords Dance|p2a: Kevin Kut\n|-boost|p2a: Kevin Kut|atk|2\n|\n|-damage|p2a: Kevin Kut|76\/100|[from] Leech Seed|[of] p1a: Baby cancer\n|upkeep\n|turn|3\n|\n|t:|1699881021\n|switch|p2a: Batman|Lopunny, F|100\/100\n|move|p1a: Baby cancer|Substitute|p1a: Baby cancer\n|-start|p1a: Baby cancer|Substitute\n|-damage|p1a: Baby cancer|75\/100\n|\n|upkeep\n|turn|4\n|\n|t:|1699881028\n|detailschange|p2a: Batman|Lopunny-Mega, F\n|-mega|p2a: Batman|Lopunny|Lopunnite\n|move|p2a: Batman|Fake Out|p1a: Baby cancer\n|-end|p1a: Baby cancer|Substitute\n|move|p1a: Baby cancer|Leech Seed|p2a: Batman\n|-start|p2a: Batman|move: Leech Seed\n|\n|-damage|p2a: Batman|88\/100|[from] Leech Seed|[of] p1a: Baby cancer\n|-heal|p1a: Baby cancer|100\/100|[silent]\n|upkeep\n|turn|5\n|\n|t:|1699881038\n|move|p1a: Baby cancer|Encore|p2a: Batman\n|-start|p2a: Batman|Encore\n|move|p2a: Batman|Fake Out||[still]\n|-hint|Fake Out only works on your first turn out.\n|-fail|p2a: Batman\n|\n|-damage|p2a: Batman|76\/100|[from] Leech Seed|[of] p1a: Baby cancer\n|upkeep\n|turn|6\n|\n|t:|1699881046\n|switch|p2a: Kevin Kut|Ceruledge, F|76\/100\n|move|p1a: Baby cancer|Substitute|p1a: Baby cancer\n|-start|p1a: Baby cancer|Substitute\n|-damage|p1a: Baby cancer|75\/100\n|\n|upkeep\n|turn|7\n|\n|t:|1699881053\n|move|p1a: Baby cancer|Leech Seed|p2a: Kevin Kut\n|-start|p2a: Kevin Kut|move: Leech Seed\n|move|p2a: Kevin Kut|Bitter Blade|p1a: Baby cancer\n|-supereffective|p1a: Baby cancer\n|-end|p1a: Baby cancer|Substitute\n|-heal|p2a: Kevin Kut|76\/100|[from] drain|[of] p1a: Baby cancer\n|\n|-damage|p2a: Kevin Kut|64\/100|[from] Leech Seed|[of] p1a: Baby cancer\n|-heal|p1a: Baby cancer|100\/100|[silent]\n|upkeep\n|turn|8\n|\n|t:|1699881066\n|move|p1a: Baby cancer|Substitute|p1a: Baby cancer\n|-start|p1a: Baby cancer|Substitute\n|-damage|p1a: Baby cancer|75\/100\n|move|p2a: Kevin Kut|Bitter Blade|p1a: Baby cancer\n|-supereffective|p1a: Baby cancer\n|-end|p1a: Baby cancer|Substitute\n|-heal|p2a: Kevin Kut|65\/100|[from] drain|[of] p1a: Baby cancer\n|\n|-damage|p2a: Kevin Kut|52\/100|[from] Leech Seed|[of] p1a: Baby cancer\n|-heal|p1a: Baby cancer|100\/100|[silent]\n|upkeep\n|turn|9\n|\n|t:|1699881079\n|move|p1a: Baby cancer|Substitute|p1a: Baby cancer\n|-start|p1a: Baby cancer|Substitute\n|-damage|p1a: Baby cancer|75\/100\n|move|p2a: Kevin Kut|Bitter Blade|p1a: Baby cancer\n|-supereffective|p1a: Baby cancer\n|-end|p1a: Baby cancer|Substitute\n|-heal|p2a: Kevin Kut|53\/100|[from] drain|[of] p1a: Baby cancer\n|\n|-damage|p2a: Kevin Kut|41\/100|[from] Leech Seed|[of] p1a: Baby cancer\n|-heal|p1a: Baby cancer|100\/100|[silent]\n|upkeep\n|turn|10\n|l|\u2606Luninya\n|inactive|Luninya disconnected and has a minute to reconnect!\n|player|p1|\n|j|\u2606Luninya\n|inactive|Luninya reconnected and has 100 seconds left.\n|player|p1|Luninya|cynthia\n|\n|t:|1699881136\n|switch|p2a: Mr. Snail|Goodra-Hisui, F|100\/100\n|move|p1a: Baby cancer|Substitute|p1a: Baby cancer\n|-start|p1a: Baby cancer|Substitute\n|-damage|p1a: Baby cancer|75\/100\n|\n|upkeep\n|turn|11\n|\n|t:|1699881144\n|move|p1a: Baby cancer|Leech Seed|p2a: Mr. Snail\n|-ability|p2a: Mr. Snail|Sap Sipper|boost\n|-boost|p2a: Mr. Snail|atk|1\n|move|p2a: Mr. Snail|Flamethrower|p1a: Baby cancer\n|-supereffective|p1a: Baby cancer\n|-end|p1a: Baby cancer|Substitute\n|\n|upkeep\n|turn|12\n|\n|t:|1699881153\n|switch|p1a: Skeledirge|Skeledirge, M|100\/100\n|move|p2a: Mr. Snail|Flamethrower|p1a: Skeledirge\n|-resisted|p1a: Skeledirge\n|-crit|p1a: Skeledirge\n|-damage|p1a: Skeledirge|82\/100\n|\n|-heal|p1a: Skeledirge|88\/100|[from] item: Leftovers\n|upkeep\n|turn|13\n|\n|t:|1699881167\n|move|p1a: Skeledirge|Shadow Ball|p2a: Mr. Snail\n|-damage|p2a: Mr. Snail|79\/100\n|move|p2a: Mr. Snail|Draco Meteor|p1a: Skeledirge\n|-damage|p1a: Skeledirge|34\/100\n|-unboost|p2a: Mr. Snail|spa|2\n|\n|-heal|p1a: Skeledirge|40\/100|[from] item: Leftovers\n|-heal|p2a: Mr. Snail|85\/100|[from] item: Leftovers\n|upkeep\n|turn|14\n|\n|t:|1699881178\n|move|p1a: Skeledirge|Slack Off|p1a: Skeledirge\n|-heal|p1a: Skeledirge|90\/100\n|move|p2a: Mr. Snail|Draco Meteor|p1a: Skeledirge\n|-damage|p1a: Skeledirge|37\/100\n|-unboost|p2a: Mr. Snail|spa|2\n|\n|-heal|p1a: Skeledirge|43\/100|[from] item: Leftovers\n|-heal|p2a: Mr. Snail|91\/100|[from] item: Leftovers\n|upkeep\n|turn|15\n|\n|t:|1699881190\n|move|p1a: Skeledirge|Slack Off|p1a: Skeledirge\n|-heal|p1a: Skeledirge|94\/100\n|move|p2a: Mr. Snail|Acid Spray|p1a: Skeledirge\n|-resisted|p1a: Skeledirge\n|-damage|p1a: Skeledirge|88\/100\n|-unboost|p1a: Skeledirge|spd|2\n|\n|-heal|p1a: Skeledirge|94\/100|[from] item: Leftovers\n|-heal|p2a: Mr. Snail|97\/100|[from] item: Leftovers\n|upkeep\n|turn|16\n|\n|t:|1699881206\n|switch|p1a: Baby cancer|Cottonee, L1, M|75\/100\n|move|p2a: Mr. Snail|Acid Spray|p1a: Baby cancer\n|-supereffective|p1a: Baby cancer\n|-damage|p1a: Baby cancer|0 fnt\n|faint|p1a: Baby cancer\n|\n|-heal|p2a: Mr. Snail|100\/100|[from] item: Leftovers\n|upkeep\n|\n|t:|1699881218\n|switch|p1a: Miruko|Lopunny, F, shiny|100\/100\n|turn|17\n|\n|t:|1699881228\n|switch|p2a: Kevin Kut|Ceruledge, F|41\/100\n|detailschange|p1a: Miruko|Lopunny-Mega, F, shiny\n|-mega|p1a: Miruko|Lopunny|Lopunnite\n|move|p1a: Miruko|Close Combat|p2a: Kevin Kut\n|-damage|p2a: Kevin Kut|0 fnt\n|-unboost|p1a: Miruko|def|1\n|-unboost|p1a: Miruko|spd|1\n|faint|p2a: Kevin Kut\n|\n|upkeep\n|\n|t:|1699881233\n|switch|p2a: Akainu|Tapu Koko|100\/100\n|-fieldstart|move: Electric Terrain|[from] ability: Electric Surge|[of] p2a: Akainu\n|-enditem|p2a: Akainu|Electric Seed\n|-boost|p2a: Akainu|def|1|[from] item: Electric Seed\n|turn|18\n|\n|t:|1699881247\n|switch|p1a: Cinderace|Cinderace, M|100\/100\n|move|p2a: Akainu|Calm Mind|p2a: Akainu\n|-boost|p2a: Akainu|spa|1\n|-boost|p2a: Akainu|spd|1\n|\n|upkeep\n|turn|19\n|\n|t:|1699881263\n|move|p1a: Cinderace|Trailblaze|p2a: Akainu\n|-start|p1a: Cinderace|typechange|Grass|[from] ability: Libero\n|-damage|p2a: Akainu|79\/100\n|-boost|p1a: Cinderace|spe|1\n|move|p2a: Akainu|Thunderbolt|p1a: Cinderace\n|-resisted|p1a: Cinderace\n|-damage|p1a: Cinderace|45\/100\n|\n|upkeep\n|turn|20\n|\n|t:|1699881275\n|move|p1a: Cinderace|Pyro Ball|p2a: Akainu\n|-damage|p2a: Akainu|42\/100\n|move|p2a: Akainu|Dazzling Gleam|p1a: Cinderace\n|-crit|p1a: Cinderace\n|-damage|p1a: Cinderace|0 fnt\n|faint|p1a: Cinderace\n|\n|upkeep\n|\n|t:|1699881287\n|switch|p1a: Miruko|Lopunny-Mega, F, shiny|100\/100\n|turn|21\n|\n|t:|1699881292\n|move|p1a: Miruko|Fake Out|p2a: Akainu\n|-damage|p2a: Akainu|20\/100\n|cant|p2a: Akainu|flinch\n|\n|upkeep\n|turn|22\n|\n|t:|1699881298\n|move|p1a: Miruko|Return|p2a: Akainu\n|-crit|p2a: Akainu\n|-damage|p2a: Akainu|0 fnt\n|faint|p2a: Akainu\n|\n|-fieldend|move: Electric Terrain\n|upkeep\n|\n|t:|1699881302\n|switch|p2a: Batman|Lopunny-Mega, F|76\/100\n|turn|23\n|inactive|Luninya has 120 seconds left.\n|\n|t:|1699881311\n|move|p2a: Batman|Fake Out|p1a: Miruko\n|-damage|p1a: Miruko|71\/100\n|cant|p1a: Miruko|flinch\n|\n|upkeep\n|turn|24\n|inactive|Luninya has 120 seconds left.\n|\n|t:|1699881331\n|move|p2a: Batman|High Jump Kick|p1a: Miruko\n|-supereffective|p1a: Miruko\n|-damage|p1a: Miruko|0 fnt\n|faint|p1a: Miruko\n|\n|upkeep\n|inactive|Luninya has 90 seconds left.\n|\n|t:|1699881359\n|switch|p1a: Hawlucha|Hawlucha, F|100\/100\n|turn|25\n|\n|t:|1699881364\n|move|p2a: Batman|Ice Punch|p1a: Hawlucha\n|-supereffective|p1a: Hawlucha\n|-damage|p1a: Hawlucha|20\/100\n|move|p1a: Hawlucha|Close Combat|p2a: Batman\n|-supereffective|p2a: Batman\n|-damage|p2a: Batman|0 fnt\n|-unboost|p1a: Hawlucha|def|1\n|-unboost|p1a: Hawlucha|spd|1\n|-enditem|p1a: Hawlucha|White Herb\n|-clearnegativeboost|p1a: Hawlucha|[silent]\n|faint|p2a: Batman\n|\n|upkeep\n|\n|t:|1699881372\n|switch|p2a: Shiny Gary|Gyarados, F, shiny|100\/100\n|turn|26\n|\n|t:|1699881381\n|move|p1a: Hawlucha|Acrobatics|p2a: Shiny Gary\n|-damage|p2a: Shiny Gary|34\/100\n|move|p2a: Shiny Gary|Dragon Dance|p2a: Shiny Gary\n|-boost|p2a: Shiny Gary|atk|1\n|-boost|p2a: Shiny Gary|spe|1\n|\n|upkeep\n|turn|27\n|\n|t:|1699881388\n|move|p1a: Hawlucha|Acrobatics|p2a: Shiny Gary\n|-damage|p2a: Shiny Gary|0 fnt\n|faint|p2a: Shiny Gary\n|\n|upkeep\n|\n|t:|1699881392\n|switch|p2a: Awesome Dinosaur|Aerodactyl, M|100\/100\n|-ability|p2a: Awesome Dinosaur|Unnerve\n|turn|28\n|inactive|Luninya has 120 seconds left.\n|\n|t:|1699881401\n|-terastallize|p1a: Hawlucha|Fighting\n|move|p1a: Hawlucha|Close Combat|p2a: Awesome Dinosaur\n|-damage|p2a: Awesome Dinosaur|0 fnt\n|-unboost|p1a: Hawlucha|def|1\n|-unboost|p1a: Hawlucha|spd|1\n|faint|p2a: Awesome Dinosaur\n|\n|upkeep\n|\n|t:|1699881406\n|switch|p2a: Mr. Snail|Goodra-Hisui, F|100\/100\n|turn|29\n|c|\u2606Luninya|Gg\n|\n|t:|1699881413\n|move|p1a: Hawlucha|Close Combat|p2a: Mr. Snail\n|-supereffective|p2a: Mr. Snail\n|-damage|p2a: Mr. Snail|0 fnt\n|-unboost|p1a: Hawlucha|def|1\n|-unboost|p1a: Hawlucha|spd|1\n|faint|p2a: Mr. Snail\n|\n|win|Luninya\n|raw|Luninya's rating: 1279 &rarr; <strong>1299<\/strong><br \/>(+20 for winning)\n|raw|Finkle2's rating: 1204 &rarr; <strong>1184<\/strong><br \/>(-20 for losing)\n|l|\u2606Finkle2\n","uploadtime":1699881428,"views":4,"p1id":"luninya","p2id":"finkle2","formatid":"gen9nationaldex","rating":1184,"private":0,"password":""}