{"id":"gen9nationaldex-1992544550","p1":"OnlyPyper","p2":"JuzOzuj","format":"[Gen 9] National Dex","log":"|j|\u2606OnlyPyper\n|j|\u2606JuzOzuj\n|t:|1700202984\n|gametype|singles\n|player|p1|OnlyPyper|shauntal|\n|player|p2|JuzOzuj|169|\n|teamsize|p1|6\n|teamsize|p2|6\n|gen|9\n|tier|[Gen 9] National Dex\n|rule|HP Percentage Mod: HP is shown in percentages\n|rule|Endless Battle Clause: Forcing endless battles is banned\n|rule|OHKO Clause: OHKO moves are banned\n|rule|Evasion Clause: Evasion abilities, items, and moves are banned\n|rule|Evasion Abilities Clause: Evasion abilities are banned\n|rule|Evasion Items Clause: Evasion items are banned\n|rule|Evasion Moves Clause: Evasion moves are banned\n|rule|Species Clause: Limit one of each Pok\u00e9mon\n|rule|Sleep Clause Mod: Limit one foe put to sleep\n|clearpoke\n|poke|p1|Alomomola, F|\n|poke|p1|Thundurus-Therian, M|\n|poke|p1|Great Tusk|\n|poke|p1|Slowking-Galar, F|\n|poke|p1|Arctozolt|\n|poke|p1|Hatterene, F|\n|poke|p2|Pelipper, F|\n|poke|p2|Floatzel, F|\n|poke|p2|Swampert, F|\n|poke|p2|Ferrothorn, F|\n|poke|p2|Thundurus-Therian, M|\n|poke|p2|Dragalge, F|\n|teampreview\n|c|\u2606JuzOzuj|DIAVLO\n|c|\u2606JuzOzuj|ESO ESO ES MASIADO SEXO\n|c|\u2606OnlyPyper|Este es el \u00faltimo team competitivo que hice\n|\n|t:|1700203023\n|start\n|switch|p1a: Thundurus|Thundurus-Therian, M|100\/100\n|switch|p2a: Yul|Floatzel, F|100\/100\n|turn|1\n|\n|t:|1700203034\n|switch|p1a: Alomomola|Alomomola, F|100\/100\n|move|p2a: Yul|Flip Turn|p1a: Alomomola\n|-resisted|p1a: Alomomola\n|-damage|p1a: Alomomola|84\/100\n|\n|t:|1700203038\n|switch|p2a: Ferros|Ferrothorn, F|100\/100|[from] Flip Turn\n|\n|upkeep\n|turn|2\n|\n|t:|1700203051\n|switch|p1a: Slowking|Slowking-Galar, F|100\/100\n|move|p2a: Ferros|Stealth Rock|p1a: Slowking\n|-sidestart|p1: OnlyPyper|move: Stealth Rock\n|\n|upkeep\n|turn|3\n|\n|t:|1700203063\n|move|p1a: Slowking|Chilly Reception|p1a: Slowking\n|-weather|Snow\n|\n|t:|1700203071\n|switch|p1a: Great Tusk|Great Tusk|100\/100|[from] Chilly Reception\n|-damage|p1a: Great Tusk|98\/100|[from] Stealth Rock\n|move|p2a: Ferros|Knock Off|p1a: Great Tusk\n|-resisted|p1a: Great Tusk\n|-damage|p1a: Great Tusk|93\/100\n|-enditem|p1a: Great Tusk|Leftovers|[from] move: Knock Off|[of] p2a: Ferros\n|\n|-weather|Snow|[upkeep]\n|upkeep\n|turn|4\n|\n|t:|1700203084\n|-terastallize|p2a: Ferros|Ghost\n|move|p1a: Great Tusk|Rapid Spin|p2a: Ferros\n|-immune|p2a: Ferros\n|move|p2a: Ferros|Leech Seed|p1a: Great Tusk\n|-start|p1a: Great Tusk|move: Leech Seed\n|\n|-weather|Snow|[upkeep]\n|-damage|p1a: Great Tusk|80\/100|[from] Leech Seed|[of] p2a: Ferros\n|upkeep\n|turn|5\n|c|\u2606OnlyPyper|Dif\u00edcil la situaci\u00f3n\n|\n|t:|1700203116\n|-end|p1a: Great Tusk|Protosynthesis|[silent]\n|switch|p1a: Slowking|Slowking-Galar, F|100\/100\n|switch|p2a: Pelipepe|Pelipper, F|100\/100\n|-weather|RainDance|[from] ability: Drizzle|[of] p2a: Pelipepe\n|\n|-weather|RainDance|[upkeep]\n|upkeep\n|turn|6\n|\n|t:|1700203138\n|move|p2a: Pelipepe|U-turn|p1a: Slowking\n|-crit|p1a: Slowking\n|-damage|p1a: Slowking|87\/100\n|\n|t:|1700203164\n|switch|p2a: Rudus|Thundurus-Therian, M|100\/100|[from] U-turn\n|move|p1a: Slowking|Chilly Reception|p1a: Slowking\n|-weather|Snow\n|\n|t:|1700203179\n|switch|p1a: Arctozolt|Arctozolt|100\/100|[from] Chilly Reception\n|-damage|p1a: Arctozolt|76\/100|[from] Stealth Rock\n|\n|-weather|Snow|[upkeep]\n|upkeep\n|turn|7\n|c|\u2606JuzOzuj|uy\n|c|\u2606JuzOzuj|hice un mal cambion\n|c|\u2606OnlyPyper|Eres scarf\n|c|\u2606OnlyPyper|Lo s\u00e9\n|c|\u2606JuzOzuj|UwU\n|\n|t:|1700203213\n|switch|p2a: Ferros|Ferrothorn, F, tera:Ghost|100\/100\n|move|p1a: Arctozolt|Bolt Beak|p2a: Ferros\n|-damage|p2a: Ferros|42\/100\n|-damage|p1a: Arctozolt|63\/100|[from] ability: Iron Barbs|[of] p2a: Ferros\n|-damage|p1a: Arctozolt|47\/100|[from] item: Rocky Helmet|[of] p2a: Ferros\n|-damage|p1a: Arctozolt|37\/100|[from] item: Life Orb\n|\n|-weather|Snow|[upkeep]\n|upkeep\n|turn|8\n|c|\u2606OnlyPyper|La cosa es que me vale vrg pq estoy jodidamente loca\n|c|\u2606OnlyPyper|UwU\n|\n|t:|1700203239\n|switch|p2a: Rudus|Thundurus-Therian, M|100\/100\n|move|p1a: Arctozolt|Icicle Crash|p2a: Rudus\n|-supereffective|p2a: Rudus\n|-damage|p2a: Rudus|0 fnt\n|faint|p2a: Rudus\n|-damage|p1a: Arctozolt|27\/100|[from] item: Life Orb\n|\n|-weather|Snow|[upkeep]\n|upkeep\n|c|\u2606JuzOzuj|noooooooooooooooooooooooooo\n|c|\u2606JuzOzuj|pensaba que era banded\n|c|\u2606JuzOzuj|XDDDDDDDDDDD\n|\n|t:|1700203257\n|switch|p2a: Yul|Floatzel, F|100\/100\n|turn|9\n|c|\u2606JuzOzuj|uwu\n|\n|t:|1700203268\n|move|p1a: Arctozolt|Bolt Beak|p2a: Yul\n|-supereffective|p2a: Yul\n|-damage|p2a: Yul|0 fnt\n|faint|p2a: Yul\n|-damage|p1a: Arctozolt|17\/100|[from] item: Life Orb\n|\n|-weather|Snow|[upkeep]\n|upkeep\n|c|\u2606JuzOzuj|ekisde\n|c|\u2606OnlyPyper|UwU\n|c|\u2606JuzOzuj|pensaba que te ibas a comer el bait\n|c|\u2606OnlyPyper|Lo sab\u00eda bien\n|\n|t:|1700203294\n|switch|p2a: Ferros|Ferrothorn, F, tera:Ghost|42\/100\n|turn|10\n|c|\u2606OnlyPyper|No me puedes impresionar con mis propio trucos jsjsjs uwu\n|\n|t:|1700203314\n|move|p1a: Arctozolt|Bolt Beak|p2a: Ferros\n|-damage|p2a: Ferros|0 fnt\n|-damage|p1a: Arctozolt|4\/100|[from] ability: Iron Barbs|[of] p2a: Ferros\n|-damage|p1a: Arctozolt|0 fnt|[from] item: Rocky Helmet|[of] p2a: Ferros\n|faint|p2a: Ferros\n|faint|p1a: Arctozolt\n|\n|-weather|none\n|upkeep\n|\n|t:|1700203325\n|switch|p1a: Great Tusk|Great Tusk|80\/100\n|switch|p2a: Pelipepe|Pelipper, F|100\/100\n|-damage|p1a: Great Tusk|77\/100|[from] Stealth Rock\n|-weather|RainDance|[from] ability: Drizzle|[of] p2a: Pelipepe\n|turn|11\n|\n|t:|1700203332\n|move|p1a: Great Tusk|Rapid Spin|p2a: Pelipepe\n|-damage|p2a: Pelipepe|89\/100\n|-boost|p1a: Great Tusk|spe|1\n|-sideend|p1: OnlyPyper|Stealth Rock|[from] move: Rapid Spin|[of] p1a: Great Tusk\n|move|p2a: Pelipepe|Scald|p1a: Great Tusk\n|-supereffective|p1a: Great Tusk\n|-damage|p1a: Great Tusk|0 fnt\n|faint|p1a: Great Tusk\n|-end|p1a: Great Tusk|Protosynthesis|[silent]\n|\n|-weather|RainDance|[upkeep]\n|upkeep\n|\n|t:|1700203342\n|switch|p1a: Thundurus|Thundurus-Therian, M|100\/100\n|turn|12\n|\n|t:|1700203349\n|switch|p2a: Kusuri On Drugs|Dragalge, F, shiny|100\/100\n|-terastallize|p1a: Thundurus|Flying\n|move|p1a: Thundurus|Tera Blast|p2a: Kusuri On Drugs|[anim] Tera Blast Flying\n|-damage|p2a: Kusuri On Drugs|50\/100\n|\n|-weather|RainDance|[upkeep]\n|upkeep\n|turn|13\n|\n|t:|1700203361\n|move|p1a: Thundurus|Tera Blast|p2a: Kusuri On Drugs|[anim] Tera Blast Flying\n|-damage|p2a: Kusuri On Drugs|2\/100\n|move|p2a: Kusuri On Drugs|Draco Meteor|p1a: Thundurus\n|-damage|p1a: Thundurus|12\/100\n|-unboost|p2a: Kusuri On Drugs|spa|2\n|\n|-weather|RainDance|[upkeep]\n|upkeep\n|turn|14\n|\n|t:|1700203368\n|move|p1a: Thundurus|Tera Blast|p2a: Kusuri On Drugs|[anim] Tera Blast Flying\n|-damage|p2a: Kusuri On Drugs|0 fnt\n|faint|p2a: Kusuri On Drugs\n|\n|-weather|RainDance|[upkeep]\n|upkeep\n|\n|t:|1700203375\n|switch|p2a: Awekening Petter|Swampert, F|100\/100\n|turn|15\n|c|\u2606OnlyPyper|Cre\u00ed que Petter era macho jskajsjaj\n|\n|t:|1700203399\n|switch|p1a: Slowking|Slowking-Galar, F|100\/100\n|detailschange|p2a: Awekening Petter|Swampert-Mega, F\n|-mega|p2a: Awekening Petter|Swampert|Swampertite\n|move|p2a: Awekening Petter|Liquidation|p1a: Slowking\n|-damage|p1a: Slowking|24\/100\n|-unboost|p1a: Slowking|def|1\n|\n|-weather|RainDance|[upkeep]\n|upkeep\n|turn|16\n|c|\u2606JuzOzuj|ES MACHO\n|c|\u2606JuzOzuj|xdddd\n|c|\u2606JuzOzuj|pero se me chispotio\n|c|\u2606OnlyPyper|Ekisde\n|\n|t:|1700203415\n|move|p2a: Awekening Petter|Liquidation|p1a: Slowking\n|-damage|p1a: Slowking|0 fnt\n|faint|p1a: Slowking\n|\n|-weather|RainDance|[upkeep]\n|upkeep\n|\n|t:|1700203425\n|switch|p1a: Alomomola|Alomomola, F|100\/100\n|turn|17\n|\n|t:|1700203432\n|move|p2a: Awekening Petter|Earthquake|p1a: Alomomola\n|-damage|p1a: Alomomola|56\/100\n|move|p1a: Alomomola|Liquidation|p2a: Awekening Petter\n|-damage|p2a: Awekening Petter|33\/100\n|\n|-weather|RainDance|[upkeep]\n|upkeep\n|turn|18\n|\n|t:|1700203440\n|move|p2a: Awekening Petter|Liquidation|p1a: Alomomola\n|-resisted|p1a: Alomomola\n|-damage|p1a: Alomomola|27\/100\n|move|p1a: Alomomola|Liquidation|p2a: Awekening Petter\n|-damage|p2a: Awekening Petter|0 fnt\n|faint|p2a: Awekening Petter\n|\n|-weather|none\n|upkeep\n|c|\u2606JuzOzuj|es banded???\n|\n|t:|1700203451\n|switch|p2a: Pelipepe|Pelipper, F|89\/100\n|-weather|RainDance|[from] ability: Drizzle|[of] p2a: Pelipepe\n|turn|19\n|c|\u2606OnlyPyper|Nop\n|c|\u2606JuzOzuj|Dafuck\n|c|\u2606OnlyPyper|Es defensivo\n|c|\u2606JuzOzuj|por que mete tanto\n|\n|t:|1700203464\n|switch|p1a: Hatterene|Hatterene, F|100\/100\n|move|p2a: Pelipepe|Scald|p1a: Hatterene\n|-damage|p1a: Hatterene|58\/100\n|\n|-weather|RainDance|[upkeep]\n|-heal|p1a: Hatterene|64\/100|[from] item: Leftovers\n|upkeep\n|turn|20\n|c|\u2606JuzOzuj|XDDDDDDD\n|c|\u2606OnlyPyper|Pq si es banded\n|c|\u2606OnlyPyper|UwU\n|\n|t:|1700203481\n|move|p2a: Pelipepe|Scald|p1a: Hatterene\n|-damage|p1a: Hatterene|22\/100\n|move|p1a: Hatterene|Draining Kiss|p2a: Pelipepe\n|-damage|p2a: Pelipepe|55\/100\n|-heal|p1a: Hatterene|47\/100|[from] drain|[of] p2a: Pelipepe\n|\n|-weather|RainDance|[upkeep]\n|-heal|p1a: Hatterene|53\/100|[from] item: Leftovers\n|upkeep\n|turn|21\n|\n|t:|1700203487\n|move|p2a: Pelipepe|Scald|p1a: Hatterene\n|-damage|p1a: Hatterene|15\/100\n|move|p1a: Hatterene|Draining Kiss|p2a: Pelipepe\n|-damage|p2a: Pelipepe|22\/100\n|-heal|p1a: Hatterene|41\/100|[from] drain|[of] p2a: Pelipepe\n|\n|-weather|RainDance|[upkeep]\n|-heal|p1a: Hatterene|47\/100|[from] item: Leftovers\n|upkeep\n|turn|22\n|\n|t:|1700203493\n|move|p2a: Pelipepe|Roost|p2a: Pelipepe\n|-heal|p2a: Pelipepe|72\/100\n|-singleturn|p2a: Pelipepe|move: Roost\n|move|p1a: Hatterene|Draining Kiss|p2a: Pelipepe\n|-damage|p2a: Pelipepe|41\/100\n|-heal|p1a: Hatterene|70\/100|[from] drain|[of] p2a: Pelipepe\n|\n|-weather|RainDance|[upkeep]\n|-heal|p1a: Hatterene|76\/100|[from] item: Leftovers\n|upkeep\n|turn|23\n|c|\u2606JuzOzuj|nombre\n|c|\u2606JuzOzuj|gg\n|c|\u2606JuzOzuj|xD\n|c|\u2606OnlyPyper|Gg\n|c|\u2606JuzOzuj|la regue bien feo\n|c|\u2606JuzOzuj|XD\n|\n|t:|1700203509\n|move|p2a: Pelipepe|U-turn|p1a: Hatterene\n|-damage|p1a: Hatterene|69\/100\n|move|p1a: Hatterene|Nuzzle|p2a: Pelipepe\n|-supereffective|p2a: Pelipepe\n|-damage|p2a: Pelipepe|28\/100\n|-status|p2a: Pelipepe|par\n|\n|-weather|RainDance|[upkeep]\n|-heal|p1a: Hatterene|75\/100|[from] item: Leftovers\n|upkeep\n|turn|24\n|c|\u2606OnlyPyper|Te gust\u00f3 este semi snow? Jsjsjs uwu\n|\n|t:|1700203520\n|move|p1a: Hatterene|Draining Kiss|p2a: Pelipepe\n|-damage|p2a: Pelipepe|0 fnt\n|-heal|p1a: Hatterene|96\/100|[from] drain|[of] p2a: Pelipepe\n|faint|p2a: Pelipepe\n|\n|win|OnlyPyper\n|c|\u2606JuzOzuj|Esta interesante\n|c|\u2606OnlyPyper|Gg miada uwu\n|c|\u2606JuzOzuj|Gg uwu\n","uploadtime":1700203542,"views":16,"p1id":"onlypyper","p2id":"juzozuj","formatid":"gen9nationaldex","rating":0,"private":0,"password":""}