{"id":"gen9nationaldex-1992499374","p1":"terrysalt","p2":"Tyr Alexander","format":"[Gen 9] National Dex","log":"|j|\u2606terrysalt\n|j|\u2606Tyr Alexander\n|t:|1700195478\n|gametype|singles\n|player|p1|terrysalt|170|\n|player|p2|Tyr Alexander|1|\n|teamsize|p1|6\n|teamsize|p2|6\n|gen|9\n|tier|[Gen 9] National Dex\n|rule|HP Percentage Mod: HP is shown in percentages\n|rule|Endless Battle Clause: Forcing endless battles is banned\n|rule|OHKO Clause: OHKO moves are banned\n|rule|Evasion Clause: Evasion abilities, items, and moves are banned\n|rule|Evasion Abilities Clause: Evasion abilities are banned\n|rule|Evasion Items Clause: Evasion items are banned\n|rule|Evasion Moves Clause: Evasion moves are banned\n|rule|Species Clause: Limit one of each Pok\u00e9mon\n|rule|Sleep Clause Mod: Limit one foe put to sleep\n|clearpoke\n|poke|p1|Chansey, F|\n|poke|p1|Goodra-Hisui, F|\n|poke|p1|Toxapex, F|\n|poke|p1|Scizor, F|\n|poke|p1|Buzzwole|\n|poke|p1|Blacephalon|\n|poke|p2|Slowking-Galar, M|\n|poke|p2|Tapu Bulu|\n|poke|p2|Seismitoad, F|\n|poke|p2|Zapdos-Galar|\n|poke|p2|Aggron, M|\n|poke|p2|Volcarona, M|\n|teampreview\n|\n|t:|1700195490\n|start\n|switch|p1a: Goodra|Goodra-Hisui, F|100\/100\n|switch|p2a: Seismitoad|Seismitoad, F|100\/100\n|turn|1\n|\n|t:|1700195552\n|move|p2a: Seismitoad|Toxic|p1a: Goodra\n|-immune|p1a: Goodra\n|move|p1a: Goodra|Draco Meteor|p2a: Seismitoad|[miss]\n|-miss|p1a: Goodra|p2a: Seismitoad\n|\n|upkeep\n|turn|2\n|c|\u2606terrysalt|useful turn :P\n|\n|t:|1700195568\n|move|p2a: Seismitoad|Earth Power|p1a: Goodra\n|-supereffective|p1a: Goodra\n|-damage|p1a: Goodra|70\/100\n|move|p1a: Goodra|Draco Meteor|p2a: Seismitoad\n|-damage|p2a: Seismitoad|63\/100\n|-unboost|p1a: Goodra|spa|2\n|\n|-heal|p2a: Seismitoad|70\/100|[from] item: Leftovers\n|-heal|p1a: Goodra|76\/100|[from] item: Leftovers\n|upkeep\n|turn|3\n|c|\u2606Tyr Alexander|indeed\n|\n|t:|1700195589\n|switch|p1a: Chansey|Chansey, F|100\/100\n|move|p2a: Seismitoad|Earth Power|p1a: Chansey\n|-damage|p1a: Chansey|92\/100\n|\n|-heal|p2a: Seismitoad|76\/100|[from] item: Leftovers\n|upkeep\n|turn|4\n|\n|t:|1700195599\n|move|p2a: Seismitoad|Stealth Rock|p1a: Chansey\n|-sidestart|p1: terrysalt|move: Stealth Rock\n|move|p1a: Chansey|Toxic|p2a: Seismitoad\n|-status|p2a: Seismitoad|tox\n|\n|-heal|p2a: Seismitoad|82\/100 tox|[from] item: Leftovers\n|-damage|p2a: Seismitoad|76\/100 tox|[from] psn\n|upkeep\n|turn|5\n|\n|t:|1700195619\n|move|p2a: Seismitoad|Refresh|p2a: Seismitoad\n|-curestatus|p2a: Seismitoad|tox|[msg]\n|move|p1a: Chansey|Seismic Toss|p2a: Seismitoad\n|-damage|p2a: Seismitoad|51\/100\n|\n|-heal|p2a: Seismitoad|57\/100|[from] item: Leftovers\n|upkeep\n|turn|6\n|\n|t:|1700195640\n|switch|p2a: Zapdos|Zapdos-Galar|100\/100\n|move|p1a: Chansey|Seismic Toss|p2a: Zapdos\n|-damage|p2a: Zapdos|69\/100\n|\n|upkeep\n|turn|7\n|\n|t:|1700195659\n|switch|p1a: Toxapex|Toxapex, F|100\/100\n|move|p2a: Zapdos|Brave Bird|p1a: Toxapex\n|-damage|p1a: Toxapex|66\/100\n|-damage|p2a: Zapdos|58\/100|[from] Recoil\n|\n|upkeep\n|turn|8\n|\n|t:|1700195675\n|-zpower|p2a: Zapdos\n|move|p2a: Zapdos|Supersonic Skystrike|p1a: Toxapex|[zeffect]\n|-crit|p1a: Toxapex\n|-damage|p1a: Toxapex|0 fnt\n|faint|p1a: Toxapex\n|\n|upkeep\n|\n|t:|1700195687\n|switch|p1a: Blacephalon|Blacephalon|100\/100\n|-damage|p1a: Blacephalon|76\/100|[from] Stealth Rock\n|turn|9\n|\n|t:|1700195702\n|move|p1a: Blacephalon|Psyshock|p2a: Zapdos\n|-supereffective|p2a: Zapdos\n|-damage|p2a: Zapdos|0 fnt\n|faint|p2a: Zapdos\n|-ability|p1a: Blacephalon|Beast Boost|boost\n|-boost|p1a: Blacephalon|spa|1\n|\n|upkeep\n|\n|t:|1700195715\n|switch|p2a: Aggron|Aggron, M|100\/100\n|turn|10\n|\n|t:|1700195739\n|switch|p1a: Buzzwole|Buzzwole|100\/100\n|move|p2a: Aggron|Body Press|p1a: Buzzwole\n|-resisted|p1a: Buzzwole\n|-damage|p1a: Buzzwole|92\/100\n|\n|upkeep\n|turn|11\n|\n|t:|1700195758\n|detailschange|p2a: Aggron|Aggron-Mega, M\n|-mega|p2a: Aggron|Aggron|Aggronite\n|move|p1a: Buzzwole|Drain Punch|p2a: Aggron\n|-supereffective|p2a: Aggron\n|-damage|p2a: Aggron|77\/100\n|-heal|p1a: Buzzwole|100\/100|[from] drain|[of] p2a: Aggron\n|move|p2a: Aggron|Heavy Slam|p1a: Buzzwole\n|-damage|p1a: Buzzwole|92\/100\n|\n|upkeep\n|turn|12\n|\n|t:|1700195770\n|switch|p2a: Slowking|Slowking-Galar, M|100\/100\n|move|p1a: Buzzwole|Bulk Up|p1a: Buzzwole\n|-boost|p1a: Buzzwole|atk|1\n|-boost|p1a: Buzzwole|def|1\n|\n|upkeep\n|turn|13\n|\n|t:|1700195795\n|switch|p1a: Scizor|Scizor, F|100\/100\n|-damage|p1a: Scizor|88\/100|[from] Stealth Rock\n|move|p2a: Slowking|Scald|p1a: Scizor\n|-damage|p1a: Scizor|69\/100\n|\n|upkeep\n|turn|14\n|\n|t:|1700195813\n|detailschange|p1a: Scizor|Scizor-Mega, F\n|-mega|p1a: Scizor|Scizor|Scizorite\n|move|p1a: Scizor|Swords Dance|p1a: Scizor\n|-boost|p1a: Scizor|atk|2\n|move|p2a: Slowking|Slack Off||[still]\n|-fail|p2a: Slowking|heal\n|\n|upkeep\n|turn|15\n|\n|t:|1700195823\n|move|p1a: Scizor|Bullet Punch|p2a: Slowking\n|-damage|p2a: Slowking|54\/100\n|move|p2a: Slowking|Scald|p1a: Scizor\n|-damage|p1a: Scizor|52\/100\n|\n|-heal|p2a: Slowking|60\/100|[from] item: Black Sludge\n|upkeep\n|turn|16\n|\n|t:|1700195831\n|move|p1a: Scizor|Roost|p1a: Scizor\n|-heal|p1a: Scizor|100\/100\n|-singleturn|p1a: Scizor|move: Roost\n|move|p2a: Slowking|Scald|p1a: Scizor\n|-damage|p1a: Scizor|84\/100\n|\n|-heal|p2a: Slowking|66\/100|[from] item: Black Sludge\n|upkeep\n|turn|17\n|\n|t:|1700195843\n|switch|p2a: Aggron|Aggron-Mega, M|77\/100\n|move|p1a: Scizor|Bullet Punch|p2a: Aggron\n|-resisted|p2a: Aggron\n|-damage|p2a: Aggron|65\/100\n|\n|upkeep\n|turn|18\n|\n|t:|1700195851\n|move|p1a: Scizor|U-turn|p2a: Aggron\n|-resisted|p2a: Aggron\n|-damage|p2a: Aggron|50\/100\n|\n|t:|1700195858\n|switch|p1a: Buzzwole|Buzzwole|92\/100|[from] U-turn\n|move|p2a: Aggron|Body Press|p1a: Buzzwole\n|-resisted|p1a: Buzzwole\n|-damage|p1a: Buzzwole|81\/100\n|\n|upkeep\n|turn|19\n|\n|t:|1700195872\n|move|p1a: Buzzwole|Drain Punch|p2a: Aggron\n|-supereffective|p2a: Aggron\n|-damage|p2a: Aggron|28\/100\n|-heal|p1a: Buzzwole|90\/100|[from] drain|[of] p2a: Aggron\n|move|p2a: Aggron|Body Press|p1a: Buzzwole\n|-resisted|p1a: Buzzwole\n|-damage|p1a: Buzzwole|79\/100\n|\n|upkeep\n|turn|20\n|\n|t:|1700195894\n|move|p1a: Buzzwole|Bulk Up|p1a: Buzzwole\n|-boost|p1a: Buzzwole|atk|1\n|-boost|p1a: Buzzwole|def|1\n|move|p2a: Aggron|Body Press|p1a: Buzzwole\n|-resisted|p1a: Buzzwole\n|-damage|p1a: Buzzwole|73\/100\n|\n|upkeep\n|turn|21\n|\n|t:|1700195914\n|move|p1a: Buzzwole|Drain Punch|p2a: Aggron\n|-supereffective|p2a: Aggron\n|-damage|p2a: Aggron|0 fnt\n|-heal|p1a: Buzzwole|84\/100|[from] drain|[of] p2a: Aggron\n|faint|p2a: Aggron\n|-ability|p1a: Buzzwole|Beast Boost|boost\n|-boost|p1a: Buzzwole|def|1\n|\n|upkeep\n|\n|t:|1700195935\n|switch|p2a: Slowking|Slowking-Galar, M|99\/100\n|turn|22\n|\n|t:|1700195942\n|move|p1a: Buzzwole|Ice Punch|p2a: Slowking\n|-crit|p2a: Slowking\n|-damage|p2a: Slowking|64\/100\n|move|p2a: Slowking|Scald|p1a: Buzzwole\n|-damage|p1a: Buzzwole|55\/100\n|\n|-heal|p2a: Slowking|70\/100|[from] item: Black Sludge\n|upkeep\n|turn|23\n|\n|t:|1700195958\n|switch|p1a: Chansey|Chansey, F|92\/100\n|-damage|p1a: Chansey|79\/100|[from] Stealth Rock\n|move|p2a: Slowking|Scald|p1a: Chansey\n|-damage|p1a: Chansey|73\/100\n|-status|p1a: Chansey|brn\n|\n|-heal|p2a: Slowking|76\/100|[from] item: Black Sludge\n|-damage|p1a: Chansey|67\/100 brn|[from] brn\n|upkeep\n|turn|24\n|\n|t:|1700195970\n|move|p1a: Chansey|Seismic Toss|p2a: Slowking\n|-damage|p2a: Slowking|50\/100\n|move|p2a: Slowking|Scald|p1a: Chansey\n|-damage|p1a: Chansey|61\/100 brn\n|\n|-heal|p2a: Slowking|56\/100|[from] item: Black Sludge\n|-damage|p1a: Chansey|55\/100 brn|[from] brn\n|upkeep\n|turn|25\n|\n|t:|1700195983\n|move|p1a: Chansey|Seismic Toss|p2a: Slowking\n|-damage|p2a: Slowking|31\/100\n|move|p2a: Slowking|Slack Off|p2a: Slowking\n|-heal|p2a: Slowking|81\/100\n|\n|-heal|p2a: Slowking|87\/100|[from] item: Black Sludge\n|-damage|p1a: Chansey|49\/100 brn|[from] brn\n|upkeep\n|turn|26\n|\n|t:|1700195995\n|move|p1a: Chansey|Soft-Boiled|p1a: Chansey\n|-heal|p1a: Chansey|99\/100 brn\n|move|p2a: Slowking|Scald|p1a: Chansey\n|-damage|p1a: Chansey|92\/100 brn\n|\n|-heal|p2a: Slowking|93\/100|[from] item: Black Sludge\n|-damage|p1a: Chansey|86\/100 brn|[from] brn\n|upkeep\n|turn|27\n|\n|t:|1700196050\n|-curestatus|p1a: Chansey|brn|[from] ability: Natural Cure\n|switch|p1a: Goodra|Goodra-Hisui, F|76\/100\n|-damage|p1a: Goodra|70\/100|[from] Stealth Rock\n|move|p2a: Slowking|Scald|p1a: Goodra\n|-resisted|p1a: Goodra\n|-damage|p1a: Goodra|65\/100\n|\n|-heal|p1a: Goodra|71\/100|[from] item: Leftovers\n|-heal|p2a: Slowking|99\/100|[from] item: Black Sludge\n|upkeep\n|turn|28\n|\n|t:|1700196066\n|switch|p2a: Tapu Bulu|Tapu Bulu, shiny|100\/100\n|-fieldstart|move: Grassy Terrain|[from] ability: Grassy Surge|[of] p2a: Tapu Bulu\n|move|p1a: Goodra|Flash Cannon|p2a: Tapu Bulu\n|-supereffective|p2a: Tapu Bulu\n|-damage|p2a: Tapu Bulu|23\/100\n|\n|-heal|p2a: Tapu Bulu|29\/100|[from] Grassy Terrain\n|-heal|p1a: Goodra|77\/100|[from] Grassy Terrain\n|-heal|p1a: Goodra|83\/100|[from] item: Leftovers\n|upkeep\n|turn|29\n|\n|t:|1700196080\n|move|p2a: Tapu Bulu|Rock Slide|p1a: Goodra\n|-resisted|p1a: Goodra\n|-damage|p1a: Goodra|72\/100\n|cant|p1a: Goodra|flinch\n|\n|-heal|p2a: Tapu Bulu|35\/100|[from] Grassy Terrain\n|-heal|p1a: Goodra|78\/100|[from] Grassy Terrain\n|-heal|p1a: Goodra|84\/100|[from] item: Leftovers\n|upkeep\n|turn|30\n|\n|t:|1700196104\n|move|p2a: Tapu Bulu|Rock Slide|p1a: Goodra\n|-resisted|p1a: Goodra\n|-damage|p1a: Goodra|74\/100\n|move|p1a: Goodra|Flash Cannon|p2a: Tapu Bulu\n|-supereffective|p2a: Tapu Bulu\n|-damage|p2a: Tapu Bulu|0 fnt\n|faint|p2a: Tapu Bulu\n|\n|-heal|p1a: Goodra|80\/100|[from] Grassy Terrain\n|-heal|p1a: Goodra|86\/100|[from] item: Leftovers\n|upkeep\n|\n|t:|1700196120\n|switch|p2a: Volcarona|Volcarona, M|100\/100\n|turn|31\n|\n|t:|1700196132\n|move|p2a: Volcarona|Mystical Fire|p1a: Goodra\n|-crit|p1a: Goodra\n|-damage|p1a: Goodra|58\/100\n|-unboost|p1a: Goodra|spa|1\n|move|p1a: Goodra|Draco Meteor|p2a: Volcarona\n|-damage|p2a: Volcarona|71\/100\n|-unboost|p1a: Goodra|spa|2\n|\n|-heal|p2a: Volcarona|77\/100|[from] Grassy Terrain\n|-heal|p1a: Goodra|64\/100|[from] Grassy Terrain\n|-heal|p1a: Goodra|70\/100|[from] item: Leftovers\n|upkeep\n|turn|32\n|\n|t:|1700196165\n|switch|p1a: Chansey|Chansey, F|86\/100\n|-damage|p1a: Chansey|74\/100|[from] Stealth Rock\n|move|p2a: Volcarona|Mystical Fire|p1a: Chansey\n|-damage|p1a: Chansey|64\/100\n|-unboost|p1a: Chansey|spa|1\n|\n|-heal|p2a: Volcarona|84\/100|[from] Grassy Terrain\n|-heal|p1a: Chansey|70\/100|[from] Grassy Terrain\n|-fieldend|move: Grassy Terrain\n|upkeep\n|turn|33\n|\n|t:|1700196177\n|move|p2a: Volcarona|U-turn|p1a: Chansey\n|-damage|p1a: Chansey|61\/100\n|\n|t:|1700196208\n|switch|p2a: Seismitoad|Seismitoad, F|57\/100|[from] U-turn\n|move|p1a: Chansey|Toxic|p2a: Seismitoad\n|-status|p2a: Seismitoad|tox\n|\n|-heal|p2a: Seismitoad|63\/100 tox|[from] item: Leftovers\n|-damage|p2a: Seismitoad|57\/100 tox|[from] psn\n|upkeep\n|turn|34\n|\n|t:|1700196229\n|move|p2a: Seismitoad|Refresh|p2a: Seismitoad\n|-curestatus|p2a: Seismitoad|tox|[msg]\n|move|p1a: Chansey|Seismic Toss|p2a: Seismitoad\n|-damage|p2a: Seismitoad|33\/100\n|\n|-heal|p2a: Seismitoad|39\/100|[from] item: Leftovers\n|upkeep\n|turn|35\n|\n|t:|1700196245\n|move|p2a: Seismitoad|Earth Power|p1a: Chansey\n|-damage|p1a: Chansey|52\/100\n|move|p1a: Chansey|Seismic Toss|p2a: Seismitoad\n|-damage|p2a: Seismitoad|15\/100\n|\n|-heal|p2a: Seismitoad|21\/100|[from] item: Leftovers\n|upkeep\n|turn|36\n|\n|t:|1700196275\n|move|p2a: Seismitoad|Earth Power|p1a: Chansey\n|-damage|p1a: Chansey|44\/100\n|move|p1a: Chansey|Seismic Toss|p2a: Seismitoad\n|-damage|p2a: Seismitoad|0 fnt\n|faint|p2a: Seismitoad\n|\n|upkeep\n|c|\u2606Tyr Alexander|this time is on fire\n|\n|t:|1700196295\n|switch|p2a: Slowking|Slowking-Galar, M|100\/100\n|turn|37\n|\n|t:|1700196304\n|move|p1a: Chansey|Soft-Boiled|p1a: Chansey\n|-heal|p1a: Chansey|94\/100\n|move|p2a: Slowking|Scald|p1a: Chansey\n|-damage|p1a: Chansey|88\/100\n|-status|p1a: Chansey|brn\n|\n|-damage|p1a: Chansey|82\/100 brn|[from] brn\n|upkeep\n|turn|38\n|\n|t:|1700196317\n|move|p1a: Chansey|Seismic Toss|p2a: Slowking\n|-damage|p2a: Slowking|75\/100\n|move|p2a: Slowking|Scald|p1a: Chansey\n|-damage|p1a: Chansey|76\/100 brn\n|\n|-heal|p2a: Slowking|81\/100|[from] item: Black Sludge\n|-damage|p1a: Chansey|70\/100 brn|[from] brn\n|upkeep\n|turn|39\n|\n|t:|1700196336\n|move|p1a: Chansey|Seismic Toss|p2a: Slowking\n|-damage|p2a: Slowking|56\/100\n|move|p2a: Slowking|Scald|p1a: Chansey\n|-damage|p1a: Chansey|63\/100 brn\n|\n|-heal|p2a: Slowking|62\/100|[from] item: Black Sludge\n|-damage|p1a: Chansey|57\/100 brn|[from] brn\n|upkeep\n|turn|40\n|c|\u2606terrysalt|Your slowking is a tank and a half.\n|\n|t:|1700196356\n|move|p1a: Chansey|Seismic Toss|p2a: Slowking\n|-damage|p2a: Slowking|36\/100\n|move|p2a: Slowking|Scald|p1a: Chansey\n|-damage|p1a: Chansey|51\/100 brn\n|\n|-heal|p2a: Slowking|42\/100|[from] item: Black Sludge\n|-damage|p1a: Chansey|44\/100 brn|[from] brn\n|upkeep\n|turn|41\n|\n|t:|1700196366\n|move|p1a: Chansey|Soft-Boiled|p1a: Chansey\n|-heal|p1a: Chansey|95\/100 brn\n|move|p2a: Slowking|Scald|p1a: Chansey\n|-damage|p1a: Chansey|88\/100 brn\n|\n|-heal|p2a: Slowking|49\/100|[from] item: Black Sludge\n|-damage|p1a: Chansey|82\/100 brn|[from] brn\n|upkeep\n|turn|42\n|\n|t:|1700196382\n|-curestatus|p1a: Chansey|brn|[from] ability: Natural Cure\n|switch|p1a: Scizor|Scizor-Mega, F|84\/100\n|-damage|p1a: Scizor|72\/100|[from] Stealth Rock\n|move|p2a: Slowking|Scald|p1a: Scizor\n|-damage|p1a: Scizor|53\/100\n|\n|-heal|p2a: Slowking|55\/100|[from] item: Black Sludge\n|upkeep\n|turn|43\n|\n|t:|1700196431\n|move|p1a: Scizor|Swords Dance|p1a: Scizor\n|-boost|p1a: Scizor|atk|2\n|move|p2a: Slowking|Scald|p1a: Scizor\n|-damage|p1a: Scizor|36\/100\n|\n|-heal|p2a: Slowking|61\/100|[from] item: Black Sludge\n|upkeep\n|turn|44\n|c|\u2606Tyr Alexander|Terry I am fading fast I going to call it after this match sorry\n|\n|t:|1700196455\n|move|p1a: Scizor|Bullet Punch|p2a: Slowking\n|-damage|p2a: Slowking|19\/100\n|move|p2a: Slowking|Scald|p1a: Scizor\n|-damage|p1a: Scizor|20\/100\n|\n|-heal|p2a: Slowking|25\/100|[from] item: Black Sludge\n|upkeep\n|turn|45\n|c|\u2606terrysalt|no worries\n|\n|t:|1700196462\n|move|p1a: Scizor|Roost|p1a: Scizor\n|-heal|p1a: Scizor|70\/100\n|-singleturn|p1a: Scizor|move: Roost\n|move|p2a: Slowking|Scald|p1a: Scizor\n|-damage|p1a: Scizor|52\/100\n|-status|p1a: Scizor|brn\n|\n|-heal|p2a: Slowking|31\/100|[from] item: Black Sludge\n|-damage|p1a: Scizor|46\/100 brn|[from] brn\n|upkeep\n|turn|46\n|\n|t:|1700196473\n|move|p1a: Scizor|Bullet Punch|p2a: Slowking\n|-damage|p2a: Slowking|9\/100\n|move|p2a: Slowking|Scald|p1a: Scizor\n|-damage|p1a: Scizor|30\/100 brn\n|\n|-heal|p2a: Slowking|15\/100|[from] item: Black Sludge\n|-damage|p1a: Scizor|24\/100 brn|[from] brn\n|upkeep\n|turn|47\n|\n|t:|1700196483\n|switch|p2a: Volcarona|Volcarona, M|84\/100\n|move|p1a: Scizor|Bullet Punch|p2a: Volcarona\n|-resisted|p2a: Volcarona\n|-damage|p2a: Volcarona|68\/100\n|\n|-damage|p1a: Scizor|17\/100 brn|[from] brn\n|upkeep\n|turn|48\n|\n|t:|1700196499\n|switch|p1a: Chansey|Chansey, F|82\/100\n|-damage|p1a: Chansey|69\/100|[from] Stealth Rock\n|move|p2a: Volcarona|Mystical Fire|p1a: Chansey\n|-damage|p1a: Chansey|58\/100\n|-unboost|p1a: Chansey|spa|1\n|\n|upkeep\n|turn|49\n|\n|t:|1700196508\n|move|p2a: Volcarona|U-turn|p1a: Chansey\n|-damage|p1a: Chansey|49\/100\n|\n|t:|1700196512\n|switch|p2a: Slowking|Slowking-Galar, M|49\/100|[from] U-turn\n|move|p1a: Chansey|Toxic|p2a: Slowking\n|-immune|p2a: Slowking\n|\n|-heal|p2a: Slowking|55\/100|[from] item: Black Sludge\n|upkeep\n|turn|50\n|\n|t:|1700196524\n|move|p1a: Chansey|Seismic Toss|p2a: Slowking\n|-damage|p2a: Slowking|29\/100\n|move|p2a: Slowking|Scald|p1a: Chansey\n|-damage|p1a: Chansey|42\/100\n|\n|-heal|p2a: Slowking|35\/100|[from] item: Black Sludge\n|upkeep\n|turn|51\n|\n|t:|1700196533\n|move|p1a: Chansey|Soft-Boiled|p1a: Chansey\n|-heal|p1a: Chansey|92\/100\n|move|p2a: Slowking|Trick|p1a: Chansey\n|-activate|p2a: Slowking|move: Trick|[of] p1a: Chansey\n|-item|p1a: Chansey|Black Sludge|[from] move: Trick\n|-item|p2a: Slowking|Eviolite|[from] move: Trick\n|\n|-damage|p1a: Chansey|80\/100|[from] item: Black Sludge\n|upkeep\n|turn|52\n|\n|t:|1700196541\n|move|p1a: Chansey|Seismic Toss|p2a: Slowking\n|-damage|p2a: Slowking|10\/100\n|move|p2a: Slowking|Scald|p1a: Chansey\n|-damage|p1a: Chansey|70\/100\n|-status|p1a: Chansey|brn\n|\n|-damage|p1a: Chansey|58\/100 brn|[from] item: Black Sludge\n|-damage|p1a: Chansey|51\/100 brn|[from] brn\n|upkeep\n|turn|53\n|\n|t:|1700196553\n|move|p1a: Chansey|Seismic Toss|p2a: Slowking\n|-damage|p2a: Slowking|0 fnt\n|faint|p2a: Slowking\n|\n|-damage|p1a: Chansey|39\/100 brn|[from] item: Black Sludge\n|-damage|p1a: Chansey|33\/100 brn|[from] brn\n|upkeep\n|\n|t:|1700196572\n|switch|p2a: Volcarona|Volcarona, M|68\/100\n|turn|54\n|\n|t:|1700196577\n|move|p2a: Volcarona|Mystical Fire|p1a: Chansey\n|-damage|p1a: Chansey|18\/100 brn\n|-unboost|p1a: Chansey|spa|1\n|move|p1a: Chansey|Toxic|p2a: Volcarona\n|-status|p2a: Volcarona|tox\n|\n|-damage|p1a: Chansey|6\/100 brn|[from] item: Black Sludge\n|-damage|p2a: Volcarona|62\/100 tox|[from] psn\n|-damage|p1a: Chansey|0 fnt|[from] brn\n|faint|p1a: Chansey\n|upkeep\n|c|\u2606terrysalt|I'm guessing you just want to get to bed so you didn't bother healing? :p\n|\n|t:|1700196591\n|switch|p1a: Blacephalon|Blacephalon|76\/100\n|-damage|p1a: Blacephalon|51\/100|[from] Stealth Rock\n|turn|55\n|\n|t:|1700196600\n|move|p1a: Blacephalon|Shadow Ball|p2a: Volcarona\n|-damage|p2a: Volcarona|23\/100 tox\n|move|p2a: Volcarona|Mystical Fire|p1a: Blacephalon\n|-resisted|p1a: Blacephalon\n|-damage|p1a: Blacephalon|22\/100\n|-unboost|p1a: Blacephalon|spa|1\n|\n|-damage|p2a: Volcarona|11\/100 tox|[from] psn\n|upkeep\n|turn|56\n|\n|t:|1700196613\n|move|p1a: Blacephalon|Shadow Ball|p2a: Volcarona\n|-damage|p2a: Volcarona|0 fnt\n|faint|p2a: Volcarona\n|\n|win|terrysalt\n|c|\u2606terrysalt|gg\n","uploadtime":1700196625,"views":6,"p1id":"terrysalt","p2id":"tyralexander","formatid":"gen9nationaldex","rating":0,"private":0,"password":""}