{"id":"gen9nationaldex-1995819193","p1":"Ju143","p2":"Ultr4X","format":"[Gen 9] National Dex","log":"|html|<div class=\"broadcast-blue\"><strong>[Gen 9] National Dex is currently suspecting Sneasler! For information on how to participate check out the <a href=\"https:\/\/www.smogon.com\/forums\/threads\/sv-national-dex-suspect-8-just-dance.3731534\/\">suspect thread<\/a>.<\/strong><\/div>\n|j|\u2606Ju143\n|j|\u2606Ultr4X\n|t:|1700606245\n|gametype|singles\n|player|p1|Ju143|dahlia|1125\n|player|p2|Ultr4X|swimmerf-gen4|1041\n|teamsize|p1|6\n|teamsize|p2|6\n|gen|9\n|tier|[Gen 9] National Dex\n|rated|\n|rule|HP Percentage Mod: HP is shown in percentages\n|rule|Endless Battle Clause: Forcing endless battles is banned\n|rule|OHKO Clause: OHKO moves are banned\n|rule|Evasion Clause: Evasion abilities, items, and moves are banned\n|rule|Evasion Abilities Clause: Evasion abilities are banned\n|rule|Evasion Items Clause: Evasion items are banned\n|rule|Evasion Moves Clause: Evasion moves are banned\n|rule|Species Clause: Limit one of each Pok\u00e9mon\n|rule|Sleep Clause Mod: Limit one foe put to sleep\n|clearpoke\n|poke|p1|Dracozolt|\n|poke|p1|Excadrill, F|\n|poke|p1|Hippowdon, F|\n|poke|p1|Gigalith, F|\n|poke|p1|Lycanroc, F|\n|poke|p1|Garchomp, M|\n|poke|p2|Venusaur, F|\n|poke|p2|Duraludon, F|\n|poke|p2|Mimikyu, F|\n|poke|p2|Farigiraf, M|\n|poke|p2|Gliscor, M|\n|poke|p2|Blaziken, M|\n|teampreview\n|inactive|Battle timer is ON: inactive players will automatically lose when time's up. (requested by Ju143)\n|\n|t:|1700606262\n|start\n|switch|p1a: Gigalith|Gigalith, F|100\/100\n|switch|p2a: Sub to MandJTV|Gliscor, M, shiny|100\/100\n|-weather|Sandstorm|[from] ability: Sand Stream|[of] p1a: Gigalith\n|turn|1\n|\n|t:|1700606269\n|move|p2a: Sub to MandJTV|Swords Dance|p2a: Sub to MandJTV\n|-boost|p2a: Sub to MandJTV|atk|2\n|move|p1a: Gigalith|Rock Slide|p2a: Sub to MandJTV\n|-damage|p2a: Sub to MandJTV|64\/100\n|\n|-weather|Sandstorm|[upkeep]\n|-status|p2a: Sub to MandJTV|tox|[from] item: Toxic Orb\n|upkeep\n|turn|2\n|\n|t:|1700606278\n|move|p2a: Sub to MandJTV|Earthquake|p1a: Gigalith\n|-supereffective|p1a: Gigalith\n|-damage|p1a: Gigalith|0 fnt\n|faint|p1a: Gigalith\n|\n|-weather|Sandstorm|[upkeep]\n|-heal|p2a: Sub to MandJTV|76\/100 tox|[from] ability: Poison Heal\n|upkeep\n|j| FailingFiat\n|\n|t:|1700606290\n|switch|p1a: Lycanroc|Lycanroc, F|100\/100\n|turn|3\n|\n|t:|1700606294\n|-zpower|p1a: Lycanroc\n|move|p1a: Lycanroc|Splintered Stormshards|p2a: Sub to MandJTV|[zeffect]\n|-damage|p2a: Sub to MandJTV|0 fnt\n|faint|p2a: Sub to MandJTV\n|\n|-weather|Sandstorm|[upkeep]\n|upkeep\n|\n|t:|1700606306\n|switch|p2a: Fe-male|Duraludon, F, shiny|100\/100\n|turn|4\n|c| FailingFiat|gyatt\n|c|\u2606Ultr4X|?\n|c| FailingFiat|litteral dumptruck\n|\n|t:|1700606334\n|move|p1a: Lycanroc|Crunch|p2a: Fe-male\n|-damage|p2a: Fe-male|68\/100\n|move|p2a: Fe-male|Flash Cannon|p1a: Lycanroc\n|-supereffective|p1a: Lycanroc\n|-damage|p1a: Lycanroc|15\/100\n|\n|-weather|Sandstorm|[upkeep]\n|upkeep\n|turn|5\n|c|\u2606Ultr4X|huh?\n|c| FailingFiat|duraladon packing\n|\n|t:|1700606343\n|switch|p1a: Excadrill|Excadrill, F|100\/100\n|move|p2a: Fe-male|Flash Cannon|p1a: Excadrill\n|-resisted|p1a: Excadrill\n|-damage|p1a: Excadrill|76\/100\n|\n|-weather|Sandstorm|[upkeep]\n|upkeep\n|turn|6\n|c|\u2606Ultr4X|dude she's a lighter\n|c|\u2606Ultr4X|and a building\n|c| FailingFiat|and?\n|\n|t:|1700606359\n|switch|p2a: Phantom|Mimikyu, F, shiny|100\/100\n|move|p1a: Excadrill|Earthquake|p2a: Phantom\n|-activate|p2a: Phantom|ability: Disguise\n|-damage|p2a: Phantom|100\/100\n|detailschange|p2a: Phantom|Mimikyu-Busted, F, shiny\n|-damage|p2a: Phantom|88\/100|[from] pokemon: Mimikyu-Busted\n|-damage|p1a: Excadrill|66\/100|[from] item: Life Orb\n|\n|-weather|Sandstorm|[upkeep]\n|-damage|p2a: Phantom|82\/100|[from] Sandstorm\n|upkeep\n|turn|7\n|c|\u2606Ultr4X|you'll get burned\n|c| FailingFiat|still smash\n|\n|t:|1700606375\n|move|p1a: Excadrill|Iron Head|p2a: Phantom\n|-supereffective|p2a: Phantom\n|-damage|p2a: Phantom|0 fnt\n|faint|p2a: Phantom\n|-damage|p1a: Excadrill|56\/100|[from] item: Life Orb\n|\n|-weather|Sandstorm|[upkeep]\n|upkeep\n|c|\u2606Ju143|rip\n|c|\u2606Ultr4X|jesus arceus christ\n|\n|t:|1700606389\n|switch|p2a: Bulby|Venusaur, F, shiny|100\/100\n|turn|8\n|c| FailingFiat|also would smash ur avatar\n|c| FailingFiat|and ju's\n|c| FailingFiat|oh my gyatt\n|c|\u2606Ju143|yo\n|c|\u2606Ju143|yo\n|inactive|Ju143 has 120 seconds left.\n|c|\u2606Ultr4X|someone ban this man\n|c|\u2606Ju143|we gotta report him\n|c|\u2606Ju143|fr\n|\n|t:|1700606425\n|switch|p1a: Garchomp|Garchomp, M|100\/100\n|detailschange|p2a: Bulby|Venusaur-Mega, F, shiny\n|-mega|p2a: Bulby|Venusaur|Venusaurite\n|move|p2a: Bulby|Energy Ball|p1a: Garchomp\n|-damage|p1a: Garchomp|44\/100\n|-unboost|p1a: Garchomp|spd|1\n|\n|-weather|none\n|upkeep\n|turn|9\n|inactive|Ju143 has 120 seconds left.\n|inactive|Ultr4X has 120 seconds left.\n|\n|t:|1700606455\n|detailschange|p1a: Garchomp|Garchomp-Mega, M\n|-mega|p1a: Garchomp|Garchomp|Garchompite\n|move|p1a: Garchomp|Scale Shot|p2a: Bulby\n|-crit|p2a: Bulby\n|-damage|p2a: Bulby|79\/100\n|-damage|p2a: Bulby|63\/100\n|-damage|p2a: Bulby|48\/100\n|-damage|p2a: Bulby|32\/100\n|-damage|p2a: Bulby|17\/100\n|-hitcount|p2a: Bulby|5\n|-unboost|p1a: Garchomp|def|1\n|-boost|p1a: Garchomp|spe|1\n|move|p2a: Bulby|Hidden Power|p1a: Garchomp\n|-supereffective|p1a: Garchomp\n|-damage|p1a: Garchomp|0 fnt\n|faint|p1a: Garchomp\n|\n|upkeep\n|\n|t:|1700606483\n|switch|p1a: Lycanroc|Lycanroc, F|15\/100\n|turn|10\n|inactive|Ultr4X has 120 seconds left.\n|c| FailingFiat|fair battle\n|c|\u2606Ju143|good match\n|c|\u2606Ju143|but i think i win\n|c| FailingFiat|nah\n|inactive|Ultr4X has 90 seconds left.\n|c|\u2606Ju143|you here?\n|c| FailingFiat|nah, id win\n|c|\u2606Ju143|ur gonna be banned\n|c|\u2606Ju143|shhhh\n|\n|t:|1700606537\n|move|p1a: Lycanroc|Accelerock|p2a: Bulby\n|-damage|p2a: Bulby|0 fnt\n|faint|p2a: Bulby\n|\n|upkeep\n|c| FailingFiat|i wont\n|c|\u2606Ultr4X|stop the timer i'm on it\n|inactiveoff|Battle timer is now OFF.\n|c|\u2606Ju143|?\n|c| FailingFiat|im on it?\n|c| FailingFiat|nani\n|c|\u2606Ultr4X|imma ban him\n|c|\u2606Ju143|ill be nice\n|c| FailingFiat|n-nani\n|c| FailingFiat|ples no ples\n|c| FailingFiat|im a nice guy, really\n|c|\u2606Ultr4X|it isn't letting me\n|c|\u2606Ju143|letting you what?\n|c| FailingFiat|phew..\n|c|\u2606Ultr4X|i can't ban him\n|c|\u2606Ju143|dont worry about it\n|c| FailingFiat|yippe\n|c|\u2606Ju143|i already reported\n|c| FailingFiat|can u guys continue battle\n|c|\u2606Ultr4X|ok let's keep on the battle\n|inactive|Battle timer is ON: inactive players will automatically lose when time's up. (requested by Ultr4X)\n|\n|t:|1700606668\n|switch|p2a: Bord|Blaziken, M, shiny|100\/100\n|turn|11\n|inactive|Ju143 has 120 seconds left.\n|c| FailingFiat|rock\n|\n|t:|1700606689\n|move|p2a: Bord|Detect|p2a: Bord\n|-singleturn|p2a: Bord|Protect\n|move|p1a: Lycanroc|Stone Edge|p2a: Bord\n|-activate|p2a: Bord|move: Protect\n|\n|-ability|p2a: Bord|Speed Boost|boost\n|-boost|p2a: Bord|spe|1\n|upkeep\n|turn|12\n|inactive|Ultr4X has 90 seconds left.\n|c|\u2606Ultr4X|rock dog vs fire bird\n|\n|t:|1700606699\n|move|p1a: Lycanroc|Accelerock|p2a: Bord\n|-damage|p2a: Bord|69\/100\n|move|p2a: Bord|Brick Break|p1a: Lycanroc\n|-supereffective|p1a: Lycanroc\n|-damage|p1a: Lycanroc|0 fnt\n|faint|p1a: Lycanroc\n|-damage|p2a: Bord|59\/100|[from] item: Life Orb\n|\n|-ability|p2a: Bord|Speed Boost|boost\n|-boost|p2a: Bord|spe|1\n|upkeep\n|\n|t:|1700606702\n|switch|p1a: Hippowdon|Hippowdon, F|100\/100\n|-weather|Sandstorm|[from] ability: Sand Stream|[of] p1a: Hippowdon\n|turn|13\n|c| FailingFiat|oow\n|\n|t:|1700606712\n|move|p2a: Bord|Detect|p2a: Bord\n|-singleturn|p2a: Bord|Protect\n|move|p1a: Hippowdon|Earthquake|p2a: Bord\n|-activate|p2a: Bord|move: Protect\n|\n|-weather|Sandstorm|[upkeep]\n|-damage|p2a: Bord|53\/100|[from] Sandstorm\n|-ability|p2a: Bord|Speed Boost|boost\n|-boost|p2a: Bord|spe|1\n|upkeep\n|turn|14\n|\n|t:|1700606721\n|move|p2a: Bord|Brick Break|p1a: Hippowdon\n|-damage|p1a: Hippowdon|57\/100\n|-damage|p2a: Bord|43\/100|[from] item: Life Orb\n|move|p1a: Hippowdon|Earthquake|p2a: Bord\n|-supereffective|p2a: Bord\n|-damage|p2a: Bord|0 fnt\n|faint|p2a: Bord\n|\n|-weather|Sandstorm|[upkeep]\n|upkeep\n|c|\u2606Ju143|ded bird vs fat hippo\n|\n|t:|1700606727\n|switch|p2a: L O N G|Farigiraf, M, shiny|100\/100\n|turn|15\n|\n|t:|1700606731\n|move|p2a: L O N G|Energy Ball|p1a: Hippowdon\n|-supereffective|p1a: Hippowdon\n|-damage|p1a: Hippowdon|18\/100\n|move|p1a: Hippowdon|Earthquake|p2a: L O N G\n|-damage|p2a: L O N G|60\/100\n|\n|-weather|Sandstorm|[upkeep]\n|-damage|p2a: L O N G|54\/100|[from] Sandstorm\n|-heal|p2a: L O N G|60\/100|[from] item: Leftovers\n|upkeep\n|turn|16\n|\n|t:|1700606741\n|move|p2a: L O N G|Energy Ball|p1a: Hippowdon\n|-supereffective|p1a: Hippowdon\n|-damage|p1a: Hippowdon|0 fnt\n|faint|p1a: Hippowdon\n|\n|-weather|Sandstorm|[upkeep]\n|-damage|p2a: L O N G|54\/100|[from] Sandstorm\n|-heal|p2a: L O N G|60\/100|[from] item: Leftovers\n|upkeep\n|\n|t:|1700606743\n|switch|p1a: Dracozolt|Dracozolt|100\/100\n|turn|17\n|inactive|Ultr4X has 120 seconds left.\n|\n|t:|1700606754\n|-terastallize|p1a: Dracozolt|Electric\n|move|p1a: Dracozolt|Bolt Beak|p2a: L O N G\n|-damage|p2a: L O N G|0 fnt\n|faint|p2a: L O N G\n|\n|-weather|Sandstorm|[upkeep]\n|upkeep\n|inactive|Ultr4X has 120 seconds left.\n|\n|t:|1700606760\n|switch|p2a: Fe-male|Duraludon, F, shiny|68\/100\n|turn|18\n|c|\u2606Ju143|gg\n|\n|t:|1700606763\n|-terastallize|p2a: Fe-male|Dragon\n|move|p1a: Dracozolt|Bolt Beak|p2a: Fe-male\n|-resisted|p2a: Fe-male\n|-damage|p2a: Fe-male|0 fnt\n|faint|p2a: Fe-male\n|\n|win|Ju143\n|raw|Ju143's rating: 1125 &rarr; <strong>1144<\/strong><br \/>(+19 for winning)\n|raw|Ultr4X's rating: 1041 &rarr; <strong>1029<\/strong><br \/>(-12 for losing)\n","uploadtime":1700606473,"views":1,"p1id":"ju143","p2id":"ultr4x","formatid":"gen9nationaldex","rating":1029,"private":0,"password":""}