{"id":"gen9nationaldex-1995191477","p1":"MonQuix","p2":"fresh yes","format":"[Gen 9] National Dex","log":"|html|<div class=\"broadcast-blue\"><strong>[Gen 9] National Dex is currently suspecting Sneasler! For information on how to participate check out the <a href=\"https:\/\/www.smogon.com\/forums\/threads\/sv-national-dex-suspect-8-just-dance.3731534\/\">suspect thread<\/a>.<\/strong><\/div>\n|j|\u2606MonQuix\n|j|\u2606fresh yes\n|t:|1700532850\n|gametype|singles\n|player|p1|MonQuix|265|1125\n|player|p2|fresh yes|shauntal|1250\n|teamsize|p1|6\n|teamsize|p2|6\n|gen|9\n|tier|[Gen 9] National Dex\n|rated|\n|rule|HP Percentage Mod: HP is shown in percentages\n|rule|Endless Battle Clause: Forcing endless battles is banned\n|rule|OHKO Clause: OHKO moves are banned\n|rule|Evasion Clause: Evasion abilities, items, and moves are banned\n|rule|Evasion Abilities Clause: Evasion abilities are banned\n|rule|Evasion Items Clause: Evasion items are banned\n|rule|Evasion Moves Clause: Evasion moves are banned\n|rule|Species Clause: Limit one of each Pok\u00e9mon\n|rule|Sleep Clause Mod: Limit one foe put to sleep\n|clearpoke\n|poke|p1|Dragonite, M|\n|poke|p1|Kingdra, M|\n|poke|p1|Pelipper, F|\n|poke|p1|Gliscor, M|\n|poke|p1|Ferrothorn, M|\n|poke|p1|Toxapex, M|\n|poke|p2|Vivillon-Sandstorm, F|\n|poke|p2|Buzzwole|\n|poke|p2|Volcarona, F|\n|poke|p2|Scizor, F|\n|poke|p2|Vikavolt, M|\n|poke|p2|Beedrill, F|\n|teampreview\n|inactive|Battle timer is ON: inactive players will automatically lose when time's up. (requested by fresh yes)\n|\n|t:|1700532864\n|start\n|switch|p1a: Ferrothorn|Ferrothorn, M|100\/100\n|switch|p2a: volt|Vikavolt, M|100\/100\n|turn|1\n|\n|t:|1700532876\n|move|p2a: volt|Sticky Web|p1a: Ferrothorn\n|-sidestart|p1: MonQuix|move: Sticky Web\n|move|p1a: Ferrothorn|Stealth Rock|p2a: volt\n|-sidestart|p2: fresh yes|move: Stealth Rock\n|\n|upkeep\n|turn|2\n|\n|t:|1700532886\n|switch|p2a: mosquito|Buzzwole|100\/100\n|-damage|p2a: mosquito|88\/100|[from] Stealth Rock\n|move|p1a: Ferrothorn|Gyro Ball|p2a: mosquito\n|-damage|p2a: mosquito|63\/100\n|\n|upkeep\n|turn|3\n|\n|t:|1700532894\n|move|p2a: mosquito|Drain Punch|p1a: Ferrothorn\n|-supereffective|p1a: Ferrothorn\n|-damage|p1a: Ferrothorn|48\/100\n|-heal|p2a: mosquito|85\/100|[from] drain|[of] p1a: Ferrothorn\n|-damage|p2a: mosquito|73\/100|[from] ability: Iron Barbs|[of] p1a: Ferrothorn\n|-damage|p2a: mosquito|56\/100|[from] item: Rocky Helmet|[of] p1a: Ferrothorn\n|move|p1a: Ferrothorn|Leech Seed|p2a: mosquito\n|-start|p2a: mosquito|move: Leech Seed\n|\n|-damage|p2a: mosquito|44\/100|[from] Leech Seed|[of] p1a: Ferrothorn\n|-heal|p1a: Ferrothorn|62\/100|[silent]\n|upkeep\n|turn|4\n|\n|t:|1700532914\n|switch|p2a: big moth|Volcarona, F|100\/100\n|move|p1a: Ferrothorn|Gyro Ball|p2a: big moth\n|-resisted|p2a: big moth\n|-damage|p2a: big moth|64\/100\n|\n|upkeep\n|turn|5\n|\n|t:|1700532925\n|switch|p1a: Pelipper|Pelipper, F|100\/100\n|-weather|RainDance|[from] ability: Drizzle|[of] p1a: Pelipper\n|move|p2a: big moth|Quiver Dance|p2a: big moth\n|-boost|p2a: big moth|spa|1\n|-boost|p2a: big moth|spd|1\n|-boost|p2a: big moth|spe|1\n|\n|-weather|RainDance|[upkeep]\n|upkeep\n|turn|6\n|\n|t:|1700532937\n|move|p2a: big moth|Quiver Dance|p2a: big moth\n|-boost|p2a: big moth|spa|1\n|-boost|p2a: big moth|spd|1\n|-boost|p2a: big moth|spe|1\n|move|p1a: Pelipper|Hurricane|p2a: big moth\n|-supereffective|p2a: big moth\n|-damage|p2a: big moth|28\/100\n|\n|-weather|RainDance|[upkeep]\n|upkeep\n|turn|7\n|\n|t:|1700532946\n|move|p2a: big moth|Giga Drain|p1a: Pelipper\n|-damage|p1a: Pelipper|20\/100\n|-heal|p2a: big moth|70\/100|[from] drain|[of] p1a: Pelipper\n|move|p1a: Pelipper|Hurricane|p2a: big moth\n|-supereffective|p2a: big moth\n|-damage|p2a: big moth|34\/100\n|\n|-weather|RainDance|[upkeep]\n|upkeep\n|turn|8\n|\n|t:|1700532962\n|switch|p1a: Ferrothorn|Ferrothorn, M|62\/100\n|-activate|p1a: Ferrothorn|move: Sticky Web\n|-unboost|p1a: Ferrothorn|spe|1\n|move|p2a: big moth|Fiery Dance|p1a: Ferrothorn\n|-supereffective|p1a: Ferrothorn\n|-damage|p1a: Ferrothorn|0 fnt\n|-boost|p2a: big moth|spa|1\n|faint|p1a: Ferrothorn\n|\n|-weather|RainDance|[upkeep]\n|upkeep\n|\n|t:|1700532977\n|switch|p1a: Kingdra|Kingdra, M, shiny|100\/100\n|-activate|p1a: Kingdra|move: Sticky Web\n|-unboost|p1a: Kingdra|spe|1\n|turn|9\n|\n|t:|1700532986\n|-terastallize|p2a: big moth|Grass\n|move|p2a: big moth|Giga Drain|p1a: Kingdra\n|-damage|p1a: Kingdra|0 fnt\n|-heal|p2a: big moth|81\/100|[from] drain|[of] p1a: Kingdra\n|faint|p1a: Kingdra\n|\n|-weather|RainDance|[upkeep]\n|upkeep\n|\n|t:|1700532995\n|switch|p1a: Dragonite|Dragonite, M|100\/100\n|turn|10\n|\n|t:|1700533007\n|move|p2a: big moth|Fiery Dance|p1a: Dragonite\n|-resisted|p1a: Dragonite\n|-damage|p1a: Dragonite|89\/100\n|-boost|p2a: big moth|spa|1\n|move|p1a: Dragonite|Hurricane|p2a: big moth\n|-supereffective|p2a: big moth\n|-damage|p2a: big moth|28\/100\n|\n|-weather|RainDance|[upkeep]\n|upkeep\n|turn|11\n|\n|t:|1700533022\n|move|p2a: big moth|Giga Drain|p1a: Dragonite\n|-resisted|p1a: Dragonite\n|-damage|p1a: Dragonite|61\/100\n|-heal|p2a: big moth|46\/100|[from] drain|[of] p1a: Dragonite\n|move|p1a: Dragonite|Hurricane|p2a: big moth\n|-supereffective|p2a: big moth\n|-damage|p2a: big moth|0 fnt\n|faint|p2a: big moth\n|\n|-weather|RainDance|[upkeep]\n|upkeep\n|\n|t:|1700533034\n|switch|p2a: betterfly|Vivillon-Sandstorm, F, shiny|100\/100\n|-damage|p2a: betterfly|50\/100|[from] Stealth Rock\n|turn|12\n|\n|t:|1700533049\n|switch|p1a: Toxapex|Toxapex, M|100\/100\n|-activate|p1a: Toxapex|move: Sticky Web\n|-unboost|p1a: Toxapex|spe|1\n|move|p2a: betterfly|Sleep Powder|p1a: Toxapex\n|-status|p1a: Toxapex|slp|[from] move: Sleep Powder\n|\n|-weather|none\n|upkeep\n|turn|13\n|\n|t:|1700533060\n|switch|p1a: Pelipper|Pelipper, F|20\/100\n|-weather|RainDance|[from] ability: Drizzle|[of] p1a: Pelipper\n|move|p2a: betterfly|Quiver Dance|p2a: betterfly\n|-boost|p2a: betterfly|spa|1\n|-boost|p2a: betterfly|spd|1\n|-boost|p2a: betterfly|spe|1\n|\n|-weather|RainDance|[upkeep]\n|upkeep\n|turn|14\n|\n|t:|1700533070\n|move|p2a: betterfly|Giga Drain|p1a: Pelipper\n|-damage|p1a: Pelipper|0 fnt\n|-heal|p2a: betterfly|61\/100|[from] drain|[of] p1a: Pelipper\n|faint|p1a: Pelipper\n|\n|-weather|RainDance|[upkeep]\n|upkeep\n|\n|t:|1700533085\n|switch|p1a: Dragonite|Dragonite, M|61\/100\n|turn|15\n|\n|t:|1700533091\n|move|p2a: betterfly|Hurricane|p1a: Dragonite\n|-damage|p1a: Dragonite|3\/100\n|move|p1a: Dragonite|Hurricane|p2a: betterfly\n|-supereffective|p2a: betterfly\n|-damage|p2a: betterfly|0 fnt\n|faint|p2a: betterfly\n|\n|-weather|RainDance|[upkeep]\n|upkeep\n|\n|t:|1700533097\n|switch|p2a: asian hornet|Beedrill, F|100\/100\n|-damage|p2a: asian hornet|75\/100|[from] Stealth Rock\n|turn|16\n|\n|t:|1700533109\n|switch|p1a: Gliscor|Gliscor, M|100\/100\n|detailschange|p2a: asian hornet|Beedrill-Mega, F\n|-mega|p2a: asian hornet|Beedrill|Beedrillite\n|move|p2a: asian hornet|Fell Stinger|p1a: Gliscor\n|-resisted|p1a: Gliscor\n|-damage|p1a: Gliscor|88\/100\n|\n|-weather|RainDance|[upkeep]\n|-status|p1a: Gliscor|tox|[from] item: Toxic Orb\n|upkeep\n|turn|17\n|\n|t:|1700533121\n|move|p2a: asian hornet|Poison Jab|p1a: Gliscor\n|-resisted|p1a: Gliscor\n|-damage|p1a: Gliscor|69\/100 tox\n|move|p1a: Gliscor|Spikes|p2a: asian hornet\n|-sidestart|p2: fresh yes|Spikes\n|\n|-weather|RainDance|[upkeep]\n|-heal|p1a: Gliscor|82\/100 tox|[from] ability: Poison Heal\n|upkeep\n|turn|18\n|\n|t:|1700533133\n|move|p2a: asian hornet|U-turn|p1a: Gliscor\n|-resisted|p1a: Gliscor\n|-damage|p1a: Gliscor|64\/100 tox\n|\n|t:|1700533145\n|switch|p2a: mosquito|Buzzwole|44\/100|[from] U-turn\n|-damage|p2a: mosquito|31\/100|[from] Stealth Rock\n|-damage|p2a: mosquito|19\/100|[from] Spikes\n|move|p1a: Gliscor|Spikes|p2a: mosquito\n|-sidestart|p2: fresh yes|Spikes\n|\n|-weather|RainDance|[upkeep]\n|-heal|p1a: Gliscor|76\/100 tox|[from] ability: Poison Heal\n|upkeep\n|turn|19\n|\n|t:|1700533158\n|move|p1a: Gliscor|Protect|p1a: Gliscor\n|-singleturn|p1a: Gliscor|Protect\n|move|p2a: mosquito|Taunt|p1a: Gliscor\n|-activate|p1a: Gliscor|move: Protect\n|\n|-weather|RainDance|[upkeep]\n|-heal|p1a: Gliscor|89\/100 tox|[from] ability: Poison Heal\n|upkeep\n|turn|20\n|\n|t:|1700533170\n|move|p1a: Gliscor|Earthquake|p2a: mosquito\n|-resisted|p2a: mosquito\n|-damage|p2a: mosquito|8\/100\n|move|p2a: mosquito|Taunt|p1a: Gliscor\n|-start|p1a: Gliscor|move: Taunt\n|\n|-weather|none\n|-heal|p1a: Gliscor|100\/100 tox|[from] ability: Poison Heal\n|upkeep\n|turn|21\n|\n|t:|1700533180\n|switch|p2a: volt|Vikavolt, M|100\/100\n|-damage|p2a: volt|76\/100|[from] Stealth Rock\n|move|p1a: Gliscor|Earthquake|p2a: volt\n|-immune|p2a: volt|[from] ability: Levitate\n|\n|upkeep\n|turn|22\n|\n|t:|1700533192\n|move|p1a: Gliscor|U-turn|p2a: volt\n|-damage|p2a: volt|60\/100\n|\n|t:|1700533196\n|switch|p1a: Toxapex|Toxapex, M|100\/100 slp|[from] U-turn\n|-activate|p1a: Toxapex|move: Sticky Web\n|-unboost|p1a: Toxapex|spe|1\n|move|p2a: volt|Air Slash|p1a: Toxapex\n|-damage|p1a: Toxapex|66\/100 slp\n|\n|-heal|p1a: Toxapex|73\/100 slp|[from] item: Black Sludge\n|upkeep\n|turn|23\n|\n|t:|1700533217\n|move|p2a: volt|Air Slash|p1a: Toxapex\n|-damage|p1a: Toxapex|38\/100 slp\n|cant|p1a: Toxapex|slp\n|\n|-heal|p1a: Toxapex|44\/100 slp|[from] item: Black Sludge\n|upkeep\n|turn|24\n|\n|t:|1700533229\n|-curestatus|p1a: Toxapex|slp|[msg]\n|move|p1a: Toxapex|Baneful Bunker|p1a: Toxapex\n|-singleturn|p1a: Toxapex|move: Protect\n|move|p2a: volt|Air Slash|p1a: Toxapex\n|-activate|p1a: Toxapex|move: Protect\n|\n|-heal|p1a: Toxapex|50\/100|[from] item: Black Sludge\n|upkeep\n|turn|25\n|\n|t:|1700533243\n|move|p2a: volt|Air Slash|p1a: Toxapex\n|-damage|p1a: Toxapex|17\/100\n|move|p1a: Toxapex|Light Screen|p1a: Toxapex\n|-sidestart|p1: MonQuix|move: Light Screen\n|\n|-heal|p1a: Toxapex|24\/100|[from] item: Black Sludge\n|upkeep\n|turn|26\n|\n|t:|1700533257\n|switch|p2a: mosquito|Buzzwole|8\/100\n|-damage|p2a: mosquito|0 fnt|[from] Stealth Rock\n|faint|p2a: mosquito\n|move|p1a: Toxapex|Light Screen||[still]\n|-fail|p1a: Toxapex\n|\n|-heal|p1a: Toxapex|30\/100|[from] item: Black Sludge\n|upkeep\n|inactive|fresh yes has 120 seconds left.\n|\n|t:|1700533309\n|switch|p2a: scissors|Scizor, F|100\/100\n|-damage|p2a: scissors|88\/100|[from] Stealth Rock\n|-damage|p2a: scissors|72\/100|[from] Spikes\n|turn|27\n|\n|t:|1700533319\n|move|p2a: scissors|Knock Off|p1a: Toxapex\n|-damage|p1a: Toxapex|0 fnt\n|-enditem|p1a: Toxapex|Black Sludge|[from] move: Knock Off|[of] p2a: scissors\n|faint|p1a: Toxapex\n|\n|upkeep\n|\n|t:|1700533343\n|switch|p1a: Dragonite|Dragonite, M|3\/100\n|turn|28\n|inactive|fresh yes has 120 seconds left.\n|inactive|fresh yes has 90 seconds left.\n|inactive|fresh yes has 60 seconds left.\n|inactive|fresh yes has 30 seconds left.\n|inactive|fresh yes has 20 seconds left.\n|inactive|fresh yes has 15 seconds left.\n|inactive|fresh yes has 10 seconds left.\n|inactive|fresh yes has 5 seconds left.\n|\n|t:|1700533466\n|move|p1a: Dragonite|Roost|p1a: Dragonite\n|-heal|p1a: Dragonite|53\/100\n|-singleturn|p1a: Dragonite|move: Roost\n|move|p2a: scissors|Knock Off|p1a: Dragonite\n|-damage|p1a: Dragonite|2\/100\n|-enditem|p1a: Dragonite|Heavy-Duty Boots|[from] move: Knock Off|[of] p2a: scissors\n|\n|upkeep\n|turn|29\n|inactive|fresh yes has 15 seconds left this turn.\n|inactive|fresh yes has 10 seconds left.\n|\n|t:|1700533481\n|switch|p2a: asian hornet|Beedrill-Mega, F|75\/100\n|-damage|p2a: asian hornet|50\/100|[from] Stealth Rock\n|-damage|p2a: asian hornet|34\/100|[from] Spikes\n|move|p1a: Dragonite|Hurricane|p2a: asian hornet\n|-supereffective|p2a: asian hornet\n|-damage|p2a: asian hornet|0 fnt\n|faint|p2a: asian hornet\n|\n|-sideend|p1: MonQuix|move: Light Screen\n|upkeep\n|inactive|fresh yes has 15 seconds left this turn.\n|\n|t:|1700533485\n|switch|p2a: scissors|Scizor, F|72\/100\n|-damage|p2a: scissors|59\/100|[from] Stealth Rock\n|-damage|p2a: scissors|43\/100|[from] Spikes\n|turn|30\n|inactive|fresh yes has 25 seconds left this turn.\n|\n|t:|1700533499\n|move|p2a: scissors|Bullet Punch|p1a: Dragonite\n|-damage|p1a: Dragonite|0 fnt\n|faint|p1a: Dragonite\n|\n|upkeep\n|inactive|fresh yes has 30 seconds left this turn.\n|\n|t:|1700533506\n|switch|p1a: Gliscor|Gliscor, M|100\/100 tox\n|turn|31\n|\n|t:|1700533515\n|move|p2a: scissors|Bullet Punch|p1a: Gliscor\n|-damage|p1a: Gliscor|69\/100 tox\n|move|p1a: Gliscor|Earthquake|p2a: scissors\n|-damage|p2a: scissors|11\/100\n|\n|-heal|p1a: Gliscor|81\/100 tox|[from] ability: Poison Heal\n|upkeep\n|turn|32\n|\n|t:|1700533522\n|move|p2a: scissors|Bullet Punch|p1a: Gliscor\n|-damage|p1a: Gliscor|51\/100 tox\n|move|p1a: Gliscor|Earthquake|p2a: scissors\n|-damage|p2a: scissors|0 fnt\n|faint|p2a: scissors\n|\n|-heal|p1a: Gliscor|64\/100 tox|[from] ability: Poison Heal\n|upkeep\n|\n|t:|1700533527\n|switch|p2a: volt|Vikavolt, M|60\/100\n|-damage|p2a: volt|35\/100|[from] Stealth Rock\n|turn|33\n|\n|t:|1700533535\n|move|p1a: Gliscor|U-turn|p2a: volt\n|-damage|p2a: volt|18\/100\n|move|p2a: volt|Hidden Power|p1a: Gliscor\n|-supereffective|p1a: Gliscor\n|-damage|p1a: Gliscor|0 fnt\n|faint|p1a: Gliscor\n|\n|win|fresh yes\n|raw|MonQuix's rating: 1125 &rarr; <strong>1109<\/strong><br \/>(-16 for losing)\n|raw|fresh yes's rating: 1250 &rarr; <strong>1266<\/strong><br \/>(+16 for winning)\n|c|\u2606MonQuix|gg\n|c|\u2606fresh yes|gg\n","uploadtime":1700533549,"views":1,"p1id":"monquix","p2id":"freshyes","formatid":"gen9nationaldex","rating":1109,"private":0,"password":""}