{"id":"gen9nationaldex-1995157540","p1":"SUPER LARIAL","p2":"Sirrawrz","format":"[Gen 9] National Dex","log":"|html|<div class=\"broadcast-blue\"><strong>[Gen 9] National Dex is currently suspecting Sneasler! For information on how to participate check out the <a href=\"https:\/\/www.smogon.com\/forums\/threads\/sv-national-dex-suspect-8-just-dance.3731534\/\">suspect thread<\/a>.<\/strong><\/div>\n|j|\u2606SUPER LARIAL\n|j|\u2606Sirrawrz\n|t:|1700529001\n|gametype|singles\n|player|p1|SUPER LARIAL|clown|1507\n|player|p2|Sirrawrz|emmet|1543\n|teamsize|p1|6\n|teamsize|p2|6\n|gen|9\n|tier|[Gen 9] National Dex\n|rated|\n|rule|HP Percentage Mod: HP is shown in percentages\n|rule|Endless Battle Clause: Forcing endless battles is banned\n|rule|OHKO Clause: OHKO moves are banned\n|rule|Evasion Clause: Evasion abilities, items, and moves are banned\n|rule|Evasion Abilities Clause: Evasion abilities are banned\n|rule|Evasion Items Clause: Evasion items are banned\n|rule|Evasion Moves Clause: Evasion moves are banned\n|rule|Species Clause: Limit one of each Pok\u00e9mon\n|rule|Sleep Clause Mod: Limit one foe put to sleep\n|clearpoke\n|poke|p1|Banette, M|\n|poke|p1|Garganacl, M|\n|poke|p1|Dondozo, F|\n|poke|p1|Smeargle, F|\n|poke|p1|Pawmot, F|\n|poke|p1|Weezing-Galar, M|\n|poke|p2|Ninetales, M|\n|poke|p2|Venusaur, M|\n|poke|p2|Jolteon, M|\n|poke|p2|Blastoise, M|\n|poke|p2|Rhydon, M|\n|poke|p2|Scyther, F|\n|teampreview\n|inactive|Battle timer is ON: inactive players will automatically lose when time's up. (requested by SUPER LARIAL)\n|\n|t:|1700529016\n|start\n|switch|p1a: Clown Buddy|Banette, M|100\/100\n|switch|p2a: Scyther|Scyther, F, shiny|100\/100\n|-item|p2a: Scyther|Choice Band|[from] ability: Frisk|[of] p1a: Clown Buddy|[identify]\n|turn|1\n|\n|t:|1700529024\n|move|p2a: Scyther|Dual Wingbeat|p1a: Clown Buddy\n|-damage|p1a: Clown Buddy|44\/100\n|-damage|p1a: Clown Buddy|0 fnt\n|faint|p1a: Clown Buddy\n|-hitcount|p1: Clown Buddy|2\n|\n|upkeep\n|\n|t:|1700529040\n|switch|p1a: Desmond|Pawmot, F|100\/100\n|turn|2\n|\n|t:|1700529047\n|switch|p2a: Jolteon|Jolteon, M, shiny|100\/100\n|move|p1a: Desmond|Fake Out|p2a: Jolteon\n|-damage|p2a: Jolteon|76\/100\n|\n|-status|p2a: Jolteon|brn|[from] item: Flame Orb\n|upkeep\n|turn|3\n|\n|t:|1700529050\n|move|p2a: Jolteon|Copycat|p2a: Jolteon\n|move|p2a: Jolteon|Fake Out|p1a: Desmond|[from]move: Copycat\n|-damage|p1a: Desmond|96\/100\n|cant|p1a: Desmond|flinch\n|\n|-damage|p2a: Jolteon|70\/100 brn|[from] brn\n|upkeep\n|turn|4\n|\n|t:|1700529061\n|switch|p2a: Rhydon|Rhydon, M, shiny|100\/100\n|move|p1a: Desmond|Revival Blessing|p1a: Desmond\n|-enditem|p1a: Desmond|Leppa Berry|[eat]\n|-activate|p1a: Desmond|item: Leppa Berry|Revival Blessing|[consumed]\n|\n|t:|1700529063\n|-heal|p1: Clown Buddy|50\/100|[from] move: Revival Blessing\n|\n|upkeep\n|turn|5\n|\n|t:|1700529075\n|switch|p1a: Seandozo|Dondozo, F|100\/100\n|move|p2a: Rhydon|Stealth Rock|p1a: Seandozo\n|-sidestart|p1: SUPER LARIAL|move: Stealth Rock\n|\n|upkeep\n|turn|6\n|\n|t:|1700529081\n|switch|p2a: Venusaur|Venusaur, M, shiny|100\/100\n|move|p1a: Seandozo|Curse|p1a: Seandozo\n|-unboost|p1a: Seandozo|spe|1\n|-boost|p1a: Seandozo|atk|1\n|-boost|p1a: Seandozo|def|1\n|\n|upkeep\n|turn|7\n|\n|t:|1700529090\n|-terastallize|p1a: Seandozo|Dragon\n|move|p2a: Venusaur|Giga Drain|p1a: Seandozo\n|-resisted|p1a: Seandozo\n|-damage|p1a: Seandozo|78\/100\n|-damage|p2a: Venusaur|91\/100|[from] item: Life Orb\n|move|p1a: Seandozo|Curse|p1a: Seandozo\n|-unboost|p1a: Seandozo|spe|1\n|-boost|p1a: Seandozo|atk|1\n|-boost|p1a: Seandozo|def|1\n|\n|-heal|p1a: Seandozo|84\/100|[from] item: Leftovers\n|upkeep\n|turn|8\n|\n|t:|1700529092\n|switch|p2a: Blastoise|Blastoise, M, shiny|100\/100\n|move|p1a: Seandozo|Curse|p1a: Seandozo\n|-unboost|p1a: Seandozo|spe|1\n|-boost|p1a: Seandozo|atk|1\n|-boost|p1a: Seandozo|def|1\n|\n|-heal|p1a: Seandozo|90\/100|[from] item: Leftovers\n|upkeep\n|turn|9\n|\n|t:|1700529097\n|move|p1a: Seandozo|Curse|p1a: Seandozo\n|-unboost|p1a: Seandozo|spe|1\n|-boost|p1a: Seandozo|atk|1\n|-boost|p1a: Seandozo|def|1\n|move|p2a: Blastoise|Dragon Tail|p1a: Seandozo\n|-supereffective|p1a: Seandozo\n|-damage|p1a: Seandozo|86\/100\n|drag|p1a: Thurmund|Smeargle, F|100\/100\n|-damage|p1a: Thurmund|88\/100|[from] Stealth Rock\n|\n|upkeep\n|turn|10\n|\n|t:|1700529106\n|switch|p2a: Jolteon|Jolteon, M, shiny|70\/100 brn\n|move|p1a: Thurmund|Trick|p2a: Jolteon\n|-activate|p1a: Thurmund|move: Trick|[of] p2a: Jolteon\n|-item|p2a: Jolteon|Choice Scarf|[from] move: Trick\n|-item|p1a: Thurmund|Flame Orb|[from] move: Trick\n|\n|-damage|p2a: Jolteon|63\/100 brn|[from] brn\n|-status|p1a: Thurmund|brn|[from] item: Flame Orb\n|upkeep\n|turn|11\n|\n|t:|1700529119\n|switch|p1a: Desmond|Pawmot, F|96\/100\n|-damage|p1a: Desmond|90\/100|[from] Stealth Rock\n|move|p2a: Jolteon|Volt Switch|p1a: Desmond\n|-heal|p1a: Desmond|100\/100|[from] ability: Volt Absorb|[of] p2a: Jolteon\n|\n|-damage|p2a: Jolteon|57\/100 brn|[from] brn\n|upkeep\n|turn|12\n|\n|t:|1700529126\n|switch|p2a: Rhydon|Rhydon, M, shiny|100\/100\n|move|p1a: Desmond|Fake Out|p2a: Rhydon\n|-resisted|p2a: Rhydon\n|-damage|p2a: Rhydon|97\/100\n|\n|upkeep\n|turn|13\n|\n|t:|1700529132\n|switch|p1a: Thurmund|Smeargle, F|88\/100 brn\n|-damage|p1a: Thurmund|76\/100 brn|[from] Stealth Rock\n|move|p2a: Rhydon|Earthquake|p1a: Thurmund\n|-damage|p1a: Thurmund|0 fnt\n|faint|p1a: Thurmund\n|\n|upkeep\n|\n|t:|1700529136\n|switch|p1a: Clown Buddy|Banette, M|50\/100\n|-damage|p1a: Clown Buddy|38\/100|[from] Stealth Rock\n|-item|p2a: Rhydon|Eviolite|[from] ability: Frisk|[of] p1a: Clown Buddy|[identify]\n|turn|14\n|\n|t:|1700529143\n|switch|p2a: Blastoise|Blastoise, M, shiny|100\/100\n|detailschange|p1a: Clown Buddy|Banette-Mega, M\n|-mega|p1a: Clown Buddy|Banette|Banettite\n|move|p1a: Clown Buddy|Destiny Bond|p1a: Clown Buddy\n|-singlemove|p1a: Clown Buddy|Destiny Bond\n|\n|upkeep\n|turn|15\n|\n|t:|1700529148\n|move|p1a: Clown Buddy|Poltergeist|p2a: Blastoise|[miss]\n|-miss|p1a: Clown Buddy|p2a: Blastoise\n|move|p2a: Blastoise|Dragon Tail|p1a: Clown Buddy\n|-damage|p1a: Clown Buddy|22\/100\n|drag|p1a: Seandozo|Dondozo, F, tera:Dragon|86\/100\n|-damage|p1a: Seandozo|74\/100|[from] Stealth Rock\n|\n|-heal|p1a: Seandozo|80\/100|[from] item: Leftovers\n|upkeep\n|turn|16\n|\n|t:|1700529157\n|move|p1a: Seandozo|Curse|p1a: Seandozo\n|-unboost|p1a: Seandozo|spe|1\n|-boost|p1a: Seandozo|atk|1\n|-boost|p1a: Seandozo|def|1\n|move|p2a: Blastoise|Dragon Tail|p1a: Seandozo|[miss]\n|-miss|p2a: Blastoise|p1a: Seandozo\n|\n|-heal|p1a: Seandozo|86\/100|[from] item: Leftovers\n|upkeep\n|turn|17\n|\n|t:|1700529160\n|move|p1a: Seandozo|Liquidation|p2a: Blastoise\n|-resisted|p2a: Blastoise\n|-damage|p2a: Blastoise|86\/100\n|-unboost|p2a: Blastoise|def|1\n|move|p2a: Blastoise|Dragon Tail|p1a: Seandozo\n|-supereffective|p1a: Seandozo\n|-damage|p1a: Seandozo|79\/100\n|drag|p1a: Clown Buddy|Banette-Mega, M|22\/100\n|-damage|p1a: Clown Buddy|10\/100|[from] Stealth Rock\n|\n|upkeep\n|turn|18\n|\n|t:|1700529169\n|switch|p2a: Rhydon|Rhydon, M, shiny|97\/100\n|move|p1a: Clown Buddy|Destiny Bond|p1a: Clown Buddy\n|-singlemove|p1a: Clown Buddy|Destiny Bond\n|\n|upkeep\n|turn|19\n|\n|t:|1700529173\n|move|p1a: Clown Buddy|Poltergeist|p2a: Rhydon\n|-activate|p2a: Rhydon|move: Poltergeist|Eviolite\n|-damage|p2a: Rhydon|61\/100\n|move|p2a: Rhydon|Earthquake|p1a: Clown Buddy\n|-damage|p1a: Clown Buddy|0 fnt\n|faint|p1a: Clown Buddy\n|\n|upkeep\n|\n|t:|1700529184\n|switch|p1a: Desmond|Pawmot, F|100\/100\n|-damage|p1a: Desmond|94\/100|[from] Stealth Rock\n|turn|20\n|\n|t:|1700529186\n|move|p1a: Desmond|Fake Out|p2a: Rhydon\n|-resisted|p2a: Rhydon\n|-damage|p2a: Rhydon|58\/100\n|cant|p2a: Rhydon|flinch\n|\n|upkeep\n|turn|21\n|\n|t:|1700529188\n|move|p1a: Desmond|Revival Blessing|p1a: Desmond\n|\n|t:|1700529190\n|-heal|p1: Clown Buddy|50\/100|[from] move: Revival Blessing\n|move|p2a: Rhydon|Earthquake|p1a: Desmond\n|-supereffective|p1a: Desmond\n|-damage|p1a: Desmond|0 fnt\n|faint|p1a: Desmond\n|\n|upkeep\n|\n|t:|1700529201\n|switch|p1a: Seandozo|Dondozo, F, tera:Dragon|79\/100\n|-damage|p1a: Seandozo|67\/100|[from] Stealth Rock\n|turn|22\n|\n|t:|1700529209\n|switch|p2a: Venusaur|Venusaur, M, shiny|91\/100\n|move|p1a: Seandozo|Liquidation|p2a: Venusaur\n|-resisted|p2a: Venusaur\n|-damage|p2a: Venusaur|73\/100\n|\n|-heal|p1a: Seandozo|73\/100|[from] item: Leftovers\n|upkeep\n|turn|23\n|\n|t:|1700529214\n|move|p2a: Venusaur|Sludge Bomb|p1a: Seandozo\n|-damage|p1a: Seandozo|21\/100\n|-damage|p2a: Venusaur|63\/100|[from] item: Life Orb\n|move|p1a: Seandozo|Curse|p1a: Seandozo\n|-unboost|p1a: Seandozo|spe|1\n|-boost|p1a: Seandozo|atk|1\n|-boost|p1a: Seandozo|def|1\n|\n|-heal|p1a: Seandozo|27\/100|[from] item: Leftovers\n|upkeep\n|turn|24\n|\n|t:|1700529221\n|switch|p1a: TreeBobTheFriendly|Weezing-Galar, M|100\/100\n|-ability|p1a: TreeBobTheFriendly|Neutralizing Gas\n|-damage|p1a: TreeBobTheFriendly|88\/100|[from] Stealth Rock\n|move|p2a: Venusaur|Giga Drain|p1a: TreeBobTheFriendly\n|-resisted|p1a: TreeBobTheFriendly\n|-damage|p1a: TreeBobTheFriendly|58\/100\n|-heal|p2a: Venusaur|79\/100|[from] drain|[of] p1a: TreeBobTheFriendly\n|-damage|p2a: Venusaur|69\/100|[from] item: Life Orb\n|\n|-heal|p1a: TreeBobTheFriendly|64\/100|[from] item: Leftovers\n|upkeep\n|turn|25\n|\n|t:|1700529230\n|move|p2a: Venusaur|Sludge Bomb|p1a: TreeBobTheFriendly\n|-damage|p1a: TreeBobTheFriendly|0 fnt\n|faint|p1a: TreeBobTheFriendly\n|-end|p1a: TreeBobTheFriendly|ability: Neutralizing Gas\n|-damage|p2a: Venusaur|59\/100|[from] item: Life Orb\n|\n|upkeep\n|\n|t:|1700529236\n|switch|p1a: Clown Buddy|Banette-Mega, M|50\/100\n|-damage|p1a: Clown Buddy|38\/100|[from] Stealth Rock\n|turn|26\n|\n|t:|1700529242\n|switch|p2a: Rhydon|Rhydon, M, shiny|58\/100\n|move|p1a: Clown Buddy|Swords Dance|p1a: Clown Buddy\n|-boost|p1a: Clown Buddy|atk|2\n|\n|upkeep\n|turn|27\n|\n|t:|1700529245\n|move|p1a: Clown Buddy|Poltergeist|p2a: Rhydon\n|-activate|p2a: Rhydon|move: Poltergeist|Eviolite\n|-damage|p2a: Rhydon|0 fnt\n|faint|p2a: Rhydon\n|\n|upkeep\n|\n|t:|1700529251\n|switch|p2a: Scyther|Scyther, F, shiny|100\/100\n|turn|28\n|\n|t:|1700529257\n|move|p1a: Clown Buddy|Destiny Bond|p1a: Clown Buddy\n|-singlemove|p1a: Clown Buddy|Destiny Bond\n|move|p2a: Scyther|Knock Off|p1a: Clown Buddy\n|-supereffective|p1a: Clown Buddy\n|-damage|p1a: Clown Buddy|0 fnt\n|faint|p1a: Clown Buddy\n|-activate|p1a: Clown Buddy|move: Destiny Bond\n|faint|p2a: Scyther\n|\n|upkeep\n|\n|t:|1700529261\n|switch|p2a: Venusaur|Venusaur, M, shiny|59\/100\n|switch|p1a: Aidanacl|Garganacl, M|100\/100\n|-damage|p1a: Aidanacl|88\/100|[from] Stealth Rock\n|turn|29\n|\n|t:|1700529264\n|move|p2a: Venusaur|Giga Drain|p1a: Aidanacl\n|-supereffective|p1a: Aidanacl\n|-damage|p1a: Aidanacl|26\/100\n|-heal|p2a: Venusaur|100\/100|[from] drain|[of] p1a: Aidanacl\n|-damage|p2a: Venusaur|91\/100|[from] item: Life Orb\n|move|p1a: Aidanacl|Salt Cure|p2a: Venusaur\n|-damage|p2a: Venusaur|71\/100\n|-start|p2a: Venusaur|Salt Cure\n|\n|-heal|p1a: Aidanacl|32\/100|[from] item: Leftovers\n|-damage|p2a: Venusaur|58\/100|[from] Salt Cure\n|upkeep\n|turn|30\n|\n|t:|1700529270\n|move|p2a: Venusaur|Giga Drain|p1a: Aidanacl\n|-supereffective|p1a: Aidanacl\n|-damage|p1a: Aidanacl|0 fnt\n|-heal|p2a: Venusaur|80\/100|[from] drain|[of] p1a: Aidanacl\n|faint|p1a: Aidanacl\n|-damage|p2a: Venusaur|70\/100|[from] item: Life Orb\n|\n|-damage|p2a: Venusaur|58\/100|[from] Salt Cure\n|upkeep\n|\n|t:|1700529272\n|switch|p1a: Seandozo|Dondozo, F, tera:Dragon|27\/100\n|-damage|p1a: Seandozo|15\/100|[from] Stealth Rock\n|turn|31\n|c|\u2606Sirrawrz|good game good stall team\n|\n|t:|1700529284\n|move|p2a: Venusaur|Sludge Bomb|p1a: Seandozo\n|-damage|p1a: Seandozo|0 fnt\n|faint|p1a: Seandozo\n|-damage|p2a: Venusaur|48\/100|[from] item: Life Orb\n|\n|win|Sirrawrz\n|raw|SUPER LARIAL's rating: 1507 &rarr; <strong>1489<\/strong><br \/>(-18 for losing)\n|raw|Sirrawrz's rating: 1543 &rarr; <strong>1561<\/strong><br \/>(+18 for winning)\n","uploadtime":1700529289,"views":1,"p1id":"superlarial","p2id":"sirrawrz","formatid":"gen9nationaldex","rating":1489,"private":0,"password":""}