{"id":"gen9nationaldex-1987814147","p1":"Nasier234","p2":"Click Duh X\"","format":"[Gen 9] National Dex","log":"|j|\u2606Nasier234\n|j|\u2606Click Duh X\"\n|t:|1699639291\n|gametype|singles\n|player|p1|Nasier234|lucas|1097\n|player|p2|Click Duh X\"|ghetsis|1000\n|teamsize|p1|6\n|teamsize|p2|6\n|gen|9\n|tier|[Gen 9] National Dex\n|rated|\n|rule|HP Percentage Mod: HP is shown in percentages\n|rule|Endless Battle Clause: Forcing endless battles is banned\n|rule|OHKO Clause: OHKO moves are banned\n|rule|Evasion Clause: Evasion abilities, items, and moves are banned\n|rule|Evasion Abilities Clause: Evasion abilities are banned\n|rule|Evasion Items Clause: Evasion items are banned\n|rule|Evasion Moves Clause: Evasion moves are banned\n|rule|Species Clause: Limit one of each Pok\u00e9mon\n|rule|Sleep Clause Mod: Limit one foe put to sleep\n|clearpoke\n|poke|p1|Politoed, M|\n|poke|p1|Zoroark-Hisui, M|\n|poke|p1|Scizor, F|\n|poke|p1|Weavile, F|\n|poke|p1|Raichu, M|\n|poke|p1|Sylveon, F|\n|poke|p2|Salazzle, F|\n|poke|p2|Magnemite, L1|\n|poke|p2|Probopass, L2, F|\n|poke|p2|Mandibuzz, F|\n|poke|p2|Nosepass, L1, M|\n|poke|p2|Tentacruel, F|\n|teampreview\n|c|\u2606Nasier234|yo\n|\n|t:|1699639319\n|start\n|switch|p1a: Politoed|Politoed, M|100\/100\n|switch|p2a: Sh\ud83d\udca9tsquid|Tentacruel, F|100\/100\n|-weather|RainDance|[from] ability: Drizzle|[of] p1a: Politoed\n|turn|1\n|inactive|Battle timer is ON: inactive players will automatically lose when time's up. (requested by Click Duh X\")\n|\n|t:|1699639356\n|move|p2a: Sh\ud83d\udca9tsquid|Toxic|p1a: Politoed\n|-status|p1a: Politoed|tox\n|move|p1a: Politoed|Psychic|p2a: Sh\ud83d\udca9tsquid\n|-supereffective|p2a: Sh\ud83d\udca9tsquid\n|-damage|p2a: Sh\ud83d\udca9tsquid|54\/100\n|\n|-weather|RainDance|[upkeep]\n|-heal|p2a: Sh\ud83d\udca9tsquid|60\/100|[from] item: Leftovers\n|-damage|p1a: Politoed|94\/100 tox|[from] psn\n|upkeep\n|turn|2\n|\n|t:|1699639379\n|switch|p2a: Literally Level 1|Magnemite, L1|100\/100\n|move|p1a: Politoed|Psychic|p2a: Literally Level 1\n|-resisted|p2a: Literally Level 1\n|-ability|p2a: Literally Level 1|Sturdy\n|-damage|p2a: Literally Level 1|10\/100\n|-enditem|p2a: Literally Level 1|Berry Juice\n|-heal|p2a: Literally Level 1|100\/100|[from] item: Berry Juice\n|\n|-weather|RainDance|[upkeep]\n|-damage|p1a: Politoed|82\/100 tox|[from] psn\n|upkeep\n|turn|3\n|\n|t:|1699639394\n|-terastallize|p1a: Politoed|Grass\n|move|p1a: Politoed|Water Pulse|p2a: Literally Level 1\n|-ability|p2a: Literally Level 1|Sturdy\n|-damage|p2a: Literally Level 1|10\/100\n|move|p2a: Literally Level 1|Recycle|p2a: Literally Level 1\n|-item|p2a: Literally Level 1|Berry Juice|[from] move: Recycle\n|-enditem|p2a: Literally Level 1|Berry Juice\n|-heal|p2a: Literally Level 1|100\/100|[from] item: Berry Juice\n|\n|-weather|RainDance|[upkeep]\n|-damage|p1a: Politoed|64\/100 tox|[from] psn\n|upkeep\n|turn|4\n|c|\u2606Click Duh X\"|???\n|\n|t:|1699639407\n|move|p2a: Literally Level 1|Protect|p2a: Literally Level 1\n|-singleturn|p2a: Literally Level 1|Protect\n|move|p1a: Politoed|Psychic|p2a: Literally Level 1\n|-activate|p2a: Literally Level 1|move: Protect\n|\n|-weather|RainDance|[upkeep]\n|-damage|p1a: Politoed|39\/100 tox|[from] psn\n|upkeep\n|turn|5\n|c|\u2606Nasier234|????\n|\n|t:|1699639431\n|move|p1a: Politoed|Psychic|p2a: Literally Level 1\n|-resisted|p2a: Literally Level 1\n|-ability|p2a: Literally Level 1|Sturdy\n|-damage|p2a: Literally Level 1|10\/100\n|move|p2a: Literally Level 1|Recycle|p2a: Literally Level 1\n|-item|p2a: Literally Level 1|Berry Juice|[from] move: Recycle\n|-enditem|p2a: Literally Level 1|Berry Juice\n|-heal|p2a: Literally Level 1|100\/100|[from] item: Berry Juice\n|\n|-weather|none\n|-damage|p1a: Politoed|8\/100 tox|[from] psn\n|upkeep\n|-enditem|p1a: Politoed|Aguav Berry|[eat]\n|-heal|p1a: Politoed|41\/100 tox|[from] item: Aguav Berry\n|turn|6\n|c|\u2606Click Duh X\"|you no idea wtf ur doing, do you\n|\n|t:|1699639445\n|switch|p1a: Sylveon|Sylveon, F, shiny|100\/100\n|move|p2a: Literally Level 1|Recycle|p2a: Literally Level 1\n|-item|p2a: Literally Level 1|Berry Juice|[from] move: Recycle\n|\n|upkeep\n|turn|7\n|\n|t:|1699639454\n|move|p1a: Sylveon|Psyshock|p2a: Literally Level 1\n|-resisted|p2a: Literally Level 1\n|-ability|p2a: Literally Level 1|Sturdy\n|-damage|p2a: Literally Level 1|10\/100\n|-enditem|p2a: Literally Level 1|Berry Juice\n|-heal|p2a: Literally Level 1|100\/100|[from] item: Berry Juice\n|move|p2a: Literally Level 1|Toxic|p1a: Sylveon|[miss]\n|-miss|p2a: Literally Level 1|p1a: Sylveon\n|\n|upkeep\n|turn|8\n|\n|t:|1699639466\n|switch|p1a: Politoed|Politoed, M|100\/100\n|move|p2a: Literally Level 1|Recycle|p2a: Literally Level 1\n|-item|p2a: Literally Level 1|Berry Juice|[from] move: Recycle\n|\n|upkeep\n|-start|p1a: Politoed|typechange|Grass|[silent]\n|turn|9\n|\n|t:|1699639494\n|move|p2a: Literally Level 1|Protect|p2a: Literally Level 1\n|-singleturn|p2a: Literally Level 1|Protect\n|move|p1a: Politoed|Dark Pulse|p2a: Literally Level 1\n|-activate|p2a: Literally Level 1|move: Protect\n|\n|upkeep\n|turn|10\n|\n|t:|1699639502\n|switch|p2a: Sh\ud83d\udca9tbird|Mandibuzz, F|100\/100\n|move|p1a: Politoed|Dark Pulse|p2a: Sh\ud83d\udca9tbird\n|-resisted|p2a: Sh\ud83d\udca9tbird\n|-damage|p2a: Sh\ud83d\udca9tbird|84\/100\n|\n|upkeep\n|turn|11\n|\n|t:|1699639510\n|switch|p1a: Raichu|Raichu, M, shiny|100\/100\n|move|p2a: Sh\ud83d\udca9tbird|Toxic|p1a: Raichu\n|-status|p1a: Raichu|tox\n|\n|-damage|p1a: Raichu|94\/100 tox|[from] psn\n|upkeep\n|turn|12\n|\n|t:|1699639525\n|switch|p2a: Literally Level 1|Magnemite, L1|100\/100\n|move|p1a: Raichu|Thunder Wave|p2a: Literally Level 1\n|-immune|p2a: Literally Level 1\n|\n|-damage|p1a: Raichu|82\/100 tox|[from] psn\n|upkeep\n|turn|13\n|c|\u2606Click Duh X\"|level 1\n|\n|t:|1699639534\n|switch|p1a: Scizor|Scizor, F|100\/100\n|move|p2a: Literally Level 1|Recycle||[still]\n|-fail|p2a: Literally Level 1\n|\n|upkeep\n|turn|14\n|c|\u2606Click Duh X\"|c'mon bro\n|c|\u2606Nasier234|I have no stat moves\n|c|\u2606Nasier234|I'm screwed\n|\n|t:|1699639553\n|switch|p2a: Sh\ud83d\udca9tbird|Mandibuzz, F|84\/100\n|move|p1a: Scizor|X-Scissor|p2a: Sh\ud83d\udca9tbird\n|-damage|p2a: Sh\ud83d\udca9tbird|58\/100\n|\n|upkeep\n|turn|15\n|c|\u2606Click Duh X\"|then your team is bad lol\n|\n|t:|1699639560\n|detailschange|p1a: Scizor|Scizor-Mega, F\n|-mega|p1a: Scizor|Scizor|Scizorite\n|move|p1a: Scizor|Close Combat|p2a: Sh\ud83d\udca9tbird\n|-damage|p2a: Sh\ud83d\udca9tbird|31\/100\n|-unboost|p1a: Scizor|def|1\n|-unboost|p1a: Scizor|spd|1\n|move|p2a: Sh\ud83d\udca9tbird|Roost|p2a: Sh\ud83d\udca9tbird\n|-heal|p2a: Sh\ud83d\udca9tbird|81\/100\n|-singleturn|p2a: Sh\ud83d\udca9tbird|move: Roost\n|\n|upkeep\n|turn|16\n|\n|t:|1699639571\n|move|p1a: Scizor|Bullet Punch|p2a: Sh\ud83d\udca9tbird\n|-damage|p2a: Sh\ud83d\udca9tbird|61\/100\n|move|p2a: Sh\ud83d\udca9tbird|Foul Play|p1a: Scizor\n|-damage|p1a: Scizor|11\/100\n|\n|upkeep\n|turn|17\n|\n|t:|1699639586\n|move|p1a: Scizor|Bullet Punch|p2a: Sh\ud83d\udca9tbird\n|-damage|p2a: Sh\ud83d\udca9tbird|37\/100\n|move|p2a: Sh\ud83d\udca9tbird|Roost|p2a: Sh\ud83d\udca9tbird\n|-heal|p2a: Sh\ud83d\udca9tbird|87\/100\n|-singleturn|p2a: Sh\ud83d\udca9tbird|move: Roost\n|\n|upkeep\n|turn|18\n|\n|t:|1699639597\n|switch|p1a: Raichu|Raichu, M, shiny|82\/100 tox\n|move|p2a: Sh\ud83d\udca9tbird|Foul Play|p1a: Raichu\n|-damage|p1a: Raichu|33\/100 tox\n|\n|-damage|p1a: Raichu|27\/100 tox|[from] psn\n|upkeep\n|turn|19\n|\n|t:|1699639609\n|switch|p1a: Weavile|Weavile, F|100\/100\n|-ability|p1a: Weavile|Pressure\n|switch|p2a: Literally Level 1|Magnemite, L1|100\/100\n|\n|upkeep\n|turn|20\n|\n|t:|1699639619\n|move|p1a: Weavile|Brick Break|p2a: Literally Level 1\n|-supereffective|p2a: Literally Level 1\n|-ability|p2a: Literally Level 1|Sturdy\n|-damage|p2a: Literally Level 1|10\/100\n|-enditem|p2a: Literally Level 1|Berry Juice\n|-heal|p2a: Literally Level 1|100\/100|[from] item: Berry Juice\n|move|p2a: Literally Level 1|Toxic|p1a: Weavile\n|-status|p1a: Weavile|tox\n|\n|-damage|p1a: Weavile|94\/100 tox|[from] psn\n|upkeep\n|turn|21\n|c|\u2606Click Duh X\"|wow, no triple axel or knock off???\n|\n|t:|1699639630\n|move|p1a: Weavile|Brick Break|p2a: Literally Level 1\n|-supereffective|p2a: Literally Level 1\n|-ability|p2a: Literally Level 1|Sturdy\n|-damage|p2a: Literally Level 1|10\/100\n|move|p2a: Literally Level 1|Recycle|p2a: Literally Level 1\n|-item|p2a: Literally Level 1|Berry Juice|[from] move: Recycle\n|-enditem|p2a: Literally Level 1|Berry Juice\n|-heal|p2a: Literally Level 1|100\/100|[from] item: Berry Juice\n|\n|-damage|p1a: Weavile|82\/100 tox|[from] psn\n|upkeep\n|turn|22\n|c|\u2606Nasier234|I have learned my lesson\n|inactive|Nasier234 has 120 seconds left.\n|\n|t:|1699639661\n|switch|p1a: Politoed|Politoed, M|100\/100\n|move|p2a: Literally Level 1|Recycle|p2a: Literally Level 1\n|-item|p2a: Literally Level 1|Berry Juice|[from] move: Recycle\n|\n|upkeep\n|turn|23\n|inactive|Nasier234 has 120 seconds left.\n|c|\u2606Nasier234|I shall forfit\n|c|\u2606Nasier234|thank you wise one\n|-message|Nasier234 forfeited.\n|\n|win|Click Duh X\"\n|raw|Nasier234's rating: 1097 &rarr; <strong>1066<\/strong><br \/>(-31 for losing)\n|raw|Click Duh X&quot;'s rating: 1000 &rarr; <strong>1051<\/strong><br \/>(+51 for winning)\n|l|\u2606Nasier234\n","uploadtime":1699639694,"views":4,"p1id":"nasier234","p2id":"clickduhx","formatid":"gen9nationaldex","rating":1051,"private":0,"password":""}