{"id":"gen9nationaldex-1992265625","p1":"Cashdatrox1236","p2":"NeroFireSpeed","format":"[Gen 9] National Dex","log":"|j|\u2606Cashdatrox1236\n|j|\u2606NeroFireSpeed\n|t:|1700169081\n|gametype|singles\n|player|p1|Cashdatrox1236|lucas|1084\n|player|p2|NeroFireSpeed|unknown|1015\n|teamsize|p1|6\n|teamsize|p2|6\n|gen|9\n|tier|[Gen 9] National Dex\n|rated|\n|rule|HP Percentage Mod: HP is shown in percentages\n|rule|Endless Battle Clause: Forcing endless battles is banned\n|rule|OHKO Clause: OHKO moves are banned\n|rule|Evasion Clause: Evasion abilities, items, and moves are banned\n|rule|Evasion Abilities Clause: Evasion abilities are banned\n|rule|Evasion Items Clause: Evasion items are banned\n|rule|Evasion Moves Clause: Evasion moves are banned\n|rule|Species Clause: Limit one of each Pok\u00e9mon\n|rule|Sleep Clause Mod: Limit one foe put to sleep\n|clearpoke\n|poke|p1|Gliscor, M|\n|poke|p1|Samurott-Hisui, F|\n|poke|p1|Xurkitree|\n|poke|p1|Scizor, M|\n|poke|p1|Blaziken, M|\n|poke|p1|Serperior, M|\n|poke|p2|Zoroark, M|\n|poke|p2|Pyroar, M|\n|poke|p2|Flapple, M|\n|poke|p2|Gallade, M|\n|poke|p2|Cetitan, M|\n|poke|p2|Clawitzer, M|\n|teampreview\n|\n|t:|1700169101\n|start\n|switch|p1a: Gliscor|Gliscor, M|100\/100\n|switch|p2a: Flapple|Flapple, M|100\/100\n|turn|1\n|\n|t:|1700169111\n|-terastallize|p1a: Gliscor|Flying\n|move|p1a: Gliscor|Dual Wingbeat|p2a: Flapple\n|-supereffective|p2a: Flapple\n|-damage|p2a: Flapple|31\/100\n|-supereffective|p2a: Flapple\n|-damage|p2a: Flapple|0 fnt\n|faint|p2a: Flapple\n|-hitcount|p2: Flapple|2\n|\n|-status|p1a: Gliscor|tox|[from] item: Toxic Orb\n|upkeep\n|\n|t:|1700169115\n|switch|p2a: Gallade|Gallade, M|100\/100\n|turn|2\n|\n|t:|1700169124\n|detailschange|p2a: Gallade|Gallade-Mega, M\n|-mega|p2a: Gallade|Gallade|Galladite\n|move|p2a: Gallade|Triple Axel|p1a: Gliscor\n|-supereffective|p1a: Gliscor\n|-damage|p1a: Gliscor|83\/100 tox\n|-supereffective|p1a: Gliscor\n|-damage|p1a: Gliscor|48\/100 tox\n|-supereffective|p1a: Gliscor\n|-damage|p1a: Gliscor|2\/100 tox\n|-hitcount|p1a: Gliscor|3\n|move|p1a: Gliscor|Dual Wingbeat|p2a: Gallade\n|-supereffective|p2a: Gallade\n|-damage|p2a: Gallade|46\/100\n|-supereffective|p2a: Gallade\n|-damage|p2a: Gallade|0 fnt\n|faint|p2a: Gallade\n|-hitcount|p2: Gallade|2\n|\n|-heal|p1a: Gliscor|15\/100 tox|[from] ability: Poison Heal\n|upkeep\n|\n|t:|1700169132\n|switch|p2a: Pyroar|Pyroar, M|100\/100\n|turn|3\n|\n|t:|1700169145\n|move|p2a: Pyroar|Hyper Voice|p1a: Gliscor\n|-damage|p1a: Gliscor|0 fnt\n|faint|p1a: Gliscor\n|-ability|p2a: Pyroar|Moxie|boost\n|-boost|p2a: Pyroar|atk|1\n|-enditem|p2a: Pyroar|Throat Spray\n|-boost|p2a: Pyroar|spa|1|[from] item: Throat Spray\n|\n|upkeep\n|\n|t:|1700169152\n|switch|p1a: Blaziken|Blaziken, M, shiny|100\/100\n|turn|4\n|\n|t:|1700169161\n|-terastallize|p2a: Pyroar|Electric\n|move|p2a: Pyroar|Tera Blast|p1a: Blaziken|[anim] Tera Blast Electric\n|-damage|p1a: Blaziken|30\/100\n|move|p1a: Blaziken|Brick Break|p2a: Pyroar\n|-damage|p2a: Pyroar|41\/100\n|\n|-ability|p1a: Blaziken|Speed Boost|boost\n|-boost|p1a: Blaziken|spe|1\n|upkeep\n|turn|5\n|\n|t:|1700169176\n|move|p2a: Pyroar|Hyper Voice|p1a: Blaziken\n|-damage|p1a: Blaziken|0 fnt\n|faint|p1a: Blaziken\n|-ability|p2a: Pyroar|Moxie|boost\n|-boost|p2a: Pyroar|atk|1\n|\n|upkeep\n|\n|t:|1700169184\n|switch|p1a: Xurkitree|Xurkitree|100\/100\n|turn|6\n|\n|t:|1700169189\n|move|p2a: Pyroar|Fire Blast|p1a: Xurkitree\n|-damage|p1a: Xurkitree|41\/100\n|move|p1a: Xurkitree|Energy Ball|p2a: Pyroar\n|-damage|p2a: Pyroar|0 fnt\n|faint|p2a: Pyroar\n|-ability|p1a: Xurkitree|Beast Boost|boost\n|-boost|p1a: Xurkitree|spa|1\n|\n|upkeep\n|\n|t:|1700169198\n|switch|p2a: Cetitan|Cetitan, M|100\/100\n|turn|7\n|\n|t:|1700169206\n|move|p2a: Cetitan|Night Daze|p1a: Xurkitree\n|-damage|p1a: Xurkitree|4\/100\n|move|p1a: Xurkitree|Discharge|p2a: Cetitan\n|-damage|p2a: Cetitan|0 fnt\n|replace|p2a: Zoroark|Zoroark, M\n|-end|p2a: Zoroark|Illusion\n|faint|p2a: Zoroark\n|-ability|p1a: Xurkitree|Beast Boost|boost\n|-boost|p1a: Xurkitree|spa|1\n|\n|upkeep\n|\n|t:|1700169214\n|switch|p2a: Cetitan|Cetitan, M|100\/100\n|turn|8\n|\n|t:|1700169219\n|move|p2a: Cetitan|Ice Shard|p1a: Xurkitree\n|-crit|p1a: Xurkitree\n|-damage|p1a: Xurkitree|0 fnt\n|faint|p1a: Xurkitree\n|-damage|p2a: Cetitan|91\/100|[from] item: Life Orb\n|\n|upkeep\n|\n|t:|1700169226\n|switch|p1a: Scizor|Scizor, M|100\/100\n|turn|9\n|\n|t:|1700169234\n|switch|p2a: Clawitzer|Clawitzer, M|100\/100\n|detailschange|p1a: Scizor|Scizor-Mega, M\n|-mega|p1a: Scizor|Scizor|Scizorite\n|move|p1a: Scizor|Bullet Punch|p2a: Clawitzer\n|-resisted|p2a: Clawitzer\n|-damage|p2a: Clawitzer|81\/100\n|\n|upkeep\n|turn|10\n|\n|t:|1700169244\n|move|p1a: Scizor|Bug Buzz|p2a: Clawitzer\n|-crit|p2a: Clawitzer\n|-damage|p2a: Clawitzer|56\/100\n|-unboost|p2a: Clawitzer|spd|1\n|move|p2a: Clawitzer|Aura Sphere|p1a: Scizor\n|-damage|p1a: Scizor|60\/100\n|\n|upkeep\n|turn|11\n|\n|t:|1700169254\n|move|p1a: Scizor|Bug Buzz|p2a: Clawitzer\n|-damage|p2a: Clawitzer|33\/100\n|move|p2a: Clawitzer|Aura Sphere|p1a: Scizor\n|-damage|p1a: Scizor|16\/100\n|\n|upkeep\n|turn|12\n|\n|t:|1700169262\n|move|p1a: Scizor|Bug Buzz|p2a: Clawitzer\n|-damage|p2a: Clawitzer|9\/100\n|move|p2a: Clawitzer|Water Pulse|p1a: Scizor\n|-damage|p1a: Scizor|0 fnt\n|faint|p1a: Scizor\n|\n|upkeep\n|\n|t:|1700169270\n|switch|p1a: Serperior|Serperior, M|100\/100\n|turn|13\n|\n|t:|1700169276\n|move|p1a: Serperior|Leaf Blade|p2a: Clawitzer\n|-supereffective|p2a: Clawitzer\n|-damage|p2a: Clawitzer|0 fnt\n|faint|p2a: Clawitzer\n|\n|upkeep\n|\n|t:|1700169279\n|switch|p2a: Cetitan|Cetitan, M|91\/100\n|turn|14\n|\n|t:|1700169285\n|move|p2a: Cetitan|Ice Shard|p1a: Serperior\n|-supereffective|p1a: Serperior\n|-damage|p1a: Serperior|33\/100\n|-damage|p2a: Cetitan|81\/100|[from] item: Life Orb\n|move|p1a: Serperior|Iron Tail|p2a: Cetitan\n|-supereffective|p2a: Cetitan\n|-damage|p2a: Cetitan|35\/100\n|\n|upkeep\n|turn|15\n|\n|t:|1700169294\n|switch|p1a: Samurott|Samurott-Hisui, F|100\/100\n|move|p2a: Cetitan|Ice Shard|p1a: Samurott\n|-resisted|p1a: Samurott\n|-damage|p1a: Samurott|84\/100\n|-damage|p2a: Cetitan|25\/100|[from] item: Life Orb\n|\n|upkeep\n|turn|16\n|\n|t:|1700169304\n|move|p1a: Samurott|Ceaseless Edge|p2a: Cetitan\n|-damage|p2a: Cetitan|0 fnt\n|-sidestart|p2: NeroFireSpeed|Spikes\n|faint|p2a: Cetitan\n|\n|win|Cashdatrox1236\n|raw|Cashdatrox1236's rating: 1084 &rarr; <strong>1106<\/strong><br \/>(+22 for winning)\n|raw|NeroFireSpeed's rating: 1015 &rarr; <strong>1005<\/strong><br \/>(-10 for losing)\n|l|\u2606NeroFireSpeed\n|c|\u2606Cashdatrox1236|Gg\n|l|\u2606Cashdatrox1236\n|j|\u2606Cashdatrox1236\n|player|p1|Cashdatrox1236|lucas\n","uploadtime":1700169343,"views":17,"p1id":"cashdatrox1236","p2id":"nerofirespeed","formatid":"gen9nationaldex","rating":1005,"private":0,"password":""}