{"id":"gen9nationaldex-1993088979","p1":"T_in_a_Cup","p2":"Fealieya","format":"[Gen 9] National Dex","log":"|j|\u2606T_in_a_Cup\n|j|\u2606Fealieya\n|t:|1700263450\n|gametype|singles\n|player|p1|T_in_a_Cup|ninjaboy|1143\n|player|p2|Fealieya|266|1182\n|teamsize|p1|6\n|teamsize|p2|6\n|gen|9\n|tier|[Gen 9] National Dex\n|rated|\n|rule|HP Percentage Mod: HP is shown in percentages\n|rule|Endless Battle Clause: Forcing endless battles is banned\n|rule|OHKO Clause: OHKO moves are banned\n|rule|Evasion Clause: Evasion abilities, items, and moves are banned\n|rule|Evasion Abilities Clause: Evasion abilities are banned\n|rule|Evasion Items Clause: Evasion items are banned\n|rule|Evasion Moves Clause: Evasion moves are banned\n|rule|Species Clause: Limit one of each Pok\u00e9mon\n|rule|Sleep Clause Mod: Limit one foe put to sleep\n|clearpoke\n|poke|p1|Golisopod, M|\n|poke|p1|Grafaiai, M|\n|poke|p1|Rotom-Frost|\n|poke|p1|Breloom, M|\n|poke|p1|Houndstone, F|\n|poke|p1|Garganacl, F|\n|poke|p2|Alomomola, M|\n|poke|p2|Toxapex, M|\n|poke|p2|Moltres|\n|poke|p2|Pikachu, F|\n|poke|p2|Mawile, M|\n|poke|p2|Corviknight, M|\n|teampreview\n|inactive|Battle timer is ON: inactive players will automatically lose when time's up. (requested by Fealieya)\n|\n|t:|1700263457\n|start\n|switch|p1a: Garganacl|Garganacl, F|100\/100\n|switch|p2a: Alomomola|Alomomola, M|100\/100\n|turn|1\n|\n|t:|1700263463\n|move|p2a: Alomomola|Scald|p1a: Garganacl\n|-supereffective|p1a: Garganacl\n|-damage|p1a: Garganacl|80\/100\n|move|p1a: Garganacl|Salt Cure|p2a: Alomomola\n|-damage|p2a: Alomomola|93\/100\n|-start|p2a: Alomomola|Salt Cure\n|\n|-heal|p2a: Alomomola|99\/100|[from] item: Leftovers\n|-heal|p1a: Garganacl|86\/100|[from] item: Leftovers\n|-damage|p2a: Alomomola|74\/100|[from] Salt Cure\n|upkeep\n|turn|2\n|\n|t:|1700263473\n|move|p2a: Alomomola|Flip Turn|p1a: Garganacl\n|-supereffective|p1a: Garganacl\n|-damage|p1a: Garganacl|68\/100\n|\n|t:|1700263482\n|switch|p2a: Corviknight|Corviknight, M|100\/100|[from] Flip Turn\n|move|p1a: Garganacl|Curse|p1a: Garganacl\n|-unboost|p1a: Garganacl|spe|1\n|-boost|p1a: Garganacl|atk|1\n|-boost|p1a: Garganacl|def|1\n|\n|-heal|p1a: Garganacl|74\/100|[from] item: Leftovers\n|upkeep\n|turn|3\n|\n|t:|1700263496\n|move|p2a: Corviknight|Iron Defense|p2a: Corviknight\n|-boost|p2a: Corviknight|def|2\n|move|p1a: Garganacl|Body Press|p2a: Corviknight\n|-damage|p2a: Corviknight|86\/100\n|-damage|p1a: Garganacl|57\/100|[from] item: Rocky Helmet|[of] p2a: Corviknight\n|\n|-heal|p1a: Garganacl|63\/100|[from] item: Leftovers\n|upkeep\n|turn|4\n|\n|t:|1700263503\n|move|p2a: Corviknight|Iron Defense|p2a: Corviknight\n|-boost|p2a: Corviknight|def|2\n|move|p1a: Garganacl|Salt Cure|p2a: Corviknight\n|-damage|p2a: Corviknight|81\/100\n|-start|p2a: Corviknight|Salt Cure\n|\n|-heal|p1a: Garganacl|70\/100|[from] item: Leftovers\n|-damage|p2a: Corviknight|56\/100|[from] Salt Cure\n|upkeep\n|turn|5\n|\n|t:|1700263512\n|switch|p1a: Houndstone|Houndstone, F|100\/100\n|move|p2a: Corviknight|Roost|p2a: Corviknight\n|-heal|p2a: Corviknight|100\/100\n|-singleturn|p2a: Corviknight|move: Roost\n|\n|-damage|p2a: Corviknight|75\/100|[from] Salt Cure\n|upkeep\n|turn|6\n|\n|t:|1700263527\n|move|p1a: Houndstone|Crunch|p2a: Corviknight\n|-damage|p2a: Corviknight|72\/100\n|-ability|p2a: Corviknight|Mirror Armor\n|-unboost|p1a: Houndstone|def|1\n|-damage|p1a: Houndstone|84\/100|[from] item: Rocky Helmet|[of] p2a: Corviknight\n|move|p2a: Corviknight|U-turn|p1a: Houndstone\n|-resisted|p1a: Houndstone\n|-damage|p1a: Houndstone|80\/100\n|\n|t:|1700263545\n|switch|p2a: Toxapex|Toxapex, M|100\/100|[from] U-turn\n|\n|-heal|p1a: Houndstone|86\/100|[from] item: Leftovers\n|upkeep\n|turn|7\n|\n|t:|1700263555\n|move|p1a: Houndstone|Shadow Sneak|p2a: Toxapex\n|-damage|p2a: Toxapex|89\/100\n|move|p2a: Toxapex|Toxic|p1a: Houndstone\n|-status|p1a: Houndstone|tox\n|\n|-heal|p1a: Houndstone|92\/100 tox|[from] item: Leftovers\n|-heal|p2a: Toxapex|95\/100|[from] item: Leftovers\n|-damage|p1a: Houndstone|86\/100 tox|[from] psn\n|upkeep\n|turn|8\n|\n|t:|1700263564\n|move|p2a: Toxapex|Baneful Bunker|p2a: Toxapex\n|-singleturn|p2a: Toxapex|move: Protect\n|move|p1a: Houndstone|Crunch|p2a: Toxapex\n|-activate|p2a: Toxapex|move: Protect\n|\n|-heal|p1a: Houndstone|92\/100 tox|[from] item: Leftovers\n|-heal|p2a: Toxapex|100\/100|[from] item: Leftovers\n|-damage|p1a: Houndstone|80\/100 tox|[from] psn\n|upkeep\n|turn|9\n|\n|t:|1700263573\n|move|p1a: Houndstone|Crunch|p2a: Toxapex\n|-damage|p2a: Toxapex|84\/100\n|move|p2a: Toxapex|Recover|p2a: Toxapex\n|-heal|p2a: Toxapex|100\/100\n|\n|-heal|p1a: Houndstone|86\/100 tox|[from] item: Leftovers\n|-damage|p1a: Houndstone|68\/100 tox|[from] psn\n|upkeep\n|turn|10\n|\n|t:|1700263580\n|move|p2a: Toxapex|Baneful Bunker|p2a: Toxapex\n|-singleturn|p2a: Toxapex|move: Protect\n|move|p1a: Houndstone|Crunch|p2a: Toxapex\n|-activate|p2a: Toxapex|move: Protect\n|\n|-heal|p1a: Houndstone|74\/100 tox|[from] item: Leftovers\n|-damage|p1a: Houndstone|50\/100 tox|[from] psn\n|upkeep\n|turn|11\n|\n|t:|1700263588\n|move|p1a: Houndstone|Crunch|p2a: Toxapex\n|-damage|p2a: Toxapex|87\/100\n|move|p2a: Toxapex|Toxic|p1a: Houndstone\n|-fail|p1a: Houndstone|tox\n|\n|-heal|p1a: Houndstone|56\/100 tox|[from] item: Leftovers\n|-heal|p2a: Toxapex|93\/100|[from] item: Leftovers\n|-damage|p1a: Houndstone|26\/100 tox|[from] psn\n|upkeep\n|turn|12\n|\n|t:|1700263603\n|switch|p1a: Garganacl|Garganacl, F|70\/100\n|move|p2a: Toxapex|Toxic|p1a: Garganacl\n|-immune|p1a: Garganacl|[from] ability: Purifying Salt\n|\n|-heal|p2a: Toxapex|99\/100|[from] item: Leftovers\n|-heal|p1a: Garganacl|76\/100|[from] item: Leftovers\n|upkeep\n|turn|13\n|\n|t:|1700263614\n|switch|p2a: Mawile|Mawile, M|100\/100\n|-ability|p2a: Mawile|Intimidate|boost\n|-unboost|p1a: Garganacl|atk|1\n|move|p1a: Garganacl|Salt Cure|p2a: Mawile\n|-resisted|p2a: Mawile\n|-damage|p2a: Mawile|95\/100\n|-start|p2a: Mawile|Salt Cure\n|\n|-heal|p1a: Garganacl|82\/100|[from] item: Leftovers\n|-damage|p2a: Mawile|70\/100|[from] Salt Cure\n|upkeep\n|turn|14\n|\n|t:|1700263624\n|detailschange|p2a: Mawile|Mawile-Mega, M\n|-mega|p2a: Mawile|Mawile|Mawilite\n|-singleturn|p2a: Mawile|move: Focus Punch\n|move|p1a: Garganacl|Curse|p1a: Garganacl\n|-unboost|p1a: Garganacl|spe|1\n|-boost|p1a: Garganacl|atk|1\n|-boost|p1a: Garganacl|def|1\n|move|p2a: Mawile|Focus Punch|p1a: Garganacl\n|-supereffective|p1a: Garganacl\n|-crit|p1a: Garganacl\n|-damage|p1a: Garganacl|0 fnt\n|faint|p1a: Garganacl\n|\n|-damage|p2a: Mawile|45\/100|[from] Salt Cure\n|upkeep\n|\n|t:|1700263643\n|switch|p1a: Houndstone|Houndstone, F|26\/100 tox\n|turn|15\n|\n|t:|1700263650\n|move|p2a: Mawile|Sucker Punch|p1a: Houndstone\n|-supereffective|p1a: Houndstone\n|-damage|p1a: Houndstone|0 fnt\n|faint|p1a: Houndstone\n|\n|-damage|p2a: Mawile|20\/100|[from] Salt Cure\n|upkeep\n|\n|t:|1700263656\n|switch|p1a: Grafaiai|Grafaiai, M|100\/100\n|turn|16\n|\n|t:|1700263660\n|switch|p2a: Corviknight|Corviknight, M|72\/100\n|move|p1a: Grafaiai|Substitute|p1a: Grafaiai\n|-start|p1a: Grafaiai|Substitute\n|-damage|p1a: Grafaiai|76\/100\n|\n|upkeep\n|turn|17\n|\n|t:|1700263667\n|move|p1a: Grafaiai|Parting Shot|p2a: Corviknight\n|-ability|p2a: Corviknight|Mirror Armor\n|-unboost|p1a: Grafaiai|atk|1\n|-ability|p2a: Corviknight|Mirror Armor\n|-unboost|p1a: Grafaiai|spa|1\n|\n|t:|1700263675\n|switch|p1a: Rotom|Rotom-Frost|100\/100|[from] Parting Shot\n|move|p2a: Corviknight|Iron Defense|p2a: Corviknight\n|-boost|p2a: Corviknight|def|2\n|\n|upkeep\n|turn|18\n|\n|t:|1700263685\n|-terastallize|p2a: Corviknight|Ground\n|move|p1a: Rotom|Will-O-Wisp|p2a: Corviknight\n|-status|p2a: Corviknight|brn\n|move|p2a: Corviknight|Body Press|p1a: Rotom\n|-supereffective|p1a: Rotom\n|-damage|p1a: Rotom|32\/100\n|\n|-damage|p2a: Corviknight|66\/100 brn|[from] brn\n|upkeep\n|turn|19\n|\n|t:|1700263697\n|move|p1a: Rotom|Hex|p2a: Corviknight\n|-crit|p2a: Corviknight\n|-damage|p2a: Corviknight|0 fnt\n|faint|p2a: Corviknight\n|-damage|p1a: Rotom|22\/100|[from] item: Life Orb\n|\n|upkeep\n|\n|t:|1700263701\n|switch|p2a: Pikachu|Pikachu, F|100\/100\n|turn|20\n|\n|t:|1700263708\n|switch|p1a: Breloom|Breloom, M|100\/100\n|move|p2a: Pikachu|Fake Out|p1a: Breloom\n|-damage|p1a: Breloom|77\/100\n|\n|upkeep\n|turn|21\n|\n|t:|1700263725\n|move|p1a: Breloom|Mach Punch|p2a: Pikachu\n|-damage|p2a: Pikachu|0 fnt\n|faint|p2a: Pikachu\n|\n|upkeep\n|\n|t:|1700263732\n|switch|p2a: Moltres|Moltres|100\/100\n|turn|22\n|\n|t:|1700263741\n|switch|p1a: Rotom|Rotom-Frost|22\/100\n|move|p2a: Moltres|Flamethrower|p1a: Rotom\n|-supereffective|p1a: Rotom\n|-damage|p1a: Rotom|0 fnt\n|faint|p1a: Rotom\n|\n|upkeep\n|\n|t:|1700263751\n|switch|p1a: Golisopod|Golisopod, M|100\/100\n|turn|23\n|\n|t:|1700263758\n|switch|p2a: Toxapex|Toxapex, M|100\/100\n|move|p1a: Golisopod|Liquidation|p2a: Toxapex\n|-resisted|p2a: Toxapex\n|-damage|p2a: Toxapex|83\/100\n|-unboost|p2a: Toxapex|def|1\n|\n|-heal|p2a: Toxapex|90\/100|[from] item: Leftovers\n|upkeep\n|turn|24\n|\n|t:|1700263768\n|switch|p1a: Grafaiai|Grafaiai, M|76\/100\n|move|p2a: Toxapex|Baneful Bunker||[still]\n|-fail|p2a: Toxapex\n|\n|-heal|p2a: Toxapex|96\/100|[from] item: Leftovers\n|upkeep\n|turn|25\n|\n|t:|1700263777\n|switch|p2a: Moltres|Moltres|100\/100\n|move|p1a: Grafaiai|Substitute|p1a: Grafaiai\n|-start|p1a: Grafaiai|Substitute\n|-damage|p1a: Grafaiai|51\/100\n|\n|upkeep\n|turn|26\n|\n|t:|1700263783\n|move|p1a: Grafaiai|Gunk Shot|p2a: Moltres\n|-damage|p2a: Moltres|50\/100\n|-status|p2a: Moltres|psn\n|move|p2a: Moltres|Scorching Sands|p1a: Grafaiai\n|-supereffective|p1a: Grafaiai\n|-end|p1a: Grafaiai|Substitute\n|\n|-damage|p2a: Moltres|37\/100 psn|[from] psn\n|upkeep\n|turn|27\n|\n|t:|1700263799\n|switch|p2a: Toxapex|Toxapex, M|100\/100\n|move|p1a: Grafaiai|Parting Shot|p2a: Toxapex\n|-unboost|p2a: Toxapex|atk|1\n|-unboost|p2a: Toxapex|spa|1\n|\n|t:|1700263804\n|switch|p1a: Golisopod|Golisopod, M|100\/100|[from] Parting Shot\n|\n|upkeep\n|turn|28\n|\n|t:|1700263810\n|move|p2a: Toxapex|Baneful Bunker|p2a: Toxapex\n|-singleturn|p2a: Toxapex|move: Protect\n|move|p1a: Golisopod|First Impression|p2a: Toxapex\n|-activate|p2a: Toxapex|move: Protect\n|-status|p1a: Golisopod|psn\n|\n|-damage|p1a: Golisopod|88\/100 psn|[from] psn\n|upkeep\n|turn|29\n|\n|t:|1700263821\n|switch|p2a: Moltres|Moltres|37\/100 psn\n|move|p1a: Golisopod|Leech Life|p2a: Moltres\n|-resisted|p2a: Moltres\n|-damage|p2a: Moltres|26\/100 psn\n|-heal|p1a: Golisopod|94\/100 psn|[from] drain|[of] p2a: Moltres\n|\n|-damage|p2a: Moltres|14\/100 psn|[from] psn\n|-damage|p1a: Golisopod|82\/100 psn|[from] psn\n|upkeep\n|turn|30\n|\n|t:|1700263830\n|move|p1a: Golisopod|Sucker Punch|p2a: Moltres\n|-damage|p2a: Moltres|0 fnt\n|faint|p2a: Moltres\n|\n|-damage|p1a: Golisopod|70\/100 psn|[from] psn\n|upkeep\n|\n|t:|1700263834\n|switch|p2a: Mawile|Mawile-Mega, M|20\/100\n|turn|31\n|\n|t:|1700263839\n|move|p2a: Mawile|Sucker Punch|p1a: Golisopod\n|-damage|p1a: Golisopod|39\/100 psn\n|-activate|p1a: Golisopod|ability: Emergency Exit\n|\n|t:|1700263844\n|switch|p1a: Grafaiai|Grafaiai, M|51\/100\n|\n|upkeep\n|turn|32\n|\n|t:|1700263852\n|move|p1a: Grafaiai|Substitute|p1a: Grafaiai\n|-start|p1a: Grafaiai|Substitute\n|-damage|p1a: Grafaiai|26\/100\n|move|p2a: Mawile|Play Rough|p1a: Grafaiai\n|-resisted|p1a: Grafaiai\n|-end|p1a: Grafaiai|Substitute\n|\n|upkeep\n|turn|33\n|\n|t:|1700263864\n|move|p2a: Mawile|Sucker Punch|p1a: Grafaiai\n|-damage|p1a: Grafaiai|0 fnt\n|faint|p1a: Grafaiai\n|\n|upkeep\n|\n|t:|1700263869\n|switch|p1a: Golisopod|Golisopod, M|39\/100 psn\n|turn|34\n|\n|t:|1700263875\n|switch|p2a: Toxapex|Toxapex, M|100\/100\n|move|p1a: Golisopod|First Impression|p2a: Toxapex\n|-resisted|p2a: Toxapex\n|-damage|p2a: Toxapex|81\/100\n|\n|-heal|p2a: Toxapex|87\/100|[from] item: Leftovers\n|-damage|p1a: Golisopod|27\/100 psn|[from] psn\n|upkeep\n|turn|35\n|-message|T_in_a_Cup forfeited.\n|\n|win|Fealieya\n|raw|T_in_a_Cup's rating: 1143 &rarr; <strong>1121<\/strong><br \/>(-22 for losing)\n|raw|Fealieya's rating: 1182 &rarr; <strong>1204<\/strong><br \/>(+22 for winning)\n|l|\u2606T_in_a_Cup\n","uploadtime":1700263884,"views":6,"p1id":"tinacup","p2id":"fealieya","formatid":"gen9nationaldex","rating":1121,"private":0,"password":""}