{"id":"gen9nationaldex-2000484737","p1":"RandoTestAccount","p2":"Cjdjsdjfbtvrv","format":"[Gen 9] National Dex","log":"|html|<div class=\"broadcast-blue\"><strong>[Gen 9] National Dex is currently suspecting Sneasler! For information on how to participate check out the <a href=\"https:\/\/www.smogon.com\/forums\/threads\/sv-national-dex-suspect-8-just-dance.3731534\/\">suspect thread<\/a>.<\/strong><\/div>\n|j|\u2606RandoTestAccount\n|j|\u2606Cjdjsdjfbtvrv\n|t:|1701198710\n|gametype|singles\n|player|p1|RandoTestAccount|pokemonrangerf|1186\n|player|p2|Cjdjsdjfbtvrv|giovanni|1135\n|teamsize|p1|6\n|teamsize|p2|6\n|gen|9\n|tier|[Gen 9] National Dex\n|rated|\n|rule|HP Percentage Mod: HP is shown in percentages\n|rule|Endless Battle Clause: Forcing endless battles is banned\n|rule|OHKO Clause: OHKO moves are banned\n|rule|Evasion Clause: Evasion abilities, items, and moves are banned\n|rule|Evasion Abilities Clause: Evasion abilities are banned\n|rule|Evasion Items Clause: Evasion items are banned\n|rule|Evasion Moves Clause: Evasion moves are banned\n|rule|Species Clause: Limit one of each Pok\u00e9mon\n|rule|Sleep Clause Mod: Limit one foe put to sleep\n|clearpoke\n|poke|p1|Umbreon, F|\n|poke|p1|Excadrill, F|\n|poke|p1|Corviknight, F|\n|poke|p1|Sableye, F|\n|poke|p1|Tapu Fini|\n|poke|p1|Dragalge, F|\n|poke|p2|Lopunny, F|\n|poke|p2|Garganacl, M|\n|poke|p2|Kartana|\n|poke|p2|Moltres|\n|poke|p2|Garchomp, F|\n|poke|p2|Sinistcha|\n|teampreview\n|inactive|Battle timer is ON: inactive players will automatically lose when time's up. (requested by RandoTestAccount)\n|\n|t:|1701198719\n|start\n|switch|p1a: Spectre of Emerald|Sableye, F, shiny|100\/100\n|switch|p2a: Lopunny|Lopunny, F|100\/100\n|turn|1\n|\n|t:|1701198737\n|detailschange|p2a: Lopunny|Lopunny-Mega, F\n|-mega|p2a: Lopunny|Lopunny|Lopunnite\n|move|p1a: Spectre of Emerald|Will-O-Wisp|p2a: Lopunny\n|-status|p2a: Lopunny|brn\n|move|p2a: Lopunny|Close Combat|p1a: Spectre of Emerald\n|-supereffective|p1a: Spectre of Emerald\n|-damage|p1a: Spectre of Emerald|43\/100\n|-unboost|p2a: Lopunny|def|1\n|-unboost|p2a: Lopunny|spd|1\n|\n|-damage|p2a: Lopunny|95\/100 brn|[from] brn\n|upkeep\n|turn|2\n|\n|t:|1701198746\n|switch|p2a: Garganacl|Garganacl, M|100\/100\n|switch|p1a: The Droplet Tear|Tapu Fini, shiny|100\/100\n|-fieldstart|move: Misty Terrain|[from] ability: Misty Surge|[of] p1a: The Droplet Tear\n|\n|upkeep\n|turn|3\n|\n|t:|1701198755\n|move|p2a: Garganacl|Protect|p2a: Garganacl\n|-singleturn|p2a: Garganacl|Protect\n|move|p1a: The Droplet Tear|Substitute|p1a: The Droplet Tear\n|-start|p1a: The Droplet Tear|Substitute\n|-damage|p1a: The Droplet Tear|76\/100\n|\n|-heal|p1a: The Droplet Tear|82\/100|[from] item: Leftovers\n|upkeep\n|turn|4\n|\n|t:|1701198771\n|switch|p2a: Sinistcha|Sinistcha|100\/100\n|move|p1a: The Droplet Tear|Calm Mind|p1a: The Droplet Tear\n|-boost|p1a: The Droplet Tear|spa|1\n|-boost|p1a: The Droplet Tear|spd|1\n|\n|-heal|p1a: The Droplet Tear|88\/100|[from] item: Leftovers\n|upkeep\n|turn|5\n|\n|t:|1701198782\n|move|p1a: The Droplet Tear|Calm Mind|p1a: The Droplet Tear\n|-boost|p1a: The Droplet Tear|spa|1\n|-boost|p1a: The Droplet Tear|spd|1\n|move|p2a: Sinistcha|Calm Mind|p2a: Sinistcha\n|-boost|p2a: Sinistcha|spa|1\n|-boost|p2a: Sinistcha|spd|1\n|\n|-heal|p1a: The Droplet Tear|94\/100|[from] item: Leftovers\n|upkeep\n|turn|6\n|\n|t:|1701198793\n|move|p1a: The Droplet Tear|Calm Mind|p1a: The Droplet Tear\n|-boost|p1a: The Droplet Tear|spa|1\n|-boost|p1a: The Droplet Tear|spd|1\n|move|p2a: Sinistcha|Calm Mind|p2a: Sinistcha\n|-boost|p2a: Sinistcha|spa|1\n|-boost|p2a: Sinistcha|spd|1\n|\n|-heal|p1a: The Droplet Tear|99\/100|[from] item: Leftovers\n|-fieldend|Misty Terrain\n|upkeep\n|turn|7\n|\n|t:|1701198802\n|move|p1a: The Droplet Tear|Calm Mind|p1a: The Droplet Tear\n|-boost|p1a: The Droplet Tear|spa|1\n|-boost|p1a: The Droplet Tear|spd|1\n|move|p2a: Sinistcha|Calm Mind|p2a: Sinistcha\n|-boost|p2a: Sinistcha|spa|1\n|-boost|p2a: Sinistcha|spd|1\n|\n|-heal|p1a: The Droplet Tear|100\/100|[from] item: Leftovers\n|upkeep\n|turn|8\n|\n|t:|1701198804\n|move|p1a: The Droplet Tear|Calm Mind|p1a: The Droplet Tear\n|-boost|p1a: The Droplet Tear|spa|1\n|-boost|p1a: The Droplet Tear|spd|1\n|move|p2a: Sinistcha|Calm Mind|p2a: Sinistcha\n|-boost|p2a: Sinistcha|spa|1\n|-boost|p2a: Sinistcha|spd|1\n|\n|upkeep\n|turn|9\n|\n|t:|1701198807\n|move|p1a: The Droplet Tear|Calm Mind|p1a: The Droplet Tear\n|-boost|p1a: The Droplet Tear|spa|1\n|-boost|p1a: The Droplet Tear|spd|1\n|move|p2a: Sinistcha|Calm Mind|p2a: Sinistcha\n|-boost|p2a: Sinistcha|spa|1\n|-boost|p2a: Sinistcha|spd|1\n|\n|upkeep\n|turn|10\n|\n|t:|1701198810\n|move|p1a: The Droplet Tear|Moonblast|p2a: Sinistcha\n|-crit|p2a: Sinistcha\n|-damage|p2a: Sinistcha|0 fnt\n|faint|p2a: Sinistcha\n|\n|upkeep\n|c|\u2606Cjdjsdjfbtvrv|Damn thats crazy\n|\n|t:|1701198823\n|switch|p2a: Lopunny|Lopunny-Mega, F|95\/100 brn\n|turn|11\n|\n|t:|1701198832\n|move|p2a: Lopunny|Return|p1a: The Droplet Tear\n|-activate|p1a: The Droplet Tear|move: Substitute|[damage]\n|move|p1a: The Droplet Tear|Moonblast|p2a: Lopunny\n|-supereffective|p2a: Lopunny\n|-damage|p2a: Lopunny|0 fnt\n|faint|p2a: Lopunny\n|\n|upkeep\n|\n|t:|1701198838\n|switch|p2a: Garchomp|Garchomp, F|100\/100\n|turn|12\n|\n|t:|1701198843\n|move|p2a: Garchomp|Earthquake|p1a: The Droplet Tear\n|-end|p1a: The Droplet Tear|Substitute\n|move|p1a: The Droplet Tear|Moonblast|p2a: Garchomp\n|-supereffective|p2a: Garchomp\n|-damage|p2a: Garchomp|0 fnt\n|faint|p2a: Garchomp\n|\n|upkeep\n|\n|t:|1701198845\n|switch|p2a: Kartana|Kartana|100\/100\n|turn|13\n|\n|t:|1701198854\n|-terastallize|p1a: The Droplet Tear|Ghost\n|move|p2a: Kartana|Leaf Blade|p1a: The Droplet Tear\n|-damage|p1a: The Droplet Tear|51\/100\n|move|p1a: The Droplet Tear|Moonblast|p2a: Kartana\n|-resisted|p2a: Kartana\n|-damage|p2a: Kartana|0 fnt\n|faint|p2a: Kartana\n|\n|-heal|p1a: The Droplet Tear|57\/100|[from] item: Leftovers\n|upkeep\n|-message|Cjdjsdjfbtvrv forfeited.\n|\n|win|RandoTestAccount\n|raw|RandoTestAccount's rating: 1186 &rarr; <strong>1207<\/strong><br \/>(+21 for winning)\n|raw|Cjdjsdjfbtvrv's rating: 1135 &rarr; <strong>1114<\/strong><br \/>(-21 for losing)\n|l|\u2606Cjdjsdjfbtvrv\n","uploadtime":1701198864,"views":1,"p1id":"randotestaccount","p2id":"cjdjsdjfbtvrv","formatid":"gen9nationaldex","rating":1114,"private":0,"password":""}