{"id":"gen9nationaldex-1998739998","p1":"CEO_of_piss","p2":"baigu2","format":"[Gen 9] National Dex","log":"|html|<div class=\"broadcast-blue\"><strong>[Gen 9] National Dex is currently suspecting Sneasler! For information on how to participate check out the <a href=\"https:\/\/www.smogon.com\/forums\/threads\/sv-national-dex-suspect-8-just-dance.3731534\/\">suspect thread<\/a>.<\/strong><\/div>\n|j|\u2606CEO_of_piss\n|j|\u2606baigu2\n|t:|1700981106\n|gametype|singles\n|player|p1|CEO_of_piss|elesa|1684\n|player|p2|baigu2|101|1846\n|teamsize|p1|6\n|teamsize|p2|6\n|gen|9\n|tier|[Gen 9] National Dex\n|rated|\n|rule|HP Percentage Mod: HP is shown in percentages\n|rule|Endless Battle Clause: Forcing endless battles is banned\n|rule|OHKO Clause: OHKO moves are banned\n|rule|Evasion Clause: Evasion abilities, items, and moves are banned\n|rule|Evasion Abilities Clause: Evasion abilities are banned\n|rule|Evasion Items Clause: Evasion items are banned\n|rule|Evasion Moves Clause: Evasion moves are banned\n|rule|Species Clause: Limit one of each Pok\u00e9mon\n|rule|Sleep Clause Mod: Limit one foe put to sleep\n|clearpoke\n|poke|p1|Scovillain, F|\n|poke|p1|Torkoal, F|\n|poke|p1|Great Tusk|\n|poke|p1|Houndoom, F|\n|poke|p1|Tapu Lele|\n|poke|p1|Rotom-Wash|\n|poke|p2|Ursaluna, M|\n|poke|p2|Slowking, F|\n|poke|p2|Corviknight, M|\n|poke|p2|Hoopa-Unbound|\n|poke|p2|Dragonite, M|\n|poke|p2|Tapu Koko|\n|teampreview\n|inactive|Battle timer is ON: inactive players will automatically lose when time's up. (requested by CEO_of_piss)\n|\n|t:|1700981117\n|start\n|switch|p1a: Torkoal|Torkoal, F|100\/100\n|switch|p2a: Hoopa|Hoopa-Unbound|100\/100\n|-weather|SunnyDay|[from] ability: Drought|[of] p1a: Torkoal\n|turn|1\n|\n|t:|1700981123\n|-zpower|p2a: Hoopa\n|move|p2a: Hoopa|All-Out Pummeling|p1a: Torkoal|[zeffect]\n|-damage|p1a: Torkoal|0 fnt\n|faint|p1a: Torkoal\n|\n|-weather|SunnyDay|[upkeep]\n|upkeep\n|\n|t:|1700981127\n|switch|p1a: Scovillain|Scovillain, F|100\/100\n|turn|2\n|\n|t:|1700981139\n|-terastallize|p1a: Scovillain|Fire\n|move|p1a: Scovillain|Fire Blast|p2a: Hoopa\n|-damage|p2a: Hoopa|0 fnt\n|faint|p2a: Hoopa\n|-damage|p1a: Scovillain|91\/100|[from] item: Life Orb\n|\n|-weather|SunnyDay|[upkeep]\n|upkeep\n|\n|t:|1700981148\n|switch|p2a: Dragonite|Dragonite, M|100\/100\n|turn|3\n|\n|t:|1700981154\n|move|p1a: Scovillain|Fire Blast|p2a: Dragonite\n|-resisted|p2a: Dragonite\n|-damage|p2a: Dragonite|69\/100\n|-damage|p1a: Scovillain|81\/100|[from] item: Life Orb\n|move|p2a: Dragonite|Dual Wingbeat|p1a: Scovillain\n|-damage|p1a: Scovillain|9\/100\n|-damage|p1a: Scovillain|0 fnt\n|faint|p1a: Scovillain\n|-hitcount|p1: Scovillain|2\n|\n|-weather|SunnyDay|[upkeep]\n|upkeep\n|\n|t:|1700981159\n|switch|p1a: Houndoom|Houndoom, F|100\/100\n|turn|4\n|\n|t:|1700981170\n|detailschange|p1a: Houndoom|Houndoom-Mega, F\n|-mega|p1a: Houndoom|Houndoom|Houndoominite\n|move|p1a: Houndoom|Dark Pulse|p2a: Dragonite\n|-damage|p2a: Dragonite|0 fnt\n|faint|p2a: Dragonite\n|\n|-weather|SunnyDay|[upkeep]\n|-damage|p1a: Houndoom|88\/100|[from] ability: Solar Power|[of] p1a: Houndoom\n|upkeep\n|j| yuzhibo\n|\n|t:|1700981174\n|switch|p2a: Tapu Koko|Tapu Koko|100\/100\n|-fieldstart|move: Electric Terrain|[from] ability: Electric Surge|[of] p2a: Tapu Koko\n|turn|5\n|\n|t:|1700981179\n|move|p2a: Tapu Koko|Volt Switch|p1a: Houndoom\n|-damage|p1a: Houndoom|14\/100\n|\n|t:|1700981181\n|switch|p2a: Slowking|Slowking, F|100\/100|[from] Volt Switch\n|move|p1a: Houndoom|Flamethrower|p2a: Slowking\n|-resisted|p2a: Slowking\n|-damage|p2a: Slowking|65\/100\n|\n|-weather|SunnyDay|[upkeep]\n|-damage|p1a: Houndoom|2\/100|[from] ability: Solar Power|[of] p1a: Houndoom\n|upkeep\n|turn|6\n|\n|t:|1700981185\n|switch|p2a: Tapu Koko|Tapu Koko|100\/100\n|move|p1a: Houndoom|Dark Pulse|p2a: Tapu Koko\n|-resisted|p2a: Tapu Koko\n|-damage|p2a: Tapu Koko|49\/100\n|\n|-weather|SunnyDay|[upkeep]\n|-damage|p1a: Houndoom|0 fnt|[from] ability: Solar Power|[of] p1a: Houndoom\n|faint|p1a: Houndoom\n|upkeep\n|\n|t:|1700981198\n|switch|p1a: Tapu Lele|Tapu Lele|100\/100\n|-fieldstart|move: Psychic Terrain|[from] ability: Psychic Surge|[of] p1a: Tapu Lele\n|turn|7\n|\n|t:|1700981206\n|move|p1a: Tapu Lele|Moonblast|p2a: Tapu Koko\n|-damage|p2a: Tapu Koko|0 fnt\n|faint|p2a: Tapu Koko\n|\n|-weather|SunnyDay|[upkeep]\n|upkeep\n|\n|t:|1700981208\n|switch|p2a: Slowking|Slowking, F|99\/100\n|turn|8\n|\n|t:|1700981212\n|switch|p1a: Rotom|Rotom-Wash|100\/100\n|move|p2a: Slowking|Trick Room|p2a: Slowking\n|-fieldstart|move: Trick Room|[of] p2a: Slowking\n|\n|-weather|none\n|upkeep\n|turn|9\n|\n|t:|1700981215\n|move|p1a: Rotom|Volt Switch|p2a: Slowking\n|-supereffective|p2a: Slowking\n|-damage|p2a: Slowking|67\/100\n|\n|t:|1700981222\n|switch|p1a: Great Tusk|Great Tusk|100\/100|[from] Volt Switch\n|move|p2a: Slowking|Teleport|p2a: Slowking\n|\n|t:|1700981224\n|switch|p2a: \u718a\u5927|Ursaluna, M|100\/100|[from] Teleport\n|\n|-status|p2a: \u718a\u5927|brn|[from] item: Flame Orb\n|upkeep\n|turn|10\n|\n|t:|1700981240\n|-terastallize|p2a: \u718a\u5927|Normal\n|move|p2a: \u718a\u5927|Facade|p1a: Great Tusk\n|-damage|p1a: Great Tusk|0 fnt\n|faint|p1a: Great Tusk\n|-end|p1a: Great Tusk|Protosynthesis|[silent]\n|\n|-damage|p2a: \u718a\u5927|94\/100 brn|[from] brn\n|upkeep\n|\n|t:|1700981245\n|switch|p1a: Rotom|Rotom-Wash|100\/100\n|turn|11\n|\n|t:|1700981249\n|move|p2a: \u718a\u5927|Facade|p1a: Rotom\n|-damage|p1a: Rotom|0 fnt\n|faint|p1a: Rotom\n|\n|-damage|p2a: \u718a\u5927|88\/100 brn|[from] brn\n|-fieldend|move: Psychic Terrain\n|upkeep\n|\n|t:|1700981251\n|switch|p1a: Tapu Lele|Tapu Lele|100\/100\n|-fieldstart|move: Psychic Terrain|[from] ability: Psychic Surge|[of] p1a: Tapu Lele\n|turn|12\n|\n|t:|1700981254\n|move|p2a: \u718a\u5927|Facade|p1a: Tapu Lele\n|-damage|p1a: Tapu Lele|0 fnt\n|faint|p1a: Tapu Lele\n|\n|win|baigu2\n|raw|CEO_of_piss's rating: 1684 &rarr; <strong>1673<\/strong><br \/>(-11 for losing)\n|raw|baigu2's rating: 1846 &rarr; <strong>1857<\/strong><br \/>(+11 for winning)\n|c|\u2606baigu2|gg\n|l|\u2606CEO_of_piss\n|l|\u2606baigu2\n","uploadtime":1700981260,"views":1,"p1id":"ceoofpiss","p2id":"baigu2","formatid":"gen9nationaldex","rating":1673,"private":0,"password":""}