{"id":"gen9nationaldex-1987919303","p1":"Archivanibaldo","p2":"zeonteo","format":"[Gen 9] National Dex","log":"|j|\u2606Archivanibaldo\n|j|\u2606zeonteo\n|t:|1699649149\n|gametype|singles\n|player|p1|Archivanibaldo|gambler|1172\n|player|p2|zeonteo|pokemonranger-gen4|1228\n|teamsize|p1|6\n|teamsize|p2|6\n|gen|9\n|tier|[Gen 9] National Dex\n|rated|\n|rule|HP Percentage Mod: HP is shown in percentages\n|rule|Endless Battle Clause: Forcing endless battles is banned\n|rule|OHKO Clause: OHKO moves are banned\n|rule|Evasion Clause: Evasion abilities, items, and moves are banned\n|rule|Evasion Abilities Clause: Evasion abilities are banned\n|rule|Evasion Items Clause: Evasion items are banned\n|rule|Evasion Moves Clause: Evasion moves are banned\n|rule|Species Clause: Limit one of each Pok\u00e9mon\n|rule|Sleep Clause Mod: Limit one foe put to sleep\n|clearpoke\n|poke|p1|Greninja-*, M|\n|poke|p1|Sableye, F|\n|poke|p1|Mandibuzz, F|\n|poke|p1|Tyranitar, F|\n|poke|p1|Zarude-Dada|\n|poke|p1|Hydreigon, F|\n|poke|p2|Torkoal, F|\n|poke|p2|Charizard, F|\n|poke|p2|Hatterene, F|\n|poke|p2|Great Tusk|\n|poke|p2|Venusaur, F|\n|poke|p2|Garganacl, M|\n|teampreview\n|inactive|Battle timer is ON: inactive players will automatically lose when time's up. (requested by zeonteo)\n|\n|t:|1699649158\n|start\n|switch|p1a: Sableye|Sableye, F|100\/100\n|switch|p2a: Great Tusk|Great Tusk|100\/100\n|turn|1\n|\n|t:|1699649176\n|-end|p2a: Great Tusk|Protosynthesis|[silent]\n|switch|p2a: Hatterene|Hatterene, F|100\/100\n|detailschange|p1a: Sableye|Sableye-Mega, F\n|-mega|p1a: Sableye|Sableye|Sablenite\n|move|p1a: Sableye|Protect||[still]\n|-fail|p1a: Sableye\n|\n|upkeep\n|turn|2\n|\n|t:|1699649185\n|move|p2a: Hatterene|Mystical Fire|p1a: Sableye\n|-damage|p1a: Sableye|81\/100\n|-unboost|p1a: Sableye|spa|1\n|move|p1a: Sableye|Knock Off|p2a: Hatterene\n|-damage|p2a: Hatterene|67\/100\n|-enditem|p2a: Hatterene|Leftovers|[from] move: Knock Off|[of] p1a: Sableye\n|\n|upkeep\n|turn|3\n|\n|t:|1699649202\n|switch|p1a: Tyranitar|Tyranitar, F|100\/100\n|-weather|Sandstorm|[from] ability: Sand Stream|[of] p1a: Tyranitar\n|move|p2a: Hatterene|Draining Kiss|p1a: Tyranitar\n|-supereffective|p1a: Tyranitar\n|-damage|p1a: Tyranitar|81\/100\n|-heal|p2a: Hatterene|86\/100|[from] drain|[of] p1a: Tyranitar\n|\n|-weather|Sandstorm|[upkeep]\n|-damage|p2a: Hatterene|80\/100|[from] Sandstorm\n|-heal|p1a: Tyranitar|87\/100|[from] item: Leftovers\n|upkeep\n|turn|4\n|\n|t:|1699649215\n|switch|p2a: Great Tusk|Great Tusk|100\/100\n|move|p1a: Tyranitar|Heavy Slam|p2a: Great Tusk\n|-damage|p2a: Great Tusk|95\/100\n|\n|-weather|Sandstorm|[upkeep]\n|-heal|p2a: Great Tusk|100\/100|[from] item: Leftovers\n|-heal|p1a: Tyranitar|94\/100|[from] item: Leftovers\n|upkeep\n|turn|5\n|inactive|Archivanibaldo has 120 seconds left.\n|\n|t:|1699649241\n|move|p2a: Great Tusk|Headlong Rush|p1a: Tyranitar\n|-supereffective|p1a: Tyranitar\n|-damage|p1a: Tyranitar|17\/100\n|-unboost|p2a: Great Tusk|def|1\n|-unboost|p2a: Great Tusk|spd|1\n|move|p1a: Tyranitar|Stealth Rock|p2a: Great Tusk\n|-sidestart|p2: zeonteo|move: Stealth Rock\n|\n|-weather|Sandstorm|[upkeep]\n|-heal|p1a: Tyranitar|24\/100|[from] item: Leftovers\n|upkeep\n|turn|6\n|\n|t:|1699649253\n|switch|p1a: Mandibuzz|Mandibuzz, F|100\/100\n|move|p2a: Great Tusk|Rapid Spin|p1a: Mandibuzz\n|-damage|p1a: Mandibuzz|92\/100\n|-boost|p2a: Great Tusk|spe|1\n|-sideend|p2: zeonteo|Stealth Rock|[from] move: Rapid Spin|[of] p2a: Great Tusk\n|\n|-weather|Sandstorm|[upkeep]\n|upkeep\n|turn|7\n|\n|t:|1699649268\n|-end|p2a: Great Tusk|Protosynthesis|[silent]\n|switch|p2a: Garganacl|Garganacl, M|100\/100\n|move|p1a: Mandibuzz|U-turn|p2a: Garganacl\n|-damage|p2a: Garganacl|92\/100\n|inactive|Archivanibaldo has 120 seconds left.\n|\n|t:|1699649282\n|switch|p1a: Greninja|Greninja, M|100\/100|[from] U-turn\n|\n|-weather|none\n|-heal|p2a: Garganacl|98\/100|[from] item: Leftovers\n|upkeep\n|turn|8\n|\n|t:|1699649292\n|-terastallize|p2a: Garganacl|Water\n|move|p1a: Greninja|U-turn|p2a: Garganacl\n|-start|p1a: Greninja|typechange|Bug|[from] ability: Protean\n|-crit|p2a: Garganacl\n|-damage|p2a: Garganacl|75\/100\n|\n|t:|1699649301\n|switch|p1a: Mandibuzz|Mandibuzz, F|92\/100|[from] U-turn\n|move|p2a: Garganacl|Body Press|p1a: Mandibuzz\n|-damage|p1a: Mandibuzz|78\/100\n|\n|-heal|p2a: Garganacl|81\/100|[from] item: Leftovers\n|upkeep\n|turn|9\n|inactive|Archivanibaldo has 120 seconds left.\n|\n|t:|1699649331\n|move|p1a: Mandibuzz|Foul Play|p2a: Garganacl\n|-damage|p2a: Garganacl|58\/100\n|move|p2a: Garganacl|Salt Cure|p1a: Mandibuzz\n|-supereffective|p1a: Mandibuzz\n|-damage|p1a: Mandibuzz|63\/100\n|-start|p1a: Mandibuzz|Salt Cure\n|\n|-heal|p2a: Garganacl|64\/100|[from] item: Leftovers\n|-damage|p1a: Mandibuzz|50\/100|[from] Salt Cure\n|upkeep\n|turn|10\n|\n|t:|1699649344\n|move|p1a: Mandibuzz|U-turn|p2a: Garganacl\n|-damage|p2a: Garganacl|56\/100\n|\n|t:|1699649348\n|switch|p1a: Tyranitar|Tyranitar, F|24\/100|[from] U-turn\n|-weather|Sandstorm|[from] ability: Sand Stream|[of] p1a: Tyranitar\n|move|p2a: Garganacl|Salt Cure|p1a: Tyranitar\n|-damage|p1a: Tyranitar|14\/100\n|-start|p1a: Tyranitar|Salt Cure\n|\n|-weather|Sandstorm|[upkeep]\n|-damage|p2a: Garganacl|50\/100|[from] Sandstorm\n|-heal|p1a: Tyranitar|20\/100|[from] item: Leftovers\n|-heal|p2a: Garganacl|56\/100|[from] item: Leftovers\n|-damage|p1a: Tyranitar|7\/100|[from] Salt Cure\n|upkeep\n|turn|11\n|inactive|Archivanibaldo has 120 seconds left.\n|\n|t:|1699649363\n|switch|p2a: Hatterene|Hatterene, F|80\/100\n|move|p1a: Tyranitar|Stealth Rock|p2a: Hatterene\n|move|p2a: Hatterene|Stealth Rock|p1a: Tyranitar|[from]ability: Magic Bounce\n|-sidestart|p1: Archivanibaldo|move: Stealth Rock\n|\n|-weather|Sandstorm|[upkeep]\n|-damage|p2a: Hatterene|74\/100|[from] Sandstorm\n|-heal|p1a: Tyranitar|14\/100|[from] item: Leftovers\n|-damage|p1a: Tyranitar|1\/100|[from] Salt Cure\n|upkeep\n|turn|12\n|inactive|Archivanibaldo has 120 seconds left.\n|\n|t:|1699649381\n|switch|p2a: Great Tusk|Great Tusk|100\/100\n|move|p1a: Tyranitar|Heavy Slam|p2a: Great Tusk\n|-damage|p2a: Great Tusk|95\/100\n|\n|-weather|Sandstorm|[upkeep]\n|-heal|p2a: Great Tusk|100\/100|[from] item: Leftovers\n|-heal|p1a: Tyranitar|7\/100|[from] item: Leftovers\n|-damage|p1a: Tyranitar|0 fnt|[from] Salt Cure\n|faint|p1a: Tyranitar\n|upkeep\n|inactive|Archivanibaldo has 120 seconds left.\n|\n|t:|1699649401\n|switch|p1a: Mandibuzz|Mandibuzz, F|50\/100\n|turn|13\n|\n|t:|1699649411\n|-end|p2a: Great Tusk|Protosynthesis|[silent]\n|switch|p2a: Garganacl|Garganacl, M, tera:Water|56\/100\n|move|p1a: Mandibuzz|Defog|p2a: Garganacl\n|-unboost|p2a: Garganacl|evasion|1\n|-sideend|p1: Archivanibaldo|Stealth Rock|[from] move: Defog|[of] p1a: Mandibuzz\n|\n|-weather|Sandstorm|[upkeep]\n|-damage|p2a: Garganacl|50\/100|[from] Sandstorm\n|-heal|p2a: Garganacl|56\/100|[from] item: Leftovers\n|upkeep\n|turn|14\n|\n|t:|1699649423\n|move|p1a: Mandibuzz|Roost|p1a: Mandibuzz\n|-heal|p1a: Mandibuzz|100\/100\n|-singleturn|p1a: Mandibuzz|move: Roost\n|move|p2a: Garganacl|Recover|p2a: Garganacl\n|-heal|p2a: Garganacl|100\/100\n|\n|-weather|none\n|upkeep\n|turn|15\n|inactive|Archivanibaldo has 120 seconds left.\n|\n|t:|1699649456\n|move|p1a: Mandibuzz|U-turn|p2a: Garganacl\n|-damage|p2a: Garganacl|94\/100\n|\n|t:|1699649468\n|switch|p1a: Hydreigon|Hydreigon, F|100\/100|[from] U-turn\n|move|p2a: Garganacl|Salt Cure|p1a: Hydreigon\n|-damage|p1a: Hydreigon|86\/100\n|-start|p1a: Hydreigon|Salt Cure\n|\n|-heal|p2a: Garganacl|99\/100|[from] item: Leftovers\n|-damage|p1a: Hydreigon|73\/100|[from] Salt Cure\n|upkeep\n|turn|16\n|\n|t:|1699649483\n|switch|p1a: Greninja|Greninja, M|100\/100\n|switch|p2a: Hatterene|Hatterene, F|74\/100\n|\n|upkeep\n|turn|17\n|\n|t:|1699649506\n|move|p1a: Greninja|Gunk Shot|p2a: Hatterene\n|-start|p1a: Greninja|typechange|Poison|[from] ability: Protean\n|-supereffective|p2a: Hatterene\n|-damage|p2a: Hatterene|0 fnt\n|faint|p2a: Hatterene\n|\n|upkeep\n|\n|t:|1699649520\n|switch|p2a: Charizard|Charizard, F|100\/100\n|turn|18\n|inactive|Archivanibaldo has 120 seconds left.\n|\n|t:|1699649528\n|switch|p1a: Mandibuzz|Mandibuzz, F|100\/100\n|detailschange|p2a: Charizard|Charizard-Mega-Y, F\n|-mega|p2a: Charizard|Charizard|Charizardite Y\n|-weather|SunnyDay|[from] ability: Drought|[of] p2a: Charizard\n|move|p2a: Charizard|Flamethrower|p1a: Mandibuzz\n|-damage|p1a: Mandibuzz|29\/100\n|\n|-weather|SunnyDay|[upkeep]\n|upkeep\n|turn|19\n|inactive|Archivanibaldo has 120 seconds left.\n|\n|t:|1699649540\n|move|p2a: Charizard|Flamethrower|p1a: Mandibuzz\n|-damage|p1a: Mandibuzz|0 fnt\n|faint|p1a: Mandibuzz\n|\n|-weather|SunnyDay|[upkeep]\n|upkeep\n|inactive|Archivanibaldo has 120 seconds left.\n|\n|t:|1699649558\n|switch|p1a: Sableye|Sableye-Mega, F|81\/100\n|turn|20\n|\n|t:|1699649563\n|move|p1a: Sableye|Protect|p1a: Sableye\n|-singleturn|p1a: Sableye|Protect\n|move|p2a: Charizard|Flamethrower|p1a: Sableye\n|-activate|p1a: Sableye|move: Protect\n|\n|-weather|SunnyDay|[upkeep]\n|upkeep\n|turn|21\n|inactive|Archivanibaldo has 120 seconds left.\n|\n|t:|1699649591\n|switch|p1a: Greninja|Greninja, M|100\/100\n|move|p2a: Charizard|Solar Beam||[still]\n|-prepare|p2a: Charizard|Solar Beam\n|-anim|p2a: Charizard|Solar Beam|p1a: Greninja\n|-supereffective|p1a: Greninja\n|-damage|p1a: Greninja|0 fnt\n|faint|p1a: Greninja\n|\n|-weather|SunnyDay|[upkeep]\n|upkeep\n|\n|t:|1699649599\n|switch|p1a: Hydreigon|Hydreigon, F|73\/100\n|turn|22\n|\n|t:|1699649605\n|move|p2a: Charizard|Air Slash|p1a: Hydreigon\n|-damage|p1a: Hydreigon|18\/100\n|cant|p1a: Hydreigon|flinch\n|\n|-weather|none\n|upkeep\n|turn|23\n|inactive|Archivanibaldo has 120 seconds left.\n|\n|t:|1699649612\n|move|p2a: Charizard|Flamethrower|p1a: Hydreigon\n|-resisted|p1a: Hydreigon\n|-damage|p1a: Hydreigon|0 fnt\n|faint|p1a: Hydreigon\n|\n|upkeep\n|inactive|Archivanibaldo has 120 seconds left.\n|\n|t:|1699649618\n|switch|p1a: Sableye|Sableye-Mega, F|81\/100\n|turn|24\n|\n|t:|1699649625\n|move|p2a: Charizard|Air Slash|p1a: Sableye\n|-damage|p1a: Sableye|44\/100\n|move|p1a: Sableye|Knock Off|p2a: Charizard\n|-damage|p2a: Charizard|70\/100\n|\n|upkeep\n|turn|25\n|\n|t:|1699649633\n|move|p2a: Charizard|Flamethrower|p1a: Sableye\n|-damage|p1a: Sableye|1\/100\n|move|p1a: Sableye|Recover|p1a: Sableye\n|-heal|p1a: Sableye|52\/100\n|\n|upkeep\n|turn|26\n|\n|t:|1699649642\n|move|p2a: Charizard|Flamethrower|p1a: Sableye\n|-damage|p1a: Sableye|3\/100\n|move|p1a: Sableye|Recover|p1a: Sableye\n|-heal|p1a: Sableye|53\/100\n|\n|upkeep\n|turn|27\n|\n|t:|1699649650\n|move|p1a: Sableye|Protect|p1a: Sableye\n|-singleturn|p1a: Sableye|Protect\n|move|p2a: Charizard|Flamethrower|p1a: Sableye\n|-activate|p1a: Sableye|move: Protect\n|\n|upkeep\n|turn|28\n|\n|t:|1699649663\n|switch|p2a: Garganacl|Garganacl, M, tera:Water|99\/100\n|move|p1a: Sableye|Recover|p1a: Sableye\n|-heal|p1a: Sableye|100\/100\n|\n|-heal|p2a: Garganacl|100\/100|[from] item: Leftovers\n|upkeep\n|turn|29\n|\n|t:|1699649673\n|move|p2a: Garganacl|Salt Cure|p1a: Sableye\n|-damage|p1a: Sableye|88\/100\n|-start|p1a: Sableye|Salt Cure\n|move|p1a: Sableye|Knock Off|p2a: Garganacl\n|-damage|p2a: Garganacl|82\/100\n|-enditem|p2a: Garganacl|Leftovers|[from] move: Knock Off|[of] p1a: Sableye\n|\n|-damage|p1a: Sableye|75\/100|[from] Salt Cure\n|upkeep\n|turn|30\n|\n|t:|1699649687\n|switch|p2a: Charizard|Charizard-Mega-Y, F|70\/100\n|-weather|SunnyDay|[from] ability: Drought|[of] p2a: Charizard\n|move|p1a: Sableye|Will-O-Wisp|p2a: Charizard\n|-immune|p2a: Charizard\n|\n|-weather|SunnyDay|[upkeep]\n|-damage|p1a: Sableye|63\/100|[from] Salt Cure\n|upkeep\n|turn|31\n|\n|t:|1699649701\n|move|p2a: Charizard|Solar Beam||[still]\n|-prepare|p2a: Charizard|Solar Beam\n|-anim|p2a: Charizard|Solar Beam|p1a: Sableye\n|-damage|p1a: Sableye|21\/100\n|move|p1a: Sableye|Recover|p1a: Sableye\n|-heal|p1a: Sableye|71\/100\n|\n|-weather|SunnyDay|[upkeep]\n|-damage|p1a: Sableye|59\/100|[from] Salt Cure\n|upkeep\n|turn|32\n|\n|t:|1699649711\n|move|p1a: Sableye|Protect|p1a: Sableye\n|-singleturn|p1a: Sableye|Protect\n|move|p2a: Charizard|Flamethrower|p1a: Sableye\n|-activate|p1a: Sableye|move: Protect\n|\n|-weather|SunnyDay|[upkeep]\n|-damage|p1a: Sableye|47\/100|[from] Salt Cure\n|upkeep\n|turn|33\n|\n|t:|1699649721\n|move|p2a: Charizard|Flamethrower|p1a: Sableye\n|-damage|p1a: Sableye|0 fnt\n|faint|p1a: Sableye\n|\n|-weather|SunnyDay|[upkeep]\n|upkeep\n|\n|t:|1699649723\n|switch|p1a: Zarude|Zarude-Dada|100\/100\n|turn|34\n|\n|t:|1699649737\n|-terastallize|p1a: Zarude|Dark\n|move|p1a: Zarude|Close Combat|p2a: Charizard\n|-resisted|p2a: Charizard\n|-damage|p2a: Charizard|43\/100\n|-unboost|p1a: Zarude|def|1\n|-unboost|p1a: Zarude|spd|1\n|move|p2a: Charizard|Flamethrower|p1a: Zarude\n|-damage|p1a: Zarude|0 fnt\n|faint|p1a: Zarude\n|\n|win|zeonteo\n|raw|Archivanibaldo's rating: 1172 &rarr; <strong>1151<\/strong><br \/>(-21 for losing)\n|raw|zeonteo's rating: 1228 &rarr; <strong>1249<\/strong><br \/>(+21 for winning)\n|l|\u2606Archivanibaldo\n","uploadtime":1699649756,"views":7,"p1id":"archivanibaldo","p2id":"zeonteo","formatid":"gen9nationaldex","rating":1151,"private":0,"password":""}