{"id":"gen9nationaldex-1993578564","p1":"OnlyPyper","p2":"mixco","format":"[Gen 9] National Dex","log":"|j|\u2606OnlyPyper\n|j|\u2606mixco\n|t:|1700333794\n|gametype|singles\n|player|p1|OnlyPyper|shauntal|\n|player|p2|mixco|penny|\n|teamsize|p1|6\n|teamsize|p2|6\n|gen|9\n|tier|[Gen 9] National Dex\n|rule|HP Percentage Mod: HP is shown in percentages\n|rule|Endless Battle Clause: Forcing endless battles is banned\n|rule|OHKO Clause: OHKO moves are banned\n|rule|Evasion Clause: Evasion abilities, items, and moves are banned\n|rule|Evasion Abilities Clause: Evasion abilities are banned\n|rule|Evasion Items Clause: Evasion items are banned\n|rule|Evasion Moves Clause: Evasion moves are banned\n|rule|Species Clause: Limit one of each Pok\u00e9mon\n|rule|Sleep Clause Mod: Limit one foe put to sleep\n|clearpoke\n|poke|p1|Quaquaval, F|\n|poke|p1|Ceruledge, F|\n|poke|p1|Slither Wing|\n|poke|p1|Farigiraf, F|\n|poke|p1|Bombirdier, F|\n|poke|p1|Arboliva, F|\n|poke|p2|Infernape, M|\n|poke|p2|Staraptor, M|\n|poke|p2|Bibarel, F|\n|poke|p2|Luxray, M|\n|poke|p2|Roserade, F|\n|poke|p2|Mamoswine, M|\n|teampreview\n|c|\u2606mixco|Suerte\n|j| Corazonmorado27\n|j| JuzOzuj\n|c| Corazonmorado27|suerte miadas uwu\n|c|\u2606OnlyPyper|Suerte uwu\n|c| JuzOzuj|suerte jotas\n|c|\u2606OnlyPyper|Si Matsuri se muere por otro fuego lucha me cort\u00f3 un wevo\n|\n|t:|1700333873\n|start\n|switch|p1a: Matsuri|Quaquaval, F|100\/100\n|switch|p2a: Arctic|Mamoswine, M|100\/100\n|turn|1\n|\n|t:|1700333881\n|switch|p2a: Star|Staraptor, M|100\/100\n|-ability|p2a: Star|Intimidate|boost\n|-unboost|p1a: Matsuri|atk|1\n|move|p1a: Matsuri|Knock Off|p2a: Star\n|-damage|p2a: Star|87\/100\n|-damage|p1a: Matsuri|84\/100|[from] item: Rocky Helmet|[of] p2a: Star\n|-enditem|p2a: Star|Rocky Helmet|[from] move: Knock Off|[of] p1a: Matsuri\n|\n|upkeep\n|turn|2\n|c| Corazonmorado27|potente\n|\n|t:|1700333910\n|switch|p1a: Aziza|Farigiraf, F|100\/100\n|switch|p2a: Arctic|Mamoswine, M|100\/100\n|\n|upkeep\n|turn|3\n|\n|t:|1700333917\n|switch|p1a: Slither Wing|Slither Wing|100\/100\n|-enditem|p1a: Slither Wing|Booster Energy\n|-activate|p1a: Slither Wing|ability: Protosynthesis|[fromitem]\n|-start|p1a: Slither Wing|protosynthesisatk\n|move|p2a: Arctic|Knock Off|p1a: Slither Wing\n|-resisted|p1a: Slither Wing\n|-damage|p1a: Slither Wing|83\/100\n|\n|upkeep\n|turn|4\n|\n|t:|1700333925\n|switch|p2a: Star|Staraptor, M|87\/100\n|-ability|p2a: Star|Intimidate|boost\n|-unboost|p1a: Slither Wing|atk|1\n|move|p1a: Slither Wing|Flame Charge|p2a: Star\n|-damage|p2a: Star|74\/100\n|-boost|p1a: Slither Wing|spe|1\n|\n|upkeep\n|turn|5\n|c| JuzOzuj|Ekisde\n|\n|t:|1700333938\n|move|p1a: Slither Wing|Close Combat|p2a: Star\n|-damage|p2a: Star|27\/100\n|-unboost|p1a: Slither Wing|def|1\n|-unboost|p1a: Slither Wing|spd|1\n|move|p2a: Star|Roost|p2a: Star\n|-heal|p2a: Star|77\/100\n|-singleturn|p2a: Star|move: Roost\n|\n|upkeep\n|turn|6\n|\n|t:|1700333949\n|move|p1a: Slither Wing|Close Combat|p2a: Star\n|-damage|p2a: Star|34\/100\n|-unboost|p1a: Slither Wing|def|1\n|-unboost|p1a: Slither Wing|spd|1\n|move|p2a: Star|Brave Bird|p1a: Slither Wing\n|-supereffective|p1a: Slither Wing\n|-damage|p1a: Slither Wing|0 fnt\n|faint|p1a: Slither Wing\n|-end|p1a: Slither Wing|Protosynthesis|[silent]\n|-damage|p2a: Star|11\/100|[from] Recoil\n|\n|upkeep\n|c| JuzOzuj|Dios como se la juega pyper\n|\n|t:|1700333964\n|switch|p1a: Odet|Ceruledge, F|100\/100\n|turn|7\n|\n|t:|1700333971\n|switch|p2a: Cast|Bibarel, F|100\/100\n|move|p1a: Odet|Bitter Blade|p2a: Cast\n|-resisted|p2a: Cast\n|-damage|p2a: Cast|69\/100\n|\n|-heal|p2a: Cast|75\/100|[from] item: Leftovers\n|upkeep\n|turn|8\n|c|\u2606OnlyPyper|Tengo miedo\n|c|\u2606OnlyPyper|Pinche castora\n|\n|t:|1700334001\n|move|p2a: Cast|Aqua Jet|p1a: Odet\n|-supereffective|p1a: Odet\n|-damage|p1a: Odet|53\/100\n|-ability|p1a: Odet|Weak Armor|boost\n|-unboost|p1a: Odet|def|1\n|-boost|p1a: Odet|spe|2\n|move|p1a: Odet|Bitter Blade|p2a: Cast\n|-resisted|p2a: Cast\n|-damage|p2a: Cast|42\/100\n|-heal|p1a: Odet|74\/100|[from] drain|[of] p2a: Cast\n|\n|-heal|p2a: Cast|48\/100|[from] item: Leftovers\n|upkeep\n|turn|9\n|c| Corazonmorado27|es cast rosa\n|c| Corazonmorado27|XDXD\n|c| JuzOzuj|Creo que ya te moriste\n|c| JuzOzuj|A NO SER\n|\n|t:|1700334018\n|switch|p1a: Aziza|Farigiraf, F|100\/100\n|move|p2a: Cast|Aqua Jet||[still]\n|cant|p1a: Aziza|ability: Armor Tail|Aqua Jet|[of] p2a: Cast\n|\n|-heal|p2a: Cast|54\/100|[from] item: Leftovers\n|upkeep\n|turn|10\n|c| JuzOzuj|xd\n|c| Corazonmorado27|sorry, no pod\u00eda aguantar el chiste\n|c| JuzOzuj|dios cora\n|c| JuzOzuj|lpm\n|c| JuzOzuj|:when5turns:\n|c| JuzOzuj|XD\n|c| Corazonmorado27|XD\n|c|\u2606OnlyPyper|Me encanta que Aziza tenga presencia regia 2.0\n|\n|t:|1700334057\n|move|p2a: Cast|Substitute|p2a: Cast\n|-start|p2a: Cast|Substitute\n|-damage|p2a: Cast|29\/100\n|move|p1a: Aziza|Psyshock|p2a: Cast\n|-crit|p2a: Cast\n|-end|p2a: Cast|Substitute\n|\n|-heal|p2a: Cast|35\/100|[from] item: Leftovers\n|upkeep\n|turn|11\n|c| Corazonmorado27|XD\n|c| JuzOzuj|xd\n|c| Corazonmorado27|y se saca un sombrero vaquero de la cola\n|c| Corazonmorado27|ok no XD\n|c|\u2606OnlyPyper|Ya no tiene cola\n|c| Corazonmorado27|de las patas, idk\n|c| Corazonmorado27|la cosa es ponerle sombrero regio\n|c| Corazonmorado27|XD\n|\n|t:|1700334106\n|switch|p2a: Arctic|Mamoswine, M|100\/100\n|move|p1a: Aziza|Psyshock|p2a: Arctic\n|-damage|p2a: Arctic|70\/100\n|\n|upkeep\n|turn|12\n|c|\u2606OnlyPyper|Ekisde\n|\n|t:|1700334116\n|switch|p1a: Matsuri|Quaquaval, F|84\/100\n|move|p2a: Arctic|Knock Off|p1a: Matsuri\n|-resisted|p1a: Matsuri\n|-damage|p1a: Matsuri|62\/100\n|-enditem|p1a: Matsuri|Heavy-Duty Boots|[from] move: Knock Off|[of] p2a: Arctic\n|\n|upkeep\n|turn|13\n|c| Corazonmorado27|artic es defensivo f\u00edsico, no?\n|c|\u2606OnlyPyper|Especial\n|c| JuzOzuj|Fari es evo de gira no?\n|c| Corazonmorado27|arctic*\n|c|\u2606OnlyPyper|F\u00edsico es Star\n|c| Corazonmorado27|ya\n|c| Corazonmorado27|si juzo\n|\n|t:|1700334140\n|switch|p2a: Star|Staraptor, M|11\/100\n|-ability|p2a: Star|Intimidate|boost\n|-unboost|p1a: Matsuri|atk|1\n|move|p1a: Matsuri|Roost|p1a: Matsuri\n|-heal|p1a: Matsuri|100\/100\n|-singleturn|p1a: Matsuri|move: Roost\n|\n|upkeep\n|turn|14\n|c| JuzOzuj|A lol\n|c| JuzOzuj|xd\n|\n|t:|1700334153\n|move|p1a: Matsuri|Close Combat|p2a: Star\n|-damage|p2a: Star|0 fnt\n|-unboost|p1a: Matsuri|def|1\n|-unboost|p1a: Matsuri|spd|1\n|faint|p2a: Star\n|-ability|p1a: Matsuri|Moxie|boost\n|-boost|p1a: Matsuri|atk|1\n|\n|upkeep\n|c| Corazonmorado27|es pal\u00edndromo como girafarig babosa\n|c| JuzOzuj|ya se\n|c| Corazonmorado27|XD\n|c| JuzOzuj|pero lo preguntaba\n|\n|t:|1700334173\n|switch|p2a: Silvina|Roserade, F|100\/100\n|turn|15\n|c| JuzOzuj|por lo de las formas regionales y eso\n|c| JuzOzuj|esa mamada\n|c| Corazonmorado27|ya\n|c| JuzOzuj|me tiene toda confundida desde hace rato\n|c| JuzOzuj|XD\n|c| Corazonmorado27|es directamente evo\n|c|\u2606OnlyPyper|Cualquier oportunidad para decirte babosa la va a usar\n|c| Corazonmorado27|sis uwu\n|\n|t:|1700334192\n|switch|p1a: Aziza|Farigiraf, F|100\/100\n|move|p2a: Silvina|Sludge Bomb|p1a: Aziza\n|-damage|p1a: Aziza|71\/100\n|-status|p1a: Aziza|psn\n|\n|-damage|p1a: Aziza|58\/100 psn|[from] psn\n|upkeep\n|turn|16\n|c| JuzOzuj|Y si xd\n|c| JuzOzuj|Btw\n|c| JuzOzuj|mi nick\n|\n|t:|1700334203\n|switch|p2a: Arctic|Mamoswine, M|70\/100\n|move|p1a: Aziza|Reflect|p1a: Aziza\n|-sidestart|p1: OnlyPyper|Reflect\n|\n|-damage|p1a: Aziza|46\/100 psn|[from] psn\n|upkeep\n|turn|17\n|c| Corazonmorado27|lo s\u00e9\n|c| JuzOzuj|XD\n|\n|t:|1700334216\n|move|p2a: Arctic|Knock Off|p1a: Aziza\n|-supereffective|p1a: Aziza\n|-damage|p1a: Aziza|5\/100 psn\n|-enditem|p1a: Aziza|Light Clay|[from] move: Knock Off|[of] p2a: Arctic\n|move|p1a: Aziza|Light Screen|p1a: Aziza\n|-sidestart|p1: OnlyPyper|move: Light Screen\n|\n|-damage|p1a: Aziza|0 fnt|[from] psn\n|faint|p1a: Aziza\n|upkeep\n|c| Corazonmorado27|desde hace un chingo not\u00e9 eso\n|\n|t:|1700334240\n|switch|p1a: Seina|Arboliva, F|100\/100\n|turn|18\n|c|\u2606mixco|Todo el mudno xd\n|c|\u2606mixco|Y mundo tmb\n|c| Corazonmorado27|XD\n|\n|t:|1700334250\n|switch|p2a: Silvina|Roserade, F|100\/100\n|move|p1a: Seina|Leaf Storm|p2a: Silvina\n|-resisted|p2a: Silvina\n|-damage|p2a: Silvina|64\/100\n|-unboost|p1a: Seina|spa|2\n|\n|upkeep\n|turn|19\n|c| JuzOzuj|Ya ni me dejaron hablar XD\n|c| JuzOzuj|xddddddddd\n|c| JuzOzuj|pero si\n|\n|t:|1700334260\n|switch|p1a: Toriat|Bombirdier, F|100\/100\n|move|p2a: Silvina|Sludge Bomb|p1a: Toriat\n|-damage|p1a: Toriat|73\/100\n|-status|p1a: Toriat|psn\n|\n|-damage|p1a: Toriat|61\/100 psn|[from] psn\n|upkeep\n|turn|20\n|c| Corazonmorado27|rico\n|c|\u2606mixco|Oye lo de los problemas de estado en la descripci\u00f3n no esta de adorno eh\n|c| Corazonmorado27|XD\n|c| JuzOzuj|XDDDDD\n|c|\u2606OnlyPyper|A veces si\n|c|\u2606mixco|Yo decia la descripci\u00f3n de mi rosa xd\n|c| JuzOzuj|AWEVO\n|\n|t:|1700334317\n|switch|p2a: Voltio|Luxray, M|100\/100\n|move|p1a: Toriat|Knock Off|p2a: Voltio\n|-damage|p2a: Voltio|51\/100\n|-enditem|p2a: Voltio|Flame Orb|[from] move: Knock Off|[of] p1a: Toriat\n|\n|-damage|p1a: Toriat|48\/100 psn|[from] psn\n|upkeep\n|turn|21\n|c| JuzOzuj|nuevo video de tontaro de meowscarada\n|c| Corazonmorado27|XDXDXDXD\n|c| JuzOzuj|ahorita lo paso por el server\n|c|\u2606OnlyPyper|Perfe\n|c| JuzOzuj|EKISDE\n|\n|t:|1700334333\n|move|p1a: Toriat|Stealth Rock|p2a: Voltio\n|-sidestart|p2: mixco|move: Stealth Rock\n|move|p2a: Voltio|Wild Charge|p1a: Toriat\n|-supereffective|p1a: Toriat\n|-damage|p1a: Toriat|0 fnt\n|faint|p1a: Toriat\n|-damage|p2a: Voltio|38\/100|[from] Recoil\n|\n|-sideend|p1: OnlyPyper|move: Light Screen\n|upkeep\n|c| JuzOzuj|XDDDDDDDDDDDDDDDDDDDDD\n|c| Corazonmorado27|y voltio ya no se puso hot\n|c| Corazonmorado27|XD\n|\n|t:|1700334342\n|switch|p1a: Odet|Ceruledge, F|74\/100\n|turn|22\n|c| JuzOzuj|XDDDDD\n|l|\u2606mixco\n|player|p2|\n|c| JuzOzuj|pinche luxray puto, nunca me gusto pero na mas por voltio me empeso a agradar alv\n|c| JuzOzuj|xD\n|c| Corazonmorado27|XDXD\n|c|\u2606OnlyPyper|Sd muri\u00f3 mixco ekisde\n|c| JuzOzuj|chales\n|c| Corazonmorado27|efe mixco\n|c| JuzOzuj|esperemos a ver si vuelve\n|c| Corazonmorado27|un minuto de silencio por ella\n|c|\u2606OnlyPyper|Weno\n|c| JuzOzuj|* procede a cantar *\n|j|\u2606mixco\n|player|p2|mixco|penny\n|c| Corazonmorado27|que un minuto de silencio pta\n|c| Corazonmorado27|a\n|c| JuzOzuj|XDDD\n|c| Corazonmorado27|vorvio\n|c|\u2606OnlyPyper|Volvi\u00f3\n|\n|t:|1700334451\n|move|p1a: Odet|Swords Dance|p1a: Odet\n|-boost|p1a: Odet|atk|2\n|move|p2a: Voltio|Volt Switch|p1a: Odet\n|-damage|p1a: Odet|48\/100\n|c| JuzOzuj|rivivio\n|\n|t:|1700334457\n|switch|p2a: Cast|Bibarel, F|35\/100|[from] Volt Switch\n|-damage|p2a: Cast|23\/100|[from] Stealth Rock\n|\n|-heal|p2a: Cast|29\/100|[from] item: Leftovers\n|upkeep\n|turn|23\n|c| JuzOzuj|pero odet es mas rapida no?\n|c| Corazonmorado27|sis\n|c| JuzOzuj|a co\u00f1o\n|c|\u2606OnlyPyper|Aqua Jet\n|c| JuzOzuj|tipo normal\n|c| JuzOzuj|XD\n|\n|t:|1700334484\n|-terastallize|p2a: Cast|Water\n|move|p2a: Cast|Aqua Jet|p1a: Odet\n|-supereffective|p1a: Odet\n|-damage|p1a: Odet|17\/100\n|-ability|p1a: Odet|Weak Armor|boost\n|-unboost|p1a: Odet|def|1\n|-boost|p1a: Odet|spe|2\n|move|p1a: Odet|Bitter Blade|p2a: Cast\n|-resisted|p2a: Cast\n|-damage|p2a: Cast|0 fnt\n|-heal|p1a: Odet|35\/100|[from] drain|[of] p2a: Cast\n|faint|p2a: Cast\n|\n|-sideend|p1: OnlyPyper|Reflect\n|upkeep\n|c| JuzOzuj|si si\n|c| JuzOzuj|DAFUK\n|c| JuzOzuj|top 10 peleas epicas del anime\n|c|\u2606mixco|Sabia que la pantalla me iba a joder un buen eato\n|c|\u2606OnlyPyper|Uwu\n|c|\u2606OnlyPyper|Tkm Aziza uwu\n|\n|t:|1700334541\n|switch|p2a: Inferno|Infernape, M|100\/100\n|-damage|p2a: Inferno|88\/100|[from] Stealth Rock\n|turn|24\n|c| JuzOzuj|Matsuri sigue siendo support? xd\n|\n|t:|1700334553\n|move|p1a: Odet|Poltergeist|p2a: Inferno\n|-activate|p2a: Inferno|move: Poltergeist|Choice Specs\n|-damage|p2a: Inferno|0 fnt\n|faint|p2a: Inferno\n|\n|upkeep\n|c|\u2606OnlyPyper|Si\u00f1\n|c|\u2606mixco|gg\n|c|\u2606OnlyPyper|Y sip tmb\n|\n|t:|1700334580\n|switch|p2a: Arctic|Mamoswine, M|70\/100\n|-damage|p2a: Arctic|58\/100|[from] Stealth Rock\n|turn|25\n|c|\u2606OnlyPyper|Creo que a\u00fan no es gg\n|\n|t:|1700334594\n|move|p2a: Arctic|Ice Shard|p1a: Odet\n|-resisted|p1a: Odet\n|-damage|p1a: Odet|10\/100\n|-ability|p1a: Odet|Weak Armor|boost\n|-unboost|p1a: Odet|def|1\n|-boost|p1a: Odet|spe|2\n|move|p1a: Odet|Bitter Blade|p2a: Arctic\n|-supereffective|p2a: Arctic\n|-damage|p2a: Arctic|0 fnt\n|-heal|p1a: Odet|50\/100|[from] drain|[of] p2a: Arctic\n|faint|p2a: Arctic\n|\n|upkeep\n|c| JuzOzuj|gg\n|c| Corazonmorado27|gg\n|c|\u2606OnlyPyper|Okei si es\n|c|\u2606OnlyPyper|Gg\n|c|\u2606mixco|Era obvio que no mataba xd\n|\n|t:|1700334619\n|switch|p2a: Silvina|Roserade, F|64\/100\n|-damage|p2a: Silvina|52\/100|[from] Stealth Rock\n|turn|26\n|\n|t:|1700334627\n|move|p1a: Odet|Shadow Sneak|p2a: Silvina\n|-damage|p2a: Silvina|0 fnt\n|faint|p2a: Silvina\n|\n|upkeep\n|c| Corazonmorado27|sal de ah\u00ed silvina\n|c| JuzOzuj|Te ubiera salvado un crit\n|\n|t:|1700334629\n|switch|p2a: Voltio|Luxray, M|38\/100\n|-damage|p2a: Voltio|25\/100|[from] Stealth Rock\n|turn|27\n|c| Corazonmorado27|gg\n|\n|t:|1700334637\n|move|p1a: Odet|Shadow Sneak|p2a: Voltio\n|-damage|p2a: Voltio|0 fnt\n|faint|p2a: Voltio\n|\n|win|OnlyPyper\n|c| JuzOzuj|gg\n|c|\u2606OnlyPyper|Gg\n|c|\u2606OnlyPyper|Y Matsuri no hizo nada ekisde\n|c| Corazonmorado27|ekisde\n|c|\u2606mixco|Lo puse hacer mejor xdddd\n|c|\u2606mixco|Si era ganable ekisde\n|l|\u2606mixco\n","uploadtime":1700334753,"views":6,"p1id":"onlypyper","p2id":"mixco","formatid":"gen9nationaldex","rating":0,"private":0,"password":""}