{"id":"gen9nationaldex-1996637701","p1":"2764ou","p2":"hutoew","format":"[Gen 9] National Dex","log":"|html|<div class=\"broadcast-blue\"><strong>[Gen 9] National Dex is currently suspecting Sneasler! For information on how to participate check out the <a href=\"https:\/\/www.smogon.com\/forums\/threads\/sv-national-dex-suspect-8-just-dance.3731534\/\">suspect thread<\/a>.<\/strong><\/div>\n|j|\u26062764ou\n|j|\u2606hutoew\n|t:|1700703638\n|gametype|singles\n|player|p1|2764ou|dawn|1120\n|player|p2|hutoew|hilda|1209\n|teamsize|p1|6\n|teamsize|p2|6\n|gen|9\n|tier|[Gen 9] National Dex\n|rated|\n|rule|HP Percentage Mod: HP is shown in percentages\n|rule|Endless Battle Clause: Forcing endless battles is banned\n|rule|OHKO Clause: OHKO moves are banned\n|rule|Evasion Clause: Evasion abilities, items, and moves are banned\n|rule|Evasion Abilities Clause: Evasion abilities are banned\n|rule|Evasion Items Clause: Evasion items are banned\n|rule|Evasion Moves Clause: Evasion moves are banned\n|rule|Species Clause: Limit one of each Pok\u00e9mon\n|rule|Sleep Clause Mod: Limit one foe put to sleep\n|clearpoke\n|poke|p1|Haxorus, F|\n|poke|p1|Tapu Lele|\n|poke|p1|Skarmory, F|\n|poke|p1|Charizard, M|\n|poke|p1|Ting-Lu|\n|poke|p1|Ceruledge, M|\n|poke|p2|Roserade, M|\n|poke|p2|Zeraora|\n|poke|p2|Ferrothorn, F|\n|poke|p2|Centiskorch, M|\n|poke|p2|Landorus-Therian, M|\n|poke|p2|Turtonator, F|\n|teampreview\n|\n|t:|1700703654\n|start\n|switch|p1a: Ting-Lu|Ting-Lu|100\/100\n|switch|p2a: Roserade|Roserade, M|100\/100\n|-ability|p1a: Ting-Lu|Vessel of Ruin\n|turn|1\n|\n|t:|1700703668\n|move|p2a: Roserade|Energy Ball|p1a: Ting-Lu\n|-supereffective|p1a: Ting-Lu\n|-damage|p1a: Ting-Lu|50\/100\n|-unboost|p1a: Ting-Lu|spd|1\n|-damage|p2a: Roserade|91\/100|[from] item: Life Orb\n|move|p1a: Ting-Lu|Stealth Rock|p2a: Roserade\n|-sidestart|p2: hutoew|move: Stealth Rock\n|\n|-heal|p1a: Ting-Lu|57\/100|[from] item: Leftovers\n|upkeep\n|turn|2\n|\n|t:|1700703679\n|switch|p1a: Charizard|Charizard, M|100\/100\n|move|p2a: Roserade|Energy Ball|p1a: Charizard\n|-resisted|p1a: Charizard\n|-damage|p1a: Charizard|80\/100\n|-unboost|p1a: Charizard|spd|1\n|-damage|p2a: Roserade|81\/100|[from] item: Life Orb\n|\n|upkeep\n|turn|3\n|\n|t:|1700703690\n|-terastallize|p2a: Roserade|Water\n|move|p1a: Charizard|Dragon Dance|p1a: Charizard\n|-boost|p1a: Charizard|atk|1\n|-boost|p1a: Charizard|spe|1\n|move|p2a: Roserade|Hidden Power|p1a: Charizard\n|-supereffective|p1a: Charizard\n|-damage|p1a: Charizard|0 fnt\n|faint|p1a: Charizard\n|-damage|p2a: Roserade|71\/100|[from] item: Life Orb\n|\n|upkeep\n|\n|t:|1700703703\n|switch|p1a: Tapu Lele|Tapu Lele|100\/100\n|-fieldstart|move: Psychic Terrain|[from] ability: Psychic Surge|[of] p1a: Tapu Lele\n|turn|4\n|\n|t:|1700703732\n|move|p1a: Tapu Lele|Energy Ball|p2a: Roserade\n|-supereffective|p2a: Roserade\n|-damage|p2a: Roserade|0 fnt\n|faint|p2a: Roserade\n|\n|upkeep\n|\n|t:|1700703736\n|switch|p2a: Turtonator|Turtonator, F|100\/100\n|turn|5\n|\n|t:|1700703743\n|switch|p1a: Ting-Lu|Ting-Lu|57\/100\n|-ability|p1a: Ting-Lu|Vessel of Ruin\n|move|p2a: Turtonator|Flash Cannon|p1a: Ting-Lu\n|-damage|p1a: Ting-Lu|46\/100\n|-unboost|p1a: Ting-Lu|spd|1\n|\n|-heal|p1a: Ting-Lu|52\/100|[from] item: Leftovers\n|upkeep\n|turn|6\n|\n|t:|1700703754\n|move|p1a: Ting-Lu|Earthquake|p2a: Turtonator\n|-supereffective|p2a: Turtonator\n|-damage|p2a: Turtonator|42\/100\n|move|p2a: Turtonator|Rapid Spin|p1a: Ting-Lu\n|-damage|p1a: Ting-Lu|47\/100\n|-boost|p2a: Turtonator|spe|1\n|-sideend|p2: hutoew|Stealth Rock|[from] move: Rapid Spin|[of] p2a: Turtonator\n|\n|-heal|p1a: Ting-Lu|53\/100|[from] item: Leftovers\n|upkeep\n|turn|7\n|\n|t:|1700703765\n|switch|p2a: Landorus|Landorus-Therian, M|100\/100\n|-ability|p2a: Landorus|Intimidate|boost\n|-unboost|p1a: Ting-Lu|atk|1\n|move|p1a: Ting-Lu|Earthquake|p2a: Landorus\n|-immune|p2a: Landorus\n|\n|-heal|p1a: Ting-Lu|60\/100|[from] item: Leftovers\n|upkeep\n|turn|8\n|\n|t:|1700703775\n|move|p2a: Landorus|U-turn|p1a: Ting-Lu\n|-supereffective|p1a: Ting-Lu\n|-damage|p1a: Ting-Lu|30\/100\n|\n|t:|1700703779\n|switch|p2a: Centiskorch|Centiskorch, M|100\/100|[from] U-turn\n|move|p1a: Ting-Lu|Ruination|p2a: Centiskorch\n|-damage|p2a: Centiskorch|51\/100\n|\n|-heal|p1a: Ting-Lu|37\/100|[from] item: Leftovers\n|-fieldend|move: Psychic Terrain\n|upkeep\n|turn|9\n|\n|t:|1700703791\n|move|p2a: Centiskorch|Will-O-Wisp|p1a: Ting-Lu\n|-status|p1a: Ting-Lu|brn\n|move|p1a: Ting-Lu|Earthquake|p2a: Centiskorch\n|-damage|p2a: Centiskorch|36\/100\n|\n|-heal|p1a: Ting-Lu|43\/100 brn|[from] item: Leftovers\n|-damage|p1a: Ting-Lu|37\/100 brn|[from] brn\n|upkeep\n|turn|10\n|\n|t:|1700703799\n|move|p2a: Centiskorch|Leech Life|p1a: Ting-Lu\n|-supereffective|p1a: Ting-Lu\n|-damage|p1a: Ting-Lu|0 fnt\n|-heal|p2a: Centiskorch|60\/100|[from] drain|[of] p1a: Ting-Lu\n|faint|p1a: Ting-Lu\n|\n|upkeep\n|\n|t:|1700703806\n|switch|p1a: Ceruledge|Ceruledge, M|100\/100\n|turn|11\n|\n|t:|1700703814\n|move|p1a: Ceruledge|Swords Dance|p1a: Ceruledge\n|-boost|p1a: Ceruledge|atk|2\n|move|p2a: Centiskorch|Knock Off|p1a: Ceruledge\n|-supereffective|p1a: Ceruledge\n|-damage|p1a: Ceruledge|5\/100\n|-enditem|p1a: Ceruledge|Heavy-Duty Boots|[from] move: Knock Off|[of] p2a: Centiskorch\n|\n|upkeep\n|turn|12\n|\n|t:|1700703824\n|switch|p2a: Landorus|Landorus-Therian, M|100\/100\n|-ability|p2a: Landorus|Intimidate|boost\n|-unboost|p1a: Ceruledge|atk|1\n|move|p1a: Ceruledge|Shadow Sneak|p2a: Landorus\n|-damage|p2a: Landorus|64\/100\n|\n|-heal|p2a: Landorus|70\/100|[from] item: Leftovers\n|upkeep\n|turn|13\n|\n|t:|1700703833\n|move|p1a: Ceruledge|Shadow Sneak|p2a: Landorus\n|-damage|p2a: Landorus|33\/100\n|move|p2a: Landorus|U-turn|p1a: Ceruledge\n|-resisted|p1a: Ceruledge\n|-damage|p1a: Ceruledge|0 fnt\n|faint|p1a: Ceruledge\n|\n|t:|1700703842\n|switch|p2a: Centiskorch|Centiskorch, M|60\/100|[from] U-turn\n|\n|upkeep\n|\n|t:|1700703847\n|switch|p1a: Haxorus|Haxorus, F|100\/100\n|-ability|p1a: Haxorus|Mold Breaker\n|turn|14\n|\n|t:|1700703851\n|move|p1a: Haxorus|Dragon Dance|p1a: Haxorus\n|-boost|p1a: Haxorus|atk|1\n|-boost|p1a: Haxorus|spe|1\n|move|p2a: Centiskorch|Will-O-Wisp|p1a: Haxorus\n|-status|p1a: Haxorus|brn\n|-enditem|p1a: Haxorus|Lum Berry|[eat]\n|-curestatus|p1a: Haxorus|brn|[msg]\n|\n|upkeep\n|turn|15\n|\n|t:|1700703867\n|move|p1a: Haxorus|Dragon Dance|p1a: Haxorus\n|-boost|p1a: Haxorus|atk|1\n|-boost|p1a: Haxorus|spe|1\n|move|p2a: Centiskorch|Will-O-Wisp|p1a: Haxorus\n|-status|p1a: Haxorus|brn\n|\n|-damage|p1a: Haxorus|94\/100 brn|[from] brn\n|upkeep\n|turn|16\n|\n|t:|1700703876\n|move|p1a: Haxorus|Outrage|p2a: Centiskorch\n|-damage|p2a: Centiskorch|0 fnt\n|faint|p2a: Centiskorch\n|\n|-damage|p1a: Haxorus|88\/100 brn|[from] brn\n|upkeep\n|\n|t:|1700703880\n|switch|p2a: Landorus|Landorus-Therian, M|33\/100\n|-ability|p2a: Landorus|Intimidate|boost\n|-unboost|p1a: Haxorus|atk|1\n|turn|17\n|\n|t:|1700703887\n|switch|p2a: Turtonator|Turtonator, F|42\/100\n|move|p1a: Haxorus|Outrage|p2a: Turtonator|[from]lockedmove\n|-supereffective|p2a: Turtonator\n|-damage|p2a: Turtonator|0 fnt\n|faint|p2a: Turtonator\n|\n|-damage|p1a: Haxorus|82\/100 brn|[from] brn\n|upkeep\n|\n|t:|1700703889\n|switch|p2a: Landorus|Landorus-Therian, M|33\/100\n|-ability|p2a: Landorus|Intimidate|boost\n|-unboost|p1a: Haxorus|atk|1\n|turn|18\n|\n|t:|1700703900\n|move|p1a: Haxorus|Outrage|p2a: Landorus|[from]lockedmove\n|-damage|p2a: Landorus|0 fnt\n|faint|p2a: Landorus\n|-start|p1a: Haxorus|confusion|[fatigue]\n|\n|-damage|p1a: Haxorus|76\/100 brn|[from] brn\n|upkeep\n|\n|t:|1700703904\n|switch|p2a: Ferrothorn|Ferrothorn, F|100\/100\n|turn|19\n|\n|t:|1700703919\n|-activate|p1a: Haxorus|confusion\n|move|p1a: Haxorus|Dragon Dance|p1a: Haxorus\n|-boost|p1a: Haxorus|atk|1\n|-boost|p1a: Haxorus|spe|1\n|move|p2a: Ferrothorn|Gyro Ball|p1a: Haxorus\n|-damage|p1a: Haxorus|14\/100 brn\n|\n|-damage|p1a: Haxorus|8\/100 brn|[from] brn\n|upkeep\n|turn|20\n|\n|t:|1700703928\n|-activate|p1a: Haxorus|confusion\n|-damage|p1a: Haxorus|0 fnt|[from] confusion\n|faint|p1a: Haxorus\n|move|p2a: Ferrothorn|Stealth Rock|p1: Haxorus\n|-sidestart|p1: 2764ou|move: Stealth Rock\n|\n|upkeep\n|\n|t:|1700703934\n|switch|p1a: Skarmory|Skarmory, F|100\/100\n|-damage|p1a: Skarmory|88\/100|[from] Stealth Rock\n|turn|21\n|\n|t:|1700703939\n|move|p1a: Skarmory|Body Press|p2a: Ferrothorn\n|-supereffective|p2a: Ferrothorn\n|-damage|p2a: Ferrothorn|61\/100\n|-damage|p1a: Skarmory|76\/100|[from] ability: Iron Barbs|[of] p2a: Ferrothorn\n|-damage|p1a: Skarmory|59\/100|[from] item: Rocky Helmet|[of] p2a: Ferrothorn\n|move|p2a: Ferrothorn|Leech Seed|p1a: Skarmory\n|-start|p1a: Skarmory|move: Leech Seed\n|\n|-damage|p1a: Skarmory|47\/100|[from] Leech Seed|[of] p2a: Ferrothorn\n|-heal|p2a: Ferrothorn|72\/100|[silent]\n|upkeep\n|turn|22\n|\n|t:|1700703950\n|switch|p2a: Zeraora|Zeraora|100\/100\n|move|p1a: Skarmory|Spikes|p2a: Zeraora\n|-sidestart|p2: hutoew|Spikes\n|\n|-damage|p1a: Skarmory|35\/100|[from] Leech Seed|[of] p2a: Zeraora\n|upkeep\n|turn|23\n|\n|t:|1700703958\n|move|p2a: Zeraora|Volt Switch|p1a: Skarmory\n|-supereffective|p1a: Skarmory\n|-crit|p1a: Skarmory\n|-damage|p1a: Skarmory|0 fnt\n|faint|p1a: Skarmory\n|\n|t:|1700703960\n|switch|p2a: Ferrothorn|Ferrothorn, F|72\/100|[from] Volt Switch\n|-damage|p2a: Ferrothorn|60\/100|[from] Spikes\n|\n|upkeep\n|\n|t:|1700703967\n|switch|p1a: Tapu Lele|Tapu Lele|100\/100\n|-damage|p1a: Tapu Lele|88\/100|[from] Stealth Rock\n|-fieldstart|move: Psychic Terrain|[from] ability: Psychic Surge|[of] p1a: Tapu Lele\n|turn|24\n|\n|t:|1700703973\n|move|p1a: Tapu Lele|Focus Blast|p2a: Ferrothorn\n|-supereffective|p2a: Ferrothorn\n|-damage|p2a: Ferrothorn|0 fnt\n|faint|p2a: Ferrothorn\n|\n|upkeep\n|\n|t:|1700703975\n|switch|p2a: Zeraora|Zeraora|100\/100\n|turn|25\n|\n|t:|1700703981\n|move|p1a: Tapu Lele|Focus Blast|p2a: Zeraora\n|-damage|p2a: Zeraora|44\/100\n|move|p2a: Zeraora|Knock Off|p1a: Tapu Lele\n|-crit|p1a: Tapu Lele\n|-damage|p1a: Tapu Lele|20\/100\n|-enditem|p1a: Tapu Lele|Choice Scarf|[from] move: Knock Off|[of] p2a: Zeraora\n|\n|upkeep\n|turn|26\n|\n|t:|1700703989\n|move|p2a: Zeraora|Plasma Fists|p1a: Tapu Lele\n|-damage|p1a: Tapu Lele|0 fnt\n|-fieldactivate|move: Ion Deluge\n|-hint|Normal-type moves become Electric-type after using Plasma Fists.\n|faint|p1a: Tapu Lele\n|\n|win|hutoew\n|raw|2764ou's rating: 1120 &rarr; <strong>1101<\/strong><br \/>(-19 for losing)\n|raw|hutoew's rating: 1209 &rarr; <strong>1228<\/strong><br \/>(+19 for winning)\n|l|\u26062764ou\n","uploadtime":1700704014,"views":2,"p1id":"2764ou","p2id":"hutoew","formatid":"gen9nationaldex","rating":1101,"private":0,"password":""}