{"id":"gen9nationaldex-1998525543","p1":"Mob Boss Joey","p2":"Ryan96t","format":"[Gen 9] National Dex","log":"|html|<div class=\"broadcast-blue\"><strong>[Gen 9] National Dex is currently suspecting Sneasler! For information on how to participate check out the <a href=\"https:\/\/www.smogon.com\/forums\/threads\/sv-national-dex-suspect-8-just-dance.3731534\/\">suspect thread<\/a>.<\/strong><\/div>\n|j|\u2606Mob Boss Joey\n|j|\u2606Ryan96t\n|t:|1700952277\n|gametype|singles\n|player|p1|Mob Boss Joey|169|1195\n|player|p2|Ryan96t|169|1106\n|teamsize|p1|6\n|teamsize|p2|4\n|gen|9\n|tier|[Gen 9] National Dex\n|rated|\n|rule|HP Percentage Mod: HP is shown in percentages\n|rule|Endless Battle Clause: Forcing endless battles is banned\n|rule|OHKO Clause: OHKO moves are banned\n|rule|Evasion Clause: Evasion abilities, items, and moves are banned\n|rule|Evasion Abilities Clause: Evasion abilities are banned\n|rule|Evasion Items Clause: Evasion items are banned\n|rule|Evasion Moves Clause: Evasion moves are banned\n|rule|Species Clause: Limit one of each Pok\u00e9mon\n|rule|Sleep Clause Mod: Limit one foe put to sleep\n|clearpoke\n|poke|p1|Munkidori, M|\n|poke|p1|Quagsire, M|\n|poke|p1|Wormadam-Trash, F|\n|poke|p1|Iron Valiant|\n|poke|p1|Banette, M|\n|poke|p1|Pawmot, F|\n|poke|p2|Comfey, M|\n|poke|p2|Rillaboom, F|\n|poke|p2|Espeon, F|\n|poke|p2|Ninetales-Alola, M|\n|teampreview\n|inactive|Battle timer is ON: inactive players will automatically lose when time's up. (requested by Ryan96t)\n|\n|t:|1700952285\n|start\n|switch|p1a: Basura|Wormadam-Trash, F|100\/100\n|switch|p2a: Espeon|Espeon, F|100\/100\n|turn|1\n|\n|t:|1700952290\n|move|p2a: Espeon|Light Screen|p2a: Espeon\n|-sidestart|p2: Ryan96t|move: Light Screen\n|move|p1a: Basura|Quiver Dance|p1a: Basura\n|-boost|p1a: Basura|spa|1\n|-boost|p1a: Basura|spd|1\n|-boost|p1a: Basura|spe|1\n|\n|upkeep\n|turn|2\n|\n|t:|1700952296\n|move|p2a: Espeon|Thunder Wave|p1a: Basura\n|-status|p1a: Basura|par\n|move|p1a: Basura|Quiver Dance|p1a: Basura\n|-boost|p1a: Basura|spa|1\n|-boost|p1a: Basura|spd|1\n|-boost|p1a: Basura|spe|1\n|\n|upkeep\n|turn|3\n|\n|t:|1700952309\n|move|p2a: Espeon|Reflect|p2a: Espeon\n|-sidestart|p2: Ryan96t|Reflect\n|move|p1a: Basura|Quiver Dance|p1a: Basura\n|-boost|p1a: Basura|spa|1\n|-boost|p1a: Basura|spd|1\n|-boost|p1a: Basura|spe|1\n|\n|upkeep\n|turn|4\n|j| Alpha Arceus\n|\n|t:|1700952314\n|switch|p2a: Ninetales|Ninetales-Alola, M|100\/100\n|-weather|Snow|[from] ability: Snow Warning|[of] p2a: Ninetales\n|cant|p1a: Basura|par\n|\n|-weather|Snow|[upkeep]\n|upkeep\n|turn|5\n|\n|t:|1700952324\n|move|p2a: Ninetales|Aurora Veil|p2a: Ninetales\n|-sidestart|p2: Ryan96t|move: Aurora Veil\n|cant|p1a: Basura|par\n|\n|-weather|Snow|[upkeep]\n|upkeep\n|turn|6\n|\n|t:|1700952331\n|move|p2a: Ninetales|Encore|p1a: Basura\n|-start|p1a: Basura|Encore\n|move|p1a: Basura|Quiver Dance|p1a: Basura\n|-boost|p1a: Basura|spa|1\n|-boost|p1a: Basura|spd|1\n|-boost|p1a: Basura|spe|1\n|\n|-weather|Snow|[upkeep]\n|upkeep\n|turn|7\n|\n|t:|1700952338\n|switch|p2a: Rillaboom|Rillaboom, F|100\/100\n|-fieldstart|move: Grassy Terrain|[from] ability: Grassy Surge|[of] p2a: Rillaboom\n|move|p1a: Basura|Quiver Dance|p1a: Basura\n|-boost|p1a: Basura|spa|1\n|-boost|p1a: Basura|spd|1\n|-boost|p1a: Basura|spe|1\n|\n|-weather|Snow|[upkeep]\n|upkeep\n|turn|8\n|\n|t:|1700952346\n|move|p1a: Basura|Quiver Dance|p1a: Basura\n|-boost|p1a: Basura|spa|1\n|-boost|p1a: Basura|spd|1\n|-boost|p1a: Basura|spe|1\n|move|p2a: Rillaboom|Earthquake|p1a: Basura\n|-damage|p1a: Basura|77\/100 par\n|\n|-weather|none\n|-heal|p1a: Basura|83\/100 par|[from] Grassy Terrain\n|-end|p1a: Basura|Encore\n|-sideend|p2: Ryan96t|move: Light Screen\n|upkeep\n|turn|9\n|\n|t:|1700952356\n|move|p2a: Rillaboom|Grassy Glide|p1a: Basura\n|-resisted|p1a: Basura\n|-damage|p1a: Basura|71\/100 par\n|move|p1a: Basura|Bug Buzz|p2a: Rillaboom\n|-supereffective|p2a: Rillaboom\n|-damage|p2a: Rillaboom|0 fnt\n|faint|p2a: Rillaboom\n|\n|-heal|p1a: Basura|77\/100 par|[from] Grassy Terrain\n|upkeep\n|\n|t:|1700952363\n|switch|p2a: Comfey|Comfey, M|100\/100\n|-enditem|p2a: Comfey|Grassy Seed\n|-boost|p2a: Comfey|def|1|[from] item: Grassy Seed\n|turn|10\n|\n|t:|1700952368\n|move|p1a: Basura|Flash Cannon|p2a: Comfey\n|-supereffective|p2a: Comfey\n|-crit|p2a: Comfey\n|-damage|p2a: Comfey|0 fnt\n|faint|p2a: Comfey\n|\n|-heal|p1a: Basura|83\/100 par|[from] Grassy Terrain\n|-sideend|p2: Ryan96t|Reflect\n|upkeep\n|\n|t:|1700952371\n|switch|p2a: Ninetales|Ninetales-Alola, M|100\/100\n|-weather|Snow|[from] ability: Snow Warning|[of] p2a: Ninetales\n|turn|11\n|\n|t:|1700952377\n|move|p2a: Ninetales|Aurora Veil||[still]\n|-fail|p2a: Ninetales\n|move|p1a: Basura|Flash Cannon|p2a: Ninetales\n|-supereffective|p2a: Ninetales\n|-damage|p2a: Ninetales|0 fnt\n|faint|p2a: Ninetales\n|\n|-weather|Snow|[upkeep]\n|-heal|p1a: Basura|89\/100 par|[from] Grassy Terrain\n|-fieldend|move: Grassy Terrain\n|upkeep\n|\n|t:|1700952381\n|switch|p2a: Espeon|Espeon, F|100\/100\n|turn|12\n|\n|t:|1700952387\n|move|p2a: Espeon|Tickle|p1a: Basura\n|-unboost|p1a: Basura|atk|1\n|-unboost|p1a: Basura|def|1\n|move|p1a: Basura|Bug Buzz|p2a: Espeon\n|-supereffective|p2a: Espeon\n|-damage|p2a: Espeon|0 fnt\n|faint|p2a: Espeon\n|\n|win|Mob Boss Joey\n|raw|Mob Boss Joey's rating: 1195 &rarr; <strong>1214<\/strong><br \/>(+19 for winning)\n|raw|Ryan96t's rating: 1106 &rarr; <strong>1087<\/strong><br \/>(-19 for losing)\n|l|\u2606Ryan96t\n|c|\u2606Mob Boss Joey|Wormadam Sweep\n","uploadtime":1700952400,"views":1,"p1id":"mobbossjoey","p2id":"ryan96t","formatid":"gen9nationaldex","rating":1087,"private":0,"password":""}