{"id":"gen9nationaldex-1995980854","p1":"GoYouSureYeahGetit","p2":"elzy","format":"[Gen 9] National Dex","log":"|html|<div class=\"broadcast-blue\"><strong>[Gen 9] National Dex is currently suspecting Sneasler! For information on how to participate check out the <a href=\"https:\/\/www.smogon.com\/forums\/threads\/sv-national-dex-suspect-8-just-dance.3731534\/\">suspect thread<\/a>.<\/strong><\/div>\n|j|\u2606GoYouSureYeahGetit\n|j|\u2606elzy\n|t:|1700624866\n|gametype|singles\n|player|p1|GoYouSureYeahGetit|bea|1779\n|player|p2|elzy|backpacker|1888\n|teamsize|p1|6\n|teamsize|p2|6\n|gen|9\n|tier|[Gen 9] National Dex\n|rated|\n|rule|HP Percentage Mod: HP is shown in percentages\n|rule|Endless Battle Clause: Forcing endless battles is banned\n|rule|OHKO Clause: OHKO moves are banned\n|rule|Evasion Clause: Evasion abilities, items, and moves are banned\n|rule|Evasion Abilities Clause: Evasion abilities are banned\n|rule|Evasion Items Clause: Evasion items are banned\n|rule|Evasion Moves Clause: Evasion moves are banned\n|rule|Species Clause: Limit one of each Pok\u00e9mon\n|rule|Sleep Clause Mod: Limit one foe put to sleep\n|clearpoke\n|poke|p1|Xurkitree|\n|poke|p1|Landorus-Therian, M|\n|poke|p1|Alomomola, F|\n|poke|p1|Rillaboom, M|\n|poke|p1|Iron Valiant|\n|poke|p1|Heatran, F|\n|poke|p2|Alomomola, F|\n|poke|p2|Aggron, F|\n|poke|p2|Muk-Alola, F|\n|poke|p2|Slowking-Galar, M|\n|poke|p2|Goodra, M|\n|poke|p2|Weezing-Galar, M|\n|teampreview\n|inactive|Battle timer is ON: inactive players will automatically lose when time's up. (requested by elzy)\n|c|\u2606GoYouSureYeahGetit|gl hf\n|inactive|elzy has 120 seconds left.\n|\n|t:|1700624897\n|start\n|switch|p1a: Landorus|Landorus-Therian, M, shiny|100\/100\n|switch|p2a: Aggron|Aggron, F|100\/100\n|-ability|p1a: Landorus|Intimidate|boost\n|-unboost|p2a: Aggron|atk|1\n|turn|1\n|\n|t:|1700624902\n|detailschange|p2a: Aggron|Aggron-Mega, F\n|-mega|p2a: Aggron|Aggron|Aggronite\n|move|p1a: Landorus|Fly||[still]\n|-prepare|p1a: Landorus|Fly\n|move|p2a: Aggron|Stealth Rock|p1a: Landorus\n|-sidestart|p1: GoYouSureYeahGetit|move: Stealth Rock\n|\n|upkeep\n|turn|2\n|\n|t:|1700624912\n|move|p1a: Landorus|Fly|p2a: Aggron|[from]lockedmove\n|-resisted|p2a: Aggron\n|-damage|p2a: Aggron|91\/100\n|move|p2a: Aggron|Heavy Slam|p1a: Landorus\n|-damage|p1a: Landorus|70\/100\n|\n|upkeep\n|turn|3\n|\n|t:|1700624916\n|switch|p2a: Weezing|Weezing-Galar, M|100\/100\n|move|p1a: Landorus|Earthquake|p2a: Weezing\n|-immune|p2a: Weezing|[from] ability: Levitate\n|\n|upkeep\n|turn|4\n|\n|t:|1700624922\n|switch|p1a: Alomomola|Alomomola, F, shiny|100\/100\n|-damage|p1a: Alomomola|88\/100|[from] Stealth Rock\n|move|p2a: Weezing|Strange Steam|p1a: Alomomola\n|-damage|p1a: Alomomola|56\/100\n|-start|p1a: Alomomola|confusion\n|\n|upkeep\n|turn|5\n|\n|t:|1700624929\n|switch|p2a: Slowking|Slowking-Galar, M|100\/100\n|-activate|p1a: Alomomola|confusion\n|-damage|p1a: Alomomola|52\/100|[from] confusion\n|\n|upkeep\n|turn|6\n|\n|t:|1700624934\n|-end|p1a: Alomomola|confusion\n|move|p1a: Alomomola|Wish|p1a: Alomomola\n|move|p2a: Slowking|Future Sight|p1a: Alomomola\n|-start|p2a: Slowking|move: Future Sight\n|\n|upkeep\n|turn|7\n|\n|t:|1700624939\n|move|p1a: Alomomola|Flip Turn|p2a: Slowking\n|-damage|p2a: Slowking|83\/100\n|\n|t:|1700624941\n|switch|p1a: Landorus|Landorus-Therian, M, shiny|70\/100|[from] Flip Turn\n|-damage|p1a: Landorus|58\/100|[from] Stealth Rock\n|-ability|p1a: Landorus|Intimidate|boost\n|-unboost|p2a: Slowking|atk|1\n|move|p2a: Slowking|Sludge Bomb|p1a: Landorus\n|-resisted|p1a: Landorus\n|-damage|p1a: Landorus|33\/100\n|\n|-heal|p1a: Landorus|100\/100|[from] move: Wish|[wisher] Alomomola\n|upkeep\n|turn|8\n|\n|t:|1700624947\n|switch|p2a: Weezing|Weezing-Galar, M|100\/100\n|move|p1a: Landorus|Stealth Rock|p2a: Weezing\n|-sidestart|p2: elzy|move: Stealth Rock\n|\n|-end|p1a: Landorus|move: Future Sight\n|-damage|p1a: Landorus|30\/100\n|upkeep\n|turn|9\n|\n|t:|1700624952\n|switch|p1a: Alomomola|Alomomola, F, shiny|85\/100\n|-damage|p1a: Alomomola|73\/100|[from] Stealth Rock\n|move|p2a: Weezing|Strange Steam|p1a: Alomomola\n|-damage|p1a: Alomomola|41\/100\n|\n|upkeep\n|turn|10\n|\n|t:|1700624961\n|switch|p2a: Slowking|Slowking-Galar, M|100\/100\n|-damage|p2a: Slowking|88\/100|[from] Stealth Rock\n|move|p1a: Alomomola|Wish|p1a: Alomomola\n|\n|upkeep\n|turn|11\n|\n|t:|1700624965\n|move|p1a: Alomomola|Flip Turn|p2a: Slowking\n|-damage|p2a: Slowking|71\/100\n|\n|t:|1700624970\n|switch|p1a: Landorus|Landorus-Therian, M, shiny|30\/100|[from] Flip Turn\n|-damage|p1a: Landorus|17\/100|[from] Stealth Rock\n|-ability|p1a: Landorus|Intimidate|boost\n|-unboost|p2a: Slowking|atk|1\n|move|p2a: Slowking|Hydro Pump|p1a: Landorus\n|-supereffective|p1a: Landorus\n|-damage|p1a: Landorus|0 fnt\n|faint|p1a: Landorus\n|\n|upkeep\n|\n|t:|1700624974\n|switch|p1a: Rillaboom|Rillaboom, M|100\/100\n|-damage|p1a: Rillaboom|88\/100|[from] Stealth Rock\n|-fieldstart|move: Grassy Terrain|[from] ability: Grassy Surge|[of] p1a: Rillaboom\n|turn|12\n|\n|t:|1700624977\n|switch|p2a: Aggron|Aggron-Mega, F|91\/100\n|-damage|p2a: Aggron|85\/100|[from] Stealth Rock\n|move|p1a: Rillaboom|Knock Off|p2a: Aggron\n|-damage|p2a: Aggron|72\/100\n|\n|-heal|p1a: Rillaboom|94\/100|[from] Grassy Terrain\n|-heal|p2a: Aggron|78\/100|[from] Grassy Terrain\n|upkeep\n|turn|13\n|\n|t:|1700624983\n|switch|p1a: Alomomola|Alomomola, F, shiny|75\/100\n|-damage|p1a: Alomomola|62\/100|[from] Stealth Rock\n|move|p2a: Aggron|Body Press|p1a: Alomomola\n|-damage|p1a: Alomomola|36\/100\n|-damage|p2a: Aggron|61\/100|[from] item: Rocky Helmet|[of] p1a: Alomomola\n|\n|-heal|p2a: Aggron|67\/100|[from] Grassy Terrain\n|-heal|p1a: Alomomola|42\/100|[from] Grassy Terrain\n|upkeep\n|turn|14\n|\n|t:|1700624989\n|switch|p2a: Slowking|Slowking-Galar, M|100\/100\n|-damage|p2a: Slowking|88\/100|[from] Stealth Rock\n|move|p1a: Alomomola|Flip Turn|p2a: Slowking\n|-damage|p2a: Slowking|72\/100\n|\n|t:|1700624992\n|switch|p1a: Rillaboom|Rillaboom, M|94\/100|[from] Flip Turn\n|-damage|p1a: Rillaboom|82\/100|[from] Stealth Rock\n|\n|-heal|p1a: Rillaboom|88\/100|[from] Grassy Terrain\n|-heal|p2a: Slowking|78\/100|[from] Grassy Terrain\n|upkeep\n|turn|15\n|\n|t:|1700624996\n|switch|p2a: Weezing|Weezing-Galar, M|100\/100\n|-damage|p2a: Weezing|88\/100|[from] Stealth Rock\n|move|p1a: Rillaboom|Knock Off|p2a: Weezing\n|-resisted|p2a: Weezing\n|-damage|p2a: Weezing|71\/100\n|-enditem|p2a: Weezing|Leftovers|[from] move: Knock Off|[of] p1a: Rillaboom\n|\n|-heal|p1a: Rillaboom|94\/100|[from] Grassy Terrain\n|upkeep\n|turn|16\n|\n|t:|1700625003\n|switch|p1a: Heatran|Heatran, F|100\/100\n|-damage|p1a: Heatran|88\/100|[from] Stealth Rock\n|switch|p2a: Alomomola|Alomomola, F|100\/100\n|-damage|p2a: Alomomola|88\/100|[from] Stealth Rock\n|\n|-heal|p1a: Heatran|94\/100|[from] Grassy Terrain\n|-heal|p2a: Alomomola|94\/100|[from] Grassy Terrain\n|-heal|p2a: Alomomola|100\/100|[from] item: Leftovers\n|-fieldend|move: Grassy Terrain\n|upkeep\n|turn|17\n|\n|t:|1700625006\n|switch|p1a: Alomomola|Alomomola, F, shiny|76\/100\n|-damage|p1a: Alomomola|63\/100|[from] Stealth Rock\n|move|p2a: Alomomola|Flip Turn|p1a: Alomomola\n|-resisted|p1a: Alomomola\n|-damage|p1a: Alomomola|59\/100\n|-damage|p2a: Alomomola|84\/100|[from] item: Rocky Helmet|[of] p1a: Alomomola\n|\n|t:|1700625009\n|switch|p2a: Goodra|Goodra, M|100\/100|[from] Flip Turn\n|-damage|p2a: Goodra|88\/100|[from] Stealth Rock\n|\n|upkeep\n|turn|18\n|\n|t:|1700625013\n|move|p1a: Alomomola|Protect|p1a: Alomomola\n|-singleturn|p1a: Alomomola|Protect\n|move|p2a: Goodra|Thunderbolt|p1a: Alomomola\n|-activate|p1a: Alomomola|move: Protect\n|\n|upkeep\n|turn|19\n|j| LordGimmickIII\n|\n|t:|1700625016\n|-terastallize|p1a: Alomomola|Fairy\n|move|p2a: Goodra|Hydro Pump|p1a: Alomomola\n|-damage|p1a: Alomomola|16\/100\n|move|p1a: Alomomola|Toxic|p2a: Goodra\n|-status|p2a: Goodra|tox\n|\n|-damage|p2a: Goodra|82\/100 tox|[from] psn\n|upkeep\n|turn|20\n|\n|t:|1700625026\n|switch|p2a: Muk|Muk-Alola, F|100\/100\n|-damage|p2a: Muk|88\/100|[from] Stealth Rock\n|move|p1a: Alomomola|Protect||[still]\n|-fail|p1a: Alomomola\n|\n|upkeep\n|turn|21\n|\n|t:|1700625032\n|move|p2a: Muk|Pursuit|p1a: Alomomola\n|-resisted|p1a: Alomomola\n|-damage|p1a: Alomomola|10\/100\n|-damage|p2a: Muk|72\/100|[from] item: Rocky Helmet|[of] p1a: Alomomola\n|move|p1a: Alomomola|Wish|p1a: Alomomola\n|\n|upkeep\n|turn|22\n|\n|t:|1700625039\n|move|p1a: Alomomola|Protect|p1a: Alomomola\n|-singleturn|p1a: Alomomola|Protect\n|move|p2a: Muk|Poison Jab|p1a: Alomomola\n|-activate|p1a: Alomomola|move: Protect\n|\n|-heal|p1a: Alomomola|60\/100|[from] move: Wish|[wisher] Alomomola\n|upkeep\n|turn|23\n|\n|t:|1700625043\n|switch|p1a: Heatran|Heatran, F|94\/100\n|-damage|p1a: Heatran|82\/100|[from] Stealth Rock\n|move|p2a: Muk|Knock Off|p1a: Heatran\n|-damage|p1a: Heatran|44\/100\n|-enditem|p1a: Heatran|Assault Vest|[from] move: Knock Off|[of] p2a: Muk\n|\n|upkeep\n|turn|24\n|\n|t:|1700625052\n|-terastallize|p2a: Muk|Dark\n|move|p1a: Heatran|Earth Power|p2a: Muk\n|-damage|p2a: Muk|57\/100\n|move|p2a: Muk|Knock Off|p1a: Heatran\n|-damage|p1a: Heatran|6\/100\n|\n|upkeep\n|turn|25\n|\n|t:|1700625059\n|move|p1a: Heatran|Lava Plume|p2a: Muk\n|-damage|p2a: Muk|36\/100\n|-status|p2a: Muk|brn\n|move|p2a: Muk|Pursuit|p1a: Heatran\n|-damage|p1a: Heatran|0 fnt\n|faint|p1a: Heatran\n|\n|-damage|p2a: Muk|30\/100 brn|[from] brn\n|upkeep\n|\n|t:|1700625064\n|switch|p1a: Rillaboom|Rillaboom, M|94\/100\n|-damage|p1a: Rillaboom|82\/100|[from] Stealth Rock\n|-fieldstart|move: Grassy Terrain|[from] ability: Grassy Surge|[of] p1a: Rillaboom\n|turn|26\n|\n|t:|1700625067\n|move|p1a: Rillaboom|U-turn|p2a: Muk\n|-supereffective|p2a: Muk\n|-damage|p2a: Muk|0 fnt\n|faint|p2a: Muk\n|\n|t:|1700625074\n|switch|p1a: Xurkitree|Xurkitree, shiny|100\/100|[from] U-turn\n|-damage|p1a: Xurkitree|88\/100|[from] Stealth Rock\n|\n|-heal|p1a: Xurkitree|94\/100|[from] Grassy Terrain\n|upkeep\n|\n|t:|1700625080\n|switch|p2a: Slowking|Slowking-Galar, M|100\/100\n|-damage|p2a: Slowking|88\/100|[from] Stealth Rock\n|turn|27\n|\n|t:|1700625085\n|move|p1a: Xurkitree|Zap Cannon|p2a: Slowking\n|-crit|p2a: Slowking\n|-damage|p2a: Slowking|25\/100\n|-status|p2a: Slowking|par\n|move|p2a: Slowking|Sludge Bomb|p1a: Xurkitree\n|-damage|p1a: Xurkitree|28\/100\n|\n|-heal|p1a: Xurkitree|34\/100|[from] Grassy Terrain\n|-heal|p2a: Slowking|31\/100 par|[from] Grassy Terrain\n|upkeep\n|turn|28\n|\n|t:|1700625092\n|switch|p2a: Goodra|Goodra, M|82\/100 tox\n|-damage|p2a: Goodra|70\/100 tox|[from] Stealth Rock\n|move|p1a: Xurkitree|Thunderbolt|p2a: Goodra\n|-resisted|p2a: Goodra\n|-damage|p2a: Goodra|58\/100 tox\n|\n|-heal|p1a: Xurkitree|40\/100|[from] Grassy Terrain\n|-heal|p2a: Goodra|64\/100 tox|[from] Grassy Terrain\n|-damage|p2a: Goodra|58\/100 tox|[from] psn\n|upkeep\n|turn|29\n|\n|t:|1700625095\n|move|p1a: Xurkitree|Hidden Power|p2a: Goodra\n|-supereffective|p2a: Goodra\n|-damage|p2a: Goodra|35\/100 tox\n|move|p2a: Goodra|Dragon Pulse|p1a: Xurkitree\n|-damage|p1a: Xurkitree|0 fnt\n|faint|p1a: Xurkitree\n|\n|-heal|p2a: Goodra|41\/100 tox|[from] Grassy Terrain\n|-damage|p2a: Goodra|29\/100 tox|[from] psn\n|upkeep\n|\n|t:|1700625102\n|switch|p1a: Iron Valiant|Iron Valiant|100\/100\n|-damage|p1a: Iron Valiant|94\/100|[from] Stealth Rock\n|turn|30\n|\n|t:|1700625109\n|switch|p2a: Aggron|Aggron-Mega, F|67\/100\n|-damage|p2a: Aggron|61\/100|[from] Stealth Rock\n|move|p1a: Iron Valiant|Close Combat|p2a: Aggron\n|-supereffective|p2a: Aggron\n|-damage|p2a: Aggron|33\/100\n|-unboost|p1a: Iron Valiant|def|1\n|-unboost|p1a: Iron Valiant|spd|1\n|\n|-heal|p1a: Iron Valiant|100\/100|[from] Grassy Terrain\n|-heal|p2a: Aggron|39\/100|[from] Grassy Terrain\n|-fieldend|move: Grassy Terrain\n|upkeep\n|turn|31\n|\n|t:|1700625116\n|-end|p1a: Iron Valiant|Quark Drive|[silent]\n|switch|p1a: Alomomola|Alomomola, F, shiny, tera:Fairy|93\/100\n|-damage|p1a: Alomomola|81\/100|[from] Stealth Rock\n|switch|p2a: Alomomola|Alomomola, F|100\/100\n|-damage|p2a: Alomomola|88\/100|[from] Stealth Rock\n|\n|-heal|p2a: Alomomola|94\/100|[from] item: Leftovers\n|upkeep\n|turn|32\n|\n|t:|1700625119\n|move|p1a: Alomomola|Toxic|p2a: Alomomola\n|-status|p2a: Alomomola|tox\n|move|p2a: Alomomola|Toxic|p1a: Alomomola\n|-status|p1a: Alomomola|tox\n|\n|-heal|p2a: Alomomola|100\/100 tox|[from] item: Leftovers\n|-damage|p2a: Alomomola|94\/100 tox|[from] psn\n|-damage|p1a: Alomomola|75\/100 tox|[from] psn\n|upkeep\n|turn|33\n|\n|t:|1700625122\n|move|p2a: Alomomola|Wish|p2a: Alomomola\n|move|p1a: Alomomola|Flip Turn|p2a: Alomomola\n|-resisted|p2a: Alomomola\n|-damage|p2a: Alomomola|90\/100 tox\n|\n|t:|1700625125\n|switch|p1a: Rillaboom|Rillaboom, M|82\/100|[from] Flip Turn\n|-damage|p1a: Rillaboom|69\/100|[from] Stealth Rock\n|-fieldstart|move: Grassy Terrain|[from] ability: Grassy Surge|[of] p1a: Rillaboom\n|\n|-heal|p1a: Rillaboom|76\/100|[from] Grassy Terrain\n|-heal|p2a: Alomomola|96\/100 tox|[from] Grassy Terrain\n|-heal|p2a: Alomomola|100\/100 tox|[from] item: Leftovers\n|-damage|p2a: Alomomola|88\/100 tox|[from] psn\n|upkeep\n|turn|34\n|\n|t:|1700625134\n|switch|p2a: Aggron|Aggron-Mega, F|39\/100\n|-damage|p2a: Aggron|33\/100|[from] Stealth Rock\n|move|p1a: Rillaboom|Wood Hammer|p2a: Aggron\n|-resisted|p2a: Aggron\n|-crit|p2a: Aggron\n|-damage|p2a: Aggron|0 fnt\n|faint|p2a: Aggron\n|-damage|p1a: Rillaboom|67\/100|[from] Recoil\n|\n|-heal|p1a: Rillaboom|73\/100|[from] Grassy Terrain\n|upkeep\n|\n|t:|1700625141\n|switch|p2a: Weezing|Weezing-Galar, M|71\/100\n|-damage|p2a: Weezing|58\/100|[from] Stealth Rock\n|turn|35\n|\n|t:|1700625148\n|switch|p1a: Alomomola|Alomomola, F, shiny, tera:Fairy|100\/100 tox\n|-damage|p1a: Alomomola|88\/100 tox|[from] Stealth Rock\n|move|p2a: Weezing|Defog|p1a: Alomomola\n|-unboost|p1a: Alomomola|evasion|1\n|-sideend|p1: GoYouSureYeahGetit|Stealth Rock|[from] move: Defog|[of] p2a: Weezing\n|-sideend|p2: elzy|Stealth Rock|[from] move: Defog|[of] p2a: Weezing\n|-fieldend|move: Grassy Terrain\n|\n|-damage|p1a: Alomomola|82\/100 tox|[from] psn\n|upkeep\n|turn|36\n|\n|t:|1700625152\n|switch|p2a: Slowking|Slowking-Galar, M|64\/100 par\n|move|p1a: Alomomola|Flip Turn|p2a: Slowking\n|-damage|p2a: Slowking|47\/100 par\n|\n|t:|1700625156\n|switch|p1a: Rillaboom|Rillaboom, M|73\/100|[from] Flip Turn\n|-fieldstart|move: Grassy Terrain|[from] ability: Grassy Surge|[of] p1a: Rillaboom\n|\n|-heal|p1a: Rillaboom|79\/100|[from] Grassy Terrain\n|-heal|p2a: Slowking|54\/100 par|[from] Grassy Terrain\n|upkeep\n|turn|37\n|\n|t:|1700625163\n|switch|p2a: Alomomola|Alomomola, F|100\/100 tox\n|move|p1a: Rillaboom|Wood Hammer|p2a: Alomomola\n|-supereffective|p2a: Alomomola\n|-damage|p2a: Alomomola|0 fnt\n|faint|p2a: Alomomola\n|-damage|p1a: Rillaboom|35\/100|[from] Recoil\n|\n|-heal|p1a: Rillaboom|41\/100|[from] Grassy Terrain\n|upkeep\n|\n|t:|1700625166\n|switch|p2a: Goodra|Goodra, M|29\/100 tox\n|turn|38\n|\n|t:|1700625171\n|switch|p1a: Alomomola|Alomomola, F, shiny, tera:Fairy|100\/100 tox\n|switch|p2a: Slowking|Slowking-Galar, M|87\/100 par\n|\n|-heal|p2a: Slowking|93\/100 par|[from] Grassy Terrain\n|-damage|p1a: Alomomola|94\/100 tox|[from] psn\n|upkeep\n|turn|39\n|\n|t:|1700625176\n|move|p1a: Alomomola|Flip Turn|p2a: Slowking\n|-damage|p2a: Slowking|76\/100 par\n|\n|t:|1700625178\n|switch|p1a: Iron Valiant|Iron Valiant|100\/100|[from] Flip Turn\n|move|p2a: Slowking|Sludge Bomb|p1a: Iron Valiant\n|-supereffective|p1a: Iron Valiant\n|-damage|p1a: Iron Valiant|0 fnt\n|faint|p1a: Iron Valiant\n|-end|p1a: Iron Valiant|Quark Drive|[silent]\n|\n|-heal|p2a: Slowking|82\/100 par|[from] Grassy Terrain\n|upkeep\n|\n|t:|1700625180\n|switch|p1a: Rillaboom|Rillaboom, M|41\/100\n|turn|40\n|\n|t:|1700625184\n|switch|p2a: Goodra|Goodra, M|29\/100 tox\n|move|p1a: Rillaboom|Knock Off|p2a: Goodra\n|-damage|p2a: Goodra|0 fnt\n|-enditem|p2a: Goodra|Assault Vest|[from] move: Knock Off|[of] p1a: Rillaboom\n|faint|p2a: Goodra\n|\n|-heal|p1a: Rillaboom|48\/100|[from] Grassy Terrain\n|-fieldend|move: Grassy Terrain\n|upkeep\n|\n|t:|1700625187\n|switch|p2a: Weezing|Weezing-Galar, M|58\/100\n|turn|41\n|\n|t:|1700625192\n|switch|p1a: Alomomola|Alomomola, F, shiny, tera:Fairy|100\/100 tox\n|switch|p2a: Slowking|Slowking-Galar, M|100\/100 par\n|\n|-damage|p1a: Alomomola|94\/100 tox|[from] psn\n|upkeep\n|turn|42\n|\n|t:|1700625194\n|move|p1a: Alomomola|Wish|p1a: Alomomola\n|move|p2a: Slowking|Sludge Bomb|p1a: Alomomola\n|-supereffective|p1a: Alomomola\n|-crit|p1a: Alomomola\n|-damage|p1a: Alomomola|0 fnt\n|faint|p1a: Alomomola\n|\n|upkeep\n|\n|t:|1700625197\n|switch|p1a: Rillaboom|Rillaboom, M|48\/100\n|-fieldstart|move: Grassy Terrain|[from] ability: Grassy Surge|[of] p1a: Rillaboom\n|turn|43\n|\n|t:|1700625222\n|move|p1a: Rillaboom|Wood Hammer|p2a: Slowking\n|-resisted|p2a: Slowking\n|-damage|p2a: Slowking|28\/100 par\n|-damage|p1a: Rillaboom|24\/100|[from] Recoil\n|cant|p2a: Slowking|par\n|\n|-heal|p1a: Rillaboom|91\/100|[from] move: Wish|[wisher] Alomomola\n|-heal|p1a: Rillaboom|97\/100|[from] Grassy Terrain\n|-heal|p2a: Slowking|34\/100 par|[from] Grassy Terrain\n|upkeep\n|turn|44\n|\n|t:|1700625237\n|move|p1a: Rillaboom|Wood Hammer|p2a: Slowking\n|-resisted|p2a: Slowking\n|-damage|p2a: Slowking|0 fnt\n|faint|p2a: Slowking\n|-damage|p1a: Rillaboom|86\/100|[from] Recoil\n|\n|-heal|p1a: Rillaboom|92\/100|[from] Grassy Terrain\n|upkeep\n|\n|t:|1700625238\n|switch|p2a: Weezing|Weezing-Galar, M|58\/100\n|turn|45\n|\n|t:|1700625241\n|move|p1a: Rillaboom|Wood Hammer|p2a: Weezing\n|-resisted|p2a: Weezing\n|-damage|p2a: Weezing|15\/100\n|-damage|p1a: Rillaboom|80\/100|[from] Recoil\n|move|p2a: Weezing|Will-O-Wisp|p1a: Rillaboom\n|-status|p1a: Rillaboom|brn\n|\n|-heal|p1a: Rillaboom|86\/100 brn|[from] Grassy Terrain\n|-damage|p1a: Rillaboom|80\/100 brn|[from] brn\n|upkeep\n|turn|46\n|\n|t:|1700625247\n|move|p1a: Rillaboom|Wood Hammer|p2a: Weezing\n|-resisted|p2a: Weezing\n|-damage|p2a: Weezing|0 fnt\n|faint|p2a: Weezing\n|-damage|p1a: Rillaboom|76\/100 brn|[from] Recoil\n|\n|win|GoYouSureYeahGetit\n|raw|GoYouSureYeahGetit's rating: 1779 &rarr; <strong>1805<\/strong><br \/>(+26 for winning)\n|raw|elzy's rating: 1888 &rarr; <strong>1862<\/strong><br \/>(-26 for losing)\n|c|\u2606GoYouSureYeahGetit|gg\n|c|\u2606elzy|Gg\n","uploadtime":1700625347,"views":0,"p1id":"goyousureyeahgetit","p2id":"elzy","formatid":"gen9nationaldex","rating":1805,"private":0,"password":""}