{"id":"gen9nationaldex-1990340733","p1":"DJRRRR","p2":"Emman Castro","format":"[Gen 9] National Dex","log":"|j|\u2606DJRRRR\n|j|\u2606Emman Castro\n|t:|1699959285\n|gametype|singles\n|player|p1|DJRRRR|roxie|1209\n|player|p2|Emman Castro|psychicf-gen4|1191\n|teamsize|p1|6\n|teamsize|p2|6\n|gen|9\n|tier|[Gen 9] National Dex\n|rated|\n|rule|HP Percentage Mod: HP is shown in percentages\n|rule|Endless Battle Clause: Forcing endless battles is banned\n|rule|OHKO Clause: OHKO moves are banned\n|rule|Evasion Clause: Evasion abilities, items, and moves are banned\n|rule|Evasion Abilities Clause: Evasion abilities are banned\n|rule|Evasion Items Clause: Evasion items are banned\n|rule|Evasion Moves Clause: Evasion moves are banned\n|rule|Species Clause: Limit one of each Pok\u00e9mon\n|rule|Sleep Clause Mod: Limit one foe put to sleep\n|clearpoke\n|poke|p1|Zeraora|\n|poke|p1|Greninja-*, M|\n|poke|p1|Kartana|\n|poke|p1|Nidoking, M|\n|poke|p1|Dragonite, M|\n|poke|p1|Banette, F|\n|poke|p2|Scovillain, F|\n|poke|p2|Charizard, F|\n|poke|p2|Alomomola, F|\n|poke|p2|Politoed, F|\n|poke|p2|Clodsire, F|\n|poke|p2|Ferrothorn, F|\n|teampreview\n|inactive|Battle timer is ON: inactive players will automatically lose when time's up. (requested by Emman Castro)\n|\n|t:|1699959294\n|start\n|switch|p1a: Zeraora|Zeraora|100\/100\n|switch|p2a: Charizard|Charizard, F, shiny|100\/100\n|turn|1\n|\n|t:|1699959302\n|switch|p2a: Clodsire|Clodsire, F, shiny|100\/100\n|move|p1a: Zeraora|Plasma Fists|p2a: Clodsire\n|-immune|p2a: Clodsire\n|\n|upkeep\n|turn|2\n|\n|t:|1699959308\n|move|p1a: Zeraora|Taunt|p2a: Clodsire\n|-start|p2a: Clodsire|move: Taunt\n|cant|p2a: Clodsire|move: Taunt|Yawn\n|\n|upkeep\n|turn|3\n|\n|t:|1699959313\n|switch|p1a: Kartana|Kartana|100\/100\n|move|p2a: Clodsire|High Horsepower|p1a: Kartana\n|-damage|p1a: Kartana|61\/100\n|\n|upkeep\n|turn|4\n|\n|t:|1699959326\n|switch|p2a: Charizard|Charizard, F, shiny|100\/100\n|move|p1a: Kartana|Swords Dance|p1a: Kartana\n|-boost|p1a: Kartana|atk|2\n|\n|upkeep\n|turn|5\n|\n|t:|1699959334\n|detailschange|p2a: Charizard|Charizard-Mega-Y, F, shiny\n|-mega|p2a: Charizard|Charizard|Charizardite Y\n|-weather|SunnyDay|[from] ability: Drought|[of] p2a: Charizard\n|-zpower|p1a: Kartana\n|move|p1a: Kartana|Breakneck Blitz|p2a: Charizard|[zeffect]\n|-damage|p2a: Charizard|0 fnt\n|faint|p2a: Charizard\n|-ability|p1a: Kartana|Beast Boost|boost\n|-boost|p1a: Kartana|atk|1\n|\n|-weather|SunnyDay|[upkeep]\n|upkeep\n|\n|t:|1699959343\n|switch|p2a: Scovillain|Scovillain, F, shiny|100\/100\n|turn|6\n|\n|t:|1699959347\n|switch|p1a: Dragonite|Dragonite, M|100\/100\n|move|p2a: Scovillain|Flamethrower|p1a: Dragonite\n|-resisted|p1a: Dragonite\n|-damage|p1a: Dragonite|90\/100\n|\n|-weather|SunnyDay|[upkeep]\n|upkeep\n|turn|7\n|\n|t:|1699959351\n|move|p2a: Scovillain|Leech Seed|p1a: Dragonite\n|-start|p1a: Dragonite|move: Leech Seed\n|move|p1a: Dragonite|Roost|p1a: Dragonite\n|-heal|p1a: Dragonite|100\/100\n|-singleturn|p1a: Dragonite|move: Roost\n|\n|-weather|SunnyDay|[upkeep]\n|-damage|p1a: Dragonite|88\/100|[from] Leech Seed|[of] p2a: Scovillain\n|upkeep\n|turn|8\n|\n|t:|1699959358\n|move|p2a: Scovillain|Protect|p2a: Scovillain\n|-singleturn|p2a: Scovillain|Protect\n|move|p1a: Dragonite|Curse|p1a: Dragonite\n|-unboost|p1a: Dragonite|spe|1\n|-boost|p1a: Dragonite|atk|1\n|-boost|p1a: Dragonite|def|1\n|\n|-weather|SunnyDay|[upkeep]\n|-damage|p1a: Dragonite|76\/100|[from] Leech Seed|[of] p2a: Scovillain\n|upkeep\n|turn|9\n|\n|t:|1699959375\n|switch|p2a: Ferrothorn|Ferrothorn, F, shiny|100\/100\n|move|p1a: Dragonite|Curse|p1a: Dragonite\n|-unboost|p1a: Dragonite|spe|1\n|-boost|p1a: Dragonite|atk|1\n|-boost|p1a: Dragonite|def|1\n|\n|-weather|none\n|-damage|p1a: Dragonite|63\/100|[from] Leech Seed|[of] p2a: Ferrothorn\n|upkeep\n|turn|10\n|\n|t:|1699959381\n|move|p1a: Dragonite|Roost|p1a: Dragonite\n|-heal|p1a: Dragonite|100\/100\n|-singleturn|p1a: Dragonite|move: Roost\n|move|p2a: Ferrothorn|Curse|p2a: Ferrothorn\n|-unboost|p2a: Ferrothorn|spe|1\n|-boost|p2a: Ferrothorn|atk|1\n|-boost|p2a: Ferrothorn|def|1\n|\n|-damage|p1a: Dragonite|88\/100|[from] Leech Seed|[of] p2a: Ferrothorn\n|upkeep\n|turn|11\n|\n|t:|1699959390\n|switch|p1a: Nidoking|Nidoking, M|100\/100\n|move|p2a: Ferrothorn|Curse|p2a: Ferrothorn\n|-unboost|p2a: Ferrothorn|spe|1\n|-boost|p2a: Ferrothorn|atk|1\n|-boost|p2a: Ferrothorn|def|1\n|\n|upkeep\n|turn|12\n|\n|t:|1699959395\n|move|p1a: Nidoking|Flamethrower|p2a: Ferrothorn\n|-supereffective|p2a: Ferrothorn\n|-damage|p2a: Ferrothorn|0 fnt\n|faint|p2a: Ferrothorn\n|\n|upkeep\n|\n|t:|1699959400\n|switch|p2a: Politoed|Politoed, F, shiny|100\/100\n|-weather|RainDance|[from] ability: Drizzle|[of] p2a: Politoed\n|turn|13\n|\n|t:|1699959413\n|switch|p1a: Kartana|Kartana|61\/100\n|move|p2a: Politoed|Power-Up Punch|p1a: Kartana\n|-supereffective|p1a: Kartana\n|-damage|p1a: Kartana|38\/100\n|-boost|p2a: Politoed|atk|1\n|\n|-weather|RainDance|[upkeep]\n|upkeep\n|turn|14\n|\n|t:|1699959427\n|move|p1a: Kartana|Swords Dance|p1a: Kartana\n|-boost|p1a: Kartana|atk|2\n|move|p2a: Politoed|Power-Up Punch|p1a: Kartana\n|-supereffective|p1a: Kartana\n|-damage|p1a: Kartana|5\/100\n|-boost|p2a: Politoed|atk|1\n|\n|-weather|RainDance|[upkeep]\n|upkeep\n|turn|15\n|\n|t:|1699959431\n|move|p1a: Kartana|Leaf Blade|p2a: Politoed\n|-supereffective|p2a: Politoed\n|-damage|p2a: Politoed|0 fnt\n|faint|p2a: Politoed\n|-ability|p1a: Kartana|Beast Boost|boost\n|-boost|p1a: Kartana|atk|1\n|\n|-weather|RainDance|[upkeep]\n|upkeep\n|\n|t:|1699959441\n|switch|p2a: Clodsire|Clodsire, F, shiny|100\/100\n|turn|16\n|\n|t:|1699959447\n|move|p1a: Kartana|Leaf Blade|p2a: Clodsire\n|-damage|p2a: Clodsire|0 fnt\n|faint|p2a: Clodsire\n|-ability|p1a: Kartana|Beast Boost|boost\n|-boost|p1a: Kartana|atk|1\n|\n|-weather|RainDance|[upkeep]\n|upkeep\n|\n|t:|1699959450\n|switch|p2a: Alomomola|Alomomola, F, shiny|100\/100\n|turn|17\n|\n|t:|1699959460\n|move|p2a: Alomomola|Protect|p2a: Alomomola\n|-singleturn|p2a: Alomomola|Protect\n|move|p1a: Kartana|Return|p2a: Alomomola\n|-activate|p2a: Alomomola|move: Protect\n|\n|-weather|none\n|upkeep\n|turn|18\n|\n|t:|1699959464\n|switch|p2a: Scovillain|Scovillain, F, shiny|100\/100\n|move|p1a: Kartana|Return|p2a: Scovillain\n|-damage|p2a: Scovillain|0 fnt\n|faint|p2a: Scovillain\n|-ability|p1a: Kartana|Beast Boost|boost\n|-boost|p1a: Kartana|atk|1\n|\n|upkeep\n|\n|t:|1699959468\n|switch|p2a: Alomomola|Alomomola, F, shiny|100\/100\n|turn|19\n|\n|t:|1699959473\n|move|p2a: Alomomola|Protect|p2a: Alomomola\n|-singleturn|p2a: Alomomola|Protect\n|move|p1a: Kartana|Swords Dance|p1a: Kartana\n|-boost|p1a: Kartana|atk|1\n|\n|upkeep\n|turn|20\n|\n|t:|1699959489\n|move|p1a: Kartana|Return|p2a: Alomomola\n|-damage|p2a: Alomomola|0 fnt\n|faint|p2a: Alomomola\n|\n|win|DJRRRR\n|raw|DJRRRR's rating: 1209 &rarr; <strong>1233<\/strong><br \/>(+24 for winning)\n|raw|Emman Castro's rating: 1191 &rarr; <strong>1167<\/strong><br \/>(-24 for losing)\n|l|\u2606Emman Castro\n","uploadtime":1699959495,"views":6,"p1id":"djrrrr","p2id":"emmancastro","formatid":"gen9nationaldex","rating":1167,"private":0,"password":""}