{"id":"gen9nationaldex-1997708456","p1":"TZ Zerox","p2":"Theruffletkid","format":"[Gen 9] National Dex","log":"|j|\u2606TZ Zerox\n|j|\u2606Theruffletkid\n|t:|1700844166\n|gametype|singles\n|player|p1|TZ Zerox|blackbelt-gen4dp|\n|player|p2|Theruffletkid|wattson|\n|teamsize|p1|6\n|teamsize|p2|6\n|gen|9\n|tier|[Gen 9] National Dex\n|rule|HP Percentage Mod: HP is shown in percentages\n|rule|Endless Battle Clause: Forcing endless battles is banned\n|rule|OHKO Clause: OHKO moves are banned\n|rule|Evasion Clause: Evasion abilities, items, and moves are banned\n|rule|Evasion Abilities Clause: Evasion abilities are banned\n|rule|Evasion Items Clause: Evasion items are banned\n|rule|Evasion Moves Clause: Evasion moves are banned\n|rule|Species Clause: Limit one of each Pok\u00e9mon\n|rule|Sleep Clause Mod: Limit one foe put to sleep\n|clearpoke\n|poke|p1|Wooper-Paldea, L5, M|\n|poke|p1|Nymble, L5, M|\n|poke|p1|Voltorb-Hisui, L5|\n|poke|p1|Staryu, L5|\n|poke|p1|Gothita, L5, M|\n|poke|p1|Mienfoo, L5, M|\n|poke|p2|Snubbull, L5, M|\n|poke|p2|Abra, L5, M|\n|poke|p2|Ferroseed, L5, F|\n|poke|p2|Carvanha, L5, M|\n|poke|p2|Magnemite, L5|\n|poke|p2|Vullaby, L5, F|\n|teampreview\n|c|\u2606TZ Zerox|glhf! Let's get this show rolling.\n|\n|t:|1700844184\n|start\n|switch|p1a: Mienfoo|Mienfoo, L5, M|100\/100\n|switch|p2a: Snubbull|Snubbull, L5, M|100\/100\n|-ability|p2a: Snubbull|Intimidate|boost\n|-unboost|p1a: Mienfoo|atk|1\n|turn|1\n|\n|t:|1700844190\n|move|p1a: Mienfoo|U-turn|p2a: Snubbull\n|-resisted|p2a: Snubbull\n|-damage|p2a: Snubbull|92\/100\n|\n|t:|1700844193\n|switch|p1a: Wooper|Wooper-Paldea, L5, M|100\/100|[from] U-turn\n|move|p2a: Snubbull|Play Rough|p1a: Wooper\n|-resisted|p1a: Wooper\n|-damage|p1a: Wooper|83\/100\n|\n|upkeep\n|turn|2\n|\n|t:|1700844204\n|move|p2a: Snubbull|Earthquake|p1a: Wooper\n|-supereffective|p1a: Wooper\n|-damage|p1a: Wooper|31\/100\n|move|p1a: Wooper|Spikes|p2a: Snubbull\n|-sidestart|p2: Theruffletkid|Spikes\n|\n|upkeep\n|turn|3\n|\n|t:|1700844213\n|move|p2a: Snubbull|Earthquake|p1a: Wooper\n|-supereffective|p1a: Wooper\n|-damage|p1a: Wooper|0 fnt\n|faint|p1a: Wooper\n|\n|upkeep\n|\n|t:|1700844222\n|switch|p1a: Voltorb|Voltorb-Hisui, L5|100\/100\n|turn|4\n|\n|t:|1700844225\n|-zpower|p1a: Voltorb\n|move|p1a: Voltorb|Bloom Doom|p2a: Snubbull|[zeffect]\n|-damage|p2a: Snubbull|0 fnt\n|faint|p2a: Snubbull\n|\n|upkeep\n|\n|t:|1700844244\n|switch|p2a: Magnemite|Magnemite, L5|100\/100\n|-damage|p2a: Magnemite|90\/100|[from] Spikes\n|turn|5\n|\n|t:|1700844255\n|move|p2a: Magnemite|Hidden Power|p1a: Voltorb\n|-supereffective|p1a: Voltorb\n|-damage|p1a: Voltorb|30\/100\n|move|p1a: Voltorb|Volt Switch|p2a: Magnemite\n|-resisted|p2a: Magnemite\n|-damage|p2a: Magnemite|58\/100\n|\n|t:|1700844298\n|switch|p1a: Nymble|Nymble, L5, M|100\/100|[from] Volt Switch\n|\n|upkeep\n|turn|6\n|\n|t:|1700844303\n|switch|p2a: Ferroseed|Ferroseed, L5, F|100\/100\n|-damage|p2a: Ferroseed|91\/100|[from] Spikes\n|move|p1a: Nymble|First Impression|p2a: Ferroseed\n|-damage|p2a: Ferroseed|37\/100\n|-damage|p1a: Nymble|90\/100|[from] ability: Iron Barbs|[of] p2a: Ferroseed\n|-damage|p1a: Nymble|85\/100|[from] item: Life Orb\n|\n|upkeep\n|turn|7\n|\n|t:|1700844322\n|-terastallize|p2a: Ferroseed|Fairy\n|move|p1a: Nymble|Leech Life|p2a: Ferroseed\n|-resisted|p2a: Ferroseed\n|-damage|p2a: Ferroseed|0 fnt\n|-heal|p1a: Nymble|100\/100|[from] drain|[of] p2a: Ferroseed\n|-damage|p1a: Nymble|90\/100|[from] ability: Iron Barbs|[of] p2a: Ferroseed\n|faint|p2a: Ferroseed\n|-damage|p1a: Nymble|85\/100|[from] item: Life Orb\n|\n|upkeep\n|\n|t:|1700844336\n|switch|p2a: Vullaby|Vullaby, L5, F|100\/100\n|turn|8\n|\n|t:|1700844343\n|switch|p1a: Voltorb|Voltorb-Hisui, L5|30\/100\n|move|p2a: Vullaby|U-turn|p1a: Voltorb\n|-supereffective|p1a: Voltorb\n|-damage|p1a: Voltorb|0 fnt\n|faint|p1a: Voltorb\n|\n|t:|1700844349\n|switch|p2a: Magnemite|Magnemite, L5|58\/100|[from] U-turn\n|-damage|p2a: Magnemite|48\/100|[from] Spikes\n|\n|upkeep\n|\n|t:|1700844359\n|switch|p1a: Mienfoo|Mienfoo, L5, M|100\/100\n|turn|9\n|\n|t:|1700844365\n|move|p1a: Mienfoo|High Jump Kick|p2a: Magnemite\n|-supereffective|p2a: Magnemite\n|-damage|p2a: Magnemite|0 fnt\n|faint|p2a: Magnemite\n|\n|upkeep\n|\n|t:|1700844373\n|switch|p2a: Carvanha|Carvanha, L5, M|100\/100\n|-damage|p2a: Carvanha|90\/100|[from] Spikes\n|turn|10\n|\n|t:|1700844377\n|switch|p1a: Nymble|Nymble, L5, M|85\/100\n|move|p2a: Carvanha|Protect||[still]\n|-fail|p2a: Carvanha\n|\n|-ability|p2a: Carvanha|Speed Boost|boost\n|-boost|p2a: Carvanha|spe|1\n|upkeep\n|turn|11\n|\n|t:|1700844384\n|move|p2a: Carvanha|Protect|p2a: Carvanha\n|-singleturn|p2a: Carvanha|Protect\n|move|p1a: Nymble|First Impression|p2a: Carvanha\n|-activate|p2a: Carvanha|move: Protect\n|\n|-ability|p2a: Carvanha|Speed Boost|boost\n|-boost|p2a: Carvanha|spe|1\n|upkeep\n|turn|12\n|\n|t:|1700844391\n|move|p1a: Nymble|Sucker Punch|p2a: Carvanha\n|-resisted|p2a: Carvanha\n|-damage|p2a: Carvanha|6\/100\n|-damage|p1a: Nymble|79\/100|[from] item: Life Orb\n|move|p2a: Carvanha|Flip Turn|p1a: Nymble\n|-damage|p1a: Nymble|0 fnt\n|faint|p1a: Nymble\n|-damage|p2a: Carvanha|0 fnt|[from] item: Life Orb\n|faint|p2a: Carvanha\n|\n|upkeep\n|\n|t:|1700844413\n|switch|p2a: Vullaby|Vullaby, L5, F|100\/100\n|switch|p1a: Gothita|Gothita, L5, M|100\/100\n|turn|13\n|\n|t:|1700844418\n|move|p1a: Gothita|Thunderbolt|p2a: Vullaby\n|-supereffective|p2a: Vullaby\n|-damage|p2a: Vullaby|22\/100\n|-enditem|p2a: Vullaby|Berry Juice\n|-heal|p2a: Vullaby|100\/100|[from] item: Berry Juice\n|move|p2a: Vullaby|Knock Off|p1a: Gothita\n|-supereffective|p1a: Gothita\n|-damage|p1a: Gothita|0 fnt\n|-enditem|p1a: Gothita|Choice Scarf|[from] move: Knock Off|[of] p2a: Vullaby\n|faint|p1a: Gothita\n|\n|upkeep\n|\n|t:|1700844426\n|switch|p1a: Mienfoo|Mienfoo, L5, M|100\/100\n|turn|14\n|\n|t:|1700844435\n|-terastallize|p1a: Mienfoo|Fighting\n|move|p1a: Mienfoo|High Jump Kick|p2a: Vullaby\n|-damage|p2a: Vullaby|0 fnt\n|faint|p2a: Vullaby\n|\n|upkeep\n|\n|t:|1700844439\n|switch|p2a: Abra|Abra, L5, M|100\/100\n|turn|15\n|\n|t:|1700844443\n|move|p2a: Abra|Protect|p2a: Abra\n|-singleturn|p2a: Abra|Protect\n|move|p1a: Mienfoo|High Jump Kick|p2a: Abra\n|-activate|p2a: Abra|move: Protect\n|-damage|p1a: Mienfoo|53\/100|[from] highjumpkick\n|\n|upkeep\n|turn|16\n|\n|t:|1700844450\n|move|p1a: Mienfoo|High Jump Kick|p2a: Abra\n|-resisted|p2a: Abra\n|-damage|p2a: Abra|0 fnt\n|faint|p2a: Abra\n|\n|win|TZ Zerox\n","uploadtime":1700844454,"views":0,"p1id":"tzzerox","p2id":"theruffletkid","formatid":"gen9nationaldex","rating":0,"private":0,"password":""}