{"id":"gen9nationaldex-1994541361","p1":"Hylett","p2":"Danwine","format":"[Gen 9] National Dex","log":"|j|\u2606Hylett\n|j|\u2606Danwine\n|t:|1700456887\n|gametype|singles\n|player|p1|Hylett|skyla|1222\n|player|p2|Danwine|brycen|1246\n|teamsize|p1|6\n|teamsize|p2|6\n|gen|9\n|tier|[Gen 9] National Dex\n|rated|\n|rule|HP Percentage Mod: HP is shown in percentages\n|rule|Endless Battle Clause: Forcing endless battles is banned\n|rule|OHKO Clause: OHKO moves are banned\n|rule|Evasion Clause: Evasion abilities, items, and moves are banned\n|rule|Evasion Abilities Clause: Evasion abilities are banned\n|rule|Evasion Items Clause: Evasion items are banned\n|rule|Evasion Moves Clause: Evasion moves are banned\n|rule|Species Clause: Limit one of each Pok\u00e9mon\n|rule|Sleep Clause Mod: Limit one foe put to sleep\n|clearpoke\n|poke|p1|Buzzwole|\n|poke|p1|Tapu Fini|\n|poke|p1|Aegislash, M|\n|poke|p1|Hippowdon, F|\n|poke|p1|Gardevoir, F|\n|poke|p1|Lilligant-Hisui, F|\n|poke|p2|Pelipper, M|\n|poke|p2|Volcarona, M|\n|poke|p2|Bellibolt, F|\n|poke|p2|Sinistcha-Masterpiece|\n|poke|p2|Garganacl, F|\n|poke|p2|Clodsire, F|\n|teampreview\n|inactive|Battle timer is ON: inactive players will automatically lose when time's up. (requested by Hylett)\n|\n|t:|1700456927\n|start\n|switch|p1a: Hippowdon|Hippowdon, F|100\/100\n|switch|p2a: Nito|Clodsire, F|100\/100\n|-weather|Sandstorm|[from] ability: Sand Stream|[of] p1a: Hippowdon\n|turn|1\n|\n|t:|1700456935\n|move|p1a: Hippowdon|Earthquake|p2a: Nito\n|-supereffective|p2a: Nito\n|-damage|p2a: Nito|22\/100\n|move|p2a: Nito|Stealth Rock|p1a: Hippowdon\n|-sidestart|p1: Hylett|move: Stealth Rock\n|\n|-weather|Sandstorm|[upkeep]\n|-heal|p2a: Nito|29\/100|[from] item: Black Sludge\n|upkeep\n|turn|2\n|\n|t:|1700456944\n|move|p1a: Hippowdon|Earthquake|p2a: Nito\n|-supereffective|p2a: Nito\n|-damage|p2a: Nito|0 fnt\n|faint|p2a: Nito\n|\n|-weather|Sandstorm|[upkeep]\n|upkeep\n|\n|t:|1700456952\n|switch|p2a: Pozolito|Sinistcha-Masterpiece, shiny|100\/100\n|turn|3\n|\n|t:|1700456962\n|move|p2a: Pozolito|Calm Mind|p2a: Pozolito\n|-boost|p2a: Pozolito|spa|1\n|-boost|p2a: Pozolito|spd|1\n|move|p1a: Hippowdon|Stealth Rock|p2a: Pozolito\n|-sidestart|p2: Danwine|move: Stealth Rock\n|\n|-weather|Sandstorm|[upkeep]\n|-damage|p2a: Pozolito|94\/100|[from] Sandstorm\n|-heal|p2a: Pozolito|100\/100|[from] item: Leftovers\n|upkeep\n|turn|4\n|\n|t:|1700456971\n|move|p2a: Pozolito|Matcha Gotcha|p1a: Hippowdon\n|-supereffective|p1a: Hippowdon\n|-damage|p1a: Hippowdon|0 fnt\n|faint|p1a: Hippowdon\n|\n|-weather|Sandstorm|[upkeep]\n|-damage|p2a: Pozolito|94\/100|[from] Sandstorm\n|-heal|p2a: Pozolito|100\/100|[from] item: Leftovers\n|upkeep\n|\n|t:|1700456983\n|switch|p1a: Buzzwole|Buzzwole|100\/100\n|turn|5\n|\n|t:|1700457011\n|move|p1a: Buzzwole|Bulk Up|p1a: Buzzwole\n|-boost|p1a: Buzzwole|atk|1\n|-boost|p1a: Buzzwole|def|1\n|move|p2a: Pozolito|Shadow Ball|p1a: Buzzwole\n|-damage|p1a: Buzzwole|38\/100\n|\n|-weather|none\n|upkeep\n|turn|6\n|\n|t:|1700457020\n|move|p1a: Buzzwole|Earthquake|p2a: Pozolito\n|-resisted|p2a: Pozolito\n|-damage|p2a: Pozolito|81\/100\n|move|p2a: Pozolito|Shadow Ball|p1a: Buzzwole\n|-damage|p1a: Buzzwole|0 fnt\n|faint|p1a: Buzzwole\n|\n|-heal|p2a: Pozolito|87\/100|[from] item: Leftovers\n|upkeep\n|c|\u2606Hylett|vete a la mi3rda\n|-message|Hylett forfeited.\n|\n|win|Danwine\n|raw|Hylett's rating: 1222 &rarr; <strong>1199<\/strong><br \/>(-23 for losing)\n|raw|Danwine's rating: 1246 &rarr; <strong>1269<\/strong><br \/>(+23 for winning)\n|l|\u2606Hylett\n","uploadtime":1700457037,"views":4,"p1id":"hylett","p2id":"danwine","formatid":"gen9nationaldex","rating":1199,"private":0,"password":""}