{"id":"gen9nationaldex-1999148431","p1":"kogsb","p2":"izzlepuff","format":"[Gen 9] National Dex","log":"|html|<div class=\"broadcast-blue\"><strong>[Gen 9] National Dex is currently suspecting Sneasler! For information on how to participate check out the <a href=\"https:\/\/www.smogon.com\/forums\/threads\/sv-national-dex-suspect-8-just-dance.3731534\/\">suspect thread<\/a>.<\/strong><\/div>\n|j|\u2606kogsb\n|j|\u2606izzlepuff\n|t:|1701038447\n|gametype|singles\n|player|p1|kogsb|schoolkid|\n|player|p2|izzlepuff|guitarist|\n|teamsize|p1|6\n|teamsize|p2|6\n|gen|9\n|tier|[Gen 9] National Dex\n|rule|HP Percentage Mod: HP is shown in percentages\n|rule|Endless Battle Clause: Forcing endless battles is banned\n|rule|OHKO Clause: OHKO moves are banned\n|rule|Evasion Clause: Evasion abilities, items, and moves are banned\n|rule|Evasion Abilities Clause: Evasion abilities are banned\n|rule|Evasion Items Clause: Evasion items are banned\n|rule|Evasion Moves Clause: Evasion moves are banned\n|rule|Species Clause: Limit one of each Pok\u00e9mon\n|rule|Sleep Clause Mod: Limit one foe put to sleep\n|clearpoke\n|poke|p1|Brute Bonnet|\n|poke|p1|Tyranitar, M|\n|poke|p1|Meowscarada, M|\n|poke|p1|Ting-Lu|\n|poke|p1|Hydreigon, M|\n|poke|p1|Greninja-*, F|\n|poke|p2|Galvantula, M|\n|poke|p2|Rotom-Wash|\n|poke|p2|Zapdos|\n|poke|p2|Zeraora|\n|poke|p2|Raichu-Alola, M|\n|poke|p2|Tapu Koko|\n|teampreview\n|\n|t:|1701038483\n|start\n|switch|p1a: Brute Bonnet|Brute Bonnet|100\/100\n|switch|p2a: Spodie|Galvantula, M, shiny|100\/100\n|turn|1\n|j| LazuIi\n|\n|t:|1701038499\n|move|p1a: Brute Bonnet|Sucker Punch||[still]\n|-fail|p1a: Brute Bonnet\n|move|p2a: Spodie|Sticky Web|p1a: Brute Bonnet\n|-sidestart|p1: kogsb|move: Sticky Web\n|\n|upkeep\n|turn|2\n|\n|t:|1701038505\n|move|p2a: Spodie|Bug Buzz|p1a: Brute Bonnet\n|-supereffective|p1a: Brute Bonnet\n|-damage|p1a: Brute Bonnet|0 fnt\n|faint|p1a: Brute Bonnet\n|-end|p1a: Brute Bonnet|Protosynthesis|[silent]\n|\n|upkeep\n|\n|t:|1701038516\n|switch|p1a: Tyranitar|Tyranitar, M|100\/100\n|-activate|p1a: Tyranitar|move: Sticky Web\n|-unboost|p1a: Tyranitar|spe|1\n|-weather|Sandstorm|[from] ability: Sand Stream|[of] p1a: Tyranitar\n|turn|3\n|\n|t:|1701038556\n|move|p2a: Spodie|Bug Buzz|p1a: Tyranitar\n|-supereffective|p1a: Tyranitar\n|-damage|p1a: Tyranitar|60\/100\n|move|p1a: Tyranitar|Fire Punch|p2a: Spodie\n|-supereffective|p2a: Spodie\n|-enditem|p2a: Spodie|Focus Sash\n|-damage|p2a: Spodie|1\/100\n|\n|-weather|Sandstorm|[upkeep]\n|-damage|p2a: Spodie|0 fnt|[from] Sandstorm\n|faint|p2a: Spodie\n|-heal|p1a: Tyranitar|66\/100|[from] item: Leftovers\n|upkeep\n|\n|t:|1701038575\n|switch|p2a: Hotpoint|Rotom-Wash, shiny|100\/100\n|turn|4\n|\n|t:|1701038586\n|switch|p1a: Greninja|Greninja, F|100\/100\n|-activate|p1a: Greninja|move: Sticky Web\n|-unboost|p1a: Greninja|spe|1\n|move|p2a: Hotpoint|Defog|p1a: Greninja\n|-unboost|p1a: Greninja|evasion|1\n|-sideend|p1: kogsb|Sticky Web|[from] move: Defog|[of] p2a: Hotpoint\n|\n|-weather|Sandstorm|[upkeep]\n|-damage|p1a: Greninja|95\/100|[from] Sandstorm\n|-damage|p2a: Hotpoint|94\/100|[from] Sandstorm\n|-heal|p2a: Hotpoint|100\/100|[from] item: Leftovers\n|upkeep\n|turn|5\n|\n|t:|1701038602\n|move|p1a: Greninja|Grass Knot|p2a: Hotpoint\n|-supereffective|p2a: Hotpoint\n|-damage|p2a: Hotpoint|81\/100\n|move|p2a: Hotpoint|Defog|p1a: Greninja\n|-unboost|p1a: Greninja|evasion|1\n|\n|-weather|Sandstorm|[upkeep]\n|-damage|p1a: Greninja|89\/100|[from] Sandstorm\n|-damage|p2a: Hotpoint|75\/100|[from] Sandstorm\n|-heal|p2a: Hotpoint|81\/100|[from] item: Leftovers\n|upkeep\n|turn|6\n|\n|t:|1701038617\n|switch|p1a: Ting-Lu|Ting-Lu|100\/100\n|-ability|p1a: Ting-Lu|Vessel of Ruin\n|move|p2a: Hotpoint|Hydro Pump|p1a: Ting-Lu|[miss]\n|-miss|p2a: Hotpoint|p1a: Ting-Lu\n|\n|-weather|Sandstorm|[upkeep]\n|-damage|p2a: Hotpoint|75\/100|[from] Sandstorm\n|-heal|p2a: Hotpoint|81\/100|[from] item: Leftovers\n|upkeep\n|turn|7\n|\n|t:|1701038638\n|move|p2a: Hotpoint|Hydro Pump|p1a: Ting-Lu|[miss]\n|-miss|p2a: Hotpoint|p1a: Ting-Lu\n|move|p1a: Ting-Lu|Body Press|p2a: Hotpoint\n|-damage|p2a: Hotpoint|56\/100\n|\n|-weather|none\n|-heal|p2a: Hotpoint|62\/100|[from] item: Leftovers\n|upkeep\n|turn|8\n|\n|t:|1701038652\n|switch|p1a: Greninja|Greninja, F|89\/100\n|move|p2a: Hotpoint|Hydro Pump|p1a: Greninja\n|-resisted|p1a: Greninja\n|-damage|p1a: Greninja|56\/100\n|\n|-heal|p2a: Hotpoint|69\/100|[from] item: Leftovers\n|upkeep\n|turn|9\n|\n|t:|1701038660\n|move|p1a: Greninja|Surf|p2a: Hotpoint\n|-resisted|p2a: Hotpoint\n|-damage|p2a: Hotpoint|38\/100\n|move|p2a: Hotpoint|Volt Switch|p1a: Greninja\n|-supereffective|p1a: Greninja\n|-damage|p1a: Greninja|0 fnt\n|faint|p1a: Greninja\n|\n|t:|1701038672\n|switch|p2a: Coconut|Tapu Koko|100\/100|[from] Volt Switch\n|-fieldstart|move: Electric Terrain|[from] ability: Electric Surge|[of] p2a: Coconut\n|\n|upkeep\n|\n|t:|1701038692\n|switch|p1a: Tyranitar|Tyranitar, M|66\/100\n|-weather|Sandstorm|[from] ability: Sand Stream|[of] p1a: Tyranitar\n|turn|10\n|\n|t:|1701038706\n|move|p2a: Coconut|Grass Knot|p1a: Tyranitar\n|-supereffective|p1a: Tyranitar\n|-damage|p1a: Tyranitar|17\/100\n|move|p1a: Tyranitar|Earthquake|p2a: Coconut\n|-supereffective|p2a: Coconut\n|-damage|p2a: Coconut|0 fnt\n|faint|p2a: Coconut\n|\n|-weather|Sandstorm|[upkeep]\n|-heal|p1a: Tyranitar|24\/100|[from] item: Leftovers\n|upkeep\n|\n|t:|1701038714\n|switch|p2a: Rai-cute <3|Raichu-Alola, M, shiny|100\/100\n|turn|11\n|\n|t:|1701038744\n|switch|p1a: Ting-Lu|Ting-Lu|100\/100\n|-ability|p1a: Ting-Lu|Vessel of Ruin\n|move|p2a: Rai-cute <3|Rising Voltage|p1a: Ting-Lu\n|-immune|p1a: Ting-Lu\n|\n|-weather|Sandstorm|[upkeep]\n|-damage|p2a: Rai-cute <3|94\/100|[from] Sandstorm\n|upkeep\n|turn|12\n|\n|t:|1701038771\n|move|p2a: Rai-cute <3|Psyshock|p1a: Ting-Lu\n|-immune|p1a: Ting-Lu\n|move|p1a: Ting-Lu|Stealth Rock|p2a: Rai-cute <3\n|-sidestart|p2: izzlepuff|move: Stealth Rock\n|\n|-weather|Sandstorm|[upkeep]\n|-damage|p2a: Rai-cute <3|88\/100|[from] Sandstorm\n|upkeep\n|turn|13\n|\n|t:|1701038781\n|move|p2a: Rai-cute <3|Focus Blast|p1a: Ting-Lu|[miss]\n|-miss|p2a: Rai-cute <3|p1a: Ting-Lu\n|move|p1a: Ting-Lu|Stealth Rock||[still]\n|-fail|p1a: Ting-Lu\n|\n|-weather|Sandstorm|[upkeep]\n|-damage|p2a: Rai-cute <3|82\/100|[from] Sandstorm\n|-fieldend|move: Electric Terrain\n|upkeep\n|turn|14\n|\n|t:|1701038796\n|move|p2a: Rai-cute <3|Focus Blast|p1a: Ting-Lu|[miss]\n|-miss|p2a: Rai-cute <3|p1a: Ting-Lu\n|move|p1a: Ting-Lu|Earthquake|p2a: Rai-cute <3\n|-supereffective|p2a: Rai-cute <3\n|-enditem|p2a: Rai-cute <3|Shuca Berry|[eat]\n|-enditem|p2a: Rai-cute <3|Shuca Berry|[weaken]\n|-damage|p2a: Rai-cute <3|0 fnt\n|faint|p2a: Rai-cute <3\n|\n|-weather|none\n|upkeep\n|\n|t:|1701038807\n|switch|p2a: Hotpoint|Rotom-Wash, shiny|38\/100\n|-damage|p2a: Hotpoint|26\/100|[from] Stealth Rock\n|turn|15\n|\n|t:|1701038825\n|switch|p1a: Hydreigon|Hydreigon, M|100\/100\n|move|p2a: Hotpoint|Hydro Pump|p1a: Hydreigon\n|-resisted|p1a: Hydreigon\n|-damage|p1a: Hydreigon|76\/100\n|\n|-heal|p1a: Hydreigon|82\/100|[from] item: Leftovers\n|-heal|p2a: Hotpoint|32\/100|[from] item: Leftovers\n|upkeep\n|turn|16\n|\n|t:|1701038851\n|move|p1a: Hydreigon|Substitute|p1a: Hydreigon\n|-start|p1a: Hydreigon|Substitute\n|-damage|p1a: Hydreigon|57\/100\n|move|p2a: Hotpoint|Volt Switch|p1a: Hydreigon\n|-resisted|p1a: Hydreigon\n|-activate|p1a: Hydreigon|move: Substitute|[damage]\n|\n|t:|1701038865\n|switch|p2a: Pee bird|Zapdos, shiny|100\/100|[from] Volt Switch\n|-damage|p2a: Pee bird|76\/100|[from] Stealth Rock\n|\n|-heal|p1a: Hydreigon|64\/100|[from] item: Leftovers\n|upkeep\n|turn|17\n|\n|t:|1701038872\n|move|p2a: Pee bird|Hidden Power|p1a: Hydreigon\n|-supereffective|p1a: Hydreigon\n|-end|p1a: Hydreigon|Substitute\n|move|p1a: Hydreigon|Nasty Plot|p1a: Hydreigon\n|-boost|p1a: Hydreigon|spa|2\n|\n|-heal|p1a: Hydreigon|70\/100|[from] item: Leftovers\n|upkeep\n|turn|18\n|\n|t:|1701038912\n|-terastallize|p1a: Hydreigon|Dark\n|move|p2a: Pee bird|Hidden Power|p1a: Hydreigon\n|-damage|p1a: Hydreigon|34\/100\n|move|p1a: Hydreigon|Draco Meteor|p2a: Pee bird\n|-damage|p2a: Pee bird|0 fnt\n|-unboost|p1a: Hydreigon|spa|2\n|faint|p2a: Pee bird\n|\n|-heal|p1a: Hydreigon|40\/100|[from] item: Leftovers\n|upkeep\n|\n|t:|1701038924\n|switch|p2a: Furry|Zeraora|100\/100\n|-damage|p2a: Furry|88\/100|[from] Stealth Rock\n|turn|19\n|\n|t:|1701038931\n|switch|p1a: Ting-Lu|Ting-Lu|100\/100\n|-ability|p1a: Ting-Lu|Vessel of Ruin\n|move|p2a: Furry|Play Rough|p1a: Ting-Lu\n|-supereffective|p1a: Ting-Lu\n|-damage|p1a: Ting-Lu|63\/100\n|-unboost|p1a: Ting-Lu|atk|1\n|\n|-heal|p1a: Ting-Lu|69\/100|[from] item: Leftovers\n|upkeep\n|turn|20\n|\n|t:|1701038942\n|move|p2a: Furry|Play Rough|p1a: Ting-Lu\n|-supereffective|p1a: Ting-Lu\n|-damage|p1a: Ting-Lu|36\/100\n|-unboost|p1a: Ting-Lu|atk|1\n|move|p1a: Ting-Lu|Earthquake|p2a: Furry\n|-supereffective|p2a: Furry\n|-damage|p2a: Furry|38\/100\n|\n|-heal|p1a: Ting-Lu|42\/100|[from] item: Leftovers\n|upkeep\n|turn|21\n|\n|t:|1701038958\n|move|p2a: Furry|Play Rough|p1a: Ting-Lu|[miss]\n|-miss|p2a: Furry|p1a: Ting-Lu\n|move|p1a: Ting-Lu|Body Press|p2a: Furry\n|-damage|p2a: Furry|0 fnt\n|faint|p2a: Furry\n|\n|-heal|p1a: Ting-Lu|48\/100|[from] item: Leftovers\n|upkeep\n|\n|t:|1701038969\n|switch|p2a: Hotpoint|Rotom-Wash, shiny|32\/100\n|-damage|p2a: Hotpoint|20\/100|[from] Stealth Rock\n|turn|22\n|\n|t:|1701038976\n|switch|p1a: Tyranitar|Tyranitar, M|24\/100\n|-weather|Sandstorm|[from] ability: Sand Stream|[of] p1a: Tyranitar\n|move|p2a: Hotpoint|Hydro Pump|p1a: Tyranitar|[miss]\n|-miss|p2a: Hotpoint|p1a: Tyranitar\n|\n|-weather|Sandstorm|[upkeep]\n|-damage|p2a: Hotpoint|13\/100|[from] Sandstorm\n|-heal|p2a: Hotpoint|20\/100|[from] item: Leftovers\n|-heal|p1a: Tyranitar|30\/100|[from] item: Leftovers\n|upkeep\n|turn|23\n|\n|t:|1701038992\n|switch|p1a: Meowscarada|Meowscarada, M|100\/100\n|move|p2a: Hotpoint|Hydro Pump|p1a: Meowscarada\n|-resisted|p1a: Meowscarada\n|-damage|p1a: Meowscarada|72\/100\n|\n|-weather|Sandstorm|[upkeep]\n|-damage|p1a: Meowscarada|66\/100|[from] Sandstorm\n|-damage|p2a: Hotpoint|13\/100|[from] Sandstorm\n|-heal|p2a: Hotpoint|20\/100|[from] item: Leftovers\n|upkeep\n|turn|24\n|\n|t:|1701039006\n|move|p1a: Meowscarada|Flower Trick|p2a: Hotpoint\n|-start|p1a: Meowscarada|typechange|Grass|[from] ability: Protean\n|-supereffective|p2a: Hotpoint\n|-crit|p2a: Hotpoint\n|-damage|p2a: Hotpoint|0 fnt\n|faint|p2a: Hotpoint\n|\n|win|kogsb\n|l|\u2606izzlepuff\n|l|\u2606kogsb\n|j|\u2606izzlepuff\n|player|p2|izzlepuff|guitarist\n|l|\u2606izzlepuff\n|player|p2|\n|j|\u2606izzlepuff\n|player|p2|izzlepuff|guitarist\n|l|\u2606izzlepuff\n|player|p2|\n|j|\u2606izzlepuff\n|player|p2|izzlepuff|guitarist\n","uploadtime":1701039209,"views":3,"p1id":"kogsb","p2id":"izzlepuff","formatid":"gen9nationaldex","rating":0,"private":0,"password":""}