{"id":"gen9nationaldex-1991933534","p1":"BigG5","p2":"bazhuyu","format":"[Gen 9] National Dex","log":"|j|\u2606BigG5\n|j|\u2606bazhuyu\n|t:|1700139861\n|gametype|singles\n|player|p1|BigG5|170|1573\n|player|p2|bazhuyu|2|1624\n|teamsize|p1|6\n|teamsize|p2|6\n|gen|9\n|tier|[Gen 9] National Dex\n|rated|\n|rule|HP Percentage Mod: HP is shown in percentages\n|rule|Endless Battle Clause: Forcing endless battles is banned\n|rule|OHKO Clause: OHKO moves are banned\n|rule|Evasion Clause: Evasion abilities, items, and moves are banned\n|rule|Evasion Abilities Clause: Evasion abilities are banned\n|rule|Evasion Items Clause: Evasion items are banned\n|rule|Evasion Moves Clause: Evasion moves are banned\n|rule|Species Clause: Limit one of each Pok\u00e9mon\n|rule|Sleep Clause Mod: Limit one foe put to sleep\n|clearpoke\n|poke|p1|Tyranitar, F|\n|poke|p1|Lopunny, F|\n|poke|p1|Alomomola, M|\n|poke|p1|Landorus-Therian, M|\n|poke|p1|Heatran, M|\n|poke|p1|Dracozolt|\n|poke|p2|Alomomola, F|\n|poke|p2|Sableye, F|\n|poke|p2|Corviknight, M|\n|poke|p2|Quagsire, M|\n|poke|p2|Clodsire, M|\n|poke|p2|Blissey, F|\n|teampreview\n|inactive|Battle timer is ON: inactive players will automatically lose when time's up. (requested by bazhuyu)\n|\n|t:|1700139871\n|start\n|switch|p1a: Lopunny|Lopunny, F|100\/100\n|switch|p2a: Sableye|Sableye, F|100\/100\n|turn|1\n|\n|t:|1700139880\n|detailschange|p1a: Lopunny|Lopunny-Mega, F\n|-mega|p1a: Lopunny|Lopunny|Lopunnite\n|detailschange|p2a: Sableye|Sableye-Mega, F\n|-mega|p2a: Sableye|Sableye|Sablenite\n|move|p2a: Sableye|Protect|p2a: Sableye\n|-singleturn|p2a: Sableye|Protect\n|move|p1a: Lopunny|Fake Out|p2a: Sableye\n|-activate|p2a: Sableye|move: Protect\n|\n|upkeep\n|turn|2\n|\n|t:|1700139888\n|switch|p1a: Heatran|Heatran, M|100\/100\n|-item|p1a: Heatran|Air Balloon\n|switch|p2a: Alomomola|Alomomola, F|100\/100\n|\n|upkeep\n|turn|3\n|\n|t:|1700139914\n|switch|p1a: Tyranitar|Tyranitar, F, shiny|100\/100\n|-weather|Sandstorm|[from] ability: Sand Stream|[of] p1a: Tyranitar\n|move|p2a: Alomomola|Flip Turn|p1a: Tyranitar\n|-supereffective|p1a: Tyranitar\n|-damage|p1a: Tyranitar|74\/100\n|\n|t:|1700139941\n|switch|p2a: Sableye|Sableye-Mega, F|100\/100|[from] Flip Turn\n|\n|-weather|Sandstorm|[upkeep]\n|-damage|p2a: Sableye|94\/100|[from] Sandstorm\n|upkeep\n|turn|4\n|\n|t:|1700139949\n|switch|p1a: Heatran|Heatran, M|100\/100\n|-item|p1a: Heatran|Air Balloon\n|move|p2a: Sableye|Knock Off|p1a: Heatran\n|-damage|p1a: Heatran|70\/100\n|-enditem|p1a: Heatran|Air Balloon\n|\n|-weather|Sandstorm|[upkeep]\n|-damage|p2a: Sableye|88\/100|[from] Sandstorm\n|upkeep\n|turn|5\n|\n|t:|1700139962\n|switch|p2a: Blissey|Blissey, F|100\/100\n|move|p1a: Heatran|Taunt|p2a: Blissey\n|-start|p2a: Blissey|move: Taunt\n|\n|-weather|Sandstorm|[upkeep]\n|-damage|p2a: Blissey|94\/100|[from] Sandstorm\n|-heal|p2a: Blissey|100\/100|[from] item: Leftovers\n|upkeep\n|turn|6\n|\n|t:|1700139973\n|switch|p1a: Dracozolt|Dracozolt, shiny|100\/100\n|move|p2a: Blissey|Seismic Toss|p1a: Dracozolt\n|-damage|p1a: Dracozolt|69\/100\n|\n|-weather|Sandstorm|[upkeep]\n|-damage|p2a: Blissey|94\/100|[from] Sandstorm\n|-heal|p2a: Blissey|100\/100|[from] item: Leftovers\n|upkeep\n|turn|7\n|\n|t:|1700140000\n|move|p1a: Dracozolt|Earthquake|p2a: Blissey\n|-damage|p2a: Blissey|64\/100\n|-damage|p1a: Dracozolt|59\/100|[from] item: Life Orb\n|move|p2a: Blissey|Seismic Toss|p1a: Dracozolt\n|-damage|p1a: Dracozolt|28\/100\n|\n|-weather|none\n|-heal|p2a: Blissey|71\/100|[from] item: Leftovers\n|-end|p2a: Blissey|move: Taunt\n|upkeep\n|turn|8\n|\n|t:|1700140011\n|switch|p2a: Quagsire|Quagsire, M|100\/100\n|-terastallize|p1a: Dracozolt|Electric\n|move|p1a: Dracozolt|Bolt Beak|p2a: Quagsire\n|-immune|p2a: Quagsire\n|\n|upkeep\n|turn|9\n|\n|t:|1700140025\n|switch|p1a: Alomomola|Alomomola, M|100\/100\n|move|p2a: Quagsire|Scald|p1a: Alomomola\n|-resisted|p1a: Alomomola\n|-damage|p1a: Alomomola|92\/100\n|\n|upkeep\n|turn|10\n|\n|t:|1700140033\n|switch|p2a: Sableye|Sableye-Mega, F|88\/100\n|move|p1a: Alomomola|Wish|p1a: Alomomola\n|\n|upkeep\n|turn|11\n|\n|t:|1700140039\n|move|p1a: Alomomola|Protect|p1a: Alomomola\n|-singleturn|p1a: Alomomola|Protect\n|move|p2a: Sableye|Knock Off|p1a: Alomomola\n|-activate|p1a: Alomomola|move: Protect\n|\n|-heal|p1a: Alomomola|100\/100|[from] move: Wish|[wisher] Alomomola\n|upkeep\n|turn|12\n|\n|t:|1700140047\n|move|p1a: Alomomola|Wish|p1a: Alomomola\n|move|p2a: Sableye|Knock Off|p1a: Alomomola\n|-damage|p1a: Alomomola|81\/100\n|-enditem|p1a: Alomomola|Heavy-Duty Boots|[from] move: Knock Off|[of] p2a: Sableye\n|\n|upkeep\n|turn|13\n|\n|t:|1700140052\n|move|p2a: Sableye|Protect|p2a: Sableye\n|-singleturn|p2a: Sableye|Protect\n|move|p1a: Alomomola|Flip Turn|p2a: Sableye\n|-activate|p2a: Sableye|move: Protect\n|\n|-heal|p1a: Alomomola|100\/100|[from] move: Wish|[wisher] Alomomola\n|upkeep\n|turn|14\n|inactive|bazhuyu has 120 seconds left.\n|\n|t:|1700140089\n|switch|p2a: Quagsire|Quagsire, M|100\/100\n|move|p1a: Alomomola|Wish|p1a: Alomomola\n|\n|upkeep\n|turn|15\n|\n|t:|1700140097\n|switch|p1a: Dracozolt|Dracozolt, shiny, tera:Electric|28\/100\n|move|p2a: Quagsire|Stealth Rock|p1a: Dracozolt\n|-sidestart|p1: BigG5|move: Stealth Rock\n|\n|-heal|p1a: Dracozolt|100\/100|[from] move: Wish|[wisher] Alomomola\n|upkeep\n|turn|16\n|\n|t:|1700140107\n|move|p1a: Dracozolt|Draco Meteor|p2a: Quagsire\n|-damage|p2a: Quagsire|25\/100\n|-unboost|p1a: Dracozolt|spa|2\n|-damage|p1a: Dracozolt|91\/100|[from] item: Life Orb\n|move|p2a: Quagsire|Scald|p1a: Dracozolt\n|-damage|p1a: Dracozolt|60\/100\n|\n|-heal|p2a: Quagsire|31\/100|[from] item: Leftovers\n|upkeep\n|turn|17\n|\n|t:|1700140117\n|-terastallize|p2a: Quagsire|Fairy\n|move|p1a: Dracozolt|Bolt Beak|p2a: Quagsire\n|-damage|p2a: Quagsire|0 fnt\n|faint|p2a: Quagsire\n|-damage|p1a: Dracozolt|50\/100|[from] item: Life Orb\n|\n|upkeep\n|\n|t:|1700140130\n|switch|p2a: Clodsire|Clodsire, M|100\/100\n|turn|18\n|\n|t:|1700140135\n|switch|p1a: Landorus|Landorus-Therian, M|100\/100\n|-damage|p1a: Landorus|88\/100|[from] Stealth Rock\n|-ability|p1a: Landorus|Intimidate|boost\n|-unboost|p2a: Clodsire|atk|1\n|move|p2a: Clodsire|Spikes|p1a: Landorus\n|-sidestart|p1: BigG5|Spikes\n|\n|upkeep\n|turn|19\n|\n|t:|1700140142\n|move|p2a: Clodsire|Protect|p2a: Clodsire\n|-singleturn|p2a: Clodsire|Protect\n|move|p1a: Landorus|Defog|p2a: Clodsire\n|-activate|p2a: Clodsire|move: Protect\n|\n|upkeep\n|turn|20\n|\n|t:|1700140154\n|switch|p2a: Alomomola|Alomomola, F|100\/100\n|move|p1a: Landorus|Defog|p2a: Alomomola\n|-unboost|p2a: Alomomola|evasion|1\n|-sideend|p1: BigG5|Spikes|[from] move: Defog|[of] p1a: Landorus\n|-sideend|p1: BigG5|Stealth Rock|[from] move: Defog|[of] p1a: Landorus\n|\n|upkeep\n|turn|21\n|-message|bazhuyu forfeited.\n|\n|win|BigG5\n|raw|BigG5's rating: 1573 &rarr; <strong>1596<\/strong><br \/>(+23 for winning)\n|raw|bazhuyu's rating: 1624 &rarr; <strong>1601<\/strong><br \/>(-23 for losing)\n|l|\u2606bazhuyu\n","uploadtime":1700140297,"views":4,"p1id":"bigg5","p2id":"bazhuyu","formatid":"gen9nationaldex","rating":1596,"private":0,"password":""}