{"id":"gen9nationaldex-1998411789","p1":"KodIdel","p2":"Sleym","format":"[Gen 9] National Dex","log":"|html|<div class=\"broadcast-blue\"><strong>[Gen 9] National Dex is currently suspecting Sneasler! For information on how to participate check out the <a href=\"https:\/\/www.smogon.com\/forums\/threads\/sv-national-dex-suspect-8-just-dance.3731534\/\">suspect thread<\/a>.<\/strong><\/div>\n|j|\u2606KodIdel\n|j|\u2606Sleym\n|t:|1700939377\n|gametype|singles\n|player|p1|KodIdel|wallace|\n|player|p2|Sleym|cynthia|\n|teamsize|p1|6\n|teamsize|p2|6\n|gen|9\n|tier|[Gen 9] National Dex\n|rule|HP Percentage Mod: HP is shown in percentages\n|rule|Endless Battle Clause: Forcing endless battles is banned\n|rule|OHKO Clause: OHKO moves are banned\n|rule|Evasion Clause: Evasion abilities, items, and moves are banned\n|rule|Evasion Abilities Clause: Evasion abilities are banned\n|rule|Evasion Items Clause: Evasion items are banned\n|rule|Evasion Moves Clause: Evasion moves are banned\n|rule|Species Clause: Limit one of each Pok\u00e9mon\n|rule|Sleep Clause Mod: Limit one foe put to sleep\n|clearpoke\n|poke|p1|Aggron, M|\n|poke|p1|Nihilego|\n|poke|p1|Glimmora, M|\n|poke|p1|Aerodactyl, F|\n|poke|p1|Rhyperior, M|\n|poke|p1|Arcanine-Hisui, F|\n|poke|p2|Iron Valiant|\n|poke|p2|Tinkaton, F|\n|poke|p2|Mawile, M|\n|poke|p2|Primarina, F|\n|poke|p2|Gardevoir, F|\n|poke|p2|Whimsicott, M|\n|teampreview\n|\n|t:|1700939388\n|start\n|switch|p1a: Glimmora|Glimmora, M, shiny|100\/100\n|switch|p2a: Tinkaton|Tinkaton, F, shiny|100\/100\n|-ability|p2a: Tinkaton|Mold Breaker\n|turn|1\n|\n|t:|1700939399\n|move|p1a: Glimmora|Sludge Wave|p2a: Tinkaton\n|-immune|p2a: Tinkaton\n|move|p2a: Tinkaton|Heavy Slam|p1a: Glimmora\n|-supereffective|p1a: Glimmora\n|-damage|p1a: Glimmora|18\/100\n|\n|upkeep\n|turn|2\n|\n|t:|1700939408\n|switch|p1a: Arcanine|Arcanine-Hisui, F, shiny|100\/100\n|move|p2a: Tinkaton|Heavy Slam|p1a: Arcanine\n|-damage|p1a: Arcanine|73\/100\n|\n|upkeep\n|turn|3\n|\n|t:|1700939420\n|switch|p2a: Primarina|Primarina, F, shiny|100\/100\n|move|p1a: Arcanine|Flare Blitz|p2a: Primarina\n|-resisted|p2a: Primarina\n|-crit|p2a: Primarina\n|-damage|p2a: Primarina|52\/100\n|\n|upkeep\n|turn|4\n|\n|t:|1700939442\n|move|p1a: Arcanine|Head Smash|p2a: Primarina\n|-damage|p2a: Primarina|0 fnt\n|faint|p2a: Primarina\n|\n|upkeep\n|\n|t:|1700939449\n|switch|p2a: Iron Valiant|Iron Valiant|100\/100\n|turn|5\n|\n|t:|1700939462\n|switch|p1a: Aerodactyl|Aerodactyl, F|100\/100\n|move|p2a: Iron Valiant|Aura Sphere|p1a: Aerodactyl\n|-damage|p1a: Aerodactyl|45\/100\n|\n|upkeep\n|turn|6\n|\n|t:|1700939474\n|-end|p2a: Iron Valiant|Quark Drive|[silent]\n|switch|p2a: Tinkaton|Tinkaton, F, shiny|100\/100\n|-ability|p2a: Tinkaton|Mold Breaker\n|move|p1a: Aerodactyl|Earthquake|p2a: Tinkaton\n|-supereffective|p2a: Tinkaton\n|-damage|p2a: Tinkaton|10\/100\n|\n|upkeep\n|turn|7\n|\n|t:|1700939493\n|move|p1a: Aerodactyl|Earthquake|p2a: Tinkaton\n|-supereffective|p2a: Tinkaton\n|-damage|p2a: Tinkaton|0 fnt\n|faint|p2a: Tinkaton\n|\n|upkeep\n|\n|t:|1700939500\n|switch|p2a: Gardevoir|Gardevoir, F, shiny|100\/100\n|turn|8\n|\n|t:|1700939508\n|move|p1a: Aerodactyl|Earthquake|p2a: Gardevoir\n|-damage|p2a: Gardevoir|42\/100\n|move|p2a: Gardevoir|Psychic|p1a: Aerodactyl\n|-damage|p1a: Aerodactyl|0 fnt\n|faint|p1a: Aerodactyl\n|\n|upkeep\n|\n|t:|1700939517\n|switch|p1a: Rhyperior|Rhyperior, M, shiny|100\/100\n|turn|9\n|\n|t:|1700939521\n|switch|p2a: Whimsicott|Whimsicott, M, shiny|100\/100\n|move|p1a: Rhyperior|Megahorn|p2a: Whimsicott\n|-damage|p2a: Whimsicott|43\/100\n|\n|upkeep\n|turn|10\n|\n|t:|1700939529\n|move|p2a: Whimsicott|Giga Drain|p1a: Rhyperior\n|-supereffective|p1a: Rhyperior\n|-damage|p1a: Rhyperior|0 fnt\n|-heal|p2a: Whimsicott|100\/100|[from] drain|[of] p1a: Rhyperior\n|faint|p1a: Rhyperior\n|\n|upkeep\n|\n|t:|1700939539\n|switch|p1a: Arcanine|Arcanine-Hisui, F, shiny|73\/100\n|turn|11\n|\n|t:|1700939547\n|switch|p2a: Iron Valiant|Iron Valiant|100\/100\n|move|p1a: Arcanine|Flare Blitz|p2a: Iron Valiant\n|-damage|p2a: Iron Valiant|23\/100\n|\n|upkeep\n|turn|12\n|\n|t:|1700939556\n|move|p1a: Arcanine|Extreme Speed|p2a: Iron Valiant\n|-damage|p2a: Iron Valiant|0 fnt\n|faint|p2a: Iron Valiant\n|-end|p2a: Iron Valiant|Quark Drive|[silent]\n|\n|upkeep\n|\n|t:|1700939561\n|switch|p2a: Gardevoir|Gardevoir, F, shiny|42\/100\n|turn|13\n|\n|t:|1700939573\n|move|p1a: Arcanine|Head Smash|p2a: Gardevoir\n|-damage|p2a: Gardevoir|0 fnt\n|faint|p2a: Gardevoir\n|\n|upkeep\n|\n|t:|1700939579\n|switch|p2a: Mawile|Mawile, M, shiny|100\/100\n|-ability|p2a: Mawile|Intimidate|boost\n|-unboost|p1a: Arcanine|atk|1\n|turn|14\n|\n|t:|1700939586\n|detailschange|p2a: Mawile|Mawile-Mega, M, shiny\n|-mega|p2a: Mawile|Mawile|Mawilite\n|move|p1a: Arcanine|Flare Blitz|p2a: Mawile\n|-supereffective|p2a: Mawile\n|-damage|p2a: Mawile|8\/100\n|move|p2a: Mawile|Iron Head|p1a: Arcanine\n|-damage|p1a: Arcanine|0 fnt\n|faint|p1a: Arcanine\n|\n|upkeep\n|\n|t:|1700939610\n|switch|p1a: Aggron|Aggron, M|100\/100\n|turn|15\n|\n|t:|1700939627\n|detailschange|p1a: Aggron|Aggron-Mega, M\n|-mega|p1a: Aggron|Aggron|Aggronite\n|move|p1a: Aggron|Head Smash|p2a: Mawile\n|-resisted|p2a: Mawile\n|-damage|p2a: Mawile|0 fnt\n|faint|p2a: Mawile\n|-damage|p1a: Aggron|97\/100|[from] Recoil\n|\n|upkeep\n|\n|t:|1700939637\n|switch|p2a: Whimsicott|Whimsicott, M, shiny|100\/100\n|turn|16\n|\n|t:|1700939645\n|move|p2a: Whimsicott|Giga Drain|p1a: Aggron\n|-resisted|p1a: Aggron\n|-damage|p1a: Aggron|76\/100\n|move|p1a: Aggron|Low Kick|p2a: Whimsicott\n|-resisted|p2a: Whimsicott\n|-damage|p2a: Whimsicott|95\/100\n|\n|upkeep\n|turn|17\n|\n|t:|1700939652\n|move|p2a: Whimsicott|Giga Drain|p1a: Aggron\n|-resisted|p1a: Aggron\n|-damage|p1a: Aggron|55\/100\n|-heal|p2a: Whimsicott|100\/100|[from] drain|[of] p1a: Aggron\n|move|p1a: Aggron|Toxic|p2a: Whimsicott\n|-status|p2a: Whimsicott|tox\n|\n|-damage|p2a: Whimsicott|94\/100 tox|[from] psn\n|upkeep\n|turn|18\n|\n|t:|1700939663\n|move|p2a: Whimsicott|Giga Drain|p1a: Aggron\n|-resisted|p1a: Aggron\n|-damage|p1a: Aggron|34\/100\n|-heal|p2a: Whimsicott|100\/100 tox|[from] drain|[of] p1a: Aggron\n|move|p1a: Aggron|Head Smash|p2a: Whimsicott\n|-damage|p2a: Whimsicott|25\/100 tox\n|-damage|p1a: Aggron|0 fnt|[from] Recoil\n|faint|p1a: Aggron\n|\n|-damage|p2a: Whimsicott|12\/100 tox|[from] psn\n|upkeep\n|\n|t:|1700939675\n|switch|p1a: Glimmora|Glimmora, M, shiny|18\/100\n|turn|19\n|\n|t:|1700939678\n|move|p1a: Glimmora|Venoshock|p2a: Whimsicott\n|-supereffective|p2a: Whimsicott\n|-damage|p2a: Whimsicott|0 fnt\n|faint|p2a: Whimsicott\n|\n|win|KodIdel\n","uploadtime":1700939687,"views":11,"p1id":"kodidel","p2id":"sleym","formatid":"gen9nationaldex","rating":0,"private":0,"password":""}