{"id":"gen9nationaldex-1995507862","p1":"zongalezz","p2":"kjems24","format":"[Gen 9] National Dex","log":"|html|<div class=\"broadcast-blue\"><strong>[Gen 9] National Dex is currently suspecting Sneasler! For information on how to participate check out the <a href=\"https:\/\/www.smogon.com\/forums\/threads\/sv-national-dex-suspect-8-just-dance.3731534\/\">suspect thread<\/a>.<\/strong><\/div>\n|j|\u2606zongalezz\n|j|\u203dkjems24\n|t:|1700578182\n|gametype|singles\n|player|p1|zongalezz|byron|1063\n|player|p2|kjems24|169|1040\n|teamsize|p1|6\n|teamsize|p2|6\n|gen|9\n|tier|[Gen 9] National Dex\n|rated|\n|rule|HP Percentage Mod: HP is shown in percentages\n|rule|Endless Battle Clause: Forcing endless battles is banned\n|rule|OHKO Clause: OHKO moves are banned\n|rule|Evasion Clause: Evasion abilities, items, and moves are banned\n|rule|Evasion Abilities Clause: Evasion abilities are banned\n|rule|Evasion Items Clause: Evasion items are banned\n|rule|Evasion Moves Clause: Evasion moves are banned\n|rule|Species Clause: Limit one of each Pok\u00e9mon\n|rule|Sleep Clause Mod: Limit one foe put to sleep\n|clearpoke\n|poke|p1|Archeops, F|\n|poke|p1|Skarmory, M|\n|poke|p1|Garchomp, M|\n|poke|p1|Araquanid, F|\n|poke|p1|Chandelure, M|\n|poke|p1|Registeel|\n|poke|p2|Azumarill, F|\n|poke|p2|Ceruledge, M|\n|poke|p2|Pawmot, F|\n|poke|p2|Clodsire, M|\n|poke|p2|Umbreon, F|\n|poke|p2|Dragonite, M|\n|teampreview\n|\n|t:|1700578188\n|start\n|switch|p1a: Araquanid|Araquanid, F|100\/100\n|switch|p2a: Azumarill|Azumarill, F|100\/100\n|turn|1\n|\n|t:|1700578212\n|move|p2a: Azumarill|Ice Spinner|p1a: Araquanid\n|-resisted|p1a: Araquanid\n|-damage|p1a: Araquanid|75\/100\n|move|p1a: Araquanid|Toxic|p2a: Azumarill\n|-status|p2a: Azumarill|tox\n|\n|-heal|p1a: Araquanid|81\/100|[from] item: Leftovers\n|-damage|p2a: Azumarill|94\/100 tox|[from] psn\n|upkeep\n|turn|2\n|\n|t:|1700578231\n|switch|p2a: Clodsire|Clodsire, M|100\/100\n|move|p1a: Araquanid|Sticky Web|p2a: Clodsire\n|-sidestart|p2: kjems24|move: Sticky Web\n|\n|-heal|p1a: Araquanid|87\/100|[from] item: Leftovers\n|upkeep\n|turn|3\n|\n|t:|1700578243\n|move|p1a: Araquanid|Liquidation|p2a: Clodsire\n|-immune|p2a: Clodsire|[from] ability: Water Absorb\n|move|p2a: Clodsire|Rock Slide|p1a: Araquanid\n|-supereffective|p1a: Araquanid\n|-damage|p1a: Araquanid|45\/100\n|\n|-heal|p1a: Araquanid|51\/100|[from] item: Leftovers\n|upkeep\n|turn|4\n|\n|t:|1700578252\n|switch|p1a: Registeel|Registeel|100\/100\n|move|p2a: Clodsire|Rock Slide|p1a: Registeel\n|-resisted|p1a: Registeel\n|-damage|p1a: Registeel|96\/100\n|\n|-heal|p1a: Registeel|100\/100|[from] item: Leftovers\n|upkeep\n|turn|5\n|\n|t:|1700578263\n|move|p1a: Registeel|Iron Defense|p1a: Registeel\n|-boost|p1a: Registeel|def|2\n|move|p2a: Clodsire|Earthquake|p1a: Registeel\n|-supereffective|p1a: Registeel\n|-damage|p1a: Registeel|80\/100\n|\n|-heal|p1a: Registeel|86\/100|[from] item: Leftovers\n|upkeep\n|turn|6\n|\n|t:|1700578274\n|move|p1a: Registeel|Iron Defense|p1a: Registeel\n|-boost|p1a: Registeel|def|2\n|move|p2a: Clodsire|Earthquake|p1a: Registeel\n|-supereffective|p1a: Registeel\n|-damage|p1a: Registeel|71\/100\n|\n|-heal|p1a: Registeel|77\/100|[from] item: Leftovers\n|upkeep\n|turn|7\n|\n|t:|1700578284\n|move|p1a: Registeel|Body Press|p2a: Clodsire\n|-resisted|p2a: Clodsire\n|-damage|p2a: Clodsire|43\/100\n|move|p2a: Clodsire|Earthquake|p1a: Registeel\n|-supereffective|p1a: Registeel\n|-damage|p1a: Registeel|64\/100\n|\n|-heal|p1a: Registeel|70\/100|[from] item: Leftovers\n|-heal|p2a: Clodsire|49\/100|[from] item: Black Sludge\n|upkeep\n|turn|8\n|\n|t:|1700578302\n|switch|p2a: Umbreon|Umbreon, F|100\/100\n|-activate|p2a: Umbreon|move: Sticky Web\n|-unboost|p2a: Umbreon|spe|1\n|move|p1a: Registeel|Body Press|p2a: Umbreon\n|-supereffective|p2a: Umbreon\n|-damage|p2a: Umbreon|0 fnt\n|faint|p2a: Umbreon\n|\n|-heal|p1a: Registeel|76\/100|[from] item: Leftovers\n|upkeep\n|\n|t:|1700578312\n|switch|p2a: Pawmot|Pawmot, F|100\/100\n|-activate|p2a: Pawmot|move: Sticky Web\n|-unboost|p2a: Pawmot|spe|1\n|turn|9\n|\n|t:|1700578318\n|move|p2a: Pawmot|Close Combat|p1a: Registeel\n|-supereffective|p1a: Registeel\n|-damage|p1a: Registeel|53\/100\n|-unboost|p2a: Pawmot|def|1\n|-unboost|p2a: Pawmot|spd|1\n|move|p1a: Registeel|Body Press|p2a: Pawmot\n|-damage|p2a: Pawmot|0 fnt\n|faint|p2a: Pawmot\n|\n|-heal|p1a: Registeel|59\/100|[from] item: Leftovers\n|upkeep\n|\n|t:|1700578328\n|switch|p2a: Ceruledge|Ceruledge, M|100\/100\n|-activate|p2a: Ceruledge|move: Sticky Web\n|-unboost|p2a: Ceruledge|spe|1\n|turn|10\n|\n|t:|1700578333\n|move|p2a: Ceruledge|Bitter Blade|p1a: Registeel\n|-supereffective|p1a: Registeel\n|-damage|p1a: Registeel|42\/100\n|move|p1a: Registeel|Thunder Wave|p2a: Ceruledge\n|-status|p2a: Ceruledge|par\n|\n|-heal|p1a: Registeel|48\/100|[from] item: Leftovers\n|upkeep\n|turn|11\n|\n|t:|1700578353\n|switch|p1a: Chandelure|Chandelure, M|100\/100\n|move|p2a: Ceruledge|Bitter Blade|p1a: Chandelure\n|-start|p1a: Chandelure|ability: Flash Fire\n|\n|upkeep\n|turn|12\n|\n|t:|1700578371\n|-terastallize|p2a: Ceruledge|Grass\n|move|p1a: Chandelure|Hex|p2a: Ceruledge\n|-damage|p2a: Ceruledge|0 fnt\n|faint|p2a: Ceruledge\n|-damage|p1a: Chandelure|91\/100|[from] item: Life Orb\n|\n|upkeep\n|\n|t:|1700578381\n|switch|p2a: Clodsire|Clodsire, M|49\/100\n|-activate|p2a: Clodsire|move: Sticky Web\n|-unboost|p2a: Clodsire|spe|1\n|turn|13\n|\n|t:|1700578388\n|move|p1a: Chandelure|Will-O-Wisp|p2a: Clodsire\n|-status|p2a: Clodsire|brn\n|move|p2a: Clodsire|Earthquake|p1a: Chandelure\n|-supereffective|p1a: Chandelure\n|-damage|p1a: Chandelure|32\/100\n|\n|-heal|p2a: Clodsire|56\/100 brn|[from] item: Black Sludge\n|-damage|p2a: Clodsire|49\/100 brn|[from] brn\n|upkeep\n|turn|14\n|\n|t:|1700578397\n|move|p1a: Chandelure|Hex|p2a: Clodsire\n|-damage|p2a: Clodsire|0 fnt\n|faint|p2a: Clodsire\n|-damage|p1a: Chandelure|22\/100|[from] item: Life Orb\n|\n|upkeep\n|\n|t:|1700578402\n|switch|p2a: Azumarill|Azumarill, F|94\/100 tox\n|-activate|p2a: Azumarill|move: Sticky Web\n|-unboost|p2a: Azumarill|spe|1\n|turn|15\n|\n|t:|1700578408\n|move|p1a: Chandelure|Hex|p2a: Azumarill\n|-damage|p2a: Azumarill|0 fnt\n|faint|p2a: Azumarill\n|-damage|p1a: Chandelure|12\/100|[from] item: Life Orb\n|\n|upkeep\n|\n|t:|1700578414\n|switch|p2a: Dragonite|Dragonite, M|100\/100\n|turn|16\n|\n|t:|1700578421\n|-end|p1a: Chandelure|ability: Flash Fire|[silent]\n|switch|p1a: Registeel|Registeel|48\/100\n|move|p2a: Dragonite|Dragon Claw|p1a: Registeel\n|-resisted|p1a: Registeel\n|-damage|p1a: Registeel|36\/100\n|\n|-heal|p1a: Registeel|42\/100|[from] item: Leftovers\n|upkeep\n|turn|17\n|\n|t:|1700578440\n|move|p2a: Dragonite|Dragon Dance|p2a: Dragonite\n|-boost|p2a: Dragonite|atk|1\n|-boost|p2a: Dragonite|spe|1\n|move|p1a: Registeel|Explosion|p2a: Dragonite\n|-damage|p2a: Dragonite|73\/100\n|faint|p1a: Registeel\n|\n|upkeep\n|\n|t:|1700578451\n|switch|p1a: Archeops|Archeops, F|100\/100\n|turn|18\n|\n|t:|1700578456\n|move|p1a: Archeops|Stone Edge|p2a: Dragonite\n|-supereffective|p2a: Dragonite\n|-damage|p2a: Dragonite|0 fnt\n|faint|p2a: Dragonite\n|\n|win|zongalezz\n|raw|zongalezz's rating: 1063 &rarr; <strong>1092<\/strong><br \/>(+29 for winning)\n|raw|kjems24's rating: 1040 &rarr; <strong>1025<\/strong><br \/>(-15 for losing)\n","uploadtime":1700578466,"views":2,"p1id":"zongalezz","p2id":"kjems24","formatid":"gen9nationaldex","rating":1025,"private":0,"password":""}