{"id":"gen9nationaldex-1995654250","p1":"Kolibyr","p2":"Stagnis","format":"[Gen 9] National Dex","log":"|html|<div class=\"broadcast-blue\"><strong>[Gen 9] National Dex is currently suspecting Sneasler! For information on how to participate check out the <a href=\"https:\/\/www.smogon.com\/forums\/threads\/sv-national-dex-suspect-8-just-dance.3731534\/\">suspect thread<\/a>.<\/strong><\/div>\n|j|\u2606Kolibyr\n|j|\u2606Stagnis\n|t:|1700591129\n|gametype|singles\n|player|p1|Kolibyr|backpacker|\n|player|p2|Stagnis|265|\n|teamsize|p1|6\n|teamsize|p2|6\n|gen|9\n|tier|[Gen 9] National Dex\n|rule|HP Percentage Mod: HP is shown in percentages\n|rule|Endless Battle Clause: Forcing endless battles is banned\n|rule|OHKO Clause: OHKO moves are banned\n|rule|Evasion Clause: Evasion abilities, items, and moves are banned\n|rule|Evasion Abilities Clause: Evasion abilities are banned\n|rule|Evasion Items Clause: Evasion items are banned\n|rule|Evasion Moves Clause: Evasion moves are banned\n|rule|Species Clause: Limit one of each Pok\u00e9mon\n|rule|Sleep Clause Mod: Limit one foe put to sleep\n|clearpoke\n|poke|p1|Magcargo, M|\n|poke|p1|Torkoal, M|\n|poke|p1|Infernape, M|\n|poke|p1|Rotom-Heat|\n|poke|p1|Typhlosion-Hisui, F|\n|poke|p1|Tauros-Paldea-Blaze, M|\n|poke|p2|Darmanitan, F|\n|poke|p2|Emboar, F|\n|poke|p2|Talonflame, M|\n|poke|p2|Rotom-Heat|\n|poke|p2|Carkol, F|\n|poke|p2|Infernape, M|\n|teampreview\n|c|\u2606Stagnis|bom jogo amg\n|c|\u2606Kolibyr|Pra vc tbm\n|\n|t:|1700591156\n|start\n|switch|p1a: Jaburv\u00e3o|Torkoal, M|100\/100\n|switch|p2a: Carkol|Carkol, F|100\/100\n|-weather|SunnyDay|[from] ability: Drought|[of] p1a: Jaburv\u00e3o\n|-item|p1a: Jaburv\u00e3o|Air Balloon\n|turn|1\n|\n|t:|1700591168\n|switch|p1a: Tauros Paldeano|Tauros-Paldea-Blaze, M|100\/100\n|-ability|p1a: Tauros Paldeano|Intimidate|boost\n|-unboost|p2a: Carkol|atk|1\n|move|p2a: Carkol|Stealth Rock|p1a: Tauros Paldeano\n|-sidestart|p1: Kolibyr|move: Stealth Rock\n|\n|-weather|SunnyDay|[upkeep]\n|upkeep\n|turn|2\n|\n|t:|1700591178\n|-terastallize|p2a: Carkol|Fire\n|move|p1a: Tauros Paldeano|Stone Edge|p2a: Carkol|[miss]\n|-miss|p1a: Tauros Paldeano|p2a: Carkol\n|move|p2a: Carkol|Spikes|p1a: Tauros Paldeano\n|-sidestart|p1: Kolibyr|Spikes\n|\n|-weather|SunnyDay|[upkeep]\n|upkeep\n|turn|3\n|\n|t:|1700591187\n|move|p1a: Tauros Paldeano|Stone Edge|p2a: Carkol|[miss]\n|-miss|p1a: Tauros Paldeano|p2a: Carkol\n|move|p2a: Carkol|Spikes|p1a: Tauros Paldeano\n|-sidestart|p1: Kolibyr|Spikes\n|\n|-weather|SunnyDay|[upkeep]\n|upkeep\n|turn|4\n|c|\u2606Stagnis|mds kkkkkkkkkk\n|\n|t:|1700591195\n|move|p1a: Tauros Paldeano|Stone Edge|p2a: Carkol\n|-supereffective|p2a: Carkol\n|-crit|p2a: Carkol\n|-damage|p2a: Carkol|58\/100\n|move|p2a: Carkol|Spikes|p1a: Tauros Paldeano\n|-sidestart|p1: Kolibyr|Spikes\n|\n|-weather|SunnyDay|[upkeep]\n|upkeep\n|turn|5\n|\n|t:|1700591204\n|switch|p1a: Jaburv\u00e3o|Torkoal, M|100\/100\n|-damage|p1a: Jaburv\u00e3o|76\/100|[from] Stealth Rock\n|-item|p1a: Jaburv\u00e3o|Air Balloon\n|move|p2a: Carkol|Explosion|p1a: Jaburv\u00e3o\n|-damage|p1a: Jaburv\u00e3o|62\/100\n|-enditem|p1a: Jaburv\u00e3o|Air Balloon\n|faint|p2a: Carkol\n|\n|-weather|none\n|upkeep\n|\n|t:|1700591250\n|switch|p2a: Rotom|Rotom-Heat|100\/100\n|turn|6\n|\n|t:|1700591254\n|move|p2a: Rotom|Hidden Power|p1a: Jaburv\u00e3o\n|-supereffective|p1a: Jaburv\u00e3o\n|-damage|p1a: Jaburv\u00e3o|23\/100\n|move|p1a: Jaburv\u00e3o|Rapid Spin|p2a: Rotom\n|-damage|p2a: Rotom|91\/100\n|-boost|p1a: Jaburv\u00e3o|spe|1\n|-sideend|p1: Kolibyr|Spikes|[from] move: Rapid Spin|[of] p1a: Jaburv\u00e3o\n|-sideend|p1: Kolibyr|Stealth Rock|[from] move: Rapid Spin|[of] p1a: Jaburv\u00e3o\n|\n|upkeep\n|turn|7\n|\n|t:|1700591262\n|move|p2a: Rotom|Hidden Power|p1a: Jaburv\u00e3o\n|-supereffective|p1a: Jaburv\u00e3o\n|-damage|p1a: Jaburv\u00e3o|0 fnt\n|faint|p1a: Jaburv\u00e3o\n|\n|upkeep\n|\n|t:|1700591280\n|switch|p1a: Tauros Paldeano|Tauros-Paldea-Blaze, M|100\/100\n|-ability|p1a: Tauros Paldeano|Intimidate|boost\n|-unboost|p2a: Rotom|atk|1\n|turn|8\n|\n|t:|1700591291\n|move|p1a: Tauros Paldeano|Stone Edge|p2a: Rotom|[miss]\n|-miss|p1a: Tauros Paldeano|p2a: Rotom\n|move|p2a: Rotom|Reflect|p2a: Rotom\n|-sidestart|p2: Stagnis|Reflect\n|\n|upkeep\n|turn|9\n|c|\u2606Stagnis|mds\n|c|\u2606Kolibyr|Ah bicho\n|\n|t:|1700591304\n|move|p1a: Tauros Paldeano|Stone Edge|p2a: Rotom|[miss]\n|-miss|p1a: Tauros Paldeano|p2a: Rotom\n|move|p2a: Rotom|Volt Switch|p1a: Tauros Paldeano\n|-damage|p1a: Tauros Paldeano|76\/100\n|c|\u2606Stagnis|KKKKKKKKKKKKKKKKKKKKK\n|\n|t:|1700591312\n|switch|p2a: Talonflame|Talonflame, M|100\/100|[from] Volt Switch\n|\n|upkeep\n|turn|10\n|c|\u2606Kolibyr|Qq t\u00e1 acontecendo\n|\n|t:|1700591324\n|move|p2a: Talonflame|Air Slash|p1a: Tauros Paldeano\n|-supereffective|p1a: Tauros Paldeano\n|-damage|p1a: Tauros Paldeano|18\/100\n|move|p1a: Tauros Paldeano|Stone Edge|p2a: Talonflame\n|-supereffective|p2a: Talonflame\n|-damage|p2a: Talonflame|3\/100\n|\n|upkeep\n|turn|11\n|\n|t:|1700591333\n|move|p2a: Talonflame|Hidden Power|p1a: Tauros Paldeano\n|-supereffective|p1a: Tauros Paldeano\n|-damage|p1a: Tauros Paldeano|0 fnt\n|faint|p1a: Tauros Paldeano\n|\n|upkeep\n|\n|t:|1700591337\n|switch|p1a: Rotom|Rotom-Heat|100\/100\n|turn|12\n|\n|t:|1700591341\n|move|p2a: Talonflame|Tailwind|p2a: Talonflame\n|-sidestart|p2: Stagnis|move: Tailwind\n|move|p1a: Rotom|Light Screen|p1a: Rotom\n|-sidestart|p1: Kolibyr|move: Light Screen\n|\n|upkeep\n|turn|13\n|\n|t:|1700591347\n|move|p2a: Talonflame|Hidden Power|p1a: Rotom\n|-supereffective|p1a: Rotom\n|-damage|p1a: Rotom|80\/100\n|move|p1a: Rotom|Reflect|p1a: Rotom\n|-sidestart|p1: Kolibyr|Reflect\n|\n|upkeep\n|turn|14\n|\n|t:|1700591352\n|move|p2a: Talonflame|Hidden Power|p1a: Rotom\n|-supereffective|p1a: Rotom\n|-damage|p1a: Rotom|59\/100\n|move|p1a: Rotom|Volt Switch|p2a: Talonflame\n|-supereffective|p2a: Talonflame\n|-damage|p2a: Talonflame|0 fnt\n|faint|p2a: Talonflame\n|\n|t:|1700591355\n|switch|p1a: Magcarg\u00f4|Magcargo, M, shiny|100\/100|[from] Volt Switch\n|\n|upkeep\n|\n|t:|1700591376\n|switch|p2a: Infernape|Infernape, M|100\/100\n|turn|15\n|\n|t:|1700591390\n|move|p2a: Infernape|Fake Out|p1a: Magcarg\u00f4\n|-resisted|p1a: Magcarg\u00f4\n|-damage|p1a: Magcarg\u00f4|97\/100\n|-ability|p1a: Magcarg\u00f4|Weak Armor|boost\n|-unboost|p1a: Magcarg\u00f4|def|1\n|-boost|p1a: Magcarg\u00f4|spe|2\n|-enditem|p1a: Magcarg\u00f4|White Herb\n|-clearnegativeboost|p1a: Magcarg\u00f4|[silent]\n|cant|p1a: Magcarg\u00f4|flinch\n|\n|-sideend|p2: Stagnis|Reflect\n|-sideend|p2: Stagnis|move: Tailwind\n|upkeep\n|turn|16\n|\n|t:|1700591401\n|move|p1a: Magcarg\u00f4|Shell Smash|p1a: Magcarg\u00f4\n|-unboost|p1a: Magcarg\u00f4|def|1\n|-unboost|p1a: Magcarg\u00f4|spd|1\n|-boost|p1a: Magcarg\u00f4|atk|2\n|-boost|p1a: Magcarg\u00f4|spa|2\n|-boost|p1a: Magcarg\u00f4|spe|2\n|move|p2a: Infernape|Earthquake|p1a: Magcarg\u00f4\n|-supereffective|p1a: Magcarg\u00f4\n|-damage|p1a: Magcarg\u00f4|0 fnt\n|faint|p1a: Magcarg\u00f4\n|\n|upkeep\n|c|\u2606Kolibyr|A\n|c|\u2606Stagnis|a\n|c|\u2606Stagnis|ta tudo dando errado\n|\n|t:|1700591417\n|switch|p1a: Simi\u00e1des|Infernape, M, shiny|100\/100\n|turn|17\n|\n|t:|1700591425\n|switch|p2a: Rotom|Rotom-Heat|91\/100\n|move|p1a: Simi\u00e1des|Substitute|p1a: Simi\u00e1des\n|-start|p1a: Simi\u00e1des|Substitute\n|-damage|p1a: Simi\u00e1des|76\/100\n|\n|upkeep\n|turn|18\n|\n|t:|1700591432\n|-singleturn|p1a: Simi\u00e1des|move: Focus Punch\n|move|p2a: Rotom|Reflect|p2a: Rotom\n|-sidestart|p2: Stagnis|Reflect\n|move|p1a: Simi\u00e1des|Focus Punch|p2a: Rotom\n|-damage|p2a: Rotom|42\/100\n|\n|upkeep\n|turn|19\n|\n|t:|1700591441\n|-singleturn|p1a: Simi\u00e1des|move: Focus Punch\n|move|p2a: Rotom|Hidden Power|p1a: Simi\u00e1des\n|-supereffective|p1a: Simi\u00e1des\n|-activate|p1a: Simi\u00e1des|move: Substitute|[damage]\n|move|p1a: Simi\u00e1des|Focus Punch|p2a: Rotom\n|-damage|p2a: Rotom|0 fnt\n|faint|p2a: Rotom\n|\n|-sideend|p1: Kolibyr|move: Light Screen\n|upkeep\n|\n|t:|1700591457\n|switch|p2a: Emboar|Emboar, F|100\/100\n|turn|20\n|\n|t:|1700591467\n|move|p2a: Emboar|Head Smash|p1a: Simi\u00e1des\n|-end|p1a: Simi\u00e1des|Substitute\n|-damage|p2a: Emboar|99\/100|[from] Recoil|[of] p1a: Simi\u00e1des\n|move|p1a: Simi\u00e1des|Earthquake|p2a: Emboar\n|-supereffective|p2a: Emboar\n|-damage|p2a: Emboar|57\/100\n|\n|-sideend|p1: Kolibyr|Reflect\n|upkeep\n|turn|21\n|\n|t:|1700591481\n|move|p2a: Emboar|Head Smash|p1a: Simi\u00e1des\n|-damage|p1a: Simi\u00e1des|0 fnt\n|faint|p1a: Simi\u00e1des\n|-damage|p2a: Emboar|27\/100|[from] Recoil\n|\n|upkeep\n|\n|t:|1700591484\n|switch|p1a: Rotom|Rotom-Heat|59\/100\n|turn|22\n|\n|t:|1700591489\n|move|p2a: Emboar|Head Smash|p1a: Rotom|[miss]\n|-miss|p2a: Emboar|p1a: Rotom\n|move|p1a: Rotom|Reflect|p1a: Rotom\n|-sidestart|p1: Kolibyr|Reflect\n|\n|upkeep\n|turn|23\n|c|\u2606Stagnis|eu mereci essa\n|\n|t:|1700591497\n|move|p2a: Emboar|Head Smash|p1a: Rotom\n|-supereffective|p1a: Rotom\n|-damage|p1a: Rotom|0 fnt\n|faint|p1a: Rotom\n|-damage|p2a: Emboar|7\/100|[from] Recoil\n|\n|upkeep\n|\n|t:|1700591499\n|switch|p1a: Explotif\u00e3 Hisuiana|Typhlosion-Hisui, F|100\/100\n|-item|p2a: Emboar|Choice Scarf|[from] ability: Frisk|[of] p1a: Explotif\u00e3 Hisuiana|[identify]\n|turn|24\n|\n|t:|1700591511\n|move|p2a: Emboar|Head Smash|p1a: Explotif\u00e3 Hisuiana\n|-supereffective|p1a: Explotif\u00e3 Hisuiana\n|-damage|p1a: Explotif\u00e3 Hisuiana|6\/100\n|-damage|p2a: Emboar|0 fnt|[from] Recoil\n|faint|p2a: Emboar\n|move|p1a: Explotif\u00e3 Hisuiana|Shadow Ball|p2: Emboar|[notarget]\n|-fail|p1a: Explotif\u00e3 Hisuiana\n|\n|upkeep\n|\n|t:|1700591520\n|switch|p2a: Darmanitan|Darmanitan, F|100\/100\n|turn|25\n|\n|t:|1700591530\n|move|p1a: Explotif\u00e3 Hisuiana|Hyper Beam|p2a: Darmanitan\n|-damage|p2a: Darmanitan|26\/100\n|-mustrecharge|p1a: Explotif\u00e3 Hisuiana\n|move|p2a: Darmanitan|Earthquake|p1a: Explotif\u00e3 Hisuiana\n|-supereffective|p1a: Explotif\u00e3 Hisuiana\n|-damage|p1a: Explotif\u00e3 Hisuiana|0 fnt\n|faint|p1a: Explotif\u00e3 Hisuiana\n|-damage|p2a: Darmanitan|16\/100|[from] item: Life Orb\n|\n|win|Stagnis\n|c|\u2606Stagnis|gg\n|c|\u2606Stagnis|foi mto triste\n|c|\u2606Kolibyr|GG\n|c|\u2606Kolibyr|E como\n","uploadtime":1700591547,"views":14,"p1id":"kolibyr","p2id":"stagnis","formatid":"gen9nationaldex","rating":0,"private":0,"password":""}