{"id":"gen9nationaldex-1993583527","p1":"zqtp","p2":"babbona","format":"[Gen 9] National Dex","log":"|j|\u2606zqtp\n|j|\u2606babbona\n|inactive|Battle timer is ON: inactive players will automatically lose when time's up.\n|t:|1700334331\n|gametype|singles\n|player|p1|zqtp|leon|\n|player|p2|babbona|ghetsis-gen5bw|\n|teamsize|p1|6\n|teamsize|p2|6\n|gen|9\n|tier|[Gen 9] National Dex\n|rated|Tournament battle\n|rule|HP Percentage Mod: HP is shown in percentages\n|rule|Endless Battle Clause: Forcing endless battles is banned\n|rule|OHKO Clause: OHKO moves are banned\n|rule|Evasion Clause: Evasion abilities, items, and moves are banned\n|rule|Evasion Abilities Clause: Evasion abilities are banned\n|rule|Evasion Items Clause: Evasion items are banned\n|rule|Evasion Moves Clause: Evasion moves are banned\n|rule|Species Clause: Limit one of each Pok\u00e9mon\n|rule|Sleep Clause Mod: Limit one foe put to sleep\n|clearpoke\n|poke|p1|Aerodactyl, F|\n|poke|p1|Ogerpon-Cornerstone, F|\n|poke|p1|Fezandipiti, M|\n|poke|p1|Alomomola, M|\n|poke|p1|Great Tusk|\n|poke|p1|Skarmory, F|\n|poke|p2|Sneasler, F|\n|poke|p2|Ribombee, F|\n|poke|p2|Charizard, M|\n|poke|p2|Volcarona, F|\n|poke|p2|Heatran, M|\n|poke|p2|Clefable, M|\n|teampreview\n|inactive|zqtp also wants the timer to be on.\n|c|\u2606babbona|gl\n|c|\u2606zqtp|gl\n|\n|t:|1700334360\n|start\n|switch|p1a: Great Tusk|Great Tusk|100\/100\n|switch|p2a: Polly|Ribombee, F|100\/100\n|turn|1\n|\n|t:|1700334368\n|-end|p1a: Great Tusk|Protosynthesis|[silent]\n|switch|p1a: Fezandipiti|Fezandipiti, M|100\/100\n|move|p2a: Polly|Sticky Web|p1a: Fezandipiti\n|-sidestart|p1: zqtp|move: Sticky Web\n|\n|upkeep\n|turn|2\n|inactive|zqtp has 120 seconds left.\n|\n|t:|1700334408\n|move|p2a: Polly|Stun Spore|p1a: Fezandipiti\n|-status|p1a: Fezandipiti|par\n|move|p1a: Fezandipiti|Beat Up|p2a: Polly\n|-resisted|p2a: Polly\n|-damage|p2a: Polly|98\/100\n|-resisted|p2a: Polly\n|-damage|p2a: Polly|95\/100\n|-resisted|p2a: Polly\n|-damage|p2a: Polly|91\/100\n|-resisted|p2a: Polly\n|-damage|p2a: Polly|89\/100\n|-resisted|p2a: Polly\n|-damage|p2a: Polly|87\/100\n|-resisted|p2a: Polly\n|-damage|p2a: Polly|84\/100\n|-hitcount|p2a: Polly|6\n|\n|upkeep\n|turn|3\n|\n|t:|1700334416\n|move|p2a: Polly|Tailwind|p2a: Polly\n|-sidestart|p2: babbona|move: Tailwind\n|move|p1a: Fezandipiti|U-turn|p2a: Polly\n|-resisted|p2a: Polly\n|-damage|p2a: Polly|72\/100\n|c|\u2606zqtp|forgot about shield dust\n|c|\u2606zqtp|ig that toxic chain counts as a secondary effect of a move\n|inactive|zqtp has 90 seconds left.\n|\n|t:|1700334447\n|switch|p1a: Aerodactyl|Aerodactyl, F|100\/100|[from] U-turn\n|\n|upkeep\n|turn|4\n|inactive|zqtp has 90 seconds left.\n|\n|t:|1700334468\n|detailschange|p1a: Aerodactyl|Aerodactyl-Mega, F\n|-mega|p1a: Aerodactyl|Aerodactyl|Aerodactylite\n|move|p2a: Polly|Stun Spore|p1a: Aerodactyl\n|-status|p1a: Aerodactyl|par\n|move|p1a: Aerodactyl|Iron Head|p2a: Polly\n|-supereffective|p2a: Polly\n|-damage|p2a: Polly|0 fnt\n|faint|p2a: Polly\n|\n|upkeep\n|\n|t:|1700334482\n|switch|p2a: Magmo|Heatran, M|100\/100\n|turn|5\n|j| XerneasStan\n|inactive|zqtp has 90 seconds left.\n|\n|t:|1700334488\n|move|p2a: Magmo|Flash Cannon|p1a: Aerodactyl\n|-supereffective|p1a: Aerodactyl\n|-damage|p1a: Aerodactyl|0 fnt\n|faint|p1a: Aerodactyl\n|\n|upkeep\n|\n|t:|1700334492\n|switch|p1a: Alomomola|Alomomola, M|100\/100\n|turn|6\n|\n|t:|1700334500\n|move|p2a: Magmo|Toxic|p1a: Alomomola|[miss]\n|-miss|p2a: Magmo|p1a: Alomomola\n|move|p1a: Alomomola|Wish|p1a: Alomomola\n|\n|-sideend|p2: babbona|move: Tailwind\n|upkeep\n|turn|7\n|\n|t:|1700334523\n|switch|p1a: Fezandipiti|Fezandipiti, M|100\/100 par\n|-activate|p1a: Fezandipiti|move: Sticky Web\n|-unboost|p1a: Fezandipiti|spe|1\n|move|p2a: Magmo|Toxic||[still]\n|-fail|p2a: Magmo\n|\n|upkeep\n|turn|8\n|\n|t:|1700334533\n|move|p2a: Magmo|Flash Cannon|p1a: Fezandipiti\n|-supereffective|p1a: Fezandipiti\n|-damage|p1a: Fezandipiti|51\/100 par\n|move|p1a: Fezandipiti|Beat Up|p2a: Magmo\n|-damage|p2a: Magmo|98\/100\n|-damage|p2a: Magmo|94\/100\n|-damage|p2a: Magmo|91\/100\n|-damage|p2a: Magmo|88\/100\n|-damage|p2a: Magmo|85\/100\n|-hitcount|p2a: Magmo|5\n|\n|-heal|p2a: Magmo|92\/100|[from] item: Leftovers\n|upkeep\n|turn|9\n|inactive|zqtp has 90 seconds left.\n|c|\u2606zqtp|am i just crazy unlucky or smth\n|\n|t:|1700334567\n|switch|p1a: Alomomola|Alomomola, M|100\/100\n|move|p2a: Magmo|Magma Storm|p1a: Alomomola\n|-resisted|p1a: Alomomola\n|-damage|p1a: Alomomola|74\/100\n|-activate|p1a: Alomomola|move: Magma Storm|[of] p2a: Magmo\n|\n|-heal|p2a: Magmo|98\/100|[from] item: Leftovers\n|-damage|p1a: Alomomola|61\/100|[from] move: Magma Storm|[partiallytrapped]\n|upkeep\n|turn|10\n|\n|t:|1700334570\n|move|p2a: Magmo|Toxic|p1a: Alomomola\n|-status|p1a: Alomomola|tox\n|move|p1a: Alomomola|Flip Turn|p2a: Magmo\n|-supereffective|p2a: Magmo\n|-damage|p2a: Magmo|71\/100\n|\n|t:|1700334574\n|switch|p1a: Great Tusk|Great Tusk|100\/100|[from] Flip Turn\n|\n|-heal|p2a: Magmo|77\/100|[from] item: Leftovers\n|upkeep\n|turn|11\n|\n|t:|1700334584\n|move|p1a: Great Tusk|Rapid Spin|p2a: Magmo\n|-resisted|p2a: Magmo\n|-damage|p2a: Magmo|69\/100\n|-boost|p1a: Great Tusk|spe|1\n|-sideend|p1: zqtp|Sticky Web|[from] move: Rapid Spin|[of] p1a: Great Tusk\n|move|p2a: Magmo|Toxic|p1a: Great Tusk\n|-status|p1a: Great Tusk|tox\n|\n|-heal|p2a: Magmo|75\/100|[from] item: Leftovers\n|-damage|p1a: Great Tusk|94\/100 tox|[from] psn\n|upkeep\n|turn|12\n|\n|t:|1700334587\n|move|p1a: Great Tusk|Headlong Rush|p2a: Magmo\n|-supereffective|p2a: Magmo\n|-damage|p2a: Magmo|0 fnt\n|-unboost|p1a: Great Tusk|def|1\n|-unboost|p1a: Great Tusk|spd|1\n|faint|p2a: Magmo\n|\n|-damage|p1a: Great Tusk|82\/100 tox|[from] psn\n|upkeep\n|\n|t:|1700334601\n|switch|p2a: Strawberry|Volcarona, F|100\/100\n|turn|13\n|\n|t:|1700334605\n|move|p1a: Great Tusk|Headlong Rush|p2a: Strawberry\n|-damage|p2a: Strawberry|42\/100\n|-unboost|p1a: Great Tusk|def|1\n|-unboost|p1a: Great Tusk|spd|1\n|move|p2a: Strawberry|Quiver Dance|p2a: Strawberry\n|-boost|p2a: Strawberry|spa|1\n|-boost|p2a: Strawberry|spd|1\n|-boost|p2a: Strawberry|spe|1\n|\n|-damage|p1a: Great Tusk|63\/100 tox|[from] psn\n|upkeep\n|turn|14\n|\n|t:|1700334620\n|-terastallize|p2a: Strawberry|Flying\n|move|p1a: Great Tusk|Headlong Rush|p2a: Strawberry\n|-immune|p2a: Strawberry\n|move|p2a: Strawberry|Tera Blast|p1a: Great Tusk|[anim] Tera Blast Flying\n|-supereffective|p1a: Great Tusk\n|-damage|p1a: Great Tusk|0 fnt\n|faint|p1a: Great Tusk\n|-end|p1a: Great Tusk|Protosynthesis|[silent]\n|\n|upkeep\n|\n|t:|1700334625\n|switch|p1a: Ogerpon|Ogerpon-Cornerstone, F|100\/100\n|turn|15\n|\n|t:|1700334634\n|switch|p2a: Kirby|Clefable, M|100\/100\n|move|p1a: Ogerpon|Ivy Cudgel|p2a: Kirby|[anim] Ivy Cudgel Rock\n|-damage|p2a: Kirby|40\/100\n|\n|-heal|p2a: Kirby|46\/100|[from] item: Leftovers\n|upkeep\n|turn|16\n|\n|t:|1700334641\n|move|p1a: Ogerpon|Ivy Cudgel|p2a: Kirby|[anim] Ivy Cudgel Rock\n|-damage|p2a: Kirby|0 fnt\n|faint|p2a: Kirby\n|\n|upkeep\n|\n|t:|1700334646\n|switch|p2a: Dino|Charizard, M|100\/100\n|turn|17\n|\n|t:|1700334649\n|detailschange|p2a: Dino|Charizard-Mega-X, M\n|-mega|p2a: Dino|Charizard|Charizardite X\n|move|p1a: Ogerpon|Ivy Cudgel|p2a: Dino|[anim] Ivy Cudgel Rock\n|-supereffective|p2a: Dino\n|-damage|p2a: Dino|0 fnt\n|faint|p2a: Dino\n|\n|upkeep\n|\n|t:|1700334653\n|switch|p2a: Long Sneasel|Sneasler, F|100\/100\n|-ability|p2a: Long Sneasel|Pressure\n|turn|18\n|\n|t:|1700334659\n|switch|p1a: Alomomola|Alomomola, M|95\/100 tox\n|move|p2a: Long Sneasel|Swords Dance|p2a: Long Sneasel\n|-boost|p2a: Long Sneasel|atk|2\n|\n|-damage|p1a: Alomomola|88\/100 tox|[from] psn\n|upkeep\n|turn|19\n|\n|t:|1700334665\n|move|p2a: Long Sneasel|Close Combat|p1a: Alomomola\n|-damage|p1a: Alomomola|14\/100 tox\n|-unboost|p2a: Long Sneasel|def|1\n|-unboost|p2a: Long Sneasel|spd|1\n|move|p1a: Alomomola|Flip Turn|p2a: Long Sneasel\n|-damage|p2a: Long Sneasel|57\/100\n|\n|t:|1700334671\n|switch|p1a: Ogerpon|Ogerpon-Cornerstone, F|100\/100|[from] Flip Turn\n|\n|upkeep\n|turn|20\n|\n|t:|1700334675\n|move|p2a: Long Sneasel|Dire Claw|p1a: Ogerpon\n|-ability|p1a: Ogerpon|Sturdy\n|-damage|p1a: Ogerpon|1\/100\n|-status|p1a: Ogerpon|slp\n|cant|p1a: Ogerpon|slp\n|\n|upkeep\n|turn|21\n|\n|t:|1700334682\n|switch|p1a: Skarmory|Skarmory, F|100\/100\n|move|p2a: Long Sneasel|Close Combat|p1a: Skarmory\n|-damage|p1a: Skarmory|11\/100\n|-unboost|p2a: Long Sneasel|def|1\n|-unboost|p2a: Long Sneasel|spd|1\n|-damage|p2a: Long Sneasel|41\/100|[from] item: Rocky Helmet|[of] p1a: Skarmory\n|\n|upkeep\n|turn|22\n|c|\u2606zqtp|well done\n|\n|t:|1700334699\n|switch|p1a: Fezandipiti|Fezandipiti, M|51\/100 par\n|move|p2a: Long Sneasel|Rock Slide|p1a: Fezandipiti\n|-damage|p1a: Fezandipiti|9\/100 par\n|\n|upkeep\n|turn|23\n|\n|t:|1700334707\n|move|p2a: Long Sneasel|Close Combat|p1a: Fezandipiti\n|-resisted|p1a: Fezandipiti\n|-damage|p1a: Fezandipiti|0 fnt\n|-unboost|p2a: Long Sneasel|def|1\n|-unboost|p2a: Long Sneasel|spd|1\n|faint|p1a: Fezandipiti\n|\n|upkeep\n|\n|t:|1700334716\n|switch|p1a: Alomomola|Alomomola, M|47\/100 tox\n|turn|24\n|\n|t:|1700334721\n|-terastallize|p1a: Alomomola|Dragon\n|move|p2a: Long Sneasel|Close Combat|p1a: Alomomola\n|-damage|p1a: Alomomola|0 fnt\n|-unboost|p2a: Long Sneasel|def|1\n|-unboost|p2a: Long Sneasel|spd|1\n|faint|p1a: Alomomola\n|\n|upkeep\n|\n|t:|1700334726\n|switch|p1a: Ogerpon|Ogerpon-Cornerstone, F|1\/100 slp\n|turn|25\n|\n|t:|1700334731\n|move|p2a: Long Sneasel|Close Combat|p1a: Ogerpon\n|-supereffective|p1a: Ogerpon\n|-damage|p1a: Ogerpon|0 fnt\n|-unboost|p2a: Long Sneasel|def|1\n|-unboost|p2a: Long Sneasel|spd|1\n|faint|p1a: Ogerpon\n|\n|upkeep\n|\n|t:|1700334733\n|switch|p1a: Skarmory|Skarmory, F|11\/100\n|turn|26\n|\n|t:|1700334737\n|move|p2a: Long Sneasel|Close Combat|p1a: Skarmory\n|-damage|p1a: Skarmory|0 fnt\n|-unboost|p2a: Long Sneasel|def|1\n|-unboost|p2a: Long Sneasel|spd|1\n|-damage|p2a: Long Sneasel|24\/100|[from] item: Rocky Helmet|[of] p1a: Skarmory\n|faint|p1a: Skarmory\n|\n|win|babbona\n|n|\u2606zqtp|zqtp\n|n|\u2606babbona|babbona\n|n| XerneasStan|xerneasstan\n|c|\u2606babbona|gg\n|c|\u2606zqtp|freakin long sneasel\n|c|\u2606zqtp|gg\n","uploadtime":1700334746,"views":7,"p1id":"zqtp","p2id":"babbona","formatid":"gen9nationaldex","rating":0,"private":0,"password":""}