{"id":"gen9nationaldex-1991925386","p1":"lijiajia","p2":"DJRRRR","format":"[Gen 9] National Dex","log":"|j|\u2606lijiajia\n|j|\u2606DJRRRR\n|t:|1700138897\n|gametype|singles\n|player|p1|lijiajia|linebacker|\n|player|p2|DJRRRR|265|\n|teamsize|p1|6\n|teamsize|p2|6\n|gen|9\n|tier|[Gen 9] National Dex\n|rule|HP Percentage Mod: HP is shown in percentages\n|rule|Endless Battle Clause: Forcing endless battles is banned\n|rule|OHKO Clause: OHKO moves are banned\n|rule|Evasion Clause: Evasion abilities, items, and moves are banned\n|rule|Evasion Abilities Clause: Evasion abilities are banned\n|rule|Evasion Items Clause: Evasion items are banned\n|rule|Evasion Moves Clause: Evasion moves are banned\n|rule|Species Clause: Limit one of each Pok\u00e9mon\n|rule|Sleep Clause Mod: Limit one foe put to sleep\n|clearpoke\n|poke|p1|Ogerpon, F|\n|poke|p1|Heatran, F|\n|poke|p1|Latios, M|\n|poke|p1|Ditto|\n|poke|p1|Scizor, F|\n|poke|p1|Landorus-Therian, M|\n|poke|p2|Banette, F|\n|poke|p2|Dragonite, M|\n|poke|p2|Tapu Koko|\n|poke|p2|Iron Valiant|\n|poke|p2|Rillaboom, F|\n|poke|p2|Greninja-*, M|\n|teampreview\n|inactive|Battle timer is ON: inactive players will automatically lose when time's up. (requested by DJRRRR)\n|\n|t:|1700138917\n|start\n|switch|p1a: Landorus|Landorus-Therian, M|100\/100\n|switch|p2a: Tapu Koko|Tapu Koko|100\/100\n|-fieldstart|move: Electric Terrain|[from] ability: Electric Surge|[of] p2a: Tapu Koko\n|-ability|p1a: Landorus|Intimidate|boost\n|-unboost|p2a: Tapu Koko|atk|1\n|turn|1\n|\n|t:|1700138929\n|move|p2a: Tapu Koko|U-turn|p1a: Landorus\n|-resisted|p1a: Landorus\n|-damage|p1a: Landorus|96\/100\n|-damage|p2a: Tapu Koko|84\/100|[from] item: Rocky Helmet|[of] p1a: Landorus\n|\n|t:|1700138936\n|switch|p2a: Iron Valiant|Iron Valiant|100\/100|[from] U-turn\n|-activate|p2a: Iron Valiant|ability: Quark Drive\n|-start|p2a: Iron Valiant|quarkdrivespe\n|move|p1a: Landorus|U-turn|p2a: Iron Valiant\n|-resisted|p2a: Iron Valiant\n|-damage|p2a: Iron Valiant|93\/100\n|\n|t:|1700138953\n|switch|p1a: Heatran|Heatran, F|100\/100|[from] U-turn\n|\n|upkeep\n|turn|2\n|\n|t:|1700138967\n|move|p1a: Heatran|Protect|p1a: Heatran\n|-singleturn|p1a: Heatran|Protect\n|move|p2a: Iron Valiant|Close Combat|p1a: Heatran\n|-activate|p1a: Heatran|move: Protect\n|\n|upkeep\n|turn|3\n|\n|t:|1700138990\n|move|p2a: Iron Valiant|Swords Dance|p2a: Iron Valiant\n|-boost|p2a: Iron Valiant|atk|2\n|move|p1a: Heatran|Flamethrower|p2a: Iron Valiant\n|-damage|p2a: Iron Valiant|5\/100\n|\n|upkeep\n|turn|4\n|\n|t:|1700139001\n|move|p2a: Iron Valiant|Swords Dance|p2a: Iron Valiant\n|-boost|p2a: Iron Valiant|atk|2\n|move|p1a: Heatran|Substitute|p1a: Heatran\n|-start|p1a: Heatran|Substitute\n|-damage|p1a: Heatran|76\/100\n|\n|-heal|p1a: Heatran|82\/100|[from] item: Leftovers\n|upkeep\n|turn|5\n|\n|t:|1700139010\n|move|p2a: Iron Valiant|Encore|p1a: Heatran\n|-start|p1a: Heatran|Encore\n|move|p1a: Heatran|Substitute|p1a: Heatran\n|-fail|p1a: Heatran|move: Substitute\n|\n|-heal|p1a: Heatran|88\/100|[from] item: Leftovers\n|-fieldend|move: Electric Terrain\n|-end|p2a: Iron Valiant|Quark Drive\n|upkeep\n|turn|6\n|\n|t:|1700139025\n|-end|p2a: Iron Valiant|Quark Drive|[silent]\n|switch|p2a: Greninja|Greninja, M|100\/100\n|switch|p1a: Landorus|Landorus-Therian, M|96\/100\n|-ability|p1a: Landorus|Intimidate|boost\n|-unboost|p2a: Greninja|atk|1\n|\n|upkeep\n|turn|7\n|\n|t:|1700139037\n|-terastallize|p2a: Greninja|Water\n|move|p2a: Greninja|Surf|p1a: Landorus\n|-supereffective|p1a: Landorus\n|-damage|p1a: Landorus|0 fnt\n|faint|p1a: Landorus\n|-ability|p2a: Greninja|Battle Bond|boost\n|-boost|p2a: Greninja|atk|1\n|-boost|p2a: Greninja|spa|1\n|-boost|p2a: Greninja|spe|1\n|-activate|p2a: Greninja|ability: Battle Bond\n|-damage|p2a: Greninja|91\/100|[from] item: Life Orb\n|\n|upkeep\n|inactive|lijiajia has 270 seconds left.\n|\n|t:|1700139056\n|switch|p1a: Ogerpon|Ogerpon, F|100\/100\n|turn|8\n|\n|t:|1700139065\n|-terastallize|p1a: Ogerpon|Grass\n|detailschange|p1a: Ogerpon|Ogerpon-Teal-Tera, F, tera:Grass\n|-ability|p1a: Ogerpon|Embody Aspect (Teal)|boost\n|-boost|p1a: Ogerpon|spe|1\n|move|p2a: Greninja|Dark Pulse|p1a: Ogerpon\n|-damage|p1a: Ogerpon|22\/100\n|-damage|p2a: Greninja|81\/100|[from] item: Life Orb\n|move|p1a: Ogerpon|Ivy Cudgel|p2a: Greninja\n|-supereffective|p2a: Greninja\n|-damage|p2a: Greninja|0 fnt\n|faint|p2a: Greninja\n|\n|upkeep\n|\n|t:|1700139075\n|switch|p2a: Dragonite|Dragonite, M|100\/100\n|turn|9\n|inactive|lijiajia has 270 seconds left.\n|\n|t:|1700139098\n|switch|p1a: Latios|Latios, M|100\/100\n|move|p2a: Dragonite|Curse|p2a: Dragonite\n|-unboost|p2a: Dragonite|spe|1\n|-boost|p2a: Dragonite|atk|1\n|-boost|p2a: Dragonite|def|1\n|\n|upkeep\n|turn|10\n|\n|t:|1700139108\n|move|p1a: Latios|Draco Meteor|p2a: Dragonite|[miss]\n|-miss|p1a: Latios|p2a: Dragonite\n|move|p2a: Dragonite|Roost||[still]\n|-fail|p2a: Dragonite|heal\n|\n|upkeep\n|turn|11\n|\n|t:|1700139119\n|move|p1a: Latios|Draco Meteor|p2a: Dragonite\n|-supereffective|p2a: Dragonite\n|-damage|p2a: Dragonite|48\/100\n|-unboost|p1a: Latios|spa|2\n|move|p2a: Dragonite|Roost|p2a: Dragonite\n|-heal|p2a: Dragonite|98\/100\n|-singleturn|p2a: Dragonite|move: Roost\n|\n|upkeep\n|turn|12\n|\n|t:|1700139130\n|move|p1a: Latios|Draco Meteor|p2a: Dragonite\n|-supereffective|p2a: Dragonite\n|-damage|p2a: Dragonite|41\/100\n|-unboost|p1a: Latios|spa|2\n|move|p2a: Dragonite|Roost|p2a: Dragonite\n|-heal|p2a: Dragonite|91\/100\n|-singleturn|p2a: Dragonite|move: Roost\n|\n|upkeep\n|turn|13\n|\n|t:|1700139140\n|move|p1a: Latios|Draco Meteor|p2a: Dragonite\n|-supereffective|p2a: Dragonite\n|-damage|p2a: Dragonite|52\/100\n|-unboost|p1a: Latios|spa|2\n|move|p2a: Dragonite|Roost|p2a: Dragonite\n|-heal|p2a: Dragonite|100\/100\n|-singleturn|p2a: Dragonite|move: Roost\n|\n|upkeep\n|turn|14\n|\n|t:|1700139152\n|switch|p1a: Scizor|Scizor, F|100\/100\n|move|p2a: Dragonite|Curse|p2a: Dragonite\n|-unboost|p2a: Dragonite|spe|1\n|-boost|p2a: Dragonite|atk|1\n|-boost|p2a: Dragonite|def|1\n|\n|upkeep\n|turn|15\n|\n|t:|1700139164\n|detailschange|p1a: Scizor|Scizor-Mega, F\n|-mega|p1a: Scizor|Scizor|Scizorite\n|move|p1a: Scizor|Bullet Punch|p2a: Dragonite\n|-damage|p2a: Dragonite|94\/100\n|move|p2a: Dragonite|Curse|p2a: Dragonite\n|-unboost|p2a: Dragonite|spe|1\n|-boost|p2a: Dragonite|atk|1\n|-boost|p2a: Dragonite|def|1\n|\n|upkeep\n|turn|16\n|\n|t:|1700139175\n|move|p1a: Scizor|Swords Dance|p1a: Scizor\n|-boost|p1a: Scizor|atk|2\n|move|p2a: Dragonite|Curse|p2a: Dragonite\n|-unboost|p2a: Dragonite|spe|1\n|-boost|p2a: Dragonite|atk|1\n|-boost|p2a: Dragonite|def|1\n|\n|upkeep\n|turn|17\n|\n|t:|1700139183\n|move|p1a: Scizor|Swords Dance|p1a: Scizor\n|-boost|p1a: Scizor|atk|2\n|move|p2a: Dragonite|Curse|p2a: Dragonite\n|-unboost|p2a: Dragonite|spe|1\n|-boost|p2a: Dragonite|atk|1\n|-boost|p2a: Dragonite|def|1\n|\n|upkeep\n|turn|18\n|\n|t:|1700139192\n|move|p1a: Scizor|Swords Dance|p1a: Scizor\n|-boost|p1a: Scizor|atk|2\n|move|p2a: Dragonite|Curse|p2a: Dragonite\n|-unboost|p2a: Dragonite|spe|1\n|-boost|p2a: Dragonite|atk|1\n|-boost|p2a: Dragonite|def|1\n|\n|upkeep\n|turn|19\n|\n|t:|1700139201\n|move|p1a: Scizor|Bullet Punch|p2a: Dragonite\n|-damage|p2a: Dragonite|66\/100\n|move|p2a: Dragonite|Roost|p2a: Dragonite\n|-heal|p2a: Dragonite|100\/100\n|-singleturn|p2a: Dragonite|move: Roost\n|\n|upkeep\n|turn|20\n|\n|t:|1700139205\n|move|p1a: Scizor|Bullet Punch|p2a: Dragonite\n|-damage|p2a: Dragonite|87\/100\n|move|p2a: Dragonite|Earthquake|p1a: Scizor\n|-damage|p1a: Scizor|0 fnt\n|faint|p1a: Scizor\n|\n|upkeep\n|\n|t:|1700139225\n|switch|p1a: Heatran|Heatran, F|88\/100\n|turn|21\n|\n|t:|1700139235\n|move|p1a: Heatran|Protect|p1a: Heatran\n|-singleturn|p1a: Heatran|Protect\n|move|p2a: Dragonite|Earthquake|p1a: Heatran\n|-activate|p1a: Heatran|move: Protect\n|\n|-heal|p1a: Heatran|94\/100|[from] item: Leftovers\n|upkeep\n|turn|22\n|\n|t:|1700139244\n|move|p1a: Heatran|Protect||[still]\n|-fail|p1a: Heatran\n|move|p2a: Dragonite|Earthquake|p1a: Heatran\n|-supereffective|p1a: Heatran\n|-damage|p1a: Heatran|0 fnt\n|faint|p1a: Heatran\n|\n|upkeep\n|\n|t:|1700139255\n|switch|p1a: Ditto|Ditto|100\/100\n|-transform|p1a: Ditto|p2a: Dragonite|[from] ability: Imposter\n|turn|23\n|\n|t:|1700139266\n|move|p1a: Ditto|Extreme Speed|p2a: Dragonite\n|-damage|p2a: Dragonite|58\/100\n|move|p2a: Dragonite|Roost|p2a: Dragonite\n|-heal|p2a: Dragonite|100\/100\n|-singleturn|p2a: Dragonite|move: Roost\n|\n|upkeep\n|turn|24\n|\n|t:|1700139275\n|move|p1a: Ditto|Extreme Speed|p2a: Dragonite\n|-damage|p2a: Dragonite|87\/100\n|move|p2a: Dragonite|Extreme Speed|p1a: Ditto\n|-damage|p1a: Ditto|85\/100\n|\n|upkeep\n|turn|25\n|\n|t:|1700139290\n|move|p1a: Ditto|Extreme Speed|p2a: Dragonite\n|-crit|p2a: Dragonite\n|-damage|p2a: Dragonite|0 fnt\n|faint|p2a: Dragonite\n|\n|upkeep\n|\n|t:|1700139295\n|switch|p2a: Banette|Banette, F|100\/100\n|turn|26\n|\n|t:|1700139302\n|switch|p1a: Latios|Latios, M|100\/100\n|detailschange|p2a: Banette|Banette-Mega, F\n|-mega|p2a: Banette|Banette|Banettite\n|move|p2a: Banette|Poltergeist|p1a: Latios\n|-activate|p1a: Latios|move: Poltergeist|Choice Scarf\n|-supereffective|p1a: Latios\n|-damage|p1a: Latios|0 fnt\n|faint|p1a: Latios\n|\n|upkeep\n|\n|t:|1700139314\n|switch|p1a: Ogerpon|Ogerpon-Teal-Tera, F, tera:Grass|22\/100\n|-ability|p1a: Ogerpon|Embody Aspect (Teal)|boost\n|-boost|p1a: Ogerpon|spe|1\n|turn|27\n|\n|t:|1700139326\n|move|p2a: Banette|Sucker Punch|p1a: Ogerpon\n|-damage|p1a: Ogerpon|0 fnt\n|faint|p1a: Ogerpon\n|\n|upkeep\n|\n|t:|1700139331\n|switch|p1a: Ditto|Ditto|85\/100\n|-transform|p1a: Ditto|p2a: Banette|[from] ability: Imposter\n|turn|28\n|\n|t:|1700139340\n|move|p2a: Banette|Destiny Bond|p2a: Banette\n|-singlemove|p2a: Banette|Destiny Bond\n|move|p1a: Ditto|Poltergeist|p2a: Banette\n|-activate|p2a: Banette|move: Poltergeist|Banettite\n|-supereffective|p2a: Banette\n|-damage|p2a: Banette|0 fnt\n|faint|p2a: Banette\n|-activate|p2a: Banette|move: Destiny Bond\n|faint|p1a: Ditto\n|\n|win|DJRRRR\n","uploadtime":1700139349,"views":4,"p1id":"lijiajia","p2id":"djrrrr","formatid":"gen9nationaldex","rating":0,"private":0,"password":""}