{"id":"gen9nationaldex-1989267385","p1":"rarre","p2":"Charis_Akins","format":"[Gen 9] National Dex","log":"|j|\u2606rarre\n|j|\u2606Charis_Akins\n|t:|1699829863\n|gametype|singles\n|player|p1|rarre|anthea|\n|player|p2|Charis_Akins|grimsley|\n|teamsize|p1|6\n|teamsize|p2|6\n|gen|9\n|tier|[Gen 9] National Dex\n|rule|HP Percentage Mod: HP is shown in percentages\n|rule|Endless Battle Clause: Forcing endless battles is banned\n|rule|OHKO Clause: OHKO moves are banned\n|rule|Evasion Clause: Evasion abilities, items, and moves are banned\n|rule|Evasion Abilities Clause: Evasion abilities are banned\n|rule|Evasion Items Clause: Evasion items are banned\n|rule|Evasion Moves Clause: Evasion moves are banned\n|rule|Species Clause: Limit one of each Pok\u00e9mon\n|rule|Sleep Clause Mod: Limit one foe put to sleep\n|clearpoke\n|poke|p1|Gastly, L5, F|\n|poke|p1|Abra, L5, F|\n|poke|p1|Mienfoo, L5, F|\n|poke|p1|Foongus, L5, M|\n|poke|p1|Trapinch, L5, F|\n|poke|p1|Pawniard, L5, F|\n|poke|p2|Vulpix-Alola, L5, F|\n|poke|p2|Vullaby, L5, F|\n|poke|p2|Clamperl, L5, M|\n|poke|p2|Spritzee, L5, F|\n|poke|p2|Zigzagoon, L5, F|\n|poke|p2|Diglett, L5, F|\n|teampreview\n|inactive|Battle timer is ON: inactive players will automatically lose when time's up. (requested by rarre)\n|inactive|Charis_Akins also wants the timer to be on.\n|\n|t:|1699829889\n|start\n|switch|p1a: Gastly|Gastly, L5, F|100\/100\n|switch|p2a: Diglett|Diglett, L5, F|100\/100\n|turn|1\n|\n|t:|1699829895\n|move|p2a: Diglett|Stealth Rock|p1a: Gastly\n|-sidestart|p1: rarre|move: Stealth Rock\n|move|p1a: Gastly|Nasty Plot|p1a: Gastly\n|-boost|p1a: Gastly|spa|2\n|\n|upkeep\n|turn|2\n|\n|t:|1699829899\n|move|p2a: Diglett|Memento|p1a: Gastly\n|-unboost|p1a: Gastly|atk|2\n|-unboost|p1a: Gastly|spa|2\n|faint|p2a: Diglett\n|move|p1a: Gastly|Nasty Plot|p1a: Gastly\n|-boost|p1a: Gastly|spa|2\n|\n|upkeep\n|inactive|Charis_Akins has 270 seconds left.\n|inactive|Charis_Akins has 240 seconds left.\n|\n|t:|1699829960\n|switch|p2a: Spritzee|Spritzee, L5, F|100\/100\n|turn|3\n|\n|t:|1699829968\n|move|p1a: Gastly|Shadow Ball|p2a: Spritzee\n|-damage|p2a: Spritzee|8\/100\n|-damage|p1a: Gastly|95\/100|[from] item: Life Orb\n|move|p2a: Spritzee|Trick Room|p2a: Spritzee\n|-fieldstart|move: Trick Room|[of] p2a: Spritzee\n|\n|upkeep\n|turn|4\n|\n|t:|1699829987\n|switch|p1a: Pawniard|Pawniard, L5, F|100\/100\n|-damage|p1a: Pawniard|96\/100|[from] Stealth Rock\n|move|p2a: Spritzee|Moonblast|p1a: Pawniard\n|-damage|p1a: Pawniard|48\/100\n|\n|upkeep\n|turn|5\n|\n|t:|1699830002\n|move|p1a: Pawniard|Sucker Punch|p2a: Spritzee\n|-resisted|p2a: Spritzee\n|-damage|p2a: Spritzee|0 fnt\n|faint|p2a: Spritzee\n|\n|upkeep\n|\n|t:|1699830006\n|switch|p2a: Vullaby|Vullaby, L5, F|100\/100\n|turn|6\n|\n|t:|1699830024\n|move|p2a: Vullaby|Nasty Plot|p2a: Vullaby\n|-boost|p2a: Vullaby|spa|2\n|move|p1a: Pawniard|Stealth Rock|p2a: Vullaby\n|-sidestart|p2: Charis_Akins|move: Stealth Rock\n|\n|upkeep\n|turn|7\n|\n|t:|1699830028\n|move|p2a: Vullaby|Nasty Plot|p2a: Vullaby\n|-boost|p2a: Vullaby|spa|2\n|move|p1a: Pawniard|Iron Head|p2a: Vullaby\n|-damage|p2a: Vullaby|48\/100\n|-ability|p2a: Vullaby|Weak Armor|boost\n|-unboost|p2a: Vullaby|def|1\n|-boost|p2a: Vullaby|spe|2\n|-enditem|p2a: Vullaby|Berry Juice\n|-heal|p2a: Vullaby|100\/100|[from] item: Berry Juice\n|\n|-fieldend|move: Trick Room\n|upkeep\n|turn|8\n|\n|t:|1699830040\n|move|p1a: Pawniard|Sucker Punch|p2a: Vullaby\n|-resisted|p2a: Vullaby\n|-damage|p2a: Vullaby|68\/100\n|-ability|p2a: Vullaby|Weak Armor|boost\n|-unboost|p2a: Vullaby|def|1\n|-boost|p2a: Vullaby|spe|2\n|move|p2a: Vullaby|Heat Wave|p1a: Pawniard\n|-supereffective|p1a: Pawniard\n|-damage|p1a: Pawniard|0 fnt\n|faint|p1a: Pawniard\n|\n|upkeep\n|\n|t:|1699830042\n|switch|p1a: Trapinch|Trapinch, L5, F|100\/100\n|-damage|p1a: Trapinch|96\/100|[from] Stealth Rock\n|turn|9\n|\n|t:|1699830063\n|-terastallize|p2a: Vullaby|Ghost\n|move|p1a: Trapinch|First Impression|p2a: Vullaby\n|-resisted|p2a: Vullaby\n|-damage|p2a: Vullaby|32\/100\n|-ability|p2a: Vullaby|Weak Armor|boost\n|-unboost|p2a: Vullaby|def|1\n|-boost|p2a: Vullaby|spe|2\n|move|p2a: Vullaby|Hidden Power|p1a: Trapinch\n|-supereffective|p1a: Trapinch\n|-damage|p1a: Trapinch|0 fnt\n|faint|p1a: Trapinch\n|\n|upkeep\n|\n|t:|1699830066\n|switch|p1a: Abra|Abra, L5, F|100\/100\n|turn|10\n|\n|t:|1699830070\n|move|p2a: Vullaby|Air Slash|p1a: Abra\n|-enditem|p1a: Abra|Focus Sash\n|-damage|p1a: Abra|6\/100\n|move|p1a: Abra|Psychic|p2a: Vullaby\n|-damage|p2a: Vullaby|0 fnt\n|faint|p2a: Vullaby\n|\n|upkeep\n|inactive|Charis_Akins has 240 seconds left.\n|\n|t:|1699830115\n|switch|p2a: Zigzagoon|Zigzagoon, L5, F|100\/100\n|-damage|p2a: Zigzagoon|91\/100|[from] Stealth Rock\n|turn|11\n|inactive|Charis_Akins has 210 seconds left.\n|\n|t:|1699830168\n|move|p1a: Abra|Psychic|p2a: Zigzagoon\n|-damage|p2a: Zigzagoon|0 fnt\n|faint|p2a: Zigzagoon\n|\n|upkeep\n|\n|t:|1699830172\n|switch|p2a: Clamperl|Clamperl, L5, M|100\/100\n|-damage|p2a: Clamperl|91\/100|[from] Stealth Rock\n|turn|12\n|\n|t:|1699830176\n|move|p1a: Abra|Psychic|p2a: Clamperl\n|-damage|p2a: Clamperl|5\/100\n|move|p2a: Clamperl|Shell Smash|p2a: Clamperl\n|-unboost|p2a: Clamperl|def|1\n|-unboost|p2a: Clamperl|spd|1\n|-boost|p2a: Clamperl|atk|2\n|-boost|p2a: Clamperl|spa|2\n|-boost|p2a: Clamperl|spe|2\n|\n|upkeep\n|turn|13\n|\n|t:|1699830179\n|move|p2a: Clamperl|Surf|p1a: Abra\n|-damage|p1a: Abra|0 fnt\n|faint|p1a: Abra\n|\n|upkeep\n|\n|t:|1699830180\n|switch|p1a: Foongus|Foongus, L5, M|100\/100\n|-damage|p1a: Foongus|88\/100|[from] Stealth Rock\n|turn|14\n|\n|t:|1699830184\n|switch|p1a: Mienfoo|Mienfoo, L5, F|100\/100\n|-damage|p1a: Mienfoo|96\/100|[from] Stealth Rock\n|move|p2a: Clamperl|Surf|p1a: Mienfoo\n|-damage|p1a: Mienfoo|0 fnt\n|faint|p1a: Mienfoo\n|\n|upkeep\n|\n|t:|1699830186\n|switch|p1a: Foongus|Foongus, L5, M|100\/100\n|-damage|p1a: Foongus|88\/100|[from] Stealth Rock\n|turn|15\n|\n|t:|1699830192\n|move|p2a: Clamperl|Protect|p2a: Clamperl\n|-singleturn|p2a: Clamperl|Protect\n|move|p1a: Foongus|Giga Drain|p2a: Clamperl\n|-activate|p2a: Clamperl|move: Protect\n|\n|upkeep\n|turn|16\n|inactive|Charis_Akins has 240 seconds left.\n|\n|t:|1699830197\n|move|p2a: Clamperl|Surf|p1a: Foongus\n|-resisted|p1a: Foongus\n|-damage|p1a: Foongus|29\/100\n|move|p1a: Foongus|Giga Drain|p2a: Clamperl\n|-supereffective|p2a: Clamperl\n|-damage|p2a: Clamperl|0 fnt\n|-heal|p1a: Foongus|32\/100|[from] drain|[of] p2a: Clamperl\n|faint|p2a: Clamperl\n|\n|upkeep\n|\n|t:|1699830200\n|switch|p2a: Vulpix|Vulpix-Alola, L5, F|100\/100\n|-damage|p2a: Vulpix|77\/100|[from] Stealth Rock\n|-weather|Snow|[from] ability: Snow Warning|[of] p2a: Vulpix\n|turn|17\n|\n|t:|1699830211\n|move|p2a: Vulpix|Aurora Veil|p2a: Vulpix\n|-sidestart|p2: Charis_Akins|move: Aurora Veil\n|move|p1a: Foongus|Spore|p2a: Vulpix\n|-status|p2a: Vulpix|slp|[from] move: Spore\n|\n|-weather|Snow|[upkeep]\n|upkeep\n|turn|18\n|\n|t:|1699830214\n|cant|p2a: Vulpix|slp\n|move|p1a: Foongus|Sludge Bomb|p2a: Vulpix\n|-damage|p2a: Vulpix|53\/100 slp\n|\n|-weather|Snow|[upkeep]\n|upkeep\n|turn|19\n|\n|t:|1699830216\n|cant|p2a: Vulpix|slp\n|move|p1a: Foongus|Sludge Bomb|p2a: Vulpix\n|-damage|p2a: Vulpix|34\/100 slp\n|\n|-weather|Snow|[upkeep]\n|upkeep\n|turn|20\n|\n|t:|1699830218\n|-curestatus|p2a: Vulpix|slp|[msg]\n|move|p2a: Vulpix|Blizzard|p1a: Foongus\n|-supereffective|p1a: Foongus\n|-damage|p1a: Foongus|0 fnt\n|faint|p1a: Foongus\n|\n|-weather|Snow|[upkeep]\n|upkeep\n|\n|t:|1699830219\n|switch|p1a: Gastly|Gastly, L5, F|95\/100\n|-damage|p1a: Gastly|85\/100|[from] Stealth Rock\n|turn|21\n|c|\u2606Charis_Akins|gg\n|\n|t:|1699830224\n|move|p1a: Gastly|Sludge Bomb|p2a: Vulpix\n|-damage|p2a: Vulpix|0 fnt\n|faint|p2a: Vulpix\n|-damage|p1a: Gastly|79\/100|[from] item: Life Orb\n|\n|win|rarre\n|c|\u2606rarre|gg\n|l|\u2606rarre\n|j|\u2606rarre\n|player|p1|rarre|anthea\n","uploadtime":1699830243,"views":68,"p1id":"rarre","p2id":"charisakins","formatid":"gen9nationaldex","rating":0,"private":0,"password":""}