{"id":"gen9nationaldex-1988594215","p1":"Blaze1911","p2":"HolyChomper","format":"[Gen 9] National Dex","log":"|j|\u2606Blaze1911\n|j|\u2606HolyChomper\n|t:|1699739890\n|gametype|singles\n|player|p1|Blaze1911|1|1206\n|player|p2|HolyChomper|crasherwake|1139\n|teamsize|p1|6\n|teamsize|p2|6\n|gen|9\n|tier|[Gen 9] National Dex\n|rated|\n|rule|HP Percentage Mod: HP is shown in percentages\n|rule|Endless Battle Clause: Forcing endless battles is banned\n|rule|OHKO Clause: OHKO moves are banned\n|rule|Evasion Clause: Evasion abilities, items, and moves are banned\n|rule|Evasion Abilities Clause: Evasion abilities are banned\n|rule|Evasion Items Clause: Evasion items are banned\n|rule|Evasion Moves Clause: Evasion moves are banned\n|rule|Species Clause: Limit one of each Pok\u00e9mon\n|rule|Sleep Clause Mod: Limit one foe put to sleep\n|clearpoke\n|poke|p1|Kommo-o, M|\n|poke|p1|Ninetales-Alola, F|\n|poke|p1|Skarmory, F|\n|poke|p1|Incineroar, F|\n|poke|p1|Rhyperior, F|\n|poke|p1|Blastoise, M|\n|poke|p2|Pelipper, M|\n|poke|p2|Swampert, M|\n|poke|p2|Rillaboom, M|\n|poke|p2|Goodra, F|\n|poke|p2|Kilowattrel, F|\n|poke|p2|Scizor, F|\n|teampreview\n|c|\u2606HolyChomper|glhf\n|\n|t:|1699739904\n|start\n|switch|p1a: Skarmory|Skarmory, F, shiny|100\/100\n|switch|p2a: Goodra|Goodra, F|100\/100\n|turn|1\n|\n|t:|1699739913\n|move|p2a: Goodra|Flamethrower|p1a: Skarmory\n|-supereffective|p1a: Skarmory\n|-ability|p1a: Skarmory|Sturdy\n|-damage|p1a: Skarmory|1\/100\n|move|p1a: Skarmory|Stealth Rock|p2a: Goodra\n|-sidestart|p2: HolyChomper|move: Stealth Rock\n|\n|-heal|p1a: Skarmory|7\/100|[from] item: Leftovers\n|upkeep\n|turn|2\n|inactive|Battle timer is ON: inactive players will automatically lose when time's up. (requested by HolyChomper)\n|\n|t:|1699739942\n|switch|p1a: Kommo-o|Kommo-o, M, shiny|100\/100\n|move|p2a: Goodra|Flamethrower|p1a: Kommo-o\n|-resisted|p1a: Kommo-o\n|-damage|p1a: Kommo-o|78\/100\n|\n|upkeep\n|turn|3\n|inactive|HolyChomper has 120 seconds left.\n|\n|t:|1699739983\n|switch|p2a: Swampert|Swampert, M|100\/100\n|-damage|p2a: Swampert|94\/100|[from] Stealth Rock\n|move|p1a: Kommo-o|Clangorous Soul|p1a: Kommo-o\n|-boost|p1a: Kommo-o|atk|1\n|-boost|p1a: Kommo-o|def|1\n|-boost|p1a: Kommo-o|spa|1\n|-boost|p1a: Kommo-o|spd|1\n|-boost|p1a: Kommo-o|spe|1\n|-damage|p1a: Kommo-o|45\/100\n|-enditem|p1a: Kommo-o|Throat Spray\n|-boost|p1a: Kommo-o|spa|1|[from] item: Throat Spray\n|\n|upkeep\n|turn|4\n|\n|t:|1699740001\n|detailschange|p2a: Swampert|Swampert-Mega, M\n|-mega|p2a: Swampert|Swampert|Swampertite\n|move|p1a: Kommo-o|Clanging Scales|p2a: Swampert\n|-damage|p2a: Swampert|1\/100\n|-unboost|p1a: Kommo-o|def|1\n|move|p2a: Swampert|Earthquake|p1a: Kommo-o\n|-damage|p1a: Kommo-o|0 fnt\n|faint|p1a: Kommo-o\n|\n|upkeep\n|c|\u2606HolyChomper|SWOLEpert, baby\n|inactive|Blaze1911 has 120 seconds left.\n|\n|t:|1699740019\n|switch|p1a: Incineroar|Incineroar, F, shiny|100\/100\n|-ability|p1a: Incineroar|Intimidate|boost\n|-unboost|p2a: Swampert|atk|1\n|turn|5\n|inactive|Blaze1911 has 120 seconds left.\n|\n|t:|1699740030\n|move|p2a: Swampert|Flip Turn|p1a: Incineroar\n|-supereffective|p1a: Incineroar\n|-damage|p1a: Incineroar|54\/100\n|-damage|p2a: Swampert|0 fnt|[from] item: Rocky Helmet|[of] p1a: Incineroar\n|faint|p2a: Swampert\n|move|p1a: Incineroar|Knock Off|p2: Swampert|[notarget]\n|-fail|p1a: Incineroar\n|\n|upkeep\n|inactive|HolyChomper has 120 seconds left.\n|\n|t:|1699740046\n|switch|p2a: Pelipper|Pelipper, M|100\/100\n|-damage|p2a: Pelipper|75\/100|[from] Stealth Rock\n|-weather|RainDance|[from] ability: Drizzle|[of] p2a: Pelipper\n|turn|6\n|\n|t:|1699740054\n|switch|p1a: Ninetales|Ninetales-Alola, F, shiny|100\/100\n|-weather|Snow|[from] ability: Snow Warning|[of] p1a: Ninetales\n|move|p2a: Pelipper|Defog|p1a: Ninetales\n|-unboost|p1a: Ninetales|evasion|1\n|-sideend|p2: HolyChomper|Stealth Rock|[from] move: Defog|[of] p2a: Pelipper\n|\n|-weather|Snow|[upkeep]\n|upkeep\n|turn|7\n|inactive|HolyChomper has 120 seconds left.\n|\n|t:|1699740062\n|switch|p2a: Scizor|Scizor, F|100\/100\n|move|p1a: Ninetales|Aurora Veil|p1a: Ninetales\n|-sidestart|p1: Blaze1911|move: Aurora Veil\n|\n|-weather|Snow|[upkeep]\n|upkeep\n|turn|8\n|\n|t:|1699740077\n|switch|p1a: Skarmory|Skarmory, F, shiny|7\/100\n|move|p2a: Scizor|Swords Dance|p2a: Scizor\n|-boost|p2a: Scizor|atk|2\n|\n|-weather|Snow|[upkeep]\n|-heal|p1a: Skarmory|13\/100|[from] item: Leftovers\n|upkeep\n|turn|9\n|\n|t:|1699740084\n|move|p1a: Skarmory|Roost|p1a: Skarmory\n|-heal|p1a: Skarmory|63\/100\n|-singleturn|p1a: Skarmory|move: Roost\n|move|p2a: Scizor|Close Combat|p1a: Skarmory\n|-supereffective|p1a: Skarmory\n|-damage|p1a: Skarmory|0 fnt\n|-unboost|p2a: Scizor|def|1\n|-unboost|p2a: Scizor|spd|1\n|faint|p1a: Skarmory\n|\n|-weather|Snow|[upkeep]\n|upkeep\n|\n|t:|1699740095\n|switch|p1a: Incineroar|Incineroar, F, shiny|54\/100\n|-ability|p1a: Incineroar|Intimidate|boost\n|-unboost|p2a: Scizor|atk|1\n|turn|10\n|\n|t:|1699740108\n|-terastallize|p1a: Incineroar|Ghost\n|move|p2a: Scizor|Close Combat|p1a: Incineroar\n|-immune|p1a: Incineroar\n|move|p1a: Incineroar|Knock Off|p2a: Scizor\n|-damage|p2a: Scizor|33\/100\n|-enditem|p2a: Scizor|Leftovers|[from] move: Knock Off|[of] p1a: Incineroar\n|\n|-weather|none\n|upkeep\n|turn|11\n|c|\u2606HolyChomper|A\n|c|\u2606HolyChomper|awwwww\n|\n|t:|1699740122\n|switch|p1a: Blastoise|Blastoise, M, shiny|100\/100\n|move|p2a: Scizor|Bullet Punch|p1a: Blastoise\n|-resisted|p1a: Blastoise\n|-damage|p1a: Blastoise|91\/100\n|\n|upkeep\n|turn|12\n|\n|t:|1699740129\n|move|p1a: Blastoise|Iron Defense|p1a: Blastoise\n|-boost|p1a: Blastoise|def|2\n|move|p2a: Scizor|U-turn|p1a: Blastoise\n|-damage|p1a: Blastoise|79\/100\n|\n|t:|1699740134\n|switch|p2a: Pelipper|Pelipper, M|75\/100|[from] U-turn\n|-weather|RainDance|[from] ability: Drizzle|[of] p2a: Pelipper\n|\n|-weather|RainDance|[upkeep]\n|-heal|p1a: Blastoise|85\/100|[from] ability: Rain Dish\n|upkeep\n|turn|13\n|\n|t:|1699740145\n|move|p1a: Blastoise|Iron Defense|p1a: Blastoise\n|-boost|p1a: Blastoise|def|2\n|move|p2a: Pelipper|U-turn|p1a: Blastoise\n|-damage|p1a: Blastoise|84\/100\n|\n|t:|1699740151\n|switch|p2a: Kilowattrel|Kilowattrel, F|100\/100|[from] U-turn\n|\n|-weather|RainDance|[upkeep]\n|-heal|p1a: Blastoise|90\/100|[from] ability: Rain Dish\n|upkeep\n|turn|14\n|\n|t:|1699740163\n|switch|p1a: Rhyperior|Rhyperior, F, shiny|100\/100\n|-item|p1a: Rhyperior|Air Balloon\n|move|p2a: Kilowattrel|Hurricane|p1a: Rhyperior\n|-resisted|p1a: Rhyperior\n|-damage|p1a: Rhyperior|83\/100\n|-enditem|p1a: Rhyperior|Air Balloon\n|-damage|p2a: Kilowattrel|91\/100|[from] item: Life Orb\n|\n|-weather|RainDance|[upkeep]\n|-sideend|p1: Blaze1911|move: Aurora Veil\n|upkeep\n|turn|15\n|\n|t:|1699740175\n|move|p2a: Kilowattrel|Weather Ball|p1a: Rhyperior\n|-supereffective|p1a: Rhyperior\n|-damage|p1a: Rhyperior|0 fnt\n|faint|p1a: Rhyperior\n|-damage|p2a: Kilowattrel|81\/100|[from] item: Life Orb\n|\n|-weather|RainDance|[upkeep]\n|upkeep\n|\n|t:|1699740181\n|switch|p1a: Ninetales|Ninetales-Alola, F, shiny|100\/100\n|-weather|Snow|[from] ability: Snow Warning|[of] p1a: Ninetales\n|turn|16\n|\n|t:|1699740188\n|move|p2a: Kilowattrel|Volt Switch|p1a: Ninetales\n|-damage|p1a: Ninetales|50\/100\n|-damage|p2a: Kilowattrel|71\/100|[from] item: Life Orb\n|\n|t:|1699740194\n|switch|p2a: Goodra|Goodra, F|100\/100|[from] Volt Switch\n|move|p1a: Ninetales|Freeze-Dry|p2a: Goodra\n|-supereffective|p2a: Goodra\n|-damage|p2a: Goodra|66\/100\n|\n|-weather|Snow|[upkeep]\n|upkeep\n|turn|17\n|\n|t:|1699740202\n|move|p1a: Ninetales|Aurora Veil|p1a: Ninetales\n|-sidestart|p1: Blaze1911|move: Aurora Veil\n|move|p2a: Goodra|Flamethrower|p1a: Ninetales\n|-supereffective|p1a: Ninetales\n|-damage|p1a: Ninetales|0 fnt\n|faint|p1a: Ninetales\n|\n|-weather|Snow|[upkeep]\n|upkeep\n|\n|t:|1699740214\n|switch|p1a: Incineroar|Incineroar, F, shiny, tera:Ghost|54\/100\n|-ability|p1a: Incineroar|Intimidate|boost\n|-unboost|p2a: Goodra|atk|1\n|turn|18\n|\n|t:|1699740221\n|move|p2a: Goodra|Flamethrower|p1a: Incineroar\n|-damage|p1a: Incineroar|34\/100\n|move|p1a: Incineroar|Bulk Up|p1a: Incineroar\n|-boost|p1a: Incineroar|atk|1\n|-boost|p1a: Incineroar|def|1\n|\n|-weather|Snow|[upkeep]\n|upkeep\n|turn|19\n|\n|t:|1699740232\n|move|p2a: Goodra|Flamethrower|p1a: Incineroar\n|-damage|p1a: Incineroar|14\/100\n|move|p1a: Incineroar|Drain Punch|p2a: Goodra\n|-crit|p2a: Goodra\n|-damage|p2a: Goodra|3\/100\n|-heal|p1a: Incineroar|47\/100|[from] drain|[of] p2a: Goodra\n|\n|-weather|Snow|[upkeep]\n|upkeep\n|turn|20\n|\n|t:|1699740249\n|switch|p2a: Pelipper|Pelipper, M|75\/100\n|-weather|RainDance|[from] ability: Drizzle|[of] p2a: Pelipper\n|move|p1a: Incineroar|Knock Off|p2a: Pelipper\n|-damage|p2a: Pelipper|21\/100\n|-enditem|p2a: Pelipper|Damp Rock|[from] move: Knock Off|[of] p1a: Incineroar\n|\n|-weather|RainDance|[upkeep]\n|upkeep\n|turn|21\n|\n|t:|1699740259\n|switch|p1a: Blastoise|Blastoise, M, shiny|90\/100\n|move|p2a: Pelipper|U-turn|p1a: Blastoise\n|-damage|p1a: Blastoise|87\/100\n|\n|t:|1699740264\n|switch|p2a: Kilowattrel|Kilowattrel, F|71\/100|[from] U-turn\n|\n|-weather|RainDance|[upkeep]\n|-heal|p1a: Blastoise|93\/100|[from] ability: Rain Dish\n|upkeep\n|turn|22\n|\n|t:|1699740279\n|move|p2a: Kilowattrel|Thunder|p1a: Blastoise\n|-supereffective|p1a: Blastoise\n|-damage|p1a: Blastoise|40\/100\n|-status|p1a: Blastoise|par\n|-damage|p2a: Kilowattrel|61\/100|[from] item: Life Orb\n|move|p1a: Blastoise|Iron Defense|p1a: Blastoise\n|-boost|p1a: Blastoise|def|2\n|\n|-weather|RainDance|[upkeep]\n|-heal|p1a: Blastoise|46\/100 par|[from] ability: Rain Dish\n|upkeep\n|turn|23\n|\n|t:|1699740291\n|move|p2a: Kilowattrel|Thunder|p1a: Blastoise\n|-supereffective|p1a: Blastoise\n|-damage|p1a: Blastoise|0 fnt\n|faint|p1a: Blastoise\n|-damage|p2a: Kilowattrel|51\/100|[from] item: Life Orb\n|\n|-weather|RainDance|[upkeep]\n|upkeep\n|\n|t:|1699740294\n|switch|p1a: Incineroar|Incineroar, F, shiny, tera:Ghost|47\/100\n|-ability|p1a: Incineroar|Intimidate|boost\n|-unboost|p2a: Kilowattrel|atk|1\n|turn|24\n|\n|t:|1699740305\n|move|p2a: Kilowattrel|Thunder|p1a: Incineroar\n|-damage|p1a: Incineroar|21\/100\n|-damage|p2a: Kilowattrel|41\/100|[from] item: Life Orb\n|move|p1a: Incineroar|Knock Off|p2a: Kilowattrel\n|-damage|p2a: Kilowattrel|0 fnt\n|-enditem|p2a: Kilowattrel|Life Orb|[from] move: Knock Off|[of] p1a: Incineroar\n|faint|p2a: Kilowattrel\n|\n|-weather|RainDance|[upkeep]\n|-sideend|p1: Blaze1911|move: Aurora Veil\n|upkeep\n|\n|t:|1699740316\n|switch|p2a: Rillaboom|Rillaboom, M|100\/100\n|-fieldstart|move: Grassy Terrain|[from] ability: Grassy Surge|[of] p2a: Rillaboom\n|turn|25\n|\n|t:|1699740321\n|-terastallize|p2a: Rillaboom|Grass\n|move|p2a: Rillaboom|Grassy Glide|p1a: Incineroar\n|-damage|p1a: Incineroar|0 fnt\n|-damage|p2a: Rillaboom|84\/100|[from] item: Rocky Helmet|[of] p1a: Incineroar\n|faint|p1a: Incineroar\n|\n|win|HolyChomper\n|raw|Blaze1911's rating: 1206 &rarr; <strong>1176<\/strong><br \/>(-30 for losing)\n|raw|HolyChomper's rating: 1139 &rarr; <strong>1169<\/strong><br \/>(+30 for winning)\n|c|\u2606HolyChomper|gg\n|l|\u2606Blaze1911\n","uploadtime":1699740334,"views":4,"p1id":"blaze1911","p2id":"holychomper","formatid":"gen9nationaldex","rating":1169,"private":0,"password":""}