{"id":"gen9nationaldex-1987200702","p1":"yoochus","p2":"TrivagoGuy","format":"[Gen 9] National Dex","log":"|j|\u2606yoochus\n|j|\u2606TrivagoGuy\n|t:|1699564684\n|gametype|singles\n|player|p1|yoochus|guzma|1440\n|player|p2|TrivagoGuy|ruinmaniac|1359\n|teamsize|p1|6\n|teamsize|p2|6\n|gen|9\n|tier|[Gen 9] National Dex\n|rated|\n|rule|HP Percentage Mod: HP is shown in percentages\n|rule|Endless Battle Clause: Forcing endless battles is banned\n|rule|OHKO Clause: OHKO moves are banned\n|rule|Evasion Clause: Evasion abilities, items, and moves are banned\n|rule|Evasion Abilities Clause: Evasion abilities are banned\n|rule|Evasion Items Clause: Evasion items are banned\n|rule|Evasion Moves Clause: Evasion moves are banned\n|rule|Species Clause: Limit one of each Pok\u00e9mon\n|rule|Sleep Clause Mod: Limit one foe put to sleep\n|clearpoke\n|poke|p1|Beedrill, M|\n|poke|p1|Blacephalon|\n|poke|p1|Hydreigon, F|\n|poke|p1|Swampert, F|\n|poke|p1|Gliscor, M|\n|poke|p1|Latias, F|\n|poke|p2|Golisopod, M|\n|poke|p2|Skarmory, M|\n|poke|p2|Seismitoad, F|\n|poke|p2|Pelipper, M|\n|poke|p2|Volcanion|\n|poke|p2|Diancie|\n|teampreview\n|\n|t:|1699564700\n|start\n|switch|p1a: Beedrill|Beedrill, M|100\/100\n|switch|p2a: Skarmory|Skarmory, M|100\/100\n|turn|1\n|\n|t:|1699564705\n|detailschange|p1a: Beedrill|Beedrill-Mega, M\n|-mega|p1a: Beedrill|Beedrill|Beedrillite\n|move|p1a: Beedrill|Knock Off|p2a: Skarmory\n|-damage|p2a: Skarmory|71\/100\n|-ability|p2a: Skarmory|Weak Armor|boost\n|-unboost|p2a: Skarmory|def|1\n|-boost|p2a: Skarmory|spe|2\n|-enditem|p2a: Skarmory|Occa Berry|[from] move: Knock Off|[of] p1a: Beedrill\n|move|p2a: Skarmory|Swords Dance|p2a: Skarmory\n|-boost|p2a: Skarmory|atk|2\n|\n|upkeep\n|turn|2\n|\n|t:|1699564713\n|switch|p1a: Gliscor|Gliscor, M|100\/100\n|move|p2a: Skarmory|Swords Dance|p2a: Skarmory\n|-boost|p2a: Skarmory|atk|2\n|\n|-status|p1a: Gliscor|tox|[from] item: Toxic Orb\n|upkeep\n|turn|3\n|\n|t:|1699564723\n|move|p2a: Skarmory|Drill Peck|p1a: Gliscor\n|-damage|p1a: Gliscor|36\/100 tox\n|move|p1a: Gliscor|U-turn|p2a: Skarmory\n|-resisted|p2a: Skarmory\n|-damage|p2a: Skarmory|66\/100\n|-ability|p2a: Skarmory|Weak Armor|boost\n|-unboost|p2a: Skarmory|def|1\n|-boost|p2a: Skarmory|spe|2\n|\n|t:|1699564734\n|switch|p1a: Hydreigon|Hydreigon, F|100\/100|[from] U-turn\n|\n|upkeep\n|turn|4\n|\n|t:|1699564740\n|move|p2a: Skarmory|Iron Head|p1a: Hydreigon\n|-damage|p1a: Hydreigon|0 fnt\n|faint|p1a: Hydreigon\n|\n|upkeep\n|\n|t:|1699564747\n|switch|p1a: Swampert|Swampert, F|100\/100\n|turn|5\n|\n|t:|1699564750\n|move|p2a: Skarmory|Iron Head|p1a: Swampert\n|-resisted|p1a: Swampert\n|-damage|p1a: Swampert|51\/100\n|cant|p1a: Swampert|flinch\n|\n|-heal|p1a: Swampert|57\/100|[from] item: Leftovers\n|upkeep\n|turn|6\n|\n|t:|1699564756\n|move|p2a: Skarmory|Drill Peck|p1a: Swampert\n|-damage|p1a: Swampert|0 fnt\n|faint|p1a: Swampert\n|\n|upkeep\n|\n|t:|1699564758\n|switch|p1a: Blacephalon|Blacephalon|100\/100\n|turn|7\n|\n|t:|1699564769\n|move|p2a: Skarmory|Rock Slide|p1a: Blacephalon\n|-supereffective|p1a: Blacephalon\n|-damage|p1a: Blacephalon|0 fnt\n|faint|p1a: Blacephalon\n|\n|upkeep\n|\n|t:|1699564773\n|switch|p1a: Gliscor|Gliscor, M|36\/100 tox\n|turn|8\n|\n|t:|1699564777\n|move|p2a: Skarmory|Drill Peck|p1a: Gliscor\n|-damage|p1a: Gliscor|0 fnt\n|faint|p1a: Gliscor\n|\n|upkeep\n|\n|t:|1699564779\n|switch|p1a: Beedrill|Beedrill-Mega, M|100\/100\n|turn|9\n|\n|t:|1699564782\n|move|p2a: Skarmory|Drill Peck|p1a: Beedrill\n|-supereffective|p1a: Beedrill\n|-damage|p1a: Beedrill|0 fnt\n|faint|p1a: Beedrill\n|\n|upkeep\n|\n|t:|1699564784\n|switch|p1a: Latias|Latias, F|100\/100\n|turn|10\n|\n|t:|1699564786\n|move|p2a: Skarmory|Iron Head|p1a: Latias\n|-damage|p1a: Latias|0 fnt\n|faint|p1a: Latias\n|\n|win|TrivagoGuy\n|raw|yoochus's rating: 1440 &rarr; <strong>1415<\/strong><br \/>(-25 for losing)\n|raw|TrivagoGuy's rating: 1359 &rarr; <strong>1384<\/strong><br \/>(+25 for winning)\n|l|\u2606yoochus\n|c|\u2606TrivagoGuy|Welp\n","uploadtime":1699564799,"views":4,"p1id":"yoochus","p2id":"trivagoguy","formatid":"gen9nationaldex","rating":1384,"private":0,"password":""}