{"id":"gen9nationaldex-1995655849","p1":"AceCoyoteNK","p2":"Thebeefgamer","format":"[Gen 9] National Dex","log":"|html|<div class=\"broadcast-blue\"><strong>[Gen 9] National Dex is currently suspecting Sneasler! For information on how to participate check out the <a href=\"https:\/\/www.smogon.com\/forums\/threads\/sv-national-dex-suspect-8-just-dance.3731534\/\">suspect thread<\/a>.<\/strong><\/div>\n|j|\u2606AceCoyoteNK\n|j|\u2606Thebeefgamer\n|t:|1700591265\n|gametype|singles\n|player|p1|AceCoyoteNK|lady|1130\n|player|p2|Thebeefgamer|2|1074\n|teamsize|p1|6\n|teamsize|p2|6\n|gen|9\n|tier|[Gen 9] National Dex\n|rated|\n|rule|HP Percentage Mod: HP is shown in percentages\n|rule|Endless Battle Clause: Forcing endless battles is banned\n|rule|OHKO Clause: OHKO moves are banned\n|rule|Evasion Clause: Evasion abilities, items, and moves are banned\n|rule|Evasion Abilities Clause: Evasion abilities are banned\n|rule|Evasion Items Clause: Evasion items are banned\n|rule|Evasion Moves Clause: Evasion moves are banned\n|rule|Species Clause: Limit one of each Pok\u00e9mon\n|rule|Sleep Clause Mod: Limit one foe put to sleep\n|clearpoke\n|poke|p1|Gliscor, M|\n|poke|p1|Corviknight, M|\n|poke|p1|Diancie|\n|poke|p1|Ting-Lu|\n|poke|p1|Urshifu-*, M|\n|poke|p1|Ogerpon, F|\n|poke|p2|Pinsir, M|\n|poke|p2|Garganacl, F|\n|poke|p2|Sylveon, M|\n|poke|p2|Lokix, F|\n|poke|p2|Forretress, F|\n|poke|p2|Kleavor, F|\n|teampreview\n|inactive|Battle timer is ON: inactive players will automatically lose when time's up. (requested by AceCoyoteNK)\n|\n|t:|1700591274\n|start\n|switch|p1a: Gliscor|Gliscor, M|100\/100\n|switch|p2a: sir bugsly III|Forretress, F|100\/100\n|turn|1\n|\n|t:|1700591284\n|move|p1a: Gliscor|Stealth Rock|p2a: sir bugsly III\n|-sidestart|p2: Thebeefgamer|move: Stealth Rock\n|move|p2a: sir bugsly III|Toxic Spikes|p1a: Gliscor\n|-sidestart|p1: AceCoyoteNK|move: Toxic Spikes\n|\n|-status|p1a: Gliscor|tox|[from] item: Toxic Orb\n|upkeep\n|turn|2\n|\n|t:|1700591295\n|switch|p1a: Ting-Lu|Ting-Lu|100\/100\n|-status|p1a: Ting-Lu|psn\n|-ability|p1a: Ting-Lu|Vessel of Ruin\n|move|p2a: sir bugsly III|Stealth Rock|p1a: Ting-Lu\n|-sidestart|p1: AceCoyoteNK|move: Stealth Rock\n|\n|-damage|p1a: Ting-Lu|88\/100 psn|[from] psn\n|upkeep\n|turn|3\n|\n|t:|1700591304\n|move|p2a: sir bugsly III|Toxic Spikes|p1a: Ting-Lu\n|-sidestart|p1: AceCoyoteNK|move: Toxic Spikes\n|move|p1a: Ting-Lu|Whirlwind|p2a: sir bugsly III\n|drag|p2a: pepper|Garganacl, F|100\/100\n|-damage|p2a: pepper|88\/100|[from] Stealth Rock\n|\n|-heal|p2a: pepper|94\/100|[from] item: Leftovers\n|-damage|p1a: Ting-Lu|76\/100 psn|[from] psn\n|upkeep\n|turn|4\n|\n|t:|1700591312\n|move|p1a: Ting-Lu|Taunt|p2a: pepper\n|-start|p2a: pepper|move: Taunt\n|move|p2a: pepper|Body Press|p1a: Ting-Lu\n|-supereffective|p1a: Ting-Lu\n|-damage|p1a: Ting-Lu|47\/100 psn\n|-enditem|p1a: Ting-Lu|Sitrus Berry|[eat]\n|-heal|p1a: Ting-Lu|72\/100 psn|[from] item: Sitrus Berry\n|\n|-heal|p2a: pepper|100\/100|[from] item: Leftovers\n|-damage|p1a: Ting-Lu|60\/100 psn|[from] psn\n|upkeep\n|turn|5\n|\n|t:|1700591324\n|switch|p1a: Corviknight|Corviknight, M|100\/100\n|-damage|p1a: Corviknight|88\/100|[from] Stealth Rock\n|move|p2a: pepper|Salt Cure|p1a: Corviknight\n|-crit|p1a: Corviknight\n|-damage|p1a: Corviknight|71\/100\n|-start|p1a: Corviknight|Salt Cure\n|\n|-heal|p1a: Corviknight|77\/100|[from] item: Leftovers\n|-damage|p1a: Corviknight|52\/100|[from] Salt Cure\n|upkeep\n|turn|6\n|\n|t:|1700591334\n|switch|p2a: sir bugsly III|Forretress, F|100\/100\n|-damage|p2a: sir bugsly III|88\/100|[from] Stealth Rock\n|move|p1a: Corviknight|Defog|p2a: sir bugsly III\n|-unboost|p2a: sir bugsly III|evasion|1\n|-sideend|p2: Thebeefgamer|Stealth Rock|[from] move: Defog|[of] p1a: Corviknight\n|-sideend|p1: AceCoyoteNK|Toxic Spikes|[from] move: Defog|[of] p1a: Corviknight\n|-sideend|p1: AceCoyoteNK|Stealth Rock|[from] move: Defog|[of] p1a: Corviknight\n|\n|-heal|p1a: Corviknight|59\/100|[from] item: Leftovers\n|-heal|p2a: sir bugsly III|94\/100|[from] item: Leftovers\n|-damage|p1a: Corviknight|34\/100|[from] Salt Cure\n|upkeep\n|turn|7\n|\n|t:|1700591346\n|switch|p1a: Urshifu|Urshifu-Rapid-Strike, M|100\/100\n|move|p2a: sir bugsly III|Toxic Spikes|p1a: Urshifu\n|-sidestart|p1: AceCoyoteNK|move: Toxic Spikes\n|\n|-heal|p2a: sir bugsly III|100\/100|[from] item: Leftovers\n|upkeep\n|turn|8\n|\n|t:|1700591352\n|move|p1a: Urshifu|Swords Dance|p1a: Urshifu\n|-boost|p1a: Urshifu|atk|2\n|move|p2a: sir bugsly III|Toxic Spikes|p1a: Urshifu\n|-sidestart|p1: AceCoyoteNK|move: Toxic Spikes\n|\n|upkeep\n|turn|9\n|\n|t:|1700591357\n|move|p1a: Urshifu|Swords Dance|p1a: Urshifu\n|-boost|p1a: Urshifu|atk|2\n|move|p2a: sir bugsly III|Stealth Rock|p1a: Urshifu\n|-sidestart|p1: AceCoyoteNK|move: Stealth Rock\n|\n|upkeep\n|turn|10\n|\n|t:|1700591362\n|move|p1a: Urshifu|Surging Strikes|p2a: sir bugsly III\n|-crit|p2a: sir bugsly III\n|-damage|p2a: sir bugsly III|40\/100\n|-crit|p2a: sir bugsly III\n|-damage|p2a: sir bugsly III|0 fnt\n|faint|p2a: sir bugsly III\n|-hitcount|p2: sir bugsly III|2\n|-damage|p1a: Urshifu|91\/100|[from] item: Life Orb\n|\n|upkeep\n|\n|t:|1700591373\n|switch|p2a: sir bugsly II|Lokix, F, shiny|100\/100\n|turn|11\n|\n|t:|1700591391\n|switch|p1a: Ting-Lu|Ting-Lu|60\/100 psn\n|-damage|p1a: Ting-Lu|53\/100 psn|[from] Stealth Rock\n|-ability|p1a: Ting-Lu|Vessel of Ruin\n|move|p2a: sir bugsly II|Sucker Punch||[still]\n|-fail|p2a: sir bugsly II\n|\n|-damage|p1a: Ting-Lu|41\/100 psn|[from] psn\n|upkeep\n|turn|12\n|\n|t:|1700591407\n|switch|p2a: pepper|Garganacl, F|100\/100\n|move|p1a: Ting-Lu|Taunt|p2a: pepper\n|-start|p2a: pepper|move: Taunt\n|\n|-damage|p1a: Ting-Lu|29\/100 psn|[from] psn\n|upkeep\n|turn|13\n|\n|t:|1700591420\n|move|p1a: Ting-Lu|Earthquake|p2a: pepper\n|-supereffective|p2a: pepper\n|-damage|p2a: pepper|39\/100\n|move|p2a: pepper|Salt Cure|p1a: Ting-Lu\n|-resisted|p1a: Ting-Lu\n|-crit|p1a: Ting-Lu\n|-damage|p1a: Ting-Lu|23\/100 psn\n|-start|p1a: Ting-Lu|Salt Cure\n|\n|-heal|p2a: pepper|45\/100|[from] item: Leftovers\n|-damage|p1a: Ting-Lu|10\/100 psn|[from] psn\n|-damage|p1a: Ting-Lu|0 fnt|[from] Salt Cure\n|faint|p1a: Ting-Lu\n|upkeep\n|\n|t:|1700591432\n|switch|p1a: Corviknight|Corviknight, M|34\/100\n|-damage|p1a: Corviknight|21\/100|[from] Stealth Rock\n|turn|14\n|\n|t:|1700591437\n|move|p1a: Corviknight|Defog|p2a: pepper\n|-unboost|p2a: pepper|evasion|1\n|-sideend|p1: AceCoyoteNK|Toxic Spikes|[from] move: Defog|[of] p1a: Corviknight\n|-sideend|p1: AceCoyoteNK|Stealth Rock|[from] move: Defog|[of] p1a: Corviknight\n|move|p2a: pepper|Salt Cure|p1a: Corviknight\n|-damage|p1a: Corviknight|10\/100\n|-start|p1a: Corviknight|Salt Cure\n|\n|-heal|p1a: Corviknight|17\/100|[from] item: Leftovers\n|-heal|p2a: pepper|51\/100|[from] item: Leftovers\n|-damage|p1a: Corviknight|0 fnt|[from] Salt Cure\n|faint|p1a: Corviknight\n|-end|p2a: pepper|move: Taunt\n|upkeep\n|\n|t:|1700591452\n|switch|p1a: Urshifu|Urshifu-Rapid-Strike, M|91\/100\n|turn|15\n|\n|t:|1700591460\n|move|p1a: Urshifu|Surging Strikes|p2a: pepper\n|-supereffective|p2a: pepper\n|-crit|p2a: pepper\n|-damage|p2a: pepper|16\/100\n|-supereffective|p2a: pepper\n|-crit|p2a: pepper\n|-damage|p2a: pepper|0 fnt\n|faint|p2a: pepper\n|-hitcount|p2: pepper|2\n|-damage|p1a: Urshifu|81\/100|[from] item: Life Orb\n|\n|upkeep\n|\n|t:|1700591466\n|switch|p2a: Cheechan|Sylveon, M, shiny|100\/100\n|turn|16\n|\n|t:|1700591470\n|move|p2a: Cheechan|Hyper Voice|p1a: Urshifu\n|-supereffective|p1a: Urshifu\n|-damage|p1a: Urshifu|0 fnt\n|faint|p1a: Urshifu\n|\n|upkeep\n|\n|t:|1700591482\n|switch|p1a: Diancie|Diancie, shiny|100\/100\n|turn|17\n|\n|t:|1700591491\n|switch|p2a: sir bugsly|Pinsir, M, shiny|100\/100\n|detailschange|p1a: Diancie|Diancie-Mega, shiny\n|-mega|p1a: Diancie|Diancie|Diancite\n|move|p1a: Diancie|Diamond Storm|p2a: sir bugsly\n|-supereffective|p2a: sir bugsly\n|-damage|p2a: sir bugsly|0 fnt\n|-boost|p1a: Diancie|def|2\n|faint|p2a: sir bugsly\n|\n|upkeep\n|\n|t:|1700591495\n|switch|p2a: sir bugsly II|Lokix, F, shiny|100\/100\n|turn|18\n|\n|t:|1700591502\n|-terastallize|p2a: sir bugsly II|Dark\n|move|p2a: sir bugsly II|Sucker Punch|p1a: Diancie\n|-resisted|p1a: Diancie\n|-damage|p1a: Diancie|52\/100\n|move|p1a: Diancie|Diamond Storm|p2a: sir bugsly II\n|-damage|p2a: sir bugsly II|13\/100\n|\n|upkeep\n|turn|19\n|\n|t:|1700591512\n|switch|p1a: Ogerpon|Ogerpon, F|100\/100\n|move|p2a: sir bugsly II|Sucker Punch||[still]\n|-fail|p2a: sir bugsly II\n|\n|upkeep\n|turn|20\n|\n|t:|1700591518\n|switch|p2a: sir bugsly IV|Kleavor, F|100\/100\n|move|p1a: Ogerpon|Spiky Shield||[still]\n|-fail|p1a: Ogerpon\n|\n|upkeep\n|turn|21\n|\n|t:|1700591529\n|switch|p1a: Gliscor|Gliscor, M|100\/100 tox\n|move|p2a: sir bugsly IV|Stone Axe|p1a: Gliscor\n|-damage|p1a: Gliscor|54\/100 tox\n|\n|-heal|p1a: Gliscor|66\/100 tox|[from] ability: Poison Heal\n|upkeep\n|turn|22\n|\n|t:|1700591537\n|move|p2a: sir bugsly IV|Stone Axe|p1a: Gliscor\n|-damage|p1a: Gliscor|19\/100 tox\n|move|p1a: Gliscor|Stealth Rock|p2a: sir bugsly IV\n|-sidestart|p2: Thebeefgamer|move: Stealth Rock\n|\n|-heal|p1a: Gliscor|31\/100 tox|[from] ability: Poison Heal\n|upkeep\n|turn|23\n|\n|t:|1700591544\n|move|p1a: Gliscor|Protect|p1a: Gliscor\n|-singleturn|p1a: Gliscor|Protect\n|move|p2a: sir bugsly IV|Stone Axe|p1a: Gliscor\n|-activate|p1a: Gliscor|move: Protect\n|\n|-heal|p1a: Gliscor|43\/100 tox|[from] ability: Poison Heal\n|upkeep\n|turn|24\n|\n|t:|1700591552\n|move|p2a: sir bugsly IV|Stone Axe|p1a: Gliscor\n|-damage|p1a: Gliscor|1\/100 tox\n|move|p1a: Gliscor|Acrobatics|p2a: sir bugsly IV\n|-damage|p2a: sir bugsly IV|71\/100\n|\n|-heal|p1a: Gliscor|14\/100 tox|[from] ability: Poison Heal\n|upkeep\n|turn|25\n|\n|t:|1700591562\n|move|p1a: Gliscor|Protect|p1a: Gliscor\n|-singleturn|p1a: Gliscor|Protect\n|move|p2a: sir bugsly IV|Stone Axe|p1a: Gliscor\n|-activate|p1a: Gliscor|move: Protect\n|\n|-heal|p1a: Gliscor|26\/100 tox|[from] ability: Poison Heal\n|upkeep\n|turn|26\n|\n|t:|1700591573\n|move|p2a: sir bugsly IV|Stone Axe|p1a: Gliscor|[miss]\n|-miss|p2a: sir bugsly IV|p1a: Gliscor\n|move|p1a: Gliscor|Acrobatics|p2a: sir bugsly IV\n|-damage|p2a: sir bugsly IV|43\/100\n|\n|-heal|p1a: Gliscor|38\/100 tox|[from] ability: Poison Heal\n|upkeep\n|turn|27\n|\n|t:|1700591581\n|move|p1a: Gliscor|Protect|p1a: Gliscor\n|-singleturn|p1a: Gliscor|Protect\n|move|p2a: sir bugsly IV|Stone Axe|p1a: Gliscor\n|-activate|p1a: Gliscor|move: Protect\n|\n|-heal|p1a: Gliscor|51\/100 tox|[from] ability: Poison Heal\n|upkeep\n|turn|28\n|-message|Thebeefgamer forfeited.\n|\n|win|AceCoyoteNK\n|raw|AceCoyoteNK's rating: 1130 &rarr; <strong>1151<\/strong><br \/>(+21 for winning)\n|raw|Thebeefgamer's rating: 1074 &rarr; <strong>1056<\/strong><br \/>(-18 for losing)\n|l|\u2606Thebeefgamer\n","uploadtime":1700591590,"views":3,"p1id":"acecoyotenk","p2id":"thebeefgamer","formatid":"gen9nationaldex","rating":1056,"private":0,"password":""}