{"id":"gen9nationaldex-1996841359","p1":"BruhWhatLolOk","p2":"Reivya","format":"[Gen 9] National Dex","log":"|html|<div class=\"broadcast-blue\"><strong>[Gen 9] National Dex is currently suspecting Sneasler! For information on how to participate check out the <a href=\"https:\/\/www.smogon.com\/forums\/threads\/sv-national-dex-suspect-8-just-dance.3731534\/\">suspect thread<\/a>.<\/strong><\/div>\n|j|\u2606BruhWhatLolOk\n|j|\u2606Reivya\n|t:|1700733879\n|gametype|singles\n|player|p1|BruhWhatLolOk|backpackerf|1090\n|player|p2|Reivya|plasmagruntf-gen5bw|1095\n|teamsize|p1|6\n|teamsize|p2|6\n|gen|9\n|tier|[Gen 9] National Dex\n|rated|\n|rule|HP Percentage Mod: HP is shown in percentages\n|rule|Endless Battle Clause: Forcing endless battles is banned\n|rule|OHKO Clause: OHKO moves are banned\n|rule|Evasion Clause: Evasion abilities, items, and moves are banned\n|rule|Evasion Abilities Clause: Evasion abilities are banned\n|rule|Evasion Items Clause: Evasion items are banned\n|rule|Evasion Moves Clause: Evasion moves are banned\n|rule|Species Clause: Limit one of each Pok\u00e9mon\n|rule|Sleep Clause Mod: Limit one foe put to sleep\n|clearpoke\n|poke|p1|Aegislash, F|\n|poke|p1|Charizard, F|\n|poke|p1|Greninja-*, M|\n|poke|p1|Zygarde-10%|\n|poke|p1|Florges-Yellow, F|\n|poke|p1|Chesnaught, M|\n|poke|p2|Ribombee, F|\n|poke|p2|Skarmory, M|\n|poke|p2|Gardevoir, F|\n|poke|p2|Drapion, M|\n|poke|p2|Starmie|\n|poke|p2|Gigalith, F|\n|teampreview\n|inactive|Battle timer is ON: inactive players will automatically lose when time's up. (requested by BruhWhatLolOk)\n|c|\u2606Reivya|glhf\n|\n|t:|1700733893\n|start\n|switch|p1a: Chesnaught|Chesnaught, M|100\/100\n|switch|p2a: ayy lmao|Gardevoir, F|100\/100\n|turn|1\n|\n|t:|1700733903\n|switch|p2a: skra|Skarmory, M|100\/100\n|move|p1a: Chesnaught|Substitute|p1a: Chesnaught\n|-start|p1a: Chesnaught|Substitute\n|-damage|p1a: Chesnaught|76\/100\n|\n|upkeep\n|turn|2\n|\n|t:|1700733911\n|move|p1a: Chesnaught|Belly Drum|p1a: Chesnaught\n|-damage|p1a: Chesnaught|26\/100\n|-setboost|p1a: Chesnaught|atk|6|[from] move: Belly Drum\n|move|p2a: skra|Stealth Rock|p1a: Chesnaught\n|-sidestart|p1: BruhWhatLolOk|move: Stealth Rock\n|\n|upkeep\n|turn|3\n|\n|t:|1700733919\n|move|p1a: Chesnaught|Drain Punch|p2a: skra\n|-ability|p2a: skra|Sturdy\n|-damage|p2a: skra|1\/100\n|-heal|p1a: Chesnaught|78\/100|[from] drain|[of] p2a: skra\n|move|p2a: skra|Whirlwind|p1a: Chesnaught\n|drag|p1a: Aegislash|Aegislash, F|100\/100\n|-damage|p1a: Aegislash|95\/100|[from] Stealth Rock\n|\n|-heal|p2a: skra|7\/100|[from] item: Leftovers\n|upkeep\n|turn|4\n|\n|t:|1700733937\n|move|p2a: skra|Spikes|p1a: Aegislash\n|-sidestart|p1: BruhWhatLolOk|Spikes\n|move|p1a: Aegislash|Swords Dance|p1a: Aegislash\n|-boost|p1a: Aegislash|atk|2\n|\n|-heal|p2a: skra|13\/100|[from] item: Leftovers\n|upkeep\n|turn|5\n|\n|t:|1700733946\n|move|p1a: Aegislash|Swords Dance|p1a: Aegislash\n|-boost|p1a: Aegislash|atk|2\n|move|p2a: skra|Whirlwind|p1a: Aegislash\n|drag|p1a: Charizard|Charizard, F|100\/100\n|-damage|p1a: Charizard|51\/100|[from] Stealth Rock\n|\n|-heal|p2a: skra|19\/100|[from] item: Leftovers\n|upkeep\n|turn|6\n|\n|t:|1700733956\n|switch|p2a: skrrrrra!|Starmie|100\/100\n|detailschange|p1a: Charizard|Charizard-Mega-X, F\n|-mega|p1a: Charizard|Charizard|Charizardite X\n|move|p1a: Charizard|Dragon Dance|p1a: Charizard\n|-boost|p1a: Charizard|atk|1\n|-boost|p1a: Charizard|spe|1\n|\n|upkeep\n|turn|7\n|\n|t:|1700733964\n|move|p1a: Charizard|Dragon Claw|p2a: skrrrrra!\n|-damage|p2a: skrrrrra!|0 fnt\n|faint|p2a: skrrrrra!\n|\n|upkeep\n|\n|t:|1700733977\n|switch|p2a: subarashii|Gigalith, F|100\/100\n|turn|8\n|\n|t:|1700733982\n|move|p1a: Charizard|Earthquake|p2a: subarashii\n|-supereffective|p2a: subarashii\n|-damage|p2a: subarashii|12\/100\n|move|p2a: subarashii|Stone Edge|p1a: Charizard\n|-supereffective|p1a: Charizard\n|-damage|p1a: Charizard|0 fnt\n|faint|p1a: Charizard\n|\n|upkeep\n|\n|t:|1700733988\n|switch|p1a: Aegislash|Aegislash, F|95\/100\n|-damage|p1a: Aegislash|89\/100|[from] Stealth Rock\n|-damage|p1a: Aegislash|77\/100|[from] Spikes\n|turn|9\n|\n|t:|1700733998\n|switch|p2a: mr. hugs|Drapion, M|100\/100\n|move|p1a: Aegislash|Swords Dance|p1a: Aegislash\n|-boost|p1a: Aegislash|atk|2\n|\n|upkeep\n|turn|10\n|\n|t:|1700734004\n|move|p1a: Aegislash|King's Shield|p1a: Aegislash\n|-singleturn|p1a: Aegislash|Protect\n|move|p2a: mr. hugs|Roar|p1a: Aegislash\n|drag|p1a: Greninja|Greninja, M|100\/100\n|-damage|p1a: Greninja|88\/100|[from] Stealth Rock\n|-damage|p1a: Greninja|76\/100|[from] Spikes\n|\n|upkeep\n|turn|11\n|\n|t:|1700734015\n|move|p1a: Greninja|Scald|p2a: mr. hugs\n|-start|p1a: Greninja|typechange|Water|[from] ability: Protean\n|-damage|p2a: mr. hugs|32\/100\n|-status|p2a: mr. hugs|brn\n|move|p2a: mr. hugs|Roar|p1a: Greninja\n|drag|p1a: Chesnaught|Chesnaught, M|78\/100\n|-damage|p1a: Chesnaught|72\/100|[from] Stealth Rock\n|-damage|p1a: Chesnaught|60\/100|[from] Spikes\n|\n|-heal|p2a: mr. hugs|38\/100 brn|[from] item: Leftovers\n|-damage|p2a: mr. hugs|32\/100 brn|[from] brn\n|upkeep\n|turn|12\n|\n|t:|1700734035\n|move|p1a: Chesnaught|Drain Punch|p2a: mr. hugs\n|-damage|p2a: mr. hugs|2\/100 brn\n|-heal|p1a: Chesnaught|76\/100|[from] drain|[of] p2a: mr. hugs\n|move|p2a: mr. hugs|Toxic Spikes|p1a: Chesnaught\n|-sidestart|p1: BruhWhatLolOk|move: Toxic Spikes\n|\n|-heal|p2a: mr. hugs|8\/100 brn|[from] item: Leftovers\n|-damage|p2a: mr. hugs|2\/100 brn|[from] brn\n|upkeep\n|turn|13\n|\n|t:|1700734044\n|move|p1a: Chesnaught|Substitute|p1a: Chesnaught\n|-start|p1a: Chesnaught|Substitute\n|-damage|p1a: Chesnaught|51\/100\n|move|p2a: mr. hugs|Toxic Spikes|p1a: Chesnaught\n|-sidestart|p1: BruhWhatLolOk|move: Toxic Spikes\n|\n|-heal|p2a: mr. hugs|8\/100 brn|[from] item: Leftovers\n|-damage|p2a: mr. hugs|2\/100 brn|[from] brn\n|upkeep\n|turn|14\n|\n|t:|1700734052\n|move|p1a: Chesnaught|Belly Drum|p1a: Chesnaught\n|-damage|p1a: Chesnaught|1\/100\n|-setboost|p1a: Chesnaught|atk|6|[from] move: Belly Drum\n|-enditem|p1a: Chesnaught|Salac Berry|[eat]\n|-boost|p1a: Chesnaught|spe|1|[from] item: Salac Berry\n|move|p2a: mr. hugs|Roar|p1a: Chesnaught\n|drag|p1a: Greninja|Greninja, M|76\/100\n|-damage|p1a: Greninja|64\/100|[from] Stealth Rock\n|-damage|p1a: Greninja|51\/100|[from] Spikes\n|-status|p1a: Greninja|tox\n|\n|-heal|p2a: mr. hugs|8\/100 brn|[from] item: Leftovers\n|-damage|p1a: Greninja|45\/100 tox|[from] psn\n|-damage|p2a: mr. hugs|2\/100 brn|[from] brn\n|upkeep\n|turn|15\n|c|\u2606Reivya|how\n|c|\u2606Reivya|how did you not know that was coming\n|\n|t:|1700734070\n|move|p1a: Greninja|Scald|p2a: mr. hugs\n|-start|p1a: Greninja|typechange|Water|[from] ability: Protean\n|-damage|p2a: mr. hugs|0 fnt\n|faint|p2a: mr. hugs\n|\n|-damage|p1a: Greninja|33\/100 tox|[from] psn\n|upkeep\n|\n|t:|1700734080\n|switch|p2a: it's hip|Ribombee, F|100\/100\n|turn|16\n|c|\u2606BruhWhatLolOk|Worth the attempt\n|\n|t:|1700734085\n|move|p2a: it's hip|Bug Buzz|p1a: Greninja\n|-damage|p1a: Greninja|0 fnt\n|faint|p1a: Greninja\n|\n|upkeep\n|c|\u2606Reivya|fair enough\n|\n|t:|1700734091\n|switch|p1a: Chesnaught|Chesnaught, M|1\/100\n|-damage|p1a: Chesnaught|0 fnt|[from] Stealth Rock\n|faint|p1a: Chesnaught\n|\n|t:|1700734093\n|switch|p1a: Aegislash|Aegislash, F|77\/100\n|-damage|p1a: Aegislash|71\/100|[from] Stealth Rock\n|-damage|p1a: Aegislash|58\/100|[from] Spikes\n|turn|17\n|\n|t:|1700734112\n|switch|p2a: skra|Skarmory, M|19\/100\n|move|p1a: Aegislash|Swords Dance|p1a: Aegislash\n|-boost|p1a: Aegislash|atk|2\n|\n|-heal|p2a: skra|25\/100|[from] item: Leftovers\n|upkeep\n|turn|18\n|c|\u2606Reivya|whirlwind and roar are kinda op ngl\n|inactive|BruhWhatLolOk has 120 seconds left.\n|\n|t:|1700734153\n|-formechange|p1a: Aegislash|Aegislash-Blade||[from] ability: Stance Change\n|move|p1a: Aegislash|Shadow Claw|p2a: skra\n|-damage|p2a: skra|0 fnt\n|faint|p2a: skra\n|\n|upkeep\n|\n|t:|1700734164\n|switch|p2a: it's hip|Ribombee, F|100\/100\n|turn|19\n|inactive|BruhWhatLolOk has 120 seconds left.\n|\n|t:|1700734174\n|move|p2a: it's hip|Switcheroo|p1a: Aegislash\n|-activate|p2a: it's hip|move: Trick|[of] p1a: Aegislash\n|-item|p1a: Aegislash|Choice Specs|[from] move: Switcheroo\n|-item|p2a: it's hip|Kasib Berry|[from] move: Switcheroo\n|move|p1a: Aegislash|Iron Head|p2a: it's hip\n|-supereffective|p2a: it's hip\n|-damage|p2a: it's hip|0 fnt\n|faint|p2a: it's hip\n|\n|upkeep\n|\n|t:|1700734182\n|switch|p2a: ayy lmao|Gardevoir, F|100\/100\n|turn|20\n|\n|t:|1700734196\n|-terastallize|p2a: ayy lmao|Electric\n|move|p2a: ayy lmao|Thunderbolt|p1a: Aegislash\n|-damage|p1a: Aegislash|0 fnt\n|faint|p1a: Aegislash\n|\n|upkeep\n|inactive|BruhWhatLolOk has 120 seconds left.\n|\n|t:|1700734222\n|switch|p1a: Florges|Florges-Yellow, F|100\/100\n|-damage|p1a: Florges|88\/100|[from] Stealth Rock\n|-damage|p1a: Florges|75\/100|[from] Spikes\n|-status|p1a: Florges|tox\n|turn|21\n|\n|t:|1700734228\n|move|p2a: ayy lmao|Calm Mind|p2a: ayy lmao\n|-boost|p2a: ayy lmao|spa|1\n|-boost|p2a: ayy lmao|spd|1\n|move|p1a: Florges|Aromatherapy|p1a: Florges\n|-activate|p1a: Florges|move: Aromatherapy\n|-curestatus|p1a: Florges|tox|[msg]\n|\n|upkeep\n|turn|22\n|\n|t:|1700734235\n|move|p2a: ayy lmao|Calm Mind|p2a: ayy lmao\n|-boost|p2a: ayy lmao|spa|1\n|-boost|p2a: ayy lmao|spd|1\n|move|p1a: Florges|Wish|p1a: Florges\n|\n|upkeep\n|turn|23\n|\n|t:|1700734240\n|move|p2a: ayy lmao|Calm Mind|p2a: ayy lmao\n|-boost|p2a: ayy lmao|spa|1\n|-boost|p2a: ayy lmao|spd|1\n|move|p1a: Florges|Calm Mind|p1a: Florges\n|-boost|p1a: Florges|spa|1\n|-boost|p1a: Florges|spd|1\n|\n|-heal|p1a: Florges|100\/100|[from] move: Wish|[wisher] Florges\n|upkeep\n|turn|24\n|inactive|BruhWhatLolOk has 120 seconds left.\n|\n|t:|1700734285\n|move|p2a: ayy lmao|Calm Mind|p2a: ayy lmao\n|-boost|p2a: ayy lmao|spa|1\n|-boost|p2a: ayy lmao|spd|1\n|move|p1a: Florges|Calm Mind|p1a: Florges\n|-boost|p1a: Florges|spa|1\n|-boost|p1a: Florges|spd|1\n|\n|upkeep\n|turn|25\n|\n|t:|1700734292\n|move|p2a: ayy lmao|Calm Mind|p2a: ayy lmao\n|-boost|p2a: ayy lmao|spa|1\n|-boost|p2a: ayy lmao|spd|1\n|move|p1a: Florges|Calm Mind|p1a: Florges\n|-boost|p1a: Florges|spa|1\n|-boost|p1a: Florges|spd|1\n|\n|upkeep\n|turn|26\n|inactive|BruhWhatLolOk has 120 seconds left.\n|c|\u2606Reivya|their minds are so goddamn calm, you have no idea\n|inactive|BruhWhatLolOk has 90 seconds left.\n|\n|t:|1700734333\n|move|p2a: ayy lmao|Calm Mind|p2a: ayy lmao\n|-boost|p2a: ayy lmao|spa|1\n|-boost|p2a: ayy lmao|spd|1\n|move|p1a: Florges|Calm Mind|p1a: Florges\n|-boost|p1a: Florges|spa|1\n|-boost|p1a: Florges|spd|1\n|\n|upkeep\n|turn|27\n|c|\u2606Reivya|not a single thought in either one of their heads, pure zen\n|\n|t:|1700734342\n|move|p2a: ayy lmao|Thunderbolt|p1a: Florges\n|-damage|p1a: Florges|59\/100\n|move|p1a: Florges|Calm Mind|p1a: Florges\n|-boost|p1a: Florges|spa|1\n|-boost|p1a: Florges|spd|1\n|\n|upkeep\n|turn|28\n|\n|t:|1700734350\n|move|p2a: ayy lmao|Thunderbolt|p1a: Florges\n|-damage|p1a: Florges|26\/100\n|move|p1a: Florges|Wish|p1a: Florges\n|\n|upkeep\n|turn|29\n|\n|t:|1700734356\n|move|p2a: ayy lmao|Thunderbolt|p1a: Florges\n|-damage|p1a: Florges|0 fnt\n|faint|p1a: Florges\n|\n|upkeep\n|\n|t:|1700734358\n|switch|p1a: Zygarde|Zygarde-10%|100\/100\n|-damage|p1a: Zygarde|94\/100|[from] Stealth Rock\n|-damage|p1a: Zygarde|82\/100|[from] Spikes\n|-status|p1a: Zygarde|tox\n|-enditem|p1a: Zygarde|Lum Berry|[eat]\n|-curestatus|p1a: Zygarde|tox|[msg]\n|-ability|p1a: Zygarde|Aura Break\n|turn|30\n|inactive|BruhWhatLolOk has 120 seconds left.\n|\n|t:|1700734369\n|move|p2a: ayy lmao|Endure|p2a: ayy lmao\n|-singleturn|p2a: ayy lmao|move: Endure\n|move|p1a: Zygarde|Thousand Arrows|p2a: ayy lmao\n|-supereffective|p2a: ayy lmao\n|-activate|p2a: ayy lmao|move: Endure\n|-damage|p2a: ayy lmao|1\/100\n|-enditem|p2a: ayy lmao|Salac Berry|[eat]\n|-boost|p2a: ayy lmao|spe|1|[from] item: Salac Berry\n|\n|upkeep\n|turn|31\n|\n|t:|1700734379\n|move|p2a: ayy lmao|Draining Kiss|p1a: Zygarde\n|-supereffective|p1a: Zygarde\n|-damage|p1a: Zygarde|0 fnt\n|-heal|p2a: ayy lmao|56\/100|[from] drain|[of] p1a: Zygarde\n|faint|p1a: Zygarde\n|\n|win|Reivya\n|raw|BruhWhatLolOk's rating: 1090 &rarr; <strong>1067<\/strong><br \/>(-23 for losing)\n|raw|Reivya's rating: 1095 &rarr; <strong>1120<\/strong><br \/>(+25 for winning)\n|c|\u2606Reivya|ggwp\n|l|\u2606BruhWhatLolOk\n","uploadtime":1700734416,"views":3,"p1id":"bruhwhatlolok","p2id":"reivya","formatid":"gen9nationaldex","rating":1067,"private":0,"password":""}