{"id":"gen9nationaldex-1995266487","p1":"saigomm","p2":"lonely_small","format":"[Gen 9] National Dex","log":"|html|<div class=\"broadcast-blue\"><strong>[Gen 9] National Dex is currently suspecting Sneasler! For information on how to participate check out the <a href=\"https:\/\/www.smogon.com\/forums\/threads\/sv-national-dex-suspect-8-just-dance.3731534\/\">suspect thread<\/a>.<\/strong><\/div>\n|j|\u2606saigomm\n|j|\u2606lonely_small\n|t:|1700543773\n|gametype|singles\n|player|p1|saigomm|erika-masters|1427\n|player|p2|lonely_small|2|1338\n|teamsize|p1|6\n|teamsize|p2|6\n|gen|9\n|tier|[Gen 9] National Dex\n|rated|\n|rule|HP Percentage Mod: HP is shown in percentages\n|rule|Endless Battle Clause: Forcing endless battles is banned\n|rule|OHKO Clause: OHKO moves are banned\n|rule|Evasion Clause: Evasion abilities, items, and moves are banned\n|rule|Evasion Abilities Clause: Evasion abilities are banned\n|rule|Evasion Items Clause: Evasion items are banned\n|rule|Evasion Moves Clause: Evasion moves are banned\n|rule|Species Clause: Limit one of each Pok\u00e9mon\n|rule|Sleep Clause Mod: Limit one foe put to sleep\n|clearpoke\n|poke|p1|Zoroark-Hisui, M|\n|poke|p1|Ninetales-Alola, M|\n|poke|p1|Delphox, F|\n|poke|p1|Thievul, M|\n|poke|p1|Umbreon, F|\n|poke|p1|Alakazam, F|\n|poke|p2|Mawile, F|\n|poke|p2|Hatterene, F|\n|poke|p2|Cresselia, F|\n|poke|p2|Stakataka|\n|poke|p2|Torkoal, M|\n|poke|p2|Iron Valiant|\n|teampreview\n|inactive|Battle timer is ON: inactive players will automatically lose when time's up. (requested by saigomm)\n|inactive|lonely_small has 120 seconds left.\n|\n|t:|1700543811\n|start\n|switch|p1a: \u76d7\u72d0|Thievul, M|100\/100\n|switch|p2a: Iron Valiant|Iron Valiant|100\/100\n|-enditem|p2a: Iron Valiant|Booster Energy\n|-activate|p2a: Iron Valiant|ability: Quark Drive|[fromitem]\n|-start|p2a: Iron Valiant|quarkdrivespe\n|turn|1\n|\n|t:|1700543825\n|move|p2a: Iron Valiant|Moonblast|p1a: \u76d7\u72d0\n|-supereffective|p1a: \u76d7\u72d0\n|-enditem|p1a: \u76d7\u72d0|Focus Sash\n|-damage|p1a: \u76d7\u72d0|1\/100\n|-unboost|p1a: \u76d7\u72d0|spa|1\n|move|p1a: \u76d7\u72d0|Psychic|p2a: Iron Valiant\n|-supereffective|p2a: Iron Valiant\n|-damage|p2a: Iron Valiant|37\/100\n|\n|upkeep\n|turn|2\n|\n|t:|1700543833\n|move|p1a: \u76d7\u72d0|Psychic|p2a: Iron Valiant\n|-supereffective|p2a: Iron Valiant\n|-damage|p2a: Iron Valiant|0 fnt\n|faint|p2a: Iron Valiant\n|-end|p2a: Iron Valiant|Quark Drive|[silent]\n|\n|upkeep\n|c|\u2606saigomm|\u4e39\u7802\n|inactive|lonely_small has 120 seconds left.\n|c|\u2606lonely_small|\u554a\uff1f\n|\n|t:|1700543892\n|switch|p2a: Hatterene|Hatterene, F|100\/100\n|turn|3\n|\n|t:|1700543897\n|move|p1a: \u76d7\u72d0|Taunt|p2a: Hatterene\n|move|p2a: Hatterene|Taunt|p1a: \u76d7\u72d0|[from]ability: Magic Bounce\n|-start|p1a: \u76d7\u72d0|move: Taunt\n|move|p2a: Hatterene|Trick Room|p2a: Hatterene\n|-fieldstart|move: Trick Room|[of] p2a: Hatterene\n|\n|upkeep\n|turn|4\n|\n|t:|1700543909\n|switch|p1a: \u5996\u72d0|Delphox, F|100\/100\n|move|p2a: Hatterene|Misty Explosion|p1a: \u5996\u72d0\n|-resisted|p1a: \u5996\u72d0\n|-damage|p1a: \u5996\u72d0|74\/100\n|faint|p2a: Hatterene\n|\n|upkeep\n|c|\u2606lonely_small|\u868c\n|c|\u2606saigomm|\u5fd8\u8bb0\u4e86\n|c|\u2606saigomm|\u54c8\u54c8\u54c8\u54c8\n|\n|t:|1700543920\n|switch|p2a: Mawile|Mawile, F|100\/100\n|-ability|p2a: Mawile|Intimidate|boost\n|-unboost|p1a: \u5996\u72d0|atk|1\n|-enditem|p1a: \u5996\u72d0|White Herb\n|-clearnegativeboost|p1a: \u5996\u72d0|[silent]\n|turn|5\n|\n|t:|1700543937\n|switch|p1a: \u76d7\u72d0|Thievul, M|1\/100\n|detailschange|p2a: Mawile|Mawile-Mega, F\n|-mega|p2a: Mawile|Mawile|Mawilite\n|move|p2a: Mawile|Crunch|p1a: \u76d7\u72d0\n|-resisted|p1a: \u76d7\u72d0\n|-damage|p1a: \u76d7\u72d0|0 fnt\n|faint|p1a: \u76d7\u72d0\n|\n|upkeep\n|\n|t:|1700543939\n|switch|p1a: \u72d0\u5730|Alakazam, F|100\/100\n|turn|6\n|\n|t:|1700543947\n|move|p2a: Mawile|Crunch|p1a: \u72d0\u5730\n|-supereffective|p1a: \u72d0\u5730\n|-enditem|p1a: \u72d0\u5730|Focus Sash\n|-damage|p1a: \u72d0\u5730|1\/100\n|move|p1a: \u72d0\u5730|Counter|p2a: Mawile\n|-damage|p2a: Mawile|0 fnt\n|faint|p2a: Mawile\n|\n|upkeep\n|c|\u2606saigomm|\u4e39\u7802\n|inactive|lonely_small has 120 seconds left.\n|\n|t:|1700543959\n|switch|p2a: Torkoal|Torkoal, M|100\/100\n|-weather|SunnyDay|[from] ability: Drought|[of] p2a: Torkoal\n|turn|7\n|\n|t:|1700543965\n|switch|p1a: \u5996\u72d0|Delphox, F|74\/100\n|move|p2a: Torkoal|Eruption|p1a: \u5996\u72d0\n|-resisted|p1a: \u5996\u72d0\n|-damage|p1a: \u5996\u72d0|0 fnt\n|faint|p1a: \u5996\u72d0\n|\n|-weather|SunnyDay|[upkeep]\n|-fieldend|move: Trick Room\n|upkeep\n|c|\u2606saigomm|\u6211\u53bb \u773c\u955c\n|c|\u2606lonely_small|\u662f\u7684\n|\n|t:|1700543992\n|switch|p1a: \u72d0\u5730|Alakazam, F|1\/100\n|turn|8\n|\n|t:|1700544000\n|switch|p2a: Cresselia|Cresselia, F|100\/100\n|move|p1a: \u72d0\u5730|Shadow Ball|p2a: Cresselia\n|-supereffective|p2a: Cresselia\n|-damage|p2a: Cresselia|65\/100\n|\n|-weather|SunnyDay|[upkeep]\n|upkeep\n|turn|9\n|\n|t:|1700544007\n|move|p1a: \u72d0\u5730|Shadow Ball|p2a: Cresselia\n|-supereffective|p2a: Cresselia\n|-damage|p2a: Cresselia|29\/100\n|move|p2a: Cresselia|Trick Room|p2a: Cresselia\n|-fieldstart|move: Trick Room|[of] p2a: Cresselia\n|\n|-weather|SunnyDay|[upkeep]\n|upkeep\n|turn|10\n|\n|t:|1700544011\n|switch|p1a: \u96ea\u72d0|Ninetales-Alola, M|100\/100\n|-weather|Snow|[from] ability: Snow Warning|[of] p1a: \u96ea\u72d0\n|move|p2a: Cresselia|Lunar Dance|p2a: Cresselia\n|faint|p2a: Cresselia\n|\n|-weather|Snow|[upkeep]\n|upkeep\n|\n|t:|1700544014\n|switch|p2a: Torkoal|Torkoal, M|100\/100\n|-heal|p2a: Torkoal|100\/100|[from] move: Lunar Dance\n|-weather|SunnyDay|[from] ability: Drought|[of] p2a: Torkoal\n|turn|11\n|\n|t:|1700544023\n|switch|p1a: \u72d0\u5730|Alakazam, F|1\/100\n|move|p2a: Torkoal|Eruption|p1a: \u72d0\u5730\n|-damage|p1a: \u72d0\u5730|0 fnt\n|faint|p1a: \u72d0\u5730\n|\n|-weather|SunnyDay|[upkeep]\n|upkeep\n|\n|t:|1700544025\n|switch|p1a: \u96ea\u72d0|Ninetales-Alola, M|100\/100\n|-weather|Snow|[from] ability: Snow Warning|[of] p1a: \u96ea\u72d0\n|turn|12\n|\n|t:|1700544031\n|switch|p1a: \u591c\u72d0\uff08\u4e0d\u662f\u591c\u58f6\uff09|Umbreon, F|100\/100\n|-terastallize|p2a: Torkoal|Fire\n|move|p2a: Torkoal|Eruption|p1a: \u591c\u72d0\uff08\u4e0d\u662f\u591c\u58f6\uff09\n|-damage|p1a: \u591c\u72d0\uff08\u4e0d\u662f\u591c\u58f6\uff09|32\/100\n|\n|-weather|Snow|[upkeep]\n|-heal|p1a: \u591c\u72d0\uff08\u4e0d\u662f\u591c\u58f6\uff09|38\/100|[from] item: Leftovers\n|upkeep\n|turn|13\n|c|\u2606saigomm|\u628a\u7164\u70ad\u9f9f\u6539\u6210\u55b7\u706b\u9a7c\n|c|\u2606saigomm|\u80dc\u7387\u63d0\u9ad8\u4e00\u500d\n|\n|t:|1700544051\n|move|p1a: \u591c\u72d0\uff08\u4e0d\u662f\u591c\u58f6\uff09|Protect|p1a: \u591c\u72d0\uff08\u4e0d\u662f\u591c\u58f6\uff09\n|-singleturn|p1a: \u591c\u72d0\uff08\u4e0d\u662f\u591c\u58f6\uff09|Protect\n|move|p2a: Torkoal|Eruption|p1a: \u591c\u72d0\uff08\u4e0d\u662f\u591c\u58f6\uff09\n|-activate|p1a: \u591c\u72d0\uff08\u4e0d\u662f\u591c\u58f6\uff09|move: Protect\n|\n|-weather|Snow|[upkeep]\n|-heal|p1a: \u591c\u72d0\uff08\u4e0d\u662f\u591c\u58f6\uff09|44\/100|[from] item: Leftovers\n|-fieldend|move: Trick Room\n|upkeep\n|turn|14\n|c|\u2606lonely_small|\u55b7\u706b\u9a7c\u529b\u5ea6\u6839\u672c\u4e0d\u591f\u770b\n|\n|t:|1700544070\n|move|p1a: \u591c\u72d0\uff08\u4e0d\u662f\u591c\u58f6\uff09|Foul Play|p2a: Torkoal\n|-damage|p2a: Torkoal|81\/100\n|move|p2a: Torkoal|Eruption|p1a: \u591c\u72d0\uff08\u4e0d\u662f\u591c\u58f6\uff09\n|-damage|p1a: \u591c\u72d0\uff08\u4e0d\u662f\u591c\u58f6\uff09|0 fnt\n|faint|p1a: \u591c\u72d0\uff08\u4e0d\u662f\u591c\u58f6\uff09\n|\n|-weather|Snow|[upkeep]\n|upkeep\n|c|\u2606saigomm|mega\u7248\u7684\n|\n|t:|1700544081\n|switch|p1a: \u96ea\u72d0|Ninetales-Alola, M|100\/100\n|turn|15\n|c|\u2606lonely_small|\u5c31\u662f\u8bf4mega\n|c|\u2606saigomm|\u597d\u5427\n|c|\u2606lonely_small|\u6211\u4e4b\u524d\u7528\u7684\u8840\u6708\u718a\n|c|\u2606lonely_small|\u8fbe\u5230\u4e86k6\n|inactive|lonely_small has 120 seconds left.\n|c|\u2606lonely_small|\u8fd9\u4e2a\u662f\u5c0f\u53f7\n|\n|t:|1700544118\n|move|p1a: \u96ea\u72d0|Hyper Voice|p2a: Torkoal\n|-crit|p2a: Torkoal\n|-damage|p2a: Torkoal|0 fnt\n|faint|p2a: Torkoal\n|\n|-weather|Snow|[upkeep]\n|upkeep\n|\n|t:|1700544122\n|switch|p2a: Stakataka|Stakataka|100\/100\n|turn|16\n|c|\u2606saigomm|\u8981\u4e0d\u8981\u8ddf\u6211\u55b7\u706b\u9a7c\u6574\u4e00\u628a\uff1f\n|c|\u2606lonely_small|\u4e0d\u7528\u4e86\n|c|\u2606lonely_small|\u8fd9\u628a\u6253\u5b8c\u7761\u4e86\n|\n|t:|1700544144\n|move|p1a: \u96ea\u72d0|Flamethrower|p2a: Stakataka\n|-damage|p2a: Stakataka|70\/100\n|move|p2a: Stakataka|Heat Crash|p1a: \u96ea\u72d0\n|-damage|p1a: \u96ea\u72d0|6\/100\n|replace|p1a: \u767d\u72d0|Zoroark-Hisui, M\n|-end|p1a: \u767d\u72d0|Illusion\n|-damage|p2a: Stakataka|60\/100|[from] item: Life Orb\n|\n|-weather|none\n|upkeep\n|turn|17\n|\n|t:|1700544156\n|move|p1a: \u767d\u72d0|Flamethrower|p2a: Stakataka\n|-damage|p2a: Stakataka|30\/100\n|move|p2a: Stakataka|Heat Crash|p1a: \u767d\u72d0\n|-damage|p1a: \u767d\u72d0|0 fnt\n|faint|p1a: \u767d\u72d0\n|-ability|p2a: Stakataka|Beast Boost|boost\n|-boost|p2a: Stakataka|def|1\n|-damage|p2a: Stakataka|20\/100|[from] item: Life Orb\n|\n|upkeep\n|\n|t:|1700544160\n|switch|p1a: \u96ea\u72d0|Ninetales-Alola, M|100\/100\n|-weather|Snow|[from] ability: Snow Warning|[of] p1a: \u96ea\u72d0\n|turn|18\n|c|\u2606saigomm|\u4f60\u4e0d\u4f1a\u6ca1\u5e26\u5427\n|c|\u2606saigomm|\u90a3\u4e2a\u6280\u80fd\n|c|\u2606lonely_small|\u554a\uff1f\n|\n|t:|1700544182\n|move|p1a: \u96ea\u72d0|Encore|p2a: Stakataka\n|-start|p2a: Stakataka|Encore\n|move|p2a: Stakataka|Heat Crash|p1a: \u96ea\u72d0\n|-supereffective|p1a: \u96ea\u72d0\n|-damage|p1a: \u96ea\u72d0|27\/100\n|-damage|p2a: Stakataka|10\/100|[from] item: Life Orb\n|\n|-weather|Snow|[upkeep]\n|upkeep\n|turn|19\n|\n|t:|1700544200\n|move|p1a: \u96ea\u72d0|Moonblast|p2a: Stakataka\n|-resisted|p2a: Stakataka\n|-damage|p2a: Stakataka|0 fnt\n|faint|p2a: Stakataka\n|\n|win|saigomm\n|raw|saigomm's rating: 1427 &rarr; <strong>1442<\/strong><br \/>(+15 for winning)\n|raw|lonely_small's rating: 1338 &rarr; <strong>1323<\/strong><br \/>(-15 for losing)\n|c|\u2606saigomm|\u8d62\u54af\n|c|\u2606lonely_small|\u60b2\n|c|\u2606saigomm|\u72d0\u72f8\u961f\n|c|\u2606saigomm|\u54c8\u54c8\u54c8\n|c|\u2606saigomm|\u6709\u7f18\u518d\u89c1\n|c|\u2606lonely_small|\u8fd9\u65b0\u961f\u5c31\u662f\u4e0d\u884c\n|c|\u2606lonely_small|\u62dc\u62dc\n|c|\u2606lonely_small|\u545c\u545c\u545c\u6211\u7684\u718a\u54e5\n|c|\u2606saigomm|\u62dc\u62dc\n|l|\u2606saigomm\n","uploadtime":1700544243,"views":2,"p1id":"saigomm","p2id":"lonelysmall","formatid":"gen9nationaldex","rating":1323,"private":0,"password":""}