{"id":"gen9nationaldex-1994480067","p1":"dgosilva","p2":"psng","format":"[Gen 9] National Dex","log":"|j|\u2606dgosilva\n|j|\u2606psng\n|t:|1700448793\n|gametype|singles\n|player|p1|dgosilva|ash|1435\n|player|p2|psng|wallace|1497\n|teamsize|p1|6\n|teamsize|p2|6\n|gen|9\n|tier|[Gen 9] National Dex\n|rated|\n|rule|HP Percentage Mod: HP is shown in percentages\n|rule|Endless Battle Clause: Forcing endless battles is banned\n|rule|OHKO Clause: OHKO moves are banned\n|rule|Evasion Clause: Evasion abilities, items, and moves are banned\n|rule|Evasion Abilities Clause: Evasion abilities are banned\n|rule|Evasion Items Clause: Evasion items are banned\n|rule|Evasion Moves Clause: Evasion moves are banned\n|rule|Species Clause: Limit one of each Pok\u00e9mon\n|rule|Sleep Clause Mod: Limit one foe put to sleep\n|clearpoke\n|poke|p1|Venusaur, F|\n|poke|p1|Umbreon, F|\n|poke|p1|Arcanine-Hisui, F|\n|poke|p1|Kingdra, M|\n|poke|p1|Ninetales-Alola, F|\n|poke|p1|Weezing-Galar, M|\n|poke|p2|Pelipper, F|\n|poke|p2|Tapu Lele|\n|poke|p2|Swampert, M|\n|poke|p2|Greninja-*, M|\n|poke|p2|Zapdos|\n|poke|p2|Ferrothorn, M|\n|teampreview\n|inactive|Battle timer is ON: inactive players will automatically lose when time's up. (requested by psng)\n|\n|t:|1700448816\n|start\n|switch|p1a: Bulba Fett|Venusaur, F|100\/100\n|switch|p2a: Pelipper|Pelipper, F, shiny|100\/100\n|-weather|RainDance|[from] ability: Drizzle|[of] p2a: Pelipper\n|turn|1\n|\n|t:|1700448825\n|switch|p1a: Ninetales|Ninetales-Alola, F|100\/100\n|-weather|Snow|[from] ability: Snow Warning|[of] p1a: Ninetales\n|move|p2a: Pelipper|U-turn|p1a: Ninetales\n|-resisted|p1a: Ninetales\n|-damage|p1a: Ninetales|96\/100\n|\n|t:|1700448830\n|switch|p2a: Ferrothorn|Ferrothorn, M, shiny|100\/100|[from] U-turn\n|\n|-weather|Snow|[upkeep]\n|upkeep\n|turn|2\n|\n|t:|1700448837\n|move|p1a: Ninetales|Freeze-Dry|p2a: Ferrothorn\n|-damage|p2a: Ferrothorn|87\/100\n|move|p2a: Ferrothorn|Gyro Ball|p1a: Ninetales\n|-supereffective|p1a: Ninetales\n|-damage|p1a: Ninetales|0 fnt\n|faint|p1a: Ninetales\n|\n|-weather|Snow|[upkeep]\n|-heal|p2a: Ferrothorn|93\/100|[from] item: Leftovers\n|upkeep\n|\n|t:|1700448847\n|switch|p1a: Bulba Fett|Venusaur, F|100\/100\n|turn|3\n|\n|t:|1700448863\n|detailschange|p1a: Bulba Fett|Venusaur-Mega, F\n|-mega|p1a: Bulba Fett|Venusaur|Venusaurite\n|move|p1a: Bulba Fett|Hidden Power|p2a: Ferrothorn\n|-supereffective|p2a: Ferrothorn\n|-damage|p2a: Ferrothorn|34\/100\n|move|p2a: Ferrothorn|Stealth Rock|p1a: Bulba Fett\n|-sidestart|p1: dgosilva|move: Stealth Rock\n|\n|-weather|Snow|[upkeep]\n|-heal|p2a: Ferrothorn|40\/100|[from] item: Leftovers\n|upkeep\n|turn|4\n|\n|t:|1700448873\n|move|p2a: Ferrothorn|Protect|p2a: Ferrothorn\n|-singleturn|p2a: Ferrothorn|Protect\n|move|p1a: Bulba Fett|Giga Drain|p2a: Ferrothorn\n|-activate|p2a: Ferrothorn|move: Protect\n|\n|-weather|Snow|[upkeep]\n|-heal|p2a: Ferrothorn|46\/100|[from] item: Leftovers\n|upkeep\n|turn|5\n|\n|t:|1700448876\n|switch|p2a: Pelipper|Pelipper, F, shiny|100\/100\n|-weather|RainDance|[from] ability: Drizzle|[of] p2a: Pelipper\n|move|p1a: Bulba Fett|Hidden Power|p2a: Pelipper\n|-resisted|p2a: Pelipper\n|-damage|p2a: Pelipper|93\/100\n|\n|-weather|RainDance|[upkeep]\n|upkeep\n|turn|6\n|\n|t:|1700448881\n|switch|p1a: My old friend|Umbreon, F|100\/100\n|-damage|p1a: My old friend|88\/100|[from] Stealth Rock\n|move|p2a: Pelipper|U-turn|p1a: My old friend\n|-supereffective|p1a: My old friend\n|-damage|p1a: My old friend|75\/100\n|\n|t:|1700448888\n|switch|p2a: Swampert|Swampert, M, shiny|100\/100|[from] U-turn\n|\n|-weather|RainDance|[upkeep]\n|-heal|p1a: My old friend|81\/100|[from] item: Leftovers\n|upkeep\n|turn|7\n|\n|t:|1700448893\n|detailschange|p2a: Swampert|Swampert-Mega, M, shiny\n|-mega|p2a: Swampert|Swampert|Swampertite\n|move|p2a: Swampert|Flip Turn|p1a: My old friend\n|-damage|p1a: My old friend|41\/100\n|\n|t:|1700448900\n|switch|p2a: Ferrothorn|Ferrothorn, M, shiny|46\/100|[from] Flip Turn\n|move|p1a: My old friend|Toxic|p2a: Ferrothorn\n|-immune|p2a: Ferrothorn\n|\n|-weather|RainDance|[upkeep]\n|-heal|p1a: My old friend|47\/100|[from] item: Leftovers\n|-heal|p2a: Ferrothorn|51\/100|[from] item: Leftovers\n|upkeep\n|turn|8\n|\n|t:|1700448915\n|move|p1a: My old friend|Protect|p1a: My old friend\n|-singleturn|p1a: My old friend|Protect\n|move|p2a: Ferrothorn|Gyro Ball|p1a: My old friend\n|-activate|p1a: My old friend|move: Protect\n|\n|-weather|RainDance|[upkeep]\n|-heal|p1a: My old friend|53\/100|[from] item: Leftovers\n|-heal|p2a: Ferrothorn|57\/100|[from] item: Leftovers\n|upkeep\n|turn|9\n|\n|t:|1700448920\n|move|p1a: My old friend|Wish|p1a: My old friend\n|move|p2a: Ferrothorn|Gyro Ball|p1a: My old friend\n|-damage|p1a: My old friend|30\/100\n|\n|-weather|RainDance|[upkeep]\n|-heal|p1a: My old friend|36\/100|[from] item: Leftovers\n|-heal|p2a: Ferrothorn|63\/100|[from] item: Leftovers\n|upkeep\n|turn|10\n|\n|t:|1700448931\n|switch|p1a: Sir Farts'alot|Weezing-Galar, M|100\/100\n|-damage|p1a: Sir Farts'alot|88\/100|[from] Stealth Rock\n|move|p2a: Ferrothorn|Leech Seed|p1a: Sir Farts'alot\n|-start|p1a: Sir Farts'alot|move: Leech Seed\n|\n|-weather|RainDance|[upkeep]\n|-heal|p1a: Sir Farts'alot|100\/100|[from] move: Wish|[wisher] My old friend\n|-heal|p2a: Ferrothorn|69\/100|[from] item: Leftovers\n|-damage|p1a: Sir Farts'alot|88\/100|[from] Leech Seed|[of] p2a: Ferrothorn\n|-heal|p2a: Ferrothorn|79\/100|[silent]\n|upkeep\n|turn|11\n|\n|t:|1700448939\n|move|p1a: Sir Farts'alot|Defog|p2a: Ferrothorn\n|-unboost|p2a: Ferrothorn|evasion|1\n|-sideend|p1: dgosilva|Stealth Rock|[from] move: Defog|[of] p1a: Sir Farts'alot\n|move|p2a: Ferrothorn|Gyro Ball|p1a: Sir Farts'alot\n|-supereffective|p1a: Sir Farts'alot\n|-damage|p1a: Sir Farts'alot|35\/100\n|\n|-weather|RainDance|[upkeep]\n|-heal|p1a: Sir Farts'alot|41\/100|[from] item: Black Sludge\n|-heal|p2a: Ferrothorn|85\/100|[from] item: Leftovers\n|-damage|p1a: Sir Farts'alot|29\/100|[from] Leech Seed|[of] p2a: Ferrothorn\n|-heal|p2a: Ferrothorn|94\/100|[silent]\n|upkeep\n|turn|12\n|\n|t:|1700448948\n|move|p1a: Sir Farts'alot|Will-O-Wisp|p2a: Ferrothorn\n|-status|p2a: Ferrothorn|brn\n|move|p2a: Ferrothorn|Stealth Rock|p1a: Sir Farts'alot\n|-sidestart|p1: dgosilva|move: Stealth Rock\n|\n|-weather|none\n|-heal|p1a: Sir Farts'alot|35\/100|[from] item: Black Sludge\n|-heal|p2a: Ferrothorn|99\/100 brn|[from] item: Leftovers\n|-damage|p1a: Sir Farts'alot|23\/100|[from] Leech Seed|[of] p2a: Ferrothorn\n|-heal|p2a: Ferrothorn|100\/100 brn|[silent]\n|-damage|p2a: Ferrothorn|95\/100 brn|[from] brn\n|upkeep\n|turn|13\n|\n|t:|1700448961\n|switch|p2a: Pelipper|Pelipper, F, shiny|93\/100\n|-weather|RainDance|[from] ability: Drizzle|[of] p2a: Pelipper\n|move|p1a: Sir Farts'alot|Defog|p2a: Pelipper\n|-unboost|p2a: Pelipper|evasion|1\n|-sideend|p1: dgosilva|Stealth Rock|[from] move: Defog|[of] p1a: Sir Farts'alot\n|\n|-weather|RainDance|[upkeep]\n|-heal|p1a: Sir Farts'alot|29\/100|[from] item: Black Sludge\n|-damage|p1a: Sir Farts'alot|16\/100|[from] Leech Seed|[of] p2a: Pelipper\n|-heal|p2a: Pelipper|100\/100|[silent]\n|upkeep\n|turn|14\n|\n|t:|1700448966\n|switch|p1a: Bulba Fett|Venusaur-Mega, F|100\/100\n|move|p2a: Pelipper|U-turn|p1a: Bulba Fett\n|-crit|p1a: Bulba Fett\n|-damage|p1a: Bulba Fett|89\/100\n|\n|t:|1700448971\n|switch|p2a: Zapdos|Zapdos, shiny|100\/100|[from] U-turn\n|\n|-weather|RainDance|[upkeep]\n|upkeep\n|turn|15\n|\n|t:|1700448978\n|move|p2a: Zapdos|Hurricane|p1a: Bulba Fett\n|-supereffective|p1a: Bulba Fett\n|-damage|p1a: Bulba Fett|0 fnt\n|faint|p1a: Bulba Fett\n|\n|-weather|RainDance|[upkeep]\n|upkeep\n|\n|t:|1700448986\n|switch|p1a: My old friend|Umbreon, F|36\/100\n|turn|16\n|\n|t:|1700448990\n|move|p1a: My old friend|Protect|p1a: My old friend\n|-singleturn|p1a: My old friend|Protect\n|move|p2a: Zapdos|Hurricane|p1a: My old friend\n|-activate|p1a: My old friend|move: Protect\n|\n|-weather|RainDance|[upkeep]\n|-heal|p1a: My old friend|42\/100|[from] item: Leftovers\n|upkeep\n|turn|17\n|\n|t:|1700448999\n|switch|p1a: Arcanine|Arcanine-Hisui, F|100\/100\n|move|p2a: Zapdos|U-turn|p1a: Arcanine\n|-resisted|p1a: Arcanine\n|-damage|p1a: Arcanine|92\/100\n|\n|t:|1700449002\n|switch|p2a: Swampert|Swampert-Mega, M, shiny|100\/100|[from] U-turn\n|\n|-weather|RainDance|[upkeep]\n|upkeep\n|turn|18\n|\n|t:|1700449012\n|switch|p1a: Sir Farts'alot|Weezing-Galar, M|16\/100\n|move|p2a: Swampert|Flip Turn|p1a: Sir Farts'alot\n|-damage|p1a: Sir Farts'alot|0 fnt\n|faint|p1a: Sir Farts'alot\n|\n|t:|1700449024\n|switch|p2a: Tapu Lele|Tapu Lele, shiny|100\/100|[from] Flip Turn\n|-fieldstart|move: Psychic Terrain|[from] ability: Psychic Surge|[of] p2a: Tapu Lele\n|\n|-weather|RainDance|[upkeep]\n|upkeep\n|\n|t:|1700449033\n|switch|p1a: My old friend|Umbreon, F|42\/100\n|turn|19\n|\n|t:|1700449036\n|move|p1a: My old friend|Protect|p1a: My old friend\n|-singleturn|p1a: My old friend|Protect\n|move|p2a: Tapu Lele|Moonblast|p1a: My old friend\n|-activate|p1a: My old friend|move: Protect\n|\n|-weather|RainDance|[upkeep]\n|-heal|p1a: My old friend|48\/100|[from] item: Leftovers\n|upkeep\n|turn|20\n|\n|t:|1700449053\n|-terastallize|p1a: My old friend|Poison\n|move|p2a: Tapu Lele|Moonblast|p1a: My old friend\n|-resisted|p1a: My old friend\n|-damage|p1a: My old friend|32\/100\n|move|p1a: My old friend|Toxic|p2a: Tapu Lele\n|-status|p2a: Tapu Lele|tox\n|\n|-weather|none\n|-heal|p1a: My old friend|38\/100|[from] item: Leftovers\n|-damage|p2a: Tapu Lele|94\/100 tox|[from] psn\n|upkeep\n|turn|21\n|\n|t:|1700449061\n|switch|p2a: Pelipper|Pelipper, F, shiny|100\/100\n|-weather|RainDance|[from] ability: Drizzle|[of] p2a: Pelipper\n|move|p1a: My old friend|Protect||[still]\n|-fail|p1a: My old friend\n|\n|-weather|RainDance|[upkeep]\n|-heal|p1a: My old friend|44\/100|[from] item: Leftovers\n|upkeep\n|turn|22\n|\n|t:|1700449064\n|move|p1a: My old friend|Wish|p1a: My old friend\n|move|p2a: Pelipper|U-turn|p1a: My old friend\n|-resisted|p1a: My old friend\n|-damage|p1a: My old friend|41\/100\n|\n|t:|1700449070\n|switch|p2a: Ferrothorn|Ferrothorn, M, shiny|95\/100 brn|[from] U-turn\n|\n|-weather|RainDance|[upkeep]\n|-heal|p1a: My old friend|47\/100|[from] item: Leftovers\n|-heal|p2a: Ferrothorn|100\/100 brn|[from] item: Leftovers\n|-damage|p2a: Ferrothorn|95\/100 brn|[from] brn\n|-fieldend|move: Psychic Terrain\n|upkeep\n|turn|23\n|\n|t:|1700449075\n|switch|p1a: Arcanine|Arcanine-Hisui, F|92\/100\n|move|p2a: Ferrothorn|Stealth Rock|p1a: Arcanine\n|-sidestart|p1: dgosilva|move: Stealth Rock\n|\n|-weather|RainDance|[upkeep]\n|-heal|p1a: Arcanine|100\/100|[from] move: Wish|[wisher] My old friend\n|-heal|p2a: Ferrothorn|100\/100 brn|[from] item: Leftovers\n|-damage|p2a: Ferrothorn|95\/100 brn|[from] brn\n|upkeep\n|turn|24\n|\n|t:|1700449083\n|move|p1a: Arcanine|Close Combat|p2a: Ferrothorn\n|-supereffective|p2a: Ferrothorn\n|-damage|p2a: Ferrothorn|7\/100 brn\n|-unboost|p1a: Arcanine|def|1\n|-unboost|p1a: Arcanine|spd|1\n|-damage|p1a: Arcanine|88\/100|[from] ability: Iron Barbs|[of] p2a: Ferrothorn\n|-damage|p1a: Arcanine|78\/100|[from] item: Life Orb\n|move|p2a: Ferrothorn|Leech Seed|p1a: Arcanine\n|-start|p1a: Arcanine|move: Leech Seed\n|\n|-weather|RainDance|[upkeep]\n|-heal|p2a: Ferrothorn|13\/100 brn|[from] item: Leftovers\n|-damage|p1a: Arcanine|66\/100|[from] Leech Seed|[of] p2a: Ferrothorn\n|-heal|p2a: Ferrothorn|25\/100 brn|[silent]\n|-damage|p2a: Ferrothorn|19\/100 brn|[from] brn\n|upkeep\n|turn|25\n|\n|t:|1700449100\n|switch|p1a: My old friend|Umbreon, F, tera:Poison|47\/100\n|-damage|p1a: My old friend|35\/100|[from] Stealth Rock\n|move|p2a: Ferrothorn|Gyro Ball|p1a: My old friend\n|-damage|p1a: My old friend|23\/100\n|\n|-weather|RainDance|[upkeep]\n|-heal|p1a: My old friend|29\/100|[from] item: Leftovers\n|-heal|p2a: Ferrothorn|25\/100 brn|[from] item: Leftovers\n|-damage|p2a: Ferrothorn|19\/100 brn|[from] brn\n|upkeep\n|turn|26\n|\n|t:|1700449109\n|move|p1a: My old friend|Wish|p1a: My old friend\n|move|p2a: Ferrothorn|Leech Seed|p1a: My old friend\n|-start|p1a: My old friend|move: Leech Seed\n|\n|-weather|RainDance|[upkeep]\n|-heal|p1a: My old friend|36\/100|[from] item: Leftovers\n|-heal|p2a: Ferrothorn|25\/100 brn|[from] item: Leftovers\n|-damage|p1a: My old friend|23\/100|[from] Leech Seed|[of] p2a: Ferrothorn\n|-heal|p2a: Ferrothorn|39\/100 brn|[silent]\n|-damage|p2a: Ferrothorn|33\/100 brn|[from] brn\n|upkeep\n|turn|27\n|\n|t:|1700449117\n|move|p1a: My old friend|Foul Play|p2a: Ferrothorn\n|-damage|p2a: Ferrothorn|8\/100 brn\n|-damage|p1a: My old friend|11\/100|[from] ability: Iron Barbs|[of] p2a: Ferrothorn\n|move|p2a: Ferrothorn|Gyro Ball|p1a: My old friend\n|-damage|p1a: My old friend|0 fnt\n|faint|p1a: My old friend\n|\n|-weather|RainDance|[upkeep]\n|-heal|p2a: Ferrothorn|14\/100 brn|[from] item: Leftovers\n|-damage|p2a: Ferrothorn|8\/100 brn|[from] brn\n|upkeep\n|\n|t:|1700449127\n|switch|p1a: Kingdra|Kingdra, M|100\/100\n|-damage|p1a: Kingdra|88\/100|[from] Stealth Rock\n|turn|28\n|\n|t:|1700449135\n|move|p1a: Kingdra|Scale Shot|p2a: Ferrothorn\n|-resisted|p2a: Ferrothorn\n|-damage|p2a: Ferrothorn|5\/100 brn\n|-resisted|p2a: Ferrothorn\n|-damage|p2a: Ferrothorn|2\/100 brn\n|-resisted|p2a: Ferrothorn\n|-damage|p2a: Ferrothorn|0 fnt\n|faint|p2a: Ferrothorn\n|-hitcount|p2: Ferrothorn|3\n|-unboost|p1a: Kingdra|def|1\n|-boost|p1a: Kingdra|spe|1\n|\n|-weather|none\n|upkeep\n|\n|t:|1700449144\n|switch|p2a: Tapu Lele|Tapu Lele, shiny|94\/100 tox\n|-fieldstart|move: Psychic Terrain|[from] ability: Psychic Surge|[of] p2a: Tapu Lele\n|turn|29\n|\n|t:|1700449150\n|move|p2a: Tapu Lele|Moonblast|p1a: Kingdra\n|-supereffective|p1a: Kingdra\n|-damage|p1a: Kingdra|0 fnt\n|faint|p1a: Kingdra\n|\n|-damage|p2a: Tapu Lele|88\/100 tox|[from] psn\n|upkeep\n|-message|dgosilva forfeited.\n|\n|win|psng\n|raw|dgosilva's rating: 1435 &rarr; <strong>1419<\/strong><br \/>(-16 for losing)\n|raw|psng's rating: 1497 &rarr; <strong>1513<\/strong><br \/>(+16 for winning)\n|l|\u2606dgosilva\n","uploadtime":1700449156,"views":4,"p1id":"dgosilva","p2id":"psng","formatid":"gen9nationaldex","rating":1419,"private":0,"password":""}