{"id":"gen9nationaldex-1996420463","p1":"Shelmett","p2":"Oskarkoks","format":"[Gen 9] National Dex","log":"|html|<div class=\"broadcast-blue\"><strong>[Gen 9] National Dex is currently suspecting Sneasler! For information on how to participate check out the <a href=\"https:\/\/www.smogon.com\/forums\/threads\/sv-national-dex-suspect-8-just-dance.3731534\/\">suspect thread<\/a>.<\/strong><\/div>\n|j|\u2606Shelmett\n|j|\u2606Oskarkoks\n|t:|1700680317\n|gametype|singles\n|player|p1|Shelmett|roxie|1000\n|player|p2|Oskarkoks|flannery|1056\n|teamsize|p1|6\n|teamsize|p2|6\n|gen|9\n|tier|[Gen 9] National Dex\n|rated|\n|rule|HP Percentage Mod: HP is shown in percentages\n|rule|Endless Battle Clause: Forcing endless battles is banned\n|rule|OHKO Clause: OHKO moves are banned\n|rule|Evasion Clause: Evasion abilities, items, and moves are banned\n|rule|Evasion Abilities Clause: Evasion abilities are banned\n|rule|Evasion Items Clause: Evasion items are banned\n|rule|Evasion Moves Clause: Evasion moves are banned\n|rule|Species Clause: Limit one of each Pok\u00e9mon\n|rule|Sleep Clause Mod: Limit one foe put to sleep\n|clearpoke\n|poke|p1|Meganium, M|\n|poke|p1|Cresselia, F|\n|poke|p1|Delibird, F|\n|poke|p1|Pidgeot, M|\n|poke|p1|Alomomola, M|\n|poke|p1|Seaking, M|\n|poke|p2|Lopunny, M|\n|poke|p2|Quagsire, F|\n|poke|p2|Zangoose, M|\n|poke|p2|Lucario, F|\n|poke|p2|Emolga, M|\n|poke|p2|Ribombee, M|\n|teampreview\n|inactive|Battle timer is ON: inactive players will automatically lose when time's up. (requested by Oskarkoks)\n|\n|t:|1700680361\n|start\n|switch|p1a: Pidgeot|Pidgeot, M|100\/100\n|switch|p2a: Ribombee|Ribombee, M|100\/100\n|turn|1\n|\n|t:|1700680368\n|switch|p2a: Emolga|Emolga, M|100\/100\n|detailschange|p1a: Pidgeot|Pidgeot-Mega, M\n|-mega|p1a: Pidgeot|Pidgeot|Pidgeotite\n|move|p1a: Pidgeot|Hurricane|p2a: Emolga\n|-resisted|p2a: Emolga\n|-damage|p2a: Emolga|42\/100\n|\n|upkeep\n|turn|2\n|\n|t:|1700680375\n|move|p1a: Pidgeot|Hurricane|p2a: Emolga\n|-resisted|p2a: Emolga\n|-damage|p2a: Emolga|0 fnt\n|faint|p2a: Emolga\n|\n|upkeep\n|\n|t:|1700680378\n|switch|p2a: Zangoose|Zangoose, M|100\/100\n|turn|3\n|\n|t:|1700680406\n|move|p1a: Pidgeot|Hurricane|p2a: Zangoose\n|-damage|p2a: Zangoose|2\/100\n|move|p2a: Zangoose|Crush Claw|p1a: Pidgeot\n|-damage|p1a: Pidgeot|44\/100\n|-unboost|p1a: Pidgeot|def|1\n|\n|-status|p2a: Zangoose|tox|[from] item: Toxic Orb\n|upkeep\n|turn|4\n|\n|t:|1700680419\n|switch|p1a: Cresselia|Cresselia, F|100\/100\n|move|p2a: Zangoose|Crush Claw|p1a: Cresselia\n|-damage|p1a: Cresselia|60\/100\n|\n|-heal|p1a: Cresselia|66\/100|[from] item: Leftovers\n|-damage|p2a: Zangoose|0 fnt|[from] psn\n|faint|p2a: Zangoose\n|upkeep\n|\n|t:|1700680428\n|switch|p2a: Ribombee|Ribombee, M|100\/100\n|turn|5\n|\n|t:|1700680441\n|move|p2a: Ribombee|Bug Buzz|p1a: Cresselia\n|-supereffective|p1a: Cresselia\n|-damage|p1a: Cresselia|13\/100\n|move|p1a: Cresselia|Calm Mind|p1a: Cresselia\n|-boost|p1a: Cresselia|spa|1\n|-boost|p1a: Cresselia|spd|1\n|\n|-heal|p1a: Cresselia|19\/100|[from] item: Leftovers\n|upkeep\n|turn|6\n|\n|t:|1700680446\n|move|p2a: Ribombee|Bug Buzz|p1a: Cresselia\n|-supereffective|p1a: Cresselia\n|-damage|p1a: Cresselia|0 fnt\n|faint|p1a: Cresselia\n|\n|upkeep\n|\n|t:|1700680453\n|switch|p1a: Pidgeot|Pidgeot-Mega, M|44\/100\n|turn|7\n|\n|t:|1700680460\n|move|p2a: Ribombee|Dazzling Gleam|p1a: Pidgeot\n|-damage|p1a: Pidgeot|2\/100\n|move|p1a: Pidgeot|Hurricane|p2a: Ribombee\n|-supereffective|p2a: Ribombee\n|-enditem|p2a: Ribombee|Focus Sash\n|-damage|p2a: Ribombee|1\/100\n|\n|upkeep\n|turn|8\n|\n|t:|1700680471\n|switch|p1a: Alomomola|Alomomola, M|100\/100\n|move|p2a: Ribombee|Dazzling Gleam|p1a: Alomomola\n|-damage|p1a: Alomomola|59\/100\n|\n|upkeep\n|turn|9\n|\n|t:|1700680492\n|switch|p2a: Lucario|Lucario, F|100\/100\n|move|p1a: Alomomola|Aqua Jet|p2a: Lucario\n|-damage|p2a: Lucario|74\/100\n|\n|upkeep\n|turn|10\n|\n|t:|1700680497\n|move|p2a: Lucario|Swords Dance|p2a: Lucario\n|-boost|p2a: Lucario|atk|2\n|-enditem|p1a: Alomomola|Mirror Herb\n|-boost|p1a: Alomomola|atk|2|[from] item: Mirror Herb\n|move|p1a: Alomomola|Swagger|p2a: Lucario\n|-boost|p2a: Lucario|atk|2\n|-start|p2a: Lucario|confusion\n|\n|upkeep\n|turn|11\n|\n|t:|1700680508\n|-terastallize|p2a: Lucario|Normal\n|-activate|p2a: Lucario|confusion\n|move|p2a: Lucario|Extreme Speed|p1a: Alomomola\n|-damage|p1a: Alomomola|0 fnt\n|faint|p1a: Alomomola\n|-damage|p2a: Lucario|64\/100|[from] item: Life Orb\n|\n|upkeep\n|\n|t:|1700680519\n|switch|p1a: Meganium|Meganium, M|100\/100\n|turn|12\n|\n|t:|1700680523\n|-end|p2a: Lucario|confusion\n|move|p2a: Lucario|Extreme Speed|p1a: Meganium\n|-damage|p1a: Meganium|0 fnt\n|faint|p1a: Meganium\n|-damage|p2a: Lucario|54\/100|[from] item: Life Orb\n|\n|upkeep\n|\n|t:|1700680529\n|switch|p1a: Seaking|Seaking, M|100\/100\n|turn|13\n|\n|t:|1700680533\n|move|p2a: Lucario|Extreme Speed|p1a: Seaking\n|-damage|p1a: Seaking|0 fnt\n|faint|p1a: Seaking\n|-damage|p2a: Lucario|44\/100|[from] item: Life Orb\n|\n|upkeep\n|\n|t:|1700680535\n|switch|p1a: Delibird|Delibird, F|100\/100\n|turn|14\n|\n|t:|1700680541\n|move|p2a: Lucario|Extreme Speed|p1a: Delibird\n|-damage|p1a: Delibird|0 fnt\n|faint|p1a: Delibird\n|-damage|p2a: Lucario|34\/100|[from] item: Life Orb\n|\n|upkeep\n|\n|t:|1700680543\n|switch|p1a: Pidgeot|Pidgeot-Mega, M|2\/100\n|turn|15\n|\n|t:|1700680546\n|move|p2a: Lucario|Bullet Punch|p1a: Pidgeot\n|-damage|p1a: Pidgeot|0 fnt\n|faint|p1a: Pidgeot\n|-damage|p2a: Lucario|24\/100|[from] item: Life Orb\n|\n|win|Oskarkoks\n|raw|Shelmett's rating: 1000 &rarr; <strong>1000<\/strong><br \/>(+0 for losing)\n|raw|Oskarkoks's rating: 1056 &rarr; <strong>1083<\/strong><br \/>(+27 for winning)\n|l|\u2606Shelmett\n","uploadtime":1700680558,"views":8,"p1id":"shelmett","p2id":"oskarkoks","formatid":"gen9nationaldex","rating":1000,"private":0,"password":""}