{"id":"gen9nationaldex-2000389447","p1":"asedgwergdsg","p2":"aaaaaaaaasscc","format":"[Gen 9] National Dex","log":"|html|<div class=\"broadcast-blue\"><strong>[Gen 9] National Dex is currently suspecting Sneasler! For information on how to participate check out the <a href=\"https:\/\/www.smogon.com\/forums\/threads\/sv-national-dex-suspect-8-just-dance.3731534\/\">suspect thread<\/a>.<\/strong><\/div>\n|j|\u2606asedgwergdsg\n|j|\u2606aaaaaaaaasscc\n|t:|1701190723\n|gametype|singles\n|player|p1|asedgwergdsg|hilbert-wonderlauncher|1000\n|player|p2|aaaaaaaaasscc|benga|1000\n|teamsize|p1|6\n|teamsize|p2|6\n|gen|9\n|tier|[Gen 9] National Dex\n|rated|\n|rule|HP Percentage Mod: HP is shown in percentages\n|rule|Endless Battle Clause: Forcing endless battles is banned\n|rule|OHKO Clause: OHKO moves are banned\n|rule|Evasion Clause: Evasion abilities, items, and moves are banned\n|rule|Evasion Abilities Clause: Evasion abilities are banned\n|rule|Evasion Items Clause: Evasion items are banned\n|rule|Evasion Moves Clause: Evasion moves are banned\n|rule|Species Clause: Limit one of each Pok\u00e9mon\n|rule|Sleep Clause Mod: Limit one foe put to sleep\n|clearpoke\n|poke|p1|Shuckle, F|\n|poke|p1|Gliscor, M|\n|poke|p1|Kartana|\n|poke|p1|Toxapex, M|\n|poke|p1|Zoroark-Hisui, M|\n|poke|p1|Mimikyu, M|\n|poke|p2|Greninja-*, M|\n|poke|p2|Tapu Lele|\n|poke|p2|Latios, M|\n|poke|p2|Shuckle, M|\n|poke|p2|Kartana|\n|poke|p2|Pikachu, M|\n|teampreview\n|\n|t:|1701190730\n|start\n|switch|p1a: Shuckle|Shuckle, F, shiny|100\/100\n|switch|p2a: Shuckle|Shuckle, M|100\/100\n|turn|1\n|\n|t:|1701190736\n|move|p2a: Shuckle|Knock Off|p1a: Shuckle\n|-damage|p1a: Shuckle|97\/100\n|-enditem|p1a: Shuckle|Mental Herb|[from] move: Knock Off|[of] p2a: Shuckle\n|move|p1a: Shuckle|Sticky Web|p2a: Shuckle\n|-sidestart|p2: aaaaaaaaasscc|move: Sticky Web\n|\n|upkeep\n|turn|2\n|\n|t:|1701190741\n|move|p2a: Shuckle|Encore|p1a: Shuckle\n|-start|p1a: Shuckle|Encore\n|move|p1a: Shuckle|Sticky Web||[still]\n|-fail|p1a: Shuckle\n|\n|upkeep\n|turn|3\n|\n|t:|1701190750\n|switch|p1a: Toxapex|Toxapex, M|100\/100\n|move|p2a: Shuckle|Sticky Web|p1a: Toxapex\n|-sidestart|p1: asedgwergdsg|move: Sticky Web\n|\n|upkeep\n|turn|4\n|\n|t:|1701190755\n|move|p1a: Toxapex|Scald|p2a: Shuckle\n|-supereffective|p2a: Shuckle\n|-damage|p2a: Shuckle|81\/100\n|move|p2a: Shuckle|Knock Off|p1a: Toxapex\n|-damage|p1a: Toxapex|97\/100\n|-enditem|p1a: Toxapex|Black Sludge|[from] move: Knock Off|[of] p2a: Shuckle\n|\n|upkeep\n|turn|5\n|\n|t:|1701190763\n|move|p1a: Toxapex|Toxic|p2a: Shuckle\n|-status|p2a: Shuckle|tox\n|move|p2a: Shuckle|Encore|p1a: Toxapex\n|-start|p1a: Toxapex|Encore\n|\n|-damage|p2a: Shuckle|75\/100 tox|[from] psn\n|upkeep\n|turn|6\n|\n|t:|1701190776\n|switch|p1a: Shuckle|Shuckle, F, shiny|97\/100\n|-activate|p1a: Shuckle|move: Sticky Web\n|-unboost|p1a: Shuckle|spe|1\n|move|p2a: Shuckle|Knock Off|p1a: Shuckle\n|-damage|p1a: Shuckle|95\/100\n|\n|-damage|p2a: Shuckle|62\/100 tox|[from] psn\n|upkeep\n|turn|7\n|\n|t:|1701190791\n|move|p2a: Shuckle|Knock Off|p1a: Shuckle\n|-damage|p1a: Shuckle|92\/100\n|move|p1a: Shuckle|Encore|p2a: Shuckle\n|-start|p2a: Shuckle|Encore\n|\n|-damage|p2a: Shuckle|44\/100 tox|[from] psn\n|upkeep\n|turn|8\n|\n|t:|1701190798\n|move|p2a: Shuckle|Knock Off|p1a: Shuckle\n|-damage|p1a: Shuckle|90\/100\n|move|p1a: Shuckle|Stealth Rock|p2a: Shuckle\n|-sidestart|p2: aaaaaaaaasscc|move: Stealth Rock\n|\n|-damage|p2a: Shuckle|19\/100 tox|[from] psn\n|upkeep\n|turn|9\n|\n|t:|1701190808\n|move|p2a: Shuckle|Knock Off|p1a: Shuckle\n|-damage|p1a: Shuckle|87\/100\n|move|p1a: Shuckle|Stealth Rock||[still]\n|-fail|p1a: Shuckle\n|\n|-damage|p2a: Shuckle|0 fnt|[from] psn\n|faint|p2a: Shuckle\n|upkeep\n|\n|t:|1701190816\n|switch|p2a: Greninja|Greninja, M|100\/100\n|-activate|p2a: Greninja|move: Sticky Web\n|-unboost|p2a: Greninja|spe|1\n|-damage|p2a: Greninja|88\/100|[from] Stealth Rock\n|turn|10\n|\n|t:|1701190825\n|-terastallize|p2a: Greninja|Water\n|move|p2a: Greninja|Water Shuriken|p1a: Shuckle\n|-supereffective|p1a: Shuckle\n|-damage|p1a: Shuckle|73\/100\n|-supereffective|p1a: Shuckle\n|-damage|p1a: Shuckle|58\/100\n|-hitcount|p1a: Shuckle|2\n|move|p1a: Shuckle|Final Gambit|p2a: Greninja\n|-damage|p2a: Greninja|39\/100\n|faint|p1a: Shuckle\n|\n|upkeep\n|\n|t:|1701190835\n|switch|p1a: Mimikyu|Mimikyu, M, shiny|100\/100\n|-activate|p1a: Mimikyu|move: Sticky Web\n|-unboost|p1a: Mimikyu|spe|1\n|turn|11\n|\n|t:|1701190840\n|move|p2a: Greninja|Dark Pulse|p1a: Mimikyu\n|-supereffective|p1a: Mimikyu\n|-damage|p1a: Mimikyu|0 fnt\n|replace|p1a: Zoroark|Zoroark-Hisui, M, shiny\n|-end|p1a: Zoroark|Illusion\n|faint|p1a: Zoroark\n|-ability|p2a: Greninja|Battle Bond|boost\n|-boost|p2a: Greninja|atk|1\n|-boost|p2a: Greninja|spa|1\n|-boost|p2a: Greninja|spe|1\n|-activate|p2a: Greninja|ability: Battle Bond\n|\n|upkeep\n|\n|t:|1701190850\n|switch|p1a: Kartana|Kartana|100\/100\n|-activate|p1a: Kartana|move: Sticky Web\n|-unboost|p1a: Kartana|spe|1\n|turn|12\n|\n|t:|1701190854\n|move|p2a: Greninja|Ice Beam|p1a: Kartana\n|-damage|p1a: Kartana|0 fnt\n|faint|p1a: Kartana\n|\n|upkeep\n|-message|asedgwergdsg forfeited.\n|\n|win|aaaaaaaaasscc\n|raw|asedgwergdsg's rating: 1000 &rarr; <strong>1000<\/strong><br \/>(+0 for losing)\n|raw|aaaaaaaaasscc's rating: 1000 &rarr; <strong>1040<\/strong><br \/>(+40 for winning)\n|l|\u2606asedgwergdsg\n","uploadtime":1701190863,"views":11,"p1id":"asedgwergdsg","p2id":"aaaaaaaaasscc","formatid":"gen9nationaldex","rating":1000,"private":0,"password":""}