{"id":"gen9nationaldex-1993972702","p1":"SUPER LARIAL","p2":"baigu","format":"[Gen 9] National Dex","log":"|j|\u2606SUPER LARIAL\n|j|\u2606baigu\n|t:|1700385878\n|gametype|singles\n|player|p1|SUPER LARIAL|clown|1641\n|player|p2|baigu|dawn-gen4pt|1825\n|teamsize|p1|6\n|teamsize|p2|6\n|gen|9\n|tier|[Gen 9] National Dex\n|rated|\n|rule|HP Percentage Mod: HP is shown in percentages\n|rule|Endless Battle Clause: Forcing endless battles is banned\n|rule|OHKO Clause: OHKO moves are banned\n|rule|Evasion Clause: Evasion abilities, items, and moves are banned\n|rule|Evasion Abilities Clause: Evasion abilities are banned\n|rule|Evasion Items Clause: Evasion items are banned\n|rule|Evasion Moves Clause: Evasion moves are banned\n|rule|Species Clause: Limit one of each Pok\u00e9mon\n|rule|Sleep Clause Mod: Limit one foe put to sleep\n|clearpoke\n|poke|p1|Dondozo, F|\n|poke|p1|Garganacl, F|\n|poke|p1|Banette, F|\n|poke|p1|Pawmot, F|\n|poke|p1|Iron Valiant|\n|poke|p1|Smeargle, F|\n|poke|p2|Ursaluna, M|\n|poke|p2|Dragonite, M|\n|poke|p2|Slowking, M|\n|poke|p2|Tapu Koko|\n|poke|p2|Hoopa-Unbound|\n|poke|p2|Great Tusk|\n|teampreview\n|\n|t:|1700385892\n|start\n|switch|p1a: Thurmund|Smeargle, F|100\/100\n|switch|p2a: Tapu Koko|Tapu Koko|100\/100\n|-fieldstart|move: Electric Terrain|[from] ability: Electric Surge|[of] p2a: Tapu Koko\n|turn|1\n|j| Ghha\n|\n|t:|1700385905\n|move|p1a: Thurmund|Spore|p2a: Tapu Koko\n|-activate|p2a: Tapu Koko|move: Electric Terrain\n|move|p2a: Tapu Koko|Volt Switch|p1a: Thurmund\n|-damage|p1a: Thurmund|0 fnt\n|faint|p1a: Thurmund\n|l| Ghha\n|c|\u2606SUPER LARIAL|hbilyihiiygtfrdtgcfhvgjbhkjkl;'\n|\n|t:|1700385928\n|switch|p2a: Great Tusk|Great Tusk|100\/100|[from] Volt Switch\n|\n|upkeep\n|\n|t:|1700385934\n|switch|p1a: 3D Squeldon|Iron Valiant|100\/100\n|-activate|p1a: 3D Squeldon|ability: Quark Drive\n|-start|p1a: 3D Squeldon|quarkdrivespe\n|turn|2\n|\n|t:|1700385941\n|-end|p2a: Great Tusk|Protosynthesis|[silent]\n|switch|p2a: Slowking|Slowking, M|100\/100\n|move|p1a: 3D Squeldon|Swords Dance|p1a: 3D Squeldon\n|-boost|p1a: 3D Squeldon|atk|2\n|\n|upkeep\n|turn|3\n|\n|t:|1700385948\n|-terastallize|p1a: 3D Squeldon|Dark\n|move|p1a: 3D Squeldon|Spirit Break|p2a: Slowking\n|-damage|p2a: Slowking|25\/100\n|-unboost|p2a: Slowking|spa|1\n|move|p2a: Slowking|Trick Room|p2a: Slowking\n|-fieldstart|move: Trick Room|[of] p2a: Slowking\n|\n|upkeep\n|turn|4\n|\n|t:|1700385975\n|move|p1a: 3D Squeldon|Spirit Break|p2a: Slowking\n|-damage|p2a: Slowking|0 fnt\n|faint|p2a: Slowking\n|\n|upkeep\n|\n|t:|1700385978\n|switch|p2a: Dragonite|Dragonite, M|100\/100\n|turn|5\n|\n|t:|1700385996\n|move|p2a: Dragonite|Dual Wingbeat|p1a: 3D Squeldon\n|-damage|p1a: 3D Squeldon|53\/100\n|-damage|p1a: 3D Squeldon|9\/100\n|-hitcount|p1a: 3D Squeldon|2\n|move|p1a: 3D Squeldon|Spirit Break|p2a: Dragonite\n|-supereffective|p2a: Dragonite\n|-damage|p2a: Dragonite|33\/100\n|-unboost|p2a: Dragonite|spa|1\n|\n|-fieldend|move: Electric Terrain\n|-end|p1a: 3D Squeldon|Quark Drive\n|upkeep\n|-enditem|p1a: 3D Squeldon|Booster Energy\n|-activate|p1a: 3D Squeldon|ability: Quark Drive|[fromitem]\n|-start|p1a: 3D Squeldon|quarkdriveatk\n|turn|6\n|\n|t:|1700386003\n|-end|p1a: 3D Squeldon|Quark Drive|[silent]\n|switch|p1a: Seandozo|Dondozo, F|100\/100\n|move|p2a: Dragonite|Dual Wingbeat|p1a: Seandozo\n|-damage|p1a: Seandozo|83\/100\n|-damage|p1a: Seandozo|66\/100\n|-hitcount|p1a: Seandozo|2\n|\n|-heal|p1a: Seandozo|73\/100|[from] item: Leftovers\n|upkeep\n|turn|7\n|\n|t:|1700386014\n|switch|p2a: Tapu Koko|Tapu Koko|100\/100\n|-fieldstart|move: Electric Terrain|[from] ability: Electric Surge|[of] p2a: Tapu Koko\n|move|p1a: Seandozo|Liquidation|p2a: Tapu Koko\n|-damage|p2a: Tapu Koko|58\/100\n|\n|-heal|p1a: Seandozo|79\/100|[from] item: Leftovers\n|-fieldend|move: Trick Room\n|upkeep\n|turn|8\n|\n|t:|1700386031\n|switch|p1a: Aidanacl|Garganacl, F|100\/100\n|move|p2a: Tapu Koko|Volt Switch|p1a: Aidanacl\n|-crit|p1a: Aidanacl\n|-damage|p1a: Aidanacl|43\/100\n|\n|t:|1700386034\n|switch|p2a: Ursaluna|Ursaluna, M|100\/100|[from] Volt Switch\n|\n|-heal|p1a: Aidanacl|49\/100|[from] item: Leftovers\n|-status|p2a: Ursaluna|brn|[from] item: Flame Orb\n|upkeep\n|turn|9\n|\n|t:|1700386057\n|switch|p1a: 3D Squeldon|Iron Valiant, tera:Dark|9\/100\n|-activate|p1a: 3D Squeldon|ability: Quark Drive\n|-start|p1a: 3D Squeldon|quarkdrivespe\n|move|p2a: Ursaluna|Headlong Rush|p1a: 3D Squeldon\n|-damage|p1a: 3D Squeldon|0 fnt\n|-unboost|p2a: Ursaluna|def|1\n|-unboost|p2a: Ursaluna|spd|1\n|faint|p1a: 3D Squeldon\n|-end|p1a: 3D Squeldon|Quark Drive|[silent]\n|\n|-damage|p2a: Ursaluna|94\/100 brn|[from] brn\n|upkeep\n|\n|t:|1700386062\n|switch|p1a: Clown Buddy|Banette, F|100\/100\n|-item|p2a: Ursaluna|Flame Orb|[from] ability: Frisk|[of] p1a: Clown Buddy|[identify]\n|turn|10\n|\n|t:|1700386088\n|detailschange|p1a: Clown Buddy|Banette-Mega, F\n|-mega|p1a: Clown Buddy|Banette|Banettite\n|move|p1a: Clown Buddy|Destiny Bond|p1a: Clown Buddy\n|-singlemove|p1a: Clown Buddy|Destiny Bond\n|move|p2a: Ursaluna|Headlong Rush|p1a: Clown Buddy\n|-damage|p1a: Clown Buddy|0 fnt\n|-unboost|p2a: Ursaluna|def|1\n|-unboost|p2a: Ursaluna|spd|1\n|faint|p1a: Clown Buddy\n|-activate|p1a: Clown Buddy|move: Destiny Bond\n|faint|p2a: Ursaluna\n|\n|upkeep\n|\n|t:|1700386097\n|switch|p1a: Desmond|Pawmot, F|100\/100\n|switch|p2a: Tapu Koko|Tapu Koko|58\/100\n|turn|11\n|\n|t:|1700386108\n|move|p2a: Tapu Koko|Dazzling Gleam|p1a: Desmond\n|-supereffective|p1a: Desmond\n|-damage|p1a: Desmond|0 fnt\n|faint|p1a: Desmond\n|\n|-fieldend|move: Electric Terrain\n|upkeep\n|\n|t:|1700386121\n|switch|p1a: Aidanacl|Garganacl, F|49\/100\n|turn|12\n|\n|t:|1700386126\n|switch|p2a: Hoopa|Hoopa-Unbound|100\/100\n|move|p1a: Aidanacl|Recover|p1a: Aidanacl\n|-heal|p1a: Aidanacl|99\/100\n|\n|-heal|p1a: Aidanacl|100\/100|[from] item: Leftovers\n|upkeep\n|turn|13\n|\n|t:|1700386137\n|-zpower|p2a: Hoopa\n|move|p2a: Hoopa|All-Out Pummeling|p1a: Aidanacl|[zeffect]\n|-supereffective|p1a: Aidanacl\n|-damage|p1a: Aidanacl|4\/100\n|move|p1a: Aidanacl|Salt Cure|p2a: Hoopa\n|-damage|p2a: Hoopa|73\/100\n|-start|p2a: Hoopa|Salt Cure\n|\n|-heal|p1a: Aidanacl|10\/100|[from] item: Leftovers\n|-damage|p2a: Hoopa|60\/100|[from] Salt Cure\n|upkeep\n|turn|14\n|\n|t:|1700386151\n|switch|p1a: Seandozo|Dondozo, F|79\/100\n|move|p2a: Hoopa|Psychic|p1a: Seandozo\n|-damage|p1a: Seandozo|22\/100\n|\n|-heal|p1a: Seandozo|28\/100|[from] item: Leftovers\n|-damage|p2a: Hoopa|48\/100|[from] Salt Cure\n|upkeep\n|turn|15\n|\n|t:|1700386159\n|move|p2a: Hoopa|Dark Pulse|p1a: Seandozo\n|-damage|p1a: Seandozo|0 fnt\n|faint|p1a: Seandozo\n|\n|-damage|p2a: Hoopa|36\/100|[from] Salt Cure\n|upkeep\n|-message|SUPER LARIAL forfeited.\n|\n|win|baigu\n|raw|SUPER LARIAL's rating: 1641 &rarr; <strong>1631<\/strong><br \/>(-10 for losing)\n|raw|baigu's rating: 1825 &rarr; <strong>1835<\/strong><br \/>(+10 for winning)\n|l|\u2606SUPER LARIAL\n","uploadtime":1700386167,"views":6,"p1id":"superlarial","p2id":"baigu","formatid":"gen9nationaldex","rating":1631,"private":0,"password":""}