{"id":"gen9nationaldex-1995767975","p1":"Zippybud5","p2":"Fried_Seagull","format":"[Gen 9] National Dex","log":"|html|<div class=\"broadcast-blue\"><strong>[Gen 9] National Dex is currently suspecting Sneasler! For information on how to participate check out the <a href=\"https:\/\/www.smogon.com\/forums\/threads\/sv-national-dex-suspect-8-just-dance.3731534\/\">suspect thread<\/a>.<\/strong><\/div>\n|j|\u2606Zippybud5\n|j|\u2606Fried_Seagull\n|t:|1700601297\n|gametype|singles\n|player|p1|Zippybud5|170|1003\n|player|p2|Fried_Seagull|hilbert-wonderlauncher|1000\n|teamsize|p1|6\n|teamsize|p2|6\n|gen|9\n|tier|[Gen 9] National Dex\n|rated|\n|rule|HP Percentage Mod: HP is shown in percentages\n|rule|Endless Battle Clause: Forcing endless battles is banned\n|rule|OHKO Clause: OHKO moves are banned\n|rule|Evasion Clause: Evasion abilities, items, and moves are banned\n|rule|Evasion Abilities Clause: Evasion abilities are banned\n|rule|Evasion Items Clause: Evasion items are banned\n|rule|Evasion Moves Clause: Evasion moves are banned\n|rule|Species Clause: Limit one of each Pok\u00e9mon\n|rule|Sleep Clause Mod: Limit one foe put to sleep\n|clearpoke\n|poke|p1|Togekiss, M|\n|poke|p1|Basculegion, M|\n|poke|p1|Flareon, F|\n|poke|p1|Sunflora, M|\n|poke|p1|Tyrantrum, M|\n|poke|p1|Torkoal, M|\n|poke|p2|Xurkitree|\n|poke|p2|Nihilego|\n|poke|p2|Azumarill, M|\n|poke|p2|Ninetales-Alola, F|\n|poke|p2|Skeledirge, F|\n|poke|p2|Salamence, F|\n|teampreview\n|\n|t:|1700601307\n|start\n|switch|p1a: Torkoal|Torkoal, M|100\/100\n|switch|p2a: Xurkitree|Xurkitree, shiny|100\/100\n|-item|p2a: Xurkitree|Air Balloon\n|-weather|SunnyDay|[from] ability: Drought|[of] p1a: Torkoal\n|turn|1\n|\n|t:|1700601318\n|move|p2a: Xurkitree|Hypnosis|p1a: Torkoal|[miss]\n|-miss|p2a: Xurkitree|p1a: Torkoal\n|move|p1a: Torkoal|Explosion|p2a: Xurkitree\n|-damage|p2a: Xurkitree|38\/100\n|-enditem|p2a: Xurkitree|Air Balloon\n|faint|p1a: Torkoal\n|\n|-weather|SunnyDay|[upkeep]\n|upkeep\n|\n|t:|1700601329\n|switch|p1a: Sunflora|Sunflora, M|100\/100\n|turn|2\n|\n|t:|1700601343\n|switch|p2a: Salamence|Salamence, F, shiny|100\/100\n|move|p1a: Sunflora|Earth Power|p2a: Salamence\n|-immune|p2a: Salamence\n|\n|-weather|SunnyDay|[upkeep]\n|upkeep\n|turn|3\n|\n|t:|1700601352\n|move|p1a: Sunflora|Dazzling Gleam|p2a: Salamence\n|-supereffective|p2a: Salamence\n|-damage|p2a: Salamence|49\/100\n|move|p2a: Salamence|Dual Wingbeat|p1a: Sunflora\n|-supereffective|p1a: Sunflora\n|-damage|p1a: Sunflora|32\/100\n|-supereffective|p1a: Sunflora\n|-damage|p1a: Sunflora|0 fnt\n|faint|p1a: Sunflora\n|-ability|p2a: Salamence|Moxie|boost\n|-boost|p2a: Salamence|atk|1\n|-hitcount|p1: Sunflora|2\n|\n|-weather|SunnyDay|[upkeep]\n|upkeep\n|\n|t:|1700601366\n|switch|p1a: Tyrantrum|Tyrantrum, M|100\/100\n|turn|4\n|\n|t:|1700601375\n|switch|p2a: Azumarill|Azumarill, M, shiny|100\/100\n|move|p1a: Tyrantrum|Dragon Dance|p1a: Tyrantrum\n|-boost|p1a: Tyrantrum|atk|1\n|-boost|p1a: Tyrantrum|spe|1\n|\n|-weather|SunnyDay|[upkeep]\n|upkeep\n|turn|5\n|\n|t:|1700601391\n|-terastallize|p1a: Tyrantrum|Psychic\n|move|p1a: Tyrantrum|Psychic Fangs|p2a: Azumarill\n|-damage|p2a: Azumarill|0 fnt\n|faint|p2a: Azumarill\n|\n|-weather|SunnyDay|[upkeep]\n|upkeep\n|\n|t:|1700601396\n|switch|p2a: Skeledirge|Skeledirge, F, shiny|100\/100\n|turn|6\n|\n|t:|1700601402\n|move|p1a: Tyrantrum|Crunch|p2a: Skeledirge\n|-supereffective|p2a: Skeledirge\n|-damage|p2a: Skeledirge|27\/100\n|move|p2a: Skeledirge|Night Shade|p1a: Tyrantrum\n|-damage|p1a: Tyrantrum|68\/100\n|\n|-weather|SunnyDay|[upkeep]\n|upkeep\n|turn|7\n|\n|t:|1700601419\n|move|p1a: Tyrantrum|Crunch|p2a: Skeledirge\n|-supereffective|p2a: Skeledirge\n|-damage|p2a: Skeledirge|0 fnt\n|faint|p2a: Skeledirge\n|\n|-weather|SunnyDay|[upkeep]\n|upkeep\n|\n|t:|1700601434\n|switch|p2a: Ninetales|Ninetales-Alola, F, shiny|100\/100\n|-weather|Snow|[from] ability: Snow Warning|[of] p2a: Ninetales\n|turn|8\n|\n|t:|1700601469\n|move|p1a: Tyrantrum|Psychic Fangs|p2a: Ninetales\n|-damage|p2a: Ninetales|20\/100\n|move|p2a: Ninetales|Blizzard|p1a: Tyrantrum\n|-damage|p1a: Tyrantrum|0 fnt\n|faint|p1a: Tyrantrum\n|\n|-weather|Snow|[upkeep]\n|upkeep\n|\n|t:|1700601489\n|switch|p1a: Flareon|Flareon, F|100\/100\n|turn|9\n|\n|t:|1700601499\n|switch|p2a: Nihilego|Nihilego, shiny|100\/100\n|move|p1a: Flareon|Yawn|p2a: Nihilego\n|-start|p2a: Nihilego|move: Yawn|[of] p1a: Flareon\n|\n|-weather|Snow|[upkeep]\n|upkeep\n|turn|10\n|\n|t:|1700601514\n|switch|p2a: Salamence|Salamence, F, shiny|49\/100\n|move|p1a: Flareon|Yawn|p2a: Salamence\n|-start|p2a: Salamence|move: Yawn|[of] p1a: Flareon\n|\n|-weather|Snow|[upkeep]\n|upkeep\n|turn|11\n|\n|t:|1700601523\n|move|p1a: Flareon|Facade|p2a: Salamence\n|-damage|p2a: Salamence|21\/100\n|move|p2a: Salamence|Dragon Tail|p1a: Flareon\n|-damage|p1a: Flareon|28\/100\n|drag|p1a: Basculegion|Basculegion, M|100\/100\n|\n|-weather|Snow|[upkeep]\n|-end|p2a: Salamence|move: Yawn|[silent]\n|-status|p2a: Salamence|slp\n|upkeep\n|turn|12\n|\n|t:|1700601536\n|move|p1a: Basculegion|Wave Crash|p2a: Salamence\n|-resisted|p2a: Salamence\n|-damage|p2a: Salamence|0 fnt\n|faint|p2a: Salamence\n|-damage|p1a: Basculegion|94\/100|[from] Recoil\n|\n|-weather|none\n|upkeep\n|\n|t:|1700601563\n|switch|p2a: Ninetales|Ninetales-Alola, F, shiny|20\/100\n|-weather|Snow|[from] ability: Snow Warning|[of] p2a: Ninetales\n|turn|13\n|\n|t:|1700601585\n|move|p1a: Basculegion|Wave Crash|p2a: Ninetales\n|-damage|p2a: Ninetales|0 fnt\n|faint|p2a: Ninetales\n|-damage|p1a: Basculegion|89\/100|[from] Recoil\n|\n|-weather|Snow|[upkeep]\n|upkeep\n|\n|t:|1700601589\n|switch|p2a: Xurkitree|Xurkitree, shiny|38\/100\n|turn|14\n|\n|t:|1700601615\n|move|p1a: Basculegion|Wave Crash|p2a: Xurkitree\n|-damage|p2a: Xurkitree|0 fnt\n|faint|p2a: Xurkitree\n|-damage|p1a: Basculegion|78\/100|[from] Recoil\n|\n|-weather|Snow|[upkeep]\n|upkeep\n|\n|t:|1700601624\n|switch|p2a: Nihilego|Nihilego, shiny|100\/100\n|turn|15\n|\n|t:|1700601647\n|-terastallize|p2a: Nihilego|Flying\n|move|p1a: Basculegion|Wave Crash|p2a: Nihilego\n|-damage|p2a: Nihilego|0 fnt\n|faint|p2a: Nihilego\n|-damage|p1a: Basculegion|45\/100|[from] Recoil\n|\n|win|Zippybud5\n|raw|Zippybud5's rating: 1003 &rarr; <strong>1042<\/strong><br \/>(+39 for winning)\n|raw|Fried_Seagull's rating: 1000 &rarr; <strong>1000<\/strong><br \/>(+0 for losing)\n|l|\u2606Fried_Seagull\n","uploadtime":1700601658,"views":0,"p1id":"zippybud5","p2id":"friedseagull","formatid":"gen9nationaldex","rating":1000,"private":0,"password":""}