{"id":"gen9nationaldex-1989856182","p1":"v587","p2":"Tulio&Miguel","format":"[Gen 9] National Dex","log":"|j|\u2606v587\n|j|\u2606Tulio&Miguel\n|t:|1699901430\n|gametype|singles\n|player|p1|v587|dawn|1307\n|player|p2|Tulio&Miguel|mars|1323\n|teamsize|p1|6\n|teamsize|p2|6\n|gen|9\n|tier|[Gen 9] National Dex\n|rated|\n|rule|HP Percentage Mod: HP is shown in percentages\n|rule|Endless Battle Clause: Forcing endless battles is banned\n|rule|OHKO Clause: OHKO moves are banned\n|rule|Evasion Clause: Evasion abilities, items, and moves are banned\n|rule|Evasion Abilities Clause: Evasion abilities are banned\n|rule|Evasion Items Clause: Evasion items are banned\n|rule|Evasion Moves Clause: Evasion moves are banned\n|rule|Species Clause: Limit one of each Pok\u00e9mon\n|rule|Sleep Clause Mod: Limit one foe put to sleep\n|clearpoke\n|poke|p1|Swellow, M|\n|poke|p1|Lopunny, F|\n|poke|p1|Zoroark-Hisui, F|\n|poke|p1|Komala, M|\n|poke|p1|Grafaiai, F|\n|poke|p1|Miltank, F|\n|poke|p2|Pelipper, M|\n|poke|p2|Urshifu-*, F|\n|poke|p2|Swampert, M|\n|poke|p2|Floatzel, F|\n|poke|p2|Ferrothorn, M|\n|poke|p2|Zapdos|\n|teampreview\n|inactive|Battle timer is ON: inactive players will automatically lose when time's up. (requested by v587)\n|\n|t:|1699901447\n|start\n|switch|p1a: Grafaiai|Grafaiai, F|100\/100\n|switch|p2a: Pelipper|Pelipper, M|100\/100\n|-weather|RainDance|[from] ability: Drizzle|[of] p2a: Pelipper\n|turn|1\n|\n|t:|1699901453\n|switch|p2a: Ferrothorn|Ferrothorn, M|100\/100\n|move|p1a: Grafaiai|Switcheroo|p2a: Ferrothorn\n|-activate|p1a: Grafaiai|move: Trick|[of] p2a: Ferrothorn\n|-item|p2a: Ferrothorn|Black Sludge|[from] move: Switcheroo\n|-item|p1a: Grafaiai|Rocky Helmet|[from] move: Switcheroo\n|\n|-weather|RainDance|[upkeep]\n|-damage|p2a: Ferrothorn|88\/100|[from] item: Black Sludge\n|upkeep\n|turn|2\n|\n|t:|1699901465\n|move|p1a: Grafaiai|Parting Shot|p2a: Ferrothorn\n|-unboost|p2a: Ferrothorn|atk|1\n|-unboost|p2a: Ferrothorn|spa|1\n|\n|t:|1699901468\n|switch|p1a: Miltank|Miltank, F|100\/100|[from] Parting Shot\n|move|p2a: Ferrothorn|Leech Seed|p1a: Miltank\n|-ability|p1a: Miltank|Sap Sipper|boost\n|-boost|p1a: Miltank|atk|1\n|\n|-weather|RainDance|[upkeep]\n|-damage|p2a: Ferrothorn|76\/100|[from] item: Black Sludge\n|upkeep\n|turn|3\n|\n|t:|1699901478\n|switch|p2a: Swampert|Swampert, M|100\/100\n|move|p1a: Miltank|Stealth Rock|p2a: Swampert\n|-sidestart|p2: Tulio&Miguel|move: Stealth Rock\n|\n|-weather|RainDance|[upkeep]\n|upkeep\n|turn|4\n|\n|t:|1699901485\n|detailschange|p2a: Swampert|Swampert-Mega, M\n|-mega|p2a: Swampert|Swampert|Swampertite\n|move|p2a: Swampert|Liquidation|p1a: Miltank\n|-damage|p1a: Miltank|57\/100\n|move|p1a: Miltank|Toxic|p2a: Swampert\n|-status|p2a: Swampert|tox\n|\n|-weather|RainDance|[upkeep]\n|-heal|p1a: Miltank|63\/100|[from] item: Leftovers\n|-damage|p2a: Swampert|94\/100 tox|[from] psn\n|upkeep\n|turn|5\n|\n|t:|1699901495\n|move|p2a: Swampert|Liquidation|p1a: Miltank\n|-damage|p1a: Miltank|19\/100\n|move|p1a: Miltank|Milk Drink|p1a: Miltank\n|-heal|p1a: Miltank|69\/100\n|\n|-weather|RainDance|[upkeep]\n|-heal|p1a: Miltank|75\/100|[from] item: Leftovers\n|-damage|p2a: Swampert|82\/100 tox|[from] psn\n|upkeep\n|turn|6\n|\n|t:|1699901510\n|switch|p2a: Urshifu|Urshifu-Rapid-Strike, F|100\/100\n|-damage|p2a: Urshifu|94\/100|[from] Stealth Rock\n|move|p1a: Miltank|Body Press|p2a: Urshifu\n|-damage|p2a: Urshifu|69\/100\n|\n|-weather|RainDance|[upkeep]\n|-heal|p1a: Miltank|81\/100|[from] item: Leftovers\n|upkeep\n|turn|7\n|\n|t:|1699901529\n|-terastallize|p1a: Miltank|Ghost\n|move|p2a: Urshifu|Surging Strikes|p1a: Miltank\n|-crit|p1a: Miltank\n|-damage|p1a: Miltank|54\/100\n|-crit|p1a: Miltank\n|-damage|p1a: Miltank|31\/100\n|-crit|p1a: Miltank\n|-damage|p1a: Miltank|6\/100\n|-hitcount|p1a: Miltank|3\n|-damage|p2a: Urshifu|59\/100|[from] item: Life Orb\n|move|p1a: Miltank|Toxic|p2a: Urshifu\n|-status|p2a: Urshifu|tox\n|\n|-weather|RainDance|[upkeep]\n|-heal|p1a: Miltank|12\/100|[from] item: Leftovers\n|-damage|p2a: Urshifu|53\/100 tox|[from] psn\n|upkeep\n|turn|8\n|\n|t:|1699901544\n|move|p2a: Urshifu|Aqua Jet|p1a: Miltank\n|-damage|p1a: Miltank|0 fnt\n|faint|p1a: Miltank\n|-damage|p2a: Urshifu|43\/100 tox|[from] item: Life Orb\n|\n|-weather|none\n|-damage|p2a: Urshifu|31\/100 tox|[from] psn\n|upkeep\n|\n|t:|1699901547\n|switch|p1a: Lopunny|Lopunny, F|100\/100\n|turn|9\n|\n|t:|1699901555\n|detailschange|p1a: Lopunny|Lopunny-Mega, F\n|-mega|p1a: Lopunny|Lopunny|Lopunnite\n|move|p1a: Lopunny|Close Combat|p2a: Urshifu\n|-damage|p2a: Urshifu|0 fnt\n|-unboost|p1a: Lopunny|def|1\n|-unboost|p1a: Lopunny|spd|1\n|faint|p2a: Urshifu\n|\n|upkeep\n|\n|t:|1699901562\n|switch|p2a: Pelipper|Pelipper, M|100\/100\n|-damage|p2a: Pelipper|76\/100|[from] Stealth Rock\n|-weather|RainDance|[from] ability: Drizzle|[of] p2a: Pelipper\n|turn|10\n|\n|t:|1699901568\n|switch|p1a: Grafaiai|Grafaiai, F|100\/100\n|move|p2a: Pelipper|U-turn|p1a: Grafaiai\n|-resisted|p1a: Grafaiai\n|-damage|p1a: Grafaiai|94\/100\n|-damage|p2a: Pelipper|59\/100|[from] item: Rocky Helmet|[of] p1a: Grafaiai\n|\n|t:|1699901575\n|switch|p2a: Swampert|Swampert-Mega, M|82\/100 tox|[from] U-turn\n|-damage|p2a: Swampert|76\/100 tox|[from] Stealth Rock\n|\n|-weather|RainDance|[upkeep]\n|-damage|p2a: Swampert|70\/100 tox|[from] psn\n|upkeep\n|turn|11\n|\n|t:|1699901582\n|move|p1a: Grafaiai|Parting Shot|p2a: Swampert\n|-unboost|p2a: Swampert|atk|1\n|-unboost|p2a: Swampert|spa|1\n|\n|t:|1699901593\n|switch|p1a: Komala|Komala, M|100\/100|[from] Parting Shot\n|-ability|p1a: Komala|Comatose\n|move|p2a: Swampert|Earthquake|p1a: Komala\n|-damage|p1a: Komala|46\/100\n|\n|-weather|RainDance|[upkeep]\n|-damage|p2a: Swampert|57\/100 tox|[from] psn\n|upkeep\n|turn|12\n|\n|t:|1699901609\n|move|p2a: Swampert|Earthquake|p1a: Komala\n|-damage|p1a: Komala|0 fnt\n|faint|p1a: Komala\n|\n|-weather|RainDance|[upkeep]\n|-damage|p2a: Swampert|39\/100 tox|[from] psn\n|upkeep\n|\n|t:|1699901613\n|switch|p1a: Lopunny|Lopunny-Mega, F|100\/100\n|turn|13\n|\n|t:|1699901617\n|move|p1a: Lopunny|Fake Out|p2a: Swampert\n|-damage|p2a: Swampert|18\/100 tox\n|cant|p2a: Swampert|flinch\n|\n|-weather|RainDance|[upkeep]\n|-damage|p2a: Swampert|0 fnt|[from] psn\n|faint|p2a: Swampert\n|upkeep\n|\n|t:|1699901624\n|switch|p2a: Floatzel|Floatzel, F|100\/100\n|-damage|p2a: Floatzel|88\/100|[from] Stealth Rock\n|turn|14\n|\n|t:|1699901643\n|-terastallize|p2a: Floatzel|Water\n|move|p2a: Floatzel|Wave Crash|p1a: Lopunny\n|-damage|p1a: Lopunny|0 fnt\n|faint|p1a: Lopunny\n|-damage|p2a: Floatzel|60\/100|[from] Recoil\n|\n|-weather|RainDance|[upkeep]\n|upkeep\n|\n|t:|1699901650\n|switch|p1a: Grafaiai|Grafaiai, F|94\/100\n|turn|15\n|\n|t:|1699901663\n|move|p2a: Floatzel|Wave Crash|p1a: Grafaiai\n|-damage|p1a: Grafaiai|0 fnt\n|-damage|p2a: Floatzel|43\/100|[from] item: Rocky Helmet|[of] p1a: Grafaiai\n|faint|p1a: Grafaiai\n|-damage|p2a: Floatzel|10\/100|[from] Recoil\n|\n|-weather|RainDance|[upkeep]\n|upkeep\n|\n|t:|1699901671\n|switch|p1a: Swellow|Swellow, M|100\/100\n|turn|16\n|\n|t:|1699901676\n|move|p2a: Floatzel|Wave Crash|p1a: Swellow\n|-damage|p1a: Swellow|0 fnt\n|replace|p1a: Zoroark|Zoroark-Hisui, F\n|-end|p1a: Zoroark|Illusion\n|faint|p1a: Zoroark\n|-damage|p2a: Floatzel|0 fnt|[from] Recoil\n|faint|p2a: Floatzel\n|\n|-weather|RainDance|[upkeep]\n|upkeep\n|\n|t:|1699901684\n|switch|p1a: Swellow|Swellow, M|100\/100\n|switch|p2a: Ferrothorn|Ferrothorn, M|76\/100\n|-damage|p2a: Ferrothorn|70\/100|[from] Stealth Rock\n|turn|17\n|\n|t:|1699901697\n|move|p1a: Swellow|Boomburst|p2a: Ferrothorn\n|-resisted|p2a: Ferrothorn\n|-crit|p2a: Ferrothorn\n|-damage|p2a: Ferrothorn|24\/100\n|move|p2a: Ferrothorn|Leech Seed|p1a: Swellow\n|-start|p1a: Swellow|move: Leech Seed\n|\n|-weather|none\n|-damage|p2a: Ferrothorn|12\/100|[from] item: Black Sludge\n|-damage|p1a: Swellow|88\/100|[from] Leech Seed|[of] p2a: Ferrothorn\n|-heal|p2a: Ferrothorn|21\/100|[silent]\n|upkeep\n|turn|18\n|\n|t:|1699901707\n|move|p1a: Swellow|Boomburst|p2a: Ferrothorn\n|-resisted|p2a: Ferrothorn\n|-damage|p2a: Ferrothorn|0 fnt\n|faint|p2a: Ferrothorn\n|\n|upkeep\n|\n|t:|1699901711\n|switch|p2a: Pelipper|Pelipper, M|59\/100\n|-damage|p2a: Pelipper|35\/100|[from] Stealth Rock\n|-weather|RainDance|[from] ability: Drizzle|[of] p2a: Pelipper\n|turn|19\n|\n|t:|1699901718\n|move|p1a: Swellow|Boomburst|p2a: Pelipper\n|-damage|p2a: Pelipper|0 fnt\n|faint|p2a: Pelipper\n|\n|-weather|RainDance|[upkeep]\n|upkeep\n|\n|t:|1699901722\n|switch|p2a: Zapdos|Zapdos|100\/100\n|-damage|p2a: Zapdos|75\/100|[from] Stealth Rock\n|turn|20\n|\n|t:|1699901730\n|move|p1a: Swellow|Boomburst|p2a: Zapdos\n|-damage|p2a: Zapdos|0 fnt\n|faint|p2a: Zapdos\n|\n|win|v587\n|raw|v587's rating: 1307 &rarr; <strong>1328<\/strong><br \/>(+21 for winning)\n|raw|Tulio&amp;Miguel's rating: 1323 &rarr; <strong>1302<\/strong><br \/>(-21 for losing)\n|l|\u2606Tulio&Miguel\n","uploadtime":1699901760,"views":4,"p1id":"v587","p2id":"tuliomiguel","formatid":"gen9nationaldex","rating":1302,"private":0,"password":""}