{"id":"gen9nationaldex-1993341080","p1":"Yuanshen61\u6211\u8981\u73a9\u539f\u795e","p2":"eelektrik funeral","format":"[Gen 9] National Dex","log":"|j|\u2606Yuanshen61\u6211\u8981\u73a9\u539f\u795e\n|j|\u2606eelektrik funeral\n|t:|1700301947\n|gametype|singles\n|player|p1|Yuanshen61\u6211\u8981\u73a9\u539f\u795e|dawn-contest|1595\n|player|p2|eelektrik funeral|workerice|1499\n|teamsize|p1|6\n|teamsize|p2|6\n|gen|9\n|tier|[Gen 9] National Dex\n|rated|\n|rule|HP Percentage Mod: HP is shown in percentages\n|rule|Endless Battle Clause: Forcing endless battles is banned\n|rule|OHKO Clause: OHKO moves are banned\n|rule|Evasion Clause: Evasion abilities, items, and moves are banned\n|rule|Evasion Abilities Clause: Evasion abilities are banned\n|rule|Evasion Items Clause: Evasion items are banned\n|rule|Evasion Moves Clause: Evasion moves are banned\n|rule|Species Clause: Limit one of each Pok\u00e9mon\n|rule|Sleep Clause Mod: Limit one foe put to sleep\n|clearpoke\n|poke|p1|Tyranitar, M|\n|poke|p1|Excadrill, F|\n|poke|p1|Skeledirge, M|\n|poke|p1|Ferrothorn, M|\n|poke|p1|Corviknight, M|\n|poke|p1|Ogerpon-Wellspring, F|\n|poke|p2|Cinderace, M|\n|poke|p2|Enamorus, F|\n|poke|p2|Glimmora, F|\n|poke|p2|Jolteon, F|\n|poke|p2|Pinsir, F|\n|poke|p2|Ursaluna, F|\n|teampreview\n|inactive|Battle timer is ON: inactive players will automatically lose when time's up. (requested by Yuanshen61\u6211\u8981\u73a9\u539f\u795e)\n|inactive|eelektrik funeral has 120 seconds left.\n|\n|t:|1700301984\n|start\n|switch|p1a: Ferrothorn|Ferrothorn, M|100\/100\n|switch|p2a: Cinderace|Cinderace, M|100\/100\n|turn|1\n|\n|t:|1700301992\n|move|p1a: Ferrothorn|Protect|p1a: Ferrothorn\n|-singleturn|p1a: Ferrothorn|Protect\n|move|p2a: Cinderace|U-turn|p1a: Ferrothorn\n|-activate|p1a: Ferrothorn|move: Protect\n|\n|upkeep\n|turn|2\n|\n|t:|1700301998\n|move|p2a: Cinderace|Pyro Ball|p1a: Ferrothorn|[miss]\n|-miss|p2a: Cinderace|p1a: Ferrothorn\n|move|p1a: Ferrothorn|Spikes|p2a: Cinderace\n|-sidestart|p2: eelektrik funeral|Spikes\n|\n|upkeep\n|turn|3\n|\n|t:|1700302002\n|switch|p1a: Tyranitar|Tyranitar, M|100\/100\n|-weather|Sandstorm|[from] ability: Sand Stream|[of] p1a: Tyranitar\n|move|p2a: Cinderace|Court Change|p2a: Cinderace\n|-swapsideconditions\n|-activate|p2a: Cinderace|move: Court Change\n|\n|-weather|Sandstorm|[upkeep]\n|-damage|p2a: Cinderace|94\/100|[from] Sandstorm\n|upkeep\n|turn|4\n|\n|t:|1700302009\n|detailschange|p1a: Tyranitar|Tyranitar-Mega, M\n|-mega|p1a: Tyranitar|Tyranitar|Tyranitarite\n|move|p2a: Cinderace|U-turn|p1a: Tyranitar\n|-supereffective|p1a: Tyranitar\n|-damage|p1a: Tyranitar|78\/100\n|\n|t:|1700302013\n|switch|p2a: Glimmora|Glimmora, F|100\/100|[from] U-turn\n|move|p1a: Tyranitar|Knock Off|p2a: Glimmora\n|-damage|p2a: Glimmora|15\/100\n|-activate|p2a: Glimmora|ability: Toxic Debris\n|-sidestart|p1: Yuanshen61\u6211\u8981\u73a9\u539f\u795e|move: Toxic Spikes\n|-enditem|p2a: Glimmora|Focus Sash|[from] move: Knock Off|[of] p1a: Tyranitar\n|\n|-weather|Sandstorm|[upkeep]\n|upkeep\n|turn|5\n|inactive|eelektrik funeral has 120 seconds left.\n|\n|t:|1700302046\n|switch|p1a: Excadrill|Excadrill, F|100\/100\n|-damage|p1a: Excadrill|88\/100|[from] Spikes\n|move|p2a: Glimmora|Earth Power|p1a: Excadrill\n|-supereffective|p1a: Excadrill\n|-damage|p1a: Excadrill|0 fnt\n|faint|p1a: Excadrill\n|\n|-weather|Sandstorm|[upkeep]\n|upkeep\n|\n|t:|1700302062\n|switch|p1a: Ferrothorn|Ferrothorn, M|100\/100\n|-damage|p1a: Ferrothorn|88\/100|[from] Spikes\n|turn|6\n|\n|t:|1700302067\n|switch|p2a: Cinderace|Cinderace, M|94\/100\n|move|p1a: Ferrothorn|Spikes|p2a: Cinderace\n|-sidestart|p2: eelektrik funeral|Spikes\n|\n|-weather|Sandstorm|[upkeep]\n|-damage|p2a: Cinderace|88\/100|[from] Sandstorm\n|-heal|p1a: Ferrothorn|94\/100|[from] item: Leftovers\n|upkeep\n|turn|7\n|\n|t:|1700302073\n|-terastallize|p1a: Ferrothorn|Water\n|move|p2a: Cinderace|Court Change|p2a: Cinderace\n|-swapsideconditions\n|-activate|p2a: Cinderace|move: Court Change\n|move|p1a: Ferrothorn|Gyro Ball|p2a: Cinderace\n|-resisted|p2a: Cinderace\n|-damage|p2a: Cinderace|60\/100\n|\n|-weather|none\n|-heal|p1a: Ferrothorn|100\/100|[from] item: Leftovers\n|upkeep\n|turn|8\n|\n|t:|1700302090\n|switch|p2a: Jolteon|Jolteon, F|100\/100\n|-damage|p2a: Jolteon|88\/100|[from] Spikes\n|-status|p2a: Jolteon|psn\n|move|p1a: Ferrothorn|Leech Seed|p2a: Jolteon\n|-start|p2a: Jolteon|move: Leech Seed\n|\n|-damage|p2a: Jolteon|76\/100 psn|[from] Leech Seed|[of] p1a: Ferrothorn\n|-damage|p2a: Jolteon|63\/100 psn|[from] psn\n|upkeep\n|turn|9\n|\n|t:|1700302101\n|switch|p1a: Tyranitar|Tyranitar-Mega, M|78\/100\n|-damage|p1a: Tyranitar|66\/100|[from] Spikes\n|-weather|Sandstorm|[from] ability: Sand Stream|[of] p1a: Tyranitar\n|move|p2a: Jolteon|Volt Switch|p1a: Tyranitar\n|-damage|p1a: Tyranitar|43\/100\n|\n|t:|1700302114\n|switch|p2a: Pinsir|Pinsir, F|100\/100|[from] Volt Switch\n|-damage|p2a: Pinsir|88\/100|[from] Spikes\n|-status|p2a: Pinsir|psn\n|\n|-weather|Sandstorm|[upkeep]\n|-damage|p2a: Pinsir|82\/100 psn|[from] Sandstorm\n|-damage|p2a: Pinsir|70\/100 psn|[from] psn\n|upkeep\n|turn|10\n|\n|t:|1700302126\n|detailschange|p2a: Pinsir|Pinsir-Mega, F\n|-mega|p2a: Pinsir|Pinsir|Pinsirite\n|move|p2a: Pinsir|Facade|p1a: Tyranitar\n|-resisted|p1a: Tyranitar\n|-damage|p1a: Tyranitar|12\/100\n|move|p1a: Tyranitar|Stone Edge|p2a: Pinsir\n|-supereffective|p2a: Pinsir\n|-damage|p2a: Pinsir|0 fnt\n|faint|p2a: Pinsir\n|\n|-weather|Sandstorm|[upkeep]\n|upkeep\n|\n|t:|1700302136\n|switch|p2a: Ursaluna|Ursaluna, F|100\/100\n|-damage|p2a: Ursaluna|88\/100|[from] Spikes\n|-status|p2a: Ursaluna|psn\n|turn|11\n|\n|t:|1700302142\n|move|p2a: Ursaluna|Fire Punch|p1a: Tyranitar\n|-resisted|p1a: Tyranitar\n|-damage|p1a: Tyranitar|0 fnt\n|faint|p1a: Tyranitar\n|\n|-weather|Sandstorm|[upkeep]\n|-damage|p2a: Ursaluna|76\/100 psn|[from] psn\n|upkeep\n|\n|t:|1700302152\n|switch|p1a: Corviknight|Corviknight, M|100\/100\n|-ability|p1a: Corviknight|Pressure\n|turn|12\n|\n|t:|1700302157\n|move|p2a: Ursaluna|Fire Punch|p1a: Corviknight\n|-supereffective|p1a: Corviknight\n|-damage|p1a: Corviknight|29\/100\n|-status|p1a: Corviknight|brn\n|move|p1a: Corviknight|Iron Defense|p1a: Corviknight\n|-boost|p1a: Corviknight|def|2\n|\n|-weather|Sandstorm|[upkeep]\n|-heal|p1a: Corviknight|35\/100 brn|[from] item: Leftovers\n|-damage|p2a: Ursaluna|63\/100 psn|[from] psn\n|-damage|p1a: Corviknight|29\/100 brn|[from] brn\n|upkeep\n|turn|13\n|\n|t:|1700302160\n|move|p2a: Ursaluna|Fire Punch|p1a: Corviknight\n|-supereffective|p1a: Corviknight\n|-damage|p1a: Corviknight|0 fnt\n|faint|p1a: Corviknight\n|\n|-weather|none\n|-damage|p2a: Ursaluna|51\/100 psn|[from] psn\n|upkeep\n|\n|t:|1700302163\n|switch|p1a: Ferrothorn|Ferrothorn, M, tera:Water|100\/100\n|-damage|p1a: Ferrothorn|88\/100|[from] Spikes\n|turn|14\n|\n|t:|1700302175\n|switch|p2a: Enamorus|Enamorus, F|100\/100\n|move|p1a: Ferrothorn|Leech Seed|p2a: Enamorus\n|-start|p2a: Enamorus|move: Leech Seed\n|\n|-heal|p1a: Ferrothorn|94\/100|[from] item: Leftovers\n|-damage|p2a: Enamorus|88\/100|[from] Leech Seed|[of] p1a: Ferrothorn\n|-heal|p1a: Ferrothorn|100\/100|[silent]\n|upkeep\n|turn|15\n|\n|t:|1700302182\n|move|p2a: Enamorus|Healing Wish|p2a: Enamorus\n|faint|p2a: Enamorus\n|move|p1a: Ferrothorn|Spikes|p2: Enamorus\n|-sidestart|p2: eelektrik funeral|Spikes\n|\n|upkeep\n|\n|t:|1700302190\n|switch|p2a: Jolteon|Jolteon, F|63\/100 psn\n|-heal|p2a: Jolteon|100\/100|[from] move: Healing Wish\n|-damage|p2a: Jolteon|84\/100|[from] Spikes\n|-status|p2a: Jolteon|psn\n|turn|16\n|\n|t:|1700302195\n|move|p1a: Ferrothorn|Protect|p1a: Ferrothorn\n|-singleturn|p1a: Ferrothorn|Protect\n|move|p2a: Jolteon|Thunderbolt|p1a: Ferrothorn\n|-activate|p1a: Ferrothorn|move: Protect\n|\n|-damage|p2a: Jolteon|72\/100 psn|[from] psn\n|upkeep\n|turn|17\n|\n|t:|1700302200\n|switch|p1a: Skeledirge|Skeledirge, M|100\/100\n|move|p2a: Jolteon|Thunderbolt|p1a: Skeledirge\n|-damage|p1a: Skeledirge|52\/100\n|\n|-damage|p2a: Jolteon|59\/100 psn|[from] psn\n|upkeep\n|turn|18\n|\n|t:|1700302204\n|move|p2a: Jolteon|Thunderbolt|p1a: Skeledirge\n|-damage|p1a: Skeledirge|4\/100\n|move|p1a: Skeledirge|Slack Off|p1a: Skeledirge\n|-heal|p1a: Skeledirge|54\/100\n|\n|-damage|p2a: Jolteon|47\/100 psn|[from] psn\n|upkeep\n|turn|19\n|\n|t:|1700302212\n|switch|p2a: Ursaluna|Ursaluna, F|51\/100 psn\n|-damage|p2a: Ursaluna|34\/100 psn|[from] Spikes\n|move|p1a: Skeledirge|Slack Off|p1a: Skeledirge\n|-heal|p1a: Skeledirge|100\/100\n|\n|-damage|p2a: Ursaluna|22\/100 psn|[from] psn\n|upkeep\n|turn|20\n|\n|t:|1700302217\n|switch|p1a: Ferrothorn|Ferrothorn, M, tera:Water|100\/100\n|-damage|p1a: Ferrothorn|88\/100|[from] Spikes\n|-terastallize|p2a: Ursaluna|Normal\n|move|p2a: Ursaluna|Facade|p1a: Ferrothorn\n|-damage|p1a: Ferrothorn|0 fnt\n|-damage|p2a: Ursaluna|9\/100 psn|[from] ability: Iron Barbs|[of] p1a: Ferrothorn\n|faint|p1a: Ferrothorn\n|\n|-damage|p2a: Ursaluna|0 fnt|[from] psn\n|faint|p2a: Ursaluna\n|upkeep\n|\n|t:|1700302239\n|switch|p2a: Cinderace|Cinderace, M|60\/100\n|switch|p1a: Skeledirge|Skeledirge, M|100\/100\n|turn|21\n|\n|t:|1700302245\n|move|p2a: Cinderace|Court Change|p2a: Cinderace\n|-swapsideconditions\n|-activate|p2a: Cinderace|move: Court Change\n|move|p1a: Skeledirge|Torch Song|p2a: Cinderace\n|-resisted|p2a: Cinderace\n|-damage|p2a: Cinderace|42\/100\n|-boost|p1a: Skeledirge|spa|1\n|\n|upkeep\n|turn|22\n|\n|t:|1700302249\n|move|p2a: Cinderace|Pyro Ball|p1a: Skeledirge\n|-resisted|p1a: Skeledirge\n|-damage|p1a: Skeledirge|80\/100\n|move|p1a: Skeledirge|Torch Song|p2a: Cinderace\n|-resisted|p2a: Cinderace\n|-damage|p2a: Cinderace|16\/100\n|-boost|p1a: Skeledirge|spa|1\n|\n|upkeep\n|turn|23\n|\n|t:|1700302255\n|move|p2a: Cinderace|Pyro Ball|p1a: Skeledirge|[miss]\n|-miss|p2a: Cinderace|p1a: Skeledirge\n|move|p1a: Skeledirge|Slack Off|p1a: Skeledirge\n|-heal|p1a: Skeledirge|100\/100\n|\n|upkeep\n|turn|24\n|\n|t:|1700302257\n|move|p2a: Cinderace|Pyro Ball|p1a: Skeledirge\n|-resisted|p1a: Skeledirge\n|-damage|p1a: Skeledirge|73\/100\n|move|p1a: Skeledirge|Torch Song|p2a: Cinderace\n|-resisted|p2a: Cinderace\n|-damage|p2a: Cinderace|0 fnt\n|-boost|p1a: Skeledirge|spa|1\n|faint|p2a: Cinderace\n|\n|upkeep\n|\n|t:|1700302263\n|switch|p2a: Glimmora|Glimmora, F|15\/100\n|-damage|p2a: Glimmora|2\/100|[from] Spikes\n|turn|25\n|\n|t:|1700302270\n|switch|p1a: Ogerpon|Ogerpon-Wellspring, F|100\/100\n|-damage|p1a: Ogerpon|84\/100|[from] Spikes\n|-status|p1a: Ogerpon|psn\n|move|p2a: Glimmora|Power Gem|p1a: Ogerpon\n|-damage|p1a: Ogerpon|39\/100 psn\n|\n|-damage|p1a: Ogerpon|27\/100 psn|[from] psn\n|upkeep\n|turn|26\n|\n|t:|1700302280\n|move|p1a: Ogerpon|Trailblaze|p2a: Glimmora\n|-damage|p2a: Glimmora|0 fnt\n|-boost|p1a: Ogerpon|spe|1\n|-activate|p2a: Glimmora|ability: Toxic Debris\n|-sidestart|p1: Yuanshen61\u6211\u8981\u73a9\u539f\u795e|move: Toxic Spikes\n|faint|p2a: Glimmora\n|\n|-damage|p1a: Ogerpon|14\/100 psn|[from] psn\n|upkeep\n|\n|t:|1700302282\n|switch|p2a: Jolteon|Jolteon, F|47\/100 psn\n|-damage|p2a: Jolteon|35\/100 psn|[from] Spikes\n|turn|27\n|\n|t:|1700302287\n|move|p2a: Jolteon|Thunderbolt|p1a: Ogerpon\n|-damage|p1a: Ogerpon|0 fnt\n|faint|p1a: Ogerpon\n|\n|-damage|p2a: Jolteon|22\/100 psn|[from] psn\n|upkeep\n|\n|t:|1700302292\n|switch|p1a: Skeledirge|Skeledirge, M|73\/100\n|turn|28\n|\n|t:|1700302294\n|move|p2a: Jolteon|Thunderbolt|p1a: Skeledirge\n|-damage|p1a: Skeledirge|26\/100\n|move|p1a: Skeledirge|Torch Song|p2a: Jolteon\n|-damage|p2a: Jolteon|0 fnt\n|-boost|p1a: Skeledirge|spa|1\n|faint|p2a: Jolteon\n|\n|win|Yuanshen61\u6211\u8981\u73a9\u539f\u795e\n|raw|Yuanshen61\u6211\u8981\u73a9\u539f\u795e's rating: 1595 &rarr; <strong>1610<\/strong><br \/>(+15 for winning)\n|raw|eelektrik funeral's rating: 1499 &rarr; <strong>1484<\/strong><br \/>(-15 for losing)\n|c|\u2606Yuanshen61\u6211\u8981\u73a9\u539f\u795e|gg\n|c|\u2606eelektrik funeral|gg\n|l|\u2606eelektrik funeral\n|l|\u2606Yuanshen61\u6211\u8981\u73a9\u539f\u795e\n|j|\u2606Yuanshen61\u6211\u8981\u73a9\u539f\u795e\n|player|p1|Yuanshen61\u6211\u8981\u73a9\u539f\u795e|dawn-contest\n","uploadtime":1700302324,"views":11,"p1id":"yuanshen61","p2id":"eelektrikfuneral","formatid":"gen9nationaldex","rating":1484,"private":0,"password":""}