{"id":"gen9nationaldex-1990475492","p1":"ur mom v","p2":"Majima Constuction","format":"[Gen 9] National Dex","log":"|j|\u2606ur mom v\n|j|\u2606Majima Constuction\n|t:|1699974426\n|gametype|singles\n|player|p1|ur mom v|lusamine|1152\n|player|p2|Majima Constuction|worker-lgpe|1141\n|teamsize|p1|6\n|teamsize|p2|6\n|gen|9\n|tier|[Gen 9] National Dex\n|rated|\n|rule|HP Percentage Mod: HP is shown in percentages\n|rule|Endless Battle Clause: Forcing endless battles is banned\n|rule|OHKO Clause: OHKO moves are banned\n|rule|Evasion Clause: Evasion abilities, items, and moves are banned\n|rule|Evasion Abilities Clause: Evasion abilities are banned\n|rule|Evasion Items Clause: Evasion items are banned\n|rule|Evasion Moves Clause: Evasion moves are banned\n|rule|Species Clause: Limit one of each Pok\u00e9mon\n|rule|Sleep Clause Mod: Limit one foe put to sleep\n|clearpoke\n|poke|p1|Ribombee, M|\n|poke|p1|Celesteela|\n|poke|p1|Pawmot, M|\n|poke|p1|Xurkitree|\n|poke|p1|Scizor, M|\n|poke|p1|Kommo-o, F|\n|poke|p2|Chatot, F|\n|poke|p2|Cramorant, F|\n|poke|p2|Crawdaunt, M|\n|poke|p2|Maushold|\n|poke|p2|Plusle, M|\n|poke|p2|Sawsbuck-Winter, M|\n|teampreview\n|\n|t:|1699974439\n|start\n|switch|p1a: Tuff Toothy Tilly|Kommo-o, F|100\/100\n|switch|p2a: BIG MEATY CLAWS|Crawdaunt, M|100\/100\n|turn|1\n|\n|t:|1699974446\n|move|p1a: Tuff Toothy Tilly|Clangorous Soul|p1a: Tuff Toothy Tilly\n|-boost|p1a: Tuff Toothy Tilly|atk|1\n|-boost|p1a: Tuff Toothy Tilly|def|1\n|-boost|p1a: Tuff Toothy Tilly|spa|1\n|-boost|p1a: Tuff Toothy Tilly|spd|1\n|-boost|p1a: Tuff Toothy Tilly|spe|1\n|-damage|p1a: Tuff Toothy Tilly|68\/100\n|-enditem|p1a: Tuff Toothy Tilly|Throat Spray\n|-boost|p1a: Tuff Toothy Tilly|spa|1|[from] item: Throat Spray\n|move|p2a: BIG MEATY CLAWS|Crabhammer|p1a: Tuff Toothy Tilly\n|-resisted|p1a: Tuff Toothy Tilly\n|-crit|p1a: Tuff Toothy Tilly\n|-damage|p1a: Tuff Toothy Tilly|2\/100\n|-damage|p2a: BIG MEATY CLAWS|91\/100|[from] item: Life Orb\n|\n|upkeep\n|turn|2\n|\n|t:|1699974458\n|move|p2a: BIG MEATY CLAWS|Aqua Jet|p1a: Tuff Toothy Tilly\n|-resisted|p1a: Tuff Toothy Tilly\n|-damage|p1a: Tuff Toothy Tilly|0 fnt\n|faint|p1a: Tuff Toothy Tilly\n|-damage|p2a: BIG MEATY CLAWS|81\/100|[from] item: Life Orb\n|\n|upkeep\n|\n|t:|1699974469\n|switch|p1a: Super Small Simon|Ribombee, M|100\/100\n|turn|3\n|\n|t:|1699974473\n|move|p1a: Super Small Simon|Moonblast|p2a: BIG MEATY CLAWS\n|-supereffective|p2a: BIG MEATY CLAWS\n|-damage|p2a: BIG MEATY CLAWS|0 fnt\n|faint|p2a: BIG MEATY CLAWS\n|\n|upkeep\n|inactive|Battle timer is ON: inactive players will automatically lose when time's up. (requested by ur mom v)\n|\n|t:|1699974480\n|switch|p2a: AAAAAAAAAAAAAAAA|Chatot, F|100\/100\n|turn|4\n|\n|t:|1699974485\n|move|p1a: Super Small Simon|Sticky Web|p2a: AAAAAAAAAAAAAAAA\n|-sidestart|p2: Majima Constuction|move: Sticky Web\n|move|p2a: AAAAAAAAAAAAAAAA|Chatter|p1a: Super Small Simon\n|-supereffective|p1a: Super Small Simon\n|-damage|p1a: Super Small Simon|13\/100\n|-enditem|p2a: AAAAAAAAAAAAAAAA|Throat Spray\n|-boost|p2a: AAAAAAAAAAAAAAAA|spa|1|[from] item: Throat Spray\n|\n|upkeep\n|turn|5\n|\n|t:|1699974490\n|move|p1a: Super Small Simon|Light Screen|p1a: Super Small Simon\n|-sidestart|p1: ur mom v|move: Light Screen\n|move|p2a: AAAAAAAAAAAAAAAA|Chatter|p1a: Super Small Simon\n|-supereffective|p1a: Super Small Simon\n|-damage|p1a: Super Small Simon|0 fnt\n|faint|p1a: Super Small Simon\n|\n|upkeep\n|\n|t:|1699974497\n|switch|p1a: Big Bully Brice|Scizor, M|100\/100\n|turn|6\n|\n|t:|1699974500\n|detailschange|p1a: Big Bully Brice|Scizor-Mega, M\n|-mega|p1a: Big Bully Brice|Scizor|Scizorite\n|move|p2a: AAAAAAAAAAAAAAAA|Heat Wave|p1a: Big Bully Brice\n|-supereffective|p1a: Big Bully Brice\n|-damage|p1a: Big Bully Brice|24\/100\n|move|p1a: Big Bully Brice|Swords Dance|p1a: Big Bully Brice\n|-boost|p1a: Big Bully Brice|atk|2\n|\n|upkeep\n|turn|7\n|\n|t:|1699974512\n|move|p2a: AAAAAAAAAAAAAAAA|Heat Wave|p1a: Big Bully Brice\n|-supereffective|p1a: Big Bully Brice\n|-damage|p1a: Big Bully Brice|0 fnt\n|faint|p1a: Big Bully Brice\n|\n|upkeep\n|\n|t:|1699974519\n|switch|p1a: Attentive Ace Adam|Xurkitree|100\/100\n|turn|8\n|\n|t:|1699974522\n|move|p2a: AAAAAAAAAAAAAAAA|Boomburst|p1a: Attentive Ace Adam\n|-crit|p1a: Attentive Ace Adam\n|-damage|p1a: Attentive Ace Adam|0 fnt\n|faint|p1a: Attentive Ace Adam\n|\n|upkeep\n|\n|t:|1699974527\n|switch|p1a: Huge hands Hans|Pawmot, M|100\/100\n|turn|9\n|\n|t:|1699974530\n|move|p1a: Huge hands Hans|Revival Blessing|p1a: Huge hands Hans\n|-enditem|p1a: Huge hands Hans|Leppa Berry|[eat]\n|-activate|p1a: Huge hands Hans|item: Leppa Berry|Revival Blessing|[consumed]\n|\n|t:|1699974542\n|-heal|p1: Big Bully Brice|50\/100|[from] move: Revival Blessing\n|move|p2a: AAAAAAAAAAAAAAAA|Boomburst|p1a: Huge hands Hans\n|-damage|p1a: Huge hands Hans|24\/100\n|\n|-sideend|p1: ur mom v|move: Light Screen\n|upkeep\n|turn|10\n|\n|t:|1699974550\n|move|p1a: Huge hands Hans|Revival Blessing|p1a: Huge hands Hans\n|\n|t:|1699974559\n|-heal|p1: Tuff Toothy Tilly|50\/100|[from] move: Revival Blessing\n|move|p2a: AAAAAAAAAAAAAAAA|Boomburst|p1a: Huge hands Hans\n|-damage|p1a: Huge hands Hans|0 fnt\n|faint|p1a: Huge hands Hans\n|\n|upkeep\n|\n|t:|1699974566\n|switch|p1a: Big Bully Brice|Scizor-Mega, M|50\/100\n|turn|11\n|\n|t:|1699974568\n|move|p1a: Big Bully Brice|Bullet Punch|p2a: AAAAAAAAAAAAAAAA\n|-damage|p2a: AAAAAAAAAAAAAAAA|23\/100\n|move|p2a: AAAAAAAAAAAAAAAA|Heat Wave|p1a: Big Bully Brice\n|-supereffective|p1a: Big Bully Brice\n|-damage|p1a: Big Bully Brice|0 fnt\n|faint|p1a: Big Bully Brice\n|\n|upkeep\n|\n|t:|1699974574\n|switch|p1a: Tuff Toothy Tilly|Kommo-o, F|50\/100\n|turn|12\n|\n|t:|1699974577\n|move|p2a: AAAAAAAAAAAAAAAA|Chatter|p1a: Tuff Toothy Tilly\n|-supereffective|p1a: Tuff Toothy Tilly\n|-damage|p1a: Tuff Toothy Tilly|0 fnt\n|faint|p1a: Tuff Toothy Tilly\n|\n|upkeep\n|-message|ur mom v forfeited.\n|\n|win|Majima Constuction\n|raw|ur mom v's rating: 1152 &rarr; <strong>1126<\/strong><br \/>(-26 for losing)\n|raw|Majima Constuction's rating: 1141 &rarr; <strong>1167<\/strong><br \/>(+26 for winning)\n|l|\u2606ur mom v\n","uploadtime":1699974589,"views":4,"p1id":"urmomv","p2id":"majimaconstuction","formatid":"gen9nationaldex","rating":1126,"private":0,"password":""}