{"id":"gen9nationaldex-1993871254","p1":"chl158981215","p2":"RubikOff","format":"[Gen 9] National Dex","log":"|j|\u2606chl158981215\n|j|\u2606RubikOff\n|t:|1700367987\n|gametype|singles\n|player|p1|chl158981215|brycen|1305\n|player|p2|RubikOff|170|1331\n|teamsize|p1|6\n|teamsize|p2|6\n|gen|9\n|tier|[Gen 9] National Dex\n|rated|\n|rule|HP Percentage Mod: HP is shown in percentages\n|rule|Endless Battle Clause: Forcing endless battles is banned\n|rule|OHKO Clause: OHKO moves are banned\n|rule|Evasion Clause: Evasion abilities, items, and moves are banned\n|rule|Evasion Abilities Clause: Evasion abilities are banned\n|rule|Evasion Items Clause: Evasion items are banned\n|rule|Evasion Moves Clause: Evasion moves are banned\n|rule|Species Clause: Limit one of each Pok\u00e9mon\n|rule|Sleep Clause Mod: Limit one foe put to sleep\n|clearpoke\n|poke|p1|Landorus-Therian, M|\n|poke|p1|Tapu Koko|\n|poke|p1|Moltres|\n|poke|p1|Tapu Lele|\n|poke|p1|Scizor, F|\n|poke|p1|Samurott-Hisui, M|\n|poke|p2|Corviknight, F|\n|poke|p2|Ninetales-Alola, M|\n|poke|p2|Heatran, M|\n|poke|p2|Dragonite, F|\n|poke|p2|Amoonguss, M|\n|poke|p2|Landorus-Therian, M|\n|teampreview\n|inactive|Battle timer is ON: inactive players will automatically lose when time's up. (requested by chl158981215)\n|\n|t:|1700368004\n|start\n|switch|p1a: Scizor|Scizor, F|100\/100\n|switch|p2a: Landorus|Landorus-Therian, M|100\/100\n|-ability|p2a: Landorus|Intimidate|boost\n|-unboost|p1a: Scizor|atk|1\n|turn|1\n|\n|t:|1700368014\n|detailschange|p1a: Scizor|Scizor-Mega, F\n|-mega|p1a: Scizor|Scizor|Scizorite\n|move|p2a: Landorus|U-turn|p1a: Scizor\n|-resisted|p1a: Scizor\n|-damage|p1a: Scizor|87\/100\n|-damage|p2a: Landorus|91\/100|[from] item: Life Orb\n|\n|t:|1700368023\n|switch|p2a: Corviknight|Corviknight, F|100\/100|[from] U-turn\n|move|p1a: Scizor|Knock Off|p2a: Corviknight\n|-damage|p2a: Corviknight|85\/100\n|-damage|p1a: Scizor|71\/100|[from] item: Rocky Helmet|[of] p2a: Corviknight\n|-enditem|p2a: Corviknight|Rocky Helmet|[from] move: Knock Off|[of] p1a: Scizor\n|\n|upkeep\n|turn|2\n|\n|t:|1700368046\n|switch|p1a: Moltres|Moltres, shiny|100\/100\n|move|p2a: Corviknight|U-turn|p1a: Moltres\n|-resisted|p1a: Moltres\n|-damage|p1a: Moltres|97\/100\n|\n|t:|1700368057\n|switch|p2a: Heatran|Heatran, M|100\/100|[from] U-turn\n|\n|upkeep\n|turn|3\n|\n|t:|1700368063\n|move|p1a: Moltres|U-turn|p2a: Heatran\n|-resisted|p2a: Heatran\n|-damage|p2a: Heatran|97\/100\n|\n|t:|1700368070\n|switch|p1a: Landorus|Landorus-Therian, M|100\/100|[from] U-turn\n|-ability|p1a: Landorus|Intimidate|boost\n|-unboost|p2a: Heatran|atk|1\n|move|p2a: Heatran|Stealth Rock|p1a: Landorus\n|-sidestart|p1: chl158981215|move: Stealth Rock\n|\n|-heal|p2a: Heatran|100\/100|[from] item: Leftovers\n|upkeep\n|turn|4\n|\n|t:|1700368082\n|switch|p2a: Ninetales|Ninetales-Alola, M|100\/100\n|-weather|Snow|[from] ability: Snow Warning|[of] p2a: Ninetales\n|move|p1a: Landorus|Defog|p2a: Ninetales\n|-unboost|p2a: Ninetales|evasion|1\n|-sideend|p1: chl158981215|Stealth Rock|[from] move: Defog|[of] p1a: Landorus\n|\n|-weather|Snow|[upkeep]\n|upkeep\n|turn|5\n|\n|t:|1700368096\n|move|p2a: Ninetales|Blizzard|p1a: Landorus\n|-supereffective|p1a: Landorus\n|-damage|p1a: Landorus|0 fnt\n|faint|p1a: Landorus\n|\n|-weather|Snow|[upkeep]\n|upkeep\n|\n|t:|1700368105\n|switch|p1a: Samurott|Samurott-Hisui, M|100\/100\n|turn|6\n|\n|t:|1700368118\n|move|p2a: Ninetales|Moonblast|p1a: Samurott\n|-supereffective|p1a: Samurott\n|-damage|p1a: Samurott|33\/100\n|move|p1a: Samurott|Encore|p2a: Ninetales\n|-start|p2a: Ninetales|Encore\n|\n|-weather|Snow|[upkeep]\n|upkeep\n|turn|7\n|\n|t:|1700368129\n|switch|p2a: Corviknight|Corviknight, F|85\/100\n|switch|p1a: Moltres|Moltres, shiny|97\/100\n|\n|-weather|Snow|[upkeep]\n|upkeep\n|turn|8\n|\n|t:|1700368135\n|switch|p2a: Heatran|Heatran, M|100\/100\n|move|p1a: Moltres|U-turn|p2a: Heatran\n|-resisted|p2a: Heatran\n|-crit|p2a: Heatran\n|-damage|p2a: Heatran|96\/100\n|\n|t:|1700368141\n|switch|p1a: Samurott|Samurott-Hisui, M|33\/100|[from] U-turn\n|\n|-weather|none\n|-heal|p2a: Heatran|100\/100|[from] item: Leftovers\n|upkeep\n|turn|9\n|\n|t:|1700368156\n|switch|p2a: Corviknight|Corviknight, F|85\/100\n|move|p1a: Samurott|Razor Shell|p2a: Corviknight\n|-damage|p2a: Corviknight|54\/100\n|\n|upkeep\n|turn|10\n|\n|t:|1700368165\n|switch|p1a: Moltres|Moltres, shiny|97\/100\n|move|p2a: Corviknight|U-turn|p1a: Moltres\n|-resisted|p1a: Moltres\n|-damage|p1a: Moltres|94\/100\n|-message|chl158981215 forfeited.\n|\n|win|RubikOff\n|raw|chl158981215's rating: 1305 &rarr; <strong>1286<\/strong><br \/>(-19 for losing)\n|raw|RubikOff's rating: 1331 &rarr; <strong>1350<\/strong><br \/>(+19 for winning)\n|l|\u2606chl158981215\n","uploadtime":1700368186,"views":8,"p1id":"chl158981215","p2id":"rubikoff","formatid":"gen9nationaldex","rating":1286,"private":0,"password":""}