{"id":"gen9nationaldex-1992450669","p1":"Katze Aran","p2":"bosskingeee","format":"[Gen 9] National Dex","log":"|j|\u2606Katze Aran\n|j|\u2606bosskingeee\n|t:|1700189100\n|gametype|singles\n|player|p1|Katze Aran|102|1580\n|player|p2|bosskingeee|102|1539\n|teamsize|p1|6\n|teamsize|p2|6\n|gen|9\n|tier|[Gen 9] National Dex\n|rated|\n|rule|HP Percentage Mod: HP is shown in percentages\n|rule|Endless Battle Clause: Forcing endless battles is banned\n|rule|OHKO Clause: OHKO moves are banned\n|rule|Evasion Clause: Evasion abilities, items, and moves are banned\n|rule|Evasion Abilities Clause: Evasion abilities are banned\n|rule|Evasion Items Clause: Evasion items are banned\n|rule|Evasion Moves Clause: Evasion moves are banned\n|rule|Species Clause: Limit one of each Pok\u00e9mon\n|rule|Sleep Clause Mod: Limit one foe put to sleep\n|clearpoke\n|poke|p1|Meowscarada, F|\n|poke|p1|Gallade, M|\n|poke|p1|Glaceon, F|\n|poke|p1|Volcarona, F|\n|poke|p1|Ceruledge, M|\n|poke|p1|Dragonite, F|\n|poke|p2|Tapu Lele|\n|poke|p2|Zamazenta-*|\n|poke|p2|Heatran, M|\n|poke|p2|Garganacl, F|\n|poke|p2|Latias, F|\n|poke|p2|Comfey, F|\n|teampreview\n|\n|t:|1700189109\n|start\n|switch|p1a: Ceruledge|Ceruledge, M|100\/100\n|switch|p2a: Tapu Lele|Tapu Lele|100\/100\n|-fieldstart|move: Psychic Terrain|[from] ability: Psychic Surge|[of] p2a: Tapu Lele\n|turn|1\n|\n|t:|1700189118\n|move|p1a: Ceruledge|Swords Dance|p1a: Ceruledge\n|-boost|p1a: Ceruledge|atk|2\n|-zpower|p2a: Tapu Lele\n|move|p2a: Tapu Lele|Shattered Psyche|p1a: Ceruledge|[zeffect]\n|-enditem|p1a: Ceruledge|Focus Sash\n|-damage|p1a: Ceruledge|1\/100\n|\n|upkeep\n|turn|2\n|\n|t:|1700189133\n|move|p1a: Ceruledge|Bitter Blade|p2a: Tapu Lele\n|-damage|p2a: Tapu Lele|0 fnt\n|-heal|p1a: Ceruledge|60\/100|[from] drain|[of] p2a: Tapu Lele\n|faint|p2a: Tapu Lele\n|\n|upkeep\n|\n|t:|1700189146\n|switch|p2a: Zamazenta|Zamazenta|100\/100\n|-ability|p2a: Zamazenta|Dauntless Shield|boost\n|-boost|p2a: Zamazenta|def|1\n|turn|3\n|\n|t:|1700189153\n|-terastallize|p2a: Zamazenta|Fire\n|move|p2a: Zamazenta|Iron Defense|p2a: Zamazenta\n|-boost|p2a: Zamazenta|def|2\n|move|p1a: Ceruledge|Bitter Blade|p2a: Zamazenta\n|-resisted|p2a: Zamazenta\n|-damage|p2a: Zamazenta|89\/100\n|-heal|p1a: Ceruledge|66\/100|[from] drain|[of] p2a: Zamazenta\n|\n|-heal|p2a: Zamazenta|95\/100|[from] item: Leftovers\n|upkeep\n|turn|4\n|\n|t:|1700189165\n|switch|p1a: Dragonite|Dragonite, F|100\/100\n|move|p2a: Zamazenta|Iron Defense|p2a: Zamazenta\n|-boost|p2a: Zamazenta|def|2\n|\n|-heal|p2a: Zamazenta|100\/100|[from] item: Leftovers\n|upkeep\n|turn|5\n|\n|t:|1700189173\n|move|p2a: Zamazenta|Substitute|p2a: Zamazenta\n|-start|p2a: Zamazenta|Substitute\n|-damage|p2a: Zamazenta|75\/100\n|move|p1a: Dragonite|Thunder Wave||[still]\n|-fail|p1a: Dragonite\n|\n|-heal|p2a: Zamazenta|82\/100|[from] item: Leftovers\n|-fieldend|move: Psychic Terrain\n|upkeep\n|turn|6\n|\n|t:|1700189182\n|move|p2a: Zamazenta|Body Press|p1a: Dragonite\n|-resisted|p1a: Dragonite\n|-damage|p1a: Dragonite|73\/100\n|move|p1a: Dragonite|Earthquake|p2a: Zamazenta\n|-supereffective|p2a: Zamazenta\n|-activate|p2a: Zamazenta|move: Substitute|[damage]\n|\n|-heal|p2a: Zamazenta|88\/100|[from] item: Leftovers\n|upkeep\n|turn|7\n|\n|t:|1700189192\n|move|p2a: Zamazenta|Body Press|p1a: Dragonite\n|-resisted|p1a: Dragonite\n|-damage|p1a: Dragonite|20\/100\n|move|p1a: Dragonite|Earthquake|p2a: Zamazenta\n|-supereffective|p2a: Zamazenta\n|-activate|p2a: Zamazenta|move: Substitute|[damage]\n|\n|-heal|p2a: Zamazenta|94\/100|[from] item: Leftovers\n|upkeep\n|turn|8\n|\n|t:|1700189202\n|move|p2a: Zamazenta|Body Press|p1a: Dragonite\n|-resisted|p1a: Dragonite\n|-damage|p1a: Dragonite|0 fnt\n|faint|p1a: Dragonite\n|\n|-heal|p2a: Zamazenta|100\/100|[from] item: Leftovers\n|upkeep\n|\n|t:|1700189206\n|switch|p1a: Gallade|Gallade, M|100\/100\n|turn|9\n|\n|t:|1700189212\n|detailschange|p1a: Gallade|Gallade-Mega, M\n|-mega|p1a: Gallade|Gallade|Galladite\n|move|p2a: Zamazenta|Body Press|p1a: Gallade\n|-resisted|p1a: Gallade\n|-damage|p1a: Gallade|12\/100\n|move|p1a: Gallade|Bulk Up|p1a: Gallade\n|-boost|p1a: Gallade|atk|1\n|-boost|p1a: Gallade|def|1\n|\n|upkeep\n|turn|10\n|\n|t:|1700189222\n|move|p2a: Zamazenta|Body Press|p1a: Gallade\n|-resisted|p1a: Gallade\n|-damage|p1a: Gallade|0 fnt\n|faint|p1a: Gallade\n|\n|upkeep\n|\n|t:|1700189230\n|switch|p1a: Ceruledge|Ceruledge, M|66\/100\n|turn|11\n|\n|t:|1700189237\n|move|p2a: Zamazenta|Crunch|p1a: Ceruledge\n|-supereffective|p1a: Ceruledge\n|-damage|p1a: Ceruledge|4\/100\n|move|p1a: Ceruledge|Bitter Blade|p2a: Zamazenta\n|-resisted|p2a: Zamazenta\n|-activate|p2a: Zamazenta|move: Substitute|[damage]\n|-heal|p1a: Ceruledge|7\/100|[from] drain|[of] p2a: Zamazenta\n|\n|upkeep\n|turn|12\n|\n|t:|1700189246\n|move|p1a: Ceruledge|Shadow Sneak|p2a: Zamazenta\n|-end|p2a: Zamazenta|Substitute\n|move|p2a: Zamazenta|Crunch|p1a: Ceruledge\n|-supereffective|p1a: Ceruledge\n|-damage|p1a: Ceruledge|0 fnt\n|faint|p1a: Ceruledge\n|\n|upkeep\n|\n|t:|1700189250\n|switch|p1a: Glaceon|Glaceon, F|100\/100\n|turn|13\n|\n|t:|1700189256\n|-terastallize|p1a: Glaceon|Ground\n|move|p2a: Zamazenta|Body Press|p1a: Glaceon\n|-damage|p1a: Glaceon|0 fnt\n|faint|p1a: Glaceon\n|\n|upkeep\n|\n|t:|1700189263\n|switch|p1a: Meowscarada|Meowscarada, F|100\/100\n|turn|14\n|\n|t:|1700189267\n|move|p1a: Meowscarada|Low Kick|p2a: Zamazenta\n|-start|p1a: Meowscarada|typechange|Fighting|[from] ability: Protean\n|-damage|p2a: Zamazenta|89\/100\n|move|p2a: Zamazenta|Body Press|p1a: Meowscarada\n|-damage|p1a: Meowscarada|0 fnt\n|faint|p1a: Meowscarada\n|\n|-heal|p2a: Zamazenta|96\/100|[from] item: Leftovers\n|upkeep\n|\n|t:|1700189271\n|switch|p1a: Volcarona|Volcarona, F|100\/100\n|turn|15\n|\n|t:|1700189281\n|move|p2a: Zamazenta|Body Press|p1a: Volcarona\n|-resisted|p1a: Volcarona\n|-damage|p1a: Volcarona|37\/100\n|move|p1a: Volcarona|Quiver Dance|p1a: Volcarona\n|-boost|p1a: Volcarona|spa|1\n|-boost|p1a: Volcarona|spd|1\n|-boost|p1a: Volcarona|spe|1\n|\n|-heal|p2a: Zamazenta|100\/100|[from] item: Leftovers\n|upkeep\n|turn|16\n|\n|t:|1700189291\n|move|p1a: Volcarona|Roost|p1a: Volcarona\n|-heal|p1a: Volcarona|87\/100\n|-singleturn|p1a: Volcarona|move: Roost\n|move|p2a: Zamazenta|Body Press|p1a: Volcarona\n|-resisted|p1a: Volcarona\n|-damage|p1a: Volcarona|24\/100\n|\n|upkeep\n|turn|17\n|\n|t:|1700189298\n|move|p1a: Volcarona|Roost|p1a: Volcarona\n|-heal|p1a: Volcarona|74\/100\n|-singleturn|p1a: Volcarona|move: Roost\n|move|p2a: Zamazenta|Body Press|p1a: Volcarona\n|-resisted|p1a: Volcarona\n|-damage|p1a: Volcarona|2\/100\n|\n|upkeep\n|turn|18\n|-message|Katze Aran forfeited.\n|\n|win|bosskingeee\n|raw|Katze Aran's rating: 1580 &rarr; <strong>1558<\/strong><br \/>(-22 for losing)\n|raw|bosskingeee's rating: 1539 &rarr; <strong>1561<\/strong><br \/>(+22 for winning)\n|l|\u2606Katze Aran\n","uploadtime":1700189311,"views":15,"p1id":"katzearan","p2id":"bosskingeee","formatid":"gen9nationaldex","rating":1558,"private":0,"password":""}