{"id":"gen9nationaldex-1999464273","p1":"DanjNeesan","p2":"0d000721","format":"[Gen 9] National Dex","log":"|html|<div class=\"broadcast-blue\"><strong>[Gen 9] National Dex is currently suspecting Sneasler! For information on how to participate check out the <a href=\"https:\/\/www.smogon.com\/forums\/threads\/sv-national-dex-suspect-8-just-dance.3731534\/\">suspect thread<\/a>.<\/strong><\/div>\n|j|\u2606DanjNeesan\n|j|\u26060d000721\n|t:|1701084577\n|gametype|singles\n|player|p1|DanjNeesan|veteranf|1690\n|player|p2|0d000721|serena-masters3|1593\n|teamsize|p1|6\n|teamsize|p2|6\n|gen|9\n|tier|[Gen 9] National Dex\n|rated|\n|rule|HP Percentage Mod: HP is shown in percentages\n|rule|Endless Battle Clause: Forcing endless battles is banned\n|rule|OHKO Clause: OHKO moves are banned\n|rule|Evasion Clause: Evasion abilities, items, and moves are banned\n|rule|Evasion Abilities Clause: Evasion abilities are banned\n|rule|Evasion Items Clause: Evasion items are banned\n|rule|Evasion Moves Clause: Evasion moves are banned\n|rule|Species Clause: Limit one of each Pok\u00e9mon\n|rule|Sleep Clause Mod: Limit one foe put to sleep\n|clearpoke\n|poke|p1|Mawile, M|\n|poke|p1|Ferrothorn, M|\n|poke|p1|Slowbro, M|\n|poke|p1|Volcarona, M|\n|poke|p1|Landorus-Therian, M|\n|poke|p1|Clodsire, M|\n|poke|p2|Glimmora, F|\n|poke|p2|Greninja-*, M|\n|poke|p2|Dragonite, F|\n|poke|p2|Heatran, M|\n|poke|p2|Great Tusk|\n|poke|p2|Banette, M|\n|teampreview\n|inactive|Battle timer is ON: inactive players will automatically lose when time's up. (requested by 0d000721)\n|inactive|DanjNeesan has 120 seconds left.\n|\n|t:|1701084622\n|start\n|switch|p1a: Clodsire|Clodsire, M|100\/100\n|switch|p2a: Greninja|Greninja, M|100\/100\n|turn|1\n|\n|t:|1701084631\n|switch|p2a: Glimmora|Glimmora, F|100\/100\n|-terastallize|p1a: Clodsire|Dark\n|move|p1a: Clodsire|Spikes|p2a: Glimmora\n|-sidestart|p2: 0d000721|Spikes\n|\n|upkeep\n|turn|2\n|\n|t:|1701084638\n|move|p2a: Glimmora|Mortal Spin|p1a: Clodsire\n|-damage|p1a: Clodsire|93\/100\n|-status|p1a: Clodsire|psn\n|-sideend|p2: 0d000721|Spikes|[from] move: Mortal Spin|[of] p2a: Glimmora\n|move|p1a: Clodsire|Spikes|p2a: Glimmora\n|-sidestart|p2: 0d000721|Spikes\n|\n|-damage|p1a: Clodsire|81\/100 psn|[from] psn\n|upkeep\n|turn|3\n|\n|t:|1701084645\n|move|p2a: Glimmora|Stealth Rock|p1a: Clodsire\n|-sidestart|p1: DanjNeesan|move: Stealth Rock\n|move|p1a: Clodsire|Earthquake|p2a: Glimmora\n|-supereffective|p2a: Glimmora\n|-enditem|p2a: Glimmora|Focus Sash\n|-damage|p2a: Glimmora|1\/100\n|-activate|p2a: Glimmora|ability: Toxic Debris\n|-sidestart|p1: DanjNeesan|move: Toxic Spikes\n|\n|-damage|p1a: Clodsire|68\/100 psn|[from] psn\n|upkeep\n|turn|4\n|\n|t:|1701084654\n|switch|p1a: Ferrothorn|Ferrothorn, M|100\/100\n|-damage|p1a: Ferrothorn|94\/100|[from] Stealth Rock\n|move|p2a: Glimmora|Mortal Spin|p1a: Ferrothorn\n|-immune|p1a: Ferrothorn\n|\n|-heal|p1a: Ferrothorn|100\/100|[from] item: Leftovers\n|upkeep\n|turn|5\n|\n|t:|1701084664\n|switch|p2a: Heatran|Heatran, M|100\/100\n|-damage|p2a: Heatran|88\/100|[from] Spikes\n|move|p1a: Ferrothorn|Stealth Rock|p2a: Heatran\n|-sidestart|p2: 0d000721|move: Stealth Rock\n|\n|upkeep\n|turn|6\n|\n|t:|1701084672\n|switch|p1a: Clodsire|Clodsire, M, tera:Dark|68\/100 psn\n|move|p2a: Heatran|Eruption|p1a: Clodsire\n|-damage|p1a: Clodsire|35\/100 psn\n|\n|-damage|p1a: Clodsire|22\/100 psn|[from] psn\n|upkeep\n|turn|7\n|\n|t:|1701084679\n|move|p2a: Heatran|Eruption|p1a: Clodsire\n|-damage|p1a: Clodsire|0 fnt\n|faint|p1a: Clodsire\n|\n|upkeep\n|\n|t:|1701084683\n|switch|p1a: Landorus|Landorus-Therian, M|100\/100\n|-damage|p1a: Landorus|88\/100|[from] Stealth Rock\n|-ability|p1a: Landorus|Intimidate|boost\n|-unboost|p2a: Heatran|atk|1\n|turn|8\n|\n|t:|1701084688\n|-terastallize|p2a: Heatran|Fire\n|move|p2a: Heatran|Eruption|p1a: Landorus\n|-damage|p1a: Landorus|0 fnt\n|faint|p1a: Landorus\n|\n|upkeep\n|\n|t:|1701084694\n|switch|p1a: Slowbro|Slowbro, M|100\/100\n|-damage|p1a: Slowbro|88\/100|[from] Stealth Rock\n|-status|p1a: Slowbro|psn\n|turn|9\n|\n|t:|1701084701\n|switch|p2a: Glimmora|Glimmora, F|1\/100\n|-damage|p2a: Glimmora|0 fnt|[from] Spikes\n|faint|p2a: Glimmora\n|move|p1a: Slowbro|Scald|p2: Glimmora|[notarget]\n|-fail|p1a: Slowbro\n|\n|-damage|p1a: Slowbro|76\/100 psn|[from] psn\n|upkeep\n|\n|t:|1701084705\n|switch|p2a: Banette|Banette, M|100\/100\n|-damage|p2a: Banette|88\/100|[from] Spikes\n|-damage|p2a: Banette|76\/100|[from] Stealth Rock\n|-item|p1a: Slowbro|Rocky Helmet|[from] ability: Frisk|[of] p2a: Banette|[identify]\n|turn|10\n|\n|t:|1701084714\n|detailschange|p2a: Banette|Banette-Mega, M\n|-mega|p2a: Banette|Banette|Banettite\n|move|p2a: Banette|Poltergeist|p1a: Slowbro\n|-activate|p1a: Slowbro|move: Poltergeist|Rocky Helmet\n|-supereffective|p1a: Slowbro\n|-damage|p1a: Slowbro|0 fnt\n|faint|p1a: Slowbro\n|\n|upkeep\n|\n|t:|1701084722\n|switch|p1a: Mawile|Mawile, M|100\/100\n|-damage|p1a: Mawile|94\/100|[from] Stealth Rock\n|-ability|p1a: Mawile|Intimidate|boost\n|-unboost|p2a: Banette|atk|1\n|turn|11\n|\n|t:|1701084730\n|detailschange|p1a: Mawile|Mawile-Mega, M\n|-mega|p1a: Mawile|Mawile|Mawilite\n|move|p2a: Banette|Destiny Bond|p2a: Banette\n|-singlemove|p2a: Banette|Destiny Bond\n|move|p1a: Mawile|Knock Off|p2a: Banette\n|-supereffective|p2a: Banette\n|-damage|p2a: Banette|0 fnt\n|faint|p2a: Banette\n|-activate|p2a: Banette|move: Destiny Bond\n|faint|p1a: Mawile\n|\n|upkeep\n|\n|t:|1701084740\n|switch|p2a: Heatran|Heatran, M, tera:Fire|88\/100\n|switch|p1a: Ferrothorn|Ferrothorn, M|100\/100\n|-damage|p2a: Heatran|76\/100|[from] Spikes\n|-damage|p2a: Heatran|51\/100|[from] Stealth Rock\n|-damage|p1a: Ferrothorn|94\/100|[from] Stealth Rock\n|turn|12\n|\n|t:|1701084747\n|move|p2a: Heatran|Magma Storm|p1a: Ferrothorn|[miss]\n|-miss|p2a: Heatran|p1a: Ferrothorn\n|move|p1a: Ferrothorn|Body Press|p2a: Heatran\n|-damage|p2a: Heatran|25\/100\n|\n|-heal|p1a: Ferrothorn|100\/100|[from] item: Leftovers\n|upkeep\n|turn|13\n|\n|t:|1701084756\n|move|p2a: Heatran|Magma Storm|p1a: Ferrothorn\n|-supereffective|p1a: Ferrothorn\n|-damage|p1a: Ferrothorn|0 fnt\n|faint|p1a: Ferrothorn\n|\n|upkeep\n|\n|t:|1701084760\n|switch|p1a: Volcarona|Volcarona, M|100\/100\n|turn|14\n|\n|t:|1701084764\n|move|p2a: Heatran|Magma Storm|p1a: Volcarona\n|-damage|p1a: Volcarona|22\/100\n|-activate|p1a: Volcarona|move: Magma Storm|[of] p2a: Heatran\n|move|p1a: Volcarona|Quiver Dance|p1a: Volcarona\n|-boost|p1a: Volcarona|spa|1\n|-boost|p1a: Volcarona|spd|1\n|-boost|p1a: Volcarona|spe|1\n|\n|-damage|p1a: Volcarona|10\/100|[from] move: Magma Storm|[partiallytrapped]\n|upkeep\n|turn|15\n|\n|t:|1701084772\n|switch|p2a: Greninja|Greninja, M|100\/100\n|-damage|p2a: Greninja|88\/100|[from] Spikes\n|-damage|p2a: Greninja|76\/100|[from] Stealth Rock\n|move|p1a: Volcarona|Hidden Power|p2a: Greninja\n|-damage|p2a: Greninja|24\/100\n|\n|-end|p1a: Volcarona|Magma Storm|[partiallytrapped]|[silent]\n|upkeep\n|turn|16\n|\n|t:|1701084779\n|move|p2a: Greninja|Water Shuriken|p1a: Volcarona\n|-supereffective|p1a: Volcarona\n|-damage|p1a: Volcarona|0 fnt\n|faint|p1a: Volcarona\n|-hitcount|p1: Volcarona|1\n|-damage|p2a: Greninja|14\/100|[from] item: Life Orb\n|\n|win|0d000721\n|raw|DanjNeesan's rating: 1690 &rarr; <strong>1665<\/strong><br \/>(-25 for losing)\n|raw|0d000721's rating: 1593 &rarr; <strong>1618<\/strong><br \/>(+25 for winning)\n|l|\u2606DanjNeesan\n","uploadtime":1701084793,"views":5,"p1id":"danjneesan","p2id":"0d000721","formatid":"gen9nationaldex","rating":1618,"private":0,"password":""}