{"id":"gen9nationaldex-1993764606","p1":"lbwllj","p2":"Red Vs Showdown","format":"[Gen 9] National Dex","log":"|j|\u2606lbwllj\n|j|\u2606Red Vs Showdown\n|inactive|Battle timer is ON: inactive players will automatically lose when time's up.\n|t:|1700354515\n|gametype|singles\n|player|p1|lbwllj|zinnia|\n|player|p2|Red Vs Showdown|red-gen2|\n|teamsize|p1|6\n|teamsize|p2|6\n|gen|9\n|tier|[Gen 9] National Dex\n|rated|Tournament battle\n|rule|HP Percentage Mod: HP is shown in percentages\n|rule|Endless Battle Clause: Forcing endless battles is banned\n|rule|OHKO Clause: OHKO moves are banned\n|rule|Evasion Clause: Evasion abilities, items, and moves are banned\n|rule|Evasion Abilities Clause: Evasion abilities are banned\n|rule|Evasion Items Clause: Evasion items are banned\n|rule|Evasion Moves Clause: Evasion moves are banned\n|rule|Species Clause: Limit one of each Pok\u00e9mon\n|rule|Sleep Clause Mod: Limit one foe put to sleep\n|clearpoke\n|poke|p1|Polteageist-Antique|\n|poke|p1|Durant, M|\n|poke|p1|Minior-Blue|\n|poke|p1|Galvantula, M|\n|poke|p1|Porygon-Z|\n|poke|p1|Tapu Lele|\n|poke|p2|Pikachu, F|\n|poke|p2|Charizard, M|\n|poke|p2|Blastoise, M|\n|poke|p2|Venusaur, F|\n|poke|p2|Snorlax, M|\n|poke|p2|Espeon, F|\n|teampreview\n|c|\u2606Red Vs Showdown|...\n|\n|t:|1700354528\n|start\n|switch|p1a: \u5c0f\u9668\u661f\u4fa0|Minior-Blue|100\/100\n|switch|p2a: Pikachu|Pikachu, F|100\/100\n|-formechange|p1a: \u5c0f\u9668\u661f\u4fa0|Minior-Meteor||[from] ability: Shields Down\n|turn|1\n|j| CuriousStraightGuy\n|\n|t:|1700354533\n|switch|p1a: Polteageist|Polteageist-Antique|100\/100\n|move|p2a: Pikachu|Fake Out|p1a: Polteageist\n|-immune|p1a: Polteageist\n|\n|upkeep\n|turn|2\n|\n|t:|1700354547\n|move|p2a: Pikachu|Volt Tackle|p1a: Polteageist\n|-enditem|p1a: Polteageist|Focus Sash\n|-damage|p1a: Polteageist|1\/100\n|-ability|p1a: Polteageist|Weak Armor|boost\n|-unboost|p1a: Polteageist|def|1\n|-boost|p1a: Polteageist|spe|2\n|-damage|p2a: Pikachu|60\/100|[from] Recoil\n|move|p1a: Polteageist|Shell Smash|p1a: Polteageist\n|-unboost|p1a: Polteageist|def|1\n|-unboost|p1a: Polteageist|spd|1\n|-boost|p1a: Polteageist|atk|2\n|-boost|p1a: Polteageist|spa|2\n|-boost|p1a: Polteageist|spe|2\n|\n|upkeep\n|turn|3\n|c| CuriousStraightGuy|trash shell smash team\n|\n|t:|1700354561\n|switch|p2a: Blastoise|Blastoise, M|100\/100\n|move|p1a: Polteageist|Shadow Ball|p2a: Blastoise\n|-damage|p2a: Blastoise|13\/100\n|\n|-heal|p2a: Blastoise|19\/100|[from] item: Leftovers\n|upkeep\n|turn|4\n|\n|t:|1700354567\n|move|p1a: Polteageist|Shadow Ball|p2a: Blastoise\n|-damage|p2a: Blastoise|0 fnt\n|faint|p2a: Blastoise\n|\n|upkeep\n|\n|t:|1700354568\n|switch|p2a: Snorlax|Snorlax, M|100\/100\n|turn|5\n|\n|t:|1700354580\n|move|p1a: Polteageist|Stored Power|p2a: Snorlax\n|-damage|p2a: Snorlax|15\/100\n|move|p2a: Snorlax|Heat Crash|p1a: Polteageist\n|-damage|p1a: Polteageist|0 fnt\n|faint|p1a: Polteageist\n|\n|upkeep\n|\n|t:|1700354588\n|switch|p1a: \u5c0f\u9668\u661f\u4fa0|Minior-Blue|100\/100\n|-formechange|p1a: \u5c0f\u9668\u661f\u4fa0|Minior-Meteor||[from] ability: Shields Down\n|turn|6\n|\n|t:|1700354590\n|switch|p2a: Espeon|Espeon, F|100\/100\n|move|p1a: \u5c0f\u9668\u661f\u4fa0|Shell Smash|p1a: \u5c0f\u9668\u661f\u4fa0\n|-unboost|p1a: \u5c0f\u9668\u661f\u4fa0|def|1\n|-unboost|p1a: \u5c0f\u9668\u661f\u4fa0|spd|1\n|-boost|p1a: \u5c0f\u9668\u661f\u4fa0|atk|2\n|-boost|p1a: \u5c0f\u9668\u661f\u4fa0|spa|2\n|-boost|p1a: \u5c0f\u9668\u661f\u4fa0|spe|2\n|-enditem|p1a: \u5c0f\u9668\u661f\u4fa0|White Herb\n|-clearnegativeboost|p1a: \u5c0f\u9668\u661f\u4fa0|[silent]\n|\n|upkeep\n|turn|7\n|\n|t:|1700354598\n|move|p2a: Espeon|Psychic|p1a: \u5c0f\u9668\u661f\u4fa0\n|-damage|p1a: \u5c0f\u9668\u661f\u4fa0|35\/100\n|move|p1a: \u5c0f\u9668\u661f\u4fa0|Acrobatics|p2a: Espeon\n|-damage|p2a: Espeon|0 fnt\n|faint|p2a: Espeon\n|\n|-formechange|p1a: \u5c0f\u9668\u661f\u4fa0|Minior-Blue||[from] ability: Shields Down\n|upkeep\n|\n|t:|1700354600\n|switch|p2a: Pikachu|Pikachu, F|60\/100\n|turn|8\n|\n|t:|1700354607\n|-terastallize|p2a: Pikachu|Normal\n|move|p2a: Pikachu|Extreme Speed|p1a: \u5c0f\u9668\u661f\u4fa0\n|-resisted|p1a: \u5c0f\u9668\u661f\u4fa0\n|-damage|p1a: \u5c0f\u9668\u661f\u4fa0|0 fnt\n|faint|p1a: \u5c0f\u9668\u661f\u4fa0\n|\n|upkeep\n|\n|t:|1700354612\n|switch|p1a: Tapu Lele|Tapu Lele|100\/100\n|-fieldstart|move: Psychic Terrain|[from] ability: Psychic Surge|[of] p1a: Tapu Lele\n|turn|9\n|\n|t:|1700354614\n|switch|p2a: Snorlax|Snorlax, M|15\/100\n|move|p1a: Tapu Lele|Moonblast|p2a: Snorlax\n|-damage|p2a: Snorlax|0 fnt\n|faint|p2a: Snorlax\n|\n|upkeep\n|\n|t:|1700354616\n|switch|p2a: Charizard|Charizard, M|100\/100\n|turn|10\n|c| CuriousStraightGuy|so corny omg\n|\n|t:|1700354619\n|switch|p1a: Galvantula|Galvantula, M|100\/100\n|detailschange|p2a: Charizard|Charizard-Mega-Y, M\n|-mega|p2a: Charizard|Charizard|Charizardite Y\n|-weather|SunnyDay|[from] ability: Drought|[of] p2a: Charizard\n|move|p2a: Charizard|Fire Blast|p1a: Galvantula\n|-supereffective|p1a: Galvantula\n|-enditem|p1a: Galvantula|Focus Sash\n|-damage|p1a: Galvantula|1\/100\n|\n|-weather|SunnyDay|[upkeep]\n|upkeep\n|turn|11\n|\n|t:|1700354626\n|switch|p2a: Venusaur|Venusaur, F|100\/100\n|move|p1a: Galvantula|Thunder|p2a: Venusaur\n|-resisted|p2a: Venusaur\n|-damage|p2a: Venusaur|74\/100\n|-status|p2a: Venusaur|par\n|\n|-weather|SunnyDay|[upkeep]\n|upkeep\n|turn|12\n|\n|t:|1700354629\n|move|p1a: Galvantula|Hidden Power|p2a: Venusaur\n|-supereffective|p2a: Venusaur\n|-damage|p2a: Venusaur|34\/100 par\n|move|p2a: Venusaur|Sludge Bomb|p1a: Galvantula\n|-damage|p1a: Galvantula|0 fnt\n|faint|p1a: Galvantula\n|\n|-weather|SunnyDay|[upkeep]\n|upkeep\n|\n|t:|1700354635\n|switch|p1a: Tapu Lele|Tapu Lele|100\/100\n|turn|13\n|\n|t:|1700354640\n|move|p1a: Tapu Lele|Psychic|p2a: Venusaur\n|-supereffective|p2a: Venusaur\n|-damage|p2a: Venusaur|0 fnt\n|faint|p2a: Venusaur\n|\n|-weather|SunnyDay|[upkeep]\n|-fieldend|move: Psychic Terrain\n|upkeep\n|\n|t:|1700354642\n|switch|p2a: Charizard|Charizard-Mega-Y, M|100\/100\n|turn|14\n|\n|t:|1700354646\n|move|p2a: Charizard|Fire Blast|p1a: Tapu Lele\n|-damage|p1a: Tapu Lele|0 fnt\n|faint|p1a: Tapu Lele\n|\n|-weather|none\n|upkeep\n|\n|t:|1700354651\n|switch|p1a: Durant|Durant, M|100\/100\n|turn|15\n|\n|t:|1700354654\n|move|p1a: Durant|Thunder Fang|p2a: Charizard|[miss]\n|-miss|p1a: Durant|p2a: Charizard\n|move|p2a: Charizard|Fire Blast|p1a: Durant\n|-supereffective|p1a: Durant\n|-damage|p1a: Durant|0 fnt\n|faint|p1a: Durant\n|\n|upkeep\n|\n|t:|1700354657\n|switch|p1a: Porygon-Z|Porygon-Z|100\/100\n|turn|16\n|\n|t:|1700354663\n|move|p2a: Charizard|Fire Blast|p1a: Porygon-Z\n|-damage|p1a: Porygon-Z|6\/100\n|-zpower|p1a: Porygon-Z\n|move|p1a: Porygon-Z|Z-Conversion|p1a: Porygon-Z|[anim]Conversion\n|-boost|p1a: Porygon-Z|atk|1|[zeffect]\n|-boost|p1a: Porygon-Z|def|1|[zeffect]\n|-boost|p1a: Porygon-Z|spa|1|[zeffect]\n|-boost|p1a: Porygon-Z|spd|1|[zeffect]\n|-boost|p1a: Porygon-Z|spe|1|[zeffect]\n|-start|p1a: Porygon-Z|typechange|Electric\n|\n|upkeep\n|turn|17\n|\n|t:|1700354666\n|move|p1a: Porygon-Z|Thunderbolt|p2a: Charizard\n|-supereffective|p2a: Charizard\n|-damage|p2a: Charizard|0 fnt\n|faint|p2a: Charizard\n|\n|upkeep\n|\n|t:|1700354668\n|switch|p2a: Pikachu|Pikachu, F, tera:Normal|60\/100\n|turn|18\n|\n|t:|1700354670\n|move|p2a: Pikachu|Extreme Speed|p1a: Porygon-Z\n|-damage|p1a: Porygon-Z|0 fnt\n|faint|p1a: Porygon-Z\n|\n|win|Red Vs Showdown\n|n|\u2606lbwllj|lbwllj\n|n|\u2606Red Vs Showdown|redvsshowdown\n|n| CuriousStraightGuy|curiousstraightguy\n","uploadtime":1700354671,"views":8,"p1id":"lbwllj","p2id":"redvsshowdown","formatid":"gen9nationaldex","rating":0,"private":0,"password":""}