{"id":"gen9nationaldex-1987776538","p1":"Ricardo2221","p2":"SylverOmega","format":"[Gen 9] National Dex","log":"|j|\u2606Ricardo2221\n|j|\u2606SylverOmega\n|t:|1699635881\n|gametype|singles\n|player|p1|Ricardo2221|benga|\n|player|p2|SylverOmega|palmer|\n|teamsize|p1|6\n|teamsize|p2|6\n|gen|9\n|tier|[Gen 9] National Dex\n|rule|HP Percentage Mod: HP is shown in percentages\n|rule|Endless Battle Clause: Forcing endless battles is banned\n|rule|OHKO Clause: OHKO moves are banned\n|rule|Evasion Clause: Evasion abilities, items, and moves are banned\n|rule|Evasion Abilities Clause: Evasion abilities are banned\n|rule|Evasion Items Clause: Evasion items are banned\n|rule|Evasion Moves Clause: Evasion moves are banned\n|rule|Species Clause: Limit one of each Pok\u00e9mon\n|rule|Sleep Clause Mod: Limit one foe put to sleep\n|clearpoke\n|poke|p1|Zoroark-Hisui, M|\n|poke|p1|Ninetales, F|\n|poke|p1|Scovillain, M|\n|poke|p1|Dragonite, F|\n|poke|p1|Charizard, M|\n|poke|p1|Ceruledge, M|\n|poke|p2|Cinderace, M|\n|poke|p2|Greninja-*, M|\n|poke|p2|Corviknight, F|\n|poke|p2|Rillaboom, M|\n|poke|p2|Zoroark-Hisui, M|\n|poke|p2|Dragonite, M|\n|teampreview\n|inactive|Battle timer is ON: inactive players will automatically lose when time's up. (requested by Ricardo2221)\n|inactive|SylverOmega also wants the timer to be on.\n|inactive|SylverOmega has 270 seconds left.\n|c|\u2606SylverOmega|Hf\n|\n|t:|1699635937\n|start\n|switch|p1a: Inu yasha|Ninetales, F|100\/100\n|switch|p2a: Dragonite|Dragonite, M|100\/100\n|-weather|SunnyDay|[from] ability: Drought|[of] p1a: Inu yasha\n|turn|1\n|\n|t:|1699635946\n|move|p1a: Inu yasha|Will-O-Wisp|p2a: Dragonite\n|-status|p2a: Dragonite|brn\n|move|p2a: Dragonite|Dragon Dance|p2a: Dragonite\n|-boost|p2a: Dragonite|atk|1\n|-boost|p2a: Dragonite|spe|1\n|\n|-weather|SunnyDay|[upkeep]\n|-damage|p2a: Dragonite|94\/100 brn|[from] brn\n|upkeep\n|turn|2\n|\n|t:|1699635956\n|move|p2a: Dragonite|Dragon Dance|p2a: Dragonite\n|-boost|p2a: Dragonite|atk|1\n|-boost|p2a: Dragonite|spe|1\n|move|p1a: Inu yasha|Encore|p2a: Dragonite\n|-start|p2a: Dragonite|Encore\n|\n|-weather|SunnyDay|[upkeep]\n|-heal|p2a: Dragonite|100\/100 brn|[from] item: Leftovers\n|-damage|p2a: Dragonite|94\/100 brn|[from] brn\n|upkeep\n|turn|3\n|\n|t:|1699635972\n|switch|p1a: Fairy tail|Charizard, M|100\/100\n|move|p2a: Dragonite|Dragon Dance|p2a: Dragonite\n|-boost|p2a: Dragonite|atk|1\n|-boost|p2a: Dragonite|spe|1\n|\n|-weather|SunnyDay|[upkeep]\n|-heal|p2a: Dragonite|100\/100 brn|[from] item: Leftovers\n|-damage|p2a: Dragonite|94\/100 brn|[from] brn\n|upkeep\n|turn|4\n|\n|t:|1699635987\n|detailschange|p1a: Fairy tail|Charizard-Mega-X, M\n|-mega|p1a: Fairy tail|Charizard|Charizardite X\n|-terastallize|p2a: Dragonite|Normal\n|move|p2a: Dragonite|Dragon Dance|p2a: Dragonite\n|-boost|p2a: Dragonite|atk|1\n|-boost|p2a: Dragonite|spe|1\n|move|p1a: Fairy tail|Dragon Claw|p2a: Dragonite\n|-damage|p2a: Dragonite|34\/100 brn\n|\n|-weather|SunnyDay|[upkeep]\n|-heal|p2a: Dragonite|40\/100 brn|[from] item: Leftovers\n|-damage|p2a: Dragonite|34\/100 brn|[from] brn\n|upkeep\n|turn|5\n|\n|t:|1699636004\n|switch|p2a: Caballera|Corviknight, F, shiny|100\/100\n|move|p1a: Fairy tail|Fire Punch|p2a: Caballera\n|-supereffective|p2a: Caballera\n|-damage|p2a: Caballera|0 fnt\n|-damage|p1a: Fairy tail|84\/100|[from] item: Rocky Helmet|[of] p2a: Caballera\n|faint|p2a: Caballera\n|\n|-weather|SunnyDay|[upkeep]\n|upkeep\n|\n|t:|1699636018\n|switch|p2a: Alex Zabel|Cinderace, M, shiny|100\/100\n|turn|6\n|c|\u2606SylverOmega|Gg\n|\n|t:|1699636027\n|switch|p1a: Ceruledge|Ceruledge, M|100\/100\n|move|p2a: Alex Zabel|High Jump Kick|p1a: Ceruledge\n|-start|p2a: Alex Zabel|typechange|Fighting|[from] ability: Libero\n|-immune|p1a: Ceruledge\n|-damage|p2a: Alex Zabel|51\/100|[from] highjumpkick\n|\n|-weather|SunnyDay|[upkeep]\n|upkeep\n|turn|7\n|\n|t:|1699636039\n|move|p2a: Alex Zabel|U-turn|p1a: Ceruledge\n|-resisted|p1a: Ceruledge\n|-damage|p1a: Ceruledge|92\/100\n|-ability|p1a: Ceruledge|Weak Armor|boost\n|-unboost|p1a: Ceruledge|def|1\n|-boost|p1a: Ceruledge|spe|2\n|\n|t:|1699636048\n|switch|p2a: Dragonite|Dragonite, M, tera:Normal|34\/100 brn|[from] U-turn\n|move|p1a: Ceruledge|Swords Dance|p1a: Ceruledge\n|-boost|p1a: Ceruledge|atk|2\n|\n|-weather|SunnyDay|[upkeep]\n|-heal|p2a: Dragonite|40\/100 brn|[from] item: Leftovers\n|-damage|p2a: Dragonite|34\/100 brn|[from] brn\n|upkeep\n|turn|8\n|\n|t:|1699636060\n|move|p1a: Ceruledge|Bitter Blade|p2a: Dragonite\n|-damage|p2a: Dragonite|0 fnt\n|-heal|p1a: Ceruledge|100\/100|[from] drain|[of] p2a: Dragonite\n|faint|p2a: Dragonite\n|\n|-weather|none\n|upkeep\n|\n|t:|1699636068\n|switch|p2a: Narutito|Greninja, M|100\/100\n|turn|9\n|\n|t:|1699636074\n|move|p1a: Ceruledge|Close Combat|p2a: Narutito\n|-supereffective|p2a: Narutito\n|-enditem|p2a: Narutito|Focus Sash\n|-damage|p2a: Narutito|1\/100\n|-unboost|p1a: Ceruledge|def|1\n|-unboost|p1a: Ceruledge|spd|1\n|move|p2a: Narutito|Scald|p1a: Ceruledge\n|-supereffective|p1a: Ceruledge\n|-enditem|p1a: Ceruledge|Focus Sash\n|-damage|p1a: Ceruledge|1\/100\n|\n|upkeep\n|turn|10\n|\n|t:|1699636092\n|move|p1a: Ceruledge|Shadow Sneak|p2a: Narutito\n|-resisted|p2a: Narutito\n|-damage|p2a: Narutito|0 fnt\n|faint|p2a: Narutito\n|\n|upkeep\n|\n|t:|1699636100\n|switch|p2a: Rillaboom|Rillaboom, M|100\/100\n|turn|11\n|\n|t:|1699636105\n|move|p1a: Ceruledge|Shadow Sneak|p2a: Rillaboom\n|-immune|p2a: Rillaboom\n|move|p2a: Rillaboom|Icy Wind|p1a: Ceruledge\n|-resisted|p1a: Ceruledge\n|-damage|p1a: Ceruledge|0 fnt\n|faint|p1a: Ceruledge\n|\n|upkeep\n|\n|t:|1699636113\n|switch|p1a: Inu yasha|Ninetales, F|100\/100\n|-weather|SunnyDay|[from] ability: Drought|[of] p1a: Inu yasha\n|turn|12\n|\n|t:|1699636122\n|switch|p2a: Alex Zabel|Cinderace, M, shiny|51\/100\n|move|p1a: Inu yasha|Weather Ball|p2a: Alex Zabel\n|-resisted|p2a: Alex Zabel\n|-damage|p2a: Alex Zabel|11\/100\n|\n|-weather|SunnyDay|[upkeep]\n|upkeep\n|turn|13\n|\n|t:|1699636134\n|move|p2a: Alex Zabel|High Jump Kick|p1a: Inu yasha\n|-start|p2a: Alex Zabel|typechange|Fighting|[from] ability: Libero\n|-damage|p1a: Inu yasha|1\/100\n|move|p1a: Inu yasha|Weather Ball|p2a: Alex Zabel\n|-damage|p2a: Alex Zabel|0 fnt\n|faint|p2a: Alex Zabel\n|\n|-weather|SunnyDay|[upkeep]\n|upkeep\n|\n|t:|1699636148\n|switch|p2a: Rillaboom|Rillaboom, M|100\/100\n|turn|14\n|\n|t:|1699636154\n|move|p2a: Rillaboom|Icy Wind|p1a: Inu yasha\n|-resisted|p1a: Inu yasha\n|-damage|p1a: Inu yasha|0 fnt\n|faint|p1a: Inu yasha\n|\n|-weather|SunnyDay|[upkeep]\n|upkeep\n|\n|t:|1699636158\n|switch|p1a: Food wars|Scovillain, M|100\/100\n|turn|15\n|\n|t:|1699636174\n|move|p1a: Food wars|Flamethrower|p2a: Rillaboom\n|-enditem|p2a: Rillaboom|Focus Sash\n|-damage|p2a: Rillaboom|1\/100\n|replace|p2a: Zoroark|Zoroark-Hisui, M\n|-end|p2a: Zoroark|Illusion\n|move|p2a: Zoroark|Hyper Voice|p1a: Food wars\n|-damage|p1a: Food wars|14\/100\n|\n|-weather|SunnyDay|[upkeep]\n|upkeep\n|turn|16\n|\n|t:|1699636185\n|move|p1a: Food wars|Flamethrower|p2a: Zoroark\n|-damage|p2a: Zoroark|0 fnt\n|faint|p2a: Zoroark\n|\n|-weather|SunnyDay|[upkeep]\n|upkeep\n|\n|t:|1699636192\n|switch|p2a: Rillaboom|Rillaboom, M|100\/100\n|-fieldstart|move: Grassy Terrain|[from] ability: Grassy Surge|[of] p2a: Rillaboom\n|turn|17\n|\n|t:|1699636199\n|move|p2a: Rillaboom|Grassy Glide|p1a: Food wars\n|-resisted|p1a: Food wars\n|-damage|p1a: Food wars|0 fnt\n|faint|p1a: Food wars\n|\n|-weather|SunnyDay|[upkeep]\n|upkeep\n|\n|t:|1699636209\n|switch|p1a: Fairy tail|Charizard-Mega-X, M|84\/100\n|turn|18\n|\n|t:|1699636215\n|move|p1a: Fairy tail|Fire Punch|p2a: Rillaboom\n|-supereffective|p2a: Rillaboom\n|-damage|p2a: Rillaboom|0 fnt\n|faint|p2a: Rillaboom\n|\n|win|Ricardo2221\n","uploadtime":1699636220,"views":5,"p1id":"ricardo2221","p2id":"sylveromega","formatid":"gen9nationaldex","rating":0,"private":0,"password":""}