{"id":"gen9nationaldex-1987919588","p1":"andrewtb491","p2":"bullssseye","format":"[Gen 9] National Dex","log":"|j|\u2606andrewtb491\n|j|\u2606bullssseye\n|t:|1699649174\n|gametype|singles\n|player|p1|andrewtb491|169|1349\n|player|p2|bullssseye|firebreather|1319\n|teamsize|p1|6\n|teamsize|p2|6\n|gen|9\n|tier|[Gen 9] National Dex\n|rated|\n|rule|HP Percentage Mod: HP is shown in percentages\n|rule|Endless Battle Clause: Forcing endless battles is banned\n|rule|OHKO Clause: OHKO moves are banned\n|rule|Evasion Clause: Evasion abilities, items, and moves are banned\n|rule|Evasion Abilities Clause: Evasion abilities are banned\n|rule|Evasion Items Clause: Evasion items are banned\n|rule|Evasion Moves Clause: Evasion moves are banned\n|rule|Species Clause: Limit one of each Pok\u00e9mon\n|rule|Sleep Clause Mod: Limit one foe put to sleep\n|clearpoke\n|poke|p1|Blaziken, M|\n|poke|p1|Ninetales-Alola, F|\n|poke|p1|Gliscor, F|\n|poke|p1|Milotic, M|\n|poke|p1|Thundurus, M|\n|poke|p1|Corviknight, F|\n|poke|p2|Ninetales-Alola, M|\n|poke|p2|Volcarona, F|\n|poke|p2|Zapdos|\n|poke|p2|Scizor, M|\n|poke|p2|Urshifu-*, M|\n|poke|p2|Garchomp, F|\n|teampreview\n|\n|t:|1699649182\n|start\n|switch|p1a: Ninetales|Ninetales-Alola, F|100\/100\n|switch|p2a: Ninetales|Ninetales-Alola, M|100\/100\n|-weather|Snow|[from] ability: Snow Warning|[of] p1a: Ninetales\n|turn|1\n|\n|t:|1699649189\n|move|p2a: Ninetales|Aurora Veil|p2a: Ninetales\n|-sidestart|p2: bullssseye|move: Aurora Veil\n|move|p1a: Ninetales|Aurora Veil|p1a: Ninetales\n|-sidestart|p1: andrewtb491|move: Aurora Veil\n|\n|-weather|Snow|[upkeep]\n|upkeep\n|turn|2\n|inactive|Battle timer is ON: inactive players will automatically lose when time's up. (requested by bullssseye)\n|\n|t:|1699649197\n|switch|p1a: Blaziken|Blaziken, M|100\/100\n|move|p2a: Ninetales|Toxic|p1a: Blaziken\n|-status|p1a: Blaziken|tox\n|\n|-weather|Snow|[upkeep]\n|-damage|p1a: Blaziken|95\/100 tox|[from] psn\n|upkeep\n|turn|3\n|\n|t:|1699649205\n|switch|p2a: Zapdos|Zapdos|100\/100\n|move|p1a: Blaziken|Swords Dance|p1a: Blaziken\n|-boost|p1a: Blaziken|atk|2\n|\n|-weather|Snow|[upkeep]\n|-damage|p1a: Blaziken|83\/100 tox|[from] psn\n|-ability|p1a: Blaziken|Speed Boost|boost\n|-boost|p1a: Blaziken|spe|1\n|upkeep\n|turn|4\n|\n|t:|1699649221\n|-terastallize|p1a: Blaziken|Fire\n|move|p1a: Blaziken|Flare Blitz|p2a: Zapdos\n|-damage|p2a: Zapdos|3\/100\n|-damage|p1a: Blaziken|43\/100 tox|[from] Recoil\n|move|p2a: Zapdos|Hurricane|p1a: Blaziken\n|-damage|p1a: Blaziken|9\/100 tox\n|-start|p1a: Blaziken|confusion\n|\n|-weather|Snow|[upkeep]\n|-damage|p1a: Blaziken|0 fnt|[from] psn\n|faint|p1a: Blaziken\n|upkeep\n|\n|t:|1699649235\n|switch|p1a: Ninetales|Ninetales-Alola, F|100\/100\n|turn|5\n|\n|t:|1699649239\n|switch|p2a: Scizor|Scizor, M|100\/100\n|move|p1a: Ninetales|Freeze-Dry|p2a: Scizor\n|-resisted|p2a: Scizor\n|-damage|p2a: Scizor|94\/100\n|\n|-weather|none\n|upkeep\n|turn|6\n|\n|t:|1699649246\n|switch|p1a: Milotic|Milotic, M|100\/100\n|detailschange|p2a: Scizor|Scizor-Mega, M\n|-mega|p2a: Scizor|Scizor|Scizorite\n|move|p2a: Scizor|Swords Dance|p2a: Scizor\n|-boost|p2a: Scizor|atk|2\n|\n|upkeep\n|turn|7\n|\n|t:|1699649253\n|move|p2a: Scizor|Swords Dance|p2a: Scizor\n|-boost|p2a: Scizor|atk|2\n|move|p1a: Milotic|Scald|p2a: Scizor\n|-damage|p2a: Scizor|76\/100\n|-status|p2a: Scizor|brn\n|\n|-damage|p2a: Scizor|70\/100 brn|[from] brn\n|upkeep\n|turn|8\n|\n|t:|1699649262\n|move|p2a: Scizor|Trailblaze|p1a: Milotic\n|-supereffective|p1a: Milotic\n|-damage|p1a: Milotic|37\/100\n|-boost|p2a: Scizor|spe|1\n|move|p1a: Milotic|Haze|p1a: Milotic\n|-clearallboost\n|\n|-heal|p1a: Milotic|43\/100|[from] item: Leftovers\n|-damage|p2a: Scizor|64\/100 brn|[from] brn\n|-sideend|p1: andrewtb491|move: Aurora Veil\n|-sideend|p2: bullssseye|move: Aurora Veil\n|upkeep\n|turn|9\n|\n|t:|1699649272\n|move|p2a: Scizor|Trailblaze|p1a: Milotic\n|-supereffective|p1a: Milotic\n|-crit|p1a: Milotic\n|-damage|p1a: Milotic|0 fnt\n|-boost|p2a: Scizor|spe|1\n|faint|p1a: Milotic\n|\n|-damage|p2a: Scizor|58\/100 brn|[from] brn\n|upkeep\n|\n|t:|1699649282\n|switch|p1a: Thundurus|Thundurus, M|100\/100\n|turn|10\n|\n|t:|1699649298\n|move|p2a: Scizor|Dual Wingbeat|p1a: Thundurus\n|-resisted|p1a: Thundurus\n|-damage|p1a: Thundurus|92\/100\n|-resisted|p1a: Thundurus\n|-damage|p1a: Thundurus|85\/100\n|-hitcount|p1a: Thundurus|2\n|move|p1a: Thundurus|Discharge|p2a: Scizor\n|-damage|p2a: Scizor|16\/100 brn\n|\n|-heal|p1a: Thundurus|91\/100|[from] item: Leftovers\n|-damage|p2a: Scizor|10\/100 brn|[from] brn\n|upkeep\n|turn|11\n|\n|t:|1699649312\n|move|p2a: Scizor|Dual Wingbeat|p1a: Thundurus\n|-resisted|p1a: Thundurus\n|-damage|p1a: Thundurus|83\/100\n|-resisted|p1a: Thundurus\n|-damage|p1a: Thundurus|75\/100\n|-hitcount|p1a: Thundurus|2\n|move|p1a: Thundurus|U-turn|p2a: Scizor\n|-resisted|p2a: Scizor\n|-damage|p2a: Scizor|2\/100 brn\n|\n|t:|1699649321\n|switch|p1a: Corviknight|Corviknight, F|100\/100|[from] U-turn\n|\n|-damage|p2a: Scizor|0 fnt|[from] brn\n|faint|p2a: Scizor\n|upkeep\n|\n|t:|1699649327\n|switch|p2a: Volcarona|Volcarona, F|100\/100\n|turn|12\n|\n|t:|1699649335\n|switch|p1a: Thundurus|Thundurus, M|75\/100\n|-terastallize|p2a: Volcarona|Rock\n|move|p2a: Volcarona|Quiver Dance|p2a: Volcarona\n|-boost|p2a: Volcarona|spa|1\n|-boost|p2a: Volcarona|spd|1\n|-boost|p2a: Volcarona|spe|1\n|\n|-heal|p1a: Thundurus|81\/100|[from] item: Leftovers\n|upkeep\n|turn|13\n|\n|t:|1699649344\n|move|p1a: Thundurus|Thunder Wave|p2a: Volcarona\n|-status|p2a: Volcarona|par\n|move|p2a: Volcarona|Tera Blast|p1a: Thundurus|[anim] Tera Blast Rock\n|-supereffective|p1a: Thundurus\n|-damage|p1a: Thundurus|0 fnt\n|faint|p1a: Thundurus\n|\n|upkeep\n|\n|t:|1699649354\n|switch|p1a: Gliscor|Gliscor, F|100\/100\n|turn|14\n|\n|t:|1699649360\n|move|p1a: Gliscor|Protect|p1a: Gliscor\n|-singleturn|p1a: Gliscor|Protect\n|cant|p2a: Volcarona|par\n|\n|-status|p1a: Gliscor|tox|[from] item: Toxic Orb\n|upkeep\n|turn|15\n|\n|t:|1699649366\n|move|p1a: Gliscor|Earthquake|p2a: Volcarona\n|-supereffective|p2a: Volcarona\n|-damage|p2a: Volcarona|0 fnt\n|faint|p2a: Volcarona\n|\n|upkeep\n|\n|t:|1699649372\n|switch|p2a: Ninetales|Ninetales-Alola, M|100\/100\n|-weather|Snow|[from] ability: Snow Warning|[of] p2a: Ninetales\n|turn|16\n|\n|t:|1699649376\n|switch|p1a: Ninetales|Ninetales-Alola, F|100\/100\n|move|p2a: Ninetales|Aurora Veil|p2a: Ninetales\n|-sidestart|p2: bullssseye|move: Aurora Veil\n|\n|-weather|Snow|[upkeep]\n|upkeep\n|turn|17\n|\n|t:|1699649382\n|move|p2a: Ninetales|Toxic|p1a: Ninetales\n|-status|p1a: Ninetales|tox\n|move|p1a: Ninetales|Aurora Veil|p1a: Ninetales\n|-sidestart|p1: andrewtb491|move: Aurora Veil\n|\n|-weather|Snow|[upkeep]\n|-damage|p1a: Ninetales|94\/100 tox|[from] psn\n|upkeep\n|turn|18\n|\n|t:|1699649390\n|switch|p1a: Corviknight|Corviknight, F|100\/100\n|move|p2a: Ninetales|Encore||[still]\n|-fail|p2a: Ninetales\n|\n|-weather|Snow|[upkeep]\n|upkeep\n|turn|19\n|\n|t:|1699649400\n|move|p2a: Ninetales|Blizzard|p1a: Corviknight\n|-damage|p1a: Corviknight|89\/100\n|move|p1a: Corviknight|Body Press|p2a: Ninetales\n|-damage|p2a: Ninetales|93\/100\n|\n|-weather|Snow|[upkeep]\n|upkeep\n|turn|20\n|\n|t:|1699649413\n|switch|p2a: Zapdos|Zapdos|3\/100\n|move|p1a: Corviknight|Iron Defense|p1a: Corviknight\n|-boost|p1a: Corviknight|def|2\n|\n|-weather|none\n|upkeep\n|turn|21\n|\n|t:|1699649419\n|move|p2a: Zapdos|Roost|p2a: Zapdos\n|-heal|p2a: Zapdos|53\/100\n|-singleturn|p2a: Zapdos|move: Roost\n|move|p1a: Corviknight|Iron Defense|p1a: Corviknight\n|-boost|p1a: Corviknight|def|2\n|\n|upkeep\n|turn|22\n|\n|t:|1699649425\n|move|p2a: Zapdos|Volt Switch|p1a: Corviknight\n|-supereffective|p1a: Corviknight\n|-damage|p1a: Corviknight|69\/100\n|\n|t:|1699649439\n|switch|p2a: Ninetales|Ninetales-Alola, M|93\/100|[from] Volt Switch\n|-weather|Snow|[from] ability: Snow Warning|[of] p2a: Ninetales\n|move|p1a: Corviknight|Body Press|p2a: Ninetales\n|-damage|p2a: Ninetales|68\/100\n|\n|-weather|Snow|[upkeep]\n|upkeep\n|turn|23\n|\n|t:|1699649448\n|move|p2a: Ninetales|Blizzard|p1a: Corviknight\n|-damage|p1a: Corviknight|57\/100\n|move|p1a: Corviknight|Body Press|p2a: Ninetales\n|-damage|p2a: Ninetales|43\/100\n|\n|-weather|Snow|[upkeep]\n|-sideend|p2: bullssseye|move: Aurora Veil\n|upkeep\n|turn|24\n|\n|t:|1699649457\n|move|p2a: Ninetales|Aurora Veil|p2a: Ninetales\n|-sidestart|p2: bullssseye|move: Aurora Veil\n|move|p1a: Corviknight|Body Press|p2a: Ninetales\n|-damage|p2a: Ninetales|18\/100\n|\n|-weather|Snow|[upkeep]\n|-sideend|p1: andrewtb491|move: Aurora Veil\n|upkeep\n|turn|25\n|\n|t:|1699649462\n|switch|p2a: Zapdos|Zapdos|53\/100\n|move|p1a: Corviknight|Body Press|p2a: Zapdos\n|-resisted|p2a: Zapdos\n|-damage|p2a: Zapdos|37\/100\n|\n|-weather|Snow|[upkeep]\n|upkeep\n|turn|26\n|\n|t:|1699649470\n|switch|p1a: Ninetales|Ninetales-Alola, F|94\/100 tox\n|move|p2a: Zapdos|Volt Switch|p1a: Ninetales\n|-damage|p1a: Ninetales|66\/100 tox\n|\n|t:|1699649475\n|switch|p2a: Urshifu|Urshifu-Rapid-Strike, M|100\/100|[from] Volt Switch\n|\n|-weather|none\n|-damage|p1a: Ninetales|60\/100 tox|[from] psn\n|upkeep\n|turn|27\n|\n|t:|1699649480\n|move|p2a: Urshifu|Close Combat|p1a: Ninetales\n|-damage|p1a: Ninetales|0 fnt\n|-unboost|p2a: Urshifu|def|1\n|-unboost|p2a: Urshifu|spd|1\n|faint|p1a: Ninetales\n|\n|upkeep\n|\n|t:|1699649486\n|switch|p1a: Corviknight|Corviknight, F|57\/100\n|turn|28\n|\n|t:|1699649490\n|switch|p2a: Zapdos|Zapdos|37\/100\n|move|p1a: Corviknight|Iron Defense|p1a: Corviknight\n|-boost|p1a: Corviknight|def|2\n|\n|upkeep\n|turn|29\n|\n|t:|1699649496\n|move|p2a: Zapdos|Volt Switch|p1a: Corviknight\n|-supereffective|p1a: Corviknight\n|-damage|p1a: Corviknight|17\/100\n|\n|t:|1699649500\n|switch|p2a: Garchomp|Garchomp, F|100\/100|[from] Volt Switch\n|move|p1a: Corviknight|Roost|p1a: Corviknight\n|-heal|p1a: Corviknight|67\/100\n|-singleturn|p1a: Corviknight|move: Roost\n|\n|upkeep\n|turn|30\n|\n|t:|1699649507\n|move|p2a: Garchomp|Swords Dance|p2a: Garchomp\n|-boost|p2a: Garchomp|atk|2\n|move|p1a: Corviknight|Iron Defense|p1a: Corviknight\n|-boost|p1a: Corviknight|def|2\n|\n|upkeep\n|turn|31\n|\n|t:|1699649513\n|move|p2a: Garchomp|Swords Dance|p2a: Garchomp\n|-boost|p2a: Garchomp|atk|2\n|move|p1a: Corviknight|Body Press|p2a: Garchomp\n|-damage|p2a: Garchomp|74\/100\n|-damage|p1a: Corviknight|55\/100|[from] ability: Rough Skin|[of] p2a: Garchomp\n|\n|-sideend|p2: bullssseye|move: Aurora Veil\n|upkeep\n|turn|32\n|\n|t:|1699649520\n|move|p2a: Garchomp|Swords Dance|p2a: Garchomp\n|-boost|p2a: Garchomp|atk|2\n|move|p1a: Corviknight|Roost|p1a: Corviknight\n|-heal|p1a: Corviknight|100\/100\n|-singleturn|p1a: Corviknight|move: Roost\n|\n|upkeep\n|turn|33\n|\n|t:|1699649530\n|move|p2a: Garchomp|Scale Shot|p1a: Corviknight\n|-resisted|p1a: Corviknight\n|-damage|p1a: Corviknight|94\/100\n|-resisted|p1a: Corviknight\n|-damage|p1a: Corviknight|86\/100\n|-resisted|p1a: Corviknight\n|-damage|p1a: Corviknight|79\/100\n|-resisted|p1a: Corviknight\n|-crit|p1a: Corviknight\n|-damage|p1a: Corviknight|48\/100\n|-hitcount|p1a: Corviknight|4\n|-unboost|p2a: Garchomp|def|1\n|-boost|p2a: Garchomp|spe|1\n|move|p1a: Corviknight|Iron Defense|p1a: Corviknight\n|-boost|p1a: Corviknight|def|2\n|\n|upkeep\n|turn|34\n|\n|t:|1699649543\n|move|p2a: Garchomp|Iron Head|p1a: Corviknight\n|-resisted|p1a: Corviknight\n|-damage|p1a: Corviknight|36\/100\n|-damage|p2a: Garchomp|58\/100|[from] item: Rocky Helmet|[of] p1a: Corviknight\n|move|p1a: Corviknight|Roost|p1a: Corviknight\n|-heal|p1a: Corviknight|86\/100\n|-singleturn|p1a: Corviknight|move: Roost\n|\n|upkeep\n|turn|35\n|\n|t:|1699649552\n|switch|p2a: Zapdos|Zapdos|37\/100\n|move|p1a: Corviknight|Body Press|p2a: Zapdos\n|-resisted|p2a: Zapdos\n|-damage|p2a: Zapdos|0 fnt\n|faint|p2a: Zapdos\n|\n|upkeep\n|\n|t:|1699649555\n|switch|p2a: Ninetales|Ninetales-Alola, M|18\/100\n|-weather|Snow|[from] ability: Snow Warning|[of] p2a: Ninetales\n|turn|36\n|\n|t:|1699649561\n|move|p2a: Ninetales|Aurora Veil|p2a: Ninetales\n|-sidestart|p2: bullssseye|move: Aurora Veil\n|move|p1a: Corviknight|Body Press|p2a: Ninetales\n|-damage|p2a: Ninetales|0 fnt\n|faint|p2a: Ninetales\n|\n|-weather|Snow|[upkeep]\n|upkeep\n|\n|t:|1699649567\n|switch|p2a: Urshifu|Urshifu-Rapid-Strike, M|100\/100\n|turn|37\n|\n|t:|1699649571\n|move|p2a: Urshifu|Surging Strikes|p1a: Corviknight\n|-crit|p1a: Corviknight\n|-damage|p1a: Corviknight|69\/100\n|-damage|p2a: Urshifu|84\/100|[from] item: Rocky Helmet|[of] p1a: Corviknight\n|-crit|p1a: Corviknight\n|-damage|p1a: Corviknight|54\/100\n|-damage|p2a: Urshifu|67\/100|[from] item: Rocky Helmet|[of] p1a: Corviknight\n|-crit|p1a: Corviknight\n|-damage|p1a: Corviknight|39\/100\n|-damage|p2a: Urshifu|50\/100|[from] item: Rocky Helmet|[of] p1a: Corviknight\n|-hitcount|p1a: Corviknight|3\n|move|p1a: Corviknight|Defog|p2a: Urshifu\n|-unboost|p2a: Urshifu|evasion|1\n|-sideend|p2: bullssseye|move: Aurora Veil\n|\n|-weather|Snow|[upkeep]\n|upkeep\n|turn|38\n|\n|t:|1699649585\n|move|p2a: Urshifu|Surging Strikes|p1a: Corviknight\n|-crit|p1a: Corviknight\n|-damage|p1a: Corviknight|22\/100\n|-damage|p2a: Urshifu|34\/100|[from] item: Rocky Helmet|[of] p1a: Corviknight\n|-crit|p1a: Corviknight\n|-damage|p1a: Corviknight|4\/100\n|-damage|p2a: Urshifu|17\/100|[from] item: Rocky Helmet|[of] p1a: Corviknight\n|-crit|p1a: Corviknight\n|-damage|p1a: Corviknight|0 fnt\n|-damage|p2a: Urshifu|0 fnt|[from] item: Rocky Helmet|[of] p1a: Corviknight\n|faint|p1a: Corviknight\n|faint|p2a: Urshifu\n|-hitcount|p1: Corviknight|3\n|\n|-weather|Snow|[upkeep]\n|upkeep\n|\n|t:|1699649597\n|switch|p2a: Garchomp|Garchomp, F|58\/100\n|switch|p1a: Gliscor|Gliscor, F|100\/100 tox\n|turn|39\n|\n|t:|1699649601\n|move|p2a: Garchomp|Swords Dance|p2a: Garchomp\n|-boost|p2a: Garchomp|atk|2\n|move|p1a: Gliscor|Toxic|p2a: Garchomp\n|-status|p2a: Garchomp|tox\n|\n|-weather|Snow|[upkeep]\n|-damage|p2a: Garchomp|52\/100 tox|[from] psn\n|upkeep\n|turn|40\n|\n|t:|1699649608\n|move|p2a: Garchomp|Swords Dance|p2a: Garchomp\n|-boost|p2a: Garchomp|atk|2\n|move|p1a: Gliscor|Earthquake|p2a: Garchomp\n|-damage|p2a: Garchomp|11\/100 tox\n|\n|-weather|none\n|-damage|p2a: Garchomp|0 fnt|[from] psn\n|faint|p2a: Garchomp\n|\n|win|andrewtb491\n|upkeep\n|raw|andrewtb491's rating: 1349 &rarr; <strong>1367<\/strong><br \/>(+18 for winning)\n|raw|bullssseye's rating: 1319 &rarr; <strong>1301<\/strong><br \/>(-18 for losing)\n|l|\u2606bullssseye\n","uploadtime":1699649622,"views":15,"p1id":"andrewtb491","p2id":"bullssseye","formatid":"gen9nationaldex","rating":1301,"private":0,"password":""}