{"id":"gen9nationaldex-1994913602","p1":"dexioo","p2":"chunbiwsh","format":"[Gen 9] National Dex","log":"|html|<div class=\"broadcast-blue\"><strong>[Gen 9] National Dex is currently suspecting Sneasler! For information on how to participate check out the <a href=\"https:\/\/www.smogon.com\/forums\/threads\/sv-national-dex-suspect-8-just-dance.3731534\/\">suspect thread<\/a>.<\/strong><\/div>\n|j|\u2606dexioo\n|j|\u2606chunbiwsh\n|t:|1700504171\n|gametype|singles\n|player|p1|dexioo|dexio|1000\n|player|p2|chunbiwsh|rosa|1044\n|teamsize|p1|6\n|teamsize|p2|6\n|gen|9\n|tier|[Gen 9] National Dex\n|rated|\n|rule|HP Percentage Mod: HP is shown in percentages\n|rule|Endless Battle Clause: Forcing endless battles is banned\n|rule|OHKO Clause: OHKO moves are banned\n|rule|Evasion Clause: Evasion abilities, items, and moves are banned\n|rule|Evasion Abilities Clause: Evasion abilities are banned\n|rule|Evasion Items Clause: Evasion items are banned\n|rule|Evasion Moves Clause: Evasion moves are banned\n|rule|Species Clause: Limit one of each Pok\u00e9mon\n|rule|Sleep Clause Mod: Limit one foe put to sleep\n|clearpoke\n|poke|p1|Zoroark-Hisui, M|\n|poke|p1|Fezandipiti, M|\n|poke|p1|Kartana|\n|poke|p1|Grimmsnarl, M|\n|poke|p1|Minior-Blue|\n|poke|p1|Ribombee, M|\n|poke|p2|Weezing-Galar, F|\n|poke|p2|Thundurus-Therian, M|\n|poke|p2|Urshifu-*, F|\n|poke|p2|Rillaboom, F|\n|poke|p2|Heatran, F|\n|poke|p2|Slowking-Galar, F|\n|teampreview\n|inactive|Battle timer is ON: inactive players will automatically lose when time's up. (requested by chunbiwsh)\n|\n|t:|1700504192\n|start\n|switch|p1a: Rogan|Grimmsnarl, M|100\/100\n|switch|p2a: Heatran|Heatran, F|100\/100\n|turn|1\n|inactive|dexioo has 120 seconds left.\n|\n|t:|1700504225\n|move|p1a: Rogan|Taunt|p2a: Heatran\n|-start|p2a: Heatran|move: Taunt\n|move|p2a: Heatran|Magma Storm|p1a: Rogan|[miss]\n|-miss|p2a: Heatran|p1a: Rogan\n|\n|upkeep\n|turn|2\n|\n|t:|1700504230\n|move|p1a: Rogan|Thunder Wave|p2a: Heatran\n|-status|p2a: Heatran|par\n|cant|p2a: Heatran|par\n|\n|upkeep\n|turn|3\n|\n|t:|1700504237\n|move|p1a: Rogan|Spirit Break|p2a: Heatran\n|-resisted|p2a: Heatran\n|-damage|p2a: Heatran|94\/100 par\n|-unboost|p2a: Heatran|spa|1\n|cant|p2a: Heatran|par\n|\n|-heal|p2a: Heatran|100\/100 par|[from] item: Leftovers\n|-end|p2a: Heatran|move: Taunt\n|upkeep\n|turn|4\n|\n|t:|1700504246\n|switch|p2a: Slowking|Slowking-Galar, F|100\/100\n|move|p1a: Rogan|Spirit Break|p2a: Slowking\n|-resisted|p2a: Slowking\n|-damage|p2a: Slowking|88\/100\n|-unboost|p2a: Slowking|spa|1\n|\n|upkeep\n|turn|5\n|\n|t:|1700504250\n|move|p1a: Rogan|Thunder Wave|p2a: Slowking\n|-status|p2a: Slowking|par\n|move|p2a: Slowking|Sludge Bomb|p1a: Rogan\n|-supereffective|p1a: Rogan\n|-damage|p1a: Rogan|65\/100\n|-status|p1a: Rogan|psn\n|\n|-damage|p1a: Rogan|53\/100 psn|[from] psn\n|upkeep\n|turn|6\n|\n|t:|1700504257\n|move|p1a: Rogan|Spirit Break|p2a: Slowking\n|-resisted|p2a: Slowking\n|-damage|p2a: Slowking|75\/100 par\n|-unboost|p2a: Slowking|spa|1\n|move|p2a: Slowking|Chilly Reception|p2a: Slowking\n|-weather|Snow\n|\n|t:|1700504265\n|switch|p2a: Heatran|Heatran, F|100\/100 par|[from] Chilly Reception\n|\n|-weather|Snow|[upkeep]\n|-damage|p1a: Rogan|40\/100 psn|[from] psn\n|upkeep\n|turn|7\n|\n|t:|1700504269\n|move|p1a: Rogan|Taunt|p2a: Heatran\n|-start|p2a: Heatran|move: Taunt\n|move|p2a: Heatran|Magma Storm|p1a: Rogan|[miss]\n|-miss|p2a: Heatran|p1a: Rogan\n|\n|-weather|Snow|[upkeep]\n|-damage|p1a: Rogan|28\/100 psn|[from] psn\n|upkeep\n|turn|8\n|\n|t:|1700504274\n|move|p1a: Rogan|Spirit Break|p2a: Heatran\n|-resisted|p2a: Heatran\n|-damage|p2a: Heatran|94\/100 par\n|-unboost|p2a: Heatran|spa|1\n|cant|p2a: Heatran|par\n|\n|-weather|Snow|[upkeep]\n|-heal|p2a: Heatran|100\/100 par|[from] item: Leftovers\n|-damage|p1a: Rogan|15\/100 psn|[from] psn\n|upkeep\n|turn|9\n|\n|t:|1700504280\n|move|p1a: Rogan|Spirit Break|p2a: Heatran\n|-resisted|p2a: Heatran\n|-damage|p2a: Heatran|95\/100 par\n|-unboost|p2a: Heatran|spa|1\n|move|p2a: Heatran|Magma Storm|p1a: Rogan\n|-damage|p1a: Rogan|0 fnt\n|faint|p1a: Rogan\n|\n|-weather|Snow|[upkeep]\n|-heal|p2a: Heatran|100\/100 par|[from] item: Leftovers\n|-end|p2a: Heatran|move: Taunt\n|upkeep\n|\n|t:|1700504288\n|switch|p1a: Freddy Mercury|Minior-Blue, shiny|100\/100\n|-formechange|p1a: Freddy Mercury|Minior-Meteor||[from] ability: Shields Down\n|turn|10\n|\n|t:|1700504297\n|switch|p2a: Weezing|Weezing-Galar, F, shiny|100\/100\n|-ability|p2a: Weezing|Neutralizing Gas\n|-terastallize|p1a: Freddy Mercury|Ground\n|move|p1a: Freddy Mercury|Shell Smash|p1a: Freddy Mercury\n|-unboost|p1a: Freddy Mercury|def|1\n|-unboost|p1a: Freddy Mercury|spd|1\n|-boost|p1a: Freddy Mercury|atk|2\n|-boost|p1a: Freddy Mercury|spa|2\n|-boost|p1a: Freddy Mercury|spe|2\n|-enditem|p1a: Freddy Mercury|White Herb\n|-clearnegativeboost|p1a: Freddy Mercury|[silent]\n|\n|-weather|none\n|upkeep\n|turn|11\n|\n|t:|1700504300\n|move|p1a: Freddy Mercury|Earthquake|p2a: Weezing\n|-supereffective|p2a: Weezing\n|-damage|p2a: Weezing|9\/100\n|move|p2a: Weezing|Will-O-Wisp|p1a: Freddy Mercury|[miss]\n|-miss|p2a: Weezing|p1a: Freddy Mercury\n|\n|-heal|p2a: Weezing|15\/100|[from] item: Leftovers\n|upkeep\n|turn|12\n|\n|t:|1700504306\n|move|p1a: Freddy Mercury|Earthquake|p2a: Weezing\n|-supereffective|p2a: Weezing\n|-damage|p2a: Weezing|0 fnt\n|faint|p2a: Weezing\n|-end|p2a: Weezing|ability: Neutralizing Gas\n|\n|upkeep\n|\n|t:|1700504308\n|switch|p2a: Rillaboom|Rillaboom, F|100\/100\n|-fieldstart|move: Grassy Terrain|[from] ability: Grassy Surge|[of] p2a: Rillaboom\n|turn|13\n|\n|t:|1700504313\n|move|p2a: Rillaboom|Grassy Glide|p1a: Freddy Mercury\n|-supereffective|p1a: Freddy Mercury\n|-damage|p1a: Freddy Mercury|0 fnt\n|faint|p1a: Freddy Mercury\n|\n|upkeep\n|-message|dexioo forfeited.\n|\n|win|chunbiwsh\n|raw|dexioo's rating: 1000 &rarr; <strong>1000<\/strong><br \/>(+0 for losing)\n|raw|chunbiwsh's rating: 1044 &rarr; <strong>1073<\/strong><br \/>(+29 for winning)\n|l|\u2606dexioo\n","uploadtime":1700504326,"views":9,"p1id":"dexioo","p2id":"chunbiwsh","formatid":"gen9nationaldex","rating":1000,"private":0,"password":""}