{"id":"gen9nationaldex-1991049855","p1":"Lololosh","p2":"liuqiu","format":"[Gen 9] National Dex","log":"|j|\u2606Lololosh\n|j|\u203dliuqiu\n|t:|1700034628\n|gametype|singles\n|player|p1|Lololosh|102|1253\n|player|p2|liuqiu|ash-hoenn|1148\n|teamsize|p1|6\n|teamsize|p2|6\n|gen|9\n|tier|[Gen 9] National Dex\n|rated|\n|rule|HP Percentage Mod: HP is shown in percentages\n|rule|Endless Battle Clause: Forcing endless battles is banned\n|rule|OHKO Clause: OHKO moves are banned\n|rule|Evasion Clause: Evasion abilities, items, and moves are banned\n|rule|Evasion Abilities Clause: Evasion abilities are banned\n|rule|Evasion Items Clause: Evasion items are banned\n|rule|Evasion Moves Clause: Evasion moves are banned\n|rule|Species Clause: Limit one of each Pok\u00e9mon\n|rule|Sleep Clause Mod: Limit one foe put to sleep\n|clearpoke\n|poke|p1|Landorus-Therian, M|\n|poke|p1|Lycanroc, M|\n|poke|p1|Rillaboom, M|\n|poke|p1|Magnezone|\n|poke|p1|Gardevoir, M|\n|poke|p1|Greninja-*, M|\n|poke|p2|Skeledirge, M|\n|poke|p2|Gliscor, F|\n|poke|p2|Ferrothorn, F|\n|poke|p2|Meloetta|\n|poke|p2|Mimikyu, F|\n|poke|p2|Banette, M|\n|teampreview\n|inactive|Battle timer is ON: inactive players will automatically lose when time's up. (requested by liuqiu)\n|\n|t:|1700034633\n|start\n|switch|p1a: Lycanroc|Lycanroc, M|100\/100\n|switch|p2a: Ferrothorn|Ferrothorn, F|100\/100\n|turn|1\n|\n|t:|1700034640\n|move|p1a: Lycanroc|Taunt|p2a: Ferrothorn\n|-start|p2a: Ferrothorn|move: Taunt\n|cant|p2a: Ferrothorn|move: Taunt|Stealth Rock\n|\n|upkeep\n|turn|2\n|\n|t:|1700034643\n|move|p1a: Lycanroc|Stealth Rock|p2a: Ferrothorn\n|-sidestart|p2: liuqiu|move: Stealth Rock\n|move|p2a: Ferrothorn|Gyro Ball|p1a: Lycanroc\n|-supereffective|p1a: Lycanroc\n|-enditem|p1a: Lycanroc|Focus Sash\n|-damage|p1a: Lycanroc|1\/100\n|\n|upkeep\n|turn|3\n|\n|t:|1700034647\n|switch|p2a: Skeledirge|Skeledirge, M, shiny|100\/100\n|-damage|p2a: Skeledirge|75\/100|[from] Stealth Rock\n|move|p1a: Lycanroc|Endeavor|p2a: Skeledirge\n|-immune|p2a: Skeledirge\n|\n|-heal|p2a: Skeledirge|82\/100|[from] item: Leftovers\n|upkeep\n|turn|4\n|\n|t:|1700034661\n|switch|p2a: Ferrothorn|Ferrothorn, F|100\/100\n|-damage|p2a: Ferrothorn|94\/100|[from] Stealth Rock\n|move|p1a: Lycanroc|Accelerock|p2a: Ferrothorn\n|-resisted|p2a: Ferrothorn\n|-damage|p2a: Ferrothorn|87\/100\n|-damage|p1a: Lycanroc|0 fnt|[from] ability: Iron Barbs|[of] p2a: Ferrothorn\n|faint|p1a: Lycanroc\n|\n|-heal|p2a: Ferrothorn|93\/100|[from] item: Leftovers\n|upkeep\n|\n|t:|1700034668\n|switch|p1a: Gardevoir|Gardevoir, M|100\/100\n|-ability|p1a: Gardevoir|Iron Barbs|[from] ability: Trace|[of] p2a: Ferrothorn\n|turn|5\n|\n|t:|1700034679\n|detailschange|p1a: Gardevoir|Gardevoir-Mega, M\n|-mega|p1a: Gardevoir|Gardevoir|Gardevoirite\n|move|p1a: Gardevoir|Mystical Fire|p2a: Ferrothorn\n|-supereffective|p2a: Ferrothorn\n|-damage|p2a: Ferrothorn|9\/100\n|-unboost|p2a: Ferrothorn|spa|1\n|move|p2a: Ferrothorn|Stealth Rock|p1a: Gardevoir\n|-sidestart|p1: Lololosh|move: Stealth Rock\n|\n|-heal|p2a: Ferrothorn|15\/100|[from] item: Leftovers\n|upkeep\n|turn|6\n|\n|t:|1700034690\n|move|p1a: Gardevoir|Mystical Fire|p2a: Ferrothorn\n|-supereffective|p2a: Ferrothorn\n|-damage|p2a: Ferrothorn|0 fnt\n|faint|p2a: Ferrothorn\n|\n|upkeep\n|\n|t:|1700034704\n|switch|p2a: Gliscor|Gliscor, F, shiny|100\/100\n|-damage|p2a: Gliscor|88\/100|[from] Stealth Rock\n|turn|7\n|\n|t:|1700034710\n|move|p1a: Gardevoir|Hyper Voice|p2a: Gliscor\n|-damage|p2a: Gliscor|22\/100\n|move|p2a: Gliscor|Sand Tomb|p1a: Gardevoir\n|-damage|p1a: Gardevoir|78\/100\n|-activate|p1a: Gardevoir|move: Sand Tomb|[of] p2a: Gliscor\n|\n|-damage|p1a: Gardevoir|66\/100|[from] move: Sand Tomb|[partiallytrapped]\n|-status|p2a: Gliscor|tox|[from] item: Toxic Orb\n|upkeep\n|turn|8\n|\n|t:|1700034715\n|move|p2a: Gliscor|Protect|p2a: Gliscor\n|-singleturn|p2a: Gliscor|Protect\n|move|p1a: Gardevoir|Hyper Voice|p2a: Gliscor\n|-activate|p2a: Gliscor|move: Protect\n|\n|-heal|p2a: Gliscor|34\/100 tox|[from] ability: Poison Heal\n|-damage|p1a: Gardevoir|54\/100|[from] move: Sand Tomb|[partiallytrapped]\n|upkeep\n|turn|9\n|\n|t:|1700034731\n|switch|p2a: Skeledirge|Skeledirge, M, shiny|82\/100\n|-damage|p2a: Skeledirge|57\/100|[from] Stealth Rock\n|move|p1a: Gardevoir|Hyper Voice|p2a: Skeledirge\n|-resisted|p2a: Skeledirge\n|-damage|p2a: Skeledirge|27\/100\n|\n|-heal|p2a: Skeledirge|33\/100|[from] item: Leftovers\n|-end|p1a: Gardevoir|Sand Tomb|[partiallytrapped]|[silent]\n|upkeep\n|turn|10\n|\n|t:|1700034744\n|move|p1a: Gardevoir|Mystical Fire|p2a: Skeledirge\n|-resisted|p2a: Skeledirge\n|-damage|p2a: Skeledirge|20\/100\n|-unboost|p2a: Skeledirge|spa|1\n|move|p2a: Skeledirge|Slack Off|p2a: Skeledirge\n|-heal|p2a: Skeledirge|70\/100\n|\n|-heal|p2a: Skeledirge|76\/100|[from] item: Leftovers\n|upkeep\n|turn|11\n|\n|t:|1700034751\n|move|p1a: Gardevoir|Mystical Fire|p2a: Skeledirge\n|-resisted|p2a: Skeledirge\n|-damage|p2a: Skeledirge|62\/100\n|-unboost|p2a: Skeledirge|spa|1\n|move|p2a: Skeledirge|Slack Off|p2a: Skeledirge\n|-heal|p2a: Skeledirge|100\/100\n|\n|upkeep\n|turn|12\n|\n|t:|1700034757\n|switch|p1a: Greninja|Greninja, M|100\/100\n|-damage|p1a: Greninja|88\/100|[from] Stealth Rock\n|move|p2a: Skeledirge|Torch Song|p1a: Greninja\n|-resisted|p1a: Greninja\n|-damage|p1a: Greninja|77\/100\n|-boost|p2a: Skeledirge|spa|1\n|\n|upkeep\n|turn|13\n|\n|t:|1700034764\n|switch|p2a: Meloetta|Meloetta|100\/100\n|-damage|p2a: Meloetta|88\/100|[from] Stealth Rock\n|move|p1a: Greninja|Water Shuriken|p2a: Meloetta\n|-damage|p2a: Meloetta|83\/100\n|-damage|p2a: Meloetta|77\/100\n|-hitcount|p2a: Meloetta|2\n|\n|upkeep\n|turn|14\n|\n|t:|1700034772\n|-zpower|p1a: Greninja\n|move|p1a: Greninja|Hydro Vortex|p2a: Meloetta|[zeffect]\n|-damage|p2a: Meloetta|18\/100\n|-zpower|p2a: Meloetta\n|move|p2a: Meloetta|Z-Celebrate|p2a: Meloetta|[anim]Celebrate\n|-boost|p2a: Meloetta|atk|1|[zeffect]\n|-boost|p2a: Meloetta|def|1|[zeffect]\n|-boost|p2a: Meloetta|spa|1|[zeffect]\n|-boost|p2a: Meloetta|spd|1|[zeffect]\n|-boost|p2a: Meloetta|spe|1|[zeffect]\n|-activate|p2a: Meloetta|move: Celebrate\n|\n|upkeep\n|turn|15\n|\n|t:|1700034781\n|move|p1a: Greninja|Water Shuriken|p2a: Meloetta\n|-damage|p2a: Meloetta|14\/100\n|-damage|p2a: Meloetta|11\/100\n|-hitcount|p2a: Meloetta|2\n|move|p2a: Meloetta|Rest|p2a: Meloetta\n|-status|p2a: Meloetta|slp|[from] move: Rest\n|-heal|p2a: Meloetta|100\/100 slp|[silent]\n|\n|upkeep\n|turn|16\n|\n|t:|1700034787\n|cant|p2a: Meloetta|slp\n|move|p2a: Meloetta|Snore|p1a: Greninja\n|-damage|p1a: Greninja|12\/100\n|cant|p1a: Greninja|flinch\n|\n|upkeep\n|turn|17\n|\n|t:|1700034793\n|cant|p2a: Meloetta|slp\n|move|p2a: Meloetta|Snore|p1a: Greninja\n|-damage|p1a: Greninja|0 fnt\n|faint|p1a: Greninja\n|\n|upkeep\n|\n|t:|1700034802\n|switch|p1a: Magnezone|Magnezone|100\/100\n|-damage|p1a: Magnezone|94\/100|[from] Stealth Rock\n|turn|18\n|\n|t:|1700034805\n|-curestatus|p2a: Meloetta|slp|[msg]\n|move|p2a: Meloetta|Charge Beam|p1a: Magnezone\n|-resisted|p1a: Magnezone\n|-damage|p1a: Magnezone|83\/100\n|-boost|p2a: Meloetta|spa|1\n|move|p1a: Magnezone|Thunderbolt|p2a: Meloetta\n|-damage|p2a: Meloetta|72\/100\n|\n|upkeep\n|turn|19\n|\n|t:|1700034814\n|move|p2a: Meloetta|Charge Beam|p1a: Magnezone\n|-resisted|p1a: Magnezone\n|-damage|p1a: Magnezone|68\/100\n|-boost|p2a: Meloetta|spa|1\n|move|p1a: Magnezone|Thunderbolt|p2a: Meloetta\n|-damage|p2a: Meloetta|43\/100\n|\n|upkeep\n|turn|20\n|\n|t:|1700034823\n|move|p2a: Meloetta|Rest|p2a: Meloetta\n|-status|p2a: Meloetta|slp|[from] move: Rest\n|-heal|p2a: Meloetta|100\/100 slp|[silent]\n|move|p1a: Magnezone|Thunderbolt|p2a: Meloetta\n|-damage|p2a: Meloetta|74\/100 slp\n|\n|upkeep\n|turn|21\n|\n|t:|1700034828\n|switch|p1a: Rillaboom|Rillaboom, M|100\/100\n|-damage|p1a: Rillaboom|88\/100|[from] Stealth Rock\n|-fieldstart|move: Grassy Terrain|[from] ability: Grassy Surge|[of] p1a: Rillaboom\n|cant|p2a: Meloetta|slp\n|move|p2a: Meloetta|Snore|p1a: Rillaboom\n|-crit|p1a: Rillaboom\n|-damage|p1a: Rillaboom|0 fnt\n|faint|p1a: Rillaboom\n|\n|-heal|p2a: Meloetta|80\/100 slp|[from] Grassy Terrain\n|upkeep\n|\n|t:|1700034834\n|switch|p1a: Landorus|Landorus-Therian, M|100\/100\n|-damage|p1a: Landorus|88\/100|[from] Stealth Rock\n|-ability|p1a: Landorus|Intimidate|boost\n|-unboost|p2a: Meloetta|atk|1\n|turn|22\n|\n|t:|1700034836\n|move|p1a: Landorus|U-turn|p2a: Meloetta\n|-supereffective|p2a: Meloetta\n|-damage|p2a: Meloetta|37\/100 slp\n|\n|t:|1700034839\n|switch|p1a: Magnezone|Magnezone|68\/100|[from] U-turn\n|-damage|p1a: Magnezone|62\/100|[from] Stealth Rock\n|cant|p2a: Meloetta|slp\n|move|p2a: Meloetta|Snore|p1a: Magnezone\n|-resisted|p1a: Magnezone\n|-damage|p1a: Magnezone|34\/100\n|\n|-heal|p2a: Meloetta|43\/100 slp|[from] Grassy Terrain\n|-heal|p1a: Magnezone|40\/100|[from] Grassy Terrain\n|upkeep\n|turn|23\n|\n|t:|1700034846\n|-curestatus|p2a: Meloetta|slp|[msg]\n|move|p2a: Meloetta|Rest|p2a: Meloetta\n|-status|p2a: Meloetta|slp|[from] move: Rest\n|-heal|p2a: Meloetta|100\/100 slp|[silent]\n|move|p1a: Magnezone|Thunderbolt|p2a: Meloetta\n|-damage|p2a: Meloetta|73\/100 slp\n|\n|-heal|p2a: Meloetta|79\/100 slp|[from] Grassy Terrain\n|-heal|p1a: Magnezone|46\/100|[from] Grassy Terrain\n|upkeep\n|turn|24\n|\n|t:|1700034856\n|cant|p2a: Meloetta|slp\n|move|p2a: Meloetta|Snore|p1a: Magnezone\n|-resisted|p1a: Magnezone\n|-damage|p1a: Magnezone|18\/100\n|cant|p1a: Magnezone|flinch\n|\n|-heal|p2a: Meloetta|86\/100 slp|[from] Grassy Terrain\n|-heal|p1a: Magnezone|24\/100|[from] Grassy Terrain\n|upkeep\n|turn|25\n|\n|t:|1700034863\n|cant|p2a: Meloetta|slp\n|move|p2a: Meloetta|Snore|p1a: Magnezone\n|-resisted|p1a: Magnezone\n|-damage|p1a: Magnezone|0 fnt\n|faint|p1a: Magnezone\n|\n|-heal|p2a: Meloetta|92\/100 slp|[from] Grassy Terrain\n|-fieldend|move: Grassy Terrain\n|upkeep\n|\n|t:|1700034865\n|switch|p1a: Landorus|Landorus-Therian, M|88\/100\n|-damage|p1a: Landorus|75\/100|[from] Stealth Rock\n|-ability|p1a: Landorus|Intimidate|boost\n|-unboost|p2a: Meloetta|atk|1\n|turn|26\n|\n|t:|1700034874\n|move|p1a: Landorus|U-turn|p2a: Meloetta\n|-supereffective|p2a: Meloetta\n|-damage|p2a: Meloetta|48\/100 slp\n|\n|t:|1700034876\n|switch|p1a: Gardevoir|Gardevoir-Mega, M|54\/100|[from] U-turn\n|-damage|p1a: Gardevoir|42\/100|[from] Stealth Rock\n|-curestatus|p2a: Meloetta|slp|[msg]\n|move|p2a: Meloetta|Rest|p2a: Meloetta\n|-status|p2a: Meloetta|slp|[from] move: Rest\n|-heal|p2a: Meloetta|100\/100 slp|[silent]\n|\n|upkeep\n|turn|27\n|\n|t:|1700034879\n|cant|p2a: Meloetta|slp\n|move|p2a: Meloetta|Snore|p1a: Gardevoir\n|-damage|p1a: Gardevoir|0 fnt\n|faint|p1a: Gardevoir\n|\n|upkeep\n|\n|t:|1700034881\n|switch|p1a: Landorus|Landorus-Therian, M|75\/100\n|-damage|p1a: Landorus|63\/100|[from] Stealth Rock\n|-ability|p1a: Landorus|Intimidate|boost\n|-unboost|p2a: Meloetta|atk|1\n|turn|28\n|\n|t:|1700034886\n|move|p1a: Landorus|U-turn|p2a: Meloetta\n|-supereffective|p2a: Meloetta\n|-damage|p2a: Meloetta|56\/100 slp\n|cant|p2a: Meloetta|slp\n|move|p2a: Meloetta|Snore|p1a: Landorus\n|-damage|p1a: Landorus|0 fnt\n|faint|p1a: Landorus\n|\n|win|liuqiu\n|raw|Lololosh's rating: 1253 &rarr; <strong>1221<\/strong><br \/>(-32 for losing)\n|raw|liuqiu's rating: 1148 &rarr; <strong>1180<\/strong><br \/>(+32 for winning)\n|l|\u2606Lololosh\n","uploadtime":1700034894,"views":6,"p1id":"lololosh","p2id":"liuqiu","formatid":"gen9nationaldex","rating":1180,"private":0,"password":""}