{"id":"gen9nationaldex-2000054094","p1":"kilhousevanhouten","p2":"Krysta11","format":"[Gen 9] National Dex","log":"|html|<div class=\"broadcast-blue\"><strong>[Gen 9] National Dex is currently suspecting Sneasler! For information on how to participate check out the <a href=\"https:\/\/www.smogon.com\/forums\/threads\/sv-national-dex-suspect-8-just-dance.3731534\/\">suspect thread<\/a>.<\/strong><\/div>\n|j|\u2606kilhousevanhouten\n|j|\u2606Krysta11\n|t:|1701146774\n|gametype|singles\n|player|p1|kilhousevanhouten|cameraman|1208\n|player|p2|Krysta11|bellelba|1269\n|teamsize|p1|6\n|teamsize|p2|6\n|gen|9\n|tier|[Gen 9] National Dex\n|rated|\n|rule|HP Percentage Mod: HP is shown in percentages\n|rule|Endless Battle Clause: Forcing endless battles is banned\n|rule|OHKO Clause: OHKO moves are banned\n|rule|Evasion Clause: Evasion abilities, items, and moves are banned\n|rule|Evasion Abilities Clause: Evasion abilities are banned\n|rule|Evasion Items Clause: Evasion items are banned\n|rule|Evasion Moves Clause: Evasion moves are banned\n|rule|Species Clause: Limit one of each Pok\u00e9mon\n|rule|Sleep Clause Mod: Limit one foe put to sleep\n|clearpoke\n|poke|p1|Garchomp, M|\n|poke|p1|Hawlucha, F|\n|poke|p1|Volcarona, F|\n|poke|p1|Ceruledge, M|\n|poke|p1|Munkidori, M|\n|poke|p1|Tyranitar, F|\n|poke|p2|Ferrothorn, F|\n|poke|p2|Swampert, M|\n|poke|p2|Pelipper, F|\n|poke|p2|Urshifu-*, F|\n|poke|p2|Landorus-Therian, M|\n|poke|p2|Nidoking, M|\n|teampreview\n|inactive|Battle timer is ON: inactive players will automatically lose when time's up. (requested by kilhousevanhouten)\n|\n|t:|1701146784\n|start\n|switch|p1a: Adrenae|Volcarona, F|100\/100\n|switch|p2a: Ferrothorn|Ferrothorn, F, shiny|100\/100\n|turn|1\n|\n|t:|1701146792\n|switch|p2a: Landorus|Landorus-Therian, M|100\/100\n|-ability|p2a: Landorus|Intimidate|boost\n|-unboost|p1a: Adrenae|atk|1\n|move|p1a: Adrenae|Quiver Dance|p1a: Adrenae\n|-boost|p1a: Adrenae|spa|1\n|-boost|p1a: Adrenae|spd|1\n|-boost|p1a: Adrenae|spe|1\n|\n|upkeep\n|turn|2\n|\n|t:|1701146798\n|-terastallize|p1a: Adrenae|Water\n|move|p1a: Adrenae|Giga Drain|p2a: Landorus\n|-damage|p2a: Landorus|66\/100\n|-zpower|p2a: Landorus\n|move|p2a: Landorus|Continental Crush|p1a: Adrenae|[zeffect]\n|-damage|p1a: Adrenae|18\/100\n|\n|upkeep\n|turn|3\n|\n|t:|1701146816\n|move|p1a: Adrenae|Flamethrower|p2a: Landorus\n|-damage|p2a: Landorus|11\/100\n|move|p2a: Landorus|Knock Off|p1a: Adrenae\n|-damage|p1a: Adrenae|0 fnt\n|-enditem|p1a: Adrenae|Big Root|[from] move: Knock Off|[of] p2a: Landorus\n|faint|p1a: Adrenae\n|\n|upkeep\n|\n|t:|1701146824\n|switch|p1a: cut man|Ceruledge, M|100\/100\n|turn|4\n|\n|t:|1701146828\n|move|p1a: cut man|Shadow Sneak|p2a: Landorus\n|-damage|p2a: Landorus|0 fnt\n|faint|p2a: Landorus\n|\n|upkeep\n|\n|t:|1701146837\n|switch|p2a: Pelipper|Pelipper, F|100\/100\n|-weather|RainDance|[from] ability: Drizzle|[of] p2a: Pelipper\n|turn|5\n|\n|t:|1701146842\n|switch|p1a: the element|Tyranitar, F|100\/100\n|-weather|Sandstorm|[from] ability: Sand Stream|[of] p1a: the element\n|move|p2a: Pelipper|Hurricane|p1a: the element|[miss]\n|-miss|p2a: Pelipper|p1a: the element\n|\n|-weather|Sandstorm|[upkeep]\n|-damage|p2a: Pelipper|94\/100|[from] Sandstorm\n|upkeep\n|turn|6\n|\n|t:|1701146855\n|switch|p2a: Ferrothorn|Ferrothorn, F, shiny|100\/100\n|detailschange|p1a: the element|Tyranitar-Mega, F\n|-mega|p1a: the element|Tyranitar|Tyranitarite\n|move|p1a: the element|Knock Off|p2a: Ferrothorn\n|-damage|p2a: Ferrothorn|64\/100\n|-damage|p1a: the element|88\/100|[from] ability: Iron Barbs|[of] p2a: Ferrothorn\n|-damage|p1a: the element|72\/100|[from] item: Rocky Helmet|[of] p2a: Ferrothorn\n|-enditem|p2a: Ferrothorn|Rocky Helmet|[from] move: Knock Off|[of] p1a: the element\n|\n|-weather|Sandstorm|[upkeep]\n|upkeep\n|turn|7\n|\n|t:|1701146867\n|move|p1a: the element|Earthquake|p2a: Ferrothorn\n|-damage|p2a: Ferrothorn|36\/100\n|move|p2a: Ferrothorn|Leech Seed|p1a: the element\n|-start|p1a: the element|move: Leech Seed\n|\n|-weather|Sandstorm|[upkeep]\n|-damage|p1a: the element|59\/100|[from] Leech Seed|[of] p2a: Ferrothorn\n|-heal|p2a: Ferrothorn|50\/100|[silent]\n|upkeep\n|turn|8\n|\n|t:|1701146890\n|switch|p1a: big scrunch|Garchomp, M|100\/100\n|move|p2a: Ferrothorn|Gyro Ball|p1a: big scrunch\n|-damage|p1a: big scrunch|55\/100\n|-damage|p2a: Ferrothorn|38\/100|[from] ability: Rough Skin|[of] p1a: big scrunch\n|\n|-weather|Sandstorm|[upkeep]\n|upkeep\n|turn|9\n|\n|t:|1701146901\n|move|p1a: big scrunch|Earthquake|p2a: Ferrothorn\n|-crit|p2a: Ferrothorn\n|-damage|p2a: Ferrothorn|0 fnt\n|faint|p2a: Ferrothorn\n|\n|-weather|none\n|upkeep\n|\n|t:|1701146905\n|switch|p2a: Nidoking|Nidoking, M|100\/100\n|turn|10\n|\n|t:|1701146911\n|-terastallize|p2a: Nidoking|Grass\n|move|p1a: big scrunch|Liquidation|p2a: Nidoking\n|-resisted|p2a: Nidoking\n|-crit|p2a: Nidoking\n|-damage|p2a: Nidoking|70\/100\n|move|p2a: Nidoking|Ice Beam|p1a: big scrunch\n|-supereffective|p1a: big scrunch\n|-damage|p1a: big scrunch|0 fnt\n|faint|p1a: big scrunch\n|\n|upkeep\n|\n|t:|1701146921\n|switch|p1a: rick flair|Hawlucha, F|100\/100\n|-ability|p1a: rick flair|Mold Breaker\n|turn|11\n|\n|t:|1701146927\n|switch|p2a: Pelipper|Pelipper, F|94\/100\n|-weather|RainDance|[from] ability: Drizzle|[of] p2a: Pelipper\n|move|p1a: rick flair|Acrobatics|p2a: Pelipper\n|-damage|p2a: Pelipper|43\/100\n|\n|-weather|RainDance|[upkeep]\n|upkeep\n|turn|12\n|\n|t:|1701146935\n|move|p1a: rick flair|Acrobatics|p2a: Pelipper\n|-damage|p2a: Pelipper|0 fnt\n|faint|p2a: Pelipper\n|\n|-weather|RainDance|[upkeep]\n|upkeep\n|\n|t:|1701146944\n|switch|p2a: Urshifu|Urshifu-Rapid-Strike, F|100\/100\n|turn|13\n|\n|t:|1701146947\n|move|p2a: Urshifu|Surging Strikes|p1a: rick flair\n|-crit|p1a: rick flair\n|-damage|p1a: rick flair|57\/100\n|-crit|p1a: rick flair\n|-damage|p1a: rick flair|12\/100\n|-crit|p1a: rick flair\n|-damage|p1a: rick flair|0 fnt\n|faint|p1a: rick flair\n|-hitcount|p1: rick flair|3\n|\n|-weather|RainDance|[upkeep]\n|upkeep\n|\n|t:|1701146955\n|switch|p1a: the element|Tyranitar-Mega, F|59\/100\n|-weather|Sandstorm|[from] ability: Sand Stream|[of] p1a: the element\n|turn|14\n|\n|t:|1701146971\n|move|p2a: Urshifu|Surging Strikes|p1a: the element\n|-supereffective|p1a: the element\n|-crit|p1a: the element\n|-damage|p1a: the element|35\/100\n|-supereffective|p1a: the element\n|-crit|p1a: the element\n|-damage|p1a: the element|13\/100\n|-supereffective|p1a: the element\n|-crit|p1a: the element\n|-damage|p1a: the element|0 fnt\n|faint|p1a: the element\n|-hitcount|p1: the element|3\n|\n|-weather|Sandstorm|[upkeep]\n|-damage|p2a: Urshifu|94\/100|[from] Sandstorm\n|upkeep\n|\n|t:|1701146978\n|switch|p1a: trae|Munkidori, M|100\/100\n|turn|15\n|\n|t:|1701146986\n|move|p2a: Urshifu|Surging Strikes|p1a: trae\n|-crit|p1a: trae\n|-damage|p1a: trae|71\/100\n|-crit|p1a: trae\n|-damage|p1a: trae|40\/100\n|-crit|p1a: trae\n|-damage|p1a: trae|8\/100\n|-hitcount|p1a: trae|3\n|move|p1a: trae|Psychic|p2a: Urshifu\n|-supereffective|p2a: Urshifu\n|-damage|p2a: Urshifu|0 fnt\n|faint|p2a: Urshifu\n|\n|-weather|Sandstorm|[upkeep]\n|-damage|p1a: trae|2\/100|[from] Sandstorm\n|upkeep\n|\n|t:|1701146996\n|switch|p2a: Nidoking|Nidoking, M, tera:Grass|70\/100\n|turn|16\n|\n|t:|1701147004\n|move|p1a: trae|Sludge Bomb|p2a: Nidoking\n|-supereffective|p2a: Nidoking\n|-damage|p2a: Nidoking|0 fnt\n|faint|p2a: Nidoking\n|\n|-weather|Sandstorm|[upkeep]\n|-damage|p1a: trae|0 fnt|[from] Sandstorm\n|faint|p1a: trae\n|upkeep\n|\n|t:|1701147016\n|switch|p1a: cut man|Ceruledge, M|100\/100\n|switch|p2a: Swampert|Swampert, M|100\/100\n|turn|17\n|\n|t:|1701147026\n|detailschange|p2a: Swampert|Swampert-Mega, M\n|-mega|p2a: Swampert|Swampert|Swampertite\n|move|p1a: cut man|Bulk Up|p1a: cut man\n|-boost|p1a: cut man|atk|1\n|-boost|p1a: cut man|def|1\n|move|p2a: Swampert|Earthquake|p1a: cut man\n|-supereffective|p1a: cut man\n|-damage|p1a: cut man|0 fnt\n|faint|p1a: cut man\n|\n|win|Krysta11\n|raw|kilhousevanhouten's rating: 1208 &rarr; <strong>1187<\/strong><br \/>(-21 for losing)\n|raw|Krysta11's rating: 1269 &rarr; <strong>1290<\/strong><br \/>(+21 for winning)\n|c|\u2606Krysta11|gg\n","uploadtime":1701147057,"views":2,"p1id":"kilhousevanhouten","p2id":"krysta11","formatid":"gen9nationaldex","rating":1187,"private":0,"password":""}