{"id":"gen9nationaldex-2000274657","p1":"CheezusWeezuz","p2":"jujibalaoshi001","format":"[Gen 9] National Dex","log":"|html|<div class=\"broadcast-blue\"><strong>[Gen 9] National Dex is currently suspecting Sneasler! For information on how to participate check out the <a href=\"https:\/\/www.smogon.com\/forums\/threads\/sv-national-dex-suspect-8-just-dance.3731534\/\">suspect thread<\/a>.<\/strong><\/div>\n|j|\u2606CheezusWeezuz\n|j|\u2606jujibalaoshi001\n|t:|1701180248\n|gametype|singles\n|player|p1|CheezusWeezuz|101|1417\n|player|p2|jujibalaoshi001|hexmaniac-gen6|1421\n|teamsize|p1|6\n|teamsize|p2|6\n|gen|9\n|tier|[Gen 9] National Dex\n|rated|\n|rule|HP Percentage Mod: HP is shown in percentages\n|rule|Endless Battle Clause: Forcing endless battles is banned\n|rule|OHKO Clause: OHKO moves are banned\n|rule|Evasion Clause: Evasion abilities, items, and moves are banned\n|rule|Evasion Abilities Clause: Evasion abilities are banned\n|rule|Evasion Items Clause: Evasion items are banned\n|rule|Evasion Moves Clause: Evasion moves are banned\n|rule|Species Clause: Limit one of each Pok\u00e9mon\n|rule|Sleep Clause Mod: Limit one foe put to sleep\n|clearpoke\n|poke|p1|Volcarona, M|\n|poke|p1|Latias, F|\n|poke|p1|Sneasler, F|\n|poke|p1|Mawile, M|\n|poke|p1|Kartana|\n|poke|p1|Garchomp, M|\n|poke|p2|Scizor, M|\n|poke|p2|Cloyster, F|\n|poke|p2|Garchomp, F|\n|poke|p2|Zapdos|\n|poke|p2|Heatran, F|\n|poke|p2|Chansey, F|\n|teampreview\n|inactive|Battle timer is ON: inactive players will automatically lose when time's up. (requested by CheezusWeezuz)\n|\n|t:|1701180275\n|start\n|switch|p1a: Mawile|Mawile, M|100\/100\n|switch|p2a: Garchomp|Garchomp, F|100\/100\n|-ability|p1a: Mawile|Intimidate|boost\n|-unboost|p2a: Garchomp|atk|1\n|turn|1\n|\n|t:|1701180294\n|switch|p2a: Scizor|Scizor, M|100\/100\n|detailschange|p1a: Mawile|Mawile-Mega, M\n|-mega|p1a: Mawile|Mawile|Mawilite\n|move|p1a: Mawile|Play Rough|p2a: Scizor\n|-resisted|p2a: Scizor\n|-damage|p2a: Scizor|62\/100\n|\n|upkeep\n|turn|2\n|\n|t:|1701180304\n|switch|p1a: Garchomp|Garchomp, M|100\/100\n|detailschange|p2a: Scizor|Scizor-Mega, M\n|-mega|p2a: Scizor|Scizor|Scizorite\n|move|p2a: Scizor|U-turn|p1a: Garchomp\n|-damage|p1a: Garchomp|70\/100\n|-damage|p2a: Scizor|50\/100|[from] ability: Rough Skin|[of] p1a: Garchomp\n|-damage|p2a: Scizor|33\/100|[from] item: Rocky Helmet|[of] p1a: Garchomp\n|\n|t:|1701180325\n|switch|p2a: Zapdos|Zapdos|100\/100|[from] U-turn\n|\n|upkeep\n|turn|3\n|\n|t:|1701180331\n|move|p2a: Zapdos|Hidden Power|p1a: Garchomp\n|-supereffective|p1a: Garchomp\n|-damage|p1a: Garchomp|8\/100\n|move|p1a: Garchomp|Dragon Tail|p2a: Zapdos\n|-damage|p2a: Zapdos|81\/100\n|drag|p2a: Scizor|Scizor-Mega, M|33\/100\n|\n|upkeep\n|turn|4\n|\n|t:|1701180338\n|move|p1a: Garchomp|Stealth Rock|p2a: Scizor\n|-sidestart|p2: jujibalaoshi001|move: Stealth Rock\n|move|p2a: Scizor|Roost|p2a: Scizor\n|-heal|p2a: Scizor|83\/100\n|-singleturn|p2a: Scizor|move: Roost\n|\n|upkeep\n|turn|5\n|\n|t:|1701180345\n|move|p2a: Scizor|Bullet Punch|p1a: Garchomp\n|-crit|p1a: Garchomp\n|-damage|p1a: Garchomp|0 fnt\n|-damage|p2a: Scizor|71\/100|[from] ability: Rough Skin|[of] p1a: Garchomp\n|-damage|p2a: Scizor|54\/100|[from] item: Rocky Helmet|[of] p1a: Garchomp\n|faint|p1a: Garchomp\n|\n|upkeep\n|\n|t:|1701180353\n|switch|p1a: Kartana|Kartana|100\/100\n|turn|6\n|\n|t:|1701180361\n|move|p1a: Kartana|Sacred Sword|p2a: Scizor\n|-damage|p2a: Scizor|25\/100\n|move|p2a: Scizor|Roost|p2a: Scizor\n|-heal|p2a: Scizor|75\/100\n|-singleturn|p2a: Scizor|move: Roost\n|\n|upkeep\n|turn|7\n|\n|t:|1701180375\n|switch|p1a: Volcarona|Volcarona, M|100\/100\n|move|p2a: Scizor|Roost|p2a: Scizor\n|-heal|p2a: Scizor|100\/100\n|-singleturn|p2a: Scizor|move: Roost\n|\n|upkeep\n|turn|8\n|\n|t:|1701180380\n|move|p1a: Volcarona|Quiver Dance|p1a: Volcarona\n|-boost|p1a: Volcarona|spa|1\n|-boost|p1a: Volcarona|spd|1\n|-boost|p1a: Volcarona|spe|1\n|move|p2a: Scizor|U-turn|p1a: Volcarona\n|-resisted|p1a: Volcarona\n|-damage|p1a: Volcarona|77\/100\n|\n|t:|1701180385\n|switch|p2a: Chansey|Chansey, F|100\/100|[from] U-turn\n|-damage|p2a: Chansey|88\/100|[from] Stealth Rock\n|\n|upkeep\n|turn|9\n|\n|t:|1701180398\n|switch|p1a: Latias|Latias, F|100\/100\n|move|p2a: Chansey|Toxic|p1a: Latias\n|-status|p1a: Latias|tox\n|\n|-damage|p1a: Latias|95\/100 tox|[from] psn\n|upkeep\n|turn|10\n|\n|t:|1701180410\n|move|p1a: Latias|Psyshock|p2a: Chansey\n|-damage|p2a: Chansey|70\/100\n|move|p2a: Chansey|Counter||[still]\n|-fail|p2a: Chansey\n|\n|-heal|p1a: Latias|100\/100 tox|[from] item: Leftovers\n|-damage|p1a: Latias|89\/100 tox|[from] psn\n|upkeep\n|turn|11\n|\n|t:|1701180416\n|switch|p1a: Sneasler|Sneasler, F|100\/100\n|move|p2a: Chansey|Soft-Boiled|p2a: Chansey\n|-heal|p2a: Chansey|100\/100\n|\n|upkeep\n|turn|12\n|\n|t:|1701180427\n|switch|p2a: Zapdos|Zapdos|81\/100\n|move|p1a: Sneasler|Swords Dance|p1a: Sneasler\n|-boost|p1a: Sneasler|atk|2\n|\n|upkeep\n|turn|13\n|\n|t:|1701180435\n|move|p1a: Sneasler|Dire Claw|p2a: Zapdos\n|-damage|p2a: Zapdos|18\/100\n|move|p2a: Zapdos|Defog|p1a: Sneasler\n|-unboost|p1a: Sneasler|evasion|1\n|-sideend|p2: jujibalaoshi001|Stealth Rock|[from] move: Defog|[of] p2a: Zapdos\n|\n|upkeep\n|turn|14\n|\n|t:|1701180445\n|move|p1a: Sneasler|Acrobatics|p2a: Zapdos\n|-resisted|p2a: Zapdos\n|-crit|p2a: Zapdos\n|-damage|p2a: Zapdos|0 fnt\n|faint|p2a: Zapdos\n|\n|upkeep\n|\n|t:|1701180457\n|switch|p2a: Scizor|Scizor-Mega, M|100\/100\n|turn|15\n|\n|t:|1701180474\n|switch|p1a: Mawile|Mawile-Mega, M|100\/100\n|move|p2a: Scizor|Swords Dance|p2a: Scizor\n|-boost|p2a: Scizor|atk|2\n|\n|upkeep\n|turn|16\n|\n|t:|1701180481\n|move|p1a: Mawile|Sucker Punch|p2a: Scizor\n|-damage|p2a: Scizor|70\/100\n|move|p2a: Scizor|U-turn|p1a: Mawile\n|-resisted|p1a: Mawile\n|-damage|p1a: Mawile|84\/100\n|\n|t:|1701180494\n|switch|p2a: Heatran|Heatran, F|100\/100|[from] U-turn\n|\n|upkeep\n|turn|17\n|\n|t:|1701180506\n|switch|p1a: Latias|Latias, F|89\/100 tox\n|move|p2a: Heatran|Magma Storm|p1a: Latias|[miss]\n|-miss|p2a: Heatran|p1a: Latias\n|\n|-heal|p1a: Latias|95\/100 tox|[from] item: Leftovers\n|-damage|p1a: Latias|89\/100 tox|[from] psn\n|upkeep\n|turn|18\n|\n|t:|1701180516\n|move|p1a: Latias|Aura Sphere|p2a: Heatran\n|-supereffective|p2a: Heatran\n|-damage|p2a: Heatran|75\/100\n|move|p2a: Heatran|Magma Storm|p1a: Latias\n|-resisted|p1a: Latias\n|-damage|p1a: Latias|72\/100 tox\n|-activate|p1a: Latias|move: Magma Storm|[of] p2a: Heatran\n|\n|-heal|p1a: Latias|78\/100 tox|[from] item: Leftovers\n|-heal|p2a: Heatran|81\/100|[from] item: Leftovers\n|-damage|p1a: Latias|66\/100 tox|[from] psn\n|-damage|p1a: Latias|54\/100 tox|[from] move: Magma Storm|[partiallytrapped]\n|upkeep\n|turn|19\n|\n|t:|1701180530\n|switch|p2a: Chansey|Chansey, F|100\/100\n|move|p1a: Latias|Aura Sphere|p2a: Chansey\n|-supereffective|p2a: Chansey\n|-damage|p2a: Chansey|87\/100\n|\n|-heal|p1a: Latias|60\/100 tox|[from] item: Leftovers\n|-damage|p1a: Latias|42\/100 tox|[from] psn\n|-end|p1a: Latias|Magma Storm|[partiallytrapped]|[silent]\n|upkeep\n|turn|20\n|\n|t:|1701180540\n|switch|p1a: Mawile|Mawile-Mega, M|84\/100\n|move|p2a: Chansey|Seismic Toss|p1a: Mawile\n|-damage|p1a: Mawile|51\/100\n|\n|upkeep\n|turn|21\n|\n|t:|1701180550\n|switch|p2a: Scizor|Scizor-Mega, M|70\/100\n|move|p1a: Mawile|Swords Dance|p1a: Mawile\n|-boost|p1a: Mawile|atk|2\n|\n|upkeep\n|turn|22\n|\n|t:|1701180561\n|move|p2a: Scizor|Roost|p2a: Scizor\n|-heal|p2a: Scizor|100\/100\n|-singleturn|p2a: Scizor|move: Roost\n|move|p1a: Mawile|Swords Dance|p1a: Mawile\n|-boost|p1a: Mawile|atk|2\n|\n|upkeep\n|turn|23\n|\n|t:|1701180572\n|move|p1a: Mawile|Sucker Punch||[still]\n|-fail|p1a: Mawile\n|move|p2a: Scizor|Swords Dance|p2a: Scizor\n|-boost|p2a: Scizor|atk|2\n|\n|upkeep\n|turn|24\n|\n|t:|1701180579\n|move|p2a: Scizor|Bullet Punch|p1a: Mawile\n|-damage|p1a: Mawile|0 fnt\n|faint|p1a: Mawile\n|\n|upkeep\n|\n|t:|1701180592\n|switch|p1a: Volcarona|Volcarona, M|77\/100\n|turn|25\n|\n|t:|1701180596\n|move|p1a: Volcarona|Fiery Dance|p2a: Scizor\n|-supereffective|p2a: Scizor\n|-damage|p2a: Scizor|0 fnt\n|faint|p2a: Scizor\n|\n|upkeep\n|\n|t:|1701180602\n|switch|p2a: Cloyster|Cloyster, F|100\/100\n|turn|26\n|\n|t:|1701180620\n|-terastallize|p1a: Volcarona|Water\n|move|p1a: Volcarona|Fiery Dance|p2a: Cloyster\n|-enditem|p2a: Cloyster|Focus Sash\n|-damage|p2a: Cloyster|1\/100\n|move|p2a: Cloyster|Shell Smash|p2a: Cloyster\n|-unboost|p2a: Cloyster|def|1\n|-unboost|p2a: Cloyster|spd|1\n|-boost|p2a: Cloyster|atk|2\n|-boost|p2a: Cloyster|spa|2\n|-boost|p2a: Cloyster|spe|2\n|\n|upkeep\n|turn|27\n|\n|t:|1701180626\n|move|p2a: Cloyster|Rock Blast|p1a: Volcarona\n|-damage|p1a: Volcarona|54\/100\n|-damage|p1a: Volcarona|31\/100\n|-damage|p1a: Volcarona|7\/100\n|-damage|p1a: Volcarona|0 fnt\n|faint|p1a: Volcarona\n|-hitcount|p1: Volcarona|4\n|\n|upkeep\n|\n|t:|1701180630\n|switch|p1a: Kartana|Kartana|100\/100\n|turn|28\n|\n|t:|1701180639\n|move|p2a: Cloyster|Icicle Spear|p1a: Kartana\n|-damage|p1a: Kartana|77\/100\n|-damage|p1a: Kartana|52\/100\n|-damage|p1a: Kartana|28\/100\n|-damage|p1a: Kartana|6\/100\n|-damage|p1a: Kartana|0 fnt\n|faint|p1a: Kartana\n|-hitcount|p1: Kartana|5\n|\n|upkeep\n|-message|CheezusWeezuz forfeited.\n|\n|win|jujibalaoshi001\n|raw|CheezusWeezuz's rating: 1417 &rarr; <strong>1397<\/strong><br \/>(-20 for losing)\n|raw|jujibalaoshi001's rating: 1421 &rarr; <strong>1441<\/strong><br \/>(+20 for winning)\n|l|\u2606CheezusWeezuz\n","uploadtime":1701180702,"views":3,"p1id":"cheezusweezuz","p2id":"jujibalaoshi001","formatid":"gen9nationaldex","rating":1397,"private":0,"password":""}