{"id":"gen9nationaldex-1998621059","p1":"Syph0n_78","p2":"fchyff","format":"[Gen 9] National Dex","log":"|html|<div class=\"broadcast-blue\"><strong>[Gen 9] National Dex is currently suspecting Sneasler! For information on how to participate check out the <a href=\"https:\/\/www.smogon.com\/forums\/threads\/sv-national-dex-suspect-8-just-dance.3731534\/\">suspect thread<\/a>.<\/strong><\/div>\n|j|\u2606Syph0n_78\n|j|\u2606fchyff\n|t:|1700963969\n|gametype|singles\n|player|p1|Syph0n_78|265|1208\n|player|p2|fchyff|marshal|1167\n|teamsize|p1|6\n|teamsize|p2|6\n|gen|9\n|tier|[Gen 9] National Dex\n|rated|\n|rule|HP Percentage Mod: HP is shown in percentages\n|rule|Endless Battle Clause: Forcing endless battles is banned\n|rule|OHKO Clause: OHKO moves are banned\n|rule|Evasion Clause: Evasion abilities, items, and moves are banned\n|rule|Evasion Abilities Clause: Evasion abilities are banned\n|rule|Evasion Items Clause: Evasion items are banned\n|rule|Evasion Moves Clause: Evasion moves are banned\n|rule|Species Clause: Limit one of each Pok\u00e9mon\n|rule|Sleep Clause Mod: Limit one foe put to sleep\n|clearpoke\n|poke|p1|Empoleon, F|\n|poke|p1|Ursaluna, M|\n|poke|p1|Galvantula, F|\n|poke|p1|Aerodactyl, F|\n|poke|p1|Ogerpon-Wellspring, F|\n|poke|p1|Hydreigon, M|\n|poke|p2|Urshifu-*, M|\n|poke|p2|Tapu Koko|\n|poke|p2|Serperior, F|\n|poke|p2|Tyranitar, F|\n|poke|p2|Gliscor, F|\n|poke|p2|Heatran, F|\n|teampreview\n|inactive|Battle timer is ON: inactive players will automatically lose when time's up. (requested by Syph0n_78)\n|\n|t:|1700963976\n|start\n|switch|p1a: Galvantula|Galvantula, F|100\/100\n|switch|p2a: Tapu Koko|Tapu Koko|100\/100\n|-fieldstart|move: Electric Terrain|[from] ability: Electric Surge|[of] p2a: Tapu Koko\n|turn|1\n|\n|t:|1700963984\n|move|p2a: Tapu Koko|Volt Switch|p1a: Galvantula\n|-resisted|p1a: Galvantula\n|-damage|p1a: Galvantula|65\/100\n|\n|t:|1700963989\n|switch|p2a: Gliscor|Gliscor, F|100\/100|[from] Volt Switch\n|move|p1a: Galvantula|Sticky Web|p2a: Gliscor\n|-sidestart|p2: fchyff|move: Sticky Web\n|\n|-status|p2a: Gliscor|tox|[from] item: Toxic Orb\n|upkeep\n|turn|2\n|\n|t:|1700963999\n|switch|p1a: Ursaluna|Ursaluna, M|100\/100\n|move|p2a: Gliscor|Swords Dance|p2a: Gliscor\n|-boost|p2a: Gliscor|atk|2\n|\n|-status|p1a: Ursaluna|brn|[from] item: Flame Orb\n|upkeep\n|turn|3\n|\n|t:|1700964009\n|move|p2a: Gliscor|Earthquake|p1a: Ursaluna\n|-damage|p1a: Ursaluna|50\/100 brn\n|move|p1a: Ursaluna|Trailblaze|p2a: Gliscor\n|-damage|p2a: Gliscor|78\/100 tox\n|-boost|p1a: Ursaluna|spe|1\n|\n|-heal|p2a: Gliscor|91\/100 tox|[from] ability: Poison Heal\n|-damage|p1a: Ursaluna|44\/100 brn|[from] brn\n|upkeep\n|turn|4\n|\n|t:|1700964032\n|-terastallize|p1a: Ursaluna|Normal\n|move|p1a: Ursaluna|Facade|p2a: Gliscor\n|-damage|p2a: Gliscor|0 fnt\n|faint|p2a: Gliscor\n|\n|-damage|p1a: Ursaluna|38\/100 brn|[from] brn\n|upkeep\n|\n|t:|1700964051\n|switch|p2a: Tapu Koko|Tapu Koko|100\/100\n|-activate|p2a: Tapu Koko|move: Sticky Web\n|-unboost|p2a: Tapu Koko|spe|1\n|turn|5\n|\n|t:|1700964058\n|move|p1a: Ursaluna|Headlong Rush|p2a: Tapu Koko\n|-supereffective|p2a: Tapu Koko\n|-damage|p2a: Tapu Koko|0 fnt\n|-unboost|p1a: Ursaluna|def|1\n|-unboost|p1a: Ursaluna|spd|1\n|faint|p2a: Tapu Koko\n|\n|-damage|p1a: Ursaluna|31\/100 brn|[from] brn\n|-fieldend|move: Electric Terrain\n|upkeep\n|\n|t:|1700964075\n|switch|p2a: Serperior|Serperior, F|100\/100\n|turn|6\n|\n|t:|1700964092\n|move|p2a: Serperior|Defog|p1a: Ursaluna\n|-unboost|p1a: Ursaluna|evasion|1\n|-sideend|p2: fchyff|Sticky Web|[from] move: Defog|[of] p2a: Serperior\n|move|p1a: Ursaluna|Facade|p2a: Serperior\n|-damage|p2a: Serperior|0 fnt\n|faint|p2a: Serperior\n|\n|-damage|p1a: Ursaluna|25\/100 brn|[from] brn\n|upkeep\n|inactive|fchyff has 120 seconds left.\n|\n|t:|1700964119\n|switch|p2a: Urshifu|Urshifu-Rapid-Strike, M|100\/100\n|turn|7\n|\n|t:|1700964132\n|move|p1a: Ursaluna|Facade|p2a: Urshifu\n|-damage|p2a: Urshifu|0 fnt\n|faint|p2a: Urshifu\n|\n|-damage|p1a: Ursaluna|19\/100 brn|[from] brn\n|upkeep\n|-message|fchyff forfeited.\n|\n|win|Syph0n_78\n|raw|Syph0n_78's rating: 1208 &rarr; <strong>1230<\/strong><br \/>(+22 for winning)\n|raw|fchyff's rating: 1167 &rarr; <strong>1145<\/strong><br \/>(-22 for losing)\n|l|\u2606fchyff\n","uploadtime":1700964173,"views":2,"p1id":"syph0n78","p2id":"fchyff","formatid":"gen9nationaldex","rating":1145,"private":0,"password":""}