{"id":"gen9nationaldex-2000649317","p1":"TyroneTheCreator18","p2":"MotherHorse","format":"[Gen 9] National Dex","log":"|html|<div class=\"broadcast-blue\"><strong>[Gen 9] National Dex is currently suspecting Sneasler! For information on how to participate check out the <a href=\"https:\/\/www.smogon.com\/forums\/threads\/sv-national-dex-suspect-8-just-dance.3731534\/\">suspect thread<\/a>.<\/strong><\/div>\n|j|\u2606TyroneTheCreator18\n|j|\u2606MotherHorse\n|t:|1701214461\n|gametype|singles\n|player|p1|TyroneTheCreator18|hoopster|1512\n|player|p2|MotherHorse|gardenia|1534\n|teamsize|p1|6\n|teamsize|p2|6\n|gen|9\n|tier|[Gen 9] National Dex\n|rated|\n|rule|HP Percentage Mod: HP is shown in percentages\n|rule|Endless Battle Clause: Forcing endless battles is banned\n|rule|OHKO Clause: OHKO moves are banned\n|rule|Evasion Clause: Evasion abilities, items, and moves are banned\n|rule|Evasion Abilities Clause: Evasion abilities are banned\n|rule|Evasion Items Clause: Evasion items are banned\n|rule|Evasion Moves Clause: Evasion moves are banned\n|rule|Species Clause: Limit one of each Pok\u00e9mon\n|rule|Sleep Clause Mod: Limit one foe put to sleep\n|clearpoke\n|poke|p1|Porygon2|\n|poke|p1|Gliscor, F|\n|poke|p1|Beedrill, M|\n|poke|p1|Rotom-Wash|\n|poke|p1|Weavile, F|\n|poke|p1|Iron Treads|\n|poke|p2|Tapu Koko|\n|poke|p2|Iron Valiant|\n|poke|p2|Hawlucha, F|\n|poke|p2|Iron Moth|\n|poke|p2|Landorus-Therian, M|\n|poke|p2|Scizor, M|\n|teampreview\n|inactive|Battle timer is ON: inactive players will automatically lose when time's up. (requested by TyroneTheCreator18)\n|\n|t:|1701214478\n|start\n|switch|p1a: Stepsis?|Rotom-Wash|100\/100\n|switch|p2a: Tapu Koko|Tapu Koko|100\/100\n|-fieldstart|move: Electric Terrain|[from] ability: Electric Surge|[of] p2a: Tapu Koko\n|turn|1\n|\n|t:|1701214482\n|move|p2a: Tapu Koko|U-turn|p1a: Stepsis?\n|-damage|p1a: Stepsis?|77\/100\n|\n|t:|1701214493\n|switch|p2a: Scizor|Scizor, M|100\/100|[from] U-turn\n|move|p1a: Stepsis?|Volt Switch|p2a: Scizor\n|-damage|p2a: Scizor|32\/100\n|\n|t:|1701214513\n|switch|p1a: Battington|Gliscor, F|100\/100|[from] Volt Switch\n|\n|-status|p1a: Battington|tox|[from] item: Toxic Orb\n|upkeep\n|turn|2\n|\n|t:|1701214525\n|switch|p2a: Landorus|Landorus-Therian, M|100\/100\n|-ability|p2a: Landorus|Intimidate|boost\n|-unboost|p1a: Battington|atk|1\n|move|p1a: Battington|Earthquake|p2a: Landorus\n|-immune|p2a: Landorus\n|\n|upkeep\n|turn|3\n|\n|t:|1701214528\n|move|p2a: Landorus|Hidden Power|p1a: Battington\n|-supereffective|p1a: Battington\n|-damage|p1a: Battington|34\/100 tox\n|move|p1a: Battington|Toxic|p2a: Landorus\n|-status|p2a: Landorus|tox\n|\n|-damage|p2a: Landorus|94\/100 tox|[from] psn\n|-heal|p1a: Battington|46\/100 tox|[from] ability: Poison Heal\n|upkeep\n|turn|4\n|\n|t:|1701214534\n|switch|p1a: Sitting Duck|Porygon2|100\/100\n|-ability|p1a: Sitting Duck|Intimidate|boost\n|-unboost|p2a: Landorus|atk|1\n|-ability|p1a: Sitting Duck|Intimidate|[from] ability: Trace|[of] p2a: Landorus\n|move|p2a: Landorus|Stealth Rock|p1a: Sitting Duck\n|-sidestart|p1: TyroneTheCreator18|move: Stealth Rock\n|\n|-damage|p2a: Landorus|82\/100 tox|[from] psn\n|upkeep\n|turn|5\n|\n|t:|1701214538\n|move|p2a: Landorus|U-turn|p1a: Sitting Duck\n|-damage|p1a: Sitting Duck|94\/100\n|\n|t:|1701214544\n|switch|p2a: Iron Valiant|Iron Valiant|100\/100|[from] U-turn\n|-activate|p2a: Iron Valiant|ability: Quark Drive\n|-start|p2a: Iron Valiant|quarkdrivespe\n|move|p1a: Sitting Duck|Toxic|p2a: Iron Valiant\n|-status|p2a: Iron Valiant|tox\n|\n|-damage|p2a: Iron Valiant|94\/100 tox|[from] psn\n|upkeep\n|turn|6\n|c|\u2606TyroneTheCreator18|Call me Mr.read\n|\n|t:|1701214569\n|-terastallize|p1a: Sitting Duck|Ghost\n|move|p2a: Iron Valiant|Moonblast|p1a: Sitting Duck\n|-damage|p1a: Sitting Duck|54\/100\n|-unboost|p1a: Sitting Duck|spa|1\n|-damage|p2a: Iron Valiant|85\/100 tox|[from] item: Life Orb\n|move|p1a: Sitting Duck|Ice Beam|p2a: Iron Valiant\n|-crit|p2a: Iron Valiant\n|-damage|p2a: Iron Valiant|32\/100 tox\n|\n|-damage|p2a: Iron Valiant|19\/100 tox|[from] psn\n|upkeep\n|turn|7\n|c|\u2606MotherHorse|Hello Mr. Read\n|\n|t:|1701214585\n|move|p2a: Iron Valiant|Moonblast|p1a: Sitting Duck\n|-damage|p1a: Sitting Duck|14\/100\n|-unboost|p1a: Sitting Duck|spa|1\n|-damage|p2a: Iron Valiant|9\/100 tox|[from] item: Life Orb\n|move|p1a: Sitting Duck|Recover|p1a: Sitting Duck\n|-heal|p1a: Sitting Duck|64\/100\n|\n|-damage|p2a: Iron Valiant|0 fnt|[from] psn\n|faint|p2a: Iron Valiant\n|-end|p2a: Iron Valiant|Quark Drive|[silent]\n|upkeep\n|c|\u2606TyroneTheCreator18|Why\u2019s this duck so goated bro\n|c|\u2606TyroneTheCreator18|mvp mf\n|inactive|MotherHorse has 120 seconds left.\n|\n|t:|1701214615\n|switch|p2a: Hawlucha|Hawlucha, F|100\/100\n|-enditem|p2a: Hawlucha|Electric Seed\n|-boost|p2a: Hawlucha|def|1|[from] item: Electric Seed\n|turn|8\n|inactive|MotherHorse has 120 seconds left.\n|\n|t:|1701214620\n|-terastallize|p2a: Hawlucha|Steel\n|move|p2a: Hawlucha|Swords Dance|p2a: Hawlucha\n|-boost|p2a: Hawlucha|atk|2\n|move|p1a: Sitting Duck|Recover|p1a: Sitting Duck\n|-heal|p1a: Sitting Duck|100\/100\n|\n|-fieldend|move: Electric Terrain\n|upkeep\n|turn|9\n|inactive|MotherHorse has 120 seconds left.\n|\n|t:|1701214635\n|move|p2a: Hawlucha|Swords Dance|p2a: Hawlucha\n|-boost|p2a: Hawlucha|atk|2\n|move|p1a: Sitting Duck|Ice Beam|p2a: Hawlucha\n|-resisted|p2a: Hawlucha\n|-damage|p2a: Hawlucha|92\/100\n|\n|upkeep\n|turn|10\n|inactive|MotherHorse has 120 seconds left.\n|c|\u2606TyroneTheCreator18|Nvm I gotta pray now\n|\n|t:|1701214651\n|move|p2a: Hawlucha|Acrobatics|p1a: Sitting Duck\n|-damage|p1a: Sitting Duck|27\/100\n|move|p1a: Sitting Duck|Ice Beam|p2a: Hawlucha\n|-resisted|p2a: Hawlucha\n|-damage|p2a: Hawlucha|85\/100\n|\n|upkeep\n|turn|11\n|\n|t:|1701214657\n|switch|p1a: Battington|Gliscor, F|46\/100 tox\n|-damage|p1a: Battington|34\/100 tox|[from] Stealth Rock\n|move|p2a: Hawlucha|Swords Dance|p2a: Hawlucha\n|-boost|p2a: Hawlucha|atk|2\n|\n|-heal|p1a: Battington|46\/100 tox|[from] ability: Poison Heal\n|upkeep\n|turn|12\n|\n|t:|1701214662\n|move|p2a: Hawlucha|Acrobatics|p1a: Battington\n|-damage|p1a: Battington|0 fnt\n|faint|p1a: Battington\n|\n|upkeep\n|\n|t:|1701214671\n|switch|p1a: Every 13 Yr Old|Weavile, F|100\/100\n|-damage|p1a: Every 13 Yr Old|76\/100|[from] Stealth Rock\n|-ability|p1a: Every 13 Yr Old|Pressure\n|turn|13\n|\n|t:|1701214674\n|move|p1a: Every 13 Yr Old|Ice Shard|p2a: Hawlucha\n|-resisted|p2a: Hawlucha\n|-damage|p2a: Hawlucha|71\/100\n|move|p2a: Hawlucha|Acrobatics|p1a: Every 13 Yr Old\n|-damage|p1a: Every 13 Yr Old|0 fnt\n|faint|p1a: Every 13 Yr Old\n|\n|upkeep\n|\n|t:|1701214677\n|switch|p1a: Stepsis?|Rotom-Wash|77\/100\n|-damage|p1a: Stepsis?|65\/100|[from] Stealth Rock\n|turn|14\n|\n|t:|1701214682\n|move|p2a: Hawlucha|Close Combat|p1a: Stepsis?\n|-damage|p1a: Stepsis?|0 fnt\n|-unboost|p2a: Hawlucha|def|1\n|-unboost|p2a: Hawlucha|spd|1\n|faint|p1a: Stepsis?\n|\n|upkeep\n|\n|t:|1701214688\n|switch|p1a: BEE-GONE|Beedrill, M|100\/100\n|-damage|p1a: BEE-GONE|76\/100|[from] Stealth Rock\n|turn|15\n|\n|t:|1701214691\n|detailschange|p1a: BEE-GONE|Beedrill-Mega, M\n|-mega|p1a: BEE-GONE|Beedrill|Beedrillite\n|move|p2a: Hawlucha|Acrobatics|p1a: BEE-GONE\n|-supereffective|p1a: BEE-GONE\n|-damage|p1a: BEE-GONE|0 fnt\n|faint|p1a: BEE-GONE\n|\n|upkeep\n|c|\u2606TyroneTheCreator18|My boy duckington \ud83d\ude14\n|\n|t:|1701214704\n|switch|p1a: Iron Treadulous|Iron Treads|100\/100\n|-damage|p1a: Iron Treadulous|97\/100|[from] Stealth Rock\n|-enditem|p1a: Iron Treadulous|Booster Energy\n|-activate|p1a: Iron Treadulous|ability: Quark Drive|[fromitem]\n|-start|p1a: Iron Treadulous|quarkdrivespe\n|turn|16\n|\n|t:|1701214708\n|move|p2a: Hawlucha|Close Combat|p1a: Iron Treadulous\n|-supereffective|p1a: Iron Treadulous\n|-damage|p1a: Iron Treadulous|0 fnt\n|-unboost|p2a: Hawlucha|def|1\n|-unboost|p2a: Hawlucha|spd|1\n|faint|p1a: Iron Treadulous\n|-end|p1a: Iron Treadulous|Quark Drive|[silent]\n|\n|upkeep\n|\n|t:|1701214710\n|switch|p1a: Sitting Duck|Porygon2, tera:Ghost|27\/100\n|-damage|p1a: Sitting Duck|15\/100|[from] Stealth Rock\n|-ability|p1a: Sitting Duck|Unburden|[from] ability: Trace|[of] p2a: Hawlucha\n|turn|17\n|\n|t:|1701214715\n|move|p2a: Hawlucha|Taunt|p1a: Sitting Duck\n|-start|p1a: Sitting Duck|move: Taunt\n|cant|p1a: Sitting Duck|move: Taunt|Recover\n|\n|upkeep\n|turn|18\n|c|\u2606MotherHorse|Gg.\n|\n|t:|1701214724\n|move|p2a: Hawlucha|Acrobatics|p1a: Sitting Duck\n|-damage|p1a: Sitting Duck|0 fnt\n|faint|p1a: Sitting Duck\n|\n|win|MotherHorse\n|raw|TyroneTheCreator18's rating: 1512 &rarr; <strong>1493<\/strong><br \/>(-19 for losing)\n|raw|MotherHorse's rating: 1534 &rarr; <strong>1553<\/strong><br \/>(+19 for winning)\n|c|\u2606TyroneTheCreator18|Gg\n|l|\u2606TyroneTheCreator18\n","uploadtime":1701214741,"views":0,"p1id":"tyronethecreator18","p2id":"motherhorse","formatid":"gen9nationaldex","rating":1493,"private":0,"password":""}