{"id":"gen9nationaldex-1996115228","p1":"FireGym Virgil","p2":"AlastorTheOverlord","format":"[Gen 9] National Dex","log":"|html|<div class=\"broadcast-blue\"><strong>[Gen 9] National Dex is currently suspecting Sneasler! For information on how to participate check out the <a href=\"https:\/\/www.smogon.com\/forums\/threads\/sv-national-dex-suspect-8-just-dance.3731534\/\">suspect thread<\/a>.<\/strong><\/div>\n|j|\u2606FireGym Virgil\n|j|\u2606AlastorTheOverlord\n|t:|1700646438\n|gametype|singles\n|player|p1|FireGym Virgil|blaine|1301\n|player|p2|AlastorTheOverlord|n|1190\n|teamsize|p1|6\n|teamsize|p2|6\n|gen|9\n|tier|[Gen 9] National Dex\n|rated|\n|rule|HP Percentage Mod: HP is shown in percentages\n|rule|Endless Battle Clause: Forcing endless battles is banned\n|rule|OHKO Clause: OHKO moves are banned\n|rule|Evasion Clause: Evasion abilities, items, and moves are banned\n|rule|Evasion Abilities Clause: Evasion abilities are banned\n|rule|Evasion Items Clause: Evasion items are banned\n|rule|Evasion Moves Clause: Evasion moves are banned\n|rule|Species Clause: Limit one of each Pok\u00e9mon\n|rule|Sleep Clause Mod: Limit one foe put to sleep\n|clearpoke\n|poke|p1|Charizard, M|\n|poke|p1|Typhlosion, M|\n|poke|p1|Marowak-Alola, F|\n|poke|p1|Arcanine-Hisui, M|\n|poke|p1|Talonflame, M|\n|poke|p1|Blaziken, F|\n|poke|p2|Greninja-*, M|\n|poke|p2|Garchomp, M|\n|poke|p2|Chandelure, M|\n|poke|p2|Azumarill, M|\n|poke|p2|Aegislash, F|\n|poke|p2|Talonflame, M|\n|teampreview\n|inactive|Battle timer is ON: inactive players will automatically lose when time's up. (requested by AlastorTheOverlord)\n|\n|t:|1700646456\n|start\n|switch|p1a: Arcanine|Arcanine-Hisui, M|100\/100\n|switch|p2a: Garchomp|Garchomp, M|100\/100\n|turn|1\n|j| Zaqck\n|\n|t:|1700646462\n|switch|p1a: Talonflame|Talonflame, M|100\/100\n|detailschange|p2a: Garchomp|Garchomp-Mega, M\n|-mega|p2a: Garchomp|Garchomp|Garchompite\n|move|p2a: Garchomp|Swords Dance|p2a: Garchomp\n|-boost|p2a: Garchomp|atk|2\n|\n|upkeep\n|turn|2\n|\n|t:|1700646470\n|-zpower|p1a: Talonflame\n|move|p1a: Talonflame|Supersonic Skystrike|p2a: Garchomp|[zeffect]\n|-damage|p2a: Garchomp|37\/100\n|move|p2a: Garchomp|Rock Slide|p1a: Talonflame\n|-supereffective|p1a: Talonflame\n|-damage|p1a: Talonflame|0 fnt\n|faint|p1a: Talonflame\n|\n|upkeep\n|\n|t:|1700646479\n|switch|p1a: Blaziken|Blaziken, F|100\/100\n|turn|3\n|\n|t:|1700646487\n|move|p2a: Garchomp|Scale Shot|p1a: Blaziken\n|-damage|p1a: Blaziken|48\/100\n|-damage|p1a: Blaziken|2\/100\n|-damage|p1a: Blaziken|0 fnt\n|faint|p1a: Blaziken\n|-hitcount|p1: Blaziken|3\n|-unboost|p2a: Garchomp|def|1\n|-boost|p2a: Garchomp|spe|1\n|\n|upkeep\n|\n|t:|1700646494\n|switch|p1a: Arcanine|Arcanine-Hisui, M|100\/100\n|turn|4\n|\n|t:|1700646497\n|-terastallize|p1a: Arcanine|Normal\n|move|p1a: Arcanine|Extreme Speed|p2a: Garchomp\n|-damage|p2a: Garchomp|0 fnt\n|faint|p2a: Garchomp\n|\n|upkeep\n|\n|t:|1700646504\n|switch|p2a: Greninja|Greninja, M|100\/100\n|turn|5\n|\n|t:|1700646508\n|move|p2a: Greninja|Water Shuriken|p1a: Arcanine\n|-start|p2a: Greninja|typechange|Water|[from] ability: Protean\n|-damage|p1a: Arcanine|90\/100\n|-damage|p1a: Arcanine|79\/100\n|-hitcount|p1a: Arcanine|2\n|-damage|p2a: Greninja|91\/100|[from] item: Life Orb\n|move|p1a: Arcanine|Head Smash|p2a: Greninja\n|-damage|p2a: Greninja|0 fnt\n|faint|p2a: Greninja\n|\n|upkeep\n|\n|t:|1700646515\n|switch|p2a: Azumarill|Azumarill, M|100\/100\n|turn|6\n|\n|t:|1700646520\n|move|p1a: Arcanine|Stealth Rock|p2a: Azumarill\n|-sidestart|p2: AlastorTheOverlord|move: Stealth Rock\n|move|p2a: Azumarill|Belly Drum|p2a: Azumarill\n|-damage|p2a: Azumarill|51\/100\n|-setboost|p2a: Azumarill|atk|6|[from] move: Belly Drum\n|\n|upkeep\n|turn|7\n|\n|t:|1700646525\n|-terastallize|p2a: Azumarill|Water\n|move|p1a: Arcanine|Extreme Speed|p2a: Azumarill\n|-damage|p2a: Azumarill|10\/100\n|-enditem|p2a: Azumarill|Sitrus Berry|[eat]\n|-heal|p2a: Azumarill|35\/100|[from] item: Sitrus Berry\n|move|p2a: Azumarill|Aqua Jet|p1a: Arcanine\n|-damage|p1a: Arcanine|0 fnt\n|faint|p1a: Arcanine\n|\n|upkeep\n|\n|t:|1700646531\n|switch|p1a: Typhlosion|Typhlosion, M|100\/100\n|turn|8\n|\n|t:|1700646544\n|move|p2a: Azumarill|Aqua Jet|p1a: Typhlosion\n|-supereffective|p1a: Typhlosion\n|-damage|p1a: Typhlosion|0 fnt\n|faint|p1a: Typhlosion\n|\n|upkeep\n|\n|t:|1700646549\n|switch|p1a: Marowak|Marowak-Alola, F|100\/100\n|turn|9\n|\n|t:|1700646552\n|move|p2a: Azumarill|Aqua Jet|p1a: Marowak\n|-supereffective|p1a: Marowak\n|-damage|p1a: Marowak|0 fnt\n|faint|p1a: Marowak\n|\n|upkeep\n|\n|t:|1700646555\n|switch|p1a: Charizard|Charizard, M|100\/100\n|turn|10\n|\n|t:|1700646559\n|detailschange|p1a: Charizard|Charizard-Mega-Y, M\n|-mega|p1a: Charizard|Charizard|Charizardite Y\n|-weather|SunnyDay|[from] ability: Drought|[of] p1a: Charizard\n|move|p2a: Azumarill|Aqua Jet|p1a: Charizard\n|-supereffective|p1a: Charizard\n|-damage|p1a: Charizard|0 fnt\n|faint|p1a: Charizard\n|\n|win|AlastorTheOverlord\n|raw|FireGym Virgil's rating: 1301 &rarr; <strong>1275<\/strong><br \/>(-26 for losing)\n|raw|AlastorTheOverlord's rating: 1190 &rarr; <strong>1223<\/strong><br \/>(+33 for winning)\n|l|\u2606FireGym Virgil\n|l| Zaqck\n","uploadtime":1700646566,"views":8,"p1id":"firegymvirgil","p2id":"alastortheoverlord","formatid":"gen9nationaldex","rating":1223,"private":0,"password":""}