{"id":"gen9nationaldex-1987286162","p1":"Blake-Mamba","p2":"i eat baIIs","format":"[Gen 9] National Dex","log":"|j|\u2606Blake-Mamba\n|j|\u2606i eat baIIs\n|t:|1699573272\n|gametype|singles\n|player|p1|Blake-Mamba|juan|1207\n|player|p2|i eat baIIs|scientist-gen4dp|1168\n|teamsize|p1|6\n|teamsize|p2|6\n|gen|9\n|tier|[Gen 9] National Dex\n|rated|\n|rule|HP Percentage Mod: HP is shown in percentages\n|rule|Endless Battle Clause: Forcing endless battles is banned\n|rule|OHKO Clause: OHKO moves are banned\n|rule|Evasion Clause: Evasion abilities, items, and moves are banned\n|rule|Evasion Abilities Clause: Evasion abilities are banned\n|rule|Evasion Items Clause: Evasion items are banned\n|rule|Evasion Moves Clause: Evasion moves are banned\n|rule|Species Clause: Limit one of each Pok\u00e9mon\n|rule|Sleep Clause Mod: Limit one foe put to sleep\n|clearpoke\n|poke|p1|Cinccino, M|\n|poke|p1|Zebstrika, F|\n|poke|p1|Ferrothorn, F|\n|poke|p1|Seismitoad, F|\n|poke|p1|Krookodile, M|\n|poke|p1|Emboar, F|\n|poke|p2|Clodsire, M|\n|poke|p2|Scizor, M|\n|poke|p2|Hatterene, F|\n|poke|p2|Haxorus, F|\n|poke|p2|Dondozo, M|\n|poke|p2|Heatran, M|\n|teampreview\n|inactive|Battle timer is ON: inactive players will automatically lose when time's up. (requested by i eat baIIs)\n|\n|t:|1699573285\n|start\n|switch|p1a: Seismitoad|Seismitoad, F|100\/100\n|switch|p2a: Clodsire|Clodsire, M, shiny|100\/100\n|turn|1\n|\n|t:|1699573312\n|switch|p2a: Hatterene|Hatterene, F, shiny|100\/100\n|move|p1a: Seismitoad|Earth Power|p2a: Hatterene\n|-damage|p2a: Hatterene|39\/100\n|\n|-heal|p2a: Hatterene|45\/100|[from] item: Leftovers\n|upkeep\n|turn|2\n|\n|t:|1699573326\n|-terastallize|p2a: Hatterene|Water\n|move|p1a: Seismitoad|Earth Power|p2a: Hatterene\n|-damage|p2a: Hatterene|0 fnt\n|faint|p2a: Hatterene\n|\n|upkeep\n|\n|t:|1699573337\n|switch|p2a: Haxorus|Haxorus, F, shiny|100\/100\n|-ability|p2a: Haxorus|Mold Breaker\n|turn|3\n|\n|t:|1699573346\n|move|p2a: Haxorus|Dragon Dance|p2a: Haxorus\n|-boost|p2a: Haxorus|atk|1\n|-boost|p2a: Haxorus|spe|1\n|move|p1a: Seismitoad|Earth Power|p2a: Haxorus\n|-damage|p2a: Haxorus|8\/100\n|\n|upkeep\n|turn|4\n|\n|t:|1699573376\n|switch|p1a: Ferrothorn|Ferrothorn, F|100\/100\n|-zpower|p2a: Haxorus\n|move|p2a: Haxorus|Devastating Drake|p1a: Ferrothorn|[zeffect]\n|-resisted|p1a: Ferrothorn\n|-damage|p1a: Ferrothorn|53\/100\n|\n|upkeep\n|turn|5\n|\n|t:|1699573389\n|switch|p2a: Heatano|Heatran, M, shiny|100\/100\n|move|p1a: Ferrothorn|Leech Seed|p2a: Heatano\n|-start|p2a: Heatano|move: Leech Seed\n|\n|-damage|p2a: Heatano|88\/100|[from] Leech Seed|[of] p1a: Ferrothorn\n|-heal|p1a: Ferrothorn|66\/100|[silent]\n|upkeep\n|turn|6\n|inactive|Blake-Mamba has 120 seconds left.\n|\n|t:|1699573421\n|switch|p1a: Seismitoad|Seismitoad, F|100\/100\n|move|p2a: Heatano|Toxic|p1a: Seismitoad\n|-status|p1a: Seismitoad|tox\n|\n|-heal|p2a: Heatano|94\/100|[from] item: Leftovers\n|-damage|p2a: Heatano|82\/100|[from] Leech Seed|[of] p1a: Seismitoad\n|-damage|p1a: Seismitoad|94\/100 tox|[from] psn\n|upkeep\n|turn|7\n|\n|t:|1699573432\n|switch|p2a: Scizor|Scizor, M|100\/100\n|move|p1a: Seismitoad|Earth Power|p2a: Scizor\n|-damage|p2a: Scizor|36\/100\n|\n|-damage|p1a: Seismitoad|82\/100 tox|[from] psn\n|upkeep\n|turn|8\n|\n|t:|1699573441\n|detailschange|p2a: Scizor|Scizor-Mega, M\n|-mega|p2a: Scizor|Scizor|Scizorite\n|move|p2a: Scizor|Roost|p2a: Scizor\n|-heal|p2a: Scizor|86\/100\n|-singleturn|p2a: Scizor|move: Roost\n|move|p1a: Seismitoad|Earth Power|p2a: Scizor\n|-damage|p2a: Scizor|24\/100\n|\n|-damage|p1a: Seismitoad|64\/100 tox|[from] psn\n|upkeep\n|turn|9\n|\n|t:|1699573453\n|switch|p1a: Emboar|Emboar, F, shiny|100\/100\n|move|p2a: Scizor|Roost|p2a: Scizor\n|-heal|p2a: Scizor|74\/100\n|-singleturn|p2a: Scizor|move: Roost\n|\n|upkeep\n|turn|10\n|\n|t:|1699573477\n|switch|p2a: Dondozo|Dondozo, M|100\/100\n|move|p1a: Emboar|Flare Blitz|p2a: Dondozo\n|-resisted|p2a: Dondozo\n|-damage|p2a: Dondozo|83\/100\n|-damage|p1a: Emboar|92\/100|[from] Recoil\n|\n|-heal|p2a: Dondozo|89\/100|[from] item: Leftovers\n|upkeep\n|turn|11\n|\n|t:|1699573488\n|switch|p1a: Ferrothorn|Ferrothorn, F|66\/100\n|move|p2a: Dondozo|Body Press|p1a: Ferrothorn\n|-supereffective|p1a: Ferrothorn\n|-damage|p1a: Ferrothorn|35\/100\n|-damage|p2a: Dondozo|77\/100|[from] ability: Iron Barbs|[of] p1a: Ferrothorn\n|-damage|p2a: Dondozo|60\/100|[from] item: Rocky Helmet|[of] p1a: Ferrothorn\n|\n|-heal|p2a: Dondozo|66\/100|[from] item: Leftovers\n|upkeep\n|turn|12\n|\n|t:|1699573503\n|switch|p2a: Heatano|Heatran, M, shiny|82\/100\n|-terastallize|p1a: Ferrothorn|Ghost\n|move|p1a: Ferrothorn|Leech Seed|p2a: Heatano\n|-start|p2a: Heatano|move: Leech Seed\n|\n|-heal|p2a: Heatano|88\/100|[from] item: Leftovers\n|-damage|p2a: Heatano|76\/100|[from] Leech Seed|[of] p1a: Ferrothorn\n|-heal|p1a: Ferrothorn|48\/100|[silent]\n|upkeep\n|turn|13\n|inactive|Blake-Mamba has 90 seconds left.\n|\n|t:|1699573529\n|switch|p1a: Seismitoad|Seismitoad, F|64\/100 tox\n|move|p2a: Heatano|Flamethrower|p1a: Seismitoad\n|-resisted|p1a: Seismitoad\n|-damage|p1a: Seismitoad|38\/100 tox\n|\n|-heal|p2a: Heatano|82\/100|[from] item: Leftovers\n|-damage|p2a: Heatano|69\/100|[from] Leech Seed|[of] p1a: Seismitoad\n|-heal|p1a: Seismitoad|50\/100 tox|[silent]\n|-damage|p1a: Seismitoad|44\/100 tox|[from] psn\n|upkeep\n|turn|14\n|inactive|Blake-Mamba has 90 seconds left.\n|\n|t:|1699573544\n|switch|p2a: Haxorus|Haxorus, F, shiny|8\/100\n|-ability|p2a: Haxorus|Mold Breaker\n|move|p1a: Seismitoad|Earth Power|p2a: Haxorus\n|-damage|p2a: Haxorus|0 fnt\n|faint|p2a: Haxorus\n|\n|-damage|p1a: Seismitoad|32\/100 tox|[from] psn\n|upkeep\n|\n|t:|1699573556\n|switch|p2a: Clodsire|Clodsire, M, shiny|100\/100\n|turn|15\n|inactive|Blake-Mamba has 90 seconds left.\n|\n|t:|1699573579\n|move|p1a: Seismitoad|Earth Power|p2a: Clodsire\n|-supereffective|p2a: Clodsire\n|-damage|p2a: Clodsire|44\/100\n|move|p2a: Clodsire|Recover|p2a: Clodsire\n|-heal|p2a: Clodsire|94\/100\n|\n|-heal|p2a: Clodsire|100\/100|[from] item: Leftovers\n|-damage|p1a: Seismitoad|14\/100 tox|[from] psn\n|upkeep\n|turn|16\n|\n|t:|1699573590\n|switch|p1a: Ferrothorn|Ferrothorn, F, tera:Ghost|48\/100\n|move|p2a: Clodsire|Recover||[still]\n|-fail|p2a: Clodsire|heal\n|\n|upkeep\n|turn|17\n|\n|t:|1699573596\n|move|p1a: Ferrothorn|Leech Seed|p2a: Clodsire\n|-start|p2a: Clodsire|move: Leech Seed\n|move|p2a: Clodsire|Toxic|p1a: Ferrothorn\n|-status|p1a: Ferrothorn|tox\n|\n|-damage|p2a: Clodsire|88\/100|[from] Leech Seed|[of] p1a: Ferrothorn\n|-heal|p1a: Ferrothorn|65\/100 tox|[silent]\n|-damage|p1a: Ferrothorn|58\/100 tox|[from] psn\n|upkeep\n|turn|18\n|inactive|Blake-Mamba has 90 seconds left.\n|\n|t:|1699573605\n|switch|p1a: Krookodile|Krookodile, M|100\/100\n|move|p2a: Clodsire|Earthquake|p1a: Krookodile\n|-damage|p1a: Krookodile|67\/100\n|\n|-heal|p2a: Clodsire|94\/100|[from] item: Leftovers\n|-damage|p2a: Clodsire|82\/100|[from] Leech Seed|[of] p1a: Krookodile\n|-heal|p1a: Krookodile|84\/100|[silent]\n|upkeep\n|turn|19\n|\n|t:|1699573616\n|switch|p2a: Dondozo|Dondozo, M|66\/100\n|move|p1a: Krookodile|Knock Off|p2a: Dondozo\n|-damage|p2a: Dondozo|44\/100\n|-enditem|p2a: Dondozo|Leftovers|[from] move: Knock Off|[of] p1a: Krookodile\n|\n|upkeep\n|turn|20\n|\n|t:|1699573627\n|move|p1a: Krookodile|Earthquake|p2a: Dondozo\n|-damage|p2a: Dondozo|20\/100\n|move|p2a: Dondozo|Rest|p2a: Dondozo\n|-status|p2a: Dondozo|slp|[from] move: Rest\n|-heal|p2a: Dondozo|100\/100 slp|[silent]\n|\n|upkeep\n|turn|21\n|inactive|Blake-Mamba has 90 seconds left.\n|\n|t:|1699573655\n|switch|p1a: Cinccino|Cinccino, M|100\/100\n|cant|p2a: Dondozo|slp\n|move|p2a: Dondozo|Sleep Talk|p2a: Dondozo\n|move|p2a: Dondozo|Liquidation|p1a: Cinccino|[from]move: Sleep Talk\n|-damage|p1a: Cinccino|46\/100\n|\n|upkeep\n|turn|22\n|\n|t:|1699573665\n|move|p1a: Cinccino|Bullet Seed|p2a: Dondozo\n|-supereffective|p2a: Dondozo\n|-damage|p2a: Dondozo|86\/100 slp\n|-supereffective|p2a: Dondozo\n|-damage|p2a: Dondozo|72\/100 slp\n|-hitcount|p2a: Dondozo|2\n|-damage|p1a: Cinccino|36\/100|[from] item: Life Orb\n|cant|p2a: Dondozo|slp\n|move|p2a: Dondozo|Sleep Talk|p2a: Dondozo\n|move|p2a: Dondozo|Liquidation|p1a: Cinccino|[from]move: Sleep Talk\n|-damage|p1a: Cinccino|0 fnt\n|faint|p1a: Cinccino\n|\n|upkeep\n|\n|t:|1699573680\n|switch|p1a: Seismitoad|Seismitoad, F|14\/100 tox\n|turn|23\n|\n|t:|1699573685\n|move|p1a: Seismitoad|Grass Knot|p2a: Dondozo\n|-supereffective|p2a: Dondozo\n|-damage|p2a: Dondozo|0 fnt\n|faint|p2a: Dondozo\n|\n|-damage|p1a: Seismitoad|8\/100 tox|[from] psn\n|upkeep\n|\n|t:|1699573692\n|switch|p2a: Scizor|Scizor-Mega, M|74\/100\n|turn|24\n|inactive|Blake-Mamba has 90 seconds left.\n|\n|t:|1699573713\n|switch|p1a: Ferrothorn|Ferrothorn, F, tera:Ghost|58\/100 tox\n|move|p2a: Scizor|Dual Wingbeat|p1a: Ferrothorn\n|-damage|p1a: Ferrothorn|45\/100 tox\n|-damage|p2a: Scizor|62\/100|[from] ability: Iron Barbs|[of] p1a: Ferrothorn\n|-damage|p2a: Scizor|45\/100|[from] item: Rocky Helmet|[of] p1a: Ferrothorn\n|-damage|p1a: Ferrothorn|33\/100 tox\n|-damage|p2a: Scizor|33\/100|[from] ability: Iron Barbs|[of] p1a: Ferrothorn\n|-damage|p2a: Scizor|16\/100|[from] item: Rocky Helmet|[of] p1a: Ferrothorn\n|-hitcount|p1a: Ferrothorn|2\n|\n|-damage|p1a: Ferrothorn|27\/100 tox|[from] psn\n|upkeep\n|turn|25\n|\n|t:|1699573728\n|move|p2a: Scizor|Roost|p2a: Scizor\n|-heal|p2a: Scizor|66\/100\n|-singleturn|p2a: Scizor|move: Roost\n|move|p1a: Ferrothorn|Leech Seed|p2a: Scizor\n|-start|p2a: Scizor|move: Leech Seed\n|\n|-damage|p2a: Scizor|54\/100|[from] Leech Seed|[of] p1a: Ferrothorn\n|-heal|p1a: Ferrothorn|39\/100 tox|[silent]\n|-damage|p1a: Ferrothorn|27\/100 tox|[from] psn\n|upkeep\n|turn|26\n|\n|t:|1699573738\n|switch|p1a: Emboar|Emboar, F, shiny|92\/100\n|move|p2a: Scizor|Roost|p2a: Scizor\n|-heal|p2a: Scizor|100\/100\n|-singleturn|p2a: Scizor|move: Roost\n|\n|-damage|p2a: Scizor|88\/100|[from] Leech Seed|[of] p1a: Emboar\n|-heal|p1a: Emboar|100\/100|[silent]\n|upkeep\n|turn|27\n|\n|t:|1699573748\n|switch|p2a: Clodsire|Clodsire, M, shiny|82\/100\n|move|p1a: Emboar|Superpower|p2a: Clodsire\n|-resisted|p2a: Clodsire\n|-damage|p2a: Clodsire|48\/100\n|-unboost|p1a: Emboar|atk|1\n|-unboost|p1a: Emboar|def|1\n|\n|-heal|p2a: Clodsire|54\/100|[from] item: Leftovers\n|upkeep\n|turn|28\n|inactive|Blake-Mamba has 90 seconds left.\n|\n|t:|1699573773\n|switch|p1a: Ferrothorn|Ferrothorn, F, tera:Ghost|27\/100 tox\n|move|p2a: Clodsire|Recover|p2a: Clodsire\n|-heal|p2a: Clodsire|100\/100\n|\n|-damage|p1a: Ferrothorn|20\/100 tox|[from] psn\n|upkeep\n|turn|29\n|\n|t:|1699573784\n|move|p2a: Clodsire|Earthquake|p1a: Ferrothorn\n|-damage|p1a: Ferrothorn|6\/100 tox\n|move|p1a: Ferrothorn|Rest|p1a: Ferrothorn\n|-status|p1a: Ferrothorn|slp|[from] move: Rest\n|-heal|p1a: Ferrothorn|100\/100 slp|[silent]\n|\n|upkeep\n|turn|30\n|inactive|Blake-Mamba has 60 seconds left.\n|\n|t:|1699573806\n|switch|p2a: Scizor|Scizor-Mega, M|88\/100\n|cant|p1a: Ferrothorn|slp\n|\n|upkeep\n|turn|31\n|\n|t:|1699573813\n|move|p2a: Scizor|Swords Dance|p2a: Scizor\n|-boost|p2a: Scizor|atk|2\n|cant|p1a: Ferrothorn|slp\n|\n|upkeep\n|turn|32\n|\n|t:|1699573818\n|move|p2a: Scizor|Swords Dance|p2a: Scizor\n|-boost|p2a: Scizor|atk|2\n|-curestatus|p1a: Ferrothorn|slp|[msg]\n|move|p1a: Ferrothorn|Iron Defense|p1a: Ferrothorn\n|-boost|p1a: Ferrothorn|def|2\n|\n|upkeep\n|turn|33\n|\n|t:|1699573843\n|move|p2a: Scizor|Swords Dance|p2a: Scizor\n|-boost|p2a: Scizor|atk|2\n|move|p1a: Ferrothorn|Leech Seed|p2a: Scizor|[miss]\n|-miss|p1a: Ferrothorn|p2a: Scizor\n|\n|upkeep\n|turn|34\n|\n|t:|1699573858\n|move|p2a: Scizor|Dual Wingbeat|p1a: Ferrothorn\n|-damage|p1a: Ferrothorn|76\/100\n|-damage|p2a: Scizor|75\/100|[from] ability: Iron Barbs|[of] p1a: Ferrothorn\n|-damage|p2a: Scizor|59\/100|[from] item: Rocky Helmet|[of] p1a: Ferrothorn\n|-damage|p1a: Ferrothorn|53\/100\n|-damage|p2a: Scizor|46\/100|[from] ability: Iron Barbs|[of] p1a: Ferrothorn\n|-damage|p2a: Scizor|30\/100|[from] item: Rocky Helmet|[of] p1a: Ferrothorn\n|-hitcount|p1a: Ferrothorn|2\n|move|p1a: Ferrothorn|Iron Defense|p1a: Ferrothorn\n|-boost|p1a: Ferrothorn|def|2\n|\n|upkeep\n|turn|35\n|-message|i eat baIIs forfeited.\n|\n|win|Blake-Mamba\n|raw|Blake-Mamba's rating: 1207 &rarr; <strong>1229<\/strong><br \/>(+22 for winning)\n|raw|i eat baIIs's rating: 1168 &rarr; <strong>1146<\/strong><br \/>(-22 for losing)\n|l|\u2606i eat baIIs\n","uploadtime":1699573881,"views":11,"p1id":"blakemamba","p2id":"ieatbaiis","formatid":"gen9nationaldex","rating":1146,"private":0,"password":""}