{"id":"gen9nationaldex-1999074973","p1":"comp233","p2":"wildflower13","format":"[Gen 9] National Dex","log":"|html|<div class=\"broadcast-blue\"><strong>[Gen 9] National Dex is currently suspecting Sneasler! For information on how to participate check out the <a href=\"https:\/\/www.smogon.com\/forums\/threads\/sv-national-dex-suspect-8-just-dance.3731534\/\">suspect thread<\/a>.<\/strong><\/div>\n|j|\u2606comp233\n|j|\u2606wildflower13\n|t:|1701030470\n|gametype|singles\n|player|p1|comp233|rosa|1614\n|player|p2|wildflower13|wallace|1711\n|teamsize|p1|6\n|teamsize|p2|6\n|gen|9\n|tier|[Gen 9] National Dex\n|rated|\n|rule|HP Percentage Mod: HP is shown in percentages\n|rule|Endless Battle Clause: Forcing endless battles is banned\n|rule|OHKO Clause: OHKO moves are banned\n|rule|Evasion Clause: Evasion abilities, items, and moves are banned\n|rule|Evasion Abilities Clause: Evasion abilities are banned\n|rule|Evasion Items Clause: Evasion items are banned\n|rule|Evasion Moves Clause: Evasion moves are banned\n|rule|Species Clause: Limit one of each Pok\u00e9mon\n|rule|Sleep Clause Mod: Limit one foe put to sleep\n|clearpoke\n|poke|p1|Banette, M|\n|poke|p1|Swellow, F|\n|poke|p1|Staraptor, F|\n|poke|p1|Great Tusk|\n|poke|p1|Gallade, M|\n|poke|p1|Arcanine-Hisui, M|\n|poke|p2|Ferrothorn, F|\n|poke|p2|Primarina, M|\n|poke|p2|Iron Valiant|\n|poke|p2|Mawile, M|\n|poke|p2|Landorus-Therian, M|\n|poke|p2|Latias, F|\n|teampreview\n|j| TESTINGgimmicks1\n|inactive|Battle timer is ON: inactive players will automatically lose when time's up. (requested by wildflower13)\n|\n|t:|1701030504\n|start\n|switch|p1a: Swellow|Swellow, F|100\/100\n|switch|p2a: Primarina|Primarina, M|100\/100\n|turn|1\n|\n|t:|1701030518\n|move|p1a: Swellow|U-turn|p2a: Primarina\n|-resisted|p2a: Primarina\n|-damage|p2a: Primarina|92\/100\n|\n|t:|1701030521\n|switch|p1a: Staraptor|Staraptor, F|100\/100|[from] U-turn\n|move|p2a: Primarina|Moonblast|p1a: Staraptor\n|-damage|p1a: Staraptor|0 fnt\n|faint|p1a: Staraptor\n|\n|upkeep\n|\n|t:|1701030524\n|switch|p1a: Arcanine|Arcanine-Hisui, M|100\/100\n|turn|2\n|\n|t:|1701030531\n|switch|p2a: Landorus|Landorus-Therian, M|100\/100\n|-ability|p2a: Landorus|Intimidate|boost\n|-unboost|p1a: Arcanine|atk|1\n|move|p1a: Arcanine|Head Smash|p2a: Landorus|[miss]\n|-miss|p1a: Arcanine|p2a: Landorus\n|\n|upkeep\n|turn|3\n|j| NicksRokaya\n|\n|t:|1701030538\n|switch|p1a: Great Tusk|Great Tusk|100\/100\n|move|p2a: Landorus|U-turn|p1a: Great Tusk\n|-resisted|p1a: Great Tusk\n|-damage|p1a: Great Tusk|94\/100\n|\n|t:|1701030544\n|switch|p2a: Primarina|Primarina, M|92\/100|[from] U-turn\n|\n|-heal|p1a: Great Tusk|99\/100|[from] item: Leftovers\n|upkeep\n|turn|4\n|\n|t:|1701030554\n|move|p1a: Great Tusk|Headlong Rush|p2a: Primarina\n|-crit|p2a: Primarina\n|-damage|p2a: Primarina|0 fnt\n|-unboost|p1a: Great Tusk|def|1\n|-unboost|p1a: Great Tusk|spd|1\n|faint|p2a: Primarina\n|\n|-heal|p1a: Great Tusk|100\/100|[from] item: Leftovers\n|upkeep\n|\n|t:|1701030562\n|switch|p2a: Latias|Latias, F|100\/100\n|turn|5\n|l| TESTINGgimmicks1\n|\n|t:|1701030568\n|-end|p1a: Great Tusk|Protosynthesis|[silent]\n|switch|p1a: Banette|Banette, M, shiny|100\/100\n|move|p2a: Latias|Surf|p1a: Banette\n|-damage|p1a: Banette|43\/100\n|-damage|p2a: Latias|91\/100|[from] item: Life Orb\n|\n|upkeep\n|turn|6\n|\n|t:|1701030575\n|switch|p2a: Landorus|Landorus-Therian, M|100\/100\n|-ability|p2a: Landorus|Intimidate|boost\n|-unboost|p1a: Banette|atk|1\n|detailschange|p1a: Banette|Banette-Mega, M, shiny\n|-mega|p1a: Banette|Banette|Banettite\n|move|p1a: Banette|Poltergeist|p2a: Landorus\n|-activate|p2a: Landorus|move: Poltergeist|Rocky Helmet\n|-damage|p2a: Landorus|66\/100\n|\n|upkeep\n|turn|7\n|\n|t:|1701030585\n|switch|p1a: Great Tusk|Great Tusk|100\/100\n|move|p2a: Landorus|U-turn|p1a: Great Tusk\n|-resisted|p1a: Great Tusk\n|-damage|p1a: Great Tusk|93\/100\n|\n|t:|1701030590\n|switch|p2a: Latias|Latias, F|91\/100|[from] U-turn\n|\n|-heal|p1a: Great Tusk|99\/100|[from] item: Leftovers\n|upkeep\n|turn|8\n|\n|t:|1701030607\n|-end|p1a: Great Tusk|Protosynthesis|[silent]\n|switch|p1a: Banette|Banette-Mega, M, shiny|43\/100\n|move|p2a: Latias|Draco Meteor|p1a: Banette\n|-damage|p1a: Banette|0 fnt\n|-unboost|p2a: Latias|spa|2\n|faint|p1a: Banette\n|-damage|p2a: Latias|81\/100|[from] item: Life Orb\n|\n|upkeep\n|\n|t:|1701030616\n|switch|p1a: Swellow|Swellow, F|100\/100\n|turn|9\n|\n|t:|1701030619\n|switch|p2a: Ferrothorn|Ferrothorn, F|100\/100\n|-terastallize|p1a: Swellow|Normal\n|move|p1a: Swellow|Boomburst|p2a: Ferrothorn\n|-resisted|p2a: Ferrothorn\n|-damage|p2a: Ferrothorn|68\/100\n|\n|-heal|p2a: Ferrothorn|74\/100|[from] item: Leftovers\n|upkeep\n|turn|10\n|j| irumaaaa\n|\n|t:|1701030628\n|switch|p1a: Arcanine|Arcanine-Hisui, M|100\/100\n|move|p2a: Ferrothorn|Leech Seed|p1a: Arcanine\n|-start|p1a: Arcanine|move: Leech Seed\n|\n|-heal|p2a: Ferrothorn|81\/100|[from] item: Leftovers\n|-damage|p1a: Arcanine|88\/100|[from] Leech Seed|[of] p2a: Ferrothorn\n|-heal|p2a: Ferrothorn|92\/100|[silent]\n|upkeep\n|turn|11\n|\n|t:|1701030637\n|switch|p2a: Landorus|Landorus-Therian, M|66\/100\n|-ability|p2a: Landorus|Intimidate|boost\n|-unboost|p1a: Arcanine|atk|1\n|move|p1a: Arcanine|Head Smash|p2a: Landorus\n|-damage|p2a: Landorus|14\/100\n|-damage|p1a: Arcanine|71\/100|[from] item: Rocky Helmet|[of] p2a: Landorus\n|\n|-damage|p1a: Arcanine|59\/100|[from] Leech Seed|[of] p2a: Landorus\n|-heal|p2a: Landorus|25\/100|[silent]\n|upkeep\n|turn|12\n|\n|t:|1701030647\n|switch|p2a: Mawile|Mawile, M|100\/100\n|-ability|p2a: Mawile|Intimidate|boost\n|-unboost|p1a: Arcanine|atk|1\n|move|p1a: Arcanine|Head Smash|p2a: Mawile\n|-resisted|p2a: Mawile\n|-damage|p2a: Mawile|64\/100\n|\n|-damage|p1a: Arcanine|47\/100|[from] Leech Seed|[of] p2a: Mawile\n|-heal|p2a: Mawile|77\/100|[silent]\n|upkeep\n|turn|13\n|j| TESTINGgimmicks1\n|\n|t:|1701030658\n|switch|p1a: Great Tusk|Great Tusk|99\/100\n|detailschange|p2a: Mawile|Mawile-Mega, M\n|-mega|p2a: Mawile|Mawile|Mawilite\n|move|p2a: Mawile|Play Rough|p1a: Great Tusk\n|-supereffective|p1a: Great Tusk\n|-damage|p1a: Great Tusk|6\/100\n|-unboost|p1a: Great Tusk|atk|1\n|\n|-heal|p1a: Great Tusk|12\/100|[from] item: Leftovers\n|upkeep\n|turn|14\n|l| NicksRokaya\n|\n|t:|1701030668\n|move|p2a: Mawile|Sucker Punch||[still]\n|-fail|p2a: Mawile\n|move|p1a: Great Tusk|Stealth Rock|p2a: Mawile\n|-sidestart|p2: wildflower13|move: Stealth Rock\n|\n|-heal|p1a: Great Tusk|18\/100|[from] item: Leftovers\n|upkeep\n|turn|15\n|\n|t:|1701030674\n|switch|p2a: Landorus|Landorus-Therian, M|25\/100\n|-damage|p2a: Landorus|12\/100|[from] Stealth Rock\n|-ability|p2a: Landorus|Intimidate|boost\n|-unboost|p1a: Great Tusk|atk|1\n|move|p1a: Great Tusk|Stealth Rock||[still]\n|-fail|p1a: Great Tusk\n|\n|-heal|p1a: Great Tusk|24\/100|[from] item: Leftovers\n|upkeep\n|turn|16\n|\n|t:|1701030684\n|move|p1a: Great Tusk|Rapid Spin|p2a: Landorus\n|-damage|p2a: Landorus|6\/100\n|-boost|p1a: Great Tusk|spe|1\n|-damage|p1a: Great Tusk|8\/100|[from] item: Rocky Helmet|[of] p2a: Landorus\n|move|p2a: Landorus|Defog|p1a: Great Tusk\n|-unboost|p1a: Great Tusk|evasion|1\n|-sideend|p2: wildflower13|Stealth Rock|[from] move: Defog|[of] p2a: Landorus\n|\n|-heal|p1a: Great Tusk|14\/100|[from] item: Leftovers\n|upkeep\n|turn|17\n|\n|t:|1701030695\n|move|p1a: Great Tusk|Stealth Rock|p2a: Landorus\n|-sidestart|p2: wildflower13|move: Stealth Rock\n|move|p2a: Landorus|Toxic|p1a: Great Tusk\n|-status|p1a: Great Tusk|tox\n|\n|-heal|p1a: Great Tusk|20\/100 tox|[from] item: Leftovers\n|-damage|p1a: Great Tusk|14\/100 tox|[from] psn\n|upkeep\n|turn|18\n|\n|t:|1701030702\n|move|p1a: Great Tusk|Close Combat|p2a: Landorus\n|-resisted|p2a: Landorus\n|-damage|p2a: Landorus|0 fnt\n|-unboost|p1a: Great Tusk|def|1\n|-unboost|p1a: Great Tusk|spd|1\n|-damage|p1a: Great Tusk|0 fnt|[from] item: Rocky Helmet|[of] p2a: Landorus\n|faint|p2a: Landorus\n|faint|p1a: Great Tusk\n|-end|p1a: Great Tusk|Protosynthesis|[silent]\n|\n|upkeep\n|j| NicksRokaya\n|\n|t:|1701030717\n|switch|p1a: Gallade|Gallade, M, shiny|100\/100\n|switch|p2a: Mawile|Mawile-Mega, M|77\/100\n|-damage|p2a: Mawile|71\/100|[from] Stealth Rock\n|turn|19\n|\n|t:|1701030725\n|move|p2a: Mawile|Sucker Punch|p1a: Gallade\n|-damage|p1a: Gallade|43\/100\n|move|p1a: Gallade|Sacred Sword|p2a: Mawile\n|-damage|p2a: Mawile|0 fnt\n|faint|p2a: Mawile\n|\n|upkeep\n|l| irumaaaa\n|\n|t:|1701030732\n|switch|p2a: Latias|Latias, F|81\/100\n|-damage|p2a: Latias|68\/100|[from] Stealth Rock\n|turn|20\n|\n|t:|1701030745\n|move|p1a: Gallade|Shadow Sneak|p2a: Latias\n|-supereffective|p2a: Latias\n|-damage|p2a: Latias|32\/100\n|move|p2a: Latias|Draco Meteor|p1a: Gallade\n|-damage|p1a: Gallade|0 fnt\n|-unboost|p2a: Latias|spa|2\n|faint|p1a: Gallade\n|-damage|p2a: Latias|22\/100|[from] item: Life Orb\n|\n|upkeep\n|\n|t:|1701030754\n|switch|p1a: Swellow|Swellow, F, tera:Normal|100\/100\n|turn|21\n|\n|t:|1701030759\n|move|p1a: Swellow|U-turn|p2a: Latias\n|-supereffective|p2a: Latias\n|-damage|p2a: Latias|0 fnt\n|faint|p2a: Latias\n|\n|t:|1701030761\n|switch|p1a: Arcanine|Arcanine-Hisui, M|47\/100|[from] U-turn\n|\n|upkeep\n|l| NicksRokaya\n|inactive|wildflower13 has 120 seconds left.\n|inactive|wildflower13 has 90 seconds left.\n|\n|t:|1701030833\n|switch|p2a: Ferrothorn|Ferrothorn, F|92\/100\n|-damage|p2a: Ferrothorn|86\/100|[from] Stealth Rock\n|turn|22\n|\n|t:|1701030839\n|-terastallize|p2a: Ferrothorn|Water\n|move|p1a: Arcanine|Flare Blitz|p2a: Ferrothorn\n|-resisted|p2a: Ferrothorn\n|-damage|p2a: Ferrothorn|52\/100\n|-damage|p1a: Arcanine|34\/100|[from] ability: Iron Barbs|[of] p2a: Ferrothorn\n|move|p2a: Ferrothorn|Stealth Rock|p1a: Arcanine\n|-sidestart|p1: comp233|move: Stealth Rock\n|\n|-heal|p2a: Ferrothorn|58\/100|[from] item: Leftovers\n|upkeep\n|turn|23\n|inactive|wildflower13 has 90 seconds left.\n|\n|t:|1701030849\n|move|p1a: Arcanine|Flare Blitz|p2a: Ferrothorn\n|-resisted|p2a: Ferrothorn\n|-damage|p2a: Ferrothorn|23\/100\n|-damage|p1a: Arcanine|22\/100|[from] ability: Iron Barbs|[of] p2a: Ferrothorn\n|move|p2a: Ferrothorn|Knock Off|p1a: Arcanine\n|-damage|p1a: Arcanine|0 fnt\n|-enditem|p1a: Arcanine|Choice Band|[from] move: Knock Off|[of] p2a: Ferrothorn\n|faint|p1a: Arcanine\n|\n|-heal|p2a: Ferrothorn|29\/100|[from] item: Leftovers\n|upkeep\n|\n|t:|1701030850\n|switch|p1a: Swellow|Swellow, F, tera:Normal|100\/100\n|-damage|p1a: Swellow|88\/100|[from] Stealth Rock\n|turn|24\n|inactive|wildflower13 has 90 seconds left.\n|\n|t:|1701030863\n|move|p1a: Swellow|Boomburst|p2a: Ferrothorn\n|-damage|p2a: Ferrothorn|0 fnt\n|faint|p2a: Ferrothorn\n|\n|upkeep\n|inactive|wildflower13 has 90 seconds left.\n|\n|t:|1701030876\n|switch|p2a: Iron Valiant|Iron Valiant, shiny|100\/100\n|-damage|p2a: Iron Valiant|94\/100|[from] Stealth Rock\n|-enditem|p2a: Iron Valiant|Booster Energy\n|-activate|p2a: Iron Valiant|ability: Quark Drive|[fromitem]\n|-start|p2a: Iron Valiant|quarkdrivespe\n|turn|25\n|inactive|wildflower13 has 90 seconds left.\n|\n|t:|1701030883\n|move|p2a: Iron Valiant|Moonblast|p1a: Swellow\n|-damage|p1a: Swellow|0 fnt\n|faint|p1a: Swellow\n|\n|win|wildflower13\n|raw|comp233's rating: 1614 &rarr; <strong>1599<\/strong><br \/>(-15 for losing)\n|raw|wildflower13's rating: 1711 &rarr; <strong>1726<\/strong><br \/>(+15 for winning)\n|l|\u2606comp233\n|l| TESTINGgimmicks1\n","uploadtime":1701031341,"views":9,"p1id":"comp233","p2id":"wildflower13","formatid":"gen9nationaldex","rating":1599,"private":0,"password":""}