{"id":"gen9nationaldex-1991137311","p1":"Jatenbrown5","p2":"imboredhelp","format":"[Gen 9] National Dex","log":"|j|\u2606Jatenbrown5\n|j|\u203dimboredhelp\n|t:|1700048582\n|gametype|singles\n|player|p1|Jatenbrown5|acetrainer-gen4dp|1140\n|player|p2|imboredhelp|colress|1196\n|teamsize|p1|6\n|teamsize|p2|6\n|gen|9\n|tier|[Gen 9] National Dex\n|rated|\n|rule|HP Percentage Mod: HP is shown in percentages\n|rule|Endless Battle Clause: Forcing endless battles is banned\n|rule|OHKO Clause: OHKO moves are banned\n|rule|Evasion Clause: Evasion abilities, items, and moves are banned\n|rule|Evasion Abilities Clause: Evasion abilities are banned\n|rule|Evasion Items Clause: Evasion items are banned\n|rule|Evasion Moves Clause: Evasion moves are banned\n|rule|Species Clause: Limit one of each Pok\u00e9mon\n|rule|Sleep Clause Mod: Limit one foe put to sleep\n|clearpoke\n|poke|p1|Togekiss, F|\n|poke|p1|Gyarados, M|\n|poke|p1|Crobat, F|\n|poke|p1|Charizard, F|\n|poke|p1|Gliscor, M|\n|poke|p1|Ninjask, M|\n|poke|p2|Beedrill, F|\n|poke|p2|Ninetales-Alola, F|\n|poke|p2|Arctozolt|\n|poke|p2|Excadrill, M|\n|poke|p2|Kartana|\n|poke|p2|Greninja-*, M|\n|teampreview\n|c|\u2606Jatenbrown5|Welcome\n|c|\u2606Jatenbrown5|To the flying gym\n|inactive|Battle timer is ON: inactive players will automatically lose when time's up. (requested by Jatenbrown5)\n|\n|t:|1700048597\n|start\n|switch|p1a: Ninjask|Ninjask, M, shiny|100\/100\n|switch|p2a: Excadrill|Excadrill, M|100\/100\n|-ability|p2a: Excadrill|Mold Breaker\n|turn|1\n|\n|t:|1700048603\n|-terastallize|p1a: Ninjask|Bug\n|move|p1a: Ninjask|Protect|p1a: Ninjask\n|-singleturn|p1a: Ninjask|Protect\n|move|p2a: Excadrill|Rock Tomb|p1a: Ninjask\n|-activate|p1a: Ninjask|move: Protect\n|\n|-ability|p1a: Ninjask|Speed Boost|boost\n|-boost|p1a: Ninjask|spe|1\n|upkeep\n|turn|2\n|\n|t:|1700048611\n|move|p1a: Ninjask|X-Scissor|p2a: Excadrill\n|-resisted|p2a: Excadrill\n|-damage|p2a: Excadrill|69\/100\n|move|p2a: Excadrill|Stealth Rock|p1a: Ninjask\n|-sidestart|p1: Jatenbrown5|move: Stealth Rock\n|\n|-ability|p1a: Ninjask|Speed Boost|boost\n|-boost|p1a: Ninjask|spe|1\n|upkeep\n|turn|3\n|\n|t:|1700048618\n|move|p1a: Ninjask|X-Scissor|p2a: Excadrill\n|-resisted|p2a: Excadrill\n|-damage|p2a: Excadrill|38\/100\n|move|p2a: Excadrill|Rock Tomb|p1a: Ninjask\n|-supereffective|p1a: Ninjask\n|-damage|p1a: Ninjask|0 fnt\n|faint|p1a: Ninjask\n|\n|upkeep\n|\n|t:|1700048626\n|switch|p1a: Crobat|Crobat, F, shiny|100\/100\n|-damage|p1a: Crobat|76\/100|[from] Stealth Rock\n|turn|4\n|\n|t:|1700048631\n|move|p1a: Crobat|Defog|p2a: Excadrill\n|-unboost|p2a: Excadrill|evasion|1\n|-sideend|p1: Jatenbrown5|Stealth Rock|[from] move: Defog|[of] p1a: Crobat\n|move|p2a: Excadrill|Rock Tomb|p1a: Crobat\n|-supereffective|p1a: Crobat\n|-damage|p1a: Crobat|28\/100\n|-unboost|p1a: Crobat|spe|1\n|\n|upkeep\n|turn|5\n|c|\u2606Jatenbrown5|You are def strong\n|\n|t:|1700048644\n|switch|p1a: Gliscor|Gliscor, M, shiny|100\/100\n|move|p2a: Excadrill|Rock Tomb|p1a: Gliscor\n|-damage|p1a: Gliscor|79\/100\n|-unboost|p1a: Gliscor|spe|1\n|\n|-status|p1a: Gliscor|tox|[from] item: Toxic Orb\n|upkeep\n|turn|6\n|\n|t:|1700048649\n|move|p1a: Gliscor|Protect|p1a: Gliscor\n|-singleturn|p1a: Gliscor|Protect\n|move|p2a: Excadrill|Stealth Rock|p1a: Gliscor\n|-sidestart|p1: Jatenbrown5|move: Stealth Rock\n|\n|-heal|p1a: Gliscor|91\/100 tox|[from] ability: Poison Heal\n|upkeep\n|turn|7\n|\n|t:|1700048662\n|switch|p2a: Ninetales|Ninetales-Alola, F|100\/100\n|-weather|Snow|[from] ability: Snow Warning|[of] p2a: Ninetales\n|move|p1a: Gliscor|Swords Dance|p1a: Gliscor\n|-boost|p1a: Gliscor|atk|2\n|\n|-weather|Snow|[upkeep]\n|-heal|p1a: Gliscor|100\/100 tox|[from] ability: Poison Heal\n|upkeep\n|turn|8\n|\n|t:|1700048675\n|move|p1a: Gliscor|Protect|p1a: Gliscor\n|-singleturn|p1a: Gliscor|Protect\n|move|p2a: Ninetales|Blizzard|p1a: Gliscor\n|-activate|p1a: Gliscor|move: Protect\n|\n|-weather|Snow|[upkeep]\n|upkeep\n|turn|9\n|\n|t:|1700048680\n|move|p2a: Ninetales|Aurora Veil|p2a: Ninetales\n|-sidestart|p2: imboredhelp|move: Aurora Veil\n|move|p1a: Gliscor|Fling|p2a: Ninetales\n|-resisted|p2a: Ninetales\n|-damage|p2a: Ninetales|96\/100\n|-status|p2a: Ninetales|tox\n|-enditem|p1a: Gliscor|Toxic Orb|[from] move: Fling\n|\n|-weather|Snow|[upkeep]\n|-damage|p2a: Ninetales|90\/100 tox|[from] psn\n|upkeep\n|turn|10\n|\n|t:|1700048688\n|move|p1a: Gliscor|Protect|p1a: Gliscor\n|-singleturn|p1a: Gliscor|Protect\n|move|p2a: Ninetales|Blizzard|p1a: Gliscor\n|-activate|p1a: Gliscor|move: Protect\n|\n|-weather|Snow|[upkeep]\n|-damage|p2a: Ninetales|78\/100 tox|[from] psn\n|upkeep\n|turn|11\n|\n|t:|1700048695\n|switch|p1a: Charizard|Charizard, F, shiny|100\/100\n|-damage|p1a: Charizard|51\/100|[from] Stealth Rock\n|move|p2a: Ninetales|Blizzard|p1a: Charizard\n|-damage|p1a: Charizard|0 fnt\n|faint|p1a: Charizard\n|\n|-weather|none\n|-damage|p2a: Ninetales|60\/100 tox|[from] psn\n|upkeep\n|\n|t:|1700048703\n|switch|p1a: Crobat|Crobat, F, shiny|28\/100\n|-damage|p1a: Crobat|3\/100|[from] Stealth Rock\n|turn|12\n|\n|t:|1700048709\n|move|p1a: Crobat|Defog|p2a: Ninetales\n|-unboost|p2a: Ninetales|evasion|1\n|-sideend|p2: imboredhelp|move: Aurora Veil\n|-sideend|p1: Jatenbrown5|Stealth Rock|[from] move: Defog|[of] p1a: Crobat\n|move|p2a: Ninetales|Freeze-Dry|p1a: Crobat\n|-supereffective|p1a: Crobat\n|-damage|p1a: Crobat|0 fnt\n|faint|p1a: Crobat\n|\n|-damage|p2a: Ninetales|37\/100 tox|[from] psn\n|upkeep\n|\n|t:|1700048715\n|switch|p1a: Gyarados|Gyarados, M, shiny|100\/100\n|turn|13\n|\n|t:|1700048721\n|move|p2a: Ninetales|Freeze-Dry|p1a: Gyarados\n|-supereffective|p1a: Gyarados\n|-damage|p1a: Gyarados|28\/100\n|move|p1a: Gyarados|Iron Head|p2a: Ninetales\n|-supereffective|p2a: Ninetales\n|-damage|p2a: Ninetales|0 fnt\n|faint|p2a: Ninetales\n|-ability|p1a: Gyarados|Moxie|boost\n|-boost|p1a: Gyarados|atk|1\n|\n|upkeep\n|\n|t:|1700048735\n|switch|p2a: Excadrill|Excadrill, M|38\/100\n|-ability|p2a: Excadrill|Mold Breaker\n|turn|14\n|\n|t:|1700048740\n|move|p2a: Excadrill|Stealth Rock|p1a: Gyarados\n|-sidestart|p1: Jatenbrown5|move: Stealth Rock\n|move|p1a: Gyarados|Aqua Tail|p2a: Excadrill\n|-supereffective|p2a: Excadrill\n|-damage|p2a: Excadrill|0 fnt\n|faint|p2a: Excadrill\n|-ability|p1a: Gyarados|Moxie|boost\n|-boost|p1a: Gyarados|atk|1\n|\n|upkeep\n|\n|t:|1700048756\n|switch|p2a: Greninja|Greninja, M|100\/100\n|turn|15\n|\n|t:|1700048758\n|move|p2a: Greninja|Ice Beam|p1a: Gyarados\n|-start|p2a: Greninja|typechange|Ice|[from] ability: Protean\n|-damage|p1a: Gyarados|0 fnt\n|faint|p1a: Gyarados\n|\n|upkeep\n|\n|t:|1700048764\n|switch|p1a: Togekiss|Togekiss, F, shiny|100\/100\n|-damage|p1a: Togekiss|76\/100|[from] Stealth Rock\n|turn|16\n|\n|t:|1700048768\n|move|p2a: Greninja|Ice Beam|p1a: Togekiss\n|-supereffective|p1a: Togekiss\n|-damage|p1a: Togekiss|0 fnt\n|faint|p1a: Togekiss\n|\n|upkeep\n|\n|t:|1700048770\n|switch|p1a: Gliscor|Gliscor, M, shiny|100\/100 tox\n|-damage|p1a: Gliscor|88\/100 tox|[from] Stealth Rock\n|turn|17\n|\n|t:|1700048774\n|move|p1a: Gliscor|Protect|p1a: Gliscor\n|-singleturn|p1a: Gliscor|Protect\n|move|p2a: Greninja|Ice Beam|p1a: Gliscor\n|-activate|p1a: Gliscor|move: Protect\n|\n|-heal|p1a: Gliscor|100\/100 tox|[from] ability: Poison Heal\n|upkeep\n|turn|18\n|\n|t:|1700048778\n|move|p2a: Greninja|Ice Beam|p1a: Gliscor\n|-supereffective|p1a: Gliscor\n|-crit|p1a: Gliscor\n|-damage|p1a: Gliscor|0 fnt\n|faint|p1a: Gliscor\n|\n|win|imboredhelp\n|raw|Jatenbrown5's rating: 1140 &rarr; <strong>1119<\/strong><br \/>(-21 for losing)\n|raw|imboredhelp's rating: 1196 &rarr; <strong>1217<\/strong><br \/>(+21 for winning)\n|l|\u2606Jatenbrown5\n","uploadtime":1700048787,"views":3,"p1id":"jatenbrown5","p2id":"imboredhelp","formatid":"gen9nationaldex","rating":1119,"private":0,"password":""}