{"id":"gen9nationaldex-1994002439","p1":"cyan maple","p2":"baigu2","format":"[Gen 9] National Dex","log":"|j|\u2606cyan maple\n|j|\u2606baigu2\n|t:|1700391533\n|gametype|singles\n|player|p1|cyan maple|n-masters3|1606\n|player|p2|baigu2|dawn-gen4pt|1872\n|teamsize|p1|6\n|teamsize|p2|6\n|gen|9\n|tier|[Gen 9] National Dex\n|rated|\n|rule|HP Percentage Mod: HP is shown in percentages\n|rule|Endless Battle Clause: Forcing endless battles is banned\n|rule|OHKO Clause: OHKO moves are banned\n|rule|Evasion Clause: Evasion abilities, items, and moves are banned\n|rule|Evasion Abilities Clause: Evasion abilities are banned\n|rule|Evasion Items Clause: Evasion items are banned\n|rule|Evasion Moves Clause: Evasion moves are banned\n|rule|Species Clause: Limit one of each Pok\u00e9mon\n|rule|Sleep Clause Mod: Limit one foe put to sleep\n|clearpoke\n|poke|p1|Kyurem|\n|poke|p1|Heatran, M|\n|poke|p1|Glimmora, M|\n|poke|p1|Zapdos|\n|poke|p1|Great Tusk|\n|poke|p1|Urshifu-*, M|\n|poke|p2|Ursaluna, F|\n|poke|p2|Dragonite, F|\n|poke|p2|Slowking, M|\n|poke|p2|Tapu Koko|\n|poke|p2|Hoopa-Unbound|\n|poke|p2|Great Tusk|\n|teampreview\n|inactive|Battle timer is ON: inactive players will automatically lose when time's up. (requested by cyan maple)\n|\n|t:|1700391545\n|start\n|switch|p1a: Glimmora|Glimmora, M, shiny|100\/100\n|switch|p2a: Tapu Koko|Tapu Koko|100\/100\n|-fieldstart|move: Electric Terrain|[from] ability: Electric Surge|[of] p2a: Tapu Koko\n|turn|1\n|\n|t:|1700391548\n|move|p2a: Tapu Koko|Volt Switch|p1a: Glimmora\n|-damage|p1a: Glimmora|21\/100\n|\n|t:|1700391552\n|switch|p2a: Slowking|Slowking, M|100\/100|[from] Volt Switch\n|move|p1a: Glimmora|Stealth Rock|p2a: Slowking\n|-sidestart|p2: baigu2|move: Stealth Rock\n|\n|upkeep\n|turn|2\n|\n|t:|1700391559\n|move|p1a: Glimmora|Energy Ball|p2a: Slowking\n|-supereffective|p2a: Slowking\n|-damage|p2a: Slowking|66\/100\n|move|p2a: Slowking|Scald|p1a: Glimmora\n|-supereffective|p1a: Glimmora\n|-damage|p1a: Glimmora|0 fnt\n|faint|p1a: Glimmora\n|\n|upkeep\n|\n|t:|1700391562\n|switch|p1a: Kyurem|Kyurem, shiny|100\/100\n|-ability|p1a: Kyurem|Pressure\n|turn|3\n|\n|t:|1700391565\n|move|p1a: Kyurem|Substitute|p1a: Kyurem\n|-start|p1a: Kyurem|Substitute\n|-damage|p1a: Kyurem|76\/100\n|move|p2a: Slowking|Trick Room|p2a: Slowking\n|-fieldstart|move: Trick Room|[of] p2a: Slowking\n|\n|upkeep\n|turn|4\n|\n|t:|1700391567\n|move|p1a: Kyurem|Dragon Dance|p1a: Kyurem\n|-boost|p1a: Kyurem|atk|1\n|-boost|p1a: Kyurem|spe|1\n|move|p2a: Slowking|Teleport|p2a: Slowking\n|\n|t:|1700391582\n|switch|p2a: Dragonite|Dragonite, F|100\/100|[from] Teleport\n|-damage|p2a: Dragonite|76\/100|[from] Stealth Rock\n|\n|upkeep\n|turn|5\n|\n|t:|1700391586\n|move|p2a: Dragonite|Extreme Speed|p1a: Kyurem\n|-end|p1a: Kyurem|Substitute\n|move|p1a: Kyurem|Icicle Spear|p2a: Dragonite\n|-supereffective|p2a: Dragonite\n|-damage|p2a: Dragonite|4\/100\n|-supereffective|p2a: Dragonite\n|-damage|p2a: Dragonite|0 fnt\n|faint|p2a: Dragonite\n|-hitcount|p2: Dragonite|2\n|\n|-fieldend|move: Electric Terrain\n|upkeep\n|\n|t:|1700391592\n|switch|p2a: Hoopa|Hoopa-Unbound|100\/100\n|-damage|p2a: Hoopa|88\/100|[from] Stealth Rock\n|turn|6\n|\n|t:|1700391596\n|switch|p1a: Great Tusk|Great Tusk|100\/100\n|-zpower|p2a: Hoopa\n|move|p2a: Hoopa|All-Out Pummeling|p1a: Great Tusk|[zeffect]\n|-enditem|p1a: Great Tusk|Focus Sash\n|-damage|p1a: Great Tusk|1\/100\n|\n|upkeep\n|turn|7\n|\n|t:|1700391601\n|move|p2a: Hoopa|Dark Pulse|p1a: Great Tusk\n|-resisted|p1a: Great Tusk\n|-damage|p1a: Great Tusk|0 fnt\n|faint|p1a: Great Tusk\n|-end|p1a: Great Tusk|Protosynthesis|[silent]\n|\n|-fieldend|move: Trick Room\n|upkeep\n|\n|t:|1700391604\n|switch|p1a: Urshifu|Urshifu-Rapid-Strike, M|100\/100\n|turn|8\n|\n|t:|1700391619\n|switch|p2a: Great Tusk|Great Tusk|100\/100\n|move|p1a: Urshifu|U-turn|p2a: Great Tusk\n|-resisted|p2a: Great Tusk\n|-damage|p2a: Great Tusk|89\/100\n|\n|t:|1700391623\n|switch|p1a: Zapdos|Zapdos|100\/100|[from] U-turn\n|\n|upkeep\n|turn|9\n|\n|t:|1700391628\n|move|p1a: Zapdos|Hurricane|p2a: Great Tusk\n|-supereffective|p2a: Great Tusk\n|-damage|p2a: Great Tusk|0 fnt\n|faint|p2a: Great Tusk\n|-end|p2a: Great Tusk|Protosynthesis|[silent]\n|\n|upkeep\n|\n|t:|1700391632\n|switch|p2a: Tapu Koko|Tapu Koko|100\/100\n|-damage|p2a: Tapu Koko|88\/100|[from] Stealth Rock\n|-fieldstart|move: Electric Terrain|[from] ability: Electric Surge|[of] p2a: Tapu Koko\n|turn|10\n|\n|t:|1700391642\n|-terastallize|p2a: Tapu Koko|Electric\n|move|p2a: Tapu Koko|Thunderbolt|p1a: Zapdos\n|-damage|p1a: Zapdos|0 fnt\n|faint|p1a: Zapdos\n|\n|upkeep\n|\n|t:|1700391646\n|switch|p1a: Heatran|Heatran, M|100\/100\n|turn|11\n|\n|t:|1700391649\n|switch|p2a: Slowking|Slowking, M|99\/100\n|move|p1a: Heatran|Earth Power|p2a: Slowking\n|-damage|p2a: Slowking|83\/100\n|\n|upkeep\n|turn|12\n|\n|t:|1700391652\n|move|p1a: Heatran|Magma Storm|p2a: Slowking\n|-resisted|p2a: Slowking\n|-damage|p2a: Slowking|70\/100\n|-activate|p2a: Slowking|move: Magma Storm|[of] p1a: Heatran\n|move|p2a: Slowking|Trick Room|p2a: Slowking\n|-fieldstart|move: Trick Room|[of] p2a: Slowking\n|\n|-damage|p2a: Slowking|58\/100|[from] move: Magma Storm|[partiallytrapped]\n|upkeep\n|turn|13\n|\n|t:|1700391656\n|move|p1a: Heatran|Toxic|p2a: Slowking\n|-status|p2a: Slowking|tox\n|move|p2a: Slowking|Teleport|p2a: Slowking\n|\n|t:|1700391659\n|switch|p2a: Ursaluna|Ursaluna, F|100\/100|[from] Teleport\n|-damage|p2a: Ursaluna|94\/100|[from] Stealth Rock\n|\n|-status|p2a: Ursaluna|brn|[from] item: Flame Orb\n|upkeep\n|turn|14\n|\n|t:|1700391665\n|-terastallize|p1a: Heatran|Grass\n|move|p2a: Ursaluna|Headlong Rush|p1a: Heatran\n|-resisted|p1a: Heatran\n|-damage|p1a: Heatran|58\/100\n|-unboost|p2a: Ursaluna|def|1\n|-unboost|p2a: Ursaluna|spd|1\n|move|p1a: Heatran|Magma Storm|p2a: Ursaluna\n|-damage|p2a: Ursaluna|34\/100 brn\n|-activate|p2a: Ursaluna|move: Magma Storm|[of] p1a: Heatran\n|\n|-heal|p1a: Heatran|64\/100|[from] item: Leftovers\n|-damage|p2a: Ursaluna|28\/100 brn|[from] brn\n|-damage|p2a: Ursaluna|15\/100 brn|[from] move: Magma Storm|[partiallytrapped]\n|-fieldend|move: Electric Terrain\n|upkeep\n|turn|15\n|\n|t:|1700391673\n|move|p2a: Ursaluna|Facade|p1a: Heatran\n|-damage|p1a: Heatran|0 fnt\n|faint|p1a: Heatran\n|\n|-damage|p2a: Ursaluna|9\/100 brn|[from] brn\n|-end|p2a: Ursaluna|Magma Storm|[partiallytrapped]|[silent]\n|upkeep\n|\n|t:|1700391680\n|switch|p1a: Urshifu|Urshifu-Rapid-Strike, M|100\/100\n|turn|16\n|\n|t:|1700391682\n|move|p2a: Ursaluna|Facade|p1a: Urshifu\n|-damage|p1a: Urshifu|0 fnt\n|faint|p1a: Urshifu\n|\n|-damage|p2a: Ursaluna|3\/100 brn|[from] brn\n|-fieldend|move: Trick Room\n|upkeep\n|\n|t:|1700391684\n|switch|p1a: Kyurem|Kyurem, shiny|76\/100\n|-ability|p1a: Kyurem|Pressure\n|turn|17\n|\n|t:|1700391690\n|move|p1a: Kyurem|Icicle Spear|p2a: Ursaluna\n|-supereffective|p2a: Ursaluna\n|-damage|p2a: Ursaluna|0 fnt\n|faint|p2a: Ursaluna\n|-hitcount|p2: Ursaluna|1\n|\n|upkeep\n|\n|t:|1700391694\n|switch|p2a: Tapu Koko|Tapu Koko, tera:Electric|88\/100\n|-damage|p2a: Tapu Koko|76\/100|[from] Stealth Rock\n|-fieldstart|move: Electric Terrain|[from] ability: Electric Surge|[of] p2a: Tapu Koko\n|turn|18\n|\n|t:|1700391696\n|move|p2a: Tapu Koko|Dazzling Gleam|p1a: Kyurem\n|-supereffective|p1a: Kyurem\n|-damage|p1a: Kyurem|0 fnt\n|faint|p1a: Kyurem\n|\n|win|baigu2\n|raw|cyan maple's rating: 1606 &rarr; <strong>1599<\/strong><br \/>(-7 for losing)\n|raw|baigu2's rating: 1872 &rarr; <strong>1879<\/strong><br \/>(+7 for winning)\n|l|\u2606cyan maple\n","uploadtime":1700391700,"views":6,"p1id":"cyanmaple","p2id":"baigu2","formatid":"gen9nationaldex","rating":1599,"private":0,"password":""}