{"id":"gen9nationaldex-1990459246","p1":"ggbog","p2":"Phillip Blevin","format":"[Gen 9] National Dex","log":"|j|\u2606ggbog\n|j|\u2606Phillip Blevin\n|t:|1699972949\n|gametype|singles\n|player|p1|ggbog|twins-gen4dp|1423\n|player|p2|Phillip Blevin|az|1526\n|teamsize|p1|6\n|teamsize|p2|6\n|gen|9\n|tier|[Gen 9] National Dex\n|rated|\n|rule|HP Percentage Mod: HP is shown in percentages\n|rule|Endless Battle Clause: Forcing endless battles is banned\n|rule|OHKO Clause: OHKO moves are banned\n|rule|Evasion Clause: Evasion abilities, items, and moves are banned\n|rule|Evasion Abilities Clause: Evasion abilities are banned\n|rule|Evasion Items Clause: Evasion items are banned\n|rule|Evasion Moves Clause: Evasion moves are banned\n|rule|Species Clause: Limit one of each Pok\u00e9mon\n|rule|Sleep Clause Mod: Limit one foe put to sleep\n|clearpoke\n|poke|p1|Pelipper, F|\n|poke|p1|Barraskewda, F|\n|poke|p1|Scizor, M|\n|poke|p1|Zapdos|\n|poke|p1|Iron Treads|\n|poke|p1|Volcanion|\n|poke|p2|Volcarona, F|\n|poke|p2|Iron Valiant|\n|poke|p2|Garchomp, M|\n|poke|p2|Urshifu-*, M|\n|poke|p2|Tapu Koko|\n|poke|p2|Rillaboom, M|\n|teampreview\n|inactive|Battle timer is ON: inactive players will automatically lose when time's up. (requested by Phillip Blevin)\n|inactive|ggbog also wants the timer to be on.\n|\n|t:|1699972960\n|start\n|switch|p1a: Iron Treads|Iron Treads|100\/100\n|switch|p2a: Tapu Koko|Tapu Koko|100\/100\n|-fieldstart|move: Electric Terrain|[from] ability: Electric Surge|[of] p2a: Tapu Koko\n|-activate|p1a: Iron Treads|ability: Quark Drive\n|-start|p1a: Iron Treads|quarkdrivespd\n|turn|1\n|inactive|Phillip Blevin has 120 seconds left.\n|c|\u2606ggbog|\u3002\n|\n|t:|1699973008\n|move|p2a: Tapu Koko|U-turn|p1a: Iron Treads\n|-resisted|p1a: Iron Treads\n|-damage|p1a: Iron Treads|95\/100\n|\n|t:|1699973013\n|switch|p2a: Garchomp|Garchomp, M|100\/100|[from] U-turn\n|move|p1a: Iron Treads|Knock Off|p2a: Garchomp\n|-damage|p2a: Garchomp|74\/100\n|-damage|p1a: Iron Treads|82\/100|[from] ability: Rough Skin|[of] p2a: Garchomp\n|-enditem|p2a: Garchomp|Choice Scarf|[from] move: Knock Off|[of] p1a: Iron Treads\n|\n|upkeep\n|turn|2\n|\n|t:|1699973030\n|-end|p1a: Iron Treads|Quark Drive|[silent]\n|switch|p1a: Scizor|Scizor, M|100\/100\n|move|p2a: Garchomp|Stealth Rock|p1a: Scizor\n|-sidestart|p1: ggbog|move: Stealth Rock\n|\n|upkeep\n|turn|3\n|\n|t:|1699973047\n|detailschange|p1a: Scizor|Scizor-Mega, M\n|-mega|p1a: Scizor|Scizor|Scizorite\n|move|p2a: Garchomp|Fire Fang|p1a: Scizor\n|-supereffective|p1a: Scizor\n|-damage|p1a: Scizor|32\/100\n|move|p1a: Scizor|Defog|p2a: Garchomp\n|-unboost|p2a: Garchomp|evasion|1\n|-sideend|p1: ggbog|Stealth Rock|[from] move: Defog|[of] p1a: Scizor\n|-fieldend|move: Electric Terrain\n|\n|upkeep\n|turn|4\n|\n|t:|1699973061\n|switch|p1a: Pelipper|Pelipper, F|100\/100\n|-weather|RainDance|[from] ability: Drizzle|[of] p1a: Pelipper\n|move|p2a: Garchomp|Stealth Rock|p1a: Pelipper\n|-sidestart|p1: ggbog|move: Stealth Rock\n|\n|-weather|RainDance|[upkeep]\n|upkeep\n|turn|5\n|\n|t:|1699973073\n|switch|p2a: Tapu Koko|Tapu Koko|100\/100\n|-fieldstart|move: Electric Terrain|[from] ability: Electric Surge|[of] p2a: Tapu Koko\n|move|p1a: Pelipper|U-turn|p2a: Tapu Koko\n|-resisted|p2a: Tapu Koko\n|-damage|p2a: Tapu Koko|94\/100\n|\n|t:|1699973082\n|switch|p1a: Iron Treads|Iron Treads|82\/100|[from] U-turn\n|-activate|p1a: Iron Treads|ability: Quark Drive\n|-start|p1a: Iron Treads|quarkdrivespd\n|\n|-weather|RainDance|[upkeep]\n|upkeep\n|turn|6\n|\n|t:|1699973093\n|move|p2a: Tapu Koko|U-turn|p1a: Iron Treads\n|-resisted|p1a: Iron Treads\n|-damage|p1a: Iron Treads|75\/100\n|\n|t:|1699973095\n|switch|p2a: Iron Valiant|Iron Valiant|100\/100|[from] U-turn\n|-activate|p2a: Iron Valiant|ability: Quark Drive\n|-start|p2a: Iron Valiant|quarkdrivespe\n|move|p1a: Iron Treads|Rapid Spin|p2a: Iron Valiant\n|-damage|p2a: Iron Valiant|84\/100\n|-boost|p1a: Iron Treads|spe|1\n|-sideend|p1: ggbog|Stealth Rock|[from] move: Rapid Spin|[of] p1a: Iron Treads\n|\n|-weather|RainDance|[upkeep]\n|upkeep\n|turn|7\n|\n|t:|1699973108\n|move|p2a: Iron Valiant|Focus Blast|p1a: Iron Treads|[miss]\n|-miss|p2a: Iron Valiant|p1a: Iron Treads\n|move|p1a: Iron Treads|Earthquake|p2a: Iron Valiant\n|-damage|p2a: Iron Valiant|39\/100\n|\n|-weather|RainDance|[upkeep]\n|upkeep\n|turn|8\n|\n|t:|1699973127\n|move|p2a: Iron Valiant|Focus Blast|p1a: Iron Treads|[miss]\n|-miss|p2a: Iron Valiant|p1a: Iron Treads\n|move|p1a: Iron Treads|Earthquake|p2a: Iron Valiant\n|-damage|p2a: Iron Valiant|0 fnt\n|faint|p2a: Iron Valiant\n|-end|p2a: Iron Valiant|Quark Drive|[silent]\n|\n|-weather|RainDance|[upkeep]\n|upkeep\n|\n|t:|1699973131\n|switch|p2a: Urshifu|Urshifu-Rapid-Strike, M|100\/100\n|turn|9\n|\n|t:|1699973140\n|-end|p1a: Iron Treads|Quark Drive|[silent]\n|switch|p1a: Volcanion|Volcanion|100\/100\n|move|p2a: Urshifu|Close Combat|p1a: Volcanion\n|-damage|p1a: Volcanion|36\/100\n|-unboost|p2a: Urshifu|def|1\n|-unboost|p2a: Urshifu|spd|1\n|\n|-weather|RainDance|[upkeep]\n|-heal|p1a: Volcanion|42\/100|[from] item: Leftovers\n|-fieldend|move: Electric Terrain\n|upkeep\n|turn|10\n|\n|t:|1699973150\n|switch|p1a: Zapdos|Zapdos|100\/100\n|move|p2a: Urshifu|Close Combat|p1a: Zapdos\n|-resisted|p1a: Zapdos\n|-damage|p1a: Zapdos|62\/100\n|-unboost|p2a: Urshifu|def|1\n|-unboost|p2a: Urshifu|spd|1\n|-status|p2a: Urshifu|par|[from] ability: Static|[of] p1a: Zapdos\n|\n|-weather|RainDance|[upkeep]\n|upkeep\n|turn|11\n|\n|t:|1699973160\n|switch|p2a: Tapu Koko|Tapu Koko|94\/100\n|-fieldstart|move: Electric Terrain|[from] ability: Electric Surge|[of] p2a: Tapu Koko\n|move|p1a: Zapdos|Hurricane|p2a: Tapu Koko\n|-resisted|p2a: Tapu Koko\n|-damage|p2a: Tapu Koko|52\/100\n|\n|-weather|none\n|upkeep\n|turn|12\n|\n|t:|1699973171\n|switch|p1a: Iron Treads|Iron Treads|75\/100\n|-activate|p1a: Iron Treads|ability: Quark Drive\n|-start|p1a: Iron Treads|quarkdrivespd\n|move|p2a: Tapu Koko|U-turn|p1a: Iron Treads\n|-resisted|p1a: Iron Treads\n|-damage|p1a: Iron Treads|69\/100\n|\n|t:|1699973175\n|switch|p2a: Volcarona|Volcarona, F|100\/100|[from] U-turn\n|\n|upkeep\n|turn|13\n|\n|t:|1699973183\n|-end|p1a: Iron Treads|Quark Drive|[silent]\n|switch|p1a: Pelipper|Pelipper, F|100\/100\n|-weather|RainDance|[from] ability: Drizzle|[of] p1a: Pelipper\n|move|p2a: Volcarona|Quiver Dance|p2a: Volcarona\n|-boost|p2a: Volcarona|spa|1\n|-boost|p2a: Volcarona|spd|1\n|-boost|p2a: Volcarona|spe|1\n|\n|-weather|RainDance|[upkeep]\n|upkeep\n|turn|14\n|\n|t:|1699973197\n|move|p2a: Volcarona|Quiver Dance|p2a: Volcarona\n|-boost|p2a: Volcarona|spa|1\n|-boost|p2a: Volcarona|spd|1\n|-boost|p2a: Volcarona|spe|1\n|move|p1a: Pelipper|U-turn|p2a: Volcarona\n|-resisted|p2a: Volcarona\n|-damage|p2a: Volcarona|93\/100\n|\n|t:|1699973201\n|switch|p1a: Barraskewda|Barraskewda, F|100\/100|[from] U-turn\n|\n|-weather|RainDance|[upkeep]\n|upkeep\n|turn|15\n|\n|t:|1699973208\n|switch|p2a: Rillaboom|Rillaboom, M|100\/100\n|-fieldstart|move: Grassy Terrain|[from] ability: Grassy Surge|[of] p2a: Rillaboom\n|-terastallize|p1a: Barraskewda|Water\n|move|p1a: Barraskewda|Liquidation|p2a: Rillaboom\n|-resisted|p2a: Rillaboom\n|-damage|p2a: Rillaboom|19\/100\n|\n|-weather|RainDance|[upkeep]\n|-heal|p2a: Rillaboom|25\/100|[from] Grassy Terrain\n|upkeep\n|turn|16\n|\n|t:|1699973233\n|switch|p1a: Scizor|Scizor-Mega, M|32\/100\n|move|p2a: Rillaboom|Grassy Glide|p1a: Scizor\n|-resisted|p1a: Scizor\n|-damage|p1a: Scizor|22\/100\n|\n|-weather|RainDance|[upkeep]\n|-heal|p2a: Rillaboom|32\/100|[from] Grassy Terrain\n|-heal|p1a: Scizor|28\/100|[from] Grassy Terrain\n|upkeep\n|turn|17\n|\n|t:|1699973240\n|switch|p2a: Volcarona|Volcarona, F|93\/100\n|move|p1a: Scizor|Roost|p1a: Scizor\n|-heal|p1a: Scizor|78\/100\n|-singleturn|p1a: Scizor|move: Roost\n|\n|-weather|RainDance|[upkeep]\n|-heal|p2a: Volcarona|99\/100|[from] Grassy Terrain\n|-heal|p1a: Scizor|84\/100|[from] Grassy Terrain\n|upkeep\n|turn|18\n|inactive|ggbog has 120 seconds left.\n|\n|t:|1699973261\n|move|p2a: Volcarona|Fiery Dance|p1a: Scizor\n|-supereffective|p1a: Scizor\n|-damage|p1a: Scizor|21\/100\n|move|p1a: Scizor|U-turn|p2a: Volcarona\n|-resisted|p2a: Volcarona\n|-damage|p2a: Volcarona|71\/100\n|inactive|ggbog has 120 seconds left.\n|\n|t:|1699973267\n|switch|p1a: Barraskewda|Barraskewda, F, tera:Water|100\/100|[from] U-turn\n|\n|-weather|RainDance|[upkeep]\n|-heal|p2a: Volcarona|77\/100|[from] Grassy Terrain\n|upkeep\n|turn|19\n|\n|t:|1699973290\n|switch|p2a: Garchomp|Garchomp, M|74\/100\n|move|p1a: Barraskewda|Liquidation|p2a: Garchomp\n|-damage|p2a: Garchomp|0 fnt\n|-damage|p1a: Barraskewda|88\/100|[from] ability: Rough Skin|[of] p2a: Garchomp\n|faint|p2a: Garchomp\n|\n|-weather|RainDance|[upkeep]\n|-heal|p1a: Barraskewda|94\/100|[from] Grassy Terrain\n|-fieldend|move: Grassy Terrain\n|upkeep\n|\n|t:|1699973293\n|switch|p2a: Rillaboom|Rillaboom, M|32\/100\n|-fieldstart|move: Grassy Terrain|[from] ability: Grassy Surge|[of] p2a: Rillaboom\n|turn|20\n|\n|t:|1699973300\n|switch|p1a: Scizor|Scizor-Mega, M|21\/100\n|move|p2a: Rillaboom|U-turn|p1a: Scizor\n|-resisted|p1a: Scizor\n|-damage|p1a: Scizor|7\/100\n|\n|t:|1699973304\n|switch|p2a: Volcarona|Volcarona, F|77\/100|[from] U-turn\n|\n|-weather|none\n|-heal|p2a: Volcarona|83\/100|[from] Grassy Terrain\n|-heal|p1a: Scizor|13\/100|[from] Grassy Terrain\n|upkeep\n|turn|21\n|\n|t:|1699973315\n|switch|p1a: Pelipper|Pelipper, F|100\/100\n|-weather|RainDance|[from] ability: Drizzle|[of] p1a: Pelipper\n|move|p2a: Volcarona|Quiver Dance|p2a: Volcarona\n|-boost|p2a: Volcarona|spa|1\n|-boost|p2a: Volcarona|spd|1\n|-boost|p2a: Volcarona|spe|1\n|\n|-weather|RainDance|[upkeep]\n|-heal|p2a: Volcarona|89\/100|[from] Grassy Terrain\n|upkeep\n|turn|22\n|\n|t:|1699973318\n|move|p2a: Volcarona|Quiver Dance|p2a: Volcarona\n|-boost|p2a: Volcarona|spa|1\n|-boost|p2a: Volcarona|spd|1\n|-boost|p2a: Volcarona|spe|1\n|move|p1a: Pelipper|U-turn|p2a: Volcarona\n|-resisted|p2a: Volcarona\n|-damage|p2a: Volcarona|82\/100\n|\n|t:|1699973323\n|switch|p1a: Barraskewda|Barraskewda, F, tera:Water|94\/100|[from] U-turn\n|\n|-weather|RainDance|[upkeep]\n|-heal|p1a: Barraskewda|100\/100|[from] Grassy Terrain\n|-heal|p2a: Volcarona|88\/100|[from] Grassy Terrain\n|upkeep\n|turn|23\n|\n|t:|1699973337\n|switch|p2a: Tapu Koko|Tapu Koko|52\/100\n|-fieldstart|move: Electric Terrain|[from] ability: Electric Surge|[of] p2a: Tapu Koko\n|move|p1a: Barraskewda|Liquidation|p2a: Tapu Koko\n|-damage|p2a: Tapu Koko|0 fnt\n|faint|p2a: Tapu Koko\n|\n|-weather|RainDance|[upkeep]\n|upkeep\n|\n|t:|1699973339\n|switch|p2a: Rillaboom|Rillaboom, M|32\/100\n|-fieldstart|move: Grassy Terrain|[from] ability: Grassy Surge|[of] p2a: Rillaboom\n|turn|24\n|\n|t:|1699973359\n|switch|p1a: Volcanion|Volcanion|42\/100\n|-terastallize|p2a: Rillaboom|Grass\n|move|p2a: Rillaboom|Grassy Glide|p1a: Volcanion\n|-damage|p1a: Volcanion|0 fnt\n|faint|p1a: Volcanion\n|\n|-weather|RainDance|[upkeep]\n|-heal|p2a: Rillaboom|38\/100|[from] Grassy Terrain\n|upkeep\n|\n|t:|1699973368\n|switch|p1a: Zapdos|Zapdos|62\/100\n|turn|25\n|\n|t:|1699973376\n|switch|p2a: Urshifu|Urshifu-Rapid-Strike, M|100\/100 par\n|move|p1a: Zapdos|Hurricane|p2a: Urshifu\n|-supereffective|p2a: Urshifu\n|-damage|p2a: Urshifu|0 fnt\n|faint|p2a: Urshifu\n|\n|-weather|RainDance|[upkeep]\n|upkeep\n|\n|t:|1699973378\n|switch|p2a: Volcarona|Volcarona, F|88\/100\n|turn|26\n|\n|t:|1699973388\n|-zpower|p1a: Zapdos\n|move|p1a: Zapdos|Supersonic Skystrike|p2a: Volcarona|[zeffect]\n|-supereffective|p2a: Volcarona\n|-damage|p2a: Volcarona|0 fnt\n|faint|p2a: Volcarona\n|\n|-weather|RainDance|[upkeep]\n|upkeep\n|-message|Phillip Blevin forfeited.\n|\n|win|ggbog\n|raw|ggbog's rating: 1423 &rarr; <strong>1449<\/strong><br \/>(+26 for winning)\n|raw|Phillip Blevin's rating: 1526 &rarr; <strong>1500<\/strong><br \/>(-26 for losing)\n|l|\u2606Phillip Blevin\n","uploadtime":1699973397,"views":14,"p1id":"ggbog","p2id":"phillipblevin","formatid":"gen9nationaldex","rating":1449,"private":0,"password":""}