{"id":"gen9nationaldex-1994922297","p1":"Thefuckingneochaos","p2":"Ahardlakarnis","format":"[Gen 9] National Dex","log":"|html|<div class=\"broadcast-blue\"><strong>[Gen 9] National Dex is currently suspecting Sneasler! For information on how to participate check out the <a href=\"https:\/\/www.smogon.com\/forums\/threads\/sv-national-dex-suspect-8-just-dance.3731534\/\">suspect thread<\/a>.<\/strong><\/div>\n|j|\u2606Thefuckingneochaos\n|j|\u2606Ahardlakarnis\n|t:|1700504946\n|gametype|singles\n|player|p1|Thefuckingneochaos|dahlia|1029\n|player|p2|Ahardlakarnis|skyla|1158\n|teamsize|p1|6\n|teamsize|p2|6\n|gen|9\n|tier|[Gen 9] National Dex\n|rated|\n|rule|HP Percentage Mod: HP is shown in percentages\n|rule|Endless Battle Clause: Forcing endless battles is banned\n|rule|OHKO Clause: OHKO moves are banned\n|rule|Evasion Clause: Evasion abilities, items, and moves are banned\n|rule|Evasion Abilities Clause: Evasion abilities are banned\n|rule|Evasion Items Clause: Evasion items are banned\n|rule|Evasion Moves Clause: Evasion moves are banned\n|rule|Species Clause: Limit one of each Pok\u00e9mon\n|rule|Sleep Clause Mod: Limit one foe put to sleep\n|clearpoke\n|poke|p1|Gardevoir, M|\n|poke|p1|Sceptile, F|\n|poke|p1|Samurott, F|\n|poke|p1|Infernape, F|\n|poke|p1|Krookodile, F|\n|poke|p1|Dragonite, F|\n|poke|p2|Ferrothorn, F|\n|poke|p2|Greninja-*, M|\n|poke|p2|Lopunny, F|\n|poke|p2|Incineroar, M|\n|poke|p2|Milotic, M|\n|poke|p2|Dragalge, F|\n|teampreview\n|inactive|Battle timer is ON: inactive players will automatically lose when time's up. (requested by Ahardlakarnis)\n|\n|t:|1700504953\n|start\n|switch|p1a: Drake|Dragonite, F|100\/100\n|switch|p2a: Greninja|Greninja, M|100\/100\n|turn|1\n|\n|t:|1700504965\n|move|p1a: Drake|Extreme Speed|p2a: Greninja\n|-damage|p2a: Greninja|20\/100\n|-damage|p1a: Drake|91\/100|[from] item: Life Orb\n|move|p2a: Greninja|Ice Beam|p1a: Drake\n|-start|p2a: Greninja|typechange|Ice|[from] ability: Protean\n|-supereffective|p1a: Drake\n|-crit|p1a: Drake\n|-damage|p1a: Drake|0 fnt\n|faint|p1a: Drake\n|\n|upkeep\n|\n|t:|1700504988\n|switch|p1a: Tramontina Knight|Sceptile, F|100\/100\n|turn|2\n|\n|t:|1700504997\n|move|p2a: Greninja|Ice Beam|p1a: Tramontina Knight\n|-supereffective|p1a: Tramontina Knight\n|-crit|p1a: Tramontina Knight\n|-damage|p1a: Tramontina Knight|0 fnt\n|faint|p1a: Tramontina Knight\n|\n|upkeep\n|\n|t:|1700505004\n|switch|p1a: Samurai Jack|Samurott, F|100\/100\n|turn|3\n|c|\u2606Ahardlakarnis|I usually never crit this often\n|\n|t:|1700505013\n|switch|p2a: Ferrothorn|Ferrothorn, F|100\/100\n|move|p1a: Samurai Jack|Grass Knot|p2a: Ferrothorn\n|-resisted|p2a: Ferrothorn\n|-crit|p2a: Ferrothorn\n|-damage|p2a: Ferrothorn|89\/100\n|-damage|p1a: Samurai Jack|88\/100|[from] ability: Iron Barbs|[of] p2a: Ferrothorn\n|-damage|p1a: Samurai Jack|71\/100|[from] item: Rocky Helmet|[of] p2a: Ferrothorn\n|\n|upkeep\n|turn|4\n|\n|t:|1700505028\n|switch|p1a: Macaco Luffy|Infernape, F|100\/100\n|move|p2a: Ferrothorn|Stealth Rock|p1a: Macaco Luffy\n|-sidestart|p1: Thefuckingneochaos|move: Stealth Rock\n|\n|upkeep\n|turn|5\n|\n|t:|1700505039\n|move|p1a: Macaco Luffy|U-turn|p2a: Ferrothorn\n|-damage|p2a: Ferrothorn|74\/100\n|-damage|p1a: Macaco Luffy|88\/100|[from] ability: Iron Barbs|[of] p2a: Ferrothorn\n|-damage|p1a: Macaco Luffy|72\/100|[from] item: Rocky Helmet|[of] p2a: Ferrothorn\n|-damage|p1a: Macaco Luffy|62\/100|[from] item: Life Orb\n|inactive|Thefuckingneochaos has 120 seconds left.\n|\n|t:|1700505066\n|switch|p1a: Mr.One|Krookodile, F|100\/100|[from] U-turn\n|-damage|p1a: Mr.One|94\/100|[from] Stealth Rock\n|move|p2a: Ferrothorn|Leech Seed|p1a: Mr.One\n|-start|p1a: Mr.One|move: Leech Seed\n|\n|-damage|p1a: Mr.One|82\/100|[from] Leech Seed|[of] p2a: Ferrothorn\n|-heal|p2a: Ferrothorn|86\/100|[silent]\n|upkeep\n|turn|6\n|inactive|Thefuckingneochaos has 120 seconds left.\n|\n|t:|1700505087\n|move|p1a: Mr.One|Fire Fang|p2a: Ferrothorn\n|-supereffective|p2a: Ferrothorn\n|-damage|p2a: Ferrothorn|28\/100\n|-status|p2a: Ferrothorn|brn\n|-damage|p1a: Mr.One|70\/100|[from] ability: Iron Barbs|[of] p2a: Ferrothorn\n|-damage|p1a: Mr.One|53\/100|[from] item: Rocky Helmet|[of] p2a: Ferrothorn\n|-damage|p1a: Mr.One|43\/100|[from] item: Life Orb\n|move|p2a: Ferrothorn|Power Whip|p1a: Mr.One\n|-supereffective|p1a: Mr.One\n|-damage|p1a: Mr.One|0 fnt\n|faint|p1a: Mr.One\n|\n|-damage|p2a: Ferrothorn|22\/100 brn|[from] brn\n|upkeep\n|\n|t:|1700505102\n|switch|p1a: Macaco Luffy|Infernape, F|62\/100\n|-damage|p1a: Macaco Luffy|50\/100|[from] Stealth Rock\n|turn|7\n|\n|t:|1700505112\n|move|p1a: Macaco Luffy|U-turn|p2a: Ferrothorn\n|-damage|p2a: Ferrothorn|6\/100 brn\n|-damage|p1a: Macaco Luffy|37\/100|[from] ability: Iron Barbs|[of] p2a: Ferrothorn\n|-damage|p1a: Macaco Luffy|21\/100|[from] item: Rocky Helmet|[of] p2a: Ferrothorn\n|-damage|p1a: Macaco Luffy|11\/100|[from] item: Life Orb\n|\n|t:|1700505120\n|switch|p1a: Psyca|Gardevoir, M|100\/100|[from] U-turn\n|-damage|p1a: Psyca|88\/100|[from] Stealth Rock\n|move|p2a: Ferrothorn|Leech Seed|p1a: Psyca\n|-start|p1a: Psyca|move: Leech Seed\n|\n|-damage|p1a: Psyca|76\/100|[from] Leech Seed|[of] p2a: Ferrothorn\n|-heal|p2a: Ferrothorn|15\/100 brn|[silent]\n|-damage|p2a: Ferrothorn|9\/100 brn|[from] brn\n|upkeep\n|turn|8\n|\n|t:|1700505132\n|detailschange|p1a: Psyca|Gardevoir-Mega, M\n|-mega|p1a: Psyca|Gardevoir|Gardevoirite\n|move|p1a: Psyca|Mystical Fire|p2a: Ferrothorn\n|-supereffective|p2a: Ferrothorn\n|-damage|p2a: Ferrothorn|0 fnt\n|faint|p2a: Ferrothorn\n|\n|upkeep\n|\n|t:|1700505144\n|switch|p2a: Dragalge|Dragalge, F|100\/100\n|turn|9\n|\n|t:|1700505151\n|move|p1a: Psyca|Draining Kiss|p2a: Dragalge\n|-damage|p2a: Dragalge|66\/100\n|-heal|p1a: Psyca|100\/100|[from] drain|[of] p2a: Dragalge\n|move|p2a: Dragalge|Sludge Bomb|p1a: Psyca\n|-supereffective|p1a: Psyca\n|-damage|p1a: Psyca|0 fnt\n|faint|p1a: Psyca\n|\n|upkeep\n|\n|t:|1700505164\n|switch|p1a: Samurai Jack|Samurott, F|71\/100\n|-damage|p1a: Samurai Jack|59\/100|[from] Stealth Rock\n|turn|10\n|\n|t:|1700505170\n|move|p1a: Samurai Jack|Ice Beam|p2a: Dragalge\n|-supereffective|p2a: Dragalge\n|-damage|p2a: Dragalge|11\/100\n|move|p2a: Dragalge|Sludge Bomb|p1a: Samurai Jack\n|-damage|p1a: Samurai Jack|0 fnt\n|faint|p1a: Samurai Jack\n|\n|upkeep\n|\n|t:|1700505192\n|switch|p1a: Macaco Luffy|Infernape, F|11\/100\n|-damage|p1a: Macaco Luffy|0 fnt|[from] Stealth Rock\n|faint|p1a: Macaco Luffy\n|\n|win|Ahardlakarnis\n|raw|Thefuckingneochaos's rating: 1029 &rarr; <strong>1020<\/strong><br \/>(-9 for losing)\n|raw|Ahardlakarnis's rating: 1158 &rarr; <strong>1174<\/strong><br \/>(+16 for winning)\n|l|\u2606Thefuckingneochaos\n","uploadtime":1700505200,"views":21,"p1id":"thefuckingneochaos","p2id":"ahardlakarnis","formatid":"gen9nationaldex","rating":1020,"private":0,"password":""}