{"id":"gen9nationaldex-1995882027","p1":"badias","p2":"Darling.Cupid","format":"[Gen 9] National Dex","log":"|html|<div class=\"broadcast-blue\"><strong>[Gen 9] National Dex is currently suspecting Sneasler! For information on how to participate check out the <a href=\"https:\/\/www.smogon.com\/forums\/threads\/sv-national-dex-suspect-8-just-dance.3731534\/\">suspect thread<\/a>.<\/strong><\/div>\n|j|\u2606badias\n|j|\u2606Darling.Cupid\n|t:|1700613125\n|gametype|singles\n|player|p1|badias|1|1058\n|player|p2|Darling.Cupid|waiter-gen4|1061\n|teamsize|p1|6\n|teamsize|p2|6\n|gen|9\n|tier|[Gen 9] National Dex\n|rated|\n|rule|HP Percentage Mod: HP is shown in percentages\n|rule|Endless Battle Clause: Forcing endless battles is banned\n|rule|OHKO Clause: OHKO moves are banned\n|rule|Evasion Clause: Evasion abilities, items, and moves are banned\n|rule|Evasion Abilities Clause: Evasion abilities are banned\n|rule|Evasion Items Clause: Evasion items are banned\n|rule|Evasion Moves Clause: Evasion moves are banned\n|rule|Species Clause: Limit one of each Pok\u00e9mon\n|rule|Sleep Clause Mod: Limit one foe put to sleep\n|clearpoke\n|poke|p1|Urshifu-*, M|\n|poke|p1|Chandelure, M|\n|poke|p1|Tapu Lele|\n|poke|p1|Venusaur, M|\n|poke|p1|Goodra-Hisui, F|\n|poke|p1|Gliscor, M|\n|poke|p2|Cinderace, F|\n|poke|p2|Gallade, M|\n|poke|p2|Gengar, F|\n|poke|p2|Ditto|\n|poke|p2|Blissey, F|\n|poke|p2|Snorlax, M|\n|teampreview\n|\n|t:|1700613138\n|start\n|switch|p1a: Venusaur|Venusaur, M|100\/100\n|switch|p2a: Gengar|Gengar, F|100\/100\n|turn|1\n|inactive|Battle timer is ON: inactive players will automatically lose when time's up. (requested by badias)\n|\n|t:|1700613145\n|detailschange|p1a: Venusaur|Venusaur-Mega, M\n|-mega|p1a: Venusaur|Venusaur|Venusaurite\n|move|p2a: Gengar|Sludge Bomb|p1a: Venusaur\n|-damage|p1a: Venusaur|51\/100\n|move|p1a: Venusaur|Leech Seed|p2a: Gengar\n|-start|p2a: Gengar|move: Leech Seed\n|\n|-damage|p2a: Gengar|88\/100|[from] Leech Seed|[of] p1a: Venusaur\n|-heal|p1a: Venusaur|62\/100|[silent]\n|upkeep\n|turn|2\n|\n|t:|1700613158\n|-terastallize|p2a: Gengar|Ghost\n|move|p2a: Gengar|Sludge Bomb|p1a: Venusaur\n|-damage|p1a: Venusaur|9\/100\n|move|p1a: Venusaur|Energy Ball|p2a: Gengar\n|-damage|p2a: Gengar|31\/100\n|\n|-damage|p2a: Gengar|19\/100|[from] Leech Seed|[of] p1a: Venusaur\n|-heal|p1a: Venusaur|20\/100|[silent]\n|upkeep\n|turn|3\n|\n|t:|1700613180\n|switch|p1a: Goodra|Goodra-Hisui, F|100\/100\n|move|p2a: Gengar|Sludge Bomb|p1a: Goodra\n|-immune|p1a: Goodra\n|\n|-damage|p2a: Gengar|7\/100|[from] Leech Seed|[of] p1a: Goodra\n|upkeep\n|turn|4\n|\n|t:|1700613192\n|switch|p1a: Urshifu|Urshifu-Rapid-Strike, M|100\/100\n|move|p2a: Gengar|Sludge Bomb|p1a: Urshifu\n|-damage|p1a: Urshifu|6\/100\n|\n|-damage|p2a: Gengar|0 fnt|[from] Leech Seed|[of] p1a: Urshifu\n|-heal|p1a: Urshifu|10\/100|[silent]\n|faint|p2a: Gengar\n|upkeep\n|\n|t:|1700613202\n|switch|p2a: Ditto|Ditto|100\/100\n|-transform|p2a: Ditto|p1a: Urshifu|[from] ability: Imposter\n|turn|5\n|\n|t:|1700613221\n|switch|p1a: Tapu Lele|Tapu Lele|100\/100\n|-fieldstart|move: Psychic Terrain|[from] ability: Psychic Surge|[of] p1a: Tapu Lele\n|move|p2a: Ditto|Ice Spinner|p1a: Tapu Lele\n|-damage|p1a: Tapu Lele|55\/100\n|-fieldend|move: Psychic Terrain\n|\n|upkeep\n|turn|6\n|\n|t:|1700613230\n|move|p2a: Ditto|Ice Spinner|p1a: Tapu Lele\n|-damage|p1a: Tapu Lele|14\/100\n|move|p1a: Tapu Lele|Extrasensory|p2a: Ditto\n|-supereffective|p2a: Ditto\n|-damage|p2a: Ditto|0 fnt\n|faint|p2a: Ditto\n|-damage|p1a: Tapu Lele|4\/100|[from] item: Life Orb\n|\n|upkeep\n|\n|t:|1700613240\n|switch|p2a: Cinderace|Cinderace, F|100\/100\n|turn|7\n|inactive|badias has 120 seconds left.\n|\n|t:|1700613276\n|move|p2a: Cinderace|Pyro Ball|p1a: Tapu Lele\n|-damage|p1a: Tapu Lele|0 fnt\n|faint|p1a: Tapu Lele\n|\n|upkeep\n|\n|t:|1700613281\n|switch|p1a: Urshifu|Urshifu-Rapid-Strike, M|10\/100\n|turn|8\n|inactive|badias has 120 seconds left.\n|\n|t:|1700613299\n|move|p1a: Urshifu|Aqua Jet|p2a: Cinderace\n|-supereffective|p2a: Cinderace\n|-damage|p2a: Cinderace|15\/100\n|-damage|p1a: Urshifu|0 fnt|[from] item: Life Orb\n|faint|p1a: Urshifu\n|move|p2a: Cinderace|Pyro Ball|p1: Urshifu|[notarget]\n|-fail|p2a: Cinderace\n|\n|upkeep\n|inactive|badias has 120 seconds left.\n|\n|t:|1700613307\n|switch|p1a: Chandelure|Chandelure, M|100\/100\n|turn|9\n|\n|t:|1700613315\n|move|p2a: Cinderace|Sucker Punch|p1a: Chandelure\n|-start|p2a: Cinderace|typechange|Dark|[from] ability: Libero\n|-supereffective|p1a: Chandelure\n|-damage|p1a: Chandelure|0 fnt\n|faint|p1a: Chandelure\n|\n|upkeep\n|\n|t:|1700613322\n|switch|p1a: Gliscor|Gliscor, M|100\/100\n|turn|10\n|\n|t:|1700613329\n|move|p1a: Gliscor|Protect|p1a: Gliscor\n|-singleturn|p1a: Gliscor|Protect\n|move|p2a: Cinderace|Pyro Ball|p1a: Gliscor\n|-activate|p1a: Gliscor|move: Protect\n|\n|-status|p1a: Gliscor|tox|[from] item: Toxic Orb\n|upkeep\n|turn|11\n|\n|t:|1700613339\n|move|p2a: Cinderace|Pyro Ball|p1a: Gliscor\n|-damage|p1a: Gliscor|71\/100 tox\n|move|p1a: Gliscor|Acrobatics|p2a: Cinderace\n|-damage|p2a: Cinderace|0 fnt\n|faint|p2a: Cinderace\n|\n|-heal|p1a: Gliscor|83\/100 tox|[from] ability: Poison Heal\n|upkeep\n|\n|t:|1700613351\n|switch|p2a: Gallade|Gallade, M|100\/100\n|turn|12\n|\n|t:|1700613355\n|detailschange|p2a: Gallade|Gallade-Mega, M\n|-mega|p2a: Gallade|Gallade|Galladite\n|move|p2a: Gallade|Close Combat|p1a: Gliscor\n|-resisted|p1a: Gliscor\n|-damage|p1a: Gliscor|54\/100 tox\n|-unboost|p2a: Gallade|def|1\n|-unboost|p2a: Gallade|spd|1\n|move|p1a: Gliscor|Acrobatics|p2a: Gallade\n|-supereffective|p2a: Gallade\n|-damage|p2a: Gallade|43\/100\n|\n|-heal|p1a: Gliscor|67\/100 tox|[from] ability: Poison Heal\n|upkeep\n|turn|13\n|\n|t:|1700613368\n|move|p1a: Gliscor|Protect|p1a: Gliscor\n|-singleturn|p1a: Gliscor|Protect\n|move|p2a: Gallade|Psycho Cut|p1a: Gliscor\n|-activate|p1a: Gliscor|move: Protect\n|\n|-heal|p1a: Gliscor|79\/100 tox|[from] ability: Poison Heal\n|upkeep\n|turn|14\n|\n|t:|1700613375\n|move|p2a: Gallade|Protect|p2a: Gallade\n|-singleturn|p2a: Gallade|Protect\n|move|p1a: Gliscor|Acrobatics|p2a: Gallade\n|-activate|p2a: Gallade|move: Protect\n|\n|-heal|p1a: Gliscor|91\/100 tox|[from] ability: Poison Heal\n|upkeep\n|turn|15\n|\n|t:|1700613384\n|move|p1a: Gliscor|Protect|p1a: Gliscor\n|-singleturn|p1a: Gliscor|Protect\n|move|p2a: Gallade|Psycho Cut|p1a: Gliscor\n|-activate|p1a: Gliscor|move: Protect\n|\n|-heal|p1a: Gliscor|100\/100 tox|[from] ability: Poison Heal\n|upkeep\n|turn|16\n|\n|t:|1700613392\n|move|p2a: Gallade|Psycho Cut|p1a: Gliscor\n|-damage|p1a: Gliscor|66\/100 tox\n|move|p1a: Gliscor|Spikes|p2a: Gallade\n|-sidestart|p2: Darling.Cupid|Spikes\n|\n|-heal|p1a: Gliscor|78\/100 tox|[from] ability: Poison Heal\n|upkeep\n|turn|17\n|\n|t:|1700613399\n|move|p1a: Gliscor|Protect|p1a: Gliscor\n|-singleturn|p1a: Gliscor|Protect\n|move|p2a: Gallade|Close Combat|p1a: Gliscor\n|-activate|p1a: Gliscor|move: Protect\n|\n|-heal|p1a: Gliscor|90\/100 tox|[from] ability: Poison Heal\n|upkeep\n|turn|18\n|\n|t:|1700613408\n|move|p2a: Gallade|Close Combat|p1a: Gliscor\n|-resisted|p1a: Gliscor\n|-damage|p1a: Gliscor|57\/100 tox\n|-unboost|p2a: Gallade|def|1\n|-unboost|p2a: Gallade|spd|1\n|move|p1a: Gliscor|Spikes|p2a: Gallade\n|-sidestart|p2: Darling.Cupid|Spikes\n|\n|-heal|p1a: Gliscor|69\/100 tox|[from] ability: Poison Heal\n|upkeep\n|turn|19\n|\n|t:|1700613416\n|move|p1a: Gliscor|Protect|p1a: Gliscor\n|-singleturn|p1a: Gliscor|Protect\n|move|p2a: Gallade|Leaf Blade|p1a: Gliscor\n|-activate|p1a: Gliscor|move: Protect\n|\n|-heal|p1a: Gliscor|82\/100 tox|[from] ability: Poison Heal\n|upkeep\n|turn|20\n|\n|t:|1700613424\n|move|p2a: Gallade|Leaf Blade|p1a: Gliscor\n|-damage|p1a: Gliscor|48\/100 tox\n|move|p1a: Gliscor|Spikes|p2a: Gallade\n|-sidestart|p2: Darling.Cupid|Spikes\n|\n|-heal|p1a: Gliscor|61\/100 tox|[from] ability: Poison Heal\n|upkeep\n|turn|21\n|\n|t:|1700613432\n|move|p1a: Gliscor|Protect|p1a: Gliscor\n|-singleturn|p1a: Gliscor|Protect\n|move|p2a: Gallade|Leaf Blade|p1a: Gliscor\n|-activate|p1a: Gliscor|move: Protect\n|\n|-heal|p1a: Gliscor|73\/100 tox|[from] ability: Poison Heal\n|upkeep\n|turn|22\n|\n|t:|1700613442\n|move|p2a: Gallade|Leaf Blade|p1a: Gliscor\n|-damage|p1a: Gliscor|44\/100 tox\n|move|p1a: Gliscor|Acrobatics|p2a: Gallade\n|-supereffective|p2a: Gallade\n|-damage|p2a: Gallade|0 fnt\n|faint|p2a: Gallade\n|\n|-heal|p1a: Gliscor|56\/100 tox|[from] ability: Poison Heal\n|upkeep\n|\n|t:|1700613451\n|switch|p2a: Bulussy|Blissey, F|100\/100\n|-damage|p2a: Bulussy|76\/100|[from] Spikes\n|turn|23\n|\n|t:|1700613456\n|move|p1a: Gliscor|Acrobatics|p2a: Bulussy\n|-damage|p2a: Bulussy|56\/100\n|move|p2a: Bulussy|Flamethrower|p1a: Gliscor\n|-damage|p1a: Gliscor|22\/100 tox\n|\n|-heal|p1a: Gliscor|34\/100 tox|[from] ability: Poison Heal\n|upkeep\n|turn|24\n|\n|t:|1700613466\n|move|p1a: Gliscor|Protect|p1a: Gliscor\n|-singleturn|p1a: Gliscor|Protect\n|move|p2a: Bulussy|Flamethrower|p1a: Gliscor\n|-activate|p1a: Gliscor|move: Protect\n|\n|-heal|p1a: Gliscor|46\/100 tox|[from] ability: Poison Heal\n|upkeep\n|turn|25\n|\n|t:|1700613473\n|move|p1a: Gliscor|High Horsepower|p2a: Bulussy\n|-damage|p2a: Bulussy|22\/100\n|move|p2a: Bulussy|Flamethrower|p1a: Gliscor\n|-damage|p1a: Gliscor|16\/100 tox\n|\n|-heal|p1a: Gliscor|28\/100 tox|[from] ability: Poison Heal\n|upkeep\n|turn|26\n|\n|t:|1700613482\n|move|p1a: Gliscor|Protect|p1a: Gliscor\n|-singleturn|p1a: Gliscor|Protect\n|move|p2a: Bulussy|Flamethrower|p1a: Gliscor\n|-activate|p1a: Gliscor|move: Protect\n|\n|-heal|p1a: Gliscor|41\/100 tox|[from] ability: Poison Heal\n|upkeep\n|turn|27\n|c|\u2606Darling.Cupid|You're probably gonna win so gg's lol\n|\n|t:|1700613506\n|move|p1a: Gliscor|Acrobatics|p2a: Bulussy\n|-crit|p2a: Bulussy\n|-damage|p2a: Bulussy|0 fnt\n|faint|p2a: Bulussy\n|\n|-heal|p1a: Gliscor|53\/100 tox|[from] ability: Poison Heal\n|upkeep\n|\n|t:|1700613512\n|switch|p2a: Snorlax|Snorlax, M, shiny|100\/100\n|-damage|p2a: Snorlax|76\/100|[from] Spikes\n|turn|28\n|\n|t:|1700613524\n|move|p1a: Gliscor|High Horsepower|p2a: Snorlax\n|-damage|p2a: Snorlax|51\/100\n|move|p2a: Snorlax|Double-Edge|p1a: Gliscor\n|-damage|p1a: Gliscor|0 fnt\n|faint|p1a: Gliscor\n|-damage|p2a: Snorlax|40\/100|[from] Recoil\n|-damage|p2a: Snorlax|30\/100|[from] item: Life Orb\n|\n|upkeep\n|c|\u2606badias|gg\n|c|\u2606badias|wp\n|c|\u2606badias|ty\n|\n|t:|1700613541\n|switch|p1a: Venusaur|Venusaur-Mega, M|20\/100\n|turn|29\n|\n|t:|1700613545\n|move|p1a: Venusaur|Leech Seed|p2a: Snorlax\n|-start|p2a: Snorlax|move: Leech Seed\n|move|p2a: Snorlax|Crunch|p1a: Venusaur\n|-damage|p1a: Venusaur|0 fnt\n|faint|p1a: Venusaur\n|-damage|p2a: Snorlax|20\/100|[from] item: Life Orb\n|\n|upkeep\n|\n|t:|1700613552\n|switch|p1a: Goodra|Goodra-Hisui, F|100\/100\n|turn|30\n|\n|t:|1700613563\n|move|p1a: Goodra|Outrage|p2a: Snorlax\n|-damage|p2a: Snorlax|0 fnt\n|faint|p2a: Snorlax\n|\n|win|badias\n|raw|badias's rating: 1058 &rarr; <strong>1090<\/strong><br \/>(+32 for winning)\n|raw|Darling.Cupid's rating: 1061 &rarr; <strong>1042<\/strong><br \/>(-19 for losing)\n|l|\u2606badias\n","uploadtime":1700613572,"views":1,"p1id":"badias","p2id":"darlingcupid","formatid":"gen9nationaldex","rating":1042,"private":0,"password":""}