{"id":"gen9nationaldex-1989419084","p1":"mixco","p2":"Corazonmorado27","format":"[Gen 9] National Dex","log":"|j|\u2606mixco\n|j|\u2606Corazonmorado27\n|t:|1699847807\n|gametype|singles\n|player|p1|mixco|penny|\n|player|p2|Corazonmorado27|parasollady|\n|teamsize|p1|6\n|teamsize|p2|6\n|gen|9\n|tier|[Gen 9] National Dex\n|rule|HP Percentage Mod: HP is shown in percentages\n|rule|Endless Battle Clause: Forcing endless battles is banned\n|rule|OHKO Clause: OHKO moves are banned\n|rule|Evasion Clause: Evasion abilities, items, and moves are banned\n|rule|Evasion Abilities Clause: Evasion abilities are banned\n|rule|Evasion Items Clause: Evasion items are banned\n|rule|Evasion Moves Clause: Evasion moves are banned\n|rule|Species Clause: Limit one of each Pok\u00e9mon\n|rule|Sleep Clause Mod: Limit one foe put to sleep\n|clearpoke\n|poke|p1|Serperior, F|\n|poke|p1|Stoutland, M|\n|poke|p1|Carracosta, F|\n|poke|p1|Galvantula, M|\n|poke|p1|Chandelure, M|\n|poke|p1|Bisharp, F|\n|poke|p2|Samurott, M|\n|poke|p2|Sawk, M|\n|poke|p2|Lilligant, F|\n|poke|p2|Archeops, M|\n|poke|p2|Reuniclus, F|\n|poke|p2|Chandelure, F|\n|teampreview\n|c|\u2606Corazonmorado27|suerte uwu\n|\n|t:|1699847832\n|start\n|switch|p1a: Craintelam|Galvantula, M|100\/100\n|switch|p2a: Archanet|Archeops, M|100\/100\n|turn|1\n|\n|t:|1699847854\n|switch|p1a: Wisdonia|Carracosta, F|100\/100\n|move|p2a: Archanet|Rock Slide|p1a: Wisdonia\n|-damage|p1a: Wisdonia|41\/100\n|\n|upkeep\n|turn|2\n|\n|t:|1699847866\n|move|p1a: Wisdonia|Aqua Jet|p2a: Archanet\n|-supereffective|p2a: Archanet\n|-damage|p2a: Archanet|37\/100\n|move|p2a: Archanet|Rock Slide|p1a: Wisdonia\n|-damage|p1a: Wisdonia|13\/100\n|\n|upkeep\n|turn|3\n|\n|t:|1699847874\n|move|p1a: Wisdonia|Aqua Jet|p2a: Archanet\n|-supereffective|p2a: Archanet\n|-damage|p2a: Archanet|0 fnt\n|faint|p2a: Archanet\n|\n|upkeep\n|\n|t:|1699847904\n|switch|p2a: Samu Jack|Samurott, M|100\/100\n|turn|4\n|\n|t:|1699847914\n|switch|p1a: Soberbia|Serperior, F|100\/100\n|move|p2a: Samu Jack|Sacred Sword|p1a: Soberbia\n|-damage|p1a: Soberbia|74\/100\n|\n|-heal|p1a: Soberbia|81\/100|[from] item: Leftovers\n|upkeep\n|turn|5\n|\n|t:|1699847936\n|move|p1a: Soberbia|Glare|p2a: Samu Jack\n|-status|p2a: Samu Jack|par\n|move|p2a: Samu Jack|Body Slam|p1a: Soberbia\n|-damage|p1a: Soberbia|55\/100\n|\n|-heal|p1a: Soberbia|62\/100|[from] item: Leftovers\n|upkeep\n|turn|6\n|\n|t:|1699847948\n|move|p1a: Soberbia|Leaf Storm|p2a: Samu Jack\n|-supereffective|p2a: Samu Jack\n|-damage|p2a: Samu Jack|12\/100 par\n|-boost|p1a: Soberbia|spa|2\n|move|p2a: Samu Jack|Sacred Sword|p1a: Soberbia\n|-damage|p1a: Soberbia|34\/100\n|\n|-heal|p1a: Soberbia|40\/100|[from] item: Leftovers\n|-heal|p2a: Samu Jack|18\/100 par|[from] item: Leftovers\n|upkeep\n|turn|7\n|\n|t:|1699847959\n|cant|p2a: Samu Jack|par\n|move|p1a: Soberbia|Hidden Power|p2a: Samu Jack\n|-damage|p2a: Samu Jack|0 fnt\n|faint|p2a: Samu Jack\n|\n|-heal|p1a: Soberbia|47\/100|[from] item: Leftovers\n|upkeep\n|\n|t:|1699847974\n|switch|p2a: Loumagie|Chandelure, F|100\/100\n|turn|8\n|\n|t:|1699847986\n|switch|p1a: Wisdonia|Carracosta, F|13\/100\n|move|p2a: Loumagie|Shadow Ball|p1a: Wisdonia\n|-damage|p1a: Wisdonia|0 fnt\n|faint|p1a: Wisdonia\n|\n|upkeep\n|\n|t:|1699847996\n|switch|p1a: Esdeath|Bisharp, F|100\/100\n|turn|9\n|\n|t:|1699848007\n|switch|p2a: Florina|Lilligant, F|100\/100\n|move|p1a: Esdeath|Knock Off|p2a: Florina\n|-damage|p2a: Florina|17\/100\n|-enditem|p2a: Florina|Focus Sash|[from] move: Knock Off|[of] p1a: Esdeath\n|\n|upkeep\n|turn|10\n|\n|t:|1699848019\n|switch|p1a: Soberbia|Serperior, F|47\/100\n|move|p2a: Florina|Sleep Powder|p1a: Soberbia\n|-immune|p1a: Soberbia\n|\n|-heal|p1a: Soberbia|53\/100|[from] item: Leftovers\n|upkeep\n|turn|11\n|\n|t:|1699848033\n|move|p1a: Soberbia|Leaf Storm|p2a: Florina|[miss]\n|-miss|p1a: Soberbia|p2a: Florina\n|move|p2a: Florina|Quiver Dance|p2a: Florina\n|-boost|p2a: Florina|spa|1\n|-boost|p2a: Florina|spd|1\n|-boost|p2a: Florina|spe|1\n|\n|-heal|p1a: Soberbia|59\/100|[from] item: Leftovers\n|upkeep\n|turn|12\n|\n|t:|1699848046\n|move|p2a: Florina|Giga Drain|p1a: Soberbia\n|-resisted|p1a: Soberbia\n|-damage|p1a: Soberbia|25\/100\n|-heal|p2a: Florina|35\/100|[from] drain|[of] p1a: Soberbia\n|move|p1a: Soberbia|Leaf Storm|p2a: Florina|[miss]\n|-miss|p1a: Soberbia|p2a: Florina\n|\n|-heal|p1a: Soberbia|31\/100|[from] item: Leftovers\n|upkeep\n|turn|13\n|\n|t:|1699848058\n|switch|p1a: Hellux|Chandelure, M, shiny|100\/100\n|move|p2a: Florina|Giga Drain|p1a: Hellux\n|-resisted|p1a: Hellux\n|-damage|p1a: Hellux|63\/100\n|-heal|p2a: Florina|52\/100|[from] drain|[of] p1a: Hellux\n|\n|upkeep\n|turn|14\n|\n|t:|1699848070\n|move|p2a: Florina|Sleep Powder|p1a: Hellux\n|-status|p1a: Hellux|slp|[from] move: Sleep Powder\n|cant|p1a: Hellux|slp\n|\n|upkeep\n|turn|15\n|\n|t:|1699848083\n|move|p2a: Florina|Quiver Dance|p2a: Florina\n|-boost|p2a: Florina|spa|1\n|-boost|p2a: Florina|spd|1\n|-boost|p2a: Florina|spe|1\n|cant|p1a: Hellux|slp\n|\n|upkeep\n|turn|16\n|\n|t:|1699848103\n|move|p2a: Florina|Giga Drain|p1a: Hellux\n|-resisted|p1a: Hellux\n|-damage|p1a: Hellux|16\/100 slp\n|-heal|p2a: Florina|74\/100|[from] drain|[of] p1a: Hellux\n|cant|p1a: Hellux|slp\n|\n|upkeep\n|turn|17\n|\n|t:|1699848110\n|move|p2a: Florina|Giga Drain|p1a: Hellux\n|-resisted|p1a: Hellux\n|-damage|p1a: Hellux|0 fnt\n|-heal|p2a: Florina|82\/100|[from] drain|[of] p1a: Hellux\n|faint|p1a: Hellux\n|\n|upkeep\n|\n|t:|1699848112\n|switch|p1a: Craintelam|Galvantula, M|100\/100\n|turn|18\n|\n|t:|1699848119\n|-terastallize|p2a: Florina|Fire\n|move|p2a: Florina|Tera Blast|p1a: Craintelam|[anim] Tera Blast Fire\n|-supereffective|p1a: Craintelam\n|-enditem|p1a: Craintelam|Focus Sash\n|-damage|p1a: Craintelam|1\/100\n|move|p1a: Craintelam|Bug Buzz|p2a: Florina\n|-resisted|p2a: Florina\n|-damage|p2a: Florina|67\/100\n|-unboost|p2a: Florina|spd|1\n|\n|upkeep\n|turn|19\n|\n|t:|1699848131\n|move|p2a: Florina|Giga Drain|p1a: Craintelam\n|-resisted|p1a: Craintelam\n|-damage|p1a: Craintelam|0 fnt\n|-heal|p2a: Florina|68\/100|[from] drain|[of] p1a: Craintelam\n|faint|p1a: Craintelam\n|\n|upkeep\n|\n|t:|1699848141\n|switch|p1a: Garu|Stoutland, M|100\/100\n|turn|20\n|\n|t:|1699848150\n|move|p2a: Florina|Giga Drain|p1a: Garu\n|-damage|p1a: Garu|20\/100\n|-heal|p2a: Florina|100\/100|[from] drain|[of] p1a: Garu\n|move|p1a: Garu|Return|p2a: Florina\n|-damage|p2a: Florina|0 fnt\n|faint|p2a: Florina\n|\n|upkeep\n|\n|t:|1699848174\n|switch|p2a: Loumagie|Chandelure, F|100\/100\n|turn|21\n|\n|t:|1699848185\n|move|p2a: Loumagie|Flamethrower|p1a: Garu\n|-damage|p1a: Garu|0 fnt\n|faint|p1a: Garu\n|\n|upkeep\n|\n|t:|1699848195\n|switch|p1a: Soberbia|Serperior, F|31\/100\n|turn|22\n|\n|t:|1699848201\n|-terastallize|p1a: Soberbia|Ground\n|move|p2a: Loumagie|Flamethrower|p1a: Soberbia\n|-damage|p1a: Soberbia|0 fnt\n|faint|p1a: Soberbia\n|\n|upkeep\n|\n|t:|1699848205\n|switch|p1a: Esdeath|Bisharp, F|100\/100\n|turn|23\n|\n|t:|1699848209\n|move|p1a: Esdeath|Sucker Punch|p2a: Loumagie\n|-supereffective|p2a: Loumagie\n|-damage|p2a: Loumagie|0 fnt\n|faint|p2a: Loumagie\n|\n|upkeep\n|\n|t:|1699848213\n|switch|p2a: Juanikki|Sawk, M|100\/100\n|turn|24\n|\n|t:|1699848252\n|move|p2a: Juanikki|Knock Off|p1a: Esdeath\n|-resisted|p1a: Esdeath\n|-damage|p1a: Esdeath|89\/100\n|-enditem|p1a: Esdeath|Eviolite|[from] move: Knock Off|[of] p2a: Juanikki\n|move|p1a: Esdeath|Knock Off|p2a: Juanikki\n|-resisted|p2a: Juanikki\n|-damage|p2a: Juanikki|63\/100\n|-enditem|p2a: Juanikki|Heavy-Duty Boots|[from] move: Knock Off|[of] p1a: Esdeath\n|\n|upkeep\n|turn|25\n|j| JuzOzuj\n|\n|t:|1699848263\n|move|p1a: Esdeath|Swords Dance|p1a: Esdeath\n|-boost|p1a: Esdeath|atk|2\n|move|p2a: Juanikki|Counter||[still]\n|-fail|p2a: Juanikki\n|\n|upkeep\n|turn|26\n|\n|t:|1699848272\n|move|p2a: Juanikki|Rock Slide|p1a: Esdeath\n|-resisted|p1a: Esdeath\n|-crit|p1a: Esdeath\n|-damage|p1a: Esdeath|69\/100\n|move|p1a: Esdeath|Swords Dance|p1a: Esdeath\n|-boost|p1a: Esdeath|atk|2\n|\n|upkeep\n|turn|27\n|\n|t:|1699848287\n|move|p2a: Juanikki|Rock Slide|p1a: Esdeath\n|-resisted|p1a: Esdeath\n|-damage|p1a: Esdeath|55\/100\n|move|p1a: Esdeath|Iron Head|p2a: Juanikki\n|-crit|p2a: Juanikki\n|-damage|p2a: Juanikki|0 fnt\n|faint|p2a: Juanikki\n|\n|upkeep\n|\n|t:|1699848295\n|switch|p2a: Nen\u00fafar|Reuniclus, F|100\/100\n|turn|28\n|\n|t:|1699848306\n|move|p1a: Esdeath|Knock Off|p2a: Nen\u00fafar\n|-supereffective|p2a: Nen\u00fafar\n|-damage|p2a: Nen\u00fafar|0 fnt\n|-enditem|p2a: Nen\u00fafar|Life Orb|[from] move: Knock Off|[of] p1a: Esdeath\n|faint|p2a: Nen\u00fafar\n|\n|win|mixco\n|l| JuzOzuj\n","uploadtime":1699848319,"views":4,"p1id":"mixco","p2id":"corazonmorado27","formatid":"gen9nationaldex","rating":0,"private":0,"password":""}