{"id":"gen9nationaldex-1992000437","p1":"as cheu","p2":"i like serperior","format":"[Gen 9] National Dex","log":"|j|\u2606as cheu\n|j|\u2606i like serperior\n|t:|1700146574\n|gametype|singles\n|player|p1|as cheu|officeworker|1522\n|player|p2|i like serperior|colress|1651\n|teamsize|p1|6\n|teamsize|p2|6\n|gen|9\n|tier|[Gen 9] National Dex\n|rated|\n|rule|HP Percentage Mod: HP is shown in percentages\n|rule|Endless Battle Clause: Forcing endless battles is banned\n|rule|OHKO Clause: OHKO moves are banned\n|rule|Evasion Clause: Evasion abilities, items, and moves are banned\n|rule|Evasion Abilities Clause: Evasion abilities are banned\n|rule|Evasion Items Clause: Evasion items are banned\n|rule|Evasion Moves Clause: Evasion moves are banned\n|rule|Species Clause: Limit one of each Pok\u00e9mon\n|rule|Sleep Clause Mod: Limit one foe put to sleep\n|clearpoke\n|poke|p1|Cloyster, M|\n|poke|p1|Umbreon, F|\n|poke|p1|Gardevoir, F|\n|poke|p1|Forretress, M|\n|poke|p1|Thundurus-Therian, M|\n|poke|p1|Sneasler, M|\n|poke|p2|Tyranitar, F|\n|poke|p2|Garchomp, M|\n|poke|p2|Dracozolt|\n|poke|p2|Moltres|\n|poke|p2|Gigalith, M|\n|poke|p2|Serperior, M|\n|teampreview\n|j| Simon C4\n|inactive|Battle timer is ON: inactive players will automatically lose when time's up. (requested by as cheu)\n|\n|t:|1700146587\n|start\n|switch|p1a: Forretress|Forretress, M|100\/100\n|switch|p2a: Moltres|Moltres, shiny|100\/100\n|turn|1\n|\n|t:|1700146594\n|move|p2a: Moltres|Fire Blast|p1a: Forretress|[miss]\n|-miss|p2a: Moltres|p1a: Forretress\n|move|p1a: Forretress|Volt Switch|p2a: Moltres\n|-supereffective|p2a: Moltres\n|-damage|p2a: Moltres|81\/100\n|\n|t:|1700146597\n|switch|p1a: Thundurus|Thundurus-Therian, M|100\/100|[from] Volt Switch\n|\n|upkeep\n|turn|2\n|\n|t:|1700146601\n|switch|p1a: Sneasler|Sneasler, M|100\/100\n|switch|p2a: Azurite|Gigalith, M, shiny|100\/100\n|-weather|Sandstorm|[from] ability: Sand Stream|[of] p2a: Azurite\n|\n|-weather|Sandstorm|[upkeep]\n|-damage|p1a: Sneasler|95\/100|[from] Sandstorm\n|upkeep\n|turn|3\n|\n|t:|1700146604\n|move|p1a: Sneasler|Close Combat|p2a: Azurite\n|-supereffective|p2a: Azurite\n|-damage|p2a: Azurite|8\/100\n|-unboost|p1a: Sneasler|def|1\n|-unboost|p1a: Sneasler|spd|1\n|move|p2a: Azurite|Explosion|p1a: Sneasler\n|-enditem|p2a: Azurite|Normal Gem|[from] gem\n|-damage|p1a: Sneasler|0 fnt\n|faint|p2a: Azurite\n|faint|p1a: Sneasler\n|\n|-weather|Sandstorm|[upkeep]\n|upkeep\n|\n|t:|1700146613\n|switch|p1a: \u9b3c\u65af|Cloyster, M|100\/100\n|switch|p2a: Slattern|Garchomp, M, shiny|100\/100\n|turn|4\n|\n|t:|1700146620\n|detailschange|p2a: Slattern|Garchomp-Mega, M, shiny\n|-mega|p2a: Slattern|Garchomp|Garchompite\n|move|p2a: Slattern|Earthquake|p1a: \u9b3c\u65af\n|-damage|p1a: \u9b3c\u65af|20\/100\n|move|p1a: \u9b3c\u65af|Shell Smash|p1a: \u9b3c\u65af\n|-unboost|p1a: \u9b3c\u65af|def|1\n|-unboost|p1a: \u9b3c\u65af|spd|1\n|-boost|p1a: \u9b3c\u65af|atk|2\n|-boost|p1a: \u9b3c\u65af|spa|2\n|-boost|p1a: \u9b3c\u65af|spe|2\n|\n|-weather|Sandstorm|[upkeep]\n|-damage|p1a: \u9b3c\u65af|14\/100|[from] Sandstorm\n|upkeep\n|turn|5\n|\n|t:|1700146635\n|move|p1a: \u9b3c\u65af|Icicle Spear|p2a: Slattern\n|-supereffective|p2a: Slattern\n|-damage|p2a: Slattern|20\/100\n|-supereffective|p2a: Slattern\n|-damage|p2a: Slattern|0 fnt\n|faint|p2a: Slattern\n|-hitcount|p2: Slattern|2\n|\n|-weather|Sandstorm|[upkeep]\n|-damage|p1a: \u9b3c\u65af|8\/100|[from] Sandstorm\n|upkeep\n|\n|t:|1700146638\n|switch|p2a: Moltres|Moltres, shiny|81\/100\n|turn|6\n|\n|t:|1700146645\n|-terastallize|p1a: \u9b3c\u65af|Ice\n|move|p1a: \u9b3c\u65af|Icicle Spear|p2a: Moltres\n|-damage|p2a: Moltres|49\/100\n|-damage|p2a: Moltres|18\/100\n|-damage|p2a: Moltres|0 fnt\n|faint|p2a: Moltres\n|-hitcount|p2: Moltres|3\n|\n|-weather|none\n|upkeep\n|\n|t:|1700146649\n|switch|p2a: Iwajira|Tyranitar, F, shiny|100\/100\n|-weather|Sandstorm|[from] ability: Sand Stream|[of] p2a: Iwajira\n|turn|7\n|\n|t:|1700146656\n|move|p1a: \u9b3c\u65af|Icicle Spear|p2a: Iwajira\n|-crit|p2a: Iwajira\n|-damage|p2a: Iwajira|65\/100\n|-damage|p2a: Iwajira|44\/100\n|-crit|p2a: Iwajira\n|-damage|p2a: Iwajira|10\/100\n|-damage|p2a: Iwajira|0 fnt\n|faint|p2a: Iwajira\n|-hitcount|p2: Iwajira|4\n|\n|-weather|Sandstorm|[upkeep]\n|-damage|p1a: \u9b3c\u65af|2\/100|[from] Sandstorm\n|upkeep\n|\n|t:|1700146665\n|switch|p2a: Myosotis|Serperior, M, shiny|100\/100\n|turn|8\n|\n|t:|1700146669\n|move|p1a: \u9b3c\u65af|Icicle Spear|p2a: Myosotis\n|-supereffective|p2a: Myosotis\n|-damage|p2a: Myosotis|27\/100\n|-supereffective|p2a: Myosotis\n|-damage|p2a: Myosotis|0 fnt\n|faint|p2a: Myosotis\n|-hitcount|p2: Myosotis|2\n|\n|-weather|Sandstorm|[upkeep]\n|-damage|p1a: \u9b3c\u65af|0 fnt|[from] Sandstorm\n|faint|p1a: \u9b3c\u65af\n|upkeep\n|\n|t:|1700146677\n|switch|p2a: Zyglak|Dracozolt|100\/100\n|switch|p1a: \u56e1\u56e1|Umbreon, F|100\/100\n|turn|9\n|\n|t:|1700146680\n|-terastallize|p2a: Zyglak|Electric\n|move|p2a: Zyglak|Bolt Beak|p1a: \u56e1\u56e1\n|-damage|p1a: \u56e1\u56e1|21\/100\n|-damage|p2a: Zyglak|91\/100|[from] item: Life Orb\n|move|p1a: \u56e1\u56e1|Foul Play|p2a: Zyglak\n|-damage|p2a: Zyglak|37\/100\n|\n|-weather|Sandstorm|[upkeep]\n|-damage|p1a: \u56e1\u56e1|15\/100|[from] Sandstorm\n|-heal|p1a: \u56e1\u56e1|21\/100|[from] item: Leftovers\n|upkeep\n|turn|10\n|\n|t:|1700146687\n|move|p1a: \u56e1\u56e1|Protect|p1a: \u56e1\u56e1\n|-singleturn|p1a: \u56e1\u56e1|Protect\n|move|p2a: Zyglak|Outrage|p1a: \u56e1\u56e1\n|-activate|p1a: \u56e1\u56e1|move: Protect\n|\n|-weather|Sandstorm|[upkeep]\n|-damage|p1a: \u56e1\u56e1|15\/100|[from] Sandstorm\n|-heal|p1a: \u56e1\u56e1|21\/100|[from] item: Leftovers\n|upkeep\n|turn|11\n|\n|t:|1700146690\n|switch|p1a: Thundurus|Thundurus-Therian, M|100\/100\n|move|p2a: Zyglak|Bolt Beak|p1a: Thundurus\n|-immune|p1a: Thundurus|[from] ability: Volt Absorb\n|\n|-weather|Sandstorm|[upkeep]\n|-damage|p1a: Thundurus|94\/100|[from] Sandstorm\n|upkeep\n|turn|12\n|\n|t:|1700146693\n|switch|p1a: Forretress|Forretress, M|100\/100\n|move|p2a: Zyglak|Outrage|p1a: Forretress\n|-resisted|p1a: Forretress\n|-damage|p1a: Forretress|77\/100\n|-damage|p2a: Zyglak|21\/100|[from] item: Rocky Helmet|[of] p1a: Forretress\n|-damage|p2a: Zyglak|11\/100|[from] item: Life Orb\n|\n|-weather|Sandstorm|[upkeep]\n|upkeep\n|turn|13\n|-message|i like serperior forfeited.\n|\n|win|as cheu\n|raw|as cheu's rating: 1522 &rarr; <strong>1549<\/strong><br \/>(+27 for winning)\n|raw|i like serperior's rating: 1651 &rarr; <strong>1624<\/strong><br \/>(-27 for losing)\n|l|\u2606i like serperior\n","uploadtime":1700146703,"views":12,"p1id":"ascheu","p2id":"ilikeserperior","formatid":"gen9nationaldex","rating":1549,"private":0,"password":""}