{"id":"gen9nationaldex-1994324404","p1":"Leviatan4","p2":"lolowtf09","format":"[Gen 9] National Dex","log":"|j|\u2606Leviatan4\n|j|\u2606lolowtf09\n|t:|1700431184\n|gametype|singles\n|player|p1|Leviatan4|scientist-gen4dp|\n|player|p2|lolowtf09|burgh|\n|teamsize|p1|6\n|teamsize|p2|6\n|gen|9\n|tier|[Gen 9] National Dex\n|rule|HP Percentage Mod: HP is shown in percentages\n|rule|Endless Battle Clause: Forcing endless battles is banned\n|rule|OHKO Clause: OHKO moves are banned\n|rule|Evasion Clause: Evasion abilities, items, and moves are banned\n|rule|Evasion Abilities Clause: Evasion abilities are banned\n|rule|Evasion Items Clause: Evasion items are banned\n|rule|Evasion Moves Clause: Evasion moves are banned\n|rule|Species Clause: Limit one of each Pok\u00e9mon\n|rule|Sleep Clause Mod: Limit one foe put to sleep\n|clearpoke\n|poke|p1|Scizor, F|\n|poke|p1|Lokix, M|\n|poke|p1|Volcarona, F|\n|poke|p1|Forretress, F|\n|poke|p1|Heracross, F|\n|poke|p1|Yanmega, F|\n|poke|p2|Dipplin, F|\n|poke|p2|Forretress, M|\n|poke|p2|Pinsir, F|\n|poke|p2|Heracross, M|\n|poke|p2|Rabsca, F|\n|poke|p2|Galvantula, F|\n|teampreview\n|c|\u2606Leviatan4|Hola\n|c|\u2606lolowtf09|oh\n|c|\u2606lolowtf09|me copias?\n|c|\u2606Leviatan4|SIp\n|c|\u2606lolowtf09|usaste este team contra fabrizio?\n|c|\u2606Leviatan4|Sip\n|c|\u2606Leviatan4|Y contra Junko y Gamer\n|c|\u2606lolowtf09|wow\n|\n|t:|1700431266\n|start\n|switch|p1a: Flash|Lokix, M|100\/100\n|switch|p2a: ManoloPajitas|Forretress, M|100\/100\n|turn|1\n|c|\u2606lolowtf09|vas ganar con bichos?yo tambien lo hice en su momento\n|\n|t:|1700431277\n|move|p1a: Flash|U-turn|p2a: ManoloPajitas\n|-resisted|p2a: ManoloPajitas\n|-damage|p2a: ManoloPajitas|78\/100\n|-damage|p1a: Flash|84\/100|[from] item: Rocky Helmet|[of] p2a: ManoloPajitas\n|-damage|p1a: Flash|74\/100|[from] item: Life Orb\n|c|\u2606Leviatan4|Voy a intentar\n|\n|t:|1700431294\n|switch|p1a: Cannonball|Forretress, F|100\/100|[from] U-turn\n|move|p2a: ManoloPajitas|Stealth Rock|p1a: Cannonball\n|-sidestart|p1: Leviatan4|move: Stealth Rock\n|\n|upkeep\n|turn|2\n|\n|t:|1700431314\n|move|p1a: Cannonball|Rapid Spin|p2a: ManoloPajitas\n|-resisted|p2a: ManoloPajitas\n|-damage|p2a: ManoloPajitas|74\/100\n|-boost|p1a: Cannonball|spe|1\n|-damage|p1a: Cannonball|84\/100|[from] item: Rocky Helmet|[of] p2a: ManoloPajitas\n|-sideend|p1: Leviatan4|Stealth Rock|[from] move: Rapid Spin|[of] p1a: Cannonball\n|move|p2a: ManoloPajitas|Volt Switch|p1a: Cannonball\n|-damage|p1a: Cannonball|68\/100\n|\n|t:|1700431320\n|switch|p2a: \u00d1ami|Pinsir, F|100\/100|[from] Volt Switch\n|\n|upkeep\n|turn|3\n|\n|t:|1700431332\n|detailschange|p2a: \u00d1ami|Pinsir-Mega, F\n|-mega|p2a: \u00d1ami|Pinsir|Pinsirite\n|move|p2a: \u00d1ami|Swords Dance|p2a: \u00d1ami\n|-boost|p2a: \u00d1ami|atk|2\n|move|p1a: Cannonball|Spikes|p2a: \u00d1ami\n|-sidestart|p2: lolowtf09|Spikes\n|\n|upkeep\n|turn|4\n|\n|t:|1700431360\n|move|p2a: \u00d1ami|Swords Dance|p2a: \u00d1ami\n|-boost|p2a: \u00d1ami|atk|2\n|move|p1a: Cannonball|Spikes|p2a: \u00d1ami\n|-sidestart|p2: lolowtf09|Spikes\n|\n|upkeep\n|turn|5\n|\n|t:|1700431368\n|move|p2a: \u00d1ami|Frustration|p1a: Cannonball\n|-damage|p1a: Cannonball|0 fnt\n|faint|p1a: Cannonball\n|\n|upkeep\n|\n|t:|1700431388\n|switch|p1a: Flash|Lokix, M|74\/100\n|turn|6\n|\n|t:|1700431392\n|move|p1a: Flash|First Impression|p2a: \u00d1ami\n|-resisted|p2a: \u00d1ami\n|-damage|p2a: \u00d1ami|45\/100\n|-damage|p1a: Flash|64\/100|[from] item: Life Orb\n|move|p2a: \u00d1ami|Quick Attack|p1a: Flash\n|-supereffective|p1a: Flash\n|-damage|p1a: Flash|0 fnt\n|faint|p1a: Flash\n|\n|upkeep\n|\n|t:|1700431410\n|switch|p1a: Yanmega|Yanmega, F|100\/100\n|turn|7\n|\n|t:|1700431417\n|move|p2a: \u00d1ami|Quick Attack|p1a: Yanmega\n|-supereffective|p1a: Yanmega\n|-damage|p1a: Yanmega|0 fnt\n|faint|p1a: Yanmega\n|\n|upkeep\n|\n|t:|1700431441\n|switch|p1a: New One|Scizor, F|100\/100\n|turn|8\n|\n|t:|1700431457\n|detailschange|p1a: New One|Scizor-Mega, F\n|-mega|p1a: New One|Scizor|Scizorite\n|move|p2a: \u00d1ami|Quick Attack|p1a: New One\n|-damage|p1a: New One|37\/100\n|move|p1a: New One|Bullet Punch|p2a: \u00d1ami\n|-damage|p2a: \u00d1ami|7\/100\n|\n|upkeep\n|turn|9\n|\n|t:|1700431467\n|move|p2a: \u00d1ami|Quick Attack|p1a: New One\n|-damage|p1a: New One|0 fnt\n|faint|p1a: New One\n|\n|upkeep\n|c|\u2606Leviatan4|:\/\n|\n|t:|1700431487\n|switch|p1a: Strength|Heracross, F|100\/100\n|turn|10\n|\n|t:|1700431504\n|move|p2a: \u00d1ami|Quick Attack|p1a: Strength\n|-supereffective|p1a: Strength\n|-damage|p1a: Strength|0 fnt\n|faint|p1a: Strength\n|\n|upkeep\n|\n|t:|1700431511\n|switch|p1a: Ra|Volcarona, F, shiny|100\/100\n|turn|11\n|c|\u2606lolowtf09|ops\n|c|\u2606lolowtf09|6-0?\n|\n|t:|1700431527\n|-terastallize|p1a: Ra|Ground\n|move|p2a: \u00d1ami|Quick Attack|p1a: Ra\n|-damage|p1a: Ra|0 fnt\n|-status|p2a: \u00d1ami|brn|[from] ability: Flame Body|[of] p1a: Ra\n|faint|p1a: Ra\n|\n|win|lolowtf09\n|c|\u2606Leviatan4|:(\n|c|\u2606Leviatan4|gg\n|c|\u2606lolowtf09|gg\n","uploadtime":1700431556,"views":8,"p1id":"leviatan4","p2id":"lolowtf09","formatid":"gen9nationaldex","rating":0,"private":0,"password":""}