{"id":"gen9nationaldex-2000123590","p1":"kupkoko","p2":"bignutta","format":"[Gen 9] National Dex","log":"|html|<div class=\"broadcast-blue\"><strong>[Gen 9] National Dex is currently suspecting Sneasler! For information on how to participate check out the <a href=\"https:\/\/www.smogon.com\/forums\/threads\/sv-national-dex-suspect-8-just-dance.3731534\/\">suspect thread<\/a>.<\/strong><\/div>\n|j|\u2606kupkoko\n|j|\u2606bignutta\n|t:|1701159072\n|gametype|singles\n|player|p1|kupkoko|hoopster|1219\n|player|p2|bignutta|brycenman|1063\n|teamsize|p1|6\n|teamsize|p2|6\n|gen|9\n|tier|[Gen 9] National Dex\n|rated|\n|rule|HP Percentage Mod: HP is shown in percentages\n|rule|Endless Battle Clause: Forcing endless battles is banned\n|rule|OHKO Clause: OHKO moves are banned\n|rule|Evasion Clause: Evasion abilities, items, and moves are banned\n|rule|Evasion Abilities Clause: Evasion abilities are banned\n|rule|Evasion Items Clause: Evasion items are banned\n|rule|Evasion Moves Clause: Evasion moves are banned\n|rule|Species Clause: Limit one of each Pok\u00e9mon\n|rule|Sleep Clause Mod: Limit one foe put to sleep\n|clearpoke\n|poke|p1|Golem-Alola, M|\n|poke|p1|Garganacl, M|\n|poke|p1|Glalie, F|\n|poke|p1|Pawmot, F|\n|poke|p1|Dragonite, M|\n|poke|p1|Weezing-Galar, M|\n|poke|p2|Galvantula, F|\n|poke|p2|Diggersby, M|\n|poke|p2|Lycanroc-Dusk, F|\n|poke|p2|Mawile, M|\n|poke|p2|Clawitzer, F|\n|poke|p2|Dracozolt|\n|teampreview\n|inactive|Battle timer is ON: inactive players will automatically lose when time's up. (requested by bignutta)\n|\n|t:|1701159100\n|start\n|switch|p1a: Golem|Golem-Alola, M|100\/100\n|switch|p2a: Galvantula|Galvantula, F, shiny|100\/100\n|turn|1\n|\n|t:|1701159115\n|move|p2a: Galvantula|Sticky Web|p1a: Golem\n|-sidestart|p1: kupkoko|move: Sticky Web\n|move|p1a: Golem|Stealth Rock|p2a: Galvantula\n|-sidestart|p2: bignutta|move: Stealth Rock\n|\n|upkeep\n|turn|2\n|\n|t:|1701159127\n|switch|p2a: Mawile|Mawile, M|100\/100\n|-damage|p2a: Mawile|95\/100|[from] Stealth Rock\n|-ability|p2a: Mawile|Intimidate|boost\n|-unboost|p1a: Golem|atk|1\n|move|p1a: Golem|Earthquake|p2a: Mawile\n|-supereffective|p2a: Mawile\n|-damage|p2a: Mawile|36\/100\n|\n|upkeep\n|turn|3\n|\n|t:|1701159145\n|detailschange|p2a: Mawile|Mawile-Mega, M\n|-mega|p2a: Mawile|Mawile|Mawilite\n|move|p2a: Mawile|Iron Head|p1a: Golem\n|-damage|p1a: Golem|39\/100\n|move|p1a: Golem|Earthquake|p2a: Mawile\n|-supereffective|p2a: Mawile\n|-damage|p2a: Mawile|0 fnt\n|faint|p2a: Mawile\n|\n|upkeep\n|\n|t:|1701159158\n|switch|p2a: Diggersby|Diggersby, M, shiny|100\/100\n|-damage|p2a: Diggersby|94\/100|[from] Stealth Rock\n|turn|4\n|\n|t:|1701159171\n|switch|p1a: Dragonite|Dragonite, M|100\/100\n|move|p2a: Diggersby|Earthquake|p1a: Dragonite\n|-immune|p1a: Dragonite\n|\n|upkeep\n|turn|5\n|\n|t:|1701159191\n|-terastallize|p2a: Diggersby|Ghost\n|move|p1a: Dragonite|Curse|p1a: Dragonite\n|-unboost|p1a: Dragonite|spe|1\n|-boost|p1a: Dragonite|atk|1\n|-boost|p1a: Dragonite|def|1\n|move|p2a: Diggersby|Substitute|p2a: Diggersby\n|-start|p2a: Diggersby|Substitute\n|-damage|p2a: Diggersby|69\/100\n|\n|upkeep\n|turn|6\n|\n|t:|1701159202\n|move|p2a: Diggersby|Swords Dance|p2a: Diggersby\n|-boost|p2a: Diggersby|atk|2\n|move|p1a: Dragonite|Earthquake|p2a: Diggersby\n|-end|p2a: Diggersby|Substitute\n|\n|upkeep\n|turn|7\n|\n|t:|1701159216\n|move|p2a: Diggersby|Return|p1a: Dragonite\n|-damage|p1a: Dragonite|57\/100\n|move|p1a: Dragonite|Earthquake|p2a: Diggersby\n|-damage|p2a: Diggersby|8\/100\n|-enditem|p2a: Diggersby|Aguav Berry|[eat]\n|-heal|p2a: Diggersby|41\/100|[from] item: Aguav Berry\n|\n|upkeep\n|turn|8\n|\n|t:|1701159241\n|move|p2a: Diggersby|Return|p1a: Dragonite\n|-damage|p1a: Dragonite|0 fnt\n|faint|p1a: Dragonite\n|\n|upkeep\n|\n|t:|1701159246\n|switch|p1a: Golem|Golem-Alola, M|39\/100\n|-activate|p1a: Golem|move: Sticky Web\n|-unboost|p1a: Golem|spe|1\n|turn|9\n|\n|t:|1701159255\n|move|p1a: Golem|Endure|p1a: Golem\n|-singleturn|p1a: Golem|move: Endure\n|move|p2a: Diggersby|Earthquake|p1a: Golem\n|-supereffective|p1a: Golem\n|-activate|p1a: Golem|move: Endure\n|-damage|p1a: Golem|1\/100\n|\n|upkeep\n|turn|10\n|-enditem|p1a: Golem|Custap Berry|[eat]\n|-activate|p1a: Golem|item: Custap Berry|[consumed]\n|\n|t:|1701159266\n|move|p1a: Golem|Explosion|p2a: Diggersby\n|-damage|p2a: Diggersby|0 fnt\n|faint|p1a: Golem\n|faint|p2a: Diggersby\n|\n|upkeep\n|\n|t:|1701159291\n|switch|p2a: Galvantula|Galvantula, F, shiny|100\/100\n|switch|p1a: Weezing|Weezing-Galar, M|100\/100\n|-damage|p2a: Galvantula|76\/100|[from] Stealth Rock\n|-activate|p1a: Weezing|move: Sticky Web\n|-unboost|p1a: Weezing|spe|1\n|-fieldstart|move: Misty Terrain|[from] ability: Misty Surge|[of] p1a: Weezing\n|turn|11\n|\n|t:|1701159302\n|move|p2a: Galvantula|Thunder|p1a: Weezing\n|-damage|p1a: Weezing|10\/100\n|move|p1a: Weezing|Misty Explosion|p2a: Galvantula\n|-damage|p2a: Galvantula|0 fnt\n|faint|p1a: Weezing\n|faint|p2a: Galvantula\n|\n|upkeep\n|\n|t:|1701159325\n|switch|p2a: Clawitzer|Clawitzer, F|100\/100\n|switch|p1a: Glalie|Glalie, F|100\/100\n|-activate|p1a: Glalie|move: Sticky Web\n|-unboost|p1a: Glalie|spe|1\n|-damage|p2a: Clawitzer|88\/100|[from] Stealth Rock\n|turn|12\n|\n|t:|1701159336\n|detailschange|p1a: Glalie|Glalie-Mega, F\n|-mega|p1a: Glalie|Glalie|Glalitite\n|move|p1a: Glalie|Freeze-Dry|p2a: Clawitzer\n|-supereffective|p2a: Clawitzer\n|-damage|p2a: Clawitzer|25\/100\n|move|p2a: Clawitzer|Aura Sphere|p1a: Glalie\n|-supereffective|p1a: Glalie\n|-damage|p1a: Glalie|0 fnt\n|faint|p1a: Glalie\n|\n|upkeep\n|\n|t:|1701159353\n|switch|p1a: Pawmot|Pawmot, F|100\/100\n|-activate|p1a: Pawmot|move: Sticky Web\n|-unboost|p1a: Pawmot|spe|1\n|turn|13\n|inactive|kupkoko has 120 seconds left.\n|\n|t:|1701159377\n|move|p1a: Pawmot|Double Shock|p2a: Clawitzer\n|-supereffective|p2a: Clawitzer\n|-damage|p2a: Clawitzer|0 fnt\n|-start|p1a: Pawmot|typechange|???\/Fighting|[from] move: Double Shock\n|faint|p2a: Clawitzer\n|\n|upkeep\n|\n|t:|1701159384\n|switch|p2a: Dracozolt|Dracozolt|100\/100\n|-damage|p2a: Dracozolt|88\/100|[from] Stealth Rock\n|turn|14\n|inactive|kupkoko has 120 seconds left.\n|\n|t:|1701159417\n|move|p2a: Dracozolt|Bolt Beak|p1a: Pawmot\n|-enditem|p1a: Pawmot|Focus Sash\n|-damage|p1a: Pawmot|1\/100\n|move|p1a: Pawmot|Revival Blessing|p1a: Pawmot\n|\n|t:|1701159424\n|-heal|p1: Dragonite|50\/100|[from] move: Revival Blessing\n|\n|upkeep\n|turn|15\n|\n|t:|1701159431\n|move|p2a: Dracozolt|Bolt Beak|p1a: Pawmot\n|-damage|p1a: Pawmot|0 fnt\n|faint|p1a: Pawmot\n|\n|-fieldend|Misty Terrain\n|upkeep\n|inactive|kupkoko has 90 seconds left.\n|\n|t:|1701159453\n|switch|p1a: Dragonite|Dragonite, M|50\/100\n|turn|16\n|\n|t:|1701159462\n|-terastallize|p1a: Dragonite|Normal\n|move|p1a: Dragonite|Extreme Speed|p2a: Dracozolt\n|-damage|p2a: Dracozolt|30\/100\n|move|p2a: Dracozolt|Bolt Beak|p1a: Dragonite\n|-damage|p1a: Dragonite|0 fnt\n|faint|p1a: Dragonite\n|\n|upkeep\n|\n|t:|1701159467\n|switch|p1a: Garganacl|Garganacl, M|100\/100\n|-activate|p1a: Garganacl|move: Sticky Web\n|-unboost|p1a: Garganacl|spe|1\n|turn|17\n|\n|t:|1701159478\n|move|p2a: Dracozolt|Bolt Beak|p1a: Garganacl\n|-damage|p1a: Garganacl|39\/100\n|move|p1a: Garganacl|Salt Cure|p2a: Dracozolt\n|-damage|p2a: Dracozolt|14\/100\n|-start|p2a: Dracozolt|Salt Cure\n|\n|-heal|p1a: Garganacl|45\/100|[from] item: Leftovers\n|-damage|p2a: Dracozolt|1\/100|[from] Salt Cure\n|upkeep\n|turn|18\n|\n|t:|1701159488\n|move|p1a: Garganacl|Protect|p1a: Garganacl\n|-singleturn|p1a: Garganacl|Protect\n|move|p2a: Dracozolt|Bolt Beak|p1a: Garganacl\n|-activate|p1a: Garganacl|move: Protect\n|\n|-heal|p1a: Garganacl|51\/100|[from] item: Leftovers\n|-damage|p2a: Dracozolt|0 fnt|[from] Salt Cure\n|faint|p2a: Dracozolt\n|upkeep\n|\n|t:|1701159498\n|switch|p2a: Lycanroc|Lycanroc-Dusk, F|100\/100\n|-damage|p2a: Lycanroc|88\/100|[from] Stealth Rock\n|turn|19\n|\n|t:|1701159505\n|move|p2a: Lycanroc|Iron Head|p1a: Garganacl\n|-supereffective|p1a: Garganacl\n|-damage|p1a: Garganacl|0 fnt\n|faint|p1a: Garganacl\n|\n|win|bignutta\n|raw|kupkoko's rating: 1219 &rarr; <strong>1183<\/strong><br \/>(-36 for losing)\n|raw|bignutta's rating: 1063 &rarr; <strong>1106<\/strong><br \/>(+43 for winning)\n|l|\u2606bignutta\n","uploadtime":1701159512,"views":1,"p1id":"kupkoko","p2id":"bignutta","formatid":"gen9nationaldex","rating":1106,"private":0,"password":""}