{"id":"gen9nationaldex-1993941496","p1":"MMQZA7","p2":"Nomer16","format":"[Gen 9] National Dex","log":"|j|\u2606MMQZA7\n|j|\u2606Nomer16\n|t:|1700379525\n|gametype|singles\n|player|p1|MMQZA7|170|1642\n|player|p2|Nomer16|gentleman-gen4|1765\n|teamsize|p1|6\n|teamsize|p2|6\n|gen|9\n|tier|[Gen 9] National Dex\n|rated|\n|rule|HP Percentage Mod: HP is shown in percentages\n|rule|Endless Battle Clause: Forcing endless battles is banned\n|rule|OHKO Clause: OHKO moves are banned\n|rule|Evasion Clause: Evasion abilities, items, and moves are banned\n|rule|Evasion Abilities Clause: Evasion abilities are banned\n|rule|Evasion Items Clause: Evasion items are banned\n|rule|Evasion Moves Clause: Evasion moves are banned\n|rule|Species Clause: Limit one of each Pok\u00e9mon\n|rule|Sleep Clause Mod: Limit one foe put to sleep\n|clearpoke\n|poke|p1|Swellow, M|\n|poke|p1|Banette, M|\n|poke|p1|Urshifu-*, M|\n|poke|p1|Corviknight, M|\n|poke|p1|Clodsire, F|\n|poke|p1|Magnezone|\n|poke|p2|Umbreon, F|\n|poke|p2|Volcarona, F|\n|poke|p2|Serperior, F|\n|poke|p2|Lopunny, M|\n|poke|p2|Corviknight, M|\n|poke|p2|Gliscor, M|\n|teampreview\n|\n|t:|1700379552\n|start\n|switch|p1a: Urshifu|Urshifu-Rapid-Strike, M|100\/100\n|switch|p2a: Bonnie|Lopunny, M|100\/100\n|turn|1\n|\n|t:|1700379557\n|detailschange|p2a: Bonnie|Lopunny-Mega, M\n|-mega|p2a: Bonnie|Lopunny|Lopunnite\n|move|p2a: Bonnie|Fake Out|p1a: Urshifu\n|-damage|p1a: Urshifu|78\/100\n|cant|p1a: Urshifu|flinch\n|\n|upkeep\n|turn|2\n|\n|t:|1700379560\n|switch|p2a: Silver|Corviknight, M|100\/100\n|-ability|p2a: Silver|Pressure\n|move|p1a: Urshifu|U-turn|p2a: Silver\n|-resisted|p2a: Silver\n|-damage|p2a: Silver|97\/100\n|-damage|p1a: Urshifu|61\/100|[from] item: Rocky Helmet|[of] p2a: Silver\n|\n|t:|1700379563\n|switch|p1a: Magnezone|Magnezone|100\/100|[from] U-turn\n|\n|upkeep\n|turn|3\n|\n|t:|1700379568\n|move|p1a: Magnezone|Thunderbolt|p2a: Silver\n|-supereffective|p2a: Silver\n|-damage|p2a: Silver|11\/100\n|move|p2a: Silver|Body Press|p1a: Magnezone\n|-supereffective|p1a: Magnezone\n|-damage|p1a: Magnezone|52\/100\n|\n|upkeep\n|turn|4\n|\n|t:|1700379573\n|move|p1a: Magnezone|Thunderbolt|p2a: Silver\n|-supereffective|p2a: Silver\n|-crit|p2a: Silver\n|-damage|p2a: Silver|0 fnt\n|faint|p2a: Silver\n|\n|upkeep\n|\n|t:|1700379577\n|switch|p2a: Joker|Gliscor, M|100\/100\n|turn|5\n|\n|t:|1700379582\n|switch|p1a: Corviknight|Corviknight, M|100\/100\n|-ability|p1a: Corviknight|Pressure\n|switch|p2a: Sunny|Volcarona, F|100\/100\n|\n|upkeep\n|turn|6\n|\n|t:|1700379587\n|switch|p1a: Clodsire|Clodsire, F|100\/100\n|move|p2a: Sunny|Flamethrower|p1a: Clodsire\n|-damage|p1a: Clodsire|73\/100\n|\n|-heal|p1a: Clodsire|79\/100|[from] item: Leftovers\n|upkeep\n|turn|7\n|\n|t:|1700379595\n|switch|p2a: Joker|Gliscor, M|100\/100\n|move|p1a: Clodsire|Stealth Rock|p2a: Joker\n|-sidestart|p2: Nomer16|move: Stealth Rock\n|\n|-heal|p1a: Clodsire|86\/100|[from] item: Leftovers\n|-status|p2a: Joker|tox|[from] item: Toxic Orb\n|upkeep\n|turn|8\n|l|\u2606MMQZA7\n|player|p1|\n|j|\u2606MMQZA7\n|player|p1|MMQZA7|170\n|inactive|Battle timer is ON: inactive players will automatically lose when time's up. (requested by Nomer16)\n|\n|t:|1700379658\n|switch|p1a: Banette|Banette, M|100\/100\n|-item|p2a: Joker|Toxic Orb|[from] ability: Frisk|[of] p1a: Banette|[identify]\n|move|p2a: Joker|Defog|p1a: Banette\n|-unboost|p1a: Banette|evasion|1\n|-sideend|p2: Nomer16|Stealth Rock|[from] move: Defog|[of] p2a: Joker\n|\n|upkeep\n|turn|9\n|\n|t:|1700379672\n|switch|p2a: Evangelyna|Umbreon, F|100\/100\n|detailschange|p1a: Banette|Banette-Mega, M\n|-mega|p1a: Banette|Banette|Banettite\n|move|p1a: Banette|Encore|p2a: Evangelyna\n|-hint|Since gen 7, Dark is immune to Prankster moves.\n|-immune|p2a: Evangelyna\n|\n|upkeep\n|turn|10\n|\n|t:|1700379683\n|switch|p1a: Corviknight|Corviknight, M|100\/100\n|-ability|p1a: Corviknight|Pressure\n|move|p2a: Evangelyna|Toxic|p1a: Corviknight\n|-immune|p1a: Corviknight\n|\n|upkeep\n|turn|11\n|\n|t:|1700379690\n|switch|p2a: Sunny|Volcarona, F|100\/100\n|move|p1a: Corviknight|U-turn|p2a: Sunny\n|-resisted|p2a: Sunny\n|-damage|p2a: Sunny|90\/100\n|\n|t:|1700379713\n|switch|p1a: Clodsire|Clodsire, F|86\/100|[from] U-turn\n|\n|-heal|p1a: Clodsire|92\/100|[from] item: Leftovers\n|upkeep\n|turn|12\n|\n|t:|1700379722\n|switch|p2a: Joker|Gliscor, M|100\/100 tox\n|move|p1a: Clodsire|Stealth Rock|p2a: Joker\n|-sidestart|p2: Nomer16|move: Stealth Rock\n|\n|-heal|p1a: Clodsire|98\/100|[from] item: Leftovers\n|upkeep\n|turn|13\n|\n|t:|1700379740\n|switch|p1a: Corviknight|Corviknight, M|100\/100\n|-ability|p1a: Corviknight|Pressure\n|move|p2a: Joker|Defog|p1a: Corviknight\n|-unboost|p1a: Corviknight|evasion|1\n|-sideend|p2: Nomer16|Stealth Rock|[from] move: Defog|[of] p2a: Joker\n|\n|upkeep\n|turn|14\n|\n|t:|1700379745\n|switch|p2a: Sunny|Volcarona, F|90\/100\n|move|p1a: Corviknight|U-turn|p2a: Sunny\n|-resisted|p2a: Sunny\n|-damage|p2a: Sunny|80\/100\n|\n|t:|1700379761\n|switch|p1a: Banette|Banette-Mega, M|100\/100|[from] U-turn\n|\n|upkeep\n|turn|15\n|\n|t:|1700379766\n|switch|p2a: Bonnie|Lopunny-Mega, M|100\/100\n|move|p1a: Banette|Poltergeist|p2a: Bonnie\n|-immune|p2a: Bonnie\n|\n|upkeep\n|turn|16\n|\n|t:|1700379774\n|switch|p1a: Corviknight|Corviknight, M|100\/100\n|-ability|p1a: Corviknight|Pressure\n|move|p2a: Bonnie|Close Combat|p1a: Corviknight\n|-damage|p1a: Corviknight|63\/100\n|-unboost|p2a: Bonnie|def|1\n|-unboost|p2a: Bonnie|spd|1\n|-damage|p2a: Bonnie|84\/100|[from] item: Rocky Helmet|[of] p1a: Corviknight\n|\n|upkeep\n|turn|17\n|\n|t:|1700379787\n|switch|p2a: Joker|Gliscor, M|100\/100 tox\n|move|p1a: Corviknight|U-turn|p2a: Joker\n|-resisted|p2a: Joker\n|-damage|p2a: Joker|95\/100 tox\n|inactive|MMQZA7 has 120 seconds left.\n|\n|t:|1700379818\n|switch|p1a: Urshifu|Urshifu-Rapid-Strike, M|61\/100|[from] U-turn\n|\n|-heal|p2a: Joker|100\/100 tox|[from] ability: Poison Heal\n|upkeep\n|turn|18\n|\n|t:|1700379823\n|switch|p2a: Evangelyna|Umbreon, F|100\/100\n|move|p1a: Urshifu|U-turn|p2a: Evangelyna\n|-supereffective|p2a: Evangelyna\n|-damage|p2a: Evangelyna|69\/100\n|\n|t:|1700379831\n|switch|p1a: Corviknight|Corviknight, M|63\/100|[from] U-turn\n|-ability|p1a: Corviknight|Pressure\n|\n|-heal|p2a: Evangelyna|75\/100|[from] item: Leftovers\n|upkeep\n|turn|19\n|\n|t:|1700379837\n|move|p1a: Corviknight|Roost|p1a: Corviknight\n|-heal|p1a: Corviknight|100\/100\n|-singleturn|p1a: Corviknight|move: Roost\n|move|p2a: Evangelyna|Wish|p2a: Evangelyna\n|\n|-heal|p2a: Evangelyna|81\/100|[from] item: Leftovers\n|upkeep\n|turn|20\n|\n|t:|1700379849\n|move|p1a: Corviknight|U-turn|p2a: Evangelyna\n|-supereffective|p2a: Evangelyna\n|-damage|p2a: Evangelyna|63\/100\n|\n|t:|1700379863\n|switch|p1a: Magnezone|Magnezone|52\/100|[from] U-turn\n|move|p2a: Evangelyna|Foul Play|p1a: Magnezone\n|-damage|p1a: Magnezone|31\/100\n|\n|-heal|p2a: Evangelyna|100\/100|[from] move: Wish|[wisher] Evangelyna\n|upkeep\n|turn|21\n|\n|t:|1700379870\n|move|p2a: Evangelyna|Protect|p2a: Evangelyna\n|-singleturn|p2a: Evangelyna|Protect\n|move|p1a: Magnezone|Volt Switch|p2a: Evangelyna\n|-activate|p2a: Evangelyna|move: Protect\n|\n|upkeep\n|turn|22\n|\n|t:|1700379874\n|switch|p1a: Corviknight|Corviknight, M|100\/100\n|-ability|p1a: Corviknight|Pressure\n|switch|p2a: Joker|Gliscor, M|100\/100 tox\n|\n|upkeep\n|turn|23\n|\n|t:|1700379885\n|switch|p2a: Sunny|Volcarona, F|80\/100\n|move|p1a: Corviknight|U-turn|p2a: Sunny\n|-resisted|p2a: Sunny\n|-damage|p2a: Sunny|69\/100\n|\n|t:|1700379906\n|switch|p1a: Swellow|Swellow, M|100\/100|[from] U-turn\n|\n|upkeep\n|turn|24\n|\n|t:|1700379909\n|switch|p2a: Evangelyna|Umbreon, F|100\/100\n|-terastallize|p1a: Swellow|Normal\n|move|p1a: Swellow|Boomburst|p2a: Evangelyna\n|-damage|p2a: Evangelyna|35\/100\n|\n|-heal|p2a: Evangelyna|41\/100|[from] item: Leftovers\n|upkeep\n|turn|25\n|\n|t:|1700379915\n|move|p1a: Swellow|Boomburst|p2a: Evangelyna\n|-damage|p2a: Evangelyna|0 fnt\n|faint|p2a: Evangelyna\n|\n|upkeep\n|\n|t:|1700379917\n|switch|p2a: Bonnie|Lopunny-Mega, M|84\/100\n|turn|26\n|\n|t:|1700379921\n|switch|p1a: Corviknight|Corviknight, M|100\/100\n|-ability|p1a: Corviknight|Pressure\n|move|p2a: Bonnie|Close Combat|p1a: Corviknight\n|-damage|p1a: Corviknight|59\/100\n|-unboost|p2a: Bonnie|def|1\n|-unboost|p2a: Bonnie|spd|1\n|-damage|p2a: Bonnie|67\/100|[from] item: Rocky Helmet|[of] p1a: Corviknight\n|\n|upkeep\n|turn|27\n|\n|t:|1700379924\n|move|p2a: Bonnie|Close Combat|p1a: Corviknight\n|-damage|p1a: Corviknight|20\/100\n|-unboost|p2a: Bonnie|def|1\n|-unboost|p2a: Bonnie|spd|1\n|-damage|p2a: Bonnie|51\/100|[from] item: Rocky Helmet|[of] p1a: Corviknight\n|move|p1a: Corviknight|Roost|p1a: Corviknight\n|-heal|p1a: Corviknight|70\/100\n|-singleturn|p1a: Corviknight|move: Roost\n|\n|upkeep\n|turn|28\n|\n|t:|1700379929\n|switch|p2a: Sunny|Volcarona, F|69\/100\n|move|p1a: Corviknight|U-turn|p2a: Sunny\n|-resisted|p2a: Sunny\n|-damage|p2a: Sunny|58\/100\n|-message|Nomer16 forfeited.\n|\n|win|MMQZA7\n|raw|MMQZA7's rating: 1642 &rarr; <strong>1669<\/strong><br \/>(+27 for winning)\n|raw|Nomer16's rating: 1765 &rarr; <strong>1738<\/strong><br \/>(-27 for losing)\n|l|\u2606Nomer16\n","uploadtime":1700379950,"views":7,"p1id":"mmqza7","p2id":"nomer16","formatid":"gen9nationaldex","rating":1669,"private":0,"password":""}