{"id":"gen9nationaldex-2000480357","p1":"XLioneldoX","p2":"giplej345","format":"[Gen 9] National Dex","log":"|html|<div class=\"broadcast-blue\"><strong>[Gen 9] National Dex is currently suspecting Sneasler! For information on how to participate check out the <a href=\"https:\/\/www.smogon.com\/forums\/threads\/sv-national-dex-suspect-8-just-dance.3731534\/\">suspect thread<\/a>.<\/strong><\/div>\n|j|\u2606XLioneldoX\n|j|\u2606giplej345\n|t:|1701198343\n|gametype|singles\n|player|p1|XLioneldoX|170|1253\n|player|p2|giplej345|hilbert|1146\n|teamsize|p1|6\n|teamsize|p2|6\n|gen|9\n|tier|[Gen 9] National Dex\n|rated|\n|rule|HP Percentage Mod: HP is shown in percentages\n|rule|Endless Battle Clause: Forcing endless battles is banned\n|rule|OHKO Clause: OHKO moves are banned\n|rule|Evasion Clause: Evasion abilities, items, and moves are banned\n|rule|Evasion Abilities Clause: Evasion abilities are banned\n|rule|Evasion Items Clause: Evasion items are banned\n|rule|Evasion Moves Clause: Evasion moves are banned\n|rule|Species Clause: Limit one of each Pok\u00e9mon\n|rule|Sleep Clause Mod: Limit one foe put to sleep\n|clearpoke\n|poke|p1|Abomasnow, F|\n|poke|p1|Eiscue, F|\n|poke|p1|Slowking-Galar, M|\n|poke|p1|Arcanine, F|\n|poke|p1|Avalugg, F|\n|poke|p1|Cetitan, M|\n|poke|p2|Zoroark, M|\n|poke|p2|Lopunny, M|\n|poke|p2|Weavile, M|\n|poke|p2|Charizard, M|\n|poke|p2|Sneasler, M|\n|poke|p2|Haxorus, M|\n|teampreview\n|inactive|Battle timer is ON: inactive players will automatically lose when time's up. (requested by XLioneldoX)\n|\n|t:|1701198356\n|start\n|switch|p1a: Arcanine|Arcanine, F|100\/100\n|switch|p2a: Charizard|Charizard, M, shiny|100\/100\n|-ability|p1a: Arcanine|Intimidate|boost\n|-unboost|p2a: Charizard|atk|1\n|turn|1\n|\n|t:|1701198372\n|move|p1a: Arcanine|Extreme Speed|p2a: Charizard\n|-damage|p2a: Charizard|63\/100\n|move|p2a: Charizard|Ancient Power|p1a: Arcanine\n|-supereffective|p1a: Arcanine\n|-damage|p1a: Arcanine|49\/100\n|\n|upkeep\n|turn|2\n|\n|t:|1701198383\n|switch|p1a: Abomasnow|Abomasnow, F|100\/100\n|-weather|Snow|[from] ability: Snow Warning|[of] p1a: Abomasnow\n|move|p2a: Charizard|Ancient Power|p1a: Abomasnow\n|-supereffective|p1a: Abomasnow\n|-damage|p1a: Abomasnow|59\/100\n|\n|-weather|Snow|[upkeep]\n|upkeep\n|turn|3\n|\n|t:|1701198391\n|move|p2a: Charizard|Flamethrower|p1a: Abomasnow\n|-supereffective|p1a: Abomasnow\n|-damage|p1a: Abomasnow|0 fnt\n|faint|p1a: Abomasnow\n|\n|-weather|Snow|[upkeep]\n|upkeep\n|\n|t:|1701198407\n|switch|p1a: Slowking|Slowking-Galar, M|100\/100\n|turn|4\n|\n|t:|1701198413\n|move|p2a: Charizard|Roost|p2a: Charizard\n|-heal|p2a: Charizard|100\/100\n|-singleturn|p2a: Charizard|move: Roost\n|move|p1a: Slowking|Sludge Bomb|p2a: Charizard\n|-damage|p2a: Charizard|59\/100\n|-status|p2a: Charizard|psn\n|\n|-weather|Snow|[upkeep]\n|-damage|p2a: Charizard|46\/100 psn|[from] psn\n|upkeep\n|turn|5\n|\n|t:|1701198421\n|switch|p2a: Sneasler|Sneasler, M|100\/100\n|move|p1a: Slowking|Sludge Bomb|p2a: Sneasler\n|-resisted|p2a: Sneasler\n|-damage|p2a: Sneasler|77\/100\n|\n|-weather|Snow|[upkeep]\n|upkeep\n|turn|6\n|\n|t:|1701198433\n|move|p2a: Sneasler|Fake Out|p1a: Slowking\n|-damage|p1a: Slowking|84\/100\n|cant|p1a: Slowking|flinch\n|\n|-weather|Snow|[upkeep]\n|upkeep\n|turn|7\n|\n|t:|1701198437\n|move|p2a: Sneasler|Endure|p2a: Sneasler\n|-singleturn|p2a: Sneasler|move: Endure\n|move|p1a: Slowking|Future Sight|p2a: Sneasler\n|-start|p1a: Slowking|move: Future Sight\n|\n|-weather|Snow|[upkeep]\n|upkeep\n|turn|8\n|\n|t:|1701198444\n|switch|p2a: Weavile|Weavile, M|100\/100\n|-ability|p2a: Weavile|Pressure\n|move|p1a: Slowking|Thunder Wave|p2a: Weavile\n|-status|p2a: Weavile|par\n|\n|-weather|Snow|[upkeep]\n|upkeep\n|turn|9\n|\n|t:|1701198466\n|switch|p1a: Avalugg|Avalugg, F|100\/100\n|move|p2a: Weavile|Swords Dance|p2a: Weavile\n|-boost|p2a: Weavile|atk|2\n|\n|-weather|none\n|-end|p2a: Weavile|move: Future Sight\n|-immune|p2a: Weavile\n|upkeep\n|turn|10\n|\n|t:|1701198484\n|-terastallize|p2a: Weavile|Dark\n|move|p2a: Weavile|Beat Up|p1a: Avalugg\n|-damage|p1a: Avalugg|91\/100\n|-damage|p1a: Avalugg|81\/100\n|-damage|p1a: Avalugg|74\/100\n|-damage|p1a: Avalugg|64\/100\n|-damage|p1a: Avalugg|56\/100\n|-hitcount|p1a: Avalugg|5\n|move|p1a: Avalugg|Iron Defense|p1a: Avalugg\n|-boost|p1a: Avalugg|def|2\n|\n|upkeep\n|turn|11\n|\n|t:|1701198496\n|switch|p2a: Charizard|Charizard, M, shiny|46\/100 psn\n|move|p1a: Avalugg|Recover|p1a: Avalugg\n|-heal|p1a: Avalugg|100\/100\n|\n|-damage|p2a: Charizard|34\/100 psn|[from] psn\n|upkeep\n|turn|12\n|inactive|XLioneldoX has 120 seconds left.\n|\n|t:|1701198521\n|switch|p1a: Slowking|Slowking-Galar, M|100\/100\n|move|p2a: Charizard|Flamethrower|p1a: Slowking\n|-damage|p1a: Slowking|65\/100\n|\n|-damage|p2a: Charizard|21\/100 psn|[from] psn\n|upkeep\n|turn|13\n|\n|t:|1701198529\n|-zpower|p2a: Charizard\n|move|p2a: Charizard|Supersonic Skystrike|p1a: Slowking|[zeffect]\n|-damage|p1a: Slowking|26\/100\n|move|p1a: Slowking|Chilly Reception|p1a: Slowking\n|-weather|Snow\n|inactive|XLioneldoX has 120 seconds left.\n|\n|t:|1701198552\n|switch|p1a: Cetitan|Cetitan, M|100\/100|[from] Chilly Reception\n|\n|-weather|Snow|[upkeep]\n|-damage|p2a: Charizard|9\/100 psn|[from] psn\n|upkeep\n|turn|14\n|inactive|XLioneldoX has 90 seconds left.\n|\n|t:|1701198612\n|move|p1a: Cetitan|Ice Shard|p2a: Charizard\n|-damage|p2a: Charizard|0 fnt\n|faint|p2a: Charizard\n|\n|-weather|Snow|[upkeep]\n|upkeep\n|\n|t:|1701198617\n|switch|p2a: Lopunny|Lopunny, M|100\/100\n|turn|15\n|inactive|XLioneldoX has 60 seconds left.\n|\n|t:|1701198656\n|switch|p1a: Avalugg|Avalugg, F|100\/100\n|detailschange|p2a: Lopunny|Lopunny-Mega, M\n|-mega|p2a: Lopunny|Lopunny|Lopunnite\n|move|p2a: Lopunny|Fake Out|p1a: Avalugg\n|-damage|p1a: Avalugg|95\/100\n|\n|-weather|Snow|[upkeep]\n|upkeep\n|turn|16\n|\n|t:|1701198664\n|move|p2a: Lopunny|High Jump Kick|p1a: Avalugg\n|-supereffective|p1a: Avalugg\n|-crit|p1a: Avalugg\n|-damage|p1a: Avalugg|43\/100\n|move|p1a: Avalugg|Aurora Veil|p1a: Avalugg\n|-sidestart|p1: XLioneldoX|move: Aurora Veil\n|\n|-weather|Snow|[upkeep]\n|upkeep\n|turn|17\n|\n|t:|1701198669\n|move|p2a: Lopunny|High Jump Kick|p1a: Avalugg\n|-supereffective|p1a: Avalugg\n|-damage|p1a: Avalugg|23\/100\n|move|p1a: Avalugg|Recover|p1a: Avalugg\n|-heal|p1a: Avalugg|73\/100\n|\n|-weather|none\n|upkeep\n|turn|18\n|\n|t:|1701198680\n|move|p2a: Lopunny|Fire Punch|p1a: Avalugg\n|-supereffective|p1a: Avalugg\n|-damage|p1a: Avalugg|62\/100\n|move|p1a: Avalugg|Iron Defense|p1a: Avalugg\n|-boost|p1a: Avalugg|def|2\n|\n|upkeep\n|turn|19\n|\n|t:|1701198685\n|switch|p2a: Weavile|Weavile, M|100\/100\n|move|p1a: Avalugg|Body Press|p2a: Weavile\n|-supereffective|p2a: Weavile\n|-damage|p2a: Weavile|0 fnt\n|replace|p2a: Zoroark|Zoroark, M\n|-end|p2a: Zoroark|Illusion\n|faint|p2a: Zoroark\n|\n|upkeep\n|\n|t:|1701198703\n|switch|p2a: Haxorus|Haxorus, M|100\/100\n|-ability|p2a: Haxorus|Mold Breaker\n|turn|20\n|inactive|XLioneldoX has 90 seconds left.\n|\n|t:|1701198709\n|move|p2a: Haxorus|Close Combat|p1a: Avalugg\n|-supereffective|p1a: Avalugg\n|-damage|p1a: Avalugg|52\/100\n|-unboost|p2a: Haxorus|def|1\n|-unboost|p2a: Haxorus|spd|1\n|move|p1a: Avalugg|Recover|p1a: Avalugg\n|-heal|p1a: Avalugg|100\/100\n|\n|-sideend|p1: XLioneldoX|move: Aurora Veil\n|upkeep\n|turn|21\n|\n|t:|1701198719\n|switch|p2a: Weavile|Weavile, M, tera:Dark|100\/100 par\n|-ability|p2a: Weavile|Pressure\n|move|p1a: Avalugg|Iron Defense|p1a: Avalugg\n|-boost|p1a: Avalugg|def|2\n|\n|upkeep\n|turn|22\n|\n|t:|1701198727\n|cant|p2a: Weavile|par\n|move|p1a: Avalugg|Body Press|p2a: Weavile\n|-supereffective|p2a: Weavile\n|-enditem|p2a: Weavile|Focus Sash\n|-damage|p2a: Weavile|1\/100 par\n|\n|upkeep\n|turn|23\n|\n|t:|1701198731\n|move|p2a: Weavile|Psycho Cut|p1a: Avalugg\n|-damage|p1a: Avalugg|97\/100\n|move|p1a: Avalugg|Body Press|p2a: Weavile\n|-supereffective|p2a: Weavile\n|-damage|p2a: Weavile|0 fnt\n|faint|p2a: Weavile\n|\n|upkeep\n|\n|t:|1701198736\n|switch|p2a: Sneasler|Sneasler, M|77\/100\n|turn|24\n|\n|t:|1701198739\n|move|p2a: Sneasler|Fake Out|p1a: Avalugg\n|-damage|p1a: Avalugg|95\/100\n|cant|p1a: Avalugg|flinch\n|\n|upkeep\n|turn|25\n|\n|t:|1701198741\n|move|p2a: Sneasler|Endure|p2a: Sneasler\n|-singleturn|p2a: Sneasler|move: Endure\n|move|p1a: Avalugg|Body Press|p2a: Sneasler\n|-resisted|p2a: Sneasler\n|-activate|p2a: Sneasler|move: Endure\n|-damage|p2a: Sneasler|1\/100\n|-enditem|p2a: Sneasler|Liechi Berry|[eat]\n|-boost|p2a: Sneasler|atk|1|[from] item: Liechi Berry\n|\n|upkeep\n|turn|26\n|\n|t:|1701198748\n|move|p2a: Sneasler|Reversal|p1a: Avalugg\n|-supereffective|p1a: Avalugg\n|-damage|p1a: Avalugg|53\/100\n|move|p1a: Avalugg|Body Press|p2a: Sneasler\n|-resisted|p2a: Sneasler\n|-damage|p2a: Sneasler|0 fnt\n|faint|p2a: Sneasler\n|\n|upkeep\n|-message|giplej345 forfeited.\n|\n|win|XLioneldoX\n|raw|XLioneldoX's rating: 1253 &rarr; <strong>1271<\/strong><br \/>(+18 for winning)\n|raw|giplej345's rating: 1146 &rarr; <strong>1128<\/strong><br \/>(-18 for losing)\n|l|\u2606giplej345\n","uploadtime":1701198756,"views":11,"p1id":"xlioneldox","p2id":"giplej345","formatid":"gen9nationaldex","rating":1128,"private":0,"password":""}