{"id":"gen9nationaldex-1995153018","p1":"FriedChickenzman","p2":"InsBAPlayer","format":"[Gen 9] National Dex","log":"|html|<div class=\"broadcast-blue\"><strong>[Gen 9] National Dex is currently suspecting Sneasler! For information on how to participate check out the <a href=\"https:\/\/www.smogon.com\/forums\/threads\/sv-national-dex-suspect-8-just-dance.3731534\/\">suspect thread<\/a>.<\/strong><\/div>\n|j|\u2606FriedChickenzman\n|j|\u2606InsBAPlayer\n|t:|1700528491\n|gametype|singles\n|player|p1|FriedChickenzman|harlequin|1180\n|player|p2|InsBAPlayer|101|1243\n|teamsize|p1|6\n|teamsize|p2|6\n|gen|9\n|tier|[Gen 9] National Dex\n|rated|\n|rule|HP Percentage Mod: HP is shown in percentages\n|rule|Endless Battle Clause: Forcing endless battles is banned\n|rule|OHKO Clause: OHKO moves are banned\n|rule|Evasion Clause: Evasion abilities, items, and moves are banned\n|rule|Evasion Abilities Clause: Evasion abilities are banned\n|rule|Evasion Items Clause: Evasion items are banned\n|rule|Evasion Moves Clause: Evasion moves are banned\n|rule|Species Clause: Limit one of each Pok\u00e9mon\n|rule|Sleep Clause Mod: Limit one foe put to sleep\n|clearpoke\n|poke|p1|Tyranitar, M|\n|poke|p1|Hippowdon, M|\n|poke|p1|Garganacl, F|\n|poke|p1|Excadrill, F|\n|poke|p1|Goodra-Hisui, F|\n|poke|p1|Kommo-o, M|\n|poke|p2|Clawitzer, F|\n|poke|p2|Tapu Lele|\n|poke|p2|Indeedee, M|\n|poke|p2|Sneasler, F|\n|poke|p2|Hawlucha, F|\n|poke|p2|Mr. Mime-Galar, M|\n|teampreview\n|inactive|Battle timer is ON: inactive players will automatically lose when time's up. (requested by InsBAPlayer)\n|\n|t:|1700528503\n|start\n|switch|p1a: moto moto|Hippowdon, M|100\/100\n|switch|p2a: Tapu Lele|Tapu Lele|100\/100\n|-fieldstart|move: Psychic Terrain|[from] ability: Psychic Surge|[of] p2a: Tapu Lele\n|-weather|Sandstorm|[from] ability: Sand Stream|[of] p1a: moto moto\n|turn|1\n|\n|t:|1700528509\n|move|p2a: Tapu Lele|Taunt|p1a: moto moto\n|-start|p1a: moto moto|move: Taunt\n|cant|p1a: moto moto|move: Taunt|Stealth Rock\n|\n|-weather|Sandstorm|[upkeep]\n|-damage|p2a: Tapu Lele|94\/100|[from] Sandstorm\n|upkeep\n|turn|2\n|\n|t:|1700528519\n|move|p2a: Tapu Lele|Moonblast|p1a: moto moto\n|-damage|p1a: moto moto|60\/100\n|move|p1a: moto moto|Earthquake|p2a: Tapu Lele\n|-damage|p2a: Tapu Lele|39\/100\n|\n|-weather|Sandstorm|[upkeep]\n|-damage|p2a: Tapu Lele|33\/100|[from] Sandstorm\n|-heal|p1a: moto moto|66\/100|[from] item: Leftovers\n|upkeep\n|turn|3\n|\n|t:|1700528531\n|switch|p2a: Hawlucha|Hawlucha, F|100\/100\n|-enditem|p2a: Hawlucha|Psychic Seed\n|-boost|p2a: Hawlucha|spd|1|[from] item: Psychic Seed\n|switch|p1a: mr. t|Tyranitar, M|100\/100\n|\n|-weather|Sandstorm|[upkeep]\n|-damage|p2a: Hawlucha|94\/100|[from] Sandstorm\n|upkeep\n|turn|4\n|inactive|FriedChickenzman has 120 seconds left.\n|\n|t:|1700528566\n|switch|p1a: dragon of dojima|Kommo-o, M|100\/100\n|-terastallize|p2a: Hawlucha|Fighting\n|move|p2a: Hawlucha|Bulk Up|p2a: Hawlucha\n|-boost|p2a: Hawlucha|atk|1\n|-boost|p2a: Hawlucha|def|1\n|\n|-weather|Sandstorm|[upkeep]\n|-damage|p2a: Hawlucha|88\/100|[from] Sandstorm\n|upkeep\n|turn|5\n|inactive|FriedChickenzman has 120 seconds left.\n|\n|t:|1700528576\n|move|p2a: Hawlucha|Acrobatics|p1a: dragon of dojima\n|-supereffective|p1a: dragon of dojima\n|-damage|p1a: dragon of dojima|0 fnt\n|faint|p1a: dragon of dojima\n|\n|-weather|none\n|upkeep\n|\n|t:|1700528581\n|switch|p1a: moto moto|Hippowdon, M|66\/100\n|-weather|Sandstorm|[from] ability: Sand Stream|[of] p1a: moto moto\n|turn|6\n|\n|t:|1700528590\n|move|p2a: Hawlucha|Drain Punch|p1a: moto moto\n|-damage|p1a: moto moto|25\/100\n|-heal|p2a: Hawlucha|100\/100|[from] drain|[of] p1a: moto moto\n|move|p1a: moto moto|Roar|p2a: Hawlucha\n|drag|p2a: Mr. Mime|Mr. Mime-Galar, M|100\/100\n|\n|-weather|Sandstorm|[upkeep]\n|-damage|p2a: Mr. Mime|94\/100|[from] Sandstorm\n|-heal|p1a: moto moto|32\/100|[from] item: Leftovers\n|upkeep\n|turn|7\n|\n|t:|1700528605\n|switch|p1a: brown bricks|Garganacl, F|100\/100\n|move|p2a: Mr. Mime|Freeze-Dry|p1a: brown bricks\n|-damage|p1a: brown bricks|89\/100\n|\n|-weather|Sandstorm|[upkeep]\n|-damage|p2a: Mr. Mime|88\/100|[from] Sandstorm\n|upkeep\n|turn|8\n|\n|t:|1700528618\n|move|p2a: Mr. Mime|Nasty Plot|p2a: Mr. Mime\n|-boost|p2a: Mr. Mime|spa|2\n|move|p1a: brown bricks|Salt Cure|p2a: Mr. Mime\n|-supereffective|p2a: Mr. Mime\n|-damage|p2a: Mr. Mime|68\/100\n|-start|p2a: Mr. Mime|Salt Cure\n|\n|-weather|Sandstorm|[upkeep]\n|-damage|p2a: Mr. Mime|62\/100|[from] Sandstorm\n|-damage|p2a: Mr. Mime|50\/100|[from] Salt Cure\n|-fieldend|move: Psychic Terrain\n|upkeep\n|turn|9\n|\n|t:|1700528628\n|move|p2a: Mr. Mime|Expanding Force|p1a: brown bricks\n|-damage|p1a: brown bricks|64\/100\n|move|p1a: brown bricks|Salt Cure|p2a: Mr. Mime\n|-supereffective|p2a: Mr. Mime\n|-damage|p2a: Mr. Mime|30\/100\n|\n|-weather|Sandstorm|[upkeep]\n|-damage|p2a: Mr. Mime|24\/100|[from] Sandstorm\n|-damage|p2a: Mr. Mime|11\/100|[from] Salt Cure\n|upkeep\n|turn|10\n|\n|t:|1700528634\n|switch|p2a: Tapu Lele|Tapu Lele|33\/100\n|-fieldstart|move: Psychic Terrain|[from] ability: Psychic Surge|[of] p2a: Tapu Lele\n|move|p1a: brown bricks|Recover|p1a: brown bricks\n|-heal|p1a: brown bricks|100\/100\n|\n|-weather|none\n|upkeep\n|turn|11\n|\n|t:|1700528642\n|switch|p1a: moto moto|Hippowdon, M|32\/100\n|-weather|Sandstorm|[from] ability: Sand Stream|[of] p1a: moto moto\n|move|p2a: Tapu Lele|Taunt|p1a: moto moto\n|-start|p1a: moto moto|move: Taunt\n|\n|-weather|Sandstorm|[upkeep]\n|-damage|p2a: Tapu Lele|27\/100|[from] Sandstorm\n|-heal|p1a: moto moto|38\/100|[from] item: Leftovers\n|upkeep\n|turn|12\n|\n|t:|1700528650\n|switch|p1a: brown bricks|Garganacl, F|100\/100\n|move|p2a: Tapu Lele|Moonblast|p1a: brown bricks\n|-damage|p1a: brown bricks|75\/100\n|-unboost|p1a: brown bricks|spa|1\n|\n|-weather|Sandstorm|[upkeep]\n|-damage|p2a: Tapu Lele|21\/100|[from] Sandstorm\n|upkeep\n|turn|13\n|\n|t:|1700528657\n|move|p2a: Tapu Lele|Taunt|p1a: brown bricks\n|-start|p1a: brown bricks|move: Taunt\n|move|p1a: brown bricks|Salt Cure|p2a: Tapu Lele\n|-damage|p2a: Tapu Lele|0 fnt\n|faint|p2a: Tapu Lele\n|\n|-weather|Sandstorm|[upkeep]\n|upkeep\n|\n|t:|1700528663\n|switch|p2a: Hawlucha|Hawlucha, F, tera:Fighting|100\/100\n|turn|14\n|\n|t:|1700528685\n|-terastallize|p1a: brown bricks|Ghost\n|move|p2a: Hawlucha|Substitute|p2a: Hawlucha\n|-start|p2a: Hawlucha|Substitute\n|-damage|p2a: Hawlucha|76\/100\n|move|p1a: brown bricks|Salt Cure|p2a: Hawlucha\n|-resisted|p2a: Hawlucha\n|-activate|p2a: Hawlucha|move: Substitute|[damage]\n|\n|-weather|Sandstorm|[upkeep]\n|-damage|p2a: Hawlucha|70\/100|[from] Sandstorm\n|-damage|p1a: brown bricks|69\/100|[from] Sandstorm\n|upkeep\n|turn|15\n|\n|t:|1700528693\n|move|p2a: Hawlucha|Bulk Up|p2a: Hawlucha\n|-boost|p2a: Hawlucha|atk|1\n|-boost|p2a: Hawlucha|def|1\n|move|p1a: brown bricks|Salt Cure|p2a: Hawlucha\n|-resisted|p2a: Hawlucha\n|-activate|p2a: Hawlucha|move: Substitute|[damage]\n|\n|-weather|none\n|-end|p1a: brown bricks|move: Taunt\n|upkeep\n|turn|16\n|\n|t:|1700528702\n|move|p2a: Hawlucha|Bulk Up|p2a: Hawlucha\n|-boost|p2a: Hawlucha|atk|1\n|-boost|p2a: Hawlucha|def|1\n|move|p1a: brown bricks|Curse|p2a: Hawlucha\n|-start|p2a: Hawlucha|Curse|[of] p1a: brown bricks\n|-damage|p1a: brown bricks|19\/100\n|\n|-damage|p2a: Hawlucha|45\/100|[from] Curse\n|upkeep\n|turn|17\n|\n|t:|1700528709\n|move|p2a: Hawlucha|Acrobatics|p1a: brown bricks\n|-damage|p1a: brown bricks|0 fnt\n|-damage|p2a: Hawlucha|28\/100|[from] item: Rocky Helmet|[of] p1a: brown bricks\n|faint|p1a: brown bricks\n|\n|-damage|p2a: Hawlucha|3\/100|[from] Curse\n|-fieldend|move: Psychic Terrain\n|upkeep\n|\n|t:|1700528712\n|switch|p1a: moto moto|Hippowdon, M|38\/100\n|-weather|Sandstorm|[from] ability: Sand Stream|[of] p1a: moto moto\n|turn|18\n|\n|t:|1700528726\n|move|p2a: Hawlucha|Drain Punch|p1a: moto moto\n|-damage|p1a: moto moto|0 fnt\n|-heal|p2a: Hawlucha|27\/100|[from] drain|[of] p1a: moto moto\n|faint|p1a: moto moto\n|\n|-weather|Sandstorm|[upkeep]\n|-damage|p2a: Hawlucha|21\/100|[from] Sandstorm\n|-damage|p2a: Hawlucha|0 fnt|[from] Curse\n|faint|p2a: Hawlucha\n|upkeep\n|\n|t:|1700528738\n|switch|p2a: Indeedee|Indeedee, M|100\/100\n|switch|p1a: mr resetti|Excadrill, F|100\/100\n|-fieldstart|move: Psychic Terrain|[from] ability: Psychic Surge|[of] p2a: Indeedee\n|turn|19\n|\n|t:|1700528747\n|move|p1a: mr resetti|Swords Dance|p1a: mr resetti\n|-boost|p1a: mr resetti|atk|2\n|move|p2a: Indeedee|Mystical Fire|p1a: mr resetti\n|-supereffective|p1a: mr resetti\n|-damage|p1a: mr resetti|43\/100\n|-unboost|p1a: mr resetti|spa|1\n|\n|-weather|Sandstorm|[upkeep]\n|-damage|p2a: Indeedee|94\/100|[from] Sandstorm\n|upkeep\n|turn|20\n|\n|t:|1700528753\n|move|p1a: mr resetti|Earthquake|p2a: Indeedee\n|-damage|p2a: Indeedee|0 fnt\n|faint|p2a: Indeedee\n|\n|-weather|Sandstorm|[upkeep]\n|upkeep\n|\n|t:|1700528756\n|switch|p2a: Sneasler|Sneasler, F|100\/100\n|-enditem|p2a: Sneasler|Psychic Seed\n|-boost|p2a: Sneasler|spd|1|[from] item: Psychic Seed\n|turn|21\n|\n|t:|1700528761\n|move|p1a: mr resetti|Earthquake|p2a: Sneasler\n|-supereffective|p2a: Sneasler\n|-damage|p2a: Sneasler|0 fnt\n|faint|p2a: Sneasler\n|\n|-weather|Sandstorm|[upkeep]\n|upkeep\n|\n|t:|1700528764\n|switch|p2a: Clawitzer|Clawitzer, F|100\/100\n|turn|22\n|\n|t:|1700528771\n|move|p1a: mr resetti|Earthquake|p2a: Clawitzer\n|-damage|p2a: Clawitzer|0 fnt\n|faint|p2a: Clawitzer\n|\n|-weather|none\n|upkeep\n|-message|InsBAPlayer forfeited.\n|\n|win|FriedChickenzman\n|raw|FriedChickenzman's rating: 1180 &rarr; <strong>1209<\/strong><br \/>(+29 for winning)\n|raw|InsBAPlayer's rating: 1243 &rarr; <strong>1214<\/strong><br \/>(-29 for losing)\n|l|\u2606InsBAPlayer\n|c|\u2606FriedChickenzman|gg\n","uploadtime":1700528782,"views":3,"p1id":"friedchickenzman","p2id":"insbaplayer","formatid":"gen9nationaldex","rating":1209,"private":0,"password":""}