{"id":"gen9nationaldex-1988153997","p1":"Clayanto","p2":"Serena1111","format":"[Gen 9] National Dex","log":"|j|\u2606Clayanto\n|j|\u2606Serena1111\n|t:|1699676510\n|gametype|singles\n|player|p1|Clayanto|ariana|1169\n|player|p2|Serena1111|serena|1106\n|teamsize|p1|6\n|teamsize|p2|6\n|gen|9\n|tier|[Gen 9] National Dex\n|rated|\n|rule|HP Percentage Mod: HP is shown in percentages\n|rule|Endless Battle Clause: Forcing endless battles is banned\n|rule|OHKO Clause: OHKO moves are banned\n|rule|Evasion Clause: Evasion abilities, items, and moves are banned\n|rule|Evasion Abilities Clause: Evasion abilities are banned\n|rule|Evasion Items Clause: Evasion items are banned\n|rule|Evasion Moves Clause: Evasion moves are banned\n|rule|Species Clause: Limit one of each Pok\u00e9mon\n|rule|Sleep Clause Mod: Limit one foe put to sleep\n|clearpoke\n|poke|p1|Latios, M|\n|poke|p1|Gardevoir, M|\n|poke|p1|Alomomola, M|\n|poke|p1|Tapu Lele|\n|poke|p1|Sneasler, F|\n|poke|p1|Tyranitar, M|\n|poke|p2|Weavile, M|\n|poke|p2|Kartana|\n|poke|p2|Hoopa-Unbound|\n|poke|p2|Slaking, F|\n|poke|p2|Regigigas|\n|poke|p2|Ceruledge, M|\n|teampreview\n|inactive|Battle timer is ON: inactive players will automatically lose when time's up. (requested by Clayanto)\n|inactive|Serena1111 also wants the timer to be on.\n|\n|t:|1699676528\n|start\n|switch|p1a: Latios|Latios, M|100\/100\n|switch|p2a: Weavile|Weavile, M|100\/100\n|-ability|p2a: Weavile|Pressure\n|turn|1\n|\n|t:|1699676533\n|-terastallize|p2a: Weavile|Dark\n|move|p2a: Weavile|Beat Up|p1a: Latios\n|-supereffective|p1a: Latios\n|-damage|p1a: Latios|73\/100\n|-supereffective|p1a: Latios\n|-damage|p1a: Latios|37\/100\n|-supereffective|p1a: Latios\n|-damage|p1a: Latios|3\/100\n|-supereffective|p1a: Latios\n|-damage|p1a: Latios|0 fnt\n|faint|p1a: Latios\n|-hitcount|p1: Latios|4\n|\n|upkeep\n|\n|t:|1699676544\n|switch|p1a: Tyranitar|Tyranitar, M|100\/100\n|-weather|Sandstorm|[from] ability: Sand Stream|[of] p1a: Tyranitar\n|turn|2\n|\n|t:|1699676555\n|switch|p2a: Kartana|Kartana|100\/100\n|detailschange|p1a: Tyranitar|Tyranitar-Mega, M\n|-mega|p1a: Tyranitar|Tyranitar|Tyranitarite\n|move|p1a: Tyranitar|Earthquake|p2a: Kartana\n|-damage|p2a: Kartana|50\/100\n|\n|-weather|Sandstorm|[upkeep]\n|upkeep\n|turn|3\n|\n|t:|1699676566\n|move|p2a: Kartana|Sacred Sword|p1a: Tyranitar\n|-supereffective|p1a: Tyranitar\n|-damage|p1a: Tyranitar|9\/100\n|move|p1a: Tyranitar|Knock Off|p2a: Kartana\n|-damage|p2a: Kartana|3\/100\n|\n|-weather|Sandstorm|[upkeep]\n|upkeep\n|turn|4\n|\n|t:|1699676576\n|switch|p1a: Gardevoir|Gardevoir, M|100\/100\n|-ability|p1a: Gardevoir|Beast Boost|[from] ability: Trace|[of] p2a: Kartana\n|move|p2a: Kartana|Sacred Sword|p1a: Gardevoir\n|-resisted|p1a: Gardevoir\n|-damage|p1a: Gardevoir|92\/100\n|\n|-weather|Sandstorm|[upkeep]\n|-damage|p1a: Gardevoir|85\/100|[from] Sandstorm\n|upkeep\n|turn|5\n|\n|t:|1699676586\n|switch|p1a: Alomomola|Alomomola, M|100\/100\n|move|p2a: Kartana|Leaf Blade|p1a: Alomomola\n|-supereffective|p1a: Alomomola\n|-damage|p1a: Alomomola|2\/100\n|\n|-weather|Sandstorm|[upkeep]\n|-damage|p1a: Alomomola|0 fnt|[from] Sandstorm\n|faint|p1a: Alomomola\n|upkeep\n|\n|t:|1699676596\n|switch|p1a: Gardevoir|Gardevoir, M|85\/100\n|-ability|p1a: Gardevoir|Beast Boost|[from] ability: Trace|[of] p2a: Kartana\n|turn|6\n|\n|t:|1699676599\n|move|p2a: Kartana|Leaf Blade|p1a: Gardevoir\n|-damage|p1a: Gardevoir|25\/100\n|-enditem|p1a: Gardevoir|Ganlon Berry|[eat]\n|-boost|p1a: Gardevoir|def|1|[from] item: Ganlon Berry\n|move|p1a: Gardevoir|Draining Kiss|p2a: Kartana\n|-resisted|p2a: Kartana\n|-damage|p2a: Kartana|0 fnt\n|-heal|p1a: Gardevoir|27\/100|[from] drain|[of] p2a: Kartana\n|faint|p2a: Kartana\n|-ability|p1a: Gardevoir|Beast Boost|boost\n|-boost|p1a: Gardevoir|spa|1\n|\n|-weather|none\n|upkeep\n|\n|t:|1699676609\n|switch|p2a: Weavile|Weavile, M, tera:Dark|100\/100\n|-ability|p2a: Weavile|Pressure\n|turn|7\n|\n|t:|1699676615\n|-terastallize|p1a: Gardevoir|Steel\n|move|p2a: Weavile|Beat Up|p1a: Gardevoir\n|-damage|p1a: Gardevoir|16\/100\n|-damage|p1a: Gardevoir|4\/100\n|-damage|p1a: Gardevoir|0 fnt\n|faint|p1a: Gardevoir\n|-hitcount|p1: Gardevoir|3\n|\n|upkeep\n|\n|t:|1699676621\n|switch|p1a: Tyranitar|Tyranitar-Mega, M|9\/100\n|-weather|Sandstorm|[from] ability: Sand Stream|[of] p1a: Tyranitar\n|turn|8\n|\n|t:|1699676625\n|move|p2a: Weavile|Beat Up|p1a: Tyranitar\n|-resisted|p1a: Tyranitar\n|-damage|p1a: Tyranitar|4\/100\n|-resisted|p1a: Tyranitar\n|-damage|p1a: Tyranitar|0 fnt\n|faint|p1a: Tyranitar\n|-hitcount|p1: Tyranitar|2\n|\n|-weather|Sandstorm|[upkeep]\n|-damage|p2a: Weavile|94\/100|[from] Sandstorm\n|upkeep\n|\n|t:|1699676628\n|switch|p1a: Tapu Lele|Tapu Lele|100\/100\n|-fieldstart|move: Psychic Terrain|[from] ability: Psychic Surge|[of] p1a: Tapu Lele\n|turn|9\n|\n|t:|1699676632\n|move|p2a: Weavile|Beat Up|p1a: Tapu Lele\n|-damage|p1a: Tapu Lele|74\/100\n|-damage|p1a: Tapu Lele|40\/100\n|-damage|p1a: Tapu Lele|5\/100\n|-damage|p1a: Tapu Lele|0 fnt\n|faint|p1a: Tapu Lele\n|-hitcount|p1: Tapu Lele|4\n|\n|-weather|Sandstorm|[upkeep]\n|-damage|p2a: Weavile|88\/100|[from] Sandstorm\n|upkeep\n|\n|t:|1699676634\n|switch|p1a: Sneasler|Sneasler, F|100\/100\n|-enditem|p1a: Sneasler|Psychic Seed\n|-boost|p1a: Sneasler|spd|1|[from] item: Psychic Seed\n|turn|10\n|\n|t:|1699676644\n|switch|p2a: Ceruledge|Ceruledge, M|100\/100\n|move|p1a: Sneasler|Swords Dance|p1a: Sneasler\n|-boost|p1a: Sneasler|atk|2\n|\n|-weather|Sandstorm|[upkeep]\n|-damage|p1a: Sneasler|94\/100|[from] Sandstorm\n|-damage|p2a: Ceruledge|94\/100|[from] Sandstorm\n|-heal|p2a: Ceruledge|100\/100|[from] item: Leftovers\n|upkeep\n|turn|11\n|\n|t:|1699676658\n|move|p1a: Sneasler|Acrobatics|p2a: Ceruledge\n|-damage|p2a: Ceruledge|0 fnt\n|faint|p2a: Ceruledge\n|\n|-weather|Sandstorm|[upkeep]\n|-damage|p1a: Sneasler|88\/100|[from] Sandstorm\n|upkeep\n|\n|t:|1699676671\n|switch|p2a: Weavile|Weavile, M, tera:Dark|88\/100\n|-ability|p2a: Weavile|Pressure\n|turn|12\n|\n|t:|1699676684\n|move|p1a: Sneasler|Close Combat|p2a: Weavile\n|-supereffective|p2a: Weavile\n|-crit|p2a: Weavile\n|-damage|p2a: Weavile|0 fnt\n|-unboost|p1a: Sneasler|def|1\n|-unboost|p1a: Sneasler|spd|1\n|faint|p2a: Weavile\n|\n|-weather|none\n|upkeep\n|\n|t:|1699676695\n|switch|p2a: Hoopa|Hoopa-Unbound|100\/100\n|turn|13\n|\n|t:|1699676701\n|move|p1a: Sneasler|Close Combat|p2a: Hoopa\n|-damage|p2a: Hoopa|0 fnt\n|-unboost|p1a: Sneasler|def|1\n|-unboost|p1a: Sneasler|spd|1\n|faint|p2a: Hoopa\n|\n|-fieldend|move: Psychic Terrain\n|upkeep\n|-message|Serena1111 forfeited.\n|\n|win|Clayanto\n|raw|Clayanto's rating: 1169 &rarr; <strong>1190<\/strong><br \/>(+21 for winning)\n|raw|Serena1111's rating: 1106 &rarr; <strong>1085<\/strong><br \/>(-21 for losing)\n|l|\u2606Serena1111\n","uploadtime":1699676779,"views":6,"p1id":"clayanto","p2id":"serena1111","formatid":"gen9nationaldex","rating":1085,"private":0,"password":""}