{"id":"gen9nationaldex-1998342785","p1":"Sick Fiesta","p2":"Yihwach","format":"[Gen 9] National Dex","log":"|html|<div class=\"broadcast-blue\"><strong>[Gen 9] National Dex is currently suspecting Sneasler! For information on how to participate check out the <a href=\"https:\/\/www.smogon.com\/forums\/threads\/sv-national-dex-suspect-8-just-dance.3731534\/\">suspect thread<\/a>.<\/strong><\/div>\n|j|\u2606Sick Fiesta\n|j|\u2606Yihwach\n|t:|1700931643\n|gametype|singles\n|player|p1|Sick Fiesta|rocketgrunt|1089\n|player|p2|Yihwach|2|1001\n|teamsize|p1|6\n|teamsize|p2|6\n|gen|9\n|tier|[Gen 9] National Dex\n|rated|\n|rule|HP Percentage Mod: HP is shown in percentages\n|rule|Endless Battle Clause: Forcing endless battles is banned\n|rule|OHKO Clause: OHKO moves are banned\n|rule|Evasion Clause: Evasion abilities, items, and moves are banned\n|rule|Evasion Abilities Clause: Evasion abilities are banned\n|rule|Evasion Items Clause: Evasion items are banned\n|rule|Evasion Moves Clause: Evasion moves are banned\n|rule|Species Clause: Limit one of each Pok\u00e9mon\n|rule|Sleep Clause Mod: Limit one foe put to sleep\n|clearpoke\n|poke|p1|Grimmsnarl, M|\n|poke|p1|Buzzwole|\n|poke|p1|Porygon-Z|\n|poke|p1|Heatran, M|\n|poke|p1|Azumarill, F|\n|poke|p1|Scizor, M|\n|poke|p2|Marshtomp, M|\n|poke|p2|Blaziken, F|\n|poke|p2|Treecko, L1, M|\n|poke|p2|Pikachu, M|\n|poke|p2|Glaceon, F|\n|poke|p2|Salamence, M|\n|teampreview\n|\n|t:|1700931650\n|start\n|switch|p1a: Grimmsnarl|Grimmsnarl, M|100\/100\n|switch|p2a: Treecko|Treecko, L1, M|100\/100\n|turn|1\n|\n|t:|1700931654\n|move|p2a: Treecko|Protect|p2a: Treecko\n|-singleturn|p2a: Treecko|Protect\n|move|p1a: Grimmsnarl|Taunt|p2a: Treecko\n|-activate|p2a: Treecko|move: Protect\n|\n|upkeep\n|turn|2\n|\n|t:|1700931660\n|move|p1a: Grimmsnarl|Taunt|p2a: Treecko\n|-start|p2a: Treecko|move: Taunt\n|move|p2a: Treecko|Endeavor|p1a: Grimmsnarl\n|-damage|p1a: Grimmsnarl|4\/100\n|\n|upkeep\n|turn|3\n|\n|t:|1700931679\n|move|p1a: Grimmsnarl|Reflect|p1a: Grimmsnarl\n|-sidestart|p1: Sick Fiesta|Reflect\n|move|p2a: Treecko|Endeavor|p1a: Grimmsnarl\n|-immune|p1a: Grimmsnarl\n|\n|upkeep\n|turn|4\n|\n|t:|1700931692\n|move|p1a: Grimmsnarl|Light Screen|p1a: Grimmsnarl\n|-sidestart|p1: Sick Fiesta|move: Light Screen\n|move|p2a: Treecko|Endeavor|p1a: Grimmsnarl\n|-immune|p1a: Grimmsnarl\n|\n|-end|p2a: Treecko|move: Taunt\n|upkeep\n|turn|5\n|\n|t:|1700931703\n|move|p1a: Grimmsnarl|Taunt|p2a: Treecko\n|-start|p2a: Treecko|move: Taunt\n|move|p2a: Treecko|Endeavor|p1a: Grimmsnarl\n|-immune|p1a: Grimmsnarl\n|\n|upkeep\n|turn|6\n|inactive|Battle timer is ON: inactive players will automatically lose when time's up. (requested by Sick Fiesta)\n|\n|t:|1700931719\n|switch|p1a: Scizor|Scizor, M|100\/100\n|move|p2a: Treecko|Endeavor|p1a: Scizor\n|-damage|p1a: Scizor|4\/100\n|\n|upkeep\n|turn|7\n|\n|t:|1700931727\n|switch|p2a: Marshtomp|Marshtomp, M|100\/100\n|detailschange|p1a: Scizor|Scizor-Mega, M\n|-mega|p1a: Scizor|Scizor|Scizorite\n|move|p1a: Scizor|Bullet Punch|p2a: Marshtomp\n|-resisted|p2a: Marshtomp\n|-damage|p2a: Marshtomp|89\/100\n|\n|upkeep\n|turn|8\n|\n|t:|1700931734\n|move|p1a: Scizor|Roost|p1a: Scizor\n|-heal|p1a: Scizor|54\/100\n|-singleturn|p1a: Scizor|move: Roost\n|move|p2a: Marshtomp|Stealth Rock|p1a: Scizor\n|-sidestart|p1: Sick Fiesta|move: Stealth Rock\n|\n|upkeep\n|turn|9\n|\n|t:|1700931745\n|switch|p2a: Blaziken|Blaziken, F|100\/100\n|move|p1a: Scizor|Roost|p1a: Scizor\n|-heal|p1a: Scizor|100\/100\n|-singleturn|p1a: Scizor|move: Roost\n|\n|upkeep\n|turn|10\n|\n|t:|1700931750\n|move|p2a: Blaziken|Flare Blitz|p1a: Scizor\n|-supereffective|p1a: Scizor\n|-damage|p1a: Scizor|16\/100\n|-damage|p2a: Blaziken|69\/100|[from] Recoil\n|move|p1a: Scizor|U-turn|p2a: Blaziken\n|-resisted|p2a: Blaziken\n|-damage|p2a: Blaziken|56\/100\n|\n|t:|1700931759\n|switch|p1a: Buzzwole|Buzzwole|100\/100|[from] U-turn\n|-damage|p1a: Buzzwole|88\/100|[from] Stealth Rock\n|\n|-sideend|p1: Sick Fiesta|Reflect\n|-ability|p2a: Blaziken|Speed Boost|boost\n|-boost|p2a: Blaziken|spe|1\n|upkeep\n|turn|11\n|\n|t:|1700931762\n|move|p1a: Buzzwole|Close Combat|p2a: Blaziken\n|-damage|p2a: Blaziken|0 fnt\n|-unboost|p1a: Buzzwole|def|1\n|-unboost|p1a: Buzzwole|spd|1\n|faint|p2a: Blaziken\n|-ability|p1a: Buzzwole|Beast Boost|boost\n|-boost|p1a: Buzzwole|atk|1\n|\n|-sideend|p1: Sick Fiesta|move: Light Screen\n|upkeep\n|\n|t:|1700931770\n|switch|p2a: Salamence|Salamence, M|100\/100\n|turn|12\n|\n|t:|1700931789\n|-terastallize|p1a: Buzzwole|Fighting\n|move|p1a: Buzzwole|Close Combat|p2a: Salamence\n|-resisted|p2a: Salamence\n|-crit|p2a: Salamence\n|-damage|p2a: Salamence|0 fnt\n|-unboost|p1a: Buzzwole|def|1\n|-unboost|p1a: Buzzwole|spd|1\n|faint|p2a: Salamence\n|-ability|p1a: Buzzwole|Beast Boost|boost\n|-boost|p1a: Buzzwole|atk|1\n|\n|upkeep\n|-message|Yihwach forfeited.\n|\n|win|Sick Fiesta\n|raw|Sick Fiesta's rating: 1089 &rarr; <strong>1112<\/strong><br \/>(+23 for winning)\n|raw|Yihwach's rating: 1041 &rarr; <strong>1027<\/strong><br \/>(-14 for losing)\n|l|\u2606Yihwach\n","uploadtime":1700931812,"views":0,"p1id":"sickfiesta","p2id":"yihwach","formatid":"gen9nationaldex","rating":1027,"private":0,"password":""}