{"id":"gen9nationaldex-1990406445","p1":"Nexela","p2":"clayanto","format":"[Gen 9] National Dex","log":"|j|\u2606Nexela\n|j|\u2606clayanto\n|t:|1699967697\n|gametype|singles\n|player|p1|Nexela|ghetsis|1162\n|player|p2|clayanto|265|1221\n|teamsize|p1|6\n|teamsize|p2|6\n|gen|9\n|tier|[Gen 9] National Dex\n|rated|\n|rule|HP Percentage Mod: HP is shown in percentages\n|rule|Endless Battle Clause: Forcing endless battles is banned\n|rule|OHKO Clause: OHKO moves are banned\n|rule|Evasion Clause: Evasion abilities, items, and moves are banned\n|rule|Evasion Abilities Clause: Evasion abilities are banned\n|rule|Evasion Items Clause: Evasion items are banned\n|rule|Evasion Moves Clause: Evasion moves are banned\n|rule|Species Clause: Limit one of each Pok\u00e9mon\n|rule|Sleep Clause Mod: Limit one foe put to sleep\n|clearpoke\n|poke|p1|Zapdos-Galar|\n|poke|p1|Lurantis, M|\n|poke|p1|Alomomola, F|\n|poke|p1|Weavile, M|\n|poke|p1|Deoxys-Defense|\n|poke|p1|Altaria, M|\n|poke|p2|Pelipper, M|\n|poke|p2|Greninja-*, M|\n|poke|p2|Swampert, F|\n|poke|p2|Talonflame, F|\n|poke|p2|Zapdos|\n|poke|p2|Ogerpon-Wellspring, F|\n|teampreview\n|inactive|Battle timer is ON: inactive players will automatically lose when time's up. (requested by clayanto)\n|\n|t:|1699967708\n|start\n|switch|p1a: Weavile|Weavile, M|100\/100\n|switch|p2a: Ogerpon|Ogerpon-Wellspring, F|100\/100\n|turn|1\n|\n|t:|1699967719\n|move|p1a: Weavile|Pursuit|p2a: Ogerpon\n|-damage|p2a: Ogerpon|78\/100\n|move|p2a: Ogerpon|Substitute|p2a: Ogerpon\n|-start|p2a: Ogerpon|Substitute\n|-damage|p2a: Ogerpon|53\/100\n|\n|upkeep\n|turn|2\n|\n|t:|1699967726\n|move|p1a: Weavile|Ice Punch|p2a: Ogerpon\n|-end|p2a: Ogerpon|Substitute\n|move|p2a: Ogerpon|Leech Seed|p1a: Weavile\n|-start|p1a: Weavile|move: Leech Seed\n|\n|-damage|p1a: Weavile|88\/100|[from] Leech Seed|[of] p2a: Ogerpon\n|-heal|p2a: Ogerpon|63\/100|[silent]\n|upkeep\n|turn|3\n|\n|t:|1699967732\n|move|p1a: Weavile|Ice Punch|p2a: Ogerpon\n|-damage|p2a: Ogerpon|22\/100\n|-status|p2a: Ogerpon|frz\n|cant|p2a: Ogerpon|frz\n|\n|-damage|p1a: Weavile|76\/100|[from] Leech Seed|[of] p2a: Ogerpon\n|-heal|p2a: Ogerpon|32\/100 frz|[silent]\n|upkeep\n|turn|4\n|\n|t:|1699967746\n|cant|p2a: Ogerpon|frz\n|move|p1a: Weavile|Ice Punch|p2a: Ogerpon\n|-damage|p2a: Ogerpon|0 fnt\n|faint|p2a: Ogerpon\n|\n|upkeep\n|\n|t:|1699967768\n|switch|p2a: Pelipper|Pelipper, M|100\/100\n|-weather|RainDance|[from] ability: Drizzle|[of] p2a: Pelipper\n|turn|5\n|\n|t:|1699967779\n|switch|p1a: Deoxys|Deoxys-Defense|100\/100\n|-ability|p1a: Deoxys|Pressure\n|move|p2a: Pelipper|U-turn|p1a: Deoxys\n|-supereffective|p1a: Deoxys\n|-crit|p1a: Deoxys\n|-damage|p1a: Deoxys|81\/100\n|\n|t:|1699967784\n|switch|p2a: Greninja|Greninja, M|100\/100|[from] U-turn\n|\n|-weather|RainDance|[upkeep]\n|-heal|p1a: Deoxys|87\/100|[from] item: Leftovers\n|upkeep\n|turn|6\n|\n|t:|1699967798\n|move|p2a: Greninja|Dark Pulse|p1a: Deoxys\n|-supereffective|p1a: Deoxys\n|-damage|p1a: Deoxys|29\/100\n|-damage|p2a: Greninja|91\/100|[from] item: Life Orb\n|move|p1a: Deoxys|Thunder Wave|p2a: Greninja\n|-status|p2a: Greninja|par\n|\n|-weather|RainDance|[upkeep]\n|-heal|p1a: Deoxys|35\/100|[from] item: Leftovers\n|upkeep\n|turn|7\n|\n|t:|1699967809\n|move|p1a: Deoxys|Drain Punch|p2a: Greninja\n|-supereffective|p2a: Greninja\n|-damage|p2a: Greninja|47\/100 par\n|-heal|p1a: Deoxys|56\/100|[from] drain|[of] p2a: Greninja\n|cant|p2a: Greninja|par\n|\n|-weather|RainDance|[upkeep]\n|-heal|p1a: Deoxys|62\/100|[from] item: Leftovers\n|upkeep\n|turn|8\n|\n|t:|1699967816\n|move|p1a: Deoxys|Drain Punch|p2a: Greninja\n|-supereffective|p2a: Greninja\n|-crit|p2a: Greninja\n|-damage|p2a: Greninja|0 fnt\n|-heal|p1a: Deoxys|84\/100|[from] drain|[of] p2a: Greninja\n|faint|p2a: Greninja\n|\n|-weather|RainDance|[upkeep]\n|-heal|p1a: Deoxys|90\/100|[from] item: Leftovers\n|upkeep\n|\n|t:|1699967824\n|switch|p2a: Swampert|Swampert, F|100\/100\n|turn|9\n|\n|t:|1699967850\n|switch|p1a: Alomomola|Alomomola, F|100\/100\n|detailschange|p2a: Swampert|Swampert-Mega, F\n|-mega|p2a: Swampert|Swampert|Swampertite\n|move|p2a: Swampert|Waterfall|p1a: Alomomola\n|-resisted|p1a: Alomomola\n|-damage|p1a: Alomomola|76\/100\n|-damage|p2a: Swampert|84\/100|[from] item: Rocky Helmet|[of] p1a: Alomomola\n|\n|-weather|RainDance|[upkeep]\n|upkeep\n|turn|10\n|inactive|Nexela has 120 seconds left.\n|\n|t:|1699967867\n|move|p2a: Swampert|Earthquake|p1a: Alomomola\n|-damage|p1a: Alomomola|27\/100\n|move|p1a: Alomomola|Flip Turn|p2a: Swampert\n|-damage|p2a: Swampert|61\/100\n|inactive|Nexela has 120 seconds left.\n|\n|t:|1699967873\n|switch|p1a: Lurantis|Lurantis, M|100\/100|[from] Flip Turn\n|\n|-weather|RainDance|[upkeep]\n|upkeep\n|turn|11\n|inactive|Nexela has 120 seconds left.\n|\n|t:|1699967883\n|move|p2a: Swampert|Flip Turn|p1a: Lurantis\n|-resisted|p1a: Lurantis\n|-damage|p1a: Lurantis|71\/100\n|\n|t:|1699967889\n|switch|p2a: Zapdos|Zapdos|100\/100|[from] Flip Turn\n|move|p1a: Lurantis|Leaf Storm|p2a: Zapdos\n|-resisted|p2a: Zapdos\n|-damage|p2a: Zapdos|83\/100\n|-boost|p1a: Lurantis|spa|2\n|\n|-weather|RainDance|[upkeep]\n|upkeep\n|turn|12\n|\n|t:|1699967900\n|switch|p1a: Deoxys|Deoxys-Defense|90\/100\n|-ability|p1a: Deoxys|Pressure\n|move|p2a: Zapdos|Hurricane|p1a: Deoxys\n|-damage|p1a: Deoxys|65\/100\n|-start|p1a: Deoxys|confusion\n|\n|-weather|none\n|-heal|p1a: Deoxys|70\/100|[from] item: Leftovers\n|upkeep\n|turn|13\n|\n|t:|1699967907\n|move|p2a: Zapdos|Volt Switch|p1a: Deoxys\n|-damage|p1a: Deoxys|54\/100\n|\n|t:|1699967911\n|switch|p2a: Swampert|Swampert-Mega, F|61\/100|[from] Volt Switch\n|-activate|p1a: Deoxys|confusion\n|move|p1a: Deoxys|Knock Off|p2a: Swampert\n|-damage|p2a: Swampert|51\/100\n|\n|-heal|p1a: Deoxys|60\/100|[from] item: Leftovers\n|upkeep\n|turn|14\n|\n|t:|1699967921\n|move|p2a: Swampert|Earthquake|p1a: Deoxys\n|-damage|p1a: Deoxys|16\/100\n|-end|p1a: Deoxys|confusion\n|move|p1a: Deoxys|Recover|p1a: Deoxys\n|-heal|p1a: Deoxys|67\/100\n|\n|-heal|p1a: Deoxys|72\/100|[from] item: Leftovers\n|upkeep\n|turn|15\n|-message|Nexela forfeited.\n|\n|win|clayanto\n|raw|Nexela's rating: 1162 &rarr; <strong>1141<\/strong><br \/>(-21 for losing)\n|raw|clayanto's rating: 1221 &rarr; <strong>1242<\/strong><br \/>(+21 for winning)\n|l|\u2606Nexela\n","uploadtime":1699968052,"views":7,"p1id":"nexela","p2id":"clayanto","formatid":"gen9nationaldex","rating":1141,"private":0,"password":""}