{"id":"gen9nationaldex-1999823280","p1":"SalCHITOSEtator","p2":"ColonialHelmet","format":"[Gen 9] National Dex","log":"|html|<div class=\"broadcast-blue\"><strong>[Gen 9] National Dex is currently suspecting Sneasler! For information on how to participate check out the <a href=\"https:\/\/www.smogon.com\/forums\/threads\/sv-national-dex-suspect-8-just-dance.3731534\/\">suspect thread<\/a>.<\/strong><\/div>\n|j|\u2606SalCHITOSEtator\n|j|\u2606ColonialHelmet\n|t:|1701120028\n|gametype|singles\n|player|p1|SalCHITOSEtator|ghetsis|1090\n|player|p2|ColonialHelmet|101|1034\n|teamsize|p1|6\n|teamsize|p2|6\n|gen|9\n|tier|[Gen 9] National Dex\n|rated|\n|rule|HP Percentage Mod: HP is shown in percentages\n|rule|Endless Battle Clause: Forcing endless battles is banned\n|rule|OHKO Clause: OHKO moves are banned\n|rule|Evasion Clause: Evasion abilities, items, and moves are banned\n|rule|Evasion Abilities Clause: Evasion abilities are banned\n|rule|Evasion Items Clause: Evasion items are banned\n|rule|Evasion Moves Clause: Evasion moves are banned\n|rule|Species Clause: Limit one of each Pok\u00e9mon\n|rule|Sleep Clause Mod: Limit one foe put to sleep\n|clearpoke\n|poke|p1|Salazzle, F|\n|poke|p1|Magnemite, L1|\n|poke|p1|Probopass, L2, M|\n|poke|p1|Mandibuzz, F|\n|poke|p1|Nosepass, L1, M|\n|poke|p1|Tentacruel, F|\n|poke|p2|Ninetales-Alola, F|\n|poke|p2|Abomasnow, M|\n|poke|p2|Froslass, F|\n|poke|p2|Frosmoth, F|\n|poke|p2|Cloyster, F|\n|poke|p2|Beartic, M|\n|teampreview\n|inactive|Battle timer is ON: inactive players will automatically lose when time's up. (requested by ColonialHelmet)\n|\n|t:|1701120077\n|start\n|switch|p1a: Sh\ud83d\udca9tsquid|Tentacruel, F|100\/100\n|switch|p2a: Ninetales|Ninetales-Alola, F|100\/100\n|-weather|Snow|[from] ability: Snow Warning|[of] p2a: Ninetales\n|turn|1\n|\n|t:|1701120097\n|-terastallize|p2a: Ninetales|Steel\n|move|p1a: Sh\ud83d\udca9tsquid|Knock Off|p2a: Ninetales\n|-damage|p2a: Ninetales|82\/100\n|-enditem|p2a: Ninetales|Icy Rock|[from] move: Knock Off|[of] p1a: Sh\ud83d\udca9tsquid\n|move|p2a: Ninetales|Aurora Veil|p2a: Ninetales\n|-sidestart|p2: ColonialHelmet|move: Aurora Veil\n|\n|-weather|Snow|[upkeep]\n|upkeep\n|turn|2\n|\n|t:|1701120110\n|move|p1a: Sh\ud83d\udca9tsquid|Scald|p2a: Ninetales\n|-crit|p2a: Ninetales\n|-damage|p2a: Ninetales|37\/100\n|move|p2a: Ninetales|Blizzard|p1a: Sh\ud83d\udca9tsquid\n|-resisted|p1a: Sh\ud83d\udca9tsquid\n|-damage|p1a: Sh\ud83d\udca9tsquid|83\/100\n|\n|-weather|Snow|[upkeep]\n|-heal|p1a: Sh\ud83d\udca9tsquid|89\/100|[from] item: Leftovers\n|upkeep\n|turn|3\n|\n|t:|1701120124\n|switch|p2a: Froslass|Froslass, F|100\/100\n|move|p1a: Sh\ud83d\udca9tsquid|Scald|p2a: Froslass\n|-damage|p2a: Froslass|82\/100\n|\n|-weather|Snow|[upkeep]\n|-heal|p1a: Sh\ud83d\udca9tsquid|95\/100|[from] item: Leftovers\n|upkeep\n|turn|4\n|\n|t:|1701120131\n|move|p1a: Sh\ud83d\udca9tsquid|Knock Off|p2a: Froslass\n|-supereffective|p2a: Froslass\n|-damage|p2a: Froslass|65\/100\n|-enditem|p2a: Froslass|Spooky Plate|[from] move: Knock Off|[of] p1a: Sh\ud83d\udca9tsquid\n|move|p2a: Froslass|Psychic|p1a: Sh\ud83d\udca9tsquid\n|-supereffective|p1a: Sh\ud83d\udca9tsquid\n|-damage|p1a: Sh\ud83d\udca9tsquid|60\/100\n|\n|-weather|Snow|[upkeep]\n|-heal|p1a: Sh\ud83d\udca9tsquid|66\/100|[from] item: Leftovers\n|upkeep\n|turn|5\n|\n|t:|1701120139\n|move|p1a: Sh\ud83d\udca9tsquid|Toxic|p2a: Froslass\n|-status|p2a: Froslass|tox\n|move|p2a: Froslass|Will-O-Wisp|p1a: Sh\ud83d\udca9tsquid\n|-status|p1a: Sh\ud83d\udca9tsquid|brn\n|\n|-weather|Snow|[upkeep]\n|-heal|p1a: Sh\ud83d\udca9tsquid|72\/100 brn|[from] item: Leftovers\n|-damage|p2a: Froslass|59\/100 tox|[from] psn\n|-damage|p1a: Sh\ud83d\udca9tsquid|66\/100 brn|[from] brn\n|-sideend|p2: ColonialHelmet|move: Aurora Veil\n|upkeep\n|turn|6\n|\n|t:|1701120149\n|move|p1a: Sh\ud83d\udca9tsquid|Scald|p2a: Froslass\n|-damage|p2a: Froslass|26\/100 tox\n|-start|p1a: Sh\ud83d\udca9tsquid|Disable|Scald|[from] ability: Cursed Body|[of] p2a: Froslass\n|move|p2a: Froslass|Hex|p1a: Sh\ud83d\udca9tsquid\n|-damage|p1a: Sh\ud83d\udca9tsquid|28\/100 brn\n|\n|-weather|Snow|[upkeep]\n|-heal|p1a: Sh\ud83d\udca9tsquid|34\/100 brn|[from] item: Leftovers\n|-damage|p2a: Froslass|14\/100 tox|[from] psn\n|-damage|p1a: Sh\ud83d\udca9tsquid|28\/100 brn|[from] brn\n|upkeep\n|turn|7\n|\n|t:|1701120178\n|move|p1a: Sh\ud83d\udca9tsquid|Knock Off|p2a: Froslass\n|-supereffective|p2a: Froslass\n|-damage|p2a: Froslass|2\/100 tox\n|move|p2a: Froslass|Hex|p1a: Sh\ud83d\udca9tsquid\n|-damage|p1a: Sh\ud83d\udca9tsquid|0 fnt\n|faint|p1a: Sh\ud83d\udca9tsquid\n|\n|-weather|Snow|[upkeep]\n|-damage|p2a: Froslass|0 fnt|[from] psn\n|faint|p2a: Froslass\n|upkeep\n|\n|t:|1701120190\n|switch|p1a: No Fun Allowed|Salazzle, F|100\/100\n|switch|p2a: Frosmoth|Frosmoth, F|100\/100\n|turn|8\n|\n|t:|1701120199\n|move|p1a: No Fun Allowed|Substitute|p1a: No Fun Allowed\n|-start|p1a: No Fun Allowed|Substitute\n|-damage|p1a: No Fun Allowed|76\/100\n|move|p2a: Frosmoth|Stun Spore|p1a: No Fun Allowed|[miss]\n|-miss|p2a: Frosmoth|p1a: No Fun Allowed\n|\n|-weather|none\n|-heal|p1a: No Fun Allowed|82\/100|[from] item: Leftovers\n|upkeep\n|turn|9\n|\n|t:|1701120206\n|move|p1a: No Fun Allowed|Flamethrower|p2a: Frosmoth\n|-supereffective|p2a: Frosmoth\n|-damage|p2a: Frosmoth|0 fnt\n|faint|p2a: Frosmoth\n|\n|-heal|p1a: No Fun Allowed|88\/100|[from] item: Leftovers\n|upkeep\n|c|\u2606SalCHITOSEtator|gg\n|\n|t:|1701120222\n|switch|p2a: Abomasnow|Abomasnow, M|100\/100\n|-weather|Snow|[from] ability: Snow Warning|[of] p2a: Abomasnow\n|turn|10\n|\n|t:|1701120234\n|detailschange|p2a: Abomasnow|Abomasnow-Mega, M\n|-mega|p2a: Abomasnow|Abomasnow|Abomasite\n|move|p1a: No Fun Allowed|Flamethrower|p2a: Abomasnow\n|-supereffective|p2a: Abomasnow\n|-damage|p2a: Abomasnow|0 fnt\n|faint|p2a: Abomasnow\n|\n|-weather|Snow|[upkeep]\n|-heal|p1a: No Fun Allowed|94\/100|[from] item: Leftovers\n|upkeep\n|c|\u2606SalCHITOSEtator|?\n|\n|t:|1701120242\n|switch|p2a: Beartic|Beartic, M|100\/100\n|turn|11\n|\n|t:|1701120245\n|move|p1a: No Fun Allowed|Protect|p1a: No Fun Allowed\n|-singleturn|p1a: No Fun Allowed|Protect\n|move|p2a: Beartic|Aqua Jet|p1a: No Fun Allowed\n|-activate|p1a: No Fun Allowed|move: Protect\n|\n|-weather|Snow|[upkeep]\n|-heal|p1a: No Fun Allowed|99\/100|[from] item: Leftovers\n|upkeep\n|turn|12\n|\n|t:|1701120252\n|move|p2a: Beartic|Aqua Jet|p1a: No Fun Allowed\n|-supereffective|p1a: No Fun Allowed\n|-end|p1a: No Fun Allowed|Substitute\n|move|p1a: No Fun Allowed|Substitute|p1a: No Fun Allowed\n|-start|p1a: No Fun Allowed|Substitute\n|-damage|p1a: No Fun Allowed|75\/100\n|\n|-weather|Snow|[upkeep]\n|-heal|p1a: No Fun Allowed|81\/100|[from] item: Leftovers\n|upkeep\n|turn|13\n|\n|t:|1701120261\n|move|p1a: No Fun Allowed|Protect|p1a: No Fun Allowed\n|-singleturn|p1a: No Fun Allowed|Protect\n|move|p2a: Beartic|Swords Dance|p2a: Beartic\n|-boost|p2a: Beartic|atk|2\n|\n|-weather|Snow|[upkeep]\n|-heal|p1a: No Fun Allowed|88\/100|[from] item: Leftovers\n|upkeep\n|turn|14\n|\n|t:|1701120268\n|move|p2a: Beartic|Aqua Jet|p1a: No Fun Allowed\n|-supereffective|p1a: No Fun Allowed\n|-end|p1a: No Fun Allowed|Substitute\n|move|p1a: No Fun Allowed|Flamethrower|p2a: Beartic\n|-supereffective|p2a: Beartic\n|-damage|p2a: Beartic|10\/100\n|\n|-weather|none\n|-heal|p1a: No Fun Allowed|94\/100|[from] item: Leftovers\n|upkeep\n|turn|15\n|\n|t:|1701120276\n|switch|p1a: Sh\ud83d\udca9tbird|Mandibuzz, F|100\/100\n|move|p2a: Beartic|Aqua Jet|p1a: Sh\ud83d\udca9tbird\n|-damage|p1a: Sh\ud83d\udca9tbird|88\/100\n|\n|upkeep\n|turn|16\n|\n|t:|1701120284\n|move|p2a: Beartic|Close Combat|p1a: Sh\ud83d\udca9tbird\n|-damage|p1a: Sh\ud83d\udca9tbird|48\/100\n|-unboost|p2a: Beartic|def|1\n|-unboost|p2a: Beartic|spd|1\n|move|p1a: Sh\ud83d\udca9tbird|Foul Play|p2a: Beartic\n|-damage|p2a: Beartic|0 fnt\n|faint|p2a: Beartic\n|\n|upkeep\n|\n|t:|1701120292\n|switch|p2a: Ninetales|Ninetales-Alola, F, tera:Steel|37\/100\n|-weather|Snow|[from] ability: Snow Warning|[of] p2a: Ninetales\n|turn|17\n|\n|t:|1701120297\n|move|p2a: Ninetales|Blizzard|p1a: Sh\ud83d\udca9tbird\n|-supereffective|p1a: Sh\ud83d\udca9tbird\n|-damage|p1a: Sh\ud83d\udca9tbird|0 fnt\n|faint|p1a: Sh\ud83d\udca9tbird\n|\n|-weather|Snow|[upkeep]\n|upkeep\n|\n|t:|1701120300\n|switch|p1a: No Fun Allowed|Salazzle, F|94\/100\n|turn|18\n|\n|t:|1701120305\n|move|p1a: No Fun Allowed|Flamethrower|p2a: Ninetales\n|-supereffective|p2a: Ninetales\n|-damage|p2a: Ninetales|0 fnt\n|faint|p2a: Ninetales\n|\n|-weather|Snow|[upkeep]\n|-heal|p1a: No Fun Allowed|99\/100|[from] item: Leftovers\n|upkeep\n|\n|t:|1701120311\n|switch|p2a: Cloyster|Cloyster, F|100\/100\n|turn|19\n|\n|t:|1701120316\n|-terastallize|p1a: No Fun Allowed|Flying\n|move|p1a: No Fun Allowed|Toxic|p2a: Cloyster\n|-status|p2a: Cloyster|tox\n|move|p2a: Cloyster|Liquidation|p1a: No Fun Allowed\n|-damage|p1a: No Fun Allowed|49\/100\n|\n|-weather|Snow|[upkeep]\n|-heal|p1a: No Fun Allowed|55\/100|[from] item: Leftovers\n|-damage|p2a: Cloyster|94\/100 tox|[from] psn\n|upkeep\n|turn|20\n|\n|t:|1701120325\n|move|p1a: No Fun Allowed|Flamethrower|p2a: Cloyster\n|-damage|p2a: Cloyster|50\/100 tox\n|move|p2a: Cloyster|Icicle Spear|p1a: No Fun Allowed\n|-supereffective|p1a: No Fun Allowed\n|-damage|p1a: No Fun Allowed|26\/100\n|-supereffective|p1a: No Fun Allowed\n|-crit|p1a: No Fun Allowed\n|-damage|p1a: No Fun Allowed|0 fnt\n|faint|p1a: No Fun Allowed\n|-hitcount|p1: No Fun Allowed|2\n|\n|-weather|Snow|[upkeep]\n|-damage|p2a: Cloyster|37\/100 tox|[from] psn\n|upkeep\n|\n|t:|1701120331\n|switch|p1a: Click the \u274c|Nosepass, L1, M, shiny|100\/100\n|turn|21\n|\n|t:|1701120337\n|move|p1a: Click the \u274c|Protect|p1a: Click the \u274c\n|-singleturn|p1a: Click the \u274c|Protect\n|move|p2a: Cloyster|Icicle Spear|p1a: Click the \u274c\n|-activate|p1a: Click the \u274c|move: Protect\n|\n|-weather|none\n|-damage|p2a: Cloyster|19\/100 tox|[from] psn\n|upkeep\n|turn|22\n|\n|t:|1701120344\n|move|p1a: Click the \u274c|Protect||[still]\n|-fail|p1a: Click the \u274c\n|move|p2a: Cloyster|Icicle Spear|p1a: Click the \u274c\n|-ability|p1a: Click the \u274c|Sturdy\n|-damage|p1a: Click the \u274c|10\/100\n|-enditem|p1a: Click the \u274c|Berry Juice\n|-heal|p1a: Click the \u274c|100\/100|[from] item: Berry Juice\n|-ability|p1a: Click the \u274c|Sturdy\n|-damage|p1a: Click the \u274c|10\/100\n|-damage|p1a: Click the \u274c|0 fnt\n|faint|p1a: Click the \u274c\n|-hitcount|p1: Click the \u274c|3\n|\n|-damage|p2a: Cloyster|0 fnt|[from] psn\n|faint|p2a: Cloyster\n|\n|win|SalCHITOSEtator\n|upkeep\n|raw|SalCHITOSEtator's rating: 1119 &rarr; <strong>1138<\/strong><br \/>(+19 for winning)\n|raw|ColonialHelmet's rating: 1034 &rarr; <strong>1023<\/strong><br \/>(-11 for losing)\n","uploadtime":1701120348,"views":1,"p1id":"salchitosetator","p2id":"colonialhelmet","formatid":"gen9nationaldex","rating":1023,"private":0,"password":""}