{"id":"gen9nationaldex-1988082880","p1":"fsdfsDIXdfsd","p2":"PhantonSpectrum","format":"[Gen 9] National Dex","log":"|j|\u2606fsdfsDIXdfsd\n|j|\u2606PhantonSpectrum\n|t:|1699667420\n|gametype|singles\n|player|p1|fsdfsDIXdfsd|ghetsis|1165\n|player|p2|PhantonSpectrum|clown|1177\n|teamsize|p1|6\n|teamsize|p2|6\n|gen|9\n|tier|[Gen 9] National Dex\n|rated|\n|rule|HP Percentage Mod: HP is shown in percentages\n|rule|Endless Battle Clause: Forcing endless battles is banned\n|rule|OHKO Clause: OHKO moves are banned\n|rule|Evasion Clause: Evasion abilities, items, and moves are banned\n|rule|Evasion Abilities Clause: Evasion abilities are banned\n|rule|Evasion Items Clause: Evasion items are banned\n|rule|Evasion Moves Clause: Evasion moves are banned\n|rule|Species Clause: Limit one of each Pok\u00e9mon\n|rule|Sleep Clause Mod: Limit one foe put to sleep\n|clearpoke\n|poke|p1|Salazzle, F|\n|poke|p1|Magnemite, L1|\n|poke|p1|Probopass, L2, M|\n|poke|p1|Mandibuzz, F|\n|poke|p1|Nosepass, L1, F|\n|poke|p1|Tentacruel, M|\n|poke|p2|Glalie, M|\n|poke|p2|Eldegoss, F|\n|poke|p2|Zapdos|\n|poke|p2|Ferrothorn, F|\n|poke|p2|Landorus-Therian, M|\n|poke|p2|Metagross|\n|teampreview\n|\n|t:|1699667425\n|start\n|switch|p1a: No Fun Allowed|Salazzle, F|100\/100\n|switch|p2a: Glalie|Glalie, M, shiny|100\/100\n|turn|1\n|inactive|Battle timer is ON: inactive players will automatically lose when time's up. (requested by PhantonSpectrum)\n|\n|t:|1699667437\n|detailschange|p2a: Glalie|Glalie-Mega, M, shiny\n|-mega|p2a: Glalie|Glalie|Glalitite\n|move|p1a: No Fun Allowed|Flamethrower|p2a: Glalie\n|-supereffective|p2a: Glalie\n|-damage|p2a: Glalie|0 fnt\n|faint|p2a: Glalie\n|\n|upkeep\n|c|\u2606fsdfsDIXdfsd|alright\n|\n|t:|1699667443\n|switch|p2a: Landorus|Landorus-Therian, M|100\/100\n|-ability|p2a: Landorus|Intimidate|boost\n|-unboost|p1a: No Fun Allowed|atk|1\n|turn|2\n|\n|t:|1699667447\n|switch|p1a: Sh\ud83d\udca9tbird|Mandibuzz, F|100\/100\n|move|p2a: Landorus|Earthquake|p1a: Sh\ud83d\udca9tbird\n|-immune|p1a: Sh\ud83d\udca9tbird\n|\n|upkeep\n|turn|3\n|\n|t:|1699667451\n|switch|p2a: Ferrothorn|Ferrothorn, F|100\/100\n|move|p1a: Sh\ud83d\udca9tbird|Toxic|p2a: Ferrothorn\n|-immune|p2a: Ferrothorn\n|\n|upkeep\n|turn|4\n|\n|t:|1699667455\n|switch|p1a: No Fun Allowed|Salazzle, F|100\/100\n|move|p2a: Ferrothorn|Stealth Rock|p1a: No Fun Allowed\n|-sidestart|p1: fsdfsDIXdfsd|move: Stealth Rock\n|\n|upkeep\n|turn|5\n|\n|t:|1699667459\n|switch|p2a: Zapdos|Zapdos|100\/100\n|move|p1a: No Fun Allowed|Flamethrower|p2a: Zapdos\n|-damage|p2a: Zapdos|62\/100\n|\n|upkeep\n|turn|6\n|\n|t:|1699667465\n|move|p1a: No Fun Allowed|Substitute|p1a: No Fun Allowed\n|-start|p1a: No Fun Allowed|Substitute\n|-damage|p1a: No Fun Allowed|76\/100\n|move|p2a: Zapdos|Volt Switch|p1a: No Fun Allowed\n|-end|p1a: No Fun Allowed|Substitute\n|\n|t:|1699667467\n|switch|p2a: Landorus|Landorus-Therian, M|100\/100|[from] Volt Switch\n|-ability|p2a: Landorus|Intimidate|boost\n|-unboost|p1a: No Fun Allowed|atk|1\n|\n|-heal|p1a: No Fun Allowed|82\/100|[from] item: Leftovers\n|upkeep\n|turn|7\n|\n|t:|1699667474\n|-terastallize|p1a: No Fun Allowed|Flying\n|move|p2a: Landorus|Knock Off|p1a: No Fun Allowed\n|-damage|p1a: No Fun Allowed|18\/100\n|-enditem|p1a: No Fun Allowed|Leftovers|[from] move: Knock Off|[of] p2a: Landorus\n|move|p1a: No Fun Allowed|Substitute|p1a: No Fun Allowed\n|-fail|p1a: No Fun Allowed|move: Substitute|[weak]\n|\n|upkeep\n|turn|8\n|\n|t:|1699667478\n|move|p1a: No Fun Allowed|Protect|p1a: No Fun Allowed\n|-singleturn|p1a: No Fun Allowed|Protect\n|move|p2a: Landorus|Knock Off|p1a: No Fun Allowed\n|-activate|p1a: No Fun Allowed|move: Protect\n|\n|upkeep\n|turn|9\n|\n|t:|1699667480\n|switch|p1a: Sh\ud83d\udca9tbird|Mandibuzz, F|100\/100\n|move|p2a: Landorus|Knock Off|p1a: Sh\ud83d\udca9tbird\n|-resisted|p1a: Sh\ud83d\udca9tbird\n|-damage|p1a: Sh\ud83d\udca9tbird|90\/100\n|-enditem|p1a: Sh\ud83d\udca9tbird|Heavy-Duty Boots|[from] move: Knock Off|[of] p2a: Landorus\n|\n|upkeep\n|turn|10\n|\n|t:|1699667483\n|switch|p2a: Metagross|Metagross|100\/100\n|move|p1a: Sh\ud83d\udca9tbird|Defog|p2a: Metagross\n|-fail|p2a: Metagross|unboost|[from] ability: Clear Body|[of] p2a: Metagross\n|-sideend|p1: fsdfsDIXdfsd|Stealth Rock|[from] move: Defog|[of] p1a: Sh\ud83d\udca9tbird\n|\n|upkeep\n|turn|11\n|\n|t:|1699667489\n|move|p1a: Sh\ud83d\udca9tbird|Foul Play|p2a: Metagross\n|-supereffective|p2a: Metagross\n|-damage|p2a: Metagross|21\/100\n|move|p2a: Metagross|Meteor Mash|p1a: Sh\ud83d\udca9tbird\n|-damage|p1a: Sh\ud83d\udca9tbird|59\/100\n|\n|-heal|p2a: Metagross|27\/100|[from] item: Leftovers\n|upkeep\n|turn|12\n|\n|t:|1699667492\n|switch|p2a: Landorus|Landorus-Therian, M|100\/100\n|-ability|p2a: Landorus|Intimidate|boost\n|-unboost|p1a: Sh\ud83d\udca9tbird|atk|1\n|move|p1a: Sh\ud83d\udca9tbird|Foul Play|p2a: Landorus\n|-damage|p2a: Landorus|38\/100\n|\n|upkeep\n|turn|13\n|\n|t:|1699667495\n|move|p2a: Landorus|U-turn|p1a: Sh\ud83d\udca9tbird\n|-damage|p1a: Sh\ud83d\udca9tbird|44\/100\n|\n|t:|1699667497\n|switch|p2a: Ferrothorn|Ferrothorn, F|100\/100|[from] U-turn\n|move|p1a: Sh\ud83d\udca9tbird|Roost|p1a: Sh\ud83d\udca9tbird\n|-heal|p1a: Sh\ud83d\udca9tbird|94\/100\n|-singleturn|p1a: Sh\ud83d\udca9tbird|move: Roost\n|\n|upkeep\n|turn|14\n|\n|t:|1699667500\n|switch|p1a: No Fun Allowed|Salazzle, F, tera:Flying|18\/100\n|move|p2a: Ferrothorn|Stealth Rock|p1a: No Fun Allowed\n|-sidestart|p1: fsdfsDIXdfsd|move: Stealth Rock\n|\n|upkeep\n|turn|15\n|\n|t:|1699667505\n|switch|p2a: Zapdos|Zapdos|62\/100\n|move|p1a: No Fun Allowed|Flamethrower|p2a: Zapdos\n|-damage|p2a: Zapdos|24\/100\n|\n|upkeep\n|turn|16\n|\n|t:|1699667508\n|move|p1a: No Fun Allowed|Flamethrower|p2a: Zapdos\n|-damage|p2a: Zapdos|0 fnt\n|faint|p2a: Zapdos\n|\n|upkeep\n|\n|t:|1699667511\n|switch|p2a: Metagross|Metagross|27\/100\n|turn|17\n|\n|t:|1699667514\n|switch|p1a: Sh\ud83d\udca9tsquid|Tentacruel, M|100\/100\n|-damage|p1a: Sh\ud83d\udca9tsquid|88\/100|[from] Stealth Rock\n|move|p2a: Metagross|Iron Defense|p2a: Metagross\n|-boost|p2a: Metagross|def|2\n|\n|-heal|p1a: Sh\ud83d\udca9tsquid|94\/100|[from] item: Leftovers\n|-heal|p2a: Metagross|33\/100|[from] item: Leftovers\n|upkeep\n|turn|18\n|\n|t:|1699667520\n|move|p1a: Sh\ud83d\udca9tsquid|Scald|p2a: Metagross\n|-damage|p2a: Metagross|8\/100\n|move|p2a: Metagross|Psycho Cut|p1a: Sh\ud83d\udca9tsquid\n|-supereffective|p1a: Sh\ud83d\udca9tsquid\n|-damage|p1a: Sh\ud83d\udca9tsquid|0 fnt\n|faint|p1a: Sh\ud83d\udca9tsquid\n|\n|-heal|p2a: Metagross|15\/100|[from] item: Leftovers\n|upkeep\n|\n|t:|1699667523\n|switch|p1a: Sh\ud83d\udca9tbird|Mandibuzz, F|94\/100\n|-damage|p1a: Sh\ud83d\udca9tbird|70\/100|[from] Stealth Rock\n|turn|19\n|\n|t:|1699667528\n|move|p1a: Sh\ud83d\udca9tbird|Defog|p2a: Metagross\n|-fail|p2a: Metagross|unboost|[from] ability: Clear Body|[of] p2a: Metagross\n|-sideend|p1: fsdfsDIXdfsd|Stealth Rock|[from] move: Defog|[of] p1a: Sh\ud83d\udca9tbird\n|move|p2a: Metagross|Iron Defense|p2a: Metagross\n|-boost|p2a: Metagross|def|2\n|\n|-heal|p2a: Metagross|21\/100|[from] item: Leftovers\n|upkeep\n|turn|20\n|c|\u2606fsdfsDIXdfsd|lol\n|\n|t:|1699667535\n|move|p1a: Sh\ud83d\udca9tbird|Foul Play|p2a: Metagross\n|-supereffective|p2a: Metagross\n|-damage|p2a: Metagross|0 fnt\n|faint|p2a: Metagross\n|\n|upkeep\n|\n|t:|1699667541\n|switch|p2a: Ferrothorn|Ferrothorn, F|100\/100\n|turn|21\n|\n|t:|1699667548\n|switch|p1a: No Fun Allowed|Salazzle, F, tera:Flying|18\/100\n|move|p2a: Ferrothorn|Gyro Ball|p1a: No Fun Allowed\n|-damage|p1a: No Fun Allowed|0 fnt\n|faint|p1a: No Fun Allowed\n|\n|upkeep\n|\n|t:|1699667554\n|switch|p1a: Literally Level 1|Magnemite, L1|100\/100\n|turn|22\n|\n|t:|1699667556\n|move|p1a: Literally Level 1|Magic Coat|p1a: Literally Level 1\n|-singleturn|p1a: Literally Level 1|move: Magic Coat\n|move|p2a: Ferrothorn|Stealth Rock|p1a: Literally Level 1\n|move|p1a: Literally Level 1|Stealth Rock|p2a: Ferrothorn|[from]Magic Coat\n|-sidestart|p2: PhantonSpectrum|move: Stealth Rock\n|\n|upkeep\n|turn|23\n|\n|t:|1699667559\n|move|p1a: Literally Level 1|Magic Coat|p1a: Literally Level 1\n|-singleturn|p1a: Literally Level 1|move: Magic Coat\n|move|p2a: Ferrothorn|Stealth Rock|p1a: Literally Level 1\n|move|p1a: Literally Level 1|Stealth Rock||[from]Magic Coat|[still]\n|-fail|p1a: Literally Level 1\n|\n|upkeep\n|turn|24\n|\n|t:|1699667562\n|move|p1a: Literally Level 1|Magic Coat|p1a: Literally Level 1\n|-singleturn|p1a: Literally Level 1|move: Magic Coat\n|move|p2a: Ferrothorn|Stealth Rock|p1a: Literally Level 1\n|move|p1a: Literally Level 1|Stealth Rock||[from]Magic Coat|[still]\n|-fail|p1a: Literally Level 1\n|\n|upkeep\n|turn|25\n|\n|t:|1699667565\n|move|p1a: Literally Level 1|Magic Coat|p1a: Literally Level 1\n|-singleturn|p1a: Literally Level 1|move: Magic Coat\n|move|p2a: Ferrothorn|Stealth Rock|p1a: Literally Level 1\n|move|p1a: Literally Level 1|Stealth Rock||[from]Magic Coat|[still]\n|-fail|p1a: Literally Level 1\n|\n|upkeep\n|turn|26\n|\n|t:|1699667567\n|move|p1a: Literally Level 1|Magic Coat|p1a: Literally Level 1\n|-singleturn|p1a: Literally Level 1|move: Magic Coat\n|move|p2a: Ferrothorn|Stealth Rock|p1a: Literally Level 1\n|move|p1a: Literally Level 1|Stealth Rock||[from]Magic Coat|[still]\n|-fail|p1a: Literally Level 1\n|\n|upkeep\n|turn|27\n|\n|t:|1699667569\n|move|p1a: Literally Level 1|Magic Coat|p1a: Literally Level 1\n|-singleturn|p1a: Literally Level 1|move: Magic Coat\n|move|p2a: Ferrothorn|Leech Seed|p1a: Literally Level 1\n|move|p1a: Literally Level 1|Leech Seed|p2a: Ferrothorn|[from]Magic Coat\n|-immune|p2a: Ferrothorn\n|\n|upkeep\n|turn|28\n|\n|t:|1699667572\n|move|p1a: Literally Level 1|Magic Coat|p1a: Literally Level 1\n|-singleturn|p1a: Literally Level 1|move: Magic Coat\n|move|p2a: Ferrothorn|Leech Seed|p1a: Literally Level 1\n|move|p1a: Literally Level 1|Leech Seed|p2a: Ferrothorn|[from]Magic Coat\n|-immune|p2a: Ferrothorn\n|\n|upkeep\n|turn|29\n|\n|t:|1699667576\n|move|p1a: Literally Level 1|Magic Coat|p1a: Literally Level 1\n|-singleturn|p1a: Literally Level 1|move: Magic Coat\n|move|p2a: Ferrothorn|Stealth Rock|p1a: Literally Level 1\n|move|p1a: Literally Level 1|Stealth Rock||[from]Magic Coat|[still]\n|-fail|p1a: Literally Level 1\n|\n|upkeep\n|turn|30\n|\n|t:|1699667579\n|move|p1a: Literally Level 1|Magic Coat|p1a: Literally Level 1\n|-singleturn|p1a: Literally Level 1|move: Magic Coat\n|move|p2a: Ferrothorn|Leech Seed|p1a: Literally Level 1\n|move|p1a: Literally Level 1|Leech Seed|p2a: Ferrothorn|[from]Magic Coat\n|-immune|p2a: Ferrothorn\n|\n|upkeep\n|turn|31\n|\n|t:|1699667582\n|move|p1a: Literally Level 1|Magic Coat|p1a: Literally Level 1\n|-singleturn|p1a: Literally Level 1|move: Magic Coat\n|move|p2a: Ferrothorn|Leech Seed|p1a: Literally Level 1\n|move|p1a: Literally Level 1|Leech Seed|p2a: Ferrothorn|[from]Magic Coat\n|-immune|p2a: Ferrothorn\n|\n|upkeep\n|turn|32\n|\n|t:|1699667585\n|move|p1a: Literally Level 1|Magic Coat|p1a: Literally Level 1\n|-singleturn|p1a: Literally Level 1|move: Magic Coat\n|move|p2a: Ferrothorn|Stealth Rock|p1a: Literally Level 1\n|move|p1a: Literally Level 1|Stealth Rock||[from]Magic Coat|[still]\n|-fail|p1a: Literally Level 1\n|\n|upkeep\n|turn|33\n|\n|t:|1699667588\n|move|p1a: Literally Level 1|Magic Coat|p1a: Literally Level 1\n|-singleturn|p1a: Literally Level 1|move: Magic Coat\n|move|p2a: Ferrothorn|Leech Seed|p1a: Literally Level 1\n|move|p1a: Literally Level 1|Leech Seed|p2a: Ferrothorn|[from]Magic Coat\n|-immune|p2a: Ferrothorn\n|\n|upkeep\n|turn|34\n|\n|t:|1699667591\n|move|p1a: Literally Level 1|Magic Coat|p1a: Literally Level 1\n|-singleturn|p1a: Literally Level 1|move: Magic Coat\n|move|p2a: Ferrothorn|Leech Seed|p1a: Literally Level 1\n|move|p1a: Literally Level 1|Leech Seed|p2a: Ferrothorn|[from]Magic Coat\n|-immune|p2a: Ferrothorn\n|\n|upkeep\n|turn|35\n|\n|t:|1699667593\n|move|p1a: Literally Level 1|Magic Coat|p1a: Literally Level 1\n|-singleturn|p1a: Literally Level 1|move: Magic Coat\n|move|p2a: Ferrothorn|Leech Seed|p1a: Literally Level 1\n|move|p1a: Literally Level 1|Leech Seed|p2a: Ferrothorn|[from]Magic Coat\n|-immune|p2a: Ferrothorn\n|\n|upkeep\n|turn|36\n|\n|t:|1699667596\n|move|p1a: Literally Level 1|Magic Coat|p1a: Literally Level 1\n|-singleturn|p1a: Literally Level 1|move: Magic Coat\n|move|p2a: Ferrothorn|Stealth Rock|p1a: Literally Level 1\n|move|p1a: Literally Level 1|Stealth Rock||[from]Magic Coat|[still]\n|-fail|p1a: Literally Level 1\n|\n|upkeep\n|turn|37\n|\n|t:|1699667599\n|move|p1a: Literally Level 1|Magic Coat|p1a: Literally Level 1\n|-singleturn|p1a: Literally Level 1|move: Magic Coat\n|move|p2a: Ferrothorn|Stealth Rock|p1a: Literally Level 1\n|move|p1a: Literally Level 1|Stealth Rock||[from]Magic Coat|[still]\n|-fail|p1a: Literally Level 1\n|\n|upkeep\n|turn|38\n|\n|t:|1699667601\n|move|p1a: Literally Level 1|Magic Coat|p1a: Literally Level 1\n|-singleturn|p1a: Literally Level 1|move: Magic Coat\n|move|p2a: Ferrothorn|Stealth Rock|p1a: Literally Level 1\n|move|p1a: Literally Level 1|Stealth Rock||[from]Magic Coat|[still]\n|-fail|p1a: Literally Level 1\n|\n|upkeep\n|turn|39\n|\n|t:|1699667604\n|move|p1a: Literally Level 1|Magic Coat|p1a: Literally Level 1\n|-singleturn|p1a: Literally Level 1|move: Magic Coat\n|move|p2a: Ferrothorn|Leech Seed|p1a: Literally Level 1\n|move|p1a: Literally Level 1|Leech Seed|p2a: Ferrothorn|[from]Magic Coat\n|-immune|p2a: Ferrothorn\n|\n|upkeep\n|turn|40\n|\n|t:|1699667608\n|move|p1a: Literally Level 1|Magic Coat|p1a: Literally Level 1\n|-singleturn|p1a: Literally Level 1|move: Magic Coat\n|move|p2a: Ferrothorn|Stealth Rock|p1a: Literally Level 1\n|move|p1a: Literally Level 1|Stealth Rock||[from]Magic Coat|[still]\n|-fail|p1a: Literally Level 1\n|\n|upkeep\n|turn|41\n|\n|t:|1699667611\n|move|p1a: Literally Level 1|Magic Coat|p1a: Literally Level 1\n|-singleturn|p1a: Literally Level 1|move: Magic Coat\n|move|p2a: Ferrothorn|Stealth Rock|p1a: Literally Level 1\n|move|p1a: Literally Level 1|Stealth Rock||[from]Magic Coat|[still]\n|-fail|p1a: Literally Level 1\n|\n|upkeep\n|turn|42\n|\n|t:|1699667613\n|move|p1a: Literally Level 1|Magic Coat|p1a: Literally Level 1\n|-singleturn|p1a: Literally Level 1|move: Magic Coat\n|move|p2a: Ferrothorn|Stealth Rock|p1a: Literally Level 1\n|move|p1a: Literally Level 1|Stealth Rock||[from]Magic Coat|[still]\n|-fail|p1a: Literally Level 1\n|\n|upkeep\n|turn|43\n|\n|t:|1699667616\n|move|p1a: Literally Level 1|Magic Coat|p1a: Literally Level 1\n|-singleturn|p1a: Literally Level 1|move: Magic Coat\n|move|p2a: Ferrothorn|Stealth Rock|p1a: Literally Level 1\n|move|p1a: Literally Level 1|Stealth Rock||[from]Magic Coat|[still]\n|-fail|p1a: Literally Level 1\n|\n|upkeep\n|turn|44\n|\n|t:|1699667619\n|move|p1a: Literally Level 1|Magic Coat|p1a: Literally Level 1\n|-singleturn|p1a: Literally Level 1|move: Magic Coat\n|move|p2a: Ferrothorn|Stealth Rock|p1a: Literally Level 1\n|move|p1a: Literally Level 1|Stealth Rock||[from]Magic Coat|[still]\n|-fail|p1a: Literally Level 1\n|\n|upkeep\n|turn|45\n|\n|t:|1699667623\n|switch|p1a: Sh\ud83d\udca9tbird|Mandibuzz, F|70\/100\n|move|p2a: Ferrothorn|Stealth Rock|p1a: Sh\ud83d\udca9tbird\n|-sidestart|p1: fsdfsDIXdfsd|move: Stealth Rock\n|\n|upkeep\n|turn|46\n|\n|t:|1699667626\n|move|p1a: Sh\ud83d\udca9tbird|Defog|p2a: Ferrothorn\n|-unboost|p2a: Ferrothorn|evasion|1\n|-sideend|p2: PhantonSpectrum|Stealth Rock|[from] move: Defog|[of] p1a: Sh\ud83d\udca9tbird\n|-sideend|p1: fsdfsDIXdfsd|Stealth Rock|[from] move: Defog|[of] p1a: Sh\ud83d\udca9tbird\n|move|p2a: Ferrothorn|Leech Seed|p1a: Sh\ud83d\udca9tbird\n|-start|p1a: Sh\ud83d\udca9tbird|move: Leech Seed\n|\n|-damage|p1a: Sh\ud83d\udca9tbird|57\/100|[from] Leech Seed|[of] p2a: Ferrothorn\n|upkeep\n|turn|47\n|\n|t:|1699667630\n|move|p1a: Sh\ud83d\udca9tbird|Roost|p1a: Sh\ud83d\udca9tbird\n|-heal|p1a: Sh\ud83d\udca9tbird|100\/100\n|-singleturn|p1a: Sh\ud83d\udca9tbird|move: Roost\n|move|p2a: Ferrothorn|Gyro Ball|p1a: Sh\ud83d\udca9tbird\n|-damage|p1a: Sh\ud83d\udca9tbird|79\/100\n|\n|-damage|p1a: Sh\ud83d\udca9tbird|66\/100|[from] Leech Seed|[of] p2a: Ferrothorn\n|upkeep\n|turn|48\n|\n|t:|1699667634\n|switch|p1a: Literally Level 1|Magnemite, L1|100\/100\n|move|p2a: Ferrothorn|Gyro Ball|p1a: Literally Level 1\n|-resisted|p1a: Literally Level 1\n|-ability|p1a: Literally Level 1|Sturdy\n|-damage|p1a: Literally Level 1|10\/100\n|-enditem|p1a: Literally Level 1|Berry Juice\n|-heal|p1a: Literally Level 1|100\/100|[from] item: Berry Juice\n|\n|upkeep\n|turn|49\n|\n|t:|1699667641\n|move|p1a: Literally Level 1|Magic Coat|p1a: Literally Level 1\n|-singleturn|p1a: Literally Level 1|move: Magic Coat\n|move|p2a: Ferrothorn|Leech Seed|p1a: Literally Level 1\n|move|p1a: Literally Level 1|Leech Seed|p2a: Ferrothorn|[from]Magic Coat\n|-immune|p2a: Ferrothorn\n|\n|upkeep\n|turn|50\n|\n|t:|1699667644\n|move|p1a: Literally Level 1|Protect|p1a: Literally Level 1\n|-singleturn|p1a: Literally Level 1|Protect\n|move|p2a: Ferrothorn|Leech Seed|p1a: Literally Level 1\n|-activate|p1a: Literally Level 1|move: Protect\n|\n|upkeep\n|turn|51\n|\n|t:|1699667653\n|switch|p1a: Sh\ud83d\udca9tbird|Mandibuzz, F|66\/100\n|move|p2a: Ferrothorn|Stealth Rock|p1a: Sh\ud83d\udca9tbird\n|-sidestart|p1: fsdfsDIXdfsd|move: Stealth Rock\n|\n|upkeep\n|turn|52\n|\n|t:|1699667657\n|switch|p2a: Landorus|Landorus-Therian, M|38\/100\n|-ability|p2a: Landorus|Intimidate|boost\n|-unboost|p1a: Sh\ud83d\udca9tbird|atk|1\n|move|p1a: Sh\ud83d\udca9tbird|Defog|p2a: Landorus\n|-unboost|p2a: Landorus|evasion|1\n|-sideend|p1: fsdfsDIXdfsd|Stealth Rock|[from] move: Defog|[of] p1a: Sh\ud83d\udca9tbird\n|\n|upkeep\n|turn|53\n|\n|t:|1699667661\n|move|p2a: Landorus|U-turn|p1a: Sh\ud83d\udca9tbird\n|-damage|p1a: Sh\ud83d\udca9tbird|52\/100\n|\n|t:|1699667662\n|switch|p2a: Ferrothorn|Ferrothorn, F|100\/100|[from] U-turn\n|move|p1a: Sh\ud83d\udca9tbird|Roost|p1a: Sh\ud83d\udca9tbird\n|-heal|p1a: Sh\ud83d\udca9tbird|100\/100\n|-singleturn|p1a: Sh\ud83d\udca9tbird|move: Roost\n|\n|upkeep\n|turn|54\n|\n|t:|1699667670\n|switch|p1a: Literally Level 1|Magnemite, L1|100\/100\n|move|p2a: Ferrothorn|Power Whip|p1a: Literally Level 1\n|-resisted|p1a: Literally Level 1\n|-ability|p1a: Literally Level 1|Sturdy\n|-damage|p1a: Literally Level 1|10\/100\n|\n|upkeep\n|turn|55\n|\n|t:|1699667678\n|move|p1a: Literally Level 1|Protect|p1a: Literally Level 1\n|-singleturn|p1a: Literally Level 1|Protect\n|move|p2a: Ferrothorn|Gyro Ball|p1a: Literally Level 1\n|-activate|p1a: Literally Level 1|move: Protect\n|\n|upkeep\n|turn|56\n|n|\u203dfsdfsDIXdfsd|fsdfsdixdfsd\n|\n|t:|1699667696\n|switch|p1a: Sh\ud83d\udca9tbird|Mandibuzz, F|100\/100\n|move|p2a: Ferrothorn|Power Whip|p1a: Sh\ud83d\udca9tbird\n|-resisted|p1a: Sh\ud83d\udca9tbird\n|-damage|p1a: Sh\ud83d\udca9tbird|89\/100\n|\n|upkeep\n|turn|57\n|\n|t:|1699667705\n|switch|p1a: Literally Level 1|Magnemite, L1|10\/100\n|move|p2a: Ferrothorn|Stealth Rock|p1a: Literally Level 1\n|-sidestart|p1: fsdfsDIXdfsd|move: Stealth Rock\n|\n|upkeep\n|turn|58\n|\n|t:|1699667709\n|move|p1a: Literally Level 1|Protect|p1a: Literally Level 1\n|-singleturn|p1a: Literally Level 1|Protect\n|move|p2a: Ferrothorn|Power Whip|p1a: Literally Level 1\n|-activate|p1a: Literally Level 1|move: Protect\n|\n|upkeep\n|turn|59\n|\n|t:|1699667715\n|move|p2a: Ferrothorn|Power Whip|p1a: Literally Level 1\n|-resisted|p1a: Literally Level 1\n|-damage|p1a: Literally Level 1|0 fnt\n|faint|p1a: Literally Level 1\n|\n|upkeep\n|\n|t:|1699667718\n|switch|p1a: Sh\ud83d\udca9tbird|Mandibuzz, F|89\/100\n|-damage|p1a: Sh\ud83d\udca9tbird|65\/100|[from] Stealth Rock\n|turn|60\n|\n|t:|1699667720\n|switch|p2a: Landorus|Landorus-Therian, M|38\/100\n|-ability|p2a: Landorus|Intimidate|boost\n|-unboost|p1a: Sh\ud83d\udca9tbird|atk|1\n|move|p1a: Sh\ud83d\udca9tbird|Defog|p2a: Landorus\n|-unboost|p2a: Landorus|evasion|1\n|-sideend|p1: fsdfsDIXdfsd|Stealth Rock|[from] move: Defog|[of] p1a: Sh\ud83d\udca9tbird\n|\n|upkeep\n|turn|61\n|\n|t:|1699667723\n|move|p2a: Landorus|U-turn|p1a: Sh\ud83d\udca9tbird\n|-damage|p1a: Sh\ud83d\udca9tbird|50\/100\n|\n|t:|1699667725\n|switch|p2a: Ferrothorn|Ferrothorn, F|100\/100|[from] U-turn\n|move|p1a: Sh\ud83d\udca9tbird|Roost|p1a: Sh\ud83d\udca9tbird\n|-heal|p1a: Sh\ud83d\udca9tbird|99\/100\n|-singleturn|p1a: Sh\ud83d\udca9tbird|move: Roost\n|\n|upkeep\n|turn|62\n|\n|t:|1699667730\n|move|p1a: Sh\ud83d\udca9tbird|Toxic|p2a: Ferrothorn\n|-immune|p2a: Ferrothorn\n|move|p2a: Ferrothorn|Stealth Rock|p1a: Sh\ud83d\udca9tbird\n|-sidestart|p1: fsdfsDIXdfsd|move: Stealth Rock\n|\n|upkeep\n|turn|63\n|\n|t:|1699667733\n|move|p1a: Sh\ud83d\udca9tbird|Defog|p2a: Ferrothorn\n|-unboost|p2a: Ferrothorn|evasion|1\n|-sideend|p1: fsdfsDIXdfsd|Stealth Rock|[from] move: Defog|[of] p1a: Sh\ud83d\udca9tbird\n|move|p2a: Ferrothorn|Leech Seed|p1a: Sh\ud83d\udca9tbird\n|-start|p1a: Sh\ud83d\udca9tbird|move: Leech Seed\n|\n|-damage|p1a: Sh\ud83d\udca9tbird|88\/100|[from] Leech Seed|[of] p2a: Ferrothorn\n|upkeep\n|turn|64\n|\n|t:|1699667737\n|switch|p2a: Landorus|Landorus-Therian, M|38\/100\n|-ability|p2a: Landorus|Intimidate|boost\n|-unboost|p1a: Sh\ud83d\udca9tbird|atk|1\n|move|p1a: Sh\ud83d\udca9tbird|Toxic|p2a: Landorus\n|-status|p2a: Landorus|tox\n|\n|-damage|p1a: Sh\ud83d\udca9tbird|75\/100|[from] Leech Seed|[of] p2a: Landorus\n|-heal|p2a: Landorus|54\/100 tox|[silent]\n|-damage|p2a: Landorus|48\/100 tox|[from] psn\n|upkeep\n|turn|65\n|\n|t:|1699667741\n|switch|p1a: Click the \u274c|Nosepass, L1, F, shiny|100\/100\n|move|p2a: Landorus|U-turn|p1a: Click the \u274c\n|-ability|p1a: Click the \u274c|Sturdy\n|-damage|p1a: Click the \u274c|10\/100\n|-enditem|p1a: Click the \u274c|Berry Juice\n|-heal|p1a: Click the \u274c|100\/100|[from] item: Berry Juice\n|\n|t:|1699667751\n|switch|p2a: Eldegoss|Eldegoss, F|100\/100|[from] U-turn\n|\n|upkeep\n|turn|66\n|\n|t:|1699667756\n|move|p1a: Click the \u274c|Protect|p1a: Click the \u274c\n|-singleturn|p1a: Click the \u274c|Protect\n|move|p2a: Eldegoss|Rapid Spin|p1a: Click the \u274c\n|-activate|p1a: Click the \u274c|move: Protect\n|\n|upkeep\n|turn|67\n|\n|t:|1699667759\n|move|p2a: Eldegoss|Rapid Spin|p1a: Click the \u274c\n|-resisted|p1a: Click the \u274c\n|-ability|p1a: Click the \u274c|Sturdy\n|-damage|p1a: Click the \u274c|10\/100\n|-boost|p2a: Eldegoss|spe|1\n|move|p1a: Click the \u274c|Pain Split|p2a: Eldegoss\n|-sethp|p2a: Eldegoss|50\/100|[from] move: Pain Split|[silent]\n|-sethp|p1a: Click the \u274c|100\/100|[from] move: Pain Split\n|\n|upkeep\n|turn|68\n|\n|t:|1699667762\n|move|p1a: Click the \u274c|Protect|p1a: Click the \u274c\n|-singleturn|p1a: Click the \u274c|Protect\n|move|p2a: Eldegoss|Leech Seed|p1a: Click the \u274c\n|-activate|p1a: Click the \u274c|move: Protect\n|\n|upkeep\n|turn|69\n|\n|t:|1699667769\n|switch|p1a: Sh\ud83d\udca9tbird|Mandibuzz, F|75\/100\n|move|p2a: Eldegoss|Leech Seed|p1a: Sh\ud83d\udca9tbird\n|-start|p1a: Sh\ud83d\udca9tbird|move: Leech Seed\n|\n|-damage|p1a: Sh\ud83d\udca9tbird|63\/100|[from] Leech Seed|[of] p2a: Eldegoss\n|-heal|p2a: Eldegoss|67\/100|[silent]\n|upkeep\n|turn|70\n|\n|t:|1699667772\n|switch|p2a: Ferrothorn|Ferrothorn, F|100\/100\n|move|p1a: Sh\ud83d\udca9tbird|Toxic|p2a: Ferrothorn\n|-immune|p2a: Ferrothorn\n|\n|-damage|p1a: Sh\ud83d\udca9tbird|51\/100|[from] Leech Seed|[of] p2a: Ferrothorn\n|upkeep\n|turn|71\n|\n|t:|1699667775\n|move|p1a: Sh\ud83d\udca9tbird|Roost|p1a: Sh\ud83d\udca9tbird\n|-heal|p1a: Sh\ud83d\udca9tbird|100\/100\n|-singleturn|p1a: Sh\ud83d\udca9tbird|move: Roost\n|move|p2a: Ferrothorn|Stealth Rock|p1a: Sh\ud83d\udca9tbird\n|-sidestart|p1: fsdfsDIXdfsd|move: Stealth Rock\n|\n|-damage|p1a: Sh\ud83d\udca9tbird|88\/100|[from] Leech Seed|[of] p2a: Ferrothorn\n|upkeep\n|turn|72\n|\n|t:|1699667778\n|switch|p2a: Landorus|Landorus-Therian, M|48\/100 tox\n|-ability|p2a: Landorus|Intimidate|boost\n|-unboost|p1a: Sh\ud83d\udca9tbird|atk|1\n|move|p1a: Sh\ud83d\udca9tbird|Defog|p2a: Landorus\n|-unboost|p2a: Landorus|evasion|1\n|-sideend|p1: fsdfsDIXdfsd|Stealth Rock|[from] move: Defog|[of] p1a: Sh\ud83d\udca9tbird\n|\n|-damage|p1a: Sh\ud83d\udca9tbird|76\/100|[from] Leech Seed|[of] p2a: Landorus\n|-heal|p2a: Landorus|65\/100 tox|[silent]\n|-damage|p2a: Landorus|59\/100 tox|[from] psn\n|upkeep\n|turn|73\n|\n|t:|1699667781\n|move|p2a: Landorus|U-turn|p1a: Sh\ud83d\udca9tbird\n|-damage|p1a: Sh\ud83d\udca9tbird|61\/100\n|\n|t:|1699667784\n|switch|p2a: Ferrothorn|Ferrothorn, F|100\/100|[from] U-turn\n|move|p1a: Sh\ud83d\udca9tbird|Foul Play|p2a: Ferrothorn\n|-damage|p2a: Ferrothorn|82\/100\n|-damage|p1a: Sh\ud83d\udca9tbird|48\/100|[from] ability: Iron Barbs|[of] p2a: Ferrothorn\n|\n|-heal|p2a: Ferrothorn|89\/100|[from] item: Leftovers\n|-damage|p1a: Sh\ud83d\udca9tbird|36\/100|[from] Leech Seed|[of] p2a: Ferrothorn\n|-heal|p2a: Ferrothorn|100\/100|[silent]\n|upkeep\n|turn|74\n|\n|t:|1699667786\n|switch|p2a: Landorus|Landorus-Therian, M|59\/100 tox\n|-ability|p2a: Landorus|Intimidate|boost\n|-unboost|p1a: Sh\ud83d\udca9tbird|atk|1\n|move|p1a: Sh\ud83d\udca9tbird|Roost|p1a: Sh\ud83d\udca9tbird\n|-heal|p1a: Sh\ud83d\udca9tbird|86\/100\n|-singleturn|p1a: Sh\ud83d\udca9tbird|move: Roost\n|\n|-damage|p1a: Sh\ud83d\udca9tbird|74\/100|[from] Leech Seed|[of] p2a: Landorus\n|-heal|p2a: Landorus|75\/100 tox|[silent]\n|-damage|p2a: Landorus|69\/100 tox|[from] psn\n|upkeep\n|turn|75\n|\n|t:|1699667790\n|switch|p1a: Level2\ufe0f\u20e3Level2\ufe0f\u20e3|Probopass, L2, M, shiny|100\/100\n|move|p2a: Landorus|U-turn|p1a: Level2\ufe0f\u20e3Level2\ufe0f\u20e3\n|-resisted|p1a: Level2\ufe0f\u20e3Level2\ufe0f\u20e3\n|-ability|p1a: Level2\ufe0f\u20e3Level2\ufe0f\u20e3|Sturdy\n|-damage|p1a: Level2\ufe0f\u20e3Level2\ufe0f\u20e3|8\/100\n|-enditem|p1a: Level2\ufe0f\u20e3Level2\ufe0f\u20e3|Berry Juice\n|-heal|p1a: Level2\ufe0f\u20e3Level2\ufe0f\u20e3|100\/100|[from] item: Berry Juice\n|\n|t:|1699667794\n|switch|p2a: Eldegoss|Eldegoss, F|99\/100|[from] U-turn\n|\n|upkeep\n|turn|76\n|\n|t:|1699667798\n|move|p1a: Level2\ufe0f\u20e3Level2\ufe0f\u20e3|Protect|p1a: Level2\ufe0f\u20e3Level2\ufe0f\u20e3\n|-singleturn|p1a: Level2\ufe0f\u20e3Level2\ufe0f\u20e3|Protect\n|move|p2a: Eldegoss|Leech Seed|p1a: Level2\ufe0f\u20e3Level2\ufe0f\u20e3\n|-activate|p1a: Level2\ufe0f\u20e3Level2\ufe0f\u20e3|move: Protect\n|\n|upkeep\n|turn|77\n|\n|t:|1699667800\n|move|p1a: Level2\ufe0f\u20e3Level2\ufe0f\u20e3|Magic Coat|p1a: Level2\ufe0f\u20e3Level2\ufe0f\u20e3\n|-singleturn|p1a: Level2\ufe0f\u20e3Level2\ufe0f\u20e3|move: Magic Coat\n|move|p2a: Eldegoss|Leech Seed|p1a: Level2\ufe0f\u20e3Level2\ufe0f\u20e3\n|move|p1a: Level2\ufe0f\u20e3Level2\ufe0f\u20e3|Leech Seed|p2a: Eldegoss|[from]Magic Coat\n|-immune|p2a: Eldegoss\n|\n|upkeep\n|turn|78\n|\n|t:|1699667803\n|move|p1a: Level2\ufe0f\u20e3Level2\ufe0f\u20e3|Protect|p1a: Level2\ufe0f\u20e3Level2\ufe0f\u20e3\n|-singleturn|p1a: Level2\ufe0f\u20e3Level2\ufe0f\u20e3|Protect\n|move|p2a: Eldegoss|Rapid Spin|p1a: Level2\ufe0f\u20e3Level2\ufe0f\u20e3\n|-activate|p1a: Level2\ufe0f\u20e3Level2\ufe0f\u20e3|move: Protect\n|\n|upkeep\n|turn|79\n|\n|t:|1699667806\n|move|p2a: Eldegoss|Rapid Spin|p1a: Level2\ufe0f\u20e3Level2\ufe0f\u20e3\n|-resisted|p1a: Level2\ufe0f\u20e3Level2\ufe0f\u20e3\n|-ability|p1a: Level2\ufe0f\u20e3Level2\ufe0f\u20e3|Sturdy\n|-damage|p1a: Level2\ufe0f\u20e3Level2\ufe0f\u20e3|8\/100\n|-boost|p2a: Eldegoss|spe|1\n|move|p1a: Level2\ufe0f\u20e3Level2\ufe0f\u20e3|Pain Split|p2a: Eldegoss\n|-sethp|p2a: Eldegoss|50\/100|[from] move: Pain Split|[silent]\n|-sethp|p1a: Level2\ufe0f\u20e3Level2\ufe0f\u20e3|100\/100|[from] move: Pain Split\n|\n|upkeep\n|turn|80\n|\n|t:|1699667814\n|move|p1a: Level2\ufe0f\u20e3Level2\ufe0f\u20e3|Protect|p1a: Level2\ufe0f\u20e3Level2\ufe0f\u20e3\n|-singleturn|p1a: Level2\ufe0f\u20e3Level2\ufe0f\u20e3|Protect\n|move|p2a: Eldegoss|Synthesis|p2a: Eldegoss\n|-heal|p2a: Eldegoss|99\/100\n|\n|upkeep\n|turn|81\n|\n|t:|1699667818\n|switch|p2a: Landorus|Landorus-Therian, M|69\/100 tox\n|-ability|p2a: Landorus|Intimidate|boost\n|-unboost|p1a: Level2\ufe0f\u20e3Level2\ufe0f\u20e3|atk|1\n|move|p1a: Level2\ufe0f\u20e3Level2\ufe0f\u20e3|Toxic|p2a: Landorus\n|-fail|p2a: Landorus|tox\n|\n|-damage|p2a: Landorus|63\/100 tox|[from] psn\n|upkeep\n|turn|82\n|\n|t:|1699667822\n|move|p2a: Landorus|U-turn|p1a: Level2\ufe0f\u20e3Level2\ufe0f\u20e3\n|-resisted|p1a: Level2\ufe0f\u20e3Level2\ufe0f\u20e3\n|-ability|p1a: Level2\ufe0f\u20e3Level2\ufe0f\u20e3|Sturdy\n|-damage|p1a: Level2\ufe0f\u20e3Level2\ufe0f\u20e3|8\/100\n|\n|t:|1699667824\n|switch|p2a: Ferrothorn|Ferrothorn, F|100\/100|[from] U-turn\n|move|p1a: Level2\ufe0f\u20e3Level2\ufe0f\u20e3|Pain Split|p2a: Ferrothorn\n|-sethp|p2a: Ferrothorn|50\/100|[from] move: Pain Split|[silent]\n|-sethp|p1a: Level2\ufe0f\u20e3Level2\ufe0f\u20e3|100\/100|[from] move: Pain Split\n|\n|-heal|p2a: Ferrothorn|57\/100|[from] item: Leftovers\n|upkeep\n|turn|83\n|\n|t:|1699667832\n|move|p1a: Level2\ufe0f\u20e3Level2\ufe0f\u20e3|Magic Coat|p1a: Level2\ufe0f\u20e3Level2\ufe0f\u20e3\n|-singleturn|p1a: Level2\ufe0f\u20e3Level2\ufe0f\u20e3|move: Magic Coat\n|move|p2a: Ferrothorn|Stealth Rock|p1a: Level2\ufe0f\u20e3Level2\ufe0f\u20e3\n|move|p1a: Level2\ufe0f\u20e3Level2\ufe0f\u20e3|Stealth Rock|p2a: Ferrothorn|[from]Magic Coat\n|-sidestart|p2: PhantonSpectrum|move: Stealth Rock\n|\n|-heal|p2a: Ferrothorn|63\/100|[from] item: Leftovers\n|upkeep\n|turn|84\n|\n|t:|1699667848\n|move|p2a: Ferrothorn|Power Whip|p1a: Level2\ufe0f\u20e3Level2\ufe0f\u20e3|[miss]\n|-miss|p2a: Ferrothorn|p1a: Level2\ufe0f\u20e3Level2\ufe0f\u20e3\n|move|p1a: Level2\ufe0f\u20e3Level2\ufe0f\u20e3|Toxic|p2a: Ferrothorn\n|-immune|p2a: Ferrothorn\n|\n|-heal|p2a: Ferrothorn|69\/100|[from] item: Leftovers\n|upkeep\n|turn|85\n|\n|t:|1699667851\n|move|p1a: Level2\ufe0f\u20e3Level2\ufe0f\u20e3|Protect|p1a: Level2\ufe0f\u20e3Level2\ufe0f\u20e3\n|-singleturn|p1a: Level2\ufe0f\u20e3Level2\ufe0f\u20e3|Protect\n|move|p2a: Ferrothorn|Power Whip|p1a: Level2\ufe0f\u20e3Level2\ufe0f\u20e3\n|-activate|p1a: Level2\ufe0f\u20e3Level2\ufe0f\u20e3|move: Protect\n|\n|-heal|p2a: Ferrothorn|75\/100|[from] item: Leftovers\n|upkeep\n|turn|86\n|\n|t:|1699667855\n|move|p2a: Ferrothorn|Power Whip|p1a: Level2\ufe0f\u20e3Level2\ufe0f\u20e3\n|-ability|p1a: Level2\ufe0f\u20e3Level2\ufe0f\u20e3|Sturdy\n|-damage|p1a: Level2\ufe0f\u20e3Level2\ufe0f\u20e3|8\/100\n|move|p1a: Level2\ufe0f\u20e3Level2\ufe0f\u20e3|Pain Split|p2a: Ferrothorn\n|-sethp|p2a: Ferrothorn|38\/100|[from] move: Pain Split|[silent]\n|-sethp|p1a: Level2\ufe0f\u20e3Level2\ufe0f\u20e3|100\/100|[from] move: Pain Split\n|\n|-heal|p2a: Ferrothorn|44\/100|[from] item: Leftovers\n|upkeep\n|turn|87\n|\n|t:|1699667861\n|move|p1a: Level2\ufe0f\u20e3Level2\ufe0f\u20e3|Magic Coat|p1a: Level2\ufe0f\u20e3Level2\ufe0f\u20e3\n|-singleturn|p1a: Level2\ufe0f\u20e3Level2\ufe0f\u20e3|move: Magic Coat\n|move|p2a: Ferrothorn|Leech Seed|p1a: Level2\ufe0f\u20e3Level2\ufe0f\u20e3\n|move|p1a: Level2\ufe0f\u20e3Level2\ufe0f\u20e3|Leech Seed|p2a: Ferrothorn|[from]Magic Coat\n|-immune|p2a: Ferrothorn\n|\n|-heal|p2a: Ferrothorn|50\/100|[from] item: Leftovers\n|upkeep\n|turn|88\n|\n|t:|1699667868\n|switch|p2a: Eldegoss|Eldegoss, F|100\/100\n|move|p1a: Level2\ufe0f\u20e3Level2\ufe0f\u20e3|Protect||[still]\n|-fail|p1a: Level2\ufe0f\u20e3Level2\ufe0f\u20e3\n|\n|upkeep\n|turn|89\n|\n|t:|1699667871\n|move|p1a: Level2\ufe0f\u20e3Level2\ufe0f\u20e3|Protect|p1a: Level2\ufe0f\u20e3Level2\ufe0f\u20e3\n|-singleturn|p1a: Level2\ufe0f\u20e3Level2\ufe0f\u20e3|Protect\n|move|p2a: Eldegoss|Rapid Spin|p1a: Level2\ufe0f\u20e3Level2\ufe0f\u20e3\n|-activate|p1a: Level2\ufe0f\u20e3Level2\ufe0f\u20e3|move: Protect\n|\n|upkeep\n|turn|90\n|\n|t:|1699667873\n|move|p2a: Eldegoss|Rapid Spin|p1a: Level2\ufe0f\u20e3Level2\ufe0f\u20e3\n|-resisted|p1a: Level2\ufe0f\u20e3Level2\ufe0f\u20e3\n|-ability|p1a: Level2\ufe0f\u20e3Level2\ufe0f\u20e3|Sturdy\n|-damage|p1a: Level2\ufe0f\u20e3Level2\ufe0f\u20e3|8\/100\n|-boost|p2a: Eldegoss|spe|1\n|-sideend|p2: PhantonSpectrum|Stealth Rock|[from] move: Rapid Spin|[of] p2a: Eldegoss\n|move|p1a: Level2\ufe0f\u20e3Level2\ufe0f\u20e3|Pain Split|p2a: Eldegoss\n|-sethp|p2a: Eldegoss|50\/100|[from] move: Pain Split|[silent]\n|-sethp|p1a: Level2\ufe0f\u20e3Level2\ufe0f\u20e3|100\/100|[from] move: Pain Split\n|\n|upkeep\n|turn|91\n|\n|t:|1699667883\n|switch|p2a: Ferrothorn|Ferrothorn, F|50\/100\n|move|p1a: Level2\ufe0f\u20e3Level2\ufe0f\u20e3|Protect||[still]\n|-fail|p1a: Level2\ufe0f\u20e3Level2\ufe0f\u20e3\n|\n|-heal|p2a: Ferrothorn|57\/100|[from] item: Leftovers\n|upkeep\n|turn|92\n|\n|t:|1699667899\n|switch|p2a: Eldegoss|Eldegoss, F|84\/100\n|move|p1a: Level2\ufe0f\u20e3Level2\ufe0f\u20e3|Pain Split|p2a: Eldegoss\n|-sethp|p2a: Eldegoss|44\/100|[from] move: Pain Split|[silent]\n|-sethp|p1a: Level2\ufe0f\u20e3Level2\ufe0f\u20e3|100\/100|[from] move: Pain Split\n|\n|upkeep\n|turn|93\n|\n|t:|1699667903\n|switch|p2a: Ferrothorn|Ferrothorn, F|57\/100\n|move|p1a: Level2\ufe0f\u20e3Level2\ufe0f\u20e3|Protect||[still]\n|-fail|p1a: Level2\ufe0f\u20e3Level2\ufe0f\u20e3\n|\n|-heal|p2a: Ferrothorn|63\/100|[from] item: Leftovers\n|upkeep\n|turn|94\n|\n|t:|1699667907\n|switch|p2a: Landorus|Landorus-Therian, M|63\/100 tox\n|-ability|p2a: Landorus|Intimidate|boost\n|-unboost|p1a: Level2\ufe0f\u20e3Level2\ufe0f\u20e3|atk|1\n|move|p1a: Level2\ufe0f\u20e3Level2\ufe0f\u20e3|Toxic|p2a: Landorus\n|-fail|p2a: Landorus|tox\n|\n|-damage|p2a: Landorus|57\/100 tox|[from] psn\n|upkeep\n|turn|95\n|\n|t:|1699667910\n|switch|p2a: Ferrothorn|Ferrothorn, F|63\/100\n|move|p1a: Level2\ufe0f\u20e3Level2\ufe0f\u20e3|Protect||[still]\n|-fail|p1a: Level2\ufe0f\u20e3Level2\ufe0f\u20e3\n|\n|-heal|p2a: Ferrothorn|69\/100|[from] item: Leftovers\n|upkeep\n|turn|96\n|\n|t:|1699667913\n|switch|p2a: Landorus|Landorus-Therian, M|57\/100 tox\n|-ability|p2a: Landorus|Intimidate|boost\n|-unboost|p1a: Level2\ufe0f\u20e3Level2\ufe0f\u20e3|atk|1\n|move|p1a: Level2\ufe0f\u20e3Level2\ufe0f\u20e3|Pain Split|p2a: Landorus\n|-sethp|p2a: Landorus|31\/100 tox|[from] move: Pain Split|[silent]\n|-sethp|p1a: Level2\ufe0f\u20e3Level2\ufe0f\u20e3|100\/100|[from] move: Pain Split\n|\n|-damage|p2a: Landorus|25\/100 tox|[from] psn\n|upkeep\n|turn|97\n|\n|t:|1699667917\n|switch|p2a: Ferrothorn|Ferrothorn, F|69\/100\n|move|p1a: Level2\ufe0f\u20e3Level2\ufe0f\u20e3|Pain Split|p2a: Ferrothorn\n|-sethp|p2a: Ferrothorn|37\/100|[from] move: Pain Split|[silent]\n|-sethp|p1a: Level2\ufe0f\u20e3Level2\ufe0f\u20e3|100\/100|[from] move: Pain Split\n|\n|-heal|p2a: Ferrothorn|43\/100|[from] item: Leftovers\n|upkeep\n|turn|98\n|\n|t:|1699667919\n|switch|p2a: Eldegoss|Eldegoss, F|78\/100\n|move|p1a: Level2\ufe0f\u20e3Level2\ufe0f\u20e3|Protect||[still]\n|-fail|p1a: Level2\ufe0f\u20e3Level2\ufe0f\u20e3\n|\n|upkeep\n|turn|99\n|\n|t:|1699667921\n|switch|p2a: Ferrothorn|Ferrothorn, F|43\/100\n|move|p1a: Level2\ufe0f\u20e3Level2\ufe0f\u20e3|Pain Split|p2a: Ferrothorn\n|-sethp|p2a: Ferrothorn|24\/100|[from] move: Pain Split|[silent]\n|-sethp|p1a: Level2\ufe0f\u20e3Level2\ufe0f\u20e3|100\/100|[from] move: Pain Split\n|\n|-heal|p2a: Ferrothorn|30\/100|[from] item: Leftovers\n|upkeep\n|turn|100\n|\n|t:|1699667923\n|switch|p2a: Eldegoss|Eldegoss, F|100\/100\n|move|p1a: Level2\ufe0f\u20e3Level2\ufe0f\u20e3|Toxic|p2a: Eldegoss\n|-status|p2a: Eldegoss|tox\n|\n|-damage|p2a: Eldegoss|94\/100 tox|[from] psn\n|upkeep\n|turn|101\n|\n|t:|1699667925\n|switch|p2a: Ferrothorn|Ferrothorn, F|30\/100\n|move|p1a: Level2\ufe0f\u20e3Level2\ufe0f\u20e3|Protect||[still]\n|-fail|p1a: Level2\ufe0f\u20e3Level2\ufe0f\u20e3\n|\n|-heal|p2a: Ferrothorn|36\/100|[from] item: Leftovers\n|upkeep\n|turn|102\n|\n|t:|1699667927\n|switch|p2a: Eldegoss|Eldegoss, F|100\/100 tox\n|move|p1a: Level2\ufe0f\u20e3Level2\ufe0f\u20e3|Pain Split|p2a: Eldegoss\n|-sethp|p2a: Eldegoss|53\/100 tox|[from] move: Pain Split|[silent]\n|-sethp|p1a: Level2\ufe0f\u20e3Level2\ufe0f\u20e3|100\/100|[from] move: Pain Split\n|\n|-damage|p2a: Eldegoss|46\/100 tox|[from] psn\n|upkeep\n|turn|103\n|\n|t:|1699667929\n|switch|p2a: Ferrothorn|Ferrothorn, F|36\/100\n|move|p1a: Level2\ufe0f\u20e3Level2\ufe0f\u20e3|Pain Split|p2a: Ferrothorn\n|-sethp|p2a: Ferrothorn|20\/100|[from] move: Pain Split|[silent]\n|-sethp|p1a: Level2\ufe0f\u20e3Level2\ufe0f\u20e3|100\/100|[from] move: Pain Split\n|\n|-heal|p2a: Ferrothorn|27\/100|[from] item: Leftovers\n|upkeep\n|turn|104\n|\n|t:|1699667931\n|switch|p2a: Eldegoss|Eldegoss, F|80\/100 tox\n|move|p1a: Level2\ufe0f\u20e3Level2\ufe0f\u20e3|Pain Split|p2a: Eldegoss\n|-sethp|p2a: Eldegoss|42\/100 tox|[from] move: Pain Split|[silent]\n|-sethp|p1a: Level2\ufe0f\u20e3Level2\ufe0f\u20e3|100\/100|[from] move: Pain Split\n|\n|-damage|p2a: Eldegoss|36\/100 tox|[from] psn\n|upkeep\n|turn|105\n|\n|t:|1699667933\n|switch|p2a: Ferrothorn|Ferrothorn, F|27\/100\n|move|p1a: Level2\ufe0f\u20e3Level2\ufe0f\u20e3|Pain Split|p2a: Ferrothorn\n|-sethp|p2a: Ferrothorn|16\/100|[from] move: Pain Split|[silent]\n|-sethp|p1a: Level2\ufe0f\u20e3Level2\ufe0f\u20e3|100\/100|[from] move: Pain Split\n|\n|-heal|p2a: Ferrothorn|22\/100|[from] item: Leftovers\n|upkeep\n|turn|106\n|\n|t:|1699667935\n|switch|p2a: Eldegoss|Eldegoss, F|69\/100 tox\n|switch|p1a: Sh\ud83d\udca9tbird|Mandibuzz, F|74\/100\n|\n|-damage|p2a: Eldegoss|63\/100 tox|[from] psn\n|upkeep\n|turn|107\n|\n|t:|1699667939\n|switch|p2a: Ferrothorn|Ferrothorn, F|22\/100\n|move|p1a: Sh\ud83d\udca9tbird|Foul Play|p2a: Ferrothorn\n|-damage|p2a: Ferrothorn|3\/100\n|-damage|p1a: Sh\ud83d\udca9tbird|62\/100|[from] ability: Iron Barbs|[of] p2a: Ferrothorn\n|\n|-heal|p2a: Ferrothorn|9\/100|[from] item: Leftovers\n|upkeep\n|turn|108\n|\n|t:|1699667944\n|move|p1a: Sh\ud83d\udca9tbird|Foul Play|p2a: Ferrothorn\n|-damage|p2a: Ferrothorn|0 fnt\n|-damage|p1a: Sh\ud83d\udca9tbird|49\/100|[from] ability: Iron Barbs|[of] p2a: Ferrothorn\n|faint|p2a: Ferrothorn\n|\n|upkeep\n|\n|t:|1699667947\n|switch|p2a: Landorus|Landorus-Therian, M|25\/100 tox\n|-ability|p2a: Landorus|Intimidate|boost\n|-unboost|p1a: Sh\ud83d\udca9tbird|atk|1\n|turn|109\n|\n|t:|1699667961\n|switch|p1a: Level2\ufe0f\u20e3Level2\ufe0f\u20e3|Probopass, L2, M, shiny|100\/100\n|move|p2a: Landorus|U-turn|p1a: Level2\ufe0f\u20e3Level2\ufe0f\u20e3\n|-resisted|p1a: Level2\ufe0f\u20e3Level2\ufe0f\u20e3\n|-ability|p1a: Level2\ufe0f\u20e3Level2\ufe0f\u20e3|Sturdy\n|-damage|p1a: Level2\ufe0f\u20e3Level2\ufe0f\u20e3|8\/100\n|\n|t:|1699667966\n|switch|p2a: Eldegoss|Eldegoss, F|96\/100 tox|[from] U-turn\n|\n|-damage|p2a: Eldegoss|90\/100 tox|[from] psn\n|upkeep\n|turn|110\n|\n|t:|1699667981\n|move|p1a: Level2\ufe0f\u20e3Level2\ufe0f\u20e3|Protect|p1a: Level2\ufe0f\u20e3Level2\ufe0f\u20e3\n|-singleturn|p1a: Level2\ufe0f\u20e3Level2\ufe0f\u20e3|Protect\n|move|p2a: Eldegoss|Rapid Spin|p1a: Level2\ufe0f\u20e3Level2\ufe0f\u20e3\n|-activate|p1a: Level2\ufe0f\u20e3Level2\ufe0f\u20e3|move: Protect\n|\n|-damage|p2a: Eldegoss|78\/100 tox|[from] psn\n|upkeep\n|turn|111\n|\n|t:|1699667988\n|switch|p2a: Landorus|Landorus-Therian, M|25\/100 tox\n|-ability|p2a: Landorus|Intimidate|boost\n|-unboost|p1a: Level2\ufe0f\u20e3Level2\ufe0f\u20e3|atk|1\n|switch|p1a: Sh\ud83d\udca9tbird|Mandibuzz, F|49\/100\n|\n|-damage|p2a: Landorus|19\/100 tox|[from] psn\n|upkeep\n|turn|112\n|\n|t:|1699667991\n|move|p2a: Landorus|U-turn|p1a: Sh\ud83d\udca9tbird\n|-damage|p1a: Sh\ud83d\udca9tbird|35\/100\n|\n|t:|1699667993\n|switch|p2a: Eldegoss|Eldegoss, F|100\/100 tox|[from] U-turn\n|move|p1a: Sh\ud83d\udca9tbird|Roost|p1a: Sh\ud83d\udca9tbird\n|-heal|p1a: Sh\ud83d\udca9tbird|85\/100\n|-singleturn|p1a: Sh\ud83d\udca9tbird|move: Roost\n|\n|-damage|p2a: Eldegoss|94\/100 tox|[from] psn\n|upkeep\n|turn|113\n|\n|t:|1699668001\n|move|p1a: Sh\ud83d\udca9tbird|Foul Play|p2a: Eldegoss\n|-damage|p2a: Eldegoss|81\/100 tox\n|move|p2a: Eldegoss|Leech Seed|p1a: Sh\ud83d\udca9tbird\n|-start|p1a: Sh\ud83d\udca9tbird|move: Leech Seed\n|\n|-damage|p1a: Sh\ud83d\udca9tbird|72\/100|[from] Leech Seed|[of] p2a: Eldegoss\n|-heal|p2a: Eldegoss|97\/100 tox|[silent]\n|-damage|p2a: Eldegoss|85\/100 tox|[from] psn\n|upkeep\n|turn|114\n|\n|t:|1699668005\n|switch|p2a: Landorus|Landorus-Therian, M|19\/100 tox\n|-ability|p2a: Landorus|Intimidate|boost\n|-unboost|p1a: Sh\ud83d\udca9tbird|atk|1\n|move|p1a: Sh\ud83d\udca9tbird|Foul Play|p2a: Landorus\n|-damage|p2a: Landorus|0 fnt\n|faint|p2a: Landorus\n|\n|upkeep\n|\n|t:|1699668007\n|switch|p2a: Eldegoss|Eldegoss, F|100\/100 tox\n|turn|115\n|\n|t:|1699668010\n|switch|p1a: Level2\ufe0f\u20e3Level2\ufe0f\u20e3|Probopass, L2, M, shiny|8\/100\n|move|p2a: Eldegoss|Rapid Spin|p1a: Level2\ufe0f\u20e3Level2\ufe0f\u20e3\n|-resisted|p1a: Level2\ufe0f\u20e3Level2\ufe0f\u20e3\n|-damage|p1a: Level2\ufe0f\u20e3Level2\ufe0f\u20e3|0 fnt\n|-boost|p2a: Eldegoss|spe|1\n|faint|p1a: Level2\ufe0f\u20e3Level2\ufe0f\u20e3\n|\n|-damage|p2a: Eldegoss|94\/100 tox|[from] psn\n|upkeep\n|\n|t:|1699668024\n|switch|p1a: Click the \u274c|Nosepass, L1, F, shiny|100\/100\n|turn|116\n|\n|t:|1699668026\n|move|p1a: Click the \u274c|Protect|p1a: Click the \u274c\n|-singleturn|p1a: Click the \u274c|Protect\n|move|p2a: Eldegoss|Leech Seed|p1a: Click the \u274c\n|-activate|p1a: Click the \u274c|move: Protect\n|\n|-damage|p2a: Eldegoss|82\/100 tox|[from] psn\n|upkeep\n|turn|117\n|\n|t:|1699668031\n|move|p2a: Eldegoss|Rapid Spin|p1a: Click the \u274c\n|-resisted|p1a: Click the \u274c\n|-ability|p1a: Click the \u274c|Sturdy\n|-damage|p1a: Click the \u274c|10\/100\n|-boost|p2a: Eldegoss|spe|1\n|move|p1a: Click the \u274c|Pain Split|p2a: Eldegoss\n|-sethp|p2a: Eldegoss|41\/100 tox|[from] move: Pain Split|[silent]\n|-sethp|p1a: Click the \u274c|100\/100|[from] move: Pain Split\n|\n|-damage|p2a: Eldegoss|23\/100 tox|[from] psn\n|upkeep\n|turn|118\n|-message|PhantonSpectrum forfeited.\n|\n|win|fsdfsDIXdfsd\n|raw|fsdfsDIXdfsd's rating: 1165 &rarr; <strong>1191<\/strong><br \/>(+26 for winning)\n|raw|PhantonSpectrum's rating: 1177 &rarr; <strong>1151<\/strong><br \/>(-26 for losing)\n|l|\u2606PhantonSpectrum\n","uploadtime":1699668037,"views":4,"p1id":"fsdfsdixdfsd","p2id":"phantonspectrum","formatid":"gen9nationaldex","rating":1151,"private":0,"password":""}