{"id":"gen9nationaldex-1997292015","p1":"Elite Sabrina","p2":"masterROSE","format":"[Gen 9] National Dex","log":"|html|<div class=\"broadcast-blue\"><strong>[Gen 9] National Dex is currently suspecting Sneasler! For information on how to participate check out the <a href=\"https:\/\/www.smogon.com\/forums\/threads\/sv-national-dex-suspect-8-just-dance.3731534\/\">suspect thread<\/a>.<\/strong><\/div>\n|j|\u2606Elite Sabrina\n|j|\u2606masterROSE\n|t:|1700785484\n|gametype|singles\n|player|p1|Elite Sabrina|sabrina-gen3|1879\n|player|p2|masterROSE|wally|1820\n|teamsize|p1|6\n|teamsize|p2|6\n|gen|9\n|tier|[Gen 9] National Dex\n|rated|\n|rule|HP Percentage Mod: HP is shown in percentages\n|rule|Endless Battle Clause: Forcing endless battles is banned\n|rule|OHKO Clause: OHKO moves are banned\n|rule|Evasion Clause: Evasion abilities, items, and moves are banned\n|rule|Evasion Abilities Clause: Evasion abilities are banned\n|rule|Evasion Items Clause: Evasion items are banned\n|rule|Evasion Moves Clause: Evasion moves are banned\n|rule|Species Clause: Limit one of each Pok\u00e9mon\n|rule|Sleep Clause Mod: Limit one foe put to sleep\n|clearpoke\n|poke|p1|Gardevoir, F|\n|poke|p1|Ceruledge, F|\n|poke|p1|Breloom, F|\n|poke|p1|Latias, F|\n|poke|p1|Corviknight, F|\n|poke|p1|Clodsire, F|\n|poke|p2|Gallade, M|\n|poke|p2|Ting-Lu|\n|poke|p2|Thundurus-Therian, M|\n|poke|p2|Sinistcha-Masterpiece|\n|poke|p2|Zamazenta-*|\n|poke|p2|Muk-Alola, M|\n|teampreview\n|inactive|Battle timer is ON: inactive players will automatically lose when time's up. (requested by masterROSE)\n|c|\u2606Elite Sabrina|gl hf\n|inactive|masterROSE has 120 seconds left.\n|\n|t:|1700785524\n|start\n|switch|p1a: Breloom|Breloom, F|100\/100\n|switch|p2a: Thundurus|Thundurus-Therian, M|100\/100\n|turn|1\n|\n|t:|1700785530\n|switch|p1a: Clodsire|Clodsire, F|100\/100\n|move|p2a: Thundurus|Volt Switch|p1a: Clodsire\n|-immune|p1a: Clodsire\n|\n|upkeep\n|turn|2\n|\n|t:|1700785540\n|switch|p2a: Ting-Lu|Ting-Lu|100\/100\n|-ability|p2a: Ting-Lu|Vessel of Ruin\n|move|p1a: Clodsire|Stealth Rock|p2a: Ting-Lu\n|-sidestart|p2: masterROSE|move: Stealth Rock\n|\n|upkeep\n|turn|3\n|\n|t:|1700785547\n|move|p2a: Ting-Lu|Stealth Rock|p1a: Clodsire\n|-sidestart|p1: Elite Sabrina|move: Stealth Rock\n|move|p1a: Clodsire|Toxic|p2a: Ting-Lu\n|-status|p2a: Ting-Lu|tox\n|\n|-damage|p2a: Ting-Lu|94\/100 tox|[from] psn\n|upkeep\n|turn|4\n|\n|t:|1700785552\n|switch|p1a: Breloom|Breloom, F|100\/100\n|-damage|p1a: Breloom|94\/100|[from] Stealth Rock\n|move|p2a: Ting-Lu|Whirlwind|p1a: Breloom\n|drag|p1a: Clodsire|Clodsire, F|100\/100\n|-damage|p1a: Clodsire|94\/100|[from] Stealth Rock\n|\n|-heal|p1a: Clodsire|100\/100|[from] item: Leftovers\n|-damage|p2a: Ting-Lu|82\/100 tox|[from] psn\n|upkeep\n|turn|5\n|\n|t:|1700785560\n|switch|p1a: Breloom|Breloom, F|94\/100\n|-damage|p1a: Breloom|88\/100|[from] Stealth Rock\n|move|p2a: Ting-Lu|Earthquake|p1a: Breloom\n|-resisted|p1a: Breloom\n|-damage|p1a: Breloom|53\/100\n|\n|-damage|p2a: Ting-Lu|63\/100 tox|[from] psn\n|upkeep\n|turn|6\n|\n|t:|1700785573\n|move|p1a: Breloom|Bullet Seed|p2a: Ting-Lu\n|-supereffective|p2a: Ting-Lu\n|-damage|p2a: Ting-Lu|41\/100 tox\n|-supereffective|p2a: Ting-Lu\n|-damage|p2a: Ting-Lu|20\/100 tox\n|-supereffective|p2a: Ting-Lu\n|-damage|p2a: Ting-Lu|0 fnt\n|faint|p2a: Ting-Lu\n|-hitcount|p2: Ting-Lu|3\n|\n|upkeep\n|\n|t:|1700785597\n|switch|p2a: \u6700\u5f3a\u7684\u827e\u8def\u96f7\u6735|Gallade, M, shiny|100\/100\n|-damage|p2a: \u6700\u5f3a\u7684\u827e\u8def\u96f7\u6735|94\/100|[from] Stealth Rock\n|turn|7\n|\n|t:|1700785605\n|switch|p1a: Corviknight|Corviknight, F, shiny|100\/100\n|-damage|p1a: Corviknight|88\/100|[from] Stealth Rock\n|-ability|p1a: Corviknight|Pressure\n|detailschange|p2a: \u6700\u5f3a\u7684\u827e\u8def\u96f7\u6735|Gallade-Mega, M, shiny\n|-mega|p2a: \u6700\u5f3a\u7684\u827e\u8def\u96f7\u6735|Gallade|Galladite\n|move|p2a: \u6700\u5f3a\u7684\u827e\u8def\u96f7\u6735|Substitute|p2a: \u6700\u5f3a\u7684\u827e\u8def\u96f7\u6735\n|-start|p2a: \u6700\u5f3a\u7684\u827e\u8def\u96f7\u6735|Substitute\n|-damage|p2a: \u6700\u5f3a\u7684\u827e\u8def\u96f7\u6735|69\/100\n|\n|upkeep\n|turn|8\n|\n|t:|1700785612\n|move|p2a: \u6700\u5f3a\u7684\u827e\u8def\u96f7\u6735|Swords Dance|p2a: \u6700\u5f3a\u7684\u827e\u8def\u96f7\u6735\n|-boost|p2a: \u6700\u5f3a\u7684\u827e\u8def\u96f7\u6735|atk|2\n|move|p1a: Corviknight|U-turn|p2a: \u6700\u5f3a\u7684\u827e\u8def\u96f7\u6735\n|-activate|p2a: \u6700\u5f3a\u7684\u827e\u8def\u96f7\u6735|move: Substitute|[damage]\n|\n|t:|1700785625\n|switch|p1a: Latias|Latias, F, shiny|100\/100|[from] U-turn\n|-damage|p1a: Latias|88\/100|[from] Stealth Rock\n|\n|upkeep\n|turn|9\n|\n|t:|1700785628\n|detailschange|p1a: Latias|Latias-Mega, F, shiny\n|-mega|p1a: Latias|Latias|Latiasite\n|move|p2a: \u6700\u5f3a\u7684\u827e\u8def\u96f7\u6735|Triple Axel|p1a: Latias\n|-supereffective|p1a: Latias\n|-damage|p1a: Latias|68\/100\n|-supereffective|p1a: Latias\n|-damage|p1a: Latias|26\/100\n|-supereffective|p1a: Latias\n|-damage|p1a: Latias|0 fnt\n|faint|p1a: Latias\n|-hitcount|p1: Latias|3\n|\n|upkeep\n|\n|t:|1700785632\n|switch|p1a: Corviknight|Corviknight, F, shiny|88\/100\n|-damage|p1a: Corviknight|76\/100|[from] Stealth Rock\n|-ability|p1a: Corviknight|Pressure\n|turn|10\n|\n|t:|1700785641\n|move|p2a: \u6700\u5f3a\u7684\u827e\u8def\u96f7\u6735|Drain Punch|p1a: Corviknight\n|-damage|p1a: Corviknight|22\/100\n|-heal|p2a: \u6700\u5f3a\u7684\u827e\u8def\u96f7\u6735|100\/100|[from] drain|[of] p1a: Corviknight\n|-damage|p2a: \u6700\u5f3a\u7684\u827e\u8def\u96f7\u6735|84\/100|[from] item: Rocky Helmet|[of] p1a: Corviknight\n|move|p1a: Corviknight|Iron Defense|p1a: Corviknight\n|-boost|p1a: Corviknight|def|2\n|\n|upkeep\n|turn|11\n|\n|t:|1700785649\n|move|p2a: \u6700\u5f3a\u7684\u827e\u8def\u96f7\u6735|Drain Punch|p1a: Corviknight\n|-damage|p1a: Corviknight|0 fnt\n|-heal|p2a: \u6700\u5f3a\u7684\u827e\u8def\u96f7\u6735|99\/100|[from] drain|[of] p1a: Corviknight\n|-damage|p2a: \u6700\u5f3a\u7684\u827e\u8def\u96f7\u6735|83\/100|[from] item: Rocky Helmet|[of] p1a: Corviknight\n|faint|p1a: Corviknight\n|\n|upkeep\n|\n|t:|1700785651\n|switch|p1a: Ceruledge|Ceruledge, F, shiny|100\/100\n|turn|12\n|\n|t:|1700785654\n|move|p2a: \u6700\u5f3a\u7684\u827e\u8def\u96f7\u6735|Triple Axel|p1a: Ceruledge\n|-resisted|p1a: Ceruledge\n|-damage|p1a: Ceruledge|91\/100\n|-hitcount|p1a: Ceruledge|1\n|move|p1a: Ceruledge|Bulk Up|p1a: Ceruledge\n|-boost|p1a: Ceruledge|atk|1\n|-boost|p1a: Ceruledge|def|1\n|\n|upkeep\n|turn|13\n|inactive|masterROSE has 120 seconds left.\n|\n|t:|1700785685\n|switch|p2a: Muk|Muk-Alola, M|100\/100\n|-damage|p2a: Muk|88\/100|[from] Stealth Rock\n|move|p1a: Ceruledge|Bulk Up|p1a: Ceruledge\n|-boost|p1a: Ceruledge|atk|1\n|-boost|p1a: Ceruledge|def|1\n|\n|upkeep\n|turn|14\n|inactive|masterROSE has 120 seconds left.\n|\n|t:|1700785701\n|-terastallize|p2a: Muk|Fire\n|move|p1a: Ceruledge|Bitter Blade|p2a: Muk\n|-resisted|p2a: Muk\n|-damage|p2a: Muk|44\/100\n|-heal|p1a: Ceruledge|100\/100|[from] drain|[of] p2a: Muk\n|move|p2a: Muk|Poison Jab|p1a: Ceruledge\n|-resisted|p1a: Ceruledge\n|-damage|p1a: Ceruledge|90\/100\n|\n|upkeep\n|turn|15\n|inactive|masterROSE has 120 seconds left.\n|\n|t:|1700785714\n|move|p1a: Ceruledge|Bitter Blade|p2a: Muk\n|-resisted|p2a: Muk\n|-damage|p2a: Muk|3\/100\n|-heal|p1a: Ceruledge|100\/100|[from] drain|[of] p2a: Muk\n|move|p2a: Muk|Poison Jab|p1a: Ceruledge\n|-resisted|p1a: Ceruledge\n|-damage|p1a: Ceruledge|91\/100\n|\n|upkeep\n|turn|16\n|inactive|masterROSE has 120 seconds left.\n|\n|t:|1700785723\n|move|p1a: Ceruledge|Bitter Blade|p2a: Muk\n|-resisted|p2a: Muk\n|-damage|p2a: Muk|0 fnt\n|-heal|p1a: Ceruledge|93\/100|[from] drain|[of] p2a: Muk\n|faint|p2a: Muk\n|\n|upkeep\n|inactive|masterROSE has 120 seconds left.\n|\n|t:|1700785733\n|switch|p2a: Thundurus|Thundurus-Therian, M|100\/100\n|turn|17\n|\n|t:|1700785736\n|move|p2a: Thundurus|Thunderbolt|p1a: Ceruledge\n|-damage|p1a: Ceruledge|52\/100\n|move|p1a: Ceruledge|Bitter Blade|p2a: Thundurus\n|-damage|p2a: Thundurus|0 fnt\n|-heal|p1a: Ceruledge|94\/100|[from] drain|[of] p2a: Thundurus\n|faint|p2a: Thundurus\n|\n|upkeep\n|\n|t:|1700785745\n|switch|p2a: Sinistcha|Sinistcha-Masterpiece|100\/100\n|-damage|p2a: Sinistcha|88\/100|[from] Stealth Rock\n|turn|18\n|\n|t:|1700785749\n|move|p1a: Ceruledge|Poltergeist|p2a: Sinistcha\n|-activate|p2a: Sinistcha|move: Poltergeist|Leftovers\n|-supereffective|p2a: Sinistcha\n|-damage|p2a: Sinistcha|0 fnt\n|faint|p2a: Sinistcha\n|\n|upkeep\n|\n|t:|1700785753\n|switch|p2a: \u6700\u5f3a\u7684\u827e\u8def\u96f7\u6735|Gallade-Mega, M, shiny|83\/100\n|-damage|p2a: \u6700\u5f3a\u7684\u827e\u8def\u96f7\u6735|77\/100|[from] Stealth Rock\n|turn|19\n|\n|t:|1700785756\n|move|p2a: \u6700\u5f3a\u7684\u827e\u8def\u96f7\u6735|Triple Axel|p1a: Ceruledge\n|-resisted|p1a: Ceruledge\n|-damage|p1a: Ceruledge|92\/100\n|-resisted|p1a: Ceruledge\n|-damage|p1a: Ceruledge|87\/100\n|-resisted|p1a: Ceruledge\n|-damage|p1a: Ceruledge|80\/100\n|-hitcount|p1a: Ceruledge|3\n|move|p1a: Ceruledge|Bitter Blade|p2a: \u6700\u5f3a\u7684\u827e\u8def\u96f7\u6735\n|-damage|p2a: \u6700\u5f3a\u7684\u827e\u8def\u96f7\u6735|0 fnt\n|-heal|p1a: Ceruledge|100\/100|[from] drain|[of] p2a: \u6700\u5f3a\u7684\u827e\u8def\u96f7\u6735\n|faint|p2a: \u6700\u5f3a\u7684\u827e\u8def\u96f7\u6735\n|\n|upkeep\n|\n|t:|1700785765\n|switch|p2a: Zamazenta|Zamazenta|100\/100\n|-damage|p2a: Zamazenta|94\/100|[from] Stealth Rock\n|-ability|p2a: Zamazenta|Dauntless Shield|boost\n|-boost|p2a: Zamazenta|def|1\n|turn|20\n|\n|t:|1700785767\n|move|p2a: Zamazenta|Heavy Slam|p1a: Ceruledge\n|-resisted|p1a: Ceruledge\n|-damage|p1a: Ceruledge|94\/100\n|move|p1a: Ceruledge|Bitter Blade|p2a: Zamazenta\n|-damage|p2a: Zamazenta|50\/100\n|-heal|p1a: Ceruledge|100\/100|[from] drain|[of] p2a: Zamazenta\n|\n|-heal|p2a: Zamazenta|56\/100|[from] item: Leftovers\n|upkeep\n|turn|21\n|\n|t:|1700785772\n|move|p2a: Zamazenta|Heavy Slam|p1a: Ceruledge\n|-resisted|p1a: Ceruledge\n|-damage|p1a: Ceruledge|95\/100\n|move|p1a: Ceruledge|Bitter Blade|p2a: Zamazenta\n|-damage|p2a: Zamazenta|11\/100\n|-heal|p1a: Ceruledge|100\/100|[from] drain|[of] p2a: Zamazenta\n|\n|-heal|p2a: Zamazenta|17\/100|[from] item: Leftovers\n|upkeep\n|turn|22\n|\n|t:|1700785777\n|move|p2a: Zamazenta|Heavy Slam|p1a: Ceruledge\n|-resisted|p1a: Ceruledge\n|-damage|p1a: Ceruledge|94\/100\n|move|p1a: Ceruledge|Bitter Blade|p2a: Zamazenta\n|-damage|p2a: Zamazenta|0 fnt\n|-heal|p1a: Ceruledge|100\/100|[from] drain|[of] p2a: Zamazenta\n|faint|p2a: Zamazenta\n|\n|win|Elite Sabrina\n|raw|Elite Sabrina's rating: 1879 &rarr; <strong>1896<\/strong><br \/>(+17 for winning)\n|raw|masterROSE's rating: 1820 &rarr; <strong>1803<\/strong><br \/>(-17 for losing)\n|c|\u2606Elite Sabrina|gg\n","uploadtime":1700785785,"views":12,"p1id":"elitesabrina","p2id":"masterrose","formatid":"gen9nationaldex","rating":1803,"private":0,"password":""}