{"id":"gen9nationaldex-1987107554","p1":"hightopfade69","p2":"Queijo empenado","format":"[Gen 9] National Dex","log":"|j|\u203dhightopfade69\n|j|\u2606Queijo empenado\n|t:|1699556663\n|gametype|singles\n|player|p1|hightopfade69|102|1229\n|player|p2|Queijo empenado|aaron|1241\n|teamsize|p1|6\n|teamsize|p2|6\n|gen|9\n|tier|[Gen 9] National Dex\n|rated|\n|rule|HP Percentage Mod: HP is shown in percentages\n|rule|Endless Battle Clause: Forcing endless battles is banned\n|rule|OHKO Clause: OHKO moves are banned\n|rule|Evasion Clause: Evasion abilities, items, and moves are banned\n|rule|Evasion Abilities Clause: Evasion abilities are banned\n|rule|Evasion Items Clause: Evasion items are banned\n|rule|Evasion Moves Clause: Evasion moves are banned\n|rule|Species Clause: Limit one of each Pok\u00e9mon\n|rule|Sleep Clause Mod: Limit one foe put to sleep\n|clearpoke\n|poke|p1|Druddigon, F|\n|poke|p1|Banette, M|\n|poke|p1|Tapu Koko|\n|poke|p1|Iron Moth|\n|poke|p1|Dondozo, M|\n|poke|p1|Iron Valiant|\n|poke|p2|Banette, M|\n|poke|p2|Aegislash, M|\n|poke|p2|Blacephalon|\n|poke|p2|Ceruledge, M|\n|poke|p2|Zoroark-Hisui, F|\n|poke|p2|Polteageist|\n|teampreview\n|inactive|Battle timer is ON: inactive players will automatically lose when time's up. (requested by Queijo empenado)\n|\n|t:|1699556673\n|start\n|switch|p1a: Druddigon|Druddigon, F|100\/100\n|switch|p2a: Polteageist|Polteageist|100\/100\n|turn|1\n|\n|t:|1699556677\n|move|p2a: Polteageist|Shell Smash|p2a: Polteageist\n|-unboost|p2a: Polteageist|def|1\n|-unboost|p2a: Polteageist|spd|1\n|-boost|p2a: Polteageist|atk|2\n|-boost|p2a: Polteageist|spa|2\n|-boost|p2a: Polteageist|spe|2\n|-enditem|p2a: Polteageist|White Herb\n|-clearnegativeboost|p2a: Polteageist|[silent]\n|move|p1a: Druddigon|Glare|p2a: Polteageist\n|-status|p2a: Polteageist|par\n|\n|upkeep\n|turn|2\n|\n|t:|1699556686\n|move|p2a: Polteageist|Shadow Ball|p1a: Druddigon\n|-damage|p1a: Druddigon|37\/100\n|move|p1a: Druddigon|Dragon Tail|p2a: Polteageist\n|-damage|p2a: Polteageist|58\/100 par\n|drag|p2a: Ceruledge|Ceruledge, M|100\/100\n|\n|upkeep\n|turn|3\n|\n|t:|1699556695\n|move|p2a: Ceruledge|Swords Dance|p2a: Ceruledge\n|-boost|p2a: Ceruledge|atk|2\n|move|p1a: Druddigon|Stealth Rock|p2a: Ceruledge\n|-sidestart|p2: Queijo empenado|move: Stealth Rock\n|\n|upkeep\n|turn|4\n|\n|t:|1699556699\n|move|p2a: Ceruledge|Shadow Sneak|p1a: Druddigon\n|-damage|p1a: Druddigon|0 fnt\n|-damage|p2a: Ceruledge|88\/100|[from] ability: Rough Skin|[of] p1a: Druddigon\n|-damage|p2a: Ceruledge|72\/100|[from] item: Rocky Helmet|[of] p1a: Druddigon\n|faint|p1a: Druddigon\n|\n|upkeep\n|\n|t:|1699556707\n|switch|p1a: Banette|Banette, M|100\/100\n|-item|p2a: Ceruledge|Focus Sash|[from] ability: Frisk|[of] p1a: Banette|[identify]\n|turn|5\n|\n|t:|1699556714\n|detailschange|p1a: Banette|Banette-Mega, M\n|-mega|p1a: Banette|Banette|Banettite\n|move|p1a: Banette|Destiny Bond|p1a: Banette\n|-singlemove|p1a: Banette|Destiny Bond\n|move|p2a: Ceruledge|Bitter Blade|p1a: Banette\n|-damage|p1a: Banette|0 fnt\n|-heal|p2a: Ceruledge|100\/100|[from] drain|[of] p1a: Banette\n|faint|p1a: Banette\n|-activate|p1a: Banette|move: Destiny Bond\n|faint|p2a: Ceruledge\n|\n|upkeep\n|\n|t:|1699556735\n|switch|p2a: Banette|Banette, M|100\/100\n|switch|p1a: Tapu Koko|Tapu Koko|100\/100\n|-fieldstart|move: Electric Terrain|[from] ability: Electric Surge|[of] p1a: Tapu Koko\n|-damage|p2a: Banette|88\/100|[from] Stealth Rock\n|turn|6\n|\n|t:|1699556742\n|detailschange|p2a: Banette|Banette-Mega, M\n|-mega|p2a: Banette|Banette|Banettite\n|move|p1a: Tapu Koko|Reflect|p1a: Tapu Koko\n|-sidestart|p1: hightopfade69|Reflect\n|move|p2a: Banette|Gunk Shot|p1a: Tapu Koko\n|-supereffective|p1a: Tapu Koko\n|-damage|p1a: Tapu Koko|20\/100\n|\n|upkeep\n|turn|7\n|\n|t:|1699556754\n|move|p2a: Banette|Destiny Bond|p2a: Banette\n|-singlemove|p2a: Banette|Destiny Bond\n|move|p1a: Tapu Koko|Wild Charge|p2a: Banette\n|-damage|p2a: Banette|20\/100\n|-damage|p1a: Tapu Koko|0 fnt|[from] Recoil\n|faint|p1a: Tapu Koko\n|\n|upkeep\n|\n|t:|1699556765\n|switch|p1a: Dondozo|Dondozo, M|100\/100\n|turn|8\n|\n|t:|1699556769\n|move|p2a: Banette|Knock Off|p1a: Dondozo\n|-damage|p1a: Dondozo|87\/100\n|-enditem|p1a: Dondozo|Leftovers|[from] move: Knock Off|[of] p2a: Banette\n|move|p1a: Dondozo|Curse|p1a: Dondozo\n|-unboost|p1a: Dondozo|spe|1\n|-boost|p1a: Dondozo|atk|1\n|-boost|p1a: Dondozo|def|1\n|\n|upkeep\n|turn|9\n|\n|t:|1699556779\n|switch|p2a: Aegislash|Aegislash, M|100\/100\n|-damage|p2a: Aegislash|88\/100|[from] Stealth Rock\n|move|p1a: Dondozo|Curse|p1a: Dondozo\n|-unboost|p1a: Dondozo|spe|1\n|-boost|p1a: Dondozo|atk|1\n|-boost|p1a: Dondozo|def|1\n|\n|upkeep\n|turn|10\n|\n|t:|1699556784\n|move|p2a: Aegislash|Nasty Plot|p2a: Aegislash\n|-boost|p2a: Aegislash|spa|2\n|move|p1a: Dondozo|Earthquake|p2a: Aegislash\n|-damage|p2a: Aegislash|0 fnt\n|replace|p2a: Zoroark|Zoroark-Hisui, F, shiny\n|-end|p2a: Zoroark|Illusion\n|faint|p2a: Zoroark\n|\n|-sideend|p1: hightopfade69|Reflect\n|upkeep\n|\n|t:|1699556793\n|switch|p2a: Banette|Banette-Mega, M|20\/100\n|-damage|p2a: Banette|8\/100|[from] Stealth Rock\n|turn|11\n|\n|t:|1699556798\n|move|p2a: Banette|Destiny Bond|p2a: Banette\n|-singlemove|p2a: Banette|Destiny Bond\n|move|p1a: Dondozo|Curse|p1a: Dondozo\n|-unboost|p1a: Dondozo|spe|1\n|-boost|p1a: Dondozo|atk|1\n|-boost|p1a: Dondozo|def|1\n|\n|upkeep\n|turn|12\n|\n|t:|1699556809\n|move|p2a: Banette|Destiny Bond||[still]\n|-fail|p2a: Banette\n|move|p1a: Dondozo|Earthquake|p2a: Banette\n|-damage|p2a: Banette|0 fnt\n|faint|p2a: Banette\n|\n|upkeep\n|\n|t:|1699556813\n|switch|p2a: Aegislash|Aegislash, M|100\/100\n|-damage|p2a: Aegislash|94\/100|[from] Stealth Rock\n|turn|13\n|\n|t:|1699556820\n|-formechange|p2a: Aegislash|Aegislash-Blade||[from] ability: Stance Change\n|move|p2a: Aegislash|Iron Head|p1a: Dondozo\n|-resisted|p1a: Dondozo\n|-damage|p1a: Dondozo|78\/100\n|-damage|p2a: Aegislash|84\/100|[from] item: Life Orb\n|move|p1a: Dondozo|Earthquake|p2a: Aegislash\n|-supereffective|p2a: Aegislash\n|-damage|p2a: Aegislash|0 fnt\n|faint|p2a: Aegislash\n|\n|-fieldend|move: Electric Terrain\n|upkeep\n|\n|t:|1699556826\n|switch|p2a: Polteageist|Polteageist|58\/100 par\n|-damage|p2a: Polteageist|46\/100 par|[from] Stealth Rock\n|turn|14\n|\n|t:|1699556839\n|move|p2a: Polteageist|Giga Drain|p1a: Dondozo\n|-supereffective|p1a: Dondozo\n|-damage|p1a: Dondozo|23\/100\n|-heal|p2a: Polteageist|99\/100 par|[from] drain|[of] p1a: Dondozo\n|move|p1a: Dondozo|Earthquake|p2a: Polteageist\n|-damage|p2a: Polteageist|0 fnt\n|faint|p2a: Polteageist\n|\n|upkeep\n|\n|t:|1699556843\n|switch|p2a: Blacephalon|Blacephalon|100\/100\n|-damage|p2a: Blacephalon|76\/100|[from] Stealth Rock\n|turn|15\n|\n|t:|1699556848\n|move|p2a: Blacephalon|Shadow Ball|p1a: Dondozo\n|-damage|p1a: Dondozo|0 fnt\n|faint|p1a: Dondozo\n|-ability|p2a: Blacephalon|Beast Boost|boost\n|-boost|p2a: Blacephalon|spa|1\n|\n|upkeep\n|\n|t:|1699556855\n|switch|p1a: Iron Valiant|Iron Valiant|100\/100\n|turn|16\n|\n|t:|1699556861\n|-terastallize|p1a: Iron Valiant|Dark\n|move|p1a: Iron Valiant|Knock Off|p2a: Blacephalon\n|-supereffective|p2a: Blacephalon\n|-damage|p2a: Blacephalon|0 fnt\n|-enditem|p2a: Blacephalon|Focus Sash|[from] move: Knock Off|[of] p1a: Iron Valiant\n|faint|p2a: Blacephalon\n|-damage|p1a: Iron Valiant|91\/100|[from] item: Life Orb\n|\n|win|hightopfade69\n|raw|hightopfade69's rating: 1229 &rarr; <strong>1255<\/strong><br \/>(+26 for winning)\n|raw|Queijo empenado's rating: 1241 &rarr; <strong>1215<\/strong><br \/>(-26 for losing)\n|l|\u2606Queijo empenado\n","uploadtime":1699556872,"views":9,"p1id":"hightopfade69","p2id":"queijoempenado","formatid":"gen9nationaldex","rating":1215,"private":0,"password":""}