{"id":"gen9nationaldex-1994200255","p1":"xxxxSachi","p2":"V0id_Impact","format":"[Gen 9] National Dex","log":"|j|\u2606xxxxSachi\n|j|\u2606V0id_Impact\n|t:|1700418184\n|gametype|singles\n|player|p1|xxxxSachi|nemona-s|\n|player|p2|V0id_Impact|serena-masters3|\n|teamsize|p1|6\n|teamsize|p2|6\n|gen|9\n|tier|[Gen 9] National Dex\n|rule|HP Percentage Mod: HP is shown in percentages\n|rule|Endless Battle Clause: Forcing endless battles is banned\n|rule|OHKO Clause: OHKO moves are banned\n|rule|Evasion Clause: Evasion abilities, items, and moves are banned\n|rule|Evasion Abilities Clause: Evasion abilities are banned\n|rule|Evasion Items Clause: Evasion items are banned\n|rule|Evasion Moves Clause: Evasion moves are banned\n|rule|Species Clause: Limit one of each Pok\u00e9mon\n|rule|Sleep Clause Mod: Limit one foe put to sleep\n|clearpoke\n|poke|p1|Banette, M|\n|poke|p1|Urshifu-*, F|\n|poke|p1|Garganacl, M|\n|poke|p1|Ogerpon-Wellspring, F|\n|poke|p1|Dragonite, F|\n|poke|p1|Kleavor, F|\n|poke|p2|Alomomola, F|\n|poke|p2|Urshifu-*, M|\n|poke|p2|Garchomp, F|\n|poke|p2|Clodsire, F|\n|poke|p2|Skeledirge, M|\n|poke|p2|Corviknight, M|\n|teampreview\n|\n|t:|1700418195\n|start\n|switch|p1a: Kleavor|Kleavor, F|100\/100\n|switch|p2a: Urshifu|Urshifu-Rapid-Strike, M|100\/100\n|turn|1\n|\n|t:|1700418206\n|switch|p1a: Ogerpon|Ogerpon-Wellspring, F|100\/100\n|move|p2a: Urshifu|Surging Strikes|p1a: Ogerpon\n|-immune|p1a: Ogerpon|[from] ability: Water Absorb\n|\n|upkeep\n|turn|2\n|\n|t:|1700418221\n|switch|p2a: Clodsire|Clodsire, F|100\/100\n|move|p1a: Ogerpon|Swords Dance|p1a: Ogerpon\n|-boost|p1a: Ogerpon|atk|2\n|\n|upkeep\n|turn|3\n|\n|t:|1700418229\n|move|p1a: Ogerpon|Ivy Cudgel|p2a: Clodsire|[anim] Ivy Cudgel Water\n|-immune|p2a: Clodsire|[from] ability: Water Absorb\n|move|p2a: Clodsire|Poison Jab|p1a: Ogerpon\n|-supereffective|p1a: Ogerpon\n|-damage|p1a: Ogerpon|45\/100\n|-status|p1a: Ogerpon|psn\n|\n|-damage|p1a: Ogerpon|32\/100 psn|[from] psn\n|upkeep\n|turn|4\n|c|\u2606xxxxSachi|Fuck\n|c|\u2606V0id_Impact|LMFAOOOO\n|\n|t:|1700418255\n|move|p1a: Ogerpon|Horn Leech|p2a: Clodsire\n|-damage|p2a: Clodsire|10\/100\n|-heal|p1a: Ogerpon|100\/100 psn|[from] drain|[of] p2a: Clodsire\n|move|p2a: Clodsire|Poison Jab|p1a: Ogerpon\n|-supereffective|p1a: Ogerpon\n|-damage|p1a: Ogerpon|45\/100 psn\n|\n|-heal|p2a: Clodsire|16\/100|[from] item: Black Sludge\n|-damage|p1a: Ogerpon|32\/100 psn|[from] psn\n|upkeep\n|turn|5\n|\n|t:|1700418262\n|switch|p2a: Skeledirge|Skeledirge, M|100\/100\n|move|p1a: Ogerpon|Horn Leech|p2a: Skeledirge\n|-resisted|p2a: Skeledirge\n|-damage|p2a: Skeledirge|78\/100\n|-heal|p1a: Ogerpon|46\/100 psn|[from] drain|[of] p2a: Skeledirge\n|\n|-damage|p1a: Ogerpon|33\/100 psn|[from] psn\n|upkeep\n|turn|6\n|\n|t:|1700418271\n|move|p1a: Ogerpon|Ivy Cudgel|p2a: Skeledirge|[anim] Ivy Cudgel Water\n|-supereffective|p2a: Skeledirge\n|-damage|p2a: Skeledirge|0 fnt\n|faint|p2a: Skeledirge\n|\n|-damage|p1a: Ogerpon|21\/100 psn|[from] psn\n|upkeep\n|\n|t:|1700418275\n|switch|p2a: Corviknight|Corviknight, M|100\/100\n|turn|7\n|\n|t:|1700418285\n|move|p1a: Ogerpon|Ivy Cudgel|p2a: Corviknight|[anim] Ivy Cudgel Water\n|-damage|p2a: Corviknight|27\/100\n|move|p2a: Corviknight|Brave Bird|p1a: Ogerpon\n|-supereffective|p1a: Ogerpon\n|-damage|p1a: Ogerpon|0 fnt\n|faint|p1a: Ogerpon\n|-damage|p2a: Corviknight|22\/100|[from] Recoil\n|\n|-heal|p2a: Corviknight|28\/100|[from] item: Leftovers\n|upkeep\n|\n|t:|1700418292\n|switch|p1a: Urshifu|Urshifu-Rapid-Strike, F|100\/100\n|turn|8\n|\n|t:|1700418298\n|switch|p2a: Alomomola|Alomomola, F|100\/100\n|move|p1a: Urshifu|Surging Strikes|p2a: Alomomola\n|-resisted|p2a: Alomomola\n|-crit|p2a: Alomomola\n|-damage|p2a: Alomomola|95\/100\n|-damage|p1a: Urshifu|84\/100|[from] item: Rocky Helmet|[of] p2a: Alomomola\n|-resisted|p2a: Alomomola\n|-crit|p2a: Alomomola\n|-damage|p2a: Alomomola|90\/100\n|-damage|p1a: Urshifu|68\/100|[from] item: Rocky Helmet|[of] p2a: Alomomola\n|-resisted|p2a: Alomomola\n|-crit|p2a: Alomomola\n|-damage|p2a: Alomomola|85\/100\n|-damage|p1a: Urshifu|51\/100|[from] item: Rocky Helmet|[of] p2a: Alomomola\n|-hitcount|p2a: Alomomola|3\n|\n|upkeep\n|turn|9\n|\n|t:|1700418307\n|switch|p1a: Dragonite|Dragonite, F|100\/100\n|move|p2a: Alomomola|Wish|p2a: Alomomola\n|\n|upkeep\n|turn|10\n|\n|t:|1700418328\n|move|p1a: Dragonite|Dragon Dance|p1a: Dragonite\n|-boost|p1a: Dragonite|atk|1\n|-boost|p1a: Dragonite|spe|1\n|move|p2a: Alomomola|Toxic|p1a: Dragonite\n|-status|p1a: Dragonite|tox\n|\n|-heal|p2a: Alomomola|100\/100|[from] move: Wish|[wisher] Alomomola\n|-damage|p1a: Dragonite|94\/100 tox|[from] psn\n|upkeep\n|turn|11\n|\n|t:|1700418335\n|move|p1a: Dragonite|Outrage|p2a: Alomomola\n|-damage|p2a: Alomomola|45\/100\n|-damage|p1a: Dragonite|78\/100 tox|[from] item: Rocky Helmet|[of] p2a: Alomomola\n|move|p2a: Alomomola|Wish|p2a: Alomomola\n|\n|-damage|p1a: Dragonite|66\/100 tox|[from] psn\n|upkeep\n|turn|12\n|\n|t:|1700418345\n|move|p2a: Alomomola|Protect|p2a: Alomomola\n|-singleturn|p2a: Alomomola|Protect\n|move|p1a: Dragonite|Outrage|p2a: Alomomola|[from]lockedmove\n|-activate|p2a: Alomomola|move: Protect\n|-start|p1a: Dragonite|confusion|[fatigue]\n|\n|-heal|p2a: Alomomola|95\/100|[from] move: Wish|[wisher] Alomomola\n|-damage|p1a: Dragonite|47\/100 tox|[from] psn\n|upkeep\n|turn|13\n|\n|t:|1700418352\n|-activate|p1a: Dragonite|confusion\n|move|p1a: Dragonite|Outrage|p2a: Alomomola\n|-damage|p2a: Alomomola|44\/100\n|-damage|p1a: Dragonite|31\/100 tox|[from] item: Rocky Helmet|[of] p2a: Alomomola\n|move|p2a: Alomomola|Wish|p2a: Alomomola\n|\n|-damage|p1a: Dragonite|6\/100 tox|[from] psn\n|upkeep\n|turn|14\n|\n|t:|1700418365\n|switch|p2a: Corviknight|Corviknight, M|28\/100\n|-activate|p1a: Dragonite|confusion\n|move|p1a: Dragonite|Outrage|p2a: Corviknight|[from]lockedmove\n|-resisted|p2a: Corviknight\n|-damage|p2a: Corviknight|0 fnt\n|faint|p2a: Corviknight\n|\n|-damage|p1a: Dragonite|0 fnt|[from] psn\n|faint|p1a: Dragonite\n|upkeep\n|\n|t:|1700418372\n|switch|p1a: Urshifu|Urshifu-Rapid-Strike, F|51\/100\n|switch|p2a: Urshifu|Urshifu-Rapid-Strike, M|100\/100\n|turn|15\n|\n|t:|1700418385\n|-terastallize|p2a: Urshifu|Fighting\n|move|p2a: Urshifu|Close Combat|p1a: Urshifu\n|-damage|p1a: Urshifu|0 fnt\n|-unboost|p2a: Urshifu|def|1\n|-unboost|p2a: Urshifu|spd|1\n|faint|p1a: Urshifu\n|\n|upkeep\n|\n|t:|1700418394\n|switch|p1a: Banette|Banette, M|100\/100\n|turn|16\n|\n|t:|1700418403\n|switch|p2a: Alomomola|Alomomola, F|77\/100\n|detailschange|p1a: Banette|Banette-Mega, M\n|-mega|p1a: Banette|Banette|Banettite\n|move|p1a: Banette|Will-O-Wisp|p2a: Alomomola\n|-status|p2a: Alomomola|brn\n|\n|-damage|p2a: Alomomola|71\/100 brn|[from] brn\n|upkeep\n|turn|17\n|\n|t:|1700418414\n|switch|p1a: Garganacl|Garganacl, M|100\/100\n|move|p2a: Alomomola|Toxic|p1a: Garganacl\n|-immune|p1a: Garganacl|[from] ability: Purifying Salt\n|\n|-damage|p2a: Alomomola|65\/100 brn|[from] brn\n|upkeep\n|turn|18\n|\n|t:|1700418419\n|-terastallize|p1a: Garganacl|Ghost\n|move|p2a: Alomomola|Scald|p1a: Garganacl\n|-damage|p1a: Garganacl|92\/100\n|move|p1a: Garganacl|Iron Defense|p1a: Garganacl\n|-boost|p1a: Garganacl|def|2\n|\n|-heal|p1a: Garganacl|98\/100|[from] item: Leftovers\n|-damage|p2a: Alomomola|58\/100 brn|[from] brn\n|upkeep\n|turn|19\n|\n|t:|1700418428\n|switch|p2a: Urshifu|Urshifu-Rapid-Strike, M, tera:Fighting|100\/100\n|move|p1a: Garganacl|Iron Defense|p1a: Garganacl\n|-boost|p1a: Garganacl|def|2\n|\n|-heal|p1a: Garganacl|100\/100|[from] item: Leftovers\n|upkeep\n|turn|20\n|\n|t:|1700418435\n|move|p2a: Urshifu|Surging Strikes|p1a: Garganacl\n|-crit|p1a: Garganacl\n|-damage|p1a: Garganacl|86\/100\n|-crit|p1a: Garganacl\n|-damage|p1a: Garganacl|73\/100\n|-crit|p1a: Garganacl\n|-damage|p1a: Garganacl|58\/100\n|-hitcount|p1a: Garganacl|3\n|move|p1a: Garganacl|Body Press|p2a: Urshifu\n|-damage|p2a: Urshifu|26\/100\n|\n|-heal|p1a: Garganacl|64\/100|[from] item: Leftovers\n|upkeep\n|turn|21\n|\n|t:|1700418443\n|move|p2a: Urshifu|Surging Strikes|p1a: Garganacl\n|-crit|p1a: Garganacl\n|-damage|p1a: Garganacl|50\/100\n|-crit|p1a: Garganacl\n|-damage|p1a: Garganacl|36\/100\n|-crit|p1a: Garganacl\n|-damage|p1a: Garganacl|23\/100\n|-hitcount|p1a: Garganacl|3\n|move|p1a: Garganacl|Recover|p1a: Garganacl\n|-heal|p1a: Garganacl|73\/100\n|\n|-heal|p1a: Garganacl|79\/100|[from] item: Leftovers\n|upkeep\n|turn|22\n|\n|t:|1700418449\n|move|p2a: Urshifu|Surging Strikes|p1a: Garganacl\n|-crit|p1a: Garganacl\n|-damage|p1a: Garganacl|65\/100\n|-crit|p1a: Garganacl\n|-damage|p1a: Garganacl|51\/100\n|-crit|p1a: Garganacl\n|-damage|p1a: Garganacl|38\/100\n|-hitcount|p1a: Garganacl|3\n|move|p1a: Garganacl|Body Press|p2a: Urshifu\n|-damage|p2a: Urshifu|0 fnt\n|faint|p2a: Urshifu\n|\n|-heal|p1a: Garganacl|44\/100|[from] item: Leftovers\n|upkeep\n|\n|t:|1700418453\n|switch|p2a: Garchomp|Garchomp, F|100\/100\n|turn|23\n|\n|t:|1700418457\n|detailschange|p2a: Garchomp|Garchomp-Mega, F\n|-mega|p2a: Garchomp|Garchomp|Garchompite\n|move|p2a: Garchomp|Swords Dance|p2a: Garchomp\n|-boost|p2a: Garchomp|atk|2\n|move|p1a: Garganacl|Recover|p1a: Garganacl\n|-heal|p1a: Garganacl|94\/100\n|\n|-heal|p1a: Garganacl|99\/100|[from] item: Leftovers\n|upkeep\n|turn|24\n|\n|t:|1700418466\n|move|p2a: Garchomp|Scale Shot|p1a: Garganacl\n|-damage|p1a: Garganacl|93\/100\n|-damage|p1a: Garganacl|85\/100\n|-damage|p1a: Garganacl|77\/100\n|-hitcount|p1a: Garganacl|3\n|-unboost|p2a: Garchomp|def|1\n|-boost|p2a: Garchomp|spe|1\n|move|p1a: Garganacl|Salt Cure|p2a: Garchomp\n|-resisted|p2a: Garchomp\n|-damage|p2a: Garchomp|92\/100\n|-start|p2a: Garchomp|Salt Cure\n|\n|-heal|p1a: Garganacl|84\/100|[from] item: Leftovers\n|-damage|p2a: Garchomp|80\/100|[from] Salt Cure\n|upkeep\n|turn|25\n|\n|t:|1700418472\n|move|p2a: Garchomp|Earthquake|p1a: Garganacl\n|-damage|p1a: Garganacl|56\/100\n|move|p1a: Garganacl|Body Press|p2a: Garchomp\n|-damage|p2a: Garchomp|0 fnt\n|faint|p2a: Garchomp\n|\n|-heal|p1a: Garganacl|62\/100|[from] item: Leftovers\n|upkeep\n|\n|t:|1700418476\n|switch|p2a: Alomomola|Alomomola, F|92\/100 brn\n|turn|26\n|\n|t:|1700418482\n|move|p2a: Alomomola|Scald|p1a: Garganacl\n|-damage|p1a: Garganacl|53\/100\n|move|p1a: Garganacl|Iron Defense|p1a: Garganacl\n|-boost|p1a: Garganacl|def|2\n|\n|-heal|p1a: Garganacl|59\/100|[from] item: Leftovers\n|-damage|p2a: Alomomola|86\/100 brn|[from] brn\n|upkeep\n|turn|27\n|\n|t:|1700418488\n|move|p2a: Alomomola|Wish|p2a: Alomomola\n|move|p1a: Garganacl|Recover|p1a: Garganacl\n|-heal|p1a: Garganacl|100\/100\n|\n|-damage|p2a: Alomomola|79\/100 brn|[from] brn\n|upkeep\n|turn|28\n|\n|t:|1700418494\n|switch|p2a: Clodsire|Clodsire, F|16\/100\n|move|p1a: Garganacl|Salt Cure|p2a: Clodsire\n|-resisted|p2a: Clodsire\n|-damage|p2a: Clodsire|8\/100\n|-start|p2a: Clodsire|Salt Cure\n|\n|-heal|p2a: Clodsire|65\/100|[from] move: Wish|[wisher] Alomomola\n|-heal|p2a: Clodsire|72\/100|[from] item: Black Sludge\n|-damage|p2a: Clodsire|59\/100|[from] Salt Cure\n|upkeep\n|turn|29\n|-message|V0id_Impact forfeited.\n|\n|win|xxxxSachi\n|l|\u2606V0id_Impact\n","uploadtime":1700418508,"views":25,"p1id":"xxxxsachi","p2id":"v0idimpact","formatid":"gen9nationaldex","rating":0,"private":0,"password":""}