{"id":"gen9nationaldex-1988732210","p1":"namechooserofnames","p2":"321niuniu123","format":"[Gen 9] National Dex","log":"|j|\u2606namechooserofnames\n|j|\u2606321niuniu123\n|t:|1699756102\n|gametype|singles\n|player|p1|namechooserofnames|flint|1219\n|player|p2|321niuniu123|acerola-masters|1300\n|teamsize|p1|6\n|teamsize|p2|6\n|gen|9\n|tier|[Gen 9] National Dex\n|rated|\n|rule|HP Percentage Mod: HP is shown in percentages\n|rule|Endless Battle Clause: Forcing endless battles is banned\n|rule|OHKO Clause: OHKO moves are banned\n|rule|Evasion Clause: Evasion abilities, items, and moves are banned\n|rule|Evasion Abilities Clause: Evasion abilities are banned\n|rule|Evasion Items Clause: Evasion items are banned\n|rule|Evasion Moves Clause: Evasion moves are banned\n|rule|Species Clause: Limit one of each Pok\u00e9mon\n|rule|Sleep Clause Mod: Limit one foe put to sleep\n|clearpoke\n|poke|p1|Slowbro-Galar, M|\n|poke|p1|Clefable, F|\n|poke|p1|Porygon-Z|\n|poke|p1|Shuckle, M|\n|poke|p1|Tangrowth, M|\n|poke|p1|Great Tusk|\n|poke|p2|Sylveon, M|\n|poke|p2|Ninetales-Alola, M|\n|poke|p2|Garganacl, F|\n|poke|p2|Alomomola, F|\n|poke|p2|Banette, M|\n|poke|p2|Aegislash, M|\n|teampreview\n|\n|t:|1699756109\n|start\n|switch|p1a: Bongo|Shuckle, M, shiny|100\/100\n|switch|p2a: Ninetales|Ninetales-Alola, M|100\/100\n|-weather|Snow|[from] ability: Snow Warning|[of] p2a: Ninetales\n|turn|1\n|\n|t:|1699756116\n|move|p2a: Ninetales|Aurora Veil|p2a: Ninetales\n|-sidestart|p2: 321niuniu123|move: Aurora Veil\n|move|p1a: Bongo|Toxic|p2a: Ninetales\n|-status|p2a: Ninetales|tox\n|\n|-weather|Snow|[upkeep]\n|-damage|p2a: Ninetales|94\/100 tox|[from] psn\n|upkeep\n|turn|2\n|\n|t:|1699756129\n|switch|p2a: Sylveon|Sylveon, M|100\/100\n|move|p1a: Bongo|Infestation|p2a: Sylveon\n|-resisted|p2a: Sylveon\n|-damage|p2a: Sylveon|99\/100\n|-activate|p2a: Sylveon|move: Infestation|[of] p1a: Bongo\n|\n|-weather|Snow|[upkeep]\n|-damage|p2a: Sylveon|88\/100|[from] move: Infestation|[partiallytrapped]\n|-status|p2a: Sylveon|brn|[from] item: Flame Orb\n|upkeep\n|turn|3\n|\n|t:|1699756138\n|move|p2a: Sylveon|Curse|p2a: Sylveon\n|-unboost|p2a: Sylveon|spe|1\n|-boost|p2a: Sylveon|atk|1\n|-boost|p2a: Sylveon|def|1\n|move|p1a: Bongo|Sticky Web|p2a: Sylveon\n|-sidestart|p2: 321niuniu123|move: Sticky Web\n|\n|-weather|Snow|[upkeep]\n|-damage|p2a: Sylveon|82\/100 brn|[from] brn\n|-damage|p2a: Sylveon|69\/100 brn|[from] move: Infestation|[partiallytrapped]\n|upkeep\n|turn|4\n|\n|t:|1699756147\n|move|p2a: Sylveon|Curse|p2a: Sylveon\n|-unboost|p2a: Sylveon|spe|1\n|-boost|p2a: Sylveon|atk|1\n|-boost|p2a: Sylveon|def|1\n|move|p1a: Bongo|Toxic||[still]\n|-fail|p1a: Bongo\n|\n|-weather|Snow|[upkeep]\n|-damage|p2a: Sylveon|63\/100 brn|[from] brn\n|-damage|p2a: Sylveon|51\/100 brn|[from] move: Infestation|[partiallytrapped]\n|upkeep\n|turn|5\n|\n|t:|1699756161\n|switch|p1a: Helga|Clefable, F, shiny|100\/100\n|move|p2a: Sylveon|Curse|p2a: Sylveon\n|-unboost|p2a: Sylveon|spe|1\n|-boost|p2a: Sylveon|atk|1\n|-boost|p2a: Sylveon|def|1\n|\n|-weather|none\n|-damage|p2a: Sylveon|45\/100 brn|[from] brn\n|-end|p2a: Sylveon|Infestation|[partiallytrapped]|[silent]\n|upkeep\n|turn|6\n|\n|t:|1699756170\n|move|p1a: Helga|Moonblast|p2a: Sylveon\n|-damage|p2a: Sylveon|34\/100 brn\n|move|p2a: Sylveon|Wish|p2a: Sylveon\n|\n|-damage|p2a: Sylveon|28\/100 brn|[from] brn\n|upkeep\n|turn|7\n|\n|t:|1699756179\n|switch|p1a: Brian|Slowbro-Galar, M|100\/100\n|move|p2a: Sylveon|Curse|p2a: Sylveon\n|-unboost|p2a: Sylveon|spe|1\n|-boost|p2a: Sylveon|atk|1\n|-boost|p2a: Sylveon|def|1\n|\n|-heal|p2a: Sylveon|78\/100 brn|[from] move: Wish|[wisher] Sylveon\n|-damage|p2a: Sylveon|72\/100 brn|[from] brn\n|upkeep\n|turn|8\n|\n|t:|1699756189\n|detailschange|p1a: Brian|Slowbro-Mega, M\n|-mega|p1a: Brian|Slowbro|Slowbronite\n|-terastallize|p2a: Sylveon|Fairy\n|move|p1a: Brian|Calm Mind|p1a: Brian\n|-boost|p1a: Brian|spa|1\n|-boost|p1a: Brian|spd|1\n|move|p2a: Sylveon|Facade|p1a: Brian\n|-damage|p1a: Brian|0 fnt\n|faint|p1a: Brian\n|\n|-damage|p2a: Sylveon|66\/100 brn|[from] brn\n|-sideend|p2: 321niuniu123|move: Aurora Veil\n|upkeep\n|\n|t:|1699756199\n|switch|p1a: Porygon-Z|Porygon-Z|100\/100\n|-ability|p1a: Porygon-Z|Download|boost\n|-boost|p1a: Porygon-Z|spa|1\n|turn|9\n|\n|t:|1699756208\n|move|p1a: Porygon-Z|Tri Attack|p2a: Sylveon\n|-damage|p2a: Sylveon|21\/100 brn\n|move|p2a: Sylveon|Facade|p1a: Porygon-Z\n|-damage|p1a: Porygon-Z|0 fnt\n|faint|p1a: Porygon-Z\n|\n|-damage|p2a: Sylveon|15\/100 brn|[from] brn\n|upkeep\n|\n|t:|1699756216\n|switch|p1a: Great Tusk|Great Tusk|100\/100\n|-enditem|p1a: Great Tusk|Booster Energy\n|-activate|p1a: Great Tusk|ability: Protosynthesis|[fromitem]\n|-start|p1a: Great Tusk|protosynthesisspe\n|turn|10\n|\n|t:|1699756221\n|move|p1a: Great Tusk|Headlong Rush|p2a: Sylveon\n|-damage|p2a: Sylveon|0 fnt\n|-unboost|p1a: Great Tusk|def|1\n|-unboost|p1a: Great Tusk|spd|1\n|faint|p2a: Sylveon\n|\n|upkeep\n|\n|t:|1699756229\n|switch|p2a: Garganacl|Garganacl, F|100\/100\n|-activate|p2a: Garganacl|move: Sticky Web\n|-unboost|p2a: Garganacl|spe|1\n|turn|11\n|\n|t:|1699756234\n|move|p1a: Great Tusk|Bulk Up|p1a: Great Tusk\n|-boost|p1a: Great Tusk|atk|1\n|-boost|p1a: Great Tusk|def|1\n|move|p2a: Garganacl|Iron Defense|p2a: Garganacl\n|-boost|p2a: Garganacl|def|2\n|\n|upkeep\n|turn|12\n|\n|t:|1699756239\n|move|p1a: Great Tusk|Bulk Up|p1a: Great Tusk\n|-boost|p1a: Great Tusk|atk|1\n|-boost|p1a: Great Tusk|def|1\n|move|p2a: Garganacl|Iron Defense|p2a: Garganacl\n|-boost|p2a: Garganacl|def|2\n|\n|upkeep\n|turn|13\n|\n|t:|1699756244\n|move|p1a: Great Tusk|Bulk Up|p1a: Great Tusk\n|-boost|p1a: Great Tusk|atk|1\n|-boost|p1a: Great Tusk|def|1\n|move|p2a: Garganacl|Iron Defense|p2a: Garganacl\n|-boost|p2a: Garganacl|def|2\n|\n|upkeep\n|turn|14\n|\n|t:|1699756250\n|move|p1a: Great Tusk|Bulk Up|p1a: Great Tusk\n|-boost|p1a: Great Tusk|atk|1\n|-boost|p1a: Great Tusk|def|1\n|move|p2a: Garganacl|Salt Cure|p1a: Great Tusk\n|-resisted|p1a: Great Tusk\n|-damage|p1a: Great Tusk|99\/100\n|-start|p1a: Great Tusk|Salt Cure\n|\n|-damage|p1a: Great Tusk|87\/100|[from] Salt Cure\n|upkeep\n|turn|15\n|\n|t:|1699756258\n|move|p1a: Great Tusk|Ice Spinner|p2a: Garganacl\n|-damage|p2a: Garganacl|88\/100\n|move|p2a: Garganacl|Body Press|p1a: Great Tusk\n|-damage|p1a: Great Tusk|64\/100\n|\n|-heal|p2a: Garganacl|94\/100|[from] item: Leftovers\n|-damage|p1a: Great Tusk|52\/100|[from] Salt Cure\n|upkeep\n|turn|16\n|\n|t:|1699756266\n|move|p1a: Great Tusk|Close Combat|p2a: Garganacl\n|-supereffective|p2a: Garganacl\n|-damage|p2a: Garganacl|41\/100\n|-unboost|p1a: Great Tusk|def|1\n|-unboost|p1a: Great Tusk|spd|1\n|move|p2a: Garganacl|Body Press|p1a: Great Tusk\n|-damage|p1a: Great Tusk|23\/100\n|\n|-heal|p2a: Garganacl|47\/100|[from] item: Leftovers\n|-damage|p1a: Great Tusk|10\/100|[from] Salt Cure\n|upkeep\n|turn|17\n|\n|t:|1699756276\n|move|p1a: Great Tusk|Close Combat|p2a: Garganacl\n|-supereffective|p2a: Garganacl\n|-damage|p2a: Garganacl|0 fnt\n|-unboost|p1a: Great Tusk|def|1\n|-unboost|p1a: Great Tusk|spd|1\n|faint|p2a: Garganacl\n|\n|-damage|p1a: Great Tusk|0 fnt|[from] Salt Cure\n|faint|p1a: Great Tusk\n|-end|p1a: Great Tusk|Protosynthesis|[silent]\n|upkeep\n|\n|t:|1699756290\n|switch|p1a: Helga|Clefable, F, shiny|100\/100\n|switch|p2a: Alomomola|Alomomola, F|100\/100\n|-activate|p2a: Alomomola|move: Sticky Web\n|-unboost|p2a: Alomomola|spe|1\n|turn|18\n|\n|t:|1699756297\n|move|p1a: Helga|Calm Mind|p1a: Helga\n|-boost|p1a: Helga|spa|1\n|-boost|p1a: Helga|spd|1\n|move|p2a: Alomomola|Toxic|p1a: Helga\n|-status|p1a: Helga|tox\n|\n|-damage|p1a: Helga|94\/100 tox|[from] psn\n|upkeep\n|turn|19\n|\n|t:|1699756306\n|move|p1a: Helga|Calm Mind|p1a: Helga\n|-boost|p1a: Helga|spa|1\n|-boost|p1a: Helga|spd|1\n|move|p2a: Alomomola|Flip Turn|p1a: Helga\n|-damage|p1a: Helga|81\/100 tox\n|\n|t:|1699756312\n|switch|p2a: Banette|Banette, M|100\/100|[from] Flip Turn\n|-activate|p2a: Banette|move: Sticky Web\n|-unboost|p2a: Banette|spe|1\n|\n|-heal|p1a: Helga|88\/100 tox|[from] item: Leftovers\n|-damage|p1a: Helga|75\/100 tox|[from] psn\n|upkeep\n|turn|20\n|\n|t:|1699756319\n|detailschange|p2a: Banette|Banette-Mega, M\n|-mega|p2a: Banette|Banette|Banettite\n|move|p2a: Banette|Encore|p1a: Helga\n|-start|p1a: Helga|Encore\n|move|p1a: Helga|Calm Mind|p1a: Helga\n|-boost|p1a: Helga|spa|1\n|-boost|p1a: Helga|spd|1\n|\n|-heal|p1a: Helga|81\/100 tox|[from] item: Leftovers\n|-damage|p1a: Helga|63\/100 tox|[from] psn\n|upkeep\n|turn|21\n|\n|t:|1699756329\n|move|p1a: Helga|Calm Mind|p1a: Helga\n|-boost|p1a: Helga|spa|1\n|-boost|p1a: Helga|spd|1\n|move|p2a: Banette|Poltergeist|p1a: Helga\n|-activate|p1a: Helga|move: Poltergeist|Leftovers\n|-damage|p1a: Helga|7\/100 tox\n|\n|-heal|p1a: Helga|13\/100 tox|[from] item: Leftovers\n|-damage|p1a: Helga|0 fnt|[from] psn\n|faint|p1a: Helga\n|upkeep\n|\n|t:|1699756338\n|switch|p1a: Julius|Tangrowth, M|100\/100\n|turn|22\n|\n|t:|1699756342\n|move|p2a: Banette|Taunt|p1a: Julius\n|-start|p1a: Julius|move: Taunt\n|move|p1a: Julius|Knock Off|p2a: Banette\n|-supereffective|p2a: Banette\n|-damage|p2a: Banette|59\/100\n|\n|upkeep\n|turn|23\n|\n|t:|1699756350\n|move|p2a: Banette|Poltergeist|p1a: Julius\n|-activate|p1a: Julius|move: Poltergeist|Leftovers\n|-damage|p1a: Julius|51\/100\n|move|p1a: Julius|Knock Off|p2a: Banette\n|-supereffective|p2a: Banette\n|-damage|p2a: Banette|16\/100\n|\n|-heal|p1a: Julius|57\/100|[from] item: Leftovers\n|upkeep\n|turn|24\n|\n|t:|1699756358\n|move|p2a: Banette|Destiny Bond|p2a: Banette\n|-singlemove|p2a: Banette|Destiny Bond\n|move|p1a: Julius|Giga Drain|p2a: Banette\n|-damage|p2a: Banette|0 fnt\n|-heal|p1a: Julius|63\/100|[from] drain|[of] p2a: Banette\n|faint|p2a: Banette\n|-activate|p2a: Banette|move: Destiny Bond\n|faint|p1a: Julius\n|\n|upkeep\n|\n|t:|1699756366\n|switch|p2a: Aegislash|Aegislash, M|100\/100\n|switch|p1a: Bongo|Shuckle, M, shiny|100\/100\n|-activate|p2a: Aegislash|move: Sticky Web\n|-unboost|p2a: Aegislash|spe|1\n|turn|25\n|-message|namechooserofnames forfeited.\n|\n|win|321niuniu123\n|raw|namechooserofnames's rating: 1219 &rarr; <strong>1200<\/strong><br \/>(-19 for losing)\n|raw|321niuniu123's rating: 1300 &rarr; <strong>1319<\/strong><br \/>(+19 for winning)\n|l|\u2606namechooserofnames\n","uploadtime":1699756376,"views":7,"p1id":"namechooserofnames","p2id":"321niuniu123","formatid":"gen9nationaldex","rating":1200,"private":0,"password":""}