{"id":"gen9nationaldex-1999813192","p1":"SalCHITOSEtator","p2":"Conwynaut","format":"[Gen 9] National Dex","log":"|html|<div class=\"broadcast-blue\"><strong>[Gen 9] National Dex is currently suspecting Sneasler! For information on how to participate check out the <a href=\"https:\/\/www.smogon.com\/forums\/threads\/sv-national-dex-suspect-8-just-dance.3731534\/\">suspect thread<\/a>.<\/strong><\/div>\n|j|\u2606SalCHITOSEtator\n|j|\u2606Conwynaut\n|t:|1701119076\n|gametype|singles\n|player|p1|SalCHITOSEtator|ghetsis|1078\n|player|p2|Conwynaut|102|1118\n|teamsize|p1|6\n|teamsize|p2|6\n|gen|9\n|tier|[Gen 9] National Dex\n|rated|\n|rule|HP Percentage Mod: HP is shown in percentages\n|rule|Endless Battle Clause: Forcing endless battles is banned\n|rule|OHKO Clause: OHKO moves are banned\n|rule|Evasion Clause: Evasion abilities, items, and moves are banned\n|rule|Evasion Abilities Clause: Evasion abilities are banned\n|rule|Evasion Items Clause: Evasion items are banned\n|rule|Evasion Moves Clause: Evasion moves are banned\n|rule|Species Clause: Limit one of each Pok\u00e9mon\n|rule|Sleep Clause Mod: Limit one foe put to sleep\n|clearpoke\n|poke|p1|Salazzle, F|\n|poke|p1|Magnemite, L1|\n|poke|p1|Probopass, L2, F|\n|poke|p1|Mandibuzz, F|\n|poke|p1|Nosepass, L1, F|\n|poke|p1|Tentacruel, F|\n|poke|p2|Dragonite, M|\n|poke|p2|Scizor, M|\n|poke|p2|Iron Valiant|\n|poke|p2|Chansey, F|\n|poke|p2|Ogerpon-Wellspring, F|\n|poke|p2|Armarouge, F|\n|teampreview\n|\n|t:|1701119085\n|start\n|switch|p1a: Sh\ud83d\udca9tsquid|Tentacruel, F|100\/100\n|switch|p2a: Dragonite|Dragonite, M|100\/100\n|turn|1\n|inactive|Battle timer is ON: inactive players will automatically lose when time's up. (requested by Conwynaut)\n|\n|t:|1701119102\n|move|p1a: Sh\ud83d\udca9tsquid|Toxic|p2a: Dragonite\n|-status|p2a: Dragonite|tox\n|-enditem|p2a: Dragonite|Lum Berry|[eat]\n|-curestatus|p2a: Dragonite|tox|[msg]\n|move|p2a: Dragonite|Dragon Dance|p2a: Dragonite\n|-boost|p2a: Dragonite|atk|1\n|-boost|p2a: Dragonite|spe|1\n|\n|upkeep\n|turn|2\n|\n|t:|1701119111\n|switch|p1a: Sh\ud83d\udca9tbird|Mandibuzz, F|100\/100\n|move|p2a: Dragonite|Dragon Dance|p2a: Dragonite\n|-boost|p2a: Dragonite|atk|1\n|-boost|p2a: Dragonite|spe|1\n|\n|upkeep\n|turn|3\n|\n|t:|1701119118\n|move|p2a: Dragonite|Outrage|p1a: Sh\ud83d\udca9tbird\n|-damage|p1a: Sh\ud83d\udca9tbird|17\/100\n|move|p1a: Sh\ud83d\udca9tbird|Foul Play|p2a: Dragonite\n|-damage|p2a: Dragonite|40\/100\n|\n|upkeep\n|turn|4\n|\n|t:|1701119126\n|switch|p1a: Literally Level 1|Magnemite, L1|100\/100\n|move|p2a: Dragonite|Outrage|p1a: Literally Level 1|[from]lockedmove\n|-resisted|p1a: Literally Level 1\n|-ability|p1a: Literally Level 1|Sturdy\n|-damage|p1a: Literally Level 1|10\/100\n|-enditem|p1a: Literally Level 1|Berry Juice\n|-heal|p1a: Literally Level 1|100\/100|[from] item: Berry Juice\n|\n|upkeep\n|turn|5\n|\n|t:|1701119135\n|move|p2a: Dragonite|Outrage|p1a: Literally Level 1|[from]lockedmove\n|-resisted|p1a: Literally Level 1\n|-ability|p1a: Literally Level 1|Sturdy\n|-damage|p1a: Literally Level 1|10\/100\n|-start|p2a: Dragonite|confusion|[fatigue]\n|move|p1a: Literally Level 1|Recycle|p1a: Literally Level 1\n|-item|p1a: Literally Level 1|Berry Juice|[from] move: Recycle\n|-enditem|p1a: Literally Level 1|Berry Juice\n|-heal|p1a: Literally Level 1|100\/100|[from] item: Berry Juice\n|\n|upkeep\n|turn|6\n|\n|t:|1701119149\n|-activate|p2a: Dragonite|confusion\n|move|p2a: Dragonite|Extreme Speed|p1a: Literally Level 1\n|-resisted|p1a: Literally Level 1\n|-ability|p1a: Literally Level 1|Sturdy\n|-damage|p1a: Literally Level 1|10\/100\n|move|p1a: Literally Level 1|Recycle|p1a: Literally Level 1\n|-item|p1a: Literally Level 1|Berry Juice|[from] move: Recycle\n|-enditem|p1a: Literally Level 1|Berry Juice\n|-heal|p1a: Literally Level 1|100\/100|[from] item: Berry Juice\n|\n|upkeep\n|turn|7\n|\n|t:|1701119167\n|-activate|p2a: Dragonite|confusion\n|move|p2a: Dragonite|Dragon Dance|p2a: Dragonite\n|-boost|p2a: Dragonite|atk|1\n|-boost|p2a: Dragonite|spe|1\n|move|p1a: Literally Level 1|Recycle|p1a: Literally Level 1\n|-item|p1a: Literally Level 1|Berry Juice|[from] move: Recycle\n|\n|upkeep\n|turn|8\n|\n|t:|1701119177\n|-end|p2a: Dragonite|confusion\n|move|p2a: Dragonite|Dragon Dance|p2a: Dragonite\n|-boost|p2a: Dragonite|atk|1\n|-boost|p2a: Dragonite|spe|1\n|move|p1a: Literally Level 1|Toxic|p2a: Dragonite\n|-status|p2a: Dragonite|tox\n|\n|-damage|p2a: Dragonite|33\/100 tox|[from] psn\n|upkeep\n|turn|9\n|\n|t:|1701119189\n|move|p1a: Literally Level 1|Protect|p1a: Literally Level 1\n|-singleturn|p1a: Literally Level 1|Protect\n|move|p2a: Dragonite|Extreme Speed|p1a: Literally Level 1\n|-activate|p1a: Literally Level 1|move: Protect\n|\n|-damage|p2a: Dragonite|21\/100 tox|[from] psn\n|upkeep\n|turn|10\n|\n|t:|1701119214\n|move|p2a: Dragonite|Extreme Speed|p1a: Literally Level 1\n|-resisted|p1a: Literally Level 1\n|-ability|p1a: Literally Level 1|Sturdy\n|-damage|p1a: Literally Level 1|10\/100\n|-enditem|p1a: Literally Level 1|Berry Juice\n|-heal|p1a: Literally Level 1|100\/100|[from] item: Berry Juice\n|move|p1a: Literally Level 1|Recycle|p1a: Literally Level 1\n|-item|p1a: Literally Level 1|Berry Juice|[from] move: Recycle\n|\n|-damage|p2a: Dragonite|2\/100 tox|[from] psn\n|upkeep\n|turn|11\n|inactive|SalCHITOSEtator has 120 seconds left.\n|\n|t:|1701119244\n|move|p1a: Literally Level 1|Protect|p1a: Literally Level 1\n|-singleturn|p1a: Literally Level 1|Protect\n|move|p2a: Dragonite|Outrage|p1a: Literally Level 1\n|-activate|p1a: Literally Level 1|move: Protect\n|\n|-damage|p2a: Dragonite|0 fnt|[from] psn\n|faint|p2a: Dragonite\n|upkeep\n|\n|t:|1701119253\n|switch|p2a: Scizor|Scizor, M|100\/100\n|turn|12\n|inactive|SalCHITOSEtator has 120 seconds left.\n|inactive|SalCHITOSEtator has 90 seconds left.\n|\n|t:|1701119312\n|switch|p1a: Sh\ud83d\udca9tsquid|Tentacruel, F|100\/100\n|move|p2a: Scizor|Swords Dance|p2a: Scizor\n|-boost|p2a: Scizor|atk|2\n|\n|upkeep\n|turn|13\n|inactive|Conwynaut has 120 seconds left.\n|\n|t:|1701119364\n|move|p1a: Sh\ud83d\udca9tsquid|Scald|p2a: Scizor\n|-damage|p2a: Scizor|76\/100\n|move|p2a: Scizor|Close Combat|p1a: Sh\ud83d\udca9tsquid\n|-resisted|p1a: Sh\ud83d\udca9tsquid\n|-damage|p1a: Sh\ud83d\udca9tsquid|41\/100\n|-unboost|p2a: Scizor|def|1\n|-unboost|p2a: Scizor|spd|1\n|\n|-heal|p1a: Sh\ud83d\udca9tsquid|47\/100|[from] item: Leftovers\n|upkeep\n|turn|14\n|\n|t:|1701119375\n|switch|p1a: Sh\ud83d\udca9tbird|Mandibuzz, F|17\/100\n|move|p2a: Scizor|Bullet Punch|p1a: Sh\ud83d\udca9tbird\n|-damage|p1a: Sh\ud83d\udca9tbird|0 fnt\n|faint|p1a: Sh\ud83d\udca9tbird\n|\n|upkeep\n|\n|t:|1701119400\n|switch|p1a: No Fun Allowed|Salazzle, F|100\/100\n|turn|15\n|\n|t:|1701119412\n|move|p2a: Scizor|Bullet Punch|p1a: No Fun Allowed\n|-resisted|p1a: No Fun Allowed\n|-damage|p1a: No Fun Allowed|34\/100\n|move|p1a: No Fun Allowed|Flamethrower|p2a: Scizor\n|-supereffective|p2a: Scizor\n|-damage|p2a: Scizor|0 fnt\n|faint|p2a: Scizor\n|\n|-heal|p1a: No Fun Allowed|41\/100|[from] item: Leftovers\n|upkeep\n|\n|t:|1701119424\n|switch|p2a: Iron Valiant|Iron Valiant|100\/100\n|-enditem|p2a: Iron Valiant|Booster Energy\n|-activate|p2a: Iron Valiant|ability: Quark Drive|[fromitem]\n|-start|p2a: Iron Valiant|quarkdrivespe\n|turn|16\n|\n|t:|1701119429\n|move|p1a: No Fun Allowed|Protect|p1a: No Fun Allowed\n|-singleturn|p1a: No Fun Allowed|Protect\n|move|p2a: Iron Valiant|Psychic|p1a: No Fun Allowed\n|-activate|p1a: No Fun Allowed|move: Protect\n|\n|-heal|p1a: No Fun Allowed|47\/100|[from] item: Leftovers\n|upkeep\n|turn|17\n|\n|t:|1701119440\n|switch|p1a: Click the \u274c|Nosepass, L1, F, shiny|100\/100\n|move|p2a: Iron Valiant|Psychic|p1a: Click the \u274c\n|-crit|p1a: Click the \u274c\n|-ability|p1a: Click the \u274c|Sturdy\n|-damage|p1a: Click the \u274c|10\/100\n|-enditem|p1a: Click the \u274c|Berry Juice\n|-heal|p1a: Click the \u274c|100\/100|[from] item: Berry Juice\n|\n|upkeep\n|turn|18\n|\n|t:|1701119451\n|move|p2a: Iron Valiant|Thunder Wave|p1a: Click the \u274c\n|-status|p1a: Click the \u274c|par\n|move|p1a: Click the \u274c|Pain Split|p2a: Iron Valiant\n|-sethp|p2a: Iron Valiant|52\/100|[from] move: Pain Split|[silent]\n|-sethp|p1a: Click the \u274c|100\/100 par|[from] move: Pain Split\n|\n|upkeep\n|turn|19\n|\n|t:|1701119462\n|move|p2a: Iron Valiant|Psychic|p1a: Click the \u274c\n|-ability|p1a: Click the \u274c|Sturdy\n|-damage|p1a: Click the \u274c|10\/100 par\n|move|p1a: Click the \u274c|Toxic|p2a: Iron Valiant\n|-status|p2a: Iron Valiant|tox\n|\n|-damage|p2a: Iron Valiant|46\/100 tox|[from] psn\n|upkeep\n|turn|20\n|inactive|Conwynaut has 120 seconds left.\n|\n|t:|1701119471\n|move|p1a: Click the \u274c|Protect|p1a: Click the \u274c\n|-singleturn|p1a: Click the \u274c|Protect\n|move|p2a: Iron Valiant|Psychic|p1a: Click the \u274c\n|-activate|p1a: Click the \u274c|move: Protect\n|\n|-damage|p2a: Iron Valiant|34\/100 tox|[from] psn\n|upkeep\n|turn|21\n|inactive|SalCHITOSEtator has 120 seconds left.\n|\n|t:|1701119488\n|cant|p1a: Click the \u274c|par\n|move|p2a: Iron Valiant|Psychic|p1a: Click the \u274c\n|-damage|p1a: Click the \u274c|0 fnt\n|faint|p1a: Click the \u274c\n|\n|-damage|p2a: Iron Valiant|15\/100 tox|[from] psn\n|upkeep\n|\n|t:|1701119492\n|switch|p1a: Literally Level 1|Magnemite, L1|100\/100\n|turn|22\n|\n|t:|1701119503\n|move|p1a: Literally Level 1|Protect|p1a: Literally Level 1\n|-singleturn|p1a: Literally Level 1|Protect\n|move|p2a: Iron Valiant|Psychic|p1a: Literally Level 1\n|-activate|p1a: Literally Level 1|move: Protect\n|\n|-damage|p2a: Iron Valiant|0 fnt|[from] psn\n|faint|p2a: Iron Valiant\n|-end|p2a: Iron Valiant|Quark Drive|[silent]\n|upkeep\n|\n|t:|1701119512\n|switch|p2a: Chansey|Chansey, F|100\/100\n|turn|23\n|\n|t:|1701119521\n|move|p2a: Chansey|Seismic Toss|p1a: Literally Level 1\n|-ability|p1a: Literally Level 1|Sturdy\n|-damage|p1a: Literally Level 1|10\/100\n|-enditem|p1a: Literally Level 1|Berry Juice\n|-heal|p1a: Literally Level 1|100\/100|[from] item: Berry Juice\n|move|p1a: Literally Level 1|Toxic|p2a: Chansey\n|-status|p2a: Chansey|tox\n|\n|-damage|p2a: Chansey|94\/100 tox|[from] psn\n|upkeep\n|turn|24\n|\n|t:|1701119533\n|move|p2a: Chansey|Seismic Toss|p1a: Literally Level 1\n|-ability|p1a: Literally Level 1|Sturdy\n|-damage|p1a: Literally Level 1|10\/100\n|move|p1a: Literally Level 1|Recycle|p1a: Literally Level 1\n|-item|p1a: Literally Level 1|Berry Juice|[from] move: Recycle\n|-enditem|p1a: Literally Level 1|Berry Juice\n|-heal|p1a: Literally Level 1|100\/100|[from] item: Berry Juice\n|\n|-damage|p2a: Chansey|82\/100 tox|[from] psn\n|upkeep\n|turn|25\n|\n|t:|1701119544\n|move|p2a: Chansey|Heal Bell|p2a: Chansey\n|-activate|p2a: Chansey|move: Heal Bell\n|-curestatus|p2a: Chansey|tox|[msg]\n|move|p1a: Literally Level 1|Recycle|p1a: Literally Level 1\n|-item|p1a: Literally Level 1|Berry Juice|[from] move: Recycle\n|\n|upkeep\n|turn|26\n|\n|t:|1701119552\n|move|p2a: Chansey|Seismic Toss|p1a: Literally Level 1\n|-ability|p1a: Literally Level 1|Sturdy\n|-damage|p1a: Literally Level 1|10\/100\n|-enditem|p1a: Literally Level 1|Berry Juice\n|-heal|p1a: Literally Level 1|100\/100|[from] item: Berry Juice\n|move|p1a: Literally Level 1|Toxic|p2a: Chansey\n|-status|p2a: Chansey|tox\n|\n|-damage|p2a: Chansey|76\/100 tox|[from] psn\n|upkeep\n|turn|27\n|\n|t:|1701119564\n|move|p2a: Chansey|Heal Bell|p2a: Chansey\n|-activate|p2a: Chansey|move: Heal Bell\n|-curestatus|p2a: Chansey|tox|[msg]\n|move|p1a: Literally Level 1|Recycle|p1a: Literally Level 1\n|-item|p1a: Literally Level 1|Berry Juice|[from] move: Recycle\n|\n|upkeep\n|turn|28\n|\n|t:|1701119571\n|move|p2a: Chansey|Seismic Toss|p1a: Literally Level 1\n|-ability|p1a: Literally Level 1|Sturdy\n|-damage|p1a: Literally Level 1|10\/100\n|-enditem|p1a: Literally Level 1|Berry Juice\n|-heal|p1a: Literally Level 1|100\/100|[from] item: Berry Juice\n|move|p1a: Literally Level 1|Toxic|p2a: Chansey|[miss]\n|-miss|p1a: Literally Level 1|p2a: Chansey\n|\n|upkeep\n|turn|29\n|\n|t:|1701119596\n|move|p2a: Chansey|Seismic Toss|p1a: Literally Level 1\n|-ability|p1a: Literally Level 1|Sturdy\n|-damage|p1a: Literally Level 1|10\/100\n|move|p1a: Literally Level 1|Recycle|p1a: Literally Level 1\n|-item|p1a: Literally Level 1|Berry Juice|[from] move: Recycle\n|-enditem|p1a: Literally Level 1|Berry Juice\n|-heal|p1a: Literally Level 1|100\/100|[from] item: Berry Juice\n|\n|upkeep\n|turn|30\n|\n|t:|1701119609\n|move|p1a: Literally Level 1|Protect|p1a: Literally Level 1\n|-singleturn|p1a: Literally Level 1|Protect\n|move|p2a: Chansey|Seismic Toss|p1a: Literally Level 1\n|-activate|p1a: Literally Level 1|move: Protect\n|\n|upkeep\n|turn|31\n|\n|t:|1701119625\n|switch|p1a: Sh\ud83d\udca9tsquid|Tentacruel, F|47\/100\n|move|p2a: Chansey|Seismic Toss|p1a: Sh\ud83d\udca9tsquid\n|-damage|p1a: Sh\ud83d\udca9tsquid|20\/100\n|\n|-heal|p1a: Sh\ud83d\udca9tsquid|26\/100|[from] item: Leftovers\n|upkeep\n|turn|32\n|inactive|SalCHITOSEtator has 120 seconds left.\n|\n|t:|1701119656\n|switch|p1a: Level2\ufe0f\u20e3Level2\ufe0f\u20e3|Probopass, L2, F, shiny|100\/100\n|move|p2a: Chansey|Seismic Toss|p1a: Level2\ufe0f\u20e3Level2\ufe0f\u20e3\n|-ability|p1a: Level2\ufe0f\u20e3Level2\ufe0f\u20e3|Sturdy\n|-damage|p1a: Level2\ufe0f\u20e3Level2\ufe0f\u20e3|8\/100\n|-enditem|p1a: Level2\ufe0f\u20e3Level2\ufe0f\u20e3|Berry Juice\n|-heal|p1a: Level2\ufe0f\u20e3Level2\ufe0f\u20e3|100\/100|[from] item: Berry Juice\n|\n|upkeep\n|turn|33\n|\n|t:|1701119672\n|switch|p2a: Armarouge|Armarouge, F|100\/100\n|move|p1a: Level2\ufe0f\u20e3Level2\ufe0f\u20e3|Pain Split|p2a: Armarouge\n|-sethp|p2a: Armarouge|52\/100|[from] move: Pain Split|[silent]\n|-sethp|p1a: Level2\ufe0f\u20e3Level2\ufe0f\u20e3|100\/100|[from] move: Pain Split\n|\n|upkeep\n|turn|34\n|\n|t:|1701119681\n|switch|p1a: Sh\ud83d\udca9tsquid|Tentacruel, F|26\/100\n|move|p2a: Armarouge|Psychic|p1a: Sh\ud83d\udca9tsquid\n|-supereffective|p1a: Sh\ud83d\udca9tsquid\n|-damage|p1a: Sh\ud83d\udca9tsquid|0 fnt\n|faint|p1a: Sh\ud83d\udca9tsquid\n|\n|upkeep\n|\n|t:|1701119690\n|switch|p1a: Literally Level 1|Magnemite, L1|100\/100\n|turn|35\n|\n|t:|1701119696\n|move|p2a: Armarouge|Psychic|p1a: Literally Level 1\n|-resisted|p1a: Literally Level 1\n|-ability|p1a: Literally Level 1|Sturdy\n|-damage|p1a: Literally Level 1|10\/100\n|move|p1a: Literally Level 1|Toxic|p2a: Armarouge\n|-status|p2a: Armarouge|tox\n|\n|-damage|p2a: Armarouge|46\/100 tox|[from] psn\n|upkeep\n|turn|36\n|\n|t:|1701119706\n|move|p1a: Literally Level 1|Protect|p1a: Literally Level 1\n|-singleturn|p1a: Literally Level 1|Protect\n|move|p2a: Armarouge|Psychic|p1a: Literally Level 1\n|-activate|p1a: Literally Level 1|move: Protect\n|\n|-damage|p2a: Armarouge|34\/100 tox|[from] psn\n|upkeep\n|turn|37\n|\n|t:|1701119714\n|move|p1a: Literally Level 1|Protect||[still]\n|-fail|p1a: Literally Level 1\n|move|p2a: Armarouge|Psychic|p1a: Literally Level 1\n|-resisted|p1a: Literally Level 1\n|-damage|p1a: Literally Level 1|0 fnt\n|faint|p1a: Literally Level 1\n|\n|-damage|p2a: Armarouge|15\/100 tox|[from] psn\n|upkeep\n|\n|t:|1701119742\n|switch|p1a: Level2\ufe0f\u20e3Level2\ufe0f\u20e3|Probopass, L2, F, shiny|100\/100\n|turn|38\n|\n|t:|1701119748\n|switch|p2a: Chansey|Chansey, F|76\/100\n|move|p1a: Level2\ufe0f\u20e3Level2\ufe0f\u20e3|Protect||[still]\n|-fail|p1a: Level2\ufe0f\u20e3Level2\ufe0f\u20e3\n|\n|upkeep\n|turn|39\n|\n|t:|1701119757\n|move|p1a: Level2\ufe0f\u20e3Level2\ufe0f\u20e3|Protect|p1a: Level2\ufe0f\u20e3Level2\ufe0f\u20e3\n|-singleturn|p1a: Level2\ufe0f\u20e3Level2\ufe0f\u20e3|Protect\n|move|p2a: Chansey|Seismic Toss|p1a: Level2\ufe0f\u20e3Level2\ufe0f\u20e3\n|-activate|p1a: Level2\ufe0f\u20e3Level2\ufe0f\u20e3|move: Protect\n|\n|upkeep\n|turn|40\n|\n|t:|1701119764\n|move|p2a: Chansey|Seismic Toss|p1a: Level2\ufe0f\u20e3Level2\ufe0f\u20e3\n|-ability|p1a: Level2\ufe0f\u20e3Level2\ufe0f\u20e3|Sturdy\n|-damage|p1a: Level2\ufe0f\u20e3Level2\ufe0f\u20e3|8\/100\n|move|p1a: Level2\ufe0f\u20e3Level2\ufe0f\u20e3|Pain Split|p2a: Chansey\n|-sethp|p2a: Chansey|38\/100|[from] move: Pain Split|[silent]\n|-sethp|p1a: Level2\ufe0f\u20e3Level2\ufe0f\u20e3|100\/100|[from] move: Pain Split\n|\n|upkeep\n|turn|41\n|\n|t:|1701119779\n|move|p2a: Chansey|Heal Bell|p2a: Chansey\n|-activate|p2a: Chansey|move: Heal Bell\n|-curestatus|p2: Armarouge|tox|[msg]\n|move|p1a: Level2\ufe0f\u20e3Level2\ufe0f\u20e3|Pain Split|p2a: Chansey\n|-sethp|p2a: Chansey|20\/100|[from] move: Pain Split|[silent]\n|-sethp|p1a: Level2\ufe0f\u20e3Level2\ufe0f\u20e3|100\/100|[from] move: Pain Split\n|\n|upkeep\n|turn|42\n|\n|t:|1701119790\n|switch|p2a: Armarouge|Armarouge, F|15\/100\n|move|p1a: Level2\ufe0f\u20e3Level2\ufe0f\u20e3|Toxic|p2a: Armarouge\n|-status|p2a: Armarouge|tox\n|\n|-damage|p2a: Armarouge|9\/100 tox|[from] psn\n|upkeep\n|turn|43\n|\n|t:|1701119799\n|switch|p2a: Chansey|Chansey, F|20\/100\n|move|p1a: Level2\ufe0f\u20e3Level2\ufe0f\u20e3|Protect||[still]\n|-fail|p1a: Level2\ufe0f\u20e3Level2\ufe0f\u20e3\n|\n|upkeep\n|turn|44\n|\n|t:|1701119807\n|move|p2a: Chansey|Heal Bell|p2a: Chansey\n|-activate|p2a: Chansey|move: Heal Bell\n|-curestatus|p2: Armarouge|tox|[msg]\n|move|p1a: Level2\ufe0f\u20e3Level2\ufe0f\u20e3|Toxic|p2a: Chansey\n|-status|p2a: Chansey|tox\n|\n|-damage|p2a: Chansey|14\/100 tox|[from] psn\n|upkeep\n|turn|45\n|\n|t:|1701119816\n|move|p2a: Chansey|Heal Bell|p2a: Chansey\n|-activate|p2a: Chansey|move: Heal Bell\n|-curestatus|p2a: Chansey|tox|[msg]\n|move|p1a: Level2\ufe0f\u20e3Level2\ufe0f\u20e3|Toxic|p2a: Chansey\n|-status|p2a: Chansey|tox\n|\n|-damage|p2a: Chansey|8\/100 tox|[from] psn\n|upkeep\n|turn|46\n|\n|t:|1701119826\n|-curestatus|p2a: Chansey|tox|[from] ability: Natural Cure\n|switch|p2a: Ogerpon|Ogerpon-Wellspring, F|100\/100\n|move|p1a: Level2\ufe0f\u20e3Level2\ufe0f\u20e3|Toxic|p2a: Ogerpon\n|-status|p2a: Ogerpon|tox\n|\n|-damage|p2a: Ogerpon|95\/100 tox|[from] psn\n|upkeep\n|turn|47\n|\n|t:|1701119839\n|move|p2a: Ogerpon|Wood Hammer|p1a: Level2\ufe0f\u20e3Level2\ufe0f\u20e3\n|-ability|p1a: Level2\ufe0f\u20e3Level2\ufe0f\u20e3|Sturdy\n|-damage|p1a: Level2\ufe0f\u20e3Level2\ufe0f\u20e3|8\/100\n|-damage|p2a: Ogerpon|93\/100 tox|[from] Recoil\n|move|p1a: Level2\ufe0f\u20e3Level2\ufe0f\u20e3|Pain Split|p2a: Ogerpon\n|-sethp|p2a: Ogerpon|47\/100 tox|[from] move: Pain Split|[silent]\n|-sethp|p1a: Level2\ufe0f\u20e3Level2\ufe0f\u20e3|100\/100|[from] move: Pain Split\n|\n|-damage|p2a: Ogerpon|35\/100 tox|[from] psn\n|upkeep\n|turn|48\n|\n|t:|1701119857\n|move|p2a: Ogerpon|Ivy Cudgel|p1a: Level2\ufe0f\u20e3Level2\ufe0f\u20e3|[anim] Ivy Cudgel Water\n|-supereffective|p1a: Level2\ufe0f\u20e3Level2\ufe0f\u20e3\n|-ability|p1a: Level2\ufe0f\u20e3Level2\ufe0f\u20e3|Sturdy\n|-damage|p1a: Level2\ufe0f\u20e3Level2\ufe0f\u20e3|8\/100\n|move|p1a: Level2\ufe0f\u20e3Level2\ufe0f\u20e3|Pain Split|p2a: Ogerpon\n|-sethp|p2a: Ogerpon|18\/100 tox|[from] move: Pain Split|[silent]\n|-sethp|p1a: Level2\ufe0f\u20e3Level2\ufe0f\u20e3|100\/100|[from] move: Pain Split\n|\n|-damage|p2a: Ogerpon|0 fnt|[from] psn\n|faint|p2a: Ogerpon\n|upkeep\n|\n|t:|1701119869\n|switch|p2a: Chansey|Chansey, F|8\/100\n|turn|49\n|\n|t:|1701119875\n|move|p2a: Chansey|Soft-Boiled|p2a: Chansey\n|-heal|p2a: Chansey|58\/100\n|move|p1a: Level2\ufe0f\u20e3Level2\ufe0f\u20e3|Toxic|p2a: Chansey\n|-status|p2a: Chansey|tox\n|\n|-damage|p2a: Chansey|52\/100 tox|[from] psn\n|upkeep\n|turn|50\n|inactive|SalCHITOSEtator has 120 seconds left.\n|\n|t:|1701119923\n|move|p2a: Chansey|Heal Bell|p2a: Chansey\n|-activate|p2a: Chansey|move: Heal Bell\n|-curestatus|p2a: Chansey|tox|[msg]\n|move|p1a: Level2\ufe0f\u20e3Level2\ufe0f\u20e3|Toxic|p2a: Chansey\n|-status|p2a: Chansey|tox\n|\n|-damage|p2a: Chansey|46\/100 tox|[from] psn\n|upkeep\n|turn|51\n|\n|t:|1701119932\n|move|p2a: Chansey|Soft-Boiled|p2a: Chansey\n|-heal|p2a: Chansey|96\/100 tox\n|move|p1a: Level2\ufe0f\u20e3Level2\ufe0f\u20e3|Pain Split|p2a: Chansey\n|-sethp|p2a: Chansey|49\/100 tox|[from] move: Pain Split|[silent]\n|-sethp|p1a: Level2\ufe0f\u20e3Level2\ufe0f\u20e3|100\/100|[from] move: Pain Split\n|\n|-damage|p2a: Chansey|37\/100 tox|[from] psn\n|upkeep\n|turn|52\n|\n|t:|1701119952\n|-curestatus|p2a: Chansey|tox|[from] ability: Natural Cure\n|switch|p2a: Armarouge|Armarouge, F|9\/100\n|move|p1a: Level2\ufe0f\u20e3Level2\ufe0f\u20e3|Toxic|p2a: Armarouge\n|-status|p2a: Armarouge|tox\n|\n|-damage|p2a: Armarouge|3\/100 tox|[from] psn\n|upkeep\n|turn|53\n|\n|t:|1701119965\n|move|p1a: Level2\ufe0f\u20e3Level2\ufe0f\u20e3|Protect|p1a: Level2\ufe0f\u20e3Level2\ufe0f\u20e3\n|-singleturn|p1a: Level2\ufe0f\u20e3Level2\ufe0f\u20e3|Protect\n|move|p2a: Armarouge|Psychic|p1a: Level2\ufe0f\u20e3Level2\ufe0f\u20e3\n|-activate|p1a: Level2\ufe0f\u20e3Level2\ufe0f\u20e3|move: Protect\n|\n|-damage|p2a: Armarouge|0 fnt|[from] psn\n|faint|p2a: Armarouge\n|upkeep\n|\n|t:|1701119973\n|switch|p2a: Chansey|Chansey, F|37\/100\n|turn|54\n|\n|t:|1701119985\n|move|p2a: Chansey|Toxic|p1a: Level2\ufe0f\u20e3Level2\ufe0f\u20e3\n|-immune|p1a: Level2\ufe0f\u20e3Level2\ufe0f\u20e3\n|move|p1a: Level2\ufe0f\u20e3Level2\ufe0f\u20e3|Pain Split|p2a: Chansey\n|-sethp|p2a: Chansey|20\/100|[from] move: Pain Split|[silent]\n|-sethp|p1a: Level2\ufe0f\u20e3Level2\ufe0f\u20e3|100\/100|[from] move: Pain Split\n|\n|upkeep\n|turn|55\n|\n|t:|1701119994\n|switch|p1a: No Fun Allowed|Salazzle, F|47\/100\n|move|p2a: Chansey|Soft-Boiled|p2a: Chansey\n|-heal|p2a: Chansey|70\/100\n|\n|-heal|p1a: No Fun Allowed|53\/100|[from] item: Leftovers\n|upkeep\n|turn|56\n|\n|t:|1701120004\n|move|p1a: No Fun Allowed|Toxic|p2a: Chansey\n|-status|p2a: Chansey|tox\n|move|p2a: Chansey|Seismic Toss|p1a: No Fun Allowed\n|-damage|p1a: No Fun Allowed|17\/100\n|\n|-heal|p1a: No Fun Allowed|23\/100|[from] item: Leftovers\n|-damage|p2a: Chansey|64\/100 tox|[from] psn\n|upkeep\n|turn|57\n|\n|t:|1701120008\n|move|p1a: No Fun Allowed|Protect|p1a: No Fun Allowed\n|-singleturn|p1a: No Fun Allowed|Protect\n|move|p2a: Chansey|Soft-Boiled|p2a: Chansey\n|-heal|p2a: Chansey|100\/100 tox\n|\n|-heal|p1a: No Fun Allowed|29\/100|[from] item: Leftovers\n|-damage|p2a: Chansey|88\/100 tox|[from] psn\n|upkeep\n|turn|58\n|\n|t:|1701120017\n|move|p1a: No Fun Allowed|Substitute|p1a: No Fun Allowed\n|-start|p1a: No Fun Allowed|Substitute\n|-damage|p1a: No Fun Allowed|4\/100\n|move|p2a: Chansey|Seismic Toss|p1a: No Fun Allowed\n|-end|p1a: No Fun Allowed|Substitute\n|\n|-heal|p1a: No Fun Allowed|10\/100|[from] item: Leftovers\n|-damage|p2a: Chansey|70\/100 tox|[from] psn\n|upkeep\n|turn|59\n|\n|t:|1701120032\n|move|p1a: No Fun Allowed|Protect|p1a: No Fun Allowed\n|-singleturn|p1a: No Fun Allowed|Protect\n|move|p2a: Chansey|Seismic Toss|p1a: No Fun Allowed\n|-activate|p1a: No Fun Allowed|move: Protect\n|\n|-heal|p1a: No Fun Allowed|16\/100|[from] item: Leftovers\n|-damage|p2a: Chansey|45\/100 tox|[from] psn\n|upkeep\n|turn|60\n|\n|t:|1701120041\n|move|p1a: No Fun Allowed|Flamethrower|p2a: Chansey\n|-damage|p2a: Chansey|32\/100 tox\n|move|p2a: Chansey|Seismic Toss|p1a: No Fun Allowed\n|-damage|p1a: No Fun Allowed|0 fnt\n|faint|p1a: No Fun Allowed\n|\n|-damage|p2a: Chansey|1\/100 tox|[from] psn\n|upkeep\n|\n|t:|1701120046\n|switch|p1a: Level2\ufe0f\u20e3Level2\ufe0f\u20e3|Probopass, L2, F, shiny|100\/100\n|turn|61\n|\n|t:|1701120057\n|move|p2a: Chansey|Soft-Boiled|p2a: Chansey\n|-heal|p2a: Chansey|52\/100 tox\n|move|p1a: Level2\ufe0f\u20e3Level2\ufe0f\u20e3|Toxic|p2a: Chansey\n|-fail|p2a: Chansey|tox\n|\n|-damage|p2a: Chansey|15\/100 tox|[from] psn\n|upkeep\n|turn|62\n|\n|t:|1701120070\n|move|p2a: Chansey|Soft-Boiled|p2a: Chansey\n|-heal|p2a: Chansey|65\/100 tox\n|move|p1a: Level2\ufe0f\u20e3Level2\ufe0f\u20e3|Toxic|p2a: Chansey\n|-fail|p2a: Chansey|tox\n|\n|-damage|p2a: Chansey|22\/100 tox|[from] psn\n|upkeep\n|turn|63\n|c|\u2606SalCHITOSEtator|gg\n|\n|t:|1701120079\n|move|p2a: Chansey|Soft-Boiled|p2a: Chansey\n|-heal|p2a: Chansey|72\/100 tox\n|move|p1a: Level2\ufe0f\u20e3Level2\ufe0f\u20e3|Toxic|p2a: Chansey\n|-fail|p2a: Chansey|tox\n|\n|-damage|p2a: Chansey|23\/100 tox|[from] psn\n|upkeep\n|turn|64\n|\n|t:|1701120087\n|move|p2a: Chansey|Soft-Boiled|p2a: Chansey\n|-heal|p2a: Chansey|73\/100 tox\n|move|p1a: Level2\ufe0f\u20e3Level2\ufe0f\u20e3|Toxic|p2a: Chansey\n|-fail|p2a: Chansey|tox\n|\n|-damage|p2a: Chansey|18\/100 tox|[from] psn\n|upkeep\n|turn|65\n|\n|t:|1701120096\n|move|p2a: Chansey|Heal Bell|p2a: Chansey\n|-activate|p2a: Chansey|move: Heal Bell\n|-curestatus|p2a: Chansey|tox|[msg]\n|move|p1a: Level2\ufe0f\u20e3Level2\ufe0f\u20e3|Toxic|p2a: Chansey\n|-status|p2a: Chansey|tox\n|\n|-damage|p2a: Chansey|12\/100 tox|[from] psn\n|upkeep\n|turn|66\n|\n|t:|1701120109\n|move|p2a: Chansey|Heal Bell|p2a: Chansey\n|-activate|p2a: Chansey|move: Heal Bell\n|-curestatus|p2a: Chansey|tox|[msg]\n|move|p1a: Level2\ufe0f\u20e3Level2\ufe0f\u20e3|Toxic|p2a: Chansey\n|-status|p2a: Chansey|tox\n|\n|-damage|p2a: Chansey|6\/100 tox|[from] psn\n|upkeep\n|turn|67\n|\n|t:|1701120120\n|move|p1a: Level2\ufe0f\u20e3Level2\ufe0f\u20e3|Protect|p1a: Level2\ufe0f\u20e3Level2\ufe0f\u20e3\n|-singleturn|p1a: Level2\ufe0f\u20e3Level2\ufe0f\u20e3|Protect\n|move|p2a: Chansey|Seismic Toss|p1a: Level2\ufe0f\u20e3Level2\ufe0f\u20e3\n|-activate|p1a: Level2\ufe0f\u20e3Level2\ufe0f\u20e3|move: Protect\n|\n|-damage|p2a: Chansey|0 fnt|[from] psn\n|faint|p2a: Chansey\n|\n|win|SalCHITOSEtator\n|upkeep\n|raw|SalCHITOSEtator's rating: 1090 &rarr; <strong>1119<\/strong><br \/>(+29 for winning)\n|raw|Conwynaut's rating: 1118 &rarr; <strong>1091<\/strong><br \/>(-27 for losing)\n","uploadtime":1701120134,"views":2,"p1id":"salchitosetator","p2id":"conwynaut","formatid":"gen9nationaldex","rating":1091,"private":0,"password":""}