{"id":"gen9nationaldex-1997924608","p1":"famus123","p2":"Corazonmorado27","format":"[Gen 9] National Dex","log":"|html|<div class=\"broadcast-blue\"><strong>[Gen 9] National Dex is currently suspecting Sneasler! For information on how to participate check out the <a href=\"https:\/\/www.smogon.com\/forums\/threads\/sv-national-dex-suspect-8-just-dance.3731534\/\">suspect thread<\/a>.<\/strong><\/div>\n|j|\u2606famus123\n|j|\u2606Corazonmorado27\n|t:|1700868075\n|gametype|singles\n|player|p1|famus123|kukui|\n|player|p2|Corazonmorado27|parasollady|\n|teamsize|p1|6\n|teamsize|p2|6\n|gen|9\n|tier|[Gen 9] National Dex\n|rule|HP Percentage Mod: HP is shown in percentages\n|rule|Endless Battle Clause: Forcing endless battles is banned\n|rule|OHKO Clause: OHKO moves are banned\n|rule|Evasion Clause: Evasion abilities, items, and moves are banned\n|rule|Evasion Abilities Clause: Evasion abilities are banned\n|rule|Evasion Items Clause: Evasion items are banned\n|rule|Evasion Moves Clause: Evasion moves are banned\n|rule|Species Clause: Limit one of each Pok\u00e9mon\n|rule|Sleep Clause Mod: Limit one foe put to sleep\n|clearpoke\n|poke|p1|Cinderace, F|\n|poke|p1|Corviknight, F|\n|poke|p1|Slowking-Galar, F|\n|poke|p1|Dragonite, M|\n|poke|p1|Mawile, F|\n|poke|p1|Arctozolt|\n|poke|p2|Delphox, M|\n|poke|p2|Blastoise, M|\n|poke|p2|Gogoat, F|\n|poke|p2|Gardevoir, F|\n|poke|p2|Raichu, M|\n|poke|p2|Lucario, M|\n|teampreview\n|c|\u2606Corazonmorado27|suerte\n|c|\u2606famus123|x2\n|\n|t:|1700868111\n|start\n|switch|p1a: Slowking|Slowking-Galar, F|100\/100\n|switch|p2a: Mr. Raichu|Raichu, M|100\/100\n|turn|1\n|\n|t:|1700868122\n|move|p2a: Mr. Raichu|Volt Switch|p1a: Slowking\n|-damage|p1a: Slowking|76\/100\n|j| mixco\n|inactive|Battle timer is ON: inactive players will automatically lose when time's up. (requested by famus123)\n|\n|t:|1700868168\n|switch|p2a: Miss. Gardevoir|Gardevoir, F|100\/100|[from] Volt Switch\n|-ability|p2a: Miss. Gardevoir|Regenerator|[from] ability: Trace|[of] p1a: Slowking\n|move|p1a: Slowking|Chilly Reception|p1a: Slowking\n|-weather|Snow\n|inactive|famus123 has 270 seconds left.\n|\n|t:|1700868199\n|switch|p1a: Arctozolt|Arctozolt|100\/100|[from] Chilly Reception\n|\n|-weather|Snow|[upkeep]\n|upkeep\n|turn|2\n|j| JuzOzuj\n|\n|t:|1700868211\n|switch|p2a: Mr. Raichu|Raichu, M|100\/100\n|move|p1a: Arctozolt|Bolt Beak|p2a: Mr. Raichu\n|-ability|p2a: Mr. Raichu|Lightning Rod|boost\n|-boost|p2a: Mr. Raichu|spa|1\n|\n|-weather|Snow|[upkeep]\n|upkeep\n|turn|3\n|j| OnlyPyper\n|\n|t:|1700868237\n|move|p1a: Arctozolt|Substitute|p1a: Arctozolt\n|-start|p1a: Arctozolt|Substitute\n|-damage|p1a: Arctozolt|76\/100\n|move|p2a: Mr. Raichu|Thunderbolt|p1a: Arctozolt\n|-resisted|p1a: Arctozolt\n|-end|p1a: Arctozolt|Substitute\n|\n|-weather|Snow|[upkeep]\n|-heal|p1a: Arctozolt|82\/100|[from] item: Leftovers\n|upkeep\n|turn|4\n|\n|t:|1700868249\n|move|p1a: Arctozolt|Blizzard|p2a: Mr. Raichu\n|-damage|p2a: Mr. Raichu|50\/100\n|move|p2a: Mr. Raichu|Thunderbolt|p1a: Arctozolt\n|-resisted|p1a: Arctozolt\n|-damage|p1a: Arctozolt|19\/100\n|\n|-weather|Snow|[upkeep]\n|-heal|p1a: Arctozolt|25\/100|[from] item: Leftovers\n|upkeep\n|turn|5\n|inactive|Corazonmorado27 has 270 seconds left.\n|\n|t:|1700868291\n|move|p1a: Arctozolt|Blizzard|p2a: Mr. Raichu\n|-damage|p2a: Mr. Raichu|0 fnt\n|faint|p2a: Mr. Raichu\n|\n|-weather|none\n|-heal|p1a: Arctozolt|31\/100|[from] item: Leftovers\n|upkeep\n|inactive|Corazonmorado27 has 240 seconds left.\n|\n|t:|1700868308\n|switch|p2a: Miss. Gardevoir|Gardevoir, F|100\/100\n|-ability|p2a: Miss. Gardevoir|Slush Rush|[from] ability: Trace|[of] p1a: Arctozolt\n|turn|6\n|inactive|Corazonmorado27 has 240 seconds left.\n|\n|t:|1700868327\n|switch|p1a: Slowking|Slowking-Galar, F|100\/100\n|detailschange|p2a: Miss. Gardevoir|Gardevoir-Mega, F\n|-mega|p2a: Miss. Gardevoir|Gardevoir|Gardevoirite\n|move|p2a: Miss. Gardevoir|Mystical Fire|p1a: Slowking\n|-damage|p1a: Slowking|82\/100\n|-unboost|p1a: Slowking|spa|1\n|\n|upkeep\n|turn|7\n|c| OnlyPyper|Arctozolt con leftis se me hace re nazi xd\n|inactive|Corazonmorado27 has 240 seconds left.\n|c|\u2606famus123|es que no puedo\n|c|\u2606famus123|repetir items\n|c|\u2606famus123|xD\n|c|\u2606Corazonmorado27|XD\n|c| OnlyPyper|Y ya llevas lorb o que ekisde\n|\n|t:|1700868361\n|switch|p2a: Mr. Lucario|Lucario, M|100\/100\n|move|p1a: Slowking|Thunder Wave|p2a: Mr. Lucario\n|-status|p2a: Mr. Lucario|par\n|\n|upkeep\n|turn|8\n|c|\u2606famus123|de hecho lo pense\n|inactive|famus123 has 270 seconds left.\n|c|\u2606famus123|pero almenos asi le doy recuperacion pasiva detras del subs\n|\n|t:|1700868378\n|move|p2a: Mr. Lucario|Swords Dance|p2a: Mr. Lucario\n|-boost|p2a: Mr. Lucario|atk|2\n|move|p1a: Slowking|Chilly Reception|p1a: Slowking\n|-weather|Snow\n|c| OnlyPyper|Incluso el loaded sirve xd\n|\n|t:|1700868380\n|switch|p1a: Arctozolt|Arctozolt|31\/100|[from] Chilly Reception\n|\n|-weather|Snow|[upkeep]\n|-heal|p1a: Arctozolt|37\/100|[from] item: Leftovers\n|upkeep\n|turn|9\n|c|\u2606famus123|el load para ?\n|\n|t:|1700868394\n|move|p2a: Mr. Lucario|Bullet Punch|p1a: Arctozolt\n|-damage|p1a: Arctozolt|9\/100\n|move|p1a: Arctozolt|Bolt Beak|p2a: Mr. Lucario\n|-damage|p2a: Mr. Lucario|37\/100 par\n|\n|-weather|Snow|[upkeep]\n|-heal|p1a: Arctozolt|15\/100|[from] item: Leftovers\n|upkeep\n|turn|10\n|c| OnlyPyper|Icicle spear\n|\n|t:|1700868402\n|switch|p1a: Corviknight|Corviknight, F|100\/100\n|-ability|p1a: Corviknight|Pressure\n|cant|p2a: Mr. Lucario|par\n|\n|-weather|Snow|[upkeep]\n|upkeep\n|turn|11\n|c|\u2606famus123|lo uso mixto\n|\n|t:|1700868418\n|move|p1a: Corviknight|Brave Bird|p2a: Mr. Lucario\n|-damage|p2a: Mr. Lucario|0 fnt\n|faint|p2a: Mr. Lucario\n|-damage|p1a: Corviknight|92\/100|[from] Recoil\n|\n|-weather|Snow|[upkeep]\n|upkeep\n|c| OnlyPyper|Yo tmb\n|c|\u2606famus123|si no me caga un defensivo fisico\n|inactive|Corazonmorado27 has 210 seconds left.\n|c| OnlyPyper|Pero existe el set full f\u00edsico de todos modos\n|\n|t:|1700868448\n|switch|p2a: Mr. Delphox|Delphox, M|100\/100\n|turn|12\n|inactive|Corazonmorado27 has 210 seconds left.\n|\n|t:|1700868455\n|switch|p1a: Slowking|Slowking-Galar, F|100\/100\n|move|p2a: Mr. Delphox|Flamethrower|p1a: Slowking\n|-damage|p1a: Slowking|72\/100\n|\n|-weather|none\n|upkeep\n|turn|13\n|inactive|Corazonmorado27 has 210 seconds left.\n|\n|t:|1700868475\n|move|p2a: Mr. Delphox|Flamethrower|p1a: Slowking\n|-damage|p1a: Slowking|43\/100\n|move|p1a: Slowking|Thunder Wave|p2a: Mr. Delphox\n|-status|p2a: Mr. Delphox|par\n|\n|upkeep\n|turn|14\n|inactive|Corazonmorado27 has 210 seconds left.\n|inactive|famus123 has 270 seconds left.\n|\n|t:|1700868505\n|move|p2a: Mr. Delphox|Flamethrower|p1a: Slowking\n|-damage|p1a: Slowking|14\/100\n|move|p1a: Slowking|Chilly Reception|p1a: Slowking\n|-weather|Snow\n|\n|t:|1700868509\n|switch|p1a: Arctozolt|Arctozolt|15\/100|[from] Chilly Reception\n|\n|-weather|Snow|[upkeep]\n|-heal|p1a: Arctozolt|21\/100|[from] item: Leftovers\n|upkeep\n|turn|15\n|inactive|Corazonmorado27 has 210 seconds left.\n|inactive|Corazonmorado27 has 180 seconds left.\n|\n|t:|1700868550\n|-terastallize|p1a: Arctozolt|Electric\n|-terastallize|p2a: Mr. Delphox|Grass\n|move|p1a: Arctozolt|Bolt Beak|p2a: Mr. Delphox\n|-resisted|p2a: Mr. Delphox\n|-damage|p2a: Mr. Delphox|27\/100 par\n|cant|p2a: Mr. Delphox|par\n|\n|-weather|Snow|[upkeep]\n|-heal|p1a: Arctozolt|28\/100|[from] item: Leftovers\n|upkeep\n|turn|16\n|inactive|Corazonmorado27 has 180 seconds left.\n|inactive|famus123 has 270 seconds left.\n|\n|t:|1700868576\n|switch|p2a: Miss. Gogoat|Gogoat, F|100\/100\n|move|p1a: Arctozolt|Bolt Beak|p2a: Miss. Gogoat\n|-resisted|p2a: Miss. Gogoat\n|-damage|p2a: Miss. Gogoat|45\/100\n|\n|-weather|Snow|[upkeep]\n|-heal|p1a: Arctozolt|34\/100|[from] item: Leftovers\n|-heal|p2a: Miss. Gogoat|51\/100|[from] item: Leftovers\n|upkeep\n|turn|17\n|inactive|Corazonmorado27 has 180 seconds left.\n|\n|t:|1700868590\n|move|p1a: Arctozolt|Blizzard|p2a: Miss. Gogoat\n|-supereffective|p2a: Miss. Gogoat\n|-damage|p2a: Miss. Gogoat|9\/100\n|move|p2a: Miss. Gogoat|Milk Drink|p2a: Miss. Gogoat\n|-heal|p2a: Miss. Gogoat|59\/100\n|\n|-weather|Snow|[upkeep]\n|-heal|p1a: Arctozolt|40\/100|[from] item: Leftovers\n|-heal|p2a: Miss. Gogoat|65\/100|[from] item: Leftovers\n|upkeep\n|turn|18\n|inactive|Corazonmorado27 has 180 seconds left.\n|\n|t:|1700868603\n|switch|p1a: Cinderace|Cinderace, F|100\/100\n|move|p2a: Miss. Gogoat|Earthquake|p1a: Cinderace\n|-supereffective|p1a: Cinderace\n|-damage|p1a: Cinderace|35\/100\n|\n|-weather|none\n|-heal|p2a: Miss. Gogoat|72\/100|[from] item: Leftovers\n|upkeep\n|turn|19\n|\n|t:|1700868612\n|switch|p2a: Mr. Blastoise|Blastoise, M|100\/100\n|move|p1a: Cinderace|Pyro Ball|p2a: Mr. Blastoise\n|-resisted|p2a: Mr. Blastoise\n|-damage|p2a: Mr. Blastoise|77\/100\n|\n|upkeep\n|turn|20\n|\n|t:|1700868620\n|-zpower|p1a: Cinderace\n|move|p1a: Cinderace|Breakneck Blitz|p2a: Mr. Blastoise|[zeffect]\n|-start|p1a: Cinderace|typechange|Normal|[from] ability: Libero\n|-damage|p2a: Mr. Blastoise|0 fnt\n|faint|p2a: Mr. Blastoise\n|\n|upkeep\n|inactive|Corazonmorado27 has 180 seconds left.\n|\n|t:|1700868638\n|switch|p2a: Miss. Gogoat|Gogoat, F|72\/100\n|turn|21\n|\n|t:|1700868659\n|move|p1a: Cinderace|Pyro Ball|p2a: Miss. Gogoat|[miss]\n|-miss|p1a: Cinderace|p2a: Miss. Gogoat\n|move|p2a: Miss. Gogoat|Milk Drink|p2a: Miss. Gogoat\n|-heal|p2a: Miss. Gogoat|100\/100\n|\n|upkeep\n|turn|22\n|\n|t:|1700868665\n|switch|p1a: Corviknight|Corviknight, F|92\/100\n|-ability|p1a: Corviknight|Pressure\n|move|p2a: Miss. Gogoat|Bulk Up|p2a: Miss. Gogoat\n|-boost|p2a: Miss. Gogoat|atk|1\n|-boost|p2a: Miss. Gogoat|def|1\n|\n|upkeep\n|turn|23\n|\n|t:|1700868673\n|move|p2a: Miss. Gogoat|Bulk Up|p2a: Miss. Gogoat\n|-boost|p2a: Miss. Gogoat|atk|1\n|-boost|p2a: Miss. Gogoat|def|1\n|move|p1a: Corviknight|U-turn|p2a: Miss. Gogoat\n|-supereffective|p2a: Miss. Gogoat\n|-crit|p2a: Miss. Gogoat\n|-damage|p2a: Miss. Gogoat|49\/100\n|\n|t:|1700868692\n|switch|p1a: Cinderace|Cinderace, F|35\/100|[from] U-turn\n|\n|-heal|p2a: Miss. Gogoat|56\/100|[from] item: Leftovers\n|upkeep\n|turn|24\n|\n|t:|1700868711\n|move|p1a: Cinderace|Swords Dance|p1a: Cinderace\n|-start|p1a: Cinderace|typechange|Normal|[from] ability: Libero\n|-boost|p1a: Cinderace|atk|2\n|move|p2a: Miss. Gogoat|Milk Drink|p2a: Miss. Gogoat\n|-heal|p2a: Miss. Gogoat|100\/100\n|\n|upkeep\n|turn|25\n|\n|t:|1700868723\n|move|p1a: Cinderace|Pyro Ball|p2a: Miss. Gogoat\n|-supereffective|p2a: Miss. Gogoat\n|-damage|p2a: Miss. Gogoat|15\/100\n|move|p2a: Miss. Gogoat|Horn Leech|p1a: Cinderace\n|-damage|p1a: Cinderace|0 fnt\n|-heal|p2a: Miss. Gogoat|26\/100|[from] drain|[of] p1a: Cinderace\n|faint|p1a: Cinderace\n|\n|-heal|p2a: Miss. Gogoat|32\/100|[from] item: Leftovers\n|upkeep\n|\n|t:|1700868741\n|switch|p1a: Mawile|Mawile, F|100\/100\n|-ability|p1a: Mawile|Intimidate|boost\n|-unboost|p2a: Miss. Gogoat|atk|1\n|turn|26\n|\n|t:|1700868749\n|detailschange|p1a: Mawile|Mawile-Mega, F\n|-mega|p1a: Mawile|Mawile|Mawilite\n|move|p1a: Mawile|Play Rough|p2a: Miss. Gogoat\n|-damage|p2a: Miss. Gogoat|0 fnt\n|faint|p2a: Miss. Gogoat\n|\n|upkeep\n|\n|t:|1700868762\n|switch|p2a: Miss. Gardevoir|Gardevoir-Mega, F|100\/100\n|turn|27\n|\n|t:|1700868769\n|move|p2a: Miss. Gardevoir|Mystical Fire|p1a: Mawile\n|-supereffective|p1a: Mawile\n|-damage|p1a: Mawile|23\/100\n|-unboost|p1a: Mawile|spa|1\n|move|p1a: Mawile|Play Rough|p2a: Miss. Gardevoir\n|-damage|p2a: Miss. Gardevoir|0 fnt\n|faint|p2a: Miss. Gardevoir\n|\n|upkeep\n|inactive|Corazonmorado27 has 210 seconds left.\n|\n|t:|1700868777\n|switch|p2a: Mr. Delphox|Delphox, M, tera:Grass|27\/100 par\n|turn|28\n|\n|t:|1700868782\n|move|p2a: Mr. Delphox|Flamethrower|p1a: Mawile\n|-supereffective|p1a: Mawile\n|-damage|p1a: Mawile|0 fnt\n|faint|p1a: Mawile\n|\n|upkeep\n|\n|t:|1700868785\n|switch|p1a: Dragonite|Dragonite, M|100\/100\n|turn|29\n|\n|t:|1700868789\n|move|p1a: Dragonite|Extreme Speed|p2a: Mr. Delphox\n|-damage|p2a: Mr. Delphox|0 fnt\n|faint|p2a: Mr. Delphox\n|\n|win|famus123\n|c|\u2606famus123|gg\n|c|\u2606Corazonmorado27|se intent\u00f3\n|c|\u2606Corazonmorado27|gg\n|c|\u2606Corazonmorado27|espera\n|c|\u2606Corazonmorado27|es bo3\n","uploadtime":1700868795,"views":3,"p1id":"famus123","p2id":"corazonmorado27","formatid":"gen9nationaldex","rating":0,"private":0,"password":""}