{"id":"gen9nationaldex-1995215315","p1":"Allanubs","p2":"HOTMAN2012","format":"[Gen 9] National Dex","log":"|html|<div class=\"broadcast-blue\"><strong>[Gen 9] National Dex is currently suspecting Sneasler! For information on how to participate check out the <a href=\"https:\/\/www.smogon.com\/forums\/threads\/sv-national-dex-suspect-8-just-dance.3731534\/\">suspect thread<\/a>.<\/strong><\/div>\n|j|\u2606Allanubs\n|j|\u2606HOTMAN2012\n|t:|1700535604\n|gametype|singles\n|player|p1|Allanubs|170|1294\n|player|p2|HOTMAN2012|riley|1277\n|teamsize|p1|6\n|teamsize|p2|6\n|gen|9\n|tier|[Gen 9] National Dex\n|rated|\n|rule|HP Percentage Mod: HP is shown in percentages\n|rule|Endless Battle Clause: Forcing endless battles is banned\n|rule|OHKO Clause: OHKO moves are banned\n|rule|Evasion Clause: Evasion abilities, items, and moves are banned\n|rule|Evasion Abilities Clause: Evasion abilities are banned\n|rule|Evasion Items Clause: Evasion items are banned\n|rule|Evasion Moves Clause: Evasion moves are banned\n|rule|Species Clause: Limit one of each Pok\u00e9mon\n|rule|Sleep Clause Mod: Limit one foe put to sleep\n|clearpoke\n|poke|p1|Ninetales-Alola, M|\n|poke|p1|Volcarona, M|\n|poke|p1|Zapdos|\n|poke|p1|Garchomp, F|\n|poke|p1|Garganacl, F|\n|poke|p1|Rillaboom, M|\n|poke|p2|Hydreigon, M|\n|poke|p2|Banette, F|\n|poke|p2|Bisharp, F|\n|poke|p2|Moltres|\n|poke|p2|Dragonite, M|\n|poke|p2|Okidogi, M|\n|teampreview\n|\n|t:|1700535610\n|start\n|switch|p1a: Garganacl|Garganacl, F|100\/100\n|switch|p2a: Bisharp|Bisharp, F|100\/100\n|-item|p1a: Garganacl|Air Balloon\n|turn|1\n|inactive|Battle timer is ON: inactive players will automatically lose when time's up. (requested by Allanubs)\n|\n|t:|1700535615\n|move|p2a: Bisharp|Iron Head|p1a: Garganacl\n|-supereffective|p1a: Garganacl\n|-damage|p1a: Garganacl|63\/100\n|-enditem|p1a: Garganacl|Air Balloon\n|move|p1a: Garganacl|Stealth Rock|p2a: Bisharp\n|-sidestart|p2: HOTMAN2012|move: Stealth Rock\n|\n|upkeep\n|turn|2\n|\n|t:|1700535622\n|move|p2a: Bisharp|Iron Head|p1a: Garganacl\n|-supereffective|p1a: Garganacl\n|-damage|p1a: Garganacl|21\/100\n|move|p1a: Garganacl|Recover|p1a: Garganacl\n|-heal|p1a: Garganacl|71\/100\n|\n|upkeep\n|turn|3\n|\n|t:|1700535628\n|move|p1a: Garganacl|Protect|p1a: Garganacl\n|-singleturn|p1a: Garganacl|Protect\n|move|p2a: Bisharp|Iron Head|p1a: Garganacl\n|-activate|p1a: Garganacl|move: Protect\n|\n|upkeep\n|turn|4\n|\n|t:|1700535635\n|move|p2a: Bisharp|Iron Head|p1a: Garganacl\n|-supereffective|p1a: Garganacl\n|-crit|p1a: Garganacl\n|-damage|p1a: Garganacl|6\/100\n|move|p1a: Garganacl|Salt Cure|p2a: Bisharp\n|-resisted|p2a: Bisharp\n|-damage|p2a: Bisharp|96\/100\n|-start|p2a: Bisharp|Salt Cure\n|\n|-damage|p2a: Bisharp|71\/100|[from] Salt Cure\n|upkeep\n|turn|5\n|\n|t:|1700535643\n|switch|p1a: Rillaboom|Rillaboom, M|100\/100\n|-fieldstart|move: Grassy Terrain|[from] ability: Grassy Surge|[of] p1a: Rillaboom\n|move|p2a: Bisharp|Iron Head|p1a: Rillaboom\n|-damage|p1a: Rillaboom|64\/100\n|\n|-heal|p1a: Rillaboom|70\/100|[from] Grassy Terrain\n|-heal|p2a: Bisharp|77\/100|[from] Grassy Terrain\n|-damage|p2a: Bisharp|52\/100|[from] Salt Cure\n|upkeep\n|turn|6\n|\n|t:|1700535652\n|switch|p2a: \u70e7\u4e0d\u70e7|Moltres, shiny|100\/100\n|move|p1a: Rillaboom|Drain Punch|p2a: \u70e7\u4e0d\u70e7\n|-resisted|p2a: \u70e7\u4e0d\u70e7\n|-damage|p2a: \u70e7\u4e0d\u70e7|91\/100\n|-heal|p1a: Rillaboom|75\/100|[from] drain|[of] p2a: \u70e7\u4e0d\u70e7\n|\n|-heal|p1a: Rillaboom|81\/100|[from] Grassy Terrain\n|upkeep\n|turn|7\n|\n|t:|1700535659\n|switch|p1a: Garganacl|Garganacl, F|6\/100\n|move|p2a: \u70e7\u4e0d\u70e7|Defog|p1a: Garganacl\n|-unboost|p1a: Garganacl|evasion|1\n|-sideend|p2: HOTMAN2012|Stealth Rock|[from] move: Defog|[of] p2a: \u70e7\u4e0d\u70e7\n|-fieldend|move: Grassy Terrain\n|\n|upkeep\n|turn|8\n|\n|t:|1700535664\n|move|p1a: Garganacl|Protect|p1a: Garganacl\n|-singleturn|p1a: Garganacl|Protect\n|move|p2a: \u70e7\u4e0d\u70e7|Mystical Fire|p1a: Garganacl\n|-activate|p1a: Garganacl|move: Protect\n|\n|upkeep\n|turn|9\n|\n|t:|1700535670\n|move|p2a: \u70e7\u4e0d\u70e7|Mystical Fire|p1a: Garganacl\n|-resisted|p1a: Garganacl\n|-damage|p1a: Garganacl|0 fnt\n|faint|p1a: Garganacl\n|\n|upkeep\n|\n|t:|1700535675\n|switch|p1a: Zapdos|Zapdos|100\/100\n|turn|10\n|\n|t:|1700535682\n|switch|p2a: Bisharp|Bisharp, F|52\/100\n|move|p1a: Zapdos|U-turn|p2a: Bisharp\n|-damage|p2a: Bisharp|43\/100\n|\n|t:|1700535688\n|switch|p1a: Ninetales|Ninetales-Alola, M|100\/100|[from] U-turn\n|-weather|Snow|[from] ability: Snow Warning|[of] p1a: Ninetales\n|\n|-weather|Snow|[upkeep]\n|upkeep\n|turn|11\n|\n|t:|1700535693\n|move|p1a: Ninetales|Aurora Veil|p1a: Ninetales\n|-sidestart|p1: Allanubs|move: Aurora Veil\n|move|p2a: Bisharp|Stealth Rock|p1a: Ninetales\n|-sidestart|p1: Allanubs|move: Stealth Rock\n|\n|-weather|Snow|[upkeep]\n|upkeep\n|turn|12\n|\n|t:|1700535699\n|switch|p1a: Garchomp|Garchomp, F|100\/100\n|-damage|p1a: Garchomp|94\/100|[from] Stealth Rock\n|move|p2a: Bisharp|Swords Dance|p2a: Bisharp\n|-boost|p2a: Bisharp|atk|2\n|\n|-weather|Snow|[upkeep]\n|upkeep\n|turn|13\n|\n|t:|1700535705\n|move|p2a: Bisharp|Sucker Punch|p1a: Garchomp\n|-damage|p1a: Garchomp|58\/100\n|-damage|p2a: Bisharp|30\/100|[from] ability: Rough Skin|[of] p1a: Garchomp\n|move|p1a: Garchomp|Earthquake|p2a: Bisharp\n|-supereffective|p2a: Bisharp\n|-damage|p2a: Bisharp|0 fnt\n|faint|p2a: Bisharp\n|\n|-weather|Snow|[upkeep]\n|upkeep\n|\n|t:|1700535713\n|switch|p2a: Banette|Banette, F|100\/100\n|turn|14\n|\n|t:|1700535717\n|detailschange|p2a: Banette|Banette-Mega, F\n|-mega|p2a: Banette|Banette|Banettite\n|move|p2a: Banette|Destiny Bond|p2a: Banette\n|-singlemove|p2a: Banette|Destiny Bond\n|move|p1a: Garchomp|Swords Dance|p1a: Garchomp\n|-boost|p1a: Garchomp|atk|2\n|\n|-weather|none\n|upkeep\n|turn|15\n|\n|t:|1700535723\n|move|p2a: Banette|Encore|p1a: Garchomp\n|-start|p1a: Garchomp|Encore\n|move|p1a: Garchomp|Swords Dance|p1a: Garchomp\n|-boost|p1a: Garchomp|atk|2\n|\n|-sideend|p1: Allanubs|move: Aurora Veil\n|upkeep\n|turn|16\n|\n|t:|1700535729\n|switch|p1a: Ninetales|Ninetales-Alola, M|100\/100\n|-weather|Snow|[from] ability: Snow Warning|[of] p1a: Ninetales\n|move|p2a: Banette|Poltergeist|p1a: Ninetales\n|-activate|p1a: Ninetales|move: Poltergeist|Heavy-Duty Boots\n|-damage|p1a: Ninetales|40\/100\n|\n|-weather|Snow|[upkeep]\n|upkeep\n|turn|17\n|\n|t:|1700535758\n|switch|p2a: Okidogi|Okidogi, M|100\/100\n|move|p1a: Ninetales|Toxic|p2a: Okidogi\n|-immune|p2a: Okidogi\n|\n|-weather|Snow|[upkeep]\n|upkeep\n|turn|18\n|\n|t:|1700535761\n|move|p1a: Ninetales|Aurora Veil|p1a: Ninetales\n|-sidestart|p1: Allanubs|move: Aurora Veil\n|move|p2a: Okidogi|Knock Off|p1a: Ninetales\n|-resisted|p1a: Ninetales\n|-crit|p1a: Ninetales\n|-damage|p1a: Ninetales|20\/100\n|-enditem|p1a: Ninetales|Heavy-Duty Boots|[from] move: Knock Off|[of] p2a: Okidogi\n|\n|-weather|Snow|[upkeep]\n|upkeep\n|turn|19\n|\n|t:|1700535772\n|switch|p1a: Volcarona|Volcarona, M|100\/100\n|move|p2a: Okidogi|Ice Punch|p1a: Volcarona\n|-resisted|p1a: Volcarona\n|-damage|p1a: Volcarona|90\/100\n|-status|p1a: Volcarona|frz\n|-status|p2a: Okidogi|brn|[from] ability: Flame Body|[of] p1a: Volcarona\n|\n|-weather|Snow|[upkeep]\n|-damage|p2a: Okidogi|94\/100 brn|[from] brn\n|upkeep\n|turn|20\n|\n|t:|1700535780\n|cant|p1a: Volcarona|frz\n|move|p2a: Okidogi|Poison Jab|p1a: Volcarona\n|-damage|p1a: Volcarona|74\/100 frz\n|\n|-weather|none\n|-damage|p2a: Okidogi|88\/100 brn|[from] brn\n|upkeep\n|turn|21\n|\n|t:|1700535786\n|-curestatus|p1a: Volcarona|frz|[msg]\n|move|p1a: Volcarona|Fiery Dance|p2a: Okidogi\n|-damage|p2a: Okidogi|58\/100 brn\n|-boost|p1a: Volcarona|spa|1\n|move|p2a: Okidogi|Poison Jab|p1a: Volcarona\n|-damage|p1a: Volcarona|59\/100\n|\n|-damage|p2a: Okidogi|52\/100 brn|[from] brn\n|upkeep\n|turn|22\n|\n|t:|1700535791\n|move|p1a: Volcarona|Quiver Dance|p1a: Volcarona\n|-boost|p1a: Volcarona|spa|1\n|-boost|p1a: Volcarona|spd|1\n|-boost|p1a: Volcarona|spe|1\n|move|p2a: Okidogi|Poison Jab|p1a: Volcarona\n|-damage|p1a: Volcarona|44\/100\n|\n|-damage|p2a: Okidogi|46\/100 brn|[from] brn\n|-sideend|p1: Allanubs|move: Aurora Veil\n|upkeep\n|turn|23\n|\n|t:|1700535794\n|move|p1a: Volcarona|Fiery Dance|p2a: Okidogi\n|-damage|p2a: Okidogi|0 fnt\n|-boost|p1a: Volcarona|spa|1\n|faint|p2a: Okidogi\n|\n|upkeep\n|\n|t:|1700535804\n|switch|p2a: Dragonite|Dragonite, M|100\/100\n|turn|24\n|\n|t:|1700535808\n|move|p1a: Volcarona|Fiery Dance|p2a: Dragonite\n|-resisted|p2a: Dragonite\n|-damage|p2a: Dragonite|73\/100\n|-boost|p1a: Volcarona|spa|1\n|move|p2a: Dragonite|Earthquake|p1a: Volcarona\n|-damage|p1a: Volcarona|0 fnt\n|faint|p1a: Volcarona\n|\n|-heal|p2a: Dragonite|79\/100|[from] item: Leftovers\n|upkeep\n|\n|t:|1700535817\n|switch|p1a: Ninetales|Ninetales-Alola, M|20\/100\n|-damage|p1a: Ninetales|0 fnt|[from] Stealth Rock\n|faint|p1a: Ninetales\n|\n|t:|1700535821\n|switch|p1a: Garchomp|Garchomp, F|58\/100\n|-damage|p1a: Garchomp|52\/100|[from] Stealth Rock\n|turn|25\n|\n|t:|1700535833\n|move|p2a: Dragonite|Extreme Speed|p1a: Garchomp\n|-damage|p1a: Garchomp|19\/100\n|-damage|p2a: Dragonite|67\/100|[from] ability: Rough Skin|[of] p1a: Garchomp\n|move|p1a: Garchomp|Scale Shot|p2a: Dragonite\n|-supereffective|p2a: Dragonite\n|-damage|p2a: Dragonite|40\/100\n|-supereffective|p2a: Dragonite\n|-damage|p2a: Dragonite|13\/100\n|-supereffective|p2a: Dragonite\n|-damage|p2a: Dragonite|0 fnt\n|faint|p2a: Dragonite\n|-hitcount|p2: Dragonite|3\n|-unboost|p1a: Garchomp|def|1\n|-boost|p1a: Garchomp|spe|1\n|\n|upkeep\n|\n|t:|1700535847\n|switch|p2a: \u70e7\u4e0d\u70e7|Moltres, shiny|91\/100\n|turn|26\n|\n|t:|1700535852\n|-terastallize|p1a: Garchomp|Dragon\n|move|p1a: Garchomp|Scale Shot|p2a: \u70e7\u4e0d\u70e7\n|-damage|p2a: \u70e7\u4e0d\u70e7|79\/100\n|-damage|p2a: \u70e7\u4e0d\u70e7|64\/100\n|-damage|p2a: \u70e7\u4e0d\u70e7|51\/100\n|-damage|p2a: \u70e7\u4e0d\u70e7|37\/100\n|-damage|p2a: \u70e7\u4e0d\u70e7|24\/100\n|-hitcount|p2a: \u70e7\u4e0d\u70e7|5\n|-unboost|p1a: Garchomp|def|1\n|-boost|p1a: Garchomp|spe|1\n|move|p2a: \u70e7\u4e0d\u70e7|Mystical Fire|p1a: Garchomp\n|-resisted|p1a: Garchomp\n|-damage|p1a: Garchomp|0 fnt\n|faint|p1a: Garchomp\n|\n|upkeep\n|\n|t:|1700535859\n|switch|p1a: Zapdos|Zapdos|100\/100\n|-damage|p1a: Zapdos|76\/100|[from] Stealth Rock\n|turn|27\n|\n|t:|1700535867\n|move|p1a: Zapdos|Hurricane|p2a: \u70e7\u4e0d\u70e7\n|-damage|p2a: \u70e7\u4e0d\u70e7|0 fnt\n|faint|p2a: \u70e7\u4e0d\u70e7\n|\n|upkeep\n|\n|t:|1700535869\n|switch|p2a: Banette|Banette-Mega, F|100\/100\n|turn|28\n|\n|t:|1700535874\n|move|p2a: Banette|Destiny Bond|p2a: Banette\n|-singlemove|p2a: Banette|Destiny Bond\n|move|p1a: Zapdos|Hurricane|p2a: Banette\n|-damage|p2a: Banette|29\/100\n|\n|upkeep\n|turn|29\n|\n|t:|1700535881\n|move|p1a: Zapdos|U-turn|p2a: Banette\n|-resisted|p2a: Banette\n|-damage|p2a: Banette|19\/100\n|\n|t:|1700535884\n|switch|p1a: Rillaboom|Rillaboom, M|81\/100|[from] U-turn\n|-damage|p1a: Rillaboom|68\/100|[from] Stealth Rock\n|-fieldstart|move: Grassy Terrain|[from] ability: Grassy Surge|[of] p1a: Rillaboom\n|move|p2a: Banette|Poltergeist|p1a: Rillaboom\n|-activate|p1a: Rillaboom|move: Poltergeist|Assault Vest\n|-damage|p1a: Rillaboom|2\/100\n|\n|-heal|p1a: Rillaboom|8\/100|[from] Grassy Terrain\n|-heal|p2a: Banette|25\/100|[from] Grassy Terrain\n|upkeep\n|turn|30\n|\n|t:|1700535887\n|move|p1a: Rillaboom|Grassy Glide|p2a: Banette\n|-damage|p2a: Banette|0 fnt\n|faint|p2a: Banette\n|\n|-heal|p1a: Rillaboom|15\/100|[from] Grassy Terrain\n|upkeep\n|\n|t:|1700535891\n|switch|p2a: \u4ed9\u5e03\u73a9\u5177|Hydreigon, M|100\/100\n|turn|31\n|\n|t:|1700535900\n|move|p2a: \u4ed9\u5e03\u73a9\u5177|Dark Pulse|p1a: Rillaboom\n|-damage|p1a: Rillaboom|0 fnt\n|faint|p1a: Rillaboom\n|\n|upkeep\n|\n|t:|1700535902\n|switch|p1a: Zapdos|Zapdos|76\/100\n|-damage|p1a: Zapdos|51\/100|[from] Stealth Rock\n|turn|32\n|\n|t:|1700535906\n|move|p1a: Zapdos|Hurricane|p2a: \u4ed9\u5e03\u73a9\u5177\n|-damage|p2a: \u4ed9\u5e03\u73a9\u5177|32\/100\n|move|p2a: \u4ed9\u5e03\u73a9\u5177|Dark Pulse|p1a: Zapdos\n|-damage|p1a: Zapdos|2\/100\n|\n|upkeep\n|turn|33\n|\n|t:|1700535911\n|move|p1a: Zapdos|Hurricane|p2a: \u4ed9\u5e03\u73a9\u5177\n|-damage|p2a: \u4ed9\u5e03\u73a9\u5177|0 fnt\n|faint|p2a: \u4ed9\u5e03\u73a9\u5177\n|\n|win|Allanubs\n|raw|Allanubs's rating: 1294 &rarr; <strong>1318<\/strong><br \/>(+24 for winning)\n|raw|HOTMAN2012's rating: 1277 &rarr; <strong>1253<\/strong><br \/>(-24 for losing)\n|l|\u2606HOTMAN2012\n","uploadtime":1700535920,"views":1,"p1id":"allanubs","p2id":"hotman2012","formatid":"gen9nationaldex","rating":1253,"private":0,"password":""}