{"id":"gen9nationaldex-1996734422","p1":"DiamondDiancie25","p2":"Hihiddlyho","format":"[Gen 9] National Dex","log":"|html|<div class=\"broadcast-blue\"><strong>[Gen 9] National Dex is currently suspecting Sneasler! For information on how to participate check out the <a href=\"https:\/\/www.smogon.com\/forums\/threads\/sv-national-dex-suspect-8-just-dance.3731534\/\">suspect thread<\/a>.<\/strong><\/div>\n|j|\u2606DiamondDiancie25\n|j|\u2606Hihiddlyho\n|t:|1700716359\n|gametype|singles\n|player|p1|DiamondDiancie25|psychic-gen4|1433\n|player|p2|Hihiddlyho|flannery|1356\n|teamsize|p1|6\n|teamsize|p2|6\n|gen|9\n|tier|[Gen 9] National Dex\n|rated|\n|rule|HP Percentage Mod: HP is shown in percentages\n|rule|Endless Battle Clause: Forcing endless battles is banned\n|rule|OHKO Clause: OHKO moves are banned\n|rule|Evasion Clause: Evasion abilities, items, and moves are banned\n|rule|Evasion Abilities Clause: Evasion abilities are banned\n|rule|Evasion Items Clause: Evasion items are banned\n|rule|Evasion Moves Clause: Evasion moves are banned\n|rule|Species Clause: Limit one of each Pok\u00e9mon\n|rule|Sleep Clause Mod: Limit one foe put to sleep\n|clearpoke\n|poke|p1|Tyranitar, M|\n|poke|p1|Gliscor, F|\n|poke|p1|Iron Valiant|\n|poke|p1|Tapu Koko|\n|poke|p1|Heatran, F|\n|poke|p1|Alomomola, M|\n|poke|p2|Garganacl, F|\n|poke|p2|Gliscor, M|\n|poke|p2|Charizard, F|\n|poke|p2|Ferrothorn, F|\n|poke|p2|Iron Valiant|\n|poke|p2|Weavile, M|\n|teampreview\n|inactive|Battle timer is ON: inactive players will automatically lose when time's up. (requested by Hihiddlyho)\n|\n|t:|1700716372\n|start\n|switch|p1a: Heatran|Heatran, F|100\/100\n|switch|p2a: Garganacl|Garganacl, F|100\/100\n|turn|1\n|\n|t:|1700716377\n|move|p1a: Heatran|Stealth Rock|p2a: Garganacl\n|-sidestart|p2: Hihiddlyho|move: Stealth Rock\n|move|p2a: Garganacl|Salt Cure|p1a: Heatran\n|-damage|p1a: Heatran|89\/100\n|-start|p1a: Heatran|Salt Cure\n|\n|-damage|p1a: Heatran|64\/100|[from] Salt Cure\n|upkeep\n|turn|2\n|\n|t:|1700716387\n|switch|p1a: Gliscor|Gliscor, F|100\/100\n|move|p2a: Garganacl|Protect||[still]\n|-fail|p2a: Garganacl\n|\n|-status|p1a: Gliscor|tox|[from] item: Toxic Orb\n|upkeep\n|turn|3\n|\n|t:|1700716394\n|move|p1a: Gliscor|Spikes|p2a: Garganacl\n|-sidestart|p2: Hihiddlyho|Spikes\n|move|p2a: Garganacl|Salt Cure|p1a: Gliscor\n|-damage|p1a: Gliscor|93\/100 tox\n|-start|p1a: Gliscor|Salt Cure\n|\n|-heal|p1a: Gliscor|100\/100 tox|[from] ability: Poison Heal\n|-damage|p1a: Gliscor|88\/100 tox|[from] Salt Cure\n|upkeep\n|turn|4\n|\n|t:|1700716405\n|move|p2a: Garganacl|Protect|p2a: Garganacl\n|-singleturn|p2a: Garganacl|Protect\n|move|p1a: Gliscor|Spikes|p2a: Garganacl\n|-sidestart|p2: Hihiddlyho|Spikes\n|\n|-heal|p1a: Gliscor|100\/100 tox|[from] ability: Poison Heal\n|-damage|p1a: Gliscor|88\/100 tox|[from] Salt Cure\n|upkeep\n|turn|5\n|\n|t:|1700716413\n|switch|p2a: Gliscor|Gliscor, M|100\/100\n|-damage|p2a: Gliscor|88\/100|[from] Stealth Rock\n|move|p1a: Gliscor|Earthquake|p2a: Gliscor\n|-immune|p2a: Gliscor\n|\n|-heal|p1a: Gliscor|100\/100 tox|[from] ability: Poison Heal\n|-damage|p1a: Gliscor|88\/100 tox|[from] Salt Cure\n|-status|p2a: Gliscor|tox|[from] item: Toxic Orb\n|upkeep\n|turn|6\n|\n|t:|1700716427\n|switch|p1a: Alomomola|Alomomola, M|100\/100\n|move|p2a: Gliscor|Defog|p1a: Alomomola\n|-unboost|p1a: Alomomola|evasion|1\n|-sideend|p2: Hihiddlyho|Spikes|[from] move: Defog|[of] p2a: Gliscor\n|-sideend|p2: Hihiddlyho|Stealth Rock|[from] move: Defog|[of] p2a: Gliscor\n|\n|-heal|p2a: Gliscor|100\/100 tox|[from] ability: Poison Heal\n|upkeep\n|turn|7\n|\n|t:|1700716438\n|-terastallize|p2a: Gliscor|Normal\n|move|p1a: Alomomola|Protect|p1a: Alomomola\n|-singleturn|p1a: Alomomola|Protect\n|move|p2a: Gliscor|Swords Dance|p2a: Gliscor\n|-boost|p2a: Gliscor|atk|2\n|\n|upkeep\n|turn|8\n|\n|t:|1700716446\n|move|p2a: Gliscor|Facade|p1a: Alomomola\n|-damage|p1a: Alomomola|42\/100\n|move|p1a: Alomomola|Wish|p1a: Alomomola\n|\n|upkeep\n|turn|9\n|\n|t:|1700716453\n|switch|p1a: Tyranitar|Tyranitar, M|100\/100\n|-weather|Sandstorm|[from] ability: Sand Stream|[of] p1a: Tyranitar\n|move|p2a: Gliscor|Swords Dance|p2a: Gliscor\n|-boost|p2a: Gliscor|atk|2\n|\n|-weather|Sandstorm|[upkeep]\n|-damage|p2a: Gliscor|94\/100 tox|[from] Sandstorm\n|-heal|p2a: Gliscor|100\/100 tox|[from] ability: Poison Heal\n|upkeep\n|turn|10\n|\n|t:|1700716481\n|switch|p1a: Gliscor|Gliscor, F|88\/100 tox\n|move|p2a: Gliscor|Earthquake|p1a: Gliscor\n|-immune|p1a: Gliscor\n|\n|-weather|Sandstorm|[upkeep]\n|-damage|p2a: Gliscor|94\/100 tox|[from] Sandstorm\n|-heal|p2a: Gliscor|100\/100 tox|[from] ability: Poison Heal\n|-heal|p1a: Gliscor|100\/100 tox|[from] ability: Poison Heal\n|upkeep\n|turn|11\n|\n|t:|1700716493\n|move|p2a: Gliscor|Facade|p1a: Gliscor\n|-damage|p1a: Gliscor|0 fnt\n|faint|p1a: Gliscor\n|\n|-weather|Sandstorm|[upkeep]\n|-damage|p2a: Gliscor|94\/100 tox|[from] Sandstorm\n|-heal|p2a: Gliscor|100\/100 tox|[from] ability: Poison Heal\n|upkeep\n|\n|t:|1700716500\n|switch|p1a: Iron Valiant|Iron Valiant|100\/100\n|-enditem|p1a: Iron Valiant|Booster Energy\n|-activate|p1a: Iron Valiant|ability: Quark Drive|[fromitem]\n|-start|p1a: Iron Valiant|quarkdrivespe\n|turn|12\n|\n|t:|1700716517\n|switch|p2a: Ferrothorn|Ferrothorn, F|100\/100\n|move|p1a: Iron Valiant|Aura Sphere|p2a: Ferrothorn\n|-supereffective|p2a: Ferrothorn\n|-damage|p2a: Ferrothorn|37\/100\n|\n|-weather|Sandstorm|[upkeep]\n|-damage|p1a: Iron Valiant|94\/100|[from] Sandstorm\n|upkeep\n|turn|13\n|\n|t:|1700716525\n|move|p2a: Ferrothorn|Protect|p2a: Ferrothorn\n|-singleturn|p2a: Ferrothorn|Protect\n|move|p1a: Iron Valiant|Aura Sphere|p2a: Ferrothorn\n|-activate|p2a: Ferrothorn|move: Protect\n|\n|-weather|none\n|upkeep\n|turn|14\n|\n|t:|1700716535\n|move|p1a: Iron Valiant|Aura Sphere|p2a: Ferrothorn\n|-supereffective|p2a: Ferrothorn\n|-damage|p2a: Ferrothorn|0 fnt\n|faint|p2a: Ferrothorn\n|\n|upkeep\n|\n|t:|1700716541\n|switch|p2a: Weavile|Weavile, M|100\/100\n|-ability|p2a: Weavile|Pressure\n|turn|15\n|\n|t:|1700716550\n|-terastallize|p1a: Iron Valiant|Electric\n|move|p1a: Iron Valiant|Moonblast|p2a: Weavile\n|-supereffective|p2a: Weavile\n|-enditem|p2a: Weavile|Focus Sash\n|-damage|p2a: Weavile|1\/100\n|-unboost|p2a: Weavile|spa|1\n|move|p2a: Weavile|Triple Axel|p1a: Iron Valiant\n|-damage|p1a: Iron Valiant|82\/100\n|-damage|p1a: Iron Valiant|59\/100\n|-damage|p1a: Iron Valiant|22\/100\n|-hitcount|p1a: Iron Valiant|3\n|\n|upkeep\n|turn|16\n|\n|t:|1700716567\n|move|p2a: Weavile|Ice Shard|p1a: Iron Valiant\n|-damage|p1a: Iron Valiant|0 fnt\n|faint|p1a: Iron Valiant\n|-end|p1a: Iron Valiant|Quark Drive|[silent]\n|\n|upkeep\n|\n|t:|1700716572\n|switch|p1a: Alomomola|Alomomola, M|75\/100\n|turn|17\n|\n|t:|1700716579\n|move|p2a: Weavile|Knock Off|p1a: Alomomola\n|-damage|p1a: Alomomola|49\/100\n|-enditem|p1a: Alomomola|Heavy-Duty Boots|[from] move: Knock Off|[of] p2a: Weavile\n|move|p1a: Alomomola|Flip Turn|p2a: Weavile\n|-damage|p2a: Weavile|0 fnt\n|faint|p2a: Weavile\n|\n|t:|1700716592\n|switch|p1a: Tapu Koko|Tapu Koko|100\/100|[from] Flip Turn\n|-fieldstart|move: Electric Terrain|[from] ability: Electric Surge|[of] p1a: Tapu Koko\n|\n|upkeep\n|\n|t:|1700716603\n|switch|p2a: Garganacl|Garganacl, F|100\/100\n|turn|18\n|\n|t:|1700716610\n|-zpower|p1a: Tapu Koko\n|move|p1a: Tapu Koko|Gigavolt Havoc|p2a: Garganacl|[zeffect]\n|-damage|p2a: Garganacl|7\/100\n|move|p2a: Garganacl|Salt Cure|p1a: Tapu Koko\n|-damage|p1a: Tapu Koko|79\/100\n|-start|p1a: Tapu Koko|Salt Cure\n|\n|-heal|p2a: Garganacl|13\/100|[from] item: Leftovers\n|-damage|p1a: Tapu Koko|67\/100|[from] Salt Cure\n|upkeep\n|turn|19\n|\n|t:|1700716624\n|move|p2a: Garganacl|Protect|p2a: Garganacl\n|-singleturn|p2a: Garganacl|Protect\n|move|p1a: Tapu Koko|Thunderbolt|p2a: Garganacl\n|-activate|p2a: Garganacl|move: Protect\n|\n|-heal|p2a: Garganacl|19\/100|[from] item: Leftovers\n|-damage|p1a: Tapu Koko|54\/100|[from] Salt Cure\n|upkeep\n|turn|20\n|\n|t:|1700716631\n|switch|p2a: Gliscor|Gliscor, M, tera:Normal|100\/100 tox\n|move|p1a: Tapu Koko|Thunderbolt|p2a: Gliscor\n|-damage|p2a: Gliscor|22\/100 tox\n|\n|-heal|p2a: Gliscor|34\/100 tox|[from] ability: Poison Heal\n|-damage|p1a: Tapu Koko|42\/100|[from] Salt Cure\n|upkeep\n|turn|21\n|\n|t:|1700716640\n|move|p1a: Tapu Koko|Thunderbolt|p2a: Gliscor\n|-damage|p2a: Gliscor|0 fnt\n|faint|p2a: Gliscor\n|\n|-damage|p1a: Tapu Koko|29\/100|[from] Salt Cure\n|-fieldend|move: Electric Terrain\n|upkeep\n|\n|t:|1700716645\n|switch|p2a: Charizard|Charizard, F|100\/100\n|turn|22\n|\n|t:|1700716652\n|detailschange|p2a: Charizard|Charizard-Mega-X, F\n|-mega|p2a: Charizard|Charizard|Charizardite X\n|move|p1a: Tapu Koko|Dazzling Gleam|p2a: Charizard\n|-damage|p2a: Charizard|59\/100\n|move|p2a: Charizard|Dragon Dance|p2a: Charizard\n|-boost|p2a: Charizard|atk|1\n|-boost|p2a: Charizard|spe|1\n|\n|-damage|p1a: Tapu Koko|17\/100|[from] Salt Cure\n|upkeep\n|turn|23\n|\n|t:|1700716660\n|move|p2a: Charizard|Thunder Punch|p1a: Tapu Koko\n|-resisted|p1a: Tapu Koko\n|-damage|p1a: Tapu Koko|0 fnt\n|faint|p1a: Tapu Koko\n|\n|upkeep\n|\n|t:|1700716665\n|switch|p1a: Tyranitar|Tyranitar, M|100\/100\n|-weather|Sandstorm|[from] ability: Sand Stream|[of] p1a: Tyranitar\n|turn|24\n|\n|t:|1700716672\n|detailschange|p1a: Tyranitar|Tyranitar-Mega, M\n|-mega|p1a: Tyranitar|Tyranitar|Tyranitarite\n|move|p2a: Charizard|Dragon Claw|p1a: Tyranitar\n|-crit|p1a: Tyranitar\n|-damage|p1a: Tyranitar|3\/100\n|move|p1a: Tyranitar|Stone Edge|p2a: Charizard\n|-supereffective|p2a: Charizard\n|-damage|p2a: Charizard|0 fnt\n|faint|p2a: Charizard\n|\n|-weather|Sandstorm|[upkeep]\n|upkeep\n|\n|t:|1700716680\n|switch|p2a: Iron Valiant|Iron Valiant|100\/100\n|-enditem|p2a: Iron Valiant|Booster Energy\n|-activate|p2a: Iron Valiant|ability: Quark Drive|[fromitem]\n|-start|p2a: Iron Valiant|quarkdrivespe\n|turn|25\n|\n|t:|1700716695\n|switch|p1a: Heatran|Heatran, F|64\/100\n|move|p2a: Iron Valiant|Shadow Sneak|p1a: Heatran\n|-damage|p1a: Heatran|52\/100\n|\n|-weather|Sandstorm|[upkeep]\n|-damage|p2a: Iron Valiant|94\/100|[from] Sandstorm\n|upkeep\n|turn|26\n|\n|t:|1700716714\n|move|p2a: Iron Valiant|Thunderbolt|p1a: Heatran\n|-damage|p1a: Heatran|32\/100\n|move|p1a: Heatran|Lava Plume|p2a: Iron Valiant\n|-damage|p2a: Iron Valiant|5\/100\n|\n|-weather|Sandstorm|[upkeep]\n|-damage|p2a: Iron Valiant|0 fnt|[from] Sandstorm\n|faint|p2a: Iron Valiant\n|-end|p2a: Iron Valiant|Quark Drive|[silent]\n|upkeep\n|\n|t:|1700716720\n|switch|p2a: Garganacl|Garganacl, F|19\/100\n|turn|27\n|\n|t:|1700716725\n|move|p1a: Heatran|Earth Power|p2a: Garganacl\n|-supereffective|p2a: Garganacl\n|-damage|p2a: Garganacl|0 fnt\n|faint|p2a: Garganacl\n|\n|win|DiamondDiancie25\n|raw|DiamondDiancie25's rating: 1433 &rarr; <strong>1449<\/strong><br \/>(+16 for winning)\n|raw|Hihiddlyho's rating: 1356 &rarr; <strong>1340<\/strong><br \/>(-16 for losing)\n|l|\u2606Hihiddlyho\n","uploadtime":1700716738,"views":26,"p1id":"diamonddiancie25","p2id":"hihiddlyho","formatid":"gen9nationaldex","rating":1340,"private":0,"password":""}