{"id":"gen9nationaldex-1994227711","p1":"Emorawr79","p2":"DarmanitanDLuffy","format":"[Gen 9] National Dex","log":"|j|\u2606Emorawr79\n|j|\u2606DarmanitanDLuffy\n|t:|1700421098\n|gametype|singles\n|player|p1|Emorawr79|1|1591\n|player|p2|DarmanitanDLuffy|lusamine-nihilego|1639\n|teamsize|p1|6\n|teamsize|p2|6\n|gen|9\n|tier|[Gen 9] National Dex\n|rated|\n|rule|HP Percentage Mod: HP is shown in percentages\n|rule|Endless Battle Clause: Forcing endless battles is banned\n|rule|OHKO Clause: OHKO moves are banned\n|rule|Evasion Clause: Evasion abilities, items, and moves are banned\n|rule|Evasion Abilities Clause: Evasion abilities are banned\n|rule|Evasion Items Clause: Evasion items are banned\n|rule|Evasion Moves Clause: Evasion moves are banned\n|rule|Species Clause: Limit one of each Pok\u00e9mon\n|rule|Sleep Clause Mod: Limit one foe put to sleep\n|clearpoke\n|poke|p1|Greninja-*, M|\n|poke|p1|Ribombee, F|\n|poke|p1|Banette, M|\n|poke|p1|Ogerpon-Wellspring, F|\n|poke|p1|Pelipper, M|\n|poke|p1|Zapdos|\n|poke|p2|Ogerpon-Wellspring, F|\n|poke|p2|Landorus-Therian, M|\n|poke|p2|Tapu Lele|\n|poke|p2|Zamazenta-*|\n|poke|p2|Heatran, F|\n|poke|p2|Slowking-Galar, M|\n|teampreview\n|\n|t:|1700421109\n|start\n|switch|p1a: Ribombee|Ribombee, F|100\/100\n|switch|p2a: Slowking|Slowking-Galar, M|100\/100\n|turn|1\n|\n|t:|1700421119\n|move|p1a: Ribombee|Sticky Web|p2a: Slowking\n|-sidestart|p2: DarmanitanDLuffy|move: Sticky Web\n|move|p2a: Slowking|Sludge Bomb|p1a: Ribombee\n|-supereffective|p1a: Ribombee\n|-enditem|p1a: Ribombee|Focus Sash\n|-damage|p1a: Ribombee|1\/100\n|\n|upkeep\n|turn|2\n|\n|t:|1700421127\n|move|p1a: Ribombee|Stun Spore|p2a: Slowking\n|-status|p2a: Slowking|par\n|move|p2a: Slowking|Future Sight|p1a: Ribombee\n|-start|p2a: Slowking|move: Future Sight\n|\n|upkeep\n|turn|3\n|inactive|Battle timer is ON: inactive players will automatically lose when time's up. (requested by Emorawr79)\n|\n|t:|1700421132\n|move|p1a: Ribombee|Bug Buzz|p2a: Slowking\n|-damage|p2a: Slowking|72\/100 par\n|cant|p2a: Slowking|par\n|\n|upkeep\n|turn|4\n|\n|t:|1700421137\n|move|p1a: Ribombee|Bug Buzz|p2a: Slowking\n|-damage|p2a: Slowking|40\/100 par\n|move|p2a: Slowking|Chilly Reception|p2a: Slowking\n|-weather|Snow\n|\n|t:|1700421145\n|switch|p2a: Landorus|Landorus-Therian, M|100\/100|[from] Chilly Reception\n|-ability|p2a: Landorus|Intimidate|boost\n|-unboost|p1a: Ribombee|atk|1\n|\n|-weather|Snow|[upkeep]\n|-end|p1a: Ribombee|move: Future Sight\n|-damage|p1a: Ribombee|0 fnt\n|faint|p1a: Ribombee\n|upkeep\n|\n|t:|1700421151\n|switch|p1a: Pelipper|Pelipper, M|100\/100\n|-weather|RainDance|[from] ability: Drizzle|[of] p1a: Pelipper\n|turn|5\n|\n|t:|1700421161\n|switch|p2a: Slowking|Slowking-Galar, M|73\/100 par\n|move|p1a: Pelipper|Scald|p2a: Slowking\n|-damage|p2a: Slowking|31\/100 par\n|\n|-weather|RainDance|[upkeep]\n|upkeep\n|turn|6\n|\n|t:|1700421175\n|switch|p2a: Ogerpon|Ogerpon-Wellspring, F|100\/100\n|-activate|p2a: Ogerpon|move: Sticky Web\n|-unboost|p2a: Ogerpon|spe|1\n|move|p1a: Pelipper|Scald|p2a: Ogerpon\n|-immune|p2a: Ogerpon|[from] ability: Water Absorb\n|\n|-weather|RainDance|[upkeep]\n|upkeep\n|turn|7\n|\n|t:|1700421184\n|move|p2a: Ogerpon|Spikes|p1a: Pelipper\n|-sidestart|p1: Emorawr79|Spikes\n|move|p1a: Pelipper|Hurricane|p2a: Ogerpon\n|-supereffective|p2a: Ogerpon\n|-damage|p2a: Ogerpon|0 fnt\n|faint|p2a: Ogerpon\n|\n|-weather|RainDance|[upkeep]\n|upkeep\n|\n|t:|1700421191\n|switch|p2a: Tapu Lele|Tapu Lele|100\/100\n|-activate|p2a: Tapu Lele|move: Sticky Web\n|-unboost|p2a: Tapu Lele|spe|1\n|-fieldstart|move: Psychic Terrain|[from] ability: Psychic Surge|[of] p2a: Tapu Lele\n|turn|8\n|\n|t:|1700421207\n|move|p2a: Tapu Lele|Psychic|p1a: Pelipper\n|-damage|p1a: Pelipper|12\/100\n|move|p1a: Pelipper|Scald|p2a: Tapu Lele\n|-damage|p2a: Tapu Lele|41\/100\n|\n|-weather|RainDance|[upkeep]\n|upkeep\n|turn|9\n|\n|t:|1700421216\n|switch|p2a: Landorus|Landorus-Therian, M|100\/100\n|-ability|p2a: Landorus|Intimidate|boost\n|-unboost|p1a: Pelipper|atk|1\n|move|p1a: Pelipper|Scald|p2a: Landorus\n|-supereffective|p2a: Landorus\n|-damage|p2a: Landorus|0 fnt\n|faint|p2a: Landorus\n|\n|-weather|RainDance|[upkeep]\n|upkeep\n|c|\u2606DarmanitanDLuffy|ur fucking atrocious\n|-message|DarmanitanDLuffy forfeited.\n|\n|win|Emorawr79\n|raw|Emorawr79's rating: 1591 &rarr; <strong>1614<\/strong><br \/>(+23 for winning)\n|raw|DarmanitanDLuffy's rating: 1639 &rarr; <strong>1616<\/strong><br \/>(-23 for losing)\n|l|\u2606DarmanitanDLuffy\n","uploadtime":1700421224,"views":5,"p1id":"emorawr79","p2id":"darmanitandluffy","formatid":"gen9nationaldex","rating":1614,"private":0,"password":""}