{"id":"gen9nationaldex-1987055222","p1":"UncleHap","p2":"dosfleur","format":"[Gen 9] National Dex","log":"|j|\u2606UncleHap\n|j|\u2606dosfleur\n|t:|1699552411\n|gametype|singles\n|player|p1|UncleHap|caitlin|1122\n|player|p2|dosfleur|shauntal|1191\n|teamsize|p1|6\n|teamsize|p2|6\n|gen|9\n|tier|[Gen 9] National Dex\n|rated|\n|rule|HP Percentage Mod: HP is shown in percentages\n|rule|Endless Battle Clause: Forcing endless battles is banned\n|rule|OHKO Clause: OHKO moves are banned\n|rule|Evasion Clause: Evasion abilities, items, and moves are banned\n|rule|Evasion Abilities Clause: Evasion abilities are banned\n|rule|Evasion Items Clause: Evasion items are banned\n|rule|Evasion Moves Clause: Evasion moves are banned\n|rule|Species Clause: Limit one of each Pok\u00e9mon\n|rule|Sleep Clause Mod: Limit one foe put to sleep\n|clearpoke\n|poke|p1|Gyarados, M|\n|poke|p1|Corviknight, F|\n|poke|p1|Zapdos|\n|poke|p1|Latias, F|\n|poke|p1|Toxapex, F|\n|poke|p1|Forretress, M|\n|poke|p2|Ting-Lu|\n|poke|p2|Tyranitar, F|\n|poke|p2|Rillaboom, F|\n|poke|p2|Sneasler, F|\n|poke|p2|Tapu Lele|\n|poke|p2|Alomomola, F|\n|teampreview\n|inactive|Battle timer is ON: inactive players will automatically lose when time's up. (requested by dosfleur)\n|\n|t:|1699552438\n|start\n|switch|p1a: Corviknight|Corviknight, F|100\/100\n|switch|p2a: Tapu Lele|Tapu Lele|100\/100\n|-fieldstart|move: Psychic Terrain|[from] ability: Psychic Surge|[of] p2a: Tapu Lele\n|turn|1\n|\n|t:|1699552447\n|move|p2a: Tapu Lele|Thunderbolt|p1a: Corviknight\n|-supereffective|p1a: Corviknight\n|-damage|p1a: Corviknight|7\/100\n|-enditem|p1a: Corviknight|Weakness Policy\n|-boost|p1a: Corviknight|atk|2|[from] item: Weakness Policy\n|-boost|p1a: Corviknight|spa|2|[from] item: Weakness Policy\n|move|p1a: Corviknight|Bulk Up|p1a: Corviknight\n|-boost|p1a: Corviknight|atk|1\n|-boost|p1a: Corviknight|def|1\n|\n|upkeep\n|turn|2\n|\n|t:|1699552458\n|move|p2a: Tapu Lele|Thunderbolt|p1a: Corviknight\n|-supereffective|p1a: Corviknight\n|-damage|p1a: Corviknight|0 fnt\n|faint|p1a: Corviknight\n|\n|upkeep\n|inactive|UncleHap has 120 seconds left.\n|\n|t:|1699552485\n|switch|p1a: Forretress|Forretress, M, shiny|100\/100\n|turn|3\n|inactive|UncleHap has 120 seconds left.\n|\n|t:|1699552498\n|switch|p2a: Tyranitar|Tyranitar, F|100\/100\n|-weather|Sandstorm|[from] ability: Sand Stream|[of] p2a: Tyranitar\n|move|p1a: Forretress|Toxic Spikes|p2a: Tyranitar\n|-sidestart|p2: dosfleur|move: Toxic Spikes\n|\n|-weather|Sandstorm|[upkeep]\n|upkeep\n|turn|4\n|inactive|UncleHap has 120 seconds left.\n|\n|t:|1699552508\n|detailschange|p2a: Tyranitar|Tyranitar-Mega, F\n|-mega|p2a: Tyranitar|Tyranitar|Tyranitarite\n|move|p2a: Tyranitar|Dragon Dance|p2a: Tyranitar\n|-boost|p2a: Tyranitar|atk|1\n|-boost|p2a: Tyranitar|spe|1\n|move|p1a: Forretress|Stealth Rock|p2a: Tyranitar\n|-sidestart|p2: dosfleur|move: Stealth Rock\n|\n|-weather|Sandstorm|[upkeep]\n|upkeep\n|turn|5\n|\n|t:|1699552516\n|move|p2a: Tyranitar|Dragon Dance|p2a: Tyranitar\n|-boost|p2a: Tyranitar|atk|1\n|-boost|p2a: Tyranitar|spe|1\n|move|p1a: Forretress|Explosion|p2a: Tyranitar\n|-resisted|p2a: Tyranitar\n|-damage|p2a: Tyranitar|74\/100\n|faint|p1a: Forretress\n|\n|-weather|Sandstorm|[upkeep]\n|-fieldend|move: Psychic Terrain\n|upkeep\n|\n|t:|1699552524\n|switch|p1a: Gyarados|Gyarados, M|100\/100\n|turn|6\n|\n|t:|1699552532\n|move|p2a: Tyranitar|Iron Head|p1a: Gyarados\n|-resisted|p1a: Gyarados\n|-damage|p1a: Gyarados|53\/100\n|cant|p1a: Gyarados|flinch\n|\n|-weather|Sandstorm|[upkeep]\n|-damage|p1a: Gyarados|47\/100|[from] Sandstorm\n|upkeep\n|turn|7\n|c|\u2606UncleHap|damn\n|\n|t:|1699552543\n|switch|p1a: Toxapex|Toxapex, F, shiny|100\/100\n|move|p2a: Tyranitar|Crunch|p1a: Toxapex\n|-crit|p1a: Toxapex\n|-damage|p1a: Toxapex|0 fnt\n|faint|p1a: Toxapex\n|\n|-weather|none\n|upkeep\n|inactive|UncleHap has 120 seconds left.\n|\n|t:|1699552564\n|switch|p1a: Zapdos|Zapdos|100\/100\n|turn|8\n|inactive|UncleHap has 120 seconds left.\n|\n|t:|1699552574\n|move|p2a: Tyranitar|Crunch|p1a: Zapdos\n|-damage|p1a: Zapdos|0 fnt\n|-status|p2a: Tyranitar|par|[from] ability: Static|[of] p1a: Zapdos\n|faint|p1a: Zapdos\n|\n|upkeep\n|\n|t:|1699552583\n|switch|p1a: Latias|Latias, F|100\/100\n|turn|9\n|inactive|UncleHap has 120 seconds left.\n|\n|t:|1699552589\n|detailschange|p1a: Latias|Latias-Mega, F\n|-mega|p1a: Latias|Latias|Latiasite\n|move|p1a: Latias|Aura Sphere|p2a: Tyranitar\n|-supereffective|p2a: Tyranitar\n|-damage|p2a: Tyranitar|0 fnt\n|faint|p2a: Tyranitar\n|\n|upkeep\n|\n|t:|1699552595\n|switch|p2a: Sneasler|Sneasler, F|100\/100\n|-sideend|p2: dosfleur|move: Toxic Spikes|[of] p2a: Sneasler\n|-damage|p2a: Sneasler|95\/100|[from] Stealth Rock\n|turn|10\n|\n|t:|1699552606\n|-terastallize|p2a: Sneasler|Flying\n|move|p1a: Latias|Psyshock|p2a: Sneasler\n|-damage|p2a: Sneasler|32\/100\n|move|p2a: Sneasler|Dire Claw|p1a: Latias\n|-damage|p1a: Latias|64\/100\n|-status|p1a: Latias|par\n|\n|upkeep\n|turn|11\n|inactive|UncleHap has 120 seconds left.\n|\n|t:|1699552623\n|switch|p2a: Ting-Lu|Ting-Lu|100\/100\n|-damage|p2a: Ting-Lu|94\/100|[from] Stealth Rock\n|-ability|p2a: Ting-Lu|Vessel of Ruin\n|move|p1a: Latias|Psyshock|p2a: Ting-Lu\n|-immune|p2a: Ting-Lu\n|\n|-heal|p2a: Ting-Lu|100\/100|[from] item: Leftovers\n|upkeep\n|turn|12\n|\n|t:|1699552633\n|move|p1a: Latias|Aura Sphere|p2a: Ting-Lu\n|-supereffective|p2a: Ting-Lu\n|-damage|p2a: Ting-Lu|79\/100\n|move|p2a: Ting-Lu|Earthquake|p1a: Latias\n|-immune|p1a: Latias|[from] ability: Levitate\n|\n|-heal|p2a: Ting-Lu|86\/100|[from] item: Leftovers\n|upkeep\n|turn|13\n|\n|t:|1699552641\n|move|p1a: Latias|Calm Mind|p1a: Latias\n|-boost|p1a: Latias|spa|1\n|-boost|p1a: Latias|spd|1\n|move|p2a: Ting-Lu|Stealth Rock|p1a: Latias\n|-sidestart|p1: UncleHap|move: Stealth Rock\n|\n|-heal|p2a: Ting-Lu|92\/100|[from] item: Leftovers\n|upkeep\n|turn|14\n|\n|t:|1699552650\n|move|p1a: Latias|Calm Mind|p1a: Latias\n|-boost|p1a: Latias|spa|1\n|-boost|p1a: Latias|spd|1\n|move|p2a: Ting-Lu|Whirlwind|p1a: Latias\n|drag|p1a: Gyarados|Gyarados, M|47\/100\n|-damage|p1a: Gyarados|22\/100|[from] Stealth Rock\n|\n|-heal|p2a: Ting-Lu|98\/100|[from] item: Leftovers\n|upkeep\n|turn|15\n|\n|t:|1699552661\n|switch|p2a: Rillaboom|Rillaboom, F|100\/100\n|-damage|p2a: Rillaboom|88\/100|[from] Stealth Rock\n|-fieldstart|move: Grassy Terrain|[from] ability: Grassy Surge|[of] p2a: Rillaboom\n|move|p1a: Gyarados|Power Whip|p2a: Rillaboom\n|-resisted|p2a: Rillaboom\n|-damage|p2a: Rillaboom|66\/100\n|\n|-heal|p2a: Rillaboom|72\/100|[from] Grassy Terrain\n|upkeep\n|turn|16\n|\n|t:|1699552673\n|switch|p1a: Latias|Latias-Mega, F|64\/100 par\n|-damage|p1a: Latias|51\/100 par|[from] Stealth Rock\n|move|p2a: Rillaboom|Knock Off|p1a: Latias\n|-supereffective|p1a: Latias\n|-damage|p1a: Latias|1\/100 par\n|\n|-heal|p2a: Rillaboom|79\/100|[from] Grassy Terrain\n|upkeep\n|turn|17\n|\n|t:|1699552682\n|move|p2a: Rillaboom|Knock Off|p1a: Latias\n|-supereffective|p1a: Latias\n|-damage|p1a: Latias|0 fnt\n|faint|p1a: Latias\n|\n|-heal|p2a: Rillaboom|85\/100|[from] Grassy Terrain\n|upkeep\n|c|\u2606UncleHap|gg\n|\n|t:|1699552688\n|switch|p1a: Gyarados|Gyarados, M|22\/100\n|-damage|p1a: Gyarados|0 fnt|[from] Stealth Rock\n|faint|p1a: Gyarados\n|\n|win|dosfleur\n|raw|UncleHap's rating: 1122 &rarr; <strong>1102<\/strong><br \/>(-20 for losing)\n|raw|dosfleur's rating: 1191 &rarr; <strong>1211<\/strong><br \/>(+20 for winning)\n|l|\u2606UncleHap\n","uploadtime":1699552700,"views":5,"p1id":"unclehap","p2id":"dosfleur","formatid":"gen9nationaldex","rating":1102,"private":0,"password":""}