{"id":"gen9nationaldex-2000061135","p1":"stardustmaple","p2":"tdd20070515\u5179\u4f0f\u5947\u5927\u543e","format":"[Gen 9] National Dex","log":"|html|<div class=\"broadcast-blue\"><strong>[Gen 9] National Dex is currently suspecting Sneasler! For information on how to participate check out the <a href=\"https:\/\/www.smogon.com\/forums\/threads\/sv-national-dex-suspect-8-just-dance.3731534\/\">suspect thread<\/a>.<\/strong><\/div>\n|j|\u2606stardustmaple\n|j|\u2606tdd20070515\u5179\u4f0f\u5947\u5927\u543e\n|t:|1701147869\n|gametype|singles\n|player|p1|stardustmaple|cynthia-gen4|1498\n|player|p2|tdd20070515\u5179\u4f0f\u5947\u5927\u543e|steven|1591\n|teamsize|p1|6\n|teamsize|p2|6\n|gen|9\n|tier|[Gen 9] National Dex\n|rated|\n|rule|HP Percentage Mod: HP is shown in percentages\n|rule|Endless Battle Clause: Forcing endless battles is banned\n|rule|OHKO Clause: OHKO moves are banned\n|rule|Evasion Clause: Evasion abilities, items, and moves are banned\n|rule|Evasion Abilities Clause: Evasion abilities are banned\n|rule|Evasion Items Clause: Evasion items are banned\n|rule|Evasion Moves Clause: Evasion moves are banned\n|rule|Species Clause: Limit one of each Pok\u00e9mon\n|rule|Sleep Clause Mod: Limit one foe put to sleep\n|clearpoke\n|poke|p1|Clodsire, M|\n|poke|p1|Banette, F|\n|poke|p1|Alomomola, F|\n|poke|p1|Volcarona, M|\n|poke|p1|Bisharp, M|\n|poke|p1|Dragonite, F|\n|poke|p2|Tapu Lele|\n|poke|p2|Chansey, F|\n|poke|p2|Cinderace, M|\n|poke|p2|Polteageist-Antique|\n|poke|p2|Armarouge, F|\n|poke|p2|Hawlucha, M|\n|teampreview\n|inactive|Battle timer is ON: inactive players will automatically lose when time's up. (requested by stardustmaple)\n|\n|t:|1701147886\n|start\n|switch|p1a: Clodsire|Clodsire, M|100\/100\n|switch|p2a: Tapu Lele|Tapu Lele|100\/100\n|-fieldstart|move: Psychic Terrain|[from] ability: Psychic Surge|[of] p2a: Tapu Lele\n|turn|1\n|\n|t:|1701147894\n|-terastallize|p1a: Clodsire|Dark\n|move|p2a: Tapu Lele|Future Sight|p1a: Clodsire\n|-start|p2a: Tapu Lele|move: Future Sight\n|move|p1a: Clodsire|Stealth Rock|p2a: Tapu Lele\n|-sidestart|p2: tdd20070515\u5179\u4f0f\u5947\u5927\u543e|move: Stealth Rock\n|\n|upkeep\n|turn|2\n|\n|t:|1701147899\n|move|p2a: Tapu Lele|Moonblast|p1a: Clodsire\n|-supereffective|p1a: Clodsire\n|-damage|p1a: Clodsire|41\/100\n|move|p1a: Clodsire|Toxic|p2a: Tapu Lele\n|-status|p2a: Tapu Lele|tox\n|\n|-damage|p2a: Tapu Lele|94\/100 tox|[from] psn\n|upkeep\n|turn|3\n|\n|t:|1701147912\n|switch|p1a: Bisharp|Bisharp, M|100\/100\n|move|p2a: Tapu Lele|Focus Blast|p1a: Bisharp\n|-supereffective|p1a: Bisharp\n|-damage|p1a: Bisharp|0 fnt\n|faint|p1a: Bisharp\n|\n|-hint|Future Sight did not hit because the target is fainted.\n|-damage|p2a: Tapu Lele|82\/100 tox|[from] psn\n|upkeep\n|c|\u2606tdd20070515\u5179\u4f0f\u5947\u5927\u543e|\u5b8c\u7f8e\n|\n|t:|1701147931\n|switch|p1a: Volcarona|Volcarona, M|100\/100\n|turn|4\n|\n|t:|1701147937\n|move|p1a: Volcarona|Quiver Dance|p1a: Volcarona\n|-boost|p1a: Volcarona|spa|1\n|-boost|p1a: Volcarona|spd|1\n|-boost|p1a: Volcarona|spe|1\n|move|p2a: Tapu Lele|Taunt|p1a: Volcarona\n|-start|p1a: Volcarona|move: Taunt\n|\n|-damage|p2a: Tapu Lele|64\/100 tox|[from] psn\n|upkeep\n|turn|5\n|\n|t:|1701147944\n|switch|p2a: Hawlucha|Hawlucha, M, shiny|100\/100\n|-damage|p2a: Hawlucha|88\/100|[from] Stealth Rock\n|-enditem|p2a: Hawlucha|Psychic Seed\n|-boost|p2a: Hawlucha|spd|1|[from] item: Psychic Seed\n|move|p1a: Volcarona|Fiery Dance|p2a: Hawlucha\n|-damage|p2a: Hawlucha|13\/100\n|-boost|p1a: Volcarona|spa|1\n|\n|upkeep\n|turn|6\n|\n|t:|1701147953\n|switch|p1a: Alomomola|Alomomola, F|100\/100\n|move|p2a: Hawlucha|Acrobatics|p1a: Alomomola\n|-damage|p1a: Alomomola|74\/100\n|\n|upkeep\n|turn|7\n|\n|t:|1701147959\n|move|p2a: Hawlucha|Swords Dance|p2a: Hawlucha\n|-boost|p2a: Hawlucha|atk|2\n|move|p1a: Alomomola|Flip Turn|p2a: Hawlucha\n|-damage|p2a: Hawlucha|0 fnt\n|faint|p2a: Hawlucha\n|\n|t:|1701147972\n|switch|p1a: Dragonite|Dragonite, F|100\/100|[from] Flip Turn\n|\n|upkeep\n|\n|t:|1701147986\n|switch|p2a: Chansey|Chansey, F|100\/100\n|-damage|p2a: Chansey|88\/100|[from] Stealth Rock\n|turn|8\n|\n|t:|1701147992\n|switch|p1a: Clodsire|Clodsire, M, tera:Dark|41\/100\n|-terastallize|p2a: Chansey|Ground\n|move|p2a: Chansey|Thunder Wave|p1a: Clodsire\n|-status|p1a: Clodsire|par\n|\n|-fieldend|move: Psychic Terrain\n|upkeep\n|turn|9\n|\n|t:|1701148000\n|move|p1a: Clodsire|Recover|p1a: Clodsire\n|-heal|p1a: Clodsire|91\/100 par\n|move|p2a: Chansey|Teleport|p2a: Chansey\n|\n|t:|1701148004\n|switch|p2a: Cinderace|Cinderace, M|100\/100|[from] Teleport\n|\n|upkeep\n|turn|10\n|\n|t:|1701148012\n|switch|p1a: Dragonite|Dragonite, F|100\/100\n|move|p2a: Cinderace|Court Change|p2a: Cinderace\n|-start|p2a: Cinderace|typechange|Normal|[from] ability: Libero\n|-swapsideconditions\n|-activate|p2a: Cinderace|move: Court Change\n|\n|upkeep\n|turn|11\n|\n|t:|1701148021\n|move|p2a: Cinderace|U-turn|p1a: Dragonite\n|-resisted|p1a: Dragonite\n|-damage|p1a: Dragonite|96\/100\n|\n|t:|1701148024\n|switch|p2a: Tapu Lele|Tapu Lele|64\/100 tox|[from] U-turn\n|-fieldstart|move: Psychic Terrain|[from] ability: Psychic Surge|[of] p2a: Tapu Lele\n|move|p1a: Dragonite|Earthquake|p2a: Tapu Lele\n|-damage|p2a: Tapu Lele|20\/100 tox\n|\n|-damage|p2a: Tapu Lele|14\/100 tox|[from] psn\n|upkeep\n|turn|12\n|\n|t:|1701148034\n|switch|p1a: Volcarona|Volcarona, M|100\/100\n|move|p2a: Tapu Lele|Moonblast|p1a: Volcarona\n|-resisted|p1a: Volcarona\n|-damage|p1a: Volcarona|72\/100\n|\n|-damage|p2a: Tapu Lele|2\/100 tox|[from] psn\n|upkeep\n|turn|13\n|\n|t:|1701148040\n|move|p1a: Volcarona|Quiver Dance|p1a: Volcarona\n|-boost|p1a: Volcarona|spa|1\n|-boost|p1a: Volcarona|spd|1\n|-boost|p1a: Volcarona|spe|1\n|move|p2a: Tapu Lele|Future Sight|p1a: Volcarona\n|-start|p2a: Tapu Lele|move: Future Sight\n|\n|-damage|p2a: Tapu Lele|0 fnt|[from] psn\n|faint|p2a: Tapu Lele\n|upkeep\n|\n|t:|1701148044\n|switch|p2a: Polteageist|Polteageist-Antique|100\/100\n|turn|14\n|\n|t:|1701148063\n|move|p1a: Volcarona|Fiery Dance|p2a: Polteageist\n|-damage|p2a: Polteageist|27\/100\n|-boost|p1a: Volcarona|spa|1\n|move|p2a: Polteageist|Shell Smash|p2a: Polteageist\n|-unboost|p2a: Polteageist|def|1\n|-unboost|p2a: Polteageist|spd|1\n|-boost|p2a: Polteageist|atk|2\n|-boost|p2a: Polteageist|spa|2\n|-boost|p2a: Polteageist|spe|2\n|\n|upkeep\n|turn|15\n|\n|t:|1701148078\n|switch|p1a: Clodsire|Clodsire, M, tera:Dark|91\/100 par\n|move|p2a: Polteageist|Stored Power|p1a: Clodsire\n|-immune|p1a: Clodsire\n|\n|-end|p1a: Clodsire|move: Future Sight\n|-immune|p1a: Clodsire\n|upkeep\n|turn|16\n|\n|t:|1701148085\n|move|p2a: Polteageist|Shadow Ball|p1a: Clodsire\n|-resisted|p1a: Clodsire\n|-crit|p1a: Clodsire\n|-damage|p1a: Clodsire|55\/100 par\n|cant|p1a: Clodsire|par\n|\n|upkeep\n|turn|17\n|\n|t:|1701148090\n|move|p2a: Polteageist|Shadow Ball|p1a: Clodsire\n|-resisted|p1a: Clodsire\n|-damage|p1a: Clodsire|33\/100 par\n|-unboost|p1a: Clodsire|spd|1\n|cant|p1a: Clodsire|par\n|\n|upkeep\n|turn|18\n|\n|t:|1701148112\n|switch|p1a: Dragonite|Dragonite, F|96\/100\n|move|p2a: Polteageist|Tera Blast|p1a: Dragonite\n|-damage|p1a: Dragonite|37\/100\n|\n|-fieldend|move: Psychic Terrain\n|upkeep\n|turn|19\n|\n|t:|1701148117\n|move|p2a: Polteageist|Tera Blast|p1a: Dragonite\n|-damage|p1a: Dragonite|0 fnt\n|faint|p1a: Dragonite\n|\n|upkeep\n|\n|t:|1701148126\n|switch|p1a: Banette|Banette, F|100\/100\n|-damage|p1a: Banette|88\/100|[from] Stealth Rock\n|turn|20\n|\n|t:|1701148130\n|detailschange|p1a: Banette|Banette-Mega, F\n|-mega|p1a: Banette|Banette|Banettite\n|move|p1a: Banette|Destiny Bond|p1a: Banette\n|-singlemove|p1a: Banette|Destiny Bond\n|move|p2a: Polteageist|Shadow Ball|p1a: Banette\n|-supereffective|p1a: Banette\n|-damage|p1a: Banette|0 fnt\n|faint|p1a: Banette\n|-activate|p1a: Banette|move: Destiny Bond\n|faint|p2a: Polteageist\n|\n|upkeep\n|\n|t:|1701148139\n|switch|p2a: Cinderace|Cinderace, M|100\/100\n|switch|p1a: Volcarona|Volcarona, M|72\/100\n|turn|21\n|\n|t:|1701148145\n|move|p2a: Cinderace|Pyro Ball|p1a: Volcarona\n|-damage|p1a: Volcarona|0 fnt\n|faint|p1a: Volcarona\n|\n|upkeep\n|\n|t:|1701148149\n|switch|p1a: Alomomola|Alomomola, F|100\/100\n|turn|22\n|\n|t:|1701148151\n|move|p2a: Cinderace|U-turn|p1a: Alomomola\n|-start|p2a: Cinderace|typechange|Bug|[from] ability: Libero\n|-damage|p1a: Alomomola|83\/100\n|\n|t:|1701148153\n|switch|p2a: Chansey|Chansey, F, tera:Ground|88\/100|[from] U-turn\n|move|p1a: Alomomola|Toxic|p2a: Chansey\n|-status|p2a: Chansey|tox\n|\n|-damage|p2a: Chansey|82\/100 tox|[from] psn\n|upkeep\n|turn|23\n|\n|t:|1701148166\n|move|p1a: Alomomola|Wish|p1a: Alomomola\n|move|p2a: Chansey|Teleport|p2a: Chansey\n|\n|t:|1701148172\n|-curestatus|p2a: Chansey|tox|[from] ability: Natural Cure\n|switch|p2a: Armarouge|Armarouge, F|100\/100|[from] Teleport\n|\n|upkeep\n|turn|24\n|\n|t:|1701148175\n|move|p2a: Armarouge|Expanding Force|p1a: Alomomola\n|-damage|p1a: Alomomola|36\/100\n|move|p1a: Alomomola|Toxic|p2a: Armarouge\n|-status|p2a: Armarouge|tox\n|\n|-heal|p1a: Alomomola|86\/100|[from] move: Wish|[wisher] Alomomola\n|-damage|p2a: Armarouge|94\/100 tox|[from] psn\n|upkeep\n|turn|25\n|\n|t:|1701148181\n|move|p2a: Armarouge|Expanding Force|p1a: Alomomola\n|-damage|p1a: Alomomola|39\/100\n|move|p1a: Alomomola|Wish|p1a: Alomomola\n|\n|-damage|p2a: Armarouge|82\/100 tox|[from] psn\n|upkeep\n|turn|26\n|\n|t:|1701148210\n|move|p1a: Alomomola|Protect|p1a: Alomomola\n|-singleturn|p1a: Alomomola|Protect\n|move|p2a: Armarouge|Armor Cannon|p1a: Alomomola\n|-activate|p1a: Alomomola|move: Protect\n|\n|-heal|p1a: Alomomola|89\/100|[from] move: Wish|[wisher] Alomomola\n|-damage|p2a: Armarouge|64\/100 tox|[from] psn\n|upkeep\n|turn|27\n|\n|t:|1701148219\n|switch|p2a: Chansey|Chansey, F, tera:Ground|82\/100\n|move|p1a: Alomomola|Wish|p1a: Alomomola\n|\n|upkeep\n|turn|28\n|\n|t:|1701148225\n|move|p1a: Alomomola|Flip Turn|p2a: Chansey\n|-supereffective|p2a: Chansey\n|-damage|p2a: Chansey|59\/100\n|\n|t:|1701148229\n|switch|p1a: Clodsire|Clodsire, M, tera:Dark|33\/100 par|[from] Flip Turn\n|move|p2a: Chansey|Thunder Wave|p1a: Clodsire\n|-fail|p1a: Clodsire|par\n|\n|-heal|p1a: Clodsire|90\/100 par|[from] move: Wish|[wisher] Alomomola\n|upkeep\n|turn|29\n|\n|t:|1701148240\n|move|p2a: Chansey|Soft-Boiled|p2a: Chansey\n|-heal|p2a: Chansey|100\/100\n|move|p1a: Clodsire|Stealth Rock|p2a: Chansey\n|-sidestart|p2: tdd20070515\u5179\u4f0f\u5947\u5927\u543e|move: Stealth Rock\n|\n|upkeep\n|turn|30\n|\n|t:|1701148268\n|cant|p1a: Clodsire|par\n|move|p2a: Chansey|Teleport|p2a: Chansey\n|\n|t:|1701148270\n|switch|p2a: Cinderace|Cinderace, M|100\/100|[from] Teleport\n|\n|upkeep\n|turn|31\n|\n|t:|1701148278\n|switch|p1a: Alomomola|Alomomola, F|100\/100\n|move|p2a: Cinderace|U-turn|p1a: Alomomola\n|-start|p2a: Cinderace|typechange|Bug|[from] ability: Libero\n|-crit|p1a: Alomomola\n|-damage|p1a: Alomomola|75\/100\n|\n|t:|1701148291\n|switch|p2a: Armarouge|Armarouge, F|64\/100 tox|[from] U-turn\n|-damage|p2a: Armarouge|39\/100 tox|[from] Stealth Rock\n|\n|-damage|p2a: Armarouge|33\/100 tox|[from] psn\n|upkeep\n|turn|32\n|\n|t:|1701148309\n|move|p2a: Armarouge|Destiny Bond|p2a: Armarouge\n|-singlemove|p2a: Armarouge|Destiny Bond\n|move|p1a: Alomomola|Wish|p1a: Alomomola\n|\n|-damage|p2a: Armarouge|21\/100 tox|[from] psn\n|upkeep\n|turn|33\n|\n|t:|1701148317\n|move|p2a: Armarouge|Expanding Force|p1a: Alomomola\n|-damage|p1a: Alomomola|28\/100\n|move|p1a: Alomomola|Flip Turn|p2a: Armarouge\n|-supereffective|p2a: Armarouge\n|-damage|p2a: Armarouge|0 fnt\n|faint|p2a: Armarouge\n|\n|t:|1701148322\n|switch|p1a: Clodsire|Clodsire, M, tera:Dark|90\/100 par|[from] Flip Turn\n|\n|-heal|p1a: Clodsire|100\/100 par|[from] move: Wish|[wisher] Alomomola\n|upkeep\n|\n|t:|1701148325\n|switch|p2a: Cinderace|Cinderace, M|100\/100\n|turn|34\n|\n|t:|1701148340\n|move|p2a: Cinderace|Low Kick|p1a: Clodsire\n|-start|p2a: Cinderace|typechange|Fighting|[from] ability: Libero\n|-supereffective|p1a: Clodsire\n|-damage|p1a: Clodsire|0 fnt\n|faint|p1a: Clodsire\n|\n|upkeep\n|\n|t:|1701148345\n|switch|p1a: Alomomola|Alomomola, F|61\/100\n|turn|35\n|\n|t:|1701148349\n|move|p2a: Cinderace|U-turn|p1a: Alomomola\n|-damage|p1a: Alomomola|50\/100\n|\n|t:|1701148352\n|switch|p2a: Chansey|Chansey, F, tera:Ground|100\/100|[from] U-turn\n|-damage|p2a: Chansey|94\/100|[from] Stealth Rock\n|move|p1a: Alomomola|Wish|p1a: Alomomola\n|\n|upkeep\n|turn|36\n|\n|t:|1701148357\n|move|p1a: Alomomola|Toxic|p2a: Chansey\n|-status|p2a: Chansey|tox\n|move|p2a: Chansey|Thunder Wave|p1a: Alomomola\n|-status|p1a: Alomomola|par\n|\n|-heal|p1a: Alomomola|99\/100 par|[from] move: Wish|[wisher] Alomomola\n|-damage|p2a: Chansey|88\/100 tox|[from] psn\n|upkeep\n|turn|37\n|\n|t:|1701148365\n|move|p1a: Alomomola|Flip Turn|p2a: Chansey\n|-supereffective|p2a: Chansey\n|-damage|p2a: Chansey|67\/100 tox\n|move|p2a: Chansey|Counter|p1a: Alomomola\n|-damage|p1a: Alomomola|44\/100 par\n|\n|-damage|p2a: Chansey|54\/100 tox|[from] psn\n|upkeep\n|turn|38\n|\n|t:|1701148372\n|move|p2a: Chansey|Soft-Boiled|p2a: Chansey\n|-heal|p2a: Chansey|100\/100 tox\n|move|p1a: Alomomola|Wish|p1a: Alomomola\n|\n|-damage|p2a: Chansey|82\/100 tox|[from] psn\n|upkeep\n|turn|39\n|\n|t:|1701148376\n|cant|p1a: Alomomola|par\n|move|p2a: Chansey|Teleport|p2a: Chansey\n|\n|t:|1701148378\n|-curestatus|p2a: Chansey|tox|[from] ability: Natural Cure\n|switch|p2a: Cinderace|Cinderace, M|100\/100|[from] Teleport\n|\n|-heal|p1a: Alomomola|94\/100 par|[from] move: Wish|[wisher] Alomomola\n|upkeep\n|turn|40\n|\n|t:|1701148381\n|move|p2a: Cinderace|U-turn|p1a: Alomomola\n|-start|p2a: Cinderace|typechange|Bug|[from] ability: Libero\n|-damage|p1a: Alomomola|75\/100 par\n|\n|t:|1701148385\n|switch|p2a: Chansey|Chansey, F, tera:Ground|82\/100|[from] U-turn\n|-damage|p2a: Chansey|75\/100|[from] Stealth Rock\n|move|p1a: Alomomola|Toxic|p2a: Chansey|[miss]\n|-miss|p1a: Alomomola|p2a: Chansey\n|\n|upkeep\n|turn|41\n|\n|t:|1701148392\n|move|p1a: Alomomola|Toxic|p2a: Chansey\n|-status|p2a: Chansey|tox\n|move|p2a: Chansey|Counter||[still]\n|-fail|p2a: Chansey\n|\n|-damage|p2a: Chansey|69\/100 tox|[from] psn\n|upkeep\n|turn|42\n|inactive|stardustmaple has 120 seconds left.\n|\n|t:|1701148437\n|cant|p1a: Alomomola|par\n|move|p2a: Chansey|Teleport|p2a: Chansey\n|c|\u2606tdd20070515\u5179\u4f0f\u5947\u5927\u543e|\u8017\u4e0d\u8fc7\u6211\u7684\n|\n|t:|1701148441\n|-curestatus|p2a: Chansey|tox|[from] ability: Natural Cure\n|switch|p2a: Cinderace|Cinderace, M|100\/100|[from] Teleport\n|\n|upkeep\n|turn|43\n|inactive|stardustmaple has 120 seconds left.\n|\n|t:|1701148473\n|move|p2a: Cinderace|U-turn|p1a: Alomomola\n|-start|p2a: Cinderace|typechange|Bug|[from] ability: Libero\n|-damage|p1a: Alomomola|57\/100 par\n|\n|t:|1701148476\n|switch|p2a: Chansey|Chansey, F, tera:Ground|69\/100|[from] U-turn\n|-damage|p2a: Chansey|63\/100|[from] Stealth Rock\n|cant|p1a: Alomomola|par\n|\n|upkeep\n|turn|44\n|\n|t:|1701148483\n|cant|p1a: Alomomola|par\n|move|p2a: Chansey|Teleport|p2a: Chansey\n|\n|t:|1701148484\n|switch|p2a: Cinderace|Cinderace, M|100\/100|[from] Teleport\n|\n|upkeep\n|turn|45\n|\n|t:|1701148496\n|move|p2a: Cinderace|Pyro Ball|p1a: Alomomola\n|-resisted|p1a: Alomomola\n|-damage|p1a: Alomomola|43\/100 par\n|move|p1a: Alomomola|Toxic|p2a: Cinderace\n|-status|p2a: Cinderace|tox\n|\n|-damage|p2a: Cinderace|95\/100 tox|[from] psn\n|upkeep\n|turn|46\n|\n|t:|1701148512\n|move|p2a: Cinderace|U-turn|p1a: Alomomola\n|-start|p2a: Cinderace|typechange|Bug|[from] ability: Libero\n|-damage|p1a: Alomomola|24\/100 par\n|\n|t:|1701148514\n|switch|p2a: Chansey|Chansey, F, tera:Ground|63\/100|[from] U-turn\n|-damage|p2a: Chansey|57\/100|[from] Stealth Rock\n|cant|p1a: Alomomola|par\n|\n|upkeep\n|turn|47\n|\n|t:|1701148521\n|move|p1a: Alomomola|Wish|p1a: Alomomola\n|move|p2a: Chansey|Teleport|p2a: Chansey\n|\n|t:|1701148523\n|switch|p2a: Cinderace|Cinderace, M|95\/100 tox|[from] Teleport\n|\n|-damage|p2a: Cinderace|89\/100 tox|[from] psn\n|upkeep\n|turn|48\n|\n|t:|1701148526\n|cant|p1a: Alomomola|par\n|move|p2a: Cinderace|U-turn|p1a: Alomomola\n|-start|p2a: Cinderace|typechange|Bug|[from] ability: Libero\n|-damage|p1a: Alomomola|7\/100 par\n|\n|t:|1701148528\n|switch|p2a: Chansey|Chansey, F, tera:Ground|57\/100|[from] U-turn\n|-damage|p2a: Chansey|50\/100|[from] Stealth Rock\n|\n|-heal|p1a: Alomomola|57\/100 par|[from] move: Wish|[wisher] Alomomola\n|upkeep\n|turn|49\n|\n|t:|1701148532\n|move|p2a: Chansey|Soft-Boiled|p2a: Chansey\n|-heal|p2a: Chansey|100\/100\n|move|p1a: Alomomola|Wish|p1a: Alomomola\n|\n|upkeep\n|turn|50\n|\n|t:|1701148536\n|cant|p1a: Alomomola|par\n|move|p2a: Chansey|Teleport|p2a: Chansey\n|\n|t:|1701148539\n|switch|p2a: Cinderace|Cinderace, M|89\/100 tox|[from] Teleport\n|\n|-heal|p1a: Alomomola|100\/100 par|[from] move: Wish|[wisher] Alomomola\n|-damage|p2a: Cinderace|83\/100 tox|[from] psn\n|upkeep\n|turn|51\n|\n|t:|1701148544\n|move|p2a: Cinderace|U-turn|p1a: Alomomola\n|-start|p2a: Cinderace|typechange|Bug|[from] ability: Libero\n|-damage|p1a: Alomomola|82\/100 par\n|\n|t:|1701148547\n|switch|p2a: Chansey|Chansey, F, tera:Ground|100\/100|[from] U-turn\n|-damage|p2a: Chansey|94\/100|[from] Stealth Rock\n|move|p1a: Alomomola|Flip Turn|p2a: Chansey\n|-supereffective|p2a: Chansey\n|-damage|p2a: Chansey|72\/100\n|\n|upkeep\n|turn|52\n|\n|t:|1701148550\n|move|p1a: Alomomola|Toxic|p2a: Chansey\n|-status|p2a: Chansey|tox\n|move|p2a: Chansey|Teleport|p2a: Chansey\n|\n|t:|1701148553\n|-curestatus|p2a: Chansey|tox|[from] ability: Natural Cure\n|switch|p2a: Cinderace|Cinderace, M|83\/100 tox|[from] Teleport\n|\n|-damage|p2a: Cinderace|77\/100 tox|[from] psn\n|upkeep\n|turn|53\n|\n|t:|1701148563\n|move|p2a: Cinderace|Low Kick|p1a: Alomomola\n|-start|p2a: Cinderace|typechange|Fighting|[from] ability: Libero\n|-damage|p1a: Alomomola|65\/100 par\n|move|p1a: Alomomola|Flip Turn|p2a: Cinderace\n|-damage|p2a: Cinderace|54\/100 tox\n|\n|-damage|p2a: Cinderace|42\/100 tox|[from] psn\n|upkeep\n|turn|54\n|\n|t:|1701148572\n|move|p2a: Cinderace|U-turn|p1a: Alomomola\n|-damage|p1a: Alomomola|53\/100 par\n|\n|t:|1701148575\n|switch|p2a: Chansey|Chansey, F, tera:Ground|72\/100|[from] U-turn\n|-damage|p2a: Chansey|66\/100|[from] Stealth Rock\n|move|p1a: Alomomola|Wish|p1a: Alomomola\n|\n|upkeep\n|turn|55\n|\n|t:|1701148580\n|move|p2a: Chansey|Soft-Boiled|p2a: Chansey\n|-heal|p2a: Chansey|100\/100\n|move|p1a: Alomomola|Flip Turn|p2a: Chansey\n|-supereffective|p2a: Chansey\n|-damage|p2a: Chansey|78\/100\n|\n|-heal|p1a: Alomomola|100\/100 par|[from] move: Wish|[wisher] Alomomola\n|upkeep\n|turn|56\n|\n|t:|1701148586\n|cant|p1a: Alomomola|par\n|move|p2a: Chansey|Counter||[still]\n|-fail|p2a: Chansey\n|\n|upkeep\n|turn|57\n|\n|t:|1701148594\n|move|p2a: Chansey|Thunder Wave|p1a: Alomomola\n|-fail|p1a: Alomomola|par\n|move|p1a: Alomomola|Flip Turn|p2a: Chansey\n|-supereffective|p2a: Chansey\n|-damage|p2a: Chansey|57\/100\n|\n|upkeep\n|turn|58\n|\n|t:|1701148599\n|move|p1a: Alomomola|Toxic|p2a: Chansey\n|-status|p2a: Chansey|tox\n|move|p2a: Chansey|Counter||[still]\n|-fail|p2a: Chansey\n|\n|-damage|p2a: Chansey|50\/100 tox|[from] psn\n|upkeep\n|turn|59\n|\n|t:|1701148606\n|move|p2a: Chansey|Soft-Boiled|p2a: Chansey\n|-heal|p2a: Chansey|100\/100 tox\n|move|p1a: Alomomola|Wish|p1a: Alomomola\n|\n|-damage|p2a: Chansey|88\/100 tox|[from] psn\n|upkeep\n|turn|60\n|\n|t:|1701148608\n|move|p1a: Alomomola|Flip Turn|p2a: Chansey\n|-supereffective|p2a: Chansey\n|-damage|p2a: Chansey|68\/100 tox\n|move|p2a: Chansey|Teleport|p2a: Chansey\n|\n|t:|1701148611\n|-curestatus|p2a: Chansey|tox|[from] ability: Natural Cure\n|switch|p2a: Cinderace|Cinderace, M|42\/100 tox|[from] Teleport\n|\n|-damage|p2a: Cinderace|36\/100 tox|[from] psn\n|upkeep\n|turn|61\n|\n|t:|1701148617\n|move|p2a: Cinderace|U-turn|p1a: Alomomola\n|-start|p2a: Cinderace|typechange|Bug|[from] ability: Libero\n|-damage|p1a: Alomomola|83\/100 par\n|\n|t:|1701148620\n|switch|p2a: Chansey|Chansey, F, tera:Ground|68\/100|[from] U-turn\n|-damage|p2a: Chansey|61\/100|[from] Stealth Rock\n|move|p1a: Alomomola|Flip Turn|p2a: Chansey\n|-supereffective|p2a: Chansey\n|-damage|p2a: Chansey|39\/100\n|\n|upkeep\n|turn|62\n|\n|t:|1701148627\n|move|p2a: Chansey|Soft-Boiled|p2a: Chansey\n|-heal|p2a: Chansey|89\/100\n|cant|p1a: Alomomola|par\n|\n|upkeep\n|turn|63\n|\n|t:|1701148632\n|move|p1a: Alomomola|Toxic|p2a: Chansey\n|-status|p2a: Chansey|tox\n|move|p2a: Chansey|Counter||[still]\n|-fail|p2a: Chansey\n|\n|-damage|p2a: Chansey|83\/100 tox|[from] psn\n|upkeep\n|turn|64\n|\n|t:|1701148637\n|move|p1a: Alomomola|Flip Turn|p2a: Chansey\n|-supereffective|p2a: Chansey\n|-damage|p2a: Chansey|61\/100 tox\n|move|p2a: Chansey|Counter|p1a: Alomomola\n|-damage|p1a: Alomomola|26\/100 par\n|\n|-damage|p2a: Chansey|49\/100 tox|[from] psn\n|upkeep\n|turn|65\n|\n|t:|1701148643\n|cant|p1a: Alomomola|par\n|move|p2a: Chansey|Teleport|p2a: Chansey\n|\n|t:|1701148645\n|-curestatus|p2a: Chansey|tox|[from] ability: Natural Cure\n|switch|p2a: Cinderace|Cinderace, M|36\/100 tox|[from] Teleport\n|\n|-damage|p2a: Cinderace|30\/100 tox|[from] psn\n|upkeep\n|turn|66\n|\n|t:|1701148648\n|move|p2a: Cinderace|U-turn|p1a: Alomomola\n|-start|p2a: Cinderace|typechange|Bug|[from] ability: Libero\n|-damage|p1a: Alomomola|8\/100 par\n|\n|t:|1701148652\n|switch|p2a: Chansey|Chansey, F, tera:Ground|49\/100|[from] U-turn\n|-damage|p2a: Chansey|43\/100|[from] Stealth Rock\n|cant|p1a: Alomomola|par\n|\n|upkeep\n|turn|67\n|\n|t:|1701148660\n|switch|p2a: Cinderace|Cinderace, M|30\/100 tox\n|move|p1a: Alomomola|Wish|p1a: Alomomola\n|\n|-damage|p2a: Cinderace|24\/100 tox|[from] psn\n|upkeep\n|turn|68\n|\n|t:|1701148665\n|cant|p1a: Alomomola|par\n|move|p2a: Cinderace|U-turn|p1a: Alomomola\n|-start|p2a: Cinderace|typechange|Bug|[from] ability: Libero\n|-damage|p1a: Alomomola|0 fnt\n|faint|p1a: Alomomola\n|\n|win|tdd20070515\u5179\u4f0f\u5947\u5927\u543e\n|raw|stardustmaple's rating: 1498 &rarr; <strong>1483<\/strong><br \/>(-15 for losing)\n|raw|tdd20070515\u5179\u4f0f\u5947\u5927\u543e's rating: 1591 &rarr; <strong>1606<\/strong><br \/>(+15 for winning)\n|l|\u2606stardustmaple\n|c|\u2606tdd20070515\u5179\u4f0f\u5947\u5927\u543e|\u5b8c\u7f8e\n","uploadtime":1701148677,"views":13,"p1id":"stardustmaple","p2id":"tdd20070515","formatid":"gen9nationaldex","rating":1483,"private":0,"password":""}