{"id":"gen9nationaldex-1998079726","p1":"Theruffletkid","p2":"NightEmerald","format":"[Gen 9] National Dex","log":"|html|<div class=\"broadcast-blue\"><strong>[Gen 9] National Dex is currently suspecting Sneasler! For information on how to participate check out the <a href=\"https:\/\/www.smogon.com\/forums\/threads\/sv-national-dex-suspect-8-just-dance.3731534\/\">suspect thread<\/a>.<\/strong><\/div>\n|j|\u2606Theruffletkid\n|j|\u2606NightEmerald\n|t:|1700888007\n|gametype|singles\n|player|p1|Theruffletkid|wattson|1471\n|player|p2|NightEmerald|colress|1464\n|teamsize|p1|6\n|teamsize|p2|6\n|gen|9\n|tier|[Gen 9] National Dex\n|rated|\n|rule|HP Percentage Mod: HP is shown in percentages\n|rule|Endless Battle Clause: Forcing endless battles is banned\n|rule|OHKO Clause: OHKO moves are banned\n|rule|Evasion Clause: Evasion abilities, items, and moves are banned\n|rule|Evasion Abilities Clause: Evasion abilities are banned\n|rule|Evasion Items Clause: Evasion items are banned\n|rule|Evasion Moves Clause: Evasion moves are banned\n|rule|Species Clause: Limit one of each Pok\u00e9mon\n|rule|Sleep Clause Mod: Limit one foe put to sleep\n|clearpoke\n|poke|p1|Toxapex, F|\n|poke|p1|Gliscor, F|\n|poke|p1|Ferrothorn, M|\n|poke|p1|Alomomola, F|\n|poke|p1|Medicham, M|\n|poke|p1|Ogerpon-Wellspring, F|\n|poke|p2|Landorus-Therian, M|\n|poke|p2|Heatran, M|\n|poke|p2|Tangrowth, M|\n|poke|p2|Urshifu-*, M|\n|poke|p2|Latias, F|\n|poke|p2|Weavile, M|\n|teampreview\n|inactive|Battle timer is ON: inactive players will automatically lose when time's up. (requested by NightEmerald)\n|\n|t:|1700888023\n|start\n|switch|p1a: Alomomola|Alomomola, F|100\/100\n|switch|p2a: Latias|Latias, F|100\/100\n|turn|1\n|\n|t:|1700888030\n|switch|p2a: Heatran|Heatran, M|100\/100\n|move|p1a: Alomomola|Toxic|p2a: Heatran\n|-immune|p2a: Heatran\n|\n|upkeep\n|turn|2\n|\n|t:|1700888036\n|move|p2a: Heatran|Taunt|p1a: Alomomola\n|-start|p1a: Alomomola|move: Taunt\n|move|p1a: Alomomola|Flip Turn|p2a: Heatran\n|-supereffective|p2a: Heatran\n|-damage|p2a: Heatran|75\/100\n|\n|t:|1700888039\n|switch|p1a: Ogerpon|Ogerpon-Wellspring, F|100\/100|[from] Flip Turn\n|\n|-heal|p2a: Heatran|81\/100|[from] item: Leftovers\n|upkeep\n|turn|3\n|\n|t:|1700888050\n|switch|p2a: Tangrowth|Tangrowth, M|100\/100\n|move|p1a: Ogerpon|Swords Dance|p1a: Ogerpon\n|-boost|p1a: Ogerpon|atk|2\n|\n|upkeep\n|turn|4\n|\n|t:|1700888058\n|move|p1a: Ogerpon|Play Rough|p2a: Tangrowth|[miss]\n|-miss|p1a: Ogerpon|p2a: Tangrowth\n|move|p2a: Tangrowth|Sleep Powder|p1a: Ogerpon\n|-immune|p1a: Ogerpon\n|\n|upkeep\n|turn|5\n|\n|t:|1700888061\n|move|p1a: Ogerpon|Play Rough|p2a: Tangrowth\n|-damage|p2a: Tangrowth|66\/100\n|-damage|p1a: Ogerpon|84\/100|[from] item: Rocky Helmet|[of] p2a: Tangrowth\n|move|p2a: Tangrowth|Knock Off|p1a: Ogerpon\n|-damage|p1a: Ogerpon|66\/100\n|\n|upkeep\n|turn|6\n|\n|t:|1700888071\n|move|p1a: Ogerpon|Swords Dance|p1a: Ogerpon\n|-boost|p1a: Ogerpon|atk|2\n|move|p2a: Tangrowth|Giga Drain|p1a: Ogerpon\n|-damage|p1a: Ogerpon|32\/100\n|-heal|p2a: Tangrowth|78\/100|[from] drain|[of] p1a: Ogerpon\n|\n|upkeep\n|turn|7\n|\n|t:|1700888076\n|move|p1a: Ogerpon|Play Rough|p2a: Tangrowth\n|-damage|p2a: Tangrowth|26\/100\n|-damage|p1a: Ogerpon|15\/100|[from] item: Rocky Helmet|[of] p2a: Tangrowth\n|move|p2a: Tangrowth|Giga Drain|p1a: Ogerpon\n|-damage|p1a: Ogerpon|0 fnt\n|-heal|p2a: Tangrowth|32\/100|[from] drain|[of] p1a: Ogerpon\n|faint|p1a: Ogerpon\n|\n|upkeep\n|\n|t:|1700888082\n|switch|p1a: Medicham|Medicham, M|100\/100\n|turn|8\n|\n|t:|1700888085\n|switch|p2a: Landorus|Landorus-Therian, M|100\/100\n|-ability|p2a: Landorus|Intimidate|boost\n|-unboost|p1a: Medicham|atk|1\n|detailschange|p1a: Medicham|Medicham-Mega, M\n|-mega|p1a: Medicham|Medicham|Medichamite\n|move|p1a: Medicham|Close Combat|p2a: Landorus\n|-resisted|p2a: Landorus\n|-damage|p2a: Landorus|77\/100\n|-unboost|p1a: Medicham|def|1\n|-unboost|p1a: Medicham|spd|1\n|-damage|p1a: Medicham|84\/100|[from] item: Rocky Helmet|[of] p2a: Landorus\n|\n|upkeep\n|turn|9\n|\n|t:|1700888095\n|switch|p1a: Alomomola|Alomomola, F|100\/100\n|move|p2a: Landorus|Earthquake|p1a: Alomomola\n|-damage|p1a: Alomomola|71\/100\n|\n|upkeep\n|turn|10\n|\n|t:|1700888101\n|move|p2a: Landorus|Toxic|p1a: Alomomola\n|-status|p1a: Alomomola|tox\n|move|p1a: Alomomola|Flip Turn|p2a: Landorus\n|-supereffective|p2a: Landorus\n|-crit|p2a: Landorus\n|-damage|p2a: Landorus|45\/100\n|-damage|p1a: Alomomola|55\/100 tox|[from] item: Rocky Helmet|[of] p2a: Landorus\n|\n|t:|1700888105\n|switch|p1a: Medicham|Medicham-Mega, M|84\/100|[from] Flip Turn\n|\n|upkeep\n|turn|11\n|\n|t:|1700888109\n|switch|p2a: Tangrowth|Tangrowth, M|65\/100\n|move|p1a: Medicham|Ice Punch|p2a: Tangrowth\n|-supereffective|p2a: Tangrowth\n|-damage|p2a: Tangrowth|17\/100\n|-status|p2a: Tangrowth|frz\n|-damage|p1a: Medicham|68\/100|[from] item: Rocky Helmet|[of] p2a: Tangrowth\n|\n|upkeep\n|turn|12\n|\n|t:|1700888120\n|switch|p2a: Urshifu|Urshifu-Rapid-Strike, M|100\/100\n|move|p1a: Medicham|Ice Punch|p2a: Urshifu\n|-resisted|p2a: Urshifu\n|-damage|p2a: Urshifu|80\/100\n|\n|upkeep\n|turn|13\n|\n|t:|1700888129\n|switch|p1a: Alomomola|Alomomola, F|88\/100 tox\n|switch|p2a: Landorus|Landorus-Therian, M|45\/100\n|-ability|p2a: Landorus|Intimidate|boost\n|-unboost|p1a: Alomomola|atk|1\n|\n|-damage|p1a: Alomomola|82\/100 tox|[from] psn\n|upkeep\n|turn|14\n|\n|t:|1700888134\n|switch|p2a: Tangrowth|Tangrowth, M|50\/100 frz\n|move|p1a: Alomomola|Flip Turn|p2a: Tangrowth\n|-resisted|p2a: Tangrowth\n|-crit|p2a: Tangrowth\n|-damage|p2a: Tangrowth|44\/100 frz\n|-damage|p1a: Alomomola|65\/100 tox|[from] item: Rocky Helmet|[of] p2a: Tangrowth\n|\n|t:|1700888141\n|switch|p1a: Medicham|Medicham-Mega, M|68\/100|[from] Flip Turn\n|\n|upkeep\n|turn|15\n|\n|t:|1700888145\n|switch|p2a: Landorus|Landorus-Therian, M|45\/100\n|-ability|p2a: Landorus|Intimidate|boost\n|-unboost|p1a: Medicham|atk|1\n|move|p1a: Medicham|Close Combat|p2a: Landorus\n|-resisted|p2a: Landorus\n|-damage|p2a: Landorus|22\/100\n|-unboost|p1a: Medicham|def|1\n|-unboost|p1a: Medicham|spd|1\n|-damage|p1a: Medicham|51\/100|[from] item: Rocky Helmet|[of] p2a: Landorus\n|\n|upkeep\n|turn|16\n|\n|t:|1700888159\n|switch|p2a: Weavile|Weavile, M|100\/100\n|-ability|p2a: Weavile|Pressure\n|move|p1a: Medicham|Ice Punch|p2a: Weavile\n|-resisted|p2a: Weavile\n|-damage|p2a: Weavile|75\/100\n|\n|upkeep\n|turn|17\n|\n|t:|1700888164\n|switch|p1a: Ferrothorn|Ferrothorn, M|100\/100\n|-terastallize|p2a: Weavile|Dark\n|move|p2a: Weavile|Beat Up|p1a: Ferrothorn\n|-damage|p1a: Ferrothorn|89\/100\n|-damage|p1a: Ferrothorn|80\/100\n|-damage|p1a: Ferrothorn|70\/100\n|-damage|p1a: Ferrothorn|57\/100\n|-damage|p1a: Ferrothorn|44\/100\n|-hitcount|p1a: Ferrothorn|5\n|\n|-heal|p1a: Ferrothorn|50\/100|[from] item: Leftovers\n|upkeep\n|turn|18\n|\n|t:|1700888172\n|move|p2a: Weavile|Beat Up|p1a: Ferrothorn\n|-damage|p1a: Ferrothorn|37\/100\n|-damage|p1a: Ferrothorn|28\/100\n|-damage|p1a: Ferrothorn|18\/100\n|-damage|p1a: Ferrothorn|7\/100\n|-damage|p1a: Ferrothorn|0 fnt\n|faint|p1a: Ferrothorn\n|-hitcount|p1: Ferrothorn|5\n|\n|upkeep\n|\n|t:|1700888176\n|switch|p1a: Medicham|Medicham-Mega, M|51\/100\n|turn|19\n|\n|t:|1700888185\n|switch|p2a: Landorus|Landorus-Therian, M|22\/100\n|-ability|p2a: Landorus|Intimidate|boost\n|-unboost|p1a: Medicham|atk|1\n|move|p1a: Medicham|Fake Out|p2a: Landorus\n|-damage|p2a: Landorus|12\/100\n|-damage|p1a: Medicham|35\/100|[from] item: Rocky Helmet|[of] p2a: Landorus\n|\n|upkeep\n|turn|20\n|\n|t:|1700888194\n|switch|p2a: Tangrowth|Tangrowth, M|77\/100 frz\n|move|p1a: Medicham|Close Combat|p2a: Tangrowth\n|-damage|p2a: Tangrowth|42\/100 frz\n|-unboost|p1a: Medicham|def|1\n|-unboost|p1a: Medicham|spd|1\n|-damage|p1a: Medicham|18\/100|[from] item: Rocky Helmet|[of] p2a: Tangrowth\n|\n|upkeep\n|turn|21\n|\n|t:|1700888213\n|switch|p2a: Landorus|Landorus-Therian, M|12\/100\n|-ability|p2a: Landorus|Intimidate|boost\n|-unboost|p1a: Medicham|atk|1\n|move|p1a: Medicham|Close Combat|p2a: Landorus\n|-resisted|p2a: Landorus\n|-damage|p2a: Landorus|0 fnt\n|-unboost|p1a: Medicham|def|1\n|-unboost|p1a: Medicham|spd|1\n|-damage|p1a: Medicham|2\/100|[from] item: Rocky Helmet|[of] p2a: Landorus\n|faint|p2a: Landorus\n|\n|upkeep\n|\n|t:|1700888223\n|switch|p2a: Weavile|Weavile, M, tera:Dark|75\/100\n|-ability|p2a: Weavile|Pressure\n|turn|22\n|\n|t:|1700888230\n|switch|p1a: Alomomola|Alomomola, F|98\/100 tox\n|move|p2a: Weavile|Knock Off|p1a: Alomomola\n|-damage|p1a: Alomomola|42\/100 tox\n|-enditem|p1a: Alomomola|Heavy-Duty Boots|[from] move: Knock Off|[of] p2a: Weavile\n|\n|-damage|p1a: Alomomola|36\/100 tox|[from] psn\n|upkeep\n|turn|23\n|\n|t:|1700888234\n|switch|p2a: Tangrowth|Tangrowth, M|75\/100 frz\n|move|p1a: Alomomola|Flip Turn|p2a: Tangrowth\n|-resisted|p2a: Tangrowth\n|-crit|p2a: Tangrowth\n|-damage|p2a: Tangrowth|70\/100 frz\n|-damage|p1a: Alomomola|20\/100 tox|[from] item: Rocky Helmet|[of] p2a: Tangrowth\n|\n|t:|1700888240\n|switch|p1a: Toxapex|Toxapex, F|100\/100|[from] Flip Turn\n|\n|upkeep\n|turn|24\n|\n|t:|1700888244\n|cant|p2a: Tangrowth|frz\n|move|p1a: Toxapex|Scald|p2a: Tangrowth\n|-resisted|p2a: Tangrowth\n|-damage|p2a: Tangrowth|57\/100 frz\n|-curestatus|p2a: Tangrowth|frz|[msg]\n|\n|upkeep\n|turn|25\n|\n|t:|1700888248\n|move|p2a: Tangrowth|Knock Off|p1a: Toxapex\n|-damage|p1a: Toxapex|86\/100\n|-enditem|p1a: Toxapex|Heavy-Duty Boots|[from] move: Knock Off|[of] p2a: Tangrowth\n|move|p1a: Toxapex|Toxic|p2a: Tangrowth\n|-status|p2a: Tangrowth|tox\n|\n|-damage|p2a: Tangrowth|51\/100 tox|[from] psn\n|upkeep\n|turn|26\n|\n|t:|1700888253\n|switch|p1a: Alomomola|Alomomola, F|53\/100 tox\n|move|p2a: Tangrowth|Sleep Powder|p1a: Alomomola|[miss]\n|-miss|p2a: Tangrowth|p1a: Alomomola\n|\n|-damage|p1a: Alomomola|47\/100 tox|[from] psn\n|-damage|p2a: Tangrowth|38\/100 tox|[from] psn\n|upkeep\n|turn|27\n|\n|t:|1700888259\n|switch|p1a: Gliscor|Gliscor, F|100\/100\n|switch|p2a: Latias|Latias, F|100\/100\n|\n|-status|p1a: Gliscor|tox|[from] item: Toxic Orb\n|upkeep\n|turn|28\n|\n|t:|1700888266\n|switch|p2a: Tangrowth|Tangrowth, M|72\/100 tox\n|move|p1a: Gliscor|Toxic|p2a: Tangrowth\n|-fail|p2a: Tangrowth|tox\n|\n|-damage|p2a: Tangrowth|65\/100 tox|[from] psn\n|upkeep\n|turn|29\n|\n|t:|1700888270\n|switch|p1a: Alomomola|Alomomola, F|80\/100 tox\n|move|p2a: Tangrowth|Hidden Power|p1a: Alomomola\n|-resisted|p1a: Alomomola\n|-damage|p1a: Alomomola|74\/100 tox\n|\n|-damage|p1a: Alomomola|68\/100 tox|[from] psn\n|-damage|p2a: Tangrowth|53\/100 tox|[from] psn\n|upkeep\n|turn|30\n|\n|t:|1700888272\n|switch|p1a: Toxapex|Toxapex, F|100\/100\n|move|p2a: Tangrowth|Giga Drain|p1a: Toxapex\n|-damage|p1a: Toxapex|76\/100\n|-heal|p2a: Tangrowth|62\/100 tox|[from] drain|[of] p1a: Toxapex\n|\n|-damage|p2a: Tangrowth|44\/100 tox|[from] psn\n|upkeep\n|turn|31\n|\n|t:|1700888281\n|switch|p2a: Heatran|Heatran, M|81\/100\n|switch|p1a: Gliscor|Gliscor, F|100\/100 tox\n|\n|-heal|p2a: Heatran|88\/100|[from] item: Leftovers\n|upkeep\n|turn|32\n|\n|t:|1700888292\n|switch|p2a: Tangrowth|Tangrowth, M|77\/100 tox\n|move|p1a: Gliscor|Earthquake|p2a: Tangrowth\n|-resisted|p2a: Tangrowth\n|-damage|p2a: Tangrowth|68\/100 tox\n|\n|-damage|p2a: Tangrowth|62\/100 tox|[from] psn\n|upkeep\n|turn|33\n|\n|t:|1700888296\n|switch|p1a: Toxapex|Toxapex, F|100\/100\n|move|p2a: Tangrowth|Knock Off|p1a: Toxapex\n|-damage|p1a: Toxapex|91\/100\n|\n|-damage|p2a: Tangrowth|50\/100 tox|[from] psn\n|upkeep\n|turn|34\n|\n|t:|1700888301\n|switch|p2a: Latias|Latias, F|100\/100\n|switch|p1a: Gliscor|Gliscor, F|100\/100 tox\n|\n|upkeep\n|turn|35\n|\n|t:|1700888309\n|detailschange|p2a: Latias|Latias-Mega, F\n|-mega|p2a: Latias|Latias|Latiasite\n|move|p2a: Latias|Psyshock|p1a: Gliscor\n|-damage|p1a: Gliscor|71\/100 tox\n|move|p1a: Gliscor|Toxic|p2a: Latias\n|-status|p2a: Latias|tox\n|\n|-damage|p2a: Latias|94\/100 tox|[from] psn\n|-heal|p1a: Gliscor|84\/100 tox|[from] ability: Poison Heal\n|upkeep\n|turn|36\n|\n|t:|1700888318\n|switch|p2a: Weavile|Weavile, M, tera:Dark|75\/100\n|-ability|p2a: Weavile|Pressure\n|switch|p1a: Alomomola|Alomomola, F|100\/100 tox\n|\n|-damage|p1a: Alomomola|94\/100 tox|[from] psn\n|upkeep\n|turn|37\n|\n|t:|1700888324\n|move|p2a: Weavile|Beat Up|p1a: Alomomola\n|-damage|p1a: Alomomola|83\/100 tox\n|-damage|p1a: Alomomola|75\/100 tox\n|-damage|p1a: Alomomola|64\/100 tox\n|-hitcount|p1a: Alomomola|3\n|move|p1a: Alomomola|Flip Turn|p2a: Weavile\n|-damage|p2a: Weavile|47\/100\n|\n|t:|1700888334\n|switch|p1a: Toxapex|Toxapex, F|100\/100|[from] Flip Turn\n|\n|upkeep\n|turn|38\n|\n|t:|1700888359\n|switch|p2a: Latias|Latias-Mega, F|94\/100 tox\n|switch|p1a: Alomomola|Alomomola, F|97\/100 tox\n|\n|-damage|p2a: Latias|88\/100 tox|[from] psn\n|-damage|p1a: Alomomola|91\/100 tox|[from] psn\n|upkeep\n|turn|39\n|\n|t:|1700888365\n|move|p2a: Latias|Calm Mind|p2a: Latias\n|-boost|p2a: Latias|spa|1\n|-boost|p2a: Latias|spd|1\n|move|p1a: Alomomola|Flip Turn|p2a: Latias\n|-resisted|p2a: Latias\n|-damage|p2a: Latias|82\/100 tox\n|\n|t:|1700888368\n|switch|p1a: Gliscor|Gliscor, F|84\/100 tox|[from] Flip Turn\n|\n|-damage|p2a: Latias|70\/100 tox|[from] psn\n|-heal|p1a: Gliscor|96\/100 tox|[from] ability: Poison Heal\n|upkeep\n|turn|40\n|\n|t:|1700888382\n|move|p2a: Latias|Psyshock|p1a: Gliscor\n|-damage|p1a: Gliscor|51\/100 tox\n|move|p1a: Gliscor|Defog|p2a: Latias\n|-unboost|p2a: Latias|evasion|1\n|\n|-damage|p2a: Latias|52\/100 tox|[from] psn\n|-heal|p1a: Gliscor|63\/100 tox|[from] ability: Poison Heal\n|upkeep\n|turn|41\n|\n|t:|1700888394\n|switch|p2a: Weavile|Weavile, M, tera:Dark|47\/100\n|-ability|p2a: Weavile|Pressure\n|move|p1a: Gliscor|Roost|p1a: Gliscor\n|-heal|p1a: Gliscor|100\/100 tox\n|-singleturn|p1a: Gliscor|move: Roost\n|\n|upkeep\n|turn|42\n|\n|t:|1700888401\n|switch|p2a: Tangrowth|Tangrowth, M|83\/100 tox\n|switch|p1a: Alomomola|Alomomola, F|100\/100 tox\n|\n|-damage|p1a: Alomomola|94\/100 tox|[from] psn\n|-damage|p2a: Tangrowth|76\/100 tox|[from] psn\n|upkeep\n|turn|43\n|\n|t:|1700888407\n|switch|p1a: Toxapex|Toxapex, F|100\/100\n|move|p2a: Tangrowth|Sleep Powder|p1a: Toxapex\n|-status|p1a: Toxapex|slp|[from] move: Sleep Powder\n|\n|-damage|p2a: Tangrowth|64\/100 tox|[from] psn\n|upkeep\n|turn|44\n|\n|t:|1700888414\n|switch|p2a: Heatran|Heatran, M|88\/100\n|cant|p1a: Toxapex|slp\n|\n|-heal|p2a: Heatran|94\/100|[from] item: Leftovers\n|upkeep\n|turn|45\n|\n|t:|1700888418\n|switch|p1a: Alomomola|Alomomola, F|100\/100 tox\n|move|p2a: Heatran|Magma Storm|p1a: Alomomola\n|-resisted|p1a: Alomomola\n|-damage|p1a: Alomomola|81\/100 tox\n|-activate|p1a: Alomomola|move: Magma Storm|[of] p2a: Heatran\n|\n|-heal|p2a: Heatran|99\/100|[from] item: Leftovers\n|-damage|p1a: Alomomola|75\/100 tox|[from] psn\n|-damage|p1a: Alomomola|62\/100 tox|[from] move: Magma Storm|[partiallytrapped]\n|upkeep\n|turn|46\n|\n|t:|1700888422\n|move|p2a: Heatran|Earth Power|p1a: Alomomola\n|-damage|p1a: Alomomola|39\/100 tox\n|move|p1a: Alomomola|Flip Turn|p2a: Heatran\n|-supereffective|p2a: Heatran\n|-damage|p2a: Heatran|70\/100\n|\n|t:|1700888429\n|switch|p1a: Gliscor|Gliscor, F|100\/100 tox|[from] Flip Turn\n|\n|-heal|p2a: Heatran|77\/100|[from] item: Leftovers\n|upkeep\n|turn|47\n|\n|t:|1700888435\n|switch|p2a: Tangrowth|Tangrowth, M|97\/100 tox\n|move|p1a: Gliscor|Earthquake|p2a: Tangrowth\n|-resisted|p2a: Tangrowth\n|-damage|p2a: Tangrowth|89\/100 tox\n|\n|-damage|p2a: Tangrowth|83\/100 tox|[from] psn\n|upkeep\n|turn|48\n|\n|t:|1700888439\n|switch|p1a: Toxapex|Toxapex, F|100\/100 slp\n|move|p2a: Tangrowth|Giga Drain|p1a: Toxapex\n|-damage|p1a: Toxapex|77\/100 slp\n|-heal|p2a: Tangrowth|92\/100 tox|[from] drain|[of] p1a: Toxapex\n|\n|-damage|p2a: Tangrowth|79\/100 tox|[from] psn\n|upkeep\n|turn|49\n|\n|t:|1700888446\n|move|p2a: Tangrowth|Giga Drain|p1a: Toxapex\n|-damage|p1a: Toxapex|54\/100 slp\n|-heal|p2a: Tangrowth|88\/100 tox|[from] drain|[of] p1a: Toxapex\n|cant|p1a: Toxapex|slp\n|\n|-damage|p2a: Tangrowth|70\/100 tox|[from] psn\n|upkeep\n|turn|50\n|\n|t:|1700888450\n|switch|p2a: Heatran|Heatran, M|77\/100\n|cant|p1a: Toxapex|slp\n|\n|-heal|p2a: Heatran|83\/100|[from] item: Leftovers\n|upkeep\n|turn|51\n|\n|t:|1700888456\n|switch|p1a: Alomomola|Alomomola, F|73\/100 tox\n|move|p2a: Heatran|Magma Storm|p1a: Alomomola\n|-resisted|p1a: Alomomola\n|-damage|p1a: Alomomola|52\/100 tox\n|-activate|p1a: Alomomola|move: Magma Storm|[of] p2a: Heatran\n|\n|-heal|p2a: Heatran|89\/100|[from] item: Leftovers\n|-damage|p1a: Alomomola|46\/100 tox|[from] psn\n|-damage|p1a: Alomomola|33\/100 tox|[from] move: Magma Storm|[partiallytrapped]\n|upkeep\n|turn|52\n|\n|t:|1700888460\n|move|p2a: Heatran|Stealth Rock|p1a: Alomomola\n|-sidestart|p1: Theruffletkid|move: Stealth Rock\n|move|p1a: Alomomola|Flip Turn|p2a: Heatran\n|-supereffective|p2a: Heatran\n|-damage|p2a: Heatran|63\/100\n|\n|t:|1700888462\n|switch|p1a: Gliscor|Gliscor, F|100\/100 tox|[from] Flip Turn\n|-damage|p1a: Gliscor|88\/100 tox|[from] Stealth Rock\n|\n|-heal|p2a: Heatran|69\/100|[from] item: Leftovers\n|-heal|p1a: Gliscor|100\/100 tox|[from] ability: Poison Heal\n|upkeep\n|turn|53\n|\n|t:|1700888468\n|move|p1a: Gliscor|Defog|p2a: Heatran\n|-unboost|p2a: Heatran|evasion|1\n|-sideend|p1: Theruffletkid|Stealth Rock|[from] move: Defog|[of] p1a: Gliscor\n|move|p2a: Heatran|Magma Storm|p1a: Gliscor\n|-damage|p1a: Gliscor|63\/100 tox\n|-activate|p1a: Gliscor|move: Magma Storm|[of] p2a: Heatran\n|\n|-heal|p2a: Heatran|75\/100|[from] item: Leftovers\n|-heal|p1a: Gliscor|75\/100 tox|[from] ability: Poison Heal\n|-damage|p1a: Gliscor|63\/100 tox|[from] move: Magma Storm|[partiallytrapped]\n|upkeep\n|turn|54\n|\n|t:|1700888474\n|switch|p2a: Tangrowth|Tangrowth, M|100\/100 tox\n|move|p1a: Gliscor|Earthquake|p2a: Tangrowth\n|-resisted|p2a: Tangrowth\n|-damage|p2a: Tangrowth|92\/100 tox\n|\n|-heal|p1a: Gliscor|75\/100 tox|[from] ability: Poison Heal\n|-damage|p2a: Tangrowth|86\/100 tox|[from] psn\n|-end|p1a: Gliscor|Magma Storm|[partiallytrapped]|[silent]\n|upkeep\n|turn|55\n|\n|t:|1700888484\n|switch|p1a: Toxapex|Toxapex, F|87\/100 slp\n|move|p2a: Tangrowth|Giga Drain|p1a: Toxapex\n|-damage|p1a: Toxapex|65\/100 slp\n|-heal|p2a: Tangrowth|95\/100 tox|[from] drain|[of] p1a: Toxapex\n|\n|-damage|p2a: Tangrowth|82\/100 tox|[from] psn\n|upkeep\n|turn|56\n|\n|t:|1700888496\n|move|p2a: Tangrowth|Giga Drain|p1a: Toxapex\n|-damage|p1a: Toxapex|43\/100 slp\n|-heal|p2a: Tangrowth|90\/100 tox|[from] drain|[of] p1a: Toxapex\n|-curestatus|p1a: Toxapex|slp|[msg]\n|move|p1a: Toxapex|Scald|p2a: Tangrowth\n|-resisted|p2a: Tangrowth\n|-damage|p2a: Tangrowth|78\/100 tox\n|\n|-damage|p2a: Tangrowth|60\/100 tox|[from] psn\n|upkeep\n|turn|57\n|\n|t:|1700888500\n|switch|p1a: Alomomola|Alomomola, F|67\/100 tox\n|move|p2a: Tangrowth|Giga Drain|p1a: Alomomola\n|-supereffective|p1a: Alomomola\n|-damage|p1a: Alomomola|16\/100 tox\n|-heal|p2a: Tangrowth|89\/100 tox|[from] drain|[of] p1a: Alomomola\n|\n|-damage|p1a: Alomomola|10\/100 tox|[from] psn\n|-damage|p2a: Tangrowth|65\/100 tox|[from] psn\n|upkeep\n|turn|58\n|\n|t:|1700888506\n|switch|p1a: Gliscor|Gliscor, F|75\/100 tox\n|move|p2a: Tangrowth|Giga Drain|p1a: Gliscor\n|-damage|p1a: Gliscor|53\/100 tox\n|-heal|p2a: Tangrowth|74\/100 tox|[from] drain|[of] p1a: Gliscor\n|\n|-heal|p1a: Gliscor|66\/100 tox|[from] ability: Poison Heal\n|-damage|p2a: Tangrowth|43\/100 tox|[from] psn\n|upkeep\n|turn|59\n|\n|t:|1700888512\n|move|p1a: Gliscor|Roost|p1a: Gliscor\n|-heal|p1a: Gliscor|100\/100 tox\n|-singleturn|p1a: Gliscor|move: Roost\n|move|p2a: Tangrowth|Hidden Power|p1a: Gliscor\n|-supereffective|p1a: Gliscor\n|-damage|p1a: Gliscor|76\/100 tox\n|\n|-heal|p1a: Gliscor|89\/100 tox|[from] ability: Poison Heal\n|-damage|p2a: Tangrowth|6\/100 tox|[from] psn\n|upkeep\n|turn|60\n|\n|t:|1700888517\n|switch|p2a: Urshifu|Urshifu-Rapid-Strike, M|80\/100\n|move|p1a: Gliscor|Defog|p2a: Urshifu\n|-unboost|p2a: Urshifu|evasion|1\n|\n|-heal|p1a: Gliscor|100\/100 tox|[from] ability: Poison Heal\n|upkeep\n|turn|61\n|\n|t:|1700888525\n|switch|p1a: Toxapex|Toxapex, F|77\/100\n|move|p2a: Urshifu|Swords Dance|p2a: Urshifu\n|-boost|p2a: Urshifu|atk|2\n|\n|upkeep\n|turn|62\n|\n|t:|1700888535\n|switch|p2a: Heatran|Heatran, M|75\/100\n|move|p1a: Toxapex|Haze|p1a: Toxapex\n|-clearallboost\n|\n|-heal|p2a: Heatran|81\/100|[from] item: Leftovers\n|upkeep\n|turn|63\n|\n|t:|1700888539\n|switch|p1a: Gliscor|Gliscor, F|100\/100 tox\n|move|p2a: Heatran|Magma Storm|p1a: Gliscor|[miss]\n|-miss|p2a: Heatran|p1a: Gliscor\n|\n|-heal|p2a: Heatran|88\/100|[from] item: Leftovers\n|upkeep\n|turn|64\n|\n|t:|1700888543\n|move|p1a: Gliscor|Earthquake|p2a: Heatran\n|-supereffective|p2a: Heatran\n|-crit|p2a: Heatran\n|-damage|p2a: Heatran|0 fnt\n|faint|p2a: Heatran\n|\n|upkeep\n|\n|t:|1700888551\n|switch|p2a: Urshifu|Urshifu-Rapid-Strike, M|80\/100\n|turn|65\n|\n|t:|1700888553\n|switch|p1a: Toxapex|Toxapex, F|100\/100\n|move|p2a: Urshifu|Surging Strikes|p1a: Toxapex\n|-resisted|p1a: Toxapex\n|-crit|p1a: Toxapex\n|-damage|p1a: Toxapex|94\/100\n|-resisted|p1a: Toxapex\n|-crit|p1a: Toxapex\n|-damage|p1a: Toxapex|87\/100\n|-resisted|p1a: Toxapex\n|-crit|p1a: Toxapex\n|-damage|p1a: Toxapex|80\/100\n|-hitcount|p1a: Toxapex|3\n|\n|upkeep\n|turn|66\n|-message|NightEmerald forfeited.\n|\n|win|Theruffletkid\n|raw|Theruffletkid's rating: 1471 &rarr; <strong>1491<\/strong><br \/>(+20 for winning)\n|raw|NightEmerald's rating: 1464 &rarr; <strong>1444<\/strong><br \/>(-20 for losing)\n|l|\u2606NightEmerald\n","uploadtime":1700888566,"views":1,"p1id":"theruffletkid","p2id":"nightemerald","formatid":"gen9nationaldex","rating":1444,"private":0,"password":""}