{"id":"gen9nationaldex-2000194932","p1":"Calebao","p2":"bddjsisksks","format":"[Gen 9] National Dex","log":"|html|<div class=\"broadcast-blue\"><strong>[Gen 9] National Dex is currently suspecting Sneasler! For information on how to participate check out the <a href=\"https:\/\/www.smogon.com\/forums\/threads\/sv-national-dex-suspect-8-just-dance.3731534\/\">suspect thread<\/a>.<\/strong><\/div>\n|j|\u2606Calebao\n|j|\u2606bddjsisksks\n|t:|1701170411\n|gametype|singles\n|player|p1|Calebao|youngster-gen4dp|1076\n|player|p2|bddjsisksks|101|1000\n|teamsize|p1|6\n|teamsize|p2|6\n|gen|9\n|tier|[Gen 9] National Dex\n|rated|\n|rule|HP Percentage Mod: HP is shown in percentages\n|rule|Endless Battle Clause: Forcing endless battles is banned\n|rule|OHKO Clause: OHKO moves are banned\n|rule|Evasion Clause: Evasion abilities, items, and moves are banned\n|rule|Evasion Abilities Clause: Evasion abilities are banned\n|rule|Evasion Items Clause: Evasion items are banned\n|rule|Evasion Moves Clause: Evasion moves are banned\n|rule|Species Clause: Limit one of each Pok\u00e9mon\n|rule|Sleep Clause Mod: Limit one foe put to sleep\n|clearpoke\n|poke|p1|Slaking, M|\n|poke|p1|Chansey, F|\n|poke|p1|Farigiraf, F|\n|poke|p1|Swellow, M|\n|poke|p1|Stoutland, M|\n|poke|p1|Indeedee-F, F|\n|poke|p2|Muk-Alola, F|\n|poke|p2|Alomomola, F|\n|poke|p2|Garchomp, F|\n|poke|p2|Gliscor, M|\n|poke|p2|Great Tusk|\n|poke|p2|Corviknight, F|\n|teampreview\n|\n|t:|1701170419\n|start\n|switch|p1a: Swellow|Swellow, M|100\/100\n|switch|p2a: Muk|Muk-Alola, F|100\/100\n|turn|1\n|inactive|Battle timer is ON: inactive players will automatically lose when time's up. (requested by Calebao)\n|\n|t:|1701170430\n|-terastallize|p1a: Swellow|Steel\n|move|p1a: Swellow|Substitute|p1a: Swellow\n|-start|p1a: Swellow|Substitute\n|-damage|p1a: Swellow|76\/100\n|move|p2a: Muk|Knock Off|p1a: Swellow\n|-end|p1a: Swellow|Substitute\n|\n|-status|p1a: Swellow|brn|[from] item: Flame Orb\n|upkeep\n|turn|2\n|\n|t:|1701170441\n|move|p1a: Swellow|Facade|p2a: Muk\n|-damage|p2a: Muk|21\/100\n|move|p2a: Muk|Knock Off|p1a: Swellow\n|-damage|p1a: Swellow|0 fnt\n|-enditem|p1a: Swellow|Flame Orb|[from] move: Knock Off|[of] p2a: Muk\n|faint|p1a: Swellow\n|\n|upkeep\n|\n|t:|1701170448\n|switch|p1a: Slaking|Slaking, M|100\/100\n|turn|3\n|\n|t:|1701170453\n|switch|p2a: Alomomola|Alomomola, F|100\/100\n|move|p1a: Slaking|Earthquake|p2a: Alomomola\n|-damage|p2a: Alomomola|75\/100\n|\n|upkeep\n|turn|4\n|\n|t:|1701170461\n|switch|p1a: Stoutland|Stoutland, M|100\/100\n|-ability|p1a: Stoutland|Intimidate|boost\n|-unboost|p2a: Alomomola|atk|1\n|move|p2a: Alomomola|Wish|p2a: Alomomola\n|\n|upkeep\n|turn|5\n|\n|t:|1701170474\n|move|p1a: Stoutland|Thunder Wave|p2a: Alomomola\n|-status|p2a: Alomomola|par\n|move|p2a: Alomomola|Flip Turn|p1a: Stoutland\n|-damage|p1a: Stoutland|88\/100\n|\n|t:|1701170477\n|switch|p2a: Muk|Muk-Alola, F|21\/100|[from] Flip Turn\n|\n|-heal|p2a: Muk|79\/100|[from] move: Wish|[wisher] Alomomola\n|-heal|p1a: Stoutland|94\/100|[from] item: Leftovers\n|upkeep\n|turn|6\n|\n|t:|1701170484\n|switch|p2a: Garchomp|Garchomp, F|100\/100\n|move|p1a: Stoutland|Yawn|p2a: Garchomp\n|-start|p2a: Garchomp|move: Yawn|[of] p1a: Stoutland\n|\n|-heal|p1a: Stoutland|99\/100|[from] item: Leftovers\n|upkeep\n|turn|7\n|inactive|Calebao has 120 seconds left.\n|\n|t:|1701170515\n|switch|p2a: Alomomola|Alomomola, F|100\/100 par\n|move|p1a: Stoutland|Return|p2a: Alomomola\n|-damage|p2a: Alomomola|72\/100 par\n|\n|-heal|p1a: Stoutland|100\/100|[from] item: Leftovers\n|upkeep\n|turn|8\n|inactive|Calebao has 120 seconds left.\n|\n|t:|1701170527\n|move|p1a: Stoutland|Yawn||[still]\n|-fail|p1a: Stoutland\n|move|p2a: Alomomola|Flip Turn|p1a: Stoutland\n|-damage|p1a: Stoutland|81\/100\n|\n|t:|1701170532\n|switch|p2a: Gliscor|Gliscor, M|100\/100|[from] Flip Turn\n|\n|-heal|p1a: Stoutland|87\/100|[from] item: Leftovers\n|-status|p2a: Gliscor|tox|[from] item: Toxic Orb\n|upkeep\n|turn|9\n|\n|t:|1701170541\n|move|p1a: Stoutland|Yawn||[still]\n|-fail|p1a: Stoutland\n|move|p2a: Gliscor|Spikes|p1a: Stoutland\n|-sidestart|p1: Calebao|Spikes\n|\n|-heal|p1a: Stoutland|93\/100|[from] item: Leftovers\n|upkeep\n|turn|10\n|inactive|Calebao has 120 seconds left.\n|\n|t:|1701170571\n|move|p1a: Stoutland|Return|p2a: Gliscor\n|-damage|p2a: Gliscor|64\/100 tox\n|move|p2a: Gliscor|Toxic|p1a: Stoutland\n|-status|p1a: Stoutland|tox\n|\n|-heal|p1a: Stoutland|99\/100 tox|[from] item: Leftovers\n|-damage|p1a: Stoutland|93\/100 tox|[from] psn\n|-heal|p2a: Gliscor|76\/100 tox|[from] ability: Poison Heal\n|upkeep\n|turn|11\n|\n|t:|1701170584\n|move|p1a: Stoutland|Return|p2a: Gliscor\n|-damage|p2a: Gliscor|35\/100 tox\n|move|p2a: Gliscor|Roost|p2a: Gliscor\n|-heal|p2a: Gliscor|85\/100 tox\n|-singleturn|p2a: Gliscor|move: Roost\n|\n|-heal|p1a: Stoutland|99\/100 tox|[from] item: Leftovers\n|-damage|p1a: Stoutland|87\/100 tox|[from] psn\n|-heal|p2a: Gliscor|98\/100 tox|[from] ability: Poison Heal\n|upkeep\n|turn|12\n|inactive|Calebao has 90 seconds left.\n|inactive|Calebao has 60 seconds left.\n|\n|t:|1701170646\n|switch|p1a: Indeedee|Indeedee-F, F|100\/100\n|-damage|p1a: Indeedee|88\/100|[from] Spikes\n|-fieldstart|move: Psychic Terrain|[from] ability: Psychic Surge|[of] p1a: Indeedee\n|move|p2a: Gliscor|Toxic|p1a: Indeedee\n|-status|p1a: Indeedee|tox\n|\n|-heal|p1a: Indeedee|94\/100 tox|[from] item: Leftovers\n|-heal|p2a: Gliscor|100\/100 tox|[from] ability: Poison Heal\n|-damage|p1a: Indeedee|88\/100 tox|[from] psn\n|upkeep\n|turn|13\n|inactive|Calebao has 60 seconds left.\n|\n|t:|1701170660\n|switch|p2a: Muk|Muk-Alola, F|79\/100\n|move|p1a: Indeedee|Reflect|p1a: Indeedee\n|-sidestart|p1: Calebao|Reflect\n|\n|-heal|p1a: Indeedee|94\/100 tox|[from] item: Leftovers\n|-damage|p1a: Indeedee|82\/100 tox|[from] psn\n|upkeep\n|turn|14\n|inactive|Calebao has 60 seconds left.\n|\n|t:|1701170682\n|move|p1a: Indeedee|Light Screen|p1a: Indeedee\n|-sidestart|p1: Calebao|move: Light Screen\n|move|p2a: Muk|Knock Off|p1a: Indeedee\n|-supereffective|p1a: Indeedee\n|-damage|p1a: Indeedee|0 fnt\n|-enditem|p1a: Indeedee|Leftovers|[from] move: Knock Off|[of] p2a: Muk\n|faint|p1a: Indeedee\n|\n|upkeep\n|\n|t:|1701170688\n|switch|p1a: Slaking|Slaking, M|100\/100\n|-damage|p1a: Slaking|88\/100|[from] Spikes\n|turn|15\n|\n|t:|1701170695\n|switch|p2a: Alomomola|Alomomola, F|100\/100 par\n|move|p1a: Slaking|Earthquake|p2a: Alomomola\n|-damage|p2a: Alomomola|72\/100 par\n|\n|upkeep\n|turn|16\n|inactive|Calebao has 60 seconds left.\n|\n|t:|1701170702\n|switch|p1a: Chansey|Chansey, F|100\/100\n|-damage|p1a: Chansey|88\/100|[from] Spikes\n|move|p2a: Alomomola|Toxic|p1a: Chansey\n|-status|p1a: Chansey|tox\n|\n|-damage|p1a: Chansey|82\/100 tox|[from] psn\n|-fieldend|move: Psychic Terrain\n|upkeep\n|turn|17\n|\n|t:|1701170710\n|move|p1a: Chansey|Aromatherapy|p1a: Chansey\n|-activate|p1a: Chansey|move: Aromatherapy\n|-curestatus|p1a: Chansey|tox|[msg]\n|-curestatus|p1: Stoutland|tox|[msg]\n|move|p2a: Alomomola|Flip Turn|p1a: Chansey\n|-damage|p1a: Chansey|68\/100\n|\n|t:|1701170717\n|switch|p2a: Muk|Muk-Alola, F|79\/100|[from] Flip Turn\n|\n|-sideend|p1: Calebao|Reflect\n|upkeep\n|turn|18\n|\n|t:|1701170723\n|move|p2a: Muk|Knock Off|p1a: Chansey\n|-damage|p1a: Chansey|0 fnt\n|-enditem|p1a: Chansey|Eviolite|[from] move: Knock Off|[of] p2a: Muk\n|faint|p1a: Chansey\n|\n|-sideend|p1: Calebao|move: Light Screen\n|upkeep\n|\n|t:|1701170727\n|switch|p1a: Slaking|Slaking, M|88\/100\n|-damage|p1a: Slaking|76\/100|[from] Spikes\n|turn|19\n|\n|t:|1701170733\n|switch|p2a: Gliscor|Gliscor, M|100\/100 tox\n|move|p1a: Slaking|Wild Charge|p2a: Gliscor\n|-immune|p2a: Gliscor\n|\n|upkeep\n|turn|20\n|\n|t:|1701170740\n|switch|p1a: Stoutland|Stoutland, M|87\/100\n|-damage|p1a: Stoutland|75\/100|[from] Spikes\n|-ability|p1a: Stoutland|Intimidate|boost\n|-unboost|p2a: Gliscor|atk|1\n|move|p2a: Gliscor|Toxic|p1a: Stoutland\n|-status|p1a: Stoutland|tox\n|\n|-heal|p1a: Stoutland|81\/100 tox|[from] item: Leftovers\n|-damage|p1a: Stoutland|75\/100 tox|[from] psn\n|upkeep\n|turn|21\n|\n|t:|1701170749\n|move|p1a: Stoutland|Return|p2a: Gliscor\n|-damage|p2a: Gliscor|61\/100 tox\n|move|p2a: Gliscor|Spikes|p1a: Stoutland\n|-sidestart|p1: Calebao|Spikes\n|\n|-heal|p1a: Stoutland|81\/100 tox|[from] item: Leftovers\n|-damage|p1a: Stoutland|69\/100 tox|[from] psn\n|-heal|p2a: Gliscor|73\/100 tox|[from] ability: Poison Heal\n|upkeep\n|turn|22\n|\n|t:|1701170755\n|move|p1a: Stoutland|Return|p2a: Gliscor\n|-damage|p2a: Gliscor|33\/100 tox\n|move|p2a: Gliscor|Roost|p2a: Gliscor\n|-heal|p2a: Gliscor|83\/100 tox\n|-singleturn|p2a: Gliscor|move: Roost\n|\n|-heal|p1a: Stoutland|75\/100 tox|[from] item: Leftovers\n|-damage|p1a: Stoutland|56\/100 tox|[from] psn\n|-heal|p2a: Gliscor|95\/100 tox|[from] ability: Poison Heal\n|upkeep\n|turn|23\n|\n|t:|1701170762\n|move|p1a: Stoutland|Return|p2a: Gliscor\n|-damage|p2a: Gliscor|59\/100 tox\n|move|p2a: Gliscor|Spikes|p1a: Stoutland\n|-sidestart|p1: Calebao|Spikes\n|\n|-heal|p1a: Stoutland|63\/100 tox|[from] item: Leftovers\n|-damage|p1a: Stoutland|38\/100 tox|[from] psn\n|-heal|p2a: Gliscor|71\/100 tox|[from] ability: Poison Heal\n|upkeep\n|turn|24\n|\n|t:|1701170767\n|move|p1a: Stoutland|Return|p2a: Gliscor\n|-damage|p2a: Gliscor|34\/100 tox\n|move|p2a: Gliscor|Roost|p2a: Gliscor\n|-heal|p2a: Gliscor|84\/100 tox\n|-singleturn|p2a: Gliscor|move: Roost\n|\n|-heal|p1a: Stoutland|44\/100 tox|[from] item: Leftovers\n|-damage|p1a: Stoutland|14\/100 tox|[from] psn\n|-heal|p2a: Gliscor|96\/100 tox|[from] ability: Poison Heal\n|upkeep\n|turn|25\n|inactive|Calebao has 120 seconds left.\n|\n|t:|1701170777\n|move|p1a: Stoutland|Superpower|p2a: Gliscor\n|-resisted|p2a: Gliscor\n|-damage|p2a: Gliscor|81\/100 tox\n|-unboost|p1a: Stoutland|atk|1\n|-unboost|p1a: Stoutland|def|1\n|move|p2a: Gliscor|Roost|p2a: Gliscor\n|-heal|p2a: Gliscor|100\/100 tox\n|-singleturn|p2a: Gliscor|move: Roost\n|\n|-heal|p1a: Stoutland|20\/100 tox|[from] item: Leftovers\n|-damage|p1a: Stoutland|0 fnt|[from] psn\n|faint|p1a: Stoutland\n|upkeep\n|inactive|Calebao has 120 seconds left.\n|\n|t:|1701170782\n|switch|p1a: Farigiraf|Farigiraf, F|100\/100\n|-damage|p1a: Farigiraf|75\/100|[from] Spikes\n|turn|26\n|\n|t:|1701170789\n|move|p1a: Farigiraf|Trick|p2a: Gliscor\n|-activate|p1a: Farigiraf|move: Trick|[of] p2a: Gliscor\n|-item|p2a: Gliscor|Choice Scarf|[from] move: Trick\n|-item|p1a: Farigiraf|Toxic Orb|[from] move: Trick\n|move|p2a: Gliscor|Toxic|p1a: Farigiraf\n|-status|p1a: Farigiraf|tox\n|\n|-damage|p1a: Farigiraf|69\/100 tox|[from] psn\n|upkeep\n|turn|27\n|inactive|Calebao has 120 seconds left.\n|\n|t:|1701170812\n|move|p2a: Gliscor|Toxic|p1a: Farigiraf\n|-fail|p1a: Farigiraf|tox\n|move|p1a: Farigiraf|Calm Mind|p1a: Farigiraf\n|-boost|p1a: Farigiraf|spa|1\n|-boost|p1a: Farigiraf|spd|1\n|\n|-damage|p1a: Farigiraf|57\/100 tox|[from] psn\n|upkeep\n|turn|28\n|inactive|Calebao has 120 seconds left.\n|\n|t:|1701170821\n|switch|p2a: Muk|Muk-Alola, F|79\/100\n|move|p1a: Farigiraf|Calm Mind|p1a: Farigiraf\n|-boost|p1a: Farigiraf|spa|1\n|-boost|p1a: Farigiraf|spd|1\n|\n|-damage|p1a: Farigiraf|39\/100 tox|[from] psn\n|upkeep\n|turn|29\n|\n|t:|1701170842\n|move|p1a: Farigiraf|Signal Beam|p2a: Muk\n|-damage|p2a: Muk|52\/100\n|move|p2a: Muk|Knock Off|p1a: Farigiraf\n|-supereffective|p1a: Farigiraf\n|-damage|p1a: Farigiraf|0 fnt\n|-enditem|p1a: Farigiraf|Toxic Orb|[from] move: Knock Off|[of] p2a: Muk\n|faint|p1a: Farigiraf\n|\n|upkeep\n|l|\u2606Calebao\n|inactive|Calebao disconnected and has a minute to reconnect!\n|player|p1|\n|inactive|Calebao has 30 seconds to reconnect!\n|inactive|Calebao has 20 seconds to reconnect!\n|inactive|Calebao has 15 seconds to reconnect!\n|inactive|Calebao has 10 seconds to reconnect!\n|inactive|Calebao has 5 seconds to reconnect!\n|-message|Calebao lost due to inactivity.\n|\n|win|bddjsisksks\n|raw|Calebao's rating: 1076 &rarr; <strong>1050<\/strong><br \/>(-26 for losing)\n|raw|bddjsisksks's rating: 1000 &rarr; <strong>1049<\/strong><br \/>(+49 for winning)\n","uploadtime":1701170914,"views":21,"p1id":"calebao","p2id":"bddjsisksks","formatid":"gen9nationaldex","rating":1049,"private":0,"password":""}