{"id":"gen9nationaldex-1991590800","p1":"spylent6","p2":"thinno","format":"[Gen 9] National Dex","log":"|j|\u2606spylent6\n|j|\u2606thinno\n|t:|1700091732\n|gametype|singles\n|player|p1|spylent6|palmer|1154\n|player|p2|thinno|bugcatcher-gen4dp|1177\n|teamsize|p1|6\n|teamsize|p2|6\n|gen|9\n|tier|[Gen 9] National Dex\n|rated|\n|rule|HP Percentage Mod: HP is shown in percentages\n|rule|Endless Battle Clause: Forcing endless battles is banned\n|rule|OHKO Clause: OHKO moves are banned\n|rule|Evasion Clause: Evasion abilities, items, and moves are banned\n|rule|Evasion Abilities Clause: Evasion abilities are banned\n|rule|Evasion Items Clause: Evasion items are banned\n|rule|Evasion Moves Clause: Evasion moves are banned\n|rule|Species Clause: Limit one of each Pok\u00e9mon\n|rule|Sleep Clause Mod: Limit one foe put to sleep\n|clearpoke\n|poke|p1|Hatterene, F|\n|poke|p1|Porygon2|\n|poke|p1|Mawile, M|\n|poke|p1|Crawdaunt, F|\n|poke|p1|Cresselia, F|\n|poke|p1|Stakataka|\n|poke|p2|Gengar, F|\n|poke|p2|Talonflame, F|\n|poke|p2|Metagross|\n|poke|p2|Greninja-*, F|\n|poke|p2|Aerodactyl, F|\n|poke|p2|Araquanid, F|\n|teampreview\n|inactive|Battle timer is ON: inactive players will automatically lose when time's up. (requested by spylent6)\n|\n|t:|1700091745\n|start\n|switch|p1a: Stakataka|Stakataka|100\/100\n|switch|p2a: Metagross|Metagross|100\/100\n|turn|1\n|\n|t:|1700091753\n|-terastallize|p1a: Stakataka|Flying\n|move|p2a: Metagross|Earthquake|p1a: Stakataka\n|-immune|p1a: Stakataka\n|move|p1a: Stakataka|Trick Room|p1a: Stakataka\n|-fieldstart|move: Trick Room|[of] p1a: Stakataka\n|\n|upkeep\n|turn|2\n|\n|t:|1700091758\n|move|p1a: Stakataka|Earthquake|p2a: Metagross\n|-supereffective|p2a: Metagross\n|-damage|p2a: Metagross|41\/100\n|move|p2a: Metagross|Meteor Mash|p1a: Stakataka\n|-damage|p1a: Stakataka|57\/100\n|\n|-heal|p2a: Metagross|47\/100|[from] item: Leftovers\n|upkeep\n|turn|3\n|\n|t:|1700091769\n|move|p1a: Stakataka|Earthquake|p2a: Metagross\n|-supereffective|p2a: Metagross\n|-damage|p2a: Metagross|0 fnt\n|faint|p2a: Metagross\n|-ability|p1a: Stakataka|Beast Boost|boost\n|-boost|p1a: Stakataka|atk|1\n|\n|upkeep\n|\n|t:|1700091777\n|switch|p2a: Araquanid|Araquanid, F|100\/100\n|turn|4\n|\n|t:|1700091780\n|move|p1a: Stakataka|Rock Blast|p2a: Araquanid\n|-supereffective|p2a: Araquanid\n|-damage|p2a: Araquanid|55\/100\n|-supereffective|p2a: Araquanid\n|-damage|p2a: Araquanid|12\/100\n|-supereffective|p2a: Araquanid\n|-damage|p2a: Araquanid|0 fnt\n|faint|p2a: Araquanid\n|-ability|p1a: Stakataka|Beast Boost|boost\n|-boost|p1a: Stakataka|atk|1\n|-hitcount|p2: Araquanid|3\n|\n|upkeep\n|\n|t:|1700091791\n|switch|p2a: Greninja|Greninja, F|100\/100\n|turn|5\n|\n|t:|1700091800\n|move|p2a: Greninja|Water Shuriken|p1a: Stakataka\n|-start|p2a: Greninja|typechange|Water|[from] ability: Protean\n|-damage|p1a: Stakataka|47\/100\n|-damage|p1a: Stakataka|39\/100\n|-damage|p1a: Stakataka|29\/100\n|-hitcount|p1a: Stakataka|3\n|-damage|p2a: Greninja|91\/100|[from] item: Life Orb\n|move|p1a: Stakataka|Rock Blast|p2a: Greninja\n|-damage|p2a: Greninja|42\/100\n|-damage|p2a: Greninja|0 fnt\n|faint|p2a: Greninja\n|-ability|p1a: Stakataka|Beast Boost|boost\n|-boost|p1a: Stakataka|atk|1\n|-hitcount|p2: Greninja|2\n|\n|-fieldend|move: Trick Room\n|upkeep\n|\n|t:|1700091812\n|switch|p2a: Talonflame|Talonflame, F|100\/100\n|turn|6\n|\n|t:|1700091818\n|switch|p1a: Cresselia|Cresselia, F|100\/100\n|move|p2a: Talonflame|Air Slash|p1a: Cresselia\n|-damage|p1a: Cresselia|82\/100\n|\n|upkeep\n|turn|7\n|\n|t:|1700091825\n|switch|p2a: Gengar|Gengar, F|100\/100\n|move|p1a: Cresselia|Trick Room|p1a: Cresselia\n|-fieldstart|move: Trick Room|[of] p1a: Cresselia\n|\n|upkeep\n|turn|8\n|\n|t:|1700091829\n|move|p1a: Cresselia|Moonblast|p2a: Gengar\n|-resisted|p2a: Gengar\n|-damage|p2a: Gengar|86\/100\n|-start|p1a: Cresselia|Disable|Moonblast|[from] ability: Cursed Body|[of] p2a: Gengar\n|-enditem|p1a: Cresselia|Mental Herb\n|-end|p1a: Cresselia|Disable\n|move|p2a: Gengar|Shadow Ball|p1a: Cresselia\n|-supereffective|p1a: Cresselia\n|-damage|p1a: Cresselia|8\/100\n|-unboost|p1a: Cresselia|spd|1\n|-damage|p2a: Gengar|76\/100|[from] item: Life Orb\n|\n|upkeep\n|turn|9\n|\n|t:|1700091835\n|move|p1a: Cresselia|Lunar Dance|p1a: Cresselia\n|faint|p1a: Cresselia\n|move|p2a: Gengar|Shadow Ball|p1: Cresselia|[notarget]\n|-fail|p2a: Gengar\n|\n|upkeep\n|\n|t:|1700091838\n|switch|p1a: Stakataka|Stakataka, tera:Flying|29\/100\n|-heal|p1a: Stakataka|100\/100|[from] move: Lunar Dance\n|turn|10\n|\n|t:|1700091848\n|move|p1a: Stakataka|Rock Blast|p2a: Gengar\n|-damage|p2a: Gengar|47\/100\n|-damage|p2a: Gengar|19\/100\n|-damage|p2a: Gengar|0 fnt\n|faint|p2a: Gengar\n|-ability|p1a: Stakataka|Beast Boost|boost\n|-boost|p1a: Stakataka|atk|1\n|-hitcount|p2: Gengar|3\n|\n|upkeep\n|\n|t:|1700091854\n|switch|p2a: Talonflame|Talonflame, F|100\/100\n|turn|11\n|\n|t:|1700091862\n|move|p2a: Talonflame|Tailwind|p2a: Talonflame\n|-sidestart|p2: thinno|move: Tailwind\n|move|p1a: Stakataka|Rock Blast|p2a: Talonflame\n|-supereffective|p2a: Talonflame\n|-damage|p2a: Talonflame|0 fnt\n|faint|p2a: Talonflame\n|-ability|p1a: Stakataka|Beast Boost|boost\n|-boost|p1a: Stakataka|atk|1\n|-hitcount|p2: Talonflame|1\n|\n|-fieldend|move: Trick Room\n|upkeep\n|\n|t:|1700091867\n|switch|p2a: Aerodactyl|Aerodactyl, F|100\/100\n|turn|12\n|\n|t:|1700091889\n|switch|p1a: Mawile|Mawile, M|100\/100\n|-ability|p1a: Mawile|Intimidate|boost\n|-unboost|p2a: Aerodactyl|atk|1\n|move|p2a: Aerodactyl|Substitute|p2a: Aerodactyl\n|-start|p2a: Aerodactyl|Substitute\n|-damage|p2a: Aerodactyl|76\/100\n|\n|-heal|p2a: Aerodactyl|82\/100|[from] item: Leftovers\n|upkeep\n|turn|13\n|\n|t:|1700091894\n|detailschange|p1a: Mawile|Mawile-Mega, M\n|-mega|p1a: Mawile|Mawile|Mawilite\n|move|p2a: Aerodactyl|Dragon Dance|p2a: Aerodactyl\n|-boost|p2a: Aerodactyl|atk|1\n|-boost|p2a: Aerodactyl|spe|1\n|move|p1a: Mawile|Iron Head|p2a: Aerodactyl\n|-supereffective|p2a: Aerodactyl\n|-end|p2a: Aerodactyl|Substitute\n|\n|-heal|p2a: Aerodactyl|88\/100|[from] item: Leftovers\n|upkeep\n|turn|14\n|\n|t:|1700091903\n|-terastallize|p2a: Aerodactyl|Ground\n|move|p2a: Aerodactyl|Dragon Dance|p2a: Aerodactyl\n|-boost|p2a: Aerodactyl|atk|1\n|-boost|p2a: Aerodactyl|spe|1\n|move|p1a: Mawile|Iron Head|p2a: Aerodactyl\n|-damage|p2a: Aerodactyl|0 fnt\n|faint|p2a: Aerodactyl\n|\n|win|spylent6\n|raw|spylent6's rating: 1154 &rarr; <strong>1181<\/strong><br \/>(+27 for winning)\n|raw|thinno's rating: 1177 &rarr; <strong>1150<\/strong><br \/>(-27 for losing)\n","uploadtime":1700091912,"views":13,"p1id":"spylent6","p2id":"thinno","formatid":"gen9nationaldex","rating":1150,"private":0,"password":""}