{"id":"gen9nationaldex-1993057125","p1":"Aesiro13","p2":"Ineros","format":"[Gen 9] National Dex","log":"|j|\u2606Aesiro13\n|j|\u2606Ineros\n|inactive|Battle timer is ON: inactive players will automatically lose when time's up.\n|t:|1700259972\n|gametype|singles\n|player|p1|Aesiro13|giacomo|\n|player|p2|Ineros|dawn|\n|teamsize|p1|6\n|teamsize|p2|6\n|gen|9\n|tier|[Gen 9] National Dex\n|rated|Tournament battle\n|rule|HP Percentage Mod: HP is shown in percentages\n|rule|Endless Battle Clause: Forcing endless battles is banned\n|rule|OHKO Clause: OHKO moves are banned\n|rule|Evasion Clause: Evasion abilities, items, and moves are banned\n|rule|Evasion Abilities Clause: Evasion abilities are banned\n|rule|Evasion Items Clause: Evasion items are banned\n|rule|Evasion Moves Clause: Evasion moves are banned\n|rule|Species Clause: Limit one of each Pok\u00e9mon\n|rule|Sleep Clause Mod: Limit one foe put to sleep\n|clearpoke\n|poke|p1|Sneasler, M|\n|poke|p1|Samurott-Hisui, M|\n|poke|p1|Glimmora, M|\n|poke|p1|Iron Valiant|\n|poke|p1|Corviknight, M|\n|poke|p1|Volcarona, F|\n|poke|p2|Keldeo-Resolute|\n|poke|p2|Ferrothorn, M|\n|poke|p2|Zapdos|\n|poke|p2|Gliscor, F|\n|poke|p2|Tapu Lele|\n|poke|p2|Heatran, F|\n|teampreview\n|inactive|Ineros also wants the timer to be on.\n|j| sweedish man\n|l| sweedish man\n|l|\u2606Ineros\n|inactive|Ineros disconnected and has a minute to reconnect!\n|player|p2|\n|c|\u2606Aesiro13|oh no\n|j|\u2606Ineros\n|inactive|Ineros reconnected and has 130 seconds left.\n|player|p2|Ineros|dawn\n|c|\u2606Ineros|Glhf\n|inactive|Aesiro13 has 120 seconds left.\n|inactive|Ineros has 120 seconds left.\n|c|\u2606Ineros|what\n|c|\u2606Aesiro13|you too\n|c|\u2606Aesiro13|you diconnected\n|c|\u2606Ineros|Srry\n|c|\u2606Aesiro13|i was afraid you wouldn't connect in time\n|inactive|Aesiro13 has 90 seconds left.\n|\n|t:|1700260051\n|start\n|switch|p1a: Iron Valiant|Iron Valiant, shiny|100\/100\n|switch|p2a: Keldeo|Keldeo-Resolute|100\/100\n|turn|1\n|\n|t:|1700260070\n|switch|p2a: Zapdos|Zapdos|100\/100\n|move|p1a: Iron Valiant|Moonblast|p2a: Zapdos\n|-damage|p2a: Zapdos|21\/100\n|\n|upkeep\n|turn|2\n|\n|t:|1700260076\n|switch|p2a: Heatran|Heatran, F|100\/100\n|move|p1a: Iron Valiant|Moonblast|p2a: Heatran\n|-resisted|p2a: Heatran\n|-damage|p2a: Heatran|90\/100\n|-unboost|p2a: Heatran|spa|1\n|\n|-heal|p2a: Heatran|97\/100|[from] item: Leftovers\n|upkeep\n|turn|3\n|\n|t:|1700260081\n|-end|p1a: Iron Valiant|Quark Drive|[silent]\n|switch|p1a: Samurott|Samurott-Hisui, M, shiny|100\/100\n|move|p2a: Heatran|Toxic|p1a: Samurott\n|-status|p1a: Samurott|tox\n|\n|-heal|p2a: Heatran|100\/100|[from] item: Leftovers\n|-damage|p1a: Samurott|94\/100 tox|[from] psn\n|upkeep\n|turn|4\n|\n|t:|1700260089\n|switch|p2a: Keldeo|Keldeo-Resolute|100\/100\n|move|p1a: Samurott|Flip Turn|p2a: Keldeo\n|-resisted|p2a: Keldeo\n|-damage|p2a: Keldeo|86\/100\n|\n|t:|1700260093\n|switch|p1a: Volcarona|Volcarona, F, shiny|100\/100|[from] Flip Turn\n|\n|-heal|p2a: Keldeo|92\/100|[from] item: Leftovers\n|upkeep\n|turn|5\n|\n|t:|1700260100\n|switch|p2a: Heatran|Heatran, F|100\/100\n|-terastallize|p1a: Volcarona|Grass\n|move|p1a: Volcarona|Quiver Dance|p1a: Volcarona\n|-boost|p1a: Volcarona|spa|1\n|-boost|p1a: Volcarona|spd|1\n|-boost|p1a: Volcarona|spe|1\n|\n|upkeep\n|turn|6\n|c|\u2606Aesiro13|dangit\n|c|\u2606Aesiro13|you baited my bait\n|\n|t:|1700260124\n|switch|p1a: Samurott|Samurott-Hisui, M, shiny|94\/100 tox\n|move|p2a: Heatran|Earth Power|p1a: Samurott\n|-damage|p1a: Samurott|56\/100 tox\n|\n|-damage|p1a: Samurott|50\/100 tox|[from] psn\n|upkeep\n|turn|7\n|\n|t:|1700260133\n|switch|p2a: Ferrothorn|Ferrothorn, M|100\/100\n|move|p1a: Samurott|Sacred Sword|p2a: Ferrothorn\n|-supereffective|p2a: Ferrothorn\n|-damage|p2a: Ferrothorn|50\/100\n|-damage|p1a: Samurott|38\/100 tox|[from] ability: Iron Barbs|[of] p2a: Ferrothorn\n|\n|-heal|p2a: Ferrothorn|56\/100|[from] item: Leftovers\n|-damage|p1a: Samurott|25\/100 tox|[from] psn\n|upkeep\n|turn|8\n|\n|t:|1700260141\n|switch|p2a: Tapu Lele|Tapu Lele|100\/100\n|-fieldstart|move: Psychic Terrain|[from] ability: Psychic Surge|[of] p2a: Tapu Lele\n|move|p1a: Samurott|Sacred Sword|p2a: Tapu Lele\n|-resisted|p2a: Tapu Lele\n|-damage|p2a: Tapu Lele|85\/100\n|\n|-damage|p1a: Samurott|6\/100 tox|[from] psn\n|upkeep\n|turn|9\n|\n|t:|1700260149\n|move|p2a: Tapu Lele|Hidden Power|p1a: Samurott\n|-resisted|p1a: Samurott\n|-damage|p1a: Samurott|0 fnt\n|faint|p1a: Samurott\n|\n|upkeep\n|\n|t:|1700260164\n|switch|p1a: Iron Valiant|Iron Valiant, shiny|100\/100\n|turn|10\n|j| Potatofromsinnoh\n|\n|t:|1700260171\n|switch|p2a: Heatran|Heatran, F|100\/100\n|move|p1a: Iron Valiant|Shadow Ball|p2a: Heatran\n|-damage|p2a: Heatran|76\/100\n|-unboost|p2a: Heatran|spd|1\n|\n|-heal|p2a: Heatran|82\/100|[from] item: Leftovers\n|upkeep\n|turn|11\n|\n|t:|1700260180\n|move|p1a: Iron Valiant|Shadow Ball|p2a: Heatran\n|-damage|p2a: Heatran|47\/100\n|move|p2a: Heatran|Earth Power|p1a: Iron Valiant\n|-damage|p1a: Iron Valiant|56\/100\n|\n|-heal|p2a: Heatran|53\/100|[from] item: Leftovers\n|upkeep\n|turn|12\n|c| Potatofromsinnoh|idc which one of you wens\n|c| Potatofromsinnoh|wins\n|c| Potatofromsinnoh|have fun\n|\n|t:|1700260191\n|-end|p1a: Iron Valiant|Quark Drive|[silent]\n|switch|p1a: Volcarona|Volcarona, F, shiny, tera:Grass|100\/100\n|move|p2a: Heatran|Magma Storm|p1a: Volcarona|[miss]\n|-miss|p2a: Heatran|p1a: Volcarona\n|\n|-heal|p2a: Heatran|59\/100|[from] item: Leftovers\n|-fieldend|move: Psychic Terrain\n|upkeep\n|turn|13\n|c| Potatofromsinnoh|kill each other'\n|\n|t:|1700260202\n|move|p1a: Volcarona|Bug Buzz|p2a: Heatran\n|-resisted|p2a: Heatran\n|-damage|p2a: Heatran|47\/100\n|move|p2a: Heatran|Magma Storm|p1a: Volcarona|[miss]\n|-miss|p2a: Heatran|p1a: Volcarona\n|\n|-heal|p2a: Heatran|54\/100|[from] item: Leftovers\n|upkeep\n|turn|14\n|\n|t:|1700260206\n|move|p1a: Volcarona|Quiver Dance|p1a: Volcarona\n|-boost|p1a: Volcarona|spa|1\n|-boost|p1a: Volcarona|spd|1\n|-boost|p1a: Volcarona|spe|1\n|move|p2a: Heatran|Magma Storm|p1a: Volcarona\n|-supereffective|p1a: Volcarona\n|-damage|p1a: Volcarona|40\/100\n|-activate|p1a: Volcarona|move: Magma Storm|[of] p2a: Heatran\n|\n|-heal|p2a: Heatran|60\/100|[from] item: Leftovers\n|-damage|p1a: Volcarona|28\/100|[from] move: Magma Storm|[partiallytrapped]\n|upkeep\n|turn|15\n|\n|t:|1700260215\n|move|p1a: Volcarona|Bug Buzz|p2a: Heatran\n|-resisted|p2a: Heatran\n|-damage|p2a: Heatran|41\/100\n|-unboost|p2a: Heatran|spd|1\n|move|p2a: Heatran|Magma Storm|p1a: Volcarona\n|-supereffective|p1a: Volcarona\n|-damage|p1a: Volcarona|0 fnt\n|faint|p1a: Volcarona\n|\n|-heal|p2a: Heatran|47\/100|[from] item: Leftovers\n|upkeep\n|\n|t:|1700260222\n|switch|p1a: Iron Valiant|Iron Valiant, shiny|56\/100\n|turn|16\n|\n|t:|1700260235\n|switch|p2a: Gliscor|Gliscor, F|100\/100\n|move|p1a: Iron Valiant|Shadow Ball|p2a: Gliscor\n|-damage|p2a: Gliscor|61\/100\n|-unboost|p2a: Gliscor|spd|1\n|\n|-status|p2a: Gliscor|tox|[from] item: Toxic Orb\n|upkeep\n|turn|17\n|\n|t:|1700260245\n|-end|p1a: Iron Valiant|Quark Drive|[silent]\n|switch|p1a: Mine Shining|Corviknight, M, shiny|100\/100\n|move|p2a: Gliscor|Knock Off|p1a: Mine Shining\n|-damage|p1a: Mine Shining|85\/100\n|-enditem|p1a: Mine Shining|Leftovers|[from] move: Knock Off|[of] p2a: Gliscor\n|\n|-heal|p2a: Gliscor|74\/100 tox|[from] ability: Poison Heal\n|upkeep\n|turn|18\n|\n|t:|1700260255\n|switch|p2a: Zapdos|Zapdos|21\/100\n|move|p1a: Mine Shining|U-turn|p2a: Zapdos\n|-resisted|p2a: Zapdos\n|-damage|p2a: Zapdos|12\/100\n|-status|p1a: Mine Shining|par|[from] ability: Static|[of] p2a: Zapdos\n|\n|t:|1700260260\n|switch|p1a: Glimmora|Glimmora, M|100\/100|[from] U-turn\n|\n|upkeep\n|turn|19\n|\n|t:|1700260265\n|move|p2a: Zapdos|Volt Switch|p1a: Glimmora\n|-damage|p1a: Glimmora|65\/100\n|\n|t:|1700260271\n|switch|p2a: Keldeo|Keldeo-Resolute|92\/100|[from] Volt Switch\n|move|p1a: Glimmora|Stealth Rock|p2a: Keldeo\n|-sidestart|p2: Ineros|move: Stealth Rock\n|\n|-heal|p2a: Keldeo|98\/100|[from] item: Leftovers\n|-heal|p1a: Glimmora|71\/100|[from] item: Leftovers\n|upkeep\n|turn|20\n|\n|t:|1700260284\n|switch|p1a: discombobulate|Sneasler, M, shiny|100\/100\n|move|p2a: Keldeo|Substitute|p2a: Keldeo\n|-start|p2a: Keldeo|Substitute\n|-damage|p2a: Keldeo|73\/100\n|\n|-heal|p2a: Keldeo|79\/100|[from] item: Leftovers\n|upkeep\n|turn|21\n|\n|t:|1700260293\n|switch|p1a: Mine Shining|Corviknight, M, shiny|85\/100 par\n|move|p2a: Keldeo|Scald|p1a: Mine Shining\n|-damage|p1a: Mine Shining|43\/100 par\n|\n|-heal|p2a: Keldeo|86\/100|[from] item: Leftovers\n|upkeep\n|turn|22\n|j| sweedish man\n|\n|t:|1700260308\n|move|p2a: Keldeo|Secret Sword|p1a: Mine Shining\n|-damage|p1a: Mine Shining|16\/100 par\n|cant|p1a: Mine Shining|par\n|\n|-heal|p2a: Keldeo|92\/100|[from] item: Leftovers\n|upkeep\n|turn|23\n|\n|t:|1700260318\n|switch|p1a: Iron Valiant|Iron Valiant, shiny|56\/100\n|move|p2a: Keldeo|Scald|p1a: Iron Valiant\n|-damage|p1a: Iron Valiant|0 fnt\n|faint|p1a: Iron Valiant\n|-end|p1a: Iron Valiant|Quark Drive|[silent]\n|\n|-heal|p2a: Keldeo|98\/100|[from] item: Leftovers\n|upkeep\n|c| Potatofromsinnoh|calm mind 15 times\n|c|\u2606Aesiro13|oh god i am panicking\n|\n|t:|1700260342\n|switch|p1a: discombobulate|Sneasler, M, shiny|100\/100\n|turn|24\n|\n|t:|1700260351\n|move|p1a: discombobulate|Fake Out|p2a: Keldeo\n|-enditem|p1a: discombobulate|Normal Gem|[from] gem\n|-activate|p2a: Keldeo|move: Substitute|[damage]\n|move|p2a: Keldeo|Scald|p1a: discombobulate\n|-damage|p1a: discombobulate|45\/100\n|\n|-heal|p2a: Keldeo|100\/100|[from] item: Leftovers\n|upkeep\n|turn|25\n|\n|t:|1700260359\n|move|p1a: discombobulate|Acrobatics|p2a: Keldeo\n|-supereffective|p2a: Keldeo\n|-end|p2a: Keldeo|Substitute\n|move|p2a: Keldeo|Scald|p1a: discombobulate\n|-damage|p1a: discombobulate|0 fnt\n|faint|p1a: discombobulate\n|\n|upkeep\n|c|\u2606Ineros|Gg\n|\n|t:|1700260369\n|switch|p1a: Glimmora|Glimmora, M|71\/100\n|turn|26\n|l| sweedish man\n|c| Potatofromsinnoh|tbh i dont know why you wasted your volc like that\n|\n|t:|1700260380\n|move|p2a: Keldeo|Scald|p1a: Glimmora\n|-supereffective|p1a: Glimmora\n|-damage|p1a: Glimmora|0 fnt\n|faint|p1a: Glimmora\n|\n|upkeep\n|c|\u2606Aesiro13|i tried to bait a hydro pump\n|c|\u2606Aesiro13|but he predicted it\n|\n|t:|1700260404\n|switch|p1a: Mine Shining|Corviknight, M, shiny|16\/100 par\n|turn|27\n|\n|t:|1700260412\n|move|p2a: Keldeo|Scald|p1a: Mine Shining\n|-damage|p1a: Mine Shining|0 fnt\n|faint|p1a: Mine Shining\n|\n|win|Ineros\n|n|\u2606Aesiro13|aesiro13\n|n|\u2606Ineros|ineros\n|n| Potatofromsinnoh|potatofromsinnoh\n","uploadtime":1700260414,"views":6,"p1id":"aesiro13","p2id":"ineros","formatid":"gen9nationaldex","rating":0,"private":0,"password":""}