{"id":"gen9nationaldex-1987645156","p1":"Majima Constuction","p2":"Peepeemanjimin","format":"[Gen 9] National Dex","log":"|j|\u2606Majima Constuction\n|j|\u203dPeepeemanjimin\n|t:|1699623433\n|gametype|singles\n|player|p1|Majima Constuction|worker-lgpe|1094\n|player|p2|Peepeemanjimin|169|1162\n|teamsize|p1|6\n|teamsize|p2|6\n|gen|9\n|tier|[Gen 9] National Dex\n|rated|\n|rule|HP Percentage Mod: HP is shown in percentages\n|rule|Endless Battle Clause: Forcing endless battles is banned\n|rule|OHKO Clause: OHKO moves are banned\n|rule|Evasion Clause: Evasion abilities, items, and moves are banned\n|rule|Evasion Abilities Clause: Evasion abilities are banned\n|rule|Evasion Items Clause: Evasion items are banned\n|rule|Evasion Moves Clause: Evasion moves are banned\n|rule|Species Clause: Limit one of each Pok\u00e9mon\n|rule|Sleep Clause Mod: Limit one foe put to sleep\n|clearpoke\n|poke|p1|Chatot, F|\n|poke|p1|Cramorant, M|\n|poke|p1|Crawdaunt, M|\n|poke|p1|Maushold|\n|poke|p1|Plusle, M|\n|poke|p1|Necrozma|\n|poke|p2|Infernape, F|\n|poke|p2|Quagsire, F|\n|poke|p2|Mew|\n|poke|p2|Starmie|\n|poke|p2|Raichu-Alola, F|\n|poke|p2|Dragonite, M|\n|teampreview\n|inactive|Battle timer is ON: inactive players will automatically lose when time's up. (requested by Peepeemanjimin)\n|\n|t:|1699623438\n|start\n|switch|p1a: BIG MEATY CLAWS|Crawdaunt, M|100\/100\n|switch|p2a: Mew|Mew, shiny|100\/100\n|turn|1\n|\n|t:|1699623444\n|-terastallize|p2a: Mew|Fairy\n|move|p2a: Mew|Iron Defense|p2a: Mew\n|-boost|p2a: Mew|def|2\n|move|p1a: BIG MEATY CLAWS|Knock Off|p2a: Mew\n|-resisted|p2a: Mew\n|-damage|p2a: Mew|82\/100\n|-enditem|p2a: Mew|Leftovers|[from] move: Knock Off|[of] p1a: BIG MEATY CLAWS\n|-damage|p1a: BIG MEATY CLAWS|91\/100|[from] item: Life Orb\n|\n|upkeep\n|turn|2\n|\n|t:|1699623452\n|move|p2a: Mew|Calm Mind|p2a: Mew\n|-boost|p2a: Mew|spa|1\n|-boost|p2a: Mew|spd|1\n|move|p1a: BIG MEATY CLAWS|Crabhammer|p2a: Mew\n|-damage|p2a: Mew|41\/100\n|-damage|p1a: BIG MEATY CLAWS|81\/100|[from] item: Life Orb\n|\n|upkeep\n|turn|3\n|\n|t:|1699623458\n|move|p2a: Mew|Draining Kiss|p1a: BIG MEATY CLAWS\n|-supereffective|p1a: BIG MEATY CLAWS\n|-damage|p1a: BIG MEATY CLAWS|0 fnt\n|-heal|p2a: Mew|81\/100|[from] drain|[of] p1a: BIG MEATY CLAWS\n|faint|p1a: BIG MEATY CLAWS\n|\n|upkeep\n|\n|t:|1699623466\n|switch|p1a: He's adopted|Maushold|100\/100\n|turn|4\n|\n|t:|1699623469\n|-terastallize|p1a: He's adopted|Normal\n|move|p1a: He's adopted|Population Bomb|p2a: Mew\n|-damage|p2a: Mew|75\/100\n|-damage|p2a: Mew|68\/100\n|-damage|p2a: Mew|61\/100\n|-damage|p2a: Mew|55\/100\n|-damage|p2a: Mew|48\/100\n|-damage|p2a: Mew|41\/100\n|-damage|p2a: Mew|35\/100\n|-damage|p2a: Mew|28\/100\n|-damage|p2a: Mew|22\/100\n|-damage|p2a: Mew|15\/100\n|-hitcount|p2a: Mew|10\n|move|p2a: Mew|Iron Defense|p2a: Mew\n|-boost|p2a: Mew|def|2\n|\n|upkeep\n|turn|5\n|\n|t:|1699623475\n|move|p1a: He's adopted|Population Bomb|p2a: Mew\n|-damage|p2a: Mew|11\/100\n|-damage|p2a: Mew|7\/100\n|-damage|p2a: Mew|2\/100\n|-damage|p2a: Mew|0 fnt\n|faint|p2a: Mew\n|-hitcount|p2: Mew|4\n|\n|upkeep\n|\n|t:|1699623482\n|switch|p2a: Infernape|Infernape, F, shiny|100\/100\n|turn|6\n|\n|t:|1699623487\n|move|p1a: He's adopted|Population Bomb|p2a: Infernape\n|-damage|p2a: Infernape|77\/100\n|-damage|p2a: Infernape|53\/100\n|-damage|p2a: Infernape|30\/100\n|-damage|p2a: Infernape|6\/100\n|-damage|p2a: Infernape|0 fnt\n|faint|p2a: Infernape\n|-hitcount|p2: Infernape|5\n|\n|upkeep\n|\n|t:|1699623491\n|switch|p2a: Dragonite|Dragonite, M, shiny|100\/100\n|turn|7\n|\n|t:|1699623496\n|move|p1a: He's adopted|Population Bomb|p2a: Dragonite\n|-damage|p2a: Dragonite|93\/100\n|-damage|p2a: Dragonite|77\/100\n|-damage|p2a: Dragonite|60\/100\n|-damage|p2a: Dragonite|45\/100\n|-damage|p2a: Dragonite|28\/100\n|-crit|p2a: Dragonite\n|-damage|p2a: Dragonite|1\/100\n|-damage|p2a: Dragonite|0 fnt\n|faint|p2a: Dragonite\n|-hitcount|p2: Dragonite|7\n|\n|upkeep\n|\n|t:|1699623499\n|switch|p2a: Raichu|Raichu-Alola, F, shiny|100\/100\n|turn|8\n|\n|t:|1699623509\n|move|p1a: He's adopted|Population Bomb|p2a: Raichu\n|-damage|p2a: Raichu|69\/100\n|-damage|p2a: Raichu|36\/100\n|-damage|p2a: Raichu|3\/100\n|-damage|p2a: Raichu|0 fnt\n|faint|p2a: Raichu\n|-hitcount|p2: Raichu|4\n|\n|upkeep\n|\n|t:|1699623512\n|switch|p2a: Quagsire|Quagsire, F, shiny|100\/100\n|turn|9\n|\n|t:|1699623519\n|move|p1a: He's adopted|Population Bomb|p2a: Quagsire\n|-damage|p2a: Quagsire|90\/100\n|-damage|p2a: Quagsire|80\/100\n|-damage|p2a: Quagsire|70\/100\n|-crit|p2a: Quagsire\n|-damage|p2a: Quagsire|54\/100\n|-damage|p2a: Quagsire|42\/100\n|-damage|p2a: Quagsire|31\/100\n|-damage|p2a: Quagsire|19\/100\n|-damage|p2a: Quagsire|9\/100\n|-damage|p2a: Quagsire|0 fnt\n|faint|p2a: Quagsire\n|-hitcount|p2: Quagsire|9\n|\n|upkeep\n|\n|t:|1699623521\n|switch|p2a: Starmie|Starmie, shiny|100\/100\n|turn|10\n|\n|t:|1699623533\n|move|p2a: Starmie|Scald|p1a: He's adopted\n|-crit|p1a: He's adopted\n|-damage|p1a: He's adopted|17\/100\n|move|p1a: He's adopted|Population Bomb|p2a: Starmie\n|-damage|p2a: Starmie|77\/100\n|-damage|p2a: Starmie|53\/100\n|-damage|p2a: Starmie|29\/100\n|-damage|p2a: Starmie|6\/100\n|-damage|p2a: Starmie|0 fnt\n|faint|p2a: Starmie\n|-hitcount|p2: Starmie|5\n|\n|win|Majima Constuction\n|raw|Majima Constuction's rating: 1094 &rarr; <strong>1125<\/strong><br \/>(+31 for winning)\n|raw|Peepeemanjimin's rating: 1162 &rarr; <strong>1132<\/strong><br \/>(-30 for losing)\n|l|\u203dPeepeemanjimin\n","uploadtime":1699623548,"views":4,"p1id":"majimaconstuction","p2id":"peepeemanjimin","formatid":"gen9nationaldex","rating":1125,"private":0,"password":""}