{"id":"gen9nationaldex-1988092927","p1":"MMQZA6","p2":"KARROL","format":"[Gen 9] National Dex","log":"|j|\u2606MMQZA6\n|j|\u2606KARROL\n|t:|1699668643\n|gametype|singles\n|player|p1|MMQZA6|1|1448\n|player|p2|KARROL|pokekid|1347\n|teamsize|p1|6\n|teamsize|p2|6\n|gen|9\n|tier|[Gen 9] National Dex\n|rated|\n|rule|HP Percentage Mod: HP is shown in percentages\n|rule|Endless Battle Clause: Forcing endless battles is banned\n|rule|OHKO Clause: OHKO moves are banned\n|rule|Evasion Clause: Evasion abilities, items, and moves are banned\n|rule|Evasion Abilities Clause: Evasion abilities are banned\n|rule|Evasion Items Clause: Evasion items are banned\n|rule|Evasion Moves Clause: Evasion moves are banned\n|rule|Species Clause: Limit one of each Pok\u00e9mon\n|rule|Sleep Clause Mod: Limit one foe put to sleep\n|clearpoke\n|poke|p1|Ting-Lu|\n|poke|p1|Greninja-*, M|\n|poke|p1|Hoopa-Unbound|\n|poke|p1|Gyarados, M|\n|poke|p1|Sableye, F|\n|poke|p1|Hydreigon, M|\n|poke|p2|Ampharos, M|\n|poke|p2|Slurpuff, M|\n|poke|p2|Tapu Koko|\n|poke|p2|Porygon-Z|\n|poke|p2|Urshifu-*, M|\n|poke|p2|Garchomp, M|\n|teampreview\n|\n|t:|1699668656\n|start\n|switch|p1a: Hydreigon|Hydreigon, M|100\/100\n|switch|p2a: Tapu Koko|Tapu Koko|100\/100\n|-fieldstart|move: Electric Terrain|[from] ability: Electric Surge|[of] p2a: Tapu Koko\n|turn|1\n|\n|t:|1699668660\n|move|p1a: Hydreigon|Earth Power|p2a: Tapu Koko\n|-supereffective|p2a: Tapu Koko\n|-damage|p2a: Tapu Koko|20\/100\n|move|p2a: Tapu Koko|Light Screen|p2a: Tapu Koko\n|-sidestart|p2: KARROL|move: Light Screen\n|\n|upkeep\n|turn|2\n|\n|t:|1699668665\n|move|p1a: Hydreigon|Earth Power|p2a: Tapu Koko\n|-supereffective|p2a: Tapu Koko\n|-damage|p2a: Tapu Koko|0 fnt\n|faint|p2a: Tapu Koko\n|\n|upkeep\n|\n|t:|1699668676\n|switch|p2a: Urshifu|Urshifu-Rapid-Strike, M|100\/100\n|turn|3\n|\n|t:|1699668680\n|switch|p1a: Gyarados|Gyarados, M|100\/100\n|-ability|p1a: Gyarados|Intimidate|boost\n|-unboost|p2a: Urshifu|atk|1\n|move|p2a: Urshifu|Swords Dance|p2a: Urshifu\n|-boost|p2a: Urshifu|atk|2\n|\n|upkeep\n|turn|4\n|\n|t:|1699668691\n|switch|p1a: Sableye|Sableye, F|100\/100\n|move|p2a: Urshifu|Trailblaze|p1a: Sableye\n|-damage|p1a: Sableye|77\/100\n|-boost|p2a: Urshifu|spe|1\n|\n|upkeep\n|turn|5\n|\n|t:|1699668698\n|move|p1a: Sableye|Encore|p2a: Urshifu\n|-start|p2a: Urshifu|Encore\n|move|p2a: Urshifu|Trailblaze|p1a: Sableye\n|-damage|p1a: Sableye|51\/100\n|-boost|p2a: Urshifu|spe|1\n|\n|-sideend|p2: KARROL|move: Light Screen\n|upkeep\n|turn|6\n|\n|t:|1699668704\n|move|p1a: Sableye|Thunder Wave|p2a: Urshifu|[miss]\n|-miss|p1a: Sableye|p2a: Urshifu\n|move|p2a: Urshifu|Trailblaze|p1a: Sableye\n|-damage|p1a: Sableye|26\/100\n|-boost|p2a: Urshifu|spe|1\n|\n|upkeep\n|turn|7\n|\n|t:|1699668712\n|switch|p2a: Ampharos|Ampharos, M|100\/100\n|move|p1a: Sableye|Recover|p1a: Sableye\n|-heal|p1a: Sableye|76\/100\n|\n|upkeep\n|turn|8\n|\n|t:|1699668720\n|switch|p1a: Ting-Lu|Ting-Lu|100\/100\n|-ability|p1a: Ting-Lu|Vessel of Ruin\n|detailschange|p2a: Ampharos|Ampharos-Mega, M\n|-mega|p2a: Ampharos|Ampharos|Ampharosite\n|-ability|p2a: Ampharos|Mold Breaker\n|move|p2a: Ampharos|Outrage|p1a: Ting-Lu\n|-damage|p1a: Ting-Lu|74\/100\n|\n|-heal|p1a: Ting-Lu|80\/100|[from] item: Leftovers\n|-fieldend|move: Electric Terrain\n|upkeep\n|turn|9\n|\n|t:|1699668731\n|move|p1a: Ting-Lu|Stealth Rock|p2a: Ampharos\n|-sidestart|p2: KARROL|move: Stealth Rock\n|move|p2a: Ampharos|Outrage|p1a: Ting-Lu|[from]lockedmove\n|-damage|p1a: Ting-Lu|51\/100\n|-start|p2a: Ampharos|confusion|[fatigue]\n|\n|-heal|p1a: Ting-Lu|58\/100|[from] item: Leftovers\n|upkeep\n|turn|10\n|\n|t:|1699668738\n|move|p1a: Ting-Lu|Earthquake|p2a: Ampharos\n|-supereffective|p2a: Ampharos\n|-damage|p2a: Ampharos|40\/100\n|-activate|p2a: Ampharos|confusion\n|move|p2a: Ampharos|Outrage|p1a: Ting-Lu\n|-damage|p1a: Ting-Lu|29\/100\n|\n|-heal|p1a: Ting-Lu|35\/100|[from] item: Leftovers\n|upkeep\n|turn|11\n|\n|t:|1699668747\n|move|p1a: Ting-Lu|Earthquake|p2a: Ampharos\n|-supereffective|p2a: Ampharos\n|-damage|p2a: Ampharos|0 fnt\n|faint|p2a: Ampharos\n|\n|-heal|p1a: Ting-Lu|41\/100|[from] item: Leftovers\n|upkeep\n|\n|t:|1699668754\n|switch|p2a: Garchomp|Garchomp, M|100\/100\n|-damage|p2a: Garchomp|94\/100|[from] Stealth Rock\n|turn|12\n|\n|t:|1699668762\n|move|p2a: Garchomp|Swords Dance|p2a: Garchomp\n|-boost|p2a: Garchomp|atk|2\n|move|p1a: Ting-Lu|Ruination|p2a: Garchomp\n|-damage|p2a: Garchomp|48\/100\n|\n|-heal|p2a: Garchomp|54\/100|[from] item: Leftovers\n|-heal|p1a: Ting-Lu|48\/100|[from] item: Leftovers\n|upkeep\n|turn|13\n|\n|t:|1699668770\n|move|p2a: Garchomp|Scale Shot|p1a: Ting-Lu\n|-damage|p1a: Ting-Lu|33\/100\n|-damage|p1a: Ting-Lu|19\/100\n|-damage|p1a: Ting-Lu|5\/100\n|-damage|p1a: Ting-Lu|0 fnt\n|faint|p1a: Ting-Lu\n|-hitcount|p1: Ting-Lu|4\n|-unboost|p2a: Garchomp|def|1\n|-boost|p2a: Garchomp|spe|1\n|\n|-heal|p2a: Garchomp|60\/100|[from] item: Leftovers\n|upkeep\n|l|\u2606MMQZA6\n|player|p1|\n|inactive|Battle timer is ON: inactive players will automatically lose when time's up. (requested by KARROL)\n|j|\u2606MMQZA6\n|inactive|MMQZA6 reconnected and has 150 seconds left.\n|player|p1|MMQZA6|1\n|\n|t:|1699668814\n|switch|p1a: Gyarados|Gyarados, M|100\/100\n|-ability|p1a: Gyarados|Intimidate|boost\n|-unboost|p2a: Garchomp|atk|1\n|turn|14\n|\n|t:|1699668824\n|detailschange|p1a: Gyarados|Gyarados-Mega, M\n|-mega|p1a: Gyarados|Gyarados|Gyaradosite\n|-ability|p1a: Gyarados|Mold Breaker\n|move|p2a: Garchomp|Swords Dance|p2a: Garchomp\n|-boost|p2a: Garchomp|atk|2\n|move|p1a: Gyarados|Crunch|p2a: Garchomp\n|-damage|p2a: Garchomp|0 fnt\n|-damage|p1a: Gyarados|88\/100|[from] ability: Rough Skin|[of] p2a: Garchomp\n|faint|p2a: Garchomp\n|\n|upkeep\n|\n|t:|1699668830\n|switch|p2a: Urshifu|Urshifu-Rapid-Strike, M|100\/100\n|-damage|p2a: Urshifu|94\/100|[from] Stealth Rock\n|turn|15\n|\n|t:|1699668838\n|switch|p1a: Sableye|Sableye, F|76\/100\n|move|p2a: Urshifu|Trailblaze|p1a: Sableye\n|-damage|p1a: Sableye|60\/100\n|-boost|p2a: Urshifu|spe|1\n|\n|-heal|p2a: Urshifu|100\/100|[from] item: Leftovers\n|upkeep\n|turn|16\n|\n|t:|1699668847\n|switch|p2a: Porygon-Z|Porygon-Z|100\/100\n|-damage|p2a: Porygon-Z|88\/100|[from] Stealth Rock\n|move|p1a: Sableye|Thunder Wave|p2a: Porygon-Z\n|-status|p2a: Porygon-Z|par\n|\n|upkeep\n|turn|17\n|\n|t:|1699668860\n|move|p1a: Sableye|Recover|p1a: Sableye\n|-heal|p1a: Sableye|100\/100\n|-zpower|p2a: Porygon-Z\n|move|p2a: Porygon-Z|Z-Conversion|p2a: Porygon-Z|[anim]Conversion\n|-boost|p2a: Porygon-Z|atk|1|[zeffect]\n|-boost|p2a: Porygon-Z|def|1|[zeffect]\n|-boost|p2a: Porygon-Z|spa|1|[zeffect]\n|-boost|p2a: Porygon-Z|spd|1|[zeffect]\n|-boost|p2a: Porygon-Z|spe|1|[zeffect]\n|-start|p2a: Porygon-Z|typechange|Electric\n|\n|upkeep\n|turn|18\n|\n|t:|1699668868\n|move|p1a: Sableye|Encore||[still]\n|-fail|p1a: Sableye\n|move|p2a: Porygon-Z|Thunderbolt|p1a: Sableye\n|-damage|p1a: Sableye|0 fnt\n|faint|p1a: Sableye\n|\n|upkeep\n|\n|t:|1699668888\n|switch|p1a: Hoopa|Hoopa-Unbound|100\/100\n|turn|19\n|\n|t:|1699668891\n|-terastallize|p1a: Hoopa|Dark\n|move|p1a: Hoopa|Hyperspace Fury|p2a: Porygon-Z\n|-damage|p2a: Porygon-Z|0 fnt\n|-unboost|p1a: Hoopa|def|1\n|faint|p2a: Porygon-Z\n|\n|upkeep\n|\n|t:|1699668902\n|switch|p2a: Urshifu|Urshifu-Rapid-Strike, M|100\/100\n|-damage|p2a: Urshifu|94\/100|[from] Stealth Rock\n|turn|20\n|\n|t:|1699668910\n|switch|p1a: Gyarados|Gyarados-Mega, M|88\/100\n|-ability|p1a: Gyarados|Mold Breaker\n|-terastallize|p2a: Urshifu|Grass\n|move|p2a: Urshifu|Trailblaze|p1a: Gyarados\n|-supereffective|p1a: Gyarados\n|-damage|p1a: Gyarados|30\/100\n|-boost|p2a: Urshifu|spe|1\n|\n|-heal|p2a: Urshifu|100\/100|[from] item: Leftovers\n|upkeep\n|turn|21\n|\n|t:|1699668918\n|move|p2a: Urshifu|Surging Strikes|p1a: Gyarados\n|-resisted|p1a: Gyarados\n|-crit|p1a: Gyarados\n|-damage|p1a: Gyarados|20\/100\n|-resisted|p1a: Gyarados\n|-crit|p1a: Gyarados\n|-damage|p1a: Gyarados|11\/100\n|-resisted|p1a: Gyarados\n|-crit|p1a: Gyarados\n|-damage|p1a: Gyarados|1\/100\n|-hitcount|p1a: Gyarados|3\n|move|p1a: Gyarados|Crunch|p2a: Urshifu\n|-damage|p2a: Urshifu|53\/100\n|\n|-heal|p2a: Urshifu|59\/100|[from] item: Leftovers\n|upkeep\n|turn|22\n|\n|t:|1699668925\n|move|p2a: Urshifu|Swords Dance|p2a: Urshifu\n|-boost|p2a: Urshifu|atk|2\n|move|p1a: Gyarados|Crunch|p2a: Urshifu\n|-damage|p2a: Urshifu|12\/100\n|\n|-heal|p2a: Urshifu|18\/100|[from] item: Leftovers\n|upkeep\n|turn|23\n|\n|t:|1699668928\n|move|p2a: Urshifu|Drain Punch|p1a: Gyarados\n|-supereffective|p1a: Gyarados\n|-damage|p1a: Gyarados|0 fnt\n|-heal|p2a: Urshifu|19\/100|[from] drain|[of] p1a: Gyarados\n|faint|p1a: Gyarados\n|\n|-heal|p2a: Urshifu|25\/100|[from] item: Leftovers\n|upkeep\n|\n|t:|1699668932\n|switch|p1a: Hydreigon|Hydreigon, M|100\/100\n|turn|24\n|\n|t:|1699668938\n|move|p1a: Hydreigon|Flash Cannon|p2a: Urshifu\n|-crit|p2a: Urshifu\n|-damage|p2a: Urshifu|0 fnt\n|faint|p2a: Urshifu\n|\n|upkeep\n|\n|t:|1699668943\n|switch|p2a: Slurpuff|Slurpuff, M|100\/100\n|-damage|p2a: Slurpuff|88\/100|[from] Stealth Rock\n|turn|25\n|\n|t:|1699668947\n|move|p1a: Hydreigon|Flash Cannon|p2a: Slurpuff\n|-supereffective|p2a: Slurpuff\n|-damage|p2a: Slurpuff|24\/100\n|-enditem|p2a: Slurpuff|Sitrus Berry|[eat]\n|-heal|p2a: Slurpuff|49\/100|[from] item: Sitrus Berry\n|move|p2a: Slurpuff|Flamethrower|p1a: Hydreigon\n|-resisted|p1a: Hydreigon\n|-damage|p1a: Hydreigon|90\/100\n|\n|upkeep\n|turn|26\n|\n|t:|1699668953\n|move|p2a: Slurpuff|Endure|p2a: Slurpuff\n|-singleturn|p2a: Slurpuff|move: Endure\n|move|p1a: Hydreigon|Flash Cannon|p2a: Slurpuff\n|-supereffective|p2a: Slurpuff\n|-activate|p2a: Slurpuff|move: Endure\n|-damage|p2a: Slurpuff|1\/100\n|\n|upkeep\n|turn|27\n|\n|t:|1699668957\n|move|p1a: Hydreigon|Flash Cannon|p2a: Slurpuff\n|-supereffective|p2a: Slurpuff\n|-damage|p2a: Slurpuff|0 fnt\n|faint|p2a: Slurpuff\n|\n|win|MMQZA6\n|raw|MMQZA6's rating: 1448 &rarr; <strong>1462<\/strong><br \/>(+14 for winning)\n|raw|KARROL's rating: 1347 &rarr; <strong>1333<\/strong><br \/>(-14 for losing)\n|l|\u2606KARROL\n","uploadtime":1699668970,"views":6,"p1id":"mmqza6","p2id":"karrol","formatid":"gen9nationaldex","rating":1333,"private":0,"password":""}