{"id":"gen9nationaldex-1999965249","p1":"1fdgh","p2":"mr Deuzp","format":"[Gen 9] National Dex","log":"|html|<div class=\"broadcast-blue\"><strong>[Gen 9] National Dex is currently suspecting Sneasler! For information on how to participate check out the <a href=\"https:\/\/www.smogon.com\/forums\/threads\/sv-national-dex-suspect-8-just-dance.3731534\/\">suspect thread<\/a>.<\/strong><\/div>\n|j|\u26061fdgh\n|j|\u2606mr Deuzp\n|t:|1701135403\n|gametype|singles\n|player|p1|1fdgh|2|1184\n|player|p2|mr Deuzp|shadowtriad|1194\n|teamsize|p1|6\n|teamsize|p2|6\n|gen|9\n|tier|[Gen 9] National Dex\n|rated|\n|rule|HP Percentage Mod: HP is shown in percentages\n|rule|Endless Battle Clause: Forcing endless battles is banned\n|rule|OHKO Clause: OHKO moves are banned\n|rule|Evasion Clause: Evasion abilities, items, and moves are banned\n|rule|Evasion Abilities Clause: Evasion abilities are banned\n|rule|Evasion Items Clause: Evasion items are banned\n|rule|Evasion Moves Clause: Evasion moves are banned\n|rule|Species Clause: Limit one of each Pok\u00e9mon\n|rule|Sleep Clause Mod: Limit one foe put to sleep\n|clearpoke\n|poke|p1|Garchomp, M|\n|poke|p1|Celesteela|\n|poke|p1|Sceptile, F|\n|poke|p1|Aegislash, M|\n|poke|p1|Altaria, F|\n|poke|p1|Tapu Lele|\n|poke|p2|Ursaluna, M|\n|poke|p2|Celesteela|\n|poke|p2|Thundurus-Therian, M|\n|poke|p2|Porygon2|\n|poke|p2|Sneasler, M|\n|poke|p2|Ninetales-Alola, F|\n|teampreview\n|inactive|Battle timer is ON: inactive players will automatically lose when time's up. (requested by 1fdgh)\n|\n|t:|1701135405\n|start\n|switch|p1a: Post|Tapu Lele|100\/100\n|switch|p2a: Ninetales|Ninetales-Alola, F, shiny|100\/100\n|-weather|Snow|[from] ability: Snow Warning|[of] p2a: Ninetales\n|-fieldstart|move: Psychic Terrain|[from] ability: Psychic Surge|[of] p1a: Post\n|turn|1\n|\n|t:|1701135410\n|move|p2a: Ninetales|Aurora Veil|p2a: Ninetales\n|-sidestart|p2: mr Deuzp|move: Aurora Veil\n|move|p1a: Post|Psyshock|p2a: Ninetales\n|-damage|p2a: Ninetales|76\/100\n|\n|-weather|Snow|[upkeep]\n|upkeep\n|turn|2\n|\n|t:|1701135414\n|move|p2a: Ninetales|Blizzard|p1a: Post\n|-damage|p1a: Post|65\/100\n|move|p1a: Post|Psyshock|p2a: Ninetales\n|-damage|p2a: Ninetales|50\/100\n|\n|-weather|Snow|[upkeep]\n|upkeep\n|turn|3\n|\n|t:|1701135422\n|move|p2a: Ninetales|Blizzard|p1a: Post\n|-damage|p1a: Post|26\/100\n|move|p1a: Post|Psyshock|p2a: Ninetales\n|-damage|p2a: Ninetales|24\/100\n|\n|-weather|Snow|[upkeep]\n|upkeep\n|turn|4\n|\n|t:|1701135427\n|move|p2a: Ninetales|Blizzard|p1a: Post\n|-damage|p1a: Post|0 fnt\n|faint|p1a: Post\n|\n|-weather|Snow|[upkeep]\n|upkeep\n|\n|t:|1701135431\n|switch|p1a: Utopia|Celesteela|100\/100\n|turn|5\n|\n|t:|1701135442\n|switch|p2a: Porygon2|Porygon2, shiny|100\/100\n|-ability|p2a: Porygon2|Download|boost\n|-boost|p2a: Porygon2|spa|1\n|move|p1a: Utopia|Flash Cannon|p2a: Porygon2\n|-damage|p2a: Porygon2|87\/100\n|\n|-weather|none\n|-fieldend|move: Psychic Terrain\n|upkeep\n|turn|6\n|\n|t:|1701135455\n|move|p1a: Utopia|Flash Cannon|p2a: Porygon2\n|-damage|p2a: Porygon2|74\/100\n|move|p2a: Porygon2|Trick Room|p2a: Porygon2\n|-fieldstart|move: Trick Room|[of] p2a: Porygon2\n|\n|upkeep\n|turn|7\n|\n|t:|1701135459\n|move|p2a: Porygon2|Thunderbolt|p1a: Utopia\n|-supereffective|p1a: Utopia\n|-damage|p1a: Utopia|23\/100\n|-enditem|p1a: Utopia|Aguav Berry|[eat]\n|-heal|p1a: Utopia|56\/100|[from] item: Aguav Berry\n|move|p1a: Utopia|Flash Cannon|p2a: Porygon2\n|-crit|p2a: Porygon2\n|-damage|p2a: Porygon2|36\/100\n|\n|upkeep\n|turn|8\n|\n|t:|1701135467\n|switch|p1a: Vespertine|Aegislash, M|100\/100\n|move|p2a: Porygon2|Thunderbolt|p1a: Vespertine\n|-damage|p1a: Vespertine|73\/100\n|\n|-heal|p1a: Vespertine|79\/100|[from] item: Leftovers\n|-sideend|p2: mr Deuzp|move: Aurora Veil\n|upkeep\n|turn|9\n|\n|t:|1701135471\n|move|p2a: Porygon2|Psychic|p1a: Vespertine\n|-resisted|p1a: Vespertine\n|-crit|p1a: Vespertine\n|-damage|p1a: Vespertine|55\/100\n|move|p1a: Vespertine|Swords Dance|p1a: Vespertine\n|-boost|p1a: Vespertine|atk|2\n|\n|-heal|p1a: Vespertine|62\/100|[from] item: Leftovers\n|upkeep\n|turn|10\n|\n|t:|1701135478\n|move|p2a: Porygon2|Psychic|p1a: Vespertine\n|-resisted|p1a: Vespertine\n|-damage|p1a: Vespertine|48\/100\n|-formechange|p1a: Vespertine|Aegislash-Blade||[from] ability: Stance Change\n|move|p1a: Vespertine|Iron Head|p2a: Porygon2\n|-damage|p2a: Porygon2|0 fnt\n|faint|p2a: Porygon2\n|\n|-heal|p1a: Vespertine|54\/100|[from] item: Leftovers\n|-fieldend|move: Trick Room\n|upkeep\n|\n|t:|1701135481\n|switch|p2a: Ursaluna|Ursaluna, M, shiny|100\/100\n|turn|11\n|\n|t:|1701135490\n|move|p2a: Ursaluna|Protect|p2a: Ursaluna\n|-singleturn|p2a: Ursaluna|Protect\n|move|p1a: Vespertine|Iron Head|p2a: Ursaluna\n|-activate|p2a: Ursaluna|move: Protect\n|\n|-heal|p1a: Vespertine|60\/100|[from] item: Leftovers\n|-status|p2a: Ursaluna|brn|[from] item: Flame Orb\n|upkeep\n|turn|12\n|\n|t:|1701135497\n|-terastallize|p2a: Ursaluna|Normal\n|-formechange|p1a: Vespertine|Aegislash||[from] ability: Stance Change\n|move|p1a: Vespertine|King's Shield|p1a: Vespertine\n|-singleturn|p1a: Vespertine|Protect\n|move|p2a: Ursaluna|Headlong Rush|p1a: Vespertine\n|-activate|p1a: Vespertine|move: Protect\n|-unboost|p2a: Ursaluna|atk|1\n|\n|-heal|p1a: Vespertine|67\/100|[from] item: Leftovers\n|-damage|p2a: Ursaluna|94\/100 brn|[from] brn\n|upkeep\n|turn|13\n|\n|t:|1701135503\n|-formechange|p1a: Vespertine|Aegislash-Blade||[from] ability: Stance Change\n|move|p1a: Vespertine|Iron Head|p2a: Ursaluna\n|-damage|p2a: Ursaluna|42\/100 brn\n|move|p2a: Ursaluna|Headlong Rush|p1a: Vespertine\n|-supereffective|p1a: Vespertine\n|-damage|p1a: Vespertine|0 fnt\n|-unboost|p2a: Ursaluna|def|1\n|-unboost|p2a: Ursaluna|spd|1\n|faint|p1a: Vespertine\n|\n|-damage|p2a: Ursaluna|36\/100 brn|[from] brn\n|upkeep\n|\n|t:|1701135511\n|switch|p1a: Utopia|Celesteela|56\/100\n|turn|14\n|\n|t:|1701135517\n|switch|p2a: Thundurus|Thundurus-Therian, M, shiny|100\/100\n|move|p1a: Utopia|Giga Drain|p2a: Thundurus\n|-resisted|p2a: Thundurus\n|-crit|p2a: Thundurus\n|-damage|p2a: Thundurus|72\/100\n|-heal|p1a: Utopia|66\/100|[from] drain|[of] p2a: Thundurus\n|\n|upkeep\n|turn|15\n|\n|t:|1701135525\n|switch|p1a: Biophilla|Garchomp, M|100\/100\n|move|p2a: Thundurus|Nasty Plot|p2a: Thundurus\n|-boost|p2a: Thundurus|spa|2\n|\n|upkeep\n|turn|16\n|\n|t:|1701135529\n|-zpower|p2a: Thundurus\n|move|p2a: Thundurus|All-Out Pummeling|p1a: Biophilla|[zeffect]\n|-damage|p1a: Biophilla|0 fnt\n|faint|p1a: Biophilla\n|\n|upkeep\n|\n|t:|1701135532\n|switch|p1a: Fossora|Sceptile, F|100\/100\n|turn|17\n|\n|t:|1701135539\n|move|p1a: Fossora|Dragon Pulse|p2a: Thundurus\n|-damage|p2a: Thundurus|38\/100\n|move|p2a: Thundurus|Nasty Plot|p2a: Thundurus\n|-boost|p2a: Thundurus|spa|2\n|\n|upkeep\n|turn|18\n|\n|t:|1701135544\n|detailschange|p1a: Fossora|Sceptile-Mega, F\n|-mega|p1a: Fossora|Sceptile|Sceptilite\n|move|p1a: Fossora|Dragon Pulse|p2a: Thundurus\n|-damage|p2a: Thundurus|0 fnt\n|faint|p2a: Thundurus\n|\n|upkeep\n|\n|t:|1701135548\n|switch|p2a: Sneasler|Sneasler, M, shiny|100\/100\n|turn|19\n|\n|t:|1701135552\n|move|p2a: Sneasler|Fake Out|p1a: Fossora\n|-damage|p1a: Fossora|78\/100\n|cant|p1a: Fossora|flinch\n|\n|upkeep\n|turn|20\n|\n|t:|1701135555\n|move|p1a: Fossora|Dragon Pulse|p2a: Sneasler\n|-damage|p2a: Sneasler|30\/100\n|move|p2a: Sneasler|Acrobatics|p1a: Fossora\n|-supereffective|p1a: Fossora\n|-damage|p1a: Fossora|11\/100\n|\n|upkeep\n|turn|21\n|\n|t:|1701135560\n|move|p1a: Fossora|Dragon Pulse|p2a: Sneasler\n|-damage|p2a: Sneasler|0 fnt\n|faint|p2a: Sneasler\n|\n|upkeep\n|\n|t:|1701135562\n|switch|p2a: Celesteela|Celesteela, shiny|100\/100\n|turn|22\n|\n|t:|1701135568\n|move|p1a: Fossora|Hidden Power|p2a: Celesteela\n|-supereffective|p2a: Celesteela\n|-damage|p2a: Celesteela|63\/100\n|move|p2a: Celesteela|Flamethrower|p1a: Fossora\n|-damage|p1a: Fossora|0 fnt\n|faint|p1a: Fossora\n|-ability|p2a: Celesteela|Beast Boost|boost\n|-boost|p2a: Celesteela|def|1\n|\n|-heal|p2a: Celesteela|69\/100|[from] item: Leftovers\n|upkeep\n|\n|t:|1701135570\n|switch|p1a: Utopia|Celesteela|66\/100\n|turn|23\n|\n|t:|1701135576\n|move|p1a: Utopia|Flamethrower|p2a: Celesteela\n|-supereffective|p2a: Celesteela\n|-damage|p2a: Celesteela|22\/100\n|move|p2a: Celesteela|Leech Seed|p1a: Utopia\n|-start|p1a: Utopia|move: Leech Seed\n|\n|-heal|p2a: Celesteela|28\/100|[from] item: Leftovers\n|-damage|p1a: Utopia|54\/100|[from] Leech Seed|[of] p2a: Celesteela\n|-heal|p2a: Celesteela|40\/100|[silent]\n|upkeep\n|turn|24\n|\n|t:|1701135579\n|move|p2a: Celesteela|Protect|p2a: Celesteela\n|-singleturn|p2a: Celesteela|Protect\n|move|p1a: Utopia|Flamethrower|p2a: Celesteela\n|-activate|p2a: Celesteela|move: Protect\n|\n|-heal|p2a: Celesteela|46\/100|[from] item: Leftovers\n|-damage|p1a: Utopia|42\/100|[from] Leech Seed|[of] p2a: Celesteela\n|-heal|p2a: Celesteela|58\/100|[silent]\n|upkeep\n|turn|25\n|\n|t:|1701135588\n|move|p1a: Utopia|Flamethrower|p2a: Celesteela\n|-supereffective|p2a: Celesteela\n|-damage|p2a: Celesteela|11\/100\n|move|p2a: Celesteela|Flamethrower|p1a: Utopia\n|-supereffective|p1a: Utopia\n|-damage|p1a: Utopia|2\/100\n|\n|-heal|p2a: Celesteela|17\/100|[from] item: Leftovers\n|-damage|p1a: Utopia|0 fnt|[from] Leech Seed|[of] p2a: Celesteela\n|-heal|p2a: Celesteela|18\/100|[silent]\n|faint|p1a: Utopia\n|upkeep\n|\n|t:|1701135591\n|switch|p1a: Vulnicura|Altaria, F, shiny|100\/100\n|turn|26\n|\n|t:|1701135606\n|move|p2a: Celesteela|Protect|p2a: Celesteela\n|-singleturn|p2a: Celesteela|Protect\n|move|p1a: Vulnicura|Return|p2a: Celesteela\n|-activate|p2a: Celesteela|move: Protect\n|\n|-heal|p2a: Celesteela|24\/100|[from] item: Leftovers\n|upkeep\n|turn|27\n|-message|1fdgh forfeited.\n|\n|win|mr Deuzp\n|raw|1fdgh's rating: 1184 &rarr; <strong>1160<\/strong><br \/>(-24 for losing)\n|raw|mr Deuzp's rating: 1194 &rarr; <strong>1218<\/strong><br \/>(+24 for winning)\n|l|\u26061fdgh\n","uploadtime":1701135622,"views":3,"p1id":"1fdgh","p2id":"mrdeuzp","formatid":"gen9nationaldex","rating":1160,"private":0,"password":""}