{"id":"gen9nationaldex-1992144544","p1":"Xoky_Jose Ale 55","p2":"carlotaRC","format":"[Gen 9] National Dex","log":"|j|\u2606Xoky_Jose Ale 55\n|j|\u2606carlotaRC\n|t:|1700158718\n|gametype|singles\n|player|p1|Xoky_Jose Ale 55|red-masters|\n|player|p2|carlotaRC|hiker-gen4|\n|teamsize|p1|6\n|teamsize|p2|6\n|gen|9\n|tier|[Gen 9] National Dex\n|rule|HP Percentage Mod: HP is shown in percentages\n|rule|Endless Battle Clause: Forcing endless battles is banned\n|rule|OHKO Clause: OHKO moves are banned\n|rule|Evasion Clause: Evasion abilities, items, and moves are banned\n|rule|Evasion Abilities Clause: Evasion abilities are banned\n|rule|Evasion Items Clause: Evasion items are banned\n|rule|Evasion Moves Clause: Evasion moves are banned\n|rule|Species Clause: Limit one of each Pok\u00e9mon\n|rule|Sleep Clause Mod: Limit one foe put to sleep\n|clearpoke\n|poke|p1|Ferrothorn, F|\n|poke|p1|Heatran, M|\n|poke|p1|Landorus-Therian, M|\n|poke|p1|Tapu Lele|\n|poke|p1|Lopunny, M|\n|poke|p1|Blacephalon|\n|poke|p2|Medicham, F|\n|poke|p2|Ferrothorn, M|\n|poke|p2|Tapu Koko|\n|poke|p2|Iron Moth|\n|poke|p2|Landorus-Therian, M|\n|poke|p2|Alomomola, L99, F|\n|teampreview\n|c|\u2606Xoky_Jose Ale 55|Suerte\n|c|\u2606carlotaRC|Suerte\n|j| Vaictador\n|c|\u2606carlotaRC|Ptm Lele me hace el coito\n|\n|t:|1700158745\n|start\n|switch|p1a: Lopunny|Lopunny, M|100\/100\n|switch|p2a: Tapu Koko|Tapu Koko|100\/100\n|-fieldstart|move: Electric Terrain|[from] ability: Electric Surge|[of] p2a: Tapu Koko\n|turn|1\n|\n|t:|1700158774\n|switch|p2a: Landorus|Landorus-Therian, M|100\/100\n|-ability|p2a: Landorus|Intimidate|boost\n|-unboost|p1a: Lopunny|atk|1\n|detailschange|p1a: Lopunny|Lopunny-Mega, M\n|-mega|p1a: Lopunny|Lopunny|Lopunnite\n|move|p1a: Lopunny|Fake Out|p2a: Landorus\n|-crit|p2a: Landorus\n|-damage|p2a: Landorus|76\/100\n|-damage|p1a: Lopunny|84\/100|[from] item: Rocky Helmet|[of] p2a: Landorus\n|\n|upkeep\n|turn|2\n|\n|t:|1700158785\n|switch|p1a: Landorus|Landorus-Therian, M|100\/100\n|-ability|p1a: Landorus|Intimidate|boost\n|-unboost|p2a: Landorus|atk|1\n|move|p2a: Landorus|Stealth Rock|p1a: Landorus\n|-sidestart|p1: Xoky_Jose Ale 55|move: Stealth Rock\n|\n|upkeep\n|turn|3\n|\n|t:|1700158792\n|move|p2a: Landorus|Taunt|p1a: Landorus\n|-start|p1a: Landorus|move: Taunt\n|cant|p1a: Landorus|move: Taunt|Defog\n|\n|upkeep\n|turn|4\n|\n|t:|1700158805\n|switch|p2a: Ferrothorn|Ferrothorn, M|100\/100\n|move|p1a: Landorus|Knock Off|p2a: Ferrothorn\n|-damage|p2a: Ferrothorn|81\/100\n|-damage|p1a: Landorus|88\/100|[from] ability: Iron Barbs|[of] p2a: Ferrothorn\n|-enditem|p2a: Ferrothorn|Leftovers|[from] move: Knock Off|[of] p1a: Landorus\n|\n|-heal|p1a: Landorus|94\/100|[from] item: Leftovers\n|upkeep\n|turn|5\n|\n|t:|1700158822\n|switch|p1a: Heatran|Heatran, M|100\/100\n|-damage|p1a: Heatran|88\/100|[from] Stealth Rock\n|move|p2a: Ferrothorn|Knock Off|p1a: Heatran\n|-damage|p1a: Heatran|70\/100\n|-enditem|p1a: Heatran|Leftovers|[from] move: Knock Off|[of] p2a: Ferrothorn\n|\n|-fieldend|move: Electric Terrain\n|upkeep\n|turn|6\n|j| tempo di anguria\n|\n|t:|1700158832\n|switch|p2a: Alomomola|Alomomola, L99, F|100\/100\n|move|p1a: Heatran|Magma Storm|p2a: Alomomola\n|-resisted|p2a: Alomomola\n|-damage|p2a: Alomomola|85\/100\n|-activate|p2a: Alomomola|move: Magma Storm|[of] p1a: Heatran\n|\n|-damage|p2a: Alomomola|72\/100|[from] move: Magma Storm|[partiallytrapped]\n|upkeep\n|turn|7\n|\n|t:|1700158838\n|move|p1a: Heatran|Toxic|p2a: Alomomola\n|-status|p2a: Alomomola|tox\n|move|p2a: Alomomola|Flip Turn|p1a: Heatran\n|-supereffective|p1a: Heatran\n|-damage|p1a: Heatran|43\/100\n|\n|t:|1700158851\n|switch|p2a: Medicham|Medicham, F|100\/100|[from] Flip Turn\n|\n|upkeep\n|turn|8\n|\n|t:|1700158861\n|detailschange|p2a: Medicham|Medicham-Mega, F\n|-mega|p2a: Medicham|Medicham|Medichamite\n|move|p1a: Heatran|Protect|p1a: Heatran\n|-singleturn|p1a: Heatran|Protect\n|move|p2a: Medicham|Close Combat|p1a: Heatran\n|-activate|p1a: Heatran|move: Protect\n|\n|upkeep\n|turn|9\n|\n|t:|1700158880\n|switch|p2a: Alomomola|Alomomola, L99, F|100\/100 tox\n|switch|p1a: Landorus|Landorus-Therian, M|94\/100\n|-damage|p1a: Landorus|82\/100|[from] Stealth Rock\n|-ability|p1a: Landorus|Intimidate|boost\n|-unboost|p2a: Alomomola|atk|1\n|\n|-heal|p1a: Landorus|88\/100|[from] item: Leftovers\n|-damage|p2a: Alomomola|94\/100 tox|[from] psn\n|upkeep\n|turn|10\n|\n|t:|1700158902\n|move|p1a: Landorus|Defog|p2a: Alomomola\n|-unboost|p2a: Alomomola|evasion|1\n|-sideend|p1: Xoky_Jose Ale 55|Stealth Rock|[from] move: Defog|[of] p1a: Landorus\n|move|p2a: Alomomola|Wish|p2a: Alomomola\n|\n|-heal|p1a: Landorus|94\/100|[from] item: Leftovers\n|-damage|p2a: Alomomola|82\/100 tox|[from] psn\n|upkeep\n|turn|11\n|\n|t:|1700158920\n|move|p1a: Landorus|Knock Off|p2a: Alomomola\n|-crit|p2a: Alomomola\n|-damage|p2a: Alomomola|50\/100 tox\n|-enditem|p2a: Alomomola|Heavy-Duty Boots|[from] move: Knock Off|[of] p1a: Landorus\n|move|p2a: Alomomola|Flip Turn|p1a: Landorus\n|-supereffective|p1a: Landorus\n|-damage|p1a: Landorus|75\/100\n|\n|t:|1700158932\n|switch|p2a: Medicham|Medicham-Mega, F|100\/100|[from] Flip Turn\n|\n|-heal|p1a: Landorus|81\/100|[from] item: Leftovers\n|upkeep\n|turn|12\n|\n|t:|1700158947\n|switch|p1a: Blacephalon|Blacephalon|100\/100\n|move|p2a: Medicham|Ice Punch|p1a: Blacephalon\n|-resisted|p1a: Blacephalon\n|-damage|p1a: Blacephalon|52\/100\n|\n|upkeep\n|turn|13\n|\n|t:|1700158963\n|switch|p2a: Iron Moth|Iron Moth|100\/100\n|-zpower|p1a: Blacephalon\n|move|p1a: Blacephalon|Never-Ending Nightmare|p2a: Iron Moth|[zeffect]\n|-damage|p2a: Iron Moth|7\/100\n|\n|upkeep\n|turn|14\n|\n|t:|1700158974\n|switch|p1a: Heatran|Heatran, M|43\/100\n|move|p2a: Iron Moth|Morning Sun|p2a: Iron Moth\n|-heal|p2a: Iron Moth|57\/100\n|\n|upkeep\n|turn|15\n|\n|t:|1700158987\n|move|p2a: Iron Moth|U-turn|p1a: Heatran\n|-resisted|p1a: Heatran\n|-damage|p1a: Heatran|41\/100\n|\n|t:|1700158992\n|-end|p2a: Iron Moth|Quark Drive|[silent]\n|switch|p2a: Landorus|Landorus-Therian, M|76\/100|[from] U-turn\n|-ability|p2a: Landorus|Intimidate|boost\n|-unboost|p1a: Heatran|atk|1\n|move|p1a: Heatran|Magma Storm|p2a: Landorus\n|-damage|p2a: Landorus|30\/100\n|-activate|p2a: Landorus|move: Magma Storm|[of] p1a: Heatran\n|\n|-damage|p2a: Landorus|18\/100|[from] move: Magma Storm|[partiallytrapped]\n|upkeep\n|turn|16\n|\n|t:|1700159006\n|move|p2a: Landorus|Stealth Rock|p1a: Heatran\n|-sidestart|p1: Xoky_Jose Ale 55|move: Stealth Rock\n|move|p1a: Heatran|Toxic|p2a: Landorus\n|-status|p2a: Landorus|tox\n|\n|-damage|p2a: Landorus|12\/100 tox|[from] psn\n|-damage|p2a: Landorus|0 fnt|[from] move: Magma Storm|[partiallytrapped]\n|faint|p2a: Landorus\n|upkeep\n|\n|t:|1700159020\n|switch|p2a: Medicham|Medicham-Mega, F|100\/100\n|turn|17\n|\n|t:|1700159039\n|switch|p1a: Blacephalon|Blacephalon|52\/100\n|-damage|p1a: Blacephalon|27\/100|[from] Stealth Rock\n|move|p2a: Medicham|Fake Out|p1a: Blacephalon\n|-immune|p1a: Blacephalon\n|\n|upkeep\n|turn|18\n|\n|t:|1700159053\n|switch|p2a: Iron Moth|Iron Moth|57\/100\n|move|p1a: Blacephalon|Shadow Ball|p2a: Iron Moth\n|-damage|p2a: Iron Moth|11\/100\n|\n|upkeep\n|turn|19\n|\n|t:|1700159062\n|move|p2a: Iron Moth|Morning Sun|p2a: Iron Moth\n|-heal|p2a: Iron Moth|61\/100\n|move|p1a: Blacephalon|Calm Mind|p1a: Blacephalon\n|-boost|p1a: Blacephalon|spa|1\n|-boost|p1a: Blacephalon|spd|1\n|\n|upkeep\n|turn|20\n|\n|t:|1700159070\n|move|p2a: Iron Moth|Sludge Wave|p1a: Blacephalon\n|-resisted|p1a: Blacephalon\n|-crit|p1a: Blacephalon\n|-damage|p1a: Blacephalon|0 fnt\n|faint|p1a: Blacephalon\n|\n|upkeep\n|\n|t:|1700159075\n|switch|p1a: Landorus|Landorus-Therian, M|81\/100\n|-damage|p1a: Landorus|69\/100|[from] Stealth Rock\n|-ability|p1a: Landorus|Intimidate|boost\n|-unboost|p2a: Iron Moth|atk|1\n|turn|21\n|\n|t:|1700159082\n|move|p2a: Iron Moth|U-turn|p1a: Landorus\n|-resisted|p1a: Landorus\n|-damage|p1a: Landorus|66\/100\n|\n|t:|1700159092\n|-end|p2a: Iron Moth|Quark Drive|[silent]\n|switch|p2a: Alomomola|Alomomola, L99, F|84\/100 tox|[from] U-turn\n|move|p1a: Landorus|Defog|p2a: Alomomola\n|-unboost|p2a: Alomomola|evasion|1\n|-sideend|p1: Xoky_Jose Ale 55|Stealth Rock|[from] move: Defog|[of] p1a: Landorus\n|\n|-heal|p1a: Landorus|72\/100|[from] item: Leftovers\n|-damage|p2a: Alomomola|78\/100 tox|[from] psn\n|upkeep\n|turn|22\n|\n|t:|1700159107\n|move|p1a: Landorus|U-turn|p2a: Alomomola\n|-damage|p2a: Alomomola|63\/100 tox\n|\n|t:|1700159113\n|switch|p1a: Ferrothorn|Ferrothorn, F|100\/100|[from] U-turn\n|move|p2a: Alomomola|Flip Turn|p1a: Ferrothorn\n|-resisted|p1a: Ferrothorn\n|-damage|p1a: Ferrothorn|96\/100\n|-damage|p2a: Alomomola|50\/100 tox|[from] ability: Iron Barbs|[of] p1a: Ferrothorn\n|\n|t:|1700159130\n|switch|p2a: Medicham|Medicham-Mega, F|100\/100|[from] Flip Turn\n|\n|-heal|p1a: Ferrothorn|100\/100|[from] item: Leftovers\n|upkeep\n|turn|23\n|\n|t:|1700159145\n|move|p1a: Ferrothorn|Protect|p1a: Ferrothorn\n|-singleturn|p1a: Ferrothorn|Protect\n|move|p2a: Medicham|Close Combat|p1a: Ferrothorn\n|-activate|p1a: Ferrothorn|move: Protect\n|\n|upkeep\n|turn|24\n|\n|t:|1700159166\n|-terastallize|p1a: Ferrothorn|Water\n|move|p2a: Medicham|Close Combat|p1a: Ferrothorn\n|-damage|p1a: Ferrothorn|40\/100\n|-unboost|p2a: Medicham|def|1\n|-unboost|p2a: Medicham|spd|1\n|-damage|p2a: Medicham|88\/100|[from] ability: Iron Barbs|[of] p1a: Ferrothorn\n|move|p1a: Ferrothorn|Gyro Ball|p2a: Medicham\n|-damage|p2a: Medicham|0 fnt\n|faint|p2a: Medicham\n|\n|-heal|p1a: Ferrothorn|46\/100|[from] item: Leftovers\n|upkeep\n|\n|t:|1700159178\n|switch|p2a: Tapu Koko|Tapu Koko|100\/100\n|-fieldstart|move: Electric Terrain|[from] ability: Electric Surge|[of] p2a: Tapu Koko\n|turn|25\n|\n|t:|1700159182\n|move|p1a: Ferrothorn|Protect|p1a: Ferrothorn\n|-singleturn|p1a: Ferrothorn|Protect\n|move|p2a: Tapu Koko|Thunderbolt|p1a: Ferrothorn\n|-activate|p1a: Ferrothorn|move: Protect\n|\n|-heal|p1a: Ferrothorn|52\/100|[from] item: Leftovers\n|upkeep\n|turn|26\n|\n|t:|1700159185\n|switch|p1a: Landorus|Landorus-Therian, M|72\/100\n|-ability|p1a: Landorus|Intimidate|boost\n|-unboost|p2a: Tapu Koko|atk|1\n|move|p2a: Tapu Koko|Hidden Power|p1a: Landorus\n|-supereffective|p1a: Landorus\n|-crit|p1a: Landorus\n|-damage|p1a: Landorus|0 fnt\n|faint|p1a: Landorus\n|\n|upkeep\n|\n|t:|1700159192\n|switch|p1a: Lopunny|Lopunny-Mega, M|84\/100\n|turn|27\n|\n|t:|1700159210\n|switch|p2a: Ferrothorn|Ferrothorn, M|81\/100\n|move|p1a: Lopunny|Fake Out|p2a: Ferrothorn\n|-resisted|p2a: Ferrothorn\n|-damage|p2a: Ferrothorn|74\/100\n|-damage|p1a: Lopunny|72\/100|[from] ability: Iron Barbs|[of] p2a: Ferrothorn\n|\n|upkeep\n|turn|28\n|\n|t:|1700159276\n|switch|p1a: Heatran|Heatran, M|41\/100\n|switch|p2a: Alomomola|Alomomola, L99, F|84\/100 tox\n|\n|-damage|p2a: Alomomola|78\/100 tox|[from] psn\n|upkeep\n|turn|29\n|\n|t:|1700159303\n|move|p1a: Heatran|Protect|p1a: Heatran\n|-singleturn|p1a: Heatran|Protect\n|move|p2a: Alomomola|Flip Turn|p1a: Heatran\n|-activate|p1a: Heatran|move: Protect\n|\n|-damage|p2a: Alomomola|65\/100 tox|[from] psn\n|-fieldend|move: Electric Terrain\n|upkeep\n|turn|30\n|\n|t:|1700159326\n|switch|p1a: Ferrothorn|Ferrothorn, F, tera:Water|52\/100\n|move|p2a: Alomomola|Flip Turn|p1a: Ferrothorn\n|-resisted|p1a: Ferrothorn\n|-damage|p1a: Ferrothorn|48\/100\n|-damage|p2a: Alomomola|53\/100 tox|[from] ability: Iron Barbs|[of] p1a: Ferrothorn\n|\n|t:|1700159331\n|switch|p2a: Tapu Koko|Tapu Koko|100\/100|[from] Flip Turn\n|-fieldstart|move: Electric Terrain|[from] ability: Electric Surge|[of] p2a: Tapu Koko\n|\n|-heal|p1a: Ferrothorn|54\/100|[from] item: Leftovers\n|upkeep\n|turn|31\n|\n|t:|1700159339\n|move|p1a: Ferrothorn|Protect|p1a: Ferrothorn\n|-singleturn|p1a: Ferrothorn|Protect\n|move|p2a: Tapu Koko|Thunderbolt|p1a: Ferrothorn\n|-activate|p1a: Ferrothorn|move: Protect\n|\n|-heal|p1a: Ferrothorn|61\/100|[from] item: Leftovers\n|upkeep\n|turn|32\n|\n|t:|1700159357\n|move|p2a: Tapu Koko|Thunderbolt|p1a: Ferrothorn\n|-supereffective|p1a: Ferrothorn\n|-damage|p1a: Ferrothorn|0 fnt\n|faint|p1a: Ferrothorn\n|\n|upkeep\n|\n|t:|1700159365\n|switch|p1a: Lopunny|Lopunny-Mega, M|72\/100\n|turn|33\n|\n|t:|1700159386\n|move|p1a: Lopunny|Fake Out|p2a: Tapu Koko\n|-damage|p2a: Tapu Koko|73\/100\n|cant|p2a: Tapu Koko|flinch\n|\n|upkeep\n|turn|34\n|l|vaictador\n|\n|t:|1700159430\n|move|p1a: Lopunny|Return|p2a: Tapu Koko\n|-damage|p2a: Tapu Koko|1\/100\n|move|p2a: Tapu Koko|Thunderbolt|p1a: Lopunny\n|-damage|p1a: Lopunny|9\/100\n|\n|-fieldend|move: Electric Terrain\n|upkeep\n|turn|35\n|\n|t:|1700159511\n|switch|p2a: Iron Moth|Iron Moth|61\/100\n|move|p1a: Lopunny|Close Combat|p2a: Iron Moth\n|-resisted|p2a: Iron Moth\n|-damage|p2a: Iron Moth|15\/100\n|-unboost|p1a: Lopunny|def|1\n|-unboost|p1a: Lopunny|spd|1\n|\n|upkeep\n|turn|36\n|\n|t:|1700159521\n|move|p1a: Lopunny|Close Combat|p2a: Iron Moth\n|-resisted|p2a: Iron Moth\n|-damage|p2a: Iron Moth|0 fnt\n|-unboost|p1a: Lopunny|def|1\n|-unboost|p1a: Lopunny|spd|1\n|faint|p2a: Iron Moth\n|-end|p2a: Iron Moth|Quark Drive|[silent]\n|\n|upkeep\n|\n|t:|1700159523\n|switch|p2a: Alomomola|Alomomola, L99, F|86\/100 tox\n|turn|37\n|\n|t:|1700159572\n|switch|p1a: Tapu Lele|Tapu Lele|100\/100\n|-fieldstart|move: Psychic Terrain|[from] ability: Psychic Surge|[of] p1a: Tapu Lele\n|move|p2a: Alomomola|Flip Turn|p1a: Tapu Lele\n|-damage|p1a: Tapu Lele|75\/100\n|\n|t:|1700159588\n|switch|p2a: Ferrothorn|Ferrothorn, M|74\/100|[from] Flip Turn\n|\n|upkeep\n|turn|38\n|\n|t:|1700159676\n|switch|p1a: Heatran|Heatran, M|41\/100\n|move|p2a: Ferrothorn|Spikes|p1a: Heatran\n|-sidestart|p1: Xoky_Jose Ale 55|Spikes\n|\n|upkeep\n|turn|39\n|\n|t:|1700159697\n|switch|p2a: Alomomola|Alomomola, L99, F|100\/100 tox\n|move|p1a: Heatran|Magma Storm|p2a: Alomomola\n|-resisted|p2a: Alomomola\n|-damage|p2a: Alomomola|82\/100 tox\n|-activate|p2a: Alomomola|move: Magma Storm|[of] p1a: Heatran\n|\n|-damage|p2a: Alomomola|76\/100 tox|[from] psn\n|-damage|p2a: Alomomola|64\/100 tox|[from] move: Magma Storm|[partiallytrapped]\n|upkeep\n|turn|40\n|\n|t:|1700159704\n|move|p1a: Heatran|Earth Power|p2a: Alomomola\n|-damage|p2a: Alomomola|41\/100 tox\n|move|p2a: Alomomola|Flip Turn|p1a: Heatran\n|-supereffective|p1a: Heatran\n|-damage|p1a: Heatran|13\/100\n|\n|t:|1700159707\n|switch|p2a: Tapu Koko|Tapu Koko|1\/100|[from] Flip Turn\n|-fieldstart|move: Electric Terrain|[from] ability: Electric Surge|[of] p2a: Tapu Koko\n|\n|upkeep\n|turn|41\n|\n|t:|1700159715\n|move|p2a: Tapu Koko|Thunderbolt|p1a: Heatran\n|-crit|p1a: Heatran\n|-damage|p1a: Heatran|0 fnt\n|faint|p1a: Heatran\n|\n|upkeep\n|\n|t:|1700159721\n|switch|p1a: Tapu Lele|Tapu Lele|75\/100\n|-damage|p1a: Tapu Lele|62\/100|[from] Spikes\n|-fieldstart|move: Psychic Terrain|[from] ability: Psychic Surge|[of] p1a: Tapu Lele\n|turn|42\n|\n|t:|1700159743\n|move|p1a: Tapu Lele|Psychic|p2a: Tapu Koko\n|-damage|p2a: Tapu Koko|0 fnt\n|faint|p2a: Tapu Koko\n|\n|upkeep\n|\n|t:|1700159745\n|switch|p2a: Ferrothorn|Ferrothorn, M|74\/100\n|turn|43\n|\n|t:|1700159754\n|switch|p1a: Lopunny|Lopunny-Mega, M|9\/100\n|-damage|p1a: Lopunny|0 fnt|[from] Spikes\n|faint|p1a: Lopunny\n|move|p2a: Ferrothorn|Gyro Ball|p1: Lopunny|[notarget]\n|-fail|p2a: Ferrothorn\n|\n|upkeep\n|\n|t:|1700159760\n|switch|p1a: Tapu Lele|Tapu Lele|62\/100\n|-damage|p1a: Tapu Lele|50\/100|[from] Spikes\n|turn|44\n|\n|t:|1700159763\n|switch|p2a: Alomomola|Alomomola, L99, F|74\/100 tox\n|move|p1a: Tapu Lele|Focus Blast|p2a: Alomomola|[miss]\n|-miss|p1a: Tapu Lele|p2a: Alomomola\n|\n|-damage|p2a: Alomomola|68\/100 tox|[from] psn\n|upkeep\n|turn|45\n|\n|t:|1700159785\n|move|p1a: Tapu Lele|Focus Blast|p2a: Alomomola\n|-damage|p2a: Alomomola|33\/100 tox\n|move|p2a: Alomomola|Flip Turn|p1a: Tapu Lele\n|-damage|p1a: Tapu Lele|27\/100\n|\n|t:|1700159789\n|switch|p2a: Ferrothorn|Ferrothorn, M|74\/100|[from] Flip Turn\n|\n|upkeep\n|turn|46\n|\n|t:|1700159793\n|-terastallize|p2a: Ferrothorn|Ghost\n|move|p1a: Tapu Lele|Focus Blast|p2a: Ferrothorn\n|-immune|p2a: Ferrothorn\n|move|p2a: Ferrothorn|Gyro Ball|p1a: Tapu Lele\n|-supereffective|p1a: Tapu Lele\n|-damage|p1a: Tapu Lele|0 fnt\n|faint|p1a: Tapu Lele\n|\n|win|carlotaRC\n|c|\u2606Xoky_Jose Ale 55|gg\n|c|\u2606carlotaRC|Gg\n|l| tempo di anguria\n","uploadtime":1700159809,"views":23,"p1id":"xokyjoseale55","p2id":"carlotarc","formatid":"gen9nationaldex","rating":0,"private":0,"password":""}