{"id":"gen9nationaldex-1998101789","p1":"Me ded","p2":"kqxt\u5c0f\u4f19\u4f34","format":"[Gen 9] National Dex","log":"|html|<div class=\"broadcast-blue\"><strong>[Gen 9] National Dex is currently suspecting Sneasler! For information on how to participate check out the <a href=\"https:\/\/www.smogon.com\/forums\/threads\/sv-national-dex-suspect-8-just-dance.3731534\/\">suspect thread<\/a>.<\/strong><\/div>\n|j|\u2606Me ded\n|j|\u2606kqxt\u5c0f\u4f19\u4f34\n|t:|1700891571\n|gametype|singles\n|player|p1|Me ded|unknown|1263\n|player|p2|kqxt\u5c0f\u4f19\u4f34|acetrainerf-gen6xy|1313\n|teamsize|p1|6\n|teamsize|p2|6\n|gen|9\n|tier|[Gen 9] National Dex\n|rated|\n|rule|HP Percentage Mod: HP is shown in percentages\n|rule|Endless Battle Clause: Forcing endless battles is banned\n|rule|OHKO Clause: OHKO moves are banned\n|rule|Evasion Clause: Evasion abilities, items, and moves are banned\n|rule|Evasion Abilities Clause: Evasion abilities are banned\n|rule|Evasion Items Clause: Evasion items are banned\n|rule|Evasion Moves Clause: Evasion moves are banned\n|rule|Species Clause: Limit one of each Pok\u00e9mon\n|rule|Sleep Clause Mod: Limit one foe put to sleep\n|clearpoke\n|poke|p1|Excadrill, F|\n|poke|p1|Swampert, M|\n|poke|p1|Galvantula, M|\n|poke|p1|Blacephalon|\n|poke|p1|Porygon-Z|\n|poke|p1|Urshifu-*, F|\n|poke|p2|Doublade, M|\n|poke|p2|Tapu Koko|\n|poke|p2|Sneasler, F|\n|poke|p2|Alomomola, F|\n|poke|p2|Sceptile, M|\n|poke|p2|Entei|\n|teampreview\n|\n|t:|1700891597\n|start\n|switch|p1a: Blacephalon|Blacephalon|100\/100\n|switch|p2a: Tapu Koko|Tapu Koko|100\/100\n|-fieldstart|move: Electric Terrain|[from] ability: Electric Surge|[of] p2a: Tapu Koko\n|turn|1\n|\n|t:|1700891611\n|switch|p1a: Skipper|Swampert, M|100\/100\n|move|p2a: Tapu Koko|Volt Switch|p1a: Skipper\n|-immune|p1a: Skipper\n|\n|upkeep\n|turn|2\n|\n|t:|1700891629\n|switch|p2a: Alomomola|Alomomola, F|100\/100\n|detailschange|p1a: Skipper|Swampert-Mega, M\n|-mega|p1a: Skipper|Swampert|Swampertite\n|move|p1a: Skipper|Ice Punch|p2a: Alomomola\n|-resisted|p2a: Alomomola\n|-damage|p2a: Alomomola|90\/100\n|-status|p2a: Alomomola|frz\n|\n|-heal|p2a: Alomomola|97\/100 frz|[from] item: Leftovers\n|upkeep\n|turn|3\n|\n|t:|1700891640\n|move|p1a: Skipper|Earthquake|p2a: Alomomola\n|-damage|p2a: Alomomola|54\/100 frz\n|cant|p2a: Alomomola|frz\n|\n|-heal|p2a: Alomomola|60\/100 frz|[from] item: Leftovers\n|upkeep\n|turn|4\n|\n|t:|1700891655\n|move|p1a: Skipper|Earthquake|p2a: Alomomola\n|-damage|p2a: Alomomola|15\/100 frz\n|cant|p2a: Alomomola|frz\n|\n|-heal|p2a: Alomomola|21\/100 frz|[from] item: Leftovers\n|upkeep\n|turn|5\n|\n|t:|1700891662\n|move|p1a: Skipper|Earthquake|p2a: Alomomola\n|-damage|p2a: Alomomola|0 fnt\n|faint|p2a: Alomomola\n|\n|-fieldend|move: Electric Terrain\n|upkeep\n|\n|t:|1700891670\n|switch|p2a: Sceptile|Sceptile, M|100\/100\n|turn|6\n|\n|t:|1700891682\n|switch|p1a: Blacephalon|Blacephalon|100\/100\n|detailschange|p2a: Sceptile|Sceptile-Mega, M\n|-mega|p2a: Sceptile|Sceptile|Sceptilite\n|move|p2a: Sceptile|Dragon Pulse|p1a: Blacephalon\n|-damage|p1a: Blacephalon|26\/100\n|\n|upkeep\n|turn|7\n|\n|t:|1700891691\n|move|p1a: Blacephalon|Protect|p1a: Blacephalon\n|-singleturn|p1a: Blacephalon|Protect\n|move|p2a: Sceptile|Dragon Pulse|p1a: Blacephalon\n|-activate|p1a: Blacephalon|move: Protect\n|\n|upkeep\n|turn|8\n|\n|t:|1700891698\n|move|p2a: Sceptile|Hidden Power|p1a: Blacephalon\n|-supereffective|p1a: Blacephalon\n|-damage|p1a: Blacephalon|0 fnt\n|faint|p1a: Blacephalon\n|\n|upkeep\n|\n|t:|1700891700\n|switch|p1a: Z|Porygon-Z, shiny|100\/100\n|turn|9\n|\n|t:|1700891705\n|move|p1a: Z|Ice Beam|p2a: Sceptile\n|-supereffective|p2a: Sceptile\n|-damage|p2a: Sceptile|0 fnt\n|faint|p2a: Sceptile\n|\n|upkeep\n|\n|t:|1700891718\n|switch|p2a: Tapu Koko|Tapu Koko|100\/100\n|-fieldstart|move: Electric Terrain|[from] ability: Electric Surge|[of] p2a: Tapu Koko\n|turn|10\n|\n|t:|1700891725\n|switch|p1a: Drill|Excadrill, F, shiny|100\/100\n|-ability|p1a: Drill|Mold Breaker\n|switch|p2a: Sneasler|Sneasler, F|100\/100\n|-enditem|p2a: Sneasler|Electric Seed\n|-boost|p2a: Sneasler|def|1|[from] item: Electric Seed\n|\n|upkeep\n|turn|11\n|\n|t:|1700891742\n|switch|p1a: Skipper|Swampert-Mega, M|100\/100\n|move|p2a: Sneasler|Close Combat|p1a: Skipper\n|-damage|p1a: Skipper|52\/100\n|-unboost|p2a: Sneasler|def|1\n|-unboost|p2a: Sneasler|spd|1\n|\n|upkeep\n|turn|12\n|\n|t:|1700891751\n|move|p2a: Sneasler|Dire Claw|p1a: Skipper\n|-resisted|p1a: Skipper\n|-damage|p1a: Skipper|35\/100\n|move|p1a: Skipper|Earthquake|p2a: Sneasler\n|-supereffective|p2a: Sneasler\n|-damage|p2a: Sneasler|0 fnt\n|faint|p2a: Sneasler\n|\n|upkeep\n|\n|t:|1700891760\n|switch|p2a: Entei|Entei|100\/100\n|turn|13\n|\n|t:|1700891767\n|move|p2a: Entei|Crunch|p1a: Skipper\n|-damage|p1a: Skipper|14\/100\n|-unboost|p1a: Skipper|def|1\n|move|p1a: Skipper|Earthquake|p2a: Entei\n|-supereffective|p2a: Entei\n|-damage|p2a: Entei|0 fnt\n|faint|p2a: Entei\n|\n|upkeep\n|-message|kqxt\u5c0f\u4f19\u4f34 forfeited.\n|\n|win|Me ded\n|raw|Me ded's rating: 1263 &rarr; <strong>1292<\/strong><br \/>(+29 for winning)\n|raw|kqxt\u5c0f\u4f19\u4f34's rating: 1313 &rarr; <strong>1290<\/strong><br \/>(-23 for losing)\n|l|\u2606kqxt\u5c0f\u4f19\u4f34\n","uploadtime":1700891810,"views":2,"p1id":"meded","p2id":"kqxt","formatid":"gen9nationaldex","rating":1290,"private":0,"password":""}