{"id":"gen9nationaldex-1993481037","p1":"gaara_kzyk","p2":"Djangoman","format":"[Gen 9] National Dex","log":"|j|\u2606gaara_kzyk\n|j|\u2606Djangoman\n|t:|1700323066\n|gametype|singles\n|player|p1|gaara_kzyk|cyrus|1065\n|player|p2|Djangoman|artist-gen4|1082\n|teamsize|p1|6\n|teamsize|p2|6\n|gen|9\n|tier|[Gen 9] National Dex\n|rated|\n|rule|HP Percentage Mod: HP is shown in percentages\n|rule|Endless Battle Clause: Forcing endless battles is banned\n|rule|OHKO Clause: OHKO moves are banned\n|rule|Evasion Clause: Evasion abilities, items, and moves are banned\n|rule|Evasion Abilities Clause: Evasion abilities are banned\n|rule|Evasion Items Clause: Evasion items are banned\n|rule|Evasion Moves Clause: Evasion moves are banned\n|rule|Species Clause: Limit one of each Pok\u00e9mon\n|rule|Sleep Clause Mod: Limit one foe put to sleep\n|clearpoke\n|poke|p1|Hippowdon, F|\n|poke|p1|Landorus-Therian, M|\n|poke|p1|Tyranitar, F|\n|poke|p1|Excadrill, M|\n|poke|p1|Garchomp, M|\n|poke|p1|Palossand, F|\n|poke|p2|Gigalith, M|\n|poke|p2|Alakazam, M|\n|poke|p2|Excadrill, F|\n|poke|p2|Buzzwole|\n|poke|p2|Sableye, M|\n|poke|p2|Whimsicott, F|\n|teampreview\n|\n|t:|1700323071\n|start\n|switch|p1a: Hippowdon|Hippowdon, F|100\/100\n|switch|p2a: Tsar|Gigalith, M|100\/100\n|-weather|Sandstorm|[from] ability: Sand Stream|[of] p1a: Hippowdon\n|turn|1\n|\n|t:|1700323081\n|move|p1a: Hippowdon|Earthquake|p2a: Tsar\n|-supereffective|p2a: Tsar\n|-damage|p2a: Tsar|33\/100\n|move|p2a: Tsar|Explosion|p1a: Hippowdon\n|-damage|p1a: Hippowdon|6\/100\n|faint|p2a: Tsar\n|\n|-weather|Sandstorm|[upkeep]\n|upkeep\n|\n|t:|1700323089\n|switch|p2a: Stitch|Sableye, M|100\/100\n|turn|2\n|\n|t:|1700323093\n|detailschange|p2a: Stitch|Sableye-Mega, M\n|-mega|p2a: Stitch|Sableye|Sablenite\n|move|p1a: Hippowdon|Yawn|p2a: Stitch\n|move|p2a: Stitch|Yawn|p1a: Hippowdon|[from]ability: Magic Bounce\n|-start|p1a: Hippowdon|move: Yawn|[of] p2a: Stitch\n|move|p2a: Stitch|Knock Off|p1a: Hippowdon\n|-damage|p1a: Hippowdon|0 fnt\n|-enditem|p1a: Hippowdon|Smooth Rock|[from] move: Knock Off|[of] p2a: Stitch\n|faint|p1a: Hippowdon\n|\n|-weather|Sandstorm|[upkeep]\n|-damage|p2a: Stitch|94\/100|[from] Sandstorm\n|upkeep\n|\n|t:|1700323110\n|switch|p1a: Garchomp|Garchomp, M|100\/100\n|turn|3\n|\n|t:|1700323117\n|move|p1a: Garchomp|Swords Dance|p1a: Garchomp\n|-boost|p1a: Garchomp|atk|2\n|move|p2a: Stitch|Knock Off|p1a: Garchomp\n|-damage|p1a: Garchomp|69\/100\n|-damage|p2a: Stitch|82\/100|[from] ability: Rough Skin|[of] p1a: Garchomp\n|-damage|p2a: Stitch|66\/100|[from] item: Rocky Helmet|[of] p1a: Garchomp\n|-enditem|p1a: Garchomp|Rocky Helmet|[from] move: Knock Off|[of] p2a: Stitch\n|\n|-weather|Sandstorm|[upkeep]\n|-damage|p2a: Stitch|59\/100|[from] Sandstorm\n|upkeep\n|turn|4\n|\n|t:|1700323131\n|move|p1a: Garchomp|Earthquake|p2a: Stitch\n|-damage|p2a: Stitch|0 fnt\n|faint|p2a: Stitch\n|\n|-weather|Sandstorm|[upkeep]\n|upkeep\n|\n|t:|1700323136\n|switch|p2a: Pesada|Whimsicott, F|100\/100\n|turn|5\n|\n|t:|1700323142\n|-terastallize|p1a: Garchomp|Dragon\n|move|p2a: Pesada|Dazzling Gleam|p1a: Garchomp\n|-supereffective|p1a: Garchomp\n|-damage|p1a: Garchomp|0 fnt\n|faint|p1a: Garchomp\n|\n|-weather|Sandstorm|[upkeep]\n|-damage|p2a: Pesada|94\/100|[from] Sandstorm\n|upkeep\n|\n|t:|1700323154\n|switch|p1a: Excadrill|Excadrill, M|100\/100\n|turn|6\n|\n|t:|1700323159\n|switch|p2a: Emperor|Excadrill, F|100\/100\n|-ability|p2a: Emperor|Mold Breaker\n|move|p1a: Excadrill|Poison Jab|p2a: Emperor\n|-immune|p2a: Emperor\n|\n|-weather|Sandstorm|[upkeep]\n|upkeep\n|turn|7\n|\n|t:|1700323169\n|move|p1a: Excadrill|Drill Run|p2a: Emperor\n|-supereffective|p2a: Emperor\n|-damage|p2a: Emperor|0 fnt\n|faint|p2a: Emperor\n|\n|-weather|Sandstorm|[upkeep]\n|upkeep\n|\n|t:|1700323175\n|switch|p2a: Pesada|Whimsicott, F|94\/100\n|turn|8\n|\n|t:|1700323183\n|move|p2a: Pesada|Encore|p1a: Excadrill\n|-start|p1a: Excadrill|Encore\n|move|p1a: Excadrill|Drill Run|p2a: Pesada\n|-resisted|p2a: Pesada\n|-damage|p2a: Pesada|56\/100\n|\n|-weather|none\n|upkeep\n|turn|9\n|\n|t:|1700323189\n|switch|p2a: Richard|Buzzwole|100\/100\n|switch|p1a: Gaara|Landorus-Therian, M|100\/100\n|-ability|p1a: Gaara|Intimidate|boost\n|-unboost|p2a: Richard|atk|1\n|\n|upkeep\n|turn|10\n|\n|t:|1700323203\n|-terastallize|p2a: Richard|Bug\n|move|p1a: Gaara|Earthquake|p2a: Richard\n|-resisted|p2a: Richard\n|-damage|p2a: Richard|83\/100\n|move|p2a: Richard|Bulk Up|p2a: Richard\n|-boost|p2a: Richard|atk|1\n|-boost|p2a: Richard|def|1\n|\n|upkeep\n|turn|11\n|\n|t:|1700323211\n|move|p1a: Gaara|Rock Slide|p2a: Richard|[miss]\n|-miss|p1a: Gaara|p2a: Richard\n|move|p2a: Richard|Bulk Up|p2a: Richard\n|-boost|p2a: Richard|atk|1\n|-boost|p2a: Richard|def|1\n|\n|upkeep\n|turn|12\n|\n|t:|1700323217\n|move|p1a: Gaara|Rock Slide|p2a: Richard\n|-supereffective|p2a: Richard\n|-damage|p2a: Richard|64\/100\n|move|p2a: Richard|Ice Punch|p1a: Gaara\n|-supereffective|p1a: Gaara\n|-damage|p1a: Gaara|0 fnt\n|faint|p1a: Gaara\n|-ability|p2a: Richard|Beast Boost|boost\n|-boost|p2a: Richard|atk|1\n|\n|upkeep\n|\n|t:|1700323227\n|switch|p1a: Palossand|Palossand, F|100\/100\n|turn|13\n|\n|t:|1700323236\n|move|p2a: Richard|Darkest Lariat|p1a: Palossand\n|-supereffective|p1a: Palossand\n|-damage|p1a: Palossand|0 fnt\n|faint|p1a: Palossand\n|-ability|p2a: Richard|Beast Boost|boost\n|-boost|p2a: Richard|atk|1\n|\n|upkeep\n|\n|t:|1700323239\n|switch|p1a: Tyranitar|Tyranitar, F|100\/100\n|-weather|Sandstorm|[from] ability: Sand Stream|[of] p1a: Tyranitar\n|turn|14\n|\n|t:|1700323247\n|detailschange|p1a: Tyranitar|Tyranitar-Mega, F\n|-mega|p1a: Tyranitar|Tyranitar|Tyranitarite\n|move|p2a: Richard|Superpower|p1a: Tyranitar\n|-supereffective|p1a: Tyranitar\n|-damage|p1a: Tyranitar|0 fnt\n|-unboost|p2a: Richard|atk|1\n|-unboost|p2a: Richard|def|1\n|faint|p1a: Tyranitar\n|-ability|p2a: Richard|Beast Boost|boost\n|-boost|p2a: Richard|atk|1\n|\n|-weather|Sandstorm|[upkeep]\n|-damage|p2a: Richard|58\/100|[from] Sandstorm\n|upkeep\n|\n|t:|1700323252\n|switch|p1a: Excadrill|Excadrill, M|100\/100\n|turn|15\n|\n|t:|1700323260\n|move|p1a: Excadrill|Iron Head|p2a: Richard\n|-damage|p2a: Richard|36\/100\n|-enditem|p2a: Richard|Sitrus Berry|[eat]\n|-heal|p2a: Richard|61\/100|[from] item: Sitrus Berry\n|cant|p2a: Richard|flinch\n|\n|-weather|Sandstorm|[upkeep]\n|-damage|p2a: Richard|55\/100|[from] Sandstorm\n|upkeep\n|turn|16\n|\n|t:|1700323268\n|move|p1a: Excadrill|Iron Head|p2a: Richard\n|-crit|p2a: Richard\n|-damage|p2a: Richard|5\/100\n|move|p2a: Richard|Superpower|p1a: Excadrill\n|-supereffective|p1a: Excadrill\n|-damage|p1a: Excadrill|0 fnt\n|-unboost|p2a: Richard|atk|1\n|-unboost|p2a: Richard|def|1\n|faint|p1a: Excadrill\n|\n|win|Djangoman\n|raw|gaara_kzyk's rating: 1065 &rarr; <strong>1046<\/strong><br \/>(-19 for losing)\n|raw|Djangoman's rating: 1082 &rarr; <strong>1108<\/strong><br \/>(+26 for winning)\n|l|\u2606gaara_kzyk\n","uploadtime":1700323280,"views":26,"p1id":"gaarakzyk","p2id":"djangoman","formatid":"gen9nationaldex","rating":1046,"private":0,"password":""}