{"id":"gen9nationaldex-1997667387","p1":"Akihiro Nira","p2":"congpizza","format":"[Gen 9] National Dex","log":"|html|<div class=\"broadcast-blue\"><strong>[Gen 9] National Dex is currently suspecting Sneasler! For information on how to participate check out the <a href=\"https:\/\/www.smogon.com\/forums\/threads\/sv-national-dex-suspect-8-just-dance.3731534\/\">suspect thread<\/a>.<\/strong><\/div>\n|j|\u2606Akihiro Nira\n|j|\u2606congpizza\n|t:|1700839572\n|gametype|singles\n|player|p1|Akihiro Nira|cynthia-gen7|1252\n|player|p2|congpizza|hilbert|1332\n|teamsize|p1|6\n|teamsize|p2|6\n|gen|9\n|tier|[Gen 9] National Dex\n|rated|\n|rule|HP Percentage Mod: HP is shown in percentages\n|rule|Endless Battle Clause: Forcing endless battles is banned\n|rule|OHKO Clause: OHKO moves are banned\n|rule|Evasion Clause: Evasion abilities, items, and moves are banned\n|rule|Evasion Abilities Clause: Evasion abilities are banned\n|rule|Evasion Items Clause: Evasion items are banned\n|rule|Evasion Moves Clause: Evasion moves are banned\n|rule|Species Clause: Limit one of each Pok\u00e9mon\n|rule|Sleep Clause Mod: Limit one foe put to sleep\n|clearpoke\n|poke|p1|Necrozma|\n|poke|p1|Ting-Lu|\n|poke|p1|Heatran, F|\n|poke|p1|Venusaur, M|\n|poke|p1|Rotom-Wash|\n|poke|p1|Corviknight, M|\n|poke|p2|Pelipper, M|\n|poke|p2|Greninja-*, M|\n|poke|p2|Swampert, F|\n|poke|p2|Ferrothorn, M|\n|poke|p2|Zapdos|\n|poke|p2|Ogerpon-Wellspring, F|\n|teampreview\n|inactive|Battle timer is ON: inactive players will automatically lose when time's up. (requested by congpizza)\n|c|\u2606Akihiro Nira|I really need some weather control fr\n|\n|t:|1700839590\n|start\n|switch|p1a: Rotom|Rotom-Wash|100\/100\n|switch|p2a: \u8349\u94a2|Ferrothorn, M|100\/100\n|turn|1\n|\n|t:|1700839595\n|move|p1a: Rotom|Will-O-Wisp|p2a: \u8349\u94a2\n|-status|p2a: \u8349\u94a2|brn\n|move|p2a: \u8349\u94a2|Stealth Rock|p1a: Rotom\n|-sidestart|p1: Akihiro Nira|move: Stealth Rock\n|\n|-damage|p2a: \u8349\u94a2|94\/100 brn|[from] brn\n|upkeep\n|turn|2\n|\n|t:|1700839603\n|switch|p1a: Corviknight|Corviknight, M|100\/100\n|-damage|p1a: Corviknight|88\/100|[from] Stealth Rock\n|-ability|p1a: Corviknight|Pressure\n|move|p2a: \u8349\u94a2|Gyro Ball|p1a: Corviknight\n|-resisted|p1a: Corviknight\n|-damage|p1a: Corviknight|82\/100\n|-damage|p2a: \u8349\u94a2|78\/100 brn|[from] item: Rocky Helmet|[of] p1a: Corviknight\n|\n|-damage|p2a: \u8349\u94a2|72\/100 brn|[from] brn\n|upkeep\n|turn|3\n|\n|t:|1700839608\n|switch|p2a: \u6253\u96f7\u4f55\u65f6\u80fd\u4e2d|Zapdos|100\/100\n|move|p1a: Corviknight|Defog|p2a: \u6253\u96f7\u4f55\u65f6\u80fd\u4e2d\n|-unboost|p2a: \u6253\u96f7\u4f55\u65f6\u80fd\u4e2d|evasion|1\n|-sideend|p1: Akihiro Nira|Stealth Rock|[from] move: Defog|[of] p1a: Corviknight\n|\n|upkeep\n|turn|4\n|\n|t:|1700839616\n|switch|p1a: Ting-Lu|Ting-Lu|100\/100\n|-ability|p1a: Ting-Lu|Vessel of Ruin\n|move|p2a: \u6253\u96f7\u4f55\u65f6\u80fd\u4e2d|Hurricane|p1a: Ting-Lu\n|-damage|p1a: Ting-Lu|73\/100\n|-start|p1a: Ting-Lu|confusion\n|\n|-heal|p1a: Ting-Lu|79\/100|[from] item: Leftovers\n|upkeep\n|turn|5\n|\n|t:|1700839627\n|switch|p2a: \u76d6\u9e25\u5361|Pelipper, M|100\/100\n|-weather|RainDance|[from] ability: Drizzle|[of] p2a: \u76d6\u9e25\u5361\n|-activate|p1a: Ting-Lu|confusion\n|move|p1a: Ting-Lu|Stealth Rock|p2a: \u76d6\u9e25\u5361\n|-sidestart|p2: congpizza|move: Stealth Rock\n|\n|-weather|RainDance|[upkeep]\n|-heal|p1a: Ting-Lu|85\/100|[from] item: Leftovers\n|upkeep\n|turn|6\n|\n|t:|1700839635\n|switch|p1a: Venusaur|Venusaur, M|100\/100\n|move|p2a: \u76d6\u9e25\u5361|U-turn|p1a: Venusaur\n|-damage|p1a: Venusaur|91\/100\n|\n|t:|1700839641\n|switch|p2a: \u6253\u96f7\u4f55\u65f6\u80fd\u4e2d|Zapdos|100\/100|[from] U-turn\n|\n|-weather|RainDance|[upkeep]\n|upkeep\n|turn|7\n|\n|t:|1700839652\n|switch|p1a: Heatran|Heatran, F|100\/100\n|move|p2a: \u6253\u96f7\u4f55\u65f6\u80fd\u4e2d|Hurricane|p1a: Heatran\n|-resisted|p1a: Heatran\n|-damage|p1a: Heatran|83\/100\n|\n|-weather|RainDance|[upkeep]\n|-heal|p1a: Heatran|89\/100|[from] item: Leftovers\n|upkeep\n|turn|8\n|\n|t:|1700839662\n|move|p2a: \u6253\u96f7\u4f55\u65f6\u80fd\u4e2d|Thunderbolt|p1a: Heatran\n|-damage|p1a: Heatran|59\/100\n|-status|p1a: Heatran|par\n|move|p1a: Heatran|Magma Storm|p2a: \u6253\u96f7\u4f55\u65f6\u80fd\u4e2d\n|-damage|p2a: \u6253\u96f7\u4f55\u65f6\u80fd\u4e2d|75\/100\n|-activate|p2a: \u6253\u96f7\u4f55\u65f6\u80fd\u4e2d|move: Magma Storm|[of] p1a: Heatran\n|\n|-weather|RainDance|[upkeep]\n|-heal|p1a: Heatran|65\/100 par|[from] item: Leftovers\n|-damage|p2a: \u6253\u96f7\u4f55\u65f6\u80fd\u4e2d|63\/100|[from] move: Magma Storm|[partiallytrapped]\n|upkeep\n|turn|9\n|\n|t:|1700839669\n|move|p1a: Heatran|Protect|p1a: Heatran\n|-singleturn|p1a: Heatran|Protect\n|move|p2a: \u6253\u96f7\u4f55\u65f6\u80fd\u4e2d|Defog|p1a: Heatran\n|-activate|p1a: Heatran|move: Protect\n|\n|-weather|RainDance|[upkeep]\n|-heal|p1a: Heatran|71\/100 par|[from] item: Leftovers\n|-damage|p2a: \u6253\u96f7\u4f55\u65f6\u80fd\u4e2d|50\/100|[from] move: Magma Storm|[partiallytrapped]\n|upkeep\n|turn|10\n|\n|t:|1700839673\n|move|p2a: \u6253\u96f7\u4f55\u65f6\u80fd\u4e2d|Defog|p1a: Heatran\n|-unboost|p1a: Heatran|evasion|1\n|-sideend|p2: congpizza|Stealth Rock|[from] move: Defog|[of] p2a: \u6253\u96f7\u4f55\u65f6\u80fd\u4e2d\n|move|p1a: Heatran|Taunt|p2a: \u6253\u96f7\u4f55\u65f6\u80fd\u4e2d\n|-start|p2a: \u6253\u96f7\u4f55\u65f6\u80fd\u4e2d|move: Taunt\n|\n|-weather|RainDance|[upkeep]\n|-heal|p1a: Heatran|77\/100 par|[from] item: Leftovers\n|-damage|p2a: \u6253\u96f7\u4f55\u65f6\u80fd\u4e2d|38\/100|[from] move: Magma Storm|[partiallytrapped]\n|upkeep\n|turn|11\n|\n|t:|1700839685\n|move|p1a: Heatran|Protect|p1a: Heatran\n|-singleturn|p1a: Heatran|Protect\n|move|p2a: \u6253\u96f7\u4f55\u65f6\u80fd\u4e2d|Hurricane|p1a: Heatran\n|-activate|p1a: Heatran|move: Protect\n|\n|-weather|RainDance|[upkeep]\n|-heal|p1a: Heatran|83\/100 par|[from] item: Leftovers\n|-damage|p2a: \u6253\u96f7\u4f55\u65f6\u80fd\u4e2d|26\/100|[from] move: Magma Storm|[partiallytrapped]\n|upkeep\n|turn|12\n|\n|t:|1700839691\n|move|p2a: \u6253\u96f7\u4f55\u65f6\u80fd\u4e2d|Thunderbolt|p1a: Heatran\n|-damage|p1a: Heatran|54\/100 par\n|move|p1a: Heatran|Magma Storm|p2a: \u6253\u96f7\u4f55\u65f6\u80fd\u4e2d\n|-damage|p2a: \u6253\u96f7\u4f55\u65f6\u80fd\u4e2d|1\/100\n|\n|-weather|none\n|-heal|p1a: Heatran|61\/100 par|[from] item: Leftovers\n|-end|p2a: \u6253\u96f7\u4f55\u65f6\u80fd\u4e2d|Magma Storm|[partiallytrapped]\n|upkeep\n|turn|13\n|\n|t:|1700839702\n|switch|p2a: \u76d6\u9e25\u5361|Pelipper, M|100\/100\n|-weather|RainDance|[from] ability: Drizzle|[of] p2a: \u76d6\u9e25\u5361\n|move|p1a: Heatran|Magma Storm|p2a: \u76d6\u9e25\u5361\n|-resisted|p2a: \u76d6\u9e25\u5361\n|-damage|p2a: \u76d6\u9e25\u5361|83\/100\n|-activate|p2a: \u76d6\u9e25\u5361|move: Magma Storm|[of] p1a: Heatran\n|\n|-weather|RainDance|[upkeep]\n|-heal|p1a: Heatran|67\/100 par|[from] item: Leftovers\n|-damage|p2a: \u76d6\u9e25\u5361|71\/100|[from] move: Magma Storm|[partiallytrapped]\n|upkeep\n|turn|14\n|\n|t:|1700839710\n|switch|p1a: Venusaur|Venusaur, M|91\/100\n|move|p2a: \u76d6\u9e25\u5361|U-turn|p1a: Venusaur\n|-damage|p1a: Venusaur|81\/100\n|\n|t:|1700839723\n|switch|p2a: \u8349\u94a2|Ferrothorn, M|72\/100 brn|[from] U-turn\n|\n|-weather|RainDance|[upkeep]\n|-damage|p2a: \u8349\u94a2|65\/100 brn|[from] brn\n|upkeep\n|turn|15\n|\n|t:|1700839729\n|detailschange|p1a: Venusaur|Venusaur-Mega, M\n|-mega|p1a: Venusaur|Venusaur|Venusaurite\n|move|p1a: Venusaur|Earth Power|p2a: \u8349\u94a2\n|-damage|p2a: \u8349\u94a2|39\/100 brn\n|move|p2a: \u8349\u94a2|Stealth Rock|p1a: Venusaur\n|-sidestart|p1: Akihiro Nira|move: Stealth Rock\n|\n|-weather|RainDance|[upkeep]\n|-damage|p2a: \u8349\u94a2|33\/100 brn|[from] brn\n|upkeep\n|turn|16\n|\n|t:|1700839740\n|move|p1a: Venusaur|Earth Power|p2a: \u8349\u94a2\n|-damage|p2a: \u8349\u94a2|9\/100 brn\n|move|p2a: \u8349\u94a2|Gyro Ball|p1a: Venusaur\n|-damage|p1a: Venusaur|64\/100\n|\n|-weather|RainDance|[upkeep]\n|-damage|p2a: \u8349\u94a2|3\/100 brn|[from] brn\n|upkeep\n|turn|17\n|\n|t:|1700839750\n|switch|p2a: \u6253\u96f7\u4f55\u65f6\u80fd\u4e2d|Zapdos|1\/100\n|move|p1a: Venusaur|Giga Drain|p2a: \u6253\u96f7\u4f55\u65f6\u80fd\u4e2d\n|-resisted|p2a: \u6253\u96f7\u4f55\u65f6\u80fd\u4e2d\n|-damage|p2a: \u6253\u96f7\u4f55\u65f6\u80fd\u4e2d|0 fnt\n|-heal|p1a: Venusaur|65\/100|[from] drain|[of] p2a: \u6253\u96f7\u4f55\u65f6\u80fd\u4e2d\n|faint|p2a: \u6253\u96f7\u4f55\u65f6\u80fd\u4e2d\n|\n|-weather|RainDance|[upkeep]\n|upkeep\n|\n|t:|1700839764\n|switch|p2a: Ogerpon|Ogerpon-Wellspring, F|100\/100\n|turn|18\n|\n|t:|1700839771\n|move|p2a: Ogerpon|Swords Dance|p2a: Ogerpon\n|-boost|p2a: Ogerpon|atk|2\n|move|p1a: Venusaur|Synthesis|p1a: Venusaur\n|-heal|p1a: Venusaur|90\/100\n|\n|-weather|RainDance|[upkeep]\n|upkeep\n|turn|19\n|\n|t:|1700839782\n|move|p2a: Ogerpon|Ivy Cudgel|p1a: Venusaur|[anim] Ivy Cudgel Water\n|-resisted|p1a: Venusaur\n|-damage|p1a: Venusaur|21\/100\n|move|p1a: Venusaur|Sludge Bomb|p2a: Ogerpon\n|-supereffective|p2a: Ogerpon\n|-damage|p2a: Ogerpon|1\/100\n|-status|p2a: Ogerpon|psn\n|\n|-weather|RainDance|[upkeep]\n|-damage|p2a: Ogerpon|0 fnt|[from] psn\n|faint|p2a: Ogerpon\n|upkeep\n|\n|t:|1700839790\n|switch|p2a: \u9a6c\u5676\u5de8\u6cbc\u602a|Swampert, F|100\/100\n|turn|20\n|\n|t:|1700839802\n|switch|p1a: Rotom|Rotom-Wash|100\/100\n|-damage|p1a: Rotom|88\/100|[from] Stealth Rock\n|detailschange|p2a: \u9a6c\u5676\u5de8\u6cbc\u602a|Swampert-Mega, F\n|-mega|p2a: \u9a6c\u5676\u5de8\u6cbc\u602a|Swampert|Swampertite\n|move|p2a: \u9a6c\u5676\u5de8\u6cbc\u602a|Waterfall|p1a: Rotom\n|-resisted|p1a: Rotom\n|-damage|p1a: Rotom|49\/100\n|\n|-weather|none\n|upkeep\n|turn|21\n|\n|t:|1700839810\n|move|p1a: Rotom|Will-O-Wisp|p2a: \u9a6c\u5676\u5de8\u6cbc\u602a\n|-status|p2a: \u9a6c\u5676\u5de8\u6cbc\u602a|brn\n|move|p2a: \u9a6c\u5676\u5de8\u6cbc\u602a|Flip Turn|p1a: Rotom\n|-resisted|p1a: Rotom\n|-damage|p1a: Rotom|40\/100\n|\n|t:|1700839813\n|switch|p2a: \u76d6\u9e25\u5361|Pelipper, M|71\/100|[from] Flip Turn\n|-weather|RainDance|[from] ability: Drizzle|[of] p2a: \u76d6\u9e25\u5361\n|\n|-weather|RainDance|[upkeep]\n|upkeep\n|turn|22\n|\n|t:|1700839823\n|switch|p1a: Corviknight|Corviknight, M|82\/100\n|-damage|p1a: Corviknight|70\/100|[from] Stealth Rock\n|-ability|p1a: Corviknight|Pressure\n|switch|p2a: \u9a6c\u5676\u5de8\u6cbc\u602a|Swampert-Mega, F|100\/100 brn\n|\n|-weather|RainDance|[upkeep]\n|-damage|p2a: \u9a6c\u5676\u5de8\u6cbc\u602a|94\/100 brn|[from] brn\n|upkeep\n|turn|23\n|\n|t:|1700839831\n|move|p2a: \u9a6c\u5676\u5de8\u6cbc\u602a|Ice Punch|p1a: Corviknight\n|-damage|p1a: Corviknight|60\/100\n|-damage|p2a: \u9a6c\u5676\u5de8\u6cbc\u602a|78\/100 brn|[from] item: Rocky Helmet|[of] p1a: Corviknight\n|move|p1a: Corviknight|Roost|p1a: Corviknight\n|-heal|p1a: Corviknight|100\/100\n|-singleturn|p1a: Corviknight|move: Roost\n|\n|-weather|RainDance|[upkeep]\n|-damage|p2a: \u9a6c\u5676\u5de8\u6cbc\u602a|72\/100 brn|[from] brn\n|upkeep\n|turn|24\n|\n|t:|1700839839\n|move|p2a: \u9a6c\u5676\u5de8\u6cbc\u602a|Flip Turn|p1a: Corviknight\n|-damage|p1a: Corviknight|82\/100\n|-damage|p2a: \u9a6c\u5676\u5de8\u6cbc\u602a|55\/100 brn|[from] item: Rocky Helmet|[of] p1a: Corviknight\n|\n|t:|1700839843\n|switch|p2a: \u8349\u94a2|Ferrothorn, M|3\/100 brn|[from] Flip Turn\n|move|p1a: Corviknight|Defog|p2a: \u8349\u94a2\n|-unboost|p2a: \u8349\u94a2|evasion|1\n|-sideend|p1: Akihiro Nira|Stealth Rock|[from] move: Defog|[of] p1a: Corviknight\n|\n|-weather|RainDance|[upkeep]\n|-damage|p2a: \u8349\u94a2|0 fnt|[from] brn\n|faint|p2a: \u8349\u94a2\n|upkeep\n|\n|t:|1700839845\n|switch|p2a: \u76d6\u9e25\u5361|Pelipper, M|71\/100\n|turn|25\n|\n|t:|1700839855\n|move|p1a: Corviknight|Brave Bird|p2a: \u76d6\u9e25\u5361\n|-damage|p2a: \u76d6\u9e25\u5361|33\/100\n|-damage|p1a: Corviknight|74\/100|[from] Recoil\n|move|p2a: \u76d6\u9e25\u5361|Hurricane|p1a: Corviknight\n|-resisted|p1a: Corviknight\n|-damage|p1a: Corviknight|50\/100\n|\n|-weather|RainDance|[upkeep]\n|upkeep\n|turn|26\n|\n|t:|1700839860\n|move|p1a: Corviknight|Roost|p1a: Corviknight\n|-heal|p1a: Corviknight|99\/100\n|-singleturn|p1a: Corviknight|move: Roost\n|move|p2a: \u76d6\u9e25\u5361|Hurricane|p1a: Corviknight\n|-resisted|p1a: Corviknight\n|-damage|p1a: Corviknight|79\/100\n|\n|-weather|RainDance|[upkeep]\n|upkeep\n|turn|27\n|\n|t:|1700839865\n|move|p1a: Corviknight|Brave Bird|p2a: \u76d6\u9e25\u5361\n|-damage|p2a: \u76d6\u9e25\u5361|0 fnt\n|faint|p2a: \u76d6\u9e25\u5361\n|-damage|p1a: Corviknight|72\/100|[from] Recoil\n|\n|-weather|RainDance|[upkeep]\n|upkeep\n|\n|t:|1700839868\n|switch|p2a: \u86d9\u54e5\u6c34\u70ae\u4ece\u4e0dmiss|Greninja, M|100\/100\n|turn|28\n|\n|t:|1700839873\n|move|p2a: \u86d9\u54e5\u6c34\u70ae\u4ece\u4e0dmiss|Hydro Pump|p1a: Corviknight\n|-damage|p1a: Corviknight|0 fnt\n|faint|p1a: Corviknight\n|-ability|p2a: \u86d9\u54e5\u6c34\u70ae\u4ece\u4e0dmiss|Battle Bond|boost\n|-boost|p2a: \u86d9\u54e5\u6c34\u70ae\u4ece\u4e0dmiss|atk|1\n|-boost|p2a: \u86d9\u54e5\u6c34\u70ae\u4ece\u4e0dmiss|spa|1\n|-boost|p2a: \u86d9\u54e5\u6c34\u70ae\u4ece\u4e0dmiss|spe|1\n|-activate|p2a: \u86d9\u54e5\u6c34\u70ae\u4ece\u4e0dmiss|ability: Battle Bond\n|\n|-weather|none\n|upkeep\n|\n|t:|1700839887\n|switch|p1a: Necrozma|Necrozma|100\/100\n|turn|29\n|inactive|Akihiro Nira has 120 seconds left.\n|\n|t:|1700839945\n|switch|p1a: Ting-Lu|Ting-Lu|85\/100\n|-ability|p1a: Ting-Lu|Vessel of Ruin\n|move|p2a: \u86d9\u54e5\u6c34\u70ae\u4ece\u4e0dmiss|Hydro Pump|p1a: Ting-Lu\n|-supereffective|p1a: Ting-Lu\n|-damage|p1a: Ting-Lu|0 fnt\n|faint|p1a: Ting-Lu\n|\n|upkeep\n|\n|t:|1700839951\n|switch|p1a: Rotom|Rotom-Wash|40\/100\n|turn|30\n|\n|t:|1700839957\n|-terastallize|p2a: \u86d9\u54e5\u6c34\u70ae\u4ece\u4e0dmiss|Ghost\n|move|p2a: \u86d9\u54e5\u6c34\u70ae\u4ece\u4e0dmiss|Hydro Pump|p1a: Rotom\n|-resisted|p1a: Rotom\n|-damage|p1a: Rotom|0 fnt\n|faint|p1a: Rotom\n|\n|upkeep\n|\n|t:|1700839966\n|switch|p1a: Venusaur|Venusaur-Mega, M|21\/100\n|turn|31\n|\n|t:|1700839968\n|move|p2a: \u86d9\u54e5\u6c34\u70ae\u4ece\u4e0dmiss|Hydro Pump|p1a: Venusaur\n|-resisted|p1a: Venusaur\n|-damage|p1a: Venusaur|0 fnt\n|faint|p1a: Venusaur\n|\n|upkeep\n|\n|t:|1700839971\n|switch|p1a: Necrozma|Necrozma|100\/100\n|turn|32\n|inactive|Akihiro Nira has 120 seconds left.\n|\n|t:|1700839984\n|-terastallize|p1a: Necrozma|Water\n|move|p2a: \u86d9\u54e5\u6c34\u70ae\u4ece\u4e0dmiss|Hydro Pump|p1a: Necrozma\n|-resisted|p1a: Necrozma\n|-damage|p1a: Necrozma|38\/100\n|move|p1a: Necrozma|Autotomize|p1a: Necrozma\n|-boost|p1a: Necrozma|spe|2\n|-start|p1a: Necrozma|Autotomize\n|\n|upkeep\n|turn|33\n|\n|t:|1700839994\n|move|p2a: \u86d9\u54e5\u6c34\u70ae\u4ece\u4e0dmiss|Hydro Pump|p1a: Necrozma\n|-resisted|p1a: Necrozma\n|-damage|p1a: Necrozma|0 fnt\n|faint|p1a: Necrozma\n|\n|upkeep\n|c|\u2606Akihiro Nira|you don't miss?\n|\n|t:|1700840003\n|switch|p1a: Heatran|Heatran, F|67\/100 par\n|turn|34\n|\n|t:|1700840006\n|move|p1a: Heatran|Protect|p1a: Heatran\n|-singleturn|p1a: Heatran|Protect\n|move|p2a: \u86d9\u54e5\u6c34\u70ae\u4ece\u4e0dmiss|Hydro Pump|p1a: Heatran\n|-activate|p1a: Heatran|move: Protect\n|\n|-heal|p1a: Heatran|73\/100 par|[from] item: Leftovers\n|upkeep\n|turn|35\n|\n|t:|1700840011\n|-activate|p2a: \u86d9\u54e5\u6c34\u70ae\u4ece\u4e0dmiss|move: Struggle\n|move|p2a: \u86d9\u54e5\u6c34\u70ae\u4ece\u4e0dmiss|Struggle|p1a: Heatran\n|-damage|p1a: Heatran|61\/100 par\n|-damage|p2a: \u86d9\u54e5\u6c34\u70ae\u4ece\u4e0dmiss|75\/100|[from] recoil\n|move|p1a: Heatran|Magma Storm|p2a: \u86d9\u54e5\u6c34\u70ae\u4ece\u4e0dmiss|[miss]\n|-miss|p1a: Heatran|p2a: \u86d9\u54e5\u6c34\u70ae\u4ece\u4e0dmiss\n|\n|-heal|p1a: Heatran|68\/100 par|[from] item: Leftovers\n|upkeep\n|turn|36\n|\n|t:|1700840018\n|cant|p1a: Heatran|par\n|-activate|p2a: \u86d9\u54e5\u6c34\u70ae\u4ece\u4e0dmiss|move: Struggle\n|move|p2a: \u86d9\u54e5\u6c34\u70ae\u4ece\u4e0dmiss|Struggle|p1a: Heatran\n|-damage|p1a: Heatran|55\/100 par\n|-damage|p2a: \u86d9\u54e5\u6c34\u70ae\u4ece\u4e0dmiss|50\/100|[from] recoil\n|\n|-heal|p1a: Heatran|61\/100 par|[from] item: Leftovers\n|upkeep\n|turn|37\n|\n|t:|1700840022\n|move|p1a: Heatran|Protect|p1a: Heatran\n|-singleturn|p1a: Heatran|Protect\n|-activate|p2a: \u86d9\u54e5\u6c34\u70ae\u4ece\u4e0dmiss|move: Struggle\n|move|p2a: \u86d9\u54e5\u6c34\u70ae\u4ece\u4e0dmiss|Struggle|p1a: Heatran\n|-activate|p1a: Heatran|move: Protect\n|\n|-heal|p1a: Heatran|67\/100 par|[from] item: Leftovers\n|upkeep\n|turn|38\n|\n|t:|1700840027\n|-activate|p2a: \u86d9\u54e5\u6c34\u70ae\u4ece\u4e0dmiss|move: Struggle\n|move|p2a: \u86d9\u54e5\u6c34\u70ae\u4ece\u4e0dmiss|Struggle|p1a: Heatran\n|-damage|p1a: Heatran|54\/100 par\n|-damage|p2a: \u86d9\u54e5\u6c34\u70ae\u4ece\u4e0dmiss|25\/100|[from] recoil\n|move|p1a: Heatran|Earth Power|p2a: \u86d9\u54e5\u6c34\u70ae\u4ece\u4e0dmiss\n|-damage|p2a: \u86d9\u54e5\u6c34\u70ae\u4ece\u4e0dmiss|0 fnt\n|faint|p2a: \u86d9\u54e5\u6c34\u70ae\u4ece\u4e0dmiss\n|\n|-heal|p1a: Heatran|60\/100 par|[from] item: Leftovers\n|upkeep\n|\n|t:|1700840030\n|switch|p2a: \u9a6c\u5676\u5de8\u6cbc\u602a|Swampert-Mega, F|55\/100 brn\n|turn|39\n|\n|t:|1700840036\n|cant|p1a: Heatran|par\n|move|p2a: \u9a6c\u5676\u5de8\u6cbc\u602a|Earthquake|p1a: Heatran\n|-supereffective|p1a: Heatran\n|-damage|p1a: Heatran|0 fnt\n|faint|p1a: Heatran\n|\n|win|congpizza\n|raw|Akihiro Nira's rating: 1252 &rarr; <strong>1233<\/strong><br \/>(-19 for losing)\n|raw|congpizza's rating: 1332 &rarr; <strong>1347<\/strong><br \/>(+15 for winning)\n|l|\u2606Akihiro Nira\n","uploadtime":1700840047,"views":9,"p1id":"akihironira","p2id":"congpizza","formatid":"gen9nationaldex","rating":1233,"private":0,"password":""}