{"id":"gen9nationaldex-1991875212","p1":"remu08","p2":"ShowdownSaga","format":"[Gen 9] National Dex","log":"|j|\u2606remu08\n|j|\u2606ShowdownSaga\n|t:|1700132074\n|gametype|singles\n|player|p1|remu08|bruno|1111\n|player|p2|ShowdownSaga|volo|1217\n|teamsize|p1|6\n|teamsize|p2|6\n|gen|9\n|tier|[Gen 9] National Dex\n|rated|\n|rule|HP Percentage Mod: HP is shown in percentages\n|rule|Endless Battle Clause: Forcing endless battles is banned\n|rule|OHKO Clause: OHKO moves are banned\n|rule|Evasion Clause: Evasion abilities, items, and moves are banned\n|rule|Evasion Abilities Clause: Evasion abilities are banned\n|rule|Evasion Items Clause: Evasion items are banned\n|rule|Evasion Moves Clause: Evasion moves are banned\n|rule|Species Clause: Limit one of each Pok\u00e9mon\n|rule|Sleep Clause Mod: Limit one foe put to sleep\n|clearpoke\n|poke|p1|Grimmsnarl, M|\n|poke|p1|Hydreigon, F|\n|poke|p1|Ting-Lu|\n|poke|p1|Gyarados, F|\n|poke|p1|Hoopa-Unbound|\n|poke|p1|Incineroar, F|\n|poke|p2|Swampert, F|\n|poke|p2|Zapdos|\n|poke|p2|Urshifu-*, F|\n|poke|p2|Tapu Koko|\n|poke|p2|Pelipper, F|\n|poke|p2|Ribombee, F|\n|teampreview\n|inactive|Battle timer is ON: inactive players will automatically lose when time's up. (requested by ShowdownSaga)\n|\n|t:|1700132081\n|start\n|switch|p1a: Ting-Lu|Ting-Lu|100\/100\n|switch|p2a: Bee|Ribombee, F, shiny|100\/100\n|-ability|p1a: Ting-Lu|Vessel of Ruin\n|turn|1\n|\n|t:|1700132089\n|move|p2a: Bee|Sticky Web|p1a: Ting-Lu\n|-sidestart|p1: remu08|move: Sticky Web\n|move|p1a: Ting-Lu|Stealth Rock|p2a: Bee\n|-sidestart|p2: ShowdownSaga|move: Stealth Rock\n|\n|upkeep\n|turn|2\n|\n|t:|1700132097\n|move|p2a: Bee|Bug Buzz|p1a: Ting-Lu\n|-supereffective|p1a: Ting-Lu\n|-damage|p1a: Ting-Lu|62\/100\n|move|p1a: Ting-Lu|Bulldoze|p2a: Bee\n|-resisted|p2a: Bee\n|-damage|p2a: Bee|73\/100\n|\n|-heal|p1a: Ting-Lu|68\/100|[from] item: Leftovers\n|upkeep\n|turn|3\n|\n|t:|1700132106\n|move|p2a: Bee|Bug Buzz|p1a: Ting-Lu\n|-supereffective|p1a: Ting-Lu\n|-damage|p1a: Ting-Lu|28\/100\n|move|p1a: Ting-Lu|Ruination|p2a: Bee|[miss]\n|-miss|p1a: Ting-Lu|p2a: Bee\n|\n|-heal|p1a: Ting-Lu|34\/100|[from] item: Leftovers\n|upkeep\n|turn|4\n|\n|t:|1700132122\n|switch|p1a: Gyarados|Gyarados, F, shiny|100\/100\n|move|p2a: Bee|Bug Buzz|p1a: Gyarados\n|-resisted|p1a: Gyarados\n|-damage|p1a: Gyarados|82\/100\n|\n|upkeep\n|turn|5\n|\n|t:|1700132133\n|detailschange|p1a: Gyarados|Gyarados-Mega, F, shiny\n|-mega|p1a: Gyarados|Gyarados|Gyaradosite\n|-ability|p1a: Gyarados|Mold Breaker\n|move|p2a: Bee|Tailwind|p2a: Bee\n|-sidestart|p2: ShowdownSaga|move: Tailwind\n|move|p1a: Gyarados|Dragon Dance|p1a: Gyarados\n|-boost|p1a: Gyarados|atk|1\n|-boost|p1a: Gyarados|spe|1\n|\n|upkeep\n|turn|6\n|\n|t:|1700132152\n|move|p2a: Bee|Dazzling Gleam|p1a: Gyarados\n|-supereffective|p1a: Gyarados\n|-damage|p1a: Gyarados|30\/100\n|move|p1a: Gyarados|Stone Edge|p2a: Bee\n|-supereffective|p2a: Bee\n|-damage|p2a: Bee|0 fnt\n|faint|p2a: Bee\n|\n|upkeep\n|\n|t:|1700132169\n|switch|p2a: Uberfu|Urshifu-Rapid-Strike, F|100\/100\n|-damage|p2a: Uberfu|94\/100|[from] Stealth Rock\n|turn|7\n|inactive|remu08 has 120 seconds left.\n|\n|t:|1700132204\n|move|p2a: Uberfu|Drain Punch|p1a: Gyarados\n|-supereffective|p1a: Gyarados\n|-damage|p1a: Gyarados|0 fnt\n|-heal|p2a: Uberfu|100\/100|[from] drain|[of] p1a: Gyarados\n|faint|p1a: Gyarados\n|\n|upkeep\n|\n|t:|1700132214\n|switch|p1a: Hoopa|Hoopa-Unbound|100\/100\n|-activate|p1a: Hoopa|move: Sticky Web\n|-unboost|p1a: Hoopa|spe|1\n|turn|8\n|\n|t:|1700132224\n|switch|p2a: Peri|Pelipper, F, shiny|100\/100\n|-damage|p2a: Peri|76\/100|[from] Stealth Rock\n|-weather|RainDance|[from] ability: Drizzle|[of] p2a: Peri\n|switch|p1a: Grimmsnarl|Grimmsnarl, M|100\/100\n|-activate|p1a: Grimmsnarl|move: Sticky Web\n|-unboost|p1a: Grimmsnarl|spe|1\n|\n|-weather|RainDance|[upkeep]\n|-sideend|p2: ShowdownSaga|move: Tailwind\n|upkeep\n|turn|9\n|inactive|remu08 has 120 seconds left.\n|\n|t:|1700132244\n|move|p1a: Grimmsnarl|Light Screen|p1a: Grimmsnarl\n|-sidestart|p1: remu08|move: Light Screen\n|move|p2a: Peri|Knock Off|p1a: Grimmsnarl\n|-resisted|p1a: Grimmsnarl\n|-damage|p1a: Grimmsnarl|98\/100\n|-enditem|p1a: Grimmsnarl|Light Clay|[from] move: Knock Off|[of] p2a: Peri\n|\n|-weather|RainDance|[upkeep]\n|upkeep\n|turn|10\n|\n|t:|1700132251\n|move|p1a: Grimmsnarl|Reflect|p1a: Grimmsnarl\n|-sidestart|p1: remu08|Reflect\n|move|p2a: Peri|U-turn|p1a: Grimmsnarl\n|-damage|p1a: Grimmsnarl|94\/100\n|\n|t:|1700132259\n|switch|p2a: KokeKo|Tapu Koko, shiny|100\/100|[from] U-turn\n|-damage|p2a: KokeKo|88\/100|[from] Stealth Rock\n|-fieldstart|move: Electric Terrain|[from] ability: Electric Surge|[of] p2a: KokeKo\n|\n|-weather|RainDance|[upkeep]\n|upkeep\n|turn|11\n|inactive|remu08 has 120 seconds left.\n|\n|t:|1700132267\n|move|p1a: Grimmsnarl|Parting Shot|p2a: KokeKo\n|-unboost|p2a: KokeKo|atk|1\n|-unboost|p2a: KokeKo|spa|1\n|\n|t:|1700132272\n|switch|p1a: Ting-Lu|Ting-Lu|34\/100|[from] Parting Shot\n|-activate|p1a: Ting-Lu|move: Sticky Web\n|-unboost|p1a: Ting-Lu|spe|1\n|-ability|p1a: Ting-Lu|Vessel of Ruin\n|move|p2a: KokeKo|Toxic|p1a: Ting-Lu\n|-status|p1a: Ting-Lu|tox\n|\n|-weather|RainDance|[upkeep]\n|-heal|p1a: Ting-Lu|40\/100 tox|[from] item: Leftovers\n|-damage|p1a: Ting-Lu|34\/100 tox|[from] psn\n|upkeep\n|turn|12\n|\n|t:|1700132283\n|switch|p2a: Bird|Zapdos, shiny|100\/100\n|-damage|p2a: Bird|76\/100|[from] Stealth Rock\n|move|p1a: Ting-Lu|Bulldoze|p2a: Bird\n|-immune|p2a: Bird\n|\n|-weather|RainDance|[upkeep]\n|-heal|p1a: Ting-Lu|40\/100 tox|[from] item: Leftovers\n|-damage|p1a: Ting-Lu|28\/100 tox|[from] psn\n|upkeep\n|turn|13\n|\n|t:|1700132292\n|move|p2a: Bird|Weather Ball|p1a: Ting-Lu\n|-supereffective|p1a: Ting-Lu\n|-damage|p1a: Ting-Lu|2\/100 tox\n|move|p1a: Ting-Lu|Ruination|p2a: Bird\n|-damage|p2a: Bird|38\/100\n|\n|-weather|RainDance|[upkeep]\n|-heal|p1a: Ting-Lu|9\/100 tox|[from] item: Leftovers\n|-damage|p1a: Ting-Lu|0 fnt|[from] psn\n|faint|p1a: Ting-Lu\n|upkeep\n|\n|t:|1700132301\n|switch|p1a: Hydreigon|Hydreigon, F|100\/100\n|turn|14\n|\n|t:|1700132308\n|switch|p2a: KokeKo|Tapu Koko, shiny|88\/100\n|-damage|p2a: KokeKo|76\/100|[from] Stealth Rock\n|move|p1a: Hydreigon|Defog|p2a: KokeKo\n|-unboost|p2a: KokeKo|evasion|1\n|-sideend|p2: ShowdownSaga|Stealth Rock|[from] move: Defog|[of] p1a: Hydreigon\n|-sideend|p1: remu08|Sticky Web|[from] move: Defog|[of] p1a: Hydreigon\n|-fieldend|move: Electric Terrain\n|\n|-weather|RainDance|[upkeep]\n|-sideend|p1: remu08|Reflect\n|upkeep\n|turn|15\n|inactive|remu08 has 120 seconds left.\n|\n|t:|1700132344\n|switch|p1a: Grimmsnarl|Grimmsnarl, M|94\/100\n|-zpower|p2a: KokeKo\n|move|p2a: KokeKo|Guardian of Alola|p1a: Grimmsnarl|[zeffect]\n|-damage|p1a: Grimmsnarl|24\/100\n|\n|-weather|none\n|upkeep\n|turn|16\n|\n|t:|1700132363\n|move|p1a: Grimmsnarl|Parting Shot|p2a: KokeKo\n|-unboost|p2a: KokeKo|atk|1\n|-unboost|p2a: KokeKo|spa|1\n|\n|t:|1700132371\n|switch|p1a: Hoopa|Hoopa-Unbound|100\/100|[from] Parting Shot\n|move|p2a: KokeKo|Volt Switch|p1a: Hoopa\n|-damage|p1a: Hoopa|94\/100\n|\n|t:|1700132379\n|switch|p2a: Peri|Pelipper, F, shiny|76\/100|[from] Volt Switch\n|-weather|RainDance|[from] ability: Drizzle|[of] p2a: Peri\n|\n|-weather|RainDance|[upkeep]\n|-sideend|p1: remu08|move: Light Screen\n|upkeep\n|turn|17\n|inactive|remu08 has 120 seconds left.\n|\n|t:|1700132391\n|move|p1a: Hoopa|Thunderbolt|p2a: Peri\n|-supereffective|p2a: Peri\n|-damage|p2a: Peri|0 fnt\n|faint|p2a: Peri\n|-damage|p1a: Hoopa|84\/100|[from] item: Life Orb\n|\n|-weather|RainDance|[upkeep]\n|upkeep\n|\n|t:|1700132399\n|switch|p2a: U Like Mudkip?|Swampert, F, shiny|100\/100\n|turn|18\n|\n|t:|1700132408\n|detailschange|p2a: U Like Mudkip?|Swampert-Mega, F, shiny\n|-mega|p2a: U Like Mudkip?|Swampert|Swampertite\n|move|p2a: U Like Mudkip?|Low Kick|p1a: Hoopa\n|-damage|p1a: Hoopa|0 fnt\n|faint|p1a: Hoopa\n|\n|-weather|RainDance|[upkeep]\n|upkeep\n|\n|t:|1700132417\n|switch|p1a: Grimmsnarl|Grimmsnarl, M|24\/100\n|turn|19\n|\n|t:|1700132423\n|move|p1a: Grimmsnarl|Reflect|p1a: Grimmsnarl\n|-sidestart|p1: remu08|Reflect\n|move|p2a: U Like Mudkip?|Low Kick|p1a: Grimmsnarl\n|-damage|p1a: Grimmsnarl|9\/100\n|\n|-weather|RainDance|[upkeep]\n|upkeep\n|turn|20\n|\n|t:|1700132430\n|move|p1a: Grimmsnarl|Parting Shot|p2a: U Like Mudkip?\n|-unboost|p2a: U Like Mudkip?|atk|1\n|-unboost|p2a: U Like Mudkip?|spa|1\n|\n|t:|1700132435\n|switch|p1a: Incineroar|Incineroar, F|100\/100|[from] Parting Shot\n|-ability|p1a: Incineroar|Intimidate|boost\n|-unboost|p2a: U Like Mudkip?|atk|1\n|move|p2a: U Like Mudkip?|Low Kick|p1a: Incineroar\n|-supereffective|p1a: Incineroar\n|-damage|p1a: Incineroar|85\/100\n|\n|-weather|RainDance|[upkeep]\n|-heal|p1a: Incineroar|91\/100|[from] item: Leftovers\n|upkeep\n|turn|21\n|\n|t:|1700132450\n|move|p2a: U Like Mudkip?|Flip Turn|p1a: Incineroar\n|-supereffective|p1a: Incineroar\n|-crit|p1a: Incineroar\n|-damage|p1a: Incineroar|0 fnt\n|faint|p1a: Incineroar\n|\n|t:|1700132459\n|switch|p2a: Uberfu|Urshifu-Rapid-Strike, F|100\/100|[from] Flip Turn\n|\n|-weather|RainDance|[upkeep]\n|upkeep\n|\n|t:|1700132465\n|switch|p1a: Grimmsnarl|Grimmsnarl, M|9\/100\n|turn|22\n|\n|t:|1700132469\n|-terastallize|p2a: Uberfu|Water\n|move|p1a: Grimmsnarl|Parting Shot|p2a: Uberfu\n|-unboost|p2a: Uberfu|atk|1\n|-unboost|p2a: Uberfu|spa|1\n|\n|t:|1700132477\n|switch|p1a: Hydreigon|Hydreigon, F|100\/100|[from] Parting Shot\n|move|p2a: Uberfu|Surging Strikes|p1a: Hydreigon\n|-resisted|p1a: Hydreigon\n|-crit|p1a: Hydreigon\n|-damage|p1a: Hydreigon|76\/100\n|-resisted|p1a: Hydreigon\n|-crit|p1a: Hydreigon\n|-damage|p1a: Hydreigon|51\/100\n|-resisted|p1a: Hydreigon\n|-crit|p1a: Hydreigon\n|-damage|p1a: Hydreigon|25\/100\n|-hitcount|p1a: Hydreigon|3\n|\n|-weather|RainDance|[upkeep]\n|upkeep\n|turn|23\n|\n|t:|1700132487\n|-terastallize|p1a: Hydreigon|Dark\n|move|p1a: Hydreigon|Draco Meteor|p2a: Uberfu\n|-damage|p2a: Uberfu|0 fnt\n|-unboost|p1a: Hydreigon|spa|2\n|faint|p2a: Uberfu\n|-damage|p1a: Hydreigon|16\/100|[from] item: Life Orb\n|\n|-weather|none\n|-sideend|p1: remu08|Reflect\n|upkeep\n|\n|t:|1700132495\n|switch|p2a: U Like Mudkip?|Swampert-Mega, F, shiny|100\/100\n|turn|24\n|\n|t:|1700132503\n|switch|p1a: Grimmsnarl|Grimmsnarl, M|9\/100\n|move|p2a: U Like Mudkip?|Earthquake|p1a: Grimmsnarl\n|-damage|p1a: Grimmsnarl|0 fnt\n|faint|p1a: Grimmsnarl\n|\n|upkeep\n|\n|t:|1700132508\n|switch|p1a: Hydreigon|Hydreigon, F, tera:Dark|16\/100\n|turn|25\n|\n|t:|1700132514\n|move|p1a: Hydreigon|Draco Meteor|p2a: U Like Mudkip?\n|-damage|p2a: U Like Mudkip?|28\/100\n|-unboost|p1a: Hydreigon|spa|2\n|-damage|p1a: Hydreigon|6\/100|[from] item: Life Orb\n|move|p2a: U Like Mudkip?|Flip Turn|p1a: Hydreigon\n|-damage|p1a: Hydreigon|0 fnt\n|faint|p1a: Hydreigon\n|\n|win|ShowdownSaga\n|raw|remu08's rating: 1111 &rarr; <strong>1093<\/strong><br \/>(-18 for losing)\n|raw|ShowdownSaga's rating: 1217 &rarr; <strong>1235<\/strong><br \/>(+18 for winning)\n|l|\u2606remu08\n","uploadtime":1700132521,"views":5,"p1id":"remu08","p2id":"showdownsaga","formatid":"gen9nationaldex","rating":1093,"private":0,"password":""}