{"id":"gen9nationaldex-1998853581","p1":"Amber-acid","p2":"hcff","format":"[Gen 9] National Dex","log":"|html|<div class=\"broadcast-blue\"><strong>[Gen 9] National Dex is currently suspecting Sneasler! For information on how to participate check out the <a href=\"https:\/\/www.smogon.com\/forums\/threads\/sv-national-dex-suspect-8-just-dance.3731534\/\">suspect thread<\/a>.<\/strong><\/div>\n|j|\u2606Amber-acid\n|j|\u2606hcff\n|t:|1701003505\n|gametype|singles\n|player|p1|Amber-acid|170|1488\n|player|p2|hcff|ingo|1494\n|teamsize|p1|6\n|teamsize|p2|6\n|gen|9\n|tier|[Gen 9] National Dex\n|rated|\n|rule|HP Percentage Mod: HP is shown in percentages\n|rule|Endless Battle Clause: Forcing endless battles is banned\n|rule|OHKO Clause: OHKO moves are banned\n|rule|Evasion Clause: Evasion abilities, items, and moves are banned\n|rule|Evasion Abilities Clause: Evasion abilities are banned\n|rule|Evasion Items Clause: Evasion items are banned\n|rule|Evasion Moves Clause: Evasion moves are banned\n|rule|Species Clause: Limit one of each Pok\u00e9mon\n|rule|Sleep Clause Mod: Limit one foe put to sleep\n|clearpoke\n|poke|p1|Pelipper, F|\n|poke|p1|Barraskewda, M|\n|poke|p1|Swampert, M|\n|poke|p1|Kingdra, M|\n|poke|p1|Ferrothorn, F|\n|poke|p1|Moltres|\n|poke|p2|Latias, F|\n|poke|p2|Virizion|\n|poke|p2|Salamence, F|\n|poke|p2|Barraskewda, F|\n|poke|p2|Heatran, M|\n|poke|p2|Hatterene, F|\n|teampreview\n|inactive|Battle timer is ON: inactive players will automatically lose when time's up. (requested by hcff)\n|c|\u2606Amber-acid|glhf\n|c|\u2606hcff|Same to you\n|\n|t:|1701003528\n|start\n|switch|p1a: Pelipper|Pelipper, F|100\/100\n|switch|p2a: Barraskewda|Barraskewda, F|100\/100\n|-weather|RainDance|[from] ability: Drizzle|[of] p1a: Pelipper\n|turn|1\n|\n|t:|1701003537\n|move|p2a: Barraskewda|Flip Turn|p1a: Pelipper\n|-resisted|p1a: Pelipper\n|-damage|p1a: Pelipper|75\/100\n|\n|t:|1701003565\n|switch|p2a: Hatterene|Hatterene, F|100\/100|[from] Flip Turn\n|move|p1a: Pelipper|U-turn|p2a: Hatterene\n|-damage|p2a: Hatterene|93\/100\n|\n|t:|1701003584\n|switch|p1a: Kingdra|Kingdra, M|100\/100|[from] U-turn\n|\n|-weather|RainDance|[upkeep]\n|-heal|p2a: Hatterene|99\/100|[from] item: Leftovers\n|upkeep\n|turn|2\n|\n|t:|1701003589\n|-terastallize|p1a: Kingdra|Water\n|move|p1a: Kingdra|Surf|p2a: Hatterene\n|-damage|p2a: Hatterene|0 fnt\n|faint|p2a: Hatterene\n|\n|-weather|RainDance|[upkeep]\n|upkeep\n|\n|t:|1701003595\n|switch|p2a: Latias|Latias, F|100\/100\n|turn|3\n|\n|t:|1701003601\n|-terastallize|p2a: Latias|Fairy\n|move|p1a: Kingdra|Surf|p2a: Latias\n|-damage|p2a: Latias|10\/100\n|move|p2a: Latias|Calm Mind|p2a: Latias\n|-boost|p2a: Latias|spa|1\n|-boost|p2a: Latias|spd|1\n|\n|-weather|RainDance|[upkeep]\n|-heal|p2a: Latias|16\/100|[from] item: Leftovers\n|upkeep\n|turn|4\n|\n|t:|1701003609\n|switch|p2a: Virizion|Virizion|100\/100\n|move|p1a: Kingdra|Surf|p2a: Virizion\n|-resisted|p2a: Virizion\n|-damage|p2a: Virizion|55\/100\n|\n|-weather|RainDance|[upkeep]\n|upkeep\n|turn|5\n|\n|t:|1701003616\n|move|p1a: Kingdra|Surf|p2a: Virizion\n|-resisted|p2a: Virizion\n|-damage|p2a: Virizion|8\/100\n|move|p2a: Virizion|Giga Drain|p1a: Kingdra\n|-supereffective|p1a: Kingdra\n|-damage|p1a: Kingdra|3\/100\n|-heal|p2a: Virizion|55\/100|[from] drain|[of] p1a: Kingdra\n|-damage|p2a: Virizion|45\/100|[from] item: Life Orb\n|\n|-weather|RainDance|[upkeep]\n|upkeep\n|turn|6\n|\n|t:|1701003624\n|move|p1a: Kingdra|Surf|p2a: Virizion\n|-resisted|p2a: Virizion\n|-damage|p2a: Virizion|0 fnt\n|faint|p2a: Virizion\n|\n|-weather|RainDance|[upkeep]\n|upkeep\n|\n|t:|1701003633\n|switch|p2a: Barraskewda|Barraskewda, F|100\/100\n|turn|7\n|\n|t:|1701003638\n|switch|p1a: Ferrothorn|Ferrothorn, F|100\/100\n|move|p2a: Barraskewda|Flip Turn|p1a: Ferrothorn\n|-resisted|p1a: Ferrothorn\n|-damage|p1a: Ferrothorn|79\/100\n|-damage|p2a: Barraskewda|88\/100|[from] ability: Iron Barbs|[of] p1a: Ferrothorn\n|-damage|p2a: Barraskewda|72\/100|[from] item: Rocky Helmet|[of] p1a: Ferrothorn\n|\n|t:|1701003645\n|switch|p2a: Heatran|Heatran, M|100\/100|[from] Flip Turn\n|\n|-weather|RainDance|[upkeep]\n|upkeep\n|turn|8\n|\n|t:|1701003651\n|move|p2a: Heatran|Magma Storm|p1a: Ferrothorn\n|-supereffective|p1a: Ferrothorn\n|-damage|p1a: Ferrothorn|24\/100\n|-activate|p1a: Ferrothorn|move: Magma Storm|[of] p2a: Heatran\n|move|p1a: Ferrothorn|Leech Seed|p2a: Heatran|[miss]\n|-miss|p1a: Ferrothorn|p2a: Heatran\n|\n|-weather|none\n|-damage|p1a: Ferrothorn|11\/100|[from] move: Magma Storm|[partiallytrapped]\n|upkeep\n|turn|9\n|\n|t:|1701003661\n|move|p2a: Heatran|Earth Power|p1a: Ferrothorn\n|-damage|p1a: Ferrothorn|0 fnt\n|faint|p1a: Ferrothorn\n|\n|upkeep\n|\n|t:|1701003666\n|switch|p1a: Pelipper|Pelipper, F|75\/100\n|-weather|RainDance|[from] ability: Drizzle|[of] p1a: Pelipper\n|turn|10\n|\n|t:|1701003677\n|move|p2a: Heatran|Toxic|p1a: Pelipper\n|-status|p1a: Pelipper|tox\n|move|p1a: Pelipper|U-turn|p2a: Heatran\n|-resisted|p2a: Heatran\n|-crit|p2a: Heatran\n|-damage|p2a: Heatran|98\/100\n|\n|t:|1701003693\n|switch|p1a: Barraskewda|Barraskewda, M, shiny|100\/100|[from] U-turn\n|\n|-weather|RainDance|[upkeep]\n|-heal|p2a: Heatran|100\/100|[from] item: Leftovers\n|upkeep\n|turn|11\n|\n|t:|1701003699\n|switch|p2a: Salamence|Salamence, F|100\/100\n|-ability|p2a: Salamence|Intimidate|boost\n|-unboost|p1a: Barraskewda|atk|1\n|move|p1a: Barraskewda|Liquidation|p2a: Salamence\n|-resisted|p2a: Salamence\n|-damage|p2a: Salamence|69\/100\n|\n|-weather|RainDance|[upkeep]\n|upkeep\n|turn|12\n|\n|t:|1701003708\n|switch|p1a: Swampert|Swampert, M|100\/100\n|move|p2a: Salamence|Draco Meteor|p1a: Swampert\n|-damage|p1a: Swampert|46\/100\n|-unboost|p2a: Salamence|spa|2\n|\n|-weather|RainDance|[upkeep]\n|upkeep\n|turn|13\n|\n|t:|1701003723\n|switch|p2a: Barraskewda|Barraskewda, F|72\/100\n|detailschange|p1a: Swampert|Swampert-Mega, M\n|-mega|p1a: Swampert|Swampert|Swampertite\n|move|p1a: Swampert|Liquidation|p2a: Barraskewda\n|-resisted|p2a: Barraskewda\n|-damage|p2a: Barraskewda|0 fnt\n|faint|p2a: Barraskewda\n|\n|-weather|RainDance|[upkeep]\n|upkeep\n|\n|t:|1701003727\n|switch|p2a: Salamence|Salamence, F|69\/100\n|-ability|p2a: Salamence|Intimidate|boost\n|-unboost|p1a: Swampert|atk|1\n|turn|14\n|\n|t:|1701003735\n|move|p1a: Swampert|Ice Punch|p2a: Salamence\n|-supereffective|p2a: Salamence\n|-crit|p2a: Salamence\n|-damage|p2a: Salamence|0 fnt\n|faint|p2a: Salamence\n|\n|-weather|RainDance|[upkeep]\n|upkeep\n|\n|t:|1701003740\n|switch|p2a: Heatran|Heatran, M|100\/100\n|turn|15\n|\n|t:|1701003743\n|move|p1a: Swampert|Earthquake|p2a: Heatran\n|-supereffective|p2a: Heatran\n|-damage|p2a: Heatran|0 fnt\n|faint|p2a: Heatran\n|\n|-weather|RainDance|[upkeep]\n|upkeep\n|c|\u2606hcff|Gg\n|-message|hcff forfeited.\n|\n|win|Amber-acid\n|raw|Amber-acid's rating: 1488 &rarr; <strong>1509<\/strong><br \/>(+21 for winning)\n|raw|hcff's rating: 1511 &rarr; <strong>1490<\/strong><br \/>(-21 for losing)\n|l|\u2606hcff\n|c|\u2606Amber-acid|gg\n","uploadtime":1701003755,"views":22,"p1id":"amberacid","p2id":"hcff","formatid":"gen9nationaldex","rating":1490,"private":0,"password":""}