{"id":"gen9nationaldex-1996743621","p1":"Luckydance","p2":"Hall DJ","format":"[Gen 9] National Dex","log":"|html|<div class=\"broadcast-blue\"><strong>[Gen 9] National Dex is currently suspecting Sneasler! For information on how to participate check out the <a href=\"https:\/\/www.smogon.com\/forums\/threads\/sv-national-dex-suspect-8-just-dance.3731534\/\">suspect thread<\/a>.<\/strong><\/div>\n|j|\u2606Luckydance\n|j|\u2606Hall DJ\n|t:|1700717799\n|gametype|singles\n|player|p1|Luckydance|170|1233\n|player|p2|Hall DJ|bellelba|1301\n|teamsize|p1|6\n|teamsize|p2|6\n|gen|9\n|tier|[Gen 9] National Dex\n|rated|\n|rule|HP Percentage Mod: HP is shown in percentages\n|rule|Endless Battle Clause: Forcing endless battles is banned\n|rule|OHKO Clause: OHKO moves are banned\n|rule|Evasion Clause: Evasion abilities, items, and moves are banned\n|rule|Evasion Abilities Clause: Evasion abilities are banned\n|rule|Evasion Items Clause: Evasion items are banned\n|rule|Evasion Moves Clause: Evasion moves are banned\n|rule|Species Clause: Limit one of each Pok\u00e9mon\n|rule|Sleep Clause Mod: Limit one foe put to sleep\n|clearpoke\n|poke|p1|Ninjask, M|\n|poke|p1|Bronzong|\n|poke|p1|Clodsire, M|\n|poke|p1|Meowscarada, M|\n|poke|p1|Glalie, F|\n|poke|p1|Pyroar, F|\n|poke|p2|Pinsir, M|\n|poke|p2|Rotom-Wash|\n|poke|p2|Iron Treads|\n|poke|p2|Victini|\n|poke|p2|Grafaiai, M|\n|poke|p2|Greninja-*, M|\n|teampreview\n|inactive|Battle timer is ON: inactive players will automatically lose when time's up. (requested by Luckydance)\n|\n|t:|1700717806\n|start\n|switch|p1a: Ninjask|Ninjask, M|100\/100\n|switch|p2a: Grafaiai|Grafaiai, M|100\/100\n|turn|1\n|\n|t:|1700717816\n|move|p1a: Ninjask|Protect|p1a: Ninjask\n|-singleturn|p1a: Ninjask|Protect\n|move|p2a: Grafaiai|Knock Off|p1a: Ninjask\n|-activate|p1a: Ninjask|move: Protect\n|\n|-ability|p1a: Ninjask|Speed Boost|boost\n|-boost|p1a: Ninjask|spe|1\n|upkeep\n|turn|2\n|inactive|Luckydance has 120 seconds left.\n|\n|t:|1700717851\n|switch|p1a: Pyroar|Pyroar, F|100\/100\n|-ability|p1a: Pyroar|Unnerve\n|move|p2a: Grafaiai|Encore||[still]\n|-fail|p2a: Grafaiai\n|\n|upkeep\n|turn|3\n|inactive|Luckydance has 120 seconds left.\n|\n|t:|1700717864\n|move|p2a: Grafaiai|Parting Shot|p1a: Pyroar\n|-unboost|p1a: Pyroar|atk|1\n|-unboost|p1a: Pyroar|spa|1\n|\n|t:|1700717867\n|switch|p2a: Greninja|Greninja, M|100\/100|[from] Parting Shot\n|move|p1a: Pyroar|Fire Blast|p2a: Greninja|[miss]\n|-miss|p1a: Pyroar|p2a: Greninja\n|\n|upkeep\n|turn|4\n|\n|t:|1700717881\n|switch|p1a: Clodsire|Clodsire, M|100\/100\n|move|p2a: Greninja|Surf|p1a: Clodsire\n|-immune|p1a: Clodsire|[from] ability: Water Absorb\n|\n|upkeep\n|turn|5\n|\n|t:|1700717897\n|move|p2a: Greninja|Dark Pulse|p1a: Clodsire\n|-damage|p1a: Clodsire|74\/100\n|-damage|p2a: Greninja|91\/100|[from] item: Life Orb\n|move|p1a: Clodsire|Stealth Rock|p2a: Greninja\n|-sidestart|p2: Hall DJ|move: Stealth Rock\n|\n|upkeep\n|turn|6\n|\n|t:|1700717917\n|switch|p2a: Iron Treads|Iron Treads, shiny|100\/100\n|-damage|p2a: Iron Treads|97\/100|[from] Stealth Rock\n|move|p1a: Clodsire|Recover|p1a: Clodsire\n|-heal|p1a: Clodsire|100\/100\n|\n|-heal|p2a: Iron Treads|100\/100|[from] item: Leftovers\n|upkeep\n|turn|7\n|\n|t:|1700717929\n|switch|p1a: Bronzong|Bronzong|100\/100\n|move|p2a: Iron Treads|Rapid Spin|p1a: Bronzong\n|-resisted|p1a: Bronzong\n|-damage|p1a: Bronzong|95\/100\n|-boost|p2a: Iron Treads|spe|1\n|-sideend|p2: Hall DJ|Stealth Rock|[from] move: Rapid Spin|[of] p2a: Iron Treads\n|\n|-heal|p1a: Bronzong|100\/100|[from] item: Leftovers\n|upkeep\n|turn|8\n|\n|t:|1700717936\n|move|p2a: Iron Treads|Volt Switch|p1a: Bronzong\n|-damage|p1a: Bronzong|90\/100\n|\n|t:|1700717939\n|-end|p2a: Iron Treads|Quark Drive|[silent]\n|switch|p2a: Victini|Victini|100\/100|[from] Volt Switch\n|move|p1a: Bronzong|Block|p2a: Victini\n|-activate|p2a: Victini|trapped\n|\n|-heal|p1a: Bronzong|96\/100|[from] item: Leftovers\n|upkeep\n|turn|9\n|\n|t:|1700717950\n|switch|p1a: Clodsire|Clodsire, M|100\/100\n|move|p2a: Victini|Trick|p1a: Clodsire\n|-activate|p2a: Victini|move: Trick|[of] p1a: Clodsire\n|-item|p1a: Clodsire|Choice Scarf|[from] move: Trick\n|-item|p2a: Victini|Rocky Helmet|[from] move: Trick\n|\n|upkeep\n|turn|10\n|\n|t:|1700717962\n|move|p2a: Victini|U-turn|p1a: Clodsire\n|-resisted|p1a: Clodsire\n|-damage|p1a: Clodsire|92\/100\n|\n|t:|1700717965\n|switch|p2a: Rotom|Rotom-Wash|100\/100|[from] U-turn\n|move|p1a: Clodsire|Stealth Rock|p2a: Rotom\n|-sidestart|p2: Hall DJ|move: Stealth Rock\n|\n|upkeep\n|turn|11\n|\n|t:|1700717977\n|switch|p1a: Ninjask|Ninjask, M|100\/100\n|move|p2a: Rotom|Defog|p1a: Ninjask\n|-unboost|p1a: Ninjask|evasion|1\n|-sideend|p2: Hall DJ|Stealth Rock|[from] move: Defog|[of] p2a: Rotom\n|\n|upkeep\n|turn|12\n|\n|t:|1700717986\n|switch|p2a: Grafaiai|Grafaiai, M|100\/100\n|move|p1a: Ninjask|Protect||[still]\n|-fail|p1a: Ninjask\n|\n|-ability|p1a: Ninjask|Speed Boost|boost\n|-boost|p1a: Ninjask|spe|1\n|upkeep\n|turn|13\n|\n|t:|1700717999\n|move|p2a: Grafaiai|Encore|p1a: Ninjask\n|-start|p1a: Ninjask|Encore\n|move|p1a: Ninjask|Protect||[still]\n|-fail|p1a: Ninjask\n|\n|-ability|p1a: Ninjask|Speed Boost|boost\n|-boost|p1a: Ninjask|spe|1\n|upkeep\n|turn|14\n|\n|t:|1700718010\n|switch|p1a: Clodsire|Clodsire, M|92\/100\n|move|p2a: Grafaiai|Knock Off|p1a: Clodsire\n|-damage|p1a: Clodsire|63\/100\n|-enditem|p1a: Clodsire|Choice Scarf|[from] move: Knock Off|[of] p2a: Grafaiai\n|\n|upkeep\n|turn|15\n|\n|t:|1700718020\n|move|p2a: Grafaiai|Parting Shot|p1a: Clodsire\n|-unboost|p1a: Clodsire|atk|1\n|-unboost|p1a: Clodsire|spa|1\n|\n|t:|1700718023\n|switch|p2a: Iron Treads|Iron Treads, shiny|100\/100|[from] Parting Shot\n|move|p1a: Clodsire|Stealth Rock|p2a: Iron Treads\n|-sidestart|p2: Hall DJ|move: Stealth Rock\n|\n|upkeep\n|turn|16\n|\n|t:|1700718029\n|move|p2a: Iron Treads|Earthquake|p1a: Clodsire\n|-supereffective|p1a: Clodsire\n|-damage|p1a: Clodsire|0 fnt\n|faint|p1a: Clodsire\n|\n|upkeep\n|\n|t:|1700718040\n|switch|p1a: Pyroar|Pyroar, F|100\/100\n|-ability|p1a: Pyroar|Unnerve\n|turn|17\n|\n|t:|1700718048\n|-terastallize|p2a: Iron Treads|Ground\n|move|p2a: Iron Treads|Earthquake|p1a: Pyroar\n|-supereffective|p1a: Pyroar\n|-damage|p1a: Pyroar|0 fnt\n|faint|p1a: Pyroar\n|\n|upkeep\n|\n|t:|1700718057\n|switch|p1a: Meowscarada|Meowscarada, M|100\/100\n|turn|18\n|\n|t:|1700718082\n|move|p1a: Meowscarada|Flower Trick|p2a: Iron Treads\n|-start|p1a: Meowscarada|typechange|Grass|[from] ability: Protean\n|-supereffective|p2a: Iron Treads\n|-crit|p2a: Iron Treads\n|-damage|p2a: Iron Treads|0 fnt\n|faint|p2a: Iron Treads\n|-end|p2a: Iron Treads|Quark Drive|[silent]\n|\n|upkeep\n|inactive|Hall DJ has 120 seconds left.\n|\n|t:|1700718103\n|switch|p2a: Victini|Victini|100\/100\n|-damage|p2a: Victini|76\/100|[from] Stealth Rock\n|turn|19\n|\n|t:|1700718113\n|switch|p1a: Bronzong|Bronzong|96\/100\n|move|p2a: Victini|V-create|p1a: Bronzong\n|-supereffective|p1a: Bronzong\n|-damage|p1a: Bronzong|18\/100\n|-unboost|p2a: Victini|spe|1\n|-unboost|p2a: Victini|def|1\n|-unboost|p2a: Victini|spd|1\n|\n|-heal|p1a: Bronzong|24\/100|[from] item: Leftovers\n|upkeep\n|turn|20\n|\n|t:|1700718121\n|move|p2a: Victini|V-create|p1a: Bronzong\n|-supereffective|p1a: Bronzong\n|-damage|p1a: Bronzong|0 fnt\n|-unboost|p2a: Victini|spe|1\n|-unboost|p2a: Victini|def|1\n|-unboost|p2a: Victini|spd|1\n|faint|p1a: Bronzong\n|\n|upkeep\n|\n|t:|1700718124\n|switch|p1a: Glalie|Glalie, F|100\/100\n|turn|21\n|\n|t:|1700718130\n|detailschange|p1a: Glalie|Glalie-Mega, F\n|-mega|p1a: Glalie|Glalie|Glalitite\n|move|p1a: Glalie|Earthquake|p2a: Victini\n|-supereffective|p2a: Victini\n|-damage|p2a: Victini|0 fnt\n|faint|p2a: Victini\n|\n|upkeep\n|\n|t:|1700718146\n|switch|p2a: \u5927\u7532|Pinsir, M|100\/100\n|-damage|p2a: \u5927\u7532|76\/100|[from] Stealth Rock\n|turn|22\n|\n|t:|1700718168\n|detailschange|p2a: \u5927\u7532|Pinsir-Mega, M\n|-mega|p2a: \u5927\u7532|Pinsir|Pinsirite\n|move|p2a: \u5927\u7532|Close Combat|p1a: Glalie\n|-supereffective|p1a: Glalie\n|-damage|p1a: Glalie|0 fnt\n|-unboost|p2a: \u5927\u7532|def|1\n|-unboost|p2a: \u5927\u7532|spd|1\n|faint|p1a: Glalie\n|\n|upkeep\n|\n|t:|1700718174\n|switch|p1a: Ninjask|Ninjask, M|100\/100\n|turn|23\n|\n|t:|1700718180\n|move|p1a: Ninjask|Protect|p1a: Ninjask\n|-singleturn|p1a: Ninjask|Protect\n|move|p2a: \u5927\u7532|Swords Dance|p2a: \u5927\u7532\n|-boost|p2a: \u5927\u7532|atk|2\n|\n|-ability|p1a: Ninjask|Speed Boost|boost\n|-boost|p1a: Ninjask|spe|1\n|upkeep\n|turn|24\n|\n|t:|1700718195\n|move|p2a: \u5927\u7532|Quick Attack|p1a: Ninjask\n|-supereffective|p1a: Ninjask\n|-damage|p1a: Ninjask|0 fnt\n|faint|p1a: Ninjask\n|\n|upkeep\n|-message|Luckydance forfeited.\n|\n|win|Hall DJ\n|raw|Luckydance's rating: 1233 &rarr; <strong>1213<\/strong><br \/>(-20 for losing)\n|raw|Hall DJ's rating: 1301 &rarr; <strong>1317<\/strong><br \/>(+16 for winning)\n|l|\u2606Luckydance\n","uploadtime":1700718203,"views":8,"p1id":"luckydance","p2id":"halldj","formatid":"gen9nationaldex","rating":1213,"private":0,"password":""}