{"id":"gen9nationaldex-1990187726","p1":"Danwine","p2":"ItsFroggibott","format":"[Gen 9] National Dex","log":"|j|\u2606Danwine\n|j|\u2606ItsFroggibott\n|t:|1699934673\n|gametype|singles\n|player|p1|Danwine|brycen|1120\n|player|p2|ItsFroggibott|1|1026\n|teamsize|p1|6\n|teamsize|p2|6\n|gen|9\n|tier|[Gen 9] National Dex\n|rated|\n|rule|HP Percentage Mod: HP is shown in percentages\n|rule|Endless Battle Clause: Forcing endless battles is banned\n|rule|OHKO Clause: OHKO moves are banned\n|rule|Evasion Clause: Evasion abilities, items, and moves are banned\n|rule|Evasion Abilities Clause: Evasion abilities are banned\n|rule|Evasion Items Clause: Evasion items are banned\n|rule|Evasion Moves Clause: Evasion moves are banned\n|rule|Species Clause: Limit one of each Pok\u00e9mon\n|rule|Sleep Clause Mod: Limit one foe put to sleep\n|clearpoke\n|poke|p1|Clodsire, F|\n|poke|p1|Volcarona, M|\n|poke|p1|Pelipper, M|\n|poke|p1|Bellibolt, F|\n|poke|p1|Sinistcha|\n|poke|p1|Garganacl, F|\n|poke|p2|Kingdra, M|\n|poke|p2|Eelektross, F|\n|poke|p2|Greninja-*, M|\n|poke|p2|Volcarona, F|\n|poke|p2|Sharpedo, M|\n|poke|p2|Corviknight, M|\n|teampreview\n|\n|t:|1699934680\n|start\n|switch|p1a: Nito|Clodsire, F, shiny|100\/100\n|switch|p2a: Greninja|Greninja, M|100\/100\n|turn|1\n|\n|t:|1699934694\n|move|p2a: Greninja|Water Shuriken|p1a: Nito\n|-start|p2a: Greninja|typechange|Water|[from] ability: Protean\n|-immune|p1a: Nito|[from] ability: Water Absorb\n|move|p1a: Nito|Toxic|p2a: Greninja\n|-status|p2a: Greninja|tox\n|\n|-damage|p2a: Greninja|94\/100 tox|[from] psn\n|upkeep\n|turn|2\n|\n|t:|1699934715\n|switch|p2a: Eelektross|Eelektross, F|100\/100\n|move|p1a: Nito|Stealth Rock|p2a: Eelektross\n|-sidestart|p2: ItsFroggibott|move: Stealth Rock\n|\n|upkeep\n|turn|3\n|\n|t:|1699934724\n|move|p1a: Nito|Toxic|p2a: Eelektross\n|-status|p2a: Eelektross|tox\n|move|p2a: Eelektross|Dragon Tail|p1a: Nito\n|-damage|p1a: Nito|85\/100\n|drag|p1a: Papu|Pelipper, M, shiny|100\/100\n|-weather|RainDance|[from] ability: Drizzle|[of] p1a: Papu\n|\n|-weather|RainDance|[upkeep]\n|-damage|p2a: Eelektross|94\/100 tox|[from] psn\n|upkeep\n|turn|4\n|\n|t:|1699934734\n|switch|p1a: Nito|Clodsire, F, shiny|85\/100\n|-terastallize|p2a: Eelektross|Electric\n|move|p2a: Eelektross|Discharge|p1a: Nito\n|-immune|p1a: Nito\n|\n|-weather|RainDance|[upkeep]\n|-heal|p2a: Eelektross|100\/100 tox|[from] item: Leftovers\n|-heal|p1a: Nito|91\/100|[from] item: Black Sludge\n|-damage|p2a: Eelektross|88\/100 tox|[from] psn\n|upkeep\n|turn|5\n|\n|t:|1699934745\n|move|p2a: Eelektross|Headbutt|p1a: Nito\n|-damage|p1a: Nito|73\/100\n|move|p1a: Nito|Recover|p1a: Nito\n|-heal|p1a: Nito|100\/100\n|\n|-weather|RainDance|[upkeep]\n|-heal|p2a: Eelektross|94\/100 tox|[from] item: Leftovers\n|-damage|p2a: Eelektross|76\/100 tox|[from] psn\n|upkeep\n|turn|6\n|\n|t:|1699934755\n|move|p2a: Eelektross|Facade|p1a: Nito\n|-damage|p1a: Nito|61\/100\n|move|p1a: Nito|Recover|p1a: Nito\n|-heal|p1a: Nito|100\/100\n|\n|-weather|RainDance|[upkeep]\n|-heal|p2a: Eelektross|82\/100 tox|[from] item: Leftovers\n|-damage|p2a: Eelektross|57\/100 tox|[from] psn\n|upkeep\n|turn|7\n|\n|t:|1699934766\n|move|p2a: Eelektross|Facade|p1a: Nito\n|-damage|p1a: Nito|63\/100\n|move|p1a: Nito|Recover|p1a: Nito\n|-heal|p1a: Nito|100\/100\n|\n|-weather|none\n|-heal|p2a: Eelektross|63\/100 tox|[from] item: Leftovers\n|-damage|p2a: Eelektross|32\/100 tox|[from] psn\n|upkeep\n|turn|8\n|\n|t:|1699934779\n|switch|p1a: Pozolito|Sinistcha, shiny|100\/100\n|move|p2a: Eelektross|Facade|p1a: Pozolito\n|-immune|p1a: Pozolito\n|\n|-heal|p2a: Eelektross|38\/100 tox|[from] item: Leftovers\n|-damage|p2a: Eelektross|1\/100 tox|[from] psn\n|upkeep\n|turn|9\n|\n|t:|1699934796\n|move|p1a: Pozolito|Calm Mind|p1a: Pozolito\n|-boost|p1a: Pozolito|spa|1\n|-boost|p1a: Pozolito|spd|1\n|move|p2a: Eelektross|Discharge|p1a: Pozolito\n|-resisted|p1a: Pozolito\n|-damage|p1a: Pozolito|87\/100\n|\n|-heal|p1a: Pozolito|94\/100|[from] item: Leftovers\n|-heal|p2a: Eelektross|7\/100 tox|[from] item: Leftovers\n|-damage|p2a: Eelektross|0 fnt|[from] psn\n|faint|p2a: Eelektross\n|upkeep\n|\n|t:|1699934810\n|switch|p2a: Corviknight|Corviknight, M|100\/100\n|-damage|p2a: Corviknight|88\/100|[from] Stealth Rock\n|turn|10\n|\n|t:|1699934815\n|move|p1a: Pozolito|Iron Defense|p1a: Pozolito\n|-boost|p1a: Pozolito|def|2\n|move|p2a: Corviknight|Iron Defense|p2a: Corviknight\n|-boost|p2a: Corviknight|def|2\n|\n|-heal|p1a: Pozolito|99\/100|[from] item: Leftovers\n|-heal|p2a: Corviknight|94\/100|[from] item: Leftovers\n|upkeep\n|turn|11\n|\n|t:|1699934822\n|move|p1a: Pozolito|Calm Mind|p1a: Pozolito\n|-boost|p1a: Pozolito|spa|1\n|-boost|p1a: Pozolito|spd|1\n|move|p2a: Corviknight|Iron Defense|p2a: Corviknight\n|-boost|p2a: Corviknight|def|2\n|\n|-heal|p1a: Pozolito|100\/100|[from] item: Leftovers\n|-heal|p2a: Corviknight|100\/100|[from] item: Leftovers\n|upkeep\n|turn|12\n|\n|t:|1699934840\n|move|p1a: Pozolito|Shadow Ball|p2a: Corviknight\n|-damage|p2a: Corviknight|41\/100\n|move|p2a: Corviknight|Iron Defense|p2a: Corviknight\n|-boost|p2a: Corviknight|def|2\n|\n|-heal|p2a: Corviknight|47\/100|[from] item: Leftovers\n|upkeep\n|turn|13\n|\n|t:|1699934850\n|move|p1a: Pozolito|Shadow Ball|p2a: Corviknight\n|-damage|p2a: Corviknight|0 fnt\n|faint|p2a: Corviknight\n|\n|upkeep\n|\n|t:|1699934856\n|switch|p2a: Sharpedo|Sharpedo, M|100\/100\n|-damage|p2a: Sharpedo|88\/100|[from] Stealth Rock\n|turn|14\n|\n|t:|1699934861\n|detailschange|p2a: Sharpedo|Sharpedo-Mega, M\n|-mega|p2a: Sharpedo|Sharpedo|Sharpedonite\n|move|p2a: Sharpedo|Crunch|p1a: Pozolito\n|-supereffective|p1a: Pozolito\n|-damage|p1a: Pozolito|36\/100\n|move|p1a: Pozolito|Matcha Gotcha|p2a: Sharpedo\n|-supereffective|p2a: Sharpedo\n|-damage|p2a: Sharpedo|0 fnt\n|-heal|p1a: Pozolito|72\/100|[from] drain|[of] p2a: Sharpedo\n|faint|p2a: Sharpedo\n|\n|-heal|p1a: Pozolito|78\/100|[from] item: Leftovers\n|upkeep\n|\n|t:|1699934874\n|switch|p2a: Greninja|Greninja, M|94\/100 tox\n|-damage|p2a: Greninja|82\/100 tox|[from] Stealth Rock\n|turn|15\n|\n|t:|1699934878\n|move|p2a: Greninja|Dark Pulse|p1a: Pozolito\n|-start|p2a: Greninja|typechange|Dark|[from] ability: Protean\n|-supereffective|p1a: Pozolito\n|-damage|p1a: Pozolito|31\/100\n|move|p1a: Pozolito|Matcha Gotcha|p2a: Greninja\n|-crit|p2a: Greninja\n|-damage|p2a: Greninja|0 fnt\n|-heal|p1a: Pozolito|66\/100|[from] drain|[of] p2a: Greninja\n|faint|p2a: Greninja\n|\n|-heal|p1a: Pozolito|72\/100|[from] item: Leftovers\n|upkeep\n|\n|t:|1699934889\n|switch|p2a: Volcarona|Volcarona, F|100\/100\n|-damage|p2a: Volcarona|51\/100|[from] Stealth Rock\n|turn|16\n|\n|t:|1699934895\n|move|p2a: Volcarona|Flame Charge|p1a: Pozolito\n|-supereffective|p1a: Pozolito\n|-damage|p1a: Pozolito|66\/100\n|-boost|p2a: Volcarona|spe|1\n|move|p1a: Pozolito|Shadow Ball|p2a: Volcarona\n|-damage|p2a: Volcarona|0 fnt\n|faint|p2a: Volcarona\n|\n|-heal|p1a: Pozolito|72\/100|[from] item: Leftovers\n|upkeep\n|\n|t:|1699934905\n|switch|p2a: Kingdra|Kingdra, M|100\/100\n|-damage|p2a: Kingdra|88\/100|[from] Stealth Rock\n|turn|17\n|\n|t:|1699934911\n|move|p2a: Kingdra|Toxic|p1a: Pozolito\n|-status|p1a: Pozolito|tox\n|move|p1a: Pozolito|Matcha Gotcha|p2a: Kingdra\n|-damage|p2a: Kingdra|15\/100\n|-heal|p1a: Pozolito|100\/100 tox|[from] drain|[of] p2a: Kingdra\n|\n|-damage|p1a: Pozolito|94\/100 tox|[from] psn\n|upkeep\n|turn|18\n|\n|t:|1699934924\n|move|p2a: Kingdra|Water Pulse|p1a: Pozolito\n|-resisted|p1a: Pozolito\n|-damage|p1a: Pozolito|87\/100 tox\n|move|p1a: Pozolito|Matcha Gotcha|p2a: Kingdra\n|-damage|p2a: Kingdra|0 fnt\n|-heal|p1a: Pozolito|93\/100 tox|[from] drain|[of] p2a: Kingdra\n|faint|p2a: Kingdra\n|\n|win|Danwine\n|raw|Danwine's rating: 1120 &rarr; <strong>1138<\/strong><br \/>(+18 for winning)\n|raw|ItsFroggibott's rating: 1026 &rarr; <strong>1016<\/strong><br \/>(-10 for losing)\n|l|\u2606ItsFroggibott\n","uploadtime":1699934944,"views":11,"p1id":"danwine","p2id":"itsfroggibott","formatid":"gen9nationaldex","rating":1016,"private":0,"password":""}