{"id":"gen9nationaldex-1993510868","p1":"Pokrunk","p2":"goopypiggys","format":"[Gen 9] National Dex","log":"|j|\u2606Pokrunk\n|j|\u2606goopypiggys\n|t:|1700326429\n|gametype|singles\n|player|p1|Pokrunk|red-gen1rb|1657\n|player|p2|goopypiggys|ghetsis|1563\n|teamsize|p1|6\n|teamsize|p2|6\n|gen|9\n|tier|[Gen 9] National Dex\n|rated|\n|rule|HP Percentage Mod: HP is shown in percentages\n|rule|Endless Battle Clause: Forcing endless battles is banned\n|rule|OHKO Clause: OHKO moves are banned\n|rule|Evasion Clause: Evasion abilities, items, and moves are banned\n|rule|Evasion Abilities Clause: Evasion abilities are banned\n|rule|Evasion Items Clause: Evasion items are banned\n|rule|Evasion Moves Clause: Evasion moves are banned\n|rule|Species Clause: Limit one of each Pok\u00e9mon\n|rule|Sleep Clause Mod: Limit one foe put to sleep\n|clearpoke\n|poke|p1|Kleavor, M|\n|poke|p1|Aegislash, M|\n|poke|p1|Garchomp, F|\n|poke|p1|Alomomola, F|\n|poke|p1|Urshifu-*, M|\n|poke|p1|Ogerpon, F|\n|poke|p2|Rillaboom, F|\n|poke|p2|Magnezone|\n|poke|p2|Gliscor, M|\n|poke|p2|Diancie|\n|poke|p2|Toxapex, M|\n|poke|p2|Ferrothorn, M|\n|teampreview\n|c|\u2606goopypiggys|whoa\n|c|\u2606goopypiggys|the kleavor animation\n|c|\u2606goopypiggys|is sick\n|\n|t:|1700326453\n|start\n|switch|p1a: Kleavor|Kleavor, M|100\/100\n|switch|p2a: Rillaboom|Rillaboom, F|100\/100\n|-fieldstart|move: Grassy Terrain|[from] ability: Grassy Surge|[of] p2a: Rillaboom\n|turn|1\n|\n|t:|1700326457\n|move|p2a: Rillaboom|Grassy Glide|p1a: Kleavor\n|-damage|p1a: Kleavor|29\/100\n|move|p1a: Kleavor|Stone Axe|p2a: Rillaboom\n|-damage|p2a: Rillaboom|55\/100\n|-sidestart|p2: goopypiggys|move: Stealth Rock\n|\n|-heal|p1a: Kleavor|35\/100|[from] Grassy Terrain\n|-heal|p2a: Rillaboom|61\/100|[from] Grassy Terrain\n|upkeep\n|turn|2\n|\n|t:|1700326463\n|move|p2a: Rillaboom|Grassy Glide|p1a: Kleavor\n|-damage|p1a: Kleavor|0 fnt\n|faint|p1a: Kleavor\n|\n|-heal|p2a: Rillaboom|67\/100|[from] Grassy Terrain\n|upkeep\n|\n|t:|1700326465\n|switch|p1a: Aegislash|Aegislash, M|100\/100\n|turn|3\n|\n|t:|1700326469\n|switch|p2a: Gliscor|Gliscor, M|100\/100\n|-damage|p2a: Gliscor|88\/100|[from] Stealth Rock\n|move|p1a: Aegislash|Swords Dance|p1a: Aegislash\n|-boost|p1a: Aegislash|atk|2\n|\n|-status|p2a: Gliscor|tox|[from] item: Toxic Orb\n|upkeep\n|turn|4\n|\n|t:|1700326484\n|move|p2a: Gliscor|U-turn|p1a: Aegislash\n|-resisted|p1a: Aegislash\n|-damage|p1a: Aegislash|97\/100\n|\n|t:|1700326489\n|switch|p2a: Toxapex|Toxapex, M|100\/100|[from] U-turn\n|move|p1a: Aegislash|Swords Dance|p1a: Aegislash\n|-boost|p1a: Aegislash|atk|2\n|\n|-heal|p1a: Aegislash|100\/100|[from] Grassy Terrain\n|upkeep\n|turn|5\n|\n|t:|1700326492\n|-zpower|p1a: Aegislash\n|-formechange|p1a: Aegislash|Aegislash-Blade||[from] ability: Stance Change\n|move|p1a: Aegislash|Never-Ending Nightmare|p2a: Toxapex|[zeffect]\n|-damage|p2a: Toxapex|0 fnt\n|faint|p2a: Toxapex\n|\n|-fieldend|move: Grassy Terrain\n|upkeep\n|\n|t:|1700326499\n|switch|p2a: Magnezone|Magnezone|100\/100\n|-damage|p2a: Magnezone|94\/100|[from] Stealth Rock\n|turn|6\n|\n|t:|1700326501\n|move|p1a: Aegislash|Close Combat|p2a: Magnezone\n|-supereffective|p2a: Magnezone\n|-damage|p2a: Magnezone|0 fnt\n|-unboost|p1a: Aegislash|def|1\n|-unboost|p1a: Aegislash|spd|1\n|faint|p2a: Magnezone\n|\n|upkeep\n|\n|t:|1700326522\n|switch|p2a: Gliscor|Gliscor, M|88\/100 tox\n|-damage|p2a: Gliscor|75\/100 tox|[from] Stealth Rock\n|turn|7\n|\n|t:|1700326528\n|switch|p1a: Alomomola|Alomomola, F|100\/100\n|move|p2a: Gliscor|Earthquake|p1a: Alomomola\n|-damage|p1a: Alomomola|81\/100\n|\n|-heal|p2a: Gliscor|88\/100 tox|[from] ability: Poison Heal\n|upkeep\n|turn|8\n|\n|t:|1700326531\n|move|p2a: Gliscor|Defog|p1a: Alomomola\n|-unboost|p1a: Alomomola|evasion|1\n|-sideend|p2: goopypiggys|Stealth Rock|[from] move: Defog|[of] p2a: Gliscor\n|move|p1a: Alomomola|Flip Turn|p2a: Gliscor\n|-supereffective|p2a: Gliscor\n|-damage|p2a: Gliscor|60\/100 tox\n|\n|t:|1700326533\n|switch|p1a: Urshifu|Urshifu-Rapid-Strike, M|100\/100|[from] Flip Turn\n|\n|-heal|p2a: Gliscor|73\/100 tox|[from] ability: Poison Heal\n|upkeep\n|turn|9\n|\n|t:|1700326538\n|switch|p2a: Ferrothorn|Ferrothorn, M|100\/100\n|move|p1a: Urshifu|Swords Dance|p1a: Urshifu\n|-boost|p1a: Urshifu|atk|2\n|\n|upkeep\n|turn|10\n|\n|t:|1700326542\n|move|p1a: Urshifu|Close Combat|p2a: Ferrothorn\n|-supereffective|p2a: Ferrothorn\n|-damage|p2a: Ferrothorn|0 fnt\n|-unboost|p1a: Urshifu|def|1\n|-unboost|p1a: Urshifu|spd|1\n|-damage|p1a: Urshifu|88\/100|[from] ability: Iron Barbs|[of] p2a: Ferrothorn\n|faint|p2a: Ferrothorn\n|\n|upkeep\n|-message|goopypiggys forfeited.\n|\n|win|Pokrunk\n|raw|Pokrunk's rating: 1657 &rarr; <strong>1672<\/strong><br \/>(+15 for winning)\n|raw|goopypiggys's rating: 1563 &rarr; <strong>1548<\/strong><br \/>(-15 for losing)\n|l|\u2606goopypiggys\n","uploadtime":1700326549,"views":6,"p1id":"pokrunk","p2id":"goopypiggys","formatid":"gen9nationaldex","rating":1548,"private":0,"password":""}