{"id":"gen9nationaldex-1988198062","p1":"flysix","p2":"xdswl","format":"[Gen 9] National Dex","log":"|j|\u2606flysix\n|j|\u2606xdswl\n|t:|1699683597\n|gametype|singles\n|player|p1|flysix|rosa|\n|player|p2|xdswl|101|\n|teamsize|p1|6\n|teamsize|p2|6\n|gen|9\n|tier|[Gen 9] National Dex\n|rule|HP Percentage Mod: HP is shown in percentages\n|rule|Endless Battle Clause: Forcing endless battles is banned\n|rule|OHKO Clause: OHKO moves are banned\n|rule|Evasion Clause: Evasion abilities, items, and moves are banned\n|rule|Evasion Abilities Clause: Evasion abilities are banned\n|rule|Evasion Items Clause: Evasion items are banned\n|rule|Evasion Moves Clause: Evasion moves are banned\n|rule|Species Clause: Limit one of each Pok\u00e9mon\n|rule|Sleep Clause Mod: Limit one foe put to sleep\n|clearpoke\n|poke|p1|Torterra, M|\n|poke|p1|Armarouge, F|\n|poke|p1|Mimikyu, F|\n|poke|p1|Rillaboom, F|\n|poke|p1|Haxorus, M|\n|poke|p1|Hatterene, F|\n|poke|p2|Ursaluna, M|\n|poke|p2|Zapdos|\n|poke|p2|Scizor, M|\n|poke|p2|Ogerpon-Cornerstone, F|\n|poke|p2|Samurott-Hisui, M|\n|poke|p2|Volcarona, F|\n|teampreview\n|inactive|Battle timer is ON: inactive players will automatically lose when time's up. (requested by flysix)\n|\n|t:|1699683625\n|start\n|switch|p1a: Rillaboom|Rillaboom, F|100\/100\n|switch|p2a: Scizor|Scizor, M|100\/100\n|-fieldstart|move: Grassy Terrain|[from] ability: Grassy Surge|[of] p1a: Rillaboom\n|turn|1\n|j| XYStarshone.\u661f\u8000\n|\n|t:|1699683648\n|detailschange|p2a: Scizor|Scizor-Mega, M\n|-mega|p2a: Scizor|Scizor|Scizorite\n|move|p1a: Rillaboom|U-turn|p2a: Scizor\n|-resisted|p2a: Scizor\n|-damage|p2a: Scizor|91\/100\n|c| XYStarshone.\u661f\u8000|\u8ddf\u8e2axdswl\u805a\u805a\n|\n|t:|1699683654\n|switch|p1a: Monkey Posession|Armarouge, F|100\/100|[from] U-turn\n|move|p2a: Scizor|U-turn|p1a: Monkey Posession\n|-damage|p1a: Monkey Posession|79\/100\n|-ability|p1a: Monkey Posession|Weak Armor|boost\n|-unboost|p1a: Monkey Posession|def|1\n|-boost|p1a: Monkey Posession|spe|2\n|c|\u2606xdswl|\u516d\n|\n|t:|1699683660\n|switch|p2a: Ogerpon|Ogerpon-Cornerstone, F|100\/100|[from] U-turn\n|\n|-heal|p1a: Monkey Posession|85\/100|[from] Grassy Terrain\n|upkeep\n|turn|2\n|\n|t:|1699683666\n|move|p1a: Monkey Posession|Iron Defense|p1a: Monkey Posession\n|-boost|p1a: Monkey Posession|def|2\n|move|p2a: Ogerpon|Ivy Cudgel|p1a: Monkey Posession\n|-supereffective|p1a: Monkey Posession\n|-damage|p1a: Monkey Posession|29\/100\n|-ability|p1a: Monkey Posession|Weak Armor|boost\n|-unboost|p1a: Monkey Posession|def|1\n|-boost|p1a: Monkey Posession|spe|2\n|-enditem|p1a: Monkey Posession|Weakness Policy\n|-boost|p1a: Monkey Posession|atk|2|[from] item: Weakness Policy\n|-boost|p1a: Monkey Posession|spa|2|[from] item: Weakness Policy\n|\n|-heal|p1a: Monkey Posession|36\/100|[from] Grassy Terrain\n|upkeep\n|turn|3\n|\n|t:|1699683670\n|move|p1a: Monkey Posession|Flamethrower|p2a: Ogerpon\n|-damage|p2a: Ogerpon|20\/100\n|move|p2a: Ogerpon|Ivy Cudgel|p1a: Monkey Posession\n|-supereffective|p1a: Monkey Posession\n|-damage|p1a: Monkey Posession|0 fnt\n|faint|p1a: Monkey Posession\n|\n|-heal|p2a: Ogerpon|26\/100|[from] Grassy Terrain\n|upkeep\n|\n|t:|1699683674\n|switch|p1a: Mimikyu|Mimikyu, F|100\/100\n|turn|4\n|c|\u2606xdswl|\u4f3c\u66fe\u76f8\u8bc6\u7684\u5f00\u5c40\uff08\n|\n|t:|1699683681\n|move|p2a: Ogerpon|Horn Leech|p1a: Mimikyu\n|-activate|p1a: Mimikyu|ability: Disguise\n|-damage|p1a: Mimikyu|100\/100\n|detailschange|p1a: Mimikyu|Mimikyu-Busted, F\n|-damage|p1a: Mimikyu|88\/100|[from] pokemon: Mimikyu-Busted\n|move|p1a: Mimikyu|Swords Dance|p1a: Mimikyu\n|-boost|p1a: Mimikyu|atk|2\n|\n|-heal|p2a: Ogerpon|32\/100|[from] Grassy Terrain\n|-heal|p1a: Mimikyu|94\/100|[from] Grassy Terrain\n|upkeep\n|turn|5\n|\n|t:|1699683688\n|move|p1a: Mimikyu|Protect|p1a: Mimikyu\n|-singleturn|p1a: Mimikyu|Protect\n|move|p2a: Ogerpon|Horn Leech|p1a: Mimikyu\n|-activate|p1a: Mimikyu|move: Protect\n|\n|-heal|p2a: Ogerpon|38\/100|[from] Grassy Terrain\n|-heal|p1a: Mimikyu|99\/100|[from] Grassy Terrain\n|upkeep\n|turn|6\n|c| XYStarshone.\u661f\u8000|\u7b49\u4e00\u4e2a\u8c1c\u62dfq\u9ebb\u75f9\u6216\u8005\u70e7\u4f24\n|c|\u2606flysix|\u554a\uff1f\uff1f\n|c| XYStarshone.\u661f\u8000|\uff1f\n|\n|t:|1699683701\n|move|p1a: Mimikyu|Protect|p1a: Mimikyu\n|-singleturn|p1a: Mimikyu|Protect\n|move|p2a: Ogerpon|Horn Leech|p1a: Mimikyu\n|-activate|p1a: Mimikyu|move: Protect\n|\n|-heal|p2a: Ogerpon|44\/100|[from] Grassy Terrain\n|-heal|p1a: Mimikyu|100\/100|[from] Grassy Terrain\n|upkeep\n|turn|7\n|c| XYStarshone.\u661f\u8000|\u4e0d\u662f\u4ec0\u4e48\u73a9\u610f\n|c|\u2606flysix|\u6211\u4ee5\u4e3a\n|c|\u2606xdswl|\uff1f\n|c| XYStarshone.\u661f\u8000|\u4f60\u4fdd\u62a4\u5e72\u4ec0\u4e48\uff1f\uff1f\uff1f\uff1f\n|c|\u2606xdswl|\u975e\u5f97\u8e6d71\uff1f\uff1f\n|\n|t:|1699683716\n|move|p2a: Ogerpon|Horn Leech|p1a: Mimikyu\n|-damage|p1a: Mimikyu|10\/100\n|-heal|p2a: Ogerpon|82\/100|[from] drain|[of] p1a: Mimikyu\n|move|p1a: Mimikyu|Swords Dance|p1a: Mimikyu\n|-boost|p1a: Mimikyu|atk|2\n|\n|-heal|p2a: Ogerpon|88\/100|[from] Grassy Terrain\n|-heal|p1a: Mimikyu|16\/100|[from] Grassy Terrain\n|upkeep\n|turn|8\n|c| XYStarshone.\u661f\u8000|\u5f71\u5b50\u5077\u88ad\u554a\uff1f\n|c| XYStarshone.\u661f\u8000|\u8e6d71\u554a\n|c| XYStarshone.\u661f\u8000|\u8349\n|c| XYStarshone.\u661f\u8000|\u8fd9\u4e48\u8e6d\n|c|\u2606xdswl|\u6709\u72d7\uff01\n|\n|t:|1699683730\n|move|p1a: Mimikyu|Shadow Sneak|p2a: Ogerpon\n|-damage|p2a: Ogerpon|23\/100\n|move|p2a: Ogerpon|Horn Leech|p1a: Mimikyu\n|-damage|p1a: Mimikyu|0 fnt\n|-heal|p2a: Ogerpon|30\/100|[from] drain|[of] p1a: Mimikyu\n|faint|p1a: Mimikyu\n|\n|-heal|p2a: Ogerpon|36\/100|[from] Grassy Terrain\n|-fieldend|move: Grassy Terrain\n|upkeep\n|c| XYStarshone.\u661f\u8000|\u4e0d\u8981\u547d\u8fa3\uff01\n|c| XYStarshone.\u661f\u8000|\uff1f\n|c| XYStarshone.\u661f\u8000|\u7b11\u6b7b\u6211\u4e86\n|c|\u2606xdswl|\u516d\n|\n|t:|1699683738\n|switch|p1a: Torterra|Torterra, M|100\/100\n|turn|9\n|c| XYStarshone.\u661f\u8000|\u8c1c\u62dfq\u7684\u529b\u5ea6\n|\n|t:|1699683743\n|move|p2a: Ogerpon|Stomping Tantrum|p1a: Torterra\n|-resisted|p1a: Torterra\n|-damage|p1a: Torterra|87\/100\n|move|p1a: Torterra|Shell Smash|p1a: Torterra\n|-unboost|p1a: Torterra|def|1\n|-unboost|p1a: Torterra|spd|1\n|-boost|p1a: Torterra|atk|2\n|-boost|p1a: Torterra|spa|2\n|-boost|p1a: Torterra|spe|2\n|\n|upkeep\n|turn|10\n|c| XYStarshone.\u661f\u8000|\u662f\u6211\u8ba4\u8bc6\u7684\u90a3\u4e2a\u8c1c\u62dfq\uff01\n|\n|t:|1699683751\n|move|p1a: Torterra|Bullet Seed|p2a: Ogerpon\n|-damage|p2a: Ogerpon|0 fnt\n|faint|p2a: Ogerpon\n|-hitcount|p2: Ogerpon|1\n|\n|upkeep\n|\n|t:|1699683767\n|switch|p2a: Scizor|Scizor-Mega, M|91\/100\n|turn|11\n|\n|t:|1699683773\n|-terastallize|p1a: Torterra|Steel\n|move|p2a: Scizor|Bullet Punch|p1a: Torterra\n|-resisted|p1a: Torterra\n|-damage|p1a: Torterra|66\/100\n|move|p1a: Torterra|Headlong Rush|p2a: Scizor\n|-damage|p2a: Scizor|0 fnt\n|-unboost|p1a: Torterra|def|1\n|-unboost|p1a: Torterra|spd|1\n|faint|p2a: Scizor\n|\n|upkeep\n|c|\u2606xdswl|\u571f\u53f0\u9f9f\u6709\u70b9\u70e6\u4e86\n|inactive|xdswl has 270 seconds left.\n|c|\u2606flysix|\u62dc\u6258\u4e0d\u8981miss\n|\n|t:|1699683813\n|switch|p2a: Samurott|Samurott-Hisui, M|100\/100\n|turn|12\n|c| XYStarshone.\u661f\u8000|\u7a81\u88ad\uff01\uff01\n|c| XYStarshone.\u661f\u8000|\u542f\u52a8\uff01\n|c|\u2606xdswl|\u4f60\u8bf4\u6211\u592a\u6076\u7a81\u88ad\u80fd\u6740\u5417\uff08\n|c| XYStarshone.\u661f\u8000|\u7a81\u88ad\u4e0d\u7a81\u88ad\u7a81\u88ad\n|c| XYStarshone.\u661f\u8000|\u80af\u5b9a\u53ef\u4ee5\u4e86\n|\n|t:|1699683832\n|-terastallize|p2a: Samurott|Dark\n|move|p2a: Samurott|Sucker Punch|p1a: Torterra\n|-damage|p1a: Torterra|0 fnt\n|faint|p1a: Torterra\n|-damage|p2a: Samurott|91\/100|[from] item: Life Orb\n|\n|upkeep\n|c|\u2606flysix|\u76f8\u4fe1\u9f9f\u9f9f\n|\n|t:|1699683836\n|switch|p1a: Haxorus|Haxorus, M|100\/100\n|-ability|p1a: Haxorus|Mold Breaker\n|turn|13\n|\n|t:|1699683839\n|move|p2a: Samurott|Ceaseless Edge|p1a: Haxorus\n|-damage|p1a: Haxorus|0 fnt\n|-sidestart|p1: flysix|Spikes\n|faint|p1a: Haxorus\n|-damage|p2a: Samurott|81\/100|[from] item: Life Orb\n|\n|upkeep\n|c|\u2606flysix|\uff1f\n|c|\u2606xdswl|\u725b\u903c\uff01\n|\n|t:|1699683846\n|switch|p1a: Hatterene|Hatterene, F|100\/100\n|-damage|p1a: Hatterene|88\/100|[from] Spikes\n|turn|14\n|c| XYStarshone.\u661f\u8000|\u5927\u5251\u9b3c\u662f\u8fd9\u6837\u7684\n|-message|flysix forfeited.\n|\n|win|xdswl\n","uploadtime":1699683857,"views":9,"p1id":"flysix","p2id":"xdswl","formatid":"gen9nationaldex","rating":0,"private":0,"password":""}