{"id":"gen9nationaldex-1999632515","p1":"Ticaillou","p2":"shelmetbeta","format":"[Gen 9] National Dex","log":"|html|<div class=\"broadcast-blue\"><strong>[Gen 9] National Dex is currently suspecting Sneasler! For information on how to participate check out the <a href=\"https:\/\/www.smogon.com\/forums\/threads\/sv-national-dex-suspect-8-just-dance.3731534\/\">suspect thread<\/a>.<\/strong><\/div>\n|j|\u2606Ticaillou\n|j|\u2606shelmetbeta\n|t:|1701102981\n|gametype|singles\n|player|p1|Ticaillou|alder|1186\n|player|p2|shelmetbeta|169|1284\n|teamsize|p1|6\n|teamsize|p2|6\n|gen|9\n|tier|[Gen 9] National Dex\n|rated|\n|rule|HP Percentage Mod: HP is shown in percentages\n|rule|Endless Battle Clause: Forcing endless battles is banned\n|rule|OHKO Clause: OHKO moves are banned\n|rule|Evasion Clause: Evasion abilities, items, and moves are banned\n|rule|Evasion Abilities Clause: Evasion abilities are banned\n|rule|Evasion Items Clause: Evasion items are banned\n|rule|Evasion Moves Clause: Evasion moves are banned\n|rule|Species Clause: Limit one of each Pok\u00e9mon\n|rule|Sleep Clause Mod: Limit one foe put to sleep\n|clearpoke\n|poke|p1|Banette, F|\n|poke|p1|Pawmot, F|\n|poke|p1|Alomomola, F|\n|poke|p1|Landorus-Therian, M|\n|poke|p1|Moltres|\n|poke|p1|Bisharp, F|\n|poke|p2|Scizor, F|\n|poke|p2|Alomomola, M|\n|poke|p2|Tornadus-Therian, M|\n|poke|p2|Ferrothorn, F|\n|poke|p2|Thundurus-Therian, M|\n|poke|p2|Clodsire, F|\n|teampreview\n|\n|t:|1701103005\n|start\n|switch|p1a: Landorus|Landorus-Therian, M|100\/100\n|switch|p2a: Ferrothorn|Ferrothorn, F|100\/100\n|-ability|p1a: Landorus|Intimidate|boost\n|-unboost|p2a: Ferrothorn|atk|1\n|turn|1\n|inactive|Battle timer is ON: inactive players will automatically lose when time's up. (requested by Ticaillou)\n|\n|t:|1701103012\n|move|p1a: Landorus|Taunt|p2a: Ferrothorn\n|-start|p2a: Ferrothorn|move: Taunt\n|cant|p2a: Ferrothorn|move: Taunt|Stealth Rock\n|\n|upkeep\n|turn|2\n|\n|t:|1701103021\n|switch|p1a: Pawmot|Pawmot, F|100\/100\n|move|p2a: Ferrothorn|Power Whip|p1a: Pawmot\n|-damage|p1a: Pawmot|59\/100\n|\n|upkeep\n|turn|3\n|\n|t:|1701103031\n|switch|p2a: Thundurus|Thundurus-Therian, M|100\/100\n|move|p1a: Pawmot|Close Combat|p2a: Thundurus\n|-resisted|p2a: Thundurus\n|-damage|p2a: Thundurus|59\/100\n|-unboost|p1a: Pawmot|def|1\n|-unboost|p1a: Pawmot|spd|1\n|\n|upkeep\n|turn|4\n|\n|t:|1701103044\n|switch|p1a: Bisharp|Bisharp, F|100\/100\n|move|p2a: Thundurus|Grass Knot|p1a: Bisharp\n|-resisted|p1a: Bisharp\n|-damage|p1a: Bisharp|81\/100\n|\n|upkeep\n|turn|5\n|\n|t:|1701103057\n|switch|p2a: Alomomola|Alomomola, M|100\/100\n|move|p1a: Bisharp|Swords Dance|p1a: Bisharp\n|-boost|p1a: Bisharp|atk|2\n|\n|upkeep\n|turn|6\n|\n|t:|1701103063\n|move|p1a: Bisharp|Substitute|p1a: Bisharp\n|-start|p1a: Bisharp|Substitute\n|-damage|p1a: Bisharp|56\/100\n|move|p2a: Alomomola|Flip Turn|p1a: Bisharp\n|-activate|p1a: Bisharp|move: Substitute|[damage]\n|\n|t:|1701103077\n|switch|p2a: Scizor|Scizor, F|100\/100|[from] Flip Turn\n|\n|upkeep\n|turn|7\n|\n|t:|1701103083\n|detailschange|p2a: Scizor|Scizor-Mega, F\n|-mega|p2a: Scizor|Scizor|Scizorite\n|move|p2a: Scizor|U-turn|p1a: Bisharp\n|-end|p1a: Bisharp|Substitute\n|\n|t:|1701103087\n|switch|p2a: Ferrothorn|Ferrothorn, F|100\/100|[from] U-turn\n|move|p1a: Bisharp|Power-Up Punch|p2a: Ferrothorn\n|-supereffective|p2a: Ferrothorn\n|-damage|p2a: Ferrothorn|62\/100\n|-boost|p1a: Bisharp|atk|1\n|-damage|p1a: Bisharp|44\/100|[from] ability: Iron Barbs|[of] p2a: Ferrothorn\n|\n|-heal|p2a: Ferrothorn|68\/100|[from] item: Leftovers\n|upkeep\n|turn|8\n|\n|t:|1701103105\n|switch|p1a: Moltres|Moltres|100\/100\n|switch|p2a: Clodsire|Clodsire, F|100\/100\n|\n|upkeep\n|turn|9\n|\n|t:|1701103118\n|move|p1a: Moltres|Mystical Fire|p2a: Clodsire\n|-damage|p2a: Clodsire|82\/100\n|-unboost|p2a: Clodsire|spa|1\n|move|p2a: Clodsire|Toxic|p1a: Moltres\n|-status|p1a: Moltres|tox\n|\n|-damage|p1a: Moltres|94\/100 tox|[from] psn\n|upkeep\n|turn|10\n|\n|t:|1701103129\n|switch|p1a: Bisharp|Bisharp, F|44\/100\n|move|p2a: Clodsire|Spikes|p1a: Bisharp\n|-sidestart|p1: Ticaillou|Spikes\n|\n|upkeep\n|turn|11\n|\n|t:|1701103135\n|move|p1a: Bisharp|Substitute|p1a: Bisharp\n|-start|p1a: Bisharp|Substitute\n|-damage|p1a: Bisharp|19\/100\n|move|p2a: Clodsire|Earthquake|p1a: Bisharp\n|-supereffective|p1a: Bisharp\n|-end|p1a: Bisharp|Substitute\n|\n|upkeep\n|turn|12\n|c|\u2606shelmetbeta|???\n|\n|t:|1701103141\n|move|p1a: Bisharp|Sucker Punch|p2a: Clodsire\n|-damage|p2a: Clodsire|42\/100\n|move|p2a: Clodsire|Earthquake|p1a: Bisharp\n|-supereffective|p1a: Bisharp\n|-damage|p1a: Bisharp|0 fnt\n|faint|p1a: Bisharp\n|\n|upkeep\n|\n|t:|1701103152\n|switch|p1a: Landorus|Landorus-Therian, M|100\/100\n|-ability|p1a: Landorus|Intimidate|boost\n|-unboost|p2a: Clodsire|atk|1\n|turn|13\n|\n|t:|1701103161\n|switch|p2a: Tornadus|Tornadus-Therian, M|100\/100\n|move|p1a: Landorus|Taunt|p2a: Tornadus\n|-start|p2a: Tornadus|move: Taunt\n|\n|upkeep\n|turn|14\n|\n|t:|1701103171\n|move|p2a: Tornadus|Hurricane|p1a: Landorus\n|-damage|p1a: Landorus|58\/100\n|move|p1a: Landorus|U-turn|p2a: Tornadus\n|-resisted|p2a: Tornadus\n|-damage|p2a: Tornadus|89\/100\n|\n|t:|1701103177\n|switch|p1a: Alomomola|Alomomola, F|100\/100|[from] U-turn\n|-damage|p1a: Alomomola|88\/100|[from] Spikes\n|\n|upkeep\n|turn|15\n|\n|t:|1701103186\n|move|p2a: Tornadus|Knock Off|p1a: Alomomola\n|-damage|p1a: Alomomola|76\/100\n|-damage|p2a: Tornadus|73\/100|[from] item: Rocky Helmet|[of] p1a: Alomomola\n|-enditem|p1a: Alomomola|Rocky Helmet|[from] move: Knock Off|[of] p2a: Tornadus\n|move|p1a: Alomomola|Toxic|p2a: Tornadus\n|-status|p2a: Tornadus|tox\n|\n|-damage|p2a: Tornadus|67\/100 tox|[from] psn\n|-end|p2a: Tornadus|move: Taunt\n|upkeep\n|turn|16\n|\n|t:|1701103196\n|move|p2a: Tornadus|U-turn|p1a: Alomomola\n|-damage|p1a: Alomomola|67\/100\n|\n|t:|1701103202\n|switch|p2a: Alomomola|Alomomola, M|100\/100|[from] U-turn\n|move|p1a: Alomomola|Wish|p1a: Alomomola\n|\n|upkeep\n|turn|17\n|inactive|Ticaillou has 120 seconds left.\n|\n|t:|1701103258\n|move|p1a: Alomomola|Toxic|p2a: Alomomola|[miss]\n|-miss|p1a: Alomomola|p2a: Alomomola\n|move|p2a: Alomomola|Toxic|p1a: Alomomola\n|-status|p1a: Alomomola|tox\n|\n|-heal|p1a: Alomomola|100\/100 tox|[from] move: Wish|[wisher] Alomomola\n|-damage|p1a: Alomomola|94\/100 tox|[from] psn\n|upkeep\n|turn|18\n|\n|t:|1701103269\n|move|p2a: Alomomola|Protect|p2a: Alomomola\n|-singleturn|p2a: Alomomola|Protect\n|move|p1a: Alomomola|Toxic|p2a: Alomomola\n|-activate|p2a: Alomomola|move: Protect\n|\n|-damage|p1a: Alomomola|82\/100 tox|[from] psn\n|upkeep\n|turn|19\n|\n|t:|1701103276\n|switch|p2a: Clodsire|Clodsire, F|42\/100\n|move|p1a: Alomomola|Toxic|p2a: Clodsire\n|-immune|p2a: Clodsire\n|\n|-damage|p1a: Alomomola|63\/100 tox|[from] psn\n|upkeep\n|turn|20\n|\n|t:|1701103283\n|move|p1a: Alomomola|Scald|p2a: Clodsire\n|-supereffective|p2a: Clodsire\n|-damage|p2a: Clodsire|27\/100\n|-status|p2a: Clodsire|brn\n|move|p2a: Clodsire|Recover|p2a: Clodsire\n|-heal|p2a: Clodsire|77\/100 brn\n|\n|-damage|p1a: Alomomola|38\/100 tox|[from] psn\n|-damage|p2a: Clodsire|70\/100 brn|[from] brn\n|upkeep\n|turn|21\n|\n|t:|1701103294\n|switch|p1a: Banette|Banette, F|100\/100\n|-damage|p1a: Banette|88\/100|[from] Spikes\n|-item|p2a: Clodsire|Heavy-Duty Boots|[from] ability: Frisk|[of] p1a: Banette|[identify]\n|move|p2a: Clodsire|Spikes|p1a: Banette\n|-sidestart|p1: Ticaillou|Spikes\n|\n|-damage|p2a: Clodsire|64\/100 brn|[from] brn\n|upkeep\n|turn|22\n|\n|t:|1701103305\n|detailschange|p1a: Banette|Banette-Mega, F\n|-mega|p1a: Banette|Banette|Banettite\n|move|p1a: Banette|Encore|p2a: Clodsire\n|-start|p2a: Clodsire|Encore\n|move|p2a: Clodsire|Spikes|p1a: Banette\n|-sidestart|p1: Ticaillou|Spikes\n|\n|-damage|p2a: Clodsire|58\/100 brn|[from] brn\n|upkeep\n|turn|23\n|c|\u2606shelmetbeta|XD\n|\n|t:|1701103313\n|switch|p2a: Ferrothorn|Ferrothorn, F|68\/100\n|move|p1a: Banette|Infestation|p2a: Ferrothorn\n|-damage|p2a: Ferrothorn|65\/100\n|-activate|p2a: Ferrothorn|move: Infestation|[of] p1a: Banette\n|-damage|p1a: Banette|76\/100|[from] ability: Iron Barbs|[of] p2a: Ferrothorn\n|\n|-heal|p2a: Ferrothorn|71\/100|[from] item: Leftovers\n|-damage|p2a: Ferrothorn|58\/100|[from] move: Infestation|[partiallytrapped]\n|upkeep\n|turn|24\n|inactive|Ticaillou has 120 seconds left.\n|c|\u2606shelmetbeta|little bro\n|c|\u2606shelmetbeta|what are you doing\n|\n|t:|1701103329\n|move|p1a: Banette|Knock Off|p2a: Ferrothorn\n|-damage|p2a: Ferrothorn|37\/100\n|-damage|p1a: Banette|63\/100|[from] ability: Iron Barbs|[of] p2a: Ferrothorn\n|-enditem|p2a: Ferrothorn|Leftovers|[from] move: Knock Off|[of] p1a: Banette\n|move|p2a: Ferrothorn|Leech Seed|p1a: Banette\n|-start|p1a: Banette|move: Leech Seed\n|\n|-damage|p1a: Banette|51\/100|[from] Leech Seed|[of] p2a: Ferrothorn\n|-heal|p2a: Ferrothorn|49\/100|[silent]\n|-damage|p2a: Ferrothorn|36\/100|[from] move: Infestation|[partiallytrapped]\n|upkeep\n|turn|25\n|\n|t:|1701103340\n|move|p1a: Banette|Encore|p2a: Ferrothorn\n|-start|p2a: Ferrothorn|Encore\n|move|p2a: Ferrothorn|Leech Seed||[still]\n|-fail|p2a: Ferrothorn\n|\n|-damage|p1a: Banette|39\/100|[from] Leech Seed|[of] p2a: Ferrothorn\n|-heal|p2a: Ferrothorn|48\/100|[silent]\n|-damage|p2a: Ferrothorn|35\/100|[from] move: Infestation|[partiallytrapped]\n|upkeep\n|turn|26\n|\n|t:|1701103348\n|switch|p1a: Moltres|Moltres|94\/100 tox\n|move|p2a: Ferrothorn|Leech Seed|p1a: Moltres\n|-start|p1a: Moltres|move: Leech Seed\n|\n|-damage|p1a: Moltres|82\/100 tox|[from] Leech Seed|[of] p2a: Ferrothorn\n|-heal|p2a: Ferrothorn|49\/100|[silent]\n|-damage|p1a: Moltres|76\/100 tox|[from] psn\n|-end|p2a: Ferrothorn|Infestation|[partiallytrapped]|[silent]\n|upkeep\n|turn|27\n|inactive|Ticaillou has 120 seconds left.\n|\n|t:|1701103356\n|switch|p2a: Thundurus|Thundurus-Therian, M|59\/100\n|move|p1a: Moltres|Defog|p2a: Thundurus\n|-unboost|p2a: Thundurus|evasion|1\n|-sideend|p1: Ticaillou|Spikes|[from] move: Defog|[of] p1a: Moltres\n|\n|-damage|p1a: Moltres|64\/100 tox|[from] Leech Seed|[of] p2a: Thundurus\n|-heal|p2a: Thundurus|75\/100|[silent]\n|-damage|p1a: Moltres|52\/100 tox|[from] psn\n|upkeep\n|turn|28\n|\n|t:|1701103365\n|switch|p1a: Landorus|Landorus-Therian, M|58\/100\n|-ability|p1a: Landorus|Intimidate|boost\n|-unboost|p2a: Thundurus|atk|1\n|move|p2a: Thundurus|Grass Knot|p1a: Landorus\n|-damage|p1a: Landorus|8\/100\n|-damage|p2a: Thundurus|59\/100|[from] item: Rocky Helmet|[of] p1a: Landorus\n|\n|upkeep\n|turn|29\n|c|\u2606shelmetbeta|yup\n|\n|t:|1701103378\n|move|p2a: Thundurus|Grass Knot|p1a: Landorus\n|-damage|p1a: Landorus|0 fnt\n|-damage|p2a: Thundurus|42\/100|[from] item: Rocky Helmet|[of] p1a: Landorus\n|faint|p1a: Landorus\n|\n|upkeep\n|inactive|Ticaillou has 120 seconds left.\n|\n|t:|1701103391\n|switch|p1a: Pawmot|Pawmot, F|59\/100\n|turn|30\n|inactive|Ticaillou has 120 seconds left.\n|\n|t:|1701103403\n|switch|p1a: Moltres|Moltres|52\/100 tox\n|move|p2a: Thundurus|Grass Knot|p1a: Moltres\n|-resisted|p1a: Moltres\n|-damage|p1a: Moltres|42\/100 tox\n|\n|-damage|p1a: Moltres|36\/100 tox|[from] psn\n|upkeep\n|turn|31\n|\n|t:|1701103413\n|switch|p2a: Clodsire|Clodsire, F|58\/100 brn\n|move|p1a: Moltres|Roost|p1a: Moltres\n|-heal|p1a: Moltres|86\/100 tox\n|-singleturn|p1a: Moltres|move: Roost\n|\n|-damage|p1a: Moltres|74\/100 tox|[from] psn\n|-damage|p2a: Clodsire|52\/100 brn|[from] brn\n|upkeep\n|turn|32\n|\n|t:|1701103422\n|switch|p1a: Banette|Banette-Mega, F|39\/100\n|move|p2a: Clodsire|Recover|p2a: Clodsire\n|-heal|p2a: Clodsire|100\/100 brn\n|\n|-damage|p2a: Clodsire|94\/100 brn|[from] brn\n|upkeep\n|turn|33\n|\n|t:|1701103429\n|switch|p2a: Scizor|Scizor-Mega, F|100\/100\n|move|p1a: Banette|Encore||[still]\n|-fail|p1a: Banette\n|\n|upkeep\n|turn|34\n|\n|t:|1701103442\n|switch|p2a: Clodsire|Clodsire, F|94\/100 brn\n|move|p1a: Banette|Destiny Bond|p1a: Banette\n|-singlemove|p1a: Banette|Destiny Bond\n|\n|-damage|p2a: Clodsire|88\/100 brn|[from] brn\n|upkeep\n|turn|35\n|\n|t:|1701103451\n|move|p1a: Banette|Infestation|p2a: Clodsire\n|-resisted|p2a: Clodsire\n|-damage|p2a: Clodsire|87\/100 brn\n|-activate|p2a: Clodsire|move: Infestation|[of] p1a: Banette\n|move|p2a: Clodsire|Toxic|p1a: Banette\n|-status|p1a: Banette|tox\n|\n|-damage|p1a: Banette|33\/100 tox|[from] psn\n|-damage|p2a: Clodsire|81\/100 brn|[from] brn\n|-damage|p2a: Clodsire|68\/100 brn|[from] move: Infestation|[partiallytrapped]\n|upkeep\n|turn|36\n|\n|t:|1701103460\n|move|p1a: Banette|Encore|p2a: Clodsire\n|-start|p2a: Clodsire|Encore\n|move|p2a: Clodsire|Toxic|p1a: Banette\n|-fail|p1a: Banette|tox\n|\n|-damage|p1a: Banette|21\/100 tox|[from] psn\n|-damage|p2a: Clodsire|62\/100 brn|[from] brn\n|-damage|p2a: Clodsire|49\/100 brn|[from] move: Infestation|[partiallytrapped]\n|upkeep\n|turn|37\n|\n|t:|1701103475\n|move|p1a: Banette|Knock Off|p2a: Clodsire\n|-damage|p2a: Clodsire|9\/100 brn\n|-enditem|p2a: Clodsire|Heavy-Duty Boots|[from] move: Knock Off|[of] p1a: Banette\n|move|p2a: Clodsire|Toxic|p1a: Banette\n|-fail|p1a: Banette|tox\n|\n|-damage|p1a: Banette|3\/100 tox|[from] psn\n|-damage|p2a: Clodsire|2\/100 brn|[from] brn\n|-damage|p2a: Clodsire|0 fnt|[from] move: Infestation|[partiallytrapped]\n|faint|p2a: Clodsire\n|upkeep\n|\n|t:|1701103487\n|switch|p2a: Scizor|Scizor-Mega, F|100\/100\n|turn|38\n|\n|t:|1701103492\n|switch|p2a: Ferrothorn|Ferrothorn, F|49\/100\n|move|p1a: Banette|Destiny Bond|p1a: Banette\n|-singlemove|p1a: Banette|Destiny Bond\n|\n|-damage|p1a: Banette|0 fnt|[from] psn\n|faint|p1a: Banette\n|upkeep\n|\n|t:|1701103500\n|switch|p1a: Pawmot|Pawmot, F|59\/100\n|turn|39\n|\n|t:|1701103505\n|switch|p2a: Thundurus|Thundurus-Therian, M|42\/100\n|move|p1a: Pawmot|Revival Blessing|p1a: Pawmot\n|-enditem|p1a: Pawmot|Leppa Berry|[eat]\n|-activate|p1a: Pawmot|item: Leppa Berry|Revival Blessing|[consumed]\n|\n|t:|1701103511\n|-heal|p1: Banette|50\/100|[from] move: Revival Blessing\n|\n|upkeep\n|turn|40\n|\n|t:|1701103518\n|switch|p1a: Alomomola|Alomomola, F|71\/100 tox\n|move|p2a: Thundurus|Thunder|p1a: Alomomola|[miss]\n|-miss|p2a: Thundurus|p1a: Alomomola\n|\n|-damage|p1a: Alomomola|65\/100 tox|[from] psn\n|upkeep\n|turn|41\n|\n|t:|1701103527\n|-terastallize|p1a: Alomomola|Dragon\n|move|p2a: Thundurus|Thunder|p1a: Alomomola\n|-resisted|p1a: Alomomola\n|-damage|p1a: Alomomola|23\/100 tox\n|move|p1a: Alomomola|Toxic|p2a: Thundurus\n|-status|p2a: Thundurus|tox\n|\n|-damage|p2a: Thundurus|36\/100 tox|[from] psn\n|-damage|p1a: Alomomola|10\/100 tox|[from] psn\n|upkeep\n|turn|42\n|\n|t:|1701103537\n|switch|p2a: Ferrothorn|Ferrothorn, F|49\/100\n|move|p1a: Alomomola|Wish|p1a: Alomomola\n|\n|-damage|p1a: Alomomola|0 fnt|[from] psn\n|faint|p1a: Alomomola\n|upkeep\n|\n|t:|1701103547\n|switch|p1a: Banette|Banette-Mega, F|50\/100\n|turn|43\n|c|\u2606shelmetbeta|you are really getting smacked around\n|\n|t:|1701103560\n|move|p1a: Banette|Infestation|p2a: Ferrothorn\n|-damage|p2a: Ferrothorn|45\/100\n|-activate|p2a: Ferrothorn|move: Infestation|[of] p1a: Banette\n|-damage|p1a: Banette|38\/100|[from] ability: Iron Barbs|[of] p2a: Ferrothorn\n|move|p2a: Ferrothorn|Gyro Ball|p1a: Banette\n|-damage|p1a: Banette|6\/100\n|\n|-heal|p1a: Banette|79\/100|[from] move: Wish|[wisher] Alomomola\n|-damage|p2a: Ferrothorn|33\/100|[from] move: Infestation|[partiallytrapped]\n|upkeep\n|turn|44\n|\n|t:|1701103574\n|move|p1a: Banette|Knock Off|p2a: Ferrothorn\n|-damage|p2a: Ferrothorn|18\/100\n|-damage|p1a: Banette|66\/100|[from] ability: Iron Barbs|[of] p2a: Ferrothorn\n|move|p2a: Ferrothorn|Leech Seed|p1a: Banette\n|-start|p1a: Banette|move: Leech Seed\n|\n|-damage|p1a: Banette|54\/100|[from] Leech Seed|[of] p2a: Ferrothorn\n|-heal|p2a: Ferrothorn|29\/100|[silent]\n|-damage|p2a: Ferrothorn|17\/100|[from] move: Infestation|[partiallytrapped]\n|upkeep\n|turn|45\n|\n|t:|1701103583\n|switch|p1a: Moltres|Moltres|74\/100 tox\n|move|p2a: Ferrothorn|Gyro Ball|p1a: Moltres\n|-resisted|p1a: Moltres\n|-damage|p1a: Moltres|55\/100 tox\n|\n|-damage|p1a: Moltres|49\/100 tox|[from] psn\n|-end|p2a: Ferrothorn|Infestation|[partiallytrapped]|[silent]\n|upkeep\n|turn|46\n|\n|t:|1701103595\n|move|p1a: Moltres|Roost|p1a: Moltres\n|-heal|p1a: Moltres|99\/100 tox\n|-singleturn|p1a: Moltres|move: Roost\n|move|p2a: Ferrothorn|Leech Seed|p1a: Moltres\n|-start|p1a: Moltres|move: Leech Seed\n|\n|-damage|p1a: Moltres|87\/100 tox|[from] Leech Seed|[of] p2a: Ferrothorn\n|-heal|p2a: Ferrothorn|30\/100|[silent]\n|-damage|p1a: Moltres|75\/100 tox|[from] psn\n|upkeep\n|turn|47\n|\n|t:|1701103604\n|switch|p2a: Alomomola|Alomomola, M|100\/100\n|move|p1a: Moltres|Mystical Fire|p2a: Alomomola\n|-resisted|p2a: Alomomola\n|-damage|p2a: Alomomola|85\/100\n|-unboost|p2a: Alomomola|spa|1\n|\n|-damage|p1a: Moltres|63\/100 tox|[from] Leech Seed|[of] p2a: Alomomola\n|-heal|p2a: Alomomola|95\/100|[silent]\n|-damage|p1a: Moltres|45\/100 tox|[from] psn\n|upkeep\n|turn|48\n|\n|t:|1701103615\n|switch|p1a: Pawmot|Pawmot, F|59\/100\n|move|p2a: Alomomola|Toxic|p1a: Pawmot\n|-status|p1a: Pawmot|tox\n|\n|-damage|p1a: Pawmot|52\/100 tox|[from] psn\n|upkeep\n|turn|49\n|\n|t:|1701103626\n|switch|p2a: Scizor|Scizor-Mega, F|100\/100\n|move|p1a: Pawmot|Revival Blessing|p1a: Pawmot\n|\n|t:|1701103634\n|-heal|p1: Landorus|50\/100|[from] move: Revival Blessing\n|\n|-damage|p1a: Pawmot|40\/100 tox|[from] psn\n|upkeep\n|turn|50\n|\n|t:|1701103641\n|move|p1a: Pawmot|Mach Punch|p2a: Scizor\n|-damage|p2a: Scizor|88\/100\n|move|p2a: Scizor|Swords Dance|p2a: Scizor\n|-boost|p2a: Scizor|atk|2\n|\n|-damage|p1a: Pawmot|22\/100 tox|[from] psn\n|upkeep\n|turn|51\n|\n|t:|1701103648\n|move|p1a: Pawmot|Close Combat|p2a: Scizor\n|-damage|p2a: Scizor|53\/100\n|-unboost|p1a: Pawmot|def|1\n|-unboost|p1a: Pawmot|spd|1\n|move|p2a: Scizor|Swords Dance|p2a: Scizor\n|-boost|p2a: Scizor|atk|2\n|\n|-damage|p1a: Pawmot|0 fnt|[from] psn\n|faint|p1a: Pawmot\n|upkeep\n|\n|t:|1701103658\n|switch|p1a: Banette|Banette-Mega, F|54\/100\n|turn|52\n|\n|t:|1701103661\n|move|p2a: Scizor|Bullet Punch|p1a: Banette\n|-damage|p1a: Banette|0 fnt\n|faint|p1a: Banette\n|\n|upkeep\n|\n|t:|1701103667\n|switch|p1a: Moltres|Moltres|45\/100 tox\n|turn|53\n|\n|t:|1701103671\n|move|p2a: Scizor|Bullet Punch|p1a: Moltres\n|-resisted|p1a: Moltres\n|-damage|p1a: Moltres|9\/100 tox\n|move|p1a: Moltres|Mystical Fire|p2a: Scizor\n|-supereffective|p2a: Scizor\n|-damage|p2a: Scizor|0 fnt\n|faint|p2a: Scizor\n|\n|-damage|p1a: Moltres|3\/100 tox|[from] psn\n|upkeep\n|\n|t:|1701103677\n|switch|p2a: Alomomola|Alomomola, M|100\/100\n|turn|54\n|\n|t:|1701103681\n|move|p1a: Moltres|Roost|p1a: Moltres\n|-heal|p1a: Moltres|53\/100 tox\n|-singleturn|p1a: Moltres|move: Roost\n|move|p2a: Alomomola|Toxic|p1a: Moltres\n|-fail|p1a: Moltres|tox\n|\n|-damage|p1a: Moltres|41\/100 tox|[from] psn\n|upkeep\n|turn|55\n|\n|t:|1701103690\n|move|p1a: Moltres|Roost|p1a: Moltres\n|-heal|p1a: Moltres|91\/100 tox\n|-singleturn|p1a: Moltres|move: Roost\n|move|p2a: Alomomola|Flip Turn|p1a: Moltres\n|-supereffective|p1a: Moltres\n|-damage|p1a: Moltres|62\/100 tox\n|\n|t:|1701103693\n|switch|p2a: Tornadus|Tornadus-Therian, M|99\/100 tox|[from] Flip Turn\n|\n|-damage|p2a: Tornadus|94\/100 tox|[from] psn\n|-damage|p1a: Moltres|44\/100 tox|[from] psn\n|upkeep\n|turn|56\n|\n|t:|1701103701\n|switch|p1a: Landorus|Landorus-Therian, M|50\/100\n|-ability|p1a: Landorus|Intimidate|boost\n|-unboost|p2a: Tornadus|atk|1\n|move|p2a: Tornadus|Hurricane|p1a: Landorus\n|-damage|p1a: Landorus|6\/100\n|-start|p1a: Landorus|confusion\n|\n|-damage|p2a: Tornadus|81\/100 tox|[from] psn\n|upkeep\n|turn|57\n|\n|t:|1701103711\n|move|p2a: Tornadus|Knock Off|p1a: Landorus\n|-damage|p1a: Landorus|0 fnt\n|-damage|p2a: Tornadus|65\/100 tox|[from] item: Rocky Helmet|[of] p1a: Landorus\n|-enditem|p1a: Landorus|Rocky Helmet|[from] move: Knock Off|[of] p2a: Tornadus\n|faint|p1a: Landorus\n|\n|-damage|p2a: Tornadus|47\/100 tox|[from] psn\n|upkeep\n|c|\u2606shelmetbeta|very long boring easy game\n|\n|t:|1701103719\n|switch|p1a: Moltres|Moltres|44\/100 tox\n|turn|58\n|c|\u2606shelmetbeta|gg ig\n|\n|t:|1701103726\n|move|p2a: Tornadus|Hurricane|p1a: Moltres|[miss]\n|-miss|p2a: Tornadus|p1a: Moltres\n|move|p1a: Moltres|Mystical Fire|p2a: Tornadus\n|-damage|p2a: Tornadus|12\/100 tox\n|-unboost|p2a: Tornadus|spa|1\n|\n|-damage|p2a: Tornadus|0 fnt|[from] psn\n|faint|p2a: Tornadus\n|-damage|p1a: Moltres|38\/100 tox|[from] psn\n|upkeep\n|\n|t:|1701103731\n|switch|p2a: Thundurus|Thundurus-Therian, M|36\/100 tox\n|turn|59\n|\n|t:|1701103738\n|move|p2a: Thundurus|Volt Switch|p1a: Moltres\n|-supereffective|p1a: Moltres\n|-damage|p1a: Moltres|0 fnt\n|faint|p1a: Moltres\n|\n|win|shelmetbeta\n|raw|Ticaillou's rating: 1186 &rarr; <strong>1168<\/strong><br \/>(-18 for losing)\n|raw|shelmetbeta's rating: 1284 &rarr; <strong>1302<\/strong><br \/>(+18 for winning)\n|l|\u2606Ticaillou\n","uploadtime":1701103756,"views":1,"p1id":"ticaillou","p2id":"shelmetbeta","formatid":"gen9nationaldex","rating":1168,"private":0,"password":""}