{"id":"gen9nationaldex-1988717016","p1":"ellie_the_orm","p2":"Percussives","format":"[Gen 9] National Dex","log":"|j|\u2606ellie_the_orm\n|j|\u2606Percussives\n|t:|1699754268\n|gametype|singles\n|player|p1|ellie_the_orm|caitlin|1148\n|player|p2|Percussives|cheryl|1102\n|teamsize|p1|6\n|teamsize|p2|6\n|gen|9\n|tier|[Gen 9] National Dex\n|rated|\n|rule|HP Percentage Mod: HP is shown in percentages\n|rule|Endless Battle Clause: Forcing endless battles is banned\n|rule|OHKO Clause: OHKO moves are banned\n|rule|Evasion Clause: Evasion abilities, items, and moves are banned\n|rule|Evasion Abilities Clause: Evasion abilities are banned\n|rule|Evasion Items Clause: Evasion items are banned\n|rule|Evasion Moves Clause: Evasion moves are banned\n|rule|Species Clause: Limit one of each Pok\u00e9mon\n|rule|Sleep Clause Mod: Limit one foe put to sleep\n|clearpoke\n|poke|p1|Lapras, M|\n|poke|p1|Aegislash, F|\n|poke|p1|Luxray, F|\n|poke|p1|Rapidash-Galar, F|\n|poke|p1|Samurott, M|\n|poke|p1|Sylveon, F|\n|poke|p2|Ferrothorn, F|\n|poke|p2|Sinistcha|\n|poke|p2|Meowscarada, F|\n|poke|p2|Appletun, F|\n|poke|p2|Venusaur, F|\n|poke|p2|Rotom-Mow|\n|teampreview\n|\n|t:|1699754291\n|start\n|switch|p1a: Sylveon|Sylveon, F, shiny|100\/100\n|switch|p2a: Ferris|Ferrothorn, F|100\/100\n|turn|1\n|c|\u2606Percussives|my first game in a long time :3\n|\n|t:|1699754308\n|move|p1a: Sylveon|Reflect|p1a: Sylveon\n|-sidestart|p1: ellie_the_orm|Reflect\n|move|p2a: Ferris|Spikes|p1a: Sylveon\n|-sidestart|p1: ellie_the_orm|Spikes\n|\n|upkeep\n|turn|2\n|c|\u2606ellie_the_orm|have fun :3\n|c|\u2606Percussives|you too!\n|\n|t:|1699754316\n|move|p1a: Sylveon|Light Screen|p1a: Sylveon\n|-sidestart|p1: ellie_the_orm|move: Light Screen\n|move|p2a: Ferris|Leech Seed|p1a: Sylveon|[miss]\n|-miss|p2a: Ferris|p1a: Sylveon\n|\n|upkeep\n|turn|3\n|\n|t:|1699754327\n|switch|p1a: Aegislash|Aegislash, F, shiny|100\/100\n|-damage|p1a: Aegislash|88\/100|[from] Spikes\n|move|p2a: Ferris|Spikes|p1a: Aegislash\n|-sidestart|p1: ellie_the_orm|Spikes\n|\n|upkeep\n|turn|4\n|\n|t:|1699754339\n|move|p1a: Aegislash|Swords Dance|p1a: Aegislash\n|-boost|p1a: Aegislash|atk|2\n|move|p2a: Ferris|Leech Seed|p1a: Aegislash\n|-start|p1a: Aegislash|move: Leech Seed\n|\n|-damage|p1a: Aegislash|76\/100|[from] Leech Seed|[of] p2a: Ferris\n|upkeep\n|turn|5\n|\n|t:|1699754345\n|-formechange|p1a: Aegislash|Aegislash-Blade||[from] ability: Stance Change\n|move|p1a: Aegislash|Sacred Sword|p2a: Ferris\n|-supereffective|p2a: Ferris\n|-damage|p2a: Ferris|0 fnt\n|-damage|p1a: Aegislash|63\/100|[from] ability: Iron Barbs|[of] p2a: Ferris\n|faint|p2a: Ferris\n|\n|upkeep\n|\n|t:|1699754366\n|switch|p2a: Zippy|Rotom-Mow|100\/100\n|turn|6\n|\n|t:|1699754385\n|switch|p1a: Luxray|Luxray, F|100\/100\n|-damage|p1a: Luxray|84\/100|[from] Spikes\n|-ability|p1a: Luxray|Intimidate|boost\n|-unboost|p2a: Zippy|atk|1\n|move|p2a: Zippy|Dark Pulse|p1a: Luxray\n|-damage|p1a: Luxray|70\/100\n|\n|-heal|p1a: Luxray|76\/100|[from] item: Leftovers\n|upkeep\n|turn|7\n|\n|t:|1699754410\n|switch|p2a: Glamour|Venusaur, F, shiny|100\/100\n|move|p1a: Luxray|Crunch|p2a: Glamour\n|-damage|p2a: Glamour|61\/100\n|\n|-heal|p1a: Luxray|82\/100|[from] item: Leftovers\n|upkeep\n|turn|8\n|\n|t:|1699754426\n|move|p2a: Glamour|Synthesis|p2a: Glamour\n|-heal|p2a: Glamour|100\/100\n|move|p1a: Luxray|Psychic Fangs|p2a: Glamour\n|-supereffective|p2a: Glamour\n|-damage|p2a: Glamour|2\/100\n|\n|-heal|p1a: Luxray|88\/100|[from] item: Leftovers\n|-sideend|p1: ellie_the_orm|Reflect\n|upkeep\n|turn|9\n|\n|t:|1699754441\n|move|p2a: Glamour|Earth Power|p1a: Luxray\n|-supereffective|p1a: Luxray\n|-damage|p1a: Luxray|58\/100\n|move|p1a: Luxray|Trailblaze|p2a: Glamour\n|-resisted|p2a: Glamour\n|-damage|p2a: Glamour|0 fnt\n|-boost|p1a: Luxray|spe|1\n|faint|p2a: Glamour\n|\n|-heal|p1a: Luxray|65\/100|[from] item: Leftovers\n|-sideend|p1: ellie_the_orm|move: Light Screen\n|upkeep\n|\n|t:|1699754466\n|switch|p2a: Pieper|Appletun, F, shiny|100\/100\n|turn|10\n|\n|t:|1699754479\n|switch|p1a: Lapras|Lapras, M|100\/100\n|-damage|p1a: Lapras|84\/100|[from] Spikes\n|move|p2a: Pieper|Dragon Tail|p1a: Lapras\n|-damage|p1a: Lapras|70\/100\n|drag|p1a: Samurott|Samurott, M|100\/100\n|-damage|p1a: Samurott|84\/100|[from] Spikes\n|\n|upkeep\n|turn|11\n|\n|t:|1699754502\n|move|p1a: Samurott|Ice Beam|p2a: Pieper\n|-supereffective|p2a: Pieper\n|-damage|p2a: Pieper|43\/100\n|move|p2a: Pieper|Dragon Tail|p1a: Samurott\n|-damage|p1a: Samurott|68\/100\n|-damage|p2a: Pieper|26\/100|[from] item: Rocky Helmet|[of] p1a: Samurott\n|drag|p1a: Lapras|Lapras, M|70\/100\n|-damage|p1a: Lapras|53\/100|[from] Spikes\n|\n|-heal|p2a: Pieper|32\/100|[from] item: Leftovers\n|upkeep\n|turn|12\n|\n|t:|1699754520\n|move|p1a: Lapras|Rain Dance|p1a: Lapras\n|-weather|RainDance\n|move|p2a: Pieper|Recover|p2a: Pieper\n|-heal|p2a: Pieper|83\/100\n|\n|-weather|RainDance|[upkeep]\n|-heal|p2a: Pieper|89\/100|[from] item: Leftovers\n|upkeep\n|turn|13\n|\n|t:|1699754530\n|move|p1a: Lapras|Toxic|p2a: Pieper|[miss]\n|-miss|p1a: Lapras|p2a: Pieper\n|move|p2a: Pieper|Body Press|p1a: Lapras\n|-supereffective|p1a: Lapras\n|-damage|p1a: Lapras|15\/100\n|\n|-weather|RainDance|[upkeep]\n|-heal|p2a: Pieper|95\/100|[from] item: Leftovers\n|upkeep\n|turn|14\n|\n|t:|1699754552\n|-terastallize|p1a: Lapras|Water\n|move|p1a: Lapras|Rest|p1a: Lapras\n|-status|p1a: Lapras|slp|[from] move: Rest\n|-heal|p1a: Lapras|100\/100 slp|[silent]\n|move|p2a: Pieper|Dragon Tail|p1a: Lapras|[miss]\n|-miss|p2a: Pieper|p1a: Lapras\n|\n|-weather|RainDance|[upkeep]\n|-activate|p1a: Lapras|ability: Hydration\n|-curestatus|p1a: Lapras|slp|[msg]\n|-heal|p2a: Pieper|100\/100|[from] item: Leftovers\n|upkeep\n|turn|15\n|\n|t:|1699754569\n|move|p1a: Lapras|Toxic|p2a: Pieper\n|-status|p2a: Pieper|tox\n|move|p2a: Pieper|Dragon Tail|p1a: Lapras\n|-damage|p1a: Lapras|87\/100\n|drag|p1a: Aegislash|Aegislash, F, shiny|63\/100\n|-damage|p1a: Aegislash|47\/100|[from] Spikes\n|\n|-weather|RainDance|[upkeep]\n|-damage|p2a: Pieper|94\/100 tox|[from] psn\n|upkeep\n|turn|16\n|\n|t:|1699754598\n|switch|p2a: Zippy|Rotom-Mow|100\/100\n|-formechange|p1a: Aegislash|Aegislash-Blade||[from] ability: Stance Change\n|move|p1a: Aegislash|Sacred Sword|p2a: Zippy\n|-damage|p2a: Zippy|52\/100\n|\n|-weather|RainDance|[upkeep]\n|upkeep\n|turn|17\n|c|\u2606ellie_the_orm|i love lapras its my favourite pokemon :)\n|c|\u2606Percussives|and strong :0\n|\n|t:|1699754618\n|switch|p1a: Lapras|Lapras, M, tera:Water|87\/100\n|-damage|p1a: Lapras|70\/100|[from] Spikes\n|move|p2a: Zippy|Dark Pulse|p1a: Lapras\n|-damage|p1a: Lapras|57\/100\n|\n|-weather|RainDance|[upkeep]\n|upkeep\n|turn|18\n|\n|t:|1699754632\n|switch|p2a: Holly|Meowscarada, F, shiny|100\/100\n|move|p1a: Lapras|Toxic|p2a: Holly\n|-status|p2a: Holly|tox\n|\n|-weather|RainDance|[upkeep]\n|-damage|p2a: Holly|94\/100 tox|[from] psn\n|upkeep\n|turn|19\n|c|\u2606ellie_the_orm|mono grass is a bit scary for him tho haha\n|\n|t:|1699754651\n|move|p2a: Holly|Petal Blizzard|p1a: Lapras\n|-start|p2a: Holly|typechange|Grass|[from] ability: Protean\n|-supereffective|p1a: Lapras\n|-damage|p1a: Lapras|0 fnt\n|faint|p1a: Lapras\n|\n|-weather|none\n|-damage|p2a: Holly|82\/100 tox|[from] psn\n|upkeep\n|c|\u2606ellie_the_orm|NOOOOOO\n|c|\u2606Percussives|haha yeah def\n|\n|t:|1699754671\n|switch|p1a: Sylveon|Sylveon, F, shiny|100\/100\n|-damage|p1a: Sylveon|84\/100|[from] Spikes\n|turn|20\n|\n|t:|1699754696\n|move|p2a: Holly|Petal Blizzard|p1a: Sylveon\n|-damage|p1a: Sylveon|28\/100\n|move|p1a: Sylveon|Reflect|p1a: Sylveon\n|-sidestart|p1: ellie_the_orm|Reflect\n|\n|-damage|p2a: Holly|64\/100 tox|[from] psn\n|upkeep\n|turn|21\n|\n|t:|1699754713\n|move|p2a: Holly|Brick Break|p1a: Sylveon\n|-sideend|p1: ellie_the_orm|Reflect\n|-resisted|p1a: Sylveon\n|-damage|p1a: Sylveon|13\/100\n|move|p1a: Sylveon|Light Screen|p1a: Sylveon\n|-sidestart|p1: ellie_the_orm|move: Light Screen\n|\n|-damage|p2a: Holly|39\/100 tox|[from] psn\n|upkeep\n|turn|22\n|\n|t:|1699754719\n|move|p2a: Holly|Brick Break|p1a: Sylveon\n|-sideend|p1: ellie_the_orm|move: Light Screen\n|-resisted|p1a: Sylveon\n|-damage|p1a: Sylveon|0 fnt\n|faint|p1a: Sylveon\n|\n|-damage|p2a: Holly|9\/100 tox|[from] psn\n|upkeep\n|-enditem|p2a: Holly|Aguav Berry|[eat]\n|-heal|p2a: Holly|42\/100 tox|[from] item: Aguav Berry\n|\n|t:|1699754727\n|switch|p1a: Luxray|Luxray, F|65\/100\n|-damage|p1a: Luxray|48\/100|[from] Spikes\n|-ability|p1a: Luxray|Intimidate|boost\n|-unboost|p2a: Holly|atk|1\n|turn|23\n|\n|t:|1699754734\n|switch|p2a: Pieper|Appletun, F, shiny|94\/100 tox\n|move|p1a: Luxray|Psychic Fangs|p2a: Pieper\n|-damage|p2a: Pieper|71\/100 tox\n|\n|-heal|p1a: Luxray|54\/100|[from] item: Leftovers\n|-heal|p2a: Pieper|77\/100 tox|[from] item: Leftovers\n|-damage|p2a: Pieper|71\/100 tox|[from] psn\n|upkeep\n|turn|24\n|\n|t:|1699754745\n|move|p1a: Luxray|Crunch|p2a: Pieper\n|-damage|p2a: Pieper|51\/100 tox\n|move|p2a: Pieper|Dragon Tail|p1a: Luxray\n|-damage|p1a: Luxray|36\/100\n|drag|p1a: Aegislash|Aegislash, F, shiny|47\/100\n|-damage|p1a: Aegislash|30\/100|[from] Spikes\n|\n|-heal|p2a: Pieper|57\/100 tox|[from] item: Leftovers\n|-damage|p2a: Pieper|45\/100 tox|[from] psn\n|upkeep\n|turn|25\n|\n|t:|1699754758\n|switch|p1a: Luxray|Luxray, F|36\/100\n|-damage|p1a: Luxray|19\/100|[from] Spikes\n|-ability|p1a: Luxray|Intimidate|boost\n|-unboost|p2a: Pieper|atk|1\n|move|p2a: Pieper|Recover|p2a: Pieper\n|-heal|p2a: Pieper|95\/100 tox\n|\n|-heal|p1a: Luxray|25\/100|[from] item: Leftovers\n|-heal|p2a: Pieper|100\/100 tox|[from] item: Leftovers\n|-damage|p2a: Pieper|82\/100 tox|[from] psn\n|upkeep\n|turn|26\n|c|\u2606ellie_the_orm|you've got such cute nicknames aaaaaa\n|\n|t:|1699754776\n|move|p1a: Luxray|Crunch|p2a: Pieper\n|-damage|p2a: Pieper|60\/100 tox\n|move|p2a: Pieper|Dragon Tail|p1a: Luxray|[miss]\n|-miss|p2a: Pieper|p1a: Luxray\n|\n|-heal|p1a: Luxray|32\/100|[from] item: Leftovers\n|-heal|p2a: Pieper|66\/100 tox|[from] item: Leftovers\n|-damage|p2a: Pieper|41\/100 tox|[from] psn\n|upkeep\n|turn|27\n|c|\u2606Percussives|awweee thank you!\n|\n|t:|1699754790\n|move|p1a: Luxray|Crunch|p2a: Pieper\n|-damage|p2a: Pieper|22\/100 tox\n|move|p2a: Pieper|Recover|p2a: Pieper\n|-heal|p2a: Pieper|72\/100 tox\n|\n|-heal|p1a: Luxray|38\/100|[from] item: Leftovers\n|-heal|p2a: Pieper|78\/100 tox|[from] item: Leftovers\n|-damage|p2a: Pieper|47\/100 tox|[from] psn\n|upkeep\n|turn|28\n|\n|t:|1699754802\n|move|p1a: Luxray|Crunch|p2a: Pieper\n|-damage|p2a: Pieper|27\/100 tox\n|move|p2a: Pieper|Recover|p2a: Pieper\n|-heal|p2a: Pieper|77\/100 tox\n|\n|-heal|p1a: Luxray|44\/100|[from] item: Leftovers\n|-heal|p2a: Pieper|83\/100 tox|[from] item: Leftovers\n|-damage|p2a: Pieper|46\/100 tox|[from] psn\n|upkeep\n|turn|29\n|\n|t:|1699754811\n|switch|p1a: Samurott|Samurott, M|68\/100\n|-damage|p1a: Samurott|52\/100|[from] Spikes\n|move|p2a: Pieper|Dragon Tail|p1a: Samurott\n|-damage|p1a: Samurott|41\/100\n|-damage|p2a: Pieper|30\/100 tox|[from] item: Rocky Helmet|[of] p1a: Samurott\n|drag|p1a: Rapidash|Rapidash-Galar, F|100\/100\n|-damage|p1a: Rapidash|84\/100|[from] Spikes\n|\n|-heal|p2a: Pieper|36\/100 tox|[from] item: Leftovers\n|-damage|p2a: Pieper|0 fnt|[from] psn\n|faint|p2a: Pieper\n|upkeep\n|\n|t:|1699754851\n|switch|p2a: Zippy|Rotom-Mow|52\/100\n|turn|30\n|\n|t:|1699754872\n|move|p2a: Zippy|Leaf Storm|p1a: Rapidash\n|-damage|p1a: Rapidash|30\/100\n|-unboost|p2a: Zippy|spa|2\n|move|p1a: Rapidash|Play Rough|p2a: Zippy\n|-damage|p2a: Zippy|2\/100\n|\n|upkeep\n|turn|31\n|\n|t:|1699754881\n|move|p2a: Zippy|Leaf Storm|p1a: Rapidash\n|-damage|p1a: Rapidash|2\/100\n|-unboost|p2a: Zippy|spa|2\n|move|p1a: Rapidash|Psycho Cut|p2a: Zippy\n|-damage|p2a: Zippy|0 fnt\n|faint|p2a: Zippy\n|\n|upkeep\n|\n|t:|1699754894\n|switch|p2a: Sinistcha|Sinistcha|100\/100\n|turn|32\n|\n|t:|1699754911\n|move|p1a: Rapidash|Megahorn|p2a: Sinistcha\n|-damage|p2a: Sinistcha|78\/100\n|-damage|p1a: Rapidash|0 fnt|[from] item: Rocky Helmet|[of] p2a: Sinistcha\n|faint|p1a: Rapidash\n|move|p2a: Sinistcha|Shadow Ball|p1: Rapidash|[notarget]\n|-fail|p2a: Sinistcha\n|\n|upkeep\n|\n|t:|1699754920\n|switch|p1a: Aegislash|Aegislash, F, shiny|30\/100\n|-damage|p1a: Aegislash|13\/100|[from] Spikes\n|turn|33\n|\n|t:|1699754936\n|-formechange|p1a: Aegislash|Aegislash-Blade||[from] ability: Stance Change\n|move|p1a: Aegislash|Shadow Sneak|p2a: Sinistcha\n|-supereffective|p2a: Sinistcha\n|-damage|p2a: Sinistcha|43\/100\n|-damage|p1a: Aegislash|0 fnt|[from] item: Rocky Helmet|[of] p2a: Sinistcha\n|faint|p1a: Aegislash\n|move|p2a: Sinistcha|Strength Sap|p1: Aegislash|[notarget]\n|-fail|p2a: Sinistcha\n|\n|upkeep\n|\n|t:|1699754949\n|switch|p1a: Luxray|Luxray, F|44\/100\n|-damage|p1a: Luxray|27\/100|[from] Spikes\n|-ability|p1a: Luxray|Intimidate|boost\n|-unboost|p2a: Sinistcha|atk|1\n|turn|34\n|\n|t:|1699754967\n|move|p2a: Sinistcha|Strength Sap|p1a: Luxray\n|-unboost|p1a: Luxray|atk|1\n|-heal|p2a: Sinistcha|100\/100\n|move|p1a: Luxray|Crunch|p2a: Sinistcha\n|-supereffective|p2a: Sinistcha\n|-damage|p2a: Sinistcha|72\/100\n|-damage|p1a: Luxray|11\/100|[from] item: Rocky Helmet|[of] p2a: Sinistcha\n|\n|-heal|p1a: Luxray|17\/100|[from] item: Leftovers\n|upkeep\n|turn|35\n|c|\u2606ellie_the_orm|aaaaaa you've won\n|c|\u2606ellie_the_orm|good game tho :)\n|c|\u2606Percussives|Super fun match!!\n|\n|t:|1699754984\n|move|p1a: Luxray|Crunch|p2a: Sinistcha\n|-supereffective|p2a: Sinistcha\n|-damage|p2a: Sinistcha|47\/100\n|-damage|p1a: Luxray|0 fnt|[from] item: Rocky Helmet|[of] p2a: Sinistcha\n|faint|p1a: Luxray\n|move|p2a: Sinistcha|Shadow Ball|p1: Luxray|[notarget]\n|-fail|p2a: Sinistcha\n|\n|upkeep\n|\n|t:|1699754990\n|switch|p1a: Samurott|Samurott, M|41\/100\n|-damage|p1a: Samurott|25\/100|[from] Spikes\n|turn|36\n|\n|t:|1699755000\n|move|p1a: Samurott|Air Slash|p2a: Sinistcha\n|-supereffective|p2a: Sinistcha\n|-damage|p2a: Sinistcha|0 fnt\n|faint|p2a: Sinistcha\n|\n|upkeep\n|\n|t:|1699755006\n|switch|p2a: Holly|Meowscarada, F, shiny|42\/100 tox\n|turn|37\n|c|\u2606ellie_the_orm|you need a nickname for the sinistcha\n|\n|t:|1699755034\n|-terastallize|p2a: Holly|Flying\n|move|p2a: Holly|Acrobatics|p1a: Samurott\n|-damage|p1a: Samurott|0 fnt\n|-damage|p2a: Holly|25\/100 tox|[from] item: Rocky Helmet|[of] p1a: Samurott\n|faint|p1a: Samurott\n|\n|win|Percussives\n|raw|ellie_the_orm's rating: 1148 &rarr; <strong>1120<\/strong><br \/>(-28 for losing)\n|raw|Percussives's rating: 1102 &rarr; <strong>1130<\/strong><br \/>(+28 for winning)\n|c|\u2606Percussives|Ohhh yeah i literally just added it to my team\n|c|\u2606Percussives|ggggg\n|c|\u2606Percussives|fun match!\n|c|\u2606ellie_the_orm|ggs\n","uploadtime":1699755051,"views":27,"p1id":"ellietheorm","p2id":"percussives","formatid":"gen9nationaldex","rating":1120,"private":0,"password":""}