{"id":"gen9nationaldex-2000426814","p1":"zober","p2":"loch2009","format":"[Gen 9] National Dex","log":"|html|<div class=\"broadcast-blue\"><strong>[Gen 9] National Dex is currently suspecting Sneasler! For information on how to participate check out the <a href=\"https:\/\/www.smogon.com\/forums\/threads\/sv-national-dex-suspect-8-just-dance.3731534\/\">suspect thread<\/a>.<\/strong><\/div>\n|j|\u2606zober\n|j|\u2606loch2009\n|t:|1701193849\n|gametype|singles\n|player|p1|zober|nate|1191\n|player|p2|loch2009|lance-gen3|1117\n|teamsize|p1|6\n|teamsize|p2|6\n|gen|9\n|tier|[Gen 9] National Dex\n|rated|\n|rule|HP Percentage Mod: HP is shown in percentages\n|rule|Endless Battle Clause: Forcing endless battles is banned\n|rule|OHKO Clause: OHKO moves are banned\n|rule|Evasion Clause: Evasion abilities, items, and moves are banned\n|rule|Evasion Abilities Clause: Evasion abilities are banned\n|rule|Evasion Items Clause: Evasion items are banned\n|rule|Evasion Moves Clause: Evasion moves are banned\n|rule|Species Clause: Limit one of each Pok\u00e9mon\n|rule|Sleep Clause Mod: Limit one foe put to sleep\n|clearpoke\n|poke|p1|Inteleon, M|\n|poke|p1|Aron, L1, M|\n|poke|p1|Beedrill, F|\n|poke|p1|Moltres|\n|poke|p1|Buzzwole|\n|poke|p1|Murkrow, F|\n|poke|p2|Medicham, F|\n|poke|p2|Gliscor, M|\n|poke|p2|Tapu Koko|\n|poke|p2|Garchomp, F|\n|poke|p2|Blaziken, F|\n|poke|p2|Ribombee, F|\n|teampreview\n|c|\u2606loch2009|glhf\n|\n|t:|1701193865\n|start\n|switch|p1a: Aron|Aron, L1, M|100\/100\n|switch|p2a: Ribombee|Ribombee, F|100\/100\n|turn|1\n|\n|t:|1701193874\n|move|p2a: Ribombee|Skill Swap|p1a: Aron\n|-activate|p2a: Ribombee|move: Skill Swap|Sturdy|Shield Dust|[of] p1a: Aron\n|move|p1a: Aron|Endeavor|p2a: Ribombee\n|-damage|p2a: Ribombee|4\/100\n|\n|upkeep\n|turn|2\n|\n|t:|1701193883\n|switch|p1a: Beedrill|Beedrill, F|100\/100\n|move|p2a: Ribombee|Sticky Web|p1a: Beedrill\n|-sidestart|p1: zober|move: Sticky Web\n|\n|upkeep\n|turn|3\n|\n|t:|1701193887\n|move|p2a: Ribombee|Stun Spore|p1a: Beedrill\n|-status|p1a: Beedrill|par\n|move|p1a: Beedrill|Fell Stinger|p2a: Ribombee\n|-resisted|p2a: Ribombee\n|-damage|p2a: Ribombee|0 fnt\n|faint|p2a: Ribombee\n|-boost|p1a: Beedrill|atk|3\n|\n|upkeep\n|\n|t:|1701193898\n|switch|p2a: Medicham|Medicham, F|100\/100\n|turn|4\n|\n|t:|1701193904\n|detailschange|p2a: Medicham|Medicham-Mega, F\n|-mega|p2a: Medicham|Medicham|Medichamite\n|detailschange|p1a: Beedrill|Beedrill-Mega, F\n|-mega|p1a: Beedrill|Beedrill|Beedrillite\n|move|p2a: Medicham|Fake Out|p1a: Beedrill\n|-damage|p1a: Beedrill|37\/100 par\n|cant|p1a: Beedrill|flinch\n|\n|upkeep\n|turn|5\n|\n|t:|1701193914\n|move|p2a: Medicham|Psycho Cut|p1a: Beedrill\n|-supereffective|p1a: Beedrill\n|-damage|p1a: Beedrill|0 fnt\n|faint|p1a: Beedrill\n|\n|upkeep\n|\n|t:|1701193930\n|switch|p1a: Murkrow|Murkrow, F|100\/100\n|turn|6\n|\n|t:|1701193937\n|move|p1a: Murkrow|Tailwind|p1a: Murkrow\n|-sidestart|p1: zober|move: Tailwind\n|move|p2a: Medicham|Ice Punch|p1a: Murkrow\n|-supereffective|p1a: Murkrow\n|-damage|p1a: Murkrow|0 fnt\n|faint|p1a: Murkrow\n|\n|upkeep\n|\n|t:|1701193952\n|switch|p1a: Buzzwole|Buzzwole|100\/100\n|-activate|p1a: Buzzwole|move: Sticky Web\n|-unboost|p1a: Buzzwole|spe|1\n|turn|7\n|\n|t:|1701193962\n|move|p2a: Medicham|Psycho Cut|p1a: Buzzwole\n|-supereffective|p1a: Buzzwole\n|-damage|p1a: Buzzwole|30\/100\n|move|p1a: Buzzwole|Leech Life|p2a: Medicham\n|-damage|p2a: Medicham|27\/100\n|-heal|p1a: Buzzwole|53\/100|[from] drain|[of] p2a: Medicham\n|\n|upkeep\n|turn|8\n|\n|t:|1701193972\n|move|p2a: Medicham|Psycho Cut|p1a: Buzzwole\n|-supereffective|p1a: Buzzwole\n|-damage|p1a: Buzzwole|0 fnt\n|faint|p1a: Buzzwole\n|\n|upkeep\n|\n|t:|1701193976\n|switch|p1a: Inteleon|Inteleon, M|100\/100\n|-activate|p1a: Inteleon|move: Sticky Web\n|-unboost|p1a: Inteleon|spe|1\n|turn|9\n|\n|t:|1701193987\n|switch|p2a: Garchomp|Garchomp, F|100\/100\n|move|p1a: Inteleon|Fell Stinger|p2a: Garchomp\n|-damage|p2a: Garchomp|88\/100\n|-damage|p1a: Inteleon|88\/100|[from] ability: Rough Skin|[of] p2a: Garchomp\n|\n|-sideend|p1: zober|move: Tailwind\n|upkeep\n|turn|10\n|c|\u2606loch2009|:\/\n|\n|t:|1701194015\n|switch|p1a: Moltres|Moltres|100\/100\n|move|p2a: Garchomp|Swords Dance|p2a: Garchomp\n|-boost|p2a: Garchomp|atk|2\n|\n|upkeep\n|turn|11\n|\n|t:|1701194024\n|move|p1a: Moltres|Air Slash|p2a: Garchomp\n|-damage|p2a: Garchomp|48\/100\n|move|p2a: Garchomp|Scale Shot|p1a: Moltres\n|-damage|p1a: Moltres|64\/100\n|-damage|p1a: Moltres|22\/100\n|-hitcount|p1a: Moltres|2\n|-unboost|p2a: Garchomp|def|1\n|-boost|p2a: Garchomp|spe|1\n|-damage|p2a: Garchomp|38\/100|[from] item: Life Orb\n|\n|upkeep\n|turn|12\n|c|\u2606loch2009|its to late\n|\n|t:|1701194034\n|move|p2a: Garchomp|Scale Shot|p1a: Moltres\n|-damage|p1a: Moltres|0 fnt\n|faint|p1a: Moltres\n|-hitcount|p1: Moltres|1\n|-unboost|p2a: Garchomp|def|1\n|-boost|p2a: Garchomp|spe|1\n|-damage|p2a: Garchomp|28\/100|[from] item: Life Orb\n|\n|upkeep\n|\n|t:|1701194043\n|switch|p1a: Inteleon|Inteleon, M|88\/100\n|-activate|p1a: Inteleon|move: Sticky Web\n|-unboost|p1a: Inteleon|spe|1\n|turn|13\n|\n|t:|1701194048\n|move|p1a: Inteleon|Sucker Punch|p2a: Garchomp\n|-damage|p2a: Garchomp|0 fnt\n|-damage|p1a: Inteleon|76\/100|[from] ability: Rough Skin|[of] p2a: Garchomp\n|faint|p2a: Garchomp\n|\n|upkeep\n|\n|t:|1701194052\n|switch|p2a: Medicham|Medicham-Mega, F|27\/100\n|turn|14\n|\n|t:|1701194057\n|move|p2a: Medicham|Fake Out|p1a: Inteleon\n|-damage|p1a: Inteleon|37\/100\n|cant|p1a: Inteleon|flinch\n|\n|upkeep\n|turn|15\n|c|\u2606loch2009|wut\n|c|\u2606loch2009|is pysical inteleon\n|\n|t:|1701194073\n|switch|p2a: Tapu Koko|Tapu Koko|100\/100\n|-fieldstart|move: Electric Terrain|[from] ability: Electric Surge|[of] p2a: Tapu Koko\n|move|p1a: Inteleon|Sucker Punch||[still]\n|-fail|p1a: Inteleon\n|\n|upkeep\n|turn|16\n|\n|t:|1701194081\n|move|p1a: Inteleon|Aqua Jet|p2a: Tapu Koko\n|-damage|p2a: Tapu Koko|80\/100\n|move|p2a: Tapu Koko|Volt Switch|p1a: Inteleon\n|-supereffective|p1a: Inteleon\n|-damage|p1a: Inteleon|0 fnt\n|faint|p1a: Inteleon\n|\n|t:|1701194085\n|switch|p2a: Medicham|Medicham-Mega, F|27\/100|[from] Volt Switch\n|\n|upkeep\n|\n|t:|1701194090\n|switch|p1a: Aron|Aron, L1, M|100\/100\n|-activate|p1a: Aron|move: Sticky Web\n|-unboost|p1a: Aron|spe|1\n|turn|17\n|\n|t:|1701194111\n|move|p2a: Medicham|Fake Out|p1a: Aron\n|-resisted|p1a: Aron\n|-ability|p1a: Aron|Sturdy\n|-damage|p1a: Aron|9\/100\n|cant|p1a: Aron|flinch\n|\n|upkeep\n|turn|18\n|\n|t:|1701194118\n|move|p2a: Medicham|Close Combat|p1a: Aron\n|-supereffective|p1a: Aron\n|-damage|p1a: Aron|0 fnt\n|-unboost|p2a: Medicham|def|1\n|-unboost|p2a: Medicham|spd|1\n|faint|p1a: Aron\n|\n|win|loch2009\n|raw|zober's rating: 1191 &rarr; <strong>1161<\/strong><br \/>(-30 for losing)\n|raw|loch2009's rating: 1117 &rarr; <strong>1147<\/strong><br \/>(+30 for winning)\n|c|\u2606loch2009|ggwp\n|l|\u2606zober\n","uploadtime":1701194139,"views":0,"p1id":"zober","p2id":"loch2009","formatid":"gen9nationaldex","rating":1147,"private":0,"password":""}