{"id":"gen9nationaldex-1996188867","p1":"neferp1tou","p2":"JWZ456","format":"[Gen 9] National Dex","log":"|html|<div class=\"broadcast-blue\"><strong>[Gen 9] National Dex is currently suspecting Sneasler! For information on how to participate check out the <a href=\"https:\/\/www.smogon.com\/forums\/threads\/sv-national-dex-suspect-8-just-dance.3731534\/\">suspect thread<\/a>.<\/strong><\/div>\n|j|\u2606neferp1tou\n|j|\u203dJWZ456\n|t:|1700656937\n|gametype|singles\n|player|p1|neferp1tou|170|1661\n|player|p2|JWZ456|170|1706\n|teamsize|p1|6\n|teamsize|p2|6\n|gen|9\n|tier|[Gen 9] National Dex\n|rated|\n|rule|HP Percentage Mod: HP is shown in percentages\n|rule|Endless Battle Clause: Forcing endless battles is banned\n|rule|OHKO Clause: OHKO moves are banned\n|rule|Evasion Clause: Evasion abilities, items, and moves are banned\n|rule|Evasion Abilities Clause: Evasion abilities are banned\n|rule|Evasion Items Clause: Evasion items are banned\n|rule|Evasion Moves Clause: Evasion moves are banned\n|rule|Species Clause: Limit one of each Pok\u00e9mon\n|rule|Sleep Clause Mod: Limit one foe put to sleep\n|clearpoke\n|poke|p1|Ribombee, F|\n|poke|p1|Dragonite, F|\n|poke|p1|Great Tusk|\n|poke|p1|Zamazenta-*|\n|poke|p1|Hatterene, F|\n|poke|p1|Toxapex, M|\n|poke|p2|Alomomola, F|\n|poke|p2|Breloom, M|\n|poke|p2|Aegislash, F|\n|poke|p2|Rotom-Heat|\n|poke|p2|Enamorus, F|\n|poke|p2|Tyranitar, M|\n|teampreview\n|\n|t:|1700656947\n|start\n|switch|p1a: Ribombee|Ribombee, F|100\/100\n|switch|p2a: Tyranitar|Tyranitar, M|100\/100\n|-weather|Sandstorm|[from] ability: Sand Stream|[of] p2a: Tyranitar\n|turn|1\n|\n|t:|1700656952\n|detailschange|p2a: Tyranitar|Tyranitar-Mega, M\n|-mega|p2a: Tyranitar|Tyranitar|Tyranitarite\n|move|p1a: Ribombee|Sticky Web|p2a: Tyranitar\n|-sidestart|p2: JWZ456|move: Sticky Web\n|move|p2a: Tyranitar|Stone Edge|p1a: Ribombee\n|-supereffective|p1a: Ribombee\n|-enditem|p1a: Ribombee|Focus Sash\n|-damage|p1a: Ribombee|1\/100\n|\n|-weather|Sandstorm|[upkeep]\n|-damage|p1a: Ribombee|0 fnt|[from] Sandstorm\n|faint|p1a: Ribombee\n|upkeep\n|\n|t:|1700656959\n|switch|p1a: Great Tusk|Great Tusk|100\/100\n|turn|2\n|\n|t:|1700656966\n|switch|p2a: Enamorus|Enamorus, F|100\/100\n|move|p1a: Great Tusk|Knock Off|p2a: Enamorus\n|-resisted|p2a: Enamorus\n|-damage|p2a: Enamorus|72\/100\n|-enditem|p2a: Enamorus|Choice Specs|[from] move: Knock Off|[of] p1a: Great Tusk\n|\n|-weather|Sandstorm|[upkeep]\n|-damage|p2a: Enamorus|66\/100|[from] Sandstorm\n|upkeep\n|turn|3\n|\n|t:|1700656973\n|-end|p1a: Great Tusk|Protosynthesis|[silent]\n|switch|p1a: Toxapex|Toxapex, M|100\/100\n|move|p2a: Enamorus|Moonblast|p1a: Toxapex\n|-resisted|p1a: Toxapex\n|-damage|p1a: Toxapex|80\/100\n|\n|-weather|Sandstorm|[upkeep]\n|-damage|p2a: Enamorus|59\/100|[from] Sandstorm\n|-damage|p1a: Toxapex|74\/100|[from] Sandstorm\n|-heal|p1a: Toxapex|80\/100|[from] item: Leftovers\n|upkeep\n|turn|4\n|\n|t:|1700656978\n|move|p2a: Enamorus|Earth Power|p1a: Toxapex\n|-supereffective|p1a: Toxapex\n|-damage|p1a: Toxapex|21\/100\n|move|p1a: Toxapex|Sludge Bomb|p2a: Enamorus\n|-supereffective|p2a: Enamorus\n|-damage|p2a: Enamorus|5\/100\n|-status|p2a: Enamorus|psn\n|\n|-weather|Sandstorm|[upkeep]\n|-damage|p2a: Enamorus|0 fnt|[from] Sandstorm\n|-damage|p1a: Toxapex|15\/100|[from] Sandstorm\n|faint|p2a: Enamorus\n|-heal|p1a: Toxapex|21\/100|[from] item: Leftovers\n|upkeep\n|\n|t:|1700656988\n|switch|p2a: Breloom|Breloom, M|100\/100\n|-activate|p2a: Breloom|move: Sticky Web\n|-unboost|p2a: Breloom|spe|1\n|turn|5\n|\n|t:|1700657008\n|switch|p1a: Hatterene|Hatterene, F|100\/100\n|move|p2a: Breloom|Bullet Seed|p1a: Hatterene\n|-damage|p1a: Hatterene|84\/100\n|-damage|p1a: Hatterene|68\/100\n|-hitcount|p1a: Hatterene|2\n|\n|-weather|none\n|-heal|p1a: Hatterene|74\/100|[from] item: Leftovers\n|upkeep\n|turn|6\n|\n|t:|1700657019\n|switch|p2a: Aegislash|Aegislash, F|100\/100\n|-activate|p2a: Aegislash|move: Sticky Web\n|-unboost|p2a: Aegislash|spe|1\n|move|p1a: Hatterene|Draining Kiss|p2a: Aegislash\n|-resisted|p2a: Aegislash\n|-damage|p2a: Aegislash|94\/100\n|-heal|p1a: Hatterene|79\/100|[from] drain|[of] p2a: Aegislash\n|\n|-heal|p1a: Hatterene|85\/100|[from] item: Leftovers\n|-heal|p2a: Aegislash|99\/100|[from] item: Leftovers\n|upkeep\n|turn|7\n|\n|t:|1700657024\n|move|p1a: Hatterene|Calm Mind|p1a: Hatterene\n|-boost|p1a: Hatterene|spa|1\n|-boost|p1a: Hatterene|spd|1\n|move|p2a: Aegislash|Substitute|p2a: Aegislash\n|-start|p2a: Aegislash|Substitute\n|-damage|p2a: Aegislash|75\/100\n|\n|-heal|p1a: Hatterene|91\/100|[from] item: Leftovers\n|-heal|p2a: Aegislash|82\/100|[from] item: Leftovers\n|upkeep\n|turn|8\n|\n|t:|1700657027\n|move|p1a: Hatterene|Mystical Fire|p2a: Aegislash\n|-supereffective|p2a: Aegislash\n|-end|p2a: Aegislash|Substitute\n|-formechange|p2a: Aegislash|Aegislash-Blade||[from] ability: Stance Change\n|move|p2a: Aegislash|Iron Head|p1a: Hatterene\n|-supereffective|p1a: Hatterene\n|-damage|p1a: Hatterene|36\/100\n|\n|-heal|p1a: Hatterene|42\/100|[from] item: Leftovers\n|-heal|p2a: Aegislash|88\/100|[from] item: Leftovers\n|upkeep\n|turn|9\n|\n|t:|1700657035\n|-formechange|p2a: Aegislash|Aegislash||[from] ability: Stance Change\n|move|p2a: Aegislash|King's Shield|p2a: Aegislash\n|-singleturn|p2a: Aegislash|Protect\n|move|p1a: Hatterene|Mystical Fire|p2a: Aegislash\n|-activate|p2a: Aegislash|move: Protect\n|\n|-heal|p1a: Hatterene|48\/100|[from] item: Leftovers\n|-heal|p2a: Aegislash|94\/100|[from] item: Leftovers\n|upkeep\n|turn|10\n|\n|t:|1700657038\n|move|p1a: Hatterene|Mystical Fire|p2a: Aegislash\n|-supereffective|p2a: Aegislash\n|-damage|p2a: Aegislash|53\/100\n|-unboost|p2a: Aegislash|spa|1\n|-formechange|p2a: Aegislash|Aegislash-Blade||[from] ability: Stance Change\n|move|p2a: Aegislash|Iron Head|p1a: Hatterene\n|-supereffective|p1a: Hatterene\n|-damage|p1a: Hatterene|0 fnt\n|faint|p1a: Hatterene\n|\n|-heal|p2a: Aegislash|59\/100|[from] item: Leftovers\n|upkeep\n|\n|t:|1700657047\n|switch|p1a: Dragonite|Dragonite, F|100\/100\n|turn|11\n|\n|t:|1700657051\n|switch|p2a: Alomomola|Alomomola, F, shiny|100\/100\n|-activate|p2a: Alomomola|move: Sticky Web\n|-unboost|p2a: Alomomola|spe|1\n|move|p1a: Dragonite|Dragon Dance|p1a: Dragonite\n|-boost|p1a: Dragonite|atk|1\n|-boost|p1a: Dragonite|spe|1\n|\n|upkeep\n|turn|12\n|\n|t:|1700657054\n|-terastallize|p1a: Dragonite|Steel\n|move|p1a: Dragonite|Dragon Dance|p1a: Dragonite\n|-boost|p1a: Dragonite|atk|1\n|-boost|p1a: Dragonite|spe|1\n|move|p2a: Alomomola|Toxic|p1a: Dragonite\n|-immune|p1a: Dragonite\n|\n|upkeep\n|turn|13\n|\n|t:|1700657059\n|move|p1a: Dragonite|Dragon Dance|p1a: Dragonite\n|-boost|p1a: Dragonite|atk|1\n|-boost|p1a: Dragonite|spe|1\n|move|p2a: Alomomola|Flip Turn|p1a: Dragonite\n|-damage|p1a: Dragonite|91\/100\n|\n|t:|1700657066\n|switch|p2a: Breloom|Breloom, M|100\/100|[from] Flip Turn\n|-activate|p2a: Breloom|move: Sticky Web\n|-unboost|p2a: Breloom|spe|1\n|\n|upkeep\n|turn|14\n|\n|t:|1700657068\n|move|p1a: Dragonite|Iron Head|p2a: Breloom\n|-enditem|p2a: Breloom|Focus Sash\n|-damage|p2a: Breloom|1\/100\n|move|p2a: Breloom|Spore|p1a: Dragonite\n|-status|p1a: Dragonite|slp|[from] move: Spore\n|\n|upkeep\n|turn|15\n|\n|t:|1700657076\n|move|p2a: Breloom|Mach Punch|p1a: Dragonite\n|-supereffective|p1a: Dragonite\n|-damage|p1a: Dragonite|20\/100 slp\n|cant|p1a: Dragonite|slp\n|\n|upkeep\n|turn|16\n|\n|t:|1700657082\n|switch|p1a: Toxapex|Toxapex, M|54\/100\n|move|p2a: Breloom|Mach Punch|p1a: Toxapex\n|-resisted|p1a: Toxapex\n|-damage|p1a: Toxapex|44\/100\n|\n|-heal|p1a: Toxapex|50\/100|[from] item: Leftovers\n|upkeep\n|turn|17\n|\n|t:|1700657087\n|move|p2a: Breloom|Bullet Seed|p1a: Toxapex\n|-damage|p1a: Toxapex|38\/100\n|-damage|p1a: Toxapex|26\/100\n|-crit|p1a: Toxapex\n|-damage|p1a: Toxapex|8\/100\n|-damage|p1a: Toxapex|0 fnt\n|faint|p1a: Toxapex\n|-hitcount|p1: Toxapex|4\n|\n|upkeep\n|\n|t:|1700657090\n|switch|p1a: Zamazenta|Zamazenta|100\/100\n|-ability|p1a: Zamazenta|Dauntless Shield|boost\n|-boost|p1a: Zamazenta|def|1\n|turn|18\n|\n|t:|1700657101\n|switch|p2a: Alomomola|Alomomola, F, shiny|100\/100\n|-activate|p2a: Alomomola|move: Sticky Web\n|-unboost|p2a: Alomomola|spe|1\n|move|p1a: Zamazenta|Body Press|p2a: Alomomola\n|-damage|p2a: Alomomola|73\/100\n|-damage|p1a: Zamazenta|84\/100|[from] item: Rocky Helmet|[of] p2a: Alomomola\n|\n|-heal|p1a: Zamazenta|90\/100|[from] item: Leftovers\n|upkeep\n|turn|19\n|\n|t:|1700657110\n|move|p1a: Zamazenta|Iron Defense|p1a: Zamazenta\n|-boost|p1a: Zamazenta|def|2\n|move|p2a: Alomomola|Toxic|p1a: Zamazenta\n|-status|p1a: Zamazenta|tox\n|\n|-heal|p1a: Zamazenta|96\/100 tox|[from] item: Leftovers\n|-damage|p1a: Zamazenta|90\/100 tox|[from] psn\n|upkeep\n|turn|20\n|\n|t:|1700657114\n|move|p1a: Zamazenta|Iron Defense|p1a: Zamazenta\n|-boost|p1a: Zamazenta|def|2\n|move|p2a: Alomomola|Wish|p2a: Alomomola\n|\n|-heal|p1a: Zamazenta|96\/100 tox|[from] item: Leftovers\n|-damage|p1a: Zamazenta|84\/100 tox|[from] psn\n|upkeep\n|turn|21\n|\n|t:|1700657118\n|move|p2a: Alomomola|Protect|p2a: Alomomola\n|-singleturn|p2a: Alomomola|Protect\n|move|p1a: Zamazenta|Body Press|p2a: Alomomola\n|-activate|p2a: Alomomola|move: Protect\n|\n|-heal|p2a: Alomomola|100\/100|[from] move: Wish|[wisher] Alomomola\n|-heal|p1a: Zamazenta|90\/100 tox|[from] item: Leftovers\n|-damage|p1a: Zamazenta|72\/100 tox|[from] psn\n|upkeep\n|turn|22\n|\n|t:|1700657120\n|move|p1a: Zamazenta|Iron Defense|p1a: Zamazenta\n|-boost|p1a: Zamazenta|def|1\n|move|p2a: Alomomola|Wish|p2a: Alomomola\n|\n|-heal|p1a: Zamazenta|78\/100 tox|[from] item: Leftovers\n|-damage|p1a: Zamazenta|53\/100 tox|[from] psn\n|upkeep\n|turn|23\n|\n|t:|1700657123\n|move|p2a: Alomomola|Protect|p2a: Alomomola\n|-singleturn|p2a: Alomomola|Protect\n|move|p1a: Zamazenta|Rest|p1a: Zamazenta\n|-status|p1a: Zamazenta|slp|[from] move: Rest\n|-heal|p1a: Zamazenta|100\/100 slp|[silent]\n|\n|upkeep\n|turn|24\n|\n|t:|1700657149\n|switch|p2a: Tyranitar|Tyranitar-Mega, M|100\/100\n|-activate|p2a: Tyranitar|move: Sticky Web\n|-unboost|p2a: Tyranitar|spe|1\n|-weather|Sandstorm|[from] ability: Sand Stream|[of] p2a: Tyranitar\n|cant|p1a: Zamazenta|slp\n|\n|-weather|Sandstorm|[upkeep]\n|-damage|p1a: Zamazenta|94\/100 slp|[from] Sandstorm\n|-heal|p1a: Zamazenta|100\/100 slp|[from] item: Leftovers\n|upkeep\n|turn|25\n|\n|t:|1700657152\n|cant|p1a: Zamazenta|slp\n|move|p2a: Tyranitar|Knock Off|p1a: Zamazenta\n|-resisted|p1a: Zamazenta\n|-damage|p1a: Zamazenta|95\/100 slp\n|-enditem|p1a: Zamazenta|Leftovers|[from] move: Knock Off|[of] p2a: Tyranitar\n|\n|-weather|Sandstorm|[upkeep]\n|-damage|p1a: Zamazenta|89\/100 slp|[from] Sandstorm\n|upkeep\n|turn|26\n|\n|t:|1700657155\n|switch|p2a: Alomomola|Alomomola, F, shiny|100\/100\n|-activate|p2a: Alomomola|move: Sticky Web\n|-unboost|p2a: Alomomola|spe|1\n|-curestatus|p1a: Zamazenta|slp|[msg]\n|move|p1a: Zamazenta|Crunch|p2a: Alomomola\n|-damage|p2a: Alomomola|89\/100\n|-unboost|p2a: Alomomola|def|1\n|-damage|p1a: Zamazenta|72\/100|[from] item: Rocky Helmet|[of] p2a: Alomomola\n|\n|-weather|Sandstorm|[upkeep]\n|-damage|p1a: Zamazenta|66\/100|[from] Sandstorm\n|-damage|p2a: Alomomola|82\/100|[from] Sandstorm\n|upkeep\n|turn|27\n|\n|t:|1700657165\n|move|p1a: Zamazenta|Body Press|p2a: Alomomola\n|-damage|p2a: Alomomola|0 fnt\n|-damage|p1a: Zamazenta|50\/100|[from] item: Rocky Helmet|[of] p2a: Alomomola\n|faint|p2a: Alomomola\n|\n|-weather|Sandstorm|[upkeep]\n|-damage|p1a: Zamazenta|44\/100|[from] Sandstorm\n|upkeep\n|\n|t:|1700657175\n|switch|p2a: Aegislash|Aegislash, F|59\/100\n|-activate|p2a: Aegislash|move: Sticky Web\n|-unboost|p2a: Aegislash|spe|1\n|turn|28\n|\n|t:|1700657179\n|move|p1a: Zamazenta|Crunch|p2a: Aegislash\n|-supereffective|p2a: Aegislash\n|-damage|p2a: Aegislash|28\/100\n|-unboost|p2a: Aegislash|def|1\n|-formechange|p2a: Aegislash|Aegislash-Blade||[from] ability: Stance Change\n|move|p2a: Aegislash|Shadow Ball|p1a: Zamazenta\n|-damage|p1a: Zamazenta|12\/100\n|\n|-weather|none\n|-heal|p2a: Aegislash|34\/100|[from] item: Leftovers\n|upkeep\n|turn|29\n|\n|t:|1700657186\n|-formechange|p2a: Aegislash|Aegislash||[from] ability: Stance Change\n|move|p2a: Aegislash|King's Shield|p2a: Aegislash\n|-singleturn|p2a: Aegislash|Protect\n|move|p1a: Zamazenta|Rest|p1a: Zamazenta\n|-status|p1a: Zamazenta|slp|[from] move: Rest\n|-heal|p1a: Zamazenta|100\/100 slp|[silent]\n|\n|-heal|p2a: Aegislash|40\/100|[from] item: Leftovers\n|upkeep\n|turn|30\n|\n|t:|1700657188\n|cant|p1a: Zamazenta|slp\n|-formechange|p2a: Aegislash|Aegislash-Blade||[from] ability: Stance Change\n|move|p2a: Aegislash|Shadow Ball|p1a: Zamazenta\n|-damage|p1a: Zamazenta|69\/100 slp\n|-unboost|p1a: Zamazenta|spd|1\n|\n|-heal|p2a: Aegislash|46\/100|[from] item: Leftovers\n|upkeep\n|turn|31\n|\n|t:|1700657194\n|switch|p1a: Dragonite|Dragonite, F, tera:Steel|20\/100 slp\n|move|p2a: Aegislash|Substitute|p2a: Aegislash\n|-start|p2a: Aegislash|Substitute\n|-damage|p2a: Aegislash|22\/100\n|\n|-heal|p2a: Aegislash|28\/100|[from] item: Leftovers\n|upkeep\n|turn|32\n|\n|t:|1700657197\n|-curestatus|p1a: Dragonite|slp|[msg]\n|move|p1a: Dragonite|Earthquake|p2a: Aegislash\n|-supereffective|p2a: Aegislash\n|-end|p2a: Aegislash|Substitute\n|move|p2a: Aegislash|Shadow Ball|p1a: Dragonite\n|-damage|p1a: Dragonite|0 fnt\n|faint|p1a: Dragonite\n|\n|-heal|p2a: Aegislash|34\/100|[from] item: Leftovers\n|upkeep\n|\n|t:|1700657199\n|switch|p1a: Zamazenta|Zamazenta|69\/100 slp\n|turn|33\n|\n|t:|1700657206\n|cant|p1a: Zamazenta|slp\n|move|p2a: Aegislash|Substitute|p2a: Aegislash\n|-start|p2a: Aegislash|Substitute\n|-damage|p2a: Aegislash|9\/100\n|\n|-heal|p2a: Aegislash|15\/100|[from] item: Leftovers\n|upkeep\n|turn|34\n|\n|t:|1700657210\n|-curestatus|p1a: Zamazenta|slp|[msg]\n|move|p1a: Zamazenta|Iron Defense|p1a: Zamazenta\n|-boost|p1a: Zamazenta|def|2\n|move|p2a: Aegislash|Shadow Ball|p1a: Zamazenta\n|-damage|p1a: Zamazenta|40\/100\n|\n|-heal|p2a: Aegislash|22\/100|[from] item: Leftovers\n|upkeep\n|turn|35\n|\n|t:|1700657214\n|move|p1a: Zamazenta|Crunch|p2a: Aegislash\n|-supereffective|p2a: Aegislash\n|-end|p2a: Aegislash|Substitute\n|move|p2a: Aegislash|Shadow Ball|p1a: Zamazenta\n|-damage|p1a: Zamazenta|13\/100\n|\n|-heal|p2a: Aegislash|28\/100|[from] item: Leftovers\n|upkeep\n|turn|36\n|\n|t:|1700657224\n|-formechange|p2a: Aegislash|Aegislash||[from] ability: Stance Change\n|move|p2a: Aegislash|King's Shield|p2a: Aegislash\n|-singleturn|p2a: Aegislash|Protect\n|move|p1a: Zamazenta|Crunch|p2a: Aegislash\n|-activate|p2a: Aegislash|move: Protect\n|-unboost|p1a: Zamazenta|atk|1\n|\n|-heal|p2a: Aegislash|34\/100|[from] item: Leftovers\n|upkeep\n|turn|37\n|\n|t:|1700657229\n|move|p1a: Zamazenta|Crunch|p2a: Aegislash\n|-supereffective|p2a: Aegislash\n|-damage|p2a: Aegislash|2\/100\n|-unboost|p2a: Aegislash|def|1\n|-formechange|p2a: Aegislash|Aegislash-Blade||[from] ability: Stance Change\n|move|p2a: Aegislash|Shadow Ball|p1a: Zamazenta\n|-damage|p1a: Zamazenta|0 fnt\n|faint|p1a: Zamazenta\n|\n|-heal|p2a: Aegislash|9\/100|[from] item: Leftovers\n|upkeep\n|\n|t:|1700657231\n|switch|p1a: Great Tusk|Great Tusk|100\/100\n|turn|38\n|-message|neferp1tou forfeited.\n|\n|win|JWZ456\n|raw|neferp1tou's rating: 1661 &rarr; <strong>1644<\/strong><br \/>(-17 for losing)\n|raw|JWZ456's rating: 1706 &rarr; <strong>1723<\/strong><br \/>(+17 for winning)\n|l|\u2606neferp1tou\n","uploadtime":1700657390,"views":0,"p1id":"neferp1tou","p2id":"jwz456","formatid":"gen9nationaldex","rating":1644,"private":0,"password":""}