{"id":"gen9nationaldex-1995400049","p1":"sfchara","p2":"Dark Umbreon 08","format":"[Gen 9] National Dex","log":"|html|<div class=\"broadcast-blue\"><strong>[Gen 9] National Dex is currently suspecting Sneasler! For information on how to participate check out the <a href=\"https:\/\/www.smogon.com\/forums\/threads\/sv-national-dex-suspect-8-just-dance.3731534\/\">suspect thread<\/a>.<\/strong><\/div>\n|j|\u2606sfchara\n|j|\u2606Dark Umbreon 08\n|t:|1700565741\n|gametype|singles\n|player|p1|sfchara|n|1104\n|player|p2|Dark Umbreon 08|lass-gen4dp|1106\n|teamsize|p1|6\n|teamsize|p2|4\n|gen|9\n|tier|[Gen 9] National Dex\n|rated|\n|rule|HP Percentage Mod: HP is shown in percentages\n|rule|Endless Battle Clause: Forcing endless battles is banned\n|rule|OHKO Clause: OHKO moves are banned\n|rule|Evasion Clause: Evasion abilities, items, and moves are banned\n|rule|Evasion Abilities Clause: Evasion abilities are banned\n|rule|Evasion Items Clause: Evasion items are banned\n|rule|Evasion Moves Clause: Evasion moves are banned\n|rule|Species Clause: Limit one of each Pok\u00e9mon\n|rule|Sleep Clause Mod: Limit one foe put to sleep\n|clearpoke\n|poke|p1|Aggron, M|\n|poke|p1|Diancie|\n|poke|p1|Hawlucha, F|\n|poke|p1|Bisharp, M|\n|poke|p1|Victini|\n|poke|p1|Zamazenta-*|\n|poke|p2|Riolu, L1, F|\n|poke|p2|Geodude, L69, F|\n|poke|p2|Skarmory, M|\n|poke|p2|Pineco, L33, F|\n|teampreview\n|inactive|Battle timer is ON: inactive players will automatically lose when time's up. (requested by Dark Umbreon 08)\n|\n|t:|1700565747\n|start\n|switch|p1a: Diancie|Diancie|100\/100\n|switch|p2a: Pineco|Pineco, L33, F|100\/100\n|turn|1\n|\n|t:|1700565756\n|move|p2a: Pineco|Protect|p2a: Pineco\n|-singleturn|p2a: Pineco|Protect\n|move|p1a: Diancie|Substitute|p1a: Diancie\n|-start|p1a: Diancie|Substitute\n|-damage|p1a: Diancie|76\/100\n|\n|upkeep\n|turn|2\n|\n|t:|1700565761\n|move|p1a: Diancie|Diamond Storm|p2a: Pineco\n|-supereffective|p2a: Pineco\n|-ability|p2a: Pineco|Sturdy\n|-damage|p2a: Pineco|1\/100\n|-boost|p1a: Diancie|def|2\n|move|p2a: Pineco|Toxic Spikes|p1a: Diancie\n|-sidestart|p1: sfchara|move: Toxic Spikes\n|\n|upkeep\n|turn|3\n|-enditem|p2a: Pineco|Custap Berry|[eat]\n|-activate|p2a: Pineco|item: Custap Berry|[consumed]\n|\n|t:|1700565766\n|move|p2a: Pineco|Toxic Spikes|p1a: Diancie\n|-sidestart|p1: sfchara|move: Toxic Spikes\n|move|p1a: Diancie|Diamond Storm|p2a: Pineco\n|-supereffective|p2a: Pineco\n|-damage|p2a: Pineco|0 fnt\n|faint|p2a: Pineco\n|\n|upkeep\n|\n|t:|1700565771\n|switch|p2a: Have Fun|Geodude, L69, F|100\/100\n|turn|4\n|\n|t:|1700565775\n|detailschange|p1a: Diancie|Diancie-Mega\n|-mega|p1a: Diancie|Diancie|Diancite\n|move|p1a: Diancie|Diamond Storm|p2a: Have Fun\n|-resisted|p2a: Have Fun\n|-damage|p2a: Have Fun|47\/100\n|-boost|p1a: Diancie|def|2\n|-enditem|p2a: Have Fun|Red Card|[of] p1a: Diancie\n|drag|p1a: Bisharp|Bisharp, M|100\/100\n|move|p2a: Have Fun|Stealth Rock|p1a: Bisharp\n|-sidestart|p1: sfchara|move: Stealth Rock\n|\n|upkeep\n|turn|5\n|\n|t:|1700565785\n|move|p1a: Bisharp|Pursuit|p2a: Have Fun\n|-damage|p2a: Have Fun|0 fnt\n|faint|p2a: Have Fun\n|\n|upkeep\n|\n|t:|1700565788\n|switch|p2a: Impossible|Skarmory, M|100\/100\n|turn|6\n|\n|t:|1700565791\n|move|p1a: Bisharp|Pursuit|p2a: Impossible\n|-damage|p2a: Impossible|82\/100\n|move|p2a: Impossible|Spikes|p1a: Bisharp\n|-sidestart|p1: sfchara|Spikes\n|\n|upkeep\n|turn|7\n|\n|t:|1700565798\n|move|p1a: Bisharp|Pursuit|p2a: Impossible\n|-damage|p2a: Impossible|64\/100\n|move|p2a: Impossible|Roost|p2a: Impossible\n|-heal|p2a: Impossible|100\/100\n|-singleturn|p2a: Impossible|move: Roost\n|\n|upkeep\n|turn|8\n|\n|t:|1700565801\n|move|p1a: Bisharp|Pursuit|p2a: Impossible\n|-damage|p2a: Impossible|83\/100\n|move|p2a: Impossible|Spikes|p1a: Bisharp\n|-sidestart|p1: sfchara|Spikes\n|\n|upkeep\n|turn|9\n|\n|t:|1700565804\n|move|p1a: Bisharp|Pursuit|p2a: Impossible\n|-damage|p2a: Impossible|62\/100\n|move|p2a: Impossible|Spikes|p1a: Bisharp\n|-sidestart|p1: sfchara|Spikes\n|\n|upkeep\n|turn|10\n|\n|t:|1700565808\n|switch|p1a: Victini|Victini|100\/100\n|-status|p1a: Victini|tox\n|-damage|p1a: Victini|75\/100 tox|[from] Stealth Rock\n|-damage|p1a: Victini|50\/100 tox|[from] Spikes\n|move|p2a: Impossible|Whirlwind|p1a: Victini\n|drag|p1a: Aggron|Aggron, M|100\/100\n|-damage|p1a: Aggron|94\/100|[from] Stealth Rock\n|-damage|p1a: Aggron|69\/100|[from] Spikes\n|\n|upkeep\n|turn|11\n|\n|t:|1700565819\n|move|p1a: Aggron|Stealth Rock|p2a: Impossible\n|-sidestart|p2: Dark Umbreon 08|move: Stealth Rock\n|move|p2a: Impossible|Whirlwind|p1a: Aggron\n|drag|p1a: Victini|Victini|50\/100 tox\n|-damage|p1a: Victini|25\/100 tox|[from] Stealth Rock\n|-damage|p1a: Victini|0 fnt|[from] Spikes\n|faint|p1a: Victini\n|\n|upkeep\n|\n|t:|1700565826\n|switch|p1a: Aggron|Aggron, M|69\/100\n|-damage|p1a: Aggron|63\/100|[from] Stealth Rock\n|-damage|p1a: Aggron|38\/100|[from] Spikes\n|turn|12\n|\n|t:|1700565831\n|move|p2a: Impossible|Taunt|p1a: Aggron\n|-start|p1a: Aggron|move: Taunt\n|move|p1a: Aggron|Head Smash|p2a: Impossible\n|-damage|p2a: Impossible|17\/100\n|-enditem|p2a: Impossible|Figy Berry|[eat]\n|-heal|p2a: Impossible|50\/100|[from] item: Figy Berry\n|-start|p2a: Impossible|confusion\n|-damage|p1a: Aggron|16\/100|[from] Recoil\n|\n|upkeep\n|turn|13\n|-enditem|p1a: Aggron|Custap Berry|[eat]\n|-activate|p1a: Aggron|item: Custap Berry|[consumed]\n|\n|t:|1700565841\n|move|p1a: Aggron|Head Smash|p2a: Impossible|[miss]\n|-miss|p1a: Aggron|p2a: Impossible\n|-activate|p2a: Impossible|confusion\n|move|p2a: Impossible|Roost|p2a: Impossible\n|-heal|p2a: Impossible|100\/100\n|-singleturn|p2a: Impossible|move: Roost\n|\n|upkeep\n|turn|14\n|\n|t:|1700565845\n|move|p1a: Aggron|Head Smash|p2a: Impossible\n|-damage|p2a: Impossible|54\/100\n|-damage|p1a: Aggron|0 fnt|[from] Recoil\n|faint|p1a: Aggron\n|-activate|p2a: Impossible|confusion\n|move|p2a: Impossible|Whirlwind|p1: Aggron|[notarget]\n|-fail|p2a: Impossible\n|\n|upkeep\n|\n|t:|1700565850\n|switch|p1a: Hawlucha|Hawlucha, F|100\/100\n|-damage|p1a: Hawlucha|88\/100|[from] Stealth Rock\n|turn|15\n|\n|t:|1700565855\n|move|p1a: Hawlucha|Acrobatics|p2a: Impossible\n|-resisted|p2a: Impossible\n|-damage|p2a: Impossible|47\/100\n|-end|p2a: Impossible|confusion\n|move|p2a: Impossible|Roost|p2a: Impossible\n|-heal|p2a: Impossible|97\/100\n|-singleturn|p2a: Impossible|move: Roost\n|\n|upkeep\n|turn|16\n|\n|t:|1700565869\n|move|p1a: Hawlucha|Substitute|p1a: Hawlucha\n|-start|p1a: Hawlucha|Substitute\n|-damage|p1a: Hawlucha|63\/100\n|move|p2a: Impossible|Whirlwind|p1a: Hawlucha\n|drag|p1a: Diancie|Diancie-Mega|76\/100\n|-status|p1a: Diancie|tox\n|-damage|p1a: Diancie|63\/100 tox|[from] Stealth Rock\n|-damage|p1a: Diancie|38\/100 tox|[from] Spikes\n|\n|-damage|p1a: Diancie|32\/100 tox|[from] psn\n|upkeep\n|turn|17\n|\n|t:|1700565880\n|move|p1a: Diancie|Explosion|p2a: Impossible\n|-resisted|p2a: Impossible\n|-damage|p2a: Impossible|66\/100\n|faint|p1a: Diancie\n|move|p2a: Impossible|Roost|p2a: Impossible\n|-heal|p2a: Impossible|100\/100\n|-singleturn|p2a: Impossible|move: Roost\n|\n|upkeep\n|\n|t:|1700565885\n|switch|p1a: Hawlucha|Hawlucha, F|63\/100\n|-damage|p1a: Hawlucha|51\/100|[from] Stealth Rock\n|turn|18\n|\n|t:|1700565892\n|move|p1a: Hawlucha|Reversal|p2a: Impossible\n|-damage|p2a: Impossible|91\/100\n|move|p2a: Impossible|Whirlwind|p1a: Hawlucha\n|drag|p1a: Zamazenta|Zamazenta|100\/100\n|-status|p1a: Zamazenta|tox\n|-damage|p1a: Zamazenta|94\/100 tox|[from] Stealth Rock\n|-damage|p1a: Zamazenta|70\/100 tox|[from] Spikes\n|-ability|p1a: Zamazenta|Dauntless Shield|boost\n|-boost|p1a: Zamazenta|def|1\n|\n|-damage|p1a: Zamazenta|63\/100 tox|[from] psn\n|upkeep\n|turn|19\n|-message|sfchara forfeited.\n|\n|win|Dark Umbreon 08\n|raw|sfchara's rating: 1104 &rarr; <strong>1079<\/strong><br \/>(-25 for losing)\n|raw|Dark Umbreon 08's rating: 1106 &rarr; <strong>1131<\/strong><br \/>(+25 for winning)\n|l|\u2606sfchara\n","uploadtime":1700565906,"views":15,"p1id":"sfchara","p2id":"darkumbreon08","formatid":"gen9nationaldex","rating":1079,"private":0,"password":""}