{"id":"gen9nationaldex-1996115076","p1":"Ruinous Tusk","p2":"josiahcoool","format":"[Gen 9] National Dex","log":"|html|<div class=\"broadcast-blue\"><strong>[Gen 9] National Dex is currently suspecting Sneasler! For information on how to participate check out the <a href=\"https:\/\/www.smogon.com\/forums\/threads\/sv-national-dex-suspect-8-just-dance.3731534\/\">suspect thread<\/a>.<\/strong><\/div>\n|j|\u2606Ruinous Tusk\n|j|\u2606josiahcoool\n|t:|1700646417\n|gametype|singles\n|player|p1|Ruinous Tusk|hilbert|1156\n|player|p2|josiahcoool|striker|1125\n|teamsize|p1|6\n|teamsize|p2|6\n|gen|9\n|tier|[Gen 9] National Dex\n|rated|\n|rule|HP Percentage Mod: HP is shown in percentages\n|rule|Endless Battle Clause: Forcing endless battles is banned\n|rule|OHKO Clause: OHKO moves are banned\n|rule|Evasion Clause: Evasion abilities, items, and moves are banned\n|rule|Evasion Abilities Clause: Evasion abilities are banned\n|rule|Evasion Items Clause: Evasion items are banned\n|rule|Evasion Moves Clause: Evasion moves are banned\n|rule|Species Clause: Limit one of each Pok\u00e9mon\n|rule|Sleep Clause Mod: Limit one foe put to sleep\n|clearpoke\n|poke|p1|Tapu Koko|\n|poke|p1|Iron Valiant|\n|poke|p1|Sneasler, M|\n|poke|p1|Charizard, M|\n|poke|p1|Hatterene, F|\n|poke|p1|Victini|\n|poke|p2|Charizard, M|\n|poke|p2|Venusaur, M|\n|poke|p2|Garchomp, M|\n|poke|p2|Greninja-*, M|\n|poke|p2|Iron Valiant|\n|poke|p2|Iron Treads|\n|teampreview\n|inactive|Battle timer is ON: inactive players will automatically lose when time's up. (requested by Ruinous Tusk)\n|inactive|josiahcoool has 120 seconds left.\n|\n|t:|1700646460\n|start\n|switch|p1a: Charizard|Charizard, M|100\/100\n|switch|p2a: ELEPAHNT|Iron Treads|100\/100\n|turn|1\n|\n|t:|1700646469\n|detailschange|p1a: Charizard|Charizard-Mega-Y, M\n|-mega|p1a: Charizard|Charizard|Charizardite Y\n|-weather|SunnyDay|[from] ability: Drought|[of] p1a: Charizard\n|move|p2a: ELEPAHNT|Volt Switch|p1a: Charizard\n|-supereffective|p1a: Charizard\n|-damage|p1a: Charizard|76\/100\n|\n|t:|1700646477\n|-end|p2a: ELEPAHNT|Quark Drive|[silent]\n|switch|p2a: Ninja|Greninja, M|100\/100|[from] Volt Switch\n|move|p1a: Charizard|Flamethrower|p2a: Ninja\n|-resisted|p2a: Ninja\n|-damage|p2a: Ninja|30\/100\n|\n|-weather|SunnyDay|[upkeep]\n|upkeep\n|turn|2\n|\n|t:|1700646500\n|move|p2a: Ninja|Surf|p1a: Charizard\n|-start|p2a: Ninja|typechange|Water|[from] ability: Protean\n|-supereffective|p1a: Charizard\n|-damage|p1a: Charizard|22\/100\n|-damage|p2a: Ninja|20\/100|[from] item: Life Orb\n|move|p1a: Charizard|Flamethrower|p2a: Ninja\n|-resisted|p2a: Ninja\n|-damage|p2a: Ninja|0 fnt\n|faint|p2a: Ninja\n|\n|-weather|SunnyDay|[upkeep]\n|upkeep\n|\n|t:|1700646512\n|switch|p2a: flower power|Venusaur, M|100\/100\n|turn|3\n|\n|t:|1700646515\n|move|p2a: flower power|Sludge Bomb|p1a: Charizard\n|-crit|p1a: Charizard\n|-damage|p1a: Charizard|0 fnt\n|faint|p1a: Charizard\n|-damage|p2a: flower power|91\/100|[from] item: Life Orb\n|\n|-weather|SunnyDay|[upkeep]\n|upkeep\n|\n|t:|1700646543\n|switch|p1a: Victini|Victini|100\/100\n|turn|4\n|inactive|josiahcoool has 120 seconds left.\n|\n|t:|1700646573\n|move|p2a: flower power|Growth|p2a: flower power\n|-boost|p2a: flower power|atk|2\n|-boost|p2a: flower power|spa|2\n|move|p1a: Victini|V-create|p2a: flower power\n|-supereffective|p2a: flower power\n|-damage|p2a: flower power|0 fnt\n|-unboost|p1a: Victini|spe|1\n|-unboost|p1a: Victini|def|1\n|-unboost|p1a: Victini|spd|1\n|faint|p2a: flower power\n|\n|-weather|SunnyDay|[upkeep]\n|upkeep\n|inactive|josiahcoool has 120 seconds left.\n|\n|t:|1700646586\n|switch|p2a: Sovereign|Garchomp, M|100\/100\n|turn|5\n|inactive|josiahcoool has 120 seconds left.\n|\n|t:|1700646597\n|switch|p1a: Hatterene|Hatterene, F|100\/100\n|move|p2a: Sovereign|Swords Dance|p2a: Sovereign\n|-boost|p2a: Sovereign|atk|2\n|\n|-weather|none\n|upkeep\n|turn|6\n|inactive|josiahcoool has 120 seconds left.\n|\n|t:|1700646604\n|move|p2a: Sovereign|Iron Head|p1a: Hatterene\n|-supereffective|p1a: Hatterene\n|-damage|p1a: Hatterene|1\/100\n|-enditem|p1a: Hatterene|Eject Button\n|\n|t:|1700646607\n|switch|p1a: Tapu Koko|Tapu Koko|100\/100\n|-fieldstart|move: Electric Terrain|[from] ability: Electric Surge|[of] p1a: Tapu Koko\n|\n|upkeep\n|turn|7\n|inactive|josiahcoool has 120 seconds left.\n|\n|t:|1700646623\n|-terastallize|p2a: Sovereign|Steel\n|move|p1a: Tapu Koko|Dazzling Gleam|p2a: Sovereign\n|-resisted|p2a: Sovereign\n|-damage|p2a: Sovereign|82\/100\n|move|p2a: Sovereign|Earthquake|p1a: Tapu Koko\n|-supereffective|p1a: Tapu Koko\n|-damage|p1a: Tapu Koko|0 fnt\n|faint|p1a: Tapu Koko\n|\n|upkeep\n|\n|t:|1700646638\n|switch|p1a: Iron Valiant|Iron Valiant|100\/100\n|-activate|p1a: Iron Valiant|ability: Quark Drive\n|-start|p1a: Iron Valiant|quarkdrivespe\n|turn|8\n|\n|t:|1700646652\n|switch|p2a: Charaza|Charizard, M|100\/100\n|move|p1a: Iron Valiant|Close Combat|p2a: Charaza\n|-resisted|p2a: Charaza\n|-damage|p2a: Charaza|40\/100\n|-unboost|p1a: Iron Valiant|def|1\n|-unboost|p1a: Iron Valiant|spd|1\n|-damage|p1a: Iron Valiant|91\/100|[from] item: Life Orb\n|\n|upkeep\n|turn|9\n|inactive|josiahcoool has 120 seconds left.\n|\n|t:|1700646682\n|detailschange|p2a: Charaza|Charizard-Mega-Y, M\n|-mega|p2a: Charaza|Charizard|Charizardite Y\n|-weather|SunnyDay|[from] ability: Drought|[of] p2a: Charaza\n|move|p1a: Iron Valiant|Close Combat|p2a: Charaza\n|-resisted|p2a: Charaza\n|-damage|p2a: Charaza|0 fnt\n|-unboost|p1a: Iron Valiant|def|1\n|-unboost|p1a: Iron Valiant|spd|1\n|faint|p2a: Charaza\n|-damage|p1a: Iron Valiant|81\/100|[from] item: Life Orb\n|\n|-weather|SunnyDay|[upkeep]\n|upkeep\n|\n|t:|1700646690\n|switch|p2a: ELEPAHNT|Iron Treads|100\/100\n|-activate|p2a: ELEPAHNT|ability: Quark Drive\n|-start|p2a: ELEPAHNT|quarkdrivespe\n|turn|10\n|\n|t:|1700646697\n|-end|p2a: ELEPAHNT|Quark Drive|[silent]\n|switch|p2a: Iron Man|Iron Valiant|100\/100\n|-activate|p2a: Iron Man|ability: Quark Drive\n|-start|p2a: Iron Man|quarkdrivespe\n|move|p1a: Iron Valiant|Close Combat|p2a: Iron Man\n|-resisted|p2a: Iron Man\n|-damage|p2a: Iron Man|52\/100\n|-unboost|p1a: Iron Valiant|def|1\n|-unboost|p1a: Iron Valiant|spd|1\n|-damage|p1a: Iron Valiant|71\/100|[from] item: Life Orb\n|\n|-weather|SunnyDay|[upkeep]\n|upkeep\n|turn|11\n|inactive|josiahcoool has 120 seconds left.\n|\n|t:|1700646704\n|move|p1a: Iron Valiant|Moonblast|p2a: Iron Man\n|-supereffective|p2a: Iron Man\n|-damage|p2a: Iron Man|0 fnt\n|faint|p2a: Iron Man\n|-end|p2a: Iron Man|Quark Drive|[silent]\n|-damage|p1a: Iron Valiant|62\/100|[from] item: Life Orb\n|\n|-weather|SunnyDay|[upkeep]\n|upkeep\n|inactive|josiahcoool has 120 seconds left.\n|\n|t:|1700646713\n|switch|p2a: Sovereign|Garchomp, M, tera:Steel|82\/100\n|turn|12\n|inactive|josiahcoool has 120 seconds left.\n|\n|t:|1700646730\n|move|p1a: Iron Valiant|Close Combat|p2a: Sovereign\n|-supereffective|p2a: Sovereign\n|-damage|p2a: Sovereign|0 fnt\n|-unboost|p1a: Iron Valiant|def|1\n|-unboost|p1a: Iron Valiant|spd|1\n|-damage|p1a: Iron Valiant|49\/100|[from] ability: Rough Skin|[of] p2a: Sovereign\n|faint|p2a: Sovereign\n|-damage|p1a: Iron Valiant|40\/100|[from] item: Life Orb\n|\n|-weather|SunnyDay|[upkeep]\n|upkeep\n|\n|t:|1700646733\n|switch|p2a: ELEPAHNT|Iron Treads|100\/100\n|-activate|p2a: ELEPAHNT|ability: Quark Drive\n|-start|p2a: ELEPAHNT|quarkdrivespe\n|turn|13\n|\n|t:|1700646738\n|move|p1a: Iron Valiant|Close Combat|p2a: ELEPAHNT\n|-supereffective|p2a: ELEPAHNT\n|-damage|p2a: ELEPAHNT|0 fnt\n|-unboost|p1a: Iron Valiant|def|1\n|-unboost|p1a: Iron Valiant|spd|1\n|faint|p2a: ELEPAHNT\n|-end|p2a: ELEPAHNT|Quark Drive|[silent]\n|-damage|p1a: Iron Valiant|30\/100|[from] item: Life Orb\n|\n|win|Ruinous Tusk\n|raw|Ruinous Tusk's rating: 1156 &rarr; <strong>1179<\/strong><br \/>(+23 for winning)\n|raw|josiahcoool's rating: 1125 &rarr; <strong>1102<\/strong><br \/>(-23 for losing)\n","uploadtime":1700646741,"views":16,"p1id":"ruinoustusk","p2id":"josiahcoool","formatid":"gen9nationaldex","rating":1102,"private":0,"password":""}