{"id":"gen9nationaldex-1988223390","p1":"chuntaro-kun","p2":"The power of ROCK","format":"[Gen 9] National Dex","log":"|j|\u2606chuntaro-kun\n|j|\u2606The power of ROCK\n|t:|1699688593\n|gametype|singles\n|player|p1|chuntaro-kun|carmine-festival|\n|player|p2|The power of ROCK|roark|\n|teamsize|p1|6\n|teamsize|p2|6\n|gen|9\n|tier|[Gen 9] National Dex\n|rule|HP Percentage Mod: HP is shown in percentages\n|rule|Endless Battle Clause: Forcing endless battles is banned\n|rule|OHKO Clause: OHKO moves are banned\n|rule|Evasion Clause: Evasion abilities, items, and moves are banned\n|rule|Evasion Abilities Clause: Evasion abilities are banned\n|rule|Evasion Items Clause: Evasion items are banned\n|rule|Evasion Moves Clause: Evasion moves are banned\n|rule|Species Clause: Limit one of each Pok\u00e9mon\n|rule|Sleep Clause Mod: Limit one foe put to sleep\n|clearpoke\n|poke|p1|Dondozo, M|\n|poke|p1|Toxapex, M|\n|poke|p1|Gastrodon-East, M|\n|poke|p1|Gyarados, M|\n|poke|p1|Greninja-*, M|\n|poke|p1|Rotom-Wash|\n|poke|p2|Tyranitar, M|\n|poke|p2|Garganacl, F|\n|poke|p2|Aggron, M|\n|poke|p2|Cradily, F|\n|poke|p2|Glimmora, F|\n|poke|p2|Stakataka|\n|teampreview\n|inactive|Battle timer is ON: inactive players will automatically lose when time's up. (requested by chuntaro-kun)\n|c|\u2606The power of ROCK|Welcome to the ROCK gym\n|c|\u2606chuntaro-kun|battle before ??\n|c|\u2606chuntaro-kun|hahahaha\n|c|\u2606chuntaro-kun|i got the gym badge already\n|inactive|The power of ROCK has 270 seconds left.\n|c|\u2606chuntaro-kun|came in here for a freindly match\n|\n|t:|1699688631\n|start\n|switch|p1a: Gyarados|Gyarados, M, shiny|100\/100\n|switch|p2a: Tyranitar|Tyranitar, M|100\/100\n|-ability|p1a: Gyarados|Intimidate|boost\n|-unboost|p2a: Tyranitar|atk|1\n|-weather|Sandstorm|[from] ability: Sand Stream|[of] p2a: Tyranitar\n|turn|1\n|\n|t:|1699688640\n|switch|p2a: Glimmora|Glimmora, F|100\/100\n|detailschange|p1a: Gyarados|Gyarados-Mega, M, shiny\n|-mega|p1a: Gyarados|Gyarados|Gyaradosite\n|-ability|p1a: Gyarados|Mold Breaker\n|move|p1a: Gyarados|Substitute|p1a: Gyarados\n|-start|p1a: Gyarados|Substitute\n|-damage|p1a: Gyarados|76\/100\n|\n|-weather|Sandstorm|[upkeep]\n|-damage|p1a: Gyarados|70\/100|[from] Sandstorm\n|upkeep\n|turn|2\n|\n|t:|1699688658\n|move|p2a: Glimmora|Sludge Wave|p1a: Gyarados\n|-crit|p1a: Gyarados\n|-end|p1a: Gyarados|Substitute\n|move|p1a: Gyarados|Dragon Dance|p1a: Gyarados\n|-boost|p1a: Gyarados|atk|1\n|-boost|p1a: Gyarados|spe|1\n|\n|-weather|Sandstorm|[upkeep]\n|-damage|p1a: Gyarados|64\/100|[from] Sandstorm\n|upkeep\n|turn|3\n|\n|t:|1699688663\n|move|p2a: Glimmora|Sludge Wave|p1a: Gyarados\n|-crit|p1a: Gyarados\n|-damage|p1a: Gyarados|0 fnt\n|faint|p1a: Gyarados\n|\n|-weather|Sandstorm|[upkeep]\n|upkeep\n|c|\u2606The power of ROCK|too slow ; )\n|c|\u2606chuntaro-kun|saly\n|\n|t:|1699688676\n|switch|p1a: Greninja|Greninja, M|100\/100\n|turn|4\n|\n|t:|1699688680\n|move|p1a: Greninja|Water Shuriken|p2a: Glimmora\n|-supereffective|p2a: Glimmora\n|-damage|p2a: Glimmora|85\/100\n|-supereffective|p2a: Glimmora\n|-damage|p2a: Glimmora|69\/100\n|-supereffective|p2a: Glimmora\n|-damage|p2a: Glimmora|53\/100\n|-hitcount|p2a: Glimmora|3\n|-damage|p1a: Greninja|91\/100|[from] item: Life Orb\n|move|p2a: Glimmora|Sludge Wave|p1a: Greninja\n|-damage|p1a: Greninja|8\/100\n|\n|-weather|Sandstorm|[upkeep]\n|-damage|p1a: Greninja|2\/100|[from] Sandstorm\n|upkeep\n|turn|5\n|\n|t:|1699688691\n|switch|p2a: Cradily|Cradily, F|100\/100\n|move|p1a: Greninja|Surf|p2a: Cradily\n|-ability|p2a: Cradily|Storm Drain|boost\n|-boost|p2a: Cradily|spa|1\n|\n|-weather|none\n|upkeep\n|turn|6\n|\n|t:|1699688695\n|switch|p2a: Tyranitar|Tyranitar, M|100\/100\n|-weather|Sandstorm|[from] ability: Sand Stream|[of] p2a: Tyranitar\n|move|p1a: Greninja|Ice Beam|p2a: Tyranitar\n|-damage|p2a: Tyranitar|92\/100\n|-status|p2a: Tyranitar|frz\n|-damage|p1a: Greninja|0 fnt|[from] item: Life Orb\n|faint|p1a: Greninja\n|\n|-weather|Sandstorm|[upkeep]\n|upkeep\n|\n|t:|1699688699\n|switch|p1a: Dondozo|Dondozo, M|100\/100\n|turn|7\n|c|\u2606The power of ROCK|OOF\n|\n|t:|1699688709\n|switch|p2a: Cradily|Cradily, F|100\/100\n|-terastallize|p1a: Dondozo|Dragon\n|move|p1a: Dondozo|Curse|p1a: Dondozo\n|-unboost|p1a: Dondozo|spe|1\n|-boost|p1a: Dondozo|atk|1\n|-boost|p1a: Dondozo|def|1\n|\n|-weather|Sandstorm|[upkeep]\n|-damage|p1a: Dondozo|94\/100|[from] Sandstorm\n|-heal|p1a: Dondozo|100\/100|[from] item: Leftovers\n|upkeep\n|turn|8\n|\n|t:|1699688714\n|move|p2a: Cradily|Leech Seed|p1a: Dondozo\n|-start|p1a: Dondozo|move: Leech Seed\n|move|p1a: Dondozo|Curse|p1a: Dondozo\n|-unboost|p1a: Dondozo|spe|1\n|-boost|p1a: Dondozo|atk|1\n|-boost|p1a: Dondozo|def|1\n|\n|-weather|Sandstorm|[upkeep]\n|-damage|p1a: Dondozo|94\/100|[from] Sandstorm\n|-heal|p1a: Dondozo|100\/100|[from] item: Leftovers\n|-damage|p1a: Dondozo|88\/100|[from] Leech Seed|[of] p2a: Cradily\n|upkeep\n|turn|9\n|\n|t:|1699688728\n|switch|p2a: Aggron|Aggron, M|100\/100\n|switch|p1a: Rotom|Rotom-Wash|100\/100\n|\n|-weather|Sandstorm|[upkeep]\n|-damage|p1a: Rotom|94\/100|[from] Sandstorm\n|-heal|p1a: Rotom|100\/100|[from] item: Leftovers\n|upkeep\n|turn|10\n|\n|t:|1699688739\n|switch|p2a: Tyranitar|Tyranitar, M|92\/100 frz\n|move|p1a: Rotom|Hydro Pump|p2a: Tyranitar|[miss]\n|-miss|p1a: Rotom|p2a: Tyranitar\n|\n|-weather|none\n|upkeep\n|turn|11\n|\n|t:|1699688743\n|switch|p2a: Cradily|Cradily, F|100\/100\n|move|p1a: Rotom|Hydro Pump|p2a: Cradily\n|-ability|p2a: Cradily|Storm Drain|boost\n|-boost|p2a: Cradily|spa|1\n|\n|upkeep\n|turn|12\n|\n|t:|1699688745\n|switch|p2a: Aggron|Aggron, M|100\/100\n|move|p1a: Rotom|Volt Switch|p2a: Aggron\n|-damage|p2a: Aggron|61\/100\n|\n|t:|1699688750\n|switch|p1a: Dondozo|Dondozo, M, tera:Dragon|88\/100|[from] Volt Switch\n|\n|-heal|p1a: Dondozo|94\/100|[from] item: Leftovers\n|upkeep\n|turn|13\n|\n|t:|1699688757\n|switch|p1a: Toxapex|Toxapex, M, shiny|100\/100\n|detailschange|p2a: Aggron|Aggron-Mega, M\n|-mega|p2a: Aggron|Aggron|Aggronite\n|move|p2a: Aggron|Iron Defense|p2a: Aggron\n|-boost|p2a: Aggron|def|2\n|\n|upkeep\n|turn|14\n|c|\u2606chuntaro-kun|wha a pain\n|\n|t:|1699688768\n|switch|p2a: Tyranitar|Tyranitar, M|92\/100 frz\n|-weather|Sandstorm|[from] ability: Sand Stream|[of] p2a: Tyranitar\n|move|p1a: Toxapex|Scald|p2a: Tyranitar\n|-supereffective|p2a: Tyranitar\n|-damage|p2a: Tyranitar|83\/100 frz\n|-curestatus|p2a: Tyranitar|frz|[msg]\n|\n|-weather|Sandstorm|[upkeep]\n|-damage|p1a: Toxapex|95\/100|[from] Sandstorm\n|upkeep\n|turn|15\n|c|\u2606The power of ROCK|THANK\n|c|\u2606The power of ROCK|YOU\n|c|\u2606The power of ROCK|xD\n|c|\u2606chuntaro-kun|HAAAAAAAAAAAAAAAAAAA\n|\n|t:|1699688787\n|switch|p2a: Garganacl|Garganacl, F|100\/100\n|switch|p1a: Rotom|Rotom-Wash|100\/100\n|\n|-weather|Sandstorm|[upkeep]\n|-damage|p1a: Rotom|94\/100|[from] Sandstorm\n|-heal|p1a: Rotom|100\/100|[from] item: Leftovers\n|upkeep\n|turn|16\n|\n|t:|1699688793\n|move|p1a: Rotom|Hydro Pump|p2a: Garganacl\n|-supereffective|p2a: Garganacl\n|-damage|p2a: Garganacl|67\/100\n|-enditem|p2a: Garganacl|Maranga Berry|[eat]\n|-boost|p2a: Garganacl|spd|1|[from] item: Maranga Berry\n|move|p2a: Garganacl|Salt Cure|p1a: Rotom\n|-damage|p1a: Rotom|88\/100\n|-start|p1a: Rotom|Salt Cure\n|\n|-weather|Sandstorm|[upkeep]\n|-damage|p1a: Rotom|82\/100|[from] Sandstorm\n|-heal|p1a: Rotom|88\/100|[from] item: Leftovers\n|-damage|p1a: Rotom|63\/100|[from] Salt Cure\n|upkeep\n|turn|17\n|\n|t:|1699688797\n|move|p1a: Rotom|Pain Split|p2a: Garganacl\n|-sethp|p2a: Garganacl|57\/100|[from] move: Pain Split|[silent]\n|-sethp|p1a: Rotom|76\/100|[from] move: Pain Split\n|move|p2a: Garganacl|Recover|p2a: Garganacl\n|-heal|p2a: Garganacl|100\/100\n|\n|-weather|Sandstorm|[upkeep]\n|-damage|p1a: Rotom|70\/100|[from] Sandstorm\n|-heal|p1a: Rotom|76\/100|[from] item: Leftovers\n|-damage|p1a: Rotom|51\/100|[from] Salt Cure\n|upkeep\n|turn|18\n|\n|t:|1699688803\n|move|p1a: Rotom|Pain Split|p2a: Garganacl\n|-sethp|p2a: Garganacl|70\/100|[from] move: Pain Split|[silent]\n|-sethp|p1a: Rotom|92\/100|[from] move: Pain Split\n|move|p2a: Garganacl|Iron Defense|p2a: Garganacl\n|-boost|p2a: Garganacl|def|2\n|\n|-weather|none\n|-heal|p1a: Rotom|99\/100|[from] item: Leftovers\n|-damage|p1a: Rotom|74\/100|[from] Salt Cure\n|upkeep\n|turn|19\n|\n|t:|1699688809\n|move|p1a: Rotom|Pain Split|p2a: Garganacl\n|-sethp|p2a: Garganacl|62\/100|[from] move: Pain Split|[silent]\n|-sethp|p1a: Rotom|83\/100|[from] move: Pain Split\n|move|p2a: Garganacl|Body Press|p1a: Rotom\n|-damage|p1a: Rotom|49\/100\n|\n|-heal|p1a: Rotom|55\/100|[from] item: Leftovers\n|-damage|p1a: Rotom|30\/100|[from] Salt Cure\n|upkeep\n|turn|20\n|\n|t:|1699688813\n|move|p1a: Rotom|Pain Split|p2a: Garganacl\n|-sethp|p2a: Garganacl|43\/100|[from] move: Pain Split|[silent]\n|-sethp|p1a: Rotom|56\/100|[from] move: Pain Split\n|move|p2a: Garganacl|Recover|p2a: Garganacl\n|-heal|p2a: Garganacl|93\/100\n|\n|-heal|p1a: Rotom|63\/100|[from] item: Leftovers\n|-damage|p1a: Rotom|38\/100|[from] Salt Cure\n|upkeep\n|turn|21\n|\n|t:|1699688817\n|move|p1a: Rotom|Pain Split|p2a: Garganacl\n|-sethp|p2a: Garganacl|60\/100|[from] move: Pain Split|[silent]\n|-sethp|p1a: Rotom|80\/100|[from] move: Pain Split\n|move|p2a: Garganacl|Body Press|p1a: Rotom\n|-damage|p1a: Rotom|47\/100\n|\n|-heal|p1a: Rotom|53\/100|[from] item: Leftovers\n|-damage|p1a: Rotom|28\/100|[from] Salt Cure\n|upkeep\n|turn|22\n|\n|t:|1699688820\n|move|p1a: Rotom|Pain Split|p2a: Garganacl\n|-sethp|p2a: Garganacl|41\/100|[from] move: Pain Split|[silent]\n|-sethp|p1a: Rotom|54\/100|[from] move: Pain Split\n|move|p2a: Garganacl|Body Press|p1a: Rotom\n|-damage|p1a: Rotom|18\/100\n|\n|-heal|p1a: Rotom|25\/100|[from] item: Leftovers\n|-damage|p1a: Rotom|0 fnt|[from] Salt Cure\n|faint|p1a: Rotom\n|upkeep\n|\n|t:|1699688827\n|switch|p1a: Dondozo|Dondozo, M, tera:Dragon|94\/100\n|turn|23\n|\n|t:|1699688832\n|-terastallize|p2a: Garganacl|Ghost\n|move|p2a: Garganacl|Recover|p2a: Garganacl\n|-heal|p2a: Garganacl|91\/100\n|move|p1a: Dondozo|Curse|p1a: Dondozo\n|-unboost|p1a: Dondozo|spe|1\n|-boost|p1a: Dondozo|atk|1\n|-boost|p1a: Dondozo|def|1\n|\n|-heal|p1a: Dondozo|99\/100|[from] item: Leftovers\n|upkeep\n|turn|24\n|\n|t:|1699688843\n|move|p2a: Garganacl|Salt Cure|p1a: Dondozo\n|-damage|p1a: Dondozo|96\/100\n|-start|p1a: Dondozo|Salt Cure\n|move|p1a: Dondozo|Curse|p1a: Dondozo\n|-unboost|p1a: Dondozo|spe|1\n|-boost|p1a: Dondozo|atk|1\n|-boost|p1a: Dondozo|def|1\n|\n|-heal|p1a: Dondozo|100\/100|[from] item: Leftovers\n|-damage|p1a: Dondozo|88\/100|[from] Salt Cure\n|upkeep\n|turn|25\n|\n|t:|1699688852\n|switch|p2a: Aggron|Aggron-Mega, M|61\/100\n|move|p1a: Dondozo|Curse|p1a: Dondozo\n|-unboost|p1a: Dondozo|spe|1\n|-boost|p1a: Dondozo|atk|1\n|-boost|p1a: Dondozo|def|1\n|\n|-heal|p1a: Dondozo|94\/100|[from] item: Leftovers\n|-damage|p1a: Dondozo|82\/100|[from] Salt Cure\n|upkeep\n|turn|26\n|\n|t:|1699688855\n|move|p2a: Aggron|Iron Defense|p2a: Aggron\n|-boost|p2a: Aggron|def|2\n|move|p1a: Dondozo|Liquidation|p2a: Aggron\n|-damage|p2a: Aggron|32\/100\n|\n|-heal|p1a: Dondozo|88\/100|[from] item: Leftovers\n|-damage|p1a: Dondozo|75\/100|[from] Salt Cure\n|upkeep\n|turn|27\n|\n|t:|1699688858\n|move|p2a: Aggron|Rest|p2a: Aggron\n|-status|p2a: Aggron|slp|[from] move: Rest\n|-heal|p2a: Aggron|100\/100 slp|[silent]\n|move|p1a: Dondozo|Liquidation|p2a: Aggron\n|-damage|p2a: Aggron|73\/100 slp\n|\n|-heal|p1a: Dondozo|81\/100|[from] item: Leftovers\n|-damage|p1a: Dondozo|69\/100|[from] Salt Cure\n|upkeep\n|turn|28\n|\n|t:|1699688880\n|cant|p2a: Aggron|slp\n|move|p2a: Aggron|Sleep Talk|p2a: Aggron\n|move|p2a: Aggron|Rest||[from]move: Sleep Talk|[still]\n|-fail|p2a: Aggron\n|move|p1a: Dondozo|Curse|p1a: Dondozo\n|-unboost|p1a: Dondozo|spe|1\n|-boost|p1a: Dondozo|atk|1\n|-boost|p1a: Dondozo|def|1\n|\n|-heal|p1a: Dondozo|75\/100|[from] item: Leftovers\n|-damage|p1a: Dondozo|63\/100|[from] Salt Cure\n|upkeep\n|turn|29\n|\n|t:|1699688894\n|switch|p2a: Cradily|Cradily, F|100\/100\n|move|p1a: Dondozo|Curse|p1a: Dondozo\n|-unboost|p1a: Dondozo|spe|1\n|-boost|p1a: Dondozo|atk|1\n|-boost|p1a: Dondozo|def|1\n|\n|-heal|p1a: Dondozo|69\/100|[from] item: Leftovers\n|-damage|p1a: Dondozo|56\/100|[from] Salt Cure\n|upkeep\n|turn|30\n|inactive|The power of ROCK has 270 seconds left.\n|\n|t:|1699688917\n|move|p2a: Cradily|Infestation|p1a: Dondozo\n|-damage|p1a: Dondozo|53\/100\n|-activate|p1a: Dondozo|move: Infestation|[of] p2a: Cradily\n|move|p1a: Dondozo|Rest|p1a: Dondozo\n|-status|p1a: Dondozo|slp|[from] move: Rest\n|-heal|p1a: Dondozo|100\/100 slp|[silent]\n|\n|-damage|p1a: Dondozo|84\/100 slp|[from] move: Infestation|[partiallytrapped]\n|-damage|p1a: Dondozo|71\/100 slp|[from] Salt Cure\n|upkeep\n|turn|31\n|inactive|chuntaro-kun has 270 seconds left.\n|c|\u2606chuntaro-kun|what with my status\n|c|\u2606chuntaro-kun|....\n|\n|t:|1699688972\n|move|p2a: Cradily|Leech Seed|p1a: Dondozo\n|-start|p1a: Dondozo|move: Leech Seed\n|cant|p1a: Dondozo|slp\n|move|p1a: Dondozo|Sleep Talk|p1a: Dondozo\n|move|p1a: Dondozo|Liquidation|p2a: Cradily|[from]move: Sleep Talk\n|-ability|p2a: Cradily|Storm Drain|boost\n|-boost|p2a: Cradily|spa|1\n|\n|-heal|p1a: Dondozo|77\/100 slp|[from] item: Leftovers\n|-damage|p1a: Dondozo|65\/100 slp|[from] Leech Seed|[of] p2a: Cradily\n|-damage|p1a: Dondozo|48\/100 slp|[from] move: Infestation|[partiallytrapped]\n|-damage|p1a: Dondozo|36\/100 slp|[from] Salt Cure\n|upkeep\n|turn|32\n|c|\u2606chuntaro-kun|goodness gracious\n|c|\u2606chuntaro-kun|hahahhaa\n|c|\u2606The power of ROCK|lol\n|inactive|The power of ROCK has 270 seconds left.\n|\n|t:|1699688996\n|move|p2a: Cradily|Infestation|p1a: Dondozo\n|-damage|p1a: Dondozo|32\/100 slp\n|cant|p1a: Dondozo|slp\n|move|p1a: Dondozo|Sleep Talk|p1a: Dondozo\n|move|p1a: Dondozo|Curse|p1a: Dondozo|[from]move: Sleep Talk\n|-unboost|p1a: Dondozo|spe|1\n|-boost|p1a: Dondozo|atk|1\n|-boost|p1a: Dondozo|def|1\n|\n|-heal|p1a: Dondozo|38\/100 slp|[from] item: Leftovers\n|-damage|p1a: Dondozo|26\/100 slp|[from] Leech Seed|[of] p2a: Cradily\n|-damage|p1a: Dondozo|13\/100 slp|[from] Salt Cure\n|-damage|p1a: Dondozo|0 fnt|[from] move: Infestation|[partiallytrapped]\n|faint|p1a: Dondozo\n|upkeep\n|c|\u2606chuntaro-kun|hahah gg wp\n|inactive|chuntaro-kun has 240 seconds left.\n|c|\u2606chuntaro-kun|ill lose\n|c|\u2606The power of ROCK|gg  : )\n|c|\u2606chuntaro-kun|how do i forferit ??\n|-message|chuntaro-kun forfeited.\n|\n|win|The power of ROCK\n|c|\u2606chuntaro-kun|oh\n|c|\u2606The power of ROCK|xD\n|c|\u2606chuntaro-kun|lol\n|c|\u2606chuntaro-kun|ahahhahahaa\n|c|\u2606chuntaro-kun|figures\n|c|\u2606chuntaro-kun|just wirte\n|c|\u2606The power of ROCK|ye\n|c|\u2606chuntaro-kun|lol\n","uploadtime":1699689040,"views":4,"p1id":"chuntarokun","p2id":"thepowerofrock","formatid":"gen9nationaldex","rating":0,"private":0,"password":""}