{"id":"gen9nationaldex-1991302133","p1":"Void07","p2":"MoraKun","format":"[Gen 9] National Dex","log":"|j|\u2606Void07\n|j|\u2606MoraKun\n|t:|1700065731\n|gametype|singles\n|player|p1|Void07|red|1316\n|player|p2|MoraKun|n|1254\n|teamsize|p1|6\n|teamsize|p2|6\n|gen|9\n|tier|[Gen 9] National Dex\n|rated|\n|rule|HP Percentage Mod: HP is shown in percentages\n|rule|Endless Battle Clause: Forcing endless battles is banned\n|rule|OHKO Clause: OHKO moves are banned\n|rule|Evasion Clause: Evasion abilities, items, and moves are banned\n|rule|Evasion Abilities Clause: Evasion abilities are banned\n|rule|Evasion Items Clause: Evasion items are banned\n|rule|Evasion Moves Clause: Evasion moves are banned\n|rule|Species Clause: Limit one of each Pok\u00e9mon\n|rule|Sleep Clause Mod: Limit one foe put to sleep\n|clearpoke\n|poke|p1|Serperior, M|\n|poke|p1|Bewear, F|\n|poke|p1|Gengar, M|\n|poke|p1|Charizard, M|\n|poke|p1|Kartana|\n|poke|p1|Garchomp, F|\n|poke|p2|Ceruledge, F|\n|poke|p2|Kommo-o, F|\n|poke|p2|Charizard, F|\n|poke|p2|Rillaboom, F|\n|poke|p2|Rotom-Wash|\n|poke|p2|Landorus-Therian, M|\n|teampreview\n|\n|t:|1700065751\n|start\n|switch|p1a: Serperior|Serperior, M|100\/100\n|switch|p2a: Grimita|Kommo-o, F, shiny|100\/100\n|turn|1\n|\n|t:|1700065758\n|move|p1a: Serperior|Leaf Storm|p2a: Grimita\n|-resisted|p2a: Grimita\n|-damage|p2a: Grimita|72\/100\n|-boost|p1a: Serperior|spa|2\n|-zpower|p2a: Grimita\n|move|p2a: Grimita|Clangorous Soulblaze|p1a: Serperior|[zeffect]\n|-damage|p1a: Serperior|26\/100\n|-boost|p2a: Grimita|atk|1\n|-boost|p2a: Grimita|def|1\n|-boost|p2a: Grimita|spa|1\n|-boost|p2a: Grimita|spd|1\n|-boost|p2a: Grimita|spe|1\n|\n|upkeep\n|turn|2\n|\n|t:|1700065783\n|move|p2a: Grimita|Drain Punch|p1a: Serperior\n|-damage|p1a: Serperior|0 fnt\n|-heal|p2a: Grimita|85\/100|[from] drain|[of] p1a: Serperior\n|faint|p1a: Serperior\n|\n|upkeep\n|\n|t:|1700065790\n|switch|p1a: Rafa|Gengar, M|100\/100\n|turn|3\n|\n|t:|1700065797\n|move|p2a: Grimita|Clanging Scales|p1a: Rafa\n|-damage|p1a: Rafa|3\/100\n|-unboost|p2a: Grimita|def|1\n|move|p1a: Rafa|Haze|p1a: Rafa\n|-clearallboost\n|\n|upkeep\n|turn|4\n|\n|t:|1700065809\n|move|p1a: Rafa|Toxic|p2a: Grimita\n|-status|p2a: Grimita|tox\n|move|p2a: Grimita|Iron Head|p1a: Rafa\n|-damage|p1a: Rafa|0 fnt\n|faint|p1a: Rafa\n|\n|-damage|p2a: Grimita|79\/100 tox|[from] psn\n|upkeep\n|\n|t:|1700065812\n|switch|p1a: Champeon|Garchomp, F|100\/100\n|turn|5\n|\n|t:|1700065833\n|switch|p2a: Lavamesta|Rotom-Wash|100\/100\n|move|p1a: Champeon|Swords Dance|p1a: Champeon\n|-boost|p1a: Champeon|atk|2\n|\n|upkeep\n|turn|6\n|\n|t:|1700065841\n|move|p1a: Champeon|Swords Dance|p1a: Champeon\n|-boost|p1a: Champeon|atk|2\n|move|p2a: Lavamesta|Will-O-Wisp|p1a: Champeon\n|-status|p1a: Champeon|brn\n|\n|-damage|p1a: Champeon|94\/100 brn|[from] brn\n|upkeep\n|turn|7\n|\n|t:|1700065850\n|move|p1a: Champeon|Dual Chop|p2a: Lavamesta\n|-damage|p2a: Lavamesta|78\/100\n|-crit|p2a: Lavamesta\n|-damage|p2a: Lavamesta|40\/100\n|-hitcount|p2a: Lavamesta|2\n|move|p2a: Lavamesta|Hydro Pump|p1a: Champeon\n|-damage|p1a: Champeon|53\/100 brn\n|\n|-heal|p1a: Champeon|59\/100 brn|[from] item: Leftovers\n|-heal|p2a: Lavamesta|47\/100|[from] item: Leftovers\n|-damage|p1a: Champeon|53\/100 brn|[from] brn\n|upkeep\n|turn|8\n|\n|t:|1700065882\n|move|p1a: Champeon|Dual Chop|p2a: Lavamesta\n|-damage|p2a: Lavamesta|21\/100\n|-damage|p2a: Lavamesta|0 fnt\n|faint|p2a: Lavamesta\n|-hitcount|p2: Lavamesta|2\n|\n|-heal|p1a: Champeon|59\/100 brn|[from] item: Leftovers\n|-damage|p1a: Champeon|53\/100 brn|[from] brn\n|upkeep\n|\n|t:|1700065892\n|switch|p2a: Girondrilla|Rillaboom, F, shiny|100\/100\n|-fieldstart|move: Grassy Terrain|[from] ability: Grassy Surge|[of] p2a: Girondrilla\n|turn|9\n|\n|t:|1700065904\n|-terastallize|p2a: Girondrilla|Grass\n|move|p1a: Champeon|Iron Head|p2a: Girondrilla\n|-damage|p2a: Girondrilla|55\/100\n|move|p2a: Girondrilla|Drum Beating|p1a: Champeon\n|-damage|p1a: Champeon|0 fnt\n|faint|p1a: Champeon\n|\n|-heal|p2a: Girondrilla|61\/100|[from] Grassy Terrain\n|upkeep\n|\n|t:|1700065910\n|switch|p1a: Poncho|Charizard, M|100\/100\n|turn|10\n|\n|t:|1700065933\n|switch|p2a: Rumba|Landorus-Therian, M|100\/100\n|-ability|p2a: Rumba|Intimidate|boost\n|-unboost|p1a: Poncho|atk|1\n|detailschange|p1a: Poncho|Charizard-Mega-Y, M\n|-mega|p1a: Poncho|Charizard|Charizardite Y\n|-weather|SunnyDay|[from] ability: Drought|[of] p1a: Poncho\n|move|p1a: Poncho|Flamethrower|p2a: Rumba\n|-damage|p2a: Rumba|3\/100\n|\n|-weather|SunnyDay|[upkeep]\n|upkeep\n|turn|11\n|\n|t:|1700065946\n|move|p1a: Poncho|Quick Attack|p2a: Rumba\n|-damage|p2a: Rumba|0 fnt\n|faint|p2a: Rumba\n|\n|-weather|SunnyDay|[upkeep]\n|upkeep\n|\n|t:|1700065962\n|switch|p2a: Firiana|Charizard, F|100\/100\n|turn|12\n|\n|t:|1700065972\n|detailschange|p2a: Firiana|Charizard-Mega-Y, F\n|-mega|p2a: Firiana|Charizard|Charizardite Y\n|move|p2a: Firiana|Flamethrower|p1a: Poncho\n|-resisted|p1a: Poncho\n|-damage|p1a: Poncho|58\/100\n|move|p1a: Poncho|Flamethrower|p2a: Firiana\n|-resisted|p2a: Firiana\n|-damage|p2a: Firiana|59\/100\n|\n|-weather|SunnyDay|[upkeep]\n|upkeep\n|turn|13\n|\n|t:|1700065983\n|move|p1a: Poncho|Flamethrower|p2a: Firiana\n|-resisted|p2a: Firiana\n|-damage|p2a: Firiana|15\/100\n|move|p2a: Firiana|Flamethrower|p1a: Poncho\n|-resisted|p1a: Poncho\n|-damage|p1a: Poncho|19\/100\n|\n|-weather|SunnyDay|[upkeep]\n|-fieldend|move: Grassy Terrain\n|upkeep\n|turn|14\n|\n|t:|1700065996\n|switch|p2a: Ojitos|Ceruledge, F, shiny|100\/100\n|move|p1a: Poncho|Flamethrower|p2a: Ojitos\n|-resisted|p2a: Ojitos\n|-damage|p2a: Ojitos|50\/100\n|\n|-weather|none\n|upkeep\n|turn|15\n|\n|t:|1700066006\n|move|p2a: Ojitos|Shadow Sneak|p1a: Poncho\n|-damage|p1a: Poncho|0 fnt\n|faint|p1a: Poncho\n|\n|upkeep\n|\n|t:|1700066010\n|switch|p1a: Cortana|Kartana, shiny|100\/100\n|turn|16\n|\n|t:|1700066020\n|move|p1a: Cortana|Psycho Cut|p2a: Ojitos\n|-damage|p2a: Ojitos|4\/100\n|-ability|p2a: Ojitos|Weak Armor|boost\n|-unboost|p2a: Ojitos|def|1\n|-boost|p2a: Ojitos|spe|2\n|move|p2a: Ojitos|Bitter Blade|p1a: Cortana\n|-supereffective|p1a: Cortana\n|-damage|p1a: Cortana|0 fnt\n|-heal|p2a: Ojitos|49\/100|[from] drain|[of] p1a: Cortana\n|faint|p1a: Cortana\n|\n|upkeep\n|\n|t:|1700066023\n|switch|p1a: YaYa|Bewear, F|100\/100\n|turn|17\n|\n|t:|1700066036\n|-terastallize|p1a: YaYa|Fairy\n|move|p2a: Ojitos|Bitter Blade|p1a: YaYa\n|-damage|p1a: YaYa|51\/100\n|-heal|p2a: Ojitos|82\/100|[from] drain|[of] p1a: YaYa\n|move|p1a: YaYa|Darkest Lariat|p2a: Ojitos\n|-supereffective|p2a: Ojitos\n|-crit|p2a: Ojitos\n|-damage|p2a: Ojitos|0 fnt\n|faint|p2a: Ojitos\n|\n|-heal|p1a: YaYa|57\/100|[from] item: Leftovers\n|upkeep\n|\n|t:|1700066051\n|switch|p2a: Firiana|Charizard-Mega-Y, F|15\/100\n|-weather|SunnyDay|[from] ability: Drought|[of] p2a: Firiana\n|turn|18\n|\n|t:|1700066056\n|move|p2a: Firiana|Flamethrower|p1a: YaYa\n|-damage|p1a: YaYa|0 fnt\n|faint|p1a: YaYa\n|\n|win|MoraKun\n|raw|Void07's rating: 1316 &rarr; <strong>1292<\/strong><br \/>(-24 for losing)\n|raw|MoraKun's rating: 1254 &rarr; <strong>1283<\/strong><br \/>(+29 for winning)\n|l|\u2606Void07\n|c|\u2606MoraKun|Gg\n","uploadtime":1700066065,"views":4,"p1id":"void07","p2id":"morakun","formatid":"gen9nationaldex","rating":1283,"private":0,"password":""}