{"id":"gen9nationaldex-1992366733","p1":"Kam346","p2":"lef1144","format":"[Gen 9] National Dex","log":"|j|\u2606Kam346\n|j|\u2606lef1144\n|t:|1700179339\n|gametype|singles\n|player|p1|Kam346|red|\n|player|p2|lef1144|1|\n|teamsize|p1|6\n|teamsize|p2|6\n|gen|9\n|tier|[Gen 9] National Dex\n|rule|HP Percentage Mod: HP is shown in percentages\n|rule|Endless Battle Clause: Forcing endless battles is banned\n|rule|OHKO Clause: OHKO moves are banned\n|rule|Evasion Clause: Evasion abilities, items, and moves are banned\n|rule|Evasion Abilities Clause: Evasion abilities are banned\n|rule|Evasion Items Clause: Evasion items are banned\n|rule|Evasion Moves Clause: Evasion moves are banned\n|rule|Species Clause: Limit one of each Pok\u00e9mon\n|rule|Sleep Clause Mod: Limit one foe put to sleep\n|clearpoke\n|poke|p1|Blaziken, M|\n|poke|p1|Alcremie, F|\n|poke|p1|Appletun, F|\n|poke|p1|Vanilluxe, F|\n|poke|p1|Garganacl, F|\n|poke|p1|Gourgeist-*, M|\n|poke|p2|Sinistcha|\n|poke|p2|Oinkologne, M|\n|poke|p2|Toedscruel, F|\n|poke|p2|Dubwool, F|\n|poke|p2|Garganacl, F|\n|poke|p2|Tauros-Paldea-Aqua, M|\n|teampreview\n|\n|t:|1700179346\n|start\n|switch|p1a: Alcremie|Alcremie, F|100\/100\n|switch|p2a: Salty|Garganacl, F|100\/100\n|turn|1\n|\n|t:|1700179360\n|move|p1a: Alcremie|Calm Mind|p1a: Alcremie\n|-boost|p1a: Alcremie|spa|1\n|-boost|p1a: Alcremie|spd|1\n|move|p2a: Salty|Salt Cure|p1a: Alcremie\n|-damage|p1a: Alcremie|88\/100\n|-start|p1a: Alcremie|Salt Cure\n|\n|-damage|p1a: Alcremie|76\/100|[from] Salt Cure\n|upkeep\n|turn|2\n|\n|t:|1700179392\n|move|p1a: Alcremie|Dazzling Gleam|p2a: Salty\n|-damage|p2a: Salty|45\/100\n|-damage|p1a: Alcremie|66\/100|[from] item: Life Orb\n|move|p2a: Salty|Body Press|p1a: Alcremie\n|-resisted|p1a: Alcremie\n|-damage|p1a: Alcremie|53\/100\n|\n|-heal|p2a: Salty|51\/100|[from] item: Leftovers\n|-damage|p1a: Alcremie|40\/100|[from] Salt Cure\n|upkeep\n|turn|3\n|\n|t:|1700179406\n|move|p1a: Alcremie|Recover|p1a: Alcremie\n|-heal|p1a: Alcremie|90\/100\n|move|p2a: Salty|Recover|p2a: Salty\n|-heal|p2a: Salty|100\/100\n|\n|-damage|p1a: Alcremie|78\/100|[from] Salt Cure\n|upkeep\n|turn|4\n|\n|t:|1700179412\n|move|p1a: Alcremie|Dazzling Gleam|p2a: Salty\n|-damage|p2a: Salty|49\/100\n|-damage|p1a: Alcremie|68\/100|[from] item: Life Orb\n|move|p2a: Salty|Curse|p2a: Salty\n|-unboost|p2a: Salty|spe|1\n|-boost|p2a: Salty|atk|1\n|-boost|p2a: Salty|def|1\n|\n|-heal|p2a: Salty|55\/100|[from] item: Leftovers\n|-damage|p1a: Alcremie|56\/100|[from] Salt Cure\n|upkeep\n|turn|5\n|\n|t:|1700179436\n|move|p1a: Alcremie|Calm Mind|p1a: Alcremie\n|-boost|p1a: Alcremie|spa|1\n|-boost|p1a: Alcremie|spd|1\n|move|p2a: Salty|Body Press|p1a: Alcremie\n|-resisted|p1a: Alcremie\n|-damage|p1a: Alcremie|34\/100\n|\n|-heal|p2a: Salty|62\/100|[from] item: Leftovers\n|-damage|p1a: Alcremie|22\/100|[from] Salt Cure\n|upkeep\n|turn|6\n|\n|t:|1700179445\n|move|p1a: Alcremie|Dazzling Gleam|p2a: Salty\n|-damage|p2a: Salty|0 fnt\n|faint|p2a: Salty\n|-damage|p1a: Alcremie|12\/100|[from] item: Life Orb\n|\n|-damage|p1a: Alcremie|0 fnt|[from] Salt Cure\n|faint|p1a: Alcremie\n|upkeep\n|\n|t:|1700179461\n|switch|p1a: Gourgeist|Gourgeist-Super, M|100\/100\n|switch|p2a: Beef|Tauros-Paldea-Aqua, M|100\/100\n|-item|p2a: Beef|Aguav Berry|[from] ability: Frisk|[of] p1a: Gourgeist|[identify]\n|turn|7\n|\n|t:|1700179515\n|move|p2a: Beef|Earthquake|p1a: Gourgeist\n|-resisted|p1a: Gourgeist\n|-crit|p1a: Gourgeist\n|-damage|p1a: Gourgeist|82\/100\n|move|p1a: Gourgeist|Trick-or-Treat|p2a: Beef\n|-start|p2a: Beef|typeadd|Ghost|[from] move: Trick-or-Treat\n|\n|upkeep\n|turn|8\n|\n|t:|1700179572\n|move|p2a: Beef|Raging Bull|p1a: Gourgeist\n|-resisted|p1a: Gourgeist\n|-damage|p1a: Gourgeist|66\/100\n|move|p1a: Gourgeist|Poltergeist|p2a: Beef\n|-activate|p2a: Beef|move: Poltergeist|Aguav Berry\n|-supereffective|p2a: Beef\n|-damage|p2a: Beef|0 fnt\n|faint|p2a: Beef\n|\n|upkeep\n|\n|t:|1700179580\n|switch|p2a: Matcha|Sinistcha|100\/100\n|turn|9\n|\n|t:|1700179590\n|move|p1a: Gourgeist|Shadow Sneak|p2a: Matcha\n|-supereffective|p2a: Matcha\n|-damage|p2a: Matcha|59\/100\n|move|p2a: Matcha|Shadow Ball|p1a: Gourgeist\n|-supereffective|p1a: Gourgeist\n|-damage|p1a: Gourgeist|0 fnt\n|faint|p1a: Gourgeist\n|\n|upkeep\n|\n|t:|1700179606\n|switch|p1a: Vaniluxe|Vanilluxe, F|100\/100\n|-weather|Snow|[from] ability: Snow Warning|[of] p1a: Vaniluxe\n|turn|10\n|\n|t:|1700179637\n|move|p1a: Vaniluxe|Blizzard|p2a: Matcha\n|-supereffective|p2a: Matcha\n|-damage|p2a: Matcha|0 fnt\n|faint|p2a: Matcha\n|\n|-weather|Snow|[upkeep]\n|upkeep\n|\n|t:|1700179661\n|switch|p2a: Porkchop|Oinkologne, M|100\/100\n|turn|11\n|\n|t:|1700179670\n|move|p1a: Vaniluxe|Blizzard|p2a: Porkchop\n|-damage|p2a: Porkchop|57\/100\n|-status|p2a: Porkchop|frz\n|cant|p2a: Porkchop|frz\n|\n|-weather|Snow|[upkeep]\n|upkeep\n|turn|12\n|\n|t:|1700179681\n|move|p1a: Vaniluxe|Blizzard|p2a: Porkchop\n|-damage|p2a: Porkchop|18\/100 frz\n|-enditem|p2a: Porkchop|Liechi Berry|[eat]\n|-boost|p2a: Porkchop|atk|1|[from] item: Liechi Berry\n|cant|p2a: Porkchop|frz\n|\n|-weather|Snow|[upkeep]\n|upkeep\n|turn|13\n|\n|t:|1700179700\n|move|p1a: Vaniluxe|Blizzard|p2a: Porkchop\n|-damage|p2a: Porkchop|0 fnt\n|faint|p2a: Porkchop\n|\n|-weather|Snow|[upkeep]\n|upkeep\n|\n|t:|1700179705\n|switch|p2a: Lambchop|Dubwool, F|100\/100\n|turn|14\n|\n|t:|1700179712\n|move|p2a: Lambchop|Cotton Guard|p2a: Lambchop\n|-boost|p2a: Lambchop|def|3\n|move|p1a: Vaniluxe|Blizzard|p2a: Lambchop\n|-enditem|p2a: Lambchop|Focus Sash\n|-damage|p2a: Lambchop|1\/100\n|\n|-weather|none\n|upkeep\n|turn|15\n|\n|t:|1700179722\n|move|p2a: Lambchop|Body Press|p1a: Vaniluxe\n|-supereffective|p1a: Vaniluxe\n|-damage|p1a: Vaniluxe|0 fnt\n|faint|p1a: Vaniluxe\n|\n|upkeep\n|\n|t:|1700179729\n|switch|p1a: Appletun|Appletun, F|100\/100\n|turn|16\n|\n|t:|1700179752\n|move|p2a: Lambchop|Body Press|p1a: Appletun\n|-damage|p1a: Appletun|57\/100\n|move|p1a: Appletun|Apple Acid|p2a: Lambchop\n|-damage|p2a: Lambchop|0 fnt\n|faint|p2a: Lambchop\n|\n|-heal|p1a: Appletun|63\/100|[from] item: Leftovers\n|upkeep\n|\n|t:|1700179760\n|switch|p2a: Shroom|Toedscruel, F|100\/100\n|turn|17\n|\n|t:|1700179777\n|move|p2a: Shroom|Sludge Bomb|p1a: Appletun\n|-supereffective|p1a: Appletun\n|-damage|p1a: Appletun|34\/100\n|-status|p1a: Appletun|psn\n|move|p1a: Appletun|Dragon Pulse|p2a: Shroom\n|-damage|p2a: Shroom|71\/100\n|\n|-heal|p1a: Appletun|40\/100 psn|[from] item: Leftovers\n|-damage|p1a: Appletun|27\/100 psn|[from] psn\n|upkeep\n|turn|18\n|\n|t:|1700179793\n|move|p2a: Shroom|Sludge Bomb|p1a: Appletun\n|-supereffective|p1a: Appletun\n|-damage|p1a: Appletun|0 fnt\n|faint|p1a: Appletun\n|\n|upkeep\n|\n|t:|1700179799\n|switch|p1a: Blaziken|Blaziken, M|100\/100\n|turn|19\n|\n|t:|1700179815\n|-terastallize|p2a: Shroom|Ground\n|move|p2a: Shroom|Earth Power|p1a: Blaziken\n|-supereffective|p1a: Blaziken\n|-damage|p1a: Blaziken|0 fnt\n|faint|p1a: Blaziken\n|\n|upkeep\n|\n|t:|1700179821\n|switch|p1a: Garganacl|Garganacl, F|100\/100\n|turn|20\n|\n|t:|1700179838\n|move|p1a: Garganacl|Body Press|p2a: Shroom\n|-damage|p2a: Shroom|35\/100\n|-damage|p1a: Garganacl|84\/100|[from] item: Rocky Helmet|[of] p2a: Shroom\n|move|p2a: Shroom|Spore|p1a: Garganacl\n|-status|p1a: Garganacl|slp|[from] move: Spore\n|\n|-heal|p1a: Garganacl|90\/100 slp|[from] item: Leftovers\n|upkeep\n|turn|21\n|\n|t:|1700179851\n|move|p2a: Shroom|Earth Power|p1a: Garganacl\n|-supereffective|p1a: Garganacl\n|-damage|p1a: Garganacl|30\/100 slp\n|cant|p1a: Garganacl|slp\n|\n|-heal|p1a: Garganacl|36\/100 slp|[from] item: Leftovers\n|upkeep\n|turn|22\n|\n|t:|1700179858\n|move|p2a: Shroom|Earth Power|p1a: Garganacl\n|-supereffective|p1a: Garganacl\n|-damage|p1a: Garganacl|0 fnt\n|faint|p1a: Garganacl\n|\n|win|lef1144\n","uploadtime":1700179874,"views":4,"p1id":"kam346","p2id":"lef1144","formatid":"gen9nationaldex","rating":0,"private":0,"password":""}