{"id":"gen9nationaldex-1988077077","p1":"MMQZA6","p2":"bunniiiiiis","format":"[Gen 9] National Dex","log":"|j|\u2606MMQZA6\n|j|\u2606bunniiiiiis\n|t:|1699666705\n|gametype|singles\n|player|p1|MMQZA6|1|1365\n|player|p2|bunniiiiiis|lady|1299\n|teamsize|p1|6\n|teamsize|p2|6\n|gen|9\n|tier|[Gen 9] National Dex\n|rated|\n|rule|HP Percentage Mod: HP is shown in percentages\n|rule|Endless Battle Clause: Forcing endless battles is banned\n|rule|OHKO Clause: OHKO moves are banned\n|rule|Evasion Clause: Evasion abilities, items, and moves are banned\n|rule|Evasion Abilities Clause: Evasion abilities are banned\n|rule|Evasion Items Clause: Evasion items are banned\n|rule|Evasion Moves Clause: Evasion moves are banned\n|rule|Species Clause: Limit one of each Pok\u00e9mon\n|rule|Sleep Clause Mod: Limit one foe put to sleep\n|clearpoke\n|poke|p1|Ting-Lu|\n|poke|p1|Greninja-*, M|\n|poke|p1|Hoopa-Unbound|\n|poke|p1|Lokix, F|\n|poke|p1|Sableye, M|\n|poke|p1|Hydreigon, F|\n|poke|p2|Alomomola, M|\n|poke|p2|Clefable, F|\n|poke|p2|Lopunny, M|\n|poke|p2|Garganacl, F|\n|poke|p2|Ferrothorn, M|\n|poke|p2|Dragonite, F|\n|teampreview\n|\n|t:|1699666728\n|start\n|switch|p1a: Sableye|Sableye, M|100\/100\n|switch|p2a: Ferrothorn|Ferrothorn, M|100\/100\n|turn|1\n|\n|t:|1699666743\n|move|p1a: Sableye|Thunder Wave|p2a: Ferrothorn\n|-status|p2a: Ferrothorn|par\n|move|p2a: Ferrothorn|Gyro Ball|p1a: Sableye\n|-damage|p1a: Sableye|56\/100\n|\n|upkeep\n|turn|2\n|\n|t:|1699666750\n|move|p1a: Sableye|Recover|p1a: Sableye\n|-heal|p1a: Sableye|100\/100\n|move|p2a: Ferrothorn|Leech Seed|p1a: Sableye\n|-start|p1a: Sableye|move: Leech Seed\n|\n|-damage|p1a: Sableye|88\/100|[from] Leech Seed|[of] p2a: Ferrothorn\n|upkeep\n|turn|3\n|\n|t:|1699666759\n|switch|p2a: Clefable|Clefable, F|100\/100\n|move|p1a: Sableye|Encore||[still]\n|-fail|p1a: Sableye\n|\n|-damage|p1a: Sableye|76\/100|[from] Leech Seed|[of] p2a: Clefable\n|upkeep\n|turn|4\n|\n|t:|1699666770\n|switch|p1a: Ting-Lu|Ting-Lu|100\/100\n|-ability|p1a: Ting-Lu|Vessel of Ruin\n|move|p2a: Clefable|Cosmic Power|p2a: Clefable\n|-boost|p2a: Clefable|def|1\n|-boost|p2a: Clefable|spd|1\n|\n|upkeep\n|turn|5\n|\n|t:|1699666777\n|move|p2a: Clefable|Moonblast|p1a: Ting-Lu\n|-supereffective|p1a: Ting-Lu\n|-damage|p1a: Ting-Lu|64\/100\n|-unboost|p1a: Ting-Lu|spa|1\n|move|p1a: Ting-Lu|Stealth Rock|p2a: Clefable\n|-sidestart|p2: bunniiiiiis|move: Stealth Rock\n|\n|-heal|p1a: Ting-Lu|71\/100|[from] item: Leftovers\n|upkeep\n|turn|6\n|\n|t:|1699666784\n|move|p2a: Clefable|Cosmic Power|p2a: Clefable\n|-boost|p2a: Clefable|def|1\n|-boost|p2a: Clefable|spd|1\n|move|p1a: Ting-Lu|Whirlwind|p2a: Clefable\n|drag|p2a: Alomomola|Alomomola, M|100\/100\n|-damage|p2a: Alomomola|88\/100|[from] Stealth Rock\n|\n|-heal|p1a: Ting-Lu|77\/100|[from] item: Leftovers\n|upkeep\n|turn|7\n|\n|t:|1699666804\n|-terastallize|p1a: Ting-Lu|Poison\n|move|p2a: Alomomola|Toxic|p1a: Ting-Lu\n|-immune|p1a: Ting-Lu\n|move|p1a: Ting-Lu|Whirlwind|p2a: Alomomola\n|drag|p2a: Dragonite|Dragonite, F|100\/100\n|\n|-heal|p1a: Ting-Lu|83\/100|[from] item: Leftovers\n|upkeep\n|turn|8\n|\n|t:|1699666814\n|move|p2a: Dragonite|Earthquake|p1a: Ting-Lu\n|-supereffective|p1a: Ting-Lu\n|-damage|p1a: Ting-Lu|39\/100\n|move|p1a: Ting-Lu|Ruination|p2a: Dragonite\n|-damage|p2a: Dragonite|51\/100\n|\n|-heal|p1a: Ting-Lu|45\/100|[from] item: Leftovers\n|upkeep\n|turn|9\n|\n|t:|1699666821\n|switch|p1a: Hydreigon|Hydreigon, F|100\/100\n|move|p2a: Dragonite|Earthquake|p1a: Hydreigon\n|-immune|p1a: Hydreigon|[from] ability: Levitate\n|\n|upkeep\n|turn|10\n|\n|t:|1699666838\n|-terastallize|p2a: Dragonite|Normal\n|move|p1a: Hydreigon|Draco Meteor|p2a: Dragonite|[miss]\n|-miss|p1a: Hydreigon|p2a: Dragonite\n|move|p2a: Dragonite|Roost|p2a: Dragonite\n|-heal|p2a: Dragonite|100\/100\n|\n|upkeep\n|turn|11\n|\n|t:|1699666848\n|switch|p1a: Sableye|Sableye, M|76\/100\n|move|p2a: Dragonite|Dragon Dance|p2a: Dragonite\n|-boost|p2a: Dragonite|atk|1\n|-boost|p2a: Dragonite|spe|1\n|\n|upkeep\n|turn|12\n|\n|t:|1699666852\n|move|p1a: Sableye|Encore|p2a: Dragonite\n|-start|p2a: Dragonite|Encore\n|move|p2a: Dragonite|Dragon Dance|p2a: Dragonite\n|-boost|p2a: Dragonite|atk|1\n|-boost|p2a: Dragonite|spe|1\n|\n|upkeep\n|turn|13\n|\n|t:|1699666857\n|switch|p2a: Ferrothorn|Ferrothorn, M|100\/100 par\n|-damage|p2a: Ferrothorn|94\/100 par|[from] Stealth Rock\n|move|p1a: Sableye|Thunder Wave|p2a: Ferrothorn|[miss]\n|-miss|p1a: Sableye|p2a: Ferrothorn\n|\n|-heal|p2a: Ferrothorn|100\/100 par|[from] item: Leftovers\n|upkeep\n|turn|14\n|\n|t:|1699666870\n|move|p1a: Sableye|Knock Off|p2a: Ferrothorn\n|-damage|p2a: Ferrothorn|82\/100 par\n|-damage|p1a: Sableye|64\/100|[from] ability: Iron Barbs|[of] p2a: Ferrothorn\n|-enditem|p2a: Ferrothorn|Leftovers|[from] move: Knock Off|[of] p1a: Sableye\n|move|p2a: Ferrothorn|Leech Seed|p1a: Sableye\n|-start|p1a: Sableye|move: Leech Seed\n|\n|-damage|p1a: Sableye|52\/100|[from] Leech Seed|[of] p2a: Ferrothorn\n|-heal|p2a: Ferrothorn|93\/100 par|[silent]\n|upkeep\n|turn|15\n|\n|t:|1699666881\n|move|p1a: Sableye|Recover|p1a: Sableye\n|-heal|p1a: Sableye|100\/100\n|move|p2a: Ferrothorn|Power Whip|p1a: Sableye\n|-damage|p1a: Sableye|60\/100\n|\n|-damage|p1a: Sableye|48\/100|[from] Leech Seed|[of] p2a: Ferrothorn\n|-heal|p2a: Ferrothorn|100\/100 par|[silent]\n|upkeep\n|turn|16\n|\n|t:|1699666888\n|move|p1a: Sableye|Recover|p1a: Sableye\n|-heal|p1a: Sableye|98\/100\n|move|p2a: Ferrothorn|Gyro Ball|p1a: Sableye\n|-damage|p1a: Sableye|46\/100\n|\n|-damage|p1a: Sableye|34\/100|[from] Leech Seed|[of] p2a: Ferrothorn\n|upkeep\n|turn|17\n|\n|t:|1699666894\n|move|p1a: Sableye|Recover|p1a: Sableye\n|-heal|p1a: Sableye|84\/100\n|cant|p2a: Ferrothorn|par\n|\n|-damage|p1a: Sableye|72\/100|[from] Leech Seed|[of] p2a: Ferrothorn\n|upkeep\n|turn|18\n|\n|t:|1699666904\n|switch|p1a: Ting-Lu|Ting-Lu, tera:Poison|45\/100\n|-ability|p1a: Ting-Lu|Vessel of Ruin\n|move|p2a: Ferrothorn|Gyro Ball|p1a: Ting-Lu\n|-damage|p1a: Ting-Lu|21\/100\n|\n|-heal|p1a: Ting-Lu|27\/100|[from] item: Leftovers\n|upkeep\n|turn|19\n|\n|t:|1699666911\n|move|p1a: Ting-Lu|Ruination|p2a: Ferrothorn\n|-damage|p2a: Ferrothorn|50\/100 par\n|move|p2a: Ferrothorn|Leech Seed|p1a: Ting-Lu\n|-start|p1a: Ting-Lu|move: Leech Seed\n|\n|-heal|p1a: Ting-Lu|33\/100|[from] item: Leftovers\n|-damage|p1a: Ting-Lu|21\/100|[from] Leech Seed|[of] p2a: Ferrothorn\n|-heal|p2a: Ferrothorn|69\/100 par|[silent]\n|upkeep\n|turn|20\n|\n|t:|1699666925\n|move|p1a: Ting-Lu|Ruination|p2a: Ferrothorn\n|-damage|p2a: Ferrothorn|35\/100 par\n|move|p2a: Ferrothorn|Gyro Ball|p1a: Ting-Lu\n|-damage|p1a: Ting-Lu|0 fnt\n|faint|p1a: Ting-Lu\n|\n|upkeep\n|l|\u2606MMQZA6\n|player|p1|\n|j|\u2606MMQZA6\n|player|p1|MMQZA6|1\n|\n|t:|1699666954\n|switch|p1a: Greninja|Greninja, M|100\/100\n|turn|21\n|\n|t:|1699666959\n|switch|p2a: Alomomola|Alomomola, M|100\/100\n|-damage|p2a: Alomomola|88\/100|[from] Stealth Rock\n|move|p1a: Greninja|Dark Pulse|p2a: Alomomola\n|-damage|p2a: Alomomola|34\/100\n|-damage|p1a: Greninja|91\/100|[from] item: Life Orb\n|\n|upkeep\n|turn|22\n|\n|t:|1699666969\n|move|p2a: Alomomola|Protect|p2a: Alomomola\n|-singleturn|p2a: Alomomola|Protect\n|move|p1a: Greninja|Dark Pulse|p2a: Alomomola\n|-activate|p2a: Alomomola|move: Protect\n|\n|upkeep\n|turn|23\n|\n|t:|1699666982\n|switch|p2a: Ferrothorn|Ferrothorn, M|35\/100 par\n|-damage|p2a: Ferrothorn|28\/100 par|[from] Stealth Rock\n|move|p1a: Greninja|Surf|p2a: Ferrothorn\n|-resisted|p2a: Ferrothorn\n|-damage|p2a: Ferrothorn|11\/100 par\n|-damage|p1a: Greninja|81\/100|[from] item: Life Orb\n|\n|upkeep\n|turn|24\n|\n|t:|1699666986\n|move|p2a: Ferrothorn|Protect|p2a: Ferrothorn\n|-singleturn|p2a: Ferrothorn|Protect\n|move|p1a: Greninja|Dark Pulse|p2a: Ferrothorn\n|-activate|p2a: Ferrothorn|move: Protect\n|\n|upkeep\n|turn|25\n|\n|t:|1699666996\n|move|p1a: Greninja|Dark Pulse|p2a: Ferrothorn\n|-damage|p2a: Ferrothorn|0 fnt\n|faint|p2a: Ferrothorn\n|-ability|p1a: Greninja|Battle Bond|boost\n|-boost|p1a: Greninja|atk|1\n|-boost|p1a: Greninja|spa|1\n|-boost|p1a: Greninja|spe|1\n|-activate|p1a: Greninja|ability: Battle Bond\n|-damage|p1a: Greninja|71\/100|[from] item: Life Orb\n|\n|upkeep\n|\n|t:|1699667002\n|switch|p2a: Garganacl|Garganacl, F|100\/100\n|-damage|p2a: Garganacl|88\/100|[from] Stealth Rock\n|turn|26\n|\n|t:|1699667006\n|move|p1a: Greninja|Surf|p2a: Garganacl\n|-supereffective|p2a: Garganacl\n|-damage|p2a: Garganacl|0 fnt\n|faint|p2a: Garganacl\n|-damage|p1a: Greninja|61\/100|[from] item: Life Orb\n|\n|upkeep\n|\n|t:|1699667013\n|switch|p2a: Clefable|Clefable, F|100\/100\n|turn|27\n|\n|t:|1699667016\n|move|p1a: Greninja|Surf|p2a: Clefable\n|-damage|p2a: Clefable|30\/100\n|-damage|p1a: Greninja|51\/100|[from] item: Life Orb\n|move|p2a: Clefable|Cosmic Power|p2a: Clefable\n|-boost|p2a: Clefable|def|1\n|-boost|p2a: Clefable|spd|1\n|\n|-heal|p2a: Clefable|36\/100|[from] item: Leftovers\n|upkeep\n|turn|28\n|\n|t:|1699667027\n|switch|p2a: Alomomola|Alomomola, M|67\/100\n|-damage|p2a: Alomomola|55\/100|[from] Stealth Rock\n|move|p1a: Greninja|Surf|p2a: Alomomola\n|-resisted|p2a: Alomomola\n|-crit|p2a: Alomomola\n|-damage|p2a: Alomomola|0 fnt\n|faint|p2a: Alomomola\n|-damage|p1a: Greninja|42\/100|[from] item: Life Orb\n|\n|upkeep\n|\n|t:|1699667031\n|switch|p2a: Lopunny|Lopunny, M, shiny|100\/100\n|-damage|p2a: Lopunny|88\/100|[from] Stealth Rock\n|turn|29\n|\n|t:|1699667038\n|detailschange|p2a: Lopunny|Lopunny-Mega, M, shiny\n|-mega|p2a: Lopunny|Lopunny|Lopunnite\n|move|p2a: Lopunny|Fake Out|p1a: Greninja\n|-damage|p1a: Greninja|8\/100\n|cant|p1a: Greninja|flinch\n|\n|upkeep\n|turn|30\n|\n|t:|1699667046\n|switch|p2a: Clefable|Clefable, F|36\/100\n|move|p1a: Greninja|Surf|p2a: Clefable\n|-damage|p2a: Clefable|0 fnt\n|faint|p2a: Clefable\n|-damage|p1a: Greninja|0 fnt|[from] item: Life Orb\n|faint|p1a: Greninja\n|\n|upkeep\n|\n|t:|1699667052\n|switch|p1a: Sableye|Sableye, M|72\/100\n|switch|p2a: Dragonite|Dragonite, F, tera:Normal|100\/100\n|turn|31\n|\n|t:|1699667056\n|move|p1a: Sableye|Thunder Wave|p2a: Dragonite\n|-status|p2a: Dragonite|par\n|move|p2a: Dragonite|Earthquake|p1a: Sableye\n|-damage|p1a: Sableye|32\/100\n|\n|upkeep\n|turn|32\n|\n|t:|1699667061\n|move|p1a: Sableye|Recover|p1a: Sableye\n|-heal|p1a: Sableye|82\/100\n|move|p2a: Dragonite|Dragon Dance|p2a: Dragonite\n|-boost|p2a: Dragonite|atk|1\n|-boost|p2a: Dragonite|spe|1\n|\n|upkeep\n|turn|33\n|\n|t:|1699667066\n|move|p1a: Sableye|Encore|p2a: Dragonite\n|-start|p2a: Dragonite|Encore\n|move|p2a: Dragonite|Dragon Dance|p2a: Dragonite\n|-boost|p2a: Dragonite|atk|1\n|-boost|p2a: Dragonite|spe|1\n|\n|upkeep\n|turn|34\n|\n|t:|1699667068\n|move|p2a: Dragonite|Dragon Dance|p2a: Dragonite\n|-boost|p2a: Dragonite|atk|1\n|-boost|p2a: Dragonite|spe|1\n|move|p1a: Sableye|Knock Off|p2a: Dragonite\n|-damage|p2a: Dragonite|87\/100 par\n|-enditem|p2a: Dragonite|Heavy-Duty Boots|[from] move: Knock Off|[of] p1a: Sableye\n|\n|upkeep\n|turn|35\n|\n|t:|1699667072\n|cant|p2a: Dragonite|par\n|move|p1a: Sableye|Knock Off|p2a: Dragonite\n|-damage|p2a: Dragonite|67\/100 par\n|\n|-end|p2a: Dragonite|Encore\n|upkeep\n|turn|36\n|\n|t:|1699667075\n|move|p1a: Sableye|Encore|p2a: Dragonite\n|-start|p2a: Dragonite|Encore\n|move|p2a: Dragonite|Dragon Dance|p2a: Dragonite\n|-boost|p2a: Dragonite|atk|1\n|-boost|p2a: Dragonite|spe|1\n|\n|upkeep\n|turn|37\n|\n|t:|1699667079\n|move|p2a: Dragonite|Dragon Dance|p2a: Dragonite\n|-boost|p2a: Dragonite|atk|1\n|-boost|p2a: Dragonite|spe|1\n|move|p1a: Sableye|Knock Off|p2a: Dragonite\n|-damage|p2a: Dragonite|46\/100 par\n|\n|upkeep\n|turn|38\n|\n|t:|1699667084\n|cant|p2a: Dragonite|par\n|move|p1a: Sableye|Knock Off|p2a: Dragonite\n|-damage|p2a: Dragonite|27\/100 par\n|\n|-end|p2a: Dragonite|Encore\n|upkeep\n|turn|39\n|\n|t:|1699667092\n|move|p1a: Sableye|Encore|p2a: Dragonite\n|-start|p2a: Dragonite|Encore\n|move|p2a: Dragonite|Dragon Dance|p2a: Dragonite\n|-boost|p2a: Dragonite|atk|1\n|-boost|p2a: Dragonite|spe|1\n|\n|upkeep\n|turn|40\n|\n|t:|1699667095\n|switch|p2a: Lopunny|Lopunny-Mega, M, shiny|88\/100\n|-damage|p2a: Lopunny|82\/100|[from] Stealth Rock\n|move|p1a: Sableye|Knock Off|p2a: Lopunny\n|-resisted|p2a: Lopunny\n|-damage|p2a: Lopunny|70\/100\n|\n|upkeep\n|turn|41\n|\n|t:|1699667098\n|move|p2a: Lopunny|Fake Out|p1a: Sableye\n|-damage|p1a: Sableye|62\/100\n|cant|p1a: Sableye|flinch\n|\n|upkeep\n|turn|42\n|\n|t:|1699667102\n|move|p1a: Sableye|Encore|p2a: Lopunny\n|-start|p2a: Lopunny|Encore\n|move|p2a: Lopunny|Fake Out||[still]\n|-hint|Fake Out only works on your first turn out.\n|-fail|p2a: Lopunny\n|\n|upkeep\n|turn|43\n|\n|t:|1699667106\n|switch|p2a: Dragonite|Dragonite, F, tera:Normal|27\/100 par\n|-damage|p2a: Dragonite|15\/100 par|[from] Stealth Rock\n|move|p1a: Sableye|Recover|p1a: Sableye\n|-heal|p1a: Sableye|100\/100\n|\n|upkeep\n|turn|44\n|\n|t:|1699667110\n|move|p1a: Sableye|Knock Off|p2a: Dragonite\n|-damage|p2a: Dragonite|0 fnt\n|faint|p2a: Dragonite\n|\n|upkeep\n|\n|t:|1699667113\n|switch|p2a: Lopunny|Lopunny-Mega, M, shiny|70\/100\n|-damage|p2a: Lopunny|64\/100|[from] Stealth Rock\n|turn|45\n|\n|t:|1699667116\n|move|p1a: Sableye|Thunder Wave|p2a: Lopunny\n|-status|p2a: Lopunny|par\n|move|p2a: Lopunny|Close Combat|p1a: Sableye\n|-supereffective|p1a: Sableye\n|-damage|p1a: Sableye|0 fnt\n|-unboost|p2a: Lopunny|def|1\n|-unboost|p2a: Lopunny|spd|1\n|faint|p1a: Sableye\n|\n|upkeep\n|\n|t:|1699667124\n|switch|p1a: Hydreigon|Hydreigon, F|100\/100\n|turn|46\n|\n|t:|1699667130\n|move|p1a: Hydreigon|Draco Meteor|p2a: Lopunny\n|-damage|p2a: Lopunny|0 fnt\n|-unboost|p1a: Hydreigon|spa|2\n|faint|p2a: Lopunny\n|\n|win|MMQZA6\n|raw|MMQZA6's rating: 1365 &rarr; <strong>1381<\/strong><br \/>(+16 for winning)\n|raw|bunniiiiiis's rating: 1299 &rarr; <strong>1279<\/strong><br \/>(-20 for losing)\n|l|\u2606bunniiiiiis\n","uploadtime":1699667137,"views":4,"p1id":"mmqza6","p2id":"bunniiiiiis","formatid":"gen9nationaldex","rating":1279,"private":0,"password":""}