{"id":"gen9nationaldex-1999475743","p1":"TheSunKing1","p2":"Proxis666","format":"[Gen 9] National Dex","log":"|html|<div class=\"broadcast-blue\"><strong>[Gen 9] National Dex is currently suspecting Sneasler! For information on how to participate check out the <a href=\"https:\/\/www.smogon.com\/forums\/threads\/sv-national-dex-suspect-8-just-dance.3731534\/\">suspect thread<\/a>.<\/strong><\/div>\n|j|\u2606TheSunKing1\n|j|\u2606Proxis666\n|t:|1701086258\n|gametype|singles\n|player|p1|TheSunKing1|silver-masters|1581\n|player|p2|Proxis666|psychic|1768\n|teamsize|p1|6\n|teamsize|p2|6\n|gen|9\n|tier|[Gen 9] National Dex\n|rated|\n|rule|HP Percentage Mod: HP is shown in percentages\n|rule|Endless Battle Clause: Forcing endless battles is banned\n|rule|OHKO Clause: OHKO moves are banned\n|rule|Evasion Clause: Evasion abilities, items, and moves are banned\n|rule|Evasion Abilities Clause: Evasion abilities are banned\n|rule|Evasion Items Clause: Evasion items are banned\n|rule|Evasion Moves Clause: Evasion moves are banned\n|rule|Species Clause: Limit one of each Pok\u00e9mon\n|rule|Sleep Clause Mod: Limit one foe put to sleep\n|clearpoke\n|poke|p1|Torkoal, F|\n|poke|p1|Leafeon, F|\n|poke|p1|Landorus-Therian, M|\n|poke|p1|Heatran, M|\n|poke|p1|Weavile, M|\n|poke|p1|Victini|\n|poke|p2|Ceruledge, F|\n|poke|p2|Lilligant-Hisui, F|\n|poke|p2|Togekiss, M|\n|poke|p2|Garganacl, F|\n|poke|p2|Kyurem|\n|poke|p2|Swampert, F|\n|teampreview\n|\n|t:|1701086266\n|start\n|switch|p1a: Torkoal|Torkoal, F|100\/100\n|switch|p2a: Swampert|Swampert, F|100\/100\n|-weather|SunnyDay|[from] ability: Drought|[of] p1a: Torkoal\n|turn|1\n|\n|t:|1701086272\n|move|p2a: Swampert|Stealth Rock|p1a: Torkoal\n|-sidestart|p1: TheSunKing1|move: Stealth Rock\n|move|p1a: Torkoal|Toxic|p2a: Swampert\n|-status|p2a: Swampert|tox\n|\n|-weather|SunnyDay|[upkeep]\n|-damage|p2a: Swampert|94\/100 tox|[from] psn\n|upkeep\n|turn|2\n|inactive|Battle timer is ON: inactive players will automatically lose when time's up. (requested by TheSunKing1)\n|\n|t:|1701086276\n|move|p2a: Swampert|Toxic|p1a: Torkoal\n|-status|p1a: Torkoal|tox\n|move|p1a: Torkoal|Rapid Spin|p2a: Swampert\n|-damage|p2a: Swampert|88\/100 tox\n|-boost|p1a: Torkoal|spe|1\n|-sideend|p1: TheSunKing1|Stealth Rock|[from] move: Rapid Spin|[of] p1a: Torkoal\n|\n|-weather|SunnyDay|[upkeep]\n|-heal|p2a: Swampert|94\/100 tox|[from] item: Leftovers\n|-damage|p2a: Swampert|82\/100 tox|[from] psn\n|-damage|p1a: Torkoal|94\/100 tox|[from] psn\n|upkeep\n|turn|3\n|\n|t:|1701086283\n|switch|p1a: Leafeon|Leafeon, F|100\/100\n|move|p2a: Swampert|Flip Turn|p1a: Leafeon\n|-resisted|p1a: Leafeon\n|-damage|p1a: Leafeon|95\/100\n|\n|t:|1701086287\n|switch|p2a: Ceruledge|Ceruledge, F|100\/100|[from] Flip Turn\n|\n|-weather|SunnyDay|[upkeep]\n|upkeep\n|turn|4\n|\n|t:|1701086297\n|switch|p1a: Landorus|Landorus-Therian, M|100\/100\n|-ability|p1a: Landorus|Intimidate|boost\n|-unboost|p2a: Ceruledge|atk|1\n|move|p2a: Ceruledge|Bitter Blade|p1a: Landorus\n|-damage|p1a: Landorus|51\/100\n|\n|-weather|SunnyDay|[upkeep]\n|upkeep\n|turn|5\n|\n|t:|1701086306\n|switch|p2a: Swampert|Swampert, F|82\/100 tox\n|move|p1a: Landorus|Toxic|p2a: Swampert\n|-fail|p2a: Swampert|tox\n|\n|-weather|SunnyDay|[upkeep]\n|-heal|p2a: Swampert|88\/100 tox|[from] item: Leftovers\n|-damage|p2a: Swampert|82\/100 tox|[from] psn\n|upkeep\n|turn|6\n|\n|t:|1701086320\n|switch|p1a: Victini|Victini|100\/100\n|move|p2a: Swampert|Flip Turn|p1a: Victini\n|-supereffective|p1a: Victini\n|-damage|p1a: Victini|78\/100\n|\n|t:|1701086324\n|switch|p2a: Ceruledge|Ceruledge, F|100\/100|[from] Flip Turn\n|\n|-weather|SunnyDay|[upkeep]\n|upkeep\n|turn|7\n|\n|t:|1701086338\n|move|p1a: Victini|U-turn|p2a: Ceruledge\n|-resisted|p2a: Ceruledge\n|-damage|p2a: Ceruledge|89\/100\n|-ability|p2a: Ceruledge|Weak Armor|boost\n|-unboost|p2a: Ceruledge|def|1\n|-boost|p2a: Ceruledge|spe|2\n|\n|t:|1701086344\n|switch|p1a: Heatran|Heatran, M|100\/100|[from] U-turn\n|-item|p1a: Heatran|Air Balloon\n|move|p2a: Ceruledge|Swords Dance|p2a: Ceruledge\n|-boost|p2a: Ceruledge|atk|2\n|\n|-weather|SunnyDay|[upkeep]\n|upkeep\n|turn|8\n|\n|t:|1701086359\n|switch|p1a: Landorus|Landorus-Therian, M|51\/100\n|-ability|p1a: Landorus|Intimidate|boost\n|-unboost|p2a: Ceruledge|atk|1\n|move|p2a: Ceruledge|Poltergeist|p1a: Landorus\n|-activate|p1a: Landorus|move: Poltergeist|Covert Cloak\n|-damage|p1a: Landorus|0 fnt\n|faint|p1a: Landorus\n|\n|-weather|none\n|upkeep\n|\n|t:|1701086361\n|switch|p1a: Torkoal|Torkoal, F|94\/100 tox\n|-weather|SunnyDay|[from] ability: Drought|[of] p1a: Torkoal\n|turn|9\n|\n|t:|1701086366\n|move|p2a: Ceruledge|Poltergeist|p1a: Torkoal\n|-activate|p1a: Torkoal|move: Poltergeist|Heat Rock\n|-damage|p1a: Torkoal|29\/100 tox\n|move|p1a: Torkoal|Toxic|p2a: Ceruledge\n|-status|p2a: Ceruledge|tox\n|\n|-weather|SunnyDay|[upkeep]\n|-damage|p2a: Ceruledge|83\/100 tox|[from] psn\n|-damage|p1a: Torkoal|23\/100 tox|[from] psn\n|upkeep\n|turn|10\n|\n|t:|1701086378\n|move|p2a: Ceruledge|Poltergeist|p1a: Torkoal\n|-activate|p1a: Torkoal|move: Poltergeist|Heat Rock\n|-crit|p1a: Torkoal\n|-damage|p1a: Torkoal|0 fnt\n|faint|p1a: Torkoal\n|\n|-weather|SunnyDay|[upkeep]\n|-damage|p2a: Ceruledge|71\/100 tox|[from] psn\n|upkeep\n|\n|t:|1701086380\n|switch|p1a: Leafeon|Leafeon, F|95\/100\n|turn|11\n|\n|t:|1701086384\n|move|p1a: Leafeon|Knock Off|p2a: Ceruledge\n|-supereffective|p2a: Ceruledge\n|-crit|p2a: Ceruledge\n|-damage|p2a: Ceruledge|0 fnt\n|-enditem|p2a: Ceruledge|Focus Sash|[from] move: Knock Off|[of] p1a: Leafeon\n|faint|p2a: Ceruledge\n|-damage|p1a: Leafeon|85\/100|[from] item: Life Orb\n|\n|-weather|SunnyDay|[upkeep]\n|upkeep\n|\n|t:|1701086390\n|switch|p2a: Not-Baxcalibur|Kyurem|100\/100\n|-ability|p2a: Not-Baxcalibur|Pressure\n|turn|12\n|\n|t:|1701086397\n|-terastallize|p1a: Leafeon|Fire\n|move|p1a: Leafeon|Swords Dance|p1a: Leafeon\n|-boost|p1a: Leafeon|atk|2\n|move|p2a: Not-Baxcalibur|Icicle Spear|p1a: Leafeon\n|-resisted|p1a: Leafeon\n|-damage|p1a: Leafeon|78\/100\n|-resisted|p1a: Leafeon\n|-damage|p1a: Leafeon|71\/100\n|-resisted|p1a: Leafeon\n|-damage|p1a: Leafeon|64\/100\n|-resisted|p1a: Leafeon\n|-damage|p1a: Leafeon|56\/100\n|-resisted|p1a: Leafeon\n|-damage|p1a: Leafeon|50\/100\n|-hitcount|p1a: Leafeon|5\n|\n|-weather|SunnyDay|[upkeep]\n|upkeep\n|turn|13\n|\n|t:|1701086405\n|move|p1a: Leafeon|Tera Blast|p2a: Not-Baxcalibur|[anim] Tera Blast Fire\n|-damage|p2a: Not-Baxcalibur|0 fnt\n|faint|p2a: Not-Baxcalibur\n|-damage|p1a: Leafeon|40\/100|[from] item: Life Orb\n|\n|-weather|SunnyDay|[upkeep]\n|upkeep\n|\n|t:|1701086412\n|switch|p2a: Swampert|Swampert, F|82\/100 tox\n|turn|14\n|\n|t:|1701086417\n|-terastallize|p2a: Swampert|Poison\n|move|p1a: Leafeon|Solar Blade||[still]\n|-prepare|p1a: Leafeon|Solar Blade\n|-anim|p1a: Leafeon|Solar Blade|p2a: Swampert\n|-resisted|p2a: Swampert\n|-damage|p2a: Swampert|25\/100 tox\n|-damage|p1a: Leafeon|30\/100|[from] item: Life Orb\n|move|p2a: Swampert|Earthquake|p1a: Leafeon\n|-supereffective|p1a: Leafeon\n|-damage|p1a: Leafeon|0 fnt\n|faint|p1a: Leafeon\n|\n|-weather|SunnyDay|[upkeep]\n|-heal|p2a: Swampert|32\/100 tox|[from] item: Leftovers\n|-damage|p2a: Swampert|25\/100 tox|[from] psn\n|upkeep\n|\n|t:|1701086434\n|switch|p1a: Weavile|Weavile, M|100\/100\n|-ability|p1a: Weavile|Pressure\n|turn|15\n|\n|t:|1701086441\n|move|p1a: Weavile|Swords Dance|p1a: Weavile\n|-boost|p1a: Weavile|atk|2\n|move|p2a: Swampert|Stealth Rock|p1a: Weavile\n|-sidestart|p1: TheSunKing1|move: Stealth Rock\n|\n|-weather|SunnyDay|[upkeep]\n|-heal|p2a: Swampert|32\/100 tox|[from] item: Leftovers\n|-damage|p2a: Swampert|19\/100 tox|[from] psn\n|upkeep\n|turn|16\n|\n|t:|1701086449\n|move|p1a: Weavile|Knock Off|p2a: Swampert\n|-damage|p2a: Swampert|0 fnt\n|-enditem|p2a: Swampert|Leftovers|[from] move: Knock Off|[of] p1a: Weavile\n|faint|p2a: Swampert\n|-damage|p1a: Weavile|91\/100|[from] item: Life Orb\n|\n|-weather|none\n|upkeep\n|\n|t:|1701086453\n|switch|p2a: Togekiss|Togekiss, M|100\/100\n|turn|17\n|\n|t:|1701086457\n|move|p1a: Weavile|Ice Shard|p2a: Togekiss\n|-supereffective|p2a: Togekiss\n|-damage|p2a: Togekiss|0 fnt\n|faint|p2a: Togekiss\n|-damage|p1a: Weavile|81\/100|[from] item: Life Orb\n|\n|upkeep\n|\n|t:|1701086464\n|switch|p2a: Lilligant|Lilligant-Hisui, F|100\/100\n|turn|18\n|\n|t:|1701086467\n|move|p1a: Weavile|Ice Shard|p2a: Lilligant\n|-supereffective|p2a: Lilligant\n|-damage|p2a: Lilligant|0 fnt\n|faint|p2a: Lilligant\n|-damage|p1a: Weavile|71\/100|[from] item: Life Orb\n|\n|upkeep\n|\n|t:|1701086469\n|switch|p2a: Garganacl|Garganacl, F|100\/100\n|turn|19\n|\n|t:|1701086475\n|move|p1a: Weavile|Knock Off|p2a: Garganacl\n|-damage|p2a: Garganacl|20\/100\n|-enditem|p2a: Garganacl|Leftovers|[from] move: Knock Off|[of] p1a: Weavile\n|-damage|p1a: Weavile|61\/100|[from] item: Life Orb\n|move|p2a: Garganacl|Recover|p2a: Garganacl\n|-heal|p2a: Garganacl|70\/100\n|\n|upkeep\n|turn|20\n|\n|t:|1701086480\n|move|p1a: Weavile|Triple Axel|p2a: Garganacl\n|-crit|p2a: Garganacl\n|-damage|p2a: Garganacl|44\/100\n|-damage|p2a: Garganacl|10\/100\n|-damage|p2a: Garganacl|0 fnt\n|faint|p2a: Garganacl\n|-hitcount|p2: Garganacl|3\n|-damage|p1a: Weavile|51\/100|[from] item: Life Orb\n|\n|win|TheSunKing1\n|raw|TheSunKing1's rating: 1581 &rarr; <strong>1611<\/strong><br \/>(+30 for winning)\n|raw|Proxis666's rating: 1768 &rarr; <strong>1738<\/strong><br \/>(-30 for losing)\n|l|\u2606Proxis666\n","uploadtime":1701086492,"views":2,"p1id":"thesunking1","p2id":"proxis666","formatid":"gen9nationaldex","rating":1611,"private":0,"password":""}