{"id":"gen9nationaldex-1987494278","p1":"Tokiwakano","p2":"JogadorCaro","format":"[Gen 9] National Dex","log":"|j|\u2606Tokiwakano\n|j|\u2606JogadorCaro\n|t:|1699601166\n|gametype|singles\n|player|p1|Tokiwakano|caitlin|1668\n|player|p2|JogadorCaro|tate|1845\n|teamsize|p1|6\n|teamsize|p2|6\n|gen|9\n|tier|[Gen 9] National Dex\n|rated|\n|rule|HP Percentage Mod: HP is shown in percentages\n|rule|Endless Battle Clause: Forcing endless battles is banned\n|rule|OHKO Clause: OHKO moves are banned\n|rule|Evasion Clause: Evasion abilities, items, and moves are banned\n|rule|Evasion Abilities Clause: Evasion abilities are banned\n|rule|Evasion Items Clause: Evasion items are banned\n|rule|Evasion Moves Clause: Evasion moves are banned\n|rule|Species Clause: Limit one of each Pok\u00e9mon\n|rule|Sleep Clause Mod: Limit one foe put to sleep\n|clearpoke\n|poke|p1|Tapu Koko|\n|poke|p1|Iron Valiant|\n|poke|p1|Garchomp, M|\n|poke|p1|Ferrothorn, F|\n|poke|p1|Scizor, F|\n|poke|p1|Gliscor, M|\n|poke|p2|Garganacl, F|\n|poke|p2|Zamazenta-*|\n|poke|p2|Volcarona, F|\n|poke|p2|Hoopa-Unbound|\n|poke|p2|Dondozo, F|\n|poke|p2|Rotom-Wash|\n|teampreview\n|inactive|Battle timer is ON: inactive players will automatically lose when time's up. (requested by Tokiwakano)\n|c|\u2606JogadorCaro|good morning dude\n|\n|t:|1699601176\n|start\n|switch|p1a: Tapu Koko|Tapu Koko|100\/100\n|switch|p2a: mulher|Rotom-Wash|100\/100\n|-fieldstart|move: Electric Terrain|[from] ability: Electric Surge|[of] p1a: Tapu Koko\n|turn|1\n|\n|t:|1699601178\n|move|p1a: Tapu Koko|Toxic|p2a: mulher|[miss]\n|-miss|p1a: Tapu Koko|p2a: mulher\n|move|p2a: mulher|Hydro Pump|p1a: Tapu Koko|[miss]\n|-miss|p2a: mulher|p1a: Tapu Koko\n|\n|upkeep\n|turn|2\n|c|\u2606JogadorCaro|if not 100%...\n|j| ddddddabai\n|j| daomeixiongshizhu\n|\n|t:|1699601198\n|move|p1a: Tapu Koko|Volt Switch|p2a: mulher\n|-damage|p2a: mulher|71\/100\n|\n|t:|1699601201\n|switch|p1a: Gliscor|Gliscor, M|100\/100|[from] Volt Switch\n|move|p2a: mulher|Volt Switch|p1a: Gliscor\n|-immune|p1a: Gliscor\n|\n|-heal|p2a: mulher|77\/100|[from] item: Leftovers\n|-status|p1a: Gliscor|tox|[from] item: Toxic Orb\n|upkeep\n|turn|3\n|\n|t:|1699601211\n|move|p1a: Gliscor|Toxic|p2a: mulher|[miss]\n|-miss|p1a: Gliscor|p2a: mulher\n|move|p2a: mulher|Hydro Pump|p1a: Gliscor\n|-supereffective|p1a: Gliscor\n|-damage|p1a: Gliscor|32\/100 tox\n|\n|-heal|p2a: mulher|83\/100|[from] item: Leftovers\n|-heal|p1a: Gliscor|45\/100 tox|[from] ability: Poison Heal\n|upkeep\n|turn|4\n|\n|t:|1699601217\n|move|p1a: Gliscor|Roost|p1a: Gliscor\n|-heal|p1a: Gliscor|95\/100 tox\n|-singleturn|p1a: Gliscor|move: Roost\n|move|p2a: mulher|Hydro Pump|p1a: Gliscor\n|-supereffective|p1a: Gliscor\n|-damage|p1a: Gliscor|33\/100 tox\n|\n|-heal|p2a: mulher|90\/100|[from] item: Leftovers\n|-heal|p1a: Gliscor|45\/100 tox|[from] ability: Poison Heal\n|upkeep\n|turn|5\n|\n|t:|1699601223\n|move|p1a: Gliscor|Roost|p1a: Gliscor\n|-heal|p1a: Gliscor|95\/100 tox\n|-singleturn|p1a: Gliscor|move: Roost\n|move|p2a: mulher|Hydro Pump|p1a: Gliscor\n|-supereffective|p1a: Gliscor\n|-crit|p1a: Gliscor\n|-damage|p1a: Gliscor|0 fnt\n|faint|p1a: Gliscor\n|\n|-heal|p2a: mulher|96\/100|[from] item: Leftovers\n|-fieldend|move: Electric Terrain\n|upkeep\n|\n|t:|1699601235\n|switch|p1a: Tapu Koko|Tapu Koko|100\/100\n|-fieldstart|move: Electric Terrain|[from] ability: Electric Surge|[of] p1a: Tapu Koko\n|turn|6\n|\n|t:|1699601238\n|move|p1a: Tapu Koko|Toxic|p2a: mulher\n|-status|p2a: mulher|tox\n|move|p2a: mulher|Volt Switch|p1a: Tapu Koko\n|-resisted|p1a: Tapu Koko\n|-crit|p1a: Tapu Koko\n|-damage|p1a: Tapu Koko|71\/100\n|\n|t:|1699601246\n|switch|p2a: Agito|Hoopa-Unbound|100\/100|[from] Volt Switch\n|\n|upkeep\n|turn|7\n|\n|t:|1699601250\n|move|p1a: Tapu Koko|Volt Switch|p2a: Agito\n|-damage|p2a: Agito|65\/100\n|\n|t:|1699601254\n|switch|p1a: Scizor|Scizor, F|100\/100|[from] Volt Switch\n|move|p2a: Agito|Psychic|p1a: Scizor\n|-resisted|p1a: Scizor\n|-damage|p1a: Scizor|62\/100\n|\n|upkeep\n|turn|8\n|\n|t:|1699601263\n|switch|p2a: Endeavor|Volcarona, F|100\/100\n|detailschange|p1a: Scizor|Scizor-Mega, F\n|-mega|p1a: Scizor|Scizor|Scizorite\n|move|p1a: Scizor|U-turn|p2a: Endeavor\n|-resisted|p2a: Endeavor\n|-damage|p2a: Endeavor|75\/100\n|\n|t:|1699601266\n|switch|p1a: Garchomp|Garchomp, M|100\/100|[from] U-turn\n|\n|upkeep\n|turn|9\n|\n|t:|1699601271\n|switch|p2a: mulher|Rotom-Wash|96\/100 tox\n|move|p1a: Garchomp|Stealth Rock|p2a: mulher\n|-sidestart|p2: JogadorCaro|move: Stealth Rock\n|\n|-heal|p2a: mulher|100\/100 tox|[from] item: Leftovers\n|-damage|p2a: mulher|94\/100 tox|[from] psn\n|upkeep\n|turn|10\n|\n|t:|1699601277\n|switch|p1a: Tapu Koko|Tapu Koko|71\/100\n|move|p2a: mulher|Defog|p1a: Tapu Koko\n|-unboost|p1a: Tapu Koko|evasion|1\n|-sideend|p2: JogadorCaro|Stealth Rock|[from] move: Defog|[of] p2a: mulher\n|-fieldend|move: Electric Terrain\n|\n|-heal|p2a: mulher|100\/100 tox|[from] item: Leftovers\n|-damage|p2a: mulher|88\/100 tox|[from] psn\n|upkeep\n|turn|11\n|\n|t:|1699601283\n|move|p1a: Tapu Koko|Volt Switch|p2a: mulher\n|-damage|p2a: mulher|65\/100 tox\n|\n|t:|1699601286\n|switch|p1a: Garchomp|Garchomp, M|100\/100|[from] Volt Switch\n|move|p2a: mulher|Volt Switch|p1a: Garchomp\n|-immune|p1a: Garchomp\n|\n|-heal|p2a: mulher|72\/100 tox|[from] item: Leftovers\n|-damage|p2a: mulher|53\/100 tox|[from] psn\n|upkeep\n|turn|12\n|\n|t:|1699601292\n|-zpower|p1a: Garchomp\n|move|p1a: Garchomp|Devastating Drake|p2a: mulher|[zeffect]\n|-damage|p2a: mulher|0 fnt\n|faint|p2a: mulher\n|\n|upkeep\n|\n|t:|1699601294\n|switch|p2a: Toji|Zamazenta|100\/100\n|-ability|p2a: Toji|Dauntless Shield|boost\n|-boost|p2a: Toji|def|1\n|turn|13\n|\n|t:|1699601303\n|switch|p1a: Iron Valiant|Iron Valiant|100\/100\n|move|p2a: Toji|Ice Fang|p1a: Iron Valiant\n|-damage|p1a: Iron Valiant|57\/100\n|\n|upkeep\n|turn|14\n|\n|t:|1699601313\n|switch|p2a: Bale\u00e3o|Dondozo, F|100\/100\n|move|p1a: Iron Valiant|Moonblast|p2a: Bale\u00e3o\n|-damage|p2a: Bale\u00e3o|56\/100\n|\n|-heal|p2a: Bale\u00e3o|62\/100|[from] item: Leftovers\n|upkeep\n|turn|15\n|\n|t:|1699601319\n|-end|p1a: Iron Valiant|Quark Drive|[silent]\n|switch|p1a: Tapu Koko|Tapu Koko|71\/100\n|-fieldstart|move: Electric Terrain|[from] ability: Electric Surge|[of] p1a: Tapu Koko\n|move|p2a: Bale\u00e3o|Wave Crash|p1a: Tapu Koko\n|-damage|p1a: Tapu Koko|9\/100\n|-damage|p2a: Bale\u00e3o|50\/100|[from] Recoil\n|\n|-heal|p2a: Bale\u00e3o|57\/100|[from] item: Leftovers\n|upkeep\n|turn|16\n|\n|t:|1699601345\n|move|p1a: Tapu Koko|Volt Switch|p2a: Bale\u00e3o\n|-supereffective|p2a: Bale\u00e3o\n|-damage|p2a: Bale\u00e3o|8\/100\n|\n|t:|1699601356\n|switch|p1a: Ferrothorn|Ferrothorn, F|100\/100|[from] Volt Switch\n|move|p2a: Bale\u00e3o|Wave Crash|p1a: Ferrothorn\n|-resisted|p1a: Ferrothorn\n|-damage|p1a: Ferrothorn|89\/100\n|-damage|p2a: Bale\u00e3o|0 fnt|[from] ability: Iron Barbs|[of] p1a: Ferrothorn\n|faint|p2a: Bale\u00e3o\n|\n|-heal|p1a: Ferrothorn|95\/100|[from] item: Leftovers\n|upkeep\n|\n|t:|1699601359\n|switch|p2a: Endeavor|Volcarona, F|75\/100\n|turn|17\n|\n|t:|1699601367\n|move|p2a: Endeavor|Quiver Dance|p2a: Endeavor\n|-boost|p2a: Endeavor|spa|1\n|-boost|p2a: Endeavor|spd|1\n|-boost|p2a: Endeavor|spe|1\n|move|p1a: Ferrothorn|Leech Seed|p2a: Endeavor\n|-start|p2a: Endeavor|move: Leech Seed\n|\n|-heal|p1a: Ferrothorn|100\/100|[from] item: Leftovers\n|-damage|p2a: Endeavor|63\/100|[from] Leech Seed|[of] p1a: Ferrothorn\n|upkeep\n|turn|18\n|\n|t:|1699601373\n|switch|p1a: Garchomp|Garchomp, M|100\/100\n|move|p2a: Endeavor|Quiver Dance|p2a: Endeavor\n|-boost|p2a: Endeavor|spa|1\n|-boost|p2a: Endeavor|spd|1\n|-boost|p2a: Endeavor|spe|1\n|\n|-damage|p2a: Endeavor|51\/100|[from] Leech Seed|[of] p1a: Garchomp\n|upkeep\n|turn|19\n|\n|t:|1699601376\n|move|p2a: Endeavor|Fiery Dance|p1a: Garchomp\n|-resisted|p1a: Garchomp\n|-damage|p1a: Garchomp|50\/100\n|-boost|p2a: Endeavor|spa|1\n|move|p1a: Garchomp|Earthquake|p2a: Endeavor\n|-damage|p2a: Endeavor|0 fnt\n|faint|p2a: Endeavor\n|\n|-fieldend|move: Electric Terrain\n|upkeep\n|\n|t:|1699601388\n|switch|p2a: Mahoraga|Garganacl, F|100\/100\n|turn|20\n|\n|t:|1699601392\n|-terastallize|p2a: Mahoraga|Ghost\n|move|p1a: Garchomp|Swords Dance|p1a: Garchomp\n|-boost|p1a: Garchomp|atk|2\n|move|p2a: Mahoraga|Iron Defense|p2a: Mahoraga\n|-boost|p2a: Mahoraga|def|2\n|\n|upkeep\n|turn|21\n|\n|t:|1699601403\n|switch|p1a: Ferrothorn|Ferrothorn, F|100\/100\n|move|p2a: Mahoraga|Body Press|p1a: Ferrothorn\n|-supereffective|p1a: Ferrothorn\n|-damage|p1a: Ferrothorn|29\/100\n|-damage|p2a: Mahoraga|88\/100|[from] ability: Iron Barbs|[of] p1a: Ferrothorn\n|\n|-heal|p2a: Mahoraga|94\/100|[from] item: Leftovers\n|-heal|p1a: Ferrothorn|36\/100|[from] item: Leftovers\n|upkeep\n|turn|22\n|\n|t:|1699601408\n|move|p2a: Mahoraga|Body Press|p1a: Ferrothorn\n|-supereffective|p1a: Ferrothorn\n|-damage|p1a: Ferrothorn|0 fnt\n|-damage|p2a: Mahoraga|82\/100|[from] ability: Iron Barbs|[of] p1a: Ferrothorn\n|faint|p1a: Ferrothorn\n|\n|-heal|p2a: Mahoraga|88\/100|[from] item: Leftovers\n|upkeep\n|\n|t:|1699601416\n|switch|p1a: Tapu Koko|Tapu Koko|9\/100\n|-fieldstart|move: Electric Terrain|[from] ability: Electric Surge|[of] p1a: Tapu Koko\n|turn|23\n|\n|t:|1699601419\n|move|p1a: Tapu Koko|Volt Switch|p2a: Mahoraga\n|-damage|p2a: Mahoraga|55\/100\n|\n|t:|1699601421\n|switch|p1a: Garchomp|Garchomp, M|50\/100|[from] Volt Switch\n|move|p2a: Mahoraga|Body Press|p1a: Garchomp\n|-damage|p1a: Garchomp|0 fnt\n|-damage|p2a: Mahoraga|42\/100|[from] ability: Rough Skin|[of] p1a: Garchomp\n|faint|p1a: Garchomp\n|\n|-heal|p2a: Mahoraga|49\/100|[from] item: Leftovers\n|upkeep\n|\n|t:|1699601425\n|switch|p1a: Iron Valiant|Iron Valiant|57\/100\n|-activate|p1a: Iron Valiant|ability: Quark Drive\n|-start|p1a: Iron Valiant|quarkdrivespe\n|turn|24\n|\n|t:|1699601434\n|-terastallize|p1a: Iron Valiant|Fairy\n|move|p1a: Iron Valiant|Moonblast|p2a: Mahoraga\n|-damage|p2a: Mahoraga|0 fnt\n|faint|p2a: Mahoraga\n|\n|upkeep\n|j| hainiunnn\n|\n|t:|1699601443\n|switch|p2a: Toji|Zamazenta|100\/100\n|turn|25\n|\n|t:|1699601445\n|move|p1a: Iron Valiant|Moonblast|p2a: Toji\n|-supereffective|p2a: Toji\n|-damage|p2a: Toji|0 fnt\n|faint|p2a: Toji\n|\n|upkeep\n|\n|t:|1699601448\n|switch|p2a: Agito|Hoopa-Unbound|65\/100\n|turn|26\n|\n|t:|1699601450\n|move|p1a: Iron Valiant|Moonblast|p2a: Agito\n|-supereffective|p2a: Agito\n|-damage|p2a: Agito|0 fnt\n|faint|p2a: Agito\n|\n|win|Tokiwakano\n|raw|Tokiwakano's rating: 1668 &rarr; <strong>1697<\/strong><br \/>(+29 for winning)\n|raw|JogadorCaro's rating: 1845 &rarr; <strong>1816<\/strong><br \/>(-29 for losing)\n","uploadtime":1699601454,"views":7,"p1id":"tokiwakano","p2id":"jogadorcaro","formatid":"gen9nationaldex","rating":1697,"private":0,"password":""}