{"id":"gen9nationaldex-1988474060","p1":"Jincn27","p2":"Whitehotsand","format":"[Gen 9] National Dex","log":"|j|\u2606Jincn27\n|j|\u2606Whitehotsand\n|t:|1699726782\n|gametype|singles\n|player|p1|Jincn27|102|\n|player|p2|Whitehotsand|170|\n|teamsize|p1|6\n|teamsize|p2|6\n|gen|9\n|tier|[Gen 9] National Dex\n|rule|HP Percentage Mod: HP is shown in percentages\n|rule|Endless Battle Clause: Forcing endless battles is banned\n|rule|OHKO Clause: OHKO moves are banned\n|rule|Evasion Clause: Evasion abilities, items, and moves are banned\n|rule|Evasion Abilities Clause: Evasion abilities are banned\n|rule|Evasion Items Clause: Evasion items are banned\n|rule|Evasion Moves Clause: Evasion moves are banned\n|rule|Species Clause: Limit one of each Pok\u00e9mon\n|rule|Sleep Clause Mod: Limit one foe put to sleep\n|clearpoke\n|poke|p1|Smeargle, F|\n|poke|p1|Medicham, M|\n|poke|p1|Dusclops, M|\n|poke|p1|Kommo-o, F|\n|poke|p1|Corviknight, F|\n|poke|p1|Tyranitar, M|\n|poke|p2|Lopunny, F|\n|poke|p2|Zapdos|\n|poke|p2|Heatran, M|\n|poke|p2|Weavile, F|\n|poke|p2|Garchomp, M|\n|poke|p2|Tapu Lele|\n|teampreview\n|inactive|Battle timer is ON: inactive players will automatically lose when time's up. (requested by Jincn27)\n|c|\u2606Jincn27|This is a normal battle\n|c|\u2606Whitehotsand|yes\n|\n|t:|1699726802\n|start\n|switch|p1a: Corviknight|Corviknight, F|100\/100\n|switch|p2a: Lopunny|Lopunny, F, shiny|100\/100\n|turn|1\n|\n|t:|1699726811\n|detailschange|p2a: Lopunny|Lopunny-Mega, F, shiny\n|-mega|p2a: Lopunny|Lopunny|Lopunnite\n|move|p2a: Lopunny|Fake Out|p1a: Corviknight\n|-resisted|p1a: Corviknight\n|-damage|p1a: Corviknight|91\/100\n|cant|p1a: Corviknight|flinch\n|\n|-heal|p1a: Corviknight|98\/100|[from] item: Leftovers\n|upkeep\n|turn|2\n|\n|t:|1699726818\n|switch|p2a: Heatran|Heatran, M|100\/100\n|move|p1a: Corviknight|Bulk Up|p1a: Corviknight\n|-boost|p1a: Corviknight|atk|1\n|-boost|p1a: Corviknight|def|1\n|\n|-heal|p1a: Corviknight|100\/100|[from] item: Leftovers\n|upkeep\n|turn|3\n|\n|t:|1699726829\n|move|p2a: Heatran|Will-O-Wisp|p1a: Corviknight\n|-status|p1a: Corviknight|brn\n|move|p1a: Corviknight|Bulk Up|p1a: Corviknight\n|-boost|p1a: Corviknight|atk|1\n|-boost|p1a: Corviknight|def|1\n|\n|-damage|p1a: Corviknight|94\/100 brn|[from] brn\n|upkeep\n|turn|4\n|\n|t:|1699726832\n|move|p2a: Heatran|Magma Storm|p1a: Corviknight\n|-supereffective|p1a: Corviknight\n|-damage|p1a: Corviknight|13\/100 brn\n|-activate|p1a: Corviknight|move: Magma Storm|[of] p2a: Heatran\n|move|p1a: Corviknight|Bulk Up|p1a: Corviknight\n|-boost|p1a: Corviknight|atk|1\n|-boost|p1a: Corviknight|def|1\n|\n|-heal|p1a: Corviknight|19\/100 brn|[from] item: Leftovers\n|-damage|p1a: Corviknight|13\/100 brn|[from] brn\n|-damage|p1a: Corviknight|1\/100 brn|[from] move: Magma Storm|[partiallytrapped]\n|upkeep\n|turn|5\n|\n|t:|1699726839\n|-terastallize|p1a: Corviknight|Poison\n|move|p2a: Heatran|Hidden Power|p1a: Corviknight\n|-resisted|p1a: Corviknight\n|-damage|p1a: Corviknight|0 fnt\n|faint|p1a: Corviknight\n|\n|upkeep\n|c|\u2606Jincn27|...\n|\n|t:|1699726849\n|switch|p1a: Smeargle|Smeargle, F|100\/100\n|turn|6\n|c|\u2606Whitehotsand|what are u doing lol\n|c|\u2606Jincn27|Maybe next time\n|\n|t:|1699726863\n|move|p1a: Smeargle|Spore|p2a: Heatran\n|-status|p2a: Heatran|slp|[from] move: Spore\n|cant|p2a: Heatran|slp\n|\n|upkeep\n|turn|7\n|\n|t:|1699726866\n|move|p1a: Smeargle|Sticky Web|p2a: Heatran\n|-sidestart|p2: Whitehotsand|move: Sticky Web\n|cant|p2a: Heatran|slp\n|\n|upkeep\n|turn|8\n|c|\u2606Whitehotsand|>:(\n|\n|t:|1699726879\n|move|p1a: Smeargle|Stone Axe|p2a: Heatran\n|-damage|p2a: Heatran|97\/100 slp\n|-sidestart|p2: Whitehotsand|move: Stealth Rock\n|cant|p2a: Heatran|slp\n|\n|-heal|p2a: Heatran|100\/100 slp|[from] item: Leftovers\n|upkeep\n|turn|9\n|\n|t:|1699726885\n|switch|p1a: Kommo-o|Kommo-o, F|100\/100\n|-curestatus|p2a: Heatran|slp|[msg]\n|move|p2a: Heatran|Earth Power|p1a: Kommo-o\n|-damage|p1a: Kommo-o|60\/100\n|\n|upkeep\n|turn|10\n|\n|t:|1699726905\n|switch|p1a: Tyranitar|Tyranitar, M|100\/100\n|-weather|Sandstorm|[from] ability: Sand Stream|[of] p1a: Tyranitar\n|move|p2a: Heatran|Earth Power|p1a: Tyranitar\n|-supereffective|p1a: Tyranitar\n|-damage|p1a: Tyranitar|83\/100\n|\n|-weather|Sandstorm|[upkeep]\n|upkeep\n|turn|11\n|\n|t:|1699726916\n|-activate|p2a: Heatran|move: Pursuit\n|move|p1a: Tyranitar|Pursuit|p2a: Heatran|[from]Pursuit\n|-damage|p2a: Heatran|71\/100\n|switch|p2a: Garchomp|Garchomp, M|100\/100\n|-activate|p2a: Garchomp|move: Sticky Web\n|-unboost|p2a: Garchomp|spe|1\n|-damage|p2a: Garchomp|94\/100|[from] Stealth Rock\n|\n|-weather|Sandstorm|[upkeep]\n|upkeep\n|turn|12\n|\n|t:|1699726927\n|move|p2a: Garchomp|Earthquake|p1a: Tyranitar\n|-supereffective|p1a: Tyranitar\n|-damage|p1a: Tyranitar|0 fnt\n|faint|p1a: Tyranitar\n|\n|-weather|Sandstorm|[upkeep]\n|upkeep\n|c|\u2606Jincn27|Hopefully I live\n|c|\u2606Jincn27|No I do not\n|\n|t:|1699726939\n|switch|p1a: Kommo-o|Kommo-o, F|60\/100\n|turn|13\n|\n|t:|1699726946\n|-zpower|p1a: Kommo-o\n|move|p1a: Kommo-o|Clangorous Soulblaze|p2a: Garchomp|[zeffect]\n|-supereffective|p2a: Garchomp\n|-damage|p2a: Garchomp|0 fnt\n|faint|p2a: Garchomp\n|-boost|p1a: Kommo-o|atk|1\n|-boost|p1a: Kommo-o|def|1\n|-boost|p1a: Kommo-o|spa|1\n|-boost|p1a: Kommo-o|spd|1\n|-boost|p1a: Kommo-o|spe|1\n|\n|-weather|Sandstorm|[upkeep]\n|upkeep\n|\n|t:|1699726952\n|switch|p2a: Zapdos|Zapdos|100\/100\n|-damage|p2a: Zapdos|75\/100|[from] Stealth Rock\n|turn|14\n|\n|t:|1699726962\n|move|p1a: Kommo-o|Clanging Scales|p2a: Zapdos\n|-damage|p2a: Zapdos|1\/100\n|-unboost|p1a: Kommo-o|def|1\n|move|p2a: Zapdos|Hidden Power|p1a: Kommo-o\n|-supereffective|p1a: Kommo-o\n|-damage|p1a: Kommo-o|34\/100\n|\n|-weather|none\n|upkeep\n|turn|15\n|\n|t:|1699726972\n|move|p1a: Kommo-o|Clanging Scales|p2a: Zapdos\n|-damage|p2a: Zapdos|0 fnt\n|faint|p2a: Zapdos\n|-unboost|p1a: Kommo-o|def|1\n|\n|upkeep\n|\n|t:|1699726977\n|switch|p2a: Weavile|Weavile, F|100\/100\n|-activate|p2a: Weavile|move: Sticky Web\n|-unboost|p2a: Weavile|spe|1\n|-damage|p2a: Weavile|76\/100|[from] Stealth Rock\n|-ability|p2a: Weavile|Pressure\n|turn|16\n|c|\u2606Jincn27|Oh no\n|\n|t:|1699726984\n|move|p2a: Weavile|Ice Shard|p1a: Kommo-o\n|-supereffective|p1a: Kommo-o\n|-damage|p1a: Kommo-o|0 fnt\n|faint|p1a: Kommo-o\n|\n|upkeep\n|\n|t:|1699726989\n|switch|p1a: Medicham|Medicham, M|100\/100\n|turn|17\n|\n|t:|1699727004\n|detailschange|p1a: Medicham|Medicham-Mega, M\n|-mega|p1a: Medicham|Medicham|Medichamite\n|move|p2a: Weavile|Ice Shard|p1a: Medicham\n|-damage|p1a: Medicham|52\/100\n|move|p1a: Medicham|Close Combat|p2a: Weavile\n|-supereffective|p2a: Weavile\n|-crit|p2a: Weavile\n|-damage|p2a: Weavile|0 fnt\n|-unboost|p1a: Medicham|def|1\n|-unboost|p1a: Medicham|spd|1\n|faint|p2a: Weavile\n|\n|upkeep\n|\n|t:|1699727009\n|switch|p2a: Lopunny|Lopunny-Mega, F, shiny|100\/100\n|-activate|p2a: Lopunny|move: Sticky Web\n|-unboost|p2a: Lopunny|spe|1\n|-damage|p2a: Lopunny|95\/100|[from] Stealth Rock\n|turn|18\n|\n|t:|1699727015\n|switch|p1a: Dusclops|Dusclops, M|100\/100\n|-ability|p1a: Dusclops|Pressure\n|move|p2a: Lopunny|Fake Out|p1a: Dusclops\n|-damage|p1a: Dusclops|90\/100\n|\n|upkeep\n|turn|19\n|\n|t:|1699727023\n|switch|p2a: Heatran|Heatran, M|71\/100\n|-activate|p2a: Heatran|move: Sticky Web\n|-unboost|p2a: Heatran|spe|1\n|-damage|p2a: Heatran|59\/100|[from] Stealth Rock\n|move|p1a: Dusclops|Night Shade|p2a: Heatran\n|-damage|p2a: Heatran|33\/100\n|\n|-heal|p2a: Heatran|39\/100|[from] item: Leftovers\n|upkeep\n|turn|20\n|\n|t:|1699727040\n|-terastallize|p2a: Heatran|Fire\n|move|p2a: Heatran|Magma Storm|p1a: Dusclops\n|-damage|p1a: Dusclops|42\/100\n|-activate|p1a: Dusclops|move: Magma Storm|[of] p2a: Heatran\n|move|p1a: Dusclops|Mud-Slap|p2a: Heatran\n|-supereffective|p2a: Heatran\n|-damage|p2a: Heatran|34\/100\n|-unboost|p2a: Heatran|accuracy|1\n|\n|-heal|p2a: Heatran|40\/100|[from] item: Leftovers\n|-damage|p1a: Dusclops|29\/100|[from] move: Magma Storm|[partiallytrapped]\n|upkeep\n|turn|21\n|\n|t:|1699727055\n|move|p2a: Heatran|Earth Power|p1a: Dusclops\n|-damage|p1a: Dusclops|6\/100\n|move|p1a: Dusclops|Pain Split|p2a: Heatran\n|-sethp|p2a: Heatran|22\/100|[from] move: Pain Split|[silent]\n|-sethp|p1a: Dusclops|30\/100|[from] move: Pain Split\n|\n|-heal|p2a: Heatran|28\/100|[from] item: Leftovers\n|-damage|p1a: Dusclops|18\/100|[from] move: Magma Storm|[partiallytrapped]\n|upkeep\n|turn|22\n|\n|t:|1699727068\n|move|p2a: Heatran|Earth Power|p1a: Dusclops|[miss]\n|-miss|p2a: Heatran|p1a: Dusclops\n|move|p1a: Dusclops|Pain Split|p2a: Heatran\n|-sethp|p2a: Heatran|21\/100|[from] move: Pain Split|[silent]\n|-sethp|p1a: Dusclops|28\/100|[from] move: Pain Split\n|\n|-heal|p2a: Heatran|27\/100|[from] item: Leftovers\n|-damage|p1a: Dusclops|16\/100|[from] move: Magma Storm|[partiallytrapped]\n|upkeep\n|turn|23\n|\n|t:|1699727075\n|move|p2a: Heatran|Earth Power|p1a: Dusclops\n|-damage|p1a: Dusclops|0 fnt\n|faint|p1a: Dusclops\n|\n|-heal|p2a: Heatran|33\/100|[from] item: Leftovers\n|upkeep\n|\n|t:|1699727082\n|switch|p1a: Smeargle|Smeargle, F|100\/100\n|turn|24\n|\n|t:|1699727088\n|move|p1a: Smeargle|Spore|p2a: Heatran\n|-status|p2a: Heatran|slp|[from] move: Spore\n|cant|p2a: Heatran|slp\n|\n|-heal|p2a: Heatran|39\/100 slp|[from] item: Leftovers\n|upkeep\n|turn|25\n|\n|t:|1699727092\n|switch|p1a: Medicham|Medicham-Mega, M|52\/100\n|cant|p2a: Heatran|slp\n|\n|-heal|p2a: Heatran|46\/100 slp|[from] item: Leftovers\n|upkeep\n|turn|26\n|\n|t:|1699727099\n|move|p1a: Medicham|Psycho Cut|p2a: Heatran\n|-damage|p2a: Heatran|0 fnt\n|faint|p2a: Heatran\n|\n|upkeep\n|\n|t:|1699727104\n|switch|p2a: Tapu Lele|Tapu Lele|100\/100\n|-activate|p2a: Tapu Lele|move: Sticky Web\n|-unboost|p2a: Tapu Lele|spe|1\n|-damage|p2a: Tapu Lele|88\/100|[from] Stealth Rock\n|-fieldstart|move: Psychic Terrain|[from] ability: Psychic Surge|[of] p2a: Tapu Lele\n|turn|27\n|\n|t:|1699727116\n|move|p1a: Medicham|Psycho Cut|p2a: Tapu Lele\n|-resisted|p2a: Tapu Lele\n|-damage|p2a: Tapu Lele|20\/100\n|move|p2a: Tapu Lele|Moonblast|p1a: Medicham\n|-supereffective|p1a: Medicham\n|-damage|p1a: Medicham|0 fnt\n|faint|p1a: Medicham\n|\n|upkeep\n|\n|t:|1699727126\n|switch|p1a: Smeargle|Smeargle, F|100\/100\n|turn|28\n|\n|t:|1699727131\n|move|p1a: Smeargle|Spore|p2a: Tapu Lele\n|-status|p2a: Tapu Lele|slp|[from] move: Spore\n|cant|p2a: Tapu Lele|slp\n|\n|upkeep\n|turn|29\n|\n|t:|1699727136\n|move|p1a: Smeargle|Stone Axe|p2a: Tapu Lele\n|-damage|p2a: Tapu Lele|13\/100 slp\n|cant|p2a: Tapu Lele|slp\n|\n|upkeep\n|turn|30\n|\n|t:|1699727142\n|move|p1a: Smeargle|Stone Axe|p2a: Tapu Lele\n|-damage|p2a: Tapu Lele|5\/100 slp\n|cant|p2a: Tapu Lele|slp\n|\n|upkeep\n|turn|31\n|c|\u2606Jincn27|This will take a long time\n|\n|t:|1699727149\n|switch|p2a: Lopunny|Lopunny-Mega, F, shiny|95\/100\n|-activate|p2a: Lopunny|move: Sticky Web\n|-unboost|p2a: Lopunny|spe|1\n|-damage|p2a: Lopunny|89\/100|[from] Stealth Rock\n|move|p1a: Smeargle|Stone Axe|p2a: Lopunny\n|-resisted|p2a: Lopunny\n|-damage|p2a: Lopunny|85\/100\n|\n|-fieldend|move: Psychic Terrain\n|upkeep\n|turn|32\n|c|\u2606Jincn27|Gg\n|\n|t:|1699727162\n|move|p2a: Lopunny|Fake Out|p1a: Smeargle\n|-damage|p1a: Smeargle|49\/100\n|cant|p1a: Smeargle|flinch\n|\n|upkeep\n|turn|33\n|c|\u2606Whitehotsand|gg\n|\n|t:|1699727168\n|move|p1a: Smeargle|Endeavor|p2a: Lopunny\n|-damage|p2a: Lopunny|57\/100\n|move|p2a: Lopunny|Return|p1a: Smeargle\n|-damage|p1a: Smeargle|0 fnt\n|faint|p1a: Smeargle\n|\n|win|Whitehotsand\n|c|\u2606Jincn27|Sleep clause\n|c|\u2606Whitehotsand|yes\n","uploadtime":1699727186,"views":8,"p1id":"jincn27","p2id":"whitehotsand","formatid":"gen9nationaldex","rating":0,"private":0,"password":""}