{"id":"gen9nationaldex-1989318003","p1":"SundayCandie","p2":"Qlazo","format":"[Gen 9] National Dex","log":"|j|\u2606SundayCandie\n|j|\u2606Qlazo\n|t:|1699835721\n|gametype|singles\n|player|p1|SundayCandie|2|1110\n|player|p2|Qlazo|swimmerf-gen4dp|1000\n|teamsize|p1|6\n|teamsize|p2|6\n|gen|9\n|tier|[Gen 9] National Dex\n|rated|\n|rule|HP Percentage Mod: HP is shown in percentages\n|rule|Endless Battle Clause: Forcing endless battles is banned\n|rule|OHKO Clause: OHKO moves are banned\n|rule|Evasion Clause: Evasion abilities, items, and moves are banned\n|rule|Evasion Abilities Clause: Evasion abilities are banned\n|rule|Evasion Items Clause: Evasion items are banned\n|rule|Evasion Moves Clause: Evasion moves are banned\n|rule|Species Clause: Limit one of each Pok\u00e9mon\n|rule|Sleep Clause Mod: Limit one foe put to sleep\n|clearpoke\n|poke|p1|Pyroar, M|\n|poke|p1|Mienshao, F|\n|poke|p1|Honchkrow, M|\n|poke|p1|Haxorus, M|\n|poke|p1|Gengar, M|\n|poke|p1|Gyarados, M|\n|poke|p2|Clodsire, F|\n|poke|p2|Corsola-Galar, F|\n|poke|p2|Klefki, F|\n|poke|p2|Xatu, M|\n|poke|p2|Crawdaunt, M|\n|poke|p2|Aerodactyl, M|\n|teampreview\n|c|\u2606SundayCandie|This finna be ez\n|inactive|Battle timer is ON: inactive players will automatically lose when time's up. (requested by Qlazo)\n|c|\u2606SundayCandie|Gl you're gonna need it\n|\n|t:|1699835739\n|start\n|switch|p1a: Mienshao|Mienshao, F|100\/100\n|switch|p2a: Klefki|Klefki, F|100\/100\n|turn|1\n|\n|t:|1699835751\n|move|p1a: Mienshao|Fake Out|p2a: Klefki\n|-resisted|p2a: Klefki\n|-damage|p2a: Klefki|93\/100\n|cant|p2a: Klefki|flinch\n|\n|-heal|p2a: Klefki|99\/100|[from] item: Leftovers\n|upkeep\n|turn|2\n|\n|t:|1699835757\n|switch|p1a: Honchkrow|Honchkrow, M|100\/100\n|move|p2a: Klefki|Thunder Wave|p1a: Honchkrow\n|-hint|Since gen 7, Dark is immune to Prankster moves.\n|-immune|p1a: Honchkrow\n|\n|-heal|p2a: Klefki|100\/100|[from] item: Leftovers\n|upkeep\n|turn|3\n|\n|t:|1699835770\n|move|p1a: Honchkrow|Taunt|p2a: Klefki\n|-start|p2a: Klefki|move: Taunt\n|move|p2a: Klefki|Play Rough|p1a: Honchkrow\n|-supereffective|p1a: Honchkrow\n|-damage|p1a: Honchkrow|21\/100\n|\n|upkeep\n|turn|4\n|\n|t:|1699835784\n|switch|p1a: Pyroar|Pyroar, M|100\/100\n|move|p2a: Klefki|Play Rough|p1a: Pyroar\n|-resisted|p1a: Pyroar\n|-damage|p1a: Pyroar|82\/100\n|-unboost|p1a: Pyroar|atk|1\n|\n|upkeep\n|turn|5\n|\n|t:|1699835811\n|switch|p2a: Clodsire|Clodsire, F|100\/100\n|move|p1a: Pyroar|Flame Charge|p2a: Clodsire\n|-damage|p2a: Clodsire|80\/100\n|-boost|p1a: Pyroar|spe|1\n|\n|-heal|p2a: Clodsire|86\/100|[from] item: Leftovers\n|upkeep\n|turn|6\n|\n|t:|1699835825\n|move|p1a: Pyroar|Psychic Fangs|p2a: Clodsire\n|-supereffective|p2a: Clodsire\n|-damage|p2a: Clodsire|25\/100\n|move|p2a: Clodsire|Toxic|p1a: Pyroar\n|-status|p1a: Pyroar|tox\n|\n|-heal|p2a: Clodsire|31\/100|[from] item: Leftovers\n|-damage|p1a: Pyroar|76\/100 tox|[from] psn\n|upkeep\n|turn|7\n|\n|t:|1699835835\n|switch|p2a: Corsola|Corsola-Galar, F|100\/100\n|move|p1a: Pyroar|Body Slam|p2a: Corsola\n|-immune|p2a: Corsola\n|\n|-damage|p1a: Pyroar|64\/100 tox|[from] psn\n|upkeep\n|turn|8\n|inactive|Qlazo has 120 seconds left.\n|\n|t:|1699835856\n|switch|p1a: Honchkrow|Honchkrow, M|21\/100\n|move|p2a: Corsola|Night Shade|p1a: Honchkrow\n|-damage|p1a: Honchkrow|0 fnt\n|faint|p1a: Honchkrow\n|\n|upkeep\n|\n|t:|1699835865\n|switch|p1a: Gengar|Gengar, M|100\/100\n|turn|9\n|\n|t:|1699835877\n|switch|p2a: Klefki|Klefki, F|100\/100\n|move|p1a: Gengar|Dazzling Gleam|p2a: Klefki\n|-resisted|p2a: Klefki\n|-damage|p2a: Klefki|82\/100\n|\n|-heal|p2a: Klefki|88\/100|[from] item: Leftovers\n|upkeep\n|turn|10\n|-message|SundayCandie forfeited.\n|\n|win|Qlazo\n|raw|SundayCandie's rating: 1127 &rarr; <strong>1093<\/strong><br \/>(-34 for losing)\n|raw|Qlazo's rating: 1000 &rarr; <strong>1054<\/strong><br \/>(+54 for winning)\n|l|\u2606SundayCandie\n","uploadtime":1699835912,"views":12,"p1id":"sundaycandie","p2id":"qlazo","formatid":"gen9nationaldex","rating":1054,"private":0,"password":""}