{"id":"gen9nationaldex-1995548347","p1":"Samurott500","p2":"lchx","format":"[Gen 9] National Dex","log":"|html|<div class=\"broadcast-blue\"><strong>[Gen 9] National Dex is currently suspecting Sneasler! For information on how to participate check out the <a href=\"https:\/\/www.smogon.com\/forums\/threads\/sv-national-dex-suspect-8-just-dance.3731534\/\">suspect thread<\/a>.<\/strong><\/div>\n|j|\u2606Samurott500\n|j|\u203dlchx\n|t:|1700581866\n|gametype|singles\n|player|p1|Samurott500|grimsley-gen7|1714\n|player|p2|lchx|ghetsis|1771\n|teamsize|p1|6\n|teamsize|p2|6\n|gen|9\n|tier|[Gen 9] National Dex\n|rated|\n|rule|HP Percentage Mod: HP is shown in percentages\n|rule|Endless Battle Clause: Forcing endless battles is banned\n|rule|OHKO Clause: OHKO moves are banned\n|rule|Evasion Clause: Evasion abilities, items, and moves are banned\n|rule|Evasion Abilities Clause: Evasion abilities are banned\n|rule|Evasion Items Clause: Evasion items are banned\n|rule|Evasion Moves Clause: Evasion moves are banned\n|rule|Species Clause: Limit one of each Pok\u00e9mon\n|rule|Sleep Clause Mod: Limit one foe put to sleep\n|clearpoke\n|poke|p1|Serperior, F|\n|poke|p1|Blaziken, M|\n|poke|p1|Hatterene, F|\n|poke|p1|Swampert, M|\n|poke|p1|Hydreigon, F|\n|poke|p1|Aegislash, F|\n|poke|p2|Rillaboom, F|\n|poke|p2|Iron Treads|\n|poke|p2|Iron Valiant|\n|poke|p2|Ceruledge, F|\n|poke|p2|Sneasler, M|\n|poke|p2|Nihilego|\n|teampreview\n|j| carlinss\n|\n|t:|1700581876\n|start\n|switch|p1a: Swampert|Swampert, M|100\/100\n|switch|p2a: Iron Treads|Iron Treads, shiny|100\/100\n|-enditem|p2a: Iron Treads|Booster Energy\n|-activate|p2a: Iron Treads|ability: Quark Drive|[fromitem]\n|-start|p2a: Iron Treads|quarkdrivespe\n|turn|1\n|\n|t:|1700581881\n|detailschange|p1a: Swampert|Swampert-Mega, M\n|-mega|p1a: Swampert|Swampert|Swampertite\n|move|p2a: Iron Treads|Stealth Rock|p1a: Swampert\n|-sidestart|p1: Samurott500|move: Stealth Rock\n|move|p1a: Swampert|Liquidation|p2a: Iron Treads\n|-supereffective|p2a: Iron Treads\n|-damage|p2a: Iron Treads|14\/100\n|\n|upkeep\n|turn|2\n|j| FlaminGecko\n|j| aaaapeng\n|\n|t:|1700581894\n|move|p2a: Iron Treads|Rapid Spin|p1a: Swampert\n|-damage|p1a: Swampert|92\/100\n|-boost|p2a: Iron Treads|spe|1\n|move|p1a: Swampert|Stealth Rock|p2a: Iron Treads\n|-sidestart|p2: lchx|move: Stealth Rock\n|\n|upkeep\n|turn|3\n|l| FlaminGecko\n|\n|t:|1700581900\n|switch|p1a: Aegislash|Aegislash, F|100\/100\n|-damage|p1a: Aegislash|94\/100|[from] Stealth Rock\n|move|p2a: Iron Treads|Rapid Spin|p1a: Aegislash\n|-immune|p1a: Aegislash\n|\n|-heal|p1a: Aegislash|100\/100|[from] item: Leftovers\n|upkeep\n|turn|4\n|\n|t:|1700581913\n|-formechange|p1a: Aegislash|Aegislash-Blade||[from] ability: Stance Change\n|move|p1a: Aegislash|Shadow Sneak|p2a: Iron Treads\n|-damage|p2a: Iron Treads|0 fnt\n|faint|p2a: Iron Treads\n|-end|p2a: Iron Treads|Quark Drive|[silent]\n|\n|upkeep\n|\n|t:|1700581918\n|switch|p2a: Rillaboom|Rillaboom, F, shiny|100\/100\n|-damage|p2a: Rillaboom|88\/100|[from] Stealth Rock\n|-fieldstart|move: Grassy Terrain|[from] ability: Grassy Surge|[of] p2a: Rillaboom\n|turn|5\n|\n|t:|1700581923\n|-formechange|p1a: Aegislash|Aegislash||[from] ability: Stance Change\n|move|p1a: Aegislash|King's Shield|p1a: Aegislash\n|-singleturn|p1a: Aegislash|Protect\n|move|p2a: Rillaboom|Knock Off|p1a: Aegislash\n|-activate|p1a: Aegislash|move: Protect\n|-unboost|p2a: Rillaboom|atk|1\n|\n|-heal|p2a: Rillaboom|94\/100|[from] Grassy Terrain\n|-heal|p2a: Rillaboom|100\/100|[from] item: Leftovers\n|upkeep\n|turn|6\n|\n|t:|1700581934\n|switch|p1a: Hydreigon|Hydreigon, F|100\/100\n|-damage|p1a: Hydreigon|88\/100|[from] Stealth Rock\n|move|p2a: Rillaboom|U-turn|p1a: Hydreigon\n|-supereffective|p1a: Hydreigon\n|-damage|p1a: Hydreigon|54\/100\n|\n|t:|1700581941\n|switch|p2a: Iron Valiant|Iron Valiant, shiny|100\/100|[from] U-turn\n|-damage|p2a: Iron Valiant|94\/100|[from] Stealth Rock\n|-enditem|p2a: Iron Valiant|Booster Energy\n|-activate|p2a: Iron Valiant|ability: Quark Drive|[fromitem]\n|-start|p2a: Iron Valiant|quarkdrivespe\n|\n|-heal|p2a: Iron Valiant|100\/100|[from] Grassy Terrain\n|upkeep\n|turn|7\n|\n|t:|1700581950\n|switch|p1a: Aegislash|Aegislash, F|100\/100\n|-damage|p1a: Aegislash|94\/100|[from] Stealth Rock\n|move|p2a: Iron Valiant|Moonblast|p1a: Aegislash\n|-resisted|p1a: Aegislash\n|-damage|p1a: Aegislash|80\/100\n|\n|-heal|p1a: Aegislash|86\/100|[from] Grassy Terrain\n|-heal|p1a: Aegislash|92\/100|[from] item: Leftovers\n|upkeep\n|turn|8\n|\n|t:|1700581957\n|move|p2a: Iron Valiant|Destiny Bond|p2a: Iron Valiant\n|-singlemove|p2a: Iron Valiant|Destiny Bond\n|-formechange|p1a: Aegislash|Aegislash-Blade||[from] ability: Stance Change\n|move|p1a: Aegislash|Iron Head|p2a: Iron Valiant\n|-supereffective|p2a: Iron Valiant\n|-damage|p2a: Iron Valiant|0 fnt\n|faint|p2a: Iron Valiant\n|-activate|p2a: Iron Valiant|move: Destiny Bond\n|-end|p2a: Iron Valiant|Quark Drive|[silent]\n|faint|p1a: Aegislash\n|\n|upkeep\n|\n|t:|1700581970\n|switch|p2a: Nihilego|Nihilego|100\/100\n|switch|p1a: Blaziken|Blaziken, M|100\/100\n|-damage|p2a: Nihilego|88\/100|[from] Stealth Rock\n|-damage|p1a: Blaziken|88\/100|[from] Stealth Rock\n|turn|9\n|\n|t:|1700581977\n|move|p1a: Blaziken|Protect|p1a: Blaziken\n|-singleturn|p1a: Blaziken|Protect\n|move|p2a: Nihilego|Meteor Beam||[still]\n|-prepare|p2a: Nihilego|Meteor Beam\n|-boost|p2a: Nihilego|spa|1\n|-enditem|p2a: Nihilego|Power Herb\n|-anim|p2a: Nihilego|Meteor Beam|p1a: Blaziken\n|-activate|p1a: Blaziken|move: Protect\n|\n|-heal|p2a: Nihilego|94\/100|[from] Grassy Terrain\n|-heal|p1a: Blaziken|94\/100|[from] Grassy Terrain\n|-fieldend|move: Grassy Terrain\n|-ability|p1a: Blaziken|Speed Boost|boost\n|-boost|p1a: Blaziken|spe|1\n|upkeep\n|turn|10\n|\n|t:|1700581991\n|-terastallize|p2a: Nihilego|Flying\n|move|p1a: Blaziken|Close Combat|p2a: Nihilego\n|-resisted|p2a: Nihilego\n|-damage|p2a: Nihilego|46\/100\n|-unboost|p1a: Blaziken|def|1\n|-unboost|p1a: Blaziken|spd|1\n|move|p2a: Nihilego|Sludge Wave|p1a: Blaziken\n|-damage|p1a: Blaziken|0 fnt\n|faint|p1a: Blaziken\n|-ability|p2a: Nihilego|Beast Boost|boost\n|-boost|p2a: Nihilego|spe|1\n|\n|upkeep\n|\n|t:|1700581995\n|switch|p1a: Swampert|Swampert-Mega, M|92\/100\n|-damage|p1a: Swampert|85\/100|[from] Stealth Rock\n|turn|11\n|\n|t:|1700582002\n|move|p2a: Nihilego|Grass Knot|p1a: Swampert\n|-supereffective|p1a: Swampert\n|-damage|p1a: Swampert|0 fnt\n|faint|p1a: Swampert\n|-ability|p2a: Nihilego|Beast Boost|boost\n|-boost|p2a: Nihilego|spe|1\n|\n|upkeep\n|-message|Samurott500 forfeited.\n|\n|win|lchx\n|raw|Samurott500's rating: 1714 &rarr; <strong>1697<\/strong><br \/>(-17 for losing)\n|raw|lchx's rating: 1771 &rarr; <strong>1788<\/strong><br \/>(+17 for winning)\n|l|\u2606Samurott500\n|l|\u203dlchx\n|l| carlinss\n","uploadtime":1700582036,"views":0,"p1id":"samurott500","p2id":"lchx","formatid":"gen9nationaldex","rating":1697,"private":0,"password":""}