{"id":"gen9nationaldex-1998590673","p1":"Edow","p2":"Felix Fathom","format":"[Gen 9] National Dex","log":"|html|<div class=\"broadcast-blue\"><strong>[Gen 9] National Dex is currently suspecting Sneasler! For information on how to participate check out the <a href=\"https:\/\/www.smogon.com\/forums\/threads\/sv-national-dex-suspect-8-just-dance.3731534\/\">suspect thread<\/a>.<\/strong><\/div>\n|j|\u2606Edow\n|j|\u2606Felix Fathom\n|t:|1700960184\n|gametype|singles\n|player|p1|Edow|n|\n|player|p2|Felix Fathom|ghetsis|\n|teamsize|p1|6\n|teamsize|p2|6\n|gen|9\n|tier|[Gen 9] National Dex\n|rule|HP Percentage Mod: HP is shown in percentages\n|rule|Endless Battle Clause: Forcing endless battles is banned\n|rule|OHKO Clause: OHKO moves are banned\n|rule|Evasion Clause: Evasion abilities, items, and moves are banned\n|rule|Evasion Abilities Clause: Evasion abilities are banned\n|rule|Evasion Items Clause: Evasion items are banned\n|rule|Evasion Moves Clause: Evasion moves are banned\n|rule|Species Clause: Limit one of each Pok\u00e9mon\n|rule|Sleep Clause Mod: Limit one foe put to sleep\n|clearpoke\n|poke|p1|Volcarona, F|\n|poke|p1|Iron Valiant|\n|poke|p1|Greninja-*, M|\n|poke|p1|Great Tusk|\n|poke|p1|Sneasler, F|\n|poke|p1|Clodsire, M|\n|poke|p2|Landorus-Therian, M|\n|poke|p2|Charizard, M|\n|poke|p2|Kommo-o, M|\n|poke|p2|Tapu Lele|\n|poke|p2|Ferrothorn, M|\n|poke|p2|Gengar, M|\n|teampreview\n|inactive|Battle timer is ON: inactive players will automatically lose when time's up. (requested by Edow)\n|\n|t:|1700960193\n|start\n|switch|p1a: Volcarona|Volcarona, F|100\/100\n|switch|p2a: Landorus|Landorus-Therian, M|100\/100\n|-ability|p2a: Landorus|Intimidate|boost\n|-unboost|p1a: Volcarona|atk|1\n|turn|1\n|\n|t:|1700960205\n|move|p2a: Landorus|Earthquake|p1a: Volcarona\n|-damage|p1a: Volcarona|19\/100\n|move|p1a: Volcarona|Quiver Dance|p1a: Volcarona\n|-boost|p1a: Volcarona|spa|1\n|-boost|p1a: Volcarona|spd|1\n|-boost|p1a: Volcarona|spe|1\n|\n|upkeep\n|turn|2\n|\n|t:|1700960223\n|move|p1a: Volcarona|Fiery Dance|p2a: Landorus\n|-damage|p2a: Landorus|15\/100\n|-boost|p1a: Volcarona|spa|1\n|-enditem|p2a: Landorus|Sitrus Berry|[eat]\n|-heal|p2a: Landorus|39\/100|[from] item: Sitrus Berry\n|move|p2a: Landorus|Earthquake|p1a: Volcarona\n|-damage|p1a: Volcarona|0 fnt\n|faint|p1a: Volcarona\n|\n|upkeep\n|\n|t:|1700960233\n|switch|p1a: Greninja|Greninja, M|100\/100\n|turn|3\n|\n|t:|1700960245\n|move|p1a: Greninja|Dark Pulse|p2a: Landorus\n|-damage|p2a: Landorus|0 fnt\n|faint|p2a: Landorus\n|-ability|p1a: Greninja|Battle Bond|boost\n|-boost|p1a: Greninja|atk|1\n|-boost|p1a: Greninja|spa|1\n|-boost|p1a: Greninja|spe|1\n|-activate|p1a: Greninja|ability: Battle Bond\n|\n|upkeep\n|\n|t:|1700960254\n|switch|p2a: Ferrothorn|Ferrothorn, M|100\/100\n|turn|4\n|\n|t:|1700960261\n|move|p1a: Greninja|Dark Pulse|p2a: Ferrothorn\n|-damage|p2a: Ferrothorn|59\/100\n|move|p2a: Ferrothorn|Toxic|p1a: Greninja\n|-status|p1a: Greninja|tox\n|\n|-heal|p2a: Ferrothorn|65\/100|[from] item: Leftovers\n|-damage|p1a: Greninja|95\/100 tox|[from] psn\n|upkeep\n|turn|5\n|\n|t:|1700960279\n|move|p1a: Greninja|Dark Pulse|p2a: Ferrothorn\n|-damage|p2a: Ferrothorn|23\/100\n|move|p2a: Ferrothorn|Leech Seed|p1a: Greninja\n|-start|p1a: Greninja|move: Leech Seed\n|\n|-heal|p2a: Ferrothorn|29\/100|[from] item: Leftovers\n|-damage|p1a: Greninja|82\/100 tox|[from] Leech Seed|[of] p2a: Ferrothorn\n|-heal|p2a: Ferrothorn|40\/100|[silent]\n|-damage|p1a: Greninja|70\/100 tox|[from] psn\n|upkeep\n|turn|6\n|\n|t:|1700960293\n|move|p1a: Greninja|Dark Pulse|p2a: Ferrothorn\n|-damage|p2a: Ferrothorn|0 fnt\n|faint|p2a: Ferrothorn\n|\n|-damage|p1a: Greninja|52\/100 tox|[from] psn\n|upkeep\n|\n|t:|1700960304\n|switch|p2a: Kommo-o|Kommo-o, M|100\/100\n|turn|7\n|\n|t:|1700960309\n|move|p1a: Greninja|Ice Beam|p2a: Kommo-o\n|-supereffective|p2a: Kommo-o\n|-damage|p2a: Kommo-o|15\/100\n|-zpower|p2a: Kommo-o\n|move|p2a: Kommo-o|Clangorous Soulblaze|p1a: Greninja|[zeffect]\n|-crit|p1a: Greninja\n|-damage|p1a: Greninja|0 fnt\n|faint|p1a: Greninja\n|-boost|p2a: Kommo-o|atk|1\n|-boost|p2a: Kommo-o|def|1\n|-boost|p2a: Kommo-o|spa|1\n|-boost|p2a: Kommo-o|spd|1\n|-boost|p2a: Kommo-o|spe|1\n|\n|upkeep\n|\n|t:|1700960324\n|switch|p1a: Iron Valiant|Iron Valiant|100\/100\n|-enditem|p1a: Iron Valiant|Booster Energy\n|-activate|p1a: Iron Valiant|ability: Quark Drive|[fromitem]\n|-start|p1a: Iron Valiant|quarkdrivespe\n|turn|8\n|\n|t:|1700960335\n|move|p1a: Iron Valiant|Psychic|p2a: Kommo-o\n|-supereffective|p2a: Kommo-o\n|-damage|p2a: Kommo-o|0 fnt\n|faint|p2a: Kommo-o\n|\n|upkeep\n|\n|t:|1700960339\n|switch|p2a: Gengar|Gengar, M|100\/100\n|turn|9\n|\n|t:|1700960347\n|move|p1a: Iron Valiant|Psychic|p2a: Gengar\n|-supereffective|p2a: Gengar\n|-damage|p2a: Gengar|5\/100\n|-start|p1a: Iron Valiant|Disable|Psychic|[from] ability: Cursed Body|[of] p2a: Gengar\n|move|p2a: Gengar|Sludge Bomb|p1a: Iron Valiant\n|-supereffective|p1a: Iron Valiant\n|-damage|p1a: Iron Valiant|0 fnt\n|faint|p1a: Iron Valiant\n|-end|p1a: Iron Valiant|Quark Drive|[silent]\n|\n|upkeep\n|\n|t:|1700960367\n|switch|p1a: Sneasler|Sneasler, F|100\/100\n|-item|p1a: Sneasler|Air Balloon\n|turn|10\n|inactive|Edow has 270 seconds left.\n|\n|t:|1700960398\n|switch|p1a: Clodsire|Clodsire, M|100\/100\n|move|p2a: Gengar|Shadow Ball|p1a: Clodsire\n|-crit|p1a: Clodsire\n|-damage|p1a: Clodsire|67\/100\n|\n|-heal|p1a: Clodsire|74\/100|[from] item: Black Sludge\n|upkeep\n|turn|11\n|inactive|Edow has 270 seconds left.\n|\n|t:|1700960408\n|move|p2a: Gengar|Will-O-Wisp|p1a: Clodsire\n|-status|p1a: Clodsire|brn\n|move|p1a: Clodsire|Earthquake|p2a: Gengar\n|-supereffective|p2a: Gengar\n|-damage|p2a: Gengar|0 fnt\n|-start|p1a: Clodsire|Disable|Earthquake|[from] ability: Cursed Body|[of] p2a: Gengar\n|faint|p2a: Gengar\n|\n|-heal|p1a: Clodsire|80\/100 brn|[from] item: Black Sludge\n|-damage|p1a: Clodsire|74\/100 brn|[from] brn\n|upkeep\n|\n|t:|1700960428\n|switch|p2a: Tapu Lele|Tapu Lele|100\/100\n|-fieldstart|move: Psychic Terrain|[from] ability: Psychic Surge|[of] p2a: Tapu Lele\n|turn|12\n|\n|t:|1700960435\n|move|p2a: Tapu Lele|Psychic|p1a: Clodsire\n|-supereffective|p1a: Clodsire\n|-damage|p1a: Clodsire|0 fnt\n|faint|p1a: Clodsire\n|\n|upkeep\n|\n|t:|1700960440\n|switch|p1a: Great Tusk|Great Tusk|100\/100\n|turn|13\n|\n|t:|1700960450\n|-terastallize|p1a: Great Tusk|Flying\n|move|p2a: Tapu Lele|Psychic|p1a: Great Tusk\n|-damage|p1a: Great Tusk|15\/100\n|move|p1a: Great Tusk|Headlong Rush|p2a: Tapu Lele\n|-damage|p2a: Tapu Lele|1\/100\n|-unboost|p1a: Great Tusk|def|1\n|-unboost|p1a: Great Tusk|spd|1\n|\n|-heal|p1a: Great Tusk|21\/100|[from] item: Leftovers\n|upkeep\n|turn|14\n|\n|t:|1700960464\n|move|p2a: Tapu Lele|Draining Kiss|p1a: Great Tusk\n|-damage|p1a: Great Tusk|0 fnt\n|-heal|p2a: Tapu Lele|25\/100|[from] drain|[of] p1a: Great Tusk\n|faint|p1a: Great Tusk\n|-end|p1a: Great Tusk|Protosynthesis|[silent]\n|\n|upkeep\n|c|\u2606Edow|Gg\n|\n|t:|1700960471\n|switch|p1a: Sneasler|Sneasler, F|100\/100\n|-item|p1a: Sneasler|Air Balloon\n|turn|15\n|\n|t:|1700960481\n|move|p1a: Sneasler|Dire Claw|p2a: Tapu Lele\n|-supereffective|p2a: Tapu Lele\n|-damage|p2a: Tapu Lele|0 fnt\n|faint|p2a: Tapu Lele\n|\n|upkeep\n|c|\u2606Edow|a\n|\n|t:|1700960488\n|switch|p2a: Charizard|Charizard, M|100\/100\n|turn|16\n|\n|t:|1700960495\n|detailschange|p2a: Charizard|Charizard-Mega-Y, M\n|-mega|p2a: Charizard|Charizard|Charizardite Y\n|-weather|SunnyDay|[from] ability: Drought|[of] p2a: Charizard\n|move|p1a: Sneasler|Dire Claw|p2a: Charizard\n|-damage|p2a: Charizard|39\/100\n|move|p2a: Charizard|Weather Ball|p1a: Sneasler\n|-damage|p1a: Sneasler|0 fnt\n|-enditem|p1a: Sneasler|Air Balloon\n|faint|p1a: Sneasler\n|\n|win|Felix Fathom\n","uploadtime":1700960511,"views":3,"p1id":"edow","p2id":"felixfathom","formatid":"gen9nationaldex","rating":0,"private":0,"password":""}