{"id":"gen9nationaldex-1998257023","p1":"haoke","p2":"NDSNEZ Top","format":"[Gen 9] National Dex","log":"|html|<div class=\"broadcast-blue\"><strong>[Gen 9] National Dex is currently suspecting Sneasler! For information on how to participate check out the <a href=\"https:\/\/www.smogon.com\/forums\/threads\/sv-national-dex-suspect-8-just-dance.3731534\/\">suspect thread<\/a>.<\/strong><\/div>\n|j|\u2606haoke\n|j|\u2606NDSNEZ Top\n|t:|1700920836\n|gametype|singles\n|player|p1|haoke|dawn|1252\n|player|p2|NDSNEZ Top|janitor|1361\n|teamsize|p1|6\n|teamsize|p2|6\n|gen|9\n|tier|[Gen 9] National Dex\n|rated|\n|rule|HP Percentage Mod: HP is shown in percentages\n|rule|Endless Battle Clause: Forcing endless battles is banned\n|rule|OHKO Clause: OHKO moves are banned\n|rule|Evasion Clause: Evasion abilities, items, and moves are banned\n|rule|Evasion Abilities Clause: Evasion abilities are banned\n|rule|Evasion Items Clause: Evasion items are banned\n|rule|Evasion Moves Clause: Evasion moves are banned\n|rule|Species Clause: Limit one of each Pok\u00e9mon\n|rule|Sleep Clause Mod: Limit one foe put to sleep\n|clearpoke\n|poke|p1|Mandibuzz, F|\n|poke|p1|Ditto|\n|poke|p1|Drilbur, F|\n|poke|p1|Hippopotas, F|\n|poke|p1|Lairon, M|\n|poke|p1|Omanyte, M|\n|poke|p2|Landorus-Therian, M|\n|poke|p2|Tapu Koko|\n|poke|p2|Gyarados, M|\n|poke|p2|Volcarona, M|\n|poke|p2|Sneasler, F|\n|poke|p2|Iron Valiant|\n|teampreview\n|inactive|Battle timer is ON: inactive players will automatically lose when time's up. (requested by NDSNEZ Top)\n|\n|t:|1700920860\n|start\n|switch|p1a: Hippopotas|Hippopotas, F|100\/100\n|switch|p2a: Landorus|Landorus-Therian, M|100\/100\n|-ability|p2a: Landorus|Intimidate|boost\n|-unboost|p1a: Hippopotas|atk|1\n|-weather|Sandstorm|[from] ability: Sand Stream|[of] p1a: Hippopotas\n|turn|1\n|\n|t:|1700920866\n|switch|p1a: Omanyte|Omanyte, M|100\/100\n|move|p2a: Landorus|Taunt|p1a: Omanyte\n|-start|p1a: Omanyte|move: Taunt\n|\n|-weather|Sandstorm|[upkeep]\n|upkeep\n|turn|2\n|\n|t:|1700920871\n|move|p2a: Landorus|Stealth Rock|p1a: Omanyte\n|-sidestart|p1: haoke|move: Stealth Rock\n|move|p1a: Omanyte|Hydro Pump|p2a: Landorus\n|-supereffective|p2a: Landorus\n|-enditem|p2a: Landorus|Focus Sash\n|-damage|p2a: Landorus|1\/100\n|\n|-weather|Sandstorm|[upkeep]\n|upkeep\n|turn|3\n|\n|t:|1700920877\n|move|p2a: Landorus|Earthquake|p1a: Omanyte\n|-supereffective|p1a: Omanyte\n|-enditem|p1a: Omanyte|Focus Sash\n|-damage|p1a: Omanyte|1\/100\n|-ability|p1a: Omanyte|Weak Armor|boost\n|-unboost|p1a: Omanyte|def|1\n|-boost|p1a: Omanyte|spe|2\n|move|p1a: Omanyte|Ice Beam|p2a: Landorus\n|-supereffective|p2a: Landorus\n|-damage|p2a: Landorus|0 fnt\n|faint|p2a: Landorus\n|\n|-weather|Sandstorm|[upkeep]\n|-end|p1a: Omanyte|move: Taunt\n|upkeep\n|\n|t:|1700920892\n|switch|p2a: Tapu Koko|Tapu Koko|100\/100\n|-fieldstart|move: Electric Terrain|[from] ability: Electric Surge|[of] p2a: Tapu Koko\n|turn|4\n|\n|t:|1700920900\n|move|p2a: Tapu Koko|Hidden Power|p1a: Omanyte\n|-resisted|p1a: Omanyte\n|-damage|p1a: Omanyte|0 fnt\n|faint|p1a: Omanyte\n|\n|-weather|Sandstorm|[upkeep]\n|-damage|p2a: Tapu Koko|94\/100|[from] Sandstorm\n|upkeep\n|\n|t:|1700920904\n|switch|p1a: Drilbur|Drilbur, F|100\/100\n|-damage|p1a: Drilbur|94\/100|[from] Stealth Rock\n|turn|5\n|\n|t:|1700920912\n|move|p1a: Drilbur|Earthquake|p2a: Tapu Koko\n|-supereffective|p2a: Tapu Koko\n|-damage|p2a: Tapu Koko|0 fnt\n|faint|p2a: Tapu Koko\n|\n|-weather|none\n|upkeep\n|\n|t:|1700920917\n|switch|p2a: Gyarados|Gyarados, M|100\/100\n|-ability|p2a: Gyarados|Intimidate|boost\n|-unboost|p1a: Drilbur|atk|1\n|turn|6\n|\n|t:|1700920927\n|switch|p1a: Mandibuzz|Mandibuzz, F|100\/100\n|detailschange|p2a: Gyarados|Gyarados-Mega, M\n|-mega|p2a: Gyarados|Gyarados|Gyaradosite\n|-ability|p2a: Gyarados|Mold Breaker\n|move|p2a: Gyarados|Waterfall|p1a: Mandibuzz\n|-damage|p1a: Mandibuzz|74\/100\n|\n|upkeep\n|turn|7\n|\n|t:|1700920937\n|switch|p2a: Iron Valiant|Iron Valiant|100\/100\n|-activate|p2a: Iron Valiant|ability: Quark Drive\n|-start|p2a: Iron Valiant|quarkdrivespe\n|move|p1a: Mandibuzz|Defog|p2a: Iron Valiant\n|-unboost|p2a: Iron Valiant|evasion|1\n|-sideend|p1: haoke|Stealth Rock|[from] move: Defog|[of] p1a: Mandibuzz\n|-fieldend|move: Electric Terrain\n|-end|p2a: Iron Valiant|Quark Drive\n|\n|upkeep\n|turn|8\n|\n|t:|1700920949\n|switch|p1a: Hippopotas|Hippopotas, F|100\/100\n|-weather|Sandstorm|[from] ability: Sand Stream|[of] p1a: Hippopotas\n|move|p2a: Iron Valiant|Moonblast|p1a: Hippopotas\n|-damage|p1a: Hippopotas|64\/100\n|-unboost|p1a: Hippopotas|spa|1\n|\n|-weather|Sandstorm|[upkeep]\n|-damage|p2a: Iron Valiant|94\/100|[from] Sandstorm\n|upkeep\n|turn|9\n|\n|t:|1700920961\n|move|p2a: Iron Valiant|Knock Off|p1a: Hippopotas\n|-damage|p1a: Hippopotas|40\/100\n|-enditem|p1a: Hippopotas|Eviolite|[from] move: Knock Off|[of] p2a: Iron Valiant\n|move|p1a: Hippopotas|Stealth Rock|p2a: Iron Valiant\n|-sidestart|p2: NDSNEZ Top|move: Stealth Rock\n|\n|-weather|Sandstorm|[upkeep]\n|-damage|p2a: Iron Valiant|88\/100|[from] Sandstorm\n|upkeep\n|turn|10\n|\n|t:|1700920969\n|move|p2a: Iron Valiant|Moonblast|p1a: Hippopotas\n|-crit|p1a: Hippopotas\n|-damage|p1a: Hippopotas|0 fnt\n|faint|p1a: Hippopotas\n|\n|-weather|Sandstorm|[upkeep]\n|-damage|p2a: Iron Valiant|82\/100|[from] Sandstorm\n|upkeep\n|\n|t:|1700920973\n|switch|p1a: Drilbur|Drilbur, F|94\/100\n|turn|11\n|\n|t:|1700920991\n|-terastallize|p1a: Drilbur|Ground\n|move|p1a: Drilbur|Earthquake|p2a: Iron Valiant\n|-damage|p2a: Iron Valiant|0 fnt\n|faint|p2a: Iron Valiant\n|-end|p2a: Iron Valiant|Quark Drive|[silent]\n|\n|-weather|Sandstorm|[upkeep]\n|upkeep\n|\n|t:|1700920998\n|switch|p2a: Volcarona|Volcarona, M|100\/100\n|turn|12\n|\n|t:|1700921008\n|-terastallize|p2a: Volcarona|Grass\n|move|p1a: Drilbur|Earthquake|p2a: Volcarona\n|-resisted|p2a: Volcarona\n|-damage|p2a: Volcarona|29\/100\n|move|p2a: Volcarona|Giga Drain|p1a: Drilbur\n|-supereffective|p1a: Drilbur\n|-damage|p1a: Drilbur|0 fnt\n|-heal|p2a: Volcarona|69\/100|[from] drain|[of] p1a: Drilbur\n|faint|p1a: Drilbur\n|\n|-weather|none\n|upkeep\n|\n|t:|1700921016\n|switch|p1a: Ditto|Ditto|100\/100\n|-transform|p1a: Ditto|p2a: Volcarona|[from] ability: Imposter\n|-start|p1a: Ditto|typechange|Bug\/Fire|[silent]\n|turn|13\n|\n|t:|1700921025\n|move|p1a: Ditto|Fiery Dance|p2a: Volcarona\n|-supereffective|p2a: Volcarona\n|-damage|p2a: Volcarona|0 fnt\n|-boost|p1a: Ditto|spa|1\n|faint|p2a: Volcarona\n|\n|upkeep\n|\n|t:|1700921033\n|switch|p2a: Sneasler|Sneasler, F, shiny|100\/100\n|-damage|p2a: Sneasler|95\/100|[from] Stealth Rock\n|turn|14\n|\n|t:|1700921040\n|move|p1a: Ditto|Fiery Dance|p2a: Sneasler\n|-damage|p2a: Sneasler|0 fnt\n|-boost|p1a: Ditto|spa|1\n|faint|p2a: Sneasler\n|\n|upkeep\n|-message|NDSNEZ Top forfeited.\n|\n|win|haoke\n|raw|haoke's rating: 1252 &rarr; <strong>1285<\/strong><br \/>(+33 for winning)\n|raw|NDSNEZ Top's rating: 1361 &rarr; <strong>1335<\/strong><br \/>(-26 for losing)\n|l|\u2606NDSNEZ Top\n","uploadtime":1700921092,"views":0,"p1id":"haoke","p2id":"ndsneztop","formatid":"gen9nationaldex","rating":1285,"private":0,"password":""}