{"id":"gen9nationaldex-1987372902","p1":"Gleameyes999","p2":"turtletime10","format":"[Gen 9] National Dex","log":"|j|\u2606Gleameyes999\n|j|\u2606turtletime10\n|t:|1699583144\n|gametype|singles\n|player|p1|Gleameyes999|koga|1089\n|player|p2|turtletime10|nate|1049\n|teamsize|p1|6\n|teamsize|p2|6\n|gen|9\n|tier|[Gen 9] National Dex\n|rated|\n|rule|HP Percentage Mod: HP is shown in percentages\n|rule|Endless Battle Clause: Forcing endless battles is banned\n|rule|OHKO Clause: OHKO moves are banned\n|rule|Evasion Clause: Evasion abilities, items, and moves are banned\n|rule|Evasion Abilities Clause: Evasion abilities are banned\n|rule|Evasion Items Clause: Evasion items are banned\n|rule|Evasion Moves Clause: Evasion moves are banned\n|rule|Species Clause: Limit one of each Pok\u00e9mon\n|rule|Sleep Clause Mod: Limit one foe put to sleep\n|clearpoke\n|poke|p1|Hitmontop, M|\n|poke|p1|Galvantula, M|\n|poke|p1|Starmie|\n|poke|p1|Ferrothorn, M|\n|poke|p1|Dragonite, M|\n|poke|p1|Magmortar, F|\n|poke|p2|Charizard, F|\n|poke|p2|Greninja-*, M|\n|poke|p2|Corviknight, M|\n|poke|p2|Ninetales-Alola, F|\n|poke|p2|Ogerpon-Cornerstone, F|\n|poke|p2|Latios, M|\n|teampreview\n|\n|t:|1699583167\n|start\n|switch|p1a: Galvantula|Galvantula, M|100\/100\n|switch|p2a: Greninja|Greninja, M, shiny|100\/100\n|turn|1\n|\n|t:|1699583195\n|switch|p2a: Ogerpon|Ogerpon-Cornerstone, F|100\/100\n|move|p1a: Galvantula|Sticky Web|p2a: Ogerpon\n|-sidestart|p2: turtletime10|move: Sticky Web\n|\n|upkeep\n|turn|2\n|\n|t:|1699583208\n|move|p1a: Galvantula|Volt Switch|p2a: Ogerpon\n|-resisted|p2a: Ogerpon\n|-damage|p2a: Ogerpon|86\/100\n|\n|t:|1699583216\n|switch|p1a: Hitmontop|Hitmontop, M|100\/100|[from] Volt Switch\n|move|p2a: Ogerpon|Ivy Cudgel|p1a: Hitmontop\n|-resisted|p1a: Hitmontop\n|-damage|p1a: Hitmontop|72\/100\n|\n|upkeep\n|turn|3\n|\n|t:|1699583231\n|move|p2a: Ogerpon|Play Rough|p1a: Hitmontop\n|-supereffective|p1a: Hitmontop\n|-damage|p1a: Hitmontop|6\/100\n|move|p1a: Hitmontop|Triple Axel|p2a: Ogerpon\n|-supereffective|p2a: Ogerpon\n|-damage|p2a: Ogerpon|69\/100\n|-supereffective|p2a: Ogerpon\n|-damage|p2a: Ogerpon|36\/100\n|-supereffective|p2a: Ogerpon\n|-damage|p2a: Ogerpon|0 fnt\n|faint|p2a: Ogerpon\n|-hitcount|p2: Ogerpon|3\n|\n|upkeep\n|\n|t:|1699583243\n|switch|p2a: Corviknight|Corviknight, M, shiny|100\/100\n|-ability|p2a: Corviknight|Pressure\n|turn|4\n|\n|t:|1699583262\n|switch|p1a: Magmortar|Magmortar, F|100\/100\n|move|p2a: Corviknight|Iron Head|p1a: Magmortar\n|-resisted|p1a: Magmortar\n|-damage|p1a: Magmortar|80\/100\n|\n|upkeep\n|turn|5\n|inactive|Battle timer is ON: inactive players will automatically lose when time's up. (requested by turtletime10)\n|\n|t:|1699583272\n|switch|p2a: Greninja|Greninja, M, shiny|100\/100\n|-activate|p2a: Greninja|move: Sticky Web\n|-unboost|p2a: Greninja|spe|1\n|move|p1a: Magmortar|Heat Wave|p2a: Greninja\n|-resisted|p2a: Greninja\n|-damage|p2a: Greninja|61\/100\n|-damage|p1a: Magmortar|70\/100|[from] item: Life Orb\n|\n|upkeep\n|turn|6\n|\n|t:|1699583285\n|move|p1a: Magmortar|Thunderbolt|p2a: Greninja\n|-supereffective|p2a: Greninja\n|-damage|p2a: Greninja|0 fnt\n|faint|p2a: Greninja\n|-damage|p1a: Magmortar|60\/100|[from] item: Life Orb\n|\n|upkeep\n|\n|t:|1699583307\n|switch|p2a: Charizard|Charizard, F|100\/100\n|turn|7\n|\n|t:|1699583315\n|detailschange|p2a: Charizard|Charizard-Mega-X, F\n|-mega|p2a: Charizard|Charizard|Charizardite X\n|move|p1a: Magmortar|Thunderbolt|p2a: Charizard\n|-resisted|p2a: Charizard\n|-damage|p2a: Charizard|83\/100\n|-damage|p1a: Magmortar|50\/100|[from] item: Life Orb\n|move|p2a: Charizard|Scorching Sands|p1a: Magmortar\n|-supereffective|p1a: Magmortar\n|-damage|p1a: Magmortar|4\/100\n|\n|upkeep\n|turn|8\n|inactive|turtletime10 has 120 seconds left.\n|\n|t:|1699583337\n|move|p1a: Magmortar|Scorching Sands|p2a: Charizard\n|-supereffective|p2a: Charizard\n|-damage|p2a: Charizard|30\/100\n|-damage|p1a: Magmortar|0 fnt|[from] item: Life Orb\n|faint|p1a: Magmortar\n|move|p2a: Charizard|Dragon Pulse|p1: Magmortar|[notarget]\n|-fail|p2a: Charizard\n|\n|upkeep\n|\n|t:|1699583351\n|switch|p1a: Starmie|Starmie|100\/100\n|turn|9\n|\n|t:|1699583363\n|move|p1a: Starmie|Thunder Wave|p2a: Charizard\n|-status|p2a: Charizard|par\n|move|p2a: Charizard|Dragon Pulse|p1a: Starmie\n|-damage|p1a: Starmie|44\/100\n|\n|-heal|p1a: Starmie|50\/100|[from] item: Leftovers\n|upkeep\n|turn|10\n|\n|t:|1699583374\n|move|p1a: Starmie|Scald|p2a: Charizard\n|-damage|p2a: Charizard|0 fnt\n|faint|p2a: Charizard\n|\n|-heal|p1a: Starmie|56\/100|[from] item: Leftovers\n|upkeep\n|\n|t:|1699583384\n|switch|p2a: Latios|Latios, M, shiny|100\/100\n|turn|11\n|\n|t:|1699583397\n|move|p1a: Starmie|Thunder Wave|p2a: Latios\n|-status|p2a: Latios|par\n|move|p2a: Latios|Ice Beam|p1a: Starmie\n|-resisted|p1a: Starmie\n|-damage|p1a: Starmie|36\/100\n|\n|-heal|p1a: Starmie|42\/100|[from] item: Leftovers\n|upkeep\n|turn|12\n|\n|t:|1699583408\n|move|p1a: Starmie|Scald|p2a: Latios\n|-resisted|p2a: Latios\n|-damage|p2a: Latios|86\/100 par\n|move|p2a: Latios|Psychic|p1a: Starmie\n|-resisted|p1a: Starmie\n|-damage|p1a: Starmie|7\/100\n|\n|-heal|p1a: Starmie|13\/100|[from] item: Leftovers\n|upkeep\n|turn|13\n|\n|t:|1699583430\n|move|p1a: Starmie|Scald|p2a: Latios\n|-resisted|p2a: Latios\n|-damage|p2a: Latios|70\/100 par\n|move|p2a: Latios|Psychic|p1a: Starmie\n|-resisted|p1a: Starmie\n|-damage|p1a: Starmie|0 fnt\n|faint|p1a: Starmie\n|\n|upkeep\n|\n|t:|1699583441\n|switch|p1a: Dragonite|Dragonite, M|100\/100\n|turn|14\n|\n|t:|1699583454\n|switch|p2a: Ninetales|Ninetales-Alola, F, shiny|100\/100\n|-activate|p2a: Ninetales|move: Sticky Web\n|-unboost|p2a: Ninetales|spe|1\n|-weather|Snow|[from] ability: Snow Warning|[of] p2a: Ninetales\n|-terastallize|p1a: Dragonite|Normal\n|move|p1a: Dragonite|Extreme Speed|p2a: Ninetales\n|-damage|p2a: Ninetales|62\/100\n|\n|-weather|Snow|[upkeep]\n|upkeep\n|turn|15\n|inactive|turtletime10 has 120 seconds left.\n|\n|t:|1699583477\n|switch|p2a: Corviknight|Corviknight, M, shiny|100\/100\n|-ability|p2a: Corviknight|Pressure\n|move|p1a: Dragonite|Extreme Speed|p2a: Corviknight\n|-resisted|p2a: Corviknight\n|-damage|p2a: Corviknight|70\/100\n|\n|-weather|Snow|[upkeep]\n|upkeep\n|turn|16\n|\n|t:|1699583487\n|move|p1a: Dragonite|Extreme Speed|p2a: Corviknight\n|-resisted|p2a: Corviknight\n|-damage|p2a: Corviknight|39\/100\n|move|p2a: Corviknight|Body Press|p1a: Dragonite\n|-supereffective|p1a: Dragonite\n|-damage|p1a: Dragonite|77\/100\n|\n|-weather|Snow|[upkeep]\n|upkeep\n|turn|17\n|\n|t:|1699583499\n|move|p1a: Dragonite|Extreme Speed|p2a: Corviknight\n|-resisted|p2a: Corviknight\n|-damage|p2a: Corviknight|10\/100\n|move|p2a: Corviknight|Body Press|p1a: Dragonite\n|-supereffective|p1a: Dragonite\n|-damage|p1a: Dragonite|36\/100\n|\n|-weather|Snow|[upkeep]\n|upkeep\n|turn|18\n|\n|t:|1699583509\n|move|p1a: Dragonite|Extreme Speed|p2a: Corviknight\n|-resisted|p2a: Corviknight\n|-damage|p2a: Corviknight|0 fnt\n|faint|p2a: Corviknight\n|\n|-weather|none\n|upkeep\n|\n|t:|1699583522\n|switch|p2a: Ninetales|Ninetales-Alola, F, shiny|62\/100\n|-activate|p2a: Ninetales|move: Sticky Web\n|-unboost|p2a: Ninetales|spe|1\n|-weather|Snow|[from] ability: Snow Warning|[of] p2a: Ninetales\n|turn|19\n|\n|t:|1699583540\n|-activate|p1a: Dragonite|move: Struggle\n|move|p1a: Dragonite|Struggle|p2a: Ninetales\n|-damage|p2a: Ninetales|45\/100\n|-damage|p1a: Dragonite|11\/100|[from] recoil\n|move|p2a: Ninetales|Blizzard|p1a: Dragonite\n|-damage|p1a: Dragonite|0 fnt\n|faint|p1a: Dragonite\n|\n|-weather|Snow|[upkeep]\n|upkeep\n|\n|t:|1699583555\n|switch|p1a: Hitmontop|Hitmontop, M|6\/100\n|turn|20\n|inactive|turtletime10 has 120 seconds left.\n|\n|t:|1699583577\n|move|p1a: Hitmontop|Triple Kick|p2a: Ninetales\n|-damage|p2a: Ninetales|40\/100\n|-hitcount|p2a: Ninetales|1\n|move|p2a: Ninetales|Dark Pulse|p1a: Hitmontop\n|-resisted|p1a: Hitmontop\n|-damage|p1a: Hitmontop|0 fnt\n|faint|p1a: Hitmontop\n|\n|-weather|Snow|[upkeep]\n|upkeep\n|\n|t:|1699583588\n|switch|p1a: Galvantula|Galvantula, M|100\/100\n|turn|21\n|\n|t:|1699583601\n|move|p1a: Galvantula|Thunder|p2a: Ninetales\n|-damage|p2a: Ninetales|0 fnt\n|faint|p2a: Ninetales\n|\n|-weather|Snow|[upkeep]\n|upkeep\n|\n|t:|1699583606\n|switch|p2a: Latios|Latios, M, shiny|70\/100 par\n|turn|22\n|\n|t:|1699583617\n|move|p1a: Galvantula|Bug Buzz|p2a: Latios\n|-supereffective|p2a: Latios\n|-damage|p2a: Latios|2\/100 par\n|move|p2a: Latios|Calm Mind|p2a: Latios\n|-boost|p2a: Latios|spa|1\n|-boost|p2a: Latios|spd|1\n|\n|-weather|Snow|[upkeep]\n|upkeep\n|turn|23\n|-message|turtletime10 forfeited.\n|\n|win|Gleameyes999\n|raw|Gleameyes999's rating: 1089 &rarr; <strong>1113<\/strong><br \/>(+24 for winning)\n|raw|turtletime10's rating: 1049 &rarr; <strong>1034<\/strong><br \/>(-15 for losing)\n|l|\u2606turtletime10\n","uploadtime":1699583634,"views":5,"p1id":"gleameyes999","p2id":"turtletime10","formatid":"gen9nationaldex","rating":1034,"private":0,"password":""}