{"id":"gen9nationaldex-1994664784","p1":"wokender","p2":"Jotijoti","format":"[Gen 9] National Dex","log":"|html|<div class=\"broadcast-blue\"><strong>[Gen 9] National Dex is currently suspecting Sneasler! For information on how to participate check out the <a href=\"https:\/\/www.smogon.com\/forums\/threads\/sv-national-dex-suspect-8-just-dance.3731534\/\">suspect thread<\/a>.<\/strong><\/div>\n|j|\u2606wokender\n|j|\u2606Jotijoti\n|t:|1700477768\n|gametype|singles\n|player|p1|wokender|unknownf|1127\n|player|p2|Jotijoti|fantina|1078\n|teamsize|p1|6\n|teamsize|p2|6\n|gen|9\n|tier|[Gen 9] National Dex\n|rated|\n|rule|HP Percentage Mod: HP is shown in percentages\n|rule|Endless Battle Clause: Forcing endless battles is banned\n|rule|OHKO Clause: OHKO moves are banned\n|rule|Evasion Clause: Evasion abilities, items, and moves are banned\n|rule|Evasion Abilities Clause: Evasion abilities are banned\n|rule|Evasion Items Clause: Evasion items are banned\n|rule|Evasion Moves Clause: Evasion moves are banned\n|rule|Species Clause: Limit one of each Pok\u00e9mon\n|rule|Sleep Clause Mod: Limit one foe put to sleep\n|clearpoke\n|poke|p1|Shuckle, M|\n|poke|p1|Kommo-o, M|\n|poke|p1|Hoopa-Unbound|\n|poke|p1|Tapu Lele|\n|poke|p1|Zamazenta-*|\n|poke|p1|Ceruledge, F|\n|poke|p2|Glimmora, F|\n|poke|p2|Arctovish|\n|poke|p2|Sirfetch\u2019d, F|\n|poke|p2|Tornadus, M|\n|poke|p2|Ferrothorn, M|\n|poke|p2|Boltund, F|\n|teampreview\n|inactive|Battle timer is ON: inactive players will automatically lose when time's up. (requested by Jotijoti)\n|\n|t:|1700477776\n|start\n|switch|p1a: Shuckle|Shuckle, M|100\/100\n|switch|p2a: Glimmora|Glimmora, F|100\/100\n|turn|1\n|\n|t:|1700477783\n|move|p2a: Glimmora|Toxic|p1a: Shuckle\n|-status|p1a: Shuckle|tox\n|move|p1a: Shuckle|Stealth Rock|p2a: Glimmora\n|-sidestart|p2: Jotijoti|move: Stealth Rock\n|\n|-damage|p1a: Shuckle|94\/100 tox|[from] psn\n|upkeep\n|turn|2\n|\n|t:|1700477811\n|move|p2a: Glimmora|Stealth Rock|p1a: Shuckle\n|-sidestart|p1: wokender|move: Stealth Rock\n|move|p1a: Shuckle|Sticky Web|p2a: Glimmora\n|-sidestart|p2: Jotijoti|move: Sticky Web\n|\n|-damage|p1a: Shuckle|82\/100 tox|[from] psn\n|upkeep\n|turn|3\n|\n|t:|1700477821\n|move|p2a: Glimmora|Power Gem|p1a: Shuckle\n|-supereffective|p1a: Shuckle\n|-damage|p1a: Shuckle|29\/100 tox\n|-enditem|p1a: Shuckle|Red Card|[of] p2a: Glimmora\n|drag|p2a: Ferrothorn|Ferrothorn, M|100\/100\n|-damage|p2a: Ferrothorn|94\/100|[from] Stealth Rock\n|-activate|p2a: Ferrothorn|move: Sticky Web\n|-unboost|p2a: Ferrothorn|spe|1\n|move|p1a: Shuckle|Encore||[still]\n|-fail|p1a: Shuckle\n|\n|-damage|p1a: Shuckle|11\/100 tox|[from] psn\n|upkeep\n|turn|4\n|\n|t:|1700477834\n|switch|p2a: Tornadus|Tornadus, M|100\/100\n|switch|p1a: Ceruledge|Ceruledge, F|100\/100\n|-damage|p1a: Ceruledge|76\/100|[from] Stealth Rock\n|\n|upkeep\n|turn|5\n|inactive|wokender has 120 seconds left.\n|\n|t:|1700477856\n|move|p2a: Tornadus|Defog|p1a: Ceruledge\n|-unboost|p1a: Ceruledge|evasion|1\n|-sideend|p1: wokender|Stealth Rock|[from] move: Defog|[of] p2a: Tornadus\n|-sideend|p2: Jotijoti|Stealth Rock|[from] move: Defog|[of] p2a: Tornadus\n|-sideend|p2: Jotijoti|Sticky Web|[from] move: Defog|[of] p2a: Tornadus\n|move|p1a: Ceruledge|Bitter Blade|p2a: Tornadus\n|-damage|p2a: Tornadus|41\/100\n|-heal|p1a: Ceruledge|100\/100|[from] drain|[of] p2a: Tornadus\n|\n|upkeep\n|turn|6\n|\n|t:|1700477870\n|move|p2a: Tornadus|Tailwind|p2a: Tornadus\n|-sidestart|p2: Jotijoti|move: Tailwind\n|move|p1a: Ceruledge|Bitter Blade|p2a: Tornadus\n|-damage|p2a: Tornadus|0 fnt\n|faint|p2a: Tornadus\n|\n|upkeep\n|\n|t:|1700477881\n|switch|p2a: Boltund|Boltund, F|100\/100\n|turn|7\n|\n|t:|1700477894\n|-terastallize|p1a: Ceruledge|Fire\n|move|p2a: Boltund|Crunch|p1a: Ceruledge\n|-damage|p1a: Ceruledge|47\/100\n|-unboost|p1a: Ceruledge|def|1\n|-ability|p1a: Ceruledge|Weak Armor|boost\n|-unboost|p1a: Ceruledge|def|1\n|-boost|p1a: Ceruledge|spe|2\n|move|p1a: Ceruledge|Swords Dance|p1a: Ceruledge\n|-boost|p1a: Ceruledge|atk|2\n|\n|upkeep\n|turn|8\n|\n|t:|1700477909\n|move|p2a: Boltund|Psychic Fangs|p1a: Ceruledge\n|-damage|p1a: Ceruledge|0 fnt\n|faint|p1a: Ceruledge\n|\n|upkeep\n|\n|t:|1700477921\n|switch|p1a: Hoopa|Hoopa-Unbound|100\/100\n|turn|9\n|\n|t:|1700477935\n|move|p2a: Boltund|Crunch|p1a: Hoopa\n|-damage|p1a: Hoopa|44\/100\n|move|p1a: Hoopa|Dark Pulse|p2a: Boltund\n|-damage|p2a: Boltund|4\/100\n|\n|-sideend|p2: Jotijoti|move: Tailwind\n|upkeep\n|turn|10\n|\n|t:|1700477948\n|switch|p1a: Tapu Lele|Tapu Lele|100\/100\n|-fieldstart|move: Psychic Terrain|[from] ability: Psychic Surge|[of] p1a: Tapu Lele\n|move|p2a: Boltund|Crunch|p1a: Tapu Lele\n|-damage|p1a: Tapu Lele|50\/100\n|-unboost|p1a: Tapu Lele|def|1\n|\n|upkeep\n|turn|11\n|\n|t:|1700477973\n|move|p2a: Boltund|Crunch|p1a: Tapu Lele\n|-damage|p1a: Tapu Lele|0 fnt\n|faint|p1a: Tapu Lele\n|\n|upkeep\n|\n|t:|1700477984\n|switch|p1a: Zamazenta|Zamazenta|100\/100\n|-ability|p1a: Zamazenta|Dauntless Shield|boost\n|-boost|p1a: Zamazenta|def|1\n|turn|12\n|\n|t:|1700477996\n|move|p1a: Zamazenta|Body Press|p2a: Boltund\n|-damage|p2a: Boltund|0 fnt\n|faint|p2a: Boltund\n|\n|upkeep\n|\n|t:|1700478002\n|switch|p2a: Ferrothorn|Ferrothorn, M|94\/100\n|turn|13\n|\n|t:|1700478007\n|move|p1a: Zamazenta|Iron Defense|p1a: Zamazenta\n|-boost|p1a: Zamazenta|def|2\n|move|p2a: Ferrothorn|Leech Seed|p1a: Zamazenta|[miss]\n|-miss|p2a: Ferrothorn|p1a: Zamazenta\n|\n|upkeep\n|turn|14\n|\n|t:|1700478013\n|move|p1a: Zamazenta|Iron Defense|p1a: Zamazenta\n|-boost|p1a: Zamazenta|def|2\n|move|p2a: Ferrothorn|Leech Seed|p1a: Zamazenta\n|-start|p1a: Zamazenta|move: Leech Seed\n|\n|-damage|p1a: Zamazenta|88\/100|[from] Leech Seed|[of] p2a: Ferrothorn\n|-heal|p2a: Ferrothorn|100\/100|[silent]\n|upkeep\n|turn|15\n|\n|t:|1700478023\n|move|p1a: Zamazenta|Substitute|p1a: Zamazenta\n|-start|p1a: Zamazenta|Substitute\n|-damage|p1a: Zamazenta|63\/100\n|move|p2a: Ferrothorn|Knock Off|p1a: Zamazenta\n|-resisted|p1a: Zamazenta\n|-activate|p1a: Zamazenta|move: Substitute|[damage]\n|\n|-heal|p1a: Zamazenta|69\/100|[from] item: Leftovers\n|-damage|p1a: Zamazenta|57\/100|[from] Leech Seed|[of] p2a: Ferrothorn\n|upkeep\n|turn|16\n|\n|t:|1700478032\n|move|p1a: Zamazenta|Body Press|p2a: Ferrothorn\n|-supereffective|p2a: Ferrothorn\n|-damage|p2a: Ferrothorn|0 fnt\n|-damage|p1a: Zamazenta|45\/100|[from] ability: Iron Barbs|[of] p2a: Ferrothorn\n|-damage|p1a: Zamazenta|28\/100|[from] item: Rocky Helmet|[of] p2a: Ferrothorn\n|faint|p2a: Ferrothorn\n|\n|-heal|p1a: Zamazenta|34\/100|[from] item: Leftovers\n|upkeep\n|\n|t:|1700478048\n|switch|p2a: Sirfetch\u2019d|Sirfetch\u2019d, F|100\/100\n|turn|17\n|\n|t:|1700478056\n|move|p1a: Zamazenta|Body Press|p2a: Sirfetch\u2019d\n|-damage|p2a: Sirfetch\u2019d|0 fnt\n|faint|p2a: Sirfetch\u2019d\n|\n|-heal|p1a: Zamazenta|40\/100|[from] item: Leftovers\n|-fieldend|move: Psychic Terrain\n|upkeep\n|\n|t:|1700478065\n|switch|p2a: Glimmora|Glimmora, F|100\/100\n|turn|18\n|\n|t:|1700478075\n|move|p1a: Zamazenta|Body Press|p2a: Glimmora\n|-damage|p2a: Glimmora|0 fnt\n|faint|p2a: Glimmora\n|\n|-heal|p1a: Zamazenta|47\/100|[from] item: Leftovers\n|upkeep\n|\n|t:|1700478085\n|switch|p2a: Arctovish|Arctovish|100\/100\n|turn|19\n|\n|t:|1700478096\n|-terastallize|p2a: Arctovish|Fairy\n|move|p1a: Zamazenta|Body Press|p2a: Arctovish\n|-resisted|p2a: Arctovish\n|-damage|p2a: Arctovish|33\/100\n|-damage|p1a: Zamazenta|30\/100|[from] item: Rocky Helmet|[of] p2a: Arctovish\n|move|p2a: Arctovish|Avalanche|p1a: Zamazenta\n|-activate|p1a: Zamazenta|move: Substitute|[damage]\n|\n|-heal|p1a: Zamazenta|36\/100|[from] item: Leftovers\n|-damage|p1a: Zamazenta|24\/100|[from] Leech Seed|[of] p2a: Arctovish\n|-heal|p2a: Arctovish|45\/100|[silent]\n|upkeep\n|turn|20\n|\n|t:|1700478110\n|move|p1a: Zamazenta|Body Press|p2a: Arctovish\n|-resisted|p2a: Arctovish\n|-damage|p2a: Arctovish|0 fnt\n|-damage|p1a: Zamazenta|7\/100|[from] item: Rocky Helmet|[of] p2a: Arctovish\n|faint|p2a: Arctovish\n|\n|win|wokender\n|raw|wokender's rating: 1127 &rarr; <strong>1148<\/strong><br \/>(+21 for winning)\n|raw|Jotijoti's rating: 1078 &rarr; <strong>1059<\/strong><br \/>(-19 for losing)\n|l|\u2606Jotijoti\n","uploadtime":1700478128,"views":13,"p1id":"wokender","p2id":"jotijoti","formatid":"gen9nationaldex","rating":1059,"private":0,"password":""}