{"id":"gen9nationaldex-1998792981","p1":"jiyanyu","p2":"A-Grade","format":"[Gen 9] National Dex","log":"|html|<div class=\"broadcast-blue\"><strong>[Gen 9] National Dex is currently suspecting Sneasler! For information on how to participate check out the <a href=\"https:\/\/www.smogon.com\/forums\/threads\/sv-national-dex-suspect-8-just-dance.3731534\/\">suspect thread<\/a>.<\/strong><\/div>\n|j|\u2606jiyanyu\n|j|\u2606A-Grade\n|t:|1700992029\n|gametype|singles\n|player|p1|jiyanyu|dawn|1280\n|player|p2|A-Grade|102|1250\n|teamsize|p1|6\n|teamsize|p2|6\n|gen|9\n|tier|[Gen 9] National Dex\n|rated|\n|rule|HP Percentage Mod: HP is shown in percentages\n|rule|Endless Battle Clause: Forcing endless battles is banned\n|rule|OHKO Clause: OHKO moves are banned\n|rule|Evasion Clause: Evasion abilities, items, and moves are banned\n|rule|Evasion Abilities Clause: Evasion abilities are banned\n|rule|Evasion Items Clause: Evasion items are banned\n|rule|Evasion Moves Clause: Evasion moves are banned\n|rule|Species Clause: Limit one of each Pok\u00e9mon\n|rule|Sleep Clause Mod: Limit one foe put to sleep\n|clearpoke\n|poke|p1|Beedrill, F|\n|poke|p1|Pelipper, F|\n|poke|p1|Ferrothorn, F|\n|poke|p1|Barraskewda, F|\n|poke|p1|Tapu Lele|\n|poke|p1|Great Tusk|\n|poke|p2|Zapdos|\n|poke|p2|Tapu Lele|\n|poke|p2|Pelipper, F|\n|poke|p2|Ferrothorn, M|\n|poke|p2|Barraskewda, M|\n|poke|p2|Manaphy|\n|teampreview\n|inactive|Battle timer is ON: inactive players will automatically lose when time's up. (requested by jiyanyu)\n|\n|t:|1700992057\n|start\n|switch|p1a: \u94c1\u8346\u68d8|Ferrothorn, F|100\/100\n|switch|p2a: Pelipper|Pelipper, F|100\/100\n|-weather|RainDance|[from] ability: Drizzle|[of] p2a: Pelipper\n|turn|1\n|\n|t:|1700992067\n|move|p2a: Pelipper|U-turn|p1a: \u94c1\u8346\u68d8\n|-damage|p1a: \u94c1\u8346\u68d8|96\/100\n|-damage|p2a: Pelipper|88\/100|[from] ability: Iron Barbs|[of] p1a: \u94c1\u8346\u68d8\n|-damage|p2a: Pelipper|72\/100|[from] item: Rocky Helmet|[of] p1a: \u94c1\u8346\u68d8\n|\n|t:|1700992072\n|switch|p2a: Zapdos|Zapdos|100\/100|[from] U-turn\n|move|p1a: \u94c1\u8346\u68d8|Toxic|p2a: Zapdos\n|-status|p2a: Zapdos|tox\n|\n|-weather|RainDance|[upkeep]\n|-damage|p2a: Zapdos|94\/100 tox|[from] psn\n|upkeep\n|turn|2\n|\n|t:|1700992085\n|move|p2a: Zapdos|Hurricane|p1a: \u94c1\u8346\u68d8\n|-crit|p1a: \u94c1\u8346\u68d8\n|-damage|p1a: \u94c1\u8346\u68d8|23\/100\n|move|p1a: \u94c1\u8346\u68d8|Stealth Rock|p2a: Zapdos\n|-sidestart|p2: A-Grade|move: Stealth Rock\n|\n|-weather|RainDance|[upkeep]\n|-damage|p2a: Zapdos|82\/100 tox|[from] psn\n|upkeep\n|turn|3\n|\n|t:|1700992102\n|move|p2a: Zapdos|Hurricane|p1a: \u94c1\u8346\u68d8\n|-damage|p1a: \u94c1\u8346\u68d8|0 fnt\n|faint|p1a: \u94c1\u8346\u68d8\n|\n|-weather|RainDance|[upkeep]\n|-damage|p2a: Zapdos|63\/100 tox|[from] psn\n|upkeep\n|\n|t:|1700992110\n|switch|p1a: \u9c7c\u54e5|Barraskewda, F|100\/100\n|turn|4\n|\n|t:|1700992124\n|switch|p2a: Ferrothorn|Ferrothorn, M|100\/100\n|-damage|p2a: Ferrothorn|94\/100|[from] Stealth Rock\n|-terastallize|p1a: \u9c7c\u54e5|Water\n|move|p1a: \u9c7c\u54e5|Liquidation|p2a: Ferrothorn\n|-resisted|p2a: Ferrothorn\n|-damage|p2a: Ferrothorn|51\/100\n|-damage|p1a: \u9c7c\u54e5|88\/100|[from] ability: Iron Barbs|[of] p2a: Ferrothorn\n|-enditem|p2a: Ferrothorn|Eject Button\n|-damage|p1a: \u9c7c\u54e5|78\/100|[from] item: Life Orb\n|\n|t:|1700992143\n|switch|p2a: Manaphy|Manaphy|100\/100\n|\n|-weather|RainDance|[upkeep]\n|upkeep\n|turn|5\n|\n|t:|1700992159\n|move|p1a: \u9c7c\u54e5|Substitute|p1a: \u9c7c\u54e5\n|-start|p1a: \u9c7c\u54e5|Substitute\n|-damage|p1a: \u9c7c\u54e5|54\/100\n|move|p2a: Manaphy|Surf|p1a: \u9c7c\u54e5\n|-resisted|p1a: \u9c7c\u54e5\n|-end|p1a: \u9c7c\u54e5|Substitute\n|\n|-weather|RainDance|[upkeep]\n|upkeep\n|turn|6\n|\n|t:|1700992171\n|switch|p1a: \u5e9f\u4f60\u5148\u81f3|Tapu Lele|100\/100\n|-fieldstart|move: Psychic Terrain|[from] ability: Psychic Surge|[of] p1a: \u5e9f\u4f60\u5148\u81f3\n|move|p2a: Manaphy|Surf|p1a: \u5e9f\u4f60\u5148\u81f3\n|-damage|p1a: \u5e9f\u4f60\u5148\u81f3|42\/100\n|\n|-weather|RainDance|[upkeep]\n|-heal|p1a: \u5e9f\u4f60\u5148\u81f3|49\/100|[from] item: Leftovers\n|upkeep\n|turn|7\n|\n|t:|1700992180\n|move|p2a: Manaphy|Surf|p1a: \u5e9f\u4f60\u5148\u81f3\n|-crit|p1a: \u5e9f\u4f60\u5148\u81f3\n|-damage|p1a: \u5e9f\u4f60\u5148\u81f3|0 fnt\n|faint|p1a: \u5e9f\u4f60\u5148\u81f3\n|\n|-weather|RainDance|[upkeep]\n|upkeep\n|\n|t:|1700992186\n|switch|p1a: \u8702\u7237|Beedrill, F|100\/100\n|turn|8\n|-message|jiyanyu forfeited.\n|\n|win|A-Grade\n|raw|jiyanyu's rating: 1280 &rarr; <strong>1253<\/strong><br \/>(-27 for losing)\n|raw|A-Grade's rating: 1250 &rarr; <strong>1277<\/strong><br \/>(+27 for winning)\n|l|\u2606jiyanyu\n|l|\u2606A-Grade\n|j|\u2606A-Grade\n|player|p2|A-Grade|102\n","uploadtime":1700992212,"views":1,"p1id":"jiyanyu","p2id":"agrade","formatid":"gen9nationaldex","rating":1253,"private":0,"password":""}