{"id":"gen9nationaldex-1991232782","p1":"mqcing","p2":"ZARABAMBICHES","format":"[Gen 9] National Dex","log":"|j|\u2606mqcing\n|j|\u2606ZARABAMBICHES\n|t:|1700059651\n|gametype|singles\n|player|p1|mqcing|gardenia|1302\n|player|p2|ZARABAMBICHES|102|1206\n|teamsize|p1|6\n|teamsize|p2|6\n|gen|9\n|tier|[Gen 9] National Dex\n|rated|\n|rule|HP Percentage Mod: HP is shown in percentages\n|rule|Endless Battle Clause: Forcing endless battles is banned\n|rule|OHKO Clause: OHKO moves are banned\n|rule|Evasion Clause: Evasion abilities, items, and moves are banned\n|rule|Evasion Abilities Clause: Evasion abilities are banned\n|rule|Evasion Items Clause: Evasion items are banned\n|rule|Evasion Moves Clause: Evasion moves are banned\n|rule|Species Clause: Limit one of each Pok\u00e9mon\n|rule|Sleep Clause Mod: Limit one foe put to sleep\n|clearpoke\n|poke|p1|Clawitzer, F|\n|poke|p1|Arcanine, M|\n|poke|p1|Aegislash, F|\n|poke|p1|Honchkrow, M|\n|poke|p1|Porygon-Z|\n|poke|p1|Zapdos|\n|poke|p2|Kyurem|\n|poke|p2|Ferrothorn, F|\n|poke|p2|Swampert, F|\n|poke|p2|Pelipper, M|\n|poke|p2|Moltres|\n|poke|p2|Great Tusk|\n|teampreview\n|inactive|Battle timer is ON: inactive players will automatically lose when time's up. (requested by mqcing)\n|\n|t:|1700059673\n|start\n|switch|p1a: Porygon-Z|Porygon-Z|100\/100\n|switch|p2a: Kyurem|Kyurem|100\/100\n|-ability|p2a: Kyurem|Pressure\n|turn|1\n|\n|t:|1700059684\n|move|p2a: Kyurem|Draco Meteor|p1a: Porygon-Z\n|-damage|p1a: Porygon-Z|18\/100\n|-unboost|p2a: Kyurem|spa|2\n|-zpower|p1a: Porygon-Z\n|move|p1a: Porygon-Z|Breakneck Blitz|p2a: Kyurem|[zeffect]\n|-damage|p2a: Kyurem|0 fnt\n|faint|p2a: Kyurem\n|\n|upkeep\n|inactive|ZARABAMBICHES has 120 seconds left.\n|\n|t:|1700059716\n|switch|p2a: Swampert|Swampert, F|100\/100\n|turn|2\n|inactive|ZARABAMBICHES has 120 seconds left.\n|\n|t:|1700059725\n|detailschange|p2a: Swampert|Swampert-Mega, F\n|-mega|p2a: Swampert|Swampert|Swampertite\n|move|p1a: Porygon-Z|Dark Pulse|p2a: Swampert\n|-damage|p2a: Swampert|72\/100\n|move|p2a: Swampert|Flip Turn|p1a: Porygon-Z\n|-damage|p1a: Porygon-Z|0 fnt\n|faint|p1a: Porygon-Z\n|inactive|ZARABAMBICHES has 120 seconds left.\n|\n|t:|1700059739\n|switch|p2a: Pelipper|Pelipper, M|100\/100|[from] Flip Turn\n|-weather|RainDance|[from] ability: Drizzle|[of] p2a: Pelipper\n|\n|-weather|RainDance|[upkeep]\n|upkeep\n|\n|t:|1700059747\n|switch|p1a: Zapdos|Zapdos|100\/100\n|turn|3\n|inactive|ZARABAMBICHES has 120 seconds left.\n|\n|t:|1700059762\n|switch|p2a: Great Tusk|Great Tusk|100\/100\n|move|p1a: Zapdos|Hurricane|p2a: Great Tusk\n|-supereffective|p2a: Great Tusk\n|-damage|p2a: Great Tusk|41\/100\n|\n|-weather|RainDance|[upkeep]\n|upkeep\n|turn|4\n|inactive|ZARABAMBICHES has 120 seconds left.\n|\n|t:|1700059778\n|move|p1a: Zapdos|Hurricane|p2a: Great Tusk\n|-supereffective|p2a: Great Tusk\n|-damage|p2a: Great Tusk|0 fnt\n|faint|p2a: Great Tusk\n|-end|p2a: Great Tusk|Protosynthesis|[silent]\n|\n|-weather|RainDance|[upkeep]\n|upkeep\n|\n|t:|1700059786\n|switch|p2a: Swampert|Swampert-Mega, F|72\/100\n|turn|5\n|\n|t:|1700059793\n|-terastallize|p1a: Zapdos|Electric\n|move|p2a: Swampert|Flip Turn|p1a: Zapdos\n|-damage|p1a: Zapdos|45\/100\n|\n|t:|1700059801\n|switch|p2a: Ferrothorn|Ferrothorn, F|100\/100|[from] Flip Turn\n|move|p1a: Zapdos|Hurricane|p2a: Ferrothorn\n|-damage|p2a: Ferrothorn|67\/100\n|\n|-weather|RainDance|[upkeep]\n|upkeep\n|turn|6\n|inactive|ZARABAMBICHES has 120 seconds left.\n|\n|t:|1700059820\n|move|p1a: Zapdos|Heat Wave|p2a: Ferrothorn\n|-supereffective|p2a: Ferrothorn\n|-damage|p2a: Ferrothorn|26\/100\n|move|p2a: Ferrothorn|Stealth Rock|p1a: Zapdos\n|-sidestart|p1: mqcing|move: Stealth Rock\n|\n|-weather|RainDance|[upkeep]\n|upkeep\n|turn|7\n|\n|t:|1700059831\n|move|p1a: Zapdos|Defog|p2a: Ferrothorn\n|-unboost|p2a: Ferrothorn|evasion|1\n|-sideend|p1: mqcing|Stealth Rock|[from] move: Defog|[of] p1a: Zapdos\n|move|p2a: Ferrothorn|Gyro Ball|p1a: Zapdos\n|-resisted|p1a: Zapdos\n|-damage|p1a: Zapdos|20\/100\n|\n|-weather|RainDance|[upkeep]\n|upkeep\n|turn|8\n|\n|t:|1700059841\n|move|p1a: Zapdos|Heat Wave|p2a: Ferrothorn\n|-supereffective|p2a: Ferrothorn\n|-damage|p2a: Ferrothorn|0 fnt\n|faint|p2a: Ferrothorn\n|\n|-weather|RainDance|[upkeep]\n|upkeep\n|\n|t:|1700059851\n|switch|p2a: Swampert|Swampert-Mega, F|72\/100\n|turn|9\n|\n|t:|1700059862\n|switch|p1a: Clawitzer|Clawitzer, F|100\/100\n|move|p2a: Swampert|Flip Turn|p1a: Clawitzer\n|-resisted|p1a: Clawitzer\n|-damage|p1a: Clawitzer|69\/100\n|inactive|ZARABAMBICHES has 120 seconds left.\n|\n|t:|1700059872\n|switch|p2a: Moltres|Moltres|100\/100|[from] Flip Turn\n|\n|-weather|none\n|upkeep\n|turn|10\n|inactive|ZARABAMBICHES has 120 seconds left.\n|\n|t:|1700059887\n|-terastallize|p2a: Moltres|Grass\n|move|p2a: Moltres|Hurricane|p1a: Clawitzer|[miss]\n|-miss|p2a: Moltres|p1a: Clawitzer\n|move|p1a: Clawitzer|Water Pulse|p2a: Moltres\n|-resisted|p2a: Moltres\n|-damage|p2a: Moltres|72\/100\n|\n|upkeep\n|turn|11\n|inactive|ZARABAMBICHES has 120 seconds left.\n|\n|t:|1700059897\n|move|p2a: Moltres|Hurricane|p1a: Clawitzer|[miss]\n|-miss|p2a: Moltres|p1a: Clawitzer\n|move|p1a: Clawitzer|Dragon Pulse|p2a: Moltres\n|-damage|p2a: Moltres|15\/100\n|\n|upkeep\n|turn|12\n|inactive|ZARABAMBICHES has 120 seconds left.\n|\n|t:|1700059908\n|move|p2a: Moltres|Hurricane|p1a: Clawitzer\n|-damage|p1a: Clawitzer|33\/100\n|move|p1a: Clawitzer|Dragon Pulse|p2a: Moltres\n|-damage|p2a: Moltres|0 fnt\n|faint|p2a: Moltres\n|\n|upkeep\n|inactive|ZARABAMBICHES has 120 seconds left.\n|\n|t:|1700059918\n|switch|p2a: Pelipper|Pelipper, M|100\/100\n|-weather|RainDance|[from] ability: Drizzle|[of] p2a: Pelipper\n|turn|13\n|\n|t:|1700059926\n|move|p1a: Clawitzer|Dragon Pulse|p2a: Pelipper\n|-crit|p2a: Pelipper\n|-damage|p2a: Pelipper|22\/100\n|move|p2a: Pelipper|Scald|p1a: Clawitzer\n|-resisted|p1a: Clawitzer\n|-damage|p1a: Clawitzer|19\/100\n|\n|-weather|RainDance|[upkeep]\n|upkeep\n|turn|14\n|inactive|ZARABAMBICHES has 120 seconds left.\n|c|\u2606ZARABAMBICHES|Puto de mierda\n|n|\u203dZARABAMBICHES|zarabambiches\n|c|&|\/log ZARABAMBICHES was locked from talking by Artemis. (\u2606ZARABAMBICHES: Puto de mierda)\n|c|&|\/raw <small>This action was done automatically. Want to learn more about the AI? <a href=\"https:\/\/www.smogon.com\/forums\/threads\/3570628\/#post-9056769\">Visit the information thread<\/a>.<\/small>\n|-message|ZARABAMBICHES forfeited.\n|\n|win|mqcing\n|raw|mqcing's rating: 1302 &rarr; <strong>1317<\/strong><br \/>(+15 for winning)\n|raw|ZARABAMBICHES's rating: 1206 &rarr; <strong>1188<\/strong><br \/>(-18 for losing)\n","uploadtime":1700059944,"views":4,"p1id":"mqcing","p2id":"zarabambiches","formatid":"gen9nationaldex","rating":1188,"private":0,"password":""}