{"id":"gen9nationaldex-1989596229","p1":"Cutu boy","p2":"Audric206 dhd","format":"[Gen 9] National Dex","log":"|j|\u2606Cutu boy\n|j|\u2606Audric206 dhd\n|t:|1699876622\n|gametype|singles\n|player|p1|Cutu boy|giovanni|1085\n|player|p2|Audric206 dhd|cynthia|1085\n|teamsize|p1|6\n|teamsize|p2|6\n|gen|9\n|tier|[Gen 9] National Dex\n|rated|\n|rule|HP Percentage Mod: HP is shown in percentages\n|rule|Endless Battle Clause: Forcing endless battles is banned\n|rule|OHKO Clause: OHKO moves are banned\n|rule|Evasion Clause: Evasion abilities, items, and moves are banned\n|rule|Evasion Abilities Clause: Evasion abilities are banned\n|rule|Evasion Items Clause: Evasion items are banned\n|rule|Evasion Moves Clause: Evasion moves are banned\n|rule|Species Clause: Limit one of each Pok\u00e9mon\n|rule|Sleep Clause Mod: Limit one foe put to sleep\n|clearpoke\n|poke|p1|Salamence, F|\n|poke|p1|Camerupt, F|\n|poke|p1|Snorlax, M|\n|poke|p1|Suicune|\n|poke|p1|Metagross|\n|poke|p1|Aerodactyl, F|\n|poke|p2|Luxray, M|\n|poke|p2|Arcanine, M|\n|poke|p2|Noivern, M|\n|poke|p2|Lucario, F|\n|poke|p2|Absol, F|\n|poke|p2|Ambipom, F|\n|teampreview\n|\n|t:|1699876637\n|start\n|switch|p1a: Camerupt|Camerupt, F|100\/100\n|switch|p2a: Luxray|Luxray, M|100\/100\n|-ability|p2a: Luxray|Intimidate|boost\n|-unboost|p1a: Camerupt|atk|1\n|-item|p2a: Luxray|Air Balloon\n|turn|1\n|\n|t:|1699876648\n|move|p2a: Luxray|Ice Fang|p1a: Camerupt\n|-damage|p1a: Camerupt|69\/100\n|move|p1a: Camerupt|Earthquake|p2a: Luxray\n|-immune|p2a: Luxray\n|\n|-heal|p1a: Camerupt|75\/100|[from] item: Leftovers\n|upkeep\n|turn|2\n|\n|t:|1699876658\n|move|p2a: Luxray|Ice Fang|p1a: Camerupt\n|-damage|p1a: Camerupt|43\/100\n|move|p1a: Camerupt|Hidden Power|p2a: Luxray\n|-damage|p2a: Luxray|77\/100\n|-enditem|p2a: Luxray|Air Balloon\n|\n|-heal|p1a: Camerupt|49\/100|[from] item: Leftovers\n|upkeep\n|turn|3\n|\n|t:|1699876668\n|move|p2a: Luxray|Ice Fang|p1a: Camerupt\n|-damage|p1a: Camerupt|18\/100\n|move|p1a: Camerupt|Earthquake|p2a: Luxray\n|-supereffective|p2a: Luxray\n|-damage|p2a: Luxray|27\/100\n|\n|-heal|p1a: Camerupt|24\/100|[from] item: Leftovers\n|upkeep\n|turn|4\n|\n|t:|1699876678\n|move|p2a: Luxray|Ice Fang|p1a: Camerupt\n|-damage|p1a: Camerupt|0 fnt\n|faint|p1a: Camerupt\n|\n|upkeep\n|\n|t:|1699876689\n|switch|p1a: Salamence|Salamence, F|100\/100\n|-ability|p1a: Salamence|Intimidate|boost\n|-unboost|p2a: Luxray|atk|1\n|turn|5\n|\n|t:|1699876695\n|move|p1a: Salamence|Dragon Claw|p2a: Luxray\n|-damage|p2a: Luxray|0 fnt\n|faint|p2a: Luxray\n|\n|upkeep\n|\n|t:|1699876710\n|switch|p2a: Lucario|Lucario, F|100\/100\n|turn|6\n|\n|t:|1699876714\n|move|p1a: Salamence|Fire Blast|p2a: Lucario\n|-supereffective|p2a: Lucario\n|-damage|p2a: Lucario|0 fnt\n|faint|p2a: Lucario\n|\n|upkeep\n|\n|t:|1699876726\n|switch|p2a: Ambipom|Ambipom, F|100\/100\n|turn|7\n|\n|t:|1699876733\n|move|p2a: Ambipom|Fake Out|p1a: Salamence\n|-damage|p1a: Salamence|63\/100\n|cant|p1a: Salamence|flinch\n|\n|-heal|p1a: Salamence|69\/100|[from] item: Leftovers\n|upkeep\n|turn|8\n|\n|t:|1699876741\n|move|p2a: Ambipom|Thunder Wave|p1a: Salamence\n|-status|p1a: Salamence|par\n|move|p1a: Salamence|Roar|p2a: Ambipom\n|drag|p2a: Absol|Absol, F|100\/100\n|-ability|p2a: Absol|Pressure\n|\n|-heal|p1a: Salamence|75\/100 par|[from] item: Leftovers\n|upkeep\n|turn|9\n|\n|t:|1699876802\n|move|p2a: Absol|Swords Dance|p2a: Absol\n|-boost|p2a: Absol|atk|2\n|move|p1a: Salamence|Brick Break|p2a: Absol\n|-supereffective|p2a: Absol\n|-damage|p2a: Absol|21\/100\n|\n|-heal|p1a: Salamence|81\/100 par|[from] item: Leftovers\n|upkeep\n|turn|10\n|\n|t:|1699876811\n|detailschange|p2a: Absol|Absol-Mega, F\n|-mega|p2a: Absol|Absol|Absolite\n|move|p2a: Absol|Night Slash|p1a: Salamence\n|-crit|p1a: Salamence\n|-damage|p1a: Salamence|0 fnt\n|faint|p1a: Salamence\n|\n|upkeep\n|\n|t:|1699876832\n|switch|p1a: Snorlax|Snorlax, M|100\/100\n|turn|11\n|\n|t:|1699876844\n|move|p2a: Absol|Psycho Cut|p1a: Snorlax\n|-damage|p1a: Snorlax|59\/100\n|move|p1a: Snorlax|Earthquake|p2a: Absol\n|-damage|p2a: Absol|0 fnt\n|faint|p2a: Absol\n|\n|-heal|p1a: Snorlax|65\/100|[from] item: Leftovers\n|upkeep\n|\n|t:|1699876860\n|switch|p2a: Arcanine|Arcanine, M|100\/100\n|-ability|p2a: Arcanine|Intimidate|boost\n|-unboost|p1a: Snorlax|atk|1\n|turn|12\n|\n|t:|1699876867\n|-terastallize|p1a: Snorlax|Ghost\n|move|p2a: Arcanine|Will-O-Wisp|p1a: Snorlax\n|-status|p1a: Snorlax|brn\n|move|p1a: Snorlax|Earthquake|p2a: Arcanine\n|-supereffective|p2a: Arcanine\n|-damage|p2a: Arcanine|78\/100\n|\n|-heal|p1a: Snorlax|71\/100 brn|[from] item: Leftovers\n|-damage|p1a: Snorlax|65\/100 brn|[from] brn\n|upkeep\n|turn|13\n|\n|t:|1699876886\n|move|p2a: Arcanine|Flare Blitz|p1a: Snorlax\n|-damage|p1a: Snorlax|12\/100 brn\n|-damage|p2a: Arcanine|52\/100|[from] Recoil\n|move|p1a: Snorlax|Earthquake|p2a: Arcanine\n|-supereffective|p2a: Arcanine\n|-damage|p2a: Arcanine|26\/100\n|\n|-heal|p1a: Snorlax|18\/100 brn|[from] item: Leftovers\n|-damage|p1a: Snorlax|12\/100 brn|[from] brn\n|upkeep\n|turn|14\n|\n|t:|1699876900\n|move|p2a: Arcanine|Morning Sun|p2a: Arcanine\n|-heal|p2a: Arcanine|76\/100\n|move|p1a: Snorlax|Earthquake|p2a: Arcanine\n|-supereffective|p2a: Arcanine\n|-damage|p2a: Arcanine|51\/100\n|\n|-heal|p1a: Snorlax|18\/100 brn|[from] item: Leftovers\n|-damage|p1a: Snorlax|12\/100 brn|[from] brn\n|upkeep\n|turn|15\n|\n|t:|1699876912\n|move|p2a: Arcanine|Flare Blitz|p1a: Snorlax\n|-damage|p1a: Snorlax|0 fnt\n|faint|p1a: Snorlax\n|-damage|p2a: Arcanine|45\/100|[from] Recoil\n|\n|upkeep\n|\n|t:|1699876924\n|switch|p1a: Suicune|Suicune|100\/100\n|-ability|p1a: Suicune|Pressure\n|turn|16\n|\n|t:|1699876933\n|move|p2a: Arcanine|Wild Charge|p1a: Suicune\n|-supereffective|p1a: Suicune\n|-damage|p1a: Suicune|69\/100\n|-damage|p2a: Arcanine|35\/100|[from] Recoil\n|move|p1a: Suicune|Surf|p2a: Arcanine\n|-supereffective|p2a: Arcanine\n|-damage|p2a: Arcanine|0 fnt\n|faint|p2a: Arcanine\n|\n|-heal|p1a: Suicune|75\/100|[from] item: Leftovers\n|upkeep\n|\n|t:|1699876938\n|switch|p2a: Noivern|Noivern, M|100\/100\n|turn|17\n|\n|t:|1699876947\n|move|p2a: Noivern|Boomburst|p1a: Suicune\n|-damage|p1a: Suicune|45\/100\n|move|p1a: Suicune|Calm Mind|p1a: Suicune\n|-boost|p1a: Suicune|spa|1\n|-boost|p1a: Suicune|spd|1\n|\n|-heal|p1a: Suicune|51\/100|[from] item: Leftovers\n|upkeep\n|turn|18\n|\n|t:|1699876980\n|move|p2a: Noivern|Dark Pulse|p1a: Suicune\n|-damage|p1a: Suicune|39\/100\n|move|p1a: Suicune|Rest|p1a: Suicune\n|-status|p1a: Suicune|slp|[from] move: Rest\n|-heal|p1a: Suicune|100\/100 slp|[silent]\n|\n|upkeep\n|turn|19\n|\n|t:|1699876988\n|switch|p2a: Ambipom|Ambipom, F|100\/100\n|cant|p1a: Suicune|slp\n|move|p1a: Suicune|Sleep Talk|p1a: Suicune\n|move|p1a: Suicune|Calm Mind|p1a: Suicune|[from]move: Sleep Talk\n|-boost|p1a: Suicune|spa|1\n|-boost|p1a: Suicune|spd|1\n|\n|upkeep\n|turn|20\n|\n|t:|1699876997\n|move|p2a: Ambipom|Fake Out|p1a: Suicune\n|-damage|p1a: Suicune|83\/100 slp\n|cant|p1a: Suicune|slp\n|cant|p1a: Suicune|flinch\n|\n|-heal|p1a: Suicune|89\/100 slp|[from] item: Leftovers\n|upkeep\n|turn|21\n|\n|t:|1699877007\n|move|p2a: Ambipom|Double Hit|p1a: Suicune\n|-damage|p1a: Suicune|76\/100 slp\n|-damage|p1a: Suicune|62\/100 slp\n|-hitcount|p1a: Suicune|2\n|-curestatus|p1a: Suicune|slp|[msg]\n|move|p1a: Suicune|Surf|p2a: Ambipom\n|-damage|p2a: Ambipom|0 fnt\n|faint|p2a: Ambipom\n|\n|-heal|p1a: Suicune|68\/100|[from] item: Leftovers\n|upkeep\n|\n|t:|1699877013\n|switch|p2a: Noivern|Noivern, M|100\/100\n|turn|22\n|\n|t:|1699877022\n|move|p2a: Noivern|Boomburst|p1a: Suicune\n|-damage|p1a: Suicune|53\/100\n|move|p1a: Suicune|Surf|p2a: Noivern\n|-resisted|p2a: Noivern\n|-damage|p2a: Noivern|59\/100\n|\n|-heal|p1a: Suicune|60\/100|[from] item: Leftovers\n|upkeep\n|turn|23\n|\n|t:|1699877030\n|move|p2a: Noivern|Psychic|p1a: Suicune\n|-damage|p1a: Suicune|50\/100\n|move|p1a: Suicune|Surf|p2a: Noivern\n|-resisted|p2a: Noivern\n|-damage|p2a: Noivern|16\/100\n|\n|-heal|p1a: Suicune|57\/100|[from] item: Leftovers\n|upkeep\n|turn|24\n|\n|t:|1699877039\n|move|p2a: Noivern|Boomburst|p1a: Suicune\n|-damage|p1a: Suicune|42\/100\n|move|p1a: Suicune|Surf|p2a: Noivern\n|-resisted|p2a: Noivern\n|-damage|p2a: Noivern|0 fnt\n|faint|p2a: Noivern\n|\n|win|Cutu boy\n|raw|Cutu boy's rating: 1085 &rarr; <strong>1112<\/strong><br \/>(+27 for winning)\n|raw|Audric206 dhd's rating: 1085 &rarr; <strong>1062<\/strong><br \/>(-23 for losing)\n","uploadtime":1699877049,"views":4,"p1id":"cutuboy","p2id":"audric206dhd","formatid":"gen9nationaldex","rating":1062,"private":0,"password":""}