{"id":"gen9nationaldex-1994821117","p1":"RetroAkabane","p2":"7pagesMUDA","format":"[Gen 9] National Dex","log":"|html|<div class=\"broadcast-blue\"><strong>[Gen 9] National Dex is currently suspecting Sneasler! For information on how to participate check out the <a href=\"https:\/\/www.smogon.com\/forums\/threads\/sv-national-dex-suspect-8-just-dance.3731534\/\">suspect thread<\/a>.<\/strong><\/div>\n|j|\u2606RetroAkabane\n|j|\u26067pagesMUDA\n|t:|1700495899\n|gametype|singles\n|player|p1|RetroAkabane|266|1375\n|player|p2|7pagesMUDA|102|1380\n|teamsize|p1|6\n|teamsize|p2|6\n|gen|9\n|tier|[Gen 9] National Dex\n|rated|\n|rule|HP Percentage Mod: HP is shown in percentages\n|rule|Endless Battle Clause: Forcing endless battles is banned\n|rule|OHKO Clause: OHKO moves are banned\n|rule|Evasion Clause: Evasion abilities, items, and moves are banned\n|rule|Evasion Abilities Clause: Evasion abilities are banned\n|rule|Evasion Items Clause: Evasion items are banned\n|rule|Evasion Moves Clause: Evasion moves are banned\n|rule|Species Clause: Limit one of each Pok\u00e9mon\n|rule|Sleep Clause Mod: Limit one foe put to sleep\n|clearpoke\n|poke|p1|Kommo-o, F|\n|poke|p1|Samurott-Hisui, M|\n|poke|p1|Blissey, F|\n|poke|p1|Scizor, F|\n|poke|p1|Iron Valiant|\n|poke|p1|Tapu Koko|\n|poke|p2|Gliscor, F|\n|poke|p2|Incineroar, M|\n|poke|p2|Kommo-o, M|\n|poke|p2|Ogerpon-Wellspring, F|\n|poke|p2|Scizor, F|\n|poke|p2|Moltres|\n|teampreview\n|inactive|Battle timer is ON: inactive players will automatically lose when time's up. (requested by 7pagesMUDA)\n|\n|t:|1700495917\n|start\n|switch|p1a: Tapu Koko|Tapu Koko|100\/100\n|switch|p2a: Incineroar|Incineroar, M|100\/100\n|-fieldstart|move: Electric Terrain|[from] ability: Electric Surge|[of] p1a: Tapu Koko\n|-ability|p2a: Incineroar|Intimidate|boost\n|-unboost|p1a: Tapu Koko|atk|1\n|turn|1\n|\n|t:|1700495943\n|move|p2a: Incineroar|Fake Out|p1a: Tapu Koko\n|-damage|p1a: Tapu Koko|87\/100\n|cant|p1a: Tapu Koko|flinch\n|\n|upkeep\n|turn|2\n|\n|t:|1700495948\n|move|p1a: Tapu Koko|Volt Switch|p2a: Incineroar\n|-damage|p2a: Incineroar|64\/100\n|\n|t:|1700495955\n|switch|p1a: Samurott|Samurott-Hisui, M|100\/100|[from] Volt Switch\n|move|p2a: Incineroar|Parting Shot|p1a: Samurott\n|-unboost|p1a: Samurott|atk|1\n|-unboost|p1a: Samurott|spa|1\n|\n|t:|1700495962\n|switch|p2a: Kommo-o|Kommo-o, M|100\/100|[from] Parting Shot\n|\n|upkeep\n|turn|3\n|\n|t:|1700495991\n|switch|p1a: Blissey|Blissey, F|100\/100\n|-zpower|p2a: Kommo-o\n|move|p2a: Kommo-o|Clangorous Soulblaze|p1a: Blissey|[zeffect]\n|-damage|p1a: Blissey|73\/100\n|-boost|p2a: Kommo-o|atk|1\n|-boost|p2a: Kommo-o|def|1\n|-boost|p2a: Kommo-o|spa|1\n|-boost|p2a: Kommo-o|spd|1\n|-boost|p2a: Kommo-o|spe|1\n|\n|upkeep\n|turn|4\n|\n|t:|1700496010\n|move|p2a: Kommo-o|Focus Blast|p1a: Blissey|[miss]\n|-miss|p2a: Kommo-o|p1a: Blissey\n|move|p1a: Blissey|Toxic|p2a: Kommo-o\n|-status|p2a: Kommo-o|tox\n|\n|-damage|p2a: Kommo-o|94\/100 tox|[from] psn\n|upkeep\n|turn|5\n|\n|t:|1700496018\n|move|p2a: Kommo-o|Focus Blast|p1a: Blissey|[miss]\n|-miss|p2a: Kommo-o|p1a: Blissey\n|move|p1a: Blissey|Seismic Toss|p2a: Kommo-o\n|-damage|p2a: Kommo-o|60\/100 tox\n|\n|-damage|p2a: Kommo-o|48\/100 tox|[from] psn\n|-fieldend|move: Electric Terrain\n|upkeep\n|turn|6\n|\n|t:|1700496027\n|move|p2a: Kommo-o|Focus Blast|p1a: Blissey|[miss]\n|-miss|p2a: Kommo-o|p1a: Blissey\n|move|p1a: Blissey|Seismic Toss|p2a: Kommo-o\n|-damage|p2a: Kommo-o|13\/100 tox\n|\n|-damage|p2a: Kommo-o|0 fnt|[from] psn\n|faint|p2a: Kommo-o\n|upkeep\n|c|\u2606RetroAkabane|I'm so sorry\n|c|\u26067pagesMUDA|70% the biggest scam in pokemon\n|\n|t:|1700496042\n|switch|p2a: Scizor|Scizor, F|100\/100\n|turn|7\n|\n|t:|1700496048\n|switch|p1a: Scizor|Scizor, F|100\/100\n|detailschange|p2a: Scizor|Scizor-Mega, F\n|-mega|p2a: Scizor|Scizor|Scizorite\n|move|p2a: Scizor|Swords Dance|p2a: Scizor\n|-boost|p2a: Scizor|atk|2\n|\n|upkeep\n|turn|8\n|\n|t:|1700496059\n|detailschange|p1a: Scizor|Scizor-Mega, F\n|-mega|p1a: Scizor|Scizor|Scizorite\n|move|p1a: Scizor|Bullet Punch|p2a: Scizor\n|-resisted|p2a: Scizor\n|-crit|p2a: Scizor\n|-damage|p2a: Scizor|85\/100\n|move|p2a: Scizor|U-turn|p1a: Scizor\n|-resisted|p1a: Scizor\n|-damage|p1a: Scizor|74\/100\n|\n|t:|1700496071\n|switch|p2a: Incineroar|Incineroar, M|64\/100|[from] U-turn\n|-ability|p2a: Incineroar|Intimidate|boost\n|-unboost|p1a: Scizor|atk|1\n|\n|upkeep\n|turn|9\n|inactive|RetroAkabane has 120 seconds left.\n|\n|t:|1700496126\n|move|p1a: Scizor|Bullet Punch|p2a: Incineroar\n|-resisted|p2a: Incineroar\n|-damage|p2a: Incineroar|55\/100\n|move|p2a: Incineroar|Will-O-Wisp|p1a: Scizor\n|-status|p1a: Scizor|brn\n|\n|-damage|p1a: Scizor|68\/100 brn|[from] brn\n|upkeep\n|turn|10\n|\n|t:|1700496140\n|move|p1a: Scizor|U-turn|p2a: Incineroar\n|-damage|p2a: Incineroar|44\/100\n|\n|t:|1700496144\n|switch|p1a: Kommo-o|Kommo-o, F|100\/100|[from] U-turn\n|move|p2a: Incineroar|Parting Shot|p1a: Kommo-o\n|-unboost|p1a: Kommo-o|atk|1\n|-unboost|p1a: Kommo-o|spa|1\n|\n|t:|1700496151\n|switch|p2a: Gliscor|Gliscor, F|100\/100|[from] Parting Shot\n|\n|-status|p2a: Gliscor|tox|[from] item: Toxic Orb\n|upkeep\n|turn|11\n|\n|t:|1700496159\n|switch|p1a: Scizor|Scizor-Mega, F|68\/100 brn\n|move|p2a: Gliscor|Toxic||[still]\n|-fail|p2a: Gliscor\n|\n|-damage|p1a: Scizor|62\/100 brn|[from] brn\n|upkeep\n|turn|12\n|\n|t:|1700496163\n|move|p2a: Gliscor|Spikes|p1a: Scizor\n|-sidestart|p1: RetroAkabane|Spikes\n|move|p1a: Scizor|U-turn|p2a: Gliscor\n|-resisted|p2a: Gliscor\n|-damage|p2a: Gliscor|95\/100 tox\n|\n|t:|1700496167\n|switch|p1a: Samurott|Samurott-Hisui, M|100\/100|[from] U-turn\n|-damage|p1a: Samurott|88\/100|[from] Spikes\n|\n|-heal|p2a: Gliscor|100\/100 tox|[from] ability: Poison Heal\n|upkeep\n|turn|13\n|\n|t:|1700496174\n|move|p1a: Samurott|Razor Shell|p2a: Gliscor\n|-supereffective|p2a: Gliscor\n|-damage|p2a: Gliscor|31\/100 tox\n|move|p2a: Gliscor|Toxic|p1a: Samurott\n|-status|p1a: Samurott|tox\n|\n|-damage|p1a: Samurott|82\/100 tox|[from] psn\n|-heal|p2a: Gliscor|43\/100 tox|[from] ability: Poison Heal\n|upkeep\n|turn|14\n|\n|t:|1700496184\n|switch|p1a: Tapu Koko|Tapu Koko|87\/100\n|-damage|p1a: Tapu Koko|74\/100|[from] Spikes\n|-fieldstart|move: Electric Terrain|[from] ability: Electric Surge|[of] p1a: Tapu Koko\n|-terastallize|p2a: Gliscor|Water\n|move|p2a: Gliscor|Roost|p2a: Gliscor\n|-heal|p2a: Gliscor|93\/100 tox\n|\n|-heal|p2a: Gliscor|100\/100 tox|[from] ability: Poison Heal\n|upkeep\n|turn|15\n|inactive|7pagesMUDA has 120 seconds left.\n|\n|t:|1700496219\n|-terastallize|p1a: Tapu Koko|Electric\n|move|p1a: Tapu Koko|Thunderbolt|p2a: Gliscor\n|-supereffective|p2a: Gliscor\n|-damage|p2a: Gliscor|0 fnt\n|faint|p2a: Gliscor\n|\n|upkeep\n|inactive|7pagesMUDA has 120 seconds left.\n|-message|7pagesMUDA forfeited.\n|\n|win|RetroAkabane\n|raw|RetroAkabane's rating: 1375 &rarr; <strong>1395<\/strong><br \/>(+20 for winning)\n|raw|7pagesMUDA's rating: 1380 &rarr; <strong>1360<\/strong><br \/>(-20 for losing)\n|l|\u26067pagesMUDA\n","uploadtime":1700496244,"views":14,"p1id":"retroakabane","p2id":"7pagesmuda","formatid":"gen9nationaldex","rating":1360,"private":0,"password":""}