{"id":"gen9nationaldex-2000304464","p1":"Faiz Kediri Butuh","p2":"runeatest","format":"[Gen 9] National Dex","log":"|html|<div class=\"broadcast-blue\"><strong>[Gen 9] National Dex is currently suspecting Sneasler! For information on how to participate check out the <a href=\"https:\/\/www.smogon.com\/forums\/threads\/sv-national-dex-suspect-8-just-dance.3731534\/\">suspect thread<\/a>.<\/strong><\/div>\n|j|\u2606Faiz Kediri Butuh\n|j|\u2606runeatest\n|t:|1701183188\n|gametype|singles\n|player|p1|Faiz Kediri Butuh|preschoolerf-gen7|1199\n|player|p2|runeatest|fisherman-gen4|1293\n|teamsize|p1|6\n|teamsize|p2|6\n|gen|9\n|tier|[Gen 9] National Dex\n|rated|\n|rule|HP Percentage Mod: HP is shown in percentages\n|rule|Endless Battle Clause: Forcing endless battles is banned\n|rule|OHKO Clause: OHKO moves are banned\n|rule|Evasion Clause: Evasion abilities, items, and moves are banned\n|rule|Evasion Abilities Clause: Evasion abilities are banned\n|rule|Evasion Items Clause: Evasion items are banned\n|rule|Evasion Moves Clause: Evasion moves are banned\n|rule|Species Clause: Limit one of each Pok\u00e9mon\n|rule|Sleep Clause Mod: Limit one foe put to sleep\n|clearpoke\n|poke|p1|Malamar, F|\n|poke|p1|Quagsire, F|\n|poke|p1|Clefable, F|\n|poke|p1|Manectric, F|\n|poke|p1|Sandaconda, F|\n|poke|p1|Gyarados, F|\n|poke|p2|Vaporeon, M|\n|poke|p2|Salamence, M|\n|poke|p2|Hitmontop, M|\n|poke|p2|Electivire, M|\n|poke|p2|Togekiss, M|\n|poke|p2|Houndoom, M|\n|teampreview\n|inactive|Battle timer is ON: inactive players will automatically lose when time's up. (requested by runeatest)\n|\n|t:|1701183192\n|start\n|switch|p1a: Thicc Snake|Sandaconda, F|100\/100\n|switch|p2a: Salamence|Salamence, M|100\/100\n|-ability|p2a: Salamence|Intimidate|boost\n|-unboost|p1a: Thicc Snake|atk|1\n|turn|1\n|\n|t:|1701183200\n|move|p2a: Salamence|Hydro Pump|p1a: Thicc Snake\n|-supereffective|p1a: Thicc Snake\n|-enditem|p1a: Thicc Snake|Focus Sash\n|-damage|p1a: Thicc Snake|1\/100\n|move|p1a: Thicc Snake|Glare|p2a: Salamence\n|-status|p2a: Salamence|par\n|\n|upkeep\n|turn|2\n|\n|t:|1701183210\n|switch|p2a: Hitmontop|Hitmontop, M|100\/100\n|move|p1a: Thicc Snake|Stealth Rock|p2a: Hitmontop\n|-sidestart|p2: runeatest|move: Stealth Rock\n|\n|upkeep\n|turn|3\n|\n|t:|1701183216\n|move|p2a: Hitmontop|Rapid Spin|p1a: Thicc Snake\n|-damage|p1a: Thicc Snake|0 fnt\n|-boost|p2a: Hitmontop|spe|1\n|-sideend|p2: runeatest|Stealth Rock|[from] move: Rapid Spin|[of] p2a: Hitmontop\n|faint|p1a: Thicc Snake\n|\n|upkeep\n|\n|t:|1701183223\n|switch|p1a: Cute Gengar|Clefable, F|100\/100\n|turn|4\n|\n|t:|1701183226\n|switch|p2a: Houndoom|Houndoom, M|100\/100\n|move|p1a: Cute Gengar|Thunder Wave|p2a: Houndoom\n|-status|p2a: Houndoom|par\n|\n|upkeep\n|turn|5\n|\n|t:|1701183233\n|switch|p2a: Vaporeon|Vaporeon, M|100\/100\n|move|p1a: Cute Gengar|Moonblast|p2a: Vaporeon\n|-damage|p2a: Vaporeon|69\/100\n|\n|-heal|p2a: Vaporeon|75\/100|[from] item: Leftovers\n|upkeep\n|turn|6\n|\n|t:|1701183243\n|move|p2a: Vaporeon|Hydro Pump|p1a: Cute Gengar|[miss]\n|-miss|p2a: Vaporeon|p1a: Cute Gengar\n|move|p1a: Cute Gengar|Thunder Wave|p2a: Vaporeon\n|-status|p2a: Vaporeon|par\n|\n|-heal|p2a: Vaporeon|82\/100 par|[from] item: Leftovers\n|upkeep\n|turn|7\n|\n|t:|1701183253\n|move|p1a: Cute Gengar|Moonblast|p2a: Vaporeon\n|-damage|p2a: Vaporeon|51\/100 par\n|cant|p2a: Vaporeon|par\n|\n|-heal|p2a: Vaporeon|57\/100 par|[from] item: Leftovers\n|upkeep\n|turn|8\n|\n|t:|1701183262\n|move|p1a: Cute Gengar|Moonblast|p2a: Vaporeon\n|-damage|p2a: Vaporeon|24\/100 par\n|move|p2a: Vaporeon|Heal Bell|p2a: Vaporeon\n|-activate|p2a: Vaporeon|move: Heal Bell\n|-curestatus|p2a: Vaporeon|par|[msg]\n|-curestatus|p2: Houndoom|par|[msg]\n|-curestatus|p2: Salamence|par|[msg]\n|\n|-heal|p2a: Vaporeon|31\/100|[from] item: Leftovers\n|upkeep\n|turn|9\n|\n|t:|1701183274\n|switch|p2a: Electivire|Electivire, M, shiny|100\/100\n|-item|p2a: Electivire|Air Balloon\n|move|p1a: Cute Gengar|Moonblast|p2a: Electivire\n|-damage|p2a: Electivire|53\/100\n|-enditem|p2a: Electivire|Air Balloon\n|\n|upkeep\n|turn|10\n|\n|t:|1701183283\n|move|p2a: Electivire|Thunder Punch|p1a: Cute Gengar\n|-damage|p1a: Cute Gengar|56\/100\n|move|p1a: Cute Gengar|Moonblast|p2a: Electivire\n|-damage|p2a: Electivire|10\/100\n|-unboost|p2a: Electivire|spa|1\n|\n|upkeep\n|turn|11\n|\n|t:|1701183292\n|move|p2a: Electivire|Thunder Punch|p1a: Cute Gengar\n|-damage|p1a: Cute Gengar|16\/100\n|-status|p1a: Cute Gengar|par\n|move|p1a: Cute Gengar|Moonblast|p2a: Electivire\n|-damage|p2a: Electivire|0 fnt\n|faint|p2a: Electivire\n|\n|upkeep\n|\n|t:|1701183302\n|switch|p2a: Vaporeon|Vaporeon, M|31\/100\n|turn|12\n|\n|t:|1701183306\n|move|p2a: Vaporeon|Ice Beam|p1a: Cute Gengar\n|-damage|p1a: Cute Gengar|0 fnt\n|faint|p1a: Cute Gengar\n|\n|-heal|p2a: Vaporeon|37\/100|[from] item: Leftovers\n|upkeep\n|\n|t:|1701183315\n|switch|p1a: Paw Patrol|Manectric, F|100\/100\n|turn|13\n|\n|t:|1701183319\n|detailschange|p1a: Paw Patrol|Manectric-Mega, F\n|-mega|p1a: Paw Patrol|Manectric|Manectite\n|-ability|p1a: Paw Patrol|Intimidate|boost\n|-unboost|p2a: Vaporeon|atk|1\n|move|p1a: Paw Patrol|Thunderbolt|p2a: Vaporeon\n|-supereffective|p2a: Vaporeon\n|-damage|p2a: Vaporeon|0 fnt\n|faint|p2a: Vaporeon\n|\n|upkeep\n|\n|t:|1701183331\n|switch|p2a: Hitmontop|Hitmontop, M|100\/100\n|turn|14\n|\n|t:|1701183334\n|move|p2a: Hitmontop|Fake Out|p1a: Paw Patrol\n|-damage|p1a: Paw Patrol|75\/100\n|cant|p1a: Paw Patrol|flinch\n|\n|upkeep\n|turn|15\n|\n|t:|1701183342\n|move|p1a: Paw Patrol|Thunder Wave|p2a: Hitmontop\n|-status|p2a: Hitmontop|par\n|move|p2a: Hitmontop|High Jump Kick|p1a: Paw Patrol\n|-damage|p1a: Paw Patrol|0 fnt\n|faint|p1a: Paw Patrol\n|\n|upkeep\n|\n|t:|1701183350\n|switch|p1a: Dark Squidward|Malamar, F|100\/100\n|turn|16\n|\n|t:|1701183353\n|move|p1a: Dark Squidward|Superpower|p2a: Hitmontop\n|-damage|p2a: Hitmontop|51\/100 par\n|-boost|p1a: Dark Squidward|atk|1\n|-boost|p1a: Dark Squidward|def|1\n|move|p2a: Hitmontop|High Jump Kick|p1a: Dark Squidward\n|-crit|p1a: Dark Squidward\n|-damage|p1a: Dark Squidward|18\/100\n|\n|upkeep\n|turn|17\n|\n|t:|1701183363\n|move|p2a: Hitmontop|Sucker Punch|p1a: Dark Squidward\n|-damage|p1a: Dark Squidward|4\/100\n|move|p1a: Dark Squidward|Psycho Cut|p2a: Hitmontop\n|-supereffective|p2a: Hitmontop\n|-damage|p2a: Hitmontop|0 fnt\n|faint|p2a: Hitmontop\n|-heal|p1a: Dark Squidward|9\/100|[from] item: Shell Bell|[of] p2: Hitmontop\n|\n|upkeep\n|\n|t:|1701183370\n|switch|p2a: Togekiss|Togekiss, M, shiny|100\/100\n|turn|18\n|\n|t:|1701183374\n|move|p2a: Togekiss|Dazzling Gleam|p1a: Dark Squidward\n|-supereffective|p1a: Dark Squidward\n|-damage|p1a: Dark Squidward|0 fnt\n|faint|p1a: Dark Squidward\n|\n|upkeep\n|\n|t:|1701183380\n|switch|p1a: Masbro|Quagsire, F|100\/100\n|turn|19\n|\n|t:|1701183386\n|move|p2a: Togekiss|Air Slash|p1a: Masbro\n|-damage|p1a: Masbro|64\/100\n|cant|p1a: Masbro|flinch\n|\n|-heal|p1a: Masbro|70\/100|[from] item: Leftovers\n|upkeep\n|turn|20\n|\n|t:|1701183394\n|move|p2a: Togekiss|Air Slash|p1a: Masbro\n|-damage|p1a: Masbro|30\/100\n|cant|p1a: Masbro|flinch\n|\n|-heal|p1a: Masbro|36\/100|[from] item: Leftovers\n|upkeep\n|turn|21\n|\n|t:|1701183402\n|move|p2a: Togekiss|Dazzling Gleam|p1a: Masbro\n|-crit|p1a: Masbro\n|-damage|p1a: Masbro|0 fnt\n|faint|p1a: Masbro\n|\n|upkeep\n|\n|t:|1701183408\n|switch|p1a: Leviathan|Gyarados, F|100\/100\n|turn|22\n|\n|t:|1701183412\n|move|p1a: Leviathan|Dragon Dance|p1a: Leviathan\n|-boost|p1a: Leviathan|atk|1\n|-boost|p1a: Leviathan|spe|1\n|move|p2a: Togekiss|Thunder Wave|p1a: Leviathan\n|-status|p1a: Leviathan|par\n|\n|upkeep\n|turn|23\n|-message|Faiz Kediri Butuh forfeited.\n|\n|win|runeatest\n|raw|Faiz Kediri Butuh's rating: 1199 &rarr; <strong>1181<\/strong><br \/>(-18 for losing)\n|raw|runeatest's rating: 1293 &rarr; <strong>1311<\/strong><br \/>(+18 for winning)\n|l|\u2606Faiz Kediri Butuh\n","uploadtime":1701183424,"views":5,"p1id":"faizkediributuh","p2id":"runeatest","formatid":"gen9nationaldex","rating":1181,"private":0,"password":""}