{"id":"gen9nationaldex-1990431182","p1":"spidercookie","p2":"Obnus6","format":"[Gen 9] National Dex","log":"|j|\u2606spidercookie\n|j|\u2606Obnus6\n|t:|1699970281\n|gametype|singles\n|player|p1|spidercookie|teamrocket|1425\n|player|p2|Obnus6|170|1414\n|teamsize|p1|6\n|teamsize|p2|6\n|gen|9\n|tier|[Gen 9] National Dex\n|rated|\n|rule|HP Percentage Mod: HP is shown in percentages\n|rule|Endless Battle Clause: Forcing endless battles is banned\n|rule|OHKO Clause: OHKO moves are banned\n|rule|Evasion Clause: Evasion abilities, items, and moves are banned\n|rule|Evasion Abilities Clause: Evasion abilities are banned\n|rule|Evasion Items Clause: Evasion items are banned\n|rule|Evasion Moves Clause: Evasion moves are banned\n|rule|Species Clause: Limit one of each Pok\u00e9mon\n|rule|Sleep Clause Mod: Limit one foe put to sleep\n|clearpoke\n|poke|p1|Alomomola, F|\n|poke|p1|Banette, F|\n|poke|p1|Goodra-Hisui, M|\n|poke|p1|Gliscor, M|\n|poke|p1|Tapu Lele|\n|poke|p1|Rabsca, M|\n|poke|p2|Clawitzer, F|\n|poke|p2|Rillaboom, M|\n|poke|p2|Moltres-Galar|\n|poke|p2|Iron Moth|\n|poke|p2|Buzzwole|\n|poke|p2|Xurkitree|\n|teampreview\n|inactive|Battle timer is ON: inactive players will automatically lose when time's up. (requested by Obnus6)\n|\n|t:|1699970286\n|start\n|switch|p1a: Tapu Lele|Tapu Lele|100\/100\n|switch|p2a: Moltres|Moltres-Galar|100\/100\n|-fieldstart|move: Psychic Terrain|[from] ability: Psychic Surge|[of] p1a: Tapu Lele\n|turn|1\n|\n|t:|1699970290\n|move|p1a: Tapu Lele|Moonblast|p2a: Moltres\n|-supereffective|p2a: Moltres\n|-damage|p2a: Moltres|25\/100\n|-unboost|p2a: Moltres|spa|1\n|-ability|p2a: Moltres|Berserk|boost\n|-boost|p2a: Moltres|spa|1\n|-enditem|p2a: Moltres|Sitrus Berry|[eat]\n|-heal|p2a: Moltres|50\/100|[from] item: Sitrus Berry\n|move|p2a: Moltres|Agility|p2a: Moltres\n|-boost|p2a: Moltres|spe|2\n|\n|upkeep\n|turn|2\n|\n|t:|1699970299\n|move|p1a: Tapu Lele|Moonblast|p2a: Moltres\n|-supereffective|p2a: Moltres\n|-damage|p2a: Moltres|0 fnt\n|faint|p2a: Moltres\n|\n|upkeep\n|\n|t:|1699970309\n|switch|p2a: Iron Moth|Iron Moth|100\/100\n|turn|3\n|\n|t:|1699970315\n|switch|p1a: Gliscor|Gliscor, M|100\/100\n|move|p2a: Iron Moth|Sludge Wave|p1a: Gliscor\n|-resisted|p1a: Gliscor\n|-damage|p1a: Gliscor|67\/100\n|\n|-status|p1a: Gliscor|tox|[from] item: Toxic Orb\n|upkeep\n|turn|4\n|\n|t:|1699970320\n|-terastallize|p2a: Iron Moth|Water\n|move|p1a: Gliscor|Protect|p1a: Gliscor\n|-singleturn|p1a: Gliscor|Protect\n|move|p2a: Iron Moth|Fiery Dance|p1a: Gliscor\n|-activate|p1a: Gliscor|move: Protect\n|\n|-heal|p1a: Gliscor|79\/100 tox|[from] ability: Poison Heal\n|upkeep\n|turn|5\n|\n|t:|1699970326\n|switch|p1a: Alomomola|Alomomola, F|100\/100\n|move|p2a: Iron Moth|Fiery Dance|p1a: Alomomola\n|-resisted|p1a: Alomomola\n|-damage|p1a: Alomomola|73\/100\n|-boost|p2a: Iron Moth|spa|1\n|\n|-heal|p1a: Alomomola|79\/100|[from] item: Leftovers\n|-fieldend|move: Psychic Terrain\n|upkeep\n|turn|6\n|\n|t:|1699970330\n|move|p1a: Alomomola|Protect|p1a: Alomomola\n|-singleturn|p1a: Alomomola|Protect\n|move|p2a: Iron Moth|Charge Beam|p1a: Alomomola\n|-activate|p1a: Alomomola|move: Protect\n|\n|-heal|p1a: Alomomola|85\/100|[from] item: Leftovers\n|upkeep\n|turn|7\n|\n|t:|1699970333\n|move|p2a: Iron Moth|Charge Beam|p1a: Alomomola\n|-supereffective|p1a: Alomomola\n|-damage|p1a: Alomomola|16\/100\n|move|p1a: Alomomola|Flip Turn|p2a: Iron Moth\n|-resisted|p2a: Iron Moth\n|-damage|p2a: Iron Moth|87\/100\n|\n|t:|1699970339\n|switch|p1a: Banette|Banette, F|100\/100|[from] Flip Turn\n|\n|upkeep\n|turn|8\n|\n|t:|1699970343\n|detailschange|p1a: Banette|Banette-Mega, F\n|-mega|p1a: Banette|Banette|Banettite\n|move|p1a: Banette|Destiny Bond|p1a: Banette\n|-singlemove|p1a: Banette|Destiny Bond\n|move|p2a: Iron Moth|Sludge Wave|p1a: Banette\n|-resisted|p1a: Banette\n|-damage|p1a: Banette|46\/100\n|-status|p1a: Banette|psn\n|\n|-damage|p1a: Banette|34\/100 psn|[from] psn\n|upkeep\n|turn|9\n|\n|t:|1699970347\n|move|p2a: Iron Moth|Fiery Dance|p1a: Banette\n|-damage|p1a: Banette|0 fnt\n|faint|p1a: Banette\n|-activate|p1a: Banette|move: Destiny Bond\n|faint|p2a: Iron Moth\n|-end|p2a: Iron Moth|Quark Drive|[silent]\n|\n|upkeep\n|\n|t:|1699970355\n|switch|p2a: Buzzwole|Buzzwole|100\/100\n|switch|p1a: Rabsca|Rabsca, M|100\/100\n|turn|10\n|\n|t:|1699970359\n|move|p2a: Buzzwole|Fell Stinger|p1a: Rabsca\n|-supereffective|p1a: Rabsca\n|-damage|p1a: Rabsca|36\/100\n|move|p1a: Rabsca|Trick Room|p1a: Rabsca\n|-fieldstart|move: Trick Room|[of] p1a: Rabsca\n|\n|upkeep\n|turn|11\n|\n|t:|1699970361\n|move|p1a: Rabsca|Revival Blessing|p1a: Rabsca\n|-enditem|p1a: Rabsca|Leppa Berry|[eat]\n|-activate|p1a: Rabsca|item: Leppa Berry|Revival Blessing|[consumed]\n|\n|t:|1699970364\n|-heal|p1: Banette|50\/100|[from] move: Revival Blessing\n|move|p2a: Buzzwole|Fell Stinger|p1a: Rabsca\n|-supereffective|p1a: Rabsca\n|-damage|p1a: Rabsca|0 fnt\n|faint|p1a: Rabsca\n|-ability|p2a: Buzzwole|Beast Boost|boost\n|-boost|p2a: Buzzwole|atk|1\n|-boost|p2a: Buzzwole|atk|3\n|\n|upkeep\n|\n|t:|1699970368\n|switch|p1a: Banette|Banette-Mega, F|50\/100\n|turn|12\n|\n|t:|1699970374\n|move|p1a: Banette|Destiny Bond|p1a: Banette\n|-singlemove|p1a: Banette|Destiny Bond\n|move|p2a: Buzzwole|Darkest Lariat|p1a: Banette\n|-supereffective|p1a: Banette\n|-damage|p1a: Banette|0 fnt\n|faint|p1a: Banette\n|-activate|p1a: Banette|move: Destiny Bond\n|faint|p2a: Buzzwole\n|\n|upkeep\n|c|\u2606spidercookie|xD\n|\n|t:|1699970391\n|switch|p1a: Alomomola|Alomomola, F|49\/100\n|switch|p2a: Rillaboom|Rillaboom, M|100\/100\n|-fieldstart|move: Grassy Terrain|[from] ability: Grassy Surge|[of] p2a: Rillaboom\n|-enditem|p2a: Rillaboom|Grassy Seed\n|-boost|p2a: Rillaboom|def|1|[from] item: Grassy Seed\n|turn|13\n|\n|t:|1699970394\n|switch|p1a: Goodra|Goodra-Hisui, M|100\/100\n|move|p2a: Rillaboom|Grassy Glide|p1a: Goodra\n|-ability|p1a: Goodra|Sap Sipper|boost\n|-boost|p1a: Goodra|atk|1\n|\n|upkeep\n|turn|14\n|\n|t:|1699970396\n|move|p1a: Goodra|Fire Blast|p2a: Rillaboom\n|-supereffective|p2a: Rillaboom\n|-damage|p2a: Rillaboom|0 fnt\n|faint|p2a: Rillaboom\n|\n|-fieldend|move: Trick Room\n|upkeep\n|\n|t:|1699970404\n|switch|p2a: Xurkitree|Xurkitree|100\/100\n|turn|15\n|\n|t:|1699970409\n|move|p2a: Xurkitree|Volt Switch|p1a: Goodra\n|-resisted|p1a: Goodra\n|-damage|p1a: Goodra|90\/100\n|\n|t:|1699970412\n|switch|p2a: Clawitzer|Clawitzer, F|100\/100|[from] Volt Switch\n|move|p1a: Goodra|Flash Cannon|p2a: Clawitzer\n|-resisted|p2a: Clawitzer\n|-damage|p2a: Clawitzer|86\/100\n|\n|-heal|p2a: Clawitzer|92\/100|[from] Grassy Terrain\n|-heal|p1a: Goodra|96\/100|[from] Grassy Terrain\n|upkeep\n|turn|16\n|-message|Obnus6 forfeited.\n|\n|win|spidercookie\n|raw|spidercookie's rating: 1425 &rarr; <strong>1444<\/strong><br \/>(+19 for winning)\n|raw|Obnus6's rating: 1414 &rarr; <strong>1395<\/strong><br \/>(-19 for losing)\n|l|\u2606Obnus6\n|c|\u2606spidercookie|gg\n","uploadtime":1699970422,"views":4,"p1id":"spidercookie","p2id":"obnus6","formatid":"gen9nationaldex","rating":1395,"private":0,"password":""}