{"id":"gen9nationaldex-1996739125","p1":"FlyingSudowoodo","p2":"Blrrrd","format":"[Gen 9] National Dex","log":"|html|<div class=\"broadcast-blue\"><strong>[Gen 9] National Dex is currently suspecting Sneasler! For information on how to participate check out the <a href=\"https:\/\/www.smogon.com\/forums\/threads\/sv-national-dex-suspect-8-just-dance.3731534\/\">suspect thread<\/a>.<\/strong><\/div>\n|j|\u2606FlyingSudowoodo\n|j|\u2606Blrrrd\n|t:|1700717083\n|gametype|singles\n|player|p1|FlyingSudowoodo|brock|1251\n|player|p2|Blrrrd|leon|1349\n|teamsize|p1|6\n|teamsize|p2|6\n|gen|9\n|tier|[Gen 9] National Dex\n|rated|\n|rule|HP Percentage Mod: HP is shown in percentages\n|rule|Endless Battle Clause: Forcing endless battles is banned\n|rule|OHKO Clause: OHKO moves are banned\n|rule|Evasion Clause: Evasion abilities, items, and moves are banned\n|rule|Evasion Abilities Clause: Evasion abilities are banned\n|rule|Evasion Items Clause: Evasion items are banned\n|rule|Evasion Moves Clause: Evasion moves are banned\n|rule|Species Clause: Limit one of each Pok\u00e9mon\n|rule|Sleep Clause Mod: Limit one foe put to sleep\n|clearpoke\n|poke|p1|Golem-Alola, F|\n|poke|p1|Glalie, M|\n|poke|p1|Victini|\n|poke|p1|Blissey, F|\n|poke|p1|Lucario, F|\n|poke|p1|Rillaboom, F|\n|poke|p2|Slowking-Galar, M|\n|poke|p2|Jirachi|\n|poke|p2|Garganacl, M|\n|poke|p2|Milotic, M|\n|poke|p2|Magnezone|\n|poke|p2|Heracross, F|\n|teampreview\n|inactive|Battle timer is ON: inactive players will automatically lose when time's up. (requested by Blrrrd)\n|\n|t:|1700717086\n|start\n|switch|p1a: Victini|Victini|100\/100\n|switch|p2a: Magnezone|Magnezone|100\/100\n|turn|1\n|\n|t:|1700717096\n|move|p1a: Victini|Final Gambit|p2a: Magnezone\n|-damage|p2a: Magnezone|0 fnt\n|faint|p1a: Victini\n|faint|p2a: Magnezone\n|\n|upkeep\n|\n|t:|1700717102\n|switch|p1a: Blissey|Blissey, F|100\/100\n|switch|p2a: Jirachi|Jirachi|100\/100\n|turn|2\n|\n|t:|1700717107\n|move|p1a: Blissey|Copycat|p1a: Blissey\n|move|p1a: Blissey|Final Gambit|p2a: Jirachi|[from]move: Copycat\n|-damage|p2a: Jirachi|0 fnt\n|faint|p1a: Blissey\n|faint|p2a: Jirachi\n|\n|upkeep\n|\n|t:|1700717117\n|switch|p2a: Slowking|Slowking-Galar, M|100\/100\n|switch|p1a: Golem|Golem-Alola, F|100\/100\n|turn|3\n|\n|t:|1700717124\n|move|p1a: Golem|Stealth Rock|p2a: Slowking\n|-sidestart|p2: Blrrrd|move: Stealth Rock\n|move|p2a: Slowking|Future Sight|p1a: Golem\n|-start|p2a: Slowking|move: Future Sight\n|\n|upkeep\n|turn|4\n|\n|t:|1700717128\n|move|p1a: Golem|Explosion|p2a: Slowking\n|-damage|p2a: Slowking|0 fnt\n|faint|p1a: Golem\n|faint|p2a: Slowking\n|\n|upkeep\n|\n|t:|1700717138\n|switch|p1a: Glalie|Glalie, M|100\/100\n|switch|p2a: Heracross|Heracross, F|100\/100\n|-damage|p2a: Heracross|88\/100|[from] Stealth Rock\n|turn|5\n|\n|t:|1700717149\n|detailschange|p2a: Heracross|Heracross-Mega, F\n|-mega|p2a: Heracross|Heracross|Heracronite\n|detailschange|p1a: Glalie|Glalie-Mega, M\n|-mega|p1a: Glalie|Glalie|Glalitite\n|move|p1a: Glalie|Explosion|p2a: Heracross\n|-damage|p2a: Heracross|0 fnt\n|faint|p1a: Glalie\n|faint|p2a: Heracross\n|\n|-hint|Future Sight did not hit because the target is fainted.\n|upkeep\n|\n|t:|1700717158\n|switch|p1a: Lucario|Lucario, F|100\/100\n|switch|p2a: Milotic|Milotic, M|100\/100\n|-damage|p2a: Milotic|88\/100|[from] Stealth Rock\n|turn|6\n|\n|t:|1700717170\n|-terastallize|p2a: Milotic|Steel\n|move|p1a: Lucario|Final Gambit|p2a: Milotic\n|-damage|p2a: Milotic|0 fnt\n|faint|p1a: Lucario\n|faint|p2a: Milotic\n|\n|upkeep\n|\n|t:|1700717176\n|switch|p1a: Rillaboom|Rillaboom, F|100\/100\n|switch|p2a: Garganacl|Garganacl, M|100\/100\n|-fieldstart|move: Grassy Terrain|[from] ability: Grassy Surge|[of] p1a: Rillaboom\n|-damage|p2a: Garganacl|88\/100|[from] Stealth Rock\n|turn|7\n|\n|t:|1700717182\n|move|p1a: Rillaboom|Wood Hammer|p2a: Garganacl\n|-supereffective|p2a: Garganacl\n|-damage|p2a: Garganacl|0 fnt\n|faint|p2a: Garganacl\n|-damage|p1a: Rillaboom|66\/100|[from] Recoil\n|-damage|p1a: Rillaboom|56\/100|[from] item: Life Orb\n|\n|win|FlyingSudowoodo\n|raw|FlyingSudowoodo's rating: 1251 &rarr; <strong>1283<\/strong><br \/>(+32 for winning)\n|raw|Blrrrd's rating: 1349 &rarr; <strong>1324<\/strong><br \/>(-25 for losing)\n|l|\u2606Blrrrd\n","uploadtime":1700717191,"views":1,"p1id":"flyingsudowoodo","p2id":"blrrrd","formatid":"gen9nationaldex","rating":1283,"private":0,"password":""}