{"id":"gen9nationaldex-1990792654","p1":"xxxxSachi","p2":"Dr 3 goney","format":"[Gen 9] National Dex","log":"|j|\u2606xxxxSachi\n|j|\u2606Dr 3 goney\n|t:|1700001341\n|gametype|singles\n|player|p1|xxxxSachi|nemona-s|\n|player|p2|Dr 3 goney|nate|\n|teamsize|p1|6\n|teamsize|p2|6\n|gen|9\n|tier|[Gen 9] National Dex\n|rule|HP Percentage Mod: HP is shown in percentages\n|rule|Endless Battle Clause: Forcing endless battles is banned\n|rule|OHKO Clause: OHKO moves are banned\n|rule|Evasion Clause: Evasion abilities, items, and moves are banned\n|rule|Evasion Abilities Clause: Evasion abilities are banned\n|rule|Evasion Items Clause: Evasion items are banned\n|rule|Evasion Moves Clause: Evasion moves are banned\n|rule|Species Clause: Limit one of each Pok\u00e9mon\n|rule|Sleep Clause Mod: Limit one foe put to sleep\n|clearpoke\n|poke|p1|Charizard, F|\n|poke|p1|Rotom-Wash|\n|poke|p1|Tyranitar, F|\n|poke|p1|Excadrill, F|\n|poke|p1|Breloom, M|\n|poke|p1|Tapu Lele|\n|poke|p2|Medicham, F|\n|poke|p2|Quagsire, M|\n|poke|p2|Purrloin, M|\n|poke|p2|Togekiss, F|\n|poke|p2|Klinklang|\n|poke|p2|Porygon-Z|\n|teampreview\n|c|\u2606Dr 3 goney|e\n|inactive|Battle timer is ON: inactive players will automatically lose when time's up. (requested by Dr 3 goney)\n|c|\u2606xxxxSachi|E\n|\n|t:|1700001356\n|start\n|switch|p1a: Tapu Lele|Tapu Lele|100\/100\n|switch|p2a: esdg|Klinklang, shiny|100\/100\n|-fieldstart|move: Psychic Terrain|[from] ability: Psychic Surge|[of] p1a: Tapu Lele\n|turn|1\n|\n|t:|1700001361\n|switch|p1a: Rotom|Rotom-Wash|100\/100\n|move|p2a: esdg|Shift Gear|p2a: esdg\n|-boost|p2a: esdg|spe|2\n|-boost|p2a: esdg|atk|1\n|\n|upkeep\n|turn|2\n|\n|t:|1700001376\n|switch|p2a: kingsire|Quagsire, M, shiny|100\/100\n|move|p1a: Rotom|Will-O-Wisp|p2a: kingsire\n|-status|p2a: kingsire|brn\n|\n|-damage|p2a: kingsire|94\/100 brn|[from] brn\n|upkeep\n|turn|3\n|\n|t:|1700001387\n|switch|p1a: Breloom|Breloom, M|100\/100\n|move|p2a: kingsire|Toxic|p1a: Breloom\n|-status|p1a: Breloom|tox\n|\n|-heal|p2a: kingsire|100\/100 brn|[from] item: Leftovers\n|-damage|p2a: kingsire|94\/100 brn|[from] brn\n|upkeep\n|turn|4\n|c|\u2606Dr 3 goney|oh fu\n|\n|t:|1700001397\n|move|p2a: kingsire|Protect|p2a: kingsire\n|-singleturn|p2a: kingsire|Protect\n|move|p1a: Breloom|Substitute|p1a: Breloom\n|-start|p1a: Breloom|Substitute\n|-damage|p1a: Breloom|76\/100 tox\n|\n|-heal|p2a: kingsire|100\/100 brn|[from] item: Leftovers\n|-heal|p1a: Breloom|88\/100 tox|[from] ability: Poison Heal\n|-damage|p2a: kingsire|94\/100 brn|[from] brn\n|upkeep\n|turn|5\n|c|\u2606Dr 3 goney|yep.\n|\n|t:|1700001407\n|-singleturn|p1a: Breloom|move: Focus Punch\n|move|p2a: kingsire|Seismic Toss|p1a: Breloom\n|-end|p1a: Breloom|Substitute\n|move|p1a: Breloom|Focus Punch|p2a: kingsire\n|-damage|p2a: kingsire|33\/100 brn\n|\n|-heal|p2a: kingsire|40\/100 brn|[from] item: Leftovers\n|-heal|p1a: Breloom|100\/100 tox|[from] ability: Poison Heal\n|-damage|p2a: kingsire|33\/100 brn|[from] brn\n|-fieldend|move: Psychic Terrain\n|upkeep\n|turn|6\n|c|\u2606xxxxSachi|The god himself has stepped down\n|\n|t:|1700001429\n|-singleturn|p1a: Breloom|move: Focus Punch\n|move|p2a: kingsire|Seismic Toss|p1a: Breloom\n|-damage|p1a: Breloom|69\/100 tox\n|cant|p1a: Breloom|Focus Punch|Focus Punch\n|\n|-heal|p2a: kingsire|40\/100 brn|[from] item: Leftovers\n|-heal|p1a: Breloom|82\/100 tox|[from] ability: Poison Heal\n|-damage|p2a: kingsire|33\/100 brn|[from] brn\n|upkeep\n|turn|7\n|\n|t:|1700001441\n|switch|p1a: Charizard|Charizard, F|100\/100\n|move|p2a: kingsire|Seismic Toss|p1a: Charizard\n|-damage|p1a: Charizard|67\/100\n|\n|-heal|p2a: kingsire|40\/100 brn|[from] item: Leftovers\n|-damage|p2a: kingsire|33\/100 brn|[from] brn\n|upkeep\n|turn|8\n|\n|t:|1700001445\n|detailschange|p1a: Charizard|Charizard-Mega-Y, F\n|-mega|p1a: Charizard|Charizard|Charizardite Y\n|-weather|SunnyDay|[from] ability: Drought|[of] p1a: Charizard\n|move|p1a: Charizard|Solar Beam||[still]\n|-prepare|p1a: Charizard|Solar Beam\n|-anim|p1a: Charizard|Solar Beam|p2a: kingsire\n|-supereffective|p2a: kingsire\n|-damage|p2a: kingsire|0 fnt\n|faint|p2a: kingsire\n|\n|-weather|SunnyDay|[upkeep]\n|upkeep\n|\n|t:|1700001449\n|switch|p2a: purrr|Purrloin, M, shiny|100\/100\n|turn|9\n|\n|t:|1700001452\n|switch|p1a: Tyranitar|Tyranitar, F|100\/100\n|-weather|Sandstorm|[from] ability: Sand Stream|[of] p1a: Tyranitar\n|move|p2a: purrr|Swagger|p1a: Tyranitar\n|-hint|Since gen 7, Dark is immune to Prankster moves.\n|-immune|p1a: Tyranitar\n|\n|-weather|Sandstorm|[upkeep]\n|-damage|p2a: purrr|95\/100|[from] Sandstorm\n|upkeep\n|turn|10\n|\n|t:|1700001460\n|-activate|p2a: purrr|move: Pursuit\n|move|p1a: Tyranitar|Pursuit|p2a: purrr|[from]Pursuit\n|-resisted|p2a: purrr\n|-damage|p2a: purrr|18\/100\n|switch|p2a: thickk|Medicham, F, shiny|100\/100\n|\n|-weather|Sandstorm|[upkeep]\n|-damage|p2a: thickk|94\/100|[from] Sandstorm\n|upkeep\n|turn|11\n|\n|t:|1700001465\n|switch|p1a: Tapu Lele|Tapu Lele|100\/100\n|-fieldstart|move: Psychic Terrain|[from] ability: Psychic Surge|[of] p1a: Tapu Lele\n|detailschange|p2a: thickk|Medicham-Mega, F, shiny\n|-mega|p2a: thickk|Medicham|Medichamite\n|move|p2a: thickk|Drain Punch|p1a: Tapu Lele\n|-resisted|p1a: Tapu Lele\n|-damage|p1a: Tapu Lele|75\/100\n|-heal|p2a: thickk|100\/100|[from] drain|[of] p1a: Tapu Lele\n|\n|-weather|Sandstorm|[upkeep]\n|-damage|p1a: Tapu Lele|68\/100|[from] Sandstorm\n|-damage|p2a: thickk|94\/100|[from] Sandstorm\n|upkeep\n|turn|12\n|c|\u2606Dr 3 goney|25 with 4x not very affective\n|c|\u2606Dr 3 goney|pretty strong\n|inactive|Dr 3 goney has 270 seconds left.\n|\n|t:|1700001497\n|move|p1a: Tapu Lele|Moonblast|p2a: thickk\n|-supereffective|p2a: thickk\n|-damage|p2a: thickk|0 fnt\n|faint|p2a: thickk\n|\n|-weather|Sandstorm|[upkeep]\n|-damage|p1a: Tapu Lele|62\/100|[from] Sandstorm\n|upkeep\n|\n|t:|1700001500\n|switch|p2a: purrr|Purrloin, M, shiny|18\/100\n|turn|13\n|c|\u2606xxxxSachi|Vikstar123 strong\n|\n|t:|1700001507\n|move|p2a: purrr|Swagger|p1a: Tapu Lele\n|-activate|p1a: Tapu Lele|move: Psychic Terrain\n|move|p1a: Tapu Lele|Moonblast|p2a: purrr\n|-supereffective|p2a: purrr\n|-damage|p2a: purrr|0 fnt\n|faint|p2a: purrr\n|\n|-weather|none\n|upkeep\n|c|\u2606Dr 3 goney|eeee\n|\n|t:|1700001514\n|switch|p2a: esdg|Klinklang, shiny|100\/100\n|turn|14\n|c|\u2606xxxxSachi|Imma be fr with you\n|c|\u2606xxxxSachi|I also sometimes forget psychic terrain does that\n|inactive|xxxxSachi has 270 seconds left.\n|\n|t:|1700001547\n|switch|p1a: Rotom|Rotom-Wash|100\/100\n|move|p2a: esdg|Gear Grind|p1a: Rotom\n|-resisted|p1a: Rotom\n|-damage|p1a: Rotom|93\/100\n|-resisted|p1a: Rotom\n|-damage|p1a: Rotom|86\/100\n|-hitcount|p1a: Rotom|2\n|\n|-heal|p1a: Rotom|93\/100|[from] item: Leftovers\n|upkeep\n|turn|15\n|c|\u2606Dr 3 goney|i cant do this\n|c|\u2606Dr 3 goney|u switching out 24\/7\n|\n|t:|1700001570\n|move|p1a: Rotom|Volt Switch|p2a: esdg\n|-damage|p2a: esdg|66\/100\n|inactive|xxxxSachi has 270 seconds left.\n|c|\u2606xxxxSachi|Btw i lied, this aint a test team, thats a team that got me to 1600 on my main account xD\n|\n|t:|1700001600\n|switch|p1a: Charizard|Charizard-Mega-Y, F|67\/100|[from] Volt Switch\n|-weather|SunnyDay|[from] ability: Drought|[of] p1a: Charizard\n|move|p2a: esdg|Facade|p1a: Charizard\n|-damage|p1a: Charizard|39\/100\n|\n|-weather|SunnyDay|[upkeep]\n|-fieldend|move: Psychic Terrain\n|upkeep\n|turn|16\n|c|\u2606Dr 3 goney|bully.\n|\n|t:|1700001618\n|move|p1a: Charizard|Weather Ball|p2a: esdg\n|-supereffective|p2a: esdg\n|-damage|p2a: esdg|0 fnt\n|faint|p2a: esdg\n|\n|-weather|SunnyDay|[upkeep]\n|upkeep\n|inactive|Dr 3 goney has 270 seconds left.\n|\n|t:|1700001635\n|switch|p2a: eee|Porygon-Z, shiny|100\/100\n|turn|17\n|c|\u2606xxxxSachi|Nah\n|c|\u2606Dr 3 goney|yuh uh\n|inactive|xxxxSachi has 270 seconds left.\n|c|\u2606xxxxSachi|Just doing a lil bit of rebranding in games\n|c|\u2606xxxxSachi|Because i got bored of the old name\n|\n|t:|1700001659\n|move|p1a: Charizard|Weather Ball|p2a: eee\n|-damage|p2a: eee|0 fnt\n|faint|p2a: eee\n|\n|-weather|SunnyDay|[upkeep]\n|upkeep\n|\n|t:|1700001668\n|switch|p2a: gooseting|Togekiss, F, shiny|100\/100\n|turn|18\n|-message|Dr 3 goney forfeited.\n|\n|win|xxxxSachi\n|l|\u2606Dr 3 goney\n","uploadtime":1700001678,"views":10,"p1id":"xxxxsachi","p2id":"dr3goney","formatid":"gen9nationaldex","rating":0,"private":0,"password":""}