{"id":"gen9nationaldex-1998727291","p1":"bugmonobestmono","p2":"eris52","format":"[Gen 9] National Dex","log":"|html|<div class=\"broadcast-blue\"><strong>[Gen 9] National Dex is currently suspecting Sneasler! For information on how to participate check out the <a href=\"https:\/\/www.smogon.com\/forums\/threads\/sv-national-dex-suspect-8-just-dance.3731534\/\">suspect thread<\/a>.<\/strong><\/div>\n|j|\u2606bugmonobestmono\n|j|\u2606eris52\n|t:|1700978762\n|gametype|singles\n|player|p1|bugmonobestmono|bugcatcher-gen4dp|\n|player|p2|eris52|102|\n|teamsize|p1|6\n|teamsize|p2|6\n|gen|9\n|tier|[Gen 9] National Dex\n|rule|HP Percentage Mod: HP is shown in percentages\n|rule|Endless Battle Clause: Forcing endless battles is banned\n|rule|OHKO Clause: OHKO moves are banned\n|rule|Evasion Clause: Evasion abilities, items, and moves are banned\n|rule|Evasion Abilities Clause: Evasion abilities are banned\n|rule|Evasion Items Clause: Evasion items are banned\n|rule|Evasion Moves Clause: Evasion moves are banned\n|rule|Species Clause: Limit one of each Pok\u00e9mon\n|rule|Sleep Clause Mod: Limit one foe put to sleep\n|clearpoke\n|poke|p1|Volcarona, M|\n|poke|p1|Scizor, M|\n|poke|p1|Araquanid, F|\n|poke|p1|Frosmoth, F|\n|poke|p1|Kleavor, M|\n|poke|p1|Buzzwole|\n|poke|p2|Scovillain, M|\n|poke|p2|Torkoal, F|\n|poke|p2|Great Tusk|\n|poke|p2|Houndoom, F|\n|poke|p2|Tapu Lele|\n|poke|p2|Rotom-Wash|\n|teampreview\n|inactive|Battle timer is ON: inactive players will automatically lose when time's up. (requested by bugmonobestmono)\n|c|\u2606bugmonobestmono|glhf\n|\n|t:|1700978776\n|start\n|switch|p1a: Kleavor|Kleavor, M|100\/100\n|switch|p2a: Houndoom|Houndoom, F|100\/100\n|turn|1\n|\n|t:|1700978781\n|switch|p2a: Rotom|Rotom-Wash|100\/100\n|move|p1a: Kleavor|U-turn|p2a: Rotom\n|-damage|p2a: Rotom|65\/100\n|\n|t:|1700978787\n|switch|p1a: Scizor|Scizor, M|100\/100|[from] U-turn\n|\n|-heal|p2a: Rotom|71\/100|[from] item: Leftovers\n|upkeep\n|turn|2\n|\n|t:|1700978792\n|detailschange|p1a: Scizor|Scizor-Mega, M\n|-mega|p1a: Scizor|Scizor|Scizorite\n|move|p2a: Rotom|Pain Split|p1a: Scizor\n|-sethp|p1a: Scizor|82\/100|[from] move: Pain Split|[silent]\n|-sethp|p2a: Rotom|92\/100|[from] move: Pain Split\n|move|p1a: Scizor|U-turn|p2a: Rotom\n|-damage|p2a: Rotom|58\/100\n|\n|t:|1700978809\n|switch|p1a: Kleavor|Kleavor, M|100\/100|[from] U-turn\n|\n|-heal|p2a: Rotom|64\/100|[from] item: Leftovers\n|upkeep\n|turn|3\n|c|\u2606eris52|the fuck am i doing\n|c|\u2606eris52|Ofc it's faster\n|\n|t:|1700978821\n|move|p1a: Kleavor|U-turn|p2a: Rotom\n|-crit|p2a: Rotom\n|-damage|p2a: Rotom|11\/100\n|\n|t:|1700978826\n|switch|p1a: Scizor|Scizor-Mega, M|82\/100|[from] U-turn\n|move|p2a: Rotom|Pain Split|p1a: Scizor\n|-sethp|p1a: Scizor|46\/100|[from] move: Pain Split|[silent]\n|-sethp|p2a: Rotom|52\/100|[from] move: Pain Split\n|\n|-heal|p2a: Rotom|58\/100|[from] item: Leftovers\n|upkeep\n|turn|4\n|\n|t:|1700978832\n|move|p2a: Rotom|Hydro Pump|p1a: Scizor\n|-damage|p1a: Scizor|8\/100\n|move|p1a: Scizor|Roost|p1a: Scizor\n|-heal|p1a: Scizor|58\/100\n|-singleturn|p1a: Scizor|move: Roost\n|\n|-heal|p2a: Rotom|64\/100|[from] item: Leftovers\n|upkeep\n|turn|5\n|\n|t:|1700978835\n|move|p2a: Rotom|Volt Switch|p1a: Scizor\n|-damage|p1a: Scizor|34\/100\n|\n|t:|1700978837\n|switch|p2a: Torkoal|Torkoal, F|100\/100|[from] Volt Switch\n|-weather|SunnyDay|[from] ability: Drought|[of] p2a: Torkoal\n|move|p1a: Scizor|Roost|p1a: Scizor\n|-heal|p1a: Scizor|84\/100\n|-singleturn|p1a: Scizor|move: Roost\n|\n|-weather|SunnyDay|[upkeep]\n|upkeep\n|turn|6\n|\n|t:|1700978840\n|switch|p1a: Kleavor|Kleavor, M|100\/100\n|move|p2a: Torkoal|Stealth Rock|p1a: Kleavor\n|-sidestart|p1: bugmonobestmono|move: Stealth Rock\n|\n|-weather|SunnyDay|[upkeep]\n|upkeep\n|turn|7\n|\n|t:|1700978844\n|move|p1a: Kleavor|Stone Axe|p2a: Torkoal\n|-supereffective|p2a: Torkoal\n|-damage|p2a: Torkoal|39\/100\n|-sidestart|p2: eris52|move: Stealth Rock\n|move|p2a: Torkoal|Lava Plume|p1a: Kleavor\n|-damage|p1a: Kleavor|39\/100\n|-status|p1a: Kleavor|brn\n|\n|-weather|SunnyDay|[upkeep]\n|-damage|p1a: Kleavor|33\/100 brn|[from] brn\n|upkeep\n|turn|8\n|\n|t:|1700978847\n|switch|p2a: Rotom|Rotom-Wash|64\/100\n|-damage|p2a: Rotom|51\/100|[from] Stealth Rock\n|move|p1a: Kleavor|Stone Axe|p2a: Rotom\n|-damage|p2a: Rotom|24\/100\n|\n|-weather|SunnyDay|[upkeep]\n|-heal|p2a: Rotom|30\/100|[from] item: Leftovers\n|-damage|p1a: Kleavor|27\/100 brn|[from] brn\n|upkeep\n|turn|9\n|\n|t:|1700978850\n|move|p1a: Kleavor|Stone Axe|p2a: Rotom\n|-damage|p2a: Rotom|5\/100\n|move|p2a: Rotom|Defog|p1a: Kleavor\n|-unboost|p1a: Kleavor|evasion|1\n|-sideend|p1: bugmonobestmono|Stealth Rock|[from] move: Defog|[of] p2a: Rotom\n|-sideend|p2: eris52|Stealth Rock|[from] move: Defog|[of] p2a: Rotom\n|\n|-weather|SunnyDay|[upkeep]\n|-heal|p2a: Rotom|11\/100|[from] item: Leftovers\n|-damage|p1a: Kleavor|21\/100 brn|[from] brn\n|upkeep\n|turn|10\n|\n|t:|1700978856\n|switch|p2a: Great Tusk|Great Tusk|100\/100\n|-activate|p2a: Great Tusk|ability: Protosynthesis\n|-start|p2a: Great Tusk|protosynthesisatk\n|move|p1a: Kleavor|Stone Axe|p2a: Great Tusk\n|-resisted|p2a: Great Tusk\n|-damage|p2a: Great Tusk|96\/100\n|-sidestart|p2: eris52|move: Stealth Rock\n|\n|-weather|SunnyDay|[upkeep]\n|-damage|p1a: Kleavor|15\/100 brn|[from] brn\n|upkeep\n|turn|11\n|\n|t:|1700978860\n|move|p1a: Kleavor|Stone Axe|p2a: Great Tusk\n|-resisted|p2a: Great Tusk\n|-damage|p2a: Great Tusk|92\/100\n|move|p2a: Great Tusk|Rapid Spin|p1a: Kleavor\n|-resisted|p1a: Kleavor\n|-damage|p1a: Kleavor|0 fnt\n|-boost|p2a: Great Tusk|spe|1\n|-sideend|p2: eris52|Stealth Rock|[from] move: Rapid Spin|[of] p2a: Great Tusk\n|faint|p1a: Kleavor\n|\n|-weather|SunnyDay|[upkeep]\n|upkeep\n|\n|t:|1700978866\n|switch|p1a: Araquanid|Araquanid, F|100\/100\n|turn|12\n|\n|t:|1700978874\n|move|p2a: Great Tusk|Headlong Rush|p1a: Araquanid\n|-resisted|p1a: Araquanid\n|-damage|p1a: Araquanid|56\/100\n|-unboost|p2a: Great Tusk|def|1\n|-unboost|p2a: Great Tusk|spd|1\n|-zpower|p1a: Araquanid\n|move|p1a: Araquanid|Hydro Vortex|p2a: Great Tusk|[zeffect]\n|-supereffective|p2a: Great Tusk\n|-damage|p2a: Great Tusk|0 fnt\n|faint|p2a: Great Tusk\n|-end|p2a: Great Tusk|Protosynthesis|[silent]\n|\n|-weather|none\n|upkeep\n|\n|t:|1700978880\n|switch|p2a: Rotom|Rotom-Wash|11\/100\n|turn|13\n|\n|t:|1700978884\n|switch|p1a: Scizor|Scizor-Mega, M|84\/100\n|move|p2a: Rotom|Volt Switch|p1a: Scizor\n|-damage|p1a: Scizor|59\/100\n|\n|t:|1700978887\n|switch|p2a: Torkoal|Torkoal, F|39\/100|[from] Volt Switch\n|-weather|SunnyDay|[from] ability: Drought|[of] p2a: Torkoal\n|\n|-weather|SunnyDay|[upkeep]\n|upkeep\n|turn|14\n|\n|t:|1700978893\n|move|p1a: Scizor|U-turn|p2a: Torkoal\n|-resisted|p2a: Torkoal\n|-damage|p2a: Torkoal|30\/100\n|\n|t:|1700978895\n|switch|p1a: Araquanid|Araquanid, F|56\/100|[from] U-turn\n|move|p2a: Torkoal|Lava Plume|p1a: Araquanid\n|-crit|p1a: Araquanid\n|-damage|p1a: Araquanid|32\/100\n|\n|-weather|SunnyDay|[upkeep]\n|upkeep\n|turn|15\n|\n|t:|1700978902\n|move|p1a: Araquanid|Liquidation|p2a: Torkoal\n|-supereffective|p2a: Torkoal\n|-damage|p2a: Torkoal|0 fnt\n|faint|p2a: Torkoal\n|\n|-weather|SunnyDay|[upkeep]\n|upkeep\n|\n|t:|1700978910\n|switch|p2a: Houndoom|Houndoom, F|100\/100\n|turn|16\n|\n|t:|1700978912\n|detailschange|p2a: Houndoom|Houndoom-Mega, F\n|-mega|p2a: Houndoom|Houndoom|Houndoominite\n|move|p2a: Houndoom|Flamethrower|p1a: Araquanid\n|-damage|p1a: Araquanid|0 fnt\n|faint|p1a: Araquanid\n|\n|-weather|SunnyDay|[upkeep]\n|-damage|p2a: Houndoom|88\/100|[from] ability: Solar Power|[of] p2a: Houndoom\n|upkeep\n|\n|t:|1700978921\n|switch|p1a: Frosmoth|Frosmoth, F|100\/100\n|turn|17\n|\n|t:|1700978926\n|-terastallize|p1a: Frosmoth|Ground\n|move|p2a: Houndoom|Flamethrower|p1a: Frosmoth\n|-damage|p1a: Frosmoth|35\/100\n|move|p1a: Frosmoth|Tera Blast|p2a: Houndoom|[anim] Tera Blast Ground\n|-supereffective|p2a: Houndoom\n|-damage|p2a: Houndoom|0 fnt\n|faint|p2a: Houndoom\n|\n|-weather|SunnyDay|[upkeep]\n|-heal|p1a: Frosmoth|41\/100|[from] item: Leftovers\n|upkeep\n|\n|t:|1700978928\n|switch|p2a: Scovillain|Scovillain, M|100\/100\n|turn|18\n|\n|t:|1700978935\n|switch|p1a: Scizor|Scizor-Mega, M|59\/100\n|move|p2a: Scovillain|Fire Blast|p1a: Scizor\n|-supereffective|p1a: Scizor\n|-damage|p1a: Scizor|0 fnt\n|faint|p1a: Scizor\n|-damage|p2a: Scovillain|91\/100|[from] item: Life Orb\n|\n|-weather|SunnyDay|[upkeep]\n|upkeep\n|\n|t:|1700978944\n|switch|p1a: Buzzwole|Buzzwole|100\/100\n|turn|19\n|\n|t:|1700978947\n|move|p2a: Scovillain|Fire Blast|p1a: Buzzwole\n|-supereffective|p1a: Buzzwole\n|-damage|p1a: Buzzwole|0 fnt\n|faint|p1a: Buzzwole\n|-damage|p2a: Scovillain|81\/100|[from] item: Life Orb\n|\n|-weather|SunnyDay|[upkeep]\n|upkeep\n|\n|t:|1700978949\n|switch|p1a: Frosmoth|Frosmoth, F, tera:Ground|41\/100\n|turn|20\n|\n|t:|1700978951\n|move|p2a: Scovillain|Giga Drain|p1a: Frosmoth\n|-supereffective|p1a: Frosmoth\n|-damage|p1a: Frosmoth|0 fnt\n|-heal|p2a: Scovillain|100\/100|[from] drain|[of] p1a: Frosmoth\n|faint|p1a: Frosmoth\n|-damage|p2a: Scovillain|91\/100|[from] item: Life Orb\n|\n|-weather|none\n|upkeep\n|\n|t:|1700978953\n|switch|p1a: Volcarona|Volcarona, M|100\/100\n|turn|21\n|\n|t:|1700978956\n|-terastallize|p2a: Scovillain|Fire\n|move|p1a: Volcarona|Quiver Dance|p1a: Volcarona\n|-boost|p1a: Volcarona|spa|1\n|-boost|p1a: Volcarona|spd|1\n|-boost|p1a: Volcarona|spe|1\n|move|p2a: Scovillain|Fire Blast|p1a: Volcarona\n|-damage|p1a: Volcarona|34\/100\n|-damage|p2a: Scovillain|81\/100|[from] item: Life Orb\n|\n|upkeep\n|turn|22\n|\n|t:|1700978963\n|move|p1a: Volcarona|Hidden Power|p2a: Scovillain\n|-supereffective|p2a: Scovillain\n|-damage|p2a: Scovillain|0 fnt\n|faint|p2a: Scovillain\n|\n|upkeep\n|\n|t:|1700978967\n|switch|p2a: Tapu Lele|Tapu Lele|100\/100\n|-fieldstart|move: Psychic Terrain|[from] ability: Psychic Surge|[of] p2a: Tapu Lele\n|turn|23\n|\n|t:|1700978969\n|move|p1a: Volcarona|Fire Blast|p2a: Tapu Lele|[miss]\n|-miss|p1a: Volcarona|p2a: Tapu Lele\n|move|p2a: Tapu Lele|Psyshock|p1a: Volcarona\n|-damage|p1a: Volcarona|0 fnt\n|faint|p1a: Volcarona\n|\n|win|eris52\n|c|\u2606bugmonobestmono|darnit\n|c|\u2606eris52|gg\n|c|\u2606eris52|lol\n|l|\u2606bugmonobestmono\n|j|\u2606bugmonobestmono\n|player|p1|bugmonobestmono|bugcatcher-gen4dp\n","uploadtime":1700979003,"views":8,"p1id":"bugmonobestmono","p2id":"eris52","formatid":"gen9nationaldex","rating":0,"private":0,"password":""}