{"id":"gen9nationaldex-1988302621","p1":"lyn247","p2":"PhetNaja","format":"[Gen 9] National Dex","log":"|j|\u2606lyn247\n|j|\u2606PhetNaja\n|t:|1699704958\n|gametype|singles\n|player|p1|lyn247|170|1090\n|player|p2|PhetNaja|ingo|1162\n|teamsize|p1|6\n|teamsize|p2|6\n|gen|9\n|tier|[Gen 9] National Dex\n|rated|\n|rule|HP Percentage Mod: HP is shown in percentages\n|rule|Endless Battle Clause: Forcing endless battles is banned\n|rule|OHKO Clause: OHKO moves are banned\n|rule|Evasion Clause: Evasion abilities, items, and moves are banned\n|rule|Evasion Abilities Clause: Evasion abilities are banned\n|rule|Evasion Items Clause: Evasion items are banned\n|rule|Evasion Moves Clause: Evasion moves are banned\n|rule|Species Clause: Limit one of each Pok\u00e9mon\n|rule|Sleep Clause Mod: Limit one foe put to sleep\n|clearpoke\n|poke|p1|Manectric, F|\n|poke|p1|Typhlosion, F|\n|poke|p1|Torkoal, F|\n|poke|p1|Golisopod, M|\n|poke|p1|Tapu Koko|\n|poke|p1|Espeon, M|\n|poke|p2|Grimmsnarl, M|\n|poke|p2|Corsola-Galar, M|\n|poke|p2|Chansey, F|\n|poke|p2|Charizard, M|\n|poke|p2|Venusaur, F|\n|poke|p2|Toxtricity, F|\n|teampreview\n|\n|t:|1699704962\n|start\n|switch|p1a: Torkoal|Torkoal, F|100\/100\n|switch|p2a: Grimmsnarl|Grimmsnarl, M|100\/100\n|-weather|SunnyDay|[from] ability: Drought|[of] p1a: Torkoal\n|turn|1\n|\n|t:|1699704984\n|move|p2a: Grimmsnarl|Light Screen|p2a: Grimmsnarl\n|-sidestart|p2: PhetNaja|move: Light Screen\n|move|p1a: Torkoal|Lava Plume|p2a: Grimmsnarl\n|-damage|p2a: Grimmsnarl|78\/100\n|\n|-weather|SunnyDay|[upkeep]\n|upkeep\n|turn|2\n|\n|t:|1699705027\n|move|p2a: Grimmsnarl|Parting Shot|p1a: Torkoal\n|-unboost|p1a: Torkoal|atk|1\n|-unboost|p1a: Torkoal|spa|1\n|inactive|Battle timer is ON: inactive players will automatically lose when time's up. (requested by PhetNaja)\n|\n|t:|1699705035\n|switch|p2a: Toxtricity|Toxtricity, F|100\/100|[from] Parting Shot\n|move|p1a: Torkoal|Ancient Power|p2a: Toxtricity\n|-damage|p2a: Toxtricity|93\/100\n|\n|-weather|SunnyDay|[upkeep]\n|upkeep\n|turn|3\n|\n|t:|1699705048\n|switch|p1a: Golisopod|Golisopod, M|100\/100\n|move|p2a: Toxtricity|Shift Gear|p2a: Toxtricity\n|-boost|p2a: Toxtricity|spe|2\n|-boost|p2a: Toxtricity|atk|1\n|\n|-weather|SunnyDay|[upkeep]\n|upkeep\n|turn|4\n|\n|t:|1699705069\n|move|p1a: Golisopod|First Impression|p2a: Toxtricity\n|-resisted|p2a: Toxtricity\n|-damage|p2a: Toxtricity|36\/100\n|move|p2a: Toxtricity|Overdrive|p1a: Golisopod\n|-supereffective|p1a: Golisopod\n|-damage|p1a: Golisopod|0 fnt\n|faint|p1a: Golisopod\n|-enditem|p2a: Toxtricity|Throat Spray\n|-boost|p2a: Toxtricity|spa|1|[from] item: Throat Spray\n|\n|-weather|SunnyDay|[upkeep]\n|upkeep\n|inactive|lyn247 has 120 seconds left.\n|\n|t:|1699705098\n|switch|p1a: Torkoal|Torkoal, F|100\/100\n|turn|5\n|\n|t:|1699705106\n|-terastallize|p2a: Toxtricity|Normal\n|move|p2a: Toxtricity|Hyper Voice|p1a: Torkoal\n|-damage|p1a: Torkoal|0 fnt\n|faint|p1a: Torkoal\n|\n|-weather|SunnyDay|[upkeep]\n|upkeep\n|inactive|lyn247 has 120 seconds left.\n|\n|t:|1699705132\n|switch|p1a: Typhlosion|Typhlosion, F|100\/100\n|turn|6\n|\n|t:|1699705137\n|move|p2a: Toxtricity|Hyper Voice|p1a: Typhlosion\n|-damage|p1a: Typhlosion|0 fnt\n|faint|p1a: Typhlosion\n|\n|-weather|SunnyDay|[upkeep]\n|upkeep\n|\n|t:|1699705153\n|switch|p1a: Manectric|Manectric, F|100\/100\n|turn|7\n|\n|t:|1699705157\n|detailschange|p1a: Manectric|Manectric-Mega, F\n|-mega|p1a: Manectric|Manectric|Manectite\n|-ability|p1a: Manectric|Intimidate|boost\n|-unboost|p2a: Toxtricity|atk|1\n|move|p2a: Toxtricity|Hyper Voice|p1a: Manectric\n|-crit|p1a: Manectric\n|-damage|p1a: Manectric|0 fnt\n|faint|p1a: Manectric\n|\n|-weather|SunnyDay|[upkeep]\n|upkeep\n|\n|t:|1699705173\n|switch|p1a: Espeon|Espeon, M|100\/100\n|turn|8\n|\n|t:|1699705183\n|move|p2a: Toxtricity|Hyper Voice|p1a: Espeon\n|-damage|p1a: Espeon|0 fnt\n|faint|p1a: Espeon\n|\n|-weather|none\n|-sideend|p2: PhetNaja|move: Light Screen\n|upkeep\n|\n|t:|1699705186\n|switch|p1a: Tapu Koko|Tapu Koko|100\/100\n|-fieldstart|move: Electric Terrain|[from] ability: Electric Surge|[of] p1a: Tapu Koko\n|turn|9\n|inactive|lyn247 has 120 seconds left.\n|\n|t:|1699705199\n|move|p2a: Toxtricity|Hyper Voice|p1a: Tapu Koko\n|-damage|p1a: Tapu Koko|0 fnt\n|faint|p1a: Tapu Koko\n|\n|win|PhetNaja\n|raw|lyn247's rating: 1090 &rarr; <strong>1071<\/strong><br \/>(-19 for losing)\n|raw|PhetNaja's rating: 1162 &rarr; <strong>1182<\/strong><br \/>(+20 for winning)\n|l|\u2606lyn247\n","uploadtime":1699705208,"views":11,"p1id":"lyn247","p2id":"phetnaja","formatid":"gen9nationaldex","rating":1071,"private":0,"password":""}