{"id":"gen9nationaldex-1997798557","p1":"ggez53","p2":"NotMurrayDaCat","format":"[Gen 9] National Dex","log":"|html|<div class=\"broadcast-blue\"><strong>[Gen 9] National Dex is currently suspecting Sneasler! For information on how to participate check out the <a href=\"https:\/\/www.smogon.com\/forums\/threads\/sv-national-dex-suspect-8-just-dance.3731534\/\">suspect thread<\/a>.<\/strong><\/div>\n|j|\u2606ggez53\n|j|\u2606NotMurrayDaCat\n|t:|1700853869\n|gametype|singles\n|player|p1|ggez53|lucas|1121\n|player|p2|NotMurrayDaCat|az|1226\n|teamsize|p1|6\n|teamsize|p2|6\n|gen|9\n|tier|[Gen 9] National Dex\n|rated|\n|rule|HP Percentage Mod: HP is shown in percentages\n|rule|Endless Battle Clause: Forcing endless battles is banned\n|rule|OHKO Clause: OHKO moves are banned\n|rule|Evasion Clause: Evasion abilities, items, and moves are banned\n|rule|Evasion Abilities Clause: Evasion abilities are banned\n|rule|Evasion Items Clause: Evasion items are banned\n|rule|Evasion Moves Clause: Evasion moves are banned\n|rule|Species Clause: Limit one of each Pok\u00e9mon\n|rule|Sleep Clause Mod: Limit one foe put to sleep\n|clearpoke\n|poke|p1|Charizard, M|\n|poke|p1|Garganacl, M|\n|poke|p1|Manaphy|\n|poke|p1|Thundurus-Therian, M|\n|poke|p1|Armarouge, F|\n|poke|p1|Hydreigon, F|\n|poke|p2|Gyarados, M|\n|poke|p2|Great Tusk|\n|poke|p2|Hawlucha, F|\n|poke|p2|Rillaboom, M|\n|poke|p2|Breloom, M|\n|poke|p2|Magikarp, F|\n|teampreview\n|\n|t:|1700853910\n|start\n|switch|p1a: Laxus|Thundurus-Therian, M|100\/100\n|switch|p2a: Stupid|Magikarp, F, shiny|100\/100\n|turn|1\n|\n|t:|1700853915\n|move|p1a: Laxus|Volt Switch|p2a: Stupid\n|-supereffective|p2a: Stupid\n|-enditem|p2a: Stupid|Focus Sash\n|-damage|p2a: Stupid|1\/100\n|\n|t:|1700853922\n|switch|p1a: Happy|Manaphy|100\/100|[from] Volt Switch\n|move|p2a: Stupid|Hydro Pump|p1a: Happy\n|-resisted|p1a: Happy\n|-damage|p1a: Happy|91\/100\n|\n|upkeep\n|turn|2\n|\n|t:|1700853930\n|switch|p2a: Mini Jason|Rillaboom, M, shiny|100\/100\n|-fieldstart|move: Grassy Terrain|[from] ability: Grassy Surge|[of] p2a: Mini Jason\n|move|p1a: Happy|Tail Glow|p1a: Happy\n|-boost|p1a: Happy|spa|3\n|\n|-heal|p1a: Happy|97\/100|[from] Grassy Terrain\n|upkeep\n|turn|3\n|\n|t:|1700853938\n|move|p2a: Mini Jason|Grassy Glide|p1a: Happy\n|-supereffective|p1a: Happy\n|-damage|p1a: Happy|0 fnt\n|faint|p1a: Happy\n|\n|upkeep\n|\n|t:|1700853946\n|switch|p1a: Natsu|Charizard, M|100\/100\n|turn|4\n|inactive|Battle timer is ON: inactive players will automatically lose when time's up. (requested by ggez53)\n|\n|t:|1700853993\n|switch|p2a: Stupid|Magikarp, F, shiny|1\/100\n|detailschange|p1a: Natsu|Charizard-Mega-Y, M\n|-mega|p1a: Natsu|Charizard|Charizardite Y\n|-weather|SunnyDay|[from] ability: Drought|[of] p1a: Natsu\n|move|p1a: Natsu|Flamethrower|p2a: Stupid\n|-resisted|p2a: Stupid\n|-crit|p2a: Stupid\n|-damage|p2a: Stupid|0 fnt\n|faint|p2a: Stupid\n|\n|-weather|SunnyDay|[upkeep]\n|upkeep\n|\n|t:|1700854002\n|switch|p2a: Mooshroom|Breloom, M, shiny|100\/100\n|turn|5\n|\n|t:|1700854012\n|move|p1a: Natsu|Flamethrower|p2a: Mooshroom\n|-supereffective|p2a: Mooshroom\n|-enditem|p2a: Mooshroom|Focus Sash\n|-damage|p2a: Mooshroom|1\/100\n|move|p2a: Mooshroom|Rock Tomb|p1a: Natsu\n|-supereffective|p1a: Natsu\n|-damage|p1a: Natsu|0 fnt\n|faint|p1a: Natsu\n|\n|-weather|SunnyDay|[upkeep]\n|-heal|p2a: Mooshroom|7\/100|[from] Grassy Terrain\n|upkeep\n|inactive|ggez53 has 120 seconds left.\n|\n|t:|1700854041\n|switch|p1a: Acnologia|Hydreigon, F|100\/100\n|turn|6\n|\n|t:|1700854061\n|move|p2a: Mooshroom|Mach Punch|p1a: Acnologia\n|-supereffective|p1a: Acnologia\n|-damage|p1a: Acnologia|29\/100\n|move|p1a: Acnologia|U-turn|p2a: Mooshroom\n|-damage|p2a: Mooshroom|0 fnt\n|faint|p2a: Mooshroom\n|\n|t:|1700854070\n|switch|p1a: Laxus|Thundurus-Therian, M|100\/100|[from] U-turn\n|\n|-weather|SunnyDay|[upkeep]\n|-fieldend|move: Grassy Terrain\n|upkeep\n|inactive|NotMurrayDaCat has 120 seconds left.\n|inactive|NotMurrayDaCat has 90 seconds left.\n|inactive|NotMurrayDaCat has 60 seconds left.\n|\n|t:|1700854162\n|switch|p2a: Tusky|Great Tusk, shiny|100\/100\n|-activate|p2a: Tusky|ability: Protosynthesis\n|-start|p2a: Tusky|protosynthesisatk\n|turn|7\n|\n|t:|1700854168\n|move|p1a: Laxus|Hidden Power|p2a: Tusky\n|-supereffective|p2a: Tusky\n|-damage|p2a: Tusky|6\/100\n|move|p2a: Tusky|Rapid Spin|p1a: Laxus\n|-damage|p1a: Laxus|59\/100\n|-boost|p2a: Tusky|spe|1\n|\n|-weather|SunnyDay|[upkeep]\n|upkeep\n|turn|8\n|\n|t:|1700854177\n|move|p1a: Laxus|Hidden Power|p2a: Tusky\n|-supereffective|p2a: Tusky\n|-damage|p2a: Tusky|0 fnt\n|faint|p2a: Tusky\n|-end|p2a: Tusky|Protosynthesis|[silent]\n|\n|-weather|none\n|upkeep\n|\n|t:|1700854181\n|switch|p2a: Mini Jason|Rillaboom, M, shiny|100\/100\n|-fieldstart|move: Grassy Terrain|[from] ability: Grassy Surge|[of] p2a: Mini Jason\n|turn|9\n|\n|t:|1700854186\n|move|p2a: Mini Jason|Grassy Glide|p1a: Laxus\n|-resisted|p1a: Laxus\n|-damage|p1a: Laxus|19\/100\n|move|p1a: Laxus|Hidden Power|p2a: Mini Jason\n|-supereffective|p2a: Mini Jason\n|-damage|p2a: Mini Jason|9\/100\n|\n|-heal|p2a: Mini Jason|15\/100|[from] Grassy Terrain\n|upkeep\n|turn|10\n|\n|t:|1700854194\n|move|p2a: Mini Jason|Grassy Glide|p1a: Laxus\n|-resisted|p1a: Laxus\n|-damage|p1a: Laxus|0 fnt\n|faint|p1a: Laxus\n|\n|-heal|p2a: Mini Jason|21\/100|[from] Grassy Terrain\n|upkeep\n|\n|t:|1700854203\n|switch|p1a: Erza|Armarouge, F|100\/100\n|turn|11\n|inactive|NotMurrayDaCat has 90 seconds left.\n|\n|t:|1700854218\n|move|p2a: Mini Jason|Grassy Glide|p1a: Erza\n|-resisted|p1a: Erza\n|-damage|p1a: Erza|79\/100\n|-ability|p1a: Erza|Weak Armor|boost\n|-unboost|p1a: Erza|def|1\n|-boost|p1a: Erza|spe|2\n|move|p1a: Erza|Psychic|p2a: Mini Jason\n|-damage|p2a: Mini Jason|0 fnt\n|faint|p2a: Mini Jason\n|\n|-heal|p1a: Erza|85\/100|[from] Grassy Terrain\n|upkeep\n|inactive|NotMurrayDaCat has 90 seconds left.\n|\n|t:|1700854224\n|switch|p2a: Stupid's Father|Gyarados, M, shiny|100\/100\n|-ability|p2a: Stupid's Father|Intimidate|boost\n|-unboost|p1a: Erza|atk|1\n|turn|12\n|\n|t:|1700854234\n|detailschange|p2a: Stupid's Father|Gyarados-Mega, M, shiny\n|-mega|p2a: Stupid's Father|Gyarados|Gyaradosite\n|-ability|p2a: Stupid's Father|Mold Breaker\n|move|p1a: Erza|Will-O-Wisp|p2a: Stupid's Father|[miss]\n|-miss|p1a: Erza|p2a: Stupid's Father\n|move|p2a: Stupid's Father|Substitute|p2a: Stupid's Father\n|-start|p2a: Stupid's Father|Substitute\n|-damage|p2a: Stupid's Father|76\/100\n|\n|-heal|p1a: Erza|91\/100|[from] Grassy Terrain\n|-heal|p2a: Stupid's Father|82\/100|[from] Grassy Terrain\n|upkeep\n|turn|13\n|\n|t:|1700854243\n|move|p1a: Erza|Psychic|p2a: Stupid's Father\n|-immune|p2a: Stupid's Father\n|move|p2a: Stupid's Father|Crunch|p1a: Erza\n|-supereffective|p1a: Erza\n|-damage|p1a: Erza|0 fnt\n|faint|p1a: Erza\n|\n|-heal|p2a: Stupid's Father|88\/100|[from] Grassy Terrain\n|-fieldend|move: Grassy Terrain\n|upkeep\n|\n|t:|1700854263\n|switch|p1a: Acnologia|Hydreigon, F|29\/100\n|turn|14\n|\n|t:|1700854271\n|move|p1a: Acnologia|Draco Meteor|p2a: Stupid's Father\n|-end|p2a: Stupid's Father|Substitute\n|-unboost|p1a: Acnologia|spa|2\n|move|p2a: Stupid's Father|Dragon Dance|p2a: Stupid's Father\n|-boost|p2a: Stupid's Father|atk|1\n|-boost|p2a: Stupid's Father|spe|1\n|\n|upkeep\n|turn|15\n|inactive|NotMurrayDaCat has 120 seconds left.\n|inactive|NotMurrayDaCat has 90 seconds left.\n|inactive|NotMurrayDaCat has 60 seconds left.\n|inactive|NotMurrayDaCat has 30 seconds left.\n|inactive|NotMurrayDaCat has 20 seconds left.\n|inactive|NotMurrayDaCat has 15 seconds left.\n|inactive|NotMurrayDaCat has 10 seconds left.\n|\n|t:|1700854388\n|switch|p1a: Jura|Garganacl, M|100\/100\n|move|p2a: Stupid's Father|Crunch|p1a: Jura\n|-damage|p1a: Jura|49\/100\n|-unboost|p1a: Jura|def|1\n|-enditem|p1a: Jura|Sitrus Berry|[eat]\n|-heal|p1a: Jura|74\/100|[from] item: Sitrus Berry\n|\n|upkeep\n|turn|16\n|inactive|NotMurrayDaCat has 20 seconds left this turn.\n|inactive|NotMurrayDaCat has 15 seconds left.\n|\n|t:|1700854401\n|move|p2a: Stupid's Father|Crunch|p1a: Jura\n|-damage|p1a: Jura|6\/100\n|move|p1a: Jura|Salt Cure|p2a: Stupid's Father\n|-damage|p2a: Stupid's Father|75\/100\n|-start|p2a: Stupid's Father|Salt Cure\n|\n|-damage|p2a: Stupid's Father|50\/100|[from] Salt Cure\n|upkeep\n|turn|17\n|inactive|NotMurrayDaCat has 25 seconds left this turn.\n|\n|t:|1700854426\n|move|p2a: Stupid's Father|Dragon Dance|p2a: Stupid's Father\n|-boost|p2a: Stupid's Father|atk|1\n|-boost|p2a: Stupid's Father|spe|1\n|move|p1a: Jura|Earthquake|p2a: Stupid's Father\n|-damage|p2a: Stupid's Father|30\/100\n|\n|-damage|p2a: Stupid's Father|5\/100|[from] Salt Cure\n|upkeep\n|turn|18\n|inactive|NotMurrayDaCat has 30 seconds left.\n|\n|t:|1700854439\n|move|p2a: Stupid's Father|Crunch|p1a: Jura\n|-damage|p1a: Jura|0 fnt\n|faint|p1a: Jura\n|\n|-damage|p2a: Stupid's Father|0 fnt|[from] Salt Cure\n|faint|p2a: Stupid's Father\n|upkeep\n|\n|t:|1700854445\n|switch|p2a: Ugly|Hawlucha, F, shiny|100\/100\n|switch|p1a: Acnologia|Hydreigon, F|29\/100\n|turn|19\n|inactive|ggez53 has 120 seconds left.\n|\n|t:|1700854485\n|move|p1a: Acnologia|Draco Meteor|p2a: Ugly\n|-damage|p2a: Ugly|0 fnt\n|-unboost|p1a: Acnologia|spa|2\n|faint|p2a: Ugly\n|\n|win|ggez53\n|raw|ggez53's rating: 1121 &rarr; <strong>1153<\/strong><br \/>(+32 for winning)\n|raw|NotMurrayDaCat's rating: 1226 &rarr; <strong>1194<\/strong><br \/>(-32 for losing)\n|l|\u2606NotMurrayDaCat\n","uploadtime":1700854498,"views":21,"p1id":"ggez53","p2id":"notmurraydacat","formatid":"gen9nationaldex","rating":1153,"private":0,"password":""}