{"id":"gen9nationaldex-1998090843","p1":"trix_n_trsh","p2":"woemeng","format":"[Gen 9] National Dex","log":"|html|<div class=\"broadcast-blue\"><strong>[Gen 9] National Dex is currently suspecting Sneasler! For information on how to participate check out the <a href=\"https:\/\/www.smogon.com\/forums\/threads\/sv-national-dex-suspect-8-just-dance.3731534\/\">suspect thread<\/a>.<\/strong><\/div>\n|j|\u2606trix_n_trsh\n|j|\u2606woemeng\n|t:|1700889733\n|gametype|singles\n|player|p1|trix_n_trsh|pokemonbreeder-gen4|1390\n|player|p2|woemeng|lillie|1492\n|teamsize|p1|6\n|teamsize|p2|6\n|gen|9\n|tier|[Gen 9] National Dex\n|rated|\n|rule|HP Percentage Mod: HP is shown in percentages\n|rule|Endless Battle Clause: Forcing endless battles is banned\n|rule|OHKO Clause: OHKO moves are banned\n|rule|Evasion Clause: Evasion abilities, items, and moves are banned\n|rule|Evasion Abilities Clause: Evasion abilities are banned\n|rule|Evasion Items Clause: Evasion items are banned\n|rule|Evasion Moves Clause: Evasion moves are banned\n|rule|Species Clause: Limit one of each Pok\u00e9mon\n|rule|Sleep Clause Mod: Limit one foe put to sleep\n|clearpoke\n|poke|p1|Minior|\n|poke|p1|Iron Treads|\n|poke|p1|Tauros-Paldea-Aqua, M|\n|poke|p1|Sceptile, F|\n|poke|p1|Rotom-Heat|\n|poke|p1|Qwilfish-Hisui, M|\n|poke|p2|Banette, F|\n|poke|p2|Alomomola, M|\n|poke|p2|Golisopod, F|\n|poke|p2|Dragonite, F|\n|poke|p2|Heatran, M|\n|poke|p2|Tapu Koko|\n|teampreview\n|inactive|Battle timer is ON: inactive players will automatically lose when time's up. (requested by trix_n_trsh)\n|\n|t:|1700889752\n|start\n|switch|p1a: Iron Treads|Iron Treads|100\/100\n|switch|p2a: \u5bcc\u5188\u4e49\u52c7|Golisopod, F, shiny|100\/100\n|turn|1\n|\n|t:|1700889768\n|-end|p1a: Iron Treads|Quark Drive|[silent]\n|switch|p1a: Qwilfish|Qwilfish-Hisui, M|100\/100\n|-ability|p1a: Qwilfish|Intimidate|boost\n|-unboost|p2a: \u5bcc\u5188\u4e49\u52c7|atk|1\n|move|p2a: \u5bcc\u5188\u4e49\u52c7|Liquidation|p1a: Qwilfish\n|-damage|p1a: Qwilfish|61\/100\n|-damage|p2a: \u5bcc\u5188\u4e49\u52c7|91\/100|[from] item: Life Orb\n|\n|upkeep\n|turn|2\n|\n|t:|1700889781\n|move|p1a: Qwilfish|Barb Barrage|p2a: \u5bcc\u5188\u4e49\u52c7\n|-damage|p2a: \u5bcc\u5188\u4e49\u52c7|73\/100\n|move|p2a: \u5bcc\u5188\u4e49\u52c7|Leech Life|p1a: Qwilfish\n|-damage|p1a: Qwilfish|23\/100\n|-heal|p2a: \u5bcc\u5188\u4e49\u52c7|88\/100|[from] drain|[of] p1a: Qwilfish\n|-damage|p2a: \u5bcc\u5188\u4e49\u52c7|78\/100|[from] item: Life Orb\n|\n|upkeep\n|turn|3\n|\n|t:|1700889788\n|move|p1a: Qwilfish|Destiny Bond|p1a: Qwilfish\n|-singlemove|p1a: Qwilfish|Destiny Bond\n|move|p2a: \u5bcc\u5188\u4e49\u52c7|Leech Life|p1a: Qwilfish\n|-damage|p1a: Qwilfish|0 fnt\n|-heal|p2a: \u5bcc\u5188\u4e49\u52c7|86\/100|[from] drain|[of] p1a: Qwilfish\n|faint|p1a: Qwilfish\n|-activate|p1a: Qwilfish|move: Destiny Bond\n|faint|p2a: \u5bcc\u5188\u4e49\u52c7\n|\n|upkeep\n|\n|t:|1700889797\n|switch|p1a: Rotom|Rotom-Heat|100\/100\n|switch|p2a: \u4f60\u90fd\u4fdd\u62a4\u4e86\u4e9b\u4ec0\u4e48\u554a|Alomomola, M, shiny|100\/100\n|turn|4\n|\n|t:|1700889804\n|move|p2a: \u4f60\u90fd\u4fdd\u62a4\u4e86\u4e9b\u4ec0\u4e48\u554a|Protect|p2a: \u4f60\u90fd\u4fdd\u62a4\u4e86\u4e9b\u4ec0\u4e48\u554a\n|-singleturn|p2a: \u4f60\u90fd\u4fdd\u62a4\u4e86\u4e9b\u4ec0\u4e48\u554a|Protect\n|move|p1a: Rotom|Discharge|p2a: \u4f60\u90fd\u4fdd\u62a4\u4e86\u4e9b\u4ec0\u4e48\u554a\n|-activate|p2a: \u4f60\u90fd\u4fdd\u62a4\u4e86\u4e9b\u4ec0\u4e48\u554a|move: Protect\n|\n|upkeep\n|turn|5\n|\n|t:|1700889834\n|switch|p2a: \u53c8\u80a5\u53c8\u5927|Dragonite, F|100\/100\n|move|p1a: Rotom|Discharge|p2a: \u53c8\u80a5\u53c8\u5927\n|-damage|p2a: \u53c8\u80a5\u53c8\u5927|82\/100\n|\n|upkeep\n|turn|6\n|\n|t:|1700889840\n|move|p1a: Rotom|Will-O-Wisp|p2a: \u53c8\u80a5\u53c8\u5927\n|-status|p2a: \u53c8\u80a5\u53c8\u5927|brn\n|move|p2a: \u53c8\u80a5\u53c8\u5927|Dragon Dance|p2a: \u53c8\u80a5\u53c8\u5927\n|-boost|p2a: \u53c8\u80a5\u53c8\u5927|atk|1\n|-boost|p2a: \u53c8\u80a5\u53c8\u5927|spe|1\n|\n|-damage|p2a: \u53c8\u80a5\u53c8\u5927|76\/100 brn|[from] brn\n|upkeep\n|turn|7\n|\n|t:|1700889848\n|move|p2a: \u53c8\u80a5\u53c8\u5927|Encore|p1a: Rotom\n|-start|p1a: Rotom|Encore\n|move|p1a: Rotom|Will-O-Wisp|p2a: \u53c8\u80a5\u53c8\u5927\n|-fail|p2a: \u53c8\u80a5\u53c8\u5927|brn\n|\n|-damage|p2a: \u53c8\u80a5\u53c8\u5927|70\/100 brn|[from] brn\n|upkeep\n|turn|8\n|\n|t:|1700889851\n|switch|p1a: Tauros|Tauros-Paldea-Aqua, M|100\/100\n|-ability|p1a: Tauros|Intimidate|boost\n|-unboost|p2a: \u53c8\u80a5\u53c8\u5927|atk|1\n|move|p2a: \u53c8\u80a5\u53c8\u5927|Dragon Dance|p2a: \u53c8\u80a5\u53c8\u5927\n|-boost|p2a: \u53c8\u80a5\u53c8\u5927|atk|1\n|-boost|p2a: \u53c8\u80a5\u53c8\u5927|spe|1\n|\n|-damage|p2a: \u53c8\u80a5\u53c8\u5927|63\/100 brn|[from] brn\n|upkeep\n|turn|9\n|\n|t:|1700889862\n|switch|p1a: Minior|Minior|100\/100\n|-formechange|p1a: Minior|Minior-Meteor||[from] ability: Shields Down\n|move|p2a: \u53c8\u80a5\u53c8\u5927|Dragon Dance|p2a: \u53c8\u80a5\u53c8\u5927\n|-boost|p2a: \u53c8\u80a5\u53c8\u5927|atk|1\n|-boost|p2a: \u53c8\u80a5\u53c8\u5927|spe|1\n|\n|-damage|p2a: \u53c8\u80a5\u53c8\u5927|57\/100 brn|[from] brn\n|upkeep\n|turn|10\n|\n|t:|1700889872\n|-terastallize|p2a: \u53c8\u80a5\u53c8\u5927|Normal\n|move|p2a: \u53c8\u80a5\u53c8\u5927|Extreme Speed|p1a: Minior\n|-resisted|p1a: Minior\n|-damage|p1a: Minior|71\/100\n|move|p1a: Minior|Power Gem|p2a: \u53c8\u80a5\u53c8\u5927\n|-damage|p2a: \u53c8\u80a5\u53c8\u5927|26\/100 brn\n|\n|-damage|p2a: \u53c8\u80a5\u53c8\u5927|19\/100 brn|[from] brn\n|upkeep\n|turn|11\n|\n|t:|1700889892\n|switch|p2a: \u4f60\u90fd\u4fdd\u62a4\u4e86\u4e9b\u4ec0\u4e48\u554a|Alomomola, M, shiny|100\/100\n|switch|p1a: Tauros|Tauros-Paldea-Aqua, M|100\/100\n|-ability|p1a: Tauros|Intimidate|boost\n|-unboost|p2a: \u4f60\u90fd\u4fdd\u62a4\u4e86\u4e9b\u4ec0\u4e48\u554a|atk|1\n|\n|upkeep\n|turn|12\n|\n|t:|1700889904\n|switch|p1a: Sceptile|Sceptile, F|100\/100\n|move|p2a: \u4f60\u90fd\u4fdd\u62a4\u4e86\u4e9b\u4ec0\u4e48\u554a|Flip Turn|p1a: Sceptile\n|-resisted|p1a: Sceptile\n|-damage|p1a: Sceptile|91\/100\n|\n|t:|1700889908\n|switch|p2a: \u8bf7\u4f60\u5403\u6ce5\u4e38|Heatran, M|100\/100|[from] Flip Turn\n|\n|upkeep\n|turn|13\n|\n|t:|1700889927\n|switch|p1a: Tauros|Tauros-Paldea-Aqua, M|100\/100\n|-ability|p1a: Tauros|Intimidate|boost\n|-unboost|p2a: \u8bf7\u4f60\u5403\u6ce5\u4e38|atk|1\n|move|p2a: \u8bf7\u4f60\u5403\u6ce5\u4e38|Eruption|p1a: Tauros\n|-resisted|p1a: Tauros\n|-damage|p1a: Tauros|39\/100\n|\n|upkeep\n|turn|14\n|\n|t:|1700889935\n|move|p1a: Tauros|Close Combat|p2a: \u8bf7\u4f60\u5403\u6ce5\u4e38\n|-supereffective|p2a: \u8bf7\u4f60\u5403\u6ce5\u4e38\n|-damage|p2a: \u8bf7\u4f60\u5403\u6ce5\u4e38|0 fnt\n|-unboost|p1a: Tauros|def|1\n|-unboost|p1a: Tauros|spd|1\n|faint|p2a: \u8bf7\u4f60\u5403\u6ce5\u4e38\n|\n|upkeep\n|\n|t:|1700889943\n|switch|p2a: \u30ab\u30d7\u30fb\u30b3\u2197\u30b1\u2198\u30b3\u2197|Tapu Koko|100\/100\n|-fieldstart|move: Electric Terrain|[from] ability: Electric Surge|[of] p2a: \u30ab\u30d7\u30fb\u30b3\u2197\u30b1\u2198\u30b3\u2197\n|turn|15\n|\n|t:|1700889948\n|move|p1a: Tauros|Close Combat|p2a: \u30ab\u30d7\u30fb\u30b3\u2197\u30b1\u2198\u30b3\u2197\n|-resisted|p2a: \u30ab\u30d7\u30fb\u30b3\u2197\u30b1\u2198\u30b3\u2197\n|-damage|p2a: \u30ab\u30d7\u30fb\u30b3\u2197\u30b1\u2198\u30b3\u2197|65\/100\n|-unboost|p1a: Tauros|def|1\n|-unboost|p1a: Tauros|spd|1\n|move|p2a: \u30ab\u30d7\u30fb\u30b3\u2197\u30b1\u2198\u30b3\u2197|Dazzling Gleam|p1a: Tauros\n|-supereffective|p1a: Tauros\n|-damage|p1a: Tauros|0 fnt\n|faint|p1a: Tauros\n|\n|upkeep\n|\n|t:|1700889958\n|switch|p1a: Minior|Minior|71\/100\n|-formechange|p1a: Minior|Minior-Meteor||[from] ability: Shields Down\n|turn|16\n|\n|t:|1700889968\n|-terastallize|p1a: Minior|Ground\n|move|p2a: \u30ab\u30d7\u30fb\u30b3\u2197\u30b1\u2198\u30b3\u2197|Thunderbolt|p1a: Minior\n|-immune|p1a: Minior\n|move|p1a: Minior|Shell Smash|p1a: Minior\n|-unboost|p1a: Minior|def|1\n|-unboost|p1a: Minior|spd|1\n|-boost|p1a: Minior|atk|2\n|-boost|p1a: Minior|spa|2\n|-boost|p1a: Minior|spe|2\n|-enditem|p1a: Minior|White Herb\n|-clearnegativeboost|p1a: Minior|[silent]\n|\n|upkeep\n|turn|17\n|\n|t:|1700889978\n|switch|p2a: \u53c8\u80a5\u53c8\u5927|Dragonite, F, tera:Normal|19\/100 brn\n|move|p1a: Minior|Power Gem|p2a: \u53c8\u80a5\u53c8\u5927\n|-damage|p2a: \u53c8\u80a5\u53c8\u5927|0 fnt\n|faint|p2a: \u53c8\u80a5\u53c8\u5927\n|\n|upkeep\n|\n|t:|1700889980\n|switch|p2a: \u6570\u4e00\u6570\u4e8c\u7684\u9a9a\u2642\u7075|Banette, F, shiny|100\/100\n|turn|18\n|\n|t:|1700889987\n|detailschange|p2a: \u6570\u4e00\u6570\u4e8c\u7684\u9a9a\u2642\u7075|Banette-Mega, F, shiny\n|-mega|p2a: \u6570\u4e00\u6570\u4e8c\u7684\u9a9a\u2642\u7075|Banette|Banettite\n|move|p2a: \u6570\u4e00\u6570\u4e8c\u7684\u9a9a\u2642\u7075|Destiny Bond|p2a: \u6570\u4e00\u6570\u4e8c\u7684\u9a9a\u2642\u7075\n|-singlemove|p2a: \u6570\u4e00\u6570\u4e8c\u7684\u9a9a\u2642\u7075|Destiny Bond\n|move|p1a: Minior|Shell Smash|p1a: Minior\n|-unboost|p1a: Minior|def|1\n|-unboost|p1a: Minior|spd|1\n|-boost|p1a: Minior|atk|2\n|-boost|p1a: Minior|spa|2\n|-boost|p1a: Minior|spe|2\n|\n|upkeep\n|turn|19\n|\n|t:|1700890008\n|move|p1a: Minior|Power Gem|p2a: \u6570\u4e00\u6570\u4e8c\u7684\u9a9a\u2642\u7075\n|-damage|p2a: \u6570\u4e00\u6570\u4e8c\u7684\u9a9a\u2642\u7075|0 fnt\n|faint|p2a: \u6570\u4e00\u6570\u4e8c\u7684\u9a9a\u2642\u7075\n|-activate|p2a: \u6570\u4e00\u6570\u4e8c\u7684\u9a9a\u2642\u7075|move: Destiny Bond\n|faint|p1a: Minior\n|\n|-fieldend|move: Electric Terrain\n|upkeep\n|\n|t:|1700890013\n|switch|p1a: Rotom|Rotom-Heat|100\/100\n|switch|p2a: \u4f60\u90fd\u4fdd\u62a4\u4e86\u4e9b\u4ec0\u4e48\u554a|Alomomola, M, shiny|100\/100\n|turn|20\n|\n|t:|1700890017\n|move|p1a: Rotom|Discharge|p2a: \u4f60\u90fd\u4fdd\u62a4\u4e86\u4e9b\u4ec0\u4e48\u554a\n|-supereffective|p2a: \u4f60\u90fd\u4fdd\u62a4\u4e86\u4e9b\u4ec0\u4e48\u554a\n|-damage|p2a: \u4f60\u90fd\u4fdd\u62a4\u4e86\u4e9b\u4ec0\u4e48\u554a|17\/100\n|move|p2a: \u4f60\u90fd\u4fdd\u62a4\u4e86\u4e9b\u4ec0\u4e48\u554a|Flip Turn|p1a: Rotom\n|-supereffective|p1a: Rotom\n|-damage|p1a: Rotom|58\/100\n|\n|t:|1700890021\n|switch|p2a: \u30ab\u30d7\u30fb\u30b3\u2197\u30b1\u2198\u30b3\u2197|Tapu Koko|65\/100|[from] Flip Turn\n|-fieldstart|move: Electric Terrain|[from] ability: Electric Surge|[of] p2a: \u30ab\u30d7\u30fb\u30b3\u2197\u30b1\u2198\u30b3\u2197\n|\n|-heal|p1a: Rotom|64\/100|[from] item: Leftovers\n|upkeep\n|turn|21\n|\n|t:|1700890034\n|-zpower|p2a: \u30ab\u30d7\u30fb\u30b3\u2197\u30b1\u2198\u30b3\u2197\n|move|p2a: \u30ab\u30d7\u30fb\u30b3\u2197\u30b1\u2198\u30b3\u2197|Gigavolt Havoc|p1a: Rotom|[zeffect]\n|-resisted|p1a: Rotom\n|-damage|p1a: Rotom|0 fnt\n|faint|p1a: Rotom\n|\n|upkeep\n|\n|t:|1700890040\n|switch|p1a: Iron Treads|Iron Treads|100\/100\n|-activate|p1a: Iron Treads|ability: Quark Drive\n|-start|p1a: Iron Treads|quarkdrivespe\n|turn|22\n|inactive|woemeng has 120 seconds left.\n|\n|t:|1700890071\n|switch|p2a: \u4f60\u90fd\u4fdd\u62a4\u4e86\u4e9b\u4ec0\u4e48\u554a|Alomomola, M, shiny|50\/100\n|move|p1a: Iron Treads|Earthquake|p2a: \u4f60\u90fd\u4fdd\u62a4\u4e86\u4e9b\u4ec0\u4e48\u554a\n|-damage|p2a: \u4f60\u90fd\u4fdd\u62a4\u4e86\u4e9b\u4ec0\u4e48\u554a|23\/100\n|\n|upkeep\n|turn|23\n|inactive|woemeng has 120 seconds left.\n|\n|t:|1700890100\n|switch|p2a: \u30ab\u30d7\u30fb\u30b3\u2197\u30b1\u2198\u30b3\u2197|Tapu Koko|65\/100\n|move|p1a: Iron Treads|Earthquake|p2a: \u30ab\u30d7\u30fb\u30b3\u2197\u30b1\u2198\u30b3\u2197\n|-supereffective|p2a: \u30ab\u30d7\u30fb\u30b3\u2197\u30b1\u2198\u30b3\u2197\n|-damage|p2a: \u30ab\u30d7\u30fb\u30b3\u2197\u30b1\u2198\u30b3\u2197|0 fnt\n|faint|p2a: \u30ab\u30d7\u30fb\u30b3\u2197\u30b1\u2198\u30b3\u2197\n|\n|upkeep\n|\n|t:|1700890102\n|switch|p2a: \u4f60\u90fd\u4fdd\u62a4\u4e86\u4e9b\u4ec0\u4e48\u554a|Alomomola, M, shiny|56\/100\n|turn|24\n|\n|t:|1700890109\n|move|p1a: Iron Treads|Earthquake|p2a: \u4f60\u90fd\u4fdd\u62a4\u4e86\u4e9b\u4ec0\u4e48\u554a\n|-damage|p2a: \u4f60\u90fd\u4fdd\u62a4\u4e86\u4e9b\u4ec0\u4e48\u554a|30\/100\n|move|p2a: \u4f60\u90fd\u4fdd\u62a4\u4e86\u4e9b\u4ec0\u4e48\u554a|Wish|p2a: \u4f60\u90fd\u4fdd\u62a4\u4e86\u4e9b\u4ec0\u4e48\u554a\n|\n|-fieldend|move: Electric Terrain\n|-end|p1a: Iron Treads|Quark Drive\n|upkeep\n|turn|25\n|\n|t:|1700890116\n|-end|p1a: Iron Treads|Quark Drive|[silent]\n|switch|p1a: Sceptile|Sceptile, F|91\/100\n|move|p2a: \u4f60\u90fd\u4fdd\u62a4\u4e86\u4e9b\u4ec0\u4e48\u554a|Protect||[still]\n|-fail|p2a: \u4f60\u90fd\u4fdd\u62a4\u4e86\u4e9b\u4ec0\u4e48\u554a\n|\n|-heal|p2a: \u4f60\u90fd\u4fdd\u62a4\u4e86\u4e9b\u4ec0\u4e48\u554a|79\/100|[from] move: Wish|[wisher] \u4f60\u90fd\u4fdd\u62a4\u4e86\u4e9b\u4ec0\u4e48\u554a\n|upkeep\n|turn|26\n|\n|t:|1700890123\n|detailschange|p1a: Sceptile|Sceptile-Mega, F\n|-mega|p1a: Sceptile|Sceptile|Sceptilite\n|move|p1a: Sceptile|Giga Drain|p2a: \u4f60\u90fd\u4fdd\u62a4\u4e86\u4e9b\u4ec0\u4e48\u554a\n|-supereffective|p2a: \u4f60\u90fd\u4fdd\u62a4\u4e86\u4e9b\u4ec0\u4e48\u554a\n|-damage|p2a: \u4f60\u90fd\u4fdd\u62a4\u4e86\u4e9b\u4ec0\u4e48\u554a|0 fnt\n|-heal|p1a: Sceptile|100\/100|[from] drain|[of] p2a: \u4f60\u90fd\u4fdd\u62a4\u4e86\u4e9b\u4ec0\u4e48\u554a\n|faint|p2a: \u4f60\u90fd\u4fdd\u62a4\u4e86\u4e9b\u4ec0\u4e48\u554a\n|\n|win|trix_n_trsh\n|raw|trix_n_trsh's rating: 1390 &rarr; <strong>1416<\/strong><br \/>(+26 for winning)\n|raw|woemeng's rating: 1492 &rarr; <strong>1466<\/strong><br \/>(-26 for losing)\n|l|\u2606woemeng\n|c|\u2606trix_n_trsh|gg\n","uploadtime":1700890134,"views":1,"p1id":"trixntrsh","p2id":"woemeng","formatid":"gen9nationaldex","rating":1416,"private":0,"password":""}