{"id":"gen9nationaldex-1996510923","p1":"Zera & Lucy","p2":"Motorgis3534","format":"[Gen 9] National Dex","log":"|html|<div class=\"broadcast-blue\"><strong>[Gen 9] National Dex is currently suspecting Sneasler! For information on how to participate check out the <a href=\"https:\/\/www.smogon.com\/forums\/threads\/sv-national-dex-suspect-8-just-dance.3731534\/\">suspect thread<\/a>.<\/strong><\/div>\n|j|\u2606Zera & Lucy\n|j|\u2606Motorgis3534\n|t:|1700689144\n|gametype|singles\n|player|p1|Zera & Lucy|cynthia|\n|player|p2|Motorgis3534|benga|\n|teamsize|p1|6\n|teamsize|p2|6\n|gen|9\n|tier|[Gen 9] National Dex\n|rule|HP Percentage Mod: HP is shown in percentages\n|rule|Endless Battle Clause: Forcing endless battles is banned\n|rule|OHKO Clause: OHKO moves are banned\n|rule|Evasion Clause: Evasion abilities, items, and moves are banned\n|rule|Evasion Abilities Clause: Evasion abilities are banned\n|rule|Evasion Items Clause: Evasion items are banned\n|rule|Evasion Moves Clause: Evasion moves are banned\n|rule|Species Clause: Limit one of each Pok\u00e9mon\n|rule|Sleep Clause Mod: Limit one foe put to sleep\n|clearpoke\n|poke|p1|Ribombee, F|\n|poke|p1|Clodsire, M|\n|poke|p1|Hatterene, F|\n|poke|p1|Inteleon, M|\n|poke|p1|Landorus-Therian, M|\n|poke|p1|Greninja-*, M|\n|poke|p2|Ogerpon-Cornerstone, F|\n|poke|p2|Obstagoon, F|\n|poke|p2|Kleavor, F|\n|poke|p2|Garganacl, F|\n|poke|p2|Gallade, M|\n|poke|p2|Dragonite, F|\n|teampreview\n|inactive|Battle timer is ON: inactive players will automatically lose when time's up. (requested by Zera & Lucy)\n|\n|t:|1700689160\n|start\n|switch|p1a: Ribombee|Ribombee, F|100\/100\n|switch|p2a: Kleavor|Kleavor, F|100\/100\n|turn|1\n|\n|t:|1700689171\n|move|p1a: Ribombee|Sticky Web|p2a: Kleavor\n|-sidestart|p2: Motorgis3534|move: Sticky Web\n|move|p2a: Kleavor|Stone Axe|p1a: Ribombee\n|-supereffective|p1a: Ribombee\n|-crit|p1a: Ribombee\n|-enditem|p1a: Ribombee|Focus Sash\n|-damage|p1a: Ribombee|1\/100\n|-sidestart|p1: Zera & Lucy|move: Stealth Rock\n|-damage|p2a: Kleavor|91\/100|[from] item: Life Orb\n|\n|upkeep\n|turn|2\n|\n|t:|1700689188\n|move|p1a: Ribombee|Signal Beam|p2a: Kleavor\n|-damage|p2a: Kleavor|35\/100\n|move|p2a: Kleavor|Swords Dance|p2a: Kleavor\n|-boost|p2a: Kleavor|atk|2\n|\n|upkeep\n|turn|3\n|\n|t:|1700689195\n|move|p1a: Ribombee|Signal Beam|p2a: Kleavor\n|-crit|p2a: Kleavor\n|-damage|p2a: Kleavor|0 fnt\n|faint|p2a: Kleavor\n|\n|upkeep\n|\n|t:|1700689207\n|switch|p2a: Dragonite|Dragonite, F|100\/100\n|turn|4\n|\n|t:|1700689211\n|move|p1a: Ribombee|Signal Beam|p2a: Dragonite\n|-resisted|p2a: Dragonite\n|-damage|p2a: Dragonite|93\/100\n|move|p2a: Dragonite|Dragon Dance|p2a: Dragonite\n|-boost|p2a: Dragonite|atk|1\n|-boost|p2a: Dragonite|spe|1\n|\n|upkeep\n|turn|5\n|\n|t:|1700689220\n|switch|p1a: Inteleon|Inteleon, M|100\/100\n|-damage|p1a: Inteleon|88\/100|[from] Stealth Rock\n|move|p2a: Dragonite|Dragon Dance|p2a: Dragonite\n|-boost|p2a: Dragonite|atk|1\n|-boost|p2a: Dragonite|spe|1\n|\n|upkeep\n|turn|6\n|\n|t:|1700689235\n|-terastallize|p2a: Dragonite|Normal\n|move|p2a: Dragonite|Extreme Speed|p1a: Inteleon\n|-crit|p1a: Inteleon\n|-damage|p1a: Inteleon|0 fnt\n|faint|p1a: Inteleon\n|\n|upkeep\n|\n|t:|1700689238\n|switch|p1a: Greninja|Greninja, M|100\/100\n|-damage|p1a: Greninja|88\/100|[from] Stealth Rock\n|turn|7\n|\n|t:|1700689247\n|move|p2a: Dragonite|Extreme Speed|p1a: Greninja\n|-damage|p1a: Greninja|0 fnt\n|faint|p1a: Greninja\n|\n|upkeep\n|\n|t:|1700689251\n|switch|p1a: Landorus|Landorus-Therian, M|100\/100\n|-damage|p1a: Landorus|88\/100|[from] Stealth Rock\n|-ability|p1a: Landorus|Intimidate|boost\n|-unboost|p2a: Dragonite|atk|1\n|turn|8\n|\n|t:|1700689262\n|move|p2a: Dragonite|Extreme Speed|p1a: Landorus\n|-damage|p1a: Landorus|10\/100\n|move|p1a: Landorus|Iron Tail|p2a: Dragonite\n|-damage|p2a: Dragonite|40\/100\n|-damage|p1a: Landorus|0 fnt|[from] item: Life Orb\n|faint|p1a: Landorus\n|\n|upkeep\n|\n|t:|1700689266\n|switch|p1a: Hatterene|Hatterene, F|100\/100\n|-damage|p1a: Hatterene|88\/100|[from] Stealth Rock\n|turn|9\n|\n|t:|1700689272\n|move|p2a: Dragonite|Extreme Speed|p1a: Hatterene\n|-damage|p1a: Hatterene|16\/100\n|move|p1a: Hatterene|Thunder Wave|p2a: Dragonite\n|-status|p2a: Dragonite|par\n|\n|upkeep\n|turn|10\n|\n|t:|1700689278\n|move|p2a: Dragonite|Extreme Speed|p1a: Hatterene\n|-damage|p1a: Hatterene|0 fnt\n|faint|p1a: Hatterene\n|\n|upkeep\n|\n|t:|1700689279\n|switch|p1a: Clodsire|Clodsire, M|100\/100\n|-damage|p1a: Clodsire|94\/100|[from] Stealth Rock\n|turn|11\n|\n|t:|1700689285\n|move|p2a: Dragonite|Extreme Speed|p1a: Clodsire\n|-crit|p1a: Clodsire\n|-damage|p1a: Clodsire|0 fnt\n|faint|p1a: Clodsire\n|\n|upkeep\n|\n|t:|1700689288\n|switch|p1a: Ribombee|Ribombee, F|1\/100\n|-damage|p1a: Ribombee|0 fnt|[from] Stealth Rock\n|faint|p1a: Ribombee\n|\n|win|Motorgis3534\n|l|\u2606Zera & Lucy\n","uploadtime":1700689300,"views":11,"p1id":"zeralucy","p2id":"motorgis3534","formatid":"gen9nationaldex","rating":0,"private":0,"password":""}