{"id":"gen9nationaldex-1991566270","p1":"Dinotrooper","p2":"Skye32","format":"[Gen 9] National Dex","log":"|j|\u2606Dinotrooper\n|j|\u2606Skye32\n|t:|1700089049\n|gametype|singles\n|player|p1|Dinotrooper|170|\n|player|p2|Skye32|101|\n|teamsize|p1|6\n|teamsize|p2|6\n|gen|9\n|tier|[Gen 9] National Dex\n|rule|HP Percentage Mod: HP is shown in percentages\n|rule|Endless Battle Clause: Forcing endless battles is banned\n|rule|OHKO Clause: OHKO moves are banned\n|rule|Evasion Clause: Evasion abilities, items, and moves are banned\n|rule|Evasion Abilities Clause: Evasion abilities are banned\n|rule|Evasion Items Clause: Evasion items are banned\n|rule|Evasion Moves Clause: Evasion moves are banned\n|rule|Species Clause: Limit one of each Pok\u00e9mon\n|rule|Sleep Clause Mod: Limit one foe put to sleep\n|clearpoke\n|poke|p1|Hydreigon, M|\n|poke|p1|Regidrago|\n|poke|p1|Altaria, M|\n|poke|p1|Turtonator, F|\n|poke|p1|Goodra-Hisui, M|\n|poke|p1|Tyrantrum, M|\n|poke|p2|Aerodactyl, F|\n|poke|p2|Arcanine-Hisui, M|\n|poke|p2|Glimmora, F|\n|poke|p2|Shuckle, M|\n|poke|p2|Lycanroc-Dusk, M|\n|poke|p2|Stakataka|\n|teampreview\n|c|\u2606Skye32|Glhf\n|c|\u2606Dinotrooper|you too, we gotta wait tho\n|j| TexanFarmersMarket\n|j| Pex Hater\n|j| YaBoiCrim\n|c| TexanFarmersMarket|hey brodies\n|j| MademoiselleFurina\n|j| AdvilPills\n|c| MademoiselleFurina|woomy\n|c|\u2606Dinotrooper|do we need to wait for Crim?\n|c| TexanFarmersMarket|he's here\n|c| YaBoiCrim|yall can start\n|c|\u2606Dinotrooper|ok\n|\n|t:|1700089130\n|start\n|switch|p1a: Goodra|Goodra-Hisui, M|100\/100\n|switch|p2a: Stakataka|Stakataka|100\/100\n|turn|1\n|\n|t:|1700089141\n|move|p1a: Goodra|Flash Cannon|p2a: Stakataka\n|-damage|p2a: Stakataka|55\/100\n|move|p2a: Stakataka|Trick Room|p2a: Stakataka\n|-fieldstart|move: Trick Room|[of] p2a: Stakataka\n|\n|upkeep\n|turn|2\n|\n|t:|1700089150\n|move|p2a: Stakataka|Earthquake|p1a: Goodra\n|-supereffective|p1a: Goodra\n|-damage|p1a: Goodra|34\/100\n|move|p1a: Goodra|Flash Cannon|p2a: Stakataka\n|-damage|p2a: Stakataka|16\/100\n|\n|upkeep\n|turn|3\n|\n|t:|1700089162\n|switch|p1a: Hydreigon|Hydreigon, M|100\/100\n|move|p2a: Stakataka|Earthquake|p1a: Hydreigon\n|-immune|p1a: Hydreigon|[from] ability: Levitate\n|\n|upkeep\n|turn|4\n|j| I like bug alots\n|\n|t:|1700089171\n|switch|p1a: Goodra|Goodra-Hisui, M|34\/100\n|move|p2a: Stakataka|Gyro Ball|p1a: Goodra\n|-resisted|p1a: Goodra\n|-damage|p1a: Goodra|2\/100\n|\n|upkeep\n|turn|5\n|\n|t:|1700089189\n|move|p2a: Stakataka|Gyro Ball|p1a: Goodra\n|-resisted|p1a: Goodra\n|-damage|p1a: Goodra|0 fnt\n|faint|p1a: Goodra\n|-ability|p2a: Stakataka|Beast Boost|boost\n|-boost|p2a: Stakataka|atk|1\n|\n|-fieldend|move: Trick Room\n|upkeep\n|\n|t:|1700089195\n|switch|p1a: Hydreigon|Hydreigon, M|100\/100\n|turn|6\n|c| TexanFarmersMarket|i could go for some grilled cheese right now\n|\n|t:|1700089200\n|move|p1a: Hydreigon|Dark Pulse|p2a: Stakataka\n|-damage|p2a: Stakataka|0 fnt\n|faint|p2a: Stakataka\n|-damage|p1a: Hydreigon|91\/100|[from] item: Life Orb\n|\n|upkeep\n|c|\u2606Dinotrooper|ooh\n|j| Jack the Ripper21\n|\n|t:|1700089213\n|switch|p2a: Shuckle|Shuckle, M|100\/100\n|turn|7\n|\n|t:|1700089222\n|move|p1a: Hydreigon|Nasty Plot|p1a: Hydreigon\n|-boost|p1a: Hydreigon|spa|2\n|move|p2a: Shuckle|Infestation|p1a: Hydreigon\n|-supereffective|p1a: Hydreigon\n|-crit|p1a: Hydreigon\n|-damage|p1a: Hydreigon|84\/100\n|-activate|p1a: Hydreigon|move: Infestation|[of] p2a: Shuckle\n|\n|-damage|p1a: Hydreigon|72\/100|[from] move: Infestation|[partiallytrapped]\n|upkeep\n|turn|8\n|\n|t:|1700089229\n|move|p1a: Hydreigon|Draco Meteor|p2a: Shuckle\n|-damage|p2a: Shuckle|0 fnt\n|-unboost|p1a: Hydreigon|spa|2\n|faint|p2a: Shuckle\n|-damage|p1a: Hydreigon|62\/100|[from] item: Life Orb\n|\n|-end|p1a: Hydreigon|Infestation|[partiallytrapped]|[silent]\n|upkeep\n|c| Jack the Ripper21|oi get me a grilled cheese to robert\n|\n|t:|1700089250\n|switch|p2a: Aerodactyl|Aerodactyl, F|100\/100\n|turn|9\n|\n|t:|1700089262\n|detailschange|p2a: Aerodactyl|Aerodactyl-Mega, F\n|-mega|p2a: Aerodactyl|Aerodactyl|Aerodactylite\n|move|p2a: Aerodactyl|Dragon Claw|p1a: Hydreigon\n|-supereffective|p1a: Hydreigon\n|-damage|p1a: Hydreigon|0 fnt\n|faint|p1a: Hydreigon\n|\n|upkeep\n|\n|t:|1700089281\n|switch|p1a: Tyrantrum|Tyrantrum, M|100\/100\n|turn|10\n|c| Jack the Ripper21|no kommo-o how odd\n|\n|t:|1700089291\n|-terastallize|p1a: Tyrantrum|Fighting\n|move|p2a: Aerodactyl|Dragon Claw|p1a: Tyrantrum\n|-damage|p1a: Tyrantrum|65\/100\n|move|p1a: Tyrantrum|Head Smash|p2a: Aerodactyl\n|-supereffective|p2a: Aerodactyl\n|-damage|p2a: Aerodactyl|0 fnt\n|faint|p2a: Aerodactyl\n|\n|upkeep\n|c|\u2606Dinotrooper|Kommo-o is too common\n|\n|t:|1700089305\n|switch|p2a: Lycanroc|Lycanroc-Dusk, M|100\/100\n|turn|11\n|\n|t:|1700089309\n|switch|p1a: Regidrago|Regidrago|100\/100\n|-terastallize|p2a: Lycanroc|Fairy\n|move|p2a: Lycanroc|Play Rough|p1a: Regidrago\n|-supereffective|p1a: Regidrago\n|-damage|p1a: Regidrago|0 fnt\n|faint|p1a: Regidrago\n|\n|upkeep\n|\n|t:|1700089317\n|switch|p1a: Tyrantrum|Tyrantrum, M, tera:Fighting|65\/100\n|turn|12\n|\n|t:|1700089321\n|move|p1a: Tyrantrum|Head Smash|p2a: Lycanroc\n|-damage|p2a: Lycanroc|0 fnt\n|faint|p2a: Lycanroc\n|\n|upkeep\n|c| TexanFarmersMarket|head smash is op\n|c| TexanFarmersMarket|my fav move\n|\n|t:|1700089337\n|switch|p2a: Arcanine|Arcanine-Hisui, M|100\/100\n|turn|13\n|\n|t:|1700089341\n|move|p2a: Arcanine|Head Smash|p1a: Tyrantrum\n|-resisted|p1a: Tyrantrum\n|-damage|p1a: Tyrantrum|28\/100\n|move|p1a: Tyrantrum|Head Smash|p2a: Arcanine\n|-supereffective|p2a: Arcanine\n|-damage|p2a: Arcanine|0 fnt\n|faint|p2a: Arcanine\n|\n|upkeep\n|\n|t:|1700089345\n|switch|p2a: Glimmora|Glimmora, F|100\/100\n|turn|14\n|\n|t:|1700089354\n|move|p1a: Tyrantrum|Head Smash|p2a: Glimmora|[miss]\n|-miss|p1a: Tyrantrum|p2a: Glimmora\n|move|p2a: Glimmora|Dazzling Gleam|p1a: Tyrantrum\n|-supereffective|p1a: Tyrantrum\n|-damage|p1a: Tyrantrum|0 fnt\n|faint|p1a: Tyrantrum\n|\n|upkeep\n|\n|t:|1700089370\n|switch|p1a: Altaria|Altaria, M|100\/100\n|turn|15\n|c| I like bug alots|I dislike head smash\n|\n|t:|1700089380\n|move|p2a: Glimmora|Dazzling Gleam|p1a: Altaria\n|-supereffective|p1a: Altaria\n|-damage|p1a: Altaria|6\/100\n|move|p1a: Altaria|Dragon Claw|p2a: Glimmora\n|-damage|p2a: Glimmora|61\/100\n|-activate|p2a: Glimmora|ability: Toxic Debris\n|-sidestart|p1: Dinotrooper|move: Toxic Spikes\n|\n|upkeep\n|turn|16\n|c| I like bug alots|I am not biased\n|\n|t:|1700089391\n|move|p2a: Glimmora|Dazzling Gleam|p1a: Altaria\n|-supereffective|p1a: Altaria\n|-damage|p1a: Altaria|0 fnt\n|faint|p1a: Altaria\n|\n|upkeep\n|\n|t:|1700089392\n|switch|p1a: Turtonator|Turtonator, F|100\/100\n|-status|p1a: Turtonator|psn\n|turn|17\n|\n|t:|1700089400\n|move|p2a: Glimmora|Dazzling Gleam|p1a: Turtonator\n|-damage|p1a: Turtonator|43\/100 psn\n|move|p1a: Turtonator|Shell Smash|p1a: Turtonator\n|-unboost|p1a: Turtonator|def|1\n|-unboost|p1a: Turtonator|spd|1\n|-boost|p1a: Turtonator|atk|2\n|-boost|p1a: Turtonator|spa|2\n|-boost|p1a: Turtonator|spe|2\n|-enditem|p1a: Turtonator|White Herb\n|-clearnegativeboost|p1a: Turtonator|[silent]\n|\n|-damage|p1a: Turtonator|31\/100 psn|[from] psn\n|upkeep\n|turn|18\n|\n|t:|1700089410\n|move|p2a: Glimmora|Dazzling Gleam|p1a: Turtonator\n|-damage|p1a: Turtonator|0 fnt\n|faint|p1a: Turtonator\n|\n|win|Skye32\n|c|\u2606Dinotrooper|oh wow gg\n|j| bugmonobestmono\n|c| bugmonobestmono|darn\n|c| I like bug alots|Damn\n|c|\u2606Skye32|Gg\n|c| TexanFarmersMarket|lol raptor\n|c| bugmonobestmono|just missed it\n|c| Jack the Ripper21|should of used kommo-o\n|c|\u2606Dinotrooper|But like, I use Kommo-o too much\n|c|\u2606Dinotrooper|wanted to try something new\n|c| TexanFarmersMarket|kommo-o would have gotten destroyed by the lycanroc\n|c| Jack the Ripper21|tera dark\n|c| TexanFarmersMarket|still weak to fairy\n|c|\u2606Skye32|Tyrantrum was my weakness lol\n|c|\u2606Dinotrooper|Ghat miss might have mattered\n|c|\u2606Dinotrooper|that*\n|l| YaBoiCrim\n|c|\u2606Skye32|It mattered\n|l| Jack the Ripper21\n|l| TexanFarmersMarket\n","uploadtime":1700089416,"views":12,"p1id":"dinotrooper","p2id":"skye32","formatid":"gen9nationaldex","rating":0,"private":0,"password":""}