{"id":"gen9nationaldex-1990684342","p1":"R1ley5","p2":"josecmp","format":"[Gen 9] National Dex","log":"|j|\u2606R1ley5\n|j|\u2606josecmp\n|t:|1699991558\n|gametype|singles\n|player|p1|R1ley5|266|1213\n|player|p2|josecmp|169|1226\n|teamsize|p1|6\n|teamsize|p2|6\n|gen|9\n|tier|[Gen 9] National Dex\n|rated|\n|rule|HP Percentage Mod: HP is shown in percentages\n|rule|Endless Battle Clause: Forcing endless battles is banned\n|rule|OHKO Clause: OHKO moves are banned\n|rule|Evasion Clause: Evasion abilities, items, and moves are banned\n|rule|Evasion Abilities Clause: Evasion abilities are banned\n|rule|Evasion Items Clause: Evasion items are banned\n|rule|Evasion Moves Clause: Evasion moves are banned\n|rule|Species Clause: Limit one of each Pok\u00e9mon\n|rule|Sleep Clause Mod: Limit one foe put to sleep\n|clearpoke\n|poke|p1|Milotic, M|\n|poke|p1|Cofagrigus, M|\n|poke|p1|Aurorus, M|\n|poke|p1|Aegislash, M|\n|poke|p1|Urshifu-*, F|\n|poke|p1|Garganacl, F|\n|poke|p2|Hoopa-Unbound|\n|poke|p2|Ditto|\n|poke|p2|Zoroark-Hisui, M|\n|poke|p2|Pidgeot, M|\n|poke|p2|Heatran, M|\n|poke|p2|Cinccino, M|\n|teampreview\n|\n|t:|1699991608\n|start\n|switch|p1a: Aurorus|Aurorus, M|100\/100\n|switch|p2a: Cinccino|Cinccino, M|100\/100\n|-weather|Snow|[from] ability: Snow Warning|[of] p1a: Aurorus\n|turn|1\n|\n|t:|1699991626\n|move|p2a: Cinccino|Bullet Seed|p1a: Aurorus\n|-supereffective|p1a: Aurorus\n|-damage|p1a: Aurorus|87\/100\n|-supereffective|p1a: Aurorus\n|-crit|p1a: Aurorus\n|-damage|p1a: Aurorus|65\/100\n|-supereffective|p1a: Aurorus\n|-damage|p1a: Aurorus|50\/100\n|-supereffective|p1a: Aurorus\n|-damage|p1a: Aurorus|35\/100\n|-supereffective|p1a: Aurorus\n|-damage|p1a: Aurorus|21\/100\n|-hitcount|p1a: Aurorus|5\n|move|p1a: Aurorus|Aurora Veil|p1a: Aurorus\n|-sidestart|p1: R1ley5|move: Aurora Veil\n|\n|-weather|Snow|[upkeep]\n|upkeep\n|turn|2\n|\n|t:|1699991660\n|switch|p2a: Heatran|Heatran, M|100\/100\n|switch|p1a: Cofagrigus|Cofagrigus, M|100\/100\n|\n|-weather|Snow|[upkeep]\n|upkeep\n|turn|3\n|\n|t:|1699991673\n|move|p2a: Heatran|Nasty Plot|p2a: Heatran\n|-boost|p2a: Heatran|spa|2\n|move|p1a: Cofagrigus|Body Press|p2a: Heatran\n|-immune|p2a: Heatran\n|\n|-weather|Snow|[upkeep]\n|upkeep\n|turn|4\n|\n|t:|1699991683\n|move|p2a: Heatran|Shadow Ball|p1a: Cofagrigus\n|-supereffective|p1a: Cofagrigus\n|-damage|p1a: Cofagrigus|19\/100\n|move|p1a: Cofagrigus|Haze|p1a: Cofagrigus\n|-clearallboost\n|\n|-weather|Snow|[upkeep]\n|upkeep\n|turn|5\n|\n|t:|1699991692\n|switch|p1a: Garganacl|Garganacl, F|100\/100\n|move|p2a: Heatran|Shadow Ball|p1a: Garganacl\n|-damage|p1a: Garganacl|92\/100\n|\n|-weather|none\n|-heal|p1a: Garganacl|98\/100|[from] item: Leftovers\n|upkeep\n|turn|6\n|\n|t:|1699991723\n|switch|p2a: Ditto|Ditto|100\/100\n|-transform|p2a: Ditto|p1a: Garganacl|[from] ability: Imposter\n|move|p1a: Garganacl|Salt Cure|p2a: Ditto\n|-damage|p2a: Ditto|91\/100\n|-start|p2a: Ditto|Salt Cure\n|\n|-heal|p1a: Garganacl|100\/100|[from] item: Leftovers\n|-damage|p2a: Ditto|79\/100|[from] Salt Cure\n|upkeep\n|turn|7\n|\n|t:|1699991739\n|move|p2a: Ditto|Salt Cure|p1a: Garganacl\n|-damage|p1a: Garganacl|97\/100\n|-start|p1a: Garganacl|Salt Cure\n|move|p1a: Garganacl|Body Press|p2a: Ditto\n|-supereffective|p2a: Ditto\n|-damage|p2a: Ditto|40\/100\n|\n|-heal|p1a: Garganacl|100\/100|[from] item: Leftovers\n|-damage|p2a: Ditto|28\/100|[from] Salt Cure\n|-damage|p1a: Garganacl|88\/100|[from] Salt Cure\n|upkeep\n|turn|8\n|\n|t:|1699991759\n|switch|p2a: Heatran|Heatran, M|100\/100\n|move|p1a: Garganacl|Body Press|p2a: Heatran\n|-immune|p2a: Heatran\n|\n|-heal|p1a: Garganacl|94\/100|[from] item: Leftovers\n|-damage|p1a: Garganacl|82\/100|[from] Salt Cure\n|-sideend|p1: R1ley5|move: Aurora Veil\n|upkeep\n|turn|9\n|\n|t:|1699991782\n|switch|p2a: Ditto|Ditto|28\/100\n|-transform|p2a: Ditto|p1a: Garganacl|[from] ability: Imposter\n|move|p1a: Garganacl|Salt Cure|p2a: Ditto\n|-damage|p2a: Ditto|18\/100\n|-start|p2a: Ditto|Salt Cure\n|\n|-heal|p1a: Garganacl|88\/100|[from] item: Leftovers\n|-damage|p2a: Ditto|6\/100|[from] Salt Cure\n|-damage|p1a: Garganacl|76\/100|[from] Salt Cure\n|upkeep\n|turn|10\n|\n|t:|1699991793\n|move|p2a: Ditto|Recover|p2a: Ditto\n|-heal|p2a: Ditto|56\/100\n|move|p1a: Garganacl|Recover|p1a: Garganacl\n|-heal|p1a: Garganacl|100\/100\n|\n|-damage|p2a: Ditto|43\/100|[from] Salt Cure\n|-damage|p1a: Garganacl|88\/100|[from] Salt Cure\n|upkeep\n|turn|11\n|\n|t:|1699991801\n|move|p2a: Ditto|Recover|p2a: Ditto\n|-heal|p2a: Ditto|93\/100\n|move|p1a: Garganacl|Body Press|p2a: Ditto\n|-supereffective|p2a: Ditto\n|-damage|p2a: Ditto|49\/100\n|\n|-heal|p1a: Garganacl|94\/100|[from] item: Leftovers\n|-damage|p2a: Ditto|37\/100|[from] Salt Cure\n|-damage|p1a: Garganacl|82\/100|[from] Salt Cure\n|upkeep\n|turn|12\n|\n|t:|1699991811\n|move|p2a: Ditto|Recover|p2a: Ditto\n|-heal|p2a: Ditto|87\/100\n|move|p1a: Garganacl|Body Press|p2a: Ditto\n|-supereffective|p2a: Ditto\n|-damage|p2a: Ditto|45\/100\n|\n|-heal|p1a: Garganacl|88\/100|[from] item: Leftovers\n|-damage|p2a: Ditto|33\/100|[from] Salt Cure\n|-damage|p1a: Garganacl|76\/100|[from] Salt Cure\n|upkeep\n|turn|13\n|\n|t:|1699991820\n|move|p2a: Ditto|Recover|p2a: Ditto\n|-heal|p2a: Ditto|83\/100\n|move|p1a: Garganacl|Body Press|p2a: Ditto\n|-supereffective|p2a: Ditto\n|-damage|p2a: Ditto|39\/100\n|\n|-heal|p1a: Garganacl|82\/100|[from] item: Leftovers\n|-damage|p2a: Ditto|27\/100|[from] Salt Cure\n|-damage|p1a: Garganacl|70\/100|[from] Salt Cure\n|upkeep\n|turn|14\n|\n|t:|1699991830\n|move|p2a: Ditto|Recover|p2a: Ditto\n|-heal|p2a: Ditto|77\/100\n|move|p1a: Garganacl|Body Press|p2a: Ditto\n|-supereffective|p2a: Ditto\n|-damage|p2a: Ditto|34\/100\n|\n|-heal|p1a: Garganacl|76\/100|[from] item: Leftovers\n|-damage|p2a: Ditto|22\/100|[from] Salt Cure\n|-damage|p1a: Garganacl|63\/100|[from] Salt Cure\n|upkeep\n|turn|15\n|\n|t:|1699991840\n|switch|p2a: Heatran|Heatran, M|100\/100\n|move|p1a: Garganacl|Recover|p1a: Garganacl\n|-heal|p1a: Garganacl|100\/100\n|\n|-damage|p1a: Garganacl|88\/100|[from] Salt Cure\n|upkeep\n|turn|16\n|\n|t:|1699991859\n|switch|p2a: Ditto|Ditto|22\/100\n|-transform|p2a: Ditto|p1a: Garganacl|[from] ability: Imposter\n|move|p1a: Garganacl|Salt Cure|p2a: Ditto\n|-damage|p2a: Ditto|13\/100\n|-start|p2a: Ditto|Salt Cure\n|\n|-heal|p1a: Garganacl|94\/100|[from] item: Leftovers\n|-damage|p2a: Ditto|0 fnt|[from] Salt Cure\n|faint|p2a: Ditto\n|-damage|p1a: Garganacl|82\/100|[from] Salt Cure\n|upkeep\n|\n|t:|1699991875\n|switch|p2a: Hoopa|Hoopa-Unbound|100\/100\n|turn|17\n|\n|t:|1699991879\n|move|p2a: Hoopa|Focus Blast|p1a: Garganacl|[miss]\n|-miss|p2a: Hoopa|p1a: Garganacl\n|move|p1a: Garganacl|Salt Cure|p2a: Hoopa\n|-damage|p2a: Hoopa|75\/100\n|-start|p2a: Hoopa|Salt Cure\n|\n|-heal|p1a: Garganacl|88\/100|[from] item: Leftovers\n|-damage|p2a: Hoopa|63\/100|[from] Salt Cure\n|-damage|p1a: Garganacl|76\/100|[from] Salt Cure\n|upkeep\n|turn|18\n|\n|t:|1699991896\n|switch|p2a: Heatran|Heatran, M|100\/100\n|switch|p1a: Cofagrigus|Cofagrigus, M|19\/100\n|\n|upkeep\n|turn|19\n|\n|t:|1699991910\n|move|p2a: Heatran|Stealth Rock|p1a: Cofagrigus\n|-sidestart|p1: R1ley5|move: Stealth Rock\n|move|p1a: Cofagrigus|Haze|p1a: Cofagrigus\n|-clearallboost\n|\n|upkeep\n|turn|20\n|\n|t:|1699991916\n|switch|p1a: Garganacl|Garganacl, F|76\/100\n|-damage|p1a: Garganacl|63\/100|[from] Stealth Rock\n|move|p2a: Heatran|Magma Storm|p1a: Garganacl\n|-resisted|p1a: Garganacl\n|-crit|p1a: Garganacl\n|-damage|p1a: Garganacl|25\/100\n|-activate|p1a: Garganacl|move: Magma Storm|[of] p2a: Heatran\n|\n|-heal|p1a: Garganacl|31\/100|[from] item: Leftovers\n|-damage|p1a: Garganacl|19\/100|[from] move: Magma Storm|[partiallytrapped]\n|upkeep\n|turn|21\n|\n|t:|1699991931\n|move|p2a: Heatran|Magma Storm|p1a: Garganacl\n|-resisted|p1a: Garganacl\n|-damage|p1a: Garganacl|0 fnt\n|faint|p1a: Garganacl\n|\n|upkeep\n|\n|t:|1699991934\n|switch|p1a: Milotic|Milotic, M|100\/100\n|-damage|p1a: Milotic|88\/100|[from] Stealth Rock\n|turn|22\n|\n|t:|1699991951\n|switch|p2a: Cinccino|Cinccino, M|100\/100\n|move|p1a: Milotic|Scald|p2a: Cinccino\n|-damage|p2a: Cinccino|29\/100\n|\n|-status|p1a: Milotic|brn|[from] item: Flame Orb\n|upkeep\n|turn|23\n|\n|t:|1699991961\n|move|p2a: Cinccino|Bullet Seed|p1a: Milotic\n|-supereffective|p1a: Milotic\n|-damage|p1a: Milotic|74\/100 brn\n|-supereffective|p1a: Milotic\n|-damage|p1a: Milotic|58\/100 brn\n|-supereffective|p1a: Milotic\n|-damage|p1a: Milotic|44\/100 brn\n|-supereffective|p1a: Milotic\n|-damage|p1a: Milotic|29\/100 brn\n|-supereffective|p1a: Milotic\n|-damage|p1a: Milotic|13\/100 brn\n|-hitcount|p1a: Milotic|5\n|move|p1a: Milotic|Scald|p2a: Cinccino\n|-damage|p2a: Cinccino|0 fnt\n|faint|p2a: Cinccino\n|\n|-damage|p1a: Milotic|7\/100 brn|[from] brn\n|upkeep\n|\n|t:|1699991985\n|switch|p2a: Hoopa|Hoopa-Unbound|100\/100\n|turn|24\n|\n|t:|1699991995\n|move|p2a: Hoopa|Shadow Ball|p1a: Milotic\n|-crit|p1a: Milotic\n|-damage|p1a: Milotic|0 fnt\n|faint|p1a: Milotic\n|\n|upkeep\n|\n|t:|1699992003\n|switch|p1a: Aurorus|Aurorus, M|21\/100\n|-damage|p1a: Aurorus|0 fnt|[from] Stealth Rock\n|faint|p1a: Aurorus\n|\n|t:|1699992007\n|switch|p1a: Urshifu|Urshifu-Rapid-Strike, F|100\/100\n|-damage|p1a: Urshifu|94\/100|[from] Stealth Rock\n|turn|25\n|\n|t:|1699992017\n|move|p2a: Hoopa|Nasty Plot|p2a: Hoopa\n|-boost|p2a: Hoopa|spa|2\n|move|p1a: Urshifu|Surging Strikes|p2a: Hoopa\n|-crit|p2a: Hoopa\n|-damage|p2a: Hoopa|62\/100\n|replace|p2a: Zoroark|Zoroark-Hisui, M\n|-end|p2a: Zoroark|Illusion\n|-crit|p2a: Zoroark\n|-damage|p2a: Zoroark|21\/100\n|-crit|p2a: Zoroark\n|-damage|p2a: Zoroark|0 fnt\n|faint|p2a: Zoroark\n|-hitcount|p2: Zoroark|3\n|\n|upkeep\n|\n|t:|1699992040\n|switch|p2a: Hoopa|Hoopa-Unbound|63\/100\n|turn|26\n|\n|t:|1699992048\n|move|p2a: Hoopa|Psyshock|p1a: Urshifu\n|-supereffective|p1a: Urshifu\n|-damage|p1a: Urshifu|0 fnt\n|faint|p1a: Urshifu\n|\n|upkeep\n|\n|t:|1699992058\n|switch|p1a: Aegislash|Aegislash, M|100\/100\n|-damage|p1a: Aegislash|94\/100|[from] Stealth Rock\n|turn|27\n|\n|t:|1699992068\n|switch|p2a: Pidgeot|Pidgeot, M|100\/100\n|-terastallize|p1a: Aegislash|Steel\n|-formechange|p1a: Aegislash|Aegislash-Blade||[from] ability: Stance Change\n|move|p1a: Aegislash|Shadow Ball|p2a: Pidgeot\n|-immune|p2a: Pidgeot\n|\n|-heal|p1a: Aegislash|100\/100|[from] item: Leftovers\n|upkeep\n|turn|28\n|\n|t:|1699992083\n|detailschange|p2a: Pidgeot|Pidgeot-Mega, M\n|-mega|p2a: Pidgeot|Pidgeot|Pidgeotite\n|move|p2a: Pidgeot|Heat Wave|p1a: Aegislash\n|-supereffective|p1a: Aegislash\n|-damage|p1a: Aegislash|0 fnt\n|faint|p1a: Aegislash\n|\n|upkeep\n|\n|t:|1699992087\n|switch|p1a: Cofagrigus|Cofagrigus, M|19\/100\n|-damage|p1a: Cofagrigus|6\/100|[from] Stealth Rock\n|turn|29\n|\n|t:|1699992093\n|move|p2a: Pidgeot|Hurricane|p1a: Cofagrigus\n|-damage|p1a: Cofagrigus|0 fnt\n|faint|p1a: Cofagrigus\n|\n|win|josecmp\n|raw|R1ley5's rating: 1213 &rarr; <strong>1189<\/strong><br \/>(-24 for losing)\n|raw|josecmp's rating: 1226 &rarr; <strong>1250<\/strong><br \/>(+24 for winning)\n|c|\u2606josecmp|gg\n|l|\u2606R1ley5\n","uploadtime":1699992198,"views":7,"p1id":"r1ley5","p2id":"josecmp","formatid":"gen9nationaldex","rating":1189,"private":0,"password":""}