{"id":"gen9nationaldex-1993901000","p1":"Lewoise","p2":"dawljgioa","format":"[Gen 9] National Dex","log":"|j|\u2606Lewoise\n|j|\u2606dawljgioa\n|t:|1700372420\n|gametype|singles\n|player|p1|Lewoise|acerola-masters|1083\n|player|p2|dawljgioa|265|1000\n|teamsize|p1|6\n|teamsize|p2|6\n|gen|9\n|tier|[Gen 9] National Dex\n|rated|\n|rule|HP Percentage Mod: HP is shown in percentages\n|rule|Endless Battle Clause: Forcing endless battles is banned\n|rule|OHKO Clause: OHKO moves are banned\n|rule|Evasion Clause: Evasion abilities, items, and moves are banned\n|rule|Evasion Abilities Clause: Evasion abilities are banned\n|rule|Evasion Items Clause: Evasion items are banned\n|rule|Evasion Moves Clause: Evasion moves are banned\n|rule|Species Clause: Limit one of each Pok\u00e9mon\n|rule|Sleep Clause Mod: Limit one foe put to sleep\n|clearpoke\n|poke|p1|Deoxys-Defense|\n|poke|p1|Alomomola, F|\n|poke|p1|Aggron, F|\n|poke|p1|Chansey, F|\n|poke|p1|Shuckle, F|\n|poke|p1|Wo-Chien|\n|poke|p2|Garganacl, F|\n|poke|p2|Salazzle, F|\n|poke|p2|Ferrothorn, F|\n|poke|p2|Wo-Chien|\n|poke|p2|Gliscor, M|\n|poke|p2|Corviknight, M|\n|teampreview\n|\n|t:|1700372431\n|start\n|switch|p1a: Shuckle|Shuckle, F, shiny|100\/100\n|switch|p2a: Salazzle|Salazzle, F|100\/100\n|turn|1\n|\n|t:|1700372436\n|move|p2a: Salazzle|Substitute|p2a: Salazzle\n|-start|p2a: Salazzle|Substitute\n|-damage|p2a: Salazzle|75\/100\n|move|p1a: Shuckle|Sticky Web|p2a: Salazzle\n|-sidestart|p2: dawljgioa|move: Sticky Web\n|\n|-heal|p2a: Salazzle|82\/100|[from] item: Leftovers\n|upkeep\n|turn|2\n|\n|t:|1700372442\n|move|p2a: Salazzle|Toxic|p1a: Shuckle\n|-status|p1a: Shuckle|tox\n|move|p1a: Shuckle|Stealth Rock|p2a: Salazzle\n|-sidestart|p2: dawljgioa|move: Stealth Rock\n|\n|-heal|p2a: Salazzle|88\/100|[from] item: Leftovers\n|-damage|p1a: Shuckle|94\/100 tox|[from] psn\n|upkeep\n|turn|3\n|\n|t:|1700372450\n|move|p2a: Salazzle|Protect|p2a: Salazzle\n|-singleturn|p2a: Salazzle|Protect\n|move|p1a: Shuckle|Final Gambit|p2a: Salazzle\n|-activate|p2a: Salazzle|move: Protect\n|\n|-heal|p2a: Salazzle|94\/100|[from] item: Leftovers\n|-damage|p1a: Shuckle|82\/100 tox|[from] psn\n|upkeep\n|turn|4\n|\n|t:|1700372459\n|move|p2a: Salazzle|Hidden Power|p1a: Shuckle\n|-damage|p1a: Shuckle|69\/100 tox\n|-enditem|p1a: Shuckle|Red Card|[of] p2a: Salazzle\n|drag|p2a: Wo-Chien|Wo-Chien|100\/100\n|-activate|p2a: Wo-Chien|move: Sticky Web\n|-unboost|p2a: Wo-Chien|spe|1\n|-damage|p2a: Wo-Chien|88\/100|[from] Stealth Rock\n|-ability|p2a: Wo-Chien|Tablets of Ruin\n|move|p1a: Shuckle|Final Gambit|p2a: Wo-Chien\n|-damage|p2a: Wo-Chien|44\/100\n|faint|p1a: Shuckle\n|\n|-heal|p2a: Wo-Chien|50\/100|[from] item: Leftovers\n|upkeep\n|\n|t:|1700372474\n|switch|p1a: Aggron|Aggron, F, shiny|100\/100\n|turn|5\n|\n|t:|1700372478\n|detailschange|p1a: Aggron|Aggron-Mega, F, shiny\n|-mega|p1a: Aggron|Aggron|Aggronite\n|move|p1a: Aggron|Body Press|p2a: Wo-Chien\n|-supereffective|p2a: Wo-Chien\n|-crit|p2a: Wo-Chien\n|-damage|p2a: Wo-Chien|0 fnt\n|faint|p2a: Wo-Chien\n|\n|upkeep\n|\n|t:|1700372484\n|switch|p2a: Corviknight|Corviknight, M|100\/100\n|-damage|p2a: Corviknight|88\/100|[from] Stealth Rock\n|-ability|p2a: Corviknight|Pressure\n|turn|6\n|\n|t:|1700372491\n|move|p2a: Corviknight|Defog|p1a: Aggron\n|-unboost|p1a: Aggron|evasion|1\n|-sideend|p2: dawljgioa|Stealth Rock|[from] move: Defog|[of] p2a: Corviknight\n|-sideend|p2: dawljgioa|Sticky Web|[from] move: Defog|[of] p2a: Corviknight\n|move|p1a: Aggron|Body Press|p2a: Corviknight\n|-damage|p2a: Corviknight|59\/100\n|\n|-heal|p2a: Corviknight|66\/100|[from] item: Leftovers\n|upkeep\n|turn|7\n|\n|t:|1700372500\n|switch|p2a: Gliscor|Gliscor, M|100\/100\n|move|p1a: Aggron|Body Press|p2a: Gliscor\n|-resisted|p2a: Gliscor\n|-damage|p2a: Gliscor|86\/100\n|\n|-status|p2a: Gliscor|tox|[from] item: Toxic Orb\n|upkeep\n|turn|8\n|\n|t:|1700372507\n|move|p2a: Gliscor|Swords Dance|p2a: Gliscor\n|-boost|p2a: Gliscor|atk|2\n|move|p1a: Aggron|Heavy Slam|p2a: Gliscor\n|-damage|p2a: Gliscor|42\/100 tox\n|\n|-heal|p2a: Gliscor|54\/100 tox|[from] ability: Poison Heal\n|upkeep\n|turn|9\n|\n|t:|1700372514\n|move|p2a: Gliscor|Earthquake|p1a: Aggron\n|-supereffective|p1a: Aggron\n|-damage|p1a: Aggron|54\/100\n|move|p1a: Aggron|Heavy Slam|p2a: Gliscor\n|-damage|p2a: Gliscor|12\/100 tox\n|\n|-heal|p2a: Gliscor|24\/100 tox|[from] ability: Poison Heal\n|upkeep\n|turn|10\n|\n|t:|1700372521\n|-terastallize|p2a: Gliscor|Ground\n|move|p2a: Gliscor|Earthquake|p1a: Aggron\n|-supereffective|p1a: Aggron\n|-damage|p1a: Aggron|0 fnt\n|faint|p1a: Aggron\n|\n|-heal|p2a: Gliscor|37\/100 tox|[from] ability: Poison Heal\n|upkeep\n|\n|t:|1700372530\n|switch|p1a: Wo-Chien|Wo-Chien|100\/100\n|-ability|p1a: Wo-Chien|Tablets of Ruin\n|turn|11\n|\n|t:|1700372536\n|switch|p2a: Ferrothorn|Ferrothorn, F|100\/100\n|move|p1a: Wo-Chien|Leech Seed|p2a: Ferrothorn\n|-immune|p2a: Ferrothorn\n|\n|upkeep\n|turn|12\n|\n|t:|1700372545\n|move|p1a: Wo-Chien|Ruination|p2a: Ferrothorn\n|-damage|p2a: Ferrothorn|50\/100\n|move|p2a: Ferrothorn|Toxic|p1a: Wo-Chien\n|-status|p1a: Wo-Chien|tox\n|\n|-heal|p2a: Ferrothorn|57\/100|[from] item: Leftovers\n|-damage|p1a: Wo-Chien|94\/100 tox|[from] psn\n|upkeep\n|turn|13\n|\n|t:|1700372557\n|move|p1a: Wo-Chien|Ruination|p2a: Ferrothorn\n|-damage|p2a: Ferrothorn|29\/100\n|move|p2a: Ferrothorn|Leech Seed|p1a: Wo-Chien\n|-immune|p1a: Wo-Chien\n|\n|-heal|p2a: Ferrothorn|35\/100|[from] item: Leftovers\n|-damage|p1a: Wo-Chien|82\/100 tox|[from] psn\n|upkeep\n|turn|14\n|\n|t:|1700372567\n|switch|p1a: Chansey|Chansey, F, shiny|100\/100\n|move|p2a: Ferrothorn|Leech Seed|p1a: Chansey|[miss]\n|-miss|p2a: Ferrothorn|p1a: Chansey\n|\n|-heal|p2a: Ferrothorn|41\/100|[from] item: Leftovers\n|upkeep\n|turn|15\n|\n|t:|1700372575\n|move|p1a: Chansey|Aromatherapy|p1a: Chansey\n|-activate|p1a: Chansey|move: Aromatherapy\n|-curestatus|p1: Wo-Chien|tox|[msg]\n|move|p2a: Ferrothorn|Leech Seed|p1a: Chansey\n|-start|p1a: Chansey|move: Leech Seed\n|\n|-heal|p2a: Ferrothorn|47\/100|[from] item: Leftovers\n|-damage|p1a: Chansey|88\/100|[from] Leech Seed|[of] p2a: Ferrothorn\n|-heal|p2a: Ferrothorn|72\/100|[silent]\n|upkeep\n|turn|16\n|\n|t:|1700372592\n|switch|p1a: Deoxys|Deoxys-Defense|100\/100\n|-ability|p1a: Deoxys|Pressure\n|move|p2a: Ferrothorn|Toxic|p1a: Deoxys\n|-status|p1a: Deoxys|tox\n|\n|-heal|p2a: Ferrothorn|78\/100|[from] item: Leftovers\n|-damage|p1a: Deoxys|94\/100 tox|[from] psn\n|upkeep\n|turn|17\n|\n|t:|1700372601\n|move|p1a: Deoxys|Night Shade|p2a: Ferrothorn\n|-damage|p2a: Ferrothorn|50\/100\n|move|p2a: Ferrothorn|Leech Seed|p1a: Deoxys\n|-start|p1a: Deoxys|move: Leech Seed\n|\n|-heal|p1a: Deoxys|100\/100 tox|[from] item: Leftovers\n|-heal|p2a: Ferrothorn|56\/100|[from] item: Leftovers\n|-damage|p1a: Deoxys|88\/100 tox|[from] Leech Seed|[of] p2a: Ferrothorn\n|-heal|p2a: Ferrothorn|67\/100|[silent]\n|-damage|p1a: Deoxys|75\/100 tox|[from] psn\n|upkeep\n|turn|18\n|\n|t:|1700372611\n|switch|p1a: Wo-Chien|Wo-Chien|82\/100\n|-ability|p1a: Wo-Chien|Tablets of Ruin\n|move|p2a: Ferrothorn|Leech Seed|p1a: Wo-Chien\n|-immune|p1a: Wo-Chien\n|\n|-heal|p2a: Ferrothorn|73\/100|[from] item: Leftovers\n|upkeep\n|turn|19\n|\n|t:|1700372619\n|move|p1a: Wo-Chien|Ruination|p2a: Ferrothorn\n|-damage|p2a: Ferrothorn|37\/100\n|move|p2a: Ferrothorn|Toxic|p1a: Wo-Chien\n|-status|p1a: Wo-Chien|tox\n|\n|-heal|p2a: Ferrothorn|43\/100|[from] item: Leftovers\n|-damage|p1a: Wo-Chien|76\/100 tox|[from] psn\n|upkeep\n|turn|20\n|\n|t:|1700372626\n|move|p1a: Wo-Chien|Knock Off|p2a: Ferrothorn\n|-damage|p2a: Ferrothorn|27\/100\n|-damage|p1a: Wo-Chien|64\/100 tox|[from] ability: Iron Barbs|[of] p2a: Ferrothorn\n|-enditem|p2a: Ferrothorn|Leftovers|[from] move: Knock Off|[of] p1a: Wo-Chien\n|move|p2a: Ferrothorn|Leech Seed|p1a: Wo-Chien\n|-immune|p1a: Wo-Chien\n|\n|-damage|p1a: Wo-Chien|51\/100 tox|[from] psn\n|upkeep\n|turn|21\n|\n|t:|1700372638\n|switch|p1a: Deoxys|Deoxys-Defense|75\/100 tox\n|-ability|p1a: Deoxys|Pressure\n|move|p2a: Ferrothorn|Leech Seed|p1a: Deoxys\n|-start|p1a: Deoxys|move: Leech Seed\n|\n|-heal|p1a: Deoxys|82\/100 tox|[from] item: Leftovers\n|-damage|p1a: Deoxys|69\/100 tox|[from] Leech Seed|[of] p2a: Ferrothorn\n|-heal|p2a: Ferrothorn|38\/100|[silent]\n|-damage|p1a: Deoxys|63\/100 tox|[from] psn\n|upkeep\n|turn|22\n|\n|t:|1700372651\n|switch|p2a: Garganacl|Garganacl, F|100\/100\n|move|p1a: Deoxys|Night Shade|p2a: Garganacl\n|-damage|p2a: Garganacl|76\/100\n|\n|-heal|p1a: Deoxys|69\/100 tox|[from] item: Leftovers\n|-heal|p2a: Garganacl|82\/100|[from] item: Leftovers\n|-damage|p1a: Deoxys|57\/100 tox|[from] Leech Seed|[of] p2a: Garganacl\n|-heal|p2a: Garganacl|91\/100|[silent]\n|-damage|p1a: Deoxys|44\/100 tox|[from] psn\n|upkeep\n|turn|23\n|\n|t:|1700372662\n|switch|p1a: Chansey|Chansey, F, shiny|88\/100\n|move|p2a: Garganacl|Salt Cure|p1a: Chansey\n|-damage|p1a: Chansey|79\/100\n|-start|p1a: Chansey|Salt Cure\n|\n|-heal|p2a: Garganacl|98\/100|[from] item: Leftovers\n|-damage|p1a: Chansey|66\/100|[from] Salt Cure\n|upkeep\n|turn|24\n|\n|t:|1700372671\n|move|p1a: Chansey|Aromatherapy|p1a: Chansey\n|-activate|p1a: Chansey|move: Aromatherapy\n|-curestatus|p1: Wo-Chien|tox|[msg]\n|-curestatus|p1: Deoxys|tox|[msg]\n|move|p2a: Garganacl|Curse|p2a: Garganacl\n|-unboost|p2a: Garganacl|spe|1\n|-boost|p2a: Garganacl|atk|1\n|-boost|p2a: Garganacl|def|1\n|\n|-heal|p2a: Garganacl|100\/100|[from] item: Leftovers\n|-damage|p1a: Chansey|54\/100|[from] Salt Cure\n|upkeep\n|turn|25\n|\n|t:|1700372682\n|switch|p1a: Wo-Chien|Wo-Chien|51\/100\n|-ability|p1a: Wo-Chien|Tablets of Ruin\n|move|p2a: Garganacl|Block|p1a: Wo-Chien\n|-activate|p1a: Wo-Chien|trapped\n|\n|upkeep\n|turn|26\n|\n|t:|1700372689\n|move|p1a: Wo-Chien|Leech Seed|p2a: Garganacl\n|-start|p2a: Garganacl|move: Leech Seed\n|move|p2a: Garganacl|Salt Cure|p1a: Wo-Chien\n|-damage|p1a: Wo-Chien|37\/100\n|-start|p1a: Wo-Chien|Salt Cure\n|-enditem|p1a: Wo-Chien|Sitrus Berry|[eat]\n|-heal|p1a: Wo-Chien|62\/100|[from] item: Sitrus Berry\n|\n|-damage|p2a: Garganacl|88\/100|[from] Leech Seed|[of] p1a: Wo-Chien\n|-heal|p1a: Wo-Chien|76\/100|[silent]\n|-damage|p1a: Wo-Chien|63\/100|[from] Salt Cure\n|upkeep\n|turn|27\n|\n|t:|1700372699\n|switch|p2a: Ferrothorn|Ferrothorn, F|38\/100\n|move|p1a: Wo-Chien|Ruination|p2a: Ferrothorn\n|-damage|p2a: Ferrothorn|19\/100\n|\n|-damage|p1a: Wo-Chien|51\/100|[from] Salt Cure\n|upkeep\n|turn|28\n|\n|t:|1700372710\n|move|p1a: Wo-Chien|Knock Off|p2a: Ferrothorn\n|-damage|p2a: Ferrothorn|8\/100\n|-damage|p1a: Wo-Chien|39\/100|[from] ability: Iron Barbs|[of] p2a: Ferrothorn\n|move|p2a: Ferrothorn|Rest|p2a: Ferrothorn\n|-status|p2a: Ferrothorn|slp|[from] move: Rest\n|-heal|p2a: Ferrothorn|100\/100 slp|[silent]\n|\n|-damage|p1a: Wo-Chien|26\/100|[from] Salt Cure\n|upkeep\n|turn|29\n|\n|t:|1700372719\n|switch|p1a: Deoxys|Deoxys-Defense|44\/100\n|-ability|p1a: Deoxys|Pressure\n|cant|p2a: Ferrothorn|slp\n|\n|-heal|p1a: Deoxys|50\/100|[from] item: Leftovers\n|upkeep\n|turn|30\n|\n|t:|1700372732\n|move|p1a: Deoxys|Taunt|p2a: Ferrothorn\n|-start|p2a: Ferrothorn|move: Taunt\n|cant|p2a: Ferrothorn|slp\n|\n|-heal|p1a: Deoxys|57\/100|[from] item: Leftovers\n|upkeep\n|turn|31\n|\n|t:|1700372738\n|switch|p2a: Salazzle|Salazzle, F|94\/100\n|move|p1a: Deoxys|Cosmic Power|p1a: Deoxys\n|-boost|p1a: Deoxys|def|1\n|-boost|p1a: Deoxys|spd|1\n|\n|-heal|p1a: Deoxys|63\/100|[from] item: Leftovers\n|-heal|p2a: Salazzle|99\/100|[from] item: Leftovers\n|upkeep\n|turn|32\n|\n|t:|1700372747\n|move|p1a: Deoxys|Taunt|p2a: Salazzle\n|-start|p2a: Salazzle|move: Taunt\n|cant|p2a: Salazzle|move: Taunt|Toxic\n|\n|-heal|p1a: Deoxys|69\/100|[from] item: Leftovers\n|-heal|p2a: Salazzle|100\/100|[from] item: Leftovers\n|upkeep\n|turn|33\n|\n|t:|1700372753\n|switch|p2a: Garganacl|Garganacl, F|88\/100\n|move|p1a: Deoxys|Cosmic Power|p1a: Deoxys\n|-boost|p1a: Deoxys|def|1\n|-boost|p1a: Deoxys|spd|1\n|\n|-heal|p1a: Deoxys|75\/100|[from] item: Leftovers\n|-heal|p2a: Garganacl|94\/100|[from] item: Leftovers\n|upkeep\n|turn|34\n|\n|t:|1700372768\n|switch|p1a: Alomomola|Alomomola, F|100\/100\n|move|p2a: Garganacl|Salt Cure|p1a: Alomomola\n|-damage|p1a: Alomomola|92\/100\n|-start|p1a: Alomomola|Salt Cure\n|\n|-heal|p2a: Garganacl|100\/100|[from] item: Leftovers\n|-damage|p1a: Alomomola|67\/100|[from] Salt Cure\n|upkeep\n|turn|35\n|\n|t:|1700372777\n|switch|p2a: Ferrothorn|Ferrothorn, F|100\/100 slp\n|move|p1a: Alomomola|Flip Turn|p2a: Ferrothorn\n|-resisted|p2a: Ferrothorn\n|-damage|p2a: Ferrothorn|96\/100 slp\n|-damage|p1a: Alomomola|55\/100|[from] ability: Iron Barbs|[of] p2a: Ferrothorn\n|\n|t:|1700372784\n|switch|p1a: Deoxys|Deoxys-Defense|75\/100|[from] Flip Turn\n|-ability|p1a: Deoxys|Pressure\n|\n|-heal|p1a: Deoxys|82\/100|[from] item: Leftovers\n|upkeep\n|turn|36\n|\n|t:|1700372791\n|move|p1a: Deoxys|Taunt|p2a: Ferrothorn\n|-start|p2a: Ferrothorn|move: Taunt\n|-curestatus|p2a: Ferrothorn|slp|[msg]\n|cant|p2a: Ferrothorn|move: Taunt|Toxic\n|\n|-heal|p1a: Deoxys|88\/100|[from] item: Leftovers\n|upkeep\n|turn|37\n|\n|t:|1700372798\n|switch|p2a: Garganacl|Garganacl, F|100\/100\n|move|p1a: Deoxys|Night Shade|p2a: Garganacl\n|-damage|p2a: Garganacl|76\/100\n|\n|-heal|p1a: Deoxys|94\/100|[from] item: Leftovers\n|-heal|p2a: Garganacl|82\/100|[from] item: Leftovers\n|upkeep\n|turn|38\n|\n|t:|1700372808\n|switch|p1a: Alomomola|Alomomola, F|88\/100\n|move|p2a: Garganacl|Salt Cure|p1a: Alomomola\n|-damage|p1a: Alomomola|79\/100\n|-start|p1a: Alomomola|Salt Cure\n|\n|-heal|p2a: Garganacl|88\/100|[from] item: Leftovers\n|-damage|p1a: Alomomola|54\/100|[from] Salt Cure\n|upkeep\n|turn|39\n|\n|t:|1700372817\n|move|p1a: Alomomola|Wish|p1a: Alomomola\n|move|p2a: Garganacl|Salt Cure|p1a: Alomomola\n|-damage|p1a: Alomomola|45\/100\n|\n|-heal|p2a: Garganacl|94\/100|[from] item: Leftovers\n|-damage|p1a: Alomomola|20\/100|[from] Salt Cure\n|upkeep\n|turn|40\n|\n|t:|1700372823\n|move|p1a: Alomomola|Flip Turn|p2a: Garganacl\n|-supereffective|p2a: Garganacl\n|-damage|p2a: Garganacl|72\/100\n|\n|t:|1700372826\n|switch|p1a: Wo-Chien|Wo-Chien|26\/100|[from] Flip Turn\n|-ability|p1a: Wo-Chien|Tablets of Ruin\n|move|p2a: Garganacl|Block|p1a: Wo-Chien\n|-activate|p1a: Wo-Chien|trapped\n|\n|-heal|p1a: Wo-Chien|90\/100|[from] move: Wish|[wisher] Alomomola\n|-heal|p2a: Garganacl|78\/100|[from] item: Leftovers\n|upkeep\n|turn|41\n|\n|t:|1700372836\n|switch|p2a: Ferrothorn|Ferrothorn, F|96\/100\n|move|p1a: Wo-Chien|Leech Seed|p2a: Ferrothorn\n|-immune|p2a: Ferrothorn\n|\n|upkeep\n|turn|42\n|\n|t:|1700372842\n|move|p1a: Wo-Chien|Ruination|p2a: Ferrothorn\n|-damage|p2a: Ferrothorn|49\/100\n|move|p2a: Ferrothorn|Toxic|p1a: Wo-Chien\n|-status|p1a: Wo-Chien|tox\n|\n|-damage|p1a: Wo-Chien|83\/100 tox|[from] psn\n|upkeep\n|turn|43\n|\n|t:|1700372852\n|switch|p1a: Deoxys|Deoxys-Defense|94\/100\n|-ability|p1a: Deoxys|Pressure\n|move|p2a: Ferrothorn|Power Whip|p1a: Deoxys\n|-damage|p1a: Deoxys|70\/100\n|\n|-heal|p1a: Deoxys|76\/100|[from] item: Leftovers\n|upkeep\n|turn|44\n|\n|t:|1700372862\n|switch|p2a: Garganacl|Garganacl, F|78\/100\n|move|p1a: Deoxys|Taunt|p2a: Garganacl\n|-start|p2a: Garganacl|move: Taunt\n|\n|-heal|p1a: Deoxys|82\/100|[from] item: Leftovers\n|-heal|p2a: Garganacl|84\/100|[from] item: Leftovers\n|upkeep\n|turn|45\n|\n|t:|1700372873\n|switch|p1a: Chansey|Chansey, F, shiny|54\/100\n|move|p2a: Garganacl|Salt Cure|p1a: Chansey\n|-damage|p1a: Chansey|45\/100\n|-start|p1a: Chansey|Salt Cure\n|\n|-heal|p2a: Garganacl|91\/100|[from] item: Leftovers\n|-damage|p1a: Chansey|33\/100|[from] Salt Cure\n|upkeep\n|turn|46\n|\n|t:|1700372882\n|move|p1a: Chansey|Aromatherapy|p1a: Chansey\n|-activate|p1a: Chansey|move: Aromatherapy\n|-curestatus|p1: Wo-Chien|tox|[msg]\n|move|p2a: Garganacl|Salt Cure|p1a: Chansey\n|-crit|p1a: Chansey\n|-damage|p1a: Chansey|19\/100\n|\n|-heal|p2a: Garganacl|97\/100|[from] item: Leftovers\n|-damage|p1a: Chansey|6\/100|[from] Salt Cure\n|-end|p2a: Garganacl|move: Taunt\n|upkeep\n|turn|47\n|\n|t:|1700372904\n|move|p1a: Chansey|Soft-Boiled|p1a: Chansey\n|-heal|p1a: Chansey|56\/100\n|move|p2a: Garganacl|Block|p1a: Chansey\n|-activate|p1a: Chansey|trapped\n|\n|-heal|p2a: Garganacl|100\/100|[from] item: Leftovers\n|-damage|p1a: Chansey|44\/100|[from] Salt Cure\n|upkeep\n|turn|48\n|\n|t:|1700372916\n|move|p1a: Chansey|Seismic Toss|p2a: Garganacl\n|-damage|p2a: Garganacl|76\/100\n|move|p2a: Garganacl|Curse|p2a: Garganacl\n|-unboost|p2a: Garganacl|spe|1\n|-boost|p2a: Garganacl|atk|1\n|-boost|p2a: Garganacl|def|1\n|\n|-heal|p2a: Garganacl|82\/100|[from] item: Leftovers\n|-damage|p1a: Chansey|32\/100|[from] Salt Cure\n|upkeep\n|turn|49\n|\n|t:|1700372933\n|move|p1a: Chansey|Seismic Toss|p2a: Garganacl\n|-damage|p2a: Garganacl|57\/100\n|move|p2a: Garganacl|Curse|p2a: Garganacl\n|-unboost|p2a: Garganacl|spe|1\n|-boost|p2a: Garganacl|atk|1\n|-boost|p2a: Garganacl|def|1\n|\n|-heal|p2a: Garganacl|63\/100|[from] item: Leftovers\n|-damage|p1a: Chansey|19\/100|[from] Salt Cure\n|upkeep\n|turn|50\n|\n|t:|1700372942\n|move|p1a: Chansey|Seismic Toss|p2a: Garganacl\n|-damage|p2a: Garganacl|39\/100\n|move|p2a: Garganacl|Curse|p2a: Garganacl\n|-unboost|p2a: Garganacl|spe|1\n|-boost|p2a: Garganacl|atk|1\n|-boost|p2a: Garganacl|def|1\n|\n|-heal|p2a: Garganacl|45\/100|[from] item: Leftovers\n|-damage|p1a: Chansey|7\/100|[from] Salt Cure\n|upkeep\n|turn|51\n|\n|t:|1700372952\n|move|p1a: Chansey|Soft-Boiled|p1a: Chansey\n|-heal|p1a: Chansey|57\/100\n|move|p2a: Garganacl|Recover|p2a: Garganacl\n|-heal|p2a: Garganacl|95\/100\n|\n|-heal|p2a: Garganacl|100\/100|[from] item: Leftovers\n|-damage|p1a: Chansey|45\/100|[from] Salt Cure\n|upkeep\n|turn|52\n|\n|t:|1700372959\n|move|p1a: Chansey|Soft-Boiled|p1a: Chansey\n|-heal|p1a: Chansey|95\/100\n|move|p2a: Garganacl|Curse|p2a: Garganacl\n|-unboost|p2a: Garganacl|spe|1\n|-boost|p2a: Garganacl|atk|1\n|-boost|p2a: Garganacl|def|1\n|\n|-damage|p1a: Chansey|82\/100|[from] Salt Cure\n|upkeep\n|turn|53\n|\n|t:|1700372966\n|move|p1a: Chansey|Seismic Toss|p2a: Garganacl\n|-damage|p2a: Garganacl|76\/100\n|move|p2a: Garganacl|Curse|p2a: Garganacl\n|-unboost|p2a: Garganacl|spe|1\n|-boost|p2a: Garganacl|atk|1\n|-boost|p2a: Garganacl|def|1\n|\n|-heal|p2a: Garganacl|82\/100|[from] item: Leftovers\n|-damage|p1a: Chansey|70\/100|[from] Salt Cure\n|upkeep\n|turn|54\n|\n|t:|1700372975\n|move|p1a: Chansey|Seismic Toss|p2a: Garganacl\n|-damage|p2a: Garganacl|57\/100\n|move|p2a: Garganacl|Curse|p2a: Garganacl\n|-unboost|p2a: Garganacl|spe|1\n|-boost|p2a: Garganacl|atk|1\n|-boost|p2a: Garganacl|def|1\n|\n|-heal|p2a: Garganacl|63\/100|[from] item: Leftovers\n|-damage|p1a: Chansey|58\/100|[from] Salt Cure\n|upkeep\n|turn|55\n|\n|t:|1700372984\n|move|p1a: Chansey|Seismic Toss|p2a: Garganacl\n|-damage|p2a: Garganacl|39\/100\n|move|p2a: Garganacl|Recover|p2a: Garganacl\n|-heal|p2a: Garganacl|89\/100\n|\n|-heal|p2a: Garganacl|95\/100|[from] item: Leftovers\n|-damage|p1a: Chansey|45\/100|[from] Salt Cure\n|upkeep\n|turn|56\n|\n|t:|1700372993\n|move|p1a: Chansey|Soft-Boiled|p1a: Chansey\n|-heal|p1a: Chansey|95\/100\n|move|p2a: Garganacl|Salt Cure|p1a: Chansey\n|-damage|p1a: Chansey|58\/100\n|\n|-heal|p2a: Garganacl|100\/100|[from] item: Leftovers\n|-damage|p1a: Chansey|46\/100|[from] Salt Cure\n|upkeep\n|turn|57\n|\n|t:|1700373001\n|move|p1a: Chansey|Seismic Toss|p2a: Garganacl\n|-damage|p2a: Garganacl|76\/100\n|move|p2a: Garganacl|Salt Cure|p1a: Chansey\n|-damage|p1a: Chansey|10\/100\n|\n|-heal|p2a: Garganacl|82\/100|[from] item: Leftovers\n|-damage|p1a: Chansey|0 fnt|[from] Salt Cure\n|faint|p1a: Chansey\n|upkeep\n|\n|t:|1700373011\n|switch|p1a: Wo-Chien|Wo-Chien|83\/100\n|-ability|p1a: Wo-Chien|Tablets of Ruin\n|turn|58\n|\n|t:|1700373018\n|switch|p2a: Ferrothorn|Ferrothorn, F|49\/100\n|move|p1a: Wo-Chien|Leech Seed|p2a: Ferrothorn\n|-immune|p2a: Ferrothorn\n|\n|upkeep\n|turn|59\n|\n|t:|1700373030\n|switch|p1a: Deoxys|Deoxys-Defense|82\/100\n|-ability|p1a: Deoxys|Pressure\n|move|p2a: Ferrothorn|Toxic|p1a: Deoxys\n|-status|p1a: Deoxys|tox\n|\n|-heal|p1a: Deoxys|88\/100 tox|[from] item: Leftovers\n|-damage|p1a: Deoxys|82\/100 tox|[from] psn\n|upkeep\n|turn|60\n|\n|t:|1700373043\n|switch|p2a: Garganacl|Garganacl, F|82\/100\n|move|p1a: Deoxys|Taunt|p2a: Garganacl\n|-start|p2a: Garganacl|move: Taunt\n|\n|-heal|p1a: Deoxys|88\/100 tox|[from] item: Leftovers\n|-heal|p2a: Garganacl|88\/100|[from] item: Leftovers\n|-damage|p1a: Deoxys|76\/100 tox|[from] psn\n|upkeep\n|turn|61\n|\n|t:|1700373052\n|switch|p1a: Alomomola|Alomomola, F|53\/100\n|move|p2a: Garganacl|Salt Cure|p1a: Alomomola\n|-crit|p1a: Alomomola\n|-damage|p1a: Alomomola|41\/100\n|-start|p1a: Alomomola|Salt Cure\n|\n|-heal|p2a: Garganacl|94\/100|[from] item: Leftovers\n|-damage|p1a: Alomomola|16\/100|[from] Salt Cure\n|upkeep\n|turn|62\n|\n|t:|1700373062\n|move|p1a: Alomomola|Flip Turn|p2a: Garganacl\n|-supereffective|p2a: Garganacl\n|-damage|p2a: Garganacl|73\/100\n|\n|t:|1700373066\n|switch|p1a: Wo-Chien|Wo-Chien|83\/100|[from] Flip Turn\n|-ability|p1a: Wo-Chien|Tablets of Ruin\n|move|p2a: Garganacl|Salt Cure|p1a: Wo-Chien\n|-damage|p1a: Wo-Chien|73\/100\n|-start|p1a: Wo-Chien|Salt Cure\n|\n|-heal|p2a: Garganacl|79\/100|[from] item: Leftovers\n|-damage|p1a: Wo-Chien|61\/100|[from] Salt Cure\n|-end|p2a: Garganacl|move: Taunt\n|upkeep\n|turn|63\n|\n|t:|1700373076\n|switch|p2a: Ferrothorn|Ferrothorn, F|49\/100\n|move|p1a: Wo-Chien|Ruination|p2a: Ferrothorn\n|-damage|p2a: Ferrothorn|25\/100\n|\n|-damage|p1a: Wo-Chien|48\/100|[from] Salt Cure\n|upkeep\n|turn|64\n|\n|t:|1700373089\n|switch|p1a: Alomomola|Alomomola, F|49\/100\n|move|p2a: Ferrothorn|Rest|p2a: Ferrothorn\n|-status|p2a: Ferrothorn|slp|[from] move: Rest\n|-heal|p2a: Ferrothorn|100\/100 slp|[silent]\n|\n|upkeep\n|turn|65\n|\n|t:|1700373101\n|switch|p1a: Deoxys|Deoxys-Defense|76\/100 tox\n|-ability|p1a: Deoxys|Pressure\n|cant|p2a: Ferrothorn|slp\n|\n|-heal|p1a: Deoxys|82\/100 tox|[from] item: Leftovers\n|-damage|p1a: Deoxys|76\/100 tox|[from] psn\n|upkeep\n|turn|66\n|\n|t:|1700373111\n|move|p1a: Deoxys|Taunt|p2a: Ferrothorn\n|-start|p2a: Ferrothorn|move: Taunt\n|cant|p2a: Ferrothorn|slp\n|\n|-heal|p1a: Deoxys|82\/100 tox|[from] item: Leftovers\n|-damage|p1a: Deoxys|70\/100 tox|[from] psn\n|upkeep\n|turn|67\n|\n|t:|1700373120\n|switch|p1a: Wo-Chien|Wo-Chien|48\/100\n|-ability|p1a: Wo-Chien|Tablets of Ruin\n|-curestatus|p2a: Ferrothorn|slp|[msg]\n|move|p2a: Ferrothorn|Power Whip|p1a: Wo-Chien\n|-resisted|p1a: Wo-Chien\n|-crit|p1a: Wo-Chien\n|-damage|p1a: Wo-Chien|30\/100\n|\n|upkeep\n|turn|68\n|\n|t:|1700373128\n|move|p1a: Wo-Chien|Ruination|p2a: Ferrothorn\n|-damage|p2a: Ferrothorn|50\/100\n|move|p2a: Ferrothorn|Power Whip|p1a: Wo-Chien\n|-resisted|p1a: Wo-Chien\n|-damage|p1a: Wo-Chien|18\/100\n|\n|-end|p2a: Ferrothorn|move: Taunt\n|upkeep\n|turn|69\n|\n|t:|1700373139\n|switch|p1a: Alomomola|Alomomola, F|83\/100\n|move|p2a: Ferrothorn|Toxic|p1a: Alomomola\n|-status|p1a: Alomomola|tox\n|\n|-damage|p1a: Alomomola|77\/100 tox|[from] psn\n|upkeep\n|turn|70\n|\n|t:|1700373145\n|move|p1a: Alomomola|Wish|p1a: Alomomola\n|move|p2a: Ferrothorn|Toxic|p1a: Alomomola\n|-fail|p1a: Alomomola|tox\n|\n|-damage|p1a: Alomomola|64\/100 tox|[from] psn\n|upkeep\n|turn|71\n|\n|t:|1700373155\n|switch|p1a: Wo-Chien|Wo-Chien|18\/100\n|-ability|p1a: Wo-Chien|Tablets of Ruin\n|move|p2a: Ferrothorn|Toxic|p1a: Wo-Chien\n|-status|p1a: Wo-Chien|tox\n|\n|-heal|p1a: Wo-Chien|81\/100 tox|[from] move: Wish|[wisher] Alomomola\n|-damage|p1a: Wo-Chien|75\/100 tox|[from] psn\n|upkeep\n|turn|72\n|\n|t:|1700373165\n|move|p1a: Wo-Chien|Ruination|p2a: Ferrothorn\n|-damage|p2a: Ferrothorn|25\/100\n|move|p2a: Ferrothorn|Leech Seed|p1a: Wo-Chien\n|-immune|p1a: Wo-Chien\n|\n|-damage|p1a: Wo-Chien|62\/100 tox|[from] psn\n|upkeep\n|turn|73\n|\n|t:|1700373172\n|move|p1a: Wo-Chien|Ruination|p2a: Ferrothorn\n|-damage|p2a: Ferrothorn|13\/100\n|move|p2a: Ferrothorn|Rest|p2a: Ferrothorn\n|-status|p2a: Ferrothorn|slp|[from] move: Rest\n|-heal|p2a: Ferrothorn|100\/100 slp|[silent]\n|\n|-damage|p1a: Wo-Chien|44\/100 tox|[from] psn\n|upkeep\n|turn|74\n|\n|t:|1700373179\n|move|p1a: Wo-Chien|Ruination|p2a: Ferrothorn\n|-damage|p2a: Ferrothorn|50\/100 slp\n|cant|p2a: Ferrothorn|slp\n|\n|-damage|p1a: Wo-Chien|19\/100 tox|[from] psn\n|upkeep\n|turn|75\n|\n|t:|1700373188\n|move|p1a: Wo-Chien|Ruination|p2a: Ferrothorn\n|-damage|p2a: Ferrothorn|25\/100 slp\n|cant|p2a: Ferrothorn|slp\n|\n|-damage|p1a: Wo-Chien|0 fnt|[from] psn\n|faint|p1a: Wo-Chien\n|upkeep\n|\n|t:|1700373195\n|switch|p1a: Deoxys|Deoxys-Defense|70\/100 tox\n|-ability|p1a: Deoxys|Pressure\n|turn|76\n|\n|t:|1700373199\n|move|p1a: Deoxys|Night Shade|p2a: Ferrothorn\n|-damage|p2a: Ferrothorn|0 fnt\n|faint|p2a: Ferrothorn\n|\n|-heal|p1a: Deoxys|76\/100 tox|[from] item: Leftovers\n|-damage|p1a: Deoxys|70\/100 tox|[from] psn\n|upkeep\n|\n|t:|1700373202\n|switch|p2a: Corviknight|Corviknight, M|66\/100\n|-ability|p2a: Corviknight|Pressure\n|turn|77\n|\n|t:|1700373212\n|move|p1a: Deoxys|Night Shade|p2a: Corviknight\n|-damage|p2a: Corviknight|41\/100\n|move|p2a: Corviknight|Bulk Up|p2a: Corviknight\n|-boost|p2a: Corviknight|atk|1\n|-boost|p2a: Corviknight|def|1\n|\n|-heal|p1a: Deoxys|76\/100 tox|[from] item: Leftovers\n|-heal|p2a: Corviknight|47\/100|[from] item: Leftovers\n|-damage|p1a: Deoxys|63\/100 tox|[from] psn\n|upkeep\n|turn|78\n|\n|t:|1700373220\n|move|p1a: Deoxys|Night Shade|p2a: Corviknight\n|-damage|p2a: Corviknight|22\/100\n|move|p2a: Corviknight|Power Trip|p1a: Deoxys\n|-supereffective|p1a: Deoxys\n|-damage|p1a: Deoxys|37\/100 tox\n|\n|-heal|p1a: Deoxys|43\/100 tox|[from] item: Leftovers\n|-heal|p2a: Corviknight|28\/100|[from] item: Leftovers\n|-damage|p1a: Deoxys|25\/100 tox|[from] psn\n|upkeep\n|turn|79\n|\n|t:|1700373230\n|move|p1a: Deoxys|Night Shade|p2a: Corviknight\n|-damage|p2a: Corviknight|3\/100\n|move|p2a: Corviknight|Roost|p2a: Corviknight\n|-heal|p2a: Corviknight|53\/100\n|-singleturn|p2a: Corviknight|move: Roost\n|\n|-heal|p1a: Deoxys|31\/100 tox|[from] item: Leftovers\n|-heal|p2a: Corviknight|59\/100|[from] item: Leftovers\n|-damage|p1a: Deoxys|6\/100 tox|[from] psn\n|upkeep\n|turn|80\n|\n|t:|1700373239\n|move|p1a: Deoxys|Night Shade|p2a: Corviknight\n|-damage|p2a: Corviknight|34\/100\n|move|p2a: Corviknight|Bulk Up|p2a: Corviknight\n|-boost|p2a: Corviknight|atk|1\n|-boost|p2a: Corviknight|def|1\n|\n|-heal|p1a: Deoxys|12\/100 tox|[from] item: Leftovers\n|-heal|p2a: Corviknight|41\/100|[from] item: Leftovers\n|-damage|p1a: Deoxys|0 fnt|[from] psn\n|faint|p1a: Deoxys\n|upkeep\n|\n|t:|1700373249\n|switch|p1a: Alomomola|Alomomola, F|98\/100 tox\n|turn|81\n|\n|t:|1700373253\n|move|p2a: Corviknight|Roost|p2a: Corviknight\n|-heal|p2a: Corviknight|91\/100\n|-singleturn|p2a: Corviknight|move: Roost\n|move|p1a: Alomomola|Flip Turn|p2a: Corviknight\n|-damage|p2a: Corviknight|84\/100\n|\n|-heal|p2a: Corviknight|90\/100|[from] item: Leftovers\n|-damage|p1a: Alomomola|91\/100 tox|[from] psn\n|upkeep\n|turn|82\n|\n|t:|1700373262\n|move|p2a: Corviknight|Bulk Up|p2a: Corviknight\n|-boost|p2a: Corviknight|atk|1\n|-boost|p2a: Corviknight|def|1\n|move|p1a: Alomomola|Flip Turn|p2a: Corviknight\n|-damage|p2a: Corviknight|85\/100\n|\n|-heal|p2a: Corviknight|91\/100|[from] item: Leftovers\n|-damage|p1a: Alomomola|79\/100 tox|[from] psn\n|upkeep\n|turn|83\n|\n|t:|1700373270\n|move|p2a: Corviknight|Bulk Up|p2a: Corviknight\n|-boost|p2a: Corviknight|atk|1\n|-boost|p2a: Corviknight|def|1\n|move|p1a: Alomomola|Flip Turn|p2a: Corviknight\n|-damage|p2a: Corviknight|87\/100\n|\n|-heal|p2a: Corviknight|93\/100|[from] item: Leftovers\n|-damage|p1a: Alomomola|61\/100 tox|[from] psn\n|upkeep\n|turn|84\n|\n|t:|1700373278\n|move|p2a: Corviknight|Bulk Up|p2a: Corviknight\n|-boost|p2a: Corviknight|atk|1\n|-boost|p2a: Corviknight|def|1\n|move|p1a: Alomomola|Flip Turn|p2a: Corviknight\n|-damage|p2a: Corviknight|89\/100\n|\n|-heal|p2a: Corviknight|95\/100|[from] item: Leftovers\n|-damage|p1a: Alomomola|36\/100 tox|[from] psn\n|upkeep\n|turn|85\n|\n|t:|1700373286\n|move|p2a: Corviknight|Bulk Up|p2a: Corviknight\n|-boost|p2a: Corviknight|atk|1\n|-boost|p2a: Corviknight|def|1\n|move|p1a: Alomomola|Flip Turn|p2a: Corviknight\n|-crit|p2a: Corviknight\n|-damage|p2a: Corviknight|74\/100\n|\n|-heal|p2a: Corviknight|80\/100|[from] item: Leftovers\n|-damage|p1a: Alomomola|5\/100 tox|[from] psn\n|upkeep\n|turn|86\n|\n|t:|1700373295\n|move|p2a: Corviknight|Power Trip|p1a: Alomomola\n|-damage|p1a: Alomomola|0 fnt\n|faint|p1a: Alomomola\n|\n|win|dawljgioa\n|raw|Lewoise's rating: 1083 &rarr; <strong>1055<\/strong><br \/>(-28 for losing)\n|raw|dawljgioa's rating: 1000 &rarr; <strong>1049<\/strong><br \/>(+49 for winning)\n","uploadtime":1700373300,"views":10,"p1id":"lewoise","p2id":"dawljgioa","formatid":"gen9nationaldex","rating":1049,"private":0,"password":""}