{"id":"gen9nationaldex-1988850888","p1":"hhhhhhhtt","p2":"Herghhh","format":"[Gen 9] National Dex","log":"|j|\u2606hhhhhhhtt\n|j|\u2606Herghhh\n|t:|1699773708\n|gametype|singles\n|player|p1|hhhhhhhtt|rancher|1136\n|player|p2|Herghhh|bugcatcher-gen4dp|1245\n|teamsize|p1|6\n|teamsize|p2|6\n|gen|9\n|tier|[Gen 9] National Dex\n|rated|\n|rule|HP Percentage Mod: HP is shown in percentages\n|rule|Endless Battle Clause: Forcing endless battles is banned\n|rule|OHKO Clause: OHKO moves are banned\n|rule|Evasion Clause: Evasion abilities, items, and moves are banned\n|rule|Evasion Abilities Clause: Evasion abilities are banned\n|rule|Evasion Items Clause: Evasion items are banned\n|rule|Evasion Moves Clause: Evasion moves are banned\n|rule|Species Clause: Limit one of each Pok\u00e9mon\n|rule|Sleep Clause Mod: Limit one foe put to sleep\n|clearpoke\n|poke|p1|Banette, M|\n|poke|p1|Zamazenta-*|\n|poke|p1|Garganacl, F|\n|poke|p1|Hawlucha, F|\n|poke|p1|Alomomola, M|\n|poke|p1|Toxapex, M|\n|poke|p2|Arcanine, F|\n|poke|p2|Serperior, F|\n|poke|p2|Garchomp, F|\n|poke|p2|Cloyster, M|\n|poke|p2|Ferrothorn, M|\n|poke|p2|Jolteon, F|\n|teampreview\n|inactive|Battle timer is ON: inactive players will automatically lose when time's up. (requested by hhhhhhhtt)\n|inactive|Herghhh has 120 seconds left.\n|\n|t:|1699773742\n|start\n|switch|p1a: Garganacl|Garganacl, F|100\/100\n|switch|p2a: Cloyster|Cloyster, M|100\/100\n|turn|1\n|\n|t:|1699773759\n|-terastallize|p2a: Cloyster|Ghost\n|move|p2a: Cloyster|Shell Smash|p2a: Cloyster\n|-unboost|p2a: Cloyster|def|1\n|-unboost|p2a: Cloyster|spd|1\n|-boost|p2a: Cloyster|atk|2\n|-boost|p2a: Cloyster|spa|2\n|-boost|p2a: Cloyster|spe|2\n|move|p1a: Garganacl|Stealth Rock|p2a: Cloyster\n|-sidestart|p2: Herghhh|move: Stealth Rock\n|\n|upkeep\n|turn|2\n|\n|t:|1699773773\n|move|p2a: Cloyster|Icicle Spear|p1a: Garganacl\n|-damage|p1a: Garganacl|86\/100\n|-crit|p1a: Garganacl\n|-damage|p1a: Garganacl|62\/100\n|-crit|p1a: Garganacl\n|-damage|p1a: Garganacl|40\/100\n|-damage|p1a: Garganacl|25\/100\n|-damage|p1a: Garganacl|10\/100\n|-hitcount|p1a: Garganacl|5\n|move|p1a: Garganacl|Salt Cure|p2a: Cloyster\n|-damage|p2a: Cloyster|83\/100\n|-start|p2a: Cloyster|Salt Cure\n|\n|-heal|p1a: Garganacl|16\/100|[from] item: Leftovers\n|-damage|p2a: Cloyster|70\/100|[from] Salt Cure\n|upkeep\n|turn|3\n|\n|t:|1699773797\n|switch|p1a: Toxapex|Toxapex, M|100\/100\n|move|p2a: Cloyster|Rapid Spin|p1a: Toxapex\n|-damage|p1a: Toxapex|75\/100\n|-boost|p2a: Cloyster|spe|1\n|-sideend|p2: Herghhh|Stealth Rock|[from] move: Rapid Spin|[of] p2a: Cloyster\n|\n|-heal|p1a: Toxapex|81\/100|[from] item: Black Sludge\n|-damage|p2a: Cloyster|58\/100|[from] Salt Cure\n|upkeep\n|turn|4\n|\n|t:|1699773807\n|move|p2a: Cloyster|Rock Blast|p1a: Toxapex\n|-damage|p1a: Toxapex|70\/100\n|-crit|p1a: Toxapex\n|-damage|p1a: Toxapex|51\/100\n|-damage|p1a: Toxapex|40\/100\n|-crit|p1a: Toxapex\n|-damage|p1a: Toxapex|22\/100\n|-damage|p1a: Toxapex|11\/100\n|-hitcount|p1a: Toxapex|5\n|move|p1a: Toxapex|Toxic Spikes|p2a: Cloyster\n|-sidestart|p2: Herghhh|move: Toxic Spikes\n|\n|-heal|p1a: Toxapex|17\/100|[from] item: Black Sludge\n|-damage|p2a: Cloyster|45\/100|[from] Salt Cure\n|upkeep\n|turn|5\n|\n|t:|1699773829\n|move|p2a: Cloyster|Shell Smash|p2a: Cloyster\n|-unboost|p2a: Cloyster|def|1\n|-unboost|p2a: Cloyster|spd|1\n|-boost|p2a: Cloyster|atk|2\n|-boost|p2a: Cloyster|spa|2\n|-boost|p2a: Cloyster|spe|2\n|move|p1a: Toxapex|Toxic|p2a: Cloyster\n|-status|p2a: Cloyster|tox\n|\n|-heal|p1a: Toxapex|23\/100|[from] item: Black Sludge\n|-damage|p2a: Cloyster|39\/100 tox|[from] psn\n|-damage|p2a: Cloyster|27\/100 tox|[from] Salt Cure\n|upkeep\n|turn|6\n|inactive|hhhhhhhtt has 120 seconds left.\n|\n|t:|1699773845\n|move|p1a: Toxapex|Baneful Bunker|p1a: Toxapex\n|-singleturn|p1a: Toxapex|move: Protect\n|move|p2a: Cloyster|Rapid Spin|p1a: Toxapex\n|-activate|p1a: Toxapex|move: Protect\n|\n|-heal|p1a: Toxapex|29\/100|[from] item: Black Sludge\n|-damage|p2a: Cloyster|14\/100 tox|[from] psn\n|-damage|p2a: Cloyster|2\/100 tox|[from] Salt Cure\n|upkeep\n|turn|7\n|inactive|hhhhhhhtt has 120 seconds left.\n|\n|t:|1699773867\n|switch|p1a: Banette|Banette, M|100\/100\n|-item|p2a: Cloyster|Razor Claw|[from] ability: Frisk|[of] p1a: Banette|[identify]\n|move|p2a: Cloyster|Rapid Spin|p1a: Banette\n|-immune|p1a: Banette\n|\n|-damage|p2a: Cloyster|0 fnt|[from] psn\n|faint|p2a: Cloyster\n|upkeep\n|\n|t:|1699773875\n|switch|p2a: Garchomp|Garchomp, F|100\/100\n|-status|p2a: Garchomp|psn\n|turn|8\n|inactive|hhhhhhhtt has 120 seconds left.\n|\n|t:|1699773886\n|detailschange|p1a: Banette|Banette-Mega, M\n|-mega|p1a: Banette|Banette|Banettite\n|move|p2a: Garchomp|Swords Dance|p2a: Garchomp\n|-boost|p2a: Garchomp|atk|2\n|move|p1a: Banette|Poltergeist|p2a: Garchomp|[miss]\n|-miss|p1a: Banette|p2a: Garchomp\n|\n|-damage|p2a: Garchomp|88\/100 psn|[from] psn\n|upkeep\n|turn|9\n|inactive|hhhhhhhtt has 120 seconds left.\n|\n|t:|1699773897\n|move|p1a: Banette|Encore|p2a: Garchomp\n|-start|p2a: Garchomp|Encore\n|move|p2a: Garchomp|Swords Dance|p2a: Garchomp\n|-boost|p2a: Garchomp|atk|2\n|\n|-damage|p2a: Garchomp|76\/100 psn|[from] psn\n|upkeep\n|turn|10\n|inactive|hhhhhhhtt has 120 seconds left.\n|\n|t:|1699773906\n|move|p2a: Garchomp|Swords Dance|p2a: Garchomp\n|-boost|p2a: Garchomp|atk|2\n|move|p1a: Banette|Poltergeist|p2a: Garchomp\n|-activate|p2a: Garchomp|move: Poltergeist|Rocky Helmet\n|-damage|p2a: Garchomp|5\/100 psn\n|\n|-damage|p2a: Garchomp|0 fnt|[from] psn\n|faint|p2a: Garchomp\n|upkeep\n|\n|t:|1699773912\n|switch|p2a: Ferrothorn|Ferrothorn, M|100\/100\n|turn|11\n|inactive|hhhhhhhtt has 120 seconds left.\n|\n|t:|1699773935\n|move|p1a: Banette|Poltergeist|p2a: Ferrothorn\n|-activate|p2a: Ferrothorn|move: Poltergeist|Rocky Helmet\n|-damage|p2a: Ferrothorn|52\/100\n|move|p2a: Ferrothorn|Stealth Rock|p1a: Banette\n|-sidestart|p1: hhhhhhhtt|move: Stealth Rock\n|\n|upkeep\n|turn|12\n|inactive|hhhhhhhtt has 120 seconds left.\n|\n|t:|1699773947\n|switch|p2a: Serperior|Serperior, F|100\/100\n|-status|p2a: Serperior|psn\n|move|p1a: Banette|Encore||[still]\n|-fail|p1a: Banette\n|\n|-damage|p2a: Serperior|88\/100 psn|[from] psn\n|upkeep\n|turn|13\n|inactive|hhhhhhhtt has 120 seconds left.\n|\n|t:|1699773959\n|move|p2a: Serperior|Leaf Storm|p1a: Banette\n|-damage|p1a: Banette|25\/100\n|-boost|p2a: Serperior|spa|2\n|move|p1a: Banette|Poltergeist|p2a: Serperior\n|-activate|p2a: Serperior|move: Poltergeist|Leftovers\n|-damage|p2a: Serperior|11\/100 psn\n|\n|-heal|p2a: Serperior|17\/100 psn|[from] item: Leftovers\n|-damage|p2a: Serperior|5\/100 psn|[from] psn\n|upkeep\n|turn|14\n|inactive|hhhhhhhtt has 120 seconds left.\n|\n|t:|1699773975\n|move|p1a: Banette|Shadow Sneak|p2a: Serperior\n|-damage|p2a: Serperior|0 fnt\n|faint|p2a: Serperior\n|\n|upkeep\n|\n|t:|1699773978\n|switch|p2a: Jolteon|Jolteon, F|100\/100\n|-status|p2a: Jolteon|psn\n|turn|15\n|\n|t:|1699773988\n|move|p1a: Banette|Destiny Bond|p1a: Banette\n|-singlemove|p1a: Banette|Destiny Bond\n|move|p2a: Jolteon|Thunderbolt|p1a: Banette\n|-damage|p1a: Banette|0 fnt\n|faint|p1a: Banette\n|-activate|p1a: Banette|move: Destiny Bond\n|faint|p2a: Jolteon\n|\n|upkeep\n|\n|t:|1699774002\n|switch|p2a: Ferrothorn|Ferrothorn, M|52\/100\n|switch|p1a: Alomomola|Alomomola, M|100\/100\n|-damage|p1a: Alomomola|88\/100|[from] Stealth Rock\n|turn|16\n|\n|t:|1699774009\n|move|p1a: Alomomola|Wish|p1a: Alomomola\n|move|p2a: Ferrothorn|Iron Defense|p2a: Ferrothorn\n|-boost|p2a: Ferrothorn|def|2\n|\n|upkeep\n|turn|17\n|\n|t:|1699774019\n|move|p1a: Alomomola|Flip Turn|p2a: Ferrothorn\n|-resisted|p2a: Ferrothorn\n|-damage|p2a: Ferrothorn|49\/100\n|-damage|p1a: Alomomola|76\/100|[from] ability: Iron Barbs|[of] p2a: Ferrothorn\n|-damage|p1a: Alomomola|59\/100|[from] item: Rocky Helmet|[of] p2a: Ferrothorn\n|\n|t:|1699774027\n|switch|p1a: Garganacl|Garganacl, F|16\/100|[from] Flip Turn\n|-damage|p1a: Garganacl|3\/100|[from] Stealth Rock\n|move|p2a: Ferrothorn|Iron Defense|p2a: Ferrothorn\n|-boost|p2a: Ferrothorn|def|2\n|\n|-heal|p1a: Garganacl|73\/100|[from] move: Wish|[wisher] Alomomola\n|-heal|p1a: Garganacl|79\/100|[from] item: Leftovers\n|upkeep\n|turn|18\n|\n|t:|1699774042\n|move|p1a: Garganacl|Salt Cure|p2a: Ferrothorn\n|-resisted|p2a: Ferrothorn\n|-damage|p2a: Ferrothorn|47\/100\n|-start|p2a: Ferrothorn|Salt Cure\n|move|p2a: Ferrothorn|Body Press|p1a: Garganacl\n|-supereffective|p1a: Garganacl\n|-damage|p1a: Garganacl|0 fnt\n|faint|p1a: Garganacl\n|\n|-damage|p2a: Ferrothorn|22\/100|[from] Salt Cure\n|upkeep\n|\n|t:|1699774055\n|switch|p1a: Toxapex|Toxapex, M|63\/100\n|-damage|p1a: Toxapex|50\/100|[from] Stealth Rock\n|turn|19\n|\n|t:|1699774061\n|move|p1a: Toxapex|Baneful Bunker|p1a: Toxapex\n|-singleturn|p1a: Toxapex|move: Protect\n|move|p2a: Ferrothorn|Rest|p2a: Ferrothorn\n|-status|p2a: Ferrothorn|slp|[from] move: Rest\n|-heal|p2a: Ferrothorn|100\/100 slp|[silent]\n|\n|-heal|p1a: Toxapex|56\/100|[from] item: Black Sludge\n|-damage|p2a: Ferrothorn|75\/100 slp|[from] Salt Cure\n|upkeep\n|turn|20\n|\n|t:|1699774086\n|switch|p1a: Zamazenta|Zamazenta|100\/100\n|-damage|p1a: Zamazenta|94\/100|[from] Stealth Rock\n|-ability|p1a: Zamazenta|Dauntless Shield|boost\n|-boost|p1a: Zamazenta|def|1\n|cant|p2a: Ferrothorn|slp\n|\n|-heal|p1a: Zamazenta|100\/100|[from] item: Leftovers\n|-damage|p2a: Ferrothorn|50\/100 slp|[from] Salt Cure\n|upkeep\n|turn|21\n|\n|t:|1699774100\n|move|p1a: Zamazenta|Iron Defense|p1a: Zamazenta\n|-boost|p1a: Zamazenta|def|2\n|cant|p2a: Ferrothorn|slp\n|\n|-damage|p2a: Ferrothorn|25\/100 slp|[from] Salt Cure\n|upkeep\n|turn|22\n|\n|t:|1699774112\n|move|p1a: Zamazenta|Substitute|p1a: Zamazenta\n|-start|p1a: Zamazenta|Substitute\n|-damage|p1a: Zamazenta|75\/100\n|-curestatus|p2a: Ferrothorn|slp|[msg]\n|move|p2a: Ferrothorn|Body Press|p1a: Zamazenta\n|-activate|p1a: Zamazenta|move: Substitute|[damage]\n|\n|-heal|p1a: Zamazenta|82\/100|[from] item: Leftovers\n|-damage|p2a: Ferrothorn|0 fnt|[from] Salt Cure\n|faint|p2a: Ferrothorn\n|upkeep\n|\n|t:|1699774131\n|switch|p2a: Arcanine|Arcanine, F|100\/100\n|-status|p2a: Arcanine|psn\n|turn|23\n|-message|Herghhh forfeited.\n|\n|win|hhhhhhhtt\n|raw|hhhhhhhtt's rating: 1136 &rarr; <strong>1169<\/strong><br \/>(+33 for winning)\n|raw|Herghhh's rating: 1245 &rarr; <strong>1212<\/strong><br \/>(-33 for losing)\n|l|\u2606Herghhh\n|l|\u2606hhhhhhhtt\n|j|\u2606hhhhhhhtt\n|player|p1|hhhhhhhtt|rancher\n","uploadtime":1699774391,"views":7,"p1id":"hhhhhhhtt","p2id":"herghhh","formatid":"gen9nationaldex","rating":1169,"private":0,"password":""}