{"id":"gen9nationaldex-1988343637","p1":"YaBoiCrim","p2":"rimm099._","format":"[Gen 9] National Dex","log":"|j|\u2606YaBoiCrim\n|j|\u2606rimm099._\n|t:|1699711484\n|gametype|singles\n|player|p1|YaBoiCrim|riley|\n|player|p2|rimm099._|102|\n|teamsize|p1|6\n|teamsize|p2|6\n|gen|9\n|tier|[Gen 9] National Dex\n|rule|HP Percentage Mod: HP is shown in percentages\n|rule|Endless Battle Clause: Forcing endless battles is banned\n|rule|OHKO Clause: OHKO moves are banned\n|rule|Evasion Clause: Evasion abilities, items, and moves are banned\n|rule|Evasion Abilities Clause: Evasion abilities are banned\n|rule|Evasion Items Clause: Evasion items are banned\n|rule|Evasion Moves Clause: Evasion moves are banned\n|rule|Species Clause: Limit one of each Pok\u00e9mon\n|rule|Sleep Clause Mod: Limit one foe put to sleep\n|clearpoke\n|poke|p1|Jellicent, F|\n|poke|p1|Golurk|\n|poke|p1|Basculegion, M|\n|poke|p1|Skeledirge, M|\n|poke|p1|Banette, F|\n|poke|p1|Sinistcha-Masterpiece|\n|poke|p2|Torkoal, M|\n|poke|p2|Iron Moth|\n|poke|p2|Great Tusk|\n|poke|p2|Charizard, M|\n|poke|p2|Whimsicott, F|\n|poke|p2|Pyroar, M|\n|teampreview\n|c|\u2606rimm099._|now we wait\n|j| AdvilPills\n|c| AdvilPills|This is gonna be a good match\n|j| Jack the Ripper21\n|c| Jack the Ripper21|you got this crim\n|c| AdvilPills|We picking sides?\n|c| Jack the Ripper21|i am lol\n|c|\u2606YaBoiCrim|ight we can start\n|\n|t:|1699711607\n|start\n|switch|p1a: Skeledirge|Skeledirge, M|100\/100\n|switch|p2a: ninja turtle|Torkoal, M|100\/100\n|-weather|SunnyDay|[from] ability: Drought|[of] p2a: ninja turtle\n|turn|1\n|c|\u2606rimm099._|alr\n|\n|t:|1699711614\n|move|p1a: Skeledirge|Yawn|p2a: ninja turtle\n|-start|p2a: ninja turtle|move: Yawn|[of] p1a: Skeledirge\n|move|p2a: ninja turtle|Stealth Rock|p1a: Skeledirge\n|-sidestart|p1: YaBoiCrim|move: Stealth Rock\n|\n|-weather|SunnyDay|[upkeep]\n|upkeep\n|turn|2\n|c| AdvilPills|Well, I ain't gonna pick sides, but I think Rimuru gonna win\n|c| AdvilPills|no offense Crim-\n|c|\u2606rimm099._|no i wont\n|c|\u2606rimm099._|i already see where this is going\n|\n|t:|1699711645\n|switch|p2a: Whimsicott|Whimsicott, F, shiny|100\/100\n|move|p1a: Skeledirge|Earth Power|p2a: Whimsicott\n|-resisted|p2a: Whimsicott\n|-damage|p2a: Whimsicott|85\/100\n|-unboost|p2a: Whimsicott|spd|1\n|\n|-weather|SunnyDay|[upkeep]\n|upkeep\n|turn|3\n|c| Jack the Ripper21|he fighting big dirge\n|\n|t:|1699711650\n|move|p2a: Whimsicott|Stun Spore|p1a: Skeledirge\n|-status|p1a: Skeledirge|par\n|move|p1a: Skeledirge|Yawn|p2a: Whimsicott\n|-start|p2a: Whimsicott|move: Yawn|[of] p1a: Skeledirge\n|\n|-weather|SunnyDay|[upkeep]\n|upkeep\n|turn|4\n|c| Jack the Ripper21|why stun sport dirge\n|c| AdvilPills|that was a free kill-\n|\n|t:|1699711664\n|switch|p2a: Pyroar|Pyroar, M|100\/100\n|-ability|p2a: Pyroar|Unnerve\n|cant|p1a: Skeledirge|par\n|\n|-weather|SunnyDay|[upkeep]\n|upkeep\n|turn|5\n|c| Jack the Ripper21|its already slow as hell\n|\n|t:|1699711672\n|move|p2a: Pyroar|Dark Pulse|p1a: Skeledirge\n|-supereffective|p1a: Skeledirge\n|-damage|p1a: Skeledirge|66\/100 par\n|cant|p1a: Skeledirge|par\n|\n|-weather|SunnyDay|[upkeep]\n|upkeep\n|turn|6\n|c| AdvilPills|For para hax\n|c|\u2606YaBoiCrim|bruh\n|c| AdvilPills|para flinch\n|c| AdvilPills|:)\n|\n|t:|1699711682\n|cant|p1a: Skeledirge|par\n|move|p2a: Pyroar|Roar|p1a: Skeledirge\n|drag|p1a: Jellicent|Jellicent, F|100\/100\n|\n|-weather|SunnyDay|[upkeep]\n|upkeep\n|turn|7\n|c|\u2606YaBoiCrim|BRUH\n|c|\u2606rimm099._|rawr bitch\n|c| Jack the Ripper21|nah jit crazy\n|\n|t:|1699711695\n|move|p2a: Pyroar|Dark Pulse|p1a: Jellicent\n|-supereffective|p1a: Jellicent\n|-damage|p1a: Jellicent|61\/100\n|-start|p2a: Pyroar|Disable|Dark Pulse|[from] ability: Cursed Body|[of] p1a: Jellicent\n|move|p1a: Jellicent|Toxic|p2a: Pyroar\n|-status|p2a: Pyroar|tox\n|\n|-weather|SunnyDay|[upkeep]\n|-damage|p2a: Pyroar|94\/100 tox|[from] psn\n|upkeep\n|turn|8\n|c| AdvilPills|ohh\n|\n|t:|1699711702\n|switch|p2a: Whimsicott|Whimsicott, F, shiny|85\/100\n|move|p1a: Jellicent|Strength Sap|p2a: Whimsicott\n|-unboost|p2a: Whimsicott|atk|1\n|-heal|p1a: Jellicent|92\/100\n|\n|-weather|none\n|upkeep\n|turn|9\n|\n|t:|1699711706\n|move|p2a: Whimsicott|Stun Spore|p1a: Jellicent\n|-status|p1a: Jellicent|par\n|move|p1a: Jellicent|Toxic|p2a: Whimsicott\n|-status|p2a: Whimsicott|tox\n|\n|-damage|p2a: Whimsicott|79\/100 tox|[from] psn\n|upkeep\n|turn|10\n|\n|t:|1699711710\n|switch|p2a: ninja turtle|Torkoal, M|100\/100\n|-weather|SunnyDay|[from] ability: Drought|[of] p2a: ninja turtle\n|switch|p1a: Skeledirge|Skeledirge, M|66\/100 par\n|\n|-weather|SunnyDay|[upkeep]\n|upkeep\n|turn|11\n|c| AdvilPills|ohh\n|c| Jack the Ripper21|man got made into a cripple\n|\n|t:|1699711718\n|switch|p2a: Pyroar|Pyroar, M|94\/100 tox\n|-ability|p2a: Pyroar|Unnerve\n|move|p1a: Skeledirge|Slack Off|p1a: Skeledirge\n|-heal|p1a: Skeledirge|100\/100 par\n|\n|-weather|SunnyDay|[upkeep]\n|-heal|p2a: Pyroar|100\/100 tox|[from] item: Leftovers\n|-damage|p2a: Pyroar|94\/100 tox|[from] psn\n|upkeep\n|turn|12\n|\n|t:|1699711724\n|move|p1a: Skeledirge|Earth Power|p2a: Pyroar\n|-supereffective|p2a: Pyroar\n|-damage|p2a: Pyroar|22\/100 tox\n|move|p2a: Pyroar|Roar|p1a: Skeledirge\n|drag|p1a: Golurk|Golurk, shiny|100\/100\n|-damage|p1a: Golurk|94\/100|[from] Stealth Rock\n|\n|-weather|SunnyDay|[upkeep]\n|-heal|p2a: Pyroar|29\/100 tox|[from] item: Leftovers\n|-damage|p2a: Pyroar|16\/100 tox|[from] psn\n|upkeep\n|turn|13\n|c| Jack the Ripper21|big dirge\n|c| AdvilPills|ohh rawr\n|\n|t:|1699711732\n|move|p2a: Pyroar|Will-O-Wisp|p1a: Golurk\n|-status|p1a: Golurk|brn\n|move|p1a: Golurk|Stone Edge|p2a: Pyroar\n|-supereffective|p2a: Pyroar\n|-damage|p2a: Pyroar|0 fnt\n|faint|p2a: Pyroar\n|\n|-weather|SunnyDay|[upkeep]\n|-damage|p1a: Golurk|88\/100 brn|[from] brn\n|upkeep\n|\n|t:|1699711739\n|switch|p2a: Great Tusk|Great Tusk|100\/100\n|-activate|p2a: Great Tusk|ability: Protosynthesis\n|-start|p2a: Great Tusk|protosynthesisatk\n|turn|14\n|\n|t:|1699711755\n|move|p2a: Great Tusk|Knock Off|p1a: Golurk\n|-supereffective|p1a: Golurk\n|-damage|p1a: Golurk|2\/100 brn\n|-enditem|p1a: Golurk|Assault Vest|[from] move: Knock Off|[of] p2a: Great Tusk\n|move|p1a: Golurk|Dynamic Punch|p2a: Great Tusk\n|-damage|p2a: Great Tusk|88\/100\n|-start|p2a: Great Tusk|confusion\n|\n|-weather|SunnyDay|[upkeep]\n|-damage|p1a: Golurk|0 fnt|[from] brn\n|faint|p1a: Golurk\n|upkeep\n|c| AdvilPills|ohh, no guard d punch?\n|\n|t:|1699711774\n|switch|p1a: Jellicent|Jellicent, F|92\/100 par\n|turn|15\n|c| AdvilPills|knock off coming in clean\n|c| AdvilPills|its free tbh\n|\n|t:|1699711794\n|-activate|p2a: Great Tusk|confusion\n|move|p2a: Great Tusk|Knock Off|p1a: Jellicent\n|-supereffective|p1a: Jellicent\n|-damage|p1a: Jellicent|25\/100 par\n|-enditem|p1a: Jellicent|Heavy-Duty Boots|[from] move: Knock Off|[of] p2a: Great Tusk\n|move|p1a: Jellicent|Strength Sap|p2a: Great Tusk\n|-unboost|p2a: Great Tusk|atk|1\n|-heal|p1a: Jellicent|100\/100 par\n|\n|-weather|SunnyDay|[upkeep]\n|upkeep\n|turn|16\n|\n|t:|1699711803\n|-end|p2a: Great Tusk|Protosynthesis|[silent]\n|switch|p2a: Whimsicott|Whimsicott, F, shiny|79\/100 tox\n|move|p1a: Jellicent|Toxic|p2a: Whimsicott\n|-fail|p2a: Whimsicott|tox\n|\n|-weather|SunnyDay|[upkeep]\n|-damage|p2a: Whimsicott|73\/100 tox|[from] psn\n|upkeep\n|turn|17\n|c|\u2606rimm099._|shit\n|c| AdvilPills|strength sap is SMORT\n|c|\u2606rimm099._|my luck aint lucking\n|\n|t:|1699711821\n|move|p2a: Whimsicott|Taunt|p1a: Jellicent\n|-start|p1a: Jellicent|move: Taunt\n|move|p1a: Jellicent|Hex|p2a: Whimsicott\n|-damage|p2a: Whimsicott|14\/100 tox\n|\n|-weather|none\n|-damage|p2a: Whimsicott|2\/100 tox|[from] psn\n|upkeep\n|turn|18\n|\n|t:|1699711825\n|switch|p2a: ninja turtle|Torkoal, M|100\/100\n|-weather|SunnyDay|[from] ability: Drought|[of] p2a: ninja turtle\n|move|p1a: Jellicent|Scald|p2a: ninja turtle\n|-supereffective|p2a: ninja turtle\n|-damage|p2a: ninja turtle|67\/100\n|\n|-weather|SunnyDay|[upkeep]\n|upkeep\n|turn|19\n|c| Jack the Ripper21|damn\n|c| AdvilPills|tortle\n|\n|t:|1699711842\n|switch|p1a: Skeledirge|Skeledirge, M|100\/100 par\n|switch|p2a: Iron Moth|Iron Moth|100\/100\n|-enditem|p2a: Iron Moth|Booster Energy\n|-activate|p2a: Iron Moth|ability: Quark Drive|[fromitem]\n|-start|p2a: Iron Moth|quarkdrivespa\n|\n|-weather|SunnyDay|[upkeep]\n|upkeep\n|turn|20\n|c| Jack the Ripper21|big dirge\n|c| AdvilPills|we know that big dirge to that earth power\n|c| AdvilPills|got that*\n|\n|t:|1699711873\n|move|p2a: Iron Moth|Sludge Wave|p1a: Skeledirge\n|-resisted|p1a: Skeledirge\n|-damage|p1a: Skeledirge|79\/100 par\n|cant|p1a: Skeledirge|par\n|\n|-weather|SunnyDay|[upkeep]\n|upkeep\n|turn|21\n|c|\u2606rimm099._|WELL\n|c|\u2606YaBoiCrim|BRUH\n|c|\u2606rimm099._|THAT WAS DUMB OF ME\n|\n|t:|1699711882\n|move|p2a: Iron Moth|Psychic|p1a: Skeledirge\n|-damage|p1a: Skeledirge|51\/100 par\n|move|p1a: Skeledirge|Yawn|p2a: Iron Moth\n|-start|p2a: Iron Moth|move: Yawn|[of] p1a: Skeledirge\n|\n|-weather|SunnyDay|[upkeep]\n|upkeep\n|turn|22\n|c| Jack the Ripper21|that was to\n|c| AdvilPills|why yawn-\n|c| Jack the Ripper21|because he forced to switch\n|c| Jack the Ripper21|and lose quark drive\n|\n|t:|1699711908\n|move|p2a: Iron Moth|Psychic|p1a: Skeledirge\n|-damage|p1a: Skeledirge|23\/100 par\n|-unboost|p1a: Skeledirge|spd|1\n|cant|p1a: Skeledirge|par\n|\n|-weather|SunnyDay|[upkeep]\n|-end|p2a: Iron Moth|move: Yawn|[silent]\n|-status|p2a: Iron Moth|slp\n|upkeep\n|turn|23\n|c| Jack the Ripper21|crim actually might win\n|c|\u2606rimm099._|bitch i aint\n|c| AdvilPills|earth power prob would've ko unless fash\n|c| AdvilPills|sash*\n|c| Jack the Ripper21|its not sash\n|\n|t:|1699711926\n|-end|p2a: Iron Moth|Quark Drive|[silent]\n|switch|p2a: Charizard|Charizard, M|100\/100\n|move|p1a: Skeledirge|Slack Off|p1a: Skeledirge\n|-heal|p1a: Skeledirge|73\/100 par\n|\n|-weather|SunnyDay|[upkeep]\n|-damage|p2a: Charizard|88\/100|[from] ability: Solar Power|[of] p2a: Charizard\n|upkeep\n|turn|24\n|c| Jack the Ripper21|its booster energy\n|\n|t:|1699711934\n|switch|p1a: Jellicent|Jellicent, F|100\/100 par\n|-damage|p1a: Jellicent|88\/100 par|[from] Stealth Rock\n|detailschange|p2a: Charizard|Charizard-Mega-X, M\n|-mega|p2a: Charizard|Charizard|Charizardite X\n|move|p2a: Charizard|Crunch|p1a: Jellicent\n|-supereffective|p1a: Jellicent\n|-damage|p1a: Jellicent|36\/100 par\n|-unboost|p1a: Jellicent|def|1\n|\n|-weather|SunnyDay|[upkeep]\n|upkeep\n|turn|25\n|\n|t:|1699711941\n|move|p2a: Charizard|Crunch|p1a: Jellicent\n|-supereffective|p1a: Jellicent\n|-damage|p1a: Jellicent|0 fnt\n|faint|p1a: Jellicent\n|\n|-weather|none\n|upkeep\n|c| Jack the Ripper21|mega zard\n|\n|t:|1699711944\n|switch|p1a: Sinistcha|Sinistcha-Masterpiece, shiny|100\/100\n|-damage|p1a: Sinistcha|88\/100|[from] Stealth Rock\n|turn|26\n|c| AdvilPills|oh I thought sun did that-\n|\n|t:|1699711950\n|move|p2a: Charizard|Crunch|p1a: Sinistcha\n|-supereffective|p1a: Sinistcha\n|-damage|p1a: Sinistcha|31\/100\n|move|p1a: Sinistcha|Strength Sap|p2a: Charizard\n|-unboost|p2a: Charizard|atk|1\n|-heal|p1a: Sinistcha|100\/100\n|\n|upkeep\n|turn|27\n|\n|t:|1699711956\n|switch|p2a: ninja turtle|Torkoal, M|67\/100\n|-weather|SunnyDay|[from] ability: Drought|[of] p2a: ninja turtle\n|move|p1a: Sinistcha|Calm Mind|p1a: Sinistcha\n|-boost|p1a: Sinistcha|spa|1\n|-boost|p1a: Sinistcha|spd|1\n|\n|-weather|SunnyDay|[upkeep]\n|upkeep\n|turn|28\n|c| Jack the Ripper21|lets fuck up this function crim\n|\n|t:|1699711979\n|move|p1a: Sinistcha|Shadow Ball|p2a: ninja turtle\n|-damage|p2a: ninja turtle|7\/100\n|move|p2a: ninja turtle|Clear Smog|p1a: Sinistcha\n|-damage|p1a: Sinistcha|94\/100\n|-clearboost|p1a: Sinistcha\n|\n|-weather|SunnyDay|[upkeep]\n|-heal|p1a: Sinistcha|99\/100|[from] item: Leftovers\n|upkeep\n|turn|29\n|c| AdvilPills|ohh clear smog\n|c| AdvilPills|SMORT\n|c| Jack the Ripper21|beat theigh ass\n|\n|t:|1699711991\n|switch|p2a: Iron Moth|Iron Moth|100\/100 slp\n|move|p1a: Sinistcha|Calm Mind|p1a: Sinistcha\n|-boost|p1a: Sinistcha|spa|1\n|-boost|p1a: Sinistcha|spd|1\n|\n|-weather|SunnyDay|[upkeep]\n|-heal|p1a: Sinistcha|100\/100|[from] item: Leftovers\n|upkeep\n|turn|30\n|\n|t:|1699711996\n|cant|p2a: Iron Moth|slp\n|move|p1a: Sinistcha|Calm Mind|p1a: Sinistcha\n|-boost|p1a: Sinistcha|spa|1\n|-boost|p1a: Sinistcha|spd|1\n|\n|-weather|SunnyDay|[upkeep]\n|upkeep\n|turn|31\n|\n|t:|1699711999\n|cant|p2a: Iron Moth|slp\n|move|p1a: Sinistcha|Shadow Ball|p2a: Iron Moth\n|-damage|p2a: Iron Moth|40\/100 slp\n|-unboost|p2a: Iron Moth|spd|1\n|\n|-weather|SunnyDay|[upkeep]\n|upkeep\n|turn|32\n|c|\u2606rimm099._|QWAKE UP BITCH\n|c| Jack the Ripper21|oh no\n|\n|t:|1699712006\n|-curestatus|p2a: Iron Moth|slp|[msg]\n|move|p2a: Iron Moth|Fiery Dance|p1a: Sinistcha\n|-supereffective|p1a: Sinistcha\n|-damage|p1a: Sinistcha|69\/100\n|-boost|p2a: Iron Moth|spa|1\n|move|p1a: Sinistcha|Shadow Ball|p2a: Iron Moth\n|-damage|p2a: Iron Moth|0 fnt\n|faint|p2a: Iron Moth\n|-end|p2a: Iron Moth|Quark Drive|[silent]\n|\n|-weather|SunnyDay|[upkeep]\n|-heal|p1a: Sinistcha|75\/100|[from] item: Leftovers\n|upkeep\n|c| AdvilPills|risky play, going into sleeper\n|\n|t:|1699712013\n|switch|p2a: Whimsicott|Whimsicott, F, shiny|2\/100 tox\n|turn|33\n|c| Jack the Ripper21|heatproof bitch\n|\n|t:|1699712019\n|move|p2a: Whimsicott|Stun Spore|p1a: Sinistcha\n|-immune|p1a: Sinistcha\n|move|p1a: Sinistcha|Shadow Ball|p2a: Whimsicott\n|-damage|p2a: Whimsicott|0 fnt\n|faint|p2a: Whimsicott\n|\n|-weather|SunnyDay|[upkeep]\n|-heal|p1a: Sinistcha|81\/100|[from] item: Leftovers\n|upkeep\n|c|\u2606rimm099._|FUCK\n|c|\u2606rimm099._|I FORGO\n|c| AdvilPills|dangg\n|\n|t:|1699712034\n|switch|p2a: Great Tusk|Great Tusk|88\/100\n|-activate|p2a: Great Tusk|ability: Protosynthesis\n|-start|p2a: Great Tusk|protosynthesisatk\n|turn|34\n|\n|t:|1699712037\n|-zpower|p2a: Great Tusk\n|move|p2a: Great Tusk|Subzero Slammer|p1a: Sinistcha|[zeffect]\n|-supereffective|p1a: Sinistcha\n|-damage|p1a: Sinistcha|0 fnt\n|faint|p1a: Sinistcha\n|\n|-weather|none\n|-end|p2a: Great Tusk|Protosynthesis\n|upkeep\n|c| Jack the Ripper21|crim is winning\n|\n|t:|1699712045\n|switch|p1a: Basculegion|Basculegion, M, shiny|100\/100\n|-damage|p1a: Basculegion|88\/100|[from] Stealth Rock\n|turn|35\n|c| AdvilPills|The tables have turned, the sweeper is gone\n|c| Jack the Ripper21|gold fish memory fucking you up ngl rim\n|\n|t:|1699712066\n|-end|p2a: Great Tusk|Protosynthesis|[silent]\n|switch|p2a: ninja turtle|Torkoal, M|7\/100\n|-weather|SunnyDay|[from] ability: Drought|[of] p2a: ninja turtle\n|-terastallize|p1a: Basculegion|Water\n|move|p1a: Basculegion|Liquidation|p2a: ninja turtle\n|-supereffective|p2a: ninja turtle\n|-crit|p2a: ninja turtle\n|-damage|p2a: ninja turtle|0 fnt\n|faint|p2a: ninja turtle\n|\n|-weather|SunnyDay|[upkeep]\n|upkeep\n|c| AdvilPills|crit mattered\n|c| AdvilPills|300%\n|j| AhiruChan\n|c| Jack the Ripper21|tera water adaptability basically rain boosted\n|\n|t:|1699712086\n|switch|p2a: Great Tusk|Great Tusk|88\/100\n|-activate|p2a: Great Tusk|ability: Protosynthesis\n|-start|p2a: Great Tusk|protosynthesisatk\n|turn|36\n|\n|t:|1699712103\n|move|p1a: Basculegion|Liquidation|p2a: Great Tusk\n|-supereffective|p2a: Great Tusk\n|-damage|p2a: Great Tusk|44\/100\n|move|p2a: Great Tusk|Headlong Rush|p1a: Basculegion\n|-damage|p1a: Basculegion|0 fnt\n|-unboost|p2a: Great Tusk|def|1\n|-unboost|p2a: Great Tusk|spd|1\n|faint|p1a: Basculegion\n|\n|-weather|SunnyDay|[upkeep]\n|upkeep\n|c| Jack the Ripper21|smack theigh ass\n|\n|t:|1699712107\n|switch|p1a: Skeledirge|Skeledirge, M|73\/100 par\n|turn|37\n|\n|t:|1699712110\n|move|p2a: Great Tusk|Headlong Rush|p1a: Skeledirge\n|-supereffective|p1a: Skeledirge\n|-damage|p1a: Skeledirge|0 fnt\n|-unboost|p2a: Great Tusk|def|1\n|-unboost|p2a: Great Tusk|spd|1\n|faint|p1a: Skeledirge\n|\n|-weather|SunnyDay|[upkeep]\n|upkeep\n|c| AdvilPills|BIG D\n|\n|t:|1699712113\n|switch|p1a: Banette|Banette, F, shiny|100\/100\n|-damage|p1a: Banette|88\/100|[from] Stealth Rock\n|-item|p2a: Great Tusk|Icium Z|[from] ability: Frisk|[of] p1a: Banette|[identify]\n|turn|38\n|c| Jack the Ripper21|bannete\n|\n|t:|1699712126\n|-end|p2a: Great Tusk|Protosynthesis|[silent]\n|switch|p2a: Charizard|Charizard-Mega-X, M|88\/100\n|detailschange|p1a: Banette|Banette-Mega, F, shiny\n|-mega|p1a: Banette|Banette|Banettite\n|move|p1a: Banette|Shadow Sneak|p2a: Charizard\n|-damage|p2a: Charizard|60\/100\n|\n|-weather|SunnyDay|[upkeep]\n|upkeep\n|turn|39\n|c| Jack the Ripper21|smack that shit\n|c|\u2606rimm099._|fuck i forgot about this bitch'\n|\n|t:|1699712134\n|move|p2a: Charizard|Crunch|p1a: Banette\n|-supereffective|p1a: Banette\n|-damage|p1a: Banette|0 fnt\n|faint|p1a: Banette\n|\n|win|rimm099._\n|c| AdvilPills|this close mega banners has pranskter\n|c| Jack the Ripper21|nah\n|c| AdvilPills|oh\n|c|\u2606rimm099._|gg\n|c|\u2606YaBoiCrim|bro...\n|c|\u2606YaBoiCrim|gg\n|c|\u2606rimm099._|wp\n|c| AdvilPills|great plays from both\n|c| Jack the Ripper21|that was actually close\n|c|\u2606rimm099._|aight back to playing valorant\n|c|\u2606rimm099._|byebye\n|l| AhiruChan\n|c|\u2606YaBoiCrim|im an idiot\n|c| Jack the Ripper21|i mean he was to\n","uploadtime":1699712168,"views":22,"p1id":"yaboicrim","p2id":"rimm099","formatid":"gen9nationaldex","rating":0,"private":0,"password":""}