{"id":"gen9nationaldex-1988540547","p1":"zaptus","p2":"female charizard","format":"[Gen 9] National Dex","log":"|j|\u2606zaptus\n|j|\u2606female charizard\n|t:|1699733952\n|gametype|singles\n|player|p1|zaptus|lass-gen4|1073\n|player|p2|female charizard|170|1157\n|teamsize|p1|6\n|teamsize|p2|6\n|gen|9\n|tier|[Gen 9] National Dex\n|rated|\n|rule|HP Percentage Mod: HP is shown in percentages\n|rule|Endless Battle Clause: Forcing endless battles is banned\n|rule|OHKO Clause: OHKO moves are banned\n|rule|Evasion Clause: Evasion abilities, items, and moves are banned\n|rule|Evasion Abilities Clause: Evasion abilities are banned\n|rule|Evasion Items Clause: Evasion items are banned\n|rule|Evasion Moves Clause: Evasion moves are banned\n|rule|Species Clause: Limit one of each Pok\u00e9mon\n|rule|Sleep Clause Mod: Limit one foe put to sleep\n|clearpoke\n|poke|p1|Raichu, F|\n|poke|p1|Corviknight, M|\n|poke|p1|Breloom, M|\n|poke|p1|Skeledirge, F|\n|poke|p1|Swampert, M|\n|poke|p1|Drapion, F|\n|poke|p2|Rampardos, F|\n|poke|p2|Scream Tail|\n|poke|p2|Slowking, F|\n|poke|p2|Stakataka|\n|poke|p2|Boldore, F|\n|poke|p2|Electrode-Hisui|\n|teampreview\n|j| Zangoosefriend96\n|j| Lonsol\n|j| snugglesnfluff\n|j| imbleach\n|\n|t:|1699733986\n|start\n|switch|p1a: Swampert|Swampert, M|100\/100\n|switch|p2a: More appropriate|Boldore, F|100\/100\n|turn|1\n|\n|t:|1699733995\n|move|p1a: Swampert|Stealth Rock|p2a: More appropriate\n|-sidestart|p2: female charizard|move: Stealth Rock\n|move|p2a: More appropriate|Stealth Rock|p1a: Swampert\n|-sidestart|p1: zaptus|move: Stealth Rock\n|\n|upkeep\n|turn|2\n|\n|t:|1699734002\n|move|p1a: Swampert|Earthquake|p2a: More appropriate\n|-supereffective|p2a: More appropriate\n|-damage|p2a: More appropriate|35\/100\n|move|p2a: More appropriate|Earthquake|p1a: Swampert\n|-damage|p1a: Swampert|68\/100\n|\n|-heal|p1a: Swampert|75\/100|[from] item: Leftovers\n|upkeep\n|turn|3\n|\n|t:|1699734012\n|move|p1a: Swampert|Earthquake|p2a: More appropriate\n|-supereffective|p2a: More appropriate\n|-damage|p2a: More appropriate|0 fnt\n|faint|p2a: More appropriate\n|\n|-heal|p1a: Swampert|81\/100|[from] item: Leftovers\n|upkeep\n|j| magikarpfisherman\n|\n|t:|1699734017\n|switch|p2a: fear and anger|Electrode-Hisui|100\/100\n|-damage|p2a: fear and anger|88\/100|[from] Stealth Rock\n|turn|4\n|c|\u2606zaptus|doba doba doba doba\n|j| mistahmerrikuu\n|c|\u2606female charizard|doba doba doba doba\n|\n|t:|1699734051\n|switch|p1a: Skeledirge|Skeledirge, F|100\/100\n|move|p2a: fear and anger|Substitute|p2a: fear and anger\n|-start|p2a: fear and anger|Substitute\n|-damage|p2a: fear and anger|63\/100\n|\n|-heal|p2a: fear and anger|69\/100|[from] item: Leftovers\n|upkeep\n|turn|5\n|\n|t:|1699734063\n|move|p2a: fear and anger|Thunderbolt|p1a: Skeledirge\n|-damage|p1a: Skeledirge|76\/100\n|move|p1a: Skeledirge|Torch Song|p2a: fear and anger\n|-immune|p2a: fear and anger|[from] ability: Soundproof\n|\n|-heal|p2a: fear and anger|76\/100|[from] item: Leftovers\n|upkeep\n|turn|6\n|c|\u2606female charizard|i cant hear you!\n|\n|t:|1699734094\n|switch|p1a: Corviknight|Corviknight, M|100\/100\n|-damage|p1a: Corviknight|88\/100|[from] Stealth Rock\n|-ability|p1a: Corviknight|Pressure\n|move|p2a: fear and anger|Leech Seed|p1a: Corviknight\n|-start|p1a: Corviknight|move: Leech Seed\n|\n|-heal|p2a: fear and anger|82\/100|[from] item: Leftovers\n|-damage|p1a: Corviknight|75\/100|[from] Leech Seed|[of] p2a: fear and anger\n|-heal|p2a: fear and anger|100\/100|[silent]\n|upkeep\n|turn|7\n|\n|t:|1699734111\n|move|p2a: fear and anger|Thunderbolt|p1a: Corviknight\n|-supereffective|p1a: Corviknight\n|-damage|p1a: Corviknight|9\/100\n|move|p1a: Corviknight|Brave Bird|p2a: fear and anger\n|-end|p2a: fear and anger|Substitute\n|-damage|p1a: Corviknight|4\/100|[from] Recoil|[of] p2a: fear and anger\n|\n|-damage|p1a: Corviknight|0 fnt|[from] Leech Seed|[of] p2a: fear and anger\n|faint|p1a: Corviknight\n|upkeep\n|\n|t:|1699734134\n|switch|p1a: Drapion|Drapion, F|100\/100\n|-damage|p1a: Drapion|88\/100|[from] Stealth Rock\n|turn|8\n|\n|t:|1699734154\n|move|p2a: fear and anger|Thunderbolt|p1a: Drapion\n|-damage|p1a: Drapion|35\/100\n|move|p1a: Drapion|Poison Jab|p2a: fear and anger\n|-supereffective|p2a: fear and anger\n|-damage|p2a: fear and anger|0 fnt\n|faint|p2a: fear and anger\n|\n|upkeep\n|\n|t:|1699734157\n|switch|p2a: too anxious >.<|Stakataka|100\/100\n|-damage|p2a: too anxious >.<|94\/100|[from] Stealth Rock\n|turn|9\n|\n|t:|1699734172\n|switch|p1a: Swampert|Swampert, M|81\/100\n|-damage|p1a: Swampert|75\/100|[from] Stealth Rock\n|move|p2a: too anxious >.<|Trick Room|p2a: too anxious >.<\n|-fieldstart|move: Trick Room|[of] p2a: too anxious >.<\n|\n|-heal|p1a: Swampert|81\/100|[from] item: Leftovers\n|upkeep\n|turn|10\n|\n|t:|1699734183\n|switch|p2a: it was this|Slowking, F|100\/100\n|-damage|p2a: it was this|88\/100|[from] Stealth Rock\n|move|p1a: Swampert|Earthquake|p2a: it was this\n|-damage|p2a: it was this|36\/100\n|\n|-heal|p1a: Swampert|87\/100|[from] item: Leftovers\n|upkeep\n|turn|11\n|\n|t:|1699734194\n|move|p2a: it was this|Hydro Pump|p1a: Swampert\n|-damage|p1a: Swampert|12\/100\n|move|p1a: Swampert|Earthquake|p2a: it was this\n|-damage|p2a: it was this|0 fnt\n|faint|p2a: it was this\n|\n|-heal|p1a: Swampert|18\/100|[from] item: Leftovers\n|upkeep\n|\n|t:|1699734199\n|switch|p2a: too anxious >.<|Stakataka|94\/100\n|-damage|p2a: too anxious >.<|88\/100|[from] Stealth Rock\n|turn|12\n|\n|t:|1699734212\n|move|p2a: too anxious >.<|Gyro Ball|p1a: Swampert\n|-resisted|p1a: Swampert\n|-damage|p1a: Swampert|0 fnt\n|faint|p1a: Swampert\n|-ability|p2a: too anxious >.<|Beast Boost|boost\n|-boost|p2a: too anxious >.<|atk|1\n|-damage|p2a: too anxious >.<|78\/100|[from] item: Life Orb\n|\n|upkeep\n|l| magikarpfisherman\n|\n|t:|1699734229\n|switch|p1a: Breloom|Breloom, M, shiny|100\/100\n|-damage|p1a: Breloom|94\/100|[from] Stealth Rock\n|turn|13\n|\n|t:|1699734236\n|-terastallize|p2a: too anxious >.<|Flying\n|move|p1a: Breloom|Mach Punch|p2a: too anxious >.<\n|-resisted|p2a: too anxious >.<\n|-damage|p2a: too anxious >.<|67\/100\n|move|p2a: too anxious >.<|Gyro Ball|p1a: Breloom\n|-damage|p1a: Breloom|0 fnt\n|faint|p1a: Breloom\n|-ability|p2a: too anxious >.<|Beast Boost|boost\n|-boost|p2a: too anxious >.<|atk|1\n|-damage|p2a: too anxious >.<|58\/100|[from] item: Life Orb\n|\n|-fieldend|move: Trick Room\n|upkeep\n|\n|t:|1699734254\n|switch|p1a: Raichu|Raichu, F|100\/100\n|-damage|p1a: Raichu|88\/100|[from] Stealth Rock\n|turn|14\n|\n|t:|1699734264\n|move|p1a: Raichu|Thunderbolt|p2a: too anxious >.<\n|-supereffective|p2a: too anxious >.<\n|-damage|p2a: too anxious >.<|0 fnt\n|faint|p2a: too anxious >.<\n|\n|upkeep\n|\n|t:|1699734266\n|switch|p2a: tay tay|Scream Tail|100\/100\n|-damage|p2a: tay tay|88\/100|[from] Stealth Rock\n|turn|15\n|\n|t:|1699734282\n|switch|p1a: Drapion|Drapion, F|35\/100\n|-damage|p1a: Drapion|23\/100|[from] Stealth Rock\n|move|p2a: tay tay|Boomburst|p1a: Drapion\n|-damage|p1a: Drapion|0 fnt\n|faint|p1a: Drapion\n|-enditem|p2a: tay tay|Throat Spray\n|-boost|p2a: tay tay|spa|1|[from] item: Throat Spray\n|\n|upkeep\n|\n|t:|1699734293\n|switch|p1a: Skeledirge|Skeledirge, F|76\/100\n|turn|16\n|\n|t:|1699734300\n|-end|p2a: tay tay|Protosynthesis|[silent]\n|switch|p2a: ur divorced uncle|Rampardos, F|100\/100\n|-damage|p2a: ur divorced uncle|88\/100|[from] Stealth Rock\n|move|p1a: Skeledirge|Shadow Ball|p2a: ur divorced uncle\n|-damage|p2a: ur divorced uncle|31\/100\n|\n|upkeep\n|turn|17\n|\n|t:|1699734311\n|move|p2a: ur divorced uncle|Earthquake|p1a: Skeledirge\n|-supereffective|p1a: Skeledirge\n|-crit|p1a: Skeledirge\n|-damage|p1a: Skeledirge|0 fnt\n|faint|p1a: Skeledirge\n|\n|upkeep\n|\n|t:|1699734316\n|switch|p1a: Raichu|Raichu, F|88\/100\n|-damage|p1a: Raichu|76\/100|[from] Stealth Rock\n|turn|18\n|l| snugglesnfluff\n|\n|t:|1699734326\n|move|p1a: Raichu|Surf|p2a: ur divorced uncle\n|-supereffective|p2a: ur divorced uncle\n|-damage|p2a: ur divorced uncle|0 fnt\n|faint|p2a: ur divorced uncle\n|\n|upkeep\n|\n|t:|1699734328\n|switch|p2a: tay tay|Scream Tail|88\/100\n|-damage|p2a: tay tay|76\/100|[from] Stealth Rock\n|turn|19\n|\n|t:|1699734356\n|move|p2a: tay tay|Calm Mind|p2a: tay tay\n|-boost|p2a: tay tay|spa|1\n|-boost|p2a: tay tay|spd|1\n|move|p1a: Raichu|Thunderbolt|p2a: tay tay\n|-damage|p2a: tay tay|60\/100\n|\n|upkeep\n|turn|20\n|j| kung fu pokechu\n|\n|t:|1699734368\n|move|p2a: tay tay|Boomburst|p1a: Raichu\n|-damage|p1a: Raichu|18\/100\n|move|p1a: Raichu|Thunderbolt|p2a: tay tay\n|-damage|p2a: tay tay|42\/100\n|-status|p2a: tay tay|par\n|\n|upkeep\n|turn|21\n|\n|t:|1699734379\n|move|p1a: Raichu|Nasty Plot|p1a: Raichu\n|-boost|p1a: Raichu|spa|2\n|move|p2a: tay tay|Boomburst|p1a: Raichu\n|-damage|p1a: Raichu|0 fnt\n|faint|p1a: Raichu\n|\n|win|female charizard\n|raw|zaptus's rating: 1073 &rarr; <strong>1057<\/strong><br \/>(-16 for losing)\n|raw|female charizard's rating: 1157 &rarr; <strong>1176<\/strong><br \/>(+19 for winning)\n","uploadtime":1699734382,"views":4,"p1id":"zaptus","p2id":"femalecharizard","formatid":"gen9nationaldex","rating":1057,"private":0,"password":""}