{"id":"gen9nationaldex-1987289163","p1":"MaxGLX","p2":"GunGalione","format":"[Gen 9] National Dex","log":"|j|\u2606MaxGLX\n|j|\u2606GunGalione\n|t:|1699573601\n|gametype|singles\n|player|p1|MaxGLX|266|1136\n|player|p2|GunGalione|pokemonranger-gen4|1125\n|teamsize|p1|6\n|teamsize|p2|6\n|gen|9\n|tier|[Gen 9] National Dex\n|rated|\n|rule|HP Percentage Mod: HP is shown in percentages\n|rule|Endless Battle Clause: Forcing endless battles is banned\n|rule|OHKO Clause: OHKO moves are banned\n|rule|Evasion Clause: Evasion abilities, items, and moves are banned\n|rule|Evasion Abilities Clause: Evasion abilities are banned\n|rule|Evasion Items Clause: Evasion items are banned\n|rule|Evasion Moves Clause: Evasion moves are banned\n|rule|Species Clause: Limit one of each Pok\u00e9mon\n|rule|Sleep Clause Mod: Limit one foe put to sleep\n|clearpoke\n|poke|p1|Dragonite, M|\n|poke|p1|Greninja-*, M|\n|poke|p1|Scizor, M|\n|poke|p1|Ferrothorn, M|\n|poke|p1|Volcarona, M|\n|poke|p1|Iron Hands|\n|poke|p2|Tapu Fini|\n|poke|p2|Grimmsnarl, M|\n|poke|p2|Ribombee, M|\n|poke|p2|Ninetales-Alola, M|\n|poke|p2|Togekiss, F|\n|poke|p2|Diancie|\n|teampreview\n|\n|t:|1699573628\n|start\n|switch|p1a: Bugcona|Volcarona, M|100\/100\n|switch|p2a: Ribombee|Ribombee, M, shiny|100\/100\n|turn|1\n|\n|t:|1699573637\n|switch|p2a: Grimmsnarl|Grimmsnarl, M|100\/100\n|-terastallize|p1a: Bugcona|Grass\n|move|p1a: Bugcona|Quiver Dance|p1a: Bugcona\n|-boost|p1a: Bugcona|spa|1\n|-boost|p1a: Bugcona|spd|1\n|-boost|p1a: Bugcona|spe|1\n|\n|upkeep\n|turn|2\n|\n|t:|1699573640\n|move|p2a: Grimmsnarl|Taunt|p1a: Bugcona\n|-start|p1a: Bugcona|move: Taunt\n|move|p1a: Bugcona|Bug Buzz|p2a: Grimmsnarl\n|-damage|p2a: Grimmsnarl|12\/100\n|\n|upkeep\n|turn|3\n|\n|t:|1699573645\n|move|p2a: Grimmsnarl|Trick|p1a: Bugcona\n|-activate|p2a: Grimmsnarl|move: Trick|[of] p1a: Bugcona\n|-item|p1a: Bugcona|Lagging Tail|[from] move: Trick\n|-item|p2a: Grimmsnarl|Heavy-Duty Boots|[from] move: Trick\n|move|p1a: Bugcona|Bug Buzz|p2a: Grimmsnarl\n|-damage|p2a: Grimmsnarl|0 fnt\n|faint|p2a: Grimmsnarl\n|\n|upkeep\n|\n|t:|1699573655\n|switch|p2a: Togekiss|Togekiss, F|100\/100\n|turn|4\n|\n|t:|1699573657\n|move|p2a: Togekiss|Nasty Plot|p2a: Togekiss\n|-boost|p2a: Togekiss|spa|2\n|move|p1a: Bugcona|Bug Buzz|p2a: Togekiss\n|-resisted|p2a: Togekiss\n|-damage|p2a: Togekiss|82\/100\n|\n|-end|p1a: Bugcona|move: Taunt\n|upkeep\n|turn|5\n|\n|t:|1699573663\n|move|p2a: Togekiss|Air Slash|p1a: Bugcona\n|-supereffective|p1a: Bugcona\n|-crit|p1a: Bugcona\n|-damage|p1a: Bugcona|0 fnt\n|faint|p1a: Bugcona\n|\n|upkeep\n|\n|t:|1699573667\n|switch|p1a: Draco|Dragonite, M|100\/100\n|turn|6\n|\n|t:|1699573670\n|move|p1a: Draco|Dragon Dance|p1a: Draco\n|-boost|p1a: Draco|atk|1\n|-boost|p1a: Draco|spe|1\n|move|p2a: Togekiss|Ancient Power|p1a: Draco\n|-supereffective|p1a: Draco\n|-damage|p1a: Draco|65\/100\n|-enditem|p1a: Draco|Weakness Policy\n|-boost|p1a: Draco|atk|2|[from] item: Weakness Policy\n|-boost|p1a: Draco|spa|2|[from] item: Weakness Policy\n|\n|upkeep\n|turn|7\n|\n|t:|1699573679\n|-terastallize|p2a: Togekiss|Normal\n|move|p1a: Draco|Extreme Speed|p2a: Togekiss\n|-damage|p2a: Togekiss|22\/100\n|-enditem|p2a: Togekiss|Sitrus Berry|[eat]\n|-heal|p2a: Togekiss|46\/100|[from] item: Sitrus Berry\n|move|p2a: Togekiss|Ancient Power|p1a: Draco\n|-supereffective|p1a: Draco\n|-damage|p1a: Draco|0 fnt\n|faint|p1a: Draco\n|\n|upkeep\n|\n|t:|1699573685\n|switch|p1a: Cutter|Scizor, M|100\/100\n|turn|8\n|\n|t:|1699573696\n|switch|p2a: Tapu Fini|Tapu Fini|100\/100\n|-fieldstart|move: Misty Terrain|[from] ability: Misty Surge|[of] p2a: Tapu Fini\n|detailschange|p1a: Cutter|Scizor-Mega, M\n|-mega|p1a: Cutter|Scizor|Scizorite\n|move|p1a: Cutter|Bullet Punch|p2a: Tapu Fini\n|-damage|p2a: Tapu Fini|72\/100\n|\n|upkeep\n|turn|9\n|-message|MaxGLX forfeited.\n|\n|win|GunGalione\n|raw|MaxGLX's rating: 1136 &rarr; <strong>1110<\/strong><br \/>(-26 for losing)\n|raw|GunGalione's rating: 1125 &rarr; <strong>1151<\/strong><br \/>(+26 for winning)\n|l|\u2606MaxGLX\n","uploadtime":1699573712,"views":8,"p1id":"maxglx","p2id":"gungalione","formatid":"gen9nationaldex","rating":1110,"private":0,"password":""}