{"id":"gen9nationaldex-1993156771","p1":"Arkmin Cydo","p2":"JBrien07","format":"[Gen 9] National Dex","log":"|j|\u2606Arkmin Cydo\n|j|\u2606JBrien07\n|t:|1700271650\n|gametype|singles\n|player|p1|Arkmin Cydo|clerk|1055\n|player|p2|JBrien07|giovanni|1000\n|teamsize|p1|6\n|teamsize|p2|6\n|gen|9\n|tier|[Gen 9] National Dex\n|rated|\n|rule|HP Percentage Mod: HP is shown in percentages\n|rule|Endless Battle Clause: Forcing endless battles is banned\n|rule|OHKO Clause: OHKO moves are banned\n|rule|Evasion Clause: Evasion abilities, items, and moves are banned\n|rule|Evasion Abilities Clause: Evasion abilities are banned\n|rule|Evasion Items Clause: Evasion items are banned\n|rule|Evasion Moves Clause: Evasion moves are banned\n|rule|Species Clause: Limit one of each Pok\u00e9mon\n|rule|Sleep Clause Mod: Limit one foe put to sleep\n|clearpoke\n|poke|p1|Zapdos-Galar|\n|poke|p1|Cinderace, M|\n|poke|p1|Bastiodon, M|\n|poke|p1|Forretress, F|\n|poke|p1|Boltund, M|\n|poke|p1|Arcanine-Hisui, M|\n|poke|p2|Gardevoir, F|\n|poke|p2|Mismagius, F|\n|poke|p2|Corviknight, M|\n|poke|p2|Volcarona, F|\n|poke|p2|Garchomp, F|\n|poke|p2|Ditto|\n|teampreview\n|\n|t:|1700271657\n|start\n|switch|p1a: Forretress|Forretress, F|100\/100\n|switch|p2a: Ditto|Ditto|100\/100\n|-transform|p2a: Ditto|p1a: Forretress|[from] ability: Imposter\n|turn|1\n|\n|t:|1700271672\n|switch|p1a: Bastiodon|Bastiodon, M, shiny|100\/100\n|move|p2a: Ditto|Spikes|p1a: Bastiodon\n|-sidestart|p1: Arkmin Cydo|Spikes\n|\n|upkeep\n|turn|2\n|\n|t:|1700271682\n|move|p2a: Ditto|Spikes|p1a: Bastiodon\n|-sidestart|p1: Arkmin Cydo|Spikes\n|move|p1a: Bastiodon|Roar|p2a: Ditto\n|drag|p2a: Garchomp|Garchomp, F|100\/100\n|\n|upkeep\n|turn|3\n|\n|t:|1700271696\n|switch|p1a: Forretress|Forretress, F|100\/100\n|-damage|p1a: Forretress|84\/100|[from] Spikes\n|move|p2a: Garchomp|Earthquake|p1a: Forretress\n|-damage|p1a: Forretress|54\/100\n|\n|upkeep\n|turn|4\n|\n|t:|1700271707\n|switch|p2a: Ditto|Ditto|100\/100\n|-transform|p2a: Ditto|p1a: Forretress|[from] ability: Imposter\n|move|p1a: Forretress|Stealth Rock|p2a: Ditto\n|-sidestart|p2: JBrien07|move: Stealth Rock\n|\n|upkeep\n|turn|5\n|\n|t:|1700271717\n|move|p1a: Forretress|Rapid Spin|p2a: Ditto\n|-resisted|p2a: Ditto\n|-damage|p2a: Ditto|97\/100\n|-boost|p1a: Forretress|spe|1\n|-sideend|p1: Arkmin Cydo|Spikes|[from] move: Rapid Spin|[of] p1a: Forretress\n|move|p2a: Ditto|Stealth Rock|p1a: Forretress\n|-sidestart|p1: Arkmin Cydo|move: Stealth Rock\n|\n|-heal|p2a: Ditto|100\/100|[from] item: Leftovers\n|upkeep\n|turn|6\n|\n|t:|1700271728\n|move|p1a: Forretress|Rapid Spin|p2a: Ditto\n|-resisted|p2a: Ditto\n|-damage|p2a: Ditto|97\/100\n|-boost|p1a: Forretress|spe|1\n|-sideend|p1: Arkmin Cydo|Stealth Rock|[from] move: Rapid Spin|[of] p1a: Forretress\n|move|p2a: Ditto|Toxic Spikes|p1a: Forretress\n|-sidestart|p1: Arkmin Cydo|move: Toxic Spikes\n|\n|-heal|p2a: Ditto|100\/100|[from] item: Leftovers\n|upkeep\n|turn|7\n|\n|t:|1700271741\n|move|p1a: Forretress|Spikes|p2a: Ditto\n|-sidestart|p2: JBrien07|Spikes\n|move|p2a: Ditto|Toxic Spikes|p1a: Forretress\n|-sidestart|p1: Arkmin Cydo|move: Toxic Spikes\n|\n|upkeep\n|turn|8\n|\n|t:|1700271747\n|move|p1a: Forretress|Rapid Spin|p2a: Ditto\n|-resisted|p2a: Ditto\n|-damage|p2a: Ditto|97\/100\n|-boost|p1a: Forretress|spe|1\n|-sideend|p1: Arkmin Cydo|Toxic Spikes|[from] move: Rapid Spin|[of] p1a: Forretress\n|move|p2a: Ditto|Toxic Spikes|p1a: Forretress\n|-sidestart|p1: Arkmin Cydo|move: Toxic Spikes\n|\n|-heal|p2a: Ditto|100\/100|[from] item: Leftovers\n|upkeep\n|turn|9\n|\n|t:|1700271759\n|move|p1a: Forretress|Spikes|p2a: Ditto\n|-sidestart|p2: JBrien07|Spikes\n|move|p2a: Ditto|Rapid Spin|p1a: Forretress\n|-resisted|p1a: Forretress\n|-damage|p1a: Forretress|51\/100\n|-boost|p2a: Ditto|spe|1\n|-sideend|p2: JBrien07|Spikes|[from] move: Rapid Spin|[of] p2a: Ditto\n|-sideend|p2: JBrien07|Stealth Rock|[from] move: Rapid Spin|[of] p2a: Ditto\n|\n|upkeep\n|turn|10\n|\n|t:|1700271772\n|move|p1a: Forretress|Rapid Spin|p2a: Ditto\n|-resisted|p2a: Ditto\n|-damage|p2a: Ditto|97\/100\n|-boost|p1a: Forretress|spe|1\n|-sideend|p1: Arkmin Cydo|Toxic Spikes|[from] move: Rapid Spin|[of] p1a: Forretress\n|move|p2a: Ditto|Stealth Rock|p1a: Forretress\n|-sidestart|p1: Arkmin Cydo|move: Stealth Rock\n|\n|-heal|p2a: Ditto|100\/100|[from] item: Leftovers\n|upkeep\n|turn|11\n|\n|t:|1700271784\n|move|p1a: Forretress|Stealth Rock|p2a: Ditto\n|-sidestart|p2: JBrien07|move: Stealth Rock\n|move|p2a: Ditto|Toxic Spikes|p1a: Forretress\n|-sidestart|p1: Arkmin Cydo|move: Toxic Spikes\n|\n|upkeep\n|turn|12\n|\n|t:|1700271791\n|move|p1a: Forretress|Rapid Spin|p2a: Ditto\n|-resisted|p2a: Ditto\n|-damage|p2a: Ditto|97\/100\n|-boost|p1a: Forretress|spe|1\n|-sideend|p1: Arkmin Cydo|Toxic Spikes|[from] move: Rapid Spin|[of] p1a: Forretress\n|-sideend|p1: Arkmin Cydo|Stealth Rock|[from] move: Rapid Spin|[of] p1a: Forretress\n|move|p2a: Ditto|Spikes|p1a: Forretress\n|-sidestart|p1: Arkmin Cydo|Spikes\n|\n|-heal|p2a: Ditto|100\/100|[from] item: Leftovers\n|upkeep\n|turn|13\n|\n|t:|1700271806\n|switch|p1a: Boltund|Boltund, M|100\/100\n|-damage|p1a: Boltund|88\/100|[from] Spikes\n|move|p2a: Ditto|Rapid Spin|p1a: Boltund\n|-damage|p1a: Boltund|70\/100\n|-boost|p2a: Ditto|spe|1\n|-sideend|p2: JBrien07|Stealth Rock|[from] move: Rapid Spin|[of] p2a: Ditto\n|\n|upkeep\n|turn|14\n|\n|t:|1700271817\n|move|p1a: Boltund|Fire Fang|p2a: Ditto\n|-supereffective|p2a: Ditto\n|-damage|p2a: Ditto|29\/100\n|move|p2a: Ditto|Stealth Rock|p1a: Boltund\n|-sidestart|p1: Arkmin Cydo|move: Stealth Rock\n|\n|-heal|p2a: Ditto|34\/100|[from] item: Leftovers\n|upkeep\n|turn|15\n|\n|t:|1700271827\n|move|p1a: Boltund|Fire Fang|p2a: Ditto\n|-supereffective|p2a: Ditto\n|-damage|p2a: Ditto|0 fnt\n|faint|p2a: Ditto\n|\n|upkeep\n|\n|t:|1700271836\n|switch|p2a: Garchomp|Garchomp, F|100\/100\n|turn|16\n|\n|t:|1700271842\n|switch|p1a: Forretress|Forretress, F|51\/100\n|-damage|p1a: Forretress|38\/100|[from] Spikes\n|-damage|p1a: Forretress|26\/100|[from] Stealth Rock\n|move|p2a: Garchomp|Earthquake|p1a: Forretress\n|-damage|p1a: Forretress|0 fnt\n|faint|p1a: Forretress\n|\n|upkeep\n|\n|t:|1700271854\n|switch|p1a: Bastiodon|Bastiodon, M, shiny|100\/100\n|-damage|p1a: Bastiodon|88\/100|[from] Spikes\n|-damage|p1a: Bastiodon|82\/100|[from] Stealth Rock\n|turn|17\n|\n|t:|1700271869\n|switch|p2a: Volcarona|Volcarona, F|100\/100\n|-terastallize|p1a: Bastiodon|Normal\n|move|p1a: Bastiodon|Metal Burst||[still]\n|-fail|p1a: Bastiodon\n|\n|upkeep\n|turn|18\n|\n|t:|1700271885\n|move|p2a: Volcarona|Flamethrower|p1a: Bastiodon\n|-damage|p1a: Bastiodon|51\/100\n|-status|p1a: Bastiodon|brn\n|move|p1a: Bastiodon|Roar|p2a: Volcarona\n|drag|p2a: Garchomp|Garchomp, F|100\/100\n|\n|-damage|p1a: Bastiodon|45\/100 brn|[from] brn\n|upkeep\n|turn|19\n|\n|t:|1700271904\n|move|p2a: Garchomp|Outrage|p1a: Bastiodon\n|-damage|p1a: Bastiodon|10\/100 brn\n|-damage|p2a: Garchomp|84\/100|[from] item: Rocky Helmet|[of] p1a: Bastiodon\n|move|p1a: Bastiodon|Metal Burst|p2a: Garchomp\n|-damage|p2a: Garchomp|46\/100\n|\n|-damage|p1a: Bastiodon|4\/100 brn|[from] brn\n|upkeep\n|turn|20\n|\n|t:|1700271921\n|move|p2a: Garchomp|Outrage|p1a: Bastiodon|[from]lockedmove\n|-damage|p1a: Bastiodon|0 fnt\n|-damage|p2a: Garchomp|29\/100|[from] item: Rocky Helmet|[of] p1a: Bastiodon\n|faint|p1a: Bastiodon\n|-start|p2a: Garchomp|confusion|[fatigue]\n|\n|upkeep\n|\n|t:|1700271930\n|switch|p1a: Arcanine|Arcanine-Hisui, M|100\/100\n|-damage|p1a: Arcanine|88\/100|[from] Spikes\n|-damage|p1a: Arcanine|63\/100|[from] Stealth Rock\n|turn|21\n|\n|t:|1700271937\n|move|p1a: Arcanine|Head Smash|p2a: Garchomp|[miss]\n|-miss|p1a: Arcanine|p2a: Garchomp\n|-activate|p2a: Garchomp|confusion\n|move|p2a: Garchomp|Earthquake|p1a: Arcanine\n|-supereffective|p1a: Arcanine\n|-damage|p1a: Arcanine|0 fnt\n|faint|p1a: Arcanine\n|\n|upkeep\n|\n|t:|1700271945\n|switch|p1a: Cinderace|Cinderace, M|100\/100\n|-damage|p1a: Cinderace|88\/100|[from] Spikes\n|-damage|p1a: Cinderace|63\/100|[from] Stealth Rock\n|turn|22\n|\n|t:|1700271953\n|-zpower|p1a: Cinderace\n|move|p1a: Cinderace|Z-Bulk Up|p1a: Cinderace|[anim]Bulk Up\n|-boost|p1a: Cinderace|atk|1|[zeffect]\n|-start|p1a: Cinderace|typechange|Fighting|[from] ability: Libero\n|-boost|p1a: Cinderace|atk|1\n|-boost|p1a: Cinderace|def|1\n|-activate|p2a: Garchomp|confusion\n|move|p2a: Garchomp|Earthquake|p1a: Cinderace\n|-damage|p1a: Cinderace|23\/100\n|\n|upkeep\n|turn|23\n|\n|t:|1700271968\n|move|p1a: Cinderace|Pyro Ball|p2a: Garchomp\n|-resisted|p2a: Garchomp\n|-damage|p2a: Garchomp|0 fnt\n|faint|p2a: Garchomp\n|\n|upkeep\n|\n|t:|1700271974\n|switch|p2a: Gardevoir|Gardevoir, F, shiny|100\/100\n|turn|24\n|\n|t:|1700271979\n|detailschange|p2a: Gardevoir|Gardevoir-Mega, F, shiny\n|-mega|p2a: Gardevoir|Gardevoir|Gardevoirite\n|move|p1a: Cinderace|Pyro Ball|p2a: Gardevoir\n|-damage|p2a: Gardevoir|0 fnt\n|faint|p2a: Gardevoir\n|\n|upkeep\n|\n|t:|1700271988\n|switch|p2a: Mismagius|Mismagius, F|100\/100\n|turn|25\n|\n|t:|1700271993\n|move|p1a: Cinderace|Pyro Ball|p2a: Mismagius\n|-damage|p2a: Mismagius|22\/100\n|-status|p2a: Mismagius|brn\n|move|p2a: Mismagius|Night Shade|p1a: Cinderace\n|-damage|p1a: Cinderace|0 fnt\n|faint|p1a: Cinderace\n|\n|-heal|p2a: Mismagius|28\/100 brn|[from] item: Leftovers\n|-damage|p2a: Mismagius|22\/100 brn|[from] brn\n|upkeep\n|\n|t:|1700272001\n|switch|p1a: Zapdos|Zapdos-Galar|100\/100\n|-damage|p1a: Zapdos|88\/100|[from] Stealth Rock\n|turn|26\n|\n|t:|1700272011\n|move|p1a: Zapdos|Trailblaze|p2a: Mismagius\n|-damage|p2a: Mismagius|3\/100 brn\n|-boost|p1a: Zapdos|spe|1\n|move|p2a: Mismagius|Night Shade|p1a: Zapdos\n|-damage|p1a: Zapdos|57\/100\n|\n|-heal|p2a: Mismagius|9\/100 brn|[from] item: Leftovers\n|-damage|p2a: Mismagius|3\/100 brn|[from] brn\n|upkeep\n|turn|27\n|\n|t:|1700272026\n|move|p1a: Zapdos|Trailblaze|p2a: Mismagius\n|-damage|p2a: Mismagius|0 fnt\n|-boost|p1a: Zapdos|spe|1\n|faint|p2a: Mismagius\n|\n|upkeep\n|\n|t:|1700272048\n|switch|p2a: Corviknight|Corviknight, M, shiny|100\/100\n|turn|28\n|\n|t:|1700272064\n|move|p1a: Zapdos|Thunderous Kick|p2a: Corviknight\n|-damage|p2a: Corviknight|49\/100\n|-ability|p2a: Corviknight|Mirror Armor\n|-unboost|p1a: Zapdos|def|1\n|-ability|p1a: Zapdos|Defiant|boost\n|-boost|p1a: Zapdos|atk|2\n|move|p2a: Corviknight|Iron Head|p1a: Zapdos\n|-damage|p1a: Zapdos|3\/100\n|\n|-heal|p2a: Corviknight|55\/100|[from] item: Leftovers\n|upkeep\n|turn|29\n|\n|t:|1700272080\n|move|p1a: Zapdos|Thunderous Kick|p2a: Corviknight\n|-damage|p2a: Corviknight|0 fnt\n|faint|p2a: Corviknight\n|\n|upkeep\n|\n|t:|1700272086\n|switch|p2a: Volcarona|Volcarona, F|100\/100\n|turn|30\n|\n|t:|1700272094\n|move|p1a: Zapdos|Drill Peck|p2a: Volcarona\n|-supereffective|p2a: Volcarona\n|-damage|p2a: Volcarona|0 fnt\n|faint|p2a: Volcarona\n|\n|win|Arkmin Cydo\n|raw|Arkmin Cydo's rating: 1055 &rarr; <strong>1082<\/strong><br \/>(+27 for winning)\n|raw|JBrien07's rating: 1000 &rarr; <strong>1000<\/strong><br \/>(+0 for losing)\n|l|\u2606JBrien07\n","uploadtime":1700272111,"views":11,"p1id":"arkmincydo","p2id":"jbrien07","formatid":"gen9nationaldex","rating":1000,"private":0,"password":""}