{"id":"gen9nationaldex-1991154348","p1":"DuxPraetorRex","p2":"TheYoungInfinite","format":"[Gen 9] National Dex","log":"|j|\u2606DuxPraetorRex\n|j|\u2606TheYoungInfinite\n|t:|1700051024\n|gametype|singles\n|player|p1|DuxPraetorRex|blaine|\n|player|p2|TheYoungInfinite|hugh|\n|teamsize|p1|6\n|teamsize|p2|6\n|gen|9\n|tier|[Gen 9] National Dex\n|rule|HP Percentage Mod: HP is shown in percentages\n|rule|Endless Battle Clause: Forcing endless battles is banned\n|rule|OHKO Clause: OHKO moves are banned\n|rule|Evasion Clause: Evasion abilities, items, and moves are banned\n|rule|Evasion Abilities Clause: Evasion abilities are banned\n|rule|Evasion Items Clause: Evasion items are banned\n|rule|Evasion Moves Clause: Evasion moves are banned\n|rule|Species Clause: Limit one of each Pok\u00e9mon\n|rule|Sleep Clause Mod: Limit one foe put to sleep\n|clearpoke\n|poke|p1|Zamazenta-*|\n|poke|p1|Mew|\n|poke|p1|Zoroark-Hisui, M|\n|poke|p1|Pawmot, M|\n|poke|p1|Enamorus, F|\n|poke|p1|Azumarill, M|\n|poke|p2|Appletun, F|\n|poke|p2|Coalossal, F|\n|poke|p2|Hatterene, F|\n|poke|p2|Charizard, F|\n|poke|p2|Sableye, M|\n|poke|p2|Ferrothorn, F|\n|teampreview\n|l|\u2606TheYoungInfinite\n|player|p2|\n|j|\u2606TheYoungInfinite\n|player|p2|TheYoungInfinite|hugh\n|j| LePokeRoi\n|\n|t:|1700051425\n|start\n|switch|p1a: Mew|Mew|100\/100\n|switch|p2a: Daxter|Sableye, M|100\/100\n|turn|1\n|\n|t:|1700051441\n|move|p2a: Daxter|Light Screen|p2a: Daxter\n|-sidestart|p2: TheYoungInfinite|move: Light Screen\n|move|p1a: Mew|Stealth Rock|p2a: Daxter\n|-sidestart|p2: TheYoungInfinite|move: Stealth Rock\n|\n|upkeep\n|turn|2\n|\n|t:|1700051449\n|move|p2a: Daxter|Toxic|p1a: Mew\n|-status|p1a: Mew|tox\n|-activate|p1a: Mew|ability: Synchronize\n|-status|p2a: Daxter|tox\n|move|p1a: Mew|Dragon Tail|p2a: Daxter\n|-damage|p2a: Daxter|82\/100 tox\n|drag|p2a: Imunfiragin|Coalossal, F|100\/100\n|-damage|p2a: Imunfiragin|76\/100|[from] Stealth Rock\n|\n|-damage|p1a: Mew|94\/100 tox|[from] psn\n|upkeep\n|turn|3\n|\n|t:|1700051485\n|switch|p2a: Sabrina|Hatterene, F|100\/100\n|move|p1a: Mew|Flip Turn|p2a: Sabrina\n|-damage|p2a: Sabrina|80\/100\n|\n|t:|1700051498\n|switch|p1a: Azumarill|Azumarill, M|100\/100|[from] Flip Turn\n|\n|upkeep\n|turn|4\n|\n|t:|1700051541\n|move|p1a: Azumarill|Bitter Malice|p2a: Sabrina\n|-supereffective|p2a: Sabrina\n|-damage|p2a: Sabrina|38\/100\n|-unboost|p2a: Sabrina|atk|1\n|move|p2a: Sabrina|Calm Mind|p2a: Sabrina\n|-boost|p2a: Sabrina|spa|1\n|-boost|p2a: Sabrina|spd|1\n|\n|upkeep\n|turn|5\n|\n|t:|1700051573\n|-terastallize|p2a: Sabrina|Dark\n|move|p1a: Azumarill|Bitter Malice|p2a: Sabrina\n|-resisted|p2a: Sabrina\n|-damage|p2a: Sabrina|32\/100\n|-unboost|p2a: Sabrina|atk|1\n|move|p2a: Sabrina|Dark Pulse|p1a: Azumarill\n|-supereffective|p1a: Azumarill\n|-damage|p1a: Azumarill|0 fnt\n|replace|p1a: Zoroark|Zoroark-Hisui, M\n|-end|p1a: Zoroark|Illusion\n|faint|p1a: Zoroark\n|\n|-sideend|p2: TheYoungInfinite|move: Light Screen\n|upkeep\n|\n|t:|1700051605\n|switch|p1a: Enamorus|Enamorus, F|100\/100\n|turn|6\n|\n|t:|1700051631\n|switch|p2a: Jak|Ferrothorn, F|100\/100\n|-damage|p2a: Jak|95\/100|[from] Stealth Rock\n|move|p1a: Enamorus|Superpower|p2a: Jak\n|-supereffective|p2a: Jak\n|-damage|p2a: Jak|14\/100\n|-boost|p1a: Enamorus|atk|1\n|-boost|p1a: Enamorus|def|1\n|-damage|p1a: Enamorus|88\/100|[from] ability: Iron Barbs|[of] p2a: Jak\n|-damage|p1a: Enamorus|78\/100|[from] item: Life Orb\n|\n|upkeep\n|turn|7\n|\n|t:|1700051653\n|move|p1a: Enamorus|Superpower|p2a: Jak\n|-supereffective|p2a: Jak\n|-damage|p2a: Jak|0 fnt\n|-boost|p1a: Enamorus|atk|1\n|-boost|p1a: Enamorus|def|1\n|-damage|p1a: Enamorus|66\/100|[from] ability: Iron Barbs|[of] p2a: Jak\n|faint|p2a: Jak\n|-damage|p1a: Enamorus|56\/100|[from] item: Life Orb\n|\n|upkeep\n|\n|t:|1700051674\n|switch|p2a: Daxter|Sableye, M|82\/100 tox\n|-damage|p2a: Daxter|70\/100 tox|[from] Stealth Rock\n|turn|8\n|\n|t:|1700051690\n|move|p2a: Daxter|Recover|p2a: Daxter\n|-heal|p2a: Daxter|100\/100 tox\n|move|p1a: Enamorus|Iron Head|p2a: Daxter\n|-damage|p2a: Daxter|32\/100 tox\n|-damage|p1a: Enamorus|46\/100|[from] item: Life Orb\n|\n|-heal|p2a: Daxter|38\/100 tox|[from] item: Leftovers\n|-damage|p2a: Daxter|32\/100 tox|[from] psn\n|upkeep\n|turn|9\n|\n|t:|1700051701\n|move|p2a: Daxter|Toxic|p1a: Enamorus\n|-status|p1a: Enamorus|tox\n|move|p1a: Enamorus|Iron Head|p2a: Daxter\n|-damage|p2a: Daxter|0 fnt\n|faint|p2a: Daxter\n|-damage|p1a: Enamorus|36\/100 tox|[from] item: Life Orb\n|\n|-damage|p1a: Enamorus|30\/100 tox|[from] psn\n|upkeep\n|\n|t:|1700051728\n|switch|p2a: Bad Apple|Appletun, F|100\/100\n|-damage|p2a: Bad Apple|88\/100|[from] Stealth Rock\n|turn|10\n|\n|t:|1700051736\n|move|p2a: Bad Apple|Protect|p2a: Bad Apple\n|-singleturn|p2a: Bad Apple|Protect\n|move|p1a: Enamorus|Superpower|p2a: Bad Apple\n|-activate|p2a: Bad Apple|move: Protect\n|\n|-heal|p2a: Bad Apple|94\/100|[from] item: Leftovers\n|-damage|p1a: Enamorus|18\/100 tox|[from] psn\n|upkeep\n|turn|11\n|\n|t:|1700051755\n|move|p1a: Enamorus|Superpower|p2a: Bad Apple\n|-damage|p2a: Bad Apple|0 fnt\n|-boost|p1a: Enamorus|atk|1\n|-boost|p1a: Enamorus|def|1\n|faint|p2a: Bad Apple\n|-damage|p1a: Enamorus|8\/100 tox|[from] item: Life Orb\n|\n|-damage|p1a: Enamorus|0 fnt|[from] psn\n|faint|p1a: Enamorus\n|upkeep\n|\n|t:|1700051783\n|switch|p1a: Zamazenta|Zamazenta|100\/100\n|switch|p2a: Smaug|Charizard, F|100\/100\n|-ability|p1a: Zamazenta|Dauntless Shield|boost\n|-boost|p1a: Zamazenta|def|1\n|-damage|p2a: Smaug|51\/100|[from] Stealth Rock\n|turn|12\n|\n|t:|1700051824\n|detailschange|p2a: Smaug|Charizard-Mega-Y, F\n|-mega|p2a: Smaug|Charizard|Charizardite Y\n|-weather|SunnyDay|[from] ability: Drought|[of] p2a: Smaug\n|move|p1a: Zamazenta|Stone Edge|p2a: Smaug\n|-supereffective|p2a: Smaug\n|-damage|p2a: Smaug|0 fnt\n|faint|p2a: Smaug\n|\n|-weather|SunnyDay|[upkeep]\n|upkeep\n|\n|t:|1700051844\n|switch|p2a: Sabrina|Hatterene, F, tera:Dark|32\/100\n|turn|13\n|\n|t:|1700051854\n|move|p1a: Zamazenta|Close Combat|p2a: Sabrina\n|-supereffective|p2a: Sabrina\n|-damage|p2a: Sabrina|0 fnt\n|-unboost|p1a: Zamazenta|def|1\n|-unboost|p1a: Zamazenta|spd|1\n|faint|p2a: Sabrina\n|\n|-weather|SunnyDay|[upkeep]\n|upkeep\n|\n|t:|1700051860\n|switch|p2a: Imunfiragin|Coalossal, F|76\/100\n|-damage|p2a: Imunfiragin|51\/100|[from] Stealth Rock\n|turn|14\n|\n|t:|1700051873\n|move|p1a: Zamazenta|Close Combat|p2a: Imunfiragin\n|-supereffective|p2a: Imunfiragin\n|-crit|p2a: Imunfiragin\n|-damage|p2a: Imunfiragin|0 fnt\n|-unboost|p1a: Zamazenta|def|1\n|-unboost|p1a: Zamazenta|spd|1\n|faint|p2a: Imunfiragin\n|\n|win|DuxPraetorRex\n","uploadtime":1700051883,"views":35,"p1id":"duxpraetorrex","p2id":"theyounginfinite","formatid":"gen9nationaldex","rating":0,"private":0,"password":""}