{"id":"gen9nationaldex-1993683515","p1":"catomic756","p2":"Joturd","format":"[Gen 9] National Dex","log":"|j|\u2606catomic756\n|j|\u2606Joturd\n|t:|1700345191\n|gametype|singles\n|player|p1|catomic756|cynthia-gen4|1076\n|player|p2|Joturd|102|1058\n|teamsize|p1|6\n|teamsize|p2|6\n|gen|9\n|tier|[Gen 9] National Dex\n|rated|\n|rule|HP Percentage Mod: HP is shown in percentages\n|rule|Endless Battle Clause: Forcing endless battles is banned\n|rule|OHKO Clause: OHKO moves are banned\n|rule|Evasion Clause: Evasion abilities, items, and moves are banned\n|rule|Evasion Abilities Clause: Evasion abilities are banned\n|rule|Evasion Items Clause: Evasion items are banned\n|rule|Evasion Moves Clause: Evasion moves are banned\n|rule|Species Clause: Limit one of each Pok\u00e9mon\n|rule|Sleep Clause Mod: Limit one foe put to sleep\n|clearpoke\n|poke|p1|Togekiss, F|\n|poke|p1|Spiritomb, M|\n|poke|p1|Garchomp, F|\n|poke|p1|Roserade, F|\n|poke|p1|Gastrodon, F|\n|poke|p1|Milotic, M|\n|poke|p2|Pikachu, F|\n|poke|p2|Lapras, M|\n|poke|p2|Snorlax, F|\n|poke|p2|Charizard, F|\n|poke|p2|Blastoise, M|\n|poke|p2|Venusaur, M|\n|teampreview\n|inactive|Battle timer is ON: inactive players will automatically lose when time's up. (requested by catomic756)\n|\n|t:|1700345196\n|start\n|switch|p1a: Gastrodon|Gastrodon, F|100\/100\n|switch|p2a: Blastoise|Blastoise, M|100\/100\n|turn|1\n|c|\u2606catomic756|a worthy opponent\n|c|\u2606catomic756|red\n|\n|t:|1700345210\n|move|p2a: Blastoise|Fake Out|p1a: Gastrodon\n|-damage|p1a: Gastrodon|90\/100\n|cant|p1a: Gastrodon|flinch\n|\n|-heal|p1a: Gastrodon|97\/100|[from] item: Leftovers\n|upkeep\n|turn|2\n|\n|t:|1700345216\n|move|p2a: Blastoise|Shell Smash|p2a: Blastoise\n|-unboost|p2a: Blastoise|def|1\n|-unboost|p2a: Blastoise|spd|1\n|-boost|p2a: Blastoise|atk|2\n|-boost|p2a: Blastoise|spa|2\n|-boost|p2a: Blastoise|spe|2\n|move|p1a: Gastrodon|Stealth Rock|p2a: Blastoise\n|-sidestart|p2: Joturd|move: Stealth Rock\n|\n|-heal|p1a: Gastrodon|100\/100|[from] item: Leftovers\n|upkeep\n|turn|3\n|\n|t:|1700345224\n|move|p2a: Blastoise|Hydro Pump|p1a: Gastrodon\n|-ability|p1a: Gastrodon|Storm Drain|boost\n|-boost|p1a: Gastrodon|spa|1\n|move|p1a: Gastrodon|Toxic|p2a: Blastoise\n|-status|p2a: Blastoise|tox\n|\n|-damage|p2a: Blastoise|95\/100 tox|[from] psn\n|upkeep\n|turn|4\n|\n|t:|1700345231\n|move|p2a: Blastoise|Dark Pulse|p1a: Gastrodon\n|-damage|p1a: Gastrodon|76\/100\n|move|p1a: Gastrodon|Earth Power|p2a: Blastoise\n|-damage|p2a: Blastoise|18\/100 tox\n|\n|-heal|p1a: Gastrodon|82\/100|[from] item: Leftovers\n|-damage|p2a: Blastoise|6\/100 tox|[from] psn\n|upkeep\n|turn|5\n|\n|t:|1700345239\n|move|p2a: Blastoise|Dark Pulse|p1a: Gastrodon\n|-damage|p1a: Gastrodon|54\/100\n|move|p1a: Gastrodon|Recover|p1a: Gastrodon\n|-heal|p1a: Gastrodon|100\/100\n|\n|-damage|p2a: Blastoise|0 fnt|[from] psn\n|faint|p2a: Blastoise\n|upkeep\n|\n|t:|1700345248\n|switch|p2a: Venusaur|Venusaur, M|100\/100\n|-damage|p2a: Venusaur|88\/100|[from] Stealth Rock\n|turn|6\n|\n|t:|1700345251\n|move|p2a: Venusaur|Sleep Powder|p1a: Gastrodon\n|-status|p1a: Gastrodon|slp|[from] move: Sleep Powder\n|cant|p1a: Gastrodon|slp\n|\n|upkeep\n|turn|7\n|\n|t:|1700345257\n|switch|p1a: Togekiss|Togekiss, F|100\/100\n|move|p2a: Venusaur|Power Whip|p1a: Togekiss\n|-resisted|p1a: Togekiss\n|-damage|p1a: Togekiss|77\/100\n|\n|-heal|p1a: Togekiss|84\/100|[from] item: Leftovers\n|upkeep\n|turn|8\n|\n|t:|1700345265\n|move|p1a: Togekiss|Air Slash|p2a: Venusaur\n|-supereffective|p2a: Venusaur\n|-damage|p2a: Venusaur|1\/100\n|cant|p2a: Venusaur|flinch\n|\n|-heal|p1a: Togekiss|90\/100|[from] item: Leftovers\n|upkeep\n|turn|9\n|\n|t:|1700345274\n|move|p1a: Togekiss|Ancient Power|p2a: Venusaur\n|-damage|p2a: Venusaur|0 fnt\n|faint|p2a: Venusaur\n|\n|-heal|p1a: Togekiss|96\/100|[from] item: Leftovers\n|upkeep\n|\n|t:|1700345279\n|switch|p2a: Pikachu|Pikachu, F|100\/100\n|-damage|p2a: Pikachu|88\/100|[from] Stealth Rock\n|turn|10\n|\n|t:|1700345284\n|switch|p1a: Gastrodon|Gastrodon, F|100\/100 slp\n|move|p2a: Pikachu|Thunderbolt|p1a: Gastrodon\n|-immune|p1a: Gastrodon\n|\n|upkeep\n|turn|11\n|\n|t:|1700345294\n|move|p2a: Pikachu|Extreme Speed|p1a: Gastrodon\n|-damage|p1a: Gastrodon|72\/100 slp\n|-curestatus|p1a: Gastrodon|slp|[msg]\n|move|p1a: Gastrodon|Earth Power|p2a: Pikachu\n|-supereffective|p2a: Pikachu\n|-damage|p2a: Pikachu|0 fnt\n|faint|p2a: Pikachu\n|\n|-heal|p1a: Gastrodon|78\/100|[from] item: Leftovers\n|upkeep\n|\n|t:|1700345303\n|switch|p2a: Charizard|Charizard, F|100\/100\n|-damage|p2a: Charizard|50\/100|[from] Stealth Rock\n|turn|12\n|\n|t:|1700345311\n|detailschange|p2a: Charizard|Charizard-Mega-X, F\n|-mega|p2a: Charizard|Charizard|Charizardite X\n|move|p2a: Charizard|Dragon Pulse|p1a: Gastrodon\n|-damage|p1a: Gastrodon|42\/100\n|move|p1a: Gastrodon|Toxic|p2a: Charizard\n|-status|p2a: Charizard|tox\n|\n|-heal|p1a: Gastrodon|48\/100|[from] item: Leftovers\n|-damage|p2a: Charizard|44\/100 tox|[from] psn\n|upkeep\n|turn|13\n|\n|t:|1700345320\n|move|p2a: Charizard|Dragon Pulse|p1a: Gastrodon\n|-damage|p1a: Gastrodon|9\/100\n|move|p1a: Gastrodon|Recover|p1a: Gastrodon\n|-heal|p1a: Gastrodon|59\/100\n|\n|-heal|p1a: Gastrodon|65\/100|[from] item: Leftovers\n|-damage|p2a: Charizard|32\/100 tox|[from] psn\n|upkeep\n|turn|14\n|\n|t:|1700345328\n|move|p2a: Charizard|Dragon Pulse|p1a: Gastrodon\n|-damage|p1a: Gastrodon|26\/100\n|move|p1a: Gastrodon|Recover|p1a: Gastrodon\n|-heal|p1a: Gastrodon|76\/100\n|\n|-heal|p1a: Gastrodon|82\/100|[from] item: Leftovers\n|-damage|p2a: Charizard|13\/100 tox|[from] psn\n|upkeep\n|turn|15\n|\n|t:|1700345335\n|move|p2a: Charizard|Dragon Pulse|p1a: Gastrodon\n|-damage|p1a: Gastrodon|47\/100\n|move|p1a: Gastrodon|Recover|p1a: Gastrodon\n|-heal|p1a: Gastrodon|97\/100\n|\n|-heal|p1a: Gastrodon|100\/100|[from] item: Leftovers\n|-damage|p2a: Charizard|0 fnt|[from] psn\n|faint|p2a: Charizard\n|upkeep\n|\n|t:|1700345344\n|switch|p2a: Lapras|Lapras, M|100\/100\n|-damage|p2a: Lapras|75\/100|[from] Stealth Rock\n|turn|16\n|\n|t:|1700345349\n|move|p2a: Lapras|Blizzard|p1a: Gastrodon\n|-damage|p1a: Gastrodon|67\/100\n|move|p1a: Gastrodon|Toxic|p2a: Lapras\n|-status|p2a: Lapras|tox\n|\n|-heal|p2a: Lapras|82\/100 tox|[from] item: Leftovers\n|-heal|p1a: Gastrodon|73\/100|[from] item: Leftovers\n|-damage|p2a: Lapras|75\/100 tox|[from] psn\n|upkeep\n|turn|17\n|\n|t:|1700345358\n|move|p2a: Lapras|Perish Song|p2a: Lapras\n|-start|p1a: Gastrodon|perish3|[silent]\n|-start|p2a: Lapras|perish3|[silent]\n|-fieldactivate|move: Perish Song\n|move|p1a: Gastrodon|Earth Power|p2a: Lapras\n|-damage|p2a: Lapras|44\/100 tox\n|\n|-heal|p2a: Lapras|50\/100 tox|[from] item: Leftovers\n|-heal|p1a: Gastrodon|79\/100|[from] item: Leftovers\n|-damage|p2a: Lapras|38\/100 tox|[from] psn\n|-start|p2a: Lapras|perish3\n|-start|p1a: Gastrodon|perish3\n|upkeep\n|turn|18\n|\n|t:|1700345368\n|move|p2a: Lapras|Blizzard|p1a: Gastrodon|[miss]\n|-miss|p2a: Lapras|p1a: Gastrodon\n|move|p1a: Gastrodon|Earth Power|p2a: Lapras\n|-damage|p2a: Lapras|10\/100 tox\n|\n|-heal|p2a: Lapras|17\/100 tox|[from] item: Leftovers\n|-heal|p1a: Gastrodon|85\/100|[from] item: Leftovers\n|-damage|p2a: Lapras|0 fnt|[from] psn\n|faint|p2a: Lapras\n|-start|p1a: Gastrodon|perish2\n|upkeep\n|\n|t:|1700345379\n|switch|p2a: Snorlax|Snorlax, F|100\/100\n|-damage|p2a: Snorlax|88\/100|[from] Stealth Rock\n|turn|19\n|\n|t:|1700345385\n|move|p1a: Gastrodon|Toxic|p2a: Snorlax\n|-status|p2a: Snorlax|tox\n|move|p2a: Snorlax|Focus Blast|p1a: Gastrodon\n|-damage|p1a: Gastrodon|66\/100\n|\n|-heal|p1a: Gastrodon|72\/100|[from] item: Leftovers\n|-damage|p2a: Snorlax|82\/100 tox|[from] psn\n|-start|p1a: Gastrodon|perish1\n|upkeep\n|turn|20\n|\n|t:|1700345399\n|switch|p1a: Togekiss|Togekiss, F|96\/100\n|move|p2a: Snorlax|Shadow Ball|p1a: Togekiss\n|-damage|p1a: Togekiss|81\/100\n|\n|-heal|p1a: Togekiss|87\/100|[from] item: Leftovers\n|-damage|p2a: Snorlax|70\/100 tox|[from] psn\n|upkeep\n|turn|21\n|\n|t:|1700345407\n|move|p1a: Togekiss|Ancient Power|p2a: Snorlax\n|-damage|p2a: Snorlax|62\/100 tox\n|move|p2a: Snorlax|Focus Blast|p1a: Togekiss|[miss]\n|-miss|p2a: Snorlax|p1a: Togekiss\n|\n|-heal|p1a: Togekiss|93\/100|[from] item: Leftovers\n|-damage|p2a: Snorlax|44\/100 tox|[from] psn\n|upkeep\n|turn|22\n|\n|t:|1700345415\n|move|p1a: Togekiss|Ancient Power|p2a: Snorlax\n|-damage|p2a: Snorlax|36\/100 tox\n|move|p2a: Snorlax|Focus Blast|p1a: Togekiss\n|-resisted|p1a: Togekiss\n|-crit|p1a: Togekiss\n|-damage|p1a: Togekiss|85\/100\n|\n|-heal|p1a: Togekiss|91\/100|[from] item: Leftovers\n|-damage|p2a: Snorlax|12\/100 tox|[from] psn\n|upkeep\n|turn|23\n|\n|t:|1700345424\n|move|p1a: Togekiss|Ancient Power|p2a: Snorlax\n|-damage|p2a: Snorlax|4\/100 tox\n|move|p2a: Snorlax|Hyper Beam|p1a: Togekiss\n|-damage|p1a: Togekiss|52\/100\n|-mustrecharge|p2a: Snorlax\n|\n|-heal|p1a: Togekiss|59\/100|[from] item: Leftovers\n|-damage|p2a: Snorlax|0 fnt|[from] psn\n|faint|p2a: Snorlax\n|\n|win|catomic756\n|upkeep\n|raw|catomic756's rating: 1076 &rarr; <strong>1103<\/strong><br \/>(+27 for winning)\n|raw|Joturd's rating: 1058 &rarr; <strong>1040<\/strong><br \/>(-18 for losing)\n","uploadtime":1700345430,"views":6,"p1id":"catomic756","p2id":"joturd","formatid":"gen9nationaldex","rating":1040,"private":0,"password":""}