{"id":"gen9nationaldex-2000684453","p1":"kaivitee","p2":"BeakBeans","format":"[Gen 9] National Dex","log":"|html|<div class=\"broadcast-blue\"><strong>[Gen 9] National Dex is currently suspecting Sneasler! For information on how to participate check out the <a href=\"https:\/\/www.smogon.com\/forums\/threads\/sv-national-dex-suspect-8-just-dance.3731534\/\">suspect thread<\/a>.<\/strong><\/div>\n|j|\u2606kaivitee\n|j|\u2606BeakBeans\n|t:|1701218505\n|gametype|singles\n|player|p1|kaivitee|elesa|1000\n|player|p2|BeakBeans|101|1000\n|teamsize|p1|6\n|teamsize|p2|6\n|gen|9\n|tier|[Gen 9] National Dex\n|rated|\n|rule|HP Percentage Mod: HP is shown in percentages\n|rule|Endless Battle Clause: Forcing endless battles is banned\n|rule|OHKO Clause: OHKO moves are banned\n|rule|Evasion Clause: Evasion abilities, items, and moves are banned\n|rule|Evasion Abilities Clause: Evasion abilities are banned\n|rule|Evasion Items Clause: Evasion items are banned\n|rule|Evasion Moves Clause: Evasion moves are banned\n|rule|Species Clause: Limit one of each Pok\u00e9mon\n|rule|Sleep Clause Mod: Limit one foe put to sleep\n|clearpoke\n|poke|p1|Gardevoir, F|\n|poke|p1|Gliscor, F|\n|poke|p1|Serperior, M|\n|poke|p1|Greninja-*, M|\n|poke|p1|Volcarona, M|\n|poke|p1|Aegislash, M|\n|poke|p2|Aron, F|\n|poke|p2|Rattata, F|\n|poke|p2|Treecko, M|\n|poke|p2|Torchic, M|\n|poke|p2|Mudkip, F|\n|poke|p2|Cyndaquil, M|\n|teampreview\n|\n|t:|1701218517\n|start\n|switch|p1a: Greninja|Greninja, M|100\/100\n|switch|p2a: Aron|Aron, F, shiny|100\/100\n|turn|1\n|\n|t:|1701218527\n|move|p1a: Greninja|Spikes|p2a: Aron\n|-sidestart|p2: BeakBeans|Spikes\n|move|p2a: Aron|Body Press|p1a: Greninja\n|-supereffective|p1a: Greninja\n|-damage|p1a: Greninja|30\/100\n|\n|upkeep\n|turn|2\n|\n|t:|1701218537\n|move|p1a: Greninja|Scald|p2a: Aron\n|-supereffective|p2a: Aron\n|-ability|p2a: Aron|Sturdy\n|-damage|p2a: Aron|1\/100\n|move|p2a: Aron|Body Press|p1a: Greninja\n|-supereffective|p1a: Greninja\n|-damage|p1a: Greninja|0 fnt\n|faint|p1a: Greninja\n|-heal|p2a: Aron|5\/100|[from] item: Shell Bell|[of] p1: Greninja\n|\n|upkeep\n|\n|t:|1701218556\n|switch|p1a: Gliscor|Gliscor, F|100\/100\n|turn|3\n|\n|t:|1701218564\n|move|p1a: Gliscor|Earthquake|p2a: Aron\n|-supereffective|p2a: Aron\n|-damage|p2a: Aron|0 fnt\n|faint|p2a: Aron\n|\n|-status|p1a: Gliscor|tox|[from] item: Toxic Orb\n|upkeep\n|\n|t:|1701218571\n|switch|p2a: Treecko|Treecko, M, shiny|100\/100\n|-damage|p2a: Treecko|88\/100|[from] Spikes\n|turn|4\n|\n|t:|1701218580\n|-terastallize|p2a: Treecko|Grass\n|move|p1a: Gliscor|Toxic|p2a: Treecko\n|-status|p2a: Treecko|tox\n|move|p2a: Treecko|Fury Cutter|p1a: Gliscor\n|-resisted|p1a: Gliscor\n|-crit|p1a: Gliscor\n|-damage|p1a: Gliscor|96\/100 tox\n|\n|-heal|p1a: Gliscor|100\/100 tox|[from] ability: Poison Heal\n|-damage|p2a: Treecko|82\/100 tox|[from] psn\n|upkeep\n|turn|5\n|\n|t:|1701218590\n|move|p1a: Gliscor|Earthquake|p2a: Treecko\n|-resisted|p2a: Treecko\n|-damage|p2a: Treecko|36\/100 tox\n|move|p2a: Treecko|Fury Cutter|p1a: Gliscor\n|-resisted|p1a: Gliscor\n|-crit|p1a: Gliscor\n|-damage|p1a: Gliscor|91\/100 tox\n|\n|-heal|p1a: Gliscor|100\/100 tox|[from] ability: Poison Heal\n|-damage|p2a: Treecko|24\/100 tox|[from] psn\n|upkeep\n|turn|6\n|c|\u2606kaivitee|is this a omega fear strat\n|\n|t:|1701218609\n|move|p1a: Gliscor|Earthquake|p2a: Treecko\n|-resisted|p2a: Treecko\n|-damage|p2a: Treecko|0 fnt\n|faint|p2a: Treecko\n|\n|upkeep\n|\n|t:|1701218613\n|switch|p2a: Rattata|Rattata, F, shiny|100\/100\n|-damage|p2a: Rattata|88\/100|[from] Spikes\n|turn|7\n|\n|t:|1701218620\n|move|p2a: Rattata|Quick Attack|p1a: Gliscor\n|-damage|p1a: Gliscor|93\/100 tox\n|move|p1a: Gliscor|Toxic|p2a: Rattata|[miss]\n|-miss|p1a: Gliscor|p2a: Rattata\n|\n|-heal|p1a: Gliscor|100\/100 tox|[from] ability: Poison Heal\n|upkeep\n|turn|8\n|\n|t:|1701218629\n|move|p1a: Gliscor|Toxic|p2a: Rattata\n|-status|p2a: Rattata|tox\n|move|p2a: Rattata|Endeavor|p1a: Gliscor\n|-damage|p1a: Gliscor|50\/100 tox\n|\n|-heal|p1a: Gliscor|63\/100 tox|[from] ability: Poison Heal\n|-damage|p2a: Rattata|82\/100 tox|[from] psn\n|upkeep\n|turn|9\n|\n|t:|1701218639\n|move|p2a: Rattata|Quick Attack|p1a: Gliscor\n|-damage|p1a: Gliscor|53\/100 tox\n|move|p1a: Gliscor|Earthquake|p2a: Rattata\n|-damage|p2a: Rattata|0 fnt\n|faint|p2a: Rattata\n|\n|-heal|p1a: Gliscor|65\/100 tox|[from] ability: Poison Heal\n|upkeep\n|\n|t:|1701218647\n|switch|p2a: Mudkip|Mudkip, F, shiny|100\/100\n|-damage|p2a: Mudkip|88\/100|[from] Spikes\n|turn|10\n|\n|t:|1701218653\n|move|p1a: Gliscor|Toxic|p2a: Mudkip\n|-status|p2a: Mudkip|tox\n|move|p2a: Mudkip|Aqua Tail|p1a: Gliscor\n|-supereffective|p1a: Gliscor\n|-damage|p1a: Gliscor|27\/100 tox\n|\n|-heal|p1a: Gliscor|40\/100 tox|[from] ability: Poison Heal\n|-damage|p2a: Mudkip|82\/100 tox|[from] psn\n|upkeep\n|turn|11\n|\n|t:|1701218663\n|move|p1a: Gliscor|Earthquake|p2a: Mudkip\n|-damage|p2a: Mudkip|13\/100 tox\n|move|p2a: Mudkip|Aqua Tail|p1a: Gliscor\n|-supereffective|p1a: Gliscor\n|-damage|p1a: Gliscor|0 fnt\n|faint|p1a: Gliscor\n|\n|-damage|p2a: Mudkip|1\/100 tox|[from] psn\n|upkeep\n|\n|t:|1701218672\n|switch|p1a: Gardevoir|Gardevoir, F, shiny|100\/100\n|turn|12\n|\n|t:|1701218683\n|detailschange|p1a: Gardevoir|Gardevoir-Mega, F, shiny\n|-mega|p1a: Gardevoir|Gardevoir|Gardevoirite\n|move|p1a: Gardevoir|Hyper Voice|p2a: Mudkip\n|-damage|p2a: Mudkip|0 fnt\n|faint|p2a: Mudkip\n|\n|upkeep\n|\n|t:|1701218691\n|switch|p2a: Torchic|Torchic, M, shiny|100\/100\n|-damage|p2a: Torchic|88\/100|[from] Spikes\n|turn|13\n|\n|t:|1701218706\n|move|p1a: Gardevoir|Thunderbolt|p2a: Torchic\n|-damage|p2a: Torchic|44\/100\n|-status|p2a: Torchic|par\n|-activate|p2a: Torchic|move: Struggle\n|move|p2a: Torchic|Struggle|p1a: Gardevoir\n|-damage|p1a: Gardevoir|90\/100\n|-damage|p2a: Torchic|19\/100 par|[from] recoil\n|\n|upkeep\n|turn|14\n|\n|t:|1701218715\n|move|p1a: Gardevoir|Hyper Voice|p2a: Torchic\n|-resisted|p2a: Torchic\n|-damage|p2a: Torchic|0 fnt\n|faint|p2a: Torchic\n|\n|upkeep\n|\n|t:|1701218721\n|switch|p2a: Cyndaquil|Cyndaquil, M, shiny|100\/100\n|-damage|p2a: Cyndaquil|88\/100|[from] Spikes\n|turn|15\n|\n|t:|1701218727\n|move|p1a: Gardevoir|Hyper Voice|p2a: Cyndaquil\n|-resisted|p2a: Cyndaquil\n|-damage|p2a: Cyndaquil|13\/100\n|move|p2a: Cyndaquil|Fire Blast|p1a: Gardevoir\n|-damage|p1a: Gardevoir|55\/100\n|\n|upkeep\n|turn|16\n|\n|t:|1701218735\n|move|p1a: Gardevoir|Hyper Voice|p2a: Cyndaquil\n|-resisted|p2a: Cyndaquil\n|-damage|p2a: Cyndaquil|0 fnt\n|faint|p2a: Cyndaquil\n|\n|win|kaivitee\n|raw|kaivitee's rating: 1000 &rarr; <strong>1040<\/strong><br \/>(+40 for winning)\n|raw|BeakBeans's rating: 1000 &rarr; <strong>1000<\/strong><br \/>(+0 for losing)\n","uploadtime":1701218744,"views":0,"p1id":"kaivitee","p2id":"beakbeans","formatid":"gen9nationaldex","rating":1000,"private":0,"password":""}