{"id":"gen9nationaldex-1996149248","p1":"psng","p2":"Amber-acid","format":"[Gen 9] National Dex","log":"|html|<div class=\"broadcast-blue\"><strong>[Gen 9] National Dex is currently suspecting Sneasler! For information on how to participate check out the <a href=\"https:\/\/www.smogon.com\/forums\/threads\/sv-national-dex-suspect-8-just-dance.3731534\/\">suspect thread<\/a>.<\/strong><\/div>\n|j|\u2606psng\n|j|\u2606Amber-acid\n|t:|1700651510\n|gametype|singles\n|player|p1|psng|wallace|1477\n|player|p2|Amber-acid|crasherwake|1485\n|teamsize|p1|6\n|teamsize|p2|6\n|gen|9\n|tier|[Gen 9] National Dex\n|rated|\n|rule|HP Percentage Mod: HP is shown in percentages\n|rule|Endless Battle Clause: Forcing endless battles is banned\n|rule|OHKO Clause: OHKO moves are banned\n|rule|Evasion Clause: Evasion abilities, items, and moves are banned\n|rule|Evasion Abilities Clause: Evasion abilities are banned\n|rule|Evasion Items Clause: Evasion items are banned\n|rule|Evasion Moves Clause: Evasion moves are banned\n|rule|Species Clause: Limit one of each Pok\u00e9mon\n|rule|Sleep Clause Mod: Limit one foe put to sleep\n|clearpoke\n|poke|p1|Pelipper, F|\n|poke|p1|Tapu Lele|\n|poke|p1|Swampert, F|\n|poke|p1|Greninja-*, M|\n|poke|p1|Zapdos|\n|poke|p1|Ferrothorn, M|\n|poke|p2|Pelipper, M|\n|poke|p2|Barraskewda, M|\n|poke|p2|Swampert, M|\n|poke|p2|Kingdra, F|\n|poke|p2|Zapdos|\n|poke|p2|Ferrothorn, F|\n|teampreview\n|inactive|Battle timer is ON: inactive players will automatically lose when time's up. (requested by Amber-acid)\n|inactive|psng also wants the timer to be on.\n|\n|t:|1700651521\n|start\n|switch|p1a: Tapu Lele|Tapu Lele, shiny|100\/100\n|switch|p2a: \u523a\u523a\u725b\u5b50\ud83d\udd77\ud83d\udc3b|Ferrothorn, F|100\/100\n|-fieldstart|move: Psychic Terrain|[from] ability: Psychic Surge|[of] p1a: Tapu Lele\n|turn|1\n|\n|t:|1700651529\n|switch|p1a: Ferrothorn|Ferrothorn, M, shiny|100\/100\n|move|p2a: \u523a\u523a\u725b\u5b50\ud83d\udd77\ud83d\udc3b|Stealth Rock|p1a: Ferrothorn\n|-sidestart|p1: psng|move: Stealth Rock\n|\n|upkeep\n|turn|2\n|\n|t:|1700651550\n|switch|p2a: \u6602\u523a\u9c7c\u4ed9\ud83c\udf6c\ud83d\udc3a|Barraskewda, M, shiny|100\/100\n|move|p1a: Ferrothorn|Stealth Rock|p2a: \u6602\u523a\u9c7c\u4ed9\ud83c\udf6c\ud83d\udc3a\n|-sidestart|p2: Amber-acid|move: Stealth Rock\n|\n|upkeep\n|turn|3\n|\n|t:|1700651556\n|switch|p1a: Zapdos|Zapdos, shiny|100\/100\n|move|p2a: \u6602\u523a\u9c7c\u4ed9\ud83c\udf6c\ud83d\udc3a|Close Combat|p1a: Zapdos\n|-resisted|p1a: Zapdos\n|-damage|p1a: Zapdos|78\/100\n|-unboost|p2a: \u6602\u523a\u9c7c\u4ed9\ud83c\udf6c\ud83d\udc3a|def|1\n|-unboost|p2a: \u6602\u523a\u9c7c\u4ed9\ud83c\udf6c\ud83d\udc3a|spd|1\n|\n|upkeep\n|turn|4\n|\n|t:|1700651566\n|switch|p2a: \u5927\u809a\u809a\ud83d\udd77\ud83d\udc3b|Swampert, M|100\/100\n|-damage|p2a: \u5927\u809a\u809a\ud83d\udd77\ud83d\udc3b|94\/100|[from] Stealth Rock\n|switch|p1a: Tapu Lele|Tapu Lele, shiny|100\/100\n|-damage|p1a: Tapu Lele|88\/100|[from] Stealth Rock\n|\n|upkeep\n|turn|5\n|\n|t:|1700651579\n|detailschange|p2a: \u5927\u809a\u809a\ud83d\udd77\ud83d\udc3b|Swampert-Mega, M\n|-mega|p2a: \u5927\u809a\u809a\ud83d\udd77\ud83d\udc3b|Swampert|Swampertite\n|move|p1a: Tapu Lele|Energy Ball|p2a: \u5927\u809a\u809a\ud83d\udd77\ud83d\udc3b\n|-supereffective|p2a: \u5927\u809a\u809a\ud83d\udd77\ud83d\udc3b\n|-damage|p2a: \u5927\u809a\u809a\ud83d\udd77\ud83d\udc3b|0 fnt\n|faint|p2a: \u5927\u809a\u809a\ud83d\udd77\ud83d\udc3b\n|\n|-fieldend|move: Psychic Terrain\n|upkeep\n|\n|t:|1700651590\n|switch|p2a: \u6602\u523a\u9c7c\u4ed9\ud83c\udf6c\ud83d\udc3a|Barraskewda, M, shiny|100\/100\n|-damage|p2a: \u6602\u523a\u9c7c\u4ed9\ud83c\udf6c\ud83d\udc3a|88\/100|[from] Stealth Rock\n|turn|6\n|\n|t:|1700651616\n|move|p1a: Tapu Lele|Energy Ball|p2a: \u6602\u523a\u9c7c\u4ed9\ud83c\udf6c\ud83d\udc3a\n|-supereffective|p2a: \u6602\u523a\u9c7c\u4ed9\ud83c\udf6c\ud83d\udc3a\n|-damage|p2a: \u6602\u523a\u9c7c\u4ed9\ud83c\udf6c\ud83d\udc3a|0 fnt\n|faint|p2a: \u6602\u523a\u9c7c\u4ed9\ud83c\udf6c\ud83d\udc3a\n|\n|upkeep\n|inactive|Amber-acid has 120 seconds left.\n|\n|t:|1700651651\n|switch|p2a: \u523a\u523a\u725b\u5b50\ud83d\udd77\ud83d\udc3b|Ferrothorn, F|100\/100\n|-damage|p2a: \u523a\u523a\u725b\u5b50\ud83d\udd77\ud83d\udc3b|94\/100|[from] Stealth Rock\n|turn|7\n|\n|t:|1700651658\n|switch|p1a: Ferrothorn|Ferrothorn, M, shiny|100\/100\n|-damage|p1a: Ferrothorn|95\/100|[from] Stealth Rock\n|move|p2a: \u523a\u523a\u725b\u5b50\ud83d\udd77\ud83d\udc3b|Gyro Ball|p1a: Ferrothorn\n|-resisted|p1a: Ferrothorn\n|-damage|p1a: Ferrothorn|91\/100\n|-damage|p2a: \u523a\u523a\u725b\u5b50\ud83d\udd77\ud83d\udc3b|82\/100|[from] ability: Iron Barbs|[of] p1a: Ferrothorn\n|\n|-heal|p1a: Ferrothorn|97\/100|[from] item: Leftovers\n|upkeep\n|turn|8\n|inactive|Amber-acid has 120 seconds left.\n|\n|t:|1700651674\n|move|p1a: Ferrothorn|Leech Seed|p2a: \u523a\u523a\u725b\u5b50\ud83d\udd77\ud83d\udc3b\n|-immune|p2a: \u523a\u523a\u725b\u5b50\ud83d\udd77\ud83d\udc3b\n|move|p2a: \u523a\u523a\u725b\u5b50\ud83d\udd77\ud83d\udc3b|Leech Seed|p1a: Ferrothorn\n|-immune|p1a: Ferrothorn\n|\n|-heal|p1a: Ferrothorn|100\/100|[from] item: Leftovers\n|upkeep\n|turn|9\n|-message|Amber-acid forfeited.\n|\n|win|psng\n|raw|psng's rating: 1477 &rarr; <strong>1497<\/strong><br \/>(+20 for winning)\n|raw|Amber-acid's rating: 1485 &rarr; <strong>1465<\/strong><br \/>(-20 for losing)\n|l|\u2606Amber-acid\n|l|\u2606psng\n|j|\u2606psng\n|player|p1|psng|wallace\n","uploadtime":1700651694,"views":12,"p1id":"psng","p2id":"amberacid","formatid":"gen9nationaldex","rating":1465,"private":0,"password":""}