{"id":"gen9nationaldex-1997538825","p1":"zozhi","p2":"wwmmtt","format":"[Gen 9] National Dex","log":"|html|<div class=\"broadcast-blue\"><strong>[Gen 9] National Dex is currently suspecting Sneasler! For information on how to participate check out the <a href=\"https:\/\/www.smogon.com\/forums\/threads\/sv-national-dex-suspect-8-just-dance.3731534\/\">suspect thread<\/a>.<\/strong><\/div>\n|j|\u2606zozhi\n|j|\u2606wwmmtt\n|t:|1700822295\n|gametype|singles\n|player|p1|zozhi|marley|1184\n|player|p2|wwmmtt|265|1133\n|teamsize|p1|6\n|teamsize|p2|6\n|gen|9\n|tier|[Gen 9] National Dex\n|rated|\n|rule|HP Percentage Mod: HP is shown in percentages\n|rule|Endless Battle Clause: Forcing endless battles is banned\n|rule|OHKO Clause: OHKO moves are banned\n|rule|Evasion Clause: Evasion abilities, items, and moves are banned\n|rule|Evasion Abilities Clause: Evasion abilities are banned\n|rule|Evasion Items Clause: Evasion items are banned\n|rule|Evasion Moves Clause: Evasion moves are banned\n|rule|Species Clause: Limit one of each Pok\u00e9mon\n|rule|Sleep Clause Mod: Limit one foe put to sleep\n|clearpoke\n|poke|p1|Talonflame, M|\n|poke|p1|Heatran, F|\n|poke|p1|Thundurus, M|\n|poke|p1|Staraptor, M|\n|poke|p1|Sceptile, F|\n|poke|p1|Rotom-Heat|\n|poke|p2|Sneasler, M|\n|poke|p2|Rillaboom, F|\n|poke|p2|Ursaluna, F|\n|poke|p2|Heatran, M|\n|poke|p2|Zapdos|\n|poke|p2|Empoleon, M|\n|teampreview\n|\n|t:|1700822306\n|start\n|switch|p1a: Staraptor|Staraptor, M|100\/100\n|switch|p2a: Ursaluna|Ursaluna, F|100\/100\n|-ability|p1a: Staraptor|Intimidate|boost\n|-unboost|p2a: Ursaluna|atk|1\n|turn|1\n|inactive|Battle timer is ON: inactive players will automatically lose when time's up. (requested by wwmmtt)\n|\n|t:|1700822318\n|switch|p2a: Heatran|Heatran, M|100\/100\n|move|p1a: Staraptor|Close Combat|p2a: Heatran\n|-supereffective|p2a: Heatran\n|-damage|p2a: Heatran|40\/100\n|-unboost|p1a: Staraptor|def|1\n|-unboost|p1a: Staraptor|spd|1\n|\n|-heal|p2a: Heatran|47\/100|[from] item: Leftovers\n|upkeep\n|turn|2\n|\n|t:|1700822339\n|switch|p1a: Heatran|Heatran, F|100\/100\n|-terastallize|p2a: Heatran|Grass\n|move|p2a: Heatran|Stealth Rock|p1a: Heatran\n|-sidestart|p1: zozhi|move: Stealth Rock\n|\n|-heal|p2a: Heatran|53\/100|[from] item: Leftovers\n|upkeep\n|turn|3\n|\n|t:|1700822349\n|move|p2a: Heatran|Protect|p2a: Heatran\n|-singleturn|p2a: Heatran|Protect\n|move|p1a: Heatran|Stealth Rock|p2a: Heatran\n|-sidestart|p2: wwmmtt|move: Stealth Rock\n|\n|-heal|p2a: Heatran|59\/100|[from] item: Leftovers\n|upkeep\n|turn|4\n|\n|t:|1700822364\n|switch|p2a: Ursaluna|Ursaluna, F|100\/100\n|-damage|p2a: Ursaluna|94\/100|[from] Stealth Rock\n|switch|p1a: Thundurus|Thundurus, M|100\/100\n|\n|-status|p2a: Ursaluna|brn|[from] item: Flame Orb\n|upkeep\n|turn|5\n|\n|t:|1700822380\n|move|p1a: Thundurus|Defog|p2a: Ursaluna\n|-unboost|p2a: Ursaluna|evasion|1\n|-sideend|p2: wwmmtt|Stealth Rock|[from] move: Defog|[of] p1a: Thundurus\n|-sideend|p1: zozhi|Stealth Rock|[from] move: Defog|[of] p1a: Thundurus\n|move|p2a: Ursaluna|Trailblaze|p1a: Thundurus\n|-resisted|p1a: Thundurus\n|-damage|p1a: Thundurus|81\/100\n|-boost|p2a: Ursaluna|spe|1\n|\n|-damage|p2a: Ursaluna|88\/100 brn|[from] brn\n|upkeep\n|turn|6\n|\n|t:|1700822405\n|switch|p1a: Sceptile|Sceptile, F|100\/100\n|move|p2a: Ursaluna|Trailblaze|p1a: Sceptile\n|-resisted|p1a: Sceptile\n|-damage|p1a: Sceptile|75\/100\n|-boost|p2a: Ursaluna|spe|1\n|\n|-damage|p2a: Ursaluna|82\/100 brn|[from] brn\n|upkeep\n|turn|7\n|\n|t:|1700822418\n|switch|p2a: Rillaboom|Rillaboom, F|100\/100\n|-fieldstart|move: Grassy Terrain|[from] ability: Grassy Surge|[of] p2a: Rillaboom\n|detailschange|p1a: Sceptile|Sceptile-Mega, F\n|-mega|p1a: Sceptile|Sceptile|Sceptilite\n|move|p1a: Sceptile|Focus Blast|p2a: Rillaboom|[miss]\n|-miss|p1a: Sceptile|p2a: Rillaboom\n|\n|-heal|p1a: Sceptile|81\/100|[from] Grassy Terrain\n|upkeep\n|turn|8\n|\n|t:|1700822432\n|move|p1a: Sceptile|Detect|p1a: Sceptile\n|-singleturn|p1a: Sceptile|Protect\n|move|p2a: Rillaboom|Knock Off|p1a: Sceptile\n|-activate|p1a: Sceptile|move: Protect\n|\n|-heal|p1a: Sceptile|87\/100|[from] Grassy Terrain\n|upkeep\n|turn|9\n|\n|t:|1700822448\n|move|p1a: Sceptile|Dragon Pulse|p2a: Rillaboom\n|-damage|p2a: Rillaboom|39\/100\n|move|p2a: Rillaboom|U-turn|p1a: Sceptile\n|-supereffective|p1a: Sceptile\n|-damage|p1a: Sceptile|5\/100\n|\n|t:|1700822455\n|switch|p2a: Sneasler|Sneasler, M|100\/100|[from] U-turn\n|-enditem|p2a: Sneasler|Grassy Seed\n|-boost|p2a: Sneasler|def|1|[from] item: Grassy Seed\n|\n|-heal|p1a: Sceptile|12\/100|[from] Grassy Terrain\n|upkeep\n|turn|10\n|\n|t:|1700822475\n|switch|p1a: Rotom|Rotom-Heat|100\/100\n|move|p2a: Sneasler|Acrobatics|p1a: Rotom\n|-resisted|p1a: Rotom\n|-damage|p1a: Rotom|85\/100\n|\n|upkeep\n|turn|11\n|\n|t:|1700822481\n|switch|p2a: Ursaluna|Ursaluna, F|82\/100 brn\n|move|p1a: Rotom|Volt Switch|p2a: Ursaluna\n|-immune|p2a: Ursaluna\n|\n|-heal|p2a: Ursaluna|88\/100 brn|[from] Grassy Terrain\n|-damage|p2a: Ursaluna|82\/100 brn|[from] brn\n|-fieldend|move: Grassy Terrain\n|upkeep\n|turn|12\n|\n|t:|1700822485\n|move|p2a: Ursaluna|Headlong Rush|p1a: Rotom\n|-immune|p1a: Rotom|[from] ability: Levitate\n|move|p1a: Rotom|Overheat|p2a: Ursaluna\n|-damage|p2a: Ursaluna|36\/100 brn\n|-unboost|p1a: Rotom|spa|2\n|\n|-damage|p2a: Ursaluna|30\/100 brn|[from] brn\n|upkeep\n|turn|13\n|\n|t:|1700822495\n|move|p2a: Ursaluna|Facade|p1a: Rotom\n|-damage|p1a: Rotom|0 fnt\n|faint|p1a: Rotom\n|\n|-damage|p2a: Ursaluna|24\/100 brn|[from] brn\n|upkeep\n|\n|t:|1700822500\n|switch|p1a: Talonflame|Talonflame, M|100\/100\n|turn|14\n|\n|t:|1700822514\n|switch|p2a: Zapdos|Zapdos|100\/100\n|move|p1a: Talonflame|U-turn|p2a: Zapdos\n|-resisted|p2a: Zapdos\n|-damage|p2a: Zapdos|92\/100\n|-status|p1a: Talonflame|par|[from] ability: Static|[of] p2a: Zapdos\n|\n|t:|1700822529\n|switch|p1a: Sceptile|Sceptile-Mega, F|12\/100|[from] U-turn\n|\n|upkeep\n|turn|15\n|\n|t:|1700822543\n|switch|p2a: Empoleon|Empoleon, M|100\/100\n|move|p1a: Sceptile|Dragon Pulse|p2a: Empoleon\n|-resisted|p2a: Empoleon\n|-damage|p2a: Empoleon|80\/100\n|\n|upkeep\n|turn|16\n|\n|t:|1700822558\n|switch|p2a: Rillaboom|Rillaboom, F|39\/100\n|-fieldstart|move: Grassy Terrain|[from] ability: Grassy Surge|[of] p2a: Rillaboom\n|move|p1a: Sceptile|Focus Blast|p2a: Rillaboom|[miss]\n|-miss|p1a: Sceptile|p2a: Rillaboom\n|\n|-heal|p1a: Sceptile|18\/100|[from] Grassy Terrain\n|-heal|p2a: Rillaboom|46\/100|[from] Grassy Terrain\n|upkeep\n|turn|17\n|\n|t:|1700822570\n|move|p1a: Sceptile|Detect|p1a: Sceptile\n|-singleturn|p1a: Sceptile|Protect\n|move|p2a: Rillaboom|Grassy Glide|p1a: Sceptile\n|-activate|p1a: Sceptile|move: Protect\n|\n|-heal|p1a: Sceptile|24\/100|[from] Grassy Terrain\n|-heal|p2a: Rillaboom|52\/100|[from] Grassy Terrain\n|upkeep\n|turn|18\n|\n|t:|1700822580\n|move|p2a: Rillaboom|Grassy Glide|p1a: Sceptile\n|-resisted|p1a: Sceptile\n|-damage|p1a: Sceptile|7\/100\n|move|p1a: Sceptile|Dragon Pulse|p2a: Rillaboom\n|-damage|p2a: Rillaboom|0 fnt\n|faint|p2a: Rillaboom\n|\n|-heal|p1a: Sceptile|13\/100|[from] Grassy Terrain\n|upkeep\n|\n|t:|1700822591\n|switch|p2a: Sneasler|Sneasler, M|100\/100\n|turn|19\n|\n|t:|1700822607\n|switch|p1a: Thundurus|Thundurus, M|81\/100\n|move|p2a: Sneasler|Acrobatics|p1a: Thundurus\n|-resisted|p1a: Thundurus\n|-damage|p1a: Thundurus|53\/100\n|\n|upkeep\n|turn|20\n|\n|t:|1700822615\n|move|p1a: Thundurus|Thunder Wave|p2a: Sneasler\n|-status|p2a: Sneasler|par\n|move|p2a: Sneasler|Dire Claw|p1a: Thundurus\n|-damage|p1a: Thundurus|0 fnt\n|faint|p1a: Thundurus\n|\n|-fieldend|move: Grassy Terrain\n|upkeep\n|\n|t:|1700822622\n|switch|p1a: Talonflame|Talonflame, M|100\/100 par\n|turn|21\n|\n|t:|1700822639\n|switch|p2a: Zapdos|Zapdos|92\/100\n|cant|p1a: Talonflame|par\n|\n|upkeep\n|turn|22\n|\n|t:|1700822650\n|switch|p1a: Sceptile|Sceptile-Mega, F|13\/100\n|move|p2a: Zapdos|Volt Switch|p1a: Sceptile\n|-ability|p1a: Sceptile|Lightning Rod|boost\n|-boost|p1a: Sceptile|spa|1\n|\n|upkeep\n|turn|23\n|\n|t:|1700822660\n|move|p1a: Sceptile|Dragon Pulse|p2a: Zapdos\n|-damage|p2a: Zapdos|23\/100\n|move|p2a: Zapdos|Thunder Wave|p1a: Sceptile\n|-ability|p1a: Sceptile|Lightning Rod|boost\n|-boost|p1a: Sceptile|spa|1\n|\n|upkeep\n|turn|24\n|\n|t:|1700822671\n|move|p1a: Sceptile|Dragon Pulse|p2a: Zapdos\n|-damage|p2a: Zapdos|0 fnt\n|faint|p2a: Zapdos\n|\n|upkeep\n|\n|t:|1700822679\n|switch|p2a: Heatran|Heatran, M, tera:Grass|59\/100\n|turn|25\n|\n|t:|1700822684\n|move|p1a: Sceptile|Dragon Pulse|p2a: Heatran\n|-damage|p2a: Heatran|0 fnt\n|faint|p2a: Heatran\n|\n|upkeep\n|-message|wwmmtt forfeited.\n|\n|win|zozhi\n|raw|zozhi's rating: 1184 &rarr; <strong>1205<\/strong><br \/>(+21 for winning)\n|raw|wwmmtt's rating: 1133 &rarr; <strong>1112<\/strong><br \/>(-21 for losing)\n|l|\u2606wwmmtt\n","uploadtime":1700822695,"views":2,"p1id":"zozhi","p2id":"wwmmtt","formatid":"gen9nationaldex","rating":1112,"private":0,"password":""}