{"id":"gen9nationaldex-1990446578","p1":"IndigoMajesty","p2":"runeatest","format":"[Gen 9] National Dex","log":"|j|\u2606IndigoMajesty\n|j|\u2606runeatest\n|t:|1699971784\n|gametype|singles\n|player|p1|IndigoMajesty|beauty-gen3|1368\n|player|p2|runeatest|fisherman-gen4|1318\n|teamsize|p1|6\n|teamsize|p2|6\n|gen|9\n|tier|[Gen 9] National Dex\n|rated|\n|rule|HP Percentage Mod: HP is shown in percentages\n|rule|Endless Battle Clause: Forcing endless battles is banned\n|rule|OHKO Clause: OHKO moves are banned\n|rule|Evasion Clause: Evasion abilities, items, and moves are banned\n|rule|Evasion Abilities Clause: Evasion abilities are banned\n|rule|Evasion Items Clause: Evasion items are banned\n|rule|Evasion Moves Clause: Evasion moves are banned\n|rule|Species Clause: Limit one of each Pok\u00e9mon\n|rule|Sleep Clause Mod: Limit one foe put to sleep\n|clearpoke\n|poke|p1|Milotic, F|\n|poke|p1|Tsareena, F|\n|poke|p1|Delcatty, F|\n|poke|p1|Bellossom, F|\n|poke|p1|Cinderace, M|\n|poke|p1|Lilligant, F|\n|poke|p2|Glaceon, M|\n|poke|p2|Flygon, M|\n|poke|p2|Emolga, M|\n|poke|p2|Marowak-Alola, M|\n|poke|p2|Sirfetch\u2019d, M|\n|poke|p2|Lapras, M|\n|teampreview\n|inactive|Battle timer is ON: inactive players will automatically lose when time's up. (requested by runeatest)\n|\n|t:|1699971793\n|start\n|switch|p1a: Milotic|Milotic, F|100\/100\n|switch|p2a: Marowak|Marowak-Alola, M|100\/100\n|turn|1\n|\n|t:|1699971805\n|switch|p2a: Lapras|Lapras, M|100\/100\n|move|p1a: Milotic|Scald|p2a: Lapras\n|-immune|p2a: Lapras|[from] ability: Water Absorb\n|\n|upkeep\n|turn|2\n|\n|t:|1699971811\n|move|p1a: Milotic|Toxic|p2a: Lapras\n|-status|p2a: Lapras|tox\n|move|p2a: Lapras|Freeze-Dry|p1a: Milotic\n|-supereffective|p1a: Milotic\n|-damage|p1a: Milotic|69\/100\n|\n|-heal|p1a: Milotic|75\/100|[from] item: Leftovers\n|-damage|p2a: Lapras|94\/100 tox|[from] psn\n|upkeep\n|turn|3\n|\n|t:|1699971820\n|move|p1a: Milotic|Recover|p1a: Milotic\n|-heal|p1a: Milotic|100\/100\n|move|p2a: Lapras|Heal Bell|p2a: Lapras\n|-activate|p2a: Lapras|move: Heal Bell\n|-curestatus|p2a: Lapras|tox|[msg]\n|\n|-heal|p2a: Lapras|100\/100|[from] item: Leftovers\n|upkeep\n|turn|4\n|\n|t:|1699971827\n|move|p1a: Milotic|Toxic|p2a: Lapras\n|-status|p2a: Lapras|tox\n|move|p2a: Lapras|Freeze-Dry|p1a: Milotic\n|-supereffective|p1a: Milotic\n|-damage|p1a: Milotic|73\/100\n|\n|-heal|p1a: Milotic|79\/100|[from] item: Leftovers\n|-damage|p2a: Lapras|94\/100 tox|[from] psn\n|upkeep\n|turn|5\n|\n|t:|1699971837\n|switch|p1a: Cinderace|Cinderace, M|100\/100\n|move|p2a: Lapras|Freeze-Dry|p1a: Cinderace\n|-resisted|p1a: Cinderace\n|-damage|p1a: Cinderace|81\/100\n|\n|-heal|p2a: Lapras|100\/100 tox|[from] item: Leftovers\n|-damage|p2a: Lapras|88\/100 tox|[from] psn\n|upkeep\n|turn|6\n|\n|t:|1699971849\n|switch|p2a: Marowak|Marowak-Alola, M|100\/100\n|move|p1a: Cinderace|Pyro Ball|p2a: Marowak\n|-resisted|p2a: Marowak\n|-damage|p2a: Marowak|74\/100\n|\n|upkeep\n|turn|7\n|\n|t:|1699971855\n|move|p1a: Cinderace|U-turn|p2a: Marowak\n|-start|p1a: Cinderace|typechange|Bug|[from] ability: Libero\n|-resisted|p2a: Marowak\n|-damage|p2a: Marowak|65\/100\n|\n|t:|1699971860\n|switch|p1a: Milotic|Milotic, F|79\/100|[from] U-turn\n|move|p2a: Marowak|Bonemerang|p1a: Milotic\n|-damage|p1a: Milotic|51\/100\n|-damage|p1a: Milotic|21\/100\n|-hitcount|p1a: Milotic|2\n|\n|-heal|p1a: Milotic|27\/100|[from] item: Leftovers\n|upkeep\n|turn|8\n|\n|t:|1699971868\n|move|p1a: Milotic|Recover|p1a: Milotic\n|-heal|p1a: Milotic|77\/100\n|move|p2a: Marowak|Poltergeist|p1a: Milotic\n|-activate|p1a: Milotic|move: Poltergeist|Leftovers\n|-damage|p1a: Milotic|0 fnt\n|faint|p1a: Milotic\n|\n|upkeep\n|\n|t:|1699971875\n|switch|p1a: Bellossom|Bellossom, F|100\/100\n|turn|9\n|\n|t:|1699971880\n|-terastallize|p1a: Bellossom|Poison\n|move|p1a: Bellossom|Strength Sap|p2a: Marowak\n|-unboost|p2a: Marowak|atk|1\n|move|p2a: Marowak|Flare Blitz|p1a: Bellossom\n|-damage|p1a: Bellossom|50\/100\n|-damage|p2a: Marowak|49\/100|[from] item: Rocky Helmet|[of] p1a: Bellossom\n|\n|upkeep\n|turn|10\n|\n|t:|1699971889\n|move|p1a: Bellossom|Strength Sap|p2a: Marowak\n|-unboost|p2a: Marowak|atk|1\n|-heal|p1a: Bellossom|100\/100\n|move|p2a: Marowak|Bonemerang|p1a: Bellossom\n|-supereffective|p1a: Bellossom\n|-damage|p1a: Bellossom|79\/100\n|-supereffective|p1a: Bellossom\n|-damage|p1a: Bellossom|60\/100\n|-hitcount|p1a: Bellossom|2\n|\n|upkeep\n|turn|11\n|\n|t:|1699971898\n|switch|p2a: Emolga|Emolga, M|100\/100\n|move|p1a: Bellossom|Strength Sap|p2a: Emolga\n|-unboost|p2a: Emolga|atk|1\n|-heal|p1a: Bellossom|100\/100\n|\n|upkeep\n|turn|12\n|\n|t:|1699971905\n|move|p2a: Emolga|Nuzzle|p1a: Bellossom\n|-damage|p1a: Bellossom|98\/100\n|-status|p1a: Bellossom|par\n|-damage|p2a: Emolga|84\/100|[from] item: Rocky Helmet|[of] p1a: Bellossom\n|move|p1a: Bellossom|Quiver Dance|p1a: Bellossom\n|-boost|p1a: Bellossom|spa|1\n|-boost|p1a: Bellossom|spd|1\n|-boost|p1a: Bellossom|spe|1\n|\n|upkeep\n|turn|13\n|\n|t:|1699971913\n|move|p2a: Emolga|Air Slash|p1a: Bellossom\n|-damage|p1a: Bellossom|78\/100 par\n|move|p1a: Bellossom|Sludge Bomb|p2a: Emolga\n|-damage|p2a: Emolga|0 fnt\n|faint|p2a: Emolga\n|\n|upkeep\n|\n|t:|1699971922\n|switch|p2a: Marowak|Marowak-Alola, M|49\/100\n|turn|14\n|\n|t:|1699971930\n|switch|p1a: Cinderace|Cinderace, M|81\/100\n|move|p2a: Marowak|Bonemerang|p1a: Cinderace\n|-supereffective|p1a: Cinderace\n|-damage|p1a: Cinderace|0 fnt\n|faint|p1a: Cinderace\n|-hitcount|p1: Cinderace|1\n|\n|upkeep\n|\n|t:|1699971938\n|switch|p1a: Tsareena|Tsareena, F|100\/100\n|turn|15\n|\n|t:|1699971944\n|switch|p2a: Glaceon|Glaceon, M|100\/100\n|move|p1a: Tsareena|Knock Off|p2a: Glaceon\n|-damage|p2a: Glaceon|72\/100\n|-enditem|p2a: Glaceon|Assault Vest|[from] move: Knock Off|[of] p1a: Tsareena\n|\n|upkeep\n|turn|16\n|\n|t:|1699971953\n|switch|p1a: Delcatty|Delcatty, F|100\/100\n|move|p2a: Glaceon|Ice Beam|p1a: Delcatty\n|-damage|p1a: Delcatty|4\/100\n|\n|upkeep\n|turn|17\n|\n|t:|1699971959\n|move|p2a: Glaceon|Ice Shard|p1a: Delcatty\n|-damage|p1a: Delcatty|0 fnt\n|faint|p1a: Delcatty\n|\n|upkeep\n|\n|t:|1699971965\n|switch|p1a: Tsareena|Tsareena, F|100\/100\n|turn|18\n|\n|t:|1699971967\n|move|p1a: Tsareena|High Jump Kick|p2a: Glaceon\n|-supereffective|p2a: Glaceon\n|-crit|p2a: Glaceon\n|-damage|p2a: Glaceon|0 fnt\n|faint|p2a: Glaceon\n|\n|upkeep\n|\n|t:|1699971973\n|switch|p2a: Marowak|Marowak-Alola, M|49\/100\n|turn|19\n|\n|t:|1699971990\n|switch|p1a: Bellossom|Bellossom, F, tera:Poison|78\/100 par\n|move|p2a: Marowak|Flare Blitz|p1a: Bellossom\n|-damage|p1a: Bellossom|10\/100 par\n|-damage|p2a: Marowak|32\/100|[from] item: Rocky Helmet|[of] p1a: Bellossom\n|\n|upkeep\n|turn|20\n|\n|t:|1699971996\n|move|p2a: Marowak|Bonemerang|p1a: Bellossom\n|-supereffective|p1a: Bellossom\n|-damage|p1a: Bellossom|0 fnt\n|faint|p1a: Bellossom\n|-hitcount|p1: Bellossom|1\n|\n|upkeep\n|\n|t:|1699972002\n|switch|p1a: Tsareena|Tsareena, F|100\/100\n|turn|21\n|\n|t:|1699972005\n|move|p1a: Tsareena|Knock Off|p2a: Marowak\n|-supereffective|p2a: Marowak\n|-damage|p2a: Marowak|0 fnt\n|-enditem|p2a: Marowak|Thick Club|[from] move: Knock Off|[of] p1a: Tsareena\n|faint|p2a: Marowak\n|\n|upkeep\n|\n|t:|1699972010\n|switch|p2a: Sirfetch\u2019d|Sirfetch\u2019d, M|100\/100\n|turn|22\n|\n|t:|1699972016\n|switch|p1a: Lilligant|Lilligant, F|100\/100\n|-terastallize|p2a: Sirfetch\u2019d|Flying\n|move|p2a: Sirfetch\u2019d|Dual Wingbeat|p1a: Lilligant\n|-supereffective|p1a: Lilligant\n|-damage|p1a: Lilligant|38\/100\n|-supereffective|p1a: Lilligant\n|-damage|p1a: Lilligant|0 fnt\n|faint|p1a: Lilligant\n|-hitcount|p1: Lilligant|2\n|\n|upkeep\n|-message|IndigoMajesty forfeited.\n|\n|win|runeatest\n|raw|IndigoMajesty's rating: 1368 &rarr; <strong>1345<\/strong><br \/>(-23 for losing)\n|raw|runeatest's rating: 1318 &rarr; <strong>1341<\/strong><br \/>(+23 for winning)\n|l|\u2606IndigoMajesty\n","uploadtime":1699972190,"views":3,"p1id":"indigomajesty","p2id":"runeatest","formatid":"gen9nationaldex","rating":1341,"private":0,"password":""}