{"id":"gen9nationaldex-1990903266","p1":"spookycooke","p2":"jrbidbofbjh","format":"[Gen 9] National Dex","log":"|j|\u2606spookycooke\n|j|\u2606jrbidbofbjh\n|t:|1700013313\n|gametype|singles\n|player|p1|spookycooke|allister|1826\n|player|p2|jrbidbofbjh|cynthia|1769\n|teamsize|p1|6\n|teamsize|p2|6\n|gen|9\n|tier|[Gen 9] National Dex\n|rated|\n|rule|HP Percentage Mod: HP is shown in percentages\n|rule|Endless Battle Clause: Forcing endless battles is banned\n|rule|OHKO Clause: OHKO moves are banned\n|rule|Evasion Clause: Evasion abilities, items, and moves are banned\n|rule|Evasion Abilities Clause: Evasion abilities are banned\n|rule|Evasion Items Clause: Evasion items are banned\n|rule|Evasion Moves Clause: Evasion moves are banned\n|rule|Species Clause: Limit one of each Pok\u00e9mon\n|rule|Sleep Clause Mod: Limit one foe put to sleep\n|clearpoke\n|poke|p1|Ribombee, F|\n|poke|p1|Nihilego|\n|poke|p1|Kartana|\n|poke|p1|Great Tusk|\n|poke|p1|Banette, F|\n|poke|p1|Skeledirge, M|\n|poke|p2|Tyranitar, F|\n|poke|p2|Alomomola, F|\n|poke|p2|Great Tusk|\n|poke|p2|Tapu Lele|\n|poke|p2|Charizard, M|\n|poke|p2|Dragonite, M|\n|teampreview\n|inactive|Battle timer is ON: inactive players will automatically lose when time's up. (requested by spookycooke)\n|\n|t:|1700013326\n|start\n|switch|p1a: Ribombee|Ribombee, F|100\/100\n|switch|p2a: Tyranitar|Tyranitar, F|100\/100\n|-weather|Sandstorm|[from] ability: Sand Stream|[of] p2a: Tyranitar\n|turn|1\n|\n|t:|1700013333\n|move|p1a: Ribombee|Sticky Web|p2a: Tyranitar\n|-sidestart|p2: jrbidbofbjh|move: Sticky Web\n|move|p2a: Tyranitar|Stone Edge|p1a: Ribombee\n|-supereffective|p1a: Ribombee\n|-crit|p1a: Ribombee\n|-enditem|p1a: Ribombee|Focus Sash\n|-damage|p1a: Ribombee|1\/100\n|\n|-weather|Sandstorm|[upkeep]\n|-damage|p1a: Ribombee|0 fnt|[from] Sandstorm\n|faint|p1a: Ribombee\n|upkeep\n|\n|t:|1700013349\n|switch|p1a: Skeledirge|Skeledirge, M|100\/100\n|turn|2\n|\n|t:|1700013358\n|move|p1a: Skeledirge|Will-O-Wisp|p2a: Tyranitar\n|-status|p2a: Tyranitar|brn\n|move|p2a: Tyranitar|Knock Off|p1a: Skeledirge\n|-supereffective|p1a: Skeledirge\n|-damage|p1a: Skeledirge|51\/100\n|-enditem|p1a: Skeledirge|Leftovers|[from] move: Knock Off|[of] p2a: Tyranitar\n|\n|-weather|Sandstorm|[upkeep]\n|-damage|p1a: Skeledirge|45\/100|[from] Sandstorm\n|-damage|p2a: Tyranitar|94\/100 brn|[from] brn\n|upkeep\n|turn|3\n|\n|t:|1700013368\n|move|p1a: Skeledirge|Slack Off|p1a: Skeledirge\n|-heal|p1a: Skeledirge|95\/100\n|move|p2a: Tyranitar|Stone Edge|p1a: Skeledirge\n|-supereffective|p1a: Skeledirge\n|-damage|p1a: Skeledirge|46\/100\n|\n|-weather|Sandstorm|[upkeep]\n|-damage|p1a: Skeledirge|40\/100|[from] Sandstorm\n|-damage|p2a: Tyranitar|88\/100 brn|[from] brn\n|upkeep\n|turn|4\n|\n|t:|1700013372\n|move|p1a: Skeledirge|Slack Off|p1a: Skeledirge\n|-heal|p1a: Skeledirge|90\/100\n|move|p2a: Tyranitar|Stone Edge|p1a: Skeledirge\n|-supereffective|p1a: Skeledirge\n|-damage|p1a: Skeledirge|38\/100\n|\n|-weather|Sandstorm|[upkeep]\n|-damage|p1a: Skeledirge|32\/100|[from] Sandstorm\n|-damage|p2a: Tyranitar|82\/100 brn|[from] brn\n|upkeep\n|turn|5\n|\n|t:|1700013376\n|move|p1a: Skeledirge|Slack Off|p1a: Skeledirge\n|-heal|p1a: Skeledirge|82\/100\n|move|p2a: Tyranitar|Stone Edge|p1a: Skeledirge|[miss]\n|-miss|p2a: Tyranitar|p1a: Skeledirge\n|\n|-weather|none\n|-damage|p2a: Tyranitar|76\/100 brn|[from] brn\n|upkeep\n|turn|6\n|\n|t:|1700013384\n|switch|p1a: Kartana|Kartana|100\/100\n|move|p2a: Tyranitar|Stone Edge|p1a: Kartana\n|-resisted|p1a: Kartana\n|-damage|p1a: Kartana|86\/100\n|\n|-damage|p2a: Tyranitar|70\/100 brn|[from] brn\n|upkeep\n|turn|7\n|\n|t:|1700013395\n|switch|p2a: Dragonite|Dragonite, M|100\/100\n|move|p1a: Kartana|Leaf Blade|p2a: Dragonite\n|-resisted|p2a: Dragonite\n|-damage|p2a: Dragonite|85\/100\n|\n|upkeep\n|turn|8\n|inactive|spookycooke has 120 seconds left.\n|\n|t:|1700013426\n|-zpower|p1a: Kartana\n|move|p1a: Kartana|Breakneck Blitz|p2a: Dragonite|[zeffect]\n|-damage|p2a: Dragonite|0 fnt\n|faint|p2a: Dragonite\n|-ability|p1a: Kartana|Beast Boost|boost\n|-boost|p1a: Kartana|atk|1\n|\n|upkeep\n|\n|t:|1700013441\n|switch|p2a: Charizard|Charizard, M|100\/100\n|turn|9\n|\n|t:|1700013448\n|switch|p1a: Nihilego|Nihilego|100\/100\n|detailschange|p2a: Charizard|Charizard-Mega-Y, M\n|-mega|p2a: Charizard|Charizard|Charizardite Y\n|-weather|SunnyDay|[from] ability: Drought|[of] p2a: Charizard\n|move|p2a: Charizard|Flame Charge|p1a: Nihilego\n|-resisted|p1a: Nihilego\n|-damage|p1a: Nihilego|79\/100\n|-boost|p2a: Charizard|spe|1\n|\n|-weather|SunnyDay|[upkeep]\n|upkeep\n|turn|10\n|\n|t:|1700013456\n|move|p2a: Charizard|Scorching Sands|p1a: Nihilego\n|-supereffective|p1a: Nihilego\n|-damage|p1a: Nihilego|0 fnt\n|faint|p1a: Nihilego\n|\n|-weather|SunnyDay|[upkeep]\n|upkeep\n|c|\u2606spookycooke|ohhhhhhhh shit\n|\n|t:|1700013465\n|switch|p1a: Banette|Banette, F|100\/100\n|-item|p2a: Charizard|Charizardite Y|[from] ability: Frisk|[of] p1a: Banette|[identify]\n|turn|11\n|\n|t:|1700013482\n|switch|p2a: Alomomola|Alomomola, F|100\/100\n|-activate|p2a: Alomomola|move: Sticky Web\n|-unboost|p2a: Alomomola|spe|1\n|detailschange|p1a: Banette|Banette-Mega, F\n|-mega|p1a: Banette|Banette|Banettite\n|move|p1a: Banette|Destiny Bond|p1a: Banette\n|-singlemove|p1a: Banette|Destiny Bond\n|\n|-weather|SunnyDay|[upkeep]\n|upkeep\n|turn|12\n|\n|t:|1700013491\n|move|p1a: Banette|Taunt|p2a: Alomomola\n|-start|p2a: Alomomola|move: Taunt\n|cant|p2a: Alomomola|move: Taunt|Wish\n|\n|-weather|SunnyDay|[upkeep]\n|upkeep\n|turn|13\n|\n|t:|1700013494\n|move|p1a: Banette|Poltergeist|p2a: Alomomola|[miss]\n|-miss|p1a: Banette|p2a: Alomomola\n|move|p2a: Alomomola|Flip Turn|p1a: Banette\n|-damage|p1a: Banette|90\/100\n|\n|t:|1700013499\n|switch|p2a: Tyranitar|Tyranitar, F|70\/100 brn|[from] Flip Turn\n|-activate|p2a: Tyranitar|move: Sticky Web\n|-unboost|p2a: Tyranitar|spe|1\n|-weather|Sandstorm|[from] ability: Sand Stream|[of] p2a: Tyranitar\n|\n|-weather|Sandstorm|[upkeep]\n|-damage|p1a: Banette|84\/100|[from] Sandstorm\n|-damage|p2a: Tyranitar|64\/100 brn|[from] brn\n|upkeep\n|turn|14\n|c|\u2606spookycooke|damn\n|\n|t:|1700013507\n|switch|p1a: Great Tusk|Great Tusk|100\/100\n|move|p2a: Tyranitar|Superpower|p1a: Great Tusk\n|-damage|p1a: Great Tusk|85\/100\n|-unboost|p2a: Tyranitar|atk|1\n|-unboost|p2a: Tyranitar|def|1\n|\n|-weather|Sandstorm|[upkeep]\n|-heal|p1a: Great Tusk|91\/100|[from] item: Leftovers\n|-damage|p2a: Tyranitar|58\/100 brn|[from] brn\n|upkeep\n|turn|15\n|\n|t:|1700013517\n|switch|p2a: Great Tusk|Great Tusk|100\/100\n|-activate|p2a: Great Tusk|move: Sticky Web\n|-unboost|p2a: Great Tusk|spe|1\n|move|p1a: Great Tusk|Rapid Spin|p2a: Great Tusk\n|-damage|p2a: Great Tusk|87\/100\n|-boost|p1a: Great Tusk|spe|1\n|\n|-weather|Sandstorm|[upkeep]\n|-heal|p1a: Great Tusk|97\/100|[from] item: Leftovers\n|upkeep\n|turn|16\n|\n|t:|1700013523\n|-end|p1a: Great Tusk|Protosynthesis|[silent]\n|switch|p1a: Skeledirge|Skeledirge, M|82\/100\n|move|p2a: Great Tusk|Headlong Rush|p1a: Skeledirge\n|-supereffective|p1a: Skeledirge\n|-damage|p1a: Skeledirge|0 fnt\n|-unboost|p2a: Great Tusk|def|1\n|-unboost|p2a: Great Tusk|spd|1\n|faint|p1a: Skeledirge\n|\n|-weather|Sandstorm|[upkeep]\n|upkeep\n|\n|t:|1700013531\n|switch|p1a: Banette|Banette-Mega, F|84\/100\n|turn|17\n|j| khxng\n|\n|t:|1700013536\n|-end|p2a: Great Tusk|Protosynthesis|[silent]\n|switch|p2a: Tyranitar|Tyranitar, F|58\/100 brn\n|-activate|p2a: Tyranitar|move: Sticky Web\n|-unboost|p2a: Tyranitar|spe|1\n|move|p1a: Banette|Poltergeist|p2a: Tyranitar|[miss]\n|-miss|p1a: Banette|p2a: Tyranitar\n|\n|-weather|none\n|-damage|p2a: Tyranitar|51\/100 brn|[from] brn\n|upkeep\n|turn|18\n|c|\u2606spookycooke|ow\n|l| khxng\n|c|\u2606spookycooke|STOP MISSING POTERGEIST\n|\n|t:|1700013553\n|move|p1a: Banette|Poltergeist|p2a: Tyranitar\n|-activate|p2a: Tyranitar|move: Poltergeist|Assault Vest\n|-resisted|p2a: Tyranitar\n|-damage|p2a: Tyranitar|19\/100 brn\n|move|p2a: Tyranitar|Knock Off|p1a: Banette\n|-supereffective|p1a: Banette\n|-damage|p1a: Banette|38\/100\n|\n|-damage|p2a: Tyranitar|13\/100 brn|[from] brn\n|upkeep\n|turn|19\n|\n|t:|1700013562\n|move|p1a: Banette|Poltergeist|p2a: Tyranitar\n|-activate|p2a: Tyranitar|move: Poltergeist|Assault Vest\n|-resisted|p2a: Tyranitar\n|-damage|p2a: Tyranitar|0 fnt\n|faint|p2a: Tyranitar\n|\n|upkeep\n|\n|t:|1700013574\n|switch|p2a: Alomomola|Alomomola, F|100\/100\n|-activate|p2a: Alomomola|move: Sticky Web\n|-unboost|p2a: Alomomola|spe|1\n|turn|20\n|\n|t:|1700013579\n|move|p1a: Banette|Taunt|p2a: Alomomola\n|-start|p2a: Alomomola|move: Taunt\n|move|p2a: Alomomola|Flip Turn|p1a: Banette\n|-damage|p1a: Banette|18\/100\n|\n|t:|1700013585\n|switch|p2a: Great Tusk|Great Tusk|87\/100|[from] Flip Turn\n|-activate|p2a: Great Tusk|move: Sticky Web\n|-unboost|p2a: Great Tusk|spe|1\n|\n|upkeep\n|turn|21\n|\n|t:|1700013593\n|-end|p2a: Great Tusk|Protosynthesis|[silent]\n|switch|p2a: Alomomola|Alomomola, F|100\/100\n|-activate|p2a: Alomomola|move: Sticky Web\n|-unboost|p2a: Alomomola|spe|1\n|move|p1a: Banette|Will-O-Wisp|p2a: Alomomola|[miss]\n|-miss|p1a: Banette|p2a: Alomomola\n|\n|upkeep\n|turn|22\n|c|\u2606spookycooke|im getting so unlucky rn\n|\n|t:|1700013602\n|move|p1a: Banette|Poltergeist|p2a: Alomomola\n|-activate|p2a: Alomomola|move: Poltergeist|Rocky Helmet\n|-damage|p2a: Alomomola|53\/100\n|move|p2a: Alomomola|Flip Turn|p1a: Banette\n|-damage|p1a: Banette|0 fnt\n|faint|p1a: Banette\n|\n|t:|1700013607\n|switch|p2a: Charizard|Charizard-Mega-Y, M|100\/100|[from] Flip Turn\n|-weather|SunnyDay|[from] ability: Drought|[of] p2a: Charizard\n|\n|-weather|SunnyDay|[upkeep]\n|upkeep\n|\n|t:|1700013611\n|switch|p1a: Great Tusk|Great Tusk|97\/100\n|-activate|p1a: Great Tusk|ability: Protosynthesis\n|-start|p1a: Great Tusk|protosynthesisatk\n|turn|23\n|\n|t:|1700013616\n|-terastallize|p1a: Great Tusk|Ice\n|move|p2a: Charizard|Flamethrower|p1a: Great Tusk\n|-supereffective|p1a: Great Tusk\n|-damage|p1a: Great Tusk|0 fnt\n|faint|p1a: Great Tusk\n|-end|p1a: Great Tusk|Protosynthesis|[silent]\n|\n|-weather|SunnyDay|[upkeep]\n|upkeep\n|\n|t:|1700013619\n|switch|p1a: Kartana|Kartana|86\/100\n|turn|24\n|c|\u2606spookycooke|ggwp\n|\n|t:|1700013628\n|switch|p2a: Tapu Lele|Tapu Lele|100\/100\n|-activate|p2a: Tapu Lele|move: Sticky Web\n|-unboost|p2a: Tapu Lele|spe|1\n|-fieldstart|move: Psychic Terrain|[from] ability: Psychic Surge|[of] p2a: Tapu Lele\n|move|p1a: Kartana|Knock Off|p2a: Tapu Lele\n|-damage|p2a: Tapu Lele|29\/100\n|-enditem|p2a: Tapu Lele|Choice Scarf|[from] move: Knock Off|[of] p1a: Kartana\n|\n|-weather|SunnyDay|[upkeep]\n|upkeep\n|turn|25\n|c|\u2606spookycooke|why would u do that\n|inactive|spookycooke has 120 seconds left.\n|\n|t:|1700013662\n|move|p1a: Kartana|Knock Off|p2a: Tapu Lele\n|-damage|p2a: Tapu Lele|0 fnt\n|faint|p2a: Tapu Lele\n|-ability|p1a: Kartana|Beast Boost|boost\n|-boost|p1a: Kartana|atk|1\n|\n|-weather|SunnyDay|[upkeep]\n|upkeep\n|\n|t:|1700013668\n|switch|p2a: Charizard|Charizard-Mega-Y, M|100\/100\n|turn|26\n|c|\u2606spookycooke|still, i dont think charizard dies\n|\n|t:|1700013673\n|switch|p2a: Alomomola|Alomomola, F|86\/100\n|-activate|p2a: Alomomola|move: Sticky Web\n|-unboost|p2a: Alomomola|spe|1\n|move|p1a: Kartana|Knock Off|p2a: Alomomola\n|-damage|p2a: Alomomola|46\/100\n|-damage|p1a: Kartana|70\/100|[from] item: Rocky Helmet|[of] p2a: Alomomola\n|-enditem|p2a: Alomomola|Rocky Helmet|[from] move: Knock Off|[of] p1a: Kartana\n|\n|-weather|none\n|upkeep\n|turn|27\n|\n|t:|1700013679\n|move|p1a: Kartana|Swords Dance|p1a: Kartana\n|-boost|p1a: Kartana|atk|2\n|move|p2a: Alomomola|Flip Turn|p1a: Kartana\n|-resisted|p1a: Kartana\n|-damage|p1a: Kartana|62\/100\n|\n|t:|1700013682\n|switch|p2a: Charizard|Charizard-Mega-Y, M|100\/100|[from] Flip Turn\n|-weather|SunnyDay|[from] ability: Drought|[of] p2a: Charizard\n|\n|-weather|SunnyDay|[upkeep]\n|upkeep\n|turn|28\n|\n|t:|1700013688\n|switch|p2a: Alomomola|Alomomola, F|79\/100\n|-activate|p2a: Alomomola|move: Sticky Web\n|-unboost|p2a: Alomomola|spe|1\n|move|p1a: Kartana|Last Resort||[still]\n|-fail|p1a: Kartana\n|\n|-weather|SunnyDay|[upkeep]\n|-fieldend|move: Psychic Terrain\n|upkeep\n|turn|29\n|\n|t:|1700013695\n|move|p1a: Kartana|Leaf Blade|p2a: Alomomola\n|-supereffective|p2a: Alomomola\n|-damage|p2a: Alomomola|0 fnt\n|faint|p2a: Alomomola\n|-ability|p1a: Kartana|Beast Boost|boost\n|-boost|p1a: Kartana|atk|1\n|\n|-weather|SunnyDay|[upkeep]\n|upkeep\n|c|\u2606spookycooke|did u jus let me win?\n|\n|t:|1700013717\n|switch|p2a: Charizard|Charizard-Mega-Y, M|100\/100\n|turn|30\n|\n|t:|1700013719\n|move|p1a: Kartana|Last Resort|p2a: Charizard\n|-damage|p2a: Charizard|0 fnt\n|faint|p2a: Charizard\n|-ability|p1a: Kartana|Beast Boost|boost\n|-boost|p1a: Kartana|atk|1\n|\n|-weather|SunnyDay|[upkeep]\n|upkeep\n|-message|jrbidbofbjh forfeited.\n|\n|win|spookycooke\n|raw|spookycooke's rating: 1826 &rarr; <strong>1843<\/strong><br \/>(+17 for winning)\n|raw|jrbidbofbjh's rating: 1769 &rarr; <strong>1752<\/strong><br \/>(-17 for losing)\n|l|\u2606jrbidbofbjh\n","uploadtime":1700013728,"views":41,"p1id":"spookycooke","p2id":"jrbidbofbjh","formatid":"gen9nationaldex","rating":1752,"private":0,"password":""}