{"id":"gen9nationaldex-1997890535","p1":"papunutriaxd","p2":"I am chicken man","format":"[Gen 9] National Dex","log":"|html|<div class=\"broadcast-blue\"><strong>[Gen 9] National Dex is currently suspecting Sneasler! For information on how to participate check out the <a href=\"https:\/\/www.smogon.com\/forums\/threads\/sv-national-dex-suspect-8-just-dance.3731534\/\">suspect thread<\/a>.<\/strong><\/div>\n|j|\u2606papunutriaxd\n|j|\u2606I am chicken man\n|t:|1700864191\n|gametype|singles\n|player|p1|papunutriaxd|clair|1375\n|player|p2|I am chicken man|101|1482\n|teamsize|p1|6\n|teamsize|p2|6\n|gen|9\n|tier|[Gen 9] National Dex\n|rated|\n|rule|HP Percentage Mod: HP is shown in percentages\n|rule|Endless Battle Clause: Forcing endless battles is banned\n|rule|OHKO Clause: OHKO moves are banned\n|rule|Evasion Clause: Evasion abilities, items, and moves are banned\n|rule|Evasion Abilities Clause: Evasion abilities are banned\n|rule|Evasion Items Clause: Evasion items are banned\n|rule|Evasion Moves Clause: Evasion moves are banned\n|rule|Species Clause: Limit one of each Pok\u00e9mon\n|rule|Sleep Clause Mod: Limit one foe put to sleep\n|clearpoke\n|poke|p1|Greninja-*, M|\n|poke|p1|Great Tusk|\n|poke|p1|Blaziken, M|\n|poke|p1|Sneasler, F|\n|poke|p1|Tapu Koko|\n|poke|p1|Decidueye, M|\n|poke|p2|Iron Hands|\n|poke|p2|Hoopa-Unbound|\n|poke|p2|Scizor, M|\n|poke|p2|Tapu Koko|\n|poke|p2|Iron Moth|\n|poke|p2|Iron Valiant|\n|teampreview\n|inactive|Battle timer is ON: inactive players will automatically lose when time's up. (requested by I am chicken man)\n|\n|t:|1700864218\n|start\n|switch|p1a: Great Tusk|Great Tusk|100\/100\n|switch|p2a: Scizor|Scizor, M|100\/100\n|turn|1\n|\n|t:|1700864224\n|detailschange|p2a: Scizor|Scizor-Mega, M\n|-mega|p2a: Scizor|Scizor|Scizorite\n|move|p1a: Great Tusk|Headlong Rush|p2a: Scizor\n|-damage|p2a: Scizor|60\/100\n|-unboost|p1a: Great Tusk|def|1\n|-unboost|p1a: Great Tusk|spd|1\n|move|p2a: Scizor|Swords Dance|p2a: Scizor\n|-boost|p2a: Scizor|atk|2\n|\n|upkeep\n|turn|2\n|\n|t:|1700864230\n|move|p2a: Scizor|Bullet Punch|p1a: Great Tusk\n|-damage|p1a: Great Tusk|29\/100\n|move|p1a: Great Tusk|Close Combat|p2a: Scizor\n|-damage|p2a: Scizor|19\/100\n|-unboost|p1a: Great Tusk|def|1\n|-unboost|p1a: Great Tusk|spd|1\n|\n|-heal|p1a: Great Tusk|35\/100|[from] item: Leftovers\n|upkeep\n|turn|3\n|\n|t:|1700864235\n|-end|p1a: Great Tusk|Protosynthesis|[silent]\n|switch|p1a: Decidueye|Decidueye, M|100\/100\n|move|p2a: Scizor|Bullet Punch|p1a: Decidueye\n|-damage|p1a: Decidueye|26\/100\n|\n|upkeep\n|turn|4\n|\n|t:|1700864240\n|move|p2a: Scizor|Bullet Punch|p1a: Decidueye\n|-damage|p1a: Decidueye|0 fnt\n|faint|p1a: Decidueye\n|\n|upkeep\n|\n|t:|1700864242\n|switch|p1a: Greninja|Greninja, M|100\/100\n|turn|5\n|\n|t:|1700864245\n|move|p1a: Greninja|Water Shuriken|p2a: Scizor\n|-damage|p2a: Scizor|12\/100\n|-damage|p2a: Scizor|5\/100\n|-damage|p2a: Scizor|0 fnt\n|faint|p2a: Scizor\n|-ability|p1a: Greninja|Battle Bond|boost\n|-boost|p1a: Greninja|atk|1\n|-boost|p1a: Greninja|spa|1\n|-boost|p1a: Greninja|spe|1\n|-activate|p1a: Greninja|ability: Battle Bond\n|-hitcount|p2: Scizor|3\n|\n|upkeep\n|\n|t:|1700864251\n|switch|p2a: Tapu Koko|Tapu Koko|100\/100\n|-fieldstart|move: Electric Terrain|[from] ability: Electric Surge|[of] p2a: Tapu Koko\n|turn|6\n|\n|t:|1700864258\n|move|p1a: Greninja|Water Shuriken|p2a: Tapu Koko\n|-damage|p2a: Tapu Koko|85\/100\n|-damage|p2a: Tapu Koko|69\/100\n|-hitcount|p2a: Tapu Koko|2\n|move|p2a: Tapu Koko|Dazzling Gleam|p1a: Greninja\n|-supereffective|p1a: Greninja\n|-enditem|p1a: Greninja|Focus Sash\n|-damage|p1a: Greninja|1\/100\n|\n|upkeep\n|turn|7\n|\n|t:|1700864266\n|move|p1a: Greninja|Water Shuriken|p2a: Tapu Koko\n|-damage|p2a: Tapu Koko|52\/100\n|-damage|p2a: Tapu Koko|37\/100\n|-hitcount|p2a: Tapu Koko|2\n|move|p2a: Tapu Koko|U-turn|p1a: Greninja\n|-supereffective|p1a: Greninja\n|-damage|p1a: Greninja|0 fnt\n|faint|p1a: Greninja\n|\n|t:|1700864272\n|switch|p2a: Iron Hands|Iron Hands|100\/100|[from] U-turn\n|-activate|p2a: Iron Hands|ability: Quark Drive\n|-start|p2a: Iron Hands|quarkdriveatk\n|\n|upkeep\n|\n|t:|1700864280\n|switch|p1a: Great Tusk|Great Tusk|35\/100\n|turn|8\n|\n|t:|1700864283\n|move|p2a: Iron Hands|Fake Out|p1a: Great Tusk\n|-damage|p1a: Great Tusk|22\/100\n|cant|p1a: Great Tusk|flinch\n|\n|-heal|p1a: Great Tusk|28\/100|[from] item: Leftovers\n|upkeep\n|turn|9\n|\n|t:|1700864292\n|-terastallize|p2a: Iron Hands|Water\n|move|p1a: Great Tusk|Ice Spinner|p2a: Iron Hands\n|-resisted|p2a: Iron Hands\n|-damage|p2a: Iron Hands|93\/100\n|-fieldend|move: Electric Terrain\n|-end|p2a: Iron Hands|Quark Drive\n|move|p2a: Iron Hands|Drain Punch|p1a: Great Tusk\n|-damage|p1a: Great Tusk|3\/100\n|-heal|p2a: Iron Hands|100\/100|[from] drain|[of] p1a: Great Tusk\n|\n|-heal|p1a: Great Tusk|9\/100|[from] item: Leftovers\n|upkeep\n|turn|10\n|\n|t:|1700864302\n|move|p1a: Great Tusk|Close Combat|p2a: Iron Hands\n|-damage|p2a: Iron Hands|69\/100\n|-unboost|p1a: Great Tusk|def|1\n|-unboost|p1a: Great Tusk|spd|1\n|move|p2a: Iron Hands|Drain Punch|p1a: Great Tusk\n|-damage|p1a: Great Tusk|0 fnt\n|-heal|p2a: Iron Hands|72\/100|[from] drain|[of] p1a: Great Tusk\n|faint|p1a: Great Tusk\n|-end|p1a: Great Tusk|Protosynthesis|[silent]\n|\n|upkeep\n|\n|t:|1700864307\n|switch|p1a: Blaziken|Blaziken, M|100\/100\n|turn|11\n|\n|t:|1700864311\n|move|p1a: Blaziken|Swords Dance|p1a: Blaziken\n|-boost|p1a: Blaziken|atk|2\n|move|p2a: Iron Hands|Drain Punch|p1a: Blaziken\n|-damage|p1a: Blaziken|32\/100\n|-heal|p2a: Iron Hands|92\/100|[from] drain|[of] p1a: Blaziken\n|\n|-ability|p1a: Blaziken|Speed Boost|boost\n|-boost|p1a: Blaziken|spe|1\n|upkeep\n|turn|12\n|\n|t:|1700864318\n|move|p1a: Blaziken|Close Combat|p2a: Iron Hands\n|-damage|p2a: Iron Hands|20\/100\n|-unboost|p1a: Blaziken|def|1\n|-unboost|p1a: Blaziken|spd|1\n|move|p2a: Iron Hands|Drain Punch|p1a: Blaziken\n|-damage|p1a: Blaziken|0 fnt\n|-heal|p2a: Iron Hands|29\/100|[from] drain|[of] p1a: Blaziken\n|faint|p1a: Blaziken\n|\n|upkeep\n|\n|t:|1700864322\n|switch|p1a: Sneasler|Sneasler, F|100\/100\n|turn|13\n|\n|t:|1700864330\n|move|p1a: Sneasler|Close Combat|p2a: Iron Hands\n|-damage|p2a: Iron Hands|0 fnt\n|-unboost|p1a: Sneasler|def|1\n|-unboost|p1a: Sneasler|spd|1\n|faint|p2a: Iron Hands\n|-end|p2a: Iron Hands|Quark Drive|[silent]\n|\n|upkeep\n|\n|t:|1700864335\n|switch|p2a: Tapu Koko|Tapu Koko|37\/100\n|-fieldstart|move: Electric Terrain|[from] ability: Electric Surge|[of] p2a: Tapu Koko\n|-enditem|p1a: Sneasler|Electric Seed\n|-boost|p1a: Sneasler|def|1|[from] item: Electric Seed\n|turn|14\n|\n|t:|1700864343\n|move|p1a: Sneasler|Dire Claw|p2a: Tapu Koko\n|-supereffective|p2a: Tapu Koko\n|-damage|p2a: Tapu Koko|0 fnt\n|faint|p2a: Tapu Koko\n|\n|upkeep\n|\n|t:|1700864350\n|switch|p2a: Hoopa|Hoopa-Unbound|100\/100\n|turn|15\n|\n|t:|1700864354\n|-terastallize|p1a: Sneasler|Flying\n|move|p1a: Sneasler|Acrobatics|p2a: Hoopa\n|-damage|p2a: Hoopa|0 fnt\n|faint|p2a: Hoopa\n|\n|upkeep\n|\n|t:|1700864361\n|switch|p2a: Iron Moth|Iron Moth|100\/100\n|-activate|p2a: Iron Moth|ability: Quark Drive\n|-start|p2a: Iron Moth|quarkdrivespe\n|turn|16\n|\n|t:|1700864370\n|move|p1a: Sneasler|Acrobatics|p2a: Iron Moth\n|-damage|p2a: Iron Moth|11\/100\n|move|p2a: Iron Moth|Sludge Wave|p1a: Sneasler\n|-damage|p1a: Sneasler|4\/100\n|\n|upkeep\n|turn|17\n|\n|t:|1700864376\n|move|p1a: Sneasler|Acrobatics|p2a: Iron Moth\n|-damage|p2a: Iron Moth|0 fnt\n|faint|p2a: Iron Moth\n|-end|p2a: Iron Moth|Quark Drive|[silent]\n|\n|upkeep\n|\n|t:|1700864377\n|switch|p2a: \u53cc\u5200\u94c1|Iron Valiant|100\/100\n|-activate|p2a: \u53cc\u5200\u94c1|ability: Quark Drive\n|-start|p2a: \u53cc\u5200\u94c1|quarkdrivespe\n|turn|18\n|\n|t:|1700864379\n|move|p1a: Sneasler|Acrobatics|p2a: \u53cc\u5200\u94c1\n|-supereffective|p2a: \u53cc\u5200\u94c1\n|-damage|p2a: \u53cc\u5200\u94c1|0 fnt\n|faint|p2a: \u53cc\u5200\u94c1\n|-end|p2a: \u53cc\u5200\u94c1|Quark Drive|[silent]\n|\n|win|papunutriaxd\n|raw|papunutriaxd's rating: 1375 &rarr; <strong>1401<\/strong><br \/>(+26 for winning)\n|raw|I am chicken man's rating: 1482 &rarr; <strong>1456<\/strong><br \/>(-26 for losing)\n|c|\u2606papunutriaxd|GG\n|l|\u2606I am chicken man\n","uploadtime":1700864500,"views":2,"p1id":"papunutriaxd","p2id":"iamchickenman","formatid":"gen9nationaldex","rating":1401,"private":0,"password":""}