{"id":"gen9nationaldex-1991538505","p1":"Trompete-god","p2":"Plutonium PT","format":"[Gen 9] National Dex","log":"|j|\u2606Trompete-god\n|j|\u2606Plutonium PT\n|inactive|Battle timer is ON: inactive players will automatically lose when time's up.\n|t:|1700086242\n|gametype|singles\n|player|p1|Trompete-god|argenta|\n|player|p2|Plutonium PT|clay|\n|teamsize|p1|6\n|teamsize|p2|6\n|gen|9\n|tier|[Gen 9] National Dex\n|rated|Tournament battle\n|rule|HP Percentage Mod: HP is shown in percentages\n|rule|Endless Battle Clause: Forcing endless battles is banned\n|rule|OHKO Clause: OHKO moves are banned\n|rule|Evasion Clause: Evasion abilities, items, and moves are banned\n|rule|Evasion Abilities Clause: Evasion abilities are banned\n|rule|Evasion Items Clause: Evasion items are banned\n|rule|Evasion Moves Clause: Evasion moves are banned\n|rule|Species Clause: Limit one of each Pok\u00e9mon\n|rule|Sleep Clause Mod: Limit one foe put to sleep\n|clearpoke\n|poke|p1|Nidoking, M|\n|poke|p1|Araquanid, M|\n|poke|p1|Clodsire, M|\n|poke|p1|Cofagrigus, M|\n|poke|p1|Pidgeot, M|\n|poke|p1|Kommo-o, M|\n|poke|p2|Garganacl, F|\n|poke|p2|Moltres|\n|poke|p2|Meowscarada, M|\n|poke|p2|Urshifu-*, M|\n|poke|p2|Garchomp, M|\n|poke|p2|Jirachi|\n|teampreview\n|inactive|Trompete-god also wants the timer to be on.\n|c|\u2606Plutonium PT|hf\n|\n|t:|1700086253\n|start\n|switch|p1a: Pidgeot|Pidgeot, M, shiny|100\/100\n|switch|p2a: Pillar|Garganacl, F|100\/100\n|turn|1\n|\n|t:|1700086281\n|detailschange|p1a: Pidgeot|Pidgeot-Mega, M, shiny\n|-mega|p1a: Pidgeot|Pidgeot|Pidgeotite\n|move|p1a: Pidgeot|U-turn|p2a: Pillar\n|-damage|p2a: Pillar|94\/100\n|j| shelvino\n|j| XXMurdrXX\n|\n|t:|1700086283\n|switch|p1a: Nidoking|Nidoking, M, shiny|100\/100|[from] U-turn\n|move|p2a: Pillar|Salt Cure|p1a: Nidoking\n|-resisted|p1a: Nidoking\n|-damage|p1a: Nidoking|91\/100\n|-start|p1a: Nidoking|Salt Cure\n|\n|-heal|p2a: Pillar|99\/100|[from] item: Leftovers\n|-damage|p1a: Nidoking|79\/100|[from] Salt Cure\n|upkeep\n|turn|2\n|\n|t:|1700086291\n|switch|p2a: Nando's|Moltres|100\/100\n|move|p1a: Nidoking|Sludge Wave|p2a: Nando's\n|-damage|p2a: Nando's|36\/100\n|\n|-damage|p1a: Nidoking|67\/100|[from] Salt Cure\n|upkeep\n|turn|3\n|\n|t:|1700086296\n|switch|p2a: Titan|Jirachi|100\/100\n|move|p1a: Nidoking|Ice Beam|p2a: Titan\n|-resisted|p2a: Titan\n|-damage|p2a: Titan|89\/100\n|\n|-heal|p2a: Titan|95\/100|[from] item: Leftovers\n|-damage|p1a: Nidoking|55\/100|[from] Salt Cure\n|upkeep\n|turn|4\n|\n|t:|1700086303\n|switch|p1a: Cofagrigus|Cofagrigus, M, shiny|100\/100\n|move|p2a: Titan|Protect||[still]\n|-fail|p2a: Titan\n|\n|-heal|p2a: Titan|100\/100|[from] item: Leftovers\n|upkeep\n|turn|5\n|\n|t:|1700086307\n|move|p2a: Titan|Wish|p2a: Titan\n|move|p1a: Cofagrigus|Trick|p2a: Titan\n|-activate|p1a: Cofagrigus|move: Trick|[of] p2a: Titan\n|-item|p2a: Titan|Choice Specs|[from] move: Trick\n|-item|p1a: Cofagrigus|Leftovers|[from] move: Trick\n|\n|upkeep\n|turn|6\n|\n|t:|1700086312\n|move|p2a: Titan|U-turn|p1a: Cofagrigus\n|-resisted|p1a: Cofagrigus\n|-damage|p1a: Cofagrigus|96\/100\n|-activate|p1a: Cofagrigus|ability: Mummy|Serene Grace|[of] p2a: Titan\n|\n|t:|1700086319\n|switch|p2a: Nando's|Moltres|36\/100|[from] U-turn\n|move|p1a: Cofagrigus|Will-O-Wisp|p2a: Nando's\n|-immune|p2a: Nando's\n|\n|-heal|p2a: Nando's|89\/100|[from] move: Wish|[wisher] Titan\n|-heal|p1a: Cofagrigus|100\/100|[from] item: Leftovers\n|upkeep\n|turn|7\n|\n|t:|1700086333\n|switch|p1a: Araquanid|Araquanid, M, shiny|100\/100\n|move|p2a: Nando's|Flamethrower|p1a: Araquanid\n|-damage|p1a: Araquanid|85\/100\n|\n|upkeep\n|turn|8\n|\n|t:|1700086336\n|move|p2a: Nando's|U-turn|p1a: Araquanid\n|-damage|p1a: Araquanid|68\/100\n|\n|t:|1700086339\n|switch|p2a: Pillar|Garganacl, F|99\/100|[from] U-turn\n|move|p1a: Araquanid|Liquidation|p2a: Pillar\n|-supereffective|p2a: Pillar\n|-damage|p2a: Pillar|0 fnt\n|faint|p2a: Pillar\n|\n|upkeep\n|\n|t:|1700086343\n|switch|p2a: Herba|Meowscarada, M|100\/100\n|turn|9\n|\n|t:|1700086369\n|switch|p1a: Pidgeot|Pidgeot-Mega, M, shiny|100\/100\n|move|p2a: Herba|Knock Off|p1a: Pidgeot\n|-start|p2a: Herba|typechange|Dark|[from] ability: Protean\n|-damage|p1a: Pidgeot|38\/100\n|\n|upkeep\n|turn|10\n|j| Evilo43\n|\n|t:|1700086377\n|switch|p1a: Kommo-o|Kommo-o, M, shiny|100\/100\n|move|p2a: Herba|Knock Off|p1a: Kommo-o\n|-resisted|p1a: Kommo-o\n|-crit|p1a: Kommo-o\n|-damage|p1a: Kommo-o|65\/100\n|\n|upkeep\n|turn|11\n|\n|t:|1700086384\n|switch|p2a: Titan|Jirachi|100\/100\n|-zpower|p1a: Kommo-o\n|move|p1a: Kommo-o|Clangorous Soulblaze|p2a: Titan|[zeffect]\n|-resisted|p2a: Titan\n|-damage|p2a: Titan|80\/100\n|-boost|p1a: Kommo-o|atk|1\n|-boost|p1a: Kommo-o|def|1\n|-boost|p1a: Kommo-o|spa|1\n|-boost|p1a: Kommo-o|spd|1\n|-boost|p1a: Kommo-o|spe|1\n|\n|upkeep\n|turn|12\n|\n|t:|1700086390\n|move|p1a: Kommo-o|Dragon Dance|p1a: Kommo-o\n|-boost|p1a: Kommo-o|atk|1\n|-boost|p1a: Kommo-o|spe|1\n|move|p2a: Titan|U-turn|p1a: Kommo-o\n|-resisted|p1a: Kommo-o\n|-damage|p1a: Kommo-o|59\/100\n|\n|t:|1700086408\n|switch|p2a: Aerodynamic|Garchomp, M|100\/100|[from] U-turn\n|\n|upkeep\n|turn|13\n|inactive|Trompete-god has 120 seconds left.\n|\n|t:|1700086439\n|detailschange|p2a: Aerodynamic|Garchomp-Mega, M\n|-mega|p2a: Aerodynamic|Garchomp|Garchompite\n|move|p1a: Kommo-o|Clanging Scales|p2a: Aerodynamic\n|-supereffective|p2a: Aerodynamic\n|-damage|p2a: Aerodynamic|27\/100\n|-unboost|p1a: Kommo-o|def|1\n|move|p2a: Aerodynamic|Draco Meteor|p1a: Kommo-o\n|-supereffective|p1a: Kommo-o\n|-damage|p1a: Kommo-o|0 fnt\n|-unboost|p2a: Aerodynamic|spa|2\n|faint|p1a: Kommo-o\n|\n|upkeep\n|inactive|Trompete-god has 120 seconds left.\n|\n|t:|1700086444\n|switch|p1a: Pidgeot|Pidgeot-Mega, M, shiny|38\/100\n|turn|14\n|\n|t:|1700086448\n|move|p1a: Pidgeot|Hurricane|p2a: Aerodynamic\n|-damage|p2a: Aerodynamic|0 fnt\n|faint|p2a: Aerodynamic\n|\n|upkeep\n|c|\u2606Plutonium PT|i just got\n|c|\u2606Plutonium PT|super saved\n|c|\u2606Plutonium PT|by bulky chomp\n|\n|t:|1700086461\n|switch|p2a: Herba|Meowscarada, M|100\/100\n|turn|15\n|c|\u2606Plutonium PT|istg my heart sank when i saw that guy\n|inactive|Plutonium PT has 120 seconds left.\n|\n|t:|1700086493\n|switch|p1a: Nidoking|Nidoking, M, shiny|55\/100\n|move|p2a: Herba|Flower Trick|p1a: Nidoking\n|-start|p2a: Herba|typechange|Grass|[from] ability: Protean\n|-crit|p1a: Nidoking\n|-damage|p1a: Nidoking|0 fnt\n|faint|p1a: Nidoking\n|\n|upkeep\n|inactive|Trompete-god has 120 seconds left.\n|\n|t:|1700086512\n|switch|p1a: Cofagrigus|Cofagrigus, M, shiny|100\/100\n|turn|16\n|\n|t:|1700086515\n|switch|p2a: Nando's|Moltres|89\/100\n|move|p1a: Cofagrigus|Will-O-Wisp|p2a: Nando's\n|-immune|p2a: Nando's\n|\n|upkeep\n|turn|17\n|\n|t:|1700086522\n|switch|p1a: Araquanid|Araquanid, M, shiny|68\/100\n|move|p2a: Nando's|U-turn|p1a: Araquanid\n|-damage|p1a: Araquanid|51\/100\n|\n|t:|1700086525\n|switch|p2a: Herba|Meowscarada, M|100\/100|[from] U-turn\n|\n|upkeep\n|turn|18\n|l| shelvino\n|inactive|Trompete-god has 120 seconds left.\n|\n|t:|1700086571\n|move|p2a: Herba|Flower Trick|p1a: Araquanid\n|-start|p2a: Herba|typechange|Grass|[from] ability: Protean\n|-crit|p1a: Araquanid\n|-damage|p1a: Araquanid|0 fnt\n|faint|p1a: Araquanid\n|\n|upkeep\n|\n|t:|1700086579\n|switch|p1a: Clodsire|Clodsire, M, shiny|100\/100\n|turn|19\n|\n|t:|1700086583\n|-terastallize|p2a: Herba|Grass\n|move|p2a: Herba|Flower Trick|p1a: Clodsire\n|-crit|p1a: Clodsire\n|-damage|p1a: Clodsire|0 fnt\n|faint|p1a: Clodsire\n|\n|upkeep\n|c|\u2606Trompete-god|Gg\n|\n|t:|1700086590\n|switch|p1a: Pidgeot|Pidgeot-Mega, M, shiny|38\/100\n|turn|20\n|\n|t:|1700086593\n|move|p2a: Herba|Flower Trick|p1a: Pidgeot\n|-resisted|p1a: Pidgeot\n|-crit|p1a: Pidgeot\n|-damage|p1a: Pidgeot|0 fnt\n|faint|p1a: Pidgeot\n|\n|upkeep\n|c|\u2606Plutonium PT|gg\n|\n|t:|1700086596\n|switch|p1a: Cofagrigus|Cofagrigus, M, shiny|100\/100\n|turn|21\n|\n|t:|1700086602\n|switch|p2a: Nando's|Moltres|89\/100\n|move|p1a: Cofagrigus|Shadow Ball|p2a: Nando's\n|-damage|p2a: Nando's|63\/100\n|\n|upkeep\n|turn|22\n|\n|t:|1700086604\n|move|p2a: Nando's|Flamethrower|p1a: Cofagrigus\n|-damage|p1a: Cofagrigus|64\/100\n|move|p1a: Cofagrigus|Shadow Ball|p2a: Nando's\n|-damage|p2a: Nando's|38\/100\n|\n|-heal|p1a: Cofagrigus|69\/100|[from] item: Leftovers\n|upkeep\n|turn|23\n|\n|t:|1700086607\n|move|p2a: Nando's|Flamethrower|p1a: Cofagrigus\n|-damage|p1a: Cofagrigus|31\/100\n|move|p1a: Cofagrigus|Shadow Ball|p2a: Nando's\n|-damage|p2a: Nando's|12\/100\n|\n|-heal|p1a: Cofagrigus|37\/100|[from] item: Leftovers\n|upkeep\n|turn|24\n|\n|t:|1700086610\n|move|p2a: Nando's|Flamethrower|p1a: Cofagrigus\n|-damage|p1a: Cofagrigus|0 fnt\n|faint|p1a: Cofagrigus\n|\n|win|Plutonium PT\n|n|\u2606Trompete-god|trompetegod\n|n|\u2606Plutonium PT|plutoniumpt\n|n| XXMurdrXX|xxmurdrxx\n|n| Evilo43|evilo43\n|l|\u2606Trompete-god\n","uploadtime":1700086615,"views":12,"p1id":"trompetegod","p2id":"plutoniumpt","formatid":"gen9nationaldex","rating":0,"private":0,"password":""}