{"id":"gen9nationaldex-1995009128","p1":"gulpin on ya","p2":"SrPorquet","format":"[Gen 9] National Dex","log":"|html|<div class=\"broadcast-blue\"><strong>[Gen 9] National Dex is currently suspecting Sneasler! For information on how to participate check out the <a href=\"https:\/\/www.smogon.com\/forums\/threads\/sv-national-dex-suspect-8-just-dance.3731534\/\">suspect thread<\/a>.<\/strong><\/div>\n|j|\u203dgulpin on ya\n|j|\u203dSrPorquet\n|t:|1700512962\n|gametype|singles\n|player|p1|gulpin on ya|pokekid|1175\n|player|p2|SrPorquet|falkner|1115\n|teamsize|p1|6\n|teamsize|p2|6\n|gen|9\n|tier|[Gen 9] National Dex\n|rated|\n|rule|HP Percentage Mod: HP is shown in percentages\n|rule|Endless Battle Clause: Forcing endless battles is banned\n|rule|OHKO Clause: OHKO moves are banned\n|rule|Evasion Clause: Evasion abilities, items, and moves are banned\n|rule|Evasion Abilities Clause: Evasion abilities are banned\n|rule|Evasion Items Clause: Evasion items are banned\n|rule|Evasion Moves Clause: Evasion moves are banned\n|rule|Species Clause: Limit one of each Pok\u00e9mon\n|rule|Sleep Clause Mod: Limit one foe put to sleep\n|clearpoke\n|poke|p1|Slither Wing|\n|poke|p1|Electivire, M|\n|poke|p1|Ambipom, F|\n|poke|p1|Jirachi|\n|poke|p1|Lurantis, M|\n|poke|p1|Venusaur, F|\n|poke|p2|Pidgeot, M|\n|poke|p2|Magmortar, M|\n|poke|p2|Raichu, F|\n|poke|p2|Clefable, M|\n|poke|p2|Vileplume, M|\n|poke|p2|Politoed, M|\n|teampreview\n|\n|t:|1700513005\n|start\n|switch|p1a: Electivire|Electivire, M|100\/100\n|switch|p2a: Magmortar|Magmortar, M|100\/100\n|turn|1\n|\n|t:|1700513017\n|move|p1a: Electivire|Brick Break|p2a: Magmortar\n|-damage|p2a: Magmortar|65\/100\n|move|p2a: Magmortar|Scorching Sands|p1a: Electivire\n|-supereffective|p1a: Electivire\n|-damage|p1a: Electivire|57\/100\n|\n|upkeep\n|turn|2\n|\n|t:|1700513026\n|move|p1a: Electivire|Brick Break|p2a: Magmortar\n|-damage|p2a: Magmortar|28\/100\n|move|p2a: Magmortar|Scorching Sands|p1a: Electivire\n|-supereffective|p1a: Electivire\n|-damage|p1a: Electivire|17\/100\n|\n|upkeep\n|turn|3\n|\n|t:|1700513033\n|switch|p2a: Pidgeot|Pidgeot, M|100\/100\n|move|p1a: Electivire|Brick Break|p2a: Pidgeot\n|-damage|p2a: Pidgeot|61\/100\n|\n|upkeep\n|turn|4\n|\n|t:|1700513044\n|detailschange|p2a: Pidgeot|Pidgeot-Mega, M\n|-mega|p2a: Pidgeot|Pidgeot|Pidgeotite\n|move|p2a: Pidgeot|Ominous Wind|p1a: Electivire\n|-crit|p1a: Electivire\n|-damage|p1a: Electivire|0 fnt\n|faint|p1a: Electivire\n|\n|upkeep\n|\n|t:|1700513054\n|switch|p1a: Jirachi|Jirachi|100\/100\n|turn|5\n|\n|t:|1700513062\n|move|p2a: Pidgeot|Heat Wave|p1a: Jirachi\n|-supereffective|p1a: Jirachi\n|-damage|p1a: Jirachi|55\/100\n|move|p1a: Jirachi|Ancient Power|p2a: Pidgeot\n|-supereffective|p2a: Pidgeot\n|-damage|p2a: Pidgeot|16\/100\n|\n|upkeep\n|turn|6\n|\n|t:|1700513074\n|switch|p2a: Raichu|Raichu, F|100\/100\n|move|p1a: Jirachi|Thunderbolt|p2a: Raichu\n|-ability|p2a: Raichu|Lightning Rod|boost\n|-boost|p2a: Raichu|spa|1\n|\n|upkeep\n|turn|7\n|\n|t:|1700513087\n|move|p2a: Raichu|Nuzzle|p1a: Jirachi\n|-damage|p1a: Jirachi|43\/100\n|-status|p1a: Jirachi|par\n|-damage|p2a: Raichu|91\/100|[from] item: Life Orb\n|move|p1a: Jirachi|Ancient Power|p2a: Raichu\n|-damage|p2a: Raichu|64\/100\n|\n|upkeep\n|turn|8\n|\n|t:|1700513091\n|move|p2a: Raichu|Volt Tackle|p1a: Jirachi\n|-damage|p1a: Jirachi|0 fnt\n|faint|p1a: Jirachi\n|-damage|p2a: Raichu|45\/100|[from] Recoil\n|-damage|p2a: Raichu|35\/100|[from] item: Life Orb\n|\n|upkeep\n|\n|t:|1700513109\n|switch|p1a: Venusaur|Venusaur, F|100\/100\n|turn|9\n|\n|t:|1700513118\n|detailschange|p1a: Venusaur|Venusaur-Mega, F\n|-mega|p1a: Venusaur|Venusaur|Venusaurite\n|move|p2a: Raichu|Nuzzle|p1a: Venusaur\n|-resisted|p1a: Venusaur\n|-damage|p1a: Venusaur|95\/100\n|-status|p1a: Venusaur|par\n|-damage|p2a: Raichu|25\/100|[from] item: Life Orb\n|move|p1a: Venusaur|Earth Power|p2a: Raichu\n|-supereffective|p2a: Raichu\n|-damage|p2a: Raichu|0 fnt\n|faint|p2a: Raichu\n|\n|upkeep\n|\n|t:|1700513123\n|switch|p2a: Pidgeot|Pidgeot-Mega, M|16\/100\n|turn|10\n|inactive|Battle timer is ON: inactive players will automatically lose when time's up. (requested by SrPorquet)\n|\n|t:|1700513149\n|switch|p1a: Ambipom|Ambipom, F|100\/100\n|move|p2a: Pidgeot|Hurricane|p1a: Ambipom\n|-damage|p1a: Ambipom|4\/100\n|\n|upkeep\n|turn|11\n|\n|t:|1700513155\n|switch|p2a: Vileplume|Vileplume, M|100\/100\n|move|p1a: Ambipom|Fake Out|p2a: Vileplume\n|-damage|p2a: Vileplume|75\/100\n|\n|-heal|p2a: Vileplume|81\/100|[from] item: Leftovers\n|upkeep\n|turn|12\n|\n|t:|1700513166\n|move|p1a: Ambipom|Aerial Ace|p2a: Vileplume\n|-supereffective|p2a: Vileplume\n|-damage|p2a: Vileplume|26\/100\n|move|p2a: Vileplume|Sludge Bomb|p1a: Ambipom\n|-damage|p1a: Ambipom|0 fnt\n|faint|p1a: Ambipom\n|\n|-heal|p2a: Vileplume|32\/100|[from] item: Leftovers\n|upkeep\n|\n|t:|1700513187\n|switch|p1a: Slither Wing|Slither Wing|100\/100\n|-enditem|p1a: Slither Wing|Booster Energy\n|-activate|p1a: Slither Wing|ability: Protosynthesis|[fromitem]\n|-start|p1a: Slither Wing|protosynthesisatk\n|turn|13\n|\n|t:|1700513197\n|move|p1a: Slither Wing|Acrobatics|p2a: Vileplume\n|-supereffective|p2a: Vileplume\n|-damage|p2a: Vileplume|0 fnt\n|faint|p2a: Vileplume\n|\n|upkeep\n|\n|t:|1700513209\n|switch|p2a: Pidgeot|Pidgeot-Mega, M|16\/100\n|turn|14\n|\n|t:|1700513218\n|-terastallize|p1a: Slither Wing|Flying\n|move|p2a: Pidgeot|Hurricane|p1a: Slither Wing\n|-damage|p1a: Slither Wing|43\/100\n|move|p1a: Slither Wing|Heat Wave|p2a: Pidgeot\n|-damage|p2a: Pidgeot|0 fnt\n|faint|p2a: Pidgeot\n|\n|upkeep\n|\n|t:|1700513232\n|switch|p2a: Politoed|Politoed, M|100\/100\n|turn|15\n|\n|t:|1700513238\n|move|p1a: Slither Wing|Wild Charge|p2a: Politoed\n|-supereffective|p2a: Politoed\n|-damage|p2a: Politoed|23\/100\n|-damage|p1a: Slither Wing|22\/100|[from] Recoil\n|move|p2a: Politoed|Ice Beam|p1a: Slither Wing\n|-supereffective|p1a: Slither Wing\n|-damage|p1a: Slither Wing|0 fnt\n|faint|p1a: Slither Wing\n|-end|p1a: Slither Wing|Protosynthesis|[silent]\n|\n|-heal|p2a: Politoed|29\/100|[from] item: Leftovers\n|upkeep\n|\n|t:|1700513253\n|switch|p1a: Lurantis|Lurantis, M|100\/100\n|turn|16\n|\n|t:|1700513266\n|move|p2a: Politoed|Ice Beam|p1a: Lurantis\n|-supereffective|p1a: Lurantis\n|-damage|p1a: Lurantis|45\/100\n|move|p1a: Lurantis|Leaf Storm|p2a: Politoed\n|-supereffective|p2a: Politoed\n|-damage|p2a: Politoed|0 fnt\n|-boost|p1a: Lurantis|spa|2\n|faint|p2a: Politoed\n|\n|upkeep\n|\n|t:|1700513272\n|switch|p2a: Magmortar|Magmortar, M|28\/100\n|turn|17\n|\n|t:|1700513279\n|move|p2a: Magmortar|Flamethrower|p1a: Lurantis\n|-supereffective|p1a: Lurantis\n|-damage|p1a: Lurantis|0 fnt\n|faint|p1a: Lurantis\n|\n|upkeep\n|\n|t:|1700513283\n|switch|p1a: Venusaur|Venusaur-Mega, F|95\/100 par\n|turn|18\n|\n|t:|1700513289\n|move|p2a: Magmortar|Psychic|p1a: Venusaur\n|-supereffective|p1a: Venusaur\n|-damage|p1a: Venusaur|36\/100 par\n|move|p1a: Venusaur|Earth Power|p2a: Magmortar\n|-supereffective|p2a: Magmortar\n|-damage|p2a: Magmortar|0 fnt\n|faint|p2a: Magmortar\n|\n|upkeep\n|\n|t:|1700513291\n|switch|p2a: Clefable|Clefable, M|100\/100\n|turn|19\n|\n|t:|1700513298\n|-terastallize|p2a: Clefable|Fire\n|move|p2a: Clefable|Calm Mind|p2a: Clefable\n|-boost|p2a: Clefable|spa|1\n|-boost|p2a: Clefable|spd|1\n|move|p1a: Venusaur|Frenzy Plant|p2a: Clefable\n|-resisted|p2a: Clefable\n|-damage|p2a: Clefable|76\/100\n|-mustrecharge|p1a: Venusaur\n|\n|upkeep\n|turn|20\n|\n|t:|1700513302\n|move|p2a: Clefable|Flamethrower|p1a: Venusaur\n|-supereffective|p1a: Venusaur\n|-damage|p1a: Venusaur|0 fnt\n|faint|p1a: Venusaur\n|\n|win|SrPorquet\n|raw|gulpin on ya's rating: 1175 &rarr; <strong>1146<\/strong><br \/>(-29 for losing)\n|raw|SrPorquet's rating: 1115 &rarr; <strong>1144<\/strong><br \/>(+29 for winning)\n|l|\u203dgulpin on ya\n","uploadtime":1700513307,"views":3,"p1id":"gulpinonya","p2id":"srporquet","formatid":"gen9nationaldex","rating":1144,"private":0,"password":""}