{"id":"gen9nationaldex-1988477858","p1":"tyc0on_tm","p2":"D0JOmasterlord","format":"[Gen 9] National Dex","log":"|j|\u2606tyc0on_tm\n|j|\u2606D0JOmasterlord\n|t:|1699727197\n|gametype|singles\n|player|p1|tyc0on_tm|169|\n|player|p2|D0JOmasterlord|265|\n|teamsize|p1|6\n|teamsize|p2|6\n|gen|9\n|tier|[Gen 9] National Dex\n|rule|HP Percentage Mod: HP is shown in percentages\n|rule|Endless Battle Clause: Forcing endless battles is banned\n|rule|OHKO Clause: OHKO moves are banned\n|rule|Evasion Clause: Evasion abilities, items, and moves are banned\n|rule|Evasion Abilities Clause: Evasion abilities are banned\n|rule|Evasion Items Clause: Evasion items are banned\n|rule|Evasion Moves Clause: Evasion moves are banned\n|rule|Species Clause: Limit one of each Pok\u00e9mon\n|rule|Sleep Clause Mod: Limit one foe put to sleep\n|clearpoke\n|poke|p1|Mawile, F|\n|poke|p1|Lapras, M|\n|poke|p1|Torterra, F|\n|poke|p1|Bronzong|\n|poke|p1|Magcargo, F|\n|poke|p1|Raichu-Alola, F|\n|poke|p2|Sharpedo, M|\n|poke|p2|Mamoswine, F|\n|poke|p2|Dubwool, M|\n|poke|p2|Thundurus-Therian, M|\n|poke|p2|Escavalier, M|\n|poke|p2|Dondozo, M|\n|teampreview\n|c|\u2606tyc0on_tm|i clicked rando battle by mistake lol\n|c|\u2606D0JOmasterlord|do i use the same start of differnt ay\n|c|\u2606tyc0on_tm|idk\n|c|\u2606D0JOmasterlord|this guy\n|\n|t:|1699727229\n|start\n|switch|p1a: Raichu|Raichu-Alola, F|100\/100\n|switch|p2a: Dubwool|Dubwool, M, shiny|100\/100\n|turn|1\n|\n|t:|1699727235\n|move|p1a: Raichu|Thunderbolt|p2a: Dubwool\n|-damage|p2a: Dubwool|61\/100\n|move|p2a: Dubwool|Cotton Guard|p2a: Dubwool\n|-boost|p2a: Dubwool|def|3\n|\n|-heal|p2a: Dubwool|67\/100|[from] item: Leftovers\n|upkeep\n|turn|2\n|\n|t:|1699727242\n|move|p1a: Raichu|Knock Off|p2a: Dubwool\n|-damage|p2a: Dubwool|63\/100\n|-enditem|p2a: Dubwool|Leftovers|[from] move: Knock Off|[of] p1a: Raichu\n|move|p2a: Dubwool|Facade|p1a: Raichu\n|-damage|p1a: Raichu|22\/100\n|\n|upkeep\n|turn|3\n|c|\u2606D0JOmasterlord|oi use physical moves\n|c|\u2606D0JOmasterlord|not that one tho\n|\n|t:|1699727254\n|move|p1a: Raichu|Surf|p2a: Dubwool\n|-damage|p2a: Dubwool|35\/100\n|move|p2a: Dubwool|Facade|p1a: Raichu\n|-damage|p1a: Raichu|0 fnt\n|faint|p1a: Raichu\n|\n|upkeep\n|\n|t:|1699727261\n|switch|p1a: Magcargo|Magcargo, F|100\/100\n|turn|4\n|c|\u2606D0JOmasterlord|no bad tycoon\n|\n|t:|1699727264\n|move|p2a: Dubwool|Body Press|p1a: Magcargo\n|-supereffective|p1a: Magcargo\n|-damage|p1a: Magcargo|3\/100\n|move|p1a: Magcargo|Fire Blast|p2a: Dubwool\n|-damage|p2a: Dubwool|0 fnt\n|faint|p2a: Dubwool\n|\n|-heal|p1a: Magcargo|9\/100|[from] item: Leftovers\n|upkeep\n|\n|t:|1699727268\n|switch|p2a: Sharpedo|Sharpedo, M, shiny|100\/100\n|turn|5\n|\n|t:|1699727275\n|detailschange|p2a: Sharpedo|Sharpedo-Mega, M, shiny\n|-mega|p2a: Sharpedo|Sharpedo|Sharpedonite\n|move|p2a: Sharpedo|Crunch|p1a: Magcargo\n|-damage|p1a: Magcargo|0 fnt\n|faint|p1a: Magcargo\n|\n|upkeep\n|\n|t:|1699727280\n|switch|p1a: Lapras|Lapras, M|100\/100\n|turn|6\n|c|\u2606D0JOmasterlord|enough is enough you killed the goat and now you die\n|\n|t:|1699727290\n|move|p2a: Sharpedo|Crunch|p1a: Lapras\n|-damage|p1a: Lapras|33\/100\n|move|p1a: Lapras|Dragon Pulse|p2a: Sharpedo\n|-damage|p2a: Sharpedo|51\/100\n|\n|-heal|p1a: Lapras|40\/100|[from] item: Leftovers\n|upkeep\n|turn|7\n|j| UnknownToasted\n|\n|t:|1699727298\n|move|p2a: Sharpedo|Crunch|p1a: Lapras\n|-crit|p1a: Lapras\n|-damage|p1a: Lapras|0 fnt\n|faint|p1a: Lapras\n|\n|upkeep\n|\n|t:|1699727302\n|switch|p1a: Torterra|Torterra, F|100\/100\n|turn|8\n|\n|t:|1699727306\n|move|p2a: Sharpedo|Waterfall|p1a: Torterra\n|-damage|p1a: Torterra|59\/100\n|move|p1a: Torterra|Grass Knot|p2a: Sharpedo\n|-supereffective|p2a: Sharpedo\n|-damage|p2a: Sharpedo|0 fnt\n|faint|p2a: Sharpedo\n|\n|-heal|p1a: Torterra|65\/100|[from] item: Leftovers\n|upkeep\n|\n|t:|1699727310\n|switch|p2a: Mamoswine|Mamoswine, F, shiny|100\/100\n|turn|9\n|\n|t:|1699727317\n|move|p2a: Mamoswine|Ice Shard|p1a: Torterra\n|-supereffective|p1a: Torterra\n|-damage|p1a: Torterra|0 fnt\n|faint|p1a: Torterra\n|\n|upkeep\n|\n|t:|1699727322\n|switch|p1a: Mawile|Mawile, F|100\/100\n|-ability|p1a: Mawile|Intimidate|boost\n|-unboost|p2a: Mamoswine|atk|1\n|turn|10\n|c| UnknownToasted|tycoon\n|c|\u2606D0JOmasterlord|hey toasted didnt see you join\n|\n|t:|1699727332\n|move|p2a: Mamoswine|Earthquake|p1a: Mawile\n|-supereffective|p1a: Mawile\n|-damage|p1a: Mawile|5\/100\n|move|p1a: Mawile|Sludge Bomb|p2a: Mamoswine\n|-resisted|p2a: Mamoswine\n|-damage|p2a: Mamoswine|92\/100\n|\n|-heal|p2a: Mamoswine|98\/100|[from] item: Leftovers\n|upkeep\n|turn|11\n|c|\u2606tyc0on_tm|whoa\n|c| UnknownToasted|erm\n|\n|t:|1699727343\n|move|p2a: Mamoswine|Ice Shard|p1a: Mawile\n|-resisted|p1a: Mawile\n|-damage|p1a: Mawile|0 fnt\n|faint|p1a: Mawile\n|\n|-heal|p2a: Mamoswine|100\/100|[from] item: Leftovers\n|upkeep\n|c| UnknownToasted|did you\n|\n|t:|1699727348\n|switch|p1a: Bronzong|Bronzong|100\/100\n|turn|12\n|c| UnknownToasted|not have a steel move?\n|c|\u2606D0JOmasterlord|i think the day is won\n|\n|t:|1699727357\n|move|p2a: Mamoswine|Earthquake|p1a: Bronzong\n|-supereffective|p1a: Bronzong\n|-damage|p1a: Bronzong|32\/100\n|move|p1a: Bronzong|Grass Knot|p2a: Mamoswine\n|-supereffective|p2a: Mamoswine\n|-damage|p2a: Mamoswine|35\/100\n|\n|-heal|p2a: Mamoswine|41\/100|[from] item: Leftovers\n|-heal|p1a: Bronzong|39\/100|[from] item: Leftovers\n|upkeep\n|turn|13\n|c|\u2606tyc0on_tm|gg\n|c|\u2606D0JOmasterlord|gg\n|c| UnknownToasted|also\n|\n|t:|1699727365\n|move|p2a: Mamoswine|Earthquake|p1a: Bronzong\n|-supereffective|p1a: Bronzong\n|-damage|p1a: Bronzong|0 fnt\n|faint|p1a: Bronzong\n|\n|win|D0JOmasterlord\n|c| UnknownToasted|why no mega?\n|c| UnknownToasted|mega mawile?\n|c| UnknownToasted|no?\n|c|\u2606tyc0on_tm|imagine bronzong has mega lol\n|c|\u2606D0JOmasterlord|i will win this for you tycoon i promise\n|c|\u2606tyc0on_tm|oh ye\n|c|\u2606tyc0on_tm|mawile had mega\n","uploadtime":1699727387,"views":10,"p1id":"tyc0ontm","p2id":"d0jomasterlord","formatid":"gen9nationaldex","rating":0,"private":0,"password":""}