{"id":"gen9nationaldex-1997905062","p1":"Garry97","p2":"PShine","format":"[Gen 9] National Dex","log":"|html|<div class=\"broadcast-blue\"><strong>[Gen 9] National Dex is currently suspecting Sneasler! For information on how to participate check out the <a href=\"https:\/\/www.smogon.com\/forums\/threads\/sv-national-dex-suspect-8-just-dance.3731534\/\">suspect thread<\/a>.<\/strong><\/div>\n|j|\u2606Garry97\n|j|\u2606PShine\n|t:|1700865820\n|gametype|singles\n|player|p1|Garry97|eri|1480\n|player|p2|PShine|hilbert-wonderlauncher|1569\n|teamsize|p1|6\n|teamsize|p2|6\n|gen|9\n|tier|[Gen 9] National Dex\n|rated|\n|rule|HP Percentage Mod: HP is shown in percentages\n|rule|Endless Battle Clause: Forcing endless battles is banned\n|rule|OHKO Clause: OHKO moves are banned\n|rule|Evasion Clause: Evasion abilities, items, and moves are banned\n|rule|Evasion Abilities Clause: Evasion abilities are banned\n|rule|Evasion Items Clause: Evasion items are banned\n|rule|Evasion Moves Clause: Evasion moves are banned\n|rule|Species Clause: Limit one of each Pok\u00e9mon\n|rule|Sleep Clause Mod: Limit one foe put to sleep\n|clearpoke\n|poke|p1|Rhyperior, M|\n|poke|p1|Venusaur, M|\n|poke|p1|Garchomp, M|\n|poke|p1|Dusknoir, M|\n|poke|p1|Gyarados, M|\n|poke|p1|Houndoom, M|\n|poke|p2|Diancie|\n|poke|p2|Rotom-Wash|\n|poke|p2|Meowscarada, M|\n|poke|p2|Gliscor, M|\n|poke|p2|Dragonite, M|\n|poke|p2|Heatran, M|\n|teampreview\n|inactive|Battle timer is ON: inactive players will automatically lose when time's up. (requested by PShine)\n|\n|t:|1700865838\n|start\n|switch|p1a: Antonio del Rocio|Venusaur, M|100\/100\n|switch|p2a: Gliscor|Gliscor, M|100\/100\n|turn|1\n|\n|t:|1700865845\n|detailschange|p1a: Antonio del Rocio|Venusaur-Mega, M\n|-mega|p1a: Antonio del Rocio|Venusaur|Venusaurite\n|move|p2a: Gliscor|Knock Off|p1a: Antonio del Rocio\n|-damage|p1a: Antonio del Rocio|90\/100\n|move|p1a: Antonio del Rocio|Leech Seed|p2a: Gliscor\n|-start|p2a: Gliscor|move: Leech Seed\n|\n|-damage|p2a: Gliscor|88\/100|[from] Leech Seed|[of] p1a: Antonio del Rocio\n|-heal|p1a: Antonio del Rocio|100\/100|[silent]\n|-status|p2a: Gliscor|tox|[from] item: Toxic Orb\n|upkeep\n|turn|2\n|c|\u2606PShine|cute name!\n|\n|t:|1700865856\n|switch|p2a: Heatran|Heatran, M|100\/100\n|switch|p1a: Horny|Rhyperior, M|100\/100\n|\n|upkeep\n|turn|3\n|\n|t:|1700865863\n|switch|p2a: Gliscor|Gliscor, M|88\/100 tox\n|move|p1a: Horny|Stealth Rock|p2a: Gliscor\n|-sidestart|p2: PShine|move: Stealth Rock\n|\n|-heal|p2a: Gliscor|100\/100 tox|[from] ability: Poison Heal\n|upkeep\n|turn|4\n|\n|t:|1700865871\n|move|p2a: Gliscor|Knock Off|p1a: Horny\n|-damage|p1a: Horny|91\/100\n|-damage|p2a: Gliscor|84\/100 tox|[from] item: Rocky Helmet|[of] p1a: Horny\n|-enditem|p1a: Horny|Rocky Helmet|[from] move: Knock Off|[of] p2a: Gliscor\n|move|p1a: Horny|Avalanche|p2a: Gliscor\n|-supereffective|p2a: Gliscor\n|-damage|p2a: Gliscor|0 fnt\n|faint|p2a: Gliscor\n|\n|upkeep\n|\n|t:|1700865884\n|switch|p2a: Meowscarada|Meowscarada, M|100\/100\n|-damage|p2a: Meowscarada|88\/100|[from] Stealth Rock\n|turn|5\n|\n|t:|1700865900\n|-terastallize|p1a: Horny|Grass\n|move|p2a: Meowscarada|Flower Trick|p1a: Horny\n|-start|p2a: Meowscarada|typechange|Grass|[from] ability: Protean\n|-resisted|p1a: Horny\n|-crit|p1a: Horny\n|-damage|p1a: Horny|79\/100\n|move|p1a: Horny|Avalanche|p2a: Meowscarada\n|-supereffective|p2a: Meowscarada\n|-damage|p2a: Meowscarada|0 fnt\n|faint|p2a: Meowscarada\n|\n|upkeep\n|\n|t:|1700865919\n|switch|p2a: Heatran|Heatran, M|100\/100\n|-damage|p2a: Heatran|88\/100|[from] Stealth Rock\n|turn|6\n|\n|t:|1700865923\n|switch|p1a: Whore|Houndoom, M|100\/100\n|move|p2a: Heatran|Magma Storm|p1a: Whore\n|-resisted|p1a: Whore\n|-damage|p1a: Whore|63\/100\n|-activate|p1a: Whore|move: Magma Storm|[of] p2a: Heatran\n|\n|-heal|p2a: Heatran|94\/100|[from] item: Leftovers\n|-damage|p1a: Whore|51\/100|[from] move: Magma Storm|[partiallytrapped]\n|upkeep\n|turn|7\n|\n|t:|1700865934\n|move|p1a: Whore|Destiny Bond|p1a: Whore\n|-singlemove|p1a: Whore|Destiny Bond\n|move|p2a: Heatran|Flash Cannon|p1a: Whore\n|-resisted|p1a: Whore\n|-damage|p1a: Whore|19\/100\n|\n|-heal|p2a: Heatran|100\/100|[from] item: Leftovers\n|-damage|p1a: Whore|7\/100|[from] move: Magma Storm|[partiallytrapped]\n|upkeep\n|turn|8\n|\n|t:|1700865948\n|switch|p2a: Diancie|Diancie|100\/100\n|-damage|p2a: Diancie|88\/100|[from] Stealth Rock\n|move|p1a: Whore|Destiny Bond||[still]\n|-fail|p1a: Whore\n|\n|-end|p1a: Whore|Magma Storm|[partiallytrapped]|[silent]\n|upkeep\n|turn|9\n|\n|t:|1700865956\n|switch|p2a: Rotom|Rotom-Wash|100\/100\n|-damage|p2a: Rotom|88\/100|[from] Stealth Rock\n|move|p1a: Whore|Destiny Bond|p1a: Whore\n|-singlemove|p1a: Whore|Destiny Bond\n|\n|-heal|p2a: Rotom|94\/100|[from] item: Leftovers\n|upkeep\n|turn|10\n|\n|t:|1700865965\n|move|p1a: Whore|Destiny Bond||[still]\n|-fail|p1a: Whore\n|move|p2a: Rotom|Volt Switch|p1a: Whore\n|-damage|p1a: Whore|0 fnt\n|faint|p1a: Whore\n|\n|t:|1700865971\n|switch|p2a: Diancie|Diancie|88\/100|[from] Volt Switch\n|-damage|p2a: Diancie|76\/100|[from] Stealth Rock\n|\n|upkeep\n|\n|t:|1700865978\n|switch|p1a: Antonio del Rocio|Venusaur-Mega, M|100\/100\n|turn|11\n|\n|t:|1700865982\n|switch|p2a: Heatran|Heatran, M|100\/100\n|-damage|p2a: Heatran|88\/100|[from] Stealth Rock\n|move|p1a: Antonio del Rocio|Giga Drain|p2a: Heatran\n|-resisted|p2a: Heatran\n|-damage|p2a: Heatran|82\/100\n|\n|-heal|p2a: Heatran|89\/100|[from] item: Leftovers\n|upkeep\n|turn|12\n|\n|t:|1700865991\n|move|p1a: Antonio del Rocio|Leech Seed|p2a: Heatran|[miss]\n|-miss|p1a: Antonio del Rocio|p2a: Heatran\n|move|p2a: Heatran|Magma Storm|p1a: Antonio del Rocio\n|-supereffective|p1a: Antonio del Rocio\n|-damage|p1a: Antonio del Rocio|64\/100\n|-activate|p1a: Antonio del Rocio|move: Magma Storm|[of] p2a: Heatran\n|\n|-heal|p2a: Heatran|95\/100|[from] item: Leftovers\n|-damage|p1a: Antonio del Rocio|51\/100|[from] move: Magma Storm|[partiallytrapped]\n|upkeep\n|turn|13\n|\n|t:|1700866001\n|move|p1a: Antonio del Rocio|Leech Seed|p2a: Heatran\n|-start|p2a: Heatran|move: Leech Seed\n|move|p2a: Heatran|Flash Cannon|p1a: Antonio del Rocio\n|-damage|p1a: Antonio del Rocio|23\/100\n|\n|-heal|p2a: Heatran|100\/100|[from] item: Leftovers\n|-damage|p2a: Heatran|88\/100|[from] Leech Seed|[of] p1a: Antonio del Rocio\n|-heal|p1a: Antonio del Rocio|36\/100|[silent]\n|-damage|p1a: Antonio del Rocio|24\/100|[from] move: Magma Storm|[partiallytrapped]\n|upkeep\n|turn|14\n|\n|t:|1700866011\n|move|p1a: Antonio del Rocio|Synthesis|p1a: Antonio del Rocio\n|-heal|p1a: Antonio del Rocio|74\/100\n|move|p2a: Heatran|Flash Cannon|p1a: Antonio del Rocio\n|-damage|p1a: Antonio del Rocio|47\/100\n|\n|-heal|p2a: Heatran|94\/100|[from] item: Leftovers\n|-damage|p2a: Heatran|82\/100|[from] Leech Seed|[of] p1a: Antonio del Rocio\n|-heal|p1a: Antonio del Rocio|60\/100|[silent]\n|-damage|p1a: Antonio del Rocio|48\/100|[from] move: Magma Storm|[partiallytrapped]\n|upkeep\n|turn|15\n|\n|t:|1700866021\n|move|p1a: Antonio del Rocio|Synthesis|p1a: Antonio del Rocio\n|-heal|p1a: Antonio del Rocio|98\/100\n|move|p2a: Heatran|Flash Cannon|p1a: Antonio del Rocio\n|-damage|p1a: Antonio del Rocio|70\/100\n|\n|-heal|p2a: Heatran|88\/100|[from] item: Leftovers\n|-damage|p2a: Heatran|76\/100|[from] Leech Seed|[of] p1a: Antonio del Rocio\n|-heal|p1a: Antonio del Rocio|83\/100|[silent]\n|-damage|p1a: Antonio del Rocio|71\/100|[from] move: Magma Storm|[partiallytrapped]\n|upkeep\n|turn|16\n|\n|t:|1700866031\n|move|p1a: Antonio del Rocio|Giga Drain|p2a: Heatran\n|-resisted|p2a: Heatran\n|-damage|p2a: Heatran|69\/100\n|-heal|p1a: Antonio del Rocio|75\/100|[from] drain|[of] p2a: Heatran\n|move|p2a: Heatran|Magma Storm|p1a: Antonio del Rocio\n|-supereffective|p1a: Antonio del Rocio\n|-damage|p1a: Antonio del Rocio|36\/100\n|\n|-heal|p2a: Heatran|75\/100|[from] item: Leftovers\n|-damage|p2a: Heatran|63\/100|[from] Leech Seed|[of] p1a: Antonio del Rocio\n|-heal|p1a: Antonio del Rocio|49\/100|[silent]\n|-end|p1a: Antonio del Rocio|Magma Storm|[partiallytrapped]\n|upkeep\n|turn|17\n|\n|t:|1700866044\n|move|p1a: Antonio del Rocio|Giga Drain|p2a: Heatran\n|-resisted|p2a: Heatran\n|-damage|p2a: Heatran|56\/100\n|-heal|p1a: Antonio del Rocio|53\/100|[from] drain|[of] p2a: Heatran\n|move|p2a: Heatran|Magma Storm|p1a: Antonio del Rocio|[miss]\n|-miss|p2a: Heatran|p1a: Antonio del Rocio\n|\n|-heal|p2a: Heatran|62\/100|[from] item: Leftovers\n|-damage|p2a: Heatran|50\/100|[from] Leech Seed|[of] p1a: Antonio del Rocio\n|-heal|p1a: Antonio del Rocio|66\/100|[silent]\n|upkeep\n|turn|18\n|\n|t:|1700866057\n|move|p1a: Antonio del Rocio|Synthesis|p1a: Antonio del Rocio\n|-heal|p1a: Antonio del Rocio|100\/100\n|move|p2a: Heatran|Magma Storm|p1a: Antonio del Rocio|[miss]\n|-miss|p2a: Heatran|p1a: Antonio del Rocio\n|\n|-heal|p2a: Heatran|56\/100|[from] item: Leftovers\n|-damage|p2a: Heatran|44\/100|[from] Leech Seed|[of] p1a: Antonio del Rocio\n|upkeep\n|turn|19\n|\n|t:|1700866071\n|switch|p2a: Dragonite|Dragonite, M|100\/100\n|-damage|p2a: Dragonite|76\/100|[from] Stealth Rock\n|move|p1a: Antonio del Rocio|Giga Drain|p2a: Dragonite\n|-resisted|p2a: Dragonite\n|-damage|p2a: Dragonite|68\/100\n|\n|upkeep\n|turn|20\n|\n|t:|1700866081\n|move|p2a: Dragonite|Dual Wingbeat|p1a: Antonio del Rocio|[miss]\n|-miss|p2a: Dragonite|p1a: Antonio del Rocio\n|move|p1a: Antonio del Rocio|Leech Seed|p2a: Dragonite\n|-start|p2a: Dragonite|move: Leech Seed\n|\n|-damage|p2a: Dragonite|56\/100|[from] Leech Seed|[of] p1a: Antonio del Rocio\n|upkeep\n|turn|21\n|\n|t:|1700866088\n|switch|p1a: Kaido|Gyarados, M|100\/100\n|-ability|p1a: Kaido|Intimidate|boost\n|-unboost|p2a: Dragonite|atk|1\n|move|p2a: Dragonite|Dual Wingbeat|p1a: Kaido\n|-damage|p1a: Kaido|77\/100\n|-damage|p1a: Kaido|52\/100\n|-hitcount|p1a: Kaido|2\n|\n|-damage|p2a: Dragonite|43\/100|[from] Leech Seed|[of] p1a: Kaido\n|-heal|p1a: Kaido|63\/100|[silent]\n|upkeep\n|turn|22\n|\n|t:|1700866104\n|switch|p2a: Rotom|Rotom-Wash|94\/100\n|-damage|p2a: Rotom|82\/100|[from] Stealth Rock\n|switch|p1a: Antonio del Rocio|Venusaur-Mega, M|100\/100\n|\n|-heal|p2a: Rotom|88\/100|[from] item: Leftovers\n|upkeep\n|turn|23\n|\n|t:|1700866115\n|move|p2a: Rotom|Defog|p1a: Antonio del Rocio\n|-unboost|p1a: Antonio del Rocio|evasion|1\n|-sideend|p2: PShine|Stealth Rock|[from] move: Defog|[of] p2a: Rotom\n|move|p1a: Antonio del Rocio|Leech Seed|p2a: Rotom|[miss]\n|-miss|p1a: Antonio del Rocio|p2a: Rotom\n|\n|-heal|p2a: Rotom|94\/100|[from] item: Leftovers\n|upkeep\n|turn|24\n|\n|t:|1700866124\n|move|p2a: Rotom|Volt Switch|p1a: Antonio del Rocio\n|-resisted|p1a: Antonio del Rocio\n|-damage|p1a: Antonio del Rocio|93\/100\n|\n|t:|1700866128\n|switch|p2a: Dragonite|Dragonite, M|43\/100|[from] Volt Switch\n|move|p1a: Antonio del Rocio|Leech Seed|p2a: Dragonite\n|-start|p2a: Dragonite|move: Leech Seed\n|\n|-damage|p2a: Dragonite|31\/100|[from] Leech Seed|[of] p1a: Antonio del Rocio\n|-heal|p1a: Antonio del Rocio|100\/100|[silent]\n|upkeep\n|turn|25\n|\n|t:|1700866137\n|switch|p1a: Kaido|Gyarados, M|63\/100\n|-ability|p1a: Kaido|Intimidate|boost\n|-unboost|p2a: Dragonite|atk|1\n|move|p2a: Dragonite|Dual Wingbeat|p1a: Kaido\n|-damage|p1a: Kaido|40\/100\n|-damage|p1a: Kaido|17\/100\n|-hitcount|p1a: Kaido|2\n|\n|-damage|p2a: Dragonite|18\/100|[from] Leech Seed|[of] p1a: Kaido\n|-heal|p1a: Kaido|29\/100|[silent]\n|upkeep\n|turn|26\n|\n|t:|1700866148\n|switch|p2a: Rotom|Rotom-Wash|94\/100\n|move|p1a: Kaido|Waterfall|p2a: Rotom\n|-resisted|p2a: Rotom\n|-damage|p2a: Rotom|78\/100\n|\n|-heal|p2a: Rotom|85\/100|[from] item: Leftovers\n|upkeep\n|turn|27\n|\n|t:|1700866158\n|move|p1a: Kaido|Waterfall|p2a: Rotom\n|-resisted|p2a: Rotom\n|-damage|p2a: Rotom|69\/100\n|cant|p2a: Rotom|flinch\n|\n|-heal|p2a: Rotom|75\/100|[from] item: Leftovers\n|upkeep\n|turn|28\n|\n|t:|1700866166\n|move|p1a: Kaido|Waterfall|p2a: Rotom\n|-resisted|p2a: Rotom\n|-damage|p2a: Rotom|60\/100\n|move|p2a: Rotom|Volt Switch|p1a: Kaido\n|-supereffective|p1a: Kaido\n|-damage|p1a: Kaido|0 fnt\n|faint|p1a: Kaido\n|\n|t:|1700866186\n|switch|p2a: Heatran|Heatran, M|44\/100|[from] Volt Switch\n|\n|-heal|p2a: Heatran|50\/100|[from] item: Leftovers\n|upkeep\n|\n|t:|1700866199\n|switch|p1a: Sables|Garchomp, M|100\/100\n|turn|29\n|inactive|PShine has 120 seconds left.\n|\n|t:|1700866232\n|-terastallize|p2a: Heatran|Grass\n|move|p1a: Sables|Swords Dance|p1a: Sables\n|-boost|p1a: Sables|atk|2\n|move|p2a: Heatran|Magma Storm|p1a: Sables|[miss]\n|-miss|p2a: Heatran|p1a: Sables\n|\n|-heal|p2a: Heatran|56\/100|[from] item: Leftovers\n|upkeep\n|turn|30\n|inactive|PShine has 120 seconds left.\n|\n|t:|1700866244\n|move|p1a: Sables|Earthquake|p2a: Heatran\n|-resisted|p2a: Heatran\n|-damage|p2a: Heatran|0 fnt\n|faint|p2a: Heatran\n|-damage|p1a: Sables|91\/100|[from] item: Life Orb\n|\n|upkeep\n|inactive|PShine has 120 seconds left.\n|\n|t:|1700866250\n|switch|p2a: Diancie|Diancie|76\/100\n|turn|31\n|\n|t:|1700866254\n|switch|p1a: Antonio del Rocio|Venusaur-Mega, M|100\/100\n|detailschange|p2a: Diancie|Diancie-Mega\n|-mega|p2a: Diancie|Diancie|Diancite\n|move|p2a: Diancie|Moonblast|p1a: Antonio del Rocio\n|-resisted|p1a: Antonio del Rocio\n|-damage|p1a: Antonio del Rocio|83\/100\n|\n|upkeep\n|turn|32\n|\n|t:|1700866268\n|move|p2a: Diancie|Mystical Fire|p1a: Antonio del Rocio\n|-supereffective|p1a: Antonio del Rocio\n|-damage|p1a: Antonio del Rocio|64\/100\n|-unboost|p1a: Antonio del Rocio|spa|1\n|move|p1a: Antonio del Rocio|Sludge Bomb|p2a: Diancie\n|-damage|p2a: Diancie|43\/100\n|\n|upkeep\n|turn|33\n|\n|t:|1700866276\n|move|p2a: Diancie|Mystical Fire|p1a: Antonio del Rocio\n|-supereffective|p1a: Antonio del Rocio\n|-damage|p1a: Antonio del Rocio|46\/100\n|-unboost|p1a: Antonio del Rocio|spa|1\n|move|p1a: Antonio del Rocio|Synthesis|p1a: Antonio del Rocio\n|-heal|p1a: Antonio del Rocio|96\/100\n|\n|upkeep\n|turn|34\n|-message|PShine forfeited.\n|\n|win|Garry97\n|raw|Garry97's rating: 1480 &rarr; <strong>1505<\/strong><br \/>(+25 for winning)\n|raw|PShine's rating: 1569 &rarr; <strong>1544<\/strong><br \/>(-25 for losing)\n|l|\u2606PShine\n","uploadtime":1700866290,"views":10,"p1id":"garry97","p2id":"pshine","formatid":"gen9nationaldex","rating":1505,"private":0,"password":""}