{"id":"gen9nationaldex-1997086263","p1":"itay7689","p2":"batmanga","format":"[Gen 9] National Dex","log":"|html|<div class=\"broadcast-blue\"><strong>[Gen 9] National Dex is currently suspecting Sneasler! For information on how to participate check out the <a href=\"https:\/\/www.smogon.com\/forums\/threads\/sv-national-dex-suspect-8-just-dance.3731534\/\">suspect thread<\/a>.<\/strong><\/div>\n|j|\u2606itay7689\n|j|\u2606batmanga\n|t:|1700763086\n|gametype|singles\n|player|p1|itay7689|cynthia-gen4|1406\n|player|p2|batmanga|riley|1450\n|teamsize|p1|6\n|teamsize|p2|6\n|gen|9\n|tier|[Gen 9] National Dex\n|rated|\n|rule|HP Percentage Mod: HP is shown in percentages\n|rule|Endless Battle Clause: Forcing endless battles is banned\n|rule|OHKO Clause: OHKO moves are banned\n|rule|Evasion Clause: Evasion abilities, items, and moves are banned\n|rule|Evasion Abilities Clause: Evasion abilities are banned\n|rule|Evasion Items Clause: Evasion items are banned\n|rule|Evasion Moves Clause: Evasion moves are banned\n|rule|Species Clause: Limit one of each Pok\u00e9mon\n|rule|Sleep Clause Mod: Limit one foe put to sleep\n|clearpoke\n|poke|p1|Kommo-o, M|\n|poke|p1|Noivern, F|\n|poke|p1|Duraludon, F|\n|poke|p1|Charizard, F|\n|poke|p1|Garchomp, F|\n|poke|p1|Haxorus, F|\n|poke|p2|Slowking, F|\n|poke|p2|Raticate, M|\n|poke|p2|Skeledirge, M|\n|poke|p2|Arctozolt|\n|poke|p2|Abomasnow, M|\n|poke|p2|Zamazenta-*|\n|teampreview\n|inactive|Battle timer is ON: inactive players will automatically lose when time's up. (requested by itay7689)\n|\n|t:|1700763098\n|start\n|switch|p1a: Sagoli's Soul|Garchomp, F|100\/100\n|switch|p2a: Willump.|Abomasnow, M, shiny|100\/100\n|-weather|Snow|[from] ability: Snow Warning|[of] p2a: Willump.\n|turn|1\n|\n|t:|1700763103\n|detailschange|p2a: Willump.|Abomasnow-Mega, M, shiny\n|-mega|p2a: Willump.|Abomasnow|Abomasite\n|-terastallize|p1a: Sagoli's Soul|Dragon\n|move|p1a: Sagoli's Soul|Rock Slide|p2a: Willump.\n|-supereffective|p2a: Willump.\n|-damage|p2a: Willump.|75\/100\n|cant|p2a: Willump.|flinch\n|\n|-weather|Snow|[upkeep]\n|upkeep\n|turn|2\n|\n|t:|1700763112\n|switch|p1a: Uncle Iroh|Charizard, F|100\/100\n|move|p2a: Willump.|Blizzard|p1a: Uncle Iroh\n|-damage|p1a: Uncle Iroh|46\/100\n|\n|-weather|Snow|[upkeep]\n|upkeep\n|turn|3\n|\n|t:|1700763121\n|switch|p2a: Zallar.|Zamazenta|100\/100\n|-ability|p2a: Zallar.|Dauntless Shield|boost\n|-boost|p2a: Zallar.|def|1\n|detailschange|p1a: Uncle Iroh|Charizard-Mega-X, F\n|-mega|p1a: Uncle Iroh|Charizard|Charizardite X\n|move|p1a: Uncle Iroh|Dragon Dance|p1a: Uncle Iroh\n|-boost|p1a: Uncle Iroh|atk|1\n|-boost|p1a: Uncle Iroh|spe|1\n|\n|-weather|Snow|[upkeep]\n|upkeep\n|turn|4\n|\n|t:|1700763126\n|move|p2a: Zallar.|Close Combat|p1a: Uncle Iroh\n|-damage|p1a: Uncle Iroh|0 fnt\n|-unboost|p2a: Zallar.|def|1\n|-unboost|p2a: Zallar.|spd|1\n|faint|p1a: Uncle Iroh\n|\n|-weather|Snow|[upkeep]\n|upkeep\n|\n|t:|1700763135\n|switch|p1a: Sagoli's Soul|Garchomp, F, tera:Dragon|100\/100\n|turn|5\n|\n|t:|1700763139\n|move|p1a: Sagoli's Soul|Outrage|p2a: Zallar.\n|-damage|p2a: Zallar.|16\/100\n|move|p2a: Zallar.|Close Combat|p1a: Sagoli's Soul\n|-damage|p1a: Sagoli's Soul|12\/100\n|-unboost|p2a: Zallar.|def|1\n|-unboost|p2a: Zallar.|spd|1\n|-damage|p2a: Zallar.|3\/100|[from] ability: Rough Skin|[of] p1a: Sagoli's Soul\n|\n|-weather|none\n|upkeep\n|turn|6\n|\n|t:|1700763164\n|move|p1a: Sagoli's Soul|Outrage|p2a: Zallar.|[from]lockedmove\n|-damage|p2a: Zallar.|0 fnt\n|faint|p2a: Zallar.\n|-start|p1a: Sagoli's Soul|confusion|[fatigue]\n|\n|upkeep\n|\n|t:|1700763166\n|switch|p2a: RATKING.|Raticate, M, shiny|100\/100\n|turn|7\n|\n|t:|1700763170\n|switch|p1a: Asgore|Kommo-o, M|100\/100\n|move|p2a: RATKING.|Sucker Punch||[still]\n|-fail|p2a: RATKING.\n|\n|-status|p2a: RATKING.|brn|[from] item: Flame Orb\n|upkeep\n|turn|8\n|\n|t:|1700763174\n|-terastallize|p2a: RATKING.|Normal\n|move|p2a: RATKING.|Facade|p1a: Asgore\n|-crit|p1a: Asgore\n|-damage|p1a: Asgore|0 fnt\n|faint|p1a: Asgore\n|\n|-damage|p2a: RATKING.|95\/100 brn|[from] brn\n|upkeep\n|\n|t:|1700763178\n|switch|p1a: Egg roll|Haxorus, F|100\/100\n|-ability|p1a: Egg roll|Mold Breaker\n|turn|9\n|\n|t:|1700763180\n|move|p1a: Egg roll|First Impression|p2a: RATKING.\n|-damage|p2a: RATKING.|21\/100 brn\n|move|p2a: RATKING.|Facade|p1a: Egg roll\n|-damage|p1a: Egg roll|0 fnt\n|faint|p1a: Egg roll\n|\n|-damage|p2a: RATKING.|15\/100 brn|[from] brn\n|upkeep\n|\n|t:|1700763194\n|switch|p1a: Sagoli's Soul|Garchomp, F, tera:Dragon|12\/100\n|turn|10\n|\n|t:|1700763197\n|switch|p1a: \u05e2\u05d8\u05dc\u05e4\u05d9|Noivern, F|100\/100\n|move|p2a: RATKING.|Sucker Punch||[still]\n|-fail|p2a: RATKING.\n|\n|-damage|p2a: RATKING.|9\/100 brn|[from] brn\n|upkeep\n|turn|11\n|\n|t:|1700763203\n|move|p1a: \u05e2\u05d8\u05dc\u05e4\u05d9|Tailwind|p1a: \u05e2\u05d8\u05dc\u05e4\u05d9\n|-sidestart|p1: itay7689|move: Tailwind\n|move|p2a: RATKING.|Facade|p1a: \u05e2\u05d8\u05dc\u05e4\u05d9\n|-damage|p1a: \u05e2\u05d8\u05dc\u05e4\u05d9|0 fnt\n|faint|p1a: \u05e2\u05d8\u05dc\u05e4\u05d9\n|\n|-damage|p2a: RATKING.|3\/100 brn|[from] brn\n|upkeep\n|\n|t:|1700763211\n|switch|p1a: Sagoli's Soul|Garchomp, F, tera:Dragon|12\/100\n|turn|12\n|\n|t:|1700763213\n|switch|p1a: \u05d2\u05d5\u05e9 \u05e4\u05dc\u05d3\u05d4|Duraludon, F|100\/100\n|move|p2a: RATKING.|Facade|p1a: \u05d2\u05d5\u05e9 \u05e4\u05dc\u05d3\u05d4\n|-resisted|p1a: \u05d2\u05d5\u05e9 \u05e4\u05dc\u05d3\u05d4\n|-damage|p1a: \u05d2\u05d5\u05e9 \u05e4\u05dc\u05d3\u05d4|41\/100\n|\n|-damage|p2a: RATKING.|0 fnt|[from] brn\n|faint|p2a: RATKING.\n|upkeep\n|inactive|batmanga has 120 seconds left.\n|\n|t:|1700763249\n|switch|p2a: Pearl.|Slowking, F|100\/100\n|turn|13\n|\n|t:|1700763253\n|move|p1a: \u05d2\u05d5\u05e9 \u05e4\u05dc\u05d3\u05d4|Thunderbolt|p2a: Pearl.\n|-supereffective|p2a: Pearl.\n|-damage|p2a: Pearl.|69\/100\n|move|p2a: Pearl.|Slack Off|p2a: Pearl.\n|-heal|p2a: Pearl.|100\/100\n|\n|upkeep\n|turn|14\n|\n|t:|1700763257\n|move|p1a: \u05d2\u05d5\u05e9 \u05e4\u05dc\u05d3\u05d4|Thunderbolt|p2a: Pearl.\n|-supereffective|p2a: Pearl.\n|-damage|p2a: Pearl.|66\/100\n|move|p2a: Pearl.|Chilly Reception|p2a: Pearl.\n|-weather|Snow\n|\n|t:|1700763260\n|switch|p2a: Blueberry.|Arctozolt|100\/100|[from] Chilly Reception\n|\n|-weather|Snow|[upkeep]\n|-sideend|p1: itay7689|move: Tailwind\n|upkeep\n|turn|15\n|\n|t:|1700763266\n|move|p2a: Blueberry.|Low Kick|p1a: \u05d2\u05d5\u05e9 \u05e4\u05dc\u05d3\u05d4\n|-supereffective|p1a: \u05d2\u05d5\u05e9 \u05e4\u05dc\u05d3\u05d4\n|-damage|p1a: \u05d2\u05d5\u05e9 \u05e4\u05dc\u05d3\u05d4|15\/100\n|move|p1a: \u05d2\u05d5\u05e9 \u05e4\u05dc\u05d3\u05d4|Flash Cannon|p2a: Blueberry.\n|-crit|p2a: Blueberry.\n|-damage|p2a: Blueberry.|17\/100\n|\n|-weather|Snow|[upkeep]\n|upkeep\n|turn|16\n|\n|t:|1700763268\n|move|p2a: Blueberry.|Low Kick|p1a: \u05d2\u05d5\u05e9 \u05e4\u05dc\u05d3\u05d4\n|-supereffective|p1a: \u05d2\u05d5\u05e9 \u05e4\u05dc\u05d3\u05d4\n|-damage|p1a: \u05d2\u05d5\u05e9 \u05e4\u05dc\u05d3\u05d4|0 fnt\n|faint|p1a: \u05d2\u05d5\u05e9 \u05e4\u05dc\u05d3\u05d4\n|\n|-weather|Snow|[upkeep]\n|upkeep\n|\n|t:|1700763270\n|switch|p1a: Sagoli's Soul|Garchomp, F, tera:Dragon|12\/100\n|turn|17\n|\n|t:|1700763273\n|move|p2a: Blueberry.|Blizzard|p1a: Sagoli's Soul\n|-supereffective|p1a: Sagoli's Soul\n|-damage|p1a: Sagoli's Soul|0 fnt\n|faint|p1a: Sagoli's Soul\n|\n|win|batmanga\n|raw|itay7689's rating: 1406 &rarr; <strong>1389<\/strong><br \/>(-17 for losing)\n|raw|batmanga's rating: 1450 &rarr; <strong>1467<\/strong><br \/>(+17 for winning)\n|l|\u2606itay7689\n","uploadtime":1700763282,"views":3,"p1id":"itay7689","p2id":"batmanga","formatid":"gen9nationaldex","rating":1389,"private":0,"password":""}