{"id":"gen9nationaldex-1998699248","p1":"Prtbl_Trash","p2":"SuZo","format":"[Gen 9] National Dex","log":"|html|<div class=\"broadcast-blue\"><strong>[Gen 9] National Dex is currently suspecting Sneasler! For information on how to participate check out the <a href=\"https:\/\/www.smogon.com\/forums\/threads\/sv-national-dex-suspect-8-just-dance.3731534\/\">suspect thread<\/a>.<\/strong><\/div>\n|j|\u2606Prtbl_Trash\n|j|\u2606SuZo\n|t:|1700974299\n|gametype|singles\n|player|p1|Prtbl_Trash|rosa|1248\n|player|p2|SuZo|lusamine-nihilego|1346\n|teamsize|p1|6\n|teamsize|p2|6\n|gen|9\n|tier|[Gen 9] National Dex\n|rated|\n|rule|HP Percentage Mod: HP is shown in percentages\n|rule|Endless Battle Clause: Forcing endless battles is banned\n|rule|OHKO Clause: OHKO moves are banned\n|rule|Evasion Clause: Evasion abilities, items, and moves are banned\n|rule|Evasion Abilities Clause: Evasion abilities are banned\n|rule|Evasion Items Clause: Evasion items are banned\n|rule|Evasion Moves Clause: Evasion moves are banned\n|rule|Species Clause: Limit one of each Pok\u00e9mon\n|rule|Sleep Clause Mod: Limit one foe put to sleep\n|clearpoke\n|poke|p1|Dewgong, F|\n|poke|p1|Slowking-Galar, F|\n|poke|p1|Landorus-Therian, M|\n|poke|p1|Volcarona, M|\n|poke|p1|Meowscarada, M|\n|poke|p1|Aegislash, F|\n|poke|p2|Tapu Lele|\n|poke|p2|Ogerpon-Cornerstone, F|\n|poke|p2|Sneasler, F|\n|poke|p2|Charizard, M|\n|poke|p2|Polteageist|\n|poke|p2|Volcarona, M|\n|teampreview\n|inactive|Battle timer is ON: inactive players will automatically lose when time's up. (requested by Prtbl_Trash)\n|\n|t:|1700974306\n|start\n|switch|p1a: Dewgong|Dewgong, F|100\/100\n|switch|p2a: Ogerpon|Ogerpon-Cornerstone, F|100\/100\n|turn|1\n|inactive|SuZo has 120 seconds left.\n|\n|t:|1700974348\n|-terastallize|p1a: Dewgong|Poison\n|move|p2a: Ogerpon|Taunt|p1a: Dewgong\n|-start|p1a: Dewgong|move: Taunt\n|move|p1a: Dewgong|Whirlpool|p2a: Ogerpon\n|-damage|p2a: Ogerpon|90\/100\n|-activate|p2a: Ogerpon|move: Whirlpool|[of] p1a: Dewgong\n|\n|-damage|p2a: Ogerpon|78\/100|[from] move: Whirlpool|[partiallytrapped]\n|upkeep\n|turn|2\n|\n|t:|1700974358\n|move|p2a: Ogerpon|Spikes|p1a: Dewgong\n|-sidestart|p1: Prtbl_Trash|Spikes\n|move|p1a: Dewgong|Brine|p2a: Ogerpon\n|-damage|p2a: Ogerpon|58\/100\n|\n|-damage|p2a: Ogerpon|45\/100|[from] move: Whirlpool|[partiallytrapped]\n|upkeep\n|turn|3\n|inactive|SuZo has 120 seconds left.\n|\n|t:|1700974367\n|move|p2a: Ogerpon|Spikes|p1a: Dewgong\n|-sidestart|p1: Prtbl_Trash|Spikes\n|move|p1a: Dewgong|Brine|p2a: Ogerpon\n|-damage|p2a: Ogerpon|4\/100\n|\n|-damage|p2a: Ogerpon|0 fnt|[from] move: Whirlpool|[partiallytrapped]\n|faint|p2a: Ogerpon\n|-end|p1a: Dewgong|move: Taunt\n|upkeep\n|inactive|SuZo has 120 seconds left.\n|\n|t:|1700974375\n|switch|p2a: Tapu Lele|Tapu Lele|100\/100\n|-fieldstart|move: Psychic Terrain|[from] ability: Psychic Surge|[of] p2a: Tapu Lele\n|turn|4\n|\n|t:|1700974385\n|move|p1a: Dewgong|Protect|p1a: Dewgong\n|-singleturn|p1a: Dewgong|Protect\n|move|p2a: Tapu Lele|Psyshock|p1a: Dewgong\n|-activate|p1a: Dewgong|move: Protect\n|\n|upkeep\n|turn|5\n|\n|t:|1700974390\n|switch|p1a: Meowscarada|Meowscarada, M|100\/100\n|-damage|p1a: Meowscarada|84\/100|[from] Spikes\n|move|p2a: Tapu Lele|Psyshock|p1a: Meowscarada\n|-immune|p1a: Meowscarada\n|\n|upkeep\n|turn|6\n|\n|t:|1700974398\n|switch|p2a: Charizard|Charizard, M|100\/100\n|move|p1a: Meowscarada|U-turn|p2a: Charizard\n|-start|p1a: Meowscarada|typechange|Bug|[from] ability: Protean\n|-resisted|p2a: Charizard\n|-damage|p2a: Charizard|83\/100\n|\n|t:|1700974406\n|switch|p1a: Landorus|Landorus-Therian, M|100\/100|[from] U-turn\n|-ability|p1a: Landorus|Intimidate|boost\n|-unboost|p2a: Charizard|atk|1\n|\n|upkeep\n|turn|7\n|\n|t:|1700974415\n|move|p1a: Landorus|Defog|p2a: Charizard\n|-unboost|p2a: Charizard|evasion|1\n|-sideend|p1: Prtbl_Trash|Spikes|[from] move: Defog|[of] p1a: Landorus\n|-fieldend|move: Psychic Terrain\n|move|p2a: Charizard|Dragon Dance|p2a: Charizard\n|-boost|p2a: Charizard|atk|1\n|-boost|p2a: Charizard|spe|1\n|\n|upkeep\n|turn|8\n|\n|t:|1700974425\n|switch|p1a: Dewgong|Dewgong, F, tera:Poison|100\/100\n|move|p2a: Charizard|Dragon Dance|p2a: Charizard\n|-boost|p2a: Charizard|atk|1\n|-boost|p2a: Charizard|spe|1\n|\n|upkeep\n|turn|9\n|\n|t:|1700974433\n|detailschange|p2a: Charizard|Charizard-Mega-X, M\n|-mega|p2a: Charizard|Charizard|Charizardite X\n|move|p2a: Charizard|Earthquake|p1a: Dewgong\n|-supereffective|p1a: Dewgong\n|-damage|p1a: Dewgong|0 fnt\n|faint|p1a: Dewgong\n|\n|upkeep\n|\n|t:|1700974441\n|switch|p1a: Landorus|Landorus-Therian, M|100\/100\n|-ability|p1a: Landorus|Intimidate|boost\n|-unboost|p2a: Charizard|atk|1\n|turn|10\n|\n|t:|1700974448\n|move|p2a: Charizard|Flare Blitz|p1a: Landorus\n|-damage|p1a: Landorus|0 fnt\n|faint|p1a: Landorus\n|-damage|p2a: Charizard|47\/100|[from] Recoil\n|\n|upkeep\n|\n|t:|1700974456\n|switch|p1a: Meowscarada|Meowscarada, M|84\/100\n|turn|11\n|\n|t:|1700974460\n|move|p1a: Meowscarada|Sucker Punch|p2a: Charizard\n|-start|p1a: Meowscarada|typechange|Dark|[from] ability: Protean\n|-damage|p2a: Charizard|1\/100\n|move|p2a: Charizard|Flare Blitz|p1a: Meowscarada\n|-damage|p1a: Meowscarada|0 fnt\n|faint|p1a: Meowscarada\n|-damage|p2a: Charizard|0 fnt|[from] Recoil\n|faint|p2a: Charizard\n|\n|upkeep\n|\n|t:|1700974471\n|switch|p1a: Slowking|Slowking-Galar, F|100\/100\n|switch|p2a: Tapu Lele|Tapu Lele|100\/100\n|-fieldstart|move: Psychic Terrain|[from] ability: Psychic Surge|[of] p2a: Tapu Lele\n|turn|12\n|\n|t:|1700974483\n|move|p2a: Tapu Lele|Future Sight|p1a: Slowking\n|-start|p2a: Tapu Lele|move: Future Sight\n|move|p1a: Slowking|Thunder Wave|p2a: Tapu Lele\n|-status|p2a: Tapu Lele|par\n|\n|upkeep\n|turn|13\n|\n|t:|1700974488\n|switch|p2a: Sneasler|Sneasler, F|100\/100\n|-enditem|p2a: Sneasler|Psychic Seed\n|-boost|p2a: Sneasler|spd|1|[from] item: Psychic Seed\n|move|p1a: Slowking|Future Sight|p2a: Sneasler\n|-start|p1a: Slowking|move: Future Sight\n|\n|upkeep\n|turn|14\n|\n|t:|1700974500\n|move|p2a: Sneasler|Acrobatics|p1a: Slowking\n|-damage|p1a: Slowking|58\/100\n|move|p1a: Slowking|Thunder Wave|p2a: Sneasler|[miss]\n|-miss|p1a: Slowking|p2a: Sneasler\n|\n|-end|p1a: Slowking|move: Future Sight\n|-damage|p1a: Slowking|6\/100\n|upkeep\n|turn|15\n|\n|t:|1700974512\n|move|p2a: Sneasler|Acrobatics|p1a: Slowking\n|-damage|p1a: Slowking|0 fnt\n|faint|p1a: Slowking\n|\n|-end|p2a: Sneasler|move: Future Sight\n|-supereffective|p2a: Sneasler\n|-damage|p2a: Sneasler|0 fnt\n|faint|p2a: Sneasler\n|upkeep\n|\n|t:|1700974522\n|switch|p2a: Volcarona|Volcarona, M|100\/100\n|switch|p1a: Aegislash|Aegislash, F|100\/100\n|turn|16\n|\n|t:|1700974528\n|move|p2a: Volcarona|Quiver Dance|p2a: Volcarona\n|-boost|p2a: Volcarona|spa|1\n|-boost|p2a: Volcarona|spd|1\n|-boost|p2a: Volcarona|spe|1\n|move|p1a: Aegislash|Swords Dance|p1a: Aegislash\n|-boost|p1a: Aegislash|atk|2\n|\n|-fieldend|move: Psychic Terrain\n|upkeep\n|turn|17\n|\n|t:|1700974537\n|move|p2a: Volcarona|Fiery Dance|p1a: Aegislash\n|-supereffective|p1a: Aegislash\n|-damage|p1a: Aegislash|37\/100\n|move|p1a: Aegislash|Swords Dance|p1a: Aegislash\n|-boost|p1a: Aegislash|atk|2\n|\n|-heal|p1a: Aegislash|43\/100|[from] item: Leftovers\n|upkeep\n|turn|18\n|\n|t:|1700974544\n|-formechange|p1a: Aegislash|Aegislash-Blade||[from] ability: Stance Change\n|move|p1a: Aegislash|Shadow Sneak|p2a: Volcarona\n|-damage|p2a: Volcarona|55\/100\n|-status|p1a: Aegislash|brn|[from] ability: Flame Body|[of] p2a: Volcarona\n|move|p2a: Volcarona|Fiery Dance|p1a: Aegislash\n|-supereffective|p1a: Aegislash\n|-damage|p1a: Aegislash|0 fnt\n|faint|p1a: Aegislash\n|\n|upkeep\n|\n|t:|1700974550\n|switch|p1a: Volcarona|Volcarona, M|100\/100\n|turn|19\n|\n|t:|1700974559\n|move|p2a: Volcarona|Fiery Dance|p1a: Volcarona\n|-damage|p1a: Volcarona|47\/100\n|move|p1a: Volcarona|Quiver Dance|p1a: Volcarona\n|-boost|p1a: Volcarona|spa|1\n|-boost|p1a: Volcarona|spd|1\n|-boost|p1a: Volcarona|spe|1\n|\n|upkeep\n|turn|20\n|\n|t:|1700974568\n|move|p1a: Volcarona|Flamethrower|p2a: Volcarona\n|-damage|p2a: Volcarona|15\/100\n|move|p2a: Volcarona|Fiery Dance|p1a: Volcarona\n|-damage|p1a: Volcarona|10\/100\n|-boost|p2a: Volcarona|spa|1\n|\n|upkeep\n|turn|21\n|\n|t:|1700974574\n|move|p1a: Volcarona|Flamethrower|p2a: Volcarona\n|-damage|p2a: Volcarona|0 fnt\n|faint|p2a: Volcarona\n|\n|upkeep\n|\n|t:|1700974582\n|switch|p2a: Tapu Lele|Tapu Lele|100\/100 par\n|-fieldstart|move: Psychic Terrain|[from] ability: Psychic Surge|[of] p2a: Tapu Lele\n|turn|22\n|\n|t:|1700974589\n|move|p1a: Volcarona|Giga Drain|p2a: Tapu Lele\n|-damage|p2a: Tapu Lele|59\/100 par\n|-heal|p1a: Volcarona|28\/100|[from] drain|[of] p2a: Tapu Lele\n|move|p2a: Tapu Lele|Psyshock|p1a: Volcarona\n|-damage|p1a: Volcarona|0 fnt\n|faint|p1a: Volcarona\n|\n|win|SuZo\n|raw|Prtbl_Trash's rating: 1248 &rarr; <strong>1230<\/strong><br \/>(-18 for losing)\n|raw|SuZo's rating: 1346 &rarr; <strong>1361<\/strong><br \/>(+15 for winning)\n|l|\u2606Prtbl_Trash\n","uploadtime":1700975013,"views":3,"p1id":"prtbltrash","p2id":"suzo","formatid":"gen9nationaldex","rating":1230,"private":0,"password":""}