{"id":"gen9nationaldex-1991833061","p1":"Jack the Jill","p2":"zaizaipo","format":"[Gen 9] National Dex","log":"|j|\u2606Jack the Jill\n|j|\u2606zaizaipo\n|t:|1700125359\n|gametype|singles\n|player|p1|Jack the Jill|harlequin|1173\n|player|p2|zaizaipo|101|1211\n|teamsize|p1|6\n|teamsize|p2|6\n|gen|9\n|tier|[Gen 9] National Dex\n|rated|\n|rule|HP Percentage Mod: HP is shown in percentages\n|rule|Endless Battle Clause: Forcing endless battles is banned\n|rule|OHKO Clause: OHKO moves are banned\n|rule|Evasion Clause: Evasion abilities, items, and moves are banned\n|rule|Evasion Abilities Clause: Evasion abilities are banned\n|rule|Evasion Items Clause: Evasion items are banned\n|rule|Evasion Moves Clause: Evasion moves are banned\n|rule|Species Clause: Limit one of each Pok\u00e9mon\n|rule|Sleep Clause Mod: Limit one foe put to sleep\n|clearpoke\n|poke|p1|Ursaluna, M|\n|poke|p1|Cinderace, M|\n|poke|p1|Blaziken, F|\n|poke|p1|Thievul, M|\n|poke|p1|Slurpuff, M|\n|poke|p1|Lopunny, M|\n|poke|p2|Sudowoodo, F|\n|poke|p2|Shiftry, F|\n|poke|p2|Corviknight, M|\n|poke|p2|Swampert, M|\n|poke|p2|Pelipper, F|\n|poke|p2|Ogerpon, F|\n|teampreview\n|inactive|Battle timer is ON: inactive players will automatically lose when time's up. (requested by zaizaipo)\n|\n|t:|1700125367\n|start\n|switch|p1a: Carl the Cupcake|Slurpuff, M|100\/100\n|switch|p2a: Sudowoodo|Sudowoodo, F, shiny|100\/100\n|turn|1\n|\n|t:|1700125372\n|move|p1a: Carl the Cupcake|Sticky Web|p2a: Sudowoodo\n|-sidestart|p2: zaizaipo|move: Sticky Web\n|move|p2a: Sudowoodo|Stealth Rock|p1a: Carl the Cupcake\n|-sidestart|p1: Jack the Jill|move: Stealth Rock\n|\n|upkeep\n|turn|2\n|\n|t:|1700125378\n|switch|p2a: Pelipper|Pelipper, F|100\/100\n|-weather|RainDance|[from] ability: Drizzle|[of] p2a: Pelipper\n|move|p1a: Carl the Cupcake|Yawn|p2a: Pelipper\n|-start|p2a: Pelipper|move: Yawn|[of] p1a: Carl the Cupcake\n|\n|-weather|RainDance|[upkeep]\n|upkeep\n|turn|3\n|\n|t:|1700125386\n|move|p1a: Carl the Cupcake|Endeavor|p2a: Pelipper\n|-immune|p2a: Pelipper\n|move|p2a: Pelipper|U-turn|p1a: Carl the Cupcake\n|-resisted|p1a: Carl the Cupcake\n|-damage|p1a: Carl the Cupcake|96\/100\n|\n|t:|1700125397\n|switch|p2a: Ogerpon|Ogerpon, F|100\/100|[from] U-turn\n|-activate|p2a: Ogerpon|move: Sticky Web\n|-unboost|p2a: Ogerpon|spe|1\n|-ability|p2a: Ogerpon|Defiant|boost\n|-boost|p2a: Ogerpon|atk|2\n|\n|-weather|RainDance|[upkeep]\n|upkeep\n|turn|4\n|\n|t:|1700125404\n|move|p1a: Carl the Cupcake|Misty Explosion|p2a: Ogerpon\n|-damage|p2a: Ogerpon|66\/100\n|faint|p1a: Carl the Cupcake\n|-zpower|p2a: Ogerpon\n|move|p2a: Ogerpon|Bloom Doom|p1: Carl the Cupcake|[zeffect]|[notarget]\n|-fail|p2a: Ogerpon\n|\n|-weather|RainDance|[upkeep]\n|upkeep\n|\n|t:|1700125413\n|switch|p1a: Springtrap|Lopunny, M|100\/100\n|-damage|p1a: Springtrap|88\/100|[from] Stealth Rock\n|turn|5\n|\n|t:|1700125417\n|switch|p2a: Corviknight|Corviknight, M, shiny|100\/100\n|detailschange|p1a: Springtrap|Lopunny-Mega, M\n|-mega|p1a: Springtrap|Lopunny|Lopunnite\n|move|p1a: Springtrap|Fake Out|p2a: Corviknight\n|-resisted|p2a: Corviknight\n|-crit|p2a: Corviknight\n|-damage|p2a: Corviknight|88\/100\n|-damage|p1a: Springtrap|72\/100|[from] item: Rocky Helmet|[of] p2a: Corviknight\n|\n|-weather|RainDance|[upkeep]\n|upkeep\n|turn|6\n|\n|t:|1700125438\n|switch|p1a: Freddy Fazbear|Ursaluna, M|100\/100\n|-damage|p1a: Freddy Fazbear|94\/100|[from] Stealth Rock\n|switch|p2a: Pelipper|Pelipper, F|100\/100\n|\n|-weather|none\n|-status|p1a: Freddy Fazbear|brn|[from] item: Flame Orb\n|upkeep\n|turn|7\n|\n|t:|1700125447\n|move|p2a: Pelipper|Defog|p1a: Freddy Fazbear\n|-unboost|p1a: Freddy Fazbear|evasion|1\n|-sideend|p1: Jack the Jill|Stealth Rock|[from] move: Defog|[of] p2a: Pelipper\n|-sideend|p2: zaizaipo|Sticky Web|[from] move: Defog|[of] p2a: Pelipper\n|move|p1a: Freddy Fazbear|Facade|p2a: Pelipper\n|-damage|p2a: Pelipper|2\/100\n|\n|-damage|p1a: Freddy Fazbear|88\/100 brn|[from] brn\n|upkeep\n|turn|8\n|\n|t:|1700125458\n|switch|p1a: Springtrap|Lopunny-Mega, M|72\/100\n|move|p2a: Pelipper|U-turn|p1a: Springtrap\n|-resisted|p1a: Springtrap\n|-damage|p1a: Springtrap|66\/100\n|\n|t:|1700125464\n|switch|p2a: Corviknight|Corviknight, M, shiny|88\/100|[from] U-turn\n|\n|upkeep\n|turn|9\n|\n|t:|1700125471\n|move|p1a: Springtrap|Close Combat|p2a: Corviknight\n|-damage|p2a: Corviknight|36\/100\n|-unboost|p1a: Springtrap|def|1\n|-unboost|p1a: Springtrap|spd|1\n|-damage|p1a: Springtrap|49\/100|[from] item: Rocky Helmet|[of] p2a: Corviknight\n|move|p2a: Corviknight|Body Press|p1a: Springtrap\n|-supereffective|p1a: Springtrap\n|-damage|p1a: Springtrap|0 fnt\n|faint|p1a: Springtrap\n|\n|upkeep\n|\n|t:|1700125477\n|switch|p1a: Bonnie|Cinderace, M|100\/100\n|turn|10\n|\n|t:|1700125505\n|switch|p2a: Pelipper|Pelipper, F|2\/100\n|-weather|RainDance|[from] ability: Drizzle|[of] p2a: Pelipper\n|move|p1a: Bonnie|U-turn|p2a: Pelipper\n|-start|p1a: Bonnie|typechange|Bug|[from] ability: Libero\n|-resisted|p2a: Pelipper\n|-damage|p2a: Pelipper|0 fnt\n|faint|p2a: Pelipper\n|\n|t:|1700125514\n|switch|p1a: Foxy|Thievul, M|100\/100|[from] U-turn\n|\n|-weather|RainDance|[upkeep]\n|upkeep\n|\n|t:|1700125519\n|switch|p2a: Shiftry|Shiftry, F, shiny|100\/100\n|turn|11\n|\n|t:|1700125525\n|move|p1a: Foxy|Burning Jealousy|p2a: Shiftry\n|-supereffective|p2a: Shiftry\n|-damage|p2a: Shiftry|70\/100\n|move|p2a: Shiftry|Tailwind|p2a: Shiftry\n|-sidestart|p2: zaizaipo|move: Tailwind\n|-ability|p2a: Shiftry|Wind Rider|boost\n|-boost|p2a: Shiftry|atk|1\n|\n|-weather|RainDance|[upkeep]\n|upkeep\n|turn|12\n|\n|t:|1700125536\n|move|p2a: Shiftry|Knock Off|p1a: Foxy\n|-resisted|p1a: Foxy\n|-damage|p1a: Foxy|44\/100\n|-enditem|p1a: Foxy|Throat Spray|[from] move: Knock Off|[of] p2a: Shiftry\n|move|p1a: Foxy|Burning Jealousy|p2a: Shiftry\n|-supereffective|p2a: Shiftry\n|-damage|p2a: Shiftry|39\/100\n|\n|-weather|RainDance|[upkeep]\n|upkeep\n|turn|13\n|\n|t:|1700125549\n|move|p1a: Foxy|Burning Jealousy|p2a: Shiftry\n|-supereffective|p2a: Shiftry\n|-crit|p2a: Shiftry\n|-damage|p2a: Shiftry|0 fnt\n|faint|p2a: Shiftry\n|\n|-weather|RainDance|[upkeep]\n|upkeep\n|\n|t:|1700125555\n|switch|p2a: Swampert|Swampert, M|100\/100\n|turn|14\n|\n|t:|1700125559\n|detailschange|p2a: Swampert|Swampert-Mega, M\n|-mega|p2a: Swampert|Swampert|Swampertite\n|move|p2a: Swampert|Liquidation|p1a: Foxy\n|-damage|p1a: Foxy|0 fnt\n|faint|p1a: Foxy\n|\n|-weather|none\n|-sideend|p2: zaizaipo|move: Tailwind\n|upkeep\n|\n|t:|1700125567\n|switch|p1a: Freddy Fazbear|Ursaluna, M|88\/100 brn\n|turn|15\n|\n|t:|1700125575\n|switch|p2a: Ogerpon|Ogerpon, F|66\/100\n|-terastallize|p1a: Freddy Fazbear|Normal\n|move|p1a: Freddy Fazbear|Facade|p2a: Ogerpon\n|-damage|p2a: Ogerpon|0 fnt\n|faint|p2a: Ogerpon\n|\n|-damage|p1a: Freddy Fazbear|82\/100 brn|[from] brn\n|upkeep\n|\n|t:|1700125584\n|switch|p2a: Sudowoodo|Sudowoodo, F, shiny|100\/100\n|turn|16\n|\n|t:|1700125589\n|move|p1a: Freddy Fazbear|Headlong Rush|p2a: Sudowoodo\n|-supereffective|p2a: Sudowoodo\n|-ability|p2a: Sudowoodo|Sturdy\n|-damage|p2a: Sudowoodo|1\/100\n|-unboost|p1a: Freddy Fazbear|def|1\n|-unboost|p1a: Freddy Fazbear|spd|1\n|move|p2a: Sudowoodo|Counter|p1a: Freddy Fazbear\n|-damage|p1a: Freddy Fazbear|0 fnt\n|faint|p1a: Freddy Fazbear\n|\n|upkeep\n|\n|t:|1700125594\n|switch|p1a: Bonnie|Cinderace, M|100\/100\n|turn|17\n|-enditem|p2a: Sudowoodo|Custap Berry|[eat]\n|-activate|p2a: Sudowoodo|item: Custap Berry|[consumed]\n|\n|t:|1700125600\n|move|p2a: Sudowoodo|Explosion|p1a: Bonnie\n|-damage|p1a: Bonnie|0 fnt\n|faint|p2a: Sudowoodo\n|faint|p1a: Bonnie\n|\n|upkeep\n|\n|t:|1700125606\n|switch|p1a: Chica|Blaziken, F|100\/100\n|switch|p2a: Swampert|Swampert-Mega, M|100\/100\n|turn|18\n|\n|t:|1700125611\n|move|p1a: Chica|Endure|p1a: Chica\n|-singleturn|p1a: Chica|move: Endure\n|move|p2a: Swampert|Rain Dance|p2a: Swampert\n|-weather|RainDance\n|\n|-weather|RainDance|[upkeep]\n|-ability|p1a: Chica|Speed Boost|boost\n|-boost|p1a: Chica|spe|1\n|upkeep\n|turn|19\n|\n|t:|1700125617\n|move|p2a: Swampert|Liquidation|p1a: Chica\n|-supereffective|p1a: Chica\n|-damage|p1a: Chica|0 fnt\n|faint|p1a: Chica\n|\n|win|zaizaipo\n|raw|Jack the Jill's rating: 1173 &rarr; <strong>1151<\/strong><br \/>(-22 for losing)\n|raw|zaizaipo's rating: 1211 &rarr; <strong>1233<\/strong><br \/>(+22 for winning)\n|l|\u2606Jack the Jill\n","uploadtime":1700125624,"views":26,"p1id":"jackthejill","p2id":"zaizaipo","formatid":"gen9nationaldex","rating":1151,"private":0,"password":""}