{"id":"gen9nationaldex-1987367507","p1":"Fusrudah","p2":"WoChek","format":"[Gen 9] National Dex","log":"|j|\u2606Fusrudah\n|j|\u2606WoChek\n|t:|1699582505\n|gametype|singles\n|player|p1|Fusrudah|veteran|1217\n|player|p2|WoChek|lance|1149\n|teamsize|p1|6\n|teamsize|p2|6\n|gen|9\n|tier|[Gen 9] National Dex\n|rated|\n|rule|HP Percentage Mod: HP is shown in percentages\n|rule|Endless Battle Clause: Forcing endless battles is banned\n|rule|OHKO Clause: OHKO moves are banned\n|rule|Evasion Clause: Evasion abilities, items, and moves are banned\n|rule|Evasion Abilities Clause: Evasion abilities are banned\n|rule|Evasion Items Clause: Evasion items are banned\n|rule|Evasion Moves Clause: Evasion moves are banned\n|rule|Species Clause: Limit one of each Pok\u00e9mon\n|rule|Sleep Clause Mod: Limit one foe put to sleep\n|clearpoke\n|poke|p1|Tapu Lele|\n|poke|p1|Zamazenta-*|\n|poke|p1|Rotom-Wash|\n|poke|p1|Tapu Koko|\n|poke|p1|Heatran, M|\n|poke|p1|Scizor, M|\n|poke|p2|Drednaw, M|\n|poke|p2|Arcanine-Hisui, F|\n|poke|p2|Stakataka|\n|poke|p2|Diancie|\n|poke|p2|Rhyperior, F|\n|poke|p2|Cradily, F|\n|teampreview\n|\n|t:|1699582519\n|start\n|switch|p1a: Rotom|Rotom-Wash|100\/100\n|switch|p2a: Diancie|Diancie|100\/100\n|turn|1\n|\n|t:|1699582526\n|detailschange|p2a: Diancie|Diancie-Mega\n|-mega|p2a: Diancie|Diancie|Diancite\n|move|p1a: Rotom|Hydro Pump|p2a: Diancie\n|-supereffective|p2a: Diancie\n|-damage|p2a: Diancie|45\/100\n|move|p2a: Diancie|Trick Room|p2a: Diancie\n|-fieldstart|move: Trick Room|[of] p2a: Diancie\n|\n|upkeep\n|turn|2\n|\n|t:|1699582536\n|switch|p2a: Cradily|Cradily, F|100\/100\n|move|p1a: Rotom|Thunder Wave|p2a: Cradily\n|-status|p2a: Cradily|par\n|\n|upkeep\n|turn|3\n|\n|t:|1699582542\n|move|p2a: Cradily|Toxic|p1a: Rotom\n|-status|p1a: Rotom|tox\n|move|p1a: Rotom|Hex|p2a: Cradily\n|-damage|p2a: Cradily|80\/100 par\n|\n|-heal|p2a: Cradily|86\/100 par|[from] item: Leftovers\n|-damage|p1a: Rotom|94\/100 tox|[from] psn\n|upkeep\n|turn|4\n|\n|t:|1699582556\n|move|p2a: Cradily|Stealth Rock|p1a: Rotom\n|-sidestart|p1: Fusrudah|move: Stealth Rock\n|move|p1a: Rotom|Hex|p2a: Cradily\n|-crit|p2a: Cradily\n|-damage|p2a: Cradily|54\/100 par\n|\n|-heal|p2a: Cradily|60\/100 par|[from] item: Leftovers\n|-heal|p1a: Rotom|100\/100 tox|[from] item: Leftovers\n|-damage|p1a: Rotom|88\/100 tox|[from] psn\n|upkeep\n|turn|5\n|\n|t:|1699582564\n|move|p2a: Cradily|Leech Seed|p1a: Rotom|[miss]\n|-miss|p2a: Cradily|p1a: Rotom\n|move|p1a: Rotom|Hex|p2a: Cradily\n|-damage|p2a: Cradily|41\/100 par\n|\n|-heal|p2a: Cradily|47\/100 par|[from] item: Leftovers\n|-heal|p1a: Rotom|94\/100 tox|[from] item: Leftovers\n|-damage|p1a: Rotom|76\/100 tox|[from] psn\n|-fieldend|move: Trick Room\n|upkeep\n|turn|6\n|\n|t:|1699582583\n|switch|p1a: Zamazenta|Zamazenta|100\/100\n|-damage|p1a: Zamazenta|94\/100|[from] Stealth Rock\n|-ability|p1a: Zamazenta|Dauntless Shield|boost\n|-boost|p1a: Zamazenta|def|1\n|cant|p2a: Cradily|par\n|\n|-heal|p2a: Cradily|54\/100 par|[from] item: Leftovers\n|upkeep\n|turn|7\n|\n|t:|1699582594\n|switch|p2a: Diancie|Diancie-Mega|45\/100\n|move|p1a: Zamazenta|Body Press|p2a: Diancie\n|-damage|p2a: Diancie|0 fnt\n|faint|p2a: Diancie\n|\n|upkeep\n|\n|t:|1699582613\n|switch|p2a: Rhyperior|Rhyperior, F|100\/100\n|turn|8\n|\n|t:|1699582620\n|move|p1a: Zamazenta|Iron Defense|p1a: Zamazenta\n|-boost|p1a: Zamazenta|def|2\n|move|p2a: Rhyperior|Earthquake|p1a: Zamazenta\n|-damage|p1a: Zamazenta|78\/100\n|\n|upkeep\n|turn|9\n|\n|t:|1699582626\n|switch|p2a: Cradily|Cradily, F|54\/100 par\n|move|p1a: Zamazenta|Iron Defense|p1a: Zamazenta\n|-boost|p1a: Zamazenta|def|2\n|\n|-heal|p2a: Cradily|60\/100 par|[from] item: Leftovers\n|upkeep\n|turn|10\n|\n|t:|1699582634\n|move|p1a: Zamazenta|Body Press|p2a: Cradily\n|-supereffective|p2a: Cradily\n|-damage|p2a: Cradily|0 fnt\n|faint|p2a: Cradily\n|\n|upkeep\n|\n|t:|1699582641\n|switch|p2a: Rhyperior|Rhyperior, F|100\/100\n|turn|11\n|\n|t:|1699582646\n|move|p1a: Zamazenta|Body Press|p2a: Rhyperior\n|-supereffective|p2a: Rhyperior\n|-damage|p2a: Rhyperior|0 fnt\n|faint|p2a: Rhyperior\n|\n|upkeep\n|\n|t:|1699582649\n|switch|p2a: Arcanine|Arcanine-Hisui, F|100\/100\n|turn|12\n|\n|t:|1699582652\n|move|p1a: Zamazenta|Body Press|p2a: Arcanine\n|-supereffective|p2a: Arcanine\n|-damage|p2a: Arcanine|0 fnt\n|faint|p2a: Arcanine\n|\n|upkeep\n|\n|t:|1699582654\n|switch|p2a: Stakataka|Stakataka|100\/100\n|turn|13\n|\n|t:|1699582658\n|move|p1a: Zamazenta|Body Press|p2a: Stakataka\n|-supereffective|p2a: Stakataka\n|-damage|p2a: Stakataka|0 fnt\n|faint|p2a: Stakataka\n|\n|upkeep\n|\n|t:|1699582660\n|switch|p2a: Drednaw|Drednaw, M|100\/100\n|turn|14\n|\n|t:|1699582664\n|move|p1a: Zamazenta|Body Press|p2a: Drednaw\n|-supereffective|p2a: Drednaw\n|-damage|p2a: Drednaw|0 fnt\n|faint|p2a: Drednaw\n|\n|win|Fusrudah\n|raw|Fusrudah's rating: 1217 &rarr; <strong>1237<\/strong><br \/>(+20 for winning)\n|raw|WoChek's rating: 1149 &rarr; <strong>1129<\/strong><br \/>(-20 for losing)\n|c|\u2606Fusrudah|gg\n","uploadtime":1699582693,"views":21,"p1id":"fusrudah","p2id":"wochek","formatid":"gen9nationaldex","rating":1129,"private":0,"password":""}