{"id":"gen9nationaldex-1991259306","p1":"Whitebit09","p2":"NDLT4DBZ Cupcake","format":"[Gen 9] National Dex","log":"|j|\u2606Whitebit09\n|j|\u2606NDLT4DBZ Cupcake\n|t:|1700062061\n|gametype|singles\n|player|p1|Whitebit09|170|1705\n|player|p2|NDLT4DBZ Cupcake|caitlin|1687\n|teamsize|p1|6\n|teamsize|p2|6\n|gen|9\n|tier|[Gen 9] National Dex\n|rated|\n|rule|HP Percentage Mod: HP is shown in percentages\n|rule|Endless Battle Clause: Forcing endless battles is banned\n|rule|OHKO Clause: OHKO moves are banned\n|rule|Evasion Clause: Evasion abilities, items, and moves are banned\n|rule|Evasion Abilities Clause: Evasion abilities are banned\n|rule|Evasion Items Clause: Evasion items are banned\n|rule|Evasion Moves Clause: Evasion moves are banned\n|rule|Species Clause: Limit one of each Pok\u00e9mon\n|rule|Sleep Clause Mod: Limit one foe put to sleep\n|clearpoke\n|poke|p1|Lopunny, F|\n|poke|p1|Clefable, M|\n|poke|p1|Landorus-Therian, M|\n|poke|p1|Urshifu-*, F|\n|poke|p1|Kyurem|\n|poke|p1|Cinderace, M|\n|poke|p2|Landorus-Therian, M|\n|poke|p2|Samurott-Hisui, F|\n|poke|p2|Ferrothorn, F|\n|poke|p2|Hatterene, F|\n|poke|p2|Iron Hands|\n|poke|p2|Tapu Koko|\n|teampreview\n|inactive|Battle timer is ON: inactive players will automatically lose when time's up. (requested by Whitebit09)\n|\n|t:|1700062071\n|start\n|switch|p1a: Kyurem|Kyurem|100\/100\n|switch|p2a: Landorus|Landorus-Therian, M|100\/100\n|-ability|p2a: Landorus|Intimidate|boost\n|-unboost|p1a: Kyurem|atk|1\n|-ability|p1a: Kyurem|Pressure\n|turn|1\n|\n|t:|1700062077\n|move|p2a: Landorus|U-turn|p1a: Kyurem\n|-damage|p1a: Kyurem|71\/100\n|\n|t:|1700062083\n|switch|p2a: Hatterene|Hatterene, F|100\/100|[from] U-turn\n|move|p1a: Kyurem|Freeze-Dry|p2a: Hatterene\n|-damage|p2a: Hatterene|52\/100\n|\n|-heal|p2a: Hatterene|58\/100|[from] item: Leftovers\n|upkeep\n|turn|2\n|j| Nomer16\n|l| Nomer16\n|inactive|Whitebit09 has 120 seconds left.\n|\n|t:|1700062131\n|switch|p1a: Landorus|Landorus-Therian, M|100\/100\n|-ability|p1a: Landorus|Intimidate|boost\n|-unboost|p2a: Hatterene|atk|1\n|move|p2a: Hatterene|Draining Kiss|p1a: Landorus\n|-damage|p1a: Landorus|81\/100\n|-heal|p2a: Hatterene|76\/100|[from] drain|[of] p1a: Landorus\n|\n|-heal|p1a: Landorus|87\/100|[from] item: Leftovers\n|-heal|p2a: Hatterene|82\/100|[from] item: Leftovers\n|upkeep\n|turn|3\n|\n|t:|1700062138\n|switch|p2a: Ferrothorn|Ferrothorn, F|100\/100\n|move|p1a: Landorus|Earthquake|p2a: Ferrothorn\n|-damage|p2a: Ferrothorn|72\/100\n|\n|-heal|p1a: Landorus|93\/100|[from] item: Leftovers\n|upkeep\n|turn|4\n|\n|t:|1700062147\n|move|p1a: Landorus|Earthquake|p2a: Ferrothorn\n|-damage|p2a: Ferrothorn|46\/100\n|move|p2a: Ferrothorn|Stealth Rock|p1a: Landorus\n|-sidestart|p1: Whitebit09|move: Stealth Rock\n|\n|-heal|p1a: Landorus|99\/100|[from] item: Leftovers\n|upkeep\n|turn|5\n|inactive|Whitebit09 has 120 seconds left.\n|\n|t:|1700062153\n|move|p1a: Landorus|Defog|p2a: Ferrothorn\n|-unboost|p2a: Ferrothorn|evasion|1\n|-sideend|p1: Whitebit09|Stealth Rock|[from] move: Defog|[of] p1a: Landorus\n|move|p2a: Ferrothorn|Leech Seed|p1a: Landorus\n|-start|p1a: Landorus|move: Leech Seed\n|\n|-heal|p1a: Landorus|100\/100|[from] item: Leftovers\n|-damage|p1a: Landorus|88\/100|[from] Leech Seed|[of] p2a: Ferrothorn\n|-heal|p2a: Ferrothorn|59\/100|[silent]\n|upkeep\n|turn|6\n|\n|t:|1700062162\n|switch|p1a: Cinderace|Cinderace, M|100\/100\n|move|p2a: Ferrothorn|Stealth Rock|p1a: Cinderace\n|-sidestart|p1: Whitebit09|move: Stealth Rock\n|\n|upkeep\n|turn|7\n|\n|t:|1700062169\n|switch|p2a: Landorus|Landorus-Therian, M|100\/100\n|-ability|p2a: Landorus|Intimidate|boost\n|-unboost|p1a: Cinderace|atk|1\n|move|p1a: Cinderace|Pyro Ball|p2a: Landorus\n|-damage|p2a: Landorus|54\/100\n|-status|p2a: Landorus|brn\n|\n|-damage|p2a: Landorus|48\/100 brn|[from] brn\n|upkeep\n|turn|8\n|\n|t:|1700062188\n|switch|p1a: Clefable|Clefable, M|100\/100\n|-damage|p1a: Clefable|88\/100|[from] Stealth Rock\n|move|p2a: Landorus|U-turn|p1a: Clefable\n|-resisted|p1a: Clefable\n|-damage|p1a: Clefable|82\/100\n|j| xsk123\n|j| KoKohs\n|\n|t:|1700062216\n|switch|p2a: Iron Hands|Iron Hands|100\/100|[from] U-turn\n|\n|-heal|p1a: Clefable|88\/100|[from] item: Leftovers\n|upkeep\n|turn|9\n|\n|t:|1700062223\n|move|p1a: Clefable|Moonblast|p2a: Iron Hands\n|-supereffective|p2a: Iron Hands\n|-damage|p2a: Iron Hands|48\/100\n|-unboost|p2a: Iron Hands|spa|1\n|move|p2a: Iron Hands|Heavy Slam|p1a: Clefable\n|-supereffective|p1a: Clefable\n|-damage|p1a: Clefable|0 fnt\n|faint|p1a: Clefable\n|\n|upkeep\n|\n|t:|1700062237\n|switch|p1a: Cinderace|Cinderace, M|100\/100\n|-damage|p1a: Cinderace|76\/100|[from] Stealth Rock\n|turn|10\n|\n|t:|1700062241\n|-end|p2a: Iron Hands|Quark Drive|[silent]\n|switch|p2a: Landorus|Landorus-Therian, M|48\/100 brn\n|-ability|p2a: Landorus|Intimidate|boost\n|-unboost|p1a: Cinderace|atk|1\n|move|p1a: Cinderace|Zen Headbutt|p2a: Landorus\n|-start|p1a: Cinderace|typechange|Psychic|[from] ability: Libero\n|-damage|p2a: Landorus|20\/100 brn\n|\n|-damage|p2a: Landorus|14\/100 brn|[from] brn\n|upkeep\n|turn|11\n|\n|t:|1700062251\n|move|p2a: Landorus|U-turn|p1a: Cinderace\n|-supereffective|p1a: Cinderace\n|-damage|p1a: Cinderace|32\/100\n|\n|t:|1700062256\n|switch|p2a: Ferrothorn|Ferrothorn, F|59\/100|[from] U-turn\n|-zpower|p1a: Cinderace\n|move|p1a: Cinderace|Shattered Psyche|p2a: Ferrothorn|[zeffect]\n|-resisted|p2a: Ferrothorn\n|-damage|p2a: Ferrothorn|45\/100\n|\n|upkeep\n|turn|12\n|\n|t:|1700062260\n|switch|p2a: Landorus|Landorus-Therian, M|14\/100 brn\n|-ability|p2a: Landorus|Intimidate|boost\n|-unboost|p1a: Cinderace|atk|1\n|move|p1a: Cinderace|Pyro Ball|p2a: Landorus\n|-damage|p2a: Landorus|0 fnt\n|faint|p2a: Landorus\n|\n|upkeep\n|\n|t:|1700062265\n|switch|p2a: Samurott|Samurott-Hisui, F|100\/100\n|turn|13\n|\n|t:|1700062280\n|switch|p1a: Urshifu|Urshifu-Rapid-Strike, F|100\/100\n|-damage|p1a: Urshifu|94\/100|[from] Stealth Rock\n|move|p2a: Samurott|Ceaseless Edge|p1a: Urshifu\n|-resisted|p1a: Urshifu\n|-damage|p1a: Urshifu|71\/100\n|-sidestart|p1: Whitebit09|Spikes\n|\n|upkeep\n|turn|14\n|\n|t:|1700062287\n|switch|p2a: Ferrothorn|Ferrothorn, F|45\/100\n|move|p1a: Urshifu|U-turn|p2a: Ferrothorn\n|-damage|p2a: Ferrothorn|32\/100\n|-damage|p1a: Urshifu|59\/100|[from] ability: Iron Barbs|[of] p2a: Ferrothorn\n|-damage|p1a: Urshifu|43\/100|[from] item: Rocky Helmet|[of] p2a: Ferrothorn\n|\n|t:|1700062292\n|switch|p1a: Landorus|Landorus-Therian, M|88\/100|[from] U-turn\n|-damage|p1a: Landorus|76\/100|[from] Stealth Rock\n|-ability|p1a: Landorus|Intimidate|boost\n|-unboost|p2a: Ferrothorn|atk|1\n|\n|-heal|p1a: Landorus|82\/100|[from] item: Leftovers\n|upkeep\n|turn|15\n|\n|t:|1700062301\n|switch|p2a: Tapu Koko|Tapu Koko|100\/100\n|-fieldstart|move: Electric Terrain|[from] ability: Electric Surge|[of] p2a: Tapu Koko\n|move|p1a: Landorus|Defog|p2a: Tapu Koko\n|-unboost|p2a: Tapu Koko|evasion|1\n|-sideend|p1: Whitebit09|Spikes|[from] move: Defog|[of] p1a: Landorus\n|-sideend|p1: Whitebit09|Stealth Rock|[from] move: Defog|[of] p1a: Landorus\n|-fieldend|move: Electric Terrain\n|\n|-heal|p1a: Landorus|88\/100|[from] item: Leftovers\n|upkeep\n|turn|16\n|\n|t:|1700062314\n|switch|p2a: Ferrothorn|Ferrothorn, F|32\/100\n|switch|p1a: Kyurem|Kyurem|71\/100\n|-ability|p1a: Kyurem|Pressure\n|\n|upkeep\n|turn|17\n|\n|t:|1700062319\n|move|p1a: Kyurem|Ice Beam|p2a: Ferrothorn\n|-damage|p2a: Ferrothorn|0 fnt\n|faint|p2a: Ferrothorn\n|\n|upkeep\n|\n|t:|1700062320\n|switch|p2a: Samurott|Samurott-Hisui, F|100\/100\n|turn|18\n|\n|t:|1700062324\n|move|p1a: Kyurem|Freeze-Dry|p2a: Samurott\n|-supereffective|p2a: Samurott\n|-damage|p2a: Samurott|12\/100\n|move|p2a: Samurott|Ceaseless Edge|p1a: Kyurem\n|-damage|p1a: Kyurem|31\/100\n|-sidestart|p1: Whitebit09|Spikes\n|\n|upkeep\n|turn|19\n|\n|t:|1700062330\n|switch|p2a: Hatterene|Hatterene, F|82\/100\n|move|p1a: Kyurem|Roost|p1a: Kyurem\n|-heal|p1a: Kyurem|81\/100\n|-singleturn|p1a: Kyurem|move: Roost\n|\n|-heal|p2a: Hatterene|88\/100|[from] item: Leftovers\n|upkeep\n|turn|20\n|\n|t:|1700062340\n|-terastallize|p1a: Kyurem|Ground\n|move|p1a: Kyurem|Ice Beam|p2a: Hatterene\n|-damage|p2a: Hatterene|28\/100\n|move|p2a: Hatterene|Draining Kiss|p1a: Kyurem\n|-damage|p1a: Kyurem|56\/100\n|-heal|p2a: Hatterene|52\/100|[from] drain|[of] p1a: Kyurem\n|\n|-heal|p2a: Hatterene|58\/100|[from] item: Leftovers\n|upkeep\n|turn|21\n|\n|t:|1700062345\n|move|p1a: Kyurem|Ice Beam|p2a: Hatterene\n|-damage|p2a: Hatterene|0 fnt\n|faint|p2a: Hatterene\n|\n|upkeep\n|\n|t:|1700062350\n|switch|p2a: Samurott|Samurott-Hisui, F|12\/100\n|turn|22\n|\n|t:|1700062353\n|move|p2a: Samurott|Aqua Jet|p1a: Kyurem\n|-supereffective|p1a: Kyurem\n|-damage|p1a: Kyurem|22\/100\n|move|p1a: Kyurem|Ice Beam|p2a: Samurott\n|-resisted|p2a: Samurott\n|-damage|p2a: Samurott|0 fnt\n|faint|p2a: Samurott\n|\n|upkeep\n|\n|t:|1700062356\n|switch|p2a: Tapu Koko|Tapu Koko|100\/100\n|-fieldstart|move: Electric Terrain|[from] ability: Electric Surge|[of] p2a: Tapu Koko\n|turn|23\n|\n|t:|1700062364\n|move|p2a: Tapu Koko|Dazzling Gleam|p1a: Kyurem\n|-damage|p1a: Kyurem|0 fnt\n|faint|p1a: Kyurem\n|\n|upkeep\n|\n|t:|1700062371\n|switch|p1a: Landorus|Landorus-Therian, M|88\/100\n|-ability|p1a: Landorus|Intimidate|boost\n|-unboost|p2a: Tapu Koko|atk|1\n|turn|24\n|\n|t:|1700062391\n|move|p2a: Tapu Koko|Calm Mind|p2a: Tapu Koko\n|-boost|p2a: Tapu Koko|spa|1\n|-boost|p2a: Tapu Koko|spd|1\n|move|p1a: Landorus|Earthquake|p2a: Tapu Koko\n|-supereffective|p2a: Tapu Koko\n|-damage|p2a: Tapu Koko|0 fnt\n|faint|p2a: Tapu Koko\n|\n|-heal|p1a: Landorus|94\/100|[from] item: Leftovers\n|upkeep\n|\n|t:|1700062392\n|switch|p2a: Iron Hands|Iron Hands|48\/100\n|-activate|p2a: Iron Hands|ability: Quark Drive\n|-start|p2a: Iron Hands|quarkdriveatk\n|turn|25\n|\n|t:|1700062403\n|-terastallize|p2a: Iron Hands|Water\n|move|p1a: Landorus|Earthquake|p2a: Iron Hands\n|-damage|p2a: Iron Hands|16\/100\n|move|p2a: Iron Hands|Drain Punch|p1a: Landorus\n|-resisted|p1a: Landorus\n|-damage|p1a: Landorus|54\/100\n|-heal|p2a: Iron Hands|31\/100|[from] drain|[of] p1a: Landorus\n|\n|-heal|p1a: Landorus|60\/100|[from] item: Leftovers\n|upkeep\n|turn|26\n|\n|t:|1700062409\n|move|p1a: Landorus|Earthquake|p2a: Iron Hands\n|-damage|p2a: Iron Hands|0 fnt\n|faint|p2a: Iron Hands\n|-end|p2a: Iron Hands|Quark Drive|[silent]\n|\n|win|Whitebit09\n|raw|Whitebit09's rating: 1705 &rarr; <strong>1725<\/strong><br \/>(+20 for winning)\n|raw|NDLT4DBZ Cupcake's rating: 1710 &rarr; <strong>1690<\/strong><br \/>(-20 for losing)\n|l| xsk123\n|c|\u2606Whitebit09|gg\n|l| KoKohs\n","uploadtime":1700062432,"views":4,"p1id":"whitebit09","p2id":"ndlt4dbzcupcake","formatid":"gen9nationaldex","rating":1690,"private":0,"password":""}