{"id":"gen9nationaldex-1993314757","p1":"siak678","p2":"ldsadsadcsf","format":"[Gen 9] National Dex","log":"|j|\u2606siak678\n|j|\u2606ldsadsadcsf\n|t:|1700296446\n|gametype|singles\n|player|p1|siak678|caitlin|1441\n|player|p2|ldsadsadcsf|unknown|1417\n|teamsize|p1|6\n|teamsize|p2|6\n|gen|9\n|tier|[Gen 9] National Dex\n|rated|\n|rule|HP Percentage Mod: HP is shown in percentages\n|rule|Endless Battle Clause: Forcing endless battles is banned\n|rule|OHKO Clause: OHKO moves are banned\n|rule|Evasion Clause: Evasion abilities, items, and moves are banned\n|rule|Evasion Abilities Clause: Evasion abilities are banned\n|rule|Evasion Items Clause: Evasion items are banned\n|rule|Evasion Moves Clause: Evasion moves are banned\n|rule|Species Clause: Limit one of each Pok\u00e9mon\n|rule|Sleep Clause Mod: Limit one foe put to sleep\n|clearpoke\n|poke|p1|Lokix, M|\n|poke|p1|Landorus-Therian, M|\n|poke|p1|Toxapex, F|\n|poke|p1|Tapu Koko|\n|poke|p1|Iron Valiant|\n|poke|p1|Sneasler, M|\n|poke|p2|Weavile, F|\n|poke|p2|Kartana|\n|poke|p2|Landorus-Therian, M|\n|poke|p2|Ursaluna, F|\n|poke|p2|Volcanion|\n|poke|p2|Zapdos|\n|teampreview\n|inactive|Battle timer is ON: inactive players will automatically lose when time's up. (requested by ldsadsadcsf)\n|\n|t:|1700296450\n|start\n|switch|p1a: Tapu Koko|Tapu Koko|100\/100\n|switch|p2a: \u88f4\u64d2\u864e|Landorus-Therian, M, shiny|100\/100\n|-fieldstart|move: Electric Terrain|[from] ability: Electric Surge|[of] p1a: Tapu Koko\n|-ability|p2a: \u88f4\u64d2\u864e|Intimidate|boost\n|-unboost|p1a: Tapu Koko|atk|1\n|turn|1\n|\n|t:|1700296457\n|-zpower|p1a: Tapu Koko\n|move|p1a: Tapu Koko|Bloom Doom|p2a: \u88f4\u64d2\u864e|[zeffect]\n|-damage|p2a: \u88f4\u64d2\u864e|67\/100\n|move|p2a: \u88f4\u64d2\u864e|Stealth Rock|p1a: Tapu Koko\n|-sidestart|p1: siak678|move: Stealth Rock\n|\n|-heal|p2a: \u88f4\u64d2\u864e|73\/100|[from] item: Leftovers\n|upkeep\n|turn|2\n|\n|t:|1700296476\n|move|p1a: Tapu Koko|U-turn|p2a: \u88f4\u64d2\u864e\n|-resisted|p2a: \u88f4\u64d2\u864e\n|-damage|p2a: \u88f4\u64d2\u864e|68\/100\n|\n|t:|1700296486\n|switch|p1a: Iron Valiant|Iron Valiant|100\/100|[from] U-turn\n|-damage|p1a: Iron Valiant|94\/100|[from] Stealth Rock\n|-activate|p1a: Iron Valiant|ability: Quark Drive\n|-start|p1a: Iron Valiant|quarkdrivespe\n|move|p2a: \u88f4\u64d2\u864e|U-turn|p1a: Iron Valiant\n|-resisted|p1a: Iron Valiant\n|-damage|p1a: Iron Valiant|87\/100\n|\n|t:|1700296494\n|switch|p2a: \u53f8\u7a7a\u9707|Zapdos, shiny|100\/100|[from] U-turn\n|\n|upkeep\n|turn|3\n|\n|t:|1700296510\n|move|p1a: Iron Valiant|Moonblast|p2a: \u53f8\u7a7a\u9707\n|-damage|p2a: \u53f8\u7a7a\u9707|46\/100\n|-unboost|p2a: \u53f8\u7a7a\u9707|spa|1\n|-damage|p1a: Iron Valiant|78\/100|[from] item: Life Orb\n|move|p2a: \u53f8\u7a7a\u9707|Hurricane|p1a: Iron Valiant\n|-supereffective|p1a: Iron Valiant\n|-damage|p1a: Iron Valiant|0 fnt\n|faint|p1a: Iron Valiant\n|-end|p1a: Iron Valiant|Quark Drive|[silent]\n|\n|upkeep\n|\n|t:|1700296516\n|switch|p1a: Lokix|Lokix, M, shiny|100\/100\n|-damage|p1a: Lokix|76\/100|[from] Stealth Rock\n|turn|4\n|\n|t:|1700296522\n|switch|p2a: \u88f4\u64d2\u864e|Landorus-Therian, M, shiny|68\/100\n|-ability|p2a: \u88f4\u64d2\u864e|Intimidate|boost\n|-unboost|p1a: Lokix|atk|1\n|move|p1a: Lokix|First Impression|p2a: \u88f4\u64d2\u864e\n|-resisted|p2a: \u88f4\u64d2\u864e\n|-crit|p2a: \u88f4\u64d2\u864e\n|-damage|p2a: \u88f4\u64d2\u864e|0 fnt\n|faint|p2a: \u88f4\u64d2\u864e\n|-damage|p1a: Lokix|66\/100|[from] item: Life Orb\n|\n|upkeep\n|inactive|ldsadsadcsf has 120 seconds left.\n|\n|t:|1700296566\n|switch|p2a: \u97e9\u4fe1|Weavile, F, shiny|100\/100\n|-ability|p2a: \u97e9\u4fe1|Pressure\n|turn|5\n|\n|t:|1700296573\n|switch|p1a: Sneasler|Sneasler, M|100\/100\n|-damage|p1a: Sneasler|95\/100|[from] Stealth Rock\n|-enditem|p1a: Sneasler|Electric Seed\n|-boost|p1a: Sneasler|def|1|[from] item: Electric Seed\n|move|p2a: \u97e9\u4fe1|Triple Axel|p1a: Sneasler|[miss]\n|-miss|p2a: \u97e9\u4fe1|p1a: Sneasler\n|\n|-fieldend|move: Electric Terrain\n|upkeep\n|turn|6\n|inactive|ldsadsadcsf has 120 seconds left.\n|\n|t:|1700296593\n|switch|p2a: \u53f8\u7a7a\u9707|Zapdos, shiny|46\/100\n|move|p1a: Sneasler|Swords Dance|p1a: Sneasler\n|-boost|p1a: Sneasler|atk|2\n|\n|upkeep\n|turn|7\n|\n|t:|1700296600\n|move|p1a: Sneasler|Acrobatics|p2a: \u53f8\u7a7a\u9707\n|-resisted|p2a: \u53f8\u7a7a\u9707\n|-damage|p2a: \u53f8\u7a7a\u9707|16\/100\n|-status|p1a: Sneasler|par|[from] ability: Static|[of] p2a: \u53f8\u7a7a\u9707\n|move|p2a: \u53f8\u7a7a\u9707|Roost|p2a: \u53f8\u7a7a\u9707\n|-heal|p2a: \u53f8\u7a7a\u9707|67\/100\n|-singleturn|p2a: \u53f8\u7a7a\u9707|move: Roost\n|\n|upkeep\n|turn|8\n|inactive|ldsadsadcsf has 120 seconds left.\n|\n|t:|1700296607\n|move|p1a: Sneasler|Night Slash|p2a: \u53f8\u7a7a\u9707\n|-damage|p2a: \u53f8\u7a7a\u9707|29\/100\n|move|p2a: \u53f8\u7a7a\u9707|Roost|p2a: \u53f8\u7a7a\u9707\n|-heal|p2a: \u53f8\u7a7a\u9707|80\/100\n|-singleturn|p2a: \u53f8\u7a7a\u9707|move: Roost\n|\n|upkeep\n|turn|9\n|\n|t:|1700296613\n|move|p1a: Sneasler|Close Combat|p2a: \u53f8\u7a7a\u9707\n|-resisted|p2a: \u53f8\u7a7a\u9707\n|-damage|p2a: \u53f8\u7a7a\u9707|31\/100\n|-unboost|p1a: Sneasler|def|1\n|-unboost|p1a: Sneasler|spd|1\n|move|p2a: \u53f8\u7a7a\u9707|Hurricane|p1a: Sneasler\n|-supereffective|p1a: Sneasler\n|-damage|p1a: Sneasler|0 fnt\n|faint|p1a: Sneasler\n|\n|upkeep\n|\n|t:|1700296616\n|switch|p1a: Lokix|Lokix, M, shiny|66\/100\n|-damage|p1a: Lokix|41\/100|[from] Stealth Rock\n|turn|10\n|inactive|ldsadsadcsf has 120 seconds left.\n|\n|t:|1700296645\n|move|p1a: Lokix|Swords Dance|p1a: Lokix\n|-boost|p1a: Lokix|atk|2\n|move|p2a: \u53f8\u7a7a\u9707|Hurricane|p1a: Lokix\n|-supereffective|p1a: Lokix\n|-damage|p1a: Lokix|0 fnt\n|faint|p1a: Lokix\n|\n|upkeep\n|-message|siak678 forfeited.\n|\n|win|ldsadsadcsf\n|raw|siak678's rating: 1441 &rarr; <strong>1420<\/strong><br \/>(-21 for losing)\n|raw|ldsadsadcsf's rating: 1417 &rarr; <strong>1438<\/strong><br \/>(+21 for winning)\n|l|\u2606siak678\n","uploadtime":1700296654,"views":10,"p1id":"siak678","p2id":"ldsadsadcsf","formatid":"gen9nationaldex","rating":1420,"private":0,"password":""}