{"id":"gen9nationaldex-1994143466","p1":"Vittor_Rafael13","p2":"Lorius388","format":"[Gen 9] National Dex","log":"|j|\u2606Vittor_Rafael13\n|j|\u2606Lorius388\n|t:|1700411970\n|gametype|singles\n|player|p1|Vittor_Rafael13|102|1057\n|player|p2|Lorius388|hiker-gen4|1123\n|teamsize|p1|3\n|teamsize|p2|6\n|gen|9\n|tier|[Gen 9] National Dex\n|rated|\n|rule|HP Percentage Mod: HP is shown in percentages\n|rule|Endless Battle Clause: Forcing endless battles is banned\n|rule|OHKO Clause: OHKO moves are banned\n|rule|Evasion Clause: Evasion abilities, items, and moves are banned\n|rule|Evasion Abilities Clause: Evasion abilities are banned\n|rule|Evasion Items Clause: Evasion items are banned\n|rule|Evasion Moves Clause: Evasion moves are banned\n|rule|Species Clause: Limit one of each Pok\u00e9mon\n|rule|Sleep Clause Mod: Limit one foe put to sleep\n|clearpoke\n|poke|p1|Swampert, F|\n|poke|p1|Pelipper, M|\n|poke|p1|Minior|\n|poke|p2|Ferrothorn, F|\n|poke|p2|Espeon, M|\n|poke|p2|Slurpuff, F|\n|poke|p2|Pawmot, F|\n|poke|p2|Pinsir, M|\n|poke|p2|Blaziken, M|\n|teampreview\n|\n|t:|1700411980\n|start\n|switch|p1a: Pelipper|Pelipper, M|100\/100\n|switch|p2a: Espeon|Espeon, M|100\/100\n|-weather|RainDance|[from] ability: Drizzle|[of] p1a: Pelipper\n|turn|1\n|inactive|Battle timer is ON: inactive players will automatically lose when time's up. (requested by Lorius388)\n|\n|t:|1700411988\n|-zpower|p2a: Espeon\n|move|p2a: Espeon|Z-Celebrate|p2a: Espeon|[anim]Celebrate\n|-boost|p2a: Espeon|atk|1|[zeffect]\n|-boost|p2a: Espeon|def|1|[zeffect]\n|-boost|p2a: Espeon|spa|1|[zeffect]\n|-boost|p2a: Espeon|spd|1|[zeffect]\n|-boost|p2a: Espeon|spe|1|[zeffect]\n|-activate|p2a: Espeon|move: Celebrate\n|move|p1a: Pelipper|U-turn|p2a: Espeon\n|-supereffective|p2a: Espeon\n|-crit|p2a: Espeon\n|-damage|p2a: Espeon|49\/100\n|\n|t:|1700411992\n|switch|p1a: Swampert|Swampert, F|100\/100|[from] U-turn\n|\n|-weather|RainDance|[upkeep]\n|upkeep\n|turn|2\n|\n|t:|1700412001\n|detailschange|p1a: Swampert|Swampert-Mega, F\n|-mega|p1a: Swampert|Swampert|Swampertite\n|move|p2a: Espeon|Stored Power|p1a: Swampert\n|-damage|p1a: Swampert|8\/100\n|move|p1a: Swampert|Earthquake|p2a: Espeon\n|-crit|p2a: Espeon\n|-damage|p2a: Espeon|0 fnt\n|faint|p2a: Espeon\n|\n|-weather|RainDance|[upkeep]\n|upkeep\n|\n|t:|1700412014\n|switch|p2a: Ferrothorn|Ferrothorn, F|100\/100\n|turn|3\n|\n|t:|1700412019\n|move|p1a: Swampert|Earthquake|p2a: Ferrothorn\n|-damage|p2a: Ferrothorn|44\/100\n|move|p2a: Ferrothorn|Power Whip|p1a: Swampert\n|-supereffective|p1a: Swampert\n|-damage|p1a: Swampert|0 fnt\n|faint|p1a: Swampert\n|\n|-weather|RainDance|[upkeep]\n|upkeep\n|\n|t:|1700412023\n|switch|p1a: Pelipper|Pelipper, M|100\/100\n|turn|4\n|\n|t:|1700412029\n|move|p1a: Pelipper|Scald|p2a: Ferrothorn\n|-resisted|p2a: Ferrothorn\n|-damage|p2a: Ferrothorn|29\/100\n|move|p2a: Ferrothorn|Leech Seed|p1a: Pelipper\n|-start|p1a: Pelipper|move: Leech Seed\n|\n|-weather|RainDance|[upkeep]\n|-damage|p1a: Pelipper|88\/100|[from] Leech Seed|[of] p2a: Ferrothorn\n|-heal|p2a: Ferrothorn|42\/100|[silent]\n|upkeep\n|turn|5\n|\n|t:|1700412039\n|move|p1a: Pelipper|Scald|p2a: Ferrothorn\n|-resisted|p2a: Ferrothorn\n|-damage|p2a: Ferrothorn|27\/100\n|move|p2a: Ferrothorn|Toxic|p1a: Pelipper\n|-status|p1a: Pelipper|tox\n|\n|-weather|RainDance|[upkeep]\n|-damage|p1a: Pelipper|76\/100 tox|[from] Leech Seed|[of] p2a: Ferrothorn\n|-heal|p2a: Ferrothorn|40\/100|[silent]\n|-damage|p1a: Pelipper|70\/100 tox|[from] psn\n|upkeep\n|turn|6\n|\n|t:|1700412053\n|move|p1a: Pelipper|Scald|p2a: Ferrothorn\n|-resisted|p2a: Ferrothorn\n|-damage|p2a: Ferrothorn|25\/100\n|move|p2a: Ferrothorn|Gyro Ball|p1a: Pelipper\n|-resisted|p1a: Pelipper\n|-damage|p1a: Pelipper|55\/100 tox\n|\n|-weather|RainDance|[upkeep]\n|-damage|p1a: Pelipper|42\/100 tox|[from] Leech Seed|[of] p2a: Ferrothorn\n|-heal|p2a: Ferrothorn|39\/100|[silent]\n|-damage|p1a: Pelipper|30\/100 tox|[from] psn\n|upkeep\n|turn|7\n|c|\u2606Vittor_Rafael13|weak Ferrothorn\n|\n|t:|1700412076\n|move|p1a: Pelipper|U-turn|p2a: Ferrothorn\n|-damage|p2a: Ferrothorn|31\/100\n|-damage|p1a: Pelipper|18\/100 tox|[from] ability: Iron Barbs|[of] p2a: Ferrothorn\n|-damage|p1a: Pelipper|1\/100 tox|[from] item: Rocky Helmet|[of] p2a: Ferrothorn\n|\n|t:|1700412079\n|switch|p1a: Minior|Minior|100\/100|[from] U-turn\n|-formechange|p1a: Minior|Minior-Meteor||[from] ability: Shields Down\n|move|p2a: Ferrothorn|Gyro Ball|p1a: Minior\n|-supereffective|p1a: Minior\n|-damage|p1a: Minior|0 fnt\n|faint|p1a: Minior\n|\n|-weather|RainDance|[upkeep]\n|upkeep\n|c|\u2606Lorius388|yes and he is beating you\n|\n|t:|1700412082\n|switch|p1a: Pelipper|Pelipper, M|1\/100 tox\n|turn|8\n|c|\u2606Vittor_Rafael13|gg\n|-message|Vittor_Rafael13 forfeited.\n|\n|win|Lorius388\n|raw|Vittor_Rafael13's rating: 1057 &rarr; <strong>1042<\/strong><br \/>(-15 for losing)\n|raw|Lorius388's rating: 1123 &rarr; <strong>1143<\/strong><br \/>(+20 for winning)\n|l|\u2606Vittor_Rafael13\n","uploadtime":1700412159,"views":7,"p1id":"vittorrafael13","p2id":"lorius388","formatid":"gen9nationaldex","rating":1042,"private":0,"password":""}