{"id":"gen9nationaldex-1990030910","p1":"Pickedman","p2":"Sheilwood","format":"[Gen 9] National Dex","log":"|j|\u2606Pickedman\n|j|\u2606Sheilwood\n|t:|1699917161\n|gametype|singles\n|player|p1|Pickedman|zinnia|\n|player|p2|Sheilwood|acetrainerf|\n|teamsize|p1|6\n|teamsize|p2|6\n|gen|9\n|tier|[Gen 9] National Dex\n|rule|HP Percentage Mod: HP is shown in percentages\n|rule|Endless Battle Clause: Forcing endless battles is banned\n|rule|OHKO Clause: OHKO moves are banned\n|rule|Evasion Clause: Evasion abilities, items, and moves are banned\n|rule|Evasion Abilities Clause: Evasion abilities are banned\n|rule|Evasion Items Clause: Evasion items are banned\n|rule|Evasion Moves Clause: Evasion moves are banned\n|rule|Species Clause: Limit one of each Pok\u00e9mon\n|rule|Sleep Clause Mod: Limit one foe put to sleep\n|clearpoke\n|poke|p1|Arbok, M|\n|poke|p1|Landorus-Therian, M|\n|poke|p1|Gliscor, F|\n|poke|p1|Alomomola, F|\n|poke|p1|Toxapex, F|\n|poke|p1|Clodsire, M|\n|poke|p2|Lopunny, F|\n|poke|p2|Scream Tail|\n|poke|p2|Dondozo, M|\n|poke|p2|Gliscor, F|\n|poke|p2|Toxapex, M|\n|poke|p2|Great Tusk|\n|teampreview\n|inactive|Battle timer is ON: inactive players will automatically lose when time's up. (requested by Sheilwood)\n|c|\u2606Sheilwood|glhf\n|c|\u2606Pickedman|u2\n|\n|t:|1699917180\n|start\n|switch|p1a: Arbok|Arbok, M|100\/100\n|switch|p2a: Great Tusk|Great Tusk|100\/100\n|-ability|p1a: Arbok|Intimidate|boost\n|-unboost|p2a: Great Tusk|atk|1\n|turn|1\n|\n|t:|1699917193\n|move|p2a: Great Tusk|Stealth Rock|p1a: Arbok\n|-sidestart|p1: Pickedman|move: Stealth Rock\n|move|p1a: Arbok|Substitute|p1a: Arbok\n|-start|p1a: Arbok|Substitute\n|-damage|p1a: Arbok|75\/100\n|\n|-heal|p1a: Arbok|82\/100|[from] item: Black Sludge\n|upkeep\n|turn|2\n|\n|t:|1699917201\n|-end|p2a: Great Tusk|Protosynthesis|[silent]\n|switch|p2a: Toxapex|Toxapex, M|100\/100\n|move|p1a: Arbok|Toxic|p2a: Toxapex\n|-immune|p2a: Toxapex\n|\n|-heal|p1a: Arbok|88\/100|[from] item: Black Sludge\n|upkeep\n|turn|3\n|\n|t:|1699917224\n|switch|p1a: Gliscor|Gliscor, F|100\/100\n|-damage|p1a: Gliscor|88\/100|[from] Stealth Rock\n|move|p2a: Toxapex|Scald|p1a: Gliscor\n|-supereffective|p1a: Gliscor\n|-damage|p1a: Gliscor|47\/100\n|\n|-status|p1a: Gliscor|tox|[from] item: Toxic Orb\n|upkeep\n|turn|4\n|c|\u2606Sheilwood|I brought big stall\n|\n|t:|1699917236\n|switch|p2a: Gliscor|Gliscor, F|100\/100\n|move|p1a: Gliscor|Protect||[still]\n|-fail|p1a: Gliscor\n|\n|-heal|p1a: Gliscor|60\/100 tox|[from] ability: Poison Heal\n|-status|p2a: Gliscor|tox|[from] item: Toxic Orb\n|upkeep\n|turn|5\n|\n|t:|1699917243\n|move|p2a: Gliscor|Swords Dance|p2a: Gliscor\n|-boost|p2a: Gliscor|atk|2\n|move|p1a: Gliscor|Defog|p2a: Gliscor\n|-unboost|p2a: Gliscor|evasion|1\n|-sideend|p1: Pickedman|Stealth Rock|[from] move: Defog|[of] p1a: Gliscor\n|\n|-heal|p1a: Gliscor|72\/100 tox|[from] ability: Poison Heal\n|upkeep\n|turn|6\n|\n|t:|1699917254\n|switch|p1a: Clodsire|Clodsire, M|100\/100\n|move|p2a: Gliscor|Facade|p1a: Clodsire\n|-damage|p1a: Clodsire|67\/100\n|\n|-heal|p1a: Clodsire|74\/100|[from] item: Leftovers\n|upkeep\n|turn|7\n|\n|t:|1699917264\n|switch|p1a: Landorus|Landorus-Therian, M|100\/100\n|-ability|p1a: Landorus|Intimidate|boost\n|-unboost|p2a: Gliscor|atk|1\n|move|p2a: Gliscor|Earthquake|p1a: Landorus\n|-immune|p1a: Landorus\n|\n|upkeep\n|turn|8\n|\n|t:|1699917275\n|move|p1a: Landorus|Stone Edge|p2a: Gliscor\n|-damage|p2a: Gliscor|68\/100 tox\n|move|p2a: Gliscor|Swords Dance|p2a: Gliscor\n|-boost|p2a: Gliscor|atk|2\n|\n|-heal|p2a: Gliscor|81\/100 tox|[from] ability: Poison Heal\n|upkeep\n|turn|9\n|\n|t:|1699917280\n|move|p1a: Landorus|Stone Edge|p2a: Gliscor\n|-damage|p2a: Gliscor|51\/100 tox\n|move|p2a: Gliscor|Facade|p1a: Landorus\n|-damage|p1a: Landorus|9\/100\n|\n|-heal|p2a: Gliscor|63\/100 tox|[from] ability: Poison Heal\n|upkeep\n|turn|10\n|\n|t:|1699917287\n|switch|p1a: Gliscor|Gliscor, F|72\/100 tox\n|move|p2a: Gliscor|Roost|p2a: Gliscor\n|-heal|p2a: Gliscor|100\/100 tox\n|-singleturn|p2a: Gliscor|move: Roost\n|\n|-heal|p1a: Gliscor|85\/100 tox|[from] ability: Poison Heal\n|upkeep\n|turn|11\n|\n|t:|1699917294\n|switch|p1a: Toxapex|Toxapex, F|100\/100\n|move|p2a: Gliscor|Facade|p1a: Toxapex\n|-damage|p1a: Toxapex|41\/100\n|\n|upkeep\n|turn|12\n|\n|t:|1699917301\n|switch|p1a: Landorus|Landorus-Therian, M|9\/100\n|-ability|p1a: Landorus|Intimidate|boost\n|-unboost|p2a: Gliscor|atk|1\n|move|p2a: Gliscor|Facade|p1a: Landorus\n|-damage|p1a: Landorus|0 fnt\n|faint|p1a: Landorus\n|\n|upkeep\n|c|\u2606Sheilwood|This is stall, trust\n|\n|t:|1699917312\n|switch|p1a: Alomomola|Alomomola, F|100\/100\n|turn|13\n|c|\u2606Pickedman|im noticingg the arbok climax struggles with sd gliscor\n|\n|t:|1699917329\n|switch|p2a: Toxapex|Toxapex, M|100\/100\n|move|p1a: Alomomola|Wish|p1a: Alomomola\n|\n|upkeep\n|turn|14\n|\n|t:|1699917341\n|move|p1a: Alomomola|Flip Turn|p2a: Toxapex\n|-resisted|p2a: Toxapex\n|-damage|p2a: Toxapex|95\/100\n|c|\u2606Sheilwood|Just a bit\n|\n|t:|1699917350\n|switch|p1a: Clodsire|Clodsire, M|74\/100|[from] Flip Turn\n|move|p2a: Toxapex|Knock Off|p1a: Clodsire\n|-damage|p1a: Clodsire|60\/100\n|-enditem|p1a: Clodsire|Leftovers|[from] move: Knock Off|[of] p2a: Toxapex\n|\n|-heal|p1a: Clodsire|100\/100|[from] move: Wish|[wisher] Alomomola\n|upkeep\n|turn|15\n|\n|t:|1699917365\n|switch|p2a: Gliscor|Gliscor, F|100\/100 tox\n|move|p1a: Clodsire|Earthquake|p2a: Gliscor\n|-immune|p2a: Gliscor\n|\n|upkeep\n|turn|16\n|\n|t:|1699917384\n|switch|p1a: Gliscor|Gliscor, F|85\/100 tox\n|move|p2a: Gliscor|Swords Dance|p2a: Gliscor\n|-boost|p2a: Gliscor|atk|2\n|\n|-heal|p1a: Gliscor|97\/100 tox|[from] ability: Poison Heal\n|upkeep\n|turn|17\n|inactive|Pickedman has 270 seconds left.\n|\n|t:|1699917406\n|switch|p1a: Clodsire|Clodsire, M|100\/100\n|move|p2a: Gliscor|Swords Dance|p2a: Gliscor\n|-boost|p2a: Gliscor|atk|2\n|\n|upkeep\n|turn|18\n|inactive|Pickedman has 270 seconds left.\n|\n|t:|1699917413\n|move|p2a: Gliscor|Earthquake|p1a: Clodsire\n|-supereffective|p1a: Clodsire\n|-damage|p1a: Clodsire|38\/100\n|move|p1a: Clodsire|Poison Jab|p2a: Gliscor\n|-resisted|p2a: Gliscor\n|-damage|p2a: Gliscor|91\/100 tox\n|\n|-heal|p2a: Gliscor|100\/100 tox|[from] ability: Poison Heal\n|upkeep\n|turn|19\n|inactive|Pickedman has 270 seconds left.\n|\n|t:|1699917436\n|switch|p1a: Gliscor|Gliscor, F|97\/100 tox\n|move|p2a: Gliscor|Earthquake|p1a: Gliscor\n|-immune|p1a: Gliscor\n|\n|-heal|p1a: Gliscor|100\/100 tox|[from] ability: Poison Heal\n|upkeep\n|turn|20\n|-message|Pickedman forfeited.\n|\n|win|Sheilwood\n|l|\u2606Pickedman\n|c|\u2606Sheilwood|gg\n","uploadtime":1699917467,"views":5,"p1id":"pickedman","p2id":"sheilwood","formatid":"gen9nationaldex","rating":0,"private":0,"password":""}