{"id":"gen9nationaldex-1998105179","p1":"sighz 0-0","p2":"Oculars Alt\u2655","format":"[Gen 9] National Dex","log":"|j|\u2606sighz 0-0\n|j|\u2606Oculars Alt\u2655\n|inactive|Battle timer is ON: inactive players will automatically lose when time's up.\n|t:|1700892150\n|gametype|singles\n|player|p1|sighz 0-0|may-contest|\n|player|p2|Oculars Alt\u2655|lusamine-nihilego|\n|teamsize|p1|6\n|teamsize|p2|6\n|gen|9\n|tier|[Gen 9] National Dex\n|rated|Tournament battle\n|rule|HP Percentage Mod: HP is shown in percentages\n|rule|Endless Battle Clause: Forcing endless battles is banned\n|rule|OHKO Clause: OHKO moves are banned\n|rule|Evasion Clause: Evasion abilities, items, and moves are banned\n|rule|Evasion Abilities Clause: Evasion abilities are banned\n|rule|Evasion Items Clause: Evasion items are banned\n|rule|Evasion Moves Clause: Evasion moves are banned\n|rule|Species Clause: Limit one of each Pok\u00e9mon\n|rule|Sleep Clause Mod: Limit one foe put to sleep\n|clearpoke\n|poke|p1|Blacephalon|\n|poke|p1|Snorlax, F|\n|poke|p1|Landorus-Therian, M|\n|poke|p1|Victini|\n|poke|p1|Bisharp, M|\n|poke|p1|Diancie|\n|poke|p2|Chansey, F|\n|poke|p2|Alomomola, F|\n|poke|p2|Dondozo, M|\n|poke|p2|Dugtrio, M|\n|poke|p2|Sableye, M|\n|poke|p2|Gliscor, F|\n|teampreview\n|j| Patar136\n|j| XXMurdrXX\n|j| bingo bronson\n|\n|t:|1700892164\n|start\n|switch|p1a: Landorus|Landorus-Therian, M|100\/100\n|switch|p2a: WUHAN BAT SOUP|Gliscor, F|100\/100\n|-ability|p1a: Landorus|Intimidate|boost\n|-unboost|p2a: WUHAN BAT SOUP|atk|1\n|turn|1\n|\n|t:|1700892168\n|move|p2a: WUHAN BAT SOUP|Toxic|p1a: Landorus\n|-status|p1a: Landorus|tox\n|move|p1a: Landorus|Stealth Rock|p2a: WUHAN BAT SOUP\n|-sidestart|p2: Oculars Alt\u2655|move: Stealth Rock\n|\n|-damage|p1a: Landorus|94\/100 tox|[from] psn\n|-status|p2a: WUHAN BAT SOUP|tox|[from] item: Toxic Orb\n|upkeep\n|turn|2\n|\n|t:|1700892171\n|move|p2a: WUHAN BAT SOUP|Spikes|p1a: Landorus\n|-sidestart|p1: sighz 0-0|Spikes\n|move|p1a: Landorus|Explosion|p2a: WUHAN BAT SOUP\n|-enditem|p1a: Landorus|Normal Gem|[from] gem\n|-damage|p2a: WUHAN BAT SOUP|17\/100 tox\n|faint|p1a: Landorus\n|\n|-heal|p2a: WUHAN BAT SOUP|29\/100 tox|[from] ability: Poison Heal\n|upkeep\n|\n|t:|1700892181\n|switch|p1a: Diancie|Diancie|100\/100\n|-damage|p1a: Diancie|88\/100|[from] Spikes\n|turn|3\n|\n|t:|1700892190\n|switch|p2a: SHAMONEAMOLA|Alomomola, F|100\/100\n|detailschange|p1a: Diancie|Diancie-Mega\n|-mega|p1a: Diancie|Diancie|Diancite\n|move|p1a: Diancie|Diamond Storm|p2a: SHAMONEAMOLA\n|-damage|p2a: SHAMONEAMOLA|74\/100\n|\n|upkeep\n|turn|4\n|\n|t:|1700892193\n|move|p1a: Diancie|Moonblast|p2a: SHAMONEAMOLA\n|-damage|p2a: SHAMONEAMOLA|9\/100\n|move|p2a: SHAMONEAMOLA|Flip Turn|p1a: Diancie\n|-supereffective|p1a: Diancie\n|-damage|p1a: Diancie|45\/100\n|\n|t:|1700892196\n|switch|p2a: IM STUCK STEP BRO|Dugtrio, M|100\/100|[from] Flip Turn\n|-damage|p2a: IM STUCK STEP BRO|94\/100|[from] Stealth Rock\n|\n|upkeep\n|turn|5\n|\n|t:|1700892198\n|move|p2a: IM STUCK STEP BRO|Stone Edge|p1a: Diancie|[miss]\n|-miss|p2a: IM STUCK STEP BRO|p1a: Diancie\n|move|p1a: Diancie|Moonblast|p2a: IM STUCK STEP BRO\n|-damage|p2a: IM STUCK STEP BRO|0 fnt\n|faint|p2a: IM STUCK STEP BRO\n|\n|upkeep\n|c|\u2606sighz 0-0|im sorry\n|c|\u2606Oculars Alt\u2655|I CLICKED EQ\n|\n|t:|1700892210\n|switch|p2a: ASS CANCER|Chansey, F|100\/100\n|-damage|p2a: ASS CANCER|88\/100|[from] Stealth Rock\n|turn|6\n|j| Velcroc\n|\n|t:|1700892216\n|move|p1a: Diancie|Diamond Storm|p2a: ASS CANCER\n|-damage|p2a: ASS CANCER|55\/100\n|move|p2a: ASS CANCER|Teleport|p2a: ASS CANCER\n|j| Volo vs showdown\n|\n|t:|1700892223\n|switch|p2a: DIABETIES BURGER|Dondozo, M|100\/100|[from] Teleport\n|\n|upkeep\n|turn|7\n|\n|t:|1700892226\n|move|p1a: Diancie|Moonblast|p2a: DIABETIES BURGER\n|-damage|p2a: DIABETIES BURGER|46\/100\n|-unboost|p2a: DIABETIES BURGER|spa|1\n|move|p2a: DIABETIES BURGER|Liquidation|p1a: Diancie\n|-supereffective|p1a: Diancie\n|-damage|p1a: Diancie|0 fnt\n|faint|p1a: Diancie\n|\n|upkeep\n|c|\u2606Oculars Alt\u2655|so much aids\n|c| Patar136|sighz I want you to win\n|c|\u2606Oculars Alt\u2655|I clicked eq\n|c| Patar136|lol\n|\n|t:|1700892241\n|switch|p1a: Blacephalon|Blacephalon|100\/100\n|-damage|p1a: Blacephalon|88\/100|[from] Spikes\n|turn|8\n|\n|t:|1700892251\n|switch|p1a: Victini|Victini|100\/100\n|-damage|p1a: Victini|88\/100|[from] Spikes\n|switch|p2a: ASS CANCER|Chansey, F|55\/100\n|-damage|p2a: ASS CANCER|43\/100|[from] Stealth Rock\n|\n|upkeep\n|turn|9\n|\n|t:|1700892257\n|switch|p2a: EBOLA STALL|Sableye, M|100\/100\n|-damage|p2a: EBOLA STALL|88\/100|[from] Stealth Rock\n|move|p1a: Victini|V-create|p2a: EBOLA STALL\n|-damage|p2a: EBOLA STALL|7\/100\n|-unboost|p1a: Victini|spe|1\n|-unboost|p1a: Victini|def|1\n|-unboost|p1a: Victini|spd|1\n|\n|upkeep\n|turn|10\n|\n|t:|1700892263\n|move|p2a: EBOLA STALL|Recover|p2a: EBOLA STALL\n|-heal|p2a: EBOLA STALL|57\/100\n|move|p1a: Victini|V-create|p2a: EBOLA STALL\n|-damage|p2a: EBOLA STALL|0 fnt\n|-unboost|p1a: Victini|spe|1\n|-unboost|p1a: Victini|def|1\n|-unboost|p1a: Victini|spd|1\n|faint|p2a: EBOLA STALL\n|\n|upkeep\n|\n|t:|1700892268\n|switch|p2a: SHAMONEAMOLA|Alomomola, F|42\/100\n|turn|11\n|\n|t:|1700892274\n|switch|p1a: Blacephalon|Blacephalon|88\/100\n|-damage|p1a: Blacephalon|76\/100|[from] Spikes\n|move|p2a: SHAMONEAMOLA|Wish|p2a: SHAMONEAMOLA\n|\n|upkeep\n|turn|12\n|j| Ineros\n|\n|t:|1700892282\n|move|p2a: SHAMONEAMOLA|Protect|p2a: SHAMONEAMOLA\n|-singleturn|p2a: SHAMONEAMOLA|Protect\n|move|p1a: Blacephalon|Explosion|p2a: SHAMONEAMOLA\n|-activate|p2a: SHAMONEAMOLA|move: Protect\n|faint|p1a: Blacephalon\n|\n|-heal|p2a: SHAMONEAMOLA|92\/100|[from] move: Wish|[wisher] SHAMONEAMOLA\n|upkeep\n|\n|t:|1700892287\n|switch|p1a: Victini|Victini|88\/100\n|-damage|p1a: Victini|76\/100|[from] Spikes\n|turn|13\n|c|\u2606Oculars Alt\u2655|its illegal for me to lose to braindead\n|\n|t:|1700892296\n|switch|p2a: WUHAN BAT SOUP|Gliscor, F|29\/100 tox\n|-damage|p2a: WUHAN BAT SOUP|17\/100 tox|[from] Stealth Rock\n|move|p1a: Victini|Bolt Strike|p2a: WUHAN BAT SOUP\n|-immune|p2a: WUHAN BAT SOUP\n|\n|-heal|p2a: WUHAN BAT SOUP|29\/100 tox|[from] ability: Poison Heal\n|upkeep\n|turn|14\n|\n|t:|1700892301\n|switch|p1a: Snorlax|Snorlax, F, shiny|100\/100\n|-damage|p1a: Snorlax|88\/100|[from] Spikes\n|move|p2a: WUHAN BAT SOUP|Roost|p2a: WUHAN BAT SOUP\n|-heal|p2a: WUHAN BAT SOUP|79\/100 tox\n|-singleturn|p2a: WUHAN BAT SOUP|move: Roost\n|\n|-heal|p2a: WUHAN BAT SOUP|92\/100 tox|[from] ability: Poison Heal\n|upkeep\n|turn|15\n|l| XXMurdrXX\n|\n|t:|1700892306\n|move|p2a: WUHAN BAT SOUP|Toxic|p1a: Snorlax\n|-status|p1a: Snorlax|tox\n|move|p1a: Snorlax|Curse|p1a: Snorlax\n|-unboost|p1a: Snorlax|spe|1\n|-boost|p1a: Snorlax|atk|1\n|-boost|p1a: Snorlax|def|1\n|\n|-heal|p2a: WUHAN BAT SOUP|100\/100 tox|[from] ability: Poison Heal\n|-damage|p1a: Snorlax|82\/100 tox|[from] psn\n|upkeep\n|turn|16\n|\n|t:|1700892311\n|move|p2a: WUHAN BAT SOUP|Spikes|p1a: Snorlax\n|-sidestart|p1: sighz 0-0|Spikes\n|move|p1a: Snorlax|Body Slam|p2a: WUHAN BAT SOUP\n|-damage|p2a: WUHAN BAT SOUP|63\/100 tox\n|\n|-heal|p2a: WUHAN BAT SOUP|75\/100 tox|[from] ability: Poison Heal\n|-damage|p1a: Snorlax|70\/100 tox|[from] psn\n|upkeep\n|turn|17\n|\n|t:|1700892315\n|move|p2a: WUHAN BAT SOUP|Spikes|p1a: Snorlax\n|-sidestart|p1: sighz 0-0|Spikes\n|move|p1a: Snorlax|Self-Destruct|p2a: WUHAN BAT SOUP\n|-damage|p2a: WUHAN BAT SOUP|0 fnt\n|faint|p1a: Snorlax\n|faint|p2a: WUHAN BAT SOUP\n|\n|upkeep\n|\n|t:|1700892320\n|switch|p2a: SHAMONEAMOLA|Alomomola, F|100\/100\n|switch|p1a: Victini|Victini|76\/100\n|-damage|p1a: Victini|51\/100|[from] Spikes\n|turn|18\n|c| Ineros|Lmao\n|\n|t:|1700892325\n|move|p2a: SHAMONEAMOLA|Protect|p2a: SHAMONEAMOLA\n|-singleturn|p2a: SHAMONEAMOLA|Protect\n|move|p1a: Victini|Bolt Strike|p2a: SHAMONEAMOLA\n|-activate|p2a: SHAMONEAMOLA|move: Protect\n|\n|upkeep\n|turn|19\n|\n|t:|1700892336\n|-terastallize|p2a: SHAMONEAMOLA|Dragon\n|move|p1a: Victini|Bolt Strike|p2a: SHAMONEAMOLA\n|-resisted|p2a: SHAMONEAMOLA\n|-damage|p2a: SHAMONEAMOLA|93\/100\n|move|p2a: SHAMONEAMOLA|Toxic|p1a: Victini\n|-status|p1a: Victini|tox\n|\n|-damage|p1a: Victini|45\/100 tox|[from] psn\n|upkeep\n|turn|20\n|\n|t:|1700892340\n|switch|p1a: Bisharp|Bisharp, M|100\/100\n|-damage|p1a: Bisharp|76\/100|[from] Spikes\n|move|p2a: SHAMONEAMOLA|Wish|p2a: SHAMONEAMOLA\n|\n|upkeep\n|turn|21\n|\n|t:|1700892347\n|-terastallize|p1a: Bisharp|Dark\n|move|p1a: Bisharp|Knock Off|p2a: SHAMONEAMOLA\n|-damage|p2a: SHAMONEAMOLA|45\/100\n|-enditem|p2a: SHAMONEAMOLA|Heavy-Duty Boots|[from] move: Knock Off|[of] p1a: Bisharp\n|-damage|p1a: Bisharp|66\/100|[from] item: Life Orb\n|move|p2a: SHAMONEAMOLA|Flip Turn|p1a: Bisharp\n|-damage|p1a: Bisharp|47\/100\n|\n|t:|1700892351\n|switch|p2a: DIABETIES BURGER|Dondozo, M|46\/100|[from] Flip Turn\n|\n|-heal|p2a: DIABETIES BURGER|99\/100|[from] move: Wish|[wisher] SHAMONEAMOLA\n|upkeep\n|turn|22\n|\n|t:|1700892355\n|move|p1a: Bisharp|Knock Off|p2a: DIABETIES BURGER\n|-damage|p2a: DIABETIES BURGER|59\/100\n|-enditem|p2a: DIABETIES BURGER|Heavy-Duty Boots|[from] move: Knock Off|[of] p1a: Bisharp\n|-damage|p1a: Bisharp|37\/100|[from] item: Life Orb\n|move|p2a: DIABETIES BURGER|Curse|p2a: DIABETIES BURGER\n|-unboost|p2a: DIABETIES BURGER|spe|1\n|-boost|p2a: DIABETIES BURGER|atk|1\n|-boost|p2a: DIABETIES BURGER|def|1\n|\n|upkeep\n|turn|23\n|c| Patar136|no more boots\n|\n|t:|1700892360\n|switch|p1a: Victini|Victini|45\/100 tox\n|-damage|p1a: Victini|20\/100 tox|[from] Spikes\n|move|p2a: DIABETIES BURGER|Rest|p2a: DIABETIES BURGER\n|-status|p2a: DIABETIES BURGER|slp|[from] move: Rest\n|-heal|p2a: DIABETIES BURGER|100\/100 slp|[silent]\n|\n|-damage|p1a: Victini|13\/100 tox|[from] psn\n|upkeep\n|turn|24\n|c| Ineros|Let\u2019s go\n|\n|t:|1700892365\n|move|p1a: Victini|Final Gambit|p2a: DIABETIES BURGER\n|-damage|p2a: DIABETIES BURGER|90\/100 slp\n|faint|p1a: Victini\n|cant|p2a: DIABETIES BURGER|slp\n|move|p2a: DIABETIES BURGER|Sleep Talk|p2a: DIABETIES BURGER\n|move|p2a: DIABETIES BURGER|Curse|p2a: DIABETIES BURGER|[from]move: Sleep Talk\n|-unboost|p2a: DIABETIES BURGER|spe|1\n|-boost|p2a: DIABETIES BURGER|atk|1\n|-boost|p2a: DIABETIES BURGER|def|1\n|\n|upkeep\n|c| Ineros|copesharp ain\u2019t winning\n|c|\u2606sighz 0-0|ye i lost\n|c|\u2606sighz 0-0|gg\n|c|\u2606Oculars Alt\u2655|gg\n|\n|t:|1700892373\n|switch|p1a: Bisharp|Bisharp, M, tera:Dark|37\/100\n|-damage|p1a: Bisharp|12\/100|[from] Spikes\n|turn|25\n|c|\u2606sighz 0-0|wp\n|c|\u2606Oculars Alt\u2655|u2\n|c|\u2606Oculars Alt\u2655|badly played from me\n|c|\u2606Oculars Alt\u2655|i clicked the wrong move and lost 6-0 duggy\n|inactive|sighz 0-0 has 120 seconds left.\n|c|\u2606sighz 0-0|i should clicked gambit on victini when it first came out but i thought u would switch :(\n|c|\u2606Oculars Alt\u2655|oh this is finals\n|l| bingo bronson\n|\n|t:|1700892410\n|move|p1a: Bisharp|Swords Dance|p1a: Bisharp\n|-boost|p1a: Bisharp|atk|2\n|cant|p2a: DIABETIES BURGER|slp\n|move|p2a: DIABETIES BURGER|Sleep Talk|p2a: DIABETIES BURGER\n|move|p2a: DIABETIES BURGER|Liquidation|p1a: Bisharp|[from]move: Sleep Talk\n|-damage|p1a: Bisharp|0 fnt\n|faint|p1a: Bisharp\n|\n|win|Oculars Alt\u2655\n|n|\u2606sighz 0-0|sighz00\n|n|\u2606Oculars Alt\u2655|ocularsalt\n|n| Patar136|patar136\n|n| Velcroc|velcroc\n|n| Volo vs showdown|volovsshowdown\n|n| Ineros|ineros\n|c|\u2606Oculars Alt\u2655|ye i went sab for that reason\n|c|\u2606Oculars Alt\u2655|gg\n|l|\u2606Oculars Alt\u2655\n|c|\u2606sighz 0-0|gg\n","uploadtime":1700892411,"views":2,"p1id":"sighz00","p2id":"ocularsalt","formatid":"gen9nationaldex","rating":0,"private":0,"password":""}