{"id":"gen9nationaldex-1996694335","p1":"conkzilla","p2":"LimeyAce","format":"[Gen 9] National Dex","log":"|html|<div class=\"broadcast-blue\"><strong>[Gen 9] National Dex is currently suspecting Sneasler! For information on how to participate check out the <a href=\"https:\/\/www.smogon.com\/forums\/threads\/sv-national-dex-suspect-8-just-dance.3731534\/\">suspect thread<\/a>.<\/strong><\/div>\n|j|\u2606conkzilla\n|j|\u2606LimeyAce\n|t:|1700710679\n|gametype|singles\n|player|p1|conkzilla|gardenia|\n|player|p2|LimeyAce|iris|\n|teamsize|p1|6\n|teamsize|p2|6\n|gen|9\n|tier|[Gen 9] National Dex\n|rule|HP Percentage Mod: HP is shown in percentages\n|rule|Endless Battle Clause: Forcing endless battles is banned\n|rule|OHKO Clause: OHKO moves are banned\n|rule|Evasion Clause: Evasion abilities, items, and moves are banned\n|rule|Evasion Abilities Clause: Evasion abilities are banned\n|rule|Evasion Items Clause: Evasion items are banned\n|rule|Evasion Moves Clause: Evasion moves are banned\n|rule|Species Clause: Limit one of each Pok\u00e9mon\n|rule|Sleep Clause Mod: Limit one foe put to sleep\n|clearpoke\n|poke|p1|Ferrothorn, M|\n|poke|p1|Lilligant-Hisui, F|\n|poke|p1|Great Tusk|\n|poke|p1|Gliscor, F|\n|poke|p1|Glimmora, M|\n|poke|p1|Corviknight, M|\n|poke|p2|Chandelure, M|\n|poke|p2|Diancie|\n|poke|p2|Iron Treads|\n|poke|p2|Meowscarada, F|\n|poke|p2|Slowbro, M|\n|poke|p2|Clefable, F|\n|teampreview\n|\n|t:|1700710692\n|start\n|switch|p1a: Unexpecting Plant|Glimmora, M|100\/100\n|switch|p2a: Diana|Diancie|100\/100\n|turn|1\n|\n|t:|1700710710\n|detailschange|p2a: Diana|Diancie-Mega\n|-mega|p2a: Diana|Diancie|Diancite\n|move|p2a: Diana|Substitute|p2a: Diana\n|-start|p2a: Diana|Substitute\n|-damage|p2a: Diana|76\/100\n|move|p1a: Unexpecting Plant|Stealth Rock|p2a: Diana\n|move|p2a: Diana|Stealth Rock|p1a: Unexpecting Plant|[from]ability: Magic Bounce\n|-sidestart|p1: conkzilla|move: Stealth Rock\n|\n|upkeep\n|turn|2\n|\n|t:|1700710720\n|move|p2a: Diana|Diamond Storm|p1a: Unexpecting Plant|[miss]\n|-miss|p2a: Diana|p1a: Unexpecting Plant\n|move|p1a: Unexpecting Plant|Mortal Spin|p2a: Diana\n|-activate|p2a: Diana|move: Substitute|[damage]\n|-sideend|p1: conkzilla|Stealth Rock|[from] move: Mortal Spin|[of] p1a: Unexpecting Plant\n|\n|upkeep\n|turn|3\n|\n|t:|1700710730\n|move|p2a: Diana|Diamond Storm|p1a: Unexpecting Plant\n|-damage|p1a: Unexpecting Plant|31\/100\n|-boost|p2a: Diana|def|2\n|-activate|p1a: Unexpecting Plant|ability: Toxic Debris\n|-sidestart|p2: LimeyAce|move: Toxic Spikes\n|move|p1a: Unexpecting Plant|Sludge Wave|p2a: Diana\n|-end|p2a: Diana|Substitute\n|\n|upkeep\n|turn|4\n|\n|t:|1700710742\n|move|p2a: Diana|Body Press|p1a: Unexpecting Plant\n|-damage|p1a: Unexpecting Plant|0 fnt\n|-activate|p1a: Unexpecting Plant|ability: Toxic Debris\n|-sidestart|p2: LimeyAce|move: Toxic Spikes\n|faint|p1a: Unexpecting Plant\n|\n|upkeep\n|\n|t:|1700710766\n|switch|p1a: Literally a Tire|Great Tusk|100\/100\n|-enditem|p1a: Literally a Tire|Booster Energy\n|-activate|p1a: Literally a Tire|ability: Protosynthesis|[fromitem]\n|-start|p1a: Literally a Tire|protosynthesisspe\n|turn|5\n|\n|t:|1700710800\n|switch|p2a: Cake|Clefable, F|100\/100\n|-status|p2a: Cake|tox\n|move|p1a: Literally a Tire|Headlong Rush|p2a: Cake\n|-damage|p2a: Cake|41\/100 tox\n|-unboost|p1a: Literally a Tire|def|1\n|-unboost|p1a: Literally a Tire|spd|1\n|\n|-heal|p2a: Cake|47\/100 tox|[from] item: Leftovers\n|-damage|p2a: Cake|41\/100 tox|[from] psn\n|upkeep\n|turn|6\n|\n|t:|1700710816\n|move|p2a: Cake|Protect|p2a: Cake\n|-singleturn|p2a: Cake|Protect\n|move|p1a: Literally a Tire|Headlong Rush|p2a: Cake\n|-activate|p2a: Cake|move: Protect\n|\n|-heal|p2a: Cake|47\/100 tox|[from] item: Leftovers\n|-damage|p2a: Cake|35\/100 tox|[from] psn\n|upkeep\n|turn|7\n|\n|t:|1700710830\n|move|p1a: Literally a Tire|Headlong Rush|p2a: Cake\n|-damage|p2a: Cake|0 fnt\n|-unboost|p1a: Literally a Tire|def|1\n|-unboost|p1a: Literally a Tire|spd|1\n|faint|p2a: Cake\n|\n|upkeep\n|\n|t:|1700710850\n|switch|p2a: Lamp|Chandelure, M|100\/100\n|-status|p2a: Lamp|tox\n|turn|8\n|\n|t:|1700710860\n|move|p1a: Literally a Tire|Headlong Rush|p2a: Lamp\n|-supereffective|p2a: Lamp\n|-damage|p2a: Lamp|0 fnt\n|-unboost|p1a: Literally a Tire|def|1\n|-unboost|p1a: Literally a Tire|spd|1\n|faint|p2a: Lamp\n|\n|upkeep\n|\n|t:|1700710878\n|switch|p2a: Nexus|Meowscarada, F|100\/100\n|-status|p2a: Nexus|tox\n|turn|9\n|\n|t:|1700710884\n|move|p1a: Literally a Tire|Ice Spinner|p2a: Nexus\n|-supereffective|p2a: Nexus\n|-damage|p2a: Nexus|23\/100 tox\n|move|p2a: Nexus|Flower Trick|p1a: Literally a Tire\n|-start|p2a: Nexus|typechange|Grass|[from] ability: Protean\n|-supereffective|p1a: Literally a Tire\n|-crit|p1a: Literally a Tire\n|-damage|p1a: Literally a Tire|0 fnt\n|faint|p1a: Literally a Tire\n|-end|p1a: Literally a Tire|Protosynthesis|[silent]\n|\n|-damage|p2a: Nexus|17\/100 tox|[from] psn\n|upkeep\n|\n|t:|1700710896\n|switch|p1a: Buford Van Stomm|Gliscor, F, shiny|100\/100\n|turn|10\n|\n|t:|1700710906\n|move|p2a: Nexus|Flower Trick|p1a: Buford Van Stomm\n|-crit|p1a: Buford Van Stomm\n|-damage|p1a: Buford Van Stomm|49\/100\n|move|p1a: Buford Van Stomm|Earthquake|p2a: Nexus\n|-resisted|p2a: Nexus\n|-damage|p2a: Nexus|0 fnt\n|faint|p2a: Nexus\n|\n|-status|p1a: Buford Van Stomm|tox|[from] item: Toxic Orb\n|upkeep\n|\n|t:|1700710910\n|switch|p2a: Beeoeleoeoep...|Iron Treads|100\/100\n|turn|11\n|\n|t:|1700710918\n|move|p2a: Beeoeleoeoep...|Rapid Spin|p1a: Buford Van Stomm\n|-damage|p1a: Buford Van Stomm|38\/100 tox\n|-boost|p2a: Beeoeleoeoep...|spe|1\n|-sideend|p2: LimeyAce|Toxic Spikes|[from] move: Rapid Spin|[of] p2a: Beeoeleoeoep...\n|move|p1a: Buford Van Stomm|Earthquake|p2a: Beeoeleoeoep...\n|-supereffective|p2a: Beeoeleoeoep...\n|-damage|p2a: Beeoeleoeoep...|40\/100\n|\n|-heal|p1a: Buford Van Stomm|50\/100 tox|[from] ability: Poison Heal\n|upkeep\n|turn|12\n|\n|t:|1700710931\n|move|p2a: Beeoeleoeoep...|Ice Spinner|p1a: Buford Van Stomm\n|-supereffective|p1a: Buford Van Stomm\n|-damage|p1a: Buford Van Stomm|0 fnt\n|faint|p1a: Buford Van Stomm\n|\n|upkeep\n|\n|t:|1700710952\n|switch|p1a: Nailed|Ferrothorn, M|100\/100\n|turn|13\n|\n|t:|1700710986\n|move|p2a: Beeoeleoeoep...|Earthquake|p1a: Nailed\n|-damage|p1a: Nailed|74\/100\n|move|p1a: Nailed|Power Whip|p2a: Beeoeleoeoep...\n|-damage|p2a: Beeoeleoeoep...|3\/100\n|\n|-heal|p1a: Nailed|80\/100|[from] item: Leftovers\n|upkeep\n|turn|14\n|\n|t:|1700710999\n|move|p2a: Beeoeleoeoep...|Earthquake|p1a: Nailed\n|-damage|p1a: Nailed|53\/100\n|move|p1a: Nailed|Body Press|p2a: Beeoeleoeoep...\n|-supereffective|p2a: Beeoeleoeoep...\n|-damage|p2a: Beeoeleoeoep...|0 fnt\n|faint|p2a: Beeoeleoeoep...\n|-end|p2a: Beeoeleoeoep...|Quark Drive|[silent]\n|\n|-heal|p1a: Nailed|60\/100|[from] item: Leftovers\n|upkeep\n|\n|t:|1700711002\n|switch|p2a: Literally noah|Slowbro, M, shiny|100\/100\n|turn|15\n|\n|t:|1700711013\n|move|p2a: Literally noah|Scald|p1a: Nailed\n|-resisted|p1a: Nailed\n|-damage|p1a: Nailed|49\/100\n|-status|p1a: Nailed|brn\n|move|p1a: Nailed|Power Whip|p2a: Literally noah|[miss]\n|-miss|p1a: Nailed|p2a: Literally noah\n|\n|-heal|p1a: Nailed|55\/100 brn|[from] item: Leftovers\n|-damage|p1a: Nailed|49\/100 brn|[from] brn\n|upkeep\n|turn|16\n|\n|t:|1700711027\n|move|p2a: Literally noah|Future Sight|p1a: Nailed\n|-start|p2a: Literally noah|move: Future Sight\n|move|p1a: Nailed|Power Whip|p2a: Literally noah\n|-supereffective|p2a: Literally noah\n|-damage|p2a: Literally noah|72\/100\n|\n|-heal|p2a: Literally noah|78\/100|[from] item: Leftovers\n|-heal|p1a: Nailed|55\/100 brn|[from] item: Leftovers\n|-damage|p1a: Nailed|49\/100 brn|[from] brn\n|upkeep\n|turn|17\n|\n|t:|1700711037\n|move|p2a: Literally noah|Scald|p1a: Nailed\n|-resisted|p1a: Nailed\n|-damage|p1a: Nailed|38\/100 brn\n|move|p1a: Nailed|Leech Seed|p2a: Literally noah\n|-start|p2a: Literally noah|move: Leech Seed\n|\n|-heal|p2a: Literally noah|84\/100|[from] item: Leftovers\n|-heal|p1a: Nailed|44\/100 brn|[from] item: Leftovers\n|-damage|p2a: Literally noah|71\/100|[from] Leech Seed|[of] p1a: Nailed\n|-heal|p1a: Nailed|58\/100 brn|[silent]\n|-damage|p1a: Nailed|52\/100 brn|[from] brn\n|upkeep\n|turn|18\n|\n|t:|1700711056\n|move|p1a: Nailed|Spikes|p2a: Literally noah\n|-sidestart|p2: LimeyAce|Spikes\n|move|p2a: Literally noah|Teleport|p2a: Literally noah\n|\n|t:|1700711058\n|switch|p2a: Diana|Diancie-Mega|76\/100|[from] Teleport\n|-damage|p2a: Diana|63\/100|[from] Spikes\n|\n|-end|p1a: Nailed|move: Future Sight\n|-resisted|p1a: Nailed\n|-damage|p1a: Nailed|33\/100 brn\n|-heal|p1a: Nailed|39\/100 brn|[from] item: Leftovers\n|-damage|p1a: Nailed|33\/100 brn|[from] brn\n|upkeep\n|turn|19\n|\n|t:|1700711068\n|move|p2a: Diana|Substitute|p2a: Diana\n|-start|p2a: Diana|Substitute\n|-damage|p2a: Diana|38\/100\n|move|p1a: Nailed|Power Whip|p2a: Diana\n|-supereffective|p2a: Diana\n|-end|p2a: Diana|Substitute\n|\n|-heal|p1a: Nailed|39\/100 brn|[from] item: Leftovers\n|-damage|p1a: Nailed|33\/100 brn|[from] brn\n|upkeep\n|turn|20\n|\n|t:|1700711076\n|move|p2a: Diana|Diamond Storm|p1a: Nailed\n|-resisted|p1a: Nailed\n|-damage|p1a: Nailed|15\/100 brn\n|move|p1a: Nailed|Body Press|p2a: Diana\n|-damage|p2a: Diana|15\/100\n|\n|-heal|p1a: Nailed|21\/100 brn|[from] item: Leftovers\n|-damage|p1a: Nailed|15\/100 brn|[from] brn\n|upkeep\n|turn|21\n|\n|t:|1700711085\n|move|p2a: Diana|Diamond Storm|p1a: Nailed\n|-resisted|p1a: Nailed\n|-damage|p1a: Nailed|0 fnt\n|-boost|p2a: Diana|def|2\n|faint|p1a: Nailed\n|\n|upkeep\n|\n|t:|1700711091\n|switch|p1a: Conkiknight|Corviknight, M, shiny|100\/100\n|-ability|p1a: Conkiknight|Pressure\n|turn|22\n|\n|t:|1700711102\n|switch|p2a: Literally noah|Slowbro, M, shiny|100\/100\n|-damage|p2a: Literally noah|88\/100|[from] Spikes\n|move|p1a: Conkiknight|Body Press|p2a: Literally noah\n|-resisted|p2a: Literally noah\n|-damage|p2a: Literally noah|78\/100\n|\n|-heal|p2a: Literally noah|84\/100|[from] item: Leftovers\n|upkeep\n|turn|23\n|\n|t:|1700711112\n|move|p1a: Conkiknight|U-turn|p2a: Literally noah\n|-supereffective|p2a: Literally noah\n|-damage|p2a: Literally noah|59\/100\n|\n|t:|1700711116\n|switch|p1a: Bad Apple|Lilligant-Hisui, F, shiny|100\/100|[from] U-turn\n|move|p2a: Literally noah|Scald|p1a: Bad Apple\n|-resisted|p1a: Bad Apple\n|-damage|p1a: Bad Apple|80\/100\n|\n|-heal|p2a: Literally noah|65\/100|[from] item: Leftovers\n|upkeep\n|turn|24\n|\n|t:|1700711127\n|move|p1a: Bad Apple|Victory Dance|p1a: Bad Apple\n|-boost|p1a: Bad Apple|atk|1\n|-boost|p1a: Bad Apple|def|1\n|-boost|p1a: Bad Apple|spe|1\n|move|p2a: Literally noah|Future Sight|p1a: Bad Apple\n|-start|p2a: Literally noah|move: Future Sight\n|\n|-heal|p2a: Literally noah|71\/100|[from] item: Leftovers\n|upkeep\n|turn|25\n|\n|t:|1700711134\n|move|p1a: Bad Apple|Leaf Blade|p2a: Literally noah\n|-supereffective|p2a: Literally noah\n|-damage|p2a: Literally noah|0 fnt\n|faint|p2a: Literally noah\n|\n|upkeep\n|\n|t:|1700711137\n|switch|p2a: Diana|Diancie-Mega|15\/100\n|-damage|p2a: Diana|3\/100|[from] Spikes\n|turn|26\n|-message|LimeyAce forfeited.\n|\n|win|conkzilla\n|l|\u2606LimeyAce\n","uploadtime":1700711151,"views":3,"p1id":"conkzilla","p2id":"limeyace","formatid":"gen9nationaldex","rating":0,"private":0,"password":""}