{"id":"gen9nationaldex-1990217345","p1":"Sly Killdex 2","p2":"lilpeski","format":"[Gen 9] National Dex","log":"|j|\u2606Sly Killdex 2\n|j|\u2606lilpeski\n|t:|1699938946\n|gametype|singles\n|player|p1|Sly Killdex 2|volkner|1085\n|player|p2|lilpeski|hugh|1214\n|teamsize|p1|6\n|teamsize|p2|6\n|gen|9\n|tier|[Gen 9] National Dex\n|rated|\n|rule|HP Percentage Mod: HP is shown in percentages\n|rule|Endless Battle Clause: Forcing endless battles is banned\n|rule|OHKO Clause: OHKO moves are banned\n|rule|Evasion Clause: Evasion abilities, items, and moves are banned\n|rule|Evasion Abilities Clause: Evasion abilities are banned\n|rule|Evasion Items Clause: Evasion items are banned\n|rule|Evasion Moves Clause: Evasion moves are banned\n|rule|Species Clause: Limit one of each Pok\u00e9mon\n|rule|Sleep Clause Mod: Limit one foe put to sleep\n|clearpoke\n|poke|p1|Silvally-*|\n|poke|p1|Pikipek, F|\n|poke|p1|Torracat, F|\n|poke|p1|Decidueye, F|\n|poke|p1|Volcanion|\n|poke|p1|Hoopa-Unbound|\n|poke|p2|Venusaur, M|\n|poke|p2|Jirachi|\n|poke|p2|Zapdos|\n|poke|p2|Blastoise, F|\n|poke|p2|Dragonite, M|\n|poke|p2|Mew|\n|teampreview\n|l|\u2606Sly Killdex 2\n|player|p1|\n|j|\u2606Sly Killdex 2\n|player|p1|Sly Killdex 2|volkner\n|\n|t:|1699938969\n|start\n|switch|p1a: Decidueye|Decidueye, F|100\/100\n|switch|p2a: Codeine|Blastoise, F, shiny|100\/100\n|turn|1\n|\n|t:|1699938978\n|switch|p2a: Glock|Zapdos, shiny|100\/100\n|move|p1a: Decidueye|Toxic|p2a: Glock\n|-status|p2a: Glock|tox\n|\n|-damage|p2a: Glock|94\/100 tox|[from] psn\n|upkeep\n|turn|2\n|\n|t:|1699938984\n|switch|p1a: Silvally|Silvally-Rock|100\/100\n|move|p2a: Glock|Thunder Wave|p1a: Silvally|[miss]\n|-miss|p2a: Glock|p1a: Silvally\n|\n|-damage|p2a: Glock|82\/100 tox|[from] psn\n|upkeep\n|turn|3\n|\n|t:|1699938990\n|switch|p2a: Codeine|Blastoise, F, shiny|100\/100\n|move|p1a: Silvally|Multi-Attack|p2a: Codeine\n|-damage|p2a: Codeine|63\/100\n|\n|-heal|p2a: Codeine|69\/100|[from] item: Leftovers\n|upkeep\n|turn|4\n|\n|t:|1699939001\n|switch|p1a: Decidueye|Decidueye, F|100\/100\n|move|p2a: Codeine|Toxic|p1a: Decidueye\n|-status|p1a: Decidueye|tox\n|\n|-heal|p2a: Codeine|75\/100|[from] item: Leftovers\n|-damage|p1a: Decidueye|94\/100 tox|[from] psn\n|upkeep\n|turn|5\n|\n|t:|1699939008\n|move|p2a: Codeine|Protect|p2a: Codeine\n|-singleturn|p2a: Codeine|Protect\n|move|p1a: Decidueye|Spirit Shackle|p2a: Codeine\n|-activate|p2a: Codeine|move: Protect\n|\n|-heal|p2a: Codeine|81\/100|[from] item: Leftovers\n|-heal|p1a: Decidueye|100\/100 tox|[from] item: Leftovers\n|-damage|p1a: Decidueye|88\/100 tox|[from] psn\n|upkeep\n|turn|6\n|\n|t:|1699939015\n|switch|p2a: Subway|Venusaur, M, shiny|100\/100\n|move|p1a: Decidueye|Toxic|p2a: Subway\n|-immune|p2a: Subway\n|\n|-heal|p1a: Decidueye|94\/100 tox|[from] item: Leftovers\n|-damage|p1a: Decidueye|76\/100 tox|[from] psn\n|upkeep\n|turn|7\n|\n|t:|1699939023\n|switch|p1a: Torracat|Torracat, F|100\/100\n|-ability|p1a: Torracat|Intimidate|boost\n|-unboost|p2a: Subway|atk|1\n|move|p2a: Subway|Protect||[still]\n|-fail|p2a: Subway\n|\n|upkeep\n|turn|8\n|\n|t:|1699939031\n|switch|p2a: Wok|Mew, shiny|100\/100\n|move|p1a: Torracat|Flare Blitz|p2a: Wok\n|-damage|p2a: Wok|54\/100\n|-damage|p1a: Torracat|82\/100|[from] Recoil\n|\n|-heal|p2a: Wok|60\/100|[from] item: Leftovers\n|upkeep\n|turn|9\n|\n|t:|1699939041\n|move|p2a: Wok|Soft-Boiled|p2a: Wok\n|-heal|p2a: Wok|100\/100\n|move|p1a: Torracat|Taunt|p2a: Wok\n|-start|p2a: Wok|move: Taunt\n|\n|upkeep\n|turn|10\n|\n|t:|1699939048\n|switch|p2a: Codeine|Blastoise, F, shiny|81\/100\n|move|p1a: Torracat|Will-O-Wisp|p2a: Codeine\n|-status|p2a: Codeine|brn\n|\n|-heal|p2a: Codeine|88\/100 brn|[from] item: Leftovers\n|-damage|p2a: Codeine|81\/100 brn|[from] brn\n|upkeep\n|turn|11\n|\n|t:|1699939058\n|move|p2a: Codeine|Protect|p2a: Codeine\n|-singleturn|p2a: Codeine|Protect\n|move|p1a: Torracat|Parting Shot|p2a: Codeine\n|-activate|p2a: Codeine|move: Protect\n|\n|-heal|p2a: Codeine|88\/100 brn|[from] item: Leftovers\n|-damage|p2a: Codeine|81\/100 brn|[from] brn\n|upkeep\n|turn|12\n|\n|t:|1699939068\n|move|p1a: Torracat|Taunt|p2a: Codeine\n|-start|p2a: Codeine|move: Taunt\n|cant|p2a: Codeine|move: Taunt|Toxic\n|\n|-heal|p2a: Codeine|88\/100 brn|[from] item: Leftovers\n|-damage|p2a: Codeine|81\/100 brn|[from] brn\n|upkeep\n|turn|13\n|\n|t:|1699939082\n|switch|p2a: Wok|Mew, shiny|100\/100\n|move|p1a: Torracat|Parting Shot|p2a: Wok\n|-unboost|p2a: Wok|atk|1\n|-unboost|p2a: Wok|spa|1\n|inactive|Battle timer is ON: inactive players will automatically lose when time's up. (requested by Sly Killdex 2)\n|\n|t:|1699939088\n|switch|p1a: Hoopa|Hoopa-Unbound|100\/100|[from] Parting Shot\n|\n|upkeep\n|turn|14\n|\n|t:|1699939103\n|-terastallize|p2a: Wok|Steel\n|move|p1a: Hoopa|Knock Off|p2a: Wok\n|-damage|p2a: Wok|30\/100\n|-enditem|p2a: Wok|Leftovers|[from] move: Knock Off|[of] p1a: Hoopa\n|move|p2a: Wok|Toxic|p1a: Hoopa\n|-status|p1a: Hoopa|tox\n|\n|-damage|p1a: Hoopa|95\/100 tox|[from] psn\n|upkeep\n|turn|15\n|\n|t:|1699939118\n|move|p1a: Hoopa|Knock Off|p2a: Wok\n|-damage|p2a: Wok|0 fnt\n|faint|p2a: Wok\n|\n|-damage|p1a: Hoopa|83\/100 tox|[from] psn\n|upkeep\n|\n|t:|1699939131\n|switch|p2a: Uzi|Jirachi, shiny|100\/100\n|turn|16\n|\n|t:|1699939142\n|switch|p1a: Volcanion|Volcanion|100\/100\n|move|p2a: Uzi|Iron Head|p1a: Volcanion\n|-resisted|p1a: Volcanion\n|-damage|p1a: Volcanion|95\/100\n|\n|upkeep\n|turn|17\n|\n|t:|1699939150\n|switch|p2a: Subway|Venusaur, M, shiny|100\/100\n|move|p1a: Volcanion|Fire Blast|p2a: Subway\n|-supereffective|p2a: Subway\n|-damage|p2a: Subway|40\/100\n|\n|-heal|p2a: Subway|46\/100|[from] item: Leftovers\n|upkeep\n|turn|18\n|\n|t:|1699939158\n|move|p2a: Subway|Protect|p2a: Subway\n|-singleturn|p2a: Subway|Protect\n|move|p1a: Volcanion|Fire Blast|p2a: Subway\n|-activate|p2a: Subway|move: Protect\n|\n|-heal|p2a: Subway|52\/100|[from] item: Leftovers\n|upkeep\n|turn|19\n|\n|t:|1699939167\n|move|p2a: Subway|Sleep Powder|p1a: Volcanion\n|-status|p1a: Volcanion|slp|[from] move: Sleep Powder\n|cant|p1a: Volcanion|slp\n|\n|-heal|p2a: Subway|58\/100|[from] item: Leftovers\n|upkeep\n|turn|20\n|\n|t:|1699939174\n|move|p2a: Subway|Leech Seed|p1a: Volcanion\n|-start|p1a: Volcanion|move: Leech Seed\n|-curestatus|p1a: Volcanion|slp|[msg]\n|move|p1a: Volcanion|Fire Blast|p2a: Subway|[miss]\n|-miss|p1a: Volcanion|p2a: Subway\n|\n|-heal|p2a: Subway|64\/100|[from] item: Leftovers\n|-damage|p1a: Volcanion|83\/100|[from] Leech Seed|[of] p2a: Subway\n|-heal|p2a: Subway|76\/100|[silent]\n|upkeep\n|turn|21\n|\n|t:|1699939185\n|switch|p1a: Torracat|Torracat, F|82\/100\n|-ability|p1a: Torracat|Intimidate|boost\n|-unboost|p2a: Subway|atk|1\n|move|p2a: Subway|Leech Seed|p1a: Torracat\n|-start|p1a: Torracat|move: Leech Seed\n|\n|-heal|p2a: Subway|82\/100|[from] item: Leftovers\n|-damage|p1a: Torracat|70\/100|[from] Leech Seed|[of] p2a: Subway\n|-heal|p2a: Subway|93\/100|[silent]\n|upkeep\n|turn|22\n|\n|t:|1699939195\n|switch|p1a: Pikipek|Pikipek, F|100\/100\n|move|p2a: Subway|Protect||[still]\n|-fail|p2a: Subway\n|\n|-heal|p2a: Subway|99\/100|[from] item: Leftovers\n|upkeep\n|turn|23\n|j| Reptilestyle\n|\n|t:|1699939201\n|switch|p2a: Sprite|Dragonite, M, shiny|100\/100\n|move|p1a: Pikipek|Brave Bird|p2a: Sprite\n|-damage|p2a: Sprite|47\/100\n|-damage|p1a: Pikipek|80\/100|[from] Recoil\n|\n|-heal|p2a: Sprite|53\/100|[from] item: Leftovers\n|upkeep\n|turn|24\n|l| Reptilestyle\n|\n|t:|1699939211\n|switch|p1a: Decidueye|Decidueye, F|76\/100 tox\n|move|p2a: Sprite|Dragon Dance|p2a: Sprite\n|-boost|p2a: Sprite|atk|1\n|-boost|p2a: Sprite|spe|1\n|\n|-heal|p2a: Sprite|60\/100|[from] item: Leftovers\n|-heal|p1a: Decidueye|82\/100 tox|[from] item: Leftovers\n|-damage|p1a: Decidueye|76\/100 tox|[from] psn\n|upkeep\n|turn|25\n|\n|t:|1699939223\n|move|p2a: Sprite|Outrage|p1a: Decidueye\n|-damage|p1a: Decidueye|0 fnt\n|faint|p1a: Decidueye\n|\n|-heal|p2a: Sprite|66\/100|[from] item: Leftovers\n|upkeep\n|\n|t:|1699939241\n|switch|p1a: Silvally|Silvally-Rock|100\/100\n|turn|26\n|\n|t:|1699939244\n|move|p2a: Sprite|Outrage|p1a: Silvally|[from]lockedmove\n|-damage|p1a: Silvally|0 fnt\n|faint|p1a: Silvally\n|-start|p2a: Sprite|confusion|[fatigue]\n|\n|-heal|p2a: Sprite|72\/100|[from] item: Leftovers\n|upkeep\n|\n|t:|1699939248\n|switch|p1a: Torracat|Torracat, F|70\/100\n|-ability|p1a: Torracat|Intimidate|boost\n|-fail|p2a: Sprite|unboost|Attack|[from] ability: Inner Focus|[of] p2a: Sprite\n|turn|27\n|\n|t:|1699939259\n|-activate|p2a: Sprite|confusion\n|-damage|p2a: Sprite|46\/100|[from] confusion\n|move|p1a: Torracat|Will-O-Wisp|p2a: Sprite\n|-status|p2a: Sprite|brn\n|\n|-heal|p2a: Sprite|52\/100 brn|[from] item: Leftovers\n|-damage|p2a: Sprite|46\/100 brn|[from] brn\n|upkeep\n|turn|28\n|\n|t:|1699939264\n|-activate|p2a: Sprite|confusion\n|move|p2a: Sprite|Roost|p2a: Sprite\n|-heal|p2a: Sprite|96\/100 brn\n|-singleturn|p2a: Sprite|move: Roost\n|move|p1a: Torracat|Parting Shot|p2a: Sprite\n|-unboost|p2a: Sprite|atk|1\n|-unboost|p2a: Sprite|spa|1\n|\n|t:|1699939271\n|switch|p1a: Pikipek|Pikipek, F|80\/100|[from] Parting Shot\n|\n|-heal|p2a: Sprite|100\/100 brn|[from] item: Leftovers\n|-damage|p2a: Sprite|94\/100 brn|[from] brn\n|upkeep\n|turn|29\n|\n|t:|1699939276\n|-end|p2a: Sprite|confusion\n|move|p2a: Sprite|Dragon Dance|p2a: Sprite\n|-boost|p2a: Sprite|atk|1\n|-boost|p2a: Sprite|spe|1\n|move|p1a: Pikipek|Frustration|p2a: Sprite\n|-damage|p2a: Sprite|49\/100 brn\n|\n|-heal|p2a: Sprite|55\/100 brn|[from] item: Leftovers\n|-damage|p2a: Sprite|49\/100 brn|[from] brn\n|upkeep\n|turn|30\n|\n|t:|1699939288\n|-terastallize|p1a: Pikipek|Flying\n|move|p2a: Sprite|Return|p1a: Pikipek\n|-damage|p1a: Pikipek|0 fnt\n|faint|p1a: Pikipek\n|\n|-heal|p2a: Sprite|55\/100 brn|[from] item: Leftovers\n|-damage|p2a: Sprite|49\/100 brn|[from] brn\n|upkeep\n|\n|t:|1699939295\n|switch|p1a: Hoopa|Hoopa-Unbound|83\/100 tox\n|turn|31\n|\n|t:|1699939300\n|move|p2a: Sprite|Outrage|p1a: Hoopa\n|-crit|p1a: Hoopa\n|-damage|p1a: Hoopa|0 fnt\n|faint|p1a: Hoopa\n|\n|-heal|p2a: Sprite|55\/100 brn|[from] item: Leftovers\n|-damage|p2a: Sprite|49\/100 brn|[from] brn\n|upkeep\n|\n|t:|1699939307\n|switch|p1a: Torracat|Torracat, F|70\/100\n|-ability|p1a: Torracat|Intimidate|boost\n|-fail|p2a: Sprite|unboost|Attack|[from] ability: Inner Focus|[of] p2a: Sprite\n|turn|32\n|\n|t:|1699939310\n|move|p2a: Sprite|Outrage|p1a: Torracat|[from]lockedmove\n|-damage|p1a: Torracat|12\/100\n|-start|p2a: Sprite|confusion|[fatigue]\n|move|p1a: Torracat|Parting Shot|p2a: Sprite\n|-unboost|p2a: Sprite|atk|1\n|-unboost|p2a: Sprite|spa|1\n|\n|t:|1699939312\n|switch|p1a: Volcanion|Volcanion|83\/100|[from] Parting Shot\n|\n|-heal|p2a: Sprite|55\/100 brn|[from] item: Leftovers\n|-damage|p2a: Sprite|49\/100 brn|[from] brn\n|upkeep\n|turn|33\n|\n|t:|1699939321\n|-activate|p2a: Sprite|confusion\n|-damage|p2a: Sprite|31\/100 brn|[from] confusion\n|move|p1a: Volcanion|Steam Eruption|p2a: Sprite\n|-resisted|p2a: Sprite\n|-damage|p2a: Sprite|8\/100 brn\n|\n|-heal|p2a: Sprite|14\/100 brn|[from] item: Leftovers\n|-damage|p2a: Sprite|8\/100 brn|[from] brn\n|upkeep\n|turn|34\n|\n|t:|1699939325\n|-end|p2a: Sprite|confusion\n|move|p2a: Sprite|Roost|p2a: Sprite\n|-heal|p2a: Sprite|58\/100 brn\n|-singleturn|p2a: Sprite|move: Roost\n|move|p1a: Volcanion|Steam Eruption|p2a: Sprite\n|-resisted|p2a: Sprite\n|-damage|p2a: Sprite|35\/100 brn\n|\n|-heal|p2a: Sprite|41\/100 brn|[from] item: Leftovers\n|-damage|p2a: Sprite|35\/100 brn|[from] brn\n|upkeep\n|turn|35\n|\n|t:|1699939334\n|move|p2a: Sprite|Roost|p2a: Sprite\n|-heal|p2a: Sprite|85\/100 brn\n|-singleturn|p2a: Sprite|move: Roost\n|move|p1a: Volcanion|Steam Eruption|p2a: Sprite\n|-resisted|p2a: Sprite\n|-damage|p2a: Sprite|60\/100 brn\n|\n|-heal|p2a: Sprite|66\/100 brn|[from] item: Leftovers\n|-damage|p2a: Sprite|60\/100 brn|[from] brn\n|upkeep\n|turn|36\n|-message|Sly Killdex 2 forfeited.\n|\n|win|lilpeski\n|raw|Sly Killdex 2's rating: 1085 &rarr; <strong>1070<\/strong><br \/>(-15 for losing)\n|raw|lilpeski's rating: 1214 &rarr; <strong>1230<\/strong><br \/>(+16 for winning)\n","uploadtime":1699939343,"views":4,"p1id":"slykilldex2","p2id":"lilpeski","formatid":"gen9nationaldex","rating":1070,"private":0,"password":""}