{"id":"gen9nationaldex-1993607849","p1":"Warnado77","p2":"runeatest","format":"[Gen 9] National Dex","log":"|j|\u2606Warnado77\n|j|\u2606runeatest\n|t:|1700336954\n|gametype|singles\n|player|p1|Warnado77|pokemaniac|1059\n|player|p2|runeatest|fisherman-gen4|1132\n|teamsize|p1|6\n|teamsize|p2|6\n|gen|9\n|tier|[Gen 9] National Dex\n|rated|\n|rule|HP Percentage Mod: HP is shown in percentages\n|rule|Endless Battle Clause: Forcing endless battles is banned\n|rule|OHKO Clause: OHKO moves are banned\n|rule|Evasion Clause: Evasion abilities, items, and moves are banned\n|rule|Evasion Abilities Clause: Evasion abilities are banned\n|rule|Evasion Items Clause: Evasion items are banned\n|rule|Evasion Moves Clause: Evasion moves are banned\n|rule|Species Clause: Limit one of each Pok\u00e9mon\n|rule|Sleep Clause Mod: Limit one foe put to sleep\n|clearpoke\n|poke|p1|Breloom, M|\n|poke|p1|Swampert, F|\n|poke|p1|Tyrantrum, F|\n|poke|p1|Corviknight, M|\n|poke|p1|Gengar, M|\n|poke|p1|Gardevoir, F|\n|poke|p2|Vaporeon, M|\n|poke|p2|Salamence, M|\n|poke|p2|Hitmontop, M|\n|poke|p2|Electivire, M|\n|poke|p2|Togekiss, M|\n|poke|p2|Houndoom, M|\n|teampreview\n|inactive|Battle timer is ON: inactive players will automatically lose when time's up. (requested by runeatest)\n|\n|t:|1700336998\n|start\n|switch|p1a: Swampert|Swampert, F|100\/100\n|switch|p2a: Salamence|Salamence, M|100\/100\n|-ability|p2a: Salamence|Intimidate|boost\n|-unboost|p1a: Swampert|atk|1\n|turn|1\n|\n|t:|1700337006\n|move|p2a: Salamence|Draco Meteor|p1a: Swampert|[miss]\n|-miss|p2a: Salamence|p1a: Swampert\n|move|p1a: Swampert|Stealth Rock|p2a: Salamence\n|-sidestart|p2: runeatest|move: Stealth Rock\n|\n|upkeep\n|turn|2\n|\n|t:|1700337013\n|switch|p2a: Hitmontop|Hitmontop, M|100\/100\n|-damage|p2a: Hitmontop|94\/100|[from] Stealth Rock\n|move|p1a: Swampert|Flip Turn|p2a: Hitmontop\n|-damage|p2a: Hitmontop|67\/100\n|\n|t:|1700337021\n|switch|p1a: Corviknight|Corviknight, M|100\/100|[from] Flip Turn\n|-ability|p1a: Corviknight|Pressure\n|\n|upkeep\n|turn|3\n|\n|t:|1700337028\n|move|p2a: Hitmontop|Rapid Spin|p1a: Corviknight\n|-resisted|p1a: Corviknight\n|-damage|p1a: Corviknight|94\/100\n|-boost|p2a: Hitmontop|spe|1\n|-sideend|p2: runeatest|Stealth Rock|[from] move: Rapid Spin|[of] p2a: Hitmontop\n|move|p1a: Corviknight|Tailwind|p1a: Corviknight\n|-sidestart|p1: Warnado77|move: Tailwind\n|\n|-heal|p1a: Corviknight|99\/100|[from] item: Leftovers\n|upkeep\n|turn|4\n|\n|t:|1700337040\n|switch|p2a: Salamence|Salamence, M|100\/100\n|-ability|p2a: Salamence|Intimidate|boost\n|-unboost|p1a: Corviknight|atk|1\n|move|p1a: Corviknight|U-turn|p2a: Salamence\n|-resisted|p2a: Salamence\n|-damage|p2a: Salamence|95\/100\n|\n|t:|1700337053\n|switch|p1a: Gardevoir|Gardevoir, F|100\/100|[from] U-turn\n|-ability|p1a: Gardevoir|Intimidate|boost\n|-unboost|p2a: Salamence|atk|1\n|-ability|p1a: Gardevoir|Intimidate|[from] ability: Trace|[of] p2a: Salamence\n|\n|upkeep\n|turn|5\n|\n|t:|1700337064\n|-terastallize|p2a: Salamence|Fire\n|move|p1a: Gardevoir|Thunder Wave|p2a: Salamence|[miss]\n|-miss|p1a: Gardevoir|p2a: Salamence\n|move|p2a: Salamence|Air Slash|p1a: Gardevoir\n|-crit|p1a: Gardevoir\n|-damage|p1a: Gardevoir|21\/100\n|\n|-heal|p1a: Gardevoir|27\/100|[from] item: Leftovers\n|upkeep\n|turn|6\n|\n|t:|1700337074\n|switch|p2a: Electivire|Electivire, M, shiny|100\/100\n|-item|p2a: Electivire|Air Balloon\n|move|p1a: Gardevoir|Thunder Wave|p2a: Electivire\n|-ability|p2a: Electivire|Motor Drive|boost\n|-boost|p2a: Electivire|spe|1\n|\n|-heal|p1a: Gardevoir|33\/100|[from] item: Leftovers\n|-sideend|p1: Warnado77|move: Tailwind\n|upkeep\n|turn|7\n|\n|t:|1700337085\n|move|p2a: Electivire|Thunder Punch|p1a: Gardevoir\n|-crit|p1a: Gardevoir\n|-damage|p1a: Gardevoir|0 fnt\n|faint|p1a: Gardevoir\n|\n|upkeep\n|\n|t:|1700337096\n|switch|p1a: Swampert|Swampert, F|100\/100\n|turn|8\n|\n|t:|1700337105\n|switch|p2a: Vaporeon|Vaporeon, M|100\/100\n|detailschange|p1a: Swampert|Swampert-Mega, F\n|-mega|p1a: Swampert|Swampert|Swampertite\n|move|p1a: Swampert|Waterfall|p2a: Vaporeon\n|-immune|p2a: Vaporeon|[from] ability: Water Absorb\n|\n|upkeep\n|turn|9\n|\n|t:|1700337120\n|switch|p1a: Breloom|Breloom, M|100\/100\n|move|p2a: Vaporeon|Hydro Pump|p1a: Breloom|[miss]\n|-miss|p2a: Vaporeon|p1a: Breloom\n|\n|upkeep\n|turn|10\n|\n|t:|1700337129\n|switch|p2a: Salamence|Salamence, M, tera:Fire|95\/100\n|-ability|p2a: Salamence|Intimidate|boost\n|-unboost|p1a: Breloom|atk|1\n|move|p1a: Breloom|Swords Dance|p1a: Breloom\n|-boost|p1a: Breloom|atk|2\n|\n|upkeep\n|turn|11\n|\n|t:|1700337139\n|move|p2a: Salamence|Flamethrower|p1a: Breloom\n|-supereffective|p1a: Breloom\n|-enditem|p1a: Breloom|Focus Sash\n|-damage|p1a: Breloom|1\/100\n|move|p1a: Breloom|Spore|p2a: Salamence\n|-status|p2a: Salamence|slp|[from] move: Spore\n|\n|upkeep\n|turn|12\n|\n|t:|1700337149\n|move|p1a: Breloom|Mach Punch|p2a: Salamence\n|-damage|p2a: Salamence|36\/100 slp\n|cant|p2a: Salamence|slp\n|\n|upkeep\n|turn|13\n|\n|t:|1700337153\n|move|p1a: Breloom|Mach Punch|p2a: Salamence\n|-damage|p2a: Salamence|0 fnt\n|faint|p2a: Salamence\n|\n|upkeep\n|\n|t:|1700337157\n|switch|p2a: Hitmontop|Hitmontop, M|67\/100\n|turn|14\n|\n|t:|1700337166\n|move|p2a: Hitmontop|Fake Out|p1a: Breloom\n|-damage|p1a: Breloom|0 fnt\n|faint|p1a: Breloom\n|\n|upkeep\n|\n|t:|1700337175\n|switch|p1a: Corviknight|Corviknight, M|99\/100\n|-ability|p1a: Corviknight|Pressure\n|turn|15\n|\n|t:|1700337184\n|switch|p2a: Houndoom|Houndoom, M|100\/100\n|move|p1a: Corviknight|Brave Bird|p2a: Houndoom\n|-damage|p2a: Houndoom|25\/100\n|-damage|p1a: Corviknight|82\/100|[from] Recoil\n|\n|-heal|p1a: Corviknight|88\/100|[from] item: Leftovers\n|upkeep\n|turn|16\n|\n|t:|1700337192\n|move|p2a: Houndoom|Flamethrower|p1a: Corviknight\n|-supereffective|p1a: Corviknight\n|-damage|p1a: Corviknight|12\/100\n|move|p1a: Corviknight|Brave Bird|p2a: Houndoom\n|-damage|p2a: Houndoom|0 fnt\n|faint|p2a: Houndoom\n|-damage|p1a: Corviknight|7\/100|[from] Recoil\n|\n|-heal|p1a: Corviknight|13\/100|[from] item: Leftovers\n|upkeep\n|\n|t:|1700337201\n|switch|p2a: Vaporeon|Vaporeon, M|100\/100\n|turn|17\n|\n|t:|1700337205\n|move|p1a: Corviknight|Tailwind|p1a: Corviknight\n|-sidestart|p1: Warnado77|move: Tailwind\n|move|p2a: Vaporeon|Ice Beam|p1a: Corviknight\n|-damage|p1a: Corviknight|0 fnt\n|faint|p1a: Corviknight\n|\n|upkeep\n|\n|t:|1700337213\n|switch|p1a: Swampert|Swampert-Mega, F|100\/100\n|turn|18\n|\n|t:|1700337217\n|move|p1a: Swampert|Stealth Rock|p2a: Vaporeon\n|-sidestart|p2: runeatest|move: Stealth Rock\n|move|p2a: Vaporeon|Hydro Pump|p1a: Swampert\n|-damage|p1a: Swampert|48\/100\n|\n|upkeep\n|turn|19\n|\n|t:|1700337226\n|move|p1a: Swampert|Earthquake|p2a: Vaporeon\n|-crit|p2a: Vaporeon\n|-damage|p2a: Vaporeon|18\/100\n|move|p2a: Vaporeon|Hydro Pump|p1a: Swampert\n|-damage|p1a: Swampert|0 fnt\n|faint|p1a: Swampert\n|\n|-heal|p2a: Vaporeon|24\/100|[from] item: Leftovers\n|upkeep\n|\n|t:|1700337234\n|switch|p1a: Gengar|Gengar, M|100\/100\n|-item|p1a: Gengar|Air Balloon\n|turn|20\n|\n|t:|1700337248\n|move|p1a: Gengar|Sludge Bomb|p2a: Vaporeon\n|-damage|p2a: Vaporeon|0 fnt\n|faint|p2a: Vaporeon\n|\n|-sideend|p1: Warnado77|move: Tailwind\n|upkeep\n|\n|t:|1700337253\n|switch|p2a: Electivire|Electivire, M, shiny|100\/100\n|-damage|p2a: Electivire|88\/100|[from] Stealth Rock\n|-item|p2a: Electivire|Air Balloon\n|turn|21\n|\n|t:|1700337260\n|move|p2a: Electivire|Earthquake|p1a: Gengar\n|-immune|p1a: Gengar\n|move|p1a: Gengar|Sludge Bomb|p2a: Electivire\n|-damage|p2a: Electivire|30\/100\n|-enditem|p2a: Electivire|Air Balloon\n|\n|upkeep\n|turn|22\n|\n|t:|1700337267\n|move|p2a: Electivire|Thunder Punch|p1a: Gengar\n|-damage|p1a: Gengar|23\/100\n|-start|p2a: Electivire|Disable|Thunder Punch|[from] ability: Cursed Body|[of] p1a: Gengar\n|-enditem|p1a: Gengar|Air Balloon\n|move|p1a: Gengar|Sludge Bomb|p2a: Electivire\n|-damage|p2a: Electivire|0 fnt\n|faint|p2a: Electivire\n|\n|upkeep\n|\n|t:|1700337276\n|switch|p2a: Hitmontop|Hitmontop, M|67\/100\n|-damage|p2a: Hitmontop|60\/100|[from] Stealth Rock\n|turn|23\n|\n|t:|1700337284\n|move|p2a: Hitmontop|Sucker Punch|p1a: Gengar\n|-supereffective|p1a: Gengar\n|-damage|p1a: Gengar|0 fnt\n|faint|p1a: Gengar\n|\n|upkeep\n|\n|t:|1700337286\n|switch|p1a: Tyrantrum|Tyrantrum, F|100\/100\n|turn|24\n|\n|t:|1700337296\n|move|p2a: Hitmontop|High Jump Kick|p1a: Tyrantrum\n|-supereffective|p1a: Tyrantrum\n|-damage|p1a: Tyrantrum|6\/100\n|move|p1a: Tyrantrum|Dragon Dance|p1a: Tyrantrum\n|-boost|p1a: Tyrantrum|atk|1\n|-boost|p1a: Tyrantrum|spe|1\n|\n|upkeep\n|turn|25\n|\n|t:|1700337308\n|move|p2a: Hitmontop|Sucker Punch|p1a: Tyrantrum\n|-damage|p1a: Tyrantrum|0 fnt\n|faint|p1a: Tyrantrum\n|\n|win|runeatest\n|raw|Warnado77's rating: 1059 &rarr; <strong>1044<\/strong><br \/>(-15 for losing)\n|raw|runeatest's rating: 1132 &rarr; <strong>1152<\/strong><br \/>(+20 for winning)\n","uploadtime":1700337314,"views":7,"p1id":"warnado77","p2id":"runeatest","formatid":"gen9nationaldex","rating":1044,"private":0,"password":""}