{"id":"gen9nationaldex-1988145034","p1":"OnlyPyper","p2":"TeamGardevoir123","format":"[Gen 9] National Dex","log":"|j|\u2606OnlyPyper\n|j|\u2606TeamGardevoir123\n|t:|1699675284\n|gametype|singles\n|player|p1|OnlyPyper|candice|\n|player|p2|TeamGardevoir123|rosa-masters2|\n|teamsize|p1|6\n|teamsize|p2|6\n|gen|9\n|tier|[Gen 9] National Dex\n|rule|HP Percentage Mod: HP is shown in percentages\n|rule|Endless Battle Clause: Forcing endless battles is banned\n|rule|OHKO Clause: OHKO moves are banned\n|rule|Evasion Clause: Evasion abilities, items, and moves are banned\n|rule|Evasion Abilities Clause: Evasion abilities are banned\n|rule|Evasion Items Clause: Evasion items are banned\n|rule|Evasion Moves Clause: Evasion moves are banned\n|rule|Species Clause: Limit one of each Pok\u00e9mon\n|rule|Sleep Clause Mod: Limit one foe put to sleep\n|clearpoke\n|poke|p1|Pelipper, F|\n|poke|p1|Floatzel, F|\n|poke|p1|Thundurus-Therian, M|\n|poke|p1|Roserade, F|\n|poke|p1|Ferrothorn, F|\n|poke|p1|Tentacruel, F|\n|poke|p2|Lopunny, F|\n|poke|p2|Grimmsnarl, M|\n|poke|p2|Iron Valiant|\n|poke|p2|Toxapex, M|\n|poke|p2|Ferrothorn, M|\n|poke|p2|Great Tusk|\n|teampreview\n|c|\u2606OnlyPyper|Suerte linda uwu\n|\n|t:|1699675300\n|start\n|switch|p1a: Pelipper|Pelipper, F|100\/100\n|switch|p2a: Grimmsnarl|Grimmsnarl, M|100\/100\n|-weather|RainDance|[from] ability: Drizzle|[of] p1a: Pelipper\n|turn|1\n|\n|t:|1699675315\n|move|p2a: Grimmsnarl|Taunt|p1a: Pelipper\n|-start|p1a: Pelipper|move: Taunt\n|move|p1a: Pelipper|U-turn|p2a: Grimmsnarl\n|-damage|p2a: Grimmsnarl|91\/100\n|\n|t:|1699675337\n|switch|p1a: Thundurus|Thundurus-Therian, M|100\/100|[from] U-turn\n|\n|-weather|RainDance|[upkeep]\n|upkeep\n|turn|2\n|\n|t:|1699675349\n|move|p2a: Grimmsnarl|Light Screen|p2a: Grimmsnarl\n|-sidestart|p2: TeamGardevoir123|move: Light Screen\n|move|p1a: Thundurus|Thunder|p2a: Grimmsnarl\n|-damage|p2a: Grimmsnarl|64\/100\n|\n|-weather|RainDance|[upkeep]\n|upkeep\n|turn|3\n|\n|t:|1699675374\n|move|p2a: Grimmsnarl|Taunt|p1a: Thundurus\n|-start|p1a: Thundurus|move: Taunt\n|move|p1a: Thundurus|Thunder|p2a: Grimmsnarl\n|-damage|p2a: Grimmsnarl|38\/100\n|-status|p2a: Grimmsnarl|par\n|\n|-weather|RainDance|[upkeep]\n|upkeep\n|turn|4\n|\n|t:|1699675396\n|switch|p1a: Pelipper|Pelipper, F|100\/100\n|cant|p2a: Grimmsnarl|par\n|\n|-weather|RainDance|[upkeep]\n|upkeep\n|turn|5\n|\n|t:|1699675404\n|move|p2a: Grimmsnarl|Parting Shot|p1a: Pelipper\n|-unboost|p1a: Pelipper|atk|1\n|-unboost|p1a: Pelipper|spa|1\n|\n|t:|1699675408\n|switch|p2a: Ferrothorn|Ferrothorn, M, shiny|100\/100|[from] Parting Shot\n|move|p1a: Pelipper|U-turn|p2a: Ferrothorn\n|-damage|p2a: Ferrothorn|97\/100\n|-damage|p1a: Pelipper|88\/100|[from] ability: Iron Barbs|[of] p2a: Ferrothorn\n|-damage|p1a: Pelipper|72\/100|[from] item: Rocky Helmet|[of] p2a: Ferrothorn\n|\n|t:|1699675422\n|switch|p1a: Ferrothorn|Ferrothorn, F|100\/100|[from] U-turn\n|\n|-weather|RainDance|[upkeep]\n|upkeep\n|turn|6\n|\n|t:|1699675430\n|move|p2a: Ferrothorn|Knock Off|p1a: Ferrothorn\n|-damage|p1a: Ferrothorn|88\/100\n|-damage|p2a: Ferrothorn|85\/100|[from] ability: Iron Barbs|[of] p1a: Ferrothorn\n|-damage|p2a: Ferrothorn|69\/100|[from] item: Rocky Helmet|[of] p1a: Ferrothorn\n|-enditem|p1a: Ferrothorn|Rocky Helmet|[from] move: Knock Off|[of] p2a: Ferrothorn\n|move|p1a: Ferrothorn|Knock Off|p2a: Ferrothorn\n|-damage|p2a: Ferrothorn|56\/100\n|-damage|p1a: Ferrothorn|75\/100|[from] ability: Iron Barbs|[of] p2a: Ferrothorn\n|-damage|p1a: Ferrothorn|59\/100|[from] item: Rocky Helmet|[of] p2a: Ferrothorn\n|-enditem|p2a: Ferrothorn|Rocky Helmet|[from] move: Knock Off|[of] p1a: Ferrothorn\n|\n|-weather|RainDance|[upkeep]\n|upkeep\n|turn|7\n|c|\u2606TeamGardevoir123|Ekisde\n|\n|t:|1699675458\n|move|p2a: Ferrothorn|Stealth Rock|p1a: Ferrothorn\n|-sidestart|p1: OnlyPyper|move: Stealth Rock\n|move|p1a: Ferrothorn|Stealth Rock|p2a: Ferrothorn\n|-sidestart|p2: TeamGardevoir123|move: Stealth Rock\n|\n|-weather|RainDance|[upkeep]\n|upkeep\n|turn|8\n|c|\u2606OnlyPyper|Ekisde\n|\n|t:|1699675466\n|switch|p2a: Great Tusk|Great Tusk|100\/100\n|-damage|p2a: Great Tusk|98\/100|[from] Stealth Rock\n|switch|p1a: Tentacruel|Tentacruel, F|100\/100\n|-damage|p1a: Tentacruel|88\/100|[from] Stealth Rock\n|\n|-weather|none\n|-heal|p1a: Tentacruel|94\/100|[from] item: Leftovers\n|-heal|p2a: Great Tusk|100\/100|[from] item: Leftovers\n|upkeep\n|turn|9\n|\n|t:|1699675480\n|move|p1a: Tentacruel|Rapid Spin|p2a: Great Tusk\n|-crit|p2a: Great Tusk\n|-damage|p2a: Great Tusk|95\/100\n|-boost|p1a: Tentacruel|spe|1\n|-sideend|p1: OnlyPyper|Stealth Rock|[from] move: Rapid Spin|[of] p1a: Tentacruel\n|move|p2a: Great Tusk|Rapid Spin|p1a: Tentacruel\n|-crit|p1a: Tentacruel\n|-damage|p1a: Tentacruel|67\/100\n|-boost|p2a: Great Tusk|spe|1\n|-sideend|p2: TeamGardevoir123|Stealth Rock|[from] move: Rapid Spin|[of] p2a: Great Tusk\n|\n|-heal|p1a: Tentacruel|73\/100|[from] item: Leftovers\n|-heal|p2a: Great Tusk|100\/100|[from] item: Leftovers\n|-sideend|p2: TeamGardevoir123|move: Light Screen\n|upkeep\n|turn|10\n|\n|t:|1699675494\n|switch|p1a: Ferrothorn|Ferrothorn, F|59\/100\n|-end|p2a: Great Tusk|Protosynthesis|[silent]\n|switch|p2a: Ferrothorn|Ferrothorn, M, shiny|56\/100\n|\n|upkeep\n|turn|11\n|\n|t:|1699675509\n|switch|p1a: Rosita|Roserade, F|100\/100\n|move|p2a: Ferrothorn|Stealth Rock|p1a: Rosita\n|-sidestart|p1: OnlyPyper|move: Stealth Rock\n|\n|upkeep\n|turn|12\n|\n|t:|1699675518\n|move|p1a: Rosita|Hidden Power|p2a: Ferrothorn\n|-damage|p2a: Ferrothorn|14\/100\n|move|p2a: Ferrothorn|Knock Off|p1a: Rosita\n|-damage|p1a: Rosita|60\/100\n|-enditem|p1a: Rosita|Choice Specs|[from] move: Knock Off|[of] p2a: Ferrothorn\n|\n|upkeep\n|turn|13\n|\n|t:|1699675530\n|switch|p2a: Toxapex|Toxapex, M|100\/100\n|move|p1a: Rosita|Hidden Power|p2a: Toxapex\n|-supereffective|p2a: Toxapex\n|-damage|p2a: Toxapex|52\/100\n|\n|upkeep\n|turn|14\n|\n|t:|1699675552\n|-terastallize|p1a: Rosita|Ground\n|move|p1a: Rosita|Hidden Power|p2a: Toxapex\n|-supereffective|p2a: Toxapex\n|-damage|p2a: Toxapex|0 fnt\n|faint|p2a: Toxapex\n|\n|upkeep\n|\n|t:|1699675574\n|switch|p2a: Grimmsnarl|Grimmsnarl, M|38\/100 par\n|turn|15\n|\n|t:|1699675580\n|cant|p2a: Grimmsnarl|par\n|move|p1a: Rosita|Sludge Bomb|p2a: Grimmsnarl\n|-supereffective|p2a: Grimmsnarl\n|-damage|p2a: Grimmsnarl|0 fnt\n|faint|p2a: Grimmsnarl\n|\n|upkeep\n|\n|t:|1699675596\n|switch|p2a: Nella|Lopunny, F, shiny|100\/100\n|turn|16\n|c|\u2606OnlyPyper|Ekisde\n|\n|t:|1699675603\n|switch|p2a: Great Tusk|Great Tusk|100\/100\n|switch|p1a: Ferrothorn|Ferrothorn, F|59\/100\n|-damage|p1a: Ferrothorn|53\/100|[from] Stealth Rock\n|\n|upkeep\n|turn|17\n|\n|t:|1699675612\n|switch|p1a: Pelipper|Pelipper, F|72\/100\n|-damage|p1a: Pelipper|47\/100|[from] Stealth Rock\n|-weather|RainDance|[from] ability: Drizzle|[of] p1a: Pelipper\n|move|p2a: Great Tusk|Body Press|p1a: Pelipper\n|-resisted|p1a: Pelipper\n|-damage|p1a: Pelipper|23\/100\n|\n|-weather|RainDance|[upkeep]\n|upkeep\n|turn|18\n|\n|t:|1699675647\n|-end|p2a: Great Tusk|Protosynthesis|[silent]\n|switch|p2a: Ferrothorn|Ferrothorn, M, shiny|14\/100\n|switch|p1a: Ferrothorn|Ferrothorn, F|53\/100\n|-damage|p1a: Ferrothorn|47\/100|[from] Stealth Rock\n|\n|-weather|RainDance|[upkeep]\n|upkeep\n|turn|19\n|\n|t:|1699675658\n|move|p1a: Ferrothorn|Stealth Rock|p2a: Ferrothorn\n|-sidestart|p2: TeamGardevoir123|move: Stealth Rock\n|move|p2a: Ferrothorn|Leech Seed|p1a: Ferrothorn\n|-immune|p1a: Ferrothorn\n|\n|-weather|RainDance|[upkeep]\n|upkeep\n|turn|20\n|\n|t:|1699675667\n|move|p1a: Ferrothorn|Knock Off|p2a: Ferrothorn\n|-damage|p2a: Ferrothorn|5\/100\n|-damage|p1a: Ferrothorn|35\/100|[from] ability: Iron Barbs|[of] p2a: Ferrothorn\n|move|p2a: Ferrothorn|Knock Off|p1a: Ferrothorn\n|-damage|p1a: Ferrothorn|27\/100\n|-damage|p2a: Ferrothorn|0 fnt|[from] ability: Iron Barbs|[of] p1a: Ferrothorn\n|faint|p2a: Ferrothorn\n|\n|-weather|RainDance|[upkeep]\n|upkeep\n|\n|t:|1699675678\n|switch|p2a: Great Tusk|Great Tusk|100\/100\n|-damage|p2a: Great Tusk|98\/100|[from] Stealth Rock\n|turn|21\n|\n|t:|1699675683\n|move|p2a: Great Tusk|Rapid Spin|p1a: Ferrothorn\n|-resisted|p1a: Ferrothorn\n|-damage|p1a: Ferrothorn|22\/100\n|-boost|p2a: Great Tusk|spe|1\n|-damage|p2a: Great Tusk|85\/100|[from] ability: Iron Barbs|[of] p1a: Ferrothorn\n|-sideend|p2: TeamGardevoir123|Stealth Rock|[from] move: Rapid Spin|[of] p2a: Great Tusk\n|move|p1a: Ferrothorn|Stealth Rock|p2a: Great Tusk\n|-sidestart|p2: TeamGardevoir123|move: Stealth Rock\n|\n|-weather|RainDance|[upkeep]\n|-heal|p2a: Great Tusk|91\/100|[from] item: Leftovers\n|upkeep\n|turn|22\n|\n|t:|1699675698\n|move|p2a: Great Tusk|Body Press|p1a: Ferrothorn\n|-supereffective|p1a: Ferrothorn\n|-damage|p1a: Ferrothorn|0 fnt\n|-damage|p2a: Great Tusk|79\/100|[from] ability: Iron Barbs|[of] p1a: Ferrothorn\n|faint|p1a: Ferrothorn\n|\n|-weather|RainDance|[upkeep]\n|-heal|p2a: Great Tusk|85\/100|[from] item: Leftovers\n|upkeep\n|\n|t:|1699675707\n|switch|p1a: Tentacruel|Tentacruel, F|73\/100\n|-damage|p1a: Tentacruel|61\/100|[from] Stealth Rock\n|turn|23\n|\n|t:|1699675714\n|move|p2a: Great Tusk|Ice Spinner|p1a: Tentacruel\n|-resisted|p1a: Tentacruel\n|-crit|p1a: Tentacruel\n|-damage|p1a: Tentacruel|39\/100\n|move|p1a: Tentacruel|Rapid Spin|p2a: Great Tusk\n|-damage|p2a: Great Tusk|81\/100\n|-boost|p1a: Tentacruel|spe|1\n|-sideend|p1: OnlyPyper|Stealth Rock|[from] move: Rapid Spin|[of] p1a: Tentacruel\n|\n|-weather|RainDance|[upkeep]\n|-heal|p1a: Tentacruel|45\/100|[from] ability: Rain Dish\n|-heal|p1a: Tentacruel|51\/100|[from] item: Leftovers\n|-heal|p2a: Great Tusk|88\/100|[from] item: Leftovers\n|upkeep\n|turn|24\n|\n|t:|1699675727\n|switch|p1a: Thundurus|Thundurus-Therian, M|100\/100\n|move|p2a: Great Tusk|Earthquake|p1a: Thundurus\n|-immune|p1a: Thundurus\n|\n|-weather|none\n|-heal|p2a: Great Tusk|94\/100|[from] item: Leftovers\n|upkeep\n|turn|25\n|\n|t:|1699675737\n|switch|p1a: Pelipper|Pelipper, F|23\/100\n|-weather|RainDance|[from] ability: Drizzle|[of] p1a: Pelipper\n|-terastallize|p2a: Great Tusk|Steel\n|move|p2a: Great Tusk|Ice Spinner|p1a: Pelipper\n|-damage|p1a: Pelipper|0 fnt\n|faint|p1a: Pelipper\n|\n|-weather|RainDance|[upkeep]\n|-heal|p2a: Great Tusk|99\/100|[from] item: Leftovers\n|upkeep\n|\n|t:|1699675746\n|switch|p1a: Rosita|Roserade, F, tera:Ground|60\/100\n|turn|26\n|\n|t:|1699675757\n|move|p2a: Great Tusk|Ice Spinner|p1a: Rosita\n|-supereffective|p1a: Rosita\n|-damage|p1a: Rosita|0 fnt\n|faint|p1a: Rosita\n|\n|-weather|RainDance|[upkeep]\n|-heal|p2a: Great Tusk|100\/100|[from] item: Leftovers\n|upkeep\n|\n|t:|1699675774\n|switch|p1a: Thundurus|Thundurus-Therian, M|100\/100\n|turn|27\n|\n|t:|1699675781\n|move|p1a: Thundurus|Focus Blast|p2a: Great Tusk|[miss]\n|-miss|p1a: Thundurus|p2a: Great Tusk\n|move|p2a: Great Tusk|Ice Spinner|p1a: Thundurus\n|-supereffective|p1a: Thundurus\n|-damage|p1a: Thundurus|30\/100\n|\n|-weather|RainDance|[upkeep]\n|upkeep\n|turn|28\n|\n|t:|1699675790\n|move|p1a: Thundurus|Focus Blast|p2a: Great Tusk\n|-supereffective|p2a: Great Tusk\n|-damage|p2a: Great Tusk|0 fnt\n|faint|p2a: Great Tusk\n|-end|p2a: Great Tusk|Protosynthesis|[silent]\n|\n|-weather|RainDance|[upkeep]\n|upkeep\n|\n|t:|1699675800\n|switch|p2a: Star Platinum|Iron Valiant|100\/100\n|-damage|p2a: Star Platinum|94\/100|[from] Stealth Rock\n|-enditem|p2a: Star Platinum|Booster Energy\n|-activate|p2a: Star Platinum|ability: Quark Drive|[fromitem]\n|-start|p2a: Star Platinum|quarkdrivespe\n|turn|29\n|\n|t:|1699675809\n|switch|p1a: Tentacruel|Tentacruel, F|51\/100\n|move|p2a: Star Platinum|Moonblast|p1a: Tentacruel\n|-resisted|p1a: Tentacruel\n|-damage|p1a: Tentacruel|37\/100\n|-unboost|p1a: Tentacruel|spa|1\n|\n|-weather|RainDance|[upkeep]\n|-heal|p1a: Tentacruel|43\/100|[from] ability: Rain Dish\n|-heal|p1a: Tentacruel|49\/100|[from] item: Leftovers\n|upkeep\n|turn|30\n|\n|t:|1699675817\n|move|p2a: Star Platinum|Psyshock|p1a: Tentacruel\n|-supereffective|p1a: Tentacruel\n|-damage|p1a: Tentacruel|0 fnt\n|faint|p1a: Tentacruel\n|\n|-weather|RainDance|[upkeep]\n|upkeep\n|\n|t:|1699675822\n|switch|p1a: Floatzel|Floatzel, F|100\/100\n|turn|31\n|\n|t:|1699675827\n|move|p1a: Floatzel|Wave Crash|p2a: Star Platinum\n|-damage|p2a: Star Platinum|0 fnt\n|faint|p2a: Star Platinum\n|-end|p2a: Star Platinum|Quark Drive|[silent]\n|-damage|p1a: Floatzel|72\/100|[from] Recoil\n|\n|-weather|RainDance|[upkeep]\n|upkeep\n|\n|t:|1699675834\n|switch|p2a: Nella|Lopunny, F, shiny|100\/100\n|-damage|p2a: Nella|88\/100|[from] Stealth Rock\n|turn|32\n|\n|t:|1699675842\n|detailschange|p2a: Nella|Lopunny-Mega, F, shiny\n|-mega|p2a: Nella|Lopunny|Lopunnite\n|move|p2a: Nella|Fake Out|p1a: Floatzel\n|-damage|p1a: Floatzel|32\/100\n|cant|p1a: Floatzel|flinch\n|\n|-weather|none\n|upkeep\n|turn|33\n|\n|t:|1699675854\n|move|p2a: Nella|Frustration|p1a: Floatzel\n|-damage|p1a: Floatzel|0 fnt\n|faint|p1a: Floatzel\n|\n|upkeep\n|\n|t:|1699675859\n|switch|p1a: Thundurus|Thundurus-Therian, M|30\/100\n|turn|34\n|\n|t:|1699675863\n|move|p1a: Thundurus|Focus Blast|p2a: Nella|[miss]\n|-miss|p1a: Thundurus|p2a: Nella\n|move|p2a: Nella|Frustration|p1a: Thundurus\n|-damage|p1a: Thundurus|0 fnt\n|faint|p1a: Thundurus\n|\n|win|TeamGardevoir123\n|c|\u2606OnlyPyper|Gg\n","uploadtime":1699675880,"views":4,"p1id":"onlypyper","p2id":"teamgardevoir123","formatid":"gen9nationaldex","rating":0,"private":0,"password":""}