{"id":"gen9nationaldex-1993878707","p1":"Armenb","p2":"whskeey","format":"[Gen 9] National Dex","log":"|j|\u2606Armenb\n|j|\u2606whskeey\n|t:|1700369051\n|gametype|singles\n|player|p1|Armenb|acetrainer-gen4|1272\n|player|p2|whskeey|bugcatcher-gen4dp|1274\n|teamsize|p1|6\n|teamsize|p2|6\n|gen|9\n|tier|[Gen 9] National Dex\n|rated|\n|rule|HP Percentage Mod: HP is shown in percentages\n|rule|Endless Battle Clause: Forcing endless battles is banned\n|rule|OHKO Clause: OHKO moves are banned\n|rule|Evasion Clause: Evasion abilities, items, and moves are banned\n|rule|Evasion Abilities Clause: Evasion abilities are banned\n|rule|Evasion Items Clause: Evasion items are banned\n|rule|Evasion Moves Clause: Evasion moves are banned\n|rule|Species Clause: Limit one of each Pok\u00e9mon\n|rule|Sleep Clause Mod: Limit one foe put to sleep\n|clearpoke\n|poke|p1|Aerodactyl, F|\n|poke|p1|Omastar, M|\n|poke|p1|Toxicroak, F|\n|poke|p1|Tyranitar, M|\n|poke|p1|Crobat, F|\n|poke|p1|Sandslash, F|\n|poke|p2|Grimmsnarl, M|\n|poke|p2|Porygon-Z|\n|poke|p2|Tornadus-Therian, M|\n|poke|p2|Aerodactyl, M|\n|poke|p2|Aegislash, M|\n|poke|p2|Garchomp, F|\n|teampreview\n|inactive|Battle timer is ON: inactive players will automatically lose when time's up. (requested by whskeey)\n|\n|t:|1700369068\n|start\n|switch|p1a: Tyranitar|Tyranitar, M|100\/100\n|switch|p2a: Aegislash|Aegislash, M|100\/100\n|-weather|Sandstorm|[from] ability: Sand Stream|[of] p1a: Tyranitar\n|turn|1\n|\n|t:|1700369078\n|-zpower|p2a: Aegislash\n|-formechange|p2a: Aegislash|Aegislash-Blade||[from] ability: Stance Change\n|move|p2a: Aegislash|Corkscrew Crash|p1a: Tyranitar|[zeffect]\n|-supereffective|p1a: Tyranitar\n|-damage|p1a: Tyranitar|0 fnt\n|faint|p1a: Tyranitar\n|\n|-weather|Sandstorm|[upkeep]\n|upkeep\n|\n|t:|1700369085\n|switch|p1a: Sandslash|Sandslash, F|100\/100\n|turn|2\n|\n|t:|1700369090\n|-formechange|p2a: Aegislash|Aegislash||[from] ability: Stance Change\n|move|p2a: Aegislash|King's Shield|p2a: Aegislash\n|-singleturn|p2a: Aegislash|Protect\n|move|p1a: Sandslash|Swords Dance|p1a: Sandslash\n|-boost|p1a: Sandslash|atk|2\n|\n|-weather|Sandstorm|[upkeep]\n|upkeep\n|turn|3\n|\n|t:|1700369100\n|move|p1a: Sandslash|Earthquake|p2a: Aegislash\n|-supereffective|p2a: Aegislash\n|-damage|p2a: Aegislash|0 fnt\n|faint|p2a: Aegislash\n|\n|-weather|Sandstorm|[upkeep]\n|upkeep\n|\n|t:|1700369115\n|switch|p2a: Grimmsnarl|Grimmsnarl, M|100\/100\n|turn|4\n|\n|t:|1700369129\n|move|p2a: Grimmsnarl|Reflect|p2a: Grimmsnarl\n|-sidestart|p2: whskeey|Reflect\n|move|p1a: Sandslash|Swords Dance|p1a: Sandslash\n|-boost|p1a: Sandslash|atk|2\n|\n|-weather|Sandstorm|[upkeep]\n|-damage|p2a: Grimmsnarl|94\/100|[from] Sandstorm\n|upkeep\n|turn|5\n|\n|t:|1700369135\n|move|p2a: Grimmsnarl|Taunt|p1a: Sandslash\n|-start|p1a: Sandslash|move: Taunt\n|move|p1a: Sandslash|Rapid Spin|p2a: Grimmsnarl\n|-damage|p2a: Grimmsnarl|66\/100\n|-boost|p1a: Sandslash|spe|1\n|\n|-weather|Sandstorm|[upkeep]\n|-damage|p2a: Grimmsnarl|60\/100|[from] Sandstorm\n|upkeep\n|turn|6\n|\n|t:|1700369143\n|move|p2a: Grimmsnarl|Light Screen|p2a: Grimmsnarl\n|-sidestart|p2: whskeey|move: Light Screen\n|move|p1a: Sandslash|Rapid Spin|p2a: Grimmsnarl\n|-damage|p2a: Grimmsnarl|30\/100\n|-boost|p1a: Sandslash|spe|1\n|\n|-weather|Sandstorm|[upkeep]\n|-damage|p2a: Grimmsnarl|24\/100|[from] Sandstorm\n|upkeep\n|turn|7\n|inactive|whskeey has 120 seconds left.\n|\n|t:|1700369175\n|move|p2a: Grimmsnarl|Reflect||[still]\n|-fail|p2a: Grimmsnarl\n|move|p1a: Sandslash|Rapid Spin|p2a: Grimmsnarl\n|-damage|p2a: Grimmsnarl|0 fnt\n|-boost|p1a: Sandslash|spe|1\n|faint|p2a: Grimmsnarl\n|\n|-weather|Sandstorm|[upkeep]\n|-end|p1a: Sandslash|move: Taunt\n|upkeep\n|inactive|whskeey has 120 seconds left.\n|\n|t:|1700369181\n|switch|p2a: Garchomp|Garchomp, F|100\/100\n|turn|8\n|\n|t:|1700369192\n|-terastallize|p2a: Garchomp|Dragon\n|move|p1a: Sandslash|Earthquake|p2a: Garchomp\n|-damage|p2a: Garchomp|28\/100\n|move|p2a: Garchomp|Dual Chop|p1a: Sandslash\n|-damage|p1a: Sandslash|70\/100\n|-damage|p1a: Sandslash|39\/100\n|-hitcount|p1a: Sandslash|2\n|\n|-weather|none\n|upkeep\n|turn|9\n|\n|t:|1700369202\n|move|p1a: Sandslash|Earthquake|p2a: Garchomp\n|-damage|p2a: Garchomp|0 fnt\n|faint|p2a: Garchomp\n|\n|upkeep\n|\n|t:|1700369205\n|switch|p2a: Tornadus|Tornadus-Therian, M|100\/100\n|turn|10\n|\n|t:|1700369208\n|-terastallize|p1a: Sandslash|Electric\n|move|p1a: Sandslash|Tera Blast|p2a: Tornadus|[anim] Tera Blast Electric\n|-supereffective|p2a: Tornadus\n|-damage|p2a: Tornadus|0 fnt\n|faint|p2a: Tornadus\n|\n|upkeep\n|\n|t:|1700369215\n|switch|p2a: Porygon-Z|Porygon-Z|100\/100\n|turn|11\n|\n|t:|1700369222\n|move|p1a: Sandslash|Earthquake|p2a: Porygon-Z\n|-damage|p2a: Porygon-Z|3\/100\n|move|p2a: Porygon-Z|Ice Beam|p1a: Sandslash\n|-damage|p1a: Sandslash|0 fnt\n|faint|p1a: Sandslash\n|\n|-sideend|p2: whskeey|Reflect\n|upkeep\n|\n|t:|1700369240\n|switch|p1a: Omastar|Omastar, M|100\/100\n|turn|12\n|\n|t:|1700369243\n|move|p2a: Porygon-Z|Ice Beam|p1a: Omastar\n|-resisted|p1a: Omastar\n|-damage|p1a: Omastar|75\/100\n|move|p1a: Omastar|Shell Smash|p1a: Omastar\n|-unboost|p1a: Omastar|def|1\n|-unboost|p1a: Omastar|spd|1\n|-boost|p1a: Omastar|atk|2\n|-boost|p1a: Omastar|spa|2\n|-boost|p1a: Omastar|spe|2\n|\n|upkeep\n|turn|13\n|\n|t:|1700369249\n|move|p2a: Porygon-Z|Ice Beam|p1a: Omastar\n|-resisted|p1a: Omastar\n|-damage|p1a: Omastar|39\/100\n|move|p1a: Omastar|Ancient Power|p2a: Porygon-Z\n|-damage|p2a: Porygon-Z|0 fnt\n|faint|p2a: Porygon-Z\n|\n|-sideend|p2: whskeey|move: Light Screen\n|upkeep\n|-message|whskeey forfeited.\n|\n|win|Armenb\n|raw|Armenb's rating: 1272 &rarr; <strong>1297<\/strong><br \/>(+25 for winning)\n|raw|whskeey's rating: 1274 &rarr; <strong>1249<\/strong><br \/>(-25 for losing)\n|l|\u2606whskeey\n","uploadtime":1700369264,"views":15,"p1id":"armenb","p2id":"whskeey","formatid":"gen9nationaldex","rating":1249,"private":0,"password":""}