{"id":"gen9nationaldex-2000238349","p1":"mushroomtester","p2":"gnsaigon","format":"[Gen 9] National Dex","log":"|html|<div class=\"broadcast-blue\"><strong>[Gen 9] National Dex is currently suspecting Sneasler! For information on how to participate check out the <a href=\"https:\/\/www.smogon.com\/forums\/threads\/sv-national-dex-suspect-8-just-dance.3731534\/\">suspect thread<\/a>.<\/strong><\/div>\n|j|\u2606mushroomtester\n|j|\u2606gnsaigon\n|t:|1701176139\n|gametype|singles\n|player|p1|mushroomtester|caitlin|\n|player|p2|gnsaigon|265|\n|teamsize|p1|6\n|teamsize|p2|6\n|gen|9\n|tier|[Gen 9] National Dex\n|rule|HP Percentage Mod: HP is shown in percentages\n|rule|Endless Battle Clause: Forcing endless battles is banned\n|rule|OHKO Clause: OHKO moves are banned\n|rule|Evasion Clause: Evasion abilities, items, and moves are banned\n|rule|Evasion Abilities Clause: Evasion abilities are banned\n|rule|Evasion Items Clause: Evasion items are banned\n|rule|Evasion Moves Clause: Evasion moves are banned\n|rule|Species Clause: Limit one of each Pok\u00e9mon\n|rule|Sleep Clause Mod: Limit one foe put to sleep\n|clearpoke\n|poke|p1|Pawmi, M|\n|poke|p1|Sentret, M|\n|poke|p1|Azurill, F|\n|poke|p1|Igglybuff, F|\n|poke|p1|Bunnelby, F|\n|poke|p1|Pidgey, M|\n|poke|p2|Pidgey, M|\n|poke|p2|Sentret, M|\n|poke|p2|Bounsweet, F|\n|poke|p2|Snom, F|\n|poke|p2|Pawmi, F|\n|poke|p2|Charcadet, F|\n|teampreview\n|c|\u2606mushroomtester|Glhf\n|c|\u2606gnsaigon|glhf\n|\n|t:|1701176153\n|start\n|switch|p1a: Bunnelby|Bunnelby, F|100\/100\n|switch|p2a: Bounsweet|Bounsweet, F|100\/100\n|turn|1\n|\n|t:|1701176159\n|move|p1a: Bunnelby|Toxic|p2a: Bounsweet|[miss]\n|-miss|p1a: Bunnelby|p2a: Bounsweet\n|move|p2a: Bounsweet|Toxic|p1a: Bunnelby\n|-status|p1a: Bunnelby|tox\n|\n|-damage|p1a: Bunnelby|94\/100 tox|[from] psn\n|upkeep\n|turn|2\n|\n|t:|1701176163\n|move|p1a: Bunnelby|Toxic|p2a: Bounsweet\n|-status|p2a: Bounsweet|tox\n|move|p2a: Bounsweet|Rapid Spin|p1a: Bunnelby\n|-damage|p1a: Bunnelby|90\/100 tox\n|-boost|p2a: Bounsweet|spe|1\n|\n|-damage|p1a: Bunnelby|78\/100 tox|[from] psn\n|-damage|p2a: Bounsweet|95\/100 tox|[from] psn\n|upkeep\n|turn|3\n|\n|t:|1701176170\n|move|p2a: Bounsweet|Aromatherapy|p2a: Bounsweet\n|-activate|p2a: Bounsweet|move: Aromatherapy\n|-curestatus|p2a: Bounsweet|tox|[msg]\n|move|p1a: Bunnelby|U-turn|p2a: Bounsweet\n|-supereffective|p2a: Bounsweet\n|-damage|p2a: Bounsweet|69\/100\n|\n|t:|1701176175\n|switch|p1a: Pidgey|Pidgey, M|100\/100|[from] U-turn\n|\n|upkeep\n|turn|4\n|\n|t:|1701176178\n|switch|p2a: Pawmi|Pawmi, F|100\/100\n|move|p1a: Pidgey|Brave Bird|p2a: Pawmi\n|-resisted|p2a: Pawmi\n|-damage|p2a: Pawmi|79\/100\n|-damage|p1a: Pidgey|91\/100|[from] Recoil\n|\n|upkeep\n|turn|5\n|\n|t:|1701176181\n|move|p1a: Pidgey|Brave Bird|p2a: Pawmi\n|-resisted|p2a: Pawmi\n|-damage|p2a: Pawmi|59\/100\n|-damage|p1a: Pidgey|83\/100|[from] Recoil\n|move|p2a: Pawmi|Volt Switch|p1a: Pidgey\n|-supereffective|p1a: Pidgey\n|-damage|p1a: Pidgey|7\/100\n|\n|t:|1701176187\n|switch|p2a: Pidgey|Pidgey, M|100\/100|[from] Volt Switch\n|\n|upkeep\n|turn|6\n|c|\u2606mushroomtester|Oops\n|c|\u2606mushroomtester|That was a misclick\n|c|\u2606gnsaigon|ahh\n|\n|t:|1701176212\n|switch|p1a: Pawmi|Pawmi, M|100\/100\n|move|p2a: Pidgey|Quick Attack|p1a: Pawmi\n|-damage|p1a: Pawmi|76\/100\n|\n|upkeep\n|turn|7\n|\n|t:|1701176218\n|switch|p2a: Snom|Snom, F|100\/100\n|move|p1a: Pawmi|Volt Switch|p2a: Snom\n|-damage|p2a: Snom|88\/100\n|\n|t:|1701176220\n|switch|p1a: Azurill|Azurill, F|100\/100|[from] Volt Switch\n|\n|upkeep\n|turn|8\n|\n|t:|1701176231\n|switch|p2a: Pawmi|Pawmi, F|59\/100\n|move|p1a: Azurill|Belly Drum|p1a: Azurill\n|-damage|p1a: Azurill|51\/100\n|-setboost|p1a: Azurill|atk|6|[from] move: Belly Drum\n|\n|upkeep\n|turn|9\n|\n|t:|1701176240\n|move|p1a: Azurill|Aqua Jet|p2a: Pawmi\n|-damage|p2a: Pawmi|28\/100\n|-status|p1a: Azurill|par|[from] ability: Static|[of] p2a: Pawmi\n|move|p2a: Pawmi|Encore|p1a: Azurill\n|-start|p1a: Azurill|Encore\n|\n|upkeep\n|turn|10\n|\n|t:|1701176251\n|switch|p2a: Bounsweet|Bounsweet, F|69\/100\n|cant|p1a: Azurill|par\n|\n|upkeep\n|turn|11\n|\n|t:|1701176259\n|switch|p2a: Sentret|Sentret, M|100\/100\n|-item|p1a: Azurill|Eviolite|[from] ability: Frisk|[of] p2a: Sentret|[identify]\n|move|p1a: Azurill|Aqua Jet|p2a: Sentret\n|-damage|p2a: Sentret|40\/100\n|\n|upkeep\n|turn|12\n|\n|t:|1701176263\n|cant|p1a: Azurill|par\n|move|p2a: Sentret|Double-Edge|p1a: Azurill\n|-damage|p1a: Azurill|1\/100 par\n|-damage|p2a: Sentret|16\/100|[from] Recoil\n|\n|-end|p1a: Azurill|Encore\n|upkeep\n|turn|13\n|\n|t:|1701176266\n|move|p2a: Sentret|Sucker Punch|p1a: Azurill\n|-resisted|p1a: Azurill\n|-damage|p1a: Azurill|0 fnt\n|faint|p1a: Azurill\n|\n|upkeep\n|\n|t:|1701176275\n|switch|p1a: Pidgey|Pidgey, M|7\/100\n|turn|14\n|\n|t:|1701176279\n|move|p1a: Pidgey|Quick Attack|p2a: Sentret\n|-damage|p2a: Sentret|0 fnt\n|faint|p2a: Sentret\n|\n|upkeep\n|\n|t:|1701176284\n|switch|p2a: Pidgey|Pidgey, M|100\/100\n|turn|15\n|\n|t:|1701176293\n|switch|p1a: Pawmi|Pawmi, M|76\/100\n|move|p2a: Pidgey|Return|p1a: Pawmi\n|-damage|p1a: Pawmi|4\/100\n|-status|p2a: Pidgey|par|[from] ability: Static|[of] p1a: Pawmi\n|\n|upkeep\n|turn|16\n|\n|t:|1701176309\n|switch|p2a: Pawmi|Pawmi, F|28\/100\n|move|p1a: Pawmi|Volt Switch|p2a: Pawmi\n|-resisted|p2a: Pawmi\n|-damage|p2a: Pawmi|17\/100\n|\n|t:|1701176314\n|switch|p1a: Bunnelby|Bunnelby, F|78\/100 tox|[from] Volt Switch\n|\n|-damage|p1a: Bunnelby|72\/100 tox|[from] psn\n|upkeep\n|turn|17\n|\n|t:|1701176319\n|move|p2a: Pawmi|Wish|p2a: Pawmi\n|move|p1a: Bunnelby|U-turn|p2a: Pawmi\n|-damage|p2a: Pawmi|8\/100\n|\n|t:|1701176323\n|switch|p1a: Sentret|Sentret, M|100\/100|[from] U-turn\n|-item|p2a: Pawmi|Eviolite|[from] ability: Frisk|[of] p1a: Sentret|[identify]\n|\n|upkeep\n|turn|18\n|\n|t:|1701176329\n|move|p2a: Pawmi|Super Fang|p1a: Sentret\n|-damage|p1a: Sentret|50\/100\n|move|p1a: Sentret|Tidy Up|p1a: Sentret\n|-boost|p1a: Sentret|atk|1\n|-boost|p1a: Sentret|spe|1\n|\n|-heal|p2a: Pawmi|58\/100|[from] move: Wish|[wisher] Pawmi\n|upkeep\n|turn|19\n|\n|t:|1701176354\n|move|p2a: Pawmi|Volt Switch|p1a: Sentret\n|-damage|p1a: Sentret|34\/100\n|c|\u2606gnsaigon|woah im faster\n|c|\u2606gnsaigon|thats bulky\n|\n|t:|1701176365\n|switch|p2a: Charcadet|Charcadet, F|100\/100|[from] Volt Switch\n|move|p1a: Sentret|Tidy Up|p1a: Sentret\n|-boost|p1a: Sentret|atk|1\n|-boost|p1a: Sentret|spe|1\n|\n|upkeep\n|turn|20\n|\n|t:|1701176377\n|move|p1a: Sentret|Sucker Punch|p2a: Charcadet\n|-damage|p2a: Charcadet|40\/100\n|-status|p1a: Sentret|brn|[from] ability: Flame Body|[of] p2a: Charcadet\n|move|p2a: Charcadet|Fire Blast|p1a: Sentret|[miss]\n|-miss|p2a: Charcadet|p1a: Sentret\n|\n|-damage|p1a: Sentret|28\/100 brn|[from] brn\n|upkeep\n|turn|21\n|\n|t:|1701176392\n|move|p1a: Sentret|Sucker Punch||[still]\n|-fail|p1a: Sentret\n|move|p2a: Charcadet|Disable|p1a: Sentret\n|-start|p1a: Sentret|Disable|Sucker Punch\n|\n|-damage|p1a: Sentret|21\/100 brn|[from] brn\n|upkeep\n|turn|22\n|\n|t:|1701176396\n|move|p2a: Charcadet|Destiny Bond|p2a: Charcadet\n|-singlemove|p2a: Charcadet|Destiny Bond\n|move|p1a: Sentret|Knock Off|p2a: Charcadet\n|-damage|p2a: Charcadet|0 fnt\n|-enditem|p2a: Charcadet|Eviolite|[from] move: Knock Off|[of] p1a: Sentret\n|faint|p2a: Charcadet\n|-activate|p2a: Charcadet|move: Destiny Bond\n|faint|p1a: Sentret\n|\n|upkeep\n|\n|t:|1701176404\n|switch|p2a: Pidgey|Pidgey, M|100\/100 par\n|switch|p1a: Igglybuff|Igglybuff, F|100\/100\n|turn|23\n|\n|t:|1701176409\n|switch|p2a: Snom|Snom, F|88\/100\n|move|p1a: Igglybuff|Seismic Toss|p2a: Snom\n|-damage|p2a: Snom|50\/100\n|\n|upkeep\n|turn|24\n|\n|t:|1701176413\n|move|p2a: Snom|Rest|p2a: Snom\n|-status|p2a: Snom|slp|[from] move: Rest\n|-heal|p2a: Snom|100\/100 slp|[silent]\n|move|p1a: Igglybuff|Seismic Toss|p2a: Snom\n|-damage|p2a: Snom|63\/100 slp\n|\n|upkeep\n|turn|25\n|\n|t:|1701176415\n|cant|p2a: Snom|slp\n|move|p2a: Snom|Sleep Talk|p2a: Snom\n|move|p2a: Snom|Icy Wind|p1a: Igglybuff|[from]move: Sleep Talk\n|-damage|p1a: Igglybuff|86\/100\n|-unboost|p1a: Igglybuff|spe|1\n|move|p1a: Igglybuff|Seismic Toss|p2a: Snom\n|-damage|p2a: Snom|25\/100 slp\n|\n|upkeep\n|turn|26\n|\n|t:|1701176426\n|switch|p2a: Bounsweet|Bounsweet, F|69\/100\n|move|p1a: Igglybuff|Seismic Toss|p2a: Bounsweet\n|-damage|p2a: Bounsweet|34\/100\n|\n|upkeep\n|turn|27\n|\n|t:|1701176430\n|move|p2a: Bounsweet|Synthesis|p2a: Bounsweet\n|-heal|p2a: Bounsweet|84\/100\n|move|p1a: Igglybuff|Seismic Toss|p2a: Bounsweet\n|-damage|p2a: Bounsweet|49\/100\n|\n|upkeep\n|turn|28\n|\n|t:|1701176433\n|move|p2a: Bounsweet|Toxic|p1a: Igglybuff\n|-status|p1a: Igglybuff|tox\n|move|p1a: Igglybuff|Seismic Toss|p2a: Bounsweet\n|-damage|p2a: Bounsweet|14\/100\n|\n|-damage|p1a: Igglybuff|80\/100 tox|[from] psn\n|upkeep\n|turn|29\n|\n|t:|1701176436\n|move|p2a: Bounsweet|Synthesis|p2a: Bounsweet\n|-heal|p2a: Bounsweet|64\/100\n|move|p1a: Igglybuff|Heal Bell|p1a: Igglybuff\n|-activate|p1a: Igglybuff|move: Heal Bell\n|-curestatus|p1a: Igglybuff|tox|[msg]\n|-curestatus|p1: Bunnelby|tox|[msg]\n|\n|upkeep\n|turn|30\n|\n|t:|1701176444\n|move|p2a: Bounsweet|Toxic|p1a: Igglybuff\n|-status|p1a: Igglybuff|tox\n|move|p1a: Igglybuff|Seismic Toss|p2a: Bounsweet\n|-damage|p2a: Bounsweet|29\/100\n|\n|-damage|p1a: Igglybuff|74\/100 tox|[from] psn\n|upkeep\n|turn|31\n|\n|t:|1701176448\n|switch|p1a: Pidgey|Pidgey, M|7\/100\n|move|p2a: Bounsweet|Synthesis|p2a: Bounsweet\n|-heal|p2a: Bounsweet|79\/100\n|\n|upkeep\n|turn|32\n|\n|t:|1701176451\n|switch|p2a: Snom|Snom, F|25\/100 slp\n|move|p1a: Pidgey|U-turn|p2a: Snom\n|-damage|p2a: Snom|1\/100 slp\n|\n|t:|1701176464\n|switch|p1a: Pawmi|Pawmi, M|4\/100|[from] U-turn\n|\n|upkeep\n|turn|33\n|\n|t:|1701176469\n|move|p1a: Pawmi|Volt Switch|p2a: Snom\n|-damage|p2a: Snom|0 fnt\n|faint|p2a: Snom\n|\n|t:|1701176474\n|switch|p1a: Bunnelby|Bunnelby, F|72\/100|[from] Volt Switch\n|\n|upkeep\n|\n|t:|1701176481\n|switch|p2a: Pawmi|Pawmi, F|58\/100\n|turn|34\n|\n|t:|1701176484\n|move|p2a: Pawmi|Wish|p2a: Pawmi\n|move|p1a: Bunnelby|Earthquake|p2a: Pawmi\n|-supereffective|p2a: Pawmi\n|-damage|p2a: Pawmi|29\/100\n|\n|upkeep\n|turn|35\n|\n|t:|1701176494\n|move|p2a: Pawmi|Super Fang|p1a: Bunnelby|[miss]\n|-miss|p2a: Pawmi|p1a: Bunnelby\n|move|p1a: Bunnelby|Spikes|p2a: Pawmi\n|-sidestart|p2: gnsaigon|Spikes\n|\n|-heal|p2a: Pawmi|79\/100|[from] move: Wish|[wisher] Pawmi\n|upkeep\n|turn|36\n|\n|t:|1701176501\n|move|p2a: Pawmi|Encore|p1a: Bunnelby\n|-start|p1a: Bunnelby|Encore\n|move|p1a: Bunnelby|Spikes|p2a: Pawmi\n|-sidestart|p2: gnsaigon|Spikes\n|\n|upkeep\n|turn|37\n|\n|t:|1701176505\n|move|p2a: Pawmi|Super Fang|p1a: Bunnelby\n|-damage|p1a: Bunnelby|36\/100\n|move|p1a: Bunnelby|Spikes|p2a: Pawmi\n|-sidestart|p2: gnsaigon|Spikes\n|\n|upkeep\n|turn|38\n|\n|t:|1701176514\n|switch|p1a: Igglybuff|Igglybuff, F|74\/100 tox\n|move|p2a: Pawmi|Volt Switch|p1a: Igglybuff\n|-damage|p1a: Igglybuff|63\/100 tox\n|\n|t:|1701176517\n|switch|p2a: Bounsweet|Bounsweet, F|79\/100|[from] Volt Switch\n|-damage|p2a: Bounsweet|54\/100|[from] Spikes\n|\n|-damage|p1a: Igglybuff|57\/100 tox|[from] psn\n|upkeep\n|turn|39\n|\n|t:|1701176525\n|move|p2a: Bounsweet|Rapid Spin|p1a: Igglybuff\n|-damage|p1a: Igglybuff|47\/100 tox\n|-boost|p2a: Bounsweet|spe|1\n|-sideend|p2: gnsaigon|Spikes|[from] move: Rapid Spin|[of] p2a: Bounsweet\n|move|p1a: Igglybuff|Heal Bell|p1a: Igglybuff\n|-activate|p1a: Igglybuff|move: Heal Bell\n|-curestatus|p1a: Igglybuff|tox|[msg]\n|\n|upkeep\n|turn|40\n|\n|t:|1701176528\n|move|p2a: Bounsweet|Toxic|p1a: Igglybuff\n|-status|p1a: Igglybuff|tox\n|move|p1a: Igglybuff|Wish|p1a: Igglybuff\n|\n|-damage|p1a: Igglybuff|41\/100 tox|[from] psn\n|upkeep\n|turn|41\n|\n|t:|1701176535\n|move|p2a: Bounsweet|Toxic|p1a: Igglybuff\n|-fail|p1a: Igglybuff|tox\n|move|p1a: Igglybuff|Seismic Toss|p2a: Bounsweet\n|-damage|p2a: Bounsweet|19\/100\n|\n|-heal|p1a: Igglybuff|91\/100 tox|[from] move: Wish|[wisher] Igglybuff\n|-damage|p1a: Igglybuff|78\/100 tox|[from] psn\n|upkeep\n|turn|42\n|\n|t:|1701176539\n|move|p2a: Bounsweet|Synthesis|p2a: Bounsweet\n|-heal|p2a: Bounsweet|69\/100\n|move|p1a: Igglybuff|Seismic Toss|p2a: Bounsweet\n|-damage|p2a: Bounsweet|34\/100\n|\n|-damage|p1a: Igglybuff|59\/100 tox|[from] psn\n|upkeep\n|turn|43\n|\n|t:|1701176545\n|move|p2a: Bounsweet|Synthesis|p2a: Bounsweet\n|-heal|p2a: Bounsweet|84\/100\n|move|p1a: Igglybuff|Seismic Toss|p2a: Bounsweet\n|-damage|p2a: Bounsweet|49\/100\n|\n|-damage|p1a: Igglybuff|34\/100 tox|[from] psn\n|upkeep\n|turn|44\n|\n|t:|1701176549\n|switch|p2a: Pawmi|Pawmi, F|79\/100\n|switch|p1a: Pidgey|Pidgey, M|7\/100\n|\n|upkeep\n|turn|45\n|\n|t:|1701176587\n|move|p1a: Pidgey|U-turn|p2a: Pawmi\n|-damage|p2a: Pawmi|61\/100\n|\n|t:|1701176590\n|switch|p1a: Bunnelby|Bunnelby, F|36\/100|[from] U-turn\n|move|p2a: Pawmi|Wish|p2a: Pawmi\n|\n|upkeep\n|turn|46\n|\n|t:|1701176601\n|move|p2a: Pawmi|Volt Switch|p1a: Bunnelby\n|-damage|p1a: Bunnelby|16\/100\n|\n|t:|1701176605\n|switch|p2a: Bounsweet|Bounsweet, F|49\/100|[from] Volt Switch\n|move|p1a: Bunnelby|Toxic|p2a: Bounsweet\n|-status|p2a: Bounsweet|tox\n|\n|-heal|p2a: Bounsweet|100\/100 tox|[from] move: Wish|[wisher] Pawmi\n|-damage|p2a: Bounsweet|95\/100 tox|[from] psn\n|upkeep\n|turn|47\n|\n|t:|1701176612\n|switch|p1a: Pidgey|Pidgey, M|7\/100\n|move|p2a: Bounsweet|Rapid Spin|p1a: Pidgey\n|-damage|p1a: Pidgey|0 fnt\n|-boost|p2a: Bounsweet|spe|1\n|faint|p1a: Pidgey\n|\n|-damage|p2a: Bounsweet|83\/100 tox|[from] psn\n|upkeep\n|\n|t:|1701176614\n|switch|p1a: Igglybuff|Igglybuff, F|34\/100 tox\n|turn|48\n|\n|t:|1701176617\n|move|p2a: Bounsweet|Aromatherapy|p2a: Bounsweet\n|-activate|p2a: Bounsweet|move: Aromatherapy\n|-curestatus|p2a: Bounsweet|tox|[msg]\n|-curestatus|p2: Pidgey|par|[msg]\n|move|p1a: Igglybuff|Heal Bell|p1a: Igglybuff\n|-activate|p1a: Igglybuff|move: Heal Bell\n|-curestatus|p1a: Igglybuff|tox|[msg]\n|\n|upkeep\n|turn|49\n|\n|t:|1701176624\n|move|p2a: Bounsweet|Toxic|p1a: Igglybuff\n|-status|p1a: Igglybuff|tox\n|move|p1a: Igglybuff|Wish|p1a: Igglybuff\n|\n|-damage|p1a: Igglybuff|28\/100 tox|[from] psn\n|upkeep\n|turn|50\n|\n|t:|1701176627\n|move|p2a: Bounsweet|Rapid Spin|p1a: Igglybuff\n|-damage|p1a: Igglybuff|18\/100 tox\n|-boost|p2a: Bounsweet|spe|1\n|move|p1a: Igglybuff|Seismic Toss|p2a: Bounsweet\n|-damage|p2a: Bounsweet|48\/100\n|\n|-heal|p1a: Igglybuff|68\/100 tox|[from] move: Wish|[wisher] Igglybuff\n|-damage|p1a: Igglybuff|56\/100 tox|[from] psn\n|upkeep\n|turn|51\n|c|\u2606mushroomtester|Yea ggs\n|c|\u2606gnsaigon|gg\n|c|\u2606mushroomtester|I can't win here\n|-message|mushroomtester forfeited.\n|\n|win|gnsaigon\n|c|\u2606gnsaigon|we can rm?\n|c|\u2606mushroomtester|No sorry i got school in a couple of minutes\n","uploadtime":1701176672,"views":15,"p1id":"mushroomtester","p2id":"gnsaigon","formatid":"gen9nationaldex","rating":0,"private":0,"password":""}