{"id":"gen9nationaldex-1993111770","p1":"FXT1206","p2":"88NASSULLY","format":"[Gen 9] National Dex","log":"|j|\u2606FXT1206\n|j|\u260688NASSULLY\n|t:|1700266124\n|gametype|singles\n|player|p1|FXT1206|iris|1670\n|player|p2|88NASSULLY|flint|1518\n|teamsize|p1|6\n|teamsize|p2|6\n|gen|9\n|tier|[Gen 9] National Dex\n|rated|\n|rule|HP Percentage Mod: HP is shown in percentages\n|rule|Endless Battle Clause: Forcing endless battles is banned\n|rule|OHKO Clause: OHKO moves are banned\n|rule|Evasion Clause: Evasion abilities, items, and moves are banned\n|rule|Evasion Abilities Clause: Evasion abilities are banned\n|rule|Evasion Items Clause: Evasion items are banned\n|rule|Evasion Moves Clause: Evasion moves are banned\n|rule|Species Clause: Limit one of each Pok\u00e9mon\n|rule|Sleep Clause Mod: Limit one foe put to sleep\n|clearpoke\n|poke|p1|Diancie|\n|poke|p1|Ogerpon-Cornerstone, F|\n|poke|p1|Zamazenta-*|\n|poke|p1|Urshifu-*, F|\n|poke|p1|Zapdos|\n|poke|p1|Ting-Lu|\n|poke|p2|Gliscor, M|\n|poke|p2|Volcanion|\n|poke|p2|Zeraora|\n|poke|p2|Gallade, M|\n|poke|p2|Reuniclus, F|\n|poke|p2|Mawile, F|\n|teampreview\n|inactive|Battle timer is ON: inactive players will automatically lose when time's up. (requested by FXT1206)\n|\n|t:|1700266141\n|start\n|switch|p1a: Diancie|Diancie|100\/100\n|switch|p2a: Scor Scor|Gliscor, M|100\/100\n|turn|1\n|\n|t:|1700266147\n|move|p2a: Scor Scor|Toxic|p1a: Diancie\n|-status|p1a: Diancie|tox\n|move|p1a: Diancie|Stealth Rock|p2a: Scor Scor\n|-sidestart|p2: 88NASSULLY|move: Stealth Rock\n|\n|-damage|p1a: Diancie|94\/100 tox|[from] psn\n|-status|p2a: Scor Scor|tox|[from] item: Toxic Orb\n|upkeep\n|turn|2\n|\n|t:|1700266162\n|detailschange|p1a: Diancie|Diancie-Mega\n|-mega|p1a: Diancie|Diancie|Diancite\n|move|p1a: Diancie|Moonblast|p2a: Scor Scor\n|-damage|p2a: Scor Scor|50\/100 tox\n|move|p2a: Scor Scor|Taunt|p1a: Diancie\n|move|p1a: Diancie|Taunt|p2a: Scor Scor|[from]ability: Magic Bounce\n|-start|p2a: Scor Scor|move: Taunt\n|\n|-damage|p1a: Diancie|82\/100 tox|[from] psn\n|-heal|p2a: Scor Scor|63\/100 tox|[from] ability: Poison Heal\n|upkeep\n|turn|3\n|\n|t:|1700266173\n|move|p1a: Diancie|Moonblast|p2a: Scor Scor\n|-damage|p2a: Scor Scor|12\/100 tox\n|-unboost|p2a: Scor Scor|spa|1\n|move|p2a: Scor Scor|Earthquake|p1a: Diancie\n|-supereffective|p1a: Diancie\n|-damage|p1a: Diancie|12\/100 tox\n|\n|-damage|p1a: Diancie|0 fnt|[from] psn\n|faint|p1a: Diancie\n|-heal|p2a: Scor Scor|24\/100 tox|[from] ability: Poison Heal\n|upkeep\n|\n|t:|1700266178\n|switch|p1a: Urshifu|Urshifu-Rapid-Strike, F|100\/100\n|turn|4\n|\n|t:|1700266186\n|switch|p2a: Fire Stopper|Volcanion|100\/100\n|move|p1a: Urshifu|Swords Dance|p1a: Urshifu\n|-boost|p1a: Urshifu|atk|2\n|\n|upkeep\n|turn|5\n|\n|t:|1700266194\n|switch|p2a: TEST_SUBJECT_1|Reuniclus, F, shiny|100\/100\n|move|p1a: Urshifu|Trailblaze|p2a: TEST_SUBJECT_1\n|-crit|p2a: TEST_SUBJECT_1\n|-damage|p2a: TEST_SUBJECT_1|60\/100\n|-boost|p1a: Urshifu|spe|1\n|\n|-heal|p2a: TEST_SUBJECT_1|66\/100|[from] item: Leftovers\n|upkeep\n|turn|6\n|\n|t:|1700266207\n|switch|p2a: Fire Stopper|Volcanion|100\/100\n|move|p1a: Urshifu|Surging Strikes|p2a: Fire Stopper\n|-immune|p2a: Fire Stopper|[from] ability: Water Absorb\n|\n|upkeep\n|turn|7\n|\n|t:|1700266216\n|move|p1a: Urshifu|Close Combat|p2a: Fire Stopper\n|-damage|p2a: Fire Stopper|12\/100\n|-unboost|p1a: Urshifu|def|1\n|-unboost|p1a: Urshifu|spd|1\n|move|p2a: Fire Stopper|Steam Eruption|p1a: Urshifu\n|-resisted|p1a: Urshifu\n|-damage|p1a: Urshifu|35\/100\n|-status|p1a: Urshifu|brn\n|\n|-damage|p1a: Urshifu|29\/100 brn|[from] brn\n|upkeep\n|turn|8\n|\n|t:|1700266226\n|switch|p2a: TEST_SUBJECT_1|Reuniclus, F, shiny|66\/100\n|move|p1a: Urshifu|Trailblaze|p2a: TEST_SUBJECT_1\n|-damage|p2a: TEST_SUBJECT_1|52\/100\n|-boost|p1a: Urshifu|spe|1\n|\n|-heal|p2a: TEST_SUBJECT_1|58\/100|[from] item: Leftovers\n|-damage|p1a: Urshifu|22\/100 brn|[from] brn\n|upkeep\n|turn|9\n|\n|t:|1700266235\n|move|p1a: Urshifu|Close Combat|p2a: TEST_SUBJECT_1\n|-resisted|p2a: TEST_SUBJECT_1\n|-damage|p2a: TEST_SUBJECT_1|35\/100\n|-unboost|p1a: Urshifu|def|1\n|-unboost|p1a: Urshifu|spd|1\n|move|p2a: TEST_SUBJECT_1|Recover|p2a: TEST_SUBJECT_1\n|-heal|p2a: TEST_SUBJECT_1|85\/100\n|\n|-heal|p2a: TEST_SUBJECT_1|91\/100|[from] item: Leftovers\n|-damage|p1a: Urshifu|16\/100 brn|[from] brn\n|upkeep\n|turn|10\n|\n|t:|1700266249\n|move|p1a: Urshifu|Close Combat|p2a: TEST_SUBJECT_1\n|-resisted|p2a: TEST_SUBJECT_1\n|-damage|p2a: TEST_SUBJECT_1|68\/100\n|-unboost|p1a: Urshifu|def|1\n|-unboost|p1a: Urshifu|spd|1\n|move|p2a: TEST_SUBJECT_1|Recover|p2a: TEST_SUBJECT_1\n|-heal|p2a: TEST_SUBJECT_1|100\/100\n|\n|-damage|p1a: Urshifu|10\/100 brn|[from] brn\n|upkeep\n|turn|11\n|\n|t:|1700266262\n|move|p1a: Urshifu|Close Combat|p2a: TEST_SUBJECT_1\n|-resisted|p2a: TEST_SUBJECT_1\n|-damage|p2a: TEST_SUBJECT_1|78\/100\n|-unboost|p1a: Urshifu|def|1\n|-unboost|p1a: Urshifu|spd|1\n|move|p2a: TEST_SUBJECT_1|Calm Mind|p2a: TEST_SUBJECT_1\n|-boost|p2a: TEST_SUBJECT_1|spa|1\n|-boost|p2a: TEST_SUBJECT_1|spd|1\n|\n|-heal|p2a: TEST_SUBJECT_1|84\/100|[from] item: Leftovers\n|-damage|p1a: Urshifu|4\/100 brn|[from] brn\n|upkeep\n|turn|12\n|\n|t:|1700266273\n|move|p1a: Urshifu|Surging Strikes|p2a: TEST_SUBJECT_1\n|-crit|p2a: TEST_SUBJECT_1\n|-damage|p2a: TEST_SUBJECT_1|66\/100\n|-crit|p2a: TEST_SUBJECT_1\n|-damage|p2a: TEST_SUBJECT_1|50\/100\n|-crit|p2a: TEST_SUBJECT_1\n|-damage|p2a: TEST_SUBJECT_1|32\/100\n|-hitcount|p2a: TEST_SUBJECT_1|3\n|move|p2a: TEST_SUBJECT_1|Recover|p2a: TEST_SUBJECT_1\n|-heal|p2a: TEST_SUBJECT_1|82\/100\n|\n|-heal|p2a: TEST_SUBJECT_1|88\/100|[from] item: Leftovers\n|-damage|p1a: Urshifu|0 fnt|[from] brn\n|faint|p1a: Urshifu\n|upkeep\n|\n|t:|1700266279\n|switch|p1a: Ting-Lu|Ting-Lu|100\/100\n|-ability|p1a: Ting-Lu|Vessel of Ruin\n|turn|13\n|\n|t:|1700266289\n|switch|p2a: Scor Scor|Gliscor, M|24\/100 tox\n|-damage|p2a: Scor Scor|12\/100 tox|[from] Stealth Rock\n|move|p1a: Ting-Lu|Throat Chop|p2a: Scor Scor\n|-damage|p2a: Scor Scor|0 fnt\n|faint|p2a: Scor Scor\n|\n|upkeep\n|\n|t:|1700266297\n|switch|p2a: Papercuts|Gallade, M|100\/100\n|-damage|p2a: Papercuts|94\/100|[from] Stealth Rock\n|turn|14\n|\n|t:|1700266300\n|switch|p1a: Zapdos|Zapdos|100\/100\n|move|p2a: Papercuts|Trick|p1a: Zapdos\n|-activate|p2a: Papercuts|move: Trick|[of] p1a: Zapdos\n|-item|p1a: Zapdos|Choice Scarf|[from] move: Trick\n|-item|p2a: Papercuts|Heavy-Duty Boots|[from] move: Trick\n|\n|upkeep\n|turn|15\n|\n|t:|1700266308\n|switch|p2a: SEGA Zinogre|Zeraora|100\/100\n|-damage|p2a: SEGA Zinogre|88\/100|[from] Stealth Rock\n|move|p1a: Zapdos|Hurricane|p2a: SEGA Zinogre\n|-resisted|p2a: SEGA Zinogre\n|-damage|p2a: SEGA Zinogre|53\/100\n|\n|upkeep\n|turn|16\n|\n|t:|1700266316\n|switch|p1a: Ting-Lu|Ting-Lu|100\/100\n|-ability|p1a: Ting-Lu|Vessel of Ruin\n|move|p2a: SEGA Zinogre|Close Combat|p1a: Ting-Lu\n|-supereffective|p1a: Ting-Lu\n|-damage|p1a: Ting-Lu|41\/100\n|-unboost|p2a: SEGA Zinogre|def|1\n|-unboost|p2a: SEGA Zinogre|spd|1\n|\n|upkeep\n|turn|17\n|\n|t:|1700266325\n|move|p2a: SEGA Zinogre|Close Combat|p1a: Ting-Lu\n|-supereffective|p1a: Ting-Lu\n|-damage|p1a: Ting-Lu|0 fnt\n|-unboost|p2a: SEGA Zinogre|def|1\n|-unboost|p2a: SEGA Zinogre|spd|1\n|faint|p1a: Ting-Lu\n|\n|upkeep\n|\n|t:|1700266328\n|switch|p1a: Ogerpon|Ogerpon-Cornerstone, F|100\/100\n|turn|18\n|\n|t:|1700266336\n|move|p2a: SEGA Zinogre|Close Combat|p1a: Ogerpon\n|-supereffective|p1a: Ogerpon\n|-ability|p1a: Ogerpon|Sturdy\n|-damage|p1a: Ogerpon|1\/100\n|-unboost|p2a: SEGA Zinogre|def|1\n|-unboost|p2a: SEGA Zinogre|spd|1\n|move|p1a: Ogerpon|Horn Leech|p2a: SEGA Zinogre\n|-damage|p2a: SEGA Zinogre|0 fnt\n|-heal|p1a: Ogerpon|29\/100|[from] drain|[of] p2a: SEGA Zinogre\n|faint|p2a: SEGA Zinogre\n|\n|upkeep\n|\n|t:|1700266347\n|switch|p2a: Papercuts|Gallade, M|94\/100\n|turn|19\n|\n|t:|1700266350\n|switch|p1a: Zapdos|Zapdos|100\/100\n|move|p2a: Papercuts|Psycho Cut|p1a: Zapdos\n|-damage|p1a: Zapdos|61\/100\n|\n|upkeep\n|turn|20\n|\n|t:|1700266356\n|switch|p2a: TEST_SUBJECT_1|Reuniclus, F, shiny|88\/100\n|move|p1a: Zapdos|Volt Switch|p2a: TEST_SUBJECT_1\n|-damage|p2a: TEST_SUBJECT_1|62\/100\n|\n|t:|1700266359\n|switch|p1a: Ogerpon|Ogerpon-Cornerstone, F|29\/100|[from] Volt Switch\n|\n|-heal|p2a: TEST_SUBJECT_1|68\/100|[from] item: Leftovers\n|upkeep\n|turn|21\n|\n|t:|1700266367\n|move|p1a: Ogerpon|Ivy Cudgel|p2a: TEST_SUBJECT_1|[anim] Ivy Cudgel Rock\n|-damage|p2a: TEST_SUBJECT_1|19\/100\n|move|p2a: TEST_SUBJECT_1|Iron Defense|p2a: TEST_SUBJECT_1\n|-boost|p2a: TEST_SUBJECT_1|def|2\n|\n|-heal|p2a: TEST_SUBJECT_1|26\/100|[from] item: Leftovers\n|upkeep\n|turn|22\n|\n|t:|1700266375\n|switch|p2a: She Eats|Mawile, F|100\/100\n|-damage|p2a: She Eats|94\/100|[from] Stealth Rock\n|-ability|p2a: She Eats|Intimidate|boost\n|-unboost|p1a: Ogerpon|atk|1\n|-terastallize|p1a: Ogerpon|Rock\n|detailschange|p1a: Ogerpon|Ogerpon-Cornerstone-Tera, F, tera:Rock\n|-ability|p1a: Ogerpon|Embody Aspect (Cornerstone)|boost\n|-boost|p1a: Ogerpon|def|1\n|move|p1a: Ogerpon|Ivy Cudgel|p2a: She Eats|[anim] Ivy Cudgel Rock\n|-resisted|p2a: She Eats\n|-damage|p2a: She Eats|59\/100\n|\n|upkeep\n|turn|23\n|\n|t:|1700266388\n|switch|p1a: Zapdos|Zapdos|61\/100\n|detailschange|p2a: She Eats|Mawile-Mega, F\n|-mega|p2a: She Eats|Mawile|Mawilite\n|move|p2a: She Eats|Swords Dance|p2a: She Eats\n|-boost|p2a: She Eats|atk|2\n|\n|upkeep\n|turn|24\n|\n|t:|1700266394\n|move|p2a: She Eats|Sucker Punch|p1a: Zapdos\n|-damage|p1a: Zapdos|0 fnt\n|faint|p1a: Zapdos\n|\n|upkeep\n|\n|t:|1700266396\n|switch|p1a: Zamazenta|Zamazenta|100\/100\n|-ability|p1a: Zamazenta|Dauntless Shield|boost\n|-boost|p1a: Zamazenta|def|1\n|turn|25\n|\n|t:|1700266405\n|move|p1a: Zamazenta|Body Press|p2a: She Eats\n|-damage|p2a: She Eats|2\/100\n|move|p2a: She Eats|Play Rough|p1a: Zamazenta\n|-supereffective|p1a: Zamazenta\n|-damage|p1a: Zamazenta|0 fnt\n|faint|p1a: Zamazenta\n|\n|upkeep\n|\n|t:|1700266409\n|switch|p1a: Ogerpon|Ogerpon-Cornerstone-Tera, F, tera:Rock|29\/100\n|-ability|p1a: Ogerpon|Embody Aspect (Cornerstone)|boost\n|-boost|p1a: Ogerpon|def|1\n|turn|26\n|\n|t:|1700266422\n|move|p2a: She Eats|Sucker Punch||[still]\n|-fail|p2a: She Eats\n|move|p1a: Ogerpon|Swords Dance|p1a: Ogerpon\n|-boost|p1a: Ogerpon|atk|2\n|\n|upkeep\n|turn|27\n|\n|t:|1700266428\n|move|p2a: She Eats|Sucker Punch||[still]\n|-fail|p2a: She Eats\n|move|p1a: Ogerpon|Swords Dance|p1a: Ogerpon\n|-boost|p1a: Ogerpon|atk|2\n|\n|upkeep\n|turn|28\n|\n|t:|1700266433\n|move|p1a: Ogerpon|Trailblaze|p2a: She Eats\n|-resisted|p2a: She Eats\n|-damage|p2a: She Eats|0 fnt\n|-boost|p1a: Ogerpon|spe|1\n|faint|p2a: She Eats\n|\n|upkeep\n|\n|t:|1700266443\n|switch|p2a: Papercuts|Gallade, M|94\/100\n|turn|29\n|\n|t:|1700266448\n|-terastallize|p2a: Papercuts|Ghost\n|move|p1a: Ogerpon|Horn Leech|p2a: Papercuts\n|-damage|p2a: Papercuts|0 fnt\n|-heal|p1a: Ogerpon|72\/100|[from] drain|[of] p2a: Papercuts\n|faint|p2a: Papercuts\n|\n|upkeep\n|-message|88NASSULLY forfeited.\n|\n|win|FXT1206\n|raw|FXT1206's rating: 1643 &rarr; <strong>1656<\/strong><br \/>(+13 for winning)\n|raw|88NASSULLY's rating: 1518 &rarr; <strong>1505<\/strong><br \/>(-13 for losing)\n|l|\u260688NASSULLY\n|player|p1|FXT1206|iris\n","uploadtime":1700266501,"views":7,"p1id":"fxt1206","p2id":"88nassully","formatid":"gen9nationaldex","rating":1505,"private":0,"password":""}