{"id":"gen9nationaldex-1996744129","p1":"NOQAQ","p2":"Nightmarehall","format":"[Gen 9] National Dex","log":"|html|<div class=\"broadcast-blue\"><strong>[Gen 9] National Dex is currently suspecting Sneasler! For information on how to participate check out the <a href=\"https:\/\/www.smogon.com\/forums\/threads\/sv-national-dex-suspect-8-just-dance.3731534\/\">suspect thread<\/a>.<\/strong><\/div>\n|j|\u2606NOQAQ\n|j|\u2606Nightmarehall\n|t:|1700717879\n|gametype|singles\n|player|p1|NOQAQ|cynthia|1522\n|player|p2|Nightmarehall|clay|1590\n|teamsize|p1|6\n|teamsize|p2|6\n|gen|9\n|tier|[Gen 9] National Dex\n|rated|\n|rule|HP Percentage Mod: HP is shown in percentages\n|rule|Endless Battle Clause: Forcing endless battles is banned\n|rule|OHKO Clause: OHKO moves are banned\n|rule|Evasion Clause: Evasion abilities, items, and moves are banned\n|rule|Evasion Abilities Clause: Evasion abilities are banned\n|rule|Evasion Items Clause: Evasion items are banned\n|rule|Evasion Moves Clause: Evasion moves are banned\n|rule|Species Clause: Limit one of each Pok\u00e9mon\n|rule|Sleep Clause Mod: Limit one foe put to sleep\n|clearpoke\n|poke|p1|Alomomola, M|\n|poke|p1|Ferrothorn, F|\n|poke|p1|Victini|\n|poke|p1|Kyurem|\n|poke|p1|Landorus-Therian, M|\n|poke|p1|Zamazenta-*|\n|poke|p2|Iron Hands|\n|poke|p2|Kartana|\n|poke|p2|Latios, M|\n|poke|p2|Landorus-Therian, M|\n|poke|p2|Heatran, F|\n|poke|p2|Rotom-Wash|\n|teampreview\n|\n|t:|1700717892\n|start\n|switch|p1a: Ferrothorn|Ferrothorn, F|100\/100\n|switch|p2a: ISAGI YOICHI|Landorus-Therian, M|100\/100\n|-ability|p2a: ISAGI YOICHI|Intimidate|boost\n|-unboost|p1a: Ferrothorn|atk|1\n|turn|1\n|\n|t:|1700717901\n|move|p2a: ISAGI YOICHI|Stealth Rock|p1a: Ferrothorn\n|-sidestart|p1: NOQAQ|move: Stealth Rock\n|move|p1a: Ferrothorn|Gyro Ball|p2a: ISAGI YOICHI\n|-damage|p2a: ISAGI YOICHI|72\/100\n|-damage|p1a: Ferrothorn|84\/100|[from] item: Rocky Helmet|[of] p2a: ISAGI YOICHI\n|\n|upkeep\n|turn|2\n|\n|t:|1700717908\n|switch|p2a: King Slime|Heatran, F|100\/100\n|move|p1a: Ferrothorn|Knock Off|p2a: King Slime\n|-damage|p2a: King Slime|85\/100\n|-enditem|p2a: King Slime|Leftovers|[from] move: Knock Off|[of] p1a: Ferrothorn\n|\n|upkeep\n|turn|3\n|\n|t:|1700717917\n|switch|p1a: Alomomola|Alomomola, M|100\/100\n|-damage|p1a: Alomomola|88\/100|[from] Stealth Rock\n|move|p2a: King Slime|Magma Storm|p1a: Alomomola\n|-resisted|p1a: Alomomola\n|-damage|p1a: Alomomola|73\/100\n|-activate|p1a: Alomomola|move: Magma Storm|[of] p2a: King Slime\n|\n|-heal|p1a: Alomomola|79\/100|[from] item: Leftovers\n|-damage|p1a: Alomomola|67\/100|[from] move: Magma Storm|[partiallytrapped]\n|upkeep\n|turn|4\n|\n|t:|1700717927\n|move|p2a: King Slime|Toxic|p1a: Alomomola\n|-status|p1a: Alomomola|tox\n|move|p1a: Alomomola|Flip Turn|p2a: King Slime\n|-supereffective|p2a: King Slime\n|-damage|p2a: King Slime|59\/100\n|\n|t:|1700717937\n|switch|p1a: Kyurem|Kyurem|100\/100|[from] Flip Turn\n|-damage|p1a: Kyurem|76\/100|[from] Stealth Rock\n|-ability|p1a: Kyurem|Pressure\n|\n|-heal|p1a: Kyurem|82\/100|[from] item: Leftovers\n|upkeep\n|turn|5\n|\n|t:|1700717961\n|switch|p2a: HANDS|Iron Hands|100\/100\n|move|p1a: Kyurem|Substitute|p1a: Kyurem\n|-start|p1a: Kyurem|Substitute\n|-damage|p1a: Kyurem|57\/100\n|\n|-heal|p1a: Kyurem|63\/100|[from] item: Leftovers\n|upkeep\n|turn|6\n|j| kingambit player\n|\n|t:|1700717968\n|move|p1a: Kyurem|Protect|p1a: Kyurem\n|-singleturn|p1a: Kyurem|Protect\n|move|p2a: HANDS|Drain Punch|p1a: Kyurem\n|-activate|p1a: Kyurem|move: Protect\n|\n|-heal|p1a: Kyurem|69\/100|[from] item: Leftovers\n|upkeep\n|turn|7\n|\n|t:|1700717975\n|move|p1a: Kyurem|Earth Power|p2a: HANDS\n|-supereffective|p2a: HANDS\n|-damage|p2a: HANDS|53\/100\n|move|p2a: HANDS|Drain Punch|p1a: Kyurem\n|-supereffective|p1a: Kyurem\n|-end|p1a: Kyurem|Substitute\n|-heal|p2a: HANDS|65\/100|[from] drain|[of] p1a: Kyurem\n|\n|-heal|p1a: Kyurem|75\/100|[from] item: Leftovers\n|upkeep\n|turn|8\n|\n|t:|1700717984\n|move|p1a: Kyurem|Protect|p1a: Kyurem\n|-singleturn|p1a: Kyurem|Protect\n|move|p2a: HANDS|Drain Punch|p1a: Kyurem\n|-activate|p1a: Kyurem|move: Protect\n|\n|-heal|p1a: Kyurem|82\/100|[from] item: Leftovers\n|upkeep\n|turn|9\n|\n|t:|1700717994\n|move|p1a: Kyurem|Substitute|p1a: Kyurem\n|-start|p1a: Kyurem|Substitute\n|-damage|p1a: Kyurem|57\/100\n|move|p2a: HANDS|Ice Punch|p1a: Kyurem\n|-activate|p1a: Kyurem|move: Substitute|[damage]\n|\n|-heal|p1a: Kyurem|63\/100|[from] item: Leftovers\n|upkeep\n|turn|10\n|\n|t:|1700718005\n|move|p1a: Kyurem|Protect|p1a: Kyurem\n|-singleturn|p1a: Kyurem|Protect\n|move|p2a: HANDS|Swords Dance|p2a: HANDS\n|-boost|p2a: HANDS|atk|2\n|\n|-heal|p1a: Kyurem|69\/100|[from] item: Leftovers\n|upkeep\n|turn|11\n|\n|t:|1700718012\n|move|p1a: Kyurem|Earth Power|p2a: HANDS\n|-supereffective|p2a: HANDS\n|-damage|p2a: HANDS|19\/100\n|move|p2a: HANDS|Drain Punch|p1a: Kyurem\n|-supereffective|p1a: Kyurem\n|-end|p1a: Kyurem|Substitute\n|-heal|p2a: HANDS|22\/100|[from] drain|[of] p1a: Kyurem\n|\n|-heal|p1a: Kyurem|75\/100|[from] item: Leftovers\n|upkeep\n|turn|12\n|\n|t:|1700718027\n|-terastallize|p2a: HANDS|Water\n|move|p1a: Kyurem|Substitute|p1a: Kyurem\n|-start|p1a: Kyurem|Substitute\n|-damage|p1a: Kyurem|50\/100\n|move|p2a: HANDS|Drain Punch|p1a: Kyurem\n|-supereffective|p1a: Kyurem\n|-end|p1a: Kyurem|Substitute\n|-heal|p2a: HANDS|34\/100|[from] drain|[of] p1a: Kyurem\n|\n|-heal|p1a: Kyurem|56\/100|[from] item: Leftovers\n|upkeep\n|turn|13\n|\n|t:|1700718039\n|move|p1a: Kyurem|Protect|p1a: Kyurem\n|-singleturn|p1a: Kyurem|Protect\n|move|p2a: HANDS|Drain Punch|p1a: Kyurem\n|-activate|p1a: Kyurem|move: Protect\n|\n|-heal|p1a: Kyurem|63\/100|[from] item: Leftovers\n|upkeep\n|turn|14\n|\n|t:|1700718049\n|-end|p2a: HANDS|Quark Drive|[silent]\n|switch|p2a: EDWARD SCISSOR|Kartana, shiny|100\/100\n|move|p1a: Kyurem|Freeze-Dry|p2a: EDWARD SCISSOR\n|-damage|p2a: EDWARD SCISSOR|10\/100\n|\n|-heal|p1a: Kyurem|69\/100|[from] item: Leftovers\n|upkeep\n|turn|15\n|\n|t:|1700718059\n|switch|p1a: Landorus|Landorus-Therian, M|100\/100\n|-damage|p1a: Landorus|88\/100|[from] Stealth Rock\n|-ability|p1a: Landorus|Intimidate|boost\n|-unboost|p2a: EDWARD SCISSOR|atk|1\n|move|p2a: EDWARD SCISSOR|Sacred Sword|p1a: Landorus\n|-resisted|p1a: Landorus\n|-damage|p1a: Landorus|76\/100\n|-damage|p2a: EDWARD SCISSOR|0 fnt|[from] item: Rocky Helmet|[of] p1a: Landorus\n|faint|p2a: EDWARD SCISSOR\n|\n|upkeep\n|-message|Nightmarehall forfeited.\n|\n|win|NOQAQ\n|raw|NOQAQ's rating: 1522 &rarr; <strong>1546<\/strong><br \/>(+24 for winning)\n|raw|Nightmarehall's rating: 1590 &rarr; <strong>1566<\/strong><br \/>(-24 for losing)\n|l|\u2606Nightmarehall\n","uploadtime":1700718077,"views":9,"p1id":"noqaq","p2id":"nightmarehall","formatid":"gen9nationaldex","rating":1546,"private":0,"password":""}