{"id":"gen9nationaldex-1995644162","p1":"MasterList2015","p2":"keynerriv","format":"[Gen 9] National Dex","log":"|html|<div class=\"broadcast-blue\"><strong>[Gen 9] National Dex is currently suspecting Sneasler! For information on how to participate check out the <a href=\"https:\/\/www.smogon.com\/forums\/threads\/sv-national-dex-suspect-8-just-dance.3731534\/\">suspect thread<\/a>.<\/strong><\/div>\n|j|\u2606MasterList2015\n|j|\u2606keynerriv\n|t:|1700590255\n|gametype|singles\n|player|p1|MasterList2015|red|1263\n|player|p2|keynerriv|265|1213\n|teamsize|p1|6\n|teamsize|p2|6\n|gen|9\n|tier|[Gen 9] National Dex\n|rated|\n|rule|HP Percentage Mod: HP is shown in percentages\n|rule|Endless Battle Clause: Forcing endless battles is banned\n|rule|OHKO Clause: OHKO moves are banned\n|rule|Evasion Clause: Evasion abilities, items, and moves are banned\n|rule|Evasion Abilities Clause: Evasion abilities are banned\n|rule|Evasion Items Clause: Evasion items are banned\n|rule|Evasion Moves Clause: Evasion moves are banned\n|rule|Species Clause: Limit one of each Pok\u00e9mon\n|rule|Sleep Clause Mod: Limit one foe put to sleep\n|clearpoke\n|poke|p1|Pikachu-Kalos, M|\n|poke|p1|Charizard, M|\n|poke|p1|Krookodile, F|\n|poke|p1|Greninja-*, M|\n|poke|p1|Infernape, F|\n|poke|p1|Sceptile, M|\n|poke|p2|Chesnaught, M|\n|poke|p2|Skeledirge, F|\n|poke|p2|Enamorus, F|\n|poke|p2|Slowking-Galar, M|\n|poke|p2|Great Tusk|\n|poke|p2|Iron Valiant|\n|teampreview\n|\n|t:|1700590265\n|start\n|switch|p1a: Charizard|Charizard, M|100\/100\n|switch|p2a: Enamorus|Enamorus, F|100\/100\n|turn|1\n|\n|t:|1700590271\n|detailschange|p1a: Charizard|Charizard-Mega-Y, M\n|-mega|p1a: Charizard|Charizard|Charizardite Y\n|-weather|SunnyDay|[from] ability: Drought|[of] p1a: Charizard\n|move|p2a: Enamorus|Moonblast|p1a: Charizard\n|-resisted|p1a: Charizard\n|-crit|p1a: Charizard\n|-damage|p1a: Charizard|38\/100\n|-unboost|p1a: Charizard|spa|1\n|move|p1a: Charizard|Flamethrower|p2a: Enamorus\n|-damage|p2a: Enamorus|29\/100\n|\n|-weather|SunnyDay|[upkeep]\n|upkeep\n|turn|2\n|\n|t:|1700590284\n|switch|p2a: Slowking|Slowking-Galar, M, shiny|100\/100\n|move|p1a: Charizard|Flamethrower|p2a: Slowking\n|-damage|p2a: Slowking|78\/100\n|\n|-weather|SunnyDay|[upkeep]\n|upkeep\n|turn|3\n|\n|t:|1700590297\n|switch|p1a: Krookodile|Krookodile, F|100\/100\n|-ability|p1a: Krookodile|Intimidate|boost\n|-unboost|p2a: Slowking|atk|1\n|move|p2a: Slowking|Sludge Bomb|p1a: Krookodile\n|-resisted|p1a: Krookodile\n|-damage|p1a: Krookodile|79\/100\n|\n|-weather|SunnyDay|[upkeep]\n|upkeep\n|turn|4\n|\n|t:|1700590306\n|switch|p2a: Chesnaught|Chesnaught, M, shiny|100\/100\n|move|p1a: Krookodile|Stealth Rock|p2a: Chesnaught\n|-sidestart|p2: keynerriv|move: Stealth Rock\n|\n|-weather|SunnyDay|[upkeep]\n|upkeep\n|turn|5\n|\n|t:|1700590313\n|switch|p1a: Charizard|Charizard-Mega-Y, M|38\/100\n|move|p2a: Chesnaught|Leech Seed|p1a: Charizard\n|-start|p1a: Charizard|move: Leech Seed\n|\n|-weather|none\n|-damage|p1a: Charizard|25\/100|[from] Leech Seed|[of] p2a: Chesnaught\n|upkeep\n|turn|6\n|\n|t:|1700590324\n|switch|p1a: Infernape|Infernape, F|100\/100\n|move|p2a: Chesnaught|Spiky Shield||[still]\n|-fail|p2a: Chesnaught\n|\n|upkeep\n|turn|7\n|\n|t:|1700590333\n|switch|p1a: Krookodile|Krookodile, F|79\/100\n|-ability|p1a: Krookodile|Intimidate|boost\n|-unboost|p2a: Chesnaught|atk|1\n|switch|p2a: Slowking|Slowking-Galar, M, shiny|100\/100\n|-damage|p2a: Slowking|88\/100|[from] Stealth Rock\n|\n|upkeep\n|turn|8\n|\n|t:|1700590342\n|switch|p2a: Chesnaught|Chesnaught, M, shiny|100\/100\n|-damage|p2a: Chesnaught|94\/100|[from] Stealth Rock\n|move|p1a: Krookodile|Earthquake|p2a: Chesnaught\n|-resisted|p2a: Chesnaught\n|-damage|p2a: Chesnaught|80\/100\n|\n|-heal|p2a: Chesnaught|86\/100|[from] item: Leftovers\n|upkeep\n|turn|9\n|\n|t:|1700590350\n|switch|p1a: Sceptile|Sceptile, M|100\/100\n|move|p2a: Chesnaught|Leech Seed|p1a: Sceptile\n|-immune|p1a: Sceptile\n|\n|-heal|p2a: Chesnaught|92\/100|[from] item: Leftovers\n|upkeep\n|turn|10\n|\n|t:|1700590359\n|move|p2a: Chesnaught|Spiky Shield|p2a: Chesnaught\n|-singleturn|p2a: Chesnaught|move: Protect\n|move|p1a: Sceptile|Dragon Pulse|p2a: Chesnaught\n|-activate|p2a: Chesnaught|move: Protect\n|\n|-heal|p2a: Chesnaught|98\/100|[from] item: Leftovers\n|upkeep\n|turn|11\n|\n|t:|1700590365\n|switch|p2a: Slowking|Slowking-Galar, M, shiny|100\/100\n|-damage|p2a: Slowking|88\/100|[from] Stealth Rock\n|move|p1a: Sceptile|Dragon Pulse|p2a: Slowking\n|-damage|p2a: Slowking|72\/100\n|\n|upkeep\n|turn|12\n|\n|t:|1700590377\n|move|p1a: Sceptile|Dragon Pulse|p2a: Slowking\n|-damage|p2a: Slowking|58\/100\n|move|p2a: Slowking|Ice Beam|p1a: Sceptile\n|-supereffective|p1a: Sceptile\n|-damage|p1a: Sceptile|38\/100\n|\n|upkeep\n|turn|13\n|\n|t:|1700590386\n|switch|p1a: Charizard|Charizard-Mega-Y, M|25\/100\n|-weather|SunnyDay|[from] ability: Drought|[of] p1a: Charizard\n|move|p2a: Slowking|Ice Beam|p1a: Charizard\n|-damage|p1a: Charizard|3\/100\n|\n|-weather|SunnyDay|[upkeep]\n|upkeep\n|turn|14\n|\n|t:|1700590395\n|move|p1a: Charizard|Flamethrower|p2a: Slowking\n|-damage|p2a: Slowking|27\/100\n|-status|p2a: Slowking|brn\n|move|p2a: Slowking|Sludge Bomb|p1a: Charizard\n|-damage|p1a: Charizard|0 fnt\n|faint|p1a: Charizard\n|\n|-weather|SunnyDay|[upkeep]\n|-damage|p2a: Slowking|21\/100 brn|[from] brn\n|upkeep\n|\n|t:|1700590400\n|switch|p1a: Infernape|Infernape, F|100\/100\n|turn|15\n|\n|t:|1700590407\n|switch|p2a: Skeledirge|Skeledirge, F, shiny|100\/100\n|move|p1a: Infernape|Flare Blitz|p2a: Skeledirge\n|-resisted|p2a: Skeledirge\n|-damage|p2a: Skeledirge|75\/100\n|-damage|p1a: Infernape|89\/100|[from] Recoil\n|\n|-weather|SunnyDay|[upkeep]\n|upkeep\n|turn|16\n|\n|t:|1700590421\n|switch|p1a: Sceptile|Sceptile, M|38\/100\n|move|p2a: Skeledirge|Will-O-Wisp|p1a: Sceptile\n|-status|p1a: Sceptile|brn\n|\n|-weather|SunnyDay|[upkeep]\n|-damage|p1a: Sceptile|32\/100 brn|[from] brn\n|upkeep\n|turn|17\n|\n|t:|1700590429\n|switch|p2a: Slowking|Slowking-Galar, M, shiny|54\/100 brn\n|-damage|p2a: Slowking|42\/100 brn|[from] Stealth Rock\n|move|p1a: Sceptile|Leaf Storm|p2a: Slowking\n|-resisted|p2a: Slowking\n|-damage|p2a: Slowking|16\/100 brn\n|-unboost|p1a: Sceptile|spa|2\n|\n|-weather|none\n|-damage|p1a: Sceptile|26\/100 brn|[from] brn\n|-damage|p2a: Slowking|10\/100 brn|[from] brn\n|upkeep\n|turn|18\n|\n|t:|1700590445\n|switch|p2a: Great Tusk|Great Tusk|100\/100\n|-damage|p2a: Great Tusk|98\/100|[from] Stealth Rock\n|move|p1a: Sceptile|Leaf Storm|p2a: Great Tusk\n|-supereffective|p2a: Great Tusk\n|-damage|p2a: Great Tusk|0 fnt\n|-unboost|p1a: Sceptile|spa|2\n|faint|p2a: Great Tusk\n|-end|p2a: Great Tusk|Protosynthesis|[silent]\n|\n|-damage|p1a: Sceptile|20\/100 brn|[from] brn\n|upkeep\n|\n|t:|1700590457\n|switch|p2a: Iron Valiant|Iron Valiant, shiny|100\/100\n|-damage|p2a: Iron Valiant|94\/100|[from] Stealth Rock\n|-enditem|p2a: Iron Valiant|Booster Energy\n|-activate|p2a: Iron Valiant|ability: Quark Drive|[fromitem]\n|-start|p2a: Iron Valiant|quarkdrivespe\n|turn|19\n|\n|t:|1700590466\n|move|p2a: Iron Valiant|Knock Off|p1a: Sceptile\n|-damage|p1a: Sceptile|0 fnt\n|-enditem|p1a: Sceptile|Choice Specs|[from] move: Knock Off|[of] p2a: Iron Valiant\n|faint|p1a: Sceptile\n|\n|upkeep\n|\n|t:|1700590470\n|switch|p1a: Pikachu|Pikachu-Kalos, M|100\/100\n|turn|20\n|\n|t:|1700590476\n|move|p1a: Pikachu|Fake Out|p2a: Iron Valiant\n|-damage|p2a: Iron Valiant|74\/100\n|cant|p2a: Iron Valiant|flinch\n|\n|upkeep\n|turn|21\n|\n|t:|1700590483\n|switch|p1a: Krookodile|Krookodile, F|79\/100\n|-ability|p1a: Krookodile|Intimidate|boost\n|-unboost|p2a: Iron Valiant|atk|1\n|move|p2a: Iron Valiant|Knock Off|p1a: Krookodile\n|-resisted|p1a: Krookodile\n|-damage|p1a: Krookodile|69\/100\n|\n|upkeep\n|turn|22\n|\n|t:|1700590498\n|move|p2a: Iron Valiant|Spirit Break|p1a: Krookodile\n|-supereffective|p1a: Krookodile\n|-damage|p1a: Krookodile|4\/100\n|-unboost|p1a: Krookodile|spa|1\n|move|p1a: Krookodile|Earthquake|p2a: Iron Valiant\n|-damage|p2a: Iron Valiant|8\/100\n|\n|upkeep\n|turn|23\n|\n|t:|1700590510\n|move|p2a: Iron Valiant|Drain Punch|p1a: Krookodile\n|-supereffective|p1a: Krookodile\n|-damage|p1a: Krookodile|0 fnt\n|-heal|p2a: Iron Valiant|10\/100|[from] drain|[of] p1a: Krookodile\n|faint|p1a: Krookodile\n|\n|upkeep\n|\n|t:|1700590516\n|switch|p1a: Greninja|Greninja, M|100\/100\n|turn|24\n|\n|t:|1700590520\n|move|p1a: Greninja|Water Shuriken|p2a: Iron Valiant\n|-crit|p2a: Iron Valiant\n|-damage|p2a: Iron Valiant|0 fnt\n|faint|p2a: Iron Valiant\n|-end|p2a: Iron Valiant|Quark Drive|[silent]\n|-ability|p1a: Greninja|Battle Bond|boost\n|-boost|p1a: Greninja|atk|1\n|-boost|p1a: Greninja|spa|1\n|-boost|p1a: Greninja|spe|1\n|-activate|p1a: Greninja|ability: Battle Bond\n|-hitcount|p2: Iron Valiant|1\n|\n|upkeep\n|\n|t:|1700590539\n|switch|p2a: Slowking|Slowking-Galar, M, shiny|44\/100 brn\n|-damage|p2a: Slowking|31\/100 brn|[from] Stealth Rock\n|turn|25\n|\n|t:|1700590551\n|switch|p2a: Chesnaught|Chesnaught, M, shiny|98\/100\n|-damage|p2a: Chesnaught|92\/100|[from] Stealth Rock\n|move|p1a: Greninja|Dark Pulse|p2a: Chesnaught\n|-resisted|p2a: Chesnaught\n|-crit|p2a: Chesnaught\n|-damage|p2a: Chesnaught|50\/100\n|\n|-heal|p2a: Chesnaught|56\/100|[from] item: Leftovers\n|upkeep\n|turn|26\n|\n|t:|1700590566\n|move|p1a: Greninja|Ice Beam|p2a: Chesnaught\n|-supereffective|p2a: Chesnaught\n|-crit|p2a: Chesnaught\n|-damage|p2a: Chesnaught|0 fnt\n|faint|p2a: Chesnaught\n|\n|upkeep\n|\n|t:|1700590573\n|switch|p2a: Slowking|Slowking-Galar, M, shiny|64\/100 brn\n|-damage|p2a: Slowking|52\/100 brn|[from] Stealth Rock\n|turn|27\n|\n|t:|1700590578\n|move|p1a: Greninja|Dark Pulse|p2a: Slowking\n|-supereffective|p2a: Slowking\n|-damage|p2a: Slowking|8\/100 brn\n|move|p2a: Slowking|Sludge Bomb|p1a: Greninja\n|-damage|p1a: Greninja|46\/100\n|-status|p1a: Greninja|psn\n|\n|-damage|p1a: Greninja|33\/100 psn|[from] psn\n|-damage|p2a: Slowking|2\/100 brn|[from] brn\n|upkeep\n|turn|28\n|\n|t:|1700590594\n|move|p1a: Greninja|Scald|p2a: Slowking\n|-damage|p2a: Slowking|0 fnt\n|faint|p2a: Slowking\n|\n|-damage|p1a: Greninja|21\/100 psn|[from] psn\n|upkeep\n|\n|t:|1700590605\n|switch|p2a: Enamorus|Enamorus, F|29\/100\n|-damage|p2a: Enamorus|4\/100|[from] Stealth Rock\n|turn|29\n|\n|t:|1700590615\n|move|p1a: Greninja|Scald|p2a: Enamorus\n|-damage|p2a: Enamorus|0 fnt\n|faint|p2a: Enamorus\n|\n|-damage|p1a: Greninja|9\/100 psn|[from] psn\n|upkeep\n|\n|t:|1700590621\n|switch|p2a: Skeledirge|Skeledirge, F, shiny|75\/100\n|turn|30\n|\n|t:|1700590627\n|-terastallize|p2a: Skeledirge|Fairy\n|move|p1a: Greninja|Water Shuriken|p2a: Skeledirge\n|-damage|p2a: Skeledirge|67\/100\n|-damage|p2a: Skeledirge|59\/100\n|-hitcount|p2a: Skeledirge|2\n|move|p2a: Skeledirge|Slack Off|p2a: Skeledirge\n|-heal|p2a: Skeledirge|100\/100\n|\n|-damage|p1a: Greninja|0 fnt|[from] psn\n|faint|p1a: Greninja\n|upkeep\n|\n|t:|1700590629\n|switch|p1a: Infernape|Infernape, F|89\/100\n|turn|31\n|\n|t:|1700590641\n|move|p1a: Infernape|Flare Blitz|p2a: Skeledirge\n|-damage|p2a: Skeledirge|70\/100\n|-damage|p1a: Infernape|75\/100|[from] Recoil\n|move|p2a: Skeledirge|Torch Song|p1a: Infernape\n|-resisted|p1a: Infernape\n|-damage|p1a: Infernape|53\/100\n|-boost|p2a: Skeledirge|spa|1\n|\n|upkeep\n|turn|32\n|\n|t:|1700590650\n|move|p1a: Infernape|Flare Blitz|p2a: Skeledirge\n|-damage|p2a: Skeledirge|38\/100\n|-damage|p1a: Infernape|38\/100|[from] Recoil\n|move|p2a: Skeledirge|Torch Song|p1a: Infernape\n|-resisted|p1a: Infernape\n|-damage|p1a: Infernape|2\/100\n|-boost|p2a: Skeledirge|spa|1\n|\n|upkeep\n|turn|33\n|\n|t:|1700590659\n|move|p1a: Infernape|Flare Blitz|p2a: Skeledirge\n|-damage|p2a: Skeledirge|6\/100\n|-damage|p1a: Infernape|0 fnt|[from] Recoil\n|faint|p1a: Infernape\n|move|p2a: Skeledirge|Slack Off|p2a: Skeledirge\n|-heal|p2a: Skeledirge|56\/100\n|\n|upkeep\n|\n|t:|1700590662\n|switch|p1a: Pikachu|Pikachu-Kalos, M|100\/100\n|turn|34\n|\n|t:|1700590674\n|move|p1a: Pikachu|Fake Out|p2a: Skeledirge\n|-damage|p2a: Skeledirge|46\/100\n|cant|p2a: Skeledirge|flinch\n|\n|upkeep\n|turn|35\n|\n|t:|1700590679\n|move|p1a: Pikachu|Iron Tail|p2a: Skeledirge\n|-supereffective|p2a: Skeledirge\n|-damage|p2a: Skeledirge|0 fnt\n|faint|p2a: Skeledirge\n|\n|win|MasterList2015\n|raw|MasterList2015's rating: 1263 &rarr; <strong>1284<\/strong><br \/>(+21 for winning)\n|raw|keynerriv's rating: 1213 &rarr; <strong>1192<\/strong><br \/>(-21 for losing)\n","uploadtime":1700590690,"views":2,"p1id":"masterlist2015","p2id":"keynerriv","formatid":"gen9nationaldex","rating":1192,"private":0,"password":""}