{"id":"gen9nationaldex-1987241224","p1":"Greater corn","p2":"DTHEYDONTLIKEUiMS","format":"[Gen 9] National Dex","log":"|j|\u2606Greater corn\n|j|\u2606DTHEYDONTLIKEUiMS\n|t:|1699568551\n|gametype|singles\n|player|p1|Greater corn|grimsley|1084\n|player|p2|DTHEYDONTLIKEUiMS|ghetsis|1000\n|teamsize|p1|6\n|teamsize|p2|6\n|gen|9\n|tier|[Gen 9] National Dex\n|rated|\n|rule|HP Percentage Mod: HP is shown in percentages\n|rule|Endless Battle Clause: Forcing endless battles is banned\n|rule|OHKO Clause: OHKO moves are banned\n|rule|Evasion Clause: Evasion abilities, items, and moves are banned\n|rule|Evasion Abilities Clause: Evasion abilities are banned\n|rule|Evasion Items Clause: Evasion items are banned\n|rule|Evasion Moves Clause: Evasion moves are banned\n|rule|Species Clause: Limit one of each Pok\u00e9mon\n|rule|Sleep Clause Mod: Limit one foe put to sleep\n|clearpoke\n|poke|p1|Iron Valiant|\n|poke|p1|Gliscor, M|\n|poke|p1|Landorus-Therian, M|\n|poke|p1|Lopunny, M|\n|poke|p1|Dragonite, M|\n|poke|p1|Toxapex, M|\n|poke|p2|Salazzle, F|\n|poke|p2|Magnemite, L1|\n|poke|p2|Probopass, L2, F|\n|poke|p2|Mandibuzz, F|\n|poke|p2|Nosepass, L1, F|\n|poke|p2|Tentacruel, M|\n|teampreview\n|inactive|Battle timer is ON: inactive players will automatically lose when time's up. (requested by Greater corn)\n|\n|t:|1699568562\n|start\n|switch|p1a: Landorus|Landorus-Therian, M|100\/100\n|switch|p2a: Sh\ud83d\udca9tsquid|Tentacruel, M|100\/100\n|-ability|p1a: Landorus|Intimidate|boost\n|-fail|p2a: Sh\ud83d\udca9tsquid|unboost|[from] ability: Clear Body|[of] p2a: Sh\ud83d\udca9tsquid\n|turn|1\n|\n|t:|1699568571\n|move|p2a: Sh\ud83d\udca9tsquid|Toxic|p1a: Landorus\n|-status|p1a: Landorus|tox\n|move|p1a: Landorus|Stealth Rock|p2a: Sh\ud83d\udca9tsquid\n|-sidestart|p2: DTHEYDONTLIKEUiMS|move: Stealth Rock\n|\n|-damage|p1a: Landorus|94\/100 tox|[from] psn\n|upkeep\n|turn|2\n|\n|t:|1699568576\n|switch|p2a: Sh\ud83d\udca9tbird|Mandibuzz, F|100\/100\n|move|p1a: Landorus|Earthquake|p2a: Sh\ud83d\udca9tbird\n|-immune|p2a: Sh\ud83d\udca9tbird\n|\n|-damage|p1a: Landorus|82\/100 tox|[from] psn\n|upkeep\n|turn|3\n|\n|t:|1699568582\n|move|p1a: Landorus|U-turn|p2a: Sh\ud83d\udca9tbird\n|-damage|p2a: Sh\ud83d\udca9tbird|88\/100\n|\n|t:|1699568584\n|switch|p1a: Toxapex|Toxapex, M|100\/100|[from] U-turn\n|move|p2a: Sh\ud83d\udca9tbird|Defog|p1a: Toxapex\n|-unboost|p1a: Toxapex|evasion|1\n|-sideend|p2: DTHEYDONTLIKEUiMS|Stealth Rock|[from] move: Defog|[of] p2a: Sh\ud83d\udca9tbird\n|\n|upkeep\n|turn|4\n|\n|t:|1699568587\n|switch|p2a: Sh\ud83d\udca9tsquid|Tentacruel, M|100\/100\n|move|p1a: Toxapex|Toxic|p2a: Sh\ud83d\udca9tsquid\n|-immune|p2a: Sh\ud83d\udca9tsquid\n|\n|upkeep\n|turn|5\n|\n|t:|1699568592\n|move|p2a: Sh\ud83d\udca9tsquid|Knock Off|p1a: Toxapex\n|-damage|p1a: Toxapex|91\/100\n|-enditem|p1a: Toxapex|Heavy-Duty Boots|[from] move: Knock Off|[of] p2a: Sh\ud83d\udca9tsquid\n|move|p1a: Toxapex|Scald|p2a: Sh\ud83d\udca9tsquid\n|-resisted|p2a: Sh\ud83d\udca9tsquid\n|-damage|p2a: Sh\ud83d\udca9tsquid|94\/100\n|\n|-heal|p2a: Sh\ud83d\udca9tsquid|100\/100|[from] item: Leftovers\n|upkeep\n|turn|6\n|\n|t:|1699568601\n|switch|p2a: No Fun Allowed|Salazzle, F|100\/100\n|move|p1a: Toxapex|Scald|p2a: No Fun Allowed\n|-supereffective|p2a: No Fun Allowed\n|-damage|p2a: No Fun Allowed|41\/100\n|\n|-heal|p2a: No Fun Allowed|47\/100|[from] item: Leftovers\n|upkeep\n|turn|7\n|\n|t:|1699568606\n|move|p2a: No Fun Allowed|Protect|p2a: No Fun Allowed\n|-singleturn|p2a: No Fun Allowed|Protect\n|move|p1a: Toxapex|Scald|p2a: No Fun Allowed\n|-activate|p2a: No Fun Allowed|move: Protect\n|\n|-heal|p2a: No Fun Allowed|54\/100|[from] item: Leftovers\n|upkeep\n|turn|8\n|\n|t:|1699568612\n|switch|p2a: Sh\ud83d\udca9tsquid|Tentacruel, M|100\/100\n|move|p1a: Toxapex|Scald|p2a: Sh\ud83d\udca9tsquid\n|-resisted|p2a: Sh\ud83d\udca9tsquid\n|-damage|p2a: Sh\ud83d\udca9tsquid|94\/100\n|\n|-heal|p2a: Sh\ud83d\udca9tsquid|99\/100|[from] item: Leftovers\n|upkeep\n|turn|9\n|\n|t:|1699568619\n|move|p2a: Sh\ud83d\udca9tsquid|Knock Off|p1a: Toxapex\n|-damage|p1a: Toxapex|85\/100\n|move|p1a: Toxapex|Scald|p2a: Sh\ud83d\udca9tsquid\n|-resisted|p2a: Sh\ud83d\udca9tsquid\n|-damage|p2a: Sh\ud83d\udca9tsquid|93\/100\n|\n|-heal|p2a: Sh\ud83d\udca9tsquid|99\/100|[from] item: Leftovers\n|upkeep\n|turn|10\n|\n|t:|1699568621\n|move|p2a: Sh\ud83d\udca9tsquid|Knock Off|p1a: Toxapex\n|-damage|p1a: Toxapex|79\/100\n|move|p1a: Toxapex|Scald|p2a: Sh\ud83d\udca9tsquid\n|-resisted|p2a: Sh\ud83d\udca9tsquid\n|-damage|p2a: Sh\ud83d\udca9tsquid|93\/100\n|\n|-heal|p2a: Sh\ud83d\udca9tsquid|99\/100|[from] item: Leftovers\n|upkeep\n|turn|11\n|\n|t:|1699568626\n|move|p2a: Sh\ud83d\udca9tsquid|Knock Off|p1a: Toxapex\n|-damage|p1a: Toxapex|73\/100\n|move|p1a: Toxapex|Scald|p2a: Sh\ud83d\udca9tsquid\n|-resisted|p2a: Sh\ud83d\udca9tsquid\n|-damage|p2a: Sh\ud83d\udca9tsquid|92\/100\n|\n|-heal|p2a: Sh\ud83d\udca9tsquid|98\/100|[from] item: Leftovers\n|upkeep\n|turn|12\n|\n|t:|1699568629\n|move|p2a: Sh\ud83d\udca9tsquid|Knock Off|p1a: Toxapex\n|-damage|p1a: Toxapex|67\/100\n|move|p1a: Toxapex|Scald|p2a: Sh\ud83d\udca9tsquid\n|-resisted|p2a: Sh\ud83d\udca9tsquid\n|-damage|p2a: Sh\ud83d\udca9tsquid|91\/100\n|-status|p2a: Sh\ud83d\udca9tsquid|brn\n|\n|-heal|p2a: Sh\ud83d\udca9tsquid|97\/100 brn|[from] item: Leftovers\n|-damage|p2a: Sh\ud83d\udca9tsquid|91\/100 brn|[from] brn\n|upkeep\n|turn|13\n|\n|t:|1699568633\n|move|p2a: Sh\ud83d\udca9tsquid|Knock Off|p1a: Toxapex\n|-damage|p1a: Toxapex|64\/100\n|move|p1a: Toxapex|Scald|p2a: Sh\ud83d\udca9tsquid\n|-resisted|p2a: Sh\ud83d\udca9tsquid\n|-damage|p2a: Sh\ud83d\udca9tsquid|84\/100 brn\n|\n|-heal|p2a: Sh\ud83d\udca9tsquid|90\/100 brn|[from] item: Leftovers\n|-damage|p2a: Sh\ud83d\udca9tsquid|84\/100 brn|[from] brn\n|upkeep\n|turn|14\n|\n|t:|1699568635\n|move|p2a: Sh\ud83d\udca9tsquid|Knock Off|p1a: Toxapex\n|-damage|p1a: Toxapex|61\/100\n|move|p1a: Toxapex|Scald|p2a: Sh\ud83d\udca9tsquid\n|-resisted|p2a: Sh\ud83d\udca9tsquid\n|-damage|p2a: Sh\ud83d\udca9tsquid|77\/100 brn\n|\n|-heal|p2a: Sh\ud83d\udca9tsquid|83\/100 brn|[from] item: Leftovers\n|-damage|p2a: Sh\ud83d\udca9tsquid|77\/100 brn|[from] brn\n|upkeep\n|turn|15\n|\n|t:|1699568641\n|switch|p1a: Lopunny|Lopunny, M|100\/100\n|move|p2a: Sh\ud83d\udca9tsquid|Toxic|p1a: Lopunny\n|-status|p1a: Lopunny|tox\n|\n|-heal|p2a: Sh\ud83d\udca9tsquid|83\/100 brn|[from] item: Leftovers\n|-damage|p1a: Lopunny|95\/100 tox|[from] psn\n|-damage|p2a: Sh\ud83d\udca9tsquid|77\/100 brn|[from] brn\n|upkeep\n|turn|16\n|-message|Greater corn forfeited.\n|\n|win|DTHEYDONTLIKEUiMS\n|raw|Greater corn's rating: 1084 &rarr; <strong>1056<\/strong><br \/>(-28 for losing)\n|raw|DTHEYDONTLIKEUiMS's rating: 1000 &rarr; <strong>1049<\/strong><br \/>(+49 for winning)\n|l|\u2606Greater corn\n","uploadtime":1699568650,"views":5,"p1id":"greatercorn","p2id":"dtheydontlikeuims","formatid":"gen9nationaldex","rating":1049,"private":0,"password":""}