{"id":"gen9nationaldex-1993181319","p1":"TAPUFINIOOOOO","p2":"shallow sing","format":"[Gen 9] National Dex","log":"|j|\u2606TAPUFINIOOOOO\n|j|\u2606shallow sing\n|t:|1700274751\n|gametype|singles\n|player|p1|TAPUFINIOOOOO|170|1591\n|player|p2|shallow sing|acerola|1685\n|teamsize|p1|6\n|teamsize|p2|6\n|gen|9\n|tier|[Gen 9] National Dex\n|rated|\n|rule|HP Percentage Mod: HP is shown in percentages\n|rule|Endless Battle Clause: Forcing endless battles is banned\n|rule|OHKO Clause: OHKO moves are banned\n|rule|Evasion Clause: Evasion abilities, items, and moves are banned\n|rule|Evasion Abilities Clause: Evasion abilities are banned\n|rule|Evasion Items Clause: Evasion items are banned\n|rule|Evasion Moves Clause: Evasion moves are banned\n|rule|Species Clause: Limit one of each Pok\u00e9mon\n|rule|Sleep Clause Mod: Limit one foe put to sleep\n|clearpoke\n|poke|p1|Weavile, M|\n|poke|p1|Landorus-Therian, M|\n|poke|p1|Zapdos|\n|poke|p1|Volcanion|\n|poke|p1|Ursaluna, M|\n|poke|p1|Kartana|\n|poke|p2|Ninetales-Alola, F|\n|poke|p2|Tapu Lele|\n|poke|p2|Sneasler, M|\n|poke|p2|Kyurem|\n|poke|p2|Zapdos|\n|poke|p2|Scizor, M|\n|teampreview\n|inactive|Battle timer is ON: inactive players will automatically lose when time's up. (requested by shallow sing)\n|\n|t:|1700274778\n|start\n|switch|p1a: Kartana|Kartana, shiny|100\/100\n|switch|p2a: Ninetales|Ninetales-Alola, F|100\/100\n|-weather|Snow|[from] ability: Snow Warning|[of] p2a: Ninetales\n|turn|1\n|\n|t:|1700274791\n|switch|p2a: Zapdos|Zapdos|100\/100\n|move|p1a: Kartana|Knock Off|p2a: Zapdos\n|-damage|p2a: Zapdos|71\/100\n|-enditem|p2a: Zapdos|Heavy-Duty Boots|[from] move: Knock Off|[of] p1a: Kartana\n|\n|-weather|Snow|[upkeep]\n|upkeep\n|turn|2\n|\n|t:|1700274807\n|switch|p1a: Landorus|Landorus-Therian, M|100\/100\n|-ability|p1a: Landorus|Intimidate|boost\n|-unboost|p2a: Zapdos|atk|1\n|move|p2a: Zapdos|Roost|p2a: Zapdos\n|-heal|p2a: Zapdos|100\/100\n|-singleturn|p2a: Zapdos|move: Roost\n|\n|-weather|Snow|[upkeep]\n|upkeep\n|turn|3\n|\n|t:|1700274820\n|move|p2a: Zapdos|Toxic|p1a: Landorus\n|-status|p1a: Landorus|tox\n|move|p1a: Landorus|Stealth Rock|p2a: Zapdos\n|-sidestart|p2: shallow sing|move: Stealth Rock\n|\n|-weather|Snow|[upkeep]\n|-damage|p1a: Landorus|94\/100 tox|[from] psn\n|upkeep\n|turn|4\n|\n|t:|1700274833\n|move|p2a: Zapdos|Defog|p1a: Landorus\n|-unboost|p1a: Landorus|evasion|1\n|-sideend|p2: shallow sing|Stealth Rock|[from] move: Defog|[of] p2a: Zapdos\n|move|p1a: Landorus|U-turn|p2a: Zapdos\n|-resisted|p2a: Zapdos\n|-damage|p2a: Zapdos|92\/100\n|\n|t:|1700274836\n|switch|p1a: Ursaluna|Ursaluna, M|100\/100|[from] U-turn\n|\n|-weather|Snow|[upkeep]\n|-status|p1a: Ursaluna|brn|[from] item: Flame Orb\n|upkeep\n|turn|5\n|\n|t:|1700274856\n|switch|p2a: Scizor|Scizor, M|100\/100\n|move|p1a: Ursaluna|Facade|p2a: Scizor\n|-resisted|p2a: Scizor\n|-damage|p2a: Scizor|39\/100\n|\n|-weather|none\n|-damage|p1a: Ursaluna|94\/100 brn|[from] brn\n|upkeep\n|turn|6\n|\n|t:|1700274874\n|switch|p1a: Landorus|Landorus-Therian, M|94\/100 tox\n|-ability|p1a: Landorus|Intimidate|boost\n|-unboost|p2a: Scizor|atk|1\n|detailschange|p2a: Scizor|Scizor-Mega, M\n|-mega|p2a: Scizor|Scizor|Scizorite\n|move|p2a: Scizor|Bullet Punch|p1a: Landorus\n|-damage|p1a: Landorus|71\/100 tox\n|\n|-heal|p1a: Landorus|77\/100 tox|[from] item: Leftovers\n|-damage|p1a: Landorus|71\/100 tox|[from] psn\n|upkeep\n|turn|7\n|\n|t:|1700274887\n|move|p1a: Landorus|Stealth Rock|p2a: Scizor\n|-sidestart|p2: shallow sing|move: Stealth Rock\n|move|p2a: Scizor|U-turn|p1a: Landorus\n|-resisted|p1a: Landorus\n|-damage|p1a: Landorus|57\/100 tox\n|\n|t:|1700274897\n|switch|p2a: Zapdos|Zapdos|92\/100|[from] U-turn\n|-damage|p2a: Zapdos|67\/100|[from] Stealth Rock\n|\n|-heal|p1a: Landorus|63\/100 tox|[from] item: Leftovers\n|-damage|p1a: Landorus|51\/100 tox|[from] psn\n|upkeep\n|turn|8\n|\n|t:|1700274926\n|move|p2a: Zapdos|Defog|p1a: Landorus\n|-unboost|p1a: Landorus|evasion|1\n|-sideend|p2: shallow sing|Stealth Rock|[from] move: Defog|[of] p2a: Zapdos\n|move|p1a: Landorus|U-turn|p2a: Zapdos\n|-resisted|p2a: Zapdos\n|-crit|p2a: Zapdos\n|-damage|p2a: Zapdos|54\/100\n|\n|t:|1700274929\n|switch|p1a: Ursaluna|Ursaluna, M|94\/100 brn|[from] U-turn\n|\n|-damage|p1a: Ursaluna|88\/100 brn|[from] brn\n|upkeep\n|turn|9\n|\n|t:|1700274943\n|move|p2a: Zapdos|Roost|p2a: Zapdos\n|-heal|p2a: Zapdos|100\/100\n|-singleturn|p2a: Zapdos|move: Roost\n|move|p1a: Ursaluna|Facade|p2a: Zapdos\n|-damage|p2a: Zapdos|3\/100\n|\n|-damage|p1a: Ursaluna|82\/100 brn|[from] brn\n|upkeep\n|turn|10\n|\n|t:|1700274956\n|move|p2a: Zapdos|Roost|p2a: Zapdos\n|-heal|p2a: Zapdos|53\/100\n|-singleturn|p2a: Zapdos|move: Roost\n|move|p1a: Ursaluna|Facade|p2a: Zapdos\n|-damage|p2a: Zapdos|0 fnt\n|faint|p2a: Zapdos\n|\n|-damage|p1a: Ursaluna|76\/100 brn|[from] brn\n|upkeep\n|\n|t:|1700274967\n|switch|p2a: Kyurem|Kyurem|100\/100\n|-ability|p2a: Kyurem|Pressure\n|turn|11\n|\n|t:|1700274981\n|switch|p1a: Volcanion|Volcanion|100\/100\n|move|p2a: Kyurem|Substitute|p2a: Kyurem\n|-start|p2a: Kyurem|Substitute\n|-damage|p2a: Kyurem|75\/100\n|\n|upkeep\n|turn|12\n|\n|t:|1700274996\n|move|p2a: Kyurem|Scale Shot|p1a: Volcanion\n|-damage|p1a: Volcanion|91\/100\n|-damage|p1a: Volcanion|83\/100\n|-damage|p1a: Volcanion|74\/100\n|-damage|p1a: Volcanion|65\/100\n|-hitcount|p1a: Volcanion|4\n|-unboost|p2a: Kyurem|def|1\n|-boost|p2a: Kyurem|spe|1\n|move|p1a: Volcanion|Body Press|p2a: Kyurem\n|-supereffective|p2a: Kyurem\n|-end|p2a: Kyurem|Substitute\n|\n|upkeep\n|turn|13\n|\n|t:|1700275014\n|switch|p2a: Ninetales|Ninetales-Alola, F|100\/100\n|-weather|Snow|[from] ability: Snow Warning|[of] p2a: Ninetales\n|-terastallize|p1a: Volcanion|Fairy\n|move|p1a: Volcanion|Body Press|p2a: Ninetales\n|-damage|p2a: Ninetales|70\/100\n|\n|-weather|Snow|[upkeep]\n|upkeep\n|turn|14\n|\n|t:|1700275025\n|move|p2a: Ninetales|Aurora Veil|p2a: Ninetales\n|-sidestart|p2: shallow sing|move: Aurora Veil\n|move|p1a: Volcanion|Toxic|p2a: Ninetales\n|-status|p2a: Ninetales|tox\n|\n|-weather|Snow|[upkeep]\n|-damage|p2a: Ninetales|64\/100 tox|[from] psn\n|upkeep\n|turn|15\n|inactive|TAPUFINIOOOOO has 120 seconds left.\n|inactive|shallow sing has 120 seconds left.\n|\n|t:|1700275072\n|switch|p2a: Scizor|Scizor-Mega, M|39\/100\n|move|p1a: Volcanion|Flamethrower|p2a: Scizor\n|-supereffective|p2a: Scizor\n|-damage|p2a: Scizor|0 fnt\n|faint|p2a: Scizor\n|\n|-weather|Snow|[upkeep]\n|upkeep\n|inactive|shallow sing has 120 seconds left.\n|\n|t:|1700275096\n|switch|p2a: Tapu Lele|Tapu Lele|100\/100\n|-fieldstart|move: Psychic Terrain|[from] ability: Psychic Surge|[of] p2a: Tapu Lele\n|turn|16\n|\n|t:|1700275104\n|switch|p2a: Sneasler|Sneasler, M|100\/100\n|-enditem|p2a: Sneasler|Psychic Seed\n|-boost|p2a: Sneasler|spd|1|[from] item: Psychic Seed\n|switch|p1a: Weavile|Weavile, M|100\/100\n|-ability|p1a: Weavile|Pressure\n|\n|-weather|Snow|[upkeep]\n|upkeep\n|turn|17\n|inactive|TAPUFINIOOOOO has 120 seconds left.\n|\n|t:|1700275116\n|switch|p1a: Landorus|Landorus-Therian, M|51\/100 tox\n|-ability|p1a: Landorus|Intimidate|boost\n|-unboost|p2a: Sneasler|atk|1\n|move|p2a: Sneasler|Swords Dance|p2a: Sneasler\n|-boost|p2a: Sneasler|atk|2\n|\n|-weather|none\n|-heal|p1a: Landorus|57\/100 tox|[from] item: Leftovers\n|-damage|p1a: Landorus|51\/100 tox|[from] psn\n|upkeep\n|turn|18\n|inactive|TAPUFINIOOOOO has 120 seconds left.\n|\n|t:|1700275132\n|-terastallize|p2a: Sneasler|Flying\n|move|p2a: Sneasler|Swords Dance|p2a: Sneasler\n|-boost|p2a: Sneasler|atk|2\n|move|p1a: Landorus|U-turn|p2a: Sneasler\n|-resisted|p2a: Sneasler\n|-damage|p2a: Sneasler|91\/100\n|\n|t:|1700275136\n|switch|p1a: Zapdos|Zapdos, shiny|100\/100|[from] U-turn\n|\n|upkeep\n|turn|19\n|inactive|shallow sing has 120 seconds left.\n|\n|t:|1700275143\n|switch|p1a: Landorus|Landorus-Therian, M|51\/100 tox\n|-ability|p1a: Landorus|Intimidate|boost\n|-unboost|p2a: Sneasler|atk|1\n|move|p2a: Sneasler|Dire Claw|p1a: Landorus\n|-resisted|p1a: Landorus\n|-damage|p1a: Landorus|9\/100 tox\n|\n|-heal|p1a: Landorus|15\/100 tox|[from] item: Leftovers\n|-damage|p1a: Landorus|9\/100 tox|[from] psn\n|upkeep\n|turn|20\n|inactive|shallow sing has 120 seconds left.\n|inactive|TAPUFINIOOOOO has 120 seconds left.\n|\n|t:|1700275166\n|move|p2a: Sneasler|Swords Dance|p2a: Sneasler\n|-boost|p2a: Sneasler|atk|2\n|move|p1a: Landorus|U-turn|p2a: Sneasler\n|-resisted|p2a: Sneasler\n|-damage|p2a: Sneasler|80\/100\n|\n|t:|1700275168\n|switch|p1a: Zapdos|Zapdos, shiny|100\/100|[from] U-turn\n|\n|-fieldend|move: Psychic Terrain\n|upkeep\n|turn|21\n|\n|t:|1700275180\n|switch|p1a: Landorus|Landorus-Therian, M|9\/100 tox\n|-ability|p1a: Landorus|Intimidate|boost\n|-unboost|p2a: Sneasler|atk|1\n|move|p2a: Sneasler|Dire Claw|p1a: Landorus\n|-resisted|p1a: Landorus\n|-damage|p1a: Landorus|0 fnt\n|faint|p1a: Landorus\n|\n|-sideend|p2: shallow sing|move: Aurora Veil\n|upkeep\n|\n|t:|1700275186\n|switch|p1a: Weavile|Weavile, M|100\/100\n|-ability|p1a: Weavile|Pressure\n|turn|22\n|\n|t:|1700275196\n|move|p1a: Weavile|Ice Shard|p2a: Sneasler\n|-supereffective|p2a: Sneasler\n|-damage|p2a: Sneasler|0 fnt\n|faint|p2a: Sneasler\n|\n|upkeep\n|\n|t:|1700275203\n|switch|p2a: Kyurem|Kyurem|75\/100\n|-ability|p2a: Kyurem|Pressure\n|turn|23\n|j| dsfjghkszbryxp\n|\n|t:|1700275208\n|move|p1a: Weavile|Ice Shard|p2a: Kyurem\n|-damage|p2a: Kyurem|48\/100\n|move|p2a: Kyurem|Dragon Dance|p2a: Kyurem\n|-boost|p2a: Kyurem|atk|1\n|-boost|p2a: Kyurem|spe|1\n|\n|upkeep\n|turn|24\n|\n|t:|1700275222\n|move|p1a: Weavile|Ice Shard|p2a: Kyurem\n|-damage|p2a: Kyurem|22\/100\n|move|p2a: Kyurem|Scale Shot|p1a: Weavile\n|-damage|p1a: Weavile|64\/100\n|-damage|p1a: Weavile|28\/100\n|-crit|p1a: Weavile\n|-damage|p1a: Weavile|0 fnt\n|faint|p1a: Weavile\n|-hitcount|p1: Weavile|3\n|-unboost|p2a: Kyurem|def|1\n|-boost|p2a: Kyurem|spe|1\n|\n|upkeep\n|\n|t:|1700275228\n|switch|p1a: Kartana|Kartana, shiny|100\/100\n|turn|25\n|\n|t:|1700275238\n|move|p2a: Kyurem|Icicle Spear|p1a: Kartana\n|-damage|p1a: Kartana|78\/100\n|-damage|p1a: Kartana|56\/100\n|-damage|p1a: Kartana|34\/100\n|-damage|p1a: Kartana|11\/100\n|-hitcount|p1a: Kartana|4\n|move|p1a: Kartana|Smart Strike|p2a: Kyurem\n|-supereffective|p2a: Kyurem\n|-damage|p2a: Kyurem|0 fnt\n|faint|p2a: Kyurem\n|-ability|p1a: Kartana|Beast Boost|boost\n|-boost|p1a: Kartana|atk|1\n|\n|upkeep\n|-message|shallow sing forfeited.\n|\n|win|TAPUFINIOOOOO\n|raw|TAPUFINIOOOOO's rating: 1591 &rarr; <strong>1616<\/strong><br \/>(+25 for winning)\n|raw|shallow sing's rating: 1685 &rarr; <strong>1660<\/strong><br \/>(-25 for losing)\n|l|\u2606shallow sing\n","uploadtime":1700275269,"views":13,"p1id":"tapufiniooooo","p2id":"shallowsing","formatid":"gen9nationaldex","rating":1616,"private":0,"password":""}