{"id":"gen9nationaldex-1992392857","p1":"Kam346","p2":"Frosty458","format":"[Gen 9] National Dex","log":"|j|\u2606Kam346\n|j|\u2606Frosty458\n|t:|1700182318\n|gametype|singles\n|player|p1|Kam346|red|\n|player|p2|Frosty458|steven|\n|teamsize|p1|6\n|teamsize|p2|6\n|gen|9\n|tier|[Gen 9] National Dex\n|rule|HP Percentage Mod: HP is shown in percentages\n|rule|Endless Battle Clause: Forcing endless battles is banned\n|rule|OHKO Clause: OHKO moves are banned\n|rule|Evasion Clause: Evasion abilities, items, and moves are banned\n|rule|Evasion Abilities Clause: Evasion abilities are banned\n|rule|Evasion Items Clause: Evasion items are banned\n|rule|Evasion Moves Clause: Evasion moves are banned\n|rule|Species Clause: Limit one of each Pok\u00e9mon\n|rule|Sleep Clause Mod: Limit one foe put to sleep\n|clearpoke\n|poke|p1|Blaziken, M|\n|poke|p1|Alcremie, F|\n|poke|p1|Appletun, M|\n|poke|p1|Vanilluxe, F|\n|poke|p1|Garganacl, M|\n|poke|p1|Gourgeist-*, M|\n|poke|p2|Appletun, M|\n|poke|p2|Vanilluxe, M|\n|poke|p2|Dachsbun, F|\n|poke|p2|Tatsugiri-Droopy, M|\n|poke|p2|Rotom-Heat|\n|poke|p2|Slurpuff, M|\n|teampreview\n|\n|t:|1700182332\n|start\n|switch|p1a: Alcremie|Alcremie, F|100\/100\n|switch|p2a: Appletun|Appletun, M, shiny|100\/100\n|turn|1\n|\n|t:|1700182338\n|-terastallize|p2a: Appletun|Steel\n|move|p1a: Alcremie|Calm Mind|p1a: Alcremie\n|-boost|p1a: Alcremie|spa|1\n|-boost|p1a: Alcremie|spd|1\n|move|p2a: Appletun|Curse|p2a: Appletun\n|-unboost|p2a: Appletun|spe|1\n|-boost|p2a: Appletun|atk|1\n|-boost|p2a: Appletun|def|1\n|\n|upkeep\n|turn|2\n|\n|t:|1700182347\n|move|p1a: Alcremie|Calm Mind|p1a: Alcremie\n|-boost|p1a: Alcremie|spa|1\n|-boost|p1a: Alcremie|spd|1\n|move|p2a: Appletun|Curse|p2a: Appletun\n|-unboost|p2a: Appletun|spe|1\n|-boost|p2a: Appletun|atk|1\n|-boost|p2a: Appletun|def|1\n|\n|upkeep\n|turn|3\n|\n|t:|1700182355\n|move|p1a: Alcremie|Mystical Fire|p2a: Appletun\n|-supereffective|p2a: Appletun\n|-crit|p2a: Appletun\n|-damage|p2a: Appletun|24\/100\n|-unboost|p2a: Appletun|spa|1\n|-damage|p1a: Alcremie|91\/100|[from] item: Life Orb\n|move|p2a: Appletun|Curse|p2a: Appletun\n|-unboost|p2a: Appletun|spe|1\n|-boost|p2a: Appletun|atk|1\n|-boost|p2a: Appletun|def|1\n|\n|-heal|p2a: Appletun|31\/100|[from] item: Leftovers\n|upkeep\n|turn|4\n|\n|t:|1700182366\n|move|p1a: Alcremie|Mystical Fire|p2a: Appletun\n|-supereffective|p2a: Appletun\n|-damage|p2a: Appletun|0 fnt\n|faint|p2a: Appletun\n|-damage|p1a: Alcremie|81\/100|[from] item: Life Orb\n|\n|upkeep\n|\n|t:|1700182375\n|switch|p2a: Tatsugiri|Tatsugiri-Droopy, M|100\/100\n|turn|5\n|\n|t:|1700182380\n|move|p2a: Tatsugiri|Hydro Pump|p1a: Alcremie|[miss]\n|-miss|p2a: Tatsugiri|p1a: Alcremie\n|move|p1a: Alcremie|Dazzling Gleam|p2a: Tatsugiri\n|-supereffective|p2a: Tatsugiri\n|-crit|p2a: Tatsugiri\n|-damage|p2a: Tatsugiri|0 fnt\n|faint|p2a: Tatsugiri\n|-damage|p1a: Alcremie|71\/100|[from] item: Life Orb\n|\n|upkeep\n|\n|t:|1700182388\n|switch|p2a: Slurpuff|Slurpuff, M|100\/100\n|turn|6\n|\n|t:|1700182396\n|move|p2a: Slurpuff|Sticky Web|p1a: Alcremie\n|-sidestart|p1: Kam346|move: Sticky Web\n|move|p1a: Alcremie|Dazzling Gleam|p2a: Slurpuff\n|-damage|p2a: Slurpuff|6\/100\n|-damage|p1a: Alcremie|61\/100|[from] item: Life Orb\n|\n|upkeep\n|turn|7\n|\n|t:|1700182402\n|move|p2a: Slurpuff|Psychic|p1a: Alcremie\n|-damage|p1a: Alcremie|50\/100\n|move|p1a: Alcremie|Mystical Fire|p2a: Slurpuff\n|-damage|p2a: Slurpuff|0 fnt\n|faint|p2a: Slurpuff\n|-damage|p1a: Alcremie|40\/100|[from] item: Life Orb\n|\n|upkeep\n|\n|t:|1700182410\n|switch|p2a: Dachsbun|Dachsbun, F|100\/100\n|turn|8\n|\n|t:|1700182417\n|move|p2a: Dachsbun|Play Rough|p1a: Alcremie\n|-damage|p1a: Alcremie|8\/100\n|move|p1a: Alcremie|Mystical Fire|p2a: Dachsbun\n|-ability|p2a: Dachsbun|Well-Baked Body|boost\n|-boost|p2a: Dachsbun|def|2\n|\n|upkeep\n|turn|9\n|\n|t:|1700182423\n|move|p2a: Dachsbun|Play Rough|p1a: Alcremie\n|-damage|p1a: Alcremie|0 fnt\n|faint|p1a: Alcremie\n|\n|upkeep\n|\n|t:|1700182440\n|switch|p1a: Gourgeist|Gourgeist-Super, M|100\/100\n|-activate|p1a: Gourgeist|move: Sticky Web\n|-unboost|p1a: Gourgeist|spe|1\n|-item|p2a: Dachsbun|Assault Vest|[from] ability: Frisk|[of] p1a: Gourgeist|[identify]\n|turn|10\n|\n|t:|1700182447\n|move|p2a: Dachsbun|Play Rough|p1a: Gourgeist\n|-damage|p1a: Gourgeist|75\/100\n|move|p1a: Gourgeist|Trick-or-Treat|p2a: Dachsbun\n|-start|p2a: Dachsbun|typeadd|Ghost|[from] move: Trick-or-Treat\n|\n|upkeep\n|turn|11\n|\n|t:|1700182454\n|move|p2a: Dachsbun|Play Rough|p1a: Gourgeist\n|-damage|p1a: Gourgeist|50\/100\n|move|p1a: Gourgeist|Poltergeist|p2a: Dachsbun\n|-activate|p2a: Dachsbun|move: Poltergeist|Assault Vest\n|-supereffective|p2a: Dachsbun\n|-damage|p2a: Dachsbun|30\/100\n|\n|upkeep\n|turn|12\n|\n|t:|1700182461\n|move|p1a: Gourgeist|Shadow Sneak|p2a: Dachsbun\n|-supereffective|p2a: Dachsbun\n|-damage|p2a: Dachsbun|3\/100\n|move|p2a: Dachsbun|Play Rough|p1a: Gourgeist\n|-damage|p1a: Gourgeist|26\/100\n|-unboost|p1a: Gourgeist|atk|1\n|\n|upkeep\n|turn|13\n|\n|t:|1700182469\n|move|p1a: Gourgeist|Shadow Sneak|p2a: Dachsbun\n|-supereffective|p2a: Dachsbun\n|-damage|p2a: Dachsbun|0 fnt\n|faint|p2a: Dachsbun\n|\n|upkeep\n|\n|t:|1700182473\n|switch|p2a: Rotom|Rotom-Heat|100\/100\n|turn|14\n|\n|t:|1700182478\n|move|p2a: Rotom|Dark Pulse|p1a: Gourgeist\n|-supereffective|p1a: Gourgeist\n|-damage|p1a: Gourgeist|0 fnt\n|faint|p1a: Gourgeist\n|\n|upkeep\n|\n|t:|1700182491\n|switch|p1a: Garganacl|Garganacl, M|100\/100\n|-activate|p1a: Garganacl|move: Sticky Web\n|-unboost|p1a: Garganacl|spe|1\n|turn|15\n|\n|t:|1700182496\n|switch|p2a: Vanilluxe|Vanilluxe, M|100\/100\n|-weather|Snow|[from] ability: Snow Warning|[of] p2a: Vanilluxe\n|move|p1a: Garganacl|Salt Cure|p2a: Vanilluxe\n|-supereffective|p2a: Vanilluxe\n|-damage|p2a: Vanilluxe|81\/100\n|-start|p2a: Vanilluxe|Salt Cure\n|\n|-weather|Snow|[upkeep]\n|-damage|p2a: Vanilluxe|68\/100|[from] Salt Cure\n|upkeep\n|turn|16\n|\n|t:|1700182505\n|move|p2a: Vanilluxe|Flash Cannon|p1a: Garganacl\n|-supereffective|p1a: Garganacl\n|-damage|p1a: Garganacl|66\/100\n|move|p1a: Garganacl|Body Press|p2a: Vanilluxe\n|-supereffective|p2a: Vanilluxe\n|-damage|p2a: Vanilluxe|35\/100\n|\n|-weather|Snow|[upkeep]\n|-heal|p1a: Garganacl|73\/100|[from] item: Leftovers\n|-damage|p2a: Vanilluxe|22\/100|[from] Salt Cure\n|upkeep\n|turn|17\n|\n|t:|1700182515\n|move|p2a: Vanilluxe|Flash Cannon|p1a: Garganacl\n|-supereffective|p1a: Garganacl\n|-damage|p1a: Garganacl|42\/100\n|move|p1a: Garganacl|Body Press|p2a: Vanilluxe\n|-supereffective|p2a: Vanilluxe\n|-damage|p2a: Vanilluxe|0 fnt\n|faint|p2a: Vanilluxe\n|\n|-weather|Snow|[upkeep]\n|-heal|p1a: Garganacl|48\/100|[from] item: Leftovers\n|upkeep\n|\n|t:|1700182524\n|switch|p2a: Rotom|Rotom-Heat|100\/100\n|turn|18\n|\n|t:|1700182527\n|move|p2a: Rotom|Overheat|p1a: Garganacl\n|-resisted|p1a: Garganacl\n|-damage|p1a: Garganacl|20\/100\n|-unboost|p2a: Rotom|spa|2\n|move|p1a: Garganacl|Salt Cure|p2a: Rotom\n|-supereffective|p2a: Rotom\n|-damage|p2a: Rotom|65\/100\n|-start|p2a: Rotom|Salt Cure\n|\n|-weather|Snow|[upkeep]\n|-heal|p1a: Garganacl|26\/100|[from] item: Leftovers\n|-damage|p2a: Rotom|52\/100|[from] Salt Cure\n|upkeep\n|turn|19\n|\n|t:|1700182543\n|move|p2a: Rotom|Overheat|p1a: Garganacl|[miss]\n|-miss|p2a: Rotom|p1a: Garganacl\n|move|p1a: Garganacl|Body Press|p2a: Rotom\n|-damage|p2a: Rotom|21\/100\n|\n|-weather|Snow|[upkeep]\n|-heal|p1a: Garganacl|32\/100|[from] item: Leftovers\n|-damage|p2a: Rotom|8\/100|[from] Salt Cure\n|upkeep\n|turn|20\n|\n|t:|1700182551\n|move|p2a: Rotom|Overheat|p1a: Garganacl\n|-resisted|p1a: Garganacl\n|-damage|p1a: Garganacl|19\/100\n|-unboost|p2a: Rotom|spa|2\n|move|p1a: Garganacl|Body Press|p2a: Rotom\n|-damage|p2a: Rotom|0 fnt\n|faint|p2a: Rotom\n|\n|win|Kam346\n","uploadtime":1700182561,"views":4,"p1id":"kam346","p2id":"frosty458","formatid":"gen9nationaldex","rating":0,"private":0,"password":""}