{"id":"gen9nationaldex-1995787264","p1":"Symphonia R","p2":"imbleed","format":"[Gen 9] National Dex","log":"|html|<div class=\"broadcast-blue\"><strong>[Gen 9] National Dex is currently suspecting Sneasler! For information on how to participate check out the <a href=\"https:\/\/www.smogon.com\/forums\/threads\/sv-national-dex-suspect-8-just-dance.3731534\/\">suspect thread<\/a>.<\/strong><\/div>\n|j|\u2606Symphonia R\n|j|\u2606imbleed\n|t:|1700603124\n|gametype|singles\n|player|p1|Symphonia R|elesa|1390\n|player|p2|imbleed|poppy|1365\n|teamsize|p1|6\n|teamsize|p2|6\n|gen|9\n|tier|[Gen 9] National Dex\n|rated|\n|rule|HP Percentage Mod: HP is shown in percentages\n|rule|Endless Battle Clause: Forcing endless battles is banned\n|rule|OHKO Clause: OHKO moves are banned\n|rule|Evasion Clause: Evasion abilities, items, and moves are banned\n|rule|Evasion Abilities Clause: Evasion abilities are banned\n|rule|Evasion Items Clause: Evasion items are banned\n|rule|Evasion Moves Clause: Evasion moves are banned\n|rule|Species Clause: Limit one of each Pok\u00e9mon\n|rule|Sleep Clause Mod: Limit one foe put to sleep\n|clearpoke\n|poke|p1|Ninetales-Alola, M|\n|poke|p1|Abomasnow, F|\n|poke|p1|Arctozolt|\n|poke|p1|Walrein, M|\n|poke|p1|Iron Valiant|\n|poke|p1|Lopunny, M|\n|poke|p2|Flareon, M|\n|poke|p2|Ninetales-Alola, M|\n|poke|p2|Scolipede, F|\n|poke|p2|Raikou|\n|poke|p2|Zangoose, F|\n|poke|p2|Lycanroc-Dusk, M|\n|teampreview\n|j| TheStroker\n|j| kung fu pokechu\n|j| NotBeliever\n|\n|t:|1700603163\n|start\n|switch|p1a: Lopunny|Lopunny, M|100\/100\n|switch|p2a: 9 empty tales|Ninetales-Alola, M|100\/100\n|-weather|Snow|[from] ability: Snow Warning|[of] p2a: 9 empty tales\n|turn|1\n|\n|t:|1700603167\n|detailschange|p1a: Lopunny|Lopunny-Mega, M\n|-mega|p1a: Lopunny|Lopunny|Lopunnite\n|move|p1a: Lopunny|Fake Out|p2a: 9 empty tales\n|-damage|p2a: 9 empty tales|82\/100\n|cant|p2a: 9 empty tales|flinch\n|\n|-weather|Snow|[upkeep]\n|upkeep\n|turn|2\n|\n|t:|1700603174\n|move|p1a: Lopunny|Close Combat|p2a: 9 empty tales\n|-damage|p2a: 9 empty tales|28\/100\n|-unboost|p1a: Lopunny|def|1\n|-unboost|p1a: Lopunny|spd|1\n|move|p2a: 9 empty tales|Aurora Veil|p2a: 9 empty tales\n|-sidestart|p2: imbleed|move: Aurora Veil\n|\n|-weather|Snow|[upkeep]\n|upkeep\n|turn|3\n|\n|t:|1700603182\n|switch|p2a: beed boosted|Scolipede, F|100\/100\n|move|p1a: Lopunny|Close Combat|p2a: beed boosted\n|-resisted|p2a: beed boosted\n|-damage|p2a: beed boosted|88\/100\n|-unboost|p1a: Lopunny|def|1\n|-unboost|p1a: Lopunny|spd|1\n|\n|-weather|Snow|[upkeep]\n|upkeep\n|turn|4\n|\n|t:|1700603191\n|switch|p1a: Abomasnow|Abomasnow, F|100\/100\n|move|p2a: beed boosted|Swords Dance|p2a: beed boosted\n|-boost|p2a: beed boosted|atk|2\n|\n|-weather|Snow|[upkeep]\n|-ability|p2a: beed boosted|Speed Boost|boost\n|-boost|p2a: beed boosted|spe|1\n|upkeep\n|turn|5\n|\n|t:|1700603195\n|move|p2a: beed boosted|Poison Jab|p1a: Abomasnow\n|-supereffective|p1a: Abomasnow\n|-damage|p1a: Abomasnow|23\/100\n|move|p1a: Abomasnow|Aurora Veil|p1a: Abomasnow\n|-sidestart|p1: Symphonia R|move: Aurora Veil\n|\n|-weather|none\n|-ability|p2a: beed boosted|Speed Boost|boost\n|-boost|p2a: beed boosted|spe|1\n|upkeep\n|turn|6\n|\n|t:|1700603203\n|move|p2a: beed boosted|Poison Jab|p1a: Abomasnow\n|-supereffective|p1a: Abomasnow\n|-damage|p1a: Abomasnow|0 fnt\n|faint|p1a: Abomasnow\n|\n|-ability|p2a: beed boosted|Speed Boost|boost\n|-boost|p2a: beed boosted|spe|1\n|upkeep\n|\n|t:|1700603206\n|switch|p1a: Ninetales|Ninetales-Alola, M, shiny|100\/100\n|-weather|Snow|[from] ability: Snow Warning|[of] p1a: Ninetales\n|turn|7\n|\n|t:|1700603212\n|-terastallize|p1a: Ninetales|Fire\n|move|p2a: beed boosted|Swords Dance|p2a: beed boosted\n|-boost|p2a: beed boosted|atk|2\n|move|p1a: Ninetales|Tera Blast|p2a: beed boosted|[anim] Tera Blast Fire\n|-supereffective|p2a: beed boosted\n|-crit|p2a: beed boosted\n|-damage|p2a: beed boosted|0 fnt\n|faint|p2a: beed boosted\n|\n|-weather|Snow|[upkeep]\n|upkeep\n|\n|t:|1700603233\n|switch|p2a: the other cat|Raikou|100\/100\n|turn|8\n|\n|t:|1700603236\n|move|p2a: the other cat|Calm Mind|p2a: the other cat\n|-boost|p2a: the other cat|spa|1\n|-boost|p2a: the other cat|spd|1\n|move|p1a: Ninetales|Tera Blast|p2a: the other cat|[anim] Tera Blast Fire\n|-damage|p2a: the other cat|85\/100\n|\n|-weather|Snow|[upkeep]\n|-heal|p2a: the other cat|91\/100|[from] item: Leftovers\n|upkeep\n|turn|9\n|\n|t:|1700603243\n|switch|p1a: Lopunny|Lopunny-Mega, M|100\/100\n|move|p2a: the other cat|Scald|p1a: Lopunny\n|-damage|p1a: Lopunny|75\/100\n|\n|-weather|Snow|[upkeep]\n|-heal|p2a: the other cat|98\/100|[from] item: Leftovers\n|-sideend|p2: imbleed|move: Aurora Veil\n|upkeep\n|turn|10\n|\n|t:|1700603247\n|move|p1a: Lopunny|Fake Out|p2a: the other cat\n|-damage|p2a: the other cat|67\/100\n|move|p2a: the other cat|Scald|p1a: Lopunny\n|-damage|p1a: Lopunny|49\/100\n|\n|-weather|Snow|[upkeep]\n|-heal|p2a: the other cat|73\/100|[from] item: Leftovers\n|upkeep\n|turn|11\n|\n|t:|1700603258\n|move|p1a: Lopunny|Close Combat|p2a: the other cat\n|-damage|p2a: the other cat|0 fnt\n|-unboost|p1a: Lopunny|def|1\n|-unboost|p1a: Lopunny|spd|1\n|faint|p2a: the other cat\n|\n|-weather|none\n|upkeep\n|\n|t:|1700603277\n|switch|p2a: 9 empty tales|Ninetales-Alola, M|28\/100\n|-weather|Snow|[from] ability: Snow Warning|[of] p2a: 9 empty tales\n|turn|12\n|\n|t:|1700603284\n|move|p1a: Lopunny|Close Combat|p2a: 9 empty tales\n|-damage|p2a: 9 empty tales|0 fnt\n|-unboost|p1a: Lopunny|def|1\n|-unboost|p1a: Lopunny|spd|1\n|faint|p2a: 9 empty tales\n|\n|-weather|Snow|[upkeep]\n|-sideend|p1: Symphonia R|move: Aurora Veil\n|upkeep\n|\n|t:|1700603293\n|switch|p2a: champ|Zangoose, F|100\/100\n|turn|13\n|l| NotBeliever\n|\n|t:|1700603295\n|move|p2a: champ|Quick Attack|p1a: Lopunny\n|-damage|p1a: Lopunny|0 fnt\n|faint|p1a: Lopunny\n|\n|-weather|Snow|[upkeep]\n|-status|p2a: champ|tox|[from] item: Toxic Orb\n|upkeep\n|\n|t:|1700603300\n|switch|p1a: Arctozolt|Arctozolt|100\/100\n|turn|14\n|\n|t:|1700603303\n|move|p2a: champ|Quick Attack|p1a: Arctozolt\n|-damage|p1a: Arctozolt|76\/100\n|move|p1a: Arctozolt|Bolt Beak|p2a: champ\n|-damage|p2a: champ|12\/100 tox\n|-damage|p1a: Arctozolt|66\/100|[from] item: Life Orb\n|\n|-weather|Snow|[upkeep]\n|-damage|p2a: champ|6\/100 tox|[from] psn\n|upkeep\n|turn|15\n|\n|t:|1700603311\n|switch|p1a: Walrein|Walrein, M|100\/100\n|move|p2a: champ|Quick Attack|p1a: Walrein\n|-damage|p1a: Walrein|83\/100\n|\n|-weather|Snow|[upkeep]\n|-heal|p1a: Walrein|89\/100|[from] ability: Ice Body\n|-heal|p1a: Walrein|95\/100|[from] item: Leftovers\n|-damage|p2a: champ|0 fnt|[from] psn\n|faint|p2a: champ\n|upkeep\n|\n|t:|1700603324\n|switch|p2a: pet the fluff|Flareon, M|100\/100\n|turn|16\n|\n|t:|1700603333\n|-terastallize|p2a: pet the fluff|Grass\n|move|p2a: pet the fluff|Trailblaze|p1a: Walrein\n|-supereffective|p1a: Walrein\n|-damage|p1a: Walrein|59\/100\n|-boost|p2a: pet the fluff|spe|1\n|move|p1a: Walrein|Surf|p2a: pet the fluff\n|-resisted|p2a: pet the fluff\n|-damage|p2a: pet the fluff|83\/100\n|\n|-weather|none\n|-heal|p1a: Walrein|65\/100|[from] item: Leftovers\n|-status|p2a: pet the fluff|tox|[from] item: Toxic Orb\n|upkeep\n|turn|17\n|\n|t:|1700603356\n|move|p1a: Walrein|Protect|p1a: Walrein\n|-singleturn|p1a: Walrein|Protect\n|move|p2a: pet the fluff|Facade|p1a: Walrein\n|-activate|p1a: Walrein|move: Protect\n|\n|-heal|p1a: Walrein|71\/100|[from] item: Leftovers\n|-damage|p2a: pet the fluff|77\/100 tox|[from] psn\n|upkeep\n|turn|18\n|\n|t:|1700603369\n|switch|p1a: Ninetales|Ninetales-Alola, M, shiny, tera:Fire|100\/100\n|-weather|Snow|[from] ability: Snow Warning|[of] p1a: Ninetales\n|move|p2a: pet the fluff|Facade|p1a: Ninetales\n|-damage|p1a: Ninetales|0 fnt\n|faint|p1a: Ninetales\n|\n|-weather|Snow|[upkeep]\n|-damage|p2a: pet the fluff|65\/100 tox|[from] psn\n|upkeep\n|\n|t:|1700603379\n|switch|p1a: Walrein|Walrein, M|71\/100\n|turn|19\n|\n|t:|1700603383\n|move|p1a: Walrein|Protect|p1a: Walrein\n|-singleturn|p1a: Walrein|Protect\n|move|p2a: pet the fluff|Facade|p1a: Walrein\n|-activate|p1a: Walrein|move: Protect\n|\n|-weather|Snow|[upkeep]\n|-heal|p1a: Walrein|78\/100|[from] ability: Ice Body\n|-heal|p1a: Walrein|84\/100|[from] item: Leftovers\n|-damage|p2a: pet the fluff|47\/100 tox|[from] psn\n|upkeep\n|turn|20\n|\n|t:|1700603393\n|move|p2a: pet the fluff|Facade|p1a: Walrein\n|-damage|p1a: Walrein|38\/100\n|move|p1a: Walrein|Surf|p2a: pet the fluff\n|-resisted|p2a: pet the fluff\n|-damage|p2a: pet the fluff|30\/100 tox\n|\n|-weather|Snow|[upkeep]\n|-heal|p1a: Walrein|44\/100|[from] ability: Ice Body\n|-heal|p1a: Walrein|50\/100|[from] item: Leftovers\n|-damage|p2a: pet the fluff|7\/100 tox|[from] psn\n|upkeep\n|turn|21\n|\n|t:|1700603404\n|move|p1a: Walrein|Protect|p1a: Walrein\n|-singleturn|p1a: Walrein|Protect\n|move|p2a: pet the fluff|Facade|p1a: Walrein\n|-activate|p1a: Walrein|move: Protect\n|\n|-weather|Snow|[upkeep]\n|-heal|p1a: Walrein|57\/100|[from] ability: Ice Body\n|-heal|p1a: Walrein|63\/100|[from] item: Leftovers\n|-damage|p2a: pet the fluff|0 fnt|[from] psn\n|faint|p2a: pet the fluff\n|upkeep\n|\n|t:|1700603406\n|switch|p2a: lotta loyalty|Lycanroc-Dusk, M|100\/100\n|turn|22\n|\n|t:|1700603414\n|move|p2a: lotta loyalty|Close Combat|p1a: Walrein\n|-supereffective|p1a: Walrein\n|-damage|p1a: Walrein|0 fnt\n|-unboost|p2a: lotta loyalty|def|1\n|-unboost|p2a: lotta loyalty|spd|1\n|faint|p1a: Walrein\n|-damage|p2a: lotta loyalty|91\/100|[from] item: Life Orb\n|\n|-weather|none\n|upkeep\n|\n|t:|1700603419\n|switch|p1a: Iron Valiant|Iron Valiant|100\/100\n|-enditem|p1a: Iron Valiant|Booster Energy\n|-activate|p1a: Iron Valiant|ability: Quark Drive|[fromitem]\n|-start|p1a: Iron Valiant|quarkdrivespe\n|turn|23\n|\n|t:|1700603426\n|move|p1a: Iron Valiant|Close Combat|p2a: lotta loyalty\n|-supereffective|p2a: lotta loyalty\n|-damage|p2a: lotta loyalty|0 fnt\n|-unboost|p1a: Iron Valiant|def|1\n|-unboost|p1a: Iron Valiant|spd|1\n|faint|p2a: lotta loyalty\n|\n|win|Symphonia R\n|raw|Symphonia R's rating: 1417 &rarr; <strong>1434<\/strong><br \/>(+17 for winning)\n|raw|imbleed's rating: 1365 &rarr; <strong>1348<\/strong><br \/>(-17 for losing)\n","uploadtime":1700603441,"views":0,"p1id":"symphoniar","p2id":"imbleed","formatid":"gen9nationaldex","rating":1348,"private":0,"password":""}