{"id":"gen9nationaldex-1998691054","p1":"caibi107","p2":"BIBILI233","format":"[Gen 9] National Dex","log":"|html|<div class=\"broadcast-blue\"><strong>[Gen 9] National Dex is currently suspecting Sneasler! For information on how to participate check out the <a href=\"https:\/\/www.smogon.com\/forums\/threads\/sv-national-dex-suspect-8-just-dance.3731534\/\">suspect thread<\/a>.<\/strong><\/div>\n|j|\u2606caibi107\n|j|\u2606BIBILI233\n|t:|1700973131\n|gametype|singles\n|player|p1|caibi107|hilbert|1472\n|player|p2|BIBILI233|170|1581\n|teamsize|p1|6\n|teamsize|p2|6\n|gen|9\n|tier|[Gen 9] National Dex\n|rated|\n|rule|HP Percentage Mod: HP is shown in percentages\n|rule|Endless Battle Clause: Forcing endless battles is banned\n|rule|OHKO Clause: OHKO moves are banned\n|rule|Evasion Clause: Evasion abilities, items, and moves are banned\n|rule|Evasion Abilities Clause: Evasion abilities are banned\n|rule|Evasion Items Clause: Evasion items are banned\n|rule|Evasion Moves Clause: Evasion moves are banned\n|rule|Species Clause: Limit one of each Pok\u00e9mon\n|rule|Sleep Clause Mod: Limit one foe put to sleep\n|clearpoke\n|poke|p1|Tapu Lele|\n|poke|p1|Slowbro, M|\n|poke|p1|Great Tusk|\n|poke|p1|Beedrill, M|\n|poke|p1|Cinderace, M|\n|poke|p1|Urshifu-*, M|\n|poke|p2|Ogerpon, F|\n|poke|p2|Corviknight, M|\n|poke|p2|Clodsire, M|\n|poke|p2|Tyranitar, F|\n|poke|p2|Tapu Fini|\n|poke|p2|Banette, F|\n|teampreview\n|inactive|Battle timer is ON: inactive players will automatically lose when time's up. (requested by BIBILI233)\n|\n|t:|1700973162\n|start\n|switch|p1a: Tapu Lele|Tapu Lele|100\/100\n|switch|p2a: Ogerpon|Ogerpon, F|100\/100\n|-fieldstart|move: Psychic Terrain|[from] ability: Psychic Surge|[of] p1a: Tapu Lele\n|turn|1\n|\n|t:|1700973169\n|switch|p2a: Tyranitar|Tyranitar, F|100\/100\n|-weather|Sandstorm|[from] ability: Sand Stream|[of] p2a: Tyranitar\n|-zpower|p1a: Tapu Lele\n|move|p1a: Tapu Lele|Shattered Psyche|p2a: Tyranitar|[zeffect]\n|-immune|p2a: Tyranitar\n|\n|-weather|Sandstorm|[upkeep]\n|-damage|p1a: Tapu Lele|94\/100|[from] Sandstorm\n|upkeep\n|turn|2\n|\n|t:|1700973184\n|-activate|p1a: Tapu Lele|move: Pursuit\n|move|p2a: Tyranitar|Pursuit|p1a: Tapu Lele|[from]Pursuit\n|-damage|p1a: Tapu Lele|39\/100\n|switch|p1a: Great Tusk|Great Tusk|100\/100\n|\n|-weather|Sandstorm|[upkeep]\n|upkeep\n|turn|3\n|\n|t:|1700973194\n|switch|p2a: Tapu Fini|Tapu Fini|100\/100\n|-fieldstart|move: Misty Terrain|[from] ability: Misty Surge|[of] p2a: Tapu Fini\n|move|p1a: Great Tusk|Stealth Rock|p2a: Tapu Fini\n|-sidestart|p2: BIBILI233|move: Stealth Rock\n|\n|-weather|Sandstorm|[upkeep]\n|-damage|p2a: Tapu Fini|94\/100|[from] Sandstorm\n|-heal|p2a: Tapu Fini|100\/100|[from] item: Leftovers\n|upkeep\n|turn|4\n|\n|t:|1700973199\n|-end|p1a: Great Tusk|Protosynthesis|[silent]\n|switch|p1a: Beedrill|Beedrill, M|100\/100\n|move|p2a: Tapu Fini|Defog|p1a: Beedrill\n|-unboost|p1a: Beedrill|evasion|1\n|-sideend|p2: BIBILI233|Stealth Rock|[from] move: Defog|[of] p2a: Tapu Fini\n|-fieldend|Misty Terrain\n|\n|-weather|Sandstorm|[upkeep]\n|-damage|p1a: Beedrill|95\/100|[from] Sandstorm\n|-damage|p2a: Tapu Fini|94\/100|[from] Sandstorm\n|-heal|p2a: Tapu Fini|100\/100|[from] item: Leftovers\n|upkeep\n|turn|5\n|\n|t:|1700973205\n|switch|p2a: Corviknight|Corviknight, M|100\/100\n|-ability|p2a: Corviknight|Pressure\n|detailschange|p1a: Beedrill|Beedrill-Mega, M\n|-mega|p1a: Beedrill|Beedrill|Beedrillite\n|move|p1a: Beedrill|Knock Off|p2a: Corviknight\n|-damage|p2a: Corviknight|79\/100\n|-enditem|p2a: Corviknight|Covert Cloak|[from] move: Knock Off|[of] p1a: Beedrill\n|\n|-weather|none\n|upkeep\n|turn|6\n|\n|t:|1700973214\n|move|p1a: Beedrill|U-turn|p2a: Corviknight\n|-resisted|p2a: Corviknight\n|-damage|p2a: Corviknight|71\/100\n|\n|t:|1700973223\n|switch|p1a: Cinderace|Cinderace, M|100\/100|[from] U-turn\n|move|p2a: Corviknight|U-turn|p1a: Cinderace\n|-resisted|p1a: Cinderace\n|-damage|p1a: Cinderace|91\/100\n|\n|t:|1700973232\n|switch|p2a: Banette|Banette, F|100\/100|[from] U-turn\n|-item|p1a: Cinderace|Life Orb|[from] ability: Frisk|[of] p2a: Banette|[identify]\n|\n|upkeep\n|turn|7\n|\n|t:|1700973239\n|detailschange|p2a: Banette|Banette-Mega, F\n|-mega|p2a: Banette|Banette|Banettite\n|move|p1a: Cinderace|U-turn|p2a: Banette\n|-start|p1a: Cinderace|typechange|Bug|[from] ability: Libero\n|-resisted|p2a: Banette\n|-damage|p2a: Banette|64\/100\n|-damage|p1a: Cinderace|81\/100|[from] item: Life Orb\n|\n|t:|1700973248\n|switch|p1a: Urshifu|Urshifu-Rapid-Strike, M|100\/100|[from] U-turn\n|move|p2a: Banette|Poltergeist|p1a: Urshifu\n|-activate|p1a: Urshifu|move: Poltergeist|Choice Band\n|-damage|p1a: Urshifu|29\/100\n|\n|upkeep\n|turn|8\n|\n|t:|1700973257\n|switch|p2a: Tapu Fini|Tapu Fini|100\/100\n|-fieldstart|move: Misty Terrain|[from] ability: Misty Surge|[of] p2a: Tapu Fini\n|move|p1a: Urshifu|Ice Spinner|p2a: Tapu Fini\n|-resisted|p2a: Tapu Fini\n|-damage|p2a: Tapu Fini|86\/100\n|-fieldend|Misty Terrain\n|\n|-heal|p2a: Tapu Fini|92\/100|[from] item: Leftovers\n|upkeep\n|turn|9\n|\n|t:|1700973267\n|switch|p1a: Beedrill|Beedrill-Mega, M|95\/100\n|switch|p2a: Ogerpon|Ogerpon, F|100\/100\n|\n|upkeep\n|turn|10\n|\n|t:|1700973270\n|-terastallize|p2a: Ogerpon|Grass\n|detailschange|p2a: Ogerpon|Ogerpon-Teal-Tera, F, tera:Grass\n|-ability|p2a: Ogerpon|Embody Aspect (Teal)|boost\n|-boost|p2a: Ogerpon|spe|1\n|move|p2a: Ogerpon|Rock Tomb|p1a: Beedrill\n|-supereffective|p1a: Beedrill\n|-damage|p1a: Beedrill|0 fnt\n|faint|p1a: Beedrill\n|\n|upkeep\n|-message|caibi107 forfeited.\n|\n|win|BIBILI233\n|raw|caibi107's rating: 1472 &rarr; <strong>1458<\/strong><br \/>(-14 for losing)\n|raw|BIBILI233's rating: 1581 &rarr; <strong>1595<\/strong><br \/>(+14 for winning)\n","uploadtime":1700973289,"views":12,"p1id":"caibi107","p2id":"bibili233","formatid":"gen9nationaldex","rating":1458,"private":0,"password":""}