{"id":"gen9nationaldex-1999394809","p1":"zsjbluemiracle","p2":"bazhujiadenvfen","format":"[Gen 9] National Dex","log":"|html|<div class=\"broadcast-blue\"><strong>[Gen 9] National Dex is currently suspecting Sneasler! For information on how to participate check out the <a href=\"https:\/\/www.smogon.com\/forums\/threads\/sv-national-dex-suspect-8-just-dance.3731534\/\">suspect thread<\/a>.<\/strong><\/div>\n|j|\u2606zsjbluemiracle\n|j|\u2606bazhujiadenvfen\n|t:|1701073109\n|gametype|singles\n|player|p1|zsjbluemiracle|red|1587\n|player|p2|bazhujiadenvfen|265|1627\n|teamsize|p1|6\n|teamsize|p2|6\n|gen|9\n|tier|[Gen 9] National Dex\n|rated|\n|rule|HP Percentage Mod: HP is shown in percentages\n|rule|Endless Battle Clause: Forcing endless battles is banned\n|rule|OHKO Clause: OHKO moves are banned\n|rule|Evasion Clause: Evasion abilities, items, and moves are banned\n|rule|Evasion Abilities Clause: Evasion abilities are banned\n|rule|Evasion Items Clause: Evasion items are banned\n|rule|Evasion Moves Clause: Evasion moves are banned\n|rule|Species Clause: Limit one of each Pok\u00e9mon\n|rule|Sleep Clause Mod: Limit one foe put to sleep\n|clearpoke\n|poke|p1|Cloyster, M|\n|poke|p1|Garchomp, M|\n|poke|p1|Banette, F|\n|poke|p1|Corviknight, M|\n|poke|p1|Great Tusk|\n|poke|p1|Alomomola, F|\n|poke|p2|Slowbro-Galar, M|\n|poke|p2|Zamazenta-*|\n|poke|p2|Rillaboom, F|\n|poke|p2|Torterra, M|\n|poke|p2|Samurott-Hisui, F|\n|poke|p2|Kommo-o, F|\n|teampreview\n|inactive|Battle timer is ON: inactive players will automatically lose when time's up. (requested by zsjbluemiracle)\n|\n|t:|1701073132\n|start\n|switch|p1a: Great Tusk|Great Tusk|100\/100\n|switch|p2a: Rillaboom|Rillaboom, F|100\/100\n|-fieldstart|move: Grassy Terrain|[from] ability: Grassy Surge|[of] p2a: Rillaboom\n|turn|1\n|\n|t:|1701073140\n|-end|p1a: Great Tusk|Protosynthesis|[silent]\n|switch|p1a: \u94a2\u70e4\u9e2d|Corviknight, M, shiny|100\/100\n|move|p2a: Rillaboom|Grassy Glide|p1a: \u94a2\u70e4\u9e2d\n|-resisted|p1a: \u94a2\u70e4\u9e2d\n|-damage|p1a: \u94a2\u70e4\u9e2d|93\/100\n|\n|-heal|p1a: \u94a2\u70e4\u9e2d|99\/100|[from] item: Leftovers\n|upkeep\n|turn|2\n|\n|t:|1701073148\n|move|p2a: Rillaboom|Knock Off|p1a: \u94a2\u70e4\u9e2d\n|-damage|p1a: \u94a2\u70e4\u9e2d|73\/100\n|-enditem|p1a: \u94a2\u70e4\u9e2d|Leftovers|[from] move: Knock Off|[of] p2a: Rillaboom\n|move|p1a: \u94a2\u70e4\u9e2d|U-turn|p2a: Rillaboom\n|-supereffective|p2a: Rillaboom\n|-damage|p2a: Rillaboom|75\/100\n|\n|t:|1701073162\n|switch|p1a: Garchomp|Garchomp, M|100\/100|[from] U-turn\n|\n|-heal|p2a: Rillaboom|81\/100|[from] Grassy Terrain\n|upkeep\n|turn|3\n|\n|t:|1701073170\n|switch|p2a: Samurott|Samurott-Hisui, F|100\/100\n|move|p1a: Garchomp|Stealth Rock|p2a: Samurott\n|-sidestart|p2: bazhujiadenvfen|move: Stealth Rock\n|\n|upkeep\n|turn|4\n|\n|t:|1701073177\n|move|p1a: Garchomp|Earthquake|p2a: Samurott\n|-damage|p2a: Samurott|73\/100\n|move|p2a: Samurott|Ceaseless Edge|p1a: Garchomp|[miss]\n|-miss|p2a: Samurott|p1a: Garchomp\n|\n|-heal|p2a: Samurott|79\/100|[from] Grassy Terrain\n|upkeep\n|turn|5\n|\n|t:|1701073189\n|move|p1a: Garchomp|Draco Meteor|p2a: Samurott\n|-damage|p2a: Samurott|4\/100\n|-unboost|p1a: Garchomp|spa|2\n|move|p2a: Samurott|Ceaseless Edge|p1a: Garchomp\n|-damage|p1a: Garchomp|23\/100\n|-damage|p2a: Samurott|0 fnt|[from] ability: Rough Skin|[of] p1a: Garchomp\n|faint|p2a: Samurott\n|\n|-heal|p1a: Garchomp|29\/100|[from] Grassy Terrain\n|upkeep\n|\n|t:|1701073200\n|switch|p2a: Torterra|Torterra, M|100\/100\n|-damage|p2a: Torterra|94\/100|[from] Stealth Rock\n|turn|6\n|\n|t:|1701073206\n|move|p1a: Garchomp|Flamethrower|p2a: Torterra\n|-supereffective|p2a: Torterra\n|-damage|p2a: Torterra|71\/100\n|move|p2a: Torterra|Wood Hammer|p1a: Garchomp\n|-crit|p1a: Garchomp\n|-damage|p1a: Garchomp|0 fnt\n|-damage|p2a: Torterra|59\/100|[from] ability: Rough Skin|[of] p1a: Garchomp\n|faint|p1a: Garchomp\n|-damage|p2a: Torterra|50\/100|[from] Recoil\n|\n|-heal|p2a: Torterra|56\/100|[from] Grassy Terrain\n|upkeep\n|\n|t:|1701073217\n|switch|p1a: Cloyster|Cloyster, M, shiny|100\/100\n|turn|7\n|\n|t:|1701073221\n|move|p2a: Torterra|Grassy Glide|p1a: Cloyster\n|-supereffective|p1a: Cloyster\n|-damage|p1a: Cloyster|25\/100\n|move|p1a: Cloyster|Icicle Spear|p2a: Torterra\n|-supereffective|p2a: Torterra\n|-damage|p2a: Torterra|18\/100\n|-supereffective|p2a: Torterra\n|-damage|p2a: Torterra|0 fnt\n|faint|p2a: Torterra\n|-hitcount|p2: Torterra|2\n|\n|-heal|p1a: Cloyster|31\/100|[from] Grassy Terrain\n|upkeep\n|\n|t:|1701073241\n|switch|p2a: Zamazenta|Zamazenta|100\/100\n|-damage|p2a: Zamazenta|94\/100|[from] Stealth Rock\n|-ability|p2a: Zamazenta|Dauntless Shield|boost\n|-boost|p2a: Zamazenta|def|1\n|turn|8\n|\n|t:|1701073247\n|switch|p1a: Alomomola|Alomomola, F, shiny|100\/100\n|move|p2a: Zamazenta|Close Combat|p1a: Alomomola\n|-damage|p1a: Alomomola|48\/100\n|-unboost|p2a: Zamazenta|def|1\n|-unboost|p2a: Zamazenta|spd|1\n|-damage|p2a: Zamazenta|78\/100|[from] item: Rocky Helmet|[of] p1a: Alomomola\n|\n|-heal|p2a: Zamazenta|84\/100|[from] Grassy Terrain\n|-heal|p1a: Alomomola|54\/100|[from] Grassy Terrain\n|-fieldend|move: Grassy Terrain\n|upkeep\n|turn|9\n|\n|t:|1701073259\n|-terastallize|p2a: Zamazenta|Fighting\n|move|p2a: Zamazenta|Close Combat|p1a: Alomomola\n|-damage|p1a: Alomomola|0 fnt\n|-unboost|p2a: Zamazenta|def|1\n|-unboost|p2a: Zamazenta|spd|1\n|-damage|p2a: Zamazenta|67\/100|[from] item: Rocky Helmet|[of] p1a: Alomomola\n|faint|p1a: Alomomola\n|\n|upkeep\n|\n|t:|1701073266\n|switch|p1a: Banette|Banette, F|100\/100\n|turn|10\n|\n|t:|1701073275\n|switch|p2a: Rillaboom|Rillaboom, F|81\/100\n|-damage|p2a: Rillaboom|69\/100|[from] Stealth Rock\n|-fieldstart|move: Grassy Terrain|[from] ability: Grassy Surge|[of] p2a: Rillaboom\n|detailschange|p1a: Banette|Banette-Mega, F\n|-mega|p1a: Banette|Banette|Banettite\n|move|p1a: Banette|Encore||[still]\n|-fail|p1a: Banette\n|\n|-heal|p2a: Rillaboom|75\/100|[from] Grassy Terrain\n|upkeep\n|turn|11\n|\n|t:|1701073287\n|switch|p1a: \u94a2\u70e4\u9e2d|Corviknight, M, shiny|73\/100\n|move|p2a: Rillaboom|Knock Off|p1a: \u94a2\u70e4\u9e2d\n|-damage|p1a: \u94a2\u70e4\u9e2d|54\/100\n|\n|-heal|p2a: Rillaboom|81\/100|[from] Grassy Terrain\n|upkeep\n|turn|12\n|\n|t:|1701073294\n|move|p2a: Rillaboom|U-turn|p1a: \u94a2\u70e4\u9e2d\n|-resisted|p1a: \u94a2\u70e4\u9e2d\n|-damage|p1a: \u94a2\u70e4\u9e2d|49\/100\n|\n|t:|1701073298\n|switch|p2a: Zamazenta|Zamazenta, tera:Fighting|67\/100|[from] U-turn\n|-damage|p2a: Zamazenta|61\/100|[from] Stealth Rock\n|move|p1a: \u94a2\u70e4\u9e2d|Roost|p1a: \u94a2\u70e4\u9e2d\n|-heal|p1a: \u94a2\u70e4\u9e2d|99\/100\n|-singleturn|p1a: \u94a2\u70e4\u9e2d|move: Roost\n|\n|-heal|p2a: Zamazenta|67\/100|[from] Grassy Terrain\n|-heal|p1a: \u94a2\u70e4\u9e2d|100\/100|[from] Grassy Terrain\n|upkeep\n|turn|13\n|\n|t:|1701073309\n|move|p2a: Zamazenta|Crunch|p1a: \u94a2\u70e4\u9e2d\n|-damage|p1a: \u94a2\u70e4\u9e2d|69\/100\n|-ability|p1a: \u94a2\u70e4\u9e2d|Mirror Armor\n|-unboost|p2a: Zamazenta|def|1\n|move|p1a: \u94a2\u70e4\u9e2d|U-turn|p2a: Zamazenta\n|-resisted|p2a: Zamazenta\n|-damage|p2a: Zamazenta|57\/100\n|\n|t:|1701073316\n|switch|p1a: Great Tusk|Great Tusk|100\/100|[from] U-turn\n|\n|-heal|p2a: Zamazenta|63\/100|[from] Grassy Terrain\n|upkeep\n|turn|14\n|\n|t:|1701073325\n|switch|p2a: Slowbro|Slowbro-Galar, M|100\/100\n|-damage|p2a: Slowbro|88\/100|[from] Stealth Rock\n|move|p1a: Great Tusk|Rapid Spin|p2a: Slowbro\n|-damage|p2a: Slowbro|78\/100\n|-boost|p1a: Great Tusk|spe|1\n|\n|-heal|p2a: Slowbro|84\/100|[from] Grassy Terrain\n|upkeep\n|turn|15\n|\n|t:|1701073349\n|detailschange|p2a: Slowbro|Slowbro-Mega, M\n|-mega|p2a: Slowbro|Slowbro|Slowbronite\n|move|p1a: Great Tusk|Earthquake|p2a: Slowbro\n|-damage|p2a: Slowbro|72\/100\n|move|p2a: Slowbro|Iron Defense|p2a: Slowbro\n|-boost|p2a: Slowbro|def|2\n|\n|-heal|p2a: Slowbro|78\/100|[from] Grassy Terrain\n|upkeep\n|turn|16\n|inactive|zsjbluemiracle has 120 seconds left.\n|c|\u2606zsjbluemiracle|9nd\u7279\u8272\n|\n|t:|1701073381\n|-end|p1a: Great Tusk|Protosynthesis|[silent]\n|switch|p1a: Banette|Banette-Mega, F|100\/100\n|move|p2a: Slowbro|Scald|p1a: Banette\n|-damage|p1a: Banette|53\/100\n|\n|-heal|p1a: Banette|58\/100|[from] Grassy Terrain\n|-heal|p2a: Slowbro|84\/100|[from] Grassy Terrain\n|upkeep\n|turn|17\n|\n|t:|1701073390\n|move|p1a: Banette|Poltergeist|p2a: Slowbro\n|-activate|p2a: Slowbro|move: Poltergeist|Slowbronite\n|-supereffective|p2a: Slowbro\n|-damage|p2a: Slowbro|57\/100\n|move|p2a: Slowbro|Scald|p1a: Banette\n|-damage|p1a: Banette|8\/100\n|-status|p1a: Banette|brn\n|\n|-heal|p1a: Banette|14\/100 brn|[from] Grassy Terrain\n|-heal|p2a: Slowbro|63\/100|[from] Grassy Terrain\n|-damage|p1a: Banette|8\/100 brn|[from] brn\n|-fieldend|move: Grassy Terrain\n|upkeep\n|turn|18\n|inactive|zsjbluemiracle has 120 seconds left.\n|\n|t:|1701073405\n|move|p1a: Banette|Destiny Bond|p1a: Banette\n|-singlemove|p1a: Banette|Destiny Bond\n|move|p2a: Slowbro|Iron Defense|p2a: Slowbro\n|-boost|p2a: Slowbro|def|2\n|\n|-damage|p1a: Banette|2\/100 brn|[from] brn\n|upkeep\n|turn|19\n|inactive|zsjbluemiracle has 120 seconds left.\n|\n|t:|1701073417\n|move|p1a: Banette|Encore|p2a: Slowbro\n|-start|p2a: Slowbro|Encore\n|move|p2a: Slowbro|Iron Defense|p2a: Slowbro\n|-boost|p2a: Slowbro|def|2\n|\n|-damage|p1a: Banette|0 fnt|[from] brn\n|faint|p1a: Banette\n|upkeep\n|\n|t:|1701073419\n|switch|p1a: Cloyster|Cloyster, M, shiny|31\/100\n|turn|20\n|\n|t:|1701073426\n|move|p1a: Cloyster|Shell Smash|p1a: Cloyster\n|-unboost|p1a: Cloyster|def|1\n|-unboost|p1a: Cloyster|spd|1\n|-boost|p1a: Cloyster|atk|2\n|-boost|p1a: Cloyster|spa|2\n|-boost|p1a: Cloyster|spe|2\n|move|p2a: Slowbro|Iron Defense|p2a: Slowbro\n|-boost|p2a: Slowbro|def|0\n|\n|upkeep\n|turn|21\n|\n|t:|1701073434\n|move|p1a: Cloyster|Shell Smash|p1a: Cloyster\n|-unboost|p1a: Cloyster|def|1\n|-unboost|p1a: Cloyster|spd|1\n|-boost|p1a: Cloyster|atk|2\n|-boost|p1a: Cloyster|spa|2\n|-boost|p1a: Cloyster|spe|2\n|move|p2a: Slowbro|Iron Defense|p2a: Slowbro\n|-boost|p2a: Slowbro|def|0\n|\n|-end|p2a: Slowbro|Encore\n|upkeep\n|turn|22\n|c|\u2606zsjbluemiracle|gg\n|\n|t:|1701073454\n|-terastallize|p1a: Cloyster|Ground\n|move|p1a: Cloyster|Drill Run|p2a: Slowbro\n|-damage|p2a: Slowbro|53\/100\n|move|p2a: Slowbro|Body Press|p1a: Cloyster\n|-damage|p1a: Cloyster|0 fnt\n|faint|p1a: Cloyster\n|\n|upkeep\n|\n|t:|1701073462\n|switch|p1a: Great Tusk|Great Tusk|100\/100\n|turn|23\n|\n|t:|1701073465\n|-zpower|p1a: Great Tusk\n|move|p1a: Great Tusk|Continental Crush|p2a: Slowbro|[zeffect]\n|-damage|p2a: Slowbro|45\/100\n|move|p2a: Slowbro|Scald|p1a: Great Tusk\n|-supereffective|p1a: Great Tusk\n|-damage|p1a: Great Tusk|0 fnt\n|faint|p1a: Great Tusk\n|-end|p1a: Great Tusk|Protosynthesis|[silent]\n|\n|upkeep\n|\n|t:|1701073467\n|switch|p1a: \u94a2\u70e4\u9e2d|Corviknight, M, shiny|69\/100\n|turn|24\n|-message|zsjbluemiracle forfeited.\n|\n|win|bazhujiadenvfen\n|raw|zsjbluemiracle's rating: 1587 &rarr; <strong>1569<\/strong><br \/>(-18 for losing)\n|raw|bazhujiadenvfen's rating: 1627 &rarr; <strong>1645<\/strong><br \/>(+18 for winning)\n|l|\u2606zsjbluemiracle\n","uploadtime":1701073529,"views":7,"p1id":"zsjbluemiracle","p2id":"bazhujiadenvfen","formatid":"gen9nationaldex","rating":1569,"private":0,"password":""}