{"id":"gen9nationaldex-1993177855","p1":"taoke","p2":"Lu Lu Zhu","format":"[Gen 9] National Dex","log":"|j|\u2606taoke\n|j|\u2606Lu Lu Zhu\n|t:|1700274306\n|gametype|singles\n|player|p1|taoke|cyclist|1672\n|player|p2|Lu Lu Zhu|elesa|1752\n|teamsize|p1|6\n|teamsize|p2|6\n|gen|9\n|tier|[Gen 9] National Dex\n|rated|\n|rule|HP Percentage Mod: HP is shown in percentages\n|rule|Endless Battle Clause: Forcing endless battles is banned\n|rule|OHKO Clause: OHKO moves are banned\n|rule|Evasion Clause: Evasion abilities, items, and moves are banned\n|rule|Evasion Abilities Clause: Evasion abilities are banned\n|rule|Evasion Items Clause: Evasion items are banned\n|rule|Evasion Moves Clause: Evasion moves are banned\n|rule|Species Clause: Limit one of each Pok\u00e9mon\n|rule|Sleep Clause Mod: Limit one foe put to sleep\n|clearpoke\n|poke|p1|Ting-Lu|\n|poke|p1|Great Tusk|\n|poke|p1|Vaporeon, F|\n|poke|p1|Sylveon, F|\n|poke|p1|Espeon, M|\n|poke|p1|Hoopa-Unbound|\n|poke|p2|Scizor, M|\n|poke|p2|Iron Valiant|\n|poke|p2|Sneasler, F|\n|poke|p2|Ceruledge, M|\n|poke|p2|Gliscor, M|\n|poke|p2|Tapu Koko|\n|teampreview\n|inactive|Battle timer is ON: inactive players will automatically lose when time's up. (requested by Lu Lu Zhu)\n|\n|t:|1700274313\n|start\n|switch|p1a: Hoopa|Hoopa-Unbound|100\/100\n|switch|p2a: Tapu Koko|Tapu Koko|100\/100\n|-fieldstart|move: Electric Terrain|[from] ability: Electric Surge|[of] p2a: Tapu Koko\n|turn|1\n|\n|t:|1700274321\n|move|p2a: Tapu Koko|Dazzling Gleam|p1a: Hoopa\n|-supereffective|p1a: Hoopa\n|-crit|p1a: Hoopa\n|-damage|p1a: Hoopa|0 fnt\n|faint|p1a: Hoopa\n|\n|upkeep\n|\n|t:|1700274332\n|switch|p1a: Ting-Lu|Ting-Lu|100\/100\n|-ability|p1a: Ting-Lu|Vessel of Ruin\n|turn|2\n|\n|t:|1700274337\n|switch|p2a: Gliscor|Gliscor, M|100\/100\n|move|p1a: Ting-Lu|Stealth Rock|p2a: Gliscor\n|-sidestart|p2: Lu Lu Zhu|move: Stealth Rock\n|\n|-status|p2a: Gliscor|tox|[from] item: Toxic Orb\n|upkeep\n|turn|3\n|\n|t:|1700274345\n|switch|p1a: Espeon|Espeon, M|100\/100\n|move|p2a: Gliscor|Stealth Rock|p1a: Espeon\n|move|p1a: Espeon|Stealth Rock||[from]ability: Magic Bounce|[still]\n|-fail|p1a: Espeon\n|\n|upkeep\n|turn|4\n|\n|t:|1700274350\n|move|p1a: Espeon|Calm Mind|p1a: Espeon\n|-boost|p1a: Espeon|spa|1\n|-boost|p1a: Espeon|spd|1\n|move|p2a: Gliscor|Earthquake|p1a: Espeon\n|-damage|p1a: Espeon|53\/100\n|\n|-heal|p1a: Espeon|60\/100|[from] item: Leftovers\n|upkeep\n|turn|5\n|\n|t:|1700274357\n|move|p1a: Espeon|Calm Mind|p1a: Espeon\n|-boost|p1a: Espeon|spa|1\n|-boost|p1a: Espeon|spd|1\n|move|p2a: Gliscor|Earthquake|p1a: Espeon\n|-damage|p1a: Espeon|14\/100\n|\n|-heal|p1a: Espeon|20\/100|[from] item: Leftovers\n|-fieldend|move: Electric Terrain\n|upkeep\n|turn|6\n|\n|t:|1700274361\n|switch|p2a: Scizor|Scizor, M|100\/100\n|-damage|p2a: Scizor|88\/100|[from] Stealth Rock\n|move|p1a: Espeon|Morning Sun|p1a: Espeon\n|-heal|p1a: Espeon|70\/100\n|\n|-heal|p1a: Espeon|76\/100|[from] item: Leftovers\n|upkeep\n|turn|7\n|\n|t:|1700274369\n|detailschange|p2a: Scizor|Scizor-Mega, M\n|-mega|p2a: Scizor|Scizor|Scizorite\n|-terastallize|p1a: Espeon|Fire\n|move|p2a: Scizor|Bullet Punch|p1a: Espeon\n|-resisted|p1a: Espeon\n|-damage|p1a: Espeon|57\/100\n|move|p1a: Espeon|Calm Mind|p1a: Espeon\n|-boost|p1a: Espeon|spa|1\n|-boost|p1a: Espeon|spd|1\n|\n|-heal|p1a: Espeon|64\/100|[from] item: Leftovers\n|upkeep\n|turn|8\n|\n|t:|1700274381\n|switch|p2a: Tapu Koko|Tapu Koko|100\/100\n|-damage|p2a: Tapu Koko|88\/100|[from] Stealth Rock\n|-fieldstart|move: Electric Terrain|[from] ability: Electric Surge|[of] p2a: Tapu Koko\n|move|p1a: Espeon|Morning Sun|p1a: Espeon\n|-heal|p1a: Espeon|100\/100\n|\n|upkeep\n|turn|9\n|\n|t:|1700274388\n|move|p2a: Tapu Koko|Volt Switch|p1a: Espeon\n|-damage|p1a: Espeon|76\/100\n|\n|t:|1700274393\n|switch|p2a: Gliscor|Gliscor, M|100\/100 tox|[from] Volt Switch\n|-damage|p2a: Gliscor|88\/100 tox|[from] Stealth Rock\n|move|p1a: Espeon|Stored Power|p2a: Gliscor\n|-damage|p2a: Gliscor|0 fnt\n|faint|p2a: Gliscor\n|\n|-heal|p1a: Espeon|82\/100|[from] item: Leftovers\n|upkeep\n|\n|t:|1700274396\n|switch|p2a: Sneasler|Sneasler, F|100\/100\n|-damage|p2a: Sneasler|95\/100|[from] Stealth Rock\n|-enditem|p2a: Sneasler|Electric Seed\n|-boost|p2a: Sneasler|def|1|[from] item: Electric Seed\n|turn|10\n|\n|t:|1700274402\n|move|p2a: Sneasler|Close Combat|p1a: Espeon\n|-damage|p1a: Espeon|0 fnt\n|-unboost|p2a: Sneasler|def|1\n|-unboost|p2a: Sneasler|spd|1\n|faint|p1a: Espeon\n|\n|upkeep\n|\n|t:|1700274419\n|switch|p1a: Vaporeon|Vaporeon, F|100\/100\n|turn|11\n|\n|t:|1700274422\n|move|p2a: Sneasler|Swords Dance|p2a: Sneasler\n|-boost|p2a: Sneasler|atk|2\n|move|p1a: Vaporeon|Scald|p2a: Sneasler\n|-damage|p2a: Sneasler|37\/100\n|\n|upkeep\n|turn|12\n|\n|t:|1700274425\n|move|p2a: Sneasler|Close Combat|p1a: Vaporeon\n|-damage|p1a: Vaporeon|0 fnt\n|-unboost|p2a: Sneasler|def|1\n|-unboost|p2a: Sneasler|spd|1\n|faint|p1a: Vaporeon\n|\n|-fieldend|move: Electric Terrain\n|upkeep\n|\n|t:|1700274430\n|switch|p1a: Ting-Lu|Ting-Lu|100\/100\n|-ability|p1a: Ting-Lu|Vessel of Ruin\n|turn|13\n|\n|t:|1700274434\n|move|p2a: Sneasler|Close Combat|p1a: Ting-Lu\n|-supereffective|p1a: Ting-Lu\n|-crit|p1a: Ting-Lu\n|-damage|p1a: Ting-Lu|0 fnt\n|-unboost|p2a: Sneasler|def|1\n|-unboost|p2a: Sneasler|spd|1\n|faint|p1a: Ting-Lu\n|\n|upkeep\n|\n|t:|1700274437\n|switch|p1a: Sylveon|Sylveon, F|100\/100\n|turn|14\n|\n|t:|1700274440\n|move|p2a: Sneasler|Dire Claw|p1a: Sylveon\n|-supereffective|p1a: Sylveon\n|-damage|p1a: Sylveon|0 fnt\n|faint|p1a: Sylveon\n|\n|upkeep\n|\n|t:|1700274444\n|switch|p1a: Great Tusk|Great Tusk|100\/100\n|turn|15\n|\n|t:|1700274449\n|-terastallize|p2a: Sneasler|Flying\n|move|p2a: Sneasler|Acrobatics|p1a: Great Tusk\n|-supereffective|p1a: Great Tusk\n|-damage|p1a: Great Tusk|0 fnt\n|faint|p1a: Great Tusk\n|-end|p1a: Great Tusk|Protosynthesis|[silent]\n|\n|win|Lu Lu Zhu\n|raw|taoke's rating: 1672 &rarr; <strong>1657<\/strong><br \/>(-15 for losing)\n|raw|Lu Lu Zhu's rating: 1752 &rarr; <strong>1767<\/strong><br \/>(+15 for winning)\n","uploadtime":1700274454,"views":7,"p1id":"taoke","p2id":"luluzhu","formatid":"gen9nationaldex","rating":1657,"private":0,"password":""}