{"id":"gen9nationaldex-2000341353","p1":"Najirs","p2":"DracoShivam","format":"[Gen 9] National Dex","log":"|html|<div class=\"broadcast-blue\"><strong>[Gen 9] National Dex is currently suspecting Sneasler! For information on how to participate check out the <a href=\"https:\/\/www.smogon.com\/forums\/threads\/sv-national-dex-suspect-8-just-dance.3731534\/\">suspect thread<\/a>.<\/strong><\/div>\n|j|\u2606Najirs\n|j|\u2606DracoShivam\n|t:|1701186538\n|gametype|singles\n|player|p1|Najirs|grimsley-masters|\n|player|p2|DracoShivam|blue|\n|teamsize|p1|6\n|teamsize|p2|6\n|gen|9\n|tier|[Gen 9] National Dex\n|rule|HP Percentage Mod: HP is shown in percentages\n|rule|Endless Battle Clause: Forcing endless battles is banned\n|rule|OHKO Clause: OHKO moves are banned\n|rule|Evasion Clause: Evasion abilities, items, and moves are banned\n|rule|Evasion Abilities Clause: Evasion abilities are banned\n|rule|Evasion Items Clause: Evasion items are banned\n|rule|Evasion Moves Clause: Evasion moves are banned\n|rule|Species Clause: Limit one of each Pok\u00e9mon\n|rule|Sleep Clause Mod: Limit one foe put to sleep\n|clearpoke\n|poke|p1|Bronzong|\n|poke|p1|Charizard, F|\n|poke|p1|Magnezone|\n|poke|p1|Urshifu-*, M|\n|poke|p1|Dusknoir, F|\n|poke|p1|Moltres|\n|poke|p2|Thundurus-Therian, M|\n|poke|p2|Landorus-Therian, M|\n|poke|p2|Celesteela|\n|poke|p2|Aerodactyl, M|\n|poke|p2|Salamence, M|\n|poke|p2|Pelipper, F|\n|teampreview\n|inactive|Battle timer is ON: inactive players will automatically lose when time's up. (requested by DracoShivam)\n|c|\u2606Najirs|hmmmmmmm\n|c|\u2606Najirs|fuck\n|c|\u2606Najirs|aero sweep innit\n|inactive|Najirs has 270 seconds left.\n|inactive|DracoShivam has 270 seconds left.\n|\n|t:|1701186591\n|start\n|switch|p1a: Inner Peace|Urshifu-Rapid-Strike, M|100\/100\n|switch|p2a: Landorus|Landorus-Therian, M|100\/100\n|-ability|p2a: Landorus|Intimidate|boost\n|-unboost|p1a: Inner Peace|atk|1\n|turn|1\n|\n|t:|1701186600\n|switch|p2a: Pelipper|Pelipper, F|100\/100\n|-weather|RainDance|[from] ability: Drizzle|[of] p2a: Pelipper\n|move|p1a: Inner Peace|U-turn|p2a: Pelipper\n|-resisted|p2a: Pelipper\n|-damage|p2a: Pelipper|94\/100\n|\n|t:|1701186616\n|switch|p1a: >:3|Dusknoir, F|100\/100|[from] U-turn\n|-ability|p1a: >:3|Pressure\n|\n|-weather|RainDance|[upkeep]\n|upkeep\n|turn|2\n|\n|t:|1701186631\n|switch|p1a: Spin Me Round|Bronzong|100\/100\n|move|p2a: Pelipper|Scald|p1a: Spin Me Round\n|-damage|p1a: Spin Me Round|61\/100\n|\n|-weather|RainDance|[upkeep]\n|-heal|p1a: Spin Me Round|67\/100|[from] item: Leftovers\n|upkeep\n|turn|3\n|\n|t:|1701186643\n|switch|p2a: Landorus|Landorus-Therian, M|100\/100\n|-ability|p2a: Landorus|Intimidate|boost\n|-unboost|p1a: Spin Me Round|atk|1\n|move|p1a: Spin Me Round|Stealth Rock|p2a: Landorus\n|-sidestart|p2: DracoShivam|move: Stealth Rock\n|\n|-weather|RainDance|[upkeep]\n|-heal|p1a: Spin Me Round|73\/100|[from] item: Leftovers\n|upkeep\n|turn|4\n|\n|t:|1701186662\n|switch|p2a: Pelipper|Pelipper, F|94\/100\n|move|p1a: Spin Me Round|Ice Spinner|p2a: Pelipper\n|-damage|p2a: Pelipper|83\/100\n|\n|-weather|RainDance|[upkeep]\n|-heal|p1a: Spin Me Round|79\/100|[from] item: Leftovers\n|upkeep\n|turn|5\n|\n|t:|1701186670\n|move|p2a: Pelipper|Scald|p1a: Spin Me Round\n|-damage|p1a: Spin Me Round|36\/100\n|move|p1a: Spin Me Round|Rock Slide|p2a: Pelipper\n|-supereffective|p2a: Pelipper\n|-damage|p2a: Pelipper|63\/100\n|\n|-weather|none\n|-heal|p1a: Spin Me Round|42\/100|[from] item: Leftovers\n|upkeep\n|turn|6\n|\n|t:|1701186681\n|switch|p1a: Inner Peace|Urshifu-Rapid-Strike, M|100\/100\n|move|p2a: Pelipper|Defog|p1a: Inner Peace\n|-unboost|p1a: Inner Peace|evasion|1\n|-sideend|p2: DracoShivam|Stealth Rock|[from] move: Defog|[of] p2a: Pelipper\n|\n|upkeep\n|turn|7\n|\n|t:|1701186696\n|move|p1a: Inner Peace|Ice Spinner|p2a: Pelipper\n|-damage|p2a: Pelipper|42\/100\n|move|p2a: Pelipper|Roost|p2a: Pelipper\n|-heal|p2a: Pelipper|92\/100\n|-singleturn|p2a: Pelipper|move: Roost\n|\n|upkeep\n|turn|8\n|\n|t:|1701186723\n|move|p1a: Inner Peace|Ice Spinner|p2a: Pelipper\n|-damage|p2a: Pelipper|72\/100\n|move|p2a: Pelipper|Hurricane|p1a: Inner Peace\n|-supereffective|p1a: Inner Peace\n|-damage|p1a: Inner Peace|0 fnt\n|faint|p1a: Inner Peace\n|\n|upkeep\n|inactive|Najirs has 270 seconds left.\n|c|\u2606Najirs|hopeless\n|c|\u2606Najirs|pokemon sucks\n|c|\u2606Najirs|mindgames are stupid\n|c|\u2606Najirs|especially if you lose\n|c|\u2606Najirs|I hate using my brain in pokemon\n|j| Psvishal\n|inactive|Najirs has 240 seconds left.\n|c|\u2606DracoShivam|Perfect moment to join\n|\n|t:|1701186766\n|switch|p1a: UFO|Magnezone|100\/100\n|turn|9\n|c|\u2606Najirs|lmao\n|\n|t:|1701186773\n|switch|p2a: Thundurus|Thundurus-Therian, M|100\/100\n|move|p1a: UFO|Hidden Power|p2a: Thundurus\n|-supereffective|p2a: Thundurus\n|-damage|p2a: Thundurus|50\/100\n|\n|upkeep\n|turn|10\n|\n|t:|1701186782\n|-terastallize|p2a: Thundurus|Water\n|move|p2a: Thundurus|Nasty Plot|p2a: Thundurus\n|-boost|p2a: Thundurus|spa|2\n|move|p1a: UFO|Volt Switch|p2a: Thundurus\n|-heal|p2a: Thundurus|75\/100|[from] ability: Volt Absorb|[of] p1a: UFO\n|\n|upkeep\n|turn|11\n|c|\u2606Najirs|wow\n|c|\u2606Najirs|welp\n|\n|t:|1701186802\n|switch|p1a: Chardos|Moltres|100\/100\n|-ability|p1a: Chardos|Pressure\n|move|p2a: Thundurus|Focus Blast|p1a: Chardos|[miss]\n|-miss|p2a: Thundurus|p1a: Chardos\n|\n|upkeep\n|turn|12\n|\n|t:|1701186811\n|move|p2a: Thundurus|Thunderbolt|p1a: Chardos\n|-supereffective|p1a: Chardos\n|-damage|p1a: Chardos|0 fnt\n|faint|p1a: Chardos\n|\n|upkeep\n|c|\u2606Najirs|mr. \"I don't have any mons faster than 300\"\n|inactive|Najirs has 240 seconds left.\n|c|\u2606DracoShivam|Lol\n|c| Psvishal|bruder why did you throw away urshifu\n|\n|t:|1701186853\n|switch|p1a: >:3|Dusknoir, F|100\/100\n|-ability|p1a: >:3|Pressure\n|turn|13\n|c|\u2606Najirs|stupid mind games\n|\n|t:|1701186862\n|move|p2a: Thundurus|Thunderbolt|p1a: >:3\n|-crit|p1a: >:3\n|-damage|p1a: >:3|0 fnt\n|faint|p1a: >:3\n|\n|upkeep\n|c| Psvishal|oof\n|\n|t:|1701186869\n|switch|p1a: Spin Me Round|Bronzong|42\/100\n|turn|14\n|\n|t:|1701186873\n|move|p2a: Thundurus|Thunderbolt|p1a: Spin Me Round\n|-damage|p1a: Spin Me Round|0 fnt\n|faint|p1a: Spin Me Round\n|\n|upkeep\n|\n|t:|1701186878\n|switch|p1a: BlueWingsNotGreen|Charizard, F|100\/100\n|turn|15\n|c|\u2606DracoShivam|This is just sad\n|inactive|Najirs has 240 seconds left.\n|\n|t:|1701186883\n|-terastallize|p1a: BlueWingsNotGreen|Ground\n|move|p2a: Thundurus|Thunderbolt|p1a: BlueWingsNotGreen\n|-immune|p1a: BlueWingsNotGreen\n|move|p1a: BlueWingsNotGreen|Air Slash|p2a: Thundurus\n|-damage|p2a: Thundurus|26\/100\n|\n|upkeep\n|turn|16\n|c| Psvishal|yeah\n|\n|t:|1701186890\n|move|p2a: Thundurus|Psychic|p1a: BlueWingsNotGreen\n|-damage|p1a: BlueWingsNotGreen|23\/100\n|move|p1a: BlueWingsNotGreen|Air Slash|p2a: Thundurus\n|-damage|p2a: Thundurus|0 fnt\n|faint|p2a: Thundurus\n|\n|upkeep\n|c| Psvishal|two flying types and water type\n|\n|t:|1701186902\n|switch|p2a: Landorus|Landorus-Therian, M|100\/100\n|-ability|p2a: Landorus|Intimidate|boost\n|-unboost|p1a: BlueWingsNotGreen|atk|1\n|turn|17\n|c|\u2606Najirs|the one place where ground tera helps\n|\n|t:|1701186907\n|move|p1a: BlueWingsNotGreen|Ancient Power|p2a: Landorus\n|-damage|p2a: Landorus|74\/100\n|move|p2a: Landorus|Rock Polish|p2a: Landorus\n|-boost|p2a: Landorus|spe|2\n|\n|upkeep\n|turn|18\n|\n|t:|1701186914\n|move|p2a: Landorus|Earthquake|p1a: BlueWingsNotGreen\n|-damage|p1a: BlueWingsNotGreen|0 fnt\n|faint|p1a: BlueWingsNotGreen\n|\n|upkeep\n|c| Psvishal|and magnezone which is easily walled\n|\n|t:|1701186920\n|switch|p1a: UFO|Magnezone|100\/100\n|turn|19\n|\n|t:|1701186923\n|move|p2a: Landorus|Earthquake|p1a: UFO\n|-supereffective|p1a: UFO\n|-crit|p1a: UFO\n|-damage|p1a: UFO|0 fnt\n|faint|p1a: UFO\n|\n|win|DracoShivam\n|c| Psvishal|this is like the worst match up\n|c|\u2606DracoShivam|Gg\n|c|\u2606Najirs|gg\n","uploadtime":1701186933,"views":8,"p1id":"najirs","p2id":"dracoshivam","formatid":"gen9nationaldex","rating":0,"private":0,"password":""}