{"id":"gen9nationaldex-1993253622","p1":"Anwim","p2":"Binaries","format":"[Gen 9] National Dex","log":"|j|\u2606Anwim\n|j|\u2606Binaries\n|t:|1700284784\n|gametype|singles\n|player|p1|Anwim|skierf|1353\n|player|p2|Binaries|clair-gen2|1341\n|teamsize|p1|6\n|teamsize|p2|6\n|gen|9\n|tier|[Gen 9] National Dex\n|rated|\n|rule|HP Percentage Mod: HP is shown in percentages\n|rule|Endless Battle Clause: Forcing endless battles is banned\n|rule|OHKO Clause: OHKO moves are banned\n|rule|Evasion Clause: Evasion abilities, items, and moves are banned\n|rule|Evasion Abilities Clause: Evasion abilities are banned\n|rule|Evasion Items Clause: Evasion items are banned\n|rule|Evasion Moves Clause: Evasion moves are banned\n|rule|Species Clause: Limit one of each Pok\u00e9mon\n|rule|Sleep Clause Mod: Limit one foe put to sleep\n|clearpoke\n|poke|p1|Charizard, F|\n|poke|p1|Serperior, F|\n|poke|p1|Tyranitar, M|\n|poke|p1|Great Tusk|\n|poke|p1|Doublade, M|\n|poke|p1|Alomomola, F|\n|poke|p2|Diancie|\n|poke|p2|Heatran, M|\n|poke|p2|Tornadus-Therian, M|\n|poke|p2|Dragonite, M|\n|poke|p2|Ogerpon-Wellspring, F|\n|poke|p2|Great Tusk|\n|teampreview\n|c|\u2606Binaries|why doublade?\n|\n|t:|1700284804\n|start\n|switch|p1a: Great Tusk|Great Tusk|100\/100\n|switch|p2a: Ogerpon|Ogerpon-Wellspring, F|100\/100\n|turn|1\n|\n|t:|1700284823\n|-end|p1a: Great Tusk|Protosynthesis|[silent]\n|switch|p1a: Serperior|Serperior, F|100\/100\n|move|p2a: Ogerpon|Swords Dance|p2a: Ogerpon\n|-boost|p2a: Ogerpon|atk|2\n|\n|upkeep\n|turn|2\n|\n|t:|1700284833\n|move|p1a: Serperior|Glare|p2a: Ogerpon\n|-status|p2a: Ogerpon|par\n|move|p2a: Ogerpon|Superpower|p1a: Serperior\n|-damage|p1a: Serperior|0 fnt\n|-unboost|p2a: Ogerpon|atk|1\n|-unboost|p2a: Ogerpon|def|1\n|faint|p1a: Serperior\n|\n|upkeep\n|\n|t:|1700284847\n|switch|p1a: Charizard|Charizard, F|100\/100\n|turn|3\n|\n|t:|1700284854\n|detailschange|p1a: Charizard|Charizard-Mega-Y, F\n|-mega|p1a: Charizard|Charizard|Charizardite Y\n|-weather|SunnyDay|[from] ability: Drought|[of] p1a: Charizard\n|move|p1a: Charizard|Air Slash|p2a: Ogerpon\n|-supereffective|p2a: Ogerpon\n|-damage|p2a: Ogerpon|0 fnt\n|faint|p2a: Ogerpon\n|\n|-weather|SunnyDay|[upkeep]\n|upkeep\n|\n|t:|1700284861\n|switch|p2a: Diancie|Diancie|100\/100\n|turn|4\n|\n|t:|1700284868\n|detailschange|p2a: Diancie|Diancie-Mega\n|-mega|p2a: Diancie|Diancie|Diancite\n|move|p2a: Diancie|Mystical Fire|p1a: Charizard\n|-resisted|p1a: Charizard\n|-damage|p1a: Charizard|76\/100\n|-unboost|p1a: Charizard|spa|1\n|move|p1a: Charizard|Solar Beam||[still]\n|-prepare|p1a: Charizard|Solar Beam\n|-anim|p1a: Charizard|Solar Beam|p2a: Diancie\n|-supereffective|p2a: Diancie\n|-crit|p2a: Diancie\n|-damage|p2a: Diancie|0 fnt\n|faint|p2a: Diancie\n|\n|-weather|SunnyDay|[upkeep]\n|upkeep\n|\n|t:|1700284896\n|switch|p2a: Heatran|Heatran, M|100\/100\n|turn|5\n|\n|t:|1700284903\n|switch|p1a: Tyranitar|Tyranitar, M|100\/100\n|-weather|Sandstorm|[from] ability: Sand Stream|[of] p1a: Tyranitar\n|move|p2a: Heatran|Stealth Rock|p1a: Tyranitar\n|-sidestart|p1: Anwim|move: Stealth Rock\n|\n|-weather|Sandstorm|[upkeep]\n|upkeep\n|turn|6\n|\n|t:|1700284916\n|-terastallize|p2a: Heatran|Grass\n|move|p2a: Heatran|Earth Power|p1a: Tyranitar\n|-supereffective|p1a: Tyranitar\n|-enditem|p1a: Tyranitar|Shuca Berry|[eat]\n|-enditem|p1a: Tyranitar|Shuca Berry|[weaken]\n|-damage|p1a: Tyranitar|86\/100\n|move|p1a: Tyranitar|Knock Off|p2a: Heatran\n|-damage|p2a: Heatran|65\/100\n|-enditem|p2a: Heatran|Leftovers|[from] move: Knock Off|[of] p1a: Tyranitar\n|\n|-weather|Sandstorm|[upkeep]\n|-damage|p2a: Heatran|59\/100|[from] Sandstorm\n|upkeep\n|turn|7\n|\n|t:|1700284930\n|switch|p2a: Great Tusk|Great Tusk|100\/100\n|move|p1a: Tyranitar|Ice Beam|p2a: Great Tusk\n|-supereffective|p2a: Great Tusk\n|-damage|p2a: Great Tusk|13\/100\n|\n|-weather|Sandstorm|[upkeep]\n|upkeep\n|turn|8\n|\n|t:|1700284946\n|switch|p1a: Alomomola|Alomomola, F, shiny|100\/100\n|move|p2a: Great Tusk|Headlong Rush|p1a: Alomomola\n|-damage|p1a: Alomomola|66\/100\n|-unboost|p2a: Great Tusk|def|1\n|-unboost|p2a: Great Tusk|spd|1\n|\n|-weather|Sandstorm|[upkeep]\n|-damage|p1a: Alomomola|59\/100|[from] Sandstorm\n|upkeep\n|turn|9\n|\n|t:|1700284955\n|-end|p2a: Great Tusk|Protosynthesis|[silent]\n|switch|p2a: Heatran|Heatran, M, tera:Grass|59\/100\n|move|p1a: Alomomola|Flip Turn|p2a: Heatran\n|-resisted|p2a: Heatran\n|-damage|p2a: Heatran|52\/100\n|\n|t:|1700284966\n|switch|p1a: Tyranitar|Tyranitar, M|86\/100|[from] Flip Turn\n|-damage|p1a: Tyranitar|74\/100|[from] Stealth Rock\n|\n|-weather|none\n|upkeep\n|turn|10\n|\n|t:|1700284976\n|move|p2a: Heatran|Earth Power|p1a: Tyranitar\n|-supereffective|p1a: Tyranitar\n|-damage|p1a: Tyranitar|30\/100\n|move|p1a: Tyranitar|Ice Beam|p2a: Heatran\n|-supereffective|p2a: Heatran\n|-damage|p2a: Heatran|13\/100\n|\n|upkeep\n|turn|11\n|\n|t:|1700284984\n|switch|p1a: Alomomola|Alomomola, F, shiny|93\/100\n|move|p2a: Heatran|Earth Power|p1a: Alomomola\n|-damage|p1a: Alomomola|62\/100\n|\n|upkeep\n|turn|12\n|\n|t:|1700284992\n|move|p2a: Heatran|Taunt|p1a: Alomomola\n|-start|p1a: Alomomola|move: Taunt\n|cant|p1a: Alomomola|move: Taunt|Wish\n|\n|upkeep\n|turn|13\n|\n|t:|1700285002\n|move|p2a: Heatran|Earth Power|p1a: Alomomola\n|-crit|p1a: Alomomola\n|-damage|p1a: Alomomola|15\/100\n|move|p1a: Alomomola|Flip Turn|p2a: Heatran\n|-resisted|p2a: Heatran\n|-damage|p2a: Heatran|7\/100\n|\n|t:|1700285009\n|switch|p1a: Great Tusk|Great Tusk|100\/100|[from] Flip Turn\n|-damage|p1a: Great Tusk|98\/100|[from] Stealth Rock\n|\n|upkeep\n|turn|14\n|\n|t:|1700285020\n|move|p1a: Great Tusk|Close Combat|p2a: Heatran\n|-damage|p2a: Heatran|0 fnt\n|-unboost|p1a: Great Tusk|def|1\n|-unboost|p1a: Great Tusk|spd|1\n|faint|p2a: Heatran\n|\n|upkeep\n|\n|t:|1700285023\n|switch|p2a: Tornadus|Tornadus-Therian, M|100\/100\n|turn|15\n|\n|t:|1700285033\n|-end|p1a: Great Tusk|Protosynthesis|[silent]\n|switch|p1a: Doublade|Doublade, M|100\/100\n|-damage|p1a: Doublade|94\/100|[from] Stealth Rock\n|move|p2a: Tornadus|Hurricane|p1a: Doublade\n|-resisted|p1a: Doublade\n|-damage|p1a: Doublade|67\/100\n|\n|upkeep\n|turn|16\n|\n|t:|1700285043\n|move|p2a: Tornadus|Knock Off|p1a: Doublade\n|-supereffective|p1a: Doublade\n|-crit|p1a: Doublade\n|-damage|p1a: Doublade|40\/100\n|-enditem|p1a: Doublade|Eviolite|[from] move: Knock Off|[of] p2a: Tornadus\n|move|p1a: Doublade|Gyro Ball|p2a: Tornadus\n|-damage|p2a: Tornadus|33\/100\n|\n|upkeep\n|turn|17\n|inactive|Battle timer is ON: inactive players will automatically lose when time's up. (requested by Binaries)\n|\n|t:|1700285053\n|move|p1a: Doublade|Shadow Sneak|p2a: Tornadus\n|-damage|p2a: Tornadus|10\/100\n|move|p2a: Tornadus|U-turn|p1a: Doublade\n|-resisted|p1a: Doublade\n|-damage|p1a: Doublade|37\/100\n|\n|t:|1700285057\n|switch|p2a: Great Tusk|Great Tusk|13\/100|[from] U-turn\n|\n|upkeep\n|turn|18\n|\n|t:|1700285064\n|move|p1a: Doublade|Shadow Sneak|p2a: Great Tusk\n|-damage|p2a: Great Tusk|0 fnt\n|faint|p2a: Great Tusk\n|-end|p2a: Great Tusk|Protosynthesis|[silent]\n|\n|upkeep\n|\n|t:|1700285066\n|switch|p2a: Dragonite|Dragonite, M|100\/100\n|turn|19\n|\n|t:|1700285070\n|move|p1a: Doublade|Shadow Sneak|p2a: Dragonite\n|-damage|p2a: Dragonite|90\/100\n|move|p2a: Dragonite|Dragon Dance|p2a: Dragonite\n|-boost|p2a: Dragonite|atk|1\n|-boost|p2a: Dragonite|spe|1\n|\n|upkeep\n|turn|20\n|\n|t:|1700285076\n|move|p2a: Dragonite|Dragon Dance|p2a: Dragonite\n|-boost|p2a: Dragonite|atk|1\n|-boost|p2a: Dragonite|spe|1\n|move|p1a: Doublade|Gyro Ball|p2a: Dragonite\n|-damage|p2a: Dragonite|14\/100\n|\n|upkeep\n|turn|21\n|\n|t:|1700285082\n|move|p1a: Doublade|Shadow Sneak|p2a: Dragonite\n|-damage|p2a: Dragonite|0 fnt\n|faint|p2a: Dragonite\n|\n|upkeep\n|-message|Binaries forfeited.\n|\n|win|Anwim\n|raw|Anwim's rating: 1353 &rarr; <strong>1372<\/strong><br \/>(+19 for winning)\n|raw|Binaries's rating: 1341 &rarr; <strong>1322<\/strong><br \/>(-19 for losing)\n|l|\u2606Binaries\n","uploadtime":1700285090,"views":19,"p1id":"anwim","p2id":"binaries","formatid":"gen9nationaldex","rating":1322,"private":0,"password":""}