{"id":"gen9nationaldex-1990220190","p1":"GAGA233","p2":"guardian_xd","format":"[Gen 9] National Dex","log":"|j|\u2606GAGA233\n|j|\u2606guardian_xd\n|t:|1699939385\n|gametype|singles\n|player|p1|GAGA233|red|1532\n|player|p2|guardian_xd|2|1560\n|teamsize|p1|6\n|teamsize|p2|6\n|gen|9\n|tier|[Gen 9] National Dex\n|rated|\n|rule|HP Percentage Mod: HP is shown in percentages\n|rule|Endless Battle Clause: Forcing endless battles is banned\n|rule|OHKO Clause: OHKO moves are banned\n|rule|Evasion Clause: Evasion abilities, items, and moves are banned\n|rule|Evasion Abilities Clause: Evasion abilities are banned\n|rule|Evasion Items Clause: Evasion items are banned\n|rule|Evasion Moves Clause: Evasion moves are banned\n|rule|Species Clause: Limit one of each Pok\u00e9mon\n|rule|Sleep Clause Mod: Limit one foe put to sleep\n|clearpoke\n|poke|p1|Okidogi, M|\n|poke|p1|Corviknight, M|\n|poke|p1|Clodsire, M|\n|poke|p1|Tyranitar, F|\n|poke|p1|Alomomola, M|\n|poke|p1|Banette, F|\n|poke|p2|Banette, F|\n|poke|p2|Slowking-Galar, M|\n|poke|p2|Corviknight, F|\n|poke|p2|Gliscor, M|\n|poke|p2|Hydreigon, M|\n|poke|p2|Tapu Koko|\n|teampreview\n|inactive|Battle timer is ON: inactive players will automatically lose when time's up. (requested by guardian_xd)\n|\n|t:|1699939394\n|start\n|switch|p1a: Clodsire|Clodsire, M|100\/100\n|switch|p2a: Tapu Koko|Tapu Koko|100\/100\n|-fieldstart|move: Electric Terrain|[from] ability: Electric Surge|[of] p2a: Tapu Koko\n|turn|1\n|\n|t:|1699939398\n|switch|p2a: Gliscor|Gliscor, M|100\/100\n|move|p1a: Clodsire|Stealth Rock|p2a: Gliscor\n|-sidestart|p2: guardian_xd|move: Stealth Rock\n|\n|-status|p2a: Gliscor|tox|[from] item: Toxic Orb\n|upkeep\n|turn|2\n|\n|t:|1699939403\n|switch|p1a: Corviknight|Corviknight, M|100\/100\n|-ability|p1a: Corviknight|Pressure\n|move|p2a: Gliscor|Earthquake|p1a: Corviknight\n|-immune|p1a: Corviknight\n|\n|upkeep\n|turn|3\n|\n|t:|1699939408\n|move|p2a: Gliscor|Protect|p2a: Gliscor\n|-singleturn|p2a: Gliscor|Protect\n|move|p1a: Corviknight|U-turn|p2a: Gliscor\n|-activate|p2a: Gliscor|move: Protect\n|\n|upkeep\n|turn|4\n|\n|t:|1699939420\n|switch|p2a: Slowking|Slowking-Galar, M|100\/100\n|-damage|p2a: Slowking|88\/100|[from] Stealth Rock\n|move|p1a: Corviknight|U-turn|p2a: Slowking\n|-damage|p2a: Slowking|73\/100\n|\n|t:|1699939430\n|switch|p1a: Banette|Banette, F|100\/100|[from] U-turn\n|\n|-heal|p2a: Slowking|79\/100|[from] item: Leftovers\n|upkeep\n|turn|5\n|\n|t:|1699939442\n|-activate|p2a: Slowking|move: Pursuit\n|detailschange|p1a: Banette|Banette-Mega, F\n|-mega|p1a: Banette|Banette|Banettite\n|move|p1a: Banette|Pursuit|p2a: Slowking|[from]Pursuit\n|-supereffective|p2a: Slowking\n|-damage|p2a: Slowking|0 fnt\n|faint|p2a: Slowking\n|-hint|A Pokemon can't switch between when it runs out of HP and when it faints\n|\n|-fieldend|move: Electric Terrain\n|upkeep\n|\n|t:|1699939452\n|switch|p2a: Hydreigon|Hydreigon, M|100\/100\n|-damage|p2a: Hydreigon|88\/100|[from] Stealth Rock\n|turn|6\n|\n|t:|1699939474\n|switch|p1a: Tyranitar|Tyranitar, F|100\/100\n|-weather|Sandstorm|[from] ability: Sand Stream|[of] p1a: Tyranitar\n|move|p2a: Hydreigon|Dark Pulse|p1a: Tyranitar\n|-resisted|p1a: Tyranitar\n|-damage|p1a: Tyranitar|89\/100\n|\n|-weather|Sandstorm|[upkeep]\n|-damage|p2a: Hydreigon|82\/100|[from] Sandstorm\n|-heal|p1a: Tyranitar|96\/100|[from] item: Leftovers\n|upkeep\n|turn|7\n|\n|t:|1699939492\n|switch|p2a: Gliscor|Gliscor, M|100\/100 tox\n|-damage|p2a: Gliscor|88\/100 tox|[from] Stealth Rock\n|move|p1a: Tyranitar|Flamethrower|p2a: Gliscor\n|-damage|p2a: Gliscor|53\/100 tox\n|\n|-weather|Sandstorm|[upkeep]\n|-heal|p1a: Tyranitar|100\/100|[from] item: Leftovers\n|-heal|p2a: Gliscor|66\/100 tox|[from] ability: Poison Heal\n|upkeep\n|turn|8\n|\n|t:|1699939498\n|move|p2a: Gliscor|Toxic|p1a: Tyranitar\n|-status|p1a: Tyranitar|tox\n|move|p1a: Tyranitar|Ice Beam|p2a: Gliscor\n|-supereffective|p2a: Gliscor\n|-damage|p2a: Gliscor|0 fnt\n|faint|p2a: Gliscor\n|\n|-weather|Sandstorm|[upkeep]\n|-damage|p1a: Tyranitar|94\/100 tox|[from] psn\n|upkeep\n|-message|guardian_xd forfeited.\n|\n|win|GAGA233\n|raw|GAGA233's rating: 1532 &rarr; <strong>1554<\/strong><br \/>(+22 for winning)\n|raw|guardian_xd's rating: 1560 &rarr; <strong>1538<\/strong><br \/>(-22 for losing)\n|l|\u2606guardian_xd\n","uploadtime":1699939513,"views":5,"p1id":"gaga233","p2id":"guardianxd","formatid":"gen9nationaldex","rating":1538,"private":0,"password":""}