{"id":"gen9nationaldex-1996044754","p1":"Followers of Roxy","p2":"dadi02","format":"[Gen 9] National Dex","log":"|html|<div class=\"broadcast-blue\"><strong>[Gen 9] National Dex is currently suspecting Sneasler! For information on how to participate check out the <a href=\"https:\/\/www.smogon.com\/forums\/threads\/sv-national-dex-suspect-8-just-dance.3731534\/\">suspect thread<\/a>.<\/strong><\/div>\n|j|\u2606Followers of Roxy\n|j|\u2606dadi02\n|t:|1700634555\n|gametype|singles\n|player|p1|Followers of Roxy|riley|1441\n|player|p2|dadi02|guitarist|1559\n|teamsize|p1|6\n|teamsize|p2|6\n|gen|9\n|tier|[Gen 9] National Dex\n|rated|\n|rule|HP Percentage Mod: HP is shown in percentages\n|rule|Endless Battle Clause: Forcing endless battles is banned\n|rule|OHKO Clause: OHKO moves are banned\n|rule|Evasion Clause: Evasion abilities, items, and moves are banned\n|rule|Evasion Abilities Clause: Evasion abilities are banned\n|rule|Evasion Items Clause: Evasion items are banned\n|rule|Evasion Moves Clause: Evasion moves are banned\n|rule|Species Clause: Limit one of each Pok\u00e9mon\n|rule|Sleep Clause Mod: Limit one foe put to sleep\n|clearpoke\n|poke|p1|Tyranitar, M|\n|poke|p1|Corviknight, F|\n|poke|p1|Toxapex, M|\n|poke|p1|Urshifu-*, M|\n|poke|p1|Clefable, F|\n|poke|p1|Blaziken, M|\n|poke|p2|Yanmega, F|\n|poke|p2|Centiskorch, M|\n|poke|p2|Durant, M|\n|poke|p2|Ribombee, F|\n|poke|p2|Buzzwole|\n|poke|p2|Pinsir, M|\n|teampreview\n|inactive|Battle timer is ON: inactive players will automatically lose when time's up. (requested by dadi02)\n|\n|t:|1700634574\n|start\n|switch|p1a: Toxapex|Toxapex, M|100\/100\n|switch|p2a: \u6b7b\u4e5f\u8981\u628a\u866b\u7f51\u6492\u51fa\u6765|Ribombee, F, shiny|100\/100\n|turn|1\n|\n|t:|1700634584\n|move|p2a: \u6b7b\u4e5f\u8981\u628a\u866b\u7f51\u6492\u51fa\u6765|Stun Spore|p1a: Toxapex\n|-status|p1a: Toxapex|par\n|move|p1a: Toxapex|Toxic Spikes|p2a: \u6b7b\u4e5f\u8981\u628a\u866b\u7f51\u6492\u51fa\u6765\n|-sidestart|p2: dadi02|move: Toxic Spikes\n|\n|upkeep\n|turn|2\n|\n|t:|1700634589\n|move|p2a: \u6b7b\u4e5f\u8981\u628a\u866b\u7f51\u6492\u51fa\u6765|Defog|p1a: Toxapex\n|-unboost|p1a: Toxapex|evasion|1\n|-sideend|p2: dadi02|Toxic Spikes|[from] move: Defog|[of] p2a: \u6b7b\u4e5f\u8981\u628a\u866b\u7f51\u6492\u51fa\u6765\n|cant|p1a: Toxapex|par\n|\n|upkeep\n|turn|3\n|\n|t:|1700634595\n|move|p2a: \u6b7b\u4e5f\u8981\u628a\u866b\u7f51\u6492\u51fa\u6765|Moonblast|p1a: Toxapex\n|-resisted|p1a: Toxapex\n|-damage|p1a: Toxapex|87\/100 par\n|cant|p1a: Toxapex|par\n|\n|upkeep\n|turn|4\n|\n|t:|1700634601\n|move|p2a: \u6b7b\u4e5f\u8981\u628a\u866b\u7f51\u6492\u51fa\u6765|Sticky Web|p1a: Toxapex\n|-sidestart|p1: Followers of Roxy|move: Sticky Web\n|move|p1a: Toxapex|Scald|p2a: \u6b7b\u4e5f\u8981\u628a\u866b\u7f51\u6492\u51fa\u6765\n|-damage|p2a: \u6b7b\u4e5f\u8981\u628a\u866b\u7f51\u6492\u51fa\u6765|73\/100\n|\n|upkeep\n|turn|5\n|\n|t:|1700634618\n|switch|p2a: \u5927\u7532\uff0c\u542f\u52a8!|Pinsir, M, shiny|100\/100\n|move|p1a: Toxapex|Scald|p2a: \u5927\u7532\uff0c\u542f\u52a8!\n|-damage|p2a: \u5927\u7532\uff0c\u542f\u52a8!|74\/100\n|\n|upkeep\n|turn|6\n|\n|t:|1700634625\n|switch|p1a: Corviknight|Corviknight, F, shiny|100\/100\n|detailschange|p2a: \u5927\u7532\uff0c\u542f\u52a8!|Pinsir-Mega, M, shiny\n|-mega|p2a: \u5927\u7532\uff0c\u542f\u52a8!|Pinsir|Pinsirite\n|move|p2a: \u5927\u7532\uff0c\u542f\u52a8!|Swords Dance|p2a: \u5927\u7532\uff0c\u542f\u52a8!\n|-boost|p2a: \u5927\u7532\uff0c\u542f\u52a8!|atk|2\n|\n|upkeep\n|turn|7\n|inactive|dadi02 has 120 seconds left.\n|\n|t:|1700634656\n|move|p2a: \u5927\u7532\uff0c\u542f\u52a8!|Frustration|p1a: Corviknight\n|-resisted|p1a: Corviknight\n|-damage|p1a: Corviknight|49\/100\n|-damage|p2a: \u5927\u7532\uff0c\u542f\u52a8!|57\/100|[from] item: Rocky Helmet|[of] p1a: Corviknight\n|move|p1a: Corviknight|Brave Bird|p2a: \u5927\u7532\uff0c\u542f\u52a8!\n|-supereffective|p2a: \u5927\u7532\uff0c\u542f\u52a8!\n|-damage|p2a: \u5927\u7532\uff0c\u542f\u52a8!|0 fnt\n|faint|p2a: \u5927\u7532\uff0c\u542f\u52a8!\n|-damage|p1a: Corviknight|35\/100|[from] Recoil\n|\n|upkeep\n|inactive|dadi02 has 120 seconds left.\n|\n|t:|1700634678\n|switch|p2a: \u5403\u6211\u949b\u6676\u866b\u866b\u9e23!|Yanmega, F, shiny|100\/100\n|turn|8\n|\n|t:|1700634692\n|switch|p1a: Toxapex|Toxapex, M|100\/100 par\n|-activate|p1a: Toxapex|move: Sticky Web\n|-unboost|p1a: Toxapex|spe|1\n|move|p2a: \u5403\u6211\u949b\u6676\u866b\u866b\u9e23!|Bug Buzz|p1a: Toxapex\n|-resisted|p1a: Toxapex\n|-damage|p1a: Toxapex|54\/100 par\n|\n|upkeep\n|turn|9\n|\n|t:|1700634702\n|move|p2a: \u5403\u6211\u949b\u6676\u866b\u866b\u9e23!|Bug Buzz|p1a: Toxapex\n|-resisted|p1a: Toxapex\n|-damage|p1a: Toxapex|7\/100 par\n|move|p1a: Toxapex|Toxic Spikes|p2a: \u5403\u6211\u949b\u6676\u866b\u866b\u9e23!\n|-sidestart|p2: dadi02|move: Toxic Spikes\n|\n|upkeep\n|turn|10\n|\n|t:|1700634716\n|switch|p1a: Clefable|Clefable, F|100\/100\n|-activate|p1a: Clefable|move: Sticky Web\n|-unboost|p1a: Clefable|spe|1\n|move|p2a: \u5403\u6211\u949b\u6676\u866b\u866b\u9e23!|Bug Buzz|p1a: Clefable\n|-resisted|p1a: Clefable\n|-damage|p1a: Clefable|36\/100\n|\n|-heal|p1a: Clefable|42\/100|[from] item: Leftovers\n|upkeep\n|turn|11\n|inactive|dadi02 has 120 seconds left.\n|\n|t:|1700634724\n|move|p2a: \u5403\u6211\u949b\u6676\u866b\u866b\u9e23!|Bug Buzz|p1a: Clefable\n|-resisted|p1a: Clefable\n|-damage|p1a: Clefable|0 fnt\n|faint|p1a: Clefable\n|\n|upkeep\n|\n|t:|1700634730\n|switch|p1a: Tyranitar|Tyranitar, M|100\/100\n|-activate|p1a: Tyranitar|move: Sticky Web\n|-unboost|p1a: Tyranitar|spe|1\n|-weather|Sandstorm|[from] ability: Sand Stream|[of] p1a: Tyranitar\n|turn|12\n|\n|t:|1700634736\n|detailschange|p1a: Tyranitar|Tyranitar-Mega, M\n|-mega|p1a: Tyranitar|Tyranitar|Tyranitarite\n|-terastallize|p2a: \u5403\u6211\u949b\u6676\u866b\u866b\u9e23!|Ground\n|move|p2a: \u5403\u6211\u949b\u6676\u866b\u866b\u9e23!|Bug Buzz|p1a: Tyranitar\n|-supereffective|p1a: Tyranitar\n|-crit|p1a: Tyranitar\n|-damage|p1a: Tyranitar|0 fnt\n|faint|p1a: Tyranitar\n|\n|-weather|Sandstorm|[upkeep]\n|upkeep\n|\n|t:|1700634761\n|switch|p1a: Blaziken|Blaziken, M|100\/100\n|-activate|p1a: Blaziken|move: Sticky Web\n|-unboost|p1a: Blaziken|spe|1\n|turn|13\n|\n|t:|1700634766\n|move|p2a: \u5403\u6211\u949b\u6676\u866b\u866b\u9e23!|Bug Buzz|p1a: Blaziken\n|-resisted|p1a: Blaziken\n|-damage|p1a: Blaziken|56\/100\n|move|p1a: Blaziken|Flare Blitz|p2a: \u5403\u6211\u949b\u6676\u866b\u866b\u9e23!\n|-damage|p2a: \u5403\u6211\u949b\u6676\u866b\u866b\u9e23!|32\/100\n|-damage|p1a: Blaziken|35\/100|[from] Recoil\n|\n|-weather|Sandstorm|[upkeep]\n|-damage|p1a: Blaziken|29\/100|[from] Sandstorm\n|-heal|p1a: Blaziken|35\/100|[from] item: Leftovers\n|-ability|p1a: Blaziken|Speed Boost|boost\n|-boost|p1a: Blaziken|spe|1\n|upkeep\n|turn|14\n|\n|t:|1700634778\n|move|p2a: \u5403\u6211\u949b\u6676\u866b\u866b\u9e23!|Bug Buzz|p1a: Blaziken\n|-resisted|p1a: Blaziken\n|-damage|p1a: Blaziken|0 fnt\n|faint|p1a: Blaziken\n|\n|-weather|Sandstorm|[upkeep]\n|upkeep\n|\n|t:|1700634789\n|switch|p1a: Corviknight|Corviknight, F, shiny|35\/100\n|turn|15\n|\n|t:|1700634792\n|move|p2a: \u5403\u6211\u949b\u6676\u866b\u866b\u9e23!|Bug Buzz|p1a: Corviknight\n|-resisted|p1a: Corviknight\n|-damage|p1a: Corviknight|5\/100\n|move|p1a: Corviknight|Roost|p1a: Corviknight\n|-heal|p1a: Corviknight|55\/100\n|-singleturn|p1a: Corviknight|move: Roost\n|\n|-weather|Sandstorm|[upkeep]\n|upkeep\n|turn|16\n|\n|t:|1700634811\n|switch|p2a: \u868a\u7237\u7237|Buzzwole, shiny|100\/100\n|-status|p2a: \u868a\u7237\u7237|psn\n|move|p1a: Corviknight|Roost|p1a: Corviknight\n|-heal|p1a: Corviknight|100\/100\n|-singleturn|p1a: Corviknight|move: Roost\n|\n|-weather|none\n|-damage|p2a: \u868a\u7237\u7237|88\/100 psn|[from] psn\n|upkeep\n|turn|17\n|\n|t:|1700634822\n|move|p2a: \u868a\u7237\u7237|Bulk Up|p2a: \u868a\u7237\u7237\n|-boost|p2a: \u868a\u7237\u7237|atk|1\n|-boost|p2a: \u868a\u7237\u7237|def|1\n|move|p1a: Corviknight|Brave Bird|p2a: \u868a\u7237\u7237\n|-supereffective|p2a: \u868a\u7237\u7237\n|-damage|p2a: \u868a\u7237\u7237|27\/100 psn\n|-damage|p1a: Corviknight|84\/100|[from] item: Rocky Helmet|[of] p2a: \u868a\u7237\u7237\n|-damage|p1a: Corviknight|62\/100|[from] Recoil\n|\n|-damage|p2a: \u868a\u7237\u7237|14\/100 psn|[from] psn\n|upkeep\n|turn|18\n|\n|t:|1700634839\n|switch|p1a: Toxapex|Toxapex, M|40\/100 par\n|-activate|p1a: Toxapex|move: Sticky Web\n|-unboost|p1a: Toxapex|spe|1\n|move|p2a: \u868a\u7237\u7237|Thunder Punch|p1a: Toxapex\n|-supereffective|p1a: Toxapex\n|-damage|p1a: Toxapex|0 fnt\n|-damage|p2a: \u868a\u7237\u7237|0 fnt|[from] item: Rocky Helmet|[of] p1a: Toxapex\n|faint|p1a: Toxapex\n|faint|p2a: \u868a\u7237\u7237\n|\n|upkeep\n|\n|t:|1700634856\n|switch|p2a: \u6b7b\u4e5f\u8981\u628a\u866b\u7f51\u6492\u51fa\u6765|Ribombee, F, shiny|73\/100\n|switch|p1a: Corviknight|Corviknight, F, shiny|62\/100\n|-status|p2a: \u6b7b\u4e5f\u8981\u628a\u866b\u7f51\u6492\u51fa\u6765|psn\n|turn|19\n|\n|t:|1700634866\n|move|p2a: \u6b7b\u4e5f\u8981\u628a\u866b\u7f51\u6492\u51fa\u6765|Stun Spore|p1a: Corviknight\n|-status|p1a: Corviknight|par\n|move|p1a: Corviknight|Defog|p2a: \u6b7b\u4e5f\u8981\u628a\u866b\u7f51\u6492\u51fa\u6765\n|-unboost|p2a: \u6b7b\u4e5f\u8981\u628a\u866b\u7f51\u6492\u51fa\u6765|evasion|1\n|-sideend|p2: dadi02|Toxic Spikes|[from] move: Defog|[of] p1a: Corviknight\n|-sideend|p1: Followers of Roxy|Sticky Web|[from] move: Defog|[of] p1a: Corviknight\n|\n|-damage|p2a: \u6b7b\u4e5f\u8981\u628a\u866b\u7f51\u6492\u51fa\u6765|60\/100 psn|[from] psn\n|upkeep\n|turn|20\n|\n|t:|1700634875\n|move|p2a: \u6b7b\u4e5f\u8981\u628a\u866b\u7f51\u6492\u51fa\u6765|Sticky Web|p1a: Corviknight\n|-sidestart|p1: Followers of Roxy|move: Sticky Web\n|move|p1a: Corviknight|Brave Bird|p2a: \u6b7b\u4e5f\u8981\u628a\u866b\u7f51\u6492\u51fa\u6765\n|-supereffective|p2a: \u6b7b\u4e5f\u8981\u628a\u866b\u7f51\u6492\u51fa\u6765\n|-damage|p2a: \u6b7b\u4e5f\u8981\u628a\u866b\u7f51\u6492\u51fa\u6765|0 fnt\n|faint|p2a: \u6b7b\u4e5f\u8981\u628a\u866b\u7f51\u6492\u51fa\u6765\n|-damage|p1a: Corviknight|48\/100 par|[from] Recoil\n|\n|upkeep\n|\n|t:|1700634886\n|switch|p2a: \u6597z\u89e3\u51b3\u4e00\u5207\u706b\u94a2|Durant, M, shiny|100\/100\n|turn|21\n|\n|t:|1700634891\n|move|p2a: \u6597z\u89e3\u51b3\u4e00\u5207\u706b\u94a2|Hone Claws|p2a: \u6597z\u89e3\u51b3\u4e00\u5207\u706b\u94a2\n|-boost|p2a: \u6597z\u89e3\u51b3\u4e00\u5207\u706b\u94a2|atk|1\n|-boost|p2a: \u6597z\u89e3\u51b3\u4e00\u5207\u706b\u94a2|accuracy|1\n|move|p1a: Corviknight|Defog|p2a: \u6597z\u89e3\u51b3\u4e00\u5207\u706b\u94a2\n|-unboost|p2a: \u6597z\u89e3\u51b3\u4e00\u5207\u706b\u94a2|evasion|1\n|-sideend|p1: Followers of Roxy|Sticky Web|[from] move: Defog|[of] p1a: Corviknight\n|\n|upkeep\n|turn|22\n|\n|t:|1700634906\n|-zpower|p2a: \u6597z\u89e3\u51b3\u4e00\u5207\u706b\u94a2\n|move|p2a: \u6597z\u89e3\u51b3\u4e00\u5207\u706b\u94a2|Continental Crush|p1a: Corviknight|[zeffect]\n|-damage|p1a: Corviknight|0 fnt\n|faint|p1a: Corviknight\n|\n|upkeep\n|\n|t:|1700634913\n|switch|p1a: Urshifu|Urshifu-Rapid-Strike, M|100\/100\n|turn|23\n|\n|t:|1700634927\n|-terastallize|p1a: Urshifu|Water\n|move|p1a: Urshifu|Surging Strikes|p2a: \u6597z\u89e3\u51b3\u4e00\u5207\u706b\u94a2\n|-crit|p2a: \u6597z\u89e3\u51b3\u4e00\u5207\u706b\u94a2\n|-damage|p2a: \u6597z\u89e3\u51b3\u4e00\u5207\u706b\u94a2|68\/100\n|-crit|p2a: \u6597z\u89e3\u51b3\u4e00\u5207\u706b\u94a2\n|-damage|p2a: \u6597z\u89e3\u51b3\u4e00\u5207\u706b\u94a2|34\/100\n|-crit|p2a: \u6597z\u89e3\u51b3\u4e00\u5207\u706b\u94a2\n|-damage|p2a: \u6597z\u89e3\u51b3\u4e00\u5207\u706b\u94a2|1\/100\n|-hitcount|p2a: \u6597z\u89e3\u51b3\u4e00\u5207\u706b\u94a2|3\n|move|p2a: \u6597z\u89e3\u51b3\u4e00\u5207\u706b\u94a2|Iron Head|p1a: Urshifu\n|-resisted|p1a: Urshifu\n|-damage|p1a: Urshifu|56\/100\n|\n|upkeep\n|turn|24\n|\n|t:|1700634943\n|move|p1a: Urshifu|Surging Strikes|p2a: \u6597z\u89e3\u51b3\u4e00\u5207\u706b\u94a2\n|-crit|p2a: \u6597z\u89e3\u51b3\u4e00\u5207\u706b\u94a2\n|-damage|p2a: \u6597z\u89e3\u51b3\u4e00\u5207\u706b\u94a2|0 fnt\n|faint|p2a: \u6597z\u89e3\u51b3\u4e00\u5207\u706b\u94a2\n|-hitcount|p2: \u6597z\u89e3\u51b3\u4e00\u5207\u706b\u94a2|1\n|\n|upkeep\n|\n|t:|1700634948\n|switch|p2a: \u5403\u6211\u949b\u6676\u866b\u866b\u9e23!|Yanmega, F, shiny, tera:Ground|32\/100\n|turn|25\n|\n|t:|1700634951\n|move|p1a: Urshifu|Surging Strikes|p2a: \u5403\u6211\u949b\u6676\u866b\u866b\u9e23!\n|-supereffective|p2a: \u5403\u6211\u949b\u6676\u866b\u866b\u9e23!\n|-crit|p2a: \u5403\u6211\u949b\u6676\u866b\u866b\u9e23!\n|-damage|p2a: \u5403\u6211\u949b\u6676\u866b\u866b\u9e23!|0 fnt\n|faint|p2a: \u5403\u6211\u949b\u6676\u866b\u866b\u9e23!\n|-hitcount|p2: \u5403\u6211\u949b\u6676\u866b\u866b\u9e23!|1\n|\n|upkeep\n|\n|t:|1700634956\n|switch|p2a: \u5c31\u4f60\u53eb\u706b\u795e\u866b\u554a|Centiskorch, M, shiny|100\/100\n|turn|26\n|\n|t:|1700634963\n|move|p1a: Urshifu|Surging Strikes|p2a: \u5c31\u4f60\u53eb\u706b\u795e\u866b\u554a\n|-supereffective|p2a: \u5c31\u4f60\u53eb\u706b\u795e\u866b\u554a\n|-crit|p2a: \u5c31\u4f60\u53eb\u706b\u795e\u866b\u554a\n|-damage|p2a: \u5c31\u4f60\u53eb\u706b\u795e\u866b\u554a|32\/100\n|-supereffective|p2a: \u5c31\u4f60\u53eb\u706b\u795e\u866b\u554a\n|-crit|p2a: \u5c31\u4f60\u53eb\u706b\u795e\u866b\u554a\n|-damage|p2a: \u5c31\u4f60\u53eb\u706b\u795e\u866b\u554a|0 fnt\n|faint|p2a: \u5c31\u4f60\u53eb\u706b\u795e\u866b\u554a\n|-hitcount|p2: \u5c31\u4f60\u53eb\u706b\u795e\u866b\u554a|2\n|\n|win|Followers of Roxy\n|raw|Followers of Roxy's rating: 1441 &rarr; <strong>1468<\/strong><br \/>(+27 for winning)\n|raw|dadi02's rating: 1559 &rarr; <strong>1532<\/strong><br \/>(-27 for losing)\n|l|\u2606dadi02\n|l|\u2606Followers of Roxy\n|j|\u2606Followers of Roxy\n|player|p1|Followers of Roxy|riley\n|l|\u2606Followers of Roxy\n|player|p1|\n|j|\u2606Followers of Roxy\n|player|p1|Followers of Roxy|riley\n","uploadtime":1700635366,"views":6,"p1id":"followersofroxy","p2id":"dadi02","formatid":"gen9nationaldex","rating":1468,"private":0,"password":""}