{"id":"gen9nationaldex-1988919068","p1":"lolowtf09","p2":"Bill-iever2","format":"[Gen 9] National Dex","log":"|j|\u2606lolowtf09\n|j|\u2606Bill-iever2\n|t:|1699787739\n|gametype|singles\n|player|p1|lolowtf09|burgh|1098\n|player|p2|Bill-iever2|linebacker|1114\n|teamsize|p1|6\n|teamsize|p2|6\n|gen|9\n|tier|[Gen 9] National Dex\n|rated|\n|rule|HP Percentage Mod: HP is shown in percentages\n|rule|Endless Battle Clause: Forcing endless battles is banned\n|rule|OHKO Clause: OHKO moves are banned\n|rule|Evasion Clause: Evasion abilities, items, and moves are banned\n|rule|Evasion Abilities Clause: Evasion abilities are banned\n|rule|Evasion Items Clause: Evasion items are banned\n|rule|Evasion Moves Clause: Evasion moves are banned\n|rule|Species Clause: Limit one of each Pok\u00e9mon\n|rule|Sleep Clause Mod: Limit one foe put to sleep\n|clearpoke\n|poke|p1|Dipplin, M|\n|poke|p1|Forretress, M|\n|poke|p1|Pinsir, F|\n|poke|p1|Heracross, M|\n|poke|p1|Rabsca, M|\n|poke|p1|Galvantula, F|\n|poke|p2|Perrserker, F|\n|poke|p2|Araquanid, F|\n|poke|p2|Silvally-*|\n|poke|p2|Maushold-Four|\n|poke|p2|Charizard, F|\n|poke|p2|Tapu Koko|\n|teampreview\n|inactive|Battle timer is ON: inactive players will automatically lose when time's up. (requested by Bill-iever2)\n|\n|t:|1699787746\n|start\n|switch|p1a: ManoloPajitas|Forretress, M|100\/100\n|switch|p2a: Charizard|Charizard, F, shiny|100\/100\n|turn|1\n|\n|t:|1699787751\n|detailschange|p2a: Charizard|Charizard-Mega-Y, F, shiny\n|-mega|p2a: Charizard|Charizard|Charizardite Y\n|-weather|SunnyDay|[from] ability: Drought|[of] p2a: Charizard\n|move|p2a: Charizard|Flamethrower|p1a: ManoloPajitas\n|-supereffective|p1a: ManoloPajitas\n|-ability|p1a: ManoloPajitas|Sturdy\n|-damage|p1a: ManoloPajitas|1\/100\n|move|p1a: ManoloPajitas|Stealth Rock|p2a: Charizard\n|-sidestart|p2: Bill-iever2|move: Stealth Rock\n|\n|-weather|SunnyDay|[upkeep]\n|upkeep\n|turn|2\n|\n|t:|1699787762\n|move|p2a: Charizard|Flamethrower|p1a: ManoloPajitas\n|-supereffective|p1a: ManoloPajitas\n|-damage|p1a: ManoloPajitas|0 fnt\n|faint|p1a: ManoloPajitas\n|\n|-weather|SunnyDay|[upkeep]\n|upkeep\n|\n|t:|1699787768\n|switch|p1a: Galvantula|Galvantula, F|100\/100\n|turn|3\n|c|\u2606Bill-iever2|If it was anyone else it would've been a burn\n|\n|t:|1699787777\n|move|p1a: Galvantula|Thunder|p2a: Charizard\n|-supereffective|p2a: Charizard\n|-damage|p2a: Charizard|0 fnt\n|faint|p2a: Charizard\n|\n|-weather|SunnyDay|[upkeep]\n|upkeep\n|\n|t:|1699787781\n|switch|p2a: Tapu Koko|Tapu Koko, shiny|100\/100\n|-damage|p2a: Tapu Koko|88\/100|[from] Stealth Rock\n|-fieldstart|move: Electric Terrain|[from] ability: Electric Surge|[of] p2a: Tapu Koko\n|turn|4\n|\n|t:|1699787792\n|move|p1a: Galvantula|Thunder|p2a: Tapu Koko\n|-resisted|p2a: Tapu Koko\n|-damage|p2a: Tapu Koko|38\/100\n|-zpower|p2a: Tapu Koko\n|move|p2a: Tapu Koko|Guardian of Alola|p1a: Galvantula|[zeffect]\n|-damage|p1a: Galvantula|26\/100\n|\n|-weather|SunnyDay|[upkeep]\n|upkeep\n|turn|5\n|\n|t:|1699787803\n|move|p1a: Galvantula|Thunder|p2a: Tapu Koko\n|-resisted|p2a: Tapu Koko\n|-damage|p2a: Tapu Koko|0 fnt\n|faint|p2a: Tapu Koko\n|\n|-weather|none\n|upkeep\n|\n|t:|1699787808\n|switch|p2a: Silvally|Silvally, shiny|100\/100\n|-damage|p2a: Silvally|88\/100|[from] Stealth Rock\n|turn|6\n|\n|t:|1699787819\n|move|p1a: Galvantula|Thunder|p2a: Silvally\n|-damage|p2a: Silvally|19\/100\n|move|p2a: Silvally|Psychic Fangs|p1a: Galvantula\n|-damage|p1a: Galvantula|0 fnt\n|faint|p1a: Galvantula\n|\n|upkeep\n|c|\u2606Bill-iever2|OW\n|\n|t:|1699787829\n|switch|p1a: Manzaneta|Dipplin, M, shiny|100\/100\n|turn|7\n|\n|t:|1699787852\n|switch|p2a: Maushold|Maushold-Four, shiny|100\/100\n|-damage|p2a: Maushold|88\/100|[from] Stealth Rock\n|move|p1a: Manzaneta|Giga Drain|p2a: Maushold\n|-damage|p2a: Maushold|48\/100\n|\n|upkeep\n|turn|8\n|\n|t:|1699787864\n|move|p2a: Maushold|Tidy Up|p2a: Maushold\n|-sideend|p2: Bill-iever2|Stealth Rock\n|-activate|p2a: Maushold|move: Tidy Up\n|-boost|p2a: Maushold|atk|1\n|-boost|p2a: Maushold|spe|1\n|move|p1a: Manzaneta|Giga Drain|p2a: Maushold\n|-damage|p2a: Maushold|11\/100\n|\n|-fieldend|move: Electric Terrain\n|upkeep\n|turn|9\n|\n|t:|1699787873\n|move|p2a: Maushold|Population Bomb|p1a: Manzaneta\n|-damage|p1a: Manzaneta|93\/100\n|-damage|p1a: Manzaneta|86\/100\n|-damage|p1a: Manzaneta|78\/100\n|-damage|p1a: Manzaneta|71\/100\n|-damage|p1a: Manzaneta|64\/100\n|-damage|p1a: Manzaneta|56\/100\n|-damage|p1a: Manzaneta|49\/100\n|-damage|p1a: Manzaneta|41\/100\n|-damage|p1a: Manzaneta|34\/100\n|-damage|p1a: Manzaneta|26\/100\n|-hitcount|p1a: Manzaneta|10\n|move|p1a: Manzaneta|Giga Drain|p2a: Maushold\n|-damage|p2a: Maushold|0 fnt\n|-heal|p1a: Manzaneta|30\/100|[from] drain|[of] p2a: Maushold\n|faint|p2a: Maushold\n|\n|upkeep\n|\n|t:|1699787892\n|switch|p2a: Araquanid|Araquanid, F, shiny|100\/100\n|turn|10\n|\n|t:|1699787899\n|move|p2a: Araquanid|Poison Jab|p1a: Manzaneta\n|-supereffective|p1a: Manzaneta\n|-damage|p1a: Manzaneta|8\/100\n|-status|p1a: Manzaneta|psn\n|-damage|p2a: Araquanid|90\/100|[from] item: Life Orb\n|move|p1a: Manzaneta|Recover|p1a: Manzaneta\n|-heal|p1a: Manzaneta|58\/100 psn\n|\n|-damage|p1a: Manzaneta|45\/100 psn|[from] psn\n|upkeep\n|turn|11\n|\n|t:|1699787910\n|move|p2a: Araquanid|Sticky Web|p1a: Manzaneta\n|-sidestart|p1: lolowtf09|move: Sticky Web\n|move|p1a: Manzaneta|Giga Drain|p2a: Araquanid\n|-damage|p2a: Araquanid|72\/100\n|-heal|p1a: Manzaneta|53\/100 psn|[from] drain|[of] p2a: Araquanid\n|\n|-damage|p1a: Manzaneta|41\/100 psn|[from] psn\n|upkeep\n|turn|12\n|\n|t:|1699787914\n|move|p2a: Araquanid|Poison Jab|p1a: Manzaneta\n|-supereffective|p1a: Manzaneta\n|-damage|p1a: Manzaneta|18\/100 psn\n|-damage|p2a: Araquanid|62\/100|[from] item: Life Orb\n|move|p1a: Manzaneta|Recover|p1a: Manzaneta\n|-heal|p1a: Manzaneta|68\/100 psn\n|\n|-damage|p1a: Manzaneta|56\/100 psn|[from] psn\n|upkeep\n|turn|13\n|\n|t:|1699787925\n|move|p2a: Araquanid|Poison Jab|p1a: Manzaneta\n|-supereffective|p1a: Manzaneta\n|-damage|p1a: Manzaneta|34\/100 psn\n|-damage|p2a: Araquanid|52\/100|[from] item: Life Orb\n|move|p1a: Manzaneta|Giga Drain|p2a: Araquanid\n|-damage|p2a: Araquanid|32\/100\n|-heal|p1a: Manzaneta|43\/100 psn|[from] drain|[of] p2a: Araquanid\n|\n|-damage|p1a: Manzaneta|30\/100 psn|[from] psn\n|upkeep\n|turn|14\n|\n|t:|1699787933\n|switch|p2a: Silvally|Silvally, shiny|19\/100\n|move|p1a: Manzaneta|Recover|p1a: Manzaneta\n|-heal|p1a: Manzaneta|80\/100 psn\n|\n|-damage|p1a: Manzaneta|68\/100 psn|[from] psn\n|upkeep\n|turn|15\n|\n|t:|1699787944\n|-terastallize|p2a: Silvally|Normal\n|move|p2a: Silvally|Explosion|p1a: Manzaneta\n|-damage|p1a: Manzaneta|5\/100 psn\n|faint|p2a: Silvally\n|move|p1a: Manzaneta|Giga Drain|p2: Silvally|[notarget]\n|-fail|p1a: Manzaneta\n|\n|-damage|p1a: Manzaneta|0 fnt|[from] psn\n|faint|p1a: Manzaneta\n|upkeep\n|\n|t:|1699787960\n|switch|p2a: Perrserker|Perrserker, F, shiny|100\/100\n|switch|p1a: \u00d1ami|Pinsir, F|100\/100\n|-activate|p1a: \u00d1ami|move: Sticky Web\n|-unboost|p1a: \u00d1ami|spe|1\n|turn|16\n|\n|t:|1699787971\n|detailschange|p1a: \u00d1ami|Pinsir-Mega, F\n|-mega|p1a: \u00d1ami|Pinsir|Pinsirite\n|move|p1a: \u00d1ami|Earthquake|p2a: Perrserker\n|-supereffective|p2a: Perrserker\n|-damage|p2a: Perrserker|25\/100\n|move|p2a: Perrserker|Iron Head|p1a: \u00d1ami\n|-damage|p1a: \u00d1ami|7\/100\n|\n|upkeep\n|turn|17\n|\n|t:|1699787979\n|switch|p2a: Araquanid|Araquanid, F, shiny|32\/100\n|move|p1a: \u00d1ami|Earthquake|p2a: Araquanid\n|-resisted|p2a: Araquanid\n|-damage|p2a: Araquanid|10\/100\n|\n|upkeep\n|turn|18\n|\n|t:|1699787985\n|move|p1a: \u00d1ami|Quick Attack|p2a: Araquanid\n|-supereffective|p2a: Araquanid\n|-damage|p2a: Araquanid|0 fnt\n|faint|p2a: Araquanid\n|\n|upkeep\n|\n|t:|1699787987\n|switch|p2a: Perrserker|Perrserker, F, shiny|25\/100\n|turn|19\n|\n|t:|1699787998\n|move|p2a: Perrserker|Fake Out|p1a: \u00d1ami\n|-damage|p1a: \u00d1ami|0 fnt\n|faint|p1a: \u00d1ami\n|\n|upkeep\n|\n|t:|1699788000\n|switch|p1a: CHUPA BULBAS|Heracross, M|100\/100\n|-activate|p1a: CHUPA BULBAS|move: Sticky Web\n|-unboost|p1a: CHUPA BULBAS|spe|1\n|turn|20\n|c|\u2606Bill-iever2|Not even bug monotype\n|c|\u2606lolowtf09|dipplin the best bug\n|inactive|Bill-iever2 has 120 seconds left.\n|c|\u2606Bill-iever2|Tf is bulb sucker\n|\n|t:|1699788043\n|move|p2a: Perrserker|Fake Out||[still]\n|-hint|Fake Out only works on your first turn out.\n|-fail|p2a: Perrserker\n|move|p1a: CHUPA BULBAS|Close Combat|p2a: Perrserker\n|-supereffective|p2a: Perrserker\n|-damage|p2a: Perrserker|0 fnt\n|-unboost|p1a: CHUPA BULBAS|def|1\n|-unboost|p1a: CHUPA BULBAS|spd|1\n|faint|p2a: Perrserker\n|\n|win|lolowtf09\n|raw|lolowtf09's rating: 1098 &rarr; <strong>1124<\/strong><br \/>(+26 for winning)\n|raw|Bill-iever2's rating: 1114 &rarr; <strong>1088<\/strong><br \/>(-26 for losing)\n|c|\u2606lolowtf09|jeje\n|c|\u2606Bill-iever2|Llll\n|c|\u2606lolowtf09|chistes que no entenderias\n|c|\u2606lolowtf09|heracross suck bulbasaurs\n|c|\u2606Bill-iever2|Creo que lo entender\u00eda, hermano peque\u00f1o.\n|c|\u2606Bill-iever2|Respeta a tus mayores querida\n|c|\u2606lolowtf09|ay no mi tiline\n|c|\u2606lolowtf09|no estes de igualada\n|c|\u2606lolowtf09|querida\n|c|\u2606lolowtf09|animo a ese traductor de google\n|l|\u2606Bill-iever2\n|c|\u2606lolowtf09|como me encanta hacerme pasar por toxico\n","uploadtime":1699788084,"views":4,"p1id":"lolowtf09","p2id":"billiever2","formatid":"gen9nationaldex","rating":1088,"private":0,"password":""}