{"id":"gen9nationaldex-1996636304","p1":"Stealth 25","p2":"lemmybro87","format":"[Gen 9] National Dex","log":"|html|<div class=\"broadcast-blue\"><strong>[Gen 9] National Dex is currently suspecting Sneasler! For information on how to participate check out the <a href=\"https:\/\/www.smogon.com\/forums\/threads\/sv-national-dex-suspect-8-just-dance.3731534\/\">suspect thread<\/a>.<\/strong><\/div>\n|j|\u2606Stealth 25\n|j|\u2606lemmybro87\n|t:|1700703470\n|gametype|singles\n|player|p1|Stealth 25|hilbert|\n|player|p2|lemmybro87|liza|\n|teamsize|p1|6\n|teamsize|p2|6\n|gen|9\n|tier|[Gen 9] National Dex\n|rule|HP Percentage Mod: HP is shown in percentages\n|rule|Endless Battle Clause: Forcing endless battles is banned\n|rule|OHKO Clause: OHKO moves are banned\n|rule|Evasion Clause: Evasion abilities, items, and moves are banned\n|rule|Evasion Abilities Clause: Evasion abilities are banned\n|rule|Evasion Items Clause: Evasion items are banned\n|rule|Evasion Moves Clause: Evasion moves are banned\n|rule|Species Clause: Limit one of each Pok\u00e9mon\n|rule|Sleep Clause Mod: Limit one foe put to sleep\n|clearpoke\n|poke|p1|Greninja-*, M|\n|poke|p1|Shuckle, M|\n|poke|p1|Charizard, M|\n|poke|p1|Tapu Koko|\n|poke|p1|Iron Valiant|\n|poke|p1|Sceptile, M|\n|poke|p2|Feraligatr, M|\n|poke|p2|Victini|\n|poke|p2|Tapu Lele|\n|poke|p2|Excadrill, M|\n|poke|p2|Tsareena, F|\n|poke|p2|Venusaur, M|\n|teampreview\n|\n|t:|1700703487\n|start\n|switch|p1a: Hot Koko|Tapu Koko, shiny|100\/100\n|switch|p2a: Excadrill|Excadrill, M, shiny|100\/100\n|-fieldstart|move: Electric Terrain|[from] ability: Electric Surge|[of] p1a: Hot Koko\n|-ability|p2a: Excadrill|Mold Breaker\n|turn|1\n|\n|t:|1700703492\n|move|p1a: Hot Koko|Taunt|p2a: Excadrill\n|-start|p2a: Excadrill|move: Taunt\n|move|p2a: Excadrill|Earthquake|p1a: Hot Koko\n|-supereffective|p1a: Hot Koko\n|-damage|p1a: Hot Koko|0 fnt\n|faint|p1a: Hot Koko\n|\n|upkeep\n|\n|t:|1700703498\n|switch|p1a: Jungle Claw|Sceptile, M, shiny|100\/100\n|-enditem|p1a: Jungle Claw|Electric Seed\n|-boost|p1a: Jungle Claw|def|1|[from] item: Electric Seed\n|turn|2\n|\n|t:|1700703502\n|move|p1a: Jungle Claw|Swords Dance|p1a: Jungle Claw\n|-boost|p1a: Jungle Claw|atk|2\n|move|p2a: Excadrill|Brick Break|p1a: Jungle Claw\n|-damage|p1a: Jungle Claw|67\/100\n|\n|upkeep\n|turn|3\n|\n|t:|1700703506\n|move|p1a: Jungle Claw|Leaf Blade|p2a: Excadrill\n|-enditem|p2a: Excadrill|Focus Sash\n|-damage|p2a: Excadrill|1\/100\n|move|p2a: Excadrill|Brick Break|p1a: Jungle Claw\n|-damage|p1a: Jungle Claw|38\/100\n|\n|-end|p2a: Excadrill|move: Taunt\n|upkeep\n|turn|4\n|\n|t:|1700703510\n|move|p1a: Jungle Claw|Leaf Blade|p2a: Excadrill\n|-damage|p2a: Excadrill|0 fnt\n|faint|p2a: Excadrill\n|\n|upkeep\n|\n|t:|1700703513\n|switch|p2a: Victory|Victini|100\/100\n|turn|5\n|\n|t:|1700703517\n|move|p1a: Jungle Claw|Acrobatics|p2a: Victory\n|-damage|p2a: Victory|36\/100\n|move|p2a: Victory|Flame Charge|p1a: Jungle Claw\n|-supereffective|p1a: Jungle Claw\n|-damage|p1a: Jungle Claw|0 fnt\n|-boost|p2a: Victory|spe|1\n|faint|p1a: Jungle Claw\n|\n|upkeep\n|\n|t:|1700703523\n|switch|p1a: Spartan|Iron Valiant, shiny|100\/100\n|-activate|p1a: Spartan|ability: Quark Drive\n|-start|p1a: Spartan|quarkdrivespe\n|turn|6\n|\n|t:|1700703528\n|move|p1a: Spartan|Encore|p2a: Victory\n|-start|p2a: Victory|Encore\n|move|p2a: Victory|Flame Charge|p1a: Spartan\n|-damage|p1a: Spartan|70\/100\n|-boost|p2a: Victory|spe|1\n|\n|upkeep\n|turn|7\n|\n|t:|1700703533\n|-terastallize|p1a: Spartan|Water\n|move|p2a: Victory|Flame Charge|p1a: Spartan\n|-resisted|p1a: Spartan\n|-damage|p1a: Spartan|54\/100\n|-boost|p2a: Victory|spe|1\n|move|p1a: Spartan|Swords Dance|p1a: Spartan\n|-boost|p1a: Spartan|atk|2\n|\n|upkeep\n|turn|8\n|\n|t:|1700703539\n|move|p2a: Victory|Flame Charge|p1a: Spartan\n|-resisted|p1a: Spartan\n|-damage|p1a: Spartan|39\/100\n|-boost|p2a: Victory|spe|1\n|move|p1a: Spartan|Liquidation|p2a: Victory\n|-supereffective|p2a: Victory\n|-damage|p2a: Victory|0 fnt\n|faint|p2a: Victory\n|\n|-fieldend|move: Electric Terrain\n|-end|p1a: Spartan|Quark Drive\n|upkeep\n|-enditem|p1a: Spartan|Booster Energy\n|-activate|p1a: Spartan|ability: Quark Drive|[fromitem]\n|-start|p1a: Spartan|quarkdriveatk\n|\n|t:|1700703546\n|switch|p2a: Saber|Feraligatr, M|100\/100\n|turn|9\n|\n|t:|1700703550\n|move|p1a: Spartan|Close Combat|p2a: Saber\n|-damage|p2a: Saber|0 fnt\n|-unboost|p1a: Spartan|def|1\n|-unboost|p1a: Spartan|spd|1\n|faint|p2a: Saber\n|\n|upkeep\n|\n|t:|1700703553\n|switch|p2a: Tapu Lele|Tapu Lele|100\/100\n|-fieldstart|move: Psychic Terrain|[from] ability: Psychic Surge|[of] p2a: Tapu Lele\n|turn|10\n|\n|t:|1700703558\n|move|p2a: Tapu Lele|Psychic|p1a: Spartan\n|-damage|p1a: Spartan|0 fnt\n|faint|p1a: Spartan\n|-end|p1a: Spartan|Quark Drive|[silent]\n|\n|upkeep\n|\n|t:|1700703563\n|switch|p1a: Shuckster|Shuckle, M, shiny|100\/100\n|turn|11\n|\n|t:|1700703572\n|move|p2a: Tapu Lele|Psychic|p1a: Shuckster\n|-damage|p1a: Shuckster|67\/100\n|move|p1a: Shuckster|Sticky Web|p2a: Tapu Lele\n|-sidestart|p2: lemmybro87|move: Sticky Web\n|\n|upkeep\n|turn|12\n|\n|t:|1700703576\n|move|p2a: Tapu Lele|Psychic|p1a: Shuckster\n|-damage|p1a: Shuckster|35\/100\n|-enditem|p1a: Shuckster|Aguav Berry|[eat]\n|-heal|p1a: Shuckster|69\/100|[from] item: Aguav Berry\n|move|p1a: Shuckster|Stealth Rock|p2a: Tapu Lele\n|-sidestart|p2: lemmybro87|move: Stealth Rock\n|\n|upkeep\n|turn|13\n|\n|t:|1700703598\n|move|p2a: Tapu Lele|Psychic|p1a: Shuckster\n|-damage|p1a: Shuckster|38\/100\n|move|p1a: Shuckster|Encore|p2a: Tapu Lele\n|-start|p2a: Tapu Lele|Encore\n|\n|upkeep\n|turn|14\n|\n|t:|1700703603\n|switch|p1a: Stealth|Greninja, M|100\/100\n|move|p2a: Tapu Lele|Psychic|p1a: Stealth\n|-immune|p1a: Stealth\n|\n|-fieldend|move: Psychic Terrain\n|upkeep\n|turn|15\n|\n|t:|1700703608\n|switch|p2a: Venusaur|Venusaur, M|100\/100\n|-activate|p2a: Venusaur|move: Sticky Web\n|-unboost|p2a: Venusaur|spe|1\n|-damage|p2a: Venusaur|88\/100|[from] Stealth Rock\n|move|p1a: Stealth|Ice Beam|p2a: Venusaur\n|-supereffective|p2a: Venusaur\n|-damage|p2a: Venusaur|28\/100\n|\n|upkeep\n|turn|16\n|\n|t:|1700703612\n|move|p1a: Stealth|Ice Beam|p2a: Venusaur\n|-supereffective|p2a: Venusaur\n|-damage|p2a: Venusaur|0 fnt\n|faint|p2a: Venusaur\n|-ability|p1a: Stealth|Battle Bond|boost\n|-boost|p1a: Stealth|atk|1\n|-boost|p1a: Stealth|spa|1\n|-boost|p1a: Stealth|spe|1\n|-activate|p1a: Stealth|ability: Battle Bond\n|\n|upkeep\n|\n|t:|1700703614\n|switch|p2a: Tsareena|Tsareena, F, shiny|100\/100\n|-activate|p2a: Tsareena|move: Sticky Web\n|-unboost|p2a: Tsareena|spe|1\n|-damage|p2a: Tsareena|88\/100|[from] Stealth Rock\n|turn|17\n|\n|t:|1700703622\n|-terastallize|p2a: Tsareena|Fire\n|move|p1a: Stealth|Ice Beam|p2a: Tsareena\n|-resisted|p2a: Tsareena\n|-damage|p2a: Tsareena|64\/100\n|move|p2a: Tsareena|Trailblaze|p1a: Stealth\n|-supereffective|p1a: Stealth\n|-damage|p1a: Stealth|18\/100\n|-boost|p2a: Tsareena|spe|1\n|\n|upkeep\n|turn|18\n|\n|t:|1700703626\n|move|p1a: Stealth|Surf|p2a: Tsareena\n|-supereffective|p2a: Tsareena\n|-damage|p2a: Tsareena|0 fnt\n|faint|p2a: Tsareena\n|\n|upkeep\n|\n|t:|1700703629\n|switch|p2a: Tapu Lele|Tapu Lele|100\/100\n|-activate|p2a: Tapu Lele|move: Sticky Web\n|-unboost|p2a: Tapu Lele|spe|1\n|-damage|p2a: Tapu Lele|88\/100|[from] Stealth Rock\n|-fieldstart|move: Psychic Terrain|[from] ability: Psychic Surge|[of] p2a: Tapu Lele\n|turn|19\n|\n|t:|1700703632\n|move|p1a: Stealth|Surf|p2a: Tapu Lele\n|-damage|p2a: Tapu Lele|20\/100\n|move|p2a: Tapu Lele|Psychic|p1a: Stealth\n|-immune|p1a: Stealth\n|\n|upkeep\n|turn|20\n|\n|t:|1700703652\n|move|p1a: Stealth|Tera Blast|p2a: Tapu Lele\n|-damage|p2a: Tapu Lele|0 fnt\n|faint|p2a: Tapu Lele\n|\n|win|Stealth 25\n|l|\u2606lemmybro87\n","uploadtime":1700703725,"views":2,"p1id":"stealth25","p2id":"lemmybro87","formatid":"gen9nationaldex","rating":0,"private":0,"password":""}