{"id":"gen9nationaldex-1992528525","p1":"MickLizard","p2":"Chrispr","format":"[Gen 9] National Dex","log":"|j|\u2606MickLizard\n|j|\u2606Chrispr\n|t:|1700200102\n|gametype|singles\n|player|p1|MickLizard|red|1166\n|player|p2|Chrispr|drayden|1192\n|teamsize|p1|6\n|teamsize|p2|6\n|gen|9\n|tier|[Gen 9] National Dex\n|rated|\n|rule|HP Percentage Mod: HP is shown in percentages\n|rule|Endless Battle Clause: Forcing endless battles is banned\n|rule|OHKO Clause: OHKO moves are banned\n|rule|Evasion Clause: Evasion abilities, items, and moves are banned\n|rule|Evasion Abilities Clause: Evasion abilities are banned\n|rule|Evasion Items Clause: Evasion items are banned\n|rule|Evasion Moves Clause: Evasion moves are banned\n|rule|Species Clause: Limit one of each Pok\u00e9mon\n|rule|Sleep Clause Mod: Limit one foe put to sleep\n|clearpoke\n|poke|p1|Glimmora, M|\n|poke|p1|Starmie|\n|poke|p1|Steelix, M|\n|poke|p1|Breloom, M|\n|poke|p1|Pelipper, F|\n|poke|p1|Typhlosion-Hisui, M|\n|poke|p2|Umbreon, F|\n|poke|p2|Dusknoir, M|\n|poke|p2|Bellibolt, F|\n|poke|p2|Trevenant, M|\n|poke|p2|Cryogonal|\n|poke|p2|Toxapex, M|\n|teampreview\n|inactive|Battle timer is ON: inactive players will automatically lose when time's up. (requested by Chrispr)\n|\n|t:|1700200120\n|start\n|switch|p1a: Glimmora|Glimmora, M|100\/100\n|switch|p2a: Toxapex|Toxapex, M|100\/100\n|-item|p1a: Glimmora|Air Balloon\n|turn|1\n|\n|t:|1700200128\n|move|p1a: Glimmora|Stealth Rock|p2a: Toxapex\n|-sidestart|p2: Chrispr|move: Stealth Rock\n|move|p2a: Toxapex|Scald|p1a: Glimmora\n|-supereffective|p1a: Glimmora\n|-damage|p1a: Glimmora|63\/100\n|-status|p1a: Glimmora|brn\n|-enditem|p1a: Glimmora|Air Balloon\n|\n|-damage|p1a: Glimmora|57\/100 brn|[from] brn\n|upkeep\n|turn|2\n|\n|t:|1700200136\n|move|p1a: Glimmora|Mortal Spin|p2a: Toxapex\n|-resisted|p2a: Toxapex\n|-damage|p2a: Toxapex|99\/100\n|-damage|p1a: Glimmora|40\/100 brn|[from] item: Rocky Helmet|[of] p2a: Toxapex\n|move|p2a: Toxapex|Scald|p1a: Glimmora\n|-supereffective|p1a: Glimmora\n|-damage|p1a: Glimmora|0 fnt\n|faint|p1a: Glimmora\n|\n|upkeep\n|\n|t:|1700200149\n|switch|p1a: Steelix|Steelix, M, shiny|100\/100\n|turn|3\n|\n|t:|1700200166\n|detailschange|p1a: Steelix|Steelix-Mega, M, shiny\n|-mega|p1a: Steelix|Steelix|Steelixite\n|move|p2a: Toxapex|Scald|p1a: Steelix\n|-supereffective|p1a: Steelix\n|-damage|p1a: Steelix|59\/100\n|move|p1a: Steelix|Drill Run|p2a: Toxapex\n|-supereffective|p2a: Toxapex\n|-damage|p2a: Toxapex|44\/100\n|-damage|p1a: Steelix|42\/100|[from] item: Rocky Helmet|[of] p2a: Toxapex\n|\n|upkeep\n|turn|4\n|\n|t:|1700200179\n|move|p2a: Toxapex|Scald|p1a: Steelix\n|-supereffective|p1a: Steelix\n|-damage|p1a: Steelix|0 fnt\n|faint|p1a: Steelix\n|\n|upkeep\n|\n|t:|1700200185\n|switch|p1a: Starmie|Starmie|100\/100\n|turn|5\n|\n|t:|1700200205\n|switch|p2a: Umbreon|Umbreon, F|100\/100\n|-damage|p2a: Umbreon|88\/100|[from] Stealth Rock\n|move|p1a: Starmie|Psychic|p2a: Umbreon\n|-immune|p2a: Umbreon\n|\n|-heal|p2a: Umbreon|94\/100|[from] item: Leftovers\n|upkeep\n|turn|6\n|j| ChrisprIhateyou\n|inactive|Chrispr has 120 seconds left.\n|c| ChrisprIhateyou|Tera Rock Crygonal btw\n|inactive|Chrispr has 90 seconds left.\n|\n|t:|1700200258\n|switch|p1a: Breloom|Breloom, M, shiny|100\/100\n|move|p2a: Umbreon|Curse|p2a: Umbreon\n|-unboost|p2a: Umbreon|spe|1\n|-boost|p2a: Umbreon|atk|1\n|-boost|p2a: Umbreon|def|1\n|\n|-heal|p2a: Umbreon|99\/100|[from] item: Leftovers\n|upkeep\n|turn|7\n|\n|t:|1700200271\n|move|p1a: Breloom|Mach Punch|p2a: Umbreon\n|-supereffective|p2a: Umbreon\n|-damage|p2a: Umbreon|62\/100\n|move|p2a: Umbreon|Crunch|p1a: Breloom\n|-resisted|p1a: Breloom\n|-damage|p1a: Breloom|76\/100\n|\n|-heal|p2a: Umbreon|68\/100|[from] item: Leftovers\n|upkeep\n|turn|8\n|\n|t:|1700200281\n|switch|p2a: Dusknoir|Dusknoir, M|100\/100\n|-damage|p2a: Dusknoir|88\/100|[from] Stealth Rock\n|-item|p1a: Breloom|Choice Scarf|[from] ability: Frisk|[of] p2a: Dusknoir|[identify]\n|move|p1a: Breloom|Mach Punch|p2a: Dusknoir\n|-immune|p2a: Dusknoir\n|\n|upkeep\n|turn|9\n|c| ChrisprIhateyou|Dusknoir seems to have Choice Band. Belibolt is physically defensive with Slack Off, Parabolic Charge, Charge and Chilling water\n|\n|t:|1700200294\n|switch|p1a: Pelipper|Pelipper, F|100\/100\n|-weather|RainDance|[from] ability: Drizzle|[of] p1a: Pelipper\n|move|p2a: Dusknoir|Poltergeist|p1a: Pelipper|[miss]\n|-miss|p2a: Dusknoir|p1a: Pelipper\n|\n|-weather|RainDance|[upkeep]\n|upkeep\n|turn|10\n|c| ChrisprIhateyou|Pex is Pex\n|inactive|Chrispr has 90 seconds left.\n|c| ChrisprIhateyou|And Trev has Equake\n|\n|t:|1700200333\n|move|p1a: Pelipper|Hurricane|p2a: Dusknoir\n|-damage|p2a: Dusknoir|39\/100\n|move|p2a: Dusknoir|Poltergeist|p1a: Pelipper\n|-activate|p1a: Pelipper|move: Poltergeist|Heavy-Duty Boots\n|-damage|p1a: Pelipper|25\/100\n|\n|-weather|RainDance|[upkeep]\n|upkeep\n|turn|11\n|inactive|Chrispr has 90 seconds left.\n|c| ChrisprIhateyou|Dusknoir also has Shadow Sneak Band\n|\n|t:|1700200345\n|move|p1a: Pelipper|Weather Ball|p2a: Dusknoir\n|-damage|p2a: Dusknoir|0 fnt\n|faint|p2a: Dusknoir\n|\n|-weather|RainDance|[upkeep]\n|upkeep\n|inactive|Chrispr has 90 seconds left.\n|\n|t:|1700200355\n|switch|p2a: Cryogonal|Cryogonal|100\/100\n|-damage|p2a: Cryogonal|76\/100|[from] Stealth Rock\n|turn|12\n|c| ChrisprIhateyou|Might Tera Rock\n|\n|t:|1700200363\n|move|p2a: Cryogonal|Freeze-Dry|p1a: Pelipper\n|-supereffective|p1a: Pelipper\n|-damage|p1a: Pelipper|0 fnt\n|faint|p1a: Pelipper\n|\n|-weather|RainDance|[upkeep]\n|upkeep\n|c| ChrisprIhateyou|Has Ice Beam Specs\n|\n|t:|1700200380\n|switch|p1a: Typhlosion|Typhlosion-Hisui, M|100\/100\n|turn|13\n|\n|t:|1700200383\n|switch|p2a: Umbreon|Umbreon, F|68\/100\n|-damage|p2a: Umbreon|56\/100|[from] Stealth Rock\n|move|p1a: Typhlosion|Eruption|p2a: Umbreon\n|-damage|p2a: Umbreon|31\/100\n|-damage|p1a: Typhlosion|91\/100|[from] item: Life Orb\n|\n|-weather|none\n|-heal|p2a: Umbreon|37\/100|[from] item: Leftovers\n|upkeep\n|turn|14\n|\n|t:|1700200396\n|-terastallize|p1a: Typhlosion|Normal\n|move|p1a: Typhlosion|Eruption|p2a: Umbreon\n|-damage|p2a: Umbreon|0 fnt\n|faint|p2a: Umbreon\n|-damage|p1a: Typhlosion|81\/100|[from] item: Life Orb\n|\n|upkeep\n|inactive|Chrispr has 120 seconds left.\n|\n|t:|1700200410\n|switch|p2a: Toxapex|Toxapex, M|77\/100\n|-damage|p2a: Toxapex|65\/100|[from] Stealth Rock\n|turn|15\n|inactive|Chrispr has 120 seconds left.\n|\n|t:|1700200430\n|switch|p1a: Starmie|Starmie|100\/100\n|move|p2a: Toxapex|Scald|p1a: Starmie\n|-resisted|p1a: Starmie\n|-damage|p1a: Starmie|89\/100\n|\n|-heal|p1a: Starmie|95\/100|[from] item: Leftovers\n|upkeep\n|turn|16\n|inactive|Chrispr has 90 seconds left.\n|\n|t:|1700200467\n|move|p2a: Toxapex|Baneful Bunker|p2a: Toxapex\n|-singleturn|p2a: Toxapex|move: Protect\n|move|p1a: Starmie|Psychic|p2a: Toxapex\n|-activate|p2a: Toxapex|move: Protect\n|\n|-heal|p1a: Starmie|100\/100|[from] item: Leftovers\n|upkeep\n|turn|17\n|inactive|Chrispr has 90 seconds left.\n|\n|t:|1700200483\n|move|p1a: Starmie|Thunderbolt|p2a: Toxapex\n|-supereffective|p2a: Toxapex\n|-damage|p2a: Toxapex|25\/100\n|move|p2a: Toxapex|Scald|p1a: Starmie\n|-resisted|p1a: Starmie\n|-damage|p1a: Starmie|89\/100\n|\n|-heal|p1a: Starmie|95\/100|[from] item: Leftovers\n|upkeep\n|turn|18\n|inactive|Chrispr has 90 seconds left.\n|\n|t:|1700200493\n|move|p1a: Starmie|Psychic|p2a: Toxapex\n|-supereffective|p2a: Toxapex\n|-damage|p2a: Toxapex|0 fnt\n|faint|p2a: Toxapex\n|\n|-heal|p1a: Starmie|100\/100|[from] item: Leftovers\n|upkeep\n|inactive|Chrispr has 90 seconds left.\n|\n|t:|1700200506\n|switch|p2a: Cryogonal|Cryogonal|76\/100\n|-damage|p2a: Cryogonal|51\/100|[from] Stealth Rock\n|turn|19\n|\n|t:|1700200515\n|move|p1a: Starmie|Scald|p2a: Cryogonal\n|-damage|p2a: Cryogonal|19\/100\n|-status|p2a: Cryogonal|brn\n|move|p2a: Cryogonal|Freeze-Dry|p1a: Starmie\n|-supereffective|p1a: Starmie\n|-damage|p1a: Starmie|0 fnt\n|faint|p1a: Starmie\n|\n|-damage|p2a: Cryogonal|13\/100 brn|[from] brn\n|upkeep\n|\n|t:|1700200528\n|switch|p1a: Breloom|Breloom, M, shiny|76\/100\n|turn|20\n|\n|t:|1700200535\n|switch|p2a: Bellibolt|Bellibolt, F|100\/100\n|-damage|p2a: Bellibolt|88\/100|[from] Stealth Rock\n|move|p1a: Breloom|Rock Tomb|p2a: Bellibolt\n|-damage|p2a: Bellibolt|67\/100\n|-unboost|p2a: Bellibolt|spe|1\n|\n|upkeep\n|turn|21\n|\n|t:|1700200546\n|move|p1a: Breloom|Rock Tomb|p2a: Bellibolt\n|-damage|p2a: Bellibolt|45\/100\n|-unboost|p2a: Bellibolt|spe|1\n|move|p2a: Bellibolt|Chilling Water|p1a: Breloom\n|-resisted|p1a: Breloom\n|-damage|p1a: Breloom|64\/100\n|-unboost|p1a: Breloom|atk|1\n|\n|upkeep\n|turn|22\n|\n|t:|1700200555\n|move|p1a: Breloom|Rock Tomb|p2a: Bellibolt\n|-damage|p2a: Bellibolt|30\/100\n|-unboost|p2a: Bellibolt|spe|1\n|move|p2a: Bellibolt|Slack Off|p2a: Bellibolt\n|-heal|p2a: Bellibolt|80\/100\n|\n|upkeep\n|turn|23\n|inactive|Chrispr has 120 seconds left.\n|\n|t:|1700200564\n|move|p1a: Breloom|Rock Tomb|p2a: Bellibolt\n|-damage|p2a: Bellibolt|66\/100\n|-unboost|p2a: Bellibolt|spe|1\n|move|p2a: Bellibolt|Chilling Water|p1a: Breloom\n|-resisted|p1a: Breloom\n|-damage|p1a: Breloom|52\/100\n|-unboost|p1a: Breloom|atk|1\n|\n|upkeep\n|turn|24\n|\n|t:|1700200571\n|move|p1a: Breloom|Rock Tomb|p2a: Bellibolt\n|-damage|p2a: Bellibolt|56\/100\n|-unboost|p2a: Bellibolt|spe|1\n|move|p2a: Bellibolt|Charge|p2a: Bellibolt\n|-boost|p2a: Bellibolt|spd|1\n|-start|p2a: Bellibolt|Charge\n|\n|upkeep\n|turn|25\n|c| ChrisprIhateyou|Belibolt is physically defensive with Slack Off, Parabolic Charge, Charge and Chilling wate\n|\n|t:|1700200578\n|move|p1a: Breloom|Rock Tomb|p2a: Bellibolt\n|-damage|p2a: Bellibolt|45\/100\n|-unboost|p2a: Bellibolt|spe|1\n|move|p2a: Bellibolt|Chilling Water|p1a: Breloom\n|-resisted|p1a: Breloom\n|-damage|p1a: Breloom|40\/100\n|-unboost|p1a: Breloom|atk|1\n|\n|upkeep\n|turn|26\n|\n|t:|1700200585\n|move|p1a: Breloom|Rock Tomb|p2a: Bellibolt\n|-damage|p2a: Bellibolt|36\/100\n|move|p2a: Bellibolt|Slack Off|p2a: Bellibolt\n|-heal|p2a: Bellibolt|86\/100\n|\n|upkeep\n|turn|27\n|l| ChrisprIhateyou\n|\n|t:|1700200598\n|switch|p1a: Typhlosion|Typhlosion-Hisui, M, tera:Normal|81\/100\n|move|p2a: Bellibolt|Chilling Water|p1a: Typhlosion\n|-damage|p1a: Typhlosion|65\/100\n|-unboost|p1a: Typhlosion|atk|1\n|\n|upkeep\n|turn|28\n|\n|t:|1700200619\n|move|p1a: Typhlosion|Eruption|p2a: Bellibolt\n|-damage|p2a: Bellibolt|40\/100\n|-damage|p1a: Typhlosion|56\/100|[from] item: Life Orb\n|move|p2a: Bellibolt|Chilling Water|p1a: Typhlosion\n|-damage|p1a: Typhlosion|40\/100\n|-unboost|p1a: Typhlosion|atk|1\n|\n|upkeep\n|turn|29\n|\n|t:|1700200629\n|move|p1a: Typhlosion|Shadow Ball|p2a: Bellibolt\n|-damage|p2a: Bellibolt|2\/100\n|-damage|p1a: Typhlosion|30\/100|[from] item: Life Orb\n|move|p2a: Bellibolt|Parabolic Charge|p1a: Typhlosion\n|-crit|p1a: Typhlosion\n|-damage|p1a: Typhlosion|0 fnt\n|-heal|p2a: Bellibolt|12\/100|[from] drain|[of] p1a: Typhlosion\n|faint|p1a: Typhlosion\n|-end|p2a: Bellibolt|Charge|[silent]\n|\n|upkeep\n|\n|t:|1700200636\n|switch|p1a: Breloom|Breloom, M, shiny|40\/100\n|turn|30\n|\n|t:|1700200639\n|move|p1a: Breloom|Bullet Seed|p2a: Bellibolt\n|-damage|p2a: Bellibolt|0 fnt\n|faint|p2a: Bellibolt\n|-hitcount|p2: Bellibolt|1\n|\n|upkeep\n|\n|t:|1700200642\n|switch|p2a: Trevenant|Trevenant, M|100\/100\n|-damage|p2a: Trevenant|88\/100|[from] Stealth Rock\n|turn|31\n|\n|t:|1700200646\n|move|p1a: Breloom|Bullet Seed|p2a: Trevenant\n|-resisted|p2a: Trevenant\n|-damage|p2a: Trevenant|75\/100\n|-resisted|p2a: Trevenant\n|-damage|p2a: Trevenant|62\/100\n|-resisted|p2a: Trevenant\n|-damage|p2a: Trevenant|50\/100\n|-hitcount|p2a: Trevenant|3\n|move|p2a: Trevenant|Poltergeist|p1a: Breloom\n|-activate|p1a: Breloom|move: Poltergeist|Choice Scarf\n|-damage|p1a: Breloom|0 fnt\n|faint|p1a: Breloom\n|\n|win|Chrispr\n|raw|MickLizard's rating: 1166 &rarr; <strong>1143<\/strong><br \/>(-23 for losing)\n|raw|Chrispr's rating: 1192 &rarr; <strong>1215<\/strong><br \/>(+23 for winning)\n","uploadtime":1700200328,"views":4,"p1id":"micklizard","p2id":"chrispr","formatid":"gen9nationaldex","rating":1143,"private":0,"password":""}