{"id":"gen9nationaldex-1988154550","p1":"13thSkaven","p2":"marknutt343","format":"[Gen 9] National Dex","log":"|j|\u260613thSkaven\n|j|\u2606marknutt343\n|t:|1699676588\n|gametype|singles\n|player|p1|13thSkaven|rocketgrunt|1160\n|player|p2|marknutt343|169|1106\n|teamsize|p1|6\n|teamsize|p2|6\n|gen|9\n|tier|[Gen 9] National Dex\n|rated|\n|rule|HP Percentage Mod: HP is shown in percentages\n|rule|Endless Battle Clause: Forcing endless battles is banned\n|rule|OHKO Clause: OHKO moves are banned\n|rule|Evasion Clause: Evasion abilities, items, and moves are banned\n|rule|Evasion Abilities Clause: Evasion abilities are banned\n|rule|Evasion Items Clause: Evasion items are banned\n|rule|Evasion Moves Clause: Evasion moves are banned\n|rule|Species Clause: Limit one of each Pok\u00e9mon\n|rule|Sleep Clause Mod: Limit one foe put to sleep\n|clearpoke\n|poke|p1|Cramorant, M|\n|poke|p1|Pelipper, M|\n|poke|p1|Orbeetle, F|\n|poke|p1|Klinklang|\n|poke|p1|Conkeldurr, F|\n|poke|p1|Blastoise, F|\n|poke|p2|Electivire, M|\n|poke|p2|Tangrowth, F|\n|poke|p2|Mismagius, F|\n|poke|p2|Porygon-Z|\n|poke|p2|Bronzong|\n|poke|p2|Drapion, M|\n|teampreview\n|\n|t:|1699676595\n|start\n|switch|p1a: Orbeetle|Orbeetle, F|100\/100\n|switch|p2a: Bronzong|Bronzong|100\/100\n|-item|p2a: Bronzong|Leftovers|[from] ability: Frisk|[of] p1a: Orbeetle|[identify]\n|turn|1\n|\n|t:|1699676605\n|move|p1a: Orbeetle|Trick|p2a: Bronzong\n|-activate|p1a: Orbeetle|move: Trick|[of] p2a: Bronzong\n|-item|p2a: Bronzong|Choice Scarf|[from] move: Trick\n|-item|p1a: Orbeetle|Leftovers|[from] move: Trick\n|move|p2a: Bronzong|Stealth Rock|p1a: Orbeetle\n|-sidestart|p1: 13thSkaven|move: Stealth Rock\n|\n|upkeep\n|turn|2\n|\n|t:|1699676622\n|switch|p2a: Porygon-Z|Porygon-Z, shiny|100\/100\n|move|p1a: Orbeetle|Sticky Web|p2a: Porygon-Z\n|-sidestart|p2: marknutt343|move: Sticky Web\n|\n|upkeep\n|turn|3\n|\n|t:|1699676628\n|move|p2a: Porygon-Z|Tri Attack|p1a: Orbeetle\n|-damage|p1a: Orbeetle|50\/100\n|move|p1a: Orbeetle|U-turn|p2a: Porygon-Z\n|-damage|p2a: Porygon-Z|85\/100\n|\n|t:|1699676637\n|switch|p1a: Pelipper|Pelipper, M|100\/100|[from] U-turn\n|-damage|p1a: Pelipper|75\/100|[from] Stealth Rock\n|-weather|RainDance|[from] ability: Drizzle|[of] p1a: Pelipper\n|\n|-weather|RainDance|[upkeep]\n|upkeep\n|turn|4\n|\n|t:|1699676647\n|move|p2a: Porygon-Z|Tri Attack|p1a: Pelipper\n|-crit|p1a: Pelipper\n|-damage|p1a: Pelipper|0 fnt\n|faint|p1a: Pelipper\n|\n|-weather|RainDance|[upkeep]\n|upkeep\n|\n|t:|1699676653\n|switch|p1a: Blastoise|Blastoise, F|100\/100\n|turn|5\n|\n|t:|1699676657\n|move|p1a: Blastoise|Fake Out|p2a: Porygon-Z\n|-damage|p2a: Porygon-Z|68\/100\n|cant|p2a: Porygon-Z|flinch\n|\n|-weather|RainDance|[upkeep]\n|upkeep\n|turn|6\n|\n|t:|1699676667\n|move|p2a: Porygon-Z|Tri Attack|p1a: Blastoise\n|-damage|p1a: Blastoise|51\/100\n|move|p1a: Blastoise|Yawn|p2a: Porygon-Z\n|-start|p2a: Porygon-Z|move: Yawn|[of] p1a: Blastoise\n|\n|-weather|RainDance|[upkeep]\n|-heal|p1a: Blastoise|57\/100|[from] ability: Rain Dish\n|upkeep\n|turn|7\n|\n|t:|1699676676\n|move|p2a: Porygon-Z|Tri Attack|p1a: Blastoise\n|-damage|p1a: Blastoise|8\/100\n|-status|p1a: Blastoise|par\n|move|p1a: Blastoise|Rapid Spin|p2a: Porygon-Z\n|-damage|p2a: Porygon-Z|47\/100\n|-boost|p1a: Blastoise|spe|1\n|-sideend|p1: 13thSkaven|Stealth Rock|[from] move: Rapid Spin|[of] p1a: Blastoise\n|\n|-weather|RainDance|[upkeep]\n|-heal|p1a: Blastoise|14\/100 par|[from] ability: Rain Dish\n|-end|p2a: Porygon-Z|move: Yawn|[silent]\n|-status|p2a: Porygon-Z|slp\n|upkeep\n|turn|8\n|\n|t:|1699676690\n|cant|p2a: Porygon-Z|slp\n|move|p1a: Blastoise|Flip Turn|p2a: Porygon-Z\n|-damage|p2a: Porygon-Z|0 fnt\n|faint|p2a: Porygon-Z\n|\n|t:|1699676700\n|switch|p1a: Cramorant|Cramorant, M|100\/100|[from] Flip Turn\n|\n|-weather|RainDance|[upkeep]\n|upkeep\n|inactive|Battle timer is ON: inactive players will automatically lose when time's up. (requested by 13thSkaven)\n|\n|t:|1699676739\n|switch|p2a: Electivire|Electivire, M|100\/100\n|-activate|p2a: Electivire|move: Sticky Web\n|-unboost|p2a: Electivire|spe|1\n|turn|9\n|\n|t:|1699676757\n|-terastallize|p1a: Cramorant|Steel\n|move|p1a: Cramorant|Surf|p2a: Electivire\n|-formechange|p1a: Cramorant|Cramorant-Gulping|\n|-damage|p2a: Electivire|28\/100\n|move|p2a: Electivire|Volt Switch|p1a: Cramorant\n|-damage|p1a: Cramorant|50\/100\n|-damage|p2a: Electivire|3\/100|[from] ability: Gulp Missile|[of] p1a: Cramorant\n|-unboost|p2a: Electivire|def|1\n|-formechange|p1a: Cramorant|Cramorant|\n|-damage|p2a: Electivire|0 fnt|[from] item: Life Orb\n|faint|p2a: Electivire\n|\n|-weather|RainDance|[upkeep]\n|upkeep\n|\n|t:|1699676774\n|switch|p2a: Bronzong|Bronzong|100\/100\n|turn|10\n|\n|t:|1699676782\n|move|p1a: Cramorant|Surf|p2a: Bronzong\n|-formechange|p1a: Cramorant|Cramorant-Gorging|\n|-damage|p2a: Bronzong|63\/100\n|move|p2a: Bronzong|Stealth Rock|p1a: Cramorant\n|-sidestart|p1: 13thSkaven|move: Stealth Rock\n|\n|-weather|none\n|upkeep\n|turn|11\n|\n|t:|1699676795\n|switch|p2a: Drapion|Drapion, M|100\/100\n|-activate|p2a: Drapion|move: Sticky Web\n|-unboost|p2a: Drapion|spe|1\n|move|p1a: Cramorant|Hurricane|p2a: Drapion\n|-damage|p2a: Drapion|30\/100\n|-start|p2a: Drapion|confusion\n|\n|-heal|p2a: Drapion|36\/100|[from] item: Black Sludge\n|upkeep\n|turn|12\n|\n|t:|1699676808\n|move|p1a: Cramorant|Surf|p2a: Drapion\n|-damage|p2a: Drapion|0 fnt\n|faint|p2a: Drapion\n|\n|upkeep\n|-message|marknutt343 forfeited.\n|\n|win|13thSkaven\n|raw|13thSkaven's rating: 1160 &rarr; <strong>1181<\/strong><br \/>(+21 for winning)\n|raw|marknutt343's rating: 1106 &rarr; <strong>1085<\/strong><br \/>(-21 for losing)\n|l|\u2606marknutt343\n","uploadtime":1699676830,"views":21,"p1id":"13thskaven","p2id":"marknutt343","formatid":"gen9nationaldex","rating":1085,"private":0,"password":""}