{"id":"gen9nationaldex-2000499873","p1":"RebornG","p2":"nnnbit7","format":"[Gen 9] National Dex","log":"|html|<div class=\"broadcast-blue\"><strong>[Gen 9] National Dex is currently suspecting Sneasler! For information on how to participate check out the <a href=\"https:\/\/www.smogon.com\/forums\/threads\/sv-national-dex-suspect-8-just-dance.3731534\/\">suspect thread<\/a>.<\/strong><\/div>\n|j|\u2606RebornG\n|j|\u2606nnnbit7\n|t:|1701199989\n|gametype|singles\n|player|p1|RebornG|elesa|1651\n|player|p2|nnnbit7|n|1733\n|teamsize|p1|6\n|teamsize|p2|6\n|gen|9\n|tier|[Gen 9] National Dex\n|rated|\n|rule|HP Percentage Mod: HP is shown in percentages\n|rule|Endless Battle Clause: Forcing endless battles is banned\n|rule|OHKO Clause: OHKO moves are banned\n|rule|Evasion Clause: Evasion abilities, items, and moves are banned\n|rule|Evasion Abilities Clause: Evasion abilities are banned\n|rule|Evasion Items Clause: Evasion items are banned\n|rule|Evasion Moves Clause: Evasion moves are banned\n|rule|Species Clause: Limit one of each Pok\u00e9mon\n|rule|Sleep Clause Mod: Limit one foe put to sleep\n|clearpoke\n|poke|p1|Pinsir, F|\n|poke|p1|Iron Valiant|\n|poke|p1|Sneasler, F|\n|poke|p1|Iron Treads|\n|poke|p1|Greninja-*, M|\n|poke|p1|Tapu Koko|\n|poke|p2|Iron Valiant|\n|poke|p2|Slowbro, F|\n|poke|p2|Garchomp, F|\n|poke|p2|Scizor, F|\n|poke|p2|Gliscor, F|\n|poke|p2|Garganacl, F|\n|teampreview\n|inactive|Battle timer is ON: inactive players will automatically lose when time's up. (requested by RebornG)\n|\n|t:|1701200019\n|start\n|switch|p1a: Greninja|Greninja, M|100\/100\n|switch|p2a: Iron Valiant|Iron Valiant|100\/100\n|turn|1\n|\n|t:|1701200031\n|-end|p2a: Iron Valiant|Quark Drive|[silent]\n|switch|p2a: Slowbro|Slowbro, F|100\/100\n|-zpower|p1a: Greninja\n|move|p1a: Greninja|Hydro Vortex|p2a: Slowbro|[zeffect]\n|-resisted|p2a: Slowbro\n|-damage|p2a: Slowbro|56\/100\n|\n|upkeep\n|turn|2\n|\n|t:|1701200036\n|switch|p2a: Garganacl|Garganacl, F|100\/100\n|move|p1a: Greninja|Dark Pulse|p2a: Garganacl\n|-damage|p2a: Garganacl|79\/100\n|\n|-heal|p2a: Garganacl|85\/100|[from] item: Leftovers\n|upkeep\n|turn|3\n|\n|t:|1701200043\n|-terastallize|p2a: Garganacl|Water\n|move|p1a: Greninja|Hydro Pump|p2a: Garganacl\n|-resisted|p2a: Garganacl\n|-damage|p2a: Garganacl|69\/100\n|move|p2a: Garganacl|Salt Cure|p1a: Greninja\n|-damage|p1a: Greninja|76\/100\n|-start|p1a: Greninja|Salt Cure\n|\n|-heal|p2a: Garganacl|75\/100|[from] item: Leftovers\n|-damage|p1a: Greninja|51\/100|[from] Salt Cure\n|upkeep\n|turn|4\n|\n|t:|1701200057\n|switch|p1a: Tapu Koko|Tapu Koko|100\/100\n|-fieldstart|move: Electric Terrain|[from] ability: Electric Surge|[of] p1a: Tapu Koko\n|move|p2a: Garganacl|Salt Cure|p1a: Tapu Koko\n|-damage|p1a: Tapu Koko|80\/100\n|-start|p1a: Tapu Koko|Salt Cure\n|\n|-heal|p2a: Garganacl|81\/100|[from] item: Leftovers\n|-damage|p1a: Tapu Koko|68\/100|[from] Salt Cure\n|upkeep\n|turn|5\n|\n|t:|1701200061\n|switch|p2a: Gliscor|Gliscor, F|100\/100\n|move|p1a: Tapu Koko|Hidden Power|p2a: Gliscor\n|-supereffective|p2a: Gliscor\n|-damage|p2a: Gliscor|6\/100\n|\n|-damage|p1a: Tapu Koko|55\/100|[from] Salt Cure\n|-status|p2a: Gliscor|tox|[from] item: Toxic Orb\n|upkeep\n|turn|6\n|\n|t:|1701200072\n|switch|p1a: Iron Valiant|Iron Valiant|100\/100\n|-activate|p1a: Iron Valiant|ability: Quark Drive\n|-start|p1a: Iron Valiant|quarkdrivespe\n|switch|p2a: Scizor|Scizor, F|100\/100\n|\n|upkeep\n|turn|7\n|\n|t:|1701200084\n|-end|p1a: Iron Valiant|Quark Drive|[silent]\n|switch|p1a: Iron Treads|Iron Treads|100\/100\n|-activate|p1a: Iron Treads|ability: Quark Drive\n|-start|p1a: Iron Treads|quarkdrivespe\n|detailschange|p2a: Scizor|Scizor-Mega, F\n|-mega|p2a: Scizor|Scizor|Scizorite\n|move|p2a: Scizor|Bullet Punch|p1a: Iron Treads\n|-resisted|p1a: Iron Treads\n|-damage|p1a: Iron Treads|87\/100\n|\n|upkeep\n|turn|8\n|j| AndreThaGiiant\n|\n|t:|1701200087\n|move|p1a: Iron Treads|Stealth Rock|p2a: Scizor\n|-sidestart|p2: nnnbit7|move: Stealth Rock\n|move|p2a: Scizor|U-turn|p1a: Iron Treads\n|-resisted|p1a: Iron Treads\n|-damage|p1a: Iron Treads|72\/100\n|\n|t:|1701200094\n|switch|p2a: Iron Valiant|Iron Valiant|100\/100|[from] U-turn\n|-damage|p2a: Iron Valiant|94\/100|[from] Stealth Rock\n|-activate|p2a: Iron Valiant|ability: Quark Drive\n|-start|p2a: Iron Valiant|quarkdrivespe\n|\n|-fieldend|move: Electric Terrain\n|-end|p2a: Iron Valiant|Quark Drive\n|-end|p1a: Iron Treads|Quark Drive\n|upkeep\n|turn|9\n|\n|t:|1701200115\n|-terastallize|p1a: Iron Treads|Ghost\n|move|p2a: Iron Valiant|Close Combat|p1a: Iron Treads\n|-immune|p1a: Iron Treads\n|move|p1a: Iron Treads|Earthquake|p2a: Iron Valiant\n|-damage|p2a: Iron Valiant|33\/100\n|\n|upkeep\n|turn|10\n|\n|t:|1701200123\n|-end|p2a: Iron Valiant|Quark Drive|[silent]\n|switch|p2a: Scizor|Scizor-Mega, F|100\/100\n|-damage|p2a: Scizor|88\/100|[from] Stealth Rock\n|move|p1a: Iron Treads|Rapid Spin|p2a: Scizor\n|-resisted|p2a: Scizor\n|-damage|p2a: Scizor|82\/100\n|-boost|p1a: Iron Treads|spe|1\n|\n|upkeep\n|turn|11\n|\n|t:|1701200133\n|move|p1a: Iron Treads|Earthquake|p2a: Scizor\n|-damage|p2a: Scizor|50\/100\n|move|p2a: Scizor|Swords Dance|p2a: Scizor\n|-boost|p2a: Scizor|atk|2\n|\n|upkeep\n|turn|12\n|\n|t:|1701200144\n|-end|p1a: Iron Treads|Quark Drive|[silent]\n|switch|p1a: Tapu Koko|Tapu Koko|55\/100\n|-fieldstart|move: Electric Terrain|[from] ability: Electric Surge|[of] p1a: Tapu Koko\n|move|p2a: Scizor|Roost|p2a: Scizor\n|-heal|p2a: Scizor|99\/100\n|-singleturn|p2a: Scizor|move: Roost\n|\n|upkeep\n|turn|13\n|\n|t:|1701200151\n|move|p2a: Scizor|Bullet Punch|p1a: Tapu Koko\n|-damage|p1a: Tapu Koko|0 fnt\n|faint|p1a: Tapu Koko\n|\n|upkeep\n|\n|t:|1701200153\n|switch|p1a: Sneasler|Sneasler, F|100\/100\n|-enditem|p1a: Sneasler|Electric Seed\n|-boost|p1a: Sneasler|def|1|[from] item: Electric Seed\n|turn|14\n|\n|t:|1701200178\n|move|p2a: Scizor|Bullet Punch|p1a: Sneasler\n|-damage|p1a: Sneasler|53\/100\n|move|p1a: Sneasler|Close Combat|p2a: Scizor\n|-damage|p2a: Scizor|55\/100\n|-unboost|p1a: Sneasler|def|1\n|-unboost|p1a: Sneasler|spd|1\n|\n|upkeep\n|turn|15\n|\n|t:|1701200193\n|move|p1a: Sneasler|Close Combat|p2a: Scizor\n|-damage|p2a: Scizor|11\/100\n|-unboost|p1a: Sneasler|def|1\n|-unboost|p1a: Sneasler|spd|1\n|move|p2a: Scizor|Roost|p2a: Scizor\n|-heal|p2a: Scizor|61\/100\n|-singleturn|p2a: Scizor|move: Roost\n|\n|upkeep\n|turn|16\n|\n|t:|1701200205\n|move|p2a: Scizor|Bullet Punch|p1a: Sneasler\n|-damage|p1a: Sneasler|0 fnt\n|faint|p1a: Sneasler\n|\n|-fieldend|move: Electric Terrain\n|upkeep\n|\n|t:|1701200207\n|switch|p1a: Pinsir|Pinsir, F|100\/100\n|turn|17\n|\n|t:|1701200228\n|switch|p2a: Gliscor|Gliscor, F|6\/100 tox\n|-damage|p2a: Gliscor|0 fnt|[from] Stealth Rock\n|faint|p2a: Gliscor\n|detailschange|p1a: Pinsir|Pinsir-Mega, F\n|-mega|p1a: Pinsir|Pinsir|Pinsirite\n|move|p1a: Pinsir|Return|p2: Gliscor|[notarget]\n|-fail|p1a: Pinsir\n|\n|upkeep\n|\n|t:|1701200233\n|switch|p2a: Garchomp|Garchomp, F|100\/100\n|-damage|p2a: Garchomp|94\/100|[from] Stealth Rock\n|turn|18\n|\n|t:|1701200237\n|move|p1a: Pinsir|Swords Dance|p1a: Pinsir\n|-boost|p1a: Pinsir|atk|2\n|move|p2a: Garchomp|Stealth Rock|p1a: Pinsir\n|-sidestart|p1: RebornG|move: Stealth Rock\n|\n|upkeep\n|turn|19\n|\n|t:|1701200242\n|move|p1a: Pinsir|Return|p2a: Garchomp\n|-damage|p2a: Garchomp|0 fnt\n|-damage|p1a: Pinsir|88\/100|[from] ability: Rough Skin|[of] p2a: Garchomp\n|faint|p2a: Garchomp\n|\n|upkeep\n|\n|t:|1701200244\n|switch|p2a: Slowbro|Slowbro, F|89\/100\n|turn|20\n|\n|t:|1701200247\n|move|p1a: Pinsir|Return|p2a: Slowbro\n|-damage|p2a: Slowbro|7\/100\n|move|p2a: Slowbro|Scald|p1a: Pinsir\n|-damage|p1a: Pinsir|50\/100\n|\n|upkeep\n|turn|21\n|\n|t:|1701200252\n|switch|p2a: Iron Valiant|Iron Valiant|33\/100\n|-damage|p2a: Iron Valiant|26\/100|[from] Stealth Rock\n|move|p1a: Pinsir|Return|p2a: Iron Valiant\n|-supereffective|p2a: Iron Valiant\n|-damage|p2a: Iron Valiant|0 fnt\n|faint|p2a: Iron Valiant\n|-end|p2a: Iron Valiant|Quark Drive|[silent]\n|\n|upkeep\n|\n|t:|1701200277\n|switch|p2a: Garganacl|Garganacl, F, tera:Water|81\/100\n|-damage|p2a: Garganacl|69\/100|[from] Stealth Rock\n|turn|22\n|\n|t:|1701200280\n|move|p1a: Pinsir|Return|p2a: Garganacl\n|-damage|p2a: Garganacl|0 fnt\n|faint|p2a: Garganacl\n|\n|upkeep\n|-message|nnnbit7 forfeited.\n|\n|win|RebornG\n|raw|RebornG's rating: 1651 &rarr; <strong>1676<\/strong><br \/>(+25 for winning)\n|raw|nnnbit7's rating: 1733 &rarr; <strong>1708<\/strong><br \/>(-25 for losing)\n|l|\u2606nnnbit7\n","uploadtime":1701200285,"views":2,"p1id":"reborng","p2id":"nnnbit7","formatid":"gen9nationaldex","rating":1676,"private":0,"password":""}