{"id":"gen9nationaldex-1993128280","p1":"RiouruK","p2":"OJJOK_356","format":"[Gen 9] National Dex","log":"|j|\u2606RiouruK\n|j|\u2606OJJOK_356\n|t:|1700268091\n|gametype|singles\n|player|p1|RiouruK|ghetsis|1100\n|player|p2|OJJOK_356|bugcatcher-gen4dp|1016\n|teamsize|p1|6\n|teamsize|p2|6\n|gen|9\n|tier|[Gen 9] National Dex\n|rated|\n|rule|HP Percentage Mod: HP is shown in percentages\n|rule|Endless Battle Clause: Forcing endless battles is banned\n|rule|OHKO Clause: OHKO moves are banned\n|rule|Evasion Clause: Evasion abilities, items, and moves are banned\n|rule|Evasion Abilities Clause: Evasion abilities are banned\n|rule|Evasion Items Clause: Evasion items are banned\n|rule|Evasion Moves Clause: Evasion moves are banned\n|rule|Species Clause: Limit one of each Pok\u00e9mon\n|rule|Sleep Clause Mod: Limit one foe put to sleep\n|clearpoke\n|poke|p1|Kommo-o, F|\n|poke|p1|Iron Valiant|\n|poke|p1|Lopunny, F|\n|poke|p1|Blaziken, F|\n|poke|p1|Urshifu-*, F|\n|poke|p1|Great Tusk|\n|poke|p2|Toucannon, M|\n|poke|p2|Corviknight, F|\n|poke|p2|Braviary-Hisui, M|\n|poke|p2|Kilowattrel, M|\n|poke|p2|Flamigo, F|\n|poke|p2|Squawkabilly, M|\n|teampreview\n|\n|t:|1700268117\n|start\n|switch|p1a: Urshifu|Urshifu-Rapid-Strike, F|100\/100\n|switch|p2a: Kilowattrel|Kilowattrel, M|100\/100\n|turn|1\n|\n|t:|1700268127\n|switch|p1a: Blaziken|Blaziken, F|100\/100\n|move|p2a: Kilowattrel|Discharge|p1a: Blaziken\n|-damage|p1a: Blaziken|48\/100\n|\n|upkeep\n|turn|2\n|\n|t:|1700268134\n|move|p1a: Blaziken|Protect|p1a: Blaziken\n|-singleturn|p1a: Blaziken|Protect\n|move|p2a: Kilowattrel|Air Slash|p1a: Blaziken\n|-activate|p1a: Blaziken|move: Protect\n|\n|-ability|p1a: Blaziken|Speed Boost|boost\n|-boost|p1a: Blaziken|spe|1\n|upkeep\n|turn|3\n|\n|t:|1700268138\n|-zpower|p1a: Blaziken\n|move|p1a: Blaziken|Inferno Overdrive|p2a: Kilowattrel|[zeffect]\n|-damage|p2a: Kilowattrel|0 fnt\n|faint|p2a: Kilowattrel\n|\n|-ability|p1a: Blaziken|Speed Boost|boost\n|-boost|p1a: Blaziken|spe|1\n|upkeep\n|\n|t:|1700268145\n|switch|p2a: Corviknight|Corviknight, F|100\/100\n|turn|4\n|\n|t:|1700268151\n|move|p1a: Blaziken|Protect|p1a: Blaziken\n|-singleturn|p1a: Blaziken|Protect\n|move|p2a: Corviknight|U-turn|p1a: Blaziken\n|-activate|p1a: Blaziken|move: Protect\n|\n|-ability|p1a: Blaziken|Speed Boost|boost\n|-boost|p1a: Blaziken|spe|1\n|upkeep\n|turn|5\n|\n|t:|1700268153\n|move|p1a: Blaziken|Flare Blitz|p2a: Corviknight\n|-supereffective|p2a: Corviknight\n|-damage|p2a: Corviknight|2\/100\n|-enditem|p2a: Corviknight|Aguav Berry|[eat]\n|-heal|p2a: Corviknight|36\/100|[from] item: Aguav Berry\n|-damage|p1a: Blaziken|5\/100|[from] Recoil\n|move|p2a: Corviknight|U-turn|p1a: Blaziken\n|-resisted|p1a: Blaziken\n|-damage|p1a: Blaziken|0 fnt\n|faint|p1a: Blaziken\n|\n|t:|1700268165\n|switch|p2a: Braviary|Braviary-Hisui, M|100\/100|[from] U-turn\n|\n|upkeep\n|\n|t:|1700268179\n|switch|p1a: We|Iron Valiant|100\/100\n|turn|6\n|\n|t:|1700268197\n|-terastallize|p1a: We|Fairy\n|move|p1a: We|Thunderbolt|p2a: Braviary\n|-supereffective|p2a: Braviary\n|-damage|p2a: Braviary|11\/100\n|move|p2a: Braviary|Hurricane|p1a: We\n|-damage|p1a: We|0 fnt\n|faint|p1a: We\n|-end|p1a: We|Quark Drive|[silent]\n|\n|-heal|p2a: Braviary|17\/100|[from] item: Leftovers\n|upkeep\n|inactive|Battle timer is ON: inactive players will automatically lose when time's up. (requested by RiouruK)\n|\n|t:|1700268202\n|switch|p1a: Urshifu|Urshifu-Rapid-Strike, F|100\/100\n|turn|7\n|\n|t:|1700268207\n|move|p1a: Urshifu|Thunder Punch|p2a: Braviary\n|-supereffective|p2a: Braviary\n|-damage|p2a: Braviary|0 fnt\n|faint|p2a: Braviary\n|\n|upkeep\n|\n|t:|1700268210\n|switch|p2a: Corviknight|Corviknight, F|36\/100\n|turn|8\n|\n|t:|1700268219\n|move|p1a: Urshifu|Surging Strikes|p2a: Corviknight\n|-crit|p2a: Corviknight\n|-damage|p2a: Corviknight|19\/100\n|-crit|p2a: Corviknight\n|-damage|p2a: Corviknight|1\/100\n|-crit|p2a: Corviknight\n|-damage|p2a: Corviknight|0 fnt\n|faint|p2a: Corviknight\n|-hitcount|p2: Corviknight|3\n|\n|upkeep\n|\n|t:|1700268225\n|switch|p2a: Flamigo|Flamigo, F|100\/100\n|turn|9\n|\n|t:|1700268234\n|move|p1a: Urshifu|Thunder Punch|p2a: Flamigo\n|-supereffective|p2a: Flamigo\n|-damage|p2a: Flamigo|16\/100\n|move|p2a: Flamigo|Low Kick|p1a: Urshifu\n|-damage|p1a: Urshifu|50\/100\n|\n|upkeep\n|turn|10\n|\n|t:|1700268241\n|move|p1a: Urshifu|Surging Strikes|p2a: Flamigo\n|-crit|p2a: Flamigo\n|-damage|p2a: Flamigo|0 fnt\n|faint|p2a: Flamigo\n|-hitcount|p2: Flamigo|1\n|\n|upkeep\n|\n|t:|1700268244\n|switch|p2a: Squawkabilly|Squawkabilly, M|100\/100\n|turn|11\n|\n|t:|1700268252\n|move|p2a: Squawkabilly|Quick Attack|p1a: Urshifu\n|-damage|p1a: Urshifu|33\/100\n|move|p1a: Urshifu|Thunder Punch|p2a: Squawkabilly\n|-supereffective|p2a: Squawkabilly\n|-damage|p2a: Squawkabilly|0 fnt\n|faint|p2a: Squawkabilly\n|\n|upkeep\n|\n|t:|1700268254\n|switch|p2a: Toucannon|Toucannon, M|100\/100\n|turn|12\n|\n|t:|1700268259\n|move|p1a: Urshifu|Thunder Punch|p2a: Toucannon\n|-supereffective|p2a: Toucannon\n|-damage|p2a: Toucannon|31\/100\n|move|p2a: Toucannon|Seed Bomb|p1a: Urshifu\n|-supereffective|p1a: Urshifu\n|-crit|p1a: Urshifu\n|-damage|p1a: Urshifu|0 fnt\n|faint|p1a: Urshifu\n|-damage|p2a: Toucannon|21\/100|[from] item: Life Orb\n|\n|upkeep\n|\n|t:|1700268269\n|switch|p1a: Lucarion't|Kommo-o, F|100\/100\n|turn|13\n|\n|t:|1700268278\n|-terastallize|p2a: Toucannon|Normal\n|move|p1a: Lucarion't|Flamethrower|p2a: Toucannon\n|-crit|p2a: Toucannon\n|-damage|p2a: Toucannon|0 fnt\n|faint|p2a: Toucannon\n|\n|win|RiouruK\n|raw|RiouruK's rating: 1100 &rarr; <strong>1119<\/strong><br \/>(+19 for winning)\n|raw|OJJOK_356's rating: 1016 &rarr; <strong>1007<\/strong><br \/>(-9 for losing)\n|l|\u2606OJJOK_356\n","uploadtime":1700268289,"views":8,"p1id":"riouruk","p2id":"ojjok356","formatid":"gen9nationaldex","rating":1007,"private":0,"password":""}