{"id":"gen9nationaldex-1987387044","p1":"Ink0588","p2":"mayuripink","format":"[Gen 9] National Dex","log":"|j|\u2606Ink0588\n|j|\u2606mayuripink\n|t:|1699584842\n|gametype|singles\n|player|p1|Ink0588|artistf-gen6|1330\n|player|p2|mayuripink|266|1190\n|teamsize|p1|6\n|teamsize|p2|6\n|gen|9\n|tier|[Gen 9] National Dex\n|rated|\n|rule|HP Percentage Mod: HP is shown in percentages\n|rule|Endless Battle Clause: Forcing endless battles is banned\n|rule|OHKO Clause: OHKO moves are banned\n|rule|Evasion Clause: Evasion abilities, items, and moves are banned\n|rule|Evasion Abilities Clause: Evasion abilities are banned\n|rule|Evasion Items Clause: Evasion items are banned\n|rule|Evasion Moves Clause: Evasion moves are banned\n|rule|Species Clause: Limit one of each Pok\u00e9mon\n|rule|Sleep Clause Mod: Limit one foe put to sleep\n|clearpoke\n|poke|p1|Clawitzer, M|\n|poke|p1|Tapu Koko|\n|poke|p1|Iron Hands|\n|poke|p1|Iron Treads|\n|poke|p1|Iron Valiant|\n|poke|p1|Porygon2|\n|poke|p2|Pelipper, F|\n|poke|p2|Urshifu-*, M|\n|poke|p2|Gyarados, F|\n|poke|p2|Ferrothorn, F|\n|poke|p2|Great Tusk|\n|poke|p2|Tapu Lele|\n|teampreview\n|\n|t:|1699584851\n|start\n|switch|p1a: Tapu Koko|Tapu Koko|100\/100\n|switch|p2a: Pelipper|Pelipper, F|100\/100\n|-fieldstart|move: Electric Terrain|[from] ability: Electric Surge|[of] p1a: Tapu Koko\n|-weather|RainDance|[from] ability: Drizzle|[of] p2a: Pelipper\n|turn|1\n|\n|t:|1699584861\n|switch|p2a: Ferrothorn|Ferrothorn, F|100\/100\n|move|p1a: Tapu Koko|U-turn|p2a: Ferrothorn\n|-damage|p2a: Ferrothorn|91\/100\n|-damage|p1a: Tapu Koko|88\/100|[from] ability: Iron Barbs|[of] p2a: Ferrothorn\n|\n|t:|1699584867\n|switch|p1a: Iron Hands|Iron Hands|100\/100|[from] U-turn\n|-activate|p1a: Iron Hands|ability: Quark Drive\n|-start|p1a: Iron Hands|quarkdriveatk\n|\n|-weather|RainDance|[upkeep]\n|-heal|p2a: Ferrothorn|97\/100|[from] item: Leftovers\n|upkeep\n|turn|2\n|\n|t:|1699584876\n|move|p1a: Iron Hands|Drain Punch|p2a: Ferrothorn\n|-supereffective|p2a: Ferrothorn\n|-damage|p2a: Ferrothorn|43\/100\n|-damage|p1a: Iron Hands|88\/100|[from] ability: Iron Barbs|[of] p2a: Ferrothorn\n|move|p2a: Ferrothorn|Leech Seed|p1a: Iron Hands\n|-start|p1a: Iron Hands|move: Leech Seed\n|\n|-weather|RainDance|[upkeep]\n|-heal|p1a: Iron Hands|94\/100|[from] item: Leftovers\n|-heal|p2a: Ferrothorn|49\/100|[from] item: Leftovers\n|-damage|p1a: Iron Hands|82\/100|[from] Leech Seed|[of] p2a: Ferrothorn\n|-heal|p2a: Ferrothorn|67\/100|[silent]\n|upkeep\n|turn|3\n|\n|t:|1699584887\n|move|p2a: Ferrothorn|Protect|p2a: Ferrothorn\n|-singleturn|p2a: Ferrothorn|Protect\n|move|p1a: Iron Hands|Swords Dance|p1a: Iron Hands\n|-boost|p1a: Iron Hands|atk|2\n|\n|-weather|RainDance|[upkeep]\n|-heal|p1a: Iron Hands|88\/100|[from] item: Leftovers\n|-heal|p2a: Ferrothorn|73\/100|[from] item: Leftovers\n|-damage|p1a: Iron Hands|75\/100|[from] Leech Seed|[of] p2a: Ferrothorn\n|-heal|p2a: Ferrothorn|92\/100|[silent]\n|upkeep\n|turn|4\n|\n|t:|1699584897\n|switch|p2a: Tapu Lele|Tapu Lele|100\/100\n|-fieldstart|move: Psychic Terrain|[from] ability: Psychic Surge|[of] p2a: Tapu Lele\n|-end|p1a: Iron Hands|Quark Drive\n|move|p1a: Iron Hands|Drain Punch|p2a: Tapu Lele\n|-resisted|p2a: Tapu Lele\n|-damage|p2a: Tapu Lele|71\/100\n|-heal|p1a: Iron Hands|84\/100|[from] drain|[of] p2a: Tapu Lele\n|\n|-weather|RainDance|[upkeep]\n|-heal|p1a: Iron Hands|90\/100|[from] item: Leftovers\n|-damage|p1a: Iron Hands|77\/100|[from] Leech Seed|[of] p2a: Tapu Lele\n|-heal|p2a: Tapu Lele|94\/100|[silent]\n|upkeep\n|turn|5\n|\n|t:|1699584909\n|move|p2a: Tapu Lele|Psychic|p1a: Iron Hands\n|-supereffective|p1a: Iron Hands\n|-damage|p1a: Iron Hands|0 fnt\n|faint|p1a: Iron Hands\n|-end|p1a: Iron Hands|Quark Drive|[silent]\n|\n|-weather|RainDance|[upkeep]\n|upkeep\n|\n|t:|1699584914\n|switch|p1a: Iron Treads|Iron Treads|100\/100\n|turn|6\n|\n|t:|1699584919\n|move|p1a: Iron Treads|Rapid Spin|p2a: Tapu Lele\n|-damage|p2a: Tapu Lele|69\/100\n|-boost|p1a: Iron Treads|spe|1\n|move|p2a: Tapu Lele|Focus Blast|p1a: Iron Treads|[miss]\n|-miss|p2a: Tapu Lele|p1a: Iron Treads\n|\n|-weather|RainDance|[upkeep]\n|upkeep\n|turn|7\n|\n|t:|1699584930\n|switch|p2a: Urshifu|Urshifu-Rapid-Strike, M|100\/100\n|move|p1a: Iron Treads|Iron Head|p2a: Urshifu\n|-resisted|p2a: Urshifu\n|-damage|p2a: Urshifu|83\/100\n|\n|-weather|RainDance|[upkeep]\n|upkeep\n|turn|8\n|\n|t:|1699584941\n|-terastallize|p2a: Urshifu|Water\n|move|p1a: Iron Treads|Earthquake|p2a: Urshifu\n|-damage|p2a: Urshifu|32\/100\n|move|p2a: Urshifu|Surging Strikes|p1a: Iron Treads\n|-supereffective|p1a: Iron Treads\n|-crit|p1a: Iron Treads\n|-damage|p1a: Iron Treads|28\/100\n|-supereffective|p1a: Iron Treads\n|-crit|p1a: Iron Treads\n|-damage|p1a: Iron Treads|0 fnt\n|faint|p1a: Iron Treads\n|-end|p1a: Iron Treads|Quark Drive|[silent]\n|-hitcount|p1: Iron Treads|2\n|\n|-weather|none\n|-fieldend|move: Psychic Terrain\n|upkeep\n|\n|t:|1699584946\n|switch|p1a: Iron Valiant|Iron Valiant|100\/100\n|turn|9\n|\n|t:|1699584954\n|switch|p2a: Pelipper|Pelipper, F|100\/100\n|-weather|RainDance|[from] ability: Drizzle|[of] p2a: Pelipper\n|move|p1a: Iron Valiant|Moonblast|p2a: Pelipper\n|-damage|p2a: Pelipper|40\/100\n|-unboost|p2a: Pelipper|spa|1\n|\n|-weather|RainDance|[upkeep]\n|upkeep\n|turn|10\n|\n|t:|1699584964\n|move|p1a: Iron Valiant|Moonblast|p2a: Pelipper\n|-damage|p2a: Pelipper|0 fnt\n|faint|p2a: Pelipper\n|\n|-weather|RainDance|[upkeep]\n|upkeep\n|\n|t:|1699584972\n|switch|p2a: Tapu Lele|Tapu Lele|69\/100\n|-fieldstart|move: Psychic Terrain|[from] ability: Psychic Surge|[of] p2a: Tapu Lele\n|turn|11\n|\n|t:|1699584978\n|-zpower|p1a: Iron Valiant\n|move|p1a: Iron Valiant|Twinkle Tackle|p2a: Tapu Lele|[zeffect]\n|-damage|p2a: Tapu Lele|0 fnt\n|faint|p2a: Tapu Lele\n|\n|-weather|RainDance|[upkeep]\n|upkeep\n|\n|t:|1699584986\n|switch|p2a: Gyarados|Gyarados, F|100\/100\n|-ability|p2a: Gyarados|Intimidate|boost\n|-unboost|p1a: Iron Valiant|atk|1\n|turn|12\n|\n|t:|1699584992\n|move|p1a: Iron Valiant|Thunderbolt|p2a: Gyarados\n|-supereffective|p2a: Gyarados\n|-damage|p2a: Gyarados|0 fnt\n|faint|p2a: Gyarados\n|\n|-weather|RainDance|[upkeep]\n|upkeep\n|\n|t:|1699584997\n|switch|p2a: Ferrothorn|Ferrothorn, F|92\/100\n|turn|13\n|\n|t:|1699585000\n|move|p1a: Iron Valiant|Close Combat|p2a: Ferrothorn\n|-supereffective|p2a: Ferrothorn\n|-damage|p2a: Ferrothorn|51\/100\n|-unboost|p1a: Iron Valiant|def|1\n|-unboost|p1a: Iron Valiant|spd|1\n|-damage|p1a: Iron Valiant|88\/100|[from] ability: Iron Barbs|[of] p2a: Ferrothorn\n|move|p2a: Ferrothorn|Leech Seed|p1a: Iron Valiant\n|-start|p1a: Iron Valiant|move: Leech Seed\n|\n|-weather|RainDance|[upkeep]\n|-heal|p2a: Ferrothorn|57\/100|[from] item: Leftovers\n|-damage|p1a: Iron Valiant|76\/100|[from] Leech Seed|[of] p2a: Ferrothorn\n|-heal|p2a: Ferrothorn|67\/100|[silent]\n|upkeep\n|turn|14\n|\n|t:|1699585012\n|-end|p1a: Iron Valiant|Quark Drive|[silent]\n|switch|p1a: Tapu Koko|Tapu Koko|88\/100\n|-fieldstart|move: Electric Terrain|[from] ability: Electric Surge|[of] p1a: Tapu Koko\n|move|p2a: Ferrothorn|Protect||[still]\n|-fail|p2a: Ferrothorn\n|\n|-weather|RainDance|[upkeep]\n|-heal|p2a: Ferrothorn|73\/100|[from] item: Leftovers\n|upkeep\n|turn|15\n|\n|t:|1699585020\n|move|p1a: Tapu Koko|U-turn|p2a: Ferrothorn\n|-damage|p2a: Ferrothorn|63\/100\n|-damage|p1a: Tapu Koko|76\/100|[from] ability: Iron Barbs|[of] p2a: Ferrothorn\n|\n|t:|1699585024\n|switch|p1a: Clawitzer|Clawitzer, M|100\/100|[from] U-turn\n|move|p2a: Ferrothorn|Leech Seed|p1a: Clawitzer\n|-start|p1a: Clawitzer|move: Leech Seed\n|\n|-weather|RainDance|[upkeep]\n|-heal|p2a: Ferrothorn|69\/100|[from] item: Leftovers\n|-damage|p1a: Clawitzer|88\/100|[from] Leech Seed|[of] p2a: Ferrothorn\n|-heal|p2a: Ferrothorn|81\/100|[silent]\n|upkeep\n|turn|16\n|\n|t:|1699585033\n|-terastallize|p1a: Clawitzer|Electric\n|move|p1a: Clawitzer|Terrain Pulse|p2a: Ferrothorn\n|-resisted|p2a: Ferrothorn\n|-damage|p2a: Ferrothorn|18\/100\n|move|p2a: Ferrothorn|Stealth Rock|p1a: Clawitzer\n|-sidestart|p1: Ink0588|move: Stealth Rock\n|\n|-weather|none\n|-heal|p2a: Ferrothorn|24\/100|[from] item: Leftovers\n|-damage|p1a: Clawitzer|76\/100|[from] Leech Seed|[of] p2a: Ferrothorn\n|-heal|p2a: Ferrothorn|36\/100|[silent]\n|upkeep\n|turn|17\n|\n|t:|1699585043\n|switch|p1a: Iron Valiant|Iron Valiant|76\/100\n|-damage|p1a: Iron Valiant|69\/100|[from] Stealth Rock\n|-activate|p1a: Iron Valiant|ability: Quark Drive\n|-start|p1a: Iron Valiant|quarkdrivespe\n|move|p2a: Ferrothorn|Protect||[still]\n|-fail|p2a: Ferrothorn\n|\n|-heal|p2a: Ferrothorn|42\/100|[from] item: Leftovers\n|upkeep\n|turn|18\n|\n|t:|1699585053\n|move|p1a: Iron Valiant|Close Combat|p2a: Ferrothorn\n|-supereffective|p2a: Ferrothorn\n|-damage|p2a: Ferrothorn|0 fnt\n|-unboost|p1a: Iron Valiant|def|1\n|-unboost|p1a: Iron Valiant|spd|1\n|-damage|p1a: Iron Valiant|57\/100|[from] ability: Iron Barbs|[of] p2a: Ferrothorn\n|faint|p2a: Ferrothorn\n|\n|upkeep\n|\n|t:|1699585061\n|switch|p2a: Urshifu|Urshifu-Rapid-Strike, M, tera:Water|32\/100\n|turn|19\n|\n|t:|1699585064\n|move|p2a: Urshifu|Aqua Jet|p1a: Iron Valiant\n|-damage|p1a: Iron Valiant|3\/100\n|move|p1a: Iron Valiant|Moonblast|p2a: Urshifu\n|-damage|p2a: Urshifu|0 fnt\n|faint|p2a: Urshifu\n|\n|upkeep\n|\n|t:|1699585071\n|switch|p2a: Great Tusk|Great Tusk|100\/100\n|turn|20\n|\n|t:|1699585076\n|move|p1a: Iron Valiant|Moonblast|p2a: Great Tusk\n|-supereffective|p2a: Great Tusk\n|-damage|p2a: Great Tusk|0 fnt\n|faint|p2a: Great Tusk\n|-end|p2a: Great Tusk|Protosynthesis|[silent]\n|\n|win|Ink0588\n|raw|Ink0588's rating: 1330 &rarr; <strong>1342<\/strong><br \/>(+12 for winning)\n|raw|mayuripink's rating: 1190 &rarr; <strong>1175<\/strong><br \/>(-15 for losing)\n|l|\u2606mayuripink\n","uploadtime":1699585081,"views":11,"p1id":"ink0588","p2id":"mayuripink","formatid":"gen9nationaldex","rating":1175,"private":0,"password":""}