{"id":"gen9nationaldex-1989684030","p1":"Chips du 43","p2":"Leo57_Lucario","format":"[Gen 9] National Dex","log":"|j|\u2606Chips du 43\n|j|\u2606Leo57_Lucario\n|t:|1699886598\n|gametype|singles\n|player|p1|Chips du 43|lucas|1240\n|player|p2|Leo57_Lucario|skyla|1166\n|teamsize|p1|6\n|teamsize|p2|6\n|gen|9\n|tier|[Gen 9] National Dex\n|rated|\n|rule|HP Percentage Mod: HP is shown in percentages\n|rule|Endless Battle Clause: Forcing endless battles is banned\n|rule|OHKO Clause: OHKO moves are banned\n|rule|Evasion Clause: Evasion abilities, items, and moves are banned\n|rule|Evasion Abilities Clause: Evasion abilities are banned\n|rule|Evasion Items Clause: Evasion items are banned\n|rule|Evasion Moves Clause: Evasion moves are banned\n|rule|Species Clause: Limit one of each Pok\u00e9mon\n|rule|Sleep Clause Mod: Limit one foe put to sleep\n|clearpoke\n|poke|p1|Weavile, F|\n|poke|p1|Ting-Lu|\n|poke|p1|Samurott-Hisui, M|\n|poke|p1|Ogerpon-Wellspring, F|\n|poke|p1|Banette, M|\n|poke|p1|Ninetales-Alola, F|\n|poke|p2|Amoonguss, F|\n|poke|p2|Haxorus, F|\n|poke|p2|Chandelure, M|\n|poke|p2|Beedrill, M|\n|poke|p2|Scizor, M|\n|poke|p2|Rotom-Wash|\n|teampreview\n|inactive|Battle timer is ON: inactive players will automatically lose when time's up. (requested by Leo57_Lucario)\n|\n|t:|1699886604\n|start\n|switch|p1a: Weavile|Weavile, F|100\/100\n|switch|p2a: Lust|Beedrill, M|100\/100\n|turn|1\n|\n|t:|1699886611\n|switch|p2a: Sloth|Amoonguss, F, shiny|100\/100\n|move|p1a: Weavile|Counter||[still]\n|-fail|p1a: Weavile\n|\n|upkeep\n|turn|2\n|\n|t:|1699886619\n|switch|p1a: Ogerpon|Ogerpon-Wellspring, F|100\/100\n|switch|p2a: Envy|Scizor, M|100\/100\n|\n|upkeep\n|turn|3\n|\n|t:|1699886627\n|move|p1a: Ogerpon|Knock Off|p2a: Envy\n|-damage|p2a: Envy|58\/100\n|-enditem|p2a: Envy|Choice Band|[from] move: Knock Off|[of] p1a: Ogerpon\n|move|p2a: Envy|U-turn|p1a: Ogerpon\n|-supereffective|p1a: Ogerpon\n|-damage|p1a: Ogerpon|3\/100\n|\n|t:|1699886633\n|switch|p2a: Lust|Beedrill, M|100\/100|[from] U-turn\n|\n|upkeep\n|turn|4\n|\n|t:|1699886639\n|detailschange|p2a: Lust|Beedrill-Mega, M\n|-mega|p2a: Lust|Beedrill|Beedrillite\n|move|p2a: Lust|Poison Jab|p1a: Ogerpon\n|-supereffective|p1a: Ogerpon\n|-damage|p1a: Ogerpon|0 fnt\n|faint|p1a: Ogerpon\n|\n|upkeep\n|\n|t:|1699886650\n|switch|p1a: Weavile|Weavile, F|100\/100\n|turn|5\n|\n|t:|1699886656\n|move|p2a: Lust|U-turn|p1a: Weavile\n|-supereffective|p1a: Weavile\n|-enditem|p1a: Weavile|Focus Sash\n|-damage|p1a: Weavile|1\/100\n|\n|t:|1699886661\n|switch|p2a: Pride|Chandelure, M, shiny|100\/100|[from] U-turn\n|move|p1a: Weavile|Triple Axel|p2a: Pride|[miss]\n|-miss|p1a: Weavile|p2a: Pride\n|\n|upkeep\n|turn|6\n|\n|t:|1699886670\n|switch|p2a: Gluttony|Rotom-Wash|100\/100\n|move|p1a: Weavile|Knock Off|p2a: Gluttony\n|-damage|p2a: Gluttony|52\/100\n|-enditem|p2a: Gluttony|Leftovers|[from] move: Knock Off|[of] p1a: Weavile\n|\n|upkeep\n|turn|7\n|\n|t:|1699886678\n|move|p1a: Weavile|Knock Off|p2a: Gluttony\n|-crit|p2a: Gluttony\n|-damage|p2a: Gluttony|4\/100\n|move|p2a: Gluttony|Volt Switch|p1a: Weavile\n|-damage|p1a: Weavile|0 fnt\n|faint|p1a: Weavile\n|\n|t:|1699886686\n|switch|p2a: Lust|Beedrill-Mega, M|100\/100|[from] Volt Switch\n|\n|upkeep\n|\n|t:|1699886692\n|switch|p1a: Ting-Lu|Ting-Lu|100\/100\n|-ability|p1a: Ting-Lu|Vessel of Ruin\n|turn|8\n|\n|t:|1699886697\n|move|p2a: Lust|U-turn|p1a: Ting-Lu\n|-supereffective|p1a: Ting-Lu\n|-damage|p1a: Ting-Lu|56\/100\n|\n|t:|1699886702\n|switch|p2a: Gluttony|Rotom-Wash|4\/100|[from] U-turn\n|move|p1a: Ting-Lu|Earthquake|p2a: Gluttony\n|-immune|p2a: Gluttony|[from] ability: Levitate\n|\n|-heal|p1a: Ting-Lu|62\/100|[from] item: Leftovers\n|upkeep\n|turn|9\n|\n|t:|1699886710\n|move|p2a: Gluttony|Hydro Pump|p1a: Ting-Lu\n|-supereffective|p1a: Ting-Lu\n|-damage|p1a: Ting-Lu|12\/100\n|move|p1a: Ting-Lu|Stealth Rock|p2a: Gluttony\n|-sidestart|p2: Leo57_Lucario|move: Stealth Rock\n|\n|-heal|p1a: Ting-Lu|18\/100|[from] item: Leftovers\n|upkeep\n|turn|10\n|\n|t:|1699886718\n|move|p2a: Gluttony|Defog|p1a: Ting-Lu\n|-unboost|p1a: Ting-Lu|evasion|1\n|-sideend|p2: Leo57_Lucario|Stealth Rock|[from] move: Defog|[of] p2a: Gluttony\n|move|p1a: Ting-Lu|Spikes|p2a: Gluttony\n|-sidestart|p2: Leo57_Lucario|Spikes\n|\n|-heal|p1a: Ting-Lu|24\/100|[from] item: Leftovers\n|upkeep\n|turn|11\n|\n|t:|1699886725\n|move|p2a: Gluttony|Hydro Pump|p1a: Ting-Lu\n|-supereffective|p1a: Ting-Lu\n|-damage|p1a: Ting-Lu|0 fnt\n|faint|p1a: Ting-Lu\n|\n|upkeep\n|\n|t:|1699886728\n|switch|p1a: Samurott|Samurott-Hisui, M, shiny|100\/100\n|turn|12\n|\n|t:|1699886732\n|-terastallize|p1a: Samurott|Dark\n|move|p1a: Samurott|Ceaseless Edge|p2a: Gluttony\n|-damage|p2a: Gluttony|0 fnt\n|-sidestart|p2: Leo57_Lucario|Spikes\n|faint|p2a: Gluttony\n|\n|upkeep\n|\n|t:|1699886739\n|switch|p2a: Envy|Scizor, M|58\/100\n|-damage|p2a: Envy|42\/100|[from] Spikes\n|turn|13\n|\n|t:|1699886744\n|move|p1a: Samurott|Ceaseless Edge|p2a: Envy\n|-damage|p2a: Envy|0 fnt\n|-sidestart|p2: Leo57_Lucario|Spikes\n|faint|p2a: Envy\n|\n|upkeep\n|\n|t:|1699886750\n|switch|p2a: Lust|Beedrill-Mega, M|100\/100\n|-damage|p2a: Lust|76\/100|[from] Spikes\n|turn|14\n|\n|t:|1699886755\n|move|p2a: Lust|U-turn|p1a: Samurott\n|-supereffective|p1a: Samurott\n|-damage|p1a: Samurott|0 fnt\n|faint|p1a: Samurott\n|\n|t:|1699886768\n|switch|p2a: Pride|Chandelure, M, shiny|100\/100|[from] U-turn\n|-damage|p2a: Pride|76\/100|[from] Spikes\n|\n|upkeep\n|\n|t:|1699886771\n|switch|p1a: Ninetales|Ninetales-Alola, F, shiny|100\/100\n|-weather|Snow|[from] ability: Snow Warning|[of] p1a: Ninetales\n|turn|15\n|\n|t:|1699886775\n|move|p1a: Ninetales|Aurora Veil|p1a: Ninetales\n|-sidestart|p1: Chips du 43|move: Aurora Veil\n|move|p2a: Pride|Overheat|p1a: Ninetales|[miss]\n|-miss|p2a: Pride|p1a: Ninetales\n|\n|-weather|Snow|[upkeep]\n|upkeep\n|turn|16\n|\n|t:|1699886780\n|move|p1a: Ninetales|Moonblast|p2a: Pride\n|-resisted|p2a: Pride\n|-damage|p2a: Pride|52\/100\n|move|p2a: Pride|Overheat|p1a: Ninetales\n|-supereffective|p1a: Ninetales\n|-damage|p1a: Ninetales|0 fnt\n|-unboost|p2a: Pride|spa|2\n|faint|p1a: Ninetales\n|\n|-weather|Snow|[upkeep]\n|upkeep\n|\n|t:|1699886782\n|switch|p1a: Banette|Banette, M, shiny|100\/100\n|turn|17\n|\n|t:|1699886791\n|switch|p2a: Sloth|Amoonguss, F, shiny|100\/100\n|-damage|p2a: Sloth|75\/100|[from] Spikes\n|detailschange|p1a: Banette|Banette-Mega, M, shiny\n|-mega|p1a: Banette|Banette|Banettite\n|move|p1a: Banette|Swords Dance|p1a: Banette\n|-boost|p1a: Banette|atk|2\n|\n|-weather|Snow|[upkeep]\n|upkeep\n|turn|18\n|\n|t:|1699886800\n|move|p1a: Banette|Poltergeist|p2a: Sloth\n|-activate|p2a: Sloth|move: Poltergeist|Rocky Helmet\n|-damage|p2a: Sloth|0 fnt\n|faint|p2a: Sloth\n|\n|-weather|Snow|[upkeep]\n|upkeep\n|\n|t:|1699886809\n|switch|p2a: Pride|Chandelure, M, shiny|52\/100\n|-damage|p2a: Pride|27\/100|[from] Spikes\n|turn|19\n|\n|t:|1699886814\n|move|p1a: Banette|Shadow Sneak|p2a: Pride\n|-supereffective|p2a: Pride\n|-damage|p2a: Pride|0 fnt\n|faint|p2a: Pride\n|\n|-weather|none\n|upkeep\n|\n|t:|1699886819\n|switch|p2a: Wrath|Haxorus, F, shiny|100\/100\n|-damage|p2a: Wrath|76\/100|[from] Spikes\n|-ability|p2a: Wrath|Mold Breaker\n|turn|20\n|\n|t:|1699886827\n|move|p2a: Wrath|Outrage|p1a: Banette\n|-damage|p1a: Banette|44\/100\n|move|p1a: Banette|Poltergeist|p2a: Wrath\n|-activate|p2a: Wrath|move: Poltergeist|Leftovers\n|-damage|p2a: Wrath|0 fnt\n|faint|p2a: Wrath\n|\n|upkeep\n|\n|t:|1699886837\n|switch|p2a: Lust|Beedrill-Mega, M|76\/100\n|-damage|p2a: Lust|51\/100|[from] Spikes\n|turn|21\n|\n|t:|1699886841\n|move|p1a: Banette|Shadow Sneak|p2a: Lust\n|-damage|p2a: Lust|0 fnt\n|faint|p2a: Lust\n|\n|win|Chips du 43\n|raw|Chips du 43's rating: 1240 &rarr; <strong>1260<\/strong><br \/>(+20 for winning)\n|raw|Leo57_Lucario's rating: 1166 &rarr; <strong>1146<\/strong><br \/>(-20 for losing)\n|l|\u2606Leo57_Lucario\n","uploadtime":1699886861,"views":5,"p1id":"chipsdu43","p2id":"leo57lucario","formatid":"gen9nationaldex","rating":1146,"private":0,"password":""}