{"id":"gen9nationaldex-1998634682","p1":"Keanmon","p2":"qazserfvgyujnko","format":"[Gen 9] National Dex","log":"|html|<div class=\"broadcast-blue\"><strong>[Gen 9] National Dex is currently suspecting Sneasler! For information on how to participate check out the <a href=\"https:\/\/www.smogon.com\/forums\/threads\/sv-national-dex-suspect-8-just-dance.3731534\/\">suspect thread<\/a>.<\/strong><\/div>\n|j|\u2606Keanmon\n|j|\u2606qazserfvgyujnko\n|t:|1700965669\n|gametype|singles\n|player|p1|Keanmon|rood|1122\n|player|p2|qazserfvgyujnko|benga|1194\n|teamsize|p1|6\n|teamsize|p2|6\n|gen|9\n|tier|[Gen 9] National Dex\n|rated|\n|rule|HP Percentage Mod: HP is shown in percentages\n|rule|Endless Battle Clause: Forcing endless battles is banned\n|rule|OHKO Clause: OHKO moves are banned\n|rule|Evasion Clause: Evasion abilities, items, and moves are banned\n|rule|Evasion Abilities Clause: Evasion abilities are banned\n|rule|Evasion Items Clause: Evasion items are banned\n|rule|Evasion Moves Clause: Evasion moves are banned\n|rule|Species Clause: Limit one of each Pok\u00e9mon\n|rule|Sleep Clause Mod: Limit one foe put to sleep\n|clearpoke\n|poke|p1|Cloyster, M|\n|poke|p1|Forretress, M|\n|poke|p1|Solrock|\n|poke|p1|Glalie, M|\n|poke|p1|Ferrothorn, M|\n|poke|p1|Carbink|\n|poke|p2|Empoleon, M|\n|poke|p2|Iron Valiant|\n|poke|p2|Altaria, M|\n|poke|p2|Zoroark-Hisui, F|\n|poke|p2|Volcanion|\n|poke|p2|Great Tusk|\n|teampreview\n|\n|t:|1700965682\n|start\n|switch|p1a: Geoshine|Solrock|100\/100\n|switch|p2a: \u94c1\u8f99\u8ff9\u7684\u53e4\u4ee3\u79cd\u7684\u53e4\u4ee3\u79cd|Great Tusk|100\/100\n|turn|1\n|\n|t:|1700965688\n|move|p1a: Geoshine|Zen Headbutt|p2a: \u94c1\u8f99\u8ff9\u7684\u53e4\u4ee3\u79cd\u7684\u53e4\u4ee3\u79cd\n|-supereffective|p2a: \u94c1\u8f99\u8ff9\u7684\u53e4\u4ee3\u79cd\u7684\u53e4\u4ee3\u79cd\n|-damage|p2a: \u94c1\u8f99\u8ff9\u7684\u53e4\u4ee3\u79cd\u7684\u53e4\u4ee3\u79cd|61\/100\n|-damage|p1a: Geoshine|84\/100|[from] item: Rocky Helmet|[of] p2a: \u94c1\u8f99\u8ff9\u7684\u53e4\u4ee3\u79cd\u7684\u53e4\u4ee3\u79cd\n|move|p2a: \u94c1\u8f99\u8ff9\u7684\u53e4\u4ee3\u79cd\u7684\u53e4\u4ee3\u79cd|Knock Off|p1a: Geoshine\n|-supereffective|p1a: Geoshine\n|-crit|p1a: Geoshine\n|-damage|p1a: Geoshine|0 fnt\n|-enditem|p1a: Geoshine|Choice Scarf|[from] move: Knock Off|[of] p2a: \u94c1\u8f99\u8ff9\u7684\u53e4\u4ee3\u79cd\u7684\u53e4\u4ee3\u79cd\n|faint|p1a: Geoshine\n|\n|upkeep\n|\n|t:|1700965698\n|switch|p1a: Comastone|Carbink|100\/100\n|turn|2\n|\n|t:|1700965709\n|move|p2a: \u94c1\u8f99\u8ff9\u7684\u53e4\u4ee3\u79cd\u7684\u53e4\u4ee3\u79cd|Headlong Rush|p1a: Comastone\n|-supereffective|p1a: Comastone\n|-damage|p1a: Comastone|6\/100\n|-unboost|p2a: \u94c1\u8f99\u8ff9\u7684\u53e4\u4ee3\u79cd\u7684\u53e4\u4ee3\u79cd|def|1\n|-unboost|p2a: \u94c1\u8f99\u8ff9\u7684\u53e4\u4ee3\u79cd\u7684\u53e4\u4ee3\u79cd|spd|1\n|-enditem|p1a: Comastone|Sitrus Berry|[eat]\n|-heal|p1a: Comastone|31\/100|[from] item: Sitrus Berry\n|move|p1a: Comastone|Moonblast|p2a: \u94c1\u8f99\u8ff9\u7684\u53e4\u4ee3\u79cd\u7684\u53e4\u4ee3\u79cd\n|-supereffective|p2a: \u94c1\u8f99\u8ff9\u7684\u53e4\u4ee3\u79cd\u7684\u53e4\u4ee3\u79cd\n|-damage|p2a: \u94c1\u8f99\u8ff9\u7684\u53e4\u4ee3\u79cd\u7684\u53e4\u4ee3\u79cd|0 fnt\n|faint|p2a: \u94c1\u8f99\u8ff9\u7684\u53e4\u4ee3\u79cd\u7684\u53e4\u4ee3\u79cd\n|-end|p2a: \u94c1\u8f99\u8ff9\u7684\u53e4\u4ee3\u79cd\u7684\u53e4\u4ee3\u79cd|Protosynthesis|[silent]\n|\n|upkeep\n|\n|t:|1700965720\n|switch|p2a: \u60f3\u88ab\u70e7\u4f24\u5417|Volcanion|100\/100\n|turn|3\n|\n|t:|1700965729\n|switch|p1a: Whiplash|Ferrothorn, M|100\/100\n|move|p2a: \u60f3\u88ab\u70e7\u4f24\u5417|Earth Power|p1a: Whiplash\n|-crit|p1a: Whiplash\n|-damage|p1a: Whiplash|61\/100\n|\n|upkeep\n|turn|4\n|\n|t:|1700965732\n|move|p2a: \u60f3\u88ab\u70e7\u4f24\u5417|Flamethrower|p1a: Whiplash\n|-supereffective|p1a: Whiplash\n|-damage|p1a: Whiplash|0 fnt\n|faint|p1a: Whiplash\n|\n|upkeep\n|\n|t:|1700965734\n|switch|p1a: Shellshocker|Cloyster, M|100\/100\n|turn|5\n|\n|t:|1700965741\n|move|p1a: Shellshocker|Shell Smash|p1a: Shellshocker\n|-unboost|p1a: Shellshocker|def|1\n|-unboost|p1a: Shellshocker|spd|1\n|-boost|p1a: Shellshocker|atk|2\n|-boost|p1a: Shellshocker|spa|2\n|-boost|p1a: Shellshocker|spe|2\n|move|p2a: \u60f3\u88ab\u70e7\u4f24\u5417|Flamethrower|p1a: Shellshocker\n|-enditem|p1a: Shellshocker|Focus Sash\n|-damage|p1a: Shellshocker|1\/100\n|\n|upkeep\n|turn|6\n|\n|t:|1700965748\n|move|p1a: Shellshocker|Rock Blast|p2a: \u60f3\u88ab\u70e7\u4f24\u5417\n|-supereffective|p2a: \u60f3\u88ab\u70e7\u4f24\u5417\n|-damage|p2a: \u60f3\u88ab\u70e7\u4f24\u5417|77\/100\n|-supereffective|p2a: \u60f3\u88ab\u70e7\u4f24\u5417\n|-damage|p2a: \u60f3\u88ab\u70e7\u4f24\u5417|55\/100\n|-supereffective|p2a: \u60f3\u88ab\u70e7\u4f24\u5417\n|-damage|p2a: \u60f3\u88ab\u70e7\u4f24\u5417|33\/100\n|-supereffective|p2a: \u60f3\u88ab\u70e7\u4f24\u5417\n|-damage|p2a: \u60f3\u88ab\u70e7\u4f24\u5417|11\/100\n|-supereffective|p2a: \u60f3\u88ab\u70e7\u4f24\u5417\n|-damage|p2a: \u60f3\u88ab\u70e7\u4f24\u5417|0 fnt\n|faint|p2a: \u60f3\u88ab\u70e7\u4f24\u5417\n|-hitcount|p2: \u60f3\u88ab\u70e7\u4f24\u5417|5\n|\n|upkeep\n|\n|t:|1700965751\n|switch|p2a: \u5b87\u5b99\u7b2c\u4e00\u5feb|Iron Valiant|100\/100\n|turn|7\n|\n|t:|1700965756\n|move|p1a: Shellshocker|Icicle Spear|p2a: \u5b87\u5b99\u7b2c\u4e00\u5feb\n|-damage|p2a: \u5b87\u5b99\u7b2c\u4e00\u5feb|60\/100\n|replace|p2a: Zoroark|Zoroark-Hisui, F, shiny\n|-end|p2a: Zoroark|Illusion\n|-damage|p2a: Zoroark|18\/100\n|-damage|p2a: Zoroark|0 fnt\n|faint|p2a: Zoroark\n|-hitcount|p2: Zoroark|3\n|\n|upkeep\n|\n|t:|1700965760\n|switch|p2a: \u6211\u7684\u597d\u80dc\u56de\u6765\u4e86|Empoleon, M|100\/100\n|turn|8\n|\n|t:|1700965765\n|move|p1a: Shellshocker|Icicle Spear|p2a: \u6211\u7684\u597d\u80dc\u56de\u6765\u4e86\n|-resisted|p2a: \u6211\u7684\u597d\u80dc\u56de\u6765\u4e86\n|-damage|p2a: \u6211\u7684\u597d\u80dc\u56de\u6765\u4e86|95\/100\n|-resisted|p2a: \u6211\u7684\u597d\u80dc\u56de\u6765\u4e86\n|-crit|p2a: \u6211\u7684\u597d\u80dc\u56de\u6765\u4e86\n|-damage|p2a: \u6211\u7684\u597d\u80dc\u56de\u6765\u4e86|87\/100\n|-resisted|p2a: \u6211\u7684\u597d\u80dc\u56de\u6765\u4e86\n|-damage|p2a: \u6211\u7684\u597d\u80dc\u56de\u6765\u4e86|81\/100\n|-resisted|p2a: \u6211\u7684\u597d\u80dc\u56de\u6765\u4e86\n|-damage|p2a: \u6211\u7684\u597d\u80dc\u56de\u6765\u4e86|76\/100\n|-resisted|p2a: \u6211\u7684\u597d\u80dc\u56de\u6765\u4e86\n|-damage|p2a: \u6211\u7684\u597d\u80dc\u56de\u6765\u4e86|70\/100\n|-hitcount|p2a: \u6211\u7684\u597d\u80dc\u56de\u6765\u4e86|5\n|move|p2a: \u6211\u7684\u597d\u80dc\u56de\u6765\u4e86|Scald|p1a: Shellshocker\n|-resisted|p1a: Shellshocker\n|-damage|p1a: Shellshocker|0 fnt\n|faint|p1a: Shellshocker\n|-damage|p2a: \u6211\u7684\u597d\u80dc\u56de\u6765\u4e86|60\/100|[from] item: Life Orb\n|\n|upkeep\n|\n|t:|1700965768\n|switch|p1a: Ironut|Forretress, M|100\/100\n|turn|9\n|\n|t:|1700965773\n|move|p2a: \u6211\u7684\u597d\u80dc\u56de\u6765\u4e86|Scald|p1a: Ironut\n|-damage|p1a: Ironut|32\/100\n|-damage|p2a: \u6211\u7684\u597d\u80dc\u56de\u6765\u4e86|50\/100|[from] item: Life Orb\n|move|p1a: Ironut|Zap Cannon|p2a: \u6211\u7684\u597d\u80dc\u56de\u6765\u4e86|[miss]\n|-miss|p1a: Ironut|p2a: \u6211\u7684\u597d\u80dc\u56de\u6765\u4e86\n|\n|-heal|p1a: Ironut|38\/100|[from] item: Leftovers\n|upkeep\n|turn|10\n|\n|t:|1700965782\n|move|p2a: \u6211\u7684\u597d\u80dc\u56de\u6765\u4e86|Scald|p1a: Ironut\n|-damage|p1a: Ironut|0 fnt\n|faint|p1a: Ironut\n|-damage|p2a: \u6211\u7684\u597d\u80dc\u56de\u6765\u4e86|40\/100|[from] item: Life Orb\n|\n|upkeep\n|\n|t:|1700965789\n|switch|p1a: Cryosion|Glalie, M|100\/100\n|turn|11\n|\n|t:|1700965792\n|detailschange|p1a: Cryosion|Glalie-Mega, M\n|-mega|p1a: Cryosion|Glalie|Glalitite\n|move|p1a: Cryosion|Earthquake|p2a: \u6211\u7684\u597d\u80dc\u56de\u6765\u4e86\n|-supereffective|p2a: \u6211\u7684\u597d\u80dc\u56de\u6765\u4e86\n|-damage|p2a: \u6211\u7684\u597d\u80dc\u56de\u6765\u4e86|0 fnt\n|faint|p2a: \u6211\u7684\u597d\u80dc\u56de\u6765\u4e86\n|\n|upkeep\n|\n|t:|1700965797\n|switch|p2a: \u5b87\u5b99\u7b2c\u4e00\u5feb|Iron Valiant|100\/100\n|-enditem|p2a: \u5b87\u5b99\u7b2c\u4e00\u5feb|Booster Energy\n|-activate|p2a: \u5b87\u5b99\u7b2c\u4e00\u5feb|ability: Quark Drive|[fromitem]\n|-start|p2a: \u5b87\u5b99\u7b2c\u4e00\u5feb|quarkdrivespe\n|turn|12\n|\n|t:|1700965801\n|move|p2a: \u5b87\u5b99\u7b2c\u4e00\u5feb|Close Combat|p1a: Cryosion\n|-supereffective|p1a: Cryosion\n|-damage|p1a: Cryosion|0 fnt\n|-unboost|p2a: \u5b87\u5b99\u7b2c\u4e00\u5feb|def|1\n|-unboost|p2a: \u5b87\u5b99\u7b2c\u4e00\u5feb|spd|1\n|faint|p1a: Cryosion\n|\n|upkeep\n|\n|t:|1700965804\n|switch|p1a: Comastone|Carbink|31\/100\n|turn|13\n|\n|t:|1700965807\n|move|p2a: \u5b87\u5b99\u7b2c\u4e00\u5feb|Leaf Blade|p1a: Comastone\n|-supereffective|p1a: Comastone\n|-damage|p1a: Comastone|0 fnt\n|faint|p1a: Comastone\n|\n|win|qazserfvgyujnko\n|raw|Keanmon's rating: 1122 &rarr; <strong>1102<\/strong><br \/>(-20 for losing)\n|raw|qazserfvgyujnko's rating: 1194 &rarr; <strong>1214<\/strong><br \/>(+20 for winning)\n|l|\u2606Keanmon\n","uploadtime":1700965811,"views":3,"p1id":"keanmon","p2id":"qazserfvgyujnko","formatid":"gen9nationaldex","rating":1102,"private":0,"password":""}