{"id":"gen9nationaldex-1987495426","p1":"mtyqjltz4","p2":"WucSword","format":"[Gen 9] National Dex","log":"|j|\u2606mtyqjltz4\n|j|\u2606WucSword\n|t:|1699601382\n|gametype|singles\n|player|p1|mtyqjltz4|elesa|1457\n|player|p2|WucSword|cynthia|1347\n|teamsize|p1|6\n|teamsize|p2|6\n|gen|9\n|tier|[Gen 9] National Dex\n|rated|\n|rule|HP Percentage Mod: HP is shown in percentages\n|rule|Endless Battle Clause: Forcing endless battles is banned\n|rule|OHKO Clause: OHKO moves are banned\n|rule|Evasion Clause: Evasion abilities, items, and moves are banned\n|rule|Evasion Abilities Clause: Evasion abilities are banned\n|rule|Evasion Items Clause: Evasion items are banned\n|rule|Evasion Moves Clause: Evasion moves are banned\n|rule|Species Clause: Limit one of each Pok\u00e9mon\n|rule|Sleep Clause Mod: Limit one foe put to sleep\n|clearpoke\n|poke|p1|Butterfree, F|\n|poke|p1|Moltres|\n|poke|p1|Venusaur, M|\n|poke|p1|Samurott-Hisui, M|\n|poke|p1|Jirachi|\n|poke|p1|Iron Valiant|\n|poke|p2|Medicham, M|\n|poke|p2|Tapu Koko|\n|poke|p2|Sneasler, M|\n|poke|p2|Moltres|\n|poke|p2|Urshifu-*, F|\n|poke|p2|Iron Valiant|\n|teampreview\n|inactive|Battle timer is ON: inactive players will automatically lose when time's up. (requested by WucSword)\n|\n|t:|1699601398\n|start\n|switch|p1a: Venusaur|Venusaur, M|100\/100\n|switch|p2a: Tapu Koko|Tapu Koko|100\/100\n|-fieldstart|move: Electric Terrain|[from] ability: Electric Surge|[of] p2a: Tapu Koko\n|turn|1\n|\n|t:|1699601404\n|detailschange|p1a: Venusaur|Venusaur-Mega, M\n|-mega|p1a: Venusaur|Venusaur|Venusaurite\n|move|p2a: Tapu Koko|U-turn|p1a: Venusaur\n|-damage|p1a: Venusaur|84\/100\n|\n|t:|1699601408\n|switch|p2a: Moltres|Moltres|100\/100|[from] U-turn\n|move|p1a: Venusaur|Earth Power|p2a: Moltres\n|-immune|p2a: Moltres\n|\n|upkeep\n|turn|2\n|\n|t:|1699601413\n|move|p2a: Moltres|U-turn|p1a: Venusaur\n|-damage|p1a: Venusaur|73\/100\n|\n|t:|1699601421\n|switch|p2a: Sneasler|Sneasler, M|100\/100|[from] U-turn\n|-enditem|p2a: Sneasler|Electric Seed\n|-boost|p2a: Sneasler|def|1|[from] item: Electric Seed\n|move|p1a: Venusaur|Sludge Bomb|p2a: Sneasler\n|-resisted|p2a: Sneasler\n|-crit|p2a: Sneasler\n|-damage|p2a: Sneasler|62\/100\n|\n|upkeep\n|turn|3\n|\n|t:|1699601445\n|switch|p1a: Moltres|Moltres|100\/100\n|move|p2a: Sneasler|Acrobatics|p1a: Moltres\n|-damage|p1a: Moltres|71\/100\n|\n|upkeep\n|turn|4\n|\n|t:|1699601465\n|switch|p2a: Moltres|Moltres|100\/100\n|move|p1a: Moltres|Roost|p1a: Moltres\n|-heal|p1a: Moltres|100\/100\n|-singleturn|p1a: Moltres|move: Roost\n|\n|upkeep\n|turn|5\n|\n|t:|1699601475\n|move|p1a: Moltres|U-turn|p2a: Moltres\n|-resisted|p2a: Moltres\n|-damage|p2a: Moltres|98\/100\n|inactive|mtyqjltz4 has 120 seconds left.\n|\n|t:|1699601502\n|switch|p1a: Venusaur|Venusaur-Mega, M|73\/100|[from] U-turn\n|move|p2a: Moltres|U-turn|p1a: Venusaur\n|-damage|p1a: Venusaur|62\/100\n|\n|t:|1699601506\n|switch|p2a: Medicham|Medicham, M|100\/100|[from] U-turn\n|\n|-fieldend|move: Electric Terrain\n|upkeep\n|turn|6\n|inactive|mtyqjltz4 has 120 seconds left.\n|\n|t:|1699601512\n|switch|p1a: Moltres|Moltres|100\/100\n|detailschange|p2a: Medicham|Medicham-Mega, M\n|-mega|p2a: Medicham|Medicham|Medichamite\n|move|p2a: Medicham|Psycho Cut|p1a: Moltres\n|-damage|p1a: Moltres|56\/100\n|\n|upkeep\n|turn|7\n|inactive|mtyqjltz4 has 120 seconds left.\n|\n|t:|1699601526\n|move|p2a: Medicham|Psycho Cut|p1a: Moltres\n|-damage|p1a: Moltres|13\/100\n|move|p1a: Moltres|Roost|p1a: Moltres\n|-heal|p1a: Moltres|63\/100\n|-singleturn|p1a: Moltres|move: Roost\n|\n|upkeep\n|turn|8\n|inactive|mtyqjltz4 has 120 seconds left.\n|\n|t:|1699601544\n|switch|p2a: Tapu Koko|Tapu Koko|100\/100\n|-fieldstart|move: Electric Terrain|[from] ability: Electric Surge|[of] p2a: Tapu Koko\n|switch|p1a: Samurott|Samurott-Hisui, M, shiny|100\/100\n|\n|upkeep\n|turn|9\n|inactive|mtyqjltz4 has 120 seconds left.\n|\n|t:|1699601573\n|switch|p1a: Jirachi|Jirachi, shiny|100\/100\n|move|p2a: Tapu Koko|U-turn|p1a: Jirachi\n|-damage|p1a: Jirachi|78\/100\n|\n|t:|1699601589\n|switch|p2a: Sneasler|Sneasler, M|62\/100|[from] U-turn\n|\n|upkeep\n|turn|10\n|\n|t:|1699601599\n|move|p2a: Sneasler|Close Combat|p1a: Jirachi\n|-crit|p1a: Jirachi\n|-damage|p1a: Jirachi|0 fnt\n|-unboost|p2a: Sneasler|def|1\n|-unboost|p2a: Sneasler|spd|1\n|faint|p1a: Jirachi\n|\n|upkeep\n|\n|t:|1699601609\n|switch|p1a: Iron Valiant|Iron Valiant|100\/100\n|-activate|p1a: Iron Valiant|ability: Quark Drive\n|-start|p1a: Iron Valiant|quarkdrivespe\n|turn|11\n|inactive|WucSword has 120 seconds left.\n|\n|t:|1699601643\n|switch|p2a: Tapu Koko|Tapu Koko|100\/100\n|move|p1a: Iron Valiant|Shadow Ball|p2a: Tapu Koko\n|-damage|p2a: Tapu Koko|60\/100\n|\n|upkeep\n|turn|12\n|inactive|mtyqjltz4 has 120 seconds left.\n|\n|t:|1699601651\n|move|p1a: Iron Valiant|Moonblast|p2a: Tapu Koko\n|-damage|p2a: Tapu Koko|0 fnt\n|faint|p2a: Tapu Koko\n|\n|-fieldend|move: Electric Terrain\n|-end|p1a: Iron Valiant|Quark Drive\n|upkeep\n|-enditem|p1a: Iron Valiant|Booster Energy\n|-activate|p1a: Iron Valiant|ability: Quark Drive|[fromitem]\n|-start|p1a: Iron Valiant|quarkdrivespe\n|\n|t:|1699601656\n|switch|p2a: Medicham|Medicham-Mega, M|100\/100\n|turn|13\n|\n|t:|1699601667\n|-terastallize|p1a: Iron Valiant|Steel\n|move|p2a: Medicham|Fake Out|p1a: Iron Valiant\n|-resisted|p1a: Iron Valiant\n|-damage|p1a: Iron Valiant|86\/100\n|cant|p1a: Iron Valiant|flinch\n|\n|upkeep\n|turn|14\n|inactive|WucSword has 120 seconds left.\n|\n|t:|1699601696\n|switch|p2a: Urshifu|Urshifu-Rapid-Strike, F|100\/100\n|move|p1a: Iron Valiant|Moonblast|p2a: Urshifu\n|-supereffective|p2a: Urshifu\n|-damage|p2a: Urshifu|0 fnt\n|faint|p2a: Urshifu\n|\n|upkeep\n|\n|t:|1699601706\n|switch|p2a: Moltres|Moltres|98\/100\n|turn|15\n|inactive|mtyqjltz4 has 120 seconds left.\n|inactive|mtyqjltz4 has 90 seconds left.\n|\n|t:|1699601789\n|-end|p1a: Iron Valiant|Quark Drive|[silent]\n|switch|p1a: Samurott|Samurott-Hisui, M, shiny|100\/100\n|move|p2a: Moltres|Flamethrower|p1a: Samurott\n|-resisted|p1a: Samurott\n|-damage|p1a: Samurott|72\/100\n|\n|upkeep\n|turn|16\n|\n|t:|1699601797\n|-terastallize|p2a: Moltres|Water\n|move|p1a: Samurott|Razor Shell|p2a: Moltres\n|-resisted|p2a: Moltres\n|-damage|p2a: Moltres|80\/100\n|-unboost|p2a: Moltres|def|1\n|move|p2a: Moltres|U-turn|p1a: Samurott\n|-supereffective|p1a: Samurott\n|-damage|p1a: Samurott|33\/100\n|\n|t:|1699601806\n|switch|p2a: Sneasler|Sneasler, M|62\/100|[from] U-turn\n|\n|upkeep\n|turn|17\n|\n|t:|1699601813\n|move|p1a: Samurott|Razor Shell|p2a: Sneasler\n|-damage|p2a: Sneasler|0 fnt\n|faint|p2a: Sneasler\n|\n|upkeep\n|\n|t:|1699601820\n|switch|p2a: Medicham|Medicham-Mega, M|100\/100\n|turn|18\n|inactive|mtyqjltz4 has 90 seconds left.\n|\n|t:|1699601833\n|switch|p1a: Moltres|Moltres|63\/100\n|move|p2a: Medicham|Fake Out|p1a: Moltres\n|-damage|p1a: Moltres|47\/100\n|-status|p2a: Medicham|brn|[from] ability: Flame Body|[of] p1a: Moltres\n|\n|-damage|p2a: Medicham|94\/100 brn|[from] brn\n|upkeep\n|turn|19\n|\n|t:|1699601839\n|switch|p2a: Iron Valiant|Iron Valiant|100\/100\n|-enditem|p2a: Iron Valiant|Booster Energy\n|-activate|p2a: Iron Valiant|ability: Quark Drive|[fromitem]\n|-start|p2a: Iron Valiant|quarkdrivespe\n|move|p1a: Moltres|Roost|p1a: Moltres\n|-heal|p1a: Moltres|97\/100\n|-singleturn|p1a: Moltres|move: Roost\n|\n|upkeep\n|turn|20\n|\n|t:|1699601843\n|move|p2a: Iron Valiant|Thunderbolt|p1a: Moltres\n|-supereffective|p1a: Moltres\n|-damage|p1a: Moltres|34\/100\n|move|p1a: Moltres|Flamethrower|p2a: Iron Valiant\n|-damage|p2a: Iron Valiant|35\/100\n|-status|p2a: Iron Valiant|brn\n|\n|-damage|p2a: Iron Valiant|29\/100 brn|[from] brn\n|upkeep\n|turn|21\n|\n|t:|1699601850\n|-end|p2a: Iron Valiant|Quark Drive|[silent]\n|switch|p2a: Medicham|Medicham-Mega, M|94\/100 brn\n|move|p1a: Moltres|Flamethrower|p2a: Medicham\n|-damage|p2a: Medicham|43\/100 brn\n|\n|-damage|p2a: Medicham|37\/100 brn|[from] brn\n|upkeep\n|turn|22\n|\n|t:|1699601860\n|move|p2a: Medicham|Psycho Cut|p1a: Moltres\n|-damage|p1a: Moltres|11\/100\n|move|p1a: Moltres|Flamethrower|p2a: Medicham\n|-damage|p2a: Medicham|0 fnt\n|faint|p2a: Medicham\n|\n|upkeep\n|-message|WucSword forfeited.\n|\n|win|mtyqjltz4\n|raw|mtyqjltz4's rating: 1457 &rarr; <strong>1471<\/strong><br \/>(+14 for winning)\n|raw|WucSword's rating: 1347 &rarr; <strong>1333<\/strong><br \/>(-14 for losing)\n|l|\u2606WucSword\n","uploadtime":1699601871,"views":16,"p1id":"mtyqjltz4","p2id":"wucsword","formatid":"gen9nationaldex","rating":1333,"private":0,"password":""}