{"id":"gen9nationaldex-1986974386","p1":"Smoilve gratin","p2":"ThatDumbo","format":"[Gen 9] National Dex","log":"|j|\u2606Smoilve gratin\n|j|\u2606ThatDumbo\n|t:|1699545804\n|gametype|singles\n|player|p1|Smoilve gratin|169|1043\n|player|p2|ThatDumbo|schoolkid-gen4dp|1154\n|teamsize|p1|6\n|teamsize|p2|6\n|gen|9\n|tier|[Gen 9] National Dex\n|rated|\n|rule|HP Percentage Mod: HP is shown in percentages\n|rule|Endless Battle Clause: Forcing endless battles is banned\n|rule|OHKO Clause: OHKO moves are banned\n|rule|Evasion Clause: Evasion abilities, items, and moves are banned\n|rule|Evasion Abilities Clause: Evasion abilities are banned\n|rule|Evasion Items Clause: Evasion items are banned\n|rule|Evasion Moves Clause: Evasion moves are banned\n|rule|Species Clause: Limit one of each Pok\u00e9mon\n|rule|Sleep Clause Mod: Limit one foe put to sleep\n|clearpoke\n|poke|p1|Regigigas|\n|poke|p1|Clefable, M|\n|poke|p1|Ribombee, M|\n|poke|p1|Appletun, M|\n|poke|p1|Alomomola, M|\n|poke|p1|Greninja-*, M|\n|poke|p2|Diggersby, F|\n|poke|p2|Cramorant, M|\n|poke|p2|Durant, M|\n|poke|p2|Tentacruel, F|\n|poke|p2|Tauros, M|\n|poke|p2|Azelf|\n|teampreview\n|\n|t:|1699545818\n|start\n|switch|p1a: Appletun|Appletun, M, shiny|100\/100\n|switch|p2a: Azure|Azelf|100\/100\n|turn|1\n|\n|t:|1699545824\n|move|p2a: Azure|Stealth Rock|p1a: Appletun\n|-sidestart|p1: Smoilve gratin|move: Stealth Rock\n|move|p1a: Appletun|Leech Seed|p2a: Azure\n|-start|p2a: Azure|move: Leech Seed\n|\n|-damage|p2a: Azure|88\/100|[from] Leech Seed|[of] p1a: Appletun\n|upkeep\n|turn|2\n|\n|t:|1699545832\n|switch|p2a: Terry|Tentacruel, F|100\/100\n|move|p1a: Appletun|Trailblaze|p2a: Terry\n|-damage|p2a: Terry|75\/100\n|-boost|p1a: Appletun|spe|1\n|\n|-heal|p2a: Terry|81\/100|[from] item: Leftovers\n|upkeep\n|turn|3\n|\n|t:|1699545841\n|move|p2a: Terry|Aqua Ring|p2a: Terry\n|-start|p2a: Terry|Aqua Ring\n|move|p1a: Appletun|Trailblaze|p2a: Terry\n|-damage|p2a: Terry|55\/100\n|-boost|p1a: Appletun|spe|1\n|\n|-heal|p2a: Terry|61\/100|[from] item: Leftovers\n|-heal|p2a: Terry|67\/100|[from] Aqua Ring\n|upkeep\n|turn|4\n|\n|t:|1699545846\n|move|p2a: Terry|Sludge Wave|p1a: Appletun\n|-supereffective|p1a: Appletun\n|-damage|p1a: Appletun|52\/100\n|move|p1a: Appletun|Apple Acid|p2a: Terry\n|-damage|p2a: Terry|38\/100\n|-unboost|p2a: Terry|spd|1\n|\n|-heal|p2a: Terry|44\/100|[from] item: Leftovers\n|-heal|p2a: Terry|50\/100|[from] Aqua Ring\n|upkeep\n|turn|5\n|\n|t:|1699545856\n|move|p2a: Terry|Sludge Wave|p1a: Appletun\n|-supereffective|p1a: Appletun\n|-damage|p1a: Appletun|0 fnt\n|faint|p1a: Appletun\n|\n|-heal|p2a: Terry|56\/100|[from] item: Leftovers\n|-heal|p2a: Terry|62\/100|[from] Aqua Ring\n|upkeep\n|\n|t:|1699545862\n|switch|p1a: Ribombee|Ribombee, M, shiny|100\/100\n|-damage|p1a: Ribombee|76\/100|[from] Stealth Rock\n|turn|6\n|\n|t:|1699545873\n|move|p1a: Ribombee|Sticky Web|p2a: Terry\n|-sidestart|p2: ThatDumbo|move: Sticky Web\n|move|p2a: Terry|Sludge Wave|p1a: Ribombee\n|-supereffective|p1a: Ribombee\n|-damage|p1a: Ribombee|0 fnt\n|faint|p1a: Ribombee\n|\n|-heal|p2a: Terry|68\/100|[from] item: Leftovers\n|-heal|p2a: Terry|74\/100|[from] Aqua Ring\n|upkeep\n|\n|t:|1699545882\n|switch|p1a: Regigigas|Regigigas, shiny|100\/100\n|-damage|p1a: Regigigas|88\/100|[from] Stealth Rock\n|-start|p1a: Regigigas|ability: Slow Start\n|turn|7\n|\n|t:|1699545889\n|move|p2a: Terry|Sludge Wave|p1a: Regigigas\n|-damage|p1a: Regigigas|67\/100\n|move|p1a: Regigigas|Power-Up Punch|p2a: Terry\n|-resisted|p2a: Terry\n|-damage|p2a: Terry|68\/100\n|-boost|p1a: Regigigas|atk|1\n|\n|-heal|p2a: Terry|74\/100|[from] item: Leftovers\n|-heal|p2a: Terry|80\/100|[from] Aqua Ring\n|upkeep\n|turn|8\n|\n|t:|1699545895\n|move|p2a: Terry|Rapid Spin|p1a: Regigigas\n|-damage|p1a: Regigigas|62\/100\n|-boost|p2a: Terry|spe|1\n|-sideend|p2: ThatDumbo|Sticky Web|[from] move: Rapid Spin|[of] p2a: Terry\n|move|p1a: Regigigas|Aerial Ace|p2a: Terry\n|-damage|p2a: Terry|52\/100\n|\n|-heal|p2a: Terry|58\/100|[from] item: Leftovers\n|-heal|p2a: Terry|64\/100|[from] Aqua Ring\n|upkeep\n|turn|9\n|\n|t:|1699545903\n|move|p2a: Terry|Sludge Wave|p1a: Regigigas\n|-damage|p1a: Regigigas|43\/100\n|move|p1a: Regigigas|Power-Up Punch|p2a: Terry\n|-resisted|p2a: Terry\n|-damage|p2a: Terry|55\/100\n|-boost|p1a: Regigigas|atk|1\n|\n|-heal|p2a: Terry|61\/100|[from] item: Leftovers\n|-heal|p2a: Terry|67\/100|[from] Aqua Ring\n|upkeep\n|turn|10\n|\n|t:|1699545913\n|move|p2a: Terry|Sludge Wave|p1a: Regigigas\n|-damage|p1a: Regigigas|23\/100\n|move|p1a: Regigigas|Drain Punch|p2a: Terry\n|-resisted|p2a: Terry\n|-damage|p2a: Terry|42\/100\n|-damage|p1a: Regigigas|14\/100|[from] ability: Liquid Ooze|[of] p2a: Terry\n|\n|-heal|p2a: Terry|48\/100|[from] item: Leftovers\n|-heal|p2a: Terry|54\/100|[from] Aqua Ring\n|upkeep\n|turn|11\n|\n|t:|1699545922\n|move|p2a: Terry|Sludge Wave|p1a: Regigigas\n|-damage|p1a: Regigigas|0 fnt\n|faint|p1a: Regigigas\n|-end|p1a: Regigigas|Slow Start|[silent]\n|\n|-heal|p2a: Terry|60\/100|[from] item: Leftovers\n|-heal|p2a: Terry|66\/100|[from] Aqua Ring\n|upkeep\n|\n|t:|1699545924\n|switch|p1a: Greninja|Greninja, M|100\/100\n|-damage|p1a: Greninja|88\/100|[from] Stealth Rock\n|turn|12\n|\n|t:|1699545929\n|move|p2a: Terry|Sludge Wave|p1a: Greninja\n|-damage|p1a: Greninja|27\/100\n|-status|p1a: Greninja|psn\n|move|p1a: Greninja|Swords Dance|p1a: Greninja\n|-boost|p1a: Greninja|atk|2\n|\n|-heal|p2a: Terry|72\/100|[from] item: Leftovers\n|-heal|p2a: Terry|78\/100|[from] Aqua Ring\n|-damage|p1a: Greninja|15\/100 psn|[from] psn\n|upkeep\n|turn|13\n|\n|t:|1699545937\n|move|p2a: Terry|Sludge Wave|p1a: Greninja\n|-damage|p1a: Greninja|0 fnt\n|faint|p1a: Greninja\n|\n|-heal|p2a: Terry|84\/100|[from] item: Leftovers\n|-heal|p2a: Terry|90\/100|[from] Aqua Ring\n|upkeep\n|\n|t:|1699545943\n|switch|p1a: Alomomola|Alomomola, M, shiny|100\/100\n|-damage|p1a: Alomomola|88\/100|[from] Stealth Rock\n|turn|14\n|\n|t:|1699545951\n|move|p2a: Terry|Sludge Wave|p1a: Alomomola\n|-damage|p1a: Alomomola|39\/100\n|move|p1a: Alomomola|Shadow Ball|p2a: Terry\n|-damage|p2a: Terry|56\/100\n|\n|-heal|p2a: Terry|62\/100|[from] item: Leftovers\n|-heal|p2a: Terry|68\/100|[from] Aqua Ring\n|upkeep\n|turn|15\n|\n|t:|1699545958\n|move|p2a: Terry|Sludge Wave|p1a: Alomomola\n|-damage|p1a: Alomomola|0 fnt\n|faint|p1a: Alomomola\n|\n|-heal|p2a: Terry|74\/100|[from] item: Leftovers\n|-heal|p2a: Terry|80\/100|[from] Aqua Ring\n|upkeep\n|\n|t:|1699545960\n|switch|p1a: Clefable|Clefable, M, shiny|100\/100\n|-damage|p1a: Clefable|88\/100|[from] Stealth Rock\n|turn|16\n|\n|t:|1699545964\n|move|p2a: Terry|Sludge Wave|p1a: Clefable\n|-supereffective|p1a: Clefable\n|-damage|p1a: Clefable|38\/100\n|-status|p1a: Clefable|psn\n|move|p1a: Clefable|Knock Off|p2a: Terry\n|-damage|p2a: Terry|54\/100\n|-enditem|p2a: Terry|Leftovers|[from] move: Knock Off|[of] p1a: Clefable\n|\n|-heal|p2a: Terry|60\/100|[from] Aqua Ring\n|-damage|p1a: Clefable|25\/100 psn|[from] psn\n|upkeep\n|turn|17\n|-message|Smoilve gratin forfeited.\n|\n|win|ThatDumbo\n|raw|Smoilve gratin's rating: 1043 &rarr; <strong>1032<\/strong><br \/>(-11 for losing)\n|raw|ThatDumbo's rating: 1154 &rarr; <strong>1171<\/strong><br \/>(+17 for winning)\n|l|\u2606Smoilve gratin\n","uploadtime":1699545980,"views":5,"p1id":"smoilvegratin","p2id":"thatdumbo","formatid":"gen9nationaldex","rating":1032,"private":0,"password":""}