{"id":"gen9nationaldex-1989508979","p1":"Autumn wings","p2":"Tpe16","format":"[Gen 9] National Dex","log":"|j|\u2606Autumn wings\n|j|\u2606Tpe16\n|t:|1699862815\n|gametype|singles\n|player|p1|Autumn wings|red|1000\n|player|p2|Tpe16|ethan|1040\n|teamsize|p1|6\n|teamsize|p2|6\n|gen|9\n|tier|[Gen 9] National Dex\n|rated|\n|rule|HP Percentage Mod: HP is shown in percentages\n|rule|Endless Battle Clause: Forcing endless battles is banned\n|rule|OHKO Clause: OHKO moves are banned\n|rule|Evasion Clause: Evasion abilities, items, and moves are banned\n|rule|Evasion Abilities Clause: Evasion abilities are banned\n|rule|Evasion Items Clause: Evasion items are banned\n|rule|Evasion Moves Clause: Evasion moves are banned\n|rule|Species Clause: Limit one of each Pok\u00e9mon\n|rule|Sleep Clause Mod: Limit one foe put to sleep\n|clearpoke\n|poke|p1|Pidgeot, F|\n|poke|p1|Porygon2|\n|poke|p1|Pawmot, F|\n|poke|p1|Garganacl, F|\n|poke|p1|Scizor, F|\n|poke|p1|Maushold-Four|\n|poke|p2|Typhlosion, M|\n|poke|p2|Kartana|\n|poke|p2|Crobat, M|\n|poke|p2|Sharpedo, F|\n|poke|p2|Serperior, M|\n|poke|p2|Tyranitar, F|\n|teampreview\n|\n|t:|1699862821\n|start\n|switch|p1a: Maushold|Maushold-Four|100\/100\n|switch|p2a: AbdelKader|Tyranitar, F|100\/100\n|-weather|Sandstorm|[from] ability: Sand Stream|[of] p2a: AbdelKader\n|turn|1\n|\n|t:|1699862829\n|detailschange|p2a: AbdelKader|Tyranitar-Mega, F\n|-mega|p2a: AbdelKader|Tyranitar|Tyranitarite\n|move|p1a: Maushold|Play Rough|p2a: AbdelKader\n|-supereffective|p2a: AbdelKader\n|-damage|p2a: AbdelKader|69\/100\n|move|p2a: AbdelKader|Stealth Rock|p1a: Maushold\n|-sidestart|p1: Autumn wings|move: Stealth Rock\n|\n|-weather|Sandstorm|[upkeep]\n|-damage|p1a: Maushold|94\/100|[from] Sandstorm\n|upkeep\n|turn|2\n|inactive|Battle timer is ON: inactive players will automatically lose when time's up. (requested by Autumn wings)\n|\n|t:|1699862849\n|switch|p2a: Papier Ciseaux|Kartana|100\/100\n|move|p1a: Maushold|Population Bomb|p2a: Papier Ciseaux\n|-resisted|p2a: Papier Ciseaux\n|-damage|p2a: Papier Ciseaux|95\/100\n|-resisted|p2a: Papier Ciseaux\n|-damage|p2a: Papier Ciseaux|89\/100\n|-resisted|p2a: Papier Ciseaux\n|-damage|p2a: Papier Ciseaux|83\/100\n|-resisted|p2a: Papier Ciseaux\n|-damage|p2a: Papier Ciseaux|78\/100\n|-resisted|p2a: Papier Ciseaux\n|-damage|p2a: Papier Ciseaux|72\/100\n|-resisted|p2a: Papier Ciseaux\n|-damage|p2a: Papier Ciseaux|66\/100\n|-resisted|p2a: Papier Ciseaux\n|-crit|p2a: Papier Ciseaux\n|-damage|p2a: Papier Ciseaux|57\/100\n|-resisted|p2a: Papier Ciseaux\n|-damage|p2a: Papier Ciseaux|51\/100\n|-resisted|p2a: Papier Ciseaux\n|-damage|p2a: Papier Ciseaux|45\/100\n|-resisted|p2a: Papier Ciseaux\n|-crit|p2a: Papier Ciseaux\n|-damage|p2a: Papier Ciseaux|36\/100\n|-hitcount|p2a: Papier Ciseaux|10\n|\n|-weather|Sandstorm|[upkeep]\n|-damage|p1a: Maushold|88\/100|[from] Sandstorm\n|upkeep\n|turn|3\n|\n|t:|1699862875\n|move|p1a: Maushold|Population Bomb|p2a: Papier Ciseaux\n|-resisted|p2a: Papier Ciseaux\n|-damage|p2a: Papier Ciseaux|30\/100\n|-resisted|p2a: Papier Ciseaux\n|-damage|p2a: Papier Ciseaux|25\/100\n|-resisted|p2a: Papier Ciseaux\n|-damage|p2a: Papier Ciseaux|19\/100\n|-resisted|p2a: Papier Ciseaux\n|-damage|p2a: Papier Ciseaux|13\/100\n|-resisted|p2a: Papier Ciseaux\n|-damage|p2a: Papier Ciseaux|8\/100\n|-resisted|p2a: Papier Ciseaux\n|-damage|p2a: Papier Ciseaux|2\/100\n|-resisted|p2a: Papier Ciseaux\n|-damage|p2a: Papier Ciseaux|0 fnt\n|faint|p2a: Papier Ciseaux\n|-hitcount|p2: Papier Ciseaux|7\n|\n|-weather|Sandstorm|[upkeep]\n|-damage|p1a: Maushold|82\/100|[from] Sandstorm\n|upkeep\n|inactive|Tpe16 has 120 seconds left.\n|\n|t:|1699862895\n|switch|p2a: AbdelKader|Tyranitar-Mega, F|69\/100\n|turn|4\n|\n|t:|1699862904\n|move|p1a: Maushold|Population Bomb|p2a: AbdelKader\n|-resisted|p2a: AbdelKader\n|-damage|p2a: AbdelKader|66\/100\n|-resisted|p2a: AbdelKader\n|-damage|p2a: AbdelKader|62\/100\n|-resisted|p2a: AbdelKader\n|-damage|p2a: AbdelKader|59\/100\n|-resisted|p2a: AbdelKader\n|-damage|p2a: AbdelKader|55\/100\n|-resisted|p2a: AbdelKader\n|-damage|p2a: AbdelKader|52\/100\n|-resisted|p2a: AbdelKader\n|-damage|p2a: AbdelKader|48\/100\n|-resisted|p2a: AbdelKader\n|-damage|p2a: AbdelKader|44\/100\n|-resisted|p2a: AbdelKader\n|-damage|p2a: AbdelKader|40\/100\n|-resisted|p2a: AbdelKader\n|-damage|p2a: AbdelKader|37\/100\n|-resisted|p2a: AbdelKader\n|-damage|p2a: AbdelKader|33\/100\n|-hitcount|p2a: AbdelKader|10\n|move|p2a: AbdelKader|Stone Edge|p1a: Maushold\n|-damage|p1a: Maushold|0 fnt\n|faint|p1a: Maushold\n|\n|-weather|Sandstorm|[upkeep]\n|upkeep\n|\n|t:|1699862919\n|switch|p1a: Pawmot|Pawmot, F|100\/100\n|-damage|p1a: Pawmot|94\/100|[from] Stealth Rock\n|turn|5\n|inactive|Tpe16 has 120 seconds left.\n|\n|t:|1699862937\n|switch|p2a: Ernestine|Crobat, M|100\/100\n|move|p1a: Pawmot|Revival Blessing|p1a: Pawmot\n|-enditem|p1a: Pawmot|Leppa Berry|[eat]\n|-activate|p1a: Pawmot|item: Leppa Berry|Revival Blessing|[consumed]\n|\n|t:|1699862943\n|-heal|p1: Maushold|50\/100|[from] move: Revival Blessing\n|\n|-weather|none\n|upkeep\n|turn|6\n|\n|t:|1699862951\n|move|p2a: Ernestine|Brave Bird|p1a: Pawmot\n|-damage|p1a: Pawmot|15\/100\n|-damage|p2a: Ernestine|77\/100|[from] Recoil\n|move|p1a: Pawmot|Discharge|p2a: Ernestine\n|-supereffective|p2a: Ernestine\n|-damage|p2a: Ernestine|22\/100\n|-status|p2a: Ernestine|par\n|\n|upkeep\n|turn|7\n|\n|t:|1699862965\n|move|p1a: Pawmot|Discharge|p2a: Ernestine\n|-supereffective|p2a: Ernestine\n|-damage|p2a: Ernestine|0 fnt\n|faint|p2a: Ernestine\n|\n|upkeep\n|inactive|Tpe16 has 120 seconds left.\n|\n|t:|1699862979\n|switch|p2a: IvanMonka|Serperior, M|100\/100\n|turn|8\n|\n|t:|1699862983\n|move|p2a: IvanMonka|Leaf Storm|p1a: Pawmot|[miss]\n|-miss|p2a: IvanMonka|p1a: Pawmot\n|move|p1a: Pawmot|Discharge|p2a: IvanMonka\n|-resisted|p2a: IvanMonka\n|-damage|p2a: IvanMonka|91\/100\n|\n|upkeep\n|turn|9\n|\n|t:|1699862990\n|move|p2a: IvanMonka|Leaf Storm|p1a: Pawmot\n|-damage|p1a: Pawmot|0 fnt\n|-boost|p2a: IvanMonka|spa|2\n|faint|p1a: Pawmot\n|\n|upkeep\n|\n|t:|1699863002\n|switch|p1a: Scizor|Scizor, F|100\/100\n|-damage|p1a: Scizor|88\/100|[from] Stealth Rock\n|turn|10\n|\n|t:|1699863006\n|switch|p2a: McGregor|Typhlosion, M|100\/100\n|move|p1a: Scizor|Swords Dance|p1a: Scizor\n|-boost|p1a: Scizor|atk|2\n|\n|upkeep\n|turn|11\n|\n|t:|1699863015\n|-terastallize|p1a: Scizor|Steel\n|move|p1a: Scizor|Bullet Punch|p2a: McGregor\n|-resisted|p2a: McGregor\n|-damage|p2a: McGregor|21\/100\n|move|p2a: McGregor|Eruption|p1a: Scizor\n|-supereffective|p1a: Scizor\n|-damage|p1a: Scizor|0 fnt\n|faint|p1a: Scizor\n|\n|upkeep\n|\n|t:|1699863021\n|switch|p1a: Garganacl|Garganacl, F|100\/100\n|-damage|p1a: Garganacl|88\/100|[from] Stealth Rock\n|turn|12\n|\n|t:|1699863035\n|switch|p2a: J\u00e9sus|Sharpedo, F|100\/100\n|move|p1a: Garganacl|Thunder Punch|p2a: J\u00e9sus\n|-supereffective|p2a: J\u00e9sus\n|-damage|p2a: J\u00e9sus|17\/100\n|\n|-heal|p1a: Garganacl|94\/100|[from] item: Leftovers\n|upkeep\n|turn|13\n|\n|t:|1699863044\n|move|p2a: J\u00e9sus|Destiny Bond|p2a: J\u00e9sus\n|-singlemove|p2a: J\u00e9sus|Destiny Bond\n|move|p1a: Garganacl|Thunder Punch|p2a: J\u00e9sus\n|-supereffective|p2a: J\u00e9sus\n|-damage|p2a: J\u00e9sus|0 fnt\n|faint|p2a: J\u00e9sus\n|-activate|p2a: J\u00e9sus|move: Destiny Bond\n|faint|p1a: Garganacl\n|\n|upkeep\n|\n|t:|1699863054\n|switch|p2a: AbdelKader|Tyranitar-Mega, F|33\/100\n|switch|p1a: Maushold|Maushold-Four|50\/100\n|-damage|p1a: Maushold|38\/100|[from] Stealth Rock\n|-weather|Sandstorm|[from] ability: Sand Stream|[of] p2a: AbdelKader\n|turn|14\n|\n|t:|1699863065\n|move|p1a: Maushold|Play Rough|p2a: AbdelKader\n|-supereffective|p2a: AbdelKader\n|-damage|p2a: AbdelKader|2\/100\n|move|p2a: AbdelKader|Stone Edge|p1a: Maushold|[miss]\n|-miss|p2a: AbdelKader|p1a: Maushold\n|\n|-weather|Sandstorm|[upkeep]\n|-damage|p1a: Maushold|32\/100|[from] Sandstorm\n|upkeep\n|turn|15\n|\n|t:|1699863075\n|move|p1a: Maushold|Play Rough|p2a: AbdelKader\n|-supereffective|p2a: AbdelKader\n|-damage|p2a: AbdelKader|0 fnt\n|faint|p2a: AbdelKader\n|\n|-weather|Sandstorm|[upkeep]\n|-damage|p1a: Maushold|25\/100|[from] Sandstorm\n|upkeep\n|\n|t:|1699863083\n|switch|p2a: IvanMonka|Serperior, M|91\/100\n|turn|16\n|\n|t:|1699863090\n|move|p2a: IvanMonka|Leaf Storm|p1a: Maushold\n|-damage|p1a: Maushold|0 fnt\n|-boost|p2a: IvanMonka|spa|2\n|faint|p1a: Maushold\n|\n|-weather|Sandstorm|[upkeep]\n|-damage|p2a: IvanMonka|85\/100|[from] Sandstorm\n|upkeep\n|\n|t:|1699863094\n|switch|p1a: Pidgeot|Pidgeot, F|100\/100\n|-damage|p1a: Pidgeot|75\/100|[from] Stealth Rock\n|turn|17\n|\n|t:|1699863107\n|detailschange|p1a: Pidgeot|Pidgeot-Mega, F\n|-mega|p1a: Pidgeot|Pidgeot|Pidgeotite\n|-terastallize|p2a: IvanMonka|Grass\n|move|p2a: IvanMonka|Leaf Storm|p1a: Pidgeot\n|-resisted|p1a: Pidgeot\n|-damage|p1a: Pidgeot|14\/100\n|-boost|p2a: IvanMonka|spa|2\n|move|p1a: Pidgeot|Hurricane|p2a: IvanMonka\n|-supereffective|p2a: IvanMonka\n|-damage|p2a: IvanMonka|0 fnt\n|faint|p2a: IvanMonka\n|\n|-weather|Sandstorm|[upkeep]\n|-damage|p1a: Pidgeot|8\/100|[from] Sandstorm\n|upkeep\n|\n|t:|1699863118\n|switch|p2a: McGregor|Typhlosion, M|21\/100\n|turn|18\n|\n|t:|1699863125\n|move|p1a: Pidgeot|Hurricane|p2a: McGregor\n|-damage|p2a: McGregor|0 fnt\n|faint|p2a: McGregor\n|\n|win|Autumn wings\n|raw|Autumn wings's rating: 1000 &rarr; <strong>1045<\/strong><br \/>(+45 for winning)\n|raw|Tpe16's rating: 1040 &rarr; <strong>1022<\/strong><br \/>(-18 for losing)\n","uploadtime":1699863132,"views":6,"p1id":"autumnwings","p2id":"tpe16","formatid":"gen9nationaldex","rating":1022,"private":0,"password":""}