{"id":"gen9nationaldex-1993117004","p1":"mariousHex","p2":"Lu Lu Zhu","format":"[Gen 9] National Dex","log":"|j|\u2606mariousHex\n|j|\u2606Lu Lu Zhu\n|t:|1700266755\n|gametype|singles\n|player|p1|mariousHex|lillie-masters|1699\n|player|p2|Lu Lu Zhu|elesa|1741\n|teamsize|p1|6\n|teamsize|p2|6\n|gen|9\n|tier|[Gen 9] National Dex\n|rated|\n|rule|HP Percentage Mod: HP is shown in percentages\n|rule|Endless Battle Clause: Forcing endless battles is banned\n|rule|OHKO Clause: OHKO moves are banned\n|rule|Evasion Clause: Evasion abilities, items, and moves are banned\n|rule|Evasion Abilities Clause: Evasion abilities are banned\n|rule|Evasion Items Clause: Evasion items are banned\n|rule|Evasion Moves Clause: Evasion moves are banned\n|rule|Species Clause: Limit one of each Pok\u00e9mon\n|rule|Sleep Clause Mod: Limit one foe put to sleep\n|clearpoke\n|poke|p1|Weavile, F|\n|poke|p1|Landorus-Therian, M|\n|poke|p1|Zapdos|\n|poke|p1|Volcanion|\n|poke|p1|Kartana|\n|poke|p1|Scizor, M|\n|poke|p2|Scizor, F|\n|poke|p2|Iron Valiant|\n|poke|p2|Sneasler, F|\n|poke|p2|Ceruledge, F|\n|poke|p2|Gliscor, F|\n|poke|p2|Tapu Koko|\n|teampreview\n|inactive|Battle timer is ON: inactive players will automatically lose when time's up. (requested by Lu Lu Zhu)\n|\n|t:|1700266768\n|start\n|switch|p1a: Weavile|Weavile, F|100\/100\n|switch|p2a: Tapu Koko|Tapu Koko|100\/100\n|-fieldstart|move: Electric Terrain|[from] ability: Electric Surge|[of] p2a: Tapu Koko\n|-ability|p1a: Weavile|Pressure\n|turn|1\n|\n|t:|1700266777\n|switch|p1a: Scizor|Scizor, M|100\/100\n|move|p2a: Tapu Koko|Volt Switch|p1a: Scizor\n|-damage|p1a: Scizor|52\/100\n|\n|t:|1700266784\n|switch|p2a: Ceruledge|Ceruledge, F|100\/100|[from] Volt Switch\n|\n|upkeep\n|turn|2\n|\n|t:|1700266806\n|switch|p1a: Volcanion|Volcanion|100\/100\n|move|p2a: Ceruledge|Poltergeist|p1a: Volcanion\n|-activate|p1a: Volcanion|move: Poltergeist|Heavy-Duty Boots\n|-damage|p1a: Volcanion|71\/100\n|\n|upkeep\n|turn|3\n|\n|t:|1700266819\n|-terastallize|p2a: Ceruledge|Grass\n|move|p2a: Ceruledge|Bulk Up|p2a: Ceruledge\n|-boost|p2a: Ceruledge|atk|1\n|-boost|p2a: Ceruledge|def|1\n|move|p1a: Volcanion|Steam Eruption|p2a: Ceruledge\n|-resisted|p2a: Ceruledge\n|-damage|p2a: Ceruledge|85\/100\n|\n|upkeep\n|turn|4\n|\n|t:|1700266829\n|move|p2a: Ceruledge|Poltergeist|p1a: Volcanion\n|-activate|p1a: Volcanion|move: Poltergeist|Heavy-Duty Boots\n|-crit|p1a: Volcanion\n|-damage|p1a: Volcanion|11\/100\n|move|p1a: Volcanion|Flamethrower|p2a: Ceruledge\n|-start|p2a: Ceruledge|ability: Flash Fire\n|\n|upkeep\n|turn|5\n|\n|t:|1700266840\n|move|p2a: Ceruledge|Poltergeist|p1a: Volcanion\n|-activate|p1a: Volcanion|move: Poltergeist|Heavy-Duty Boots\n|-damage|p1a: Volcanion|0 fnt\n|faint|p1a: Volcanion\n|\n|-fieldend|move: Electric Terrain\n|upkeep\n|\n|t:|1700266844\n|switch|p1a: Zapdos|Zapdos|100\/100\n|turn|6\n|\n|t:|1700266856\n|-end|p2a: Ceruledge|ability: Flash Fire|[silent]\n|switch|p2a: Tapu Koko|Tapu Koko|100\/100\n|-fieldstart|move: Electric Terrain|[from] ability: Electric Surge|[of] p2a: Tapu Koko\n|move|p1a: Zapdos|Hurricane|p2a: Tapu Koko\n|-resisted|p2a: Tapu Koko\n|-damage|p2a: Tapu Koko|63\/100\n|\n|upkeep\n|turn|7\n|\n|t:|1700266861\n|switch|p1a: Landorus|Landorus-Therian, M|100\/100\n|-ability|p1a: Landorus|Intimidate|boost\n|-unboost|p2a: Tapu Koko|atk|1\n|move|p2a: Tapu Koko|Hidden Power|p1a: Landorus\n|-supereffective|p1a: Landorus\n|-damage|p1a: Landorus|0 fnt\n|faint|p1a: Landorus\n|\n|upkeep\n|\n|t:|1700266872\n|switch|p1a: Kartana|Kartana|100\/100\n|turn|8\n|\n|t:|1700266882\n|switch|p2a: Scizor|Scizor, F|100\/100\n|move|p1a: Kartana|Leaf Blade|p2a: Scizor\n|-resisted|p2a: Scizor\n|-damage|p2a: Scizor|87\/100\n|\n|upkeep\n|turn|9\n|\n|t:|1700266886\n|switch|p1a: Zapdos|Zapdos|100\/100\n|detailschange|p2a: Scizor|Scizor-Mega, F\n|-mega|p2a: Scizor|Scizor|Scizorite\n|move|p2a: Scizor|U-turn|p1a: Zapdos\n|-resisted|p1a: Zapdos\n|-damage|p1a: Zapdos|89\/100\n|\n|t:|1700266892\n|switch|p2a: Tapu Koko|Tapu Koko|63\/100|[from] U-turn\n|\n|upkeep\n|turn|10\n|-message|mariousHex forfeited.\n|\n|win|Lu Lu Zhu\n|raw|mariousHex's rating: 1699 &rarr; <strong>1681<\/strong><br \/>(-18 for losing)\n|raw|Lu Lu Zhu's rating: 1741 &rarr; <strong>1759<\/strong><br \/>(+18 for winning)\n|l|\u2606mariousHex\n","uploadtime":1700266900,"views":9,"p1id":"marioushex","p2id":"luluzhu","formatid":"gen9nationaldex","rating":1681,"private":0,"password":""}