{"id":"gen9nationaldex-1989200881","p1":"dunsparcedingo","p2":"xXNealXx420","format":"[Gen 9] National Dex","log":"|j|\u2606dunsparcedingo\n|j|\u2606xXNealXx420\n|t:|1699822781\n|gametype|singles\n|player|p1|dunsparcedingo|zinnia|\n|player|p2|xXNealXx420|sage|\n|teamsize|p1|6\n|teamsize|p2|6\n|gen|9\n|tier|[Gen 9] National Dex\n|rule|HP Percentage Mod: HP is shown in percentages\n|rule|Endless Battle Clause: Forcing endless battles is banned\n|rule|OHKO Clause: OHKO moves are banned\n|rule|Evasion Clause: Evasion abilities, items, and moves are banned\n|rule|Evasion Abilities Clause: Evasion abilities are banned\n|rule|Evasion Items Clause: Evasion items are banned\n|rule|Evasion Moves Clause: Evasion moves are banned\n|rule|Species Clause: Limit one of each Pok\u00e9mon\n|rule|Sleep Clause Mod: Limit one foe put to sleep\n|clearpoke\n|poke|p1|Mawile, F|\n|poke|p1|Goodra-Hisui, F|\n|poke|p1|Kommo-o, M|\n|poke|p1|Arcanine-Hisui, M|\n|poke|p1|Togekiss, F|\n|poke|p1|Runerigus, F|\n|poke|p2|Glimmora, M|\n|poke|p2|Latios, M|\n|poke|p2|Rillaboom, M|\n|poke|p2|Primarina, M|\n|poke|p2|Clodsire, F|\n|poke|p2|Infernape, F|\n|teampreview\n|\n|t:|1699822908\n|start\n|switch|p1a: JA MORANT|Mawile, F|100\/100\n|switch|p2a: Flamin' Hot|Infernape, F|100\/100\n|-ability|p1a: JA MORANT|Intimidate|boost\n|-unboost|p2a: Flamin' Hot|atk|1\n|turn|1\n|\n|t:|1699822944\n|switch|p1a: \"BRANDON CLARKE\"|Arcanine-Hisui, M|100\/100\n|-ability|p1a: \"BRANDON CLARKE\"|Intimidate|boost\n|-unboost|p2a: Flamin' Hot|atk|1\n|move|p2a: Flamin' Hot|Flare Blitz|p1a: \"BRANDON CLARKE\"\n|-resisted|p1a: \"BRANDON CLARKE\"\n|-damage|p1a: \"BRANDON CLARKE\"|92\/100\n|-damage|p2a: Flamin' Hot|97\/100|[from] Recoil\n|\n|upkeep\n|turn|2\n|\n|t:|1699822964\n|switch|p2a: Code Red|Clodsire, F|100\/100\n|switch|p1a: DESMOND BANE|Togekiss, F|100\/100\n|\n|upkeep\n|turn|3\n|\n|t:|1699822989\n|switch|p1a: \"JAKE LARAVIA\"|Runerigus, F|100\/100\n|move|p2a: Code Red|Toxic|p1a: \"JAKE LARAVIA\"\n|-status|p1a: \"JAKE LARAVIA\"|tox\n|\n|-damage|p1a: \"JAKE LARAVIA\"|94\/100 tox|[from] psn\n|upkeep\n|turn|4\n|\n|t:|1699823032\n|switch|p2a: Blue Burst|Primarina, M|100\/100\n|move|p1a: \"JAKE LARAVIA\"|Poltergeist|p2a: Blue Burst\n|-activate|p2a: Blue Burst|move: Poltergeist|Choice Specs\n|-damage|p2a: Blue Burst|38\/100\n|\n|-damage|p1a: \"JAKE LARAVIA\"|82\/100 tox|[from] psn\n|upkeep\n|turn|5\n|\n|t:|1699823054\n|switch|p1a: JAREN JACKSON JR|Goodra-Hisui, F|100\/100\n|move|p2a: Blue Burst|Surf|p1a: JAREN JACKSON JR\n|-resisted|p1a: JAREN JACKSON JR\n|-crit|p1a: JAREN JACKSON JR\n|-damage|p1a: JAREN JACKSON JR|65\/100\n|\n|-heal|p1a: JAREN JACKSON JR|71\/100|[from] item: Leftovers\n|upkeep\n|turn|6\n|\n|t:|1699823083\n|switch|p2a: Baja Blast|Rillaboom, M|100\/100\n|-fieldstart|move: Grassy Terrain|[from] ability: Grassy Surge|[of] p2a: Baja Blast\n|move|p1a: JAREN JACKSON JR|Acid Armor|p1a: JAREN JACKSON JR\n|-boost|p1a: JAREN JACKSON JR|def|2\n|\n|-heal|p1a: JAREN JACKSON JR|77\/100|[from] Grassy Terrain\n|-heal|p1a: JAREN JACKSON JR|83\/100|[from] item: Leftovers\n|upkeep\n|turn|7\n|\n|t:|1699823102\n|move|p2a: Baja Blast|Knock Off|p1a: JAREN JACKSON JR\n|-damage|p1a: JAREN JACKSON JR|61\/100\n|-enditem|p1a: JAREN JACKSON JR|Leftovers|[from] move: Knock Off|[of] p2a: Baja Blast\n|-damage|p2a: Baja Blast|91\/100|[from] item: Life Orb\n|move|p1a: JAREN JACKSON JR|Body Press|p2a: Baja Blast\n|-damage|p2a: Baja Blast|51\/100\n|\n|-heal|p2a: Baja Blast|57\/100|[from] Grassy Terrain\n|-heal|p1a: JAREN JACKSON JR|67\/100|[from] Grassy Terrain\n|upkeep\n|turn|8\n|\n|t:|1699823123\n|move|p2a: Baja Blast|Swords Dance|p2a: Baja Blast\n|-boost|p2a: Baja Blast|atk|2\n|move|p1a: JAREN JACKSON JR|Acid Armor|p1a: JAREN JACKSON JR\n|-boost|p1a: JAREN JACKSON JR|def|2\n|\n|-heal|p2a: Baja Blast|63\/100|[from] Grassy Terrain\n|-heal|p1a: JAREN JACKSON JR|73\/100|[from] Grassy Terrain\n|upkeep\n|turn|9\n|\n|t:|1699823133\n|move|p2a: Baja Blast|Swords Dance|p2a: Baja Blast\n|-boost|p2a: Baja Blast|atk|2\n|move|p1a: JAREN JACKSON JR|Body Press|p2a: Baja Blast\n|-damage|p2a: Baja Blast|12\/100\n|\n|-heal|p2a: Baja Blast|19\/100|[from] Grassy Terrain\n|-heal|p1a: JAREN JACKSON JR|79\/100|[from] Grassy Terrain\n|upkeep\n|turn|10\n|\n|t:|1699823164\n|move|p2a: Baja Blast|Superpower|p1a: JAREN JACKSON JR\n|-supereffective|p1a: JAREN JACKSON JR\n|-damage|p1a: JAREN JACKSON JR|0 fnt\n|-unboost|p2a: Baja Blast|atk|1\n|-unboost|p2a: Baja Blast|def|1\n|faint|p1a: JAREN JACKSON JR\n|-damage|p2a: Baja Blast|9\/100|[from] item: Life Orb\n|\n|-heal|p2a: Baja Blast|15\/100|[from] Grassy Terrain\n|-fieldend|move: Grassy Terrain\n|upkeep\n|\n|t:|1699823200\n|switch|p1a: \"BRANDON CLARKE\"|Arcanine-Hisui, M|92\/100\n|-ability|p1a: \"BRANDON CLARKE\"|Intimidate|boost\n|-unboost|p2a: Baja Blast|atk|1\n|turn|11\n|\n|t:|1699823214\n|move|p1a: \"BRANDON CLARKE\"|Extreme Speed|p2a: Baja Blast\n|-damage|p2a: Baja Blast|0 fnt\n|faint|p2a: Baja Blast\n|\n|upkeep\n|\n|t:|1699823225\n|switch|p2a: Diet|Glimmora, M|100\/100\n|turn|12\n|\n|t:|1699823238\n|switch|p1a: \"JAKE LARAVIA\"|Runerigus, F|82\/100 tox\n|move|p2a: Diet|Stealth Rock|p1a: \"JAKE LARAVIA\"\n|-sidestart|p1: dunsparcedingo|move: Stealth Rock\n|\n|-damage|p1a: \"JAKE LARAVIA\"|75\/100 tox|[from] psn\n|upkeep\n|turn|13\n|\n|t:|1699823254\n|move|p2a: Diet|Earth Power|p1a: \"JAKE LARAVIA\"\n|-damage|p1a: \"JAKE LARAVIA\"|54\/100 tox\n|move|p1a: \"JAKE LARAVIA\"|Earthquake|p2a: Diet\n|-supereffective|p2a: Diet\n|-enditem|p2a: Diet|Focus Sash\n|-damage|p2a: Diet|1\/100\n|-activate|p2a: Diet|ability: Toxic Debris\n|-sidestart|p1: dunsparcedingo|move: Toxic Spikes\n|\n|-damage|p1a: \"JAKE LARAVIA\"|42\/100 tox|[from] psn\n|upkeep\n|turn|14\n|\n|t:|1699823295\n|move|p2a: Diet|Power Gem|p1a: \"JAKE LARAVIA\"\n|-resisted|p1a: \"JAKE LARAVIA\"\n|-damage|p1a: \"JAKE LARAVIA\"|27\/100 tox\n|move|p1a: \"JAKE LARAVIA\"|Poltergeist||[still]\n|-fail|p1a: \"JAKE LARAVIA\"\n|\n|-damage|p1a: \"JAKE LARAVIA\"|8\/100 tox|[from] psn\n|upkeep\n|turn|15\n|j| MLAbbott\n|\n|t:|1699823351\n|move|p2a: Diet|Power Gem|p1a: \"JAKE LARAVIA\"\n|-resisted|p1a: \"JAKE LARAVIA\"\n|-damage|p1a: \"JAKE LARAVIA\"|0 fnt\n|faint|p1a: \"JAKE LARAVIA\"\n|\n|upkeep\n|\n|t:|1699823372\n|switch|p1a: JA MORANT|Mawile, F|100\/100\n|-damage|p1a: JA MORANT|94\/100|[from] Stealth Rock\n|-ability|p1a: JA MORANT|Intimidate|boost\n|-unboost|p2a: Diet|atk|1\n|turn|16\n|\n|t:|1699823387\n|detailschange|p1a: JA MORANT|Mawile-Mega, F\n|-mega|p1a: JA MORANT|Mawile|Mawilite\n|move|p1a: JA MORANT|Sucker Punch|p2a: Diet\n|-damage|p2a: Diet|0 fnt\n|-activate|p2a: Diet|ability: Toxic Debris\n|-sidestart|p1: dunsparcedingo|move: Toxic Spikes\n|faint|p2a: Diet\n|\n|upkeep\n|\n|t:|1699823407\n|switch|p2a: Flamin' Hot|Infernape, F|97\/100\n|turn|17\n|\n|t:|1699823431\n|switch|p1a: \"BRANDON CLARKE\"|Arcanine-Hisui, M|92\/100\n|-damage|p1a: \"BRANDON CLARKE\"|67\/100|[from] Stealth Rock\n|-status|p1a: \"BRANDON CLARKE\"|tox\n|-ability|p1a: \"BRANDON CLARKE\"|Intimidate|boost\n|-unboost|p2a: Flamin' Hot|atk|1\n|move|p2a: Flamin' Hot|U-turn|p1a: \"BRANDON CLARKE\"\n|-resisted|p1a: \"BRANDON CLARKE\"\n|-damage|p1a: \"BRANDON CLARKE\"|60\/100 tox\n|\n|t:|1699823448\n|switch|p2a: Code Red|Clodsire, F|100\/100|[from] U-turn\n|\n|-damage|p1a: \"BRANDON CLARKE\"|54\/100 tox|[from] psn\n|upkeep\n|turn|18\n|\n|t:|1699823472\n|switch|p1a: DESMOND BANE|Togekiss, F|100\/100\n|-damage|p1a: DESMOND BANE|76\/100|[from] Stealth Rock\n|-terastallize|p2a: Code Red|Flying\n|move|p2a: Code Red|Earthquake|p1a: DESMOND BANE\n|-immune|p1a: DESMOND BANE\n|\n|upkeep\n|turn|19\n|\n|t:|1699823521\n|move|p1a: DESMOND BANE|Defog|p2a: Code Red\n|-unboost|p2a: Code Red|evasion|1\n|-sideend|p1: dunsparcedingo|Toxic Spikes|[from] move: Defog|[of] p1a: DESMOND BANE\n|-sideend|p1: dunsparcedingo|Stealth Rock|[from] move: Defog|[of] p1a: DESMOND BANE\n|move|p2a: Code Red|Toxic|p1a: DESMOND BANE\n|-status|p1a: DESMOND BANE|tox\n|\n|-damage|p1a: DESMOND BANE|69\/100 tox|[from] psn\n|upkeep\n|turn|20\n|\n|t:|1699823544\n|move|p1a: DESMOND BANE|Wish|p1a: DESMOND BANE\n|move|p2a: Code Red|Spikes|p1a: DESMOND BANE\n|-sidestart|p1: dunsparcedingo|Spikes\n|\n|-damage|p1a: DESMOND BANE|57\/100 tox|[from] psn\n|upkeep\n|turn|21\n|\n|t:|1699823561\n|switch|p1a: \"STEPHEN ADAMS\"|Kommo-o, M|100\/100\n|-damage|p1a: \"STEPHEN ADAMS\"|88\/100|[from] Spikes\n|move|p2a: Code Red|Spikes|p1a: \"STEPHEN ADAMS\"\n|-sidestart|p1: dunsparcedingo|Spikes\n|\n|-heal|p1a: \"STEPHEN ADAMS\"|100\/100|[from] move: Wish|[wisher] DESMOND BANE\n|upkeep\n|turn|22\n|\n|t:|1699823578\n|move|p1a: \"STEPHEN ADAMS\"|Clangorous Soul|p1a: \"STEPHEN ADAMS\"\n|-boost|p1a: \"STEPHEN ADAMS\"|atk|1\n|-boost|p1a: \"STEPHEN ADAMS\"|def|1\n|-boost|p1a: \"STEPHEN ADAMS\"|spa|1\n|-boost|p1a: \"STEPHEN ADAMS\"|spd|1\n|-boost|p1a: \"STEPHEN ADAMS\"|spe|1\n|-damage|p1a: \"STEPHEN ADAMS\"|68\/100\n|move|p2a: Code Red|Toxic|p1a: \"STEPHEN ADAMS\"\n|-status|p1a: \"STEPHEN ADAMS\"|tox\n|\n|-damage|p1a: \"STEPHEN ADAMS\"|62\/100 tox|[from] psn\n|upkeep\n|turn|23\n|\n|t:|1699823595\n|move|p1a: \"STEPHEN ADAMS\"|Dragon Claw|p2a: Code Red\n|-damage|p2a: Code Red|47\/100\n|-damage|p1a: \"STEPHEN ADAMS\"|52\/100 tox|[from] item: Life Orb\n|move|p2a: Code Red|Recover|p2a: Code Red\n|-heal|p2a: Code Red|97\/100\n|\n|-heal|p2a: Code Red|100\/100|[from] item: Leftovers\n|-damage|p1a: \"STEPHEN ADAMS\"|39\/100 tox|[from] psn\n|upkeep\n|turn|24\n|\n|t:|1699823615\n|switch|p1a: DESMOND BANE|Togekiss, F|57\/100 tox\n|move|p2a: Code Red|Recover||[still]\n|-fail|p2a: Code Red|heal\n|\n|-damage|p1a: DESMOND BANE|51\/100 tox|[from] psn\n|upkeep\n|turn|25\n|\n|t:|1699823626\n|move|p1a: DESMOND BANE|Wish|p1a: DESMOND BANE\n|move|p2a: Code Red|Spikes|p1a: DESMOND BANE\n|-sidestart|p1: dunsparcedingo|Spikes\n|\n|-damage|p1a: DESMOND BANE|39\/100 tox|[from] psn\n|upkeep\n|turn|26\n|\n|t:|1699823633\n|move|p1a: DESMOND BANE|Defog|p2a: Code Red\n|-unboost|p2a: Code Red|evasion|1\n|-sideend|p1: dunsparcedingo|Spikes|[from] move: Defog|[of] p1a: DESMOND BANE\n|move|p2a: Code Red|Earthquake|p1a: DESMOND BANE\n|-immune|p1a: DESMOND BANE\n|\n|-heal|p1a: DESMOND BANE|89\/100 tox|[from] move: Wish|[wisher] DESMOND BANE\n|-damage|p1a: DESMOND BANE|70\/100 tox|[from] psn\n|upkeep\n|turn|27\n|\n|t:|1699823645\n|move|p1a: DESMOND BANE|Wish|p1a: DESMOND BANE\n|move|p2a: Code Red|Earthquake|p1a: DESMOND BANE\n|-immune|p1a: DESMOND BANE\n|\n|-damage|p1a: DESMOND BANE|46\/100 tox|[from] psn\n|upkeep\n|turn|28\n|\n|t:|1699823693\n|switch|p1a: JA MORANT|Mawile-Mega, F|94\/100\n|move|p2a: Code Red|Earthquake|p1a: JA MORANT\n|-supereffective|p1a: JA MORANT\n|-damage|p1a: JA MORANT|40\/100\n|\n|-heal|p1a: JA MORANT|100\/100|[from] move: Wish|[wisher] DESMOND BANE\n|upkeep\n|turn|29\n|\n|t:|1699823709\n|move|p1a: JA MORANT|Ice Punch|p2a: Code Red\n|-supereffective|p2a: Code Red\n|-damage|p2a: Code Red|0 fnt\n|faint|p2a: Code Red\n|\n|upkeep\n|\n|t:|1699823724\n|switch|p2a: Flamin' Hot|Infernape, F|97\/100\n|turn|30\n|\n|t:|1699823749\n|switch|p1a: \"BRANDON CLARKE\"|Arcanine-Hisui, M|54\/100 tox\n|-ability|p1a: \"BRANDON CLARKE\"|Intimidate|boost\n|-unboost|p2a: Flamin' Hot|atk|1\n|move|p2a: Flamin' Hot|Flare Blitz|p1a: \"BRANDON CLARKE\"\n|-resisted|p1a: \"BRANDON CLARKE\"\n|-damage|p1a: \"BRANDON CLARKE\"|42\/100 tox\n|-damage|p2a: Flamin' Hot|92\/100|[from] Recoil\n|\n|-damage|p1a: \"BRANDON CLARKE\"|36\/100 tox|[from] psn\n|upkeep\n|turn|31\n|\n|t:|1699823761\n|switch|p2a: Blue Burst|Primarina, M|38\/100\n|switch|p1a: DESMOND BANE|Togekiss, F|46\/100 tox\n|\n|-damage|p1a: DESMOND BANE|40\/100 tox|[from] psn\n|upkeep\n|turn|32\n|\n|t:|1699823783\n|move|p1a: DESMOND BANE|Wish|p1a: DESMOND BANE\n|move|p2a: Blue Burst|Surf|p1a: DESMOND BANE\n|-damage|p1a: DESMOND BANE|0 fnt\n|faint|p1a: DESMOND BANE\n|\n|upkeep\n|\n|t:|1699823814\n|switch|p1a: JA MORANT|Mawile-Mega, F|100\/100\n|turn|33\n|\n|t:|1699823820\n|move|p2a: Blue Burst|Surf|p1a: JA MORANT\n|-damage|p1a: JA MORANT|6\/100\n|move|p1a: JA MORANT|Swords Dance|p1a: JA MORANT\n|-boost|p1a: JA MORANT|atk|2\n|\n|-heal|p1a: JA MORANT|68\/100|[from] move: Wish|[wisher] DESMOND BANE\n|upkeep\n|turn|34\n|\n|t:|1699823843\n|move|p1a: JA MORANT|Sucker Punch|p2a: Blue Burst\n|-resisted|p2a: Blue Burst\n|-damage|p2a: Blue Burst|0 fnt\n|faint|p2a: Blue Burst\n|\n|upkeep\n|\n|t:|1699823858\n|switch|p2a: Flamin' Hot|Infernape, F|92\/100\n|turn|35\n|\n|t:|1699823889\n|switch|p1a: \"BRANDON CLARKE\"|Arcanine-Hisui, M|36\/100 tox\n|-ability|p1a: \"BRANDON CLARKE\"|Intimidate|boost\n|-unboost|p2a: Flamin' Hot|atk|1\n|move|p2a: Flamin' Hot|Flare Blitz|p1a: \"BRANDON CLARKE\"\n|-resisted|p1a: \"BRANDON CLARKE\"\n|-damage|p1a: \"BRANDON CLARKE\"|26\/100 tox\n|-damage|p2a: Flamin' Hot|88\/100|[from] Recoil\n|\n|-damage|p1a: \"BRANDON CLARKE\"|20\/100 tox|[from] psn\n|upkeep\n|turn|36\n|\n|t:|1699823917\n|switch|p2a: White Out|Latios, M|100\/100\n|-terastallize|p1a: \"BRANDON CLARKE\"|Normal\n|move|p1a: \"BRANDON CLARKE\"|Extreme Speed|p2a: White Out\n|-damage|p2a: White Out|21\/100\n|\n|-damage|p1a: \"BRANDON CLARKE\"|8\/100 tox|[from] psn\n|upkeep\n|turn|37\n|\n|t:|1699823930\n|detailschange|p2a: White Out|Latios-Mega, M\n|-mega|p2a: White Out|Latios|Latiosite\n|move|p1a: \"BRANDON CLARKE\"|Extreme Speed|p2a: White Out\n|-damage|p2a: White Out|0 fnt\n|faint|p2a: White Out\n|\n|-damage|p1a: \"BRANDON CLARKE\"|0 fnt|[from] psn\n|faint|p1a: \"BRANDON CLARKE\"\n|upkeep\n|\n|t:|1699823944\n|switch|p2a: Flamin' Hot|Infernape, F|88\/100\n|switch|p1a: \"STEPHEN ADAMS\"|Kommo-o, M|39\/100 tox\n|turn|38\n|\n|t:|1699824002\n|move|p2a: Flamin' Hot|Close Combat|p1a: \"STEPHEN ADAMS\"\n|-damage|p1a: \"STEPHEN ADAMS\"|0 fnt\n|-unboost|p2a: Flamin' Hot|def|1\n|-unboost|p2a: Flamin' Hot|spd|1\n|faint|p1a: \"STEPHEN ADAMS\"\n|\n|upkeep\n|\n|t:|1699824007\n|switch|p1a: JA MORANT|Mawile-Mega, F|68\/100\n|turn|39\n|\n|t:|1699824013\n|move|p1a: JA MORANT|Sucker Punch|p2a: Flamin' Hot\n|-resisted|p2a: Flamin' Hot\n|-damage|p2a: Flamin' Hot|31\/100\n|move|p2a: Flamin' Hot|Close Combat|p1a: JA MORANT\n|-damage|p1a: JA MORANT|9\/100\n|-unboost|p2a: Flamin' Hot|def|1\n|-unboost|p2a: Flamin' Hot|spd|1\n|\n|upkeep\n|turn|40\n|c|\u2606xXNealXx420|gg\n|\n|t:|1699824021\n|move|p1a: JA MORANT|Sucker Punch|p2a: Flamin' Hot\n|-resisted|p2a: Flamin' Hot\n|-damage|p2a: Flamin' Hot|0 fnt\n|faint|p2a: Flamin' Hot\n|\n|win|dunsparcedingo\n|c|\u2606dunsparcedingo|you win if you click flare blitz gg!!!!\n|l| MLAbbott\n","uploadtime":1699824050,"views":27,"p1id":"dunsparcedingo","p2id":"xxnealxx420","formatid":"gen9nationaldex","rating":0,"private":0,"password":""}