{"id":"gen9nationaldex-1991292116","p1":"adpg.alt","p2":"saigomm","format":"[Gen 9] National Dex","log":"|j|\u2606adpg.alt\n|j|\u2606saigomm\n|t:|1700064879\n|gametype|singles\n|player|p1|adpg.alt|hilbert-wonderlauncher|1551\n|player|p2|saigomm|erika-masters|1444\n|teamsize|p1|6\n|teamsize|p2|6\n|gen|9\n|tier|[Gen 9] National Dex\n|rated|\n|rule|HP Percentage Mod: HP is shown in percentages\n|rule|Endless Battle Clause: Forcing endless battles is banned\n|rule|OHKO Clause: OHKO moves are banned\n|rule|Evasion Clause: Evasion abilities, items, and moves are banned\n|rule|Evasion Abilities Clause: Evasion abilities are banned\n|rule|Evasion Items Clause: Evasion items are banned\n|rule|Evasion Moves Clause: Evasion moves are banned\n|rule|Species Clause: Limit one of each Pok\u00e9mon\n|rule|Sleep Clause Mod: Limit one foe put to sleep\n|clearpoke\n|poke|p1|Samurott-Hisui, M|\n|poke|p1|Grimmsnarl, M|\n|poke|p1|Gyarados, M|\n|poke|p1|Iron Valiant|\n|poke|p1|Sneasler, F|\n|poke|p1|Volcarona, M|\n|poke|p2|Pawmot, F|\n|poke|p2|Banette, F|\n|poke|p2|Rabsca, F|\n|poke|p2|Hatterene, F|\n|poke|p2|Nidoking, M|\n|poke|p2|Crawdaunt, M|\n|teampreview\n|inactive|Battle timer is ON: inactive players will automatically lose when time's up. (requested by saigomm)\n|\n|t:|1700064883\n|start\n|switch|p1a: Ronin|Samurott-Hisui, M, shiny|100\/100\n|switch|p2a: \u6253\u6211\u8bd5\u8bd5\uff1f|Banette, F|100\/100\n|-item|p1a: Ronin|Focus Sash|[from] ability: Frisk|[of] p2a: \u6253\u6211\u8bd5\u8bd5\uff1f|[identify]\n|turn|1\n|\n|t:|1700064886\n|detailschange|p2a: \u6253\u6211\u8bd5\u8bd5\uff1f|Banette-Mega, F\n|-mega|p2a: \u6253\u6211\u8bd5\u8bd5\uff1f|Banette|Banettite\n|move|p2a: \u6253\u6211\u8bd5\u8bd5\uff1f|Destiny Bond|p2a: \u6253\u6211\u8bd5\u8bd5\uff1f\n|-singlemove|p2a: \u6253\u6211\u8bd5\u8bd5\uff1f|Destiny Bond\n|move|p1a: Ronin|Ceaseless Edge|p2a: \u6253\u6211\u8bd5\u8bd5\uff1f\n|-supereffective|p2a: \u6253\u6211\u8bd5\u8bd5\uff1f\n|-damage|p2a: \u6253\u6211\u8bd5\u8bd5\uff1f|0 fnt\n|-sidestart|p2: saigomm|Spikes\n|faint|p2a: \u6253\u6211\u8bd5\u8bd5\uff1f\n|-activate|p2a: \u6253\u6211\u8bd5\u8bd5\uff1f|move: Destiny Bond\n|faint|p1a: Ronin\n|\n|upkeep\n|\n|t:|1700064898\n|switch|p1a: Grimmsnarl|Grimmsnarl, M|100\/100\n|switch|p2a: \u7267\u5e08|Pawmot, F|100\/100\n|-damage|p2a: \u7267\u5e08|88\/100|[from] Spikes\n|turn|2\n|\n|t:|1700064908\n|move|p1a: Grimmsnarl|Reflect|p1a: Grimmsnarl\n|-sidestart|p1: adpg.alt|Reflect\n|move|p2a: \u7267\u5e08|Close Combat|p1a: Grimmsnarl\n|-damage|p1a: Grimmsnarl|71\/100\n|-unboost|p2a: \u7267\u5e08|def|1\n|-unboost|p2a: \u7267\u5e08|spd|1\n|\n|upkeep\n|turn|3\n|\n|t:|1700064915\n|move|p2a: \u7267\u5e08|Revival Blessing|p2a: \u7267\u5e08\n|\n|t:|1700064917\n|-heal|p2: \u6253\u6211\u8bd5\u8bd5\uff1f|50\/100|[from] move: Revival Blessing\n|move|p1a: Grimmsnarl|Spirit Break|p2a: \u7267\u5e08\n|-supereffective|p2a: \u7267\u5e08\n|-damage|p2a: \u7267\u5e08|0 fnt\n|faint|p2a: \u7267\u5e08\n|\n|upkeep\n|\n|t:|1700064926\n|switch|p2a: \u5e03\u59d0|Hatterene, F|100\/100\n|-damage|p2a: \u5e03\u59d0|88\/100|[from] Spikes\n|turn|4\n|\n|t:|1700064930\n|move|p1a: Grimmsnarl|Light Screen|p1a: Grimmsnarl\n|-sidestart|p1: adpg.alt|move: Light Screen\n|move|p2a: \u5e03\u59d0|Trick Room|p2a: \u5e03\u59d0\n|-fieldstart|move: Trick Room|[of] p2a: \u5e03\u59d0\n|\n|upkeep\n|turn|5\n|\n|t:|1700064935\n|switch|p2a: \u5c0f\u9f99\u867e|Crawdaunt, M|100\/100\n|-damage|p2a: \u5c0f\u9f99\u867e|88\/100|[from] Spikes\n|move|p1a: Grimmsnarl|Parting Shot|p2a: \u5c0f\u9f99\u867e\n|-hint|Since gen 7, Dark is immune to Prankster moves.\n|-immune|p2a: \u5c0f\u9f99\u867e\n|\n|upkeep\n|turn|6\n|\n|t:|1700064941\n|-terastallize|p2a: \u5c0f\u9f99\u867e|Water\n|move|p2a: \u5c0f\u9f99\u867e|Swords Dance|p2a: \u5c0f\u9f99\u867e\n|-boost|p2a: \u5c0f\u9f99\u867e|atk|2\n|move|p1a: Grimmsnarl|Spirit Break|p2a: \u5c0f\u9f99\u867e\n|-damage|p2a: \u5c0f\u9f99\u867e|49\/100\n|-unboost|p2a: \u5c0f\u9f99\u867e|spa|1\n|\n|upkeep\n|turn|7\n|\n|t:|1700064951\n|move|p1a: Grimmsnarl|Parting Shot|p2a: \u5c0f\u9f99\u867e\n|-unboost|p2a: \u5c0f\u9f99\u867e|atk|1\n|-unboost|p2a: \u5c0f\u9f99\u867e|spa|1\n|\n|t:|1700064954\n|switch|p1a: Power Creep?|Gyarados, M|100\/100|[from] Parting Shot\n|-ability|p1a: Power Creep?|Intimidate|boost\n|-unboost|p2a: \u5c0f\u9f99\u867e|atk|1\n|move|p2a: \u5c0f\u9f99\u867e|Crabhammer|p1a: Power Creep?\n|-resisted|p1a: Power Creep?\n|-damage|p1a: Power Creep?|65\/100\n|-damage|p2a: \u5c0f\u9f99\u867e|39\/100|[from] item: Life Orb\n|\n|upkeep\n|turn|8\n|\n|t:|1700064967\n|switch|p2a: \u6253\u6211\u8bd5\u8bd5\uff1f|Banette-Mega, F|50\/100\n|-damage|p2a: \u6253\u6211\u8bd5\u8bd5\uff1f|38\/100|[from] Spikes\n|move|p1a: Power Creep?|Dragon Dance|p1a: Power Creep?\n|-boost|p1a: Power Creep?|atk|1\n|-boost|p1a: Power Creep?|spe|1\n|\n|-fieldend|move: Trick Room\n|upkeep\n|turn|9\n|\n|t:|1700064974\n|detailschange|p1a: Power Creep?|Gyarados-Mega, M\n|-mega|p1a: Power Creep?|Gyarados|Gyaradosite\n|-ability|p1a: Power Creep?|Mold Breaker\n|move|p2a: \u6253\u6211\u8bd5\u8bd5\uff1f|Encore|p1a: Power Creep?\n|-hint|Since gen 7, Dark is immune to Prankster moves.\n|-immune|p1a: Power Creep?\n|move|p1a: Power Creep?|Taunt|p2a: \u6253\u6211\u8bd5\u8bd5\uff1f\n|-start|p2a: \u6253\u6211\u8bd5\u8bd5\uff1f|move: Taunt\n|\n|-sideend|p1: adpg.alt|Reflect\n|upkeep\n|turn|10\n|\n|t:|1700064984\n|switch|p2a: \u5c0f\u9f99\u867e|Crawdaunt, M, tera:Water|39\/100\n|-damage|p2a: \u5c0f\u9f99\u867e|27\/100|[from] Spikes\n|move|p1a: Power Creep?|Dragon Dance|p1a: Power Creep?\n|-boost|p1a: Power Creep?|atk|1\n|-boost|p1a: Power Creep?|spe|1\n|\n|upkeep\n|turn|11\n|\n|t:|1700064993\n|move|p2a: \u5c0f\u9f99\u867e|Aqua Jet|p1a: Power Creep?\n|-resisted|p1a: Power Creep?\n|-damage|p1a: Power Creep?|46\/100\n|-damage|p2a: \u5c0f\u9f99\u867e|17\/100|[from] item: Life Orb\n|move|p1a: Power Creep?|Crunch|p2a: \u5c0f\u9f99\u867e\n|-damage|p2a: \u5c0f\u9f99\u867e|0 fnt\n|faint|p2a: \u5c0f\u9f99\u867e\n|\n|-sideend|p1: adpg.alt|move: Light Screen\n|upkeep\n|\n|t:|1700064995\n|switch|p2a: \u6253\u6211\u8bd5\u8bd5\uff1f|Banette-Mega, F|38\/100\n|-damage|p2a: \u6253\u6211\u8bd5\u8bd5\uff1f|26\/100|[from] Spikes\n|turn|12\n|\n|t:|1700064997\n|move|p2a: \u6253\u6211\u8bd5\u8bd5\uff1f|Destiny Bond|p2a: \u6253\u6211\u8bd5\u8bd5\uff1f\n|-singlemove|p2a: \u6253\u6211\u8bd5\u8bd5\uff1f|Destiny Bond\n|move|p1a: Power Creep?|Taunt|p2a: \u6253\u6211\u8bd5\u8bd5\uff1f\n|-start|p2a: \u6253\u6211\u8bd5\u8bd5\uff1f|move: Taunt\n|\n|upkeep\n|turn|13\n|\n|t:|1700065001\n|move|p1a: Power Creep?|Dragon Dance|p1a: Power Creep?\n|-boost|p1a: Power Creep?|atk|1\n|-boost|p1a: Power Creep?|spe|1\n|move|p2a: \u6253\u6211\u8bd5\u8bd5\uff1f|Poltergeist|p1a: Power Creep?\n|-activate|p1a: Power Creep?|move: Poltergeist|Gyaradosite\n|-resisted|p1a: Power Creep?\n|-damage|p1a: Power Creep?|7\/100\n|\n|upkeep\n|turn|14\n|\n|t:|1700065012\n|switch|p2a: \u6253\u624b|Nidoking, M|100\/100\n|-damage|p2a: \u6253\u624b|88\/100|[from] Spikes\n|move|p1a: Power Creep?|Crunch|p2a: \u6253\u624b\n|-damage|p2a: \u6253\u624b|0 fnt\n|faint|p2a: \u6253\u624b\n|\n|upkeep\n|\n|t:|1700065014\n|switch|p2a: \u6253\u6211\u8bd5\u8bd5\uff1f|Banette-Mega, F|26\/100\n|-damage|p2a: \u6253\u6211\u8bd5\u8bd5\uff1f|13\/100|[from] Spikes\n|turn|15\n|\n|t:|1700065025\n|move|p1a: Power Creep?|Taunt|p2a: \u6253\u6211\u8bd5\u8bd5\uff1f\n|-start|p2a: \u6253\u6211\u8bd5\u8bd5\uff1f|move: Taunt\n|move|p2a: \u6253\u6211\u8bd5\u8bd5\uff1f|Knock Off|p1a: Power Creep?\n|-resisted|p1a: Power Creep?\n|-damage|p1a: Power Creep?|0 fnt\n|faint|p1a: Power Creep?\n|\n|upkeep\n|\n|t:|1700065033\n|switch|p1a: Grimmsnarl|Grimmsnarl, M|71\/100\n|turn|16\n|\n|t:|1700065037\n|move|p1a: Grimmsnarl|Spirit Break|p2a: \u6253\u6211\u8bd5\u8bd5\uff1f\n|-damage|p2a: \u6253\u6211\u8bd5\u8bd5\uff1f|0 fnt\n|faint|p2a: \u6253\u6211\u8bd5\u8bd5\uff1f\n|\n|upkeep\n|\n|t:|1700065040\n|switch|p2a: \u533b\u751f|Rabsca, F|100\/100\n|-damage|p2a: \u533b\u751f|88\/100|[from] Spikes\n|turn|17\n|\n|t:|1700065046\n|move|p1a: Grimmsnarl|Light Screen|p1a: Grimmsnarl\n|-sidestart|p1: adpg.alt|move: Light Screen\n|move|p2a: \u533b\u751f|Revival Blessing|p2a: \u533b\u751f\n|\n|t:|1700065051\n|-heal|p2: \u6253\u6211\u8bd5\u8bd5\uff1f|50\/100|[from] move: Revival Blessing\n|\n|upkeep\n|turn|18\n|-message|saigomm forfeited.\n|\n|win|adpg.alt\n|raw|adpg.alt's rating: 1551 &rarr; <strong>1565<\/strong><br \/>(+14 for winning)\n|raw|saigomm's rating: 1444 &rarr; <strong>1430<\/strong><br \/>(-14 for losing)\n|l|\u2606saigomm\n","uploadtime":1700065066,"views":7,"p1id":"adpgalt","p2id":"saigomm","formatid":"gen9nationaldex","rating":1430,"private":0,"password":""}