{"id":"gen9nationaldex-1994328042","p1":"hydroj","p2":"6DFirapaka","format":"[Gen 9] National Dex","log":"|j|\u2606hydroj\n|j|\u26066DFirapaka\n|t:|1700431576\n|gametype|singles\n|player|p1|hydroj|265|1327\n|player|p2|6DFirapaka|scientist-gen4dp|1351\n|teamsize|p1|6\n|teamsize|p2|6\n|gen|9\n|tier|[Gen 9] National Dex\n|rated|\n|rule|HP Percentage Mod: HP is shown in percentages\n|rule|Endless Battle Clause: Forcing endless battles is banned\n|rule|OHKO Clause: OHKO moves are banned\n|rule|Evasion Clause: Evasion abilities, items, and moves are banned\n|rule|Evasion Abilities Clause: Evasion abilities are banned\n|rule|Evasion Items Clause: Evasion items are banned\n|rule|Evasion Moves Clause: Evasion moves are banned\n|rule|Species Clause: Limit one of each Pok\u00e9mon\n|rule|Sleep Clause Mod: Limit one foe put to sleep\n|clearpoke\n|poke|p1|Cresselia, F|\n|poke|p1|Hatterene, F|\n|poke|p1|Ursaluna, F|\n|poke|p1|Dhelmise|\n|poke|p1|Porygon2|\n|poke|p1|Mawile, F|\n|poke|p2|Clodsire, F|\n|poke|p2|Grimmsnarl, M|\n|poke|p2|Beedrill, M|\n|poke|p2|Jirachi|\n|poke|p2|Mimikyu, F|\n|poke|p2|Glimmora, F|\n|teampreview\n|inactive|Battle timer is ON: inactive players will automatically lose when time's up. (requested by 6DFirapaka)\n|\n|t:|1700431588\n|start\n|switch|p1a: Hatterene|Hatterene, F|100\/100\n|switch|p2a: Grimmsnarl|Grimmsnarl, M, shiny|100\/100\n|turn|1\n|\n|t:|1700431592\n|move|p2a: Grimmsnarl|Parting Shot|p1a: Hatterene\n|move|p1a: Hatterene|Parting Shot|p2a: Grimmsnarl|[from]ability: Magic Bounce\n|-unboost|p2a: Grimmsnarl|atk|1\n|-unboost|p2a: Grimmsnarl|spa|1\n|\n|t:|1700431600\n|switch|p1a: Ursaluna|Ursaluna, F, shiny|100\/100|[from] Parting Shot\n|\n|-status|p1a: Ursaluna|brn|[from] item: Flame Orb\n|upkeep\n|turn|2\n|\n|t:|1700431610\n|move|p2a: Grimmsnarl|Taunt|p1a: Ursaluna\n|-start|p1a: Ursaluna|move: Taunt\n|cant|p1a: Ursaluna|move: Taunt|Swords Dance\n|\n|-damage|p1a: Ursaluna|94\/100 brn|[from] brn\n|upkeep\n|turn|3\n|\n|t:|1700431621\n|move|p2a: Grimmsnarl|Parting Shot|p1a: Ursaluna\n|-unboost|p1a: Ursaluna|atk|1\n|-unboost|p1a: Ursaluna|spa|1\n|inactive|6DFirapaka has 120 seconds left.\n|\n|t:|1700431657\n|switch|p2a: Glimmora|Glimmora, F|100\/100|[from] Parting Shot\n|move|p1a: Ursaluna|Facade|p2a: Glimmora\n|-resisted|p2a: Glimmora\n|-damage|p2a: Glimmora|61\/100\n|-activate|p2a: Glimmora|ability: Toxic Debris\n|-sidestart|p1: hydroj|move: Toxic Spikes\n|\n|-damage|p1a: Ursaluna|88\/100 brn|[from] brn\n|upkeep\n|turn|4\n|inactive|6DFirapaka has 120 seconds left.\n|\n|t:|1700431668\n|switch|p1a: Hatterene|Hatterene, F|100\/100\n|-status|p1a: Hatterene|psn\n|-terastallize|p2a: Glimmora|Flying\n|move|p2a: Glimmora|Reflect|p2a: Glimmora\n|-sidestart|p2: 6DFirapaka|Reflect\n|\n|-damage|p1a: Hatterene|88\/100 psn|[from] psn\n|upkeep\n|turn|5\n|inactive|6DFirapaka has 120 seconds left.\n|\n|t:|1700431678\n|switch|p2a: Jirachi|Jirachi|100\/100\n|move|p1a: Hatterene|Trick Room|p1a: Hatterene\n|-fieldstart|move: Trick Room|[of] p1a: Hatterene\n|\n|-damage|p1a: Hatterene|76\/100 psn|[from] psn\n|upkeep\n|turn|6\n|inactive|6DFirapaka has 120 seconds left.\n|\n|t:|1700431685\n|switch|p1a: Ursaluna|Ursaluna, F, shiny|88\/100 brn\n|move|p2a: Jirachi|Drain Punch|p1a: Ursaluna\n|-supereffective|p1a: Ursaluna\n|-damage|p1a: Ursaluna|51\/100 brn\n|\n|-damage|p1a: Ursaluna|45\/100 brn|[from] brn\n|upkeep\n|turn|7\n|\n|t:|1700431694\n|switch|p2a: Glimmora|Glimmora, F, tera:Flying|61\/100\n|move|p1a: Ursaluna|Earthquake|p2a: Glimmora\n|-immune|p2a: Glimmora\n|\n|-damage|p1a: Ursaluna|39\/100 brn|[from] brn\n|upkeep\n|turn|8\n|\n|t:|1700431701\n|switch|p2a: Jirachi|Jirachi|100\/100\n|move|p1a: Ursaluna|Facade|p2a: Jirachi\n|-resisted|p2a: Jirachi\n|-damage|p2a: Jirachi|70\/100\n|\n|-damage|p1a: Ursaluna|33\/100 brn|[from] brn\n|upkeep\n|turn|9\n|\n|t:|1700431711\n|switch|p1a: Cresselia|Cresselia, F|100\/100\n|switch|p2a: Mimikyu|Mimikyu, F, shiny|100\/100\n|\n|-fieldend|move: Trick Room\n|upkeep\n|turn|10\n|\n|t:|1700431715\n|move|p2a: Mimikyu|Swords Dance|p2a: Mimikyu\n|-boost|p2a: Mimikyu|atk|2\n|move|p1a: Cresselia|Trick Room|p1a: Cresselia\n|-fieldstart|move: Trick Room|[of] p1a: Cresselia\n|\n|upkeep\n|turn|11\n|\n|t:|1700431720\n|move|p2a: Mimikyu|Shadow Sneak|p1a: Cresselia\n|-supereffective|p1a: Cresselia\n|-damage|p1a: Cresselia|54\/100\n|-damage|p2a: Mimikyu|91\/100|[from] item: Life Orb\n|move|p1a: Cresselia|Psychic|p2a: Mimikyu\n|-activate|p2a: Mimikyu|ability: Disguise\n|-damage|p2a: Mimikyu|91\/100\n|-unboost|p2a: Mimikyu|spd|1\n|detailschange|p2a: Mimikyu|Mimikyu-Busted, F, shiny\n|-damage|p2a: Mimikyu|78\/100|[from] pokemon: Mimikyu-Busted\n|\n|-sideend|p2: 6DFirapaka|Reflect\n|upkeep\n|turn|12\n|\n|t:|1700431726\n|move|p1a: Cresselia|Lunar Dance|p1a: Cresselia\n|faint|p1a: Cresselia\n|move|p2a: Mimikyu|Drain Punch|p1: Cresselia|[notarget]\n|-fail|p2a: Mimikyu\n|\n|upkeep\n|\n|t:|1700431736\n|switch|p1a: Ursaluna|Ursaluna, F, shiny|33\/100 brn\n|-heal|p1a: Ursaluna|100\/100|[from] move: Lunar Dance\n|-status|p1a: Ursaluna|psn\n|turn|13\n|\n|t:|1700431743\n|move|p1a: Ursaluna|Swords Dance|p1a: Ursaluna\n|-boost|p1a: Ursaluna|atk|2\n|move|p2a: Mimikyu|Drain Punch|p1a: Ursaluna\n|-supereffective|p1a: Ursaluna\n|-damage|p1a: Ursaluna|20\/100 psn\n|-heal|p2a: Mimikyu|100\/100|[from] drain|[of] p1a: Ursaluna\n|-damage|p2a: Mimikyu|91\/100|[from] item: Life Orb\n|\n|-damage|p1a: Ursaluna|7\/100 psn|[from] psn\n|upkeep\n|turn|14\n|\n|t:|1700431750\n|move|p1a: Ursaluna|Fire Punch|p2a: Mimikyu\n|-damage|p2a: Mimikyu|0 fnt\n|faint|p2a: Mimikyu\n|\n|-damage|p1a: Ursaluna|0 fnt|[from] psn\n|faint|p1a: Ursaluna\n|-fieldend|move: Trick Room\n|upkeep\n|\n|t:|1700431758\n|switch|p2a: Jirachi|Jirachi|70\/100\n|switch|p1a: Porygon2|Porygon2|100\/100\n|-status|p1a: Porygon2|psn\n|-ability|p1a: Porygon2|Download|boost\n|-boost|p1a: Porygon2|atk|1\n|turn|15\n|\n|t:|1700431763\n|move|p2a: Jirachi|Iron Head|p1a: Porygon2\n|-damage|p1a: Porygon2|74\/100 psn\n|move|p1a: Porygon2|Trick Room|p1a: Porygon2\n|-fieldstart|move: Trick Room|[of] p1a: Porygon2\n|\n|-damage|p1a: Porygon2|62\/100 psn|[from] psn\n|upkeep\n|turn|16\n|\n|t:|1700431769\n|switch|p1a: Mawile|Mawile, F|100\/100\n|-ability|p1a: Mawile|Intimidate|boost\n|-unboost|p2a: Jirachi|atk|1\n|move|p2a: Jirachi|Ancient Power|p1a: Mawile\n|-resisted|p1a: Mawile\n|-damage|p1a: Mawile|89\/100\n|\n|upkeep\n|turn|17\n|\n|t:|1700431780\n|switch|p2a: Grimmsnarl|Grimmsnarl, M, shiny|100\/100\n|detailschange|p1a: Mawile|Mawile-Mega, F\n|-mega|p1a: Mawile|Mawile|Mawilite\n|move|p1a: Mawile|Knock Off|p2a: Grimmsnarl\n|-resisted|p2a: Grimmsnarl\n|-damage|p2a: Grimmsnarl|80\/100\n|-damage|p1a: Mawile|72\/100|[from] item: Rocky Helmet|[of] p2a: Grimmsnarl\n|-enditem|p2a: Grimmsnarl|Rocky Helmet|[from] move: Knock Off|[of] p1a: Mawile\n|\n|upkeep\n|turn|18\n|\n|t:|1700431786\n|move|p2a: Grimmsnarl|Thunder Wave|p1a: Mawile\n|-status|p1a: Mawile|par\n|move|p1a: Mawile|Play Rough|p2a: Grimmsnarl|[miss]\n|-miss|p1a: Mawile|p2a: Grimmsnarl\n|\n|upkeep\n|turn|19\n|\n|t:|1700431795\n|move|p2a: Grimmsnarl|Parting Shot|p1a: Mawile\n|-unboost|p1a: Mawile|atk|1\n|-unboost|p1a: Mawile|spa|1\n|\n|t:|1700431797\n|switch|p2a: Jirachi|Jirachi|70\/100|[from] Parting Shot\n|move|p1a: Mawile|Play Rough|p2a: Jirachi\n|-resisted|p2a: Jirachi\n|-damage|p2a: Jirachi|41\/100\n|\n|-fieldend|move: Trick Room\n|upkeep\n|turn|20\n|\n|t:|1700431804\n|move|p2a: Jirachi|Iron Head|p1a: Mawile\n|-damage|p1a: Mawile|38\/100 par\n|cant|p1a: Mawile|flinch\n|\n|upkeep\n|turn|21\n|\n|t:|1700431809\n|move|p2a: Jirachi|Iron Head|p1a: Mawile\n|-damage|p1a: Mawile|5\/100 par\n|cant|p1a: Mawile|par\n|\n|upkeep\n|turn|22\n|c|\u2606hydroj|gg\n|c|\u2606hydroj|you outplayed the crap out of me\n|c|\u2606hydroj|gotta do better next time\n|-message|hydroj forfeited.\n|\n|win|6DFirapaka\n|raw|hydroj's rating: 1327 &rarr; <strong>1308<\/strong><br \/>(-19 for losing)\n|raw|6DFirapaka's rating: 1351 &rarr; <strong>1370<\/strong><br \/>(+19 for winning)\n|l|\u2606hydroj\n","uploadtime":1700432027,"views":5,"p1id":"hydroj","p2id":"6dfirapaka","formatid":"gen9nationaldex","rating":1308,"private":0,"password":""}