{"id":"gen9nationaldex-1992473145","p1":"RandoTestAccount","p2":"Zecao do Showdown","format":"[Gen 9] National Dex","log":"|j|\u2606RandoTestAccount\n|j|\u2606Zecao do Showdown\n|t:|1700191898\n|gametype|singles\n|player|p1|RandoTestAccount|pokemonrangerf|1229\n|player|p2|Zecao do Showdown|ethan|1267\n|teamsize|p1|6\n|teamsize|p2|6\n|gen|9\n|tier|[Gen 9] National Dex\n|rated|\n|rule|HP Percentage Mod: HP is shown in percentages\n|rule|Endless Battle Clause: Forcing endless battles is banned\n|rule|OHKO Clause: OHKO moves are banned\n|rule|Evasion Clause: Evasion abilities, items, and moves are banned\n|rule|Evasion Abilities Clause: Evasion abilities are banned\n|rule|Evasion Items Clause: Evasion items are banned\n|rule|Evasion Moves Clause: Evasion moves are banned\n|rule|Species Clause: Limit one of each Pok\u00e9mon\n|rule|Sleep Clause Mod: Limit one foe put to sleep\n|clearpoke\n|poke|p1|Umbreon, F|\n|poke|p1|Excadrill, F|\n|poke|p1|Corviknight, F|\n|poke|p1|Sableye, F|\n|poke|p1|Tapu Fini|\n|poke|p1|Dragalge, F|\n|poke|p2|Urshifu-*, M|\n|poke|p2|Beedrill, M|\n|poke|p2|Tornadus-Therian, M|\n|poke|p2|Alomomola, M|\n|poke|p2|Ferrothorn, M|\n|poke|p2|Landorus-Therian, M|\n|teampreview\n|inactive|Battle timer is ON: inactive players will automatically lose when time's up. (requested by Zecao do Showdown)\n|\n|t:|1700191949\n|start\n|switch|p1a: Spectre of Emerald|Sableye, F, shiny|100\/100\n|switch|p2a: Landorus|Landorus-Therian, M|100\/100\n|-ability|p2a: Landorus|Intimidate|boost\n|-unboost|p1a: Spectre of Emerald|atk|1\n|turn|1\n|\n|t:|1700191957\n|move|p1a: Spectre of Emerald|Will-O-Wisp|p2a: Landorus\n|-status|p2a: Landorus|brn\n|move|p2a: Landorus|U-turn|p1a: Spectre of Emerald\n|-damage|p1a: Spectre of Emerald|87\/100\n|\n|t:|1700191962\n|switch|p2a: Alomomola|Alomomola, M|100\/100|[from] U-turn\n|\n|upkeep\n|turn|2\n|\n|t:|1700191971\n|switch|p1a: The Droplet Tear|Tapu Fini, shiny|100\/100\n|-fieldstart|move: Misty Terrain|[from] ability: Misty Surge|[of] p1a: The Droplet Tear\n|move|p2a: Alomomola|Toxic|p1a: The Droplet Tear\n|-activate|p1a: The Droplet Tear|move: Misty Terrain\n|\n|upkeep\n|turn|3\n|\n|t:|1700191978\n|move|p1a: The Droplet Tear|Substitute|p1a: The Droplet Tear\n|-start|p1a: The Droplet Tear|Substitute\n|-damage|p1a: The Droplet Tear|76\/100\n|move|p2a: Alomomola|Flip Turn|p1a: The Droplet Tear\n|-resisted|p1a: The Droplet Tear\n|-activate|p1a: The Droplet Tear|move: Substitute|[damage]\n|\n|t:|1700191981\n|switch|p2a: Beedrill|Beedrill, M|100\/100|[from] Flip Turn\n|\n|-heal|p1a: The Droplet Tear|82\/100|[from] item: Leftovers\n|upkeep\n|turn|4\n|\n|t:|1700191991\n|detailschange|p2a: Beedrill|Beedrill-Mega, M\n|-mega|p2a: Beedrill|Beedrill|Beedrillite\n|move|p2a: Beedrill|U-turn|p1a: The Droplet Tear\n|-resisted|p1a: The Droplet Tear\n|-end|p1a: The Droplet Tear|Substitute\n|\n|t:|1700191997\n|switch|p2a: Ferrothorn|Ferrothorn, M, shiny|100\/100|[from] U-turn\n|move|p1a: The Droplet Tear|Scald|p2a: Ferrothorn\n|-resisted|p2a: Ferrothorn\n|-damage|p2a: Ferrothorn|89\/100\n|\n|-heal|p1a: The Droplet Tear|88\/100|[from] item: Leftovers\n|upkeep\n|turn|5\n|\n|t:|1700192010\n|move|p1a: The Droplet Tear|Substitute|p1a: The Droplet Tear\n|-start|p1a: The Droplet Tear|Substitute\n|-damage|p1a: The Droplet Tear|63\/100\n|move|p2a: Ferrothorn|Gyro Ball|p1a: The Droplet Tear\n|-end|p1a: The Droplet Tear|Substitute\n|\n|-heal|p1a: The Droplet Tear|69\/100|[from] item: Leftovers\n|upkeep\n|turn|6\n|\n|t:|1700192019\n|switch|p1a: Spectre of Emerald|Sableye, F, shiny|87\/100\n|move|p2a: Ferrothorn|Gyro Ball|p1a: Spectre of Emerald\n|-damage|p1a: Spectre of Emerald|67\/100\n|\n|-fieldend|Misty Terrain\n|upkeep\n|turn|7\n|\n|t:|1700192029\n|switch|p2a: Landorus|Landorus-Therian, M|100\/100 brn\n|-ability|p2a: Landorus|Intimidate|boost\n|-unboost|p1a: Spectre of Emerald|atk|1\n|move|p1a: Spectre of Emerald|Will-O-Wisp|p2a: Landorus\n|-fail|p2a: Landorus|brn\n|\n|-damage|p2a: Landorus|95\/100 brn|[from] brn\n|upkeep\n|turn|8\n|\n|t:|1700192038\n|detailschange|p1a: Spectre of Emerald|Sableye-Mega, F, shiny\n|-mega|p1a: Spectre of Emerald|Sableye|Sablenite\n|move|p2a: Landorus|Stealth Rock|p1a: Spectre of Emerald\n|move|p1a: Spectre of Emerald|Stealth Rock|p2a: Landorus|[from]ability: Magic Bounce\n|-sidestart|p2: Zecao do Showdown|move: Stealth Rock\n|move|p1a: Spectre of Emerald|Recover|p1a: Spectre of Emerald\n|-heal|p1a: Spectre of Emerald|100\/100\n|\n|-damage|p2a: Landorus|89\/100 brn|[from] brn\n|upkeep\n|turn|9\n|\n|t:|1700192047\n|move|p2a: Landorus|Knock Off|p1a: Spectre of Emerald\n|-damage|p1a: Spectre of Emerald|91\/100\n|move|p1a: Spectre of Emerald|Calm Mind|p1a: Spectre of Emerald\n|-boost|p1a: Spectre of Emerald|spa|1\n|-boost|p1a: Spectre of Emerald|spd|1\n|\n|-damage|p2a: Landorus|83\/100 brn|[from] brn\n|upkeep\n|turn|10\n|\n|t:|1700192050\n|move|p2a: Landorus|U-turn|p1a: Spectre of Emerald\n|-damage|p1a: Spectre of Emerald|82\/100\n|\n|t:|1700192063\n|switch|p2a: Urshifu|Urshifu-Rapid-Strike, M|100\/100|[from] U-turn\n|-damage|p2a: Urshifu|94\/100|[from] Stealth Rock\n|move|p1a: Spectre of Emerald|Calm Mind|p1a: Spectre of Emerald\n|-boost|p1a: Spectre of Emerald|spa|1\n|-boost|p1a: Spectre of Emerald|spd|1\n|\n|upkeep\n|turn|11\n|\n|t:|1700192071\n|move|p2a: Urshifu|Surging Strikes|p1a: Spectre of Emerald\n|-crit|p1a: Spectre of Emerald\n|-damage|p1a: Spectre of Emerald|66\/100\n|-crit|p1a: Spectre of Emerald\n|-damage|p1a: Spectre of Emerald|49\/100\n|-crit|p1a: Spectre of Emerald\n|-damage|p1a: Spectre of Emerald|32\/100\n|-hitcount|p1a: Spectre of Emerald|3\n|move|p1a: Spectre of Emerald|Will-O-Wisp|p2a: Urshifu|[miss]\n|-miss|p1a: Spectre of Emerald|p2a: Urshifu\n|\n|upkeep\n|turn|12\n|\n|t:|1700192080\n|switch|p1a: Ephialtes Keeper|Corviknight, F, shiny|100\/100\n|-ability|p1a: Ephialtes Keeper|Pressure\n|move|p2a: Urshifu|Surging Strikes|p1a: Ephialtes Keeper\n|-crit|p1a: Ephialtes Keeper\n|-damage|p1a: Ephialtes Keeper|83\/100\n|-crit|p1a: Ephialtes Keeper\n|-damage|p1a: Ephialtes Keeper|66\/100\n|-crit|p1a: Ephialtes Keeper\n|-damage|p1a: Ephialtes Keeper|48\/100\n|-hitcount|p1a: Ephialtes Keeper|3\n|\n|upkeep\n|turn|13\n|\n|t:|1700192095\n|switch|p1a: Agony Steelheart|Dragalge, F, shiny|100\/100\n|move|p2a: Urshifu|Surging Strikes|p1a: Agony Steelheart\n|-resisted|p1a: Agony Steelheart\n|-crit|p1a: Agony Steelheart\n|-damage|p1a: Agony Steelheart|88\/100\n|-resisted|p1a: Agony Steelheart\n|-crit|p1a: Agony Steelheart\n|-damage|p1a: Agony Steelheart|77\/100\n|-resisted|p1a: Agony Steelheart\n|-crit|p1a: Agony Steelheart\n|-damage|p1a: Agony Steelheart|65\/100\n|-hitcount|p1a: Agony Steelheart|3\n|\n|-heal|p1a: Agony Steelheart|71\/100|[from] item: Black Sludge\n|upkeep\n|turn|14\n|\n|t:|1700192109\n|switch|p2a: Ferrothorn|Ferrothorn, M, shiny|89\/100\n|-damage|p2a: Ferrothorn|83\/100|[from] Stealth Rock\n|move|p1a: Agony Steelheart|Toxic|p2a: Ferrothorn\n|-immune|p2a: Ferrothorn\n|\n|-heal|p1a: Agony Steelheart|77\/100|[from] item: Black Sludge\n|upkeep\n|turn|15\n|\n|t:|1700192137\n|move|p1a: Agony Steelheart|Hidden Power|p2a: Ferrothorn\n|-supereffective|p2a: Ferrothorn\n|-damage|p2a: Ferrothorn|34\/100\n|move|p2a: Ferrothorn|Leech Seed|p1a: Agony Steelheart\n|-start|p1a: Agony Steelheart|move: Leech Seed\n|\n|-heal|p1a: Agony Steelheart|83\/100|[from] item: Black Sludge\n|-damage|p1a: Agony Steelheart|71\/100|[from] Leech Seed|[of] p2a: Ferrothorn\n|-heal|p2a: Ferrothorn|46\/100|[silent]\n|upkeep\n|turn|16\n|\n|t:|1700192159\n|switch|p1a: Spectre of Emerald|Sableye-Mega, F, shiny|32\/100\n|switch|p2a: Alomomola|Alomomola, M|100\/100\n|-damage|p2a: Alomomola|88\/100|[from] Stealth Rock\n|\n|-heal|p2a: Alomomola|94\/100|[from] item: Leftovers\n|upkeep\n|turn|17\n|\n|t:|1700192164\n|move|p2a: Alomomola|Flip Turn|p1a: Spectre of Emerald\n|-damage|p1a: Spectre of Emerald|21\/100\n|\n|t:|1700192170\n|switch|p2a: Landorus|Landorus-Therian, M|83\/100 brn|[from] Flip Turn\n|-damage|p2a: Landorus|70\/100 brn|[from] Stealth Rock\n|-ability|p2a: Landorus|Intimidate|boost\n|-unboost|p1a: Spectre of Emerald|atk|1\n|move|p1a: Spectre of Emerald|Recover|p1a: Spectre of Emerald\n|-heal|p1a: Spectre of Emerald|71\/100\n|\n|-damage|p2a: Landorus|64\/100 brn|[from] brn\n|upkeep\n|turn|18\n|\n|t:|1700192183\n|move|p2a: Landorus|U-turn|p1a: Spectre of Emerald\n|-damage|p1a: Spectre of Emerald|61\/100\n|\n|t:|1700192187\n|switch|p2a: Tornadus|Tornadus-Therian, M, shiny|100\/100|[from] U-turn\n|move|p1a: Spectre of Emerald|Calm Mind|p1a: Spectre of Emerald\n|-boost|p1a: Spectre of Emerald|spa|1\n|-boost|p1a: Spectre of Emerald|spd|1\n|\n|upkeep\n|turn|19\n|\n|t:|1700192194\n|move|p2a: Tornadus|Defog|p1a: Spectre of Emerald\n|move|p1a: Spectre of Emerald|Defog|p2a: Tornadus|[from]ability: Magic Bounce\n|-unboost|p2a: Tornadus|evasion|1\n|-sideend|p2: Zecao do Showdown|Stealth Rock|[from] move: Defog|[of] p1a: Spectre of Emerald\n|move|p1a: Spectre of Emerald|Recover|p1a: Spectre of Emerald\n|-heal|p1a: Spectre of Emerald|100\/100\n|\n|upkeep\n|turn|20\n|\n|t:|1700192202\n|move|p2a: Tornadus|U-turn|p1a: Spectre of Emerald\n|-damage|p1a: Spectre of Emerald|90\/100\n|\n|t:|1700192210\n|switch|p2a: Beedrill|Beedrill-Mega, M|100\/100|[from] U-turn\n|move|p1a: Spectre of Emerald|Will-O-Wisp|p2a: Beedrill\n|-status|p2a: Beedrill|brn\n|\n|-damage|p2a: Beedrill|95\/100 brn|[from] brn\n|upkeep\n|turn|21\n|\n|t:|1700192218\n|move|p2a: Beedrill|U-turn|p1a: Spectre of Emerald\n|-damage|p1a: Spectre of Emerald|72\/100\n|-message|Zecao do Showdown forfeited.\n|\n|win|RandoTestAccount\n|raw|RandoTestAccount's rating: 1229 &rarr; <strong>1257<\/strong><br \/>(+28 for winning)\n|raw|Zecao do Showdown's rating: 1267 &rarr; <strong>1239<\/strong><br \/>(-28 for losing)\n|l|\u2606Zecao do Showdown\n","uploadtime":1700192228,"views":4,"p1id":"randotestaccount","p2id":"zecaodoshowdown","formatid":"gen9nationaldex","rating":1239,"private":0,"password":""}