{"id":"gen9nationaldex-1990848111","p1":"plague070","p2":"Klawf Up A Lung","format":"[Gen 9] National Dex","log":"|j|\u2606plague070\n|j|\u2606Klawf Up A Lung\n|t:|1700007200\n|gametype|singles\n|player|p1|plague070|allister|1413\n|player|p2|Klawf Up A Lung|salvatore|1488\n|teamsize|p1|6\n|teamsize|p2|6\n|gen|9\n|tier|[Gen 9] National Dex\n|rated|\n|rule|HP Percentage Mod: HP is shown in percentages\n|rule|Endless Battle Clause: Forcing endless battles is banned\n|rule|OHKO Clause: OHKO moves are banned\n|rule|Evasion Clause: Evasion abilities, items, and moves are banned\n|rule|Evasion Abilities Clause: Evasion abilities are banned\n|rule|Evasion Items Clause: Evasion items are banned\n|rule|Evasion Moves Clause: Evasion moves are banned\n|rule|Species Clause: Limit one of each Pok\u00e9mon\n|rule|Sleep Clause Mod: Limit one foe put to sleep\n|clearpoke\n|poke|p1|Blacephalon|\n|poke|p1|Tapu Lele|\n|poke|p1|Manaphy|\n|poke|p1|Alakazam, M|\n|poke|p1|Sneasler, M|\n|poke|p1|Tornadus-Therian, M|\n|poke|p2|Gourgeist-*, M|\n|poke|p2|Tyranitar, F|\n|poke|p2|Heatran, M|\n|poke|p2|Landorus-Therian, M|\n|poke|p2|Volcarona, M|\n|poke|p2|Alomomola, M|\n|teampreview\n|inactive|Battle timer is ON: inactive players will automatically lose when time's up. (requested by Klawf Up A Lung)\n|\n|t:|1700007220\n|start\n|switch|p1a: Manaphy|Manaphy|100\/100\n|switch|p2a: Landorus|Landorus-Therian, M|100\/100\n|-ability|p2a: Landorus|Intimidate|boost\n|-unboost|p1a: Manaphy|atk|1\n|turn|1\n|\n|t:|1700007229\n|move|p2a: Landorus|U-turn|p1a: Manaphy\n|-damage|p1a: Manaphy|76\/100\n|\n|t:|1700007239\n|switch|p2a: Alomomola|Alomomola, M|100\/100|[from] U-turn\n|move|p1a: Manaphy|Surf|p2a: Alomomola\n|-resisted|p2a: Alomomola\n|-damage|p2a: Alomomola|82\/100\n|\n|upkeep\n|turn|2\n|\n|t:|1700007247\n|move|p1a: Manaphy|Energy Ball|p2a: Alomomola\n|-supereffective|p2a: Alomomola\n|-damage|p2a: Alomomola|39\/100\n|move|p2a: Alomomola|Toxic|p1a: Manaphy\n|-status|p1a: Manaphy|tox\n|\n|-damage|p1a: Manaphy|69\/100 tox|[from] psn\n|upkeep\n|turn|3\n|\n|t:|1700007251\n|move|p2a: Alomomola|Protect|p2a: Alomomola\n|-singleturn|p2a: Alomomola|Protect\n|move|p1a: Manaphy|Energy Ball|p2a: Alomomola\n|-activate|p2a: Alomomola|move: Protect\n|\n|-damage|p1a: Manaphy|57\/100 tox|[from] psn\n|upkeep\n|turn|4\n|\n|t:|1700007255\n|switch|p1a: Tapu Lele|Tapu Lele|100\/100\n|-fieldstart|move: Psychic Terrain|[from] ability: Psychic Surge|[of] p1a: Tapu Lele\n|switch|p2a: Volcarona|Volcarona, M|100\/100\n|\n|upkeep\n|turn|5\n|\n|t:|1700007267\n|move|p1a: Tapu Lele|Psychic|p2a: Volcarona\n|-damage|p2a: Volcarona|51\/100\n|move|p2a: Volcarona|Bug Buzz|p1a: Tapu Lele\n|-damage|p1a: Tapu Lele|60\/100\n|\n|upkeep\n|turn|6\n|\n|t:|1700007270\n|switch|p2a: Tyranitar|Tyranitar, F|100\/100\n|-weather|Sandstorm|[from] ability: Sand Stream|[of] p2a: Tyranitar\n|move|p1a: Tapu Lele|Psychic|p2a: Tyranitar\n|-immune|p2a: Tyranitar\n|\n|-weather|Sandstorm|[upkeep]\n|-damage|p1a: Tapu Lele|54\/100|[from] Sandstorm\n|upkeep\n|turn|7\n|\n|t:|1700007279\n|switch|p1a: Manaphy|Manaphy|57\/100 tox\n|detailschange|p2a: Tyranitar|Tyranitar-Mega, F\n|-mega|p2a: Tyranitar|Tyranitar|Tyranitarite\n|move|p2a: Tyranitar|Toxic|p1a: Manaphy\n|-fail|p1a: Manaphy|tox\n|\n|-weather|Sandstorm|[upkeep]\n|-damage|p1a: Manaphy|51\/100 tox|[from] Sandstorm\n|-damage|p1a: Manaphy|45\/100 tox|[from] psn\n|upkeep\n|turn|8\n|\n|t:|1700007286\n|move|p2a: Tyranitar|Protect|p2a: Tyranitar\n|-singleturn|p2a: Tyranitar|Protect\n|move|p1a: Manaphy|Energy Ball|p2a: Tyranitar\n|-activate|p2a: Tyranitar|move: Protect\n|\n|-weather|Sandstorm|[upkeep]\n|-damage|p1a: Manaphy|39\/100 tox|[from] Sandstorm\n|-damage|p1a: Manaphy|26\/100 tox|[from] psn\n|-fieldend|move: Psychic Terrain\n|upkeep\n|turn|9\n|\n|t:|1700007294\n|switch|p2a: Alomomola|Alomomola, M|72\/100\n|move|p1a: Manaphy|Surf|p2a: Alomomola\n|-resisted|p2a: Alomomola\n|-damage|p2a: Alomomola|54\/100\n|\n|-weather|Sandstorm|[upkeep]\n|-damage|p1a: Manaphy|20\/100 tox|[from] Sandstorm\n|-damage|p2a: Alomomola|48\/100|[from] Sandstorm\n|-damage|p1a: Manaphy|2\/100 tox|[from] psn\n|upkeep\n|turn|10\n|\n|t:|1700007304\n|switch|p1a: Alakazam|Alakazam, M|100\/100\n|move|p2a: Alomomola|Protect||[still]\n|-fail|p2a: Alomomola\n|\n|-weather|none\n|upkeep\n|turn|11\n|\n|t:|1700007313\n|move|p2a: Alomomola|Protect|p2a: Alomomola\n|-singleturn|p2a: Alomomola|Protect\n|move|p1a: Alakazam|Psychic|p2a: Alomomola\n|-activate|p2a: Alomomola|move: Protect\n|\n|upkeep\n|turn|12\n|\n|t:|1700007322\n|switch|p2a: Volcarona|Volcarona, M|51\/100\n|move|p1a: Alakazam|Nasty Plot|p1a: Alakazam\n|-boost|p1a: Alakazam|spa|2\n|\n|upkeep\n|turn|13\n|\n|t:|1700007335\n|switch|p2a: Tyranitar|Tyranitar-Mega, F|100\/100\n|-weather|Sandstorm|[from] ability: Sand Stream|[of] p2a: Tyranitar\n|move|p1a: Alakazam|Psychic|p2a: Tyranitar\n|-immune|p2a: Tyranitar\n|\n|-weather|Sandstorm|[upkeep]\n|upkeep\n|turn|14\n|\n|t:|1700007340\n|switch|p2a: Gourgeist|Gourgeist-Super, M|100\/100\n|-item|p1a: Alakazam|Focus Sash|[from] ability: Frisk|[of] p2a: Gourgeist|[identify]\n|move|p1a: Alakazam|Focus Blast|p2a: Gourgeist\n|-immune|p2a: Gourgeist\n|\n|-weather|Sandstorm|[upkeep]\n|-damage|p2a: Gourgeist|94\/100|[from] Sandstorm\n|upkeep\n|turn|15\n|\n|t:|1700007345\n|move|p1a: Alakazam|Shadow Ball|p2a: Gourgeist\n|-supereffective|p2a: Gourgeist\n|-damage|p2a: Gourgeist|0 fnt\n|faint|p2a: Gourgeist\n|\n|-weather|Sandstorm|[upkeep]\n|upkeep\n|\n|t:|1700007351\n|switch|p2a: Landorus|Landorus-Therian, M|100\/100\n|-ability|p2a: Landorus|Intimidate|boost\n|-unboost|p1a: Alakazam|atk|1\n|turn|16\n|\n|t:|1700007355\n|move|p2a: Landorus|U-turn|p1a: Alakazam\n|-supereffective|p1a: Alakazam\n|-enditem|p1a: Alakazam|Focus Sash\n|-damage|p1a: Alakazam|1\/100\n|\n|t:|1700007361\n|switch|p2a: Tyranitar|Tyranitar-Mega, F|100\/100|[from] U-turn\n|move|p1a: Alakazam|Psychic|p2a: Tyranitar\n|-immune|p2a: Tyranitar\n|\n|-weather|Sandstorm|[upkeep]\n|upkeep\n|turn|17\n|\n|t:|1700007365\n|switch|p2a: Landorus|Landorus-Therian, M|100\/100\n|-ability|p2a: Landorus|Intimidate|boost\n|-unboost|p1a: Alakazam|atk|1\n|move|p1a: Alakazam|Focus Blast|p2a: Landorus|[miss]\n|-miss|p1a: Alakazam|p2a: Landorus\n|\n|-weather|none\n|upkeep\n|turn|18\n|c|\u2606plague070|thats just a shame\n|\n|t:|1700007381\n|switch|p1a: Manaphy|Manaphy|2\/100 tox\n|move|p2a: Landorus|U-turn|p1a: Manaphy\n|-damage|p1a: Manaphy|0 fnt\n|faint|p1a: Manaphy\n|\n|t:|1700007391\n|switch|p2a: Tyranitar|Tyranitar-Mega, F|100\/100|[from] U-turn\n|-weather|Sandstorm|[from] ability: Sand Stream|[of] p2a: Tyranitar\n|\n|-weather|Sandstorm|[upkeep]\n|upkeep\n|\n|t:|1700007412\n|switch|p1a: Alakazam|Alakazam, M|1\/100\n|turn|19\n|\n|t:|1700007418\n|move|p1a: Alakazam|Focus Blast|p2a: Tyranitar\n|-supereffective|p2a: Tyranitar\n|-damage|p2a: Tyranitar|39\/100\n|move|p2a: Tyranitar|Knock Off|p1a: Alakazam\n|-supereffective|p1a: Alakazam\n|-damage|p1a: Alakazam|0 fnt\n|faint|p1a: Alakazam\n|\n|-weather|Sandstorm|[upkeep]\n|upkeep\n|\n|t:|1700007437\n|switch|p1a: Tornadus|Tornadus-Therian, M|100\/100\n|turn|20\n|c|\u2606Klawf Up A Lung|Lol\n|c|\u2606Klawf Up A Lung|Ate\n|\n|t:|1700007454\n|move|p2a: Tyranitar|Protect|p2a: Tyranitar\n|-singleturn|p2a: Tyranitar|Protect\n|move|p1a: Tornadus|U-turn|p2a: Tyranitar\n|-activate|p2a: Tyranitar|move: Protect\n|\n|-weather|Sandstorm|[upkeep]\n|-damage|p1a: Tornadus|94\/100|[from] Sandstorm\n|upkeep\n|turn|21\n|c|\u2606plague070|hey at least i got it\n|\n|t:|1700007459\n|switch|p2a: Volcarona|Volcarona, M|51\/100\n|move|p1a: Tornadus|U-turn|p2a: Volcarona\n|-resisted|p2a: Volcarona\n|-damage|p2a: Volcarona|43\/100\n|\n|t:|1700007463\n|switch|p1a: Tapu Lele|Tapu Lele|54\/100|[from] U-turn\n|-fieldstart|move: Psychic Terrain|[from] ability: Psychic Surge|[of] p1a: Tapu Lele\n|\n|-weather|Sandstorm|[upkeep]\n|-damage|p1a: Tapu Lele|48\/100|[from] Sandstorm\n|-damage|p2a: Volcarona|37\/100|[from] Sandstorm\n|upkeep\n|turn|22\n|c|\u2606Klawf Up A Lung|True\n|c|\u2606plague070|alakazam got his chip\n|\n|t:|1700007472\n|switch|p2a: Heatran|Heatran, M|100\/100\n|move|p1a: Tapu Lele|Psychic|p2a: Heatran\n|-resisted|p2a: Heatran\n|-damage|p2a: Heatran|82\/100\n|-unboost|p2a: Heatran|spd|1\n|\n|-weather|none\n|-heal|p2a: Heatran|88\/100|[from] item: Leftovers\n|upkeep\n|turn|23\n|\n|t:|1700007481\n|switch|p1a: Tornadus|Tornadus-Therian, M|100\/100\n|move|p2a: Heatran|Magma Storm|p1a: Tornadus|[miss]\n|-miss|p2a: Heatran|p1a: Tornadus\n|\n|-heal|p2a: Heatran|94\/100|[from] item: Leftovers\n|upkeep\n|turn|24\n|c|\u2606Klawf Up A Lung|:(\n|\n|t:|1700007497\n|switch|p2a: Alomomola|Alomomola, M|81\/100\n|move|p1a: Tornadus|Knock Off|p2a: Alomomola\n|-damage|p2a: Alomomola|69\/100\n|-enditem|p2a: Alomomola|Heavy-Duty Boots|[from] move: Knock Off|[of] p1a: Tornadus\n|\n|upkeep\n|turn|25\n|\n|t:|1700007501\n|move|p1a: Tornadus|U-turn|p2a: Alomomola\n|-damage|p2a: Alomomola|61\/100\n|\n|t:|1700007505\n|switch|p1a: Sneasler|Sneasler, M|100\/100|[from] U-turn\n|-enditem|p1a: Sneasler|Psychic Seed\n|-boost|p1a: Sneasler|spd|1|[from] item: Psychic Seed\n|move|p2a: Alomomola|Toxic|p1a: Sneasler\n|-immune|p1a: Sneasler\n|\n|-fieldend|move: Psychic Terrain\n|upkeep\n|turn|26\n|\n|t:|1700007509\n|move|p1a: Sneasler|Swords Dance|p1a: Sneasler\n|-boost|p1a: Sneasler|atk|2\n|move|p2a: Alomomola|Wish|p2a: Alomomola\n|\n|upkeep\n|turn|27\n|\n|t:|1700007513\n|switch|p2a: Landorus|Landorus-Therian, M|100\/100\n|-ability|p2a: Landorus|Intimidate|boost\n|-unboost|p1a: Sneasler|atk|1\n|move|p1a: Sneasler|Swords Dance|p1a: Sneasler\n|-boost|p1a: Sneasler|atk|2\n|\n|upkeep\n|turn|28\n|\n|t:|1700007517\n|-terastallize|p1a: Sneasler|Flying\n|move|p1a: Sneasler|Acrobatics|p2a: Landorus\n|-damage|p2a: Landorus|0 fnt\n|faint|p2a: Landorus\n|\n|upkeep\n|\n|t:|1700007529\n|switch|p2a: Heatran|Heatran, M|94\/100\n|turn|29\n|\n|t:|1700007531\n|switch|p2a: Volcarona|Volcarona, M|37\/100\n|move|p1a: Sneasler|Close Combat|p2a: Volcarona\n|-resisted|p2a: Volcarona\n|-damage|p2a: Volcarona|0 fnt\n|-unboost|p1a: Sneasler|def|1\n|-unboost|p1a: Sneasler|spd|1\n|faint|p2a: Volcarona\n|\n|upkeep\n|\n|t:|1700007534\n|switch|p2a: Alomomola|Alomomola, M|94\/100\n|turn|30\n|\n|t:|1700007541\n|move|p1a: Sneasler|Acrobatics|p2a: Alomomola\n|-damage|p2a: Alomomola|0 fnt\n|faint|p2a: Alomomola\n|\n|upkeep\n|\n|t:|1700007544\n|switch|p2a: Tyranitar|Tyranitar-Mega, F|39\/100\n|-weather|Sandstorm|[from] ability: Sand Stream|[of] p2a: Tyranitar\n|turn|31\n|\n|t:|1700007545\n|move|p1a: Sneasler|Close Combat|p2a: Tyranitar\n|-supereffective|p2a: Tyranitar\n|-damage|p2a: Tyranitar|0 fnt\n|-unboost|p1a: Sneasler|def|1\n|-unboost|p1a: Sneasler|spd|1\n|faint|p2a: Tyranitar\n|\n|-weather|Sandstorm|[upkeep]\n|-damage|p1a: Sneasler|95\/100|[from] Sandstorm\n|upkeep\n|\n|t:|1700007547\n|switch|p2a: Heatran|Heatran, M|94\/100\n|turn|32\n|c|\u2606plague070|gg\n|\n|t:|1700007551\n|move|p1a: Sneasler|Close Combat|p2a: Heatran\n|-supereffective|p2a: Heatran\n|-damage|p2a: Heatran|0 fnt\n|-unboost|p1a: Sneasler|def|1\n|-unboost|p1a: Sneasler|spd|1\n|faint|p2a: Heatran\n|\n|win|plague070\n|raw|plague070's rating: 1413 &rarr; <strong>1437<\/strong><br \/>(+24 for winning)\n|raw|Klawf Up A Lung's rating: 1488 &rarr; <strong>1464<\/strong><br \/>(-24 for losing)\n|c|\u2606Klawf Up A Lung|Gg\n|l|\u2606Klawf Up A Lung\n","uploadtime":1700007556,"views":4,"p1id":"plague070","p2id":"klawfupalung","formatid":"gen9nationaldex","rating":1437,"private":0,"password":""}