{"id":"gen9nationaldex-1992246908","p1":"Pawelko","p2":"Koolwraith","format":"[Gen 9] National Dex","log":"|j|\u2606Pawelko\n|j|\u2606Koolwraith\n|t:|1700167390\n|gametype|singles\n|player|p1|Pawelko|brawly|1134\n|player|p2|Koolwraith|karen|1239\n|teamsize|p1|6\n|teamsize|p2|6\n|gen|9\n|tier|[Gen 9] National Dex\n|rated|\n|rule|HP Percentage Mod: HP is shown in percentages\n|rule|Endless Battle Clause: Forcing endless battles is banned\n|rule|OHKO Clause: OHKO moves are banned\n|rule|Evasion Clause: Evasion abilities, items, and moves are banned\n|rule|Evasion Abilities Clause: Evasion abilities are banned\n|rule|Evasion Items Clause: Evasion items are banned\n|rule|Evasion Moves Clause: Evasion moves are banned\n|rule|Species Clause: Limit one of each Pok\u00e9mon\n|rule|Sleep Clause Mod: Limit one foe put to sleep\n|clearpoke\n|poke|p1|Gengar, M|\n|poke|p1|Ampharos, M|\n|poke|p1|Sharpedo, F|\n|poke|p1|Tangrowth, M|\n|poke|p1|Bouffalant, M|\n|poke|p1|Aegislash, M|\n|poke|p2|Galvantula, F|\n|poke|p2|Porygon2|\n|poke|p2|Breloom, F|\n|poke|p2|Togekiss, M|\n|poke|p2|Swampert, M|\n|poke|p2|Mew|\n|teampreview\n|\n|t:|1700167400\n|start\n|switch|p1a: Sharpedo|Sharpedo, F|100\/100\n|switch|p2a: Joule|Galvantula, F|100\/100\n|turn|1\n|inactive|Battle timer is ON: inactive players will automatically lose when time's up. (requested by Koolwraith)\n|\n|t:|1700167405\n|move|p2a: Joule|Sticky Web|p1a: Sharpedo\n|-sidestart|p1: Pawelko|move: Sticky Web\n|move|p1a: Sharpedo|Crunch|p2a: Joule\n|-damage|p2a: Joule|3\/100\n|-damage|p1a: Sharpedo|91\/100|[from] item: Life Orb\n|\n|-ability|p1a: Sharpedo|Speed Boost|boost\n|-boost|p1a: Sharpedo|spe|1\n|upkeep\n|turn|2\n|\n|t:|1700167412\n|move|p1a: Sharpedo|Crunch|p2a: Joule\n|-damage|p2a: Joule|0 fnt\n|faint|p2a: Joule\n|-damage|p1a: Sharpedo|81\/100|[from] item: Life Orb\n|\n|-ability|p1a: Sharpedo|Speed Boost|boost\n|-boost|p1a: Sharpedo|spe|1\n|upkeep\n|\n|t:|1700167419\n|switch|p2a: Parasol|Breloom, F|100\/100\n|turn|3\n|\n|t:|1700167424\n|move|p1a: Sharpedo|Protect|p1a: Sharpedo\n|-singleturn|p1a: Sharpedo|Protect\n|move|p2a: Parasol|Mach Punch|p1a: Sharpedo\n|-activate|p1a: Sharpedo|move: Protect\n|\n|-ability|p1a: Sharpedo|Speed Boost|boost\n|-boost|p1a: Sharpedo|spe|1\n|upkeep\n|turn|4\n|\n|t:|1700167435\n|switch|p1a: Aegislash|Aegislash, M|100\/100\n|-activate|p1a: Aegislash|move: Sticky Web\n|-unboost|p1a: Aegislash|spe|1\n|move|p2a: Parasol|Mach Punch|p1a: Aegislash\n|-immune|p1a: Aegislash\n|\n|upkeep\n|turn|5\n|\n|t:|1700167443\n|move|p1a: Aegislash|King's Shield|p1a: Aegislash\n|-singleturn|p1a: Aegislash|Protect\n|move|p2a: Parasol|Spore|p1a: Aegislash\n|-status|p1a: Aegislash|slp|[from] move: Spore\n|\n|upkeep\n|turn|6\n|\n|t:|1700167451\n|switch|p2a: Icarus|Togekiss, M|100\/100\n|cant|p1a: Aegislash|slp\n|\n|upkeep\n|turn|7\n|\n|t:|1700167456\n|move|p2a: Icarus|Ancient Power|p1a: Aegislash\n|-resisted|p1a: Aegislash\n|-damage|p1a: Aegislash|91\/100 slp\n|-curestatus|p1a: Aegislash|slp|[msg]\n|move|p1a: Aegislash|Swords Dance|p1a: Aegislash\n|-boost|p1a: Aegislash|atk|2\n|\n|upkeep\n|turn|8\n|\n|t:|1700167463\n|move|p2a: Icarus|Thunder Wave|p1a: Aegislash\n|-status|p1a: Aegislash|par\n|cant|p1a: Aegislash|par\n|\n|upkeep\n|turn|9\n|\n|t:|1700167468\n|move|p2a: Icarus|Air Slash|p1a: Aegislash\n|-resisted|p1a: Aegislash\n|-damage|p1a: Aegislash|76\/100 par\n|cant|p1a: Aegislash|flinch\n|\n|upkeep\n|turn|10\n|\n|t:|1700167473\n|move|p2a: Icarus|Air Slash|p1a: Aegislash\n|-resisted|p1a: Aegislash\n|-damage|p1a: Aegislash|59\/100 par\n|cant|p1a: Aegislash|flinch\n|\n|upkeep\n|turn|11\n|\n|t:|1700167478\n|move|p2a: Icarus|Air Slash|p1a: Aegislash\n|-resisted|p1a: Aegislash\n|-damage|p1a: Aegislash|42\/100 par\n|cant|p1a: Aegislash|flinch\n|\n|upkeep\n|turn|12\n|\n|t:|1700167487\n|switch|p2a: Popeye|Swampert, M|100\/100\n|cant|p1a: Aegislash|par\n|\n|upkeep\n|turn|13\n|\n|t:|1700167494\n|detailschange|p2a: Popeye|Swampert-Mega, M\n|-mega|p2a: Popeye|Swampert|Swampertite\n|move|p2a: Popeye|Earthquake|p1a: Aegislash\n|-supereffective|p1a: Aegislash\n|-damage|p1a: Aegislash|0 fnt\n|faint|p1a: Aegislash\n|\n|upkeep\n|c|\u2606Pawelko|super aegieslash\n|\n|t:|1700167510\n|switch|p1a: Tangrowth|Tangrowth, M|100\/100\n|-activate|p1a: Tangrowth|move: Sticky Web\n|-unboost|p1a: Tangrowth|spe|1\n|turn|14\n|\n|t:|1700167520\n|switch|p2a: Icarus|Togekiss, M|100\/100\n|move|p1a: Tangrowth|Giga Drain|p2a: Icarus\n|-resisted|p2a: Icarus\n|-damage|p2a: Icarus|86\/100\n|\n|-heal|p2a: Icarus|92\/100|[from] item: Leftovers\n|upkeep\n|turn|15\n|\n|t:|1700167527\n|switch|p1a: Sharpedo|Sharpedo, F|81\/100\n|-activate|p1a: Sharpedo|move: Sticky Web\n|-unboost|p1a: Sharpedo|spe|1\n|move|p2a: Icarus|Thunder Wave|p1a: Sharpedo\n|-status|p1a: Sharpedo|par\n|\n|-heal|p2a: Icarus|99\/100|[from] item: Leftovers\n|upkeep\n|turn|16\n|\n|t:|1700167537\n|move|p2a: Icarus|Air Slash|p1a: Sharpedo\n|-damage|p1a: Sharpedo|0 fnt\n|faint|p1a: Sharpedo\n|\n|-heal|p2a: Icarus|100\/100|[from] item: Leftovers\n|upkeep\n|\n|t:|1700167548\n|switch|p1a: Bouffalant|Bouffalant, M|100\/100\n|-activate|p1a: Bouffalant|move: Sticky Web\n|-unboost|p1a: Bouffalant|spe|1\n|turn|17\n|\n|t:|1700167552\n|move|p2a: Icarus|Thunder Wave|p1a: Bouffalant\n|-status|p1a: Bouffalant|par\n|move|p1a: Bouffalant|Head Charge|p2a: Icarus\n|-damage|p2a: Icarus|0 fnt\n|faint|p2a: Icarus\n|-damage|p1a: Bouffalant|77\/100 par|[from] Recoil\n|\n|upkeep\n|\n|t:|1700167562\n|switch|p2a: UnderTruck|Mew|100\/100\n|turn|18\n|\n|t:|1700167566\n|move|p2a: UnderTruck|Cosmic Power|p2a: UnderTruck\n|-boost|p2a: UnderTruck|def|1\n|-boost|p2a: UnderTruck|spd|1\n|cant|p1a: Bouffalant|par\n|\n|upkeep\n|turn|19\n|\n|t:|1700167570\n|move|p2a: UnderTruck|Cosmic Power|p2a: UnderTruck\n|-boost|p2a: UnderTruck|def|1\n|-boost|p2a: UnderTruck|spd|1\n|move|p1a: Bouffalant|Head Charge|p2a: UnderTruck\n|-damage|p2a: UnderTruck|50\/100\n|-damage|p1a: Bouffalant|64\/100 par|[from] Recoil\n|\n|upkeep\n|turn|20\n|\n|t:|1700167578\n|move|p2a: UnderTruck|Roost|p2a: UnderTruck\n|-heal|p2a: UnderTruck|99\/100\n|-singleturn|p2a: UnderTruck|move: Roost\n|move|p1a: Bouffalant|Head Charge|p2a: UnderTruck\n|-damage|p2a: UnderTruck|52\/100\n|-damage|p1a: Bouffalant|52\/100 par|[from] Recoil\n|\n|upkeep\n|turn|21\n|\n|t:|1700167584\n|move|p2a: UnderTruck|Cosmic Power|p2a: UnderTruck\n|-boost|p2a: UnderTruck|def|1\n|-boost|p2a: UnderTruck|spd|1\n|move|p1a: Bouffalant|Head Charge|p2a: UnderTruck\n|-damage|p2a: UnderTruck|15\/100\n|-damage|p1a: Bouffalant|42\/100 par|[from] Recoil\n|\n|upkeep\n|turn|22\n|\n|t:|1700167592\n|switch|p1a: Tangrowth|Tangrowth, M|100\/100\n|-activate|p1a: Tangrowth|move: Sticky Web\n|-unboost|p1a: Tangrowth|spe|1\n|move|p2a: UnderTruck|Roost|p2a: UnderTruck\n|-heal|p2a: UnderTruck|65\/100\n|-singleturn|p2a: UnderTruck|move: Roost\n|\n|upkeep\n|turn|23\n|\n|t:|1700167600\n|move|p2a: UnderTruck|Cosmic Power|p2a: UnderTruck\n|-boost|p2a: UnderTruck|def|1\n|-boost|p2a: UnderTruck|spd|1\n|move|p1a: Tangrowth|Sleep Powder|p2a: UnderTruck\n|-status|p2a: UnderTruck|slp|[from] move: Sleep Powder\n|\n|upkeep\n|turn|24\n|\n|t:|1700167607\n|cant|p2a: UnderTruck|slp\n|move|p1a: Tangrowth|Ancient Power|p2a: UnderTruck\n|-damage|p2a: UnderTruck|61\/100 slp\n|-boost|p1a: Tangrowth|atk|1\n|-boost|p1a: Tangrowth|def|1\n|-boost|p1a: Tangrowth|spa|1\n|-boost|p1a: Tangrowth|spd|1\n|-boost|p1a: Tangrowth|spe|1\n|\n|upkeep\n|turn|25\n|\n|t:|1700167614\n|cant|p2a: UnderTruck|slp\n|move|p1a: Tangrowth|Ancient Power|p2a: UnderTruck\n|-damage|p2a: UnderTruck|55\/100 slp\n|\n|upkeep\n|turn|26\n|\n|t:|1700167619\n|cant|p2a: UnderTruck|slp\n|move|p1a: Tangrowth|Giga Drain|p2a: UnderTruck\n|-damage|p2a: UnderTruck|44\/100 slp\n|\n|upkeep\n|turn|27\n|\n|t:|1700167623\n|-curestatus|p2a: UnderTruck|slp|[msg]\n|move|p2a: UnderTruck|Roost|p2a: UnderTruck\n|-heal|p2a: UnderTruck|94\/100\n|-singleturn|p2a: UnderTruck|move: Roost\n|move|p1a: Tangrowth|Giga Drain|p2a: UnderTruck\n|-damage|p2a: UnderTruck|83\/100\n|\n|upkeep\n|turn|28\n|\n|t:|1700167632\n|move|p2a: UnderTruck|Stored Power|p1a: Tangrowth\n|-damage|p1a: Tangrowth|39\/100\n|move|p1a: Tangrowth|Sludge Bomb|p2a: UnderTruck\n|-damage|p2a: UnderTruck|73\/100\n|\n|-heal|p1a: Tangrowth|45\/100|[from] item: Leftovers\n|upkeep\n|turn|29\n|\n|t:|1700167639\n|move|p2a: UnderTruck|Stored Power|p1a: Tangrowth\n|-damage|p1a: Tangrowth|0 fnt\n|faint|p1a: Tangrowth\n|\n|upkeep\n|-message|Pawelko forfeited.\n|\n|win|Koolwraith\n|raw|Pawelko's rating: 1134 &rarr; <strong>1116<\/strong><br \/>(-18 for losing)\n|raw|Koolwraith's rating: 1239 &rarr; <strong>1257<\/strong><br \/>(+18 for winning)\n|l|\u2606Pawelko\n","uploadtime":1700167723,"views":5,"p1id":"pawelko","p2id":"koolwraith","formatid":"gen9nationaldex","rating":1116,"private":0,"password":""}