{"id":"gen9nationaldex-1996037364","p1":"h0t water","p2":"lugones10","format":"[Gen 9] National Dex","log":"|html|<div class=\"broadcast-blue\"><strong>[Gen 9] National Dex is currently suspecting Sneasler! For information on how to participate check out the <a href=\"https:\/\/www.smogon.com\/forums\/threads\/sv-national-dex-suspect-8-just-dance.3731534\/\">suspect thread<\/a>.<\/strong><\/div>\n|j|\u2606h0t water\n|j|\u2606lugones10\n|t:|1700633271\n|gametype|singles\n|player|p1|h0t water|102|1199\n|player|p2|lugones10|giovanni|1056\n|teamsize|p1|6\n|teamsize|p2|6\n|gen|9\n|tier|[Gen 9] National Dex\n|rated|\n|rule|HP Percentage Mod: HP is shown in percentages\n|rule|Endless Battle Clause: Forcing endless battles is banned\n|rule|OHKO Clause: OHKO moves are banned\n|rule|Evasion Clause: Evasion abilities, items, and moves are banned\n|rule|Evasion Abilities Clause: Evasion abilities are banned\n|rule|Evasion Items Clause: Evasion items are banned\n|rule|Evasion Moves Clause: Evasion moves are banned\n|rule|Species Clause: Limit one of each Pok\u00e9mon\n|rule|Sleep Clause Mod: Limit one foe put to sleep\n|clearpoke\n|poke|p1|Iron Valiant|\n|poke|p1|Ribombee, M|\n|poke|p1|Uxie|\n|poke|p1|Blaziken, F|\n|poke|p1|Inteleon, M|\n|poke|p1|Haxorus, F|\n|poke|p2|Charizard, F|\n|poke|p2|Dragonite, F|\n|poke|p2|Gyarados, M|\n|poke|p2|Alakazam, F|\n|poke|p2|Nidoking, M|\n|poke|p2|Electrode|\n|teampreview\n|inactive|Battle timer is ON: inactive players will automatically lose when time's up. (requested by h0t water)\n|\n|t:|1700633277\n|start\n|switch|p1a: Ribombee|Ribombee, M|100\/100\n|switch|p2a: Electrode|Electrode|100\/100\n|turn|1\n|\n|t:|1700633282\n|move|p2a: Electrode|Light Screen|p2a: Electrode\n|-sidestart|p2: lugones10|move: Light Screen\n|move|p1a: Ribombee|Sticky Web|p2a: Electrode\n|-sidestart|p2: lugones10|move: Sticky Web\n|\n|upkeep\n|turn|2\n|\n|t:|1700633287\n|move|p2a: Electrode|Thunder Wave|p1a: Ribombee\n|-status|p1a: Ribombee|par\n|move|p1a: Ribombee|Bug Buzz|p2a: Electrode\n|-damage|p2a: Electrode|69\/100\n|\n|upkeep\n|turn|3\n|\n|t:|1700633293\n|move|p2a: Electrode|Reflect|p2a: Electrode\n|-sidestart|p2: lugones10|Reflect\n|move|p1a: Ribombee|Bug Buzz|p2a: Electrode\n|-damage|p2a: Electrode|40\/100\n|\n|upkeep\n|turn|4\n|\n|t:|1700633300\n|move|p2a: Electrode|Thunderbolt|p1a: Ribombee\n|-crit|p1a: Ribombee\n|-damage|p1a: Ribombee|9\/100 par\n|cant|p1a: Ribombee|par\n|\n|upkeep\n|turn|5\n|\n|t:|1700633306\n|move|p2a: Electrode|Thunderbolt|p1a: Ribombee\n|-damage|p1a: Ribombee|0 fnt\n|faint|p1a: Ribombee\n|\n|-sideend|p2: lugones10|move: Light Screen\n|upkeep\n|\n|t:|1700633308\n|switch|p1a: Uxie|Uxie|100\/100\n|turn|6\n|\n|t:|1700633316\n|move|p1a: Uxie|Trick|p2a: Electrode\n|-activate|p1a: Uxie|move: Trick|[of] p2a: Electrode\n|-item|p2a: Electrode|Choice Scarf|[from] move: Trick\n|-item|p1a: Uxie|Focus Sash|[from] move: Trick\n|move|p2a: Electrode|Thunder Wave|p1a: Uxie\n|-status|p1a: Uxie|par\n|\n|upkeep\n|turn|7\n|\n|t:|1700633333\n|switch|p2a: Gyarados|Gyarados, M|100\/100\n|move|p1a: Uxie|Stealth Rock|p2a: Gyarados\n|-sidestart|p2: lugones10|move: Stealth Rock\n|\n|-sideend|p2: lugones10|Reflect\n|upkeep\n|turn|8\n|\n|t:|1700633340\n|move|p2a: Gyarados|Crunch|p1a: Uxie\n|-supereffective|p1a: Uxie\n|-damage|p1a: Uxie|59\/100 par\n|-unboost|p1a: Uxie|def|1\n|move|p1a: Uxie|Thunder Wave|p2a: Gyarados\n|-status|p2a: Gyarados|par\n|\n|upkeep\n|turn|9\n|\n|t:|1700633351\n|move|p1a: Uxie|Memento|p2a: Gyarados\n|-unboost|p2a: Gyarados|atk|2\n|-unboost|p2a: Gyarados|spa|2\n|faint|p1a: Uxie\n|move|p2a: Gyarados|Crunch|p1: Uxie|[notarget]\n|-fail|p2a: Gyarados\n|\n|upkeep\n|\n|t:|1700633356\n|switch|p1a: Inteleon|Inteleon, M|100\/100\n|turn|10\n|\n|t:|1700633364\n|move|p1a: Inteleon|Focus Energy|p1a: Inteleon\n|-start|p1a: Inteleon|move: Focus Energy\n|move|p2a: Gyarados|Crunch|p1a: Inteleon\n|-damage|p1a: Inteleon|78\/100\n|\n|upkeep\n|turn|11\n|\n|t:|1700633375\n|switch|p2a: Electrode|Electrode|40\/100\n|-activate|p2a: Electrode|move: Sticky Web\n|-unboost|p2a: Electrode|spe|1\n|-damage|p2a: Electrode|27\/100|[from] Stealth Rock\n|-terastallize|p1a: Inteleon|Electric\n|move|p1a: Inteleon|Tera Blast|p2a: Electrode|[anim] Tera Blast Electric\n|-resisted|p2a: Electrode\n|-crit|p2a: Electrode\n|-damage|p2a: Electrode|0 fnt\n|faint|p2a: Electrode\n|\n|upkeep\n|\n|t:|1700633396\n|switch|p2a: Nidoking|Nidoking, M|100\/100\n|-activate|p2a: Nidoking|move: Sticky Web\n|-unboost|p2a: Nidoking|spe|1\n|-damage|p2a: Nidoking|95\/100|[from] Stealth Rock\n|turn|12\n|\n|t:|1700633406\n|-terastallize|p2a: Nidoking|Poison\n|move|p1a: Inteleon|Snipe Shot|p2a: Nidoking\n|-crit|p2a: Nidoking\n|-damage|p2a: Nidoking|0 fnt\n|faint|p2a: Nidoking\n|\n|upkeep\n|\n|t:|1700633412\n|switch|p2a: Dragonite|Dragonite, F|100\/100\n|-damage|p2a: Dragonite|76\/100|[from] Stealth Rock\n|turn|13\n|\n|t:|1700633421\n|move|p1a: Inteleon|Ice Beam|p2a: Dragonite\n|-supereffective|p2a: Dragonite\n|-crit|p2a: Dragonite\n|-damage|p2a: Dragonite|0 fnt\n|faint|p2a: Dragonite\n|\n|upkeep\n|\n|t:|1700633428\n|switch|p2a: Gyarados|Gyarados, M|100\/100 par\n|-damage|p2a: Gyarados|76\/100 par|[from] Stealth Rock\n|turn|14\n|\n|t:|1700633432\n|move|p1a: Inteleon|Tera Blast|p2a: Gyarados|[anim] Tera Blast Electric\n|-supereffective|p2a: Gyarados\n|-crit|p2a: Gyarados\n|-damage|p2a: Gyarados|0 fnt\n|faint|p2a: Gyarados\n|\n|upkeep\n|\n|t:|1700633437\n|switch|p2a: Alakazam|Alakazam, F|100\/100\n|-activate|p2a: Alakazam|move: Sticky Web\n|-unboost|p2a: Alakazam|spe|1\n|turn|15\n|\n|t:|1700633443\n|move|p1a: Inteleon|Snipe Shot|p2a: Alakazam\n|-crit|p2a: Alakazam\n|-damage|p2a: Alakazam|11\/100\n|move|p2a: Alakazam|Psychic|p1a: Inteleon\n|-damage|p1a: Inteleon|0 fnt\n|faint|p1a: Inteleon\n|\n|upkeep\n|\n|t:|1700633452\n|switch|p1a: Iron Valiant|Iron Valiant|100\/100\n|-enditem|p1a: Iron Valiant|Booster Energy\n|-activate|p1a: Iron Valiant|ability: Quark Drive|[fromitem]\n|-start|p1a: Iron Valiant|quarkdrivespe\n|turn|16\n|\n|t:|1700633463\n|move|p1a: Iron Valiant|Knock Off|p2a: Alakazam\n|-supereffective|p2a: Alakazam\n|-damage|p2a: Alakazam|0 fnt\n|-enditem|p2a: Alakazam|Assault Vest|[from] move: Knock Off|[of] p1a: Iron Valiant\n|faint|p2a: Alakazam\n|\n|upkeep\n|\n|t:|1700633467\n|switch|p2a: Charizard|Charizard, F|100\/100\n|-damage|p2a: Charizard|51\/100|[from] Stealth Rock\n|turn|17\n|\n|t:|1700633473\n|detailschange|p2a: Charizard|Charizard-Mega-Y, F\n|-mega|p2a: Charizard|Charizard|Charizardite Y\n|-weather|SunnyDay|[from] ability: Drought|[of] p2a: Charizard\n|move|p1a: Iron Valiant|Close Combat|p2a: Charizard\n|-resisted|p2a: Charizard\n|-crit|p2a: Charizard\n|-damage|p2a: Charizard|0 fnt\n|-unboost|p1a: Iron Valiant|def|1\n|-unboost|p1a: Iron Valiant|spd|1\n|faint|p2a: Charizard\n|\n|win|h0t water\n|raw|h0t water's rating: 1199 &rarr; <strong>1214<\/strong><br \/>(+15 for winning)\n|raw|lugones10's rating: 1056 &rarr; <strong>1045<\/strong><br \/>(-11 for losing)\n|l|\u2606lugones10\n","uploadtime":1700633484,"views":4,"p1id":"h0twater","p2id":"lugones10","formatid":"gen9nationaldex","rating":1045,"private":0,"password":""}