{"id":"gen9nationaldex-1989006771","p1":"Squishy27","p2":"kumquatsatsumsussy","format":"[Gen 9] National Dex","log":"|j|\u2606Squishy27\n|j|\u2606kumquatsatsumsussy\n|t:|1699801365\n|gametype|singles\n|player|p1|Squishy27|backpacker|1000\n|player|p2|kumquatsatsumsussy|1|1040\n|teamsize|p1|3\n|teamsize|p2|6\n|gen|9\n|tier|[Gen 9] National Dex\n|rated|\n|rule|HP Percentage Mod: HP is shown in percentages\n|rule|Endless Battle Clause: Forcing endless battles is banned\n|rule|OHKO Clause: OHKO moves are banned\n|rule|Evasion Clause: Evasion abilities, items, and moves are banned\n|rule|Evasion Abilities Clause: Evasion abilities are banned\n|rule|Evasion Items Clause: Evasion items are banned\n|rule|Evasion Moves Clause: Evasion moves are banned\n|rule|Species Clause: Limit one of each Pok\u00e9mon\n|rule|Sleep Clause Mod: Limit one foe put to sleep\n|clearpoke\n|poke|p1|Shuckle, M|\n|poke|p1|Krookodile, M|\n|poke|p1|Eelektross, M|\n|poke|p2|Meowstic, M|\n|poke|p2|Flygon, M|\n|poke|p2|Garchomp, M|\n|poke|p2|Charizard, M|\n|poke|p2|Gengar, M|\n|poke|p2|Greninja-*, F|\n|teampreview\n|\n|t:|1699801409\n|start\n|switch|p1a: Shuckle|Shuckle, M, shiny|100\/100\n|switch|p2a: Garchomp|Garchomp, M|100\/100\n|turn|1\n|\n|t:|1699801419\n|move|p2a: Garchomp|Swords Dance|p2a: Garchomp\n|-boost|p2a: Garchomp|atk|2\n|move|p1a: Shuckle|Sticky Web|p2a: Garchomp\n|-sidestart|p2: kumquatsatsumsussy|move: Sticky Web\n|\n|upkeep\n|turn|2\n|\n|t:|1699801439\n|move|p2a: Garchomp|Swords Dance|p2a: Garchomp\n|-boost|p2a: Garchomp|atk|2\n|move|p1a: Shuckle|Toxic|p2a: Garchomp\n|-status|p2a: Garchomp|tox\n|\n|-damage|p2a: Garchomp|94\/100 tox|[from] psn\n|upkeep\n|turn|3\n|\n|t:|1699801446\n|move|p2a: Garchomp|Swords Dance|p2a: Garchomp\n|-boost|p2a: Garchomp|atk|2\n|move|p1a: Shuckle|Stealth Rock|p2a: Garchomp\n|-sidestart|p2: kumquatsatsumsussy|move: Stealth Rock\n|\n|-damage|p2a: Garchomp|82\/100 tox|[from] psn\n|upkeep\n|turn|4\n|\n|t:|1699801459\n|move|p1a: Shuckle|Protect|p1a: Shuckle\n|-singleturn|p1a: Shuckle|Protect\n|move|p2a: Garchomp|Earthquake|p1a: Shuckle\n|-activate|p1a: Shuckle|move: Protect\n|\n|-damage|p2a: Garchomp|64\/100 tox|[from] psn\n|upkeep\n|turn|5\n|\n|t:|1699801468\n|move|p2a: Garchomp|Earthquake|p1a: Shuckle\n|-ability|p1a: Shuckle|Sturdy\n|-damage|p1a: Shuckle|1\/100\n|move|p1a: Shuckle|Sticky Web||[still]\n|-fail|p1a: Shuckle\n|\n|-heal|p1a: Shuckle|7\/100|[from] item: Leftovers\n|-damage|p2a: Garchomp|39\/100 tox|[from] psn\n|upkeep\n|turn|6\n|\n|t:|1699801478\n|move|p1a: Shuckle|Protect|p1a: Shuckle\n|-singleturn|p1a: Shuckle|Protect\n|move|p2a: Garchomp|Dragon Claw|p1a: Shuckle\n|-activate|p1a: Shuckle|move: Protect\n|\n|-heal|p1a: Shuckle|13\/100|[from] item: Leftovers\n|-damage|p2a: Garchomp|8\/100 tox|[from] psn\n|upkeep\n|turn|7\n|\n|t:|1699801487\n|move|p2a: Garchomp|Dragon Claw|p1a: Shuckle\n|-damage|p1a: Shuckle|0 fnt\n|faint|p1a: Shuckle\n|\n|-damage|p2a: Garchomp|0 fnt|[from] psn\n|faint|p2a: Garchomp\n|upkeep\n|\n|t:|1699801501\n|switch|p2a: Meowstic|Meowstic, M|100\/100\n|switch|p1a: Krookodile|Krookodile, M, shiny|100\/100\n|-activate|p2a: Meowstic|move: Sticky Web\n|-unboost|p2a: Meowstic|spe|1\n|-damage|p2a: Meowstic|88\/100|[from] Stealth Rock\n|turn|8\n|\n|t:|1699801512\n|move|p2a: Meowstic|Yawn|p1a: Krookodile\n|-hint|Since gen 7, Dark is immune to Prankster moves.\n|-immune|p1a: Krookodile\n|move|p1a: Krookodile|Bulk Up|p1a: Krookodile\n|-boost|p1a: Krookodile|atk|1\n|-boost|p1a: Krookodile|def|1\n|\n|upkeep\n|turn|9\n|\n|t:|1699801523\n|switch|p2a: Greninja|Greninja, F, shiny|100\/100\n|-activate|p2a: Greninja|move: Sticky Web\n|-unboost|p2a: Greninja|spe|1\n|-damage|p2a: Greninja|88\/100|[from] Stealth Rock\n|move|p1a: Krookodile|Bulk Up|p1a: Krookodile\n|-boost|p1a: Krookodile|atk|1\n|-boost|p1a: Krookodile|def|1\n|\n|upkeep\n|turn|10\n|\n|t:|1699801538\n|-terastallize|p1a: Krookodile|Dark\n|-terastallize|p2a: Greninja|Water\n|move|p1a: Krookodile|Power Trip|p2a: Greninja\n|-damage|p2a: Greninja|0 fnt\n|faint|p2a: Greninja\n|-ability|p1a: Krookodile|Moxie|boost\n|-boost|p1a: Krookodile|atk|1\n|\n|upkeep\n|\n|t:|1699801552\n|switch|p2a: Flygon|Flygon, M|100\/100\n|-damage|p2a: Flygon|95\/100|[from] Stealth Rock\n|turn|11\n|\n|t:|1699801567\n|move|p2a: Flygon|Earthquake|p1a: Krookodile\n|-damage|p1a: Krookodile|71\/100\n|-damage|p2a: Flygon|85\/100|[from] item: Life Orb\n|move|p1a: Krookodile|Power Trip|p2a: Flygon\n|-damage|p2a: Flygon|0 fnt\n|faint|p2a: Flygon\n|-ability|p1a: Krookodile|Moxie|boost\n|-boost|p1a: Krookodile|atk|1\n|\n|upkeep\n|\n|t:|1699801580\n|switch|p2a: Gengar|Gengar, M|100\/100\n|-activate|p2a: Gengar|move: Sticky Web\n|-unboost|p2a: Gengar|spe|1\n|-damage|p2a: Gengar|88\/100|[from] Stealth Rock\n|turn|12\n|\n|t:|1699801586\n|move|p1a: Krookodile|Power Trip|p2a: Gengar\n|-supereffective|p2a: Gengar\n|-damage|p2a: Gengar|0 fnt\n|faint|p2a: Gengar\n|-ability|p1a: Krookodile|Moxie|boost\n|-boost|p1a: Krookodile|atk|1\n|\n|upkeep\n|\n|t:|1699801593\n|switch|p2a: Charizard|Charizard, M, shiny|100\/100\n|-damage|p2a: Charizard|51\/100|[from] Stealth Rock\n|turn|13\n|\n|t:|1699801601\n|detailschange|p2a: Charizard|Charizard-Mega-X, M, shiny\n|-mega|p2a: Charizard|Charizard|Charizardite X\n|move|p1a: Krookodile|Power Trip|p2a: Charizard\n|-damage|p2a: Charizard|0 fnt\n|faint|p2a: Charizard\n|-ability|p1a: Krookodile|Moxie|boost\n|-boost|p1a: Krookodile|atk|1\n|\n|upkeep\n|\n|t:|1699801611\n|switch|p2a: Meowstic|Meowstic, M|88\/100\n|-activate|p2a: Meowstic|move: Sticky Web\n|-unboost|p2a: Meowstic|spe|1\n|-damage|p2a: Meowstic|76\/100|[from] Stealth Rock\n|turn|14\n|\n|t:|1699801618\n|move|p2a: Meowstic|Yawn|p1a: Krookodile\n|-hint|Since gen 7, Dark is immune to Prankster moves.\n|-immune|p1a: Krookodile\n|move|p1a: Krookodile|Power Trip|p2a: Meowstic\n|-supereffective|p2a: Meowstic\n|-damage|p2a: Meowstic|0 fnt\n|faint|p2a: Meowstic\n|\n|win|Squishy27\n|raw|Squishy27's rating: 1000 &rarr; <strong>1045<\/strong><br \/>(+45 for winning)\n|raw|kumquatsatsumsussy's rating: 1040 &rarr; <strong>1022<\/strong><br \/>(-18 for losing)\n|l|\u2606kumquatsatsumsussy\n","uploadtime":1699801633,"views":17,"p1id":"squishy27","p2id":"kumquatsatsumsussy","formatid":"gen9nationaldex","rating":1022,"private":0,"password":""}