{"id":"gen9nationaldex-1997806841","p1":"Quantum Rizzicist","p2":"zeonteo","format":"[Gen 9] National Dex","log":"|html|<div class=\"broadcast-blue\"><strong>[Gen 9] National Dex is currently suspecting Sneasler! For information on how to participate check out the <a href=\"https:\/\/www.smogon.com\/forums\/threads\/sv-national-dex-suspect-8-just-dance.3731534\/\">suspect thread<\/a>.<\/strong><\/div>\n|j|\u2606Quantum Rizzicist\n|j|\u2606zeonteo\n|t:|1700854762\n|gametype|singles\n|player|p1|Quantum Rizzicist|blue|1450\n|player|p2|zeonteo|pokemonranger-gen4|1350\n|teamsize|p1|6\n|teamsize|p2|6\n|gen|9\n|tier|[Gen 9] National Dex\n|rated|\n|rule|HP Percentage Mod: HP is shown in percentages\n|rule|Endless Battle Clause: Forcing endless battles is banned\n|rule|OHKO Clause: OHKO moves are banned\n|rule|Evasion Clause: Evasion abilities, items, and moves are banned\n|rule|Evasion Abilities Clause: Evasion abilities are banned\n|rule|Evasion Items Clause: Evasion items are banned\n|rule|Evasion Moves Clause: Evasion moves are banned\n|rule|Species Clause: Limit one of each Pok\u00e9mon\n|rule|Sleep Clause Mod: Limit one foe put to sleep\n|clearpoke\n|poke|p1|Heatran, F|\n|poke|p1|Ninetales-Alola, M|\n|poke|p1|Great Tusk|\n|poke|p1|Ursaluna, F|\n|poke|p1|Latias, F|\n|poke|p1|Kommo-o, F|\n|poke|p2|Lopunny, M|\n|poke|p2|Gliscor, M|\n|poke|p2|Skarmory, F|\n|poke|p2|Volcarona, F|\n|poke|p2|Toxapex, M|\n|poke|p2|Hatterene, F|\n|teampreview\n|inactive|Battle timer is ON: inactive players will automatically lose when time's up. (requested by zeonteo)\n|inactive|Quantum Rizzicist also wants the timer to be on.\n|\n|t:|1700854770\n|start\n|switch|p1a: Ninetales|Ninetales-Alola, M, shiny|100\/100\n|switch|p2a: DURIAN|Toxapex, M|100\/100\n|-weather|Snow|[from] ability: Snow Warning|[of] p1a: Ninetales\n|turn|1\n|c|\u2606Quantum Rizzicist|gl hf\n|\n|t:|1700854780\n|move|p1a: Ninetales|Aurora Veil|p1a: Ninetales\n|-sidestart|p1: Quantum Rizzicist|move: Aurora Veil\n|move|p2a: DURIAN|Infestation|p1a: Ninetales\n|-resisted|p1a: Ninetales\n|-damage|p1a: Ninetales|99\/100\n|-activate|p1a: Ninetales|move: Infestation|[of] p2a: DURIAN\n|\n|-weather|Snow|[upkeep]\n|-damage|p1a: Ninetales|88\/100|[from] move: Infestation|[partiallytrapped]\n|upkeep\n|turn|2\n|\n|t:|1700854791\n|move|p1a: Ninetales|Encore|p2a: DURIAN\n|-start|p2a: DURIAN|Encore\n|move|p2a: DURIAN|Infestation|p1a: Ninetales\n|-resisted|p1a: Ninetales\n|-damage|p1a: Ninetales|87\/100\n|\n|-weather|Snow|[upkeep]\n|-damage|p1a: Ninetales|75\/100|[from] move: Infestation|[partiallytrapped]\n|upkeep\n|turn|3\n|\n|t:|1700854800\n|move|p1a: Ninetales|Freeze-Dry|p2a: DURIAN\n|-supereffective|p2a: DURIAN\n|-damage|p2a: DURIAN|65\/100\n|move|p2a: DURIAN|Infestation|p1a: Ninetales\n|-resisted|p1a: Ninetales\n|-damage|p1a: Ninetales|74\/100\n|\n|-weather|Snow|[upkeep]\n|-heal|p2a: DURIAN|71\/100|[from] item: Leftovers\n|-damage|p1a: Ninetales|62\/100|[from] move: Infestation|[partiallytrapped]\n|upkeep\n|turn|4\n|\n|t:|1700854812\n|move|p1a: Ninetales|Freeze-Dry|p2a: DURIAN\n|-supereffective|p2a: DURIAN\n|-damage|p2a: DURIAN|36\/100\n|move|p2a: DURIAN|Infestation|p1a: Ninetales\n|-resisted|p1a: Ninetales\n|-damage|p1a: Ninetales|61\/100\n|\n|-weather|Snow|[upkeep]\n|-heal|p2a: DURIAN|42\/100|[from] item: Leftovers\n|-damage|p1a: Ninetales|49\/100|[from] move: Infestation|[partiallytrapped]\n|-end|p2a: DURIAN|Encore\n|upkeep\n|turn|5\n|\n|t:|1700854826\n|move|p2a: DURIAN|Baneful Bunker|p2a: DURIAN\n|-singleturn|p2a: DURIAN|move: Protect\n|move|p1a: Ninetales|Encore|p2a: DURIAN\n|-activate|p2a: DURIAN|move: Protect\n|\n|-weather|none\n|-heal|p2a: DURIAN|48\/100|[from] item: Leftovers\n|-end|p1a: Ninetales|Infestation|[partiallytrapped]\n|upkeep\n|turn|6\n|\n|t:|1700854847\n|switch|p2a: LOVE|Lopunny, M|100\/100\n|move|p1a: Ninetales|Encore||[still]\n|-fail|p1a: Ninetales\n|\n|upkeep\n|turn|7\n|\n|t:|1700854861\n|switch|p1a: Great Tusk|Great Tusk|100\/100\n|move|p2a: LOVE|Power-Up Punch|p1a: Great Tusk\n|-damage|p1a: Great Tusk|98\/100\n|-boost|p2a: LOVE|atk|1\n|\n|-heal|p1a: Great Tusk|100\/100|[from] item: Leftovers\n|upkeep\n|turn|8\n|\n|t:|1700854873\n|detailschange|p2a: LOVE|Lopunny-Mega, M\n|-mega|p2a: LOVE|Lopunny|Lopunnite\n|move|p2a: LOVE|U-turn|p1a: Great Tusk\n|-resisted|p1a: Great Tusk\n|-damage|p1a: Great Tusk|96\/100\n|\n|t:|1700854878\n|switch|p2a: STARSCREAMZ|Skarmory, F|100\/100|[from] U-turn\n|move|p1a: Great Tusk|Body Press|p2a: STARSCREAMZ\n|-damage|p2a: STARSCREAMZ|74\/100\n|-damage|p1a: Great Tusk|80\/100|[from] item: Rocky Helmet|[of] p2a: STARSCREAMZ\n|\n|-heal|p1a: Great Tusk|86\/100|[from] item: Leftovers\n|-sideend|p1: Quantum Rizzicist|move: Aurora Veil\n|upkeep\n|turn|9\n|\n|t:|1700854891\n|-end|p1a: Great Tusk|Protosynthesis|[silent]\n|switch|p1a: Heatran|Heatran, F|100\/100\n|move|p2a: STARSCREAMZ|Stealth Rock|p1a: Heatran\n|-sidestart|p1: Quantum Rizzicist|move: Stealth Rock\n|\n|upkeep\n|turn|10\n|\n|t:|1700854899\n|switch|p2a: DURIAN|Toxapex, M|81\/100\n|move|p1a: Heatran|Magma Storm|p2a: DURIAN\n|-resisted|p2a: DURIAN\n|-damage|p2a: DURIAN|63\/100\n|-activate|p2a: DURIAN|move: Magma Storm|[of] p1a: Heatran\n|\n|-heal|p2a: DURIAN|69\/100|[from] item: Leftovers\n|-damage|p2a: DURIAN|57\/100|[from] move: Magma Storm|[partiallytrapped]\n|upkeep\n|turn|11\n|\n|t:|1700854910\n|move|p1a: Heatran|Taunt|p2a: DURIAN\n|-start|p2a: DURIAN|move: Taunt\n|move|p2a: DURIAN|Scald|p1a: Heatran\n|-supereffective|p1a: Heatran\n|-crit|p1a: Heatran\n|-damage|p1a: Heatran|68\/100\n|\n|-heal|p1a: Heatran|74\/100|[from] item: Leftovers\n|-heal|p2a: DURIAN|63\/100|[from] item: Leftovers\n|-damage|p2a: DURIAN|50\/100|[from] move: Magma Storm|[partiallytrapped]\n|upkeep\n|turn|12\n|\n|t:|1700854922\n|move|p1a: Heatran|Earth Power|p2a: DURIAN\n|-supereffective|p2a: DURIAN\n|-damage|p2a: DURIAN|10\/100\n|move|p2a: DURIAN|Scald|p1a: Heatran\n|-supereffective|p1a: Heatran\n|-damage|p1a: Heatran|53\/100\n|\n|-heal|p1a: Heatran|59\/100|[from] item: Leftovers\n|-heal|p2a: DURIAN|16\/100|[from] item: Leftovers\n|-damage|p2a: DURIAN|3\/100|[from] move: Magma Storm|[partiallytrapped]\n|upkeep\n|turn|13\n|\n|t:|1700854933\n|move|p1a: Heatran|Earth Power|p2a: DURIAN\n|-supereffective|p2a: DURIAN\n|-damage|p2a: DURIAN|0 fnt\n|faint|p2a: DURIAN\n|\n|-heal|p1a: Heatran|66\/100|[from] item: Leftovers\n|upkeep\n|\n|t:|1700854942\n|switch|p2a: LOVE|Lopunny-Mega, M|100\/100\n|turn|14\n|\n|t:|1700854949\n|switch|p1a: Great Tusk|Great Tusk|86\/100\n|-damage|p1a: Great Tusk|83\/100|[from] Stealth Rock\n|move|p2a: LOVE|Power-Up Punch|p1a: Great Tusk\n|-damage|p1a: Great Tusk|72\/100\n|-boost|p2a: LOVE|atk|1\n|\n|-heal|p1a: Great Tusk|78\/100|[from] item: Leftovers\n|upkeep\n|turn|15\n|\n|t:|1700854960\n|move|p2a: LOVE|Ice Punch|p1a: Great Tusk\n|-supereffective|p1a: Great Tusk\n|-damage|p1a: Great Tusk|41\/100\n|move|p1a: Great Tusk|Body Press|p2a: LOVE\n|-supereffective|p2a: LOVE\n|-damage|p2a: LOVE|0 fnt\n|faint|p2a: LOVE\n|\n|-heal|p1a: Great Tusk|47\/100|[from] item: Leftovers\n|upkeep\n|\n|t:|1700854970\n|switch|p2a: FIRESTORMZ|Volcarona, F|100\/100\n|turn|16\n|\n|t:|1700854979\n|-end|p1a: Great Tusk|Protosynthesis|[silent]\n|switch|p1a: Heatran|Heatran, F|66\/100\n|-damage|p1a: Heatran|53\/100|[from] Stealth Rock\n|-terastallize|p2a: FIRESTORMZ|Water\n|move|p2a: FIRESTORMZ|Quiver Dance|p2a: FIRESTORMZ\n|-boost|p2a: FIRESTORMZ|spa|1\n|-boost|p2a: FIRESTORMZ|spd|1\n|-boost|p2a: FIRESTORMZ|spe|1\n|\n|-heal|p1a: Heatran|59\/100|[from] item: Leftovers\n|upkeep\n|turn|17\n|\n|t:|1700854995\n|-terastallize|p1a: Heatran|Grass\n|move|p2a: FIRESTORMZ|Giga Drain|p1a: Heatran\n|-resisted|p1a: Heatran\n|-damage|p1a: Heatran|47\/100\n|move|p1a: Heatran|Toxic|p2a: FIRESTORMZ|[miss]\n|-miss|p1a: Heatran|p2a: FIRESTORMZ\n|\n|-heal|p1a: Heatran|53\/100|[from] item: Leftovers\n|upkeep\n|turn|18\n|\n|t:|1700855005\n|move|p2a: FIRESTORMZ|Bug Buzz|p1a: Heatran\n|-supereffective|p1a: Heatran\n|-damage|p1a: Heatran|0 fnt\n|faint|p1a: Heatran\n|\n|upkeep\n|\n|t:|1700855030\n|switch|p1a: Ursaluna|Ursaluna, F|100\/100\n|-damage|p1a: Ursaluna|94\/100|[from] Stealth Rock\n|turn|19\n|\n|t:|1700855040\n|move|p2a: FIRESTORMZ|Giga Drain|p1a: Ursaluna\n|-supereffective|p1a: Ursaluna\n|-damage|p1a: Ursaluna|27\/100\n|move|p1a: Ursaluna|Earthquake|p2a: FIRESTORMZ\n|-damage|p2a: FIRESTORMZ|10\/100\n|\n|-status|p1a: Ursaluna|brn|[from] item: Flame Orb\n|upkeep\n|turn|20\n|\n|t:|1700855049\n|switch|p1a: Kommo-o|Kommo-o, F|100\/100\n|-damage|p1a: Kommo-o|94\/100|[from] Stealth Rock\n|move|p2a: FIRESTORMZ|Giga Drain|p1a: Kommo-o\n|-resisted|p1a: Kommo-o\n|-damage|p1a: Kommo-o|69\/100\n|-heal|p2a: FIRESTORMZ|22\/100|[from] drain|[of] p1a: Kommo-o\n|\n|upkeep\n|turn|21\n|\n|t:|1700855062\n|move|p2a: FIRESTORMZ|Bug Buzz|p1a: Kommo-o\n|-immune|p1a: Kommo-o|[from] ability: Soundproof\n|move|p1a: Kommo-o|Drain Punch|p2a: FIRESTORMZ\n|-damage|p2a: FIRESTORMZ|0 fnt\n|-heal|p1a: Kommo-o|81\/100|[from] drain|[of] p2a: FIRESTORMZ\n|faint|p2a: FIRESTORMZ\n|\n|upkeep\n|\n|t:|1700855073\n|switch|p2a: BEAUTY|Hatterene, F|100\/100\n|turn|22\n|\n|t:|1700855085\n|switch|p1a: Ninetales|Ninetales-Alola, M, shiny|49\/100\n|-damage|p1a: Ninetales|24\/100|[from] Stealth Rock\n|-weather|Snow|[from] ability: Snow Warning|[of] p1a: Ninetales\n|move|p2a: BEAUTY|Trick Room|p2a: BEAUTY\n|-fieldstart|move: Trick Room|[of] p2a: BEAUTY\n|\n|-weather|Snow|[upkeep]\n|upkeep\n|turn|23\n|\n|t:|1700855100\n|move|p2a: BEAUTY|Mystical Fire|p1a: Ninetales\n|-supereffective|p1a: Ninetales\n|-damage|p1a: Ninetales|0 fnt\n|faint|p1a: Ninetales\n|\n|-weather|Snow|[upkeep]\n|upkeep\n|\n|t:|1700855110\n|switch|p1a: Latias|Latias, F|100\/100\n|-damage|p1a: Latias|88\/100|[from] Stealth Rock\n|turn|24\n|\n|t:|1700855115\n|detailschange|p1a: Latias|Latias-Mega, F\n|-mega|p1a: Latias|Latias|Latiasite\n|move|p2a: BEAUTY|Calm Mind|p2a: BEAUTY\n|-boost|p2a: BEAUTY|spa|1\n|-boost|p2a: BEAUTY|spd|1\n|move|p1a: Latias|Recover|p1a: Latias\n|-heal|p1a: Latias|100\/100\n|\n|-weather|Snow|[upkeep]\n|upkeep\n|turn|25\n|\n|t:|1700855128\n|move|p2a: BEAUTY|Mystical Fire|p1a: Latias\n|-resisted|p1a: Latias\n|-damage|p1a: Latias|90\/100\n|-unboost|p1a: Latias|spa|1\n|move|p1a: Latias|Calm Mind|p1a: Latias\n|-boost|p1a: Latias|spa|1\n|-boost|p1a: Latias|spd|1\n|\n|-weather|Snow|[upkeep]\n|upkeep\n|turn|26\n|\n|t:|1700855137\n|move|p2a: BEAUTY|Mystical Fire|p1a: Latias\n|-resisted|p1a: Latias\n|-damage|p1a: Latias|83\/100\n|-unboost|p1a: Latias|spa|1\n|move|p1a: Latias|Calm Mind|p1a: Latias\n|-boost|p1a: Latias|spa|1\n|-boost|p1a: Latias|spd|1\n|\n|-weather|none\n|-fieldend|move: Trick Room\n|upkeep\n|turn|27\n|\n|t:|1700855147\n|move|p1a: Latias|Calm Mind|p1a: Latias\n|-boost|p1a: Latias|spa|1\n|-boost|p1a: Latias|spd|1\n|move|p2a: BEAUTY|Mystical Fire|p1a: Latias\n|-resisted|p1a: Latias\n|-damage|p1a: Latias|78\/100\n|-unboost|p1a: Latias|spa|1\n|\n|upkeep\n|turn|28\n|\n|t:|1700855155\n|move|p1a: Latias|Calm Mind|p1a: Latias\n|-boost|p1a: Latias|spa|1\n|-boost|p1a: Latias|spd|1\n|move|p2a: BEAUTY|Calm Mind|p2a: BEAUTY\n|-boost|p2a: BEAUTY|spa|1\n|-boost|p2a: BEAUTY|spd|1\n|\n|upkeep\n|turn|29\n|\n|t:|1700855163\n|move|p1a: Latias|Calm Mind|p1a: Latias\n|-boost|p1a: Latias|spa|1\n|-boost|p1a: Latias|spd|1\n|move|p2a: BEAUTY|Trick Room|p2a: BEAUTY\n|-fieldstart|move: Trick Room|[of] p2a: BEAUTY\n|\n|upkeep\n|turn|30\n|\n|t:|1700855169\n|move|p2a: BEAUTY|Mystical Fire|p1a: Latias\n|-resisted|p1a: Latias\n|-damage|p1a: Latias|74\/100\n|-unboost|p1a: Latias|spa|1\n|move|p1a: Latias|Calm Mind|p1a: Latias\n|-boost|p1a: Latias|spa|1\n|-boost|p1a: Latias|spd|1\n|\n|upkeep\n|turn|31\n|\n|t:|1700855177\n|move|p2a: BEAUTY|Mystical Fire|p1a: Latias\n|-resisted|p1a: Latias\n|-damage|p1a: Latias|70\/100\n|-unboost|p1a: Latias|spa|1\n|move|p1a: Latias|Recover|p1a: Latias\n|-heal|p1a: Latias|100\/100\n|\n|upkeep\n|turn|32\n|\n|t:|1700855185\n|move|p2a: BEAUTY|Calm Mind|p2a: BEAUTY\n|-boost|p2a: BEAUTY|spa|1\n|-boost|p2a: BEAUTY|spd|1\n|move|p1a: Latias|Stored Power|p2a: BEAUTY\n|-resisted|p2a: BEAUTY\n|-damage|p2a: BEAUTY|80\/100\n|\n|-heal|p2a: BEAUTY|86\/100|[from] item: Leftovers\n|upkeep\n|turn|33\n|\n|t:|1700855196\n|move|p2a: BEAUTY|Mystical Fire|p1a: Latias\n|-resisted|p1a: Latias\n|-damage|p1a: Latias|96\/100\n|-unboost|p1a: Latias|spa|1\n|move|p1a: Latias|Mystical Fire|p2a: BEAUTY\n|-damage|p2a: BEAUTY|77\/100\n|-unboost|p2a: BEAUTY|spa|1\n|\n|-heal|p2a: BEAUTY|83\/100|[from] item: Leftovers\n|-fieldend|move: Trick Room\n|upkeep\n|turn|34\n|\n|t:|1700855208\n|move|p1a: Latias|Mystical Fire|p2a: BEAUTY\n|-damage|p2a: BEAUTY|74\/100\n|-unboost|p2a: BEAUTY|spa|1\n|move|p2a: BEAUTY|Draining Kiss|p1a: Latias\n|-supereffective|p1a: Latias\n|-damage|p1a: Latias|84\/100\n|-heal|p2a: BEAUTY|84\/100|[from] drain|[of] p1a: Latias\n|\n|-heal|p2a: BEAUTY|90\/100|[from] item: Leftovers\n|upkeep\n|turn|35\n|\n|t:|1700855218\n|move|p1a: Latias|Calm Mind|p1a: Latias\n|-boost|p1a: Latias|spa|1\n|-boost|p1a: Latias|spd|0\n|move|p2a: BEAUTY|Mystical Fire|p1a: Latias\n|-resisted|p1a: Latias\n|-damage|p1a: Latias|81\/100\n|-unboost|p1a: Latias|spa|1\n|\n|-heal|p2a: BEAUTY|96\/100|[from] item: Leftovers\n|upkeep\n|turn|36\n|\n|t:|1700855229\n|move|p1a: Latias|Calm Mind|p1a: Latias\n|-boost|p1a: Latias|spa|1\n|-boost|p1a: Latias|spd|0\n|move|p2a: BEAUTY|Calm Mind|p2a: BEAUTY\n|-boost|p2a: BEAUTY|spa|1\n|-boost|p2a: BEAUTY|spd|1\n|\n|-heal|p2a: BEAUTY|100\/100|[from] item: Leftovers\n|upkeep\n|turn|37\n|\n|t:|1700855238\n|move|p1a: Latias|Calm Mind|p1a: Latias\n|-boost|p1a: Latias|spa|1\n|-boost|p1a: Latias|spd|0\n|move|p2a: BEAUTY|Calm Mind|p2a: BEAUTY\n|-boost|p2a: BEAUTY|spa|1\n|-boost|p2a: BEAUTY|spd|1\n|\n|upkeep\n|turn|38\n|\n|t:|1700855246\n|move|p1a: Latias|Mystical Fire|p2a: BEAUTY\n|-damage|p2a: BEAUTY|89\/100\n|-unboost|p2a: BEAUTY|spa|1\n|move|p2a: BEAUTY|Mystical Fire|p1a: Latias\n|-resisted|p1a: Latias\n|-damage|p1a: Latias|77\/100\n|-unboost|p1a: Latias|spa|1\n|\n|-heal|p2a: BEAUTY|95\/100|[from] item: Leftovers\n|upkeep\n|turn|39\n|\n|t:|1700855257\n|move|p1a: Latias|Mystical Fire|p2a: BEAUTY\n|-damage|p2a: BEAUTY|86\/100\n|-unboost|p2a: BEAUTY|spa|1\n|move|p2a: BEAUTY|Mystical Fire|p1a: Latias\n|-resisted|p1a: Latias\n|-damage|p1a: Latias|74\/100\n|-unboost|p1a: Latias|spa|1\n|\n|-heal|p2a: BEAUTY|92\/100|[from] item: Leftovers\n|upkeep\n|turn|40\n|\n|t:|1700855269\n|move|p1a: Latias|Calm Mind|p1a: Latias\n|-boost|p1a: Latias|spa|1\n|-boost|p1a: Latias|spd|0\n|move|p2a: BEAUTY|Trick Room|p2a: BEAUTY\n|-fieldstart|move: Trick Room|[of] p2a: BEAUTY\n|\n|-heal|p2a: BEAUTY|98\/100|[from] item: Leftovers\n|upkeep\n|turn|41\n|\n|t:|1700855282\n|switch|p2a: NIGHTMARE|Gliscor, M|100\/100\n|move|p1a: Latias|Calm Mind|p1a: Latias\n|-boost|p1a: Latias|spa|1\n|-boost|p1a: Latias|spd|0\n|\n|-status|p2a: NIGHTMARE|tox|[from] item: Toxic Orb\n|upkeep\n|turn|42\n|\n|t:|1700855291\n|move|p2a: NIGHTMARE|Toxic|p1a: Latias\n|-status|p1a: Latias|tox\n|move|p1a: Latias|Stored Power|p2a: NIGHTMARE\n|-crit|p2a: NIGHTMARE\n|-damage|p2a: NIGHTMARE|0 fnt\n|faint|p2a: NIGHTMARE\n|\n|-damage|p1a: Latias|68\/100 tox|[from] psn\n|upkeep\n|\n|t:|1700855301\n|switch|p2a: BEAUTY|Hatterene, F|98\/100\n|turn|43\n|\n|t:|1700855309\n|move|p2a: BEAUTY|Calm Mind|p2a: BEAUTY\n|-boost|p2a: BEAUTY|spa|1\n|-boost|p2a: BEAUTY|spd|1\n|move|p1a: Latias|Stored Power|p2a: BEAUTY\n|-resisted|p2a: BEAUTY\n|-damage|p2a: BEAUTY|51\/100\n|\n|-heal|p2a: BEAUTY|57\/100|[from] item: Leftovers\n|-damage|p1a: Latias|56\/100 tox|[from] psn\n|upkeep\n|turn|44\n|\n|t:|1700855322\n|move|p2a: BEAUTY|Mystical Fire|p1a: Latias\n|-resisted|p1a: Latias\n|-damage|p1a: Latias|53\/100 tox\n|-unboost|p1a: Latias|spa|1\n|move|p1a: Latias|Stored Power|p2a: BEAUTY\n|-resisted|p2a: BEAUTY\n|-damage|p2a: BEAUTY|26\/100\n|\n|-heal|p2a: BEAUTY|32\/100|[from] item: Leftovers\n|-damage|p1a: Latias|34\/100 tox|[from] psn\n|-fieldend|move: Trick Room\n|upkeep\n|turn|45\n|\n|t:|1700855333\n|move|p1a: Latias|Stored Power|p2a: BEAUTY\n|-resisted|p2a: BEAUTY\n|-damage|p2a: BEAUTY|1\/100\n|move|p2a: BEAUTY|Trick Room|p2a: BEAUTY\n|-fieldstart|move: Trick Room|[of] p2a: BEAUTY\n|\n|-heal|p2a: BEAUTY|7\/100|[from] item: Leftovers\n|-damage|p1a: Latias|10\/100 tox|[from] psn\n|upkeep\n|turn|46\n|\n|t:|1700855342\n|move|p2a: BEAUTY|Draining Kiss|p1a: Latias\n|-supereffective|p1a: Latias\n|-damage|p1a: Latias|0 fnt\n|-heal|p2a: BEAUTY|15\/100|[from] drain|[of] p1a: Latias\n|faint|p1a: Latias\n|\n|-heal|p2a: BEAUTY|21\/100|[from] item: Leftovers\n|upkeep\n|inactive|Quantum Rizzicist has 120 seconds left.\n|\n|t:|1700855376\n|switch|p1a: Ursaluna|Ursaluna, F|27\/100 brn\n|-damage|p1a: Ursaluna|21\/100 brn|[from] Stealth Rock\n|turn|47\n|\n|t:|1700855382\n|move|p2a: BEAUTY|Draining Kiss|p1a: Ursaluna\n|-crit|p1a: Ursaluna\n|-damage|p1a: Ursaluna|0 fnt\n|-heal|p2a: BEAUTY|41\/100|[from] drain|[of] p1a: Ursaluna\n|faint|p1a: Ursaluna\n|\n|-heal|p2a: BEAUTY|47\/100|[from] item: Leftovers\n|upkeep\n|\n|t:|1700855386\n|switch|p1a: Great Tusk|Great Tusk|47\/100\n|-damage|p1a: Great Tusk|44\/100|[from] Stealth Rock\n|turn|48\n|\n|t:|1700855394\n|move|p2a: BEAUTY|Draining Kiss|p1a: Great Tusk\n|-supereffective|p1a: Great Tusk\n|-damage|p1a: Great Tusk|0 fnt\n|-heal|p2a: BEAUTY|91\/100|[from] drain|[of] p1a: Great Tusk\n|faint|p1a: Great Tusk\n|-end|p1a: Great Tusk|Protosynthesis|[silent]\n|\n|-heal|p2a: BEAUTY|97\/100|[from] item: Leftovers\n|upkeep\n|\n|t:|1700855399\n|switch|p1a: Kommo-o|Kommo-o, F|81\/100\n|-damage|p1a: Kommo-o|75\/100|[from] Stealth Rock\n|turn|49\n|\n|t:|1700855408\n|move|p2a: BEAUTY|Draining Kiss|p1a: Kommo-o\n|-supereffective|p1a: Kommo-o\n|-damage|p1a: Kommo-o|0 fnt\n|-heal|p2a: BEAUTY|100\/100|[from] drain|[of] p1a: Kommo-o\n|faint|p1a: Kommo-o\n|\n|win|zeonteo\n|raw|Quantum Rizzicist's rating: 1450 &rarr; <strong>1424<\/strong><br \/>(-26 for losing)\n|raw|zeonteo's rating: 1350 &rarr; <strong>1376<\/strong><br \/>(+26 for winning)\n|c|\u2606zeonteo|gh\n|l|\u2606Quantum Rizzicist\n|c|\u2606zeonteo|gg\n","uploadtime":1700855423,"views":4,"p1id":"quantumrizzicist","p2id":"zeonteo","formatid":"gen9nationaldex","rating":1376,"private":0,"password":""}