{"id":"gen9nationaldex-1987955320","p1":"Majiin red","p2":"JogadorCaro","format":"[Gen 9] National Dex","log":"|j|\u2606Majiin red\n|j|\u2606JogadorCaro\n|t:|1699652831\n|gametype|singles\n|player|p1|Majiin red|lance|1672\n|player|p2|JogadorCaro|tate|1807\n|teamsize|p1|6\n|teamsize|p2|6\n|gen|9\n|tier|[Gen 9] National Dex\n|rated|\n|rule|HP Percentage Mod: HP is shown in percentages\n|rule|Endless Battle Clause: Forcing endless battles is banned\n|rule|OHKO Clause: OHKO moves are banned\n|rule|Evasion Clause: Evasion abilities, items, and moves are banned\n|rule|Evasion Abilities Clause: Evasion abilities are banned\n|rule|Evasion Items Clause: Evasion items are banned\n|rule|Evasion Moves Clause: Evasion moves are banned\n|rule|Species Clause: Limit one of each Pok\u00e9mon\n|rule|Sleep Clause Mod: Limit one foe put to sleep\n|clearpoke\n|poke|p1|Gliscor, M|\n|poke|p1|Grimmsnarl, M|\n|poke|p1|Dondozo, M|\n|poke|p1|Banette, M|\n|poke|p1|Moltres-Galar|\n|poke|p1|Hatterene, F|\n|poke|p2|Garganacl, M|\n|poke|p2|Zamazenta-*|\n|poke|p2|Volcarona, M|\n|poke|p2|Hoopa-Unbound|\n|poke|p2|Dondozo, M|\n|poke|p2|Rotom-Wash|\n|teampreview\n|inactive|Battle timer is ON: inactive players will automatically lose when time's up. (requested by Majiin red)\n|\n|t:|1699652863\n|start\n|switch|p1a: Grimmsnarl|Grimmsnarl, M|100\/100\n|switch|p2a: mulher|Rotom-Wash|100\/100\n|turn|1\n|inactive|JogadorCaro has 120 seconds left.\n|\n|t:|1699652919\n|move|p1a: Grimmsnarl|Light Screen|p1a: Grimmsnarl\n|-sidestart|p1: Majiin red|move: Light Screen\n|move|p2a: mulher|Hydro Pump|p1a: Grimmsnarl\n|-damage|p1a: Grimmsnarl|81\/100\n|\n|upkeep\n|turn|2\n|\n|t:|1699652925\n|move|p1a: Grimmsnarl|Reflect|p1a: Grimmsnarl\n|-sidestart|p1: Majiin red|Reflect\n|move|p2a: mulher|Defog|p1a: Grimmsnarl\n|-unboost|p1a: Grimmsnarl|evasion|1\n|-sideend|p1: Majiin red|Reflect\n|-sideend|p1: Majiin red|move: Light Screen\n|\n|upkeep\n|turn|3\n|\n|t:|1699652931\n|move|p1a: Grimmsnarl|Light Screen|p1a: Grimmsnarl\n|-sidestart|p1: Majiin red|move: Light Screen\n|move|p2a: mulher|Hydro Pump|p1a: Grimmsnarl\n|-damage|p1a: Grimmsnarl|60\/100\n|\n|upkeep\n|turn|4\n|\n|t:|1699652936\n|move|p1a: Grimmsnarl|Parting Shot|p2a: mulher\n|-unboost|p2a: mulher|atk|1\n|-unboost|p2a: mulher|spa|1\n|\n|t:|1699652945\n|switch|p1a: Hatterene|Hatterene, F, shiny|100\/100|[from] Parting Shot\n|move|p2a: mulher|Defog|p1a: Hatterene\n|move|p1a: Hatterene|Defog|p2a: mulher|[from]ability: Magic Bounce\n|-unboost|p2a: mulher|evasion|1\n|\n|upkeep\n|turn|5\n|inactive|Majiin red has 120 seconds left.\n|j| YJLF2\n|l|\u2606Majiin red\n|inactive|Majiin red disconnected and has a minute to reconnect!\n|player|p1|\n|j|\u2606Majiin red\n|inactive|Majiin red reconnected and has 110 seconds left.\n|player|p1|Majiin red|lance\n|inactive|Majiin red has 90 seconds left.\n|\n|t:|1699653009\n|move|p2a: mulher|Volt Switch|p1a: Hatterene\n|-damage|p1a: Hatterene|91\/100\n|\n|t:|1699653023\n|switch|p2a: Agito|Hoopa-Unbound|100\/100|[from] Volt Switch\n|move|p1a: Hatterene|Trick Room|p1a: Hatterene\n|-fieldstart|move: Trick Room|[of] p1a: Hatterene\n|\n|-heal|p1a: Hatterene|97\/100|[from] item: Leftovers\n|upkeep\n|turn|6\n|\n|t:|1699653031\n|move|p1a: Hatterene|Calm Mind|p1a: Hatterene\n|-boost|p1a: Hatterene|spa|1\n|-boost|p1a: Hatterene|spd|1\n|move|p2a: Agito|Dark Pulse|p1a: Hatterene\n|-damage|p1a: Hatterene|72\/100\n|\n|-heal|p1a: Hatterene|78\/100|[from] item: Leftovers\n|upkeep\n|turn|7\n|\n|t:|1699653040\n|move|p1a: Hatterene|Calm Mind|p1a: Hatterene\n|-boost|p1a: Hatterene|spa|1\n|-boost|p1a: Hatterene|spd|1\n|move|p2a: Agito|Dark Pulse|p1a: Hatterene\n|-damage|p1a: Hatterene|56\/100\n|\n|-heal|p1a: Hatterene|62\/100|[from] item: Leftovers\n|upkeep\n|turn|8\n|\n|t:|1699653049\n|switch|p2a: Bale\u00e3o|Dondozo, M|100\/100\n|move|p1a: Hatterene|Calm Mind|p1a: Hatterene\n|-boost|p1a: Hatterene|spa|1\n|-boost|p1a: Hatterene|spd|1\n|\n|-heal|p1a: Hatterene|68\/100|[from] item: Leftovers\n|upkeep\n|turn|9\n|\n|t:|1699653057\n|move|p1a: Hatterene|Stored Power|p2a: Bale\u00e3o\n|-damage|p2a: Bale\u00e3o|64\/100\n|move|p2a: Bale\u00e3o|Wave Crash|p1a: Hatterene\n|-damage|p1a: Hatterene|35\/100\n|-damage|p2a: Bale\u00e3o|57\/100|[from] Recoil\n|\n|-heal|p1a: Hatterene|41\/100|[from] item: Leftovers\n|-heal|p2a: Bale\u00e3o|63\/100|[from] item: Leftovers\n|-fieldend|move: Trick Room\n|upkeep\n|turn|10\n|inactive|Majiin red has 120 seconds left.\n|\n|t:|1699653070\n|-terastallize|p1a: Hatterene|Water\n|move|p2a: Bale\u00e3o|Wave Crash|p1a: Hatterene\n|-resisted|p1a: Hatterene\n|-damage|p1a: Hatterene|25\/100\n|-damage|p2a: Bale\u00e3o|59\/100|[from] Recoil\n|move|p1a: Hatterene|Trick Room|p1a: Hatterene\n|-fieldstart|move: Trick Room|[of] p1a: Hatterene\n|\n|-heal|p1a: Hatterene|31\/100|[from] item: Leftovers\n|-heal|p2a: Bale\u00e3o|66\/100|[from] item: Leftovers\n|-sideend|p1: Majiin red|move: Light Screen\n|upkeep\n|turn|11\n|inactive|Majiin red has 120 seconds left.\n|\n|t:|1699653082\n|move|p1a: Hatterene|Stored Power|p2a: Bale\u00e3o\n|-damage|p2a: Bale\u00e3o|28\/100\n|move|p2a: Bale\u00e3o|Rest|p2a: Bale\u00e3o\n|-status|p2a: Bale\u00e3o|slp|[from] move: Rest\n|-heal|p2a: Bale\u00e3o|100\/100 slp|[silent]\n|\n|-heal|p1a: Hatterene|37\/100|[from] item: Leftovers\n|upkeep\n|turn|12\n|inactive|Majiin red has 120 seconds left.\n|\n|t:|1699653091\n|move|p1a: Hatterene|Calm Mind|p1a: Hatterene\n|-boost|p1a: Hatterene|spa|1\n|-boost|p1a: Hatterene|spd|1\n|cant|p2a: Bale\u00e3o|slp\n|move|p2a: Bale\u00e3o|Sleep Talk|p2a: Bale\u00e3o\n|move|p2a: Bale\u00e3o|Curse|p2a: Bale\u00e3o|[from]move: Sleep Talk\n|-unboost|p2a: Bale\u00e3o|spe|1\n|-boost|p2a: Bale\u00e3o|atk|1\n|-boost|p2a: Bale\u00e3o|def|1\n|\n|-heal|p1a: Hatterene|43\/100|[from] item: Leftovers\n|upkeep\n|turn|13\n|inactive|Majiin red has 120 seconds left.\n|\n|t:|1699653103\n|cant|p2a: Bale\u00e3o|slp\n|move|p2a: Bale\u00e3o|Sleep Talk|p2a: Bale\u00e3o\n|move|p2a: Bale\u00e3o|Wave Crash|p1a: Hatterene|[from]move: Sleep Talk\n|-resisted|p1a: Hatterene\n|-crit|p1a: Hatterene\n|-damage|p1a: Hatterene|6\/100\n|-damage|p2a: Bale\u00e3o|93\/100 slp|[from] Recoil\n|move|p1a: Hatterene|Stored Power|p2a: Bale\u00e3o\n|-damage|p2a: Bale\u00e3o|45\/100 slp\n|\n|-heal|p2a: Bale\u00e3o|51\/100 slp|[from] item: Leftovers\n|-heal|p1a: Hatterene|12\/100|[from] item: Leftovers\n|upkeep\n|turn|14\n|inactive|Majiin red has 120 seconds left.\n|\n|t:|1699653117\n|-curestatus|p2a: Bale\u00e3o|slp|[msg]\n|move|p2a: Bale\u00e3o|Wave Crash|p1a: Hatterene\n|-resisted|p1a: Hatterene\n|-damage|p1a: Hatterene|0 fnt\n|faint|p1a: Hatterene\n|-damage|p2a: Bale\u00e3o|49\/100|[from] Recoil\n|\n|-heal|p2a: Bale\u00e3o|55\/100|[from] item: Leftovers\n|-fieldend|move: Trick Room\n|upkeep\n|inactive|Majiin red has 120 seconds left.\n|\n|t:|1699653132\n|switch|p1a: Banette|Banette, M, shiny|100\/100\n|turn|15\n|\n|t:|1699653138\n|switch|p2a: Mahoraga|Garganacl, M|100\/100\n|detailschange|p1a: Banette|Banette-Mega, M, shiny\n|-mega|p1a: Banette|Banette|Banettite\n|move|p1a: Banette|Will-O-Wisp|p2a: Mahoraga\n|-immune|p2a: Mahoraga|[from] ability: Purifying Salt\n|\n|upkeep\n|turn|16\n|\n|t:|1699653148\n|move|p1a: Banette|Taunt|p2a: Mahoraga\n|-start|p2a: Mahoraga|move: Taunt\n|move|p2a: Mahoraga|Salt Cure|p1a: Banette\n|-damage|p1a: Banette|81\/100\n|-start|p1a: Banette|Salt Cure\n|\n|-damage|p1a: Banette|69\/100|[from] Salt Cure\n|upkeep\n|turn|17\n|\n|t:|1699653157\n|move|p1a: Banette|Poltergeist|p2a: Mahoraga\n|-activate|p2a: Mahoraga|move: Poltergeist|Leftovers\n|-damage|p2a: Mahoraga|80\/100\n|move|p2a: Mahoraga|Salt Cure|p1a: Banette\n|-damage|p1a: Banette|52\/100\n|\n|-heal|p2a: Mahoraga|87\/100|[from] item: Leftovers\n|-damage|p1a: Banette|39\/100|[from] Salt Cure\n|upkeep\n|turn|18\n|\n|t:|1699653172\n|move|p1a: Banette|Poltergeist|p2a: Mahoraga\n|-activate|p2a: Mahoraga|move: Poltergeist|Leftovers\n|-damage|p2a: Mahoraga|68\/100\n|move|p2a: Mahoraga|Salt Cure|p1a: Banette\n|-damage|p1a: Banette|22\/100\n|\n|-heal|p2a: Mahoraga|74\/100|[from] item: Leftovers\n|-damage|p1a: Banette|10\/100|[from] Salt Cure\n|-end|p2a: Mahoraga|move: Taunt\n|upkeep\n|turn|19\n|\n|t:|1699653184\n|move|p1a: Banette|Taunt|p2a: Mahoraga\n|-start|p2a: Mahoraga|move: Taunt\n|cant|p2a: Mahoraga|move: Taunt|Iron Defense\n|\n|-heal|p2a: Mahoraga|80\/100|[from] item: Leftovers\n|-damage|p1a: Banette|0 fnt|[from] Salt Cure\n|faint|p1a: Banette\n|upkeep\n|\n|t:|1699653195\n|switch|p1a: Gliscor|Gliscor, M, shiny|100\/100\n|turn|20\n|\n|t:|1699653200\n|switch|p2a: mulher|Rotom-Wash|100\/100\n|move|p1a: Gliscor|Swords Dance|p1a: Gliscor\n|-boost|p1a: Gliscor|atk|2\n|\n|-status|p1a: Gliscor|tox|[from] item: Toxic Orb\n|upkeep\n|turn|21\n|\n|t:|1699653207\n|move|p1a: Gliscor|Agility|p1a: Gliscor\n|-boost|p1a: Gliscor|spe|2\n|move|p2a: mulher|Hydro Pump|p1a: Gliscor\n|-supereffective|p1a: Gliscor\n|-damage|p1a: Gliscor|7\/100 tox\n|\n|-heal|p1a: Gliscor|19\/100 tox|[from] ability: Poison Heal\n|upkeep\n|turn|22\n|\n|t:|1699653217\n|move|p1a: Gliscor|Facade|p2a: mulher\n|-damage|p2a: mulher|16\/100\n|move|p2a: mulher|Hydro Pump|p1a: Gliscor\n|-supereffective|p1a: Gliscor\n|-damage|p1a: Gliscor|0 fnt\n|faint|p1a: Gliscor\n|\n|-heal|p2a: mulher|22\/100|[from] item: Leftovers\n|upkeep\n|-message|Majiin red forfeited.\n|\n|win|JogadorCaro\n|raw|Majiin red's rating: 1672 &rarr; <strong>1659<\/strong><br \/>(-13 for losing)\n|raw|JogadorCaro's rating: 1807 &rarr; <strong>1820<\/strong><br \/>(+13 for winning)\n|l|\u2606Majiin red\n|l| YJLF2\n","uploadtime":1699655167,"views":4,"p1id":"majiinred","p2id":"jogadorcaro","formatid":"gen9nationaldex","rating":1659,"private":0,"password":""}