{"id":"gen9nationaldex-1991161966","p1":"0xBlizzard","p2":"KrickeMan\u97f3\u7bb1\u87c0\u4fa0","format":"[Gen 9] National Dex","log":"|j|\u26060xBlizzard\n|j|\u2606KrickeMan\u97f3\u7bb1\u87c0\u4fa0\n|t:|1700052024\n|gametype|singles\n|player|p1|0xBlizzard|crasherwake|1143\n|player|p2|KrickeMan\u97f3\u7bb1\u87c0\u4fa0|cyrus|1017\n|teamsize|p1|6\n|teamsize|p2|6\n|gen|9\n|tier|[Gen 9] National Dex\n|rated|\n|rule|HP Percentage Mod: HP is shown in percentages\n|rule|Endless Battle Clause: Forcing endless battles is banned\n|rule|OHKO Clause: OHKO moves are banned\n|rule|Evasion Clause: Evasion abilities, items, and moves are banned\n|rule|Evasion Abilities Clause: Evasion abilities are banned\n|rule|Evasion Items Clause: Evasion items are banned\n|rule|Evasion Moves Clause: Evasion moves are banned\n|rule|Species Clause: Limit one of each Pok\u00e9mon\n|rule|Sleep Clause Mod: Limit one foe put to sleep\n|clearpoke\n|poke|p1|Gardevoir, F|\n|poke|p1|Aerodactyl, F|\n|poke|p1|Garchomp, F|\n|poke|p1|Venusaur, M|\n|poke|p1|Infernape, F|\n|poke|p1|Swampert, M|\n|poke|p2|Pikachu, F|\n|poke|p2|Venusaur, F|\n|poke|p2|Charizard, F|\n|poke|p2|Blastoise, M|\n|poke|p2|Butterfree, F|\n|poke|p2|Pidgeot, F|\n|teampreview\n|inactive|Battle timer is ON: inactive players will automatically lose when time's up. (requested by KrickeMan\u97f3\u7bb1\u87c0\u4fa0)\n|\n|t:|1700052030\n|start\n|switch|p1a: Gardevoir|Gardevoir, F|100\/100\n|switch|p2a: Pikachu|Pikachu, F|100\/100\n|turn|1\n|\n|t:|1700052044\n|-terastallize|p2a: Pikachu|Normal\n|move|p2a: Pikachu|Fake Out|p1a: Gardevoir\n|-damage|p1a: Gardevoir|55\/100\n|cant|p1a: Gardevoir|flinch\n|\n|upkeep\n|turn|2\n|\n|t:|1700052052\n|move|p2a: Pikachu|Extreme Speed|p1a: Gardevoir\n|-damage|p1a: Gardevoir|0 fnt\n|faint|p1a: Gardevoir\n|\n|upkeep\n|\n|t:|1700052069\n|switch|p1a: Garchomp|Garchomp, F|100\/100\n|turn|3\n|\n|t:|1700052078\n|switch|p2a: Butterfree|Butterfree, F|100\/100\n|move|p1a: Garchomp|Earthquake|p2a: Butterfree\n|-immune|p2a: Butterfree\n|\n|upkeep\n|turn|4\n|\n|t:|1700052089\n|move|p1a: Garchomp|Fire Fang|p2a: Butterfree\n|-supereffective|p2a: Butterfree\n|-damage|p2a: Butterfree|21\/100\n|move|p2a: Butterfree|Sleep Powder|p1a: Garchomp\n|-status|p1a: Garchomp|slp|[from] move: Sleep Powder\n|\n|-heal|p2a: Butterfree|27\/100|[from] item: Leftovers\n|upkeep\n|turn|5\n|\n|t:|1700052099\n|switch|p1a: Infernape|Infernape, F|100\/100\n|switch|p2a: Blastoise|Blastoise, M|100\/100\n|\n|upkeep\n|turn|6\n|\n|t:|1700052105\n|switch|p1a: Venusaur|Venusaur, M|100\/100\n|move|p2a: Blastoise|Shell Smash|p2a: Blastoise\n|-unboost|p2a: Blastoise|def|1\n|-unboost|p2a: Blastoise|spd|1\n|-boost|p2a: Blastoise|atk|2\n|-boost|p2a: Blastoise|spa|2\n|-boost|p2a: Blastoise|spe|2\n|-enditem|p2a: Blastoise|White Herb\n|-clearnegativeboost|p2a: Blastoise|[silent]\n|\n|upkeep\n|turn|7\n|\n|t:|1700052115\n|move|p2a: Blastoise|Ice Beam|p1a: Venusaur\n|-supereffective|p1a: Venusaur\n|-damage|p1a: Venusaur|1\/100\n|move|p1a: Venusaur|Giga Drain|p2a: Blastoise\n|-supereffective|p2a: Blastoise\n|-damage|p2a: Blastoise|0 fnt\n|-heal|p1a: Venusaur|56\/100|[from] drain|[of] p2a: Blastoise\n|faint|p2a: Blastoise\n|\n|upkeep\n|\n|t:|1700052129\n|switch|p2a: Pidgeot|Pidgeot, F|100\/100\n|turn|8\n|\n|t:|1700052135\n|switch|p1a: Infernape|Infernape, F|100\/100\n|move|p2a: Pidgeot|Tailwind|p2a: Pidgeot\n|-sidestart|p2: KrickeMan\u97f3\u7bb1\u87c0\u4fa0|move: Tailwind\n|\n|upkeep\n|turn|9\n|\n|t:|1700052141\n|move|p2a: Pidgeot|Brave Bird|p1a: Infernape\n|-supereffective|p1a: Infernape\n|-enditem|p1a: Infernape|Focus Sash\n|-damage|p1a: Infernape|1\/100\n|-damage|p2a: Pidgeot|74\/100|[from] Recoil\n|move|p1a: Infernape|Aura Sphere|p2a: Pidgeot\n|-damage|p2a: Pidgeot|27\/100\n|\n|upkeep\n|turn|10\n|\n|t:|1700052149\n|move|p2a: Pidgeot|U-turn|p1a: Infernape\n|-resisted|p1a: Infernape\n|-damage|p1a: Infernape|0 fnt\n|faint|p1a: Infernape\n|\n|t:|1700052156\n|switch|p2a: Charizard|Charizard, F|100\/100|[from] U-turn\n|\n|upkeep\n|\n|t:|1700052159\n|switch|p1a: Swampert|Swampert, M|100\/100\n|turn|11\n|\n|t:|1700052163\n|detailschange|p2a: Charizard|Charizard-Mega-Y, F\n|-mega|p2a: Charizard|Charizard|Charizardite Y\n|-weather|SunnyDay|[from] ability: Drought|[of] p2a: Charizard\n|detailschange|p1a: Swampert|Swampert-Mega, M\n|-mega|p1a: Swampert|Swampert|Swampertite\n|move|p2a: Charizard|Solar Beam||[still]\n|-prepare|p2a: Charizard|Solar Beam\n|-anim|p2a: Charizard|Solar Beam|p1a: Swampert\n|-supereffective|p1a: Swampert\n|-damage|p1a: Swampert|0 fnt\n|faint|p1a: Swampert\n|\n|-weather|SunnyDay|[upkeep]\n|-sideend|p2: KrickeMan\u97f3\u7bb1\u87c0\u4fa0|move: Tailwind\n|upkeep\n|\n|t:|1700052187\n|switch|p1a: Aerodactyl|Aerodactyl, F|100\/100\n|turn|12\n|\n|t:|1700052203\n|switch|p2a: Butterfree|Butterfree, F|27\/100\n|move|p1a: Aerodactyl|Stone Edge|p2a: Butterfree\n|-supereffective|p2a: Butterfree\n|-damage|p2a: Butterfree|0 fnt\n|faint|p2a: Butterfree\n|\n|-weather|SunnyDay|[upkeep]\n|upkeep\n|\n|t:|1700052211\n|switch|p2a: Pidgeot|Pidgeot, F|27\/100\n|turn|13\n|\n|t:|1700052217\n|move|p1a: Aerodactyl|Stone Edge|p2a: Pidgeot|[miss]\n|-miss|p1a: Aerodactyl|p2a: Pidgeot\n|move|p2a: Pidgeot|Tailwind|p2a: Pidgeot\n|-sidestart|p2: KrickeMan\u97f3\u7bb1\u87c0\u4fa0|move: Tailwind\n|\n|-weather|SunnyDay|[upkeep]\n|upkeep\n|turn|14\n|\n|t:|1700052225\n|move|p2a: Pidgeot|U-turn|p1a: Aerodactyl\n|-resisted|p1a: Aerodactyl\n|-damage|p1a: Aerodactyl|91\/100\n|\n|t:|1700052229\n|switch|p2a: Pikachu|Pikachu, F, tera:Normal|100\/100|[from] U-turn\n|move|p1a: Aerodactyl|Stone Edge|p2a: Pikachu\n|-damage|p2a: Pikachu|0 fnt\n|faint|p2a: Pikachu\n|\n|-weather|SunnyDay|[upkeep]\n|upkeep\n|\n|t:|1700052237\n|switch|p2a: Venusaur|Venusaur, F|100\/100\n|turn|15\n|\n|t:|1700052240\n|move|p2a: Venusaur|Growth|p2a: Venusaur\n|-boost|p2a: Venusaur|atk|2\n|-boost|p2a: Venusaur|spa|2\n|move|p1a: Aerodactyl|Stone Edge|p2a: Venusaur\n|-damage|p2a: Venusaur|8\/100\n|\n|-weather|none\n|upkeep\n|turn|16\n|\n|t:|1700052246\n|move|p2a: Venusaur|Giga Drain|p1a: Aerodactyl\n|-damage|p1a: Aerodactyl|0 fnt\n|-heal|p2a: Venusaur|54\/100|[from] drain|[of] p1a: Aerodactyl\n|faint|p1a: Aerodactyl\n|-damage|p2a: Venusaur|44\/100|[from] item: Life Orb\n|\n|-sideend|p2: KrickeMan\u97f3\u7bb1\u87c0\u4fa0|move: Tailwind\n|upkeep\n|\n|t:|1700052256\n|switch|p1a: Garchomp|Garchomp, F|100\/100 slp\n|turn|17\n|\n|t:|1700052260\n|move|p2a: Venusaur|Giga Drain|p1a: Garchomp\n|-damage|p1a: Garchomp|11\/100 slp\n|-heal|p2a: Venusaur|100\/100|[from] drain|[of] p1a: Garchomp\n|-damage|p2a: Venusaur|91\/100|[from] item: Life Orb\n|cant|p1a: Garchomp|slp\n|\n|upkeep\n|turn|18\n|\n|t:|1700052266\n|move|p2a: Venusaur|Giga Drain|p1a: Garchomp\n|-damage|p1a: Garchomp|0 fnt\n|-heal|p2a: Venusaur|98\/100|[from] drain|[of] p1a: Garchomp\n|faint|p1a: Garchomp\n|-damage|p2a: Venusaur|88\/100|[from] item: Life Orb\n|\n|upkeep\n|\n|t:|1700052273\n|switch|p1a: Venusaur|Venusaur, M|56\/100\n|turn|19\n|\n|t:|1700052278\n|move|p2a: Venusaur|Sludge Bomb|p1a: Venusaur\n|-damage|p1a: Venusaur|0 fnt\n|faint|p1a: Venusaur\n|-damage|p2a: Venusaur|78\/100|[from] item: Life Orb\n|\n|win|KrickeMan\u97f3\u7bb1\u87c0\u4fa0\n|raw|0xBlizzard's rating: 1143 &rarr; <strong>1109<\/strong><br \/>(-34 for losing)\n|raw|KrickeMan\u97f3\u7bb1\u87c0\u4fa0's rating: 1017 &rarr; <strong>1067<\/strong><br \/>(+50 for winning)\n|c|\u26060xBlizzard|GG\n|l|\u26060xBlizzard\n","uploadtime":1700052291,"views":5,"p1id":"0xblizzard","p2id":"krickeman","formatid":"gen9nationaldex","rating":1067,"private":0,"password":""}