{"id":"gen9nationaldex-1988040470","p1":"IT'S SKYLLET","p2":"USSR Cramorants","format":"[Gen 9] National Dex","log":"|j|\u2606IT'S SKYLLET\n|j|\u2606USSR Cramorants\n|t:|1699662284\n|gametype|singles\n|player|p1|IT'S SKYLLET|riley|1089\n|player|p2|USSR Cramorants|170|1066\n|teamsize|p1|6\n|teamsize|p2|6\n|gen|9\n|tier|[Gen 9] National Dex\n|rated|\n|rule|HP Percentage Mod: HP is shown in percentages\n|rule|Endless Battle Clause: Forcing endless battles is banned\n|rule|OHKO Clause: OHKO moves are banned\n|rule|Evasion Clause: Evasion abilities, items, and moves are banned\n|rule|Evasion Abilities Clause: Evasion abilities are banned\n|rule|Evasion Items Clause: Evasion items are banned\n|rule|Evasion Moves Clause: Evasion moves are banned\n|rule|Species Clause: Limit one of each Pok\u00e9mon\n|rule|Sleep Clause Mod: Limit one foe put to sleep\n|clearpoke\n|poke|p1|Xurkitree|\n|poke|p1|Kartana|\n|poke|p1|Glastrier|\n|poke|p1|Tyranitar, M|\n|poke|p1|Darmanitan, M|\n|poke|p1|Blacephalon|\n|poke|p2|Hatterene, F|\n|poke|p2|Rabsca, M|\n|poke|p2|Seismitoad, F|\n|poke|p2|Bisharp, M|\n|poke|p2|Salamence, F|\n|poke|p2|Dudunsparce-*, M|\n|teampreview\n|\n|t:|1699662307\n|start\n|switch|p1a: Tyranitar|Tyranitar, M, shiny|100\/100\n|switch|p2a: Hatterene|Hatterene, F|100\/100\n|-weather|Sandstorm|[from] ability: Sand Stream|[of] p1a: Tyranitar\n|turn|1\n|c|\u2606IT'S SKYLLET|hellooooo\n|\n|t:|1699662324\n|detailschange|p1a: Tyranitar|Tyranitar-Mega, M, shiny\n|-mega|p1a: Tyranitar|Tyranitar|Tyranitarite\n|move|p1a: Tyranitar|Stone Edge|p2a: Hatterene\n|-crit|p2a: Hatterene\n|-damage|p2a: Hatterene|10\/100\n|move|p2a: Hatterene|Trick Room|p2a: Hatterene\n|-fieldstart|move: Trick Room|[of] p2a: Hatterene\n|\n|-weather|Sandstorm|[upkeep]\n|-damage|p2a: Hatterene|4\/100|[from] Sandstorm\n|upkeep\n|turn|2\n|\n|t:|1699662335\n|move|p2a: Hatterene|Misty Explosion|p1a: Tyranitar\n|-supereffective|p1a: Tyranitar\n|-damage|p1a: Tyranitar|51\/100\n|faint|p2a: Hatterene\n|move|p1a: Tyranitar|Stone Edge|p2: Hatterene|[notarget]\n|-fail|p1a: Tyranitar\n|\n|-weather|Sandstorm|[upkeep]\n|upkeep\n|\n|t:|1699662344\n|switch|p2a: Seismitoad|Seismitoad, F|100\/100\n|turn|3\n|\n|t:|1699662354\n|switch|p1a: Glastrier|Glastrier|100\/100\n|move|p2a: Seismitoad|Stealth Rock|p1a: Glastrier\n|-sidestart|p1: IT'S SKYLLET|move: Stealth Rock\n|\n|-weather|Sandstorm|[upkeep]\n|-damage|p1a: Glastrier|94\/100|[from] Sandstorm\n|upkeep\n|turn|4\n|\n|t:|1699662367\n|switch|p2a: Bisharp|Bisharp, M|100\/100\n|-terastallize|p1a: Glastrier|Ground\n|move|p1a: Glastrier|Avalanche|p2a: Bisharp\n|-resisted|p2a: Bisharp\n|-damage|p2a: Bisharp|88\/100\n|\n|-weather|Sandstorm|[upkeep]\n|upkeep\n|turn|5\n|\n|t:|1699662388\n|switch|p2a: Seismitoad|Seismitoad, F|100\/100\n|move|p1a: Glastrier|High Horsepower|p2a: Seismitoad\n|-damage|p2a: Seismitoad|57\/100\n|\n|-weather|none\n|-heal|p2a: Seismitoad|63\/100|[from] item: Leftovers\n|-fieldend|move: Trick Room\n|upkeep\n|turn|6\n|\n|t:|1699662400\n|move|p2a: Seismitoad|Scald|p1a: Glastrier\n|-supereffective|p1a: Glastrier\n|-damage|p1a: Glastrier|47\/100\n|move|p1a: Glastrier|Avalanche|p2a: Seismitoad\n|-damage|p2a: Seismitoad|8\/100\n|\n|-heal|p2a: Seismitoad|14\/100|[from] item: Leftovers\n|upkeep\n|turn|7\n|\n|t:|1699662416\n|switch|p1a: Tyranitar|Tyranitar-Mega, M, shiny|51\/100\n|-damage|p1a: Tyranitar|39\/100|[from] Stealth Rock\n|-weather|Sandstorm|[from] ability: Sand Stream|[of] p1a: Tyranitar\n|move|p2a: Seismitoad|Scald|p1a: Tyranitar\n|-supereffective|p1a: Tyranitar\n|-crit|p1a: Tyranitar\n|-damage|p1a: Tyranitar|0 fnt\n|faint|p1a: Tyranitar\n|\n|-weather|Sandstorm|[upkeep]\n|-heal|p2a: Seismitoad|20\/100|[from] item: Leftovers\n|upkeep\n|\n|t:|1699662431\n|switch|p1a: Glastrier|Glastrier, tera:Ground|47\/100\n|-damage|p1a: Glastrier|41\/100|[from] Stealth Rock\n|turn|8\n|\n|t:|1699662447\n|move|p2a: Seismitoad|Scald|p1a: Glastrier\n|-supereffective|p1a: Glastrier\n|-damage|p1a: Glastrier|0 fnt\n|faint|p1a: Glastrier\n|\n|-weather|Sandstorm|[upkeep]\n|-heal|p2a: Seismitoad|26\/100|[from] item: Leftovers\n|upkeep\n|\n|t:|1699662455\n|switch|p1a: Kartana|Kartana, shiny|100\/100\n|-damage|p1a: Kartana|94\/100|[from] Stealth Rock\n|turn|9\n|\n|t:|1699662473\n|switch|p2a: Salamence|Salamence, F|100\/100\n|-ability|p2a: Salamence|Intimidate|boost\n|-unboost|p1a: Kartana|atk|1\n|move|p1a: Kartana|X-Scissor|p2a: Salamence\n|-resisted|p2a: Salamence\n|-damage|p2a: Salamence|83\/100\n|\n|-weather|Sandstorm|[upkeep]\n|-damage|p2a: Salamence|77\/100|[from] Sandstorm\n|upkeep\n|turn|10\n|\n|t:|1699662488\n|switch|p1a: Xurkitree|Xurkitree, shiny|100\/100\n|-damage|p1a: Xurkitree|88\/100|[from] Stealth Rock\n|move|p2a: Salamence|Dragon Dance|p2a: Salamence\n|-boost|p2a: Salamence|atk|1\n|-boost|p2a: Salamence|spe|1\n|\n|-weather|Sandstorm|[upkeep]\n|-damage|p2a: Salamence|71\/100|[from] Sandstorm\n|-damage|p1a: Xurkitree|82\/100|[from] Sandstorm\n|upkeep\n|turn|11\n|\n|t:|1699662502\n|move|p2a: Salamence|Earthquake|p1a: Xurkitree\n|-supereffective|p1a: Xurkitree\n|-damage|p1a: Xurkitree|0 fnt\n|faint|p1a: Xurkitree\n|\n|-weather|none\n|upkeep\n|\n|t:|1699662511\n|switch|p1a: Darmanitan|Darmanitan, M, shiny|100\/100\n|-damage|p1a: Darmanitan|76\/100|[from] Stealth Rock\n|turn|12\n|\n|t:|1699662517\n|move|p2a: Salamence|Earthquake|p1a: Darmanitan\n|-supereffective|p1a: Darmanitan\n|-damage|p1a: Darmanitan|0 fnt\n|faint|p1a: Darmanitan\n|\n|upkeep\n|\n|t:|1699662522\n|switch|p1a: Blacephalon|Blacephalon, shiny|100\/100\n|-damage|p1a: Blacephalon|75\/100|[from] Stealth Rock\n|turn|13\n|\n|t:|1699662529\n|move|p2a: Salamence|Earthquake|p1a: Blacephalon\n|-supereffective|p1a: Blacephalon\n|-damage|p1a: Blacephalon|0 fnt\n|faint|p1a: Blacephalon\n|\n|upkeep\n|\n|t:|1699662536\n|switch|p1a: Kartana|Kartana, shiny|94\/100\n|-damage|p1a: Kartana|88\/100|[from] Stealth Rock\n|turn|14\n|\n|t:|1699662544\n|move|p2a: Salamence|Earthquake|p1a: Kartana\n|-damage|p1a: Kartana|28\/100\n|move|p1a: Kartana|Psycho Cut|p2a: Salamence\n|-damage|p2a: Salamence|28\/100\n|\n|upkeep\n|turn|15\n|\n|t:|1699662552\n|move|p2a: Salamence|Flamethrower|p1a: Kartana\n|-supereffective|p1a: Kartana\n|-crit|p1a: Kartana\n|-damage|p1a: Kartana|0 fnt\n|faint|p1a: Kartana\n|\n|win|USSR Cramorants\n|raw|IT&apos;S SKYLLET's rating: 1089 &rarr; <strong>1064<\/strong><br \/>(-25 for losing)\n|raw|USSR Cramorants's rating: 1066 &rarr; <strong>1098<\/strong><br \/>(+32 for winning)\n|l|\u2606IT'S SKYLLET\n","uploadtime":1699662567,"views":6,"p1id":"itsskyllet","p2id":"ussrcramorants","formatid":"gen9nationaldex","rating":1064,"private":0,"password":""}