{"id":"gen9nationaldex-1990622453","p1":"Champions 95","p2":"Oscarx90","format":"[Gen 9] National Dex","log":"|j|\u2606Champions 95\n|j|\u2606Oscarx90\n|inactive|Battle timer is ON: inactive players will automatically lose when time's up.\n|t:|1699986494\n|gametype|singles\n|player|p1|Champions 95|101|\n|player|p2|Oscarx90|plasmagrunt|\n|teamsize|p1|5\n|teamsize|p2|5\n|gen|9\n|tier|[Gen 9] National Dex\n|rated|Tournament battle\n|rule|HP Percentage Mod: HP is shown in percentages\n|rule|Endless Battle Clause: Forcing endless battles is banned\n|rule|OHKO Clause: OHKO moves are banned\n|rule|Evasion Clause: Evasion abilities, items, and moves are banned\n|rule|Evasion Abilities Clause: Evasion abilities are banned\n|rule|Evasion Items Clause: Evasion items are banned\n|rule|Evasion Moves Clause: Evasion moves are banned\n|rule|Species Clause: Limit one of each Pok\u00e9mon\n|rule|Sleep Clause Mod: Limit one foe put to sleep\n|clearpoke\n|poke|p1|Salazzle, F|\n|poke|p1|Masquerain, M|\n|poke|p1|Rabsca, F|\n|poke|p1|Haxorus, M|\n|poke|p1|Medicham, M|\n|poke|p2|Volcarona, M|\n|poke|p2|Mr. Rime, F|\n|poke|p2|Garganacl, M|\n|poke|p2|Raichu-Alola, F|\n|poke|p2|Lucario, F|\n|teampreview\n|j|*Lady Monita \u2746\n|j| Yeet259\n|inactive|Oscarx90 has 120 seconds left.\n|j| DreamyFleur\n|\n|t:|1699986531\n|start\n|switch|p1a: Masquerain|Masquerain, M|100\/100\n|switch|p2a: Mr. Rime|Mr. Rime, F|100\/100\n|-ability|p1a: Masquerain|Intimidate|boost\n|-unboost|p2a: Mr. Rime|atk|1\n|turn|1\n|l| DreamyFleur\n|\n|t:|1699986537\n|move|p1a: Masquerain|Sticky Web|p2a: Mr. Rime\n|-sidestart|p2: Oscarx90|move: Sticky Web\n|move|p2a: Mr. Rime|Light Screen|p2a: Mr. Rime\n|-sidestart|p2: Oscarx90|move: Light Screen\n|\n|upkeep\n|turn|2\n|\n|t:|1699986542\n|move|p1a: Masquerain|Infestation|p2a: Mr. Rime\n|-supereffective|p2a: Mr. Rime\n|-damage|p2a: Mr. Rime|92\/100\n|-activate|p2a: Mr. Rime|move: Infestation|[of] p1a: Masquerain\n|move|p2a: Mr. Rime|Reflect|p2a: Mr. Rime\n|-sidestart|p2: Oscarx90|Reflect\n|\n|-damage|p2a: Mr. Rime|80\/100|[from] move: Infestation|[partiallytrapped]\n|upkeep\n|turn|3\n|j| poketough\n|\n|t:|1699986548\n|move|p1a: Masquerain|Quick Attack|p2a: Mr. Rime\n|-damage|p2a: Mr. Rime|77\/100\n|move|p2a: Mr. Rime|Freeze-Dry|p1a: Masquerain\n|-supereffective|p1a: Masquerain\n|-damage|p1a: Masquerain|22\/100\n|-status|p1a: Masquerain|frz\n|\n|-damage|p2a: Mr. Rime|65\/100|[from] move: Infestation|[partiallytrapped]\n|upkeep\n|turn|4\n|\n|t:|1699986554\n|cant|p1a: Masquerain|frz\n|move|p2a: Mr. Rime|Freeze-Dry|p1a: Masquerain\n|-supereffective|p1a: Masquerain\n|-damage|p1a: Masquerain|0 fnt\n|faint|p1a: Masquerain\n|\n|-end|p2a: Mr. Rime|Infestation|[partiallytrapped]|[silent]\n|upkeep\n|\n|t:|1699986565\n|switch|p1a: Medicham|Medicham, M|100\/100\n|turn|5\n|j| HeckMelon\n|\n|t:|1699986579\n|move|p1a: Medicham|Fake Out|p2a: Mr. Rime\n|-damage|p2a: Mr. Rime|57\/100\n|cant|p2a: Mr. Rime|flinch\n|\n|upkeep\n|turn|6\n|j| Blonking\n|\n|t:|1699986585\n|detailschange|p1a: Medicham|Medicham-Mega, M\n|-mega|p1a: Medicham|Medicham|Medichamite\n|move|p1a: Medicham|Drain Punch|p2a: Mr. Rime\n|-damage|p2a: Mr. Rime|28\/100\n|move|p2a: Mr. Rime|Psychic|p1a: Medicham\n|-damage|p1a: Medicham|47\/100\n|\n|upkeep\n|turn|7\n|j| Zwellish\n|\n|t:|1699986598\n|switch|p1a: Rabsca|Rabsca, F|100\/100\n|move|p2a: Mr. Rime|Psychic|p1a: Rabsca\n|-resisted|p1a: Rabsca\n|-damage|p1a: Rabsca|80\/100\n|\n|upkeep\n|turn|8\n|\n|t:|1699986606\n|move|p1a: Rabsca|Bug Buzz|p2a: Mr. Rime\n|-supereffective|p2a: Mr. Rime\n|-damage|p2a: Mr. Rime|0 fnt\n|faint|p2a: Mr. Rime\n|-damage|p1a: Rabsca|70\/100|[from] item: Life Orb\n|\n|-sideend|p2: Oscarx90|move: Light Screen\n|upkeep\n|\n|t:|1699986613\n|switch|p2a: Lucario|Lucario, F|100\/100\n|-activate|p2a: Lucario|move: Sticky Web\n|-unboost|p2a: Lucario|spe|1\n|turn|9\n|\n|t:|1699986620\n|detailschange|p2a: Lucario|Lucario-Mega, F\n|-mega|p2a: Lucario|Lucario|Lucarionite\n|move|p2a: Lucario|Swords Dance|p2a: Lucario\n|-boost|p2a: Lucario|atk|2\n|move|p1a: Rabsca|Earth Power|p2a: Lucario\n|-supereffective|p2a: Lucario\n|-damage|p2a: Lucario|0 fnt\n|faint|p2a: Lucario\n|-damage|p1a: Rabsca|60\/100|[from] item: Life Orb\n|\n|-sideend|p2: Oscarx90|Reflect\n|upkeep\n|\n|t:|1699986642\n|switch|p2a: Volcarona|Volcarona, M|100\/100\n|-activate|p2a: Volcarona|move: Sticky Web\n|-unboost|p2a: Volcarona|spe|1\n|turn|10\n|c| Blonking|Rascal is strong\n|c| Blonking|*rabsca\n|l| Yeet259\n|j| Yeet259\n|\n|t:|1699986655\n|move|p1a: Rabsca|Psychic|p2a: Volcarona\n|-damage|p2a: Volcarona|45\/100\n|-damage|p1a: Rabsca|50\/100|[from] item: Life Orb\n|move|p2a: Volcarona|Quiver Dance|p2a: Volcarona\n|-boost|p2a: Volcarona|spa|1\n|-boost|p2a: Volcarona|spd|1\n|-boost|p2a: Volcarona|spe|1\n|\n|-heal|p2a: Volcarona|51\/100|[from] item: Leftovers\n|upkeep\n|turn|11\n|c|\u2606Champions 95|I know\n|inactive|Oscarx90 has 120 seconds left.\n|\n|t:|1699986689\n|move|p2a: Volcarona|Quiver Dance|p2a: Volcarona\n|-boost|p2a: Volcarona|spa|1\n|-boost|p2a: Volcarona|spd|1\n|-boost|p2a: Volcarona|spe|1\n|move|p1a: Rabsca|Psychic|p2a: Volcarona\n|-damage|p2a: Volcarona|24\/100\n|-unboost|p2a: Volcarona|spd|1\n|-damage|p1a: Rabsca|40\/100|[from] item: Life Orb\n|\n|-heal|p2a: Volcarona|30\/100|[from] item: Leftovers\n|upkeep\n|turn|12\n|j| AngryVanio\n|l|\u2606Champions 95\n|inactive|Champions 95 disconnected and has a minute to reconnect!\n|player|p1|\n|inactive|Champions 95 has 30 seconds to reconnect!\n|c| HeckMelon|is this how it ends\n|inactive|Champions 95 has 20 seconds to reconnect!\n|inactive|Champions 95 has 15 seconds to reconnect!\n|inactive|Champions 95 has 10 seconds to reconnect!\n|c|\u2606Oscarx90|Shame\n|inactive|Champions 95 has 5 seconds to reconnect!\n|l| Zwellish\n|-message|Champions 95 lost due to inactivity.\n|\n|win|Oscarx90\n|n|\u2606Oscarx90|oscarx90\n|n|*Lady Monita \u2746|ladymonita\n|n| poketough|poketough\n|n| HeckMelon|heckmelon\n|n| Blonking|blonking\n|n| Yeet259|yeet259\n|n| AngryVanio|angryvanio\n","uploadtime":1699986771,"views":4,"p1id":"champions95","p2id":"oscarx90","formatid":"gen9nationaldex","rating":0,"private":0,"password":""}