{"id":"gen9nationaldex-1998518334","p1":"Spookycooke","p2":"Ineros","format":"[Gen 9] National Dex","log":"|html|<div class=\"broadcast-blue\"><strong>[Gen 9] National Dex is currently suspecting Sneasler! For information on how to participate check out the <a href=\"https:\/\/www.smogon.com\/forums\/threads\/sv-national-dex-suspect-8-just-dance.3731534\/\">suspect thread<\/a>.<\/strong><\/div>\n|j|\u2606Spookycooke\n|j|\u2606Ineros\n|inactive|Battle timer is ON: inactive players will automatically lose when time's up.\n|t:|1700951438\n|gametype|singles\n|player|p1|Spookycooke|allister|\n|player|p2|Ineros|dawn|\n|teamsize|p1|6\n|teamsize|p2|6\n|gen|9\n|tier|[Gen 9] National Dex\n|rated|Tournament battle\n|rule|HP Percentage Mod: HP is shown in percentages\n|rule|Endless Battle Clause: Forcing endless battles is banned\n|rule|OHKO Clause: OHKO moves are banned\n|rule|Evasion Clause: Evasion abilities, items, and moves are banned\n|rule|Evasion Abilities Clause: Evasion abilities are banned\n|rule|Evasion Items Clause: Evasion items are banned\n|rule|Evasion Moves Clause: Evasion moves are banned\n|rule|Species Clause: Limit one of each Pok\u00e9mon\n|rule|Sleep Clause Mod: Limit one foe put to sleep\n|clearpoke\n|poke|p1|Ribombee, M|\n|poke|p1|Nihilego|\n|poke|p1|Kartana|\n|poke|p1|Great Tusk|\n|poke|p1|Banette, F|\n|poke|p1|Skeledirge, M|\n|poke|p2|Diancie|\n|poke|p2|Tornadus-Therian, M|\n|poke|p2|Ferrothorn, M|\n|poke|p2|Zamazenta-*|\n|poke|p2|Toxapex, F|\n|poke|p2|Gliscor, M|\n|teampreview\n|inactive|Ineros also wants the timer to be on.\n|c|\u2606Ineros|Glhf\n|c|\u2606Spookycooke|well, well, well\n|c|\u2606Spookycooke|if it aint ineros\n|\n|t:|1700951453\n|start\n|switch|p1a: Banette|Banette, F|100\/100\n|switch|p2a: Diancie|Diancie|100\/100\n|-item|p2a: Diancie|Diancite|[from] ability: Frisk|[of] p1a: Banette|[identify]\n|turn|1\n|c|\u2606Ineros|Hello\n|c|\u2606Spookycooke|glhf\n|\n|t:|1700951467\n|switch|p2a: Ferrothorn|Ferrothorn, M|100\/100\n|detailschange|p1a: Banette|Banette-Mega, F\n|-mega|p1a: Banette|Banette|Banettite\n|move|p1a: Banette|Poltergeist|p2a: Ferrothorn\n|-activate|p2a: Ferrothorn|move: Poltergeist|Leftovers\n|-damage|p2a: Ferrothorn|48\/100\n|\n|-heal|p2a: Ferrothorn|54\/100|[from] item: Leftovers\n|upkeep\n|turn|2\n|\n|t:|1700951473\n|move|p1a: Banette|Taunt|p2a: Ferrothorn\n|-start|p2a: Ferrothorn|move: Taunt\n|cant|p2a: Ferrothorn|move: Taunt|Thunder Wave\n|\n|-heal|p2a: Ferrothorn|60\/100|[from] item: Leftovers\n|upkeep\n|turn|3\n|\n|t:|1700951475\n|move|p1a: Banette|Will-O-Wisp|p2a: Ferrothorn\n|-status|p2a: Ferrothorn|brn\n|move|p2a: Ferrothorn|Power Whip|p1a: Banette\n|-damage|p1a: Banette|75\/100\n|\n|-heal|p2a: Ferrothorn|66\/100 brn|[from] item: Leftovers\n|-damage|p2a: Ferrothorn|60\/100 brn|[from] brn\n|upkeep\n|turn|4\n|\n|t:|1700951491\n|switch|p2a: Toxapex|Toxapex, F|100\/100\n|move|p1a: Banette|Poltergeist|p2a: Toxapex|[miss]\n|-miss|p1a: Banette|p2a: Toxapex\n|\n|upkeep\n|turn|5\n|\n|t:|1700951495\n|switch|p1a: Ribombee|Ribombee, M|100\/100\n|move|p2a: Toxapex|Scald|p1a: Ribombee\n|-damage|p1a: Ribombee|71\/100\n|\n|upkeep\n|turn|6\n|c|\u2606Spookycooke|webs\n|\n|t:|1700951514\n|switch|p2a: Diancie|Diancie|100\/100\n|move|p1a: Ribombee|Sticky Web|p2a: Diancie\n|-sidestart|p2: Ineros|move: Sticky Web\n|\n|upkeep\n|turn|7\n|\n|t:|1700951520\n|detailschange|p2a: Diancie|Diancie-Mega\n|-mega|p2a: Diancie|Diancie|Diancite\n|move|p1a: Ribombee|Moonblast|p2a: Diancie\n|-damage|p2a: Diancie|46\/100\n|move|p2a: Diancie|Diamond Storm|p1a: Ribombee\n|-supereffective|p1a: Ribombee\n|-damage|p1a: Ribombee|0 fnt\n|-boost|p2a: Diancie|def|2\n|faint|p1a: Ribombee\n|\n|upkeep\n|\n|t:|1700951527\n|switch|p1a: Banette|Banette-Mega, F|75\/100\n|turn|8\n|\n|t:|1700951537\n|move|p1a: Banette|Destiny Bond|p1a: Banette\n|-singlemove|p1a: Banette|Destiny Bond\n|move|p2a: Diancie|Mystical Fire|p1a: Banette\n|-damage|p1a: Banette|37\/100\n|-unboost|p1a: Banette|spa|1\n|\n|upkeep\n|turn|9\n|\n|t:|1700951547\n|switch|p2a: Toxapex|Toxapex, F|100\/100\n|-activate|p2a: Toxapex|move: Sticky Web\n|-unboost|p2a: Toxapex|spe|1\n|move|p1a: Banette|Poltergeist|p2a: Toxapex\n|-activate|p2a: Toxapex|move: Poltergeist|Leftovers\n|-damage|p2a: Toxapex|50\/100\n|\n|-heal|p2a: Toxapex|56\/100|[from] item: Leftovers\n|upkeep\n|turn|10\n|\n|t:|1700951556\n|switch|p1a: Nihilego|Nihilego|100\/100\n|move|p2a: Toxapex|Scald|p1a: Nihilego\n|-supereffective|p1a: Nihilego\n|-damage|p1a: Nihilego|74\/100\n|-status|p1a: Nihilego|brn\n|\n|-heal|p2a: Toxapex|62\/100|[from] item: Leftovers\n|-damage|p1a: Nihilego|68\/100 brn|[from] brn\n|upkeep\n|turn|11\n|j| Dabman1069\n|\n|t:|1700951578\n|switch|p2a: Ferrothorn|Ferrothorn, M|60\/100 brn\n|-activate|p2a: Ferrothorn|move: Sticky Web\n|-unboost|p2a: Ferrothorn|spe|1\n|move|p1a: Nihilego|Meteor Beam||[still]\n|-prepare|p1a: Nihilego|Meteor Beam\n|-boost|p1a: Nihilego|spa|1\n|-enditem|p1a: Nihilego|Power Herb\n|-anim|p1a: Nihilego|Meteor Beam|p2a: Ferrothorn\n|-resisted|p2a: Ferrothorn\n|-crit|p2a: Ferrothorn\n|-damage|p2a: Ferrothorn|10\/100 brn\n|\n|-heal|p2a: Ferrothorn|16\/100 brn|[from] item: Leftovers\n|-damage|p1a: Nihilego|62\/100 brn|[from] brn\n|-damage|p2a: Ferrothorn|10\/100 brn|[from] brn\n|upkeep\n|turn|12\n|inactive|Ineros has 120 seconds left.\n|\n|t:|1700951618\n|move|p1a: Nihilego|Hidden Power|p2a: Ferrothorn\n|-damage|p2a: Ferrothorn|0 fnt\n|faint|p2a: Ferrothorn\n|-ability|p1a: Nihilego|Beast Boost|boost\n|-boost|p1a: Nihilego|spa|1\n|\n|-damage|p1a: Nihilego|55\/100 brn|[from] brn\n|upkeep\n|\n|t:|1700951625\n|switch|p2a: Zamazenta|Zamazenta|100\/100\n|-ability|p2a: Zamazenta|Dauntless Shield|boost\n|-boost|p2a: Zamazenta|def|1\n|turn|13\n|inactive|Ineros has 120 seconds left.\n|\n|t:|1700951637\n|move|p2a: Zamazenta|Close Combat|p1a: Nihilego\n|-crit|p1a: Nihilego\n|-damage|p1a: Nihilego|0 fnt\n|-unboost|p2a: Zamazenta|def|1\n|-unboost|p2a: Zamazenta|spd|1\n|faint|p1a: Nihilego\n|\n|upkeep\n|c|\u2606Spookycooke|oh crap didnt see u had boots dammit\n|\n|t:|1700951652\n|switch|p1a: Skeledirge|Skeledirge, M|100\/100\n|turn|14\n|\n|t:|1700951655\n|switch|p2a: Toxapex|Toxapex, F|96\/100\n|-activate|p2a: Toxapex|move: Sticky Web\n|-unboost|p2a: Toxapex|spe|1\n|move|p1a: Skeledirge|Will-O-Wisp|p2a: Toxapex\n|-status|p2a: Toxapex|brn\n|\n|-heal|p2a: Toxapex|100\/100 brn|[from] item: Leftovers\n|-damage|p2a: Toxapex|94\/100 brn|[from] brn\n|upkeep\n|turn|15\n|\n|t:|1700951661\n|switch|p1a: Kartana|Kartana|100\/100\n|move|p2a: Toxapex|Scald|p1a: Kartana\n|-resisted|p1a: Kartana\n|-damage|p1a: Kartana|75\/100\n|\n|-heal|p2a: Toxapex|100\/100 brn|[from] item: Leftovers\n|-damage|p2a: Toxapex|94\/100 brn|[from] brn\n|upkeep\n|turn|16\n|\n|t:|1700951664\n|move|p1a: Kartana|Swords Dance|p1a: Kartana\n|-boost|p1a: Kartana|atk|2\n|move|p2a: Toxapex|Scald|p1a: Kartana\n|-resisted|p1a: Kartana\n|-damage|p1a: Kartana|50\/100\n|\n|-heal|p2a: Toxapex|100\/100 brn|[from] item: Leftovers\n|-damage|p2a: Toxapex|94\/100 brn|[from] brn\n|upkeep\n|turn|17\n|\n|t:|1700951678\n|move|p1a: Kartana|Leaf Blade|p2a: Toxapex\n|-damage|p2a: Toxapex|14\/100 brn\n|move|p2a: Toxapex|Scald|p1a: Kartana\n|-resisted|p1a: Kartana\n|-damage|p1a: Kartana|26\/100\n|\n|-heal|p2a: Toxapex|20\/100 brn|[from] item: Leftovers\n|-damage|p2a: Toxapex|14\/100 brn|[from] brn\n|upkeep\n|turn|18\n|\n|t:|1700951703\n|switch|p2a: Gliscor|Gliscor, M|100\/100\n|move|p1a: Kartana|Knock Off|p2a: Gliscor\n|-crit|p2a: Gliscor\n|-damage|p2a: Gliscor|0 fnt\n|-enditem|p2a: Gliscor|Toxic Orb|[from] move: Knock Off|[of] p1a: Kartana\n|faint|p2a: Gliscor\n|-ability|p1a: Kartana|Beast Boost|boost\n|-boost|p1a: Kartana|atk|1\n|\n|upkeep\n|\n|t:|1700951710\n|switch|p2a: Zamazenta|Zamazenta|100\/100\n|turn|19\n|inactive|Ineros has 120 seconds left.\n|\n|t:|1700951744\n|switch|p1a: Skeledirge|Skeledirge, M|100\/100\n|move|p2a: Zamazenta|Close Combat|p1a: Skeledirge\n|-immune|p1a: Skeledirge\n|\n|upkeep\n|turn|20\n|l| Dabman1069\n|\n|t:|1700951754\n|switch|p2a: Toxapex|Toxapex, F|47\/100 brn\n|-activate|p2a: Toxapex|move: Sticky Web\n|-unboost|p2a: Toxapex|spe|1\n|move|p1a: Skeledirge|Torch Song|p2a: Toxapex\n|-resisted|p2a: Toxapex\n|-damage|p2a: Toxapex|35\/100 brn\n|-boost|p1a: Skeledirge|spa|1\n|\n|-heal|p2a: Toxapex|42\/100 brn|[from] item: Leftovers\n|-damage|p2a: Toxapex|35\/100 brn|[from] brn\n|upkeep\n|turn|21\n|\n|t:|1700951757\n|move|p1a: Skeledirge|Hex|p2a: Toxapex\n|-damage|p2a: Toxapex|0 fnt\n|faint|p2a: Toxapex\n|\n|upkeep\n|\n|t:|1700951762\n|switch|p2a: Tornadus|Tornadus-Therian, M|100\/100\n|turn|22\n|\n|t:|1700951765\n|move|p2a: Tornadus|Defog|p1a: Skeledirge\n|-unboost|p1a: Skeledirge|evasion|1\n|-sideend|p2: Ineros|Sticky Web|[from] move: Defog|[of] p2a: Tornadus\n|move|p1a: Skeledirge|Torch Song|p2a: Tornadus\n|-damage|p2a: Tornadus|51\/100\n|-boost|p1a: Skeledirge|spa|1\n|\n|upkeep\n|turn|23\n|\n|t:|1700951773\n|move|p2a: Tornadus|Hurricane|p1a: Skeledirge\n|-damage|p1a: Skeledirge|73\/100\n|move|p1a: Skeledirge|Torch Song|p2a: Tornadus\n|-damage|p2a: Tornadus|0 fnt\n|-boost|p1a: Skeledirge|spa|1\n|faint|p2a: Tornadus\n|\n|-heal|p1a: Skeledirge|79\/100|[from] item: Leftovers\n|upkeep\n|\n|t:|1700951777\n|switch|p2a: Diancie|Diancie-Mega|46\/100\n|turn|24\n|\n|t:|1700951783\n|-terastallize|p1a: Skeledirge|Fairy\n|move|p2a: Diancie|Diamond Storm|p1a: Skeledirge\n|-damage|p1a: Skeledirge|40\/100\n|-boost|p2a: Diancie|def|2\n|move|p1a: Skeledirge|Hex|p2a: Diancie\n|-damage|p2a: Diancie|0 fnt\n|faint|p2a: Diancie\n|\n|-heal|p1a: Skeledirge|46\/100|[from] item: Leftovers\n|upkeep\n|\n|t:|1700951785\n|switch|p2a: Zamazenta|Zamazenta|100\/100\n|turn|25\n|\n|t:|1700951789\n|move|p2a: Zamazenta|Heavy Slam|p1a: Skeledirge\n|-supereffective|p1a: Skeledirge\n|-damage|p1a: Skeledirge|24\/100\n|move|p1a: Skeledirge|Will-O-Wisp|p2a: Zamazenta\n|-status|p2a: Zamazenta|brn\n|\n|-heal|p1a: Skeledirge|30\/100|[from] item: Leftovers\n|-damage|p2a: Zamazenta|94\/100 brn|[from] brn\n|upkeep\n|turn|26\n|c|\u2606Ineros|Gg\n|c|\u2606Spookycooke|ggwp\n|-message|Ineros forfeited.\n|\n|win|Spookycooke\n|n|\u2606Spookycooke|spookycooke\n|n|\u2606Ineros|ineros\n","uploadtime":1700951797,"views":6,"p1id":"spookycooke","p2id":"ineros","formatid":"gen9nationaldex","rating":0,"private":0,"password":""}