{"id":"gen9nationaldex-1997336212","p1":"Toxic Ariados","p2":"ticklebush","format":"[Gen 9] National Dex","log":"|html|<div class=\"broadcast-blue\"><strong>[Gen 9] National Dex is currently suspecting Sneasler! For information on how to participate check out the <a href=\"https:\/\/www.smogon.com\/forums\/threads\/sv-national-dex-suspect-8-just-dance.3731534\/\">suspect thread<\/a>.<\/strong><\/div>\n|j|\u2606Toxic Ariados\n|j|\u2606ticklebush\n|t:|1700790999\n|gametype|singles\n|player|p1|Toxic Ariados|lucas|1695\n|player|p2|ticklebush|170|1610\n|teamsize|p1|6\n|teamsize|p2|6\n|gen|9\n|tier|[Gen 9] National Dex\n|rated|\n|rule|HP Percentage Mod: HP is shown in percentages\n|rule|Endless Battle Clause: Forcing endless battles is banned\n|rule|OHKO Clause: OHKO moves are banned\n|rule|Evasion Clause: Evasion abilities, items, and moves are banned\n|rule|Evasion Abilities Clause: Evasion abilities are banned\n|rule|Evasion Items Clause: Evasion items are banned\n|rule|Evasion Moves Clause: Evasion moves are banned\n|rule|Species Clause: Limit one of each Pok\u00e9mon\n|rule|Sleep Clause Mod: Limit one foe put to sleep\n|clearpoke\n|poke|p1|Grimmsnarl, M|\n|poke|p1|Okidogi, M|\n|poke|p1|Volcarona, F|\n|poke|p1|Great Tusk|\n|poke|p1|Ogerpon-Cornerstone, F|\n|poke|p1|Jirachi|\n|poke|p2|Pinsir, M|\n|poke|p2|Blissey, F|\n|poke|p2|Magnezone|\n|poke|p2|Garchomp, F|\n|poke|p2|Manaphy|\n|poke|p2|Moltres|\n|teampreview\n|\n|t:|1700791017\n|start\n|switch|p1a: Diablo|Grimmsnarl, M|100\/100\n|switch|p2a: Yung Wich|Manaphy|100\/100\n|turn|1\n|\n|t:|1700791022\n|switch|p2a: TKN|Magnezone|100\/100\n|move|p1a: Diablo|Taunt|p2a: TKN\n|-start|p2a: TKN|move: Taunt\n|\n|upkeep\n|turn|2\n|\n|t:|1700791024\n|move|p1a: Diablo|Light Screen|p1a: Diablo\n|-sidestart|p1: Toxic Ariados|move: Light Screen\n|move|p2a: TKN|Flash Cannon|p1a: Diablo\n|-supereffective|p1a: Diablo\n|-damage|p1a: Diablo|48\/100\n|\n|upkeep\n|turn|3\n|\n|t:|1700791037\n|switch|p1a: Solstice|Volcarona, F|100\/100\n|move|p2a: TKN|Flash Cannon|p1a: Solstice\n|-resisted|p1a: Solstice\n|-crit|p1a: Solstice\n|-damage|p1a: Solstice|44\/100\n|\n|-end|p2a: TKN|move: Taunt\n|upkeep\n|turn|4\n|\n|t:|1700791044\n|switch|p1a: Bedrock|Great Tusk|100\/100\n|switch|p2a: Lex Mem|Blissey, F|100\/100\n|\n|upkeep\n|turn|5\n|\n|t:|1700791049\n|-end|p1a: Bedrock|Protosynthesis|[silent]\n|switch|p1a: Solstice|Volcarona, F|44\/100\n|switch|p2a: SBLS|Moltres|100\/100\n|\n|upkeep\n|turn|6\n|\n|t:|1700791052\n|switch|p2a: Lex Mem|Blissey, F|100\/100\n|move|p1a: Solstice|Hidden Power|p2a: Lex Mem\n|-damage|p2a: Lex Mem|92\/100\n|\n|upkeep\n|turn|7\n|\n|t:|1700791056\n|switch|p1a: Wrath|Okidogi, M|100\/100\n|move|p2a: Lex Mem|Teleport|p2a: Lex Mem\n|inactive|Battle timer is ON: inactive players will automatically lose when time's up. (requested by Toxic Ariados)\n|\n|t:|1700791088\n|switch|p2a: Ethan K|Pinsir, M|100\/100|[from] Teleport\n|\n|upkeep\n|turn|8\n|\n|t:|1700791100\n|detailschange|p2a: Ethan K|Pinsir-Mega, M\n|-mega|p2a: Ethan K|Pinsir|Pinsirite\n|move|p2a: Ethan K|Return|p1a: Wrath\n|-supereffective|p1a: Wrath\n|-damage|p1a: Wrath|0 fnt\n|faint|p1a: Wrath\n|\n|upkeep\n|\n|t:|1700791105\n|switch|p1a: Ogerpon|Ogerpon-Cornerstone, F|100\/100\n|turn|9\n|\n|t:|1700791119\n|switch|p2a: Chris Ofili|Garchomp, F|100\/100\n|move|p1a: Ogerpon|Swords Dance|p1a: Ogerpon\n|-boost|p1a: Ogerpon|atk|2\n|\n|-sideend|p1: Toxic Ariados|move: Light Screen\n|upkeep\n|turn|10\n|\n|t:|1700791126\n|move|p1a: Ogerpon|Swords Dance|p1a: Ogerpon\n|-boost|p1a: Ogerpon|atk|2\n|-zpower|p2a: Chris Ofili\n|move|p2a: Chris Ofili|Devastating Drake|p1a: Ogerpon|[zeffect]\n|-ability|p1a: Ogerpon|Sturdy\n|-damage|p1a: Ogerpon|1\/100\n|\n|upkeep\n|turn|11\n|\n|t:|1700791134\n|move|p1a: Ogerpon|Horn Leech|p2a: Chris Ofili\n|-damage|p2a: Chris Ofili|0 fnt\n|-heal|p1a: Ogerpon|67\/100|[from] drain|[of] p2a: Chris Ofili\n|-damage|p1a: Ogerpon|54\/100|[from] ability: Rough Skin|[of] p2a: Chris Ofili\n|faint|p2a: Chris Ofili\n|\n|upkeep\n|inactive|ticklebush has 120 seconds left.\n|\n|t:|1700791167\n|switch|p2a: TKN|Magnezone|100\/100\n|turn|12\n|\n|t:|1700791170\n|move|p1a: Ogerpon|Stomping Tantrum|p2a: TKN\n|-supereffective|p2a: TKN\n|-damage|p2a: TKN|0 fnt\n|faint|p2a: TKN\n|\n|upkeep\n|\n|t:|1700791173\n|switch|p2a: Yung Wich|Manaphy|100\/100\n|turn|13\n|\n|t:|1700791179\n|-terastallize|p2a: Yung Wich|Grass\n|move|p1a: Ogerpon|Ivy Cudgel|p2a: Yung Wich|[anim] Ivy Cudgel Rock\n|-damage|p2a: Yung Wich|0 fnt\n|faint|p2a: Yung Wich\n|\n|upkeep\n|-message|ticklebush forfeited.\n|\n|win|Toxic Ariados\n|raw|Toxic Ariados's rating: 1695 &rarr; <strong>1710<\/strong><br \/>(+15 for winning)\n|raw|ticklebush's rating: 1610 &rarr; <strong>1595<\/strong><br \/>(-15 for losing)\n|l|\u2606ticklebush\n","uploadtime":1700791194,"views":3,"p1id":"toxicariados","p2id":"ticklebush","formatid":"gen9nationaldex","rating":1595,"private":0,"password":""}