{"id":"gen9nationaldex-1989450027","p1":"OkcThunder0","p2":"gglao4","format":"[Gen 9] National Dex","log":"|j|\u2606OkcThunder0\n|j|\u2606gglao4\n|t:|1699852267\n|gametype|singles\n|player|p1|OkcThunder0|red|1446\n|player|p2|gglao4|102|1463\n|teamsize|p1|6\n|teamsize|p2|6\n|gen|9\n|tier|[Gen 9] National Dex\n|rated|\n|rule|HP Percentage Mod: HP is shown in percentages\n|rule|Endless Battle Clause: Forcing endless battles is banned\n|rule|OHKO Clause: OHKO moves are banned\n|rule|Evasion Clause: Evasion abilities, items, and moves are banned\n|rule|Evasion Abilities Clause: Evasion abilities are banned\n|rule|Evasion Items Clause: Evasion items are banned\n|rule|Evasion Moves Clause: Evasion moves are banned\n|rule|Species Clause: Limit one of each Pok\u00e9mon\n|rule|Sleep Clause Mod: Limit one foe put to sleep\n|clearpoke\n|poke|p1|Keldeo-Resolute|\n|poke|p1|Kartana|\n|poke|p1|Beedrill, F|\n|poke|p1|Landorus-Therian, M|\n|poke|p1|Kyurem|\n|poke|p1|Zapdos|\n|poke|p2|Alomomola, M|\n|poke|p2|Zamazenta-*|\n|poke|p2|Ditto|\n|poke|p2|Victini|\n|poke|p2|Gliscor, F|\n|poke|p2|Goodra-Hisui, F|\n|teampreview\n|inactive|Battle timer is ON: inactive players will automatically lose when time's up. (requested by gglao4)\n|\n|t:|1699852293\n|start\n|switch|p1a: Drago|Kyurem|100\/100\n|switch|p2a: Victini|Victini|100\/100\n|-ability|p1a: Drago|Pressure\n|turn|1\n|\n|t:|1699852301\n|switch|p1a: Enten|Landorus-Therian, M|100\/100\n|-ability|p1a: Enten|Intimidate|boost\n|-unboost|p2a: Victini|atk|1\n|move|p2a: Victini|V-create|p1a: Enten\n|-damage|p1a: Enten|53\/100\n|-unboost|p2a: Victini|spe|1\n|-unboost|p2a: Victini|def|1\n|-unboost|p2a: Victini|spd|1\n|-damage|p2a: Victini|84\/100|[from] item: Rocky Helmet|[of] p1a: Enten\n|\n|upkeep\n|turn|2\n|\n|t:|1699852307\n|switch|p2a: Gliscor|Gliscor, F|100\/100\n|move|p1a: Enten|Knock Off|p2a: Gliscor\n|-damage|p2a: Gliscor|77\/100\n|-enditem|p2a: Gliscor|Toxic Orb|[from] move: Knock Off|[of] p1a: Enten\n|\n|upkeep\n|turn|3\n|\n|t:|1699852312\n|move|p2a: Gliscor|Toxic|p1a: Enten\n|-status|p1a: Enten|tox\n|move|p1a: Enten|Stealth Rock|p2a: Gliscor\n|-sidestart|p2: gglao4|move: Stealth Rock\n|\n|-damage|p1a: Enten|47\/100 tox|[from] psn\n|upkeep\n|turn|4\n|\n|t:|1699852316\n|move|p2a: Gliscor|Defog|p1a: Enten\n|-unboost|p1a: Enten|evasion|1\n|-sideend|p2: gglao4|Stealth Rock|[from] move: Defog|[of] p2a: Gliscor\n|move|p1a: Enten|U-turn|p2a: Gliscor\n|-resisted|p2a: Gliscor\n|-damage|p2a: Gliscor|69\/100\n|\n|t:|1699852323\n|switch|p1a: A$AP|Keldeo-Resolute|100\/100|[from] U-turn\n|\n|upkeep\n|turn|5\n|\n|t:|1699852341\n|switch|p2a: Alomomola|Alomomola, M|100\/100\n|move|p1a: A$AP|Hydro Pump|p2a: Alomomola\n|-resisted|p2a: Alomomola\n|-damage|p2a: Alomomola|50\/100\n|\n|upkeep\n|turn|6\n|\n|t:|1699852351\n|switch|p2a: Goodra|Goodra-Hisui, F|100\/100\n|move|p1a: A$AP|Hydro Pump|p2a: Goodra\n|-resisted|p2a: Goodra\n|-damage|p2a: Goodra|80\/100\n|\n|upkeep\n|turn|7\n|\n|t:|1699852363\n|switch|p1a: Luck|Zapdos|100\/100\n|move|p2a: Goodra|Ice Beam|p1a: Luck\n|-supereffective|p1a: Luck\n|-damage|p1a: Luck|46\/100\n|\n|upkeep\n|turn|8\n|\n|t:|1699852371\n|move|p1a: Luck|Roost|p1a: Luck\n|-heal|p1a: Luck|96\/100\n|-singleturn|p1a: Luck|move: Roost\n|move|p2a: Goodra|Thunderbolt|p1a: Luck\n|-resisted|p1a: Luck\n|-damage|p1a: Luck|82\/100\n|\n|upkeep\n|turn|9\n|\n|t:|1699852382\n|move|p1a: Luck|U-turn|p2a: Goodra\n|-resisted|p2a: Goodra\n|-damage|p2a: Goodra|74\/100\n|\n|t:|1699852391\n|switch|p1a: Drago|Kyurem|100\/100|[from] U-turn\n|-ability|p1a: Drago|Pressure\n|move|p2a: Goodra|Ice Beam|p1a: Drago\n|-crit|p1a: Drago\n|-damage|p1a: Drago|57\/100\n|\n|upkeep\n|turn|10\n|\n|t:|1699852403\n|move|p1a: Drago|Draco Meteor|p2a: Goodra|[miss]\n|-miss|p1a: Drago|p2a: Goodra\n|move|p2a: Goodra|Flash Cannon|p1a: Drago\n|-supereffective|p1a: Drago\n|-damage|p1a: Drago|0 fnt\n|faint|p1a: Drago\n|\n|upkeep\n|\n|t:|1699852411\n|switch|p1a: Sling|Beedrill, F|100\/100\n|turn|11\n|\n|t:|1699852417\n|switch|p2a: Alomomola|Alomomola, M|83\/100\n|detailschange|p1a: Sling|Beedrill-Mega, F\n|-mega|p1a: Sling|Beedrill|Beedrillite\n|move|p1a: Sling|Drill Run|p2a: Alomomola\n|-damage|p2a: Alomomola|68\/100\n|-damage|p1a: Sling|84\/100|[from] item: Rocky Helmet|[of] p2a: Alomomola\n|\n|upkeep\n|turn|12\n|\n|t:|1699852423\n|move|p1a: Sling|Knock Off|p2a: Alomomola\n|-damage|p2a: Alomomola|47\/100\n|-damage|p1a: Sling|67\/100|[from] item: Rocky Helmet|[of] p2a: Alomomola\n|-enditem|p2a: Alomomola|Rocky Helmet|[from] move: Knock Off|[of] p1a: Sling\n|move|p2a: Alomomola|Flip Turn|p1a: Sling\n|-damage|p1a: Sling|27\/100\n|\n|t:|1699852427\n|switch|p2a: Victini|Victini|84\/100|[from] Flip Turn\n|\n|upkeep\n|turn|13\n|\n|t:|1699852432\n|switch|p1a: Enten|Landorus-Therian, M|47\/100 tox\n|-ability|p1a: Enten|Intimidate|boost\n|-unboost|p2a: Victini|atk|1\n|move|p2a: Victini|V-create|p1a: Enten\n|-damage|p1a: Enten|0 fnt\n|-unboost|p2a: Victini|spe|1\n|-unboost|p2a: Victini|def|1\n|-unboost|p2a: Victini|spd|1\n|-damage|p2a: Victini|67\/100|[from] item: Rocky Helmet|[of] p1a: Enten\n|faint|p1a: Enten\n|\n|upkeep\n|\n|t:|1699852437\n|switch|p1a: A$AP|Keldeo-Resolute|100\/100\n|turn|14\n|\n|t:|1699852443\n|switch|p2a: Alomomola|Alomomola, M|80\/100\n|move|p1a: A$AP|Secret Sword|p2a: Alomomola\n|-damage|p2a: Alomomola|44\/100\n|\n|upkeep\n|turn|15\n|\n|t:|1699852450\n|move|p1a: A$AP|Secret Sword|p2a: Alomomola\n|-damage|p2a: Alomomola|9\/100\n|move|p2a: Alomomola|Wish|p2a: Alomomola\n|\n|upkeep\n|turn|16\n|\n|t:|1699852465\n|switch|p1a: Inevitable|Kartana|100\/100\n|switch|p2a: Victini|Victini|67\/100\n|\n|-heal|p2a: Victini|100\/100|[from] move: Wish|[wisher] Alomomola\n|upkeep\n|turn|17\n|\n|t:|1699852472\n|-terastallize|p1a: Inevitable|Dark\n|move|p2a: Victini|V-create|p1a: Inevitable\n|-crit|p1a: Inevitable\n|-damage|p1a: Inevitable|0 fnt\n|-unboost|p2a: Victini|spe|1\n|-unboost|p2a: Victini|def|1\n|-unboost|p2a: Victini|spd|1\n|faint|p1a: Inevitable\n|\n|upkeep\n|-message|OkcThunder0 forfeited.\n|\n|win|gglao4\n|raw|OkcThunder0's rating: 1474 &rarr; <strong>1453<\/strong><br \/>(-21 for losing)\n|raw|gglao4's rating: 1463 &rarr; <strong>1484<\/strong><br \/>(+21 for winning)\n|l|\u2606OkcThunder0\n","uploadtime":1699852480,"views":4,"p1id":"okcthunder0","p2id":"gglao4","formatid":"gen9nationaldex","rating":1453,"private":0,"password":""}