{"id":"gen9nationaldex-1991856251","p1":"IronJaw Kench","p2":"KarmaNightraide","format":"[Gen 9] National Dex","log":"|j|\u2606IronJaw Kench\n|j|\u2606KarmaNightraide\n|t:|1700129186\n|gametype|singles\n|player|p1|IronJaw Kench|workerice|\n|player|p2|KarmaNightraide|unknown|\n|teamsize|p1|6\n|teamsize|p2|6\n|gen|9\n|tier|[Gen 9] National Dex\n|rule|HP Percentage Mod: HP is shown in percentages\n|rule|Endless Battle Clause: Forcing endless battles is banned\n|rule|OHKO Clause: OHKO moves are banned\n|rule|Evasion Clause: Evasion abilities, items, and moves are banned\n|rule|Evasion Abilities Clause: Evasion abilities are banned\n|rule|Evasion Items Clause: Evasion items are banned\n|rule|Evasion Moves Clause: Evasion moves are banned\n|rule|Species Clause: Limit one of each Pok\u00e9mon\n|rule|Sleep Clause Mod: Limit one foe put to sleep\n|clearpoke\n|poke|p1|Sableye, M|\n|poke|p1|Kyurem|\n|poke|p1|Ninetales-Alola, F|\n|poke|p1|Deoxys-Defense|\n|poke|p1|Araquanid, M|\n|poke|p1|Talonflame, M|\n|poke|p2|Drifblim, M|\n|poke|p2|Runerigus, M|\n|poke|p2|Chandelure, M|\n|poke|p2|Jellicent, M|\n|poke|p2|Mimikyu, M|\n|poke|p2|Froslass, F|\n|teampreview\n|c|\u2606IronJaw Kench|gl hf\n|c|\u2606KarmaNightraide|Ty\n|\n|t:|1700129201\n|start\n|switch|p1a: Araquanid|Araquanid, M, shiny|100\/100\n|switch|p2a: Icy Wifey|Froslass, F, shiny|100\/100\n|turn|1\n|\n|t:|1700129229\n|move|p2a: Icy Wifey|Swagger|p1a: Araquanid\n|-boost|p1a: Araquanid|atk|2\n|-enditem|p2a: Icy Wifey|Mirror Herb\n|-boost|p2a: Icy Wifey|atk|2|[from] item: Mirror Herb\n|-start|p1a: Araquanid|confusion\n|-activate|p1a: Araquanid|confusion\n|-damage|p1a: Araquanid|77\/100|[from] confusion\n|\n|upkeep\n|turn|2\n|c|\u2606IronJaw Kench|Thats very dope\n|\n|t:|1700129245\n|move|p2a: Icy Wifey|Poltergeist|p1a: Araquanid\n|-activate|p1a: Araquanid|move: Poltergeist|Mystic Water\n|-damage|p1a: Araquanid|0 fnt\n|faint|p1a: Araquanid\n|\n|upkeep\n|c|\u2606KarmaNightraide|Risky strat but pays off\n|\n|t:|1700129259\n|switch|p1a: The Boss|Sableye, M|100\/100\n|turn|3\n|c|\u2606IronJaw Kench|its a dangerous strat to be sure\n|c|\u2606IronJaw Kench|wouldnt want to fight a +2 araquanid haha\n|\n|t:|1700129291\n|move|p1a: The Boss|Will-O-Wisp|p2a: Icy Wifey\n|-status|p2a: Icy Wifey|brn\n|move|p2a: Icy Wifey|Poltergeist|p1a: The Boss\n|-activate|p1a: The Boss|move: Poltergeist|Leftovers\n|-damage|p1a: The Boss|40\/100\n|\n|-heal|p1a: The Boss|46\/100|[from] item: Leftovers\n|-damage|p2a: Icy Wifey|94\/100 brn|[from] brn\n|upkeep\n|turn|4\n|\n|t:|1700129304\n|switch|p1a: Deoxys|Deoxys-Defense|100\/100\n|-ability|p1a: Deoxys|Pressure\n|move|p2a: Icy Wifey|Triple Axel|p1a: Deoxys\n|-damage|p1a: Deoxys|94\/100\n|-damage|p1a: Deoxys|82\/100\n|-damage|p1a: Deoxys|65\/100\n|-hitcount|p1a: Deoxys|3\n|\n|-damage|p2a: Icy Wifey|88\/100 brn|[from] brn\n|upkeep\n|turn|5\n|\n|t:|1700129333\n|switch|p2a: LittleLightOfMine|Chandelure, M|100\/100\n|move|p1a: Deoxys|Stealth Rock|p2a: LittleLightOfMine\n|-sidestart|p2: KarmaNightraide|move: Stealth Rock\n|\n|upkeep\n|turn|6\n|\n|t:|1700129369\n|move|p2a: LittleLightOfMine|Calm Mind|p2a: LittleLightOfMine\n|-boost|p2a: LittleLightOfMine|spa|1\n|-boost|p2a: LittleLightOfMine|spd|1\n|move|p1a: Deoxys|Psycho Boost|p2a: LittleLightOfMine\n|-damage|p2a: LittleLightOfMine|67\/100\n|-unboost|p1a: Deoxys|spa|2\n|\n|upkeep\n|turn|7\n|\n|t:|1700129384\n|move|p2a: LittleLightOfMine|Calm Mind|p2a: LittleLightOfMine\n|-boost|p2a: LittleLightOfMine|spa|1\n|-boost|p2a: LittleLightOfMine|spd|1\n|move|p1a: Deoxys|Spikes|p2a: LittleLightOfMine\n|-sidestart|p2: KarmaNightraide|Spikes\n|\n|upkeep\n|turn|8\n|\n|t:|1700129392\n|switch|p1a: The Boss|Sableye, M|46\/100\n|move|p2a: LittleLightOfMine|Shadow Ball|p1a: The Boss\n|-damage|p1a: The Boss|0 fnt\n|faint|p1a: The Boss\n|-damage|p2a: LittleLightOfMine|57\/100|[from] item: Life Orb\n|\n|upkeep\n|\n|t:|1700129397\n|switch|p1a: Talonflame|Talonflame, M|100\/100\n|turn|9\n|c|\u2606IronJaw Kench|was 100% banking on greed there\n|\n|t:|1700129420\n|-terastallize|p2a: LittleLightOfMine|Fighting\n|-zpower|p1a: Talonflame\n|move|p1a: Talonflame|Supersonic Skystrike|p2a: LittleLightOfMine|[zeffect]\n|-supereffective|p2a: LittleLightOfMine\n|-damage|p2a: LittleLightOfMine|0 fnt\n|faint|p2a: LittleLightOfMine\n|\n|upkeep\n|\n|t:|1700129430\n|switch|p2a: 'Loon|Drifblim, M|100\/100\n|-damage|p2a: 'Loon|76\/100|[from] Stealth Rock\n|turn|10\n|\n|t:|1700129435\n|move|p2a: 'Loon|Protect|p2a: 'Loon\n|-singleturn|p2a: 'Loon|Protect\n|move|p1a: Talonflame|Tailwind|p1a: Talonflame\n|-sidestart|p1: IronJaw Kench|move: Tailwind\n|\n|-status|p2a: 'Loon|brn|[from] item: Flame Orb\n|upkeep\n|turn|11\n|\n|t:|1700129443\n|switch|p1a: Deoxys|Deoxys-Defense|65\/100\n|-ability|p1a: Deoxys|Pressure\n|move|p2a: 'Loon|Defog|p1a: Deoxys\n|-unboost|p1a: Deoxys|evasion|1\n|-sideend|p2: KarmaNightraide|Spikes|[from] move: Defog|[of] p2a: 'Loon\n|-sideend|p2: KarmaNightraide|Stealth Rock|[from] move: Defog|[of] p2a: 'Loon\n|\n|-damage|p2a: 'Loon|70\/100 brn|[from] brn\n|upkeep\n|turn|12\n|\n|t:|1700129478\n|switch|p1a: Ninetales|Ninetales-Alola, F, shiny|100\/100\n|-weather|Snow|[from] ability: Snow Warning|[of] p1a: Ninetales\n|move|p2a: 'Loon|Air Slash|p1a: Ninetales|[miss]\n|-miss|p2a: 'Loon|p1a: Ninetales\n|\n|-weather|Snow|[upkeep]\n|-damage|p2a: 'Loon|63\/100 brn|[from] brn\n|upkeep\n|turn|13\n|c|\u2606KarmaNightraide|95% accurate and misses\n|c|\u2606KarmaNightraide|My luck\n|c|\u2606KarmaNightraide|Immeasurable\n|c|\u2606IronJaw Kench|My disappointement is immeasurable and my day is ruined!\n|\n|t:|1700129532\n|move|p1a: Ninetales|Aurora Veil|p1a: Ninetales\n|-sidestart|p1: IronJaw Kench|move: Aurora Veil\n|move|p2a: 'Loon|Defog|p1a: Ninetales\n|-unboost|p1a: Ninetales|evasion|1\n|-sideend|p1: IronJaw Kench|move: Aurora Veil\n|\n|-weather|Snow|[upkeep]\n|-damage|p2a: 'Loon|57\/100 brn|[from] brn\n|-sideend|p1: IronJaw Kench|move: Tailwind\n|upkeep\n|turn|14\n|c|\u2606IronJaw Kench|My screen! >:I\n|\n|t:|1700129543\n|switch|p2a: Ragnar\u00f6k|Runerigus, M|100\/100\n|move|p1a: Ninetales|Blizzard|p2a: Ragnar\u00f6k\n|-supereffective|p2a: Ragnar\u00f6k\n|-damage|p2a: Ragnar\u00f6k|42\/100\n|\n|-weather|Snow|[upkeep]\n|upkeep\n|turn|15\n|\n|t:|1700129554\n|switch|p2a: Icy Wifey|Froslass, F, shiny|88\/100 brn\n|move|p1a: Ninetales|Blizzard|p2a: Icy Wifey\n|-resisted|p2a: Icy Wifey\n|-damage|p2a: Icy Wifey|53\/100 brn\n|\n|-weather|Snow|[upkeep]\n|-damage|p2a: Icy Wifey|47\/100 brn|[from] brn\n|upkeep\n|turn|16\n|\n|t:|1700129572\n|switch|p1a: Deoxys|Deoxys-Defense|65\/100\n|-ability|p1a: Deoxys|Pressure\n|move|p2a: Icy Wifey|Poltergeist||[still]\n|-fail|p2a: Icy Wifey\n|\n|-weather|none\n|-damage|p2a: Icy Wifey|41\/100 brn|[from] brn\n|upkeep\n|turn|17\n|\n|t:|1700129592\n|switch|p2a: 'Loon|Drifblim, M|57\/100 brn\n|move|p1a: Deoxys|Recover|p1a: Deoxys\n|-heal|p1a: Deoxys|100\/100\n|\n|-damage|p2a: 'Loon|51\/100 brn|[from] brn\n|upkeep\n|turn|18\n|\n|t:|1700129601\n|switch|p1a: Ninetales|Ninetales-Alola, F, shiny|100\/100\n|-weather|Snow|[from] ability: Snow Warning|[of] p1a: Ninetales\n|move|p2a: 'Loon|Air Slash|p1a: Ninetales\n|-damage|p1a: Ninetales|45\/100\n|\n|-weather|Snow|[upkeep]\n|-damage|p2a: 'Loon|45\/100 brn|[from] brn\n|upkeep\n|turn|19\n|\n|t:|1700129611\n|move|p1a: Ninetales|Moonblast|p2a: 'Loon\n|-damage|p2a: 'Loon|0 fnt\n|faint|p2a: 'Loon\n|\n|-weather|Snow|[upkeep]\n|upkeep\n|\n|t:|1700129620\n|switch|p2a: 'Lil guy my man|Mimikyu, M|100\/100\n|turn|20\n|\n|t:|1700129632\n|move|p1a: Ninetales|Freeze-Dry|p2a: 'Lil guy my man\n|-activate|p2a: 'Lil guy my man|ability: Disguise\n|-damage|p2a: 'Lil guy my man|100\/100\n|detailschange|p2a: 'Lil guy my man|Mimikyu-Busted, M\n|-damage|p2a: 'Lil guy my man|88\/100|[from] pokemon: Mimikyu-Busted\n|move|p2a: 'Lil guy my man|Swords Dance|p2a: 'Lil guy my man\n|-boost|p2a: 'Lil guy my man|atk|2\n|\n|-weather|Snow|[upkeep]\n|upkeep\n|turn|21\n|\n|t:|1700129647\n|switch|p1a: Deoxys|Deoxys-Defense|100\/100\n|-ability|p1a: Deoxys|Pressure\n|move|p2a: 'Lil guy my man|Shadow Sneak|p1a: Deoxys\n|-supereffective|p1a: Deoxys\n|-damage|p1a: Deoxys|49\/100\n|\n|-weather|Snow|[upkeep]\n|upkeep\n|turn|22\n|\n|t:|1700129656\n|move|p2a: 'Lil guy my man|Shadow Sneak|p1a: Deoxys\n|-supereffective|p1a: Deoxys\n|-damage|p1a: Deoxys|0 fnt\n|faint|p1a: Deoxys\n|\n|-weather|none\n|upkeep\n|\n|t:|1700129658\n|switch|p1a: Talonflame|Talonflame, M|100\/100\n|turn|23\n|\n|t:|1700129677\n|move|p1a: Talonflame|Brave Bird|p2a: 'Lil guy my man\n|-damage|p2a: 'Lil guy my man|2\/100\n|-damage|p1a: Talonflame|77\/100|[from] Recoil\n|move|p2a: 'Lil guy my man|Shadow Sneak|p1a: Talonflame\n|-damage|p1a: Talonflame|27\/100\n|\n|upkeep\n|turn|24\n|\n|t:|1700129685\n|move|p1a: Talonflame|Roost|p1a: Talonflame\n|-heal|p1a: Talonflame|77\/100\n|-singleturn|p1a: Talonflame|move: Roost\n|-zpower|p2a: 'Lil guy my man\n|move|p2a: 'Lil guy my man|Let's Snuggle Forever|p1a: Talonflame|[zeffect]\n|-resisted|p1a: Talonflame\n|-damage|p1a: Talonflame|0 fnt\n|faint|p1a: Talonflame\n|\n|upkeep\n|\n|t:|1700129696\n|switch|p1a: Kyurem|Kyurem, shiny|100\/100\n|-ability|p1a: Kyurem|Pressure\n|turn|25\n|c|\u2606KarmaNightraide|Is it just me\n|c|\u2606KarmaNightraide|Or is kyurem invisible\n|c|\u2606IronJaw Kench|uh just u\n|c|\u2606KarmaNightraide|Nvm there he is\n|\n|t:|1700129727\n|-terastallize|p1a: Kyurem|Ice\n|move|p1a: Kyurem|Freeze-Dry|p2a: 'Lil guy my man\n|-damage|p2a: 'Lil guy my man|0 fnt\n|faint|p2a: 'Lil guy my man\n|\n|upkeep\n|\n|t:|1700129735\n|switch|p2a: Icy Wifey|Froslass, F, shiny|41\/100 brn\n|turn|26\n|\n|t:|1700129780\n|move|p1a: Kyurem|Freeze-Dry|p2a: Icy Wifey\n|-resisted|p2a: Icy Wifey\n|-damage|p2a: Icy Wifey|0 fnt\n|faint|p2a: Icy Wifey\n|\n|upkeep\n|\n|t:|1700129787\n|switch|p2a: Nice 'Stache|Jellicent, M|100\/100\n|turn|27\n|c|\u2606IronJaw Kench|So much power on kyurem man\n|c|\u2606IronJaw Kench|its mad\n|c|\u2606IronJaw Kench|This is 100% a matchup win\n|c|\u2606IronJaw Kench|u played this well\n|\n|t:|1700129820\n|move|p1a: Kyurem|Freeze-Dry|p2a: Nice 'Stache\n|-supereffective|p2a: Nice 'Stache\n|-damage|p2a: Nice 'Stache|13\/100\n|move|p2a: Nice 'Stache|Scald|p1a: Kyurem\n|-damage|p1a: Kyurem|68\/100\n|\n|-heal|p2a: Nice 'Stache|19\/100|[from] item: Leftovers\n|upkeep\n|turn|28\n|-message|KarmaNightraide forfeited.\n|\n|win|IronJaw Kench\n|l|\u2606KarmaNightraide\n|l|\u2606IronJaw Kench\n|j|\u2606KarmaNightraide\n|player|p2|KarmaNightraide|unknown\n","uploadtime":1700130274,"views":20,"p1id":"ironjawkench","p2id":"karmanightraide","formatid":"gen9nationaldex","rating":0,"private":0,"password":""}