{"id":"gen9nationaldex-1999028785","p1":"Astralation","p2":"bea fangirl 3","format":"[Gen 9] National Dex","log":"|html|<div class=\"broadcast-blue\"><strong>[Gen 9] National Dex is currently suspecting Sneasler! For information on how to participate check out the <a href=\"https:\/\/www.smogon.com\/forums\/threads\/sv-national-dex-suspect-8-just-dance.3731534\/\">suspect thread<\/a>.<\/strong><\/div>\n|j|\u2606Astralation\n|j|\u2606bea fangirl 3\n|inactive|Battle timer is ON: inactive players will automatically lose when time's up.\n|t:|1701025530\n|gametype|singles\n|player|p1|Astralation|psychicf-gen4|\n|player|p2|bea fangirl 3|battlegirl-gen4|\n|teamsize|p1|6\n|teamsize|p2|6\n|gen|9\n|tier|[Gen 9] National Dex\n|rated|Tournament battle\n|rule|HP Percentage Mod: HP is shown in percentages\n|rule|Endless Battle Clause: Forcing endless battles is banned\n|rule|OHKO Clause: OHKO moves are banned\n|rule|Evasion Clause: Evasion abilities, items, and moves are banned\n|rule|Evasion Abilities Clause: Evasion abilities are banned\n|rule|Evasion Items Clause: Evasion items are banned\n|rule|Evasion Moves Clause: Evasion moves are banned\n|rule|Species Clause: Limit one of each Pok\u00e9mon\n|rule|Sleep Clause Mod: Limit one foe put to sleep\n|clearpoke\n|poke|p1|Aggron, F|\n|poke|p1|Sinistcha-Masterpiece|\n|poke|p1|Corviknight, F|\n|poke|p1|Samurott-Hisui, M|\n|poke|p1|Clodsire, F|\n|poke|p1|Alomomola, F|\n|poke|p2|Samurott-Hisui, M|\n|poke|p2|Slowking-Galar, M|\n|poke|p2|Tornadus-Therian, M|\n|poke|p2|Kartana|\n|poke|p2|Medicham, F|\n|poke|p2|Landorus-Therian, M|\n|teampreview\n|inactive|bea fangirl 3 also wants the timer to be on.\n|inactive|bea fangirl 3 has 120 seconds left.\n|\n|t:|1701025584\n|start\n|switch|p1a: Samurott|Samurott-Hisui, M|100\/100\n|switch|p2a: Medicham|Medicham, F|100\/100\n|turn|1\n|\n|t:|1701025613\n|switch|p1a: Corviknight|Corviknight, F|100\/100\n|-ability|p1a: Corviknight|Pressure\n|detailschange|p2a: Medicham|Medicham-Mega, F\n|-mega|p2a: Medicham|Medicham|Medichamite\n|move|p2a: Medicham|Fake Out|p1a: Corviknight\n|-resisted|p1a: Corviknight\n|-damage|p1a: Corviknight|91\/100\n|-damage|p2a: Medicham|84\/100|[from] item: Rocky Helmet|[of] p1a: Corviknight\n|\n|upkeep\n|turn|2\n|\n|t:|1701025621\n|switch|p2a: Tornadus|Tornadus-Therian, M|100\/100\n|move|p1a: Corviknight|U-turn|p2a: Tornadus\n|-resisted|p2a: Tornadus\n|-damage|p2a: Tornadus|93\/100\n|inactive|Astralation has 120 seconds left.\n|\n|t:|1701025637\n|switch|p1a: Samurott|Samurott-Hisui, M|100\/100|[from] U-turn\n|\n|upkeep\n|turn|3\n|\n|t:|1701025646\n|move|p2a: Tornadus|U-turn|p1a: Samurott\n|-supereffective|p1a: Samurott\n|-damage|p1a: Samurott|62\/100\n|\n|t:|1701025649\n|switch|p2a: Landorus|Landorus-Therian, M|100\/100|[from] U-turn\n|-ability|p2a: Landorus|Intimidate|boost\n|-unboost|p1a: Samurott|atk|1\n|move|p1a: Samurott|Ceaseless Edge|p2a: Landorus\n|-damage|p2a: Landorus|78\/100\n|-sidestart|p2: bea fangirl 3|Spikes\n|\n|upkeep\n|turn|4\n|\n|t:|1701025653\n|switch|p1a: Corviknight|Corviknight, F|91\/100\n|-ability|p1a: Corviknight|Pressure\n|move|p2a: Landorus|U-turn|p1a: Corviknight\n|-resisted|p1a: Corviknight\n|-damage|p1a: Corviknight|86\/100\n|-damage|p2a: Landorus|62\/100|[from] item: Rocky Helmet|[of] p1a: Corviknight\n|\n|t:|1701025657\n|switch|p2a: Slowking|Slowking-Galar, M|100\/100|[from] U-turn\n|\n|upkeep\n|turn|5\n|\n|t:|1701025662\n|move|p1a: Corviknight|U-turn|p2a: Slowking\n|-damage|p2a: Slowking|90\/100\n|\n|t:|1701025664\n|switch|p1a: Samurott|Samurott-Hisui, M|62\/100|[from] U-turn\n|move|p2a: Slowking|Chilly Reception|p2a: Slowking\n|-weather|Snow\n|\n|t:|1701025666\n|switch|p2a: Medicham|Medicham-Mega, F|84\/100|[from] Chilly Reception\n|-damage|p2a: Medicham|72\/100|[from] Spikes\n|\n|-weather|Snow|[upkeep]\n|upkeep\n|turn|6\n|inactive|Astralation has 120 seconds left.\n|inactive|Astralation has 90 seconds left.\n|inactive|Astralation has 60 seconds left.\n|\n|t:|1701025778\n|move|p1a: Samurott|Sucker Punch|p2a: Medicham\n|-damage|p2a: Medicham|27\/100\n|move|p2a: Medicham|Ice Punch|p1a: Samurott\n|-resisted|p1a: Samurott\n|-damage|p1a: Samurott|34\/100\n|\n|-weather|Snow|[upkeep]\n|upkeep\n|turn|7\n|\n|t:|1701025789\n|switch|p2a: Tornadus|Tornadus-Therian, M|100\/100\n|move|p1a: Samurott|Ceaseless Edge|p2a: Tornadus\n|-crit|p2a: Tornadus\n|-damage|p2a: Tornadus|30\/100\n|-sidestart|p2: bea fangirl 3|Spikes\n|\n|-weather|Snow|[upkeep]\n|upkeep\n|turn|8\n|\n|t:|1701025794\n|move|p1a: Samurott|Sucker Punch||[still]\n|-fail|p1a: Samurott\n|move|p2a: Tornadus|Defog|p1a: Samurott\n|-unboost|p1a: Samurott|evasion|1\n|-sideend|p2: bea fangirl 3|Spikes|[from] move: Defog|[of] p2a: Tornadus\n|\n|-weather|Snow|[upkeep]\n|upkeep\n|turn|9\n|\n|t:|1701025801\n|move|p1a: Samurott|Sucker Punch|p2a: Tornadus\n|-damage|p2a: Tornadus|0 fnt\n|faint|p2a: Tornadus\n|\n|-weather|none\n|upkeep\n|\n|t:|1701025803\n|switch|p2a: Samurott|Samurott-Hisui, M|100\/100\n|turn|10\n|\n|t:|1701025810\n|switch|p1a: Corviknight|Corviknight, F|86\/100\n|-ability|p1a: Corviknight|Pressure\n|move|p2a: Samurott|Ceaseless Edge|p1a: Corviknight\n|-damage|p1a: Corviknight|35\/100\n|-damage|p2a: Samurott|84\/100|[from] item: Rocky Helmet|[of] p1a: Corviknight\n|-sidestart|p1: Astralation|Spikes\n|\n|upkeep\n|turn|11\n|inactive|Astralation has 60 seconds left.\n|inactive|Astralation has 30 seconds left.\n|inactive|Astralation has 20 seconds left.\n|inactive|Astralation has 15 seconds left.\n|inactive|Astralation has 10 seconds left.\n|\n|t:|1701025875\n|switch|p1a: Aggron|Aggron, F|100\/100\n|-damage|p1a: Aggron|88\/100|[from] Spikes\n|move|p2a: Samurott|Ceaseless Edge|p1a: Aggron\n|-damage|p1a: Aggron|52\/100\n|-sidestart|p1: Astralation|Spikes\n|\n|upkeep\n|turn|12\n|inactive|Astralation has 20 seconds left this turn.\n|\n|t:|1701025887\n|switch|p2a: Landorus|Landorus-Therian, M|62\/100\n|-ability|p2a: Landorus|Intimidate|boost\n|-unboost|p1a: Aggron|atk|1\n|detailschange|p1a: Aggron|Aggron-Mega, F\n|-mega|p1a: Aggron|Aggron|Aggronite\n|move|p1a: Aggron|Body Press|p2a: Landorus\n|-resisted|p2a: Landorus\n|-damage|p2a: Landorus|49\/100\n|-damage|p1a: Aggron|35\/100|[from] item: Rocky Helmet|[of] p2a: Landorus\n|\n|upkeep\n|turn|13\n|inactive|Astralation has 30 seconds left this turn.\n|\n|t:|1701025896\n|move|p2a: Landorus|Smack Down|p1a: Aggron\n|-resisted|p1a: Aggron\n|-damage|p1a: Aggron|32\/100\n|move|p1a: Aggron|Iron Defense|p1a: Aggron\n|-boost|p1a: Aggron|def|2\n|\n|upkeep\n|turn|14\n|\n|t:|1701025901\n|move|p2a: Landorus|Earthquake|p1a: Aggron\n|-supereffective|p1a: Aggron\n|-damage|p1a: Aggron|14\/100\n|move|p1a: Aggron|Body Press|p2a: Landorus\n|-resisted|p2a: Landorus\n|-damage|p2a: Landorus|22\/100\n|-damage|p1a: Aggron|0 fnt|[from] item: Rocky Helmet|[of] p2a: Landorus\n|faint|p1a: Aggron\n|\n|upkeep\n|\n|t:|1701025903\n|switch|p1a: Corviknight|Corviknight, F|35\/100\n|-ability|p1a: Corviknight|Pressure\n|turn|15\n|\n|t:|1701025906\n|move|p2a: Landorus|Smack Down|p1a: Corviknight\n|-damage|p1a: Corviknight|21\/100\n|-start|p1a: Corviknight|Smack Down\n|move|p1a: Corviknight|Defog|p2a: Landorus\n|-unboost|p2a: Landorus|evasion|1\n|-sideend|p1: Astralation|Spikes|[from] move: Defog|[of] p1a: Corviknight\n|\n|upkeep\n|turn|16\n|\n|t:|1701025909\n|switch|p1a: Alomomola|Alomomola, F|100\/100\n|move|p2a: Landorus|Stealth Rock|p1a: Alomomola\n|-sidestart|p1: Astralation|move: Stealth Rock\n|\n|upkeep\n|turn|17\n|\n|t:|1701025912\n|switch|p2a: Slowking|Slowking-Galar, M|100\/100\n|move|p1a: Alomomola|Wish|p1a: Alomomola\n|\n|upkeep\n|turn|18\n|\n|t:|1701025916\n|move|p1a: Alomomola|Flip Turn|p2a: Slowking\n|-damage|p2a: Slowking|89\/100\n|\n|t:|1701025919\n|switch|p1a: Samurott|Samurott-Hisui, M|34\/100|[from] Flip Turn\n|-damage|p1a: Samurott|22\/100|[from] Stealth Rock\n|move|p2a: Slowking|Chilly Reception|p2a: Slowking\n|-weather|Snow\n|\n|t:|1701025922\n|switch|p2a: Kartana|Kartana|100\/100|[from] Chilly Reception\n|\n|-weather|Snow|[upkeep]\n|-heal|p1a: Samurott|97\/100|[from] move: Wish|[wisher] Alomomola\n|upkeep\n|turn|19\n|\n|t:|1701025927\n|switch|p1a: Sinistcha|Sinistcha-Masterpiece|100\/100\n|-damage|p1a: Sinistcha|88\/100|[from] Stealth Rock\n|move|p2a: Kartana|Leaf Blade|p1a: Sinistcha\n|-resisted|p1a: Sinistcha\n|-damage|p1a: Sinistcha|68\/100\n|\n|-weather|Snow|[upkeep]\n|-heal|p1a: Sinistcha|74\/100|[from] item: Leftovers\n|upkeep\n|turn|20\n|\n|t:|1701025934\n|switch|p2a: Slowking|Slowking-Galar, M|100\/100\n|move|p1a: Sinistcha|Matcha Gotcha|p2a: Slowking\n|-resisted|p2a: Slowking\n|-damage|p2a: Slowking|88\/100\n|-heal|p1a: Sinistcha|81\/100|[from] drain|[of] p2a: Slowking\n|\n|-weather|Snow|[upkeep]\n|-heal|p1a: Sinistcha|87\/100|[from] item: Leftovers\n|upkeep\n|turn|21\n|\n|t:|1701025941\n|switch|p1a: Corviknight|Corviknight, F|21\/100\n|-damage|p1a: Corviknight|8\/100|[from] Stealth Rock\n|-ability|p1a: Corviknight|Pressure\n|move|p2a: Slowking|Future Sight|p1a: Corviknight\n|-start|p2a: Slowking|move: Future Sight\n|\n|-weather|Snow|[upkeep]\n|upkeep\n|turn|22\n|\n|t:|1701025944\n|move|p1a: Corviknight|Roost|p1a: Corviknight\n|-heal|p1a: Corviknight|58\/100\n|-singleturn|p1a: Corviknight|move: Roost\n|move|p2a: Slowking|Chilly Reception|p2a: Slowking\n|\n|t:|1701025947\n|switch|p2a: Samurott|Samurott-Hisui, M|84\/100|[from] Chilly Reception\n|\n|-weather|none\n|upkeep\n|turn|23\n|\n|t:|1701025951\n|move|p2a: Samurott|Aqua Cutter|p1a: Corviknight\n|-damage|p1a: Corviknight|18\/100\n|move|p1a: Corviknight|Roost|p1a: Corviknight\n|-heal|p1a: Corviknight|68\/100\n|-singleturn|p1a: Corviknight|move: Roost\n|\n|-end|p1a: Corviknight|move: Future Sight\n|-resisted|p1a: Corviknight\n|-damage|p1a: Corviknight|53\/100\n|upkeep\n|turn|24\n|\n|t:|1701025955\n|move|p2a: Samurott|Aqua Cutter|p1a: Corviknight\n|-damage|p1a: Corviknight|9\/100\n|move|p1a: Corviknight|Roost|p1a: Corviknight\n|-heal|p1a: Corviknight|59\/100\n|-singleturn|p1a: Corviknight|move: Roost\n|\n|upkeep\n|turn|25\n|\n|t:|1701025960\n|switch|p1a: Alomomola|Alomomola, F|100\/100\n|move|p2a: Samurott|Ceaseless Edge|p1a: Alomomola\n|-damage|p1a: Alomomola|64\/100\n|-sidestart|p1: Astralation|Spikes\n|\n|upkeep\n|turn|26\n|\n|t:|1701025963\n|move|p2a: Samurott|Ceaseless Edge|p1a: Alomomola\n|-damage|p1a: Alomomola|28\/100\n|-sidestart|p1: Astralation|Spikes\n|move|p1a: Alomomola|Wish|p1a: Alomomola\n|\n|upkeep\n|turn|27\n|\n|t:|1701025966\n|move|p1a: Alomomola|Protect|p1a: Alomomola\n|-singleturn|p1a: Alomomola|Protect\n|move|p2a: Samurott|Ceaseless Edge|p1a: Alomomola\n|-activate|p1a: Alomomola|move: Protect\n|\n|-heal|p1a: Alomomola|78\/100|[from] move: Wish|[wisher] Alomomola\n|upkeep\n|turn|28\n|\n|t:|1701025969\n|move|p2a: Samurott|Ceaseless Edge|p1a: Alomomola\n|-damage|p1a: Alomomola|41\/100\n|-sidestart|p1: Astralation|Spikes\n|move|p1a: Alomomola|Toxic|p2a: Samurott\n|-status|p2a: Samurott|tox\n|\n|-damage|p2a: Samurott|78\/100 tox|[from] psn\n|upkeep\n|turn|29\n|\n|t:|1701025972\n|switch|p2a: Slowking|Slowking-Galar, M|100\/100\n|move|p1a: Alomomola|Protect||[still]\n|-fail|p1a: Alomomola\n|\n|upkeep\n|turn|30\n|\n|t:|1701025975\n|move|p1a: Alomomola|Wish|p1a: Alomomola\n|move|p2a: Slowking|Chilly Reception|p2a: Slowking\n|-weather|Snow\n|\n|t:|1701025978\n|switch|p2a: Kartana|Kartana|100\/100|[from] Chilly Reception\n|\n|-weather|Snow|[upkeep]\n|upkeep\n|turn|31\n|\n|t:|1701025980\n|move|p1a: Alomomola|Protect|p1a: Alomomola\n|-singleturn|p1a: Alomomola|Protect\n|move|p2a: Kartana|Leaf Blade|p1a: Alomomola\n|-activate|p1a: Alomomola|move: Protect\n|\n|-weather|Snow|[upkeep]\n|-heal|p1a: Alomomola|91\/100|[from] move: Wish|[wisher] Alomomola\n|upkeep\n|turn|32\n|\n|t:|1701025988\n|switch|p1a: Corviknight|Corviknight, F|59\/100\n|-damage|p1a: Corviknight|47\/100|[from] Stealth Rock\n|-ability|p1a: Corviknight|Pressure\n|move|p2a: Kartana|Leaf Blade|p1a: Corviknight\n|-resisted|p1a: Corviknight\n|-damage|p1a: Corviknight|35\/100\n|-damage|p2a: Kartana|84\/100|[from] item: Rocky Helmet|[of] p1a: Corviknight\n|\n|-weather|Snow|[upkeep]\n|upkeep\n|turn|33\n|\n|t:|1701025992\n|switch|p2a: Medicham|Medicham-Mega, F|27\/100\n|move|p1a: Corviknight|Defog|p2a: Medicham\n|-unboost|p2a: Medicham|evasion|1\n|-sideend|p1: Astralation|Spikes|[from] move: Defog|[of] p1a: Corviknight\n|-sideend|p1: Astralation|Stealth Rock|[from] move: Defog|[of] p1a: Corviknight\n|\n|-weather|Snow|[upkeep]\n|upkeep\n|turn|34\n|\n|t:|1701026020\n|switch|p1a: Sinistcha|Sinistcha-Masterpiece|87\/100\n|move|p2a: Medicham|Close Combat|p1a: Sinistcha\n|-immune|p1a: Sinistcha\n|\n|-weather|none\n|-heal|p1a: Sinistcha|93\/100|[from] item: Leftovers\n|upkeep\n|turn|35\n|\n|t:|1701026024\n|move|p2a: Medicham|Ice Punch|p1a: Sinistcha\n|-supereffective|p1a: Sinistcha\n|-damage|p1a: Sinistcha|29\/100\n|move|p1a: Sinistcha|Shadow Ball|p2a: Medicham\n|-supereffective|p2a: Medicham\n|-damage|p2a: Medicham|0 fnt\n|faint|p2a: Medicham\n|\n|-heal|p1a: Sinistcha|35\/100|[from] item: Leftovers\n|upkeep\n|\n|t:|1701026027\n|switch|p2a: Samurott|Samurott-Hisui, M|78\/100 tox\n|turn|36\n|-message|bea fangirl 3 forfeited.\n|\n|win|Astralation\n|n|\u2606Astralation|astralation\n|n|\u2606bea fangirl 3|beafangirl3\n|l|\u2606bea fangirl 3\n","uploadtime":1701026046,"views":3,"p1id":"astralation","p2id":"beafangirl3","formatid":"gen9nationaldex","rating":0,"private":0,"password":""}