{"id":"gen9nationaldex-1992803582","p1":"Feuertraene","p2":"godpartikle","format":"[Gen 9] National Dex","log":"|j|\u2606Feuertraene\n|j|\u2606godpartikle\n|inactive|Battle timer is ON: inactive players will automatically lose when time's up.\n|t:|1700236839\n|gametype|singles\n|player|p1|Feuertraene|cynthia-gen4|\n|player|p2|godpartikle|roark|\n|teamsize|p1|6\n|teamsize|p2|6\n|gen|9\n|tier|[Gen 9] National Dex\n|rated|Tournament battle\n|rule|HP Percentage Mod: HP is shown in percentages\n|rule|Endless Battle Clause: Forcing endless battles is banned\n|rule|OHKO Clause: OHKO moves are banned\n|rule|Evasion Clause: Evasion abilities, items, and moves are banned\n|rule|Evasion Abilities Clause: Evasion abilities are banned\n|rule|Evasion Items Clause: Evasion items are banned\n|rule|Evasion Moves Clause: Evasion moves are banned\n|rule|Species Clause: Limit one of each Pok\u00e9mon\n|rule|Sleep Clause Mod: Limit one foe put to sleep\n|clearpoke\n|poke|p1|Tapu Koko|\n|poke|p1|Sneasler, F|\n|poke|p1|Cloyster, M|\n|poke|p1|Landorus-Therian, M|\n|poke|p1|Jirachi|\n|poke|p1|Dragonite, M|\n|poke|p2|Rillaboom, F|\n|poke|p2|Kartana|\n|poke|p2|Heatran, M|\n|poke|p2|Zapdos|\n|poke|p2|Garganacl, M|\n|poke|p2|Latios, M|\n|teampreview\n|inactive|Feuertraene also wants the timer to be on.\n|c|\u2606godpartikle|glhf\n|c|\u2606Feuertraene|u2\n|\n|t:|1700236861\n|start\n|switch|p1a: Landorus|Landorus-Therian, M, shiny|100\/100\n|switch|p2a: Garganacl|Garganacl, M|100\/100\n|-ability|p1a: Landorus|Intimidate|boost\n|-unboost|p2a: Garganacl|atk|1\n|turn|1\n|\n|t:|1700236867\n|switch|p2a: Zapdos|Zapdos|100\/100\n|move|p1a: Landorus|Taunt|p2a: Zapdos\n|-start|p2a: Zapdos|move: Taunt\n|\n|upkeep\n|turn|2\n|\n|t:|1700236871\n|move|p1a: Landorus|Stealth Rock|p2a: Zapdos\n|-sidestart|p2: godpartikle|move: Stealth Rock\n|move|p2a: Zapdos|Hurricane|p1a: Landorus\n|-damage|p1a: Landorus|39\/100\n|\n|upkeep\n|turn|3\n|\n|t:|1700236882\n|move|p1a: Landorus|Explosion|p2a: Zapdos\n|-damage|p2a: Zapdos|34\/100\n|faint|p1a: Landorus\n|move|p2a: Zapdos|Volt Switch|p1: Landorus|[notarget]\n|-fail|p2a: Zapdos\n|\n|-end|p2a: Zapdos|move: Taunt\n|upkeep\n|\n|t:|1700236889\n|switch|p1a: Tapu Koko|Tapu Koko, shiny|100\/100\n|-fieldstart|move: Electric Terrain|[from] ability: Electric Surge|[of] p1a: Tapu Koko\n|turn|4\n|\n|t:|1700236895\n|switch|p2a: Rillaboom|Rillaboom, F|100\/100\n|-damage|p2a: Rillaboom|88\/100|[from] Stealth Rock\n|-fieldstart|move: Grassy Terrain|[from] ability: Grassy Surge|[of] p2a: Rillaboom\n|move|p1a: Tapu Koko|Volt Switch|p2a: Rillaboom\n|-resisted|p2a: Rillaboom\n|-damage|p2a: Rillaboom|70\/100\n|\n|t:|1700236903\n|switch|p1a: Dragonite|Dragonite, M, shiny|100\/100|[from] Volt Switch\n|\n|-heal|p2a: Rillaboom|76\/100|[from] Grassy Terrain\n|upkeep\n|turn|5\n|\n|t:|1700236908\n|move|p2a: Rillaboom|U-turn|p1a: Dragonite\n|-resisted|p1a: Dragonite\n|-damage|p1a: Dragonite|90\/100\n|j| bodi 69\n|\n|t:|1700236934\n|switch|p2a: Kartana|Kartana|100\/100|[from] U-turn\n|-damage|p2a: Kartana|94\/100|[from] Stealth Rock\n|move|p1a: Dragonite|Dragon Dance|p1a: Dragonite\n|-boost|p1a: Dragonite|atk|1\n|-boost|p1a: Dragonite|spe|1\n|\n|-heal|p2a: Kartana|100\/100|[from] Grassy Terrain\n|upkeep\n|turn|6\n|j| Fork you phil\n|\n|t:|1700236941\n|move|p2a: Kartana|Smart Strike|p1a: Dragonite\n|-damage|p1a: Dragonite|39\/100\n|move|p1a: Dragonite|Ice Spinner|p2a: Kartana\n|-damage|p2a: Kartana|49\/100\n|-fieldend|move: Grassy Terrain\n|\n|upkeep\n|turn|7\n|\n|t:|1700236949\n|move|p1a: Dragonite|Extreme Speed|p2a: Kartana\n|-resisted|p2a: Kartana\n|-damage|p2a: Kartana|25\/100\n|move|p2a: Kartana|Smart Strike|p1a: Dragonite\n|-damage|p1a: Dragonite|0 fnt\n|faint|p1a: Dragonite\n|-ability|p2a: Kartana|Beast Boost|boost\n|-boost|p2a: Kartana|atk|1\n|\n|upkeep\n|\n|t:|1700236974\n|switch|p1a: Jirachi|Jirachi, shiny|100\/100\n|turn|8\n|\n|t:|1700236980\n|switch|p2a: Heatran|Heatran, M|100\/100\n|-damage|p2a: Heatran|88\/100|[from] Stealth Rock\n|-zpower|p1a: Jirachi\n|move|p1a: Jirachi|Z-Happy Hour|p1a: Jirachi|[anim]Happy Hour\n|-boost|p1a: Jirachi|atk|1|[zeffect]\n|-boost|p1a: Jirachi|def|1|[zeffect]\n|-boost|p1a: Jirachi|spa|1|[zeffect]\n|-boost|p1a: Jirachi|spd|1|[zeffect]\n|-boost|p1a: Jirachi|spe|1|[zeffect]\n|\n|-heal|p2a: Heatran|94\/100|[from] item: Leftovers\n|upkeep\n|turn|9\n|\n|t:|1700236988\n|move|p1a: Jirachi|Aura Sphere|p2a: Heatran\n|-supereffective|p2a: Heatran\n|-damage|p2a: Heatran|48\/100\n|move|p2a: Heatran|Magma Storm|p1a: Jirachi\n|-supereffective|p1a: Jirachi\n|-damage|p1a: Jirachi|44\/100\n|-activate|p1a: Jirachi|move: Magma Storm|[of] p2a: Heatran\n|\n|-heal|p2a: Heatran|54\/100|[from] item: Leftovers\n|-damage|p1a: Jirachi|32\/100|[from] move: Magma Storm|[partiallytrapped]\n|upkeep\n|turn|10\n|\n|t:|1700236997\n|move|p1a: Jirachi|Aura Sphere|p2a: Heatran\n|-supereffective|p2a: Heatran\n|-damage|p2a: Heatran|8\/100\n|move|p2a: Heatran|Magma Storm|p1a: Jirachi|[miss]\n|-miss|p2a: Heatran|p1a: Jirachi\n|\n|-heal|p2a: Heatran|14\/100|[from] item: Leftovers\n|-damage|p1a: Jirachi|20\/100|[from] move: Magma Storm|[partiallytrapped]\n|upkeep\n|turn|11\n|l| bodi 69\n|\n|t:|1700237006\n|move|p1a: Jirachi|Aura Sphere|p2a: Heatran\n|-supereffective|p2a: Heatran\n|-damage|p2a: Heatran|0 fnt\n|faint|p2a: Heatran\n|\n|-end|p1a: Jirachi|Magma Storm|[partiallytrapped]|[silent]\n|upkeep\n|\n|t:|1700237014\n|switch|p2a: Kartana|Kartana|25\/100\n|-damage|p2a: Kartana|19\/100|[from] Stealth Rock\n|turn|12\n|\n|t:|1700237024\n|move|p2a: Kartana|Knock Off|p1a: Jirachi\n|-supereffective|p1a: Jirachi\n|-damage|p1a: Jirachi|0 fnt\n|faint|p1a: Jirachi\n|-ability|p2a: Kartana|Beast Boost|boost\n|-boost|p2a: Kartana|atk|1\n|\n|upkeep\n|\n|t:|1700237034\n|switch|p1a: Tapu Koko|Tapu Koko, shiny|100\/100\n|-fieldstart|move: Electric Terrain|[from] ability: Electric Surge|[of] p1a: Tapu Koko\n|turn|13\n|\n|t:|1700237048\n|move|p2a: Kartana|Knock Off|p1a: Tapu Koko\n|-resisted|p1a: Tapu Koko\n|-damage|p1a: Tapu Koko|55\/100\n|-enditem|p1a: Tapu Koko|Shuca Berry|[from] move: Knock Off|[of] p2a: Kartana\n|move|p1a: Tapu Koko|Dazzling Gleam|p2a: Kartana\n|-resisted|p2a: Kartana\n|-damage|p2a: Kartana|0 fnt\n|faint|p2a: Kartana\n|\n|upkeep\n|\n|t:|1700237054\n|switch|p2a: Rillaboom|Rillaboom, F|76\/100\n|-damage|p2a: Rillaboom|64\/100|[from] Stealth Rock\n|-fieldstart|move: Grassy Terrain|[from] ability: Grassy Surge|[of] p2a: Rillaboom\n|turn|14\n|\n|t:|1700237068\n|switch|p1a: Cloyster|Cloyster, M, shiny|100\/100\n|move|p2a: Rillaboom|Wood Hammer|p1a: Cloyster\n|-supereffective|p1a: Cloyster\n|-enditem|p1a: Cloyster|Focus Sash\n|-damage|p1a: Cloyster|1\/100\n|-damage|p2a: Rillaboom|40\/100|[from] Recoil\n|\n|-heal|p2a: Rillaboom|47\/100|[from] Grassy Terrain\n|-heal|p1a: Cloyster|7\/100|[from] Grassy Terrain\n|upkeep\n|turn|15\n|\n|t:|1700237077\n|switch|p2a: Garganacl|Garganacl, M|100\/100\n|-damage|p2a: Garganacl|88\/100|[from] Stealth Rock\n|move|p1a: Cloyster|Explosion|p2a: Garganacl\n|-resisted|p2a: Garganacl\n|-damage|p2a: Garganacl|64\/100\n|faint|p1a: Cloyster\n|\n|-heal|p2a: Garganacl|71\/100|[from] Grassy Terrain\n|-heal|p2a: Garganacl|77\/100|[from] item: Leftovers\n|upkeep\n|\n|t:|1700237079\n|switch|p1a: Tapu Koko|Tapu Koko, shiny|55\/100\n|-fieldstart|move: Electric Terrain|[from] ability: Electric Surge|[of] p1a: Tapu Koko\n|turn|16\n|\n|t:|1700237089\n|switch|p1a: Sneasler|Sneasler, F, shiny|100\/100\n|-enditem|p1a: Sneasler|Electric Seed\n|-boost|p1a: Sneasler|def|1|[from] item: Electric Seed\n|move|p2a: Garganacl|Salt Cure|p1a: Sneasler\n|-resisted|p1a: Sneasler\n|-damage|p1a: Sneasler|93\/100\n|-start|p1a: Sneasler|Salt Cure\n|\n|-heal|p2a: Garganacl|83\/100|[from] item: Leftovers\n|-damage|p1a: Sneasler|80\/100|[from] Salt Cure\n|upkeep\n|turn|17\n|\n|t:|1700237097\n|switch|p2a: Zapdos|Zapdos|34\/100\n|move|p1a: Sneasler|Swords Dance|p1a: Sneasler\n|-boost|p1a: Sneasler|atk|2\n|\n|-damage|p1a: Sneasler|68\/100|[from] Salt Cure\n|upkeep\n|turn|18\n|\n|t:|1700237105\n|move|p1a: Sneasler|Dire Claw|p2a: Zapdos\n|-damage|p2a: Zapdos|0 fnt\n|-status|p1a: Sneasler|par|[from] ability: Static|[of] p2a: Zapdos\n|faint|p2a: Zapdos\n|\n|-damage|p1a: Sneasler|56\/100 par|[from] Salt Cure\n|upkeep\n|\n|t:|1700237112\n|switch|p2a: Garganacl|Garganacl, M|83\/100\n|-damage|p2a: Garganacl|71\/100|[from] Stealth Rock\n|turn|19\n|\n|t:|1700237116\n|move|p2a: Garganacl|Protect|p2a: Garganacl\n|-singleturn|p2a: Garganacl|Protect\n|cant|p1a: Sneasler|par\n|\n|-heal|p2a: Garganacl|77\/100|[from] item: Leftovers\n|-damage|p1a: Sneasler|43\/100 par|[from] Salt Cure\n|upkeep\n|turn|20\n|\n|t:|1700237134\n|switch|p2a: Latios|Latios, M|100\/100\n|-damage|p2a: Latios|88\/100|[from] Stealth Rock\n|move|p1a: Sneasler|Close Combat|p2a: Latios\n|-resisted|p2a: Latios\n|-damage|p2a: Latios|0 fnt\n|-unboost|p1a: Sneasler|def|1\n|-unboost|p1a: Sneasler|spd|1\n|faint|p2a: Latios\n|\n|-damage|p1a: Sneasler|31\/100 par|[from] Salt Cure\n|-fieldend|move: Electric Terrain\n|upkeep\n|\n|t:|1700237147\n|switch|p2a: Rillaboom|Rillaboom, F|47\/100\n|-damage|p2a: Rillaboom|34\/100|[from] Stealth Rock\n|-fieldstart|move: Grassy Terrain|[from] ability: Grassy Surge|[of] p2a: Rillaboom\n|turn|21\n|\n|t:|1700237153\n|-terastallize|p2a: Rillaboom|Grass\n|move|p2a: Rillaboom|Grassy Glide|p1a: Sneasler\n|-resisted|p1a: Sneasler\n|-damage|p1a: Sneasler|0 fnt\n|faint|p1a: Sneasler\n|\n|-heal|p2a: Rillaboom|40\/100|[from] Grassy Terrain\n|upkeep\n|\n|t:|1700237155\n|switch|p1a: Tapu Koko|Tapu Koko, shiny|55\/100\n|-fieldstart|move: Electric Terrain|[from] ability: Electric Surge|[of] p1a: Tapu Koko\n|turn|22\n|\n|t:|1700237169\n|switch|p2a: Garganacl|Garganacl, M|77\/100\n|-damage|p2a: Garganacl|64\/100|[from] Stealth Rock\n|move|p1a: Tapu Koko|Dazzling Gleam|p2a: Garganacl\n|-damage|p2a: Garganacl|44\/100\n|\n|-heal|p2a: Garganacl|50\/100|[from] item: Leftovers\n|upkeep\n|turn|23\n|\n|t:|1700237176\n|move|p1a: Tapu Koko|Volt Switch|p2a: Garganacl\n|-damage|p2a: Garganacl|24\/100\n|move|p2a: Garganacl|Recover|p2a: Garganacl\n|-heal|p2a: Garganacl|74\/100\n|\n|-heal|p2a: Garganacl|80\/100|[from] item: Leftovers\n|upkeep\n|turn|24\n|c|\u2606godpartikle|gg\n|\n|t:|1700237201\n|move|p1a: Tapu Koko|Volt Switch|p2a: Garganacl\n|-damage|p2a: Garganacl|56\/100\n|move|p2a: Garganacl|Salt Cure|p1a: Tapu Koko\n|-damage|p1a: Tapu Koko|34\/100\n|-start|p1a: Tapu Koko|Salt Cure\n|\n|-heal|p2a: Garganacl|62\/100|[from] item: Leftovers\n|-damage|p1a: Tapu Koko|22\/100|[from] Salt Cure\n|upkeep\n|turn|25\n|c|\u2606Feuertraene|gg\n|-message|Feuertraene forfeited.\n|\n|win|godpartikle\n|n|\u2606Feuertraene|feuertraene\n|n|\u2606godpartikle|godpartikle\n|n| Fork you phil|forkyouphil\n","uploadtime":1700237213,"views":7,"p1id":"feuertraene","p2id":"godpartikle","formatid":"gen9nationaldex","rating":0,"private":0,"password":""}