{"id":"gen9nationaldex-1988381592","p1":"wizofawe","p2":"Donato Fallito","format":"[Gen 9] National Dex","log":"|j|\u2606wizofawe\n|j|\u2606Donato Fallito\n|t:|1699716510\n|gametype|singles\n|player|p1|wizofawe|schoolkid-gen4dp|1359\n|player|p2|Donato Fallito|hiker-gen4|1286\n|teamsize|p1|6\n|teamsize|p2|6\n|gen|9\n|tier|[Gen 9] National Dex\n|rated|\n|rule|HP Percentage Mod: HP is shown in percentages\n|rule|Endless Battle Clause: Forcing endless battles is banned\n|rule|OHKO Clause: OHKO moves are banned\n|rule|Evasion Clause: Evasion abilities, items, and moves are banned\n|rule|Evasion Abilities Clause: Evasion abilities are banned\n|rule|Evasion Items Clause: Evasion items are banned\n|rule|Evasion Moves Clause: Evasion moves are banned\n|rule|Species Clause: Limit one of each Pok\u00e9mon\n|rule|Sleep Clause Mod: Limit one foe put to sleep\n|clearpoke\n|poke|p1|Alomomola, F|\n|poke|p1|Slowking-Galar, M|\n|poke|p1|Great Tusk|\n|poke|p1|Hoopa-Unbound|\n|poke|p1|Thundurus-Therian, M|\n|poke|p1|Cinderace, M|\n|poke|p2|Toxapex, M|\n|poke|p2|Ferrothorn, M|\n|poke|p2|Clefable, M|\n|poke|p2|Clodsire, M|\n|poke|p2|Corviknight, F|\n|poke|p2|Chansey, F|\n|teampreview\n|\n|t:|1699716515\n|start\n|switch|p1a: Hoopa|Hoopa-Unbound|100\/100\n|switch|p2a: The staller GOD|Toxapex, M, shiny|100\/100\n|turn|1\n|inactive|Battle timer is ON: inactive players will automatically lose when time's up. (requested by Donato Fallito)\n|\n|t:|1699716523\n|-terastallize|p1a: Hoopa|Dark\n|move|p1a: Hoopa|Hyperspace Fury|p2a: The staller GOD\n|-damage|p2a: The staller GOD|0 fnt\n|-unboost|p1a: Hoopa|def|1\n|faint|p2a: The staller GOD\n|\n|upkeep\n|\n|t:|1699716539\n|switch|p2a: The WALL|Clefable, M|100\/100\n|turn|2\n|\n|t:|1699716540\n|move|p1a: Hoopa|Hyperspace Fury|p2a: The WALL\n|-resisted|p2a: The WALL\n|-damage|p2a: The WALL|22\/100\n|-unboost|p1a: Hoopa|def|1\n|move|p2a: The WALL|Calm Mind|p2a: The WALL\n|-boost|p2a: The WALL|spa|1\n|-boost|p2a: The WALL|spd|1\n|\n|upkeep\n|turn|3\n|\n|t:|1699716547\n|move|p1a: Hoopa|Hyperspace Fury|p2a: The WALL\n|-resisted|p2a: The WALL\n|-damage|p2a: The WALL|0 fnt\n|-unboost|p1a: Hoopa|def|1\n|faint|p2a: The WALL\n|\n|upkeep\n|\n|t:|1699716549\n|switch|p2a: The Mega Skarmory|Corviknight, F|100\/100\n|-ability|p2a: The Mega Skarmory|Pressure\n|turn|4\n|\n|t:|1699716553\n|switch|p1a: Great Tusk|Great Tusk|100\/100\n|move|p2a: The Mega Skarmory|Bulk Up|p2a: The Mega Skarmory\n|-boost|p2a: The Mega Skarmory|atk|1\n|-boost|p2a: The Mega Skarmory|def|1\n|\n|upkeep\n|turn|5\n|\n|t:|1699716558\n|move|p1a: Great Tusk|Knock Off|p2a: The Mega Skarmory\n|-damage|p2a: The Mega Skarmory|86\/100\n|-enditem|p2a: The Mega Skarmory|Weakness Policy|[from] move: Knock Off|[of] p1a: Great Tusk\n|move|p2a: The Mega Skarmory|Bulk Up|p2a: The Mega Skarmory\n|-boost|p2a: The Mega Skarmory|atk|1\n|-boost|p2a: The Mega Skarmory|def|1\n|\n|upkeep\n|turn|6\n|\n|t:|1699716563\n|move|p1a: Great Tusk|Stealth Rock|p2a: The Mega Skarmory\n|-sidestart|p2: Donato Fallito|move: Stealth Rock\n|move|p2a: The Mega Skarmory|Agility|p2a: The Mega Skarmory\n|-boost|p2a: The Mega Skarmory|spe|2\n|\n|upkeep\n|turn|7\n|\n|t:|1699716568\n|-end|p1a: Great Tusk|Protosynthesis|[silent]\n|switch|p1a: Thundurus|Thundurus-Therian, M|100\/100\n|move|p2a: The Mega Skarmory|Bulk Up|p2a: The Mega Skarmory\n|-boost|p2a: The Mega Skarmory|atk|1\n|-boost|p2a: The Mega Skarmory|def|1\n|\n|upkeep\n|turn|8\n|\n|t:|1699716582\n|-terastallize|p2a: The Mega Skarmory|Dragon\n|move|p2a: The Mega Skarmory|Power Trip|p1a: Thundurus\n|-damage|p1a: Thundurus|0 fnt\n|faint|p1a: Thundurus\n|\n|upkeep\n|\n|t:|1699716592\n|switch|p1a: Hoopa|Hoopa-Unbound, tera:Dark|100\/100\n|turn|9\n|\n|t:|1699716597\n|move|p2a: The Mega Skarmory|Bulk Up|p2a: The Mega Skarmory\n|-boost|p2a: The Mega Skarmory|atk|1\n|-boost|p2a: The Mega Skarmory|def|1\n|move|p1a: Hoopa|Hyperspace Fury|p2a: The Mega Skarmory\n|-damage|p2a: The Mega Skarmory|49\/100\n|-unboost|p1a: Hoopa|def|1\n|\n|upkeep\n|turn|10\n|\n|t:|1699716603\n|move|p2a: The Mega Skarmory|Roost|p2a: The Mega Skarmory\n|-heal|p2a: The Mega Skarmory|99\/100\n|move|p1a: Hoopa|Hyperspace Fury|p2a: The Mega Skarmory\n|-damage|p2a: The Mega Skarmory|62\/100\n|-unboost|p1a: Hoopa|def|1\n|\n|upkeep\n|turn|11\n|\n|t:|1699716608\n|move|p2a: The Mega Skarmory|Power Trip|p1a: Hoopa\n|-resisted|p1a: Hoopa\n|-damage|p1a: Hoopa|0 fnt\n|faint|p1a: Hoopa\n|\n|upkeep\n|-message|wizofawe forfeited.\n|\n|win|Donato Fallito\n|raw|wizofawe's rating: 1359 &rarr; <strong>1335<\/strong><br \/>(-24 for losing)\n|raw|Donato Fallito's rating: 1286 &rarr; <strong>1316<\/strong><br \/>(+30 for winning)\n|l|\u2606wizofawe\n","uploadtime":1699716614,"views":14,"p1id":"wizofawe","p2id":"donatofallito","formatid":"gen9nationaldex","rating":1316,"private":0,"password":""}