{"id":"gen9nationaldex-1996552578","p1":"Zippybud5","p2":"SilkyNutz","format":"[Gen 9] National Dex","log":"|html|<div class=\"broadcast-blue\"><strong>[Gen 9] National Dex is currently suspecting Sneasler! For information on how to participate check out the <a href=\"https:\/\/www.smogon.com\/forums\/threads\/sv-national-dex-suspect-8-just-dance.3731534\/\">suspect thread<\/a>.<\/strong><\/div>\n|j|\u2606Zippybud5\n|j|\u2606SilkyNutz\n|t:|1700693509\n|gametype|singles\n|player|p1|Zippybud5|169|1094\n|player|p2|SilkyNutz|waiter-gen4dp|1138\n|teamsize|p1|6\n|teamsize|p2|6\n|gen|9\n|tier|[Gen 9] National Dex\n|rated|\n|rule|HP Percentage Mod: HP is shown in percentages\n|rule|Endless Battle Clause: Forcing endless battles is banned\n|rule|OHKO Clause: OHKO moves are banned\n|rule|Evasion Clause: Evasion abilities, items, and moves are banned\n|rule|Evasion Abilities Clause: Evasion abilities are banned\n|rule|Evasion Items Clause: Evasion items are banned\n|rule|Evasion Moves Clause: Evasion moves are banned\n|rule|Species Clause: Limit one of each Pok\u00e9mon\n|rule|Sleep Clause Mod: Limit one foe put to sleep\n|clearpoke\n|poke|p1|Electivire, F|\n|poke|p1|Kabutops, F|\n|poke|p1|Dustox, M|\n|poke|p1|Orthworm, M|\n|poke|p1|Regidrago|\n|poke|p1|Iron Thorns|\n|poke|p2|Zapdos|\n|poke|p2|Sneasler, F|\n|poke|p2|Haxorus, F|\n|poke|p2|Iron Hands|\n|poke|p2|Diancie|\n|poke|p2|Hoopa-Unbound|\n|teampreview\n|inactive|Battle timer is ON: inactive players will automatically lose when time's up. (requested by SilkyNutz)\n|inactive|Zippybud5 has 120 seconds left.\n|inactive|Zippybud5 has 90 seconds left.\n|inactive|Zippybud5 has 60 seconds left.\n|inactive|Zippybud5 has 30 seconds left.\n|\n|t:|1700693633\n|start\n|switch|p1a: Regidrago|Regidrago|100\/100\n|switch|p2a: Sneasler|Sneasler, F|100\/100\n|turn|1\n|inactive|Zippybud5 has 90 seconds left.\n|\n|t:|1700693644\n|move|p2a: Sneasler|Dire Claw|p1a: Regidrago\n|-damage|p1a: Regidrago|48\/100\n|-status|p1a: Regidrago|par\n|move|p1a: Regidrago|Dragon Dance|p1a: Regidrago\n|-boost|p1a: Regidrago|atk|1\n|-boost|p1a: Regidrago|spe|1\n|\n|upkeep\n|turn|2\n|inactive|Zippybud5 has 90 seconds left.\n|\n|t:|1700693662\n|-terastallize|p1a: Regidrago|Electric\n|move|p2a: Sneasler|Dire Claw|p1a: Regidrago\n|-damage|p1a: Regidrago|0 fnt\n|faint|p1a: Regidrago\n|\n|upkeep\n|\n|t:|1700693673\n|switch|p1a: Dustox|Dustox, M|100\/100\n|turn|3\n|\n|t:|1700693683\n|move|p2a: Sneasler|Acrobatics|p1a: Dustox\n|-supereffective|p1a: Dustox\n|-damage|p1a: Dustox|45\/100\n|move|p1a: Dustox|Quiver Dance|p1a: Dustox\n|-boost|p1a: Dustox|spa|1\n|-boost|p1a: Dustox|spd|1\n|-boost|p1a: Dustox|spe|1\n|\n|-heal|p1a: Dustox|51\/100|[from] item: Black Sludge\n|upkeep\n|turn|4\n|inactive|Zippybud5 has 90 seconds left.\n|\n|t:|1700693698\n|move|p2a: Sneasler|Acrobatics|p1a: Dustox\n|-supereffective|p1a: Dustox\n|-damage|p1a: Dustox|0 fnt\n|faint|p1a: Dustox\n|\n|upkeep\n|inactive|Zippybud5 has 90 seconds left.\n|\n|t:|1700693710\n|switch|p1a: Iron Thorns|Iron Thorns|100\/100\n|-enditem|p1a: Iron Thorns|Booster Energy\n|-activate|p1a: Iron Thorns|ability: Quark Drive|[fromitem]\n|-start|p1a: Iron Thorns|quarkdriveatk\n|turn|5\n|inactive|Zippybud5 has 90 seconds left.\n|\n|t:|1700693720\n|move|p2a: Sneasler|Dire Claw|p1a: Iron Thorns\n|-resisted|p1a: Iron Thorns\n|-damage|p1a: Iron Thorns|79\/100\n|move|p1a: Iron Thorns|Dragon Dance|p1a: Iron Thorns\n|-boost|p1a: Iron Thorns|atk|1\n|-boost|p1a: Iron Thorns|spe|1\n|\n|upkeep\n|turn|6\n|inactive|Zippybud5 has 90 seconds left.\n|\n|t:|1700693735\n|move|p1a: Iron Thorns|Earthquake|p2a: Sneasler\n|-supereffective|p2a: Sneasler\n|-damage|p2a: Sneasler|0 fnt\n|faint|p2a: Sneasler\n|\n|upkeep\n|inactive|SilkyNutz has 120 seconds left.\n|\n|t:|1700693767\n|switch|p2a: Diancie|Diancie|100\/100\n|turn|7\n|inactive|Zippybud5 has 90 seconds left.\n|\n|t:|1700693781\n|detailschange|p2a: Diancie|Diancie-Mega\n|-mega|p2a: Diancie|Diancie|Diancite\n|move|p1a: Iron Thorns|Earthquake|p2a: Diancie\n|-supereffective|p2a: Diancie\n|-damage|p2a: Diancie|0 fnt\n|faint|p2a: Diancie\n|\n|upkeep\n|\n|t:|1700693787\n|switch|p2a: Zapdos|Zapdos|100\/100\n|turn|8\n|inactive|Zippybud5 has 90 seconds left.\n|\n|t:|1700693802\n|move|p1a: Iron Thorns|Stone Edge|p2a: Zapdos\n|-supereffective|p2a: Zapdos\n|-crit|p2a: Zapdos\n|-damage|p2a: Zapdos|0 fnt\n|faint|p2a: Zapdos\n|\n|upkeep\n|\n|t:|1700693822\n|switch|p2a: Hoopa|Hoopa-Unbound|100\/100\n|turn|9\n|\n|t:|1700693829\n|move|p1a: Iron Thorns|Thunder Punch|p2a: Hoopa\n|-damage|p2a: Hoopa|0 fnt\n|faint|p2a: Hoopa\n|\n|upkeep\n|\n|t:|1700693832\n|switch|p2a: Haxorus|Haxorus, F, shiny|100\/100\n|-ability|p2a: Haxorus|Mold Breaker\n|turn|10\n|\n|t:|1700693839\n|move|p1a: Iron Thorns|Stone Edge|p2a: Haxorus|[miss]\n|-miss|p1a: Iron Thorns|p2a: Haxorus\n|move|p2a: Haxorus|Earthquake|p1a: Iron Thorns\n|-supereffective|p1a: Iron Thorns\n|-damage|p1a: Iron Thorns|0 fnt\n|faint|p1a: Iron Thorns\n|-end|p1a: Iron Thorns|Quark Drive|[silent]\n|\n|upkeep\n|inactive|Zippybud5 has 90 seconds left.\n|\n|t:|1700693865\n|switch|p1a: Orthworm|Orthworm, M, shiny|100\/100\n|turn|11\n|\n|t:|1700693873\n|move|p2a: Haxorus|Dragon Dance|p2a: Haxorus\n|-boost|p2a: Haxorus|atk|1\n|-boost|p2a: Haxorus|spe|1\n|move|p1a: Orthworm|Bulldoze|p2a: Haxorus\n|-damage|p2a: Haxorus|86\/100\n|-unboost|p2a: Haxorus|spe|1\n|\n|upkeep\n|turn|12\n|\n|t:|1700693882\n|move|p2a: Haxorus|Dragon Dance|p2a: Haxorus\n|-boost|p2a: Haxorus|atk|1\n|-boost|p2a: Haxorus|spe|1\n|move|p1a: Orthworm|Bulldoze|p2a: Haxorus\n|-damage|p2a: Haxorus|70\/100\n|-unboost|p2a: Haxorus|spe|1\n|\n|upkeep\n|turn|13\n|\n|t:|1700693891\n|move|p2a: Haxorus|Dragon Dance|p2a: Haxorus\n|-boost|p2a: Haxorus|atk|1\n|-boost|p2a: Haxorus|spe|1\n|move|p1a: Orthworm|Bulldoze|p2a: Haxorus\n|-damage|p2a: Haxorus|53\/100\n|-unboost|p2a: Haxorus|spe|1\n|\n|upkeep\n|turn|14\n|\n|t:|1700693898\n|move|p2a: Haxorus|Dragon Claw|p1a: Orthworm\n|-resisted|p1a: Orthworm\n|-crit|p1a: Orthworm\n|-damage|p1a: Orthworm|34\/100\n|move|p1a: Orthworm|Bulldoze|p2a: Haxorus\n|-damage|p2a: Haxorus|36\/100\n|-unboost|p2a: Haxorus|spe|1\n|\n|upkeep\n|turn|15\n|\n|t:|1700693907\n|move|p2a: Haxorus|Dragon Claw|p1a: Orthworm\n|-resisted|p1a: Orthworm\n|-damage|p1a: Orthworm|0 fnt\n|faint|p1a: Orthworm\n|\n|upkeep\n|\n|t:|1700693917\n|switch|p1a: Kabutops|Kabutops, F|100\/100\n|turn|16\n|\n|t:|1700693923\n|move|p1a: Kabutops|Swords Dance|p1a: Kabutops\n|-boost|p1a: Kabutops|atk|2\n|move|p2a: Haxorus|Poison Jab|p1a: Kabutops\n|-resisted|p1a: Kabutops\n|-damage|p1a: Kabutops|53\/100\n|-ability|p1a: Kabutops|Weak Armor|boost\n|-unboost|p1a: Kabutops|def|1\n|-boost|p1a: Kabutops|spe|2\n|\n|upkeep\n|turn|17\n|\n|t:|1700693937\n|move|p1a: Kabutops|Knock Off|p2a: Haxorus\n|-damage|p2a: Haxorus|0 fnt\n|-enditem|p2a: Haxorus|Focus Sash|[from] move: Knock Off|[of] p1a: Kabutops\n|faint|p2a: Haxorus\n|\n|upkeep\n|\n|t:|1700693940\n|switch|p2a: Iron Hands|Iron Hands|100\/100\n|turn|18\n|\n|t:|1700693948\n|move|p1a: Kabutops|Aqua Jet|p2a: Iron Hands\n|-damage|p2a: Iron Hands|79\/100\n|move|p2a: Iron Hands|Thunder Punch|p1a: Kabutops\n|-supereffective|p1a: Kabutops\n|-damage|p1a: Kabutops|0 fnt\n|faint|p1a: Kabutops\n|\n|upkeep\n|\n|t:|1700693956\n|switch|p1a: Electivire|Electivire, F|100\/100\n|turn|19\n|\n|t:|1700693966\n|move|p1a: Electivire|Psychic|p2a: Iron Hands\n|-supereffective|p2a: Iron Hands\n|-damage|p2a: Iron Hands|28\/100\n|move|p2a: Iron Hands|Drain Punch|p1a: Electivire\n|-damage|p1a: Electivire|26\/100\n|-heal|p2a: Iron Hands|49\/100|[from] drain|[of] p1a: Electivire\n|\n|upkeep\n|turn|20\n|\n|t:|1700693974\n|move|p1a: Electivire|Psychic|p2a: Iron Hands\n|-supereffective|p2a: Iron Hands\n|-damage|p2a: Iron Hands|0 fnt\n|faint|p2a: Iron Hands\n|-end|p2a: Iron Hands|Quark Drive|[silent]\n|\n|win|Zippybud5\n|raw|Zippybud5's rating: 1094 &rarr; <strong>1123<\/strong><br \/>(+29 for winning)\n|raw|SilkyNutz's rating: 1138 &rarr; <strong>1110<\/strong><br \/>(-28 for losing)\n","uploadtime":1700693980,"views":1,"p1id":"zippybud5","p2id":"silkynutz","formatid":"gen9nationaldex","rating":1110,"private":0,"password":""}