{"id":"gen9nationaldex-2000065061","p1":"gzp666","p2":"qrerawa","format":"[Gen 9] National Dex","log":"|html|<div class=\"broadcast-blue\"><strong>[Gen 9] National Dex is currently suspecting Sneasler! For information on how to participate check out the <a href=\"https:\/\/www.smogon.com\/forums\/threads\/sv-national-dex-suspect-8-just-dance.3731534\/\">suspect thread<\/a>.<\/strong><\/div>\n|j|\u203dgzp666\n|j|\u2606qrerawa\n|t:|1701148493\n|gametype|singles\n|player|p1|gzp666|ghetsis|1356\n|player|p2|qrerawa|2|1324\n|teamsize|p1|6\n|teamsize|p2|6\n|gen|9\n|tier|[Gen 9] National Dex\n|rated|\n|rule|HP Percentage Mod: HP is shown in percentages\n|rule|Endless Battle Clause: Forcing endless battles is banned\n|rule|OHKO Clause: OHKO moves are banned\n|rule|Evasion Clause: Evasion abilities, items, and moves are banned\n|rule|Evasion Abilities Clause: Evasion abilities are banned\n|rule|Evasion Items Clause: Evasion items are banned\n|rule|Evasion Moves Clause: Evasion moves are banned\n|rule|Species Clause: Limit one of each Pok\u00e9mon\n|rule|Sleep Clause Mod: Limit one foe put to sleep\n|clearpoke\n|poke|p1|Ribombee, F|\n|poke|p1|Garchomp, F|\n|poke|p1|Rillaboom, M|\n|poke|p1|Ogerpon-Wellspring, F|\n|poke|p1|Great Tusk|\n|poke|p1|Zapdos|\n|poke|p2|Mawile, M|\n|poke|p2|Marowak-Alola, M|\n|poke|p2|Hatterene, F|\n|poke|p2|Cresselia, F|\n|poke|p2|Porygon2|\n|poke|p2|Ursaluna, F|\n|teampreview\n|\n|t:|1701148509\n|start\n|switch|p1a: Ogerpon|Ogerpon-Wellspring, F|100\/100\n|switch|p2a: Hatterene|Hatterene, F|100\/100\n|turn|1\n|inactive|Battle timer is ON: inactive players will automatically lose when time's up. (requested by gzp666)\n|\n|t:|1701148515\n|move|p1a: Ogerpon|Encore|p2a: Hatterene\n|move|p2a: Hatterene|Encore||[from]ability: Magic Bounce|[still]\n|-fail|p2a: Hatterene\n|move|p2a: Hatterene|Trick Room|p2a: Hatterene\n|-fieldstart|move: Trick Room|[of] p2a: Hatterene\n|\n|upkeep\n|turn|2\n|\n|t:|1701148534\n|switch|p2a: Marowak|Marowak-Alola, M|100\/100\n|move|p1a: Ogerpon|Ivy Cudgel|p2a: Marowak|[anim] Ivy Cudgel Water\n|-supereffective|p2a: Marowak\n|-damage|p2a: Marowak|0 fnt\n|faint|p2a: Marowak\n|\n|upkeep\n|\n|t:|1701148541\n|switch|p2a: Ursaluna|Ursaluna, F|100\/100\n|turn|3\n|\n|t:|1701148549\n|switch|p1a: Great Tusk|Great Tusk|100\/100\n|-terastallize|p2a: Ursaluna|Normal\n|move|p2a: Ursaluna|Swords Dance|p2a: Ursaluna\n|-boost|p2a: Ursaluna|atk|2\n|\n|-status|p2a: Ursaluna|brn|[from] item: Flame Orb\n|upkeep\n|turn|4\n|\n|t:|1701148562\n|move|p2a: Ursaluna|Facade|p1a: Great Tusk\n|-damage|p1a: Great Tusk|0 fnt\n|faint|p1a: Great Tusk\n|-end|p1a: Great Tusk|Protosynthesis|[silent]\n|\n|-damage|p2a: Ursaluna|94\/100 brn|[from] brn\n|upkeep\n|\n|t:|1701148572\n|switch|p1a: Ribombee|Ribombee, F|100\/100\n|turn|5\n|\n|t:|1701148576\n|move|p2a: Ursaluna|Facade|p1a: Ribombee\n|-enditem|p1a: Ribombee|Focus Sash\n|-damage|p1a: Ribombee|1\/100\n|move|p1a: Ribombee|Moonblast|p2a: Ursaluna\n|-crit|p2a: Ursaluna\n|-damage|p2a: Ursaluna|43\/100 brn\n|\n|-damage|p2a: Ursaluna|37\/100 brn|[from] brn\n|-fieldend|move: Trick Room\n|upkeep\n|turn|6\n|\n|t:|1701148596\n|switch|p2a: Hatterene|Hatterene, F|100\/100\n|move|p1a: Ribombee|Moonblast|p2a: Hatterene\n|-damage|p2a: Hatterene|58\/100\n|\n|upkeep\n|turn|7\n|\n|t:|1701148605\n|move|p1a: Ribombee|Moonblast|p2a: Hatterene\n|-damage|p2a: Hatterene|15\/100\n|-unboost|p2a: Hatterene|spa|1\n|move|p2a: Hatterene|Trick Room|p2a: Hatterene\n|-fieldstart|move: Trick Room|[of] p2a: Hatterene\n|\n|upkeep\n|turn|8\n|\n|t:|1701148614\n|move|p2a: Hatterene|Healing Wish|p2a: Hatterene\n|faint|p2a: Hatterene\n|move|p1a: Ribombee|Moonblast|p2: Hatterene|[notarget]\n|-fail|p1a: Ribombee\n|\n|upkeep\n|\n|t:|1701148618\n|switch|p2a: Ursaluna|Ursaluna, F, tera:Normal|37\/100 brn\n|-heal|p2a: Ursaluna|100\/100|[from] move: Healing Wish\n|turn|9\n|\n|t:|1701148624\n|move|p2a: Ursaluna|Swords Dance|p2a: Ursaluna\n|-boost|p2a: Ursaluna|atk|2\n|move|p1a: Ribombee|Moonblast|p2a: Ursaluna\n|-damage|p2a: Ursaluna|64\/100\n|\n|-status|p2a: Ursaluna|brn|[from] item: Flame Orb\n|upkeep\n|turn|10\n|\n|t:|1701148631\n|move|p2a: Ursaluna|Facade|p1a: Ribombee\n|-damage|p1a: Ribombee|0 fnt\n|faint|p1a: Ribombee\n|\n|-damage|p2a: Ursaluna|58\/100 brn|[from] brn\n|upkeep\n|\n|t:|1701148636\n|switch|p1a: Rillaboom|Rillaboom, M|100\/100\n|-fieldstart|move: Grassy Terrain|[from] ability: Grassy Surge|[of] p1a: Rillaboom\n|turn|11\n|\n|t:|1701148641\n|-terastallize|p1a: Rillaboom|Grass\n|move|p1a: Rillaboom|Grassy Glide|p2a: Ursaluna\n|-damage|p2a: Ursaluna|0 fnt\n|faint|p2a: Ursaluna\n|\n|-fieldend|move: Trick Room\n|upkeep\n|\n|t:|1701148650\n|switch|p2a: Porygon2|Porygon2|100\/100\n|-ability|p2a: Porygon2|Grassy Surge|[from] ability: Trace|[of] p1a: Rillaboom\n|turn|12\n|\n|t:|1701148656\n|move|p1a: Rillaboom|Grassy Glide|p2a: Porygon2\n|-damage|p2a: Porygon2|60\/100\n|move|p2a: Porygon2|Trick Room|p2a: Porygon2\n|-fieldstart|move: Trick Room|[of] p2a: Porygon2\n|\n|-heal|p2a: Porygon2|66\/100|[from] Grassy Terrain\n|upkeep\n|turn|13\n|\n|t:|1701148665\n|move|p1a: Rillaboom|Grassy Glide|p2a: Porygon2\n|-damage|p2a: Porygon2|24\/100\n|move|p2a: Porygon2|Teleport|p2a: Porygon2\n|\n|t:|1701148669\n|switch|p2a: Mawile|Mawile, M|100\/100|[from] Teleport\n|-ability|p2a: Mawile|Intimidate|boost\n|-unboost|p1a: Rillaboom|atk|1\n|\n|upkeep\n|turn|14\n|\n|t:|1701148676\n|switch|p1a: Zapdos|Zapdos|100\/100\n|detailschange|p2a: Mawile|Mawile-Mega, M\n|-mega|p2a: Mawile|Mawile|Mawilite\n|move|p2a: Mawile|Play Rough|p1a: Zapdos\n|-damage|p1a: Zapdos|31\/100\n|\n|upkeep\n|turn|15\n|\n|t:|1701148685\n|move|p2a: Mawile|Ice Punch|p1a: Zapdos\n|-supereffective|p1a: Zapdos\n|-damage|p1a: Zapdos|0 fnt\n|-status|p2a: Mawile|par|[from] ability: Static|[of] p1a: Zapdos\n|faint|p1a: Zapdos\n|\n|-fieldend|move: Grassy Terrain\n|upkeep\n|\n|t:|1701148691\n|switch|p1a: Garchomp|Garchomp, F|100\/100\n|turn|16\n|\n|t:|1701148695\n|detailschange|p1a: Garchomp|Garchomp-Mega, F\n|-mega|p1a: Garchomp|Garchomp|Garchompite\n|move|p2a: Mawile|Ice Punch|p1a: Garchomp\n|-supereffective|p1a: Garchomp\n|-damage|p1a: Garchomp|0 fnt\n|faint|p1a: Garchomp\n|\n|-fieldend|move: Trick Room\n|upkeep\n|\n|t:|1701148704\n|switch|p1a: Ogerpon|Ogerpon-Wellspring, F|100\/100\n|turn|17\n|\n|t:|1701148714\n|switch|p2a: Cresselia|Cresselia, F|100\/100\n|move|p1a: Ogerpon|Ivy Cudgel|p2a: Cresselia|[anim] Ivy Cudgel Water\n|-damage|p2a: Cresselia|70\/100\n|\n|upkeep\n|turn|18\n|\n|t:|1701148724\n|move|p1a: Ogerpon|Ivy Cudgel|p2a: Cresselia|[anim] Ivy Cudgel Water\n|-crit|p2a: Cresselia\n|-damage|p2a: Cresselia|23\/100\n|move|p2a: Cresselia|Trick Room|p2a: Cresselia\n|-fieldstart|move: Trick Room|[of] p2a: Cresselia\n|\n|upkeep\n|turn|19\n|\n|t:|1701148733\n|move|p2a: Cresselia|Psychic|p1a: Ogerpon\n|-damage|p1a: Ogerpon|73\/100\n|move|p1a: Ogerpon|Ivy Cudgel|p2a: Cresselia|[anim] Ivy Cudgel Water\n|-damage|p2a: Cresselia|0 fnt\n|faint|p2a: Cresselia\n|\n|upkeep\n|\n|t:|1701148739\n|switch|p2a: Mawile|Mawile-Mega, M|100\/100 par\n|turn|20\n|\n|t:|1701148745\n|move|p2a: Mawile|Play Rough|p1a: Ogerpon\n|-damage|p1a: Ogerpon|0 fnt\n|faint|p1a: Ogerpon\n|\n|upkeep\n|\n|t:|1701148750\n|switch|p1a: Rillaboom|Rillaboom, M, tera:Grass|100\/100\n|-fieldstart|move: Grassy Terrain|[from] ability: Grassy Surge|[of] p1a: Rillaboom\n|turn|21\n|\n|t:|1701148759\n|move|p2a: Mawile|Fire Fang|p1a: Rillaboom\n|-supereffective|p1a: Rillaboom\n|-crit|p1a: Rillaboom\n|-damage|p1a: Rillaboom|0 fnt\n|faint|p1a: Rillaboom\n|\n|win|qrerawa\n|raw|gzp666's rating: 1356 &rarr; <strong>1334<\/strong><br \/>(-22 for losing)\n|raw|qrerawa's rating: 1324 &rarr; <strong>1346<\/strong><br \/>(+22 for winning)\n|l|\u203dgzp666\n|c|\u2606qrerawa|ggwp\n","uploadtime":1701148767,"views":20,"p1id":"gzp666","p2id":"qrerawa","formatid":"gen9nationaldex","rating":1334,"private":0,"password":""}