{"id":"gen9nationaldex-1998719779","p1":"yugontianyi","p2":"xinxinguangcan","format":"[Gen 9] National Dex","log":"|html|<div class=\"broadcast-blue\"><strong>[Gen 9] National Dex is currently suspecting Sneasler! For information on how to participate check out the <a href=\"https:\/\/www.smogon.com\/forums\/threads\/sv-national-dex-suspect-8-just-dance.3731534\/\">suspect thread<\/a>.<\/strong><\/div>\n|j|\u2606yugontianyi\n|j|\u2606xinxinguangcan\n|t:|1700977513\n|gametype|singles\n|player|p1|yugontianyi|giovanni|\n|player|p2|xinxinguangcan|1|\n|teamsize|p1|6\n|teamsize|p2|6\n|gen|9\n|tier|[Gen 9] National Dex\n|rule|HP Percentage Mod: HP is shown in percentages\n|rule|Endless Battle Clause: Forcing endless battles is banned\n|rule|OHKO Clause: OHKO moves are banned\n|rule|Evasion Clause: Evasion abilities, items, and moves are banned\n|rule|Evasion Abilities Clause: Evasion abilities are banned\n|rule|Evasion Items Clause: Evasion items are banned\n|rule|Evasion Moves Clause: Evasion moves are banned\n|rule|Species Clause: Limit one of each Pok\u00e9mon\n|rule|Sleep Clause Mod: Limit one foe put to sleep\n|clearpoke\n|poke|p1|Haxorus, M|\n|poke|p1|Exeggutor-Alola, M|\n|poke|p1|Hydreigon, F|\n|poke|p1|Dragalge, F|\n|poke|p1|Turtonator, M|\n|poke|p1|Fraxure, M|\n|poke|p2|Hippowdon, F|\n|poke|p2|Garchomp, F|\n|poke|p2|Landorus-Therian, M|\n|poke|p2|Clodsire, M|\n|poke|p2|Gliscor, F|\n|poke|p2|Great Tusk|\n|teampreview\n|inactive|Battle timer is ON: inactive players will automatically lose when time's up. (requested by yugontianyi)\n|\n|t:|1700977520\n|start\n|switch|p1a: Exeggutor|Exeggutor-Alola, M|100\/100\n|switch|p2a: Hippowdon|Hippowdon, F, shiny|100\/100\n|-weather|Sandstorm|[from] ability: Sand Stream|[of] p2a: Hippowdon\n|-item|p2a: Hippowdon|Sitrus Berry|[from] ability: Frisk|[of] p1a: Exeggutor|[identify]\n|turn|1\n|\n|t:|1700977531\n|move|p1a: Exeggutor|Sleep Powder|p2a: Hippowdon\n|-status|p2a: Hippowdon|slp|[from] move: Sleep Powder\n|cant|p2a: Hippowdon|slp\n|\n|-weather|Sandstorm|[upkeep]\n|-damage|p1a: Exeggutor|94\/100|[from] Sandstorm\n|upkeep\n|turn|2\n|\n|t:|1700977544\n|switch|p2a: Landorus|Landorus-Therian, M, shiny|100\/100\n|-ability|p2a: Landorus|Intimidate|boost\n|-unboost|p1a: Exeggutor|atk|1\n|move|p1a: Exeggutor|Teleport|p1a: Exeggutor\n|\n|t:|1700977560\n|switch|p1a: Hydreigon|Hydreigon, F|100\/100|[from] Teleport\n|\n|-weather|Sandstorm|[upkeep]\n|-damage|p1a: Hydreigon|94\/100|[from] Sandstorm\n|upkeep\n|turn|3\n|l|\u2606xinxinguangcan\n|inactive|xinxinguangcan disconnected and has 300 seconds to reconnect!\n|player|p2|\n|j|\u2606xinxinguangcan\n|inactive|xinxinguangcan reconnected and has 275 seconds left.\n|player|p2|xinxinguangcan|1\n|inactive|xinxinguangcan has 270 seconds left.\n|j| buruanchuanqi\n|\n|t:|1700977616\n|move|p1a: Hydreigon|Draco Meteor|p2a: Landorus\n|-damage|p2a: Landorus|20\/100\n|-unboost|p1a: Hydreigon|spa|2\n|move|p2a: Landorus|Taunt|p1a: Hydreigon\n|-start|p1a: Hydreigon|move: Taunt\n|\n|-weather|Sandstorm|[upkeep]\n|-damage|p1a: Hydreigon|88\/100|[from] Sandstorm\n|-heal|p2a: Landorus|26\/100|[from] item: Leftovers\n|upkeep\n|turn|4\n|\n|t:|1700977631\n|switch|p2a: Gliscor|Gliscor, F, shiny|100\/100\n|move|p1a: Hydreigon|Draco Meteor|p2a: Gliscor\n|-damage|p2a: Gliscor|52\/100\n|-unboost|p1a: Hydreigon|spa|2\n|\n|-weather|Sandstorm|[upkeep]\n|-damage|p1a: Hydreigon|82\/100|[from] Sandstorm\n|-status|p2a: Gliscor|tox|[from] item: Toxic Orb\n|upkeep\n|turn|5\n|\n|t:|1700977642\n|switch|p1a: Fraxure|Fraxure, M|100\/100\n|-ability|p1a: Fraxure|Mold Breaker\n|move|p2a: Gliscor|Protect||[still]\n|-fail|p2a: Gliscor\n|\n|-weather|none\n|-heal|p2a: Gliscor|65\/100 tox|[from] ability: Poison Heal\n|upkeep\n|turn|6\n|\n|t:|1700977655\n|move|p2a: Gliscor|Substitute|p2a: Gliscor\n|-start|p2a: Gliscor|Substitute\n|-damage|p2a: Gliscor|40\/100 tox\n|move|p1a: Fraxure|Dragon Dance|p1a: Fraxure\n|-boost|p1a: Fraxure|atk|1\n|-boost|p1a: Fraxure|spe|1\n|\n|-heal|p2a: Gliscor|52\/100 tox|[from] ability: Poison Heal\n|upkeep\n|turn|7\n|\n|t:|1700977664\n|move|p1a: Fraxure|Dragon Claw|p2a: Gliscor\n|-end|p2a: Gliscor|Substitute\n|move|p2a: Gliscor|Toxic|p1a: Fraxure\n|-status|p1a: Fraxure|tox\n|\n|-damage|p1a: Fraxure|94\/100 tox|[from] psn\n|-heal|p2a: Gliscor|65\/100 tox|[from] ability: Poison Heal\n|upkeep\n|turn|8\n|inactive|xinxinguangcan has 270 seconds left.\n|\n|t:|1700977683\n|move|p2a: Gliscor|Protect|p2a: Gliscor\n|-singleturn|p2a: Gliscor|Protect\n|move|p1a: Fraxure|Dragon Claw|p2a: Gliscor\n|-activate|p2a: Gliscor|move: Protect\n|\n|-damage|p1a: Fraxure|82\/100 tox|[from] psn\n|-heal|p2a: Gliscor|77\/100 tox|[from] ability: Poison Heal\n|upkeep\n|turn|9\n|inactive|xinxinguangcan has 270 seconds left.\n|\n|t:|1700977698\n|move|p1a: Fraxure|Dragon Claw|p2a: Gliscor\n|-damage|p2a: Gliscor|34\/100 tox\n|move|p2a: Gliscor|Substitute|p2a: Gliscor\n|-start|p2a: Gliscor|Substitute\n|-damage|p2a: Gliscor|9\/100 tox\n|\n|-damage|p1a: Fraxure|64\/100 tox|[from] psn\n|-heal|p2a: Gliscor|21\/100 tox|[from] ability: Poison Heal\n|upkeep\n|turn|10\n|\n|t:|1700977705\n|move|p2a: Gliscor|Protect|p2a: Gliscor\n|-singleturn|p2a: Gliscor|Protect\n|move|p1a: Fraxure|Dragon Dance|p1a: Fraxure\n|-boost|p1a: Fraxure|atk|1\n|-boost|p1a: Fraxure|spe|1\n|\n|-damage|p1a: Fraxure|39\/100 tox|[from] psn\n|-heal|p2a: Gliscor|34\/100 tox|[from] ability: Poison Heal\n|upkeep\n|turn|11\n|\n|t:|1700977715\n|move|p1a: Fraxure|Dragon Claw|p2a: Gliscor\n|-crit|p2a: Gliscor\n|-end|p2a: Gliscor|Substitute\n|move|p2a: Gliscor|Substitute|p2a: Gliscor\n|-start|p2a: Gliscor|Substitute\n|-damage|p2a: Gliscor|9\/100 tox\n|\n|-damage|p1a: Fraxure|8\/100 tox|[from] psn\n|-heal|p2a: Gliscor|21\/100 tox|[from] ability: Poison Heal\n|upkeep\n|turn|12\n|\n|t:|1700977724\n|move|p2a: Gliscor|Protect|p2a: Gliscor\n|-singleturn|p2a: Gliscor|Protect\n|move|p1a: Fraxure|Dragon Claw|p2a: Gliscor\n|-activate|p2a: Gliscor|move: Protect\n|\n|-damage|p1a: Fraxure|0 fnt|[from] psn\n|faint|p1a: Fraxure\n|-heal|p2a: Gliscor|34\/100 tox|[from] ability: Poison Heal\n|upkeep\n|\n|t:|1700977741\n|switch|p1a: Dragalge|Dragalge, F|100\/100\n|turn|13\n|\n|t:|1700977755\n|move|p2a: Gliscor|Earthquake|p1a: Dragalge\n|-supereffective|p1a: Dragalge\n|-damage|p1a: Dragalge|16\/100\n|move|p1a: Dragalge|Hydro Pump|p2a: Gliscor|[miss]\n|-miss|p1a: Dragalge|p2a: Gliscor\n|\n|-heal|p2a: Gliscor|46\/100 tox|[from] ability: Poison Heal\n|upkeep\n|turn|14\n|\n|t:|1700977762\n|move|p2a: Gliscor|Earthquake|p1a: Dragalge\n|-supereffective|p1a: Dragalge\n|-damage|p1a: Dragalge|0 fnt\n|faint|p1a: Dragalge\n|\n|-heal|p2a: Gliscor|59\/100 tox|[from] ability: Poison Heal\n|upkeep\n|\n|t:|1700977765\n|switch|p1a: Hydreigon|Hydreigon, F|82\/100\n|turn|15\n|\n|t:|1700977774\n|move|p1a: Hydreigon|Dark Pulse|p2a: Gliscor\n|-end|p2a: Gliscor|Substitute\n|move|p2a: Gliscor|Toxic|p1a: Hydreigon\n|-status|p1a: Hydreigon|tox\n|\n|-damage|p1a: Hydreigon|76\/100 tox|[from] psn\n|-heal|p2a: Gliscor|71\/100 tox|[from] ability: Poison Heal\n|upkeep\n|turn|16\n|\n|t:|1700977781\n|move|p2a: Gliscor|Protect|p2a: Gliscor\n|-singleturn|p2a: Gliscor|Protect\n|move|p1a: Hydreigon|Dark Pulse|p2a: Gliscor\n|-activate|p2a: Gliscor|move: Protect\n|\n|-damage|p1a: Hydreigon|64\/100 tox|[from] psn\n|-heal|p2a: Gliscor|84\/100 tox|[from] ability: Poison Heal\n|upkeep\n|turn|17\n|\n|t:|1700977790\n|move|p1a: Hydreigon|Dark Pulse|p2a: Gliscor\n|-damage|p2a: Gliscor|26\/100 tox\n|move|p2a: Gliscor|Substitute|p2a: Gliscor\n|-start|p2a: Gliscor|Substitute\n|-damage|p2a: Gliscor|2\/100 tox\n|\n|-damage|p1a: Hydreigon|45\/100 tox|[from] psn\n|-heal|p2a: Gliscor|14\/100 tox|[from] ability: Poison Heal\n|upkeep\n|turn|18\n|\n|t:|1700977797\n|move|p2a: Gliscor|Protect|p2a: Gliscor\n|-singleturn|p2a: Gliscor|Protect\n|move|p1a: Hydreigon|Dark Pulse|p2a: Gliscor\n|-activate|p2a: Gliscor|move: Protect\n|\n|-damage|p1a: Hydreigon|21\/100 tox|[from] psn\n|-heal|p2a: Gliscor|26\/100 tox|[from] ability: Poison Heal\n|upkeep\n|turn|19\n|\n|t:|1700977805\n|move|p1a: Hydreigon|Dark Pulse|p2a: Gliscor\n|-end|p2a: Gliscor|Substitute\n|move|p2a: Gliscor|Substitute|p2a: Gliscor\n|-start|p2a: Gliscor|Substitute\n|-damage|p2a: Gliscor|2\/100 tox\n|\n|-damage|p1a: Hydreigon|0 fnt|[from] psn\n|faint|p1a: Hydreigon\n|-heal|p2a: Gliscor|14\/100 tox|[from] ability: Poison Heal\n|upkeep\n|\n|t:|1700977818\n|switch|p1a: \u6c38\u4e0d\u8a00\u8d25|Haxorus, M|100\/100\n|-ability|p1a: \u6c38\u4e0d\u8a00\u8d25|Mold Breaker\n|turn|20\n|\n|t:|1700977825\n|move|p2a: Gliscor|Protect|p2a: Gliscor\n|-singleturn|p2a: Gliscor|Protect\n|move|p1a: \u6c38\u4e0d\u8a00\u8d25|Dragon Claw|p2a: Gliscor\n|-activate|p2a: Gliscor|move: Protect\n|\n|-heal|p2a: Gliscor|26\/100 tox|[from] ability: Poison Heal\n|upkeep\n|turn|21\n|\n|t:|1700977835\n|move|p1a: \u6c38\u4e0d\u8a00\u8d25|Dragon Claw|p2a: Gliscor\n|-end|p2a: Gliscor|Substitute\n|move|p2a: Gliscor|Substitute|p2a: Gliscor\n|-start|p2a: Gliscor|Substitute\n|-damage|p2a: Gliscor|2\/100 tox\n|\n|-heal|p2a: Gliscor|14\/100 tox|[from] ability: Poison Heal\n|upkeep\n|turn|22\n|\n|t:|1700977841\n|move|p1a: \u6c38\u4e0d\u8a00\u8d25|Dragon Claw|p2a: Gliscor\n|-end|p2a: Gliscor|Substitute\n|move|p2a: Gliscor|Toxic|p1a: \u6c38\u4e0d\u8a00\u8d25\n|-status|p1a: \u6c38\u4e0d\u8a00\u8d25|tox\n|-enditem|p1a: \u6c38\u4e0d\u8a00\u8d25|Lum Berry|[eat]\n|-curestatus|p1a: \u6c38\u4e0d\u8a00\u8d25|tox|[msg]\n|\n|-heal|p2a: Gliscor|26\/100 tox|[from] ability: Poison Heal\n|upkeep\n|turn|23\n|\n|t:|1700977850\n|move|p2a: Gliscor|Protect|p2a: Gliscor\n|-singleturn|p2a: Gliscor|Protect\n|move|p1a: \u6c38\u4e0d\u8a00\u8d25|Dragon Claw|p2a: Gliscor\n|-activate|p2a: Gliscor|move: Protect\n|\n|-heal|p2a: Gliscor|39\/100 tox|[from] ability: Poison Heal\n|upkeep\n|turn|24\n|\n|t:|1700977857\n|move|p1a: \u6c38\u4e0d\u8a00\u8d25|Dragon Claw|p2a: Gliscor\n|-damage|p2a: Gliscor|11\/100 tox\n|move|p2a: Gliscor|Substitute|p2a: Gliscor\n|-fail|p2a: Gliscor|move: Substitute|[weak]\n|\n|-heal|p2a: Gliscor|23\/100 tox|[from] ability: Poison Heal\n|upkeep\n|turn|25\n|\n|t:|1700977869\n|move|p2a: Gliscor|Protect|p2a: Gliscor\n|-singleturn|p2a: Gliscor|Protect\n|move|p1a: \u6c38\u4e0d\u8a00\u8d25|Dragon Dance|p1a: \u6c38\u4e0d\u8a00\u8d25\n|-boost|p1a: \u6c38\u4e0d\u8a00\u8d25|atk|1\n|-boost|p1a: \u6c38\u4e0d\u8a00\u8d25|spe|1\n|\n|-heal|p2a: Gliscor|36\/100 tox|[from] ability: Poison Heal\n|upkeep\n|turn|26\n|\n|t:|1700977877\n|move|p1a: \u6c38\u4e0d\u8a00\u8d25|Dragon Claw|p2a: Gliscor\n|-damage|p2a: Gliscor|0 fnt\n|faint|p2a: Gliscor\n|\n|upkeep\n|\n|t:|1700977881\n|switch|p2a: Great Tusk|Great Tusk, shiny|100\/100\n|turn|27\n|\n|t:|1700977892\n|-terastallize|p1a: \u6c38\u4e0d\u8a00\u8d25|Ground\n|move|p1a: \u6c38\u4e0d\u8a00\u8d25|Earthquake|p2a: Great Tusk\n|-damage|p2a: Great Tusk|43\/100\n|move|p2a: Great Tusk|Ice Spinner|p1a: \u6c38\u4e0d\u8a00\u8d25\n|-supereffective|p1a: \u6c38\u4e0d\u8a00\u8d25\n|-damage|p1a: \u6c38\u4e0d\u8a00\u8d25|40\/100\n|\n|-heal|p2a: Great Tusk|49\/100|[from] item: Leftovers\n|upkeep\n|turn|28\n|\n|t:|1700977901\n|move|p1a: \u6c38\u4e0d\u8a00\u8d25|Earthquake|p2a: Great Tusk\n|-damage|p2a: Great Tusk|0 fnt\n|faint|p2a: Great Tusk\n|-end|p2a: Great Tusk|Protosynthesis|[silent]\n|\n|upkeep\n|\n|t:|1700977910\n|switch|p2a: Landorus|Landorus-Therian, M, shiny|26\/100\n|-ability|p2a: Landorus|Intimidate|boost\n|-unboost|p1a: \u6c38\u4e0d\u8a00\u8d25|atk|1\n|turn|29\n|\n|t:|1700977917\n|move|p1a: \u6c38\u4e0d\u8a00\u8d25|Dragon Claw|p2a: Landorus\n|-damage|p2a: Landorus|0 fnt\n|faint|p2a: Landorus\n|\n|upkeep\n|\n|t:|1700977923\n|switch|p2a: Clodsire|Clodsire, M, shiny|100\/100\n|turn|30\n|\n|t:|1700977931\n|-terastallize|p2a: Clodsire|Dark\n|move|p1a: \u6c38\u4e0d\u8a00\u8d25|Earthquake|p2a: Clodsire\n|-damage|p2a: Clodsire|38\/100\n|move|p2a: Clodsire|Earthquake|p1a: \u6c38\u4e0d\u8a00\u8d25\n|-damage|p1a: \u6c38\u4e0d\u8a00\u8d25|13\/100\n|\n|-heal|p2a: Clodsire|44\/100|[from] item: Leftovers\n|upkeep\n|turn|31\n|\n|t:|1700977939\n|move|p1a: \u6c38\u4e0d\u8a00\u8d25|Close Combat|p2a: Clodsire\n|-supereffective|p2a: Clodsire\n|-damage|p2a: Clodsire|0 fnt\n|-unboost|p1a: \u6c38\u4e0d\u8a00\u8d25|def|1\n|-unboost|p1a: \u6c38\u4e0d\u8a00\u8d25|spd|1\n|faint|p2a: Clodsire\n|\n|upkeep\n|\n|t:|1700977944\n|switch|p2a: Hippowdon|Hippowdon, F, shiny|100\/100 slp\n|-weather|Sandstorm|[from] ability: Sand Stream|[of] p2a: Hippowdon\n|turn|32\n|\n|t:|1700977954\n|move|p1a: \u6c38\u4e0d\u8a00\u8d25|Dragon Dance|p1a: \u6c38\u4e0d\u8a00\u8d25\n|-boost|p1a: \u6c38\u4e0d\u8a00\u8d25|atk|1\n|-boost|p1a: \u6c38\u4e0d\u8a00\u8d25|spe|1\n|cant|p2a: Hippowdon|slp\n|\n|-weather|Sandstorm|[upkeep]\n|upkeep\n|turn|33\n|\n|t:|1700977960\n|move|p1a: \u6c38\u4e0d\u8a00\u8d25|Earthquake|p2a: Hippowdon\n|-damage|p2a: Hippowdon|57\/100 slp\n|-curestatus|p2a: Hippowdon|slp|[msg]\n|move|p2a: Hippowdon|Yawn|p1a: \u6c38\u4e0d\u8a00\u8d25\n|-start|p1a: \u6c38\u4e0d\u8a00\u8d25|move: Yawn|[of] p2a: Hippowdon\n|\n|-weather|Sandstorm|[upkeep]\n|upkeep\n|turn|34\n|\n|t:|1700977968\n|move|p1a: \u6c38\u4e0d\u8a00\u8d25|Earthquake|p2a: Hippowdon\n|-damage|p2a: Hippowdon|11\/100\n|-enditem|p2a: Hippowdon|Sitrus Berry|[eat]\n|-heal|p2a: Hippowdon|36\/100|[from] item: Sitrus Berry\n|move|p2a: Hippowdon|Stealth Rock|p1a: \u6c38\u4e0d\u8a00\u8d25\n|-sidestart|p1: yugontianyi|move: Stealth Rock\n|\n|-weather|Sandstorm|[upkeep]\n|-end|p1a: \u6c38\u4e0d\u8a00\u8d25|move: Yawn|[silent]\n|-status|p1a: \u6c38\u4e0d\u8a00\u8d25|slp\n|upkeep\n|turn|35\n|\n|t:|1700977977\n|cant|p1a: \u6c38\u4e0d\u8a00\u8d25|slp\n|move|p2a: Hippowdon|Earthquake|p1a: \u6c38\u4e0d\u8a00\u8d25\n|-damage|p1a: \u6c38\u4e0d\u8a00\u8d25|0 fnt\n|faint|p1a: \u6c38\u4e0d\u8a00\u8d25\n|\n|-weather|Sandstorm|[upkeep]\n|upkeep\n|\n|t:|1700977981\n|switch|p1a: Exeggutor|Exeggutor-Alola, M|94\/100\n|-damage|p1a: Exeggutor|82\/100|[from] Stealth Rock\n|turn|36\n|\n|t:|1700977988\n|move|p1a: Exeggutor|Sleep Powder|p2a: Hippowdon|[miss]\n|-miss|p1a: Exeggutor|p2a: Hippowdon\n|move|p2a: Hippowdon|Roar|p1a: Exeggutor\n|drag|p1a: Turtonator|Turtonator, M|100\/100\n|-damage|p1a: Turtonator|76\/100|[from] Stealth Rock\n|\n|-weather|none\n|upkeep\n|turn|37\n|\n|t:|1700977995\n|move|p2a: Hippowdon|Earthquake|p1a: Turtonator\n|-supereffective|p1a: Turtonator\n|-damage|p1a: Turtonator|26\/100\n|move|p1a: Turtonator|Rapid Spin|p2a: Hippowdon\n|-damage|p2a: Hippowdon|31\/100\n|-boost|p1a: Turtonator|spe|1\n|-sideend|p1: yugontianyi|Stealth Rock|[from] move: Rapid Spin|[of] p1a: Turtonator\n|\n|upkeep\n|turn|38\n|\n|t:|1700978002\n|move|p1a: Turtonator|Heat Wave|p2a: Hippowdon|[miss]\n|-miss|p1a: Turtonator|p2a: Hippowdon\n|move|p2a: Hippowdon|Earthquake|p1a: Turtonator\n|-supereffective|p1a: Turtonator\n|-damage|p1a: Turtonator|0 fnt\n|faint|p1a: Turtonator\n|\n|upkeep\n|\n|t:|1700978004\n|switch|p1a: Exeggutor|Exeggutor-Alola, M|82\/100\n|turn|39\n|\n|t:|1700978009\n|move|p2a: Hippowdon|Yawn|p1a: Exeggutor\n|-start|p1a: Exeggutor|move: Yawn|[of] p2a: Hippowdon\n|move|p1a: Exeggutor|Sleep Powder|p2a: Hippowdon|[miss]\n|-miss|p1a: Exeggutor|p2a: Hippowdon\n|\n|upkeep\n|turn|40\n|\n|t:|1700978017\n|move|p2a: Hippowdon|Earthquake|p1a: Exeggutor\n|-resisted|p1a: Exeggutor\n|-damage|p1a: Exeggutor|64\/100\n|move|p1a: Exeggutor|Sleep Powder|p2a: Hippowdon\n|-status|p2a: Hippowdon|slp|[from] move: Sleep Powder\n|\n|-end|p1a: Exeggutor|move: Yawn|[silent]\n|-status|p1a: Exeggutor|slp\n|upkeep\n|turn|41\n|\n|t:|1700978026\n|switch|p2a: Garchomp|Garchomp, F, shiny|100\/100\n|cant|p1a: Exeggutor|slp\n|\n|upkeep\n|turn|42\n|\n|t:|1700978031\n|move|p2a: Garchomp|Scale Shot|p1a: Exeggutor\n|-supereffective|p1a: Exeggutor\n|-damage|p1a: Exeggutor|40\/100 slp\n|-supereffective|p1a: Exeggutor\n|-damage|p1a: Exeggutor|14\/100 slp\n|-supereffective|p1a: Exeggutor\n|-damage|p1a: Exeggutor|0 fnt\n|faint|p1a: Exeggutor\n|-hitcount|p1: Exeggutor|3\n|\n|win|xinxinguangcan\n","uploadtime":1700978045,"views":5,"p1id":"yugontianyi","p2id":"xinxinguangcan","formatid":"gen9nationaldex","rating":0,"private":0,"password":""}