{"id":"gen9nationaldex-1988602830","p1":"female charizard","p2":"ASRoots","format":"[Gen 9] National Dex","log":"|j|\u2606female charizard\n|j|\u2606ASRoots\n|t:|1699740848\n|gametype|singles\n|player|p1|female charizard|170|1149\n|player|p2|ASRoots|byron|1170\n|teamsize|p1|6\n|teamsize|p2|6\n|gen|9\n|tier|[Gen 9] National Dex\n|rated|\n|rule|HP Percentage Mod: HP is shown in percentages\n|rule|Endless Battle Clause: Forcing endless battles is banned\n|rule|OHKO Clause: OHKO moves are banned\n|rule|Evasion Clause: Evasion abilities, items, and moves are banned\n|rule|Evasion Abilities Clause: Evasion abilities are banned\n|rule|Evasion Items Clause: Evasion items are banned\n|rule|Evasion Moves Clause: Evasion moves are banned\n|rule|Species Clause: Limit one of each Pok\u00e9mon\n|rule|Sleep Clause Mod: Limit one foe put to sleep\n|clearpoke\n|poke|p1|Kyurem|\n|poke|p1|Abomasnow, F|\n|poke|p1|Breloom, F|\n|poke|p1|Rhyperior, M|\n|poke|p1|Ogerpon-Wellspring, F|\n|poke|p1|Ekans, M|\n|poke|p2|Ditto|\n|poke|p2|Charizard, F|\n|poke|p2|Gengar, M|\n|poke|p2|Probopass, L1, F|\n|poke|p2|Lucario, M|\n|poke|p2|Salazzle, F|\n|teampreview\n|inactive|Battle timer is ON: inactive players will automatically lose when time's up. (requested by ASRoots)\n|l|\u2606ASRoots\n|inactive|ASRoots disconnected and has a minute to reconnect!\n|player|p2|\n|\n|t:|1699740852\n|start\n|switch|p1a: thanks|Ekans, M|100\/100\n|switch|p2a: d toe|Ditto|100\/100\n|-transform|p2a: d toe|p1a: thanks|[from] ability: Imposter\n|-ability|p2a: d toe|Intimidate|boost\n|-unboost|p1a: thanks|atk|1\n|-ability|p1a: thanks|Intimidate|boost\n|-unboost|p2a: d toe|atk|1\n|turn|1\n|j|\u2606ASRoots\n|inactive|ASRoots reconnected and has 140 seconds left.\n|player|p2|ASRoots|byron\n|\n|t:|1699740872\n|switch|p1a: bisexual|Breloom, F|100\/100\n|move|p2a: d toe|Earthquake|p1a: bisexual\n|-resisted|p1a: bisexual\n|-damage|p1a: bisexual|89\/100\n|\n|upkeep\n|turn|2\n|\n|t:|1699740885\n|switch|p2a: wut|Salazzle, F|100\/100\n|move|p1a: bisexual|Spore|p2a: wut\n|-status|p2a: wut|slp|[from] move: Spore\n|\n|upkeep\n|turn|3\n|\n|t:|1699740892\n|cant|p2a: wut|slp\n|move|p1a: bisexual|Dynamic Punch|p2a: wut\n|-resisted|p2a: wut\n|-damage|p2a: wut|64\/100 slp\n|-start|p2a: wut|confusion\n|\n|-heal|p2a: wut|70\/100 slp|[from] item: Leftovers\n|upkeep\n|turn|4\n|\n|t:|1699740901\n|-curestatus|p2a: wut|slp|[msg]\n|-activate|p2a: wut|confusion\n|move|p2a: wut|Toxic|p1a: bisexual\n|-status|p1a: bisexual|tox\n|move|p1a: bisexual|Dynamic Punch|p2a: wut|[miss]\n|-miss|p1a: bisexual|p2a: wut\n|-enditem|p1a: bisexual|Blunder Policy\n|-boost|p1a: bisexual|spe|2\n|\n|-heal|p2a: wut|77\/100|[from] item: Leftovers\n|-damage|p1a: bisexual|83\/100 tox|[from] psn\n|upkeep\n|turn|5\n|\n|t:|1699740915\n|move|p1a: bisexual|Spore|p2a: wut\n|-status|p2a: wut|slp|[from] move: Spore\n|cant|p2a: wut|slp\n|\n|-heal|p2a: wut|83\/100 slp|[from] item: Leftovers\n|-damage|p1a: bisexual|71\/100 tox|[from] psn\n|upkeep\n|turn|6\n|\n|t:|1699740926\n|move|p1a: bisexual|Dynamic Punch|p2a: wut|[miss]\n|-miss|p1a: bisexual|p2a: wut\n|cant|p2a: wut|slp\n|\n|-heal|p2a: wut|89\/100 slp|[from] item: Leftovers\n|-damage|p1a: bisexual|52\/100 tox|[from] psn\n|upkeep\n|turn|7\n|\n|t:|1699740936\n|switch|p1a: mods annoy me|Ogerpon-Wellspring, F|100\/100\n|-curestatus|p2a: wut|slp|[msg]\n|-activate|p2a: wut|confusion\n|move|p2a: wut|Substitute|p2a: wut\n|-start|p2a: wut|Substitute\n|-damage|p2a: wut|64\/100\n|\n|-heal|p2a: wut|70\/100|[from] item: Leftovers\n|upkeep\n|turn|8\n|j| snugglesnfluff\n|\n|t:|1699740953\n|-end|p2a: wut|confusion\n|move|p2a: wut|Toxic|p1a: mods annoy me\n|-status|p1a: mods annoy me|tox\n|move|p1a: mods annoy me|Encore|p2a: wut\n|-start|p2a: wut|Encore\n|\n|-heal|p2a: wut|77\/100|[from] item: Leftovers\n|-damage|p1a: mods annoy me|95\/100 tox|[from] psn\n|upkeep\n|turn|9\n|j| kung fu pokechu\n|\n|t:|1699740970\n|move|p2a: wut|Toxic|p1a: mods annoy me\n|-fail|p1a: mods annoy me|tox\n|move|p1a: mods annoy me|Ivy Cudgel|p2a: wut\n|-supereffective|p2a: wut\n|-end|p2a: wut|Substitute\n|\n|-heal|p2a: wut|83\/100|[from] item: Leftovers\n|-damage|p1a: mods annoy me|83\/100 tox|[from] psn\n|upkeep\n|turn|10\n|j| less might be more\n|\n|t:|1699740982\n|switch|p2a: d toe|Ditto|100\/100\n|-transform|p2a: d toe|p1a: mods annoy me|[from] ability: Imposter\n|move|p1a: mods annoy me|Ivy Cudgel|p2a: d toe\n|-immune|p2a: d toe|[from] ability: Water Absorb\n|\n|-damage|p1a: mods annoy me|65\/100 tox|[from] psn\n|upkeep\n|turn|11\n|\n|t:|1699740994\n|switch|p1a: pressure friends|Kyurem|100\/100\n|-ability|p1a: pressure friends|Pressure\n|move|p2a: d toe|Encore||[still]\n|-fail|p2a: d toe\n|\n|upkeep\n|turn|12\n|\n|t:|1699741000\n|switch|p2a: wut|Salazzle, F|83\/100\n|move|p1a: pressure friends|Freeze-Dry|p2a: wut\n|-resisted|p2a: wut\n|-damage|p2a: wut|60\/100\n|\n|-heal|p2a: wut|67\/100|[from] item: Leftovers\n|upkeep\n|turn|13\n|\n|t:|1699741008\n|switch|p1a: thanks|Ekans, M|100\/100\n|-ability|p1a: thanks|Intimidate|boost\n|-unboost|p2a: wut|atk|1\n|move|p2a: wut|Substitute|p2a: wut\n|-start|p2a: wut|Substitute\n|-damage|p2a: wut|42\/100\n|\n|-heal|p2a: wut|48\/100|[from] item: Leftovers\n|upkeep\n|turn|14\n|\n|t:|1699741017\n|move|p2a: wut|Toxic|p1a: thanks\n|-status|p1a: thanks|tox\n|move|p1a: thanks|Earthquake|p2a: wut\n|-supereffective|p2a: wut\n|-end|p2a: wut|Substitute\n|\n|-heal|p2a: wut|54\/100|[from] item: Leftovers\n|-damage|p1a: thanks|94\/100 tox|[from] psn\n|upkeep\n|turn|15\n|\n|t:|1699741027\n|move|p2a: wut|Protect|p2a: wut\n|-singleturn|p2a: wut|Protect\n|move|p1a: thanks|Glare|p2a: wut\n|-activate|p2a: wut|move: Protect\n|\n|-heal|p2a: wut|60\/100|[from] item: Leftovers\n|-damage|p1a: thanks|82\/100 tox|[from] psn\n|upkeep\n|turn|16\n|\n|t:|1699741036\n|move|p2a: wut|Substitute|p2a: wut\n|-start|p2a: wut|Substitute\n|-damage|p2a: wut|36\/100\n|move|p1a: thanks|Earthquake|p2a: wut\n|-supereffective|p2a: wut\n|-end|p2a: wut|Substitute\n|\n|-heal|p2a: wut|42\/100|[from] item: Leftovers\n|-damage|p1a: thanks|63\/100 tox|[from] psn\n|upkeep\n|turn|17\n|inactive|female charizard has 120 seconds left.\n|\n|t:|1699741074\n|move|p2a: wut|Substitute|p2a: wut\n|-start|p2a: wut|Substitute\n|-damage|p2a: wut|17\/100\n|move|p1a: thanks|Earthquake|p2a: wut\n|-supereffective|p2a: wut\n|-end|p2a: wut|Substitute\n|\n|-heal|p2a: wut|23\/100|[from] item: Leftovers\n|-damage|p1a: thanks|38\/100 tox|[from] psn\n|upkeep\n|turn|18\n|\n|t:|1699741084\n|move|p2a: wut|Protect|p2a: wut\n|-singleturn|p2a: wut|Protect\n|move|p1a: thanks|Earthquake|p2a: wut\n|-activate|p2a: wut|move: Protect\n|\n|-heal|p2a: wut|29\/100|[from] item: Leftovers\n|-damage|p1a: thanks|7\/100 tox|[from] psn\n|upkeep\n|turn|19\n|\n|t:|1699741093\n|move|p2a: wut|Flamethrower|p1a: thanks\n|-damage|p1a: thanks|0 fnt\n|faint|p1a: thanks\n|\n|-heal|p2a: wut|36\/100|[from] item: Leftovers\n|upkeep\n|\n|t:|1699741101\n|switch|p1a: mods annoy me|Ogerpon-Wellspring, F|65\/100 tox\n|turn|20\n|\n|t:|1699741105\n|move|p2a: wut|Protect|p2a: wut\n|-singleturn|p2a: wut|Protect\n|move|p1a: mods annoy me|Horn Leech|p2a: wut\n|-activate|p2a: wut|move: Protect\n|\n|-heal|p2a: wut|42\/100|[from] item: Leftovers\n|-damage|p1a: mods annoy me|59\/100 tox|[from] psn\n|upkeep\n|turn|21\n|\n|t:|1699741120\n|move|p2a: wut|Substitute|p2a: wut\n|-start|p2a: wut|Substitute\n|-damage|p2a: wut|17\/100\n|move|p1a: mods annoy me|Ivy Cudgel|p2a: wut\n|-supereffective|p2a: wut\n|-end|p2a: wut|Substitute\n|\n|-heal|p2a: wut|23\/100|[from] item: Leftovers\n|-damage|p1a: mods annoy me|47\/100 tox|[from] psn\n|upkeep\n|turn|22\n|\n|t:|1699741130\n|move|p2a: wut|Protect|p2a: wut\n|-singleturn|p2a: wut|Protect\n|move|p1a: mods annoy me|Encore|p2a: wut\n|-activate|p2a: wut|move: Protect\n|\n|-heal|p2a: wut|29\/100|[from] item: Leftovers\n|-damage|p1a: mods annoy me|29\/100 tox|[from] psn\n|upkeep\n|turn|23\n|\n|t:|1699741139\n|move|p2a: wut|Substitute|p2a: wut\n|-start|p2a: wut|Substitute\n|-damage|p2a: wut|5\/100\n|move|p1a: mods annoy me|Horn Leech|p2a: wut\n|-resisted|p2a: wut\n|-activate|p2a: wut|move: Substitute|[damage]\n|-heal|p1a: mods annoy me|39\/100 tox|[from] drain|[of] p2a: wut\n|\n|-heal|p2a: wut|11\/100|[from] item: Leftovers\n|-damage|p1a: mods annoy me|15\/100 tox|[from] psn\n|upkeep\n|turn|24\n|\n|t:|1699741149\n|switch|p1a: SOLID SUGGESTER|Rhyperior, M|100\/100\n|move|p2a: wut|Protect||[still]\n|-fail|p2a: wut\n|\n|-heal|p2a: wut|17\/100|[from] item: Leftovers\n|upkeep\n|turn|25\n|\n|t:|1699741157\n|move|p2a: wut|Toxic|p1a: SOLID SUGGESTER\n|-status|p1a: SOLID SUGGESTER|tox\n|move|p1a: SOLID SUGGESTER|Rock Polish|p1a: SOLID SUGGESTER\n|-boost|p1a: SOLID SUGGESTER|spe|2\n|\n|-heal|p2a: wut|23\/100|[from] item: Leftovers\n|-damage|p1a: SOLID SUGGESTER|94\/100 tox|[from] psn\n|upkeep\n|turn|26\n|\n|t:|1699741166\n|move|p2a: wut|Protect|p2a: wut\n|-singleturn|p2a: wut|Protect\n|move|p1a: SOLID SUGGESTER|Rock Blast|p2a: wut\n|-activate|p2a: wut|move: Protect\n|\n|-heal|p2a: wut|29\/100|[from] item: Leftovers\n|-damage|p1a: SOLID SUGGESTER|82\/100 tox|[from] psn\n|upkeep\n|turn|27\n|\n|t:|1699741184\n|move|p1a: SOLID SUGGESTER|Rock Blast|p2a: wut|[miss]\n|-miss|p1a: SOLID SUGGESTER|p2a: wut\n|move|p2a: wut|Flamethrower|p1a: SOLID SUGGESTER\n|-resisted|p1a: SOLID SUGGESTER\n|-damage|p1a: SOLID SUGGESTER|57\/100 tox\n|\n|-heal|p2a: wut|36\/100|[from] item: Leftovers\n|-damage|p1a: SOLID SUGGESTER|38\/100 tox|[from] psn\n|upkeep\n|turn|28\n|\n|t:|1699741200\n|move|p2a: wut|Protect|p2a: wut\n|-singleturn|p2a: wut|Protect\n|move|p1a: SOLID SUGGESTER|Rock Blast|p2a: wut\n|-activate|p2a: wut|move: Protect\n|\n|-heal|p2a: wut|42\/100|[from] item: Leftovers\n|-damage|p1a: SOLID SUGGESTER|13\/100 tox|[from] psn\n|upkeep\n|turn|29\n|\n|t:|1699741210\n|move|p1a: SOLID SUGGESTER|Rock Blast|p2a: wut\n|-supereffective|p2a: wut\n|-end|p2a: wut|Substitute\n|-supereffective|p2a: wut\n|-damage|p2a: wut|1\/100\n|-supereffective|p2a: wut\n|-damage|p2a: wut|0 fnt\n|faint|p2a: wut\n|-hitcount|p2: wut|3\n|\n|-damage|p1a: SOLID SUGGESTER|0 fnt|[from] psn\n|faint|p1a: SOLID SUGGESTER\n|upkeep\n|\n|t:|1699741226\n|switch|p2a: lou|Lucario, M, shiny|100\/100\n|switch|p1a: A subtle joke|Abomasnow, F|100\/100\n|-weather|Snow|[from] ability: Snow Warning|[of] p1a: A subtle joke\n|turn|30\n|\n|t:|1699741245\n|-terastallize|p1a: A subtle joke|Water\n|move|p2a: lou|Close Combat|p1a: A subtle joke\n|-damage|p1a: A subtle joke|37\/100\n|-unboost|p2a: lou|def|1\n|-unboost|p2a: lou|spd|1\n|move|p1a: A subtle joke|Aurora Veil|p1a: A subtle joke\n|-sidestart|p1: female charizard|move: Aurora Veil\n|\n|-weather|Snow|[upkeep]\n|upkeep\n|turn|31\n|\n|t:|1699741255\n|move|p2a: lou|Close Combat|p1a: A subtle joke\n|-damage|p1a: A subtle joke|6\/100\n|-unboost|p2a: lou|def|1\n|-unboost|p2a: lou|spd|1\n|move|p1a: A subtle joke|Blizzard|p2a: lou\n|-resisted|p2a: lou\n|-damage|p2a: lou|49\/100\n|\n|-weather|Snow|[upkeep]\n|upkeep\n|turn|32\n|\n|t:|1699741273\n|move|p2a: lou|Extreme Speed|p1a: A subtle joke\n|-damage|p1a: A subtle joke|0 fnt\n|faint|p1a: A subtle joke\n|\n|-weather|Snow|[upkeep]\n|upkeep\n|\n|t:|1699741280\n|switch|p1a: pressure friends|Kyurem|100\/100\n|-ability|p1a: pressure friends|Pressure\n|turn|33\n|\n|t:|1699741285\n|move|p1a: pressure friends|Substitute|p1a: pressure friends\n|-start|p1a: pressure friends|Substitute\n|-damage|p1a: pressure friends|76\/100\n|move|p2a: lou|Close Combat|p1a: pressure friends\n|-supereffective|p1a: pressure friends\n|-end|p1a: pressure friends|Substitute\n|-unboost|p2a: lou|def|1\n|-unboost|p2a: lou|spd|1\n|\n|-weather|Snow|[upkeep]\n|-heal|p1a: pressure friends|82\/100|[from] item: Leftovers\n|upkeep\n|turn|34\n|\n|t:|1699741301\n|move|p1a: pressure friends|Freeze-Dry|p2a: lou\n|-resisted|p2a: lou\n|-damage|p2a: lou|8\/100\n|move|p2a: lou|Close Combat|p1a: pressure friends\n|-supereffective|p1a: pressure friends\n|-damage|p1a: pressure friends|51\/100\n|-unboost|p2a: lou|def|1\n|-unboost|p2a: lou|spd|1\n|\n|-weather|none\n|-heal|p1a: pressure friends|57\/100|[from] item: Leftovers\n|upkeep\n|turn|35\n|j| imbleach\n|\n|t:|1699741314\n|move|p2a: lou|Bullet Punch|p1a: pressure friends\n|-supereffective|p1a: pressure friends\n|-damage|p1a: pressure friends|42\/100\n|move|p1a: pressure friends|Roost|p1a: pressure friends\n|-heal|p1a: pressure friends|92\/100\n|-singleturn|p1a: pressure friends|move: Roost\n|\n|-heal|p1a: pressure friends|98\/100|[from] item: Leftovers\n|upkeep\n|turn|36\n|\n|t:|1699741322\n|move|p2a: lou|Bullet Punch|p1a: pressure friends\n|-supereffective|p1a: pressure friends\n|-damage|p1a: pressure friends|82\/100\n|move|p1a: pressure friends|Freeze-Dry|p2a: lou\n|-resisted|p2a: lou\n|-damage|p2a: lou|0 fnt\n|faint|p2a: lou\n|\n|-heal|p1a: pressure friends|88\/100|[from] item: Leftovers\n|upkeep\n|\n|t:|1699741333\n|switch|p2a: nose|Probopass, L1, F, shiny|100\/100\n|turn|37\n|\n|t:|1699741337\n|move|p1a: pressure friends|Substitute|p1a: pressure friends\n|-start|p1a: pressure friends|Substitute\n|-damage|p1a: pressure friends|63\/100\n|move|p2a: nose|Pain Split||[still]\n|-fail|p2a: nose\n|\n|-heal|p1a: pressure friends|69\/100|[from] item: Leftovers\n|-sideend|p1: female charizard|move: Aurora Veil\n|upkeep\n|turn|38\n|c|\u2606female charizard|rip good goy\n|\n|t:|1699741351\n|switch|p2a: Dracarys|Charizard, F, shiny|100\/100\n|move|p1a: pressure friends|Freeze-Dry|p2a: Dracarys\n|-damage|p2a: Dracarys|59\/100\n|\n|-heal|p1a: pressure friends|75\/100|[from] item: Leftovers\n|upkeep\n|turn|39\n|\n|t:|1699741360\n|detailschange|p2a: Dracarys|Charizard-Mega-Y, F, shiny\n|-mega|p2a: Dracarys|Charizard|Charizardite Y\n|-weather|SunnyDay|[from] ability: Drought|[of] p2a: Dracarys\n|move|p2a: Dracarys|Weather Ball|p1a: pressure friends\n|-end|p1a: pressure friends|Substitute\n|move|p1a: pressure friends|Freeze-Dry|p2a: Dracarys\n|-damage|p2a: Dracarys|26\/100\n|\n|-weather|SunnyDay|[upkeep]\n|-heal|p1a: pressure friends|82\/100|[from] item: Leftovers\n|upkeep\n|turn|40\n|\n|t:|1699741372\n|move|p1a: pressure friends|Protect|p1a: pressure friends\n|-singleturn|p1a: pressure friends|Protect\n|move|p2a: Dracarys|Weather Ball|p1a: pressure friends\n|-activate|p1a: pressure friends|move: Protect\n|\n|-weather|SunnyDay|[upkeep]\n|-heal|p1a: pressure friends|88\/100|[from] item: Leftovers\n|upkeep\n|turn|41\n|\n|t:|1699741380\n|switch|p1a: mods annoy me|Ogerpon-Wellspring, F|15\/100 tox\n|move|p2a: Dracarys|Weather Ball|p1a: mods annoy me\n|-damage|p1a: mods annoy me|0 fnt\n|faint|p1a: mods annoy me\n|\n|-weather|SunnyDay|[upkeep]\n|upkeep\n|\n|t:|1699741387\n|switch|p1a: pressure friends|Kyurem|88\/100\n|-ability|p1a: pressure friends|Pressure\n|turn|42\n|\n|t:|1699741393\n|move|p1a: pressure friends|Protect|p1a: pressure friends\n|-singleturn|p1a: pressure friends|Protect\n|move|p2a: Dracarys|Weather Ball|p1a: pressure friends\n|-activate|p1a: pressure friends|move: Protect\n|\n|-weather|SunnyDay|[upkeep]\n|-heal|p1a: pressure friends|94\/100|[from] item: Leftovers\n|upkeep\n|turn|43\n|\n|t:|1699741405\n|switch|p1a: bisexual|Breloom, F|52\/100 tox\n|move|p2a: Dracarys|Weather Ball|p1a: bisexual\n|-supereffective|p1a: bisexual\n|-damage|p1a: bisexual|0 fnt\n|faint|p1a: bisexual\n|\n|-weather|none\n|upkeep\n|\n|t:|1699741406\n|switch|p1a: pressure friends|Kyurem|94\/100\n|-ability|p1a: pressure friends|Pressure\n|turn|44\n|\n|t:|1699741419\n|switch|p2a: d toe|Ditto|100\/100\n|-transform|p2a: d toe|p1a: pressure friends|[from] ability: Imposter\n|-ability|p2a: d toe|Pressure\n|move|p1a: pressure friends|Substitute|p1a: pressure friends\n|-start|p1a: pressure friends|Substitute\n|-damage|p1a: pressure friends|69\/100\n|\n|-heal|p1a: pressure friends|75\/100|[from] item: Leftovers\n|upkeep\n|turn|45\n|\n|t:|1699741431\n|move|p2a: d toe|Freeze-Dry|p1a: pressure friends\n|-activate|p1a: pressure friends|move: Substitute|[damage]\n|move|p1a: pressure friends|Freeze-Dry|p2a: d toe\n|-damage|p2a: d toe|60\/100\n|\n|-heal|p1a: pressure friends|81\/100|[from] item: Leftovers\n|upkeep\n|turn|46\n|\n|t:|1699741442\n|move|p1a: pressure friends|Protect|p1a: pressure friends\n|-singleturn|p1a: pressure friends|Protect\n|move|p2a: d toe|Freeze-Dry|p1a: pressure friends\n|-activate|p1a: pressure friends|move: Protect\n|\n|-heal|p1a: pressure friends|87\/100|[from] item: Leftovers\n|upkeep\n|turn|47\n|\n|t:|1699741445\n|move|p2a: d toe|Freeze-Dry|p1a: pressure friends\n|-end|p1a: pressure friends|Substitute\n|move|p1a: pressure friends|Substitute|p1a: pressure friends\n|-start|p1a: pressure friends|Substitute\n|-damage|p1a: pressure friends|63\/100\n|\n|-heal|p1a: pressure friends|69\/100|[from] item: Leftovers\n|upkeep\n|turn|48\n|\n|t:|1699741454\n|-activate|p2a: d toe|move: Struggle\n|move|p2a: d toe|Struggle|p1a: pressure friends\n|-activate|p1a: pressure friends|move: Substitute|[damage]\n|-damage|p2a: d toe|35\/100|[from] recoil\n|move|p1a: pressure friends|Roost|p1a: pressure friends\n|-heal|p1a: pressure friends|100\/100\n|-singleturn|p1a: pressure friends|move: Roost\n|\n|upkeep\n|turn|49\n|\n|t:|1699741462\n|-activate|p2a: d toe|move: Struggle\n|move|p2a: d toe|Struggle|p1a: pressure friends\n|-activate|p1a: pressure friends|move: Substitute|[damage]\n|-damage|p2a: d toe|10\/100|[from] recoil\n|move|p1a: pressure friends|Freeze-Dry|p2a: d toe\n|-damage|p2a: d toe|0 fnt\n|faint|p2a: d toe\n|\n|upkeep\n|\n|t:|1699741475\n|switch|p2a: boo|Gengar, M|100\/100\n|turn|50\n|\n|t:|1699741482\n|-terastallize|p2a: boo|Ghost\n|move|p2a: boo|Shadow Ball|p1a: pressure friends\n|-end|p1a: pressure friends|Substitute\n|move|p1a: pressure friends|Freeze-Dry|p2a: boo\n|-damage|p2a: boo|53\/100\n|-start|p1a: pressure friends|Disable|Freeze-Dry|[from] ability: Cursed Body|[of] p2a: boo\n|\n|upkeep\n|turn|51\n|\n|t:|1699741492\n|move|p2a: boo|Shadow Ball|p1a: pressure friends\n|-damage|p1a: pressure friends|52\/100\n|move|p1a: pressure friends|Substitute|p1a: pressure friends\n|-start|p1a: pressure friends|Substitute\n|-damage|p1a: pressure friends|27\/100\n|\n|-heal|p1a: pressure friends|33\/100|[from] item: Leftovers\n|upkeep\n|turn|52\n|\n|t:|1699741513\n|move|p1a: pressure friends|Protect|p1a: pressure friends\n|-singleturn|p1a: pressure friends|Protect\n|move|p2a: boo|Nasty Plot|p2a: boo\n|-boost|p2a: boo|spa|2\n|\n|-heal|p1a: pressure friends|39\/100|[from] item: Leftovers\n|upkeep\n|turn|53\n|\n|t:|1699741522\n|move|p2a: boo|Shadow Ball|p1a: pressure friends\n|-end|p1a: pressure friends|Substitute\n|move|p1a: pressure friends|Roost|p1a: pressure friends\n|-heal|p1a: pressure friends|89\/100\n|-singleturn|p1a: pressure friends|move: Roost\n|\n|-heal|p1a: pressure friends|96\/100|[from] item: Leftovers\n|-end|p1a: pressure friends|Disable\n|upkeep\n|turn|54\n|\n|t:|1699741531\n|move|p1a: pressure friends|Protect|p1a: pressure friends\n|-singleturn|p1a: pressure friends|Protect\n|move|p2a: boo|Shadow Ball|p1a: pressure friends\n|-activate|p1a: pressure friends|move: Protect\n|\n|-heal|p1a: pressure friends|100\/100|[from] item: Leftovers\n|upkeep\n|turn|55\n|\n|t:|1699741539\n|move|p2a: boo|Shadow Ball|p1a: pressure friends\n|-damage|p1a: pressure friends|11\/100\n|-unboost|p1a: pressure friends|spd|1\n|move|p1a: pressure friends|Roost|p1a: pressure friends\n|-heal|p1a: pressure friends|61\/100\n|-singleturn|p1a: pressure friends|move: Roost\n|\n|-heal|p1a: pressure friends|68\/100|[from] item: Leftovers\n|upkeep\n|turn|56\n|\n|t:|1699741549\n|move|p1a: pressure friends|Protect|p1a: pressure friends\n|-singleturn|p1a: pressure friends|Protect\n|move|p2a: boo|Shadow Ball|p1a: pressure friends\n|-activate|p1a: pressure friends|move: Protect\n|\n|-heal|p1a: pressure friends|74\/100|[from] item: Leftovers\n|upkeep\n|turn|57\n|\n|t:|1699741555\n|move|p1a: pressure friends|Protect||[still]\n|-fail|p1a: pressure friends\n|move|p2a: boo|Shadow Ball|p1a: pressure friends\n|-damage|p1a: pressure friends|0 fnt\n|faint|p1a: pressure friends\n|\n|win|ASRoots\n|raw|female charizard's rating: 1125 &rarr; <strong>1103<\/strong><br \/>(-22 for losing)\n|raw|ASRoots's rating: 1170 &rarr; <strong>1192<\/strong><br \/>(+22 for winning)\n","uploadtime":1699741567,"views":5,"p1id":"femalecharizard","p2id":"asroots","formatid":"gen9nationaldex","rating":1103,"private":0,"password":""}