{"id":"gen9nationaldex-1992780724","p1":"Hashtag 628","p2":"Gollark","format":"[Gen 9] National Dex","log":"|j|\u2606Hashtag 628\n|j|\u2606Gollark\n|t:|1700234851\n|gametype|singles\n|player|p1|Hashtag 628|dancer|1387\n|player|p2|Gollark|lady|1499\n|teamsize|p1|6\n|teamsize|p2|6\n|gen|9\n|tier|[Gen 9] National Dex\n|rated|\n|rule|HP Percentage Mod: HP is shown in percentages\n|rule|Endless Battle Clause: Forcing endless battles is banned\n|rule|OHKO Clause: OHKO moves are banned\n|rule|Evasion Clause: Evasion abilities, items, and moves are banned\n|rule|Evasion Abilities Clause: Evasion abilities are banned\n|rule|Evasion Items Clause: Evasion items are banned\n|rule|Evasion Moves Clause: Evasion moves are banned\n|rule|Species Clause: Limit one of each Pok\u00e9mon\n|rule|Sleep Clause Mod: Limit one foe put to sleep\n|clearpoke\n|poke|p1|Celesteela|\n|poke|p1|Iron Treads|\n|poke|p1|Ogerpon-Wellspring, F|\n|poke|p1|Sableye, M|\n|poke|p1|Tapu Koko|\n|poke|p1|Iron Hands|\n|poke|p2|Persian-Alola, F|\n|poke|p2|Vivillon-Fancy, F|\n|poke|p2|Ambipom, F|\n|poke|p2|Lokix, F|\n|poke|p2|Electrode-Hisui|\n|poke|p2|Starmie|\n|teampreview\n|inactive|Battle timer is ON: inactive players will automatically lose when time's up. (requested by Gollark)\n|\n|t:|1700234865\n|start\n|switch|p1a: Tapu Koko|Tapu Koko|100\/100\n|switch|p2a: Electrode|Electrode-Hisui|100\/100\n|-fieldstart|move: Electric Terrain|[from] ability: Electric Surge|[of] p1a: Tapu Koko\n|turn|1\n|\n|t:|1700234877\n|switch|p1a: Iron Hands|Iron Hands|100\/100\n|-activate|p1a: Iron Hands|ability: Quark Drive\n|-start|p1a: Iron Hands|quarkdriveatk\n|move|p2a: Electrode|Chloroblast|p1a: Iron Hands\n|-damage|p1a: Iron Hands|45\/100\n|-damage|p2a: Electrode|50\/100|[from] Recoil\n|\n|upkeep\n|turn|2\n|\n|t:|1700234897\n|move|p2a: Electrode|Chloroblast|p1a: Iron Hands\n|-damage|p1a: Iron Hands|0 fnt\n|faint|p1a: Iron Hands\n|-end|p1a: Iron Hands|Quark Drive|[silent]\n|-damage|p2a: Electrode|0 fnt|[from] Recoil\n|faint|p2a: Electrode\n|\n|upkeep\n|\n|t:|1700234914\n|switch|p2a: Vivillon|Vivillon-Fancy, F|100\/100\n|switch|p1a: Sableye|Sableye, M|100\/100\n|turn|3\n|\n|t:|1700234923\n|detailschange|p1a: Sableye|Sableye-Mega, M\n|-mega|p1a: Sableye|Sableye|Sablenite\n|move|p2a: Vivillon|Substitute|p2a: Vivillon\n|-start|p2a: Vivillon|Substitute\n|-damage|p2a: Vivillon|76\/100\n|move|p1a: Sableye|Knock Off|p2a: Vivillon\n|-end|p2a: Vivillon|Substitute\n|\n|-heal|p2a: Vivillon|82\/100|[from] item: Leftovers\n|upkeep\n|turn|4\n|\n|t:|1700234939\n|switch|p2a: Persian|Persian-Alola, F|100\/100\n|move|p1a: Sableye|Knock Off|p2a: Persian\n|-resisted|p2a: Persian\n|-damage|p2a: Persian|93\/100\n|-damage|p1a: Sableye|84\/100|[from] item: Rocky Helmet|[of] p2a: Persian\n|-enditem|p2a: Persian|Rocky Helmet|[from] move: Knock Off|[of] p1a: Sableye\n|\n|upkeep\n|turn|5\n|\n|t:|1700234947\n|move|p2a: Persian|Parting Shot|p1a: Sableye\n|move|p1a: Sableye|Parting Shot|p2a: Persian|[from]ability: Magic Bounce\n|-unboost|p2a: Persian|atk|1\n|-unboost|p2a: Persian|spa|1\n|\n|t:|1700234955\n|switch|p1a: Tapu Koko|Tapu Koko|100\/100|[from] Parting Shot\n|\n|-fieldend|move: Electric Terrain\n|upkeep\n|turn|6\n|\n|t:|1700234966\n|move|p1a: Tapu Koko|Thunderbolt|p2a: Persian\n|-damage|p2a: Persian|12\/100\n|move|p2a: Persian|Parting Shot|p1a: Tapu Koko\n|-unboost|p1a: Tapu Koko|atk|1\n|-unboost|p1a: Tapu Koko|spa|1\n|inactive|Gollark has 120 seconds left.\n|\n|t:|1700234993\n|switch|p2a: Vivillon|Vivillon-Fancy, F|82\/100|[from] Parting Shot\n|\n|-heal|p2a: Vivillon|88\/100|[from] item: Leftovers\n|upkeep\n|turn|7\n|\n|t:|1700234999\n|switch|p1a: Sableye|Sableye-Mega, M|84\/100\n|-terastallize|p2a: Vivillon|Steel\n|move|p2a: Vivillon|Quiver Dance|p2a: Vivillon\n|-boost|p2a: Vivillon|spa|1\n|-boost|p2a: Vivillon|spd|1\n|-boost|p2a: Vivillon|spe|1\n|\n|-heal|p2a: Vivillon|94\/100|[from] item: Leftovers\n|upkeep\n|turn|8\n|\n|t:|1700235007\n|move|p2a: Vivillon|Hurricane|p1a: Sableye\n|-damage|p1a: Sableye|33\/100\n|-start|p1a: Sableye|confusion\n|-activate|p1a: Sableye|confusion\n|move|p1a: Sableye|Knock Off|p2a: Vivillon\n|-damage|p2a: Vivillon|33\/100\n|-enditem|p2a: Vivillon|Leftovers|[from] move: Knock Off|[of] p1a: Sableye\n|\n|upkeep\n|turn|9\n|\n|t:|1700235018\n|move|p2a: Vivillon|Hurricane|p1a: Sableye\n|-damage|p1a: Sableye|0 fnt\n|faint|p1a: Sableye\n|\n|upkeep\n|\n|t:|1700235022\n|switch|p1a: Celesteela|Celesteela|100\/100\n|turn|10\n|\n|t:|1700235028\n|move|p2a: Vivillon|Sleep Powder|p1a: Celesteela\n|-status|p1a: Celesteela|slp|[from] move: Sleep Powder\n|cant|p1a: Celesteela|slp\n|\n|upkeep\n|turn|11\n|\n|t:|1700235033\n|move|p2a: Vivillon|Quiver Dance|p2a: Vivillon\n|-boost|p2a: Vivillon|spa|1\n|-boost|p2a: Vivillon|spd|1\n|-boost|p2a: Vivillon|spe|1\n|cant|p1a: Celesteela|slp\n|\n|upkeep\n|turn|12\n|\n|t:|1700235038\n|move|p2a: Vivillon|Substitute|p2a: Vivillon\n|-start|p2a: Vivillon|Substitute\n|-damage|p2a: Vivillon|8\/100\n|cant|p1a: Celesteela|slp\n|\n|upkeep\n|turn|13\n|\n|t:|1700235042\n|move|p2a: Vivillon|Quiver Dance|p2a: Vivillon\n|-boost|p2a: Vivillon|spa|1\n|-boost|p2a: Vivillon|spd|1\n|-boost|p2a: Vivillon|spe|1\n|-curestatus|p1a: Celesteela|slp|[msg]\n|move|p1a: Celesteela|Flash Cannon|p2a: Vivillon\n|-resisted|p2a: Vivillon\n|-activate|p2a: Vivillon|move: Substitute|[damage]\n|\n|upkeep\n|turn|14\n|\n|t:|1700235066\n|switch|p1a: Iron Treads|Iron Treads|100\/100\n|move|p2a: Vivillon|Sleep Powder|p1a: Iron Treads\n|-status|p1a: Iron Treads|slp|[from] move: Sleep Powder\n|\n|upkeep\n|turn|15\n|\n|t:|1700235080\n|-end|p1a: Iron Treads|Quark Drive|[silent]\n|switch|p1a: Celesteela|Celesteela|100\/100\n|move|p2a: Vivillon|Hurricane|p1a: Celesteela|[miss]\n|-miss|p2a: Vivillon|p1a: Celesteela\n|\n|upkeep\n|turn|16\n|\n|t:|1700235085\n|move|p2a: Vivillon|Hurricane|p1a: Celesteela\n|-resisted|p1a: Celesteela\n|-damage|p1a: Celesteela|52\/100\n|-start|p1a: Celesteela|confusion\n|-activate|p1a: Celesteela|confusion\n|-damage|p1a: Celesteela|47\/100|[from] confusion\n|\n|-heal|p1a: Celesteela|53\/100|[from] item: Leftovers\n|upkeep\n|turn|17\n|\n|t:|1700235098\n|move|p2a: Vivillon|Hurricane|p1a: Celesteela\n|-resisted|p1a: Celesteela\n|-damage|p1a: Celesteela|3\/100\n|-activate|p1a: Celesteela|confusion\n|move|p1a: Celesteela|Flash Cannon|p2a: Vivillon\n|-resisted|p2a: Vivillon\n|-activate|p2a: Vivillon|move: Substitute|[damage]\n|\n|-heal|p1a: Celesteela|9\/100|[from] item: Leftovers\n|upkeep\n|turn|18\n|\n|t:|1700235107\n|move|p2a: Vivillon|Hurricane|p1a: Celesteela\n|-resisted|p1a: Celesteela\n|-damage|p1a: Celesteela|0 fnt\n|faint|p1a: Celesteela\n|\n|upkeep\n|\n|t:|1700235116\n|switch|p1a: Iron Treads|Iron Treads|100\/100 slp\n|turn|19\n|\n|t:|1700235121\n|move|p2a: Vivillon|Hurricane|p1a: Iron Treads\n|-resisted|p1a: Iron Treads\n|-damage|p1a: Iron Treads|9\/100 slp\n|-start|p1a: Iron Treads|confusion\n|cant|p1a: Iron Treads|slp\n|\n|upkeep\n|turn|20\n|\n|t:|1700235125\n|move|p2a: Vivillon|Hurricane|p1a: Iron Treads\n|-resisted|p1a: Iron Treads\n|-damage|p1a: Iron Treads|0 fnt\n|faint|p1a: Iron Treads\n|-end|p1a: Iron Treads|Quark Drive|[silent]\n|\n|upkeep\n|\n|t:|1700235128\n|switch|p1a: Tapu Koko|Tapu Koko|100\/100\n|-fieldstart|move: Electric Terrain|[from] ability: Electric Surge|[of] p1a: Tapu Koko\n|turn|21\n|\n|t:|1700235132\n|move|p2a: Vivillon|Sleep Powder|p1a: Tapu Koko\n|-activate|p1a: Tapu Koko|move: Electric Terrain\n|move|p1a: Tapu Koko|Thunderbolt|p2a: Vivillon\n|-end|p2a: Vivillon|Substitute\n|\n|upkeep\n|turn|22\n|\n|t:|1700235136\n|move|p2a: Vivillon|Hurricane|p1a: Tapu Koko\n|-resisted|p1a: Tapu Koko\n|-damage|p1a: Tapu Koko|0 fnt\n|faint|p1a: Tapu Koko\n|\n|upkeep\n|\n|t:|1700235140\n|switch|p1a: Ogerpon|Ogerpon-Wellspring, F|100\/100\n|turn|23\n|\n|t:|1700235147\n|-terastallize|p1a: Ogerpon|Water\n|detailschange|p1a: Ogerpon|Ogerpon-Wellspring-Tera, F, tera:Water\n|-ability|p1a: Ogerpon|Embody Aspect (Wellspring)|boost\n|-boost|p1a: Ogerpon|spd|1\n|move|p2a: Vivillon|Hurricane|p1a: Ogerpon\n|-damage|p1a: Ogerpon|6\/100\n|move|p1a: Ogerpon|Trailblaze|p2a: Vivillon\n|-resisted|p2a: Vivillon\n|-damage|p2a: Vivillon|0 fnt\n|-boost|p1a: Ogerpon|spe|1\n|faint|p2a: Vivillon\n|\n|upkeep\n|\n|t:|1700235155\n|switch|p2a: Ambipom|Ambipom, F|100\/100\n|turn|24\n|\n|t:|1700235160\n|move|p2a: Ambipom|Fake Out|p1a: Ogerpon\n|-damage|p1a: Ogerpon|0 fnt\n|faint|p1a: Ogerpon\n|\n|win|Gollark\n|raw|Hashtag 628's rating: 1387 &rarr; <strong>1373<\/strong><br \/>(-14 for losing)\n|raw|Gollark's rating: 1499 &rarr; <strong>1513<\/strong><br \/>(+14 for winning)\n|l|\u2606Hashtag 628\n","uploadtime":1700235166,"views":6,"p1id":"hashtag628","p2id":"gollark","formatid":"gen9nationaldex","rating":1373,"private":0,"password":""}