{"id":"gen9nationaldex-1988631937","p1":"vatofacid36","p2":"female charizard","format":"[Gen 9] National Dex","log":"|j|\u2606vatofacid36\n|j|\u2606female charizard\n|t:|1699744140\n|gametype|singles\n|player|p1|vatofacid36|102|1093\n|player|p2|female charizard|170|1194\n|teamsize|p1|6\n|teamsize|p2|6\n|gen|9\n|tier|[Gen 9] National Dex\n|rated|\n|rule|HP Percentage Mod: HP is shown in percentages\n|rule|Endless Battle Clause: Forcing endless battles is banned\n|rule|OHKO Clause: OHKO moves are banned\n|rule|Evasion Clause: Evasion abilities, items, and moves are banned\n|rule|Evasion Abilities Clause: Evasion abilities are banned\n|rule|Evasion Items Clause: Evasion items are banned\n|rule|Evasion Moves Clause: Evasion moves are banned\n|rule|Species Clause: Limit one of each Pok\u00e9mon\n|rule|Sleep Clause Mod: Limit one foe put to sleep\n|clearpoke\n|poke|p1|Swampert, M|\n|poke|p1|Pelipper, M|\n|poke|p1|Chandelure, M|\n|poke|p1|Sylveon, M|\n|poke|p1|Floatzel, F|\n|poke|p1|Iron Thorns|\n|poke|p2|Kyurem|\n|poke|p2|Abomasnow, M|\n|poke|p2|Breloom, F|\n|poke|p2|Rhyperior, M|\n|poke|p2|Ogerpon-Wellspring, F|\n|poke|p2|Arbok, M|\n|teampreview\n|\n|t:|1699744146\n|start\n|switch|p1a: Iron Thorns|Iron Thorns|100\/100\n|switch|p2a: A subtle joke|Abomasnow, M|100\/100\n|-weather|Snow|[from] ability: Snow Warning|[of] p2a: A subtle joke\n|turn|1\n|\n|t:|1699744153\n|move|p1a: Iron Thorns|Thunder Wave|p2a: A subtle joke\n|-status|p2a: A subtle joke|par\n|move|p2a: A subtle joke|Aurora Veil|p2a: A subtle joke\n|-sidestart|p2: female charizard|move: Aurora Veil\n|\n|-weather|Snow|[upkeep]\n|upkeep\n|turn|2\n|j| kung fu pokechu\n|\n|t:|1699744170\n|move|p1a: Iron Thorns|Dragon Dance|p1a: Iron Thorns\n|-boost|p1a: Iron Thorns|atk|1\n|-boost|p1a: Iron Thorns|spe|1\n|cant|p2a: A subtle joke|par\n|\n|-weather|Snow|[upkeep]\n|upkeep\n|turn|3\n|j| Adamanzane\n|\n|t:|1699744181\n|move|p1a: Iron Thorns|Rock Slide|p2a: A subtle joke\n|-supereffective|p2a: A subtle joke\n|-damage|p2a: A subtle joke|49\/100 par\n|move|p2a: A subtle joke|Giga Drain|p1a: Iron Thorns\n|-supereffective|p1a: Iron Thorns\n|-damage|p1a: Iron Thorns|29\/100\n|-heal|p2a: A subtle joke|81\/100 par|[from] drain|[of] p1a: Iron Thorns\n|\n|-weather|Snow|[upkeep]\n|upkeep\n|turn|4\n|\n|t:|1699744189\n|move|p1a: Iron Thorns|Rock Slide|p2a: A subtle joke\n|-supereffective|p2a: A subtle joke\n|-damage|p2a: A subtle joke|30\/100 par\n|cant|p2a: A subtle joke|flinch\n|\n|-weather|Snow|[upkeep]\n|upkeep\n|turn|5\n|\n|t:|1699744196\n|switch|p2a: bisexual|Breloom, F|100\/100\n|move|p1a: Iron Thorns|Rock Slide|p2a: bisexual\n|-resisted|p2a: bisexual\n|-damage|p2a: bisexual|75\/100\n|\n|-weather|none\n|upkeep\n|turn|6\n|\n|t:|1699744215\n|move|p2a: bisexual|Spore|p1a: Iron Thorns\n|-status|p1a: Iron Thorns|slp|[from] move: Spore\n|cant|p1a: Iron Thorns|slp\n|\n|upkeep\n|turn|7\n|\n|t:|1699744219\n|move|p2a: bisexual|Dynamic Punch|p1a: Iron Thorns\n|-supereffective|p1a: Iron Thorns\n|-damage|p1a: Iron Thorns|0 fnt\n|faint|p1a: Iron Thorns\n|-end|p1a: Iron Thorns|Quark Drive|[silent]\n|\n|upkeep\n|\n|t:|1699744226\n|switch|p1a: Chandelure|Chandelure, M|100\/100\n|turn|8\n|\n|t:|1699744234\n|switch|p2a: mods annoy me|Ogerpon-Wellspring, F|100\/100\n|move|p1a: Chandelure|Calm Mind|p1a: Chandelure\n|-boost|p1a: Chandelure|spa|1\n|-boost|p1a: Chandelure|spd|1\n|\n|-sideend|p2: female charizard|move: Aurora Veil\n|upkeep\n|turn|9\n|\n|t:|1699744243\n|move|p2a: mods annoy me|Ivy Cudgel|p1a: Chandelure\n|-supereffective|p1a: Chandelure\n|-damage|p1a: Chandelure|0 fnt\n|faint|p1a: Chandelure\n|\n|upkeep\n|\n|t:|1699744249\n|switch|p1a: Sylveon|Sylveon, M, shiny|100\/100\n|turn|10\n|\n|t:|1699744259\n|-terastallize|p1a: Sylveon|Steel\n|move|p2a: mods annoy me|Ivy Cudgel|p1a: Sylveon\n|-damage|p1a: Sylveon|8\/100\n|move|p1a: Sylveon|Attract|p2a: mods annoy me\n|-start|p2a: mods annoy me|Attract\n|\n|upkeep\n|turn|11\n|\n|t:|1699744266\n|-activate|p2a: mods annoy me|move: Attract|[of] p1a: Sylveon\n|move|p2a: mods annoy me|Ivy Cudgel|p1a: Sylveon\n|-damage|p1a: Sylveon|0 fnt\n|faint|p1a: Sylveon\n|-end|p2a: mods annoy me|Attract|[silent]\n|\n|upkeep\n|\n|t:|1699744272\n|switch|p1a: Pelipper|Pelipper, M|100\/100\n|-weather|RainDance|[from] ability: Drizzle|[of] p1a: Pelipper\n|turn|12\n|\n|t:|1699744279\n|move|p2a: mods annoy me|Horn Leech|p1a: Pelipper\n|-damage|p1a: Pelipper|56\/100\n|-enditem|p1a: Pelipper|Eject Button\n|\n|t:|1699744283\n|switch|p1a: Swampert|Swampert, M|100\/100\n|\n|-weather|RainDance|[upkeep]\n|upkeep\n|turn|13\n|\n|t:|1699744288\n|detailschange|p1a: Swampert|Swampert-Mega, M\n|-mega|p1a: Swampert|Swampert|Swampertite\n|move|p1a: Swampert|Ice Punch|p2a: mods annoy me\n|-damage|p2a: mods annoy me|64\/100\n|move|p2a: mods annoy me|Horn Leech|p1a: Swampert\n|-supereffective|p1a: Swampert\n|-damage|p1a: Swampert|0 fnt\n|-heal|p2a: mods annoy me|100\/100|[from] drain|[of] p1a: Swampert\n|faint|p1a: Swampert\n|\n|-weather|RainDance|[upkeep]\n|upkeep\n|\n|t:|1699744298\n|switch|p1a: Pelipper|Pelipper, M|56\/100\n|turn|14\n|\n|t:|1699744302\n|move|p2a: mods annoy me|Swords Dance|p2a: mods annoy me\n|-boost|p2a: mods annoy me|atk|2\n|move|p1a: Pelipper|Hurricane|p2a: mods annoy me\n|-supereffective|p2a: mods annoy me\n|-damage|p2a: mods annoy me|0 fnt\n|faint|p2a: mods annoy me\n|\n|-weather|RainDance|[upkeep]\n|upkeep\n|\n|t:|1699744305\n|switch|p2a: pressure friends|Kyurem|100\/100\n|-ability|p2a: pressure friends|Pressure\n|turn|15\n|\n|t:|1699744317\n|move|p2a: pressure friends|Freeze-Dry|p1a: Pelipper\n|-supereffective|p1a: Pelipper\n|-damage|p1a: Pelipper|0 fnt\n|faint|p1a: Pelipper\n|\n|-weather|RainDance|[upkeep]\n|upkeep\n|\n|t:|1699744322\n|switch|p1a: Floatzel|Floatzel, F|100\/100\n|turn|16\n|\n|t:|1699744331\n|-singleturn|p1a: Floatzel|move: Focus Punch\n|move|p2a: pressure friends|Freeze-Dry|p1a: Floatzel\n|-supereffective|p1a: Floatzel\n|-damage|p1a: Floatzel|0 fnt\n|faint|p1a: Floatzel\n|\n|win|female charizard\n|raw|vatofacid36's rating: 1093 &rarr; <strong>1078<\/strong><br \/>(-15 for losing)\n|raw|female charizard's rating: 1222 &rarr; <strong>1238<\/strong><br \/>(+16 for winning)\n|l|\u2606vatofacid36\n","uploadtime":1699744341,"views":4,"p1id":"vatofacid36","p2id":"femalecharizard","formatid":"gen9nationaldex","rating":1078,"private":0,"password":""}