{"id":"gen9nationaldex-1992420567","p1":"HeirEhm","p2":"lunchbox5536","format":"[Gen 9] National Dex","log":"|j|\u2606HeirEhm\n|j|\u2606lunchbox5536\n|t:|1700185503\n|gametype|singles\n|player|p1|HeirEhm|cynthia-gen7|\n|player|p2|lunchbox5536|ghetsis|\n|teamsize|p1|6\n|teamsize|p2|6\n|gen|9\n|tier|[Gen 9] National Dex\n|rule|HP Percentage Mod: HP is shown in percentages\n|rule|Endless Battle Clause: Forcing endless battles is banned\n|rule|OHKO Clause: OHKO moves are banned\n|rule|Evasion Clause: Evasion abilities, items, and moves are banned\n|rule|Evasion Abilities Clause: Evasion abilities are banned\n|rule|Evasion Items Clause: Evasion items are banned\n|rule|Evasion Moves Clause: Evasion moves are banned\n|rule|Species Clause: Limit one of each Pok\u00e9mon\n|rule|Sleep Clause Mod: Limit one foe put to sleep\n|clearpoke\n|poke|p1|Garganacl, F|\n|poke|p1|Ceruledge, M|\n|poke|p1|Klefki, F|\n|poke|p1|Electrode-Hisui|\n|poke|p1|Chansey, F|\n|poke|p1|Murkrow, M|\n|poke|p2|Torkoal, M|\n|poke|p2|Zoroark-Hisui, M|\n|poke|p2|Grimmsnarl, M|\n|poke|p2|Articuno|\n|poke|p2|Klawf, F|\n|poke|p2|Shelgon, F|\n|teampreview\n|j| tbor2002\n|\n|t:|1700185518\n|start\n|switch|p1a: RegiSalt|Garganacl, F, shiny|100\/100\n|switch|p2a: Vanilla Ice|Articuno|100\/100\n|-ability|p2a: Vanilla Ice|Pressure\n|turn|1\n|j| PyroGaleZX\n|\n|t:|1700185529\n|move|p1a: RegiSalt|Curse|p1a: RegiSalt\n|-unboost|p1a: RegiSalt|spe|1\n|-boost|p1a: RegiSalt|atk|1\n|-boost|p1a: RegiSalt|def|1\n|move|p2a: Vanilla Ice|Whirlwind|p1a: RegiSalt\n|drag|p1a: Beyblade beyblade|Electrode-Hisui|100\/100\n|\n|upkeep\n|turn|2\n|\n|t:|1700185541\n|-terastallize|p2a: Vanilla Ice|Ground\n|move|p1a: Beyblade beyblade|Thunderbolt|p2a: Vanilla Ice\n|-immune|p2a: Vanilla Ice\n|move|p2a: Vanilla Ice|Air Slash|p1a: Beyblade beyblade\n|-damage|p1a: Beyblade beyblade|48\/100\n|\n|upkeep\n|turn|3\n|j| Jam20Jam\n|\n|t:|1700185553\n|switch|p1a: Jingle Jingle|Klefki, F|100\/100\n|move|p2a: Vanilla Ice|Air Slash|p1a: Jingle Jingle\n|-resisted|p1a: Jingle Jingle\n|-damage|p1a: Jingle Jingle|81\/100\n|\n|upkeep\n|turn|4\n|\n|t:|1700185560\n|switch|p2a: Praise The Sun|Torkoal, M|100\/100\n|-weather|SunnyDay|[from] ability: Drought|[of] p2a: Praise The Sun\n|move|p1a: Jingle Jingle|Spikes|p2a: Praise The Sun\n|-sidestart|p2: lunchbox5536|Spikes\n|\n|-weather|SunnyDay|[upkeep]\n|upkeep\n|turn|5\n|\n|t:|1700185594\n|move|p1a: Jingle Jingle|Spikes|p2a: Praise The Sun\n|-sidestart|p2: lunchbox5536|Spikes\n|move|p2a: Praise The Sun|Rapid Spin|p1a: Jingle Jingle\n|-resisted|p1a: Jingle Jingle\n|-damage|p1a: Jingle Jingle|77\/100\n|-boost|p2a: Praise The Sun|spe|1\n|-sideend|p2: lunchbox5536|Spikes|[from] move: Rapid Spin|[of] p2a: Praise The Sun\n|\n|-weather|SunnyDay|[upkeep]\n|upkeep\n|turn|6\n|\n|t:|1700185616\n|switch|p1a: Rowkrum|Murkrow, M|100\/100\n|move|p2a: Praise The Sun|Earth Power|p1a: Rowkrum\n|-immune|p1a: Rowkrum\n|\n|-weather|SunnyDay|[upkeep]\n|upkeep\n|turn|7\n|\n|t:|1700185631\n|move|p1a: Rowkrum|Perish Song|p1a: Rowkrum\n|-start|p1a: Rowkrum|perish3|[silent]\n|-start|p2a: Praise The Sun|perish3|[silent]\n|-fieldactivate|move: Perish Song\n|move|p2a: Praise The Sun|Overheat|p1a: Rowkrum\n|-damage|p1a: Rowkrum|4\/100\n|-unboost|p2a: Praise The Sun|spa|2\n|\n|-weather|SunnyDay|[upkeep]\n|-start|p1a: Rowkrum|perish3\n|-start|p2a: Praise The Sun|perish3\n|upkeep\n|turn|8\n|\n|t:|1700185641\n|switch|p2a: AAAAAAAAAAAA|Klawf, F|100\/100\n|move|p1a: Rowkrum|Dark Pulse|p2a: AAAAAAAAAAAA\n|-damage|p2a: AAAAAAAAAAAA|49\/100\n|\n|-weather|none\n|-heal|p2a: AAAAAAAAAAAA|56\/100|[from] item: Leftovers\n|-start|p1a: Rowkrum|perish2\n|upkeep\n|turn|9\n|\n|t:|1700185656\n|move|p1a: Rowkrum|Dark Pulse|p2a: AAAAAAAAAAAA\n|-damage|p2a: AAAAAAAAAAAA|0 fnt\n|faint|p2a: AAAAAAAAAAAA\n|\n|-start|p1a: Rowkrum|perish1\n|upkeep\n|\n|t:|1700185668\n|switch|p2a: Hello and Goodbye|Shelgon, F|100\/100\n|turn|10\n|\n|t:|1700185673\n|move|p1a: Rowkrum|Dark Pulse|p2a: Hello and Goodbye\n|-damage|p2a: Hello and Goodbye|56\/100\n|cant|p2a: Hello and Goodbye|flinch\n|\n|-start|p1a: Rowkrum|perish0\n|upkeep\n|faint|p1a: Rowkrum\n|\n|t:|1700185687\n|switch|p1a: Jingle Jingle|Klefki, F|77\/100\n|turn|11\n|\n|t:|1700185695\n|move|p1a: Jingle Jingle|Spikes|p2a: Hello and Goodbye\n|-sidestart|p2: lunchbox5536|Spikes\n|move|p2a: Hello and Goodbye|Wish|p2a: Hello and Goodbye\n|\n|upkeep\n|turn|12\n|\n|t:|1700185704\n|switch|p2a: Vanilla Ice|Articuno, tera:Ground|100\/100\n|-ability|p2a: Vanilla Ice|Pressure\n|move|p1a: Jingle Jingle|Spikes|p2a: Vanilla Ice\n|-sidestart|p2: lunchbox5536|Spikes\n|\n|upkeep\n|turn|13\n|\n|t:|1700185713\n|move|p2a: Vanilla Ice|Defog|p1a: Jingle Jingle\n|-unboost|p1a: Jingle Jingle|evasion|1\n|-sideend|p2: lunchbox5536|Spikes|[from] move: Defog|[of] p2a: Vanilla Ice\n|move|p1a: Jingle Jingle|Draining Kiss|p2a: Vanilla Ice\n|-damage|p2a: Vanilla Ice|90\/100\n|-heal|p1a: Jingle Jingle|85\/100|[from] drain|[of] p2a: Vanilla Ice\n|\n|upkeep\n|turn|14\n|\n|t:|1700185729\n|switch|p2a: Praise The Sun|Torkoal, M|100\/100\n|-weather|SunnyDay|[from] ability: Drought|[of] p2a: Praise The Sun\n|move|p1a: Jingle Jingle|Switcheroo|p2a: Praise The Sun\n|-activate|p1a: Jingle Jingle|move: Trick|[of] p2a: Praise The Sun\n|-item|p2a: Praise The Sun|Toxic Orb|[from] move: Switcheroo\n|-item|p1a: Jingle Jingle|Assault Vest|[from] move: Switcheroo\n|\n|-weather|SunnyDay|[upkeep]\n|-status|p2a: Praise The Sun|tox|[from] item: Toxic Orb\n|upkeep\n|turn|15\n|\n|t:|1700185753\n|move|p1a: Jingle Jingle|Draining Kiss|p2a: Praise The Sun\n|-resisted|p2a: Praise The Sun\n|-damage|p2a: Praise The Sun|93\/100 tox\n|-heal|p1a: Jingle Jingle|92\/100|[from] drain|[of] p2a: Praise The Sun\n|move|p2a: Praise The Sun|Overheat|p1a: Jingle Jingle\n|-supereffective|p1a: Jingle Jingle\n|-damage|p1a: Jingle Jingle|0 fnt\n|-unboost|p2a: Praise The Sun|spa|2\n|faint|p1a: Jingle Jingle\n|\n|-weather|SunnyDay|[upkeep]\n|-damage|p2a: Praise The Sun|87\/100 tox|[from] psn\n|upkeep\n|\n|t:|1700185772\n|switch|p1a: Wambulance|Chansey, F|100\/100\n|turn|16\n|\n|t:|1700185783\n|switch|p2a: Hello and Goodbye|Shelgon, F|56\/100\n|move|p1a: Wambulance|Water Pulse|p2a: Hello and Goodbye\n|-resisted|p2a: Hello and Goodbye\n|-damage|p2a: Hello and Goodbye|53\/100\n|-start|p2a: Hello and Goodbye|confusion\n|\n|-weather|SunnyDay|[upkeep]\n|upkeep\n|turn|17\n|\n|t:|1700185794\n|move|p1a: Wambulance|Tri Attack|p2a: Hello and Goodbye\n|-crit|p2a: Hello and Goodbye\n|-damage|p2a: Hello and Goodbye|19\/100\n|-activate|p2a: Hello and Goodbye|confusion\n|-damage|p2a: Hello and Goodbye|12\/100|[from] confusion\n|\n|-weather|SunnyDay|[upkeep]\n|upkeep\n|turn|18\n|\n|t:|1700185811\n|-activate|p2a: Hello and Goodbye|confusion\n|move|p2a: Hello and Goodbye|Protect|p2a: Hello and Goodbye\n|-singleturn|p2a: Hello and Goodbye|Protect\n|move|p1a: Wambulance|Thunderbolt|p2a: Hello and Goodbye\n|-activate|p2a: Hello and Goodbye|move: Protect\n|\n|-weather|none\n|upkeep\n|turn|19\n|\n|t:|1700185835\n|-activate|p2a: Hello and Goodbye|confusion\n|-damage|p2a: Hello and Goodbye|5\/100|[from] confusion\n|move|p1a: Wambulance|Thunderbolt|p2a: Hello and Goodbye\n|-resisted|p2a: Hello and Goodbye\n|-crit|p2a: Hello and Goodbye\n|-damage|p2a: Hello and Goodbye|0 fnt\n|faint|p2a: Hello and Goodbye\n|\n|upkeep\n|\n|t:|1700185855\n|switch|p2a: Krampus|Grimmsnarl, M|100\/100\n|turn|20\n|\n|t:|1700185868\n|move|p2a: Krampus|Superpower|p1a: Wambulance\n|-supereffective|p1a: Wambulance\n|-damage|p1a: Wambulance|4\/100\n|-unboost|p2a: Krampus|atk|1\n|-unboost|p2a: Krampus|def|1\n|move|p1a: Wambulance|Water Pulse|p2a: Krampus\n|-damage|p2a: Krampus|90\/100\n|\n|upkeep\n|turn|21\n|\n|t:|1700185883\n|switch|p1a: SWORDSFORHANDS|Ceruledge, M|100\/100\n|move|p2a: Krampus|Darkest Lariat|p1a: SWORDSFORHANDS\n|-supereffective|p1a: SWORDSFORHANDS\n|-damage|p1a: SWORDSFORHANDS|6\/100\n|-ability|p1a: SWORDSFORHANDS|Weak Armor|boost\n|-unboost|p1a: SWORDSFORHANDS|def|1\n|-boost|p1a: SWORDSFORHANDS|spe|2\n|\n|upkeep\n|turn|22\n|\n|t:|1700185898\n|switch|p2a: Praise The Sun|Torkoal, M|87\/100 tox\n|-weather|SunnyDay|[from] ability: Drought|[of] p2a: Praise The Sun\n|move|p1a: SWORDSFORHANDS|Bitter Blade|p2a: Praise The Sun\n|-resisted|p2a: Praise The Sun\n|-damage|p2a: Praise The Sun|61\/100 tox\n|-heal|p1a: SWORDSFORHANDS|21\/100|[from] drain|[of] p2a: Praise The Sun\n|\n|-weather|SunnyDay|[upkeep]\n|-damage|p2a: Praise The Sun|54\/100 tox|[from] psn\n|upkeep\n|turn|23\n|\n|t:|1700185911\n|move|p1a: SWORDSFORHANDS|Bitter Blade|p2a: Praise The Sun\n|-resisted|p2a: Praise The Sun\n|-damage|p2a: Praise The Sun|30\/100 tox\n|-heal|p1a: SWORDSFORHANDS|36\/100|[from] drain|[of] p2a: Praise The Sun\n|move|p2a: Praise The Sun|Earth Power|p1a: SWORDSFORHANDS\n|-supereffective|p1a: SWORDSFORHANDS\n|-damage|p1a: SWORDSFORHANDS|0 fnt\n|faint|p1a: SWORDSFORHANDS\n|\n|-weather|SunnyDay|[upkeep]\n|-damage|p2a: Praise The Sun|18\/100 tox|[from] psn\n|upkeep\n|\n|t:|1700185923\n|switch|p1a: Beyblade beyblade|Electrode-Hisui|48\/100\n|turn|24\n|\n|t:|1700185929\n|switch|p2a: Vanilla Ice|Articuno, tera:Ground|90\/100\n|-ability|p2a: Vanilla Ice|Pressure\n|move|p1a: Beyblade beyblade|Thunderbolt|p2a: Vanilla Ice\n|-immune|p2a: Vanilla Ice\n|\n|-weather|SunnyDay|[upkeep]\n|upkeep\n|turn|25\n|\n|t:|1700185942\n|switch|p1a: Wambulance|Chansey, F|4\/100\n|move|p2a: Vanilla Ice|Air Slash|p1a: Wambulance\n|-damage|p1a: Wambulance|0 fnt\n|faint|p1a: Wambulance\n|\n|-weather|SunnyDay|[upkeep]\n|upkeep\n|\n|t:|1700185947\n|switch|p1a: Beyblade beyblade|Electrode-Hisui|48\/100\n|turn|26\n|\n|t:|1700185954\n|move|p1a: Beyblade beyblade|Energy Ball|p2a: Vanilla Ice\n|-supereffective|p2a: Vanilla Ice\n|-damage|p2a: Vanilla Ice|7\/100\n|move|p2a: Vanilla Ice|Ice Beam|p1a: Beyblade beyblade\n|-supereffective|p1a: Beyblade beyblade\n|-damage|p1a: Beyblade beyblade|0 fnt\n|faint|p1a: Beyblade beyblade\n|\n|-weather|none\n|upkeep\n|\n|t:|1700185960\n|switch|p1a: RegiSalt|Garganacl, F, shiny|100\/100\n|turn|27\n|\n|t:|1700185967\n|move|p2a: Vanilla Ice|Air Slash|p1a: RegiSalt|[miss]\n|-miss|p2a: Vanilla Ice|p1a: RegiSalt\n|move|p1a: RegiSalt|Ice Punch|p2a: Vanilla Ice\n|-supereffective|p2a: Vanilla Ice\n|-damage|p2a: Vanilla Ice|0 fnt\n|faint|p2a: Vanilla Ice\n|\n|upkeep\n|\n|t:|1700185976\n|switch|p2a: Praise The Sun|Torkoal, M|100\/100\n|turn|28\n|\n|t:|1700185982\n|-terastallize|p1a: RegiSalt|Ground\n|move|p2a: Praise The Sun|Nasty Plot|p2a: Praise The Sun\n|-boost|p2a: Praise The Sun|spa|2\n|move|p1a: RegiSalt|Earthquake|p2a: Praise The Sun\n|-enditem|p2a: Praise The Sun|Focus Sash\n|-damage|p2a: Praise The Sun|1\/100\n|replace|p2a: Oh Hi There|Zoroark-Hisui, M, shiny\n|-end|p2a: Oh Hi There|Illusion\n|\n|upkeep\n|turn|29\n|\n|t:|1700185993\n|move|p2a: Oh Hi There|Grass Knot|p1a: RegiSalt\n|-supereffective|p1a: RegiSalt\n|-damage|p1a: RegiSalt|0 fnt\n|faint|p1a: RegiSalt\n|\n|win|lunchbox5536\n|l|\u2606HeirEhm\n","uploadtime":1700186000,"views":4,"p1id":"heirehm","p2id":"lunchbox5536","formatid":"gen9nationaldex","rating":0,"private":0,"password":""}