{"id":"gen9nationaldex-1997296588","p1":"TheStroker","p2":"ikun\u4e00\u4e2a\u771f\u6b63\u7684man","format":"[Gen 9] National Dex","log":"|html|<div class=\"broadcast-blue\"><strong>[Gen 9] National Dex is currently suspecting Sneasler! For information on how to participate check out the <a href=\"https:\/\/www.smogon.com\/forums\/threads\/sv-national-dex-suspect-8-just-dance.3731534\/\">suspect thread<\/a>.<\/strong><\/div>\n|j|\u2606TheStroker\n|j|\u2606ikun\u4e00\u4e2a\u771f\u6b63\u7684man\n|t:|1700786054\n|gametype|singles\n|player|p1|TheStroker|janitor|1625\n|player|p2|ikun\u4e00\u4e2a\u771f\u6b63\u7684man|fisherman|1637\n|teamsize|p1|6\n|teamsize|p2|6\n|gen|9\n|tier|[Gen 9] National Dex\n|rated|\n|rule|HP Percentage Mod: HP is shown in percentages\n|rule|Endless Battle Clause: Forcing endless battles is banned\n|rule|OHKO Clause: OHKO moves are banned\n|rule|Evasion Clause: Evasion abilities, items, and moves are banned\n|rule|Evasion Abilities Clause: Evasion abilities are banned\n|rule|Evasion Items Clause: Evasion items are banned\n|rule|Evasion Moves Clause: Evasion moves are banned\n|rule|Species Clause: Limit one of each Pok\u00e9mon\n|rule|Sleep Clause Mod: Limit one foe put to sleep\n|clearpoke\n|poke|p1|Blaziken, M|\n|poke|p1|Mew|\n|poke|p1|Kyurem|\n|poke|p1|Garganacl, M|\n|poke|p1|Kleavor, M|\n|poke|p1|Ribombee, F|\n|poke|p2|Dragonite, M|\n|poke|p2|Ursaluna, F|\n|poke|p2|Tapu Koko|\n|poke|p2|Garchomp, M|\n|poke|p2|Hoopa-Unbound|\n|poke|p2|Moltres|\n|teampreview\n|inactive|Battle timer is ON: inactive players will automatically lose when time's up. (requested by ikun\u4e00\u4e2a\u771f\u6b63\u7684man)\n|j| Zangoosefriend96\n|j| kung fu pokechu\n|j| myfeethurt\n|j| less might be more\n|inactive|TheStroker has 120 seconds left.\n|c| less might be more|wtf two legendaries ? reported\n|inactive|TheStroker has 90 seconds left.\n|\n|t:|1700786121\n|start\n|switch|p1a: How|Ribombee, F|100\/100\n|switch|p2a: Tapu Koko|Tapu Koko|100\/100\n|-fieldstart|move: Electric Terrain|[from] ability: Electric Surge|[of] p2a: Tapu Koko\n|turn|1\n|\n|t:|1700786129\n|move|p2a: Tapu Koko|Volt Switch|p1a: How\n|-enditem|p1a: How|Focus Sash\n|-damage|p1a: How|1\/100\n|\n|t:|1700786136\n|switch|p2a: Moltres|Moltres|100\/100|[from] Volt Switch\n|move|p1a: How|Sticky Web|p2a: Moltres\n|-sidestart|p2: ikun\u4e00\u4e2a\u771f\u6b63\u7684man|move: Sticky Web\n|\n|upkeep\n|turn|2\n|\n|t:|1700786154\n|move|p1a: How|Stun Spore|p2a: Moltres\n|-status|p2a: Moltres|par\n|cant|p2a: Moltres|par\n|\n|upkeep\n|turn|3\n|\n|t:|1700786165\n|switch|p1a: Synergy|Kleavor, M|100\/100\n|move|p2a: Moltres|U-turn|p1a: Synergy\n|-damage|p1a: Synergy|82\/100\n|\n|t:|1700786173\n|switch|p2a: Ursaluna|Ursaluna, F|100\/100|[from] U-turn\n|-activate|p2a: Ursaluna|move: Sticky Web\n|-unboost|p2a: Ursaluna|spe|1\n|\n|upkeep\n|turn|4\n|\n|t:|1700786179\n|move|p1a: Synergy|Close Combat|p2a: Ursaluna\n|-supereffective|p2a: Ursaluna\n|-damage|p2a: Ursaluna|26\/100\n|-unboost|p1a: Synergy|def|1\n|-unboost|p1a: Synergy|spd|1\n|-damage|p1a: Synergy|72\/100|[from] item: Life Orb\n|move|p2a: Ursaluna|Headlong Rush|p1a: Synergy\n|-damage|p1a: Synergy|0 fnt\n|-unboost|p2a: Ursaluna|def|1\n|-unboost|p2a: Ursaluna|spd|1\n|faint|p1a: Synergy\n|\n|upkeep\n|\n|t:|1700786189\n|switch|p1a: Wow|Kyurem|100\/100\n|-ability|p1a: Wow|Pressure\n|turn|5\n|\n|t:|1700786197\n|move|p1a: Wow|Ice Beam|p2a: Ursaluna\n|-supereffective|p2a: Ursaluna\n|-damage|p2a: Ursaluna|0 fnt\n|faint|p2a: Ursaluna\n|\n|-fieldend|move: Electric Terrain\n|upkeep\n|\n|t:|1700786205\n|switch|p2a: Hoopa|Hoopa-Unbound|100\/100\n|-activate|p2a: Hoopa|move: Sticky Web\n|-unboost|p2a: Hoopa|spe|1\n|turn|6\n|\n|t:|1700786220\n|switch|p1a: How|Ribombee, F|1\/100\n|move|p2a: Hoopa|Focus Blast|p1a: How\n|-resisted|p1a: How\n|-damage|p1a: How|0 fnt\n|faint|p1a: How\n|\n|upkeep\n|inactive|TheStroker has 120 seconds left.\n|\n|t:|1700786264\n|switch|p1a: Turkeyduckchicken|Blaziken, M|100\/100\n|turn|7\n|\n|t:|1700786270\n|move|p1a: Turkeyduckchicken|Swords Dance|p1a: Turkeyduckchicken\n|-boost|p1a: Turkeyduckchicken|atk|2\n|move|p2a: Hoopa|Psyshock|p1a: Turkeyduckchicken\n|-supereffective|p1a: Turkeyduckchicken\n|-damage|p1a: Turkeyduckchicken|0 fnt\n|faint|p1a: Turkeyduckchicken\n|\n|upkeep\n|inactive|TheStroker has 120 seconds left.\n|\n|t:|1700786282\n|switch|p1a: At least 2|Garganacl, M|100\/100\n|turn|8\n|\n|t:|1700786285\n|-zpower|p2a: Hoopa\n|move|p2a: Hoopa|All-Out Pummeling|p1a: At least 2|[zeffect]\n|-supereffective|p1a: At least 2\n|-damage|p1a: At least 2|0 fnt\n|faint|p1a: At least 2\n|\n|upkeep\n|\n|t:|1700786293\n|switch|p1a: Very thankful|Mew|100\/100\n|turn|9\n|\n|t:|1700786304\n|switch|p1a: Wow|Kyurem|100\/100\n|-ability|p1a: Wow|Pressure\n|move|p2a: Hoopa|Nasty Plot|p2a: Hoopa\n|-boost|p2a: Hoopa|spa|2\n|\n|upkeep\n|turn|10\n|\n|t:|1700786311\n|move|p1a: Wow|Ice Beam|p2a: Hoopa\n|-damage|p2a: Hoopa|36\/100\n|move|p2a: Hoopa|Dark Pulse|p1a: Wow\n|-damage|p1a: Wow|0 fnt\n|faint|p1a: Wow\n|\n|upkeep\n|\n|t:|1700786316\n|switch|p1a: Very thankful|Mew|100\/100\n|turn|11\n|\n|t:|1700786330\n|move|p1a: Very thankful|Body Press|p2a: Hoopa\n|-damage|p2a: Hoopa|4\/100\n|move|p2a: Hoopa|Dark Pulse|p1a: Very thankful\n|-supereffective|p1a: Very thankful\n|-damage|p1a: Very thankful|0 fnt\n|faint|p1a: Very thankful\n|\n|win|ikun\u4e00\u4e2a\u771f\u6b63\u7684man\n|raw|TheStroker's rating: 1625 &rarr; <strong>1606<\/strong><br \/>(-19 for losing)\n|raw|ikun\u4e00\u4e2a\u771f\u6b63\u7684man's rating: 1637 &rarr; <strong>1656<\/strong><br \/>(+19 for winning)\n|l|\u2606ikun\u4e00\u4e2a\u771f\u6b63\u7684man\n","uploadtime":1700786349,"views":3,"p1id":"thestroker","p2id":"ikunman","formatid":"gen9nationaldex","rating":1606,"private":0,"password":""}