{"id":"gen9nationaldex-1996103675","p1":"Saltppator","p2":"newbie1002","format":"[Gen 9] National Dex","log":"|html|<div class=\"broadcast-blue\"><strong>[Gen 9] National Dex is currently suspecting Sneasler! For information on how to participate check out the <a href=\"https:\/\/www.smogon.com\/forums\/threads\/sv-national-dex-suspect-8-just-dance.3731534\/\">suspect thread<\/a>.<\/strong><\/div>\n|j|\u2606Saltppator\n|j|\u2606newbie1002\n|t:|1700644638\n|gametype|singles\n|player|p1|Saltppator|ghetsis|1237\n|player|p2|newbie1002|265|1177\n|teamsize|p1|6\n|teamsize|p2|6\n|gen|9\n|tier|[Gen 9] National Dex\n|rated|\n|rule|HP Percentage Mod: HP is shown in percentages\n|rule|Endless Battle Clause: Forcing endless battles is banned\n|rule|OHKO Clause: OHKO moves are banned\n|rule|Evasion Clause: Evasion abilities, items, and moves are banned\n|rule|Evasion Abilities Clause: Evasion abilities are banned\n|rule|Evasion Items Clause: Evasion items are banned\n|rule|Evasion Moves Clause: Evasion moves are banned\n|rule|Species Clause: Limit one of each Pok\u00e9mon\n|rule|Sleep Clause Mod: Limit one foe put to sleep\n|clearpoke\n|poke|p1|Salazzle, F|\n|poke|p1|Magnemite, L1|\n|poke|p1|Probopass, L2, F|\n|poke|p1|Mandibuzz, F|\n|poke|p1|Nosepass, L1, F|\n|poke|p1|Tentacruel, M|\n|poke|p2|Houndoom, F|\n|poke|p2|Ogerpon-Wellspring, F|\n|poke|p2|Landorus-Therian, M|\n|poke|p2|Slowking-Galar, F|\n|poke|p2|Ambipom, F|\n|poke|p2|Kommo-o, F|\n|teampreview\n|\n|t:|1700644664\n|start\n|switch|p1a: Click the \u274c|Nosepass, L1, F, shiny|100\/100\n|switch|p2a: Ogerpon|Ogerpon-Wellspring, F|100\/100\n|turn|1\n|\n|t:|1700644672\n|move|p2a: Ogerpon|U-turn|p1a: Click the \u274c\n|-ability|p1a: Click the \u274c|Sturdy\n|-damage|p1a: Click the \u274c|10\/100\n|-enditem|p1a: Click the \u274c|Berry Juice\n|-heal|p1a: Click the \u274c|100\/100|[from] item: Berry Juice\n|\n|t:|1700644678\n|switch|p2a: Ambipom|Ambipom, F|100\/100|[from] U-turn\n|move|p1a: Click the \u274c|Toxic|p2a: Ambipom\n|-status|p2a: Ambipom|tox\n|\n|-damage|p2a: Ambipom|94\/100 tox|[from] psn\n|upkeep\n|turn|2\n|\n|t:|1700644685\n|move|p1a: Click the \u274c|Protect|p1a: Click the \u274c\n|-singleturn|p1a: Click the \u274c|Protect\n|move|p2a: Ambipom|U-turn|p1a: Click the \u274c\n|-activate|p1a: Click the \u274c|move: Protect\n|\n|-damage|p2a: Ambipom|82\/100 tox|[from] psn\n|upkeep\n|turn|3\n|\n|t:|1700644692\n|move|p2a: Ambipom|U-turn|p1a: Click the \u274c\n|-ability|p1a: Click the \u274c|Sturdy\n|-damage|p1a: Click the \u274c|10\/100\n|\n|t:|1700644698\n|switch|p2a: Slowking|Slowking-Galar, F|100\/100|[from] U-turn\n|move|p1a: Click the \u274c|Pain Split|p2a: Slowking\n|-sethp|p2a: Slowking|50\/100|[from] move: Pain Split|[silent]\n|-sethp|p1a: Click the \u274c|100\/100|[from] move: Pain Split\n|\n|upkeep\n|turn|4\n|\n|t:|1700644705\n|move|p2a: Slowking|Slack Off|p2a: Slowking\n|-heal|p2a: Slowking|100\/100\n|move|p1a: Click the \u274c|Pain Split|p2a: Slowking\n|-sethp|p2a: Slowking|52\/100|[from] move: Pain Split|[silent]\n|-sethp|p1a: Click the \u274c|100\/100|[from] move: Pain Split\n|\n|upkeep\n|turn|5\n|\n|t:|1700644714\n|move|p2a: Slowking|Scald|p1a: Click the \u274c\n|-supereffective|p1a: Click the \u274c\n|-ability|p1a: Click the \u274c|Sturdy\n|-damage|p1a: Click the \u274c|10\/100\n|move|p1a: Click the \u274c|Pain Split|p2a: Slowking\n|-sethp|p2a: Slowking|26\/100|[from] move: Pain Split|[silent]\n|-sethp|p1a: Click the \u274c|100\/100|[from] move: Pain Split\n|\n|upkeep\n|turn|6\n|\n|t:|1700644731\n|switch|p1a: Sh\ud83d\udca9tsquid|Tentacruel, M|100\/100\n|move|p2a: Slowking|Thunder Wave|p1a: Sh\ud83d\udca9tsquid\n|-status|p1a: Sh\ud83d\udca9tsquid|par\n|\n|upkeep\n|turn|7\n|\n|t:|1700644737\n|move|p1a: Sh\ud83d\udca9tsquid|Knock Off|p2a: Slowking\n|-supereffective|p2a: Slowking\n|-damage|p2a: Slowking|2\/100\n|-damage|p1a: Sh\ud83d\udca9tsquid|84\/100 par|[from] item: Rocky Helmet|[of] p2a: Slowking\n|-enditem|p2a: Slowking|Rocky Helmet|[from] move: Knock Off|[of] p1a: Sh\ud83d\udca9tsquid\n|move|p2a: Slowking|Slack Off|p2a: Slowking\n|-heal|p2a: Slowking|52\/100\n|\n|-heal|p1a: Sh\ud83d\udca9tsquid|90\/100 par|[from] item: Leftovers\n|upkeep\n|turn|8\n|\n|t:|1700644748\n|move|p1a: Sh\ud83d\udca9tsquid|Toxic|p2a: Slowking\n|-immune|p2a: Slowking\n|move|p2a: Slowking|Slack Off|p2a: Slowking\n|-heal|p2a: Slowking|100\/100\n|\n|-heal|p1a: Sh\ud83d\udca9tsquid|96\/100 par|[from] item: Leftovers\n|upkeep\n|turn|9\n|\n|t:|1700644755\n|move|p1a: Sh\ud83d\udca9tsquid|Toxic|p2a: Slowking\n|-immune|p2a: Slowking\n|move|p2a: Slowking|Chilly Reception|p2a: Slowking\n|-weather|Snow\n|\n|t:|1700644769\n|switch|p2a: Kommo-o|Kommo-o, F|100\/100|[from] Chilly Reception\n|\n|-weather|Snow|[upkeep]\n|-heal|p1a: Sh\ud83d\udca9tsquid|100\/100 par|[from] item: Leftovers\n|upkeep\n|turn|10\n|\n|t:|1700644778\n|-zpower|p2a: Kommo-o\n|move|p2a: Kommo-o|Clangorous Soulblaze|p1a: Sh\ud83d\udca9tsquid|[zeffect]\n|-damage|p1a: Sh\ud83d\udca9tsquid|31\/100 par\n|-boost|p2a: Kommo-o|atk|1\n|-boost|p2a: Kommo-o|def|1\n|-boost|p2a: Kommo-o|spa|1\n|-boost|p2a: Kommo-o|spd|1\n|-boost|p2a: Kommo-o|spe|1\n|move|p1a: Sh\ud83d\udca9tsquid|Toxic|p2a: Kommo-o\n|-status|p2a: Kommo-o|tox\n|\n|-weather|Snow|[upkeep]\n|-heal|p1a: Sh\ud83d\udca9tsquid|37\/100 par|[from] item: Leftovers\n|-damage|p2a: Kommo-o|94\/100 tox|[from] psn\n|upkeep\n|turn|11\n|c|\u2606Saltppator|lol\n|inactive|Battle timer is ON: inactive players will automatically lose when time's up. (requested by Saltppator)\n|\n|t:|1700644795\n|switch|p1a: Literally Level 1|Magnemite, L1|100\/100\n|move|p2a: Kommo-o|Boomburst|p1a: Literally Level 1\n|-resisted|p1a: Literally Level 1\n|-ability|p1a: Literally Level 1|Sturdy\n|-damage|p1a: Literally Level 1|10\/100\n|-enditem|p1a: Literally Level 1|Berry Juice\n|-heal|p1a: Literally Level 1|100\/100|[from] item: Berry Juice\n|\n|-weather|Snow|[upkeep]\n|-damage|p2a: Kommo-o|82\/100 tox|[from] psn\n|upkeep\n|turn|12\n|\n|t:|1700644806\n|switch|p2a: Slowking|Slowking-Galar, F|100\/100\n|move|p1a: Literally Level 1|Protect||[still]\n|-fail|p1a: Literally Level 1\n|\n|-weather|Snow|[upkeep]\n|upkeep\n|turn|13\n|\n|t:|1700644816\n|move|p1a: Literally Level 1|Protect|p1a: Literally Level 1\n|-singleturn|p1a: Literally Level 1|Protect\n|move|p2a: Slowking|Chilly Reception|p2a: Slowking\n|\n|t:|1700644820\n|switch|p2a: Ambipom|Ambipom, F|82\/100 tox|[from] Chilly Reception\n|\n|-weather|none\n|-damage|p2a: Ambipom|76\/100 tox|[from] psn\n|upkeep\n|turn|14\n|\n|t:|1700644836\n|switch|p1a: Sh\ud83d\udca9tbird|Mandibuzz, F|100\/100\n|move|p2a: Ambipom|Beat Up|p1a: Sh\ud83d\udca9tbird\n|-resisted|p1a: Sh\ud83d\udca9tbird\n|-damage|p1a: Sh\ud83d\udca9tbird|98\/100\n|-resisted|p1a: Sh\ud83d\udca9tbird\n|-damage|p1a: Sh\ud83d\udca9tbird|96\/100\n|-resisted|p1a: Sh\ud83d\udca9tbird\n|-damage|p1a: Sh\ud83d\udca9tbird|94\/100\n|-resisted|p1a: Sh\ud83d\udca9tbird\n|-damage|p1a: Sh\ud83d\udca9tbird|92\/100\n|-resisted|p1a: Sh\ud83d\udca9tbird\n|-damage|p1a: Sh\ud83d\udca9tbird|90\/100\n|-hitcount|p1a: Sh\ud83d\udca9tbird|5\n|\n|-damage|p2a: Ambipom|64\/100 tox|[from] psn\n|upkeep\n|turn|15\n|\n|t:|1700644851\n|switch|p2a: Landorus|Landorus-Therian, M|100\/100\n|-ability|p2a: Landorus|Intimidate|boost\n|-unboost|p1a: Sh\ud83d\udca9tbird|atk|1\n|move|p1a: Sh\ud83d\udca9tbird|Foul Play|p2a: Landorus\n|-damage|p2a: Landorus|48\/100\n|\n|upkeep\n|turn|16\n|\n|t:|1700644862\n|move|p2a: Landorus|Stealth Rock|p1a: Sh\ud83d\udca9tbird\n|-sidestart|p1: Saltppator|move: Stealth Rock\n|move|p1a: Sh\ud83d\udca9tbird|Foul Play|p2a: Landorus\n|-damage|p2a: Landorus|0 fnt\n|faint|p2a: Landorus\n|\n|upkeep\n|\n|t:|1700644879\n|switch|p2a: Ambipom|Ambipom, F|64\/100 tox\n|turn|17\n|\n|t:|1700644886\n|move|p2a: Ambipom|Fake Out|p1a: Sh\ud83d\udca9tbird\n|-damage|p1a: Sh\ud83d\udca9tbird|73\/100\n|cant|p1a: Sh\ud83d\udca9tbird|flinch\n|\n|-damage|p2a: Ambipom|57\/100 tox|[from] psn\n|upkeep\n|turn|18\n|\n|t:|1700644893\n|move|p2a: Ambipom|U-turn|p1a: Sh\ud83d\udca9tbird\n|-damage|p1a: Sh\ud83d\udca9tbird|60\/100\n|\n|t:|1700644899\n|switch|p2a: Slowking|Slowking-Galar, F|100\/100|[from] U-turn\n|move|p1a: Sh\ud83d\udca9tbird|Defog|p2a: Slowking\n|-unboost|p2a: Slowking|evasion|1\n|-sideend|p1: Saltppator|Stealth Rock|[from] move: Defog|[of] p1a: Sh\ud83d\udca9tbird\n|\n|upkeep\n|turn|19\n|\n|t:|1700644911\n|switch|p1a: Sh\ud83d\udca9tsquid|Tentacruel, M|37\/100 par\n|move|p2a: Slowking|Thunder Wave|p1a: Sh\ud83d\udca9tsquid\n|-fail|p1a: Sh\ud83d\udca9tsquid|par\n|\n|-heal|p1a: Sh\ud83d\udca9tsquid|43\/100 par|[from] item: Leftovers\n|upkeep\n|turn|20\n|\n|t:|1700644924\n|cant|p1a: Sh\ud83d\udca9tsquid|par\n|move|p2a: Slowking|Chilly Reception|p2a: Slowking\n|-weather|Snow\n|\n|t:|1700644931\n|switch|p2a: Kommo-o|Kommo-o, F|82\/100 tox|[from] Chilly Reception\n|\n|-weather|Snow|[upkeep]\n|-heal|p1a: Sh\ud83d\udca9tsquid|49\/100 par|[from] item: Leftovers\n|-damage|p2a: Kommo-o|76\/100 tox|[from] psn\n|upkeep\n|turn|21\n|\n|t:|1700644949\n|switch|p2a: Ogerpon|Ogerpon-Wellspring, F|100\/100\n|move|p1a: Sh\ud83d\udca9tsquid|Scald|p2a: Ogerpon\n|-immune|p2a: Ogerpon|[from] ability: Water Absorb\n|\n|-weather|Snow|[upkeep]\n|-heal|p1a: Sh\ud83d\udca9tsquid|55\/100 par|[from] item: Leftovers\n|upkeep\n|turn|22\n|\n|t:|1700644959\n|move|p2a: Ogerpon|Horn Leech|p1a: Sh\ud83d\udca9tsquid\n|-damage|p1a: Sh\ud83d\udca9tsquid|0 fnt\n|faint|p1a: Sh\ud83d\udca9tsquid\n|\n|-weather|Snow|[upkeep]\n|upkeep\n|\n|t:|1700644968\n|switch|p1a: Click the \u274c|Nosepass, L1, F, shiny|100\/100\n|turn|23\n|\n|t:|1700644973\n|move|p2a: Ogerpon|U-turn|p1a: Click the \u274c\n|-ability|p1a: Click the \u274c|Sturdy\n|-damage|p1a: Click the \u274c|10\/100\n|\n|t:|1700644981\n|switch|p2a: Slowking|Slowking-Galar, F|100\/100|[from] U-turn\n|move|p1a: Click the \u274c|Toxic|p2a: Slowking\n|-immune|p2a: Slowking\n|\n|-weather|Snow|[upkeep]\n|upkeep\n|turn|24\n|\n|t:|1700644992\n|move|p1a: Click the \u274c|Protect|p1a: Click the \u274c\n|-singleturn|p1a: Click the \u274c|Protect\n|move|p2a: Slowking|Scald|p1a: Click the \u274c\n|-activate|p1a: Click the \u274c|move: Protect\n|\n|-weather|none\n|upkeep\n|turn|25\n|\n|t:|1700645000\n|move|p2a: Slowking|Scald|p1a: Click the \u274c\n|-supereffective|p1a: Click the \u274c\n|-damage|p1a: Click the \u274c|0 fnt\n|faint|p1a: Click the \u274c\n|\n|upkeep\n|\n|t:|1700645011\n|switch|p1a: No Fun Allowed|Salazzle, F|100\/100\n|turn|26\n|\n|t:|1700645015\n|move|p1a: No Fun Allowed|Substitute|p1a: No Fun Allowed\n|-start|p1a: No Fun Allowed|Substitute\n|-damage|p1a: No Fun Allowed|76\/100\n|move|p2a: Slowking|Thunder Wave||[still]\n|-fail|p2a: Slowking\n|\n|-heal|p1a: No Fun Allowed|82\/100|[from] item: Leftovers\n|upkeep\n|turn|27\n|\n|t:|1700645027\n|move|p1a: No Fun Allowed|Toxic|p2a: Slowking\n|-status|p2a: Slowking|tox\n|move|p2a: Slowking|Scald|p1a: No Fun Allowed\n|-supereffective|p1a: No Fun Allowed\n|-end|p1a: No Fun Allowed|Substitute\n|\n|-heal|p1a: No Fun Allowed|88\/100|[from] item: Leftovers\n|-damage|p2a: Slowking|94\/100 tox|[from] psn\n|upkeep\n|turn|28\n|\n|t:|1700645038\n|move|p1a: No Fun Allowed|Protect|p1a: No Fun Allowed\n|-singleturn|p1a: No Fun Allowed|Protect\n|move|p2a: Slowking|Chilly Reception|p2a: Slowking\n|-weather|Snow\n|\n|t:|1700645046\n|switch|p2a: Ogerpon|Ogerpon-Wellspring, F|100\/100|[from] Chilly Reception\n|\n|-weather|Snow|[upkeep]\n|-heal|p1a: No Fun Allowed|94\/100|[from] item: Leftovers\n|upkeep\n|turn|29\n|\n|t:|1700645065\n|switch|p1a: Level2\ufe0f\u20e3Level2\ufe0f\u20e3|Probopass, L2, F, shiny|100\/100\n|move|p2a: Ogerpon|Ivy Cudgel|p1a: Level2\ufe0f\u20e3Level2\ufe0f\u20e3|[anim] Ivy Cudgel Water\n|-supereffective|p1a: Level2\ufe0f\u20e3Level2\ufe0f\u20e3\n|-crit|p1a: Level2\ufe0f\u20e3Level2\ufe0f\u20e3\n|-ability|p1a: Level2\ufe0f\u20e3Level2\ufe0f\u20e3|Sturdy\n|-damage|p1a: Level2\ufe0f\u20e3Level2\ufe0f\u20e3|8\/100\n|-enditem|p1a: Level2\ufe0f\u20e3Level2\ufe0f\u20e3|Berry Juice\n|-heal|p1a: Level2\ufe0f\u20e3Level2\ufe0f\u20e3|100\/100|[from] item: Berry Juice\n|\n|-weather|Snow|[upkeep]\n|upkeep\n|turn|30\n|\n|t:|1700645076\n|move|p2a: Ogerpon|U-turn|p1a: Level2\ufe0f\u20e3Level2\ufe0f\u20e3\n|-resisted|p1a: Level2\ufe0f\u20e3Level2\ufe0f\u20e3\n|-crit|p1a: Level2\ufe0f\u20e3Level2\ufe0f\u20e3\n|-ability|p1a: Level2\ufe0f\u20e3Level2\ufe0f\u20e3|Sturdy\n|-damage|p1a: Level2\ufe0f\u20e3Level2\ufe0f\u20e3|8\/100\n|\n|t:|1700645087\n|switch|p2a: Slowking|Slowking-Galar, F|100\/100 tox|[from] U-turn\n|move|p1a: Level2\ufe0f\u20e3Level2\ufe0f\u20e3|Pain Split|p2a: Slowking\n|-sethp|p2a: Slowking|50\/100 tox|[from] move: Pain Split|[silent]\n|-sethp|p1a: Level2\ufe0f\u20e3Level2\ufe0f\u20e3|100\/100|[from] move: Pain Split\n|\n|-weather|Snow|[upkeep]\n|-damage|p2a: Slowking|44\/100 tox|[from] psn\n|upkeep\n|turn|31\n|\n|t:|1700645100\n|move|p1a: Level2\ufe0f\u20e3Level2\ufe0f\u20e3|Protect|p1a: Level2\ufe0f\u20e3Level2\ufe0f\u20e3\n|-singleturn|p1a: Level2\ufe0f\u20e3Level2\ufe0f\u20e3|Protect\n|move|p2a: Slowking|Slack Off|p2a: Slowking\n|-heal|p2a: Slowking|94\/100 tox\n|\n|-weather|Snow|[upkeep]\n|-damage|p2a: Slowking|82\/100 tox|[from] psn\n|upkeep\n|turn|32\n|inactive|Saltppator has 120 seconds left.\n|\n|t:|1700645135\n|switch|p2a: Ambipom|Ambipom, F|57\/100 tox\n|-terastallize|p1a: Level2\ufe0f\u20e3Level2\ufe0f\u20e3|Fire\n|move|p1a: Level2\ufe0f\u20e3Level2\ufe0f\u20e3|Pain Split|p2a: Ambipom\n|-sethp|p2a: Ambipom|31\/100 tox|[from] move: Pain Split|[silent]\n|-sethp|p1a: Level2\ufe0f\u20e3Level2\ufe0f\u20e3|100\/100|[from] move: Pain Split\n|\n|-weather|none\n|-damage|p2a: Ambipom|25\/100 tox|[from] psn\n|upkeep\n|turn|33\n|inactive|Saltppator has 120 seconds left.\n|\n|t:|1700645147\n|switch|p1a: Sh\ud83d\udca9tbird|Mandibuzz, F|60\/100\n|move|p2a: Ambipom|U-turn|p1a: Sh\ud83d\udca9tbird\n|-damage|p1a: Sh\ud83d\udca9tbird|48\/100\n|\n|t:|1700645158\n|switch|p2a: Ogerpon|Ogerpon-Wellspring, F|100\/100|[from] U-turn\n|\n|upkeep\n|turn|34\n|\n|t:|1700645164\n|-terastallize|p2a: Ogerpon|Water\n|detailschange|p2a: Ogerpon|Ogerpon-Wellspring-Tera, F, tera:Water\n|-ability|p2a: Ogerpon|Embody Aspect (Wellspring)|boost\n|-boost|p2a: Ogerpon|spd|1\n|move|p2a: Ogerpon|Ivy Cudgel|p1a: Sh\ud83d\udca9tbird|[anim] Ivy Cudgel Water\n|-damage|p1a: Sh\ud83d\udca9tbird|5\/100\n|move|p1a: Sh\ud83d\udca9tbird|Toxic|p2a: Ogerpon\n|-status|p2a: Ogerpon|tox\n|\n|-damage|p2a: Ogerpon|95\/100 tox|[from] psn\n|upkeep\n|turn|35\n|\n|t:|1700645185\n|move|p2a: Ogerpon|U-turn|p1a: Sh\ud83d\udca9tbird\n|-damage|p1a: Sh\ud83d\udca9tbird|0 fnt\n|faint|p1a: Sh\ud83d\udca9tbird\n|\n|t:|1700645195\n|switch|p2a: Slowking|Slowking-Galar, F|100\/100 tox|[from] U-turn\n|\n|-damage|p2a: Slowking|94\/100 tox|[from] psn\n|upkeep\n|\n|t:|1700645201\n|switch|p1a: Level2\ufe0f\u20e3Level2\ufe0f\u20e3|Probopass, L2, F, shiny, tera:Fire|100\/100\n|turn|36\n|\n|t:|1700645209\n|move|p2a: Slowking|Thunder Wave|p1a: Level2\ufe0f\u20e3Level2\ufe0f\u20e3\n|-status|p1a: Level2\ufe0f\u20e3Level2\ufe0f\u20e3|par\n|move|p1a: Level2\ufe0f\u20e3Level2\ufe0f\u20e3|Pain Split|p2a: Slowking\n|-sethp|p2a: Slowking|49\/100 tox|[from] move: Pain Split|[silent]\n|-sethp|p1a: Level2\ufe0f\u20e3Level2\ufe0f\u20e3|100\/100 par|[from] move: Pain Split\n|\n|-damage|p2a: Slowking|37\/100 tox|[from] psn\n|upkeep\n|turn|37\n|\n|t:|1700645218\n|move|p2a: Slowking|Slack Off|p2a: Slowking\n|-heal|p2a: Slowking|87\/100 tox\n|cant|p1a: Level2\ufe0f\u20e3Level2\ufe0f\u20e3|par\n|\n|-damage|p2a: Slowking|69\/100 tox|[from] psn\n|upkeep\n|turn|38\n|\n|t:|1700645232\n|switch|p2a: Ambipom|Ambipom, F|25\/100 tox\n|switch|p1a: Literally Level 1|Magnemite, L1|100\/100\n|\n|-damage|p2a: Ambipom|19\/100 tox|[from] psn\n|upkeep\n|turn|39\n|inactive|Saltppator has 120 seconds left.\n|\n|t:|1700645268\n|switch|p2a: Slowking|Slowking-Galar, F|100\/100 tox\n|move|p1a: Literally Level 1|Protect||[still]\n|-fail|p1a: Literally Level 1\n|\n|-damage|p2a: Slowking|94\/100 tox|[from] psn\n|upkeep\n|turn|40\n|inactive|Saltppator has 120 seconds left.\n|\n|t:|1700645275\n|move|p1a: Literally Level 1|Protect|p1a: Literally Level 1\n|-singleturn|p1a: Literally Level 1|Protect\n|move|p2a: Slowking|Scald|p1a: Literally Level 1\n|-activate|p1a: Literally Level 1|move: Protect\n|\n|-damage|p2a: Slowking|82\/100 tox|[from] psn\n|upkeep\n|turn|41\n|\n|t:|1700645284\n|move|p2a: Slowking|Scald|p1a: Literally Level 1\n|-ability|p1a: Literally Level 1|Sturdy\n|-damage|p1a: Literally Level 1|10\/100\n|-status|p1a: Literally Level 1|brn\n|move|p1a: Literally Level 1|Recycle|p1a: Literally Level 1\n|-item|p1a: Literally Level 1|Berry Juice|[from] move: Recycle\n|-enditem|p1a: Literally Level 1|Berry Juice\n|-heal|p1a: Literally Level 1|100\/100 brn|[from] item: Berry Juice\n|\n|-damage|p2a: Slowking|64\/100 tox|[from] psn\n|-damage|p1a: Literally Level 1|91\/100 brn|[from] brn\n|upkeep\n|turn|42\n|\n|t:|1700645296\n|move|p2a: Slowking|Scald|p1a: Literally Level 1\n|-damage|p1a: Literally Level 1|0 fnt\n|faint|p1a: Literally Level 1\n|\n|-damage|p2a: Slowking|40\/100 tox|[from] psn\n|upkeep\n|\n|t:|1700645299\n|switch|p1a: No Fun Allowed|Salazzle, F|94\/100\n|turn|43\n|\n|t:|1700645306\n|switch|p2a: Houndoom|Houndoom, F|100\/100\n|move|p1a: No Fun Allowed|Substitute|p1a: No Fun Allowed\n|-start|p1a: No Fun Allowed|Substitute\n|-damage|p1a: No Fun Allowed|69\/100\n|\n|-heal|p1a: No Fun Allowed|75\/100|[from] item: Leftovers\n|upkeep\n|turn|44\n|\n|t:|1700645322\n|detailschange|p2a: Houndoom|Houndoom-Mega, F\n|-mega|p2a: Houndoom|Houndoom|Houndoominite\n|move|p1a: No Fun Allowed|Toxic|p2a: Houndoom\n|-status|p2a: Houndoom|tox\n|move|p2a: Houndoom|Dark Pulse|p1a: No Fun Allowed\n|-end|p1a: No Fun Allowed|Substitute\n|\n|-heal|p1a: No Fun Allowed|81\/100|[from] item: Leftovers\n|-damage|p2a: Houndoom|94\/100 tox|[from] psn\n|upkeep\n|turn|45\n|\n|t:|1700645339\n|switch|p2a: Kommo-o|Kommo-o, F|76\/100 tox\n|move|p1a: No Fun Allowed|Protect||[still]\n|-fail|p1a: No Fun Allowed\n|\n|-heal|p1a: No Fun Allowed|88\/100|[from] item: Leftovers\n|-damage|p2a: Kommo-o|70\/100 tox|[from] psn\n|upkeep\n|turn|46\n|\n|t:|1700645346\n|move|p1a: No Fun Allowed|Protect|p1a: No Fun Allowed\n|-singleturn|p1a: No Fun Allowed|Protect\n|move|p2a: Kommo-o|Boomburst|p1a: No Fun Allowed\n|-activate|p1a: No Fun Allowed|move: Protect\n|\n|-heal|p1a: No Fun Allowed|94\/100|[from] item: Leftovers\n|-damage|p2a: Kommo-o|57\/100 tox|[from] psn\n|upkeep\n|turn|47\n|\n|t:|1700645356\n|switch|p2a: Houndoom|Houndoom-Mega, F|94\/100 tox\n|move|p1a: No Fun Allowed|Flamethrower|p2a: Houndoom\n|-resisted|p2a: Houndoom\n|-damage|p2a: Houndoom|65\/100 tox\n|\n|-heal|p1a: No Fun Allowed|99\/100|[from] item: Leftovers\n|-damage|p2a: Houndoom|59\/100 tox|[from] psn\n|upkeep\n|turn|48\n|\n|t:|1700645368\n|move|p1a: No Fun Allowed|Protect|p1a: No Fun Allowed\n|-singleturn|p1a: No Fun Allowed|Protect\n|move|p2a: Houndoom|Dark Pulse|p1a: No Fun Allowed\n|-activate|p1a: No Fun Allowed|move: Protect\n|\n|-heal|p1a: No Fun Allowed|100\/100|[from] item: Leftovers\n|-damage|p2a: Houndoom|47\/100 tox|[from] psn\n|upkeep\n|turn|49\n|\n|t:|1700645379\n|move|p1a: No Fun Allowed|Substitute|p1a: No Fun Allowed\n|-start|p1a: No Fun Allowed|Substitute\n|-damage|p1a: No Fun Allowed|76\/100\n|move|p2a: Houndoom|Dark Pulse|p1a: No Fun Allowed\n|-end|p1a: No Fun Allowed|Substitute\n|\n|-heal|p1a: No Fun Allowed|82\/100|[from] item: Leftovers\n|-damage|p2a: Houndoom|28\/100 tox|[from] psn\n|upkeep\n|turn|50\n|\n|t:|1700645392\n|move|p1a: No Fun Allowed|Flamethrower|p2a: Houndoom\n|-resisted|p2a: Houndoom\n|-damage|p2a: Houndoom|0 fnt\n|faint|p2a: Houndoom\n|\n|-heal|p1a: No Fun Allowed|88\/100|[from] item: Leftovers\n|upkeep\n|\n|t:|1700645402\n|switch|p2a: Slowking|Slowking-Galar, F|73\/100 tox\n|turn|51\n|\n|t:|1700645407\n|move|p1a: No Fun Allowed|Substitute|p1a: No Fun Allowed\n|-start|p1a: No Fun Allowed|Substitute\n|-damage|p1a: No Fun Allowed|63\/100\n|move|p2a: Slowking|Chilly Reception|p2a: Slowking\n|-weather|Snow\n|\n|t:|1700645417\n|switch|p2a: Kommo-o|Kommo-o, F|57\/100 tox|[from] Chilly Reception\n|\n|-weather|Snow|[upkeep]\n|-heal|p1a: No Fun Allowed|69\/100|[from] item: Leftovers\n|-damage|p2a: Kommo-o|51\/100 tox|[from] psn\n|upkeep\n|turn|52\n|\n|t:|1700645426\n|switch|p2a: Slowking|Slowking-Galar, F|100\/100 tox\n|move|p1a: No Fun Allowed|Protect||[still]\n|-fail|p1a: No Fun Allowed\n|\n|-weather|Snow|[upkeep]\n|-heal|p1a: No Fun Allowed|75\/100|[from] item: Leftovers\n|-damage|p2a: Slowking|94\/100 tox|[from] psn\n|upkeep\n|turn|53\n|\n|t:|1700645435\n|move|p1a: No Fun Allowed|Protect|p1a: No Fun Allowed\n|-singleturn|p1a: No Fun Allowed|Protect\n|move|p2a: Slowking|Scald|p1a: No Fun Allowed\n|-activate|p1a: No Fun Allowed|move: Protect\n|\n|-weather|Snow|[upkeep]\n|-heal|p1a: No Fun Allowed|81\/100|[from] item: Leftovers\n|-damage|p2a: Slowking|82\/100 tox|[from] psn\n|upkeep\n|turn|54\n|\n|t:|1700645445\n|move|p1a: No Fun Allowed|Flamethrower|p2a: Slowking\n|-damage|p2a: Slowking|52\/100 tox\n|move|p2a: Slowking|Scald|p1a: No Fun Allowed\n|-supereffective|p1a: No Fun Allowed\n|-end|p1a: No Fun Allowed|Substitute\n|\n|-weather|Snow|[upkeep]\n|-heal|p1a: No Fun Allowed|88\/100|[from] item: Leftovers\n|-damage|p2a: Slowking|33\/100 tox|[from] psn\n|upkeep\n|turn|55\n|\n|t:|1700645457\n|switch|p2a: Ogerpon|Ogerpon-Wellspring-Tera, F, tera:Water|95\/100 tox\n|-ability|p2a: Ogerpon|Embody Aspect (Wellspring)|boost\n|-boost|p2a: Ogerpon|spd|1\n|move|p1a: No Fun Allowed|Protect||[still]\n|-fail|p1a: No Fun Allowed\n|\n|-weather|none\n|-heal|p1a: No Fun Allowed|94\/100|[from] item: Leftovers\n|-damage|p2a: Ogerpon|89\/100 tox|[from] psn\n|upkeep\n|turn|56\n|\n|t:|1700645466\n|move|p1a: No Fun Allowed|Substitute|p1a: No Fun Allowed\n|-start|p1a: No Fun Allowed|Substitute\n|-damage|p1a: No Fun Allowed|69\/100\n|move|p2a: Ogerpon|Ivy Cudgel|p1a: No Fun Allowed|[anim] Ivy Cudgel Water\n|-supereffective|p1a: No Fun Allowed\n|-end|p1a: No Fun Allowed|Substitute\n|\n|-heal|p1a: No Fun Allowed|75\/100|[from] item: Leftovers\n|-damage|p2a: Ogerpon|77\/100 tox|[from] psn\n|upkeep\n|turn|57\n|\n|t:|1700645477\n|move|p1a: No Fun Allowed|Protect|p1a: No Fun Allowed\n|-singleturn|p1a: No Fun Allowed|Protect\n|move|p2a: Ogerpon|Horn Leech|p1a: No Fun Allowed\n|-activate|p1a: No Fun Allowed|move: Protect\n|\n|-heal|p1a: No Fun Allowed|81\/100|[from] item: Leftovers\n|-damage|p2a: Ogerpon|59\/100 tox|[from] psn\n|upkeep\n|turn|58\n|\n|t:|1700645493\n|switch|p2a: Slowking|Slowking-Galar, F|67\/100 tox\n|move|p1a: No Fun Allowed|Substitute|p1a: No Fun Allowed\n|-start|p1a: No Fun Allowed|Substitute\n|-damage|p1a: No Fun Allowed|56\/100\n|\n|-heal|p1a: No Fun Allowed|62\/100|[from] item: Leftovers\n|-damage|p2a: Slowking|61\/100 tox|[from] psn\n|upkeep\n|turn|59\n|\n|t:|1700645503\n|move|p1a: No Fun Allowed|Flamethrower|p2a: Slowking\n|-damage|p2a: Slowking|27\/100 tox\n|move|p2a: Slowking|Slack Off|p2a: Slowking\n|-heal|p2a: Slowking|77\/100 tox\n|\n|-heal|p1a: No Fun Allowed|68\/100|[from] item: Leftovers\n|-damage|p2a: Slowking|65\/100 tox|[from] psn\n|upkeep\n|turn|60\n|\n|t:|1700645512\n|move|p1a: No Fun Allowed|Flamethrower|p2a: Slowking\n|-damage|p2a: Slowking|33\/100 tox\n|move|p2a: Slowking|Chilly Reception|p2a: Slowking\n|-weather|Snow\n|\n|t:|1700645523\n|switch|p2a: Kommo-o|Kommo-o, F|51\/100 tox|[from] Chilly Reception\n|\n|-weather|Snow|[upkeep]\n|-heal|p1a: No Fun Allowed|75\/100|[from] item: Leftovers\n|-damage|p2a: Kommo-o|45\/100 tox|[from] psn\n|upkeep\n|turn|61\n|\n|t:|1700645532\n|switch|p2a: Slowking|Slowking-Galar, F|66\/100 tox\n|move|p1a: No Fun Allowed|Protect||[still]\n|-fail|p1a: No Fun Allowed\n|\n|-weather|Snow|[upkeep]\n|-heal|p1a: No Fun Allowed|81\/100|[from] item: Leftovers\n|-damage|p2a: Slowking|60\/100 tox|[from] psn\n|upkeep\n|turn|62\n|\n|t:|1700645543\n|move|p1a: No Fun Allowed|Flamethrower|p2a: Slowking\n|-damage|p2a: Slowking|30\/100 tox\n|move|p2a: Slowking|Chilly Reception|p2a: Slowking\n|\n|t:|1700645549\n|switch|p2a: Kommo-o|Kommo-o, F|45\/100 tox|[from] Chilly Reception\n|\n|-weather|Snow|[upkeep]\n|-heal|p1a: No Fun Allowed|87\/100|[from] item: Leftovers\n|-damage|p2a: Kommo-o|39\/100 tox|[from] psn\n|upkeep\n|turn|63\n|\n|t:|1700645557\n|move|p1a: No Fun Allowed|Flamethrower|p2a: Kommo-o\n|-resisted|p2a: Kommo-o\n|-damage|p2a: Kommo-o|15\/100 tox\n|move|p2a: Kommo-o|Boomburst|p1a: No Fun Allowed\n|-damage|p1a: No Fun Allowed|10\/100\n|\n|-weather|Snow|[upkeep]\n|-heal|p1a: No Fun Allowed|16\/100|[from] item: Leftovers\n|-damage|p2a: Kommo-o|3\/100 tox|[from] psn\n|upkeep\n|turn|64\n|c|\u2606Saltppator|gg\n|\n|t:|1700645573\n|move|p1a: No Fun Allowed|Flamethrower|p2a: Kommo-o\n|-resisted|p2a: Kommo-o\n|-damage|p2a: Kommo-o|0 fnt\n|faint|p2a: Kommo-o\n|\n|-weather|none\n|-heal|p1a: No Fun Allowed|22\/100|[from] item: Leftovers\n|upkeep\n|\n|t:|1700645582\n|switch|p2a: Ogerpon|Ogerpon-Wellspring-Tera, F, tera:Water|59\/100 tox\n|-ability|p2a: Ogerpon|Embody Aspect (Wellspring)|boost\n|-boost|p2a: Ogerpon|spd|1\n|turn|65\n|\n|t:|1700645587\n|move|p1a: No Fun Allowed|Protect|p1a: No Fun Allowed\n|-singleturn|p1a: No Fun Allowed|Protect\n|move|p2a: Ogerpon|Ivy Cudgel|p1a: No Fun Allowed|[anim] Ivy Cudgel Water\n|-activate|p1a: No Fun Allowed|move: Protect\n|\n|-heal|p1a: No Fun Allowed|28\/100|[from] item: Leftovers\n|-damage|p2a: Ogerpon|53\/100 tox|[from] psn\n|upkeep\n|turn|66\n|\n|t:|1700645598\n|move|p1a: No Fun Allowed|Flamethrower|p2a: Ogerpon\n|-resisted|p2a: Ogerpon\n|-damage|p2a: Ogerpon|37\/100 tox\n|move|p2a: Ogerpon|Horn Leech|p1a: No Fun Allowed\n|-resisted|p1a: No Fun Allowed\n|-activate|p1a: No Fun Allowed|move: Substitute|[damage]\n|-heal|p2a: Ogerpon|46\/100 tox|[from] drain|[of] p1a: No Fun Allowed\n|\n|-heal|p1a: No Fun Allowed|34\/100|[from] item: Leftovers\n|-damage|p2a: Ogerpon|34\/100 tox|[from] psn\n|upkeep\n|turn|67\n|c|\u2606Saltppator|?????\n|\n|t:|1700645613\n|move|p1a: No Fun Allowed|Protect|p1a: No Fun Allowed\n|-singleturn|p1a: No Fun Allowed|Protect\n|move|p2a: Ogerpon|Ivy Cudgel|p1a: No Fun Allowed|[anim] Ivy Cudgel Water\n|-activate|p1a: No Fun Allowed|move: Protect\n|\n|-heal|p1a: No Fun Allowed|41\/100|[from] item: Leftovers\n|-damage|p2a: Ogerpon|16\/100 tox|[from] psn\n|upkeep\n|turn|68\n|\n|t:|1700645628\n|move|p1a: No Fun Allowed|Flamethrower|p2a: Ogerpon\n|-resisted|p2a: Ogerpon\n|-damage|p2a: Ogerpon|1\/100 tox\n|move|p2a: Ogerpon|Ivy Cudgel|p1a: No Fun Allowed|[anim] Ivy Cudgel Water\n|-supereffective|p1a: No Fun Allowed\n|-end|p1a: No Fun Allowed|Substitute\n|\n|-heal|p1a: No Fun Allowed|47\/100|[from] item: Leftovers\n|-damage|p2a: Ogerpon|0 fnt|[from] psn\n|faint|p2a: Ogerpon\n|upkeep\n|\n|t:|1700645641\n|switch|p2a: Ambipom|Ambipom, F|19\/100 tox\n|turn|69\n|\n|t:|1700645645\n|move|p1a: No Fun Allowed|Protect|p1a: No Fun Allowed\n|-singleturn|p1a: No Fun Allowed|Protect\n|move|p2a: Ambipom|Fake Out|p1a: No Fun Allowed\n|-activate|p1a: No Fun Allowed|move: Protect\n|\n|-heal|p1a: No Fun Allowed|53\/100|[from] item: Leftovers\n|-damage|p2a: Ambipom|13\/100 tox|[from] psn\n|upkeep\n|turn|70\n|j| flutter4566\n|\n|t:|1700645654\n|switch|p2a: Slowking|Slowking-Galar, F|63\/100 tox\n|move|p1a: No Fun Allowed|Flamethrower|p2a: Slowking\n|-damage|p2a: Slowking|32\/100 tox\n|\n|-heal|p1a: No Fun Allowed|59\/100|[from] item: Leftovers\n|-damage|p2a: Slowking|26\/100 tox|[from] psn\n|upkeep\n|turn|71\n|\n|t:|1700645663\n|move|p1a: No Fun Allowed|Flamethrower|p2a: Slowking\n|-damage|p2a: Slowking|0 fnt\n|faint|p2a: Slowking\n|\n|-heal|p1a: No Fun Allowed|65\/100|[from] item: Leftovers\n|upkeep\n|\n|t:|1700645669\n|switch|p2a: Ambipom|Ambipom, F|13\/100 tox\n|turn|72\n|\n|t:|1700645674\n|move|p1a: No Fun Allowed|Protect|p1a: No Fun Allowed\n|-singleturn|p1a: No Fun Allowed|Protect\n|move|p2a: Ambipom|Fake Out|p1a: No Fun Allowed\n|-activate|p1a: No Fun Allowed|move: Protect\n|\n|-heal|p1a: No Fun Allowed|71\/100|[from] item: Leftovers\n|-damage|p2a: Ambipom|7\/100 tox|[from] psn\n|upkeep\n|turn|73\n|\n|t:|1700645684\n|switch|p1a: Level2\ufe0f\u20e3Level2\ufe0f\u20e3|Probopass, L2, F, shiny, tera:Fire|100\/100 par\n|move|p2a: Ambipom|Power-Up Punch|p1a: Level2\ufe0f\u20e3Level2\ufe0f\u20e3\n|-ability|p1a: Level2\ufe0f\u20e3Level2\ufe0f\u20e3|Sturdy\n|-damage|p1a: Level2\ufe0f\u20e3Level2\ufe0f\u20e3|8\/100 par\n|-boost|p2a: Ambipom|atk|1\n|\n|-damage|p2a: Ambipom|0 fnt|[from] psn\n|faint|p2a: Ambipom\n|\n|win|Saltppator\n|upkeep\n|raw|Saltppator's rating: 1253 &rarr; <strong>1273<\/strong><br \/>(+20 for winning)\n|raw|newbie1002's rating: 1177 &rarr; <strong>1157<\/strong><br \/>(-20 for losing)\n","uploadtime":1700645689,"views":7,"p1id":"saltppator","p2id":"newbie1002","formatid":"gen9nationaldex","rating":1157,"private":0,"password":""}