{"id":"gen9nationaldex-1990967954","p1":"Adamantpugoffical","p2":"DestinyPurpley","format":"[Gen 9] National Dex","log":"|j|\u2606Adamantpugoffical\n|j|\u2606DestinyPurpley\n|t:|1700021071\n|gametype|singles\n|player|p1|Adamantpugoffical|2|1000\n|player|p2|DestinyPurpley|lusamine-nihilego|1075\n|teamsize|p1|6\n|teamsize|p2|6\n|gen|9\n|tier|[Gen 9] National Dex\n|rated|\n|rule|HP Percentage Mod: HP is shown in percentages\n|rule|Endless Battle Clause: Forcing endless battles is banned\n|rule|OHKO Clause: OHKO moves are banned\n|rule|Evasion Clause: Evasion abilities, items, and moves are banned\n|rule|Evasion Abilities Clause: Evasion abilities are banned\n|rule|Evasion Items Clause: Evasion items are banned\n|rule|Evasion Moves Clause: Evasion moves are banned\n|rule|Species Clause: Limit one of each Pok\u00e9mon\n|rule|Sleep Clause Mod: Limit one foe put to sleep\n|clearpoke\n|poke|p1|Primarina, F|\n|poke|p1|Ribombee, F|\n|poke|p1|Braviary, M|\n|poke|p1|Vikavolt, M|\n|poke|p1|Drifloon, F|\n|poke|p1|Zoroark, F|\n|poke|p2|Delphox, M|\n|poke|p2|Zoroark-Hisui, F|\n|poke|p2|Lilligant-Hisui, F|\n|poke|p2|Nihilego|\n|poke|p2|Minior|\n|poke|p2|Mismagius, F|\n|teampreview\n|\n|t:|1700021097\n|start\n|switch|p1a: Vikavolt|Vikavolt, M, shiny|100\/100\n|switch|p2a: Loaf|Delphox, M|100\/100\n|turn|1\n|\n|t:|1700021107\n|move|p2a: Loaf|Switcheroo|p1a: Vikavolt\n|-activate|p2a: Loaf|move: Trick|[of] p1a: Vikavolt\n|-item|p1a: Vikavolt|Flame Orb|[from] move: Switcheroo\n|-item|p2a: Loaf|Heavy-Duty Boots|[from] move: Switcheroo\n|move|p1a: Vikavolt|Volt Switch|p2a: Loaf\n|-damage|p2a: Loaf|53\/100\n|\n|t:|1700021117\n|switch|p1a: Primarina|Primarina, F, shiny|100\/100|[from] Volt Switch\n|\n|upkeep\n|turn|2\n|\n|t:|1700021126\n|-terastallize|p2a: Loaf|Grass\n|move|p1a: Primarina|Knock Off|p2a: Loaf\n|-damage|p2a: Loaf|0 fnt\n|-enditem|p2a: Loaf|Heavy-Duty Boots|[from] move: Knock Off|[of] p1a: Primarina\n|faint|p2a: Loaf\n|\n|upkeep\n|\n|t:|1700021144\n|switch|p2a: Unmei|Mismagius, F|100\/100\n|turn|3\n|\n|t:|1700021153\n|move|p1a: Primarina|Knock Off|p2a: Unmei\n|-supereffective|p2a: Unmei\n|-damage|p2a: Unmei|0 fnt\n|replace|p2a: Miho|Zoroark-Hisui, F, shiny\n|-end|p2a: Miho|Illusion\n|-enditem|p2a: Miho|Throat Spray|[from] move: Knock Off|[of] p1a: Primarina\n|faint|p2a: Miho\n|\n|upkeep\n|\n|t:|1700021163\n|switch|p2a: Cassiopia|Lilligant-Hisui, F|100\/100\n|turn|4\n|\n|t:|1700021177\n|switch|p1a: Braviary|Braviary, M, shiny|100\/100\n|move|p2a: Cassiopia|Victory Dance|p2a: Cassiopia\n|-boost|p2a: Cassiopia|atk|1\n|-boost|p2a: Cassiopia|def|1\n|-boost|p2a: Cassiopia|spe|1\n|\n|upkeep\n|turn|5\n|inactive|Battle timer is ON: inactive players will automatically lose when time's up. (requested by Adamantpugoffical)\n|\n|t:|1700021197\n|move|p2a: Cassiopia|Close Combat|p1a: Braviary|[miss]\n|-miss|p2a: Cassiopia|p1a: Braviary\n|move|p1a: Braviary|Substitute|p1a: Braviary\n|-start|p1a: Braviary|Substitute\n|-damage|p1a: Braviary|76\/100\n|\n|upkeep\n|turn|6\n|\n|t:|1700021206\n|move|p2a: Cassiopia|Victory Dance|p2a: Cassiopia\n|-boost|p2a: Cassiopia|atk|1\n|-boost|p2a: Cassiopia|def|1\n|-boost|p2a: Cassiopia|spe|1\n|move|p1a: Braviary|Bulk Up|p1a: Braviary\n|-boost|p1a: Braviary|atk|1\n|-boost|p1a: Braviary|def|1\n|\n|upkeep\n|turn|7\n|\n|t:|1700021220\n|move|p2a: Cassiopia|Aerial Ace|p1a: Braviary\n|-end|p1a: Braviary|Substitute\n|move|p1a: Braviary|Roost|p1a: Braviary\n|-heal|p1a: Braviary|100\/100\n|-singleturn|p1a: Braviary|move: Roost\n|\n|upkeep\n|turn|8\n|\n|t:|1700021230\n|move|p2a: Cassiopia|Close Combat|p1a: Braviary\n|-crit|p1a: Braviary\n|-damage|p1a: Braviary|0 fnt\n|-unboost|p2a: Cassiopia|def|1\n|-unboost|p2a: Cassiopia|spd|1\n|faint|p1a: Braviary\n|\n|upkeep\n|\n|t:|1700021246\n|switch|p1a: Drifloon|Drifloon, F, shiny|100\/100\n|turn|9\n|\n|t:|1700021257\n|move|p2a: Cassiopia|Victory Dance|p2a: Cassiopia\n|-boost|p2a: Cassiopia|atk|1\n|-boost|p2a: Cassiopia|def|1\n|-boost|p2a: Cassiopia|spe|1\n|move|p1a: Drifloon|Defog|p2a: Cassiopia\n|-unboost|p2a: Cassiopia|evasion|1\n|\n|upkeep\n|turn|10\n|\n|t:|1700021270\n|-terastallize|p1a: Drifloon|Flying\n|move|p2a: Cassiopia|Aerial Ace|p1a: Drifloon\n|-enditem|p1a: Drifloon|Focus Sash\n|-damage|p1a: Drifloon|1\/100\n|move|p1a: Drifloon|Will-O-Wisp|p2a: Cassiopia\n|-status|p2a: Cassiopia|brn\n|\n|-damage|p2a: Cassiopia|94\/100 brn|[from] brn\n|upkeep\n|turn|11\n|\n|t:|1700021281\n|move|p2a: Cassiopia|Aerial Ace|p1a: Drifloon\n|-damage|p1a: Drifloon|0 fnt\n|faint|p1a: Drifloon\n|-heal|p2a: Cassiopia|95\/100 brn|[from] item: Shell Bell|[of] p1: Drifloon\n|\n|-damage|p2a: Cassiopia|89\/100 brn|[from] brn\n|upkeep\n|\n|t:|1700021292\n|switch|p1a: Ribombee|Ribombee, F, shiny|100\/100\n|turn|12\n|\n|t:|1700021316\n|move|p2a: Cassiopia|Aerial Ace|p1a: Ribombee\n|-supereffective|p1a: Ribombee\n|-enditem|p1a: Ribombee|Focus Sash\n|-damage|p1a: Ribombee|1\/100\n|-heal|p2a: Cassiopia|99\/100 brn|[from] item: Shell Bell|[of] p1a: Ribombee\n|move|p1a: Ribombee|Moonblast|p2a: Cassiopia\n|-supereffective|p2a: Cassiopia\n|-damage|p2a: Cassiopia|0 fnt\n|faint|p2a: Cassiopia\n|\n|upkeep\n|\n|t:|1700021326\n|switch|p2a: Mia|Nihilego|100\/100\n|turn|13\n|\n|t:|1700021332\n|move|p1a: Ribombee|U-turn|p2a: Mia\n|-resisted|p2a: Mia\n|-damage|p2a: Mia|89\/100\n|\n|t:|1700021338\n|switch|p1a: Primarina|Primarina, F, shiny|100\/100|[from] U-turn\n|move|p2a: Mia|Clear Smog|p1a: Primarina\n|-damage|p1a: Primarina|56\/100\n|-clearboost|p1a: Primarina\n|replace|p1a: Zoroark|Zoroark, F\n|-end|p1a: Zoroark|Illusion\n|\n|upkeep\n|turn|14\n|\n|t:|1700021355\n|move|p1a: Zoroark|Low Kick|p2a: Mia\n|-damage|p2a: Mia|47\/100\n|move|p2a: Mia|Meteor Beam||[still]\n|-prepare|p2a: Mia|Meteor Beam\n|-boost|p2a: Mia|spa|1\n|-enditem|p2a: Mia|Power Herb\n|-anim|p2a: Mia|Meteor Beam|p1a: Zoroark\n|-damage|p1a: Zoroark|0 fnt\n|faint|p1a: Zoroark\n|-ability|p2a: Mia|Beast Boost|boost\n|-boost|p2a: Mia|spe|1\n|\n|upkeep\n|\n|t:|1700021365\n|switch|p1a: Vikavolt|Vikavolt, M, shiny|100\/100\n|turn|15\n|\n|t:|1700021376\n|move|p2a: Mia|Thunderbolt|p1a: Vikavolt\n|-resisted|p1a: Vikavolt\n|-damage|p1a: Vikavolt|73\/100\n|move|p1a: Vikavolt|Energy Ball|p2a: Mia\n|-damage|p2a: Mia|23\/100\n|\n|-status|p1a: Vikavolt|brn|[from] item: Flame Orb\n|upkeep\n|turn|16\n|\n|t:|1700021394\n|move|p2a: Mia|Psyshock|p1a: Vikavolt\n|-damage|p1a: Vikavolt|30\/100 brn\n|move|p1a: Vikavolt|Volt Switch|p2a: Mia\n|-damage|p2a: Mia|0 fnt\n|faint|p2a: Mia\n|\n|t:|1700021405\n|switch|p1a: Ribombee|Ribombee, F, shiny|1\/100|[from] Volt Switch\n|\n|upkeep\n|\n|t:|1700021417\n|switch|p2a: Galaxy|Minior, shiny|100\/100\n|-formechange|p2a: Galaxy|Minior-Meteor||[from] ability: Shields Down\n|turn|17\n|\n|t:|1700021430\n|move|p1a: Ribombee|Stun Spore|p2a: Galaxy\n|-immune|p2a: Galaxy|[from] ability: Shields Down\n|move|p2a: Galaxy|Acrobatics|p1a: Ribombee\n|-supereffective|p1a: Ribombee\n|-damage|p1a: Ribombee|0 fnt\n|faint|p1a: Ribombee\n|\n|upkeep\n|\n|t:|1700021440\n|switch|p1a: Vikavolt|Vikavolt, M, shiny|30\/100 brn\n|turn|18\n|\n|t:|1700021445\n|move|p1a: Vikavolt|Energy Ball|p2a: Galaxy\n|-damage|p2a: Galaxy|58\/100\n|move|p2a: Galaxy|Shell Smash|p2a: Galaxy\n|-unboost|p2a: Galaxy|def|1\n|-unboost|p2a: Galaxy|spd|1\n|-boost|p2a: Galaxy|atk|2\n|-boost|p2a: Galaxy|spa|2\n|-boost|p2a: Galaxy|spe|2\n|\n|-damage|p1a: Vikavolt|23\/100 brn|[from] brn\n|upkeep\n|turn|19\n|\n|t:|1700021471\n|move|p2a: Galaxy|Acrobatics|p1a: Vikavolt\n|-damage|p1a: Vikavolt|0 fnt\n|faint|p1a: Vikavolt\n|\n|upkeep\n|\n|t:|1700021475\n|switch|p1a: Primarina|Primarina, F, shiny|100\/100\n|turn|20\n|inactive|Adamantpugoffical has 120 seconds left.\n|\n|t:|1700021509\n|move|p2a: Galaxy|Earthquake|p1a: Primarina\n|-damage|p1a: Primarina|46\/100\n|move|p1a: Primarina|Sparkling Aria|p2a: Galaxy\n|-supereffective|p2a: Galaxy\n|-damage|p2a: Galaxy|0 fnt\n|faint|p2a: Galaxy\n|\n|upkeep\n|\n|t:|1700021514\n|switch|p2a: Unmei|Mismagius, F|100\/100\n|turn|21\n|\n|t:|1700021522\n|move|p2a: Unmei|Thunder Wave|p1a: Primarina\n|-status|p1a: Primarina|par\n|-zpower|p1a: Primarina\n|move|p1a: Primarina|Oceanic Operetta|p2a: Unmei|[zeffect]\n|-damage|p2a: Unmei|0 fnt\n|faint|p2a: Unmei\n|\n|win|Adamantpugoffical\n|raw|Adamantpugoffical's rating: 1000 &rarr; <strong>1049<\/strong><br \/>(+49 for winning)\n|raw|DestinyPurpley's rating: 1075 &rarr; <strong>1049<\/strong><br \/>(-26 for losing)\n|l|\u2606DestinyPurpley\n|c|\u2606Adamantpugoffical|ggs\n","uploadtime":1700021547,"views":5,"p1id":"adamantpugoffical","p2id":"destinypurpley","formatid":"gen9nationaldex","rating":1049,"private":0,"password":""}