{"id":"gen9nationaldex-1988540843","p1":"slipperbandit","p2":"a wild Rez","format":"[Gen 9] National Dex","log":"|j|\u2606slipperbandit\n|j|\u2606a wild Rez\n|t:|1699733983\n|gametype|singles\n|player|p1|slipperbandit|harlequin|1154\n|player|p2|a wild Rez|rose-zerosuit|1168\n|teamsize|p1|6\n|teamsize|p2|6\n|gen|9\n|tier|[Gen 9] National Dex\n|rated|\n|rule|HP Percentage Mod: HP is shown in percentages\n|rule|Endless Battle Clause: Forcing endless battles is banned\n|rule|OHKO Clause: OHKO moves are banned\n|rule|Evasion Clause: Evasion abilities, items, and moves are banned\n|rule|Evasion Abilities Clause: Evasion abilities are banned\n|rule|Evasion Items Clause: Evasion items are banned\n|rule|Evasion Moves Clause: Evasion moves are banned\n|rule|Species Clause: Limit one of each Pok\u00e9mon\n|rule|Sleep Clause Mod: Limit one foe put to sleep\n|clearpoke\n|poke|p1|Chandelure, M|\n|poke|p1|Volcarona, F|\n|poke|p1|Duraludon, M|\n|poke|p1|Polteageist|\n|poke|p1|Sinistcha|\n|poke|p1|Glimmora, F|\n|poke|p2|Liepard, F|\n|poke|p2|Meganium, M|\n|poke|p2|Sneasler, M|\n|poke|p2|Iron Valiant|\n|poke|p2|Ferrothorn, F|\n|poke|p2|Zapdos|\n|teampreview\n|c|\u2606a wild Rez|glhf\n|inactive|Battle timer is ON: inactive players will automatically lose when time's up. (requested by a wild Rez)\n|\n|t:|1699734016\n|start\n|switch|p1a: Glimmora|Glimmora, F|100\/100\n|switch|p2a: Shoola|Liepard, F, shiny|100\/100\n|turn|1\n|\n|t:|1699734027\n|move|p2a: Shoola|Thunder Wave|p1a: Glimmora|[miss]\n|-miss|p2a: Shoola|p1a: Glimmora\n|move|p1a: Glimmora|Toxic Spikes|p2a: Shoola\n|-sidestart|p2: a wild Rez|move: Toxic Spikes\n|\n|upkeep\n|turn|2\n|\n|t:|1699734038\n|move|p2a: Shoola|Encore|p1a: Glimmora\n|-start|p1a: Glimmora|Encore\n|move|p1a: Glimmora|Toxic Spikes|p2a: Shoola\n|-sidestart|p2: a wild Rez|move: Toxic Spikes\n|\n|upkeep\n|turn|3\n|\n|t:|1699734058\n|switch|p1a: Zippo|Chandelure, M, shiny|100\/100\n|move|p2a: Shoola|Thunder Wave|p1a: Zippo\n|-status|p1a: Zippo|par\n|\n|upkeep\n|turn|4\n|\n|t:|1699734067\n|move|p2a: Shoola|Dark Pulse|p1a: Zippo\n|-supereffective|p1a: Zippo\n|-crit|p1a: Zippo\n|-damage|p1a: Zippo|0 fnt\n|faint|p1a: Zippo\n|\n|upkeep\n|\n|t:|1699734078\n|switch|p1a: Volcarona|Volcarona, F|100\/100\n|turn|5\n|\n|t:|1699734084\n|move|p2a: Shoola|Thunder Wave|p1a: Volcarona\n|-status|p1a: Volcarona|par\n|move|p1a: Volcarona|Bug Buzz|p2a: Shoola\n|-supereffective|p2a: Shoola\n|-damage|p2a: Shoola|0 fnt\n|faint|p2a: Shoola\n|\n|upkeep\n|\n|t:|1699734090\n|switch|p2a: Instinct|Zapdos, shiny|100\/100\n|turn|6\n|\n|t:|1699734105\n|move|p2a: Instinct|Hurricane|p1a: Volcarona|[miss]\n|-miss|p2a: Instinct|p1a: Volcarona\n|move|p1a: Volcarona|Quiver Dance|p1a: Volcarona\n|-boost|p1a: Volcarona|spa|1\n|-boost|p1a: Volcarona|spd|1\n|-boost|p1a: Volcarona|spe|1\n|\n|upkeep\n|turn|7\n|\n|t:|1699734112\n|move|p2a: Instinct|Hurricane|p1a: Volcarona\n|-supereffective|p1a: Volcarona\n|-damage|p1a: Volcarona|39\/100 par\n|move|p1a: Volcarona|Quiver Dance|p1a: Volcarona\n|-boost|p1a: Volcarona|spa|1\n|-boost|p1a: Volcarona|spd|1\n|-boost|p1a: Volcarona|spe|1\n|\n|upkeep\n|turn|8\n|\n|t:|1699734135\n|move|p1a: Volcarona|Psychic|p2a: Instinct\n|-damage|p2a: Instinct|28\/100\n|-unboost|p2a: Instinct|spd|1\n|move|p2a: Instinct|Hurricane|p1a: Volcarona\n|-supereffective|p1a: Volcarona\n|-damage|p1a: Volcarona|0 fnt\n|faint|p1a: Volcarona\n|\n|upkeep\n|inactive|slipperbandit has 120 seconds left.\n|\n|t:|1699734173\n|switch|p1a: Sinistcha|Sinistcha|100\/100\n|turn|9\n|\n|t:|1699734180\n|move|p2a: Instinct|Hurricane|p1a: Sinistcha\n|-supereffective|p1a: Sinistcha\n|-damage|p1a: Sinistcha|0 fnt\n|faint|p1a: Sinistcha\n|\n|upkeep\n|\n|t:|1699734185\n|switch|p1a: Glimmora|Glimmora, F|100\/100\n|turn|10\n|\n|t:|1699734190\n|move|p1a: Glimmora|Power Gem|p2a: Instinct\n|-supereffective|p2a: Instinct\n|-damage|p2a: Instinct|0 fnt\n|faint|p2a: Instinct\n|\n|upkeep\n|\n|t:|1699734202\n|switch|p2a: Schnitzler|Sneasler, M|100\/100\n|-sideend|p2: a wild Rez|move: Toxic Spikes|[of] p2a: Schnitzler\n|turn|11\n|inactive|slipperbandit has 120 seconds left.\n|\n|t:|1699734218\n|move|p2a: Schnitzler|Swords Dance|p2a: Schnitzler\n|-boost|p2a: Schnitzler|atk|2\n|move|p1a: Glimmora|Toxic Spikes|p2a: Schnitzler\n|-sidestart|p2: a wild Rez|move: Toxic Spikes\n|\n|upkeep\n|turn|12\n|\n|t:|1699734228\n|move|p2a: Schnitzler|Close Combat|p1a: Glimmora\n|-enditem|p1a: Glimmora|Focus Sash\n|-damage|p1a: Glimmora|1\/100\n|-unboost|p2a: Schnitzler|def|1\n|-unboost|p2a: Schnitzler|spd|1\n|-activate|p1a: Glimmora|ability: Toxic Debris\n|-sidestart|p2: a wild Rez|move: Toxic Spikes\n|move|p1a: Glimmora|Power Gem|p2a: Schnitzler\n|-resisted|p2a: Schnitzler\n|-damage|p2a: Schnitzler|58\/100\n|\n|upkeep\n|turn|13\n|inactive|slipperbandit has 120 seconds left.\n|\n|t:|1699734239\n|move|p2a: Schnitzler|Fire Punch|p1a: Glimmora\n|-resisted|p1a: Glimmora\n|-damage|p1a: Glimmora|0 fnt\n|faint|p1a: Glimmora\n|\n|upkeep\n|\n|t:|1699734251\n|switch|p1a: Polteageist|Polteageist|100\/100\n|turn|14\n|\n|t:|1699734264\n|move|p2a: Schnitzler|Dire Claw|p1a: Polteageist\n|-resisted|p1a: Polteageist\n|-damage|p1a: Polteageist|22\/100\n|-ability|p1a: Polteageist|Weak Armor|boost\n|-unboost|p1a: Polteageist|def|1\n|-boost|p1a: Polteageist|spe|2\n|move|p1a: Polteageist|Shell Smash|p1a: Polteageist\n|-unboost|p1a: Polteageist|def|1\n|-unboost|p1a: Polteageist|spd|1\n|-boost|p1a: Polteageist|atk|2\n|-boost|p1a: Polteageist|spa|2\n|-boost|p1a: Polteageist|spe|2\n|\n|upkeep\n|turn|15\n|inactive|slipperbandit has 120 seconds left.\n|\n|t:|1699734279\n|-terastallize|p2a: Schnitzler|Dark\n|move|p1a: Polteageist|Stored Power|p2a: Schnitzler\n|-immune|p2a: Schnitzler\n|move|p2a: Schnitzler|Fire Punch|p1a: Polteageist\n|-damage|p1a: Polteageist|0 fnt\n|faint|p1a: Polteageist\n|\n|upkeep\n|c|\u2606slipperbandit|wp\n|\n|t:|1699734288\n|switch|p1a: Bill|Duraludon, M|100\/100\n|turn|16\n|c|\u2606a wild Rez|ggwp\n|\n|t:|1699734297\n|move|p2a: Schnitzler|Close Combat|p1a: Bill\n|-supereffective|p1a: Bill\n|-damage|p1a: Bill|0 fnt\n|-unboost|p2a: Schnitzler|def|1\n|-unboost|p2a: Schnitzler|spd|1\n|faint|p1a: Bill\n|\n|win|a wild Rez\n|raw|slipperbandit's rating: 1154 &rarr; <strong>1130<\/strong><br \/>(-24 for losing)\n|raw|a wild Rez's rating: 1168 &rarr; <strong>1192<\/strong><br \/>(+24 for winning)\n","uploadtime":1699734301,"views":7,"p1id":"slipperbandit","p2id":"awildrez","formatid":"gen9nationaldex","rating":1130,"private":0,"password":""}