{"id":"gen9nationaldex-1987572812","p1":"Jasmine230","p2":"Souravgotthepkmn1","format":"[Gen 9] National Dex","log":"|j|\u2606Jasmine230\n|j|\u2606Souravgotthepkmn1\n|t:|1699614014\n|gametype|singles\n|player|p1|Jasmine230|psychicf|\n|player|p2|Souravgotthepkmn1|gambler|\n|teamsize|p1|6\n|teamsize|p2|6\n|gen|9\n|tier|[Gen 9] National Dex\n|rule|HP Percentage Mod: HP is shown in percentages\n|rule|Endless Battle Clause: Forcing endless battles is banned\n|rule|OHKO Clause: OHKO moves are banned\n|rule|Evasion Clause: Evasion abilities, items, and moves are banned\n|rule|Evasion Abilities Clause: Evasion abilities are banned\n|rule|Evasion Items Clause: Evasion items are banned\n|rule|Evasion Moves Clause: Evasion moves are banned\n|rule|Species Clause: Limit one of each Pok\u00e9mon\n|rule|Sleep Clause Mod: Limit one foe put to sleep\n|clearpoke\n|poke|p1|Beedrill, F|\n|poke|p1|Grafaiai, F|\n|poke|p1|Togekiss, M|\n|poke|p1|Shuckle, M|\n|poke|p1|Aron, L1, M|\n|poke|p1|Iron Moth|\n|poke|p2|Cloyster, M|\n|poke|p2|Mimikyu, M|\n|poke|p2|Lopunny, F|\n|poke|p2|Serperior, F|\n|poke|p2|Dragonite, M|\n|poke|p2|Iron Valiant|\n|teampreview\n|\n|t:|1699614057\n|start\n|switch|p1a: Shuckle|Shuckle, M, shiny|100\/100\n|switch|p2a: Archer|Cloyster, M|100\/100\n|turn|1\n|inactive|Battle timer is ON: inactive players will automatically lose when time's up. (requested by Souravgotthepkmn1)\n|\n|t:|1699614069\n|move|p2a: Archer|Shell Smash|p2a: Archer\n|-unboost|p2a: Archer|def|1\n|-unboost|p2a: Archer|spd|1\n|-boost|p2a: Archer|atk|2\n|-boost|p2a: Archer|spa|2\n|-boost|p2a: Archer|spe|2\n|move|p1a: Shuckle|Encore|p2a: Archer\n|-start|p2a: Archer|Encore\n|\n|upkeep\n|turn|2\n|c|\u2606Souravgotthepkmn1|!weak shuckle\n|c| Souravgotthepkmn1|\/raw <div class=\"infobox\">Shuckle (ignoring abilities):<br \/><span class=\"message-effect-weak\">Weaknesses<\/span>: Rock, Steel, Water<br \/><span class=\"message-effect-resist\">Resistances<\/span>: Normal, Poison<br \/><span class=\"message-effect-immune\">Immunities<\/span>: Sandstorm damage<\/div>\n|inactive|Souravgotthepkmn1 has 270 seconds left.\n|\n|t:|1699614108\n|switch|p2a: Revaliate|Iron Valiant|100\/100\n|-enditem|p2a: Revaliate|Booster Energy\n|-activate|p2a: Revaliate|ability: Quark Drive|[fromitem]\n|-start|p2a: Revaliate|quarkdrivespe\n|move|p1a: Shuckle|Toxic|p2a: Revaliate\n|-status|p2a: Revaliate|tox\n|\n|-damage|p2a: Revaliate|94\/100 tox|[from] psn\n|upkeep\n|turn|3\n|inactive|Souravgotthepkmn1 has 270 seconds left.\n|\n|t:|1699614128\n|move|p2a: Revaliate|Moonblast|p1a: Shuckle\n|-damage|p1a: Shuckle|70\/100\n|move|p1a: Shuckle|Sticky Web|p2a: Revaliate\n|-sidestart|p2: Souravgotthepkmn1|move: Sticky Web\n|\n|-damage|p2a: Revaliate|82\/100 tox|[from] psn\n|upkeep\n|turn|4\n|\n|t:|1699614141\n|move|p2a: Revaliate|Shadow Ball|p1a: Shuckle\n|-damage|p1a: Shuckle|54\/100\n|move|p1a: Shuckle|Stealth Rock|p2a: Revaliate\n|-sidestart|p2: Souravgotthepkmn1|move: Stealth Rock\n|\n|-damage|p2a: Revaliate|63\/100 tox|[from] psn\n|upkeep\n|turn|5\n|\n|t:|1699614151\n|move|p2a: Revaliate|Moonblast|p1a: Shuckle\n|-crit|p1a: Shuckle\n|-damage|p1a: Shuckle|10\/100\n|move|p1a: Shuckle|Encore|p2a: Revaliate\n|-start|p2a: Revaliate|Encore\n|\n|-damage|p2a: Revaliate|38\/100 tox|[from] psn\n|upkeep\n|turn|6\n|\n|t:|1699614160\n|move|p2a: Revaliate|Moonblast|p1a: Shuckle\n|-damage|p1a: Shuckle|0 fnt\n|faint|p1a: Shuckle\n|\n|-damage|p2a: Revaliate|7\/100 tox|[from] psn\n|upkeep\n|\n|t:|1699614182\n|switch|p1a: Beedrill|Beedrill, F, shiny|100\/100\n|turn|7\n|inactive|Souravgotthepkmn1 has 270 seconds left.\n|\n|t:|1699614192\n|detailschange|p1a: Beedrill|Beedrill-Mega, F, shiny\n|-mega|p1a: Beedrill|Beedrill|Beedrillite\n|move|p2a: Revaliate|Moonblast|p1a: Beedrill\n|-resisted|p1a: Beedrill\n|-damage|p1a: Beedrill|64\/100\n|move|p1a: Beedrill|Fell Stinger|p2a: Revaliate\n|-resisted|p2a: Revaliate\n|-damage|p2a: Revaliate|0 fnt\n|faint|p2a: Revaliate\n|-end|p2a: Revaliate|Quark Drive|[silent]\n|-boost|p1a: Beedrill|atk|3\n|\n|upkeep\n|inactive|Souravgotthepkmn1 has 270 seconds left.\n|\n|t:|1699614222\n|switch|p2a: Kairyu|Dragonite, M|100\/100\n|-damage|p2a: Kairyu|76\/100|[from] Stealth Rock\n|turn|8\n|\n|t:|1699614240\n|-terastallize|p2a: Kairyu|Normal\n|move|p2a: Kairyu|Extreme Speed|p1a: Beedrill\n|-damage|p1a: Beedrill|0 fnt\n|faint|p1a: Beedrill\n|\n|upkeep\n|\n|t:|1699614248\n|switch|p1a: Grafaiai|Grafaiai, F|100\/100\n|turn|9\n|\n|t:|1699614259\n|-terastallize|p1a: Grafaiai|Ghost\n|move|p2a: Kairyu|Extreme Speed|p1a: Grafaiai\n|-immune|p1a: Grafaiai\n|move|p1a: Grafaiai|Swords Dance|p1a: Grafaiai\n|-boost|p1a: Grafaiai|atk|2\n|\n|upkeep\n|turn|10\n|inactive|Souravgotthepkmn1 has 240 seconds left.\n|\n|t:|1699614289\n|switch|p2a: Archer|Cloyster, M|100\/100\n|-activate|p2a: Archer|move: Sticky Web\n|-unboost|p2a: Archer|spe|1\n|-damage|p2a: Archer|76\/100|[from] Stealth Rock\n|move|p1a: Grafaiai|Swords Dance|p1a: Grafaiai\n|-boost|p1a: Grafaiai|atk|2\n|\n|upkeep\n|turn|11\n|inactive|Souravgotthepkmn1 has 240 seconds left.\n|\n|t:|1699614308\n|move|p2a: Archer|Ice Shard|p1a: Grafaiai\n|-damage|p1a: Grafaiai|70\/100\n|move|p1a: Grafaiai|Shadow Claw|p2a: Archer\n|-damage|p2a: Archer|0 fnt\n|faint|p2a: Archer\n|\n|upkeep\n|\n|t:|1699614316\n|switch|p2a: Phantom|Mimikyu, M|100\/100\n|-activate|p2a: Phantom|move: Sticky Web\n|-unboost|p2a: Phantom|spe|1\n|-damage|p2a: Phantom|88\/100|[from] Stealth Rock\n|turn|12\n|inactive|Souravgotthepkmn1 has 240 seconds left.\n|\n|t:|1699614330\n|move|p1a: Grafaiai|Encore||[still]\n|-fail|p1a: Grafaiai\n|move|p2a: Phantom|Swords Dance|p2a: Phantom\n|-boost|p2a: Phantom|atk|2\n|\n|upkeep\n|turn|13\n|inactive|Souravgotthepkmn1 has 240 seconds left.\n|\n|t:|1699614337\n|move|p1a: Grafaiai|Encore|p2a: Phantom\n|-start|p2a: Phantom|Encore\n|move|p2a: Phantom|Swords Dance|p2a: Phantom\n|-boost|p2a: Phantom|atk|2\n|\n|upkeep\n|turn|14\n|inactive|Souravgotthepkmn1 has 240 seconds left.\n|\n|t:|1699614355\n|switch|p2a: Kairyu|Dragonite, M, tera:Normal|76\/100\n|-activate|p2a: Kairyu|move: Sticky Web\n|-unboost|p2a: Kairyu|spe|1\n|-damage|p2a: Kairyu|63\/100|[from] Stealth Rock\n|move|p1a: Grafaiai|Shadow Claw|p2a: Kairyu\n|-immune|p2a: Kairyu\n|\n|upkeep\n|turn|15\n|inactive|Souravgotthepkmn1 has 240 seconds left.\n|\n|t:|1699614380\n|move|p1a: Grafaiai|Switcheroo|p2a: Kairyu\n|-activate|p1a: Grafaiai|move: Trick|[of] p2a: Kairyu\n|-item|p2a: Kairyu|Focus Sash|[from] move: Switcheroo\n|-item|p1a: Grafaiai|Choice Band|[from] move: Switcheroo\n|move|p2a: Kairyu|Earthquake|p1a: Grafaiai\n|-damage|p1a: Grafaiai|3\/100\n|\n|upkeep\n|turn|16\n|\n|t:|1699614393\n|move|p1a: Grafaiai|Encore|p2a: Kairyu\n|-start|p2a: Kairyu|Encore\n|move|p2a: Kairyu|Earthquake|p1a: Grafaiai\n|-damage|p1a: Grafaiai|0 fnt\n|faint|p1a: Grafaiai\n|\n|upkeep\n|\n|t:|1699614401\n|switch|p1a: Togekiss|Togekiss, M|100\/100\n|turn|17\n|inactive|Souravgotthepkmn1 has 210 seconds left.\n|\n|t:|1699614442\n|switch|p2a: Phantom|Mimikyu, M|88\/100\n|-activate|p2a: Phantom|move: Sticky Web\n|-unboost|p2a: Phantom|spe|1\n|-damage|p2a: Phantom|76\/100|[from] Stealth Rock\n|move|p1a: Togekiss|Air Slash|p2a: Phantom\n|-activate|p2a: Phantom|ability: Disguise\n|-damage|p2a: Phantom|76\/100\n|detailschange|p2a: Phantom|Mimikyu-Busted, M\n|-damage|p2a: Phantom|63\/100|[from] pokemon: Mimikyu-Busted\n|\n|upkeep\n|turn|18\n|\n|t:|1699614460\n|move|p1a: Togekiss|Air Slash|p2a: Phantom\n|-damage|p2a: Phantom|12\/100\n|cant|p2a: Phantom|flinch\n|\n|upkeep\n|turn|19\n|\n|t:|1699614466\n|move|p2a: Phantom|Shadow Sneak|p1a: Togekiss\n|-damage|p1a: Togekiss|78\/100\n|-damage|p2a: Phantom|2\/100|[from] item: Life Orb\n|move|p1a: Togekiss|Air Slash|p2a: Phantom\n|-damage|p2a: Phantom|0 fnt\n|faint|p2a: Phantom\n|\n|upkeep\n|\n|t:|1699614475\n|switch|p2a: Kairyu|Dragonite, M, tera:Normal|63\/100\n|-activate|p2a: Kairyu|move: Sticky Web\n|-unboost|p2a: Kairyu|spe|1\n|-damage|p2a: Kairyu|51\/100|[from] Stealth Rock\n|turn|20\n|\n|t:|1699614482\n|move|p2a: Kairyu|Extreme Speed|p1a: Togekiss\n|-damage|p1a: Togekiss|32\/100\n|move|p1a: Togekiss|Air Slash|p2a: Kairyu\n|-damage|p2a: Kairyu|13\/100\n|\n|upkeep\n|turn|21\n|inactive|Souravgotthepkmn1 has 210 seconds left.\n|inactive|Jasmine230 has 270 seconds left.\n|\n|t:|1699614524\n|move|p2a: Kairyu|Extreme Speed|p1a: Togekiss\n|-damage|p1a: Togekiss|0 fnt\n|faint|p1a: Togekiss\n|\n|upkeep\n|\n|t:|1699614531\n|switch|p1a: Iron Moth|Iron Moth|100\/100\n|turn|22\n|\n|t:|1699614545\n|move|p2a: Kairyu|Extreme Speed|p1a: Iron Moth\n|-damage|p1a: Iron Moth|31\/100\n|move|p1a: Iron Moth|Fiery Dance|p2a: Kairyu\n|-damage|p2a: Kairyu|0 fnt\n|-boost|p1a: Iron Moth|spa|1\n|faint|p2a: Kairyu\n|\n|upkeep\n|inactive|Souravgotthepkmn1 has 210 seconds left.\n|\n|t:|1699614555\n|switch|p2a: Flopsy|Lopunny, F, shiny|100\/100\n|-activate|p2a: Flopsy|move: Sticky Web\n|-unboost|p2a: Flopsy|spe|1\n|-damage|p2a: Flopsy|88\/100|[from] Stealth Rock\n|turn|23\n|\n|t:|1699614563\n|detailschange|p2a: Flopsy|Lopunny-Mega, F, shiny\n|-mega|p2a: Flopsy|Lopunny|Lopunnite\n|move|p2a: Flopsy|Fake Out|p1a: Iron Moth\n|-damage|p1a: Iron Moth|0 fnt\n|faint|p1a: Iron Moth\n|-end|p1a: Iron Moth|Quark Drive|[silent]\n|\n|upkeep\n|\n|t:|1699614570\n|switch|p1a: Aron|Aron, L1, M|100\/100\n|turn|24\n|\n|t:|1699614581\n|switch|p2a: Slitherine|Serperior, F|100\/100\n|-activate|p2a: Slitherine|move: Sticky Web\n|-boost|p2a: Slitherine|spe|1\n|-damage|p2a: Slitherine|88\/100|[from] Stealth Rock\n|move|p1a: Aron|Metal Burst||[still]\n|-fail|p1a: Aron\n|\n|upkeep\n|turn|25\n|c|\u2606Souravgotthepkmn1|!dt metal burst\n|raw|<ul class=\"utilichart\"><li class=\"result\"><span class=\"col movenamecol\"><a href=\"https:\/\/dex.pokemonshowdown.com\/moves\/metalburst\">Metal Burst<\/a><\/span> <span class=\"col typecol\"><img src=\"\/\/play.pokemonshowdown.com\/sprites\/types\/Steel.png\" alt=\"Steel\" width=\"32\" height=\"14\"><img src=\"\/\/play.pokemonshowdown.com\/sprites\/categories\/Physical.png\" alt=\"Physical\" width=\"32\" height=\"14\"><\/span> <span class=\"col widelabelcol\"><em>Accuracy<\/em><br>100%<\/span> <span class=\"col pplabelcol\"><em>PP<\/em><br>16<\/span> <span class=\"col movedesccol\">If hit by an attack, returns 1.5x damage.<\/span> <\/li><li style=\"clear:both\"><\/li><\/ul>\n|raw|<font size=\"1\"><font color=\"#686868\">Priority:<\/font> 0&nbsp;|&ThickSpace;<font color=\"#686868\">Gen:<\/font> 4&nbsp;|&ThickSpace;<font color=\"#686868\">Z-Power:<\/font> 100&nbsp;|&ThickSpace;<font color=\"#686868\">Dynamax Power:<\/font> 100&nbsp;|&ThickSpace;<font color=\"#686868\">Target:<\/font> Chosen Automatically<\/font>\n\n|inactive|Souravgotthepkmn1 has 210 seconds left.\n|\n|t:|1699614602\n|move|p2a: Slitherine|Glare|p1a: Aron\n|-status|p1a: Aron|par\n|cant|p1a: Aron|par\n|\n|upkeep\n|turn|26\n|\n|t:|1699614610\n|switch|p2a: Flopsy|Lopunny-Mega, F, shiny|88\/100\n|-activate|p2a: Flopsy|move: Sticky Web\n|-unboost|p2a: Flopsy|spe|1\n|-damage|p2a: Flopsy|82\/100|[from] Stealth Rock\n|move|p1a: Aron|Metal Burst||[still]\n|-fail|p1a: Aron\n|\n|upkeep\n|turn|27\n|\n|t:|1699614620\n|move|p2a: Flopsy|Fake Out|p1a: Aron\n|-resisted|p1a: Aron\n|-ability|p1a: Aron|Sturdy\n|-damage|p1a: Aron|9\/100 par\n|cant|p1a: Aron|flinch\n|\n|upkeep\n|turn|28\n|inactive|Souravgotthepkmn1 has 210 seconds left.\n|-enditem|p1a: Aron|Custap Berry|[eat]\n|-activate|p1a: Aron|item: Custap Berry|[consumed]\n|\n|t:|1699614643\n|move|p1a: Aron|Endeavor|p2a: Flopsy\n|-damage|p2a: Flopsy|1\/100\n|move|p2a: Flopsy|Return|p1a: Aron\n|-resisted|p1a: Aron\n|-damage|p1a: Aron|0 fnt\n|faint|p1a: Aron\n|\n|win|Souravgotthepkmn1\n|c|\u2606Souravgotthepkmn1|Gg\n|c|\u2606Souravgotthepkmn1|You are so good\n|c|\u2606Souravgotthepkmn1|I almost lost\n|c|\u2606Souravgotthepkmn1|\ud83d\ude05\n|l|\u2606Jasmine230\n","uploadtime":1699614658,"views":24,"p1id":"jasmine230","p2id":"souravgotthepkmn1","formatid":"gen9nationaldex","rating":0,"private":0,"password":""}