{"id":"gen9nationaldex-1990667521","p1":"Nigelious","p2":"poketrainer729","format":"[Gen 9] National Dex","log":"|j|\u2606Nigelious\n|j|\u2606poketrainer729\n|t:|1699990166\n|gametype|singles\n|player|p1|Nigelious|will|1040\n|player|p2|poketrainer729|allister|1060\n|teamsize|p1|6\n|teamsize|p2|6\n|gen|9\n|tier|[Gen 9] National Dex\n|rated|\n|rule|HP Percentage Mod: HP is shown in percentages\n|rule|Endless Battle Clause: Forcing endless battles is banned\n|rule|OHKO Clause: OHKO moves are banned\n|rule|Evasion Clause: Evasion abilities, items, and moves are banned\n|rule|Evasion Abilities Clause: Evasion abilities are banned\n|rule|Evasion Items Clause: Evasion items are banned\n|rule|Evasion Moves Clause: Evasion moves are banned\n|rule|Species Clause: Limit one of each Pok\u00e9mon\n|rule|Sleep Clause Mod: Limit one foe put to sleep\n|clearpoke\n|poke|p1|Samurott-Hisui, M|\n|poke|p1|Delphox, M|\n|poke|p1|Corviknight, M|\n|poke|p1|Garchomp, F|\n|poke|p1|Breloom, F|\n|poke|p1|Galvantula, F|\n|poke|p2|Turtonator, M|\n|poke|p2|Castform, M|\n|poke|p2|Arctozolt|\n|poke|p2|Type: Null|\n|poke|p2|Venusaur, M|\n|poke|p2|Runerigus, M|\n|teampreview\n|\n|t:|1699990176\n|start\n|switch|p1a: Truffle|Breloom, F|100\/100\n|switch|p2a: Castform|Castform, M, shiny|100\/100\n|turn|1\n|\n|t:|1699990184\n|move|p1a: Truffle|Mach Punch|p2a: Castform\n|-supereffective|p2a: Castform\n|-damage|p2a: Castform|27\/100\n|-zpower|p2a: Castform\n|move|p2a: Castform|Z-Hail|p2a: Castform|[anim]Hail\n|-boost|p2a: Castform|spe|1|[zeffect]\n|-weather|Hail\n|-formechange|p2a: Castform|Castform-Snowy|[msg]|[from] ability: Forecast\n|\n|-weather|Hail|[upkeep]\n|-damage|p1a: Truffle|94\/100|[from] Hail\n|-status|p1a: Truffle|tox|[from] item: Toxic Orb\n|upkeep\n|turn|2\n|\n|t:|1699990199\n|move|p1a: Truffle|Mach Punch|p2a: Castform\n|-supereffective|p2a: Castform\n|-damage|p2a: Castform|0 fnt\n|faint|p2a: Castform\n|\n|-weather|Hail|[upkeep]\n|-damage|p1a: Truffle|88\/100 tox|[from] Hail\n|-heal|p1a: Truffle|100\/100 tox|[from] ability: Poison Heal\n|upkeep\n|\n|t:|1699990202\n|switch|p2a: Wollyhop|Venusaur, M|100\/100\n|turn|3\n|\n|t:|1699990212\n|detailschange|p2a: Wollyhop|Venusaur-Mega, M\n|-mega|p2a: Wollyhop|Venusaur|Venusaurite\n|move|p1a: Truffle|Facade|p2a: Wollyhop\n|-damage|p2a: Wollyhop|62\/100\n|move|p2a: Wollyhop|Sludge Bomb|p1a: Truffle\n|-supereffective|p1a: Truffle\n|-damage|p1a: Truffle|0 fnt\n|faint|p1a: Truffle\n|\n|-weather|Hail|[upkeep]\n|-damage|p2a: Wollyhop|56\/100|[from] Hail\n|upkeep\n|\n|t:|1699990219\n|switch|p1a: Kin|Delphox, M|100\/100\n|turn|4\n|\n|t:|1699990223\n|-terastallize|p1a: Kin|Fairy\n|move|p1a: Kin|Nasty Plot|p1a: Kin\n|-boost|p1a: Kin|spa|2\n|move|p2a: Wollyhop|Leech Seed|p1a: Kin\n|-start|p1a: Kin|move: Leech Seed\n|\n|-weather|Hail|[upkeep]\n|-damage|p1a: Kin|94\/100|[from] Hail\n|-damage|p2a: Wollyhop|50\/100|[from] Hail\n|-damage|p1a: Kin|82\/100|[from] Leech Seed|[of] p2a: Wollyhop\n|-heal|p2a: Wollyhop|60\/100|[silent]\n|upkeep\n|turn|5\n|\n|t:|1699990230\n|move|p1a: Kin|Flamethrower|p2a: Wollyhop\n|-supereffective|p2a: Wollyhop\n|-damage|p2a: Wollyhop|0 fnt\n|faint|p2a: Wollyhop\n|\n|-weather|none\n|upkeep\n|\n|t:|1699990234\n|switch|p2a: Turtonator|Turtonator, M|100\/100\n|turn|6\n|\n|t:|1699990237\n|-singleturn|p2a: Turtonator|move: Shell Trap\n|move|p1a: Kin|Tera Blast|p2a: Turtonator|[anim] Tera Blast Fairy\n|-damage|p2a: Turtonator|2\/100\n|move|p2a: Turtonator|Shell Trap||[still]\n|cant|p2a: Turtonator|Shell Trap|Shell Trap\n|\n|-damage|p1a: Kin|70\/100|[from] Leech Seed|[of] p2a: Turtonator\n|-heal|p2a: Turtonator|13\/100|[silent]\n|upkeep\n|turn|7\n|-message|poketrainer729 forfeited.\n|\n|win|Nigelious\n|raw|Nigelious's rating: 1040 &rarr; <strong>1076<\/strong><br \/>(+36 for winning)\n|raw|poketrainer729's rating: 1060 &rarr; <strong>1040<\/strong><br \/>(-20 for losing)\n|l|\u2606poketrainer729\n|c|\u2606Nigelious|gg\n","uploadtime":1699990258,"views":20,"p1id":"nigelious","p2id":"poketrainer729","formatid":"gen9nationaldex","rating":1040,"private":0,"password":""}