{"id":"gen9nationaldex-1998879700","p1":"WSoldat","p2":"Gamer00ooO","format":"[Gen 9] National Dex","log":"|html|<div class=\"broadcast-blue\"><strong>[Gen 9] National Dex is currently suspecting Sneasler! For information on how to participate check out the <a href=\"https:\/\/www.smogon.com\/forums\/threads\/sv-national-dex-suspect-8-just-dance.3731534\/\">suspect thread<\/a>.<\/strong><\/div>\n|j|\u2606WSoldat\n|j|\u2606Gamer00ooO\n|t:|1701007664\n|gametype|singles\n|player|p1|WSoldat|n|\n|player|p2|Gamer00ooO|hilbert|\n|teamsize|p1|6\n|teamsize|p2|6\n|gen|9\n|tier|[Gen 9] National Dex\n|rule|HP Percentage Mod: HP is shown in percentages\n|rule|Endless Battle Clause: Forcing endless battles is banned\n|rule|OHKO Clause: OHKO moves are banned\n|rule|Evasion Clause: Evasion abilities, items, and moves are banned\n|rule|Evasion Abilities Clause: Evasion abilities are banned\n|rule|Evasion Items Clause: Evasion items are banned\n|rule|Evasion Moves Clause: Evasion moves are banned\n|rule|Species Clause: Limit one of each Pok\u00e9mon\n|rule|Sleep Clause Mod: Limit one foe put to sleep\n|clearpoke\n|poke|p1|Duraludon, F|\n|poke|p1|Hydreigon, F|\n|poke|p1|Garchomp, M|\n|poke|p1|Goodra-Hisui, M|\n|poke|p1|Dragalge, F|\n|poke|p1|Corviknight, M|\n|poke|p2|Sneasler, F|\n|poke|p2|Gliscor, F|\n|poke|p2|Klefki, M|\n|poke|p2|Venusaur, F|\n|poke|p2|Enamorus, F|\n|poke|p2|Goodra-Hisui, F|\n|teampreview\n|j| Fabrizio8\n|c| Fabrizio8|tu puedes coronel\n|c|\u2606WSoldat|Bueno, vayamos al fondo del asunto, dime, por qu\u00e9 tu peleas?\n|j| Sylveon(404)\n|\n|t:|1701007720\n|start\n|switch|p1a: Duranalgon|Duraludon, F|100\/100\n|switch|p2a: Llaveros|Klefki, M|100\/100\n|turn|1\n|c| Fabrizio8|te ignoro lol\n|c|\u2606Gamer00ooO|Por la liga si gano me enfretamiento a pep\n|c|\u2606WSoldat|Velga no les puse genero\n|c|\u2606WSoldat|Ok\n|c|\u2606WSoldat|Que sea rapido\n|c|\u2606WSoldat|Que aun no desayune\n|\n|t:|1701007758\n|move|p2a: Llaveros|Light Screen|p2a: Llaveros\n|-sidestart|p2: Gamer00ooO|move: Light Screen\n|move|p1a: Duranalgon|Thunder Wave|p2a: Llaveros\n|-status|p2a: Llaveros|par\n|\n|upkeep\n|turn|2\n|j| PeppsiAsiEs\n|c| Sylveon(404)|vamo duranalgon\n|c| Sylveon(404)|vo podes\n|c| PeppsiAsiEs|duranalgonas\n|c| Fabrizio8|when wen dice ven ben\n|c|\u2606WSoldat|Ojala tuvuera a uno con infiltrator\n|c| Sylveon(404)|dragapult\n|c| Sylveon(404)|ops\n|c| Sylveon(404)|es uber\n|c| Sylveon(404)|xd\n|c| PeppsiAsiEs|te esta humillando un klefki roy?\n|c|\u2606Gamer00ooO|No le recuerde eso\n|c|\u2606WSoldat|No\n|c|\u2606WSoldat|Es un decir\n|c| PeppsiAsiEs|le falta defog a tu cuervo\n|c| Fabrizio8|sigan el combate alv\n|\n|t:|1701007864\n|switch|p1a: HoraDeGarchar|Garchomp, M|100\/100\n|cant|p2a: Llaveros|par\n|\n|upkeep\n|turn|3\n|\n|t:|1701007877\n|cant|p2a: Llaveros|par\n|move|p1a: HoraDeGarchar|Earthquake|p2a: Llaveros\n|-supereffective|p2a: Llaveros\n|-damage|p2a: Llaveros|0 fnt\n|faint|p2a: Llaveros\n|\n|upkeep\n|\n|t:|1701007883\n|switch|p2a: Enamorus|Enamorus, F|100\/100\n|turn|4\n|c|\u2606WSoldat|XD\n|\n|t:|1701007903\n|switch|p1a: Angel|Goodra-Hisui, M, shiny|100\/100\n|move|p2a: Enamorus|Moonblast|p1a: Angel\n|-damage|p1a: Angel|80\/100\n|\n|upkeep\n|turn|5\n|c| Sylveon(404)|no tiene mote esa enamoris\n|c| Sylveon(404)|*enamorus\n|c| Fabrizio8|-10\n|\n|t:|1701007933\n|switch|p2a: Goodra|Goodra-Hisui, F|100\/100\n|move|p1a: Angel|Ice Spinner|p2a: Goodra\n|-damage|p2a: Goodra|85\/100\n|\n|-heal|p2a: Goodra|91\/100|[from] item: Leftovers\n|upkeep\n|turn|6\n|c| Fabrizio8|descalificado por falta de mote\n|c| Fabrizio8|ndeah\n|c|\u2606WSoldat|Pta mare\n|c|\u2606WSoldat|Este goodra no tiene sap sipper\n|c|\u2606WSoldat|Nimodo\n|c|\u2606WSoldat|A seguir\n|c| Fabrizio8|goodra shiny vs goodra pobre\n|\n|t:|1701007971\n|switch|p1a: Juan Carlos III|Corviknight, M|100\/100\n|-ability|p1a: Juan Carlos III|Pressure\n|move|p2a: Goodra|Earthquake|p1a: Juan Carlos III\n|-immune|p1a: Juan Carlos III\n|\n|-heal|p2a: Goodra|97\/100|[from] item: Leftovers\n|upkeep\n|turn|7\n|c| PeppsiAsiEs|omg\n|c| Sylveon(404)|wtf\n|c| Sylveon(404)|que es ese goodra\n|\n|t:|1701007985\n|move|p1a: Juan Carlos III|Body Press|p2a: Goodra\n|-supereffective|p2a: Goodra\n|-damage|p2a: Goodra|56\/100\n|move|p2a: Goodra|Knock Off|p1a: Juan Carlos III\n|-damage|p1a: Juan Carlos III|85\/100\n|-damage|p2a: Goodra|39\/100|[from] item: Rocky Helmet|[of] p1a: Juan Carlos III\n|-enditem|p1a: Juan Carlos III|Rocky Helmet|[from] move: Knock Off|[of] p2a: Goodra\n|\n|-heal|p2a: Goodra|45\/100|[from] item: Leftovers\n|upkeep\n|turn|8\n|c| PeppsiAsiEs|roy humillando a gamer\n|c| PeppsiAsiEs|UFFFFFF\n|\n|t:|1701007997\n|switch|p2a: Scorp corp|Gliscor, F|100\/100\n|move|p1a: Juan Carlos III|Body Press|p2a: Scorp corp\n|-resisted|p2a: Scorp corp\n|-damage|p2a: Scorp corp|87\/100\n|\n|-sideend|p2: Gamer00ooO|move: Light Screen\n|-status|p2a: Scorp corp|tox|[from] item: Toxic Orb\n|upkeep\n|turn|9\n|c| PeppsiAsiEs|goodra knock off <3\n|c|\u2606WSoldat|Jeje\n|\n|t:|1701008032\n|switch|p1a: Lernea|Hydreigon, F, shiny|100\/100\n|move|p2a: Scorp corp|Swords Dance|p2a: Scorp corp\n|-boost|p2a: Scorp corp|atk|2\n|\n|-heal|p2a: Scorp corp|99\/100 tox|[from] ability: Poison Heal\n|upkeep\n|turn|10\n|c| Fabrizio8|lol\n|c| Sylveon(404)|hydreigon ice beam\n|c| Sylveon(404)|xd\n|\n|t:|1701008079\n|move|p1a: Lernea|Draco Meteor|p2a: Scorp corp\n|-damage|p2a: Scorp corp|6\/100 tox\n|-unboost|p1a: Lernea|spa|2\n|move|p2a: Scorp corp|Facade|p1a: Lernea\n|-damage|p1a: Lernea|11\/100\n|\n|-heal|p2a: Scorp corp|19\/100 tox|[from] ability: Poison Heal\n|upkeep\n|turn|11\n|c| PeppsiAsiEs|hydreigon tanke\n|\n|t:|1701008091\n|switch|p2a: Enamorus|Enamorus, F|100\/100\n|move|p1a: Lernea|Draco Meteor|p2a: Enamorus\n|-immune|p2a: Enamorus\n|\n|upkeep\n|turn|12\n|c| PeppsiAsiEs|OMG\n|c| Fabrizio8|lol\n|\n|t:|1701008103\n|switch|p1a: Angel|Goodra-Hisui, M, shiny|80\/100\n|move|p2a: Enamorus|Superpower|p1a: Angel\n|-supereffective|p1a: Angel\n|-damage|p1a: Angel|23\/100\n|-boost|p2a: Enamorus|atk|1\n|-boost|p2a: Enamorus|def|1\n|-ability|p1a: Angel|Gooey\n|-boost|p2a: Enamorus|spe|1\n|\n|upkeep\n|turn|13\n|c| PeppsiAsiEs|OMG\n|c| PeppsiAsiEs|OMG\n|c| Sylveon(404)|se la puso gamer\n|c| PeppsiAsiEs|le hizo la predict de la predict\n|c| PeppsiAsiEs|JAJAJAJ\n|c| PeppsiAsiEs|CONTRARY\n|c| PeppsiAsiEs|XDDDDDDDDDDDDD\n|c| PeppsiAsiEs|la cara de roy:\n|\n|t:|1701008134\n|move|p2a: Enamorus|Superpower|p1a: Angel\n|-supereffective|p1a: Angel\n|-damage|p1a: Angel|0 fnt\n|-boost|p2a: Enamorus|atk|1\n|-boost|p2a: Enamorus|def|1\n|-ability|p1a: Angel|Gooey\n|-boost|p2a: Enamorus|spe|1\n|faint|p1a: Angel\n|\n|upkeep\n|c| PeppsiAsiEs|llamen a papadios\n|c| Fabrizio8|f(?)\n|\n|t:|1701008156\n|switch|p1a: Mariguano|Dragalge, F, shiny|100\/100\n|turn|14\n|c| Sylveon(404)|esoooo\n|c| Fabrizio8|se viene\n|c| PeppsiAsiEs|wtf salio mi papa\n|c| Sylveon(404)|uso el mote que le dije\n|c| Sylveon(404)|mariguano vo podes\n|c| Fabrizio8|pegale con el caballo!\n|\n|t:|1701008195\n|-terastallize|p2a: Enamorus|Steel\n|move|p2a: Enamorus|Iron Head|p1a: Mariguano\n|-damage|p1a: Mariguano|26\/100\n|move|p1a: Mariguano|Venoshock|p2a: Enamorus\n|-immune|p2a: Enamorus\n|\n|-heal|p1a: Mariguano|32\/100|[from] item: Black Sludge\n|upkeep\n|turn|15\n|c| PeppsiAsiEs|eldiavlo\n|c| Fabrizio8|chinga tu madre\n|c| Sylveon(404)|amarillo amarillo platano\n|\n|t:|1701008215\n|switch|p1a: Duranalgon|Duraludon, F|100\/100\n|move|p2a: Enamorus|Iron Head|p1a: Duranalgon\n|-resisted|p1a: Duranalgon\n|-damage|p1a: Duranalgon|80\/100\n|\n|-heal|p1a: Duranalgon|86\/100|[from] item: Leftovers\n|upkeep\n|turn|16\n|c| Fabrizio8|le esta haciendo predict alv\n|\n|t:|1701008226\n|move|p2a: Enamorus|Superpower|p1a: Duranalgon\n|-supereffective|p1a: Duranalgon\n|-damage|p1a: Duranalgon|10\/100\n|-boost|p2a: Enamorus|atk|1\n|-boost|p2a: Enamorus|def|1\n|move|p1a: Duranalgon|Thunder Wave|p2a: Enamorus\n|-status|p2a: Enamorus|par\n|\n|-heal|p1a: Duranalgon|17\/100|[from] item: Leftovers\n|upkeep\n|turn|17\n|c| PeppsiAsiEs|WTF\n|c| PeppsiAsiEs|TANKE EL DURANALGON\n|c| PeppsiAsiEs|TOP META\n|\n|t:|1701008267\n|move|p2a: Enamorus|Superpower|p1a: Duranalgon\n|-supereffective|p1a: Duranalgon\n|-damage|p1a: Duranalgon|0 fnt\n|-boost|p2a: Enamorus|atk|1\n|-boost|p2a: Enamorus|def|1\n|faint|p1a: Duranalgon\n|\n|upkeep\n|\n|t:|1701008274\n|switch|p1a: HoraDeGarchar|Garchomp, M|100\/100\n|turn|18\n|\n|t:|1701008296\n|detailschange|p1a: HoraDeGarchar|Garchomp-Mega, M\n|-mega|p1a: HoraDeGarchar|Garchomp|Garchompite\n|move|p2a: Enamorus|Superpower|p1a: HoraDeGarchar\n|-damage|p1a: HoraDeGarchar|15\/100\n|-boost|p2a: Enamorus|atk|1\n|-boost|p2a: Enamorus|def|1\n|move|p1a: HoraDeGarchar|Earthquake|p2a: Enamorus\n|-supereffective|p2a: Enamorus\n|-damage|p2a: Enamorus|38\/100 par\n|\n|upkeep\n|turn|19\n|c| Sylveon(404)|horadegarchar vo podes\n|c| PeppsiAsiEs|enamorus tanke\n|c| Fabrizio8|lol\n|\n|t:|1701008309\n|move|p2a: Enamorus|Superpower|p1a: HoraDeGarchar\n|-damage|p1a: HoraDeGarchar|0 fnt\n|-boost|p2a: Enamorus|atk|1\n|-boost|p2a: Enamorus|def|1\n|faint|p1a: HoraDeGarchar\n|\n|upkeep\n|c| Sylveon(404)|ostia como pega\n|\n|t:|1701008323\n|switch|p1a: Lernea|Hydreigon, F, shiny|11\/100\n|turn|20\n|\n|t:|1701008328\n|move|p2a: Enamorus|Superpower|p1a: Lernea\n|-supereffective|p1a: Lernea\n|-damage|p1a: Lernea|0 fnt\n|faint|p1a: Lernea\n|\n|upkeep\n|c| PeppsiAsiEs|mi tia paola de un knock off se moria\n|c| Sylveon(404)|XD\n|\n|t:|1701008338\n|switch|p1a: Juan Carlos III|Corviknight, M|85\/100\n|-ability|p1a: Juan Carlos III|Pressure\n|turn|21\n|\n|t:|1701008351\n|move|p2a: Enamorus|Superpower|p1a: Juan Carlos III\n|-damage|p1a: Juan Carlos III|17\/100\n|move|p1a: Juan Carlos III|Body Press|p2a: Enamorus\n|-supereffective|p2a: Enamorus\n|-damage|p2a: Enamorus|15\/100 par\n|\n|upkeep\n|turn|22\n|c| PeppsiAsiEs|uf\n|c| Fabrizio8|bueno gg(???\n|\n|t:|1701008365\n|cant|p2a: Enamorus|par\n|move|p1a: Juan Carlos III|Body Press|p2a: Enamorus\n|-supereffective|p2a: Enamorus\n|-damage|p2a: Enamorus|0 fnt\n|faint|p2a: Enamorus\n|\n|upkeep\n|c| PeppsiAsiEs|OMG\n|c| PeppsiAsiEs|FINALMENTE SE PARALIZO\n|c| PeppsiAsiEs|EL HACKER\n|c| Fabrizio8|puto enamorus\n|\n|t:|1701008381\n|switch|p2a: Sneasler|Sneasler, F|100\/100\n|turn|23\n|\n|t:|1701008387\n|move|p2a: Sneasler|Fire Punch|p1a: Juan Carlos III\n|-supereffective|p1a: Juan Carlos III\n|-damage|p1a: Juan Carlos III|0 fnt\n|faint|p1a: Juan Carlos III\n|\n|upkeep\n|\n|t:|1701008393\n|switch|p1a: Mariguano|Dragalge, F, shiny|32\/100\n|turn|24\n|c| Sylveon(404)|mariguano carry\n|\n|t:|1701008416\n|move|p2a: Sneasler|U-turn|p1a: Mariguano\n|-resisted|p1a: Mariguano\n|-damage|p1a: Mariguano|18\/100\n|\n|t:|1701008421\n|switch|p2a: Goodra|Goodra-Hisui, F|45\/100|[from] U-turn\n|move|p1a: Mariguano|Scald|p2a: Goodra\n|-resisted|p2a: Goodra\n|-damage|p2a: Goodra|37\/100\n|-status|p2a: Goodra|brn\n|\n|-heal|p2a: Goodra|43\/100 brn|[from] item: Leftovers\n|-heal|p1a: Mariguano|24\/100|[from] item: Black Sludge\n|-damage|p2a: Goodra|37\/100 brn|[from] brn\n|upkeep\n|turn|25\n|c| Fabrizio8|bueno\n|c| Sylveon(404)|esoo mariguano\n|c| Fabrizio8|esto fue raro\n|\n|t:|1701008445\n|move|p2a: Goodra|Ice Spinner|p1a: Mariguano\n|-supereffective|p1a: Mariguano\n|-damage|p1a: Mariguano|0 fnt\n|faint|p1a: Mariguano\n|\n|win|Gamer00ooO\n|c| Fabrizio8|chales\n|c|\u2606Gamer00ooO|Gg\n|l|\u2606WSoldat\n|l| Sylveon(404)\n|l| PeppsiAsiEs\n","uploadtime":1701008463,"views":3,"p1id":"wsoldat","p2id":"gamer00ooo","formatid":"gen9nationaldex","rating":0,"private":0,"password":""}