{"id":"gen9nationaldex-1995943490","p1":"JoeyMojuice","p2":"MelodyRhyme","format":"[Gen 9] National Dex","log":"|html|<div class=\"broadcast-blue\"><strong>[Gen 9] National Dex is currently suspecting Sneasler! For information on how to participate check out the <a href=\"https:\/\/www.smogon.com\/forums\/threads\/sv-national-dex-suspect-8-just-dance.3731534\/\">suspect thread<\/a>.<\/strong><\/div>\n|j|\u2606JoeyMojuice\n|j|\u2606MelodyRhyme\n|t:|1700620240\n|gametype|singles\n|player|p1|JoeyMojuice|hoopster|1175\n|player|p2|MelodyRhyme|beauty-gen6xy|1095\n|teamsize|p1|6\n|teamsize|p2|6\n|gen|9\n|tier|[Gen 9] National Dex\n|rated|\n|rule|HP Percentage Mod: HP is shown in percentages\n|rule|Endless Battle Clause: Forcing endless battles is banned\n|rule|OHKO Clause: OHKO moves are banned\n|rule|Evasion Clause: Evasion abilities, items, and moves are banned\n|rule|Evasion Abilities Clause: Evasion abilities are banned\n|rule|Evasion Items Clause: Evasion items are banned\n|rule|Evasion Moves Clause: Evasion moves are banned\n|rule|Species Clause: Limit one of each Pok\u00e9mon\n|rule|Sleep Clause Mod: Limit one foe put to sleep\n|clearpoke\n|poke|p1|Scizor, M|\n|poke|p1|Urshifu-*, F|\n|poke|p1|Glimmora, M|\n|poke|p1|Sinistcha|\n|poke|p1|Thundurus, M|\n|poke|p1|Maushold|\n|poke|p2|Zeraora|\n|poke|p2|Ceruledge, F|\n|poke|p2|Slither Wing|\n|poke|p2|Noivern, F|\n|poke|p2|Audino, F|\n|poke|p2|Ninetales-Alola, F|\n|teampreview\n|inactive|Battle timer is ON: inactive players will automatically lose when time's up. (requested by MelodyRhyme)\n|\n|t:|1700620256\n|start\n|switch|p1a: Glimmora|Glimmora, M|100\/100\n|switch|p2a: Yuki|Ninetales-Alola, F|100\/100\n|-weather|Snow|[from] ability: Snow Warning|[of] p2a: Yuki\n|turn|1\n|\n|t:|1700620265\n|switch|p2a: Reina|Audino, F, shiny|100\/100\n|move|p1a: Glimmora|Stealth Rock|p2a: Reina\n|-sidestart|p2: MelodyRhyme|move: Stealth Rock\n|\n|-weather|Snow|[upkeep]\n|upkeep\n|turn|2\n|\n|t:|1700620276\n|move|p1a: Glimmora|Mortal Spin|p2a: Reina\n|-damage|p2a: Reina|94\/100\n|-status|p2a: Reina|psn\n|move|p2a: Reina|Body Slam|p1a: Glimmora\n|-resisted|p1a: Glimmora\n|-damage|p1a: Glimmora|88\/100\n|-status|p1a: Glimmora|par\n|-activate|p1a: Glimmora|ability: Toxic Debris\n|-sidestart|p2: MelodyRhyme|move: Toxic Spikes\n|-enditem|p1a: Glimmora|Red Card|[of] p2a: Reina\n|drag|p2a: Dolby|Noivern, F|100\/100\n|-damage|p2a: Dolby|76\/100|[from] Stealth Rock\n|\n|-weather|Snow|[upkeep]\n|upkeep\n|turn|3\n|\n|t:|1700620291\n|move|p2a: Dolby|Dragon Pulse|p1a: Glimmora\n|-damage|p1a: Glimmora|12\/100 par\n|move|p1a: Glimmora|Power Gem|p2a: Dolby\n|-supereffective|p2a: Dolby\n|-damage|p2a: Dolby|0 fnt\n|faint|p2a: Dolby\n|\n|-weather|Snow|[upkeep]\n|upkeep\n|\n|t:|1700620300\n|switch|p2a: Volt|Zeraora|100\/100\n|-damage|p2a: Volt|88\/100|[from] Stealth Rock\n|-item|p2a: Volt|Air Balloon\n|turn|4\n|\n|t:|1700620308\n|move|p2a: Volt|Volt Switch|p1a: Glimmora\n|-damage|p1a: Glimmora|0 fnt\n|faint|p1a: Glimmora\n|\n|t:|1700620311\n|switch|p2a: Maurice|Slither Wing, shiny|100\/100|[from] Volt Switch\n|-damage|p2a: Maurice|88\/100|[from] Stealth Rock\n|-status|p2a: Maurice|psn\n|-enditem|p2a: Maurice|Booster Energy\n|-activate|p2a: Maurice|ability: Protosynthesis|[fromitem]\n|-start|p2a: Maurice|protosynthesisatk\n|\n|-weather|Snow|[upkeep]\n|-damage|p2a: Maurice|76\/100 psn|[from] psn\n|upkeep\n|\n|t:|1700620330\n|switch|p1a: Urshifu|Urshifu-Rapid-Strike, F|100\/100\n|turn|5\n|\n|t:|1700620336\n|move|p2a: Maurice|First Impression|p1a: Urshifu\n|-resisted|p1a: Urshifu\n|-damage|p1a: Urshifu|68\/100\n|move|p1a: Urshifu|Surging Strikes|p2a: Maurice\n|-crit|p2a: Maurice\n|-damage|p2a: Maurice|56\/100 psn\n|-crit|p2a: Maurice\n|-damage|p2a: Maurice|36\/100 psn\n|-crit|p2a: Maurice\n|-damage|p2a: Maurice|14\/100 psn\n|-hitcount|p2a: Maurice|3\n|\n|-weather|none\n|-damage|p2a: Maurice|1\/100 psn|[from] psn\n|upkeep\n|turn|6\n|\n|t:|1700620348\n|move|p1a: Urshifu|Aqua Jet|p2a: Maurice\n|-damage|p2a: Maurice|0 fnt\n|faint|p2a: Maurice\n|-end|p2a: Maurice|Protosynthesis|[silent]\n|\n|upkeep\n|\n|t:|1700620353\n|switch|p2a: Reina|Audino, F, shiny|100\/100 psn\n|-damage|p2a: Reina|88\/100 psn|[from] Stealth Rock\n|turn|7\n|\n|t:|1700620358\n|detailschange|p2a: Reina|Audino-Mega, F, shiny\n|-mega|p2a: Reina|Audino|Audinite\n|move|p1a: Urshifu|Close Combat|p2a: Reina\n|-damage|p2a: Reina|45\/100 psn\n|-unboost|p1a: Urshifu|def|1\n|-unboost|p1a: Urshifu|spd|1\n|move|p2a: Reina|Dazzling Gleam|p1a: Urshifu\n|-supereffective|p1a: Urshifu\n|-damage|p1a: Urshifu|0 fnt\n|faint|p1a: Urshifu\n|\n|-damage|p2a: Reina|32\/100 psn|[from] psn\n|upkeep\n|\n|t:|1700620370\n|switch|p1a: Sinistcha|Sinistcha|100\/100\n|turn|8\n|\n|t:|1700620374\n|move|p1a: Sinistcha|Hex|p2a: Reina\n|-immune|p2a: Reina\n|move|p2a: Reina|Fire Blast|p1a: Sinistcha\n|-supereffective|p1a: Sinistcha\n|-damage|p1a: Sinistcha|67\/100\n|\n|-heal|p1a: Sinistcha|73\/100|[from] item: Leftovers\n|-damage|p2a: Reina|20\/100 psn|[from] psn\n|upkeep\n|turn|9\n|\n|t:|1700620384\n|move|p1a: Sinistcha|Matcha Gotcha|p2a: Reina|[miss]\n|-miss|p1a: Sinistcha|p2a: Reina\n|move|p2a: Reina|Fire Blast|p1a: Sinistcha\n|-supereffective|p1a: Sinistcha\n|-damage|p1a: Sinistcha|34\/100\n|\n|-heal|p1a: Sinistcha|40\/100|[from] item: Leftovers\n|-damage|p2a: Reina|7\/100 psn|[from] psn\n|upkeep\n|turn|10\n|\n|t:|1700620395\n|move|p2a: Reina|Fire Blast|p1a: Sinistcha\n|-supereffective|p1a: Sinistcha\n|-damage|p1a: Sinistcha|7\/100\n|move|p1a: Sinistcha|Trick Room|p1a: Sinistcha\n|-fieldstart|move: Trick Room|[of] p1a: Sinistcha\n|\n|-heal|p1a: Sinistcha|13\/100|[from] item: Leftovers\n|-damage|p2a: Reina|0 fnt|[from] psn\n|faint|p2a: Reina\n|upkeep\n|\n|t:|1700620404\n|switch|p2a: Yuki|Ninetales-Alola, F|100\/100\n|-damage|p2a: Yuki|76\/100|[from] Stealth Rock\n|-status|p2a: Yuki|psn\n|-weather|Snow|[from] ability: Snow Warning|[of] p2a: Yuki\n|turn|11\n|\n|t:|1700620412\n|move|p1a: Sinistcha|Hex|p2a: Yuki\n|-damage|p2a: Yuki|0 fnt\n|faint|p2a: Yuki\n|\n|-weather|Snow|[upkeep]\n|-heal|p1a: Sinistcha|19\/100|[from] item: Leftovers\n|upkeep\n|\n|t:|1700620423\n|switch|p2a: Taki|Ceruledge, F, shiny|100\/100\n|-damage|p2a: Taki|76\/100|[from] Stealth Rock\n|-status|p2a: Taki|psn\n|turn|12\n|\n|t:|1700620434\n|move|p1a: Sinistcha|Strength Sap|p2a: Taki\n|-unboost|p2a: Taki|atk|1\n|-heal|p1a: Sinistcha|100\/100\n|move|p2a: Taki|Bitter Blade|p1a: Sinistcha\n|-supereffective|p1a: Sinistcha\n|-damage|p1a: Sinistcha|66\/100\n|-heal|p2a: Taki|96\/100 psn|[from] drain|[of] p1a: Sinistcha\n|-damage|p2a: Taki|86\/100 psn|[from] item: Life Orb\n|\n|-weather|Snow|[upkeep]\n|-heal|p1a: Sinistcha|72\/100|[from] item: Leftovers\n|-damage|p2a: Taki|74\/100 psn|[from] psn\n|upkeep\n|turn|13\n|\n|t:|1700620447\n|move|p1a: Sinistcha|Hex|p2a: Taki\n|-supereffective|p2a: Taki\n|-damage|p2a: Taki|0 fnt\n|faint|p2a: Taki\n|\n|-weather|Snow|[upkeep]\n|-heal|p1a: Sinistcha|78\/100|[from] item: Leftovers\n|upkeep\n|\n|t:|1700620450\n|switch|p2a: Volt|Zeraora|88\/100\n|-damage|p2a: Volt|76\/100|[from] Stealth Rock\n|-item|p2a: Volt|Air Balloon\n|turn|14\n|\n|t:|1700620460\n|-terastallize|p2a: Volt|Fighting\n|move|p1a: Sinistcha|Strength Sap|p2a: Volt\n|-unboost|p2a: Volt|atk|1\n|-heal|p1a: Sinistcha|100\/100\n|move|p2a: Volt|Plasma Fists|p1a: Sinistcha\n|-resisted|p1a: Sinistcha\n|-damage|p1a: Sinistcha|86\/100\n|-fieldactivate|move: Ion Deluge\n|-hint|Normal-type moves become Electric-type after using Plasma Fists.\n|\n|-weather|Snow|[upkeep]\n|-heal|p1a: Sinistcha|92\/100|[from] item: Leftovers\n|-fieldend|move: Trick Room\n|upkeep\n|turn|15\n|\n|t:|1700620474\n|move|p2a: Volt|Volt Switch|p1a: Sinistcha\n|-resisted|p1a: Sinistcha\n|-damage|p1a: Sinistcha|78\/100\n|move|p1a: Sinistcha|Matcha Gotcha|p2a: Volt\n|-damage|p2a: Volt|20\/100\n|-heal|p1a: Sinistcha|100\/100|[from] drain|[of] p2a: Volt\n|-enditem|p2a: Volt|Air Balloon\n|\n|-weather|none\n|upkeep\n|turn|16\n|-message|MelodyRhyme forfeited.\n|\n|win|JoeyMojuice\n|raw|JoeyMojuice's rating: 1175 &rarr; <strong>1194<\/strong><br \/>(+19 for winning)\n|raw|MelodyRhyme's rating: 1095 &rarr; <strong>1076<\/strong><br \/>(-19 for losing)\n|l|\u2606MelodyRhyme\n","uploadtime":1700620487,"views":7,"p1id":"joeymojuice","p2id":"melodyrhyme","formatid":"gen9nationaldex","rating":1076,"private":0,"password":""}