{"id":"gen9nationaldex-1993724283","p1":"Feigar2004","p2":"gorilloide","format":"[Gen 9] National Dex","log":"|j|\u2606Feigar2004\n|j|\u2606gorilloide\n|t:|1700349762\n|gametype|singles\n|player|p1|Feigar2004|benga|1094\n|player|p2|gorilloide|red|1000\n|teamsize|p1|6\n|teamsize|p2|6\n|gen|9\n|tier|[Gen 9] National Dex\n|rated|\n|rule|HP Percentage Mod: HP is shown in percentages\n|rule|Endless Battle Clause: Forcing endless battles is banned\n|rule|OHKO Clause: OHKO moves are banned\n|rule|Evasion Clause: Evasion abilities, items, and moves are banned\n|rule|Evasion Abilities Clause: Evasion abilities are banned\n|rule|Evasion Items Clause: Evasion items are banned\n|rule|Evasion Moves Clause: Evasion moves are banned\n|rule|Species Clause: Limit one of each Pok\u00e9mon\n|rule|Sleep Clause Mod: Limit one foe put to sleep\n|clearpoke\n|poke|p1|Dragonite, M|\n|poke|p1|Espeon, M|\n|poke|p1|Scizor, M|\n|poke|p1|Servine, M|\n|poke|p1|Toxapex, F|\n|poke|p1|Grimmsnarl, M|\n|poke|p2|Incineroar, M|\n|poke|p2|Ferrothorn, M|\n|poke|p2|Alomomola, M|\n|poke|p2|Garganacl, F|\n|poke|p2|Tapu Koko|\n|poke|p2|Blaziken, M|\n|teampreview\n|\n|t:|1700349772\n|start\n|switch|p1a: Grimmsnarl|Grimmsnarl, M|100\/100\n|switch|p2a: Incineroar|Incineroar, M|100\/100\n|-ability|p2a: Incineroar|Intimidate|boost\n|-unboost|p1a: Grimmsnarl|atk|1\n|turn|1\n|\n|t:|1700349781\n|move|p1a: Grimmsnarl|Reflect|p1a: Grimmsnarl\n|-sidestart|p1: Feigar2004|Reflect\n|move|p2a: Incineroar|Bulk Up|p2a: Incineroar\n|-boost|p2a: Incineroar|atk|1\n|-boost|p2a: Incineroar|def|1\n|\n|upkeep\n|turn|2\n|\n|t:|1700349787\n|move|p1a: Grimmsnarl|Light Screen|p1a: Grimmsnarl\n|-sidestart|p1: Feigar2004|move: Light Screen\n|move|p2a: Incineroar|Flame Charge|p1a: Grimmsnarl\n|-crit|p1a: Grimmsnarl\n|-damage|p1a: Grimmsnarl|40\/100\n|-boost|p2a: Incineroar|spe|1\n|\n|upkeep\n|turn|3\n|\n|t:|1700349795\n|switch|p1a: Toxapex|Toxapex, F|100\/100\n|move|p2a: Incineroar|Bulk Up|p2a: Incineroar\n|-boost|p2a: Incineroar|atk|1\n|-boost|p2a: Incineroar|def|1\n|\n|upkeep\n|turn|4\n|\n|t:|1700349804\n|move|p2a: Incineroar|Bulk Up|p2a: Incineroar\n|-boost|p2a: Incineroar|atk|1\n|-boost|p2a: Incineroar|def|1\n|move|p1a: Toxapex|Toxic|p2a: Incineroar\n|-status|p2a: Incineroar|tox\n|\n|-damage|p2a: Incineroar|94\/100 tox|[from] psn\n|upkeep\n|turn|5\n|\n|t:|1700349815\n|move|p2a: Incineroar|Bulk Up|p2a: Incineroar\n|-boost|p2a: Incineroar|atk|1\n|-boost|p2a: Incineroar|def|1\n|move|p1a: Toxapex|Scald|p2a: Incineroar\n|-supereffective|p2a: Incineroar\n|-damage|p2a: Incineroar|56\/100 tox\n|-enditem|p2a: Incineroar|Weakness Policy\n|-boost|p2a: Incineroar|atk|2|[from] item: Weakness Policy\n|-boost|p2a: Incineroar|spa|2|[from] item: Weakness Policy\n|\n|-damage|p2a: Incineroar|44\/100 tox|[from] psn\n|upkeep\n|turn|6\n|\n|t:|1700349827\n|move|p1a: Toxapex|Protect|p1a: Toxapex\n|-singleturn|p1a: Toxapex|Protect\n|move|p2a: Incineroar|Power Trip|p1a: Toxapex\n|-activate|p1a: Toxapex|move: Protect\n|\n|-damage|p2a: Incineroar|26\/100 tox|[from] psn\n|upkeep\n|turn|7\n|\n|t:|1700349855\n|move|p2a: Incineroar|Power Trip|p1a: Toxapex\n|-damage|p1a: Toxapex|0 fnt\n|faint|p1a: Toxapex\n|\n|-damage|p2a: Incineroar|2\/100 tox|[from] psn\n|upkeep\n|\n|t:|1700349861\n|switch|p1a: Scizor|Scizor, M|100\/100\n|turn|8\n|\n|t:|1700349868\n|switch|p2a: Ferrothorn|Ferrothorn, M|100\/100\n|move|p1a: Scizor|Bullet Punch|p2a: Ferrothorn\n|-resisted|p2a: Ferrothorn\n|-damage|p2a: Ferrothorn|88\/100\n|-damage|p1a: Scizor|88\/100|[from] ability: Iron Barbs|[of] p2a: Ferrothorn\n|-damage|p1a: Scizor|72\/100|[from] item: Rocky Helmet|[of] p2a: Ferrothorn\n|\n|-sideend|p1: Feigar2004|Reflect\n|upkeep\n|turn|9\n|\n|t:|1700349883\n|switch|p2a: Blaziken|Blaziken, M|100\/100\n|detailschange|p1a: Scizor|Scizor-Mega, M\n|-mega|p1a: Scizor|Scizor|Scizorite\n|move|p1a: Scizor|Knock Off|p2a: Blaziken\n|-resisted|p2a: Blaziken\n|-damage|p2a: Blaziken|68\/100\n|-enditem|p2a: Blaziken|Life Orb|[from] move: Knock Off|[of] p1a: Scizor\n|\n|-sideend|p1: Feigar2004|move: Light Screen\n|upkeep\n|turn|10\n|\n|t:|1700349901\n|move|p1a: Scizor|Bullet Punch|p2a: Blaziken\n|-resisted|p2a: Blaziken\n|-damage|p2a: Blaziken|38\/100\n|move|p2a: Blaziken|Bulk Up|p2a: Blaziken\n|-boost|p2a: Blaziken|atk|1\n|-boost|p2a: Blaziken|def|1\n|\n|-ability|p2a: Blaziken|Speed Boost|boost\n|-boost|p2a: Blaziken|spe|1\n|upkeep\n|turn|11\n|\n|t:|1700349912\n|move|p1a: Scizor|Bullet Punch|p2a: Blaziken\n|-resisted|p2a: Blaziken\n|-damage|p2a: Blaziken|17\/100\n|move|p2a: Blaziken|Flame Charge|p1a: Scizor\n|-supereffective|p1a: Scizor\n|-damage|p1a: Scizor|0 fnt\n|-boost|p2a: Blaziken|spe|1\n|faint|p1a: Scizor\n|\n|-ability|p2a: Blaziken|Speed Boost|boost\n|-boost|p2a: Blaziken|spe|1\n|upkeep\n|\n|t:|1700349929\n|switch|p1a: Dragonite|Dragonite, M|100\/100\n|turn|12\n|\n|t:|1700349936\n|move|p2a: Blaziken|Detect|p2a: Blaziken\n|-singleturn|p2a: Blaziken|Protect\n|move|p1a: Dragonite|Extreme Speed|p2a: Blaziken\n|-activate|p2a: Blaziken|move: Protect\n|\n|-ability|p2a: Blaziken|Speed Boost|boost\n|-boost|p2a: Blaziken|spe|1\n|upkeep\n|turn|13\n|\n|t:|1700349948\n|move|p1a: Dragonite|Extreme Speed|p2a: Blaziken\n|-damage|p2a: Blaziken|0 fnt\n|faint|p2a: Blaziken\n|\n|upkeep\n|\n|t:|1700349955\n|switch|p2a: Incineroar|Incineroar, M|2\/100 tox\n|-ability|p2a: Incineroar|Intimidate|boost\n|-unboost|p1a: Dragonite|atk|1\n|turn|14\n|\n|t:|1700349961\n|switch|p1a: Grimmsnarl|Grimmsnarl, M|40\/100\n|switch|p2a: Ferrothorn|Ferrothorn, M|88\/100\n|\n|upkeep\n|turn|15\n|\n|t:|1700349968\n|move|p1a: Grimmsnarl|Reflect|p1a: Grimmsnarl\n|-sidestart|p1: Feigar2004|Reflect\n|move|p2a: Ferrothorn|Stealth Rock|p1a: Grimmsnarl\n|-sidestart|p1: Feigar2004|move: Stealth Rock\n|\n|upkeep\n|turn|16\n|\n|t:|1700349974\n|move|p1a: Grimmsnarl|Light Screen|p1a: Grimmsnarl\n|-sidestart|p1: Feigar2004|move: Light Screen\n|move|p2a: Ferrothorn|Leech Seed|p1a: Grimmsnarl\n|-start|p1a: Grimmsnarl|move: Leech Seed\n|\n|-damage|p1a: Grimmsnarl|28\/100|[from] Leech Seed|[of] p2a: Ferrothorn\n|-heal|p2a: Ferrothorn|100\/100|[silent]\n|upkeep\n|turn|17\n|\n|t:|1700349982\n|switch|p1a: Servine|Servine, M|100\/100\n|-damage|p1a: Servine|88\/100|[from] Stealth Rock\n|move|p2a: Ferrothorn|Spikes|p1a: Servine\n|-sidestart|p1: Feigar2004|Spikes\n|\n|upkeep\n|turn|18\n|\n|t:|1700349990\n|move|p1a: Servine|Substitute|p1a: Servine\n|-start|p1a: Servine|Substitute\n|-damage|p1a: Servine|63\/100\n|move|p2a: Ferrothorn|Knock Off|p1a: Servine\n|-activate|p1a: Servine|move: Substitute|[damage]\n|\n|upkeep\n|turn|19\n|\n|t:|1700350005\n|move|p1a: Servine|Leaf Storm|p2a: Ferrothorn\n|-resisted|p2a: Ferrothorn\n|-damage|p2a: Ferrothorn|93\/100\n|-boost|p1a: Servine|spa|2\n|move|p2a: Ferrothorn|Knock Off|p1a: Servine\n|-activate|p1a: Servine|move: Substitute|[damage]\n|\n|upkeep\n|turn|20\n|\n|t:|1700350014\n|move|p1a: Servine|Leaf Storm|p2a: Ferrothorn\n|-resisted|p2a: Ferrothorn\n|-damage|p2a: Ferrothorn|77\/100\n|-boost|p1a: Servine|spa|2\n|move|p2a: Ferrothorn|Spikes|p1a: Servine\n|-sidestart|p1: Feigar2004|Spikes\n|\n|upkeep\n|turn|21\n|\n|t:|1700350027\n|switch|p2a: Incineroar|Incineroar, M|2\/100 tox\n|-ability|p2a: Incineroar|Intimidate|boost\n|-immune|p1a: Servine\n|move|p1a: Servine|Hidden Power|p2a: Incineroar\n|-resisted|p2a: Incineroar\n|-damage|p2a: Incineroar|0 fnt\n|faint|p2a: Incineroar\n|\n|upkeep\n|\n|t:|1700350039\n|switch|p2a: Tapu Koko|Tapu Koko|100\/100\n|-fieldstart|move: Electric Terrain|[from] ability: Electric Surge|[of] p2a: Tapu Koko\n|turn|22\n|\n|t:|1700350047\n|move|p2a: Tapu Koko|Volt Switch|p1a: Servine\n|-resisted|p1a: Servine\n|-end|p1a: Servine|Substitute\n|\n|t:|1700350063\n|switch|p2a: Garganacl|Garganacl, F|100\/100|[from] Volt Switch\n|move|p1a: Servine|Leaf Storm|p2a: Garganacl\n|-supereffective|p2a: Garganacl\n|-damage|p2a: Garganacl|0 fnt\n|-boost|p1a: Servine|spa|2\n|faint|p2a: Garganacl\n|\n|-sideend|p1: Feigar2004|Reflect\n|upkeep\n|\n|t:|1700350074\n|switch|p2a: Tapu Koko|Tapu Koko|100\/100\n|turn|23\n|\n|t:|1700350081\n|move|p2a: Tapu Koko|Volt Switch|p1a: Servine\n|-resisted|p1a: Servine\n|-damage|p1a: Servine|56\/100\n|\n|t:|1700350086\n|switch|p2a: Ferrothorn|Ferrothorn, M|77\/100|[from] Volt Switch\n|move|p1a: Servine|Leaf Storm|p2a: Ferrothorn\n|-resisted|p2a: Ferrothorn\n|-damage|p2a: Ferrothorn|42\/100\n|\n|-sideend|p1: Feigar2004|move: Light Screen\n|upkeep\n|turn|24\n|\n|t:|1700350096\n|move|p1a: Servine|Substitute|p1a: Servine\n|-start|p1a: Servine|Substitute\n|-damage|p1a: Servine|31\/100\n|move|p2a: Ferrothorn|Knock Off|p1a: Servine\n|-activate|p1a: Servine|move: Substitute|[damage]\n|\n|upkeep\n|turn|25\n|\n|t:|1700350103\n|move|p1a: Servine|Hidden Power|p2a: Ferrothorn\n|-supereffective|p2a: Ferrothorn\n|-damage|p2a: Ferrothorn|0 fnt\n|faint|p2a: Ferrothorn\n|\n|upkeep\n|\n|t:|1700350108\n|switch|p2a: Tapu Koko|Tapu Koko|100\/100\n|turn|26\n|\n|t:|1700350112\n|move|p2a: Tapu Koko|Volt Switch|p1a: Servine\n|-resisted|p1a: Servine\n|-crit|p1a: Servine\n|-end|p1a: Servine|Substitute\n|\n|t:|1700350116\n|switch|p2a: Alomomola|Alomomola, M|100\/100|[from] Volt Switch\n|move|p1a: Servine|Leaf Storm|p2a: Alomomola\n|-supereffective|p2a: Alomomola\n|-damage|p2a: Alomomola|0 fnt\n|faint|p2a: Alomomola\n|\n|-fieldend|move: Electric Terrain\n|upkeep\n|\n|t:|1700350126\n|switch|p2a: Tapu Koko|Tapu Koko|100\/100\n|-fieldstart|move: Electric Terrain|[from] ability: Electric Surge|[of] p2a: Tapu Koko\n|turn|27\n|\n|t:|1700350133\n|move|p2a: Tapu Koko|Volt Switch|p1a: Servine\n|-resisted|p1a: Servine\n|-damage|p1a: Servine|17\/100\n|move|p1a: Servine|Leaf Storm|p2a: Tapu Koko\n|-damage|p2a: Tapu Koko|0 fnt\n|faint|p2a: Tapu Koko\n|\n|win|Feigar2004\n|raw|Feigar2004's rating: 1094 &rarr; <strong>1113<\/strong><br \/>(+19 for winning)\n|raw|gorilloide's rating: 1000 &rarr; <strong>1000<\/strong><br \/>(+0 for losing)\n|l|\u2606gorilloide\n","uploadtime":1700350142,"views":8,"p1id":"feigar2004","p2id":"gorilloide","formatid":"gen9nationaldex","rating":1000,"private":0,"password":""}