{"id":"gen9nationaldex-1995453640","p1":"Rankuroi","p2":"Poke_Gamer_Devil","format":"[Gen 9] National Dex","log":"|html|<div class=\"broadcast-blue\"><strong>[Gen 9] National Dex is currently suspecting Sneasler! For information on how to participate check out the <a href=\"https:\/\/www.smogon.com\/forums\/threads\/sv-national-dex-suspect-8-just-dance.3731534\/\">suspect thread<\/a>.<\/strong><\/div>\n|j|\u2606Rankuroi\n|j|\u2606Poke_Gamer_Devil\n|t:|1700572590\n|gametype|singles\n|player|p1|Rankuroi|erika|1406\n|player|p2|Poke_Gamer_Devil|hilbert|1460\n|teamsize|p1|6\n|teamsize|p2|6\n|gen|9\n|tier|[Gen 9] National Dex\n|rated|\n|rule|HP Percentage Mod: HP is shown in percentages\n|rule|Endless Battle Clause: Forcing endless battles is banned\n|rule|OHKO Clause: OHKO moves are banned\n|rule|Evasion Clause: Evasion abilities, items, and moves are banned\n|rule|Evasion Abilities Clause: Evasion abilities are banned\n|rule|Evasion Items Clause: Evasion items are banned\n|rule|Evasion Moves Clause: Evasion moves are banned\n|rule|Species Clause: Limit one of each Pok\u00e9mon\n|rule|Sleep Clause Mod: Limit one foe put to sleep\n|clearpoke\n|poke|p1|Victreebel, M|\n|poke|p1|Torkoal, F|\n|poke|p1|Seaking, M|\n|poke|p1|Octillery, F|\n|poke|p1|Spiritomb, M|\n|poke|p1|Sunflora, M|\n|poke|p2|Polteageist-Antique|\n|poke|p2|Ceruledge, F|\n|poke|p2|Kartana|\n|poke|p2|Grimmsnarl, M|\n|poke|p2|Medicham, M|\n|poke|p2|Galvantula, F|\n|teampreview\n|inactive|Battle timer is ON: inactive players will automatically lose when time's up. (requested by Rankuroi)\n|inactive|Poke_Gamer_Devil also wants the timer to be on.\n|\n|t:|1700572599\n|start\n|switch|p1a: Seaking|Seaking, M|100\/100\n|switch|p2a: Galvantula|Galvantula, F|100\/100\n|turn|1\n|\n|t:|1700572607\n|move|p2a: Galvantula|Sticky Web|p1a: Seaking\n|-sidestart|p1: Rankuroi|move: Sticky Web\n|move|p1a: Seaking|Waterfall|p2a: Galvantula\n|-damage|p2a: Galvantula|14\/100\n|-damage|p1a: Seaking|91\/100|[from] item: Life Orb\n|\n|upkeep\n|turn|2\n|\n|t:|1700572614\n|move|p1a: Seaking|Quick Attack|p2a: Galvantula\n|-damage|p2a: Galvantula|0 fnt\n|faint|p2a: Galvantula\n|-damage|p1a: Seaking|81\/100|[from] item: Life Orb\n|\n|upkeep\n|\n|t:|1700572627\n|switch|p2a: Polteageist|Polteageist-Antique|100\/100\n|turn|3\n|\n|t:|1700572635\n|move|p2a: Polteageist|Shell Smash|p2a: Polteageist\n|-unboost|p2a: Polteageist|def|1\n|-unboost|p2a: Polteageist|spd|1\n|-boost|p2a: Polteageist|atk|2\n|-boost|p2a: Polteageist|spa|2\n|-boost|p2a: Polteageist|spe|2\n|-enditem|p2a: Polteageist|White Herb\n|-clearnegativeboost|p2a: Polteageist|[silent]\n|move|p1a: Seaking|Waterfall|p2a: Polteageist\n|-damage|p2a: Polteageist|15\/100\n|-ability|p2a: Polteageist|Weak Armor|boost\n|-unboost|p2a: Polteageist|def|1\n|-boost|p2a: Polteageist|spe|2\n|-damage|p1a: Seaking|71\/100|[from] item: Life Orb\n|\n|upkeep\n|turn|4\n|\n|t:|1700572649\n|move|p2a: Polteageist|Giga Drain|p1a: Seaking\n|-supereffective|p1a: Seaking\n|-damage|p1a: Seaking|0 fnt\n|-heal|p2a: Polteageist|55\/100|[from] drain|[of] p1a: Seaking\n|faint|p1a: Seaking\n|\n|upkeep\n|\n|t:|1700572655\n|switch|p1a: Spiritomb|Spiritomb, M, shiny|100\/100\n|-activate|p1a: Spiritomb|move: Sticky Web\n|-unboost|p1a: Spiritomb|spe|1\n|turn|5\n|\n|t:|1700572660\n|move|p1a: Spiritomb|Sucker Punch|p2a: Polteageist\n|-supereffective|p2a: Polteageist\n|-damage|p2a: Polteageist|0 fnt\n|faint|p2a: Polteageist\n|\n|upkeep\n|\n|t:|1700572670\n|switch|p2a: Grimmsnarl|Grimmsnarl, M|100\/100\n|turn|6\n|\n|t:|1700572674\n|move|p2a: Grimmsnarl|Reflect|p2a: Grimmsnarl\n|-sidestart|p2: Poke_Gamer_Devil|Reflect\n|move|p1a: Spiritomb|Poltergeist|p2a: Grimmsnarl\n|-activate|p2a: Grimmsnarl|move: Poltergeist|Light Clay\n|-resisted|p2a: Grimmsnarl\n|-damage|p2a: Grimmsnarl|77\/100\n|\n|upkeep\n|turn|7\n|\n|t:|1700572681\n|move|p2a: Grimmsnarl|Light Screen|p2a: Grimmsnarl\n|-sidestart|p2: Poke_Gamer_Devil|move: Light Screen\n|move|p1a: Spiritomb|Poltergeist|p2a: Grimmsnarl\n|-activate|p2a: Grimmsnarl|move: Poltergeist|Light Clay\n|-resisted|p2a: Grimmsnarl\n|-damage|p2a: Grimmsnarl|51\/100\n|\n|upkeep\n|turn|8\n|\n|t:|1700572688\n|move|p2a: Grimmsnarl|Taunt|p1a: Spiritomb\n|-hint|Since gen 7, Dark is immune to Prankster moves.\n|-immune|p1a: Spiritomb\n|move|p1a: Spiritomb|Poltergeist|p2a: Grimmsnarl\n|-activate|p2a: Grimmsnarl|move: Poltergeist|Light Clay\n|-resisted|p2a: Grimmsnarl\n|-damage|p2a: Grimmsnarl|28\/100\n|\n|upkeep\n|turn|9\n|\n|t:|1700572697\n|move|p2a: Grimmsnarl|Parting Shot|p1a: Spiritomb\n|-hint|Since gen 7, Dark is immune to Prankster moves.\n|-immune|p1a: Spiritomb\n|move|p1a: Spiritomb|Poltergeist|p2a: Grimmsnarl\n|-activate|p2a: Grimmsnarl|move: Poltergeist|Light Clay\n|-resisted|p2a: Grimmsnarl\n|-damage|p2a: Grimmsnarl|6\/100\n|\n|upkeep\n|turn|10\n|\n|t:|1700572706\n|move|p2a: Grimmsnarl|Reflect||[still]\n|-fail|p2a: Grimmsnarl\n|move|p1a: Spiritomb|Rock Tomb|p2a: Grimmsnarl|[miss]\n|-miss|p1a: Spiritomb|p2a: Grimmsnarl\n|\n|upkeep\n|turn|11\n|\n|t:|1700572712\n|move|p2a: Grimmsnarl|Reflect||[still]\n|-fail|p2a: Grimmsnarl\n|move|p1a: Spiritomb|Foul Play|p2a: Grimmsnarl\n|-resisted|p2a: Grimmsnarl\n|-damage|p2a: Grimmsnarl|0 fnt\n|faint|p2a: Grimmsnarl\n|\n|upkeep\n|\n|t:|1700572717\n|switch|p2a: Ceruledge|Ceruledge, F|100\/100\n|turn|12\n|\n|t:|1700572722\n|move|p2a: Ceruledge|Swords Dance|p2a: Ceruledge\n|-boost|p2a: Ceruledge|atk|2\n|move|p1a: Spiritomb|Foul Play|p2a: Ceruledge\n|-supereffective|p2a: Ceruledge\n|-enditem|p2a: Ceruledge|Focus Sash\n|-damage|p2a: Ceruledge|1\/100\n|-ability|p2a: Ceruledge|Weak Armor|boost\n|-unboost|p2a: Ceruledge|def|1\n|-boost|p2a: Ceruledge|spe|2\n|\n|upkeep\n|turn|13\n|\n|t:|1700572732\n|move|p2a: Ceruledge|Shadow Sneak|p1a: Spiritomb\n|-damage|p1a: Spiritomb|58\/100\n|move|p1a: Spiritomb|Foul Play|p2a: Ceruledge\n|-supereffective|p2a: Ceruledge\n|-damage|p2a: Ceruledge|0 fnt\n|faint|p2a: Ceruledge\n|\n|-sideend|p2: Poke_Gamer_Devil|Reflect\n|upkeep\n|\n|t:|1700572739\n|switch|p2a: Medicham|Medicham, M|100\/100\n|turn|14\n|\n|t:|1700572744\n|detailschange|p2a: Medicham|Medicham-Mega, M\n|-mega|p2a: Medicham|Medicham|Medichamite\n|move|p2a: Medicham|Bullet Punch|p1a: Spiritomb\n|-damage|p1a: Spiritomb|31\/100\n|move|p1a: Spiritomb|Poltergeist|p2a: Medicham\n|-activate|p2a: Medicham|move: Poltergeist|Medichamite\n|-supereffective|p2a: Medicham\n|-damage|p2a: Medicham|0 fnt\n|faint|p2a: Medicham\n|\n|-sideend|p2: Poke_Gamer_Devil|move: Light Screen\n|upkeep\n|\n|t:|1700572751\n|switch|p2a: Kartana|Kartana|100\/100\n|turn|15\n|\n|t:|1700572759\n|move|p1a: Spiritomb|Sucker Punch|p2a: Kartana\n|-damage|p2a: Kartana|68\/100\n|move|p2a: Kartana|Leaf Blade|p1a: Spiritomb\n|-damage|p1a: Spiritomb|0 fnt\n|faint|p1a: Spiritomb\n|-ability|p2a: Kartana|Beast Boost|boost\n|-boost|p2a: Kartana|atk|1\n|\n|upkeep\n|\n|t:|1700572768\n|switch|p1a: Torkoal|Torkoal, F, shiny|100\/100\n|-activate|p1a: Torkoal|move: Sticky Web\n|-unboost|p1a: Torkoal|spe|1\n|-weather|SunnyDay|[from] ability: Drought|[of] p1a: Torkoal\n|turn|16\n|\n|t:|1700572774\n|-zpower|p2a: Kartana\n|move|p2a: Kartana|Black Hole Eclipse|p1a: Torkoal|[zeffect]\n|-damage|p1a: Torkoal|36\/100\n|move|p1a: Torkoal|Flamethrower|p2a: Kartana\n|-supereffective|p2a: Kartana\n|-damage|p2a: Kartana|0 fnt\n|faint|p2a: Kartana\n|\n|win|Rankuroi\n|raw|Rankuroi's rating: 1406 &rarr; <strong>1429<\/strong><br \/>(+23 for winning)\n|raw|Poke_Gamer_Devil's rating: 1460 &rarr; <strong>1437<\/strong><br \/>(-23 for losing)\n","uploadtime":1700572798,"views":0,"p1id":"rankuroi","p2id":"pokegamerdevil","formatid":"gen9nationaldex","rating":1429,"private":0,"password":""}