{"id":"gen9nationaldex-1999110715","p1":"kev64","p2":"suckybugcatcher","format":"[Gen 9] National Dex","log":"|html|<div class=\"broadcast-blue\"><strong>[Gen 9] National Dex is currently suspecting Sneasler! For information on how to participate check out the <a href=\"https:\/\/www.smogon.com\/forums\/threads\/sv-national-dex-suspect-8-just-dance.3731534\/\">suspect thread<\/a>.<\/strong><\/div>\n|j|\u2606kev64\n|j|\u2606suckybugcatcher\n|t:|1701034265\n|gametype|singles\n|player|p1|kev64|ethan|1669\n|player|p2|suckybugcatcher|bugcatcher-gen4dp|1555\n|teamsize|p1|6\n|teamsize|p2|6\n|gen|9\n|tier|[Gen 9] National Dex\n|rated|\n|rule|HP Percentage Mod: HP is shown in percentages\n|rule|Endless Battle Clause: Forcing endless battles is banned\n|rule|OHKO Clause: OHKO moves are banned\n|rule|Evasion Clause: Evasion abilities, items, and moves are banned\n|rule|Evasion Abilities Clause: Evasion abilities are banned\n|rule|Evasion Items Clause: Evasion items are banned\n|rule|Evasion Moves Clause: Evasion moves are banned\n|rule|Species Clause: Limit one of each Pok\u00e9mon\n|rule|Sleep Clause Mod: Limit one foe put to sleep\n|clearpoke\n|poke|p1|Tornadus-Therian, M|\n|poke|p1|Great Tusk|\n|poke|p1|Samurott-Hisui, M|\n|poke|p1|Ferrothorn, M|\n|poke|p1|Diancie|\n|poke|p1|Blacephalon|\n|poke|p2|Scizor, M|\n|poke|p2|Volcarona, F|\n|poke|p2|Galvantula, M|\n|poke|p2|Vivillon-Garden, M|\n|poke|p2|Araquanid, F|\n|poke|p2|Forretress, F|\n|teampreview\n|inactive|Battle timer is ON: inactive players will automatically lose when time's up. (requested by kev64)\n|inactive|kev64 has 120 seconds left.\n|\n|t:|1701034319\n|start\n|switch|p1a: Diancie|Diancie|100\/100\n|switch|p2a: Oberon|Scizor, M|100\/100\n|turn|1\n|\n|t:|1701034325\n|switch|p1a: Ferrothorn|Ferrothorn, M|100\/100\n|detailschange|p2a: Oberon|Scizor-Mega, M\n|-mega|p2a: Oberon|Scizor|Scizorite\n|move|p2a: Oberon|Bullet Punch|p1a: Ferrothorn\n|-resisted|p1a: Ferrothorn\n|-damage|p1a: Ferrothorn|90\/100\n|-damage|p2a: Oberon|88\/100|[from] ability: Iron Barbs|[of] p1a: Ferrothorn\n|-damage|p2a: Oberon|71\/100|[from] item: Rocky Helmet|[of] p1a: Ferrothorn\n|\n|upkeep\n|turn|2\n|\n|t:|1701034331\n|switch|p2a: Peaseblossom|Forretress, F|100\/100\n|move|p1a: Ferrothorn|Leech Seed|p2a: Peaseblossom\n|-start|p2a: Peaseblossom|move: Leech Seed\n|\n|-damage|p2a: Peaseblossom|88\/100|[from] Leech Seed|[of] p1a: Ferrothorn\n|-heal|p1a: Ferrothorn|100\/100|[silent]\n|upkeep\n|turn|3\n|\n|t:|1701034336\n|move|p2a: Peaseblossom|Stealth Rock|p1a: Ferrothorn\n|-sidestart|p1: kev64|move: Stealth Rock\n|move|p1a: Ferrothorn|Stealth Rock|p2a: Peaseblossom\n|-sidestart|p2: suckybugcatcher|move: Stealth Rock\n|\n|-heal|p2a: Peaseblossom|94\/100|[from] item: Leftovers\n|-damage|p2a: Peaseblossom|82\/100|[from] Leech Seed|[of] p1a: Ferrothorn\n|upkeep\n|turn|4\n|\n|t:|1701034343\n|switch|p1a: Blacephalon|Blacephalon|100\/100\n|-damage|p1a: Blacephalon|76\/100|[from] Stealth Rock\n|move|p2a: Peaseblossom|Earthquake|p1a: Blacephalon\n|-supereffective|p1a: Blacephalon\n|-damage|p1a: Blacephalon|0 fnt\n|faint|p1a: Blacephalon\n|\n|-heal|p2a: Peaseblossom|88\/100|[from] item: Leftovers\n|upkeep\n|\n|t:|1701034348\n|switch|p1a: Tornadus|Tornadus-Therian, M|100\/100\n|-damage|p1a: Tornadus|76\/100|[from] Stealth Rock\n|turn|5\n|\n|t:|1701034355\n|-terastallize|p2a: Peaseblossom|Dragon\n|move|p1a: Tornadus|Heat Wave|p2a: Peaseblossom\n|-resisted|p2a: Peaseblossom\n|-damage|p2a: Peaseblossom|71\/100\n|move|p2a: Peaseblossom|Rapid Spin|p1a: Tornadus\n|-damage|p1a: Tornadus|61\/100\n|-boost|p2a: Peaseblossom|spe|1\n|-end|p2a: Peaseblossom|Leech Seed|[from] move: Rapid Spin|[of] p2a: Peaseblossom\n|-sideend|p2: suckybugcatcher|Stealth Rock|[from] move: Rapid Spin|[of] p2a: Peaseblossom\n|\n|-heal|p2a: Peaseblossom|77\/100|[from] item: Leftovers\n|upkeep\n|turn|6\n|\n|t:|1701034360\n|move|p1a: Tornadus|Icy Wind|p2a: Peaseblossom|[miss]\n|-miss|p1a: Tornadus|p2a: Peaseblossom\n|move|p2a: Peaseblossom|Toxic|p1a: Tornadus\n|-status|p1a: Tornadus|tox\n|\n|-heal|p2a: Peaseblossom|83\/100|[from] item: Leftovers\n|-damage|p1a: Tornadus|55\/100 tox|[from] psn\n|upkeep\n|turn|7\n|\n|t:|1701034364\n|move|p1a: Tornadus|U-turn|p2a: Peaseblossom\n|-crit|p2a: Peaseblossom\n|-damage|p2a: Peaseblossom|72\/100\n|\n|t:|1701034366\n|switch|p1a: Ferrothorn|Ferrothorn, M|100\/100|[from] U-turn\n|-damage|p1a: Ferrothorn|95\/100|[from] Stealth Rock\n|move|p2a: Peaseblossom|Rapid Spin|p1a: Ferrothorn\n|-resisted|p1a: Ferrothorn\n|-damage|p1a: Ferrothorn|91\/100\n|-boost|p2a: Peaseblossom|spe|1\n|-damage|p2a: Peaseblossom|60\/100|[from] ability: Iron Barbs|[of] p1a: Ferrothorn\n|-damage|p2a: Peaseblossom|43\/100|[from] item: Rocky Helmet|[of] p1a: Ferrothorn\n|\n|-heal|p2a: Peaseblossom|49\/100|[from] item: Leftovers\n|upkeep\n|turn|8\n|\n|t:|1701034370\n|switch|p2a: Titania|Volcarona, F|100\/100\n|move|p1a: Ferrothorn|Leech Seed|p2a: Titania\n|-start|p2a: Titania|move: Leech Seed\n|\n|-damage|p2a: Titania|88\/100|[from] Leech Seed|[of] p1a: Ferrothorn\n|-heal|p1a: Ferrothorn|100\/100|[silent]\n|upkeep\n|turn|9\n|\n|t:|1701034375\n|move|p2a: Titania|Quiver Dance|p2a: Titania\n|-boost|p2a: Titania|spa|1\n|-boost|p2a: Titania|spd|1\n|-boost|p2a: Titania|spe|1\n|move|p1a: Ferrothorn|Stealth Rock|p2a: Titania\n|-sidestart|p2: suckybugcatcher|move: Stealth Rock\n|\n|-damage|p2a: Titania|76\/100|[from] Leech Seed|[of] p1a: Ferrothorn\n|upkeep\n|turn|10\n|\n|t:|1701034382\n|switch|p1a: Tornadus|Tornadus-Therian, M|89\/100 tox\n|-damage|p1a: Tornadus|64\/100 tox|[from] Stealth Rock\n|move|p2a: Titania|Fiery Dance|p1a: Tornadus\n|-damage|p1a: Tornadus|19\/100 tox\n|\n|-damage|p2a: Titania|64\/100|[from] Leech Seed|[of] p1a: Tornadus\n|-heal|p1a: Tornadus|31\/100 tox|[silent]\n|-damage|p1a: Tornadus|25\/100 tox|[from] psn\n|upkeep\n|turn|11\n|\n|t:|1701034391\n|switch|p1a: Diancie|Diancie|100\/100\n|-damage|p1a: Diancie|88\/100|[from] Stealth Rock\n|move|p2a: Titania|Fiery Dance|p1a: Diancie\n|-resisted|p1a: Diancie\n|-damage|p1a: Diancie|57\/100\n|\n|-damage|p2a: Titania|52\/100|[from] Leech Seed|[of] p1a: Diancie\n|-heal|p1a: Diancie|73\/100|[silent]\n|upkeep\n|turn|12\n|\n|t:|1701034397\n|switch|p1a: Tornadus|Tornadus-Therian, M|58\/100 tox\n|-damage|p1a: Tornadus|33\/100 tox|[from] Stealth Rock\n|move|p2a: Titania|Giga Drain|p1a: Tornadus\n|-resisted|p1a: Tornadus\n|-crit|p1a: Tornadus\n|-damage|p1a: Tornadus|15\/100 tox\n|-heal|p2a: Titania|62\/100|[from] drain|[of] p1a: Tornadus\n|\n|-damage|p2a: Titania|49\/100|[from] Leech Seed|[of] p1a: Tornadus\n|-heal|p1a: Tornadus|26\/100 tox|[silent]\n|-damage|p1a: Tornadus|20\/100 tox|[from] psn\n|upkeep\n|turn|13\n|\n|t:|1701034409\n|move|p2a: Titania|Fiery Dance|p1a: Tornadus\n|-damage|p1a: Tornadus|0 fnt\n|-boost|p2a: Titania|spa|1\n|faint|p1a: Tornadus\n|\n|upkeep\n|\n|t:|1701034411\n|switch|p1a: Ferrothorn|Ferrothorn, M|100\/100\n|-damage|p1a: Ferrothorn|95\/100|[from] Stealth Rock\n|turn|14\n|\n|t:|1701034414\n|-terastallize|p1a: Ferrothorn|Ghost\n|move|p2a: Titania|Fiery Dance|p1a: Ferrothorn\n|-damage|p1a: Ferrothorn|24\/100\n|move|p1a: Ferrothorn|Body Press|p2a: Titania\n|-resisted|p2a: Titania\n|-damage|p2a: Titania|26\/100\n|\n|-damage|p2a: Titania|14\/100|[from] Leech Seed|[of] p1a: Ferrothorn\n|-heal|p1a: Ferrothorn|35\/100|[silent]\n|upkeep\n|turn|15\n|\n|t:|1701034422\n|move|p2a: Titania|Roost|p2a: Titania\n|-heal|p2a: Titania|64\/100\n|-singleturn|p2a: Titania|move: Roost\n|move|p1a: Ferrothorn|Body Press|p2a: Titania\n|-resisted|p2a: Titania\n|-damage|p2a: Titania|41\/100\n|-status|p1a: Ferrothorn|brn|[from] ability: Flame Body|[of] p2a: Titania\n|\n|-damage|p2a: Titania|28\/100|[from] Leech Seed|[of] p1a: Ferrothorn\n|-heal|p1a: Ferrothorn|46\/100 brn|[silent]\n|-damage|p1a: Ferrothorn|40\/100 brn|[from] brn\n|upkeep\n|turn|16\n|\n|t:|1701034426\n|move|p2a: Titania|Roost|p2a: Titania\n|-heal|p2a: Titania|79\/100\n|-singleturn|p2a: Titania|move: Roost\n|move|p1a: Ferrothorn|Body Press|p2a: Titania\n|-resisted|p2a: Titania\n|-damage|p2a: Titania|66\/100\n|\n|-damage|p2a: Titania|54\/100|[from] Leech Seed|[of] p1a: Ferrothorn\n|-heal|p1a: Ferrothorn|51\/100 brn|[silent]\n|-damage|p1a: Ferrothorn|45\/100 brn|[from] brn\n|upkeep\n|turn|17\n|\n|t:|1701034429\n|switch|p1a: Diancie|Diancie|73\/100\n|-damage|p1a: Diancie|60\/100|[from] Stealth Rock\n|move|p2a: Titania|Quiver Dance|p2a: Titania\n|-boost|p2a: Titania|spa|1\n|-boost|p2a: Titania|spd|1\n|-boost|p2a: Titania|spe|1\n|\n|-damage|p2a: Titania|41\/100|[from] Leech Seed|[of] p1a: Diancie\n|-heal|p1a: Diancie|76\/100|[silent]\n|upkeep\n|turn|18\n|\n|t:|1701034434\n|switch|p1a: Ferrothorn|Ferrothorn, M, tera:Ghost|45\/100 brn\n|-damage|p1a: Ferrothorn|33\/100 brn|[from] Stealth Rock\n|move|p2a: Titania|Giga Drain|p1a: Ferrothorn\n|-damage|p1a: Ferrothorn|0 fnt\n|-heal|p2a: Titania|60\/100|[from] drain|[of] p1a: Ferrothorn\n|faint|p1a: Ferrothorn\n|\n|upkeep\n|\n|t:|1701034436\n|switch|p1a: Samurott|Samurott-Hisui, M|100\/100\n|-damage|p1a: Samurott|88\/100|[from] Stealth Rock\n|turn|19\n|\n|t:|1701034437\n|move|p2a: Titania|Giga Drain|p1a: Samurott\n|-supereffective|p1a: Samurott\n|-damage|p1a: Samurott|0 fnt\n|-heal|p2a: Titania|100\/100|[from] drain|[of] p1a: Samurott\n|faint|p1a: Samurott\n|\n|upkeep\n|c|\u2606suckybugcatcher|6-0 sweep babyyyy\n|c|\u2606kev64|fucking dogshit\n|c|\u2606kev64|gay ass retrded shit moth\n|n|\u203dkev64|kev64\n|c|&|\/log kev64 was locked from talking by Artemis. (\u2606kev64: gay ass retrded shit moth)\n|c|&|\/raw <small>This action was done automatically. Want to learn more about the AI? <a href=\"https:\/\/www.smogon.com\/forums\/threads\/3570628\/#post-9056769\">Visit the information thread<\/a>.<\/small>\n|inactive|kev64 has 120 seconds left.\n|l|\u203dkev64\n|inactive|kev64 disconnected and has a minute to reconnect!\n|player|p1|\n|c|\u2606suckybugcatcher|heeheehee\n|inactive|kev64 has 30 seconds to reconnect!\n|inactive|kev64 has 20 seconds to reconnect!\n|inactive|kev64 has 15 seconds to reconnect!\n|inactive|kev64 has 10 seconds to reconnect!\n|inactive|kev64 has 5 seconds to reconnect!\n|-message|kev64 lost due to inactivity.\n|\n|win|suckybugcatcher\n|raw|kev64's rating: 1669 &rarr; <strong>1643<\/strong><br \/>(-26 for losing)\n|raw|suckybugcatcher's rating: 1555 &rarr; <strong>1581<\/strong><br \/>(+26 for winning)\n","uploadtime":1701034453,"views":1,"p1id":"kev64","p2id":"suckybugcatcher","formatid":"gen9nationaldex","rating":1581,"private":0,"password":""}