{"id":"gen9nationaldex-1988266754","p1":"123456cb","p2":"xdswl","format":"[Gen 9] National Dex","log":"|j|\u2606123456cb\n|j|\u2606xdswl\n|t:|1699698013\n|gametype|singles\n|player|p1|123456cb|marley|1610\n|player|p2|xdswl|101|1521\n|teamsize|p1|6\n|teamsize|p2|6\n|gen|9\n|tier|[Gen 9] National Dex\n|rated|\n|rule|HP Percentage Mod: HP is shown in percentages\n|rule|Endless Battle Clause: Forcing endless battles is banned\n|rule|OHKO Clause: OHKO moves are banned\n|rule|Evasion Clause: Evasion abilities, items, and moves are banned\n|rule|Evasion Abilities Clause: Evasion abilities are banned\n|rule|Evasion Items Clause: Evasion items are banned\n|rule|Evasion Moves Clause: Evasion moves are banned\n|rule|Species Clause: Limit one of each Pok\u00e9mon\n|rule|Sleep Clause Mod: Limit one foe put to sleep\n|clearpoke\n|poke|p1|Dondozo, F|\n|poke|p1|Corviknight, F|\n|poke|p1|Blissey, F|\n|poke|p1|Clefable, F|\n|poke|p1|Tornadus-Therian, M|\n|poke|p1|Gliscor, F|\n|poke|p2|Zapdos|\n|poke|p2|Scizor, M|\n|poke|p2|Ogerpon-Cornerstone, F|\n|poke|p2|Samurott-Hisui, M|\n|poke|p2|Volcarona, F|\n|poke|p2|Garchomp, M|\n|teampreview\n|inactive|Battle timer is ON: inactive players will automatically lose when time's up. (requested by 123456cb)\n|j| XYStarshone.\u6c34\u706b\u4fa0\u661f\u8000\n|j| playeraccount\n|\n|t:|1699698040\n|start\n|switch|p1a: Tornadus|Tornadus-Therian, M|100\/100\n|switch|p2a: Samurott|Samurott-Hisui, M|100\/100\n|turn|1\n|j|+taoke\n|j| incontri\u8482\u5b89\u5e0c\n|\n|t:|1699698045\n|move|p1a: Tornadus|Knock Off|p2a: Samurott\n|-resisted|p2a: Samurott\n|-damage|p2a: Samurott|88\/100\n|-enditem|p2a: Samurott|Black Glasses|[from] move: Knock Off|[of] p1a: Tornadus\n|move|p2a: Samurott|Ceaseless Edge|p1a: Tornadus\n|-damage|p1a: Tornadus|39\/100\n|-sidestart|p1: 123456cb|Spikes\n|\n|upkeep\n|turn|2\n|c| XYStarshone.\u6c34\u706b\u4fa0\u661f\u8000|xdswl\u805a\u805a\u7684\u7834\u53d7\u8bfe\u5802\u5f00\u8bfe\u8fa3\n|c|\u2606xdswl|\u516d\n|\n|t:|1699698056\n|move|p1a: Tornadus|U-turn|p2a: Samurott\n|-supereffective|p2a: Samurott\n|-damage|p2a: Samurott|53\/100\n|\n|t:|1699698059\n|switch|p1a: Corviknight|Corviknight, F|100\/100|[from] U-turn\n|-ability|p1a: Corviknight|Pressure\n|move|p2a: Samurott|Ceaseless Edge|p1a: Corviknight\n|-damage|p1a: Corviknight|73\/100\n|-sidestart|p1: 123456cb|Spikes\n|\n|-heal|p1a: Corviknight|79\/100|[from] item: Leftovers\n|upkeep\n|turn|3\n|\n|t:|1699698069\n|switch|p2a: Volcarona|Volcarona, F|100\/100\n|move|p1a: Corviknight|Body Press|p2a: Volcarona\n|-resisted|p2a: Volcarona\n|-damage|p2a: Volcarona|88\/100\n|-status|p1a: Corviknight|brn|[from] ability: Flame Body|[of] p2a: Volcarona\n|\n|-heal|p1a: Corviknight|85\/100 brn|[from] item: Leftovers\n|-damage|p1a: Corviknight|79\/100 brn|[from] brn\n|upkeep\n|turn|4\n|j| AGisgood\u82cd\u54cd\u4fa0\n|c|\u2606xdswl|\uff1f\n|\n|t:|1699698077\n|switch|p1a: Blissey|Blissey, F|100\/100\n|-damage|p1a: Blissey|84\/100|[from] Spikes\n|move|p2a: Volcarona|Fiery Dance|p1a: Blissey\n|-damage|p1a: Blissey|70\/100\n|-boost|p2a: Volcarona|spa|1\n|\n|-heal|p1a: Blissey|77\/100|[from] item: Leftovers\n|upkeep\n|turn|5\n|l| playeraccount\n|\n|t:|1699698084\n|switch|p2a: Scizor|Scizor, M|100\/100\n|move|p1a: Blissey|Toxic|p2a: Scizor\n|-immune|p2a: Scizor\n|\n|-heal|p1a: Blissey|83\/100|[from] item: Leftovers\n|upkeep\n|turn|6\n|c| AGisgood\u82cd\u54cd\u4fa0|\u4e50\n|j| lightank\n|\n|t:|1699698102\n|switch|p1a: Corviknight|Corviknight, F|79\/100 brn\n|-ability|p1a: Corviknight|Pressure\n|detailschange|p2a: Scizor|Scizor-Mega, M\n|-mega|p2a: Scizor|Scizor|Scizorite\n|move|p2a: Scizor|Knock Off|p1a: Corviknight\n|-crit|p1a: Corviknight\n|-damage|p1a: Corviknight|50\/100 brn\n|-enditem|p1a: Corviknight|Leftovers|[from] move: Knock Off|[of] p2a: Scizor\n|\n|-damage|p1a: Corviknight|43\/100 brn|[from] brn\n|upkeep\n|turn|7\n|\n|t:|1699698105\n|move|p2a: Scizor|U-turn|p1a: Corviknight\n|-resisted|p1a: Corviknight\n|-damage|p1a: Corviknight|39\/100 brn\n|l| AGisgood\u82cd\u54cd\u4fa0\n|\n|t:|1699698108\n|switch|p2a: Zapdos|Zapdos|100\/100|[from] U-turn\n|move|p1a: Corviknight|Roost|p1a: Corviknight\n|-heal|p1a: Corviknight|89\/100 brn\n|-singleturn|p1a: Corviknight|move: Roost\n|\n|-damage|p1a: Corviknight|82\/100 brn|[from] brn\n|upkeep\n|turn|8\n|\n|t:|1699698113\n|switch|p1a: Gliscor|Gliscor, F|100\/100\n|move|p2a: Zapdos|Volt Switch|p1a: Gliscor\n|-immune|p1a: Gliscor\n|\n|-status|p1a: Gliscor|tox|[from] item: Toxic Orb\n|upkeep\n|turn|9\n|\n|t:|1699698122\n|switch|p2a: Scizor|Scizor-Mega, M|100\/100\n|move|p1a: Gliscor|Earthquake|p2a: Scizor\n|-damage|p2a: Scizor|77\/100\n|\n|upkeep\n|turn|10\n|\n|t:|1699698147\n|move|p1a: Gliscor|Spikes|p2a: Scizor\n|-sidestart|p2: xdswl|Spikes\n|move|p2a: Scizor|U-turn|p1a: Gliscor\n|-resisted|p1a: Gliscor\n|-damage|p1a: Gliscor|87\/100 tox\n|inactive|xdswl has 120 seconds left.\n|l|\u2606xdswl\n|inactive|xdswl disconnected and has a minute to reconnect!\n|player|p2|\n|c|\u2606123456cb|az\n|l| lightank\n|inactive|xdswl has 30 seconds to reconnect!\n|j|\u2606xdswl\n|inactive|xdswl reconnected and has 90 seconds left.\n|player|p2|xdswl|101\n|\n|t:|1699698196\n|switch|p2a: Samurott|Samurott-Hisui, M|53\/100|[from] U-turn\n|-damage|p2a: Samurott|41\/100|[from] Spikes\n|\n|-heal|p1a: Gliscor|99\/100 tox|[from] ability: Poison Heal\n|upkeep\n|turn|11\n|\n|t:|1699698209\n|switch|p1a: Corviknight|Corviknight, F|82\/100 brn\n|-ability|p1a: Corviknight|Pressure\n|move|p2a: Samurott|Ceaseless Edge|p1a: Corviknight\n|-damage|p1a: Corviknight|54\/100 brn\n|-sidestart|p1: 123456cb|Spikes\n|\n|-damage|p1a: Corviknight|48\/100 brn|[from] brn\n|upkeep\n|turn|12\n|j| spino6301\n|\n|t:|1699698214\n|move|p2a: Samurott|Razor Shell|p1a: Corviknight|[miss]\n|-miss|p2a: Samurott|p1a: Corviknight\n|move|p1a: Corviknight|Roost|p1a: Corviknight\n|-heal|p1a: Corviknight|98\/100 brn\n|-singleturn|p1a: Corviknight|move: Roost\n|\n|-damage|p1a: Corviknight|91\/100 brn|[from] brn\n|upkeep\n|turn|13\n|c|\u2606xdswl|\u2026\u2026\n|c|\u2606xdswl|\u53d7\u4e0d\u4e86\u4e86\n|c|\u2606xdswl|\u5927\u5251\u9b3c\n|\n|t:|1699698228\n|switch|p2a: Zapdos|Zapdos|100\/100\n|move|p1a: Corviknight|Body Press|p2a: Zapdos\n|-resisted|p2a: Zapdos\n|-damage|p2a: Zapdos|96\/100\n|\n|-damage|p1a: Corviknight|85\/100 brn|[from] brn\n|upkeep\n|turn|14\n|\n|t:|1699698237\n|switch|p1a: Blissey|Blissey, F|83\/100\n|-damage|p1a: Blissey|58\/100|[from] Spikes\n|move|p2a: Zapdos|Hurricane|p1a: Blissey\n|-damage|p1a: Blissey|41\/100\n|\n|-heal|p1a: Blissey|47\/100|[from] item: Leftovers\n|upkeep\n|turn|15\n|inactive|xdswl has 120 seconds left.\n|\n|t:|1699698255\n|move|p2a: Zapdos|Volt Switch|p1a: Blissey\n|-damage|p1a: Blissey|36\/100\n|\n|t:|1699698257\n|switch|p2a: Scizor|Scizor-Mega, M|77\/100|[from] Volt Switch\n|-damage|p2a: Scizor|65\/100|[from] Spikes\n|move|p1a: Blissey|Wish|p1a: Blissey\n|\n|-heal|p1a: Blissey|43\/100|[from] item: Leftovers\n|upkeep\n|turn|16\n|\n|t:|1699698261\n|move|p1a: Blissey|Protect|p1a: Blissey\n|-singleturn|p1a: Blissey|Protect\n|move|p2a: Scizor|Knock Off|p1a: Blissey\n|-activate|p1a: Blissey|move: Protect\n|\n|-heal|p1a: Blissey|93\/100|[from] move: Wish|[wisher] Blissey\n|-heal|p1a: Blissey|99\/100|[from] item: Leftovers\n|upkeep\n|turn|17\n|\n|t:|1699698265\n|switch|p1a: Gliscor|Gliscor, F|99\/100 tox\n|move|p2a: Scizor|U-turn|p1a: Gliscor\n|-resisted|p1a: Gliscor\n|-damage|p1a: Gliscor|86\/100 tox\n|\n|t:|1699698269\n|switch|p2a: Samurott|Samurott-Hisui, M|41\/100|[from] U-turn\n|-damage|p2a: Samurott|28\/100|[from] Spikes\n|\n|-heal|p1a: Gliscor|99\/100 tox|[from] ability: Poison Heal\n|upkeep\n|turn|18\n|\n|t:|1699698275\n|move|p2a: Samurott|Razor Shell|p1a: Gliscor\n|-supereffective|p1a: Gliscor\n|-damage|p1a: Gliscor|20\/100 tox\n|move|p1a: Gliscor|Earthquake|p2a: Samurott\n|-damage|p2a: Samurott|0 fnt\n|faint|p2a: Samurott\n|\n|-heal|p1a: Gliscor|33\/100 tox|[from] ability: Poison Heal\n|upkeep\n|\n|t:|1699698287\n|switch|p2a: Volcarona|Volcarona, F|88\/100\n|turn|19\n|\n|t:|1699698295\n|move|p2a: Volcarona|Giga Drain|p1a: Gliscor\n|-damage|p1a: Gliscor|16\/100 tox\n|-heal|p2a: Volcarona|96\/100|[from] drain|[of] p1a: Gliscor\n|move|p1a: Gliscor|Toxic|p2a: Volcarona\n|-status|p2a: Volcarona|tox\n|\n|-damage|p2a: Volcarona|90\/100 tox|[from] psn\n|-heal|p1a: Gliscor|28\/100 tox|[from] ability: Poison Heal\n|upkeep\n|turn|20\n|\n|t:|1699698301\n|move|p2a: Volcarona|Quiver Dance|p2a: Volcarona\n|-boost|p2a: Volcarona|spa|1\n|-boost|p2a: Volcarona|spd|1\n|-boost|p2a: Volcarona|spe|1\n|move|p1a: Gliscor|Earthquake|p2a: Volcarona\n|-damage|p2a: Volcarona|58\/100 tox\n|\n|-damage|p2a: Volcarona|46\/100 tox|[from] psn\n|-heal|p1a: Gliscor|41\/100 tox|[from] ability: Poison Heal\n|upkeep\n|turn|21\n|\n|t:|1699698304\n|move|p2a: Volcarona|Giga Drain|p1a: Gliscor\n|-damage|p1a: Gliscor|14\/100 tox\n|-heal|p2a: Volcarona|58\/100 tox|[from] drain|[of] p1a: Gliscor\n|move|p1a: Gliscor|Earthquake|p2a: Volcarona\n|-damage|p2a: Volcarona|22\/100 tox\n|\n|-damage|p2a: Volcarona|4\/100 tox|[from] psn\n|-heal|p1a: Gliscor|27\/100 tox|[from] ability: Poison Heal\n|upkeep\n|turn|22\n|c|\u2606xdswl|\u5567\n|\n|t:|1699698310\n|move|p2a: Volcarona|Giga Drain|p1a: Gliscor\n|-damage|p1a: Gliscor|1\/100 tox\n|-heal|p2a: Volcarona|16\/100 tox|[from] drain|[of] p1a: Gliscor\n|move|p1a: Gliscor|Earthquake|p2a: Volcarona\n|-damage|p2a: Volcarona|0 fnt\n|faint|p2a: Volcarona\n|\n|-heal|p1a: Gliscor|13\/100 tox|[from] ability: Poison Heal\n|upkeep\n|c|\u2606123456cb|\u554a\n|c|\u2606xdswl|\u8349\n|c|\u2606xdswl|\u8fd9\u8fd8\u70b9\n|\n|t:|1699698324\n|switch|p2a: Garchomp|Garchomp, M|100\/100\n|-damage|p2a: Garchomp|88\/100|[from] Spikes\n|turn|23\n|\n|t:|1699698332\n|move|p2a: Garchomp|Scale Shot|p1a: Gliscor\n|-damage|p1a: Gliscor|3\/100 tox\n|-damage|p1a: Gliscor|0 fnt\n|faint|p1a: Gliscor\n|-hitcount|p1: Gliscor|2\n|-unboost|p2a: Garchomp|def|1\n|-boost|p2a: Garchomp|spe|1\n|\n|upkeep\n|\n|t:|1699698338\n|switch|p1a: Tornadus|Tornadus-Therian, M|72\/100\n|turn|24\n|\n|t:|1699698347\n|move|p2a: Garchomp|Scale Shot|p1a: Tornadus\n|-damage|p1a: Tornadus|55\/100\n|-damage|p1a: Tornadus|36\/100\n|-damage|p1a: Tornadus|16\/100\n|-damage|p1a: Tornadus|0 fnt\n|faint|p1a: Tornadus\n|-hitcount|p1: Tornadus|4\n|-unboost|p2a: Garchomp|def|1\n|-boost|p2a: Garchomp|spe|1\n|\n|upkeep\n|\n|t:|1699698352\n|switch|p1a: Corviknight|Corviknight, F|85\/100 brn\n|-ability|p1a: Corviknight|Pressure\n|turn|25\n|\n|t:|1699698358\n|switch|p2a: Zapdos|Zapdos|96\/100\n|move|p1a: Corviknight|Body Press|p2a: Zapdos\n|-resisted|p2a: Zapdos\n|-damage|p2a: Zapdos|90\/100\n|\n|-damage|p1a: Corviknight|79\/100 brn|[from] brn\n|upkeep\n|turn|26\n|c|\u2606xdswl|\u54e5\u4eec\u4f60\u7684\u53d7\u961f\u600e\u4e48\u5728\u548c\u6211\u5bf9\u653b\u2026\u2026\n|\n|t:|1699698381\n|switch|p1a: Blissey|Blissey, F|99\/100\n|-damage|p1a: Blissey|74\/100|[from] Spikes\n|move|p2a: Zapdos|Volt Switch|p1a: Blissey\n|-damage|p1a: Blissey|63\/100\n|\n|t:|1699698385\n|switch|p2a: Scizor|Scizor-Mega, M|65\/100|[from] Volt Switch\n|-damage|p2a: Scizor|53\/100|[from] Spikes\n|\n|-heal|p1a: Blissey|69\/100|[from] item: Leftovers\n|upkeep\n|turn|27\n|\n|t:|1699698391\n|move|p1a: Blissey|Protect|p1a: Blissey\n|-singleturn|p1a: Blissey|Protect\n|move|p2a: Scizor|Roost|p2a: Scizor\n|-heal|p2a: Scizor|100\/100\n|-singleturn|p2a: Scizor|move: Roost\n|\n|-heal|p1a: Blissey|75\/100|[from] item: Leftovers\n|upkeep\n|turn|28\n|\n|t:|1699698396\n|switch|p1a: Dondozo|Dondozo, F|100\/100\n|-damage|p1a: Dondozo|75\/100|[from] Spikes\n|move|p2a: Scizor|Knock Off|p1a: Dondozo\n|-damage|p1a: Dondozo|61\/100\n|-enditem|p1a: Dondozo|Leftovers|[from] move: Knock Off|[of] p2a: Scizor\n|\n|upkeep\n|turn|29\n|\n|t:|1699698408\n|move|p2a: Scizor|U-turn|p1a: Dondozo\n|-damage|p1a: Dondozo|46\/100\n|\n|t:|1699698411\n|switch|p2a: Ogerpon|Ogerpon-Cornerstone, F|100\/100|[from] U-turn\n|-damage|p2a: Ogerpon|88\/100|[from] Spikes\n|move|p1a: Dondozo|Wave Crash|p2a: Ogerpon\n|-damage|p2a: Ogerpon|33\/100\n|-damage|p1a: Dondozo|35\/100|[from] Recoil\n|\n|upkeep\n|turn|30\n|\n|t:|1699698429\n|switch|p1a: Corviknight|Corviknight, F|79\/100 brn\n|-ability|p1a: Corviknight|Pressure\n|move|p2a: Ogerpon|Ivy Cudgel|p1a: Corviknight\n|-damage|p1a: Corviknight|44\/100 brn\n|\n|-damage|p1a: Corviknight|38\/100 brn|[from] brn\n|upkeep\n|turn|31\n|c|\u2606xdswl|\u51b2\u554a\uff01\n|\n|t:|1699698434\n|-terastallize|p2a: Ogerpon|Rock\n|detailschange|p2a: Ogerpon|Ogerpon-Cornerstone-Tera, F, tera:Rock\n|-ability|p2a: Ogerpon|Embody Aspect (Cornerstone)|boost\n|-boost|p2a: Ogerpon|def|1\n|move|p2a: Ogerpon|Ivy Cudgel|p1a: Corviknight\n|-damage|p1a: Corviknight|0 fnt\n|faint|p1a: Corviknight\n|\n|upkeep\n|\n|t:|1699698437\n|switch|p1a: Dondozo|Dondozo, F|35\/100\n|-damage|p1a: Dondozo|10\/100|[from] Spikes\n|turn|32\n|l|+taoke\n|\n|t:|1699698442\n|move|p2a: Ogerpon|Horn Leech|p1a: Dondozo\n|-supereffective|p1a: Dondozo\n|-damage|p1a: Dondozo|0 fnt\n|-heal|p2a: Ogerpon|41\/100|[from] drain|[of] p1a: Dondozo\n|faint|p1a: Dondozo\n|\n|upkeep\n|\n|t:|1699698443\n|switch|p1a: Clefable|Clefable, F|100\/100\n|turn|33\n|\n|t:|1699698446\n|move|p2a: Ogerpon|Ivy Cudgel|p1a: Clefable\n|-damage|p1a: Clefable|11\/100\n|move|p1a: Clefable|Moonblast|p2a: Ogerpon\n|-damage|p2a: Ogerpon|1\/100\n|\n|-heal|p1a: Clefable|17\/100|[from] item: Leftovers\n|upkeep\n|turn|34\n|\n|t:|1699698452\n|move|p2a: Ogerpon|Horn Leech|p1a: Clefable\n|-damage|p1a: Clefable|0 fnt\n|-heal|p2a: Ogerpon|12\/100|[from] drain|[of] p1a: Clefable\n|faint|p1a: Clefable\n|\n|upkeep\n|\n|t:|1699698454\n|switch|p1a: Blissey|Blissey, F|75\/100\n|-damage|p1a: Blissey|50\/100|[from] Spikes\n|turn|35\n|\n|t:|1699698464\n|move|p2a: Ogerpon|Ivy Cudgel|p1a: Blissey\n|-damage|p1a: Blissey|0 fnt\n|faint|p1a: Blissey\n|\n|win|xdswl\n|raw|123456cb's rating: 1610 &rarr; <strong>1585<\/strong><br \/>(-25 for losing)\n|raw|xdswl's rating: 1521 &rarr; <strong>1546<\/strong><br \/>(+25 for winning)\n|l|\u2606123456cb\n","uploadtime":1699698469,"views":5,"p1id":"123456cb","p2id":"xdswl","formatid":"gen9nationaldex","rating":1546,"private":0,"password":""}