{"id":"gen9nationaldex-1999177006","p1":"CoreDrak","p2":"afnkm","format":"[Gen 9] National Dex","log":"|html|<div class=\"broadcast-blue\"><strong>[Gen 9] National Dex is currently suspecting Sneasler! For information on how to participate check out the <a href=\"https:\/\/www.smogon.com\/forums\/threads\/sv-national-dex-suspect-8-just-dance.3731534\/\">suspect thread<\/a>.<\/strong><\/div>\n|j|\u2606CoreDrak\n|j|\u203dafnkm\n|t:|1701041767\n|gametype|singles\n|player|p1|CoreDrak|caitlin-gen4|1655\n|player|p2|afnkm|red|1901\n|teamsize|p1|6\n|teamsize|p2|6\n|gen|9\n|tier|[Gen 9] National Dex\n|rated|\n|rule|HP Percentage Mod: HP is shown in percentages\n|rule|Endless Battle Clause: Forcing endless battles is banned\n|rule|OHKO Clause: OHKO moves are banned\n|rule|Evasion Clause: Evasion abilities, items, and moves are banned\n|rule|Evasion Abilities Clause: Evasion abilities are banned\n|rule|Evasion Items Clause: Evasion items are banned\n|rule|Evasion Moves Clause: Evasion moves are banned\n|rule|Species Clause: Limit one of each Pok\u00e9mon\n|rule|Sleep Clause Mod: Limit one foe put to sleep\n|clearpoke\n|poke|p1|Diancie|\n|poke|p1|Ogerpon-Wellspring, F|\n|poke|p1|Volcarona, F|\n|poke|p1|Gliscor, M|\n|poke|p1|Sneasler, M|\n|poke|p1|Blissey, F|\n|poke|p2|Charizard, M|\n|poke|p2|Great Tusk|\n|poke|p2|Garganacl, M|\n|poke|p2|Hatterene, F|\n|poke|p2|Rillaboom, F|\n|poke|p2|Sneasler, F|\n|teampreview\n|inactive|Battle timer is ON: inactive players will automatically lose when time's up. (requested by afnkm)\n|\n|t:|1701041775\n|start\n|switch|p1a: Sneasler|Sneasler, M|100\/100\n|switch|p2a: Rillaboom|Rillaboom, F|100\/100\n|-fieldstart|move: Grassy Terrain|[from] ability: Grassy Surge|[of] p2a: Rillaboom\n|turn|1\n|\n|t:|1701041781\n|switch|p2a: Garganacl|Garganacl, M|100\/100\n|move|p1a: Sneasler|U-turn|p2a: Garganacl\n|-damage|p2a: Garganacl|87\/100\n|\n|t:|1701041801\n|switch|p1a: Diancie|Diancie|100\/100|[from] U-turn\n|\n|-heal|p2a: Garganacl|94\/100|[from] Grassy Terrain\n|-heal|p2a: Garganacl|99\/100|[from] item: Leftovers\n|upkeep\n|turn|2\n|\n|t:|1701041808\n|switch|p2a: Hatterene|Hatterene, F|100\/100\n|detailschange|p1a: Diancie|Diancie-Mega\n|-mega|p1a: Diancie|Diancie|Diancite\n|move|p1a: Diancie|Earth Power|p2a: Hatterene\n|-damage|p2a: Hatterene|74\/100\n|\n|-heal|p2a: Hatterene|80\/100|[from] Grassy Terrain\n|-heal|p2a: Hatterene|86\/100|[from] item: Leftovers\n|upkeep\n|turn|3\n|\n|t:|1701041817\n|move|p1a: Diancie|Moonblast|p2a: Hatterene\n|-damage|p2a: Hatterene|40\/100\n|move|p2a: Hatterene|Nuzzle|p1a: Diancie\n|-damage|p1a: Diancie|94\/100\n|-status|p1a: Diancie|par\n|\n|-heal|p1a: Diancie|100\/100 par|[from] Grassy Terrain\n|-heal|p2a: Hatterene|46\/100|[from] Grassy Terrain\n|-heal|p2a: Hatterene|52\/100|[from] item: Leftovers\n|upkeep\n|turn|4\n|j| NicksRokaya\n|\n|t:|1701041827\n|move|p1a: Diancie|Diamond Storm|p2a: Hatterene\n|-damage|p2a: Hatterene|0 fnt\n|faint|p2a: Hatterene\n|\n|upkeep\n|\n|t:|1701041831\n|switch|p2a: Great Tusk|Great Tusk|100\/100\n|turn|5\n|\n|t:|1701041835\n|move|p2a: Great Tusk|Headlong Rush|p1a: Diancie\n|-supereffective|p1a: Diancie\n|-damage|p1a: Diancie|0 fnt\n|-unboost|p2a: Great Tusk|def|1\n|-unboost|p2a: Great Tusk|spd|1\n|faint|p1a: Diancie\n|-damage|p2a: Great Tusk|91\/100|[from] item: Life Orb\n|\n|-heal|p2a: Great Tusk|97\/100|[from] Grassy Terrain\n|-fieldend|move: Grassy Terrain\n|upkeep\n|\n|t:|1701041843\n|switch|p1a: Ogerpon|Ogerpon-Wellspring, F|100\/100\n|turn|6\n|\n|t:|1701041847\n|switch|p1a: Sneasler|Sneasler, M|100\/100\n|-end|p2a: Great Tusk|Protosynthesis|[silent]\n|switch|p2a: Rillaboom|Rillaboom, F|100\/100\n|-fieldstart|move: Grassy Terrain|[from] ability: Grassy Surge|[of] p2a: Rillaboom\n|\n|upkeep\n|turn|7\n|\n|t:|1701041855\n|switch|p2a: Garganacl|Garganacl, M|99\/100\n|move|p1a: Sneasler|Switcheroo|p2a: Garganacl\n|-activate|p1a: Sneasler|move: Trick|[of] p2a: Garganacl\n|-item|p2a: Garganacl|Choice Scarf|[from] move: Switcheroo\n|-item|p1a: Sneasler|Leftovers|[from] move: Switcheroo\n|\n|-heal|p2a: Garganacl|100\/100|[from] Grassy Terrain\n|upkeep\n|turn|8\n|\n|t:|1701041865\n|move|p1a: Sneasler|U-turn|p2a: Garganacl\n|-damage|p2a: Garganacl|88\/100\n|\n|t:|1701041867\n|switch|p1a: Gliscor|Gliscor, M|100\/100|[from] U-turn\n|move|p2a: Garganacl|Salt Cure|p1a: Gliscor\n|-damage|p1a: Gliscor|92\/100\n|-start|p1a: Gliscor|Salt Cure\n|\n|-heal|p2a: Garganacl|94\/100|[from] Grassy Terrain\n|-damage|p1a: Gliscor|79\/100|[from] Salt Cure\n|-status|p1a: Gliscor|tox|[from] item: Toxic Orb\n|upkeep\n|turn|9\n|\n|t:|1701041877\n|switch|p1a: Sneasler|Sneasler, M|100\/100\n|switch|p2a: Great Tusk|Great Tusk|97\/100\n|\n|-heal|p2a: Great Tusk|100\/100|[from] Grassy Terrain\n|upkeep\n|turn|10\n|\n|t:|1701041887\n|move|p1a: Sneasler|U-turn|p2a: Great Tusk\n|-resisted|p2a: Great Tusk\n|-damage|p2a: Great Tusk|91\/100\n|\n|t:|1701041895\n|switch|p1a: Gliscor|Gliscor, M|79\/100 tox|[from] U-turn\n|move|p2a: Great Tusk|Headlong Rush|p1a: Gliscor\n|-immune|p1a: Gliscor\n|\n|-heal|p2a: Great Tusk|97\/100|[from] Grassy Terrain\n|-heal|p1a: Gliscor|92\/100 tox|[from] ability: Poison Heal\n|-fieldend|move: Grassy Terrain\n|upkeep\n|turn|11\n|\n|t:|1701041905\n|move|p2a: Great Tusk|Ice Spinner|p1a: Gliscor\n|-supereffective|p1a: Gliscor\n|-damage|p1a: Gliscor|10\/100 tox\n|-damage|p2a: Great Tusk|87\/100|[from] item: Life Orb\n|move|p1a: Gliscor|Toxic|p2a: Great Tusk\n|-status|p2a: Great Tusk|tox\n|\n|-damage|p2a: Great Tusk|81\/100 tox|[from] psn\n|-heal|p1a: Gliscor|22\/100 tox|[from] ability: Poison Heal\n|upkeep\n|turn|12\n|\n|t:|1701041915\n|move|p1a: Gliscor|Protect|p1a: Gliscor\n|-singleturn|p1a: Gliscor|Protect\n|move|p2a: Great Tusk|Ice Spinner|p1a: Gliscor\n|-activate|p1a: Gliscor|move: Protect\n|\n|-damage|p2a: Great Tusk|69\/100 tox|[from] psn\n|-heal|p1a: Gliscor|34\/100 tox|[from] ability: Poison Heal\n|upkeep\n|turn|13\n|\n|t:|1701041941\n|switch|p1a: Sneasler|Sneasler, M|100\/100\n|move|p2a: Great Tusk|Ice Spinner|p1a: Sneasler\n|-damage|p1a: Sneasler|36\/100\n|-damage|p2a: Great Tusk|59\/100 tox|[from] item: Life Orb\n|\n|-heal|p1a: Sneasler|42\/100|[from] item: Leftovers\n|-damage|p2a: Great Tusk|40\/100 tox|[from] psn\n|upkeep\n|turn|14\n|l| NicksRokaya\n|\n|t:|1701041950\n|-end|p2a: Great Tusk|Protosynthesis|[silent]\n|switch|p2a: Rillaboom|Rillaboom, F|100\/100\n|-fieldstart|move: Grassy Terrain|[from] ability: Grassy Surge|[of] p2a: Rillaboom\n|move|p1a: Sneasler|Close Combat|p2a: Rillaboom\n|-damage|p2a: Rillaboom|44\/100\n|-unboost|p1a: Sneasler|def|1\n|-unboost|p1a: Sneasler|spd|1\n|\n|-heal|p1a: Sneasler|48\/100|[from] Grassy Terrain\n|-heal|p1a: Sneasler|54\/100|[from] item: Leftovers\n|-heal|p2a: Rillaboom|51\/100|[from] Grassy Terrain\n|upkeep\n|turn|15\n|\n|t:|1701041962\n|move|p1a: Sneasler|U-turn|p2a: Rillaboom\n|-supereffective|p2a: Rillaboom\n|-damage|p2a: Rillaboom|6\/100\n|-status|p2a: Rillaboom|psn|[from] ability: Poison Touch|[of] p1a: Sneasler\n|\n|t:|1701041970\n|switch|p1a: Volcarona|Volcarona, F|100\/100|[from] U-turn\n|move|p2a: Rillaboom|U-turn|p1a: Volcarona\n|-resisted|p1a: Volcarona\n|-damage|p1a: Volcarona|68\/100\n|\n|t:|1701041974\n|switch|p2a: Charizard|Charizard, M|100\/100|[from] U-turn\n|\n|-heal|p1a: Volcarona|74\/100|[from] Grassy Terrain\n|upkeep\n|turn|16\n|\n|t:|1701041981\n|switch|p1a: Blissey|Blissey, F|100\/100\n|detailschange|p2a: Charizard|Charizard-Mega-Y, M\n|-mega|p2a: Charizard|Charizard|Charizardite Y\n|-weather|SunnyDay|[from] ability: Drought|[of] p2a: Charizard\n|move|p2a: Charizard|Weather Ball|p1a: Blissey\n|-damage|p1a: Blissey|69\/100\n|\n|-weather|SunnyDay|[upkeep]\n|-heal|p1a: Blissey|75\/100|[from] Grassy Terrain\n|-heal|p1a: Blissey|81\/100|[from] item: Leftovers\n|upkeep\n|turn|17\n|\n|t:|1701041997\n|switch|p2a: Great Tusk|Great Tusk|40\/100 tox\n|-activate|p2a: Great Tusk|ability: Protosynthesis\n|-start|p2a: Great Tusk|protosynthesisatk\n|move|p1a: Blissey|Thunder Wave|p2a: Great Tusk\n|-immune|p2a: Great Tusk\n|\n|-weather|SunnyDay|[upkeep]\n|-heal|p2a: Great Tusk|46\/100 tox|[from] Grassy Terrain\n|-heal|p1a: Blissey|87\/100|[from] Grassy Terrain\n|-heal|p1a: Blissey|93\/100|[from] item: Leftovers\n|-damage|p2a: Great Tusk|40\/100 tox|[from] psn\n|upkeep\n|turn|18\n|\n|t:|1701042019\n|switch|p1a: Ogerpon|Ogerpon-Wellspring, F|100\/100\n|move|p2a: Great Tusk|Close Combat|p1a: Ogerpon\n|-damage|p1a: Ogerpon|0 fnt\n|-unboost|p2a: Great Tusk|def|1\n|-unboost|p2a: Great Tusk|spd|1\n|faint|p1a: Ogerpon\n|-damage|p2a: Great Tusk|30\/100 tox|[from] item: Life Orb\n|\n|-weather|SunnyDay|[upkeep]\n|-heal|p2a: Great Tusk|36\/100 tox|[from] Grassy Terrain\n|-damage|p2a: Great Tusk|24\/100 tox|[from] psn\n|-fieldend|move: Grassy Terrain\n|upkeep\n|inactive|CoreDrak has 120 seconds left.\n|\n|t:|1701042031\n|switch|p1a: Volcarona|Volcarona, F|74\/100\n|turn|19\n|\n|t:|1701042034\n|move|p1a: Volcarona|Fiery Dance|p2a: Great Tusk\n|-damage|p2a: Great Tusk|0 fnt\n|faint|p2a: Great Tusk\n|-end|p2a: Great Tusk|Protosynthesis|[silent]\n|\n|-weather|SunnyDay|[upkeep]\n|upkeep\n|\n|t:|1701042038\n|switch|p2a: Charizard|Charizard-Mega-Y, M|100\/100\n|turn|20\n|\n|t:|1701042043\n|switch|p1a: Blissey|Blissey, F|93\/100\n|switch|p2a: Rillaboom|Rillaboom, F|6\/100 psn\n|-fieldstart|move: Grassy Terrain|[from] ability: Grassy Surge|[of] p2a: Rillaboom\n|\n|-weather|none\n|-heal|p2a: Rillaboom|12\/100 psn|[from] Grassy Terrain\n|-heal|p1a: Blissey|99\/100|[from] Grassy Terrain\n|-heal|p1a: Blissey|100\/100|[from] item: Leftovers\n|-damage|p2a: Rillaboom|0 fnt|[from] psn\n|faint|p2a: Rillaboom\n|upkeep\n|\n|t:|1701042045\n|switch|p2a: Sneasler|Sneasler, F|100\/100\n|-enditem|p2a: Sneasler|Grassy Seed\n|-boost|p2a: Sneasler|def|1|[from] item: Grassy Seed\n|turn|21\n|j| NicksRokaya\n|\n|t:|1701042061\n|move|p2a: Sneasler|Swords Dance|p2a: Sneasler\n|-boost|p2a: Sneasler|atk|2\n|move|p1a: Blissey|Thunder Wave|p2a: Sneasler\n|-status|p2a: Sneasler|par\n|\n|upkeep\n|turn|22\n|\n|t:|1701042069\n|move|p2a: Sneasler|Dire Claw|p1a: Blissey\n|-damage|p1a: Blissey|17\/100\n|move|p1a: Blissey|Dazzling Gleam|p2a: Sneasler\n|-damage|p2a: Sneasler|82\/100 par\n|\n|-heal|p2a: Sneasler|88\/100 par|[from] Grassy Terrain\n|-heal|p1a: Blissey|23\/100|[from] Grassy Terrain\n|-heal|p1a: Blissey|29\/100|[from] item: Leftovers\n|upkeep\n|turn|23\n|\n|t:|1701042079\n|move|p2a: Sneasler|Acrobatics|p1a: Blissey\n|-damage|p1a: Blissey|0 fnt\n|faint|p1a: Blissey\n|\n|-heal|p2a: Sneasler|94\/100 par|[from] Grassy Terrain\n|upkeep\n|\n|t:|1701042095\n|switch|p1a: Gliscor|Gliscor, M|34\/100 tox\n|turn|24\n|\n|t:|1701042101\n|move|p1a: Gliscor|Protect|p1a: Gliscor\n|-singleturn|p1a: Gliscor|Protect\n|move|p2a: Sneasler|Acrobatics|p1a: Gliscor\n|-activate|p1a: Gliscor|move: Protect\n|\n|-heal|p2a: Sneasler|99\/100 par|[from] Grassy Terrain\n|-heal|p1a: Gliscor|47\/100 tox|[from] ability: Poison Heal\n|-fieldend|move: Grassy Terrain\n|upkeep\n|turn|25\n|\n|t:|1701042111\n|-terastallize|p2a: Sneasler|Flying\n|move|p2a: Sneasler|Acrobatics|p1a: Gliscor\n|-damage|p1a: Gliscor|0 fnt\n|faint|p1a: Gliscor\n|\n|upkeep\n|\n|t:|1701042117\n|switch|p1a: Sneasler|Sneasler, M|54\/100\n|turn|26\n|\n|t:|1701042122\n|move|p2a: Sneasler|Acrobatics|p1a: Sneasler\n|-supereffective|p1a: Sneasler\n|-damage|p1a: Sneasler|0 fnt\n|faint|p1a: Sneasler\n|\n|upkeep\n|\n|t:|1701042126\n|switch|p1a: Volcarona|Volcarona, F|74\/100\n|turn|27\n|\n|t:|1701042129\n|cant|p2a: Sneasler|par\n|move|p1a: Volcarona|Quiver Dance|p1a: Volcarona\n|-boost|p1a: Volcarona|spa|1\n|-boost|p1a: Volcarona|spd|1\n|-boost|p1a: Volcarona|spe|1\n|\n|upkeep\n|turn|28\n|\n|t:|1701042136\n|move|p1a: Volcarona|Fiery Dance|p2a: Sneasler\n|-damage|p2a: Sneasler|12\/100 par\n|-boost|p1a: Volcarona|spa|1\n|cant|p2a: Sneasler|par\n|\n|upkeep\n|turn|29\n|\n|t:|1701042142\n|move|p1a: Volcarona|Fiery Dance|p2a: Sneasler\n|-damage|p2a: Sneasler|0 fnt\n|faint|p2a: Sneasler\n|\n|upkeep\n|\n|t:|1701042145\n|switch|p2a: Charizard|Charizard-Mega-Y, M|100\/100\n|-weather|SunnyDay|[from] ability: Drought|[of] p2a: Charizard\n|turn|30\n|l| NicksRokaya\n|\n|t:|1701042150\n|move|p1a: Volcarona|Fiery Dance|p2a: Charizard\n|-resisted|p2a: Charizard\n|-damage|p2a: Charizard|35\/100\n|move|p2a: Charizard|Weather Ball|p1a: Volcarona\n|-damage|p1a: Volcarona|3\/100\n|\n|-weather|SunnyDay|[upkeep]\n|upkeep\n|turn|31\n|\n|t:|1701042157\n|move|p1a: Volcarona|Fiery Dance|p2a: Charizard\n|-resisted|p2a: Charizard\n|-crit|p2a: Charizard\n|-damage|p2a: Charizard|0 fnt\n|-boost|p1a: Volcarona|spa|1\n|faint|p2a: Charizard\n|\n|-weather|SunnyDay|[upkeep]\n|upkeep\n|\n|t:|1701042159\n|switch|p2a: Garganacl|Garganacl, M|94\/100\n|turn|32\n|\n|t:|1701042165\n|-terastallize|p1a: Volcarona|Grass\n|move|p2a: Garganacl|Protect|p2a: Garganacl\n|-singleturn|p2a: Garganacl|Protect\n|move|p1a: Volcarona|Giga Drain|p2a: Garganacl\n|-activate|p2a: Garganacl|move: Protect\n|\n|-weather|SunnyDay|[upkeep]\n|upkeep\n|turn|33\n|-message|afnkm forfeited.\n|\n|win|CoreDrak\n|raw|CoreDrak's rating: 1655 &rarr; <strong>1686<\/strong><br \/>(+31 for winning)\n|raw|afnkm's rating: 1873 &rarr; <strong>1842<\/strong><br \/>(-31 for losing)\n|l|\u203dafnkm\n","uploadtime":1701042177,"views":5,"p1id":"coredrak","p2id":"afnkm","formatid":"gen9nationaldex","rating":1686,"private":0,"password":""}