{"id":"gen9nationaldex-1989527543","p1":"bubulangte","p2":"fengfengzuikeai","format":"[Gen 9] National Dex","log":"|j|\u2606bubulangte\n|j|\u2606fengfengzuikeai\n|t:|1699866027\n|gametype|singles\n|player|p1|bubulangte|clair|1648\n|player|p2|fengfengzuikeai|101|1806\n|teamsize|p1|6\n|teamsize|p2|6\n|gen|9\n|tier|[Gen 9] National Dex\n|rated|\n|rule|HP Percentage Mod: HP is shown in percentages\n|rule|Endless Battle Clause: Forcing endless battles is banned\n|rule|OHKO Clause: OHKO moves are banned\n|rule|Evasion Clause: Evasion abilities, items, and moves are banned\n|rule|Evasion Abilities Clause: Evasion abilities are banned\n|rule|Evasion Items Clause: Evasion items are banned\n|rule|Evasion Moves Clause: Evasion moves are banned\n|rule|Species Clause: Limit one of each Pok\u00e9mon\n|rule|Sleep Clause Mod: Limit one foe put to sleep\n|clearpoke\n|poke|p1|Ogerpon-Wellspring, F|\n|poke|p1|Scizor, M|\n|poke|p1|Landorus-Therian, M|\n|poke|p1|Heatran, F|\n|poke|p1|Iron Valiant|\n|poke|p1|Tapu Koko|\n|poke|p2|Urshifu-*, M|\n|poke|p2|Garchomp, M|\n|poke|p2|Zapdos|\n|poke|p2|Blaziken, M|\n|poke|p2|Rillaboom, F|\n|poke|p2|Slowking, F|\n|teampreview\n|inactive|Battle timer is ON: inactive players will automatically lose when time's up. (requested by bubulangte)\n|inactive|bubulangte has 120 seconds left.\n|\n|t:|1699866076\n|start\n|switch|p1a: Landorus|Landorus-Therian, M|100\/100\n|switch|p2a: Garchomp|Garchomp, M|100\/100\n|-ability|p1a: Landorus|Intimidate|boost\n|-unboost|p2a: Garchomp|atk|1\n|turn|1\n|\n|t:|1699866087\n|detailschange|p2a: Garchomp|Garchomp-Mega, M\n|-mega|p2a: Garchomp|Garchomp|Garchompite\n|-zpower|p1a: Landorus\n|move|p1a: Landorus|Supersonic Skystrike|p2a: Garchomp|[zeffect]\n|-damage|p2a: Garchomp|48\/100\n|move|p2a: Garchomp|Stealth Rock|p1a: Landorus\n|-sidestart|p1: bubulangte|move: Stealth Rock\n|\n|upkeep\n|turn|2\n|\n|t:|1699866098\n|switch|p1a: Scizor|Scizor, M|100\/100\n|-damage|p1a: Scizor|88\/100|[from] Stealth Rock\n|move|p2a: Garchomp|Draco Meteor|p1a: Scizor\n|-resisted|p1a: Scizor\n|-damage|p1a: Scizor|51\/100\n|-unboost|p2a: Garchomp|spa|2\n|\n|upkeep\n|turn|3\n|\n|t:|1699866112\n|detailschange|p1a: Scizor|Scizor-Mega, M\n|-mega|p1a: Scizor|Scizor|Scizorite\n|move|p2a: Garchomp|Fire Blast|p1a: Scizor\n|-supereffective|p1a: Scizor\n|-crit|p1a: Scizor\n|-damage|p1a: Scizor|0 fnt\n|faint|p1a: Scizor\n|\n|upkeep\n|\n|t:|1699866125\n|switch|p1a: Tapu Koko|Tapu Koko|100\/100\n|-damage|p1a: Tapu Koko|88\/100|[from] Stealth Rock\n|-fieldstart|move: Electric Terrain|[from] ability: Electric Surge|[of] p1a: Tapu Koko\n|turn|4\n|\n|t:|1699866128\n|switch|p2a: Slowking|Slowking, F|100\/100\n|move|p1a: Tapu Koko|Dazzling Gleam|p2a: Slowking\n|-damage|p2a: Slowking|73\/100\n|\n|upkeep\n|turn|5\n|\n|t:|1699866136\n|switch|p1a: Landorus|Landorus-Therian, M|100\/100\n|-damage|p1a: Landorus|88\/100|[from] Stealth Rock\n|-ability|p1a: Landorus|Intimidate|boost\n|-unboost|p2a: Slowking|atk|1\n|move|p2a: Slowking|Chilly Reception|p2a: Slowking\n|-weather|Snow\n|\n|t:|1699866149\n|switch|p2a: Garchomp|Garchomp-Mega, M|48\/100|[from] Chilly Reception\n|\n|-weather|Snow|[upkeep]\n|upkeep\n|turn|6\n|\n|t:|1699866159\n|switch|p1a: Iron Valiant|Iron Valiant|100\/100\n|-damage|p1a: Iron Valiant|94\/100|[from] Stealth Rock\n|-activate|p1a: Iron Valiant|ability: Quark Drive\n|-start|p1a: Iron Valiant|quarkdrivespe\n|move|p2a: Garchomp|Draco Meteor|p1a: Iron Valiant\n|-immune|p1a: Iron Valiant\n|\n|-weather|Snow|[upkeep]\n|upkeep\n|turn|7\n|\n|t:|1699866166\n|switch|p2a: Rillaboom|Rillaboom, F|100\/100\n|-fieldstart|move: Grassy Terrain|[from] ability: Grassy Surge|[of] p2a: Rillaboom\n|-end|p1a: Iron Valiant|Quark Drive\n|-enditem|p1a: Iron Valiant|Booster Energy\n|-activate|p1a: Iron Valiant|ability: Quark Drive|[fromitem]\n|-start|p1a: Iron Valiant|quarkdrivespe\n|move|p1a: Iron Valiant|Moonblast|p2a: Rillaboom\n|-damage|p2a: Rillaboom|51\/100\n|\n|-weather|Snow|[upkeep]\n|-heal|p1a: Iron Valiant|100\/100|[from] Grassy Terrain\n|-heal|p2a: Rillaboom|57\/100|[from] Grassy Terrain\n|-heal|p2a: Rillaboom|63\/100|[from] item: Leftovers\n|upkeep\n|turn|8\n|\n|t:|1699866176\n|-end|p1a: Iron Valiant|Quark Drive|[silent]\n|switch|p1a: Heatran|Heatran, F|100\/100\n|-damage|p1a: Heatran|88\/100|[from] Stealth Rock\n|move|p2a: Rillaboom|U-turn|p1a: Heatran\n|-resisted|p1a: Heatran\n|-damage|p1a: Heatran|83\/100\n|\n|t:|1699866185\n|switch|p2a: Blaziken|Blaziken, M|100\/100|[from] U-turn\n|\n|-weather|Snow|[upkeep]\n|-heal|p1a: Heatran|89\/100|[from] Grassy Terrain\n|-heal|p1a: Heatran|95\/100|[from] item: Leftovers\n|upkeep\n|turn|9\n|\n|t:|1699866195\n|-terastallize|p1a: Heatran|Bug\n|move|p2a: Blaziken|Swords Dance|p2a: Blaziken\n|-boost|p2a: Blaziken|atk|2\n|move|p1a: Heatran|Earth Power|p2a: Blaziken\n|-supereffective|p2a: Blaziken\n|-damage|p2a: Blaziken|20\/100\n|-unboost|p2a: Blaziken|spd|1\n|\n|-weather|none\n|-heal|p2a: Blaziken|26\/100|[from] Grassy Terrain\n|-heal|p1a: Heatran|100\/100|[from] Grassy Terrain\n|-ability|p2a: Blaziken|Speed Boost|boost\n|-boost|p2a: Blaziken|spe|1\n|upkeep\n|turn|10\n|\n|t:|1699866201\n|move|p2a: Blaziken|Protect|p2a: Blaziken\n|-singleturn|p2a: Blaziken|Protect\n|move|p1a: Heatran|Earth Power|p2a: Blaziken\n|-activate|p2a: Blaziken|move: Protect\n|\n|-heal|p2a: Blaziken|32\/100|[from] Grassy Terrain\n|-ability|p2a: Blaziken|Speed Boost|boost\n|-boost|p2a: Blaziken|spe|1\n|upkeep\n|turn|11\n|\n|t:|1699866205\n|switch|p2a: Slowking|Slowking, F|100\/100\n|move|p1a: Heatran|Earth Power|p2a: Slowking\n|-damage|p2a: Slowking|86\/100\n|\n|-heal|p2a: Slowking|92\/100|[from] Grassy Terrain\n|-fieldend|move: Grassy Terrain\n|upkeep\n|turn|12\n|\n|t:|1699866208\n|move|p1a: Heatran|Taunt|p2a: Slowking\n|-start|p2a: Slowking|move: Taunt\n|cant|p2a: Slowking|move: Taunt|Toxic\n|\n|upkeep\n|turn|13\n|\n|t:|1699866216\n|switch|p2a: Urshifu|Urshifu-Rapid-Strike, M|100\/100\n|move|p1a: Heatran|Magma Storm|p2a: Urshifu\n|-resisted|p2a: Urshifu\n|-damage|p2a: Urshifu|69\/100\n|-activate|p2a: Urshifu|move: Magma Storm|[of] p1a: Heatran\n|\n|-damage|p2a: Urshifu|57\/100|[from] move: Magma Storm|[partiallytrapped]\n|upkeep\n|turn|14\n|\n|t:|1699866221\n|move|p2a: Urshifu|U-turn|p1a: Heatran\n|-damage|p1a: Heatran|80\/100\n|\n|t:|1699866226\n|switch|p2a: Garchomp|Garchomp-Mega, M|48\/100|[from] U-turn\n|move|p1a: Heatran|Stealth Rock|p2a: Garchomp\n|-sidestart|p2: fengfengzuikeai|move: Stealth Rock\n|\n|-heal|p1a: Heatran|86\/100|[from] item: Leftovers\n|upkeep\n|turn|15\n|\n|t:|1699866234\n|move|p2a: Garchomp|Earth Power|p1a: Heatran\n|-resisted|p1a: Heatran\n|-damage|p1a: Heatran|74\/100\n|move|p1a: Heatran|Magma Storm|p2a: Garchomp|[miss]\n|-miss|p1a: Heatran|p2a: Garchomp\n|\n|-heal|p1a: Heatran|80\/100|[from] item: Leftovers\n|upkeep\n|turn|16\n|\n|t:|1699866241\n|move|p2a: Garchomp|Draco Meteor|p1a: Heatran\n|-damage|p1a: Heatran|46\/100\n|-unboost|p2a: Garchomp|spa|2\n|move|p1a: Heatran|Magma Storm|p2a: Garchomp\n|-resisted|p2a: Garchomp\n|-damage|p2a: Garchomp|27\/100\n|-activate|p2a: Garchomp|move: Magma Storm|[of] p1a: Heatran\n|\n|-heal|p1a: Heatran|52\/100|[from] item: Leftovers\n|-damage|p2a: Garchomp|15\/100|[from] move: Magma Storm|[partiallytrapped]\n|upkeep\n|turn|17\n|\n|t:|1699866252\n|move|p2a: Garchomp|Draco Meteor|p1a: Heatran\n|-damage|p1a: Heatran|34\/100\n|-unboost|p2a: Garchomp|spa|2\n|move|p1a: Heatran|Earth Power|p2a: Garchomp\n|-damage|p2a: Garchomp|0 fnt\n|faint|p2a: Garchomp\n|\n|-heal|p1a: Heatran|41\/100|[from] item: Leftovers\n|upkeep\n|\n|t:|1699866262\n|switch|p2a: Zapdos|Zapdos|100\/100\n|turn|18\n|\n|t:|1699866288\n|switch|p1a: Iron Valiant|Iron Valiant|100\/100\n|-damage|p1a: Iron Valiant|94\/100|[from] Stealth Rock\n|move|p2a: Zapdos|Toxic|p1a: Iron Valiant\n|-status|p1a: Iron Valiant|tox\n|\n|-damage|p1a: Iron Valiant|88\/100 tox|[from] psn\n|upkeep\n|turn|19\n|\n|t:|1699866299\n|-end|p1a: Iron Valiant|Quark Drive|[silent]\n|switch|p1a: Landorus|Landorus-Therian, M|88\/100\n|-damage|p1a: Landorus|75\/100|[from] Stealth Rock\n|-ability|p1a: Landorus|Intimidate|boost\n|-unboost|p2a: Zapdos|atk|1\n|move|p2a: Zapdos|Volt Switch|p1a: Landorus\n|-immune|p1a: Landorus\n|\n|upkeep\n|turn|20\n|\n|t:|1699866309\n|move|p1a: Landorus|Swords Dance|p1a: Landorus\n|-boost|p1a: Landorus|atk|2\n|move|p2a: Zapdos|Toxic|p1a: Landorus\n|-status|p1a: Landorus|tox\n|\n|-damage|p1a: Landorus|69\/100 tox|[from] psn\n|upkeep\n|turn|21\n|\n|t:|1699866327\n|switch|p2a: Blaziken|Blaziken, M|32\/100\n|-damage|p2a: Blaziken|19\/100|[from] Stealth Rock\n|move|p1a: Landorus|Crunch|p2a: Blaziken\n|-resisted|p2a: Blaziken\n|-damage|p2a: Blaziken|0 fnt\n|faint|p2a: Blaziken\n|\n|-damage|p1a: Landorus|57\/100 tox|[from] psn\n|upkeep\n|\n|t:|1699866331\n|switch|p2a: Rillaboom|Rillaboom, F|63\/100\n|-damage|p2a: Rillaboom|51\/100|[from] Stealth Rock\n|-fieldstart|move: Grassy Terrain|[from] ability: Grassy Surge|[of] p2a: Rillaboom\n|turn|22\n|\n|t:|1699866352\n|switch|p1a: Heatran|Heatran, F, tera:Bug|41\/100\n|-damage|p1a: Heatran|16\/100|[from] Stealth Rock\n|-terastallize|p2a: Rillaboom|Grass\n|move|p2a: Rillaboom|Grassy Glide|p1a: Heatran\n|-resisted|p1a: Heatran\n|-damage|p1a: Heatran|0 fnt\n|faint|p1a: Heatran\n|\n|-heal|p2a: Rillaboom|57\/100|[from] Grassy Terrain\n|-heal|p2a: Rillaboom|63\/100|[from] item: Leftovers\n|upkeep\n|\n|t:|1699866356\n|switch|p1a: Tapu Koko|Tapu Koko|88\/100\n|-damage|p1a: Tapu Koko|76\/100|[from] Stealth Rock\n|-fieldstart|move: Electric Terrain|[from] ability: Electric Surge|[of] p1a: Tapu Koko\n|turn|23\n|\n|t:|1699866377\n|move|p1a: Tapu Koko|Dazzling Gleam|p2a: Rillaboom\n|-damage|p2a: Rillaboom|11\/100\n|move|p2a: Rillaboom|Grassy Glide|p1a: Tapu Koko\n|-damage|p1a: Tapu Koko|10\/100\n|\n|-heal|p2a: Rillaboom|17\/100|[from] item: Leftovers\n|upkeep\n|turn|24\n|\n|t:|1699866382\n|switch|p2a: Slowking|Slowking, F|100\/100\n|move|p1a: Tapu Koko|Dazzling Gleam|p2a: Slowking\n|-damage|p2a: Slowking|69\/100\n|\n|upkeep\n|turn|25\n|\n|t:|1699866399\n|move|p1a: Tapu Koko|Dazzling Gleam|p2a: Slowking\n|-damage|p2a: Slowking|39\/100\n|move|p2a: Slowking|Scald|p1a: Tapu Koko\n|-damage|p1a: Tapu Koko|0 fnt\n|faint|p1a: Tapu Koko\n|\n|upkeep\n|inactive|bubulangte has 120 seconds left.\n|\n|t:|1699866431\n|switch|p1a: Ogerpon|Ogerpon-Wellspring, F|100\/100\n|-damage|p1a: Ogerpon|88\/100|[from] Stealth Rock\n|turn|26\n|\n|t:|1699866436\n|move|p1a: Ogerpon|Taunt|p2a: Slowking\n|-start|p2a: Slowking|move: Taunt\n|cant|p2a: Slowking|move: Taunt|Toxic\n|\n|upkeep\n|turn|27\n|\n|t:|1699866440\n|move|p1a: Ogerpon|Swords Dance|p1a: Ogerpon\n|-boost|p1a: Ogerpon|atk|2\n|move|p2a: Slowking|Future Sight|p1a: Ogerpon\n|-start|p2a: Slowking|move: Future Sight\n|\n|-fieldend|move: Electric Terrain\n|upkeep\n|turn|28\n|\n|t:|1699866443\n|move|p1a: Ogerpon|Horn Leech|p2a: Slowking\n|-supereffective|p2a: Slowking\n|-damage|p2a: Slowking|0 fnt\n|-heal|p1a: Ogerpon|100\/100|[from] drain|[of] p2a: Slowking\n|faint|p2a: Slowking\n|\n|upkeep\n|l|\u2606bubulangte\n|inactive|bubulangte disconnected and has a minute to reconnect!\n|player|p1|\n|\n|t:|1699866457\n|switch|p2a: Rillaboom|Rillaboom, F, tera:Grass|17\/100\n|-damage|p2a: Rillaboom|5\/100|[from] Stealth Rock\n|-fieldstart|move: Grassy Terrain|[from] ability: Grassy Surge|[of] p2a: Rillaboom\n|turn|29\n|j|\u2606bubulangte\n|inactive|bubulangte reconnected and has 130 seconds left.\n|player|p1|bubulangte|clair\n|inactive|bubulangte has 120 seconds left.\n|n|\u2606bubulangte|bubulangte\n|\n|t:|1699866492\n|move|p2a: Rillaboom|Grassy Glide|p1a: Ogerpon\n|-damage|p1a: Ogerpon|36\/100\n|move|p1a: Ogerpon|Ivy Cudgel|p2a: Rillaboom\n|-resisted|p2a: Rillaboom\n|-damage|p2a: Rillaboom|0 fnt\n|faint|p2a: Rillaboom\n|\n|-end|p1a: Ogerpon|move: Future Sight\n|-damage|p1a: Ogerpon|0 fnt\n|faint|p1a: Ogerpon\n|upkeep\n|inactive|bubulangte has 120 seconds left.\n|\n|t:|1699866510\n|switch|p1a: Landorus|Landorus-Therian, M|57\/100 tox\n|switch|p2a: Urshifu|Urshifu-Rapid-Strike, M|57\/100\n|-damage|p2a: Urshifu|50\/100|[from] Stealth Rock\n|-damage|p1a: Landorus|44\/100 tox|[from] Stealth Rock\n|-ability|p1a: Landorus|Intimidate|boost\n|-unboost|p2a: Urshifu|atk|1\n|turn|30\n|\n|t:|1699866514\n|move|p2a: Urshifu|Surging Strikes|p1a: Landorus\n|-supereffective|p1a: Landorus\n|-crit|p1a: Landorus\n|-damage|p1a: Landorus|1\/100 tox\n|-supereffective|p1a: Landorus\n|-crit|p1a: Landorus\n|-damage|p1a: Landorus|0 fnt\n|faint|p1a: Landorus\n|-hitcount|p1: Landorus|2\n|\n|-heal|p2a: Urshifu|57\/100|[from] Grassy Terrain\n|upkeep\n|\n|t:|1699866516\n|switch|p1a: Iron Valiant|Iron Valiant|88\/100 tox\n|-damage|p1a: Iron Valiant|82\/100 tox|[from] Stealth Rock\n|turn|31\n|\n|t:|1699866519\n|move|p2a: Urshifu|Surging Strikes|p1a: Iron Valiant\n|-crit|p1a: Iron Valiant\n|-damage|p1a: Iron Valiant|57\/100 tox\n|-crit|p1a: Iron Valiant\n|-damage|p1a: Iron Valiant|29\/100 tox\n|-crit|p1a: Iron Valiant\n|-damage|p1a: Iron Valiant|5\/100 tox\n|-hitcount|p1a: Iron Valiant|3\n|move|p1a: Iron Valiant|Thunderbolt|p2a: Urshifu\n|-supereffective|p2a: Urshifu\n|-damage|p2a: Urshifu|0 fnt\n|faint|p2a: Urshifu\n|\n|-heal|p1a: Iron Valiant|12\/100 tox|[from] Grassy Terrain\n|-damage|p1a: Iron Valiant|5\/100 tox|[from] psn\n|upkeep\n|\n|t:|1699866521\n|switch|p2a: Zapdos|Zapdos|100\/100\n|turn|32\n|\n|t:|1699866524\n|move|p1a: Iron Valiant|Moonblast|p2a: Zapdos\n|-damage|p2a: Zapdos|58\/100\n|move|p2a: Zapdos|Volt Switch|p1a: Iron Valiant\n|-damage|p1a: Iron Valiant|0 fnt\n|faint|p1a: Iron Valiant\n|-end|p1a: Iron Valiant|Quark Drive|[silent]\n|\n|win|fengfengzuikeai\n|raw|bubulangte's rating: 1648 &rarr; <strong>1637<\/strong><br \/>(-11 for losing)\n|raw|fengfengzuikeai's rating: 1806 &rarr; <strong>1817<\/strong><br \/>(+11 for winning)\n|l|\u2606bubulangte\n","uploadtime":1699866529,"views":5,"p1id":"bubulangte","p2id":"fengfengzuikeai","formatid":"gen9nationaldex","rating":1637,"private":0,"password":""}