{"id":"gen9nationaldex-1995726691","p1":"wolfizin","p2":"isaacC306","format":"[Gen 9] National Dex","log":"|html|<div class=\"broadcast-blue\"><strong>[Gen 9] National Dex is currently suspecting Sneasler! For information on how to participate check out the <a href=\"https:\/\/www.smogon.com\/forums\/threads\/sv-national-dex-suspect-8-just-dance.3731534\/\">suspect thread<\/a>.<\/strong><\/div>\n|j|\u2606wolfizin\n|j|\u2606isaacC306\n|t:|1700597485\n|gametype|singles\n|player|p1|wolfizin|n|1216\n|player|p2|isaacC306|cyclist-gen4|1130\n|teamsize|p1|6\n|teamsize|p2|6\n|gen|9\n|tier|[Gen 9] National Dex\n|rated|\n|rule|HP Percentage Mod: HP is shown in percentages\n|rule|Endless Battle Clause: Forcing endless battles is banned\n|rule|OHKO Clause: OHKO moves are banned\n|rule|Evasion Clause: Evasion abilities, items, and moves are banned\n|rule|Evasion Abilities Clause: Evasion abilities are banned\n|rule|Evasion Items Clause: Evasion items are banned\n|rule|Evasion Moves Clause: Evasion moves are banned\n|rule|Species Clause: Limit one of each Pok\u00e9mon\n|rule|Sleep Clause Mod: Limit one foe put to sleep\n|clearpoke\n|poke|p1|Grimmsnarl, M|\n|poke|p1|Hatterene, F|\n|poke|p1|Ferrothorn, M|\n|poke|p1|Lopunny, M|\n|poke|p1|Ambipom, F|\n|poke|p1|Garchomp, M|\n|poke|p2|Umbreon, F|\n|poke|p2|Porygon-Z|\n|poke|p2|Aegislash, F|\n|poke|p2|Aggron, F|\n|poke|p2|Gallade, M|\n|poke|p2|Talonflame, M|\n|teampreview\n|inactive|Battle timer is ON: inactive players will automatically lose when time's up. (requested by isaacC306)\n|\n|t:|1700597488\n|start\n|switch|p1a: Grimmsnarl|Grimmsnarl, M, shiny|100\/100\n|switch|p2a: Aggron|Aggron, F|100\/100\n|turn|1\n|\n|t:|1700597497\n|move|p1a: Grimmsnarl|Reflect|p1a: Grimmsnarl\n|-sidestart|p1: wolfizin|Reflect\n|move|p2a: Aggron|Stealth Rock|p1a: Grimmsnarl\n|-sidestart|p1: wolfizin|move: Stealth Rock\n|\n|upkeep\n|turn|2\n|\n|t:|1700597500\n|move|p1a: Grimmsnarl|Light Screen|p1a: Grimmsnarl\n|-sidestart|p1: wolfizin|move: Light Screen\n|move|p2a: Aggron|Head Smash|p1a: Grimmsnarl\n|-damage|p1a: Grimmsnarl|42\/100\n|\n|upkeep\n|turn|3\n|\n|t:|1700597505\n|move|p1a: Grimmsnarl|Taunt|p2a: Aggron\n|-start|p2a: Aggron|move: Taunt\n|move|p2a: Aggron|Head Smash|p1a: Grimmsnarl|[miss]\n|-miss|p2a: Aggron|p1a: Grimmsnarl\n|\n|upkeep\n|turn|4\n|\n|t:|1700597510\n|move|p1a: Grimmsnarl|Parting Shot|p2a: Aggron\n|-unboost|p2a: Aggron|atk|1\n|-unboost|p2a: Aggron|spa|1\n|\n|t:|1700597513\n|switch|p1a: Ferrothorn|Ferrothorn, M, shiny|100\/100|[from] Parting Shot\n|-damage|p1a: Ferrothorn|95\/100|[from] Stealth Rock\n|move|p2a: Aggron|Head Smash|p1a: Ferrothorn\n|-resisted|p1a: Ferrothorn\n|-damage|p1a: Ferrothorn|85\/100\n|-damage|p2a: Aggron|88\/100|[from] ability: Iron Barbs|[of] p1a: Ferrothorn\n|-damage|p2a: Aggron|71\/100|[from] item: Rocky Helmet|[of] p1a: Ferrothorn\n|\n|upkeep\n|turn|5\n|\n|t:|1700597522\n|move|p2a: Aggron|Earthquake|p1a: Ferrothorn\n|-damage|p1a: Ferrothorn|78\/100\n|move|p1a: Ferrothorn|Leech Seed|p2a: Aggron\n|-start|p2a: Aggron|move: Leech Seed\n|\n|-damage|p2a: Aggron|59\/100|[from] Leech Seed|[of] p1a: Ferrothorn\n|-heal|p1a: Ferrothorn|91\/100|[silent]\n|-end|p2a: Aggron|move: Taunt\n|upkeep\n|turn|6\n|\n|t:|1700597537\n|move|p1a: Ferrothorn|Protect|p1a: Ferrothorn\n|-singleturn|p1a: Ferrothorn|Protect\n|move|p2a: Aggron|Earthquake|p1a: Ferrothorn\n|-activate|p1a: Ferrothorn|move: Protect\n|\n|-damage|p2a: Aggron|46\/100|[from] Leech Seed|[of] p1a: Ferrothorn\n|-heal|p1a: Ferrothorn|100\/100|[silent]\n|upkeep\n|turn|7\n|\n|t:|1700597545\n|switch|p2a: Talonflame|Talonflame, M|100\/100\n|move|p1a: Ferrothorn|Iron Head|p2a: Talonflame\n|-resisted|p2a: Talonflame\n|-damage|p2a: Talonflame|82\/100\n|\n|upkeep\n|turn|8\n|\n|t:|1700597553\n|switch|p1a: Garchomp|Garchomp, M|100\/100\n|-damage|p1a: Garchomp|94\/100|[from] Stealth Rock\n|move|p2a: Talonflame|Will-O-Wisp|p1a: Garchomp\n|-status|p1a: Garchomp|brn\n|\n|-damage|p1a: Garchomp|88\/100 brn|[from] brn\n|-sideend|p1: wolfizin|Reflect\n|upkeep\n|turn|9\n|\n|t:|1700597562\n|move|p2a: Talonflame|Brave Bird|p1a: Garchomp\n|-damage|p1a: Garchomp|34\/100 brn\n|-damage|p2a: Talonflame|69\/100|[from] ability: Rough Skin|[of] p1a: Garchomp\n|-damage|p2a: Talonflame|48\/100|[from] Recoil\n|move|p1a: Garchomp|Swords Dance|p1a: Garchomp\n|-boost|p1a: Garchomp|atk|2\n|\n|-damage|p1a: Garchomp|28\/100 brn|[from] brn\n|-sideend|p1: wolfizin|move: Light Screen\n|upkeep\n|turn|10\n|\n|t:|1700597571\n|move|p2a: Talonflame|Brave Bird|p1a: Garchomp\n|-damage|p1a: Garchomp|0 fnt\n|-damage|p2a: Talonflame|36\/100|[from] ability: Rough Skin|[of] p1a: Garchomp\n|faint|p1a: Garchomp\n|-damage|p2a: Talonflame|24\/100|[from] Recoil\n|\n|upkeep\n|\n|t:|1700597574\n|switch|p1a: Ambipom|Ambipom, F|100\/100\n|-damage|p1a: Ambipom|88\/100|[from] Stealth Rock\n|turn|11\n|\n|t:|1700597581\n|move|p1a: Ambipom|Fake Out|p2a: Talonflame\n|-damage|p2a: Talonflame|0 fnt\n|faint|p2a: Talonflame\n|\n|upkeep\n|\n|t:|1700597585\n|switch|p2a: Porygon-Z|Porygon-Z, shiny|100\/100\n|turn|12\n|\n|t:|1700597601\n|move|p2a: Porygon-Z|Tri Attack|p1a: Ambipom\n|-damage|p1a: Ambipom|0 fnt\n|faint|p1a: Ambipom\n|\n|upkeep\n|\n|t:|1700597607\n|switch|p1a: Lopunny|Lopunny, M, shiny|100\/100\n|-damage|p1a: Lopunny|88\/100|[from] Stealth Rock\n|turn|13\n|\n|t:|1700597610\n|detailschange|p1a: Lopunny|Lopunny-Mega, M, shiny\n|-mega|p1a: Lopunny|Lopunny|Lopunnite\n|move|p1a: Lopunny|Fake Out|p2a: Porygon-Z\n|-damage|p2a: Porygon-Z|67\/100\n|cant|p2a: Porygon-Z|flinch\n|\n|upkeep\n|turn|14\n|\n|t:|1700597623\n|move|p2a: Porygon-Z|Tri Attack|p1a: Lopunny\n|-damage|p1a: Lopunny|2\/100\n|move|p1a: Lopunny|Close Combat|p2a: Porygon-Z\n|-supereffective|p2a: Porygon-Z\n|-damage|p2a: Porygon-Z|0 fnt\n|-unboost|p1a: Lopunny|def|1\n|-unboost|p1a: Lopunny|spd|1\n|faint|p2a: Porygon-Z\n|\n|upkeep\n|\n|t:|1700597632\n|switch|p2a: Aegislash|Aegislash, F|100\/100\n|turn|15\n|\n|t:|1700597642\n|move|p1a: Lopunny|Close Combat|p2a: Aegislash\n|-supereffective|p2a: Aegislash\n|-damage|p2a: Aegislash|0 fnt\n|-unboost|p1a: Lopunny|def|1\n|-unboost|p1a: Lopunny|spd|1\n|-damage|p1a: Lopunny|0 fnt|[from] item: Rocky Helmet|[of] p2a: Aegislash\n|faint|p2a: Aegislash\n|faint|p1a: Lopunny\n|\n|upkeep\n|\n|t:|1700597650\n|switch|p1a: Ferrothorn|Ferrothorn, M, shiny|100\/100\n|switch|p2a: Aggron|Aggron, F|46\/100\n|-damage|p1a: Ferrothorn|95\/100|[from] Stealth Rock\n|turn|16\n|\n|t:|1700597662\n|move|p2a: Aggron|Head Smash|p1a: Ferrothorn\n|-resisted|p1a: Ferrothorn\n|-damage|p1a: Ferrothorn|70\/100\n|-damage|p2a: Aggron|34\/100|[from] ability: Iron Barbs|[of] p1a: Ferrothorn\n|-damage|p2a: Aggron|17\/100|[from] item: Rocky Helmet|[of] p1a: Ferrothorn\n|move|p1a: Ferrothorn|Leech Seed|p2a: Aggron\n|-start|p2a: Aggron|move: Leech Seed\n|\n|-damage|p2a: Aggron|5\/100|[from] Leech Seed|[of] p1a: Ferrothorn\n|-heal|p1a: Ferrothorn|82\/100|[silent]\n|upkeep\n|turn|17\n|\n|t:|1700597671\n|move|p2a: Aggron|Head Smash|p1a: Ferrothorn\n|-resisted|p1a: Ferrothorn\n|-damage|p1a: Ferrothorn|55\/100\n|-damage|p2a: Aggron|0 fnt|[from] ability: Iron Barbs|[of] p1a: Ferrothorn\n|faint|p2a: Aggron\n|move|p1a: Ferrothorn|Ingrain|p1a: Ferrothorn\n|-start|p1a: Ferrothorn|move: Ingrain\n|\n|-heal|p1a: Ferrothorn|61\/100|[from] Ingrain\n|upkeep\n|\n|t:|1700597684\n|switch|p2a: Umbreon|Umbreon, F|100\/100\n|turn|18\n|\n|t:|1700597687\n|move|p2a: Umbreon|Skill Swap|p1a: Ferrothorn\n|-activate|p2a: Umbreon|move: Skill Swap|Iron Barbs|Inner Focus|[of] p1a: Ferrothorn\n|move|p1a: Ferrothorn|Leech Seed|p2a: Umbreon\n|-start|p2a: Umbreon|move: Leech Seed\n|\n|-heal|p1a: Ferrothorn|67\/100|[from] Ingrain\n|-damage|p2a: Umbreon|88\/100|[from] Leech Seed|[of] p1a: Ferrothorn\n|-heal|p1a: Ferrothorn|81\/100|[silent]\n|upkeep\n|turn|19\n|\n|t:|1700597698\n|switch|p2a: Gallade|Gallade, M|100\/100\n|move|p1a: Ferrothorn|Iron Head|p2a: Gallade\n|-damage|p2a: Gallade|58\/100\n|\n|-heal|p1a: Ferrothorn|87\/100|[from] Ingrain\n|upkeep\n|turn|20\n|\n|t:|1700597705\n|move|p2a: Gallade|Sacred Sword|p1a: Ferrothorn\n|-supereffective|p1a: Ferrothorn\n|-damage|p1a: Ferrothorn|5\/100\n|-damage|p2a: Gallade|41\/100|[from] item: Rocky Helmet|[of] p1a: Ferrothorn\n|move|p1a: Ferrothorn|Leech Seed|p2a: Gallade\n|-start|p2a: Gallade|move: Leech Seed\n|\n|-heal|p1a: Ferrothorn|11\/100|[from] Ingrain\n|-damage|p2a: Gallade|29\/100|[from] Leech Seed|[of] p1a: Ferrothorn\n|-heal|p1a: Ferrothorn|21\/100|[silent]\n|upkeep\n|turn|21\n|\n|t:|1700597725\n|move|p1a: Ferrothorn|Protect|p1a: Ferrothorn\n|-singleturn|p1a: Ferrothorn|Protect\n|move|p2a: Gallade|Sacred Sword|p1a: Ferrothorn\n|-activate|p1a: Ferrothorn|move: Protect\n|\n|-heal|p1a: Ferrothorn|27\/100|[from] Ingrain\n|-damage|p2a: Gallade|17\/100|[from] Leech Seed|[of] p1a: Ferrothorn\n|-heal|p1a: Ferrothorn|36\/100|[silent]\n|upkeep\n|turn|22\n|\n|t:|1700597733\n|move|p2a: Gallade|Sacred Sword|p1a: Ferrothorn\n|-supereffective|p1a: Ferrothorn\n|-damage|p1a: Ferrothorn|0 fnt\n|-damage|p2a: Gallade|0 fnt|[from] item: Rocky Helmet|[of] p1a: Ferrothorn\n|faint|p1a: Ferrothorn\n|faint|p2a: Gallade\n|\n|upkeep\n|inactive|wolfizin has 120 seconds left.\n|\n|t:|1700597789\n|switch|p2a: Umbreon|Umbreon, F|88\/100\n|switch|p1a: Grimmsnarl|Grimmsnarl, M, shiny|42\/100\n|-damage|p1a: Grimmsnarl|30\/100|[from] Stealth Rock\n|turn|23\n|\n|t:|1700597795\n|move|p2a: Umbreon|Sucker Punch||[still]\n|-fail|p2a: Umbreon\n|move|p1a: Grimmsnarl|Reflect|p1a: Grimmsnarl\n|-sidestart|p1: wolfizin|Reflect\n|\n|upkeep\n|turn|24\n|\n|t:|1700597804\n|move|p1a: Grimmsnarl|Reflect||[still]\n|-fail|p1a: Grimmsnarl\n|move|p2a: Umbreon|Toxic|p1a: Grimmsnarl|[miss]\n|-miss|p2a: Umbreon|p1a: Grimmsnarl\n|\n|upkeep\n|turn|25\n|\n|t:|1700597809\n|switch|p1a: Hatterene|Hatterene, F, shiny|100\/100\n|-damage|p1a: Hatterene|88\/100|[from] Stealth Rock\n|move|p2a: Umbreon|Toxic|p1a: Hatterene\n|move|p1a: Hatterene|Toxic|p2a: Umbreon|[from]ability: Magic Bounce\n|-status|p2a: Umbreon|tox\n|\n|-heal|p1a: Hatterene|94\/100|[from] item: Leftovers\n|-damage|p2a: Umbreon|82\/100 tox|[from] psn\n|upkeep\n|turn|26\n|inactive|wolfizin has 120 seconds left.\n|\n|t:|1700597819\n|move|p2a: Umbreon|Sucker Punch|p1a: Hatterene\n|-damage|p1a: Hatterene|87\/100\n|move|p1a: Hatterene|Draining Kiss|p2a: Umbreon\n|-supereffective|p2a: Umbreon\n|-damage|p2a: Umbreon|59\/100 tox\n|-heal|p1a: Hatterene|100\/100|[from] drain|[of] p2a: Umbreon\n|-damage|p1a: Hatterene|84\/100|[from] item: Rocky Helmet|[of] p2a: Umbreon\n|\n|-heal|p1a: Hatterene|90\/100|[from] item: Leftovers\n|-damage|p2a: Umbreon|47\/100 tox|[from] psn\n|upkeep\n|turn|27\n|\n|t:|1700597829\n|move|p2a: Umbreon|Sucker Punch||[still]\n|-fail|p2a: Umbreon\n|move|p1a: Hatterene|Calm Mind|p1a: Hatterene\n|-boost|p1a: Hatterene|spa|1\n|-boost|p1a: Hatterene|spd|1\n|\n|-heal|p1a: Hatterene|96\/100|[from] item: Leftovers\n|-damage|p2a: Umbreon|29\/100 tox|[from] psn\n|upkeep\n|turn|28\n|inactive|wolfizin has 120 seconds left.\n|\n|t:|1700597846\n|move|p2a: Umbreon|Sucker Punch|p1a: Hatterene\n|-crit|p1a: Hatterene\n|-damage|p1a: Hatterene|76\/100\n|move|p1a: Hatterene|Draining Kiss|p2a: Umbreon\n|-supereffective|p2a: Umbreon\n|-damage|p2a: Umbreon|0 fnt\n|-heal|p1a: Hatterene|100\/100|[from] drain|[of] p2a: Umbreon\n|-damage|p1a: Hatterene|84\/100|[from] item: Rocky Helmet|[of] p2a: Umbreon\n|faint|p2a: Umbreon\n|\n|win|wolfizin\n|raw|wolfizin's rating: 1216 &rarr; <strong>1235<\/strong><br \/>(+19 for winning)\n|raw|isaacC306's rating: 1130 &rarr; <strong>1111<\/strong><br \/>(-19 for losing)\n|l|\u2606isaacC306\n","uploadtime":1700597887,"views":2,"p1id":"wolfizin","p2id":"isaacc306","formatid":"gen9nationaldex","rating":1111,"private":0,"password":""}