{"id":"gen9nationaldex-1991823286","p1":"isuckplsbegentle","p2":"Tank Tests","format":"[Gen 9] National Dex","log":"|j|\u2606isuckplsbegentle\n|j|\u2606Tank Tests\n|t:|1700123738\n|gametype|singles\n|player|p1|isuckplsbegentle|1|1403\n|player|p2|Tank Tests|2|1423\n|teamsize|p1|6\n|teamsize|p2|6\n|gen|9\n|tier|[Gen 9] National Dex\n|rated|\n|rule|HP Percentage Mod: HP is shown in percentages\n|rule|Endless Battle Clause: Forcing endless battles is banned\n|rule|OHKO Clause: OHKO moves are banned\n|rule|Evasion Clause: Evasion abilities, items, and moves are banned\n|rule|Evasion Abilities Clause: Evasion abilities are banned\n|rule|Evasion Items Clause: Evasion items are banned\n|rule|Evasion Moves Clause: Evasion moves are banned\n|rule|Species Clause: Limit one of each Pok\u00e9mon\n|rule|Sleep Clause Mod: Limit one foe put to sleep\n|clearpoke\n|poke|p1|Chansey, F|\n|poke|p1|Urshifu-*, M|\n|poke|p1|Alomomola, F|\n|poke|p1|Blacephalon|\n|poke|p1|Bisharp, F|\n|poke|p1|Great Tusk|\n|poke|p2|Pawmot, F|\n|poke|p2|Rabsca, M|\n|poke|p2|Banette, M|\n|poke|p2|Victini|\n|poke|p2|Dragonite, M|\n|poke|p2|Forretress, F|\n|teampreview\n|inactive|Battle timer is ON: inactive players will automatically lose when time's up. (requested by isuckplsbegentle)\n|inactive|isuckplsbegentle has 120 seconds left.\n|\n|t:|1700123780\n|start\n|switch|p1a: Urshifu|Urshifu-Rapid-Strike, M|100\/100\n|switch|p2a: Victini|Victini|100\/100\n|turn|1\n|\n|t:|1700123794\n|move|p2a: Victini|Zen Headbutt|p1a: Urshifu\n|-supereffective|p1a: Urshifu\n|-damage|p1a: Urshifu|30\/100\n|cant|p1a: Urshifu|flinch\n|\n|upkeep\n|turn|2\n|\n|t:|1700123802\n|switch|p2a: Forretress|Forretress, F|100\/100\n|switch|p1a: Bisharp|Bisharp, F|100\/100\n|\n|upkeep\n|turn|3\n|\n|t:|1700123807\n|move|p1a: Bisharp|Knock Off|p2a: Forretress\n|-damage|p2a: Forretress|65\/100\n|-enditem|p2a: Forretress|Heavy-Duty Boots|[from] move: Knock Off|[of] p1a: Bisharp\n|move|p2a: Forretress|Thunder Wave|p1a: Bisharp\n|-status|p1a: Bisharp|par\n|\n|upkeep\n|turn|4\n|\n|t:|1700123825\n|switch|p1a: Chansey|Chansey, F|100\/100\n|move|p2a: Forretress|Stealth Rock|p1a: Chansey\n|-sidestart|p1: isuckplsbegentle|move: Stealth Rock\n|\n|upkeep\n|turn|5\n|\n|t:|1700123832\n|switch|p2a: Banette|Banette, M|100\/100\n|move|p1a: Chansey|Teleport|p1a: Chansey\n|\n|t:|1700123845\n|switch|p1a: Bisharp|Bisharp, F|100\/100 par|[from] Teleport\n|-damage|p1a: Bisharp|95\/100 par|[from] Stealth Rock\n|\n|upkeep\n|turn|6\n|\n|t:|1700123852\n|detailschange|p2a: Banette|Banette-Mega, M\n|-mega|p2a: Banette|Banette|Banettite\n|move|p2a: Banette|Destiny Bond|p2a: Banette\n|-singlemove|p2a: Banette|Destiny Bond\n|move|p1a: Bisharp|Knock Off|p2a: Banette\n|-supereffective|p2a: Banette\n|-damage|p2a: Banette|0 fnt\n|faint|p2a: Banette\n|-activate|p2a: Banette|move: Destiny Bond\n|faint|p1a: Bisharp\n|\n|upkeep\n|inactive|isuckplsbegentle has 120 seconds left.\n|\n|t:|1700123890\n|switch|p2a: Rabsca|Rabsca, M|100\/100\n|switch|p1a: Urshifu|Urshifu-Rapid-Strike, M|30\/100\n|-damage|p1a: Urshifu|23\/100|[from] Stealth Rock\n|turn|7\n|inactive|isuckplsbegentle has 120 seconds left.\n|\n|t:|1700123896\n|move|p1a: Urshifu|Surging Strikes|p2a: Rabsca\n|-crit|p2a: Rabsca\n|-damage|p2a: Rabsca|82\/100\n|-crit|p2a: Rabsca\n|-damage|p2a: Rabsca|63\/100\n|-crit|p2a: Rabsca\n|-damage|p2a: Rabsca|45\/100\n|-hitcount|p2a: Rabsca|3\n|move|p2a: Rabsca|Revival Blessing|p2a: Rabsca\n|-enditem|p2a: Rabsca|Leppa Berry|[eat]\n|-activate|p2a: Rabsca|item: Leppa Berry|Revival Blessing|[consumed]\n|\n|t:|1700123899\n|-heal|p2: Banette|50\/100|[from] move: Revival Blessing\n|\n|upkeep\n|turn|8\n|\n|t:|1700123910\n|switch|p2a: Dragonite|Dragonite, M|100\/100\n|move|p1a: Urshifu|Surging Strikes|p2a: Dragonite\n|-resisted|p2a: Dragonite\n|-crit|p2a: Dragonite\n|-damage|p2a: Dragonite|95\/100\n|-resisted|p2a: Dragonite\n|-crit|p2a: Dragonite\n|-damage|p2a: Dragonite|83\/100\n|-resisted|p2a: Dragonite\n|-crit|p2a: Dragonite\n|-damage|p2a: Dragonite|70\/100\n|-hitcount|p2a: Dragonite|3\n|\n|upkeep\n|turn|9\n|\n|t:|1700123918\n|switch|p1a: Alomomola|Alomomola, F, shiny|100\/100\n|-damage|p1a: Alomomola|88\/100|[from] Stealth Rock\n|move|p2a: Dragonite|Extreme Speed|p1a: Alomomola\n|-damage|p1a: Alomomola|71\/100\n|-damage|p2a: Dragonite|54\/100|[from] item: Rocky Helmet|[of] p1a: Alomomola\n|\n|upkeep\n|turn|10\n|\n|t:|1700123929\n|switch|p2a: Forretress|Forretress, F|65\/100\n|move|p1a: Alomomola|Toxic|p2a: Forretress\n|-immune|p2a: Forretress\n|\n|upkeep\n|turn|11\n|\n|t:|1700123934\n|move|p1a: Alomomola|Flip Turn|p2a: Forretress\n|-damage|p2a: Forretress|53\/100\n|\n|t:|1700123941\n|switch|p1a: Blacephalon|Blacephalon, shiny|100\/100|[from] Flip Turn\n|-damage|p1a: Blacephalon|76\/100|[from] Stealth Rock\n|move|p2a: Forretress|Thunder Wave|p1a: Blacephalon\n|-status|p1a: Blacephalon|par\n|\n|upkeep\n|turn|12\n|\n|t:|1700123949\n|switch|p2a: Dragonite|Dragonite, M|54\/100\n|move|p1a: Blacephalon|Overheat|p2a: Dragonite\n|-resisted|p2a: Dragonite\n|-crit|p2a: Dragonite\n|-damage|p2a: Dragonite|0 fnt\n|-unboost|p1a: Blacephalon|spa|2\n|faint|p2a: Dragonite\n|-ability|p1a: Blacephalon|Beast Boost|boost\n|-boost|p1a: Blacephalon|spa|1\n|\n|upkeep\n|\n|t:|1700123959\n|switch|p2a: Banette|Banette-Mega, M|50\/100\n|turn|13\n|\n|t:|1700123968\n|move|p2a: Banette|Poltergeist|p1a: Blacephalon\n|-activate|p1a: Blacephalon|move: Poltergeist|Choice Specs\n|-supereffective|p1a: Blacephalon\n|-damage|p1a: Blacephalon|0 fnt\n|faint|p1a: Blacephalon\n|\n|upkeep\n|\n|t:|1700123977\n|switch|p1a: Alomomola|Alomomola, F, shiny|100\/100\n|-damage|p1a: Alomomola|88\/100|[from] Stealth Rock\n|turn|14\n|\n|t:|1700123980\n|move|p2a: Banette|Taunt|p1a: Alomomola\n|-start|p1a: Alomomola|move: Taunt\n|cant|p1a: Alomomola|move: Taunt|Toxic\n|\n|upkeep\n|turn|15\n|\n|t:|1700123988\n|move|p2a: Banette|Poltergeist|p1a: Alomomola\n|-activate|p1a: Alomomola|move: Poltergeist|Rocky Helmet\n|-damage|p1a: Alomomola|49\/100\n|move|p1a: Alomomola|Flip Turn|p2a: Banette\n|-damage|p2a: Banette|17\/100\n|\n|t:|1700124014\n|switch|p1a: Great Tusk|Great Tusk|100\/100|[from] Flip Turn\n|\n|upkeep\n|turn|16\n|\n|t:|1700124020\n|move|p2a: Banette|Destiny Bond|p2a: Banette\n|-singlemove|p2a: Banette|Destiny Bond\n|move|p1a: Great Tusk|Knock Off|p2a: Banette\n|-supereffective|p2a: Banette\n|-damage|p2a: Banette|0 fnt\n|faint|p2a: Banette\n|-activate|p2a: Banette|move: Destiny Bond\n|faint|p1a: Great Tusk\n|-end|p1a: Great Tusk|Protosynthesis|[silent]\n|\n|upkeep\n|\n|t:|1700124027\n|switch|p1a: Alomomola|Alomomola, F, shiny|82\/100\n|switch|p2a: Rabsca|Rabsca, M|45\/100\n|-damage|p1a: Alomomola|70\/100|[from] Stealth Rock\n|turn|17\n|\n|t:|1700124030\n|move|p1a: Alomomola|Toxic|p2a: Rabsca|[miss]\n|-miss|p1a: Alomomola|p2a: Rabsca\n|move|p2a: Rabsca|Revival Blessing|p2a: Rabsca\n|\n|t:|1700124033\n|-heal|p2: Banette|50\/100|[from] move: Revival Blessing\n|\n|upkeep\n|turn|18\n|-message|isuckplsbegentle forfeited.\n|\n|win|Tank Tests\n|raw|isuckplsbegentle's rating: 1403 &rarr; <strong>1384<\/strong><br \/>(-19 for losing)\n|raw|Tank Tests's rating: 1423 &rarr; <strong>1442<\/strong><br \/>(+19 for winning)\n|l|\u2606isuckplsbegentle\n","uploadtime":1700124046,"views":8,"p1id":"isuckplsbegentle","p2id":"tanktests","formatid":"gen9nationaldex","rating":1384,"private":0,"password":""}