{"id":"gen9nationaldex-1987266588","p1":"KingoftheTitans","p2":"King Tarleo","format":"[Gen 9] National Dex","log":"|j|\u2606KingoftheTitans\n|j|\u2606King Tarleo\n|t:|1699571159\n|gametype|singles\n|player|p1|KingoftheTitans|169|1323\n|player|p2|King Tarleo|wallace|1337\n|teamsize|p1|6\n|teamsize|p2|6\n|gen|9\n|tier|[Gen 9] National Dex\n|rated|\n|rule|HP Percentage Mod: HP is shown in percentages\n|rule|Endless Battle Clause: Forcing endless battles is banned\n|rule|OHKO Clause: OHKO moves are banned\n|rule|Evasion Clause: Evasion abilities, items, and moves are banned\n|rule|Evasion Abilities Clause: Evasion abilities are banned\n|rule|Evasion Items Clause: Evasion items are banned\n|rule|Evasion Moves Clause: Evasion moves are banned\n|rule|Species Clause: Limit one of each Pok\u00e9mon\n|rule|Sleep Clause Mod: Limit one foe put to sleep\n|clearpoke\n|poke|p1|Snorlax, M|\n|poke|p1|Dragonite, F|\n|poke|p1|Gyarados, F|\n|poke|p1|Gengar, M|\n|poke|p1|Blastoise, M|\n|poke|p1|Alakazam, M|\n|poke|p2|Meowscarada, M|\n|poke|p2|Scizor, M|\n|poke|p2|Arcanine-Hisui, F|\n|poke|p2|Latios, M|\n|poke|p2|Ninetales-Alola, F|\n|poke|p2|Quaquaval, M|\n|teampreview\n|inactive|Battle timer is ON: inactive players will automatically lose when time's up. (requested by King Tarleo)\n|\n|t:|1699571173\n|start\n|switch|p1a: Gengar|Gengar, M|100\/100\n|switch|p2a: Shade|Meowscarada, M|100\/100\n|turn|1\n|\n|t:|1699571179\n|move|p2a: Shade|Sucker Punch|p1a: Gengar\n|-start|p2a: Shade|typechange|Dark|[from] ability: Protean\n|-supereffective|p1a: Gengar\n|-enditem|p1a: Gengar|Focus Sash\n|-damage|p1a: Gengar|1\/100\n|move|p1a: Gengar|Sludge Bomb|p2a: Shade\n|-damage|p2a: Shade|36\/100\n|-status|p2a: Shade|psn\n|\n|-damage|p2a: Shade|24\/100 psn|[from] psn\n|upkeep\n|turn|2\n|\n|t:|1699571192\n|switch|p1a: Snorlax|Snorlax, M|100\/100\n|move|p2a: Shade|Sucker Punch||[still]\n|-fail|p2a: Shade\n|\n|-damage|p2a: Shade|11\/100 psn|[from] psn\n|upkeep\n|turn|3\n|\n|t:|1699571202\n|switch|p2a: Quaquaval|Quaquaval, M|100\/100\n|move|p1a: Snorlax|Ice Punch|p2a: Quaquaval\n|-resisted|p2a: Quaquaval\n|-damage|p2a: Quaquaval|83\/100\n|\n|upkeep\n|turn|4\n|\n|t:|1699571210\n|move|p2a: Quaquaval|Rapid Spin|p1a: Snorlax\n|-crit|p1a: Snorlax\n|-damage|p1a: Snorlax|78\/100\n|-boost|p2a: Quaquaval|spe|1\n|move|p1a: Snorlax|Zen Headbutt|p2a: Quaquaval\n|-supereffective|p2a: Quaquaval\n|-damage|p2a: Quaquaval|11\/100\n|\n|upkeep\n|turn|5\n|\n|t:|1699571231\n|switch|p1a: Dragonite|Dragonite, F|100\/100\n|move|p2a: Quaquaval|Close Combat|p1a: Dragonite\n|-resisted|p1a: Dragonite\n|-crit|p1a: Dragonite\n|-damage|p1a: Dragonite|78\/100\n|-unboost|p2a: Quaquaval|def|1\n|-unboost|p2a: Quaquaval|spd|1\n|\n|-heal|p1a: Dragonite|84\/100|[from] item: Leftovers\n|upkeep\n|turn|6\n|\n|t:|1699571242\n|switch|p2a: Blade|Scizor, M|100\/100\n|move|p1a: Dragonite|Extreme Speed|p2a: Blade\n|-resisted|p2a: Blade\n|-damage|p2a: Blade|85\/100\n|\n|-heal|p1a: Dragonite|90\/100|[from] item: Leftovers\n|upkeep\n|turn|7\n|\n|t:|1699571257\n|switch|p1a: Blastoise|Blastoise, M|100\/100\n|detailschange|p2a: Blade|Scizor-Mega, M\n|-mega|p2a: Blade|Scizor|Scizorite\n|move|p2a: Blade|Swords Dance|p2a: Blade\n|-boost|p2a: Blade|atk|2\n|\n|upkeep\n|turn|8\n|\n|t:|1699571264\n|move|p2a: Blade|Bullet Punch|p1a: Blastoise\n|-resisted|p1a: Blastoise\n|-damage|p1a: Blastoise|66\/100\n|move|p1a: Blastoise|Scald|p2a: Blade\n|-damage|p2a: Blade|49\/100\n|\n|upkeep\n|turn|9\n|\n|t:|1699571269\n|move|p1a: Blastoise|Scald|p2a: Blade\n|-damage|p2a: Blade|13\/100\n|move|p2a: Blade|U-turn|p1a: Blastoise\n|-damage|p1a: Blastoise|0 fnt\n|faint|p1a: Blastoise\n|\n|t:|1699571278\n|switch|p2a: Shade|Meowscarada, M|11\/100 psn|[from] U-turn\n|\n|-damage|p2a: Shade|0 fnt|[from] psn\n|faint|p2a: Shade\n|upkeep\n|\n|t:|1699571286\n|switch|p2a: Ninetales|Ninetales-Alola, F|100\/100\n|switch|p1a: Gengar|Gengar, M|1\/100\n|-weather|Snow|[from] ability: Snow Warning|[of] p2a: Ninetales\n|turn|10\n|\n|t:|1699571294\n|switch|p2a: Blade|Scizor-Mega, M|13\/100\n|move|p1a: Gengar|Sludge Bomb|p2a: Blade\n|-immune|p2a: Blade\n|\n|-weather|Snow|[upkeep]\n|upkeep\n|turn|11\n|\n|t:|1699571303\n|switch|p1a: Snorlax|Snorlax, M|78\/100\n|move|p2a: Blade|Bullet Punch|p1a: Snorlax\n|-damage|p1a: Snorlax|42\/100\n|-enditem|p1a: Snorlax|Aguav Berry|[eat]\n|-heal|p1a: Snorlax|75\/100|[from] item: Aguav Berry\n|\n|-weather|Snow|[upkeep]\n|upkeep\n|turn|12\n|\n|t:|1699571311\n|move|p2a: Blade|Roost|p2a: Blade\n|-heal|p2a: Blade|63\/100\n|-singleturn|p2a: Blade|move: Roost\n|move|p1a: Snorlax|Earthquake|p2a: Blade\n|-damage|p2a: Blade|37\/100\n|\n|-weather|Snow|[upkeep]\n|upkeep\n|turn|13\n|\n|t:|1699571321\n|move|p2a: Blade|Roost|p2a: Blade\n|-heal|p2a: Blade|87\/100\n|-singleturn|p2a: Blade|move: Roost\n|move|p1a: Snorlax|Earthquake|p2a: Blade\n|-damage|p2a: Blade|61\/100\n|\n|-weather|Snow|[upkeep]\n|upkeep\n|turn|14\n|\n|t:|1699571333\n|move|p2a: Blade|Swords Dance|p2a: Blade\n|-boost|p2a: Blade|atk|2\n|move|p1a: Snorlax|Ice Punch|p2a: Blade\n|-resisted|p2a: Blade\n|-damage|p2a: Blade|52\/100\n|-status|p2a: Blade|frz\n|\n|-weather|none\n|upkeep\n|turn|15\n|\n|t:|1699571341\n|switch|p1a: Gyarados|Gyarados, F, shiny|100\/100\n|-ability|p1a: Gyarados|Intimidate|boost\n|-unboost|p2a: Blade|atk|1\n|cant|p2a: Blade|frz\n|\n|upkeep\n|turn|16\n|\n|t:|1699571348\n|detailschange|p1a: Gyarados|Gyarados-Mega, F, shiny\n|-mega|p1a: Gyarados|Gyarados|Gyaradosite\n|-ability|p1a: Gyarados|Mold Breaker\n|cant|p2a: Blade|frz\n|move|p1a: Gyarados|Dragon Dance|p1a: Gyarados\n|-boost|p1a: Gyarados|atk|1\n|-boost|p1a: Gyarados|spe|1\n|\n|upkeep\n|turn|17\n|\n|t:|1699571356\n|cant|p2a: Blade|frz\n|move|p1a: Gyarados|Dragon Dance|p1a: Gyarados\n|-boost|p1a: Gyarados|atk|1\n|-boost|p1a: Gyarados|spe|1\n|\n|upkeep\n|turn|18\n|\n|t:|1699571360\n|cant|p2a: Blade|frz\n|move|p1a: Gyarados|Dragon Dance|p1a: Gyarados\n|-boost|p1a: Gyarados|atk|1\n|-boost|p1a: Gyarados|spe|1\n|\n|upkeep\n|turn|19\n|\n|t:|1699571365\n|cant|p2a: Blade|frz\n|move|p1a: Gyarados|Waterfall|p2a: Blade\n|-damage|p2a: Blade|0 fnt\n|faint|p2a: Blade\n|\n|upkeep\n|\n|t:|1699571372\n|switch|p2a: Tigerra|Arcanine-Hisui, F, shiny|100\/100\n|turn|20\n|\n|t:|1699571375\n|move|p1a: Gyarados|Waterfall|p2a: Tigerra\n|-supereffective|p2a: Tigerra\n|-enditem|p2a: Tigerra|Focus Sash\n|-damage|p2a: Tigerra|1\/100\n|move|p2a: Tigerra|Wild Charge|p1a: Gyarados\n|-supereffective|p1a: Gyarados\n|-damage|p1a: Gyarados|42\/100\n|\n|upkeep\n|turn|21\n|\n|t:|1699571384\n|move|p1a: Gyarados|Crunch|p2a: Tigerra\n|-damage|p2a: Tigerra|0 fnt\n|faint|p2a: Tigerra\n|\n|upkeep\n|\n|t:|1699571388\n|switch|p2a: Latios|Latios, M|100\/100\n|turn|22\n|\n|t:|1699571392\n|move|p1a: Gyarados|Crunch|p2a: Latios\n|-supereffective|p2a: Latios\n|-damage|p2a: Latios|0 fnt\n|faint|p2a: Latios\n|\n|upkeep\n|\n|t:|1699571394\n|switch|p2a: Quaquaval|Quaquaval, M|11\/100\n|turn|23\n|\n|t:|1699571398\n|move|p1a: Gyarados|Waterfall|p2a: Quaquaval\n|-resisted|p2a: Quaquaval\n|-damage|p2a: Quaquaval|0 fnt\n|faint|p2a: Quaquaval\n|\n|upkeep\n|\n|t:|1699571400\n|switch|p2a: Ninetales|Ninetales-Alola, F|100\/100\n|-weather|Snow|[from] ability: Snow Warning|[of] p2a: Ninetales\n|turn|24\n|\n|t:|1699571406\n|move|p1a: Gyarados|Waterfall|p2a: Ninetales\n|-damage|p2a: Ninetales|0 fnt\n|faint|p2a: Ninetales\n|\n|win|KingoftheTitans\n|raw|KingoftheTitans's rating: 1323 &rarr; <strong>1344<\/strong><br \/>(+21 for winning)\n|raw|King Tarleo's rating: 1337 &rarr; <strong>1316<\/strong><br \/>(-21 for losing)\n|c|\u2606King Tarleo|gg\n|c|\u2606KingoftheTitans|gg\n|l|\u2606King Tarleo\n","uploadtime":1699571414,"views":6,"p1id":"kingofthetitans","p2id":"kingtarleo","formatid":"gen9nationaldex","rating":1316,"private":0,"password":""}