{"id":"gen9nationaldex-1989948866","p1":"Munaru","p2":"Celmestra","format":"[Gen 9] National Dex","log":"|j|\u2606Munaru\n|j|\u2606Celmestra\n|t:|1699909332\n|gametype|singles\n|player|p1|Munaru|lady-gen4|\n|player|p2|Celmestra|clown|\n|teamsize|p1|6\n|teamsize|p2|6\n|gen|9\n|tier|[Gen 9] National Dex\n|rule|HP Percentage Mod: HP is shown in percentages\n|rule|Endless Battle Clause: Forcing endless battles is banned\n|rule|OHKO Clause: OHKO moves are banned\n|rule|Evasion Clause: Evasion abilities, items, and moves are banned\n|rule|Evasion Abilities Clause: Evasion abilities are banned\n|rule|Evasion Items Clause: Evasion items are banned\n|rule|Evasion Moves Clause: Evasion moves are banned\n|rule|Species Clause: Limit one of each Pok\u00e9mon\n|rule|Sleep Clause Mod: Limit one foe put to sleep\n|clearpoke\n|poke|p1|Chansey, F|\n|poke|p1|Zoroark-Hisui, F|\n|poke|p1|Hoopa-Unbound|\n|poke|p1|Mew|\n|poke|p1|Hatterene, F|\n|poke|p1|Ditto|\n|poke|p2|Volcarona, M|\n|poke|p2|Buzzwole|\n|poke|p2|Scizor, F|\n|poke|p2|Araquanid, M|\n|poke|p2|Centiskorch, F|\n|poke|p2|Kleavor, F|\n|teampreview\n|\n|t:|1699909352\n|start\n|switch|p1a: Mew|Mew, shiny|100\/100\n|switch|p2a: Kleavor|Kleavor, F|100\/100\n|turn|1\n|\n|t:|1699909357\n|move|p2a: Kleavor|X-Scissor|p1a: Mew\n|-supereffective|p1a: Mew\n|-damage|p1a: Mew|0 fnt\n|faint|p1a: Mew\n|-damage|p2a: Kleavor|91\/100|[from] item: Life Orb\n|\n|upkeep\n|c|\u2606Munaru|rude\n|c|\u2606Celmestra|:D\n|\n|t:|1699909374\n|switch|p1a: Hoopa|Hoopa-Unbound|100\/100\n|turn|2\n|\n|t:|1699909382\n|move|p1a: Hoopa|Flamethrower|p2a: Kleavor\n|-damage|p2a: Kleavor|31\/100\n|-damage|p1a: Hoopa|91\/100|[from] item: Life Orb\n|move|p2a: Kleavor|X-Scissor|p1a: Hoopa\n|-resisted|p1a: Hoopa\n|-damage|p1a: Hoopa|9\/100\n|replace|p1a: Zoroark|Zoroark-Hisui, F, shiny\n|-end|p1a: Zoroark|Illusion\n|-damage|p2a: Kleavor|21\/100|[from] item: Life Orb\n|\n|upkeep\n|turn|3\n|\n|t:|1699909392\n|switch|p2a: Centiskorch|Centiskorch, F|100\/100\n|move|p1a: Zoroark|Flamethrower|p2a: Centiskorch\n|-start|p2a: Centiskorch|ability: Flash Fire\n|\n|upkeep\n|turn|4\n|c|\u2606Munaru|kleav hits like a truck oml\n|\n|t:|1699909407\n|switch|p1a: Ditto|Ditto|100\/100\n|-transform|p1a: Ditto|p2a: Centiskorch|[from] ability: Imposter\n|move|p2a: Centiskorch|Knock Off|p1a: Ditto\n|-damage|p1a: Ditto|41\/100\n|-enditem|p1a: Ditto|Choice Scarf|[from] move: Knock Off|[of] p2a: Centiskorch\n|\n|upkeep\n|turn|5\n|\n|t:|1699909421\n|move|p1a: Ditto|Knock Off|p2a: Centiskorch\n|-damage|p2a: Centiskorch|58\/100\n|-enditem|p2a: Centiskorch|Heavy-Duty Boots|[from] move: Knock Off|[of] p1a: Ditto\n|move|p2a: Centiskorch|Knock Off|p1a: Ditto\n|-damage|p1a: Ditto|2\/100\n|\n|upkeep\n|turn|6\n|\n|t:|1699909435\n|move|p1a: Ditto|Knock Off|p2a: Centiskorch\n|-damage|p2a: Centiskorch|27\/100\n|move|p2a: Centiskorch|Knock Off|p1a: Ditto\n|-damage|p1a: Ditto|0 fnt\n|faint|p1a: Ditto\n|\n|upkeep\n|\n|t:|1699909447\n|switch|p1a: Chansey|Chansey, F|100\/100\n|turn|7\n|\n|t:|1699909465\n|move|p2a: Centiskorch|Knock Off|p1a: Chansey\n|-damage|p1a: Chansey|82\/100\n|-enditem|p1a: Chansey|Eviolite|[from] move: Knock Off|[of] p2a: Centiskorch\n|move|p1a: Chansey|Toxic|p2a: Centiskorch\n|-status|p2a: Centiskorch|tox\n|\n|-damage|p2a: Centiskorch|21\/100 tox|[from] psn\n|upkeep\n|turn|8\n|\n|t:|1699909472\n|move|p2a: Centiskorch|Fire Lash|p1a: Chansey\n|-damage|p1a: Chansey|28\/100\n|-unboost|p1a: Chansey|def|1\n|move|p1a: Chansey|Reflect|p1a: Chansey\n|-sidestart|p1: Munaru|Reflect\n|\n|-damage|p2a: Centiskorch|9\/100 tox|[from] psn\n|upkeep\n|turn|9\n|\n|t:|1699909486\n|switch|p1a: Hatterene|Hatterene, F|100\/100\n|move|p2a: Centiskorch|Fire Lash|p1a: Hatterene\n|-damage|p1a: Hatterene|76\/100\n|-unboost|p1a: Hatterene|def|1\n|\n|-heal|p1a: Hatterene|82\/100|[from] item: Leftovers\n|-damage|p2a: Centiskorch|0 fnt|[from] psn\n|faint|p2a: Centiskorch\n|upkeep\n|\n|t:|1699909516\n|switch|p2a: Volcarona|Volcarona, M|100\/100\n|turn|10\n|\n|t:|1699909529\n|move|p2a: Volcarona|Quiver Dance|p2a: Volcarona\n|-boost|p2a: Volcarona|spa|1\n|-boost|p2a: Volcarona|spd|1\n|-boost|p2a: Volcarona|spe|1\n|move|p1a: Hatterene|Calm Mind|p1a: Hatterene\n|-boost|p1a: Hatterene|spa|1\n|-boost|p1a: Hatterene|spd|1\n|\n|-heal|p1a: Hatterene|88\/100|[from] item: Leftovers\n|upkeep\n|turn|11\n|\n|t:|1699909537\n|move|p2a: Volcarona|Quiver Dance|p2a: Volcarona\n|-boost|p2a: Volcarona|spa|1\n|-boost|p2a: Volcarona|spd|1\n|-boost|p2a: Volcarona|spe|1\n|move|p1a: Hatterene|Calm Mind|p1a: Hatterene\n|-boost|p1a: Hatterene|spa|1\n|-boost|p1a: Hatterene|spd|1\n|\n|-heal|p1a: Hatterene|94\/100|[from] item: Leftovers\n|upkeep\n|turn|12\n|\n|t:|1699909545\n|move|p2a: Volcarona|Quiver Dance|p2a: Volcarona\n|-boost|p2a: Volcarona|spa|1\n|-boost|p2a: Volcarona|spd|1\n|-boost|p2a: Volcarona|spe|1\n|move|p1a: Hatterene|Calm Mind|p1a: Hatterene\n|-boost|p1a: Hatterene|spa|1\n|-boost|p1a: Hatterene|spd|1\n|\n|-heal|p1a: Hatterene|99\/100|[from] item: Leftovers\n|-sideend|p1: Munaru|Reflect\n|upkeep\n|turn|13\n|\n|t:|1699909553\n|move|p2a: Volcarona|Quiver Dance|p2a: Volcarona\n|-boost|p2a: Volcarona|spa|1\n|-boost|p2a: Volcarona|spd|1\n|-boost|p2a: Volcarona|spe|1\n|move|p1a: Hatterene|Draining Kiss|p2a: Volcarona\n|-resisted|p2a: Volcarona\n|-damage|p2a: Volcarona|91\/100\n|-heal|p1a: Hatterene|100\/100|[from] drain|[of] p2a: Volcarona\n|\n|upkeep\n|turn|14\n|\n|t:|1699909561\n|move|p2a: Volcarona|Quiver Dance|p2a: Volcarona\n|-boost|p2a: Volcarona|spa|1\n|-boost|p2a: Volcarona|spd|1\n|-boost|p2a: Volcarona|spe|1\n|move|p1a: Hatterene|Psyshock|p2a: Volcarona\n|-damage|p2a: Volcarona|0 fnt\n|faint|p2a: Volcarona\n|\n|upkeep\n|c|\u2606Celmestra|ah\n|c|\u2606Munaru|PHEW\n|c|\u2606Celmestra|erm\n|c|\u2606Celmestra|oopsies\n|c|\u2606Munaru|that had me WORRIED\n|\n|t:|1699909579\n|switch|p2a: Scizor|Scizor, F|100\/100\n|turn|15\n|\n|t:|1699909581\n|move|p2a: Scizor|Bullet Punch|p1a: Hatterene\n|-supereffective|p1a: Hatterene\n|-damage|p1a: Hatterene|40\/100\n|move|p1a: Hatterene|Mystical Fire|p2a: Scizor\n|-supereffective|p2a: Scizor\n|-damage|p2a: Scizor|0 fnt\n|faint|p2a: Scizor\n|\n|-heal|p1a: Hatterene|46\/100|[from] item: Leftovers\n|upkeep\n|\n|t:|1699909589\n|switch|p2a: Kleavor|Kleavor, F|21\/100\n|turn|16\n|\n|t:|1699909592\n|move|p2a: Kleavor|X-Scissor|p1a: Hatterene\n|-damage|p1a: Hatterene|0 fnt\n|faint|p1a: Hatterene\n|-damage|p2a: Kleavor|12\/100|[from] item: Life Orb\n|\n|upkeep\n|c|\u2606Munaru|ow\n|\n|t:|1699909605\n|switch|p1a: Hoopa|Hoopa-Unbound|9\/100\n|turn|17\n|\n|t:|1699909613\n|switch|p2a: Araquanid|Araquanid, M|100\/100\n|move|p1a: Hoopa|Flamethrower|p2a: Araquanid\n|-damage|p2a: Araquanid|67\/100\n|-damage|p1a: Hoopa|0 fnt|[from] item: Life Orb\n|faint|p1a: Hoopa\n|\n|upkeep\n|\n|t:|1699909619\n|switch|p1a: Chansey|Chansey, F|28\/100\n|turn|18\n|\n|t:|1699909623\n|move|p1a: Chansey|Soft-Boiled|p1a: Chansey\n|-heal|p1a: Chansey|78\/100\n|move|p2a: Araquanid|Liquidation|p1a: Chansey\n|-damage|p1a: Chansey|58\/100\n|\n|upkeep\n|turn|19\n|\n|t:|1699909636\n|switch|p2a: Buzzwole|Buzzwole|100\/100\n|move|p1a: Chansey|Toxic|p2a: Buzzwole\n|-status|p2a: Buzzwole|tox\n|\n|-damage|p2a: Buzzwole|94\/100 tox|[from] psn\n|upkeep\n|turn|20\n|\n|t:|1699909645\n|move|p2a: Buzzwole|Close Combat|p1a: Chansey\n|-supereffective|p1a: Chansey\n|-damage|p1a: Chansey|0 fnt\n|-unboost|p2a: Buzzwole|def|1\n|-unboost|p2a: Buzzwole|spd|1\n|faint|p1a: Chansey\n|-ability|p2a: Buzzwole|Beast Boost|boost\n|-boost|p2a: Buzzwole|atk|1\n|\n|-damage|p2a: Buzzwole|82\/100 tox|[from] psn\n|upkeep\n|\n|t:|1699909647\n|switch|p1a: Hoopa|Hoopa-Unbound|100\/100\n|turn|21\n|\n|t:|1699909657\n|move|p2a: Buzzwole|Close Combat|p1a: Hoopa\n|-damage|p1a: Hoopa|0 fnt\n|-unboost|p2a: Buzzwole|def|1\n|-unboost|p2a: Buzzwole|spd|1\n|faint|p1a: Hoopa\n|\n|win|Celmestra\n|c|\u2606Munaru|gg\n","uploadtime":1699909673,"views":27,"p1id":"munaru","p2id":"celmestra","formatid":"gen9nationaldex","rating":0,"private":0,"password":""}