{"id":"gen9nationaldex-1998871256","p1":"ScootDDuck","p2":"eris52","format":"[Gen 9] National Dex","log":"|html|<div class=\"broadcast-blue\"><strong>[Gen 9] National Dex is currently suspecting Sneasler! For information on how to participate check out the <a href=\"https:\/\/www.smogon.com\/forums\/threads\/sv-national-dex-suspect-8-just-dance.3731534\/\">suspect thread<\/a>.<\/strong><\/div>\n|j|\u2606ScootDDuck\n|j|\u2606eris52\n|t:|1701006365\n|gametype|singles\n|player|p1|ScootDDuck|falkner|\n|player|p2|eris52|265|\n|teamsize|p1|6\n|teamsize|p2|6\n|gen|9\n|tier|[Gen 9] National Dex\n|rule|HP Percentage Mod: HP is shown in percentages\n|rule|Endless Battle Clause: Forcing endless battles is banned\n|rule|OHKO Clause: OHKO moves are banned\n|rule|Evasion Clause: Evasion abilities, items, and moves are banned\n|rule|Evasion Abilities Clause: Evasion abilities are banned\n|rule|Evasion Items Clause: Evasion items are banned\n|rule|Evasion Moves Clause: Evasion moves are banned\n|rule|Species Clause: Limit one of each Pok\u00e9mon\n|rule|Sleep Clause Mod: Limit one foe put to sleep\n|clearpoke\n|poke|p1|Hippowdon, M|\n|poke|p1|Minior|\n|poke|p1|Excadrill, M|\n|poke|p1|Garchomp, M|\n|poke|p1|Nidoking, M|\n|poke|p1|Gastrodon, F|\n|poke|p2|Scovillain, M|\n|poke|p2|Torkoal, M|\n|poke|p2|Great Tusk|\n|poke|p2|Houndoom, M|\n|poke|p2|Tapu Lele|\n|poke|p2|Rotom-Wash|\n|teampreview\n|c|\u2606eris52|Glhf\n|c|\u2606ScootDDuck|Glhf\n|\n|t:|1701006383\n|start\n|switch|p1a: Pudding|Gastrodon, F|100\/100\n|switch|p2a: Tapu Lele|Tapu Lele|100\/100\n|-fieldstart|move: Psychic Terrain|[from] ability: Psychic Surge|[of] p2a: Tapu Lele\n|turn|1\n|\n|t:|1701006409\n|switch|p1a: Whitebeard|Hippowdon, M|100\/100\n|-weather|Sandstorm|[from] ability: Sand Stream|[of] p1a: Whitebeard\n|move|p2a: Tapu Lele|Psyshock|p1a: Whitebeard\n|-damage|p1a: Whitebeard|72\/100\n|\n|-weather|Sandstorm|[upkeep]\n|-damage|p2a: Tapu Lele|94\/100|[from] Sandstorm\n|upkeep\n|turn|2\n|l|\u2606ScootDDuck\n|player|p1|\n|j|\u2606ScootDDuck\n|player|p1|ScootDDuck|falkner\n|\n|t:|1701006435\n|switch|p2a: Torkoal|Torkoal, M|100\/100\n|-weather|SunnyDay|[from] ability: Drought|[of] p2a: Torkoal\n|switch|p1a: Zoro|Excadrill, M, shiny|100\/100\n|\n|-weather|SunnyDay|[upkeep]\n|upkeep\n|turn|3\n|\n|t:|1701006450\n|-terastallize|p1a: Zoro|Ground\n|move|p1a: Zoro|Earthquake|p2a: Torkoal\n|-supereffective|p2a: Torkoal\n|-damage|p2a: Torkoal|0 fnt\n|faint|p2a: Torkoal\n|\n|-weather|SunnyDay|[upkeep]\n|upkeep\n|\n|t:|1701006454\n|switch|p2a: Houndoom|Houndoom, M|100\/100\n|turn|4\n|\n|t:|1701006457\n|switch|p1a: Whitebeard|Hippowdon, M|72\/100\n|-weather|Sandstorm|[from] ability: Sand Stream|[of] p1a: Whitebeard\n|detailschange|p2a: Houndoom|Houndoom-Mega, M\n|-mega|p2a: Houndoom|Houndoom|Houndoominite\n|move|p2a: Houndoom|Flamethrower|p1a: Whitebeard\n|-damage|p1a: Whitebeard|20\/100\n|-status|p1a: Whitebeard|brn\n|\n|-weather|Sandstorm|[upkeep]\n|-damage|p2a: Houndoom|94\/100|[from] Sandstorm\n|-damage|p1a: Whitebeard|14\/100 brn|[from] brn\n|upkeep\n|turn|5\n|\n|t:|1701006469\n|switch|p1a: Pudding|Gastrodon, F|100\/100\n|move|p2a: Houndoom|Flamethrower|p1a: Pudding\n|-resisted|p1a: Pudding\n|-damage|p1a: Pudding|75\/100\n|\n|-weather|Sandstorm|[upkeep]\n|-damage|p2a: Houndoom|88\/100|[from] Sandstorm\n|-heal|p1a: Pudding|81\/100|[from] item: Leftovers\n|-fieldend|move: Psychic Terrain\n|upkeep\n|turn|6\n|\n|t:|1701006473\n|move|p2a: Houndoom|Nasty Plot|p2a: Houndoom\n|-boost|p2a: Houndoom|spa|2\n|move|p1a: Pudding|Earth Power|p2a: Houndoom\n|-supereffective|p2a: Houndoom\n|-damage|p2a: Houndoom|15\/100\n|\n|-weather|Sandstorm|[upkeep]\n|-damage|p2a: Houndoom|9\/100|[from] Sandstorm\n|-heal|p1a: Pudding|87\/100|[from] item: Leftovers\n|upkeep\n|turn|7\n|\n|t:|1701006478\n|move|p2a: Houndoom|Dark Pulse|p1a: Pudding\n|-crit|p1a: Pudding\n|-damage|p1a: Pudding|0 fnt\n|faint|p1a: Pudding\n|\n|-weather|Sandstorm|[upkeep]\n|-damage|p2a: Houndoom|3\/100|[from] Sandstorm\n|upkeep\n|\n|t:|1701006481\n|switch|p1a: Zoro|Excadrill, M, shiny, tera:Ground|100\/100\n|turn|8\n|\n|t:|1701006488\n|switch|p2a: Great Tusk|Great Tusk|100\/100\n|move|p1a: Zoro|Earthquake|p2a: Great Tusk\n|-damage|p2a: Great Tusk|21\/100\n|\n|-weather|Sandstorm|[upkeep]\n|upkeep\n|turn|9\n|\n|t:|1701006493\n|-end|p2a: Great Tusk|Protosynthesis|[silent]\n|switch|p2a: Rotom|Rotom-Wash|100\/100\n|move|p1a: Zoro|Earthquake|p2a: Rotom\n|-immune|p2a: Rotom|[from] ability: Levitate\n|\n|-weather|Sandstorm|[upkeep]\n|-damage|p2a: Rotom|95\/100|[from] Sandstorm\n|-heal|p2a: Rotom|100\/100|[from] item: Leftovers\n|upkeep\n|turn|10\n|\n|t:|1701006499\n|switch|p1a: Monkey D. Dragon|Garchomp, M, shiny|100\/100\n|move|p2a: Rotom|Hydro Pump|p1a: Monkey D. Dragon\n|-damage|p1a: Monkey D. Dragon|54\/100\n|\n|-weather|Sandstorm|[upkeep]\n|-damage|p2a: Rotom|95\/100|[from] Sandstorm\n|-heal|p2a: Rotom|100\/100|[from] item: Leftovers\n|upkeep\n|turn|11\n|\n|t:|1701006506\n|switch|p2a: Tapu Lele|Tapu Lele|94\/100\n|-fieldstart|move: Psychic Terrain|[from] ability: Psychic Surge|[of] p2a: Tapu Lele\n|detailschange|p1a: Monkey D. Dragon|Garchomp-Mega, M, shiny\n|-mega|p1a: Monkey D. Dragon|Garchomp|Garchompite\n|move|p1a: Monkey D. Dragon|Dragon Claw|p2a: Tapu Lele\n|-immune|p2a: Tapu Lele\n|\n|-weather|none\n|upkeep\n|turn|12\n|\n|t:|1701006513\n|move|p2a: Tapu Lele|Psyshock|p1a: Monkey D. Dragon\n|-damage|p1a: Monkey D. Dragon|9\/100\n|move|p1a: Monkey D. Dragon|Earthquake|p2a: Tapu Lele\n|-crit|p2a: Tapu Lele\n|-damage|p2a: Tapu Lele|0 fnt\n|faint|p2a: Tapu Lele\n|\n|upkeep\n|\n|t:|1701006521\n|switch|p2a: Houndoom|Houndoom-Mega, M|3\/100\n|turn|13\n|\n|t:|1701006528\n|move|p2a: Houndoom|Flame Charge|p1a: Monkey D. Dragon\n|-resisted|p1a: Monkey D. Dragon\n|-damage|p1a: Monkey D. Dragon|1\/100\n|-boost|p2a: Houndoom|spe|1\n|move|p1a: Monkey D. Dragon|Earthquake|p2a: Houndoom\n|-supereffective|p2a: Houndoom\n|-damage|p2a: Houndoom|0 fnt\n|faint|p2a: Houndoom\n|\n|upkeep\n|c|\u2606eris52|fff\n|\n|t:|1701006540\n|switch|p2a: Great Tusk|Great Tusk|21\/100\n|turn|14\n|\n|t:|1701006546\n|move|p1a: Monkey D. Dragon|Dragon Claw|p2a: Great Tusk\n|-damage|p2a: Great Tusk|0 fnt\n|faint|p2a: Great Tusk\n|-end|p2a: Great Tusk|Protosynthesis|[silent]\n|\n|upkeep\n|\n|t:|1701006550\n|switch|p2a: Rotom|Rotom-Wash|100\/100\n|turn|15\n|\n|t:|1701006552\n|move|p1a: Monkey D. Dragon|Dragon Claw|p2a: Rotom\n|-damage|p2a: Rotom|48\/100\n|move|p2a: Rotom|Hydro Pump|p1a: Monkey D. Dragon\n|-damage|p1a: Monkey D. Dragon|0 fnt\n|faint|p1a: Monkey D. Dragon\n|\n|-heal|p2a: Rotom|54\/100|[from] item: Leftovers\n|-fieldend|move: Psychic Terrain\n|upkeep\n|\n|t:|1701006561\n|switch|p1a: Sabo|Minior, shiny|100\/100\n|-formechange|p1a: Sabo|Minior-Meteor||[from] ability: Shields Down\n|turn|16\n|\n|t:|1701006565\n|move|p1a: Sabo|Shell Smash|p1a: Sabo\n|-unboost|p1a: Sabo|def|1\n|-unboost|p1a: Sabo|spd|1\n|-boost|p1a: Sabo|atk|2\n|-boost|p1a: Sabo|spa|2\n|-boost|p1a: Sabo|spe|2\n|move|p2a: Rotom|Hydro Pump|p1a: Sabo\n|-supereffective|p1a: Sabo\n|-enditem|p1a: Sabo|Focus Sash\n|-damage|p1a: Sabo|1\/100\n|\n|-heal|p2a: Rotom|60\/100|[from] item: Leftovers\n|-formechange|p1a: Sabo|Minior||[from] ability: Shields Down\n|upkeep\n|turn|17\n|\n|t:|1701006573\n|move|p1a: Sabo|Acrobatics|p2a: Rotom\n|-resisted|p2a: Rotom\n|-crit|p2a: Rotom\n|-damage|p2a: Rotom|0 fnt\n|faint|p2a: Rotom\n|\n|upkeep\n|\n|t:|1701006575\n|switch|p2a: Scovillain|Scovillain, M|100\/100\n|turn|18\n|\n|t:|1701006578\n|-terastallize|p2a: Scovillain|Fire\n|move|p1a: Sabo|Acrobatics|p2a: Scovillain\n|-damage|p2a: Scovillain|0 fnt\n|faint|p2a: Scovillain\n|\n|win|ScootDDuck\n|c|\u2606eris52|gg\n|c|\u2606ScootDDuck|GG'd\n|c|\u2606eris52|When can i fight again\n","uploadtime":1701006595,"views":5,"p1id":"scootdduck","p2id":"eris52","formatid":"gen9nationaldex","rating":0,"private":0,"password":""}