{"id":"gen9nationaldex-1996377735","p1":"GroodonKyogri","p2":"hayeskerr","format":"[Gen 9] National Dex","log":"|html|<div class=\"broadcast-blue\"><strong>[Gen 9] National Dex is currently suspecting Sneasler! For information on how to participate check out the <a href=\"https:\/\/www.smogon.com\/forums\/threads\/sv-national-dex-suspect-8-just-dance.3731534\/\">suspect thread<\/a>.<\/strong><\/div>\n|j|\u2606GroodonKyogri\n|j|\u2606hayeskerr\n|t:|1700676287\n|gametype|singles\n|player|p1|GroodonKyogri|266|\n|player|p2|hayeskerr|lucas|\n|teamsize|p1|6\n|teamsize|p2|6\n|gen|9\n|tier|[Gen 9] National Dex\n|rule|HP Percentage Mod: HP is shown in percentages\n|rule|Endless Battle Clause: Forcing endless battles is banned\n|rule|OHKO Clause: OHKO moves are banned\n|rule|Evasion Clause: Evasion abilities, items, and moves are banned\n|rule|Evasion Abilities Clause: Evasion abilities are banned\n|rule|Evasion Items Clause: Evasion items are banned\n|rule|Evasion Moves Clause: Evasion moves are banned\n|rule|Species Clause: Limit one of each Pok\u00e9mon\n|rule|Sleep Clause Mod: Limit one foe put to sleep\n|clearpoke\n|poke|p1|Maushold-Four|\n|poke|p1|Murkrow, M|\n|poke|p1|Forretress, M|\n|poke|p1|Salamence, F|\n|poke|p1|Gengar, F|\n|poke|p1|Torkoal, M|\n|poke|p2|Swampert, M|\n|poke|p2|Heracross, M|\n|poke|p2|Dragonite, F|\n|poke|p2|Alakazam, M|\n|poke|p2|Nidoking, M|\n|poke|p2|Charizard, F|\n|teampreview\n|\n|t:|1700676308\n|start\n|switch|p1a: Armored Ballock|Forretress, M, shiny|100\/100\n|switch|p2a: Swampert|Swampert, M|100\/100\n|turn|1\n|\n|t:|1700676347\n|move|p2a: Swampert|Earthquake|p1a: Armored Ballock\n|-damage|p1a: Armored Ballock|65\/100\n|move|p1a: Armored Ballock|Stealth Rock|p2a: Swampert\n|-sidestart|p2: hayeskerr|move: Stealth Rock\n|\n|upkeep\n|turn|2\n|\n|t:|1700676356\n|move|p2a: Swampert|Earthquake|p1a: Armored Ballock\n|-damage|p1a: Armored Ballock|25\/100\n|move|p1a: Armored Ballock|Toxic Spikes|p2a: Swampert\n|-sidestart|p2: hayeskerr|move: Toxic Spikes\n|\n|upkeep\n|turn|3\n|\n|t:|1700676374\n|switch|p1a: Claire|Salamence, F|100\/100\n|-ability|p1a: Claire|Intimidate|boost\n|-unboost|p2a: Swampert|atk|1\n|move|p2a: Swampert|Waterfall|p1a: Claire\n|-resisted|p1a: Claire\n|-damage|p1a: Claire|85\/100\n|\n|upkeep\n|turn|4\n|\n|t:|1700676388\n|switch|p2a: Dragonite|Dragonite, F|100\/100\n|-damage|p2a: Dragonite|75\/100|[from] Stealth Rock\n|move|p1a: Claire|Dragon Dance|p1a: Claire\n|-boost|p1a: Claire|atk|1\n|-boost|p1a: Claire|spe|1\n|\n|-heal|p2a: Dragonite|82\/100|[from] item: Leftovers\n|upkeep\n|turn|5\n|\n|t:|1700676404\n|move|p1a: Claire|Dragon Claw|p2a: Dragonite\n|-supereffective|p2a: Dragonite\n|-damage|p2a: Dragonite|0 fnt\n|faint|p2a: Dragonite\n|\n|upkeep\n|\n|t:|1700676428\n|switch|p2a: Swampert|Swampert, M|100\/100\n|-damage|p2a: Swampert|94\/100|[from] Stealth Rock\n|-status|p2a: Swampert|psn\n|turn|6\n|\n|t:|1700676438\n|move|p1a: Claire|Dragon Dance|p1a: Claire\n|-boost|p1a: Claire|atk|1\n|-boost|p1a: Claire|spe|1\n|move|p2a: Swampert|Earthquake|p1a: Claire\n|-immune|p1a: Claire\n|\n|-heal|p2a: Swampert|100\/100 psn|[from] item: Leftovers\n|-damage|p2a: Swampert|88\/100 psn|[from] psn\n|upkeep\n|turn|7\n|\n|t:|1700676454\n|move|p1a: Claire|Dragon Dance|p1a: Claire\n|-boost|p1a: Claire|atk|1\n|-boost|p1a: Claire|spe|1\n|move|p2a: Swampert|Stealth Rock|p1a: Claire\n|-sidestart|p1: GroodonKyogri|move: Stealth Rock\n|\n|-heal|p2a: Swampert|94\/100 psn|[from] item: Leftovers\n|-damage|p2a: Swampert|82\/100 psn|[from] psn\n|upkeep\n|turn|8\n|\n|t:|1700676465\n|move|p1a: Claire|Dragon Claw|p2a: Swampert\n|-damage|p2a: Swampert|0 fnt\n|faint|p2a: Swampert\n|\n|upkeep\n|\n|t:|1700676473\n|switch|p2a: Nidoking|Nidoking, M|100\/100\n|-damage|p2a: Nidoking|94\/100|[from] Stealth Rock\n|-sideend|p2: hayeskerr|move: Toxic Spikes|[of] p2a: Nidoking\n|turn|9\n|\n|t:|1700676484\n|move|p1a: Claire|Earthquake|p2a: Nidoking\n|-supereffective|p2a: Nidoking\n|-damage|p2a: Nidoking|0 fnt\n|faint|p2a: Nidoking\n|\n|upkeep\n|\n|t:|1700676491\n|switch|p2a: Alakazam|Alakazam, M|100\/100\n|turn|10\n|\n|t:|1700676502\n|move|p1a: Claire|Dragon Claw|p2a: Alakazam\n|-damage|p2a: Alakazam|0 fnt\n|faint|p2a: Alakazam\n|\n|upkeep\n|\n|t:|1700676510\n|switch|p2a: Charizard|Charizard, F|100\/100\n|-damage|p2a: Charizard|50\/100|[from] Stealth Rock\n|turn|11\n|\n|t:|1700676516\n|move|p1a: Claire|Dragon Claw|p2a: Charizard\n|-damage|p2a: Charizard|0 fnt\n|faint|p2a: Charizard\n|\n|upkeep\n|\n|t:|1700676555\n|switch|p2a: Heracross|Heracross, M|100\/100\n|-damage|p2a: Heracross|88\/100|[from] Stealth Rock\n|turn|12\n|\n|t:|1700676562\n|move|p1a: Claire|Dragon Claw|p2a: Heracross\n|-damage|p2a: Heracross|0 fnt\n|faint|p2a: Heracross\n|\n|win|GroodonKyogri\n|l|\u2606hayeskerr\n","uploadtime":1700676578,"views":8,"p1id":"groodonkyogri","p2id":"hayeskerr","formatid":"gen9nationaldex","rating":0,"private":0,"password":""}