{"id":"gen9nationaldex-1991954819","p1":"AesirEcho","p2":"Bulka4000","format":"[Gen 9] National Dex","log":"|j|\u2606AesirEcho\n|j|\u2606Bulka4000\n|t:|1700142170\n|gametype|singles\n|player|p1|AesirEcho|ethan-masters|\n|player|p2|Bulka4000|1|\n|teamsize|p1|6\n|teamsize|p2|6\n|gen|9\n|tier|[Gen 9] National Dex\n|rule|HP Percentage Mod: HP is shown in percentages\n|rule|Endless Battle Clause: Forcing endless battles is banned\n|rule|OHKO Clause: OHKO moves are banned\n|rule|Evasion Clause: Evasion abilities, items, and moves are banned\n|rule|Evasion Abilities Clause: Evasion abilities are banned\n|rule|Evasion Items Clause: Evasion items are banned\n|rule|Evasion Moves Clause: Evasion moves are banned\n|rule|Species Clause: Limit one of each Pok\u00e9mon\n|rule|Sleep Clause Mod: Limit one foe put to sleep\n|clearpoke\n|poke|p1|Latios, M|\n|poke|p1|Iron Valiant|\n|poke|p1|Urshifu-*, M|\n|poke|p1|Heatran, F|\n|poke|p1|Ferrothorn, F|\n|poke|p1|Landorus-Therian, M|\n|poke|p2|Gengar, M|\n|poke|p2|Zamazenta-*|\n|poke|p2|Garchomp, F|\n|poke|p2|Ting-Lu|\n|poke|p2|Skeledirge, F|\n|poke|p2|Rotom-Wash|\n|teampreview\n|\n|t:|1700142182\n|start\n|switch|p1a: Clypeus Aureus|Ferrothorn, F, shiny|100\/100\n|switch|p2a: Garchomp|Garchomp, F|100\/100\n|turn|1\n|\n|t:|1700142193\n|switch|p2a: Skeledirge|Skeledirge, F|100\/100\n|move|p1a: Clypeus Aureus|Stealth Rock|p2a: Skeledirge\n|-sidestart|p2: Bulka4000|move: Stealth Rock\n|\n|upkeep\n|turn|2\n|\n|t:|1700142202\n|switch|p1a: Molaris Ira|Heatran, F|100\/100\n|move|p2a: Skeledirge|Torch Song|p1a: Molaris Ira\n|-start|p1a: Molaris Ira|ability: Flash Fire\n|\n|upkeep\n|turn|3\n|\n|t:|1700142211\n|move|p1a: Molaris Ira|Toxic|p2a: Skeledirge\n|-status|p2a: Skeledirge|tox\n|move|p2a: Skeledirge|Hex|p1a: Molaris Ira\n|-damage|p1a: Molaris Ira|85\/100\n|\n|-heal|p1a: Molaris Ira|91\/100|[from] item: Leftovers\n|-damage|p2a: Skeledirge|94\/100 tox|[from] psn\n|upkeep\n|turn|4\n|\n|t:|1700142229\n|switch|p2a: Garchomp|Garchomp, F|100\/100\n|-damage|p2a: Garchomp|94\/100|[from] Stealth Rock\n|move|p1a: Molaris Ira|Earth Power|p2a: Garchomp\n|-damage|p2a: Garchomp|65\/100\n|\n|-heal|p1a: Molaris Ira|97\/100|[from] item: Leftovers\n|upkeep\n|turn|5\n|\n|t:|1700142239\n|-end|p1a: Molaris Ira|ability: Flash Fire|[silent]\n|switch|p1a: Terra Tigris|Landorus-Therian, M|100\/100\n|-ability|p1a: Terra Tigris|Intimidate|boost\n|-unboost|p2a: Garchomp|atk|1\n|move|p2a: Garchomp|Swords Dance|p2a: Garchomp\n|-boost|p2a: Garchomp|atk|2\n|\n|upkeep\n|turn|6\n|\n|t:|1700142249\n|move|p2a: Garchomp|Stealth Rock|p1a: Terra Tigris\n|-sidestart|p1: AesirEcho|move: Stealth Rock\n|move|p1a: Terra Tigris|Toxic|p2a: Garchomp\n|-status|p2a: Garchomp|tox\n|\n|-damage|p2a: Garchomp|58\/100 tox|[from] psn\n|upkeep\n|turn|7\n|\n|t:|1700142256\n|move|p2a: Garchomp|Dragon Claw|p1a: Terra Tigris\n|-damage|p1a: Terra Tigris|57\/100\n|-damage|p2a: Garchomp|42\/100 tox|[from] item: Rocky Helmet|[of] p1a: Terra Tigris\n|move|p1a: Terra Tigris|Defog|p2a: Garchomp\n|-unboost|p2a: Garchomp|evasion|1\n|-sideend|p2: Bulka4000|Stealth Rock|[from] move: Defog|[of] p1a: Terra Tigris\n|-sideend|p1: AesirEcho|Stealth Rock|[from] move: Defog|[of] p1a: Terra Tigris\n|\n|-damage|p2a: Garchomp|30\/100 tox|[from] psn\n|upkeep\n|turn|8\n|\n|t:|1700142268\n|move|p2a: Garchomp|Dragon Claw|p1a: Terra Tigris\n|-damage|p1a: Terra Tigris|16\/100\n|-damage|p2a: Garchomp|13\/100 tox|[from] item: Rocky Helmet|[of] p1a: Terra Tigris\n|move|p1a: Terra Tigris|U-turn|p2a: Garchomp\n|-damage|p2a: Garchomp|0 fnt\n|-damage|p1a: Terra Tigris|4\/100|[from] ability: Rough Skin|[of] p2a: Garchomp\n|-damage|p1a: Terra Tigris|0 fnt|[from] item: Rocky Helmet|[of] p2a: Garchomp\n|faint|p2a: Garchomp\n|faint|p1a: Terra Tigris\n|\n|upkeep\n|\n|t:|1700142283\n|switch|p2a: Skeledirge|Skeledirge, F|94\/100 tox\n|switch|p1a: Clypeus Aureus|Ferrothorn, F, shiny|100\/100\n|turn|9\n|\n|t:|1700142293\n|switch|p1a: Molaris Ira|Heatran, F|97\/100\n|move|p2a: Skeledirge|Hex|p1a: Molaris Ira\n|-damage|p1a: Molaris Ira|83\/100\n|\n|-heal|p1a: Molaris Ira|89\/100|[from] item: Leftovers\n|-damage|p2a: Skeledirge|88\/100 tox|[from] psn\n|upkeep\n|turn|10\n|\n|t:|1700142312\n|switch|p2a: Rotom|Rotom-Wash|100\/100\n|move|p1a: Molaris Ira|Magma Storm|p2a: Rotom\n|-resisted|p2a: Rotom\n|-damage|p2a: Rotom|76\/100\n|-activate|p2a: Rotom|move: Magma Storm|[of] p1a: Molaris Ira\n|\n|-heal|p2a: Rotom|83\/100|[from] item: Leftovers\n|-heal|p1a: Molaris Ira|95\/100|[from] item: Leftovers\n|-damage|p2a: Rotom|70\/100|[from] move: Magma Storm|[partiallytrapped]\n|upkeep\n|turn|11\n|\n|t:|1700142328\n|switch|p1a: Clypeus Aureus|Ferrothorn, F, shiny|100\/100\n|move|p2a: Rotom|Hydro Pump|p1a: Clypeus Aureus\n|-resisted|p1a: Clypeus Aureus\n|-damage|p1a: Clypeus Aureus|85\/100\n|\n|-heal|p2a: Rotom|76\/100|[from] item: Leftovers\n|-heal|p1a: Clypeus Aureus|91\/100|[from] item: Leftovers\n|-end|p2a: Rotom|Magma Storm|[partiallytrapped]|[silent]\n|upkeep\n|turn|12\n|\n|t:|1700142338\n|move|p2a: Rotom|Volt Switch|p1a: Clypeus Aureus\n|-resisted|p1a: Clypeus Aureus\n|-damage|p1a: Clypeus Aureus|81\/100\n|\n|t:|1700142352\n|switch|p2a: Skeledirge|Skeledirge, F|88\/100 tox|[from] Volt Switch\n|move|p1a: Clypeus Aureus|Stealth Rock|p2a: Skeledirge\n|-sidestart|p2: Bulka4000|move: Stealth Rock\n|\n|-heal|p1a: Clypeus Aureus|87\/100|[from] item: Leftovers\n|-damage|p2a: Skeledirge|82\/100 tox|[from] psn\n|upkeep\n|turn|13\n|\n|t:|1700142361\n|switch|p1a: Molaris Ira|Heatran, F|95\/100\n|move|p2a: Skeledirge|Will-O-Wisp|p1a: Molaris Ira\n|-start|p1a: Molaris Ira|ability: Flash Fire\n|\n|-heal|p1a: Molaris Ira|100\/100|[from] item: Leftovers\n|-damage|p2a: Skeledirge|70\/100 tox|[from] psn\n|upkeep\n|turn|14\n|\n|t:|1700142378\n|switch|p2a: Ting-Lu|Ting-Lu|100\/100\n|-damage|p2a: Ting-Lu|94\/100|[from] Stealth Rock\n|-ability|p2a: Ting-Lu|Vessel of Ruin\n|move|p1a: Molaris Ira|Earth Power|p2a: Ting-Lu\n|-damage|p2a: Ting-Lu|83\/100\n|\n|-heal|p2a: Ting-Lu|90\/100|[from] item: Leftovers\n|upkeep\n|turn|15\n|\n|t:|1700142391\n|-end|p1a: Molaris Ira|ability: Flash Fire|[silent]\n|switch|p1a: Fulgur Imperatoris|Latios, M|100\/100\n|move|p2a: Ting-Lu|Ruination|p1a: Fulgur Imperatoris\n|-damage|p1a: Fulgur Imperatoris|51\/100\n|\n|-heal|p2a: Ting-Lu|96\/100|[from] item: Leftovers\n|upkeep\n|turn|16\n|\n|t:|1700142400\n|switch|p1a: Clypeus Aureus|Ferrothorn, F, shiny|87\/100\n|move|p2a: Ting-Lu|Whirlwind|p1a: Clypeus Aureus\n|drag|p1a: Molaris Ira|Heatran, F|100\/100\n|\n|-heal|p2a: Ting-Lu|100\/100|[from] item: Leftovers\n|upkeep\n|turn|17\n|\n|t:|1700142410\n|switch|p1a: Clypeus Aureus|Ferrothorn, F, shiny|87\/100\n|move|p2a: Ting-Lu|Earthquake|p1a: Clypeus Aureus\n|-damage|p1a: Clypeus Aureus|64\/100\n|\n|-heal|p1a: Clypeus Aureus|70\/100|[from] item: Leftovers\n|upkeep\n|turn|18\n|\n|t:|1700142419\n|move|p1a: Clypeus Aureus|Leech Seed|p2a: Ting-Lu\n|-start|p2a: Ting-Lu|move: Leech Seed\n|move|p2a: Ting-Lu|Whirlwind|p1a: Clypeus Aureus\n|drag|p1a: Molaris Ira|Heatran, F|100\/100\n|\n|-damage|p2a: Ting-Lu|88\/100|[from] Leech Seed|[of] p1a: Molaris Ira\n|upkeep\n|turn|19\n|\n|t:|1700142429\n|switch|p1a: Clypeus Aureus|Ferrothorn, F, shiny|70\/100\n|switch|p2a: Skeledirge|Skeledirge, F|70\/100 tox\n|\n|-heal|p1a: Clypeus Aureus|76\/100|[from] item: Leftovers\n|-damage|p2a: Skeledirge|64\/100 tox|[from] psn\n|upkeep\n|turn|20\n|\n|t:|1700142444\n|switch|p1a: Molaris Ira|Heatran, F|100\/100\n|move|p2a: Skeledirge|Hex|p1a: Molaris Ira\n|-damage|p1a: Molaris Ira|85\/100\n|\n|-heal|p1a: Molaris Ira|91\/100|[from] item: Leftovers\n|-damage|p2a: Skeledirge|52\/100 tox|[from] psn\n|upkeep\n|turn|21\n|\n|t:|1700142454\n|move|p1a: Molaris Ira|Earth Power|p2a: Skeledirge\n|-supereffective|p2a: Skeledirge\n|-damage|p2a: Skeledirge|0 fnt\n|faint|p2a: Skeledirge\n|\n|-heal|p1a: Molaris Ira|97\/100|[from] item: Leftovers\n|upkeep\n|\n|t:|1700142461\n|switch|p2a: Rotom|Rotom-Wash|76\/100\n|-damage|p2a: Rotom|64\/100|[from] Stealth Rock\n|turn|22\n|\n|t:|1700142468\n|switch|p1a: Clypeus Aureus|Ferrothorn, F, shiny|76\/100\n|move|p2a: Rotom|Will-O-Wisp|p1a: Clypeus Aureus\n|-status|p1a: Clypeus Aureus|brn\n|\n|-heal|p2a: Rotom|70\/100|[from] item: Leftovers\n|-heal|p1a: Clypeus Aureus|82\/100 brn|[from] item: Leftovers\n|-damage|p1a: Clypeus Aureus|76\/100 brn|[from] brn\n|upkeep\n|turn|23\n|\n|t:|1700142486\n|move|p2a: Rotom|Defog|p1a: Clypeus Aureus\n|-unboost|p1a: Clypeus Aureus|evasion|1\n|-sideend|p2: Bulka4000|Stealth Rock|[from] move: Defog|[of] p2a: Rotom\n|move|p1a: Clypeus Aureus|Leech Seed|p2a: Rotom\n|-start|p2a: Rotom|move: Leech Seed\n|\n|-heal|p2a: Rotom|76\/100|[from] item: Leftovers\n|-heal|p1a: Clypeus Aureus|82\/100 brn|[from] item: Leftovers\n|-damage|p2a: Rotom|64\/100|[from] Leech Seed|[of] p1a: Clypeus Aureus\n|-heal|p1a: Clypeus Aureus|93\/100 brn|[silent]\n|-damage|p1a: Clypeus Aureus|87\/100 brn|[from] brn\n|upkeep\n|turn|24\n|\n|t:|1700142499\n|switch|p2a: Zamazenta|Zamazenta|100\/100\n|-ability|p2a: Zamazenta|Dauntless Shield|boost\n|-boost|p2a: Zamazenta|def|1\n|move|p1a: Clypeus Aureus|Stealth Rock|p2a: Zamazenta\n|-sidestart|p2: Bulka4000|move: Stealth Rock\n|\n|-heal|p1a: Clypeus Aureus|93\/100 brn|[from] item: Leftovers\n|-damage|p1a: Clypeus Aureus|87\/100 brn|[from] brn\n|upkeep\n|turn|25\n|\n|t:|1700142530\n|-terastallize|p1a: Clypeus Aureus|Water\n|move|p2a: Zamazenta|Ice Fang|p1a: Clypeus Aureus\n|-resisted|p1a: Clypeus Aureus\n|-damage|p1a: Clypeus Aureus|77\/100 brn\n|-damage|p2a: Zamazenta|88\/100|[from] ability: Iron Barbs|[of] p1a: Clypeus Aureus\n|move|p1a: Clypeus Aureus|Leech Seed|p2a: Zamazenta\n|-start|p2a: Zamazenta|move: Leech Seed\n|\n|-heal|p1a: Clypeus Aureus|84\/100 brn|[from] item: Leftovers\n|-damage|p2a: Zamazenta|76\/100|[from] Leech Seed|[of] p1a: Clypeus Aureus\n|-heal|p1a: Clypeus Aureus|95\/100 brn|[silent]\n|-damage|p1a: Clypeus Aureus|89\/100 brn|[from] brn\n|upkeep\n|turn|26\n|\n|t:|1700142543\n|switch|p2a: Rotom|Rotom-Wash|64\/100\n|-damage|p2a: Rotom|51\/100|[from] Stealth Rock\n|move|p1a: Clypeus Aureus|Gyro Ball|p2a: Rotom\n|-resisted|p2a: Rotom\n|-damage|p2a: Rotom|48\/100\n|\n|-heal|p2a: Rotom|54\/100|[from] item: Leftovers\n|-heal|p1a: Clypeus Aureus|95\/100 brn|[from] item: Leftovers\n|-damage|p1a: Clypeus Aureus|89\/100 brn|[from] brn\n|upkeep\n|turn|27\n|\n|t:|1700142555\n|switch|p1a: Fulgur Imperatoris|Latios, M|51\/100\n|move|p2a: Rotom|Volt Switch|p1a: Fulgur Imperatoris\n|-resisted|p1a: Fulgur Imperatoris\n|-damage|p1a: Fulgur Imperatoris|38\/100\n|\n|t:|1700142561\n|switch|p2a: Ting-Lu|Ting-Lu|88\/100|[from] Volt Switch\n|-damage|p2a: Ting-Lu|82\/100|[from] Stealth Rock\n|-ability|p2a: Ting-Lu|Vessel of Ruin\n|\n|-heal|p2a: Ting-Lu|88\/100|[from] item: Leftovers\n|upkeep\n|turn|28\n|\n|t:|1700142571\n|detailschange|p1a: Fulgur Imperatoris|Latios-Mega, M\n|-mega|p1a: Fulgur Imperatoris|Latios|Latiosite\n|move|p1a: Fulgur Imperatoris|Roost|p1a: Fulgur Imperatoris\n|-heal|p1a: Fulgur Imperatoris|89\/100\n|-singleturn|p1a: Fulgur Imperatoris|move: Roost\n|move|p2a: Ting-Lu|Ruination|p1a: Fulgur Imperatoris|[miss]\n|-miss|p2a: Ting-Lu|p1a: Fulgur Imperatoris\n|\n|-heal|p2a: Ting-Lu|94\/100|[from] item: Leftovers\n|upkeep\n|turn|29\n|\n|t:|1700142582\n|switch|p1a: Clypeus Aureus|Ferrothorn, F, shiny, tera:Water|89\/100 brn\n|move|p2a: Ting-Lu|Ruination|p1a: Clypeus Aureus\n|-damage|p1a: Clypeus Aureus|45\/100 brn\n|\n|-heal|p2a: Ting-Lu|100\/100|[from] item: Leftovers\n|-heal|p1a: Clypeus Aureus|51\/100 brn|[from] item: Leftovers\n|-damage|p1a: Clypeus Aureus|45\/100 brn|[from] brn\n|upkeep\n|turn|30\n|\n|t:|1700142592\n|move|p1a: Clypeus Aureus|Power Whip|p2a: Ting-Lu\n|-supereffective|p2a: Ting-Lu\n|-damage|p2a: Ting-Lu|79\/100\n|move|p2a: Ting-Lu|Whirlwind|p1a: Clypeus Aureus\n|drag|p1a: Molaris Ira|Heatran, F|97\/100\n|\n|-heal|p1a: Molaris Ira|100\/100|[from] item: Leftovers\n|-heal|p2a: Ting-Lu|86\/100|[from] item: Leftovers\n|upkeep\n|turn|31\n|\n|t:|1700142602\n|switch|p1a: Fulgur Imperatoris|Latios-Mega, M|89\/100\n|move|p2a: Ting-Lu|Ruination|p1a: Fulgur Imperatoris\n|-damage|p1a: Fulgur Imperatoris|45\/100\n|\n|-heal|p2a: Ting-Lu|92\/100|[from] item: Leftovers\n|upkeep\n|turn|32\n|\n|t:|1700142610\n|move|p1a: Fulgur Imperatoris|Roost|p1a: Fulgur Imperatoris\n|-heal|p1a: Fulgur Imperatoris|95\/100\n|-singleturn|p1a: Fulgur Imperatoris|move: Roost\n|move|p2a: Ting-Lu|Ruination|p1a: Fulgur Imperatoris\n|-damage|p1a: Fulgur Imperatoris|48\/100\n|\n|-heal|p2a: Ting-Lu|98\/100|[from] item: Leftovers\n|upkeep\n|turn|33\n|\n|t:|1700142618\n|move|p1a: Fulgur Imperatoris|Roost|p1a: Fulgur Imperatoris\n|-heal|p1a: Fulgur Imperatoris|98\/100\n|-singleturn|p1a: Fulgur Imperatoris|move: Roost\n|move|p2a: Ting-Lu|Ruination|p1a: Fulgur Imperatoris\n|-damage|p1a: Fulgur Imperatoris|49\/100\n|\n|-heal|p2a: Ting-Lu|100\/100|[from] item: Leftovers\n|upkeep\n|turn|34\n|\n|t:|1700142626\n|switch|p1a: Clypeus Aureus|Ferrothorn, F, shiny, tera:Water|45\/100 brn\n|move|p2a: Ting-Lu|Whirlwind|p1a: Clypeus Aureus\n|drag|p1a: Lunae Bellator|Iron Valiant, shiny|100\/100\n|-enditem|p1a: Lunae Bellator|Booster Energy\n|-activate|p1a: Lunae Bellator|ability: Quark Drive|[fromitem]\n|-start|p1a: Lunae Bellator|quarkdrivespe\n|\n|upkeep\n|turn|35\n|\n|t:|1700142638\n|switch|p2a: Gengar|Gengar, M|100\/100\n|-damage|p2a: Gengar|88\/100|[from] Stealth Rock\n|move|p1a: Lunae Bellator|Moonblast|p2a: Gengar\n|-resisted|p2a: Gengar\n|-damage|p2a: Gengar|51\/100\n|-start|p1a: Lunae Bellator|Disable|Moonblast|[from] ability: Cursed Body|[of] p2a: Gengar\n|\n|upkeep\n|turn|36\n|\n|t:|1700142650\n|move|p1a: Lunae Bellator|Thunderbolt|p2a: Gengar\n|-damage|p2a: Gengar|3\/100\n|-status|p2a: Gengar|par\n|move|p2a: Gengar|Shadow Ball|p1a: Lunae Bellator\n|-damage|p1a: Lunae Bellator|30\/100\n|\n|upkeep\n|turn|37\n|\n|t:|1700142657\n|move|p1a: Lunae Bellator|Thunderbolt|p2a: Gengar\n|-damage|p2a: Gengar|0 fnt\n|faint|p2a: Gengar\n|\n|upkeep\n|\n|t:|1700142661\n|switch|p2a: Rotom|Rotom-Wash|54\/100\n|-damage|p2a: Rotom|42\/100|[from] Stealth Rock\n|turn|38\n|\n|t:|1700142668\n|move|p1a: Lunae Bellator|Focus Blast|p2a: Rotom|[miss]\n|-miss|p1a: Lunae Bellator|p2a: Rotom\n|move|p2a: Rotom|Hydro Pump|p1a: Lunae Bellator\n|-damage|p1a: Lunae Bellator|0 fnt\n|faint|p1a: Lunae Bellator\n|-end|p1a: Lunae Bellator|Quark Drive|[silent]\n|\n|-heal|p2a: Rotom|48\/100|[from] item: Leftovers\n|upkeep\n|\n|t:|1700142675\n|switch|p1a: Fulgur Imperatoris|Latios-Mega, M|49\/100\n|turn|39\n|\n|t:|1700142680\n|move|p1a: Fulgur Imperatoris|Roost|p1a: Fulgur Imperatoris\n|-heal|p1a: Fulgur Imperatoris|99\/100\n|-singleturn|p1a: Fulgur Imperatoris|move: Roost\n|move|p2a: Rotom|Volt Switch|p1a: Fulgur Imperatoris\n|-resisted|p1a: Fulgur Imperatoris\n|-damage|p1a: Fulgur Imperatoris|88\/100\n|\n|t:|1700142686\n|switch|p2a: Ting-Lu|Ting-Lu|100\/100|[from] Volt Switch\n|-damage|p2a: Ting-Lu|94\/100|[from] Stealth Rock\n|-ability|p2a: Ting-Lu|Vessel of Ruin\n|\n|-heal|p2a: Ting-Lu|100\/100|[from] item: Leftovers\n|upkeep\n|turn|40\n|\n|t:|1700142699\n|move|p1a: Fulgur Imperatoris|Calm Mind|p1a: Fulgur Imperatoris\n|-boost|p1a: Fulgur Imperatoris|spa|1\n|-boost|p1a: Fulgur Imperatoris|spd|1\n|move|p2a: Ting-Lu|Ruination|p1a: Fulgur Imperatoris|[miss]\n|-miss|p2a: Ting-Lu|p1a: Fulgur Imperatoris\n|\n|upkeep\n|turn|41\n|\n|t:|1700142707\n|move|p1a: Fulgur Imperatoris|Draco Meteor|p2a: Ting-Lu\n|-damage|p2a: Ting-Lu|55\/100\n|-unboost|p1a: Fulgur Imperatoris|spa|2\n|move|p2a: Ting-Lu|Whirlwind|p1a: Fulgur Imperatoris\n|drag|p1a: Clypeus Aureus|Ferrothorn, F, shiny, tera:Water|45\/100 brn\n|\n|-heal|p2a: Ting-Lu|62\/100|[from] item: Leftovers\n|-heal|p1a: Clypeus Aureus|51\/100 brn|[from] item: Leftovers\n|-damage|p1a: Clypeus Aureus|45\/100 brn|[from] brn\n|upkeep\n|turn|42\n|\n|t:|1700142720\n|move|p2a: Ting-Lu|Ruination|p1a: Clypeus Aureus\n|-damage|p1a: Clypeus Aureus|23\/100 brn\n|move|p1a: Clypeus Aureus|Leech Seed|p2a: Ting-Lu\n|-start|p2a: Ting-Lu|move: Leech Seed\n|\n|-heal|p2a: Ting-Lu|68\/100|[from] item: Leftovers\n|-heal|p1a: Clypeus Aureus|29\/100 brn|[from] item: Leftovers\n|-damage|p2a: Ting-Lu|55\/100|[from] Leech Seed|[of] p1a: Clypeus Aureus\n|-heal|p1a: Clypeus Aureus|47\/100 brn|[silent]\n|-damage|p1a: Clypeus Aureus|41\/100 brn|[from] brn\n|upkeep\n|turn|43\n|\n|t:|1700142730\n|move|p1a: Clypeus Aureus|Power Whip|p2a: Ting-Lu\n|-supereffective|p2a: Ting-Lu\n|-damage|p2a: Ting-Lu|33\/100\n|move|p2a: Ting-Lu|Whirlwind|p1a: Clypeus Aureus\n|drag|p1a: Fulgur Imperatoris|Latios-Mega, M|88\/100\n|\n|-heal|p2a: Ting-Lu|39\/100|[from] item: Leftovers\n|-damage|p2a: Ting-Lu|27\/100|[from] Leech Seed|[of] p1a: Fulgur Imperatoris\n|-heal|p1a: Fulgur Imperatoris|100\/100|[silent]\n|upkeep\n|turn|44\n|\n|t:|1700142740\n|switch|p2a: Rotom|Rotom-Wash|48\/100\n|-damage|p2a: Rotom|35\/100|[from] Stealth Rock\n|move|p1a: Fulgur Imperatoris|Draco Meteor|p2a: Rotom\n|-damage|p2a: Rotom|0 fnt\n|-unboost|p1a: Fulgur Imperatoris|spa|2\n|faint|p2a: Rotom\n|\n|upkeep\n|\n|t:|1700142750\n|switch|p2a: Ting-Lu|Ting-Lu|27\/100\n|-damage|p2a: Ting-Lu|21\/100|[from] Stealth Rock\n|-ability|p2a: Ting-Lu|Vessel of Ruin\n|turn|45\n|\n|t:|1700142755\n|move|p1a: Fulgur Imperatoris|Draco Meteor|p2a: Ting-Lu|[miss]\n|-miss|p1a: Fulgur Imperatoris|p2a: Ting-Lu\n|move|p2a: Ting-Lu|Ruination|p1a: Fulgur Imperatoris\n|-damage|p1a: Fulgur Imperatoris|51\/100\n|\n|-heal|p2a: Ting-Lu|27\/100|[from] item: Leftovers\n|upkeep\n|turn|46\n|\n|t:|1700142765\n|switch|p1a: Clypeus Aureus|Ferrothorn, F, shiny, tera:Water|41\/100 brn\n|move|p2a: Ting-Lu|Ruination|p1a: Clypeus Aureus|[miss]\n|-miss|p2a: Ting-Lu|p1a: Clypeus Aureus\n|\n|-heal|p2a: Ting-Lu|33\/100|[from] item: Leftovers\n|-heal|p1a: Clypeus Aureus|47\/100 brn|[from] item: Leftovers\n|-damage|p1a: Clypeus Aureus|41\/100 brn|[from] brn\n|upkeep\n|turn|47\n|\n|t:|1700142778\n|switch|p2a: Zamazenta|Zamazenta|76\/100\n|-damage|p2a: Zamazenta|70\/100|[from] Stealth Rock\n|move|p1a: Clypeus Aureus|Power Whip|p2a: Zamazenta\n|-damage|p2a: Zamazenta|51\/100\n|\n|-heal|p1a: Clypeus Aureus|47\/100 brn|[from] item: Leftovers\n|-damage|p1a: Clypeus Aureus|41\/100 brn|[from] brn\n|upkeep\n|turn|48\n|\n|t:|1700142788\n|move|p2a: Zamazenta|Wild Charge|p1a: Clypeus Aureus\n|-supereffective|p1a: Clypeus Aureus\n|-damage|p1a: Clypeus Aureus|0 fnt\n|-damage|p2a: Zamazenta|39\/100|[from] ability: Iron Barbs|[of] p1a: Clypeus Aureus\n|faint|p1a: Clypeus Aureus\n|-damage|p2a: Zamazenta|28\/100|[from] Recoil\n|\n|upkeep\n|\n|t:|1700142795\n|switch|p1a: Urshifu|Urshifu-Rapid-Strike, M|100\/100\n|turn|49\n|\n|t:|1700142800\n|move|p1a: Urshifu|Surging Strikes|p2a: Zamazenta\n|-crit|p2a: Zamazenta\n|-damage|p2a: Zamazenta|10\/100\n|-crit|p2a: Zamazenta\n|-damage|p2a: Zamazenta|0 fnt\n|faint|p2a: Zamazenta\n|-hitcount|p2: Zamazenta|2\n|\n|upkeep\n|\n|t:|1700142807\n|switch|p2a: Ting-Lu|Ting-Lu|33\/100\n|-damage|p2a: Ting-Lu|27\/100|[from] Stealth Rock\n|-ability|p2a: Ting-Lu|Vessel of Ruin\n|turn|50\n|c|\u2606AesirEcho|gg\n|\n|t:|1700142814\n|-terastallize|p2a: Ting-Lu|Dark\n|move|p1a: Urshifu|Surging Strikes|p2a: Ting-Lu\n|-crit|p2a: Ting-Lu\n|-damage|p2a: Ting-Lu|16\/100\n|-crit|p2a: Ting-Lu\n|-damage|p2a: Ting-Lu|4\/100\n|-crit|p2a: Ting-Lu\n|-damage|p2a: Ting-Lu|0 fnt\n|faint|p2a: Ting-Lu\n|-hitcount|p2: Ting-Lu|3\n|\n|win|AesirEcho\n","uploadtime":1700142823,"views":4,"p1id":"aesirecho","p2id":"bulka4000","formatid":"gen9nationaldex","rating":0,"private":0,"password":""}