{"id":"gen9nationaldex-1999298492","p1":"Dragoncharmer 2023","p2":"CalmMindLeafeon","format":"[Gen 9] National Dex","log":"|html|<div class=\"broadcast-blue\"><strong>[Gen 9] National Dex is currently suspecting Sneasler! For information on how to participate check out the <a href=\"https:\/\/www.smogon.com\/forums\/threads\/sv-national-dex-suspect-8-just-dance.3731534\/\">suspect thread<\/a>.<\/strong><\/div>\n|j|\u2606Dragoncharmer 2023\n|j|\u2606CalmMindLeafeon\n|t:|1701056793\n|gametype|singles\n|player|p1|Dragoncharmer 2023|cilan|1182\n|player|p2|CalmMindLeafeon|pokemonbreeder|1088\n|teamsize|p1|6\n|teamsize|p2|6\n|gen|9\n|tier|[Gen 9] National Dex\n|rated|\n|rule|HP Percentage Mod: HP is shown in percentages\n|rule|Endless Battle Clause: Forcing endless battles is banned\n|rule|OHKO Clause: OHKO moves are banned\n|rule|Evasion Clause: Evasion abilities, items, and moves are banned\n|rule|Evasion Abilities Clause: Evasion abilities are banned\n|rule|Evasion Items Clause: Evasion items are banned\n|rule|Evasion Moves Clause: Evasion moves are banned\n|rule|Species Clause: Limit one of each Pok\u00e9mon\n|rule|Sleep Clause Mod: Limit one foe put to sleep\n|clearpoke\n|poke|p1|Arctozolt|\n|poke|p1|Aurorus, F|\n|poke|p1|Serperior, F|\n|poke|p1|Flygon, F|\n|poke|p1|Goodra, F|\n|poke|p1|Salazzle, F|\n|poke|p2|Leafeon, M|\n|poke|p2|Ninetales, F|\n|poke|p2|Excadrill, F|\n|poke|p2|Moltres|\n|poke|p2|Blaziken, F|\n|poke|p2|Torkoal, F|\n|teampreview\n|inactive|Battle timer is ON: inactive players will automatically lose when time's up. (requested by CalmMindLeafeon)\n|\n|t:|1701056804\n|start\n|switch|p1a: Shealady|Salazzle, F|100\/100\n|switch|p2a: Excadrill|Excadrill, F|100\/100\n|-ability|p2a: Excadrill|Mold Breaker\n|turn|1\n|\n|t:|1701056817\n|move|p1a: Shealady|Flamethrower|p2a: Excadrill\n|-supereffective|p2a: Excadrill\n|-enditem|p2a: Excadrill|Focus Sash\n|-damage|p2a: Excadrill|1\/100\n|move|p2a: Excadrill|Rapid Spin|p1a: Shealady\n|-damage|p1a: Shealady|61\/100\n|-boost|p2a: Excadrill|spe|1\n|\n|upkeep\n|turn|2\n|\n|t:|1701056828\n|move|p2a: Excadrill|Earthquake|p1a: Shealady\n|-supereffective|p1a: Shealady\n|-damage|p1a: Shealady|0 fnt\n|faint|p1a: Shealady\n|\n|upkeep\n|\n|t:|1701056851\n|switch|p1a: Glory|Serperior, F|100\/100\n|turn|3\n|\n|t:|1701056854\n|move|p2a: Excadrill|Stealth Rock|p1a: Glory\n|-sidestart|p1: Dragoncharmer 2023|move: Stealth Rock\n|move|p1a: Glory|Leaf Storm|p2a: Excadrill\n|-damage|p2a: Excadrill|0 fnt\n|-boost|p1a: Glory|spa|2\n|faint|p2a: Excadrill\n|\n|upkeep\n|\n|t:|1701056862\n|switch|p2a: Ninetales|Ninetales, F|100\/100\n|-weather|SunnyDay|[from] ability: Drought|[of] p2a: Ninetales\n|turn|4\n|\n|t:|1701056868\n|-terastallize|p1a: Glory|Dragon\n|move|p2a: Ninetales|Weather Ball|p1a: Glory\n|-resisted|p1a: Glory\n|-damage|p1a: Glory|73\/100\n|move|p1a: Glory|Substitute|p1a: Glory\n|-start|p1a: Glory|Substitute\n|-damage|p1a: Glory|48\/100\n|\n|-weather|SunnyDay|[upkeep]\n|-heal|p1a: Glory|54\/100|[from] item: Leftovers\n|upkeep\n|turn|5\n|\n|t:|1701056877\n|move|p2a: Ninetales|Weather Ball|p1a: Glory\n|-resisted|p1a: Glory\n|-end|p1a: Glory|Substitute\n|move|p1a: Glory|Hidden Power|p2a: Ninetales\n|-supereffective|p2a: Ninetales\n|-damage|p2a: Ninetales|30\/100\n|\n|-weather|SunnyDay|[upkeep]\n|-heal|p1a: Glory|60\/100|[from] item: Leftovers\n|upkeep\n|turn|6\n|\n|t:|1701056891\n|move|p2a: Ninetales|Weather Ball|p1a: Glory\n|-resisted|p1a: Glory\n|-damage|p1a: Glory|31\/100\n|move|p1a: Glory|Hidden Power|p2a: Ninetales\n|-supereffective|p2a: Ninetales\n|-damage|p2a: Ninetales|0 fnt\n|faint|p2a: Ninetales\n|\n|-weather|SunnyDay|[upkeep]\n|-heal|p1a: Glory|37\/100|[from] item: Leftovers\n|upkeep\n|\n|t:|1701056898\n|switch|p2a: Leafeon|Leafeon, M|100\/100\n|turn|7\n|\n|t:|1701056905\n|move|p2a: Leafeon|Solar Blade||[still]\n|-prepare|p2a: Leafeon|Solar Blade\n|-anim|p2a: Leafeon|Solar Blade|p1a: Glory\n|-resisted|p1a: Glory\n|-damage|p1a: Glory|0 fnt\n|faint|p1a: Glory\n|\n|-weather|SunnyDay|[upkeep]\n|upkeep\n|\n|t:|1701056912\n|switch|p1a: Cheesecake|Goodra, F, shiny|100\/100\n|-damage|p1a: Cheesecake|88\/100|[from] Stealth Rock\n|turn|8\n|\n|t:|1701056916\n|switch|p2a: Blaziken|Blaziken, F|100\/100\n|move|p1a: Cheesecake|Flamethrower|p2a: Blaziken\n|-resisted|p2a: Blaziken\n|-damage|p2a: Blaziken|72\/100\n|\n|-weather|SunnyDay|[upkeep]\n|upkeep\n|turn|9\n|\n|t:|1701056927\n|switch|p1a: Clarity|Aurorus, F|100\/100\n|-damage|p1a: Clarity|76\/100|[from] Stealth Rock\n|-weather|Snow|[from] ability: Snow Warning|[of] p1a: Clarity\n|move|p2a: Blaziken|Close Combat|p1a: Clarity\n|-supereffective|p1a: Clarity\n|-damage|p1a: Clarity|0 fnt\n|-unboost|p2a: Blaziken|def|1\n|-unboost|p2a: Blaziken|spd|1\n|faint|p1a: Clarity\n|\n|-weather|Snow|[upkeep]\n|-ability|p2a: Blaziken|Speed Boost|boost\n|-boost|p2a: Blaziken|spe|1\n|upkeep\n|\n|t:|1701056939\n|switch|p1a: Chilley Boi|Arctozolt|100\/100\n|-damage|p1a: Chilley Boi|76\/100|[from] Stealth Rock\n|turn|10\n|\n|t:|1701056947\n|switch|p2a: Torkoal|Torkoal, F|100\/100\n|-weather|SunnyDay|[from] ability: Drought|[of] p2a: Torkoal\n|move|p1a: Chilley Boi|Bolt Beak|p2a: Torkoal\n|-damage|p2a: Torkoal|45\/100\n|\n|-weather|SunnyDay|[upkeep]\n|upkeep\n|turn|11\n|\n|t:|1701056955\n|switch|p2a: Leafeon|Leafeon, M|100\/100\n|move|p1a: Chilley Boi|Bolt Beak|p2a: Leafeon\n|-resisted|p2a: Leafeon\n|-damage|p2a: Leafeon|60\/100\n|\n|-weather|SunnyDay|[upkeep]\n|upkeep\n|turn|12\n|\n|t:|1701056964\n|switch|p1a: Cheesecake|Goodra, F, shiny|88\/100\n|-damage|p1a: Cheesecake|75\/100|[from] Stealth Rock\n|move|p2a: Leafeon|Solar Blade||[still]\n|-prepare|p2a: Leafeon|Solar Blade\n|-anim|p2a: Leafeon|Solar Blade|p1a: Cheesecake\n|-ability|p1a: Cheesecake|Sap Sipper|boost\n|-boost|p1a: Cheesecake|atk|1\n|\n|-weather|SunnyDay|[upkeep]\n|upkeep\n|turn|13\n|\n|t:|1701056974\n|switch|p2a: Blaziken|Blaziken, F|72\/100\n|move|p1a: Cheesecake|Sludge Bomb|p2a: Blaziken\n|-damage|p2a: Blaziken|31\/100\n|-status|p2a: Blaziken|psn\n|\n|-weather|SunnyDay|[upkeep]\n|-damage|p2a: Blaziken|18\/100 psn|[from] psn\n|upkeep\n|turn|14\n|\n|t:|1701056985\n|move|p2a: Blaziken|Close Combat|p1a: Cheesecake\n|-damage|p1a: Cheesecake|0 fnt\n|-unboost|p2a: Blaziken|def|1\n|-unboost|p2a: Blaziken|spd|1\n|faint|p1a: Cheesecake\n|\n|-weather|SunnyDay|[upkeep]\n|-damage|p2a: Blaziken|6\/100 psn|[from] psn\n|-ability|p2a: Blaziken|Speed Boost|boost\n|-boost|p2a: Blaziken|spe|1\n|upkeep\n|\n|t:|1701056994\n|switch|p1a: Chilley Boi|Arctozolt|76\/100\n|-damage|p1a: Chilley Boi|51\/100|[from] Stealth Rock\n|turn|15\n|\n|t:|1701056998\n|move|p1a: Chilley Boi|Protect|p1a: Chilley Boi\n|-singleturn|p1a: Chilley Boi|Protect\n|move|p2a: Blaziken|Close Combat|p1a: Chilley Boi\n|-activate|p1a: Chilley Boi|move: Protect\n|\n|-weather|SunnyDay|[upkeep]\n|-damage|p2a: Blaziken|0 fnt|[from] psn\n|faint|p2a: Blaziken\n|upkeep\n|\n|t:|1701057002\n|switch|p2a: Leafeon|Leafeon, M|60\/100\n|turn|16\n|\n|t:|1701057010\n|move|p2a: Leafeon|Solar Blade||[still]\n|-prepare|p2a: Leafeon|Solar Blade\n|-anim|p2a: Leafeon|Solar Blade|p1a: Chilley Boi\n|-damage|p1a: Chilley Boi|0 fnt\n|faint|p1a: Chilley Boi\n|\n|-weather|SunnyDay|[upkeep]\n|upkeep\n|\n|t:|1701057017\n|switch|p1a: Cricket|Flygon, F|100\/100\n|-damage|p1a: Cricket|95\/100|[from] Stealth Rock\n|turn|17\n|\n|t:|1701057024\n|move|p2a: Leafeon|Solar Blade||[still]\n|-prepare|p2a: Leafeon|Solar Blade\n|-anim|p2a: Leafeon|Solar Blade|p1a: Cricket\n|-damage|p1a: Cricket|0 fnt\n|faint|p1a: Cricket\n|\n|win|CalmMindLeafeon\n|raw|Dragoncharmer 2023's rating: 1182 &rarr; <strong>1150<\/strong><br \/>(-32 for losing)\n|raw|CalmMindLeafeon's rating: 1088 &rarr; <strong>1122<\/strong><br \/>(+34 for winning)\n|c|\u2606CalmMindLeafeon|Gg\n|l|\u2606Dragoncharmer 2023\n","uploadtime":1701057035,"views":21,"p1id":"dragoncharmer2023","p2id":"calmmindleafeon","formatid":"gen9nationaldex","rating":1122,"private":0,"password":""}