{"id":"gen9nationaldex-1995661433","p1":"zeonteo","p2":"galladesimp","format":"[Gen 9] National Dex","log":"|html|<div class=\"broadcast-blue\"><strong>[Gen 9] National Dex is currently suspecting Sneasler! For information on how to participate check out the <a href=\"https:\/\/www.smogon.com\/forums\/threads\/sv-national-dex-suspect-8-just-dance.3731534\/\">suspect thread<\/a>.<\/strong><\/div>\n|j|\u2606zeonteo\n|j|\u2606galladesimp\n|t:|1700591751\n|gametype|singles\n|player|p1|zeonteo|pokemonranger-gen4|1298\n|player|p2|galladesimp|elesa-masters2|1353\n|teamsize|p1|6\n|teamsize|p2|6\n|gen|9\n|tier|[Gen 9] National Dex\n|rated|\n|rule|HP Percentage Mod: HP is shown in percentages\n|rule|Endless Battle Clause: Forcing endless battles is banned\n|rule|OHKO Clause: OHKO moves are banned\n|rule|Evasion Clause: Evasion abilities, items, and moves are banned\n|rule|Evasion Abilities Clause: Evasion abilities are banned\n|rule|Evasion Items Clause: Evasion items are banned\n|rule|Evasion Moves Clause: Evasion moves are banned\n|rule|Species Clause: Limit one of each Pok\u00e9mon\n|rule|Sleep Clause Mod: Limit one foe put to sleep\n|clearpoke\n|poke|p1|Raichu-Alola, F|\n|poke|p1|Tapu Koko|\n|poke|p1|Iron Hands|\n|poke|p1|Iron Jugulis|\n|poke|p1|Iron Treads|\n|poke|p1|Iron Moth|\n|poke|p2|Beedrill, M|\n|poke|p2|Mandibuzz, F|\n|poke|p2|Espeon, F|\n|poke|p2|Swampert, M|\n|poke|p2|Darmanitan, F|\n|poke|p2|Celebi|\n|teampreview\n|inactive|Battle timer is ON: inactive players will automatically lose when time's up. (requested by galladesimp)\n|inactive|zeonteo also wants the timer to be on.\n|\n|t:|1700591770\n|start\n|switch|p1a: Iron Moth|Iron Moth|100\/100\n|switch|p2a: Beedrill|Beedrill, M|100\/100\n|-enditem|p1a: Iron Moth|Booster Energy\n|-activate|p1a: Iron Moth|ability: Quark Drive|[fromitem]\n|-start|p1a: Iron Moth|quarkdrivespa\n|turn|1\n|\n|t:|1700591785\n|detailschange|p2a: Beedrill|Beedrill-Mega, M\n|-mega|p2a: Beedrill|Beedrill|Beedrillite\n|move|p2a: Beedrill|Drill Run|p1a: Iron Moth\n|-supereffective|p1a: Iron Moth\n|-damage|p1a: Iron Moth|0 fnt\n|faint|p1a: Iron Moth\n|-end|p1a: Iron Moth|Quark Drive|[silent]\n|\n|upkeep\n|\n|t:|1700591807\n|switch|p1a: Iron Jugulis|Iron Jugulis|100\/100\n|-enditem|p1a: Iron Jugulis|Booster Energy\n|-activate|p1a: Iron Jugulis|ability: Quark Drive|[fromitem]\n|-start|p1a: Iron Jugulis|quarkdrivespe\n|turn|2\n|\n|t:|1700591820\n|switch|p2a: Swampert|Swampert, M|100\/100\n|move|p1a: Iron Jugulis|Dragon Pulse|p2a: Swampert\n|-damage|p2a: Swampert|81\/100\n|\n|-heal|p2a: Swampert|87\/100|[from] item: Leftovers\n|upkeep\n|turn|3\n|\n|t:|1700591833\n|-end|p1a: Iron Jugulis|Quark Drive|[silent]\n|switch|p1a: Iron Hands|Iron Hands|100\/100\n|-enditem|p1a: Iron Hands|Booster Energy\n|-activate|p1a: Iron Hands|ability: Quark Drive|[fromitem]\n|-start|p1a: Iron Hands|quarkdriveatk\n|move|p2a: Swampert|Stealth Rock|p1a: Iron Hands\n|-sidestart|p1: zeonteo|move: Stealth Rock\n|\n|-heal|p2a: Swampert|93\/100|[from] item: Leftovers\n|upkeep\n|turn|4\n|\n|t:|1700591846\n|move|p2a: Swampert|Toxic|p1a: Iron Hands\n|-status|p1a: Iron Hands|tox\n|move|p1a: Iron Hands|Ice Punch|p2a: Swampert\n|-damage|p2a: Swampert|57\/100\n|\n|-heal|p2a: Swampert|63\/100|[from] item: Leftovers\n|-damage|p1a: Iron Hands|94\/100 tox|[from] psn\n|upkeep\n|turn|5\n|\n|t:|1700591860\n|move|p2a: Swampert|Flip Turn|p1a: Iron Hands\n|-damage|p1a: Iron Hands|81\/100 tox\n|\n|t:|1700591863\n|switch|p2a: Celebi|Celebi|100\/100|[from] Flip Turn\n|move|p1a: Iron Hands|Thunder Punch|p2a: Celebi\n|-resisted|p2a: Celebi\n|-damage|p2a: Celebi|75\/100\n|-status|p2a: Celebi|par\n|\n|-heal|p2a: Celebi|81\/100 par|[from] item: Leftovers\n|-damage|p1a: Iron Hands|69\/100 tox|[from] psn\n|upkeep\n|turn|6\n|\n|t:|1700591877\n|-end|p1a: Iron Hands|Quark Drive|[silent]\n|switch|p1a: Tapu Koko|Tapu Koko|100\/100\n|-damage|p1a: Tapu Koko|88\/100|[from] Stealth Rock\n|-fieldstart|move: Electric Terrain|[from] ability: Electric Surge|[of] p1a: Tapu Koko\n|cant|p2a: Celebi|par\n|\n|-heal|p1a: Tapu Koko|94\/100|[from] item: Leftovers\n|-heal|p2a: Celebi|87\/100 par|[from] item: Leftovers\n|upkeep\n|turn|7\n|\n|t:|1700591891\n|move|p1a: Tapu Koko|Defog|p2a: Celebi\n|-unboost|p2a: Celebi|evasion|1\n|-sideend|p1: zeonteo|Stealth Rock|[from] move: Defog|[of] p1a: Tapu Koko\n|-fieldend|move: Electric Terrain\n|cant|p2a: Celebi|par\n|\n|-heal|p1a: Tapu Koko|99\/100|[from] item: Leftovers\n|-heal|p2a: Celebi|93\/100 par|[from] item: Leftovers\n|upkeep\n|turn|8\n|\n|t:|1700591904\n|switch|p1a: Iron Jugulis|Iron Jugulis|100\/100\n|cant|p2a: Celebi|par\n|\n|-heal|p2a: Celebi|99\/100 par|[from] item: Leftovers\n|upkeep\n|turn|9\n|\n|t:|1700591913\n|-curestatus|p2a: Celebi|par|[from] ability: Natural Cure\n|switch|p2a: Swampert|Swampert, M|63\/100\n|move|p1a: Iron Jugulis|Flamethrower|p2a: Swampert\n|-resisted|p2a: Swampert\n|-damage|p2a: Swampert|54\/100\n|\n|-heal|p2a: Swampert|60\/100|[from] item: Leftovers\n|upkeep\n|turn|10\n|\n|t:|1700591929\n|-end|p1a: Iron Jugulis|Quark Drive|[silent]\n|switch|p1a: Tapu Koko|Tapu Koko|99\/100\n|-fieldstart|move: Electric Terrain|[from] ability: Electric Surge|[of] p1a: Tapu Koko\n|move|p2a: Swampert|Stealth Rock|p1a: Tapu Koko\n|-sidestart|p1: zeonteo|move: Stealth Rock\n|\n|-heal|p1a: Tapu Koko|100\/100|[from] item: Leftovers\n|-heal|p2a: Swampert|66\/100|[from] item: Leftovers\n|upkeep\n|turn|11\n|\n|t:|1700591941\n|move|p1a: Tapu Koko|U-turn|p2a: Swampert\n|-damage|p2a: Swampert|52\/100\n|\n|t:|1700591946\n|switch|p1a: Iron Hands|Iron Hands|69\/100 tox|[from] U-turn\n|-damage|p1a: Iron Hands|62\/100 tox|[from] Stealth Rock\n|-activate|p1a: Iron Hands|ability: Quark Drive\n|-start|p1a: Iron Hands|quarkdriveatk\n|move|p2a: Swampert|Earthquake|p1a: Iron Hands\n|-supereffective|p1a: Iron Hands\n|-damage|p1a: Iron Hands|14\/100 tox\n|\n|-heal|p2a: Swampert|58\/100|[from] item: Leftovers\n|-damage|p1a: Iron Hands|8\/100 tox|[from] psn\n|upkeep\n|turn|12\n|\n|t:|1700591960\n|switch|p2a: Celebi|Celebi|99\/100\n|move|p1a: Iron Hands|Ice Punch|p2a: Celebi\n|-supereffective|p2a: Celebi\n|-damage|p2a: Celebi|30\/100\n|-status|p2a: Celebi|frz\n|\n|-heal|p2a: Celebi|36\/100 frz|[from] item: Leftovers\n|-damage|p1a: Iron Hands|0 fnt|[from] psn\n|faint|p1a: Iron Hands\n|-end|p1a: Iron Hands|Quark Drive|[silent]\n|upkeep\n|\n|t:|1700591972\n|switch|p1a: Raichu|Raichu-Alola, F|100\/100\n|-damage|p1a: Raichu|88\/100|[from] Stealth Rock\n|turn|13\n|\n|t:|1700591986\n|-terastallize|p1a: Raichu|Ice\n|move|p1a: Raichu|Tera Blast|p2a: Celebi|[anim] Tera Blast Ice\n|-supereffective|p2a: Celebi\n|-damage|p2a: Celebi|0 fnt\n|faint|p2a: Celebi\n|\n|-heal|p1a: Raichu|94\/100|[from] item: Leftovers\n|upkeep\n|\n|t:|1700591999\n|switch|p2a: Espeon|Espeon, F|100\/100\n|turn|14\n|\n|t:|1700592003\n|move|p1a: Raichu|Rising Voltage|p2a: Espeon\n|-hint|Rising Voltage's BP doubled on grounded target.\n|-enditem|p2a: Espeon|Focus Sash\n|-damage|p2a: Espeon|1\/100\n|move|p2a: Espeon|Psychic|p1a: Raichu\n|-damage|p1a: Raichu|38\/100\n|\n|-heal|p1a: Raichu|44\/100|[from] item: Leftovers\n|-fieldend|move: Electric Terrain\n|upkeep\n|turn|15\n|\n|t:|1700592017\n|switch|p1a: Tapu Koko|Tapu Koko|100\/100\n|-damage|p1a: Tapu Koko|88\/100|[from] Stealth Rock\n|-fieldstart|move: Electric Terrain|[from] ability: Electric Surge|[of] p1a: Tapu Koko\n|move|p2a: Espeon|Psychic|p1a: Tapu Koko\n|-damage|p1a: Tapu Koko|19\/100\n|\n|-heal|p1a: Tapu Koko|25\/100|[from] item: Leftovers\n|upkeep\n|turn|16\n|\n|t:|1700592028\n|move|p1a: Tapu Koko|U-turn|p2a: Espeon\n|-supereffective|p2a: Espeon\n|-damage|p2a: Espeon|0 fnt\n|faint|p2a: Espeon\n|\n|t:|1700592033\n|switch|p1a: Raichu|Raichu-Alola, F, tera:Ice|44\/100|[from] U-turn\n|-damage|p1a: Raichu|19\/100|[from] Stealth Rock\n|\n|-heal|p1a: Raichu|25\/100|[from] item: Leftovers\n|upkeep\n|\n|t:|1700592053\n|switch|p2a: Swampert|Swampert, M|58\/100\n|turn|17\n|\n|t:|1700592067\n|switch|p2a: Mandibuzz|Mandibuzz, F|100\/100\n|move|p1a: Raichu|Tera Blast|p2a: Mandibuzz|[anim] Tera Blast Ice\n|-supereffective|p2a: Mandibuzz\n|-damage|p2a: Mandibuzz|41\/100\n|\n|-heal|p1a: Raichu|31\/100|[from] item: Leftovers\n|upkeep\n|turn|18\n|\n|t:|1700592076\n|move|p1a: Raichu|Tera Blast|p2a: Mandibuzz|[anim] Tera Blast Ice\n|-supereffective|p2a: Mandibuzz\n|-damage|p2a: Mandibuzz|0 fnt\n|faint|p2a: Mandibuzz\n|\n|-heal|p1a: Raichu|38\/100|[from] item: Leftovers\n|upkeep\n|\n|t:|1700592082\n|switch|p2a: Swampert|Swampert, M|58\/100\n|turn|19\n|\n|t:|1700592086\n|move|p1a: Raichu|Tera Blast|p2a: Swampert|[anim] Tera Blast Ice\n|-damage|p2a: Swampert|35\/100\n|move|p2a: Swampert|Earthquake|p1a: Raichu\n|-damage|p1a: Raichu|0 fnt\n|faint|p1a: Raichu\n|\n|-heal|p2a: Swampert|42\/100|[from] item: Leftovers\n|-fieldend|move: Electric Terrain\n|upkeep\n|\n|t:|1700592109\n|switch|p1a: Tapu Koko|Tapu Koko|25\/100\n|-damage|p1a: Tapu Koko|13\/100|[from] Stealth Rock\n|-fieldstart|move: Electric Terrain|[from] ability: Electric Surge|[of] p1a: Tapu Koko\n|turn|20\n|inactive|galladesimp has 120 seconds left.\n|inactive|galladesimp has 90 seconds left.\n|\n|t:|1700592177\n|switch|p2a: Darmanitan|Darmanitan, F|100\/100\n|move|p1a: Tapu Koko|Volt Switch|p2a: Darmanitan\n|-damage|p2a: Darmanitan|45\/100\n|\n|t:|1700592185\n|switch|p1a: Iron Jugulis|Iron Jugulis|100\/100|[from] Volt Switch\n|-damage|p1a: Iron Jugulis|76\/100|[from] Stealth Rock\n|-activate|p1a: Iron Jugulis|ability: Quark Drive\n|-start|p1a: Iron Jugulis|quarkdrivespe\n|\n|upkeep\n|turn|21\n|\n|t:|1700592194\n|move|p1a: Iron Jugulis|Dark Pulse|p2a: Darmanitan\n|-damage|p2a: Darmanitan|0 fnt\n|faint|p2a: Darmanitan\n|\n|upkeep\n|\n|t:|1700592198\n|switch|p2a: Beedrill|Beedrill-Mega, M|100\/100\n|turn|22\n|\n|t:|1700592206\n|move|p1a: Iron Jugulis|Flamethrower|p2a: Beedrill\n|-supereffective|p2a: Beedrill\n|-damage|p2a: Beedrill|12\/100\n|move|p2a: Beedrill|Poison Jab|p1a: Iron Jugulis\n|-damage|p1a: Iron Jugulis|7\/100\n|-status|p1a: Iron Jugulis|psn\n|\n|-damage|p1a: Iron Jugulis|0 fnt|[from] psn\n|faint|p1a: Iron Jugulis\n|-end|p1a: Iron Jugulis|Quark Drive|[silent]\n|upkeep\n|\n|t:|1700592219\n|switch|p1a: Iron Treads|Iron Treads|100\/100\n|-damage|p1a: Iron Treads|97\/100|[from] Stealth Rock\n|-activate|p1a: Iron Treads|ability: Quark Drive\n|-start|p1a: Iron Treads|quarkdriveatk\n|turn|23\n|\n|t:|1700592228\n|move|p2a: Beedrill|Drill Run|p1a: Iron Treads\n|-supereffective|p1a: Iron Treads\n|-damage|p1a: Iron Treads|41\/100\n|move|p1a: Iron Treads|Rapid Spin|p2a: Beedrill\n|-damage|p2a: Beedrill|0 fnt\n|-boost|p1a: Iron Treads|spe|1\n|-sideend|p1: zeonteo|Stealth Rock|[from] move: Rapid Spin|[of] p1a: Iron Treads\n|faint|p2a: Beedrill\n|\n|upkeep\n|\n|t:|1700592233\n|switch|p2a: Swampert|Swampert, M|42\/100\n|turn|24\n|\n|t:|1700592245\n|move|p1a: Iron Treads|Earthquake|p2a: Swampert\n|-damage|p2a: Swampert|0 fnt\n|faint|p2a: Swampert\n|\n|win|zeonteo\n|raw|zeonteo's rating: 1298 &rarr; <strong>1327<\/strong><br \/>(+29 for winning)\n|raw|galladesimp's rating: 1353 &rarr; <strong>1330<\/strong><br \/>(-23 for losing)\n|l|\u2606galladesimp\n","uploadtime":1700592255,"views":10,"p1id":"zeonteo","p2id":"galladesimp","formatid":"gen9nationaldex","rating":1327,"private":0,"password":""}