{"id":"gen9nationaldex-1994569685","p1":"Super Eficaz","p2":"Glass101","format":"[Gen 9] National Dex","log":"|html|<div class=\"broadcast-blue\"><strong>[Gen 9] National Dex is currently suspecting Sneasler! For information on how to participate check out the <a href=\"https:\/\/www.smogon.com\/forums\/threads\/sv-national-dex-suspect-8-just-dance.3731534\/\">suspect thread<\/a>.<\/strong><\/div>\n|j|\u2606Super Eficaz\n|j|\u2606Glass101\n|t:|1700461577\n|gametype|singles\n|player|p1|Super Eficaz|steven-masters3|1497\n|player|p2|Glass101|2|1533\n|teamsize|p1|6\n|teamsize|p2|6\n|gen|9\n|tier|[Gen 9] National Dex\n|rated|\n|rule|HP Percentage Mod: HP is shown in percentages\n|rule|Endless Battle Clause: Forcing endless battles is banned\n|rule|OHKO Clause: OHKO moves are banned\n|rule|Evasion Clause: Evasion abilities, items, and moves are banned\n|rule|Evasion Abilities Clause: Evasion abilities are banned\n|rule|Evasion Items Clause: Evasion items are banned\n|rule|Evasion Moves Clause: Evasion moves are banned\n|rule|Species Clause: Limit one of each Pok\u00e9mon\n|rule|Sleep Clause Mod: Limit one foe put to sleep\n|clearpoke\n|poke|p1|Iron Treads|\n|poke|p1|Kleavor, M|\n|poke|p1|Tapu Koko|\n|poke|p1|Moltres|\n|poke|p1|Iron Valiant|\n|poke|p1|Latias, F|\n|poke|p2|Sinistcha|\n|poke|p2|Ceruledge, F|\n|poke|p2|Toxapex, M|\n|poke|p2|Cresselia, F|\n|poke|p2|Gliscor, F|\n|poke|p2|Clodsire, M|\n|teampreview\n|j| Treeckoguy1\n|inactive|Battle timer is ON: inactive players will automatically lose when time's up. (requested by Glass101)\n|j| prince5\n|\n|t:|1700461623\n|start\n|switch|p1a: Iron Treads|Iron Treads|100\/100\n|switch|p2a: Gliscor|Gliscor, F|100\/100\n|turn|1\n|\n|t:|1700461648\n|-end|p1a: Iron Treads|Quark Drive|[silent]\n|switch|p1a: Iron Valiant|Iron Valiant|100\/100\n|move|p2a: Gliscor|Earthquake|p1a: Iron Valiant\n|-damage|p1a: Iron Valiant|55\/100\n|\n|-status|p2a: Gliscor|tox|[from] item: Toxic Orb\n|upkeep\n|turn|2\n|\n|t:|1700461651\n|switch|p2a: Toxapex|Toxapex, M|100\/100\n|-terastallize|p1a: Iron Valiant|Fairy\n|move|p1a: Iron Valiant|Moonblast|p2a: Toxapex\n|-resisted|p2a: Toxapex\n|-damage|p2a: Toxapex|61\/100\n|\n|upkeep\n|turn|3\n|\n|t:|1700461659\n|-end|p1a: Iron Valiant|Quark Drive|[silent]\n|switch|p1a: Tapu Koko|Tapu Koko|100\/100\n|-fieldstart|move: Electric Terrain|[from] ability: Electric Surge|[of] p1a: Tapu Koko\n|switch|p2a: Mr Blue sky|Cresselia, F, shiny|100\/100\n|\n|upkeep\n|turn|4\n|\n|t:|1700461663\n|switch|p2a: Clodsire|Clodsire, M|100\/100\n|-zpower|p1a: Tapu Koko\n|move|p1a: Tapu Koko|Guardian of Alola|p2a: Clodsire|[zeffect]\n|-damage|p2a: Clodsire|25\/100\n|\n|upkeep\n|turn|5\n|c|\u2606Glass101|Haven't seen a z-move used offensively in a long time lol\n|inactive|Super Eficaz has 120 seconds left.\n|\n|t:|1700461693\n|switch|p1a: Iron Treads|Iron Treads|100\/100\n|-activate|p1a: Iron Treads|ability: Quark Drive\n|-start|p1a: Iron Treads|quarkdrivespe\n|move|p2a: Clodsire|Recover|p2a: Clodsire\n|-heal|p2a: Clodsire|75\/100\n|\n|upkeep\n|turn|6\n|inactive|Super Eficaz has 120 seconds left.\n|\n|t:|1700461703\n|-end|p1a: Iron Treads|Quark Drive|[silent]\n|switch|p1a: Iron Valiant|Iron Valiant, tera:Fairy|55\/100\n|-activate|p1a: Iron Valiant|ability: Quark Drive\n|-start|p1a: Iron Valiant|quarkdrivespe\n|switch|p2a: Gliscor|Gliscor, F|100\/100 tox\n|\n|upkeep\n|turn|7\n|\n|t:|1700461706\n|move|p2a: Gliscor|Protect|p2a: Gliscor\n|-singleturn|p2a: Gliscor|Protect\n|move|p1a: Iron Valiant|Moonblast|p2a: Gliscor\n|-activate|p2a: Gliscor|move: Protect\n|\n|-fieldend|move: Electric Terrain\n|-end|p1a: Iron Valiant|Quark Drive\n|upkeep\n|turn|8\n|\n|t:|1700461712\n|switch|p2a: Toxapex|Toxapex, M|94\/100\n|move|p1a: Iron Valiant|Moonblast|p2a: Toxapex\n|-resisted|p2a: Toxapex\n|-damage|p2a: Toxapex|56\/100\n|\n|upkeep\n|turn|9\n|\n|t:|1700461721\n|-end|p1a: Iron Valiant|Quark Drive|[silent]\n|switch|p1a: Iron Treads|Iron Treads|100\/100\n|move|p2a: Toxapex|Scald|p1a: Iron Treads\n|-supereffective|p1a: Iron Treads\n|-damage|p1a: Iron Treads|58\/100\n|\n|-heal|p1a: Iron Treads|65\/100|[from] item: Leftovers\n|upkeep\n|turn|10\n|\n|t:|1700461740\n|switch|p2a: Gliscor|Gliscor, F|100\/100 tox\n|move|p1a: Iron Treads|Iron Head|p2a: Gliscor\n|-damage|p2a: Gliscor|78\/100 tox\n|\n|-heal|p1a: Iron Treads|71\/100|[from] item: Leftovers\n|-heal|p2a: Gliscor|91\/100 tox|[from] ability: Poison Heal\n|upkeep\n|turn|11\n|\n|t:|1700461749\n|-end|p1a: Iron Treads|Quark Drive|[silent]\n|switch|p1a: Moltres|Moltres|100\/100\n|move|p2a: Gliscor|Toxic|p1a: Moltres|[miss]\n|-miss|p2a: Gliscor|p1a: Moltres\n|\n|-heal|p2a: Gliscor|100\/100 tox|[from] ability: Poison Heal\n|upkeep\n|turn|12\n|\n|t:|1700461754\n|move|p1a: Moltres|Hurricane|p2a: Gliscor\n|-damage|p2a: Gliscor|37\/100 tox\n|-start|p2a: Gliscor|confusion\n|-activate|p2a: Gliscor|confusion\n|move|p2a: Gliscor|Toxic|p1a: Moltres\n|-status|p1a: Moltres|tox\n|\n|-damage|p1a: Moltres|94\/100 tox|[from] psn\n|-heal|p2a: Gliscor|49\/100 tox|[from] ability: Poison Heal\n|upkeep\n|turn|13\n|\n|t:|1700461762\n|switch|p2a: Toxapex|Toxapex, M|89\/100\n|move|p1a: Moltres|Hurricane|p2a: Toxapex|[miss]\n|-miss|p1a: Moltres|p2a: Toxapex\n|\n|-damage|p1a: Moltres|82\/100 tox|[from] psn\n|upkeep\n|turn|14\n|\n|t:|1700461766\n|move|p1a: Moltres|Hurricane|p2a: Toxapex\n|-damage|p2a: Toxapex|44\/100\n|-start|p2a: Toxapex|confusion\n|-activate|p2a: Toxapex|confusion\n|move|p2a: Toxapex|Scald|p1a: Moltres\n|-supereffective|p1a: Moltres\n|-damage|p1a: Moltres|49\/100 tox\n|\n|-damage|p1a: Moltres|30\/100 tox|[from] psn\n|upkeep\n|turn|15\n|\n|t:|1700461774\n|switch|p1a: Iron Valiant|Iron Valiant, tera:Fairy|55\/100\n|switch|p2a: Clodsire|Clodsire, M|75\/100\n|\n|upkeep\n|turn|16\n|\n|t:|1700461778\n|move|p1a: Iron Valiant|Moonblast|p2a: Clodsire\n|-resisted|p2a: Clodsire\n|-damage|p2a: Clodsire|40\/100\n|-unboost|p2a: Clodsire|spa|1\n|move|p2a: Clodsire|Earthquake|p1a: Iron Valiant\n|-damage|p1a: Iron Valiant|23\/100\n|\n|upkeep\n|turn|17\n|\n|t:|1700461791\n|-end|p1a: Iron Valiant|Quark Drive|[silent]\n|switch|p1a: Kleavor|Kleavor, M|100\/100\n|move|p2a: Clodsire|Recover|p2a: Clodsire\n|-heal|p2a: Clodsire|90\/100\n|\n|upkeep\n|turn|18\n|\n|t:|1700461796\n|move|p1a: Kleavor|Stone Axe|p2a: Clodsire\n|-resisted|p2a: Clodsire\n|-damage|p2a: Clodsire|70\/100\n|-sidestart|p2: Glass101|move: Stealth Rock\n|move|p2a: Clodsire|Counter|p1a: Kleavor\n|-damage|p1a: Kleavor|37\/100\n|\n|upkeep\n|turn|19\n|\n|t:|1700461806\n|switch|p1a: Iron Treads|Iron Treads|71\/100\n|move|p2a: Clodsire|Counter||[still]\n|-fail|p2a: Clodsire\n|\n|-heal|p1a: Iron Treads|77\/100|[from] item: Leftovers\n|upkeep\n|turn|20\n|\n|t:|1700461810\n|switch|p2a: Gliscor|Gliscor, F|49\/100 tox\n|-damage|p2a: Gliscor|37\/100 tox|[from] Stealth Rock\n|move|p1a: Iron Treads|Iron Head|p2a: Gliscor\n|-damage|p2a: Gliscor|15\/100 tox\n|\n|-heal|p1a: Iron Treads|83\/100|[from] item: Leftovers\n|-heal|p2a: Gliscor|28\/100 tox|[from] ability: Poison Heal\n|upkeep\n|turn|21\n|\n|t:|1700461820\n|-end|p1a: Iron Treads|Quark Drive|[silent]\n|switch|p1a: Kleavor|Kleavor, M|37\/100\n|move|p2a: Gliscor|Protect||[still]\n|-fail|p2a: Gliscor\n|\n|-heal|p2a: Gliscor|40\/100 tox|[from] ability: Poison Heal\n|upkeep\n|turn|22\n|\n|t:|1700461824\n|switch|p2a: Toxapex|Toxapex, M|77\/100\n|-damage|p2a: Toxapex|65\/100|[from] Stealth Rock\n|move|p1a: Kleavor|Stone Axe|p2a: Toxapex\n|-damage|p2a: Toxapex|27\/100\n|-damage|p1a: Kleavor|20\/100|[from] item: Rocky Helmet|[of] p2a: Toxapex\n|\n|upkeep\n|turn|23\n|\n|t:|1700461827\n|switch|p2a: Clodsire|Clodsire, M|70\/100\n|-damage|p2a: Clodsire|64\/100|[from] Stealth Rock\n|move|p1a: Kleavor|Stone Axe|p2a: Clodsire\n|-resisted|p2a: Clodsire\n|-damage|p2a: Clodsire|44\/100\n|\n|upkeep\n|turn|24\n|\n|t:|1700461835\n|switch|p1a: Iron Treads|Iron Treads|83\/100\n|move|p2a: Clodsire|Recover|p2a: Clodsire\n|-heal|p2a: Clodsire|94\/100\n|\n|-heal|p1a: Iron Treads|89\/100|[from] item: Leftovers\n|upkeep\n|turn|25\n|\n|t:|1700461840\n|move|p1a: Iron Treads|Iron Head|p2a: Clodsire\n|-damage|p2a: Clodsire|71\/100\n|cant|p2a: Clodsire|flinch\n|\n|-heal|p1a: Iron Treads|95\/100|[from] item: Leftovers\n|upkeep\n|turn|26\n|\n|t:|1700461843\n|switch|p2a: Gliscor|Gliscor, F|40\/100 tox\n|-damage|p2a: Gliscor|28\/100 tox|[from] Stealth Rock\n|move|p1a: Iron Treads|Earthquake|p2a: Gliscor\n|-immune|p2a: Gliscor\n|\n|-heal|p1a: Iron Treads|100\/100|[from] item: Leftovers\n|-heal|p2a: Gliscor|40\/100 tox|[from] ability: Poison Heal\n|upkeep\n|turn|27\n|\n|t:|1700461845\n|move|p2a: Gliscor|Protect|p2a: Gliscor\n|-singleturn|p2a: Gliscor|Protect\n|move|p1a: Iron Treads|Iron Head|p2a: Gliscor\n|-activate|p2a: Gliscor|move: Protect\n|\n|-heal|p2a: Gliscor|52\/100 tox|[from] ability: Poison Heal\n|upkeep\n|turn|28\n|\n|t:|1700461850\n|move|p1a: Iron Treads|Iron Head|p2a: Gliscor\n|-crit|p2a: Gliscor\n|-damage|p2a: Gliscor|23\/100 tox\n|move|p2a: Gliscor|Earthquake|p1a: Iron Treads\n|-supereffective|p1a: Iron Treads\n|-damage|p1a: Iron Treads|44\/100\n|\n|-heal|p1a: Iron Treads|50\/100|[from] item: Leftovers\n|-heal|p2a: Gliscor|35\/100 tox|[from] ability: Poison Heal\n|upkeep\n|turn|29\n|\n|t:|1700461855\n|move|p1a: Iron Treads|Iron Head|p2a: Gliscor\n|-damage|p2a: Gliscor|13\/100 tox\n|cant|p2a: Gliscor|flinch\n|\n|-heal|p1a: Iron Treads|56\/100|[from] item: Leftovers\n|-heal|p2a: Gliscor|25\/100 tox|[from] ability: Poison Heal\n|upkeep\n|turn|30\n|\n|t:|1700461860\n|move|p2a: Gliscor|Protect|p2a: Gliscor\n|-singleturn|p2a: Gliscor|Protect\n|move|p1a: Iron Treads|Iron Head|p2a: Gliscor\n|-activate|p2a: Gliscor|move: Protect\n|\n|-heal|p1a: Iron Treads|62\/100|[from] item: Leftovers\n|-heal|p2a: Gliscor|38\/100 tox|[from] ability: Poison Heal\n|upkeep\n|turn|31\n|\n|t:|1700461862\n|move|p1a: Iron Treads|Iron Head|p2a: Gliscor\n|-damage|p2a: Gliscor|16\/100 tox\n|move|p2a: Gliscor|Earthquake|p1a: Iron Treads\n|-supereffective|p1a: Iron Treads\n|-damage|p1a: Iron Treads|10\/100\n|\n|-heal|p1a: Iron Treads|16\/100|[from] item: Leftovers\n|-heal|p2a: Gliscor|28\/100 tox|[from] ability: Poison Heal\n|upkeep\n|turn|32\n|\n|t:|1700461869\n|move|p2a: Gliscor|Protect|p2a: Gliscor\n|-singleturn|p2a: Gliscor|Protect\n|move|p1a: Iron Treads|Iron Head|p2a: Gliscor\n|-activate|p2a: Gliscor|move: Protect\n|\n|-heal|p1a: Iron Treads|22\/100|[from] item: Leftovers\n|-heal|p2a: Gliscor|41\/100 tox|[from] ability: Poison Heal\n|upkeep\n|turn|33\n|\n|t:|1700461871\n|move|p1a: Iron Treads|Iron Head|p2a: Gliscor\n|-damage|p2a: Gliscor|19\/100 tox\n|move|p2a: Gliscor|Earthquake|p1a: Iron Treads\n|-supereffective|p1a: Iron Treads\n|-damage|p1a: Iron Treads|0 fnt\n|faint|p1a: Iron Treads\n|-end|p1a: Iron Treads|Quark Drive|[silent]\n|\n|-heal|p2a: Gliscor|32\/100 tox|[from] ability: Poison Heal\n|upkeep\n|\n|t:|1700461877\n|switch|p1a: Iron Valiant|Iron Valiant, tera:Fairy|23\/100\n|turn|34\n|\n|t:|1700461881\n|move|p2a: Gliscor|Protect|p2a: Gliscor\n|-singleturn|p2a: Gliscor|Protect\n|move|p1a: Iron Valiant|Moonblast|p2a: Gliscor\n|-activate|p2a: Gliscor|move: Protect\n|\n|-heal|p2a: Gliscor|44\/100 tox|[from] ability: Poison Heal\n|upkeep\n|turn|35\n|\n|t:|1700461887\n|switch|p2a: Ceruledge|Ceruledge, F|100\/100\n|move|p1a: Iron Valiant|Moonblast|p2a: Ceruledge\n|-resisted|p2a: Ceruledge\n|-damage|p2a: Ceruledge|43\/100\n|-unboost|p2a: Ceruledge|spa|1\n|\n|upkeep\n|turn|36\n|\n|t:|1700461895\n|-end|p1a: Iron Valiant|Quark Drive|[silent]\n|switch|p1a: Kleavor|Kleavor, M|20\/100\n|move|p2a: Ceruledge|Bitter Blade|p1a: Kleavor\n|-damage|p1a: Kleavor|0 fnt\n|-heal|p2a: Ceruledge|53\/100|[from] drain|[of] p1a: Kleavor\n|faint|p1a: Kleavor\n|\n|upkeep\n|\n|t:|1700461900\n|switch|p1a: Tapu Koko|Tapu Koko|100\/100\n|-fieldstart|move: Electric Terrain|[from] ability: Electric Surge|[of] p1a: Tapu Koko\n|turn|37\n|\n|t:|1700461903\n|move|p1a: Tapu Koko|Thunderbolt|p2a: Ceruledge\n|-damage|p2a: Ceruledge|0 fnt\n|faint|p2a: Ceruledge\n|\n|upkeep\n|\n|t:|1700461905\n|switch|p2a: Clodsire|Clodsire, M|71\/100\n|-damage|p2a: Clodsire|65\/100|[from] Stealth Rock\n|turn|38\n|\n|t:|1700461907\n|move|p1a: Tapu Koko|Nature's Madness|p2a: Clodsire\n|-damage|p2a: Clodsire|33\/100\n|move|p2a: Clodsire|Recover|p2a: Clodsire\n|-heal|p2a: Clodsire|83\/100\n|\n|upkeep\n|turn|39\n|\n|t:|1700461912\n|move|p1a: Tapu Koko|Nature's Madness|p2a: Clodsire|[miss]\n|-miss|p1a: Tapu Koko|p2a: Clodsire\n|move|p2a: Clodsire|Toxic|p1a: Tapu Koko\n|-status|p1a: Tapu Koko|tox\n|\n|-damage|p1a: Tapu Koko|94\/100 tox|[from] psn\n|upkeep\n|turn|40\n|\n|t:|1700461914\n|move|p1a: Tapu Koko|Nature's Madness|p2a: Clodsire\n|-damage|p2a: Clodsire|42\/100\n|move|p2a: Clodsire|Earthquake|p1a: Tapu Koko\n|-supereffective|p1a: Tapu Koko\n|-damage|p1a: Tapu Koko|22\/100 tox\n|\n|-damage|p1a: Tapu Koko|10\/100 tox|[from] psn\n|upkeep\n|turn|41\n|\n|t:|1700461924\n|move|p1a: Tapu Koko|Nature's Madness|p2a: Clodsire\n|-damage|p2a: Clodsire|21\/100\n|move|p2a: Clodsire|Recover|p2a: Clodsire\n|-heal|p2a: Clodsire|71\/100\n|\n|-damage|p1a: Tapu Koko|0 fnt|[from] psn\n|faint|p1a: Tapu Koko\n|-fieldend|move: Electric Terrain\n|upkeep\n|\n|t:|1700461926\n|switch|p1a: Latias|Latias, F|100\/100\n|turn|42\n|\n|t:|1700461929\n|detailschange|p1a: Latias|Latias-Mega, F\n|-mega|p1a: Latias|Latias|Latiasite\n|-terastallize|p2a: Clodsire|Water\n|move|p1a: Latias|Calm Mind|p1a: Latias\n|-boost|p1a: Latias|spa|1\n|-boost|p1a: Latias|spd|1\n|move|p2a: Clodsire|Toxic|p1a: Latias\n|-status|p1a: Latias|tox\n|\n|-damage|p1a: Latias|94\/100 tox|[from] psn\n|upkeep\n|turn|43\n|\n|t:|1700461936\n|move|p1a: Latias|Refresh|p1a: Latias\n|-curestatus|p1a: Latias|tox|[msg]\n|move|p2a: Clodsire|Recover|p2a: Clodsire\n|-heal|p2a: Clodsire|100\/100\n|\n|upkeep\n|turn|44\n|\n|t:|1700461941\n|move|p1a: Latias|Calm Mind|p1a: Latias\n|-boost|p1a: Latias|spa|1\n|-boost|p1a: Latias|spd|1\n|move|p2a: Clodsire|Toxic|p1a: Latias\n|-status|p1a: Latias|tox\n|\n|-damage|p1a: Latias|88\/100 tox|[from] psn\n|upkeep\n|turn|45\n|\n|t:|1700461943\n|move|p1a: Latias|Refresh|p1a: Latias\n|-curestatus|p1a: Latias|tox|[msg]\n|move|p2a: Clodsire|Toxic|p1a: Latias\n|-status|p1a: Latias|tox\n|\n|-damage|p1a: Latias|82\/100 tox|[from] psn\n|upkeep\n|turn|46\n|\n|t:|1700461948\n|move|p1a: Latias|Refresh|p1a: Latias\n|-curestatus|p1a: Latias|tox|[msg]\n|move|p2a: Clodsire|Toxic|p1a: Latias\n|-status|p1a: Latias|tox\n|\n|-damage|p1a: Latias|76\/100 tox|[from] psn\n|upkeep\n|turn|47\n|\n|t:|1700461951\n|move|p1a: Latias|Recover|p1a: Latias\n|-heal|p1a: Latias|100\/100 tox\n|move|p2a: Clodsire|Toxic|p1a: Latias\n|-fail|p1a: Latias|tox\n|\n|-damage|p1a: Latias|88\/100 tox|[from] psn\n|upkeep\n|turn|48\n|\n|t:|1700461957\n|switch|p2a: Mr Blue sky|Cresselia, F, shiny|100\/100\n|-damage|p2a: Mr Blue sky|88\/100|[from] Stealth Rock\n|move|p1a: Latias|Refresh|p1a: Latias\n|-curestatus|p1a: Latias|tox|[msg]\n|\n|upkeep\n|turn|49\n|l| prince5\n|\n|t:|1700461961\n|move|p1a: Latias|Calm Mind|p1a: Latias\n|-boost|p1a: Latias|spa|1\n|-boost|p1a: Latias|spd|1\n|move|p2a: Mr Blue sky|Calm Mind|p2a: Mr Blue sky\n|-boost|p2a: Mr Blue sky|spa|1\n|-boost|p2a: Mr Blue sky|spd|1\n|\n|upkeep\n|turn|50\n|\n|t:|1700461966\n|move|p1a: Latias|Calm Mind|p1a: Latias\n|-boost|p1a: Latias|spa|1\n|-boost|p1a: Latias|spd|1\n|move|p2a: Mr Blue sky|Calm Mind|p2a: Mr Blue sky\n|-boost|p2a: Mr Blue sky|spa|1\n|-boost|p2a: Mr Blue sky|spd|1\n|\n|upkeep\n|turn|51\n|\n|t:|1700461969\n|move|p1a: Latias|Calm Mind|p1a: Latias\n|-boost|p1a: Latias|spa|1\n|-boost|p1a: Latias|spd|1\n|move|p2a: Mr Blue sky|Calm Mind|p2a: Mr Blue sky\n|-boost|p2a: Mr Blue sky|spa|1\n|-boost|p2a: Mr Blue sky|spd|1\n|\n|upkeep\n|turn|52\n|\n|t:|1700461971\n|move|p1a: Latias|Calm Mind|p1a: Latias\n|-boost|p1a: Latias|spa|1\n|-boost|p1a: Latias|spd|1\n|move|p2a: Mr Blue sky|Calm Mind|p2a: Mr Blue sky\n|-boost|p2a: Mr Blue sky|spa|1\n|-boost|p2a: Mr Blue sky|spd|1\n|\n|upkeep\n|turn|53\n|\n|t:|1700461974\n|move|p1a: Latias|Stored Power|p2a: Mr Blue sky\n|-resisted|p2a: Mr Blue sky\n|-damage|p2a: Mr Blue sky|39\/100\n|move|p2a: Mr Blue sky|Calm Mind|p2a: Mr Blue sky\n|-boost|p2a: Mr Blue sky|spa|1\n|-boost|p2a: Mr Blue sky|spd|1\n|\n|upkeep\n|turn|54\n|\n|t:|1700461977\n|move|p1a: Latias|Stored Power|p2a: Mr Blue sky\n|-resisted|p2a: Mr Blue sky\n|-damage|p2a: Mr Blue sky|0 fnt\n|faint|p2a: Mr Blue sky\n|\n|upkeep\n|\n|t:|1700461982\n|switch|p2a: Clodsire|Clodsire, M, tera:Water|100\/100\n|-damage|p2a: Clodsire|88\/100|[from] Stealth Rock\n|turn|55\n|\n|t:|1700461984\n|move|p1a: Latias|Stored Power|p2a: Clodsire\n|-damage|p2a: Clodsire|0 fnt\n|faint|p2a: Clodsire\n|\n|upkeep\n|-message|Glass101 forfeited.\n|\n|win|Super Eficaz\n|raw|Super Eficaz's rating: 1497 &rarr; <strong>1519<\/strong><br \/>(+22 for winning)\n|raw|Glass101's rating: 1533 &rarr; <strong>1511<\/strong><br \/>(-22 for losing)\n|l|\u2606Glass101\n","uploadtime":1700461996,"views":4,"p1id":"supereficaz","p2id":"glass101","formatid":"gen9nationaldex","rating":1511,"private":0,"password":""}