{"id":"gen9nationaldex-1988810543","p1":"Arlo Ghost","p2":"matu 1402","format":"[Gen 9] National Dex","log":"|j|\u2606Arlo Ghost\n|j|\u2606matu 1402\n|t:|1699766507\n|gametype|singles\n|player|p1|Arlo Ghost|mars|\n|player|p2|matu 1402|cheren-gen5bw2|\n|teamsize|p1|6\n|teamsize|p2|6\n|gen|9\n|tier|[Gen 9] National Dex\n|rule|HP Percentage Mod: HP is shown in percentages\n|rule|Endless Battle Clause: Forcing endless battles is banned\n|rule|OHKO Clause: OHKO moves are banned\n|rule|Evasion Clause: Evasion abilities, items, and moves are banned\n|rule|Evasion Abilities Clause: Evasion abilities are banned\n|rule|Evasion Items Clause: Evasion items are banned\n|rule|Evasion Moves Clause: Evasion moves are banned\n|rule|Species Clause: Limit one of each Pok\u00e9mon\n|rule|Sleep Clause Mod: Limit one foe put to sleep\n|clearpoke\n|poke|p1|Tapu Fini|\n|poke|p1|Heatran, M|\n|poke|p1|Corviknight, F|\n|poke|p1|Greninja-*, M|\n|poke|p1|Mawile, F|\n|poke|p1|Kommo-o, M|\n|poke|p2|Blacephalon|\n|poke|p2|Polteageist|\n|poke|p2|Jellicent, M|\n|poke|p2|Great Tusk|\n|poke|p2|Mimikyu, F|\n|poke|p2|Corsola-Galar, F|\n|teampreview\n|inactive|Battle timer is ON: inactive players will automatically lose when time's up. (requested by matu 1402)\n|c|\u2606Arlo Ghost|https:\/\/www.youtube.com\/watch?v=IKywH9Nf7YE\n|c|\u2606matu 1402|*c hace pipi\n|c|\u2606Arlo Ghost|suerte\n|c|\u2606matu 1402|Xd\n|c|\u2606matu 1402|Thanks\n|c|\u2606matu 1402|Perdere\n|inactive|matu 1402 has 270 seconds left.\n|c|\u2606matu 1402|Son 3 tanques\n|c|\u2606matu 1402|Mi debilidad\n|\n|t:|1699766558\n|start\n|switch|p1a: Mamu Finish-her|Tapu Fini, shiny|100\/100\n|switch|p2a: Jellicent|Jellicent, M, shiny|100\/100\n|-fieldstart|move: Misty Terrain|[from] ability: Misty Surge|[of] p1a: Mamu Finish-her\n|turn|1\n|j| Sai4rr\n|\n|t:|1699766570\n|move|p1a: Mamu Finish-her|Knock Off|p2a: Jellicent\n|-supereffective|p2a: Jellicent\n|-damage|p2a: Jellicent|66\/100\n|-enditem|p2a: Jellicent|Leftovers|[from] move: Knock Off|[of] p1a: Mamu Finish-her\n|move|p2a: Jellicent|Scald|p1a: Mamu Finish-her\n|-resisted|p1a: Mamu Finish-her\n|-damage|p1a: Mamu Finish-her|93\/100\n|\n|-heal|p1a: Mamu Finish-her|99\/100|[from] item: Leftovers\n|upkeep\n|turn|2\n|\n|t:|1699766579\n|move|p1a: Mamu Finish-her|Moonblast|p2a: Jellicent\n|-damage|p2a: Jellicent|46\/100\n|move|p2a: Jellicent|Scald|p1a: Mamu Finish-her\n|-resisted|p1a: Mamu Finish-her\n|-damage|p1a: Mamu Finish-her|89\/100\n|\n|-heal|p1a: Mamu Finish-her|95\/100|[from] item: Leftovers\n|upkeep\n|turn|3\n|\n|t:|1699766585\n|move|p1a: Mamu Finish-her|Moonblast|p2a: Jellicent\n|-damage|p2a: Jellicent|29\/100\n|move|p2a: Jellicent|Recover|p2a: Jellicent\n|-heal|p2a: Jellicent|79\/100\n|\n|-heal|p1a: Mamu Finish-her|100\/100|[from] item: Leftovers\n|upkeep\n|turn|4\n|\n|t:|1699766592\n|move|p1a: Mamu Finish-her|Moonblast|p2a: Jellicent\n|-damage|p2a: Jellicent|60\/100\n|move|p2a: Jellicent|Scald|p1a: Mamu Finish-her\n|-resisted|p1a: Mamu Finish-her\n|-damage|p1a: Mamu Finish-her|91\/100\n|\n|-heal|p1a: Mamu Finish-her|97\/100|[from] item: Leftovers\n|upkeep\n|turn|5\n|\n|t:|1699766596\n|move|p1a: Mamu Finish-her|Moonblast|p2a: Jellicent\n|-damage|p2a: Jellicent|40\/100\n|-unboost|p2a: Jellicent|spa|1\n|move|p2a: Jellicent|Scald|p1a: Mamu Finish-her\n|-resisted|p1a: Mamu Finish-her\n|-damage|p1a: Mamu Finish-her|91\/100\n|\n|-heal|p1a: Mamu Finish-her|98\/100|[from] item: Leftovers\n|-fieldend|Misty Terrain\n|upkeep\n|turn|6\n|\n|t:|1699766602\n|move|p1a: Mamu Finish-her|Moonblast|p2a: Jellicent\n|-damage|p2a: Jellicent|23\/100\n|move|p2a: Jellicent|Recover|p2a: Jellicent\n|-heal|p2a: Jellicent|73\/100\n|\n|-heal|p1a: Mamu Finish-her|100\/100|[from] item: Leftovers\n|upkeep\n|turn|7\n|\n|t:|1699766613\n|switch|p1a: El Cumbia Ikuze|Greninja, M|100\/100\n|move|p2a: Jellicent|Toxic|p1a: El Cumbia Ikuze\n|-status|p1a: El Cumbia Ikuze|tox\n|\n|-damage|p1a: El Cumbia Ikuze|95\/100 tox|[from] psn\n|upkeep\n|turn|8\n|\n|t:|1699766622\n|move|p1a: El Cumbia Ikuze|Ice Beam|p2a: Jellicent\n|-resisted|p2a: Jellicent\n|-damage|p2a: Jellicent|62\/100\n|move|p2a: Jellicent|Hex|p1a: El Cumbia Ikuze\n|-resisted|p1a: El Cumbia Ikuze\n|-damage|p1a: El Cumbia Ikuze|72\/100 tox\n|\n|-damage|p1a: El Cumbia Ikuze|60\/100 tox|[from] psn\n|upkeep\n|turn|9\n|c| Sai4rr|Zzzz\n|\n|t:|1699766631\n|switch|p1a: Mamu Finish-her|Tapu Fini, shiny|100\/100\n|-fieldstart|move: Misty Terrain|[from] ability: Misty Surge|[of] p1a: Mamu Finish-her\n|move|p2a: Jellicent|Recover|p2a: Jellicent\n|-heal|p2a: Jellicent|100\/100\n|\n|upkeep\n|turn|10\n|\n|t:|1699766636\n|switch|p2a: Dil2 de Pep|Corsola-Galar, F|100\/100\n|move|p1a: Mamu Finish-her|Moonblast|p2a: Dil2 de Pep\n|-damage|p2a: Dil2 de Pep|79\/100\n|-start|p1a: Mamu Finish-her|Disable|Moonblast|[from] ability: Cursed Body|[of] p2a: Dil2 de Pep\n|\n|upkeep\n|turn|11\n|\n|t:|1699766649\n|switch|p2a: Great Tusk|Great Tusk|100\/100\n|move|p1a: Mamu Finish-her|Knock Off|p2a: Great Tusk\n|-resisted|p2a: Great Tusk\n|-damage|p2a: Great Tusk|95\/100\n|-enditem|p2a: Great Tusk|Weakness Policy|[from] move: Knock Off|[of] p1a: Mamu Finish-her\n|\n|upkeep\n|turn|12\n|\n|t:|1699766660\n|move|p2a: Great Tusk|Close Combat|p1a: Mamu Finish-her\n|-resisted|p1a: Mamu Finish-her\n|-damage|p1a: Mamu Finish-her|77\/100\n|-unboost|p2a: Great Tusk|def|1\n|-unboost|p2a: Great Tusk|spd|1\n|move|p1a: Mamu Finish-her|Scald|p2a: Great Tusk\n|-supereffective|p2a: Great Tusk\n|-damage|p2a: Great Tusk|0 fnt\n|faint|p2a: Great Tusk\n|-end|p2a: Great Tusk|Protosynthesis|[silent]\n|\n|-heal|p1a: Mamu Finish-her|84\/100|[from] item: Leftovers\n|upkeep\n|c|\u2606matu 1402|F\n|c|\u2606matu 1402|*c\u00f3mo bajarse una fini\n|inactive|matu 1402 has 270 seconds left.\n|\n|t:|1699766688\n|switch|p2a: Mimikyu|Mimikyu, F, shiny|100\/100\n|turn|13\n|\n|t:|1699766694\n|move|p2a: Mimikyu|Swords Dance|p2a: Mimikyu\n|-boost|p2a: Mimikyu|atk|2\n|move|p1a: Mamu Finish-her|Knock Off|p2a: Mimikyu\n|-activate|p2a: Mimikyu|ability: Disguise\n|-damage|p2a: Mimikyu|100\/100\n|detailschange|p2a: Mimikyu|Mimikyu-Busted, F, shiny\n|-damage|p2a: Mimikyu|88\/100|[from] pokemon: Mimikyu-Busted\n|\n|-heal|p1a: Mamu Finish-her|90\/100|[from] item: Leftovers\n|-end|p1a: Mamu Finish-her|Disable\n|-fieldend|Misty Terrain\n|upkeep\n|turn|14\n|\n|t:|1699766701\n|-zpower|p2a: Mimikyu\n|move|p2a: Mimikyu|Let's Snuggle Forever|p1a: Mamu Finish-her|[zeffect]\n|-damage|p1a: Mamu Finish-her|0 fnt\n|faint|p1a: Mamu Finish-her\n|\n|upkeep\n|\n|t:|1699766704\n|switch|p1a: Erica Jueves|Mawile, F|100\/100\n|-ability|p1a: Erica Jueves|Intimidate|boost\n|-unboost|p2a: Mimikyu|atk|1\n|turn|15\n|c|\u2606matu 1402|Mimi 1 paradox 0\n|\n|t:|1699766722\n|detailschange|p1a: Erica Jueves|Mawile-Mega, F\n|-mega|p1a: Erica Jueves|Mawile|Mawilite\n|move|p2a: Mimikyu|Play Rough|p1a: Erica Jueves\n|-resisted|p1a: Erica Jueves\n|-damage|p1a: Erica Jueves|78\/100\n|move|p1a: Erica Jueves|Play Rough|p2a: Mimikyu\n|-damage|p2a: Mimikyu|0 fnt\n|faint|p2a: Mimikyu\n|\n|upkeep\n|\n|t:|1699766729\n|switch|p2a: Dil2 de Pep|Corsola-Galar, F|79\/100\n|turn|16\n|c| Sai4rr|Erica jueves\n|\n|t:|1699766741\n|move|p1a: Erica Jueves|Play Rough|p2a: Dil2 de Pep\n|-damage|p2a: Dil2 de Pep|37\/100\n|-start|p1a: Erica Jueves|Disable|Play Rough|[from] ability: Cursed Body|[of] p2a: Dil2 de Pep\n|move|p2a: Dil2 de Pep|Stealth Rock|p1a: Erica Jueves\n|-sidestart|p1: Arlo Ghost|move: Stealth Rock\n|\n|upkeep\n|turn|17\n|\n|t:|1699766747\n|move|p1a: Erica Jueves|Swords Dance|p1a: Erica Jueves\n|-boost|p1a: Erica Jueves|atk|2\n|move|p2a: Dil2 de Pep|Strength Sap|p1a: Erica Jueves\n|-unboost|p1a: Erica Jueves|atk|1\n|-heal|p2a: Dil2 de Pep|100\/100\n|\n|upkeep\n|turn|18\n|\n|t:|1699766754\n|switch|p1a: Metalera|Corviknight, F, shiny|100\/100\n|-damage|p1a: Metalera|88\/100|[from] Stealth Rock\n|-ability|p1a: Metalera|Pressure\n|move|p2a: Dil2 de Pep|Will-O-Wisp|p1a: Metalera\n|-status|p1a: Metalera|brn\n|\n|-damage|p1a: Metalera|82\/100 brn|[from] brn\n|upkeep\n|turn|19\n|c|\u2606matu 1402|Erica jueves\n|\n|t:|1699766771\n|switch|p2a: Blacephalon|Blacephalon|100\/100\n|move|p1a: Metalera|Defog|p2a: Blacephalon\n|-unboost|p2a: Blacephalon|evasion|1\n|-sideend|p1: Arlo Ghost|Stealth Rock|[from] move: Defog|[of] p1a: Metalera\n|\n|-damage|p1a: Metalera|76\/100 brn|[from] brn\n|upkeep\n|turn|20\n|\n|t:|1699766785\n|switch|p1a: Magmado|Heatran, M|100\/100\n|move|p2a: Blacephalon|Dark Pulse|p1a: Magmado\n|-damage|p1a: Magmado|79\/100\n|\n|-heal|p1a: Magmado|85\/100|[from] item: Leftovers\n|upkeep\n|turn|21\n|\n|t:|1699766796\n|switch|p2a: Jellicent|Jellicent, M, shiny|100\/100\n|move|p1a: Magmado|Toxic|p2a: Jellicent\n|-status|p2a: Jellicent|tox\n|\n|-heal|p1a: Magmado|91\/100|[from] item: Leftovers\n|-damage|p2a: Jellicent|94\/100 tox|[from] psn\n|upkeep\n|turn|22\n|\n|t:|1699766806\n|move|p1a: Magmado|Taunt|p2a: Jellicent\n|-start|p2a: Jellicent|move: Taunt\n|move|p2a: Jellicent|Scald|p1a: Magmado\n|-supereffective|p1a: Magmado\n|-damage|p1a: Magmado|60\/100\n|\n|-heal|p1a: Magmado|66\/100|[from] item: Leftovers\n|-damage|p2a: Jellicent|82\/100 tox|[from] psn\n|upkeep\n|turn|23\n|\n|t:|1699766813\n|-terastallize|p1a: Magmado|Grass\n|move|p1a: Magmado|Magma Storm|p2a: Jellicent|[miss]\n|-miss|p1a: Magmado|p2a: Jellicent\n|move|p2a: Jellicent|Scald|p1a: Magmado\n|-resisted|p1a: Magmado\n|-crit|p1a: Magmado\n|-damage|p1a: Magmado|54\/100\n|\n|-heal|p1a: Magmado|61\/100|[from] item: Leftovers\n|-damage|p2a: Jellicent|63\/100 tox|[from] psn\n|upkeep\n|turn|24\n|\n|t:|1699766834\n|switch|p2a: Blacephalon|Blacephalon|100\/100\n|move|p1a: Magmado|Magma Storm|p2a: Blacephalon\n|-resisted|p2a: Blacephalon\n|-damage|p2a: Blacephalon|63\/100\n|-activate|p2a: Blacephalon|move: Magma Storm|[of] p1a: Magmado\n|\n|-heal|p1a: Magmado|67\/100|[from] item: Leftovers\n|-damage|p2a: Blacephalon|51\/100|[from] move: Magma Storm|[partiallytrapped]\n|upkeep\n|turn|25\n|c| Sai4rr|Jjjj\n|\n|t:|1699766842\n|-terastallize|p2a: Blacephalon|Ghost\n|move|p1a: Magmado|Protect|p1a: Magmado\n|-singleturn|p1a: Magmado|Protect\n|move|p2a: Blacephalon|Shadow Ball|p1a: Magmado\n|-activate|p1a: Magmado|move: Protect\n|\n|-heal|p1a: Magmado|73\/100|[from] item: Leftovers\n|-damage|p2a: Blacephalon|39\/100|[from] move: Magma Storm|[partiallytrapped]\n|upkeep\n|turn|26\n|\n|t:|1699766849\n|switch|p1a: Kokum-o|Kommo-o, M|100\/100\n|move|p2a: Blacephalon|Shadow Ball|p1a: Kokum-o\n|-crit|p1a: Kokum-o\n|-damage|p1a: Kokum-o|0 fnt\n|faint|p1a: Kokum-o\n|-ability|p2a: Blacephalon|Beast Boost|boost\n|-boost|p2a: Blacephalon|spa|1\n|\n|-end|p2a: Blacephalon|Magma Storm|[partiallytrapped]|[silent]\n|upkeep\n|c|\u2606matu 1402|Pero\n|c|\u2606Arlo Ghost|Y MI ANTI BALAS?\n|c|\u2606matu 1402|Y la abilidad?\n|\n|t:|1699766862\n|switch|p1a: El Cumbia Ikuze|Greninja, M|60\/100 tox\n|turn|27\n|c|\u2606matu 1402|Whats\n|c| Sai4rr|What\n|c|\u2606Arlo Ghost|tienes suerte\n|\n|t:|1699766877\n|switch|p2a: Jellicent|Jellicent, M, shiny|63\/100 tox\n|move|p1a: El Cumbia Ikuze|Water Shuriken|p2a: Jellicent\n|-heal|p2a: Jellicent|88\/100 tox|[from] ability: Water Absorb|[of] p1a: El Cumbia Ikuze\n|\n|-damage|p1a: El Cumbia Ikuze|55\/100 tox|[from] psn\n|-damage|p2a: Jellicent|82\/100 tox|[from] psn\n|upkeep\n|turn|28\n|c|\u2606matu 1402|Lo pusiste mal?\n|c|\u2606Arlo Ghost|acabo de revisar y no estaba puesta\n|inactive|Arlo Ghost has 270 seconds left.\n|\n|t:|1699766908\n|switch|p1a: Magmado|Heatran, M, tera:Grass|73\/100\n|move|p2a: Jellicent|Toxic|p1a: Magmado\n|-status|p1a: Magmado|tox\n|\n|-heal|p1a: Magmado|79\/100 tox|[from] item: Leftovers\n|-damage|p1a: Magmado|73\/100 tox|[from] psn\n|-damage|p2a: Jellicent|70\/100 tox|[from] psn\n|upkeep\n|turn|29\n|c|\u2606matu 1402|F\n|c|\u2606Arlo Ghost|maldita sea\n|\n|t:|1699766920\n|move|p1a: Magmado|Magma Storm|p2a: Jellicent|[miss]\n|-miss|p1a: Magmado|p2a: Jellicent\n|move|p2a: Jellicent|Scald|p1a: Magmado\n|-resisted|p1a: Magmado\n|-damage|p1a: Magmado|65\/100 tox\n|\n|-heal|p1a: Magmado|71\/100 tox|[from] item: Leftovers\n|-damage|p1a: Magmado|59\/100 tox|[from] psn\n|-damage|p2a: Jellicent|51\/100 tox|[from] psn\n|upkeep\n|turn|30\n|c|\u2606Arlo Ghost|y ahora fallo\n|c|\u2606Arlo Ghost|claro que si\n|c|\u2606matu 1402|Ptm no me deja usar signos xd\n|inactive|matu 1402 has 270 seconds left.\n|c|\u2606matu 1402|*hug\n|\n|t:|1699766960\n|move|p1a: Magmado|Taunt|p2a: Jellicent\n|-start|p2a: Jellicent|move: Taunt\n|move|p2a: Jellicent|Hex|p1a: Magmado\n|-damage|p1a: Magmado|31\/100 tox\n|\n|-heal|p1a: Magmado|37\/100 tox|[from] item: Leftovers\n|-damage|p1a: Magmado|19\/100 tox|[from] psn\n|-damage|p2a: Jellicent|26\/100 tox|[from] psn\n|upkeep\n|turn|31\n|c| Sai4rr|Ala\n|inactive|matu 1402 has 270 seconds left.\n|\n|t:|1699766983\n|switch|p2a: Dil2 de Pep|Corsola-Galar, F|100\/100\n|move|p1a: Magmado|Magma Storm|p2a: Dil2 de Pep\n|-damage|p2a: Dil2 de Pep|69\/100\n|-activate|p2a: Dil2 de Pep|move: Magma Storm|[of] p1a: Magmado\n|-start|p1a: Magmado|Disable|Magma Storm|[from] ability: Cursed Body|[of] p2a: Dil2 de Pep\n|\n|-heal|p1a: Magmado|25\/100 tox|[from] item: Leftovers\n|-damage|p1a: Magmado|0 fnt|[from] psn\n|faint|p1a: Magmado\n|-end|p2a: Dil2 de Pep|Magma Storm|[partiallytrapped]|[silent]\n|upkeep\n|\n|t:|1699766989\n|switch|p1a: El Cumbia Ikuze|Greninja, M|55\/100 tox\n|turn|32\n|\n|t:|1699767004\n|move|p1a: El Cumbia Ikuze|Dark Pulse|p2a: Dil2 de Pep\n|-supereffective|p2a: Dil2 de Pep\n|-damage|p2a: Dil2 de Pep|0 fnt\n|faint|p2a: Dil2 de Pep\n|-ability|p1a: El Cumbia Ikuze|Battle Bond|boost\n|-boost|p1a: El Cumbia Ikuze|atk|1\n|-boost|p1a: El Cumbia Ikuze|spa|1\n|-boost|p1a: El Cumbia Ikuze|spe|1\n|-activate|p1a: El Cumbia Ikuze|ability: Battle Bond\n|\n|-damage|p1a: El Cumbia Ikuze|49\/100 tox|[from] psn\n|upkeep\n|\n|t:|1699767011\n|switch|p2a: Jellicent|Jellicent, M, shiny|26\/100 tox\n|turn|33\n|\n|t:|1699767014\n|move|p1a: El Cumbia Ikuze|Dark Pulse|p2a: Jellicent\n|-supereffective|p2a: Jellicent\n|-damage|p2a: Jellicent|0 fnt\n|faint|p2a: Jellicent\n|\n|-damage|p1a: El Cumbia Ikuze|37\/100 tox|[from] psn\n|upkeep\n|\n|t:|1699767018\n|switch|p2a: Polteageist|Polteageist|100\/100\n|turn|34\n|\n|t:|1699767025\n|move|p1a: El Cumbia Ikuze|Dark Pulse|p2a: Polteageist\n|-supereffective|p2a: Polteageist\n|-enditem|p2a: Polteageist|Focus Sash\n|-damage|p2a: Polteageist|1\/100\n|move|p2a: Polteageist|Shadow Ball|p1a: El Cumbia Ikuze\n|-resisted|p1a: El Cumbia Ikuze\n|-damage|p1a: El Cumbia Ikuze|4\/100 tox\n|\n|-damage|p1a: El Cumbia Ikuze|0 fnt|[from] psn\n|faint|p1a: El Cumbia Ikuze\n|upkeep\n|\n|t:|1699767028\n|switch|p1a: Erica Jueves|Mawile-Mega, F|78\/100\n|turn|35\n|\n|t:|1699767038\n|move|p2a: Polteageist|Strength Sap|p1a: Erica Jueves\n|-unboost|p1a: Erica Jueves|atk|1\n|-heal|p2a: Polteageist|100\/100\n|move|p1a: Erica Jueves|Thunder Punch|p2a: Polteageist\n|-damage|p2a: Polteageist|47\/100\n|-ability|p2a: Polteageist|Weak Armor|boost\n|-unboost|p2a: Polteageist|def|1\n|-boost|p2a: Polteageist|spe|2\n|\n|upkeep\n|turn|36\n|\n|t:|1699767044\n|move|p2a: Polteageist|Strength Sap|p1a: Erica Jueves\n|-unboost|p1a: Erica Jueves|atk|1\n|-heal|p2a: Polteageist|100\/100\n|move|p1a: Erica Jueves|Play Rough|p2a: Polteageist\n|-damage|p2a: Polteageist|0 fnt\n|faint|p2a: Polteageist\n|\n|upkeep\n|c|\u2606matu 1402|Es scar, no?\n|\n|t:|1699767054\n|switch|p2a: Blacephalon|Blacephalon, tera:Ghost|39\/100\n|turn|37\n|c|\u2606matu 1402|Perdi\n|c|\u2606matu 1402|Sunker\n|\n|t:|1699767069\n|move|p1a: Erica Jueves|Sucker Punch|p2a: Blacephalon\n|-supereffective|p2a: Blacephalon\n|-damage|p2a: Blacephalon|0 fnt\n|faint|p2a: Blacephalon\n|\n|win|Arlo Ghost\n|c|\u2606matu 1402|Sabia\n|c|\u2606matu 1402|Bueno gg\n|c|\u2606Arlo Ghost|eso estuvo cerca\n|c|\u2606Arlo Ghost|gg\n|c|\u2606matu 1402|Dime\n|c|\u2606matu 1402|El greninha estaba encerrado?\n|l| Sai4rr\n|c|\u2606Arlo Ghost|nose\n","uploadtime":1699767106,"views":12,"p1id":"arloghost","p2id":"matu1402","formatid":"gen9nationaldex","rating":0,"private":0,"password":""}