{"id":"gen9nationaldex-1995063765","p1":"lolowtf09","p2":"Cristian7gg","format":"[Gen 9] National Dex","log":"|html|<div class=\"broadcast-blue\"><strong>[Gen 9] National Dex is currently suspecting Sneasler! For information on how to participate check out the <a href=\"https:\/\/www.smogon.com\/forums\/threads\/sv-national-dex-suspect-8-just-dance.3731534\/\">suspect thread<\/a>.<\/strong><\/div>\n|j|\u2606lolowtf09\n|j|\u2606Cristian7gg\n|t:|1700518607\n|gametype|singles\n|player|p1|lolowtf09|burgh|\n|player|p2|Cristian7gg|lucas-gen4pt|\n|teamsize|p1|6\n|teamsize|p2|6\n|gen|9\n|tier|[Gen 9] National Dex\n|rule|HP Percentage Mod: HP is shown in percentages\n|rule|Endless Battle Clause: Forcing endless battles is banned\n|rule|OHKO Clause: OHKO moves are banned\n|rule|Evasion Clause: Evasion abilities, items, and moves are banned\n|rule|Evasion Abilities Clause: Evasion abilities are banned\n|rule|Evasion Items Clause: Evasion items are banned\n|rule|Evasion Moves Clause: Evasion moves are banned\n|rule|Species Clause: Limit one of each Pok\u00e9mon\n|rule|Sleep Clause Mod: Limit one foe put to sleep\n|clearpoke\n|poke|p1|Dipplin, F|\n|poke|p1|Forretress, M|\n|poke|p1|Pinsir, F|\n|poke|p1|Heracross, M|\n|poke|p1|Rabsca, F|\n|poke|p1|Galvantula, F|\n|poke|p2|Tapu Koko|\n|poke|p2|Raichu-Alola, M|\n|poke|p2|Charizard, F|\n|poke|p2|Gliscor, F|\n|poke|p2|Aegislash, F|\n|poke|p2|Dragonite, M|\n|teampreview\n|c|\u2606lolowtf09|Mis peque\u00f1os amigos demostraran el poder de la micro fauna\n|\n|t:|1700518635\n|start\n|switch|p1a: ManoloPajitas|Forretress, M|100\/100\n|switch|p2a: Papu :vvvvxdddd|Tapu Koko, shiny|100\/100\n|-fieldstart|move: Electric Terrain|[from] ability: Electric Surge|[of] p2a: Papu :vvvvxdddd\n|turn|1\n|\n|t:|1700518641\n|move|p2a: Papu :vvvvxdddd|U-turn|p1a: ManoloPajitas\n|-resisted|p1a: ManoloPajitas\n|-damage|p1a: ManoloPajitas|96\/100\n|-damage|p2a: Papu :vvvvxdddd|84\/100|[from] item: Rocky Helmet|[of] p1a: ManoloPajitas\n|\n|t:|1700518648\n|switch|p2a: Salamander|Charizard, F|100\/100|[from] U-turn\n|move|p1a: ManoloPajitas|Stealth Rock|p2a: Salamander\n|-sidestart|p2: Cristian7gg|move: Stealth Rock\n|\n|upkeep\n|turn|2\n|\n|t:|1700518655\n|detailschange|p2a: Salamander|Charizard-Mega-Y, F\n|-mega|p2a: Salamander|Charizard|Charizardite Y\n|-weather|SunnyDay|[from] ability: Drought|[of] p2a: Salamander\n|move|p2a: Salamander|Flamethrower|p1a: ManoloPajitas\n|-supereffective|p1a: ManoloPajitas\n|-damage|p1a: ManoloPajitas|0 fnt\n|faint|p1a: ManoloPajitas\n|\n|-weather|SunnyDay|[upkeep]\n|upkeep\n|j| WSoldat\n|\n|t:|1700518674\n|switch|p1a: Galvantula|Galvantula, F, shiny|100\/100\n|turn|3\n|\n|t:|1700518680\n|move|p1a: Galvantula|Thunder|p2a: Salamander\n|-supereffective|p2a: Salamander\n|-damage|p2a: Salamander|0 fnt\n|faint|p2a: Salamander\n|\n|-weather|SunnyDay|[upkeep]\n|upkeep\n|c|\u2606Cristian7gg|Waus\n|c|\u2606Cristian7gg|Me di\u00f3 con sol\n|\n|t:|1700518694\n|switch|p2a: Alexis|Aegislash, F, shiny|100\/100\n|-damage|p2a: Alexis|94\/100|[from] Stealth Rock\n|turn|4\n|\n|t:|1700518698\n|move|p1a: Galvantula|Thunder|p2a: Alexis|[miss]\n|-miss|p1a: Galvantula|p2a: Alexis\n|-formechange|p2a: Alexis|Aegislash-Blade||[from] ability: Stance Change\n|move|p2a: Alexis|Iron Head|p1a: Galvantula\n|-resisted|p1a: Galvantula\n|-damage|p1a: Galvantula|59\/100\n|\n|-weather|SunnyDay|[upkeep]\n|-heal|p2a: Alexis|100\/100|[from] item: Leftovers\n|upkeep\n|turn|5\n|\n|t:|1700518707\n|move|p2a: Alexis|Shadow Sneak|p1a: Galvantula\n|-damage|p1a: Galvantula|13\/100\n|move|p1a: Galvantula|Thunder|p2a: Alexis\n|-damage|p2a: Alexis|0 fnt\n|faint|p2a: Alexis\n|\n|-weather|SunnyDay|[upkeep]\n|upkeep\n|j| RARMolina\n|\n|t:|1700518714\n|switch|p2a: Pedro|Gliscor, F|100\/100\n|-damage|p2a: Pedro|88\/100|[from] Stealth Rock\n|turn|6\n|\n|t:|1700518726\n|move|p1a: Galvantula|Thunder|p2a: Pedro\n|-immune|p2a: Pedro\n|move|p2a: Pedro|Defog|p1a: Galvantula\n|-unboost|p1a: Galvantula|evasion|1\n|-sideend|p2: Cristian7gg|Stealth Rock|[from] move: Defog|[of] p2a: Pedro\n|-fieldend|move: Electric Terrain\n|\n|-weather|none\n|-status|p2a: Pedro|tox|[from] item: Toxic Orb\n|upkeep\n|turn|7\n|\n|t:|1700518734\n|switch|p2a: Papu :vvvvxdddd|Tapu Koko, shiny|84\/100\n|-fieldstart|move: Electric Terrain|[from] ability: Electric Surge|[of] p2a: Papu :vvvvxdddd\n|move|p1a: Galvantula|Thunder|p2a: Papu :vvvvxdddd\n|-resisted|p2a: Papu :vvvvxdddd\n|-damage|p2a: Papu :vvvvxdddd|41\/100\n|\n|upkeep\n|turn|8\n|\n|t:|1700518742\n|move|p1a: Galvantula|Thunder|p2a: Papu :vvvvxdddd\n|-resisted|p2a: Papu :vvvvxdddd\n|-damage|p2a: Papu :vvvvxdddd|0 fnt\n|faint|p2a: Papu :vvvvxdddd\n|\n|upkeep\n|\n|t:|1700518749\n|switch|p2a: Raichu|Raichu-Alola, M|100\/100\n|turn|9\n|c|\u2606lolowtf09|yo siendo scarf\n|c| RARMolina|Ala\n|\n|t:|1700518752\n|move|p2a: Raichu|Nasty Plot|p2a: Raichu\n|-boost|p2a: Raichu|spa|2\n|move|p1a: Galvantula|Thunder|p2a: Raichu\n|-resisted|p2a: Raichu\n|-damage|p2a: Raichu|59\/100\n|\n|upkeep\n|turn|10\n|\n|t:|1700518760\n|move|p2a: Raichu|Psyshock|p1a: Galvantula\n|-damage|p1a: Galvantula|0 fnt\n|faint|p1a: Galvantula\n|\n|upkeep\n|c| WSoldat|Galvantula carry\n|c|\u2606Cristian7gg|Te voy a one shotear todo el team\n|c|\u2606lolowtf09|lo se\n|\n|t:|1700518779\n|switch|p1a: Manzaneta|Dipplin, F, shiny|100\/100\n|turn|11\n|\n|t:|1700518784\n|-terastallize|p2a: Raichu|Electric\n|-terastallize|p1a: Manzaneta|Fairy\n|move|p2a: Raichu|Rising Voltage|p1a: Manzaneta\n|-hint|Rising Voltage's BP doubled on grounded target.\n|-crit|p1a: Manzaneta\n|-damage|p1a: Manzaneta|0 fnt\n|faint|p1a: Manzaneta\n|\n|upkeep\n|j| Sylveon(404)\n|c|\u2606lolowtf09|mmm\n|c|\u2606Cristian7gg|Esewe\n|\n|t:|1700518803\n|switch|p1a: Rasca|Rabsca, F|100\/100\n|turn|12\n|\n|t:|1700518808\n|move|p2a: Raichu|Rising Voltage|p1a: Rasca\n|-hint|Rising Voltage's BP doubled on grounded target.\n|-enditem|p1a: Rasca|Focus Sash\n|-damage|p1a: Rasca|1\/100\n|move|p1a: Rasca|Revival Blessing|p1a: Rasca\n|\n|t:|1700518814\n|-heal|p1: Galvantula|50\/100|[from] move: Revival Blessing\n|\n|upkeep\n|turn|13\n|c|\u2606Cristian7gg|?\n|\n|t:|1700518821\n|move|p2a: Raichu|Rising Voltage|p1a: Rasca\n|-hint|Rising Voltage's BP doubled on grounded target.\n|-damage|p1a: Rasca|0 fnt\n|faint|p1a: Rasca\n|\n|upkeep\n|\n|t:|1700518827\n|switch|p1a: CHUPA BULBAS|Heracross, M|100\/100\n|turn|14\n|c| RARMolina|No contaste conma sash\n|c|\u2606lolowtf09|no creo ganar\n|c|\u2606lolowtf09|pero dare lo mejor\n|\n|t:|1700518847\n|move|p2a: Raichu|Rising Voltage|p1a: CHUPA BULBAS\n|-hint|Rising Voltage's BP doubled on grounded target.\n|-damage|p1a: CHUPA BULBAS|0 fnt\n|faint|p1a: CHUPA BULBAS\n|\n|-fieldend|move: Electric Terrain\n|upkeep\n|\n|t:|1700518854\n|switch|p1a: Galvantula|Galvantula, F, shiny|50\/100\n|turn|15\n|\n|t:|1700518865\n|switch|p2a: Daniel|Dragonite, M|100\/100\n|move|p1a: Galvantula|Signal Beam|p2a: Daniel\n|-resisted|p2a: Daniel\n|-damage|p2a: Daniel|93\/100\n|\n|upkeep\n|turn|16\n|\n|t:|1700518869\n|switch|p1a: \u00d1ami|Pinsir, F|100\/100\n|move|p2a: Daniel|Dragon Dance|p2a: Daniel\n|-boost|p2a: Daniel|atk|1\n|-boost|p2a: Daniel|spe|1\n|\n|upkeep\n|turn|17\n|\n|t:|1700518877\n|detailschange|p1a: \u00d1ami|Pinsir-Mega, F\n|-mega|p1a: \u00d1ami|Pinsir|Pinsirite\n|move|p2a: Daniel|Dragon Claw|p1a: \u00d1ami\n|-damage|p1a: \u00d1ami|33\/100\n|move|p1a: \u00d1ami|Frustration|p2a: Daniel\n|-damage|p2a: Daniel|22\/100\n|\n|upkeep\n|turn|18\n|\n|t:|1700518886\n|move|p2a: Daniel|Extreme Speed|p1a: \u00d1ami\n|-damage|p1a: \u00d1ami|0 fnt\n|faint|p1a: \u00d1ami\n|\n|upkeep\n|\n|t:|1700518890\n|switch|p1a: Galvantula|Galvantula, F, shiny|50\/100\n|turn|19\n|c|\u2606lolowtf09|ya perdi\n|\n|t:|1700518900\n|move|p1a: Galvantula|Giga Drain|p2a: Daniel\n|-resisted|p2a: Daniel\n|-damage|p2a: Daniel|17\/100\n|-heal|p1a: Galvantula|54\/100|[from] drain|[of] p2a: Daniel\n|move|p2a: Daniel|Dragon Claw|p1a: Galvantula\n|-damage|p1a: Galvantula|0 fnt\n|faint|p1a: Galvantula\n|\n|win|Cristian7gg\n|c|\u2606lolowtf09|bueno\n|c|\u2606Cristian7gg|Gg\n|l| Sylveon(404)\n|c|\u2606lolowtf09|gg\n","uploadtime":1700518914,"views":2,"p1id":"lolowtf09","p2id":"cristian7gg","formatid":"gen9nationaldex","rating":0,"private":0,"password":""}