{"id":"gen9nationaldex-1992512663","p1":"quzjenzhang\u5927\u50bb\u903c","p2":"ChaosEmperor96","format":"[Gen 9] National Dex","log":"|j|\u2606quzjenzhang\u5927\u50bb\u903c\n|j|\u2606ChaosEmperor96\n|t:|1700197499\n|gametype|singles\n|player|p1|quzjenzhang\u5927\u50bb\u903c|winona|1154\n|player|p2|ChaosEmperor96|marshal|1211\n|teamsize|p1|6\n|teamsize|p2|6\n|gen|9\n|tier|[Gen 9] National Dex\n|rated|\n|rule|HP Percentage Mod: HP is shown in percentages\n|rule|Endless Battle Clause: Forcing endless battles is banned\n|rule|OHKO Clause: OHKO moves are banned\n|rule|Evasion Clause: Evasion abilities, items, and moves are banned\n|rule|Evasion Abilities Clause: Evasion abilities are banned\n|rule|Evasion Items Clause: Evasion items are banned\n|rule|Evasion Moves Clause: Evasion moves are banned\n|rule|Species Clause: Limit one of each Pok\u00e9mon\n|rule|Sleep Clause Mod: Limit one foe put to sleep\n|clearpoke\n|poke|p1|Ribombee, M|\n|poke|p1|Breloom, F|\n|poke|p1|Banette, F|\n|poke|p1|Alomomola, M|\n|poke|p1|Tapu Lele|\n|poke|p1|Gliscor, M|\n|poke|p2|Emboar, M|\n|poke|p2|Haxorus, M|\n|poke|p2|Excadrill, M|\n|poke|p2|Galvantula, M|\n|poke|p2|Mandibuzz, F|\n|poke|p2|Vanilluxe, M|\n|teampreview\n|inactive|Battle timer is ON: inactive players will automatically lose when time's up. (requested by ChaosEmperor96)\n|\n|t:|1700197503\n|start\n|switch|p1a: Breloom|Breloom, F|100\/100\n|switch|p2a: Excadrill|Excadrill, M, shiny|100\/100\n|turn|1\n|\n|t:|1700197509\n|switch|p2a: Mandibuzz|Mandibuzz, F, shiny|100\/100\n|move|p1a: Breloom|Spore|p2a: Mandibuzz\n|-immune|p2a: Mandibuzz|[from] ability: Overcoat\n|\n|upkeep\n|turn|2\n|\n|t:|1700197518\n|move|p1a: Breloom|Swords Dance|p1a: Breloom\n|-boost|p1a: Breloom|atk|2\n|move|p2a: Mandibuzz|Foul Play|p1a: Breloom\n|-resisted|p1a: Breloom\n|-damage|p1a: Breloom|28\/100\n|\n|upkeep\n|turn|3\n|\n|t:|1700197530\n|move|p1a: Breloom|Drain Punch|p2a: Mandibuzz\n|-damage|p2a: Mandibuzz|59\/100\n|-heal|p1a: Breloom|62\/100|[from] drain|[of] p2a: Mandibuzz\n|move|p2a: Mandibuzz|Foul Play|p1a: Breloom\n|-resisted|p1a: Breloom\n|-damage|p1a: Breloom|0 fnt\n|faint|p1a: Breloom\n|\n|upkeep\n|\n|t:|1700197538\n|switch|p1a: Ribombee|Ribombee, M|100\/100\n|turn|4\n|\n|t:|1700197544\n|switch|p2a: Excadrill|Excadrill, M, shiny|100\/100\n|move|p1a: Ribombee|Moonblast|p2a: Excadrill\n|-resisted|p2a: Excadrill\n|-damage|p2a: Excadrill|74\/100\n|\n|upkeep\n|turn|5\n|\n|t:|1700197556\n|switch|p1a: Banette|Banette, F|100\/100\n|-item|p2a: Excadrill|Focus Sash|[from] ability: Frisk|[of] p1a: Banette|[identify]\n|move|p2a: Excadrill|Rapid Spin|p1a: Banette\n|-immune|p1a: Banette\n|\n|upkeep\n|turn|6\n|\n|t:|1700197564\n|switch|p2a: Mandibuzz|Mandibuzz, F, shiny|59\/100\n|detailschange|p1a: Banette|Banette-Mega, F\n|-mega|p1a: Banette|Banette|Banettite\n|move|p1a: Banette|Encore|p2a: Mandibuzz\n|-hint|Since gen 7, Dark is immune to Prankster moves.\n|-immune|p2a: Mandibuzz\n|\n|upkeep\n|turn|7\n|\n|t:|1700197579\n|switch|p1a: Alomomola|Alomomola, M|100\/100\n|move|p2a: Mandibuzz|U-turn|p1a: Alomomola\n|-damage|p1a: Alomomola|93\/100\n|-damage|p2a: Mandibuzz|43\/100|[from] item: Rocky Helmet|[of] p1a: Alomomola\n|\n|t:|1700197585\n|switch|p2a: Galvantula|Galvantula, M, shiny|100\/100|[from] U-turn\n|\n|upkeep\n|turn|8\n|\n|t:|1700197605\n|switch|p1a: Banette|Banette-Mega, F|100\/100\n|move|p2a: Galvantula|Energy Ball|p1a: Banette\n|-damage|p1a: Banette|65\/100\n|\n|upkeep\n|turn|9\n|\n|t:|1700197613\n|move|p2a: Galvantula|Thunderbolt|p1a: Banette\n|-damage|p1a: Banette|5\/100\n|move|p1a: Banette|Poltergeist|p2a: Galvantula\n|-activate|p2a: Galvantula|move: Poltergeist|Focus Sash\n|-enditem|p2a: Galvantula|Focus Sash\n|-damage|p2a: Galvantula|1\/100\n|\n|upkeep\n|turn|10\n|\n|t:|1700197624\n|switch|p2a: Mandibuzz|Mandibuzz, F, shiny|43\/100\n|move|p1a: Banette|Will-O-Wisp|p2a: Mandibuzz\n|-hint|Since gen 7, Dark is immune to Prankster moves.\n|-immune|p2a: Mandibuzz\n|\n|upkeep\n|turn|11\n|\n|t:|1700197643\n|switch|p1a: Ribombee|Ribombee, M|100\/100\n|move|p2a: Mandibuzz|U-turn|p1a: Ribombee\n|-resisted|p1a: Ribombee\n|-damage|p1a: Ribombee|89\/100\n|\n|t:|1700197649\n|switch|p2a: Excadrill|Excadrill, M, shiny|74\/100|[from] U-turn\n|\n|upkeep\n|turn|12\n|\n|t:|1700197653\n|move|p1a: Ribombee|Psychic|p2a: Excadrill\n|-resisted|p2a: Excadrill\n|-damage|p2a: Excadrill|57\/100\n|move|p2a: Excadrill|Iron Head|p1a: Ribombee\n|-supereffective|p1a: Ribombee\n|-damage|p1a: Ribombee|0 fnt\n|faint|p1a: Ribombee\n|\n|upkeep\n|\n|t:|1700197661\n|switch|p1a: Tapu Lele|Tapu Lele|100\/100\n|-fieldstart|move: Psychic Terrain|[from] ability: Psychic Surge|[of] p1a: Tapu Lele\n|turn|13\n|\n|t:|1700197673\n|move|p1a: Tapu Lele|Moonblast|p2a: Excadrill\n|-resisted|p2a: Excadrill\n|-damage|p2a: Excadrill|11\/100\n|move|p2a: Excadrill|Iron Head|p1a: Tapu Lele\n|-supereffective|p1a: Tapu Lele\n|-damage|p1a: Tapu Lele|0 fnt\n|faint|p1a: Tapu Lele\n|\n|upkeep\n|\n|t:|1700197677\n|switch|p1a: Banette|Banette-Mega, F|5\/100\n|turn|14\n|\n|t:|1700197687\n|switch|p2a: Mandibuzz|Mandibuzz, F, shiny|43\/100\n|switch|p1a: Gliscor|Gliscor, M|100\/100\n|\n|-status|p1a: Gliscor|tox|[from] item: Toxic Orb\n|upkeep\n|turn|15\n|\n|t:|1700197695\n|move|p1a: Gliscor|Stone Edge|p2a: Mandibuzz\n|-supereffective|p2a: Mandibuzz\n|-damage|p2a: Mandibuzz|17\/100\n|move|p2a: Mandibuzz|Foul Play|p1a: Gliscor\n|-damage|p1a: Gliscor|77\/100 tox\n|\n|-heal|p1a: Gliscor|90\/100 tox|[from] ability: Poison Heal\n|upkeep\n|turn|16\n|\n|t:|1700197704\n|move|p1a: Gliscor|Stone Edge|p2a: Mandibuzz|[miss]\n|-miss|p1a: Gliscor|p2a: Mandibuzz\n|move|p2a: Mandibuzz|U-turn|p1a: Gliscor\n|-resisted|p1a: Gliscor\n|-damage|p1a: Gliscor|85\/100 tox\n|\n|t:|1700197709\n|switch|p2a: Vanilluxe|Vanilluxe, M, shiny|100\/100|[from] U-turn\n|\n|-heal|p1a: Gliscor|98\/100 tox|[from] ability: Poison Heal\n|upkeep\n|turn|17\n|\n|t:|1700197716\n|-terastallize|p2a: Vanilluxe|Dragon\n|-terastallize|p1a: Gliscor|Steel\n|move|p2a: Vanilluxe|Ice Beam|p1a: Gliscor\n|-resisted|p1a: Gliscor\n|-damage|p1a: Gliscor|79\/100 tox\n|move|p1a: Gliscor|Stone Edge|p2a: Vanilluxe|[miss]\n|-miss|p1a: Gliscor|p2a: Vanilluxe\n|\n|-heal|p1a: Gliscor|91\/100 tox|[from] ability: Poison Heal\n|-fieldend|move: Psychic Terrain\n|upkeep\n|turn|18\n|\n|t:|1700197729\n|switch|p2a: Emboar|Emboar, M, shiny|100\/100\n|move|p1a: Gliscor|Earthquake|p2a: Emboar\n|-supereffective|p2a: Emboar\n|-damage|p2a: Emboar|15\/100\n|\n|-heal|p1a: Gliscor|100\/100 tox|[from] ability: Poison Heal\n|upkeep\n|turn|19\n|\n|t:|1700197741\n|switch|p2a: Mandibuzz|Mandibuzz, F, shiny|17\/100\n|switch|p1a: Alomomola|Alomomola, M|100\/100\n|\n|upkeep\n|turn|20\n|\n|t:|1700197748\n|move|p2a: Mandibuzz|Toxic|p1a: Alomomola\n|-status|p1a: Alomomola|tox\n|move|p1a: Alomomola|Wish|p1a: Alomomola\n|\n|-damage|p1a: Alomomola|94\/100 tox|[from] psn\n|upkeep\n|turn|21\n|\n|t:|1700197757\n|move|p2a: Mandibuzz|Foul Play|p1a: Alomomola\n|-damage|p1a: Alomomola|80\/100 tox\n|-damage|p2a: Mandibuzz|1\/100|[from] item: Rocky Helmet|[of] p1a: Alomomola\n|move|p1a: Alomomola|Flip Turn|p2a: Mandibuzz\n|-damage|p2a: Mandibuzz|0 fnt\n|faint|p2a: Mandibuzz\n|\n|t:|1700197765\n|switch|p1a: Banette|Banette-Mega, F|5\/100|[from] Flip Turn\n|\n|-heal|p1a: Banette|94\/100|[from] move: Wish|[wisher] Alomomola\n|upkeep\n|\n|t:|1700197775\n|switch|p2a: Haxorus|Haxorus, M, shiny|100\/100\n|-ability|p2a: Haxorus|Mold Breaker\n|turn|22\n|\n|t:|1700197783\n|move|p1a: Banette|Will-O-Wisp|p2a: Haxorus\n|-status|p2a: Haxorus|brn\n|move|p2a: Haxorus|Dragon Dance|p2a: Haxorus\n|-boost|p2a: Haxorus|atk|1\n|-boost|p2a: Haxorus|spe|1\n|\n|-damage|p2a: Haxorus|94\/100 brn|[from] brn\n|upkeep\n|turn|23\n|\n|t:|1700197795\n|move|p1a: Banette|Encore|p2a: Haxorus\n|-start|p2a: Haxorus|Encore\n|move|p2a: Haxorus|Dragon Dance|p2a: Haxorus\n|-boost|p2a: Haxorus|atk|1\n|-boost|p2a: Haxorus|spe|1\n|\n|-damage|p2a: Haxorus|88\/100 brn|[from] brn\n|upkeep\n|turn|24\n|\n|t:|1700197806\n|move|p2a: Haxorus|Dragon Dance|p2a: Haxorus\n|-boost|p2a: Haxorus|atk|1\n|-boost|p2a: Haxorus|spe|1\n|move|p1a: Banette|Poltergeist|p2a: Haxorus\n|-activate|p2a: Haxorus|move: Poltergeist|Focus Sash\n|-damage|p2a: Haxorus|8\/100 brn\n|\n|-damage|p2a: Haxorus|2\/100 brn|[from] brn\n|upkeep\n|turn|25\n|\n|t:|1700197818\n|move|p2a: Haxorus|Dragon Dance|p2a: Haxorus\n|-boost|p2a: Haxorus|atk|1\n|-boost|p2a: Haxorus|spe|1\n|move|p1a: Banette|Poltergeist|p2a: Haxorus\n|-activate|p2a: Haxorus|move: Poltergeist|Focus Sash\n|-damage|p2a: Haxorus|0 fnt\n|faint|p2a: Haxorus\n|\n|upkeep\n|\n|t:|1700197832\n|switch|p2a: Vanilluxe|Vanilluxe, M, shiny, tera:Dragon|100\/100\n|turn|26\n|\n|t:|1700197837\n|move|p1a: Banette|Poltergeist|p2a: Vanilluxe|[miss]\n|-miss|p1a: Banette|p2a: Vanilluxe\n|move|p2a: Vanilluxe|Ice Beam|p1a: Banette\n|-damage|p1a: Banette|29\/100\n|\n|upkeep\n|turn|27\n|\n|t:|1700197849\n|move|p1a: Banette|Poltergeist|p2a: Vanilluxe\n|-activate|p2a: Vanilluxe|move: Poltergeist|Weakness Policy\n|-damage|p2a: Vanilluxe|5\/100\n|-ability|p2a: Vanilluxe|Weak Armor|boost\n|-unboost|p2a: Vanilluxe|def|1\n|-boost|p2a: Vanilluxe|spe|2\n|move|p2a: Vanilluxe|Ice Beam|p1a: Banette\n|-damage|p1a: Banette|0 fnt\n|faint|p1a: Banette\n|\n|upkeep\n|\n|t:|1700197862\n|switch|p1a: Alomomola|Alomomola, M|100\/100 tox\n|turn|28\n|\n|t:|1700197867\n|move|p1a: Alomomola|Protect|p1a: Alomomola\n|-singleturn|p1a: Alomomola|Protect\n|move|p2a: Vanilluxe|Freeze-Dry|p1a: Alomomola\n|-activate|p1a: Alomomola|move: Protect\n|\n|-damage|p1a: Alomomola|94\/100 tox|[from] psn\n|upkeep\n|turn|29\n|\n|t:|1700197875\n|move|p2a: Vanilluxe|Freeze-Dry|p1a: Alomomola\n|-supereffective|p1a: Alomomola\n|-damage|p1a: Alomomola|35\/100 tox\n|move|p1a: Alomomola|Flip Turn|p2a: Vanilluxe\n|-resisted|p2a: Vanilluxe\n|-damage|p2a: Vanilluxe|0 fnt\n|faint|p2a: Vanilluxe\n|\n|t:|1700197878\n|switch|p1a: Gliscor|Gliscor, M, tera:Steel|100\/100 tox|[from] Flip Turn\n|\n|upkeep\n|\n|t:|1700197893\n|switch|p2a: Excadrill|Excadrill, M, shiny|11\/100\n|turn|30\n|\n|t:|1700197897\n|switch|p1a: Alomomola|Alomomola, M|68\/100 tox\n|move|p2a: Excadrill|Earthquake|p1a: Alomomola\n|-damage|p1a: Alomomola|31\/100 tox\n|\n|-damage|p1a: Alomomola|25\/100 tox|[from] psn\n|upkeep\n|turn|31\n|\n|t:|1700197905\n|move|p2a: Excadrill|Earthquake|p1a: Alomomola\n|-damage|p1a: Alomomola|0 fnt\n|faint|p1a: Alomomola\n|\n|upkeep\n|\n|t:|1700197907\n|switch|p1a: Gliscor|Gliscor, M, tera:Steel|100\/100 tox\n|turn|32\n|\n|t:|1700197912\n|move|p2a: Excadrill|Earthquake|p1a: Gliscor\n|-supereffective|p1a: Gliscor\n|-damage|p1a: Gliscor|0 fnt\n|faint|p1a: Gliscor\n|\n|win|ChaosEmperor96\n|raw|quzjenzhang\u5927\u50bb\u903c's rating: 1154 &rarr; <strong>1133<\/strong><br \/>(-21 for losing)\n|raw|ChaosEmperor96's rating: 1211 &rarr; <strong>1232<\/strong><br \/>(+21 for winning)\n|l|\u2606quzjenzhang\u5927\u50bb\u903c\n|c|\u2606ChaosEmperor96|Gg\n","uploadtime":1700197936,"views":4,"p1id":"quzjenzhang","p2id":"chaosemperor96","formatid":"gen9nationaldex","rating":1133,"private":0,"password":""}