{"id":"gen9nationaldex-1997998553","p1":"The Champion Windy","p2":"NDSNEZyedropwhen","format":"[Gen 9] National Dex","log":"|html|<div class=\"broadcast-blue\"><strong>[Gen 9] National Dex is currently suspecting Sneasler! For information on how to participate check out the <a href=\"https:\/\/www.smogon.com\/forums\/threads\/sv-national-dex-suspect-8-just-dance.3731534\/\">suspect thread<\/a>.<\/strong><\/div>\n|j|\u2606The Champion Windy\n|j|\u2606NDSNEZyedropwhen\n|t:|1700877101\n|gametype|singles\n|player|p1|The Champion Windy|2|1091\n|player|p2|NDSNEZyedropwhen|adaman|1184\n|teamsize|p1|6\n|teamsize|p2|6\n|gen|9\n|tier|[Gen 9] National Dex\n|rated|\n|rule|HP Percentage Mod: HP is shown in percentages\n|rule|Endless Battle Clause: Forcing endless battles is banned\n|rule|OHKO Clause: OHKO moves are banned\n|rule|Evasion Clause: Evasion abilities, items, and moves are banned\n|rule|Evasion Abilities Clause: Evasion abilities are banned\n|rule|Evasion Items Clause: Evasion items are banned\n|rule|Evasion Moves Clause: Evasion moves are banned\n|rule|Species Clause: Limit one of each Pok\u00e9mon\n|rule|Sleep Clause Mod: Limit one foe put to sleep\n|clearpoke\n|poke|p1|Kingdra, F|\n|poke|p1|Dragonite, F|\n|poke|p1|Garchomp, F|\n|poke|p1|Charizard, F|\n|poke|p1|Duraludon, F|\n|poke|p1|Haxorus, F|\n|poke|p2|Toxapex, F|\n|poke|p2|Dondozo, M|\n|poke|p2|Gliscor, F|\n|poke|p2|Blissey, F|\n|poke|p2|Corviknight, M|\n|poke|p2|Tyranitar, F|\n|teampreview\n|\n|t:|1700877105\n|start\n|switch|p1a: Duraludon|Duraludon, F|100\/100\n|switch|p2a: Gliscor|Gliscor, F|100\/100\n|turn|1\n|inactive|Battle timer is ON: inactive players will automatically lose when time's up. (requested by NDSNEZyedropwhen)\n|\n|t:|1700877124\n|-terastallize|p1a: Duraludon|Ghost\n|move|p2a: Gliscor|Protect|p2a: Gliscor\n|-singleturn|p2a: Gliscor|Protect\n|move|p1a: Duraludon|Flash Cannon|p2a: Gliscor\n|-activate|p2a: Gliscor|move: Protect\n|\n|-status|p2a: Gliscor|tox|[from] item: Toxic Orb\n|upkeep\n|turn|2\n|\n|t:|1700877136\n|switch|p2a: Toxapex|Toxapex, F|100\/100\n|move|p1a: Duraludon|Dark Pulse|p2a: Toxapex\n|-damage|p2a: Toxapex|73\/100\n|-damage|p1a: Duraludon|91\/100|[from] item: Life Orb\n|\n|upkeep\n|turn|3\n|\n|t:|1700877144\n|move|p1a: Duraludon|Thunderbolt|p2a: Toxapex\n|-supereffective|p2a: Toxapex\n|-damage|p2a: Toxapex|5\/100\n|-damage|p1a: Duraludon|81\/100|[from] item: Life Orb\n|move|p2a: Toxapex|Toxic|p1a: Duraludon\n|-status|p1a: Duraludon|tox\n|\n|-damage|p1a: Duraludon|75\/100 tox|[from] psn\n|upkeep\n|turn|4\n|\n|t:|1700877156\n|switch|p2a: Blissey|Blissey, F|100\/100\n|move|p1a: Duraludon|Flash Cannon|p2a: Blissey\n|-damage|p2a: Blissey|85\/100\n|-damage|p1a: Duraludon|65\/100 tox|[from] item: Life Orb\n|\n|-damage|p1a: Duraludon|53\/100 tox|[from] psn\n|upkeep\n|turn|5\n|\n|t:|1700877169\n|move|p1a: Duraludon|Flash Cannon|p2a: Blissey\n|-damage|p2a: Blissey|70\/100\n|-damage|p1a: Duraludon|43\/100 tox|[from] item: Life Orb\n|move|p2a: Blissey|Stealth Rock|p1a: Duraludon\n|-sidestart|p1: The Champion Windy|move: Stealth Rock\n|\n|-damage|p1a: Duraludon|25\/100 tox|[from] psn\n|upkeep\n|turn|6\n|\n|t:|1700877178\n|switch|p2a: Toxapex|Toxapex, F|39\/100\n|move|p1a: Duraludon|Flash Cannon|p2a: Toxapex\n|-resisted|p2a: Toxapex\n|-damage|p2a: Toxapex|16\/100\n|-damage|p1a: Duraludon|15\/100 tox|[from] item: Life Orb\n|\n|-damage|p1a: Duraludon|0 fnt|[from] psn\n|faint|p1a: Duraludon\n|upkeep\n|\n|t:|1700877195\n|switch|p1a: Haxorus|Haxorus, F|100\/100\n|-damage|p1a: Haxorus|88\/100|[from] Stealth Rock\n|-ability|p1a: Haxorus|Mold Breaker\n|turn|7\n|\n|t:|1700877207\n|switch|p2a: Corviknight|Corviknight, M|100\/100\n|-ability|p2a: Corviknight|Pressure\n|move|p1a: Haxorus|Swords Dance|p1a: Haxorus\n|-boost|p1a: Haxorus|atk|2\n|\n|upkeep\n|turn|8\n|\n|t:|1700877216\n|move|p1a: Haxorus|Swords Dance|p1a: Haxorus\n|-boost|p1a: Haxorus|atk|2\n|move|p2a: Corviknight|Iron Head|p1a: Haxorus\n|-damage|p1a: Haxorus|57\/100\n|\n|upkeep\n|turn|9\n|\n|t:|1700877224\n|move|p1a: Haxorus|Shadow Claw|p2a: Corviknight\n|-damage|p2a: Corviknight|3\/100\n|-damage|p1a: Haxorus|47\/100|[from] item: Life Orb\n|move|p2a: Corviknight|Iron Head|p1a: Haxorus\n|-damage|p1a: Haxorus|15\/100\n|\n|-heal|p2a: Corviknight|9\/100|[from] item: Leftovers\n|upkeep\n|turn|10\n|j| Umbre test\n|\n|t:|1700877237\n|move|p1a: Haxorus|Shadow Claw|p2a: Corviknight\n|-crit|p2a: Corviknight\n|-damage|p2a: Corviknight|0 fnt\n|faint|p2a: Corviknight\n|-damage|p1a: Haxorus|5\/100|[from] item: Life Orb\n|\n|upkeep\n|\n|t:|1700877245\n|switch|p2a: Toxapex|Toxapex, F|49\/100\n|turn|11\n|\n|t:|1700877254\n|move|p2a: Toxapex|Baneful Bunker|p2a: Toxapex\n|-singleturn|p2a: Toxapex|move: Protect\n|move|p1a: Haxorus|Dragon Claw|p2a: Toxapex\n|-activate|p2a: Toxapex|move: Protect\n|-status|p1a: Haxorus|psn\n|\n|-damage|p1a: Haxorus|0 fnt|[from] psn\n|faint|p1a: Haxorus\n|upkeep\n|c| Umbre test|Lmao zard about to take 50\n|c| Umbre test|Crazy\n|\n|t:|1700877268\n|switch|p1a: Garchomp|Garchomp, F|100\/100\n|-damage|p1a: Garchomp|94\/100|[from] Stealth Rock\n|turn|12\n|\n|t:|1700877281\n|switch|p2a: Gliscor|Gliscor, F|100\/100 tox\n|move|p1a: Garchomp|Swords Dance|p1a: Garchomp\n|-boost|p1a: Garchomp|atk|2\n|\n|upkeep\n|turn|13\n|\n|t:|1700877289\n|move|p1a: Garchomp|Dragon Claw|p2a: Gliscor\n|-damage|p2a: Gliscor|22\/100 tox\n|-damage|p1a: Garchomp|85\/100|[from] item: Life Orb\n|move|p2a: Gliscor|Toxic|p1a: Garchomp\n|-status|p1a: Garchomp|tox\n|\n|-damage|p1a: Garchomp|78\/100 tox|[from] psn\n|-heal|p2a: Gliscor|35\/100 tox|[from] ability: Poison Heal\n|upkeep\n|turn|14\n|\n|t:|1700877301\n|move|p2a: Gliscor|Protect|p2a: Gliscor\n|-singleturn|p2a: Gliscor|Protect\n|move|p1a: Garchomp|Swords Dance|p1a: Garchomp\n|-boost|p1a: Garchomp|atk|2\n|\n|-damage|p1a: Garchomp|66\/100 tox|[from] psn\n|-heal|p2a: Gliscor|47\/100 tox|[from] ability: Poison Heal\n|upkeep\n|turn|15\n|\n|t:|1700877311\n|switch|p2a: Dondozo|Dondozo, M|100\/100\n|move|p1a: Garchomp|Dragon Claw|p2a: Dondozo\n|-damage|p2a: Dondozo|72\/100\n|-damage|p1a: Garchomp|56\/100 tox|[from] item: Life Orb\n|\n|-damage|p1a: Garchomp|38\/100 tox|[from] psn\n|upkeep\n|turn|16\n|j| jkljlkh\n|\n|t:|1700877324\n|move|p1a: Garchomp|Earthquake|p2a: Dondozo\n|-damage|p2a: Dondozo|40\/100\n|-damage|p1a: Garchomp|28\/100 tox|[from] item: Life Orb\n|move|p2a: Dondozo|Curse|p2a: Dondozo\n|-unboost|p2a: Dondozo|spe|1\n|-boost|p2a: Dondozo|atk|1\n|-boost|p2a: Dondozo|def|1\n|\n|-damage|p1a: Garchomp|4\/100 tox|[from] psn\n|upkeep\n|turn|17\n|\n|t:|1700877334\n|move|p1a: Garchomp|Earthquake|p2a: Dondozo\n|-crit|p2a: Dondozo\n|-damage|p2a: Dondozo|0 fnt\n|faint|p2a: Dondozo\n|-damage|p1a: Garchomp|0 fnt|[from] item: Life Orb\n|faint|p1a: Garchomp\n|\n|upkeep\n|c| jkljlkh|wtf\n|c| jkljlkh|bro\n|c| Umbre test|LOL\n|c|\u2606NDSNEZyedropwhen|ok\n|c| Umbre test|I JUST CAME BACK\n|c|\u2606NDSNEZyedropwhen|I JUST GOT CRIT\n|\n|t:|1700877355\n|switch|p1a: Charizard|Charizard, F|100\/100\n|switch|p2a: Gliscor|Gliscor, F|47\/100 tox\n|-damage|p1a: Charizard|50\/100|[from] Stealth Rock\n|turn|18\n|c| jkljlkh|it doesn't matter\n|c| jkljlkh|its jover for him\n|c| jkljlkh|tect to scout\n|\n|t:|1700877364\n|switch|p2a: Tyranitar|Tyranitar, F|100\/100\n|-weather|Sandstorm|[from] ability: Sand Stream|[of] p2a: Tyranitar\n|detailschange|p1a: Charizard|Charizard-Mega-Y, F\n|-mega|p1a: Charizard|Charizard|Charizardite Y\n|-weather|SunnyDay|[from] ability: Drought|[of] p1a: Charizard\n|move|p1a: Charizard|Flamethrower|p2a: Tyranitar\n|-resisted|p2a: Tyranitar\n|-damage|p2a: Tyranitar|70\/100\n|\n|-weather|SunnyDay|[upkeep]\n|upkeep\n|turn|19\n|c| Umbre test|What the\n|\n|t:|1700877376\n|detailschange|p2a: Tyranitar|Tyranitar-Mega, F\n|-mega|p2a: Tyranitar|Tyranitar|Tyranitarite\n|-weather|Sandstorm|[from] ability: Sand Stream|[of] p2a: Tyranitar\n|move|p1a: Charizard|Solar Beam||[still]\n|-prepare|p1a: Charizard|Solar Beam\n|move|p2a: Tyranitar|Pursuit|p1a: Charizard\n|-crit|p1a: Charizard\n|-damage|p1a: Charizard|6\/100\n|\n|-weather|Sandstorm|[upkeep]\n|-damage|p1a: Charizard|0 fnt|[from] Sandstorm\n|faint|p1a: Charizard\n|upkeep\n|c| Umbre test|This ain't monodragon\n|c| jkljlkh|you should protect to waste the turn\n|c| jkljlkh|then go ttar\n|\n|t:|1700877388\n|switch|p1a: Kingdra|Kingdra, F|100\/100\n|-damage|p1a: Kingdra|88\/100|[from] Stealth Rock\n|turn|20\n|c| jkljlkh|so his sun is sinsta put out\n|c|\u2606NDSNEZyedropwhen|nah if he was dd mega x he won\n|\n|t:|1700877393\n|switch|p2a: Toxapex|Toxapex, F|82\/100\n|move|p1a: Kingdra|Rain Dance|p1a: Kingdra\n|-weather|RainDance\n|\n|-weather|RainDance|[upkeep]\n|upkeep\n|turn|21\n|\n|t:|1700877400\n|move|p1a: Kingdra|Dragon Pulse|p2a: Toxapex\n|-damage|p2a: Toxapex|38\/100\n|-damage|p1a: Kingdra|78\/100|[from] item: Life Orb\n|move|p2a: Toxapex|Toxic|p1a: Kingdra\n|-status|p1a: Kingdra|tox\n|\n|-weather|RainDance|[upkeep]\n|-damage|p1a: Kingdra|72\/100 tox|[from] psn\n|upkeep\n|turn|22\n|\n|t:|1700877412\n|switch|p2a: Blissey|Blissey, F|70\/100\n|move|p1a: Kingdra|Dragon Pulse|p2a: Blissey\n|-damage|p2a: Blissey|55\/100\n|-damage|p1a: Kingdra|62\/100 tox|[from] item: Life Orb\n|\n|-weather|RainDance|[upkeep]\n|-damage|p1a: Kingdra|50\/100 tox|[from] psn\n|upkeep\n|turn|23\n|c| Umbre test|Pex lives and eq at +1 and toxics\n|\n|t:|1700877422\n|move|p1a: Kingdra|Scald|p2a: Blissey\n|-damage|p2a: Blissey|34\/100\n|-damage|p1a: Kingdra|40\/100 tox|[from] item: Life Orb\n|move|p2a: Blissey|Soft-Boiled|p2a: Blissey\n|-heal|p2a: Blissey|84\/100\n|\n|-weather|RainDance|[upkeep]\n|-damage|p1a: Kingdra|21\/100 tox|[from] psn\n|upkeep\n|turn|24\n|c| Umbre test|It's specs hurricane\n|-message|The Champion Windy forfeited.\n|\n|win|NDSNEZyedropwhen\n|raw|The Champion Windy's rating: 1091 &rarr; <strong>1072<\/strong><br \/>(-19 for losing)\n|raw|NDSNEZyedropwhen's rating: 1153 &rarr; <strong>1174<\/strong><br \/>(+21 for winning)\n|l|\u2606The Champion Windy\n|c| Umbre test|Look\n","uploadtime":1700877432,"views":1,"p1id":"thechampionwindy","p2id":"ndsnezyedropwhen","formatid":"gen9nationaldex","rating":1072,"private":0,"password":""}