{"id":"gen9nationaldex-1994480197","p1":"Vibe Checks","p2":"Archie_Star","format":"[Gen 9] National Dex","log":"|j|\u2606Vibe Checks\n|j|\u2606Archie_Star\n|t:|1700448811\n|gametype|singles\n|player|p1|Vibe Checks|102|1383\n|player|p2|Archie_Star|ethan-masters|1258\n|teamsize|p1|6\n|teamsize|p2|6\n|gen|9\n|tier|[Gen 9] National Dex\n|rated|\n|rule|HP Percentage Mod: HP is shown in percentages\n|rule|Endless Battle Clause: Forcing endless battles is banned\n|rule|OHKO Clause: OHKO moves are banned\n|rule|Evasion Clause: Evasion abilities, items, and moves are banned\n|rule|Evasion Abilities Clause: Evasion abilities are banned\n|rule|Evasion Items Clause: Evasion items are banned\n|rule|Evasion Moves Clause: Evasion moves are banned\n|rule|Species Clause: Limit one of each Pok\u00e9mon\n|rule|Sleep Clause Mod: Limit one foe put to sleep\n|clearpoke\n|poke|p1|Gallade, M|\n|poke|p1|Thundurus-Therian, M|\n|poke|p1|Forretress, M|\n|poke|p1|Gastrodon-East, F|\n|poke|p1|Salazzle, F|\n|poke|p1|Breloom, M|\n|poke|p2|Ribombee, F|\n|poke|p2|Tapu Koko|\n|poke|p2|Sneasler, F|\n|poke|p2|Blaziken, F|\n|poke|p2|Scizor, F|\n|poke|p2|Greninja-*, M|\n|teampreview\n|inactive|Battle timer is ON: inactive players will automatically lose when time's up. (requested by Vibe Checks)\n|\n|t:|1700448836\n|start\n|switch|p1a: FlashDrive|Thundurus-Therian, M|100\/100\n|switch|p2a: Ribombee|Ribombee, F, shiny|100\/100\n|turn|1\n|\n|t:|1700448844\n|move|p2a: Ribombee|Sticky Web|p1a: FlashDrive\n|-sidestart|p1: Vibe Checks|move: Sticky Web\n|move|p1a: FlashDrive|Volt Switch|p2a: Ribombee\n|-damage|p2a: Ribombee|33\/100\n|\n|t:|1700448849\n|switch|p1a: Chestnut|Forretress, M|100\/100|[from] Volt Switch\n|-activate|p1a: Chestnut|move: Sticky Web\n|-unboost|p1a: Chestnut|spe|1\n|\n|upkeep\n|turn|2\n|\n|t:|1700448856\n|move|p2a: Ribombee|Quiver Dance|p2a: Ribombee\n|-boost|p2a: Ribombee|spa|1\n|-boost|p2a: Ribombee|spd|1\n|-boost|p2a: Ribombee|spe|1\n|move|p1a: Chestnut|Rapid Spin|p2a: Ribombee\n|-damage|p2a: Ribombee|16\/100\n|-boost|p1a: Chestnut|spe|1\n|-sideend|p1: Vibe Checks|Sticky Web|[from] move: Rapid Spin|[of] p1a: Chestnut\n|\n|upkeep\n|turn|3\n|\n|t:|1700448865\n|move|p2a: Ribombee|Sticky Web|p1a: Chestnut\n|-sidestart|p1: Vibe Checks|move: Sticky Web\n|move|p1a: Chestnut|Rapid Spin|p2a: Ribombee\n|-damage|p2a: Ribombee|0 fnt\n|-boost|p1a: Chestnut|spe|1\n|-sideend|p1: Vibe Checks|Sticky Web|[from] move: Rapid Spin|[of] p1a: Chestnut\n|faint|p2a: Ribombee\n|\n|upkeep\n|\n|t:|1700448871\n|switch|p2a: Blaziken|Blaziken, F, shiny|100\/100\n|turn|4\n|\n|t:|1700448877\n|move|p2a: Blaziken|Swords Dance|p2a: Blaziken\n|-boost|p2a: Blaziken|atk|2\n|move|p1a: Chestnut|Volt Switch|p2a: Blaziken\n|-damage|p2a: Blaziken|85\/100\n|\n|t:|1700448899\n|switch|p1a: Gary|Gastrodon-East, F|100\/100|[from] Volt Switch\n|\n|-ability|p2a: Blaziken|Speed Boost|boost\n|-boost|p2a: Blaziken|spe|1\n|upkeep\n|turn|5\n|inactive|Vibe Checks has 120 seconds left.\n|\n|t:|1700448927\n|move|p2a: Blaziken|Close Combat|p1a: Gary\n|-damage|p1a: Gary|0 fnt\n|-unboost|p2a: Blaziken|def|1\n|-unboost|p2a: Blaziken|spd|1\n|faint|p1a: Gary\n|\n|-ability|p2a: Blaziken|Speed Boost|boost\n|-boost|p2a: Blaziken|spe|1\n|upkeep\n|\n|t:|1700448945\n|switch|p1a: Chestnut|Forretress, M|100\/100\n|turn|6\n|\n|t:|1700448949\n|move|p2a: Blaziken|Flare Blitz|p1a: Chestnut\n|-supereffective|p1a: Chestnut\n|-ability|p1a: Chestnut|Sturdy\n|-damage|p1a: Chestnut|1\/100\n|-status|p1a: Chestnut|brn\n|-damage|p2a: Blaziken|47\/100|[from] Recoil\n|move|p1a: Chestnut|Body Press|p2a: Blaziken\n|-damage|p2a: Blaziken|9\/100\n|\n|-heal|p1a: Chestnut|7\/100 brn|[from] item: Leftovers\n|-damage|p1a: Chestnut|1\/100 brn|[from] brn\n|-ability|p2a: Blaziken|Speed Boost|boost\n|-boost|p2a: Blaziken|spe|1\n|upkeep\n|turn|7\n|inactive|Vibe Checks has 120 seconds left.\n|c|\u2606Vibe Checks|Burn matter\n|\n|t:|1700448974\n|move|p2a: Blaziken|Protect|p2a: Blaziken\n|-singleturn|p2a: Blaziken|Protect\n|move|p1a: Chestnut|Volt Switch|p2a: Blaziken\n|-activate|p2a: Blaziken|move: Protect\n|\n|-heal|p1a: Chestnut|7\/100 brn|[from] item: Leftovers\n|-damage|p1a: Chestnut|1\/100 brn|[from] brn\n|-ability|p2a: Blaziken|Speed Boost|boost\n|-boost|p2a: Blaziken|spe|1\n|upkeep\n|turn|8\n|\n|t:|1700448987\n|move|p2a: Blaziken|Close Combat|p1a: Chestnut\n|-damage|p1a: Chestnut|0 fnt\n|-unboost|p2a: Blaziken|def|1\n|-unboost|p2a: Blaziken|spd|1\n|faint|p1a: Chestnut\n|\n|-ability|p2a: Blaziken|Speed Boost|boost\n|-boost|p2a: Blaziken|spe|1\n|upkeep\n|inactive|Vibe Checks has 90 seconds left.\n|\n|t:|1700449003\n|switch|p1a: The loom|Breloom, M|100\/100\n|turn|9\n|\n|t:|1700449007\n|move|p1a: The loom|Mach Punch|p2a: Blaziken\n|-damage|p2a: Blaziken|0 fnt\n|faint|p2a: Blaziken\n|\n|-status|p1a: The loom|tox|[from] item: Toxic Orb\n|upkeep\n|\n|t:|1700449012\n|switch|p2a: Scizor|Scizor, F|100\/100\n|turn|10\n|\n|t:|1700449033\n|detailschange|p2a: Scizor|Scizor-Mega, F\n|-mega|p2a: Scizor|Scizor|Scizorite\n|move|p2a: Scizor|Swords Dance|p2a: Scizor\n|-boost|p2a: Scizor|atk|2\n|move|p1a: The loom|Leech Seed|p2a: Scizor\n|-start|p2a: Scizor|move: Leech Seed\n|\n|-damage|p2a: Scizor|88\/100|[from] Leech Seed|[of] p1a: The loom\n|upkeep\n|turn|11\n|\n|t:|1700449043\n|move|p2a: Scizor|Lunge|p1a: The loom\n|-damage|p1a: The loom|7\/100 tox\n|-unboost|p1a: The loom|atk|1\n|move|p1a: The loom|Worry Seed|p2a: Scizor\n|-endability|p2a: Scizor|Technician|[from] move: Worry Seed\n|-ability|p2a: Scizor|Insomnia|[from] move: Worry Seed\n|\n|-damage|p2a: Scizor|76\/100|[from] Leech Seed|[of] p1a: The loom\n|-heal|p1a: The loom|20\/100 tox|[silent]\n|-heal|p1a: The loom|32\/100 tox|[from] ability: Poison Heal\n|upkeep\n|turn|12\n|\n|t:|1700449055\n|move|p1a: The loom|Mach Punch|p2a: Scizor\n|-damage|p2a: Scizor|67\/100\n|move|p2a: Scizor|Swords Dance|p2a: Scizor\n|-boost|p2a: Scizor|atk|2\n|\n|-damage|p2a: Scizor|55\/100|[from] Leech Seed|[of] p1a: The loom\n|-heal|p1a: The loom|45\/100 tox|[silent]\n|-heal|p1a: The loom|58\/100 tox|[from] ability: Poison Heal\n|upkeep\n|turn|13\n|\n|t:|1700449065\n|move|p1a: The loom|Mach Punch|p2a: Scizor\n|-damage|p2a: Scizor|46\/100\n|move|p2a: Scizor|Roost|p2a: Scizor\n|-heal|p2a: Scizor|96\/100\n|-singleturn|p2a: Scizor|move: Roost\n|\n|-damage|p2a: Scizor|84\/100|[from] Leech Seed|[of] p1a: The loom\n|-heal|p1a: The loom|71\/100 tox|[silent]\n|-heal|p1a: The loom|83\/100 tox|[from] ability: Poison Heal\n|upkeep\n|turn|14\n|\n|t:|1700449075\n|move|p2a: Scizor|Bullet Punch|p1a: The loom\n|-damage|p1a: The loom|18\/100 tox\n|move|p1a: The loom|Rock Tomb|p2a: Scizor\n|-damage|p2a: Scizor|75\/100\n|-unboost|p2a: Scizor|spe|1\n|\n|-damage|p2a: Scizor|63\/100|[from] Leech Seed|[of] p1a: The loom\n|-heal|p1a: The loom|31\/100 tox|[silent]\n|-heal|p1a: The loom|43\/100 tox|[from] ability: Poison Heal\n|upkeep\n|turn|15\n|\n|t:|1700449086\n|move|p1a: The loom|Mach Punch|p2a: Scizor\n|-damage|p2a: Scizor|54\/100\n|move|p2a: Scizor|Bullet Punch|p1a: The loom\n|-damage|p1a: The loom|0 fnt\n|faint|p1a: The loom\n|\n|upkeep\n|inactive|Vibe Checks has 90 seconds left.\n|inactive|Vibe Checks has 60 seconds left.\n|inactive|Vibe Checks has 30 seconds left.\n|inactive|Vibe Checks has 20 seconds left.\n|\n|t:|1700449182\n|switch|p1a: FlashDrive|Thundurus-Therian, M|100\/100\n|turn|16\n|inactive|Vibe Checks has 30 seconds left this turn.\n|inactive|Vibe Checks has 20 seconds left.\n|\n|t:|1700449195\n|-terastallize|p1a: FlashDrive|Electric\n|move|p2a: Scizor|Bullet Punch|p1a: FlashDrive\n|-resisted|p1a: FlashDrive\n|-damage|p1a: FlashDrive|38\/100\n|move|p1a: FlashDrive|Volt Switch|p2a: Scizor\n|-damage|p2a: Scizor|3\/100\n|inactive|Vibe Checks has 25 seconds left this turn.\n|inactive|Vibe Checks has 20 seconds left.\n|inactive|Vibe Checks has 15 seconds left.\n|\n|t:|1700449208\n|switch|p1a: Valiant|Gallade, M, shiny|100\/100|[from] Volt Switch\n|\n|-damage|p2a: Scizor|0 fnt|[from] Leech Seed|[of] p1a: Valiant\n|faint|p2a: Scizor\n|upkeep\n|inactive|Vibe Checks has 20 seconds left this turn.\n|\n|t:|1700449217\n|switch|p2a: Tapu Koko|Tapu Koko, shiny|100\/100\n|-fieldstart|move: Electric Terrain|[from] ability: Electric Surge|[of] p2a: Tapu Koko\n|turn|17\n|inactive|Vibe Checks has 30 seconds left this turn.\n|\n|t:|1700449223\n|detailschange|p1a: Valiant|Gallade-Mega, M, shiny\n|-mega|p1a: Valiant|Gallade|Galladite\n|move|p2a: Tapu Koko|Thunderbolt|p1a: Valiant\n|-damage|p1a: Valiant|43\/100\n|move|p1a: Valiant|Earthquake|p2a: Tapu Koko\n|-supereffective|p2a: Tapu Koko\n|-damage|p2a: Tapu Koko|0 fnt\n|faint|p2a: Tapu Koko\n|\n|upkeep\n|inactive|Vibe Checks has 30 seconds left this turn.\n|\n|t:|1700449228\n|switch|p2a: Sneasler|Sneasler, F, shiny|100\/100\n|-enditem|p2a: Sneasler|Electric Seed\n|-boost|p2a: Sneasler|def|1|[from] item: Electric Seed\n|turn|18\n|inactive|Vibe Checks has 30 seconds left.\n|inactive|Vibe Checks has 20 seconds left.\n|\n|t:|1700449252\n|-terastallize|p2a: Sneasler|Flying\n|move|p2a: Sneasler|Acrobatics|p1a: Valiant\n|-supereffective|p1a: Valiant\n|-damage|p1a: Valiant|0 fnt\n|faint|p1a: Valiant\n|\n|upkeep\n|inactive|Vibe Checks has 25 seconds left this turn.\n|inactive|Vibe Checks has 20 seconds left.\n|inactive|Vibe Checks has 15 seconds left.\n|inactive|Vibe Checks has 10 seconds left.\n|inactive|Vibe Checks has 5 seconds left.\n|\n|t:|1700449275\n|switch|p1a: FlashDrive|Thundurus-Therian, M, tera:Electric|38\/100\n|turn|19\n|inactive|Vibe Checks has 15 seconds left this turn.\n|inactive|Vibe Checks has 10 seconds left.\n|\n|t:|1700449283\n|move|p2a: Sneasler|Close Combat|p1a: FlashDrive\n|-damage|p1a: FlashDrive|0 fnt\n|-unboost|p2a: Sneasler|def|1\n|-unboost|p2a: Sneasler|spd|1\n|faint|p1a: FlashDrive\n|\n|upkeep\n|inactive|Vibe Checks has 15 seconds left this turn.\n|c|\u2606Vibe Checks|Gg\n|inactive|Vibe Checks has 10 seconds left.\n|c|\u2606Archie_Star|gg\n|\n|t:|1700449292\n|switch|p1a: Ghost|Salazzle, F, shiny|100\/100\n|turn|20\n|inactive|Vibe Checks has 20 seconds left this turn.\n|\n|t:|1700449296\n|move|p1a: Ghost|Protect|p1a: Ghost\n|-singleturn|p1a: Ghost|Protect\n|move|p2a: Sneasler|Close Combat|p1a: Ghost\n|-activate|p1a: Ghost|move: Protect\n|\n|upkeep\n|turn|21\n|inactive|Vibe Checks has 30 seconds left this turn.\n|\n|t:|1700449303\n|move|p2a: Sneasler|Close Combat|p1a: Ghost\n|-resisted|p1a: Ghost\n|-damage|p1a: Ghost|45\/100\n|-unboost|p2a: Sneasler|def|1\n|-unboost|p2a: Sneasler|spd|1\n|move|p1a: Ghost|Sludge Wave|p2a: Sneasler\n|-damage|p2a: Sneasler|0 fnt\n|faint|p2a: Sneasler\n|\n|-heal|p1a: Ghost|52\/100|[from] item: Leftovers\n|upkeep\n|inactive|Vibe Checks has 30 seconds left this turn.\n|\n|t:|1700449305\n|switch|p2a: Greninja|Greninja, M|100\/100\n|turn|22\n|inactive|Vibe Checks has 30 seconds left.\n|\n|t:|1700449316\n|move|p1a: Ghost|Protect|p1a: Ghost\n|-singleturn|p1a: Ghost|Protect\n|-zpower|p2a: Greninja\n|move|p2a: Greninja|Hydro Vortex|p1a: Ghost|[zeffect]\n|-supereffective|p1a: Ghost\n|-zbroken|p1a: Ghost\n|-damage|p1a: Ghost|15\/100\n|\n|-heal|p1a: Ghost|21\/100|[from] item: Leftovers\n|upkeep\n|turn|23\n|inactive|Vibe Checks has 30 seconds left.\n|\n|t:|1700449327\n|move|p2a: Greninja|Water Shuriken|p1a: Ghost\n|-supereffective|p1a: Ghost\n|-damage|p1a: Ghost|1\/100\n|-supereffective|p1a: Ghost\n|-damage|p1a: Ghost|0 fnt\n|faint|p1a: Ghost\n|-hitcount|p1: Ghost|2\n|\n|win|Archie_Star\n|raw|Vibe Checks's rating: 1383 &rarr; <strong>1356<\/strong><br \/>(-27 for losing)\n|raw|Archie_Star's rating: 1258 &rarr; <strong>1292<\/strong><br \/>(+34 for winning)\n|l|\u2606Archie_Star\n|l|\u2606Vibe Checks\n|j|\u2606Vibe Checks\n|player|p1|Vibe Checks|102\n","uploadtime":1700449352,"views":11,"p1id":"vibechecks","p2id":"archiestar","formatid":"gen9nationaldex","rating":1292,"private":0,"password":""}