{"id":"gen9nationaldex-2000500166","p1":"Antonius Randomius","p2":"blubblybuny","format":"[Gen 9] National Dex","log":"|html|<div class=\"broadcast-blue\"><strong>[Gen 9] National Dex is currently suspecting Sneasler! For information on how to participate check out the <a href=\"https:\/\/www.smogon.com\/forums\/threads\/sv-national-dex-suspect-8-just-dance.3731534\/\">suspect thread<\/a>.<\/strong><\/div>\n|j|\u2606Antonius Randomius\n|j|\u2606blubblybuny\n|t:|1701200013\n|gametype|singles\n|player|p1|Antonius Randomius|hilbert|1040\n|player|p2|blubblybuny|cheren-gen5bw2|1000\n|teamsize|p1|6\n|teamsize|p2|6\n|gen|9\n|tier|[Gen 9] National Dex\n|rated|\n|rule|HP Percentage Mod: HP is shown in percentages\n|rule|Endless Battle Clause: Forcing endless battles is banned\n|rule|OHKO Clause: OHKO moves are banned\n|rule|Evasion Clause: Evasion abilities, items, and moves are banned\n|rule|Evasion Abilities Clause: Evasion abilities are banned\n|rule|Evasion Items Clause: Evasion items are banned\n|rule|Evasion Moves Clause: Evasion moves are banned\n|rule|Species Clause: Limit one of each Pok\u00e9mon\n|rule|Sleep Clause Mod: Limit one foe put to sleep\n|clearpoke\n|poke|p1|Gallade, M|\n|poke|p1|Altaria, M|\n|poke|p1|Raichu-Alola, M|\n|poke|p1|Empoleon, M|\n|poke|p1|Hydreigon, M|\n|poke|p1|Chandelure, F|\n|poke|p2|Jellicent, M|\n|poke|p2|Amoonguss, F|\n|poke|p2|Ditto|\n|poke|p2|Terrakion|\n|poke|p2|Tornadus, M|\n|poke|p2|Thundurus, M|\n|teampreview\n|\n|t:|1701200023\n|start\n|switch|p1a: Raichu|Raichu-Alola, M|100\/100\n|switch|p2a: Terrakion|Terrakion|100\/100\n|turn|1\n|\n|t:|1701200041\n|move|p2a: Terrakion|Earthquake|p1a: Raichu\n|-supereffective|p1a: Raichu\n|-damage|p1a: Raichu|0 fnt\n|faint|p1a: Raichu\n|\n|upkeep\n|\n|t:|1701200050\n|switch|p1a: Hydreigon|Hydreigon, M|100\/100\n|turn|2\n|\n|t:|1701200071\n|switch|p2a: Amoonguss|Amoonguss, F|100\/100\n|move|p1a: Hydreigon|Ice Fang|p2a: Amoonguss\n|-supereffective|p2a: Amoonguss\n|-damage|p2a: Amoonguss|80\/100\n|-status|p1a: Hydreigon|par|[from] ability: Effect Spore|[of] p2a: Amoonguss\n|\n|upkeep\n|turn|3\n|\n|t:|1701200092\n|move|p1a: Hydreigon|Flamethrower|p2a: Amoonguss\n|-supereffective|p2a: Amoonguss\n|-damage|p2a: Amoonguss|24\/100\n|move|p2a: Amoonguss|Sludge Bomb|p1a: Hydreigon\n|-damage|p1a: Hydreigon|81\/100 par\n|\n|upkeep\n|turn|4\n|\n|t:|1701200102\n|switch|p2a: Freelancer|Ditto|100\/100\n|-transform|p2a: Freelancer|p1a: Hydreigon|[from] ability: Imposter\n|cant|p1a: Hydreigon|par\n|\n|upkeep\n|turn|5\n|\n|t:|1701200115\n|move|p2a: Freelancer|Ice Fang|p1a: Hydreigon|[miss]\n|-miss|p2a: Freelancer|p1a: Hydreigon\n|move|p1a: Hydreigon|Ice Fang|p2a: Freelancer\n|-supereffective|p2a: Freelancer\n|-damage|p2a: Freelancer|66\/100\n|\n|upkeep\n|turn|6\n|\n|t:|1701200122\n|move|p2a: Freelancer|Ice Fang|p1a: Hydreigon\n|-supereffective|p1a: Hydreigon\n|-damage|p1a: Hydreigon|50\/100 par\n|move|p1a: Hydreigon|Ice Fang|p2a: Freelancer\n|-supereffective|p2a: Freelancer\n|-damage|p2a: Freelancer|32\/100\n|\n|upkeep\n|turn|7\n|\n|t:|1701200131\n|-terastallize|p2a: Freelancer|Normal\n|move|p2a: Freelancer|Ice Fang|p1a: Hydreigon\n|-supereffective|p1a: Hydreigon\n|-damage|p1a: Hydreigon|21\/100 par\n|cant|p1a: Hydreigon|par\n|\n|upkeep\n|turn|8\n|\n|t:|1701200142\n|move|p2a: Freelancer|Ice Fang|p1a: Hydreigon\n|-supereffective|p1a: Hydreigon\n|-damage|p1a: Hydreigon|0 fnt\n|faint|p1a: Hydreigon\n|\n|upkeep\n|\n|t:|1701200148\n|switch|p1a: Altaria|Altaria, M|100\/100\n|turn|9\n|\n|t:|1701200160\n|switch|p2a: Jellicent|Jellicent, M|100\/100\n|-terastallize|p1a: Altaria|Ice\n|move|p1a: Altaria|Dragon Pulse|p2a: Jellicent\n|-damage|p2a: Jellicent|77\/100\n|\n|upkeep\n|turn|10\n|\n|t:|1701200172\n|move|p2a: Jellicent|Scald|p1a: Altaria\n|-damage|p1a: Altaria|64\/100\n|move|p1a: Altaria|Earthquake|p2a: Jellicent\n|-damage|p2a: Jellicent|52\/100\n|\n|-heal|p1a: Altaria|70\/100|[from] item: Leftovers\n|upkeep\n|turn|11\n|\n|t:|1701200182\n|move|p2a: Jellicent|Scald|p1a: Altaria\n|-damage|p1a: Altaria|35\/100\n|move|p1a: Altaria|Play Rough|p2a: Jellicent\n|-damage|p2a: Jellicent|29\/100\n|\n|-heal|p1a: Altaria|41\/100|[from] item: Leftovers\n|upkeep\n|turn|12\n|\n|t:|1701200205\n|switch|p2a: Tornadus|Tornadus, M|100\/100\n|move|p1a: Altaria|Dragon Pulse|p2a: Tornadus\n|-damage|p2a: Tornadus|65\/100\n|\n|-heal|p1a: Altaria|47\/100|[from] item: Leftovers\n|upkeep\n|turn|13\n|\n|t:|1701200238\n|move|p2a: Tornadus|Tailwind|p2a: Tornadus\n|-sidestart|p2: blubblybuny|move: Tailwind\n|move|p1a: Altaria|Flamethrower|p2a: Tornadus\n|-damage|p2a: Tornadus|41\/100\n|-enditem|p2a: Tornadus|Sitrus Berry|[eat]\n|-heal|p2a: Tornadus|66\/100|[from] item: Sitrus Berry\n|\n|-heal|p1a: Altaria|53\/100|[from] item: Leftovers\n|upkeep\n|turn|14\n|\n|t:|1701200256\n|move|p2a: Tornadus|Acrobatics|p1a: Altaria\n|-damage|p1a: Altaria|0 fnt\n|faint|p1a: Altaria\n|\n|upkeep\n|\n|t:|1701200268\n|switch|p1a: Chandelure|Chandelure, F|100\/100\n|-item|p1a: Chandelure|Air Balloon\n|turn|15\n|\n|t:|1701200281\n|move|p2a: Tornadus|Acrobatics|p1a: Chandelure\n|-damage|p1a: Chandelure|29\/100\n|-enditem|p1a: Chandelure|Air Balloon\n|move|p1a: Chandelure|Psychic|p2a: Tornadus\n|-damage|p2a: Tornadus|22\/100\n|\n|upkeep\n|turn|16\n|\n|t:|1701200290\n|move|p2a: Tornadus|Acrobatics|p1a: Chandelure\n|-damage|p1a: Chandelure|0 fnt\n|faint|p1a: Chandelure\n|\n|-sideend|p2: blubblybuny|move: Tailwind\n|upkeep\n|\n|t:|1701200299\n|switch|p1a: Empoleon|Empoleon, M|100\/100\n|turn|17\n|\n|t:|1701200306\n|move|p2a: Tornadus|Taunt|p1a: Empoleon\n|-start|p1a: Empoleon|move: Taunt\n|move|p1a: Empoleon|Ice Beam|p2a: Tornadus\n|-supereffective|p2a: Tornadus\n|-damage|p2a: Tornadus|0 fnt\n|faint|p2a: Tornadus\n|\n|upkeep\n|\n|t:|1701200316\n|switch|p2a: Terrakion|Terrakion|100\/100\n|turn|18\n|\n|t:|1701200331\n|move|p2a: Terrakion|Close Combat|p1a: Empoleon\n|-supereffective|p1a: Empoleon\n|-damage|p1a: Empoleon|0 fnt\n|-unboost|p2a: Terrakion|def|1\n|-unboost|p2a: Terrakion|spd|1\n|faint|p1a: Empoleon\n|\n|upkeep\n|\n|t:|1701200337\n|switch|p1a: Gallade|Gallade, M|100\/100\n|turn|19\n|\n|t:|1701200346\n|switch|p2a: Jellicent|Jellicent, M|29\/100\n|move|p1a: Gallade|Drain Punch|p2a: Jellicent\n|-immune|p2a: Jellicent\n|\n|upkeep\n|turn|20\n|\n|t:|1701200363\n|move|p2a: Jellicent|Scald|p1a: Gallade\n|-damage|p1a: Gallade|79\/100\n|-status|p1a: Gallade|brn\n|move|p1a: Gallade|Earthquake|p2a: Jellicent\n|-damage|p2a: Jellicent|6\/100\n|\n|-damage|p1a: Gallade|72\/100 brn|[from] brn\n|upkeep\n|turn|21\n|\n|t:|1701200374\n|move|p2a: Jellicent|Scald|p1a: Gallade\n|-damage|p1a: Gallade|53\/100 brn\n|move|p1a: Gallade|Earthquake|p2a: Jellicent\n|-damage|p2a: Jellicent|0 fnt\n|faint|p2a: Jellicent\n|\n|-damage|p1a: Gallade|47\/100 brn|[from] brn\n|upkeep\n|\n|t:|1701200388\n|switch|p2a: Terrakion|Terrakion|100\/100\n|turn|22\n|-message|Antonius Randomius forfeited.\n|\n|win|blubblybuny\n|raw|Antonius Randomius's rating: 1040 &rarr; <strong>1022<\/strong><br \/>(-18 for losing)\n|raw|blubblybuny's rating: 1000 &rarr; <strong>1045<\/strong><br \/>(+45 for winning)\n","uploadtime":1701200397,"views":3,"p1id":"antoniusrandomius","p2id":"blubblybuny","formatid":"gen9nationaldex","rating":1022,"private":0,"password":""}