{"id":"gen9nationaldex-1991021123","p1":"NDPULT devans2048","p2":"GABRIEL_HU","format":"[Gen 9] National Dex","log":"|j|\u2606NDPULT devans2048\n|j|\u2606GABRIEL_HU\n|t:|1700029352\n|gametype|singles\n|player|p1|NDPULT devans2048|giovanni|1322\n|player|p2|GABRIEL_HU|guitarist|1403\n|teamsize|p1|6\n|teamsize|p2|6\n|gen|9\n|tier|[Gen 9] National Dex\n|rated|\n|rule|HP Percentage Mod: HP is shown in percentages\n|rule|Endless Battle Clause: Forcing endless battles is banned\n|rule|OHKO Clause: OHKO moves are banned\n|rule|Evasion Clause: Evasion abilities, items, and moves are banned\n|rule|Evasion Abilities Clause: Evasion abilities are banned\n|rule|Evasion Items Clause: Evasion items are banned\n|rule|Evasion Moves Clause: Evasion moves are banned\n|rule|Species Clause: Limit one of each Pok\u00e9mon\n|rule|Sleep Clause Mod: Limit one foe put to sleep\n|clearpoke\n|poke|p1|Gardevoir, F|\n|poke|p1|Tapu Koko|\n|poke|p1|Hawlucha, F|\n|poke|p1|Kommo-o, F|\n|poke|p1|Victini|\n|poke|p1|Landorus-Therian, M|\n|poke|p2|Garganacl, M|\n|poke|p2|Greninja-*, M|\n|poke|p2|Zapdos|\n|poke|p2|Great Tusk|\n|poke|p2|Heatran, F|\n|poke|p2|Scizor, F|\n|teampreview\n|inactive|Battle timer is ON: inactive players will automatically lose when time's up. (requested by GABRIEL_HU)\n|\n|t:|1700029384\n|start\n|switch|p1a: Landorus|Landorus-Therian, M|100\/100\n|switch|p2a: Great Tusk|Great Tusk|100\/100\n|-ability|p1a: Landorus|Intimidate|boost\n|-unboost|p2a: Great Tusk|atk|1\n|turn|1\n|\n|t:|1700029391\n|move|p1a: Landorus|Stealth Rock|p2a: Great Tusk\n|-sidestart|p2: GABRIEL_HU|move: Stealth Rock\n|-zpower|p2a: Great Tusk\n|move|p2a: Great Tusk|Subzero Slammer|p1a: Landorus|[zeffect]\n|-supereffective|p1a: Landorus\n|-enditem|p1a: Landorus|Focus Sash\n|-damage|p1a: Landorus|1\/100\n|\n|upkeep\n|turn|2\n|\n|t:|1700029402\n|move|p1a: Landorus|Explosion|p2a: Great Tusk\n|-damage|p2a: Great Tusk|31\/100\n|faint|p1a: Landorus\n|move|p2a: Great Tusk|Rapid Spin|p1: Landorus|[notarget]\n|-fail|p2a: Great Tusk\n|\n|upkeep\n|\n|t:|1700029414\n|switch|p1a: Rhapsodie|Gardevoir, F, shiny|100\/100\n|turn|3\n|\n|t:|1700029425\n|-end|p2a: Great Tusk|Protosynthesis|[silent]\n|switch|p2a: Heatran|Heatran, F|100\/100\n|-ability|p1a: Rhapsodie|Flash Fire|[from] ability: Trace|[of] p2a: Heatran\n|-damage|p2a: Heatran|88\/100|[from] Stealth Rock\n|detailschange|p1a: Rhapsodie|Gardevoir-Mega, F, shiny\n|-mega|p1a: Rhapsodie|Gardevoir|Gardevoirite\n|move|p1a: Rhapsodie|Hyper Voice|p2a: Heatran\n|-resisted|p2a: Heatran\n|-damage|p2a: Heatran|78\/100\n|\n|upkeep\n|turn|4\n|\n|t:|1700029438\n|move|p1a: Rhapsodie|Focus Blast|p2a: Heatran\n|-supereffective|p2a: Heatran\n|-damage|p2a: Heatran|17\/100\n|move|p2a: Heatran|Stealth Rock|p1a: Rhapsodie\n|-sidestart|p1: NDPULT devans2048|move: Stealth Rock\n|\n|upkeep\n|turn|5\n|\n|t:|1700029451\n|move|p2a: Heatran|Protect|p2a: Heatran\n|-singleturn|p2a: Heatran|Protect\n|move|p1a: Rhapsodie|Psyshock|p2a: Heatran\n|-activate|p2a: Heatran|move: Protect\n|\n|upkeep\n|turn|6\n|\n|t:|1700029456\n|move|p1a: Rhapsodie|Psyshock|p2a: Heatran\n|-resisted|p2a: Heatran\n|-damage|p2a: Heatran|0 fnt\n|faint|p2a: Heatran\n|\n|upkeep\n|\n|t:|1700029461\n|switch|p2a: Scizor|Scizor, F|100\/100\n|-damage|p2a: Scizor|88\/100|[from] Stealth Rock\n|turn|7\n|\n|t:|1700029482\n|detailschange|p2a: Scizor|Scizor-Mega, F\n|-mega|p2a: Scizor|Scizor|Scizorite\n|move|p2a: Scizor|Bullet Punch|p1a: Rhapsodie\n|-supereffective|p1a: Rhapsodie\n|-damage|p1a: Rhapsodie|0 fnt\n|faint|p1a: Rhapsodie\n|\n|upkeep\n|\n|t:|1700029485\n|switch|p1a: Victini|Victini|100\/100\n|-damage|p1a: Victini|76\/100|[from] Stealth Rock\n|turn|8\n|\n|t:|1700029491\n|switch|p2a: Zapdos|Zapdos|100\/100\n|-zpower|p1a: Victini\n|move|p1a: Victini|Z-Celebrate|p1a: Victini|[anim]Celebrate\n|-boost|p1a: Victini|atk|1|[zeffect]\n|-boost|p1a: Victini|def|1|[zeffect]\n|-boost|p1a: Victini|spa|1|[zeffect]\n|-boost|p1a: Victini|spd|1|[zeffect]\n|-boost|p1a: Victini|spe|1|[zeffect]\n|-activate|p1a: Victini|move: Celebrate\n|\n|upkeep\n|turn|9\n|\n|t:|1700029501\n|move|p1a: Victini|Stored Power|p2a: Zapdos\n|-damage|p2a: Zapdos|27\/100\n|move|p2a: Zapdos|Discharge|p1a: Victini\n|-damage|p1a: Victini|54\/100\n|\n|upkeep\n|turn|10\n|\n|t:|1700029506\n|switch|p2a: Greninja|Greninja, M|100\/100\n|-damage|p2a: Greninja|88\/100|[from] Stealth Rock\n|move|p1a: Victini|Stored Power|p2a: Greninja\n|-immune|p2a: Greninja\n|\n|upkeep\n|turn|11\n|\n|t:|1700029511\n|move|p2a: Greninja|Water Shuriken|p1a: Victini\n|-supereffective|p1a: Victini\n|-damage|p1a: Victini|42\/100\n|-supereffective|p1a: Victini\n|-damage|p1a: Victini|30\/100\n|-supereffective|p1a: Victini\n|-damage|p1a: Victini|19\/100\n|-hitcount|p1a: Victini|3\n|-damage|p2a: Greninja|78\/100|[from] item: Life Orb\n|move|p1a: Victini|Focus Blast|p2a: Greninja\n|-supereffective|p2a: Greninja\n|-damage|p2a: Greninja|0 fnt\n|faint|p2a: Greninja\n|\n|upkeep\n|\n|t:|1700029523\n|switch|p2a: Garganacl|Garganacl, M, shiny|100\/100\n|-damage|p2a: Garganacl|88\/100|[from] Stealth Rock\n|turn|12\n|\n|t:|1700029532\n|-terastallize|p2a: Garganacl|Water\n|move|p1a: Victini|Stored Power|p2a: Garganacl\n|-damage|p2a: Garganacl|33\/100\n|move|p2a: Garganacl|Salt Cure|p1a: Victini\n|-supereffective|p1a: Victini\n|-damage|p1a: Victini|0 fnt\n|faint|p1a: Victini\n|\n|-heal|p2a: Garganacl|39\/100|[from] item: Leftovers\n|upkeep\n|\n|t:|1700029539\n|switch|p1a: Kommo-o|Kommo-o, F|100\/100\n|-damage|p1a: Kommo-o|94\/100|[from] Stealth Rock\n|turn|13\n|\n|t:|1700029543\n|move|p1a: Kommo-o|Substitute|p1a: Kommo-o\n|-start|p1a: Kommo-o|Substitute\n|-damage|p1a: Kommo-o|69\/100\n|move|p2a: Garganacl|Recover|p2a: Garganacl\n|-heal|p2a: Garganacl|89\/100\n|\n|-heal|p2a: Garganacl|95\/100|[from] item: Leftovers\n|upkeep\n|turn|14\n|\n|t:|1700029546\n|move|p1a: Kommo-o|Belly Drum|p1a: Kommo-o\n|-damage|p1a: Kommo-o|19\/100\n|-setboost|p1a: Kommo-o|atk|6|[from] move: Belly Drum\n|-enditem|p1a: Kommo-o|Salac Berry|[eat]\n|-boost|p1a: Kommo-o|spe|1|[from] item: Salac Berry\n|move|p2a: Garganacl|Iron Defense|p2a: Garganacl\n|-boost|p2a: Garganacl|def|2\n|\n|-heal|p2a: Garganacl|100\/100|[from] item: Leftovers\n|upkeep\n|turn|15\n|\n|t:|1700029557\n|move|p1a: Kommo-o|Drain Punch|p2a: Garganacl\n|-damage|p2a: Garganacl|53\/100\n|-heal|p1a: Kommo-o|51\/100|[from] drain|[of] p2a: Garganacl\n|move|p2a: Garganacl|Iron Defense|p2a: Garganacl\n|-boost|p2a: Garganacl|def|2\n|\n|-heal|p2a: Garganacl|59\/100|[from] item: Leftovers\n|upkeep\n|turn|16\n|\n|t:|1700029562\n|move|p1a: Kommo-o|Thunder Punch|p2a: Garganacl\n|-supereffective|p2a: Garganacl\n|-damage|p2a: Garganacl|15\/100\n|move|p2a: Garganacl|Recover|p2a: Garganacl\n|-heal|p2a: Garganacl|65\/100\n|\n|-heal|p2a: Garganacl|72\/100|[from] item: Leftovers\n|upkeep\n|turn|17\n|\n|t:|1700029567\n|move|p1a: Kommo-o|Drain Punch|p2a: Garganacl\n|-damage|p2a: Garganacl|40\/100\n|-heal|p1a: Kommo-o|73\/100|[from] drain|[of] p2a: Garganacl\n|move|p2a: Garganacl|Iron Defense|p2a: Garganacl\n|-boost|p2a: Garganacl|def|2\n|\n|-heal|p2a: Garganacl|46\/100|[from] item: Leftovers\n|upkeep\n|turn|18\n|\n|t:|1700029574\n|move|p1a: Kommo-o|Thunder Punch|p2a: Garganacl\n|-supereffective|p2a: Garganacl\n|-damage|p2a: Garganacl|18\/100\n|move|p2a: Garganacl|Recover|p2a: Garganacl\n|-heal|p2a: Garganacl|68\/100\n|\n|-heal|p2a: Garganacl|74\/100|[from] item: Leftovers\n|upkeep\n|turn|19\n|\n|t:|1700029577\n|move|p1a: Kommo-o|Thunder Punch|p2a: Garganacl\n|-supereffective|p2a: Garganacl\n|-damage|p2a: Garganacl|44\/100\n|move|p2a: Garganacl|Body Press|p1a: Kommo-o\n|-crit|p1a: Kommo-o\n|-end|p1a: Kommo-o|Substitute\n|\n|-heal|p2a: Garganacl|50\/100|[from] item: Leftovers\n|upkeep\n|turn|20\n|\n|t:|1700029582\n|move|p1a: Kommo-o|Thunder Punch|p2a: Garganacl\n|-supereffective|p2a: Garganacl\n|-damage|p2a: Garganacl|21\/100\n|move|p2a: Garganacl|Body Press|p1a: Kommo-o\n|-damage|p1a: Kommo-o|0 fnt\n|faint|p1a: Kommo-o\n|\n|-heal|p2a: Garganacl|27\/100|[from] item: Leftovers\n|upkeep\n|-message|NDPULT devans2048 forfeited.\n|\n|win|GABRIEL_HU\n|raw|NDPULT devans2048's rating: 1322 &rarr; <strong>1307<\/strong><br \/>(-15 for losing)\n|raw|GABRIEL_HU's rating: 1403 &rarr; <strong>1418<\/strong><br \/>(+15 for winning)\n|l|\u2606NDPULT devans2048\n","uploadtime":1700029589,"views":4,"p1id":"ndpultdevans2048","p2id":"gabrielhu","formatid":"gen9nationaldex","rating":1307,"private":0,"password":""}