{"id":"gen9nationaldex-1999266397","p1":"Shuichi420","p2":"DLying","format":"[Gen 9] National Dex","log":"|html|<div class=\"broadcast-blue\"><strong>[Gen 9] National Dex is currently suspecting Sneasler! For information on how to participate check out the <a href=\"https:\/\/www.smogon.com\/forums\/threads\/sv-national-dex-suspect-8-just-dance.3731534\/\">suspect thread<\/a>.<\/strong><\/div>\n|j|\u2606Shuichi420\n|j|\u2606DLying\n|t:|1701052702\n|gametype|singles\n|player|p1|Shuichi420|102|1565\n|player|p2|DLying|266|1553\n|teamsize|p1|6\n|teamsize|p2|6\n|gen|9\n|tier|[Gen 9] National Dex\n|rated|\n|rule|HP Percentage Mod: HP is shown in percentages\n|rule|Endless Battle Clause: Forcing endless battles is banned\n|rule|OHKO Clause: OHKO moves are banned\n|rule|Evasion Clause: Evasion abilities, items, and moves are banned\n|rule|Evasion Abilities Clause: Evasion abilities are banned\n|rule|Evasion Items Clause: Evasion items are banned\n|rule|Evasion Moves Clause: Evasion moves are banned\n|rule|Species Clause: Limit one of each Pok\u00e9mon\n|rule|Sleep Clause Mod: Limit one foe put to sleep\n|clearpoke\n|poke|p1|Gyarados, F|\n|poke|p1|Heatran, F|\n|poke|p1|Slowbro, M|\n|poke|p1|Rillaboom, M|\n|poke|p1|Zamazenta-*|\n|poke|p1|Landorus-Therian, M|\n|poke|p2|Sableye, F|\n|poke|p2|Blaziken, F|\n|poke|p2|Garganacl, F|\n|poke|p2|Dondozo, M|\n|poke|p2|Toxapex, M|\n|poke|p2|Gliscor, M|\n|teampreview\n|\n|t:|1701052713\n|start\n|switch|p1a: Gyarados|Gyarados, F|100\/100\n|switch|p2a: \u53d7\u961f\u961f\u957f\u6076\u9b3c\u692a|Sableye, F, shiny|100\/100\n|-ability|p1a: Gyarados|Intimidate|boost\n|-unboost|p2a: \u53d7\u961f\u961f\u957f\u6076\u9b3c\u692a|atk|1\n|turn|1\n|\n|t:|1701052720\n|switch|p1a: Heatran|Heatran, F|100\/100\n|detailschange|p2a: \u53d7\u961f\u961f\u957f\u6076\u9b3c\u692a|Sableye-Mega, F, shiny\n|-mega|p2a: \u53d7\u961f\u961f\u957f\u6076\u9b3c\u692a|Sableye|Sablenite\n|move|p2a: \u53d7\u961f\u961f\u957f\u6076\u9b3c\u692a|Knock Off|p1a: Heatran\n|-damage|p1a: Heatran|85\/100\n|-enditem|p1a: Heatran|Leftovers|[from] move: Knock Off|[of] p2a: \u53d7\u961f\u961f\u957f\u6076\u9b3c\u692a\n|\n|upkeep\n|turn|2\n|\n|t:|1701052734\n|switch|p2a: MEGA\u76d0\u6bbf\u5c45\u87f9|Garganacl, F|100\/100\n|move|p1a: Heatran|Magma Storm|p2a: MEGA\u76d0\u6bbf\u5c45\u87f9\n|-resisted|p2a: MEGA\u76d0\u6bbf\u5c45\u87f9\n|-damage|p2a: MEGA\u76d0\u6bbf\u5c45\u87f9|87\/100\n|-activate|p2a: MEGA\u76d0\u6bbf\u5c45\u87f9|move: Magma Storm|[of] p1a: Heatran\n|\n|-heal|p2a: MEGA\u76d0\u6bbf\u5c45\u87f9|93\/100|[from] item: Leftovers\n|-damage|p2a: MEGA\u76d0\u6bbf\u5c45\u87f9|80\/100|[from] move: Magma Storm|[partiallytrapped]\n|upkeep\n|turn|3\n|\n|t:|1701052747\n|switch|p1a: Rillaboom|Rillaboom, M|100\/100\n|-fieldstart|move: Grassy Terrain|[from] ability: Grassy Surge|[of] p1a: Rillaboom\n|move|p2a: MEGA\u76d0\u6bbf\u5c45\u87f9|Stealth Rock|p1a: Rillaboom\n|-sidestart|p1: Shuichi420|move: Stealth Rock\n|\n|-heal|p2a: MEGA\u76d0\u6bbf\u5c45\u87f9|87\/100|[from] Grassy Terrain\n|-heal|p2a: MEGA\u76d0\u6bbf\u5c45\u87f9|93\/100|[from] item: Leftovers\n|-end|p2a: MEGA\u76d0\u6bbf\u5c45\u87f9|Magma Storm|[partiallytrapped]|[silent]\n|upkeep\n|turn|4\n|\n|t:|1701052762\n|move|p2a: MEGA\u76d0\u6bbf\u5c45\u87f9|Protect|p2a: MEGA\u76d0\u6bbf\u5c45\u87f9\n|-singleturn|p2a: MEGA\u76d0\u6bbf\u5c45\u87f9|Protect\n|move|p1a: Rillaboom|Wood Hammer|p2a: MEGA\u76d0\u6bbf\u5c45\u87f9\n|-activate|p2a: MEGA\u76d0\u6bbf\u5c45\u87f9|move: Protect\n|\n|-heal|p2a: MEGA\u76d0\u6bbf\u5c45\u87f9|99\/100|[from] Grassy Terrain\n|-heal|p2a: MEGA\u76d0\u6bbf\u5c45\u87f9|100\/100|[from] item: Leftovers\n|upkeep\n|turn|5\n|\n|t:|1701052772\n|switch|p2a: \u6bd2\u7597\u9664\u96fe\u571f\u5730\u4e91|Gliscor, M|100\/100\n|move|p1a: Rillaboom|Wood Hammer|p2a: \u6bd2\u7597\u9664\u96fe\u571f\u5730\u4e91\n|-damage|p2a: \u6bd2\u7597\u9664\u96fe\u571f\u5730\u4e91|25\/100\n|-damage|p1a: Rillaboom|75\/100|[from] Recoil\n|\n|-heal|p1a: Rillaboom|81\/100|[from] Grassy Terrain\n|-status|p2a: \u6bd2\u7597\u9664\u96fe\u571f\u5730\u4e91|tox|[from] item: Toxic Orb\n|upkeep\n|turn|6\n|\n|t:|1701052779\n|move|p2a: \u6bd2\u7597\u9664\u96fe\u571f\u5730\u4e91|Protect|p2a: \u6bd2\u7597\u9664\u96fe\u571f\u5730\u4e91\n|-singleturn|p2a: \u6bd2\u7597\u9664\u96fe\u571f\u5730\u4e91|Protect\n|move|p1a: Rillaboom|Wood Hammer|p2a: \u6bd2\u7597\u9664\u96fe\u571f\u5730\u4e91\n|-activate|p2a: \u6bd2\u7597\u9664\u96fe\u571f\u5730\u4e91|move: Protect\n|\n|-heal|p1a: Rillaboom|87\/100|[from] Grassy Terrain\n|-heal|p2a: \u6bd2\u7597\u9664\u96fe\u571f\u5730\u4e91|38\/100 tox|[from] ability: Poison Heal\n|upkeep\n|turn|7\n|\n|t:|1701052794\n|-terastallize|p2a: \u6bd2\u7597\u9664\u96fe\u571f\u5730\u4e91|Steel\n|move|p1a: Rillaboom|Wood Hammer|p2a: \u6bd2\u7597\u9664\u96fe\u571f\u5730\u4e91\n|-resisted|p2a: \u6bd2\u7597\u9664\u96fe\u571f\u5730\u4e91\n|-damage|p2a: \u6bd2\u7597\u9664\u96fe\u571f\u5730\u4e91|0 fnt\n|faint|p2a: \u6bd2\u7597\u9664\u96fe\u571f\u5730\u4e91\n|-damage|p1a: Rillaboom|74\/100|[from] Recoil\n|\n|-heal|p1a: Rillaboom|81\/100|[from] Grassy Terrain\n|-fieldend|move: Grassy Terrain\n|upkeep\n|\n|t:|1701052805\n|switch|p2a: \u6211\u5728\u53d7\u961f\u5f53\u95f4\u8c0d|Blaziken, F|100\/100\n|turn|8\n|\n|t:|1701052809\n|switch|p1a: Landorus|Landorus-Therian, M|100\/100\n|-damage|p1a: Landorus|88\/100|[from] Stealth Rock\n|-ability|p1a: Landorus|Intimidate|boost\n|-unboost|p2a: \u6211\u5728\u53d7\u961f\u5f53\u95f4\u8c0d|atk|1\n|move|p2a: \u6211\u5728\u53d7\u961f\u5f53\u95f4\u8c0d|Swords Dance|p2a: \u6211\u5728\u53d7\u961f\u5f53\u95f4\u8c0d\n|-boost|p2a: \u6211\u5728\u53d7\u961f\u5f53\u95f4\u8c0d|atk|2\n|\n|-ability|p2a: \u6211\u5728\u53d7\u961f\u5f53\u95f4\u8c0d|Speed Boost|boost\n|-boost|p2a: \u6211\u5728\u53d7\u961f\u5f53\u95f4\u8c0d|spe|1\n|upkeep\n|turn|9\n|inactive|Battle timer is ON: inactive players will automatically lose when time's up. (requested by Shuichi420)\n|\n|t:|1701052812\n|move|p2a: \u6211\u5728\u53d7\u961f\u5f53\u95f4\u8c0d|Swords Dance|p2a: \u6211\u5728\u53d7\u961f\u5f53\u95f4\u8c0d\n|-boost|p2a: \u6211\u5728\u53d7\u961f\u5f53\u95f4\u8c0d|atk|2\n|move|p1a: Landorus|Earthquake|p2a: \u6211\u5728\u53d7\u961f\u5f53\u95f4\u8c0d\n|-supereffective|p2a: \u6211\u5728\u53d7\u961f\u5f53\u95f4\u8c0d\n|-damage|p2a: \u6211\u5728\u53d7\u961f\u5f53\u95f4\u8c0d|0 fnt\n|faint|p2a: \u6211\u5728\u53d7\u961f\u5f53\u95f4\u8c0d\n|\n|upkeep\n|\n|t:|1701052819\n|switch|p2a: MEGA\u76d0\u6bbf\u5c45\u87f9|Garganacl, F|100\/100\n|turn|10\n|\n|t:|1701052823\n|move|p1a: Landorus|Defog|p2a: MEGA\u76d0\u6bbf\u5c45\u87f9\n|-unboost|p2a: MEGA\u76d0\u6bbf\u5c45\u87f9|evasion|1\n|-sideend|p1: Shuichi420|Stealth Rock|[from] move: Defog|[of] p1a: Landorus\n|move|p2a: MEGA\u76d0\u6bbf\u5c45\u87f9|Salt Cure|p1a: Landorus\n|-damage|p1a: Landorus|79\/100\n|-start|p1a: Landorus|Salt Cure\n|\n|-damage|p1a: Landorus|66\/100|[from] Salt Cure\n|upkeep\n|turn|11\n|\n|t:|1701052826\n|move|p1a: Landorus|U-turn|p2a: MEGA\u76d0\u6bbf\u5c45\u87f9\n|-damage|p2a: MEGA\u76d0\u6bbf\u5c45\u87f9|85\/100\n|\n|t:|1701052829\n|switch|p1a: Rillaboom|Rillaboom, M|81\/100|[from] U-turn\n|-fieldstart|move: Grassy Terrain|[from] ability: Grassy Surge|[of] p1a: Rillaboom\n|move|p2a: MEGA\u76d0\u6bbf\u5c45\u87f9|Stealth Rock|p1a: Rillaboom\n|-sidestart|p1: Shuichi420|move: Stealth Rock\n|\n|-heal|p1a: Rillaboom|87\/100|[from] Grassy Terrain\n|-heal|p2a: MEGA\u76d0\u6bbf\u5c45\u87f9|91\/100|[from] Grassy Terrain\n|-heal|p2a: MEGA\u76d0\u6bbf\u5c45\u87f9|97\/100|[from] item: Leftovers\n|upkeep\n|turn|12\n|\n|t:|1701052833\n|move|p1a: Rillaboom|Wood Hammer|p2a: MEGA\u76d0\u6bbf\u5c45\u87f9\n|-supereffective|p2a: MEGA\u76d0\u6bbf\u5c45\u87f9\n|-damage|p2a: MEGA\u76d0\u6bbf\u5c45\u87f9|0 fnt\n|faint|p2a: MEGA\u76d0\u6bbf\u5c45\u87f9\n|-damage|p1a: Rillaboom|49\/100|[from] Recoil\n|\n|-heal|p1a: Rillaboom|55\/100|[from] Grassy Terrain\n|upkeep\n|\n|t:|1701052838\n|switch|p2a: \u53d7\u961f\u961f\u957f\u6076\u9b3c\u692a|Sableye-Mega, F, shiny|100\/100\n|turn|13\n|\n|t:|1701052842\n|move|p1a: Rillaboom|Wood Hammer|p2a: \u53d7\u961f\u961f\u957f\u6076\u9b3c\u692a\n|-damage|p2a: \u53d7\u961f\u961f\u957f\u6076\u9b3c\u692a|23\/100\n|-damage|p1a: Rillaboom|32\/100|[from] Recoil\n|move|p2a: \u53d7\u961f\u961f\u957f\u6076\u9b3c\u692a|Will-O-Wisp|p1a: Rillaboom\n|-status|p1a: Rillaboom|brn\n|\n|-heal|p1a: Rillaboom|39\/100 brn|[from] Grassy Terrain\n|-heal|p2a: \u53d7\u961f\u961f\u957f\u6076\u9b3c\u692a|29\/100|[from] Grassy Terrain\n|-damage|p1a: Rillaboom|32\/100 brn|[from] brn\n|upkeep\n|turn|14\n|\n|t:|1701052850\n|move|p2a: \u53d7\u961f\u961f\u957f\u6076\u9b3c\u692a|Protect|p2a: \u53d7\u961f\u961f\u957f\u6076\u9b3c\u692a\n|-singleturn|p2a: \u53d7\u961f\u961f\u957f\u6076\u9b3c\u692a|Protect\n|move|p1a: Rillaboom|Wood Hammer|p2a: \u53d7\u961f\u961f\u957f\u6076\u9b3c\u692a\n|-activate|p2a: \u53d7\u961f\u961f\u957f\u6076\u9b3c\u692a|move: Protect\n|\n|-heal|p1a: Rillaboom|39\/100 brn|[from] Grassy Terrain\n|-heal|p2a: \u53d7\u961f\u961f\u957f\u6076\u9b3c\u692a|35\/100|[from] Grassy Terrain\n|-damage|p1a: Rillaboom|32\/100 brn|[from] brn\n|upkeep\n|turn|15\n|\n|t:|1701052852\n|move|p1a: Rillaboom|Wood Hammer|p2a: \u53d7\u961f\u961f\u957f\u6076\u9b3c\u692a\n|-damage|p2a: \u53d7\u961f\u961f\u957f\u6076\u9b3c\u692a|0 fnt\n|faint|p2a: \u53d7\u961f\u961f\u957f\u6076\u9b3c\u692a\n|-damage|p1a: Rillaboom|22\/100 brn|[from] Recoil\n|\n|-heal|p1a: Rillaboom|28\/100 brn|[from] Grassy Terrain\n|-damage|p1a: Rillaboom|22\/100 brn|[from] brn\n|-fieldend|move: Grassy Terrain\n|upkeep\n|\n|t:|1701052857\n|switch|p2a: \u518d\u751f\u529b\u6bd2\u523a\u6c34\u6bcd|Toxapex, M|100\/100\n|turn|16\n|\n|t:|1701052861\n|switch|p1a: Landorus|Landorus-Therian, M|66\/100\n|-damage|p1a: Landorus|54\/100|[from] Stealth Rock\n|-ability|p1a: Landorus|Intimidate|boost\n|-unboost|p2a: \u518d\u751f\u529b\u6bd2\u523a\u6c34\u6bcd|atk|1\n|move|p2a: \u518d\u751f\u529b\u6bd2\u523a\u6c34\u6bcd|Toxic Spikes|p1a: Landorus\n|-sidestart|p1: Shuichi420|move: Toxic Spikes\n|\n|upkeep\n|turn|17\n|\n|t:|1701052864\n|move|p1a: Landorus|Earthquake|p2a: \u518d\u751f\u529b\u6bd2\u523a\u6c34\u6bcd\n|-supereffective|p2a: \u518d\u751f\u529b\u6bd2\u523a\u6c34\u6bcd\n|-damage|p2a: \u518d\u751f\u529b\u6bd2\u523a\u6c34\u6bcd|25\/100\n|move|p2a: \u518d\u751f\u529b\u6bd2\u523a\u6c34\u6bcd|Scald|p1a: Landorus\n|-supereffective|p1a: Landorus\n|-damage|p1a: Landorus|20\/100\n|\n|upkeep\n|turn|18\n|\n|t:|1701052874\n|switch|p2a: \u5de8\u5927\u95ea\u5149\u9cb6\u9c7c\u738b|Dondozo, M|100\/100\n|move|p1a: Landorus|Earthquake|p2a: \u5de8\u5927\u95ea\u5149\u9cb6\u9c7c\u738b\n|-damage|p2a: \u5de8\u5927\u95ea\u5149\u9cb6\u9c7c\u738b|81\/100\n|\n|-heal|p2a: \u5de8\u5927\u95ea\u5149\u9cb6\u9c7c\u738b|87\/100|[from] item: Leftovers\n|upkeep\n|turn|19\n|\n|t:|1701052879\n|move|p1a: Landorus|Taunt|p2a: \u5de8\u5927\u95ea\u5149\u9cb6\u9c7c\u738b\n|-start|p2a: \u5de8\u5927\u95ea\u5149\u9cb6\u9c7c\u738b|move: Taunt\n|cant|p2a: \u5de8\u5927\u95ea\u5149\u9cb6\u9c7c\u738b|move: Taunt|Curse\n|\n|-heal|p2a: \u5de8\u5927\u95ea\u5149\u9cb6\u9c7c\u738b|93\/100|[from] item: Leftovers\n|upkeep\n|turn|20\n|\n|t:|1701052885\n|switch|p2a: \u518d\u751f\u529b\u6bd2\u523a\u6c34\u6bcd|Toxapex, M|58\/100\n|move|p1a: Landorus|Earthquake|p2a: \u518d\u751f\u529b\u6bd2\u523a\u6c34\u6bcd\n|-supereffective|p2a: \u518d\u751f\u529b\u6bd2\u523a\u6c34\u6bcd\n|-damage|p2a: \u518d\u751f\u529b\u6bd2\u523a\u6c34\u6bcd|0 fnt\n|faint|p2a: \u518d\u751f\u529b\u6bd2\u523a\u6c34\u6bcd\n|\n|upkeep\n|\n|t:|1701052887\n|switch|p2a: \u5de8\u5927\u95ea\u5149\u9cb6\u9c7c\u738b|Dondozo, M|93\/100\n|turn|21\n|\n|t:|1701052890\n|move|p1a: Landorus|Taunt|p2a: \u5de8\u5927\u95ea\u5149\u9cb6\u9c7c\u738b\n|-start|p2a: \u5de8\u5927\u95ea\u5149\u9cb6\u9c7c\u738b|move: Taunt\n|move|p2a: \u5de8\u5927\u95ea\u5149\u9cb6\u9c7c\u738b|Liquidation|p1a: Landorus\n|-supereffective|p1a: Landorus\n|-damage|p1a: Landorus|0 fnt\n|-damage|p2a: \u5de8\u5927\u95ea\u5149\u9cb6\u9c7c\u738b|77\/100|[from] item: Rocky Helmet|[of] p1a: Landorus\n|faint|p1a: Landorus\n|\n|-heal|p2a: \u5de8\u5927\u95ea\u5149\u9cb6\u9c7c\u738b|83\/100|[from] item: Leftovers\n|upkeep\n|-message|DLying forfeited.\n|\n|win|Shuichi420\n|raw|Shuichi420's rating: 1565 &rarr; <strong>1584<\/strong><br \/>(+19 for winning)\n|raw|DLying's rating: 1553 &rarr; <strong>1534<\/strong><br \/>(-19 for losing)\n|l|\u2606DLying\n","uploadtime":1701052904,"views":11,"p1id":"shuichi420","p2id":"dlying","formatid":"gen9nationaldex","rating":1534,"private":0,"password":""}