{"id":"gen9nationaldex-1998011161","p1":"hundredswords","p2":"NDSNEZyedropwhen","format":"[Gen 9] National Dex","log":"|html|<div class=\"broadcast-blue\"><strong>[Gen 9] National Dex is currently suspecting Sneasler! For information on how to participate check out the <a href=\"https:\/\/www.smogon.com\/forums\/threads\/sv-national-dex-suspect-8-just-dance.3731534\/\">suspect thread<\/a>.<\/strong><\/div>\n|j|\u2606hundredswords\n|j|\u2606NDSNEZyedropwhen\n|t:|1700878697\n|gametype|singles\n|player|p1|hundredswords|2|1261\n|player|p2|NDSNEZyedropwhen|adaman|1289\n|teamsize|p1|6\n|teamsize|p2|6\n|gen|9\n|tier|[Gen 9] National Dex\n|rated|\n|rule|HP Percentage Mod: HP is shown in percentages\n|rule|Endless Battle Clause: Forcing endless battles is banned\n|rule|OHKO Clause: OHKO moves are banned\n|rule|Evasion Clause: Evasion abilities, items, and moves are banned\n|rule|Evasion Abilities Clause: Evasion abilities are banned\n|rule|Evasion Items Clause: Evasion items are banned\n|rule|Evasion Moves Clause: Evasion moves are banned\n|rule|Species Clause: Limit one of each Pok\u00e9mon\n|rule|Sleep Clause Mod: Limit one foe put to sleep\n|clearpoke\n|poke|p1|Tapu Lele|\n|poke|p1|Garchomp, F|\n|poke|p1|Charizard, F|\n|poke|p1|Ferrothorn, M|\n|poke|p1|Great Tusk|\n|poke|p1|Rotom-Wash|\n|poke|p2|Toxapex, F|\n|poke|p2|Dondozo, M|\n|poke|p2|Gliscor, F|\n|poke|p2|Blissey, F|\n|poke|p2|Corviknight, F|\n|poke|p2|Tyranitar, M|\n|teampreview\n|\n|t:|1700878715\n|start\n|switch|p1a: Garchomp|Garchomp, F|100\/100\n|switch|p2a: Gliscor|Gliscor, F|100\/100\n|turn|1\n|\n|t:|1700878727\n|switch|p1a: Rotom|Rotom-Wash|100\/100\n|move|p2a: Gliscor|Protect||[still]\n|-fail|p2a: Gliscor\n|\n|-status|p2a: Gliscor|tox|[from] item: Toxic Orb\n|upkeep\n|turn|2\n|\n|t:|1700878735\n|switch|p2a: Blissey|Blissey, F|100\/100\n|move|p1a: Rotom|Hydro Pump|p2a: Blissey\n|-damage|p2a: Blissey|86\/100\n|\n|upkeep\n|turn|3\n|\n|t:|1700878743\n|switch|p1a: Ferrothorn|Ferrothorn, M|100\/100\n|move|p2a: Blissey|Stealth Rock|p1a: Ferrothorn\n|-sidestart|p1: hundredswords|move: Stealth Rock\n|\n|upkeep\n|turn|4\n|\n|t:|1700878751\n|switch|p2a: Gliscor|Gliscor, F|100\/100 tox\n|move|p1a: Ferrothorn|Toxic|p2a: Gliscor\n|-fail|p2a: Gliscor|tox\n|\n|upkeep\n|turn|5\n|\n|t:|1700878756\n|switch|p2a: Corviknight|Corviknight, F|100\/100\n|-ability|p2a: Corviknight|Pressure\n|move|p1a: Ferrothorn|Gyro Ball|p2a: Corviknight\n|-resisted|p2a: Corviknight\n|-damage|p2a: Corviknight|87\/100\n|\n|-heal|p2a: Corviknight|94\/100|[from] item: Leftovers\n|upkeep\n|turn|6\n|\n|t:|1700878764\n|switch|p2a: Gliscor|Gliscor, F|100\/100 tox\n|move|p1a: Ferrothorn|Knock Off|p2a: Gliscor\n|-damage|p2a: Gliscor|88\/100 tox\n|-enditem|p2a: Gliscor|Toxic Orb|[from] move: Knock Off|[of] p1a: Ferrothorn\n|\n|-heal|p2a: Gliscor|99\/100 tox|[from] ability: Poison Heal\n|upkeep\n|turn|7\n|\n|t:|1700878773\n|move|p2a: Gliscor|Spikes|p1a: Ferrothorn\n|-sidestart|p1: hundredswords|Spikes\n|move|p1a: Ferrothorn|Spikes|p2a: Gliscor\n|-sidestart|p2: NDSNEZyedropwhen|Spikes\n|\n|-heal|p2a: Gliscor|100\/100 tox|[from] ability: Poison Heal\n|upkeep\n|turn|8\n|\n|t:|1700878785\n|move|p2a: Gliscor|Spikes|p1a: Ferrothorn\n|-sidestart|p1: hundredswords|Spikes\n|move|p1a: Ferrothorn|Spikes|p2a: Gliscor\n|-sidestart|p2: NDSNEZyedropwhen|Spikes\n|\n|upkeep\n|turn|9\n|\n|t:|1700878795\n|switch|p1a: Rotom|Rotom-Wash|100\/100\n|-damage|p1a: Rotom|88\/100|[from] Stealth Rock\n|move|p2a: Gliscor|Toxic|p1a: Rotom|[miss]\n|-miss|p2a: Gliscor|p1a: Rotom\n|\n|-heal|p1a: Rotom|94\/100|[from] item: Leftovers\n|upkeep\n|turn|10\n|\n|t:|1700878803\n|switch|p2a: Blissey|Blissey, F|86\/100\n|move|p1a: Rotom|Defog|p2a: Blissey\n|-unboost|p2a: Blissey|evasion|1\n|-sideend|p2: NDSNEZyedropwhen|Spikes|[from] move: Defog|[of] p1a: Rotom\n|-sideend|p1: hundredswords|Spikes|[from] move: Defog|[of] p1a: Rotom\n|-sideend|p1: hundredswords|Stealth Rock|[from] move: Defog|[of] p1a: Rotom\n|\n|-heal|p1a: Rotom|100\/100|[from] item: Leftovers\n|upkeep\n|turn|11\n|\n|t:|1700878820\n|move|p1a: Rotom|Volt Switch|p2a: Blissey\n|-damage|p2a: Blissey|77\/100\n|\n|t:|1700878825\n|switch|p1a: Great Tusk|Great Tusk|100\/100|[from] Volt Switch\n|move|p2a: Blissey|Stealth Rock|p1a: Great Tusk\n|-sidestart|p1: hundredswords|move: Stealth Rock\n|\n|upkeep\n|turn|12\n|\n|t:|1700878833\n|switch|p2a: Gliscor|Gliscor, F|100\/100 tox\n|move|p1a: Great Tusk|Close Combat|p2a: Gliscor\n|-resisted|p2a: Gliscor\n|-crit|p2a: Gliscor\n|-damage|p2a: Gliscor|74\/100 tox\n|-unboost|p1a: Great Tusk|def|1\n|-unboost|p1a: Great Tusk|spd|1\n|\n|-heal|p2a: Gliscor|86\/100 tox|[from] ability: Poison Heal\n|upkeep\n|turn|13\n|\n|t:|1700878843\n|move|p2a: Gliscor|Protect|p2a: Gliscor\n|-singleturn|p2a: Gliscor|Protect\n|move|p1a: Great Tusk|Ice Spinner|p2a: Gliscor\n|-activate|p2a: Gliscor|move: Protect\n|\n|-heal|p2a: Gliscor|99\/100 tox|[from] ability: Poison Heal\n|upkeep\n|turn|14\n|\n|t:|1700878857\n|switch|p2a: Corviknight|Corviknight, F|94\/100\n|-ability|p2a: Corviknight|Pressure\n|move|p1a: Great Tusk|Ice Spinner|p2a: Corviknight\n|-damage|p2a: Corviknight|69\/100\n|\n|-heal|p2a: Corviknight|75\/100|[from] item: Leftovers\n|upkeep\n|turn|15\n|\n|t:|1700878866\n|move|p2a: Corviknight|Protect|p2a: Corviknight\n|-singleturn|p2a: Corviknight|Protect\n|-zpower|p1a: Great Tusk\n|move|p1a: Great Tusk|All-Out Pummeling|p2a: Corviknight|[zeffect]\n|-zbroken|p2a: Corviknight\n|-damage|p2a: Corviknight|53\/100\n|\n|-heal|p2a: Corviknight|60\/100|[from] item: Leftovers\n|upkeep\n|turn|16\n|\n|t:|1700878877\n|-end|p1a: Great Tusk|Protosynthesis|[silent]\n|switch|p1a: Rotom|Rotom-Wash|100\/100\n|-damage|p1a: Rotom|88\/100|[from] Stealth Rock\n|move|p2a: Corviknight|Roost|p2a: Corviknight\n|-heal|p2a: Corviknight|100\/100\n|-singleturn|p2a: Corviknight|move: Roost\n|\n|-heal|p1a: Rotom|94\/100|[from] item: Leftovers\n|upkeep\n|turn|17\n|\n|t:|1700878885\n|switch|p2a: Blissey|Blissey, F|77\/100\n|move|p1a: Rotom|Will-O-Wisp|p2a: Blissey\n|-status|p2a: Blissey|brn\n|\n|-heal|p1a: Rotom|100\/100|[from] item: Leftovers\n|-damage|p2a: Blissey|71\/100 brn|[from] brn\n|upkeep\n|turn|18\n|\n|t:|1700878898\n|-curestatus|p2a: Blissey|brn|[from] ability: Natural Cure\n|switch|p2a: Toxapex|Toxapex, F|100\/100\n|move|p1a: Rotom|Defog|p2a: Toxapex\n|-unboost|p2a: Toxapex|evasion|1\n|-sideend|p1: hundredswords|Stealth Rock|[from] move: Defog|[of] p1a: Rotom\n|\n|upkeep\n|turn|19\n|\n|t:|1700878911\n|move|p1a: Rotom|Volt Switch|p2a: Toxapex\n|-supereffective|p2a: Toxapex\n|-damage|p2a: Toxapex|52\/100\n|\n|t:|1700878918\n|switch|p1a: Garchomp|Garchomp, F|100\/100|[from] Volt Switch\n|move|p2a: Toxapex|Toxic|p1a: Garchomp\n|-status|p1a: Garchomp|tox\n|\n|-damage|p1a: Garchomp|94\/100 tox|[from] psn\n|upkeep\n|turn|20\n|inactive|Battle timer is ON: inactive players will automatically lose when time's up. (requested by NDSNEZyedropwhen)\n|\n|t:|1700878927\n|switch|p2a: Gliscor|Gliscor, F|99\/100 tox\n|move|p1a: Garchomp|Earthquake|p2a: Gliscor\n|-immune|p2a: Gliscor\n|\n|-damage|p1a: Garchomp|82\/100 tox|[from] psn\n|-heal|p2a: Gliscor|100\/100 tox|[from] ability: Poison Heal\n|upkeep\n|turn|21\n|\n|t:|1700878938\n|move|p1a: Garchomp|Swords Dance|p1a: Garchomp\n|-boost|p1a: Garchomp|atk|2\n|move|p2a: Gliscor|Toxic|p1a: Garchomp\n|-fail|p1a: Garchomp|tox\n|\n|-damage|p1a: Garchomp|64\/100 tox|[from] psn\n|upkeep\n|turn|22\n|\n|t:|1700878944\n|switch|p2a: Dondozo|Dondozo, M|100\/100\n|move|p1a: Garchomp|Swords Dance|p1a: Garchomp\n|-boost|p1a: Garchomp|atk|2\n|\n|-damage|p1a: Garchomp|39\/100 tox|[from] psn\n|upkeep\n|turn|23\n|\n|t:|1700878956\n|move|p1a: Garchomp|Earthquake|p2a: Dondozo\n|-damage|p2a: Dondozo|79\/100\n|move|p2a: Dondozo|Body Press|p1a: Garchomp\n|-damage|p1a: Garchomp|10\/100 tox\n|-damage|p2a: Dondozo|66\/100|[from] ability: Rough Skin|[of] p1a: Garchomp\n|-damage|p2a: Dondozo|50\/100|[from] item: Rocky Helmet|[of] p1a: Garchomp\n|\n|-damage|p1a: Garchomp|0 fnt|[from] psn\n|faint|p1a: Garchomp\n|upkeep\n|\n|t:|1700878967\n|switch|p1a: Rotom|Rotom-Wash|100\/100\n|turn|24\n|\n|t:|1700878974\n|switch|p2a: Gliscor|Gliscor, F|100\/100 tox\n|move|p1a: Rotom|Volt Switch|p2a: Gliscor\n|-immune|p2a: Gliscor\n|\n|upkeep\n|turn|25\n|\n|t:|1700878983\n|switch|p2a: Toxapex|Toxapex, F|86\/100\n|move|p1a: Rotom|Volt Switch|p2a: Toxapex\n|-supereffective|p2a: Toxapex\n|-damage|p2a: Toxapex|38\/100\n|\n|t:|1700878988\n|switch|p1a: Tapu Lele|Tapu Lele, shiny|100\/100|[from] Volt Switch\n|-fieldstart|move: Psychic Terrain|[from] ability: Psychic Surge|[of] p1a: Tapu Lele\n|\n|upkeep\n|turn|26\n|\n|t:|1700878995\n|switch|p2a: Corviknight|Corviknight, F|100\/100\n|-ability|p2a: Corviknight|Pressure\n|move|p1a: Tapu Lele|Focus Blast|p2a: Corviknight\n|-damage|p2a: Corviknight|74\/100\n|\n|-heal|p2a: Corviknight|80\/100|[from] item: Leftovers\n|upkeep\n|turn|27\n|\n|t:|1700879014\n|switch|p1a: Rotom|Rotom-Wash|100\/100\n|switch|p2a: Gliscor|Gliscor, F|100\/100 tox\n|\n|upkeep\n|turn|28\n|\n|t:|1700879020\n|switch|p2a: Blissey|Blissey, F|71\/100\n|move|p1a: Rotom|Hydro Pump|p2a: Blissey\n|-damage|p2a: Blissey|58\/100\n|\n|upkeep\n|turn|29\n|\n|t:|1700879025\n|move|p1a: Rotom|Volt Switch|p2a: Blissey\n|-damage|p2a: Blissey|48\/100\n|\n|t:|1700879029\n|switch|p1a: Great Tusk|Great Tusk|100\/100|[from] Volt Switch\n|move|p2a: Blissey|Stealth Rock|p1a: Great Tusk\n|-sidestart|p1: hundredswords|move: Stealth Rock\n|\n|-fieldend|move: Psychic Terrain\n|upkeep\n|turn|30\n|\n|t:|1700879041\n|switch|p2a: Gliscor|Gliscor, F|100\/100 tox\n|move|p1a: Great Tusk|Close Combat|p2a: Gliscor\n|-resisted|p2a: Gliscor\n|-damage|p2a: Gliscor|80\/100 tox\n|-unboost|p1a: Great Tusk|def|1\n|-unboost|p1a: Great Tusk|spd|1\n|\n|-heal|p2a: Gliscor|93\/100 tox|[from] ability: Poison Heal\n|upkeep\n|turn|31\n|\n|t:|1700879049\n|move|p2a: Gliscor|Protect|p2a: Gliscor\n|-singleturn|p2a: Gliscor|Protect\n|move|p1a: Great Tusk|Close Combat|p2a: Gliscor\n|-activate|p2a: Gliscor|move: Protect\n|\n|-heal|p2a: Gliscor|100\/100 tox|[from] ability: Poison Heal\n|upkeep\n|turn|32\n|\n|t:|1700879058\n|move|p1a: Great Tusk|Ice Spinner|p2a: Gliscor\n|-supereffective|p2a: Gliscor\n|-damage|p2a: Gliscor|25\/100 tox\n|move|p2a: Gliscor|Toxic|p1a: Great Tusk\n|-status|p1a: Great Tusk|tox\n|\n|-damage|p1a: Great Tusk|94\/100 tox|[from] psn\n|-heal|p2a: Gliscor|37\/100 tox|[from] ability: Poison Heal\n|upkeep\n|turn|33\n|\n|t:|1700879069\n|-end|p1a: Great Tusk|Protosynthesis|[silent]\n|switch|p1a: Rotom|Rotom-Wash|100\/100\n|-damage|p1a: Rotom|88\/100|[from] Stealth Rock\n|move|p2a: Gliscor|Protect||[still]\n|-fail|p2a: Gliscor\n|\n|-heal|p1a: Rotom|94\/100|[from] item: Leftovers\n|-heal|p2a: Gliscor|50\/100 tox|[from] ability: Poison Heal\n|upkeep\n|turn|34\n|\n|t:|1700879078\n|move|p2a: Gliscor|Protect|p2a: Gliscor\n|-singleturn|p2a: Gliscor|Protect\n|move|p1a: Rotom|Hydro Pump|p2a: Gliscor\n|-activate|p2a: Gliscor|move: Protect\n|\n|-heal|p1a: Rotom|100\/100|[from] item: Leftovers\n|-heal|p2a: Gliscor|62\/100 tox|[from] ability: Poison Heal\n|upkeep\n|turn|35\n|\n|t:|1700879088\n|switch|p2a: Blissey|Blissey, F|48\/100\n|move|p1a: Rotom|Defog|p2a: Blissey\n|-unboost|p2a: Blissey|evasion|1\n|-sideend|p1: hundredswords|Stealth Rock|[from] move: Defog|[of] p1a: Rotom\n|\n|upkeep\n|turn|36\n|\n|t:|1700879096\n|move|p1a: Rotom|Volt Switch|p2a: Blissey\n|-damage|p2a: Blissey|38\/100\n|\n|t:|1700879099\n|switch|p1a: Ferrothorn|Ferrothorn, M|100\/100|[from] Volt Switch\n|move|p2a: Blissey|Soft-Boiled|p2a: Blissey\n|-heal|p2a: Blissey|89\/100\n|\n|upkeep\n|turn|37\n|\n|t:|1700879106\n|switch|p2a: Gliscor|Gliscor, F|62\/100 tox\n|move|p1a: Ferrothorn|Toxic|p2a: Gliscor\n|-fail|p2a: Gliscor|tox\n|\n|-heal|p2a: Gliscor|75\/100 tox|[from] ability: Poison Heal\n|upkeep\n|turn|38\n|\n|t:|1700879113\n|move|p2a: Gliscor|Spikes|p1a: Ferrothorn\n|-sidestart|p1: hundredswords|Spikes\n|move|p1a: Ferrothorn|Spikes|p2a: Gliscor\n|-sidestart|p2: NDSNEZyedropwhen|Spikes\n|\n|-heal|p2a: Gliscor|87\/100 tox|[from] ability: Poison Heal\n|upkeep\n|turn|39\n|\n|t:|1700879118\n|move|p2a: Gliscor|Toxic|p1a: Ferrothorn\n|-immune|p1a: Ferrothorn\n|move|p1a: Ferrothorn|Gyro Ball|p2a: Gliscor\n|-damage|p2a: Gliscor|57\/100 tox\n|\n|-heal|p2a: Gliscor|70\/100 tox|[from] ability: Poison Heal\n|upkeep\n|turn|40\n|\n|t:|1700879125\n|move|p2a: Gliscor|Spikes|p1a: Ferrothorn\n|-sidestart|p1: hundredswords|Spikes\n|move|p1a: Ferrothorn|Gyro Ball|p2a: Gliscor\n|-damage|p2a: Gliscor|38\/100 tox\n|\n|-heal|p2a: Gliscor|51\/100 tox|[from] ability: Poison Heal\n|upkeep\n|turn|41\n|\n|t:|1700879132\n|move|p2a: Gliscor|Protect|p2a: Gliscor\n|-singleturn|p2a: Gliscor|Protect\n|move|p1a: Ferrothorn|Gyro Ball|p2a: Gliscor\n|-activate|p2a: Gliscor|move: Protect\n|\n|-heal|p2a: Gliscor|63\/100 tox|[from] ability: Poison Heal\n|upkeep\n|turn|42\n|\n|t:|1700879139\n|move|p2a: Gliscor|Spikes|p1a: Ferrothorn\n|-sidestart|p1: hundredswords|Spikes\n|move|p1a: Ferrothorn|Gyro Ball|p2a: Gliscor\n|-damage|p2a: Gliscor|34\/100 tox\n|\n|-heal|p2a: Gliscor|47\/100 tox|[from] ability: Poison Heal\n|upkeep\n|turn|43\n|\n|t:|1700879149\n|switch|p1a: Rotom|Rotom-Wash|100\/100\n|move|p2a: Gliscor|Protect||[still]\n|-fail|p2a: Gliscor\n|\n|-heal|p2a: Gliscor|59\/100 tox|[from] ability: Poison Heal\n|upkeep\n|turn|44\n|\n|t:|1700879157\n|switch|p2a: Blissey|Blissey, F|89\/100\n|move|p1a: Rotom|Hydro Pump|p2a: Blissey|[miss]\n|-miss|p1a: Rotom|p2a: Blissey\n|\n|upkeep\n|turn|45\n|\n|t:|1700879167\n|move|p1a: Rotom|Defog|p2a: Blissey\n|-unboost|p2a: Blissey|evasion|1\n|-sideend|p2: NDSNEZyedropwhen|Spikes|[from] move: Defog|[of] p1a: Rotom\n|-sideend|p1: hundredswords|Spikes|[from] move: Defog|[of] p1a: Rotom\n|move|p2a: Blissey|Stealth Rock|p1a: Rotom\n|-sidestart|p1: hundredswords|move: Stealth Rock\n|\n|upkeep\n|turn|46\n|\n|t:|1700879173\n|switch|p2a: Toxapex|Toxapex, F|71\/100\n|move|p1a: Rotom|Volt Switch|p2a: Toxapex\n|-supereffective|p2a: Toxapex\n|-damage|p2a: Toxapex|20\/100\n|\n|t:|1700879181\n|switch|p1a: Great Tusk|Great Tusk|94\/100 tox|[from] Volt Switch\n|-damage|p1a: Great Tusk|91\/100 tox|[from] Stealth Rock\n|\n|-damage|p1a: Great Tusk|85\/100 tox|[from] psn\n|upkeep\n|turn|47\n|\n|t:|1700879189\n|switch|p2a: Corviknight|Corviknight, F|80\/100\n|-ability|p2a: Corviknight|Pressure\n|move|p1a: Great Tusk|Close Combat|p2a: Corviknight\n|-damage|p2a: Corviknight|32\/100\n|-unboost|p1a: Great Tusk|def|1\n|-unboost|p1a: Great Tusk|spd|1\n|\n|-heal|p2a: Corviknight|38\/100|[from] item: Leftovers\n|-damage|p1a: Great Tusk|73\/100 tox|[from] psn\n|upkeep\n|turn|48\n|\n|t:|1700879216\n|switch|p2a: Toxapex|Toxapex, F|53\/100\n|move|p1a: Great Tusk|Close Combat|p2a: Toxapex\n|-resisted|p2a: Toxapex\n|-damage|p2a: Toxapex|33\/100\n|-unboost|p1a: Great Tusk|def|1\n|-unboost|p1a: Great Tusk|spd|1\n|\n|-damage|p1a: Great Tusk|54\/100 tox|[from] psn\n|upkeep\n|turn|49\n|\n|t:|1700879225\n|switch|p2a: Gliscor|Gliscor, F|59\/100 tox\n|move|p1a: Great Tusk|Earthquake|p2a: Gliscor\n|-immune|p2a: Gliscor\n|\n|-damage|p1a: Great Tusk|29\/100 tox|[from] psn\n|-heal|p2a: Gliscor|71\/100 tox|[from] ability: Poison Heal\n|upkeep\n|turn|50\n|\n|t:|1700879233\n|move|p2a: Gliscor|Protect|p2a: Gliscor\n|-singleturn|p2a: Gliscor|Protect\n|move|p1a: Great Tusk|Ice Spinner|p2a: Gliscor\n|-activate|p2a: Gliscor|move: Protect\n|\n|-damage|p1a: Great Tusk|0 fnt|[from] psn\n|faint|p1a: Great Tusk\n|-end|p1a: Great Tusk|Protosynthesis|[silent]\n|-heal|p2a: Gliscor|84\/100 tox|[from] ability: Poison Heal\n|upkeep\n|\n|t:|1700879243\n|switch|p1a: Rotom|Rotom-Wash|100\/100\n|-damage|p1a: Rotom|88\/100|[from] Stealth Rock\n|turn|51\n|\n|t:|1700879247\n|switch|p2a: Blissey|Blissey, F|89\/100\n|move|p1a: Rotom|Hydro Pump|p2a: Blissey\n|-damage|p2a: Blissey|76\/100\n|\n|-heal|p1a: Rotom|94\/100|[from] item: Leftovers\n|upkeep\n|turn|52\n|\n|t:|1700879262\n|move|p1a: Rotom|Defog|p2a: Blissey\n|-unboost|p2a: Blissey|evasion|1\n|-sideend|p1: hundredswords|Stealth Rock|[from] move: Defog|[of] p1a: Rotom\n|move|p2a: Blissey|Seismic Toss|p1a: Rotom\n|-damage|p1a: Rotom|53\/100\n|\n|-heal|p1a: Rotom|59\/100|[from] item: Leftovers\n|upkeep\n|turn|53\n|\n|t:|1700879272\n|move|p1a: Rotom|Volt Switch|p2a: Blissey\n|-damage|p2a: Blissey|67\/100\n|\n|t:|1700879275\n|switch|p1a: Ferrothorn|Ferrothorn, M|100\/100|[from] Volt Switch\n|move|p2a: Blissey|Stealth Rock|p1a: Ferrothorn\n|-sidestart|p1: hundredswords|move: Stealth Rock\n|\n|upkeep\n|turn|54\n|\n|t:|1700879281\n|switch|p2a: Gliscor|Gliscor, F|84\/100 tox\n|move|p1a: Ferrothorn|Gyro Ball|p2a: Gliscor\n|-damage|p2a: Gliscor|52\/100 tox\n|\n|-heal|p2a: Gliscor|65\/100 tox|[from] ability: Poison Heal\n|upkeep\n|turn|55\n|\n|t:|1700879305\n|move|p2a: Gliscor|Spikes|p1a: Ferrothorn\n|-sidestart|p1: hundredswords|Spikes\n|move|p1a: Ferrothorn|Gyro Ball|p2a: Gliscor\n|-damage|p2a: Gliscor|38\/100 tox\n|\n|-heal|p2a: Gliscor|50\/100 tox|[from] ability: Poison Heal\n|upkeep\n|turn|56\n|c|\u2606hundredswords|you complete pp stalling ass\n|c|\u2606hundredswords|bro\n|inactive|hundredswords has 120 seconds left.\n|c|\u2606hundredswords|just dont\n|-message|hundredswords forfeited.\n|\n|win|NDSNEZyedropwhen\n|raw|hundredswords's rating: 1261 &rarr; <strong>1240<\/strong><br \/>(-21 for losing)\n|raw|NDSNEZyedropwhen's rating: 1317 &rarr; <strong>1334<\/strong><br \/>(+17 for winning)\n|l|\u2606hundredswords\n","uploadtime":1700879358,"views":1,"p1id":"hundredswords","p2id":"ndsnezyedropwhen","formatid":"gen9nationaldex","rating":1240,"private":0,"password":""}