{"id":"gen9nationaldex-1995989155","p1":"SpecsGastr0","p2":"Pachimi","format":"[Gen 9] National Dex","log":"|html|<div class=\"broadcast-blue\"><strong>[Gen 9] National Dex is currently suspecting Sneasler! For information on how to participate check out the <a href=\"https:\/\/www.smogon.com\/forums\/threads\/sv-national-dex-suspect-8-just-dance.3731534\/\">suspect thread<\/a>.<\/strong><\/div>\n|j|\u2606SpecsGastr0\n|j|\u2606Pachimi\n|t:|1700625974\n|gametype|singles\n|player|p1|SpecsGastr0|colress|1141\n|player|p2|Pachimi|cynthia-gen7|1183\n|teamsize|p1|6\n|teamsize|p2|6\n|gen|9\n|tier|[Gen 9] National Dex\n|rated|\n|rule|HP Percentage Mod: HP is shown in percentages\n|rule|Endless Battle Clause: Forcing endless battles is banned\n|rule|OHKO Clause: OHKO moves are banned\n|rule|Evasion Clause: Evasion abilities, items, and moves are banned\n|rule|Evasion Abilities Clause: Evasion abilities are banned\n|rule|Evasion Items Clause: Evasion items are banned\n|rule|Evasion Moves Clause: Evasion moves are banned\n|rule|Species Clause: Limit one of each Pok\u00e9mon\n|rule|Sleep Clause Mod: Limit one foe put to sleep\n|clearpoke\n|poke|p1|Urshifu-*, M|\n|poke|p1|Kartana|\n|poke|p1|Landorus-Therian, M|\n|poke|p1|Blacephalon|\n|poke|p1|Glalie, F|\n|poke|p1|Mr. Rime, M|\n|poke|p2|Garchomp, F|\n|poke|p2|Togekiss, F|\n|poke|p2|Milotic, F|\n|poke|p2|Spiritomb, M|\n|poke|p2|Bisharp, M|\n|poke|p2|Tyranitar, M|\n|teampreview\n|inactive|Battle timer is ON: inactive players will automatically lose when time's up. (requested by Pachimi)\n|\n|t:|1700625979\n|start\n|switch|p1a: The Last Wish|Landorus-Therian, M|100\/100\n|switch|p2a: Spiritomb|Spiritomb, M|100\/100\n|-ability|p1a: The Last Wish|Intimidate|boost\n|-unboost|p2a: Spiritomb|atk|1\n|turn|1\n|\n|t:|1700625987\n|move|p1a: The Last Wish|Knock Off|p2a: Spiritomb\n|-damage|p2a: Spiritomb|65\/100\n|-enditem|p2a: Spiritomb|Sitrus Berry|[from] move: Knock Off|[of] p1a: The Last Wish\n|move|p2a: Spiritomb|Will-O-Wisp|p1a: The Last Wish\n|-status|p1a: The Last Wish|brn\n|\n|-damage|p1a: The Last Wish|95\/100 brn|[from] brn\n|upkeep\n|turn|2\n|\n|t:|1700625995\n|move|p1a: The Last Wish|U-turn|p2a: Spiritomb\n|-damage|p2a: Spiritomb|51\/100\n|\n|t:|1700626015\n|switch|p1a: Origarmy Killer|Kartana|100\/100|[from] U-turn\n|move|p2a: Spiritomb|Pain Split|p1a: Origarmy Killer\n|-sethp|p1a: Origarmy Killer|80\/100|[from] move: Pain Split|[silent]\n|-sethp|p2a: Spiritomb|68\/100|[from] move: Pain Split\n|\n|upkeep\n|turn|3\n|\n|t:|1700626027\n|move|p1a: Origarmy Killer|Leaf Blade|p2a: Spiritomb\n|-damage|p2a: Spiritomb|2\/100\n|move|p2a: Spiritomb|Will-O-Wisp|p1a: Origarmy Killer\n|-status|p1a: Origarmy Killer|brn\n|\n|-damage|p1a: Origarmy Killer|74\/100 brn|[from] brn\n|upkeep\n|turn|4\n|\n|t:|1700626035\n|move|p2a: Spiritomb|Sucker Punch|p1a: Origarmy Killer\n|-damage|p1a: Origarmy Killer|56\/100 brn\n|move|p1a: Origarmy Killer|Smart Strike|p2a: Spiritomb\n|-damage|p2a: Spiritomb|0 fnt\n|faint|p2a: Spiritomb\n|-ability|p1a: Origarmy Killer|Beast Boost|boost\n|-boost|p1a: Origarmy Killer|atk|1\n|\n|-damage|p1a: Origarmy Killer|50\/100 brn|[from] brn\n|upkeep\n|\n|t:|1700626046\n|switch|p2a: Tyranitar|Tyranitar, M|100\/100\n|-weather|Sandstorm|[from] ability: Sand Stream|[of] p2a: Tyranitar\n|turn|5\n|\n|t:|1700626051\n|detailschange|p2a: Tyranitar|Tyranitar-Mega, M\n|-mega|p2a: Tyranitar|Tyranitar|Tyranitarite\n|move|p1a: Origarmy Killer|Sacred Sword|p2a: Tyranitar\n|-supereffective|p2a: Tyranitar\n|-damage|p2a: Tyranitar|1\/100\n|move|p2a: Tyranitar|Dragon Dance|p2a: Tyranitar\n|-boost|p2a: Tyranitar|atk|1\n|-boost|p2a: Tyranitar|spe|1\n|\n|-weather|Sandstorm|[upkeep]\n|-damage|p1a: Origarmy Killer|44\/100 brn|[from] brn\n|upkeep\n|turn|6\n|\n|t:|1700626065\n|switch|p1a: The Last Wish|Landorus-Therian, M|95\/100 brn\n|-ability|p1a: The Last Wish|Intimidate|boost\n|-unboost|p2a: Tyranitar|atk|1\n|move|p2a: Tyranitar|Crunch|p1a: The Last Wish\n|-damage|p1a: The Last Wish|30\/100 brn\n|-damage|p2a: Tyranitar|0 fnt|[from] item: Rocky Helmet|[of] p1a: The Last Wish\n|faint|p2a: Tyranitar\n|\n|-weather|Sandstorm|[upkeep]\n|-damage|p1a: The Last Wish|24\/100 brn|[from] brn\n|upkeep\n|\n|t:|1700626079\n|switch|p2a: Togekiss|Togekiss, F|100\/100\n|turn|7\n|\n|t:|1700626086\n|move|p1a: The Last Wish|U-turn|p2a: Togekiss\n|-resisted|p2a: Togekiss\n|-damage|p2a: Togekiss|97\/100\n|\n|t:|1700626092\n|switch|p1a: Origarmy Killer|Kartana|44\/100 brn|[from] U-turn\n|move|p2a: Togekiss|Air Slash|p1a: Origarmy Killer|[miss]\n|-miss|p2a: Togekiss|p1a: Origarmy Killer\n|\n|-weather|Sandstorm|[upkeep]\n|-damage|p2a: Togekiss|91\/100|[from] Sandstorm\n|-heal|p2a: Togekiss|97\/100|[from] item: Leftovers\n|-damage|p1a: Origarmy Killer|38\/100 brn|[from] brn\n|upkeep\n|turn|8\n|\n|t:|1700626102\n|move|p1a: Origarmy Killer|Smart Strike|p2a: Togekiss\n|-supereffective|p2a: Togekiss\n|-damage|p2a: Togekiss|37\/100\n|move|p2a: Togekiss|Flamethrower|p1a: Origarmy Killer\n|-supereffective|p1a: Origarmy Killer\n|-damage|p1a: Origarmy Killer|0 fnt\n|faint|p1a: Origarmy Killer\n|\n|-weather|Sandstorm|[upkeep]\n|-damage|p2a: Togekiss|30\/100|[from] Sandstorm\n|-heal|p2a: Togekiss|37\/100|[from] item: Leftovers\n|upkeep\n|\n|t:|1700626115\n|switch|p1a: COLD SNAP|Glalie, F|100\/100\n|turn|9\n|\n|t:|1700626120\n|detailschange|p1a: COLD SNAP|Glalie-Mega, F\n|-mega|p1a: COLD SNAP|Glalie|Glalitite\n|move|p1a: COLD SNAP|Return|p2a: Togekiss\n|-supereffective|p2a: Togekiss\n|-damage|p2a: Togekiss|0 fnt\n|faint|p2a: Togekiss\n|\n|-weather|none\n|upkeep\n|\n|t:|1700626126\n|switch|p2a: Milotic|Milotic, F|100\/100\n|turn|10\n|\n|t:|1700626132\n|switch|p1a: JUST WANNA DANCE|Mr. Rime, M|100\/100\n|move|p2a: Milotic|Toxic|p1a: JUST WANNA DANCE\n|-status|p1a: JUST WANNA DANCE|tox\n|\n|-damage|p1a: JUST WANNA DANCE|94\/100 tox|[from] psn\n|-status|p2a: Milotic|brn|[from] item: Flame Orb\n|upkeep\n|turn|11\n|\n|t:|1700626139\n|move|p2a: Milotic|Draining Kiss|p1a: JUST WANNA DANCE\n|-damage|p1a: JUST WANNA DANCE|84\/100 tox\n|move|p1a: JUST WANNA DANCE|Freeze-Dry|p2a: Milotic\n|-supereffective|p2a: Milotic\n|-damage|p2a: Milotic|45\/100 brn\n|\n|-damage|p1a: JUST WANNA DANCE|72\/100 tox|[from] psn\n|-damage|p2a: Milotic|39\/100 brn|[from] brn\n|upkeep\n|turn|12\n|\n|t:|1700626149\n|move|p2a: Milotic|Recover|p2a: Milotic\n|-heal|p2a: Milotic|89\/100 brn\n|move|p1a: JUST WANNA DANCE|Freeze-Dry|p2a: Milotic\n|-supereffective|p2a: Milotic\n|-damage|p2a: Milotic|40\/100 brn\n|\n|-damage|p1a: JUST WANNA DANCE|53\/100 tox|[from] psn\n|-damage|p2a: Milotic|34\/100 brn|[from] brn\n|upkeep\n|turn|13\n|\n|t:|1700626165\n|move|p2a: Milotic|Recover|p2a: Milotic\n|-heal|p2a: Milotic|84\/100 brn\n|move|p1a: JUST WANNA DANCE|Freeze-Dry|p2a: Milotic\n|-supereffective|p2a: Milotic\n|-damage|p2a: Milotic|36\/100 brn\n|\n|-damage|p1a: JUST WANNA DANCE|29\/100 tox|[from] psn\n|-damage|p2a: Milotic|29\/100 brn|[from] brn\n|upkeep\n|turn|14\n|inactive|SpecsGastr0 has 120 seconds left.\n|\n|t:|1700626190\n|move|p2a: Milotic|Recover|p2a: Milotic\n|-heal|p2a: Milotic|79\/100 brn\n|move|p1a: JUST WANNA DANCE|Freeze-Dry|p2a: Milotic\n|-supereffective|p2a: Milotic\n|-damage|p2a: Milotic|31\/100 brn\n|\n|-damage|p1a: JUST WANNA DANCE|0 fnt|[from] psn\n|faint|p1a: JUST WANNA DANCE\n|-damage|p2a: Milotic|25\/100 brn|[from] brn\n|upkeep\n|inactive|SpecsGastr0 has 120 seconds left.\n|\n|t:|1700626213\n|switch|p1a: Blaise|Blacephalon|100\/100\n|turn|15\n|\n|t:|1700626219\n|move|p1a: Blaise|Shadow Ball|p2a: Milotic\n|-damage|p2a: Milotic|0 fnt\n|faint|p2a: Milotic\n|-ability|p1a: Blaise|Beast Boost|boost\n|-boost|p1a: Blaise|spa|1\n|\n|upkeep\n|\n|t:|1700626222\n|switch|p2a: Bisharp|Bisharp, M|100\/100\n|turn|16\n|inactive|SpecsGastr0 has 120 seconds left.\n|\n|t:|1700626229\n|switch|p1a: Sweetfish River|Urshifu-Rapid-Strike, M|100\/100\n|move|p2a: Bisharp|Sucker Punch||[still]\n|-fail|p2a: Bisharp\n|\n|upkeep\n|turn|17\n|\n|t:|1700626237\n|move|p1a: Sweetfish River|Close Combat|p2a: Bisharp\n|-supereffective|p2a: Bisharp\n|-damage|p2a: Bisharp|0 fnt\n|-unboost|p1a: Sweetfish River|def|1\n|-unboost|p1a: Sweetfish River|spd|1\n|faint|p2a: Bisharp\n|\n|upkeep\n|\n|t:|1700626239\n|switch|p2a: Garchomp|Garchomp, F|100\/100\n|turn|18\n|\n|t:|1700626246\n|move|p2a: Garchomp|Swords Dance|p2a: Garchomp\n|-boost|p2a: Garchomp|atk|2\n|move|p1a: Sweetfish River|Close Combat|p2a: Garchomp\n|-damage|p2a: Garchomp|9\/100\n|-unboost|p1a: Sweetfish River|def|1\n|-unboost|p1a: Sweetfish River|spd|1\n|-damage|p1a: Sweetfish River|88\/100|[from] ability: Rough Skin|[of] p2a: Garchomp\n|\n|upkeep\n|turn|19\n|\n|t:|1700626254\n|move|p2a: Garchomp|Scale Shot|p1a: Sweetfish River\n|-damage|p1a: Sweetfish River|36\/100\n|-damage|p1a: Sweetfish River|0 fnt\n|faint|p1a: Sweetfish River\n|-hitcount|p1: Sweetfish River|2\n|-unboost|p2a: Garchomp|def|1\n|-boost|p2a: Garchomp|spe|1\n|\n|upkeep\n|\n|t:|1700626262\n|switch|p1a: Blaise|Blacephalon|100\/100\n|turn|20\n|\n|t:|1700626267\n|move|p1a: Blaise|Shadow Ball|p2a: Garchomp\n|-damage|p2a: Garchomp|0 fnt\n|faint|p2a: Garchomp\n|\n|win|SpecsGastr0\n|raw|SpecsGastr0's rating: 1141 &rarr; <strong>1169<\/strong><br \/>(+28 for winning)\n|raw|Pachimi's rating: 1183 &rarr; <strong>1155<\/strong><br \/>(-28 for losing)\n|l|\u2606Pachimi\n","uploadtime":1700626274,"views":15,"p1id":"specsgastr0","p2id":"pachimi","formatid":"gen9nationaldex","rating":1155,"private":0,"password":""}