{"id":"gen9nationaldex-1998903743","p1":"ikun321","p2":"YZY2012","format":"[Gen 9] National Dex","log":"|html|<div class=\"broadcast-blue\"><strong>[Gen 9] National Dex is currently suspecting Sneasler! For information on how to participate check out the <a href=\"https:\/\/www.smogon.com\/forums\/threads\/sv-national-dex-suspect-8-just-dance.3731534\/\">suspect thread<\/a>.<\/strong><\/div>\n|j|\u2606ikun321\n|j|\u2606YZY2012\n|t:|1701011065\n|gametype|singles\n|player|p1|ikun321|2|1314\n|player|p2|YZY2012|riley|1327\n|teamsize|p1|6\n|teamsize|p2|6\n|gen|9\n|tier|[Gen 9] National Dex\n|rated|\n|rule|HP Percentage Mod: HP is shown in percentages\n|rule|Endless Battle Clause: Forcing endless battles is banned\n|rule|OHKO Clause: OHKO moves are banned\n|rule|Evasion Clause: Evasion abilities, items, and moves are banned\n|rule|Evasion Abilities Clause: Evasion abilities are banned\n|rule|Evasion Items Clause: Evasion items are banned\n|rule|Evasion Moves Clause: Evasion moves are banned\n|rule|Species Clause: Limit one of each Pok\u00e9mon\n|rule|Sleep Clause Mod: Limit one foe put to sleep\n|clearpoke\n|poke|p1|Corviknight, M|\n|poke|p1|Banette, F|\n|poke|p1|Rillaboom, F|\n|poke|p1|Slowking-Galar, F|\n|poke|p1|Garganacl, F|\n|poke|p1|Great Tusk|\n|poke|p2|Doublade, M|\n|poke|p2|Heatran, M|\n|poke|p2|Charizard, F|\n|poke|p2|Rillaboom, M|\n|poke|p2|Sneasler, F|\n|poke|p2|Great Tusk|\n|teampreview\n|inactive|Battle timer is ON: inactive players will automatically lose when time's up. (requested by ikun321)\n|\n|t:|1701011088\n|start\n|switch|p1a: Rillaboom|Rillaboom, F|100\/100\n|switch|p2a: Rillaboom|Rillaboom, M|100\/100\n|-fieldstart|move: Grassy Terrain|[from] ability: Grassy Surge|[of] p2a: Rillaboom\n|turn|1\n|\n|t:|1701011093\n|move|p2a: Rillaboom|U-turn|p1a: Rillaboom\n|-supereffective|p1a: Rillaboom\n|-damage|p1a: Rillaboom|21\/100\n|\n|t:|1701011110\n|switch|p2a: Doublade|Doublade, M, shiny|100\/100|[from] U-turn\n|move|p1a: Rillaboom|U-turn|p2a: Doublade\n|-resisted|p2a: Doublade\n|-damage|p2a: Doublade|96\/100\n|\n|t:|1701011117\n|switch|p1a: Banette|Banette, F|100\/100|[from] U-turn\n|-item|p2a: Doublade|Eviolite|[from] ability: Frisk|[of] p1a: Banette|[identify]\n|\n|-heal|p2a: Doublade|100\/100|[from] Grassy Terrain\n|upkeep\n|turn|2\n|\n|t:|1701011127\n|detailschange|p1a: Banette|Banette-Mega, F\n|-mega|p1a: Banette|Banette|Banettite\n|move|p1a: Banette|Pursuit|p2a: Doublade\n|-supereffective|p2a: Doublade\n|-damage|p2a: Doublade|83\/100\n|move|p2a: Doublade|Gyro Ball|p1a: Banette\n|-damage|p1a: Banette|30\/100\n|\n|-heal|p1a: Banette|36\/100|[from] Grassy Terrain\n|-heal|p2a: Doublade|89\/100|[from] Grassy Terrain\n|upkeep\n|turn|3\n|\n|t:|1701011152\n|move|p1a: Banette|Destiny Bond|p1a: Banette\n|-singlemove|p1a: Banette|Destiny Bond\n|move|p2a: Doublade|Shadow Sneak|p1a: Banette\n|-supereffective|p1a: Banette\n|-damage|p1a: Banette|0 fnt\n|faint|p1a: Banette\n|-activate|p1a: Banette|move: Destiny Bond\n|faint|p2a: Doublade\n|\n|upkeep\n|\n|t:|1701011166\n|switch|p1a: Slowking|Slowking-Galar, F|100\/100\n|switch|p2a: Charizard|Charizard, F|100\/100\n|turn|4\n|inactive|YZY2012 has 120 seconds left.\n|\n|t:|1701011183\n|detailschange|p2a: Charizard|Charizard-Mega-Y, F\n|-mega|p2a: Charizard|Charizard|Charizardite Y\n|-weather|SunnyDay|[from] ability: Drought|[of] p2a: Charizard\n|move|p2a: Charizard|Weather Ball|p1a: Slowking\n|-damage|p1a: Slowking|46\/100\n|move|p1a: Slowking|Chilly Reception|p1a: Slowking\n|-weather|Snow\n|\n|t:|1701011187\n|switch|p1a: Garganacl|Garganacl, F|100\/100|[from] Chilly Reception\n|\n|-weather|Snow|[upkeep]\n|upkeep\n|turn|5\n|\n|t:|1701011198\n|switch|p2a: Rillaboom|Rillaboom, M|100\/100\n|move|p1a: Garganacl|Stealth Rock|p2a: Rillaboom\n|-sidestart|p2: YZY2012|move: Stealth Rock\n|\n|-weather|Snow|[upkeep]\n|-fieldend|move: Grassy Terrain\n|upkeep\n|turn|6\n|\n|t:|1701011205\n|move|p2a: Rillaboom|U-turn|p1a: Garganacl\n|-damage|p1a: Garganacl|78\/100\n|\n|t:|1701011208\n|switch|p2a: Great Tusk|Great Tusk|100\/100|[from] U-turn\n|-damage|p2a: Great Tusk|97\/100|[from] Stealth Rock\n|move|p1a: Garganacl|Salt Cure|p2a: Great Tusk\n|-resisted|p2a: Great Tusk\n|-damage|p2a: Great Tusk|95\/100\n|-start|p2a: Great Tusk|Salt Cure\n|\n|-weather|Snow|[upkeep]\n|-heal|p1a: Garganacl|84\/100|[from] item: Leftovers\n|-damage|p2a: Great Tusk|83\/100|[from] Salt Cure\n|upkeep\n|turn|7\n|\n|t:|1701011212\n|move|p1a: Garganacl|Protect|p1a: Garganacl\n|-singleturn|p1a: Garganacl|Protect\n|move|p2a: Great Tusk|Stealth Rock|p1a: Garganacl\n|-sidestart|p1: ikun321|move: Stealth Rock\n|\n|-weather|Snow|[upkeep]\n|-heal|p1a: Garganacl|91\/100|[from] item: Leftovers\n|-damage|p2a: Great Tusk|70\/100|[from] Salt Cure\n|upkeep\n|turn|8\n|\n|t:|1701011217\n|move|p2a: Great Tusk|Rapid Spin|p1a: Garganacl\n|-resisted|p1a: Garganacl\n|-damage|p1a: Garganacl|84\/100\n|-boost|p2a: Great Tusk|spe|1\n|-sideend|p2: YZY2012|Stealth Rock|[from] move: Rapid Spin|[of] p2a: Great Tusk\n|move|p1a: Garganacl|Stealth Rock|p2a: Great Tusk\n|-sidestart|p2: YZY2012|move: Stealth Rock\n|\n|-weather|none\n|-heal|p1a: Garganacl|90\/100|[from] item: Leftovers\n|-damage|p2a: Great Tusk|58\/100|[from] Salt Cure\n|upkeep\n|turn|9\n|\n|t:|1701011225\n|move|p1a: Garganacl|Protect|p1a: Garganacl\n|-singleturn|p1a: Garganacl|Protect\n|move|p2a: Great Tusk|Rapid Spin|p1a: Garganacl\n|-activate|p1a: Garganacl|move: Protect\n|\n|-heal|p1a: Garganacl|97\/100|[from] item: Leftovers\n|-damage|p2a: Great Tusk|46\/100|[from] Salt Cure\n|upkeep\n|turn|10\n|\n|t:|1701011236\n|move|p2a: Great Tusk|Headlong Rush|p1a: Garganacl\n|-supereffective|p1a: Garganacl\n|-damage|p1a: Garganacl|15\/100\n|-unboost|p2a: Great Tusk|def|1\n|-unboost|p2a: Great Tusk|spd|1\n|move|p1a: Garganacl|Stealth Rock||[still]\n|-fail|p1a: Garganacl\n|\n|-heal|p1a: Garganacl|21\/100|[from] item: Leftovers\n|-damage|p2a: Great Tusk|33\/100|[from] Salt Cure\n|upkeep\n|turn|11\n|\n|t:|1701011242\n|move|p2a: Great Tusk|Rapid Spin|p1a: Garganacl\n|-resisted|p1a: Garganacl\n|-damage|p1a: Garganacl|15\/100\n|-boost|p2a: Great Tusk|spe|1\n|-sideend|p2: YZY2012|Stealth Rock|[from] move: Rapid Spin|[of] p2a: Great Tusk\n|move|p1a: Garganacl|Recover|p1a: Garganacl\n|-heal|p1a: Garganacl|65\/100\n|\n|-heal|p1a: Garganacl|71\/100|[from] item: Leftovers\n|-damage|p2a: Great Tusk|21\/100|[from] Salt Cure\n|upkeep\n|turn|12\n|\n|t:|1701011247\n|move|p1a: Garganacl|Protect|p1a: Garganacl\n|-singleturn|p1a: Garganacl|Protect\n|move|p2a: Great Tusk|Headlong Rush|p1a: Garganacl\n|-activate|p1a: Garganacl|move: Protect\n|\n|-heal|p1a: Garganacl|77\/100|[from] item: Leftovers\n|-damage|p2a: Great Tusk|8\/100|[from] Salt Cure\n|upkeep\n|turn|13\n|\n|t:|1701011259\n|switch|p1a: Corviknight|Corviknight, M|100\/100\n|-damage|p1a: Corviknight|88\/100|[from] Stealth Rock\n|-ability|p1a: Corviknight|Pressure\n|move|p2a: Great Tusk|Headlong Rush|p1a: Corviknight\n|-immune|p1a: Corviknight\n|\n|-damage|p2a: Great Tusk|0 fnt|[from] Salt Cure\n|faint|p2a: Great Tusk\n|-end|p2a: Great Tusk|Protosynthesis|[silent]\n|upkeep\n|\n|t:|1701011263\n|switch|p2a: Charizard|Charizard-Mega-Y, F|100\/100\n|-weather|SunnyDay|[from] ability: Drought|[of] p2a: Charizard\n|turn|14\n|\n|t:|1701011275\n|switch|p1a: Garganacl|Garganacl, F|77\/100\n|-damage|p1a: Garganacl|65\/100|[from] Stealth Rock\n|move|p2a: Charizard|Weather Ball|p1a: Garganacl\n|-resisted|p1a: Garganacl\n|-damage|p1a: Garganacl|33\/100\n|\n|-weather|SunnyDay|[upkeep]\n|-heal|p1a: Garganacl|39\/100|[from] item: Leftovers\n|upkeep\n|turn|15\n|\n|t:|1701011284\n|move|p1a: Garganacl|Protect|p1a: Garganacl\n|-singleturn|p1a: Garganacl|Protect\n|move|p2a: Charizard|Solar Beam||[still]\n|-prepare|p2a: Charizard|Solar Beam\n|-anim|p2a: Charizard|Solar Beam|p1a: Garganacl\n|-activate|p1a: Garganacl|move: Protect\n|\n|-weather|SunnyDay|[upkeep]\n|-heal|p1a: Garganacl|45\/100|[from] item: Leftovers\n|upkeep\n|turn|16\n|\n|t:|1701011293\n|switch|p1a: Slowking|Slowking-Galar, F|79\/100\n|move|p2a: Charizard|Solar Beam||[still]\n|-prepare|p2a: Charizard|Solar Beam\n|-anim|p2a: Charizard|Solar Beam|p1a: Slowking\n|-resisted|p1a: Slowking\n|-damage|p1a: Slowking|64\/100\n|\n|-weather|SunnyDay|[upkeep]\n|upkeep\n|turn|17\n|\n|t:|1701011307\n|move|p2a: Charizard|Weather Ball|p1a: Slowking\n|-damage|p1a: Slowking|11\/100\n|move|p1a: Slowking|Chilly Reception|p1a: Slowking\n|-weather|Snow\n|\n|t:|1701011310\n|switch|p1a: Garganacl|Garganacl, F|45\/100|[from] Chilly Reception\n|-damage|p1a: Garganacl|33\/100|[from] Stealth Rock\n|\n|-weather|Snow|[upkeep]\n|-heal|p1a: Garganacl|39\/100|[from] item: Leftovers\n|upkeep\n|turn|18\n|\n|t:|1701011317\n|move|p2a: Charizard|Weather Ball|p1a: Garganacl\n|-damage|p1a: Garganacl|13\/100\n|move|p1a: Garganacl|Stealth Rock|p2a: Charizard\n|-sidestart|p2: YZY2012|move: Stealth Rock\n|\n|-weather|Snow|[upkeep]\n|-heal|p1a: Garganacl|20\/100|[from] item: Leftovers\n|upkeep\n|turn|19\n|\n|t:|1701011323\n|move|p1a: Garganacl|Protect|p1a: Garganacl\n|-singleturn|p1a: Garganacl|Protect\n|move|p2a: Charizard|Scorching Sands|p1a: Garganacl\n|-activate|p1a: Garganacl|move: Protect\n|\n|-weather|Snow|[upkeep]\n|-heal|p1a: Garganacl|26\/100|[from] item: Leftovers\n|upkeep\n|turn|20\n|\n|t:|1701011333\n|-terastallize|p1a: Garganacl|Water\n|move|p2a: Charizard|Scorching Sands|p1a: Garganacl\n|-damage|p1a: Garganacl|8\/100\n|move|p1a: Garganacl|Recover|p1a: Garganacl\n|-heal|p1a: Garganacl|58\/100\n|\n|-weather|Snow|[upkeep]\n|-heal|p1a: Garganacl|64\/100|[from] item: Leftovers\n|upkeep\n|turn|21\n|\n|t:|1701011340\n|switch|p2a: Rillaboom|Rillaboom, M|100\/100\n|-damage|p2a: Rillaboom|88\/100|[from] Stealth Rock\n|-fieldstart|move: Grassy Terrain|[from] ability: Grassy Surge|[of] p2a: Rillaboom\n|move|p1a: Garganacl|Salt Cure|p2a: Rillaboom\n|-damage|p2a: Rillaboom|71\/100\n|-start|p2a: Rillaboom|Salt Cure\n|\n|-weather|none\n|-heal|p2a: Rillaboom|78\/100|[from] Grassy Terrain\n|-heal|p1a: Garganacl|70\/100|[from] Grassy Terrain\n|-heal|p1a: Garganacl|76\/100|[from] item: Leftovers\n|-damage|p2a: Rillaboom|65\/100|[from] Salt Cure\n|upkeep\n|turn|22\n|\n|t:|1701011356\n|switch|p2a: Sneasler|Sneasler, F|100\/100\n|-damage|p2a: Sneasler|95\/100|[from] Stealth Rock\n|-enditem|p2a: Sneasler|Grassy Seed\n|-boost|p2a: Sneasler|def|1|[from] item: Grassy Seed\n|move|p1a: Garganacl|Protect||[still]\n|-fail|p1a: Garganacl\n|\n|-heal|p2a: Sneasler|100\/100|[from] Grassy Terrain\n|-heal|p1a: Garganacl|83\/100|[from] Grassy Terrain\n|-heal|p1a: Garganacl|89\/100|[from] item: Leftovers\n|upkeep\n|turn|23\n|\n|t:|1701011362\n|move|p2a: Sneasler|Dire Claw|p1a: Garganacl\n|-damage|p1a: Garganacl|61\/100\n|move|p1a: Garganacl|Salt Cure|p2a: Sneasler\n|-resisted|p2a: Sneasler\n|-damage|p2a: Sneasler|93\/100\n|-start|p2a: Sneasler|Salt Cure\n|\n|-heal|p2a: Sneasler|99\/100|[from] Grassy Terrain\n|-heal|p1a: Garganacl|67\/100|[from] Grassy Terrain\n|-heal|p1a: Garganacl|73\/100|[from] item: Leftovers\n|-damage|p2a: Sneasler|86\/100|[from] Salt Cure\n|upkeep\n|turn|24\n|\n|t:|1701011381\n|switch|p2a: Rillaboom|Rillaboom, M|65\/100\n|-damage|p2a: Rillaboom|53\/100|[from] Stealth Rock\n|move|p1a: Garganacl|Salt Cure|p2a: Rillaboom\n|-damage|p2a: Rillaboom|39\/100\n|-start|p2a: Rillaboom|Salt Cure\n|\n|-heal|p2a: Rillaboom|45\/100|[from] Grassy Terrain\n|-heal|p1a: Garganacl|79\/100|[from] Grassy Terrain\n|-heal|p1a: Garganacl|85\/100|[from] item: Leftovers\n|-damage|p2a: Rillaboom|32\/100|[from] Salt Cure\n|upkeep\n|turn|25\n|\n|t:|1701011394\n|switch|p2a: Sneasler|Sneasler, F|86\/100\n|-damage|p2a: Sneasler|80\/100|[from] Stealth Rock\n|move|p1a: Garganacl|Protect||[still]\n|-fail|p1a: Garganacl\n|\n|-heal|p2a: Sneasler|86\/100|[from] Grassy Terrain\n|-heal|p1a: Garganacl|92\/100|[from] Grassy Terrain\n|-heal|p1a: Garganacl|98\/100|[from] item: Leftovers\n|-fieldend|move: Grassy Terrain\n|upkeep\n|turn|26\n|\n|t:|1701011400\n|move|p2a: Sneasler|Swords Dance|p2a: Sneasler\n|-boost|p2a: Sneasler|atk|2\n|move|p1a: Garganacl|Salt Cure|p2a: Sneasler\n|-resisted|p2a: Sneasler\n|-damage|p2a: Sneasler|73\/100\n|-start|p2a: Sneasler|Salt Cure\n|\n|-heal|p1a: Garganacl|100\/100|[from] item: Leftovers\n|-damage|p2a: Sneasler|61\/100|[from] Salt Cure\n|upkeep\n|turn|27\n|\n|t:|1701011412\n|move|p1a: Garganacl|Protect|p1a: Garganacl\n|-singleturn|p1a: Garganacl|Protect\n|move|p2a: Sneasler|Swords Dance|p2a: Sneasler\n|-boost|p2a: Sneasler|atk|2\n|\n|-damage|p2a: Sneasler|49\/100|[from] Salt Cure\n|upkeep\n|turn|28\n|\n|t:|1701011423\n|switch|p1a: Slowking|Slowking-Galar, F|44\/100\n|move|p2a: Sneasler|Close Combat|p1a: Slowking\n|-resisted|p1a: Slowking\n|-damage|p1a: Slowking|0 fnt\n|-unboost|p2a: Sneasler|def|1\n|-unboost|p2a: Sneasler|spd|1\n|faint|p1a: Slowking\n|\n|-damage|p2a: Sneasler|36\/100|[from] Salt Cure\n|upkeep\n|\n|t:|1701011428\n|switch|p1a: Rillaboom|Rillaboom, F|21\/100\n|-damage|p1a: Rillaboom|8\/100|[from] Stealth Rock\n|-fieldstart|move: Grassy Terrain|[from] ability: Grassy Surge|[of] p1a: Rillaboom\n|turn|29\n|\n|t:|1701011434\n|move|p1a: Rillaboom|Grassy Glide|p2a: Sneasler\n|-resisted|p2a: Sneasler\n|-damage|p2a: Sneasler|0 fnt\n|faint|p2a: Sneasler\n|\n|-heal|p1a: Rillaboom|14\/100|[from] Grassy Terrain\n|upkeep\n|\n|t:|1701011440\n|switch|p2a: Rillaboom|Rillaboom, M|32\/100\n|-damage|p2a: Rillaboom|20\/100|[from] Stealth Rock\n|turn|30\n|\n|t:|1701011445\n|switch|p1a: Corviknight|Corviknight, M|88\/100\n|-damage|p1a: Corviknight|76\/100|[from] Stealth Rock\n|-ability|p1a: Corviknight|Pressure\n|move|p2a: Rillaboom|U-turn|p1a: Corviknight\n|-resisted|p1a: Corviknight\n|-damage|p1a: Corviknight|70\/100\n|\n|t:|1701011455\n|switch|p2a: Heatran|Heatran, M|100\/100|[from] U-turn\n|-damage|p2a: Heatran|88\/100|[from] Stealth Rock\n|\n|-heal|p2a: Heatran|94\/100|[from] Grassy Terrain\n|upkeep\n|turn|31\n|\n|t:|1701011459\n|switch|p1a: Garganacl|Garganacl, F, tera:Water|100\/100\n|-damage|p1a: Garganacl|88\/100|[from] Stealth Rock\n|move|p2a: Heatran|Eruption|p1a: Garganacl\n|-resisted|p1a: Garganacl\n|-damage|p1a: Garganacl|64\/100\n|\n|-heal|p2a: Heatran|100\/100|[from] Grassy Terrain\n|-heal|p1a: Garganacl|70\/100|[from] Grassy Terrain\n|-heal|p1a: Garganacl|76\/100|[from] item: Leftovers\n|upkeep\n|turn|32\n|\n|t:|1701011466\n|switch|p2a: Charizard|Charizard-Mega-Y, F|100\/100\n|-damage|p2a: Charizard|51\/100|[from] Stealth Rock\n|-weather|SunnyDay|[from] ability: Drought|[of] p2a: Charizard\n|move|p1a: Garganacl|Salt Cure|p2a: Charizard\n|-supereffective|p2a: Charizard\n|-damage|p2a: Charizard|0 fnt\n|faint|p2a: Charizard\n|\n|-weather|SunnyDay|[upkeep]\n|-heal|p1a: Garganacl|83\/100|[from] Grassy Terrain\n|-heal|p1a: Garganacl|89\/100|[from] item: Leftovers\n|upkeep\n|\n|t:|1701011476\n|switch|p2a: Rillaboom|Rillaboom, M|20\/100\n|-damage|p2a: Rillaboom|8\/100|[from] Stealth Rock\n|turn|33\n|-message|YZY2012 forfeited.\n|\n|win|ikun321\n|raw|ikun321's rating: 1314 &rarr; <strong>1335<\/strong><br \/>(+21 for winning)\n|raw|YZY2012's rating: 1327 &rarr; <strong>1306<\/strong><br \/>(-21 for losing)\n|l|\u2606YZY2012\n","uploadtime":1701011486,"views":7,"p1id":"ikun321","p2id":"yzy2012","formatid":"gen9nationaldex","rating":1306,"private":0,"password":""}