{"id":"gen9nationaldex-1998978301","p1":"Zanty-Chan","p2":"Arnaenaed \u223e","format":"[Gen 9] National Dex","log":"|html|<div class=\"broadcast-blue\"><strong>[Gen 9] National Dex is currently suspecting Sneasler! For information on how to participate check out the <a href=\"https:\/\/www.smogon.com\/forums\/threads\/sv-national-dex-suspect-8-just-dance.3731534\/\">suspect thread<\/a>.<\/strong><\/div>\n|j|\u2606Zanty-Chan\n|j|\u2606Arnaenaed \u223e\n|t:|1701020060\n|gametype|singles\n|player|p1|Zanty-Chan|red|\n|player|p2|Arnaenaed \u223e|clay|\n|teamsize|p1|6\n|teamsize|p2|6\n|gen|9\n|tier|[Gen 9] National Dex\n|rule|HP Percentage Mod: HP is shown in percentages\n|rule|Endless Battle Clause: Forcing endless battles is banned\n|rule|OHKO Clause: OHKO moves are banned\n|rule|Evasion Clause: Evasion abilities, items, and moves are banned\n|rule|Evasion Abilities Clause: Evasion abilities are banned\n|rule|Evasion Items Clause: Evasion items are banned\n|rule|Evasion Moves Clause: Evasion moves are banned\n|rule|Species Clause: Limit one of each Pok\u00e9mon\n|rule|Sleep Clause Mod: Limit one foe put to sleep\n|clearpoke\n|poke|p1|Tornadus-Therian, M|\n|poke|p1|Deoxys-Defense|\n|poke|p1|Slurpuff, F|\n|poke|p1|Porygon-Z|\n|poke|p1|Ditto|\n|poke|p1|Zamazenta-*|\n|poke|p2|Dondozo, F|\n|poke|p2|Chansey, F|\n|poke|p2|Cresselia, F|\n|poke|p2|Garganacl, F|\n|poke|p2|Zamazenta-*|\n|poke|p2|Ditto|\n|teampreview\n|inactive|Battle timer is ON: inactive players will automatically lose when time's up. (requested by Zanty-Chan)\n|c|\u2606Arnaenaed \u223e|xddd\n|inactive|Zanty-Chan has 270 seconds left.\n|\n|t:|1701020093\n|start\n|switch|p1a: Deoxys|Deoxys-Defense|100\/100\n|switch|p2a: Chansey|Chansey, F|100\/100\n|-ability|p1a: Deoxys|Pressure\n|turn|1\n|\n|t:|1701020098\n|move|p1a: Deoxys|Stealth Rock|p2a: Chansey\n|-sidestart|p2: Arnaenaed \u223e|move: Stealth Rock\n|move|p2a: Chansey|Toxic|p1a: Deoxys\n|-status|p1a: Deoxys|tox\n|\n|-damage|p1a: Deoxys|94\/100 tox|[from] psn\n|upkeep\n|turn|2\n|\n|t:|1701020102\n|move|p1a: Deoxys|Spikes|p2a: Chansey\n|-sidestart|p2: Arnaenaed \u223e|Spikes\n|move|p2a: Chansey|Stealth Rock|p1a: Deoxys\n|-sidestart|p1: Zanty-Chan|move: Stealth Rock\n|\n|-heal|p1a: Deoxys|100\/100 tox|[from] item: Leftovers\n|-damage|p1a: Deoxys|88\/100 tox|[from] psn\n|upkeep\n|turn|3\n|\n|t:|1701020110\n|switch|p1a: Zamazenta|Zamazenta|100\/100\n|-damage|p1a: Zamazenta|94\/100|[from] Stealth Rock\n|-ability|p1a: Zamazenta|Dauntless Shield|boost\n|-boost|p1a: Zamazenta|def|1\n|move|p2a: Chansey|Seismic Toss|p1a: Zamazenta\n|-damage|p1a: Zamazenta|66\/100\n|\n|-heal|p1a: Zamazenta|72\/100|[from] item: Leftovers\n|upkeep\n|turn|4\n|\n|t:|1701020122\n|switch|p2a: Cresselia|Cresselia, F|100\/100\n|-damage|p2a: Cresselia|88\/100|[from] Stealth Rock\n|move|p1a: Zamazenta|Substitute|p1a: Zamazenta\n|-start|p1a: Zamazenta|Substitute\n|-damage|p1a: Zamazenta|47\/100\n|\n|-heal|p1a: Zamazenta|53\/100|[from] item: Leftovers\n|upkeep\n|turn|5\n|\n|t:|1701020130\n|move|p1a: Zamazenta|Crunch|p2a: Cresselia\n|-supereffective|p2a: Cresselia\n|-damage|p2a: Cresselia|66\/100\n|-enditem|p2a: Cresselia|Kee Berry|[eat]\n|-boost|p2a: Cresselia|def|1|[from] item: Kee Berry\n|move|p2a: Cresselia|Calm Mind|p2a: Cresselia\n|-boost|p2a: Cresselia|spa|1\n|-boost|p2a: Cresselia|spd|1\n|\n|-heal|p1a: Zamazenta|59\/100|[from] item: Leftovers\n|upkeep\n|turn|6\n|\n|t:|1701020142\n|move|p1a: Zamazenta|Crunch|p2a: Cresselia\n|-supereffective|p2a: Cresselia\n|-damage|p2a: Cresselia|50\/100\n|move|p2a: Cresselia|Stored Power|p1a: Zamazenta\n|-supereffective|p1a: Zamazenta\n|-end|p1a: Zamazenta|Substitute\n|\n|-heal|p1a: Zamazenta|65\/100|[from] item: Leftovers\n|upkeep\n|turn|7\n|\n|t:|1701020155\n|switch|p1a: Deoxys|Deoxys-Defense|88\/100 tox\n|-damage|p1a: Deoxys|75\/100 tox|[from] Stealth Rock\n|-ability|p1a: Deoxys|Pressure\n|move|p2a: Cresselia|Moonlight|p2a: Cresselia\n|-heal|p2a: Cresselia|99\/100\n|\n|-heal|p1a: Deoxys|82\/100 tox|[from] item: Leftovers\n|-damage|p1a: Deoxys|75\/100 tox|[from] psn\n|upkeep\n|turn|8\n|\n|t:|1701020172\n|switch|p2a: Garganacl|Garganacl, F|100\/100\n|move|p1a: Deoxys|Spikes|p2a: Garganacl\n|-sidestart|p2: Arnaenaed \u223e|Spikes\n|\n|-heal|p1a: Deoxys|82\/100 tox|[from] item: Leftovers\n|-damage|p1a: Deoxys|69\/100 tox|[from] psn\n|upkeep\n|turn|9\n|\n|t:|1701020179\n|move|p1a: Deoxys|Nasty Plot|p1a: Deoxys\n|-boost|p1a: Deoxys|spa|2\n|move|p2a: Garganacl|Curse|p2a: Garganacl\n|-unboost|p2a: Garganacl|spe|1\n|-boost|p2a: Garganacl|atk|1\n|-boost|p2a: Garganacl|def|1\n|\n|-heal|p1a: Deoxys|75\/100 tox|[from] item: Leftovers\n|-damage|p1a: Deoxys|57\/100 tox|[from] psn\n|upkeep\n|turn|10\n|\n|t:|1701020189\n|move|p1a: Deoxys|Dark Pulse|p2a: Garganacl\n|-damage|p2a: Garganacl|81\/100\n|move|p2a: Garganacl|Salt Cure|p1a: Deoxys\n|-damage|p1a: Deoxys|43\/100 tox\n|-start|p1a: Deoxys|Salt Cure\n|\n|-heal|p1a: Deoxys|49\/100 tox|[from] item: Leftovers\n|-damage|p1a: Deoxys|24\/100 tox|[from] psn\n|-damage|p1a: Deoxys|12\/100 tox|[from] Salt Cure\n|upkeep\n|turn|11\n|\n|t:|1701020195\n|move|p1a: Deoxys|Dark Pulse|p2a: Garganacl\n|-damage|p2a: Garganacl|62\/100\n|move|p2a: Garganacl|Recover|p2a: Garganacl\n|-heal|p2a: Garganacl|100\/100\n|\n|-heal|p1a: Deoxys|18\/100 tox|[from] item: Leftovers\n|-damage|p1a: Deoxys|0 fnt|[from] psn\n|faint|p1a: Deoxys\n|upkeep\n|inactive|Zanty-Chan has 270 seconds left.\n|\n|t:|1701020227\n|switch|p1a: Zamazenta|Zamazenta|65\/100\n|-damage|p1a: Zamazenta|59\/100|[from] Stealth Rock\n|turn|12\n|\n|t:|1701020235\n|move|p1a: Zamazenta|Substitute|p1a: Zamazenta\n|-start|p1a: Zamazenta|Substitute\n|-damage|p1a: Zamazenta|34\/100\n|move|p2a: Garganacl|Salt Cure|p1a: Zamazenta\n|-resisted|p1a: Zamazenta\n|-activate|p1a: Zamazenta|move: Substitute|[damage]\n|\n|-heal|p1a: Zamazenta|40\/100|[from] item: Leftovers\n|upkeep\n|turn|13\n|\n|t:|1701020242\n|move|p1a: Zamazenta|Iron Defense|p1a: Zamazenta\n|-boost|p1a: Zamazenta|def|2\n|move|p2a: Garganacl|Earthquake|p1a: Zamazenta\n|-activate|p1a: Zamazenta|move: Substitute|[damage]\n|\n|-heal|p1a: Zamazenta|46\/100|[from] item: Leftovers\n|upkeep\n|turn|14\n|\n|t:|1701020254\n|switch|p2a: Dondozo|Dondozo, F|100\/100\n|move|p1a: Zamazenta|Iron Defense|p1a: Zamazenta\n|-boost|p1a: Zamazenta|def|2\n|\n|-heal|p1a: Zamazenta|52\/100|[from] item: Leftovers\n|upkeep\n|turn|15\n|\n|t:|1701020262\n|move|p1a: Zamazenta|Body Press|p2a: Dondozo\n|-damage|p2a: Dondozo|85\/100\n|move|p2a: Dondozo|Curse|p2a: Dondozo\n|-unboost|p2a: Dondozo|spe|1\n|-boost|p2a: Dondozo|atk|1\n|-boost|p2a: Dondozo|def|1\n|\n|-heal|p1a: Zamazenta|58\/100|[from] item: Leftovers\n|upkeep\n|turn|16\n|\n|t:|1701020267\n|move|p1a: Zamazenta|Crunch|p2a: Dondozo\n|-damage|p2a: Dondozo|78\/100\n|-unboost|p2a: Dondozo|def|1\n|move|p2a: Dondozo|Curse|p2a: Dondozo\n|-unboost|p2a: Dondozo|spe|1\n|-boost|p2a: Dondozo|atk|1\n|-boost|p2a: Dondozo|def|1\n|\n|-heal|p1a: Zamazenta|64\/100|[from] item: Leftovers\n|upkeep\n|turn|17\n|\n|t:|1701020273\n|move|p1a: Zamazenta|Crunch|p2a: Dondozo\n|-damage|p2a: Dondozo|71\/100\n|-unboost|p2a: Dondozo|def|1\n|move|p2a: Dondozo|Curse|p2a: Dondozo\n|-unboost|p2a: Dondozo|spe|1\n|-boost|p2a: Dondozo|atk|1\n|-boost|p2a: Dondozo|def|1\n|\n|-heal|p1a: Zamazenta|70\/100|[from] item: Leftovers\n|upkeep\n|turn|18\n|\n|t:|1701020281\n|move|p1a: Zamazenta|Body Press|p2a: Dondozo\n|-crit|p2a: Dondozo\n|-damage|p2a: Dondozo|48\/100\n|move|p2a: Dondozo|Curse|p2a: Dondozo\n|-unboost|p2a: Dondozo|spe|1\n|-boost|p2a: Dondozo|atk|1\n|-boost|p2a: Dondozo|def|1\n|\n|-heal|p1a: Zamazenta|76\/100|[from] item: Leftovers\n|upkeep\n|turn|19\n|\n|t:|1701020287\n|move|p1a: Zamazenta|Crunch|p2a: Dondozo\n|-damage|p2a: Dondozo|43\/100\n|move|p2a: Dondozo|Liquidation|p1a: Zamazenta\n|-end|p1a: Zamazenta|Substitute\n|\n|-heal|p1a: Zamazenta|82\/100|[from] item: Leftovers\n|upkeep\n|turn|20\n|inactive|Zanty-Chan has 270 seconds left.\n|\n|t:|1701020319\n|move|p1a: Zamazenta|Crunch|p2a: Dondozo\n|-damage|p2a: Dondozo|38\/100\n|move|p2a: Dondozo|Rest|p2a: Dondozo\n|-status|p2a: Dondozo|slp|[from] move: Rest\n|-heal|p2a: Dondozo|100\/100 slp|[silent]\n|\n|-heal|p1a: Zamazenta|88\/100|[from] item: Leftovers\n|upkeep\n|turn|21\n|inactive|Zanty-Chan has 270 seconds left.\n|\n|t:|1701020350\n|switch|p1a: Ditto|Ditto|100\/100\n|-damage|p1a: Ditto|88\/100|[from] Stealth Rock\n|-transform|p1a: Ditto|p2a: Dondozo|[from] ability: Imposter\n|cant|p2a: Dondozo|slp\n|move|p2a: Dondozo|Sleep Talk|p2a: Dondozo\n|move|p2a: Dondozo|Liquidation|p1a: Ditto|[from]move: Sleep Talk\n|-resisted|p1a: Ditto\n|-damage|p1a: Ditto|76\/100\n|\n|upkeep\n|turn|22\n|c|\u2606Arnaenaed \u223e|oye\n|c|\u2606Arnaenaed \u223e|tengo mas pp\n|inactive|Zanty-Chan has 240 seconds left.\n|\n|t:|1701020386\n|move|p1a: Ditto|Liquidation|p2a: Dondozo\n|-resisted|p2a: Dondozo\n|-damage|p2a: Dondozo|94\/100 slp\n|cant|p2a: Dondozo|slp\n|move|p2a: Dondozo|Sleep Talk|p2a: Dondozo\n|move|p2a: Dondozo|Curse|p2a: Dondozo|[from]move: Sleep Talk\n|-unboost|p2a: Dondozo|spe|1\n|-boost|p2a: Dondozo|atk|1\n|-boost|p2a: Dondozo|def|1\n|\n|upkeep\n|turn|23\n|\n|t:|1701020393\n|move|p1a: Ditto|Liquidation|p2a: Dondozo\n|-resisted|p2a: Dondozo\n|-damage|p2a: Dondozo|86\/100 slp\n|-curestatus|p2a: Dondozo|slp|[msg]\n|move|p2a: Dondozo|Curse|p2a: Dondozo\n|-unboost|p2a: Dondozo|spe|1\n|-boost|p2a: Dondozo|atk|1\n|-boost|p2a: Dondozo|def|1\n|\n|upkeep\n|turn|24\n|\n|t:|1701020403\n|switch|p1a: Zamazenta|Zamazenta|88\/100\n|-damage|p1a: Zamazenta|82\/100|[from] Stealth Rock\n|move|p2a: Dondozo|Liquidation|p1a: Zamazenta\n|-damage|p1a: Zamazenta|0 fnt\n|faint|p1a: Zamazenta\n|\n|upkeep\n|\n|t:|1701020422\n|switch|p1a: Tornadus|Tornadus-Therian, M|100\/100\n|turn|25\n|\n|t:|1701020439\n|switch|p2a: Chansey|Chansey, F|100\/100\n|-damage|p2a: Chansey|88\/100|[from] Stealth Rock\n|-damage|p2a: Chansey|71\/100|[from] Spikes\n|move|p1a: Tornadus|Air Slash|p2a: Chansey\n|-damage|p2a: Chansey|60\/100\n|\n|upkeep\n|turn|26\n|\n|t:|1701020449\n|move|p1a: Tornadus|U-turn|p2a: Chansey\n|-damage|p2a: Chansey|50\/100\n|\n|t:|1701020464\n|switch|p1a: Ditto|Ditto|76\/100|[from] U-turn\n|-damage|p1a: Ditto|63\/100|[from] Stealth Rock\n|-transform|p1a: Ditto|p2a: Chansey|[from] ability: Imposter\n|move|p2a: Chansey|Toxic|p1a: Ditto\n|-status|p1a: Ditto|tox\n|\n|-damage|p1a: Ditto|57\/100 tox|[from] psn\n|upkeep\n|turn|27\n|inactive|Zanty-Chan has 210 seconds left.\n|\n|t:|1701020480\n|move|p1a: Ditto|Toxic|p2a: Chansey\n|-status|p2a: Chansey|tox\n|move|p2a: Chansey|Soft-Boiled|p2a: Chansey\n|-heal|p2a: Chansey|99\/100 tox\n|\n|-damage|p1a: Ditto|46\/100 tox|[from] psn\n|-damage|p2a: Chansey|94\/100 tox|[from] psn\n|upkeep\n|turn|28\n|inactive|Zanty-Chan has 210 seconds left.\n|\n|t:|1701020495\n|-curestatus|p1a: Ditto|tox|[from] ability: Natural Cure\n|switch|p1a: Slurpuff|Slurpuff, F|100\/100\n|-damage|p1a: Slurpuff|88\/100|[from] Stealth Rock\n|-curestatus|p2a: Chansey|tox|[from] ability: Natural Cure\n|switch|p2a: Garganacl|Garganacl, F|100\/100\n|\n|upkeep\n|turn|29\n|inactive|Zanty-Chan has 210 seconds left.\n|\n|t:|1701020506\n|move|p1a: Slurpuff|Belly Drum|p1a: Slurpuff\n|-damage|p1a: Slurpuff|38\/100\n|-setboost|p1a: Slurpuff|atk|6|[from] move: Belly Drum\n|-enditem|p1a: Slurpuff|Sitrus Berry|[eat]\n|-heal|p1a: Slurpuff|63\/100|[from] item: Sitrus Berry\n|move|p2a: Garganacl|Salt Cure|p1a: Slurpuff\n|-damage|p1a: Slurpuff|46\/100\n|-start|p1a: Slurpuff|Salt Cure\n|\n|-damage|p1a: Slurpuff|34\/100|[from] Salt Cure\n|upkeep\n|turn|30\n|\n|t:|1701020514\n|switch|p2a: Dondozo|Dondozo, F|86\/100\n|move|p1a: Slurpuff|Drain Punch|p2a: Dondozo\n|-damage|p2a: Dondozo|78\/100\n|-heal|p1a: Slurpuff|41\/100|[from] drain|[of] p2a: Dondozo\n|\n|-damage|p1a: Slurpuff|28\/100|[from] Salt Cure\n|upkeep\n|turn|31\n|\n|t:|1701020523\n|move|p1a: Slurpuff|Secret Power|p2a: Dondozo\n|-damage|p2a: Dondozo|70\/100\n|move|p2a: Dondozo|Liquidation|p1a: Slurpuff\n|-damage|p1a: Slurpuff|0 fnt\n|faint|p1a: Slurpuff\n|\n|upkeep\n|\n|t:|1701020531\n|switch|p1a: Tornadus|Tornadus-Therian, M|100\/100\n|turn|32\n|\n|t:|1701020535\n|switch|p2a: Chansey|Chansey, F|94\/100\n|-damage|p2a: Chansey|82\/100|[from] Stealth Rock\n|-damage|p2a: Chansey|65\/100|[from] Spikes\n|move|p1a: Tornadus|Nasty Plot|p1a: Tornadus\n|-boost|p1a: Tornadus|spa|2\n|\n|upkeep\n|turn|33\n|\n|t:|1701020546\n|move|p1a: Tornadus|Air Slash|p2a: Chansey\n|-damage|p2a: Chansey|45\/100\n|move|p2a: Chansey|Toxic|p1a: Tornadus\n|-status|p1a: Tornadus|tox\n|\n|-damage|p1a: Tornadus|94\/100 tox|[from] psn\n|upkeep\n|turn|34\n|inactive|Zanty-Chan has 240 seconds left.\n|\n|t:|1701020552\n|move|p1a: Tornadus|Air Slash|p2a: Chansey\n|-damage|p2a: Chansey|24\/100\n|move|p2a: Chansey|Seismic Toss|p1a: Tornadus\n|-damage|p1a: Tornadus|61\/100 tox\n|\n|-damage|p1a: Tornadus|49\/100 tox|[from] psn\n|upkeep\n|turn|35\n|\n|t:|1701020559\n|move|p1a: Tornadus|Air Slash|p2a: Chansey\n|-damage|p2a: Chansey|2\/100\n|cant|p2a: Chansey|flinch\n|\n|-damage|p1a: Tornadus|31\/100 tox|[from] psn\n|upkeep\n|turn|36\n|\n|t:|1701020565\n|move|p1a: Tornadus|U-turn|p2a: Chansey\n|-damage|p2a: Chansey|0 fnt\n|faint|p2a: Chansey\n|\n|t:|1701020580\n|switch|p1a: Ditto|Ditto|46\/100|[from] U-turn\n|-damage|p1a: Ditto|33\/100|[from] Stealth Rock\n|\n|upkeep\n|\n|t:|1701020594\n|switch|p2a: Cresselia|Cresselia, F|99\/100\n|-damage|p2a: Cresselia|88\/100|[from] Stealth Rock\n|turn|37\n|\n|t:|1701020599\n|move|p1a: Ditto|Transform|p2a: Cresselia\n|-transform|p1a: Ditto|p2a: Cresselia\n|move|p2a: Cresselia|Calm Mind|p2a: Cresselia\n|-boost|p2a: Cresselia|spa|1\n|-boost|p2a: Cresselia|spd|1\n|\n|upkeep\n|turn|38\n|inactive|Zanty-Chan has 270 seconds left.\n|\n|t:|1701020608\n|move|p1a: Ditto|Moonlight|p1a: Ditto\n|-heal|p1a: Ditto|83\/100\n|move|p2a: Cresselia|Calm Mind|p2a: Cresselia\n|-boost|p2a: Cresselia|spa|1\n|-boost|p2a: Cresselia|spd|1\n|\n|upkeep\n|turn|39\n|\n|t:|1701020618\n|switch|p1a: Porygon-Z|Porygon-Z|100\/100\n|-damage|p1a: Porygon-Z|88\/100|[from] Stealth Rock\n|-ability|p1a: Porygon-Z|Download|boost\n|-boost|p1a: Porygon-Z|atk|1\n|move|p2a: Cresselia|Calm Mind|p2a: Cresselia\n|-boost|p2a: Cresselia|spa|1\n|-boost|p2a: Cresselia|spd|1\n|\n|upkeep\n|turn|40\n|\n|t:|1701020622\n|-zpower|p1a: Porygon-Z\n|move|p1a: Porygon-Z|Z-Conversion|p1a: Porygon-Z|[anim]Conversion\n|-boost|p1a: Porygon-Z|atk|1|[zeffect]\n|-boost|p1a: Porygon-Z|def|1|[zeffect]\n|-boost|p1a: Porygon-Z|spa|1|[zeffect]\n|-boost|p1a: Porygon-Z|spd|1|[zeffect]\n|-boost|p1a: Porygon-Z|spe|1|[zeffect]\n|-start|p1a: Porygon-Z|typechange|Ghost\n|move|p2a: Cresselia|Stored Power|p1a: Porygon-Z\n|-damage|p1a: Porygon-Z|0 fnt\n|faint|p1a: Porygon-Z\n|\n|upkeep\n|\n|t:|1701020627\n|switch|p1a: Ditto|Ditto|83\/100\n|-damage|p1a: Ditto|71\/100|[from] Stealth Rock\n|-transform|p1a: Ditto|p2a: Cresselia|[from] ability: Imposter\n|turn|41\n|\n|t:|1701020642\n|move|p1a: Ditto|Moonblast|p2a: Cresselia\n|-damage|p2a: Cresselia|76\/100\n|-unboost|p2a: Cresselia|spa|1\n|move|p2a: Cresselia|Calm Mind|p2a: Cresselia\n|-boost|p2a: Cresselia|spa|1\n|-boost|p2a: Cresselia|spd|1\n|\n|upkeep\n|turn|42\n|\n|t:|1701020650\n|move|p1a: Ditto|Moonblast|p2a: Cresselia\n|-damage|p2a: Cresselia|66\/100\n|move|p2a: Cresselia|Calm Mind|p2a: Cresselia\n|-boost|p2a: Cresselia|spa|1\n|-boost|p2a: Cresselia|spd|1\n|\n|upkeep\n|turn|43\n|\n|t:|1701020655\n|move|p1a: Ditto|Moonblast|p2a: Cresselia\n|-damage|p2a: Cresselia|57\/100\n|move|p2a: Cresselia|Calm Mind|p2a: Cresselia\n|-boost|p2a: Cresselia|spa|1\n|-boost|p2a: Cresselia|spd|1\n|\n|upkeep\n|turn|44\n|\n|t:|1701020663\n|move|p1a: Ditto|Moonblast|p2a: Cresselia\n|-damage|p2a: Cresselia|50\/100\n|move|p2a: Cresselia|Stored Power|p1a: Ditto\n|-resisted|p1a: Ditto\n|-damage|p1a: Ditto|17\/100\n|\n|upkeep\n|turn|45\n|\n|t:|1701020674\n|switch|p1a: Tornadus|Tornadus-Therian, M|64\/100 tox\n|move|p2a: Cresselia|Stored Power|p1a: Tornadus\n|-damage|p1a: Tornadus|0 fnt\n|faint|p1a: Tornadus\n|\n|upkeep\n|\n|t:|1701020676\n|switch|p1a: Ditto|Ditto|17\/100\n|-damage|p1a: Ditto|4\/100|[from] Stealth Rock\n|-transform|p1a: Ditto|p2a: Cresselia|[from] ability: Imposter\n|turn|46\n|\n|t:|1701020687\n|move|p1a: Ditto|Stored Power|p2a: Cresselia\n|-resisted|p2a: Cresselia\n|-damage|p2a: Cresselia|33\/100\n|move|p2a: Cresselia|Stored Power|p1a: Ditto\n|-resisted|p1a: Ditto\n|-damage|p1a: Ditto|0 fnt\n|faint|p1a: Ditto\n|\n|win|Arnaenaed \u223e\n","uploadtime":1701020693,"views":14,"p1id":"zantychan","p2id":"arnaenaed","formatid":"gen9nationaldex","rating":0,"private":0,"password":""}