{"id":"gen9nationaldex-1996607736","p1":"yanami-sleep","p2":"bob_0728","format":"[Gen 9] National Dex","log":"|html|<div class=\"broadcast-blue\"><strong>[Gen 9] National Dex is currently suspecting Sneasler! For information on how to participate check out the <a href=\"https:\/\/www.smogon.com\/forums\/threads\/sv-national-dex-suspect-8-just-dance.3731534\/\">suspect thread<\/a>.<\/strong><\/div>\n|j|\u2606yanami-sleep\n|j|\u2606bob_0728\n|t:|1700699995\n|gametype|singles\n|player|p1|yanami-sleep|dawn-masters3|1552\n|player|p2|bob_0728|2|1520\n|teamsize|p1|6\n|teamsize|p2|6\n|gen|9\n|tier|[Gen 9] National Dex\n|rated|\n|rule|HP Percentage Mod: HP is shown in percentages\n|rule|Endless Battle Clause: Forcing endless battles is banned\n|rule|OHKO Clause: OHKO moves are banned\n|rule|Evasion Clause: Evasion abilities, items, and moves are banned\n|rule|Evasion Abilities Clause: Evasion abilities are banned\n|rule|Evasion Items Clause: Evasion items are banned\n|rule|Evasion Moves Clause: Evasion moves are banned\n|rule|Species Clause: Limit one of each Pok\u00e9mon\n|rule|Sleep Clause Mod: Limit one foe put to sleep\n|clearpoke\n|poke|p1|Tapu Koko|\n|poke|p1|Ditto|\n|poke|p1|Great Tusk|\n|poke|p1|Heatran, M|\n|poke|p1|Dragonite, M|\n|poke|p1|Sinistcha-Masterpiece|\n|poke|p2|Landorus-Therian, M|\n|poke|p2|Tapu Lele|\n|poke|p2|Sneasler, M|\n|poke|p2|Zamazenta-*|\n|poke|p2|Heatran, F|\n|poke|p2|Garchomp, M|\n|teampreview\n|\n|t:|1700700003\n|start\n|switch|p1a: Great Tusk|Great Tusk|100\/100\n|switch|p2a: Tapu Lele|Tapu Lele|100\/100\n|-fieldstart|move: Psychic Terrain|[from] ability: Psychic Surge|[of] p2a: Tapu Lele\n|turn|1\n|inactive|Battle timer is ON: inactive players will automatically lose when time's up. (requested by yanami-sleep)\n|\n|t:|1700700012\n|-end|p1a: Great Tusk|Protosynthesis|[silent]\n|switch|p1a: Heatran|Heatran, M|100\/100\n|move|p2a: Tapu Lele|Psychic|p1a: Heatran\n|-resisted|p1a: Heatran\n|-damage|p1a: Heatran|82\/100\n|\n|-heal|p1a: Heatran|89\/100|[from] item: Leftovers\n|upkeep\n|turn|2\n|\n|t:|1700700016\n|-zpower|p2a: Tapu Lele\n|move|p2a: Tapu Lele|All-Out Pummeling|p1a: Heatran|[zeffect]\n|-supereffective|p1a: Heatran\n|-damage|p1a: Heatran|13\/100\n|move|p1a: Heatran|Earth Power|p2a: Tapu Lele\n|-damage|p2a: Tapu Lele|71\/100\n|\n|-heal|p1a: Heatran|20\/100|[from] item: Leftovers\n|upkeep\n|turn|3\n|\n|t:|1700700023\n|move|p2a: Tapu Lele|Psychic|p1a: Heatran\n|-resisted|p1a: Heatran\n|-damage|p1a: Heatran|0 fnt\n|faint|p1a: Heatran\n|\n|upkeep\n|\n|t:|1700700026\n|switch|p1a: Tapu Koko|Tapu Koko|100\/100\n|-fieldstart|move: Electric Terrain|[from] ability: Electric Surge|[of] p1a: Tapu Koko\n|turn|4\n|inactive|bob_0728 has 120 seconds left.\n|\n|t:|1700700061\n|switch|p2a: Landorus|Landorus-Therian, M|100\/100\n|-ability|p2a: Landorus|Intimidate|boost\n|-unboost|p1a: Tapu Koko|atk|1\n|move|p1a: Tapu Koko|Hidden Power|p2a: Landorus\n|-supereffective|p2a: Landorus\n|-damage|p2a: Landorus|25\/100\n|\n|upkeep\n|turn|5\n|\n|t:|1700700064\n|switch|p2a: \u7a76\u6781\u65e0\u654c\u5927\u5e9f\u7269|Heatran, F|100\/100\n|move|p1a: Tapu Koko|Hidden Power|p2a: \u7a76\u6781\u65e0\u654c\u5927\u5e9f\u7269\n|-resisted|p2a: \u7a76\u6781\u65e0\u654c\u5927\u5e9f\u7269\n|-damage|p2a: \u7a76\u6781\u65e0\u654c\u5927\u5e9f\u7269|98\/100\n|\n|upkeep\n|turn|6\n|\n|t:|1700700067\n|move|p1a: Tapu Koko|Volt Switch|p2a: \u7a76\u6781\u65e0\u654c\u5927\u5e9f\u7269\n|-damage|p2a: \u7a76\u6781\u65e0\u654c\u5927\u5e9f\u7269|74\/100\n|\n|t:|1700700078\n|switch|p1a: Dragonite|Dragonite, M|100\/100|[from] Volt Switch\n|move|p2a: \u7a76\u6781\u65e0\u654c\u5927\u5e9f\u7269|Magma Storm|p1a: Dragonite\n|-resisted|p1a: Dragonite\n|-damage|p1a: Dragonite|92\/100\n|-activate|p1a: Dragonite|move: Magma Storm|[of] p2a: \u7a76\u6781\u65e0\u654c\u5927\u5e9f\u7269\n|\n|-damage|p1a: Dragonite|79\/100|[from] move: Magma Storm|[partiallytrapped]\n|upkeep\n|turn|7\n|\n|t:|1700700084\n|move|p1a: Dragonite|Earthquake|p2a: \u7a76\u6781\u65e0\u654c\u5927\u5e9f\u7269\n|-supereffective|p2a: \u7a76\u6781\u65e0\u654c\u5927\u5e9f\u7269\n|-damage|p2a: \u7a76\u6781\u65e0\u654c\u5927\u5e9f\u7269|0 fnt\n|faint|p2a: \u7a76\u6781\u65e0\u654c\u5927\u5e9f\u7269\n|\n|-end|p1a: Dragonite|Magma Storm|[partiallytrapped]|[silent]\n|upkeep\n|\n|t:|1700700087\n|switch|p2a: Tapu Lele|Tapu Lele|71\/100\n|-fieldstart|move: Psychic Terrain|[from] ability: Psychic Surge|[of] p2a: Tapu Lele\n|turn|8\n|\n|t:|1700700099\n|switch|p1a: Ditto|Ditto|100\/100\n|-transform|p1a: Ditto|p2a: Tapu Lele|[from] ability: Imposter\n|move|p2a: Tapu Lele|Moonblast|p1a: Ditto\n|-damage|p1a: Ditto|53\/100\n|\n|upkeep\n|turn|9\n|\n|t:|1700700105\n|move|p1a: Ditto|Moonblast|p2a: Tapu Lele\n|-damage|p2a: Tapu Lele|20\/100\n|-unboost|p2a: Tapu Lele|spa|1\n|move|p2a: Tapu Lele|Moonblast|p1a: Ditto\n|-damage|p1a: Ditto|21\/100\n|\n|upkeep\n|turn|10\n|\n|t:|1700700109\n|switch|p2a: Sneasler|Sneasler, M|100\/100\n|-enditem|p2a: Sneasler|Psychic Seed\n|-boost|p2a: Sneasler|spd|1|[from] item: Psychic Seed\n|move|p1a: Ditto|Moonblast|p2a: Sneasler\n|-damage|p2a: Sneasler|57\/100\n|\n|upkeep\n|turn|11\n|\n|t:|1700700115\n|switch|p1a: Great Tusk|Great Tusk|100\/100\n|move|p2a: Sneasler|Swords Dance|p2a: Sneasler\n|-boost|p2a: Sneasler|atk|2\n|\n|upkeep\n|turn|12\n|\n|t:|1700700122\n|-terastallize|p2a: Sneasler|Flying\n|-terastallize|p1a: Great Tusk|Water\n|move|p2a: Sneasler|Acrobatics|p1a: Great Tusk\n|-damage|p1a: Great Tusk|30\/100\n|move|p1a: Great Tusk|Ice Spinner|p2a: Sneasler\n|-supereffective|p2a: Sneasler\n|-damage|p2a: Sneasler|0 fnt\n|-fieldend|move: Psychic Terrain\n|faint|p2a: Sneasler\n|\n|-heal|p1a: Great Tusk|36\/100|[from] item: Leftovers\n|upkeep\n|\n|t:|1700700129\n|switch|p2a: Tapu Lele|Tapu Lele|20\/100\n|-fieldstart|move: Psychic Terrain|[from] ability: Psychic Surge|[of] p2a: Tapu Lele\n|turn|13\n|\n|t:|1700700138\n|move|p2a: Tapu Lele|Psychic|p1a: Great Tusk\n|-damage|p1a: Great Tusk|0 fnt\n|faint|p1a: Great Tusk\n|-end|p1a: Great Tusk|Protosynthesis|[silent]\n|\n|upkeep\n|\n|t:|1700700140\n|switch|p1a: Ditto|Ditto|21\/100\n|-transform|p1a: Ditto|p2a: Tapu Lele|[from] ability: Imposter\n|turn|14\n|\n|t:|1700700151\n|move|p1a: Ditto|Moonblast|p2a: Tapu Lele\n|-damage|p2a: Tapu Lele|0 fnt\n|faint|p2a: Tapu Lele\n|\n|upkeep\n|\n|t:|1700700153\n|switch|p2a: Landorus|Landorus-Therian, M|25\/100\n|-ability|p2a: Landorus|Intimidate|boost\n|-unboost|p1a: Ditto|atk|1\n|turn|15\n|\n|t:|1700700156\n|move|p1a: Ditto|Moonblast|p2a: Landorus\n|-damage|p2a: Landorus|0 fnt\n|faint|p2a: Landorus\n|\n|upkeep\n|\n|t:|1700700158\n|switch|p2a: Garchomp|Garchomp, M|100\/100\n|turn|16\n|\n|t:|1700700160\n|move|p1a: Ditto|Moonblast|p2a: Garchomp\n|-supereffective|p2a: Garchomp\n|-damage|p2a: Garchomp|0 fnt\n|faint|p2a: Garchomp\n|\n|upkeep\n|\n|t:|1700700162\n|switch|p2a: Zamazenta|Zamazenta|100\/100\n|-ability|p2a: Zamazenta|Dauntless Shield|boost\n|-boost|p2a: Zamazenta|def|1\n|turn|17\n|\n|t:|1700700164\n|move|p1a: Ditto|Moonblast|p2a: Zamazenta\n|-supereffective|p2a: Zamazenta\n|-damage|p2a: Zamazenta|18\/100\n|move|p2a: Zamazenta|Body Press|p1a: Ditto\n|-resisted|p1a: Ditto\n|-damage|p1a: Ditto|5\/100\n|\n|-heal|p2a: Zamazenta|25\/100|[from] item: Leftovers\n|-fieldend|move: Psychic Terrain\n|upkeep\n|turn|18\n|\n|t:|1700700166\n|move|p1a: Ditto|Moonblast|p2a: Zamazenta\n|-supereffective|p2a: Zamazenta\n|-damage|p2a: Zamazenta|0 fnt\n|faint|p2a: Zamazenta\n|\n|win|yanami-sleep\n|raw|yanami-sleep's rating: 1552 &rarr; <strong>1569<\/strong><br \/>(+17 for winning)\n|raw|bob_0728's rating: 1500 &rarr; <strong>1483<\/strong><br \/>(-17 for losing)\n|l|\u2606bob_0728\n","uploadtime":1700700184,"views":8,"p1id":"yanamisleep","p2id":"bob0728","formatid":"gen9nationaldex","rating":1483,"private":0,"password":""}