{"id":"gen9nationaldex-1995304071","p1":"Lemickey is mid","p2":"NDSNEZFurinaGaming","format":"[Gen 9] National Dex","log":"|html|<div class=\"broadcast-blue\"><strong>[Gen 9] National Dex is currently suspecting Sneasler! For information on how to participate check out the <a href=\"https:\/\/www.smogon.com\/forums\/threads\/sv-national-dex-suspect-8-just-dance.3731534\/\">suspect thread<\/a>.<\/strong><\/div>\n|j|\u2606Lemickey is mid\n|j|\u2606NDSNEZFurinaGaming\n|t:|1700550247\n|gametype|singles\n|player|p1|Lemickey is mid|266|1128\n|player|p2|NDSNEZFurinaGaming|winona|1220\n|teamsize|p1|6\n|teamsize|p2|6\n|gen|9\n|tier|[Gen 9] National Dex\n|rated|\n|rule|HP Percentage Mod: HP is shown in percentages\n|rule|Endless Battle Clause: Forcing endless battles is banned\n|rule|OHKO Clause: OHKO moves are banned\n|rule|Evasion Clause: Evasion abilities, items, and moves are banned\n|rule|Evasion Abilities Clause: Evasion abilities are banned\n|rule|Evasion Items Clause: Evasion items are banned\n|rule|Evasion Moves Clause: Evasion moves are banned\n|rule|Species Clause: Limit one of each Pok\u00e9mon\n|rule|Sleep Clause Mod: Limit one foe put to sleep\n|clearpoke\n|poke|p1|Zoroark-Hisui, M|\n|poke|p1|Hatterene, F|\n|poke|p1|Kartana|\n|poke|p1|Glimmora, M|\n|poke|p1|Tyranitar, F|\n|poke|p1|Gliscor, M|\n|poke|p2|Sneasler, M|\n|poke|p2|Tapu Koko|\n|poke|p2|Gyarados, F|\n|poke|p2|Volcarona, M|\n|poke|p2|Tapu Lele|\n|poke|p2|Iron Valiant|\n|teampreview\n|inactive|Battle timer is ON: inactive players will automatically lose when time's up. (requested by Lemickey is mid)\n|\n|t:|1700550258\n|start\n|switch|p1a: Glimmora|Glimmora, M, shiny|100\/100\n|switch|p2a: Tapu Koko|Tapu Koko|100\/100\n|-fieldstart|move: Electric Terrain|[from] ability: Electric Surge|[of] p2a: Tapu Koko\n|turn|1\n|\n|t:|1700550266\n|move|p2a: Tapu Koko|Light Screen|p2a: Tapu Koko\n|-sidestart|p2: NDSNEZFurinaGaming|move: Light Screen\n|move|p1a: Glimmora|Spikes|p2a: Tapu Koko\n|-sidestart|p2: NDSNEZFurinaGaming|Spikes\n|\n|upkeep\n|turn|2\n|\n|t:|1700550271\n|move|p2a: Tapu Koko|Taunt|p1a: Glimmora\n|-start|p1a: Glimmora|move: Taunt\n|cant|p1a: Glimmora|move: Taunt|Spikes\n|\n|upkeep\n|turn|3\n|\n|t:|1700550276\n|move|p2a: Tapu Koko|Reflect|p2a: Tapu Koko\n|-sidestart|p2: NDSNEZFurinaGaming|Reflect\n|move|p1a: Glimmora|Mortal Spin|p2a: Tapu Koko\n|-supereffective|p2a: Tapu Koko\n|-damage|p2a: Tapu Koko|94\/100\n|-status|p2a: Tapu Koko|psn\n|\n|-damage|p2a: Tapu Koko|81\/100 psn|[from] psn\n|upkeep\n|turn|4\n|\n|t:|1700550285\n|move|p2a: Tapu Koko|U-turn|p1a: Glimmora\n|-resisted|p1a: Glimmora\n|-damage|p1a: Glimmora|92\/100\n|-activate|p1a: Glimmora|ability: Toxic Debris\n|-sidestart|p2: NDSNEZFurinaGaming|move: Toxic Spikes\n|\n|t:|1700550298\n|switch|p2a: Gyarados|Gyarados, F|100\/100|[from] U-turn\n|-ability|p2a: Gyarados|Intimidate|boost\n|-unboost|p1a: Glimmora|atk|1\n|move|p1a: Glimmora|Earth Power|p2a: Gyarados\n|-immune|p2a: Gyarados\n|\n|-heal|p1a: Glimmora|98\/100|[from] item: Leftovers\n|-end|p1a: Glimmora|move: Taunt\n|upkeep\n|turn|5\n|\n|t:|1700550319\n|switch|p1a: Kartana|Kartana, shiny|100\/100\n|move|p2a: Gyarados|Dragon Dance|p2a: Gyarados\n|-boost|p2a: Gyarados|atk|1\n|-boost|p2a: Gyarados|spe|1\n|\n|-fieldend|move: Electric Terrain\n|upkeep\n|turn|6\n|\n|t:|1700550328\n|move|p2a: Gyarados|Dragon Dance|p2a: Gyarados\n|-boost|p2a: Gyarados|atk|1\n|-boost|p2a: Gyarados|spe|1\n|move|p1a: Kartana|Tailwind|p1a: Kartana\n|-sidestart|p1: Lemickey is mid|move: Tailwind\n|\n|upkeep\n|turn|7\n|\n|t:|1700550336\n|move|p1a: Kartana|Knock Off|p2a: Gyarados\n|-damage|p2a: Gyarados|84\/100\n|move|p2a: Gyarados|Dragon Dance|p2a: Gyarados\n|-boost|p2a: Gyarados|atk|1\n|-boost|p2a: Gyarados|spe|1\n|\n|upkeep\n|turn|8\n|\n|t:|1700550344\n|move|p2a: Gyarados|Dragon Dance|p2a: Gyarados\n|-boost|p2a: Gyarados|atk|1\n|-boost|p2a: Gyarados|spe|1\n|move|p1a: Kartana|Smart Strike|p2a: Gyarados\n|-resisted|p2a: Gyarados\n|-damage|p2a: Gyarados|71\/100\n|\n|-sideend|p2: NDSNEZFurinaGaming|move: Light Screen\n|upkeep\n|turn|9\n|\n|t:|1700550353\n|move|p2a: Gyarados|Dragon Dance|p2a: Gyarados\n|-boost|p2a: Gyarados|atk|1\n|-boost|p2a: Gyarados|spe|1\n|move|p1a: Kartana|Knock Off|p2a: Gyarados\n|-damage|p2a: Gyarados|53\/100\n|\n|-sideend|p1: Lemickey is mid|move: Tailwind\n|upkeep\n|turn|10\n|\n|t:|1700550365\n|move|p2a: Gyarados|Crunch|p1a: Kartana\n|-damage|p1a: Kartana|2\/100\n|move|p1a: Kartana|Tailwind|p1a: Kartana\n|-sidestart|p1: Lemickey is mid|move: Tailwind\n|\n|-sideend|p2: NDSNEZFurinaGaming|Reflect\n|upkeep\n|turn|11\n|\n|t:|1700550374\n|move|p2a: Gyarados|Crunch|p1a: Kartana\n|-damage|p1a: Kartana|0 fnt\n|faint|p1a: Kartana\n|\n|upkeep\n|\n|t:|1700550379\n|switch|p1a: Tyranitar|Tyranitar, F|100\/100\n|-weather|Sandstorm|[from] ability: Sand Stream|[of] p1a: Tyranitar\n|turn|12\n|\n|t:|1700550388\n|detailschange|p2a: Gyarados|Gyarados-Mega, F\n|-mega|p2a: Gyarados|Gyarados|Gyaradosite\n|-ability|p2a: Gyarados|Mold Breaker\n|move|p2a: Gyarados|Waterfall|p1a: Tyranitar\n|-supereffective|p1a: Tyranitar\n|-damage|p1a: Tyranitar|0 fnt\n|faint|p1a: Tyranitar\n|\n|-weather|Sandstorm|[upkeep]\n|-damage|p2a: Gyarados|47\/100|[from] Sandstorm\n|upkeep\n|\n|t:|1700550400\n|switch|p1a: Gliscor|Gliscor, M|100\/100\n|turn|13\n|\n|t:|1700550409\n|-terastallize|p1a: Gliscor|Grass\n|move|p2a: Gyarados|Crunch|p1a: Gliscor\n|-damage|p1a: Gliscor|0 fnt\n|faint|p1a: Gliscor\n|\n|-weather|Sandstorm|[upkeep]\n|-damage|p2a: Gyarados|41\/100|[from] Sandstorm\n|-sideend|p1: Lemickey is mid|move: Tailwind\n|upkeep\n|-message|Lemickey is mid forfeited.\n|\n|win|NDSNEZFurinaGaming\n|raw|Lemickey is mid's rating: 1128 &rarr; <strong>1109<\/strong><br \/>(-19 for losing)\n|raw|NDSNEZFurinaGaming's rating: 1220 &rarr; <strong>1239<\/strong><br \/>(+19 for winning)\n|l|\u2606Lemickey is mid\n","uploadtime":1700550466,"views":3,"p1id":"lemickeyismid","p2id":"ndsnezfurinagaming","formatid":"gen9nationaldex","rating":1109,"private":0,"password":""}