{"id":"gen9nationaldex-1988959678","p1":"vexolos","p2":"Nugget2277","format":"[Gen 9] National Dex","log":"|j|\u2606vexolos\n|j|\u2606Nugget2277\n|t:|1699794759\n|gametype|singles\n|player|p1|vexolos|teamrocket|1124\n|player|p2|Nugget2277|red|1078\n|teamsize|p1|6\n|teamsize|p2|6\n|gen|9\n|tier|[Gen 9] National Dex\n|rated|\n|rule|HP Percentage Mod: HP is shown in percentages\n|rule|Endless Battle Clause: Forcing endless battles is banned\n|rule|OHKO Clause: OHKO moves are banned\n|rule|Evasion Clause: Evasion abilities, items, and moves are banned\n|rule|Evasion Abilities Clause: Evasion abilities are banned\n|rule|Evasion Items Clause: Evasion items are banned\n|rule|Evasion Moves Clause: Evasion moves are banned\n|rule|Species Clause: Limit one of each Pok\u00e9mon\n|rule|Sleep Clause Mod: Limit one foe put to sleep\n|clearpoke\n|poke|p1|Charizard, M|\n|poke|p1|Gengar, M|\n|poke|p1|Iron Valiant|\n|poke|p1|Serperior, F|\n|poke|p1|Blastoise, M|\n|poke|p1|Scizor, M|\n|poke|p2|Lopunny, F|\n|poke|p2|Garganacl, M|\n|poke|p2|Toxapex, F|\n|poke|p2|Moltres|\n|poke|p2|Iron Treads|\n|poke|p2|Tapu Lele|\n|teampreview\n|inactive|Battle timer is ON: inactive players will automatically lose when time's up. (requested by vexolos)\n|\n|t:|1699794804\n|start\n|switch|p1a: Charizard|Charizard, M, shiny|100\/100\n|switch|p2a: Moltres|Moltres|100\/100\n|turn|1\n|inactive|Nugget2277 has 120 seconds left.\n|\n|t:|1699794844\n|detailschange|p1a: Charizard|Charizard-Mega-Y, M, shiny\n|-mega|p1a: Charizard|Charizard|Charizardite Y\n|-weather|SunnyDay|[from] ability: Drought|[of] p1a: Charizard\n|move|p1a: Charizard|Flamethrower|p2a: Moltres\n|-resisted|p2a: Moltres\n|-damage|p2a: Moltres|70\/100\n|move|p2a: Moltres|U-turn|p1a: Charizard\n|-resisted|p1a: Charizard\n|-damage|p1a: Charizard|95\/100\n|\n|t:|1699794852\n|switch|p2a: Toxapex|Toxapex, F|100\/100|[from] U-turn\n|\n|-weather|SunnyDay|[upkeep]\n|upkeep\n|turn|2\n|inactive|Nugget2277 has 120 seconds left.\n|\n|t:|1699794871\n|switch|p2a: Moltres|Moltres|70\/100\n|move|p1a: Charizard|Scorching Sands|p2a: Moltres\n|-immune|p2a: Moltres\n|\n|-weather|SunnyDay|[upkeep]\n|upkeep\n|turn|3\n|\n|t:|1699794877\n|move|p1a: Charizard|Flamethrower|p2a: Moltres\n|-resisted|p2a: Moltres\n|-damage|p2a: Moltres|39\/100\n|move|p2a: Moltres|Roost|p2a: Moltres\n|-heal|p2a: Moltres|90\/100\n|-singleturn|p2a: Moltres|move: Roost\n|\n|-weather|SunnyDay|[upkeep]\n|upkeep\n|turn|4\n|inactive|Nugget2277 has 120 seconds left.\n|\n|t:|1699794896\n|move|p1a: Charizard|Flamethrower|p2a: Moltres\n|-resisted|p2a: Moltres\n|-damage|p2a: Moltres|62\/100\n|move|p2a: Moltres|Flamethrower|p1a: Charizard\n|-resisted|p1a: Charizard\n|-damage|p1a: Charizard|68\/100\n|\n|-weather|SunnyDay|[upkeep]\n|upkeep\n|turn|5\n|\n|t:|1699794904\n|move|p1a: Charizard|Flamethrower|p2a: Moltres\n|-resisted|p2a: Moltres\n|-crit|p2a: Moltres\n|-damage|p2a: Moltres|20\/100\n|move|p2a: Moltres|Roost|p2a: Moltres\n|-heal|p2a: Moltres|70\/100\n|-singleturn|p2a: Moltres|move: Roost\n|\n|-weather|none\n|upkeep\n|turn|6\n|\n|t:|1699794912\n|move|p1a: Charizard|Flamethrower|p2a: Moltres\n|-resisted|p2a: Moltres\n|-damage|p2a: Moltres|50\/100\n|move|p2a: Moltres|U-turn|p1a: Charizard\n|-resisted|p1a: Charizard\n|-damage|p1a: Charizard|62\/100\n|\n|t:|1699794915\n|switch|p2a: Toxapex|Toxapex, F|100\/100|[from] U-turn\n|\n|upkeep\n|turn|7\n|\n|t:|1699794921\n|switch|p2a: Moltres|Moltres|50\/100\n|move|p1a: Charizard|Scorching Sands|p2a: Moltres\n|-immune|p2a: Moltres\n|\n|upkeep\n|turn|8\n|\n|t:|1699794927\n|move|p1a: Charizard|Flamethrower|p2a: Moltres\n|-resisted|p2a: Moltres\n|-damage|p2a: Moltres|31\/100\n|move|p2a: Moltres|Roost|p2a: Moltres\n|-heal|p2a: Moltres|81\/100\n|-singleturn|p2a: Moltres|move: Roost\n|\n|upkeep\n|turn|9\n|\n|t:|1699794945\n|switch|p2a: Toxapex|Toxapex, F|100\/100\n|move|p1a: Charizard|Flamethrower|p2a: Toxapex\n|-resisted|p2a: Toxapex\n|-damage|p2a: Toxapex|79\/100\n|-status|p2a: Toxapex|brn\n|\n|-damage|p2a: Toxapex|73\/100 brn|[from] brn\n|upkeep\n|turn|10\n|\n|t:|1699794954\n|switch|p2a: Tapu Lele|Tapu Lele|100\/100\n|-fieldstart|move: Psychic Terrain|[from] ability: Psychic Surge|[of] p2a: Tapu Lele\n|move|p1a: Charizard|Scorching Sands|p2a: Tapu Lele\n|-damage|p2a: Tapu Lele|72\/100\n|\n|upkeep\n|turn|11\n|\n|t:|1699794963\n|move|p2a: Tapu Lele|Psychic|p1a: Charizard\n|-damage|p1a: Charizard|4\/100\n|move|p1a: Charizard|Flamethrower|p2a: Tapu Lele\n|-damage|p2a: Tapu Lele|12\/100\n|\n|upkeep\n|turn|12\n|\n|t:|1699794969\n|move|p2a: Tapu Lele|Psychic|p1a: Charizard\n|-damage|p1a: Charizard|0 fnt\n|faint|p1a: Charizard\n|\n|upkeep\n|\n|t:|1699794975\n|switch|p1a: Scizor|Scizor, M|100\/100\n|turn|13\n|\n|t:|1699794987\n|switch|p2a: Moltres|Moltres|81\/100\n|move|p1a: Scizor|Swords Dance|p1a: Scizor\n|-boost|p1a: Scizor|atk|2\n|\n|upkeep\n|turn|14\n|c|\u2606vexolos|BYE TAPU LELE\n|\n|t:|1699794995\n|move|p1a: Scizor|Bullet Punch|p2a: Moltres\n|-hint|Psychic Terrain doesn't affect Pok\u00e9mon immune to Ground.\n|-resisted|p2a: Moltres\n|-damage|p2a: Moltres|36\/100\n|-damage|p1a: Scizor|91\/100|[from] item: Life Orb\n|move|p2a: Moltres|Flamethrower|p1a: Scizor\n|-supereffective|p1a: Scizor\n|-damage|p1a: Scizor|0 fnt\n|faint|p1a: Scizor\n|\n|-fieldend|move: Psychic Terrain\n|upkeep\n|c|\u2606vexolos|mid\n|\n|t:|1699795010\n|switch|p1a: Blastoise|Blastoise, M|100\/100\n|turn|15\n|\n|t:|1699795017\n|switch|p2a: Toxapex|Toxapex, F|100\/100 brn\n|move|p1a: Blastoise|Shell Smash|p1a: Blastoise\n|-unboost|p1a: Blastoise|def|1\n|-unboost|p1a: Blastoise|spd|1\n|-boost|p1a: Blastoise|atk|2\n|-boost|p1a: Blastoise|spa|2\n|-boost|p1a: Blastoise|spe|2\n|-enditem|p1a: Blastoise|White Herb\n|-clearnegativeboost|p1a: Blastoise|[silent]\n|\n|-damage|p2a: Toxapex|95\/100 brn|[from] brn\n|upkeep\n|turn|16\n|c|\u2606vexolos|!weakness toxapex\n|c| vexolos|\/raw <div class=\"infobox\">Toxapex (ignoring abilities):<br \/><span class=\"message-effect-weak\">Weaknesses<\/span>: Electric, Ground, Psychic<br \/><span class=\"message-effect-resist\">Resistances<\/span>: Bug, Fairy, Fighting, Fire, Ice, Poison, Steel, Water<br \/><span class=\"message-effect-immune\">Immunities<\/span>: Toxic<\/div>\n|c|\u2606vexolos|:\/\n|inactive|Nugget2277 has 120 seconds left.\n|\n|t:|1699795055\n|switch|p2a: Moltres|Moltres|36\/100\n|move|p1a: Blastoise|Surf|p2a: Moltres\n|-supereffective|p2a: Moltres\n|-damage|p2a: Moltres|0 fnt\n|faint|p2a: Moltres\n|\n|upkeep\n|c|\u2606vexolos|YEAH\n|c|\u2606vexolos|FUCK THAT CHICKEN NUGGET BIRD\n|inactive|Nugget2277 has 90 seconds left.\n|\n|t:|1699795089\n|switch|p2a: Garganacl|Garganacl, M|100\/100\n|turn|17\n|\n|t:|1699795094\n|-terastallize|p2a: Garganacl|Water\n|move|p1a: Blastoise|Surf|p2a: Garganacl\n|-resisted|p2a: Garganacl\n|-damage|p2a: Garganacl|77\/100\n|move|p2a: Garganacl|Salt Cure|p1a: Blastoise\n|-damage|p1a: Blastoise|85\/100\n|-start|p1a: Blastoise|Salt Cure\n|\n|-heal|p2a: Garganacl|83\/100|[from] item: Leftovers\n|-damage|p1a: Blastoise|60\/100|[from] Salt Cure\n|upkeep\n|turn|18\n|\n|t:|1699795106\n|move|p1a: Blastoise|Aura Sphere|p2a: Garganacl\n|-damage|p2a: Garganacl|57\/100\n|move|p2a: Garganacl|Body Press|p1a: Blastoise\n|-damage|p1a: Blastoise|33\/100\n|\n|-heal|p2a: Garganacl|63\/100|[from] item: Leftovers\n|-damage|p1a: Blastoise|9\/100|[from] Salt Cure\n|upkeep\n|turn|19\n|\n|t:|1699795123\n|-terastallize|p1a: Blastoise|Fighting\n|move|p1a: Blastoise|Aura Sphere|p2a: Garganacl\n|-crit|p2a: Garganacl\n|-damage|p2a: Garganacl|0 fnt\n|faint|p2a: Garganacl\n|\n|-damage|p1a: Blastoise|0 fnt|[from] Salt Cure\n|faint|p1a: Blastoise\n|upkeep\n|c|\u2606Nugget2277|you play so bad\n|inactive|Nugget2277 has 90 seconds left.\n|c|\u2606vexolos|Cry about it bitch, I'm not the fucking prick that uses Lopunny & Toxapex.\n|c|\u2606vexolos|I don't wanna hear it.\n|c|\u2606vexolos|Speaking of, two legendaries to boot!?\n|c|\u2606vexolos|But I play bad? LOL!\n|inactive|Nugget2277 has 60 seconds left.\n|c|\u2606vexolos|You switch baited from Moltres to Toxapex\n|\n|t:|1699795187\n|switch|p1a: Gengar|Gengar, M|100\/100\n|switch|p2a: Lopunny|Lopunny, F|100\/100\n|turn|20\n|inactive|Nugget2277 has 60 seconds left.\n|c|\u2606vexolos|That's a pansy, pathetic strategy only a loser with NO ideas can think of.\n|\n|t:|1699795202\n|detailschange|p2a: Lopunny|Lopunny-Mega, F\n|-mega|p2a: Lopunny|Lopunny|Lopunnite\n|move|p2a: Lopunny|Fake Out|p1a: Gengar\n|-damage|p1a: Gengar|50\/100\n|-start|p2a: Lopunny|Disable|Fake Out|[from] ability: Cursed Body|[of] p1a: Gengar\n|cant|p1a: Gengar|flinch\n|\n|upkeep\n|turn|21\n|\n|t:|1699795210\n|move|p2a: Lopunny|Return|p1a: Gengar\n|-damage|p1a: Gengar|0 fnt\n|faint|p1a: Gengar\n|\n|upkeep\n|\n|t:|1699795216\n|switch|p1a: Iron Valiant|Iron Valiant, shiny|100\/100\n|-enditem|p1a: Iron Valiant|Booster Energy\n|-activate|p1a: Iron Valiant|ability: Quark Drive|[fromitem]\n|-start|p1a: Iron Valiant|quarkdrivespe\n|turn|22\n|\n|t:|1699795226\n|switch|p2a: Toxapex|Toxapex, F|100\/100 brn\n|move|p1a: Iron Valiant|Close Combat|p2a: Toxapex\n|-resisted|p2a: Toxapex\n|-damage|p2a: Toxapex|81\/100 brn\n|-unboost|p1a: Iron Valiant|def|1\n|-unboost|p1a: Iron Valiant|spd|1\n|\n|-damage|p2a: Toxapex|75\/100 brn|[from] brn\n|upkeep\n|turn|23\n|\n|t:|1699795236\n|move|p1a: Iron Valiant|Swords Dance|p1a: Iron Valiant\n|-boost|p1a: Iron Valiant|atk|2\n|move|p2a: Toxapex|Recover|p2a: Toxapex\n|-heal|p2a: Toxapex|100\/100 brn\n|\n|-damage|p2a: Toxapex|95\/100 brn|[from] brn\n|upkeep\n|turn|24\n|\n|t:|1699795243\n|move|p1a: Iron Valiant|Swords Dance|p1a: Iron Valiant\n|-boost|p1a: Iron Valiant|atk|2\n|move|p2a: Toxapex|Sludge Bomb|p1a: Iron Valiant\n|-supereffective|p1a: Iron Valiant\n|-damage|p1a: Iron Valiant|0 fnt\n|faint|p1a: Iron Valiant\n|-end|p1a: Iron Valiant|Quark Drive|[silent]\n|\n|-damage|p2a: Toxapex|89\/100 brn|[from] brn\n|upkeep\n|\n|t:|1699795251\n|switch|p1a: Serperior|Serperior, F|100\/100\n|turn|25\n|c|\u2606Nugget2277|nice play\n|inactive|Nugget2277 has 90 seconds left.\n|c|\u2606vexolos|Cry.\n|\n|t:|1699795265\n|move|p1a: Serperior|Leaf Storm|p2a: Toxapex\n|-damage|p2a: Toxapex|55\/100 brn\n|-boost|p1a: Serperior|spa|2\n|move|p2a: Toxapex|Sludge Bomb|p1a: Serperior\n|-supereffective|p1a: Serperior\n|-damage|p1a: Serperior|59\/100\n|\n|-heal|p1a: Serperior|65\/100|[from] item: Leftovers\n|-damage|p2a: Toxapex|49\/100 brn|[from] brn\n|upkeep\n|turn|26\n|inactive|Nugget2277 has 90 seconds left.\n|\n|t:|1699795274\n|move|p1a: Serperior|Leaf Storm|p2a: Toxapex\n|-damage|p2a: Toxapex|0 fnt\n|-boost|p1a: Serperior|spa|2\n|faint|p2a: Toxapex\n|\n|-heal|p1a: Serperior|71\/100|[from] item: Leftovers\n|upkeep\n|inactive|Nugget2277 has 90 seconds left.\n|\n|t:|1699795281\n|switch|p2a: Lopunny|Lopunny-Mega, F|100\/100\n|turn|27\n|\n|t:|1699795284\n|move|p2a: Lopunny|Fake Out|p1a: Serperior\n|-damage|p1a: Serperior|41\/100\n|cant|p1a: Serperior|flinch\n|\n|-heal|p1a: Serperior|47\/100|[from] item: Leftovers\n|upkeep\n|turn|28\n|\n|t:|1699795290\n|move|p2a: Lopunny|Quick Attack|p1a: Serperior\n|-damage|p1a: Serperior|20\/100\n|move|p1a: Serperior|Leaf Storm|p2a: Lopunny\n|-damage|p2a: Lopunny|0 fnt\n|-boost|p1a: Serperior|spa|2\n|faint|p2a: Lopunny\n|\n|-heal|p1a: Serperior|27\/100|[from] item: Leftovers\n|upkeep\n|\n|t:|1699795295\n|switch|p2a: Tapu Lele|Tapu Lele|12\/100\n|-fieldstart|move: Psychic Terrain|[from] ability: Psychic Surge|[of] p2a: Tapu Lele\n|turn|29\n|c|\u2606vexolos|Bro has QUCIK ATTACK\n|\n|t:|1699795304\n|move|p2a: Tapu Lele|Psychic|p1a: Serperior\n|-damage|p1a: Serperior|0 fnt\n|faint|p1a: Serperior\n|\n|win|Nugget2277\n|raw|vexolos's rating: 1124 &rarr; <strong>1096<\/strong><br \/>(-28 for losing)\n|raw|Nugget2277's rating: 1078 &rarr; <strong>1110<\/strong><br \/>(+32 for winning)\n","uploadtime":1699795154,"views":4,"p1id":"vexolos","p2id":"nugget2277","formatid":"gen9nationaldex","rating":1096,"private":0,"password":""}