{"id":"gen9nationaldex-1987338067","p1":"yanami-go","p2":"Klawf Up A Lung","format":"[Gen 9] National Dex","log":"|j|\u2606yanami-go\n|j|\u2606Klawf Up A Lung\n|t:|1699579147\n|gametype|singles\n|player|p1|yanami-go|dawn-masters3|1625\n|player|p2|Klawf Up A Lung|salvatore|1535\n|teamsize|p1|6\n|teamsize|p2|6\n|gen|9\n|tier|[Gen 9] National Dex\n|rated|\n|rule|HP Percentage Mod: HP is shown in percentages\n|rule|Endless Battle Clause: Forcing endless battles is banned\n|rule|OHKO Clause: OHKO moves are banned\n|rule|Evasion Clause: Evasion abilities, items, and moves are banned\n|rule|Evasion Abilities Clause: Evasion abilities are banned\n|rule|Evasion Items Clause: Evasion items are banned\n|rule|Evasion Moves Clause: Evasion moves are banned\n|rule|Species Clause: Limit one of each Pok\u00e9mon\n|rule|Sleep Clause Mod: Limit one foe put to sleep\n|clearpoke\n|poke|p1|Dondozo, F|\n|poke|p1|Tapu Lele|\n|poke|p1|Ting-Lu|\n|poke|p1|Sneasler, M|\n|poke|p1|Empoleon, F|\n|poke|p1|Dragonite, F|\n|poke|p2|Rotom-Wash|\n|poke|p2|Clefable, F|\n|poke|p2|Landorus-Therian, M|\n|poke|p2|Magnezone|\n|poke|p2|Absol, M|\n|poke|p2|Zapdos-Galar|\n|teampreview\n|inactive|Battle timer is ON: inactive players will automatically lose when time's up. (requested by Klawf Up A Lung)\n|inactive|Klawf Up A Lung has 120 seconds left.\n|inactive|Klawf Up A Lung has 90 seconds left.\n|\n|t:|1699579214\n|start\n|switch|p1a: Tapu Lele|Tapu Lele|100\/100\n|switch|p2a: Rotom|Rotom-Wash|100\/100\n|-fieldstart|move: Psychic Terrain|[from] ability: Psychic Surge|[of] p1a: Tapu Lele\n|turn|1\n|\n|t:|1699579219\n|switch|p2a: Magnezone|Magnezone|100\/100\n|move|p1a: Tapu Lele|Psychic|p2a: Magnezone\n|-resisted|p2a: Magnezone\n|-damage|p2a: Magnezone|60\/100\n|\n|upkeep\n|turn|2\n|\n|t:|1699579227\n|switch|p2a: Zapdos|Zapdos-Galar|100\/100\n|move|p1a: Tapu Lele|Focus Blast|p2a: Zapdos\n|-resisted|p2a: Zapdos\n|-damage|p2a: Zapdos|76\/100\n|\n|upkeep\n|turn|3\n|\n|t:|1699579241\n|switch|p1a: Dragonite|Dragonite, F|100\/100\n|move|p2a: Zapdos|Brave Bird|p1a: Dragonite\n|-damage|p1a: Dragonite|57\/100\n|-damage|p2a: Zapdos|59\/100|[from] Recoil\n|\n|upkeep\n|turn|4\n|\n|t:|1699579248\n|switch|p1a: Dondozo|Dondozo, F|100\/100\n|move|p2a: Zapdos|Brave Bird|p1a: Dondozo\n|-damage|p1a: Dondozo|61\/100\n|-damage|p2a: Zapdos|39\/100|[from] Recoil\n|\n|-heal|p1a: Dondozo|67\/100|[from] item: Leftovers\n|upkeep\n|turn|5\n|\n|t:|1699579257\n|switch|p2a: Magnezone|Magnezone|60\/100\n|move|p1a: Dondozo|Rest|p1a: Dondozo\n|-status|p1a: Dondozo|slp|[from] move: Rest\n|-heal|p1a: Dondozo|100\/100 slp|[silent]\n|\n|-fieldend|move: Psychic Terrain\n|upkeep\n|turn|6\n|\n|t:|1699579262\n|switch|p1a: Ting-Lu|Ting-Lu|100\/100\n|-ability|p1a: Ting-Lu|Vessel of Ruin\n|move|p2a: Magnezone|Volt Switch|p1a: Ting-Lu\n|-immune|p1a: Ting-Lu\n|\n|upkeep\n|turn|7\n|\n|t:|1699579265\n|switch|p2a: Zapdos|Zapdos-Galar|39\/100\n|move|p1a: Ting-Lu|Stealth Rock|p2a: Zapdos\n|-sidestart|p2: Klawf Up A Lung|move: Stealth Rock\n|\n|upkeep\n|turn|8\n|\n|t:|1699579268\n|switch|p1a: Dondozo|Dondozo, F|100\/100 slp\n|move|p2a: Zapdos|Thunderous Kick|p1a: Dondozo\n|-damage|p1a: Dondozo|69\/100 slp\n|-unboost|p1a: Dondozo|def|1\n|\n|-heal|p1a: Dondozo|75\/100 slp|[from] item: Leftovers\n|upkeep\n|turn|9\n|\n|t:|1699579273\n|move|p2a: Zapdos|Thunderous Kick|p1a: Dondozo\n|-damage|p1a: Dondozo|29\/100 slp\n|-unboost|p1a: Dondozo|def|1\n|cant|p1a: Dondozo|slp\n|move|p1a: Dondozo|Sleep Talk|p1a: Dondozo\n|move|p1a: Dondozo|Liquidation|p2a: Zapdos|[from]move: Sleep Talk\n|-damage|p2a: Zapdos|5\/100\n|\n|-heal|p1a: Dondozo|35\/100 slp|[from] item: Leftovers\n|upkeep\n|turn|10\n|\n|t:|1699579283\n|move|p2a: Zapdos|Thunderous Kick|p1a: Dondozo\n|-damage|p1a: Dondozo|0 fnt\n|faint|p1a: Dondozo\n|\n|upkeep\n|\n|t:|1699579287\n|switch|p1a: Dragonite|Dragonite, F|57\/100\n|turn|11\n|\n|t:|1699579293\n|switch|p2a: Magnezone|Magnezone|60\/100\n|-damage|p2a: Magnezone|54\/100|[from] Stealth Rock\n|move|p1a: Dragonite|Roost|p1a: Dragonite\n|-heal|p1a: Dragonite|100\/100\n|-singleturn|p1a: Dragonite|move: Roost\n|\n|upkeep\n|turn|12\n|\n|t:|1699579295\n|move|p2a: Magnezone|Volt Switch|p1a: Dragonite\n|-damage|p1a: Dragonite|85\/100\n|\n|t:|1699579298\n|switch|p2a: Landorus|Landorus-Therian, M|100\/100|[from] Volt Switch\n|-damage|p2a: Landorus|88\/100|[from] Stealth Rock\n|-ability|p2a: Landorus|Intimidate|boost\n|-unboost|p1a: Dragonite|atk|1\n|move|p1a: Dragonite|Earthquake|p2a: Landorus\n|-immune|p2a: Landorus\n|\n|upkeep\n|turn|13\n|\n|t:|1699579311\n|switch|p1a: Tapu Lele|Tapu Lele|100\/100\n|-fieldstart|move: Psychic Terrain|[from] ability: Psychic Surge|[of] p1a: Tapu Lele\n|move|p2a: Landorus|Defog|p1a: Tapu Lele\n|-unboost|p1a: Tapu Lele|evasion|1\n|-sideend|p2: Klawf Up A Lung|Stealth Rock|[from] move: Defog|[of] p2a: Landorus\n|-fieldend|move: Psychic Terrain\n|\n|upkeep\n|turn|14\n|\n|t:|1699579317\n|switch|p2a: Absol|Absol, M|100\/100\n|-ability|p2a: Absol|Pressure\n|move|p1a: Tapu Lele|Psychic|p2a: Absol\n|-immune|p2a: Absol\n|\n|upkeep\n|turn|15\n|\n|t:|1699579323\n|detailschange|p2a: Absol|Absol-Mega, M\n|-mega|p2a: Absol|Absol|Absolite\n|move|p2a: Absol|Sucker Punch|p1a: Tapu Lele\n|-damage|p1a: Tapu Lele|34\/100\n|move|p1a: Tapu Lele|Moonblast|p2a: Absol\n|-supereffective|p2a: Absol\n|-damage|p2a: Absol|0 fnt\n|faint|p2a: Absol\n|\n|upkeep\n|\n|t:|1699579329\n|switch|p2a: Zapdos|Zapdos-Galar|5\/100\n|turn|16\n|\n|t:|1699579339\n|switch|p1a: Dragonite|Dragonite, F|85\/100\n|move|p2a: Zapdos|Knock Off|p1a: Dragonite\n|-damage|p1a: Dragonite|39\/100\n|-enditem|p1a: Dragonite|Heavy-Duty Boots|[from] move: Knock Off|[of] p2a: Zapdos\n|\n|upkeep\n|turn|17\n|\n|t:|1699579343\n|switch|p2a: Clefable|Clefable, F|100\/100\n|move|p1a: Dragonite|Roost|p1a: Dragonite\n|-heal|p1a: Dragonite|89\/100\n|-singleturn|p1a: Dragonite|move: Roost\n|\n|upkeep\n|turn|18\n|\n|t:|1699579347\n|switch|p1a: Empoleon|Empoleon, F|100\/100\n|move|p2a: Clefable|Calm Mind|p2a: Clefable\n|-boost|p2a: Clefable|spa|1\n|-boost|p2a: Clefable|spd|1\n|\n|upkeep\n|turn|19\n|\n|t:|1699579355\n|move|p2a: Clefable|Calm Mind|p2a: Clefable\n|-boost|p2a: Clefable|spa|1\n|-boost|p2a: Clefable|spd|1\n|move|p1a: Empoleon|Toxic|p2a: Clefable\n|-status|p2a: Clefable|tox\n|\n|upkeep\n|turn|20\n|\n|t:|1699579357\n|switch|p1a: Ting-Lu|Ting-Lu|100\/100\n|-ability|p1a: Ting-Lu|Vessel of Ruin\n|move|p2a: Clefable|Calm Mind|p2a: Clefable\n|-boost|p2a: Clefable|spa|1\n|-boost|p2a: Clefable|spd|1\n|\n|upkeep\n|turn|21\n|\n|t:|1699579360\n|move|p2a: Clefable|Moonblast|p1a: Ting-Lu\n|-supereffective|p1a: Ting-Lu\n|-damage|p1a: Ting-Lu|41\/100\n|-unboost|p1a: Ting-Lu|spa|1\n|move|p1a: Ting-Lu|Whirlwind|p2a: Clefable\n|drag|p2a: Rotom|Rotom-Wash|100\/100\n|\n|-heal|p1a: Ting-Lu|47\/100|[from] item: Leftovers\n|upkeep\n|turn|22\n|\n|t:|1699579364\n|switch|p1a: Empoleon|Empoleon, F|100\/100\n|move|p2a: Rotom|Hydro Pump|p1a: Empoleon\n|-resisted|p1a: Empoleon\n|-damage|p1a: Empoleon|88\/100\n|\n|-heal|p1a: Empoleon|94\/100|[from] item: Leftovers\n|upkeep\n|turn|23\n|\n|t:|1699579370\n|move|p2a: Rotom|Volt Switch|p1a: Empoleon\n|-supereffective|p1a: Empoleon\n|-damage|p1a: Empoleon|58\/100\n|\n|t:|1699579372\n|switch|p2a: Clefable|Clefable, F|100\/100 tox|[from] Volt Switch\n|move|p1a: Empoleon|Knock Off|p2a: Clefable\n|-resisted|p2a: Clefable\n|-damage|p2a: Clefable|94\/100 tox\n|-enditem|p2a: Clefable|Leftovers|[from] move: Knock Off|[of] p1a: Empoleon\n|\n|-heal|p1a: Empoleon|64\/100|[from] item: Leftovers\n|upkeep\n|turn|24\n|\n|t:|1699579377\n|switch|p1a: Ting-Lu|Ting-Lu|47\/100\n|-ability|p1a: Ting-Lu|Vessel of Ruin\n|move|p2a: Clefable|Moonblast|p1a: Ting-Lu\n|-supereffective|p1a: Ting-Lu\n|-damage|p1a: Ting-Lu|19\/100\n|-unboost|p1a: Ting-Lu|spa|1\n|\n|-heal|p1a: Ting-Lu|25\/100|[from] item: Leftovers\n|upkeep\n|turn|25\n|\n|t:|1699579381\n|-terastallize|p1a: Ting-Lu|Poison\n|move|p2a: Clefable|Moonblast|p1a: Ting-Lu\n|-resisted|p1a: Ting-Lu\n|-damage|p1a: Ting-Lu|19\/100\n|move|p1a: Ting-Lu|Earthquake|p2a: Clefable\n|-damage|p2a: Clefable|63\/100 tox\n|\n|-heal|p1a: Ting-Lu|25\/100|[from] item: Leftovers\n|upkeep\n|turn|26\n|\n|t:|1699579388\n|switch|p2a: Magnezone|Magnezone|54\/100\n|move|p1a: Ting-Lu|Earthquake|p2a: Magnezone\n|-supereffective|p2a: Magnezone\n|-damage|p2a: Magnezone|0 fnt\n|faint|p2a: Magnezone\n|\n|-heal|p1a: Ting-Lu|31\/100|[from] item: Leftovers\n|upkeep\n|\n|t:|1699579391\n|switch|p2a: Zapdos|Zapdos-Galar|5\/100\n|turn|27\n|\n|t:|1699579395\n|switch|p1a: Dragonite|Dragonite, F|89\/100\n|move|p2a: Zapdos|Knock Off|p1a: Dragonite\n|-damage|p1a: Dragonite|61\/100\n|\n|upkeep\n|turn|28\n|\n|t:|1699579399\n|switch|p2a: Rotom|Rotom-Wash|100\/100\n|move|p1a: Dragonite|Roost|p1a: Dragonite\n|-heal|p1a: Dragonite|100\/100\n|-singleturn|p1a: Dragonite|move: Roost\n|\n|upkeep\n|turn|29\n|\n|t:|1699579404\n|switch|p1a: Tapu Lele|Tapu Lele|34\/100\n|-fieldstart|move: Psychic Terrain|[from] ability: Psychic Surge|[of] p1a: Tapu Lele\n|move|p2a: Rotom|Will-O-Wisp|p1a: Tapu Lele\n|-status|p1a: Tapu Lele|brn\n|\n|-damage|p1a: Tapu Lele|28\/100 brn|[from] brn\n|upkeep\n|turn|30\n|\n|t:|1699579408\n|-zpower|p1a: Tapu Lele\n|move|p1a: Tapu Lele|Shattered Psyche|p2a: Rotom|[zeffect]\n|-damage|p2a: Rotom|0 fnt\n|faint|p2a: Rotom\n|\n|-damage|p1a: Tapu Lele|22\/100 brn|[from] brn\n|upkeep\n|\n|t:|1699579411\n|switch|p2a: Zapdos|Zapdos-Galar|5\/100\n|turn|31\n|\n|t:|1699579415\n|switch|p1a: Dragonite|Dragonite, F|100\/100\n|move|p2a: Zapdos|Thunderous Kick|p1a: Dragonite\n|-resisted|p1a: Dragonite\n|-damage|p1a: Dragonite|84\/100\n|-unboost|p1a: Dragonite|def|1\n|\n|upkeep\n|turn|32\n|\n|t:|1699579419\n|switch|p2a: Landorus|Landorus-Therian, M|88\/100\n|-ability|p2a: Landorus|Intimidate|boost\n|-unboost|p1a: Dragonite|atk|1\n|move|p1a: Dragonite|Curse|p1a: Dragonite\n|-unboost|p1a: Dragonite|spe|1\n|-boost|p1a: Dragonite|atk|1\n|-boost|p1a: Dragonite|def|1\n|\n|upkeep\n|turn|33\n|\n|t:|1699579436\n|switch|p1a: Empoleon|Empoleon, F|64\/100\n|move|p2a: Landorus|Stealth Rock|p1a: Empoleon\n|-sidestart|p1: yanami-go|move: Stealth Rock\n|\n|-heal|p1a: Empoleon|71\/100|[from] item: Leftovers\n|-fieldend|move: Psychic Terrain\n|upkeep\n|turn|34\n|\n|t:|1699579442\n|move|p2a: Landorus|Earthquake|p1a: Empoleon\n|-supereffective|p1a: Empoleon\n|-damage|p1a: Empoleon|0 fnt\n|faint|p1a: Empoleon\n|\n|upkeep\n|\n|t:|1699579446\n|switch|p1a: Tapu Lele|Tapu Lele|22\/100 brn\n|-damage|p1a: Tapu Lele|10\/100 brn|[from] Stealth Rock\n|-fieldstart|move: Psychic Terrain|[from] ability: Psychic Surge|[of] p1a: Tapu Lele\n|turn|35\n|\n|t:|1699579471\n|switch|p2a: Clefable|Clefable, F|63\/100 tox\n|move|p1a: Tapu Lele|Psychic|p2a: Clefable\n|-damage|p2a: Clefable|9\/100 tox\n|\n|-damage|p1a: Tapu Lele|4\/100 brn|[from] brn\n|upkeep\n|turn|36\n|\n|t:|1699579474\n|move|p1a: Tapu Lele|Psychic|p2a: Clefable\n|-damage|p2a: Clefable|0 fnt\n|faint|p2a: Clefable\n|\n|-damage|p1a: Tapu Lele|0 fnt|[from] brn\n|faint|p1a: Tapu Lele\n|upkeep\n|\n|t:|1699579481\n|switch|p1a: Sneasler|Sneasler, M|100\/100\n|switch|p2a: Landorus|Landorus-Therian, M|88\/100\n|-damage|p1a: Sneasler|95\/100|[from] Stealth Rock\n|-enditem|p1a: Sneasler|Psychic Seed\n|-boost|p1a: Sneasler|spd|1|[from] item: Psychic Seed\n|-ability|p2a: Landorus|Intimidate|boost\n|-unboost|p1a: Sneasler|atk|1\n|turn|37\n|\n|t:|1699579490\n|move|p1a: Sneasler|Dire Claw|p2a: Landorus\n|-resisted|p2a: Landorus\n|-damage|p2a: Landorus|77\/100\n|-damage|p1a: Sneasler|78\/100|[from] item: Rocky Helmet|[of] p2a: Landorus\n|move|p2a: Landorus|Earthquake|p1a: Sneasler\n|-supereffective|p1a: Sneasler\n|-damage|p1a: Sneasler|0 fnt\n|faint|p1a: Sneasler\n|\n|upkeep\n|\n|t:|1699579496\n|switch|p1a: Dragonite|Dragonite, F|84\/100\n|-damage|p1a: Dragonite|59\/100|[from] Stealth Rock\n|turn|38\n|\n|t:|1699579499\n|move|p2a: Landorus|U-turn|p1a: Dragonite\n|-resisted|p1a: Dragonite\n|-damage|p1a: Dragonite|49\/100\n|\n|t:|1699579500\n|switch|p2a: Zapdos|Zapdos-Galar|5\/100|[from] U-turn\n|move|p1a: Dragonite|Roost|p1a: Dragonite\n|-heal|p1a: Dragonite|99\/100\n|-singleturn|p1a: Dragonite|move: Roost\n|\n|upkeep\n|turn|39\n|\n|t:|1699579510\n|move|p2a: Zapdos|Thunderous Kick|p1a: Dragonite\n|-resisted|p1a: Dragonite\n|-damage|p1a: Dragonite|68\/100\n|-unboost|p1a: Dragonite|def|1\n|move|p1a: Dragonite|Roost|p1a: Dragonite\n|-heal|p1a: Dragonite|100\/100\n|-singleturn|p1a: Dragonite|move: Roost\n|\n|-fieldend|move: Psychic Terrain\n|upkeep\n|turn|40\n|\n|t:|1699579513\n|-terastallize|p2a: Zapdos|Fighting\n|move|p1a: Dragonite|Extreme Speed|p2a: Zapdos\n|-damage|p2a: Zapdos|0 fnt\n|faint|p2a: Zapdos\n|\n|upkeep\n|\n|t:|1699579515\n|switch|p2a: Landorus|Landorus-Therian, M|77\/100\n|-ability|p2a: Landorus|Intimidate|boost\n|-unboost|p1a: Dragonite|atk|1\n|turn|41\n|\n|t:|1699579518\n|move|p2a: Landorus|U-turn|p1a: Dragonite\n|-resisted|p1a: Dragonite\n|-damage|p1a: Dragonite|94\/100\n|move|p1a: Dragonite|Curse|p1a: Dragonite\n|-unboost|p1a: Dragonite|spe|1\n|-boost|p1a: Dragonite|atk|1\n|-boost|p1a: Dragonite|def|1\n|\n|upkeep\n|turn|42\n|-message|Klawf Up A Lung forfeited.\n|\n|win|yanami-go\n|raw|yanami-go's rating: 1625 &rarr; <strong>1640<\/strong><br \/>(+15 for winning)\n|raw|Klawf Up A Lung's rating: 1535 &rarr; <strong>1520<\/strong><br \/>(-15 for losing)\n|l|\u2606Klawf Up A Lung\n|j| Ghowex\n|l| Ghowex\n","uploadtime":1699579791,"views":4,"p1id":"yanamigo","p2id":"klawfupalung","formatid":"gen9nationaldex","rating":1520,"private":0,"password":""}