{"id":"gen9nationaldex-2000022307","p1":"Theverynotsusman","p2":"monsterapper","format":"[Gen 9] National Dex","log":"|html|<div class=\"broadcast-blue\"><strong>[Gen 9] National Dex is currently suspecting Sneasler! For information on how to participate check out the <a href=\"https:\/\/www.smogon.com\/forums\/threads\/sv-national-dex-suspect-8-just-dance.3731534\/\">suspect thread<\/a>.<\/strong><\/div>\n|j|\u2606Theverynotsusman\n|j|\u2606monsterapper\n|t:|1701142325\n|gametype|singles\n|player|p1|Theverynotsusman|swimmerf-gen4|1300\n|player|p2|monsterapper|veteran|1332\n|teamsize|p1|6\n|teamsize|p2|6\n|gen|9\n|tier|[Gen 9] National Dex\n|rated|\n|rule|HP Percentage Mod: HP is shown in percentages\n|rule|Endless Battle Clause: Forcing endless battles is banned\n|rule|OHKO Clause: OHKO moves are banned\n|rule|Evasion Clause: Evasion abilities, items, and moves are banned\n|rule|Evasion Abilities Clause: Evasion abilities are banned\n|rule|Evasion Items Clause: Evasion items are banned\n|rule|Evasion Moves Clause: Evasion moves are banned\n|rule|Species Clause: Limit one of each Pok\u00e9mon\n|rule|Sleep Clause Mod: Limit one foe put to sleep\n|clearpoke\n|poke|p1|Charizard, M|\n|poke|p1|Dragonite, F|\n|poke|p1|Victini|\n|poke|p1|Rillaboom, M|\n|poke|p1|Zoroark-Hisui, M|\n|poke|p1|Shuckle, F|\n|poke|p2|Staraptor, F|\n|poke|p2|Blissey, F|\n|poke|p2|Ditto|\n|poke|p2|Bewear, F|\n|poke|p2|Pidgeot, M|\n|poke|p2|Ursaluna, M|\n|teampreview\n|\n|t:|1701142344\n|start\n|switch|p1a: Shuckle|Shuckle, F, shiny|100\/100\n|switch|p2a: Pidgeot|Pidgeot, M|100\/100\n|turn|1\n|\n|t:|1701142352\n|detailschange|p2a: Pidgeot|Pidgeot-Mega, M\n|-mega|p2a: Pidgeot|Pidgeot|Pidgeotite\n|move|p2a: Pidgeot|Hurricane|p1a: Shuckle\n|-damage|p1a: Shuckle|0 fnt\n|replace|p1a: Imposta|Zoroark-Hisui, M, shiny\n|-end|p1a: Imposta|Illusion\n|faint|p1a: Imposta\n|\n|upkeep\n|\n|t:|1701142362\n|switch|p1a: Shuckle|Shuckle, F, shiny|100\/100\n|turn|2\n|\n|t:|1701142367\n|move|p2a: Pidgeot|Hurricane|p1a: Shuckle\n|-damage|p1a: Shuckle|62\/100\n|move|p1a: Shuckle|Stone Edge|p2a: Pidgeot\n|-supereffective|p2a: Pidgeot\n|-damage|p2a: Pidgeot|49\/100\n|\n|upkeep\n|turn|3\n|\n|t:|1701142377\n|switch|p2a: Bewear|Bewear, F|100\/100\n|move|p1a: Shuckle|Stone Edge|p2a: Bewear\n|-resisted|p2a: Bewear\n|-damage|p2a: Bewear|92\/100\n|\n|-heal|p2a: Bewear|98\/100|[from] item: Leftovers\n|upkeep\n|turn|4\n|\n|t:|1701142385\n|move|p2a: Bewear|Substitute|p2a: Bewear\n|-start|p2a: Bewear|Substitute\n|-damage|p2a: Bewear|73\/100\n|move|p1a: Shuckle|Stealth Rock|p2a: Bewear\n|-sidestart|p2: monsterapper|move: Stealth Rock\n|\n|-heal|p2a: Bewear|79\/100|[from] item: Leftovers\n|upkeep\n|turn|5\n|\n|t:|1701142392\n|move|p2a: Bewear|Bulk Up|p2a: Bewear\n|-boost|p2a: Bewear|atk|1\n|-boost|p2a: Bewear|def|1\n|move|p1a: Shuckle|Power Trick|p1a: Shuckle\n|-start|p1a: Shuckle|Power Trick\n|\n|-heal|p2a: Bewear|85\/100|[from] item: Leftovers\n|upkeep\n|turn|6\n|\n|t:|1701142406\n|move|p2a: Bewear|Drain Punch|p1a: Shuckle\n|-damage|p1a: Shuckle|0 fnt\n|-heal|p2a: Bewear|100\/100|[from] drain|[of] p1a: Shuckle\n|-damage|p2a: Bewear|84\/100|[from] item: Rocky Helmet|[of] p1a: Shuckle\n|faint|p1a: Shuckle\n|\n|-heal|p2a: Bewear|90\/100|[from] item: Leftovers\n|upkeep\n|\n|t:|1701142414\n|switch|p1a: Thick monke|Rillaboom, M|100\/100\n|-fieldstart|move: Grassy Terrain|[from] ability: Grassy Surge|[of] p1a: Thick monke\n|-enditem|p1a: Thick monke|Grassy Seed\n|-boost|p1a: Thick monke|def|1|[from] item: Grassy Seed\n|turn|7\n|\n|t:|1701142422\n|move|p1a: Thick monke|Drum Beating|p2a: Bewear\n|-end|p2a: Bewear|Substitute\n|move|p2a: Bewear|Bulk Up|p2a: Bewear\n|-boost|p2a: Bewear|atk|1\n|-boost|p2a: Bewear|def|1\n|\n|-heal|p2a: Bewear|96\/100|[from] Grassy Terrain\n|-heal|p2a: Bewear|100\/100|[from] item: Leftovers\n|upkeep\n|turn|8\n|\n|t:|1701142432\n|move|p1a: Thick monke|Swords Dance|p1a: Thick monke\n|-boost|p1a: Thick monke|atk|2\n|move|p2a: Bewear|Ice Punch|p1a: Thick monke\n|-supereffective|p1a: Thick monke\n|-damage|p1a: Thick monke|28\/100\n|\n|-heal|p1a: Thick monke|35\/100|[from] Grassy Terrain\n|upkeep\n|turn|9\n|\n|t:|1701142439\n|move|p1a: Thick monke|Drum Beating|p2a: Bewear\n|-damage|p2a: Bewear|53\/100\n|-unboost|p2a: Bewear|spe|1\n|move|p2a: Bewear|Ice Punch|p1a: Thick monke\n|-supereffective|p1a: Thick monke\n|-damage|p1a: Thick monke|0 fnt\n|faint|p1a: Thick monke\n|\n|-heal|p2a: Bewear|59\/100|[from] Grassy Terrain\n|-heal|p2a: Bewear|65\/100|[from] item: Leftovers\n|upkeep\n|\n|t:|1701142447\n|switch|p1a: V create|Victini|100\/100\n|turn|10\n|\n|t:|1701142469\n|move|p2a: Bewear|Drain Punch|p1a: V create\n|-resisted|p1a: V create\n|-damage|p1a: V create|67\/100\n|-heal|p2a: Bewear|80\/100|[from] drain|[of] p1a: V create\n|move|p1a: V create|Trick Room|p1a: V create\n|-fieldstart|move: Trick Room|[of] p1a: V create\n|\n|-heal|p2a: Bewear|86\/100|[from] Grassy Terrain\n|-heal|p2a: Bewear|92\/100|[from] item: Leftovers\n|-heal|p1a: V create|73\/100|[from] Grassy Terrain\n|upkeep\n|turn|11\n|\n|t:|1701142483\n|move|p2a: Bewear|Drain Punch|p1a: V create\n|-resisted|p1a: V create\n|-damage|p1a: V create|40\/100\n|-heal|p2a: Bewear|100\/100|[from] drain|[of] p1a: V create\n|move|p1a: V create|Zen Headbutt|p2a: Bewear\n|-supereffective|p2a: Bewear\n|-damage|p2a: Bewear|82\/100\n|\n|-heal|p2a: Bewear|88\/100|[from] Grassy Terrain\n|-heal|p2a: Bewear|94\/100|[from] item: Leftovers\n|-heal|p1a: V create|46\/100|[from] Grassy Terrain\n|-fieldend|move: Grassy Terrain\n|upkeep\n|turn|12\n|\n|t:|1701142494\n|move|p2a: Bewear|Drain Punch|p1a: V create\n|-resisted|p1a: V create\n|-damage|p1a: V create|14\/100\n|-heal|p2a: Bewear|100\/100|[from] drain|[of] p1a: V create\n|move|p1a: V create|V-create|p2a: Bewear\n|-damage|p2a: Bewear|59\/100\n|-unboost|p1a: V create|spe|1\n|-unboost|p1a: V create|def|1\n|-unboost|p1a: V create|spd|1\n|\n|-heal|p2a: Bewear|65\/100|[from] item: Leftovers\n|upkeep\n|turn|13\n|\n|t:|1701142505\n|move|p2a: Bewear|Drain Punch|p1a: V create\n|-resisted|p1a: V create\n|-damage|p1a: V create|0 fnt\n|-heal|p2a: Bewear|71\/100|[from] drain|[of] p1a: V create\n|faint|p1a: V create\n|\n|-heal|p2a: Bewear|77\/100|[from] item: Leftovers\n|upkeep\n|\n|t:|1701142508\n|switch|p1a: Fast as flip|Dragonite, F|100\/100\n|turn|14\n|\n|t:|1701142519\n|-terastallize|p1a: Fast as flip|Normal\n|move|p1a: Fast as flip|Extreme Speed|p2a: Bewear\n|-damage|p2a: Bewear|62\/100\n|move|p2a: Bewear|Substitute|p2a: Bewear\n|-start|p2a: Bewear|Substitute\n|-damage|p2a: Bewear|37\/100\n|\n|-heal|p2a: Bewear|43\/100|[from] item: Leftovers\n|-fieldend|move: Trick Room\n|upkeep\n|turn|15\n|-message|Theverynotsusman forfeited.\n|\n|win|monsterapper\n|raw|Theverynotsusman's rating: 1300 &rarr; <strong>1277<\/strong><br \/>(-23 for losing)\n|raw|monsterapper's rating: 1332 &rarr; <strong>1350<\/strong><br \/>(+18 for winning)\n|l|\u2606Theverynotsusman\n","uploadtime":1701142533,"views":21,"p1id":"theverynotsusman","p2id":"monsterapper","formatid":"gen9nationaldex","rating":1277,"private":0,"password":""}