{"id":"gen9nationaldex-1988997596","p1":"ralca 1","p2":"JG981","format":"[Gen 9] National Dex","log":"|j|\u2606ralca 1\n|j|\u2606JG981\n|t:|1699800178\n|gametype|singles\n|player|p1|ralca 1|steven|\n|player|p2|JG981|ingo|\n|teamsize|p1|6\n|teamsize|p2|6\n|gen|9\n|tier|[Gen 9] National Dex\n|rule|HP Percentage Mod: HP is shown in percentages\n|rule|Endless Battle Clause: Forcing endless battles is banned\n|rule|OHKO Clause: OHKO moves are banned\n|rule|Evasion Clause: Evasion abilities, items, and moves are banned\n|rule|Evasion Abilities Clause: Evasion abilities are banned\n|rule|Evasion Items Clause: Evasion items are banned\n|rule|Evasion Moves Clause: Evasion moves are banned\n|rule|Species Clause: Limit one of each Pok\u00e9mon\n|rule|Sleep Clause Mod: Limit one foe put to sleep\n|clearpoke\n|poke|p1|Samurott, F|\n|poke|p1|Emboar, F|\n|poke|p1|Serperior, M|\n|poke|p1|Unfezant, M|\n|poke|p1|Haxorus, M|\n|poke|p1|Hydreigon, M|\n|poke|p2|Sableye, M|\n|poke|p2|Zoroark-Hisui, F|\n|poke|p2|Skeledirge, F|\n|poke|p2|Blacephalon|\n|poke|p2|Aegislash, F|\n|poke|p2|Mimikyu, M|\n|teampreview\n|\n|t:|1699800211\n|start\n|switch|p1a: Unfezant|Unfezant, M|100\/100\n|switch|p2a: El staller|Sableye, M|100\/100\n|turn|1\n|\n|t:|1699800240\n|detailschange|p2a: El staller|Sableye-Mega, M\n|-mega|p2a: El staller|Sableye|Sablenite\n|move|p1a: Unfezant|Tailwind|p1a: Unfezant\n|-sidestart|p1: ralca 1|move: Tailwind\n|move|p2a: El staller|Will-O-Wisp|p1a: Unfezant|[miss]\n|-miss|p2a: El staller|p1a: Unfezant\n|\n|upkeep\n|turn|2\n|\n|t:|1699800248\n|move|p1a: Unfezant|Tailwind||[still]\n|-fail|p1a: Unfezant\n|move|p2a: El staller|Calm Mind|p2a: El staller\n|-boost|p2a: El staller|spa|1\n|-boost|p2a: El staller|spd|1\n|\n|upkeep\n|turn|3\n|\n|t:|1699800255\n|move|p1a: Unfezant|Brave Bird|p2a: El staller\n|-damage|p2a: El staller|36\/100\n|-damage|p1a: Unfezant|79\/100|[from] Recoil\n|move|p2a: El staller|Will-O-Wisp|p1a: Unfezant\n|-status|p1a: Unfezant|brn\n|\n|-damage|p1a: Unfezant|73\/100 brn|[from] brn\n|upkeep\n|turn|4\n|\n|t:|1699800263\n|move|p1a: Unfezant|Brave Bird|p2a: El staller\n|-damage|p2a: El staller|5\/100\n|-damage|p1a: Unfezant|63\/100 brn|[from] Recoil\n|move|p2a: El staller|Recover|p2a: El staller\n|-heal|p2a: El staller|55\/100\n|\n|-damage|p1a: Unfezant|57\/100 brn|[from] brn\n|-sideend|p1: ralca 1|move: Tailwind\n|upkeep\n|turn|5\n|\n|t:|1699800270\n|move|p1a: Unfezant|U-turn|p2a: El staller\n|-damage|p2a: El staller|44\/100\n|\n|t:|1699800276\n|switch|p1a: Emboar|Emboar, F|100\/100|[from] U-turn\n|move|p2a: El staller|Recover|p2a: El staller\n|-heal|p2a: El staller|94\/100\n|\n|upkeep\n|turn|6\n|\n|t:|1699800289\n|move|p1a: Emboar|Flare Blitz|p2a: El staller\n|-damage|p2a: El staller|38\/100\n|-damage|p1a: Emboar|86\/100|[from] Recoil\n|move|p2a: El staller|Calm Mind|p2a: El staller\n|-boost|p2a: El staller|spa|1\n|-boost|p2a: El staller|spd|1\n|\n|upkeep\n|turn|7\n|\n|t:|1699800297\n|move|p1a: Emboar|Flare Blitz|p2a: El staller\n|-damage|p2a: El staller|0 fnt\n|faint|p2a: El staller\n|-damage|p1a: Emboar|76\/100|[from] Recoil\n|\n|upkeep\n|\n|t:|1699800347\n|switch|p2a: Muralla|Aegislash, F|100\/100\n|turn|8\n|\n|t:|1699800395\n|move|p2a: Muralla|Shadow Ball|p1a: Emboar\n|-damage|p1a: Emboar|33\/100\n|move|p1a: Emboar|Flare Blitz|p2a: Muralla\n|-damage|p2a: Muralla|0 fnt\n|replace|p2a: Dios|Zoroark-Hisui, F\n|-end|p2a: Dios|Illusion\n|faint|p2a: Dios\n|-damage|p1a: Emboar|11\/100|[from] Recoil\n|\n|upkeep\n|\n|t:|1699800437\n|switch|p2a: Yo primero|Mimikyu, M|100\/100\n|turn|9\n|\n|t:|1699800482\n|switch|p1a: Unfezant|Unfezant, M|57\/100 brn\n|move|p2a: Yo primero|Shadow Sneak|p1a: Unfezant\n|-immune|p1a: Unfezant\n|\n|-damage|p1a: Unfezant|51\/100 brn|[from] brn\n|upkeep\n|turn|10\n|\n|t:|1699800491\n|switch|p2a: Muralla|Aegislash, F|100\/100\n|move|p1a: Unfezant|Tailwind|p1a: Unfezant\n|-sidestart|p1: ralca 1|move: Tailwind\n|\n|-damage|p1a: Unfezant|45\/100 brn|[from] brn\n|upkeep\n|turn|11\n|\n|t:|1699800508\n|move|p2a: Muralla|King's Shield|p2a: Muralla\n|-singleturn|p2a: Muralla|Protect\n|move|p1a: Unfezant|U-turn|p2a: Muralla\n|-activate|p2a: Muralla|move: Protect\n|-unboost|p1a: Unfezant|atk|1\n|\n|-damage|p1a: Unfezant|39\/100 brn|[from] brn\n|upkeep\n|turn|12\n|\n|t:|1699800522\n|switch|p1a: Hydreigon|Hydreigon, M|100\/100\n|move|p2a: Muralla|Substitute|p2a: Muralla\n|-start|p2a: Muralla|Substitute\n|-damage|p2a: Muralla|76\/100\n|\n|-heal|p2a: Muralla|82\/100|[from] item: Leftovers\n|upkeep\n|turn|13\n|\n|t:|1699800530\n|move|p2a: Muralla|Toxic|p1a: Hydreigon\n|-status|p1a: Hydreigon|tox\n|move|p1a: Hydreigon|Dragon Tail|p2a: Muralla\n|-resisted|p2a: Muralla\n|-activate|p2a: Muralla|move: Substitute|[damage]\n|-damage|p1a: Hydreigon|91\/100 tox|[from] item: Life Orb\n|\n|-heal|p2a: Muralla|88\/100|[from] item: Leftovers\n|-damage|p1a: Hydreigon|85\/100 tox|[from] psn\n|-sideend|p1: ralca 1|move: Tailwind\n|upkeep\n|turn|14\n|\n|t:|1699800545\n|move|p2a: Muralla|King's Shield|p2a: Muralla\n|-singleturn|p2a: Muralla|Protect\n|move|p1a: Hydreigon|Dragon Pulse|p2a: Muralla\n|-activate|p2a: Muralla|move: Protect\n|\n|-heal|p2a: Muralla|94\/100|[from] item: Leftovers\n|-damage|p1a: Hydreigon|72\/100 tox|[from] psn\n|upkeep\n|turn|15\n|\n|t:|1699800559\n|move|p1a: Hydreigon|Dragon Pulse|p2a: Muralla\n|-resisted|p2a: Muralla\n|-end|p2a: Muralla|Substitute\n|-damage|p1a: Hydreigon|62\/100 tox|[from] item: Life Orb\n|-formechange|p2a: Muralla|Aegislash-Blade||[from] ability: Stance Change\n|move|p2a: Muralla|Iron Head|p1a: Hydreigon\n|-damage|p1a: Hydreigon|14\/100 tox\n|\n|-heal|p2a: Muralla|99\/100|[from] item: Leftovers\n|-damage|p1a: Hydreigon|0 fnt|[from] psn\n|faint|p1a: Hydreigon\n|upkeep\n|\n|t:|1699800600\n|switch|p1a: Haxorus|Haxorus, M|100\/100\n|turn|16\n|\n|t:|1699800615\n|-formechange|p2a: Muralla|Aegislash||[from] ability: Stance Change\n|move|p2a: Muralla|King's Shield|p2a: Muralla\n|-singleturn|p2a: Muralla|Protect\n|move|p1a: Haxorus|Earthquake|p2a: Muralla\n|-activate|p2a: Muralla|move: Protect\n|\n|-heal|p2a: Muralla|100\/100|[from] item: Leftovers\n|upkeep\n|turn|17\n|\n|t:|1699800628\n|move|p1a: Haxorus|Dragon Dance|p1a: Haxorus\n|-boost|p1a: Haxorus|atk|1\n|-boost|p1a: Haxorus|spe|1\n|move|p2a: Muralla|Toxic|p1a: Haxorus|[miss]\n|-miss|p2a: Muralla|p1a: Haxorus\n|\n|upkeep\n|turn|18\n|\n|t:|1699800640\n|move|p2a: Muralla|King's Shield|p2a: Muralla\n|-singleturn|p2a: Muralla|Protect\n|move|p1a: Haxorus|Dragon Tail|p2a: Muralla\n|-activate|p2a: Muralla|move: Protect\n|-unboost|p1a: Haxorus|atk|1\n|\n|upkeep\n|turn|19\n|\n|t:|1699800645\n|move|p1a: Haxorus|Swords Dance|p1a: Haxorus\n|-boost|p1a: Haxorus|atk|2\n|move|p2a: Muralla|Toxic|p1a: Haxorus\n|-status|p1a: Haxorus|tox\n|\n|-damage|p1a: Haxorus|94\/100 tox|[from] psn\n|upkeep\n|turn|20\n|\n|t:|1699800649\n|move|p1a: Haxorus|Dragon Dance|p1a: Haxorus\n|-boost|p1a: Haxorus|atk|1\n|-boost|p1a: Haxorus|spe|1\n|move|p2a: Muralla|Substitute|p2a: Muralla\n|-start|p2a: Muralla|Substitute\n|-damage|p2a: Muralla|76\/100\n|\n|-heal|p2a: Muralla|82\/100|[from] item: Leftovers\n|-damage|p1a: Haxorus|82\/100 tox|[from] psn\n|upkeep\n|turn|21\n|\n|t:|1699800657\n|move|p2a: Muralla|King's Shield|p2a: Muralla\n|-singleturn|p2a: Muralla|Protect\n|move|p1a: Haxorus|Dragon Dance|p1a: Haxorus\n|-boost|p1a: Haxorus|atk|1\n|-boost|p1a: Haxorus|spe|1\n|\n|-heal|p2a: Muralla|88\/100|[from] item: Leftovers\n|-damage|p1a: Haxorus|64\/100 tox|[from] psn\n|upkeep\n|turn|22\n|\n|t:|1699800666\n|move|p1a: Haxorus|Earthquake|p2a: Muralla\n|-supereffective|p2a: Muralla\n|-end|p2a: Muralla|Substitute\n|-damage|p1a: Haxorus|54\/100 tox|[from] item: Life Orb\n|move|p2a: Muralla|Substitute|p2a: Muralla\n|-start|p2a: Muralla|Substitute\n|-damage|p2a: Muralla|63\/100\n|\n|-heal|p2a: Muralla|69\/100|[from] item: Leftovers\n|-damage|p1a: Haxorus|29\/100 tox|[from] psn\n|upkeep\n|turn|23\n|\n|t:|1699800684\n|move|p1a: Haxorus|Dragon Dance|p1a: Haxorus\n|-boost|p1a: Haxorus|atk|1\n|-boost|p1a: Haxorus|spe|1\n|-formechange|p2a: Muralla|Aegislash-Blade||[from] ability: Stance Change\n|move|p2a: Muralla|Iron Head|p1a: Haxorus\n|-damage|p1a: Haxorus|0 fnt\n|faint|p1a: Haxorus\n|\n|-heal|p2a: Muralla|75\/100|[from] item: Leftovers\n|upkeep\n|\n|t:|1699800697\n|switch|p1a: Serperior|Serperior, M|100\/100\n|turn|24\n|\n|t:|1699800725\n|-terastallize|p1a: Serperior|Grass\n|move|p1a: Serperior|Leaf Storm|p2a: Muralla\n|-resisted|p2a: Muralla\n|-end|p2a: Muralla|Substitute\n|-boost|p1a: Serperior|spa|2\n|-damage|p1a: Serperior|91\/100|[from] item: Life Orb\n|move|p2a: Muralla|Toxic|p1a: Serperior\n|-status|p1a: Serperior|tox\n|\n|-heal|p2a: Muralla|81\/100|[from] item: Leftovers\n|-damage|p1a: Serperior|84\/100 tox|[from] psn\n|upkeep\n|turn|25\n|\n|t:|1699800742\n|-formechange|p2a: Muralla|Aegislash||[from] ability: Stance Change\n|move|p2a: Muralla|King's Shield|p2a: Muralla\n|-singleturn|p2a: Muralla|Protect\n|move|p1a: Serperior|Leaf Storm|p2a: Muralla\n|-activate|p2a: Muralla|move: Protect\n|\n|-heal|p2a: Muralla|87\/100|[from] item: Leftovers\n|-damage|p1a: Serperior|72\/100 tox|[from] psn\n|upkeep\n|turn|26\n|\n|t:|1699800753\n|switch|p2a: Me vale pito|Skeledirge, F|100\/100\n|move|p1a: Serperior|Leaf Storm|p2a: Me vale pito\n|-resisted|p2a: Me vale pito\n|-damage|p2a: Me vale pito|63\/100\n|-boost|p1a: Serperior|spa|2\n|-damage|p1a: Serperior|62\/100 tox|[from] item: Life Orb\n|\n|-damage|p1a: Serperior|44\/100 tox|[from] psn\n|upkeep\n|turn|27\n|\n|t:|1699800761\n|move|p1a: Serperior|Dragon Pulse|p2a: Me vale pito\n|-damage|p2a: Me vale pito|34\/100\n|-damage|p1a: Serperior|34\/100 tox|[from] item: Life Orb\n|move|p2a: Me vale pito|Slack Off|p2a: Me vale pito\n|-heal|p2a: Me vale pito|84\/100\n|\n|-damage|p1a: Serperior|9\/100 tox|[from] psn\n|upkeep\n|turn|28\n|\n|t:|1699800769\n|switch|p1a: Samurott|Samurott, F|100\/100\n|move|p2a: Me vale pito|Slack Off|p2a: Me vale pito\n|-heal|p2a: Me vale pito|100\/100\n|\n|upkeep\n|turn|29\n|\n|t:|1699800775\n|switch|p2a: Muralla|Aegislash, F|87\/100\n|move|p1a: Samurott|Swords Dance|p1a: Samurott\n|-boost|p1a: Samurott|atk|2\n|\n|-heal|p2a: Muralla|94\/100|[from] item: Leftovers\n|upkeep\n|turn|30\n|\n|t:|1699800790\n|move|p1a: Samurott|Swords Dance|p1a: Samurott\n|-boost|p1a: Samurott|atk|2\n|move|p2a: Muralla|Toxic|p1a: Samurott|[miss]\n|-miss|p2a: Muralla|p1a: Samurott\n|\n|-heal|p2a: Muralla|99\/100|[from] item: Leftovers\n|upkeep\n|turn|31\n|\n|t:|1699800810\n|move|p1a: Samurott|Liquidation|p2a: Muralla\n|-damage|p2a: Muralla|0 fnt\n|faint|p2a: Muralla\n|\n|upkeep\n|\n|t:|1699800821\n|switch|p2a: Puppet|Blacephalon|100\/100\n|turn|32\n|\n|t:|1699800828\n|-terastallize|p2a: Puppet|Dark\n|move|p1a: Samurott|Aqua Jet|p2a: Puppet\n|-damage|p2a: Puppet|0 fnt\n|faint|p2a: Puppet\n|\n|upkeep\n|\n|t:|1699800832\n|switch|p2a: Yo primero|Mimikyu, M|100\/100\n|turn|33\n|\n|t:|1699800838\n|move|p1a: Samurott|Aqua Jet|p2a: Yo primero\n|-activate|p2a: Yo primero|ability: Disguise\n|-damage|p2a: Yo primero|100\/100\n|detailschange|p2a: Yo primero|Mimikyu-Busted, M\n|-damage|p2a: Yo primero|88\/100|[from] pokemon: Mimikyu-Busted\n|move|p2a: Yo primero|Play Rough|p1a: Samurott\n|-damage|p1a: Samurott|49\/100\n|-damage|p2a: Yo primero|78\/100|[from] item: Life Orb\n|\n|upkeep\n|turn|34\n|\n|t:|1699800848\n|move|p2a: Yo primero|Shadow Sneak|p1a: Samurott\n|-damage|p1a: Samurott|27\/100\n|-damage|p2a: Yo primero|68\/100|[from] item: Life Orb\n|move|p1a: Samurott|Aqua Jet|p2a: Yo primero\n|-damage|p2a: Yo primero|0 fnt\n|faint|p2a: Yo primero\n|\n|upkeep\n|\n|t:|1699800850\n|switch|p2a: Me vale pito|Skeledirge, F|100\/100\n|turn|35\n|\n|t:|1699800858\n|move|p1a: Samurott|Aqua Jet|p2a: Me vale pito\n|-supereffective|p2a: Me vale pito\n|-damage|p2a: Me vale pito|55\/100\n|move|p2a: Me vale pito|Will-O-Wisp|p1a: Samurott\n|-status|p1a: Samurott|brn\n|\n|-damage|p1a: Samurott|20\/100 brn|[from] brn\n|upkeep\n|turn|36\n|\n|t:|1699800869\n|move|p1a: Samurott|Aqua Jet|p2a: Me vale pito\n|-supereffective|p2a: Me vale pito\n|-damage|p2a: Me vale pito|30\/100\n|move|p2a: Me vale pito|Slack Off|p2a: Me vale pito\n|-heal|p2a: Me vale pito|80\/100\n|\n|-damage|p1a: Samurott|14\/100 brn|[from] brn\n|upkeep\n|turn|37\n|\n|t:|1699800874\n|move|p1a: Samurott|Liquidation|p2a: Me vale pito\n|-supereffective|p2a: Me vale pito\n|-damage|p2a: Me vale pito|31\/100\n|move|p2a: Me vale pito|Torch Song|p1a: Samurott\n|-resisted|p1a: Samurott\n|-damage|p1a: Samurott|0 fnt\n|-boost|p2a: Me vale pito|spa|1\n|faint|p1a: Samurott\n|\n|upkeep\n|\n|t:|1699800880\n|switch|p1a: Unfezant|Unfezant, M|39\/100 brn\n|turn|38\n|\n|t:|1699800884\n|move|p1a: Unfezant|Brave Bird|p2a: Me vale pito\n|-damage|p2a: Me vale pito|9\/100\n|-damage|p1a: Unfezant|29\/100 brn|[from] Recoil\n|move|p2a: Me vale pito|Slack Off|p2a: Me vale pito\n|-heal|p2a: Me vale pito|59\/100\n|\n|-damage|p1a: Unfezant|23\/100 brn|[from] brn\n|upkeep\n|turn|39\n|\n|t:|1699800890\n|move|p1a: Unfezant|Brave Bird|p2a: Me vale pito\n|-damage|p2a: Me vale pito|38\/100\n|-damage|p1a: Unfezant|14\/100 brn|[from] Recoil\n|move|p2a: Me vale pito|Slack Off|p2a: Me vale pito\n|-heal|p2a: Me vale pito|88\/100\n|\n|-damage|p1a: Unfezant|8\/100 brn|[from] brn\n|upkeep\n|turn|40\n|\n|t:|1699800897\n|move|p1a: Unfezant|Tailwind|p1a: Unfezant\n|-sidestart|p1: ralca 1|move: Tailwind\n|move|p2a: Me vale pito|Torch Song|p1a: Unfezant\n|-damage|p1a: Unfezant|0 fnt\n|-boost|p2a: Me vale pito|spa|1\n|faint|p1a: Unfezant\n|\n|upkeep\n|\n|t:|1699800907\n|switch|p1a: Serperior|Serperior, M, tera:Grass|9\/100 tox\n|turn|41\n|\n|t:|1699800917\n|move|p1a: Serperior|Dragon Pulse|p2a: Me vale pito\n|-damage|p2a: Me vale pito|64\/100\n|-damage|p1a: Serperior|0 fnt|[from] item: Life Orb\n|faint|p1a: Serperior\n|move|p2a: Me vale pito|Torch Song|p1: Serperior|[notarget]\n|-fail|p2a: Me vale pito\n|\n|upkeep\n|\n|t:|1699800922\n|switch|p1a: Emboar|Emboar, F|11\/100\n|turn|42\n|\n|t:|1699800928\n|move|p1a: Emboar|Flare Blitz|p2a: Me vale pito\n|-resisted|p2a: Me vale pito\n|-damage|p2a: Me vale pito|23\/100\n|-damage|p1a: Emboar|0 fnt|[from] Recoil\n|faint|p1a: Emboar\n|\n|win|JG981\n","uploadtime":1699800934,"views":8,"p1id":"ralca1","p2id":"jg981","formatid":"gen9nationaldex","rating":0,"private":0,"password":""}