{"id":"gen9nationaldex-1988832770","p1":"yadabosiggg","p2":"323232kk","format":"[Gen 9] National Dex","log":"|j|\u2606yadabosiggg\n|j|\u203d323232kk\n|t:|1699770126\n|gametype|singles\n|player|p1|yadabosiggg|plasmagrunt|\n|player|p2|323232kk|steven|\n|teamsize|p1|6\n|teamsize|p2|6\n|gen|9\n|tier|[Gen 9] National Dex\n|rule|HP Percentage Mod: HP is shown in percentages\n|rule|Endless Battle Clause: Forcing endless battles is banned\n|rule|OHKO Clause: OHKO moves are banned\n|rule|Evasion Clause: Evasion abilities, items, and moves are banned\n|rule|Evasion Abilities Clause: Evasion abilities are banned\n|rule|Evasion Items Clause: Evasion items are banned\n|rule|Evasion Moves Clause: Evasion moves are banned\n|rule|Species Clause: Limit one of each Pok\u00e9mon\n|rule|Sleep Clause Mod: Limit one foe put to sleep\n|clearpoke\n|poke|p1|Iron Jugulis|\n|poke|p1|Tapu Koko|\n|poke|p1|Iron Hands|\n|poke|p1|Iron Treads|\n|poke|p1|Iron Moth|\n|poke|p1|Iron Valiant|\n|poke|p2|Pelipper, F|\n|poke|p2|Greninja-*, M|\n|poke|p2|Urshifu-*, M|\n|poke|p2|Rillaboom, M|\n|poke|p2|Swampert, M|\n|poke|p2|Venusaur, M|\n|teampreview\n|\n|t:|1699770156\n|start\n|switch|p1a: Tapu Koko|Tapu Koko|100\/100\n|switch|p2a: Venusaur|Venusaur, M|100\/100\n|-fieldstart|move: Electric Terrain|[from] ability: Electric Surge|[of] p1a: Tapu Koko\n|turn|1\n|\n|t:|1699770167\n|move|p1a: Tapu Koko|U-turn|p2a: Venusaur\n|-damage|p2a: Venusaur|83\/100\n|\n|t:|1699770173\n|switch|p1a: Iron Jugulis|Iron Jugulis|100\/100|[from] U-turn\n|-activate|p1a: Iron Jugulis|ability: Quark Drive\n|-start|p1a: Iron Jugulis|quarkdrivespe\n|move|p2a: Venusaur|Earth Power|p1a: Iron Jugulis\n|-immune|p1a: Iron Jugulis\n|\n|-heal|p2a: Venusaur|89\/100|[from] item: Leftovers\n|upkeep\n|turn|2\n|\n|t:|1699770200\n|move|p2a: Venusaur|Protect|p2a: Venusaur\n|-singleturn|p2a: Venusaur|Protect\n|move|p1a: Iron Jugulis|Hurricane|p2a: Venusaur\n|-activate|p2a: Venusaur|move: Protect\n|\n|-heal|p2a: Venusaur|95\/100|[from] item: Leftovers\n|upkeep\n|turn|3\n|\n|t:|1699770209\n|move|p1a: Iron Jugulis|Hurricane|p2a: Venusaur\n|-supereffective|p2a: Venusaur\n|-damage|p2a: Venusaur|0 fnt\n|faint|p2a: Venusaur\n|\n|upkeep\n|\n|t:|1699770226\n|switch|p2a: Pelipper|Pelipper, F|100\/100\n|-weather|RainDance|[from] ability: Drizzle|[of] p2a: Pelipper\n|turn|4\n|\n|t:|1699770262\n|-terastallize|p1a: Iron Jugulis|Flying\n|move|p1a: Iron Jugulis|Hurricane|p2a: Pelipper\n|-damage|p2a: Pelipper|0 fnt\n|faint|p2a: Pelipper\n|\n|-weather|RainDance|[upkeep]\n|upkeep\n|\n|t:|1699770273\n|switch|p2a: Greninja|Greninja, M|100\/100\n|turn|5\n|\n|t:|1699770296\n|move|p2a: Greninja|Water Shuriken|p1a: Iron Jugulis\n|-damage|p1a: Iron Jugulis|80\/100\n|-damage|p1a: Iron Jugulis|60\/100\n|-hitcount|p1a: Iron Jugulis|2\n|move|p1a: Iron Jugulis|Hurricane|p2a: Greninja\n|-damage|p2a: Greninja|0 fnt\n|faint|p2a: Greninja\n|\n|-weather|RainDance|[upkeep]\n|upkeep\n|\n|t:|1699770334\n|switch|p2a: Swampert|Swampert, M|100\/100\n|turn|6\n|\n|t:|1699770342\n|-end|p1a: Iron Jugulis|Quark Drive|[silent]\n|switch|p1a: Iron Hands|Iron Hands|100\/100\n|-activate|p1a: Iron Hands|ability: Quark Drive\n|-start|p1a: Iron Hands|quarkdriveatk\n|detailschange|p2a: Swampert|Swampert-Mega, M\n|-mega|p2a: Swampert|Swampert|Swampertite\n|move|p2a: Swampert|Ice Punch|p1a: Iron Hands\n|-damage|p1a: Iron Hands|81\/100\n|\n|-weather|RainDance|[upkeep]\n|upkeep\n|turn|7\n|\n|t:|1699770356\n|move|p1a: Iron Hands|Fake Out|p2a: Swampert\n|-damage|p2a: Swampert|79\/100\n|cant|p2a: Swampert|flinch\n|\n|-weather|RainDance|[upkeep]\n|upkeep\n|turn|8\n|\n|t:|1699770371\n|move|p2a: Swampert|Ice Punch|p1a: Iron Hands\n|-damage|p1a: Iron Hands|62\/100\n|move|p1a: Iron Hands|Drain Punch|p2a: Swampert\n|-damage|p2a: Swampert|21\/100\n|-heal|p1a: Iron Hands|82\/100|[from] drain|[of] p2a: Swampert\n|\n|-weather|RainDance|[upkeep]\n|-fieldend|move: Electric Terrain\n|-end|p1a: Iron Hands|Quark Drive\n|upkeep\n|turn|9\n|\n|t:|1699770390\n|move|p2a: Swampert|Earthquake|p1a: Iron Hands\n|-supereffective|p1a: Iron Hands\n|-crit|p1a: Iron Hands\n|-damage|p1a: Iron Hands|0 fnt\n|faint|p1a: Iron Hands\n|-end|p1a: Iron Hands|Quark Drive|[silent]\n|\n|-weather|RainDance|[upkeep]\n|upkeep\n|\n|t:|1699770396\n|switch|p1a: Tapu Koko|Tapu Koko|100\/100\n|-fieldstart|move: Electric Terrain|[from] ability: Electric Surge|[of] p1a: Tapu Koko\n|turn|10\n|\n|t:|1699770403\n|switch|p1a: Iron Jugulis|Iron Jugulis, tera:Flying|60\/100\n|-activate|p1a: Iron Jugulis|ability: Quark Drive\n|-start|p1a: Iron Jugulis|quarkdrivespe\n|move|p2a: Swampert|Earthquake|p1a: Iron Jugulis\n|-immune|p1a: Iron Jugulis\n|\n|-weather|RainDance|[upkeep]\n|upkeep\n|turn|11\n|\n|t:|1699770415\n|-end|p1a: Iron Jugulis|Quark Drive|[silent]\n|switch|p1a: Iron Valiant|Iron Valiant|100\/100\n|-activate|p1a: Iron Valiant|ability: Quark Drive\n|-start|p1a: Iron Valiant|quarkdrivespe\n|move|p2a: Swampert|Ice Punch|p1a: Iron Valiant\n|-damage|p1a: Iron Valiant|62\/100\n|\n|-weather|none\n|upkeep\n|turn|12\n|\n|t:|1699770438\n|move|p1a: Iron Valiant|Spirit Break|p2a: Swampert\n|-damage|p2a: Swampert|0 fnt\n|faint|p2a: Swampert\n|-damage|p1a: Iron Valiant|52\/100|[from] item: Life Orb\n|\n|upkeep\n|\n|t:|1699770456\n|switch|p2a: Rillaboom|Rillaboom, M|100\/100\n|-fieldstart|move: Grassy Terrain|[from] ability: Grassy Surge|[of] p2a: Rillaboom\n|-end|p1a: Iron Valiant|Quark Drive\n|turn|13\n|inactive|Battle timer is ON: inactive players will automatically lose when time's up. (requested by yadabosiggg)\n|\n|t:|1699770491\n|-end|p1a: Iron Valiant|Quark Drive|[silent]\n|switch|p1a: Tapu Koko|Tapu Koko|100\/100\n|-fieldstart|move: Electric Terrain|[from] ability: Electric Surge|[of] p1a: Tapu Koko\n|move|p2a: Rillaboom|Grassy Glide|p1a: Tapu Koko\n|-damage|p1a: Tapu Koko|44\/100\n|-damage|p2a: Rillaboom|91\/100|[from] item: Life Orb\n|\n|upkeep\n|turn|14\n|\n|t:|1699770513\n|move|p1a: Tapu Koko|U-turn|p2a: Rillaboom\n|-supereffective|p2a: Rillaboom\n|-damage|p2a: Rillaboom|54\/100\n|\n|t:|1699770520\n|switch|p1a: Iron Moth|Iron Moth|100\/100|[from] U-turn\n|-activate|p1a: Iron Moth|ability: Quark Drive\n|-start|p1a: Iron Moth|quarkdrivespa\n|move|p2a: Rillaboom|Earthquake|p1a: Iron Moth\n|-supereffective|p1a: Iron Moth\n|-damage|p1a: Iron Moth|0 fnt\n|faint|p1a: Iron Moth\n|-end|p1a: Iron Moth|Quark Drive|[silent]\n|-damage|p2a: Rillaboom|44\/100|[from] item: Life Orb\n|\n|upkeep\n|\n|t:|1699770529\n|switch|p1a: Iron Jugulis|Iron Jugulis, tera:Flying|60\/100\n|-activate|p1a: Iron Jugulis|ability: Quark Drive\n|-start|p1a: Iron Jugulis|quarkdrivespe\n|turn|15\n|\n|t:|1699770538\n|move|p1a: Iron Jugulis|Hurricane|p2a: Rillaboom|[miss]\n|-miss|p1a: Iron Jugulis|p2a: Rillaboom\n|move|p2a: Rillaboom|Grassy Glide|p1a: Iron Jugulis\n|-resisted|p1a: Iron Jugulis\n|-damage|p1a: Iron Jugulis|36\/100\n|-damage|p2a: Rillaboom|34\/100|[from] item: Life Orb\n|\n|upkeep\n|turn|16\n|\n|t:|1699770555\n|move|p1a: Iron Jugulis|Hurricane|p2a: Rillaboom|[miss]\n|-miss|p1a: Iron Jugulis|p2a: Rillaboom\n|move|p2a: Rillaboom|Grassy Glide|p1a: Iron Jugulis\n|-resisted|p1a: Iron Jugulis\n|-damage|p1a: Iron Jugulis|14\/100\n|-damage|p2a: Rillaboom|24\/100|[from] item: Life Orb\n|\n|upkeep\n|turn|17\n|\n|t:|1699770568\n|move|p1a: Iron Jugulis|Hurricane|p2a: Rillaboom|[miss]\n|-miss|p1a: Iron Jugulis|p2a: Rillaboom\n|move|p2a: Rillaboom|Grassy Glide|p1a: Iron Jugulis\n|-resisted|p1a: Iron Jugulis\n|-damage|p1a: Iron Jugulis|0 fnt\n|faint|p1a: Iron Jugulis\n|-end|p1a: Iron Jugulis|Quark Drive|[silent]\n|-damage|p2a: Rillaboom|15\/100|[from] item: Life Orb\n|\n|upkeep\n|\n|t:|1699770574\n|switch|p1a: Tapu Koko|Tapu Koko|44\/100\n|turn|18\n|\n|t:|1699770599\n|switch|p2a: Urshifu|Urshifu-Rapid-Strike, M|100\/100\n|move|p1a: Tapu Koko|U-turn|p2a: Urshifu\n|-resisted|p2a: Urshifu\n|-damage|p2a: Urshifu|92\/100\n|\n|t:|1699770610\n|switch|p1a: Iron Treads|Iron Treads|100\/100|[from] U-turn\n|-activate|p1a: Iron Treads|ability: Quark Drive\n|-start|p1a: Iron Treads|quarkdrivespe\n|\n|upkeep\n|turn|19\n|inactive|323232kk has 270 seconds left.\n|\n|t:|1699770657\n|move|p1a: Iron Treads|Knock Off|p2a: Urshifu\n|-resisted|p2a: Urshifu\n|-damage|p2a: Urshifu|77\/100\n|-enditem|p2a: Urshifu|Choice Scarf|[from] move: Knock Off|[of] p1a: Iron Treads\n|move|p2a: Urshifu|Surging Strikes|p1a: Iron Treads\n|-supereffective|p1a: Iron Treads\n|-crit|p1a: Iron Treads\n|-damage|p1a: Iron Treads|63\/100\n|-supereffective|p1a: Iron Treads\n|-crit|p1a: Iron Treads\n|-damage|p1a: Iron Treads|28\/100\n|-supereffective|p1a: Iron Treads\n|-crit|p1a: Iron Treads\n|-damage|p1a: Iron Treads|0 fnt\n|faint|p1a: Iron Treads\n|-end|p1a: Iron Treads|Quark Drive|[silent]\n|-hitcount|p1: Iron Treads|3\n|\n|upkeep\n|\n|t:|1699770664\n|switch|p1a: Iron Valiant|Iron Valiant|52\/100\n|-activate|p1a: Iron Valiant|ability: Quark Drive\n|-start|p1a: Iron Valiant|quarkdrivespe\n|turn|20\n|\n|t:|1699770680\n|move|p1a: Iron Valiant|Spirit Break|p2a: Urshifu\n|-supereffective|p2a: Urshifu\n|-damage|p2a: Urshifu|0 fnt\n|faint|p2a: Urshifu\n|-damage|p1a: Iron Valiant|42\/100|[from] item: Life Orb\n|\n|-fieldend|move: Electric Terrain\n|-end|p1a: Iron Valiant|Quark Drive\n|upkeep\n|inactive|323232kk has 240 seconds left.\n|\n|t:|1699770693\n|switch|p2a: Rillaboom|Rillaboom, M|15\/100\n|-fieldstart|move: Grassy Terrain|[from] ability: Grassy Surge|[of] p2a: Rillaboom\n|turn|21\n|inactive|323232kk has 240 seconds left.\n|\n|t:|1699770707\n|-terastallize|p2a: Rillaboom|Grass\n|move|p2a: Rillaboom|Grassy Glide|p1a: Iron Valiant\n|-damage|p1a: Iron Valiant|0 fnt\n|faint|p1a: Iron Valiant\n|-end|p1a: Iron Valiant|Quark Drive|[silent]\n|-damage|p2a: Rillaboom|5\/100|[from] item: Life Orb\n|\n|-heal|p2a: Rillaboom|11\/100|[from] Grassy Terrain\n|upkeep\n|\n|t:|1699770711\n|switch|p1a: Tapu Koko|Tapu Koko|44\/100\n|-fieldstart|move: Electric Terrain|[from] ability: Electric Surge|[of] p1a: Tapu Koko\n|turn|22\n|inactive|323232kk has 240 seconds left.\n|\n|t:|1699770745\n|move|p1a: Tapu Koko|U-turn|p2a: Rillaboom\n|-supereffective|p2a: Rillaboom\n|-damage|p2a: Rillaboom|0 fnt\n|faint|p2a: Rillaboom\n|\n|win|yadabosiggg\n|l|\u203d323232kk\n","uploadtime":1699771973,"views":4,"p1id":"yadabosiggg","p2id":"323232kk","formatid":"gen9nationaldex","rating":0,"private":0,"password":""}