{"id":"gen9nationaldex-1996260502","p1":"MayatazKJ","p2":"clampdown","format":"[Gen 9] National Dex","log":"|html|<div class=\"broadcast-blue\"><strong>[Gen 9] National Dex is currently suspecting Sneasler! For information on how to participate check out the <a href=\"https:\/\/www.smogon.com\/forums\/threads\/sv-national-dex-suspect-8-just-dance.3731534\/\">suspect thread<\/a>.<\/strong><\/div>\n|j|\u2606MayatazKJ\n|j|\u2606clampdown\n|t:|1700665019\n|gametype|singles\n|player|p1|MayatazKJ|265|1406\n|player|p2|clampdown|caitlin|1303\n|teamsize|p1|6\n|teamsize|p2|6\n|gen|9\n|tier|[Gen 9] National Dex\n|rated|\n|rule|HP Percentage Mod: HP is shown in percentages\n|rule|Endless Battle Clause: Forcing endless battles is banned\n|rule|OHKO Clause: OHKO moves are banned\n|rule|Evasion Clause: Evasion abilities, items, and moves are banned\n|rule|Evasion Abilities Clause: Evasion abilities are banned\n|rule|Evasion Items Clause: Evasion items are banned\n|rule|Evasion Moves Clause: Evasion moves are banned\n|rule|Species Clause: Limit one of each Pok\u00e9mon\n|rule|Sleep Clause Mod: Limit one foe put to sleep\n|clearpoke\n|poke|p1|Swampert, F|\n|poke|p1|Pelipper, F|\n|poke|p1|Basculegion-F, F|\n|poke|p1|Clodsire, F|\n|poke|p1|Hatterene, F|\n|poke|p1|Ogerpon-Wellspring, F|\n|poke|p2|Torkoal, F|\n|poke|p2|Leafeon, F|\n|poke|p2|Victini|\n|poke|p2|Hatterene, F|\n|poke|p2|Great Tusk|\n|poke|p2|Charizard, F|\n|teampreview\n|j| Therealdudunsparce\n|inactive|Battle timer is ON: inactive players will automatically lose when time's up. (requested by clampdown)\n|\n|t:|1700665026\n|start\n|switch|p1a: Basculegion|Basculegion-F, F|100\/100\n|switch|p2a: Charizard|Charizard, F|100\/100\n|turn|1\n|l| Therealdudunsparce\n|\n|t:|1700665038\n|switch|p1a: Clodsire|Clodsire, F|100\/100\n|detailschange|p2a: Charizard|Charizard-Mega-Y, F\n|-mega|p2a: Charizard|Charizard|Charizardite Y\n|-weather|SunnyDay|[from] ability: Drought|[of] p2a: Charizard\n|move|p2a: Charizard|Solar Beam||[still]\n|-prepare|p2a: Charizard|Solar Beam\n|-anim|p2a: Charizard|Solar Beam|p1a: Clodsire\n|-damage|p1a: Clodsire|76\/100\n|\n|-weather|SunnyDay|[upkeep]\n|-heal|p1a: Clodsire|82\/100|[from] item: Leftovers\n|upkeep\n|turn|2\n|\n|t:|1700665065\n|switch|p1a: Pelipper|Pelipper, F|100\/100\n|-weather|RainDance|[from] ability: Drizzle|[of] p1a: Pelipper\n|move|p2a: Charizard|Weather Ball|p1a: Pelipper\n|-resisted|p1a: Pelipper\n|-damage|p1a: Pelipper|58\/100\n|\n|-weather|RainDance|[upkeep]\n|upkeep\n|turn|3\n|\n|t:|1700665073\n|switch|p2a: Torkoal|Torkoal, F|100\/100\n|-weather|SunnyDay|[from] ability: Drought|[of] p2a: Torkoal\n|switch|p1a: Clodsire|Clodsire, F|82\/100\n|\n|-weather|SunnyDay|[upkeep]\n|-heal|p1a: Clodsire|88\/100|[from] item: Leftovers\n|upkeep\n|turn|4\n|\n|t:|1700665083\n|move|p2a: Torkoal|Lava Plume|p1a: Clodsire\n|-damage|p1a: Clodsire|69\/100\n|move|p1a: Clodsire|Toxic|p2a: Torkoal\n|-status|p2a: Torkoal|tox\n|\n|-weather|SunnyDay|[upkeep]\n|-heal|p1a: Clodsire|75\/100|[from] item: Leftovers\n|-damage|p2a: Torkoal|94\/100 tox|[from] psn\n|upkeep\n|turn|5\n|\n|t:|1700665093\n|switch|p1a: Pelipper|Pelipper, F|58\/100\n|-weather|RainDance|[from] ability: Drizzle|[of] p1a: Pelipper\n|move|p2a: Torkoal|Stealth Rock|p1a: Pelipper\n|-sidestart|p1: MayatazKJ|move: Stealth Rock\n|\n|-weather|RainDance|[upkeep]\n|-damage|p2a: Torkoal|82\/100 tox|[from] psn\n|upkeep\n|turn|6\n|\n|t:|1700665103\n|switch|p2a: Hatterene|Hatterene, F|100\/100\n|move|p1a: Pelipper|Defog|p2a: Hatterene\n|move|p2a: Hatterene|Defog|p1a: Pelipper|[from]ability: Magic Bounce\n|-unboost|p1a: Pelipper|evasion|1\n|-sideend|p1: MayatazKJ|Stealth Rock|[from] move: Defog|[of] p2a: Hatterene\n|\n|-weather|RainDance|[upkeep]\n|upkeep\n|turn|7\n|\n|t:|1700665118\n|switch|p1a: Hatterene|Hatterene, F, shiny|100\/100\n|move|p2a: Hatterene|Nuzzle|p1a: Hatterene\n|-crit|p1a: Hatterene\n|-damage|p1a: Hatterene|94\/100\n|-status|p1a: Hatterene|par\n|\n|-weather|RainDance|[upkeep]\n|upkeep\n|turn|8\n|\n|t:|1700665137\n|switch|p2a: Charizard|Charizard-Mega-Y, F|100\/100\n|-weather|SunnyDay|[from] ability: Drought|[of] p2a: Charizard\n|move|p1a: Hatterene|Draining Kiss|p2a: Charizard\n|-resisted|p2a: Charizard\n|-damage|p2a: Charizard|86\/100\n|-heal|p1a: Hatterene|100\/100 par|[from] drain|[of] p2a: Charizard\n|\n|-weather|SunnyDay|[upkeep]\n|upkeep\n|turn|9\n|\n|t:|1700665155\n|move|p2a: Charizard|Scorching Sands|p1a: Hatterene\n|-damage|p1a: Hatterene|68\/100 par\n|move|p1a: Hatterene|Psyshock|p2a: Charizard\n|-damage|p2a: Charizard|20\/100\n|\n|-weather|SunnyDay|[upkeep]\n|upkeep\n|turn|10\n|\n|t:|1700665164\n|switch|p2a: Hatterene|Hatterene, F|100\/100\n|move|p1a: Hatterene|Psyshock|p2a: Hatterene\n|-resisted|p2a: Hatterene\n|-damage|p2a: Hatterene|80\/100\n|-enditem|p2a: Hatterene|Eject Button\n|\n|t:|1700665172\n|switch|p2a: Victini|Victini|100\/100\n|\n|-weather|SunnyDay|[upkeep]\n|upkeep\n|turn|11\n|\n|t:|1700665179\n|move|p2a: Victini|V-create|p1a: Hatterene\n|-damage|p1a: Hatterene|0 fnt\n|-unboost|p2a: Victini|spe|1\n|-unboost|p2a: Victini|def|1\n|-unboost|p2a: Victini|spd|1\n|faint|p1a: Hatterene\n|\n|-weather|SunnyDay|[upkeep]\n|upkeep\n|\n|t:|1700665184\n|switch|p1a: Pelipper|Pelipper, F|58\/100\n|-weather|RainDance|[from] ability: Drizzle|[of] p1a: Pelipper\n|turn|12\n|\n|t:|1700665190\n|switch|p2a: Hatterene|Hatterene, F|80\/100\n|move|p1a: Pelipper|Roost|p1a: Pelipper\n|-heal|p1a: Pelipper|100\/100\n|-singleturn|p1a: Pelipper|move: Roost\n|\n|-weather|RainDance|[upkeep]\n|upkeep\n|turn|13\n|\n|t:|1700665195\n|move|p1a: Pelipper|U-turn|p2a: Hatterene\n|-damage|p2a: Hatterene|73\/100\n|\n|t:|1700665197\n|switch|p1a: Swampert|Swampert, F|100\/100|[from] U-turn\n|move|p2a: Hatterene|Healing Wish|p2a: Hatterene\n|faint|p2a: Hatterene\n|\n|-weather|RainDance|[upkeep]\n|upkeep\n|\n|t:|1700665201\n|switch|p2a: Charizard|Charizard-Mega-Y, F|20\/100\n|-heal|p2a: Charizard|100\/100|[from] move: Healing Wish\n|-weather|SunnyDay|[from] ability: Drought|[of] p2a: Charizard\n|turn|14\n|\n|t:|1700665212\n|switch|p1a: Clodsire|Clodsire, F|75\/100\n|move|p2a: Charizard|Solar Beam||[still]\n|-prepare|p2a: Charizard|Solar Beam\n|-anim|p2a: Charizard|Solar Beam|p1a: Clodsire\n|-damage|p1a: Clodsire|49\/100\n|\n|-weather|SunnyDay|[upkeep]\n|-heal|p1a: Clodsire|55\/100|[from] item: Leftovers\n|upkeep\n|turn|15\n|\n|t:|1700665221\n|switch|p2a: Leafeon|Leafeon, F|100\/100\n|move|p1a: Clodsire|Recover|p1a: Clodsire\n|-heal|p1a: Clodsire|100\/100\n|\n|-weather|SunnyDay|[upkeep]\n|upkeep\n|turn|16\n|\n|t:|1700665229\n|switch|p1a: Pelipper|Pelipper, F|100\/100\n|-weather|RainDance|[from] ability: Drizzle|[of] p1a: Pelipper\n|move|p2a: Leafeon|Solar Blade||[still]\n|-prepare|p2a: Leafeon|Solar Blade\n|-enditem|p2a: Leafeon|Power Herb\n|-anim|p2a: Leafeon|Solar Blade|p1a: Pelipper\n|-damage|p1a: Pelipper|76\/100\n|\n|-weather|RainDance|[upkeep]\n|upkeep\n|turn|17\n|\n|t:|1700665240\n|switch|p2a: Torkoal|Torkoal, F|82\/100 tox\n|-weather|SunnyDay|[from] ability: Drought|[of] p2a: Torkoal\n|move|p1a: Pelipper|U-turn|p2a: Torkoal\n|-resisted|p2a: Torkoal\n|-damage|p2a: Torkoal|80\/100 tox\n|\n|t:|1700665244\n|switch|p1a: Swampert|Swampert, F|100\/100|[from] U-turn\n|\n|-weather|SunnyDay|[upkeep]\n|-damage|p2a: Torkoal|74\/100 tox|[from] psn\n|upkeep\n|turn|18\n|\n|t:|1700665254\n|switch|p1a: Pelipper|Pelipper, F|76\/100\n|-weather|RainDance|[from] ability: Drizzle|[of] p1a: Pelipper\n|move|p2a: Torkoal|Stealth Rock|p1a: Pelipper\n|-sidestart|p1: MayatazKJ|move: Stealth Rock\n|\n|-weather|RainDance|[upkeep]\n|-damage|p2a: Torkoal|62\/100 tox|[from] psn\n|upkeep\n|turn|19\n|\n|t:|1700665262\n|move|p1a: Pelipper|Defog|p2a: Torkoal\n|-unboost|p2a: Torkoal|evasion|1\n|-sideend|p1: MayatazKJ|Stealth Rock|[from] move: Defog|[of] p1a: Pelipper\n|move|p2a: Torkoal|Lava Plume|p1a: Pelipper\n|-resisted|p1a: Pelipper\n|-damage|p1a: Pelipper|69\/100\n|\n|-weather|RainDance|[upkeep]\n|-damage|p2a: Torkoal|43\/100 tox|[from] psn\n|upkeep\n|turn|20\n|\n|t:|1700665268\n|switch|p2a: Charizard|Charizard-Mega-Y, F|100\/100\n|-weather|SunnyDay|[from] ability: Drought|[of] p2a: Charizard\n|move|p1a: Pelipper|U-turn|p2a: Charizard\n|-resisted|p2a: Charizard\n|-damage|p2a: Charizard|98\/100\n|\n|t:|1700665272\n|switch|p1a: Clodsire|Clodsire, F|100\/100|[from] U-turn\n|\n|-weather|SunnyDay|[upkeep]\n|upkeep\n|turn|21\n|\n|t:|1700665280\n|move|p2a: Charizard|Weather Ball|p1a: Clodsire\n|-damage|p1a: Clodsire|54\/100\n|move|p1a: Clodsire|Toxic|p2a: Charizard\n|-status|p2a: Charizard|tox\n|\n|-weather|SunnyDay|[upkeep]\n|-heal|p1a: Clodsire|60\/100|[from] item: Leftovers\n|-damage|p2a: Charizard|92\/100 tox|[from] psn\n|upkeep\n|turn|22\n|\n|t:|1700665287\n|switch|p2a: Victini|Victini|100\/100\n|move|p1a: Clodsire|Recover|p1a: Clodsire\n|-heal|p1a: Clodsire|100\/100\n|\n|-weather|SunnyDay|[upkeep]\n|upkeep\n|turn|23\n|\n|t:|1700665302\n|switch|p1a: Ogerpon|Ogerpon-Wellspring, F|100\/100\n|move|p2a: Victini|V-create|p1a: Ogerpon\n|-damage|p1a: Ogerpon|0 fnt\n|-unboost|p2a: Victini|spe|1\n|-unboost|p2a: Victini|def|1\n|-unboost|p2a: Victini|spd|1\n|faint|p1a: Ogerpon\n|\n|-weather|SunnyDay|[upkeep]\n|upkeep\n|\n|t:|1700665305\n|switch|p1a: Pelipper|Pelipper, F|69\/100\n|-weather|RainDance|[from] ability: Drizzle|[of] p1a: Pelipper\n|turn|24\n|\n|t:|1700665317\n|-terastallize|p2a: Victini|Fire\n|move|p2a: Victini|V-create|p1a: Pelipper\n|-resisted|p1a: Pelipper\n|-damage|p1a: Pelipper|48\/100\n|-unboost|p2a: Victini|spe|1\n|-unboost|p2a: Victini|def|1\n|-unboost|p2a: Victini|spd|1\n|move|p1a: Pelipper|U-turn|p2a: Victini\n|-resisted|p2a: Victini\n|-damage|p2a: Victini|92\/100\n|\n|t:|1700665335\n|switch|p1a: Swampert|Swampert, F|100\/100|[from] U-turn\n|\n|-weather|RainDance|[upkeep]\n|upkeep\n|turn|25\n|\n|t:|1700665342\n|switch|p2a: Torkoal|Torkoal, F|43\/100 tox\n|-weather|SunnyDay|[from] ability: Drought|[of] p2a: Torkoal\n|detailschange|p1a: Swampert|Swampert-Mega, F\n|-mega|p1a: Swampert|Swampert|Swampertite\n|move|p1a: Swampert|Liquidation|p2a: Torkoal\n|-supereffective|p2a: Torkoal\n|-damage|p2a: Torkoal|11\/100 tox\n|\n|-weather|SunnyDay|[upkeep]\n|-damage|p2a: Torkoal|5\/100 tox|[from] psn\n|upkeep\n|turn|26\n|\n|t:|1700665351\n|move|p1a: Swampert|Flip Turn|p2a: Torkoal\n|-supereffective|p2a: Torkoal\n|-damage|p2a: Torkoal|0 fnt\n|faint|p2a: Torkoal\n|\n|t:|1700665353\n|switch|p1a: Pelipper|Pelipper, F|48\/100|[from] Flip Turn\n|-weather|RainDance|[from] ability: Drizzle|[of] p1a: Pelipper\n|\n|-weather|RainDance|[upkeep]\n|upkeep\n|\n|t:|1700665358\n|switch|p2a: Charizard|Charizard-Mega-Y, F|92\/100 tox\n|-weather|SunnyDay|[from] ability: Drought|[of] p2a: Charizard\n|turn|27\n|\n|t:|1700665365\n|switch|p2a: Leafeon|Leafeon, F|100\/100\n|switch|p1a: Clodsire|Clodsire, F|100\/100\n|\n|-weather|SunnyDay|[upkeep]\n|upkeep\n|turn|28\n|\n|t:|1700665377\n|-terastallize|p1a: Clodsire|Flying\n|move|p2a: Leafeon|Solar Blade||[still]\n|-prepare|p2a: Leafeon|Solar Blade\n|-anim|p2a: Leafeon|Solar Blade|p1a: Clodsire\n|-resisted|p1a: Clodsire\n|-damage|p1a: Clodsire|65\/100\n|move|p1a: Clodsire|Toxic|p2a: Leafeon\n|-status|p2a: Leafeon|tox\n|\n|-weather|SunnyDay|[upkeep]\n|-heal|p1a: Clodsire|72\/100|[from] item: Leftovers\n|-damage|p2a: Leafeon|95\/100 tox|[from] psn\n|upkeep\n|turn|29\n|\n|t:|1700665388\n|switch|p2a: Victini|Victini, tera:Fire|92\/100\n|switch|p1a: Pelipper|Pelipper, F|48\/100\n|-weather|RainDance|[from] ability: Drizzle|[of] p1a: Pelipper\n|\n|-weather|RainDance|[upkeep]\n|upkeep\n|turn|30\n|\n|t:|1700665393\n|switch|p2a: Charizard|Charizard-Mega-Y, F|92\/100 tox\n|-weather|SunnyDay|[from] ability: Drought|[of] p2a: Charizard\n|switch|p1a: Swampert|Swampert-Mega, F|100\/100\n|\n|-weather|SunnyDay|[upkeep]\n|-damage|p2a: Charizard|86\/100 tox|[from] psn\n|upkeep\n|turn|31\n|\n|t:|1700665406\n|switch|p1a: Clodsire|Clodsire, F, tera:Flying|72\/100\n|move|p2a: Charizard|Solar Beam||[still]\n|-prepare|p2a: Charizard|Solar Beam\n|-anim|p2a: Charizard|Solar Beam|p1a: Clodsire\n|-resisted|p1a: Clodsire\n|-damage|p1a: Clodsire|60\/100\n|\n|-weather|SunnyDay|[upkeep]\n|-heal|p1a: Clodsire|66\/100|[from] item: Leftovers\n|-damage|p2a: Charizard|74\/100 tox|[from] psn\n|upkeep\n|turn|32\n|\n|t:|1700665412\n|move|p2a: Charizard|Weather Ball|p1a: Clodsire\n|-damage|p1a: Clodsire|22\/100\n|move|p1a: Clodsire|Stealth Rock|p2a: Charizard\n|-sidestart|p2: clampdown|move: Stealth Rock\n|\n|-weather|SunnyDay|[upkeep]\n|-heal|p1a: Clodsire|28\/100|[from] item: Leftovers\n|-damage|p2a: Charizard|55\/100 tox|[from] psn\n|upkeep\n|turn|33\n|\n|t:|1700665425\n|move|p2a: Charizard|Roost|p2a: Charizard\n|-heal|p2a: Charizard|100\/100 tox\n|-singleturn|p2a: Charizard|move: Roost\n|move|p1a: Clodsire|Recover|p1a: Clodsire\n|-heal|p1a: Clodsire|78\/100\n|\n|-weather|SunnyDay|[upkeep]\n|-heal|p1a: Clodsire|84\/100|[from] item: Leftovers\n|-damage|p2a: Charizard|76\/100 tox|[from] psn\n|upkeep\n|turn|34\n|\n|t:|1700665432\n|switch|p2a: Victini|Victini, tera:Fire|92\/100\n|-damage|p2a: Victini|67\/100|[from] Stealth Rock\n|move|p1a: Clodsire|Recover|p1a: Clodsire\n|-heal|p1a: Clodsire|100\/100\n|\n|-weather|none\n|upkeep\n|turn|35\n|\n|t:|1700665440\n|switch|p1a: Pelipper|Pelipper, F|48\/100\n|-weather|RainDance|[from] ability: Drizzle|[of] p1a: Pelipper\n|move|p2a: Victini|Bolt Strike|p1a: Pelipper\n|-supereffective|p1a: Pelipper\n|-damage|p1a: Pelipper|0 fnt\n|faint|p1a: Pelipper\n|\n|-weather|RainDance|[upkeep]\n|upkeep\n|\n|t:|1700665446\n|switch|p1a: Swampert|Swampert-Mega, F|100\/100\n|turn|36\n|\n|t:|1700665450\n|switch|p2a: Charizard|Charizard-Mega-Y, F|76\/100 tox\n|-damage|p2a: Charizard|26\/100 tox|[from] Stealth Rock\n|-weather|SunnyDay|[from] ability: Drought|[of] p2a: Charizard\n|move|p1a: Swampert|Liquidation|p2a: Charizard\n|-supereffective|p2a: Charizard\n|-damage|p2a: Charizard|0 fnt\n|faint|p2a: Charizard\n|\n|-weather|SunnyDay|[upkeep]\n|upkeep\n|\n|t:|1700665455\n|switch|p2a: Leafeon|Leafeon, F|95\/100 tox\n|-damage|p2a: Leafeon|82\/100 tox|[from] Stealth Rock\n|turn|37\n|\n|t:|1700665463\n|switch|p2a: Great Tusk|Great Tusk|100\/100\n|-damage|p2a: Great Tusk|98\/100|[from] Stealth Rock\n|-activate|p2a: Great Tusk|ability: Protosynthesis\n|-start|p2a: Great Tusk|protosynthesisatk\n|switch|p1a: Clodsire|Clodsire, F, tera:Flying|100\/100\n|\n|-weather|SunnyDay|[upkeep]\n|upkeep\n|turn|38\n|\n|t:|1700665471\n|-zpower|p2a: Great Tusk\n|move|p2a: Great Tusk|Subzero Slammer|p1a: Clodsire|[zeffect]\n|-supereffective|p1a: Clodsire\n|-damage|p1a: Clodsire|0 fnt\n|faint|p1a: Clodsire\n|\n|-weather|SunnyDay|[upkeep]\n|upkeep\n|c|\u2606MayatazKJ|bad game\n|n|!MayatazKJ|mayatazkj\n|l|!MayatazKJ\n|inactive|MayatazKJ disconnected and has a minute to reconnect!\n|player|p1|\n|inactive|MayatazKJ has 30 seconds to reconnect!\n|inactive|MayatazKJ has 20 seconds to reconnect!\n|inactive|MayatazKJ has 15 seconds to reconnect!\n|inactive|MayatazKJ has 10 seconds to reconnect!\n|inactive|MayatazKJ has 5 seconds to reconnect!\n|-message|MayatazKJ lost due to inactivity.\n|\n|win|clampdown\n|raw|MayatazKJ's rating: 1406 &rarr; <strong>1380<\/strong><br \/>(-26 for losing)\n|raw|clampdown's rating: 1303 &rarr; <strong>1329<\/strong><br \/>(+26 for winning)\n","uploadtime":1700665498,"views":9,"p1id":"mayatazkj","p2id":"clampdown","formatid":"gen9nationaldex","rating":1329,"private":0,"password":""}