{"id":"gen9nationaldex-1993004956","p1":"RiouruK","p2":"mariopan","format":"[Gen 9] National Dex","log":"|j|\u2606RiouruK\n|j|\u2606mariopan\n|t:|1700254667\n|gametype|singles\n|player|p1|RiouruK|ghetsis|\n|player|p2|mariopan|hilbert|\n|teamsize|p1|6\n|teamsize|p2|6\n|gen|9\n|tier|[Gen 9] National Dex\n|rule|HP Percentage Mod: HP is shown in percentages\n|rule|Endless Battle Clause: Forcing endless battles is banned\n|rule|OHKO Clause: OHKO moves are banned\n|rule|Evasion Clause: Evasion abilities, items, and moves are banned\n|rule|Evasion Abilities Clause: Evasion abilities are banned\n|rule|Evasion Items Clause: Evasion items are banned\n|rule|Evasion Moves Clause: Evasion moves are banned\n|rule|Species Clause: Limit one of each Pok\u00e9mon\n|rule|Sleep Clause Mod: Limit one foe put to sleep\n|clearpoke\n|poke|p1|Kommo-o, M|\n|poke|p1|Iron Valiant|\n|poke|p1|Lopunny, F|\n|poke|p1|Blaziken, F|\n|poke|p1|Urshifu-*, M|\n|poke|p1|Great Tusk|\n|poke|p2|Garganacl, F|\n|poke|p2|Glimmora, F|\n|poke|p2|Aerodactyl, F|\n|poke|p2|Shuckle, F|\n|poke|p2|Cradily, M|\n|poke|p2|Tyranitar, F|\n|teampreview\n|\n|t:|1700254684\n|start\n|switch|p1a: We|Iron Valiant|100\/100\n|switch|p2a: Shuckle|Shuckle, F|100\/100\n|turn|1\n|\n|t:|1700254705\n|-end|p1a: We|Quark Drive|[silent]\n|switch|p1a: Great Tusk|Great Tusk|100\/100\n|move|p2a: Shuckle|Sticky Web|p1a: Great Tusk\n|-sidestart|p1: RiouruK|move: Sticky Web\n|\n|upkeep\n|turn|2\n|\n|t:|1700254715\n|move|p1a: Great Tusk|Close Combat|p2a: Shuckle\n|-damage|p2a: Shuckle|74\/100\n|-unboost|p1a: Great Tusk|def|1\n|-unboost|p1a: Great Tusk|spd|1\n|-enditem|p2a: Shuckle|Red Card|[of] p1a: Great Tusk\n|-end|p1a: Great Tusk|Protosynthesis|[silent]\n|drag|p1a: Lopunny|Lopunny, F, shiny|100\/100\n|-activate|p1a: Lopunny|move: Sticky Web\n|-unboost|p1a: Lopunny|spe|1\n|move|p2a: Shuckle|Toxic|p1a: Lopunny\n|-status|p1a: Lopunny|tox\n|\n|-damage|p1a: Lopunny|95\/100 tox|[from] psn\n|upkeep\n|turn|3\n|\n|t:|1700254730\n|move|p1a: Lopunny|U-turn|p2a: Shuckle\n|-damage|p2a: Shuckle|64\/100\n|\n|t:|1700254743\n|switch|p1a: Lucarion't|Kommo-o, M|100\/100|[from] U-turn\n|-activate|p1a: Lucarion't|move: Sticky Web\n|-unboost|p1a: Lucarion't|spe|1\n|move|p2a: Shuckle|Stealth Rock|p1a: Lucarion't\n|-sidestart|p1: RiouruK|move: Stealth Rock\n|\n|upkeep\n|turn|4\n|\n|t:|1700254761\n|move|p1a: Lucarion't|Clanging Scales|p2a: Shuckle\n|-damage|p2a: Shuckle|32\/100\n|-unboost|p1a: Lucarion't|def|1\n|move|p2a: Shuckle|Encore|p1a: Lucarion't\n|-start|p1a: Lucarion't|Encore\n|\n|upkeep\n|turn|5\n|\n|t:|1700254773\n|switch|p2a: Tyranitar|Tyranitar, F|100\/100\n|-weather|Sandstorm|[from] ability: Sand Stream|[of] p2a: Tyranitar\n|move|p1a: Lucarion't|Clanging Scales|p2a: Tyranitar\n|-damage|p2a: Tyranitar|79\/100\n|-unboost|p1a: Lucarion't|def|1\n|\n|-weather|Sandstorm|[upkeep]\n|-damage|p1a: Lucarion't|94\/100|[from] Sandstorm\n|upkeep\n|turn|6\n|\n|t:|1700254791\n|move|p2a: Tyranitar|Knock Off|p1a: Lucarion't\n|-resisted|p1a: Lucarion't\n|-damage|p1a: Lucarion't|64\/100\n|-zpower|p1a: Lucarion't\n|move|p1a: Lucarion't|Clangorous Soulblaze|p2a: Tyranitar|[zeffect]\n|-damage|p2a: Tyranitar|44\/100\n|-boost|p1a: Lucarion't|atk|1\n|-boost|p1a: Lucarion't|def|1\n|-boost|p1a: Lucarion't|spa|1\n|-boost|p1a: Lucarion't|spd|1\n|-boost|p1a: Lucarion't|spe|1\n|\n|-weather|Sandstorm|[upkeep]\n|-damage|p1a: Lucarion't|58\/100|[from] Sandstorm\n|upkeep\n|turn|7\n|\n|t:|1700254807\n|switch|p2a: Garganacl|Garganacl, F|100\/100\n|move|p1a: Lucarion't|Clanging Scales|p2a: Garganacl\n|-damage|p2a: Garganacl|66\/100\n|-unboost|p1a: Lucarion't|def|1\n|\n|-weather|Sandstorm|[upkeep]\n|-damage|p1a: Lucarion't|52\/100|[from] Sandstorm\n|-end|p1a: Lucarion't|Encore\n|upkeep\n|turn|8\n|\n|t:|1700254818\n|move|p1a: Lucarion't|Clanging Scales|p2a: Garganacl\n|-damage|p2a: Garganacl|37\/100\n|-unboost|p1a: Lucarion't|def|1\n|move|p2a: Garganacl|Salt Cure|p1a: Lucarion't\n|-resisted|p1a: Lucarion't\n|-damage|p1a: Lucarion't|37\/100\n|-start|p1a: Lucarion't|Salt Cure\n|\n|-weather|Sandstorm|[upkeep]\n|-damage|p1a: Lucarion't|30\/100|[from] Sandstorm\n|-damage|p1a: Lucarion't|18\/100|[from] Salt Cure\n|upkeep\n|turn|9\n|\n|t:|1700254828\n|move|p2a: Garganacl|Protect|p2a: Garganacl\n|-singleturn|p2a: Garganacl|Protect\n|move|p1a: Lucarion't|Clanging Scales|p2a: Garganacl\n|-activate|p2a: Garganacl|move: Protect\n|\n|-weather|Sandstorm|[upkeep]\n|-damage|p1a: Lucarion't|12\/100|[from] Sandstorm\n|-damage|p1a: Lucarion't|0 fnt|[from] Salt Cure\n|faint|p1a: Lucarion't\n|upkeep\n|\n|t:|1700254831\n|switch|p1a: We|Iron Valiant|100\/100\n|-activate|p1a: We|move: Sticky Web\n|-unboost|p1a: We|spe|1\n|-damage|p1a: We|94\/100|[from] Stealth Rock\n|turn|10\n|\n|t:|1700254844\n|move|p1a: We|Focus Blast|p2a: Garganacl\n|-supereffective|p2a: Garganacl\n|-damage|p2a: Garganacl|0 fnt\n|faint|p2a: Garganacl\n|\n|-weather|Sandstorm|[upkeep]\n|-damage|p1a: We|88\/100|[from] Sandstorm\n|upkeep\n|\n|t:|1700254872\n|switch|p2a: Cradily|Cradily, M|100\/100\n|turn|11\n|\n|t:|1700254877\n|move|p1a: We|Focus Blast|p2a: Cradily|[miss]\n|-miss|p1a: We|p2a: Cradily\n|move|p2a: Cradily|Toxic|p1a: We|[miss]\n|-miss|p2a: Cradily|p1a: We\n|\n|-weather|Sandstorm|[upkeep]\n|-damage|p1a: We|82\/100|[from] Sandstorm\n|upkeep\n|turn|12\n|\n|t:|1700254885\n|move|p1a: We|Focus Blast|p2a: Cradily\n|-supereffective|p2a: Cradily\n|-crit|p2a: Cradily\n|-damage|p2a: Cradily|0 fnt\n|faint|p2a: Cradily\n|\n|-weather|none\n|upkeep\n|\n|t:|1700254891\n|switch|p2a: Glimmora|Glimmora, F|100\/100\n|turn|13\n|\n|t:|1700254902\n|-terastallize|p2a: Glimmora|Ground\n|move|p2a: Glimmora|Sludge Wave|p1a: We\n|-supereffective|p1a: We\n|-damage|p1a: We|0 fnt\n|faint|p1a: We\n|-end|p1a: We|Quark Drive|[silent]\n|\n|upkeep\n|\n|t:|1700254911\n|switch|p1a: Urshifu|Urshifu-Rapid-Strike, M|100\/100\n|-activate|p1a: Urshifu|move: Sticky Web\n|-unboost|p1a: Urshifu|spe|1\n|-damage|p1a: Urshifu|94\/100|[from] Stealth Rock\n|turn|14\n|\n|t:|1700254929\n|move|p2a: Glimmora|Spikes|p1a: Urshifu\n|-sidestart|p1: RiouruK|Spikes\n|move|p1a: Urshifu|Surging Strikes|p2a: Glimmora\n|-supereffective|p2a: Glimmora\n|-crit|p2a: Glimmora\n|-damage|p2a: Glimmora|49\/100\n|-activate|p2a: Glimmora|ability: Toxic Debris\n|-sidestart|p1: RiouruK|move: Toxic Spikes\n|-supereffective|p2a: Glimmora\n|-crit|p2a: Glimmora\n|-damage|p2a: Glimmora|0 fnt\n|-activate|p2a: Glimmora|ability: Toxic Debris\n|-sidestart|p1: RiouruK|move: Toxic Spikes\n|faint|p2a: Glimmora\n|-hitcount|p2: Glimmora|2\n|\n|upkeep\n|\n|t:|1700254941\n|switch|p2a: Tyranitar|Tyranitar, F|44\/100\n|-weather|Sandstorm|[from] ability: Sand Stream|[of] p2a: Tyranitar\n|turn|15\n|\n|t:|1700254947\n|switch|p2a: Shuckle|Shuckle, F|32\/100\n|move|p1a: Urshifu|Surging Strikes|p2a: Shuckle\n|-supereffective|p2a: Shuckle\n|-crit|p2a: Shuckle\n|-damage|p2a: Shuckle|9\/100\n|-supereffective|p2a: Shuckle\n|-crit|p2a: Shuckle\n|-damage|p2a: Shuckle|0 fnt\n|faint|p2a: Shuckle\n|-hitcount|p2: Shuckle|2\n|\n|-weather|Sandstorm|[upkeep]\n|-damage|p1a: Urshifu|88\/100|[from] Sandstorm\n|upkeep\n|\n|t:|1700254957\n|switch|p2a: Aerodactyl|Aerodactyl, F|100\/100\n|turn|16\n|j| Azu_CriticalXD\n|\n|t:|1700254965\n|detailschange|p2a: Aerodactyl|Aerodactyl-Mega, F\n|-mega|p2a: Aerodactyl|Aerodactyl|Aerodactylite\n|move|p2a: Aerodactyl|Earthquake|p1a: Urshifu\n|-damage|p1a: Urshifu|50\/100\n|move|p1a: Urshifu|Surging Strikes|p2a: Aerodactyl\n|-supereffective|p2a: Aerodactyl\n|-crit|p2a: Aerodactyl\n|-damage|p2a: Aerodactyl|42\/100\n|-supereffective|p2a: Aerodactyl\n|-crit|p2a: Aerodactyl\n|-damage|p2a: Aerodactyl|0 fnt\n|faint|p2a: Aerodactyl\n|-hitcount|p2: Aerodactyl|2\n|\n|-weather|Sandstorm|[upkeep]\n|-damage|p1a: Urshifu|44\/100|[from] Sandstorm\n|upkeep\n|c| Azu_CriticalXD|si\n|\n|t:|1700254977\n|switch|p2a: Tyranitar|Tyranitar, F|44\/100\n|turn|17\n|\n|t:|1700254986\n|move|p1a: Urshifu|Surging Strikes|p2a: Tyranitar\n|-supereffective|p2a: Tyranitar\n|-crit|p2a: Tyranitar\n|-damage|p2a: Tyranitar|2\/100\n|-supereffective|p2a: Tyranitar\n|-crit|p2a: Tyranitar\n|-damage|p2a: Tyranitar|0 fnt\n|faint|p2a: Tyranitar\n|-hitcount|p2: Tyranitar|2\n|\n|win|RiouruK\n|l| Azu_CriticalXD\n|l|\u2606RiouruK\n","uploadtime":1700254996,"views":15,"p1id":"riouruk","p2id":"mariopan","formatid":"gen9nationaldex","rating":0,"private":0,"password":""}