{"id":"gen9nationaldex-1987795584","p1":"Maxer59","p2":"zerosakihitoshiki","format":"[Gen 9] National Dex","log":"|j|\u2606Maxer59\n|j|\u2606zerosakihitoshiki\n|t:|1699637609\n|gametype|singles\n|player|p1|Maxer59|lucas|1190\n|player|p2|zerosakihitoshiki|marley|1304\n|teamsize|p1|6\n|teamsize|p2|6\n|gen|9\n|tier|[Gen 9] National Dex\n|rated|\n|rule|HP Percentage Mod: HP is shown in percentages\n|rule|Endless Battle Clause: Forcing endless battles is banned\n|rule|OHKO Clause: OHKO moves are banned\n|rule|Evasion Clause: Evasion abilities, items, and moves are banned\n|rule|Evasion Abilities Clause: Evasion abilities are banned\n|rule|Evasion Items Clause: Evasion items are banned\n|rule|Evasion Moves Clause: Evasion moves are banned\n|rule|Species Clause: Limit one of each Pok\u00e9mon\n|rule|Sleep Clause Mod: Limit one foe put to sleep\n|clearpoke\n|poke|p1|Xurkitree|\n|poke|p1|Tapu Koko|\n|poke|p1|Raichu-Alola, F|\n|poke|p1|Heliolisk, F|\n|poke|p1|Rotom-Wash|\n|poke|p1|Iron Hands|\n|poke|p2|Cinderace, M|\n|poke|p2|Kommo-o, M|\n|poke|p2|Tapu Lele|\n|poke|p2|Rillaboom, M|\n|poke|p2|Diancie|\n|poke|p2|Manaphy|\n|teampreview\n|inactive|Battle timer is ON: inactive players will automatically lose when time's up. (requested by Maxer59)\n|\n|t:|1699637634\n|start\n|switch|p1a: Rotom|Rotom-Wash|100\/100\n|switch|p2a: Kommo-o|Kommo-o, M|100\/100\n|turn|1\n|\n|t:|1699637641\n|move|p2a: Kommo-o|Clangorous Soul|p2a: Kommo-o\n|-boost|p2a: Kommo-o|atk|1\n|-boost|p2a: Kommo-o|def|1\n|-boost|p2a: Kommo-o|spa|1\n|-boost|p2a: Kommo-o|spd|1\n|-boost|p2a: Kommo-o|spe|1\n|-damage|p2a: Kommo-o|68\/100\n|-enditem|p2a: Kommo-o|Throat Spray\n|-boost|p2a: Kommo-o|spa|1|[from] item: Throat Spray\n|move|p1a: Rotom|Electric Terrain|p1a: Rotom\n|-fieldstart|move: Electric Terrain\n|\n|upkeep\n|turn|2\n|\n|t:|1699637654\n|-terastallize|p2a: Kommo-o|Steel\n|move|p2a: Kommo-o|Clanging Scales|p1a: Rotom\n|-damage|p1a: Rotom|7\/100\n|-unboost|p2a: Kommo-o|def|1\n|move|p1a: Rotom|Volt Switch|p2a: Kommo-o\n|-damage|p2a: Kommo-o|48\/100\n|\n|t:|1699637680\n|switch|p1a: Iron Hands|Iron Hands|100\/100|[from] Volt Switch\n|-activate|p1a: Iron Hands|ability: Quark Drive\n|-start|p1a: Iron Hands|quarkdriveatk\n|\n|upkeep\n|turn|3\n|\n|t:|1699637690\n|move|p2a: Kommo-o|Flamethrower|p1a: Iron Hands\n|-damage|p1a: Iron Hands|68\/100\n|move|p1a: Iron Hands|Brick Break|p2a: Kommo-o\n|-supereffective|p2a: Kommo-o\n|-damage|p2a: Kommo-o|0 fnt\n|faint|p2a: Kommo-o\n|\n|upkeep\n|\n|t:|1699637697\n|switch|p2a: Tapu Lele|Tapu Lele|100\/100\n|-fieldstart|move: Psychic Terrain|[from] ability: Psychic Surge|[of] p2a: Tapu Lele\n|-end|p1a: Iron Hands|Quark Drive\n|turn|4\n|\n|t:|1699637713\n|-end|p1a: Iron Hands|Quark Drive|[silent]\n|switch|p1a: Rotom|Rotom-Wash|7\/100\n|move|p2a: Tapu Lele|Psychic|p1a: Rotom\n|-damage|p1a: Rotom|0 fnt\n|faint|p1a: Rotom\n|\n|upkeep\n|\n|t:|1699637719\n|switch|p1a: Tapu Koko|Tapu Koko|100\/100\n|-fieldstart|move: Electric Terrain|[from] ability: Electric Surge|[of] p1a: Tapu Koko\n|turn|5\n|\n|t:|1699637727\n|switch|p2a: Rillaboom|Rillaboom, M|100\/100\n|-fieldstart|move: Grassy Terrain|[from] ability: Grassy Surge|[of] p2a: Rillaboom\n|move|p1a: Tapu Koko|Volt Switch|p2a: Rillaboom\n|-resisted|p2a: Rillaboom\n|-damage|p2a: Rillaboom|81\/100\n|\n|t:|1699637739\n|switch|p1a: Raichu|Raichu-Alola, F|100\/100|[from] Volt Switch\n|\n|-heal|p2a: Rillaboom|87\/100|[from] Grassy Terrain\n|upkeep\n|turn|6\n|\n|t:|1699637744\n|-terastallize|p1a: Raichu|Normal\n|move|p1a: Raichu|Fake Out|p2a: Rillaboom\n|-damage|p2a: Rillaboom|67\/100\n|-damage|p1a: Raichu|91\/100|[from] item: Life Orb\n|cant|p2a: Rillaboom|flinch\n|\n|-heal|p1a: Raichu|97\/100|[from] Grassy Terrain\n|-heal|p2a: Rillaboom|74\/100|[from] Grassy Terrain\n|upkeep\n|turn|7\n|\n|t:|1699637749\n|move|p1a: Raichu|Extreme Speed|p2a: Rillaboom\n|-damage|p2a: Rillaboom|30\/100\n|-damage|p1a: Raichu|87\/100|[from] item: Life Orb\n|move|p2a: Rillaboom|Wood Hammer|p1a: Raichu\n|-damage|p1a: Raichu|0 fnt\n|faint|p1a: Raichu\n|-damage|p2a: Rillaboom|11\/100|[from] Recoil\n|\n|-heal|p2a: Rillaboom|17\/100|[from] Grassy Terrain\n|upkeep\n|\n|t:|1699637762\n|switch|p1a: Tapu Koko|Tapu Koko|100\/100\n|-fieldstart|move: Electric Terrain|[from] ability: Electric Surge|[of] p1a: Tapu Koko\n|turn|8\n|\n|t:|1699637768\n|switch|p2a: Diancie|Diancie|100\/100\n|move|p1a: Tapu Koko|Dazzling Gleam|p2a: Diancie\n|-damage|p2a: Diancie|64\/100\n|\n|upkeep\n|turn|9\n|\n|t:|1699637780\n|detailschange|p2a: Diancie|Diancie-Mega\n|-mega|p2a: Diancie|Diancie|Diancite\n|move|p1a: Tapu Koko|Volt Switch|p2a: Diancie\n|-damage|p2a: Diancie|13\/100\n|\n|t:|1699637787\n|switch|p1a: Heliolisk|Heliolisk, F|100\/100|[from] Volt Switch\n|-enditem|p1a: Heliolisk|Electric Seed\n|-boost|p1a: Heliolisk|def|1|[from] item: Electric Seed\n|move|p2a: Diancie|Diamond Storm|p1a: Heliolisk\n|-damage|p1a: Heliolisk|13\/100\n|\n|upkeep\n|turn|10\n|\n|t:|1699637800\n|move|p2a: Diancie|Protect|p2a: Diancie\n|-singleturn|p2a: Diancie|Protect\n|move|p1a: Heliolisk|Thunderbolt|p2a: Diancie\n|-activate|p2a: Diancie|move: Protect\n|\n|upkeep\n|turn|11\n|\n|t:|1699637816\n|move|p1a: Heliolisk|Thunderbolt|p2a: Diancie\n|-crit|p2a: Diancie\n|-damage|p2a: Diancie|0 fnt\n|faint|p2a: Diancie\n|\n|upkeep\n|\n|t:|1699637822\n|switch|p2a: Rillaboom|Rillaboom, M|17\/100\n|-fieldstart|move: Grassy Terrain|[from] ability: Grassy Surge|[of] p2a: Rillaboom\n|turn|12\n|\n|t:|1699637829\n|move|p2a: Rillaboom|Grassy Glide|p1a: Heliolisk\n|-damage|p1a: Heliolisk|0 fnt\n|faint|p1a: Heliolisk\n|\n|-heal|p2a: Rillaboom|24\/100|[from] Grassy Terrain\n|upkeep\n|\n|t:|1699637837\n|switch|p1a: Tapu Koko|Tapu Koko|100\/100\n|-fieldstart|move: Electric Terrain|[from] ability: Electric Surge|[of] p1a: Tapu Koko\n|turn|13\n|\n|t:|1699637847\n|move|p1a: Tapu Koko|Volt Switch|p2a: Rillaboom\n|-resisted|p2a: Rillaboom\n|-damage|p2a: Rillaboom|2\/100\n|\n|t:|1699637855\n|switch|p1a: Xurkitree|Xurkitree|100\/100|[from] Volt Switch\n|move|p2a: Rillaboom|Grassy Glide|p1a: Xurkitree\n|-damage|p1a: Xurkitree|38\/100\n|\n|upkeep\n|turn|14\n|\n|t:|1699637867\n|move|p1a: Xurkitree|Rising Voltage|p2a: Rillaboom\n|-hint|Rising Voltage's BP doubled on grounded target.\n|-resisted|p2a: Rillaboom\n|-damage|p2a: Rillaboom|0 fnt\n|faint|p2a: Rillaboom\n|-ability|p1a: Xurkitree|Beast Boost|boost\n|-boost|p1a: Xurkitree|spa|1\n|\n|upkeep\n|\n|t:|1699637886\n|switch|p2a: Cinderace|Cinderace, M|100\/100\n|turn|15\n|\n|t:|1699637894\n|move|p2a: Cinderace|Pyro Ball|p1a: Xurkitree|[miss]\n|-miss|p2a: Cinderace|p1a: Xurkitree\n|move|p1a: Xurkitree|Rising Voltage|p2a: Cinderace\n|-hint|Rising Voltage's BP doubled on grounded target.\n|-damage|p2a: Cinderace|0 fnt\n|faint|p2a: Cinderace\n|-ability|p1a: Xurkitree|Beast Boost|boost\n|-boost|p1a: Xurkitree|spa|1\n|\n|upkeep\n|\n|t:|1699637915\n|switch|p2a: Tapu Lele|Tapu Lele|100\/100\n|-fieldstart|move: Psychic Terrain|[from] ability: Psychic Surge|[of] p2a: Tapu Lele\n|turn|16\n|\n|t:|1699637924\n|move|p2a: Tapu Lele|Psychic|p1a: Xurkitree\n|-damage|p1a: Xurkitree|0 fnt\n|faint|p1a: Xurkitree\n|\n|upkeep\n|\n|t:|1699637928\n|switch|p1a: Tapu Koko|Tapu Koko|100\/100\n|-fieldstart|move: Electric Terrain|[from] ability: Electric Surge|[of] p1a: Tapu Koko\n|turn|17\n|inactive|zerosakihitoshiki has 120 seconds left.\n|\n|t:|1699637977\n|-zpower|p1a: Tapu Koko\n|move|p1a: Tapu Koko|Guardian of Alola|p2a: Tapu Lele|[zeffect]\n|-damage|p2a: Tapu Lele|26\/100\n|move|p2a: Tapu Lele|Psychic|p1a: Tapu Koko\n|-damage|p1a: Tapu Koko|0 fnt\n|faint|p1a: Tapu Koko\n|\n|upkeep\n|\n|t:|1699637988\n|switch|p1a: Iron Hands|Iron Hands|68\/100\n|-activate|p1a: Iron Hands|ability: Quark Drive\n|-start|p1a: Iron Hands|quarkdriveatk\n|turn|18\n|\n|t:|1699637994\n|move|p1a: Iron Hands|Fake Out|p2a: Tapu Lele\n|-damage|p2a: Tapu Lele|0 fnt\n|faint|p2a: Tapu Lele\n|\n|upkeep\n|\n|t:|1699637998\n|switch|p2a: Manaphy|Manaphy|100\/100\n|turn|19\n|inactive|zerosakihitoshiki has 120 seconds left.\n|\n|t:|1699638021\n|-zpower|p2a: Manaphy\n|move|p2a: Manaphy|Hydro Vortex|p1a: Iron Hands|[zeffect]\n|-damage|p1a: Iron Hands|18\/100\n|move|p1a: Iron Hands|Wild Charge|p2a: Manaphy\n|-supereffective|p2a: Manaphy\n|-crit|p2a: Manaphy\n|-damage|p2a: Manaphy|0 fnt\n|faint|p2a: Manaphy\n|-damage|p1a: Iron Hands|1\/100|[from] Recoil\n|\n|win|Maxer59\n|raw|Maxer59's rating: 1190 &rarr; <strong>1224<\/strong><br \/>(+34 for winning)\n|raw|zerosakihitoshiki's rating: 1324 &rarr; <strong>1297<\/strong><br \/>(-27 for losing)\n|c|\u2606zerosakihitoshiki|gg\n","uploadtime":1699638042,"views":5,"p1id":"maxer59","p2id":"zerosakihitoshiki","formatid":"gen9nationaldex","rating":1224,"private":0,"password":""}