{"id":"gen9nationaldex-1988657689","p1":"AutumnCookie","p2":"UncleKars","format":"[Gen 9] National Dex","log":"|j|\u2606AutumnCookie\n|j|\u2606UncleKars\n|t:|1699747103\n|gametype|singles\n|player|p1|AutumnCookie|red|\n|player|p2|UncleKars|tabitha|\n|teamsize|p1|6\n|teamsize|p2|6\n|gen|9\n|tier|[Gen 9] National Dex\n|rule|HP Percentage Mod: HP is shown in percentages\n|rule|Endless Battle Clause: Forcing endless battles is banned\n|rule|OHKO Clause: OHKO moves are banned\n|rule|Evasion Clause: Evasion abilities, items, and moves are banned\n|rule|Evasion Abilities Clause: Evasion abilities are banned\n|rule|Evasion Items Clause: Evasion items are banned\n|rule|Evasion Moves Clause: Evasion moves are banned\n|rule|Species Clause: Limit one of each Pok\u00e9mon\n|rule|Sleep Clause Mod: Limit one foe put to sleep\n|clearpoke\n|poke|p1|Pikachu, F|\n|poke|p1|Charizard, M|\n|poke|p1|Venusaur, F|\n|poke|p1|Blastoise, M|\n|poke|p1|Lapras, F|\n|poke|p1|Snorlax, M|\n|poke|p2|Crobat, M|\n|poke|p2|Camerupt, M|\n|poke|p2|Mightyena, M|\n|poke|p2|Weezing, M|\n|poke|p2|Aggron, F|\n|poke|p2|Houndoom, M|\n|teampreview\n|j| ElMuertologista\n|c| ElMuertologista|heheheh\n|c|\u2606UncleKars|hi charle\n|c| ElMuertologista|hello\n|\n|t:|1699747132\n|start\n|switch|p1a: Pikachu|Pikachu, F|100\/100\n|switch|p2a: Mightyena|Mightyena, M|100\/100\n|-ability|p2a: Mightyena|Intimidate|boost\n|-unboost|p1a: Pikachu|atk|1\n|turn|1\n|\n|t:|1699747149\n|move|p2a: Mightyena|Sucker Punch|p1a: Pikachu\n|-damage|p1a: Pikachu|0 fnt\n|faint|p1a: Pikachu\n|\n|upkeep\n|c|\u2606AutumnCookie|Poor poor Pikachu...\n|c|\u2606UncleKars|poor pikachu\u2026\n|c| ElMuertologista|F Pikachu...\n|\n|t:|1699747170\n|switch|p1a: Charizard|Charizard, M|100\/100\n|turn|2\n|\n|t:|1699747174\n|detailschange|p1a: Charizard|Charizard-Mega-X, M\n|-mega|p1a: Charizard|Charizard|Charizardite X\n|move|p1a: Charizard|Dragon Dance|p1a: Charizard\n|-boost|p1a: Charizard|atk|1\n|-boost|p1a: Charizard|spe|1\n|move|p2a: Mightyena|Taunt|p1a: Charizard\n|-start|p1a: Charizard|move: Taunt\n|\n|upkeep\n|turn|3\n|c|\u2606UncleKars|TAUNT DOESNT GET PRIORITY I HAD NO CLUE\n|c|\u2606AutumnCookie|YEAH\n|c|\u2606UncleKars|DAMN\n|c|\u2606AutumnCookie|Bringing Charizard out this early is just showing off for Nuntius btw. Like normally he wouldn't have\n|c|\u2606UncleKars|oh well\n|c| ElMuertologista|hehehehhehehehehh\n|\n|t:|1699747224\n|move|p1a: Charizard|Dragon Claw|p2a: Mightyena\n|-damage|p2a: Mightyena|0 fnt\n|faint|p2a: Mightyena\n|\n|upkeep\n|\n|t:|1699747259\n|switch|p2a: Camerupt|Camerupt, M|100\/100\n|turn|4\n|c|\u2606UncleKars|two can play at showing off\n|c| ElMuertologista|WOAAAAAAAAAAAAA\n|\n|t:|1699747295\n|detailschange|p2a: Camerupt|Camerupt-Mega, M\n|-mega|p2a: Camerupt|Camerupt|Cameruptite\n|move|p1a: Charizard|Dragon Claw|p2a: Camerupt\n|-damage|p2a: Camerupt|16\/100\n|move|p2a: Camerupt|Earth Power|p1a: Charizard\n|-supereffective|p1a: Charizard\n|-damage|p1a: Charizard|0 fnt\n|faint|p1a: Charizard\n|\n|upkeep\n|c|\u2606AutumnCookie|OUGH\n|\n|t:|1699747311\n|switch|p1a: Lapras|Lapras, F|100\/100\n|turn|5\n|c| ElMuertologista|SAD\n|\n|t:|1699747346\n|move|p1a: Lapras|Ancient Power|p2a: Camerupt\n|-damage|p2a: Camerupt|0 fnt\n|faint|p2a: Camerupt\n|\n|upkeep\n|\n|t:|1699747355\n|switch|p2a: Aggron|Aggron, F|100\/100\n|turn|6\n|\n|t:|1699747369\n|move|p1a: Lapras|Surf|p2a: Aggron\n|-supereffective|p2a: Aggron\n|-damage|p2a: Aggron|27\/100\n|move|p2a: Aggron|Iron Head|p1a: Lapras\n|-damage|p1a: Lapras|66\/100\n|\n|upkeep\n|turn|7\n|c|\u2606UncleKars|me when I forget type effectiveness\n|c| ElMuertologista|Kars when he forgors\n|c|\u2606UncleKars|literally had thunder punch\n|\n|t:|1699747411\n|move|p1a: Lapras|Surf|p2a: Aggron\n|-supereffective|p2a: Aggron\n|-damage|p2a: Aggron|0 fnt\n|faint|p2a: Aggron\n|\n|upkeep\n|c|\u2606AutumnCookie|LOL\n|c|\u2606AutumnCookie|Kars when he forgors...\n|\n|t:|1699747438\n|switch|p2a: Houndoom|Houndoom, M|100\/100\n|turn|8\n|c| ElMuertologista|this is funny because im listening to Will Wood while watching this\n|\n|t:|1699747446\n|move|p2a: Houndoom|Dark Pulse|p1a: Lapras\n|-damage|p1a: Lapras|47\/100\n|move|p1a: Lapras|Ancient Power|p2a: Houndoom\n|-supereffective|p2a: Houndoom\n|-damage|p2a: Houndoom|53\/100\n|\n|upkeep\n|turn|9\n|c|\u2606UncleKars|why did I think Houndoom would be able to do anything LMAO. lame ass Tabitha team\n|\n|t:|1699747467\n|move|p2a: Houndoom|Dark Pulse|p1a: Lapras\n|-damage|p1a: Lapras|29\/100\n|move|p1a: Lapras|Ancient Power|p2a: Houndoom\n|-supereffective|p2a: Houndoom\n|-damage|p2a: Houndoom|0 fnt\n|faint|p2a: Houndoom\n|\n|upkeep\n|c| ElMuertologista|lame Tabitha\n|\n|t:|1699747476\n|switch|p2a: Crobat|Crobat, M|100\/100\n|turn|10\n|c|\u2606AutumnCookie|Trying to gamble for the ancient power boost but it has not worked\n|\n|t:|1699747484\n|move|p2a: Crobat|Brave Bird|p1a: Lapras\n|-damage|p1a: Lapras|0 fnt\n|faint|p1a: Lapras\n|-damage|p2a: Crobat|87\/100|[from] Recoil\n|\n|upkeep\n|\n|t:|1699747498\n|switch|p1a: Snorlax|Snorlax, M|100\/100\n|turn|11\n|\n|t:|1699747507\n|move|p2a: Crobat|Brave Bird|p1a: Snorlax\n|-damage|p1a: Snorlax|58\/100\n|-damage|p2a: Crobat|63\/100|[from] Recoil\n|move|p1a: Snorlax|Heavy Slam|p2a: Crobat\n|-damage|p2a: Crobat|0 fnt\n|faint|p2a: Crobat\n|-damage|p1a: Snorlax|48\/100|[from] item: Life Orb\n|\n|upkeep\n|c| ElMuertologista|Crobat death\n|\n|t:|1699747519\n|switch|p2a: Weezing|Weezing, M|100\/100\n|turn|12\n|c|\u2606AutumnCookie|Crobat death\n|\n|t:|1699747540\n|move|p2a: Weezing|Sludge Bomb|p1a: Snorlax\n|-damage|p1a: Snorlax|16\/100\n|-status|p1a: Snorlax|psn\n|-damage|p2a: Weezing|91\/100|[from] item: Life Orb\n|move|p1a: Snorlax|Double-Edge|p2a: Weezing\n|-damage|p2a: Weezing|23\/100\n|-damage|p1a: Snorlax|2\/100 psn|[from] Recoil\n|-damage|p1a: Snorlax|0 fnt|[from] item: Life Orb\n|faint|p1a: Snorlax\n|\n|upkeep\n|c|\u2606UncleKars|I knew Tabitha\u2019s team was lame but goddamn\n|\n|t:|1699747552\n|switch|p1a: Blastoise|Blastoise, M|100\/100\n|turn|13\n|c|\u2606AutumnCookie|Still this isn't bad\n|\n|t:|1699747578\n|move|p1a: Blastoise|Fake Out|p2a: Weezing\n|-damage|p2a: Weezing|12\/100\n|cant|p2a: Weezing|flinch\n|\n|upkeep\n|turn|14\n|\n|t:|1699747590\n|move|p1a: Blastoise|Aqua Tail|p2a: Weezing|[miss]\n|-miss|p1a: Blastoise|p2a: Weezing\n|move|p2a: Weezing|Sludge Bomb|p1a: Blastoise\n|-damage|p1a: Blastoise|51\/100\n|-damage|p2a: Weezing|3\/100|[from] item: Life Orb\n|\n|-heal|p1a: Blastoise|57\/100|[from] item: Leftovers\n|upkeep\n|turn|15\n|c| ElMuertologista|yeah its better than what I could do, I guess why im comparing my team to Tabitha's\n|c| ElMuertologista|im better than him\n|c|\u2606UncleKars|3% hp go ahead blastoise\n|\n|t:|1699747616\n|move|p1a: Blastoise|Aqua Tail|p2a: Weezing\n|-damage|p2a: Weezing|0 fnt\n|faint|p2a: Weezing\n|\n|win|AutumnCookie\n","uploadtime":1699747625,"views":25,"p1id":"autumncookie","p2id":"unclekars","formatid":"gen9nationaldex","rating":0,"private":0,"password":""}