{"id":"gen9nationaldex-1989893438","p1":"CigarSmokerForever","p2":"Prtbl_Trash","format":"[Gen 9] National Dex","log":"|j|\u2606CigarSmokerForever\n|j|\u2606Prtbl_Trash\n|t:|1699904524\n|gametype|singles\n|player|p1|CigarSmokerForever|red|1422\n|player|p2|Prtbl_Trash|rosa|1442\n|teamsize|p1|6\n|teamsize|p2|6\n|gen|9\n|tier|[Gen 9] National Dex\n|rated|\n|rule|HP Percentage Mod: HP is shown in percentages\n|rule|Endless Battle Clause: Forcing endless battles is banned\n|rule|OHKO Clause: OHKO moves are banned\n|rule|Evasion Clause: Evasion abilities, items, and moves are banned\n|rule|Evasion Abilities Clause: Evasion abilities are banned\n|rule|Evasion Items Clause: Evasion items are banned\n|rule|Evasion Moves Clause: Evasion moves are banned\n|rule|Species Clause: Limit one of each Pok\u00e9mon\n|rule|Sleep Clause Mod: Limit one foe put to sleep\n|clearpoke\n|poke|p1|Banette, M|\n|poke|p1|Heatran, M|\n|poke|p1|Dragonite, M|\n|poke|p1|Tapu Koko|\n|poke|p1|Sneasler, F|\n|poke|p1|Tapu Lele|\n|poke|p2|Pangoro, M|\n|poke|p2|Slowking-Galar, M|\n|poke|p2|Landorus-Therian, M|\n|poke|p2|Aegislash, F|\n|poke|p2|Hydreigon, M|\n|poke|p2|Azumarill, F|\n|teampreview\n|inactive|Battle timer is ON: inactive players will automatically lose when time's up. (requested by Prtbl_Trash)\n|inactive|CigarSmokerForever also wants the timer to be on.\n|\n|t:|1699904539\n|start\n|switch|p1a: Heatran|Heatran, M|100\/100\n|switch|p2a: Pangoro|Pangoro, M, shiny|100\/100\n|-item|p1a: Heatran|Air Balloon\n|turn|1\n|\n|t:|1699904551\n|move|p1a: Heatran|Stealth Rock|p2a: Pangoro\n|-sidestart|p2: Prtbl_Trash|move: Stealth Rock\n|move|p2a: Pangoro|Drain Punch|p1a: Heatran\n|-supereffective|p1a: Heatran\n|-damage|p1a: Heatran|38\/100\n|-enditem|p1a: Heatran|Air Balloon\n|\n|upkeep\n|turn|2\n|\n|t:|1699904559\n|move|p1a: Heatran|Lava Plume|p2a: Pangoro\n|-damage|p2a: Pangoro|67\/100\n|move|p2a: Pangoro|Drain Punch|p1a: Heatran\n|-supereffective|p1a: Heatran\n|-crit|p1a: Heatran\n|-damage|p1a: Heatran|0 fnt\n|-heal|p2a: Pangoro|86\/100|[from] drain|[of] p1a: Heatran\n|faint|p1a: Heatran\n|\n|upkeep\n|\n|t:|1699904571\n|switch|p1a: Tapu Koko|Tapu Koko|100\/100\n|-fieldstart|move: Electric Terrain|[from] ability: Electric Surge|[of] p1a: Tapu Koko\n|turn|3\n|\n|t:|1699904574\n|move|p1a: Tapu Koko|Reflect|p1a: Tapu Koko\n|-sidestart|p1: CigarSmokerForever|Reflect\n|move|p2a: Pangoro|Gunk Shot|p1a: Tapu Koko|[miss]\n|-miss|p2a: Pangoro|p1a: Tapu Koko\n|\n|upkeep\n|turn|4\n|\n|t:|1699904579\n|switch|p2a: Landorus|Landorus-Therian, M|100\/100\n|-damage|p2a: Landorus|88\/100|[from] Stealth Rock\n|-ability|p2a: Landorus|Intimidate|boost\n|-unboost|p1a: Tapu Koko|atk|1\n|move|p1a: Tapu Koko|Light Screen|p1a: Tapu Koko\n|-sidestart|p1: CigarSmokerForever|move: Light Screen\n|\n|upkeep\n|turn|5\n|\n|t:|1699904582\n|move|p1a: Tapu Koko|U-turn|p2a: Landorus\n|-resisted|p2a: Landorus\n|-damage|p2a: Landorus|84\/100\n|-damage|p1a: Tapu Koko|84\/100|[from] item: Rocky Helmet|[of] p2a: Landorus\n|\n|t:|1699904585\n|switch|p1a: Dragonite|Dragonite, M|100\/100|[from] U-turn\n|move|p2a: Landorus|Defog|p1a: Dragonite\n|-unboost|p1a: Dragonite|evasion|1\n|-sideend|p1: CigarSmokerForever|Reflect\n|-sideend|p1: CigarSmokerForever|move: Light Screen\n|-sideend|p2: Prtbl_Trash|Stealth Rock|[from] move: Defog|[of] p2a: Landorus\n|-fieldend|move: Electric Terrain\n|\n|upkeep\n|turn|6\n|\n|t:|1699904592\n|move|p1a: Dragonite|Dragon Dance|p1a: Dragonite\n|-boost|p1a: Dragonite|atk|1\n|-boost|p1a: Dragonite|spe|1\n|move|p2a: Landorus|U-turn|p1a: Dragonite\n|-resisted|p1a: Dragonite\n|-damage|p1a: Dragonite|95\/100\n|\n|t:|1699904600\n|switch|p2a: Hydreigon|Hydreigon, M|100\/100|[from] U-turn\n|\n|upkeep\n|turn|7\n|\n|t:|1699904606\n|move|p2a: Hydreigon|Draco Meteor|p1a: Dragonite\n|-supereffective|p1a: Dragonite\n|-damage|p1a: Dragonite|0 fnt\n|-unboost|p2a: Hydreigon|spa|2\n|faint|p1a: Dragonite\n|\n|upkeep\n|\n|t:|1699904614\n|switch|p1a: Banette|Banette, M|100\/100\n|turn|8\n|\n|t:|1699904619\n|switch|p2a: Pangoro|Pangoro, M, shiny|86\/100\n|detailschange|p1a: Banette|Banette-Mega, M\n|-mega|p1a: Banette|Banette|Banettite\n|move|p1a: Banette|Swords Dance|p1a: Banette\n|-boost|p1a: Banette|atk|2\n|\n|upkeep\n|turn|9\n|\n|t:|1699904628\n|move|p1a: Banette|Swords Dance|p1a: Banette\n|-boost|p1a: Banette|atk|2\n|move|p2a: Pangoro|Gunk Shot|p1a: Banette\n|-resisted|p1a: Banette\n|-damage|p1a: Banette|70\/100\n|\n|upkeep\n|turn|10\n|\n|t:|1699904635\n|move|p1a: Banette|Shadow Sneak|p2a: Pangoro\n|-resisted|p2a: Pangoro\n|-damage|p2a: Pangoro|45\/100\n|move|p2a: Pangoro|Drain Punch|p1a: Banette\n|-damage|p1a: Banette|19\/100\n|-heal|p2a: Pangoro|68\/100|[from] drain|[of] p1a: Banette\n|\n|upkeep\n|turn|11\n|\n|t:|1699904643\n|switch|p2a: Aegislash|Aegislash, F|100\/100\n|move|p1a: Banette|Disable||[still]\n|-fail|p1a: Banette\n|\n|upkeep\n|turn|12\n|\n|t:|1699904651\n|move|p2a: Aegislash|King's Shield|p2a: Aegislash\n|-singleturn|p2a: Aegislash|Protect\n|move|p1a: Banette|Shadow Sneak|p2a: Aegislash\n|-activate|p2a: Aegislash|move: Protect\n|-unboost|p1a: Banette|atk|1\n|\n|upkeep\n|turn|13\n|\n|t:|1699904661\n|move|p1a: Banette|Shadow Sneak|p2a: Aegislash\n|-supereffective|p2a: Aegislash\n|-damage|p2a: Aegislash|0 fnt\n|faint|p2a: Aegislash\n|\n|upkeep\n|\n|t:|1699904663\n|switch|p2a: Hydreigon|Hydreigon, M|100\/100\n|turn|14\n|\n|t:|1699904666\n|move|p1a: Banette|Shadow Sneak|p2a: Hydreigon\n|-resisted|p2a: Hydreigon\n|-damage|p2a: Hydreigon|61\/100\n|move|p2a: Hydreigon|Dark Pulse|p1a: Banette\n|-supereffective|p1a: Banette\n|-damage|p1a: Banette|0 fnt\n|faint|p1a: Banette\n|\n|upkeep\n|\n|t:|1699904673\n|switch|p1a: Sneasler|Sneasler, F|100\/100\n|turn|15\n|\n|t:|1699904677\n|switch|p2a: Slowking|Slowking-Galar, M|100\/100\n|-terastallize|p1a: Sneasler|Flying\n|move|p1a: Sneasler|Swords Dance|p1a: Sneasler\n|-boost|p1a: Sneasler|atk|2\n|\n|upkeep\n|turn|16\n|\n|t:|1699904682\n|move|p1a: Sneasler|Acrobatics|p2a: Slowking\n|-damage|p2a: Slowking|28\/100\n|move|p2a: Slowking|Thunder Wave|p1a: Sneasler\n|-status|p1a: Sneasler|par\n|\n|upkeep\n|turn|17\n|\n|t:|1699904688\n|cant|p1a: Sneasler|par\n|move|p2a: Slowking|Future Sight|p1a: Sneasler\n|-start|p2a: Slowking|move: Future Sight\n|\n|upkeep\n|turn|18\n|\n|t:|1699904692\n|move|p1a: Sneasler|Acrobatics|p2a: Slowking\n|-damage|p2a: Slowking|0 fnt\n|faint|p2a: Slowking\n|\n|upkeep\n|\n|t:|1699904695\n|switch|p2a: Landorus|Landorus-Therian, M|84\/100\n|-ability|p2a: Landorus|Intimidate|boost\n|-unboost|p1a: Sneasler|atk|1\n|turn|19\n|\n|t:|1699904699\n|move|p2a: Landorus|Stealth Rock|p1a: Sneasler\n|-sidestart|p1: CigarSmokerForever|move: Stealth Rock\n|cant|p1a: Sneasler|par\n|\n|-end|p1a: Sneasler|move: Future Sight\n|-damage|p1a: Sneasler|37\/100 par\n|upkeep\n|turn|20\n|\n|t:|1699904707\n|move|p2a: Landorus|Stealth Rock||[still]\n|-fail|p2a: Landorus\n|move|p1a: Sneasler|Acrobatics|p2a: Landorus\n|-damage|p2a: Landorus|46\/100\n|-damage|p1a: Sneasler|20\/100 par|[from] item: Rocky Helmet|[of] p2a: Landorus\n|\n|upkeep\n|turn|21\n|\n|t:|1699904712\n|move|p2a: Landorus|U-turn|p1a: Sneasler\n|-resisted|p1a: Sneasler\n|-damage|p1a: Sneasler|0 fnt\n|faint|p1a: Sneasler\n|\n|t:|1699904717\n|switch|p2a: Hydreigon|Hydreigon, M|61\/100|[from] U-turn\n|\n|upkeep\n|\n|t:|1699904721\n|switch|p1a: Tapu Koko|Tapu Koko|84\/100\n|-damage|p1a: Tapu Koko|72\/100|[from] Stealth Rock\n|-fieldstart|move: Electric Terrain|[from] ability: Electric Surge|[of] p1a: Tapu Koko\n|turn|22\n|\n|t:|1699904726\n|move|p2a: Hydreigon|Fire Blast|p1a: Tapu Koko\n|-damage|p1a: Tapu Koko|25\/100\n|move|p1a: Tapu Koko|Light Screen|p1a: Tapu Koko\n|-sidestart|p1: CigarSmokerForever|move: Light Screen\n|\n|upkeep\n|turn|23\n|\n|t:|1699904730\n|move|p2a: Hydreigon|Fire Blast|p1a: Tapu Koko\n|-crit|p1a: Tapu Koko\n|-damage|p1a: Tapu Koko|0 fnt\n|faint|p1a: Tapu Koko\n|\n|upkeep\n|\n|t:|1699904731\n|switch|p1a: Tapu Lele|Tapu Lele|100\/100\n|-damage|p1a: Tapu Lele|88\/100|[from] Stealth Rock\n|-fieldstart|move: Psychic Terrain|[from] ability: Psychic Surge|[of] p1a: Tapu Lele\n|turn|24\n|\n|t:|1699904736\n|move|p2a: Hydreigon|Fire Blast|p1a: Tapu Lele\n|-damage|p1a: Tapu Lele|66\/100\n|move|p1a: Tapu Lele|Moonblast|p2a: Hydreigon\n|-supereffective|p2a: Hydreigon\n|-damage|p2a: Hydreigon|0 fnt\n|faint|p2a: Hydreigon\n|\n|upkeep\n|\n|t:|1699904740\n|switch|p2a: Pangoro|Pangoro, M, shiny|68\/100\n|turn|25\n|\n|t:|1699904744\n|-terastallize|p2a: Pangoro|Poison\n|move|p1a: Tapu Lele|Moonblast|p2a: Pangoro\n|-resisted|p2a: Pangoro\n|-damage|p2a: Pangoro|41\/100\n|move|p2a: Pangoro|Gunk Shot|p1a: Tapu Lele\n|-supereffective|p1a: Tapu Lele\n|-damage|p1a: Tapu Lele|0 fnt\n|faint|p1a: Tapu Lele\n|\n|win|Prtbl_Trash\n|raw|CigarSmokerForever's rating: 1422 &rarr; <strong>1403<\/strong><br \/>(-19 for losing)\n|raw|Prtbl_Trash's rating: 1442 &rarr; <strong>1461<\/strong><br \/>(+19 for winning)\n|l|\u2606CigarSmokerForever\n","uploadtime":1699904760,"views":13,"p1id":"cigarsmokerforever","p2id":"prtbltrash","formatid":"gen9nationaldex","rating":1403,"private":0,"password":""}