{"id":"gen9nationaldex-1996715277","p1":"Emre_Rekt","p2":"belt fish","format":"[Gen 9] National Dex","log":"|html|<div class=\"broadcast-blue\"><strong>[Gen 9] National Dex is currently suspecting Sneasler! For information on how to participate check out the <a href=\"https:\/\/www.smogon.com\/forums\/threads\/sv-national-dex-suspect-8-just-dance.3731534\/\">suspect thread<\/a>.<\/strong><\/div>\n|j|\u2606Emre_Rekt\n|j|\u2606belt fish\n|t:|1700713536\n|gametype|singles\n|player|p1|Emre_Rekt|red|1104\n|player|p2|belt fish|caitlin|1216\n|teamsize|p1|6\n|teamsize|p2|6\n|gen|9\n|tier|[Gen 9] National Dex\n|rated|\n|rule|HP Percentage Mod: HP is shown in percentages\n|rule|Endless Battle Clause: Forcing endless battles is banned\n|rule|OHKO Clause: OHKO moves are banned\n|rule|Evasion Clause: Evasion abilities, items, and moves are banned\n|rule|Evasion Abilities Clause: Evasion abilities are banned\n|rule|Evasion Items Clause: Evasion items are banned\n|rule|Evasion Moves Clause: Evasion moves are banned\n|rule|Species Clause: Limit one of each Pok\u00e9mon\n|rule|Sleep Clause Mod: Limit one foe put to sleep\n|clearpoke\n|poke|p1|Garchomp, M|\n|poke|p1|Ninjask, F|\n|poke|p1|Ferrothorn, F|\n|poke|p1|Espeon, F|\n|poke|p1|Suicune|\n|poke|p1|Spiritomb, F|\n|poke|p2|Kommo-o, M|\n|poke|p2|Zamazenta-*|\n|poke|p2|Skarmory, F|\n|poke|p2|Great Tusk|\n|poke|p2|Crawdaunt, M|\n|poke|p2|Ting-Lu|\n|teampreview\n|inactive|Battle timer is ON: inactive players will automatically lose when time's up. (requested by belt fish)\n|\n|t:|1700713553\n|start\n|switch|p1a: Ferrothorn|Ferrothorn, F|100\/100\n|switch|p2a: Crawdaunt|Crawdaunt, M|100\/100\n|turn|1\n|c|\u2606belt fish|ooo\n|c|\u2606belt fish|ninjask\uff01\n|\n|t:|1700713574\n|move|p2a: Crawdaunt|Knock Off|p1a: Ferrothorn\n|-damage|p1a: Ferrothorn|28\/100\n|-damage|p2a: Crawdaunt|88\/100|[from] ability: Iron Barbs|[of] p1a: Ferrothorn\n|-damage|p2a: Crawdaunt|72\/100|[from] item: Rocky Helmet|[of] p1a: Ferrothorn\n|-enditem|p1a: Ferrothorn|Rocky Helmet|[from] move: Knock Off|[of] p2a: Crawdaunt\n|move|p1a: Ferrothorn|Leech Seed|p2a: Crawdaunt\n|-start|p2a: Crawdaunt|move: Leech Seed\n|\n|-damage|p2a: Crawdaunt|59\/100|[from] Leech Seed|[of] p1a: Ferrothorn\n|-heal|p1a: Ferrothorn|37\/100|[silent]\n|upkeep\n|turn|2\n|\n|t:|1700713584\n|move|p1a: Ferrothorn|Protect|p1a: Ferrothorn\n|-singleturn|p1a: Ferrothorn|Protect\n|move|p2a: Crawdaunt|Knock Off|p1a: Ferrothorn\n|-activate|p1a: Ferrothorn|move: Protect\n|\n|-damage|p2a: Crawdaunt|47\/100|[from] Leech Seed|[of] p1a: Ferrothorn\n|-heal|p1a: Ferrothorn|47\/100|[silent]\n|upkeep\n|turn|3\n|inactive|Emre_Rekt has 120 seconds left.\n|\n|t:|1700713621\n|move|p2a: Crawdaunt|Knock Off|p1a: Ferrothorn\n|-damage|p1a: Ferrothorn|2\/100\n|-damage|p2a: Crawdaunt|35\/100|[from] ability: Iron Barbs|[of] p1a: Ferrothorn\n|move|p1a: Ferrothorn|Substitute|p1a: Ferrothorn\n|-fail|p1a: Ferrothorn|move: Substitute|[weak]\n|\n|-damage|p2a: Crawdaunt|22\/100|[from] Leech Seed|[of] p1a: Ferrothorn\n|-heal|p1a: Ferrothorn|12\/100|[silent]\n|upkeep\n|turn|4\n|\n|t:|1700713624\n|move|p1a: Ferrothorn|Protect|p1a: Ferrothorn\n|-singleturn|p1a: Ferrothorn|Protect\n|move|p2a: Crawdaunt|Knock Off|p1a: Ferrothorn\n|-activate|p1a: Ferrothorn|move: Protect\n|\n|-damage|p2a: Crawdaunt|10\/100|[from] Leech Seed|[of] p1a: Ferrothorn\n|-heal|p1a: Ferrothorn|21\/100|[silent]\n|upkeep\n|turn|5\n|inactive|Emre_Rekt has 120 seconds left.\n|\n|t:|1700713645\n|switch|p1a: Ninjask|Ninjask, F|100\/100\n|move|p2a: Crawdaunt|Knock Off|p1a: Ninjask\n|-enditem|p1a: Ninjask|Focus Sash\n|-damage|p1a: Ninjask|1\/100\n|\n|-damage|p2a: Crawdaunt|0 fnt|[from] Leech Seed|[of] p1a: Ninjask\n|-heal|p1a: Ninjask|8\/100|[silent]\n|faint|p2a: Crawdaunt\n|upkeep\n|\n|t:|1700713661\n|switch|p2a: Skarmory|Skarmory, F|100\/100\n|turn|6\n|\n|t:|1700713666\n|switch|p1a: Espeon|Espeon, F|100\/100\n|move|p2a: Skarmory|Iron Defense|p2a: Skarmory\n|-boost|p2a: Skarmory|def|2\n|\n|upkeep\n|turn|7\n|\n|t:|1700713673\n|move|p1a: Espeon|Wish|p1a: Espeon\n|move|p2a: Skarmory|Iron Defense|p2a: Skarmory\n|-boost|p2a: Skarmory|def|2\n|\n|upkeep\n|turn|8\n|\n|t:|1700713678\n|switch|p1a: Ferrothorn|Ferrothorn, F|21\/100\n|move|p2a: Skarmory|Brave Bird|p1a: Ferrothorn\n|-damage|p1a: Ferrothorn|0 fnt\n|-damage|p2a: Skarmory|88\/100|[from] ability: Iron Barbs|[of] p1a: Ferrothorn\n|faint|p1a: Ferrothorn\n|-damage|p2a: Skarmory|81\/100|[from] Recoil\n|\n|-heal|p2a: Skarmory|87\/100|[from] item: Leftovers\n|upkeep\n|\n|t:|1700713682\n|switch|p1a: Spiritomb|Spiritomb, F|100\/100\n|turn|9\n|\n|t:|1700713697\n|switch|p2a: Zamazenta|Zamazenta|100\/100\n|-ability|p2a: Zamazenta|Dauntless Shield|boost\n|-boost|p2a: Zamazenta|def|1\n|move|p1a: Spiritomb|Trick|p2a: Zamazenta\n|-activate|p1a: Spiritomb|move: Trick|[of] p2a: Zamazenta\n|-item|p2a: Zamazenta|Choice Band|[from] move: Trick\n|-item|p1a: Spiritomb|Leftovers|[from] move: Trick\n|\n|upkeep\n|turn|10\n|\n|t:|1700713719\n|switch|p1a: Suicune|Suicune|100\/100\n|-ability|p1a: Suicune|Pressure\n|move|p2a: Zamazenta|Crunch|p1a: Suicune\n|-damage|p1a: Suicune|81\/100\n|\n|-heal|p1a: Suicune|87\/100|[from] item: Leftovers\n|upkeep\n|turn|11\n|\n|t:|1700713733\n|switch|p2a: Ting-Lu|Ting-Lu|100\/100\n|-ability|p2a: Ting-Lu|Vessel of Ruin\n|move|p1a: Suicune|Calm Mind|p1a: Suicune\n|-boost|p1a: Suicune|spa|1\n|-boost|p1a: Suicune|spd|1\n|\n|-heal|p1a: Suicune|94\/100|[from] item: Leftovers\n|upkeep\n|turn|12\n|\n|t:|1700713757\n|-terastallize|p2a: Ting-Lu|Ground\n|move|p1a: Suicune|Calm Mind|p1a: Suicune\n|-boost|p1a: Suicune|spa|1\n|-boost|p1a: Suicune|spd|1\n|move|p2a: Ting-Lu|Earthquake|p1a: Suicune\n|-damage|p1a: Suicune|34\/100\n|\n|-heal|p1a: Suicune|40\/100|[from] item: Leftovers\n|upkeep\n|turn|13\n|\n|t:|1700713775\n|move|p1a: Suicune|Scald|p2a: Ting-Lu\n|-supereffective|p2a: Ting-Lu\n|-damage|p2a: Ting-Lu|39\/100\n|-status|p2a: Ting-Lu|brn\n|move|p2a: Ting-Lu|Earthquake|p1a: Suicune\n|-damage|p1a: Suicune|10\/100\n|\n|-heal|p1a: Suicune|16\/100|[from] item: Leftovers\n|-damage|p2a: Ting-Lu|33\/100 brn|[from] brn\n|upkeep\n|turn|14\n|\n|t:|1700713778\n|move|p1a: Suicune|Scald|p2a: Ting-Lu\n|-supereffective|p2a: Ting-Lu\n|-damage|p2a: Ting-Lu|0 fnt\n|faint|p2a: Ting-Lu\n|\n|-heal|p1a: Suicune|23\/100|[from] item: Leftovers\n|upkeep\n|\n|t:|1700713785\n|switch|p2a: Great Tusk|Great Tusk|100\/100\n|turn|15\n|\n|t:|1700713793\n|move|p2a: Great Tusk|Earthquake|p1a: Suicune\n|-damage|p1a: Suicune|0 fnt\n|faint|p1a: Suicune\n|\n|upkeep\n|\n|t:|1700713797\n|switch|p1a: Ninjask|Ninjask, F|8\/100\n|turn|16\n|\n|t:|1700713799\n|move|p1a: Ninjask|Acrobatics|p2a: Great Tusk\n|-supereffective|p2a: Great Tusk\n|-damage|p2a: Great Tusk|35\/100\n|move|p2a: Great Tusk|Rapid Spin|p1a: Ninjask\n|-damage|p1a: Ninjask|0 fnt\n|-boost|p2a: Great Tusk|spe|1\n|faint|p1a: Ninjask\n|\n|upkeep\n|\n|t:|1700713808\n|switch|p1a: Spiritomb|Spiritomb, F|100\/100\n|turn|17\n|\n|t:|1700713812\n|move|p1a: Spiritomb|Sucker Punch|p2a: Great Tusk\n|-resisted|p2a: Great Tusk\n|-damage|p2a: Great Tusk|25\/100\n|move|p2a: Great Tusk|Earthquake|p1a: Spiritomb\n|-damage|p1a: Spiritomb|49\/100\n|\n|-heal|p1a: Spiritomb|55\/100|[from] item: Leftovers\n|upkeep\n|turn|18\n|\n|t:|1700713822\n|move|p1a: Spiritomb|Shadow Sneak|p2a: Great Tusk\n|-damage|p2a: Great Tusk|13\/100\n|move|p2a: Great Tusk|Knock Off|p1a: Spiritomb\n|-damage|p1a: Spiritomb|25\/100\n|-enditem|p1a: Spiritomb|Leftovers|[from] move: Knock Off|[of] p2a: Great Tusk\n|\n|upkeep\n|turn|19\n|\n|t:|1700713825\n|move|p1a: Spiritomb|Shadow Sneak|p2a: Great Tusk\n|-damage|p2a: Great Tusk|0 fnt\n|faint|p2a: Great Tusk\n|-end|p2a: Great Tusk|Protosynthesis|[silent]\n|\n|upkeep\n|\n|t:|1700713834\n|switch|p2a: Skarmory|Skarmory, F|87\/100\n|turn|20\n|\n|t:|1700713841\n|move|p2a: Skarmory|Iron Defense|p2a: Skarmory\n|-boost|p2a: Skarmory|def|2\n|move|p1a: Spiritomb|Trick|p2a: Skarmory\n|-activate|p1a: Spiritomb|move: Trick|[of] p2a: Skarmory\n|-enditem|p2a: Skarmory|Leftovers|[silent]|[from] move: Trick\n|-item|p1a: Spiritomb|Leftovers|[from] move: Trick\n|\n|-heal|p1a: Spiritomb|32\/100|[from] item: Leftovers\n|upkeep\n|turn|21\n|\n|t:|1700713849\n|move|p2a: Skarmory|Iron Defense|p2a: Skarmory\n|-boost|p2a: Skarmory|def|2\n|move|p1a: Spiritomb|Destiny Bond|p1a: Spiritomb\n|-singlemove|p1a: Spiritomb|Destiny Bond\n|\n|-heal|p1a: Spiritomb|38\/100|[from] item: Leftovers\n|upkeep\n|turn|22\n|\n|t:|1700713853\n|move|p1a: Spiritomb|Shadow Sneak|p2a: Skarmory\n|-damage|p2a: Skarmory|83\/100\n|-ability|p2a: Skarmory|Weak Armor|boost\n|-unboost|p2a: Skarmory|def|1\n|-boost|p2a: Skarmory|spe|2\n|move|p2a: Skarmory|Iron Defense|p2a: Skarmory\n|-boost|p2a: Skarmory|def|2\n|\n|-heal|p1a: Spiritomb|44\/100|[from] item: Leftovers\n|upkeep\n|turn|23\n|inactive|Emre_Rekt has 120 seconds left.\n|\n|t:|1700713895\n|move|p2a: Skarmory|Iron Defense|p2a: Skarmory\n|-boost|p2a: Skarmory|def|1\n|move|p1a: Spiritomb|Destiny Bond|p1a: Spiritomb\n|-singlemove|p1a: Spiritomb|Destiny Bond\n|\n|-heal|p1a: Spiritomb|50\/100|[from] item: Leftovers\n|upkeep\n|turn|24\n|\n|t:|1700713903\n|move|p2a: Skarmory|Roost|p2a: Skarmory\n|-heal|p2a: Skarmory|100\/100\n|-singleturn|p2a: Skarmory|move: Roost\n|move|p1a: Spiritomb|Destiny Bond||[still]\n|-fail|p1a: Spiritomb\n|\n|-heal|p1a: Spiritomb|57\/100|[from] item: Leftovers\n|upkeep\n|turn|25\n|\n|t:|1700713910\n|move|p2a: Skarmory|Brave Bird|p1a: Spiritomb\n|-damage|p1a: Spiritomb|19\/100\n|-damage|p2a: Skarmory|89\/100|[from] Recoil\n|move|p1a: Spiritomb|Destiny Bond|p1a: Spiritomb\n|-singlemove|p1a: Spiritomb|Destiny Bond\n|\n|-heal|p1a: Spiritomb|25\/100|[from] item: Leftovers\n|upkeep\n|turn|26\n|\n|t:|1700713919\n|move|p1a: Spiritomb|Sucker Punch||[still]\n|-fail|p1a: Spiritomb\n|move|p2a: Skarmory|Iron Defense|p2a: Skarmory\n|-boost|p2a: Skarmory|def|0\n|\n|-heal|p1a: Spiritomb|32\/100|[from] item: Leftovers\n|upkeep\n|turn|27\n|\n|t:|1700713925\n|move|p2a: Skarmory|Brave Bird|p1a: Spiritomb\n|-damage|p1a: Spiritomb|0 fnt\n|faint|p1a: Spiritomb\n|-damage|p2a: Skarmory|80\/100|[from] Recoil\n|\n|upkeep\n|\n|t:|1700713929\n|switch|p1a: Garchomp|Garchomp, M|100\/100\n|turn|28\n|\n|t:|1700713936\n|-terastallize|p1a: Garchomp|Steel\n|move|p2a: Skarmory|Iron Defense|p2a: Skarmory\n|-boost|p2a: Skarmory|def|0\n|move|p1a: Garchomp|Hone Claws|p1a: Garchomp\n|-boost|p1a: Garchomp|atk|1\n|-boost|p1a: Garchomp|accuracy|1\n|\n|upkeep\n|turn|29\n|\n|t:|1700713942\n|move|p2a: Skarmory|Body Press|p1a: Garchomp\n|-supereffective|p1a: Garchomp\n|-enditem|p1a: Garchomp|Focus Sash\n|-damage|p1a: Garchomp|1\/100\n|-damage|p2a: Skarmory|68\/100|[from] ability: Rough Skin|[of] p1a: Garchomp\n|move|p1a: Garchomp|Hone Claws|p1a: Garchomp\n|-boost|p1a: Garchomp|atk|1\n|-boost|p1a: Garchomp|accuracy|1\n|\n|upkeep\n|turn|30\n|\n|t:|1700713953\n|move|p2a: Skarmory|Body Press|p1a: Garchomp\n|-supereffective|p1a: Garchomp\n|-damage|p1a: Garchomp|0 fnt\n|-damage|p2a: Skarmory|55\/100|[from] ability: Rough Skin|[of] p1a: Garchomp\n|faint|p1a: Garchomp\n|\n|upkeep\n|\n|t:|1700713959\n|switch|p1a: Espeon|Espeon, F|100\/100\n|turn|31\n|\n|t:|1700713987\n|move|p2a: Skarmory|Body Press|p1a: Espeon\n|-resisted|p1a: Espeon\n|-damage|p1a: Espeon|24\/100\n|move|p1a: Espeon|Psychic|p2a: Skarmory\n|-resisted|p2a: Skarmory\n|-damage|p2a: Skarmory|29\/100\n|\n|-heal|p1a: Espeon|30\/100|[from] item: Leftovers\n|upkeep\n|turn|32\n|\n|t:|1700713993\n|move|p2a: Skarmory|Body Press|p1a: Espeon\n|-resisted|p1a: Espeon\n|-damage|p1a: Espeon|0 fnt\n|faint|p1a: Espeon\n|\n|win|belt fish\n|raw|Emre_Rekt's rating: 1104 &rarr; <strong>1087<\/strong><br \/>(-17 for losing)\n|raw|belt fish's rating: 1216 &rarr; <strong>1233<\/strong><br \/>(+17 for winning)\n","uploadtime":1700714012,"views":12,"p1id":"emrerekt","p2id":"beltfish","formatid":"gen9nationaldex","rating":1087,"private":0,"password":""}