{"id":"gen9nationaldex-1990459618","p1":"gying","p2":"Francoise Fat","format":"[Gen 9] National Dex","log":"|j|\u2606gying\n|j|\u2606Francoise Fat\n|t:|1699972983\n|gametype|singles\n|player|p1|gying|steven|1364\n|player|p2|Francoise Fat|265|1301\n|teamsize|p1|6\n|teamsize|p2|6\n|gen|9\n|tier|[Gen 9] National Dex\n|rated|\n|rule|HP Percentage Mod: HP is shown in percentages\n|rule|Endless Battle Clause: Forcing endless battles is banned\n|rule|OHKO Clause: OHKO moves are banned\n|rule|Evasion Clause: Evasion abilities, items, and moves are banned\n|rule|Evasion Abilities Clause: Evasion abilities are banned\n|rule|Evasion Items Clause: Evasion items are banned\n|rule|Evasion Moves Clause: Evasion moves are banned\n|rule|Species Clause: Limit one of each Pok\u00e9mon\n|rule|Sleep Clause Mod: Limit one foe put to sleep\n|clearpoke\n|poke|p1|Glimmora, F|\n|poke|p1|Greninja-*, M|\n|poke|p1|Clodsire, F|\n|poke|p1|Sneasler, F|\n|poke|p1|Scizor, F|\n|poke|p1|Tapu Koko|\n|poke|p2|Garchomp, M|\n|poke|p2|Araquanid, M|\n|poke|p2|Iron Treads|\n|poke|p2|Tyranitar, M|\n|poke|p2|Sandaconda, M|\n|poke|p2|Aggron, F|\n|teampreview\n|\n|t:|1699973004\n|start\n|switch|p1a: Tapu Koko|Tapu Koko|100\/100\n|switch|p2a: Araquanid|Araquanid, M|100\/100\n|-fieldstart|move: Electric Terrain|[from] ability: Electric Surge|[of] p1a: Tapu Koko\n|turn|1\n|\n|t:|1699973010\n|-terastallize|p1a: Tapu Koko|Electric\n|move|p1a: Tapu Koko|Thunderbolt|p2a: Araquanid\n|-supereffective|p2a: Araquanid\n|-damage|p2a: Araquanid|0 fnt\n|faint|p2a: Araquanid\n|\n|upkeep\n|\n|t:|1699973020\n|switch|p2a: Garchomp|Garchomp, M|100\/100\n|turn|2\n|\n|t:|1699973027\n|switch|p1a: Glimmora|Glimmora, F|100\/100\n|detailschange|p2a: Garchomp|Garchomp-Mega, M\n|-mega|p2a: Garchomp|Garchomp|Garchompite\n|move|p2a: Garchomp|Scale Shot|p1a: Glimmora\n|-damage|p1a: Glimmora|83\/100\n|-activate|p1a: Glimmora|ability: Toxic Debris\n|-sidestart|p2: Francoise Fat|move: Toxic Spikes\n|-damage|p1a: Glimmora|65\/100\n|-activate|p1a: Glimmora|ability: Toxic Debris\n|-sidestart|p2: Francoise Fat|move: Toxic Spikes\n|-hitcount|p1a: Glimmora|2\n|-unboost|p2a: Garchomp|def|1\n|-boost|p2a: Garchomp|spe|1\n|\n|upkeep\n|turn|3\n|\n|t:|1699973041\n|switch|p1a: Tapu Koko|Tapu Koko, tera:Electric|100\/100\n|move|p2a: Garchomp|Earthquake|p1a: Tapu Koko\n|-supereffective|p1a: Tapu Koko\n|-damage|p1a: Tapu Koko|0 fnt\n|faint|p1a: Tapu Koko\n|\n|upkeep\n|\n|t:|1699973045\n|switch|p1a: Sneasler|Sneasler, F|100\/100\n|-enditem|p1a: Sneasler|Electric Seed\n|-boost|p1a: Sneasler|def|1|[from] item: Electric Seed\n|turn|4\n|\n|t:|1699973051\n|move|p1a: Sneasler|Fake Out|p2a: Garchomp\n|-damage|p2a: Garchomp|83\/100\n|cant|p2a: Garchomp|flinch\n|\n|upkeep\n|turn|5\n|\n|t:|1699973065\n|move|p1a: Sneasler|Acrobatics|p2a: Garchomp\n|-damage|p2a: Garchomp|31\/100\n|move|p2a: Garchomp|Earthquake|p1a: Sneasler\n|-supereffective|p1a: Sneasler\n|-damage|p1a: Sneasler|0 fnt\n|faint|p1a: Sneasler\n|\n|-fieldend|move: Electric Terrain\n|upkeep\n|\n|t:|1699973069\n|switch|p1a: Greninja|Greninja, M|100\/100\n|turn|6\n|\n|t:|1699973076\n|move|p1a: Greninja|Water Shuriken|p2a: Garchomp\n|-damage|p2a: Garchomp|23\/100\n|-damage|p2a: Garchomp|16\/100\n|-damage|p2a: Garchomp|9\/100\n|-damage|p2a: Garchomp|2\/100\n|-hitcount|p2a: Garchomp|4\n|move|p2a: Garchomp|Earthquake|p1a: Greninja\n|-damage|p1a: Greninja|0 fnt\n|faint|p1a: Greninja\n|\n|upkeep\n|\n|t:|1699973080\n|switch|p1a: Scizor|Scizor, F|100\/100\n|turn|7\n|-message|gying forfeited.\n|\n|win|Francoise Fat\n|raw|gying's rating: 1364 &rarr; <strong>1340<\/strong><br \/>(-24 for losing)\n|raw|Francoise Fat's rating: 1301 &rarr; <strong>1325<\/strong><br \/>(+24 for winning)\n|l|\u2606gying\n","uploadtime":1699973090,"views":6,"p1id":"gying","p2id":"francoisefat","formatid":"gen9nationaldex","rating":1325,"private":0,"password":""}