{"id":"gen9nationaldex-1993468096","p1":"elenanito444","p2":"Jaradoz","format":"[Gen 9] National Dex","log":"|j|\u2606elenanito444\n|j|\u2606Jaradoz\n|t:|1700321558\n|gametype|singles\n|player|p1|elenanito444|170|1106\n|player|p2|Jaradoz|fisherman-gen6|1154\n|teamsize|p1|6\n|teamsize|p2|6\n|gen|9\n|tier|[Gen 9] National Dex\n|rated|\n|rule|HP Percentage Mod: HP is shown in percentages\n|rule|Endless Battle Clause: Forcing endless battles is banned\n|rule|OHKO Clause: OHKO moves are banned\n|rule|Evasion Clause: Evasion abilities, items, and moves are banned\n|rule|Evasion Abilities Clause: Evasion abilities are banned\n|rule|Evasion Items Clause: Evasion items are banned\n|rule|Evasion Moves Clause: Evasion moves are banned\n|rule|Species Clause: Limit one of each Pok\u00e9mon\n|rule|Sleep Clause Mod: Limit one foe put to sleep\n|clearpoke\n|poke|p1|Sylveon, M|\n|poke|p1|Rillaboom, M|\n|poke|p1|Urshifu-*, M|\n|poke|p1|Zapdos|\n|poke|p1|Arcanine-Hisui, F|\n|poke|p1|Gastrodon, F|\n|poke|p2|Gyarados, F|\n|poke|p2|Clodsire, M|\n|poke|p2|Skeledirge, M|\n|poke|p2|Tornadus-Therian, M|\n|poke|p2|Venusaur, F|\n|poke|p2|Iron Valiant|\n|teampreview\n|inactive|Battle timer is ON: inactive players will automatically lose when time's up. (requested by Jaradoz)\n|\n|t:|1700321576\n|start\n|switch|p1a: Sylveon|Sylveon, M|100\/100\n|switch|p2a: Iron Valiant|Iron Valiant|100\/100\n|turn|1\n|\n|t:|1700321590\n|-end|p2a: Iron Valiant|Quark Drive|[silent]\n|switch|p2a: Clodsire|Clodsire, M|100\/100\n|move|p1a: Sylveon|Hyper Voice|p2a: Clodsire\n|-resisted|p2a: Clodsire\n|-damage|p2a: Clodsire|90\/100\n|\n|upkeep\n|turn|2\n|\n|t:|1700321618\n|switch|p1a: Zapdos|Zapdos|100\/100\n|-ability|p1a: Zapdos|Pressure\n|move|p2a: Clodsire|Spikes|p1a: Zapdos\n|-sidestart|p1: elenanito444|Spikes\n|\n|upkeep\n|turn|3\n|\n|t:|1700321630\n|move|p1a: Zapdos|Thunderbolt|p2a: Clodsire\n|-immune|p2a: Clodsire\n|move|p2a: Clodsire|Toxic|p1a: Zapdos\n|-status|p1a: Zapdos|tox\n|\n|-damage|p1a: Zapdos|94\/100 tox|[from] psn\n|upkeep\n|turn|4\n|\n|t:|1700321639\n|move|p1a: Zapdos|Defog|p2a: Clodsire\n|-unboost|p2a: Clodsire|evasion|1\n|-sideend|p1: elenanito444|Spikes|[from] move: Defog|[of] p1a: Zapdos\n|move|p2a: Clodsire|Toxic|p1a: Zapdos\n|-fail|p1a: Zapdos|tox\n|\n|-heal|p1a: Zapdos|100\/100 tox|[from] item: Leftovers\n|-damage|p1a: Zapdos|88\/100 tox|[from] psn\n|upkeep\n|turn|5\n|\n|t:|1700321649\n|move|p1a: Zapdos|Heat Wave|p2a: Clodsire\n|-damage|p2a: Clodsire|76\/100\n|move|p2a: Clodsire|Toxic|p1a: Zapdos\n|-fail|p1a: Zapdos|tox\n|\n|-heal|p1a: Zapdos|94\/100 tox|[from] item: Leftovers\n|-damage|p1a: Zapdos|76\/100 tox|[from] psn\n|upkeep\n|turn|6\n|\n|t:|1700321659\n|move|p1a: Zapdos|Heat Wave|p2a: Clodsire\n|-damage|p2a: Clodsire|62\/100\n|move|p2a: Clodsire|Spikes|p1a: Zapdos\n|-sidestart|p1: elenanito444|Spikes\n|\n|-heal|p1a: Zapdos|82\/100 tox|[from] item: Leftovers\n|-damage|p1a: Zapdos|58\/100 tox|[from] psn\n|upkeep\n|turn|7\n|\n|t:|1700321670\n|switch|p1a: Rillaboom|Rillaboom, M|100\/100\n|-damage|p1a: Rillaboom|88\/100|[from] Spikes\n|-fieldstart|move: Grassy Terrain|[from] ability: Grassy Surge|[of] p1a: Rillaboom\n|move|p2a: Clodsire|Spikes|p1a: Rillaboom\n|-sidestart|p1: elenanito444|Spikes\n|\n|-heal|p1a: Rillaboom|94\/100|[from] Grassy Terrain\n|-heal|p2a: Clodsire|68\/100|[from] Grassy Terrain\n|upkeep\n|turn|8\n|\n|t:|1700321682\n|switch|p2a: Gyarados|Gyarados, F|100\/100\n|-ability|p2a: Gyarados|Intimidate|boost\n|-unboost|p1a: Rillaboom|atk|1\n|move|p1a: Rillaboom|Grassy Glide|p2a: Gyarados\n|-damage|p2a: Gyarados|82\/100\n|-damage|p1a: Rillaboom|78\/100|[from] item: Rocky Helmet|[of] p2a: Gyarados\n|\n|-heal|p1a: Rillaboom|84\/100|[from] Grassy Terrain\n|upkeep\n|turn|9\n|inactive|Jaradoz has 120 seconds left.\n|\n|t:|1700321714\n|move|p1a: Rillaboom|Knock Off|p2a: Gyarados\n|-damage|p2a: Gyarados|64\/100\n|-damage|p1a: Rillaboom|68\/100|[from] item: Rocky Helmet|[of] p2a: Gyarados\n|-enditem|p2a: Gyarados|Rocky Helmet|[from] move: Knock Off|[of] p1a: Rillaboom\n|move|p2a: Gyarados|Taunt|p1a: Rillaboom\n|-start|p1a: Rillaboom|move: Taunt\n|\n|-heal|p1a: Rillaboom|74\/100|[from] Grassy Terrain\n|upkeep\n|turn|10\n|\n|t:|1700321725\n|move|p1a: Rillaboom|Grassy Glide|p2a: Gyarados\n|-damage|p2a: Gyarados|43\/100\n|move|p2a: Gyarados|Roar|p1a: Rillaboom\n|drag|p1a: Zapdos|Zapdos|58\/100 tox\n|-ability|p1a: Zapdos|Pressure\n|\n|-heal|p1a: Zapdos|64\/100 tox|[from] item: Leftovers\n|-damage|p1a: Zapdos|58\/100 tox|[from] psn\n|upkeep\n|turn|11\n|\n|t:|1700321746\n|switch|p2a: Clodsire|Clodsire, M|68\/100\n|move|p1a: Zapdos|Thunderbolt|p2a: Clodsire\n|-immune|p2a: Clodsire\n|\n|-heal|p1a: Zapdos|64\/100 tox|[from] item: Leftovers\n|-heal|p2a: Clodsire|75\/100|[from] Grassy Terrain\n|-damage|p1a: Zapdos|52\/100 tox|[from] psn\n|upkeep\n|turn|12\n|\n|t:|1700321757\n|move|p1a: Zapdos|Defog|p2a: Clodsire\n|-unboost|p2a: Clodsire|evasion|1\n|-sideend|p1: elenanito444|Spikes|[from] move: Defog|[of] p1a: Zapdos\n|-fieldend|move: Grassy Terrain\n|move|p2a: Clodsire|Spikes|p1a: Zapdos\n|-sidestart|p1: elenanito444|Spikes\n|\n|-heal|p1a: Zapdos|58\/100 tox|[from] item: Leftovers\n|-damage|p1a: Zapdos|40\/100 tox|[from] psn\n|upkeep\n|turn|13\n|\n|t:|1700321768\n|switch|p1a: Gastrodon|Gastrodon, F|100\/100\n|-damage|p1a: Gastrodon|88\/100|[from] Spikes\n|move|p2a: Clodsire|Earthquake|p1a: Gastrodon\n|-damage|p1a: Gastrodon|61\/100\n|\n|-heal|p1a: Gastrodon|67\/100|[from] item: Leftovers\n|upkeep\n|turn|14\n|\n|t:|1700321778\n|switch|p2a: Venusaur|Venusaur, F|100\/100\n|move|p1a: Gastrodon|Scald|p2a: Venusaur\n|-resisted|p2a: Venusaur\n|-damage|p2a: Venusaur|90\/100\n|\n|-heal|p1a: Gastrodon|74\/100|[from] item: Leftovers\n|upkeep\n|turn|15\n|inactive|elenanito444 has 120 seconds left.\n|\n|t:|1700321800\n|switch|p1a: Arcanine|Arcanine-Hisui, F|100\/100\n|detailschange|p2a: Venusaur|Venusaur-Mega, F\n|-mega|p2a: Venusaur|Venusaur|Venusaurite\n|move|p2a: Venusaur|Giga Drain|p1a: Arcanine\n|-damage|p1a: Arcanine|58\/100\n|-heal|p2a: Venusaur|100\/100|[from] drain|[of] p1a: Arcanine\n|\n|upkeep\n|turn|16\n|inactive|elenanito444 has 120 seconds left.\n|\n|t:|1700321817\n|switch|p2a: Gyarados|Gyarados, F|43\/100\n|-ability|p2a: Gyarados|Intimidate|boost\n|-unboost|p1a: Arcanine|atk|1\n|move|p1a: Arcanine|Head Smash|p2a: Gyarados\n|-supereffective|p2a: Gyarados\n|-damage|p2a: Gyarados|0 fnt\n|faint|p2a: Gyarados\n|\n|upkeep\n|\n|t:|1700321827\n|switch|p2a: Venusaur|Venusaur-Mega, F|100\/100\n|turn|17\n|\n|t:|1700321831\n|move|p1a: Arcanine|Flare Blitz|p2a: Venusaur\n|-supereffective|p2a: Venusaur\n|-damage|p2a: Venusaur|76\/100\n|move|p2a: Venusaur|Earth Power|p1a: Arcanine\n|-supereffective|p1a: Arcanine\n|-damage|p1a: Arcanine|0 fnt\n|faint|p1a: Arcanine\n|\n|upkeep\n|inactive|elenanito444 has 120 seconds left.\n|\n|t:|1700321848\n|switch|p1a: Rillaboom|Rillaboom, M|74\/100\n|-damage|p1a: Rillaboom|61\/100|[from] Spikes\n|-fieldstart|move: Grassy Terrain|[from] ability: Grassy Surge|[of] p1a: Rillaboom\n|turn|18\n|inactive|elenanito444 has 120 seconds left.\n|\n|t:|1700321855\n|move|p1a: Rillaboom|High Horsepower|p2a: Venusaur\n|-damage|p2a: Venusaur|47\/100\n|move|p2a: Venusaur|Sludge Bomb|p1a: Rillaboom\n|-supereffective|p1a: Rillaboom\n|-crit|p1a: Rillaboom\n|-damage|p1a: Rillaboom|0 fnt\n|faint|p1a: Rillaboom\n|\n|-heal|p2a: Venusaur|53\/100|[from] Grassy Terrain\n|upkeep\n|inactive|elenanito444 has 120 seconds left.\n|\n|t:|1700321870\n|switch|p1a: Sylveon|Sylveon, M|100\/100\n|-damage|p1a: Sylveon|88\/100|[from] Spikes\n|turn|19\n|inactive|elenanito444 has 120 seconds left.\n|\n|t:|1700321883\n|move|p2a: Venusaur|Sludge Bomb|p1a: Sylveon\n|-supereffective|p1a: Sylveon\n|-crit|p1a: Sylveon\n|-damage|p1a: Sylveon|7\/100\n|move|p1a: Sylveon|Wish|p1a: Sylveon\n|\n|-heal|p2a: Venusaur|59\/100|[from] Grassy Terrain\n|-heal|p1a: Sylveon|13\/100|[from] Grassy Terrain\n|-heal|p1a: Sylveon|19\/100|[from] item: Leftovers\n|upkeep\n|turn|20\n|inactive|elenanito444 has 120 seconds left.\n|\n|t:|1700321894\n|switch|p1a: Zapdos|Zapdos|40\/100 tox\n|-ability|p1a: Zapdos|Pressure\n|move|p2a: Venusaur|Synthesis|p2a: Venusaur\n|-heal|p2a: Venusaur|100\/100\n|\n|-heal|p1a: Zapdos|92\/100 tox|[from] move: Wish|[wisher] Sylveon\n|-heal|p1a: Zapdos|98\/100 tox|[from] item: Leftovers\n|-damage|p1a: Zapdos|92\/100 tox|[from] psn\n|upkeep\n|turn|21\n|inactive|elenanito444 has 120 seconds left.\n|\n|t:|1700321908\n|move|p1a: Zapdos|Heat Wave|p2a: Venusaur\n|-supereffective|p2a: Venusaur\n|-damage|p2a: Venusaur|77\/100\n|move|p2a: Venusaur|Sludge Bomb|p1a: Zapdos\n|-damage|p1a: Zapdos|46\/100 tox\n|\n|-heal|p1a: Zapdos|52\/100 tox|[from] item: Leftovers\n|-heal|p2a: Venusaur|83\/100|[from] Grassy Terrain\n|-damage|p1a: Zapdos|40\/100 tox|[from] psn\n|upkeep\n|turn|22\n|inactive|elenanito444 has 120 seconds left.\n|\n|t:|1700321922\n|move|p1a: Zapdos|Heat Wave|p2a: Venusaur|[miss]\n|-miss|p1a: Zapdos|p2a: Venusaur\n|move|p2a: Venusaur|Giga Drain|p1a: Zapdos\n|-resisted|p1a: Zapdos\n|-damage|p1a: Zapdos|15\/100 tox\n|-heal|p2a: Venusaur|96\/100|[from] drain|[of] p1a: Zapdos\n|\n|-heal|p1a: Zapdos|21\/100 tox|[from] item: Leftovers\n|-heal|p2a: Venusaur|100\/100|[from] Grassy Terrain\n|-damage|p1a: Zapdos|3\/100 tox|[from] psn\n|upkeep\n|turn|23\n|inactive|elenanito444 has 120 seconds left.\n|\n|t:|1700321936\n|move|p1a: Zapdos|Heat Wave|p2a: Venusaur\n|-supereffective|p2a: Venusaur\n|-damage|p2a: Venusaur|81\/100\n|move|p2a: Venusaur|Giga Drain|p1a: Zapdos\n|-resisted|p1a: Zapdos\n|-damage|p1a: Zapdos|0 fnt\n|-heal|p2a: Venusaur|82\/100|[from] drain|[of] p1a: Zapdos\n|faint|p1a: Zapdos\n|\n|-heal|p2a: Venusaur|88\/100|[from] Grassy Terrain\n|upkeep\n|\n|t:|1700321947\n|switch|p1a: Urshifu|Urshifu-Rapid-Strike, M|100\/100\n|-damage|p1a: Urshifu|88\/100|[from] Spikes\n|turn|24\n|\n|t:|1700321956\n|move|p1a: Urshifu|Close Combat|p2a: Venusaur\n|-resisted|p2a: Venusaur\n|-damage|p2a: Venusaur|53\/100\n|-unboost|p1a: Urshifu|def|1\n|-unboost|p1a: Urshifu|spd|1\n|move|p2a: Venusaur|Giga Drain|p1a: Urshifu\n|-supereffective|p1a: Urshifu\n|-damage|p1a: Urshifu|0 fnt\n|-heal|p2a: Venusaur|94\/100|[from] drain|[of] p1a: Urshifu\n|faint|p1a: Urshifu\n|\n|-heal|p2a: Venusaur|99\/100|[from] Grassy Terrain\n|upkeep\n|\n|t:|1700321974\n|switch|p1a: Gastrodon|Gastrodon, F|74\/100\n|-damage|p1a: Gastrodon|61\/100|[from] Spikes\n|turn|25\n|\n|t:|1700321979\n|move|p2a: Venusaur|Giga Drain|p1a: Gastrodon\n|-supereffective|p1a: Gastrodon\n|-damage|p1a: Gastrodon|0 fnt\n|-heal|p2a: Venusaur|100\/100|[from] drain|[of] p1a: Gastrodon\n|faint|p1a: Gastrodon\n|\n|-fieldend|move: Grassy Terrain\n|upkeep\n|\n|t:|1700321987\n|switch|p1a: Sylveon|Sylveon, M|19\/100\n|-damage|p1a: Sylveon|7\/100|[from] Spikes\n|turn|26\n|c|\u2606Jaradoz|gg wp\n|\n|t:|1700321993\n|move|p1a: Sylveon|Protect|p1a: Sylveon\n|-singleturn|p1a: Sylveon|Protect\n|move|p2a: Venusaur|Earth Power|p1a: Sylveon\n|-activate|p1a: Sylveon|move: Protect\n|\n|-heal|p1a: Sylveon|13\/100|[from] item: Leftovers\n|upkeep\n|turn|27\n|inactive|elenanito444 has 120 seconds left.\n|\n|t:|1700322002\n|move|p2a: Venusaur|Earth Power|p1a: Sylveon\n|-damage|p1a: Sylveon|0 fnt\n|faint|p1a: Sylveon\n|\n|win|Jaradoz\n|raw|elenanito444's rating: 1106 &rarr; <strong>1086<\/strong><br \/>(-20 for losing)\n|raw|Jaradoz's rating: 1177 &rarr; <strong>1197<\/strong><br \/>(+20 for winning)\n","uploadtime":1700322008,"views":6,"p1id":"elenanito444","p2id":"jaradoz","formatid":"gen9nationaldex","rating":1086,"private":0,"password":""}