{"id":"gen9nationaldex-1989613566","p1":"gying","p2":"D1N0SAUR-K1NG","format":"[Gen 9] National Dex","log":"|j|\u2606gying\n|j|\u2606D1N0SAUR-K1NG\n|t:|1699878933\n|gametype|singles\n|player|p1|gying|101|1395\n|player|p2|D1N0SAUR-K1NG|jessiejames-gen1|1328\n|teamsize|p1|6\n|teamsize|p2|6\n|gen|9\n|tier|[Gen 9] National Dex\n|rated|\n|rule|HP Percentage Mod: HP is shown in percentages\n|rule|Endless Battle Clause: Forcing endless battles is banned\n|rule|OHKO Clause: OHKO moves are banned\n|rule|Evasion Clause: Evasion abilities, items, and moves are banned\n|rule|Evasion Abilities Clause: Evasion abilities are banned\n|rule|Evasion Items Clause: Evasion items are banned\n|rule|Evasion Moves Clause: Evasion moves are banned\n|rule|Species Clause: Limit one of each Pok\u00e9mon\n|rule|Sleep Clause Mod: Limit one foe put to sleep\n|clearpoke\n|poke|p1|Glimmora, F|\n|poke|p1|Greninja-*, M|\n|poke|p1|Scizor, F|\n|poke|p1|Tapu Koko|\n|poke|p1|Sneasler, M|\n|poke|p1|Rotom-Wash|\n|poke|p2|Togekiss, M|\n|poke|p2|Greninja-*, F|\n|poke|p2|Garchomp, M|\n|poke|p2|Hitmontop, M|\n|poke|p2|Garganacl, F|\n|poke|p2|Iron Valiant|\n|teampreview\n|\n|t:|1699878947\n|start\n|switch|p1a: Glimmora|Glimmora, F|100\/100\n|switch|p2a: Greninja|Greninja, F|100\/100\n|turn|1\n|\n|t:|1699878955\n|move|p2a: Greninja|Surf|p1a: Glimmora\n|-start|p2a: Greninja|typechange|Water|[from] ability: Protean\n|-supereffective|p1a: Glimmora\n|-damage|p1a: Glimmora|10\/100\n|move|p1a: Glimmora|Stealth Rock|p2a: Greninja\n|-sidestart|p2: D1N0SAUR-K1NG|move: Stealth Rock\n|\n|upkeep\n|turn|2\n|\n|t:|1699878969\n|move|p2a: Greninja|Surf|p1a: Glimmora\n|-supereffective|p1a: Glimmora\n|-damage|p1a: Glimmora|0 fnt\n|faint|p1a: Glimmora\n|\n|upkeep\n|\n|t:|1699878974\n|switch|p1a: Rotom|Rotom-Wash|100\/100\n|turn|3\n|\n|t:|1699878984\n|switch|p2a: Garchomp|Garchomp, M|100\/100\n|-damage|p2a: Garchomp|94\/100|[from] Stealth Rock\n|move|p1a: Rotom|Will-O-Wisp|p2a: Garchomp\n|-status|p2a: Garchomp|brn\n|\n|-damage|p2a: Garchomp|88\/100 brn|[from] brn\n|upkeep\n|turn|4\n|\n|t:|1699878997\n|detailschange|p2a: Garchomp|Garchomp-Mega, M\n|-mega|p2a: Garchomp|Garchomp|Garchompite\n|move|p2a: Garchomp|Swords Dance|p2a: Garchomp\n|-boost|p2a: Garchomp|atk|2\n|move|p1a: Rotom|Will-O-Wisp|p2a: Garchomp|[miss]\n|-miss|p1a: Rotom|p2a: Garchomp\n|\n|-damage|p2a: Garchomp|82\/100 brn|[from] brn\n|upkeep\n|turn|5\n|\n|t:|1699879001\n|move|p2a: Garchomp|Scale Shot|p1a: Rotom\n|-damage|p1a: Rotom|84\/100\n|-damage|p1a: Rotom|69\/100\n|-damage|p1a: Rotom|53\/100\n|-hitcount|p1a: Rotom|3\n|-unboost|p2a: Garchomp|def|1\n|-boost|p2a: Garchomp|spe|1\n|move|p1a: Rotom|Will-O-Wisp|p2a: Garchomp\n|-fail|p2a: Garchomp|brn\n|\n|-heal|p1a: Rotom|60\/100|[from] item: Leftovers\n|-damage|p2a: Garchomp|76\/100 brn|[from] brn\n|upkeep\n|turn|6\n|\n|t:|1699879008\n|move|p2a: Garchomp|Swords Dance|p2a: Garchomp\n|-boost|p2a: Garchomp|atk|2\n|move|p1a: Rotom|Pain Split|p2a: Garchomp\n|-sethp|p2a: Garchomp|63\/100 brn|[from] move: Pain Split|[silent]\n|-sethp|p1a: Rotom|75\/100|[from] move: Pain Split\n|\n|-heal|p1a: Rotom|81\/100|[from] item: Leftovers\n|-damage|p2a: Garchomp|57\/100 brn|[from] brn\n|upkeep\n|turn|7\n|\n|t:|1699879013\n|move|p2a: Garchomp|Swords Dance|p2a: Garchomp\n|-boost|p2a: Garchomp|atk|2\n|move|p1a: Rotom|Pain Split|p2a: Garchomp\n|-sethp|p2a: Garchomp|63\/100 brn|[from] move: Pain Split|[silent]\n|-sethp|p1a: Rotom|74\/100|[from] move: Pain Split\n|\n|-heal|p1a: Rotom|80\/100|[from] item: Leftovers\n|-damage|p2a: Garchomp|57\/100 brn|[from] brn\n|upkeep\n|turn|8\n|\n|t:|1699879016\n|move|p2a: Garchomp|Scale Shot|p1a: Rotom\n|-damage|p1a: Rotom|48\/100\n|-damage|p1a: Rotom|19\/100\n|-damage|p1a: Rotom|0 fnt\n|faint|p1a: Rotom\n|-hitcount|p1: Rotom|3\n|-unboost|p2a: Garchomp|def|1\n|-boost|p2a: Garchomp|spe|1\n|\n|-damage|p2a: Garchomp|50\/100 brn|[from] brn\n|upkeep\n|\n|t:|1699879021\n|switch|p1a: Greninja|Greninja, M|100\/100\n|turn|9\n|\n|t:|1699879031\n|move|p2a: Garchomp|Scale Shot|p1a: Greninja\n|-damage|p1a: Greninja|46\/100\n|-damage|p1a: Greninja|0 fnt\n|faint|p1a: Greninja\n|-hitcount|p1: Greninja|2\n|-unboost|p2a: Garchomp|def|1\n|-boost|p2a: Garchomp|spe|1\n|\n|-damage|p2a: Garchomp|44\/100 brn|[from] brn\n|upkeep\n|\n|t:|1699879036\n|switch|p1a: Tapu Koko|Tapu Koko|100\/100\n|-fieldstart|move: Electric Terrain|[from] ability: Electric Surge|[of] p1a: Tapu Koko\n|turn|10\n|\n|t:|1699879039\n|move|p2a: Garchomp|Earthquake|p1a: Tapu Koko\n|-supereffective|p1a: Tapu Koko\n|-damage|p1a: Tapu Koko|0 fnt\n|faint|p1a: Tapu Koko\n|\n|-damage|p2a: Garchomp|38\/100 brn|[from] brn\n|upkeep\n|\n|t:|1699879041\n|switch|p1a: Sneasler|Sneasler, M|100\/100\n|-enditem|p1a: Sneasler|Electric Seed\n|-boost|p1a: Sneasler|def|1|[from] item: Electric Seed\n|turn|11\n|\n|t:|1699879047\n|-terastallize|p1a: Sneasler|Flying\n|move|p1a: Sneasler|Acrobatics|p2a: Garchomp\n|-damage|p2a: Garchomp|0 fnt\n|faint|p2a: Garchomp\n|\n|upkeep\n|\n|t:|1699879050\n|switch|p2a: Garganacl|Garganacl, F|100\/100\n|-damage|p2a: Garganacl|88\/100|[from] Stealth Rock\n|turn|12\n|\n|t:|1699879054\n|-terastallize|p2a: Garganacl|Ghost\n|move|p1a: Sneasler|Close Combat|p2a: Garganacl\n|-immune|p2a: Garganacl\n|move|p2a: Garganacl|Salt Cure|p1a: Sneasler\n|-supereffective|p1a: Sneasler\n|-damage|p1a: Sneasler|70\/100\n|-start|p1a: Sneasler|Salt Cure\n|\n|-heal|p2a: Garganacl|94\/100|[from] item: Leftovers\n|-damage|p1a: Sneasler|58\/100|[from] Salt Cure\n|upkeep\n|turn|13\n|\n|t:|1699879060\n|move|p1a: Sneasler|Dire Claw|p2a: Garganacl\n|-resisted|p2a: Garganacl\n|-damage|p2a: Garganacl|84\/100\n|move|p2a: Garganacl|Iron Defense|p2a: Garganacl\n|-boost|p2a: Garganacl|def|2\n|\n|-heal|p2a: Garganacl|91\/100|[from] item: Leftovers\n|-damage|p1a: Sneasler|46\/100|[from] Salt Cure\n|upkeep\n|turn|14\n|-message|gying forfeited.\n|\n|win|D1N0SAUR-K1NG\n|raw|gying's rating: 1395 &rarr; <strong>1371<\/strong><br \/>(-24 for losing)\n|raw|D1N0SAUR-K1NG's rating: 1328 &rarr; <strong>1352<\/strong><br \/>(+24 for winning)\n|c|\u2606D1N0SAUR-K1NG|Gg bro\n|l|\u2606gying\n","uploadtime":1699879076,"views":6,"p1id":"gying","p2id":"d1n0saurk1ng","formatid":"gen9nationaldex","rating":1352,"private":0,"password":""}