{"id":"gen9nationaldex-1988234562","p1":"LRR121","p2":"FMRMPL","format":"[Gen 9] National Dex","log":"|j|\u2606LRR121\n|j|\u2606FMRMPL\n|t:|1699690984\n|gametype|singles\n|player|p1|LRR121|blue|1321\n|player|p2|FMRMPL|2|1295\n|teamsize|p1|6\n|teamsize|p2|6\n|gen|9\n|tier|[Gen 9] National Dex\n|rated|\n|rule|HP Percentage Mod: HP is shown in percentages\n|rule|Endless Battle Clause: Forcing endless battles is banned\n|rule|OHKO Clause: OHKO moves are banned\n|rule|Evasion Clause: Evasion abilities, items, and moves are banned\n|rule|Evasion Abilities Clause: Evasion abilities are banned\n|rule|Evasion Items Clause: Evasion items are banned\n|rule|Evasion Moves Clause: Evasion moves are banned\n|rule|Species Clause: Limit one of each Pok\u00e9mon\n|rule|Sleep Clause Mod: Limit one foe put to sleep\n|clearpoke\n|poke|p1|Clodsire, M|\n|poke|p1|Corviknight, M|\n|poke|p1|Dragonite, F|\n|poke|p1|Medicham, F|\n|poke|p1|Skeledirge, M|\n|poke|p1|Bisharp, M|\n|poke|p2|Ferrothorn, M|\n|poke|p2|Toxapex, M|\n|poke|p2|Dondozo, M|\n|poke|p2|Blissey, F|\n|poke|p2|Garganacl, F|\n|poke|p2|Clefable, M|\n|teampreview\n|\n|t:|1699691003\n|start\n|switch|p1a: Medicham|Medicham, F|100\/100\n|switch|p2a: Garganacl|Garganacl, F|100\/100\n|turn|1\n|\n|t:|1699691016\n|detailschange|p1a: Medicham|Medicham-Mega, F\n|-mega|p1a: Medicham|Medicham|Medichamite\n|-terastallize|p2a: Garganacl|Ghost\n|move|p1a: Medicham|Fake Out|p2a: Garganacl\n|-immune|p2a: Garganacl\n|move|p2a: Garganacl|Substitute|p2a: Garganacl\n|-start|p2a: Garganacl|Substitute\n|-damage|p2a: Garganacl|76\/100\n|\n|-heal|p2a: Garganacl|82\/100|[from] item: Leftovers\n|upkeep\n|turn|2\n|\n|t:|1699691027\n|move|p1a: Medicham|Zen Headbutt|p2a: Garganacl\n|-end|p2a: Garganacl|Substitute\n|move|p2a: Garganacl|Salt Cure|p1a: Medicham\n|-resisted|p1a: Medicham\n|-damage|p1a: Medicham|89\/100\n|-start|p1a: Medicham|Salt Cure\n|\n|-heal|p2a: Garganacl|88\/100|[from] item: Leftovers\n|-damage|p1a: Medicham|77\/100|[from] Salt Cure\n|upkeep\n|turn|3\n|\n|t:|1699691040\n|move|p2a: Garganacl|Protect|p2a: Garganacl\n|-singleturn|p2a: Garganacl|Protect\n|move|p1a: Medicham|Zen Headbutt|p2a: Garganacl\n|-activate|p2a: Garganacl|move: Protect\n|\n|-heal|p2a: Garganacl|94\/100|[from] item: Leftovers\n|-damage|p1a: Medicham|65\/100|[from] Salt Cure\n|upkeep\n|turn|4\n|\n|t:|1699691054\n|move|p1a: Medicham|Zen Headbutt|p2a: Garganacl\n|-damage|p2a: Garganacl|56\/100\n|move|p2a: Garganacl|Recover|p2a: Garganacl\n|-heal|p2a: Garganacl|100\/100\n|\n|-damage|p1a: Medicham|53\/100|[from] Salt Cure\n|upkeep\n|turn|5\n|\n|t:|1699691061\n|switch|p1a: Bisharp|Bisharp, M|100\/100\n|move|p2a: Garganacl|Protect||[still]\n|-fail|p2a: Garganacl\n|\n|upkeep\n|turn|6\n|\n|t:|1699691069\n|move|p1a: Bisharp|Knock Off|p2a: Garganacl\n|-supereffective|p2a: Garganacl\n|-damage|p2a: Garganacl|35\/100\n|-enditem|p2a: Garganacl|Leftovers|[from] move: Knock Off|[of] p1a: Bisharp\n|move|p2a: Garganacl|Substitute|p2a: Garganacl\n|-start|p2a: Garganacl|Substitute\n|-damage|p2a: Garganacl|10\/100\n|\n|upkeep\n|turn|7\n|\n|t:|1699691077\n|move|p1a: Bisharp|Knock Off|p2a: Garganacl\n|-supereffective|p2a: Garganacl\n|-end|p2a: Garganacl|Substitute\n|move|p2a: Garganacl|Salt Cure|p1a: Bisharp\n|-resisted|p1a: Bisharp\n|-damage|p1a: Bisharp|96\/100\n|-start|p1a: Bisharp|Salt Cure\n|\n|-damage|p1a: Bisharp|71\/100|[from] Salt Cure\n|upkeep\n|turn|8\n|\n|t:|1699691087\n|switch|p2a: Dondozo|Dondozo, M|100\/100\n|move|p1a: Bisharp|Knock Off|p2a: Dondozo\n|-damage|p2a: Dondozo|76\/100\n|-enditem|p2a: Dondozo|Leftovers|[from] move: Knock Off|[of] p1a: Bisharp\n|\n|-damage|p1a: Bisharp|46\/100|[from] Salt Cure\n|upkeep\n|turn|9\n|\n|t:|1699691105\n|switch|p1a: Dragonite|Dragonite, F|100\/100\n|move|p2a: Dondozo|Curse|p2a: Dondozo\n|-unboost|p2a: Dondozo|spe|1\n|-boost|p2a: Dondozo|atk|1\n|-boost|p2a: Dondozo|def|1\n|\n|upkeep\n|turn|10\n|\n|t:|1699691121\n|move|p1a: Dragonite|Earthquake|p2a: Dondozo\n|-damage|p2a: Dondozo|63\/100\n|move|p2a: Dondozo|Yawn|p1a: Dragonite\n|-start|p1a: Dragonite|move: Yawn|[of] p2a: Dondozo\n|\n|upkeep\n|turn|11\n|\n|t:|1699691132\n|switch|p1a: Skeledirge|Skeledirge, M|100\/100\n|move|p2a: Dondozo|Curse|p2a: Dondozo\n|-unboost|p2a: Dondozo|spe|1\n|-boost|p2a: Dondozo|atk|1\n|-boost|p2a: Dondozo|def|1\n|\n|upkeep\n|turn|12\n|\n|t:|1699691143\n|-terastallize|p1a: Skeledirge|Water\n|move|p1a: Skeledirge|Will-O-Wisp|p2a: Dondozo\n|-status|p2a: Dondozo|brn\n|move|p2a: Dondozo|Yawn|p1a: Skeledirge\n|-start|p1a: Skeledirge|move: Yawn|[of] p2a: Dondozo\n|\n|-damage|p2a: Dondozo|57\/100 brn|[from] brn\n|upkeep\n|turn|13\n|\n|t:|1699691157\n|switch|p1a: Dragonite|Dragonite, F|100\/100\n|move|p2a: Dondozo|Curse|p2a: Dondozo\n|-unboost|p2a: Dondozo|spe|1\n|-boost|p2a: Dondozo|atk|1\n|-boost|p2a: Dondozo|def|1\n|\n|-damage|p2a: Dondozo|51\/100 brn|[from] brn\n|upkeep\n|turn|14\n|j| Theloomer\n|l| Theloomer\n|\n|t:|1699691167\n|switch|p1a: Skeledirge|Skeledirge, M, tera:Water|100\/100\n|move|p2a: Dondozo|Rest|p2a: Dondozo\n|-status|p2a: Dondozo|slp|[from] move: Rest\n|-heal|p2a: Dondozo|100\/100 slp|[silent]\n|\n|upkeep\n|turn|15\n|\n|t:|1699691177\n|move|p1a: Skeledirge|Hex|p2a: Dondozo\n|-damage|p2a: Dondozo|51\/100 slp\n|cant|p2a: Dondozo|slp\n|\n|upkeep\n|turn|16\n|\n|t:|1699691198\n|switch|p2a: Blissey|Blissey, F|100\/100\n|move|p1a: Skeledirge|Torch Song|p2a: Blissey\n|-damage|p2a: Blissey|91\/100\n|-boost|p1a: Skeledirge|spa|1\n|\n|-heal|p2a: Blissey|97\/100|[from] item: Leftovers\n|upkeep\n|turn|17\n|\n|t:|1699691213\n|switch|p1a: Bisharp|Bisharp, M|46\/100\n|move|p2a: Blissey|Wish|p2a: Blissey\n|\n|-heal|p2a: Blissey|100\/100|[from] item: Leftovers\n|upkeep\n|turn|18\n|\n|t:|1699691221\n|switch|p2a: Dondozo|Dondozo, M|51\/100 slp\n|move|p1a: Bisharp|Knock Off|p2a: Dondozo\n|-damage|p2a: Dondozo|34\/100 slp\n|\n|-heal|p2a: Dondozo|100\/100 slp|[from] move: Wish|[wisher] Blissey\n|upkeep\n|turn|19\n|\n|t:|1699691232\n|switch|p1a: Skeledirge|Skeledirge, M, tera:Water|100\/100\n|cant|p2a: Dondozo|slp\n|\n|upkeep\n|turn|20\n|\n|t:|1699691238\n|switch|p2a: Blissey|Blissey, F|100\/100\n|move|p1a: Skeledirge|Hex|p2a: Blissey\n|-immune|p2a: Blissey\n|\n|upkeep\n|turn|21\n|\n|t:|1699691244\n|switch|p1a: Corviknight|Corviknight, M|100\/100\n|-ability|p1a: Corviknight|Pressure\n|move|p2a: Blissey|Wish|p2a: Blissey\n|\n|upkeep\n|turn|22\n|\n|t:|1699691261\n|switch|p1a: Bisharp|Bisharp, M|46\/100\n|switch|p2a: Garganacl|Garganacl, F, tera:Ghost|10\/100\n|\n|-heal|p2a: Garganacl|100\/100|[from] move: Wish|[wisher] Blissey\n|upkeep\n|turn|23\n|\n|t:|1699691266\n|switch|p2a: Dondozo|Dondozo, M|100\/100 slp\n|move|p1a: Bisharp|Knock Off|p2a: Dondozo\n|-damage|p2a: Dondozo|85\/100 slp\n|\n|upkeep\n|turn|24\n|\n|t:|1699691276\n|switch|p1a: Skeledirge|Skeledirge, M, tera:Water|100\/100\n|-curestatus|p2a: Dondozo|slp|[msg]\n|move|p2a: Dondozo|Body Press|p1a: Skeledirge\n|-damage|p1a: Skeledirge|83\/100\n|\n|upkeep\n|turn|25\n|\n|t:|1699691291\n|switch|p2a: Clefable|Clefable, M|100\/100\n|move|p1a: Skeledirge|Will-O-Wisp|p2a: Clefable\n|-status|p2a: Clefable|brn\n|\n|upkeep\n|turn|26\n|\n|t:|1699691299\n|switch|p1a: Clodsire|Clodsire, M|100\/100\n|move|p2a: Clefable|Toxic|p1a: Clodsire\n|-immune|p1a: Clodsire\n|\n|upkeep\n|turn|27\n|\n|t:|1699691308\n|move|p2a: Clefable|Trick|p1a: Clodsire\n|-activate|p2a: Clefable|move: Trick|[of] p1a: Clodsire\n|-item|p1a: Clodsire|Flame Orb|[from] move: Trick\n|-item|p2a: Clefable|Black Sludge|[from] move: Trick\n|move|p1a: Clodsire|Stealth Rock|p2a: Clefable\n|-sidestart|p2: FMRMPL|move: Stealth Rock\n|\n|-status|p1a: Clodsire|brn|[from] item: Flame Orb\n|upkeep\n|turn|28\n|\n|t:|1699691317\n|move|p2a: Clefable|Ice Beam|p1a: Clodsire\n|-supereffective|p1a: Clodsire\n|-damage|p1a: Clodsire|81\/100 brn\n|move|p1a: Clodsire|Stealth Rock||[still]\n|-fail|p1a: Clodsire\n|\n|-damage|p1a: Clodsire|75\/100 brn|[from] brn\n|upkeep\n|turn|29\n|\n|t:|1699691334\n|move|p2a: Clefable|Wish|p2a: Clefable\n|move|p1a: Clodsire|Stealth Rock||[still]\n|-fail|p1a: Clodsire\n|\n|-damage|p1a: Clodsire|69\/100 brn|[from] brn\n|upkeep\n|turn|30\n|\n|t:|1699691340\n|move|p2a: Clefable|Ice Beam|p1a: Clodsire\n|-supereffective|p1a: Clodsire\n|-damage|p1a: Clodsire|48\/100 brn\n|move|p1a: Clodsire|Stealth Rock||[still]\n|-fail|p1a: Clodsire\n|\n|-damage|p1a: Clodsire|42\/100 brn|[from] brn\n|upkeep\n|turn|31\n|\n|t:|1699691348\n|switch|p1a: Corviknight|Corviknight, M|100\/100\n|-ability|p1a: Corviknight|Pressure\n|move|p2a: Clefable|Ice Beam|p1a: Corviknight\n|-damage|p1a: Corviknight|82\/100\n|-status|p1a: Corviknight|frz\n|\n|-heal|p1a: Corviknight|88\/100 frz|[from] item: Leftovers\n|upkeep\n|turn|32\n|\n|t:|1699691358\n|switch|p1a: Clodsire|Clodsire, M|42\/100 brn\n|move|p2a: Clefable|Trick|p1a: Clodsire\n|-activate|p2a: Clefable|move: Trick|[of] p1a: Clodsire\n|-item|p1a: Clodsire|Black Sludge|[from] move: Trick\n|-item|p2a: Clefable|Flame Orb|[from] move: Trick\n|\n|-heal|p1a: Clodsire|48\/100 brn|[from] item: Black Sludge\n|-damage|p1a: Clodsire|42\/100 brn|[from] brn\n|upkeep\n|turn|33\n|\n|t:|1699691367\n|move|p2a: Clefable|Trick|p1a: Clodsire\n|-activate|p2a: Clefable|move: Trick|[of] p1a: Clodsire\n|-item|p1a: Clodsire|Flame Orb|[from] move: Trick\n|-item|p2a: Clefable|Black Sludge|[from] move: Trick\n|move|p1a: Clodsire|Recover|p1a: Clodsire\n|-heal|p1a: Clodsire|92\/100 brn\n|\n|-damage|p1a: Clodsire|85\/100 brn|[from] brn\n|upkeep\n|turn|34\n|\n|t:|1699691392\n|switch|p2a: Ferrothorn|Ferrothorn, M|100\/100\n|-damage|p2a: Ferrothorn|94\/100|[from] Stealth Rock\n|move|p1a: Clodsire|Earthquake|p2a: Ferrothorn\n|-damage|p2a: Ferrothorn|87\/100\n|\n|-heal|p2a: Ferrothorn|93\/100|[from] item: Leftovers\n|-damage|p1a: Clodsire|79\/100 brn|[from] brn\n|upkeep\n|turn|35\n|inactive|Battle timer is ON: inactive players will automatically lose when time's up. (requested by FMRMPL)\n|\n|t:|1699691405\n|switch|p1a: Corviknight|Corviknight, M|88\/100 frz\n|-ability|p1a: Corviknight|Pressure\n|move|p2a: Ferrothorn|Leech Seed|p1a: Corviknight\n|-start|p1a: Corviknight|move: Leech Seed\n|\n|-heal|p1a: Corviknight|95\/100 frz|[from] item: Leftovers\n|-heal|p2a: Ferrothorn|99\/100|[from] item: Leftovers\n|-damage|p1a: Corviknight|82\/100 frz|[from] Leech Seed|[of] p2a: Ferrothorn\n|-heal|p2a: Ferrothorn|100\/100|[silent]\n|upkeep\n|turn|36\n|\n|t:|1699691418\n|cant|p1a: Corviknight|frz\n|move|p2a: Ferrothorn|Stealth Rock|p1a: Corviknight\n|-sidestart|p1: LRR121|move: Stealth Rock\n|\n|-heal|p1a: Corviknight|88\/100 frz|[from] item: Leftovers\n|-damage|p1a: Corviknight|76\/100 frz|[from] Leech Seed|[of] p2a: Ferrothorn\n|upkeep\n|turn|37\n|\n|t:|1699691428\n|cant|p1a: Corviknight|frz\n|move|p2a: Ferrothorn|Spikes|p1a: Corviknight\n|-sidestart|p1: LRR121|Spikes\n|\n|-heal|p1a: Corviknight|82\/100 frz|[from] item: Leftovers\n|-damage|p1a: Corviknight|70\/100 frz|[from] Leech Seed|[of] p2a: Ferrothorn\n|upkeep\n|turn|38\n|\n|t:|1699691434\n|cant|p1a: Corviknight|frz\n|move|p2a: Ferrothorn|Spikes|p1a: Corviknight\n|-sidestart|p1: LRR121|Spikes\n|\n|-heal|p1a: Corviknight|76\/100 frz|[from] item: Leftovers\n|-damage|p1a: Corviknight|63\/100 frz|[from] Leech Seed|[of] p2a: Ferrothorn\n|upkeep\n|turn|39\n|\n|t:|1699691441\n|cant|p1a: Corviknight|frz\n|move|p2a: Ferrothorn|Spikes|p1a: Corviknight\n|-sidestart|p1: LRR121|Spikes\n|\n|-heal|p1a: Corviknight|70\/100 frz|[from] item: Leftovers\n|-damage|p1a: Corviknight|57\/100 frz|[from] Leech Seed|[of] p2a: Ferrothorn\n|upkeep\n|turn|40\n|\n|t:|1699691459\n|switch|p2a: Clefable|Clefable, M|100\/100 brn\n|cant|p1a: Corviknight|frz\n|\n|-heal|p1a: Corviknight|63\/100 frz|[from] item: Leftovers\n|-damage|p1a: Corviknight|51\/100 frz|[from] Leech Seed|[of] p2a: Clefable\n|upkeep\n|turn|41\n|\n|t:|1699691464\n|switch|p1a: Clodsire|Clodsire, M|79\/100 brn\n|-damage|p1a: Clodsire|73\/100 brn|[from] Stealth Rock\n|-damage|p1a: Clodsire|48\/100 brn|[from] Spikes\n|move|p2a: Clefable|Trick|p1a: Clodsire\n|-activate|p2a: Clefable|move: Trick|[of] p1a: Clodsire\n|-item|p1a: Clodsire|Black Sludge|[from] move: Trick\n|-item|p2a: Clefable|Flame Orb|[from] move: Trick\n|\n|-heal|p1a: Clodsire|54\/100 brn|[from] item: Black Sludge\n|-damage|p1a: Clodsire|48\/100 brn|[from] brn\n|upkeep\n|turn|42\n|\n|t:|1699691472\n|move|p2a: Clefable|Trick|p1a: Clodsire\n|-activate|p2a: Clefable|move: Trick|[of] p1a: Clodsire\n|-item|p1a: Clodsire|Flame Orb|[from] move: Trick\n|-item|p2a: Clefable|Black Sludge|[from] move: Trick\n|move|p1a: Clodsire|Recover|p1a: Clodsire\n|-heal|p1a: Clodsire|98\/100 brn\n|\n|-damage|p1a: Clodsire|92\/100 brn|[from] brn\n|upkeep\n|turn|43\n|\n|t:|1699691480\n|move|p2a: Clefable|Ice Beam|p1a: Clodsire\n|-supereffective|p1a: Clodsire\n|-damage|p1a: Clodsire|72\/100 brn\n|move|p1a: Clodsire|Recover|p1a: Clodsire\n|-heal|p1a: Clodsire|100\/100 brn\n|\n|-damage|p1a: Clodsire|94\/100 brn|[from] brn\n|upkeep\n|turn|44\n|\n|t:|1699691489\n|switch|p2a: Garganacl|Garganacl, F, tera:Ghost|100\/100\n|-damage|p2a: Garganacl|88\/100|[from] Stealth Rock\n|move|p1a: Clodsire|Recover|p1a: Clodsire\n|-heal|p1a: Clodsire|100\/100 brn\n|\n|-damage|p1a: Clodsire|94\/100 brn|[from] brn\n|upkeep\n|turn|45\n|\n|t:|1699691511\n|switch|p1a: Medicham|Medicham-Mega, F|53\/100\n|-damage|p1a: Medicham|47\/100|[from] Stealth Rock\n|-damage|p1a: Medicham|22\/100|[from] Spikes\n|move|p2a: Garganacl|Salt Cure|p1a: Medicham\n|-resisted|p1a: Medicham\n|-damage|p1a: Medicham|12\/100\n|-start|p1a: Medicham|Salt Cure\n|\n|-damage|p1a: Medicham|0 fnt|[from] Salt Cure\n|faint|p1a: Medicham\n|upkeep\n|\n|t:|1699691521\n|switch|p1a: Corviknight|Corviknight, M|51\/100 frz\n|-damage|p1a: Corviknight|38\/100 frz|[from] Stealth Rock\n|-ability|p1a: Corviknight|Pressure\n|turn|46\n|\n|t:|1699691528\n|cant|p1a: Corviknight|frz\n|move|p2a: Garganacl|Salt Cure|p1a: Corviknight\n|-damage|p1a: Corviknight|31\/100 frz\n|-start|p1a: Corviknight|Salt Cure\n|\n|-heal|p1a: Corviknight|37\/100 frz|[from] item: Leftovers\n|-damage|p1a: Corviknight|12\/100 frz|[from] Salt Cure\n|upkeep\n|turn|47\n|\n|t:|1699691536\n|move|p2a: Garganacl|Protect|p2a: Garganacl\n|-singleturn|p2a: Garganacl|Protect\n|cant|p1a: Corviknight|frz\n|\n|-heal|p1a: Corviknight|18\/100 frz|[from] item: Leftovers\n|-damage|p1a: Corviknight|0 fnt|[from] Salt Cure\n|faint|p1a: Corviknight\n|upkeep\n|-message|LRR121 forfeited.\n|\n|win|FMRMPL\n|raw|LRR121's rating: 1321 &rarr; <strong>1300<\/strong><br \/>(-21 for losing)\n|raw|FMRMPL's rating: 1295 &rarr; <strong>1322<\/strong><br \/>(+27 for winning)\n|l|\u2606LRR121\n","uploadtime":1699691551,"views":9,"p1id":"lrr121","p2id":"fmrmpl","formatid":"gen9nationaldex","rating":1300,"private":0,"password":""}