{"id":"gen9nationaldex-1996102647","p1":"PikaTheRat","p2":"KaneWritez","format":"[Gen 9] National Dex","log":"|html|<div class=\"broadcast-blue\"><strong>[Gen 9] National Dex is currently suspecting Sneasler! For information on how to participate check out the <a href=\"https:\/\/www.smogon.com\/forums\/threads\/sv-national-dex-suspect-8-just-dance.3731534\/\">suspect thread<\/a>.<\/strong><\/div>\n|j|\u2606PikaTheRat\n|j|\u2606KaneWritez\n|t:|1700644474\n|gametype|singles\n|player|p1|PikaTheRat|lucas|\n|player|p2|KaneWritez|ghetsis|\n|teamsize|p1|4\n|teamsize|p2|4\n|gen|9\n|tier|[Gen 9] National Dex\n|rule|HP Percentage Mod: HP is shown in percentages\n|rule|Endless Battle Clause: Forcing endless battles is banned\n|rule|OHKO Clause: OHKO moves are banned\n|rule|Evasion Clause: Evasion abilities, items, and moves are banned\n|rule|Evasion Abilities Clause: Evasion abilities are banned\n|rule|Evasion Items Clause: Evasion items are banned\n|rule|Evasion Moves Clause: Evasion moves are banned\n|rule|Species Clause: Limit one of each Pok\u00e9mon\n|rule|Sleep Clause Mod: Limit one foe put to sleep\n|clearpoke\n|poke|p1|Minior-Violet, L36|\n|poke|p1|Relicanth, L34, M|\n|poke|p1|Graveler, L34, M|\n|poke|p1|Roggenrola, L32, F|\n|poke|p2|Sealeo, L34, F|\n|poke|p2|Vikavolt, L34, M|\n|poke|p2|Skrelp, L34, M|\n|poke|p2|Larvesta, L34, F|\n|teampreview\n|\n|t:|1700644483\n|start\n|switch|p1a: Roggenrola|Roggenrola, L32, F|100\/100\n|switch|p2a: Vikavolt|Vikavolt, L34, M|100\/100\n|turn|1\n|\n|t:|1700644490\n|move|p2a: Vikavolt|Sticky Web|p1a: Roggenrola\n|-sidestart|p1: PikaTheRat|move: Sticky Web\n|move|p1a: Roggenrola|Stealth Rock|p2a: Vikavolt\n|-sidestart|p2: KaneWritez|move: Stealth Rock\n|\n|upkeep\n|turn|2\n|\n|t:|1700644497\n|switch|p2a: Skrelp|Skrelp, L34, M|100\/100\n|-damage|p2a: Skrelp|89\/100|[from] Stealth Rock\n|move|p1a: Roggenrola|Rock Slide|p2a: Skrelp|[miss]\n|-miss|p1a: Roggenrola|p2a: Skrelp\n|\n|upkeep\n|turn|3\n|\n|t:|1700644508\n|move|p1a: Roggenrola|Protect|p1a: Roggenrola\n|-singleturn|p1a: Roggenrola|Protect\n|move|p2a: Skrelp|Water Pulse|p1a: Roggenrola\n|-activate|p1a: Roggenrola|move: Protect\n|\n|upkeep\n|turn|4\n|\n|t:|1700644514\n|move|p2a: Skrelp|Water Pulse|p1a: Roggenrola\n|-supereffective|p1a: Roggenrola\n|-damage|p1a: Roggenrola|18\/100\n|move|p1a: Roggenrola|Rock Slide|p2a: Skrelp\n|-damage|p2a: Skrelp|58\/100\n|\n|upkeep\n|turn|5\n|\n|t:|1700644521\n|move|p2a: Skrelp|Water Pulse|p1a: Roggenrola\n|-supereffective|p1a: Roggenrola\n|-damage|p1a: Roggenrola|0 fnt\n|faint|p1a: Roggenrola\n|\n|upkeep\n|\n|t:|1700644528\n|switch|p1a: Graveler|Graveler, L34, M|100\/100\n|-activate|p1a: Graveler|move: Sticky Web\n|-unboost|p1a: Graveler|spe|1\n|turn|6\n|\n|t:|1700644535\n|move|p2a: Skrelp|Water Pulse|p1a: Graveler\n|-supereffective|p1a: Graveler\n|-ability|p1a: Graveler|Sturdy\n|-damage|p1a: Graveler|2\/100\n|move|p1a: Graveler|Bulldoze|p2a: Skrelp\n|-supereffective|p2a: Skrelp\n|-damage|p2a: Skrelp|0 fnt\n|faint|p2a: Skrelp\n|\n|upkeep\n|\n|t:|1700644545\n|switch|p2a: Chrysus|Larvesta, L34, F, shiny|100\/100\n|-damage|p2a: Chrysus|50\/100|[from] Stealth Rock\n|turn|7\n|\n|t:|1700644561\n|move|p2a: Chrysus|Flame Charge|p1a: Graveler\n|-resisted|p1a: Graveler\n|-damage|p1a: Graveler|0 fnt\n|-boost|p2a: Chrysus|spe|1\n|-damage|p2a: Chrysus|34\/100|[from] item: Rocky Helmet|[of] p1a: Graveler\n|faint|p1a: Graveler\n|\n|upkeep\n|\n|t:|1700644569\n|switch|p1a: Relicanth|Relicanth, L34, M|100\/100\n|-activate|p1a: Relicanth|move: Sticky Web\n|-unboost|p1a: Relicanth|spe|1\n|turn|8\n|\n|t:|1700644579\n|move|p2a: Chrysus|Screech|p1a: Relicanth\n|-unboost|p1a: Relicanth|def|2\n|move|p1a: Relicanth|Waterfall|p2a: Chrysus\n|-supereffective|p2a: Chrysus\n|-damage|p2a: Chrysus|0 fnt\n|faint|p2a: Chrysus\n|\n|upkeep\n|\n|t:|1700644585\n|switch|p2a: Vikavolt|Vikavolt, L34, M|100\/100\n|-damage|p2a: Vikavolt|76\/100|[from] Stealth Rock\n|turn|9\n|\n|t:|1700644594\n|-terastallize|p2a: Vikavolt|Electric\n|move|p2a: Vikavolt|Thunderbolt|p1a: Relicanth\n|-supereffective|p1a: Relicanth\n|-damage|p1a: Relicanth|0 fnt\n|faint|p1a: Relicanth\n|\n|upkeep\n|\n|t:|1700644601\n|switch|p1a: Minior|Minior-Violet, L36|100\/100\n|-formechange|p1a: Minior|Minior-Meteor||[from] ability: Shields Down\n|turn|10\n|\n|t:|1700644612\n|move|p1a: Minior|Power Gem|p2a: Vikavolt\n|-damage|p2a: Vikavolt|30\/100\n|move|p2a: Vikavolt|Thunderbolt|p1a: Minior\n|-supereffective|p1a: Minior\n|-damage|p1a: Minior|0 fnt\n|faint|p1a: Minior\n|\n|win|KaneWritez\n|l|\u2606KaneWritez\n","uploadtime":1700644623,"views":1,"p1id":"pikatherat","p2id":"kanewritez","formatid":"gen9nationaldex","rating":0,"private":0,"password":""}