{"id":"gen9nationaldex-1997795784","p1":"The power of ROCK","p2":"Dabman1069","format":"[Gen 9] National Dex","log":"|html|<div class=\"broadcast-blue\"><strong>[Gen 9] National Dex is currently suspecting Sneasler! For information on how to participate check out the <a href=\"https:\/\/www.smogon.com\/forums\/threads\/sv-national-dex-suspect-8-just-dance.3731534\/\">suspect thread<\/a>.<\/strong><\/div>\n|j|\u2606The power of ROCK\n|j|\u2606Dabman1069\n|inactive|Battle timer is ON: inactive players will automatically lose when time's up.\n|t:|1700853573\n|gametype|singles\n|player|p1|The power of ROCK|roark|\n|player|p2|Dabman1069|steven-masters2|\n|teamsize|p1|6\n|teamsize|p2|6\n|gen|9\n|tier|[Gen 9] National Dex\n|rated|Tournament battle\n|rule|HP Percentage Mod: HP is shown in percentages\n|rule|Endless Battle Clause: Forcing endless battles is banned\n|rule|OHKO Clause: OHKO moves are banned\n|rule|Evasion Clause: Evasion abilities, items, and moves are banned\n|rule|Evasion Abilities Clause: Evasion abilities are banned\n|rule|Evasion Items Clause: Evasion items are banned\n|rule|Evasion Moves Clause: Evasion moves are banned\n|rule|Species Clause: Limit one of each Pok\u00e9mon\n|rule|Sleep Clause Mod: Limit one foe put to sleep\n|clearpoke\n|poke|p1|Tyranitar, F|\n|poke|p1|Garganacl, M|\n|poke|p1|Aggron, F|\n|poke|p1|Glimmora, M|\n|poke|p1|Stakataka|\n|poke|p1|Rampardos, M|\n|poke|p2|Torkoal, F|\n|poke|p2|Charizard, M|\n|poke|p2|Iron Moth|\n|poke|p2|Heliolisk, F|\n|poke|p2|Landorus-Therian, M|\n|poke|p2|Weavile, F|\n|teampreview\n|c|\u2606Dabman1069|GL\n|c|\u2606The power of ROCK|Welcome the the ROCK gym\n|j| Ineros\n|j| Chillrends\n|c|\u2606Dabman1069|i dont believe we have ever played before\n|l| Chillrends\n|inactive|Dabman1069 has 120 seconds left.\n|c|\u2606Dabman1069|ill put my best foot forward for the gym\n|\n|t:|1700853611\n|start\n|switch|p1a: Rampardos|Rampardos, M|100\/100\n|switch|p2a: Landorus|Landorus-Therian, M|100\/100\n|-ability|p2a: Landorus|Intimidate|boost\n|-unboost|p1a: Rampardos|atk|1\n|-ability|p1a: Rampardos|Mold Breaker\n|turn|1\n|j| TESTINGgimmicks1\n|l| TESTINGgimmicks1\n|c| Ineros|We need a dark type version of sacred sword to beat ghost Garg Frfr\n|inactive|The power of ROCK has 120 seconds left.\n|\n|t:|1700853646\n|switch|p2a: Torkoal|Torkoal, F|100\/100\n|-weather|SunnyDay|[from] ability: Drought|[of] p2a: Torkoal\n|switch|p1a: Glimmora|Glimmora, M|100\/100\n|\n|-weather|SunnyDay|[upkeep]\n|upkeep\n|turn|2\n|inactive|The power of ROCK has 120 seconds left.\n|\n|t:|1700853659\n|switch|p2a: Landorus|Landorus-Therian, M|100\/100\n|-ability|p2a: Landorus|Intimidate|boost\n|-unboost|p1a: Glimmora|atk|1\n|move|p1a: Glimmora|Earth Power|p2a: Landorus\n|-immune|p2a: Landorus\n|\n|-weather|SunnyDay|[upkeep]\n|upkeep\n|turn|3\n|l| Ineros\n|\n|t:|1700853672\n|move|p1a: Glimmora|Earth Power|p2a: Landorus\n|-immune|p2a: Landorus\n|move|p2a: Landorus|Earthquake|p1a: Glimmora\n|-supereffective|p1a: Glimmora\n|-damage|p1a: Glimmora|0 fnt\n|-activate|p1a: Glimmora|ability: Toxic Debris\n|-sidestart|p2: Dabman1069|move: Toxic Spikes\n|faint|p1a: Glimmora\n|\n|-weather|SunnyDay|[upkeep]\n|upkeep\n|\n|t:|1700853674\n|switch|p1a: Garganacl|Garganacl, M|100\/100\n|turn|4\n|\n|t:|1700853685\n|-terastallize|p1a: Garganacl|Ghost\n|move|p2a: Landorus|U-turn|p1a: Garganacl\n|-resisted|p1a: Garganacl\n|-damage|p1a: Garganacl|93\/100\n|\n|t:|1700853699\n|switch|p2a: Iron Moth|Iron Moth|100\/100|[from] U-turn\n|-sideend|p2: Dabman1069|move: Toxic Spikes|[of] p2a: Iron Moth\n|-enditem|p2a: Iron Moth|Booster Energy\n|-activate|p2a: Iron Moth|ability: Quark Drive|[fromitem]\n|-start|p2a: Iron Moth|quarkdrivespe\n|move|p1a: Garganacl|Salt Cure|p2a: Iron Moth\n|-supereffective|p2a: Iron Moth\n|-damage|p2a: Iron Moth|61\/100\n|-start|p2a: Iron Moth|Salt Cure\n|\n|-weather|SunnyDay|[upkeep]\n|-damage|p2a: Iron Moth|48\/100|[from] Salt Cure\n|upkeep\n|turn|5\n|\n|t:|1700853703\n|move|p2a: Iron Moth|Fiery Dance|p1a: Garganacl\n|-damage|p1a: Garganacl|54\/100\n|-enditem|p1a: Garganacl|Maranga Berry|[eat]\n|-boost|p1a: Garganacl|spd|1|[from] item: Maranga Berry\n|move|p1a: Garganacl|Salt Cure|p2a: Iron Moth\n|-supereffective|p2a: Iron Moth\n|-damage|p2a: Iron Moth|10\/100\n|\n|-weather|SunnyDay|[upkeep]\n|-damage|p2a: Iron Moth|0 fnt|[from] Salt Cure\n|faint|p2a: Iron Moth\n|-end|p2a: Iron Moth|Quark Drive|[silent]\n|upkeep\n|j| Ineros\n|c|\u2606Dabman1069|cool tech\n|\n|t:|1700853716\n|switch|p2a: Weavile|Weavile, F|100\/100\n|-ability|p2a: Weavile|Pressure\n|turn|6\n|\n|t:|1700853725\n|switch|p1a: Aggron|Aggron, F|100\/100\n|move|p2a: Weavile|Beat Up|p1a: Aggron\n|-damage|p1a: Aggron|94\/100\n|-crit|p1a: Aggron\n|-damage|p1a: Aggron|87\/100\n|-damage|p1a: Aggron|81\/100\n|-damage|p1a: Aggron|77\/100\n|-damage|p1a: Aggron|72\/100\n|-hitcount|p1a: Aggron|5\n|\n|-weather|SunnyDay|[upkeep]\n|upkeep\n|turn|7\n|\n|t:|1700853737\n|switch|p2a: Landorus|Landorus-Therian, M|100\/100\n|-ability|p2a: Landorus|Intimidate|boost\n|-unboost|p1a: Aggron|atk|1\n|detailschange|p1a: Aggron|Aggron-Mega, F\n|-mega|p1a: Aggron|Aggron|Aggronite\n|move|p1a: Aggron|Body Press|p2a: Landorus\n|-resisted|p2a: Landorus\n|-crit|p2a: Landorus\n|-damage|p2a: Landorus|76\/100\n|-damage|p1a: Aggron|55\/100|[from] item: Rocky Helmet|[of] p2a: Landorus\n|\n|-weather|SunnyDay|[upkeep]\n|upkeep\n|turn|8\n|\n|t:|1700853749\n|move|p2a: Landorus|U-turn|p1a: Aggron\n|-resisted|p1a: Aggron\n|-damage|p1a: Aggron|51\/100\n|\n|t:|1700853758\n|switch|p2a: Charizard|Charizard, M|100\/100|[from] U-turn\n|move|p1a: Aggron|Rest|p1a: Aggron\n|-status|p1a: Aggron|slp|[from] move: Rest\n|-heal|p1a: Aggron|100\/100 slp|[silent]\n|\n|-weather|none\n|upkeep\n|turn|9\n|\n|t:|1700853773\n|switch|p1a: Tyranitar|Tyranitar, F|100\/100\n|-weather|Sandstorm|[from] ability: Sand Stream|[of] p1a: Tyranitar\n|detailschange|p2a: Charizard|Charizard-Mega-X, M\n|-mega|p2a: Charizard|Charizard|Charizardite X\n|move|p2a: Charizard|Dragon Dance|p2a: Charizard\n|-boost|p2a: Charizard|atk|1\n|-boost|p2a: Charizard|spe|1\n|\n|-weather|Sandstorm|[upkeep]\n|-damage|p2a: Charizard|94\/100|[from] Sandstorm\n|upkeep\n|turn|10\n|inactive|The power of ROCK has 120 seconds left.\n|\n|t:|1700853817\n|switch|p1a: Aggron|Aggron-Mega, F|100\/100 slp\n|move|p2a: Charizard|Dragon Claw|p1a: Aggron\n|-resisted|p1a: Aggron\n|-damage|p1a: Aggron|84\/100 slp\n|\n|-weather|Sandstorm|[upkeep]\n|-damage|p2a: Charizard|88\/100|[from] Sandstorm\n|upkeep\n|turn|11\n|\n|t:|1700853824\n|move|p2a: Charizard|Dragon Dance|p2a: Charizard\n|-boost|p2a: Charizard|atk|1\n|-boost|p2a: Charizard|spe|1\n|cant|p1a: Aggron|slp\n|move|p1a: Aggron|Sleep Talk|p1a: Aggron\n|move|p1a: Aggron|Iron Defense|p1a: Aggron|[from]move: Sleep Talk\n|-boost|p1a: Aggron|def|2\n|\n|-weather|Sandstorm|[upkeep]\n|-damage|p2a: Charizard|82\/100|[from] Sandstorm\n|upkeep\n|turn|12\n|c|\u2606Dabman1069|:(\n|\n|t:|1700853839\n|move|p2a: Charizard|Flare Blitz|p1a: Aggron\n|-supereffective|p1a: Aggron\n|-damage|p1a: Aggron|33\/100 slp\n|-damage|p2a: Charizard|63\/100|[from] Recoil\n|cant|p1a: Aggron|slp\n|move|p1a: Aggron|Sleep Talk|p1a: Aggron\n|move|p1a: Aggron|Rest||[from]move: Sleep Talk|[still]\n|-fail|p1a: Aggron\n|\n|-weather|Sandstorm|[upkeep]\n|-damage|p2a: Charizard|57\/100|[from] Sandstorm\n|upkeep\n|turn|13\n|l| Ineros\n|\n|t:|1700853848\n|move|p2a: Charizard|Flare Blitz|p1a: Aggron\n|-supereffective|p1a: Aggron\n|-damage|p1a: Aggron|0 fnt\n|faint|p1a: Aggron\n|-damage|p2a: Charizard|44\/100|[from] Recoil\n|\n|-weather|none\n|upkeep\n|\n|t:|1700853851\n|switch|p1a: Stakataka|Stakataka|100\/100\n|turn|14\n|\n|t:|1700853872\n|move|p2a: Charizard|Flare Blitz|p1a: Stakataka\n|-enditem|p1a: Stakataka|Focus Sash\n|-damage|p1a: Stakataka|1\/100\n|-damage|p2a: Charizard|8\/100|[from] Recoil\n|move|p1a: Stakataka|Trick Room|p1a: Stakataka\n|-fieldstart|move: Trick Room|[of] p1a: Stakataka\n|\n|upkeep\n|turn|15\n|\n|t:|1700853881\n|switch|p2a: Landorus|Landorus-Therian, M|76\/100\n|-ability|p2a: Landorus|Intimidate|boost\n|-unboost|p1a: Stakataka|atk|1\n|move|p1a: Stakataka|Gyro Ball|p2a: Landorus\n|-damage|p2a: Landorus|37\/100\n|-damage|p1a: Stakataka|0 fnt|[from] item: Rocky Helmet|[of] p2a: Landorus\n|faint|p1a: Stakataka\n|\n|upkeep\n|\n|t:|1700853884\n|switch|p1a: Rampardos|Rampardos, M|100\/100\n|-ability|p1a: Rampardos|Mold Breaker\n|turn|16\n|\n|t:|1700853893\n|switch|p2a: Charizard|Charizard-Mega-X, M|8\/100\n|-zpower|p1a: Rampardos\n|move|p1a: Rampardos|Continental Crush|p2a: Charizard|[zeffect]\n|-supereffective|p2a: Charizard\n|-damage|p2a: Charizard|0 fnt\n|faint|p2a: Charizard\n|\n|upkeep\n|\n|t:|1700853903\n|switch|p2a: Landorus|Landorus-Therian, M|37\/100\n|-ability|p2a: Landorus|Intimidate|boost\n|-unboost|p1a: Rampardos|atk|1\n|turn|17\n|inactive|Dabman1069 has 120 seconds left.\n|\n|t:|1700853956\n|switch|p2a: Heliolisk|Heliolisk, F|100\/100\n|move|p1a: Rampardos|Head Smash|p2a: Heliolisk\n|-crit|p2a: Heliolisk\n|-damage|p2a: Heliolisk|0 fnt\n|faint|p2a: Heliolisk\n|-damage|p1a: Rampardos|61\/100|[from] Recoil\n|\n|upkeep\n|inactive|Dabman1069 has 90 seconds left.\n|\n|t:|1700853975\n|switch|p2a: Torkoal|Torkoal, F|100\/100\n|-weather|SunnyDay|[from] ability: Drought|[of] p2a: Torkoal\n|turn|18\n|inactive|Dabman1069 has 90 seconds left.\n|\n|t:|1700854001\n|move|p2a: Torkoal|Stealth Rock|p1a: Rampardos\n|-sidestart|p1: The power of ROCK|move: Stealth Rock\n|move|p1a: Rampardos|Swords Dance|p1a: Rampardos\n|-boost|p1a: Rampardos|atk|2\n|\n|-weather|SunnyDay|[upkeep]\n|-fieldend|move: Trick Room\n|upkeep\n|turn|19\n|j| Ineros\n|\n|t:|1700854012\n|move|p1a: Rampardos|Substitute|p1a: Rampardos\n|-start|p1a: Rampardos|Substitute\n|-damage|p1a: Rampardos|36\/100\n|move|p2a: Torkoal|Toxic||[still]\n|-fail|p2a: Torkoal\n|\n|-weather|SunnyDay|[upkeep]\n|upkeep\n|turn|20\n|\n|t:|1700854018\n|-terastallize|p2a: Torkoal|Fairy\n|move|p1a: Rampardos|Head Smash|p2a: Torkoal\n|-damage|p2a: Torkoal|21\/100\n|-damage|p1a: Rampardos|0 fnt|[from] Recoil\n|faint|p1a: Rampardos\n|move|p2a: Torkoal|Lava Plume|p1: Rampardos|[notarget]\n|-fail|p2a: Torkoal\n|\n|-weather|SunnyDay|[upkeep]\n|upkeep\n|c| Ineros|Yooooo\n|\n|t:|1700854022\n|switch|p1a: Garganacl|Garganacl, M, tera:Ghost|54\/100\n|-damage|p1a: Garganacl|42\/100|[from] Stealth Rock\n|turn|21\n|\n|t:|1700854028\n|move|p1a: Garganacl|Iron Defense|p1a: Garganacl\n|-boost|p1a: Garganacl|def|2\n|move|p2a: Torkoal|Lava Plume|p1a: Garganacl\n|-damage|p1a: Garganacl|17\/100\n|\n|-weather|SunnyDay|[upkeep]\n|upkeep\n|turn|22\n|\n|t:|1700854034\n|switch|p2a: Weavile|Weavile, F|100\/100\n|-ability|p2a: Weavile|Pressure\n|move|p1a: Garganacl|Recover|p1a: Garganacl\n|-heal|p1a: Garganacl|67\/100\n|\n|-weather|SunnyDay|[upkeep]\n|upkeep\n|turn|23\n|\n|t:|1700854039\n|move|p2a: Weavile|Knock Off|p1a: Garganacl\n|-supereffective|p1a: Garganacl\n|-damage|p1a: Garganacl|33\/100\n|move|p1a: Garganacl|Recover|p1a: Garganacl\n|-heal|p1a: Garganacl|83\/100\n|\n|-weather|SunnyDay|[upkeep]\n|upkeep\n|turn|24\n|\n|t:|1700854044\n|move|p2a: Weavile|Knock Off|p1a: Garganacl\n|-supereffective|p1a: Garganacl\n|-damage|p1a: Garganacl|52\/100\n|move|p1a: Garganacl|Body Press|p2a: Weavile\n|-supereffective|p2a: Weavile\n|-damage|p2a: Weavile|0 fnt\n|faint|p2a: Weavile\n|\n|-weather|SunnyDay|[upkeep]\n|upkeep\n|c| Ineros|Should\u2019ve evd the Tork to be faster than Garg smh\n|inactive|Dabman1069 has 120 seconds left.\n|c|\u2606The power of ROCK|!dt torkoal\n|raw|<div class=\"message\"><ul class=\"utilichart\"><li class=\"result\"><span class=\"col numcol\">RU<\/span> <span class=\"col iconcol\"><psicon pokemon=\"torkoal\"\/><\/span> <span class=\"col pokemonnamecol\" style=\"white-space:nowrap\"><a href=\"https:\/\/dex.pokemonshowdown.com\/pokemon\/torkoal\" target=\"_blank\">Torkoal<\/a><\/span> <span class=\"col typecol\"><img src=\"https:\/\/play.pokemonshowdown.com\/sprites\/types\/Fire.png\" alt=\"Fire\" height=\"14\" width=\"32\"><\/span> <span style=\"float:left;min-height:26px\"><span class=\"col twoabilitycol\">White Smoke<br \/>Drought<\/span><span class=\"col abilitycol\"><em>Shell Armor<\/em><\/span><\/span><span style=\"float:left;min-height:26px\"><span class=\"col statcol\"><em>HP<\/em><br \/>70<\/span> <span class=\"col statcol\"><em>Atk<\/em><br \/>85<\/span> <span class=\"col statcol\"><em>Def<\/em><br \/>140<\/span> <span class=\"col statcol\"><em>SpA<\/em><br \/>85<\/span> <span class=\"col statcol\"><em>SpD<\/em><br \/>70<\/span> <span class=\"col statcol\"><em>Spe<\/em><br \/>20<\/span> <span class=\"col bstcol\"><em>BST<br \/>470<\/em><\/span> <\/span><\/li><li style=\"clear:both\"><\/li><\/ul><\/div>\n|raw|<font size=\"1\"><font color=\"#686868\">Dex#:<\/font> 324&nbsp;|&ThickSpace;<font color=\"#686868\">Gen:<\/font> 3&nbsp;|&ThickSpace;<font color=\"#686868\">Height:<\/font> 0.5 m&nbsp;|&ThickSpace;<font color=\"#686868\">Weight:<\/font> 80.4 kg <em>(80 BP)<\/em>&nbsp;|&ThickSpace;<font color=\"#686868\">Dex Colour:<\/font> Brown&nbsp;|&ThickSpace;<font color=\"#686868\">Egg Group(s):<\/font> Field&nbsp;|&ThickSpace;<font color=\"#686868\">Does Not Evolve<\/font><\/font>\n\n|c|\u2606The power of ROCK|20 speed\n|c|\u2606The power of ROCK|not worth it tbh\n|c|\u2606Dabman1069|gg sir\n|c|\u2606The power of ROCK|gg\n|c|\u2606Dabman1069|though i had it\n|\n|t:|1700854067\n|switch|p2a: Torkoal|Torkoal, F, tera:Fairy|21\/100\n|turn|25\n|c| Ineros|It\u2019s a joke lol\n|\n|t:|1700854070\n|move|p1a: Garganacl|Recover|p1a: Garganacl\n|-heal|p1a: Garganacl|100\/100\n|move|p2a: Torkoal|Clear Smog|p1a: Garganacl\n|-resisted|p1a: Garganacl\n|-damage|p1a: Garganacl|97\/100\n|-clearboost|p1a: Garganacl\n|\n|-weather|none\n|upkeep\n|turn|26\n|inactive|Dabman1069 has 120 seconds left.\n|\n|t:|1700854076\n|move|p1a: Garganacl|Iron Defense|p1a: Garganacl\n|-boost|p1a: Garganacl|def|2\n|move|p2a: Torkoal|Lava Plume|p1a: Garganacl\n|-damage|p1a: Garganacl|82\/100\n|\n|upkeep\n|turn|27\n|\n|t:|1700854084\n|move|p1a: Garganacl|Iron Defense|p1a: Garganacl\n|-boost|p1a: Garganacl|def|2\n|move|p2a: Torkoal|Clear Smog|p1a: Garganacl\n|-resisted|p1a: Garganacl\n|-crit|p1a: Garganacl\n|-damage|p1a: Garganacl|77\/100\n|-clearboost|p1a: Garganacl\n|\n|upkeep\n|turn|28\n|-message|Dabman1069 forfeited.\n|\n|win|The power of ROCK\n|n|\u2606The power of ROCK|thepowerofrock\n|n|\u2606Dabman1069|dabman1069\n|n| Ineros|ineros\n","uploadtime":1700854101,"views":1,"p1id":"thepowerofrock","p2id":"dabman1069","formatid":"gen9nationaldex","rating":0,"private":0,"password":""}