{"id":"gen9nationaldex-1989908581","p1":"Jack the Ripper21","p2":"Chaoss150","format":"[Gen 9] National Dex","log":"|j|\u2606Jack the Ripper21\n|j|\u203dChaoss150\n|t:|1699905809\n|gametype|singles\n|player|p1|Jack the Ripper21|gentleman-gen4dp|\n|player|p2|Chaoss150|hugh|\n|teamsize|p1|6\n|teamsize|p2|6\n|gen|9\n|tier|[Gen 9] National Dex\n|rule|HP Percentage Mod: HP is shown in percentages\n|rule|Endless Battle Clause: Forcing endless battles is banned\n|rule|OHKO Clause: OHKO moves are banned\n|rule|Evasion Clause: Evasion abilities, items, and moves are banned\n|rule|Evasion Abilities Clause: Evasion abilities are banned\n|rule|Evasion Items Clause: Evasion items are banned\n|rule|Evasion Moves Clause: Evasion moves are banned\n|rule|Species Clause: Limit one of each Pok\u00e9mon\n|rule|Sleep Clause Mod: Limit one foe put to sleep\n|clearpoke\n|poke|p1|Revavroom, M|\n|poke|p1|Toxapex, F|\n|poke|p1|Weezing-Galar, M|\n|poke|p1|Sneasler, M|\n|poke|p1|Nihilego|\n|poke|p1|Ariados, F|\n|poke|p2|Mawile, F|\n|poke|p2|Tinkaton, F|\n|poke|p2|Tapu Lele|\n|poke|p2|Gardevoir, M|\n|poke|p2|Mimikyu, M|\n|poke|p2|Ribombee, M|\n|teampreview\n|inactive|Battle timer is ON: inactive players will automatically lose when time's up. (requested by Chaoss150)\n|c|\u2606Jack the Ripper21|alright let me get the shit in the chat\n|inactive|Jack the Ripper21 has 270 seconds left.\n|inactive|Chaoss150 has 270 seconds left.\n|inactive|Jack the Ripper21 has 240 seconds left.\n|inactive|Chaoss150 has 240 seconds left.\n|inactiveoff|Battle timer is now OFF.\n|j| omegashenronone\n|c| omegashenronone|Coop\n|c| omegashenronone|Cool*\n|c|\u2606Jack the Ripper21|should we wait for more ?\n|j| Jeery112\n|c| Jeery112|Hey guys im rooting for u both :>\n|c|\u2606Jack the Ripper21|aight\n|c| omegashenronone|Im rooting for gyro\n|\n|t:|1699905932\n|start\n|switch|p1a: YOHOHOHOHO|Nihilego|100\/100\n|switch|p2a: Ribombee|Ribombee, M|100\/100\n|turn|1\n|c|\u2606Jack the Ripper21|aight i geuss i can start\n|\n|t:|1699905941\n|move|p2a: Ribombee|Sticky Web|p1a: YOHOHOHOHO\n|-sidestart|p1: Jack the Ripper21|move: Sticky Web\n|move|p1a: YOHOHOHOHO|Meteor Beam||[still]\n|-prepare|p1a: YOHOHOHOHO|Meteor Beam\n|-boost|p1a: YOHOHOHOHO|spa|1\n|-enditem|p1a: YOHOHOHOHO|Power Herb\n|-anim|p1a: YOHOHOHOHO|Meteor Beam|p2a: Ribombee\n|-supereffective|p2a: Ribombee\n|-enditem|p2a: Ribombee|Focus Sash\n|-damage|p2a: Ribombee|1\/100\n|\n|upkeep\n|turn|2\n|j| Sencopion\n|\n|t:|1699905951\n|move|p2a: Ribombee|Psychic|p1a: YOHOHOHOHO\n|-supereffective|p1a: YOHOHOHOHO\n|-damage|p1a: YOHOHOHOHO|63\/100\n|-unboost|p1a: YOHOHOHOHO|spd|1\n|move|p1a: YOHOHOHOHO|Sludge Wave|p2a: Ribombee\n|-supereffective|p2a: Ribombee\n|-damage|p2a: Ribombee|0 fnt\n|faint|p2a: Ribombee\n|-ability|p1a: YOHOHOHOHO|Beast Boost|boost\n|-boost|p1a: YOHOHOHOHO|spe|1\n|\n|upkeep\n|\n|t:|1699905958\n|switch|p2a: Tinkaton|Tinkaton, F|100\/100\n|-ability|p2a: Tinkaton|Mold Breaker\n|turn|3\n|c|\u2606Jack the Ripper21|im so happy i packed this\n|\n|t:|1699905970\n|move|p1a: YOHOHOHOHO|Hidden Power|p2a: Tinkaton\n|-supereffective|p2a: Tinkaton\n|-damage|p2a: Tinkaton|49\/100\n|move|p2a: Tinkaton|Thunder Wave|p1a: YOHOHOHOHO\n|-status|p1a: YOHOHOHOHO|par\n|\n|-heal|p2a: Tinkaton|55\/100|[from] item: Leftovers\n|upkeep\n|turn|4\n|c|\u2606Jack the Ripper21|forgot to put tera fire though oh well\n|\n|t:|1699905985\n|move|p2a: Tinkaton|Stealth Rock|p1a: YOHOHOHOHO\n|-sidestart|p1: Jack the Ripper21|move: Stealth Rock\n|cant|p1a: YOHOHOHOHO|par\n|\n|-heal|p2a: Tinkaton|61\/100|[from] item: Leftovers\n|upkeep\n|turn|5\n|\n|t:|1699905991\n|move|p2a: Tinkaton|Knock Off|p1a: YOHOHOHOHO\n|-damage|p1a: YOHOHOHOHO|44\/100 par\n|move|p1a: YOHOHOHOHO|Hidden Power|p2a: Tinkaton\n|-supereffective|p2a: Tinkaton\n|-damage|p2a: Tinkaton|8\/100\n|\n|-heal|p2a: Tinkaton|14\/100|[from] item: Leftovers\n|upkeep\n|turn|6\n|c|\u2606Jack the Ripper21|crit rq ?\n|\n|t:|1699905998\n|move|p2a: Tinkaton|Knock Off|p1a: YOHOHOHOHO\n|-damage|p1a: YOHOHOHOHO|26\/100 par\n|move|p1a: YOHOHOHOHO|Hidden Power|p2a: Tinkaton\n|-supereffective|p2a: Tinkaton\n|-damage|p2a: Tinkaton|0 fnt\n|faint|p2a: Tinkaton\n|-ability|p1a: YOHOHOHOHO|Beast Boost|boost\n|-boost|p1a: YOHOHOHOHO|spe|1\n|\n|upkeep\n|\n|t:|1699906003\n|switch|p2a: Mawile|Mawile, F|100\/100\n|turn|7\n|\n|t:|1699906008\n|detailschange|p2a: Mawile|Mawile-Mega, F\n|-mega|p2a: Mawile|Mawile|Mawilite\n|move|p2a: Mawile|Sucker Punch|p1a: YOHOHOHOHO\n|-damage|p1a: YOHOHOHOHO|0 fnt\n|faint|p1a: YOHOHOHOHO\n|\n|upkeep\n|\n|t:|1699906022\n|switch|p1a: Weezing|Weezing-Galar, M|100\/100\n|-damage|p1a: Weezing|88\/100|[from] Stealth Rock\n|turn|8\n|\n|t:|1699906030\n|-terastallize|p1a: Weezing|Poison\n|move|p1a: Weezing|Will-O-Wisp|p2a: Mawile|[miss]\n|-miss|p1a: Weezing|p2a: Mawile\n|move|p2a: Mawile|Iron Head|p1a: Weezing\n|-damage|p1a: Weezing|17\/100\n|\n|-heal|p1a: Weezing|23\/100|[from] item: Black Sludge\n|upkeep\n|turn|9\n|c|\u2606Jack the Ripper21|fuck\n|\n|t:|1699906040\n|move|p1a: Weezing|Will-O-Wisp|p2a: Mawile\n|-status|p2a: Mawile|brn\n|move|p2a: Mawile|Iron Head|p1a: Weezing\n|-damage|p1a: Weezing|0 fnt\n|faint|p1a: Weezing\n|\n|-damage|p2a: Mawile|95\/100 brn|[from] brn\n|upkeep\n|\n|t:|1699906049\n|switch|p1a: SPAIN WITH PAIN|Revavroom, M|100\/100\n|-damage|p1a: SPAIN WITH PAIN|95\/100|[from] Stealth Rock\n|-item|p1a: SPAIN WITH PAIN|Air Balloon\n|turn|10\n|\n|t:|1699906057\n|move|p1a: SPAIN WITH PAIN|Shift Gear|p1a: SPAIN WITH PAIN\n|-boost|p1a: SPAIN WITH PAIN|spe|2\n|-boost|p1a: SPAIN WITH PAIN|atk|1\n|move|p2a: Mawile|Swords Dance|p2a: Mawile\n|-boost|p2a: Mawile|atk|2\n|\n|-damage|p2a: Mawile|89\/100 brn|[from] brn\n|upkeep\n|turn|11\n|\n|t:|1699906067\n|move|p1a: SPAIN WITH PAIN|High Horsepower|p2a: Mawile\n|-supereffective|p2a: Mawile\n|-damage|p2a: Mawile|1\/100 brn\n|move|p2a: Mawile|Psychic Fangs|p1a: SPAIN WITH PAIN\n|-damage|p1a: SPAIN WITH PAIN|25\/100\n|-enditem|p1a: SPAIN WITH PAIN|Air Balloon\n|\n|-damage|p2a: Mawile|0 fnt|[from] brn\n|faint|p2a: Mawile\n|upkeep\n|\n|t:|1699906073\n|switch|p2a: Mimikyu|Mimikyu, M|100\/100\n|turn|12\n|\n|t:|1699906080\n|move|p1a: SPAIN WITH PAIN|Iron Head|p2a: Mimikyu\n|-activate|p2a: Mimikyu|ability: Disguise\n|-damage|p2a: Mimikyu|100\/100\n|detailschange|p2a: Mimikyu|Mimikyu-Busted, M\n|-damage|p2a: Mimikyu|88\/100|[from] pokemon: Mimikyu-Busted\n|move|p2a: Mimikyu|Swords Dance|p2a: Mimikyu\n|-boost|p2a: Mimikyu|atk|2\n|\n|upkeep\n|turn|13\n|c| omegashenronone|Burn coming in clutch\n|c|\u2606Jack the Ripper21|flinch\n|c|\u2606Jack the Ripper21|shit\n|\n|t:|1699906089\n|move|p2a: Mimikyu|Shadow Sneak|p1a: SPAIN WITH PAIN\n|-damage|p1a: SPAIN WITH PAIN|0 fnt\n|faint|p1a: SPAIN WITH PAIN\n|-damage|p2a: Mimikyu|78\/100|[from] item: Life Orb\n|\n|upkeep\n|c|\u2606Jack the Ripper21|i forgot to set the team up\n|c|\u2606Jack the Ripper21|i might lose\n|\n|t:|1699906104\n|switch|p1a: tanky|Toxapex, F|100\/100\n|-activate|p1a: tanky|move: Sticky Web\n|-unboost|p1a: tanky|spe|1\n|-damage|p1a: tanky|88\/100|[from] Stealth Rock\n|turn|14\n|\n|t:|1699906111\n|move|p1a: tanky|Baneful Bunker|p1a: tanky\n|-singleturn|p1a: tanky|move: Protect\n|move|p2a: Mimikyu|Shadow Claw|p1a: tanky\n|-activate|p1a: tanky|move: Protect\n|-status|p2a: Mimikyu|psn\n|\n|-heal|p1a: tanky|94\/100|[from] item: Black Sludge\n|-damage|p2a: Mimikyu|66\/100 psn|[from] psn\n|upkeep\n|turn|15\n|\n|t:|1699906121\n|move|p2a: Mimikyu|Shadow Claw|p1a: tanky\n|-damage|p1a: tanky|46\/100\n|-damage|p2a: Mimikyu|56\/100 psn|[from] item: Life Orb\n|move|p1a: tanky|Haze|p1a: tanky\n|-clearallboost\n|\n|-heal|p1a: tanky|52\/100|[from] item: Black Sludge\n|-damage|p2a: Mimikyu|44\/100 psn|[from] psn\n|upkeep\n|turn|16\n|l| Jeery112\n|\n|t:|1699906132\n|switch|p2a: Tapu Lele|Tapu Lele|100\/100\n|-fieldstart|move: Psychic Terrain|[from] ability: Psychic Surge|[of] p2a: Tapu Lele\n|move|p1a: tanky|Recover|p1a: tanky\n|-heal|p1a: tanky|100\/100\n|\n|upkeep\n|turn|17\n|\n|t:|1699906141\n|move|p2a: Tapu Lele|Psychic|p1a: tanky\n|-supereffective|p1a: tanky\n|-damage|p1a: tanky|0 fnt\n|faint|p1a: tanky\n|\n|upkeep\n|\n|t:|1699906146\n|switch|p1a: Ashisogi Jizo|Sneasler, M|100\/100\n|-activate|p1a: Ashisogi Jizo|move: Sticky Web\n|-unboost|p1a: Ashisogi Jizo|spe|1\n|-damage|p1a: Ashisogi Jizo|95\/100|[from] Stealth Rock\n|turn|18\n|\n|t:|1699906157\n|move|p1a: Ashisogi Jizo|Gunk Shot|p2a: Tapu Lele\n|-supereffective|p2a: Tapu Lele\n|-damage|p2a: Tapu Lele|0 fnt\n|faint|p2a: Tapu Lele\n|\n|upkeep\n|\n|t:|1699906160\n|switch|p2a: Gardevoir|Gardevoir, M|100\/100\n|turn|19\n|\n|t:|1699906165\n|-terastallize|p2a: Gardevoir|Ground\n|move|p2a: Gardevoir|Expanding Force|p1a: Ashisogi Jizo\n|-supereffective|p1a: Ashisogi Jizo\n|-damage|p1a: Ashisogi Jizo|0 fnt\n|faint|p1a: Ashisogi Jizo\n|\n|upkeep\n|c| omegashenronone|Nooooo\n|c|\u2606Jack the Ripper21|i lost because i didn't set up my team\n|\n|t:|1699906189\n|switch|p1a: AHHHHH SPIDER|Ariados, F|100\/100\n|-activate|p1a: AHHHHH SPIDER|move: Sticky Web\n|-unboost|p1a: AHHHHH SPIDER|spe|1\n|-damage|p1a: AHHHHH SPIDER|76\/100|[from] Stealth Rock\n|turn|20\n|c| omegashenronone|I told you to delay it since you were sick\n|c|\u2606Jack the Ripper21|gg\n|\n|t:|1699906198\n|move|p2a: Gardevoir|Expanding Force|p1a: AHHHHH SPIDER\n|-supereffective|p1a: AHHHHH SPIDER\n|-damage|p1a: AHHHHH SPIDER|0 fnt\n|faint|p1a: AHHHHH SPIDER\n|\n|win|Chaoss150\n|j| Jeery112\n|l| Jeery112\n|l| omegashenronone\n","uploadtime":1699906269,"views":23,"p1id":"jacktheripper21","p2id":"chaoss150","formatid":"gen9nationaldex","rating":0,"private":0,"password":""}