{"id":"gen9nationaldex-2000406626","p1":"hehe0101","p2":"ktxr1ze","format":"[Gen 9] National Dex","log":"|html|<div class=\"broadcast-blue\"><strong>[Gen 9] National Dex is currently suspecting Sneasler! For information on how to participate check out the <a href=\"https:\/\/www.smogon.com\/forums\/threads\/sv-national-dex-suspect-8-just-dance.3731534\/\">suspect thread<\/a>.<\/strong><\/div>\n|j|\u2606hehe0101\n|j|\u2606ktxr1ze\n|t:|1701192164\n|gametype|singles\n|player|p1|hehe0101|101|\n|player|p2|ktxr1ze|steven|\n|teamsize|p1|6\n|teamsize|p2|6\n|gen|9\n|tier|[Gen 9] National Dex\n|rule|HP Percentage Mod: HP is shown in percentages\n|rule|Endless Battle Clause: Forcing endless battles is banned\n|rule|OHKO Clause: OHKO moves are banned\n|rule|Evasion Clause: Evasion abilities, items, and moves are banned\n|rule|Evasion Abilities Clause: Evasion abilities are banned\n|rule|Evasion Items Clause: Evasion items are banned\n|rule|Evasion Moves Clause: Evasion moves are banned\n|rule|Species Clause: Limit one of each Pok\u00e9mon\n|rule|Sleep Clause Mod: Limit one foe put to sleep\n|clearpoke\n|poke|p1|Mamoswine, M|\n|poke|p1|Weezing, F|\n|poke|p1|Espeon, M|\n|poke|p1|Azumarill, M|\n|poke|p1|Persian-Alola, F|\n|poke|p1|Venusaur, M|\n|poke|p2|Bastiodon, F|\n|poke|p2|Heatran, F|\n|poke|p2|Manectric, F|\n|poke|p2|Landorus-Therian, M|\n|poke|p2|Swellow, M|\n|poke|p2|Clefable, M|\n|teampreview\n|\n|t:|1701192169\n|start\n|switch|p1a: Mamoswine|Mamoswine, M|100\/100\n|switch|p2a: Bastiodon|Bastiodon, F|100\/100\n|turn|1\n|\n|t:|1701192191\n|switch|p1a: Espeon|Espeon, M|100\/100\n|move|p2a: Bastiodon|Stealth Rock|p1a: Espeon\n|move|p1a: Espeon|Stealth Rock|p2a: Bastiodon|[from]ability: Magic Bounce\n|-sidestart|p2: ktxr1ze|move: Stealth Rock\n|\n|upkeep\n|turn|2\n|\n|t:|1701192203\n|switch|p2a: Heatran|Heatran, F|100\/100\n|-damage|p2a: Heatran|88\/100|[from] Stealth Rock\n|move|p1a: Espeon|Calm Mind|p1a: Espeon\n|-boost|p1a: Espeon|spa|1\n|-boost|p1a: Espeon|spd|1\n|\n|-heal|p2a: Heatran|94\/100|[from] item: Leftovers\n|upkeep\n|turn|3\n|\n|t:|1701192209\n|move|p1a: Espeon|Calm Mind|p1a: Espeon\n|-boost|p1a: Espeon|spa|1\n|-boost|p1a: Espeon|spd|1\n|move|p2a: Heatran|Magma Storm|p1a: Espeon\n|-damage|p1a: Espeon|70\/100\n|-activate|p1a: Espeon|move: Magma Storm|[of] p2a: Heatran\n|\n|-heal|p2a: Heatran|100\/100|[from] item: Leftovers\n|-damage|p1a: Espeon|58\/100|[from] move: Magma Storm|[partiallytrapped]\n|upkeep\n|turn|4\n|\n|t:|1701192214\n|move|p1a: Espeon|Calm Mind|p1a: Espeon\n|-boost|p1a: Espeon|spa|1\n|-boost|p1a: Espeon|spd|1\n|move|p2a: Heatran|Taunt|p1a: Espeon\n|move|p1a: Espeon|Taunt|p2a: Heatran|[from]ability: Magic Bounce\n|-start|p2a: Heatran|move: Taunt\n|\n|-damage|p1a: Espeon|45\/100|[from] move: Magma Storm|[partiallytrapped]\n|upkeep\n|turn|5\n|\n|t:|1701192219\n|move|p1a: Espeon|Calm Mind|p1a: Espeon\n|-boost|p1a: Espeon|spa|1\n|-boost|p1a: Espeon|spd|1\n|move|p2a: Heatran|Earth Power|p1a: Espeon\n|-damage|p1a: Espeon|34\/100\n|\n|-damage|p1a: Espeon|22\/100|[from] move: Magma Storm|[partiallytrapped]\n|upkeep\n|turn|6\n|\n|t:|1701192240\n|move|p1a: Espeon|Psychic|p2a: Heatran\n|-resisted|p2a: Heatran\n|-damage|p2a: Heatran|41\/100\n|-damage|p1a: Espeon|12\/100|[from] item: Life Orb\n|move|p2a: Heatran|Earth Power|p1a: Espeon\n|-damage|p1a: Espeon|0 fnt\n|faint|p1a: Espeon\n|\n|-heal|p2a: Heatran|47\/100|[from] item: Leftovers\n|upkeep\n|\n|t:|1701192249\n|switch|p1a: Azumarill|Azumarill, M|100\/100\n|turn|7\n|\n|t:|1701192254\n|move|p1a: Azumarill|Belly Drum|p1a: Azumarill\n|-damage|p1a: Azumarill|50\/100\n|-setboost|p1a: Azumarill|atk|6|[from] move: Belly Drum\n|move|p2a: Heatran|Magma Storm|p1a: Azumarill\n|-resisted|p1a: Azumarill\n|-damage|p1a: Azumarill|27\/100\n|-activate|p1a: Azumarill|move: Magma Storm|[of] p2a: Heatran\n|\n|-heal|p1a: Azumarill|33\/100|[from] item: Leftovers\n|-heal|p2a: Heatran|53\/100|[from] item: Leftovers\n|-damage|p1a: Azumarill|20\/100|[from] move: Magma Storm|[partiallytrapped]\n|-end|p2a: Heatran|move: Taunt\n|upkeep\n|turn|8\n|\n|t:|1701192261\n|move|p1a: Azumarill|Aqua Jet|p2a: Heatran\n|-supereffective|p2a: Heatran\n|-damage|p2a: Heatran|0 fnt\n|faint|p2a: Heatran\n|\n|-heal|p1a: Azumarill|27\/100|[from] item: Leftovers\n|-end|p1a: Azumarill|Magma Storm|[partiallytrapped]|[silent]\n|upkeep\n|\n|t:|1701192269\n|switch|p2a: Clefable|Clefable, M|100\/100\n|-damage|p2a: Clefable|88\/100|[from] Stealth Rock\n|turn|9\n|\n|t:|1701192274\n|move|p1a: Azumarill|Play Rough|p2a: Clefable\n|-damage|p2a: Clefable|44\/100\n|move|p2a: Clefable|Moonblast|p1a: Azumarill\n|-crit|p1a: Azumarill\n|-damage|p1a: Azumarill|0 fnt\n|faint|p1a: Azumarill\n|\n|-heal|p2a: Clefable|50\/100|[from] item: Leftovers\n|upkeep\n|\n|t:|1701192281\n|switch|p1a: Venusaur|Venusaur, M|100\/100\n|turn|10\n|\n|t:|1701192287\n|detailschange|p1a: Venusaur|Venusaur-Mega, M\n|-mega|p1a: Venusaur|Venusaur|Venusaurite\n|move|p1a: Venusaur|Sludge Bomb|p2a: Clefable\n|-supereffective|p2a: Clefable\n|-damage|p2a: Clefable|0 fnt\n|faint|p2a: Clefable\n|\n|upkeep\n|\n|t:|1701192299\n|switch|p2a: Swellow|Swellow, M|100\/100\n|-damage|p2a: Swellow|76\/100|[from] Stealth Rock\n|turn|11\n|\n|t:|1701192303\n|switch|p1a: Persian|Persian-Alola, F|100\/100\n|move|p2a: Swellow|Protect||[still]\n|-fail|p2a: Swellow\n|\n|-status|p2a: Swellow|brn|[from] item: Flame Orb\n|upkeep\n|turn|12\n|\n|t:|1701192309\n|move|p1a: Persian|Fake Out|p2a: Swellow\n|-damage|p2a: Swellow|63\/100 brn\n|cant|p2a: Swellow|flinch\n|\n|-damage|p2a: Swellow|57\/100 brn|[from] brn\n|upkeep\n|turn|13\n|\n|t:|1701192316\n|move|p2a: Swellow|Brave Bird|p1a: Persian\n|-damage|p1a: Persian|56\/100\n|-damage|p2a: Swellow|40\/100 brn|[from] item: Rocky Helmet|[of] p1a: Persian\n|-damage|p2a: Swellow|25\/100 brn|[from] Recoil\n|move|p1a: Persian|Foul Play|p2a: Swellow\n|-damage|p2a: Swellow|0 fnt\n|faint|p2a: Swellow\n|\n|upkeep\n|\n|t:|1701192322\n|switch|p2a: Bastiodon|Bastiodon, F|100\/100\n|-damage|p2a: Bastiodon|94\/100|[from] Stealth Rock\n|turn|14\n|\n|t:|1701192327\n|move|p1a: Persian|Taunt|p2a: Bastiodon\n|-start|p2a: Bastiodon|move: Taunt\n|cant|p2a: Bastiodon|move: Taunt|Stealth Rock\n|\n|-heal|p2a: Bastiodon|100\/100|[from] item: Leftovers\n|upkeep\n|turn|15\n|\n|t:|1701192337\n|switch|p2a: Manectric|Manectric, F, shiny|100\/100\n|-damage|p2a: Manectric|88\/100|[from] Stealth Rock\n|move|p1a: Persian|Foul Play|p2a: Manectric\n|-damage|p2a: Manectric|53\/100\n|\n|upkeep\n|turn|16\n|\n|t:|1701192345\n|detailschange|p2a: Manectric|Manectric-Mega, F, shiny\n|-mega|p2a: Manectric|Manectric|Manectite\n|-ability|p2a: Manectric|Intimidate|boost\n|-unboost|p1a: Persian|atk|1\n|move|p2a: Manectric|Thunderbolt|p1a: Persian\n|-damage|p1a: Persian|0 fnt\n|faint|p1a: Persian\n|\n|upkeep\n|\n|t:|1701192352\n|switch|p1a: Mamoswine|Mamoswine, M|100\/100\n|turn|17\n|\n|t:|1701192358\n|switch|p2a: Landorus|Landorus-Therian, M|100\/100\n|-damage|p2a: Landorus|88\/100|[from] Stealth Rock\n|-ability|p2a: Landorus|Intimidate|boost\n|-fail|p1a: Mamoswine|unboost|Attack|[from] ability: Oblivious|[of] p1a: Mamoswine\n|move|p1a: Mamoswine|Icicle Crash|p2a: Landorus\n|-supereffective|p2a: Landorus\n|-damage|p2a: Landorus|0 fnt\n|faint|p2a: Landorus\n|-damage|p1a: Mamoswine|91\/100|[from] item: Life Orb\n|\n|upkeep\n|\n|t:|1701192362\n|switch|p2a: Bastiodon|Bastiodon, F|100\/100\n|-damage|p2a: Bastiodon|94\/100|[from] Stealth Rock\n|turn|18\n|\n|t:|1701192369\n|move|p1a: Mamoswine|Earthquake|p2a: Bastiodon\n|-supereffective|p2a: Bastiodon\n|-damage|p2a: Bastiodon|0 fnt\n|faint|p2a: Bastiodon\n|-damage|p1a: Mamoswine|81\/100|[from] item: Life Orb\n|\n|upkeep\n|\n|t:|1701192373\n|switch|p2a: Manectric|Manectric-Mega, F, shiny|53\/100\n|-damage|p2a: Manectric|40\/100|[from] Stealth Rock\n|-ability|p2a: Manectric|Intimidate|boost\n|-fail|p1a: Mamoswine|unboost|Attack|[from] ability: Oblivious|[of] p1a: Mamoswine\n|turn|19\n|\n|t:|1701192376\n|move|p2a: Manectric|Flamethrower|p1a: Mamoswine\n|-supereffective|p1a: Mamoswine\n|-damage|p1a: Mamoswine|4\/100\n|move|p1a: Mamoswine|Earthquake|p2a: Manectric\n|-supereffective|p2a: Manectric\n|-damage|p2a: Manectric|0 fnt\n|faint|p2a: Manectric\n|-damage|p1a: Mamoswine|0 fnt|[from] item: Life Orb\n|faint|p1a: Mamoswine\n|\n|win|hehe0101\n|l|\u2606hehe0101\n|j|\u2606hehe0101\n|player|p1|hehe0101|101\n","uploadtime":1701192395,"views":10,"p1id":"hehe0101","p2id":"ktxr1ze","formatid":"gen9nationaldex","rating":0,"private":0,"password":""}