{"id":"gen9nationaldex-1991214293","p1":"fanmashili","p2":"Nexela","format":"[Gen 9] National Dex","log":"|j|\u2606fanmashili\n|j|\u2606Nexela\n|t:|1700057888\n|gametype|singles\n|player|p1|fanmashili|volkner|1285\n|player|p2|Nexela|ghetsis|1227\n|teamsize|p1|6\n|teamsize|p2|6\n|gen|9\n|tier|[Gen 9] National Dex\n|rated|\n|rule|HP Percentage Mod: HP is shown in percentages\n|rule|Endless Battle Clause: Forcing endless battles is banned\n|rule|OHKO Clause: OHKO moves are banned\n|rule|Evasion Clause: Evasion abilities, items, and moves are banned\n|rule|Evasion Abilities Clause: Evasion abilities are banned\n|rule|Evasion Items Clause: Evasion items are banned\n|rule|Evasion Moves Clause: Evasion moves are banned\n|rule|Species Clause: Limit one of each Pok\u00e9mon\n|rule|Sleep Clause Mod: Limit one foe put to sleep\n|clearpoke\n|poke|p1|Swellow, M|\n|poke|p1|Zapdos-Galar|\n|poke|p1|Xurkitree|\n|poke|p1|Volcarona, F|\n|poke|p1|Garchomp, M|\n|poke|p1|Greninja-*, M|\n|poke|p2|Slowking-Galar, M|\n|poke|p2|Glastrier|\n|poke|p2|Stakataka|\n|poke|p2|Banette, F|\n|poke|p2|Weezing-Galar, M|\n|poke|p2|Reuniclus, M|\n|teampreview\n|inactive|Battle timer is ON: inactive players will automatically lose when time's up. (requested by fanmashili)\n|inactive|fanmashili has 120 seconds left.\n|\n|t:|1700057928\n|start\n|switch|p1a: Zapdos|Zapdos-Galar, shiny|100\/100\n|switch|p2a: Slowking|Slowking-Galar, M|100\/100\n|turn|1\n|\n|t:|1700057939\n|move|p1a: Zapdos|Brave Bird|p2a: Slowking\n|-damage|p2a: Slowking|37\/100\n|-damage|p1a: Zapdos|75\/100|[from] Recoil\n|move|p2a: Slowking|Trick Room|p2a: Slowking\n|-fieldstart|move: Trick Room|[of] p2a: Slowking\n|\n|-heal|p2a: Slowking|43\/100|[from] item: Black Sludge\n|upkeep\n|turn|2\n|\n|t:|1700057947\n|move|p2a: Slowking|Psyshock|p1a: Zapdos\n|-supereffective|p1a: Zapdos\n|-damage|p1a: Zapdos|7\/100\n|move|p1a: Zapdos|Brave Bird|p2a: Slowking\n|-damage|p2a: Slowking|0 fnt\n|faint|p2a: Slowking\n|-damage|p1a: Zapdos|0 fnt|[from] Recoil\n|faint|p1a: Zapdos\n|\n|upkeep\n|\n|t:|1700057961\n|switch|p2a: Glastrier|Glastrier|100\/100\n|switch|p1a: Swellow|Swellow, M, shiny|100\/100\n|turn|3\n|\n|t:|1700057966\n|move|p2a: Glastrier|Icicle Crash|p1a: Swellow\n|-supereffective|p1a: Swellow\n|-damage|p1a: Swellow|0 fnt\n|faint|p1a: Swellow\n|-ability|p2a: Glastrier|Chilling Neigh|boost\n|-boost|p2a: Glastrier|atk|1\n|\n|upkeep\n|\n|t:|1700057993\n|switch|p1a: Greninja|Greninja, M|100\/100\n|turn|4\n|\n|t:|1700057997\n|move|p1a: Greninja|Water Shuriken|p2a: Glastrier\n|-damage|p2a: Glastrier|94\/100\n|-damage|p2a: Glastrier|87\/100\n|-damage|p2a: Glastrier|80\/100\n|-damage|p2a: Glastrier|74\/100\n|-damage|p2a: Glastrier|67\/100\n|-hitcount|p2a: Glastrier|5\n|-damage|p1a: Greninja|91\/100|[from] item: Life Orb\n|move|p2a: Glastrier|Close Combat|p1a: Greninja\n|-supereffective|p1a: Greninja\n|-damage|p1a: Greninja|0 fnt\n|-unboost|p2a: Glastrier|def|1\n|-unboost|p2a: Glastrier|spd|1\n|faint|p1a: Greninja\n|-ability|p2a: Glastrier|Chilling Neigh|boost\n|-boost|p2a: Glastrier|atk|1\n|\n|-heal|p2a: Glastrier|73\/100|[from] item: Leftovers\n|upkeep\n|inactive|fanmashili has 120 seconds left.\n|\n|t:|1700058024\n|switch|p1a: Xurkitree|Xurkitree, shiny|100\/100\n|turn|5\n|\n|t:|1700058028\n|move|p2a: Glastrier|High Horsepower|p1a: Xurkitree\n|-supereffective|p1a: Xurkitree\n|-damage|p1a: Xurkitree|0 fnt\n|faint|p1a: Xurkitree\n|-ability|p2a: Glastrier|Chilling Neigh|boost\n|-boost|p2a: Glastrier|atk|1\n|\n|-heal|p2a: Glastrier|79\/100|[from] item: Leftovers\n|-fieldend|move: Trick Room\n|upkeep\n|\n|t:|1700058034\n|switch|p1a: Volcarona|Volcarona, F|100\/100\n|turn|6\n|\n|t:|1700058047\n|switch|p2a: Weezing|Weezing-Galar, M|100\/100\n|move|p1a: Volcarona|Flamethrower|p2a: Weezing\n|-damage|p2a: Weezing|48\/100\n|-status|p2a: Weezing|brn\n|\n|-damage|p2a: Weezing|42\/100 brn|[from] brn\n|upkeep\n|turn|7\n|\n|t:|1700058056\n|move|p1a: Volcarona|Flamethrower|p2a: Weezing\n|-damage|p2a: Weezing|0 fnt\n|faint|p2a: Weezing\n|\n|upkeep\n|\n|t:|1700058060\n|switch|p2a: Banette|Banette, F|100\/100\n|-item|p1a: Volcarona|Heavy-Duty Boots|[from] ability: Frisk|[of] p2a: Banette|[identify]\n|turn|8\n|\n|t:|1700058069\n|detailschange|p2a: Banette|Banette-Mega, F\n|-mega|p2a: Banette|Banette|Banettite\n|move|p2a: Banette|Taunt|p1a: Volcarona\n|-start|p1a: Volcarona|move: Taunt\n|cant|p1a: Volcarona|move: Taunt|Quiver Dance\n|\n|upkeep\n|turn|9\n|\n|t:|1700058080\n|move|p1a: Volcarona|Flamethrower|p2a: Banette\n|-damage|p2a: Banette|57\/100\n|move|p2a: Banette|Trick Room|p2a: Banette\n|-fieldstart|move: Trick Room|[of] p2a: Banette\n|\n|upkeep\n|turn|10\n|\n|t:|1700058086\n|move|p2a: Banette|Knock Off|p1a: Volcarona\n|-damage|p1a: Volcarona|49\/100\n|-enditem|p1a: Volcarona|Heavy-Duty Boots|[from] move: Knock Off|[of] p2a: Banette\n|move|p1a: Volcarona|Flamethrower|p2a: Banette\n|-damage|p2a: Banette|18\/100\n|\n|-end|p1a: Volcarona|move: Taunt\n|upkeep\n|turn|11\n|\n|t:|1700058090\n|move|p2a: Banette|Destiny Bond|p2a: Banette\n|-singlemove|p2a: Banette|Destiny Bond\n|move|p1a: Volcarona|Flamethrower|p2a: Banette\n|-damage|p2a: Banette|0 fnt\n|faint|p2a: Banette\n|-activate|p2a: Banette|move: Destiny Bond\n|faint|p1a: Volcarona\n|\n|upkeep\n|\n|t:|1700058095\n|switch|p2a: Glastrier|Glastrier|79\/100\n|switch|p1a: Garchomp|Garchomp, M, shiny|100\/100\n|turn|12\n|\n|t:|1700058104\n|-terastallize|p1a: Garchomp|Steel\n|move|p2a: Glastrier|Icicle Crash|p1a: Garchomp\n|-resisted|p1a: Garchomp\n|-damage|p1a: Garchomp|76\/100\n|cant|p1a: Garchomp|flinch\n|\n|-heal|p2a: Glastrier|85\/100|[from] item: Leftovers\n|upkeep\n|turn|13\n|\n|t:|1700058113\n|move|p2a: Glastrier|Close Combat|p1a: Garchomp\n|-supereffective|p1a: Garchomp\n|-damage|p1a: Garchomp|0 fnt\n|-unboost|p2a: Glastrier|def|1\n|-unboost|p2a: Glastrier|spd|1\n|-damage|p2a: Glastrier|73\/100|[from] ability: Rough Skin|[of] p1a: Garchomp\n|faint|p1a: Garchomp\n|\n|win|Nexela\n|raw|fanmashili's rating: 1285 &rarr; <strong>1256<\/strong><br \/>(-29 for losing)\n|raw|Nexela's rating: 1227 &rarr; <strong>1256<\/strong><br \/>(+29 for winning)\n|c|\u2606Nexela|Gg\n|l|\u2606fanmashili\n","uploadtime":1700058125,"views":10,"p1id":"fanmashili","p2id":"nexela","formatid":"gen9nationaldex","rating":1256,"private":0,"password":""}