{"id":"gen9nationaldex-1996695589","p1":"zqtp","p2":"khoi_3210","format":"[Gen 9] National Dex","log":"|html|<div class=\"broadcast-blue\"><strong>[Gen 9] National Dex is currently suspecting Sneasler! For information on how to participate check out the <a href=\"https:\/\/www.smogon.com\/forums\/threads\/sv-national-dex-suspect-8-just-dance.3731534\/\">suspect thread<\/a>.<\/strong><\/div>\n|j|\u2606zqtp\n|j|\u2606khoi_3210\n|t:|1700710842\n|gametype|singles\n|player|p1|zqtp|leon|1319\n|player|p2|khoi_3210|clerkf|1225\n|teamsize|p1|6\n|teamsize|p2|6\n|gen|9\n|tier|[Gen 9] National Dex\n|rated|\n|rule|HP Percentage Mod: HP is shown in percentages\n|rule|Endless Battle Clause: Forcing endless battles is banned\n|rule|OHKO Clause: OHKO moves are banned\n|rule|Evasion Clause: Evasion abilities, items, and moves are banned\n|rule|Evasion Abilities Clause: Evasion abilities are banned\n|rule|Evasion Items Clause: Evasion items are banned\n|rule|Evasion Moves Clause: Evasion moves are banned\n|rule|Species Clause: Limit one of each Pok\u00e9mon\n|rule|Sleep Clause Mod: Limit one foe put to sleep\n|clearpoke\n|poke|p1|Reuniclus, F|\n|poke|p1|Zamazenta-*|\n|poke|p1|Tapu Koko|\n|poke|p1|Garganacl, M|\n|poke|p1|Clodsire, M|\n|poke|p1|Landorus-Therian, M|\n|poke|p2|Gallade, M|\n|poke|p2|Ninetales-Alola, F|\n|poke|p2|Cinderace, M|\n|poke|p2|Zapdos|\n|poke|p2|Greninja-*, M|\n|poke|p2|Ferrothorn, M|\n|teampreview\n|inactive|Battle timer is ON: inactive players will automatically lose when time's up. (requested by zqtp)\n|c|\u2606zqtp|glhf\n|\n|t:|1700710855\n|start\n|switch|p1a: Landorus|Landorus-Therian, M|100\/100\n|switch|p2a: Cinderace|Cinderace, M|100\/100\n|-ability|p1a: Landorus|Intimidate|boost\n|-unboost|p2a: Cinderace|atk|1\n|turn|1\n|\n|t:|1700710863\n|move|p2a: Cinderace|Sucker Punch||[still]\n|-fail|p2a: Cinderace\n|move|p1a: Landorus|Taunt|p2a: Cinderace\n|-start|p2a: Cinderace|move: Taunt\n|\n|upkeep\n|turn|2\n|\n|t:|1700710877\n|switch|p2a: Ninetales|Ninetales-Alola, F|100\/100\n|-weather|Snow|[from] ability: Snow Warning|[of] p2a: Ninetales\n|switch|p1a: Clodsire|Clodsire, M|100\/100\n|\n|-weather|Snow|[upkeep]\n|upkeep\n|turn|3\n|\n|t:|1700710884\n|move|p2a: Ninetales|Aurora Veil|p2a: Ninetales\n|-sidestart|p2: khoi_3210|move: Aurora Veil\n|move|p1a: Clodsire|Spikes|p2a: Ninetales\n|-sidestart|p2: khoi_3210|Spikes\n|\n|-weather|Snow|[upkeep]\n|upkeep\n|turn|4\n|\n|t:|1700710887\n|move|p2a: Ninetales|Blizzard|p1a: Clodsire\n|-supereffective|p1a: Clodsire\n|-crit|p1a: Clodsire\n|-damage|p1a: Clodsire|40\/100\n|move|p1a: Clodsire|Spikes|p2a: Ninetales\n|-sidestart|p2: khoi_3210|Spikes\n|\n|-weather|Snow|[upkeep]\n|upkeep\n|turn|5\n|\n|t:|1700710894\n|switch|p1a: Garganacl|Garganacl, M|100\/100\n|move|p2a: Ninetales|Blizzard|p1a: Garganacl\n|-damage|p1a: Garganacl|64\/100\n|\n|-weather|Snow|[upkeep]\n|-heal|p1a: Garganacl|70\/100|[from] item: Leftovers\n|upkeep\n|turn|6\n|\n|t:|1700710905\n|move|p2a: Ninetales|Blizzard|p1a: Garganacl\n|-damage|p1a: Garganacl|38\/100\n|move|p1a: Garganacl|Salt Cure|p2a: Ninetales\n|-supereffective|p2a: Ninetales\n|-damage|p2a: Ninetales|87\/100\n|-start|p2a: Ninetales|Salt Cure\n|\n|-weather|none\n|-heal|p1a: Garganacl|45\/100|[from] item: Leftovers\n|-damage|p2a: Ninetales|75\/100|[from] Salt Cure\n|upkeep\n|turn|7\n|\n|t:|1700710911\n|move|p2a: Ninetales|Blizzard|p1a: Garganacl\n|-damage|p1a: Garganacl|13\/100\n|move|p1a: Garganacl|Recover|p1a: Garganacl\n|-heal|p1a: Garganacl|63\/100\n|\n|-heal|p1a: Garganacl|69\/100|[from] item: Leftovers\n|-damage|p2a: Ninetales|62\/100|[from] Salt Cure\n|upkeep\n|turn|8\n|\n|t:|1700710921\n|switch|p2a: Shiny?|Zapdos, shiny|100\/100\n|move|p1a: Garganacl|Recover|p1a: Garganacl\n|-heal|p1a: Garganacl|100\/100\n|\n|upkeep\n|turn|9\n|\n|t:|1700710925\n|-zpower|p2a: Shiny?\n|move|p2a: Shiny?|Supersonic Skystrike|p1a: Garganacl|[zeffect]\n|-resisted|p1a: Garganacl\n|-damage|p1a: Garganacl|49\/100\n|move|p1a: Garganacl|Salt Cure|p2a: Shiny?\n|-supereffective|p2a: Shiny?\n|-damage|p2a: Shiny?|84\/100\n|-start|p2a: Shiny?|Salt Cure\n|\n|-heal|p1a: Garganacl|55\/100|[from] item: Leftovers\n|-damage|p2a: Shiny?|72\/100|[from] Salt Cure\n|upkeep\n|turn|10\n|\n|t:|1700710948\n|switch|p1a: Tapu Koko|Tapu Koko|100\/100\n|-fieldstart|move: Electric Terrain|[from] ability: Electric Surge|[of] p1a: Tapu Koko\n|move|p2a: Shiny?|Discharge|p1a: Tapu Koko\n|-resisted|p1a: Tapu Koko\n|-damage|p1a: Tapu Koko|68\/100\n|\n|-damage|p2a: Shiny?|59\/100|[from] Salt Cure\n|-sideend|p2: khoi_3210|move: Aurora Veil\n|upkeep\n|turn|11\n|\n|t:|1700710957\n|switch|p2a: Cinderace|Cinderace, M|100\/100\n|move|p1a: Tapu Koko|Thunderbolt|p2a: Cinderace\n|-crit|p2a: Cinderace\n|-damage|p2a: Cinderace|0 fnt\n|faint|p2a: Cinderace\n|\n|upkeep\n|\n|t:|1700710962\n|switch|p2a: Greninja|Greninja, M|100\/100\n|-damage|p2a: Greninja|84\/100|[from] Spikes\n|turn|12\n|\n|t:|1700710966\n|-terastallize|p2a: Greninja|Ground\n|move|p1a: Tapu Koko|Thunderbolt|p2a: Greninja\n|-immune|p2a: Greninja\n|move|p2a: Greninja|Tera Blast|p1a: Tapu Koko|[anim] Tera Blast Ground\n|-supereffective|p1a: Tapu Koko\n|-damage|p1a: Tapu Koko|0 fnt\n|faint|p1a: Tapu Koko\n|-ability|p2a: Greninja|Battle Bond|boost\n|-boost|p2a: Greninja|atk|1\n|-boost|p2a: Greninja|spa|1\n|-boost|p2a: Greninja|spe|1\n|-activate|p2a: Greninja|ability: Battle Bond\n|\n|upkeep\n|\n|t:|1700710980\n|switch|p1a: Landorus|Landorus-Therian, M|100\/100\n|-ability|p1a: Landorus|Intimidate|boost\n|-unboost|p2a: Greninja|atk|1\n|turn|13\n|\n|t:|1700710983\n|move|p2a: Greninja|Blizzard|p1a: Landorus|[miss]\n|-miss|p2a: Greninja|p1a: Landorus\n|move|p1a: Landorus|Toxic|p2a: Greninja\n|-status|p2a: Greninja|tox\n|\n|-damage|p2a: Greninja|78\/100 tox|[from] psn\n|upkeep\n|turn|14\n|\n|t:|1700710990\n|-terastallize|p1a: Landorus|Water\n|move|p2a: Greninja|Dark Pulse|p1a: Landorus\n|-damage|p1a: Landorus|45\/100\n|cant|p1a: Landorus|flinch\n|\n|-damage|p2a: Greninja|66\/100 tox|[from] psn\n|-fieldend|move: Electric Terrain\n|upkeep\n|turn|15\n|\n|t:|1700710997\n|switch|p1a: Zamazenta|Zamazenta|100\/100\n|-ability|p1a: Zamazenta|Dauntless Shield|boost\n|-boost|p1a: Zamazenta|def|1\n|move|p2a: Greninja|Dark Pulse|p1a: Zamazenta\n|-resisted|p1a: Zamazenta\n|-damage|p1a: Zamazenta|76\/100\n|\n|-damage|p2a: Greninja|48\/100 tox|[from] psn\n|upkeep\n|turn|16\n|\n|t:|1700711003\n|move|p2a: Greninja|Tera Blast|p1a: Zamazenta|[anim] Tera Blast Ground\n|-damage|p1a: Zamazenta|25\/100\n|move|p1a: Zamazenta|Ice Fang|p2a: Greninja\n|-supereffective|p2a: Greninja\n|-damage|p2a: Greninja|0 fnt\n|faint|p2a: Greninja\n|\n|upkeep\n|\n|t:|1700711012\n|switch|p2a: Shiny?|Zapdos, shiny|59\/100\n|turn|17\n|\n|t:|1700711031\n|move|p1a: Zamazenta|Ice Fang|p2a: Shiny?\n|-supereffective|p2a: Shiny?\n|-damage|p2a: Shiny?|0 fnt\n|faint|p2a: Shiny?\n|\n|upkeep\n|\n|t:|1700711041\n|switch|p2a: Ferrothorn|Ferrothorn, M|100\/100\n|-damage|p2a: Ferrothorn|84\/100|[from] Spikes\n|turn|18\n|\n|t:|1700711045\n|switch|p1a: Reuniclus|Reuniclus, F|100\/100\n|move|p2a: Ferrothorn|Leech Seed|p1a: Reuniclus\n|-start|p1a: Reuniclus|move: Leech Seed\n|\n|-heal|p2a: Ferrothorn|90\/100|[from] item: Leftovers\n|upkeep\n|turn|19\n|\n|t:|1700711050\n|move|p1a: Reuniclus|Calm Mind|p1a: Reuniclus\n|-boost|p1a: Reuniclus|spa|1\n|-boost|p1a: Reuniclus|spd|1\n|move|p2a: Ferrothorn|Gyro Ball|p1a: Reuniclus\n|-damage|p1a: Reuniclus|86\/100\n|\n|-heal|p1a: Reuniclus|92\/100|[from] item: Leftovers\n|-heal|p2a: Ferrothorn|96\/100|[from] item: Leftovers\n|upkeep\n|turn|20\n|\n|t:|1700711055\n|switch|p2a: Ninetales|Ninetales-Alola, F|62\/100\n|-damage|p2a: Ninetales|46\/100|[from] Spikes\n|-weather|Snow|[from] ability: Snow Warning|[of] p2a: Ninetales\n|move|p1a: Reuniclus|Acid Armor|p1a: Reuniclus\n|-boost|p1a: Reuniclus|def|2\n|\n|-weather|Snow|[upkeep]\n|-heal|p1a: Reuniclus|98\/100|[from] item: Leftovers\n|upkeep\n|turn|21\n|c|\u2606zqtp|gg\n|\n|t:|1700711059\n|move|p2a: Ninetales|Hypnosis|p1a: Reuniclus\n|-status|p1a: Reuniclus|slp|[from] move: Hypnosis\n|cant|p1a: Reuniclus|slp\n|\n|-weather|Snow|[upkeep]\n|-heal|p1a: Reuniclus|100\/100 slp|[from] item: Leftovers\n|upkeep\n|turn|22\n|\n|t:|1700711061\n|move|p2a: Ninetales|Aurora Veil|p2a: Ninetales\n|-sidestart|p2: khoi_3210|move: Aurora Veil\n|cant|p1a: Reuniclus|slp\n|\n|-weather|Snow|[upkeep]\n|upkeep\n|turn|23\n|\n|t:|1700711067\n|move|p2a: Ninetales|Blizzard|p1a: Reuniclus\n|-damage|p1a: Reuniclus|79\/100 slp\n|-curestatus|p1a: Reuniclus|slp|[msg]\n|move|p1a: Reuniclus|Calm Mind|p1a: Reuniclus\n|-boost|p1a: Reuniclus|spa|1\n|-boost|p1a: Reuniclus|spd|1\n|\n|-weather|Snow|[upkeep]\n|-heal|p1a: Reuniclus|85\/100|[from] item: Leftovers\n|upkeep\n|turn|24\n|c|\u2606zqtp|this may take a while\n|\n|t:|1700711078\n|move|p2a: Ninetales|Hypnosis|p1a: Reuniclus|[miss]\n|-miss|p2a: Ninetales|p1a: Reuniclus\n|move|p1a: Reuniclus|Calm Mind|p1a: Reuniclus\n|-boost|p1a: Reuniclus|spa|1\n|-boost|p1a: Reuniclus|spd|1\n|\n|-weather|none\n|-heal|p1a: Reuniclus|91\/100|[from] item: Leftovers\n|upkeep\n|turn|25\n|\n|t:|1700711083\n|move|p2a: Ninetales|Hypnosis|p1a: Reuniclus\n|-status|p1a: Reuniclus|slp|[from] move: Hypnosis\n|cant|p1a: Reuniclus|slp\n|\n|-heal|p1a: Reuniclus|97\/100 slp|[from] item: Leftovers\n|upkeep\n|turn|26\n|\n|t:|1700711085\n|switch|p2a: Ace|Gallade, M|100\/100\n|-damage|p2a: Ace|84\/100|[from] Spikes\n|cant|p1a: Reuniclus|slp\n|\n|-heal|p1a: Reuniclus|100\/100 slp|[from] item: Leftovers\n|upkeep\n|turn|27\n|\n|t:|1700711087\n|detailschange|p2a: Ace|Gallade-Mega, M\n|-mega|p2a: Ace|Gallade|Galladite\n|move|p2a: Ace|Swords Dance|p2a: Ace\n|-boost|p2a: Ace|atk|2\n|cant|p1a: Reuniclus|slp\n|\n|upkeep\n|turn|28\n|\n|t:|1700711092\n|move|p2a: Ace|Sacred Sword|p1a: Reuniclus\n|-resisted|p1a: Reuniclus\n|-damage|p1a: Reuniclus|59\/100 slp\n|-curestatus|p1a: Reuniclus|slp|[msg]\n|move|p1a: Reuniclus|Acid Armor|p1a: Reuniclus\n|-boost|p1a: Reuniclus|def|2\n|\n|-heal|p1a: Reuniclus|65\/100|[from] item: Leftovers\n|upkeep\n|turn|29\n|\n|t:|1700711099\n|move|p2a: Ace|Sacred Sword|p1a: Reuniclus\n|-resisted|p1a: Reuniclus\n|-damage|p1a: Reuniclus|20\/100\n|move|p1a: Reuniclus|Recover|p1a: Reuniclus\n|-heal|p1a: Reuniclus|70\/100\n|\n|-heal|p1a: Reuniclus|76\/100|[from] item: Leftovers\n|-sideend|p2: khoi_3210|move: Aurora Veil\n|upkeep\n|turn|30\n|\n|t:|1700711103\n|move|p2a: Ace|Sacred Sword|p1a: Reuniclus\n|-resisted|p1a: Reuniclus\n|-damage|p1a: Reuniclus|33\/100\n|move|p1a: Reuniclus|Stored Power|p2a: Ace\n|-damage|p2a: Ace|0 fnt\n|faint|p2a: Ace\n|\n|-heal|p1a: Reuniclus|39\/100|[from] item: Leftovers\n|upkeep\n|\n|t:|1700711108\n|switch|p2a: Ferrothorn|Ferrothorn, M|96\/100\n|-damage|p2a: Ferrothorn|79\/100|[from] Spikes\n|turn|31\n|\n|t:|1700711116\n|move|p1a: Reuniclus|Recover|p1a: Reuniclus\n|-heal|p1a: Reuniclus|89\/100\n|move|p2a: Ferrothorn|Body Press|p1a: Reuniclus\n|-resisted|p1a: Reuniclus\n|-damage|p1a: Reuniclus|85\/100\n|\n|-heal|p1a: Reuniclus|91\/100|[from] item: Leftovers\n|-heal|p2a: Ferrothorn|85\/100|[from] item: Leftovers\n|upkeep\n|turn|32\n|\n|t:|1700711120\n|switch|p2a: Ninetales|Ninetales-Alola, F|46\/100\n|-damage|p2a: Ninetales|29\/100|[from] Spikes\n|-weather|Snow|[from] ability: Snow Warning|[of] p2a: Ninetales\n|move|p1a: Reuniclus|Acid Armor|p1a: Reuniclus\n|-boost|p1a: Reuniclus|def|2\n|\n|-weather|Snow|[upkeep]\n|-heal|p1a: Reuniclus|97\/100|[from] item: Leftovers\n|upkeep\n|turn|33\n|\n|t:|1700711124\n|move|p2a: Ninetales|Hypnosis|p1a: Reuniclus|[miss]\n|-miss|p2a: Ninetales|p1a: Reuniclus\n|move|p1a: Reuniclus|Calm Mind|p1a: Reuniclus\n|-boost|p1a: Reuniclus|spa|1\n|-boost|p1a: Reuniclus|spd|1\n|\n|-weather|Snow|[upkeep]\n|-heal|p1a: Reuniclus|100\/100|[from] item: Leftovers\n|upkeep\n|turn|34\n|\n|t:|1700711127\n|move|p2a: Ninetales|Hypnosis|p1a: Reuniclus|[miss]\n|-miss|p2a: Ninetales|p1a: Reuniclus\n|move|p1a: Reuniclus|Calm Mind|p1a: Reuniclus\n|-boost|p1a: Reuniclus|spa|1\n|-boost|p1a: Reuniclus|spd|1\n|\n|-weather|Snow|[upkeep]\n|upkeep\n|turn|35\n|\n|t:|1700711129\n|move|p2a: Ninetales|Hypnosis|p1a: Reuniclus\n|-status|p1a: Reuniclus|slp|[from] move: Hypnosis\n|cant|p1a: Reuniclus|slp\n|\n|-weather|Snow|[upkeep]\n|upkeep\n|turn|36\n|\n|t:|1700711131\n|move|p2a: Ninetales|Aurora Veil|p2a: Ninetales\n|-sidestart|p2: khoi_3210|move: Aurora Veil\n|-curestatus|p1a: Reuniclus|slp|[msg]\n|move|p1a: Reuniclus|Calm Mind|p1a: Reuniclus\n|-boost|p1a: Reuniclus|spa|1\n|-boost|p1a: Reuniclus|spd|1\n|\n|-weather|none\n|upkeep\n|turn|37\n|c|\u2606zqtp|this is the dream right here\n|\n|t:|1700711140\n|move|p2a: Ninetales|Blizzard|p1a: Reuniclus|[miss]\n|-miss|p2a: Ninetales|p1a: Reuniclus\n|move|p1a: Reuniclus|Stored Power|p2a: Ninetales\n|-damage|p2a: Ninetales|0 fnt\n|faint|p2a: Ninetales\n|\n|upkeep\n|\n|t:|1700711142\n|switch|p2a: Ferrothorn|Ferrothorn, M|85\/100\n|-damage|p2a: Ferrothorn|69\/100|[from] Spikes\n|turn|38\n|\n|t:|1700711147\n|move|p1a: Reuniclus|Stored Power|p2a: Ferrothorn\n|-resisted|p2a: Ferrothorn\n|-damage|p2a: Ferrothorn|0 fnt\n|faint|p2a: Ferrothorn\n|\n|win|zqtp\n|raw|zqtp's rating: 1319 &rarr; <strong>1334<\/strong><br \/>(+15 for winning)\n|raw|khoi_3210's rating: 1225 &rarr; <strong>1207<\/strong><br \/>(-18 for losing)\n|c|\u2606zqtp|pop pop\n|c|\u2606zqtp|gg\n|l|\u2606khoi_3210\n","uploadtime":1700711163,"views":2,"p1id":"zqtp","p2id":"khoi3210","formatid":"gen9nationaldex","rating":1207,"private":0,"password":""}