{"id":"gen9nationaldex-1991946268","p1":"jujibalaoshi001","p2":"HOTMAN2013","format":"[Gen 9] National Dex","log":"|j|\u2606jujibalaoshi001\n|j|\u2606HOTMAN2013\n|t:|1700141277\n|gametype|singles\n|player|p1|jujibalaoshi001|hexmaniac-gen6|1454\n|player|p2|HOTMAN2013|riley|1396\n|teamsize|p1|6\n|teamsize|p2|6\n|gen|9\n|tier|[Gen 9] National Dex\n|rated|\n|rule|HP Percentage Mod: HP is shown in percentages\n|rule|Endless Battle Clause: Forcing endless battles is banned\n|rule|OHKO Clause: OHKO moves are banned\n|rule|Evasion Clause: Evasion abilities, items, and moves are banned\n|rule|Evasion Abilities Clause: Evasion abilities are banned\n|rule|Evasion Items Clause: Evasion items are banned\n|rule|Evasion Moves Clause: Evasion moves are banned\n|rule|Species Clause: Limit one of each Pok\u00e9mon\n|rule|Sleep Clause Mod: Limit one foe put to sleep\n|clearpoke\n|poke|p1|Scizor, M|\n|poke|p1|Cloyster, M|\n|poke|p1|Garchomp, M|\n|poke|p1|Zapdos|\n|poke|p1|Heatran, M|\n|poke|p1|Chansey, F|\n|poke|p2|Dragonite, F|\n|poke|p2|Diancie|\n|poke|p2|Iron Moth|\n|poke|p2|Greninja-*, M|\n|poke|p2|Ferrothorn, M|\n|poke|p2|Great Tusk|\n|teampreview\n|\n|t:|1700141291\n|start\n|switch|p1a: Cloyster|Cloyster, M|100\/100\n|switch|p2a: Diancie|Diancie|100\/100\n|turn|1\n|\n|t:|1700141298\n|detailschange|p2a: Diancie|Diancie-Mega\n|-mega|p2a: Diancie|Diancie|Diancite\n|move|p2a: Diancie|Moonblast|p1a: Cloyster\n|-enditem|p1a: Cloyster|Focus Sash\n|-damage|p1a: Cloyster|1\/100\n|move|p1a: Cloyster|Shell Smash|p1a: Cloyster\n|-unboost|p1a: Cloyster|def|1\n|-unboost|p1a: Cloyster|spd|1\n|-boost|p1a: Cloyster|atk|2\n|-boost|p1a: Cloyster|spa|2\n|-boost|p1a: Cloyster|spe|2\n|\n|upkeep\n|turn|2\n|\n|t:|1700141312\n|switch|p2a: Ferrothorn|Ferrothorn, M|100\/100\n|move|p1a: Cloyster|Icicle Spear|p2a: Ferrothorn\n|-damage|p2a: Ferrothorn|87\/100\n|-damage|p2a: Ferrothorn|74\/100\n|-damage|p2a: Ferrothorn|59\/100\n|-damage|p2a: Ferrothorn|46\/100\n|-damage|p2a: Ferrothorn|33\/100\n|-hitcount|p2a: Ferrothorn|5\n|\n|upkeep\n|turn|3\n|\n|t:|1700141330\n|move|p1a: Cloyster|Icicle Spear|p2a: Ferrothorn\n|-damage|p2a: Ferrothorn|18\/100\n|-damage|p2a: Ferrothorn|4\/100\n|-damage|p2a: Ferrothorn|0 fnt\n|faint|p2a: Ferrothorn\n|-hitcount|p2: Ferrothorn|3\n|\n|upkeep\n|\n|t:|1700141333\n|switch|p2a: Dragonite|Dragonite, F|100\/100\n|turn|4\n|\n|t:|1700141350\n|switch|p1a: Garchomp|Garchomp, M|100\/100\n|move|p2a: Dragonite|Extreme Speed|p1a: Garchomp\n|-damage|p1a: Garchomp|71\/100\n|-damage|p2a: Dragonite|88\/100|[from] ability: Rough Skin|[of] p1a: Garchomp\n|\n|-heal|p2a: Dragonite|94\/100|[from] item: Leftovers\n|upkeep\n|turn|5\n|\n|t:|1700141366\n|-terastallize|p2a: Dragonite|Normal\n|move|p1a: Garchomp|Stealth Rock|p2a: Dragonite\n|-sidestart|p2: HOTMAN2013|move: Stealth Rock\n|move|p2a: Dragonite|Curse|p2a: Dragonite\n|-unboost|p2a: Dragonite|spe|1\n|-boost|p2a: Dragonite|atk|1\n|-boost|p2a: Dragonite|def|1\n|\n|-heal|p2a: Dragonite|100\/100|[from] item: Leftovers\n|upkeep\n|turn|6\n|\n|t:|1700141377\n|-zpower|p1a: Garchomp\n|move|p1a: Garchomp|Devastating Drake|p2a: Dragonite|[zeffect]\n|-damage|p2a: Dragonite|73\/100\n|move|p2a: Dragonite|Curse|p2a: Dragonite\n|-unboost|p2a: Dragonite|spe|1\n|-boost|p2a: Dragonite|atk|1\n|-boost|p2a: Dragonite|def|1\n|\n|-heal|p2a: Dragonite|79\/100|[from] item: Leftovers\n|upkeep\n|turn|7\n|\n|t:|1700141390\n|move|p1a: Garchomp|Outrage|p2a: Dragonite\n|-damage|p2a: Dragonite|48\/100\n|move|p2a: Dragonite|Curse|p2a: Dragonite\n|-unboost|p2a: Dragonite|spe|1\n|-boost|p2a: Dragonite|atk|1\n|-boost|p2a: Dragonite|def|1\n|\n|-heal|p2a: Dragonite|55\/100|[from] item: Leftovers\n|upkeep\n|turn|8\n|\n|t:|1700141401\n|move|p1a: Garchomp|Outrage|p2a: Dragonite|[from]lockedmove\n|-damage|p2a: Dragonite|33\/100\n|-start|p1a: Garchomp|confusion|[fatigue]\n|move|p2a: Dragonite|Roost|p2a: Dragonite\n|-heal|p2a: Dragonite|83\/100\n|\n|-heal|p2a: Dragonite|89\/100|[from] item: Leftovers\n|upkeep\n|turn|9\n|\n|t:|1700141427\n|switch|p1a: Chansey|Chansey, F|100\/100\n|move|p2a: Dragonite|Curse|p2a: Dragonite\n|-unboost|p2a: Dragonite|spe|1\n|-boost|p2a: Dragonite|atk|1\n|-boost|p2a: Dragonite|def|1\n|\n|-heal|p2a: Dragonite|95\/100|[from] item: Leftovers\n|upkeep\n|turn|10\n|\n|t:|1700141438\n|-terastallize|p1a: Chansey|Ghost\n|move|p2a: Dragonite|Extreme Speed|p1a: Chansey\n|-immune|p1a: Chansey\n|move|p1a: Chansey|Toxic|p2a: Dragonite\n|-status|p2a: Dragonite|tox\n|\n|-heal|p2a: Dragonite|100\/100 tox|[from] item: Leftovers\n|-damage|p2a: Dragonite|94\/100 tox|[from] psn\n|upkeep\n|turn|11\n|\n|t:|1700141452\n|move|p2a: Dragonite|Earthquake|p1a: Chansey\n|-damage|p1a: Chansey|26\/100\n|move|p1a: Chansey|Counter|p2a: Dragonite\n|-damage|p2a: Dragonite|0 fnt\n|faint|p2a: Dragonite\n|\n|upkeep\n|\n|t:|1700141481\n|switch|p2a: Diancie|Diancie-Mega|100\/100\n|-damage|p2a: Diancie|88\/100|[from] Stealth Rock\n|turn|12\n|\n|t:|1700141492\n|switch|p1a: Cloyster|Cloyster, M|1\/100\n|move|p2a: Diancie|Earth Power|p1a: Cloyster\n|-damage|p1a: Cloyster|0 fnt\n|faint|p1a: Cloyster\n|\n|upkeep\n|\n|t:|1700141501\n|switch|p1a: Scizor|Scizor, M|100\/100\n|turn|13\n|\n|t:|1700141525\n|switch|p2a: Great Tusk|Great Tusk|100\/100\n|-damage|p2a: Great Tusk|97\/100|[from] Stealth Rock\n|detailschange|p1a: Scizor|Scizor-Mega, M\n|-mega|p1a: Scizor|Scizor|Scizorite\n|move|p1a: Scizor|Bullet Punch|p2a: Great Tusk\n|-damage|p2a: Great Tusk|78\/100\n|\n|upkeep\n|turn|14\n|\n|t:|1700141538\n|switch|p1a: Chansey|Chansey, F, tera:Ghost|26\/100\n|move|p2a: Great Tusk|Headlong Rush|p1a: Chansey\n|-damage|p1a: Chansey|0 fnt\n|-unboost|p2a: Great Tusk|def|1\n|-unboost|p2a: Great Tusk|spd|1\n|faint|p1a: Chansey\n|\n|upkeep\n|\n|t:|1700141567\n|switch|p1a: Zapdos|Zapdos|100\/100\n|turn|15\n|\n|t:|1700141589\n|-end|p2a: Great Tusk|Protosynthesis|[silent]\n|switch|p2a: Diancie|Diancie-Mega|88\/100\n|-damage|p2a: Diancie|76\/100|[from] Stealth Rock\n|move|p1a: Zapdos|Hidden Power|p2a: Diancie\n|-damage|p2a: Diancie|55\/100\n|\n|upkeep\n|turn|16\n|\n|t:|1700141605\n|switch|p1a: Garchomp|Garchomp, M|71\/100\n|move|p2a: Diancie|Diamond Storm|p1a: Garchomp\n|-resisted|p1a: Garchomp\n|-damage|p1a: Garchomp|44\/100\n|\n|upkeep\n|turn|17\n|\n|t:|1700141613\n|switch|p1a: Scizor|Scizor-Mega, M|100\/100\n|move|p2a: Diancie|Moonblast|p1a: Scizor\n|-resisted|p1a: Scizor\n|-damage|p1a: Scizor|77\/100\n|\n|upkeep\n|turn|18\n|\n|t:|1700141629\n|switch|p2a: Greninja|Greninja, M|100\/100\n|-damage|p2a: Greninja|88\/100|[from] Stealth Rock\n|move|p1a: Scizor|Bullet Punch|p2a: Greninja\n|-resisted|p2a: Greninja\n|-damage|p2a: Greninja|66\/100\n|\n|upkeep\n|turn|19\n|\n|t:|1700141645\n|move|p2a: Greninja|Hydro Pump|p1a: Scizor|[miss]\n|-start|p2a: Greninja|typechange|Water|[from] ability: Protean\n|-miss|p2a: Greninja|p1a: Scizor\n|move|p1a: Scizor|U-turn|p2a: Greninja\n|-damage|p2a: Greninja|11\/100\n|\n|t:|1700141656\n|switch|p1a: Zapdos|Zapdos|100\/100|[from] U-turn\n|\n|upkeep\n|turn|20\n|\n|t:|1700141668\n|move|p2a: Greninja|Ice Beam|p1a: Zapdos\n|-supereffective|p1a: Zapdos\n|-damage|p1a: Zapdos|33\/100\n|-damage|p2a: Greninja|1\/100|[from] item: Life Orb\n|move|p1a: Zapdos|Volt Switch|p2a: Greninja\n|-supereffective|p2a: Greninja\n|-damage|p2a: Greninja|0 fnt\n|faint|p2a: Greninja\n|\n|t:|1700141684\n|switch|p1a: Scizor|Scizor-Mega, M|77\/100|[from] Volt Switch\n|\n|upkeep\n|\n|t:|1700141694\n|switch|p2a: Iron Moth|Iron Moth|100\/100\n|-damage|p2a: Iron Moth|76\/100|[from] Stealth Rock\n|-enditem|p2a: Iron Moth|Booster Energy\n|-activate|p2a: Iron Moth|ability: Quark Drive|[fromitem]\n|-start|p2a: Iron Moth|quarkdrivespe\n|turn|21\n|\n|t:|1700141705\n|-end|p2a: Iron Moth|Quark Drive|[silent]\n|switch|p2a: Great Tusk|Great Tusk|78\/100\n|-damage|p2a: Great Tusk|75\/100|[from] Stealth Rock\n|switch|p1a: Heatran|Heatran, M|100\/100\n|\n|upkeep\n|turn|22\n|\n|t:|1700141722\n|switch|p1a: Zapdos|Zapdos|33\/100\n|move|p2a: Great Tusk|Rapid Spin|p1a: Zapdos\n|-damage|p1a: Zapdos|20\/100\n|-boost|p2a: Great Tusk|spe|1\n|-status|p2a: Great Tusk|par|[from] ability: Static|[of] p1a: Zapdos\n|-sideend|p2: HOTMAN2013|Stealth Rock|[from] move: Rapid Spin|[of] p2a: Great Tusk\n|\n|upkeep\n|turn|23\n|\n|t:|1700141734\n|move|p1a: Zapdos|Roost|p1a: Zapdos\n|-heal|p1a: Zapdos|70\/100\n|-singleturn|p1a: Zapdos|move: Roost\n|move|p2a: Great Tusk|Stone Edge|p1a: Zapdos\n|-damage|p1a: Zapdos|46\/100\n|\n|upkeep\n|turn|24\n|\n|t:|1700141750\n|-end|p2a: Great Tusk|Protosynthesis|[silent]\n|switch|p2a: Iron Moth|Iron Moth|76\/100\n|move|p1a: Zapdos|Hidden Power|p2a: Iron Moth\n|-resisted|p2a: Iron Moth\n|-damage|p2a: Iron Moth|68\/100\n|\n|upkeep\n|turn|25\n|\n|t:|1700141759\n|switch|p1a: Heatran|Heatran, M|100\/100\n|move|p2a: Iron Moth|Sludge Wave|p1a: Heatran\n|-immune|p1a: Heatran\n|\n|upkeep\n|turn|26\n|\n|t:|1700141769\n|-end|p2a: Iron Moth|Quark Drive|[silent]\n|switch|p2a: Great Tusk|Great Tusk|75\/100 par\n|move|p1a: Heatran|Earth Power|p2a: Great Tusk\n|-damage|p2a: Great Tusk|58\/100 par\n|\n|upkeep\n|turn|27\n|\n|t:|1700141782\n|switch|p1a: Garchomp|Garchomp, M|44\/100\n|move|p2a: Great Tusk|Stone Edge|p1a: Garchomp\n|-resisted|p1a: Garchomp\n|-damage|p1a: Garchomp|27\/100\n|\n|upkeep\n|turn|28\n|\n|t:|1700141792\n|move|p1a: Garchomp|Earthquake|p2a: Great Tusk\n|-damage|p2a: Great Tusk|22\/100 par\n|move|p2a: Great Tusk|Headlong Rush|p1a: Garchomp\n|-damage|p1a: Garchomp|0 fnt\n|-unboost|p2a: Great Tusk|def|1\n|-unboost|p2a: Great Tusk|spd|1\n|-damage|p2a: Great Tusk|9\/100 par|[from] ability: Rough Skin|[of] p1a: Garchomp\n|faint|p1a: Garchomp\n|\n|upkeep\n|\n|t:|1700141803\n|switch|p1a: Zapdos|Zapdos|46\/100\n|turn|29\n|\n|t:|1700141816\n|move|p1a: Zapdos|Roost|p1a: Zapdos\n|-heal|p1a: Zapdos|97\/100\n|-singleturn|p1a: Zapdos|move: Roost\n|move|p2a: Great Tusk|Stone Edge|p1a: Zapdos\n|-damage|p1a: Zapdos|72\/100\n|\n|upkeep\n|turn|30\n|\n|t:|1700141825\n|-end|p2a: Great Tusk|Protosynthesis|[silent]\n|switch|p2a: Diancie|Diancie-Mega|55\/100\n|move|p1a: Zapdos|Hidden Power|p2a: Diancie\n|-damage|p2a: Diancie|34\/100\n|\n|upkeep\n|turn|31\n|\n|t:|1700141833\n|move|p2a: Diancie|Diamond Storm|p1a: Zapdos\n|-supereffective|p1a: Zapdos\n|-damage|p1a: Zapdos|0 fnt\n|faint|p1a: Zapdos\n|\n|upkeep\n|\n|t:|1700141839\n|switch|p1a: Scizor|Scizor-Mega, M|77\/100\n|turn|32\n|\n|t:|1700141855\n|move|p1a: Scizor|Bullet Punch|p2a: Diancie\n|-supereffective|p2a: Diancie\n|-damage|p2a: Diancie|0 fnt\n|faint|p2a: Diancie\n|\n|upkeep\n|\n|t:|1700141859\n|switch|p2a: Iron Moth|Iron Moth|68\/100\n|turn|33\n|\n|t:|1700141868\n|switch|p1a: Heatran|Heatran, M|100\/100\n|move|p2a: Iron Moth|Psychic|p1a: Heatran\n|-resisted|p1a: Heatran\n|-damage|p1a: Heatran|91\/100\n|\n|-heal|p1a: Heatran|97\/100|[from] item: Leftovers\n|upkeep\n|turn|34\n|\n|t:|1700141877\n|move|p2a: Iron Moth|Fiery Dance|p1a: Heatran\n|-start|p1a: Heatran|ability: Flash Fire\n|move|p1a: Heatran|Earth Power|p2a: Iron Moth\n|-supereffective|p2a: Iron Moth\n|-damage|p2a: Iron Moth|0 fnt\n|faint|p2a: Iron Moth\n|-end|p2a: Iron Moth|Quark Drive|[silent]\n|\n|-heal|p1a: Heatran|100\/100|[from] item: Leftovers\n|upkeep\n|\n|t:|1700141879\n|switch|p2a: Great Tusk|Great Tusk|9\/100 par\n|turn|35\n|\n|t:|1700141888\n|move|p1a: Heatran|Earth Power|p2a: Great Tusk\n|-damage|p2a: Great Tusk|0 fnt\n|faint|p2a: Great Tusk\n|-end|p2a: Great Tusk|Protosynthesis|[silent]\n|\n|win|jujibalaoshi001\n|raw|jujibalaoshi001's rating: 1454 &rarr; <strong>1471<\/strong><br \/>(+17 for winning)\n|raw|HOTMAN2013's rating: 1396 &rarr; <strong>1379<\/strong><br \/>(-17 for losing)\n|l|\u2606HOTMAN2013\n","uploadtime":1700141894,"views":5,"p1id":"jujibalaoshi001","p2id":"hotman2013","formatid":"gen9nationaldex","rating":1379,"private":0,"password":""}