{"id":"gen9nationaldex-1994666063","p1":"Twinflys","p2":"susyssy","format":"[Gen 9] National Dex","log":"|html|<div class=\"broadcast-blue\"><strong>[Gen 9] National Dex is currently suspecting Sneasler! For information on how to participate check out the <a href=\"https:\/\/www.smogon.com\/forums\/threads\/sv-national-dex-suspect-8-just-dance.3731534\/\">suspect thread<\/a>.<\/strong><\/div>\n|j|\u2606Twinflys\n|j|\u2606susyssy\n|t:|1700477971\n|gametype|singles\n|player|p1|Twinflys|unknown|1078\n|player|p2|susyssy|266|1099\n|teamsize|p1|6\n|teamsize|p2|6\n|gen|9\n|tier|[Gen 9] National Dex\n|rated|\n|rule|HP Percentage Mod: HP is shown in percentages\n|rule|Endless Battle Clause: Forcing endless battles is banned\n|rule|OHKO Clause: OHKO moves are banned\n|rule|Evasion Clause: Evasion abilities, items, and moves are banned\n|rule|Evasion Abilities Clause: Evasion abilities are banned\n|rule|Evasion Items Clause: Evasion items are banned\n|rule|Evasion Moves Clause: Evasion moves are banned\n|rule|Species Clause: Limit one of each Pok\u00e9mon\n|rule|Sleep Clause Mod: Limit one foe put to sleep\n|clearpoke\n|poke|p1|Latias, F|\n|poke|p1|Enamorus, F|\n|poke|p1|Tsareena, F|\n|poke|p1|Blissey, F|\n|poke|p1|Lilligant-Hisui, F|\n|poke|p1|Ogerpon, F|\n|poke|p2|Vanilluxe, M|\n|poke|p2|Weavile, M|\n|poke|p2|Glaceon, F|\n|poke|p2|Mr. Rime, M|\n|poke|p2|Mamoswine, M|\n|poke|p2|Lapras, F|\n|teampreview\n|inactive|Battle timer is ON: inactive players will automatically lose when time's up. (requested by Twinflys)\n|\n|t:|1700477977\n|start\n|switch|p1a: Latias|Latias, F|100\/100\n|switch|p2a: Vanilluxe|Vanilluxe, M|100\/100\n|-weather|Snow|[from] ability: Snow Warning|[of] p2a: Vanilluxe\n|turn|1\n|\n|t:|1700477983\n|move|p1a: Latias|Calm Mind|p1a: Latias\n|-boost|p1a: Latias|spa|1\n|-boost|p1a: Latias|spd|1\n|move|p2a: Vanilluxe|Aurora Veil|p2a: Vanilluxe\n|-sidestart|p2: susyssy|move: Aurora Veil\n|\n|-weather|Snow|[upkeep]\n|upkeep\n|turn|2\n|\n|t:|1700477989\n|move|p1a: Latias|Calm Mind|p1a: Latias\n|-boost|p1a: Latias|spa|1\n|-boost|p1a: Latias|spd|1\n|move|p2a: Vanilluxe|Blizzard|p1a: Latias\n|-supereffective|p1a: Latias\n|-damage|p1a: Latias|61\/100\n|\n|-weather|Snow|[upkeep]\n|-heal|p1a: Latias|68\/100|[from] item: Leftovers\n|upkeep\n|turn|3\n|\n|t:|1700477996\n|move|p1a: Latias|Psyshock|p2a: Vanilluxe\n|-damage|p2a: Vanilluxe|74\/100\n|move|p2a: Vanilluxe|Blizzard|p1a: Latias\n|-supereffective|p1a: Latias\n|-damage|p1a: Latias|30\/100\n|\n|-weather|Snow|[upkeep]\n|-heal|p1a: Latias|36\/100|[from] item: Leftovers\n|upkeep\n|turn|4\n|\n|t:|1700478006\n|move|p1a: Latias|Dragon Breath|p2a: Vanilluxe\n|-damage|p2a: Vanilluxe|47\/100\n|-status|p2a: Vanilluxe|par\n|move|p2a: Vanilluxe|Blizzard|p1a: Latias\n|-supereffective|p1a: Latias\n|-damage|p1a: Latias|0 fnt\n|faint|p1a: Latias\n|\n|-weather|Snow|[upkeep]\n|upkeep\n|\n|t:|1700478013\n|switch|p1a: Enamorus|Enamorus, F|100\/100\n|turn|5\n|\n|t:|1700478017\n|move|p1a: Enamorus|Superpower|p2a: Vanilluxe\n|-supereffective|p2a: Vanilluxe\n|-damage|p2a: Vanilluxe|19\/100 par\n|-boost|p1a: Enamorus|atk|1\n|-boost|p1a: Enamorus|def|1\n|move|p2a: Vanilluxe|Blizzard|p1a: Enamorus\n|-supereffective|p1a: Enamorus\n|-damage|p1a: Enamorus|0 fnt\n|faint|p1a: Enamorus\n|\n|-weather|Snow|[upkeep]\n|-sideend|p2: susyssy|move: Aurora Veil\n|upkeep\n|\n|t:|1700478027\n|switch|p1a: Tsareena|Tsareena, F, shiny|100\/100\n|turn|6\n|\n|t:|1700478033\n|move|p1a: Tsareena|Knock Off|p2a: Vanilluxe\n|-damage|p2a: Vanilluxe|0 fnt\n|-enditem|p2a: Vanilluxe|Icy Rock|[from] move: Knock Off|[of] p1a: Tsareena\n|faint|p2a: Vanilluxe\n|\n|-weather|Snow|[upkeep]\n|upkeep\n|\n|t:|1700478042\n|switch|p2a: Weavile|Weavile, M|100\/100\n|-ability|p2a: Weavile|Pressure\n|turn|7\n|\n|t:|1700478049\n|-terastallize|p1a: Tsareena|Rock\n|move|p2a: Weavile|Icicle Crash|p1a: Tsareena\n|-damage|p1a: Tsareena|62\/100\n|cant|p1a: Tsareena|flinch\n|\n|-weather|Snow|[upkeep]\n|upkeep\n|turn|8\n|\n|t:|1700478074\n|switch|p2a: Mamoswine|Mamoswine, M|100\/100\n|move|p1a: Tsareena|Tera Blast|p2a: Mamoswine|[anim] Tera Blast Rock\n|-damage|p2a: Mamoswine|76\/100\n|\n|-weather|none\n|upkeep\n|turn|9\n|\n|t:|1700478082\n|switch|p1a: Ogerpon|Ogerpon, F|100\/100\n|move|p2a: Mamoswine|Heavy Slam|p1a: Ogerpon\n|-damage|p1a: Ogerpon|56\/100\n|\n|upkeep\n|turn|10\n|\n|t:|1700478092\n|move|p2a: Mamoswine|Ice Shard|p1a: Ogerpon\n|-supereffective|p1a: Ogerpon\n|-damage|p1a: Ogerpon|10\/100\n|move|p1a: Ogerpon|Horn Leech|p2a: Mamoswine\n|-supereffective|p2a: Mamoswine\n|-damage|p2a: Mamoswine|4\/100\n|-heal|p1a: Ogerpon|54\/100|[from] drain|[of] p2a: Mamoswine\n|\n|upkeep\n|turn|11\n|\n|t:|1700478099\n|move|p2a: Mamoswine|Ice Shard|p1a: Ogerpon\n|-supereffective|p1a: Ogerpon\n|-damage|p1a: Ogerpon|6\/100\n|move|p1a: Ogerpon|Horn Leech|p2a: Mamoswine\n|-supereffective|p2a: Mamoswine\n|-damage|p2a: Mamoswine|0 fnt\n|-heal|p1a: Ogerpon|8\/100|[from] drain|[of] p2a: Mamoswine\n|faint|p2a: Mamoswine\n|\n|upkeep\n|\n|t:|1700478104\n|switch|p2a: Weavile|Weavile, M|100\/100\n|-ability|p2a: Weavile|Pressure\n|turn|12\n|\n|t:|1700478109\n|switch|p1a: Blissey|Blissey, F|100\/100\n|move|p2a: Weavile|Ice Shard|p1a: Blissey\n|-damage|p1a: Blissey|82\/100\n|\n|-heal|p1a: Blissey|89\/100|[from] item: Leftovers\n|upkeep\n|turn|13\n|\n|t:|1700478122\n|move|p2a: Weavile|Swords Dance|p2a: Weavile\n|-boost|p2a: Weavile|atk|2\n|move|p1a: Blissey|Tri Attack|p2a: Weavile\n|-damage|p2a: Weavile|74\/100\n|\n|-heal|p1a: Blissey|95\/100|[from] item: Leftovers\n|upkeep\n|turn|14\n|\n|t:|1700478131\n|move|p2a: Weavile|Swords Dance|p2a: Weavile\n|-boost|p2a: Weavile|atk|2\n|move|p1a: Blissey|Toxic|p2a: Weavile\n|-status|p2a: Weavile|tox\n|\n|-heal|p1a: Blissey|100\/100|[from] item: Leftovers\n|-damage|p2a: Weavile|68\/100 tox|[from] psn\n|upkeep\n|turn|15\n|\n|t:|1700478141\n|move|p2a: Weavile|Icicle Crash|p1a: Blissey|[miss]\n|-miss|p2a: Weavile|p1a: Blissey\n|move|p1a: Blissey|Tri Attack|p2a: Weavile\n|-damage|p2a: Weavile|41\/100 tox\n|\n|-damage|p2a: Weavile|29\/100 tox|[from] psn\n|upkeep\n|turn|16\n|\n|t:|1700478144\n|move|p2a: Weavile|Icicle Crash|p1a: Blissey\n|-damage|p1a: Blissey|0 fnt\n|faint|p1a: Blissey\n|\n|-damage|p2a: Weavile|11\/100 tox|[from] psn\n|upkeep\n|\n|t:|1700478151\n|switch|p1a: Tsareena|Tsareena, F, shiny, tera:Rock|62\/100\n|turn|17\n|\n|t:|1700478154\n|move|p2a: Weavile|Throat Chop|p1a: Tsareena\n|-damage|p1a: Tsareena|0 fnt\n|faint|p1a: Tsareena\n|\n|-damage|p2a: Weavile|0 fnt|[from] psn\n|faint|p2a: Weavile\n|upkeep\n|\n|t:|1700478161\n|switch|p2a: Glaceon|Glaceon, F|100\/100\n|switch|p1a: Lilligant|Lilligant-Hisui, F|100\/100\n|turn|18\n|\n|t:|1700478171\n|move|p1a: Lilligant|Victory Dance|p1a: Lilligant\n|-boost|p1a: Lilligant|atk|1\n|-boost|p1a: Lilligant|def|1\n|-boost|p1a: Lilligant|spe|1\n|move|p2a: Glaceon|Calm Mind|p2a: Glaceon\n|-boost|p2a: Glaceon|spa|1\n|-boost|p2a: Glaceon|spd|1\n|\n|upkeep\n|turn|19\n|\n|t:|1700478179\n|move|p1a: Lilligant|Close Combat|p2a: Glaceon\n|-supereffective|p2a: Glaceon\n|-damage|p2a: Glaceon|0 fnt\n|-unboost|p1a: Lilligant|def|1\n|-unboost|p1a: Lilligant|spd|1\n|faint|p2a: Glaceon\n|\n|upkeep\n|\n|t:|1700478184\n|switch|p2a: Mr. Rime|Mr. Rime, M|100\/100\n|turn|20\n|\n|t:|1700478194\n|-terastallize|p2a: Mr. Rime|Fairy\n|move|p1a: Lilligant|Leaf Blade|p2a: Mr. Rime\n|-crit|p2a: Mr. Rime\n|-damage|p2a: Mr. Rime|0 fnt\n|faint|p2a: Mr. Rime\n|\n|upkeep\n|\n|t:|1700478199\n|switch|p2a: Lapras|Lapras, F|100\/100\n|turn|21\n|\n|t:|1700478205\n|move|p1a: Lilligant|Close Combat|p2a: Lapras\n|-supereffective|p2a: Lapras\n|-enditem|p2a: Lapras|Focus Sash\n|-damage|p2a: Lapras|1\/100\n|-unboost|p1a: Lilligant|def|1\n|-unboost|p1a: Lilligant|spd|1\n|move|p2a: Lapras|Freeze-Dry|p1a: Lilligant\n|-supereffective|p1a: Lilligant\n|-damage|p1a: Lilligant|0 fnt\n|faint|p1a: Lilligant\n|\n|upkeep\n|\n|t:|1700478210\n|switch|p1a: Ogerpon|Ogerpon, F|8\/100\n|turn|22\n|\n|t:|1700478218\n|move|p1a: Ogerpon|Ivy Cudgel|p2a: Lapras\n|-supereffective|p2a: Lapras\n|-damage|p2a: Lapras|0 fnt\n|faint|p2a: Lapras\n|\n|win|Twinflys\n|raw|Twinflys's rating: 1078 &rarr; <strong>1108<\/strong><br \/>(+30 for winning)\n|raw|susyssy's rating: 1099 &rarr; <strong>1073<\/strong><br \/>(-26 for losing)\n|l|\u2606susyssy\n","uploadtime":1700478233,"views":2,"p1id":"twinflys","p2id":"susyssy","formatid":"gen9nationaldex","rating":1073,"private":0,"password":""}