{"id":"gen9nationaldex-1993923086","p1":"Tometozrbad","p2":"sxnbxbx","format":"[Gen 9] National Dex","log":"|j|\u2606Tometozrbad\n|j|\u2606sxnbxbx\n|t:|1700376104\n|gametype|singles\n|player|p1|Tometozrbad|170|1126\n|player|p2|sxnbxbx|1|1163\n|teamsize|p1|6\n|teamsize|p2|6\n|gen|9\n|tier|[Gen 9] National Dex\n|rated|\n|rule|HP Percentage Mod: HP is shown in percentages\n|rule|Endless Battle Clause: Forcing endless battles is banned\n|rule|OHKO Clause: OHKO moves are banned\n|rule|Evasion Clause: Evasion abilities, items, and moves are banned\n|rule|Evasion Abilities Clause: Evasion abilities are banned\n|rule|Evasion Items Clause: Evasion items are banned\n|rule|Evasion Moves Clause: Evasion moves are banned\n|rule|Species Clause: Limit one of each Pok\u00e9mon\n|rule|Sleep Clause Mod: Limit one foe put to sleep\n|clearpoke\n|poke|p1|Pawmot, F|\n|poke|p1|Corviknight, F|\n|poke|p1|Latios, M|\n|poke|p1|Alomomola, M|\n|poke|p1|Great Tusk|\n|poke|p1|Thundurus-Therian, M|\n|poke|p2|Greninja-*, M|\n|poke|p2|Samurott-Hisui, F|\n|poke|p2|Garganacl, F|\n|poke|p2|Dragonite, M|\n|poke|p2|Ferrothorn, M|\n|poke|p2|Pelipper, M|\n|teampreview\n|inactive|Battle timer is ON: inactive players will automatically lose when time's up. (requested by Tometozrbad)\n|\n|t:|1700376125\n|start\n|switch|p1a: Thundurus|Thundurus-Therian, M|100\/100\n|switch|p2a: \u5384\u8be1\u692a|Samurott-Hisui, F|100\/100\n|turn|1\n|\n|t:|1700376130\n|move|p2a: \u5384\u8be1\u692a|Ceaseless Edge|p1a: Thundurus\n|-damage|p1a: Thundurus|37\/100\n|-sidestart|p1: Tometozrbad|Spikes\n|move|p1a: Thundurus|Thunderbolt|p2a: \u5384\u8be1\u692a\n|-supereffective|p2a: \u5384\u8be1\u692a\n|-damage|p2a: \u5384\u8be1\u692a|0 fnt\n|faint|p2a: \u5384\u8be1\u692a\n|-damage|p1a: Thundurus|28\/100|[from] item: Life Orb\n|\n|upkeep\n|\n|t:|1700376140\n|switch|p2a: \u6c2f\u5316\u94a0|Garganacl, F|100\/100\n|turn|2\n|\n|t:|1700376144\n|move|p1a: Thundurus|Grass Knot|p2a: \u6c2f\u5316\u94a0\n|-supereffective|p2a: \u6c2f\u5316\u94a0\n|-damage|p2a: \u6c2f\u5316\u94a0|0 fnt\n|faint|p2a: \u6c2f\u5316\u94a0\n|-damage|p1a: Thundurus|18\/100|[from] item: Life Orb\n|\n|upkeep\n|\n|t:|1700376157\n|switch|p2a: \u5657|Pelipper, M|100\/100\n|-weather|RainDance|[from] ability: Drizzle|[of] p2a: \u5657\n|turn|3\n|\n|t:|1700376161\n|move|p1a: Thundurus|Volt Switch|p2a: \u5657\n|-supereffective|p2a: \u5657\n|-damage|p2a: \u5657|0 fnt\n|faint|p2a: \u5657\n|-damage|p1a: Thundurus|8\/100|[from] item: Life Orb\n|\n|t:|1700376170\n|switch|p1a: Pawmot|Pawmot, F|100\/100|[from] Volt Switch\n|-damage|p1a: Pawmot|88\/100|[from] Spikes\n|\n|-weather|RainDance|[upkeep]\n|upkeep\n|\n|t:|1700376172\n|switch|p2a: \u683c\u6797\u5c3c\u4e9a|Greninja, M|100\/100\n|turn|4\n|\n|t:|1700376178\n|-terastallize|p2a: \u683c\u6797\u5c3c\u4e9a|Water\n|move|p2a: \u683c\u6797\u5c3c\u4e9a|Hydro Pump|p1a: Pawmot\n|-damage|p1a: Pawmot|0 fnt\n|faint|p1a: Pawmot\n|-ability|p2a: \u683c\u6797\u5c3c\u4e9a|Battle Bond|boost\n|-boost|p2a: \u683c\u6797\u5c3c\u4e9a|atk|1\n|-boost|p2a: \u683c\u6797\u5c3c\u4e9a|spa|1\n|-boost|p2a: \u683c\u6797\u5c3c\u4e9a|spe|1\n|-activate|p2a: \u683c\u6797\u5c3c\u4e9a|ability: Battle Bond\n|-damage|p2a: \u683c\u6797\u5c3c\u4e9a|91\/100|[from] item: Life Orb\n|\n|-weather|RainDance|[upkeep]\n|upkeep\n|\n|t:|1700376197\n|switch|p1a: Latios|Latios, M|100\/100\n|turn|5\n|\n|t:|1700376203\n|detailschange|p1a: Latios|Latios-Mega, M\n|-mega|p1a: Latios|Latios|Latiosite\n|move|p2a: \u683c\u6797\u5c3c\u4e9a|Dark Pulse|p1a: Latios\n|-supereffective|p1a: Latios\n|-damage|p1a: Latios|0 fnt\n|faint|p1a: Latios\n|-damage|p2a: \u683c\u6797\u5c3c\u4e9a|81\/100|[from] item: Life Orb\n|\n|-weather|RainDance|[upkeep]\n|upkeep\n|\n|t:|1700376211\n|switch|p1a: Alomomola|Alomomola, M|100\/100\n|-damage|p1a: Alomomola|88\/100|[from] Spikes\n|turn|6\n|\n|t:|1700376218\n|move|p1a: Alomomola|Protect|p1a: Alomomola\n|-singleturn|p1a: Alomomola|Protect\n|move|p2a: \u683c\u6797\u5c3c\u4e9a|Hydro Pump|p1a: Alomomola\n|-activate|p1a: Alomomola|move: Protect\n|\n|-weather|RainDance|[upkeep]\n|upkeep\n|turn|7\n|\n|t:|1700376224\n|move|p2a: \u683c\u6797\u5c3c\u4e9a|Hydro Pump|p1a: Alomomola\n|-resisted|p1a: Alomomola\n|-damage|p1a: Alomomola|0 fnt\n|faint|p1a: Alomomola\n|-damage|p2a: \u683c\u6797\u5c3c\u4e9a|71\/100|[from] item: Life Orb\n|\n|-weather|RainDance|[upkeep]\n|upkeep\n|\n|t:|1700376230\n|switch|p1a: Corviknight|Corviknight, F|100\/100\n|-ability|p1a: Corviknight|Pressure\n|turn|8\n|\n|t:|1700376236\n|move|p2a: \u683c\u6797\u5c3c\u4e9a|Hydro Pump|p1a: Corviknight\n|-damage|p1a: Corviknight|0 fnt\n|faint|p1a: Corviknight\n|-damage|p2a: \u683c\u6797\u5c3c\u4e9a|61\/100|[from] item: Life Orb\n|\n|-weather|RainDance|[upkeep]\n|upkeep\n|\n|t:|1700376241\n|switch|p1a: Thundurus|Thundurus-Therian, M|8\/100\n|turn|9\n|\n|t:|1700376245\n|move|p2a: \u683c\u6797\u5c3c\u4e9a|Water Shuriken|p1a: Thundurus\n|-damage|p1a: Thundurus|0 fnt\n|faint|p1a: Thundurus\n|-hitcount|p1: Thundurus|1\n|-damage|p2a: \u683c\u6797\u5c3c\u4e9a|52\/100|[from] item: Life Orb\n|\n|-weather|RainDance|[upkeep]\n|upkeep\n|\n|t:|1700376248\n|switch|p1a: Great Tusk|Great Tusk|100\/100\n|-damage|p1a: Great Tusk|88\/100|[from] Spikes\n|-enditem|p1a: Great Tusk|Booster Energy\n|-activate|p1a: Great Tusk|ability: Protosynthesis|[fromitem]\n|-start|p1a: Great Tusk|protosynthesisatk\n|turn|10\n|\n|t:|1700376251\n|-terastallize|p1a: Great Tusk|Steel\n|move|p2a: \u683c\u6797\u5c3c\u4e9a|Water Shuriken|p1a: Great Tusk\n|-damage|p1a: Great Tusk|45\/100\n|-damage|p1a: Great Tusk|0 fnt\n|faint|p1a: Great Tusk\n|-end|p1a: Great Tusk|Protosynthesis|[silent]\n|-hitcount|p1: Great Tusk|2\n|-damage|p2a: \u683c\u6797\u5c3c\u4e9a|42\/100|[from] item: Life Orb\n|\n|win|sxnbxbx\n|raw|Tometozrbad's rating: 1126 &rarr; <strong>1104<\/strong><br \/>(-22 for losing)\n|raw|sxnbxbx's rating: 1163 &rarr; <strong>1185<\/strong><br \/>(+22 for winning)\n|l|\u2606Tometozrbad\n","uploadtime":1700376266,"views":14,"p1id":"tometozrbad","p2id":"sxnbxbx","formatid":"gen9nationaldex","rating":1104,"private":0,"password":""}