{"id":"gen9nationaldex-1993010696","p1":"troubadour9","p2":"kensei4k","format":"[Gen 9] National Dex","log":"|j|\u2606troubadour9\n|j|\u2606kensei4k\n|t:|1700255229\n|gametype|singles\n|player|p1|troubadour9|sage|\n|player|p2|kensei4k|zinnia|\n|teamsize|p1|6\n|teamsize|p2|6\n|gen|9\n|tier|[Gen 9] National Dex\n|rule|HP Percentage Mod: HP is shown in percentages\n|rule|Endless Battle Clause: Forcing endless battles is banned\n|rule|OHKO Clause: OHKO moves are banned\n|rule|Evasion Clause: Evasion abilities, items, and moves are banned\n|rule|Evasion Abilities Clause: Evasion abilities are banned\n|rule|Evasion Items Clause: Evasion items are banned\n|rule|Evasion Moves Clause: Evasion moves are banned\n|rule|Species Clause: Limit one of each Pok\u00e9mon\n|rule|Sleep Clause Mod: Limit one foe put to sleep\n|clearpoke\n|poke|p1|Banette, F|\n|poke|p1|Pawmot, M|\n|poke|p1|Alomomola, M|\n|poke|p1|Landorus-Therian, M|\n|poke|p1|Moltres|\n|poke|p1|Bisharp, F|\n|poke|p2|Mawile, F|\n|poke|p2|Zoroark-Hisui, M|\n|poke|p2|Swampert, M|\n|poke|p2|Kyurem|\n|poke|p2|Tapu Bulu|\n|poke|p2|Volcarona, M|\n|teampreview\n|c|\u2606kensei4k|what is this now\n|c|\u2606troubadour9|ladder tean\n|\n|t:|1700255259\n|start\n|switch|p1a: Landorus|Landorus-Therian, M|100\/100\n|switch|p2a: Swampert|Swampert, M|100\/100\n|-ability|p1a: Landorus|Intimidate|boost\n|-unboost|p2a: Swampert|atk|1\n|turn|1\n|\n|t:|1700255271\n|move|p1a: Landorus|Stealth Rock|p2a: Swampert\n|-sidestart|p2: kensei4k|move: Stealth Rock\n|move|p2a: Swampert|Stealth Rock|p1a: Landorus\n|-sidestart|p1: troubadour9|move: Stealth Rock\n|\n|upkeep\n|turn|2\n|\n|t:|1700255280\n|move|p1a: Landorus|U-turn|p2a: Swampert\n|-damage|p2a: Swampert|82\/100\n|\n|t:|1700255292\n|switch|p1a: Banette|Banette, F|100\/100|[from] U-turn\n|-damage|p1a: Banette|88\/100|[from] Stealth Rock\n|-item|p2a: Swampert|Leftovers|[from] ability: Frisk|[of] p1a: Banette|[identify]\n|move|p2a: Swampert|Flip Turn|p1a: Banette\n|-damage|p1a: Banette|67\/100\n|\n|t:|1700255305\n|switch|p2a: Kyurem|Kyurem, shiny|100\/100|[from] Flip Turn\n|-damage|p2a: Kyurem|88\/100|[from] Stealth Rock\n|\n|upkeep\n|turn|3\n|\n|t:|1700255314\n|detailschange|p1a: Banette|Banette-Mega, F\n|-mega|p1a: Banette|Banette|Banettite\n|move|p1a: Banette|Destiny Bond|p1a: Banette\n|-singlemove|p1a: Banette|Destiny Bond\n|move|p2a: Kyurem|Shadow Ball|p1a: Banette\n|-supereffective|p1a: Banette\n|-damage|p1a: Banette|0 fnt\n|faint|p1a: Banette\n|-activate|p1a: Banette|move: Destiny Bond\n|faint|p2a: Kyurem\n|\n|upkeep\n|\n|t:|1700255326\n|switch|p2a: Swampert|Swampert, M|82\/100\n|switch|p1a: Landorus|Landorus-Therian, M|100\/100\n|-damage|p1a: Landorus|88\/100|[from] Stealth Rock\n|-ability|p1a: Landorus|Intimidate|boost\n|-unboost|p2a: Swampert|atk|1\n|-damage|p2a: Swampert|76\/100|[from] Stealth Rock\n|turn|4\n|\n|t:|1700255338\n|move|p1a: Landorus|Earthquake|p2a: Swampert\n|-damage|p2a: Swampert|35\/100\n|move|p2a: Swampert|Yawn|p1a: Landorus\n|-start|p1a: Landorus|move: Yawn|[of] p2a: Swampert\n|\n|-heal|p2a: Swampert|41\/100|[from] item: Leftovers\n|upkeep\n|turn|5\n|\n|t:|1700255349\n|move|p1a: Landorus|U-turn|p2a: Swampert\n|-damage|p2a: Swampert|22\/100\n|\n|t:|1700255357\n|switch|p1a: Bisharp|Bisharp, F|100\/100|[from] U-turn\n|-damage|p1a: Bisharp|94\/100|[from] Stealth Rock\n|move|p2a: Swampert|Flip Turn|p1a: Bisharp\n|-damage|p1a: Bisharp|77\/100\n|\n|t:|1700255369\n|switch|p2a: Volcarona|Volcarona, M|100\/100|[from] Flip Turn\n|\n|upkeep\n|turn|6\n|\n|t:|1700255386\n|switch|p2a: Mawile|Mawile, F|100\/100\n|-damage|p2a: Mawile|95\/100|[from] Stealth Rock\n|-ability|p2a: Mawile|Intimidate|boost\n|-unboost|p1a: Bisharp|atk|1\n|-ability|p1a: Bisharp|Defiant|boost\n|-boost|p1a: Bisharp|atk|2\n|-terastallize|p1a: Bisharp|Dark\n|move|p1a: Bisharp|Swords Dance|p1a: Bisharp\n|-boost|p1a: Bisharp|atk|2\n|\n|upkeep\n|turn|7\n|c|\u2606kensei4k|bro i keep on forgetting abt that abiliy\n|c|\u2606troubadour9|its broken\n|\n|t:|1700255413\n|detailschange|p2a: Mawile|Mawile-Mega, F\n|-mega|p2a: Mawile|Mawile|Mawilite\n|move|p1a: Bisharp|Iron Head|p2a: Mawile\n|-damage|p2a: Mawile|0 fnt\n|faint|p2a: Mawile\n|\n|upkeep\n|\n|t:|1700255418\n|switch|p2a: Volcarona|Volcarona, M|100\/100\n|turn|8\n|\n|t:|1700255424\n|move|p1a: Bisharp|Sucker Punch|p2a: Volcarona\n|-damage|p2a: Volcarona|0 fnt\n|faint|p2a: Volcarona\n|\n|upkeep\n|c|\u2606kensei4k|its not i just dont remember it\n|\n|t:|1700255447\n|switch|p2a: Tapu Bulu|Tapu Bulu|100\/100\n|-damage|p2a: Tapu Bulu|88\/100|[from] Stealth Rock\n|-fieldstart|move: Grassy Terrain|[from] ability: Grassy Surge|[of] p2a: Tapu Bulu\n|turn|9\n|\n|t:|1700255462\n|-terastallize|p2a: Tapu Bulu|Grass\n|move|p1a: Bisharp|Iron Head|p2a: Tapu Bulu\n|-damage|p2a: Tapu Bulu|10\/100\n|move|p2a: Tapu Bulu|Horn Leech|p1a: Bisharp\n|-damage|p1a: Bisharp|30\/100\n|-heal|p2a: Tapu Bulu|30\/100|[from] drain|[of] p1a: Bisharp\n|\n|-heal|p1a: Bisharp|36\/100|[from] Grassy Terrain\n|-heal|p2a: Tapu Bulu|36\/100|[from] Grassy Terrain\n|-heal|p2a: Tapu Bulu|42\/100|[from] item: Leftovers\n|upkeep\n|turn|10\n|\n|t:|1700255475\n|move|p1a: Bisharp|Iron Head|p2a: Tapu Bulu\n|-damage|p2a: Tapu Bulu|0 fnt\n|faint|p2a: Tapu Bulu\n|\n|-heal|p1a: Bisharp|43\/100|[from] Grassy Terrain\n|upkeep\n|\n|t:|1700255478\n|switch|p2a: Kyurem|Kyurem, shiny|100\/100\n|-damage|p2a: Kyurem|76\/100|[from] Stealth Rock\n|-ability|p2a: Kyurem|Pressure\n|turn|11\n|\n|t:|1700255489\n|move|p1a: Bisharp|Sucker Punch||[still]\n|-fail|p1a: Bisharp\n|move|p2a: Kyurem|Dragon Dance|p2a: Kyurem\n|-boost|p2a: Kyurem|atk|1\n|-boost|p2a: Kyurem|spe|1\n|\n|-heal|p2a: Kyurem|82\/100|[from] Grassy Terrain\n|-heal|p1a: Bisharp|49\/100|[from] Grassy Terrain\n|upkeep\n|turn|12\n|\n|t:|1700255501\n|move|p2a: Kyurem|Dragon Dance|p2a: Kyurem\n|-boost|p2a: Kyurem|atk|1\n|-boost|p2a: Kyurem|spe|1\n|move|p1a: Bisharp|Iron Head|p2a: Kyurem\n|-supereffective|p2a: Kyurem\n|-damage|p2a: Kyurem|0 fnt\n|faint|p2a: Kyurem\n|\n|-heal|p1a: Bisharp|55\/100|[from] Grassy Terrain\n|upkeep\n|c|\u2606kensei4k|gg\n|-message|kensei4k forfeited.\n|\n|win|troubadour9\n|c|\u2606troubadour9|thought it was zoroark\n","uploadtime":1700255520,"views":8,"p1id":"troubadour9","p2id":"kensei4k","formatid":"gen9nationaldex","rating":0,"private":0,"password":""}