{"id":"gen9nationaldex-1996668181","p1":"Cutepokmon8e","p2":"h0t water","format":"[Gen 9] National Dex","log":"|html|<div class=\"broadcast-blue\"><strong>[Gen 9] National Dex is currently suspecting Sneasler! For information on how to participate check out the <a href=\"https:\/\/www.smogon.com\/forums\/threads\/sv-national-dex-suspect-8-just-dance.3731534\/\">suspect thread<\/a>.<\/strong><\/div>\n|j|\u2606Cutepokmon8e\n|j|\u2606h0t water\n|t:|1700707370\n|gametype|singles\n|player|p1|Cutepokmon8e|266|1227\n|player|p2|h0t water|1|1218\n|teamsize|p1|6\n|teamsize|p2|6\n|gen|9\n|tier|[Gen 9] National Dex\n|rated|\n|rule|HP Percentage Mod: HP is shown in percentages\n|rule|Endless Battle Clause: Forcing endless battles is banned\n|rule|OHKO Clause: OHKO moves are banned\n|rule|Evasion Clause: Evasion abilities, items, and moves are banned\n|rule|Evasion Abilities Clause: Evasion abilities are banned\n|rule|Evasion Items Clause: Evasion items are banned\n|rule|Evasion Moves Clause: Evasion moves are banned\n|rule|Species Clause: Limit one of each Pok\u00e9mon\n|rule|Sleep Clause Mod: Limit one foe put to sleep\n|clearpoke\n|poke|p1|Manaphy|\n|poke|p1|Lopunny, M|\n|poke|p1|Vileplume, F|\n|poke|p1|Jirachi|\n|poke|p1|Meloetta|\n|poke|p1|Cinccino, F|\n|poke|p2|Iron Valiant|\n|poke|p2|Ribombee, M|\n|poke|p2|Grimmsnarl, M|\n|poke|p2|Blaziken, M|\n|poke|p2|Espeon, M|\n|poke|p2|Haxorus, M|\n|teampreview\n|inactive|Battle timer is ON: inactive players will automatically lose when time's up. (requested by h0t water)\n|\n|t:|1700707389\n|start\n|switch|p1a: Jirachi|Jirachi|100\/100\n|switch|p2a: Espeon|Espeon, M|100\/100\n|turn|1\n|\n|t:|1700707395\n|move|p2a: Espeon|Trick|p1a: Jirachi\n|-activate|p2a: Espeon|move: Trick|[of] p1a: Jirachi\n|-item|p1a: Jirachi|Choice Specs|[from] move: Trick\n|-item|p2a: Espeon|Leftovers|[from] move: Trick\n|move|p1a: Jirachi|Iron Head|p2a: Espeon\n|-damage|p2a: Espeon|33\/100\n|\n|-heal|p2a: Espeon|39\/100|[from] item: Leftovers\n|upkeep\n|turn|2\n|\n|t:|1700707403\n|move|p2a: Espeon|Shadow Ball|p1a: Jirachi\n|-supereffective|p1a: Jirachi\n|-damage|p1a: Jirachi|49\/100\n|move|p1a: Jirachi|Iron Head|p2a: Espeon\n|-damage|p2a: Espeon|0 fnt\n|faint|p2a: Espeon\n|\n|upkeep\n|\n|t:|1700707409\n|switch|p2a: Ribombee|Ribombee, M|100\/100\n|turn|3\n|\n|t:|1700707413\n|move|p2a: Ribombee|Sticky Web|p1a: Jirachi\n|-sidestart|p1: Cutepokmon8e|move: Sticky Web\n|move|p1a: Jirachi|Iron Head|p2a: Ribombee\n|-supereffective|p2a: Ribombee\n|-enditem|p2a: Ribombee|Focus Sash\n|-damage|p2a: Ribombee|1\/100\n|\n|upkeep\n|turn|4\n|\n|t:|1700707417\n|move|p2a: Ribombee|Stun Spore|p1a: Jirachi\n|-status|p1a: Jirachi|par\n|move|p1a: Jirachi|Iron Head|p2a: Ribombee\n|-supereffective|p2a: Ribombee\n|-damage|p2a: Ribombee|0 fnt\n|faint|p2a: Ribombee\n|\n|upkeep\n|\n|t:|1700707426\n|switch|p2a: Blaziken|Blaziken, M|100\/100\n|turn|5\n|\n|t:|1700707429\n|switch|p1a: Manaphy|Manaphy|100\/100\n|-activate|p1a: Manaphy|move: Sticky Web\n|-unboost|p1a: Manaphy|spe|1\n|move|p2a: Blaziken|Swords Dance|p2a: Blaziken\n|-boost|p2a: Blaziken|atk|2\n|\n|-ability|p2a: Blaziken|Speed Boost|boost\n|-boost|p2a: Blaziken|spe|1\n|upkeep\n|turn|6\n|\n|t:|1700707438\n|move|p2a: Blaziken|Protect|p2a: Blaziken\n|-singleturn|p2a: Blaziken|Protect\n|move|p1a: Manaphy|Scald|p2a: Blaziken\n|-activate|p2a: Blaziken|move: Protect\n|\n|-ability|p2a: Blaziken|Speed Boost|boost\n|-boost|p2a: Blaziken|spe|1\n|upkeep\n|turn|7\n|\n|t:|1700707448\n|-terastallize|p2a: Blaziken|Fighting\n|move|p2a: Blaziken|Close Combat|p1a: Manaphy\n|-damage|p1a: Manaphy|0 fnt\n|-unboost|p2a: Blaziken|def|1\n|-unboost|p2a: Blaziken|spd|1\n|faint|p1a: Manaphy\n|\n|-ability|p2a: Blaziken|Speed Boost|boost\n|-boost|p2a: Blaziken|spe|1\n|upkeep\n|\n|t:|1700707453\n|switch|p1a: Vileplume|Vileplume, F|100\/100\n|-activate|p1a: Vileplume|move: Sticky Web\n|-unboost|p1a: Vileplume|spe|1\n|turn|8\n|-message|Cutepokmon8e forfeited.\n|\n|win|h0t water\n|raw|Cutepokmon8e's rating: 1227 &rarr; <strong>1201<\/strong><br \/>(-26 for losing)\n|raw|h0t water's rating: 1218 &rarr; <strong>1244<\/strong><br \/>(+26 for winning)\n|l|\u2606Cutepokmon8e\n","uploadtime":1700707466,"views":8,"p1id":"cutepokmon8e","p2id":"h0twater","formatid":"gen9nationaldex","rating":1201,"private":0,"password":""}