{"id":"gen9nationaldex-1999861129","p1":"lavenderfires","p2":"austinsemple","format":"[Gen 9] National Dex","log":"|html|<div class=\"broadcast-blue\"><strong>[Gen 9] National Dex is currently suspecting Sneasler! For information on how to participate check out the <a href=\"https:\/\/www.smogon.com\/forums\/threads\/sv-national-dex-suspect-8-just-dance.3731534\/\">suspect thread<\/a>.<\/strong><\/div>\n|j|\u2606lavenderfires\n|j|\u2606austinsemple\n|t:|1701123745\n|gametype|singles\n|player|p1|lavenderfires|rocketgruntf|1073\n|player|p2|austinsemple|blackbelt-gen4dp|1088\n|teamsize|p1|6\n|teamsize|p2|6\n|gen|9\n|tier|[Gen 9] National Dex\n|rated|\n|rule|HP Percentage Mod: HP is shown in percentages\n|rule|Endless Battle Clause: Forcing endless battles is banned\n|rule|OHKO Clause: OHKO moves are banned\n|rule|Evasion Clause: Evasion abilities, items, and moves are banned\n|rule|Evasion Abilities Clause: Evasion abilities are banned\n|rule|Evasion Items Clause: Evasion items are banned\n|rule|Evasion Moves Clause: Evasion moves are banned\n|rule|Species Clause: Limit one of each Pok\u00e9mon\n|rule|Sleep Clause Mod: Limit one foe put to sleep\n|clearpoke\n|poke|p1|Mismagius, F|\n|poke|p1|Oricorio-Sensu, M|\n|poke|p1|Mantine, F|\n|poke|p1|Noivern, F|\n|poke|p1|Gliscor, M|\n|poke|p1|Skarmory, F|\n|poke|p2|Ogerpon-Cornerstone, F|\n|poke|p2|Venusaur, M|\n|poke|p2|Ferrothorn, M|\n|poke|p2|Serperior, F|\n|poke|p2|Whimsicott, F|\n|poke|p2|Leavanny, F|\n|teampreview\n|inactive|Battle timer is ON: inactive players will automatically lose when time's up. (requested by austinsemple)\n|\n|t:|1701123750\n|start\n|switch|p1a: Skarmory|Skarmory, F|100\/100\n|switch|p2a: Leavanny|Leavanny, F|100\/100\n|turn|1\n|\n|t:|1701123757\n|move|p2a: Leavanny|Knock Off|p1a: Skarmory\n|-damage|p1a: Skarmory|75\/100\n|-enditem|p1a: Skarmory|Leftovers|[from] move: Knock Off|[of] p2a: Leavanny\n|move|p1a: Skarmory|Stealth Rock|p2a: Leavanny\n|-sidestart|p2: austinsemple|move: Stealth Rock\n|\n|upkeep\n|turn|2\n|\n|t:|1701123764\n|move|p2a: Leavanny|Sticky Web|p1a: Skarmory\n|-sidestart|p1: lavenderfires|move: Sticky Web\n|move|p1a: Skarmory|Spikes|p2a: Leavanny\n|-sidestart|p2: austinsemple|Spikes\n|\n|upkeep\n|turn|3\n|\n|t:|1701123770\n|move|p2a: Leavanny|Trailblaze|p1a: Skarmory\n|-resisted|p1a: Skarmory\n|-damage|p1a: Skarmory|71\/100\n|-boost|p2a: Leavanny|spe|1\n|move|p1a: Skarmory|Spikes|p2a: Leavanny\n|-sidestart|p2: austinsemple|Spikes\n|\n|upkeep\n|turn|4\n|\n|t:|1701123778\n|move|p2a: Leavanny|Trailblaze|p1a: Skarmory\n|-resisted|p1a: Skarmory\n|-damage|p1a: Skarmory|66\/100\n|-boost|p2a: Leavanny|spe|1\n|move|p1a: Skarmory|Spikes|p2a: Leavanny\n|-sidestart|p2: austinsemple|Spikes\n|\n|upkeep\n|turn|5\n|\n|t:|1701123785\n|move|p2a: Leavanny|Lunge|p1a: Skarmory\n|-resisted|p1a: Skarmory\n|-damage|p1a: Skarmory|59\/100\n|-unboost|p1a: Skarmory|atk|1\n|move|p1a: Skarmory|Toxic|p2a: Leavanny\n|-status|p2a: Leavanny|tox\n|\n|-damage|p2a: Leavanny|94\/100 tox|[from] psn\n|upkeep\n|turn|6\n|\n|t:|1701123795\n|switch|p2a: Whimsicott|Whimsicott, F|100\/100\n|move|p1a: Skarmory|Rock Slide|p2a: Whimsicott\n|-damage|p2a: Whimsicott|93\/100\n|\n|upkeep\n|turn|7\n|\n|t:|1701123803\n|move|p2a: Whimsicott|Defog|p1a: Skarmory\n|-unboost|p1a: Skarmory|evasion|1\n|-sideend|p1: lavenderfires|Sticky Web|[from] move: Defog|[of] p2a: Whimsicott\n|-sideend|p2: austinsemple|Spikes|[from] move: Defog|[of] p2a: Whimsicott\n|-sideend|p2: austinsemple|Stealth Rock|[from] move: Defog|[of] p2a: Whimsicott\n|move|p1a: Skarmory|Toxic|p2a: Whimsicott\n|-status|p2a: Whimsicott|tox\n|\n|-damage|p2a: Whimsicott|87\/100 tox|[from] psn\n|upkeep\n|turn|8\n|\n|t:|1701123820\n|switch|p2a: Venusaur|Venusaur, M|100\/100\n|move|p1a: Skarmory|Stealth Rock|p2a: Venusaur\n|-sidestart|p2: austinsemple|move: Stealth Rock\n|\n|upkeep\n|turn|9\n|\n|t:|1701123826\n|detailschange|p2a: Venusaur|Venusaur-Mega, M\n|-mega|p2a: Venusaur|Venusaur|Venusaurite\n|move|p2a: Venusaur|Leech Seed|p1a: Skarmory\n|-start|p1a: Skarmory|move: Leech Seed\n|move|p1a: Skarmory|Toxic|p2a: Venusaur\n|-immune|p2a: Venusaur\n|\n|-damage|p1a: Skarmory|46\/100|[from] Leech Seed|[of] p2a: Venusaur\n|upkeep\n|turn|10\n|\n|t:|1701123836\n|switch|p2a: Whimsicott|Whimsicott, F|87\/100 tox\n|move|p1a: Skarmory|Spikes|p2a: Whimsicott\n|-sidestart|p2: austinsemple|Spikes\n|\n|-damage|p1a: Skarmory|34\/100|[from] Leech Seed|[of] p2a: Whimsicott\n|-heal|p2a: Whimsicott|97\/100 tox|[silent]\n|-damage|p2a: Whimsicott|91\/100 tox|[from] psn\n|upkeep\n|turn|11\n|c|\u2606lavenderfires|Bruh I'm dumb\n|\n|t:|1701123849\n|move|p2a: Whimsicott|Defog|p1a: Skarmory\n|-unboost|p1a: Skarmory|evasion|1\n|-sideend|p2: austinsemple|Spikes|[from] move: Defog|[of] p2a: Whimsicott\n|-sideend|p2: austinsemple|Stealth Rock|[from] move: Defog|[of] p2a: Whimsicott\n|move|p1a: Skarmory|Stealth Rock|p2a: Whimsicott\n|-sidestart|p2: austinsemple|move: Stealth Rock\n|\n|-damage|p1a: Skarmory|21\/100|[from] Leech Seed|[of] p2a: Whimsicott\n|-heal|p2a: Whimsicott|100\/100 tox|[silent]\n|-damage|p2a: Whimsicott|88\/100 tox|[from] psn\n|upkeep\n|turn|12\n|\n|t:|1701123860\n|move|p2a: Whimsicott|Defog|p1a: Skarmory\n|-unboost|p1a: Skarmory|evasion|1\n|-sideend|p2: austinsemple|Stealth Rock|[from] move: Defog|[of] p2a: Whimsicott\n|move|p1a: Skarmory|Spikes|p2a: Whimsicott\n|-sidestart|p2: austinsemple|Spikes\n|\n|-damage|p1a: Skarmory|9\/100|[from] Leech Seed|[of] p2a: Whimsicott\n|-heal|p2a: Whimsicott|99\/100 tox|[silent]\n|-damage|p2a: Whimsicott|80\/100 tox|[from] psn\n|upkeep\n|turn|13\n|\n|t:|1701123872\n|move|p2a: Whimsicott|Defog|p1a: Skarmory\n|-unboost|p1a: Skarmory|evasion|1\n|-sideend|p2: austinsemple|Spikes|[from] move: Defog|[of] p2a: Whimsicott\n|move|p1a: Skarmory|Stealth Rock|p2a: Whimsicott\n|-sidestart|p2: austinsemple|move: Stealth Rock\n|\n|-damage|p1a: Skarmory|0 fnt|[from] Leech Seed|[of] p2a: Whimsicott\n|-heal|p2a: Whimsicott|87\/100 tox|[silent]\n|faint|p1a: Skarmory\n|-damage|p2a: Whimsicott|62\/100 tox|[from] psn\n|upkeep\n|\n|t:|1701123889\n|switch|p1a: Noivern|Noivern, F|100\/100\n|turn|14\n|\n|t:|1701123894\n|move|p2a: Whimsicott|Toxic|p1a: Noivern\n|-status|p1a: Noivern|tox\n|move|p1a: Noivern|Flamethrower|p2a: Whimsicott\n|-supereffective|p2a: Whimsicott\n|-damage|p2a: Whimsicott|0 fnt\n|faint|p2a: Whimsicott\n|\n|-damage|p1a: Noivern|94\/100 tox|[from] psn\n|upkeep\n|\n|t:|1701123904\n|switch|p2a: Venusaur|Venusaur-Mega, M|100\/100\n|-damage|p2a: Venusaur|88\/100|[from] Stealth Rock\n|turn|15\n|\n|t:|1701123908\n|move|p1a: Noivern|Flamethrower|p2a: Venusaur\n|-supereffective|p2a: Venusaur\n|-damage|p2a: Venusaur|69\/100\n|move|p2a: Venusaur|Leech Seed|p1a: Noivern\n|-start|p1a: Noivern|move: Leech Seed\n|\n|-damage|p1a: Noivern|82\/100 tox|[from] Leech Seed|[of] p2a: Venusaur\n|-heal|p2a: Venusaur|80\/100|[silent]\n|-damage|p1a: Noivern|70\/100 tox|[from] psn\n|upkeep\n|turn|16\n|\n|t:|1701123922\n|switch|p2a: Leavanny|Leavanny, F|94\/100 tox\n|-damage|p2a: Leavanny|70\/100 tox|[from] Stealth Rock\n|move|p1a: Noivern|Flamethrower|p2a: Leavanny\n|-supereffective|p2a: Leavanny\n|-damage|p2a: Leavanny|0 fnt\n|faint|p2a: Leavanny\n|\n|-damage|p1a: Noivern|51\/100 tox|[from] psn\n|upkeep\n|\n|t:|1701123933\n|switch|p2a: Serperior|Serperior, F|100\/100\n|-damage|p2a: Serperior|88\/100|[from] Stealth Rock\n|turn|17\n|\n|t:|1701123938\n|-terastallize|p2a: Serperior|Fire\n|move|p1a: Noivern|Flamethrower|p2a: Serperior\n|-resisted|p2a: Serperior\n|-damage|p2a: Serperior|73\/100\n|move|p2a: Serperior|Leaf Storm|p1a: Noivern\n|-resisted|p1a: Noivern\n|-crit|p1a: Noivern\n|-damage|p1a: Noivern|35\/100 tox\n|-boost|p2a: Serperior|spa|2\n|\n|-heal|p2a: Serperior|80\/100|[from] item: Leftovers\n|-damage|p1a: Noivern|22\/100 tox|[from] Leech Seed|[of] p2a: Serperior\n|-heal|p2a: Serperior|93\/100|[silent]\n|-damage|p1a: Noivern|0 fnt|[from] psn\n|faint|p1a: Noivern\n|upkeep\n|\n|t:|1701123954\n|switch|p1a: Gliscor|Gliscor, M|100\/100\n|turn|18\n|\n|t:|1701123960\n|move|p2a: Serperior|Leaf Storm|p1a: Gliscor\n|-damage|p1a: Gliscor|0 fnt\n|-boost|p2a: Serperior|spa|2\n|faint|p1a: Gliscor\n|\n|-heal|p2a: Serperior|99\/100|[from] item: Leftovers\n|upkeep\n|\n|t:|1701123969\n|switch|p1a: Mantine|Mantine, F|100\/100\n|turn|19\n|\n|t:|1701123973\n|move|p2a: Serperior|Giga Drain|p1a: Mantine\n|-crit|p1a: Mantine\n|-damage|p1a: Mantine|24\/100\n|-heal|p2a: Serperior|100\/100|[from] drain|[of] p1a: Mantine\n|move|p1a: Mantine|Hydro Pump|p2a: Serperior\n|-supereffective|p2a: Serperior\n|-damage|p2a: Serperior|28\/100\n|\n|-heal|p2a: Serperior|34\/100|[from] item: Leftovers\n|upkeep\n|turn|20\n|\n|t:|1701123991\n|move|p2a: Serperior|Giga Drain|p1a: Mantine\n|-damage|p1a: Mantine|0 fnt\n|-heal|p2a: Serperior|46\/100|[from] drain|[of] p1a: Mantine\n|faint|p1a: Mantine\n|\n|-heal|p2a: Serperior|52\/100|[from] item: Leftovers\n|upkeep\n|\n|t:|1701124005\n|switch|p1a: Mismagius|Mismagius, F|100\/100\n|turn|21\n|\n|t:|1701124018\n|-terastallize|p1a: Mismagius|Ghost\n|move|p2a: Serperior|Dragon Pulse|p1a: Mismagius\n|-damage|p1a: Mismagius|27\/100\n|move|p1a: Mismagius|Shadow Ball|p2a: Serperior\n|-damage|p2a: Serperior|0 fnt\n|faint|p2a: Serperior\n|-damage|p1a: Mismagius|17\/100|[from] item: Life Orb\n|\n|upkeep\n|\n|t:|1701124030\n|switch|p2a: Ogerpon|Ogerpon-Cornerstone, F|100\/100\n|-damage|p2a: Ogerpon|88\/100|[from] Stealth Rock\n|turn|22\n|\n|t:|1701124034\n|move|p2a: Ogerpon|Knock Off|p1a: Mismagius\n|-supereffective|p1a: Mismagius\n|-damage|p1a: Mismagius|0 fnt\n|-enditem|p1a: Mismagius|Life Orb|[from] move: Knock Off|[of] p2a: Ogerpon\n|faint|p1a: Mismagius\n|\n|upkeep\n|inactive|lavenderfires has 120 seconds left.\n|l|\u2606lavenderfires\n|inactive|lavenderfires disconnected and has a minute to reconnect!\n|player|p1|\n|inactive|lavenderfires has 30 seconds to reconnect!\n|inactive|lavenderfires has 20 seconds to reconnect!\n|inactive|lavenderfires has 15 seconds to reconnect!\n|inactive|lavenderfires has 10 seconds to reconnect!\n|inactive|lavenderfires has 5 seconds to reconnect!\n|-message|lavenderfires lost due to inactivity.\n|\n|win|austinsemple\n|raw|lavenderfires's rating: 1073 &rarr; <strong>1053<\/strong><br \/>(-20 for losing)\n|raw|austinsemple's rating: 1088 &rarr; <strong>1114<\/strong><br \/>(+26 for winning)\n","uploadtime":1701124129,"views":8,"p1id":"lavenderfires","p2id":"austinsemple","formatid":"gen9nationaldex","rating":1053,"private":0,"password":""}