{"id":"gen9nationaldex-1989533309","p1":"NotyuzzyYT","p2":"bignutta","format":"[Gen 9] National Dex","log":"|j|\u2606NotyuzzyYT\n|j|\u2606bignutta\n|t:|1699867014\n|gametype|singles\n|player|p1|NotyuzzyYT|nita|1040\n|player|p2|bignutta|brycenman|1101\n|teamsize|p1|6\n|teamsize|p2|6\n|gen|9\n|tier|[Gen 9] National Dex\n|rated|\n|rule|HP Percentage Mod: HP is shown in percentages\n|rule|Endless Battle Clause: Forcing endless battles is banned\n|rule|OHKO Clause: OHKO moves are banned\n|rule|Evasion Clause: Evasion abilities, items, and moves are banned\n|rule|Evasion Abilities Clause: Evasion abilities are banned\n|rule|Evasion Items Clause: Evasion items are banned\n|rule|Evasion Moves Clause: Evasion moves are banned\n|rule|Species Clause: Limit one of each Pok\u00e9mon\n|rule|Sleep Clause Mod: Limit one foe put to sleep\n|clearpoke\n|poke|p1|Kommo-o, F|\n|poke|p1|Gliscor, M|\n|poke|p1|Corviknight, M|\n|poke|p1|Diancie|\n|poke|p1|Alomomola, M|\n|poke|p1|Aegislash, M|\n|poke|p2|Lickitung, F|\n|poke|p2|Taillow, L1, M|\n|poke|p2|Porygon2|\n|poke|p2|Oricorio-Sensu, F|\n|poke|p2|Indeedee-F, F|\n|poke|p2|Hitmonlee, M|\n|teampreview\n|inactive|Battle timer is ON: inactive players will automatically lose when time's up. (requested by bignutta)\n|\n|t:|1699867022\n|start\n|switch|p1a: Alomomola|Alomomola, M|100\/100\n|switch|p2a: he\u2019s baby|Taillow, L1, M, shiny|100\/100\n|turn|1\n|\n|t:|1699867030\n|move|p1a: Alomomola|Flip Turn|p2a: he\u2019s baby\n|-enditem|p2a: he\u2019s baby|Focus Sash\n|-damage|p2a: he\u2019s baby|9\/100\n|\n|t:|1699867033\n|switch|p1a: Gliscor|Gliscor, M|100\/100|[from] Flip Turn\n|move|p2a: he\u2019s baby|Toxic|p1a: Gliscor\n|-status|p1a: Gliscor|tox\n|\n|upkeep\n|turn|2\n|\n|t:|1699867041\n|move|p1a: Gliscor|U-turn|p2a: he\u2019s baby\n|-resisted|p2a: he\u2019s baby\n|-damage|p2a: he\u2019s baby|0 fnt\n|faint|p2a: he\u2019s baby\n|\n|t:|1699867043\n|switch|p1a: Kommo-o|Kommo-o, F|100\/100|[from] U-turn\n|\n|upkeep\n|\n|t:|1699867050\n|switch|p2a: Oreo|Oricorio-Sensu, F, shiny|100\/100\n|turn|3\n|\n|t:|1699867056\n|move|p2a: Oreo|Air Slash|p1a: Kommo-o\n|-supereffective|p1a: Kommo-o\n|-damage|p1a: Kommo-o|30\/100\n|-enditem|p1a: Kommo-o|Sitrus Berry|[eat]\n|-heal|p1a: Kommo-o|55\/100|[from] item: Sitrus Berry\n|move|p1a: Kommo-o|Clangorous Soul|p1a: Kommo-o\n|-boost|p1a: Kommo-o|atk|1\n|-boost|p1a: Kommo-o|def|1\n|-boost|p1a: Kommo-o|spa|1\n|-boost|p1a: Kommo-o|spd|1\n|-boost|p1a: Kommo-o|spe|1\n|-enditem|p2a: Oreo|Mirror Herb\n|-boost|p2a: Oreo|atk|1|[from] item: Mirror Herb\n|-boost|p2a: Oreo|def|1|[from] item: Mirror Herb\n|-boost|p2a: Oreo|spa|1|[from] item: Mirror Herb\n|-boost|p2a: Oreo|spd|1|[from] item: Mirror Herb\n|-boost|p2a: Oreo|spe|1|[from] item: Mirror Herb\n|-damage|p1a: Kommo-o|22\/100\n|-activate|p2a: Oreo|ability: Dancer\n|move|p2a: Oreo|Clangorous Soul|p2a: Oreo|[from]ability: Dancer\n|-boost|p2a: Oreo|atk|1\n|-boost|p2a: Oreo|def|1\n|-boost|p2a: Oreo|spa|1\n|-boost|p2a: Oreo|spd|1\n|-boost|p2a: Oreo|spe|1\n|-damage|p2a: Oreo|68\/100\n|\n|upkeep\n|turn|4\n|\n|t:|1699867078\n|move|p2a: Oreo|Acrobatics|p1a: Kommo-o\n|-supereffective|p1a: Kommo-o\n|-damage|p1a: Kommo-o|0 fnt\n|faint|p1a: Kommo-o\n|\n|upkeep\n|\n|t:|1699867081\n|switch|p1a: Diancie|Diancie|100\/100\n|turn|5\n|\n|t:|1699867094\n|detailschange|p1a: Diancie|Diancie-Mega\n|-mega|p1a: Diancie|Diancie|Diancite\n|move|p2a: Oreo|Revelation Dance|p1a: Diancie\n|-damage|p1a: Diancie|0 fnt\n|faint|p1a: Diancie\n|\n|upkeep\n|\n|t:|1699867108\n|switch|p1a: Aegislash|Aegislash, M|100\/100\n|turn|6\n|\n|t:|1699867112\n|-formechange|p1a: Aegislash|Aegislash-Blade||[from] ability: Stance Change\n|move|p1a: Aegislash|Shadow Sneak|p2a: Oreo\n|-supereffective|p2a: Oreo\n|-damage|p2a: Oreo|24\/100\n|move|p2a: Oreo|Revelation Dance|p1a: Aegislash\n|-supereffective|p1a: Aegislash\n|-damage|p1a: Aegislash|0 fnt\n|faint|p1a: Aegislash\n|\n|upkeep\n|-message|NotyuzzyYT forfeited.\n|\n|win|bignutta\n|raw|NotyuzzyYT's rating: 1040 &rarr; <strong>1027<\/strong><br \/>(-13 for losing)\n|raw|bignutta's rating: 1101 &rarr; <strong>1122<\/strong><br \/>(+21 for winning)\n|l|\u2606NotyuzzyYT\n|c|\u2606bignutta|Gg\n","uploadtime":1699867138,"views":18,"p1id":"notyuzzyyt","p2id":"bignutta","formatid":"gen9nationaldex","rating":1027,"private":0,"password":""}