{"id":"gen9nationaldex-1996037792","p1":"runeatest","p2":"kendallkakes","format":"[Gen 9] National Dex","log":"|html|<div class=\"broadcast-blue\"><strong>[Gen 9] National Dex is currently suspecting Sneasler! For information on how to participate check out the <a href=\"https:\/\/www.smogon.com\/forums\/threads\/sv-national-dex-suspect-8-just-dance.3731534\/\">suspect thread<\/a>.<\/strong><\/div>\n|j|\u2606runeatest\n|j|\u2606kendallkakes\n|t:|1700633344\n|gametype|singles\n|player|p1|runeatest|fisherman-gen4|1132\n|player|p2|kendallkakes|rocketgrunt|1178\n|teamsize|p1|6\n|teamsize|p2|6\n|gen|9\n|tier|[Gen 9] National Dex\n|rated|\n|rule|HP Percentage Mod: HP is shown in percentages\n|rule|Endless Battle Clause: Forcing endless battles is banned\n|rule|OHKO Clause: OHKO moves are banned\n|rule|Evasion Clause: Evasion abilities, items, and moves are banned\n|rule|Evasion Abilities Clause: Evasion abilities are banned\n|rule|Evasion Items Clause: Evasion items are banned\n|rule|Evasion Moves Clause: Evasion moves are banned\n|rule|Species Clause: Limit one of each Pok\u00e9mon\n|rule|Sleep Clause Mod: Limit one foe put to sleep\n|clearpoke\n|poke|p1|Vaporeon, M|\n|poke|p1|Salamence, M|\n|poke|p1|Hitmontop, M|\n|poke|p1|Electivire, M|\n|poke|p1|Togekiss, M|\n|poke|p1|Houndoom, M|\n|poke|p2|Pelipper, F|\n|poke|p2|Barraskewda, F|\n|poke|p2|Crawdaunt, M|\n|poke|p2|Zapdos|\n|poke|p2|Ferrothorn, F|\n|poke|p2|Seismitoad, F|\n|teampreview\n|inactive|Battle timer is ON: inactive players will automatically lose when time's up. (requested by kendallkakes)\n|\n|t:|1700633354\n|start\n|switch|p1a: Salamence|Salamence, M|100\/100\n|switch|p2a: Pelipper|Pelipper, F, shiny|100\/100\n|-ability|p1a: Salamence|Intimidate|boost\n|-unboost|p2a: Pelipper|atk|1\n|-weather|RainDance|[from] ability: Drizzle|[of] p2a: Pelipper\n|turn|1\n|\n|t:|1700633368\n|move|p1a: Salamence|Draco Meteor|p2a: Pelipper\n|-damage|p2a: Pelipper|14\/100\n|-unboost|p1a: Salamence|spa|2\n|move|p2a: Pelipper|U-turn|p1a: Salamence\n|-resisted|p1a: Salamence\n|-damage|p1a: Salamence|97\/100\n|\n|t:|1700633382\n|switch|p2a: Crawdaunt|Crawdaunt, M, shiny|100\/100|[from] U-turn\n|\n|-weather|RainDance|[upkeep]\n|upkeep\n|turn|2\n|\n|t:|1700633388\n|switch|p1a: Vaporeon|Vaporeon, M|100\/100\n|move|p2a: Crawdaunt|Dragon Dance|p2a: Crawdaunt\n|-boost|p2a: Crawdaunt|atk|1\n|-boost|p2a: Crawdaunt|spe|1\n|\n|-weather|RainDance|[upkeep]\n|upkeep\n|turn|3\n|\n|t:|1700633394\n|move|p2a: Crawdaunt|Knock Off|p1a: Vaporeon\n|-damage|p1a: Vaporeon|12\/100\n|-enditem|p1a: Vaporeon|Leftovers|[from] move: Knock Off|[of] p2a: Crawdaunt\n|move|p1a: Vaporeon|Hidden Power|p2a: Crawdaunt\n|-supereffective|p2a: Crawdaunt\n|-damage|p2a: Crawdaunt|15\/100\n|\n|-weather|RainDance|[upkeep]\n|upkeep\n|turn|4\n|\n|t:|1700633405\n|move|p2a: Crawdaunt|Knock Off|p1a: Vaporeon\n|-damage|p1a: Vaporeon|0 fnt\n|faint|p1a: Vaporeon\n|\n|-weather|RainDance|[upkeep]\n|upkeep\n|\n|t:|1700633411\n|switch|p1a: Hitmontop|Hitmontop, M|100\/100\n|turn|5\n|\n|t:|1700633416\n|switch|p2a: Ferrothorn|Ferrothorn, F|100\/100\n|move|p1a: Hitmontop|Fake Out|p2a: Ferrothorn\n|-resisted|p2a: Ferrothorn\n|-damage|p2a: Ferrothorn|95\/100\n|-damage|p1a: Hitmontop|88\/100|[from] ability: Iron Barbs|[of] p2a: Ferrothorn\n|-damage|p1a: Hitmontop|72\/100|[from] item: Rocky Helmet|[of] p2a: Ferrothorn\n|\n|-weather|RainDance|[upkeep]\n|upkeep\n|turn|6\n|\n|t:|1700633426\n|switch|p1a: Salamence|Salamence, M|97\/100\n|-ability|p1a: Salamence|Intimidate|boost\n|-unboost|p2a: Ferrothorn|atk|1\n|move|p2a: Ferrothorn|Stealth Rock|p1a: Salamence\n|-sidestart|p1: runeatest|move: Stealth Rock\n|\n|-weather|RainDance|[upkeep]\n|upkeep\n|turn|7\n|\n|t:|1700633433\n|switch|p2a: Seismitoad|Seismitoad, F, shiny|100\/100\n|move|p1a: Salamence|Flamethrower|p2a: Seismitoad\n|-resisted|p2a: Seismitoad\n|-damage|p2a: Seismitoad|89\/100\n|\n|-weather|RainDance|[upkeep]\n|upkeep\n|turn|8\n|\n|t:|1700633442\n|switch|p1a: Hitmontop|Hitmontop, M|72\/100\n|-damage|p1a: Hitmontop|65\/100|[from] Stealth Rock\n|move|p2a: Seismitoad|Icy Wind|p1a: Hitmontop|[miss]\n|-miss|p2a: Seismitoad|p1a: Hitmontop\n|\n|-weather|none\n|upkeep\n|turn|9\n|\n|t:|1700633449\n|switch|p2a: Zapdos|Zapdos, shiny|100\/100\n|move|p1a: Hitmontop|Rapid Spin|p2a: Zapdos\n|-damage|p2a: Zapdos|73\/100\n|-boost|p1a: Hitmontop|spe|1\n|-status|p1a: Hitmontop|par|[from] ability: Static|[of] p2a: Zapdos\n|-sideend|p1: runeatest|Stealth Rock|[from] move: Rapid Spin|[of] p1a: Hitmontop\n|\n|upkeep\n|turn|10\n|\n|t:|1700633459\n|switch|p1a: Electivire|Electivire, M, shiny|100\/100\n|-item|p1a: Electivire|Air Balloon\n|move|p2a: Zapdos|Hurricane|p1a: Electivire\n|-resisted|p1a: Electivire\n|-crit|p1a: Electivire\n|-damage|p1a: Electivire|43\/100\n|-start|p1a: Electivire|confusion\n|-enditem|p1a: Electivire|Air Balloon\n|\n|upkeep\n|turn|11\n|\n|t:|1700633470\n|move|p2a: Zapdos|Hurricane|p1a: Electivire|[miss]\n|-miss|p2a: Zapdos|p1a: Electivire\n|-activate|p1a: Electivire|confusion\n|-damage|p1a: Electivire|18\/100|[from] confusion\n|\n|upkeep\n|turn|12\n|\n|t:|1700633478\n|switch|p2a: Seismitoad|Seismitoad, F, shiny|89\/100\n|switch|p1a: Salamence|Salamence, M|97\/100\n|-ability|p1a: Salamence|Intimidate|boost\n|-unboost|p2a: Seismitoad|atk|1\n|\n|upkeep\n|turn|13\n|\n|t:|1700633485\n|move|p1a: Salamence|Draco Meteor|p2a: Seismitoad\n|-damage|p2a: Seismitoad|0 fnt\n|-unboost|p1a: Salamence|spa|2\n|faint|p2a: Seismitoad\n|\n|upkeep\n|\n|t:|1700633488\n|switch|p2a: Pelipper|Pelipper, F, shiny|14\/100\n|-weather|RainDance|[from] ability: Drizzle|[of] p2a: Pelipper\n|turn|14\n|\n|t:|1700633493\n|switch|p2a: Ferrothorn|Ferrothorn, F|95\/100\n|move|p1a: Salamence|Draco Meteor|p2a: Ferrothorn\n|-resisted|p2a: Ferrothorn\n|-damage|p2a: Ferrothorn|77\/100\n|-unboost|p1a: Salamence|spa|2\n|\n|-weather|RainDance|[upkeep]\n|upkeep\n|turn|15\n|\n|t:|1700633502\n|switch|p1a: Hitmontop|Hitmontop, M|65\/100 par\n|move|p2a: Ferrothorn|Stealth Rock|p1a: Hitmontop\n|-sidestart|p1: runeatest|move: Stealth Rock\n|\n|-weather|RainDance|[upkeep]\n|upkeep\n|turn|16\n|\n|t:|1700633507\n|move|p1a: Hitmontop|Rapid Spin|p2a: Ferrothorn\n|-resisted|p2a: Ferrothorn\n|-damage|p2a: Ferrothorn|70\/100\n|-boost|p1a: Hitmontop|spe|1\n|-damage|p1a: Hitmontop|53\/100 par|[from] ability: Iron Barbs|[of] p2a: Ferrothorn\n|-damage|p1a: Hitmontop|36\/100 par|[from] item: Rocky Helmet|[of] p2a: Ferrothorn\n|-sideend|p1: runeatest|Stealth Rock|[from] move: Rapid Spin|[of] p1a: Hitmontop\n|move|p2a: Ferrothorn|Knock Off|p1a: Hitmontop\n|-resisted|p1a: Hitmontop\n|-damage|p1a: Hitmontop|22\/100 par\n|-enditem|p1a: Hitmontop|Focus Sash|[from] move: Knock Off|[of] p2a: Ferrothorn\n|\n|-weather|RainDance|[upkeep]\n|upkeep\n|turn|17\n|\n|t:|1700633519\n|cant|p1a: Hitmontop|par\n|move|p2a: Ferrothorn|Leech Seed|p1a: Hitmontop\n|-start|p1a: Hitmontop|move: Leech Seed\n|\n|-weather|RainDance|[upkeep]\n|-damage|p1a: Hitmontop|9\/100 par|[from] Leech Seed|[of] p2a: Ferrothorn\n|-heal|p2a: Ferrothorn|79\/100|[silent]\n|upkeep\n|turn|18\n|\n|t:|1700633525\n|move|p1a: Hitmontop|High Jump Kick|p2a: Ferrothorn\n|-supereffective|p2a: Ferrothorn\n|-crit|p2a: Ferrothorn\n|-damage|p2a: Ferrothorn|0 fnt\n|-damage|p1a: Hitmontop|0 fnt|[from] ability: Iron Barbs|[of] p2a: Ferrothorn\n|faint|p2a: Ferrothorn\n|faint|p1a: Hitmontop\n|\n|-weather|RainDance|[upkeep]\n|upkeep\n|\n|t:|1700633542\n|switch|p1a: Salamence|Salamence, M|97\/100\n|switch|p2a: Zapdos|Zapdos, shiny|73\/100\n|-ability|p1a: Salamence|Intimidate|boost\n|-unboost|p2a: Zapdos|atk|1\n|turn|19\n|\n|t:|1700633547\n|move|p1a: Salamence|Draco Meteor|p2a: Zapdos\n|-damage|p2a: Zapdos|0 fnt\n|-unboost|p1a: Salamence|spa|2\n|faint|p2a: Zapdos\n|\n|-weather|RainDance|[upkeep]\n|upkeep\n|\n|t:|1700633551\n|switch|p2a: Barraskewda|Barraskewda, F, shiny|100\/100\n|turn|20\n|\n|t:|1700633555\n|switch|p1a: Electivire|Electivire, M, shiny|18\/100\n|move|p2a: Barraskewda|Liquidation|p1a: Electivire\n|-damage|p1a: Electivire|0 fnt\n|faint|p1a: Electivire\n|\n|-weather|RainDance|[upkeep]\n|upkeep\n|\n|t:|1700633564\n|switch|p1a: Houndoom|Houndoom, M|100\/100\n|turn|21\n|\n|t:|1700633574\n|-terastallize|p1a: Houndoom|Poison\n|move|p2a: Barraskewda|Liquidation|p1a: Houndoom\n|-enditem|p1a: Houndoom|Focus Sash\n|-damage|p1a: Houndoom|1\/100\n|-unboost|p1a: Houndoom|def|1\n|move|p1a: Houndoom|Sludge Bomb|p2a: Barraskewda\n|-damage|p2a: Barraskewda|13\/100\n|\n|-weather|none\n|upkeep\n|turn|22\n|\n|t:|1700633585\n|move|p2a: Barraskewda|Liquidation|p1a: Houndoom\n|-damage|p1a: Houndoom|0 fnt\n|faint|p1a: Houndoom\n|\n|upkeep\n|\n|t:|1700633589\n|switch|p1a: Togekiss|Togekiss, M, shiny|100\/100\n|turn|23\n|\n|t:|1700633594\n|switch|p2a: Pelipper|Pelipper, F, shiny|14\/100\n|-weather|RainDance|[from] ability: Drizzle|[of] p2a: Pelipper\n|move|p1a: Togekiss|Dazzling Gleam|p2a: Pelipper\n|-damage|p2a: Pelipper|0 fnt\n|faint|p2a: Pelipper\n|\n|-weather|RainDance|[upkeep]\n|upkeep\n|\n|t:|1700633600\n|switch|p2a: Barraskewda|Barraskewda, F, shiny|13\/100\n|turn|24\n|\n|t:|1700633607\n|move|p2a: Barraskewda|Liquidation|p1a: Togekiss\n|-damage|p1a: Togekiss|0 fnt\n|faint|p1a: Togekiss\n|\n|-weather|RainDance|[upkeep]\n|upkeep\n|\n|t:|1700633611\n|switch|p1a: Salamence|Salamence, M|97\/100\n|-ability|p1a: Salamence|Intimidate|boost\n|-unboost|p2a: Barraskewda|atk|1\n|turn|25\n|\n|t:|1700633616\n|switch|p2a: Crawdaunt|Crawdaunt, M, shiny|15\/100\n|move|p1a: Salamence|Air Slash|p2a: Crawdaunt\n|-damage|p2a: Crawdaunt|0 fnt\n|faint|p2a: Crawdaunt\n|\n|-weather|RainDance|[upkeep]\n|upkeep\n|\n|t:|1700633621\n|switch|p2a: Barraskewda|Barraskewda, F, shiny|13\/100\n|turn|26\n|\n|t:|1700633624\n|move|p2a: Barraskewda|Liquidation|p1a: Salamence\n|-resisted|p1a: Salamence\n|-damage|p1a: Salamence|29\/100\n|move|p1a: Salamence|Air Slash|p2a: Barraskewda\n|-damage|p2a: Barraskewda|0 fnt\n|faint|p2a: Barraskewda\n|\n|win|runeatest\n|raw|runeatest's rating: 1132 &rarr; <strong>1160<\/strong><br \/>(+28 for winning)\n|raw|kendallkakes's rating: 1178 &rarr; <strong>1150<\/strong><br \/>(-28 for losing)\n|l|\u2606kendallkakes\n","uploadtime":1700633633,"views":0,"p1id":"runeatest","p2id":"kendallkakes","formatid":"gen9nationaldex","rating":1150,"private":0,"password":""}