{"id":"gen9nationaldex-1987281793","p1":"Mitsubishienjoyer","p2":"jaaas54","format":"[Gen 9] National Dex","log":"|j|\u2606Mitsubishienjoyer\n|j|\u2606jaaas54\n|t:|1699572793\n|gametype|singles\n|player|p1|Mitsubishienjoyer|giovanni|1100\n|player|p2|jaaas54|collector|1000\n|teamsize|p1|6\n|teamsize|p2|6\n|gen|9\n|tier|[Gen 9] National Dex\n|rated|\n|rule|HP Percentage Mod: HP is shown in percentages\n|rule|Endless Battle Clause: Forcing endless battles is banned\n|rule|OHKO Clause: OHKO moves are banned\n|rule|Evasion Clause: Evasion abilities, items, and moves are banned\n|rule|Evasion Abilities Clause: Evasion abilities are banned\n|rule|Evasion Items Clause: Evasion items are banned\n|rule|Evasion Moves Clause: Evasion moves are banned\n|rule|Species Clause: Limit one of each Pok\u00e9mon\n|rule|Sleep Clause Mod: Limit one foe put to sleep\n|clearpoke\n|poke|p1|Salamence, M|\n|poke|p1|Ninjask, M|\n|poke|p1|Spinda, F|\n|poke|p1|Clamperl, M|\n|poke|p1|Absol, M|\n|poke|p1|Seviper, F|\n|poke|p2|Pikachu-Hoenn, M|\n|poke|p2|Sceptile, M|\n|poke|p2|Swellow, M|\n|poke|p2|Corphish, M|\n|poke|p2|Glalie, M|\n|poke|p2|Torkoal, M|\n|teampreview\n|\n|t:|1699572813\n|start\n|switch|p1a: Spinda (with rizz)|Spinda, F|100\/100\n|switch|p2a: Torkoal|Torkoal, M|100\/100\n|-weather|SunnyDay|[from] ability: Drought|[of] p2a: Torkoal\n|turn|1\n|\n|t:|1699572822\n|move|p1a: Spinda (with rizz)|Attract|p2a: Torkoal\n|-start|p2a: Torkoal|Attract\n|-activate|p2a: Torkoal|move: Attract|[of] p1a: Spinda (with rizz)\n|cant|p2a: Torkoal|Attract\n|\n|-weather|SunnyDay|[upkeep]\n|upkeep\n|turn|2\n|\n|t:|1699572830\n|move|p1a: Spinda (with rizz)|Thrash|p2a: Torkoal\n|-damage|p2a: Torkoal|72\/100\n|-activate|p2a: Torkoal|move: Attract|[of] p1a: Spinda (with rizz)\n|cant|p2a: Torkoal|Attract\n|\n|-weather|SunnyDay|[upkeep]\n|-heal|p2a: Torkoal|78\/100|[from] item: Leftovers\n|upkeep\n|turn|3\n|\n|t:|1699572840\n|move|p1a: Spinda (with rizz)|Thrash|p2a: Torkoal|[from]lockedmove\n|-damage|p2a: Torkoal|52\/100\n|-start|p1a: Spinda (with rizz)|confusion|[fatigue]\n|-activate|p2a: Torkoal|move: Attract|[of] p1a: Spinda (with rizz)\n|move|p2a: Torkoal|Yawn|p1a: Spinda (with rizz)\n|-start|p1a: Spinda (with rizz)|move: Yawn|[of] p2a: Torkoal\n|\n|-weather|SunnyDay|[upkeep]\n|-heal|p2a: Torkoal|58\/100|[from] item: Leftovers\n|upkeep\n|turn|4\n|\n|t:|1699572859\n|switch|p1a: 2007|Absol, M|100\/100\n|-end|p2a: Torkoal|Attract|[silent]\n|move|p2a: Torkoal|Stealth Rock|p1a: 2007\n|-sidestart|p1: Mitsubishienjoyer|move: Stealth Rock\n|\n|-weather|SunnyDay|[upkeep]\n|-heal|p2a: Torkoal|64\/100|[from] item: Leftovers\n|upkeep\n|turn|5\n|\n|t:|1699572868\n|detailschange|p1a: 2007|Absol-Mega, M\n|-mega|p1a: 2007|Absol|Absolite\n|move|p1a: 2007|Swords Dance|p1a: 2007\n|-boost|p1a: 2007|atk|2\n|move|p2a: Torkoal|Lava Plume|p1a: 2007\n|-damage|p1a: 2007|29\/100\n|\n|-weather|none\n|-heal|p2a: Torkoal|71\/100|[from] item: Leftovers\n|upkeep\n|turn|6\n|\n|t:|1699572879\n|move|p1a: 2007|Play Rough|p2a: Torkoal\n|-resisted|p2a: Torkoal\n|-damage|p2a: Torkoal|49\/100\n|move|p2a: Torkoal|Lava Plume|p1a: 2007\n|-damage|p1a: 2007|0 fnt\n|faint|p1a: 2007\n|\n|-heal|p2a: Torkoal|55\/100|[from] item: Leftovers\n|upkeep\n|\n|t:|1699572888\n|switch|p1a: Salad Manss \ud83d\udc85\ud83d\udc85|Salamence, M|100\/100\n|-damage|p1a: Salad Manss \ud83d\udc85\ud83d\udc85|75\/100|[from] Stealth Rock\n|turn|7\n|\n|t:|1699572894\n|move|p1a: Salad Manss \ud83d\udc85\ud83d\udc85|Earthquake|p2a: Torkoal\n|-supereffective|p2a: Torkoal\n|-damage|p2a: Torkoal|14\/100\n|move|p2a: Torkoal|Yawn|p1a: Salad Manss \ud83d\udc85\ud83d\udc85\n|-start|p1a: Salad Manss \ud83d\udc85\ud83d\udc85|move: Yawn|[of] p2a: Torkoal\n|\n|-heal|p2a: Torkoal|20\/100|[from] item: Leftovers\n|upkeep\n|turn|8\n|\n|t:|1699572905\n|switch|p1a: Spinda (with rizz)|Spinda, F|100\/100\n|-damage|p1a: Spinda (with rizz)|88\/100|[from] Stealth Rock\n|move|p2a: Torkoal|Lava Plume|p1a: Spinda (with rizz)\n|-damage|p1a: Spinda (with rizz)|51\/100\n|\n|-heal|p2a: Torkoal|26\/100|[from] item: Leftovers\n|upkeep\n|turn|9\n|\n|t:|1699572916\n|move|p1a: Spinda (with rizz)|Attract|p2a: Torkoal\n|-start|p2a: Torkoal|Attract\n|-activate|p2a: Torkoal|move: Attract|[of] p1a: Spinda (with rizz)\n|cant|p2a: Torkoal|Attract\n|\n|-heal|p2a: Torkoal|32\/100|[from] item: Leftovers\n|upkeep\n|turn|10\n|\n|t:|1699572925\n|move|p1a: Spinda (with rizz)|Drain Punch|p2a: Torkoal\n|-damage|p2a: Torkoal|22\/100\n|-heal|p1a: Spinda (with rizz)|57\/100|[from] drain|[of] p2a: Torkoal\n|-activate|p2a: Torkoal|move: Attract|[of] p1a: Spinda (with rizz)\n|move|p2a: Torkoal|Lava Plume|p1a: Spinda (with rizz)\n|-damage|p1a: Spinda (with rizz)|16\/100\n|-enditem|p1a: Spinda (with rizz)|Wiki Berry|[eat]\n|-heal|p1a: Spinda (with rizz)|49\/100|[from] item: Wiki Berry\n|-start|p1a: Spinda (with rizz)|confusion\n|\n|-heal|p2a: Torkoal|28\/100|[from] item: Leftovers\n|upkeep\n|turn|11\n|\n|t:|1699572938\n|-activate|p1a: Spinda (with rizz)|confusion\n|move|p1a: Spinda (with rizz)|Thrash|p2a: Torkoal\n|-damage|p2a: Torkoal|1\/100\n|-activate|p2a: Torkoal|move: Attract|[of] p1a: Spinda (with rizz)\n|cant|p2a: Torkoal|Attract\n|\n|-heal|p2a: Torkoal|7\/100|[from] item: Leftovers\n|upkeep\n|turn|12\n|\n|t:|1699572948\n|-activate|p1a: Spinda (with rizz)|confusion\n|move|p1a: Spinda (with rizz)|Thrash|p2a: Torkoal|[from]lockedmove\n|-damage|p2a: Torkoal|0 fnt\n|faint|p2a: Torkoal\n|\n|upkeep\n|\n|t:|1699572974\n|switch|p2a: Pikachu|Pikachu-Hoenn, M|100\/100\n|turn|13\n|\n|t:|1699572979\n|move|p2a: Pikachu|Thunderbolt|p1a: Spinda (with rizz)|[miss]\n|-miss|p2a: Pikachu|p1a: Spinda (with rizz)\n|-activate|p1a: Spinda (with rizz)|confusion\n|move|p1a: Spinda (with rizz)|Trick Room|p1a: Spinda (with rizz)\n|-fieldstart|move: Trick Room|[of] p1a: Spinda (with rizz)\n|\n|upkeep\n|turn|14\n|\n|t:|1699572985\n|-end|p1a: Spinda (with rizz)|confusion\n|move|p1a: Spinda (with rizz)|Attract|p2a: Pikachu\n|-start|p2a: Pikachu|Attract\n|-activate|p2a: Pikachu|move: Attract|[of] p1a: Spinda (with rizz)\n|move|p2a: Pikachu|Thunderbolt|p1a: Spinda (with rizz)\n|-damage|p1a: Spinda (with rizz)|0 fnt\n|faint|p1a: Spinda (with rizz)\n|-end|p2a: Pikachu|Attract|[silent]\n|\n|upkeep\n|\n|t:|1699573000\n|switch|p1a: Kobra|Seviper, F, shiny|100\/100\n|-damage|p1a: Kobra|88\/100|[from] Stealth Rock\n|turn|15\n|\n|t:|1699573010\n|move|p1a: Kobra|Gunk Shot|p2a: Pikachu\n|-damage|p2a: Pikachu|0 fnt\n|faint|p2a: Pikachu\n|\n|-heal|p1a: Kobra|94\/100|[from] item: Leftovers\n|upkeep\n|\n|t:|1699573019\n|switch|p2a: Glalie|Glalie, M|100\/100\n|turn|16\n|\n|t:|1699573028\n|detailschange|p2a: Glalie|Glalie-Mega, M\n|-mega|p2a: Glalie|Glalie|Glalitite\n|move|p1a: Kobra|Coil|p1a: Kobra\n|-boost|p1a: Kobra|atk|1\n|-boost|p1a: Kobra|def|1\n|-boost|p1a: Kobra|accuracy|1\n|move|p2a: Glalie|Earthquake|p1a: Kobra\n|-supereffective|p1a: Kobra\n|-damage|p1a: Kobra|39\/100\n|\n|-heal|p1a: Kobra|45\/100|[from] item: Leftovers\n|upkeep\n|turn|17\n|\n|t:|1699573042\n|-terastallize|p1a: Kobra|Flying\n|move|p1a: Kobra|Trailblaze|p2a: Glalie\n|-damage|p2a: Glalie|75\/100\n|-boost|p1a: Kobra|spe|1\n|move|p2a: Glalie|Earthquake|p1a: Kobra\n|-immune|p1a: Kobra\n|\n|-heal|p1a: Kobra|51\/100|[from] item: Leftovers\n|-fieldend|move: Trick Room\n|upkeep\n|turn|18\n|\n|t:|1699573057\n|move|p2a: Glalie|Double-Edge|p1a: Kobra\n|-supereffective|p1a: Kobra\n|-damage|p1a: Kobra|0 fnt\n|faint|p1a: Kobra\n|-damage|p2a: Glalie|57\/100|[from] Recoil\n|\n|upkeep\n|\n|t:|1699573066\n|switch|p1a: Sheddinja|Ninjask, M|100\/100\n|-damage|p1a: Sheddinja|51\/100|[from] Stealth Rock\n|turn|19\n|\n|t:|1699573077\n|switch|p2a: Corphish|Corphish, M|100\/100\n|move|p1a: Sheddinja|Leech Life|p2a: Corphish\n|-damage|p2a: Corphish|30\/100\n|-heal|p1a: Sheddinja|81\/100|[from] drain|[of] p2a: Corphish\n|\n|-ability|p1a: Sheddinja|Speed Boost|boost\n|-boost|p1a: Sheddinja|spe|1\n|upkeep\n|turn|20\n|\n|t:|1699573100\n|move|p1a: Sheddinja|Leech Life|p2a: Corphish\n|-damage|p2a: Corphish|0 fnt\n|-heal|p1a: Sheddinja|94\/100|[from] drain|[of] p2a: Corphish\n|faint|p2a: Corphish\n|\n|-ability|p1a: Sheddinja|Speed Boost|boost\n|-boost|p1a: Sheddinja|spe|1\n|upkeep\n|\n|t:|1699573109\n|switch|p2a: Swellow|Swellow, M|100\/100\n|turn|21\n|\n|t:|1699573117\n|move|p1a: Sheddinja|Leech Life|p2a: Swellow\n|-resisted|p2a: Swellow\n|-damage|p2a: Swellow|68\/100\n|-heal|p1a: Sheddinja|100\/100|[from] drain|[of] p2a: Swellow\n|move|p2a: Swellow|Heat Wave|p1a: Sheddinja\n|-supereffective|p1a: Sheddinja\n|-damage|p1a: Sheddinja|2\/100\n|\n|-heal|p2a: Swellow|74\/100|[from] item: Leftovers\n|-ability|p1a: Sheddinja|Speed Boost|boost\n|-boost|p1a: Sheddinja|spe|1\n|upkeep\n|turn|22\n|\n|t:|1699573132\n|move|p1a: Sheddinja|Flail|p2a: Swellow\n|-damage|p2a: Swellow|0 fnt\n|faint|p2a: Swellow\n|\n|-ability|p1a: Sheddinja|Speed Boost|boost\n|-boost|p1a: Sheddinja|spe|1\n|upkeep\n|\n|t:|1699573140\n|switch|p2a: Glalie|Glalie-Mega, M|57\/100\n|turn|23\n|\n|t:|1699573144\n|move|p1a: Sheddinja|Flail|p2a: Glalie\n|-damage|p2a: Glalie|0 fnt\n|faint|p2a: Glalie\n|\n|-ability|p1a: Sheddinja|Speed Boost|boost\n|-boost|p1a: Sheddinja|spe|1\n|upkeep\n|\n|t:|1699573152\n|switch|p2a: Sceptile|Sceptile, M|100\/100\n|turn|24\n|\n|t:|1699573162\n|-terastallize|p2a: Sceptile|Steel\n|move|p1a: Sheddinja|Flail|p2a: Sceptile\n|-resisted|p2a: Sceptile\n|-damage|p2a: Sceptile|57\/100\n|move|p2a: Sceptile|Acrobatics|p1a: Sheddinja\n|-supereffective|p1a: Sheddinja\n|-damage|p1a: Sheddinja|0 fnt\n|faint|p1a: Sheddinja\n|\n|-heal|p2a: Sceptile|63\/100|[from] item: Leftovers\n|upkeep\n|\n|t:|1699573174\n|switch|p1a: Salad Manss \ud83d\udc85\ud83d\udc85|Salamence, M|75\/100\n|-damage|p1a: Salad Manss \ud83d\udc85\ud83d\udc85|50\/100|[from] Stealth Rock\n|turn|25\n|\n|t:|1699573179\n|move|p1a: Salad Manss \ud83d\udc85\ud83d\udc85|Earthquake|p2a: Sceptile\n|-supereffective|p2a: Sceptile\n|-damage|p2a: Sceptile|0 fnt\n|faint|p2a: Sceptile\n|\n|win|Mitsubishienjoyer\n|raw|Mitsubishienjoyer's rating: 1100 &rarr; <strong>1118<\/strong><br \/>(+18 for winning)\n|raw|jaaas54's rating: 1000 &rarr; <strong>1000<\/strong><br \/>(+0 for losing)\n|l|\u2606jaaas54\n","uploadtime":1699573189,"views":4,"p1id":"mitsubishienjoyer","p2id":"jaaas54","formatid":"gen9nationaldex","rating":1000,"private":0,"password":""}