{"id":"gen9nationaldex-1993218347","p1":"winh","p2":"wyydg","format":"[Gen 9] National Dex","log":"|j|\u2606winh\n|j|\u2606wyydg\n|t:|1700279563\n|gametype|singles\n|player|p1|winh|dawn|1532\n|player|p2|wyydg|hilbert|1490\n|teamsize|p1|6\n|teamsize|p2|6\n|gen|9\n|tier|[Gen 9] National Dex\n|rated|\n|rule|HP Percentage Mod: HP is shown in percentages\n|rule|Endless Battle Clause: Forcing endless battles is banned\n|rule|OHKO Clause: OHKO moves are banned\n|rule|Evasion Clause: Evasion abilities, items, and moves are banned\n|rule|Evasion Abilities Clause: Evasion abilities are banned\n|rule|Evasion Items Clause: Evasion items are banned\n|rule|Evasion Moves Clause: Evasion moves are banned\n|rule|Species Clause: Limit one of each Pok\u00e9mon\n|rule|Sleep Clause Mod: Limit one foe put to sleep\n|clearpoke\n|poke|p1|Pelipper, F|\n|poke|p1|Barraskewda, M|\n|poke|p1|Swampert, M|\n|poke|p1|Moltres|\n|poke|p1|Kingdra, F|\n|poke|p1|Tapu Lele|\n|poke|p2|Landorus-Therian, M|\n|poke|p2|Sinistcha|\n|poke|p2|Scizor, M|\n|poke|p2|Glimmora, M|\n|poke|p2|Espeon, M|\n|poke|p2|Kartana|\n|teampreview\n|inactive|Battle timer is ON: inactive players will automatically lose when time's up. (requested by winh)\n|\n|t:|1700279583\n|start\n|switch|p1a: Barraskewda|Barraskewda, M, shiny|100\/100\n|switch|p2a: Glimmora|Glimmora, M|100\/100\n|turn|1\n|\n|t:|1700279588\n|move|p1a: Barraskewda|Flip Turn|p2a: Glimmora\n|-supereffective|p2a: Glimmora\n|-enditem|p2a: Glimmora|Focus Sash\n|-damage|p2a: Glimmora|1\/100\n|-activate|p2a: Glimmora|ability: Toxic Debris\n|-sidestart|p1: winh|move: Toxic Spikes\n|\n|t:|1700279591\n|switch|p1a: Pelipper|Pelipper, F|100\/100|[from] Flip Turn\n|-weather|RainDance|[from] ability: Drizzle|[of] p1a: Pelipper\n|move|p2a: Glimmora|Sludge Wave|p1a: Pelipper\n|-damage|p1a: Pelipper|37\/100\n|\n|-weather|RainDance|[upkeep]\n|upkeep\n|turn|2\n|\n|t:|1700279610\n|switch|p1a: Moltres|Moltres|100\/100\n|move|p2a: Glimmora|Sludge Wave|p1a: Moltres\n|-damage|p1a: Moltres|48\/100\n|\n|-weather|RainDance|[upkeep]\n|upkeep\n|turn|3\n|\n|t:|1700279615\n|move|p2a: Glimmora|Sludge Wave|p1a: Moltres\n|-damage|p1a: Moltres|0 fnt\n|faint|p1a: Moltres\n|\n|-weather|RainDance|[upkeep]\n|upkeep\n|\n|t:|1700279626\n|switch|p1a: Swampert|Swampert, M|100\/100\n|-status|p1a: Swampert|psn\n|turn|4\n|\n|t:|1700279630\n|detailschange|p1a: Swampert|Swampert-Mega, M\n|-mega|p1a: Swampert|Swampert|Swampertite\n|move|p1a: Swampert|Flip Turn|p2a: Glimmora\n|-supereffective|p2a: Glimmora\n|-damage|p2a: Glimmora|0 fnt\n|-activate|p2a: Glimmora|ability: Toxic Debris\n|-sidestart|p1: winh|move: Toxic Spikes\n|faint|p2a: Glimmora\n|\n|t:|1700279636\n|switch|p1a: Pelipper|Pelipper, F|37\/100|[from] Flip Turn\n|\n|-weather|RainDance|[upkeep]\n|upkeep\n|\n|t:|1700279642\n|switch|p2a: Kartana|Kartana|100\/100\n|turn|5\n|\n|t:|1700279650\n|move|p2a: Kartana|Knock Off|p1a: Pelipper\n|-damage|p1a: Pelipper|5\/100\n|-enditem|p1a: Pelipper|Damp Rock|[from] move: Knock Off|[of] p2a: Kartana\n|move|p1a: Pelipper|Roost|p1a: Pelipper\n|-heal|p1a: Pelipper|56\/100\n|-singleturn|p1a: Pelipper|move: Roost\n|\n|-weather|RainDance|[upkeep]\n|upkeep\n|turn|6\n|\n|t:|1700279657\n|move|p2a: Kartana|Swords Dance|p2a: Kartana\n|-boost|p2a: Kartana|atk|2\n|move|p1a: Pelipper|Defog|p2a: Kartana\n|-unboost|p2a: Kartana|evasion|1\n|-sideend|p1: winh|Toxic Spikes|[from] move: Defog|[of] p1a: Pelipper\n|\n|-weather|RainDance|[upkeep]\n|upkeep\n|turn|7\n|\n|t:|1700279668\n|switch|p1a: Swampert|Swampert-Mega, M|100\/100 psn\n|move|p2a: Kartana|Leaf Blade|p1a: Swampert\n|-supereffective|p1a: Swampert\n|-damage|p1a: Swampert|0 fnt\n|faint|p1a: Swampert\n|-ability|p2a: Kartana|Beast Boost|boost\n|-boost|p2a: Kartana|atk|1\n|\n|-weather|RainDance|[upkeep]\n|upkeep\n|\n|t:|1700279672\n|switch|p1a: Kingdra|Kingdra, F|100\/100\n|turn|8\n|\n|t:|1700279688\n|switch|p2a: Scizor|Scizor, M|100\/100\n|move|p1a: Kingdra|Hurricane|p2a: Scizor\n|-damage|p2a: Scizor|41\/100\n|\n|-weather|none\n|upkeep\n|turn|9\n|\n|t:|1700279698\n|switch|p1a: Pelipper|Pelipper, F|56\/100\n|-weather|RainDance|[from] ability: Drizzle|[of] p1a: Pelipper\n|detailschange|p2a: Scizor|Scizor-Mega, M\n|-mega|p2a: Scizor|Scizor|Scizorite\n|move|p2a: Scizor|U-turn|p1a: Pelipper\n|-resisted|p1a: Pelipper\n|-damage|p1a: Pelipper|41\/100\n|\n|t:|1700279707\n|switch|p2a: Sinistcha|Sinistcha|100\/100|[from] U-turn\n|\n|-weather|RainDance|[upkeep]\n|upkeep\n|turn|10\n|\n|t:|1700279719\n|move|p2a: Sinistcha|Calm Mind|p2a: Sinistcha\n|-boost|p2a: Sinistcha|spa|1\n|-boost|p2a: Sinistcha|spd|1\n|move|p1a: Pelipper|Roost|p1a: Pelipper\n|-heal|p1a: Pelipper|91\/100\n|-singleturn|p1a: Pelipper|move: Roost\n|\n|-weather|RainDance|[upkeep]\n|upkeep\n|turn|11\n|\n|t:|1700279724\n|move|p2a: Sinistcha|Calm Mind|p2a: Sinistcha\n|-boost|p2a: Sinistcha|spa|1\n|-boost|p2a: Sinistcha|spd|1\n|move|p1a: Pelipper|U-turn|p2a: Sinistcha\n|-damage|p2a: Sinistcha|95\/100\n|\n|t:|1700279732\n|switch|p1a: Tapu Lele|Tapu Lele|100\/100|[from] U-turn\n|-fieldstart|move: Psychic Terrain|[from] ability: Psychic Surge|[of] p1a: Tapu Lele\n|\n|-weather|RainDance|[upkeep]\n|-heal|p2a: Sinistcha|100\/100|[from] item: Leftovers\n|upkeep\n|turn|12\n|\n|t:|1700279738\n|-terastallize|p1a: Tapu Lele|Psychic\n|move|p1a: Tapu Lele|Psychic|p2a: Sinistcha\n|-damage|p2a: Sinistcha|32\/100\n|move|p2a: Sinistcha|Matcha Gotcha|p1a: Tapu Lele\n|-damage|p1a: Tapu Lele|34\/100\n|-heal|p2a: Sinistcha|59\/100|[from] drain|[of] p1a: Tapu Lele\n|\n|-weather|RainDance|[upkeep]\n|-heal|p2a: Sinistcha|65\/100|[from] item: Leftovers\n|upkeep\n|turn|13\n|\n|t:|1700279760\n|switch|p2a: Espeon|Espeon, M|100\/100\n|move|p1a: Tapu Lele|Psychic|p2a: Espeon\n|-resisted|p2a: Espeon\n|-damage|p2a: Espeon|33\/100\n|\n|-weather|none\n|upkeep\n|turn|14\n|\n|t:|1700279766\n|switch|p1a: Pelipper|Pelipper, F|91\/100\n|-weather|RainDance|[from] ability: Drizzle|[of] p1a: Pelipper\n|move|p2a: Espeon|Morning Sun|p2a: Espeon\n|-heal|p2a: Espeon|58\/100\n|\n|-weather|RainDance|[upkeep]\n|upkeep\n|turn|15\n|\n|t:|1700279772\n|move|p2a: Espeon|Calm Mind|p2a: Espeon\n|-boost|p2a: Espeon|spa|1\n|-boost|p2a: Espeon|spd|1\n|move|p1a: Pelipper|Hurricane|p2a: Espeon\n|-damage|p2a: Espeon|30\/100\n|\n|-weather|RainDance|[upkeep]\n|-fieldend|move: Psychic Terrain\n|upkeep\n|turn|16\n|\n|t:|1700279779\n|move|p2a: Espeon|Dazzling Gleam|p1a: Pelipper\n|-damage|p1a: Pelipper|43\/100\n|move|p1a: Pelipper|Hurricane|p2a: Espeon\n|-damage|p2a: Espeon|6\/100\n|\n|-weather|RainDance|[upkeep]\n|upkeep\n|turn|17\n|\n|t:|1700279786\n|move|p2a: Espeon|Dazzling Gleam|p1a: Pelipper\n|-damage|p1a: Pelipper|1\/100\n|move|p1a: Pelipper|U-turn|p2a: Espeon\n|-supereffective|p2a: Espeon\n|-damage|p2a: Espeon|0 fnt\n|faint|p2a: Espeon\n|\n|t:|1700279797\n|switch|p1a: Tapu Lele|Tapu Lele, tera:Psychic|34\/100|[from] U-turn\n|-fieldstart|move: Psychic Terrain|[from] ability: Psychic Surge|[of] p1a: Tapu Lele\n|\n|-weather|RainDance|[upkeep]\n|upkeep\n|\n|t:|1700279803\n|switch|p2a: Scizor|Scizor-Mega, M|41\/100\n|turn|18\n|\n|t:|1700279820\n|move|p1a: Tapu Lele|Psychic|p2a: Scizor\n|-resisted|p2a: Scizor\n|-damage|p2a: Scizor|0 fnt\n|faint|p2a: Scizor\n|\n|-weather|none\n|upkeep\n|\n|t:|1700279830\n|switch|p2a: Landorus|Landorus-Therian, M|100\/100\n|-ability|p2a: Landorus|Intimidate|boost\n|-unboost|p1a: Tapu Lele|atk|1\n|turn|19\n|\n|t:|1700279837\n|move|p2a: Landorus|Outrage|p1a: Tapu Lele\n|-damage|p1a: Tapu Lele|0 fnt\n|faint|p1a: Tapu Lele\n|\n|upkeep\n|\n|t:|1700279841\n|switch|p1a: Pelipper|Pelipper, F|1\/100\n|-weather|RainDance|[from] ability: Drizzle|[of] p1a: Pelipper\n|turn|20\n|\n|t:|1700279848\n|move|p2a: Landorus|Outrage|p1a: Pelipper|[from]lockedmove\n|-damage|p1a: Pelipper|0 fnt\n|faint|p1a: Pelipper\n|-start|p2a: Landorus|confusion|[fatigue]\n|\n|-weather|RainDance|[upkeep]\n|upkeep\n|\n|t:|1700279858\n|switch|p1a: Kingdra|Kingdra, F|100\/100\n|turn|21\n|\n|t:|1700279866\n|switch|p2a: Sinistcha|Sinistcha|65\/100\n|move|p1a: Kingdra|Hydro Pump|p2a: Sinistcha|[miss]\n|-miss|p1a: Kingdra|p2a: Sinistcha\n|\n|-weather|RainDance|[upkeep]\n|-heal|p2a: Sinistcha|71\/100|[from] item: Leftovers\n|-fieldend|move: Psychic Terrain\n|upkeep\n|turn|22\n|\n|t:|1700279886\n|move|p1a: Kingdra|Hydro Pump|p2a: Sinistcha|[miss]\n|-miss|p1a: Kingdra|p2a: Sinistcha\n|move|p2a: Sinistcha|Matcha Gotcha|p1a: Kingdra|[miss]\n|-miss|p2a: Sinistcha|p1a: Kingdra\n|\n|-weather|RainDance|[upkeep]\n|-heal|p2a: Sinistcha|77\/100|[from] item: Leftovers\n|upkeep\n|turn|23\n|\n|t:|1700279900\n|move|p1a: Kingdra|Hydro Pump|p2a: Sinistcha\n|-resisted|p2a: Sinistcha\n|-damage|p2a: Sinistcha|11\/100\n|move|p2a: Sinistcha|Matcha Gotcha|p1a: Kingdra\n|-damage|p1a: Kingdra|58\/100\n|-heal|p2a: Sinistcha|29\/100|[from] drain|[of] p1a: Kingdra\n|\n|-weather|RainDance|[upkeep]\n|-heal|p2a: Sinistcha|35\/100|[from] item: Leftovers\n|upkeep\n|turn|24\n|\n|t:|1700279913\n|move|p1a: Kingdra|Hydro Pump|p2a: Sinistcha\n|-resisted|p2a: Sinistcha\n|-damage|p2a: Sinistcha|0 fnt\n|faint|p2a: Sinistcha\n|\n|-weather|none\n|upkeep\n|\n|t:|1700279919\n|switch|p2a: Kartana|Kartana|100\/100\n|turn|25\n|\n|t:|1700279924\n|move|p2a: Kartana|Leaf Blade|p1a: Kingdra\n|-damage|p1a: Kingdra|0 fnt\n|faint|p1a: Kingdra\n|-ability|p2a: Kartana|Beast Boost|boost\n|-boost|p2a: Kartana|atk|1\n|\n|upkeep\n|-message|winh forfeited.\n|\n|win|wyydg\n|raw|winh's rating: 1532 &rarr; <strong>1510<\/strong><br \/>(-22 for losing)\n|raw|wyydg's rating: 1490 &rarr; <strong>1512<\/strong><br \/>(+22 for winning)\n|l|\u2606winh\n","uploadtime":1700279936,"views":19,"p1id":"winh","p2id":"wyydg","formatid":"gen9nationaldex","rating":1510,"private":0,"password":""}