{"id":"gen9nationaldex-1993074338","p1":"SayHi-Or-Whatever","p2":"Dark Umbreon 08","format":"[Gen 9] National Dex","log":"|j|\u2606SayHi-Or-Whatever\n|j|\u2606Dark Umbreon 08\n|t:|1700261819\n|gametype|singles\n|player|p1|SayHi-Or-Whatever|blaine|1124\n|player|p2|Dark Umbreon 08|lass-gen4dp|1218\n|teamsize|p1|6\n|teamsize|p2|6\n|gen|9\n|tier|[Gen 9] National Dex\n|rated|\n|rule|HP Percentage Mod: HP is shown in percentages\n|rule|Endless Battle Clause: Forcing endless battles is banned\n|rule|OHKO Clause: OHKO moves are banned\n|rule|Evasion Clause: Evasion abilities, items, and moves are banned\n|rule|Evasion Abilities Clause: Evasion abilities are banned\n|rule|Evasion Items Clause: Evasion items are banned\n|rule|Evasion Moves Clause: Evasion moves are banned\n|rule|Species Clause: Limit one of each Pok\u00e9mon\n|rule|Sleep Clause Mod: Limit one foe put to sleep\n|clearpoke\n|poke|p1|Armarouge, M|\n|poke|p1|Indeedee, M|\n|poke|p1|Orbeetle, F|\n|poke|p1|Starmie|\n|poke|p1|Swoobat, F|\n|poke|p1|Landorus-Therian, M|\n|poke|p2|Ogerpon-Wellspring, F|\n|poke|p2|Hoopa-Unbound|\n|poke|p2|Gyarados, M|\n|poke|p2|Volcarona, F|\n|poke|p2|Arcanine-Hisui, M|\n|poke|p2|Gliscor, F|\n|teampreview\n|inactive|Battle timer is ON: inactive players will automatically lose when time's up. (requested by Dark Umbreon 08)\n|inactive|SayHi-Or-Whatever has 120 seconds left.\n|\n|t:|1700261867\n|start\n|switch|p1a: Landorus|Landorus-Therian, M|100\/100\n|switch|p2a: Gliscor|Gliscor, F|100\/100\n|-ability|p1a: Landorus|Intimidate|boost\n|-unboost|p2a: Gliscor|atk|1\n|turn|1\n|\n|t:|1700261876\n|move|p1a: Landorus|Stealth Rock|p2a: Gliscor\n|-sidestart|p2: Dark Umbreon 08|move: Stealth Rock\n|move|p2a: Gliscor|Substitute|p2a: Gliscor\n|-start|p2a: Gliscor|Substitute\n|-damage|p2a: Gliscor|76\/100\n|\n|-status|p2a: Gliscor|tox|[from] item: Toxic Orb\n|upkeep\n|turn|2\n|\n|t:|1700261890\n|switch|p1a: Indeedee|Indeedee, M|100\/100\n|-fieldstart|move: Psychic Terrain|[from] ability: Psychic Surge|[of] p1a: Indeedee\n|move|p2a: Gliscor|Swords Dance|p2a: Gliscor\n|-boost|p2a: Gliscor|atk|2\n|\n|-heal|p2a: Gliscor|88\/100 tox|[from] ability: Poison Heal\n|upkeep\n|turn|3\n|\n|t:|1700261896\n|move|p2a: Gliscor|Earthquake|p1a: Indeedee\n|-damage|p1a: Indeedee|0 fnt\n|faint|p1a: Indeedee\n|\n|-heal|p2a: Gliscor|100\/100 tox|[from] ability: Poison Heal\n|upkeep\n|\n|t:|1700261906\n|switch|p1a: Landorus|Landorus-Therian, M|100\/100\n|-ability|p1a: Landorus|Intimidate|boost\n|-immune|p2a: Gliscor\n|turn|4\n|\n|t:|1700261915\n|switch|p2a: Gyarados|Gyarados, M|100\/100\n|-damage|p2a: Gyarados|76\/100|[from] Stealth Rock\n|-ability|p2a: Gyarados|Intimidate|boost\n|-unboost|p1a: Landorus|atk|1\n|move|p1a: Landorus|U-turn|p2a: Gyarados\n|-resisted|p2a: Gyarados\n|-damage|p2a: Gyarados|65\/100\n|\n|t:|1700261920\n|switch|p1a: Swoobat|Swoobat, F|100\/100|[from] U-turn\n|\n|upkeep\n|turn|5\n|\n|t:|1700261923\n|move|p1a: Swoobat|Calm Mind|p1a: Swoobat\n|-boost|p1a: Swoobat|spa|2\n|-boost|p1a: Swoobat|spd|2\n|move|p2a: Gyarados|Dragon Dance|p2a: Gyarados\n|-boost|p2a: Gyarados|atk|1\n|-boost|p2a: Gyarados|spe|1\n|\n|upkeep\n|turn|6\n|\n|t:|1700261930\n|detailschange|p2a: Gyarados|Gyarados-Mega, M\n|-mega|p2a: Gyarados|Gyarados|Gyaradosite\n|-ability|p2a: Gyarados|Mold Breaker\n|move|p2a: Gyarados|Crunch|p1a: Swoobat\n|-supereffective|p1a: Swoobat\n|-enditem|p1a: Swoobat|Focus Sash\n|-damage|p1a: Swoobat|1\/100\n|move|p1a: Swoobat|Psyshock|p2a: Gyarados\n|-immune|p2a: Gyarados\n|\n|upkeep\n|turn|7\n|\n|t:|1700261939\n|move|p2a: Gyarados|Crunch|p1a: Swoobat\n|-supereffective|p1a: Swoobat\n|-damage|p1a: Swoobat|0 fnt\n|faint|p1a: Swoobat\n|\n|upkeep\n|\n|t:|1700261946\n|switch|p1a: Armarouge|Armarouge, M|100\/100\n|turn|8\n|\n|t:|1700261956\n|move|p2a: Gyarados|Waterfall|p1a: Armarouge\n|-supereffective|p1a: Armarouge\n|-enditem|p1a: Armarouge|Focus Sash\n|-damage|p1a: Armarouge|1\/100\n|-ability|p1a: Armarouge|Weak Armor|boost\n|-unboost|p1a: Armarouge|def|1\n|-boost|p1a: Armarouge|spe|2\n|move|p1a: Armarouge|Calm Mind|p1a: Armarouge\n|-boost|p1a: Armarouge|spa|1\n|-boost|p1a: Armarouge|spd|1\n|\n|upkeep\n|turn|9\n|\n|t:|1700261967\n|switch|p2a: Gliscor|Gliscor, F|100\/100 tox\n|-damage|p2a: Gliscor|88\/100 tox|[from] Stealth Rock\n|move|p1a: Armarouge|Armor Cannon|p2a: Gliscor\n|-damage|p2a: Gliscor|0 fnt\n|-unboost|p1a: Armarouge|def|1\n|-unboost|p1a: Armarouge|spd|1\n|faint|p2a: Gliscor\n|\n|-fieldend|move: Psychic Terrain\n|upkeep\n|\n|t:|1700261973\n|switch|p2a: Ogerpon|Ogerpon-Wellspring, F|100\/100\n|-damage|p2a: Ogerpon|88\/100|[from] Stealth Rock\n|turn|10\n|\n|t:|1700261982\n|-terastallize|p2a: Ogerpon|Water\n|detailschange|p2a: Ogerpon|Ogerpon-Wellspring-Tera, F, tera:Water\n|-ability|p2a: Ogerpon|Embody Aspect (Wellspring)|boost\n|-boost|p2a: Ogerpon|spd|1\n|move|p1a: Armarouge|Armor Cannon|p2a: Ogerpon\n|-resisted|p2a: Ogerpon\n|-damage|p2a: Ogerpon|52\/100\n|-unboost|p1a: Armarouge|def|1\n|-unboost|p1a: Armarouge|spd|1\n|move|p2a: Ogerpon|Ivy Cudgel|p1a: Armarouge|[anim] Ivy Cudgel Water\n|-supereffective|p1a: Armarouge\n|-damage|p1a: Armarouge|0 fnt\n|faint|p1a: Armarouge\n|\n|upkeep\n|\n|t:|1700261989\n|switch|p1a: Starmie|Starmie|100\/100\n|turn|11\n|\n|t:|1700261998\n|move|p2a: Ogerpon|Horn Leech|p1a: Starmie\n|-supereffective|p1a: Starmie\n|-damage|p1a: Starmie|0 fnt\n|-heal|p2a: Ogerpon|100\/100|[from] drain|[of] p1a: Starmie\n|faint|p1a: Starmie\n|\n|upkeep\n|-message|SayHi-Or-Whatever forfeited.\n|\n|win|Dark Umbreon 08\n|raw|SayHi-Or-Whatever's rating: 1124 &rarr; <strong>1106<\/strong><br \/>(-18 for losing)\n|raw|Dark Umbreon 08's rating: 1218 &rarr; <strong>1236<\/strong><br \/>(+18 for winning)\n|l|\u2606SayHi-Or-Whatever\n","uploadtime":1700262013,"views":6,"p1id":"sayhiorwhatever","p2id":"darkumbreon08","formatid":"gen9nationaldex","rating":1106,"private":0,"password":""}