{"id":"gen9nationaldex-1998792941","p1":"NeverGP","p2":"idwululu","format":"[Gen 9] National Dex","log":"|html|<div class=\"broadcast-blue\"><strong>[Gen 9] National Dex is currently suspecting Sneasler! For information on how to participate check out the <a href=\"https:\/\/www.smogon.com\/forums\/threads\/sv-national-dex-suspect-8-just-dance.3731534\/\">suspect thread<\/a>.<\/strong><\/div>\n|j|\u2606NeverGP\n|j|\u2606idwululu\n|t:|1700992022\n|gametype|singles\n|player|p1|NeverGP|2|1471\n|player|p2|idwululu|marshal|1452\n|teamsize|p1|6\n|teamsize|p2|6\n|gen|9\n|tier|[Gen 9] National Dex\n|rated|\n|rule|HP Percentage Mod: HP is shown in percentages\n|rule|Endless Battle Clause: Forcing endless battles is banned\n|rule|OHKO Clause: OHKO moves are banned\n|rule|Evasion Clause: Evasion abilities, items, and moves are banned\n|rule|Evasion Abilities Clause: Evasion abilities are banned\n|rule|Evasion Items Clause: Evasion items are banned\n|rule|Evasion Moves Clause: Evasion moves are banned\n|rule|Species Clause: Limit one of each Pok\u00e9mon\n|rule|Sleep Clause Mod: Limit one foe put to sleep\n|clearpoke\n|poke|p1|Banette, M|\n|poke|p1|Rillaboom, M|\n|poke|p1|Slowking-Galar, M|\n|poke|p1|Garganacl, M|\n|poke|p1|Great Tusk|\n|poke|p1|Moltres|\n|poke|p2|Ninetales-Alola, M|\n|poke|p2|Celesteela|\n|poke|p2|Lycanroc-Dusk, F|\n|poke|p2|Charizard, M|\n|poke|p2|Zamazenta-*|\n|poke|p2|Urshifu-*, F|\n|teampreview\n|inactive|Battle timer is ON: inactive players will automatically lose when time's up. (requested by idwululu)\n|\n|t:|1700992042\n|start\n|switch|p1a: Moltres|Moltres|100\/100\n|switch|p2a: Lycanroc|Lycanroc-Dusk, F, shiny|100\/100\n|turn|1\n|\n|t:|1700992051\n|switch|p1a: Great Tusk|Great Tusk|100\/100\n|move|p2a: Lycanroc|Accelerock|p1a: Great Tusk\n|-resisted|p1a: Great Tusk\n|-damage|p1a: Great Tusk|96\/100\n|\n|upkeep\n|turn|2\n|\n|t:|1700992061\n|switch|p2a: Ninetales|Ninetales-Alola, M|100\/100\n|-weather|Snow|[from] ability: Snow Warning|[of] p2a: Ninetales\n|move|p1a: Great Tusk|Head Smash|p2a: Ninetales|[miss]\n|-miss|p1a: Great Tusk|p2a: Ninetales\n|\n|-weather|Snow|[upkeep]\n|upkeep\n|turn|3\n|\n|t:|1700992077\n|switch|p2a: Urshifu|Urshifu-Rapid-Strike, F|100\/100\n|-end|p1a: Great Tusk|Protosynthesis|[silent]\n|switch|p1a: Moltres|Moltres|100\/100\n|\n|-weather|Snow|[upkeep]\n|upkeep\n|turn|4\n|\n|t:|1700992088\n|-terastallize|p1a: Moltres|Water\n|move|p2a: Urshifu|Surging Strikes|p1a: Moltres\n|-resisted|p1a: Moltres\n|-crit|p1a: Moltres\n|-damage|p1a: Moltres|93\/100\n|-resisted|p1a: Moltres\n|-crit|p1a: Moltres\n|-damage|p1a: Moltres|85\/100\n|-resisted|p1a: Moltres\n|-crit|p1a: Moltres\n|-damage|p1a: Moltres|77\/100\n|-hitcount|p1a: Moltres|3\n|move|p1a: Moltres|Sunny Day|p1a: Moltres\n|-weather|SunnyDay\n|\n|-weather|SunnyDay|[upkeep]\n|upkeep\n|turn|5\n|\n|t:|1700992100\n|switch|p2a: Charizard|Charizard, M, shiny|100\/100\n|move|p1a: Moltres|U-turn|p2a: Charizard\n|-resisted|p2a: Charizard\n|-damage|p2a: Charizard|96\/100\n|\n|t:|1700992107\n|switch|p1a: Garganacl|Garganacl, M|100\/100|[from] U-turn\n|\n|-weather|SunnyDay|[upkeep]\n|upkeep\n|turn|6\n|\n|t:|1700992120\n|switch|p2a: Ninetales|Ninetales-Alola, M|100\/100\n|-weather|Snow|[from] ability: Snow Warning|[of] p2a: Ninetales\n|move|p1a: Garganacl|Stealth Rock|p2a: Ninetales\n|-sidestart|p2: idwululu|move: Stealth Rock\n|\n|-weather|Snow|[upkeep]\n|upkeep\n|turn|7\n|\n|t:|1700992124\n|switch|p1a: Moltres|Moltres, tera:Water|77\/100\n|move|p2a: Ninetales|Encore||[still]\n|-fail|p2a: Ninetales\n|\n|-weather|Snow|[upkeep]\n|upkeep\n|turn|8\n|\n|t:|1700992141\n|switch|p1a: Garganacl|Garganacl, M|100\/100\n|move|p2a: Ninetales|Freeze-Dry|p1a: Garganacl\n|-damage|p1a: Garganacl|86\/100\n|\n|-weather|Snow|[upkeep]\n|-heal|p1a: Garganacl|93\/100|[from] item: Leftovers\n|upkeep\n|turn|9\n|\n|t:|1700992148\n|move|p2a: Ninetales|Aurora Veil|p2a: Ninetales\n|-sidestart|p2: idwululu|move: Aurora Veil\n|move|p1a: Garganacl|Salt Cure|p2a: Ninetales\n|-supereffective|p2a: Ninetales\n|-damage|p2a: Ninetales|88\/100\n|-start|p2a: Ninetales|Salt Cure\n|\n|-weather|Snow|[upkeep]\n|-heal|p1a: Garganacl|99\/100|[from] item: Leftovers\n|-damage|p2a: Ninetales|76\/100|[from] Salt Cure\n|upkeep\n|turn|10\n|\n|t:|1700992167\n|switch|p2a: Urshifu|Urshifu-Rapid-Strike, F|100\/100\n|-damage|p2a: Urshifu|94\/100|[from] Stealth Rock\n|move|p1a: Garganacl|Salt Cure|p2a: Urshifu\n|-resisted|p2a: Urshifu\n|-damage|p2a: Urshifu|91\/100\n|-start|p2a: Urshifu|Salt Cure\n|\n|-weather|none\n|-heal|p1a: Garganacl|100\/100|[from] item: Leftovers\n|-damage|p2a: Urshifu|66\/100|[from] Salt Cure\n|upkeep\n|turn|11\n|\n|t:|1700992175\n|switch|p1a: Moltres|Moltres, tera:Water|77\/100\n|move|p2a: Urshifu|Swords Dance|p2a: Urshifu\n|-boost|p2a: Urshifu|atk|2\n|\n|-damage|p2a: Urshifu|41\/100|[from] Salt Cure\n|upkeep\n|turn|12\n|\n|t:|1700992187\n|switch|p1a: Banette|Banette, M|100\/100\n|-item|p2a: Urshifu|Punching Glove|[from] ability: Frisk|[of] p1a: Banette|[identify]\n|move|p2a: Urshifu|Close Combat|p1a: Banette\n|-immune|p1a: Banette\n|\n|-damage|p2a: Urshifu|16\/100|[from] Salt Cure\n|upkeep\n|turn|13\n|\n|t:|1700992196\n|detailschange|p1a: Banette|Banette-Mega, M\n|-mega|p1a: Banette|Banette|Banettite\n|move|p1a: Banette|Encore|p2a: Urshifu\n|-start|p2a: Urshifu|Encore\n|move|p2a: Urshifu|Close Combat|p1a: Banette\n|-immune|p1a: Banette\n|\n|-damage|p2a: Urshifu|0 fnt|[from] Salt Cure\n|faint|p2a: Urshifu\n|upkeep\n|\n|t:|1700992207\n|switch|p2a: Charizard|Charizard, M, shiny|96\/100\n|-damage|p2a: Charizard|46\/100|[from] Stealth Rock\n|turn|14\n|\n|t:|1700992225\n|switch|p1a: Moltres|Moltres, tera:Water|77\/100\n|detailschange|p2a: Charizard|Charizard-Mega-X, M, shiny\n|-mega|p2a: Charizard|Charizard|Charizardite X\n|move|p2a: Charizard|Earthquake|p1a: Moltres\n|-damage|p1a: Moltres|53\/100\n|\n|upkeep\n|turn|15\n|\n|t:|1700992235\n|move|p2a: Charizard|Earthquake|p1a: Moltres\n|-damage|p1a: Moltres|31\/100\n|move|p1a: Moltres|U-turn|p2a: Charizard\n|-resisted|p2a: Charizard\n|-damage|p2a: Charizard|42\/100\n|\n|t:|1700992241\n|switch|p1a: Great Tusk|Great Tusk|96\/100|[from] U-turn\n|\n|upkeep\n|turn|16\n|\n|t:|1700992252\n|switch|p2a: Celesteela|Celesteela, shiny|100\/100\n|-damage|p2a: Celesteela|88\/100|[from] Stealth Rock\n|-zpower|p1a: Great Tusk\n|move|p1a: Great Tusk|Continental Crush|p2a: Celesteela|[zeffect]\n|-damage|p2a: Celesteela|55\/100\n|\n|-sideend|p2: idwululu|move: Aurora Veil\n|upkeep\n|turn|17\n|\n|t:|1700992266\n|-end|p1a: Great Tusk|Protosynthesis|[silent]\n|switch|p1a: Slowking|Slowking-Galar, M|100\/100\n|move|p2a: Celesteela|Autotomize|p2a: Celesteela\n|-boost|p2a: Celesteela|spe|2\n|-start|p2a: Celesteela|Autotomize\n|\n|upkeep\n|turn|18\n|\n|t:|1700992272\n|move|p2a: Celesteela|Meteor Beam||[still]\n|-prepare|p2a: Celesteela|Meteor Beam\n|-boost|p2a: Celesteela|spa|1\n|-enditem|p2a: Celesteela|Power Herb\n|-anim|p2a: Celesteela|Meteor Beam|p1a: Slowking\n|-damage|p1a: Slowking|63\/100\n|move|p1a: Slowking|Fire Blast|p2a: Celesteela\n|-supereffective|p2a: Celesteela\n|-damage|p2a: Celesteela|0 fnt\n|faint|p2a: Celesteela\n|\n|upkeep\n|-message|idwululu forfeited.\n|\n|win|NeverGP\n|raw|NeverGP's rating: 1471 &rarr; <strong>1490<\/strong><br \/>(+19 for winning)\n|raw|idwululu's rating: 1452 &rarr; <strong>1433<\/strong><br \/>(-19 for losing)\n|l|\u2606idwululu\n","uploadtime":1700992288,"views":9,"p1id":"nevergp","p2id":"idwululu","formatid":"gen9nationaldex","rating":1433,"private":0,"password":""}