{"id":"gen9nationaldex-1993291994","p1":"Kazeshini95","p2":"Anakima","format":"[Gen 9] National Dex","log":"|j|\u2606Kazeshini95\n|j|\u2606Anakima\n|t:|1700291730\n|gametype|singles\n|player|p1|Kazeshini95|wallace|1225\n|player|p2|Anakima|sabrina|1278\n|teamsize|p1|6\n|teamsize|p2|6\n|gen|9\n|tier|[Gen 9] National Dex\n|rated|\n|rule|HP Percentage Mod: HP is shown in percentages\n|rule|Endless Battle Clause: Forcing endless battles is banned\n|rule|OHKO Clause: OHKO moves are banned\n|rule|Evasion Clause: Evasion abilities, items, and moves are banned\n|rule|Evasion Abilities Clause: Evasion abilities are banned\n|rule|Evasion Items Clause: Evasion items are banned\n|rule|Evasion Moves Clause: Evasion moves are banned\n|rule|Species Clause: Limit one of each Pok\u00e9mon\n|rule|Sleep Clause Mod: Limit one foe put to sleep\n|clearpoke\n|poke|p1|Rillaboom, F|\n|poke|p1|Pelipper, F|\n|poke|p1|Ferrothorn, F|\n|poke|p1|Ogerpon-Wellspring, F|\n|poke|p1|Shiftry, F|\n|poke|p1|Thwackey, M|\n|poke|p2|Tyranitar, M|\n|poke|p2|Excadrill, M|\n|poke|p2|Ting-Lu|\n|poke|p2|Diancie|\n|poke|p2|Ogerpon-Wellspring, F|\n|poke|p2|Mandibuzz, F|\n|teampreview\n|\n|t:|1700291735\n|start\n|switch|p1a: Ferrothorn|Ferrothorn, F|100\/100\n|switch|p2a: Diancie|Diancie, shiny|100\/100\n|turn|1\n|\n|t:|1700291742\n|detailschange|p2a: Diancie|Diancie-Mega, shiny\n|-mega|p2a: Diancie|Diancie|Diancite\n|move|p2a: Diancie|Mystical Fire|p1a: Ferrothorn\n|-supereffective|p1a: Ferrothorn\n|-damage|p1a: Ferrothorn|0 fnt\n|faint|p1a: Ferrothorn\n|\n|upkeep\n|\n|t:|1700291747\n|switch|p1a: Pelipper|Pelipper, F|100\/100\n|-weather|RainDance|[from] ability: Drizzle|[of] p1a: Pelipper\n|turn|2\n|\n|t:|1700291756\n|switch|p2a: Tyranitar|Tyranitar, M|100\/100\n|-weather|Sandstorm|[from] ability: Sand Stream|[of] p2a: Tyranitar\n|move|p1a: Pelipper|Tailwind|p1a: Pelipper\n|-sidestart|p1: Kazeshini95|move: Tailwind\n|\n|-weather|Sandstorm|[upkeep]\n|-damage|p1a: Pelipper|94\/100|[from] Sandstorm\n|upkeep\n|turn|3\n|\n|t:|1700291773\n|switch|p1a: Thwackey|Thwackey, M|100\/100\n|-fieldstart|move: Grassy Terrain|[from] ability: Grassy Surge|[of] p1a: Thwackey\n|move|p2a: Tyranitar|Dragon Dance|p2a: Tyranitar\n|-boost|p2a: Tyranitar|atk|1\n|-boost|p2a: Tyranitar|spe|1\n|\n|-weather|Sandstorm|[upkeep]\n|-damage|p1a: Thwackey|94\/100|[from] Sandstorm\n|-heal|p1a: Thwackey|100\/100|[from] Grassy Terrain\n|upkeep\n|turn|4\n|\n|t:|1700291787\n|move|p1a: Thwackey|Fake Out|p2a: Tyranitar\n|-resisted|p2a: Tyranitar\n|-damage|p2a: Tyranitar|96\/100\n|cant|p2a: Tyranitar|flinch\n|\n|-weather|Sandstorm|[upkeep]\n|-damage|p1a: Thwackey|94\/100|[from] Sandstorm\n|-heal|p1a: Thwackey|100\/100|[from] Grassy Terrain\n|-heal|p2a: Tyranitar|100\/100|[from] Grassy Terrain\n|upkeep\n|turn|5\n|\n|t:|1700291797\n|move|p1a: Thwackey|Taunt|p2a: Tyranitar\n|-start|p2a: Tyranitar|move: Taunt\n|move|p2a: Tyranitar|Stone Edge|p1a: Thwackey\n|-damage|p1a: Thwackey|47\/100\n|\n|-weather|Sandstorm|[upkeep]\n|-damage|p1a: Thwackey|41\/100|[from] Sandstorm\n|-heal|p1a: Thwackey|47\/100|[from] Grassy Terrain\n|-sideend|p1: Kazeshini95|move: Tailwind\n|upkeep\n|turn|6\n|\n|t:|1700291809\n|move|p2a: Tyranitar|Stone Edge|p1a: Thwackey\n|-damage|p1a: Thwackey|0 fnt\n|faint|p1a: Thwackey\n|\n|-weather|Sandstorm|[upkeep]\n|upkeep\n|\n|t:|1700291830\n|switch|p1a: Ogerpon|Ogerpon-Wellspring, F|100\/100\n|turn|7\n|\n|t:|1700291842\n|switch|p2a: Mandibuzz|Mandibuzz, F, shiny|100\/100\n|move|p1a: Ogerpon|Substitute|p1a: Ogerpon\n|-start|p1a: Ogerpon|Substitute\n|-damage|p1a: Ogerpon|76\/100\n|\n|-weather|Sandstorm|[upkeep]\n|-damage|p1a: Ogerpon|70\/100|[from] Sandstorm\n|-heal|p1a: Ogerpon|76\/100|[from] Grassy Terrain\n|-fieldend|move: Grassy Terrain\n|upkeep\n|turn|8\n|\n|t:|1700291854\n|move|p1a: Ogerpon|Swords Dance|p1a: Ogerpon\n|-boost|p1a: Ogerpon|atk|2\n|move|p2a: Mandibuzz|Hurricane|p1a: Ogerpon\n|-supereffective|p1a: Ogerpon\n|-end|p1a: Ogerpon|Substitute\n|\n|-weather|Sandstorm|[upkeep]\n|-damage|p1a: Ogerpon|70\/100|[from] Sandstorm\n|upkeep\n|turn|9\n|\n|t:|1700291864\n|move|p1a: Ogerpon|Substitute|p1a: Ogerpon\n|-start|p1a: Ogerpon|Substitute\n|-damage|p1a: Ogerpon|45\/100\n|move|p2a: Mandibuzz|Toxic||[still]\n|-fail|p2a: Mandibuzz\n|\n|-weather|none\n|upkeep\n|turn|10\n|\n|t:|1700291881\n|-terastallize|p1a: Ogerpon|Water\n|detailschange|p1a: Ogerpon|Ogerpon-Wellspring-Tera, F, tera:Water\n|-ability|p1a: Ogerpon|Embody Aspect (Wellspring)|boost\n|-boost|p1a: Ogerpon|spd|1\n|move|p1a: Ogerpon|Ivy Cudgel|p2a: Mandibuzz|[anim] Ivy Cudgel Water\n|-damage|p2a: Mandibuzz|12\/100\n|move|p2a: Mandibuzz|Hurricane|p1a: Ogerpon|[miss]\n|-miss|p2a: Mandibuzz|p1a: Ogerpon\n|\n|upkeep\n|turn|11\n|\n|t:|1700291894\n|move|p1a: Ogerpon|Ivy Cudgel|p2a: Mandibuzz|[anim] Ivy Cudgel Water\n|-crit|p2a: Mandibuzz\n|-damage|p2a: Mandibuzz|0 fnt\n|faint|p2a: Mandibuzz\n|\n|upkeep\n|\n|t:|1700291903\n|switch|p2a: Ogerpon|Ogerpon-Wellspring, F|100\/100\n|turn|12\n|\n|t:|1700291907\n|move|p1a: Ogerpon|Spiky Shield|p1a: Ogerpon\n|-singleturn|p1a: Ogerpon|move: Protect\n|move|p2a: Ogerpon|Horn Leech|p1a: Ogerpon\n|-activate|p1a: Ogerpon|move: Protect\n|-damage|p2a: Ogerpon|88\/100|[from] Spiky Shield|[of] p1a: Ogerpon\n|\n|upkeep\n|turn|13\n|\n|t:|1700291919\n|switch|p1a: Rillaboom|Rillaboom, F, shiny|100\/100\n|-fieldstart|move: Grassy Terrain|[from] ability: Grassy Surge|[of] p1a: Rillaboom\n|move|p2a: Ogerpon|Horn Leech|p1a: Rillaboom\n|-resisted|p1a: Rillaboom\n|-damage|p1a: Rillaboom|71\/100\n|-heal|p2a: Ogerpon|100\/100|[from] drain|[of] p1a: Rillaboom\n|\n|-heal|p1a: Rillaboom|77\/100|[from] Grassy Terrain\n|upkeep\n|turn|14\n|\n|t:|1700291930\n|move|p1a: Rillaboom|Fake Out|p2a: Ogerpon\n|-damage|p2a: Ogerpon|84\/100\n|cant|p2a: Ogerpon|flinch\n|\n|-heal|p2a: Ogerpon|90\/100|[from] Grassy Terrain\n|-heal|p1a: Rillaboom|83\/100|[from] Grassy Terrain\n|upkeep\n|turn|15\n|\n|t:|1700291945\n|move|p2a: Ogerpon|U-turn|p1a: Rillaboom\n|-supereffective|p1a: Rillaboom\n|-damage|p1a: Rillaboom|22\/100\n|\n|t:|1700291955\n|switch|p2a: Diancie|Diancie-Mega, shiny|100\/100|[from] U-turn\n|move|p1a: Rillaboom|Wood Hammer|p2a: Diancie\n|-supereffective|p2a: Diancie\n|-damage|p2a: Diancie|0 fnt\n|faint|p2a: Diancie\n|-damage|p1a: Rillaboom|0 fnt|[from] Recoil\n|faint|p1a: Rillaboom\n|\n|upkeep\n|\n|t:|1700291974\n|switch|p2a: Tyranitar|Tyranitar, M|100\/100\n|switch|p1a: Pelipper|Pelipper, F|94\/100\n|-weather|Sandstorm|[from] ability: Sand Stream|[of] p2a: Tyranitar\n|-weather|RainDance|[from] ability: Drizzle|[of] p1a: Pelipper\n|turn|16\n|\n|t:|1700291984\n|switch|p2a: Ting-Lu|Ting-Lu|100\/100\n|-ability|p2a: Ting-Lu|Vessel of Ruin\n|move|p1a: Pelipper|Tailwind|p1a: Pelipper\n|-sidestart|p1: Kazeshini95|move: Tailwind\n|\n|-weather|RainDance|[upkeep]\n|upkeep\n|turn|17\n|\n|t:|1700291995\n|switch|p1a: Shiftry|Shiftry, F|100\/100\n|-ability|p1a: Shiftry|Wind Rider|boost\n|-boost|p1a: Shiftry|atk|1\n|move|p2a: Ting-Lu|Stealth Rock|p1a: Shiftry\n|-sidestart|p1: Kazeshini95|move: Stealth Rock\n|\n|-weather|RainDance|[upkeep]\n|upkeep\n|turn|18\n|\n|t:|1700292005\n|move|p1a: Shiftry|Nasty Plot|p1a: Shiftry\n|-boost|p1a: Shiftry|spa|2\n|move|p2a: Ting-Lu|Spikes|p1a: Shiftry\n|-sidestart|p1: Kazeshini95|Spikes\n|\n|-weather|RainDance|[upkeep]\n|upkeep\n|turn|19\n|\n|t:|1700292013\n|move|p1a: Shiftry|Hurricane|p2a: Ting-Lu\n|-damage|p2a: Ting-Lu|67\/100\n|-start|p2a: Ting-Lu|confusion\n|-activate|p2a: Ting-Lu|confusion\n|move|p2a: Ting-Lu|Spikes|p1a: Shiftry\n|-sidestart|p1: Kazeshini95|Spikes\n|\n|-weather|RainDance|[upkeep]\n|-heal|p2a: Ting-Lu|73\/100|[from] Grassy Terrain\n|-heal|p2a: Ting-Lu|80\/100|[from] item: Leftovers\n|-sideend|p1: Kazeshini95|move: Tailwind\n|upkeep\n|turn|20\n|\n|t:|1700292026\n|move|p1a: Shiftry|Nasty Plot|p1a: Shiftry\n|-boost|p1a: Shiftry|spa|2\n|-end|p2a: Ting-Lu|confusion\n|move|p2a: Ting-Lu|Spikes|p1a: Shiftry\n|-sidestart|p1: Kazeshini95|Spikes\n|\n|-weather|RainDance|[upkeep]\n|-heal|p2a: Ting-Lu|86\/100|[from] Grassy Terrain\n|-heal|p2a: Ting-Lu|92\/100|[from] item: Leftovers\n|-fieldend|move: Grassy Terrain\n|upkeep\n|turn|21\n|\n|t:|1700292037\n|move|p1a: Shiftry|Hurricane|p2a: Ting-Lu\n|-damage|p2a: Ting-Lu|35\/100\n|move|p2a: Ting-Lu|Whirlwind|p1a: Shiftry\n|-ability|p1a: Shiftry|Wind Rider|boost\n|-boost|p1a: Shiftry|atk|1\n|\n|-weather|RainDance|[upkeep]\n|-heal|p2a: Ting-Lu|41\/100|[from] item: Leftovers\n|upkeep\n|turn|22\n|\n|t:|1700292049\n|move|p1a: Shiftry|Hurricane|p2a: Ting-Lu\n|-damage|p2a: Ting-Lu|0 fnt\n|faint|p2a: Ting-Lu\n|\n|-weather|RainDance|[upkeep]\n|upkeep\n|\n|t:|1700292055\n|switch|p2a: Tyranitar|Tyranitar, M|100\/100\n|-weather|Sandstorm|[from] ability: Sand Stream|[of] p2a: Tyranitar\n|turn|23\n|\n|t:|1700292066\n|switch|p2a: Ogerpon|Ogerpon-Wellspring, F|90\/100\n|move|p1a: Shiftry|Dark Pulse|p2a: Ogerpon\n|-damage|p2a: Ogerpon|0 fnt\n|faint|p2a: Ogerpon\n|\n|-weather|Sandstorm|[upkeep]\n|-damage|p1a: Shiftry|94\/100|[from] Sandstorm\n|upkeep\n|\n|t:|1700292075\n|switch|p2a: acrid risk of rain|Excadrill, M, shiny|100\/100\n|turn|24\n|\n|t:|1700292091\n|move|p2a: acrid risk of rain|Iron Head|p1a: Shiftry\n|-damage|p1a: Shiftry|0 fnt\n|faint|p1a: Shiftry\n|-damage|p2a: acrid risk of rain|91\/100|[from] item: Life Orb\n|\n|-weather|Sandstorm|[upkeep]\n|upkeep\n|\n|t:|1700292094\n|switch|p1a: Pelipper|Pelipper, F|94\/100\n|-damage|p1a: Pelipper|70\/100|[from] Stealth Rock\n|-weather|RainDance|[from] ability: Drizzle|[of] p1a: Pelipper\n|turn|25\n|\n|t:|1700292104\n|switch|p2a: Tyranitar|Tyranitar, M|100\/100\n|-weather|Sandstorm|[from] ability: Sand Stream|[of] p2a: Tyranitar\n|move|p1a: Pelipper|Defog|p2a: Tyranitar\n|-unboost|p2a: Tyranitar|evasion|1\n|-sideend|p1: Kazeshini95|Spikes|[from] move: Defog|[of] p1a: Pelipper\n|-sideend|p1: Kazeshini95|Stealth Rock|[from] move: Defog|[of] p1a: Pelipper\n|\n|-weather|Sandstorm|[upkeep]\n|-damage|p1a: Pelipper|63\/100|[from] Sandstorm\n|upkeep\n|turn|26\n|\n|t:|1700292117\n|move|p2a: Tyranitar|Stone Edge|p1a: Pelipper\n|-supereffective|p1a: Pelipper\n|-damage|p1a: Pelipper|0 fnt\n|faint|p1a: Pelipper\n|\n|-weather|Sandstorm|[upkeep]\n|upkeep\n|\n|t:|1700292121\n|switch|p1a: Ogerpon|Ogerpon-Wellspring-Tera, F, tera:Water|45\/100\n|-ability|p1a: Ogerpon|Embody Aspect (Wellspring)|boost\n|-boost|p1a: Ogerpon|spd|1\n|turn|27\n|\n|t:|1700292127\n|move|p1a: Ogerpon|Substitute|p1a: Ogerpon\n|-start|p1a: Ogerpon|Substitute\n|-damage|p1a: Ogerpon|20\/100\n|move|p2a: Tyranitar|Stone Edge|p1a: Ogerpon\n|-end|p1a: Ogerpon|Substitute\n|\n|-weather|Sandstorm|[upkeep]\n|-damage|p1a: Ogerpon|14\/100|[from] Sandstorm\n|upkeep\n|turn|28\n|\n|t:|1700292138\n|move|p1a: Ogerpon|Ivy Cudgel|p2a: Tyranitar|[anim] Ivy Cudgel Water\n|-supereffective|p2a: Tyranitar\n|-crit|p2a: Tyranitar\n|-damage|p2a: Tyranitar|0 fnt\n|faint|p2a: Tyranitar\n|\n|-weather|Sandstorm|[upkeep]\n|-damage|p1a: Ogerpon|8\/100|[from] Sandstorm\n|upkeep\n|\n|t:|1700292146\n|switch|p2a: acrid risk of rain|Excadrill, M, shiny|91\/100\n|turn|29\n|\n|t:|1700292151\n|move|p1a: Ogerpon|Spiky Shield|p1a: Ogerpon\n|-singleturn|p1a: Ogerpon|move: Protect\n|move|p2a: acrid risk of rain|Earthquake|p1a: Ogerpon\n|-activate|p1a: Ogerpon|move: Protect\n|\n|-weather|Sandstorm|[upkeep]\n|-damage|p1a: Ogerpon|2\/100|[from] Sandstorm\n|upkeep\n|turn|30\n|\n|t:|1700292160\n|move|p2a: acrid risk of rain|Earthquake|p1a: Ogerpon\n|-damage|p1a: Ogerpon|0 fnt\n|faint|p1a: Ogerpon\n|-damage|p2a: acrid risk of rain|81\/100|[from] item: Life Orb\n|\n|win|Anakima\n|raw|Kazeshini95's rating: 1225 &rarr; <strong>1204<\/strong><br \/>(-21 for losing)\n|raw|Anakima's rating: 1278 &rarr; <strong>1299<\/strong><br \/>(+21 for winning)\n","uploadtime":1700292168,"views":18,"p1id":"kazeshini95","p2id":"anakima","formatid":"gen9nationaldex","rating":1204,"private":0,"password":""}