{"id":"gen9nationaldex-1998796393","p1":"eelektrik funeral","p2":"A-Grade","format":"[Gen 9] National Dex","log":"|html|<div class=\"broadcast-blue\"><strong>[Gen 9] National Dex is currently suspecting Sneasler! For information on how to participate check out the <a href=\"https:\/\/www.smogon.com\/forums\/threads\/sv-national-dex-suspect-8-just-dance.3731534\/\">suspect thread<\/a>.<\/strong><\/div>\n|j|\u2606eelektrik funeral\n|j|\u2606A-Grade\n|t:|1700992737\n|gametype|singles\n|player|p1|eelektrik funeral|workerice|1256\n|player|p2|A-Grade|102|1296\n|teamsize|p1|6\n|teamsize|p2|6\n|gen|9\n|tier|[Gen 9] National Dex\n|rated|\n|rule|HP Percentage Mod: HP is shown in percentages\n|rule|Endless Battle Clause: Forcing endless battles is banned\n|rule|OHKO Clause: OHKO moves are banned\n|rule|Evasion Clause: Evasion abilities, items, and moves are banned\n|rule|Evasion Abilities Clause: Evasion abilities are banned\n|rule|Evasion Items Clause: Evasion items are banned\n|rule|Evasion Moves Clause: Evasion moves are banned\n|rule|Species Clause: Limit one of each Pok\u00e9mon\n|rule|Sleep Clause Mod: Limit one foe put to sleep\n|clearpoke\n|poke|p1|Araquanid, M|\n|poke|p1|Pelipper, M|\n|poke|p1|Swampert, F|\n|poke|p1|Tangrowth, F|\n|poke|p1|Tapu Fini|\n|poke|p1|Thundurus-Therian, M|\n|poke|p2|Zapdos|\n|poke|p2|Tapu Lele|\n|poke|p2|Pelipper, F|\n|poke|p2|Ferrothorn, M|\n|poke|p2|Barraskewda, M|\n|poke|p2|Manaphy|\n|teampreview\n|\n|t:|1700992760\n|start\n|switch|p1a: Tapu Fini|Tapu Fini, shiny|100\/100\n|switch|p2a: Pelipper|Pelipper, F|100\/100\n|-fieldstart|move: Misty Terrain|[from] ability: Misty Surge|[of] p1a: Tapu Fini\n|-weather|RainDance|[from] ability: Drizzle|[of] p2a: Pelipper\n|turn|1\n|\n|t:|1700992769\n|switch|p1a: Thundurus|Thundurus-Therian, M|100\/100\n|move|p2a: Pelipper|U-turn|p1a: Thundurus\n|-resisted|p1a: Thundurus\n|-damage|p1a: Thundurus|94\/100\n|\n|t:|1700992777\n|switch|p2a: Barraskewda|Barraskewda, M|100\/100|[from] U-turn\n|\n|-weather|RainDance|[upkeep]\n|upkeep\n|turn|2\n|\n|t:|1700992781\n|switch|p1a: Tangrowth|Tangrowth, F|100\/100\n|move|p2a: Barraskewda|Flip Turn|p1a: Tangrowth\n|-resisted|p1a: Tangrowth\n|-damage|p1a: Tangrowth|82\/100\n|-damage|p2a: Barraskewda|91\/100|[from] item: Life Orb\n|\n|t:|1700992789\n|switch|p2a: Zapdos|Zapdos|100\/100|[from] Flip Turn\n|\n|-weather|RainDance|[upkeep]\n|upkeep\n|turn|3\n|\n|t:|1700992800\n|switch|p1a: Thundurus|Thundurus-Therian, M|94\/100\n|move|p2a: Zapdos|Weather Ball|p1a: Thundurus\n|-damage|p1a: Thundurus|31\/100\n|\n|-weather|RainDance|[upkeep]\n|upkeep\n|turn|4\n|\n|t:|1700992817\n|move|p1a: Thundurus|Weather Ball|p2a: Zapdos\n|-damage|p2a: Zapdos|8\/100\n|move|p2a: Zapdos|Weather Ball|p1a: Thundurus\n|-damage|p1a: Thundurus|0 fnt\n|faint|p1a: Thundurus\n|\n|-weather|RainDance|[upkeep]\n|upkeep\n|\n|t:|1700992825\n|switch|p1a: Swampert|Swampert, F|100\/100\n|turn|5\n|\n|t:|1700992848\n|switch|p2a: Ferrothorn|Ferrothorn, M|100\/100\n|switch|p1a: Araquanid|Araquanid, M|100\/100\n|\n|-weather|RainDance|[upkeep]\n|-fieldend|Misty Terrain\n|upkeep\n|turn|6\n|\n|t:|1700992870\n|switch|p2a: Pelipper|Pelipper, F|100\/100\n|-terastallize|p1a: Araquanid|Water\n|move|p1a: Araquanid|Liquidation|p2a: Pelipper\n|-resisted|p2a: Pelipper\n|-damage|p2a: Pelipper|28\/100\n|-unboost|p2a: Pelipper|def|1\n|\n|-weather|RainDance|[upkeep]\n|upkeep\n|turn|7\n|\n|t:|1700992900\n|move|p1a: Araquanid|Liquidation|p2a: Pelipper\n|-resisted|p2a: Pelipper\n|-damage|p2a: Pelipper|0 fnt\n|faint|p2a: Pelipper\n|\n|-weather|RainDance|[upkeep]\n|upkeep\n|\n|t:|1700992907\n|switch|p2a: Zapdos|Zapdos|8\/100\n|turn|8\n|\n|t:|1700992929\n|switch|p1a: Swampert|Swampert, F|100\/100\n|move|p2a: Zapdos|Thunder|p1a: Swampert\n|-immune|p1a: Swampert\n|\n|-weather|none\n|upkeep\n|turn|9\n|\n|t:|1700992935\n|detailschange|p1a: Swampert|Swampert-Mega, F\n|-mega|p1a: Swampert|Swampert|Swampertite\n|move|p2a: Zapdos|Roost|p2a: Zapdos\n|-heal|p2a: Zapdos|58\/100\n|-singleturn|p2a: Zapdos|move: Roost\n|move|p1a: Swampert|Earthquake|p2a: Zapdos\n|-supereffective|p2a: Zapdos\n|-damage|p2a: Zapdos|0 fnt\n|faint|p2a: Zapdos\n|\n|upkeep\n|\n|t:|1700992945\n|switch|p2a: Tapu Lele|Tapu Lele|100\/100\n|-fieldstart|move: Psychic Terrain|[from] ability: Psychic Surge|[of] p2a: Tapu Lele\n|turn|10\n|\n|t:|1700992948\n|switch|p1a: Tapu Fini|Tapu Fini, shiny|100\/100\n|-fieldstart|move: Misty Terrain|[from] ability: Misty Surge|[of] p1a: Tapu Fini\n|move|p2a: Tapu Lele|Future Sight|p1a: Tapu Fini\n|-start|p2a: Tapu Lele|move: Future Sight\n|\n|upkeep\n|turn|11\n|\n|t:|1700992954\n|switch|p2a: Ferrothorn|Ferrothorn, M|100\/100\n|move|p1a: Tapu Fini|Trick|p2a: Ferrothorn\n|-activate|p1a: Tapu Fini|move: Trick|[of] p2a: Ferrothorn\n|-item|p2a: Ferrothorn|Choice Scarf|[from] move: Trick\n|-item|p1a: Tapu Fini|Eject Button|[from] move: Trick\n|\n|upkeep\n|turn|12\n|\n|t:|1700992962\n|switch|p1a: Pelipper|Pelipper, M|100\/100\n|-weather|RainDance|[from] ability: Drizzle|[of] p1a: Pelipper\n|move|p2a: Ferrothorn|Power Whip|p1a: Pelipper\n|-damage|p1a: Pelipper|73\/100\n|\n|-weather|RainDance|[upkeep]\n|-end|p1a: Pelipper|move: Future Sight\n|-damage|p1a: Pelipper|0 fnt\n|faint|p1a: Pelipper\n|upkeep\n|\n|t:|1700992987\n|switch|p1a: Tangrowth|Tangrowth, F|100\/100\n|turn|13\n|\n|t:|1700993007\n|move|p1a: Tangrowth|Sludge Bomb|p2a: Ferrothorn\n|-immune|p2a: Ferrothorn\n|move|p2a: Ferrothorn|Power Whip|p1a: Tangrowth\n|-resisted|p1a: Tangrowth\n|-damage|p1a: Tangrowth|89\/100\n|\n|-weather|RainDance|[upkeep]\n|upkeep\n|turn|14\n|\n|t:|1700993015\n|switch|p2a: Manaphy|Manaphy|100\/100\n|move|p1a: Tangrowth|Focus Blast|p2a: Manaphy|[miss]\n|-miss|p1a: Tangrowth|p2a: Manaphy\n|\n|-weather|RainDance|[upkeep]\n|-fieldend|Misty Terrain\n|upkeep\n|turn|15\n|\n|t:|1700993022\n|move|p2a: Manaphy|Surf|p1a: Tangrowth\n|-resisted|p1a: Tangrowth\n|-damage|p1a: Tangrowth|65\/100\n|move|p1a: Tangrowth|Giga Drain|p2a: Manaphy\n|-supereffective|p2a: Manaphy\n|-damage|p2a: Manaphy|46\/100\n|-heal|p1a: Tangrowth|88\/100|[from] drain|[of] p2a: Manaphy\n|\n|-weather|RainDance|[upkeep]\n|upkeep\n|turn|16\n|\n|t:|1700993031\n|switch|p2a: Tapu Lele|Tapu Lele|100\/100\n|-fieldstart|move: Psychic Terrain|[from] ability: Psychic Surge|[of] p2a: Tapu Lele\n|move|p1a: Tangrowth|Giga Drain|p2a: Tapu Lele\n|-damage|p2a: Tapu Lele|69\/100\n|-heal|p1a: Tangrowth|99\/100|[from] drain|[of] p2a: Tapu Lele\n|\n|-weather|RainDance|[upkeep]\n|upkeep\n|turn|17\n|\n|t:|1700993056\n|switch|p2a: Manaphy|Manaphy|46\/100\n|move|p1a: Tangrowth|Sludge Bomb|p2a: Manaphy\n|-damage|p2a: Manaphy|24\/100\n|\n|-weather|RainDance|[upkeep]\n|upkeep\n|turn|18\n|\n|t:|1700993064\n|move|p2a: Manaphy|Rest|p2a: Manaphy\n|-status|p2a: Manaphy|slp|[from] move: Rest\n|-heal|p2a: Manaphy|100\/100 slp|[silent]\n|move|p1a: Tangrowth|Giga Drain|p2a: Manaphy\n|-supereffective|p2a: Manaphy\n|-damage|p2a: Manaphy|47\/100 slp\n|-heal|p1a: Tangrowth|100\/100|[from] drain|[of] p2a: Manaphy\n|\n|-weather|RainDance|[upkeep]\n|-activate|p2a: Manaphy|ability: Hydration\n|-curestatus|p2a: Manaphy|slp|[msg]\n|upkeep\n|turn|19\n|\n|t:|1700993074\n|move|p2a: Manaphy|Rest|p2a: Manaphy\n|-status|p2a: Manaphy|slp|[from] move: Rest\n|-heal|p2a: Manaphy|100\/100 slp|[silent]\n|move|p1a: Tangrowth|Giga Drain|p2a: Manaphy\n|-supereffective|p2a: Manaphy\n|-damage|p2a: Manaphy|47\/100 slp\n|\n|-weather|none\n|upkeep\n|turn|20\n|\n|t:|1700993084\n|cant|p2a: Manaphy|slp\n|move|p1a: Tangrowth|Focus Blast|p2a: Manaphy\n|-damage|p2a: Manaphy|19\/100 slp\n|-unboost|p2a: Manaphy|spd|1\n|\n|-fieldend|move: Psychic Terrain\n|upkeep\n|turn|21\n|\n|t:|1700993089\n|cant|p2a: Manaphy|slp\n|move|p1a: Tangrowth|Sludge Bomb|p2a: Manaphy\n|-damage|p2a: Manaphy|0 fnt\n|faint|p2a: Manaphy\n|\n|upkeep\n|\n|t:|1700993097\n|switch|p2a: Tapu Lele|Tapu Lele|69\/100\n|-fieldstart|move: Psychic Terrain|[from] ability: Psychic Surge|[of] p2a: Tapu Lele\n|turn|22\n|\n|t:|1700993110\n|-terastallize|p2a: Tapu Lele|Psychic\n|move|p2a: Tapu Lele|Psychic|p1a: Tangrowth\n|-damage|p1a: Tangrowth|30\/100\n|move|p1a: Tangrowth|Knock Off|p2a: Tapu Lele\n|-supereffective|p2a: Tapu Lele\n|-damage|p2a: Tapu Lele|4\/100\n|-enditem|p2a: Tapu Lele|Choice Scarf|[from] move: Knock Off|[of] p1a: Tangrowth\n|\n|upkeep\n|turn|23\n|\n|t:|1700993122\n|switch|p1a: Tapu Fini|Tapu Fini, shiny|100\/100\n|-fieldstart|move: Misty Terrain|[from] ability: Misty Surge|[of] p1a: Tapu Fini\n|move|p2a: Tapu Lele|Psychic|p1a: Tapu Fini\n|-damage|p1a: Tapu Fini|48\/100\n|-enditem|p1a: Tapu Fini|Eject Button\n|\n|t:|1700993131\n|switch|p1a: Swampert|Swampert-Mega, F|100\/100\n|\n|upkeep\n|turn|24\n|\n|t:|1700993136\n|switch|p2a: Ferrothorn|Ferrothorn, M|100\/100\n|move|p1a: Swampert|Earthquake|p2a: Ferrothorn\n|-damage|p2a: Ferrothorn|63\/100\n|\n|upkeep\n|turn|25\n|\n|t:|1700993141\n|switch|p1a: Tangrowth|Tangrowth, F|63\/100\n|move|p2a: Ferrothorn|Power Whip|p1a: Tangrowth\n|-resisted|p1a: Tangrowth\n|-damage|p1a: Tangrowth|52\/100\n|\n|upkeep\n|turn|26\n|\n|t:|1700993147\n|move|p1a: Tangrowth|Focus Blast|p2a: Ferrothorn\n|-supereffective|p2a: Ferrothorn\n|-damage|p2a: Ferrothorn|19\/100\n|move|p2a: Ferrothorn|Power Whip|p1a: Tangrowth|[miss]\n|-miss|p2a: Ferrothorn|p1a: Tangrowth\n|\n|upkeep\n|turn|27\n|\n|t:|1700993152\n|move|p1a: Tangrowth|Focus Blast|p2a: Ferrothorn|[miss]\n|-miss|p1a: Tangrowth|p2a: Ferrothorn\n|move|p2a: Ferrothorn|Power Whip|p1a: Tangrowth\n|-resisted|p1a: Tangrowth\n|-damage|p1a: Tangrowth|41\/100\n|\n|-fieldend|Misty Terrain\n|upkeep\n|turn|28\n|\n|t:|1700993163\n|switch|p2a: Barraskewda|Barraskewda, M|91\/100\n|move|p1a: Tangrowth|Focus Blast|p2a: Barraskewda|[miss]\n|-miss|p1a: Tangrowth|p2a: Barraskewda\n|\n|upkeep\n|turn|29\n|\n|t:|1700993168\n|move|p2a: Barraskewda|Poison Jab|p1a: Tangrowth\n|-supereffective|p1a: Tangrowth\n|-damage|p1a: Tangrowth|1\/100\n|-damage|p2a: Barraskewda|81\/100|[from] item: Life Orb\n|move|p1a: Tangrowth|Giga Drain|p2a: Barraskewda\n|-supereffective|p2a: Barraskewda\n|-damage|p2a: Barraskewda|0 fnt\n|-heal|p1a: Tangrowth|28\/100|[from] drain|[of] p2a: Barraskewda\n|faint|p2a: Barraskewda\n|\n|upkeep\n|\n|t:|1700993175\n|switch|p2a: Tapu Lele|Tapu Lele, tera:Psychic|4\/100\n|-fieldstart|move: Psychic Terrain|[from] ability: Psychic Surge|[of] p2a: Tapu Lele\n|turn|30\n|\n|t:|1700993180\n|switch|p1a: Tapu Fini|Tapu Fini, shiny|48\/100\n|-fieldstart|move: Misty Terrain|[from] ability: Misty Surge|[of] p1a: Tapu Fini\n|move|p2a: Tapu Lele|Psychic|p1a: Tapu Fini\n|-damage|p1a: Tapu Fini|0 fnt\n|faint|p1a: Tapu Fini\n|\n|upkeep\n|\n|t:|1700993184\n|switch|p1a: Swampert|Swampert-Mega, F|100\/100\n|turn|31\n|\n|t:|1700993187\n|switch|p2a: Ferrothorn|Ferrothorn, M|19\/100\n|move|p1a: Swampert|Earthquake|p2a: Ferrothorn\n|-damage|p2a: Ferrothorn|0 fnt\n|faint|p2a: Ferrothorn\n|\n|upkeep\n|\n|t:|1700993190\n|switch|p2a: Tapu Lele|Tapu Lele, tera:Psychic|4\/100\n|-fieldstart|move: Psychic Terrain|[from] ability: Psychic Surge|[of] p2a: Tapu Lele\n|turn|32\n|\n|t:|1700993192\n|move|p2a: Tapu Lele|Psychic|p1a: Swampert\n|-damage|p1a: Swampert|21\/100\n|move|p1a: Swampert|Earthquake|p2a: Tapu Lele\n|-damage|p2a: Tapu Lele|0 fnt\n|faint|p2a: Tapu Lele\n|\n|win|eelektrik funeral\n|raw|eelektrik funeral's rating: 1256 &rarr; <strong>1284<\/strong><br \/>(+28 for winning)\n|raw|A-Grade's rating: 1296 &rarr; <strong>1268<\/strong><br \/>(-28 for losing)\n|c|\u2606eelektrik funeral|gg\n|c|\u2606A-Grade|gg\n|l|\u2606eelektrik funeral\n|l|\u2606A-Grade\n|j|\u2606A-Grade\n|player|p2|A-Grade|102\n","uploadtime":1700993205,"views":1,"p1id":"eelektrikfuneral","p2id":"agrade","formatid":"gen9nationaldex","rating":1268,"private":0,"password":""}