{"id":"gen9nationaldex-1990239291","p1":"Pp_ForYouu","p2":"Sly Killdex 2","format":"[Gen 9] National Dex","log":"|j|\u2606Pp_ForYouu\n|j|\u2606Sly Killdex 2\n|t:|1699942596\n|gametype|singles\n|player|p1|Pp_ForYouu|swimmerf|1048\n|player|p2|Sly Killdex 2|volkner|1052\n|teamsize|p1|6\n|teamsize|p2|6\n|gen|9\n|tier|[Gen 9] National Dex\n|rated|\n|rule|HP Percentage Mod: HP is shown in percentages\n|rule|Endless Battle Clause: Forcing endless battles is banned\n|rule|OHKO Clause: OHKO moves are banned\n|rule|Evasion Clause: Evasion abilities, items, and moves are banned\n|rule|Evasion Abilities Clause: Evasion abilities are banned\n|rule|Evasion Items Clause: Evasion items are banned\n|rule|Evasion Moves Clause: Evasion moves are banned\n|rule|Species Clause: Limit one of each Pok\u00e9mon\n|rule|Sleep Clause Mod: Limit one foe put to sleep\n|clearpoke\n|poke|p1|Snorlax, M|\n|poke|p1|Breloom, F|\n|poke|p1|Diancie|\n|poke|p1|Kommo-o, M|\n|poke|p1|Tapu Koko|\n|poke|p1|Iron Treads|\n|poke|p2|Litten, F|\n|poke|p2|Gourgeist-*, F|\n|poke|p2|Trevenant, F|\n|poke|p2|Klefki, F|\n|poke|p2|Goodra, M|\n|poke|p2|Carbink|\n|teampreview\n|inactive|Battle timer is ON: inactive players will automatically lose when time's up. (requested by Pp_ForYouu)\n|\n|t:|1699942617\n|start\n|switch|p1a: Iron Treads|Iron Treads|100\/100\n|switch|p2a: Gourgeist|Gourgeist-Super, F|100\/100\n|-item|p1a: Iron Treads|Booster Energy|[from] ability: Frisk|[of] p2a: Gourgeist|[identify]\n|-enditem|p1a: Iron Treads|Booster Energy\n|-activate|p1a: Iron Treads|ability: Quark Drive|[fromitem]\n|-start|p1a: Iron Treads|quarkdrivespe\n|turn|1\n|\n|t:|1699942641\n|move|p1a: Iron Treads|Stealth Rock|p2a: Gourgeist\n|-sidestart|p2: Sly Killdex 2|move: Stealth Rock\n|move|p2a: Gourgeist|Power Whip|p1a: Iron Treads|[miss]\n|-miss|p2a: Gourgeist|p1a: Iron Treads\n|\n|upkeep\n|turn|2\n|\n|t:|1699942651\n|-end|p1a: Iron Treads|Quark Drive|[silent]\n|switch|p1a: Snorlax|Snorlax, M|100\/100\n|move|p2a: Gourgeist|Power Whip|p1a: Snorlax\n|-damage|p1a: Snorlax|67\/100\n|\n|-heal|p1a: Snorlax|73\/100|[from] item: Leftovers\n|upkeep\n|turn|3\n|\n|t:|1699942657\n|switch|p2a: Trevenant|Trevenant, F|100\/100\n|-damage|p2a: Trevenant|88\/100|[from] Stealth Rock\n|move|p1a: Snorlax|Curse|p1a: Snorlax\n|-unboost|p1a: Snorlax|spe|1\n|-boost|p1a: Snorlax|atk|1\n|-boost|p1a: Snorlax|def|1\n|\n|-heal|p1a: Snorlax|79\/100|[from] item: Leftovers\n|upkeep\n|turn|4\n|\n|t:|1699942669\n|switch|p1a: Tapu Koko|Tapu Koko|100\/100\n|-fieldstart|move: Electric Terrain|[from] ability: Electric Surge|[of] p1a: Tapu Koko\n|move|p2a: Trevenant|Substitute|p2a: Trevenant\n|-start|p2a: Trevenant|Substitute\n|-damage|p2a: Trevenant|63\/100\n|\n|upkeep\n|turn|5\n|\n|t:|1699942672\n|move|p1a: Tapu Koko|Light Screen|p1a: Tapu Koko\n|-sidestart|p1: Pp_ForYouu|move: Light Screen\n|move|p2a: Trevenant|Leech Seed|p1a: Tapu Koko\n|-start|p1a: Tapu Koko|move: Leech Seed\n|\n|-damage|p1a: Tapu Koko|88\/100|[from] Leech Seed|[of] p2a: Trevenant\n|-heal|p2a: Trevenant|75\/100|[silent]\n|upkeep\n|turn|6\n|\n|t:|1699942676\n|move|p1a: Tapu Koko|Reflect|p1a: Tapu Koko\n|-sidestart|p1: Pp_ForYouu|Reflect\n|move|p2a: Trevenant|Poltergeist|p1a: Tapu Koko\n|-activate|p1a: Tapu Koko|move: Poltergeist|Light Clay\n|-damage|p1a: Tapu Koko|63\/100\n|\n|-damage|p1a: Tapu Koko|51\/100|[from] Leech Seed|[of] p2a: Trevenant\n|-heal|p2a: Trevenant|86\/100|[silent]\n|upkeep\n|turn|7\n|\n|t:|1699942681\n|move|p1a: Tapu Koko|U-turn|p2a: Trevenant\n|-activate|p2a: Trevenant|move: Substitute|[damage]\n|\n|t:|1699942687\n|switch|p1a: Breloom|Breloom, F|100\/100|[from] U-turn\n|move|p2a: Trevenant|Leech Seed|p1a: Breloom\n|-immune|p1a: Breloom\n|\n|upkeep\n|turn|8\n|\n|t:|1699942691\n|move|p1a: Breloom|Swords Dance|p1a: Breloom\n|-boost|p1a: Breloom|atk|2\n|move|p2a: Trevenant|Poltergeist|p1a: Breloom\n|-activate|p1a: Breloom|move: Poltergeist|Life Orb\n|-damage|p1a: Breloom|66\/100\n|\n|-fieldend|move: Electric Terrain\n|upkeep\n|turn|9\n|\n|t:|1699942696\n|move|p1a: Breloom|Swords Dance|p1a: Breloom\n|-boost|p1a: Breloom|atk|2\n|move|p2a: Trevenant|Poltergeist|p1a: Breloom\n|-activate|p1a: Breloom|move: Poltergeist|Life Orb\n|-damage|p1a: Breloom|36\/100\n|\n|upkeep\n|turn|10\n|\n|t:|1699942702\n|move|p1a: Breloom|Bullet Seed|p2a: Trevenant\n|-resisted|p2a: Trevenant\n|-end|p2a: Trevenant|Substitute\n|-resisted|p2a: Trevenant\n|-damage|p2a: Trevenant|44\/100\n|-enditem|p2a: Trevenant|Sitrus Berry|[eat]\n|-heal|p2a: Trevenant|69\/100|[from] item: Sitrus Berry\n|-hitcount|p2a: Trevenant|2\n|-damage|p1a: Breloom|26\/100|[from] item: Life Orb\n|move|p2a: Trevenant|Poltergeist|p1a: Breloom\n|-activate|p1a: Breloom|move: Poltergeist|Life Orb\n|-damage|p1a: Breloom|0 fnt\n|faint|p1a: Breloom\n|\n|upkeep\n|\n|t:|1699942719\n|switch|p1a: Kommo-o|Kommo-o, M|100\/100\n|turn|11\n|\n|t:|1699942722\n|move|p1a: Kommo-o|Clangorous Soul|p1a: Kommo-o\n|-boost|p1a: Kommo-o|atk|1\n|-boost|p1a: Kommo-o|def|1\n|-boost|p1a: Kommo-o|spa|1\n|-boost|p1a: Kommo-o|spd|1\n|-boost|p1a: Kommo-o|spe|1\n|-damage|p1a: Kommo-o|68\/100\n|-enditem|p1a: Kommo-o|Throat Spray\n|-boost|p1a: Kommo-o|spa|1|[from] item: Throat Spray\n|move|p2a: Trevenant|Substitute|p2a: Trevenant\n|-start|p2a: Trevenant|Substitute\n|-damage|p2a: Trevenant|44\/100\n|\n|-item|p2a: Trevenant|Sitrus Berry|[from] ability: Harvest\n|upkeep\n|-enditem|p2a: Trevenant|Sitrus Berry|[eat]\n|-heal|p2a: Trevenant|69\/100|[from] item: Sitrus Berry\n|turn|12\n|\n|t:|1699942733\n|move|p1a: Kommo-o|Flamethrower|p2a: Trevenant\n|-supereffective|p2a: Trevenant\n|-end|p2a: Trevenant|Substitute\n|move|p2a: Trevenant|Leech Seed|p1a: Kommo-o\n|-start|p1a: Kommo-o|move: Leech Seed\n|\n|-damage|p1a: Kommo-o|55\/100|[from] Leech Seed|[of] p2a: Trevenant\n|-heal|p2a: Trevenant|79\/100|[silent]\n|-sideend|p1: Pp_ForYouu|move: Light Screen\n|-item|p2a: Trevenant|Sitrus Berry|[from] ability: Harvest\n|upkeep\n|turn|13\n|\n|t:|1699942744\n|move|p1a: Kommo-o|Flamethrower|p2a: Trevenant\n|-supereffective|p2a: Trevenant\n|-damage|p2a: Trevenant|5\/100\n|-enditem|p2a: Trevenant|Sitrus Berry|[eat]\n|-heal|p2a: Trevenant|30\/100|[from] item: Sitrus Berry\n|move|p2a: Trevenant|Substitute|p2a: Trevenant\n|-start|p2a: Trevenant|Substitute\n|-damage|p2a: Trevenant|5\/100\n|\n|-damage|p1a: Kommo-o|43\/100|[from] Leech Seed|[of] p2a: Trevenant\n|-heal|p2a: Trevenant|15\/100|[silent]\n|-sideend|p1: Pp_ForYouu|Reflect\n|-item|p2a: Trevenant|Sitrus Berry|[from] ability: Harvest\n|upkeep\n|-enditem|p2a: Trevenant|Sitrus Berry|[eat]\n|-heal|p2a: Trevenant|40\/100|[from] item: Sitrus Berry\n|turn|14\n|-message|Pp_ForYouu forfeited.\n|\n|win|Sly Killdex 2\n|raw|Pp_ForYouu's rating: 1048 &rarr; <strong>1031<\/strong><br \/>(-17 for losing)\n|raw|Sly Killdex 2's rating: 1052 &rarr; <strong>1084<\/strong><br \/>(+32 for winning)\n|l|\u2606Pp_ForYouu\n|l|\u2606Sly Killdex 2\n|j|\u2606Sly Killdex 2\n|player|p2|Sly Killdex 2|volkner\n","uploadtime":1699942944,"views":8,"p1id":"ppforyouu","p2id":"slykilldex2","formatid":"gen9nationaldex","rating":1031,"private":0,"password":""}