{"id":"gen9nationaldex-1995144530","p1":"rotcivfontes","p2":"Darling.Cupid","format":"[Gen 9] National Dex","log":"|html|<div class=\"broadcast-blue\"><strong>[Gen 9] National Dex is currently suspecting Sneasler! For information on how to participate check out the <a href=\"https:\/\/www.smogon.com\/forums\/threads\/sv-national-dex-suspect-8-just-dance.3731534\/\">suspect thread<\/a>.<\/strong><\/div>\n|j|\u2606rotcivfontes\n|j|\u2606Darling.Cupid\n|t:|1700527537\n|gametype|singles\n|player|p1|rotcivfontes|102|1021\n|player|p2|Darling.Cupid|waiter-gen4|1042\n|teamsize|p1|6\n|teamsize|p2|6\n|gen|9\n|tier|[Gen 9] National Dex\n|rated|\n|rule|HP Percentage Mod: HP is shown in percentages\n|rule|Endless Battle Clause: Forcing endless battles is banned\n|rule|OHKO Clause: OHKO moves are banned\n|rule|Evasion Clause: Evasion abilities, items, and moves are banned\n|rule|Evasion Abilities Clause: Evasion abilities are banned\n|rule|Evasion Items Clause: Evasion items are banned\n|rule|Evasion Moves Clause: Evasion moves are banned\n|rule|Species Clause: Limit one of each Pok\u00e9mon\n|rule|Sleep Clause Mod: Limit one foe put to sleep\n|clearpoke\n|poke|p1|Dragonair, M|\n|poke|p1|Ditto|\n|poke|p1|Umbreon, M|\n|poke|p1|Flygon, F|\n|poke|p1|Totodile, M|\n|poke|p1|Dragonite, M|\n|poke|p2|Cinderace, F|\n|poke|p2|Gallade, M|\n|poke|p2|Gengar, F|\n|poke|p2|Ditto|\n|poke|p2|Blissey, F|\n|poke|p2|Snorlax, F|\n|teampreview\n|\n|t:|1700527550\n|start\n|switch|p1a: Ditto|Ditto|100\/100\n|switch|p2a: Bulussy|Blissey, F|100\/100\n|-transform|p1a: Ditto|p2a: Bulussy|[from] ability: Imposter\n|turn|1\n|\n|t:|1700527559\n|move|p1a: Ditto|Flamethrower|p2a: Bulussy\n|-damage|p2a: Bulussy|91\/100\n|move|p2a: Bulussy|Shadow Ball|p1a: Ditto\n|-immune|p1a: Ditto\n|\n|upkeep\n|turn|2\n|\n|t:|1700527570\n|switch|p2a: Gallade|Gallade, M|100\/100\n|move|p1a: Ditto|Flamethrower|p2a: Gallade\n|-damage|p2a: Gallade|82\/100\n|\n|upkeep\n|turn|3\n|\n|t:|1700527585\n|switch|p1a: Dragonair|Dragonair, M|100\/100\n|move|p2a: Gallade|Close Combat|p1a: Dragonair\n|-damage|p1a: Dragonair|0 fnt\n|-unboost|p2a: Gallade|def|1\n|-unboost|p2a: Gallade|spd|1\n|faint|p1a: Dragonair\n|\n|upkeep\n|\n|t:|1700527597\n|switch|p1a: Ditto|Ditto|100\/100\n|-transform|p1a: Ditto|p2a: Gallade|[from] ability: Imposter\n|turn|4\n|\n|t:|1700527605\n|switch|p2a: Cinderace|Cinderace, F|100\/100\n|move|p1a: Ditto|Close Combat|p2a: Cinderace\n|-damage|p2a: Cinderace|9\/100\n|-unboost|p1a: Ditto|def|1\n|-unboost|p1a: Ditto|spd|1\n|\n|upkeep\n|turn|5\n|\n|t:|1700527616\n|move|p2a: Cinderace|Pyro Ball|p1a: Ditto\n|-damage|p1a: Ditto|0 fnt\n|faint|p1a: Ditto\n|\n|upkeep\n|\n|t:|1700527623\n|switch|p1a: Flygon|Flygon, F|100\/100\n|turn|6\n|\n|t:|1700527636\n|move|p1a: Flygon|Earthquake|p2a: Cinderace\n|-supereffective|p2a: Cinderace\n|-damage|p2a: Cinderace|0 fnt\n|faint|p2a: Cinderace\n|\n|upkeep\n|\n|t:|1700527646\n|switch|p2a: Gallade|Gallade, M|82\/100\n|turn|7\n|\n|t:|1700527651\n|move|p1a: Flygon|Earthquake|p2a: Gallade\n|-damage|p2a: Gallade|25\/100\n|move|p2a: Gallade|Close Combat|p1a: Flygon\n|-damage|p1a: Flygon|20\/100\n|-unboost|p2a: Gallade|def|1\n|-unboost|p2a: Gallade|spd|1\n|\n|upkeep\n|turn|8\n|\n|t:|1700527660\n|move|p2a: Gallade|Protect|p2a: Gallade\n|-singleturn|p2a: Gallade|Protect\n|move|p1a: Flygon|Earthquake|p2a: Gallade\n|-activate|p2a: Gallade|move: Protect\n|\n|upkeep\n|turn|9\n|\n|t:|1700527667\n|move|p1a: Flygon|Earthquake|p2a: Gallade\n|-damage|p2a: Gallade|0 fnt\n|faint|p2a: Gallade\n|\n|upkeep\n|\n|t:|1700527675\n|switch|p2a: Bulussy|Blissey, F|91\/100\n|turn|10\n|\n|t:|1700527685\n|switch|p1a: Umbreon|Umbreon, M, shiny|100\/100\n|move|p2a: Bulussy|Flamethrower|p1a: Umbreon\n|-damage|p1a: Umbreon|82\/100\n|\n|-heal|p1a: Umbreon|88\/100|[from] item: Leftovers\n|upkeep\n|turn|11\n|\n|t:|1700527698\n|switch|p2a: Gengar|Gengar, F|100\/100\n|move|p1a: Umbreon|Iron Tail|p2a: Gengar\n|-damage|p2a: Gengar|70\/100\n|-unboost|p2a: Gengar|def|1\n|\n|-heal|p1a: Umbreon|94\/100|[from] item: Leftovers\n|upkeep\n|turn|12\n|\n|t:|1700527709\n|move|p2a: Gengar|Sludge Bomb|p1a: Umbreon\n|-damage|p1a: Umbreon|54\/100\n|-status|p1a: Umbreon|psn\n|-activate|p1a: Umbreon|ability: Synchronize\n|-immune|p2a: Gengar\n|move|p1a: Umbreon|Crunch|p2a: Gengar\n|-supereffective|p2a: Gengar\n|-damage|p2a: Gengar|0 fnt\n|-start|p1a: Umbreon|Disable|Crunch|[from] ability: Cursed Body|[of] p2a: Gengar\n|faint|p2a: Gengar\n|\n|-heal|p1a: Umbreon|60\/100 psn|[from] item: Leftovers\n|-damage|p1a: Umbreon|48\/100 psn|[from] psn\n|upkeep\n|\n|t:|1700527723\n|switch|p2a: Ditto|Ditto|100\/100\n|-transform|p2a: Ditto|p1a: Umbreon|[from] ability: Imposter\n|turn|13\n|\n|t:|1700527732\n|move|p2a: Ditto|Hidden Power|p1a: Umbreon\n|-damage|p1a: Umbreon|43\/100 psn\n|move|p1a: Umbreon|Hidden Power|p2a: Ditto\n|-damage|p2a: Ditto|94\/100\n|\n|-heal|p1a: Umbreon|49\/100 psn|[from] item: Leftovers\n|-damage|p1a: Umbreon|37\/100 psn|[from] psn\n|upkeep\n|turn|14\n|\n|t:|1700527743\n|move|p2a: Ditto|Hidden Power|p1a: Umbreon\n|-damage|p1a: Umbreon|32\/100 psn\n|move|p1a: Umbreon|Iron Tail|p2a: Ditto\n|-damage|p2a: Ditto|80\/100\n|\n|-heal|p1a: Umbreon|38\/100 psn|[from] item: Leftovers\n|-damage|p1a: Umbreon|26\/100 psn|[from] psn\n|upkeep\n|turn|15\n|\n|t:|1700527755\n|switch|p1a: Totodile|Totodile, M|100\/100\n|move|p2a: Ditto|Hidden Power|p1a: Totodile\n|-crit|p1a: Totodile\n|-damage|p1a: Totodile|76\/100\n|\n|upkeep\n|turn|16\n|\n|t:|1700527765\n|switch|p2a: Snorlax|Snorlax, F, shiny|100\/100\n|move|p1a: Totodile|Superpower|p2a: Snorlax\n|-supereffective|p2a: Snorlax\n|-damage|p2a: Snorlax|56\/100\n|-unboost|p1a: Totodile|atk|1\n|-unboost|p1a: Totodile|def|1\n|\n|upkeep\n|turn|17\n|\n|t:|1700527774\n|move|p1a: Totodile|Superpower|p2a: Snorlax\n|-supereffective|p2a: Snorlax\n|-damage|p2a: Snorlax|24\/100\n|-unboost|p1a: Totodile|atk|1\n|-unboost|p1a: Totodile|def|1\n|move|p2a: Snorlax|Earthquake|p1a: Totodile\n|-damage|p1a: Totodile|0 fnt\n|faint|p1a: Totodile\n|-damage|p2a: Snorlax|14\/100|[from] item: Life Orb\n|\n|upkeep\n|\n|t:|1700527786\n|switch|p1a: Flygon|Flygon, F|20\/100\n|turn|18\n|\n|t:|1700527791\n|move|p1a: Flygon|Earthquake|p2a: Snorlax\n|-damage|p2a: Snorlax|0 fnt\n|faint|p2a: Snorlax\n|\n|upkeep\n|\n|t:|1700527797\n|switch|p2a: Bulussy|Blissey, F|91\/100\n|turn|19\n|\n|t:|1700527804\n|switch|p1a: Dragonite|Dragonite, M|100\/100\n|move|p2a: Bulussy|Hyper Voice|p1a: Dragonite\n|-damage|p1a: Dragonite|74\/100\n|\n|upkeep\n|turn|20\n|\n|t:|1700527816\n|-zpower|p1a: Dragonite\n|move|p1a: Dragonite|Supersonic Skystrike|p2a: Bulussy|[zeffect]\n|-damage|p2a: Bulussy|1\/100\n|move|p2a: Bulussy|Hyper Voice|p1a: Dragonite\n|-damage|p1a: Dragonite|24\/100\n|\n|upkeep\n|turn|21\n|\n|t:|1700527826\n|move|p1a: Dragonite|Extreme Speed|p2a: Bulussy\n|-damage|p2a: Bulussy|0 fnt\n|faint|p2a: Bulussy\n|\n|upkeep\n|\n|t:|1700527831\n|switch|p2a: Ditto|Ditto|80\/100\n|-transform|p2a: Ditto|p1a: Dragonite|[from] ability: Imposter\n|turn|22\n|\n|t:|1700527884\n|move|p2a: Ditto|Extreme Speed|p1a: Dragonite\n|-damage|p1a: Dragonite|0 fnt\n|faint|p1a: Dragonite\n|\n|upkeep\n|\n|t:|1700527890\n|switch|p1a: Umbreon|Umbreon, M, shiny|26\/100 psn\n|turn|23\n|\n|t:|1700527894\n|move|p2a: Ditto|Extreme Speed|p1a: Umbreon\n|-damage|p1a: Umbreon|3\/100 psn\n|move|p1a: Umbreon|Hidden Power|p2a: Ditto\n|-supereffective|p2a: Ditto\n|-damage|p2a: Ditto|38\/100\n|\n|-heal|p1a: Umbreon|9\/100 psn|[from] item: Leftovers\n|-damage|p1a: Umbreon|0 fnt|[from] psn\n|faint|p1a: Umbreon\n|upkeep\n|\n|t:|1700527904\n|switch|p1a: Flygon|Flygon, F|20\/100\n|turn|24\n|\n|t:|1700527911\n|move|p2a: Ditto|Extreme Speed|p1a: Flygon\n|-damage|p1a: Flygon|0 fnt\n|faint|p1a: Flygon\n|\n|win|Darling.Cupid\n|raw|rotcivfontes's rating: 1021 &rarr; <strong>1009<\/strong><br \/>(-12 for losing)\n|raw|Darling.Cupid's rating: 1042 &rarr; <strong>1074<\/strong><br \/>(+32 for winning)\n","uploadtime":1700527919,"views":5,"p1id":"rotcivfontes","p2id":"darlingcupid","formatid":"gen9nationaldex","rating":1009,"private":0,"password":""}