{"id":"gen9nationaldex-1992096176","p1":"Drascore666","p2":"nice ct","format":"[Gen 9] National Dex","log":"|j|\u2606Drascore666\n|j|\u2606nice ct\n|t:|1700154754\n|gametype|singles\n|player|p1|Drascore666|steven|1505\n|player|p2|nice ct|dawn|1606\n|teamsize|p1|6\n|teamsize|p2|6\n|gen|9\n|tier|[Gen 9] National Dex\n|rated|\n|rule|HP Percentage Mod: HP is shown in percentages\n|rule|Endless Battle Clause: Forcing endless battles is banned\n|rule|OHKO Clause: OHKO moves are banned\n|rule|Evasion Clause: Evasion abilities, items, and moves are banned\n|rule|Evasion Abilities Clause: Evasion abilities are banned\n|rule|Evasion Items Clause: Evasion items are banned\n|rule|Evasion Moves Clause: Evasion moves are banned\n|rule|Species Clause: Limit one of each Pok\u00e9mon\n|rule|Sleep Clause Mod: Limit one foe put to sleep\n|clearpoke\n|poke|p1|Lopunny, M|\n|poke|p1|Tapu Koko|\n|poke|p1|Landorus-Therian, M|\n|poke|p1|Moltres|\n|poke|p1|Heatran, F|\n|poke|p1|Kyurem|\n|poke|p2|Banette, F|\n|poke|p2|Clefable, M|\n|poke|p2|Ting-Lu|\n|poke|p2|Cresselia, F|\n|poke|p2|Tangrowth, F|\n|poke|p2|Alomomola, F|\n|teampreview\n|inactive|Battle timer is ON: inactive players will automatically lose when time's up. (requested by Drascore666)\n|\n|t:|1700154771\n|start\n|switch|p1a: \u00e9bullilave|Heatran, F|100\/100\n|switch|p2a: Ting-Lu|Ting-Lu|100\/100\n|-ability|p2a: Ting-Lu|Vessel of Ruin\n|turn|1\n|\n|t:|1700154778\n|move|p1a: \u00e9bullilave|Toxic|p2a: Ting-Lu\n|-status|p2a: Ting-Lu|tox\n|move|p2a: Ting-Lu|Stealth Rock|p1a: \u00e9bullilave\n|-sidestart|p1: Drascore666|move: Stealth Rock\n|\n|-damage|p2a: Ting-Lu|94\/100 tox|[from] psn\n|upkeep\n|turn|2\n|\n|t:|1700154786\n|switch|p1a: Face of OU|Landorus-Therian, M|100\/100\n|-damage|p1a: Face of OU|88\/100|[from] Stealth Rock\n|-ability|p1a: Face of OU|Intimidate|boost\n|-unboost|p2a: Ting-Lu|atk|1\n|move|p2a: Ting-Lu|Spikes|p1a: Face of OU\n|-sidestart|p1: Drascore666|Spikes\n|\n|-heal|p1a: Face of OU|94\/100|[from] item: Leftovers\n|-heal|p2a: Ting-Lu|100\/100 tox|[from] item: Leftovers\n|-damage|p2a: Ting-Lu|88\/100 tox|[from] psn\n|upkeep\n|turn|3\n|\n|t:|1700154797\n|switch|p2a: Alomomola|Alomomola, F|100\/100\n|move|p1a: Face of OU|Knock Off|p2a: Alomomola\n|-damage|p2a: Alomomola|85\/100\n|-damage|p1a: Face of OU|78\/100|[from] item: Rocky Helmet|[of] p2a: Alomomola\n|-enditem|p2a: Alomomola|Rocky Helmet|[from] move: Knock Off|[of] p1a: Face of OU\n|\n|-heal|p1a: Face of OU|84\/100|[from] item: Leftovers\n|upkeep\n|turn|4\n|\n|t:|1700154805\n|move|p1a: Face of OU|Defog|p2a: Alomomola\n|-unboost|p2a: Alomomola|evasion|1\n|-sideend|p1: Drascore666|Spikes|[from] move: Defog|[of] p1a: Face of OU\n|-sideend|p1: Drascore666|Stealth Rock|[from] move: Defog|[of] p1a: Face of OU\n|move|p2a: Alomomola|Toxic|p1a: Face of OU\n|-status|p1a: Face of OU|tox\n|\n|-heal|p1a: Face of OU|90\/100 tox|[from] item: Leftovers\n|-damage|p1a: Face of OU|84\/100 tox|[from] psn\n|upkeep\n|turn|5\n|\n|t:|1700154815\n|move|p1a: Face of OU|U-turn|p2a: Alomomola\n|-damage|p2a: Alomomola|73\/100\n|\n|t:|1700154819\n|switch|p1a: tape le coco|Tapu Koko|100\/100|[from] U-turn\n|-fieldstart|move: Electric Terrain|[from] ability: Electric Surge|[of] p1a: tape le coco\n|move|p2a: Alomomola|Knock Off|p1a: tape le coco\n|-resisted|p1a: tape le coco\n|-damage|p1a: tape le coco|88\/100\n|-enditem|p1a: tape le coco|Choice Specs|[from] move: Knock Off|[of] p2a: Alomomola\n|\n|upkeep\n|turn|6\n|\n|t:|1700154829\n|switch|p2a: Cresselia|Cresselia, F|100\/100\n|move|p1a: tape le coco|Dazzling Gleam|p2a: Cresselia\n|-damage|p2a: Cresselia|83\/100\n|\n|-heal|p2a: Cresselia|89\/100|[from] item: Leftovers\n|upkeep\n|turn|7\n|\n|t:|1700154836\n|move|p1a: tape le coco|U-turn|p2a: Cresselia\n|-supereffective|p2a: Cresselia\n|-damage|p2a: Cresselia|64\/100\n|\n|t:|1700154839\n|switch|p1a: \u00e9bullilave|Heatran, F|100\/100|[from] U-turn\n|move|p2a: Cresselia|Calm Mind|p2a: Cresselia\n|-boost|p2a: Cresselia|spa|1\n|-boost|p2a: Cresselia|spd|1\n|\n|-heal|p2a: Cresselia|71\/100|[from] item: Leftovers\n|upkeep\n|turn|8\n|\n|t:|1700154848\n|switch|p2a: Clefable|Clefable, M|100\/100\n|move|p1a: \u00e9bullilave|Taunt|p2a: Clefable\n|-start|p2a: Clefable|move: Taunt\n|\n|upkeep\n|turn|9\n|\n|t:|1700154855\n|move|p1a: \u00e9bullilave|Magma Storm|p2a: Clefable\n|-damage|p2a: Clefable|58\/100\n|-activate|p2a: Clefable|move: Magma Storm|[of] p1a: \u00e9bullilave\n|move|p2a: Clefable|Night Shade|p1a: \u00e9bullilave\n|-damage|p1a: \u00e9bullilave|75\/100\n|\n|-heal|p1a: \u00e9bullilave|81\/100|[from] item: Leftovers\n|-heal|p2a: Clefable|64\/100|[from] item: Leftovers\n|-fieldend|move: Electric Terrain\n|upkeep\n|turn|10\n|\n|t:|1700154865\n|move|p1a: \u00e9bullilave|Magma Storm|p2a: Clefable|[miss]\n|-miss|p1a: \u00e9bullilave|p2a: Clefable\n|move|p2a: Clefable|Night Shade|p1a: \u00e9bullilave\n|-damage|p1a: \u00e9bullilave|55\/100\n|\n|-heal|p1a: \u00e9bullilave|61\/100|[from] item: Leftovers\n|-heal|p2a: Clefable|71\/100|[from] item: Leftovers\n|-end|p2a: Clefable|move: Taunt\n|upkeep\n|turn|11\n|\n|t:|1700154876\n|move|p1a: \u00e9bullilave|Magma Storm|p2a: Clefable|[miss]\n|-miss|p1a: \u00e9bullilave|p2a: Clefable\n|move|p2a: Clefable|Night Shade|p1a: \u00e9bullilave\n|-damage|p1a: \u00e9bullilave|35\/100\n|\n|-heal|p1a: \u00e9bullilave|41\/100|[from] item: Leftovers\n|-heal|p2a: Clefable|77\/100|[from] item: Leftovers\n|upkeep\n|turn|12\n|\n|t:|1700154892\n|move|p1a: \u00e9bullilave|Magma Storm|p2a: Clefable\n|-damage|p2a: Clefable|38\/100\n|move|p2a: Clefable|Cosmic Power|p2a: Clefable\n|-boost|p2a: Clefable|def|1\n|-boost|p2a: Clefable|spd|1\n|\n|-heal|p1a: \u00e9bullilave|48\/100|[from] item: Leftovers\n|-heal|p2a: Clefable|44\/100|[from] item: Leftovers\n|upkeep\n|turn|13\n|\n|t:|1700154901\n|move|p1a: \u00e9bullilave|Magma Storm|p2a: Clefable\n|-crit|p2a: Clefable\n|-damage|p2a: Clefable|0 fnt\n|faint|p2a: Clefable\n|\n|-heal|p1a: \u00e9bullilave|54\/100|[from] item: Leftovers\n|upkeep\n|\n|t:|1700154906\n|switch|p2a: Ting-Lu|Ting-Lu|88\/100 tox\n|-ability|p2a: Ting-Lu|Vessel of Ruin\n|turn|14\n|\n|t:|1700154911\n|switch|p1a: Face of OU|Landorus-Therian, M|84\/100 tox\n|-ability|p1a: Face of OU|Intimidate|boost\n|-unboost|p2a: Ting-Lu|atk|1\n|move|p2a: Ting-Lu|Stealth Rock|p1a: Face of OU\n|-sidestart|p1: Drascore666|move: Stealth Rock\n|\n|-heal|p1a: Face of OU|90\/100 tox|[from] item: Leftovers\n|-heal|p2a: Ting-Lu|94\/100 tox|[from] item: Leftovers\n|-damage|p1a: Face of OU|84\/100 tox|[from] psn\n|-damage|p2a: Ting-Lu|88\/100 tox|[from] psn\n|upkeep\n|turn|15\n|\n|t:|1700154924\n|switch|p2a: Alomomola|Alomomola, F|100\/100\n|move|p1a: Face of OU|Knock Off|p2a: Alomomola\n|-damage|p2a: Alomomola|89\/100\n|\n|-heal|p1a: Face of OU|90\/100 tox|[from] item: Leftovers\n|-damage|p1a: Face of OU|78\/100 tox|[from] psn\n|upkeep\n|turn|16\n|\n|t:|1700154932\n|move|p1a: Face of OU|Defog|p2a: Alomomola\n|-unboost|p2a: Alomomola|evasion|1\n|-sideend|p1: Drascore666|Stealth Rock|[from] move: Defog|[of] p1a: Face of OU\n|move|p2a: Alomomola|Flip Turn|p1a: Face of OU\n|-supereffective|p1a: Face of OU\n|-damage|p1a: Face of OU|55\/100 tox\n|\n|t:|1700154937\n|switch|p2a: Tangrowth|Tangrowth, F|100\/100|[from] Flip Turn\n|\n|-heal|p1a: Face of OU|61\/100 tox|[from] item: Leftovers\n|-damage|p1a: Face of OU|43\/100 tox|[from] psn\n|upkeep\n|turn|17\n|\n|t:|1700154944\n|move|p1a: Face of OU|U-turn|p2a: Tangrowth\n|-supereffective|p2a: Tangrowth\n|-damage|p2a: Tangrowth|76\/100\n|-damage|p1a: Face of OU|27\/100 tox|[from] item: Rocky Helmet|[of] p2a: Tangrowth\n|\n|t:|1700154949\n|switch|p1a: TheChikenFinalyFly|Moltres|100\/100|[from] U-turn\n|move|p2a: Tangrowth|Hidden Power|p1a: TheChikenFinalyFly\n|-damage|p1a: TheChikenFinalyFly|85\/100\n|\n|upkeep\n|turn|18\n|\n|t:|1700154956\n|switch|p2a: Cresselia|Cresselia, F|71\/100\n|move|p1a: TheChikenFinalyFly|Hurricane|p2a: Cresselia\n|-damage|p2a: Cresselia|41\/100\n|\n|-heal|p2a: Cresselia|48\/100|[from] item: Leftovers\n|upkeep\n|turn|19\n|\n|t:|1700154967\n|switch|p1a: \u00e9bullilave|Heatran, F|54\/100\n|move|p2a: Cresselia|Calm Mind|p2a: Cresselia\n|-boost|p2a: Cresselia|spa|1\n|-boost|p2a: Cresselia|spd|1\n|\n|-heal|p2a: Cresselia|54\/100|[from] item: Leftovers\n|-heal|p1a: \u00e9bullilave|60\/100|[from] item: Leftovers\n|upkeep\n|turn|20\n|\n|t:|1700154976\n|switch|p2a: Ting-Lu|Ting-Lu|88\/100 tox\n|-ability|p2a: Ting-Lu|Vessel of Ruin\n|move|p1a: \u00e9bullilave|Taunt|p2a: Ting-Lu\n|-start|p2a: Ting-Lu|move: Taunt\n|\n|-heal|p1a: \u00e9bullilave|66\/100|[from] item: Leftovers\n|-heal|p2a: Ting-Lu|94\/100 tox|[from] item: Leftovers\n|-damage|p2a: Ting-Lu|88\/100 tox|[from] psn\n|upkeep\n|turn|21\n|\n|t:|1700154990\n|switch|p1a: Le Bg|Kyurem|100\/100\n|-ability|p1a: Le Bg|Pressure\n|move|p2a: Ting-Lu|Ruination|p1a: Le Bg\n|-damage|p1a: Le Bg|50\/100\n|\n|-heal|p1a: Le Bg|57\/100|[from] item: Leftovers\n|-heal|p2a: Ting-Lu|94\/100 tox|[from] item: Leftovers\n|-damage|p2a: Ting-Lu|82\/100 tox|[from] psn\n|upkeep\n|turn|22\n|\n|t:|1700155000\n|switch|p2a: Alomomola|Alomomola, F|100\/100\n|move|p1a: Le Bg|Dragon Dance|p1a: Le Bg\n|-boost|p1a: Le Bg|atk|1\n|-boost|p1a: Le Bg|spe|1\n|\n|-heal|p1a: Le Bg|63\/100|[from] item: Leftovers\n|upkeep\n|turn|23\n|\n|t:|1700155007\n|move|p1a: Le Bg|Substitute|p1a: Le Bg\n|-start|p1a: Le Bg|Substitute\n|-damage|p1a: Le Bg|38\/100\n|move|p2a: Alomomola|Toxic||[still]\n|-fail|p2a: Alomomola\n|\n|-heal|p1a: Le Bg|44\/100|[from] item: Leftovers\n|upkeep\n|turn|24\n|\n|t:|1700155015\n|move|p1a: Le Bg|Dragon Dance|p1a: Le Bg\n|-boost|p1a: Le Bg|atk|1\n|-boost|p1a: Le Bg|spe|1\n|move|p2a: Alomomola|Flip Turn|p1a: Le Bg\n|-resisted|p1a: Le Bg\n|-activate|p1a: Le Bg|move: Substitute|[damage]\n|\n|t:|1700155018\n|switch|p2a: Ting-Lu|Ting-Lu|82\/100 tox|[from] Flip Turn\n|-ability|p2a: Ting-Lu|Vessel of Ruin\n|\n|-heal|p1a: Le Bg|50\/100|[from] item: Leftovers\n|-heal|p2a: Ting-Lu|88\/100 tox|[from] item: Leftovers\n|-damage|p2a: Ting-Lu|82\/100 tox|[from] psn\n|upkeep\n|turn|25\n|\n|t:|1700155029\n|move|p1a: Le Bg|Dragon Dance|p1a: Le Bg\n|-boost|p1a: Le Bg|atk|1\n|-boost|p1a: Le Bg|spe|1\n|move|p2a: Ting-Lu|Whirlwind|p1a: Le Bg\n|drag|p1a: Fury (wolf)|Lopunny, M|100\/100\n|\n|-heal|p2a: Ting-Lu|88\/100 tox|[from] item: Leftovers\n|-damage|p2a: Ting-Lu|76\/100 tox|[from] psn\n|upkeep\n|turn|26\n|\n|t:|1700155041\n|switch|p2a: Tangrowth|Tangrowth, F|100\/100\n|detailschange|p1a: Fury (wolf)|Lopunny-Mega, M\n|-mega|p1a: Fury (wolf)|Lopunny|Lopunnite\n|move|p1a: Fury (wolf)|U-turn|p2a: Tangrowth\n|-supereffective|p2a: Tangrowth\n|-damage|p2a: Tangrowth|73\/100\n|-damage|p1a: Fury (wolf)|84\/100|[from] item: Rocky Helmet|[of] p2a: Tangrowth\n|\n|t:|1700155049\n|switch|p1a: TheChikenFinalyFly|Moltres|85\/100|[from] U-turn\n|\n|upkeep\n|turn|27\n|\n|t:|1700155056\n|switch|p2a: Cresselia|Cresselia, F|54\/100\n|move|p1a: TheChikenFinalyFly|Fire Blast|p2a: Cresselia\n|-damage|p2a: Cresselia|22\/100\n|\n|-heal|p2a: Cresselia|28\/100|[from] item: Leftovers\n|upkeep\n|turn|28\n|\n|t:|1700155064\n|switch|p2a: Alomomola|Alomomola, F|100\/100\n|move|p1a: TheChikenFinalyFly|Fire Blast|p2a: Alomomola\n|-resisted|p2a: Alomomola\n|-damage|p2a: Alomomola|62\/100\n|\n|upkeep\n|turn|29\n|\n|t:|1700155070\n|move|p1a: TheChikenFinalyFly|Hurricane|p2a: Alomomola\n|-damage|p2a: Alomomola|0 fnt\n|faint|p2a: Alomomola\n|\n|upkeep\n|\n|t:|1700155076\n|switch|p2a: Cresselia|Cresselia, F|28\/100\n|turn|30\n|\n|t:|1700155079\n|move|p1a: TheChikenFinalyFly|Fire Blast|p2a: Cresselia|[miss]\n|-miss|p1a: TheChikenFinalyFly|p2a: Cresselia\n|move|p2a: Cresselia|Moonlight|p2a: Cresselia\n|-heal|p2a: Cresselia|78\/100\n|\n|-heal|p2a: Cresselia|85\/100|[from] item: Leftovers\n|upkeep\n|turn|31\n|\n|t:|1700155086\n|move|p1a: TheChikenFinalyFly|U-turn|p2a: Cresselia\n|-supereffective|p2a: Cresselia\n|-damage|p2a: Cresselia|65\/100\n|\n|t:|1700155090\n|switch|p1a: \u00e9bullilave|Heatran, F|66\/100|[from] U-turn\n|move|p2a: Cresselia|Calm Mind|p2a: Cresselia\n|-boost|p2a: Cresselia|spa|1\n|-boost|p2a: Cresselia|spd|1\n|\n|-heal|p2a: Cresselia|71\/100|[from] item: Leftovers\n|-heal|p1a: \u00e9bullilave|73\/100|[from] item: Leftovers\n|upkeep\n|turn|32\n|\n|t:|1700155098\n|-terastallize|p2a: Cresselia|Poison\n|move|p2a: Cresselia|Calm Mind|p2a: Cresselia\n|-boost|p2a: Cresselia|spa|1\n|-boost|p2a: Cresselia|spd|1\n|move|p1a: \u00e9bullilave|Taunt|p2a: Cresselia\n|-start|p2a: Cresselia|move: Taunt\n|\n|-heal|p2a: Cresselia|78\/100|[from] item: Leftovers\n|-heal|p1a: \u00e9bullilave|79\/100|[from] item: Leftovers\n|upkeep\n|turn|33\n|\n|t:|1700155108\n|move|p2a: Cresselia|Stored Power|p1a: \u00e9bullilave\n|-resisted|p1a: \u00e9bullilave\n|-damage|p1a: \u00e9bullilave|62\/100\n|move|p1a: \u00e9bullilave|Magma Storm|p2a: Cresselia\n|-damage|p2a: Cresselia|67\/100\n|-activate|p2a: Cresselia|move: Magma Storm|[of] p1a: \u00e9bullilave\n|\n|-heal|p2a: Cresselia|73\/100|[from] item: Leftovers\n|-heal|p1a: \u00e9bullilave|68\/100|[from] item: Leftovers\n|-damage|p2a: Cresselia|61\/100|[from] move: Magma Storm|[partiallytrapped]\n|upkeep\n|turn|34\n|\n|t:|1700155123\n|move|p2a: Cresselia|Stored Power|p1a: \u00e9bullilave\n|-resisted|p1a: \u00e9bullilave\n|-damage|p1a: \u00e9bullilave|52\/100\n|move|p1a: \u00e9bullilave|Magma Storm|p2a: Cresselia\n|-damage|p2a: Cresselia|51\/100\n|\n|-heal|p2a: Cresselia|57\/100|[from] item: Leftovers\n|-heal|p1a: \u00e9bullilave|58\/100|[from] item: Leftovers\n|-damage|p2a: Cresselia|44\/100|[from] move: Magma Storm|[partiallytrapped]\n|upkeep\n|turn|35\n|\n|t:|1700155138\n|move|p2a: Cresselia|Stored Power|p1a: \u00e9bullilave\n|-resisted|p1a: \u00e9bullilave\n|-damage|p1a: \u00e9bullilave|42\/100\n|move|p1a: \u00e9bullilave|Stealth Rock|p2a: Cresselia\n|-sidestart|p2: nice ct|move: Stealth Rock\n|\n|-heal|p2a: Cresselia|51\/100|[from] item: Leftovers\n|-heal|p1a: \u00e9bullilave|48\/100|[from] item: Leftovers\n|-damage|p2a: Cresselia|38\/100|[from] move: Magma Storm|[partiallytrapped]\n|-end|p2a: Cresselia|move: Taunt\n|upkeep\n|turn|36\n|\n|t:|1700155148\n|move|p2a: Cresselia|Moonlight|p2a: Cresselia\n|-heal|p2a: Cresselia|88\/100\n|move|p1a: \u00e9bullilave|Taunt|p2a: Cresselia\n|-start|p2a: Cresselia|move: Taunt\n|\n|-heal|p2a: Cresselia|94\/100|[from] item: Leftovers\n|-heal|p1a: \u00e9bullilave|54\/100|[from] item: Leftovers\n|-damage|p2a: Cresselia|82\/100|[from] move: Magma Storm|[partiallytrapped]\n|upkeep\n|turn|37\n|\n|t:|1700155175\n|switch|p1a: Face of OU|Landorus-Therian, M|27\/100 tox\n|-ability|p1a: Face of OU|Intimidate|boost\n|-unboost|p2a: Cresselia|atk|1\n|move|p2a: Cresselia|Stored Power|p1a: Face of OU\n|-damage|p1a: Face of OU|0 fnt\n|faint|p1a: Face of OU\n|\n|-heal|p2a: Cresselia|88\/100|[from] item: Leftovers\n|-end|p2a: Cresselia|Magma Storm|[partiallytrapped]|[silent]\n|upkeep\n|inactive|Drascore666 has 120 seconds left.\n|\n|t:|1700155190\n|switch|p1a: Fury (wolf)|Lopunny-Mega, M|84\/100\n|turn|38\n|\n|t:|1700155193\n|move|p1a: Fury (wolf)|Return|p2a: Cresselia\n|-damage|p2a: Cresselia|53\/100\n|move|p2a: Cresselia|Stored Power|p1a: Fury (wolf)\n|-supereffective|p1a: Fury (wolf)\n|-damage|p1a: Fury (wolf)|0 fnt\n|faint|p1a: Fury (wolf)\n|\n|-heal|p2a: Cresselia|59\/100|[from] item: Leftovers\n|upkeep\n|inactive|Drascore666 has 120 seconds left.\n|\n|t:|1700155204\n|switch|p1a: Le Bg|Kyurem|50\/100\n|-ability|p1a: Le Bg|Pressure\n|turn|39\n|\n|t:|1700155208\n|move|p1a: Le Bg|Roost|p1a: Le Bg\n|-heal|p1a: Le Bg|99\/100\n|-singleturn|p1a: Le Bg|move: Roost\n|move|p2a: Cresselia|Moonblast|p1a: Le Bg\n|-supereffective|p1a: Le Bg\n|-damage|p1a: Le Bg|39\/100\n|\n|-heal|p1a: Le Bg|46\/100|[from] item: Leftovers\n|-heal|p2a: Cresselia|65\/100|[from] item: Leftovers\n|-end|p2a: Cresselia|move: Taunt\n|upkeep\n|turn|40\n|\n|t:|1700155220\n|-terastallize|p1a: Le Bg|Water\n|move|p1a: Le Bg|Roost|p1a: Le Bg\n|-heal|p1a: Le Bg|96\/100\n|move|p2a: Cresselia|Moonblast|p1a: Le Bg\n|-damage|p1a: Le Bg|67\/100\n|\n|-heal|p1a: Le Bg|73\/100|[from] item: Leftovers\n|-heal|p2a: Cresselia|71\/100|[from] item: Leftovers\n|upkeep\n|turn|41\n|\n|t:|1700155233\n|move|p1a: Le Bg|Dragon Dance|p1a: Le Bg\n|-boost|p1a: Le Bg|atk|1\n|-boost|p1a: Le Bg|spe|1\n|move|p2a: Cresselia|Stored Power|p1a: Le Bg\n|-damage|p1a: Le Bg|29\/100\n|\n|-heal|p1a: Le Bg|35\/100|[from] item: Leftovers\n|-heal|p2a: Cresselia|78\/100|[from] item: Leftovers\n|upkeep\n|turn|42\n|\n|t:|1700155244\n|move|p1a: Le Bg|Substitute|p1a: Le Bg\n|-start|p1a: Le Bg|Substitute\n|-damage|p1a: Le Bg|10\/100\n|move|p2a: Cresselia|Stored Power|p1a: Le Bg\n|-end|p1a: Le Bg|Substitute\n|\n|-heal|p1a: Le Bg|17\/100|[from] item: Leftovers\n|-heal|p2a: Cresselia|84\/100|[from] item: Leftovers\n|upkeep\n|turn|43\n|\n|t:|1700155252\n|move|p1a: Le Bg|Roost|p1a: Le Bg\n|-heal|p1a: Le Bg|67\/100\n|move|p2a: Cresselia|Stored Power|p1a: Le Bg\n|-damage|p1a: Le Bg|23\/100\n|\n|-heal|p1a: Le Bg|29\/100|[from] item: Leftovers\n|-heal|p2a: Cresselia|90\/100|[from] item: Leftovers\n|upkeep\n|turn|44\n|\n|t:|1700155260\n|move|p1a: Le Bg|Substitute|p1a: Le Bg\n|-start|p1a: Le Bg|Substitute\n|-damage|p1a: Le Bg|4\/100\n|move|p2a: Cresselia|Stored Power|p1a: Le Bg\n|-end|p1a: Le Bg|Substitute\n|\n|-heal|p1a: Le Bg|10\/100|[from] item: Leftovers\n|-heal|p2a: Cresselia|96\/100|[from] item: Leftovers\n|upkeep\n|turn|45\n|\n|t:|1700155268\n|move|p1a: Le Bg|Roost|p1a: Le Bg\n|-heal|p1a: Le Bg|60\/100\n|move|p2a: Cresselia|Stored Power|p1a: Le Bg\n|-damage|p1a: Le Bg|15\/100\n|\n|-heal|p1a: Le Bg|21\/100|[from] item: Leftovers\n|-heal|p2a: Cresselia|100\/100|[from] item: Leftovers\n|upkeep\n|turn|46\n|\n|t:|1700155276\n|move|p1a: Le Bg|Roost|p1a: Le Bg\n|-heal|p1a: Le Bg|71\/100\n|move|p2a: Cresselia|Stored Power|p1a: Le Bg\n|-damage|p1a: Le Bg|25\/100\n|\n|-heal|p1a: Le Bg|31\/100|[from] item: Leftovers\n|upkeep\n|turn|47\n|\n|t:|1700155294\n|move|p1a: Le Bg|Substitute|p1a: Le Bg\n|-start|p1a: Le Bg|Substitute\n|-damage|p1a: Le Bg|6\/100\n|move|p2a: Cresselia|Calm Mind|p2a: Cresselia\n|-boost|p2a: Cresselia|spa|1\n|-boost|p2a: Cresselia|spd|1\n|\n|-heal|p1a: Le Bg|12\/100|[from] item: Leftovers\n|upkeep\n|turn|48\n|\n|t:|1700155308\n|move|p1a: Le Bg|Dragon Dance|p1a: Le Bg\n|-boost|p1a: Le Bg|atk|1\n|-boost|p1a: Le Bg|spe|1\n|move|p2a: Cresselia|Moonblast|p1a: Le Bg\n|-end|p1a: Le Bg|Substitute\n|\n|-heal|p1a: Le Bg|19\/100|[from] item: Leftovers\n|upkeep\n|turn|49\n|\n|t:|1700155316\n|move|p1a: Le Bg|Roost|p1a: Le Bg\n|-heal|p1a: Le Bg|69\/100\n|move|p2a: Cresselia|Moonblast|p1a: Le Bg\n|-damage|p1a: Le Bg|35\/100\n|\n|-heal|p1a: Le Bg|41\/100|[from] item: Leftovers\n|upkeep\n|turn|50\n|\n|t:|1700155336\n|switch|p2a: Ting-Lu|Ting-Lu|76\/100 tox\n|-damage|p2a: Ting-Lu|69\/100 tox|[from] Stealth Rock\n|-ability|p2a: Ting-Lu|Vessel of Ruin\n|move|p1a: Le Bg|Icicle Spear|p2a: Ting-Lu\n|-supereffective|p2a: Ting-Lu\n|-damage|p2a: Ting-Lu|47\/100 tox\n|-supereffective|p2a: Ting-Lu\n|-damage|p2a: Ting-Lu|21\/100 tox\n|-supereffective|p2a: Ting-Lu\n|-damage|p2a: Ting-Lu|0 fnt\n|faint|p2a: Ting-Lu\n|-hitcount|p2: Ting-Lu|3\n|\n|-heal|p1a: Le Bg|47\/100|[from] item: Leftovers\n|upkeep\n|\n|t:|1700155339\n|switch|p2a: Banette|Banette, F|100\/100\n|-damage|p2a: Banette|88\/100|[from] Stealth Rock\n|-item|p1a: Le Bg|Leftovers|[from] ability: Frisk|[of] p2a: Banette|[identify]\n|turn|51\n|\n|t:|1700155360\n|detailschange|p2a: Banette|Banette-Mega, F\n|-mega|p2a: Banette|Banette|Banettite\n|move|p2a: Banette|Destiny Bond|p2a: Banette\n|-singlemove|p2a: Banette|Destiny Bond\n|move|p1a: Le Bg|Substitute|p1a: Le Bg\n|-start|p1a: Le Bg|Substitute\n|-damage|p1a: Le Bg|23\/100\n|\n|-heal|p1a: Le Bg|29\/100|[from] item: Leftovers\n|upkeep\n|turn|52\n|\n|t:|1700155371\n|move|p1a: Le Bg|Roost|p1a: Le Bg\n|-heal|p1a: Le Bg|79\/100\n|move|p2a: Banette|Poltergeist|p1a: Le Bg\n|-activate|p1a: Le Bg|move: Poltergeist|Leftovers\n|-end|p1a: Le Bg|Substitute\n|\n|-heal|p1a: Le Bg|85\/100|[from] item: Leftovers\n|upkeep\n|turn|53\n|\n|t:|1700155382\n|move|p2a: Banette|Destiny Bond|p2a: Banette\n|-singlemove|p2a: Banette|Destiny Bond\n|move|p1a: Le Bg|Icicle Spear|p2a: Banette\n|-damage|p2a: Banette|58\/100\n|-damage|p2a: Banette|29\/100\n|-hitcount|p2a: Banette|2\n|\n|-heal|p1a: Le Bg|91\/100|[from] item: Leftovers\n|upkeep\n|turn|54\n|\n|t:|1700155390\n|move|p1a: Le Bg|Substitute|p1a: Le Bg\n|-start|p1a: Le Bg|Substitute\n|-damage|p1a: Le Bg|66\/100\n|move|p2a: Banette|Knock Off|p1a: Le Bg\n|-end|p1a: Le Bg|Substitute\n|\n|-heal|p1a: Le Bg|72\/100|[from] item: Leftovers\n|upkeep\n|turn|55\n|\n|t:|1700155397\n|move|p2a: Banette|Destiny Bond|p2a: Banette\n|-singlemove|p2a: Banette|Destiny Bond\n|move|p1a: Le Bg|Substitute|p1a: Le Bg\n|-start|p1a: Le Bg|Substitute\n|-damage|p1a: Le Bg|47\/100\n|\n|-heal|p1a: Le Bg|54\/100|[from] item: Leftovers\n|upkeep\n|turn|56\n|\n|t:|1700155403\n|move|p1a: Le Bg|Icicle Spear|p2a: Banette\n|-damage|p2a: Banette|2\/100\n|-damage|p2a: Banette|0 fnt\n|faint|p2a: Banette\n|-activate|p2a: Banette|move: Destiny Bond\n|faint|p1a: Le Bg\n|-hitcount|p2: Banette|2\n|\n|upkeep\n|\n|t:|1700155414\n|switch|p1a: \u00e9bullilave|Heatran, F|54\/100\n|switch|p2a: Cresselia|Cresselia, F, tera:Poison|100\/100\n|-damage|p2a: Cresselia|88\/100|[from] Stealth Rock\n|turn|57\n|\n|t:|1700155421\n|move|p2a: Cresselia|Calm Mind|p2a: Cresselia\n|-boost|p2a: Cresselia|spa|1\n|-boost|p2a: Cresselia|spd|1\n|move|p1a: \u00e9bullilave|Taunt|p2a: Cresselia\n|-start|p2a: Cresselia|move: Taunt\n|\n|-heal|p2a: Cresselia|94\/100|[from] item: Leftovers\n|-heal|p1a: \u00e9bullilave|60\/100|[from] item: Leftovers\n|upkeep\n|turn|58\n|\n|t:|1700155438\n|move|p2a: Cresselia|Moonblast|p1a: \u00e9bullilave\n|-resisted|p1a: \u00e9bullilave\n|-damage|p1a: \u00e9bullilave|56\/100\n|move|p1a: \u00e9bullilave|Magma Storm|p2a: Cresselia|[miss]\n|-miss|p1a: \u00e9bullilave|p2a: Cresselia\n|\n|-heal|p2a: Cresselia|100\/100|[from] item: Leftovers\n|-heal|p1a: \u00e9bullilave|62\/100|[from] item: Leftovers\n|upkeep\n|turn|59\n|\n|t:|1700155456\n|move|p2a: Cresselia|Moonblast|p1a: \u00e9bullilave\n|-resisted|p1a: \u00e9bullilave\n|-damage|p1a: \u00e9bullilave|59\/100\n|move|p1a: \u00e9bullilave|Toxic|p2a: Cresselia\n|-immune|p2a: Cresselia\n|\n|-heal|p1a: \u00e9bullilave|65\/100|[from] item: Leftovers\n|upkeep\n|turn|60\n|\n|t:|1700155466\n|move|p2a: Cresselia|Moonblast|p1a: \u00e9bullilave\n|-resisted|p1a: \u00e9bullilave\n|-damage|p1a: \u00e9bullilave|61\/100\n|move|p1a: \u00e9bullilave|Taunt||[still]\n|-fail|p1a: \u00e9bullilave\n|\n|-heal|p1a: \u00e9bullilave|68\/100|[from] item: Leftovers\n|-end|p2a: Cresselia|move: Taunt\n|upkeep\n|turn|61\n|\n|t:|1700155474\n|move|p2a: Cresselia|Calm Mind|p2a: Cresselia\n|-boost|p2a: Cresselia|spa|1\n|-boost|p2a: Cresselia|spd|1\n|move|p1a: \u00e9bullilave|Taunt|p2a: Cresselia\n|-start|p2a: Cresselia|move: Taunt\n|\n|-heal|p1a: \u00e9bullilave|74\/100|[from] item: Leftovers\n|upkeep\n|turn|62\n|\n|t:|1700155481\n|move|p2a: Cresselia|Moonblast|p1a: \u00e9bullilave\n|-resisted|p1a: \u00e9bullilave\n|-damage|p1a: \u00e9bullilave|69\/100\n|move|p1a: \u00e9bullilave|Toxic|p2a: Cresselia\n|-immune|p2a: Cresselia\n|\n|-heal|p1a: \u00e9bullilave|75\/100|[from] item: Leftovers\n|upkeep\n|turn|63\n|\n|t:|1700155489\n|move|p2a: Cresselia|Moonblast|p1a: \u00e9bullilave\n|-resisted|p1a: \u00e9bullilave\n|-damage|p1a: \u00e9bullilave|70\/100\n|move|p1a: \u00e9bullilave|Toxic|p2a: Cresselia\n|-immune|p2a: Cresselia\n|\n|-heal|p1a: \u00e9bullilave|76\/100|[from] item: Leftovers\n|upkeep\n|turn|64\n|-message|nice ct forfeited.\n|\n|win|Drascore666\n|raw|Drascore666's rating: 1505 &rarr; <strong>1531<\/strong><br \/>(+26 for winning)\n|raw|nice ct's rating: 1606 &rarr; <strong>1580<\/strong><br \/>(-26 for losing)\n|l|\u2606nice ct\n","uploadtime":1700155504,"views":5,"p1id":"drascore666","p2id":"nicect","formatid":"gen9nationaldex","rating":1531,"private":0,"password":""}