{"id":"gen9nationaldex-1987621037","p1":"xnckkc","p2":"KhoaMTC","format":"[Gen 9] National Dex","log":"|j|\u2606xnckkc\n|j|\u2606KhoaMTC\n|t:|1699620610\n|gametype|singles\n|player|p1|xnckkc|2|1208\n|player|p2|KhoaMTC|265|1172\n|teamsize|p1|6\n|teamsize|p2|6\n|gen|9\n|tier|[Gen 9] National Dex\n|rated|\n|rule|HP Percentage Mod: HP is shown in percentages\n|rule|Endless Battle Clause: Forcing endless battles is banned\n|rule|OHKO Clause: OHKO moves are banned\n|rule|Evasion Clause: Evasion abilities, items, and moves are banned\n|rule|Evasion Abilities Clause: Evasion abilities are banned\n|rule|Evasion Items Clause: Evasion items are banned\n|rule|Evasion Moves Clause: Evasion moves are banned\n|rule|Species Clause: Limit one of each Pok\u00e9mon\n|rule|Sleep Clause Mod: Limit one foe put to sleep\n|clearpoke\n|poke|p1|Kleavor, F|\n|poke|p1|Bisharp, F|\n|poke|p1|Great Tusk|\n|poke|p1|Medicham, F|\n|poke|p1|Ribombee, M|\n|poke|p1|Jirachi|\n|poke|p2|Grimmsnarl, M|\n|poke|p2|Durant, F|\n|poke|p2|Hydreigon, M|\n|poke|p2|Moltres|\n|poke|p2|Sinistcha-Masterpiece|\n|poke|p2|Tornadus, M|\n|teampreview\n|inactive|Battle timer is ON: inactive players will automatically lose when time's up. (requested by xnckkc)\n|\n|t:|1699620632\n|start\n|switch|p1a: Jirachi|Jirachi|100\/100\n|switch|p2a: Moltres|Moltres|100\/100\n|turn|1\n|\n|t:|1699620637\n|move|p1a: Jirachi|Ancient Power|p2a: Moltres\n|-supereffective|p2a: Moltres\n|-damage|p2a: Moltres|21\/100\n|-enditem|p2a: Moltres|Weakness Policy\n|-boost|p2a: Moltres|atk|2|[from] item: Weakness Policy\n|-boost|p2a: Moltres|spa|2|[from] item: Weakness Policy\n|move|p2a: Moltres|Flame Charge|p1a: Jirachi\n|-supereffective|p1a: Jirachi\n|-damage|p1a: Jirachi|39\/100\n|-boost|p2a: Moltres|spe|1\n|\n|-heal|p1a: Jirachi|45\/100|[from] item: Leftovers\n|upkeep\n|turn|2\n|\n|t:|1699620644\n|move|p2a: Moltres|Flamethrower|p1a: Jirachi\n|-supereffective|p1a: Jirachi\n|-damage|p1a: Jirachi|0 fnt\n|faint|p1a: Jirachi\n|\n|upkeep\n|\n|t:|1699620655\n|switch|p1a: Medicham|Medicham, F|100\/100\n|turn|3\n|\n|t:|1699620682\n|detailschange|p1a: Medicham|Medicham-Mega, F\n|-mega|p1a: Medicham|Medicham|Medichamite\n|move|p1a: Medicham|Fake Out|p2a: Moltres\n|-damage|p2a: Moltres|0 fnt\n|faint|p2a: Moltres\n|\n|upkeep\n|\n|t:|1699620689\n|switch|p2a: Sinistcha|Sinistcha-Masterpiece|100\/100\n|turn|4\n|\n|t:|1699620708\n|move|p1a: Medicham|Psycho Cut|p2a: Sinistcha\n|-damage|p2a: Sinistcha|41\/100\n|move|p2a: Sinistcha|Stun Spore|p1a: Medicham\n|-status|p1a: Medicham|par\n|\n|upkeep\n|turn|5\n|\n|t:|1699620713\n|move|p2a: Sinistcha|Matcha Gotcha|p1a: Medicham|[miss]\n|-miss|p2a: Sinistcha|p1a: Medicham\n|-enditem|p2a: Sinistcha|Blunder Policy\n|-boost|p2a: Sinistcha|spe|2\n|move|p1a: Medicham|Psycho Cut|p2a: Sinistcha\n|-damage|p2a: Sinistcha|0 fnt\n|faint|p2a: Sinistcha\n|\n|upkeep\n|\n|t:|1699620719\n|switch|p2a: Tornadus|Tornadus, M|100\/100\n|turn|6\n|\n|t:|1699620722\n|move|p2a: Tornadus|Swagger|p1a: Medicham\n|-boost|p1a: Medicham|atk|2\n|-enditem|p2a: Tornadus|Mirror Herb\n|-boost|p2a: Tornadus|atk|2|[from] item: Mirror Herb\n|-start|p1a: Medicham|confusion\n|-activate|p1a: Medicham|confusion\n|move|p1a: Medicham|Ice Punch|p2a: Tornadus\n|-supereffective|p2a: Tornadus\n|-damage|p2a: Tornadus|0 fnt\n|faint|p2a: Tornadus\n|\n|upkeep\n|\n|t:|1699620725\n|switch|p2a: Durant|Durant, F|100\/100\n|turn|7\n|\n|t:|1699620735\n|move|p2a: Durant|Hone Claws|p2a: Durant\n|-boost|p2a: Durant|atk|1\n|-boost|p2a: Durant|accuracy|1\n|-activate|p1a: Medicham|confusion\n|move|p1a: Medicham|Close Combat|p2a: Durant\n|-damage|p2a: Durant|0 fnt\n|-unboost|p1a: Medicham|def|1\n|-unboost|p1a: Medicham|spd|1\n|faint|p2a: Durant\n|\n|upkeep\n|\n|t:|1699620759\n|switch|p2a: Hydreigon|Hydreigon, M|100\/100\n|turn|8\n|\n|t:|1699620762\n|move|p2a: Hydreigon|Dragon Dance|p2a: Hydreigon\n|-boost|p2a: Hydreigon|atk|1\n|-boost|p2a: Hydreigon|spe|1\n|-activate|p1a: Medicham|confusion\n|move|p1a: Medicham|Close Combat|p2a: Hydreigon\n|-supereffective|p2a: Hydreigon\n|-damage|p2a: Hydreigon|0 fnt\n|-unboost|p1a: Medicham|def|1\n|-unboost|p1a: Medicham|spd|1\n|faint|p2a: Hydreigon\n|\n|upkeep\n|-message|KhoaMTC forfeited.\n|\n|win|xnckkc\n|raw|xnckkc's rating: 1208 &rarr; <strong>1230<\/strong><br \/>(+22 for winning)\n|raw|KhoaMTC's rating: 1172 &rarr; <strong>1150<\/strong><br \/>(-22 for losing)\n|l|\u2606KhoaMTC\n","uploadtime":1699620776,"views":12,"p1id":"xnckkc","p2id":"khoamtc","formatid":"gen9nationaldex","rating":1150,"private":0,"password":""}