{"id":"gen9nationaldex-1993290064","p1":"pdswww","p2":"coolmanchew666","format":"[Gen 9] National Dex","log":"|j|\u2606pdswww\n|j|\u2606coolmanchew666\n|t:|1700291339\n|gametype|singles\n|player|p1|pdswww|unknown|1144\n|player|p2|coolmanchew666|sabrina|1093\n|teamsize|p1|6\n|teamsize|p2|6\n|gen|9\n|tier|[Gen 9] National Dex\n|rated|\n|rule|HP Percentage Mod: HP is shown in percentages\n|rule|Endless Battle Clause: Forcing endless battles is banned\n|rule|OHKO Clause: OHKO moves are banned\n|rule|Evasion Clause: Evasion abilities, items, and moves are banned\n|rule|Evasion Abilities Clause: Evasion abilities are banned\n|rule|Evasion Items Clause: Evasion items are banned\n|rule|Evasion Moves Clause: Evasion moves are banned\n|rule|Species Clause: Limit one of each Pok\u00e9mon\n|rule|Sleep Clause Mod: Limit one foe put to sleep\n|clearpoke\n|poke|p1|Gliscor, F|\n|poke|p1|Urshifu-*, F|\n|poke|p1|Ferrothorn, M|\n|poke|p1|Kommo-o, F|\n|poke|p1|Dragonite, M|\n|poke|p1|Clodsire, F|\n|poke|p2|Manaphy|\n|poke|p2|Tyranitar, M|\n|poke|p2|Ninetales, F|\n|poke|p2|Venomoth, F|\n|poke|p2|Corviknight, M|\n|poke|p2|Espeon, F|\n|teampreview\n|\n|t:|1700291344\n|start\n|switch|p1a: Clodsire|Clodsire, F|100\/100\n|switch|p2a: Espeon|Espeon, F|100\/100\n|turn|1\n|\n|t:|1700291350\n|move|p2a: Espeon|Yawn|p1a: Clodsire\n|-start|p1a: Clodsire|move: Yawn|[of] p2a: Espeon\n|move|p1a: Clodsire|Stealth Rock|p2a: Espeon\n|move|p2a: Espeon|Stealth Rock|p1a: Clodsire|[from]ability: Magic Bounce\n|-sidestart|p1: pdswww|move: Stealth Rock\n|\n|upkeep\n|turn|2\n|\n|t:|1700291367\n|switch|p1a: Gliscor|Gliscor, F|100\/100\n|-damage|p1a: Gliscor|88\/100|[from] Stealth Rock\n|move|p2a: Espeon|Protect||[still]\n|-fail|p2a: Espeon\n|\n|-status|p1a: Gliscor|tox|[from] item: Toxic Orb\n|upkeep\n|turn|3\n|\n|t:|1700291388\n|switch|p2a: Manaphy|Manaphy|100\/100\n|move|p1a: Gliscor|Substitute|p1a: Gliscor\n|-start|p1a: Gliscor|Substitute\n|-damage|p1a: Gliscor|63\/100 tox\n|\n|-heal|p1a: Gliscor|76\/100 tox|[from] ability: Poison Heal\n|upkeep\n|turn|4\n|\n|t:|1700291397\n|move|p2a: Manaphy|Tail Glow|p2a: Manaphy\n|-boost|p2a: Manaphy|spa|3\n|move|p1a: Gliscor|Toxic|p2a: Manaphy\n|-status|p2a: Manaphy|tox\n|\n|-damage|p2a: Manaphy|94\/100 tox|[from] psn\n|-heal|p1a: Gliscor|88\/100 tox|[from] ability: Poison Heal\n|upkeep\n|turn|5\n|\n|t:|1700291407\n|move|p1a: Gliscor|Protect|p1a: Gliscor\n|-singleturn|p1a: Gliscor|Protect\n|move|p2a: Manaphy|Scald|p1a: Gliscor\n|-activate|p1a: Gliscor|move: Protect\n|\n|-damage|p2a: Manaphy|82\/100 tox|[from] psn\n|-heal|p1a: Gliscor|100\/100 tox|[from] ability: Poison Heal\n|upkeep\n|turn|6\n|\n|t:|1700291418\n|move|p2a: Manaphy|Scald|p1a: Gliscor\n|-supereffective|p1a: Gliscor\n|-end|p1a: Gliscor|Substitute\n|move|p1a: Gliscor|Substitute|p1a: Gliscor\n|-start|p1a: Gliscor|Substitute\n|-damage|p1a: Gliscor|76\/100 tox\n|\n|-damage|p2a: Manaphy|64\/100 tox|[from] psn\n|-heal|p1a: Gliscor|88\/100 tox|[from] ability: Poison Heal\n|upkeep\n|turn|7\n|\n|t:|1700291427\n|move|p1a: Gliscor|Protect|p1a: Gliscor\n|-singleturn|p1a: Gliscor|Protect\n|move|p2a: Manaphy|Scald|p1a: Gliscor\n|-activate|p1a: Gliscor|move: Protect\n|\n|-damage|p2a: Manaphy|39\/100 tox|[from] psn\n|-heal|p1a: Gliscor|100\/100 tox|[from] ability: Poison Heal\n|upkeep\n|turn|8\n|inactive|Battle timer is ON: inactive players will automatically lose when time's up. (requested by coolmanchew666)\n|-message|coolmanchew666 forfeited.\n|\n|win|pdswww\n|raw|pdswww's rating: 1144 &rarr; <strong>1165<\/strong><br \/>(+21 for winning)\n|raw|coolmanchew666's rating: 1093 &rarr; <strong>1073<\/strong><br \/>(-20 for losing)\n|l|\u2606coolmanchew666\n","uploadtime":1700291443,"views":6,"p1id":"pdswww","p2id":"coolmanchew666","formatid":"gen9nationaldex","rating":1073,"private":0,"password":""}