{"id":"gen9nationaldex-1997580022","p1":"sdsslsy","p2":"ShuoHe8","format":"[Gen 9] National Dex","log":"|html|<div class=\"broadcast-blue\"><strong>[Gen 9] National Dex is currently suspecting Sneasler! For information on how to participate check out the <a href=\"https:\/\/www.smogon.com\/forums\/threads\/sv-national-dex-suspect-8-just-dance.3731534\/\">suspect thread<\/a>.<\/strong><\/div>\n|j|\u2606sdsslsy\n|j|\u2606ShuoHe8\n|t:|1700828508\n|gametype|singles\n|player|p1|sdsslsy|1|1502\n|player|p2|ShuoHe8|lillie-z|1504\n|teamsize|p1|6\n|teamsize|p2|6\n|gen|9\n|tier|[Gen 9] National Dex\n|rated|\n|rule|HP Percentage Mod: HP is shown in percentages\n|rule|Endless Battle Clause: Forcing endless battles is banned\n|rule|OHKO Clause: OHKO moves are banned\n|rule|Evasion Clause: Evasion abilities, items, and moves are banned\n|rule|Evasion Abilities Clause: Evasion abilities are banned\n|rule|Evasion Items Clause: Evasion items are banned\n|rule|Evasion Moves Clause: Evasion moves are banned\n|rule|Species Clause: Limit one of each Pok\u00e9mon\n|rule|Sleep Clause Mod: Limit one foe put to sleep\n|clearpoke\n|poke|p1|Zeraora|\n|poke|p1|Great Tusk|\n|poke|p1|Aegislash, F|\n|poke|p1|Venusaur, F|\n|poke|p1|Ribombee, F|\n|poke|p1|Manaphy|\n|poke|p2|Banette, F|\n|poke|p2|Thundurus, M|\n|poke|p2|Blaziken, M|\n|poke|p2|Garchomp, F|\n|poke|p2|Iron Valiant|\n|poke|p2|Hydreigon, M|\n|teampreview\n|inactive|Battle timer is ON: inactive players will automatically lose when time's up. (requested by sdsslsy)\n|\n|t:|1700828524\n|start\n|switch|p1a: Ribombee|Ribombee, F|100\/100\n|switch|p2a: Blaziken|Blaziken, M|100\/100\n|turn|1\n|\n|t:|1700828529\n|move|p1a: Ribombee|Sticky Web|p2a: Blaziken\n|-sidestart|p2: ShuoHe8|move: Sticky Web\n|move|p2a: Blaziken|Swords Dance|p2a: Blaziken\n|-boost|p2a: Blaziken|atk|2\n|\n|-ability|p2a: Blaziken|Speed Boost|boost\n|-boost|p2a: Blaziken|spe|1\n|upkeep\n|turn|2\n|j| RedChashmah\n|\n|t:|1700828536\n|move|p2a: Blaziken|Protect|p2a: Blaziken\n|-singleturn|p2a: Blaziken|Protect\n|move|p1a: Ribombee|Moonblast|p2a: Blaziken\n|-activate|p2a: Blaziken|move: Protect\n|\n|-ability|p2a: Blaziken|Speed Boost|boost\n|-boost|p2a: Blaziken|spe|1\n|upkeep\n|turn|3\n|\n|t:|1700828543\n|move|p2a: Blaziken|Flare Blitz|p1a: Ribombee\n|-supereffective|p1a: Ribombee\n|-enditem|p1a: Ribombee|Focus Sash\n|-damage|p1a: Ribombee|1\/100\n|-damage|p2a: Blaziken|72\/100|[from] Recoil\n|move|p1a: Ribombee|Moonblast|p2a: Blaziken\n|-damage|p2a: Blaziken|10\/100\n|-unboost|p2a: Blaziken|spa|1\n|\n|-ability|p2a: Blaziken|Speed Boost|boost\n|-boost|p2a: Blaziken|spe|1\n|upkeep\n|turn|4\n|\n|t:|1700828550\n|move|p2a: Blaziken|Close Combat|p1a: Ribombee\n|-resisted|p1a: Ribombee\n|-damage|p1a: Ribombee|0 fnt\n|-unboost|p2a: Blaziken|def|1\n|-unboost|p2a: Blaziken|spd|1\n|faint|p1a: Ribombee\n|\n|-ability|p2a: Blaziken|Speed Boost|boost\n|-boost|p2a: Blaziken|spe|1\n|upkeep\n|\n|t:|1700828554\n|switch|p1a: Aegislash|Aegislash, F|100\/100\n|-item|p1a: Aegislash|Air Balloon\n|turn|5\n|\n|t:|1700828559\n|-formechange|p1a: Aegislash|Aegislash-Blade||[from] ability: Stance Change\n|move|p1a: Aegislash|Shadow Sneak|p2a: Blaziken\n|-damage|p2a: Blaziken|0 fnt\n|faint|p2a: Blaziken\n|\n|upkeep\n|\n|t:|1700828565\n|switch|p2a: Hydreigon|Hydreigon, M|100\/100\n|turn|6\n|\n|t:|1700828569\n|-formechange|p1a: Aegislash|Aegislash||[from] ability: Stance Change\n|move|p1a: Aegislash|King's Shield|p1a: Aegislash\n|-singleturn|p1a: Aegislash|Protect\n|move|p2a: Hydreigon|Dark Pulse|p1a: Aegislash\n|-activate|p1a: Aegislash|move: Protect\n|\n|upkeep\n|turn|7\n|\n|t:|1700828580\n|switch|p1a: Great Tusk|Great Tusk|100\/100\n|move|p2a: Hydreigon|Dark Pulse|p1a: Great Tusk\n|-resisted|p1a: Great Tusk\n|-damage|p1a: Great Tusk|72\/100\n|\n|-heal|p1a: Great Tusk|78\/100|[from] item: Leftovers\n|upkeep\n|turn|8\n|\n|t:|1700828590\n|switch|p2a: Banette|Banette, F|100\/100\n|-activate|p2a: Banette|move: Sticky Web\n|-unboost|p2a: Banette|spe|1\n|-item|p1a: Great Tusk|Leftovers|[from] ability: Frisk|[of] p2a: Banette|[identify]\n|-end|p1a: Great Tusk|Protosynthesis|[silent]\n|switch|p1a: Aegislash|Aegislash, F|100\/100\n|-item|p1a: Aegislash|Air Balloon\n|\n|upkeep\n|turn|9\n|\n|t:|1700828601\n|detailschange|p2a: Banette|Banette-Mega, F\n|-mega|p2a: Banette|Banette|Banettite\n|move|p2a: Banette|Will-O-Wisp|p1a: Aegislash\n|-status|p1a: Aegislash|brn\n|move|p1a: Aegislash|Toxic|p2a: Banette\n|-status|p2a: Banette|tox\n|\n|-damage|p2a: Banette|94\/100 tox|[from] psn\n|-damage|p1a: Aegislash|94\/100 brn|[from] brn\n|upkeep\n|turn|10\n|\n|t:|1700828611\n|move|p1a: Aegislash|King's Shield|p1a: Aegislash\n|-singleturn|p1a: Aegislash|Protect\n|move|p2a: Banette|Poltergeist|p1a: Aegislash\n|-activate|p1a: Aegislash|move: Protect\n|\n|-damage|p2a: Banette|82\/100 tox|[from] psn\n|-damage|p1a: Aegislash|88\/100 brn|[from] brn\n|upkeep\n|turn|11\n|\n|t:|1700828621\n|-formechange|p1a: Aegislash|Aegislash-Blade||[from] ability: Stance Change\n|move|p1a: Aegislash|Shadow Ball|p2a: Banette\n|-supereffective|p2a: Banette\n|-damage|p2a: Banette|0 fnt\n|faint|p2a: Banette\n|\n|-damage|p1a: Aegislash|82\/100 brn|[from] brn\n|upkeep\n|\n|t:|1700828628\n|switch|p2a: Hydreigon|Hydreigon, M|100\/100\n|turn|12\n|\n|t:|1700828636\n|-formechange|p1a: Aegislash|Aegislash||[from] ability: Stance Change\n|move|p1a: Aegislash|King's Shield|p1a: Aegislash\n|-singleturn|p1a: Aegislash|Protect\n|move|p2a: Hydreigon|Fire Blast|p1a: Aegislash\n|-activate|p1a: Aegislash|move: Protect\n|\n|-damage|p1a: Aegislash|76\/100 brn|[from] brn\n|upkeep\n|turn|13\n|\n|t:|1700828644\n|switch|p2a: Thundurus|Thundurus, M|100\/100\n|switch|p1a: Manaphy|Manaphy|100\/100\n|\n|upkeep\n|turn|14\n|\n|t:|1700828652\n|switch|p1a: Zeraora|Zeraora|100\/100\n|move|p2a: Thundurus|Bulk Up|p2a: Thundurus\n|-boost|p2a: Thundurus|atk|1\n|-boost|p2a: Thundurus|def|1\n|\n|upkeep\n|turn|15\n|\n|t:|1700828660\n|move|p1a: Zeraora|Plasma Fists|p2a: Thundurus\n|-damage|p2a: Thundurus|22\/100\n|-fieldactivate|move: Ion Deluge\n|-hint|Normal-type moves become Electric-type after using Plasma Fists.\n|move|p2a: Thundurus|Bulk Up|p2a: Thundurus\n|-boost|p2a: Thundurus|atk|1\n|-boost|p2a: Thundurus|def|1\n|\n|upkeep\n|turn|16\n|j| Bagpipie\n|\n|t:|1700828667\n|-terastallize|p2a: Thundurus|Ground\n|move|p1a: Zeraora|Plasma Fists|p2a: Thundurus\n|-immune|p2a: Thundurus\n|move|p2a: Thundurus|Tera Blast|p1a: Zeraora|[anim] Tera Blast Ground\n|-supereffective|p1a: Zeraora\n|-damage|p1a: Zeraora|0 fnt\n|faint|p1a: Zeraora\n|\n|upkeep\n|\n|t:|1700828676\n|switch|p1a: Aegislash|Aegislash, F|76\/100 brn\n|-item|p1a: Aegislash|Air Balloon\n|turn|17\n|\n|t:|1700828683\n|move|p2a: Thundurus|Thunder Punch|p1a: Aegislash\n|-damage|p1a: Aegislash|17\/100 brn\n|-enditem|p1a: Aegislash|Air Balloon\n|-formechange|p1a: Aegislash|Aegislash-Blade||[from] ability: Stance Change\n|move|p1a: Aegislash|Shadow Ball|p2a: Thundurus\n|-damage|p2a: Thundurus|0 fnt\n|faint|p2a: Thundurus\n|\n|-damage|p1a: Aegislash|11\/100 brn|[from] brn\n|upkeep\n|\n|t:|1700828689\n|switch|p2a: Hydreigon|Hydreigon, M|100\/100\n|turn|18\n|\n|t:|1700828696\n|-formechange|p1a: Aegislash|Aegislash||[from] ability: Stance Change\n|move|p1a: Aegislash|King's Shield|p1a: Aegislash\n|-singleturn|p1a: Aegislash|Protect\n|move|p2a: Hydreigon|Draco Meteor|p1a: Aegislash\n|-activate|p1a: Aegislash|move: Protect\n|\n|-damage|p1a: Aegislash|5\/100 brn|[from] brn\n|upkeep\n|turn|19\n|\n|t:|1700828709\n|-formechange|p1a: Aegislash|Aegislash-Blade||[from] ability: Stance Change\n|move|p1a: Aegislash|Shadow Sneak|p2a: Hydreigon\n|-resisted|p2a: Hydreigon\n|-damage|p2a: Hydreigon|96\/100\n|move|p2a: Hydreigon|Draco Meteor|p1a: Aegislash\n|-resisted|p1a: Aegislash\n|-damage|p1a: Aegislash|0 fnt\n|-unboost|p2a: Hydreigon|spa|2\n|faint|p1a: Aegislash\n|\n|upkeep\n|\n|t:|1700828714\n|switch|p1a: Manaphy|Manaphy|100\/100\n|turn|20\n|\n|t:|1700828718\n|switch|p2a: Iron Valiant|Iron Valiant, shiny|100\/100\n|-activate|p2a: Iron Valiant|move: Sticky Web\n|-unboost|p2a: Iron Valiant|spe|1\n|move|p1a: Manaphy|Tail Glow|p1a: Manaphy\n|-boost|p1a: Manaphy|spa|3\n|\n|upkeep\n|turn|21\n|\n|t:|1700828723\n|move|p1a: Manaphy|Surf|p2a: Iron Valiant\n|-damage|p2a: Iron Valiant|0 fnt\n|faint|p2a: Iron Valiant\n|-end|p2a: Iron Valiant|Quark Drive|[silent]\n|\n|upkeep\n|\n|t:|1700828728\n|switch|p2a: Garchomp|Garchomp, F|100\/100\n|-activate|p2a: Garchomp|move: Sticky Web\n|-unboost|p2a: Garchomp|spe|1\n|turn|22\n|\n|t:|1700828731\n|move|p1a: Manaphy|Ice Beam|p2a: Garchomp\n|-supereffective|p2a: Garchomp\n|-damage|p2a: Garchomp|0 fnt\n|faint|p2a: Garchomp\n|\n|upkeep\n|\n|t:|1700828734\n|switch|p2a: Hydreigon|Hydreigon, M|96\/100\n|turn|23\n|\n|t:|1700828739\n|move|p2a: Hydreigon|Dark Pulse|p1a: Manaphy\n|-damage|p1a: Manaphy|61\/100\n|cant|p1a: Manaphy|flinch\n|\n|-heal|p1a: Manaphy|67\/100|[from] item: Leftovers\n|upkeep\n|turn|24\n|\n|t:|1700828745\n|move|p2a: Hydreigon|Dark Pulse|p1a: Manaphy\n|-damage|p1a: Manaphy|24\/100\n|cant|p1a: Manaphy|flinch\n|\n|-heal|p1a: Manaphy|30\/100|[from] item: Leftovers\n|upkeep\n|turn|25\n|\n|t:|1700828752\n|move|p2a: Hydreigon|Dark Pulse|p1a: Manaphy\n|-damage|p1a: Manaphy|0 fnt\n|faint|p1a: Manaphy\n|\n|upkeep\n|\n|t:|1700828754\n|switch|p1a: Great Tusk|Great Tusk|78\/100\n|turn|26\n|\n|t:|1700828757\n|move|p2a: Hydreigon|Dark Pulse|p1a: Great Tusk\n|-resisted|p1a: Great Tusk\n|-damage|p1a: Great Tusk|52\/100\n|cant|p1a: Great Tusk|flinch\n|\n|-heal|p1a: Great Tusk|58\/100|[from] item: Leftovers\n|upkeep\n|turn|27\n|\n|t:|1700828765\n|move|p2a: Hydreigon|Dark Pulse|p1a: Great Tusk\n|-resisted|p1a: Great Tusk\n|-damage|p1a: Great Tusk|29\/100\n|cant|p1a: Great Tusk|flinch\n|\n|-heal|p1a: Great Tusk|35\/100|[from] item: Leftovers\n|upkeep\n|turn|28\n|\n|t:|1700828773\n|move|p2a: Hydreigon|Dark Pulse|p1a: Great Tusk\n|-resisted|p1a: Great Tusk\n|-damage|p1a: Great Tusk|9\/100\n|move|p1a: Great Tusk|Ice Spinner|p2a: Hydreigon\n|-supereffective|p2a: Hydreigon\n|-damage|p2a: Hydreigon|46\/100\n|\n|-heal|p1a: Great Tusk|16\/100|[from] item: Leftovers\n|upkeep\n|turn|29\n|\n|t:|1700828781\n|-end|p1a: Great Tusk|Protosynthesis|[silent]\n|switch|p1a: Venusaur|Venusaur, F|100\/100\n|move|p2a: Hydreigon|Dark Pulse|p1a: Venusaur\n|-damage|p1a: Venusaur|63\/100\n|\n|upkeep\n|turn|30\n|\n|t:|1700828788\n|detailschange|p1a: Venusaur|Venusaur-Mega, F\n|-mega|p1a: Venusaur|Venusaur|Venusaurite\n|move|p2a: Hydreigon|Dark Pulse|p1a: Venusaur\n|-damage|p1a: Venusaur|31\/100\n|move|p1a: Venusaur|Synthesis|p1a: Venusaur\n|-heal|p1a: Venusaur|81\/100\n|\n|upkeep\n|turn|31\n|j| kingambit player\n|\n|t:|1700828800\n|move|p2a: Hydreigon|Dark Pulse|p1a: Venusaur\n|-damage|p1a: Venusaur|49\/100\n|move|p1a: Venusaur|Sludge Bomb|p2a: Hydreigon\n|-damage|p2a: Hydreigon|4\/100\n|\n|upkeep\n|turn|32\n|\n|t:|1700828806\n|move|p2a: Hydreigon|Dark Pulse|p1a: Venusaur\n|-damage|p1a: Venusaur|16\/100\n|move|p1a: Venusaur|Sludge Bomb|p2a: Hydreigon\n|-damage|p2a: Hydreigon|0 fnt\n|faint|p2a: Hydreigon\n|\n|win|sdsslsy\n|raw|sdsslsy's rating: 1502 &rarr; <strong>1522<\/strong><br \/>(+20 for winning)\n|raw|ShuoHe8's rating: 1504 &rarr; <strong>1484<\/strong><br \/>(-20 for losing)\n","uploadtime":1700828809,"views":13,"p1id":"sdsslsy","p2id":"shuohe8","formatid":"gen9nationaldex","rating":1484,"private":0,"password":""}