{"id":"gen9nationaldex-1992730589","p1":"Bunnysai","p2":"The power of ROCK","format":"[Gen 9] National Dex","log":"|j|\u2606Bunnysai\n|j|\u2606The power of ROCK\n|t:|1700230027\n|gametype|singles\n|player|p1|Bunnysai|brock|\n|player|p2|The power of ROCK|roark|\n|teamsize|p1|6\n|teamsize|p2|6\n|gen|9\n|tier|[Gen 9] National Dex\n|rule|HP Percentage Mod: HP is shown in percentages\n|rule|Endless Battle Clause: Forcing endless battles is banned\n|rule|OHKO Clause: OHKO moves are banned\n|rule|Evasion Clause: Evasion abilities, items, and moves are banned\n|rule|Evasion Abilities Clause: Evasion abilities are banned\n|rule|Evasion Items Clause: Evasion items are banned\n|rule|Evasion Moves Clause: Evasion moves are banned\n|rule|Species Clause: Limit one of each Pok\u00e9mon\n|rule|Sleep Clause Mod: Limit one foe put to sleep\n|clearpoke\n|poke|p1|Tapu Koko|\n|poke|p1|Hawlucha, F|\n|poke|p1|Landorus-Therian, M|\n|poke|p1|Scizor, F|\n|poke|p1|Charizard, M|\n|poke|p1|Greninja-*, M|\n|poke|p2|Tyranitar, M|\n|poke|p2|Garganacl, F|\n|poke|p2|Aggron, F|\n|poke|p2|Cradily, M|\n|poke|p2|Glimmora, F|\n|poke|p2|Avalugg-Hisui, F|\n|teampreview\n|inactive|Battle timer is ON: inactive players will automatically lose when time's up. (requested by Bunnysai)\n|c|\u2606The power of ROCK|Welcome to the ROCK gym\n|c|\u2606Bunnysai|S\n|inactive|The power of ROCK has 270 seconds left.\n|\n|t:|1700230079\n|start\n|switch|p1a: Tapu Koko|Tapu Koko|100\/100\n|switch|p2a: Garganacl|Garganacl, F|100\/100\n|-fieldstart|move: Electric Terrain|[from] ability: Electric Surge|[of] p1a: Tapu Koko\n|turn|1\n|\n|t:|1700230096\n|-terastallize|p2a: Garganacl|Ghost\n|move|p1a: Tapu Koko|Thunderbolt|p2a: Garganacl\n|-damage|p2a: Garganacl|71\/100\n|-enditem|p2a: Garganacl|Maranga Berry|[eat]\n|-boost|p2a: Garganacl|spd|1|[from] item: Maranga Berry\n|move|p2a: Garganacl|Salt Cure|p1a: Tapu Koko\n|-damage|p1a: Tapu Koko|80\/100\n|-start|p1a: Tapu Koko|Salt Cure\n|\n|-damage|p1a: Tapu Koko|68\/100|[from] Salt Cure\n|upkeep\n|turn|2\n|\n|t:|1700230104\n|move|p1a: Tapu Koko|Hidden Power|p2a: Garganacl\n|-damage|p2a: Garganacl|64\/100\n|move|p2a: Garganacl|Recover|p2a: Garganacl\n|-heal|p2a: Garganacl|100\/100\n|\n|-damage|p1a: Tapu Koko|55\/100|[from] Salt Cure\n|upkeep\n|turn|3\n|\n|t:|1700230107\n|move|p1a: Tapu Koko|Thunderbolt|p2a: Garganacl\n|-crit|p2a: Garganacl\n|-damage|p2a: Garganacl|55\/100\n|move|p2a: Garganacl|Iron Defense|p2a: Garganacl\n|-boost|p2a: Garganacl|def|2\n|\n|-damage|p1a: Tapu Koko|43\/100|[from] Salt Cure\n|upkeep\n|turn|4\n|\n|t:|1700230110\n|move|p1a: Tapu Koko|Thunderbolt|p2a: Garganacl\n|-damage|p2a: Garganacl|32\/100\n|move|p2a: Garganacl|Recover|p2a: Garganacl\n|-heal|p2a: Garganacl|82\/100\n|\n|-damage|p1a: Tapu Koko|30\/100|[from] Salt Cure\n|upkeep\n|turn|5\n|\n|t:|1700230114\n|move|p1a: Tapu Koko|Thunderbolt|p2a: Garganacl\n|-damage|p2a: Garganacl|62\/100\n|move|p2a: Garganacl|Iron Defense|p2a: Garganacl\n|-boost|p2a: Garganacl|def|2\n|\n|-damage|p1a: Tapu Koko|18\/100|[from] Salt Cure\n|upkeep\n|turn|6\n|\n|t:|1700230118\n|move|p1a: Tapu Koko|Thunderbolt|p2a: Garganacl\n|-damage|p2a: Garganacl|41\/100\n|move|p2a: Garganacl|Iron Defense|p2a: Garganacl\n|-boost|p2a: Garganacl|def|2\n|\n|-damage|p1a: Tapu Koko|5\/100|[from] Salt Cure\n|upkeep\n|turn|7\n|\n|t:|1700230121\n|move|p1a: Tapu Koko|Thunderbolt|p2a: Garganacl\n|-damage|p2a: Garganacl|21\/100\n|move|p2a: Garganacl|Recover|p2a: Garganacl\n|-heal|p2a: Garganacl|71\/100\n|\n|-damage|p1a: Tapu Koko|0 fnt|[from] Salt Cure\n|faint|p1a: Tapu Koko\n|upkeep\n|\n|t:|1700230125\n|switch|p1a: Hawlucha|Hawlucha, F|100\/100\n|-ability|p1a: Hawlucha|Mold Breaker\n|-enditem|p1a: Hawlucha|Electric Seed\n|-boost|p1a: Hawlucha|def|1|[from] item: Electric Seed\n|turn|8\n|\n|t:|1700230129\n|move|p1a: Hawlucha|Taunt|p2a: Garganacl\n|-start|p2a: Garganacl|move: Taunt\n|move|p2a: Garganacl|Body Press|p1a: Hawlucha\n|-resisted|p1a: Hawlucha\n|-damage|p1a: Hawlucha|62\/100\n|\n|-fieldend|move: Electric Terrain\n|upkeep\n|turn|9\n|\n|t:|1700230136\n|move|p1a: Hawlucha|Acrobatics|p2a: Garganacl\n|-crit|p2a: Garganacl\n|-damage|p2a: Garganacl|22\/100\n|move|p2a: Garganacl|Body Press|p1a: Hawlucha\n|-resisted|p1a: Hawlucha\n|-damage|p1a: Hawlucha|23\/100\n|\n|upkeep\n|turn|10\n|\n|t:|1700230142\n|move|p1a: Hawlucha|Acrobatics|p2a: Garganacl\n|-damage|p2a: Garganacl|13\/100\n|move|p2a: Garganacl|Body Press|p1a: Hawlucha\n|-resisted|p1a: Hawlucha\n|-damage|p1a: Hawlucha|0 fnt\n|faint|p1a: Hawlucha\n|\n|-end|p2a: Garganacl|move: Taunt\n|upkeep\n|\n|t:|1700230146\n|switch|p1a: Greninja|Greninja, M|100\/100\n|turn|11\n|\n|t:|1700230158\n|switch|p2a: Tyranitar|Tyranitar, M|100\/100\n|-weather|Sandstorm|[from] ability: Sand Stream|[of] p2a: Tyranitar\n|-terastallize|p1a: Greninja|Water\n|move|p1a: Greninja|Dark Pulse|p2a: Tyranitar\n|-resisted|p2a: Tyranitar\n|-damage|p2a: Tyranitar|94\/100\n|\n|-weather|Sandstorm|[upkeep]\n|-damage|p1a: Greninja|95\/100|[from] Sandstorm\n|upkeep\n|turn|12\n|\n|t:|1700230183\n|switch|p1a: Charizard|Charizard, M|100\/100\n|move|p2a: Tyranitar|Knock Off|p1a: Charizard\n|-damage|p1a: Charizard|63\/100\n|\n|-weather|Sandstorm|[upkeep]\n|-damage|p1a: Charizard|57\/100|[from] Sandstorm\n|upkeep\n|turn|13\n|\n|t:|1700230197\n|-zpower|p1a: Charizard\n|move|p1a: Charizard|Inferno Overdrive|p2a: Tyranitar|[zeffect]\n|-resisted|p2a: Tyranitar\n|-crit|p2a: Tyranitar\n|-damage|p2a: Tyranitar|75\/100\n|move|p2a: Tyranitar|Rock Blast|p1a: Charizard\n|-supereffective|p1a: Charizard\n|-damage|p1a: Charizard|0 fnt\n|faint|p1a: Charizard\n|-hitcount|p1: Charizard|1\n|\n|-weather|Sandstorm|[upkeep]\n|upkeep\n|\n|t:|1700230204\n|switch|p1a: Landorus|Landorus-Therian, M|100\/100\n|-ability|p1a: Landorus|Intimidate|boost\n|-unboost|p2a: Tyranitar|atk|1\n|turn|14\n|\n|t:|1700230211\n|switch|p2a: Avalugg|Avalugg-Hisui, F|100\/100\n|move|p1a: Landorus|Stealth Rock|p2a: Avalugg\n|-sidestart|p2: The power of ROCK|move: Stealth Rock\n|\n|-weather|Sandstorm|[upkeep]\n|upkeep\n|turn|15\n|\n|t:|1700230231\n|move|p1a: Landorus|Earthquake|p2a: Avalugg\n|-supereffective|p2a: Avalugg\n|-damage|p2a: Avalugg|65\/100\n|move|p2a: Avalugg|Rapid Spin|p1a: Landorus\n|-damage|p1a: Landorus|88\/100\n|-boost|p2a: Avalugg|spe|1\n|-sideend|p2: The power of ROCK|Stealth Rock|[from] move: Rapid Spin|[of] p2a: Avalugg\n|-enditem|p1a: Landorus|Eject Button\n|\n|t:|1700230237\n|switch|p1a: Greninja|Greninja, M, tera:Water|95\/100\n|\n|-weather|none\n|upkeep\n|turn|16\n|\n|t:|1700230246\n|switch|p2a: Cradily|Cradily, M|100\/100\n|move|p1a: Greninja|Hydro Pump|p2a: Cradily\n|-ability|p2a: Cradily|Storm Drain|boost\n|-boost|p2a: Cradily|spa|1\n|\n|upkeep\n|turn|17\n|\n|t:|1700230250\n|switch|p1a: Landorus|Landorus-Therian, M|88\/100\n|-ability|p1a: Landorus|Intimidate|boost\n|-unboost|p2a: Cradily|atk|1\n|switch|p2a: Tyranitar|Tyranitar, M|75\/100\n|-weather|Sandstorm|[from] ability: Sand Stream|[of] p2a: Tyranitar\n|\n|-weather|Sandstorm|[upkeep]\n|upkeep\n|turn|18\n|\n|t:|1700230256\n|switch|p2a: Avalugg|Avalugg-Hisui, F|65\/100\n|move|p1a: Landorus|Stealth Rock|p2a: Avalugg\n|-sidestart|p2: The power of ROCK|move: Stealth Rock\n|\n|-weather|Sandstorm|[upkeep]\n|upkeep\n|turn|19\n|\n|t:|1700230259\n|move|p1a: Landorus|Earthquake|p2a: Avalugg\n|-supereffective|p2a: Avalugg\n|-damage|p2a: Avalugg|28\/100\n|move|p2a: Avalugg|Rapid Spin|p1a: Landorus\n|-damage|p1a: Landorus|73\/100\n|-boost|p2a: Avalugg|spe|1\n|-sideend|p2: The power of ROCK|Stealth Rock|[from] move: Rapid Spin|[of] p2a: Avalugg\n|\n|-weather|Sandstorm|[upkeep]\n|upkeep\n|turn|20\n|\n|t:|1700230264\n|move|p1a: Landorus|Earthquake|p2a: Avalugg\n|-supereffective|p2a: Avalugg\n|-damage|p2a: Avalugg|0 fnt\n|faint|p2a: Avalugg\n|\n|-weather|Sandstorm|[upkeep]\n|upkeep\n|\n|t:|1700230279\n|switch|p2a: Aggron|Aggron, F|100\/100\n|turn|21\n|\n|t:|1700230282\n|detailschange|p2a: Aggron|Aggron-Mega, F\n|-mega|p2a: Aggron|Aggron|Aggronite\n|move|p1a: Landorus|Earthquake|p2a: Aggron\n|-supereffective|p2a: Aggron\n|-damage|p2a: Aggron|73\/100\n|move|p2a: Aggron|Iron Defense|p2a: Aggron\n|-boost|p2a: Aggron|def|2\n|\n|-weather|none\n|upkeep\n|turn|22\n|inactive|Bunnysai has 270 seconds left.\n|-message|Bunnysai forfeited.\n|\n|win|The power of ROCK\n|l|\u2606Bunnysai\n|c|\u2606The power of ROCK|gg :)\n","uploadtime":1700230332,"views":6,"p1id":"bunnysai","p2id":"thepowerofrock","formatid":"gen9nationaldex","rating":0,"private":0,"password":""}