{"id":"gen9nationaldex-1991554130","p1":"godpartikle","p2":"Jarl_jake","format":"[Gen 9] National Dex","log":"|j|\u2606godpartikle\n|j|\u2606Jarl_jake\n|t:|1700087804\n|gametype|singles\n|player|p1|godpartikle|roark|1365\n|player|p2|Jarl_jake|red|1434\n|teamsize|p1|6\n|teamsize|p2|6\n|gen|9\n|tier|[Gen 9] National Dex\n|rated|\n|rule|HP Percentage Mod: HP is shown in percentages\n|rule|Endless Battle Clause: Forcing endless battles is banned\n|rule|OHKO Clause: OHKO moves are banned\n|rule|Evasion Clause: Evasion abilities, items, and moves are banned\n|rule|Evasion Abilities Clause: Evasion abilities are banned\n|rule|Evasion Items Clause: Evasion items are banned\n|rule|Evasion Moves Clause: Evasion moves are banned\n|rule|Species Clause: Limit one of each Pok\u00e9mon\n|rule|Sleep Clause Mod: Limit one foe put to sleep\n|clearpoke\n|poke|p1|Gliscor, M|\n|poke|p1|Ferrothorn, F|\n|poke|p1|Maushold|\n|poke|p1|Tapu Koko|\n|poke|p1|Heatran, F|\n|poke|p1|Tapu Lele|\n|poke|p2|Gyarados, M|\n|poke|p2|Latios, M|\n|poke|p2|Venusaur, F|\n|poke|p2|Volcarona, F|\n|poke|p2|Shuckle, F|\n|poke|p2|Great Tusk|\n|teampreview\n|\n|t:|1700087832\n|start\n|switch|p1a: Maushold|Maushold|100\/100\n|switch|p2a: Unga Bunga|Great Tusk, shiny|100\/100\n|-enditem|p2a: Unga Bunga|Booster Energy\n|-activate|p2a: Unga Bunga|ability: Protosynthesis|[fromitem]\n|-start|p2a: Unga Bunga|protosynthesisatk\n|turn|1\n|\n|t:|1700087860\n|switch|p1a: Gliscor|Gliscor, M|100\/100\n|move|p2a: Unga Bunga|Close Combat|p1a: Gliscor\n|-resisted|p1a: Gliscor\n|-damage|p1a: Gliscor|67\/100\n|-unboost|p2a: Unga Bunga|def|1\n|-unboost|p2a: Unga Bunga|spd|1\n|\n|-status|p1a: Gliscor|tox|[from] item: Toxic Orb\n|upkeep\n|turn|2\n|inactive|Battle timer is ON: inactive players will automatically lose when time's up. (requested by Jarl_jake)\n|\n|t:|1700087916\n|switch|p1a: Ferrothorn|Ferrothorn, F|100\/100\n|move|p2a: Unga Bunga|Rapid Spin|p1a: Ferrothorn\n|-resisted|p1a: Ferrothorn\n|-damage|p1a: Ferrothorn|93\/100\n|-boost|p2a: Unga Bunga|spe|1\n|-damage|p2a: Unga Bunga|88\/100|[from] ability: Iron Barbs|[of] p1a: Ferrothorn\n|\n|-heal|p1a: Ferrothorn|99\/100|[from] item: Leftovers\n|upkeep\n|turn|3\n|\n|t:|1700087927\n|-terastallize|p1a: Ferrothorn|Ghost\n|move|p2a: Unga Bunga|Close Combat|p1a: Ferrothorn\n|-immune|p1a: Ferrothorn\n|move|p1a: Ferrothorn|Power Whip|p2a: Unga Bunga\n|-supereffective|p2a: Unga Bunga\n|-damage|p2a: Unga Bunga|2\/100\n|\n|-heal|p1a: Ferrothorn|100\/100|[from] item: Leftovers\n|upkeep\n|turn|4\n|inactive|godpartikle has 120 seconds left.\n|inactive|godpartikle has 90 seconds left.\n|\n|t:|1700087993\n|-end|p2a: Unga Bunga|Protosynthesis|[silent]\n|switch|p2a: Spicy Meatball|Volcarona, F, shiny|100\/100\n|move|p1a: Ferrothorn|Leech Seed|p2a: Spicy Meatball\n|-start|p2a: Spicy Meatball|move: Leech Seed\n|\n|-damage|p2a: Spicy Meatball|88\/100|[from] Leech Seed|[of] p1a: Ferrothorn\n|upkeep\n|turn|5\n|inactive|godpartikle has 90 seconds left.\n|\n|t:|1700088002\n|move|p2a: Spicy Meatball|Quiver Dance|p2a: Spicy Meatball\n|-boost|p2a: Spicy Meatball|spa|1\n|-boost|p2a: Spicy Meatball|spd|1\n|-boost|p2a: Spicy Meatball|spe|1\n|move|p1a: Ferrothorn|Knock Off|p2a: Spicy Meatball\n|-damage|p2a: Spicy Meatball|64\/100\n|-enditem|p2a: Spicy Meatball|Heavy-Duty Boots|[from] move: Knock Off|[of] p1a: Ferrothorn\n|\n|-damage|p2a: Spicy Meatball|52\/100|[from] Leech Seed|[of] p1a: Ferrothorn\n|upkeep\n|turn|6\n|\n|t:|1700088013\n|switch|p1a: Heatran|Heatran, F|100\/100\n|move|p2a: Spicy Meatball|Fiery Dance|p1a: Heatran\n|-start|p1a: Heatran|ability: Flash Fire\n|\n|-damage|p2a: Spicy Meatball|39\/100|[from] Leech Seed|[of] p1a: Heatran\n|upkeep\n|turn|7\n|inactive|godpartikle has 90 seconds left.\n|inactive|godpartikle has 60 seconds left.\n|\n|t:|1700088073\n|switch|p2a: Real Dragon|Latios, M, shiny|100\/100\n|move|p1a: Heatran|Toxic|p2a: Real Dragon\n|-status|p2a: Real Dragon|tox\n|\n|-damage|p2a: Real Dragon|95\/100 tox|[from] psn\n|upkeep\n|turn|8\n|\n|t:|1700088082\n|move|p2a: Real Dragon|Calm Mind|p2a: Real Dragon\n|-boost|p2a: Real Dragon|spa|1\n|-boost|p2a: Real Dragon|spd|1\n|move|p1a: Heatran|Magma Storm|p2a: Real Dragon\n|-resisted|p2a: Real Dragon\n|-damage|p2a: Real Dragon|73\/100 tox\n|-activate|p2a: Real Dragon|move: Magma Storm|[of] p1a: Heatran\n|\n|-damage|p2a: Real Dragon|61\/100 tox|[from] psn\n|-damage|p2a: Real Dragon|49\/100 tox|[from] move: Magma Storm|[partiallytrapped]\n|upkeep\n|turn|9\n|inactive|godpartikle has 60 seconds left.\n|\n|t:|1700088104\n|move|p2a: Real Dragon|Aura Sphere|p1a: Heatran\n|-supereffective|p1a: Heatran\n|-damage|p1a: Heatran|45\/100\n|move|p1a: Heatran|Taunt|p2a: Real Dragon\n|-start|p2a: Real Dragon|move: Taunt\n|\n|-heal|p1a: Heatran|51\/100|[from] item: Leftovers\n|-damage|p2a: Real Dragon|31\/100 tox|[from] psn\n|-damage|p2a: Real Dragon|18\/100 tox|[from] move: Magma Storm|[partiallytrapped]\n|upkeep\n|turn|10\n|\n|t:|1700088115\n|-end|p1a: Heatran|ability: Flash Fire|[silent]\n|switch|p1a: Tapu Lele|Tapu Lele|100\/100\n|-fieldstart|move: Psychic Terrain|[from] ability: Psychic Surge|[of] p1a: Tapu Lele\n|move|p2a: Real Dragon|Draco Meteor|p1a: Tapu Lele\n|-immune|p1a: Tapu Lele\n|\n|-damage|p2a: Real Dragon|0 fnt|[from] psn\n|faint|p2a: Real Dragon\n|upkeep\n|\n|t:|1700088128\n|switch|p2a: Shuckie|Shuckle, F, shiny|100\/100\n|turn|11\n|inactive|godpartikle has 60 seconds left.\n|\n|t:|1700088159\n|move|p1a: Tapu Lele|Psychic|p2a: Shuckie\n|-damage|p2a: Shuckie|44\/100\n|-enditem|p2a: Shuckie|Red Card|[of] p1a: Tapu Lele\n|drag|p1a: Gliscor|Gliscor, M|67\/100 tox\n|move|p2a: Shuckie|Sticky Web|p1a: Gliscor\n|-sidestart|p1: godpartikle|move: Sticky Web\n|\n|-heal|p1a: Gliscor|80\/100 tox|[from] ability: Poison Heal\n|upkeep\n|turn|12\n|\n|t:|1700088168\n|move|p1a: Gliscor|Defog|p2a: Shuckie\n|-unboost|p2a: Shuckie|evasion|1\n|-sideend|p1: godpartikle|Sticky Web|[from] move: Defog|[of] p1a: Gliscor\n|-fieldend|move: Psychic Terrain\n|move|p2a: Shuckie|Power Split|p1a: Gliscor\n|-activate|p2a: Shuckie|move: Power Split|[of] p1a: Gliscor\n|\n|-heal|p1a: Gliscor|92\/100 tox|[from] ability: Poison Heal\n|upkeep\n|turn|13\n|inactive|godpartikle has 30 seconds left.\n|\n|t:|1700088207\n|move|p1a: Gliscor|Earthquake|p2a: Shuckie\n|-damage|p2a: Shuckie|34\/100\n|move|p2a: Shuckie|Rock Tomb|p1a: Gliscor\n|-damage|p1a: Gliscor|83\/100 tox\n|-unboost|p1a: Gliscor|spe|1\n|\n|-heal|p1a: Gliscor|96\/100 tox|[from] ability: Poison Heal\n|upkeep\n|turn|14\n|inactive|godpartikle has 30 seconds left.\n|\n|t:|1700088217\n|move|p1a: Gliscor|Earthquake|p2a: Shuckie\n|-damage|p2a: Shuckie|22\/100\n|move|p2a: Shuckie|Rock Tomb|p1a: Gliscor\n|-damage|p1a: Gliscor|87\/100 tox\n|-unboost|p1a: Gliscor|spe|1\n|\n|-heal|p1a: Gliscor|99\/100 tox|[from] ability: Poison Heal\n|upkeep\n|turn|15\n|\n|t:|1700088228\n|move|p1a: Gliscor|Earthquake|p2a: Shuckie\n|-damage|p2a: Shuckie|12\/100\n|move|p2a: Shuckie|Rock Tomb|p1a: Gliscor\n|-crit|p1a: Gliscor\n|-damage|p1a: Gliscor|85\/100 tox\n|-unboost|p1a: Gliscor|spe|1\n|\n|-heal|p1a: Gliscor|98\/100 tox|[from] ability: Poison Heal\n|upkeep\n|turn|16\n|\n|t:|1700088240\n|move|p1a: Gliscor|Earthquake|p2a: Shuckie\n|-damage|p2a: Shuckie|0 fnt\n|faint|p2a: Shuckie\n|\n|-heal|p1a: Gliscor|100\/100 tox|[from] ability: Poison Heal\n|upkeep\n|\n|t:|1700088247\n|switch|p2a: Fake Dragon|Gyarados, M, shiny|100\/100\n|turn|17\n|\n|t:|1700088251\n|switch|p1a: Ferrothorn|Ferrothorn, F, tera:Ghost|100\/100\n|move|p2a: Fake Dragon|Dragon Dance|p2a: Fake Dragon\n|-boost|p2a: Fake Dragon|atk|1\n|-boost|p2a: Fake Dragon|spe|1\n|\n|upkeep\n|turn|18\n|inactive|godpartikle has 60 seconds left.\n|\n|t:|1700088263\n|-terastallize|p2a: Fake Dragon|Dark\n|move|p2a: Fake Dragon|Crunch|p1a: Ferrothorn\n|-supereffective|p1a: Ferrothorn\n|-damage|p1a: Ferrothorn|17\/100\n|-damage|p2a: Fake Dragon|88\/100|[from] ability: Iron Barbs|[of] p1a: Ferrothorn\n|move|p1a: Ferrothorn|Power Whip|p2a: Fake Dragon\n|-damage|p2a: Fake Dragon|36\/100\n|\n|-heal|p1a: Ferrothorn|23\/100|[from] item: Leftovers\n|upkeep\n|turn|19\n|inactive|godpartikle has 60 seconds left.\n|\n|t:|1700088277\n|move|p2a: Fake Dragon|Earthquake|p1a: Ferrothorn\n|-damage|p1a: Ferrothorn|0 fnt\n|faint|p1a: Ferrothorn\n|-ability|p2a: Fake Dragon|Moxie|boost\n|-boost|p2a: Fake Dragon|atk|1\n|\n|upkeep\n|inactive|godpartikle has 60 seconds left.\n|\n|t:|1700088295\n|switch|p1a: Tapu Lele|Tapu Lele|100\/100\n|-fieldstart|move: Psychic Terrain|[from] ability: Psychic Surge|[of] p1a: Tapu Lele\n|turn|20\n|\n|t:|1700088299\n|move|p2a: Fake Dragon|Waterfall|p1a: Tapu Lele\n|-damage|p1a: Tapu Lele|0 fnt\n|faint|p1a: Tapu Lele\n|-ability|p2a: Fake Dragon|Moxie|boost\n|-boost|p2a: Fake Dragon|atk|1\n|\n|upkeep\n|-message|godpartikle forfeited.\n|\n|win|Jarl_jake\n|raw|godpartikle's rating: 1365 &rarr; <strong>1349<\/strong><br \/>(-16 for losing)\n|raw|Jarl_jake's rating: 1434 &rarr; <strong>1450<\/strong><br \/>(+16 for winning)\n|l|\u2606godpartikle\n","uploadtime":1700088321,"views":7,"p1id":"godpartikle","p2id":"jarljake","formatid":"gen9nationaldex","rating":1349,"private":0,"password":""}