{"id":"gen9nationaldex-1993251476","p1":"ALEX.HONG","p2":"losubaby","format":"[Gen 9] National Dex","log":"|j|\u2606ALEX.HONG\n|j|\u2606losubaby\n|t:|1700284435\n|gametype|singles\n|player|p1|ALEX.HONG|giovanni|1282\n|player|p2|losubaby|benga|1307\n|teamsize|p1|6\n|teamsize|p2|6\n|gen|9\n|tier|[Gen 9] National Dex\n|rated|\n|rule|HP Percentage Mod: HP is shown in percentages\n|rule|Endless Battle Clause: Forcing endless battles is banned\n|rule|OHKO Clause: OHKO moves are banned\n|rule|Evasion Clause: Evasion abilities, items, and moves are banned\n|rule|Evasion Abilities Clause: Evasion abilities are banned\n|rule|Evasion Items Clause: Evasion items are banned\n|rule|Evasion Moves Clause: Evasion moves are banned\n|rule|Species Clause: Limit one of each Pok\u00e9mon\n|rule|Sleep Clause Mod: Limit one foe put to sleep\n|clearpoke\n|poke|p1|Celesteela|\n|poke|p1|Salamence, F|\n|poke|p1|Glimmora, F|\n|poke|p1|Magnezone|\n|poke|p1|Amoonguss, F|\n|poke|p1|Staraptor, F|\n|poke|p2|Rillaboom, F|\n|poke|p2|Urshifu-*, M|\n|poke|p2|Slowking-Galar, F|\n|poke|p2|Thundurus-Therian, M|\n|poke|p2|Weezing-Galar, F|\n|poke|p2|Ursaluna, F|\n|teampreview\n|inactive|Battle timer is ON: inactive players will automatically lose when time's up. (requested by losubaby)\n|\n|t:|1700284450\n|start\n|switch|p1a: Glimmora|Glimmora, F|100\/100\n|switch|p2a: Urshifu|Urshifu-Rapid-Strike, M|100\/100\n|turn|1\n|\n|t:|1700284461\n|move|p2a: Urshifu|Surging Strikes|p1a: Glimmora\n|-supereffective|p1a: Glimmora\n|-crit|p1a: Glimmora\n|-damage|p1a: Glimmora|22\/100\n|-activate|p1a: Glimmora|ability: Toxic Debris\n|-sidestart|p2: losubaby|move: Toxic Spikes\n|-supereffective|p1a: Glimmora\n|-crit|p1a: Glimmora\n|-damage|p1a: Glimmora|0 fnt\n|-activate|p1a: Glimmora|ability: Toxic Debris\n|-sidestart|p2: losubaby|move: Toxic Spikes\n|faint|p1a: Glimmora\n|-hitcount|p1: Glimmora|2\n|\n|upkeep\n|\n|t:|1700284471\n|switch|p1a: Amoonguss|Amoonguss, F|100\/100\n|turn|2\n|inactiveoff|Battle timer is now OFF.\n|inactive|Battle timer is ON: inactive players will automatically lose when time's up. (requested by ALEX.HONG)\n|\n|t:|1700284552\n|switch|p2a: Rillaboom|Rillaboom, F|100\/100\n|-status|p2a: Rillaboom|tox\n|-fieldstart|move: Grassy Terrain|[from] ability: Grassy Surge|[of] p2a: Rillaboom\n|move|p1a: Amoonguss|Spore|p2a: Rillaboom\n|-immune|p2a: Rillaboom\n|\n|-damage|p2a: Rillaboom|94\/100 tox|[from] psn\n|upkeep\n|turn|3\n|\n|t:|1700284568\n|move|p2a: Rillaboom|Knock Off|p1a: Amoonguss\n|-crit|p1a: Amoonguss\n|-damage|p1a: Amoonguss|44\/100\n|-damage|p2a: Rillaboom|78\/100 tox|[from] item: Rocky Helmet|[of] p1a: Amoonguss\n|-enditem|p1a: Amoonguss|Rocky Helmet|[from] move: Knock Off|[of] p2a: Rillaboom\n|move|p1a: Amoonguss|Spore|p2a: Rillaboom\n|-immune|p2a: Rillaboom\n|\n|-heal|p2a: Rillaboom|84\/100 tox|[from] Grassy Terrain\n|-heal|p1a: Amoonguss|50\/100|[from] Grassy Terrain\n|-damage|p2a: Rillaboom|72\/100 tox|[from] psn\n|upkeep\n|turn|4\n|\n|t:|1700284575\n|move|p2a: Rillaboom|Knock Off|p1a: Amoonguss\n|-damage|p1a: Amoonguss|26\/100\n|move|p1a: Amoonguss|Synthesis|p1a: Amoonguss\n|-heal|p1a: Amoonguss|76\/100\n|\n|-heal|p2a: Rillaboom|78\/100 tox|[from] Grassy Terrain\n|-heal|p1a: Amoonguss|83\/100|[from] Grassy Terrain\n|-damage|p2a: Rillaboom|59\/100 tox|[from] psn\n|upkeep\n|turn|5\n|\n|t:|1700284582\n|switch|p2a: Slowking|Slowking-Galar, F|100\/100\n|-sideend|p2: losubaby|move: Toxic Spikes|[of] p2a: Slowking\n|move|p1a: Amoonguss|Giga Drain|p2a: Slowking\n|-resisted|p2a: Slowking\n|-damage|p2a: Slowking|89\/100\n|-heal|p1a: Amoonguss|88\/100|[from] drain|[of] p2a: Slowking\n|\n|-heal|p1a: Amoonguss|94\/100|[from] Grassy Terrain\n|-heal|p2a: Slowking|95\/100|[from] Grassy Terrain\n|upkeep\n|turn|6\n|\n|t:|1700284594\n|switch|p1a: Staraptor|Staraptor, F|100\/100\n|move|p2a: Slowking|Thunder Wave|p1a: Staraptor\n|-status|p1a: Staraptor|par\n|\n|-heal|p2a: Slowking|100\/100|[from] Grassy Terrain\n|-fieldend|move: Grassy Terrain\n|upkeep\n|turn|7\n|\n|t:|1700284603\n|move|p1a: Staraptor|Final Gambit|p2a: Slowking\n|-damage|p2a: Slowking|11\/100\n|faint|p1a: Staraptor\n|move|p2a: Slowking|Chilly Reception|p2a: Slowking\n|-weather|Snow\n|\n|t:|1700284610\n|switch|p2a: Ursaluna|Ursaluna, F|100\/100|[from] Chilly Reception\n|\n|-weather|Snow|[upkeep]\n|-status|p2a: Ursaluna|brn|[from] item: Flame Orb\n|upkeep\n|\n|t:|1700284618\n|switch|p1a: Salamence|Salamence, F|100\/100\n|turn|8\n|\n|t:|1700284624\n|-zpower|p1a: Salamence\n|move|p1a: Salamence|Devastating Drake|p2a: Ursaluna|[zeffect]\n|-damage|p2a: Ursaluna|29\/100 brn\n|move|p2a: Ursaluna|Facade|p1a: Salamence\n|-damage|p1a: Salamence|0 fnt\n|faint|p1a: Salamence\n|\n|-weather|Snow|[upkeep]\n|-damage|p2a: Ursaluna|22\/100 brn|[from] brn\n|upkeep\n|\n|t:|1700284631\n|switch|p1a: Celesteela|Celesteela|100\/100\n|turn|9\n|\n|t:|1700284637\n|move|p1a: Celesteela|Air Slash|p2a: Ursaluna|[miss]\n|-miss|p1a: Celesteela|p2a: Ursaluna\n|move|p2a: Ursaluna|Facade|p1a: Celesteela\n|-resisted|p1a: Celesteela\n|-damage|p1a: Celesteela|40\/100\n|\n|-weather|Snow|[upkeep]\n|-damage|p2a: Ursaluna|16\/100 brn|[from] brn\n|upkeep\n|turn|10\n|\n|t:|1700284646\n|move|p1a: Celesteela|Meteor Beam||[still]\n|-prepare|p1a: Celesteela|Meteor Beam\n|-boost|p1a: Celesteela|spa|1\n|-enditem|p1a: Celesteela|Power Herb\n|-anim|p1a: Celesteela|Meteor Beam|p2a: Ursaluna|[miss]\n|-miss|p1a: Celesteela|p2a: Ursaluna\n|move|p2a: Ursaluna|Fire Punch|p1a: Celesteela\n|-supereffective|p1a: Celesteela\n|-damage|p1a: Celesteela|0 fnt\n|faint|p1a: Celesteela\n|\n|-weather|Snow|[upkeep]\n|-damage|p2a: Ursaluna|10\/100 brn|[from] brn\n|upkeep\n|-message|ALEX.HONG forfeited.\n|\n|win|losubaby\n|raw|ALEX.HONG's rating: 1282 &rarr; <strong>1259<\/strong><br \/>(-23 for losing)\n|raw|losubaby's rating: 1307 &rarr; <strong>1326<\/strong><br \/>(+19 for winning)\n|l|\u2606ALEX.HONG\n","uploadtime":1700284703,"views":6,"p1id":"alexhong","p2id":"losubaby","formatid":"gen9nationaldex","rating":1259,"private":0,"password":""}