{"id":"gen9nationaldex-1992823293","p1":"Chyoo","p2":"oldoguy","format":"[Gen 9] National Dex","log":"|j|\u2606Chyoo\n|j|\u2606oldoguy\n|t:|1700238542\n|gametype|singles\n|player|p1|Chyoo|li|1291\n|player|p2|oldoguy|iris-gen5bw2|1363\n|teamsize|p1|6\n|teamsize|p2|6\n|gen|9\n|tier|[Gen 9] National Dex\n|rated|\n|rule|HP Percentage Mod: HP is shown in percentages\n|rule|Endless Battle Clause: Forcing endless battles is banned\n|rule|OHKO Clause: OHKO moves are banned\n|rule|Evasion Clause: Evasion abilities, items, and moves are banned\n|rule|Evasion Abilities Clause: Evasion abilities are banned\n|rule|Evasion Items Clause: Evasion items are banned\n|rule|Evasion Moves Clause: Evasion moves are banned\n|rule|Species Clause: Limit one of each Pok\u00e9mon\n|rule|Sleep Clause Mod: Limit one foe put to sleep\n|clearpoke\n|poke|p1|Ribombee, M|\n|poke|p1|Whirlipede, M|\n|poke|p1|Perrserker, M|\n|poke|p1|Delibird, F|\n|poke|p1|Minun, M|\n|poke|p1|Durant, M|\n|poke|p2|Garchomp, F|\n|poke|p2|Moltres|\n|poke|p2|Banette, M|\n|poke|p2|Garganacl, F|\n|poke|p2|Weavile, F|\n|poke|p2|Alomomola, F|\n|teampreview\n|inactive|Battle timer is ON: inactive players will automatically lose when time's up. (requested by oldoguy)\n|\n|t:|1700238555\n|start\n|switch|p1a: Ribombee|Ribombee, M, shiny|100\/100\n|switch|p2a: Weavile|Weavile, F|100\/100\n|turn|1\n|\n|t:|1700238561\n|switch|p1a: Perrserker|Perrserker, M|100\/100\n|move|p2a: Weavile|Fake Out|p1a: Perrserker\n|-resisted|p1a: Perrserker\n|-damage|p1a: Perrserker|95\/100\n|-damage|p2a: Weavile|84\/100|[from] item: Rocky Helmet|[of] p1a: Perrserker\n|\n|upkeep\n|turn|2\n|\n|t:|1700238569\n|switch|p2a: Garchomp|Garchomp, F, shiny|100\/100\n|move|p1a: Perrserker|Stealth Rock|p2a: Garchomp\n|-sidestart|p2: oldoguy|move: Stealth Rock\n|\n|upkeep\n|turn|3\n|\n|t:|1700238578\n|move|p2a: Garchomp|Swords Dance|p2a: Garchomp\n|-boost|p2a: Garchomp|atk|2\n|move|p1a: Perrserker|U-turn|p2a: Garchomp\n|-damage|p2a: Garchomp|77\/100\n|-damage|p1a: Perrserker|82\/100|[from] ability: Rough Skin|[of] p2a: Garchomp\n|\n|t:|1700238581\n|switch|p1a: Delibird|Delibird, F, shiny|100\/100|[from] U-turn\n|\n|upkeep\n|turn|4\n|\n|t:|1700238588\n|move|p2a: Garchomp|Scale Shot|p1a: Delibird|[miss]\n|-miss|p2a: Garchomp|p1a: Delibird\n|move|p1a: Delibird|Freeze-Dry|p2a: Garchomp\n|-supereffective|p2a: Garchomp\n|-damage|p2a: Garchomp|0 fnt\n|faint|p2a: Garchomp\n|\n|upkeep\n|c|\u2606oldoguy|\uff1f\n|\n|t:|1700238600\n|switch|p2a: Moltres|Moltres|100\/100\n|turn|5\n|\n|t:|1700238612\n|move|p1a: Delibird|Memento|p2a: Moltres\n|-unboost|p2a: Moltres|atk|2\n|-unboost|p2a: Moltres|spa|2\n|faint|p1a: Delibird\n|move|p2a: Moltres|Burning Jealousy|p1: Delibird|[notarget]\n|-fail|p2a: Moltres\n|\n|upkeep\n|\n|t:|1700238621\n|switch|p1a: Ribombee|Ribombee, M, shiny|100\/100\n|turn|6\n|\n|t:|1700238626\n|-terastallize|p1a: Ribombee|Fairy\n|move|p1a: Ribombee|Quiver Dance|p1a: Ribombee\n|-boost|p1a: Ribombee|spa|1\n|-boost|p1a: Ribombee|spd|1\n|-boost|p1a: Ribombee|spe|1\n|move|p2a: Moltres|Defog|p1a: Ribombee\n|-unboost|p1a: Ribombee|evasion|1\n|-sideend|p2: oldoguy|Stealth Rock|[from] move: Defog|[of] p2a: Moltres\n|\n|upkeep\n|turn|7\n|\n|t:|1700238635\n|move|p1a: Ribombee|Psychic|p2a: Moltres\n|-damage|p2a: Moltres|55\/100\n|move|p2a: Moltres|U-turn|p1a: Ribombee\n|-resisted|p1a: Ribombee\n|-damage|p1a: Ribombee|93\/100\n|\n|t:|1700238645\n|switch|p2a: Weavile|Weavile, F|84\/100|[from] U-turn\n|\n|upkeep\n|turn|8\n|\n|t:|1700238650\n|move|p2a: Weavile|Fake Out|p1a: Ribombee\n|-damage|p1a: Ribombee|66\/100\n|move|p1a: Ribombee|Moonblast|p2a: Weavile\n|-supereffective|p2a: Weavile\n|-damage|p2a: Weavile|0 fnt\n|faint|p2a: Weavile\n|\n|upkeep\n|c|\u2606oldoguy|\uff1f\n|\n|t:|1700238665\n|switch|p2a: Garganacl|Garganacl, F|100\/100\n|turn|9\n|c|\u2606oldoguy|\u5bc6\u63a2\u6597\u7834\u90fd\u6765\u4e86\n|\n|t:|1700238677\n|move|p1a: Ribombee|Moonblast|p2a: Garganacl\n|-damage|p2a: Garganacl|47\/100\n|move|p2a: Garganacl|Salt Cure|p1a: Ribombee\n|-damage|p1a: Ribombee|37\/100\n|\n|-heal|p2a: Garganacl|54\/100|[from] item: Leftovers\n|upkeep\n|turn|10\n|\n|t:|1700238681\n|move|p2a: Garganacl|Protect|p2a: Garganacl\n|-singleturn|p2a: Garganacl|Protect\n|move|p1a: Ribombee|Moonblast|p2a: Garganacl\n|-activate|p2a: Garganacl|move: Protect\n|\n|-heal|p2a: Garganacl|60\/100|[from] item: Leftovers\n|upkeep\n|turn|11\n|\n|t:|1700238686\n|move|p1a: Ribombee|Moonblast|p2a: Garganacl\n|-damage|p2a: Garganacl|5\/100\n|move|p2a: Garganacl|Recover|p2a: Garganacl\n|-heal|p2a: Garganacl|55\/100\n|\n|-heal|p2a: Garganacl|62\/100|[from] item: Leftovers\n|upkeep\n|turn|12\n|\n|t:|1700238694\n|move|p1a: Ribombee|Quiver Dance|p1a: Ribombee\n|-boost|p1a: Ribombee|spa|1\n|-boost|p1a: Ribombee|spd|1\n|-boost|p1a: Ribombee|spe|1\n|move|p2a: Garganacl|Recover|p2a: Garganacl\n|-heal|p2a: Garganacl|100\/100\n|\n|upkeep\n|turn|13\n|\n|t:|1700238699\n|move|p2a: Garganacl|Protect|p2a: Garganacl\n|-singleturn|p2a: Garganacl|Protect\n|move|p1a: Ribombee|Moonblast|p2a: Garganacl\n|-activate|p2a: Garganacl|move: Protect\n|\n|upkeep\n|turn|14\n|inactive|oldoguy has 120 seconds left.\n|\n|t:|1700238732\n|move|p2a: Garganacl|Protect||[still]\n|-fail|p2a: Garganacl\n|move|p1a: Ribombee|Moonblast|p2a: Garganacl\n|-damage|p2a: Garganacl|24\/100\n|\n|-heal|p2a: Garganacl|30\/100|[from] item: Leftovers\n|upkeep\n|turn|15\n|\n|t:|1700238739\n|move|p2a: Garganacl|Protect|p2a: Garganacl\n|-singleturn|p2a: Garganacl|Protect\n|move|p1a: Ribombee|Moonblast|p2a: Garganacl\n|-activate|p2a: Garganacl|move: Protect\n|\n|-heal|p2a: Garganacl|36\/100|[from] item: Leftovers\n|upkeep\n|turn|16\n|\n|t:|1700238746\n|move|p1a: Ribombee|Moonblast|p2a: Garganacl\n|-damage|p2a: Garganacl|0 fnt\n|faint|p2a: Garganacl\n|\n|upkeep\n|\n|t:|1700238750\n|switch|p2a: Banette|Banette, M|100\/100\n|turn|17\n|\n|t:|1700238755\n|detailschange|p2a: Banette|Banette-Mega, M\n|-mega|p2a: Banette|Banette|Banettite\n|move|p2a: Banette|Destiny Bond|p2a: Banette\n|-singlemove|p2a: Banette|Destiny Bond\n|move|p1a: Ribombee|Moonblast|p2a: Banette\n|-damage|p2a: Banette|0 fnt\n|faint|p2a: Banette\n|-activate|p2a: Banette|move: Destiny Bond\n|faint|p1a: Ribombee\n|\n|upkeep\n|\n|t:|1700238773\n|switch|p1a: Durant|Durant, M|100\/100\n|switch|p2a: Moltres|Moltres|55\/100\n|turn|18\n|\n|t:|1700238779\n|move|p1a: Durant|Rock Slide|p2a: Moltres\n|-supereffective|p2a: Moltres\n|-damage|p2a: Moltres|0 fnt\n|faint|p2a: Moltres\n|\n|upkeep\n|-message|oldoguy forfeited.\n|\n|win|Chyoo\n|raw|Chyoo's rating: 1291 &rarr; <strong>1321<\/strong><br \/>(+30 for winning)\n|raw|oldoguy's rating: 1363 &rarr; <strong>1339<\/strong><br \/>(-24 for losing)\n|l|\u2606oldoguy\n","uploadtime":1700238797,"views":8,"p1id":"chyoo","p2id":"oldoguy","formatid":"gen9nationaldex","rating":1321,"private":0,"password":""}