{"id":"gen9nationaldex-2000160875","p1":"Cracked3","p2":"NeverGP","format":"[Gen 9] National Dex","log":"|html|<div class=\"broadcast-blue\"><strong>[Gen 9] National Dex is currently suspecting Sneasler! For information on how to participate check out the <a href=\"https:\/\/www.smogon.com\/forums\/threads\/sv-national-dex-suspect-8-just-dance.3731534\/\">suspect thread<\/a>.<\/strong><\/div>\n|j|\u2606Cracked3\n|j|\u2606NeverGP\n|t:|1701165244\n|gametype|singles\n|player|p1|Cracked3|grimsley-masters|1530\n|player|p2|NeverGP|101|1464\n|teamsize|p1|6\n|teamsize|p2|6\n|gen|9\n|tier|[Gen 9] National Dex\n|rated|\n|rule|HP Percentage Mod: HP is shown in percentages\n|rule|Endless Battle Clause: Forcing endless battles is banned\n|rule|OHKO Clause: OHKO moves are banned\n|rule|Evasion Clause: Evasion abilities, items, and moves are banned\n|rule|Evasion Abilities Clause: Evasion abilities are banned\n|rule|Evasion Items Clause: Evasion items are banned\n|rule|Evasion Moves Clause: Evasion moves are banned\n|rule|Species Clause: Limit one of each Pok\u00e9mon\n|rule|Sleep Clause Mod: Limit one foe put to sleep\n|clearpoke\n|poke|p1|Azumarill, F|\n|poke|p1|Pelipper, M|\n|poke|p1|Swampert, F|\n|poke|p1|Tornadus-Therian, M|\n|poke|p1|Ferrothorn, M|\n|poke|p1|Tapu Koko|\n|poke|p2|Banette, M|\n|poke|p2|Slowking-Galar, M|\n|poke|p2|Garganacl, M|\n|poke|p2|Great Tusk|\n|poke|p2|Tapu Bulu|\n|poke|p2|Corviknight, F|\n|teampreview\n|inactive|Battle timer is ON: inactive players will automatically lose when time's up. (requested by Cracked3)\n|c|\u2606Cracked3|hf\n|inactive|Cracked3 has 120 seconds left.\n|c|\u2606NeverGP|hf\n|\n|t:|1701165276\n|start\n|switch|p1a: Pelipper|Pelipper, M, shiny|100\/100\n|switch|p2a: Garganacl|Garganacl, M|100\/100\n|-weather|RainDance|[from] ability: Drizzle|[of] p1a: Pelipper\n|turn|1\n|\n|t:|1701165284\n|switch|p1a: Tapu Koko|Tapu Koko|100\/100\n|-fieldstart|move: Electric Terrain|[from] ability: Electric Surge|[of] p1a: Tapu Koko\n|move|p2a: Garganacl|Stealth Rock|p1a: Tapu Koko\n|-sidestart|p1: Cracked3|move: Stealth Rock\n|\n|-weather|RainDance|[upkeep]\n|upkeep\n|turn|2\n|\n|t:|1701165295\n|move|p2a: Garganacl|Protect|p2a: Garganacl\n|-singleturn|p2a: Garganacl|Protect\n|move|p1a: Tapu Koko|Grass Knot|p2a: Garganacl\n|-activate|p2a: Garganacl|move: Protect\n|\n|-weather|RainDance|[upkeep]\n|upkeep\n|turn|3\n|\n|t:|1701165307\n|switch|p2a: Tapu Bulu|Tapu Bulu, shiny|100\/100\n|-fieldstart|move: Grassy Terrain|[from] ability: Grassy Surge|[of] p2a: Tapu Bulu\n|move|p1a: Tapu Koko|Thunder|p2a: Tapu Bulu\n|-resisted|p2a: Tapu Bulu\n|-damage|p2a: Tapu Bulu|70\/100\n|\n|-weather|RainDance|[upkeep]\n|-heal|p2a: Tapu Bulu|77\/100|[from] Grassy Terrain\n|-heal|p2a: Tapu Bulu|83\/100|[from] item: Leftovers\n|upkeep\n|turn|4\n|\n|t:|1701165317\n|move|p1a: Tapu Koko|U-turn|p2a: Tapu Bulu\n|-damage|p2a: Tapu Bulu|67\/100\n|\n|t:|1701165322\n|switch|p1a: Ferrothorn|Ferrothorn, M, shiny|100\/100|[from] U-turn\n|-damage|p1a: Ferrothorn|94\/100|[from] Stealth Rock\n|move|p2a: Tapu Bulu|Swords Dance|p2a: Tapu Bulu\n|-boost|p2a: Tapu Bulu|atk|2\n|\n|-weather|RainDance|[upkeep]\n|-heal|p2a: Tapu Bulu|74\/100|[from] Grassy Terrain\n|-heal|p2a: Tapu Bulu|80\/100|[from] item: Leftovers\n|-heal|p1a: Ferrothorn|100\/100|[from] Grassy Terrain\n|upkeep\n|turn|5\n|\n|t:|1701165327\n|move|p2a: Tapu Bulu|Close Combat|p1a: Ferrothorn\n|-supereffective|p1a: Ferrothorn\n|-damage|p1a: Ferrothorn|0 fnt\n|-unboost|p2a: Tapu Bulu|def|1\n|-unboost|p2a: Tapu Bulu|spd|1\n|-damage|p2a: Tapu Bulu|67\/100|[from] ability: Iron Barbs|[of] p1a: Ferrothorn\n|faint|p1a: Ferrothorn\n|\n|-weather|RainDance|[upkeep]\n|-heal|p2a: Tapu Bulu|74\/100|[from] Grassy Terrain\n|-heal|p2a: Tapu Bulu|80\/100|[from] item: Leftovers\n|upkeep\n|\n|t:|1701165332\n|switch|p1a: Tornadus|Tornadus-Therian, M|100\/100\n|turn|6\n|\n|t:|1701165342\n|switch|p2a: Garganacl|Garganacl, M|100\/100\n|move|p1a: Tornadus|Knock Off|p2a: Garganacl\n|-damage|p2a: Garganacl|86\/100\n|-enditem|p2a: Garganacl|Leftovers|[from] move: Knock Off|[of] p1a: Tornadus\n|\n|-weather|RainDance|[upkeep]\n|-heal|p2a: Garganacl|92\/100|[from] Grassy Terrain\n|upkeep\n|turn|7\n|\n|t:|1701165349\n|move|p1a: Tornadus|U-turn|p2a: Garganacl\n|-damage|p2a: Garganacl|82\/100\n|\n|t:|1701165356\n|switch|p1a: Tapu Koko|Tapu Koko|100\/100|[from] U-turn\n|-fieldstart|move: Electric Terrain|[from] ability: Electric Surge|[of] p1a: Tapu Koko\n|move|p2a: Garganacl|Salt Cure|p1a: Tapu Koko\n|-damage|p1a: Tapu Koko|79\/100\n|-start|p1a: Tapu Koko|Salt Cure\n|\n|-weather|RainDance|[upkeep]\n|-damage|p1a: Tapu Koko|67\/100|[from] Salt Cure\n|upkeep\n|turn|8\n|\n|t:|1701165364\n|switch|p1a: Pikablu|Azumarill, F, shiny|100\/100\n|-damage|p1a: Pikablu|88\/100|[from] Stealth Rock\n|move|p2a: Garganacl|Protect||[still]\n|-fail|p2a: Garganacl\n|\n|-weather|none\n|upkeep\n|turn|9\n|\n|t:|1701165370\n|move|p1a: Pikablu|Belly Drum|p1a: Pikablu\n|-damage|p1a: Pikablu|38\/100\n|-setboost|p1a: Pikablu|atk|6|[from] move: Belly Drum\n|-enditem|p1a: Pikablu|Sitrus Berry|[eat]\n|-heal|p1a: Pikablu|63\/100|[from] item: Sitrus Berry\n|move|p2a: Garganacl|Salt Cure|p1a: Pikablu\n|-damage|p1a: Pikablu|50\/100\n|-start|p1a: Pikablu|Salt Cure\n|\n|-damage|p1a: Pikablu|25\/100|[from] Salt Cure\n|upkeep\n|turn|10\n|\n|t:|1701165381\n|move|p2a: Garganacl|Protect|p2a: Garganacl\n|-singleturn|p2a: Garganacl|Protect\n|move|p1a: Pikablu|Play Rough|p2a: Garganacl\n|-activate|p2a: Garganacl|move: Protect\n|\n|-damage|p1a: Pikablu|0 fnt|[from] Salt Cure\n|faint|p1a: Pikablu\n|upkeep\n|c|\u2606Cracked3|gg rain matches very badly with this\n|-message|Cracked3 forfeited.\n|\n|win|NeverGP\n|raw|Cracked3's rating: 1530 &rarr; <strong>1506<\/strong><br \/>(-24 for losing)\n|raw|NeverGP's rating: 1464 &rarr; <strong>1488<\/strong><br \/>(+24 for winning)\n|l|\u2606Cracked3\n","uploadtime":1701165421,"views":8,"p1id":"cracked3","p2id":"nevergp","formatid":"gen9nationaldex","rating":1488,"private":0,"password":""}