{"id":"gen9nationaldex-1998827810","p1":"pikaplayer1001000","p2":"badwbs","format":"[Gen 9] National Dex","log":"|html|<div class=\"broadcast-blue\"><strong>[Gen 9] National Dex is currently suspecting Sneasler! For information on how to participate check out the <a href=\"https:\/\/www.smogon.com\/forums\/threads\/sv-national-dex-suspect-8-just-dance.3731534\/\">suspect thread<\/a>.<\/strong><\/div>\n|j|\u2606pikaplayer1001000\n|j|\u2606badwbs\n|t:|1700998920\n|gametype|singles\n|player|p1|pikaplayer1001000|red-gen2|1207\n|player|p2|badwbs|lady|1303\n|teamsize|p1|6\n|teamsize|p2|6\n|gen|9\n|tier|[Gen 9] National Dex\n|rated|\n|rule|HP Percentage Mod: HP is shown in percentages\n|rule|Endless Battle Clause: Forcing endless battles is banned\n|rule|OHKO Clause: OHKO moves are banned\n|rule|Evasion Clause: Evasion abilities, items, and moves are banned\n|rule|Evasion Abilities Clause: Evasion abilities are banned\n|rule|Evasion Items Clause: Evasion items are banned\n|rule|Evasion Moves Clause: Evasion moves are banned\n|rule|Species Clause: Limit one of each Pok\u00e9mon\n|rule|Sleep Clause Mod: Limit one foe put to sleep\n|clearpoke\n|poke|p1|Chatot, M|\n|poke|p1|Mawile, M|\n|poke|p1|Ninetales-Alola, F|\n|poke|p1|Ribombee, F|\n|poke|p1|Pawmot, F|\n|poke|p1|Excadrill, F|\n|poke|p2|Iron Valiant|\n|poke|p2|Charizard, F|\n|poke|p2|Garganacl, M|\n|poke|p2|Great Tusk|\n|poke|p2|Ferrothorn, F|\n|poke|p2|Dragonite, M|\n|teampreview\n|inactive|Battle timer is ON: inactive players will automatically lose when time's up. (requested by badwbs)\n|inactive|pikaplayer1001000 has 120 seconds left.\n|\n|t:|1700998960\n|start\n|switch|p1a: Excadrill|Excadrill, F|100\/100\n|switch|p2a: Garganacl|Garganacl, M, shiny|100\/100\n|-ability|p1a: Excadrill|Mold Breaker\n|turn|1\n|\n|t:|1700998966\n|move|p1a: Excadrill|Stealth Rock|p2a: Garganacl\n|-sidestart|p2: badwbs|move: Stealth Rock\n|move|p2a: Garganacl|Earthquake|p1a: Excadrill\n|-supereffective|p1a: Excadrill\n|-damage|p1a: Excadrill|33\/100\n|\n|upkeep\n|turn|2\n|\n|t:|1700998991\n|move|p1a: Excadrill|Earthquake|p2a: Garganacl\n|-supereffective|p2a: Garganacl\n|-damage|p2a: Garganacl|24\/100\n|move|p2a: Garganacl|Earthquake|p1a: Excadrill\n|-supereffective|p1a: Excadrill\n|-damage|p1a: Excadrill|0 fnt\n|faint|p1a: Excadrill\n|\n|-heal|p2a: Garganacl|30\/100|[from] item: Leftovers\n|upkeep\n|inactive|pikaplayer1001000 has 120 seconds left.\n|inactive|pikaplayer1001000 has 90 seconds left.\n|\n|t:|1700999041\n|switch|p1a: Ribombee|Ribombee, F|100\/100\n|turn|3\n|\n|t:|1700999044\n|move|p1a: Ribombee|Sticky Web|p2a: Garganacl\n|-sidestart|p2: badwbs|move: Sticky Web\n|move|p2a: Garganacl|Salt Cure|p1a: Ribombee\n|-supereffective|p1a: Ribombee\n|-damage|p1a: Ribombee|52\/100\n|\n|-heal|p2a: Garganacl|37\/100|[from] item: Leftovers\n|upkeep\n|turn|4\n|\n|t:|1700999049\n|move|p1a: Ribombee|U-turn|p2a: Garganacl\n|-damage|p2a: Garganacl|28\/100\n|\n|t:|1700999055\n|switch|p1a: Mawile|Mawile, M|100\/100|[from] U-turn\n|move|p2a: Garganacl|Salt Cure|p1a: Mawile\n|-resisted|p1a: Mawile\n|-damage|p1a: Mawile|91\/100\n|-start|p1a: Mawile|Salt Cure\n|\n|-heal|p2a: Garganacl|34\/100|[from] item: Leftovers\n|-damage|p1a: Mawile|66\/100|[from] Salt Cure\n|upkeep\n|turn|5\n|\n|t:|1700999058\n|detailschange|p1a: Mawile|Mawile-Mega, M\n|-mega|p1a: Mawile|Mawile|Mawilite\n|move|p1a: Mawile|Iron Head|p2a: Garganacl\n|-supereffective|p2a: Garganacl\n|-damage|p2a: Garganacl|0 fnt\n|faint|p2a: Garganacl\n|\n|-damage|p1a: Mawile|41\/100|[from] Salt Cure\n|upkeep\n|\n|t:|1700999063\n|switch|p2a: Great Tusk|Great Tusk, shiny|100\/100\n|-damage|p2a: Great Tusk|98\/100|[from] Stealth Rock\n|-activate|p2a: Great Tusk|move: Sticky Web\n|-unboost|p2a: Great Tusk|spe|1\n|-enditem|p2a: Great Tusk|Booster Energy\n|-activate|p2a: Great Tusk|ability: Protosynthesis|[fromitem]\n|-start|p2a: Great Tusk|protosynthesisatk\n|turn|6\n|\n|t:|1700999066\n|move|p2a: Great Tusk|Rapid Spin|p1a: Mawile\n|-resisted|p1a: Mawile\n|-damage|p1a: Mawile|31\/100\n|-boost|p2a: Great Tusk|spe|1\n|-sideend|p2: badwbs|Stealth Rock|[from] move: Rapid Spin|[of] p2a: Great Tusk\n|-sideend|p2: badwbs|Sticky Web|[from] move: Rapid Spin|[of] p2a: Great Tusk\n|move|p1a: Mawile|Play Rough|p2a: Great Tusk\n|-supereffective|p2a: Great Tusk\n|-damage|p2a: Great Tusk|0 fnt\n|faint|p2a: Great Tusk\n|-end|p2a: Great Tusk|Protosynthesis|[silent]\n|\n|-damage|p1a: Mawile|6\/100|[from] Salt Cure\n|upkeep\n|\n|t:|1700999071\n|switch|p2a: Iron Valiant|Iron Valiant, shiny|100\/100\n|-enditem|p2a: Iron Valiant|Booster Energy\n|-activate|p2a: Iron Valiant|ability: Quark Drive|[fromitem]\n|-start|p2a: Iron Valiant|quarkdrivespe\n|turn|7\n|\n|t:|1700999073\n|move|p2a: Iron Valiant|Vacuum Wave|p1a: Mawile\n|-damage|p1a: Mawile|0 fnt\n|faint|p1a: Mawile\n|\n|upkeep\n|\n|t:|1700999075\n|switch|p1a: Ninetales|Ninetales-Alola, F|100\/100\n|-weather|Snow|[from] ability: Snow Warning|[of] p1a: Ninetales\n|turn|8\n|\n|t:|1700999079\n|move|p2a: Iron Valiant|Moonblast|p1a: Ninetales\n|-damage|p1a: Ninetales|43\/100\n|-unboost|p1a: Ninetales|spa|1\n|move|p1a: Ninetales|Aurora Veil|p1a: Ninetales\n|-sidestart|p1: pikaplayer1001000|move: Aurora Veil\n|\n|-weather|Snow|[upkeep]\n|upkeep\n|turn|9\n|\n|t:|1700999083\n|move|p2a: Iron Valiant|Moonblast|p1a: Ninetales\n|-damage|p1a: Ninetales|14\/100\n|move|p1a: Ninetales|Hypnosis|p2a: Iron Valiant\n|-status|p2a: Iron Valiant|slp|[from] move: Hypnosis\n|\n|-weather|Snow|[upkeep]\n|upkeep\n|turn|10\n|\n|t:|1700999094\n|switch|p1a: Chatot|Chatot, M|100\/100\n|cant|p2a: Iron Valiant|slp\n|\n|-weather|Snow|[upkeep]\n|upkeep\n|turn|11\n|inactive|pikaplayer1001000 has 120 seconds left.\n|inactive|pikaplayer1001000 has 90 seconds left.\n|\n|t:|1700999172\n|cant|p2a: Iron Valiant|slp\n|move|p1a: Chatot|Chatter|p2a: Iron Valiant\n|-supereffective|p2a: Iron Valiant\n|-damage|p2a: Iron Valiant|0 fnt\n|faint|p2a: Iron Valiant\n|-end|p2a: Iron Valiant|Quark Drive|[silent]\n|-enditem|p1a: Chatot|Throat Spray\n|-boost|p1a: Chatot|spa|1|[from] item: Throat Spray\n|\n|-weather|Snow|[upkeep]\n|upkeep\n|\n|t:|1700999183\n|switch|p2a: Dragonite|Dragonite, M, shiny|100\/100\n|turn|12\n|inactive|pikaplayer1001000 has 60 seconds left.\n|\n|t:|1700999222\n|move|p1a: Chatot|Chatter|p2a: Dragonite\n|-damage|p2a: Dragonite|79\/100\n|-start|p2a: Dragonite|confusion\n|-activate|p2a: Dragonite|confusion\n|move|p2a: Dragonite|Dragon Dance|p2a: Dragonite\n|-boost|p2a: Dragonite|atk|1\n|-boost|p2a: Dragonite|spe|1\n|\n|-weather|none\n|upkeep\n|turn|13\n|\n|t:|1700999226\n|-terastallize|p1a: Chatot|Normal\n|-activate|p2a: Dragonite|confusion\n|move|p2a: Dragonite|Iron Head|p1a: Chatot\n|-damage|p1a: Chatot|55\/100\n|move|p1a: Chatot|Boomburst|p2a: Dragonite\n|-damage|p2a: Dragonite|0 fnt\n|faint|p2a: Dragonite\n|\n|upkeep\n|\n|t:|1700999235\n|switch|p2a: Charizard|Charizard, F, shiny|100\/100\n|turn|14\n|\n|t:|1700999244\n|detailschange|p2a: Charizard|Charizard-Mega-Y, F, shiny\n|-mega|p2a: Charizard|Charizard|Charizardite Y\n|-weather|SunnyDay|[from] ability: Drought|[of] p2a: Charizard\n|move|p2a: Charizard|Flamethrower|p1a: Chatot\n|-damage|p1a: Chatot|0 fnt\n|faint|p1a: Chatot\n|\n|-weather|SunnyDay|[upkeep]\n|upkeep\n|inactive|pikaplayer1001000 has 60 seconds left.\n|\n|t:|1700999279\n|switch|p1a: Pawmot|Pawmot, F|100\/100\n|turn|15\n|\n|t:|1700999282\n|move|p1a: Pawmot|Double Shock|p2a: Charizard\n|-supereffective|p2a: Charizard\n|-damage|p2a: Charizard|0 fnt\n|-start|p1a: Pawmot|typechange|???\/Fighting|[from] move: Double Shock\n|faint|p2a: Charizard\n|\n|-weather|SunnyDay|[upkeep]\n|-sideend|p1: pikaplayer1001000|move: Aurora Veil\n|upkeep\n|\n|t:|1700999284\n|switch|p2a: Ferrothorn|Ferrothorn, F, shiny|100\/100\n|turn|16\n|inactive|pikaplayer1001000 has 60 seconds left.\n|\n|t:|1700999320\n|-terastallize|p2a: Ferrothorn|Ghost\n|move|p1a: Pawmot|Close Combat|p2a: Ferrothorn\n|-immune|p2a: Ferrothorn\n|move|p2a: Ferrothorn|Leech Seed|p1a: Pawmot\n|-start|p1a: Pawmot|move: Leech Seed\n|\n|-weather|SunnyDay|[upkeep]\n|-damage|p1a: Pawmot|88\/100|[from] Leech Seed|[of] p2a: Ferrothorn\n|upkeep\n|turn|17\n|\n|t:|1700999332\n|move|p1a: Pawmot|Revival Blessing|p1a: Pawmot\n|-enditem|p1a: Pawmot|Leppa Berry|[eat]\n|-activate|p1a: Pawmot|item: Leppa Berry|Revival Blessing|[consumed]\n|inactive|pikaplayer1001000 has 30 seconds left.\n|\n|t:|1700999351\n|-heal|p1: Chatot|50\/100|[from] move: Revival Blessing\n|move|p2a: Ferrothorn|Gyro Ball|p1a: Pawmot\n|-damage|p1a: Pawmot|13\/100\n|\n|-weather|SunnyDay|[upkeep]\n|-damage|p1a: Pawmot|1\/100|[from] Leech Seed|[of] p2a: Ferrothorn\n|upkeep\n|turn|18\n|\n|t:|1700999358\n|move|p2a: Ferrothorn|Protect|p2a: Ferrothorn\n|-singleturn|p2a: Ferrothorn|Protect\n|move|p1a: Pawmot|Revival Blessing|p1a: Pawmot\n|\n|t:|1700999360\n|-heal|p1: Mawile|50\/100|[from] move: Revival Blessing\n|\n|-weather|none\n|-damage|p1a: Pawmot|0 fnt|[from] Leech Seed|[of] p2a: Ferrothorn\n|faint|p1a: Pawmot\n|upkeep\n|\n|t:|1700999362\n|switch|p1a: Chatot|Chatot, M|50\/100\n|turn|19\n|\n|t:|1700999375\n|move|p1a: Chatot|Chatter|p2a: Ferrothorn\n|-damage|p2a: Ferrothorn|83\/100\n|-start|p2a: Ferrothorn|confusion\n|-activate|p2a: Ferrothorn|confusion\n|-damage|p2a: Ferrothorn|76\/100|[from] confusion\n|\n|-heal|p2a: Ferrothorn|82\/100|[from] item: Leftovers\n|upkeep\n|turn|20\n|\n|t:|1700999378\n|move|p1a: Chatot|Nasty Plot|p1a: Chatot\n|-boost|p1a: Chatot|spa|2\n|-activate|p2a: Ferrothorn|confusion\n|move|p2a: Ferrothorn|Gyro Ball|p1a: Chatot\n|-damage|p1a: Chatot|0 fnt\n|faint|p1a: Chatot\n|\n|-heal|p2a: Ferrothorn|88\/100|[from] item: Leftovers\n|upkeep\n|\n|t:|1700999381\n|switch|p1a: Mawile|Mawile-Mega, M|50\/100\n|turn|21\n|\n|t:|1700999396\n|-activate|p2a: Ferrothorn|confusion\n|move|p2a: Ferrothorn|Protect|p2a: Ferrothorn\n|-singleturn|p2a: Ferrothorn|Protect\n|move|p1a: Mawile|Swords Dance|p1a: Mawile\n|-boost|p1a: Mawile|atk|2\n|\n|-heal|p2a: Ferrothorn|95\/100|[from] item: Leftovers\n|upkeep\n|turn|22\n|\n|t:|1700999400\n|move|p1a: Mawile|Iron Head|p2a: Ferrothorn\n|-damage|p2a: Ferrothorn|0 fnt\n|-damage|p1a: Mawile|38\/100|[from] ability: Iron Barbs|[of] p2a: Ferrothorn\n|faint|p2a: Ferrothorn\n|\n|win|pikaplayer1001000\n|raw|pikaplayer1001000's rating: 1223 &rarr; <strong>1254<\/strong><br \/>(+31 for winning)\n|raw|badwbs's rating: 1303 &rarr; <strong>1278<\/strong><br \/>(-25 for losing)\n","uploadtime":1700999404,"views":18,"p1id":"pikaplayer1001000","p2id":"badwbs","formatid":"gen9nationaldex","rating":1254,"private":0,"password":""}