{"id":"gen9nationaldex-1997733679","p1":"The Class Clown","p2":"yueyibu","format":"[Gen 9] National Dex","log":"|html|<div class=\"broadcast-blue\"><strong>[Gen 9] National Dex is currently suspecting Sneasler! For information on how to participate check out the <a href=\"https:\/\/www.smogon.com\/forums\/threads\/sv-national-dex-suspect-8-just-dance.3731534\/\">suspect thread<\/a>.<\/strong><\/div>\n|j|\u2606The Class Clown\n|j|\u2606yueyibu\n|t:|1700846920\n|gametype|singles\n|player|p1|The Class Clown|mallow|1267\n|player|p2|yueyibu|n|1317\n|teamsize|p1|6\n|teamsize|p2|6\n|gen|9\n|tier|[Gen 9] National Dex\n|rated|\n|rule|HP Percentage Mod: HP is shown in percentages\n|rule|Endless Battle Clause: Forcing endless battles is banned\n|rule|OHKO Clause: OHKO moves are banned\n|rule|Evasion Clause: Evasion abilities, items, and moves are banned\n|rule|Evasion Abilities Clause: Evasion abilities are banned\n|rule|Evasion Items Clause: Evasion items are banned\n|rule|Evasion Moves Clause: Evasion moves are banned\n|rule|Species Clause: Limit one of each Pok\u00e9mon\n|rule|Sleep Clause Mod: Limit one foe put to sleep\n|clearpoke\n|poke|p1|Aerodactyl, F|\n|poke|p1|Ribombee, F|\n|poke|p1|Golurk|\n|poke|p1|Sylveon, M|\n|poke|p1|Blacephalon|\n|poke|p1|Great Tusk|\n|poke|p2|Meowscarada, M|\n|poke|p2|Skarmory, M|\n|poke|p2|Rotom-Wash|\n|poke|p2|Beedrill, F|\n|poke|p2|Kommo-o, F|\n|poke|p2|Skeledirge, F|\n|teampreview\n|\n|t:|1700846941\n|start\n|switch|p1a: Blacephalon|Blacephalon|100\/100\n|switch|p2a: Beedrill|Beedrill, F|100\/100\n|turn|1\n|\n|t:|1700846957\n|switch|p1a: Great Tusk|Great Tusk|100\/100\n|detailschange|p2a: Beedrill|Beedrill-Mega, F\n|-mega|p2a: Beedrill|Beedrill|Beedrillite\n|move|p2a: Beedrill|U-turn|p1a: Great Tusk\n|-resisted|p1a: Great Tusk\n|-damage|p1a: Great Tusk|82\/100\n|\n|t:|1700846971\n|switch|p2a: Kommo-o|Kommo-o, F|100\/100|[from] U-turn\n|\n|upkeep\n|turn|2\n|\n|t:|1700846978\n|-end|p1a: Great Tusk|Protosynthesis|[silent]\n|switch|p1a: Ribombee|Ribombee, F|100\/100\n|move|p2a: Kommo-o|Flamethrower|p1a: Ribombee\n|-supereffective|p1a: Ribombee\n|-damage|p1a: Ribombee|1\/100\n|\n|upkeep\n|turn|3\n|\n|t:|1700847024\n|move|p1a: Ribombee|Sticky Web|p2a: Kommo-o\n|-sidestart|p2: yueyibu|move: Sticky Web\n|move|p2a: Kommo-o|Flamethrower|p1a: Ribombee\n|-supereffective|p1a: Ribombee\n|-damage|p1a: Ribombee|0 fnt\n|faint|p1a: Ribombee\n|\n|upkeep\n|\n|t:|1700847033\n|switch|p1a: Sylveon|Sylveon, M|100\/100\n|turn|4\n|\n|t:|1700847046\n|switch|p2a: Rotom|Rotom-Wash|100\/100\n|move|p1a: Sylveon|Yawn|p2a: Rotom\n|-start|p2a: Rotom|move: Yawn|[of] p1a: Sylveon\n|\n|upkeep\n|turn|5\n|\n|t:|1700847058\n|switch|p1a: Golurk|Golurk|100\/100\n|move|p2a: Rotom|Trick|p1a: Golurk\n|-activate|p2a: Rotom|move: Trick|[of] p1a: Golurk\n|-item|p1a: Golurk|Choice Scarf|[from] move: Trick\n|-item|p2a: Rotom|Choice Band|[from] move: Trick\n|\n|-end|p2a: Rotom|move: Yawn|[silent]\n|-status|p2a: Rotom|slp\n|upkeep\n|turn|6\n|\n|t:|1700847078\n|switch|p2a: Skeledirge|Skeledirge, F|100\/100\n|move|p1a: Golurk|Poltergeist|p2a: Skeledirge\n|-activate|p2a: Skeledirge|move: Poltergeist|Heavy-Duty Boots\n|-supereffective|p2a: Skeledirge\n|-damage|p2a: Skeledirge|32\/100\n|\n|upkeep\n|turn|7\n|\n|t:|1700847089\n|move|p1a: Golurk|Poltergeist|p2a: Skeledirge\n|-activate|p2a: Skeledirge|move: Poltergeist|Heavy-Duty Boots\n|-supereffective|p2a: Skeledirge\n|-crit|p2a: Skeledirge\n|-damage|p2a: Skeledirge|0 fnt\n|faint|p2a: Skeledirge\n|\n|upkeep\n|\n|t:|1700847100\n|switch|p2a: Meowscarada|Meowscarada, M|100\/100\n|-activate|p2a: Meowscarada|move: Sticky Web\n|-unboost|p2a: Meowscarada|spe|1\n|turn|8\n|\n|t:|1700847108\n|switch|p1a: Sylveon|Sylveon, M|100\/100\n|move|p2a: Meowscarada|Knock Off|p1a: Sylveon\n|-start|p2a: Meowscarada|typechange|Dark|[from] ability: Protean\n|-resisted|p1a: Sylveon\n|-damage|p1a: Sylveon|82\/100\n|-enditem|p1a: Sylveon|Leftovers|[from] move: Knock Off|[of] p2a: Meowscarada\n|\n|upkeep\n|turn|9\n|\n|t:|1700847120\n|move|p2a: Meowscarada|Flower Trick|p1a: Sylveon\n|-crit|p1a: Sylveon\n|-damage|p1a: Sylveon|57\/100\n|move|p1a: Sylveon|Wish|p1a: Sylveon\n|\n|upkeep\n|turn|10\n|\n|t:|1700847126\n|move|p2a: Meowscarada|U-turn|p1a: Sylveon\n|-resisted|p1a: Sylveon\n|-damage|p1a: Sylveon|48\/100\n|\n|t:|1700847130\n|switch|p2a: Skarmory|Skarmory, M|100\/100|[from] U-turn\n|move|p1a: Sylveon|Hyper Voice|p2a: Skarmory\n|-resisted|p2a: Skarmory\n|-damage|p2a: Skarmory|73\/100\n|\n|-heal|p1a: Sylveon|98\/100|[from] move: Wish|[wisher] Sylveon\n|upkeep\n|turn|11\n|\n|t:|1700847136\n|move|p2a: Skarmory|Stealth Rock|p1a: Sylveon\n|-sidestart|p1: The Class Clown|move: Stealth Rock\n|move|p1a: Sylveon|Hyper Voice|p2a: Skarmory\n|-resisted|p2a: Skarmory\n|-damage|p2a: Skarmory|43\/100\n|\n|upkeep\n|turn|12\n|\n|t:|1700847164\n|move|p2a: Skarmory|Roost|p2a: Skarmory\n|-heal|p2a: Skarmory|93\/100\n|-singleturn|p2a: Skarmory|move: Roost\n|move|p1a: Sylveon|Hyper Voice|p2a: Skarmory\n|-resisted|p2a: Skarmory\n|-damage|p2a: Skarmory|65\/100\n|\n|upkeep\n|turn|13\n|\n|t:|1700847174\n|move|p2a: Skarmory|Spikes|p1a: Sylveon\n|-sidestart|p1: The Class Clown|Spikes\n|move|p1a: Sylveon|Hyper Voice|p2a: Skarmory\n|-resisted|p2a: Skarmory\n|-damage|p2a: Skarmory|36\/100\n|\n|upkeep\n|turn|14\n|\n|t:|1700847180\n|switch|p1a: Great Tusk|Great Tusk|82\/100\n|move|p2a: Skarmory|Roost|p2a: Skarmory\n|-heal|p2a: Skarmory|86\/100\n|-singleturn|p2a: Skarmory|move: Roost\n|\n|upkeep\n|turn|15\n|\n|t:|1700847205\n|move|p1a: Great Tusk|Rapid Spin|p2a: Skarmory\n|-resisted|p2a: Skarmory\n|-damage|p2a: Skarmory|81\/100\n|-boost|p1a: Great Tusk|spe|1\n|-damage|p1a: Great Tusk|66\/100|[from] item: Rocky Helmet|[of] p2a: Skarmory\n|-sideend|p1: The Class Clown|Spikes|[from] move: Rapid Spin|[of] p1a: Great Tusk\n|-sideend|p1: The Class Clown|Stealth Rock|[from] move: Rapid Spin|[of] p1a: Great Tusk\n|move|p2a: Skarmory|Stealth Rock|p1a: Great Tusk\n|-sidestart|p1: The Class Clown|move: Stealth Rock\n|\n|upkeep\n|turn|16\n|\n|t:|1700847212\n|move|p1a: Great Tusk|Close Combat|p2a: Skarmory\n|-damage|p2a: Skarmory|42\/100\n|-unboost|p1a: Great Tusk|def|1\n|-unboost|p1a: Great Tusk|spd|1\n|-damage|p1a: Great Tusk|49\/100|[from] item: Rocky Helmet|[of] p2a: Skarmory\n|move|p2a: Skarmory|Spikes|p1a: Great Tusk\n|-sidestart|p1: The Class Clown|Spikes\n|\n|upkeep\n|turn|17\n|\n|t:|1700847217\n|move|p1a: Great Tusk|Rapid Spin|p2a: Skarmory\n|-resisted|p2a: Skarmory\n|-damage|p2a: Skarmory|36\/100\n|-boost|p1a: Great Tusk|spe|1\n|-damage|p1a: Great Tusk|33\/100|[from] item: Rocky Helmet|[of] p2a: Skarmory\n|-sideend|p1: The Class Clown|Spikes|[from] move: Rapid Spin|[of] p1a: Great Tusk\n|-sideend|p1: The Class Clown|Stealth Rock|[from] move: Rapid Spin|[of] p1a: Great Tusk\n|move|p2a: Skarmory|Roost|p2a: Skarmory\n|-heal|p2a: Skarmory|86\/100\n|-singleturn|p2a: Skarmory|move: Roost\n|\n|upkeep\n|turn|18\n|\n|t:|1700847222\n|-end|p1a: Great Tusk|Protosynthesis|[silent]\n|switch|p1a: Blacephalon|Blacephalon|100\/100\n|move|p2a: Skarmory|Stealth Rock|p1a: Blacephalon\n|-sidestart|p1: The Class Clown|move: Stealth Rock\n|\n|upkeep\n|turn|19\n|\n|t:|1700847255\n|switch|p2a: Rotom|Rotom-Wash|100\/100 slp\n|move|p1a: Blacephalon|Shadow Ball|p2a: Rotom\n|-damage|p2a: Rotom|42\/100 slp\n|-unboost|p2a: Rotom|spd|1\n|\n|upkeep\n|turn|20\n|\n|t:|1700847260\n|move|p1a: Blacephalon|Flame Charge|p2a: Rotom\n|-resisted|p2a: Rotom\n|-damage|p2a: Rotom|25\/100 slp\n|-boost|p1a: Blacephalon|spe|1\n|cant|p2a: Rotom|slp\n|\n|upkeep\n|turn|21\n|\n|t:|1700847264\n|move|p1a: Blacephalon|Flamethrower|p2a: Rotom\n|-resisted|p2a: Rotom\n|-damage|p2a: Rotom|0 fnt\n|faint|p2a: Rotom\n|-ability|p1a: Blacephalon|Beast Boost|boost\n|-boost|p1a: Blacephalon|atk|1\n|\n|upkeep\n|\n|t:|1700847266\n|switch|p2a: Meowscarada|Meowscarada, M|100\/100\n|-activate|p2a: Meowscarada|move: Sticky Web\n|-unboost|p2a: Meowscarada|spe|1\n|turn|22\n|\n|t:|1700847281\n|move|p1a: Blacephalon|Flamethrower|p2a: Meowscarada\n|-supereffective|p2a: Meowscarada\n|-enditem|p2a: Meowscarada|Focus Sash\n|-damage|p2a: Meowscarada|1\/100\n|move|p2a: Meowscarada|Knock Off|p1a: Blacephalon\n|-start|p2a: Meowscarada|typechange|Dark|[from] ability: Protean\n|-supereffective|p1a: Blacephalon\n|-enditem|p1a: Blacephalon|Focus Sash\n|-damage|p1a: Blacephalon|1\/100\n|\n|upkeep\n|turn|23\n|\n|t:|1700847292\n|move|p1a: Blacephalon|Flame Charge|p2a: Meowscarada\n|-damage|p2a: Meowscarada|0 fnt\n|-boost|p1a: Blacephalon|spe|1\n|faint|p2a: Meowscarada\n|-ability|p1a: Blacephalon|Beast Boost|boost\n|-boost|p1a: Blacephalon|atk|1\n|\n|upkeep\n|\n|t:|1700847295\n|switch|p2a: Skarmory|Skarmory, M|86\/100\n|turn|24\n|\n|t:|1700847300\n|move|p1a: Blacephalon|Flamethrower|p2a: Skarmory\n|-supereffective|p2a: Skarmory\n|-damage|p2a: Skarmory|0 fnt\n|faint|p2a: Skarmory\n|-ability|p1a: Blacephalon|Beast Boost|boost\n|-boost|p1a: Blacephalon|atk|1\n|\n|upkeep\n|\n|t:|1700847311\n|switch|p2a: Kommo-o|Kommo-o, F|100\/100\n|-activate|p2a: Kommo-o|move: Sticky Web\n|-unboost|p2a: Kommo-o|spe|1\n|turn|25\n|\n|t:|1700847317\n|move|p1a: Blacephalon|Explosion|p2a: Kommo-o\n|-crit|p2a: Kommo-o\n|-damage|p2a: Kommo-o|0 fnt\n|faint|p1a: Blacephalon\n|faint|p2a: Kommo-o\n|\n|upkeep\n|-message|yueyibu forfeited.\n|\n|win|The Class Clown\n|raw|The Class Clown's rating: 1267 &rarr; <strong>1295<\/strong><br \/>(+28 for winning)\n|raw|yueyibu's rating: 1304 &rarr; <strong>1282<\/strong><br \/>(-22 for losing)\n|l|\u2606yueyibu\n","uploadtime":1700847331,"views":1,"p1id":"theclassclown","p2id":"yueyibu","formatid":"gen9nationaldex","rating":1282,"private":0,"password":""}