{"id":"gen9nationaldex-2000140853","p1":"11121dxc","p2":"clayanto","format":"[Gen 9] National Dex","log":"|html|<div class=\"broadcast-blue\"><strong>[Gen 9] National Dex is currently suspecting Sneasler! For information on how to participate check out the <a href=\"https:\/\/www.smogon.com\/forums\/threads\/sv-national-dex-suspect-8-just-dance.3731534\/\">suspect thread<\/a>.<\/strong><\/div>\n|j|\u260611121dxc\n|j|\u2606clayanto\n|t:|1701161987\n|gametype|singles\n|player|p1|11121dxc|170|1427\n|player|p2|clayanto|102|1467\n|teamsize|p1|6\n|teamsize|p2|6\n|gen|9\n|tier|[Gen 9] National Dex\n|rated|\n|rule|HP Percentage Mod: HP is shown in percentages\n|rule|Endless Battle Clause: Forcing endless battles is banned\n|rule|OHKO Clause: OHKO moves are banned\n|rule|Evasion Clause: Evasion abilities, items, and moves are banned\n|rule|Evasion Abilities Clause: Evasion abilities are banned\n|rule|Evasion Items Clause: Evasion items are banned\n|rule|Evasion Moves Clause: Evasion moves are banned\n|rule|Species Clause: Limit one of each Pok\u00e9mon\n|rule|Sleep Clause Mod: Limit one foe put to sleep\n|clearpoke\n|poke|p1|Rillaboom, F|\n|poke|p1|Heatran, F|\n|poke|p1|Urshifu-*, F|\n|poke|p1|Slowking-Galar, F|\n|poke|p1|Thundurus-Therian, M|\n|poke|p1|Weezing-Galar, F|\n|poke|p2|Landorus-Therian, M|\n|poke|p2|Chandelure, F|\n|poke|p2|Blaziken, F|\n|poke|p2|Venusaur, F|\n|poke|p2|Cresselia, F|\n|poke|p2|Celesteela|\n|teampreview\n|inactive|Battle timer is ON: inactive players will automatically lose when time's up. (requested by clayanto)\n|\n|t:|1701162014\n|start\n|switch|p1a: Urshifu|Urshifu-Rapid-Strike, F|100\/100\n|switch|p2a: \u6960\u6728\u706f|Chandelure, F, shiny|100\/100\n|turn|1\n|\n|t:|1701162022\n|move|p2a: \u6960\u6728\u706f|Energy Ball|p1a: Urshifu\n|-supereffective|p1a: Urshifu\n|-damage|p1a: Urshifu|0 fnt\n|faint|p1a: Urshifu\n|\n|upkeep\n|\n|t:|1701162032\n|switch|p1a: Slowking|Slowking-Galar, F|100\/100\n|turn|2\n|\n|t:|1701162034\n|switch|p2a: \u56fd\u6728\u7530\u82b1\u4e38|Venusaur, F|100\/100\n|move|p1a: Slowking|Future Sight|p2a: \u56fd\u6728\u7530\u82b1\u4e38\n|-start|p1a: Slowking|move: Future Sight\n|\n|upkeep\n|turn|3\n|\n|t:|1701162052\n|switch|p2a: \u8fd1\u6c5f\u5f7c\u65b9|Cresselia, F|100\/100\n|move|p1a: Slowking|Chilly Reception|p1a: Slowking\n|-weather|Snow\n|\n|t:|1701162063\n|switch|p1a: Rillaboom|Rillaboom, F|100\/100|[from] Chilly Reception\n|-fieldstart|move: Grassy Terrain|[from] ability: Grassy Surge|[of] p1a: Rillaboom\n|\n|-weather|Snow|[upkeep]\n|upkeep\n|turn|4\n|\n|t:|1701162070\n|move|p1a: Rillaboom|Knock Off|p2a: \u8fd1\u6c5f\u5f7c\u65b9\n|-supereffective|p2a: \u8fd1\u6c5f\u5f7c\u65b9\n|-damage|p2a: \u8fd1\u6c5f\u5f7c\u65b9|35\/100\n|-enditem|p2a: \u8fd1\u6c5f\u5f7c\u65b9|Leftovers|[from] move: Knock Off|[of] p1a: Rillaboom\n|move|p2a: \u8fd1\u6c5f\u5f7c\u65b9|Moonlight|p2a: \u8fd1\u6c5f\u5f7c\u65b9\n|-heal|p2a: \u8fd1\u6c5f\u5f7c\u65b9|61\/100\n|\n|-weather|Snow|[upkeep]\n|-end|p2a: \u8fd1\u6c5f\u5f7c\u65b9|move: Future Sight\n|-resisted|p2a: \u8fd1\u6c5f\u5f7c\u65b9\n|-damage|p2a: \u8fd1\u6c5f\u5f7c\u65b9|47\/100\n|upkeep\n|turn|5\n|\n|t:|1701162082\n|switch|p2a: \u56fd\u6728\u7530\u82b1\u4e38|Venusaur, F|100\/100\n|move|p1a: Rillaboom|Knock Off|p2a: \u56fd\u6728\u7530\u82b1\u4e38\n|-damage|p2a: \u56fd\u6728\u7530\u82b1\u4e38|75\/100\n|\n|-weather|Snow|[upkeep]\n|-heal|p2a: \u56fd\u6728\u7530\u82b1\u4e38|81\/100|[from] Grassy Terrain\n|upkeep\n|turn|6\n|\n|t:|1701162098\n|switch|p1a: Heatran|Heatran, F|100\/100\n|detailschange|p2a: \u56fd\u6728\u7530\u82b1\u4e38|Venusaur-Mega, F\n|-mega|p2a: \u56fd\u6728\u7530\u82b1\u4e38|Venusaur|Venusaurite\n|move|p2a: \u56fd\u6728\u7530\u82b1\u4e38|Leech Seed|p1a: Heatran\n|-start|p1a: Heatran|move: Leech Seed\n|\n|-weather|Snow|[upkeep]\n|-heal|p2a: \u56fd\u6728\u7530\u82b1\u4e38|87\/100|[from] Grassy Terrain\n|-damage|p1a: Heatran|88\/100|[from] Leech Seed|[of] p2a: \u56fd\u6728\u7530\u82b1\u4e38\n|-heal|p2a: \u56fd\u6728\u7530\u82b1\u4e38|100\/100|[silent]\n|upkeep\n|turn|7\n|\n|t:|1701162110\n|switch|p2a: \u6960\u6728\u706f|Chandelure, F, shiny|100\/100\n|switch|p1a: Slowking|Slowking-Galar, F|100\/100\n|\n|-weather|none\n|-fieldend|move: Grassy Terrain\n|upkeep\n|turn|8\n|\n|t:|1701162121\n|-terastallize|p1a: Slowking|Dark\n|move|p2a: \u6960\u6728\u706f|Trick|p1a: Slowking\n|-activate|p2a: \u6960\u6728\u706f|move: Trick|[of] p1a: Slowking\n|-item|p1a: Slowking|Choice Scarf|[from] move: Trick\n|-item|p2a: \u6960\u6728\u706f|Heavy-Duty Boots|[from] move: Trick\n|move|p1a: Slowking|Future Sight|p2a: \u6960\u6728\u706f\n|-start|p1a: Slowking|move: Future Sight\n|\n|upkeep\n|turn|9\n|\n|t:|1701162135\n|switch|p2a: \u94c3\u6728\u7231\u5948|Landorus-Therian, M, shiny|100\/100\n|-ability|p2a: \u94c3\u6728\u7231\u5948|Intimidate|boost\n|-unboost|p1a: Slowking|atk|1\n|switch|p1a: Thundurus|Thundurus-Therian, M|100\/100\n|\n|upkeep\n|turn|10\n|\n|t:|1701162140\n|move|p1a: Thundurus|Hidden Power|p2a: \u94c3\u6728\u7231\u5948\n|-supereffective|p2a: \u94c3\u6728\u7231\u5948\n|-damage|p2a: \u94c3\u6728\u7231\u5948|27\/100\n|move|p2a: \u94c3\u6728\u7231\u5948|Knock Off|p1a: Thundurus\n|-damage|p1a: Thundurus|46\/100\n|-enditem|p1a: Thundurus|Choice Scarf|[from] move: Knock Off|[of] p2a: \u94c3\u6728\u7231\u5948\n|\n|-end|p2a: \u94c3\u6728\u7231\u5948|move: Future Sight\n|-damage|p2a: \u94c3\u6728\u7231\u5948|0 fnt\n|faint|p2a: \u94c3\u6728\u7231\u5948\n|upkeep\n|\n|t:|1701162146\n|switch|p2a: \u6797\u9f13\u5b50|Blaziken, F, shiny|100\/100\n|turn|11\n|\n|t:|1701162150\n|switch|p1a: Weezing|Weezing-Galar, F|100\/100\n|-ability|p1a: Weezing|Neutralizing Gas\n|move|p2a: \u6797\u9f13\u5b50|Protect||[still]\n|-fail|p2a: \u6797\u9f13\u5b50\n|\n|upkeep\n|turn|12\n|\n|t:|1701162159\n|move|p2a: \u6797\u9f13\u5b50|Protect|p2a: \u6797\u9f13\u5b50\n|-singleturn|p2a: \u6797\u9f13\u5b50|Protect\n|move|p1a: Weezing|Toxic Spikes|p2a: \u6797\u9f13\u5b50\n|-sidestart|p2: clayanto|move: Toxic Spikes\n|\n|upkeep\n|turn|13\n|\n|t:|1701162169\n|switch|p2a: \u9ad8\u54b2\u4f91|Celesteela|100\/100\n|move|p1a: Weezing|Strange Steam|p2a: \u9ad8\u54b2\u4f91\n|-resisted|p2a: \u9ad8\u54b2\u4f91\n|-damage|p2a: \u9ad8\u54b2\u4f91|86\/100\n|-start|p2a: \u9ad8\u54b2\u4f91|confusion\n|\n|upkeep\n|turn|14\n|\n|t:|1701162175\n|-activate|p2a: \u9ad8\u54b2\u4f91|confusion\n|move|p2a: \u9ad8\u54b2\u4f91|Flash Cannon|p1a: Weezing\n|-supereffective|p1a: Weezing\n|-damage|p1a: Weezing|7\/100\n|move|p1a: Weezing|Will-O-Wisp|p2a: \u9ad8\u54b2\u4f91\n|-status|p2a: \u9ad8\u54b2\u4f91|brn\n|\n|-heal|p1a: Weezing|13\/100|[from] item: Leftovers\n|-damage|p2a: \u9ad8\u54b2\u4f91|80\/100 brn|[from] brn\n|upkeep\n|turn|15\n|\n|t:|1701162179\n|-end|p1a: Weezing|ability: Neutralizing Gas\n|switch|p1a: Slowking|Slowking-Galar, F, tera:Dark|100\/100\n|-end|p2a: \u9ad8\u54b2\u4f91|confusion\n|move|p2a: \u9ad8\u54b2\u4f91|Air Slash|p1a: Slowking\n|-damage|p1a: Slowking|74\/100\n|\n|-damage|p2a: \u9ad8\u54b2\u4f91|74\/100 brn|[from] brn\n|upkeep\n|turn|16\n|\n|t:|1701162193\n|move|p2a: \u9ad8\u54b2\u4f91|Meteor Beam||[still]\n|-prepare|p2a: \u9ad8\u54b2\u4f91|Meteor Beam\n|-boost|p2a: \u9ad8\u54b2\u4f91|spa|1\n|-enditem|p2a: \u9ad8\u54b2\u4f91|Power Herb\n|-anim|p2a: \u9ad8\u54b2\u4f91|Meteor Beam|p1a: Slowking\n|-damage|p1a: Slowking|38\/100\n|move|p1a: Slowking|Chilly Reception|p1a: Slowking\n|-weather|Snow\n|\n|t:|1701162201\n|switch|p1a: Thundurus|Thundurus-Therian, M|46\/100|[from] Chilly Reception\n|\n|-weather|Snow|[upkeep]\n|-damage|p2a: \u9ad8\u54b2\u4f91|68\/100 brn|[from] brn\n|upkeep\n|turn|17\n|\n|t:|1701162206\n|-terastallize|p2a: \u9ad8\u54b2\u4f91|Ground\n|move|p1a: Thundurus|Volt Switch|p2a: \u9ad8\u54b2\u4f91\n|-immune|p2a: \u9ad8\u54b2\u4f91\n|move|p2a: \u9ad8\u54b2\u4f91|Flash Cannon|p1a: Thundurus\n|-resisted|p1a: Thundurus\n|-damage|p1a: Thundurus|6\/100\n|\n|-weather|Snow|[upkeep]\n|-damage|p2a: \u9ad8\u54b2\u4f91|62\/100 brn|[from] brn\n|upkeep\n|turn|18\n|\n|t:|1701162216\n|switch|p2a: \u56fd\u6728\u7530\u82b1\u4e38|Venusaur-Mega, F|100\/100\n|-sideend|p2: clayanto|move: Toxic Spikes|[of] p2a: \u56fd\u6728\u7530\u82b1\u4e38\n|move|p1a: Thundurus|Hidden Power|p2a: \u56fd\u6728\u7530\u82b1\u4e38\n|-supereffective|p2a: \u56fd\u6728\u7530\u82b1\u4e38\n|-damage|p2a: \u56fd\u6728\u7530\u82b1\u4e38|82\/100\n|\n|-weather|Snow|[upkeep]\n|upkeep\n|turn|19\n|\n|t:|1701162225\n|switch|p1a: Heatran|Heatran, F|88\/100\n|move|p2a: \u56fd\u6728\u7530\u82b1\u4e38|Leech Seed|p1a: Heatran\n|-start|p1a: Heatran|move: Leech Seed\n|\n|-weather|Snow|[upkeep]\n|-heal|p1a: Heatran|94\/100|[from] item: Leftovers\n|-damage|p1a: Heatran|82\/100|[from] Leech Seed|[of] p2a: \u56fd\u6728\u7530\u82b1\u4e38\n|-heal|p2a: \u56fd\u6728\u7530\u82b1\u4e38|95\/100|[silent]\n|upkeep\n|turn|20\n|\n|t:|1701162234\n|switch|p2a: \u6960\u6728\u706f|Chandelure, F, shiny|100\/100\n|move|p1a: Heatran|Stealth Rock|p2a: \u6960\u6728\u706f\n|-sidestart|p2: clayanto|move: Stealth Rock\n|\n|-weather|none\n|-heal|p1a: Heatran|88\/100|[from] item: Leftovers\n|-damage|p1a: Heatran|76\/100|[from] Leech Seed|[of] p2a: \u6960\u6728\u706f\n|upkeep\n|turn|21\n|\n|t:|1701162240\n|switch|p1a: Slowking|Slowking-Galar, F, tera:Dark|71\/100\n|move|p2a: \u6960\u6728\u706f|Shadow Ball|p1a: Slowking\n|-resisted|p1a: Slowking\n|-damage|p1a: Slowking|55\/100\n|\n|upkeep\n|turn|22\n|\n|t:|1701162249\n|move|p2a: \u6960\u6728\u706f|Flamethrower|p1a: Slowking\n|-damage|p1a: Slowking|19\/100\n|move|p1a: Slowking|Thunder Wave|p2a: \u6960\u6728\u706f\n|-status|p2a: \u6960\u6728\u706f|par\n|\n|upkeep\n|turn|23\n|\n|t:|1701162260\n|switch|p1a: Heatran|Heatran, F|76\/100\n|move|p2a: \u6960\u6728\u706f|Shadow Ball|p1a: Heatran\n|-damage|p1a: Heatran|46\/100\n|\n|-heal|p1a: Heatran|52\/100|[from] item: Leftovers\n|upkeep\n|turn|24\n|\n|t:|1701162268\n|switch|p2a: \u9ad8\u54b2\u4f91|Celesteela, tera:Ground|62\/100 brn\n|-damage|p2a: \u9ad8\u54b2\u4f91|56\/100 brn|[from] Stealth Rock\n|move|p1a: Heatran|Earth Power|p2a: \u9ad8\u54b2\u4f91\n|-damage|p2a: \u9ad8\u54b2\u4f91|29\/100 brn\n|\n|-heal|p1a: Heatran|58\/100|[from] item: Leftovers\n|-damage|p2a: \u9ad8\u54b2\u4f91|23\/100 brn|[from] brn\n|upkeep\n|turn|25\n|\n|t:|1701162276\n|switch|p1a: Rillaboom|Rillaboom, F|100\/100\n|-fieldstart|move: Grassy Terrain|[from] ability: Grassy Surge|[of] p1a: Rillaboom\n|move|p2a: \u9ad8\u54b2\u4f91|Air Slash|p1a: Rillaboom\n|-supereffective|p1a: Rillaboom\n|-damage|p1a: Rillaboom|12\/100\n|\n|-heal|p1a: Rillaboom|18\/100|[from] Grassy Terrain\n|-heal|p2a: \u9ad8\u54b2\u4f91|29\/100 brn|[from] Grassy Terrain\n|-damage|p2a: \u9ad8\u54b2\u4f91|23\/100 brn|[from] brn\n|upkeep\n|turn|26\n|\n|t:|1701162289\n|move|p1a: Rillaboom|U-turn|p2a: \u9ad8\u54b2\u4f91\n|-damage|p2a: \u9ad8\u54b2\u4f91|0 fnt\n|faint|p2a: \u9ad8\u54b2\u4f91\n|\n|t:|1701162293\n|switch|p1a: Slowking|Slowking-Galar, F, tera:Dark|53\/100|[from] U-turn\n|\n|-heal|p1a: Slowking|59\/100|[from] Grassy Terrain\n|upkeep\n|\n|t:|1701162297\n|switch|p2a: \u6797\u9f13\u5b50|Blaziken, F, shiny|100\/100\n|-damage|p2a: \u6797\u9f13\u5b50|88\/100|[from] Stealth Rock\n|turn|27\n|c|\u260611121dxc|\u88ab\u8bfb\u7206\u4e86\ud83d\ude2d\n|\n|t:|1701162309\n|move|p2a: \u6797\u9f13\u5b50|Close Combat|p1a: Slowking\n|-supereffective|p1a: Slowking\n|-damage|p1a: Slowking|0 fnt\n|-unboost|p2a: \u6797\u9f13\u5b50|def|1\n|-unboost|p2a: \u6797\u9f13\u5b50|spd|1\n|faint|p1a: Slowking\n|\n|-heal|p2a: \u6797\u9f13\u5b50|94\/100|[from] Grassy Terrain\n|-ability|p2a: \u6797\u9f13\u5b50|Speed Boost|boost\n|-boost|p2a: \u6797\u9f13\u5b50|spe|1\n|upkeep\n|\n|t:|1701162317\n|switch|p1a: Heatran|Heatran, F|58\/100\n|turn|28\n|-message|11121dxc forfeited.\n|\n|win|clayanto\n|raw|11121dxc's rating: 1427 &rarr; <strong>1409<\/strong><br \/>(-18 for losing)\n|raw|clayanto's rating: 1467 &rarr; <strong>1485<\/strong><br \/>(+18 for winning)\n|l|\u260611121dxc\n","uploadtime":1701162355,"views":10,"p1id":"11121dxc","p2id":"clayanto","formatid":"gen9nationaldex","rating":1409,"private":0,"password":""}