{"id":"gen9nationaldex-1987900277","p1":"andrey99999","p2":"Robonion42","format":"[Gen 9] National Dex","log":"|j|\u2606andrey99999\n|j|\u2606Robonion42\n|t:|1699647295\n|gametype|singles\n|player|p1|andrey99999|volkner|1098\n|player|p2|Robonion42|101|1242\n|teamsize|p1|6\n|teamsize|p2|6\n|gen|9\n|tier|[Gen 9] National Dex\n|rated|\n|rule|HP Percentage Mod: HP is shown in percentages\n|rule|Endless Battle Clause: Forcing endless battles is banned\n|rule|OHKO Clause: OHKO moves are banned\n|rule|Evasion Clause: Evasion abilities, items, and moves are banned\n|rule|Evasion Abilities Clause: Evasion abilities are banned\n|rule|Evasion Items Clause: Evasion items are banned\n|rule|Evasion Moves Clause: Evasion moves are banned\n|rule|Species Clause: Limit one of each Pok\u00e9mon\n|rule|Sleep Clause Mod: Limit one foe put to sleep\n|clearpoke\n|poke|p1|Greninja-*, M|\n|poke|p1|Venusaur, F|\n|poke|p1|Rotom-Wash|\n|poke|p1|Iron Valiant|\n|poke|p1|Volcarona, M|\n|poke|p1|Bisharp, F|\n|poke|p2|Iron Valiant|\n|poke|p2|Tapu Koko|\n|poke|p2|Gallade, M|\n|poke|p2|Great Tusk|\n|poke|p2|Volcarona, M|\n|poke|p2|Gliscor, M|\n|teampreview\n|\n|t:|1699647299\n|start\n|switch|p1a: Greninja|Greninja, M|100\/100\n|switch|p2a: Gliscor lmao|Gliscor, M, shiny|100\/100\n|turn|1\n|\n|t:|1699647313\n|move|p1a: Greninja|Ice Punch|p2a: Gliscor lmao\n|-start|p1a: Greninja|typechange|Ice|[from] ability: Protean\n|-supereffective|p2a: Gliscor lmao\n|-damage|p2a: Gliscor lmao|0 fnt\n|faint|p2a: Gliscor lmao\n|\n|upkeep\n|\n|t:|1699647335\n|switch|p2a: The Reaper|Iron Valiant|100\/100\n|-enditem|p2a: The Reaper|Booster Energy\n|-activate|p2a: The Reaper|ability: Quark Drive|[fromitem]\n|-start|p2a: The Reaper|quarkdrivespe\n|turn|2\n|\n|t:|1699647343\n|switch|p1a: Venusaur|Venusaur, F|100\/100\n|move|p2a: The Reaper|Focus Blast|p1a: Venusaur|[miss]\n|-miss|p2a: The Reaper|p1a: Venusaur\n|\n|upkeep\n|turn|3\n|\n|t:|1699647374\n|-end|p2a: The Reaper|Quark Drive|[silent]\n|switch|p2a: Jetstream Sam|Gallade, M|100\/100\n|detailschange|p1a: Venusaur|Venusaur-Mega, F\n|-mega|p1a: Venusaur|Venusaur|Venusaurite\n|move|p1a: Venusaur|Leech Seed|p2a: Jetstream Sam\n|-start|p2a: Jetstream Sam|move: Leech Seed\n|\n|-damage|p2a: Jetstream Sam|88\/100|[from] Leech Seed|[of] p1a: Venusaur\n|upkeep\n|turn|4\n|\n|t:|1699647385\n|switch|p1a: Bisharp|Bisharp, F|100\/100\n|detailschange|p2a: Jetstream Sam|Gallade-Mega, M\n|-mega|p2a: Jetstream Sam|Gallade|Galladite\n|move|p2a: Jetstream Sam|Swords Dance|p2a: Jetstream Sam\n|-boost|p2a: Jetstream Sam|atk|2\n|\n|-damage|p2a: Jetstream Sam|76\/100|[from] Leech Seed|[of] p1a: Bisharp\n|upkeep\n|turn|5\n|\n|t:|1699647396\n|move|p2a: Jetstream Sam|Close Combat|p1a: Bisharp\n|-supereffective|p1a: Bisharp\n|-enditem|p1a: Bisharp|Focus Sash\n|-damage|p1a: Bisharp|1\/100\n|-unboost|p2a: Jetstream Sam|def|1\n|-unboost|p2a: Jetstream Sam|spd|1\n|move|p1a: Bisharp|Swords Dance|p1a: Bisharp\n|-boost|p1a: Bisharp|atk|2\n|\n|-damage|p2a: Jetstream Sam|64\/100|[from] Leech Seed|[of] p1a: Bisharp\n|-heal|p1a: Bisharp|13\/100|[silent]\n|upkeep\n|turn|6\n|\n|t:|1699647411\n|move|p1a: Bisharp|Sucker Punch|p2a: Jetstream Sam\n|-damage|p2a: Jetstream Sam|0 fnt\n|faint|p2a: Jetstream Sam\n|\n|upkeep\n|\n|t:|1699647427\n|switch|p2a: The Destroyer|Great Tusk|100\/100\n|turn|7\n|\n|t:|1699647432\n|move|p2a: The Destroyer|Rapid Spin|p1a: Bisharp\n|-resisted|p1a: Bisharp\n|-damage|p1a: Bisharp|3\/100\n|-boost|p2a: The Destroyer|spe|1\n|move|p1a: Bisharp|Knock Off|p2a: The Destroyer\n|-resisted|p2a: The Destroyer\n|-damage|p2a: The Destroyer|62\/100\n|-enditem|p2a: The Destroyer|Heavy-Duty Boots|[from] move: Knock Off|[of] p1a: Bisharp\n|\n|upkeep\n|turn|8\n|\n|t:|1699647446\n|move|p1a: Bisharp|Sucker Punch|p2a: The Destroyer\n|-resisted|p2a: The Destroyer\n|-damage|p2a: The Destroyer|37\/100\n|move|p2a: The Destroyer|Ice Spinner|p1a: Bisharp\n|-resisted|p1a: Bisharp\n|-damage|p1a: Bisharp|0 fnt\n|faint|p1a: Bisharp\n|\n|upkeep\n|\n|t:|1699647458\n|switch|p1a: Venusaur|Venusaur-Mega, F|100\/100\n|turn|9\n|\n|t:|1699647469\n|move|p2a: The Destroyer|Ice Spinner|p1a: Venusaur\n|-supereffective|p1a: Venusaur\n|-damage|p1a: Venusaur|81\/100\n|move|p1a: Venusaur|Leech Seed|p2a: The Destroyer\n|-start|p2a: The Destroyer|move: Leech Seed\n|\n|-damage|p2a: The Destroyer|25\/100|[from] Leech Seed|[of] p1a: Venusaur\n|-heal|p1a: Venusaur|97\/100|[silent]\n|upkeep\n|turn|10\n|\n|t:|1699647479\n|move|p2a: The Destroyer|Close Combat|p1a: Venusaur\n|-resisted|p1a: Venusaur\n|-damage|p1a: Venusaur|76\/100\n|-unboost|p2a: The Destroyer|def|1\n|-unboost|p2a: The Destroyer|spd|1\n|move|p1a: Venusaur|Giga Drain|p2a: The Destroyer\n|-supereffective|p2a: The Destroyer\n|-damage|p2a: The Destroyer|0 fnt\n|-heal|p1a: Venusaur|91\/100|[from] drain|[of] p2a: The Destroyer\n|faint|p2a: The Destroyer\n|-end|p2a: The Destroyer|Protosynthesis|[silent]\n|\n|upkeep\n|\n|t:|1699647493\n|switch|p2a: The Pestilence|Volcarona, M|100\/100\n|turn|11\n|\n|t:|1699647502\n|switch|p1a: Greninja|Greninja, M|100\/100\n|move|p2a: The Pestilence|Quiver Dance|p2a: The Pestilence\n|-boost|p2a: The Pestilence|spa|1\n|-boost|p2a: The Pestilence|spd|1\n|-boost|p2a: The Pestilence|spe|1\n|\n|upkeep\n|turn|12\n|\n|t:|1699647511\n|move|p1a: Greninja|Rock Slide|p2a: The Pestilence\n|-start|p1a: Greninja|typechange|Rock|[from] ability: Protean\n|-supereffective|p2a: The Pestilence\n|-damage|p2a: The Pestilence|0 fnt\n|faint|p2a: The Pestilence\n|\n|upkeep\n|c|\u2606Robonion42|Scarf Greninja?????\n|\n|t:|1699647537\n|switch|p2a: The Reaper|Iron Valiant|100\/100\n|turn|13\n|\n|t:|1699647552\n|switch|p1a: Venusaur|Venusaur-Mega, F|91\/100\n|move|p2a: The Reaper|Calm Mind|p2a: The Reaper\n|-boost|p2a: The Reaper|spa|1\n|-boost|p2a: The Reaper|spd|1\n|\n|upkeep\n|turn|14\n|\n|t:|1699647566\n|-terastallize|p2a: The Reaper|Steel\n|move|p2a: The Reaper|Focus Blast|p1a: Venusaur\n|-resisted|p1a: Venusaur\n|-damage|p1a: Venusaur|56\/100\n|move|p1a: Venusaur|Sludge Bomb|p2a: The Reaper\n|-immune|p2a: The Reaper\n|\n|upkeep\n|turn|15\n|\n|t:|1699647576\n|move|p2a: The Reaper|Focus Blast|p1a: Venusaur\n|-resisted|p1a: Venusaur\n|-damage|p1a: Venusaur|21\/100\n|move|p1a: Venusaur|Leech Seed|p2a: The Reaper\n|-start|p2a: The Reaper|move: Leech Seed\n|\n|-damage|p2a: The Reaper|88\/100|[from] Leech Seed|[of] p1a: Venusaur\n|-heal|p1a: Venusaur|33\/100|[silent]\n|upkeep\n|turn|16\n|\n|t:|1699647585\n|move|p2a: The Reaper|Focus Blast|p1a: Venusaur|[miss]\n|-miss|p2a: The Reaper|p1a: Venusaur\n|move|p1a: Venusaur|Earth Power|p2a: The Reaper\n|-supereffective|p2a: The Reaper\n|-damage|p2a: The Reaper|29\/100\n|\n|-damage|p2a: The Reaper|17\/100|[from] Leech Seed|[of] p1a: Venusaur\n|-heal|p1a: Venusaur|45\/100|[silent]\n|upkeep\n|turn|17\n|\n|t:|1699647597\n|move|p2a: The Reaper|Focus Blast|p1a: Venusaur\n|-resisted|p1a: Venusaur\n|-damage|p1a: Venusaur|11\/100\n|move|p1a: Venusaur|Earth Power|p2a: The Reaper\n|-supereffective|p2a: The Reaper\n|-damage|p2a: The Reaper|0 fnt\n|faint|p2a: The Reaper\n|-end|p2a: The Reaper|Quark Drive|[silent]\n|\n|upkeep\n|\n|t:|1699647600\n|switch|p2a: The God|Tapu Koko|100\/100\n|-fieldstart|move: Electric Terrain|[from] ability: Electric Surge|[of] p2a: The God\n|turn|18\n|\n|t:|1699647609\n|move|p2a: The God|Thunderbolt|p1a: Venusaur\n|-resisted|p1a: Venusaur\n|-damage|p1a: Venusaur|0 fnt\n|faint|p1a: Venusaur\n|\n|upkeep\n|\n|t:|1699647615\n|switch|p1a: Greninja|Greninja, M|100\/100\n|turn|19\n|\n|t:|1699647621\n|move|p1a: Greninja|Liquidation|p2a: The God\n|-start|p1a: Greninja|typechange|Water|[from] ability: Protean\n|-damage|p2a: The God|48\/100\n|move|p2a: The God|Thunderbolt|p1a: Greninja\n|-supereffective|p1a: Greninja\n|-damage|p1a: Greninja|0 fnt\n|faint|p1a: Greninja\n|\n|upkeep\n|\n|t:|1699647631\n|switch|p1a: Iron Valiant|Iron Valiant|100\/100\n|-activate|p1a: Iron Valiant|ability: Quark Drive\n|-start|p1a: Iron Valiant|quarkdrivespe\n|turn|20\n|c|\u2606Robonion42|GG\n|c|\u2606Robonion42|I'm dead\n|c|\u2606Robonion42|That Scarf Gren was WACK though\n|\n|t:|1699647654\n|move|p1a: Iron Valiant|Spirit Break|p2a: The God\n|-damage|p2a: The God|0 fnt\n|faint|p2a: The God\n|\n|win|andrey99999\n|raw|andrey99999's rating: 1098 &rarr; <strong>1133<\/strong><br \/>(+35 for winning)\n|raw|Robonion42's rating: 1242 &rarr; <strong>1207<\/strong><br \/>(-35 for losing)\n","uploadtime":1699647663,"views":4,"p1id":"andrey99999","p2id":"robonion42","formatid":"gen9nationaldex","rating":1133,"private":0,"password":""}