{"id":"gen9nationaldex-1996259510","p1":"kingcow_thegoat","p2":"mops2002","format":"[Gen 9] National Dex","log":"|html|<div class=\"broadcast-blue\"><strong>[Gen 9] National Dex is currently suspecting Sneasler! For information on how to participate check out the <a href=\"https:\/\/www.smogon.com\/forums\/threads\/sv-national-dex-suspect-8-just-dance.3731534\/\">suspect thread<\/a>.<\/strong><\/div>\n|j|\u2606kingcow_thegoat\n|j|\u2606mops2002\n|t:|1700664915\n|gametype|singles\n|player|p1|kingcow_thegoat|2|\n|player|p2|mops2002|265|\n|teamsize|p1|6\n|teamsize|p2|6\n|gen|9\n|tier|[Gen 9] National Dex\n|rule|HP Percentage Mod: HP is shown in percentages\n|rule|Endless Battle Clause: Forcing endless battles is banned\n|rule|OHKO Clause: OHKO moves are banned\n|rule|Evasion Clause: Evasion abilities, items, and moves are banned\n|rule|Evasion Abilities Clause: Evasion abilities are banned\n|rule|Evasion Items Clause: Evasion items are banned\n|rule|Evasion Moves Clause: Evasion moves are banned\n|rule|Species Clause: Limit one of each Pok\u00e9mon\n|rule|Sleep Clause Mod: Limit one foe put to sleep\n|clearpoke\n|poke|p1|Tapu Bulu|\n|poke|p1|Sneasler, F|\n|poke|p1|Milotic, M|\n|poke|p1|Ninetales-Alola, F|\n|poke|p1|Toxapex, M|\n|poke|p1|Lopunny, F|\n|poke|p2|Venusaur, M|\n|poke|p2|Rotom-Mow|\n|poke|p2|Ferrothorn, M|\n|poke|p2|Toedscruel, F|\n|poke|p2|Sinistcha|\n|poke|p2|Meowscarada, F|\n|teampreview\n|\n|t:|1700664930\n|start\n|switch|p1a: Tapu Bulu|Tapu Bulu|100\/100\n|switch|p2a: Ferrothorn|Ferrothorn, M|100\/100\n|-fieldstart|move: Grassy Terrain|[from] ability: Grassy Surge|[of] p1a: Tapu Bulu\n|turn|1\n|inactive|Battle timer is ON: inactive players will automatically lose when time's up. (requested by kingcow_thegoat)\n|\n|t:|1700664967\n|move|p1a: Tapu Bulu|Close Combat|p2a: Ferrothorn\n|-supereffective|p2a: Ferrothorn\n|-damage|p2a: Ferrothorn|21\/100\n|-unboost|p1a: Tapu Bulu|def|1\n|-unboost|p1a: Tapu Bulu|spd|1\n|-damage|p1a: Tapu Bulu|88\/100|[from] ability: Iron Barbs|[of] p2a: Ferrothorn\n|-damage|p1a: Tapu Bulu|72\/100|[from] item: Rocky Helmet|[of] p2a: Ferrothorn\n|move|p2a: Ferrothorn|Stealth Rock|p1a: Tapu Bulu\n|-sidestart|p1: kingcow_thegoat|move: Stealth Rock\n|\n|-heal|p1a: Tapu Bulu|78\/100|[from] Grassy Terrain\n|-heal|p2a: Ferrothorn|27\/100|[from] Grassy Terrain\n|upkeep\n|turn|2\n|j| TexanFarmersMarket\n|\n|t:|1700664989\n|switch|p1a: Sneasler|Sneasler, F|100\/100\n|-damage|p1a: Sneasler|95\/100|[from] Stealth Rock\n|-enditem|p1a: Sneasler|Grassy Seed\n|-boost|p1a: Sneasler|def|1|[from] item: Grassy Seed\n|switch|p2a: Venusaur|Venusaur, M|100\/100\n|\n|-heal|p1a: Sneasler|100\/100|[from] Grassy Terrain\n|upkeep\n|turn|3\n|inactive|mops2002 has 270 seconds left.\n|\n|t:|1700665017\n|switch|p2a: Ferrothorn|Ferrothorn, M|27\/100\n|-terastallize|p1a: Sneasler|Flying\n|move|p1a: Sneasler|Acrobatics|p2a: Ferrothorn\n|-damage|p2a: Ferrothorn|0 fnt\n|-damage|p1a: Sneasler|88\/100|[from] ability: Iron Barbs|[of] p2a: Ferrothorn\n|-damage|p1a: Sneasler|72\/100|[from] item: Rocky Helmet|[of] p2a: Ferrothorn\n|faint|p2a: Ferrothorn\n|\n|upkeep\n|l| TexanFarmersMarket\n|\n|t:|1700665029\n|switch|p2a: Rotom|Rotom-Mow|100\/100\n|turn|4\n|j| TexanFarmersMarket\n|inactive|mops2002 has 240 seconds left.\n|\n|t:|1700665060\n|switch|p2a: Sinistcha|Sinistcha|100\/100\n|move|p1a: Sneasler|Dire Claw|p2a: Sinistcha\n|-damage|p2a: Sinistcha|66\/100\n|\n|-heal|p2a: Sinistcha|72\/100|[from] Grassy Terrain\n|-heal|p2a: Sinistcha|79\/100|[from] item: Leftovers\n|upkeep\n|turn|5\n|inactive|mops2002 has 240 seconds left.\n|\n|t:|1700665074\n|-terastallize|p2a: Sinistcha|Poison\n|move|p1a: Sneasler|Swords Dance|p1a: Sneasler\n|-boost|p1a: Sneasler|atk|2\n|move|p2a: Sinistcha|Strength Sap|p1a: Sneasler\n|-unboost|p1a: Sneasler|atk|1\n|-heal|p2a: Sinistcha|100\/100\n|\n|-fieldend|move: Grassy Terrain\n|upkeep\n|turn|6\n|inactive|mops2002 has 240 seconds left.\n|\n|t:|1700665087\n|move|p1a: Sneasler|Swords Dance|p1a: Sneasler\n|-boost|p1a: Sneasler|atk|2\n|move|p2a: Sinistcha|Calm Mind|p2a: Sinistcha\n|-boost|p2a: Sinistcha|spa|1\n|-boost|p2a: Sinistcha|spd|1\n|\n|upkeep\n|turn|7\n|\n|t:|1700665096\n|move|p1a: Sneasler|Acrobatics|p2a: Sinistcha\n|-damage|p2a: Sinistcha|0 fnt\n|faint|p2a: Sinistcha\n|\n|upkeep\n|inactive|mops2002 has 240 seconds left.\n|\n|t:|1700665107\n|switch|p2a: Rotom|Rotom-Mow|100\/100\n|turn|8\n|\n|t:|1700665112\n|move|p1a: Sneasler|Dire Claw|p2a: Rotom\n|-supereffective|p2a: Rotom\n|-damage|p2a: Rotom|0 fnt\n|faint|p2a: Rotom\n|\n|upkeep\n|c|\u2606kingcow_thegoat|gg\n|\n|t:|1700665119\n|switch|p2a: Meowscarada|Meowscarada, F|100\/100\n|turn|9\n|c|\u2606kingcow_thegoat|unless you have a scarf mon\n|l| TexanFarmersMarket\n|inactive|mops2002 has 240 seconds left.\n|\n|t:|1700665144\n|move|p1a: Sneasler|Acrobatics|p2a: Meowscarada\n|-supereffective|p2a: Meowscarada\n|-damage|p2a: Meowscarada|0 fnt\n|faint|p2a: Meowscarada\n|\n|upkeep\n|inactive|mops2002 has 240 seconds left.\n|c|\u2606mops2002|sadly enough only rotom\n|\n|t:|1700665156\n|switch|p2a: Toedscruel|Toedscruel, F|100\/100\n|turn|10\n|\n|t:|1700665161\n|move|p1a: Sneasler|Acrobatics|p2a: Toedscruel\n|-supereffective|p2a: Toedscruel\n|-damage|p2a: Toedscruel|0 fnt\n|faint|p2a: Toedscruel\n|\n|upkeep\n|\n|t:|1700665166\n|switch|p2a: Venusaur|Venusaur, M|100\/100\n|turn|11\n|\n|t:|1700665171\n|move|p1a: Sneasler|Acrobatics|p2a: Venusaur\n|-supereffective|p2a: Venusaur\n|-damage|p2a: Venusaur|0 fnt\n|faint|p2a: Venusaur\n|\n|win|kingcow_thegoat\n|c|\u2606kingcow_thegoat|gg\n","uploadtime":1700665179,"views":8,"p1id":"kingcowthegoat","p2id":"mops2002","formatid":"gen9nationaldex","rating":0,"private":0,"password":""}