{"id":"gen9nationaldex-1990252799","p1":"REGILLUMINATI","p2":"littleht6666","format":"[Gen 9] National Dex","log":"|j|\u2606REGILLUMINATI\n|j|\u2606littleht6666\n|t:|1699945058\n|gametype|singles\n|player|p1|REGILLUMINATI|acerola-masters|1574\n|player|p2|littleht6666|elesa|1624\n|teamsize|p1|6\n|teamsize|p2|6\n|gen|9\n|tier|[Gen 9] National Dex\n|rated|\n|rule|HP Percentage Mod: HP is shown in percentages\n|rule|Endless Battle Clause: Forcing endless battles is banned\n|rule|OHKO Clause: OHKO moves are banned\n|rule|Evasion Clause: Evasion abilities, items, and moves are banned\n|rule|Evasion Abilities Clause: Evasion abilities are banned\n|rule|Evasion Items Clause: Evasion items are banned\n|rule|Evasion Moves Clause: Evasion moves are banned\n|rule|Species Clause: Limit one of each Pok\u00e9mon\n|rule|Sleep Clause Mod: Limit one foe put to sleep\n|clearpoke\n|poke|p1|Politoed, M|\n|poke|p1|Zapdos|\n|poke|p1|Ferrothorn, F|\n|poke|p1|Araquanid, M|\n|poke|p1|Azumarill, F|\n|poke|p1|Venusaur, M|\n|poke|p2|Landorus-Therian, M|\n|poke|p2|Toxapex, F|\n|poke|p2|Tapu Koko|\n|poke|p2|Iron Valiant|\n|poke|p2|Sneasler, F|\n|poke|p2|Scizor, F|\n|teampreview\n|inactive|Battle timer is ON: inactive players will automatically lose when time's up. (requested by REGILLUMINATI)\n|\n|t:|1699945064\n|start\n|switch|p1a: Venusaur|Venusaur, M|100\/100\n|switch|p2a: Landorus|Landorus-Therian, M|100\/100\n|-ability|p2a: Landorus|Intimidate|boost\n|-unboost|p1a: Venusaur|atk|1\n|turn|1\n|inactive|littleht6666 has 120 seconds left.\n|j| Rookome4\n|\n|t:|1699945098\n|detailschange|p1a: Venusaur|Venusaur-Mega, M\n|-mega|p1a: Venusaur|Venusaur|Venusaurite\n|move|p2a: Landorus|Stealth Rock|p1a: Venusaur\n|-sidestart|p1: REGILLUMINATI|move: Stealth Rock\n|move|p1a: Venusaur|Leaf Storm|p2a: Landorus\n|-damage|p2a: Landorus|27\/100\n|-unboost|p1a: Venusaur|spa|2\n|\n|upkeep\n|turn|2\n|\n|t:|1699945111\n|move|p2a: Landorus|U-turn|p1a: Venusaur\n|-damage|p1a: Venusaur|83\/100\n|\n|t:|1699945119\n|switch|p2a: Scizor|Scizor, F, shiny|100\/100|[from] U-turn\n|move|p1a: Venusaur|Leaf Storm|p2a: Scizor\n|-resisted|p2a: Scizor\n|-damage|p2a: Scizor|88\/100\n|-unboost|p1a: Venusaur|spa|2\n|\n|upkeep\n|turn|3\n|\n|t:|1699945123\n|switch|p1a: Azumarill|Azumarill, F|100\/100\n|-damage|p1a: Azumarill|88\/100|[from] Stealth Rock\n|detailschange|p2a: Scizor|Scizor-Mega, F, shiny\n|-mega|p2a: Scizor|Scizor|Scizorite\n|move|p2a: Scizor|U-turn|p1a: Azumarill\n|-resisted|p1a: Azumarill\n|-damage|p1a: Azumarill|67\/100\n|\n|t:|1699945126\n|switch|p2a: Tapu Koko|Tapu Koko|100\/100|[from] U-turn\n|-fieldstart|move: Electric Terrain|[from] ability: Electric Surge|[of] p2a: Tapu Koko\n|\n|upkeep\n|turn|4\n|\n|t:|1699945139\n|switch|p1a: Venusaur|Venusaur-Mega, M|83\/100\n|-damage|p1a: Venusaur|71\/100|[from] Stealth Rock\n|move|p2a: Tapu Koko|U-turn|p1a: Venusaur\n|-damage|p1a: Venusaur|58\/100\n|\n|t:|1699945146\n|switch|p2a: Iron Valiant|Iron Valiant|100\/100|[from] U-turn\n|-activate|p2a: Iron Valiant|ability: Quark Drive\n|-start|p2a: Iron Valiant|quarkdrivespe\n|\n|upkeep\n|turn|5\n|\n|t:|1699945152\n|move|p2a: Iron Valiant|Psyshock|p1a: Venusaur\n|-supereffective|p1a: Venusaur\n|-damage|p1a: Venusaur|0 fnt\n|faint|p1a: Venusaur\n|-damage|p2a: Iron Valiant|91\/100|[from] item: Life Orb\n|\n|upkeep\n|\n|t:|1699945162\n|switch|p1a: Politoed|Politoed, M|100\/100\n|-damage|p1a: Politoed|88\/100|[from] Stealth Rock\n|-weather|RainDance|[from] ability: Drizzle|[of] p1a: Politoed\n|turn|6\n|\n|t:|1699945168\n|move|p2a: Iron Valiant|Thunderbolt|p1a: Politoed\n|-supereffective|p1a: Politoed\n|-damage|p1a: Politoed|5\/100\n|-damage|p2a: Iron Valiant|81\/100|[from] item: Life Orb\n|move|p1a: Politoed|Scald|p2a: Iron Valiant\n|-damage|p2a: Iron Valiant|16\/100\n|\n|-weather|RainDance|[upkeep]\n|upkeep\n|turn|7\n|\n|t:|1699945177\n|move|p2a: Iron Valiant|Moonblast|p1a: Politoed\n|-damage|p1a: Politoed|0 fnt\n|faint|p1a: Politoed\n|-damage|p2a: Iron Valiant|6\/100|[from] item: Life Orb\n|\n|-weather|RainDance|[upkeep]\n|-fieldend|move: Electric Terrain\n|-end|p2a: Iron Valiant|Quark Drive\n|upkeep\n|\n|t:|1699945183\n|switch|p1a: Zapdos|Zapdos|100\/100\n|-damage|p1a: Zapdos|76\/100|[from] Stealth Rock\n|turn|8\n|\n|t:|1699945190\n|move|p1a: Zapdos|Weather Ball|p2a: Iron Valiant\n|-damage|p2a: Iron Valiant|0 fnt\n|faint|p2a: Iron Valiant\n|-end|p2a: Iron Valiant|Quark Drive|[silent]\n|\n|-weather|RainDance|[upkeep]\n|upkeep\n|\n|t:|1699945194\n|switch|p2a: Tapu Koko|Tapu Koko|100\/100\n|-fieldstart|move: Electric Terrain|[from] ability: Electric Surge|[of] p2a: Tapu Koko\n|turn|9\n|\n|t:|1699945199\n|switch|p2a: Toxapex|Toxapex, F|100\/100\n|move|p1a: Zapdos|Weather Ball|p2a: Toxapex\n|-resisted|p2a: Toxapex\n|-damage|p2a: Toxapex|81\/100\n|\n|-weather|RainDance|[upkeep]\n|upkeep\n|turn|10\n|\n|t:|1699945209\n|switch|p1a: Ferrothorn|Ferrothorn, F|100\/100\n|-damage|p1a: Ferrothorn|95\/100|[from] Stealth Rock\n|move|p2a: Toxapex|Scald|p1a: Ferrothorn\n|-resisted|p1a: Ferrothorn\n|-damage|p1a: Ferrothorn|84\/100\n|\n|-weather|RainDance|[upkeep]\n|upkeep\n|turn|11\n|\n|t:|1699945218\n|move|p2a: Toxapex|Scald|p1a: Ferrothorn\n|-resisted|p1a: Ferrothorn\n|-damage|p1a: Ferrothorn|73\/100\n|move|p1a: Ferrothorn|Knock Off|p2a: Toxapex\n|-damage|p2a: Toxapex|52\/100\n|-damage|p1a: Ferrothorn|57\/100|[from] item: Rocky Helmet|[of] p2a: Toxapex\n|-enditem|p2a: Toxapex|Rocky Helmet|[from] move: Knock Off|[of] p1a: Ferrothorn\n|\n|-weather|RainDance|[upkeep]\n|upkeep\n|turn|12\n|\n|t:|1699945226\n|switch|p1a: Zapdos|Zapdos|76\/100\n|-damage|p1a: Zapdos|51\/100|[from] Stealth Rock\n|move|p2a: Toxapex|Scald|p1a: Zapdos\n|-damage|p1a: Zapdos|23\/100\n|-status|p1a: Zapdos|brn\n|\n|-weather|RainDance|[upkeep]\n|-damage|p1a: Zapdos|16\/100 brn|[from] brn\n|upkeep\n|turn|13\n|\n|t:|1699945235\n|move|p1a: Zapdos|Hurricane|p2a: Toxapex\n|-damage|p2a: Toxapex|7\/100\n|-start|p2a: Toxapex|confusion\n|-activate|p2a: Toxapex|confusion\n|-damage|p2a: Toxapex|4\/100|[from] confusion\n|\n|-weather|none\n|-damage|p1a: Zapdos|10\/100 brn|[from] brn\n|-fieldend|move: Electric Terrain\n|upkeep\n|turn|14\n|\n|t:|1699945242\n|move|p1a: Zapdos|Hurricane|p2a: Toxapex\n|-damage|p2a: Toxapex|0 fnt\n|faint|p2a: Toxapex\n|\n|-damage|p1a: Zapdos|4\/100 brn|[from] brn\n|upkeep\n|\n|t:|1699945249\n|switch|p2a: Scizor|Scizor-Mega, F, shiny|88\/100\n|turn|15\n|\n|t:|1699945254\n|move|p1a: Zapdos|Hurricane|p2a: Scizor\n|-damage|p2a: Scizor|24\/100\n|-start|p2a: Scizor|confusion\n|-activate|p2a: Scizor|confusion\n|move|p2a: Scizor|Roost|p2a: Scizor\n|-heal|p2a: Scizor|74\/100\n|-singleturn|p2a: Scizor|move: Roost\n|\n|-damage|p1a: Zapdos|0 fnt|[from] brn\n|faint|p1a: Zapdos\n|upkeep\n|\n|t:|1699945261\n|switch|p1a: Azumarill|Azumarill, F|67\/100\n|-damage|p1a: Azumarill|55\/100|[from] Stealth Rock\n|turn|16\n|\n|t:|1699945270\n|-activate|p2a: Scizor|confusion\n|-damage|p2a: Scizor|61\/100|[from] confusion\n|move|p1a: Azumarill|Liquidation|p2a: Scizor\n|-damage|p2a: Scizor|24\/100\n|\n|upkeep\n|turn|17\n|\n|t:|1699945278\n|-activate|p2a: Scizor|confusion\n|move|p2a: Scizor|Bullet Punch|p1a: Azumarill\n|-damage|p1a: Azumarill|14\/100\n|move|p1a: Azumarill|Liquidation|p2a: Scizor\n|-damage|p2a: Scizor|0 fnt\n|faint|p2a: Scizor\n|\n|upkeep\n|\n|t:|1699945284\n|switch|p2a: Tapu Koko|Tapu Koko|100\/100\n|-fieldstart|move: Electric Terrain|[from] ability: Electric Surge|[of] p2a: Tapu Koko\n|turn|18\n|\n|t:|1699945287\n|switch|p1a: Ferrothorn|Ferrothorn, F|57\/100\n|-damage|p1a: Ferrothorn|51\/100|[from] Stealth Rock\n|move|p2a: Tapu Koko|Thunderbolt|p1a: Ferrothorn\n|-resisted|p1a: Ferrothorn\n|-damage|p1a: Ferrothorn|29\/100\n|\n|upkeep\n|turn|19\n|\n|t:|1699945295\n|move|p2a: Tapu Koko|Thunderbolt|p1a: Ferrothorn\n|-resisted|p1a: Ferrothorn\n|-damage|p1a: Ferrothorn|7\/100\n|move|p1a: Ferrothorn|Gyro Ball|p2a: Tapu Koko\n|-damage|p2a: Tapu Koko|0 fnt\n|faint|p2a: Tapu Koko\n|\n|upkeep\n|\n|t:|1699945303\n|switch|p2a: Sneasler|Sneasler, F|100\/100\n|-enditem|p2a: Sneasler|Electric Seed\n|-boost|p2a: Sneasler|def|1|[from] item: Electric Seed\n|turn|20\n|\n|t:|1699945306\n|move|p2a: Sneasler|Acrobatics|p1a: Ferrothorn\n|-damage|p1a: Ferrothorn|0 fnt\n|-damage|p2a: Sneasler|88\/100|[from] ability: Iron Barbs|[of] p1a: Ferrothorn\n|faint|p1a: Ferrothorn\n|\n|upkeep\n|\n|t:|1699945314\n|switch|p1a: Araquanid|Araquanid, M|100\/100\n|-damage|p1a: Araquanid|76\/100|[from] Stealth Rock\n|turn|21\n|\n|t:|1699945321\n|-terastallize|p2a: Sneasler|Flying\n|-terastallize|p1a: Araquanid|Water\n|move|p2a: Sneasler|Acrobatics|p1a: Araquanid\n|-damage|p1a: Araquanid|5\/100\n|move|p1a: Araquanid|Liquidation|p2a: Sneasler\n|-damage|p2a: Sneasler|0 fnt\n|faint|p2a: Sneasler\n|\n|upkeep\n|\n|t:|1699945328\n|switch|p2a: Landorus|Landorus-Therian, M|27\/100\n|-ability|p2a: Landorus|Intimidate|boost\n|-unboost|p1a: Araquanid|atk|1\n|turn|22\n|\n|t:|1699945330\n|move|p2a: Landorus|Stealth Rock||[still]\n|-fail|p2a: Landorus\n|move|p1a: Araquanid|Liquidation|p2a: Landorus\n|-supereffective|p2a: Landorus\n|-damage|p2a: Landorus|0 fnt\n|-damage|p1a: Araquanid|0 fnt|[from] item: Rocky Helmet|[of] p2a: Landorus\n|faint|p2a: Landorus\n|faint|p1a: Araquanid\n|\n|win|REGILLUMINATI\n|raw|REGILLUMINATI's rating: 1574 &rarr; <strong>1597<\/strong><br \/>(+23 for winning)\n|raw|littleht6666's rating: 1624 &rarr; <strong>1601<\/strong><br \/>(-23 for losing)\n|l|\u2606littleht6666\n|l|\u2606REGILLUMINATI\n","uploadtime":1699945366,"views":4,"p1id":"regilluminati","p2id":"littleht6666","formatid":"gen9nationaldex","rating":1597,"private":0,"password":""}