{"id":"gen9nationaldex-1992480621","p1":"Kira Ignis","p2":"Durr plant100","format":"[Gen 9] National Dex","log":"|j|\u2606Kira Ignis\n|j|\u2606Durr plant100\n|t:|1700192860\n|gametype|singles\n|player|p1|Kira Ignis|janine|1486\n|player|p2|Durr plant100|ultraforestkartenvoy|1553\n|teamsize|p1|6\n|teamsize|p2|6\n|gen|9\n|tier|[Gen 9] National Dex\n|rated|\n|rule|HP Percentage Mod: HP is shown in percentages\n|rule|Endless Battle Clause: Forcing endless battles is banned\n|rule|OHKO Clause: OHKO moves are banned\n|rule|Evasion Clause: Evasion abilities, items, and moves are banned\n|rule|Evasion Abilities Clause: Evasion abilities are banned\n|rule|Evasion Items Clause: Evasion items are banned\n|rule|Evasion Moves Clause: Evasion moves are banned\n|rule|Species Clause: Limit one of each Pok\u00e9mon\n|rule|Sleep Clause Mod: Limit one foe put to sleep\n|clearpoke\n|poke|p1|Iron Valiant|\n|poke|p1|Tapu Koko|\n|poke|p1|Sneasler, F|\n|poke|p1|Iron Treads|\n|poke|p1|Urshifu-*, F|\n|poke|p1|Pinsir, M|\n|poke|p2|Volcarona, F|\n|poke|p2|Tyranitar, M|\n|poke|p2|Excadrill, M|\n|poke|p2|Hydreigon, M|\n|poke|p2|Ogerpon-Wellspring, F|\n|poke|p2|Gliscor, F|\n|teampreview\n|inactive|Battle timer is ON: inactive players will automatically lose when time's up. (requested by Durr plant100)\n|inactive|Kira Ignis also wants the timer to be on.\n|\n|t:|1700192869\n|start\n|switch|p1a: Shifu|Urshifu-Rapid-Strike, F|100\/100\n|switch|p2a: Anguirus|Excadrill, M|100\/100\n|turn|1\n|\n|t:|1700192873\n|switch|p2a: Varan|Gliscor, F|100\/100\n|move|p1a: Shifu|Surging Strikes|p2a: Varan\n|-supereffective|p2a: Varan\n|-crit|p2a: Varan\n|-damage|p2a: Varan|69\/100\n|-supereffective|p2a: Varan\n|-crit|p2a: Varan\n|-damage|p2a: Varan|39\/100\n|-supereffective|p2a: Varan\n|-crit|p2a: Varan\n|-damage|p2a: Varan|8\/100\n|-hitcount|p2a: Varan|3\n|-damage|p1a: Shifu|91\/100|[from] item: Life Orb\n|\n|-status|p2a: Varan|tox|[from] item: Toxic Orb\n|upkeep\n|turn|2\n|\n|t:|1700192879\n|switch|p2a: Gabara|Ogerpon-Wellspring, F|100\/100\n|move|p1a: Shifu|Trailblaze|p2a: Gabara\n|-damage|p2a: Gabara|72\/100\n|-boost|p1a: Shifu|spe|1\n|-damage|p1a: Shifu|81\/100|[from] item: Life Orb\n|\n|upkeep\n|turn|3\n|\n|t:|1700192887\n|switch|p2a: Mothra|Volcarona, F, shiny|100\/100\n|move|p1a: Shifu|Poison Jab|p2a: Mothra\n|-damage|p2a: Mothra|40\/100\n|-status|p2a: Mothra|psn\n|-damage|p1a: Shifu|71\/100|[from] item: Life Orb\n|\n|-damage|p2a: Mothra|28\/100 psn|[from] psn\n|upkeep\n|turn|4\n|\n|t:|1700192894\n|move|p1a: Shifu|Surging Strikes|p2a: Mothra\n|-supereffective|p2a: Mothra\n|-crit|p2a: Mothra\n|-damage|p2a: Mothra|0 fnt\n|faint|p2a: Mothra\n|-hitcount|p2: Mothra|1\n|-damage|p1a: Shifu|61\/100|[from] item: Life Orb\n|\n|upkeep\n|c|\u2606Durr plant100|Ah darn\n|c|\u2606Durr plant100|foiled again\n|\n|t:|1700192912\n|switch|p2a: Anguirus|Excadrill, M|100\/100\n|turn|5\n|\n|t:|1700192916\n|switch|p2a: Godzilla|Tyranitar, M|100\/100\n|-weather|Sandstorm|[from] ability: Sand Stream|[of] p2a: Godzilla\n|move|p1a: Shifu|Surging Strikes|p2a: Godzilla\n|-supereffective|p2a: Godzilla\n|-crit|p2a: Godzilla\n|-damage|p2a: Godzilla|60\/100\n|-supereffective|p2a: Godzilla\n|-crit|p2a: Godzilla\n|-damage|p2a: Godzilla|17\/100\n|-supereffective|p2a: Godzilla\n|-crit|p2a: Godzilla\n|-damage|p2a: Godzilla|0 fnt\n|faint|p2a: Godzilla\n|-hitcount|p2: Godzilla|3\n|-damage|p1a: Shifu|51\/100|[from] item: Life Orb\n|\n|-weather|Sandstorm|[upkeep]\n|-damage|p1a: Shifu|44\/100|[from] Sandstorm\n|upkeep\n|\n|t:|1700192923\n|switch|p2a: Anguirus|Excadrill, M|100\/100\n|turn|6\n|\n|t:|1700192928\n|move|p2a: Anguirus|Earthquake|p1a: Shifu\n|-damage|p1a: Shifu|0 fnt\n|faint|p1a: Shifu\n|\n|-weather|Sandstorm|[upkeep]\n|upkeep\n|\n|t:|1700192936\n|switch|p1a: BUG|Pinsir, M|100\/100\n|turn|7\n|\n|t:|1700192940\n|detailschange|p1a: BUG|Pinsir-Mega, M\n|-mega|p1a: BUG|Pinsir|Pinsirite\n|-zpower|p2a: Anguirus\n|move|p2a: Anguirus|Corkscrew Crash|p1a: BUG|[zeffect]\n|-damage|p1a: BUG|13\/100\n|move|p1a: BUG|Close Combat|p2a: Anguirus\n|-supereffective|p2a: Anguirus\n|-damage|p2a: Anguirus|0 fnt\n|-unboost|p1a: BUG|def|1\n|-unboost|p1a: BUG|spd|1\n|faint|p2a: Anguirus\n|\n|-weather|Sandstorm|[upkeep]\n|-damage|p1a: BUG|7\/100|[from] Sandstorm\n|upkeep\n|-message|Durr plant100 forfeited.\n|\n|win|Kira Ignis\n|raw|Kira Ignis's rating: 1486 &rarr; <strong>1510<\/strong><br \/>(+24 for winning)\n|raw|Durr plant100's rating: 1553 &rarr; <strong>1529<\/strong><br \/>(-24 for losing)\n|l|\u2606Durr plant100\n","uploadtime":1700192961,"views":32,"p1id":"kiraignis","p2id":"durrplant100","formatid":"gen9nationaldex","rating":1510,"private":0,"password":""}