{"id":"gen9nationaldex-1994150328","p1":"RaphaelMbr","p2":"RakzoTR","format":"[Gen 9] National Dex","log":"|j|\u2606RaphaelMbr\n|j|\u2606RakzoTR\n|t:|1700412738\n|gametype|singles\n|player|p1|RaphaelMbr|morty|1096\n|player|p2|RakzoTR|gambler|1130\n|teamsize|p1|6\n|teamsize|p2|6\n|gen|9\n|tier|[Gen 9] National Dex\n|rated|\n|rule|HP Percentage Mod: HP is shown in percentages\n|rule|Endless Battle Clause: Forcing endless battles is banned\n|rule|OHKO Clause: OHKO moves are banned\n|rule|Evasion Clause: Evasion abilities, items, and moves are banned\n|rule|Evasion Abilities Clause: Evasion abilities are banned\n|rule|Evasion Items Clause: Evasion items are banned\n|rule|Evasion Moves Clause: Evasion moves are banned\n|rule|Species Clause: Limit one of each Pok\u00e9mon\n|rule|Sleep Clause Mod: Limit one foe put to sleep\n|clearpoke\n|poke|p1|Teddiursa, M|\n|poke|p1|Clefairy, F|\n|poke|p1|Butterfree, M|\n|poke|p1|Cresselia, F|\n|poke|p1|Mew|\n|poke|p1|Stunfisk, M|\n|poke|p2|Goodra-Hisui, F|\n|poke|p2|Ogerpon-Wellspring, F|\n|poke|p2|Donphan, M|\n|poke|p2|Zamazenta-*|\n|poke|p2|Cinderace, M|\n|poke|p2|Zapdos|\n|teampreview\n|\n|t:|1700412757\n|start\n|switch|p1a: Stunfisk|Stunfisk, M|100\/100\n|switch|p2a: Rammot|Cinderace, M|100\/100\n|turn|1\n|inactive|Battle timer is ON: inactive players will automatically lose when time's up. (requested by RaphaelMbr)\n|\n|t:|1700412763\n|move|p2a: Rammot|U-turn|p1a: Stunfisk\n|-crit|p1a: Stunfisk\n|-damage|p1a: Stunfisk|74\/100\n|\n|t:|1700412765\n|switch|p2a: Rhaenyra|Goodra-Hisui, F|100\/100|[from] U-turn\n|move|p1a: Stunfisk|Stealth Rock|p2a: Rhaenyra\n|-sidestart|p2: RakzoTR|move: Stealth Rock\n|\n|-heal|p1a: Stunfisk|80\/100|[from] item: Leftovers\n|upkeep\n|turn|2\n|\n|t:|1700412773\n|move|p2a: Rhaenyra|Ice Beam|p1a: Stunfisk\n|-supereffective|p1a: Stunfisk\n|-damage|p1a: Stunfisk|28\/100\n|-status|p1a: Stunfisk|frz\n|cant|p1a: Stunfisk|frz\n|\n|-heal|p1a: Stunfisk|34\/100 frz|[from] item: Leftovers\n|upkeep\n|turn|3\n|\n|t:|1700412779\n|move|p2a: Rhaenyra|Ice Beam|p1a: Stunfisk\n|-supereffective|p1a: Stunfisk\n|-damage|p1a: Stunfisk|0 fnt\n|faint|p1a: Stunfisk\n|\n|upkeep\n|\n|t:|1700412781\n|switch|p1a: Clefairy|Clefairy, F|100\/100\n|turn|4\n|\n|t:|1700412790\n|move|p2a: Rhaenyra|Flash Cannon|p1a: Clefairy\n|-supereffective|p1a: Clefairy\n|-damage|p1a: Clefairy|28\/100\n|move|p1a: Clefairy|Thunder Wave|p2a: Rhaenyra\n|-status|p2a: Rhaenyra|par\n|\n|upkeep\n|turn|5\n|\n|t:|1700412793\n|move|p1a: Clefairy|Light Screen|p1a: Clefairy\n|-sidestart|p1: RaphaelMbr|move: Light Screen\n|cant|p2a: Rhaenyra|par\n|\n|upkeep\n|turn|6\n|\n|t:|1700412799\n|switch|p2a: Rammot|Cinderace, M|100\/100\n|move|p1a: Clefairy|Seismic Toss|p2a: Rammot\n|-damage|p2a: Rammot|73\/100\n|\n|upkeep\n|turn|7\n|\n|t:|1700412818\n|move|p2a: Rammot|Court Change|p2a: Rammot\n|-swapsideconditions\n|-activate|p2a: Rammot|move: Court Change\n|move|p1a: Clefairy|Thunder Wave|p2a: Rammot\n|-status|p2a: Rammot|par\n|\n|upkeep\n|turn|8\n|inactive|RaphaelMbr has 120 seconds left.\n|\n|t:|1700412870\n|move|p2a: Rammot|Pyro Ball|p1a: Clefairy\n|-damage|p1a: Clefairy|0 fnt\n|faint|p1a: Clefairy\n|\n|upkeep\n|inactive|RaphaelMbr has 90 seconds left.\n|inactive|RaphaelMbr has 60 seconds left.\n|inactive|RaphaelMbr has 30 seconds left.\n|inactive|RaphaelMbr has 20 seconds left.\n|inactive|RaphaelMbr has 15 seconds left.\n|inactive|RaphaelMbr has 10 seconds left.\n|\n|t:|1700412963\n|switch|p1a: Cresselia|Cresselia, F|100\/100\n|-damage|p1a: Cresselia|88\/100|[from] Stealth Rock\n|turn|9\n|inactive|RaphaelMbr has 20 seconds left this turn.\n|inactive|RaphaelMbr has 15 seconds left.\n|\n|t:|1700412970\n|move|p1a: Cresselia|Calm Mind|p1a: Cresselia\n|-boost|p1a: Cresselia|spa|1\n|-boost|p1a: Cresselia|spd|1\n|move|p2a: Rammot|Will-O-Wisp|p1a: Cresselia\n|-status|p1a: Cresselia|brn\n|\n|-heal|p1a: Cresselia|94\/100 brn|[from] item: Leftovers\n|-damage|p1a: Cresselia|88\/100 brn|[from] brn\n|-sideend|p2: RakzoTR|move: Light Screen\n|upkeep\n|turn|10\n|inactive|RaphaelMbr has 25 seconds left this turn.\n|inactive|RaphaelMbr has 20 seconds left.\n|inactive|RaphaelMbr has 15 seconds left.\n|inactive|RaphaelMbr has 10 seconds left.\n|\n|t:|1700412987\n|move|p1a: Cresselia|Calm Mind|p1a: Cresselia\n|-boost|p1a: Cresselia|spa|1\n|-boost|p1a: Cresselia|spd|1\n|move|p2a: Rammot|U-turn|p1a: Cresselia\n|-supereffective|p1a: Cresselia\n|-damage|p1a: Cresselia|64\/100 brn\n|inactive|RaphaelMbr has 15 seconds left this turn.\n|\n|t:|1700413008\n|switch|p2a: Kandula|Donphan, M|100\/100|[from] U-turn\n|\n|-heal|p1a: Cresselia|70\/100 brn|[from] item: Leftovers\n|-damage|p1a: Cresselia|64\/100 brn|[from] brn\n|upkeep\n|turn|11\n|inactive|RaphaelMbr has 25 seconds left this turn.\n|inactive|RaphaelMbr has 20 seconds left.\n|\n|t:|1700413014\n|move|p2a: Kandula|Encore|p1a: Cresselia\n|-start|p1a: Cresselia|Encore\n|move|p1a: Cresselia|Calm Mind|p1a: Cresselia\n|-boost|p1a: Cresselia|spa|1\n|-boost|p1a: Cresselia|spd|1\n|\n|-heal|p1a: Cresselia|70\/100 brn|[from] item: Leftovers\n|-damage|p1a: Cresselia|64\/100 brn|[from] brn\n|upkeep\n|turn|12\n|inactive|RaphaelMbr has 30 seconds left this turn.\n|\n|t:|1700413019\n|move|p2a: Kandula|Ice Shard|p1a: Cresselia\n|-damage|p1a: Cresselia|54\/100 brn\n|move|p1a: Cresselia|Calm Mind|p1a: Cresselia\n|-boost|p1a: Cresselia|spa|1\n|-boost|p1a: Cresselia|spd|1\n|\n|-heal|p1a: Cresselia|60\/100 brn|[from] item: Leftovers\n|-damage|p1a: Cresselia|54\/100 brn|[from] brn\n|upkeep\n|turn|13\n|\n|t:|1700413022\n|move|p2a: Kandula|Ice Shard|p1a: Cresselia\n|-damage|p1a: Cresselia|44\/100 brn\n|move|p1a: Cresselia|Calm Mind|p1a: Cresselia\n|-boost|p1a: Cresselia|spa|1\n|-boost|p1a: Cresselia|spd|1\n|\n|-heal|p1a: Cresselia|50\/100 brn|[from] item: Leftovers\n|-damage|p1a: Cresselia|44\/100 brn|[from] brn\n|-end|p1a: Cresselia|Encore\n|upkeep\n|turn|14\n|\n|t:|1700413026\n|move|p2a: Kandula|Encore|p1a: Cresselia\n|-start|p1a: Cresselia|Encore\n|move|p1a: Cresselia|Calm Mind|p1a: Cresselia\n|-boost|p1a: Cresselia|spa|1\n|-boost|p1a: Cresselia|spd|1\n|\n|-heal|p1a: Cresselia|50\/100 brn|[from] item: Leftovers\n|-damage|p1a: Cresselia|44\/100 brn|[from] brn\n|upkeep\n|turn|15\n|\n|t:|1700413030\n|switch|p1a: Mew|Mew|100\/100\n|-damage|p1a: Mew|88\/100|[from] Stealth Rock\n|move|p2a: Kandula|Earthquake|p1a: Mew\n|-damage|p1a: Mew|47\/100\n|\n|-heal|p1a: Mew|53\/100|[from] item: Leftovers\n|upkeep\n|turn|16\n|\n|t:|1700413036\n|move|p2a: Kandula|Encore||[still]\n|-fail|p2a: Kandula\n|move|p1a: Mew|Soft-Boiled|p1a: Mew\n|-heal|p1a: Mew|100\/100\n|\n|upkeep\n|turn|17\n|\n|t:|1700413040\n|move|p2a: Kandula|Encore|p1a: Mew\n|-start|p1a: Mew|Encore\n|move|p1a: Mew|Soft-Boiled||[still]\n|-fail|p1a: Mew|heal\n|\n|upkeep\n|turn|18\n|\n|t:|1700413049\n|switch|p1a: Cresselia|Cresselia, F|44\/100 brn\n|-damage|p1a: Cresselia|32\/100 brn|[from] Stealth Rock\n|move|p2a: Kandula|Earthquake|p1a: Cresselia\n|-immune|p1a: Cresselia|[from] ability: Levitate\n|\n|-heal|p1a: Cresselia|38\/100 brn|[from] item: Leftovers\n|-damage|p1a: Cresselia|32\/100 brn|[from] brn\n|upkeep\n|turn|19\n|\n|t:|1700413054\n|switch|p2a: Ogo|Ogerpon-Wellspring, F|100\/100\n|move|p1a: Cresselia|Psychic|p2a: Ogo\n|-damage|p2a: Ogo|59\/100\n|\n|-heal|p1a: Cresselia|38\/100 brn|[from] item: Leftovers\n|-damage|p1a: Cresselia|32\/100 brn|[from] brn\n|upkeep\n|turn|20\n|\n|t:|1700413060\n|move|p2a: Ogo|Ivy Cudgel|p1a: Cresselia|[anim] Ivy Cudgel Water\n|-damage|p1a: Cresselia|0 fnt\n|faint|p1a: Cresselia\n|\n|upkeep\n|\n|t:|1700413066\n|switch|p1a: Mew|Mew|100\/100\n|-damage|p1a: Mew|88\/100|[from] Stealth Rock\n|turn|21\n|\n|t:|1700413070\n|move|p2a: Ogo|Swords Dance|p2a: Ogo\n|-boost|p2a: Ogo|atk|2\n|move|p1a: Mew|Imprison|p1a: Mew\n|-start|p1a: Mew|move: Imprison\n|\n|-heal|p1a: Mew|94\/100|[from] item: Leftovers\n|upkeep\n|turn|22\n|\n|t:|1700413074\n|-terastallize|p2a: Ogo|Water\n|detailschange|p2a: Ogo|Ogerpon-Wellspring-Tera, F, tera:Water\n|-ability|p2a: Ogo|Embody Aspect (Wellspring)|boost\n|-boost|p2a: Ogo|spd|1\n|move|p2a: Ogo|Ivy Cudgel|p1a: Mew|[anim] Ivy Cudgel Water\n|-damage|p1a: Mew|0 fnt\n|faint|p1a: Mew\n|\n|upkeep\n|inactive|RaphaelMbr has 120 seconds left.\n|c|\u2606RakzoTR|Trasform ser\n|c|\u2606RakzoTR|Nice\n|c|\u2606RaphaelMbr|S\u00f3 stupid\n|-message|RaphaelMbr forfeited.\n|\n|win|RakzoTR\n|raw|RaphaelMbr's rating: 1096 &rarr; <strong>1076<\/strong><br \/>(-20 for losing)\n|raw|RakzoTR's rating: 1157 &rarr; <strong>1178<\/strong><br \/>(+21 for winning)\n|l|\u2606RaphaelMbr\n","uploadtime":1700413236,"views":9,"p1id":"raphaelmbr","p2id":"rakzotr","formatid":"gen9nationaldex","rating":1076,"private":0,"password":""}