{"id":"gen9nationaldex-2000514389","p1":"KaputtMacher","p2":"XLioneldoX","format":"[Gen 9] National Dex","log":"|html|<div class=\"broadcast-blue\"><strong>[Gen 9] National Dex is currently suspecting Sneasler! For information on how to participate check out the <a href=\"https:\/\/www.smogon.com\/forums\/threads\/sv-national-dex-suspect-8-just-dance.3731534\/\">suspect thread<\/a>.<\/strong><\/div>\n|j|\u2606KaputtMacher\n|j|\u2606XLioneldoX\n|t:|1701201217\n|gametype|singles\n|player|p1|KaputtMacher|riley|1161\n|player|p2|XLioneldoX|170|1254\n|teamsize|p1|6\n|teamsize|p2|6\n|gen|9\n|tier|[Gen 9] National Dex\n|rated|\n|rule|HP Percentage Mod: HP is shown in percentages\n|rule|Endless Battle Clause: Forcing endless battles is banned\n|rule|OHKO Clause: OHKO moves are banned\n|rule|Evasion Clause: Evasion abilities, items, and moves are banned\n|rule|Evasion Abilities Clause: Evasion abilities are banned\n|rule|Evasion Items Clause: Evasion items are banned\n|rule|Evasion Moves Clause: Evasion moves are banned\n|rule|Species Clause: Limit one of each Pok\u00e9mon\n|rule|Sleep Clause Mod: Limit one foe put to sleep\n|clearpoke\n|poke|p1|Snorlax, M|\n|poke|p1|Cinccino, M|\n|poke|p1|Drapion, F|\n|poke|p1|Frosmoth, M|\n|poke|p1|Stunfisk-Galar, F|\n|poke|p1|Volcarona, M|\n|poke|p2|Abomasnow, M|\n|poke|p2|Eiscue, F|\n|poke|p2|Slowking-Galar, F|\n|poke|p2|Arcanine, F|\n|poke|p2|Avalugg, M|\n|poke|p2|Cetitan, F|\n|teampreview\n|\n|t:|1701201235\n|start\n|switch|p1a: Frosmoth|Frosmoth, M|100\/100\n|switch|p2a: Slowking|Slowking-Galar, F|100\/100\n|turn|1\n|\n|t:|1701201249\n|switch|p1a: Stunfisk|Stunfisk-Galar, F|100\/100\n|move|p2a: Slowking|Sludge Bomb|p1a: Stunfisk\n|-immune|p1a: Stunfisk\n|\n|upkeep\n|turn|2\n|\n|t:|1701201256\n|move|p1a: Stunfisk|Thunder Wave|p2a: Slowking\n|-status|p2a: Slowking|par\n|move|p2a: Slowking|Chilly Reception|p2a: Slowking\n|-weather|Snow\n|\n|t:|1701201260\n|switch|p2a: Arcanine|Arcanine, F|100\/100|[from] Chilly Reception\n|-ability|p2a: Arcanine|Intimidate|boost\n|-unboost|p1a: Stunfisk|atk|1\n|\n|-weather|Snow|[upkeep]\n|upkeep\n|turn|3\n|\n|t:|1701201270\n|move|p1a: Stunfisk|Protect|p1a: Stunfisk\n|-singleturn|p1a: Stunfisk|Protect\n|move|p2a: Arcanine|Flare Blitz|p1a: Stunfisk\n|-activate|p1a: Stunfisk|move: Protect\n|\n|-weather|Snow|[upkeep]\n|upkeep\n|turn|4\n|\n|t:|1701201287\n|switch|p1a: Drapion|Drapion, F|100\/100\n|move|p2a: Arcanine|Flare Blitz|p1a: Drapion\n|-damage|p1a: Drapion|65\/100\n|-damage|p2a: Arcanine|88\/100|[from] Recoil\n|\n|-weather|Snow|[upkeep]\n|-heal|p1a: Drapion|71\/100|[from] item: Leftovers\n|upkeep\n|turn|5\n|\n|t:|1701201301\n|-terastallize|p2a: Arcanine|Normal\n|move|p2a: Arcanine|Will-O-Wisp|p1a: Drapion\n|-status|p1a: Drapion|brn\n|move|p1a: Drapion|Substitute|p1a: Drapion\n|-start|p1a: Drapion|Substitute\n|-damage|p1a: Drapion|47\/100 brn\n|\n|-weather|Snow|[upkeep]\n|-heal|p1a: Drapion|53\/100 brn|[from] item: Leftovers\n|-damage|p1a: Drapion|47\/100 brn|[from] brn\n|upkeep\n|turn|6\n|\n|t:|1701201308\n|move|p2a: Arcanine|Extreme Speed|p1a: Drapion\n|-end|p1a: Drapion|Substitute\n|move|p1a: Drapion|Acupressure|p1a: Drapion\n|-boost|p1a: Drapion|spe|2\n|\n|-weather|none\n|-heal|p1a: Drapion|53\/100 brn|[from] item: Leftovers\n|-damage|p1a: Drapion|47\/100 brn|[from] brn\n|upkeep\n|turn|7\n|\n|t:|1701201313\n|move|p2a: Arcanine|Extreme Speed|p1a: Drapion\n|-damage|p1a: Drapion|22\/100 brn\n|move|p1a: Drapion|Acupressure|p1a: Drapion\n|-boost|p1a: Drapion|spe|2\n|\n|-heal|p1a: Drapion|28\/100 brn|[from] item: Leftovers\n|-damage|p1a: Drapion|22\/100 brn|[from] brn\n|upkeep\n|turn|8\n|\n|t:|1701201318\n|move|p2a: Arcanine|Extreme Speed|p1a: Drapion\n|-damage|p1a: Drapion|0 fnt\n|faint|p1a: Drapion\n|\n|upkeep\n|\n|t:|1701201326\n|switch|p1a: Frosmoth|Frosmoth, M|100\/100\n|turn|9\n|\n|t:|1701201332\n|-terastallize|p1a: Frosmoth|Water\n|move|p2a: Arcanine|Flare Blitz|p1a: Frosmoth\n|-resisted|p1a: Frosmoth\n|-damage|p1a: Frosmoth|53\/100\n|-damage|p2a: Arcanine|74\/100|[from] Recoil\n|move|p1a: Frosmoth|Quiver Dance|p1a: Frosmoth\n|-boost|p1a: Frosmoth|spa|1\n|-boost|p1a: Frosmoth|spd|1\n|-boost|p1a: Frosmoth|spe|1\n|\n|-heal|p1a: Frosmoth|59\/100|[from] item: Leftovers\n|upkeep\n|turn|10\n|\n|t:|1701201344\n|move|p2a: Arcanine|Extreme Speed|p1a: Frosmoth\n|-damage|p1a: Frosmoth|0 fnt\n|faint|p1a: Frosmoth\n|\n|upkeep\n|c|\u2606KaputtMacher|gg\n|-message|KaputtMacher forfeited.\n|\n|win|XLioneldoX\n|raw|KaputtMacher's rating: 1161 &rarr; <strong>1143<\/strong><br \/>(-18 for losing)\n|raw|XLioneldoX's rating: 1254 &rarr; <strong>1272<\/strong><br \/>(+18 for winning)\n|l|\u2606KaputtMacher\n","uploadtime":1701201354,"views":2,"p1id":"kaputtmacher","p2id":"xlioneldox","formatid":"gen9nationaldex","rating":1143,"private":0,"password":""}