{"id":"gen9nationaldex-1998088431","p1":"trix_n_trsh","p2":"silentcementery","format":"[Gen 9] National Dex","log":"|html|<div class=\"broadcast-blue\"><strong>[Gen 9] National Dex is currently suspecting Sneasler! For information on how to participate check out the <a href=\"https:\/\/www.smogon.com\/forums\/threads\/sv-national-dex-suspect-8-just-dance.3731534\/\">suspect thread<\/a>.<\/strong><\/div>\n|j|\u2606trix_n_trsh\n|j|\u2606silentcementery\n|t:|1700889348\n|gametype|singles\n|player|p1|trix_n_trsh|pokemonbreeder-gen4|1375\n|player|p2|silentcementery|102|1288\n|teamsize|p1|6\n|teamsize|p2|6\n|gen|9\n|tier|[Gen 9] National Dex\n|rated|\n|rule|HP Percentage Mod: HP is shown in percentages\n|rule|Endless Battle Clause: Forcing endless battles is banned\n|rule|OHKO Clause: OHKO moves are banned\n|rule|Evasion Clause: Evasion abilities, items, and moves are banned\n|rule|Evasion Abilities Clause: Evasion abilities are banned\n|rule|Evasion Items Clause: Evasion items are banned\n|rule|Evasion Moves Clause: Evasion moves are banned\n|rule|Species Clause: Limit one of each Pok\u00e9mon\n|rule|Sleep Clause Mod: Limit one foe put to sleep\n|clearpoke\n|poke|p1|Minior|\n|poke|p1|Iron Treads|\n|poke|p1|Tauros-Paldea-Aqua, M|\n|poke|p1|Sceptile, M|\n|poke|p1|Rotom-Heat|\n|poke|p1|Qwilfish-Hisui, F|\n|poke|p2|Torterra, F|\n|poke|p2|Grimmsnarl, M|\n|poke|p2|Diancie|\n|poke|p2|Greninja-*, M|\n|poke|p2|Kommo-o, M|\n|poke|p2|Gliscor, M|\n|teampreview\n|inactive|Battle timer is ON: inactive players will automatically lose when time's up. (requested by trix_n_trsh)\n|\n|t:|1700889372\n|start\n|switch|p1a: Qwilfish|Qwilfish-Hisui, F|100\/100\n|switch|p2a: change race|Grimmsnarl, M, shiny|100\/100\n|-ability|p1a: Qwilfish|Intimidate|boost\n|-unboost|p2a: change race|atk|1\n|turn|1\n|\n|t:|1700889392\n|move|p2a: change race|Fake Out|p1a: Qwilfish\n|-damage|p1a: Qwilfish|93\/100\n|cant|p1a: Qwilfish|flinch\n|\n|upkeep\n|turn|2\n|\n|t:|1700889396\n|move|p2a: change race|Light Screen|p2a: change race\n|-sidestart|p2: silentcementery|move: Light Screen\n|move|p1a: Qwilfish|Barb Barrage|p2a: change race\n|-supereffective|p2a: change race\n|-damage|p2a: change race|41\/100\n|-status|p2a: change race|psn\n|\n|-damage|p2a: change race|29\/100 psn|[from] psn\n|upkeep\n|turn|3\n|\n|t:|1700889405\n|move|p2a: change race|Parting Shot|p1a: Qwilfish\n|-hint|Since gen 7, Dark is immune to Prankster moves.\n|-immune|p1a: Qwilfish\n|move|p1a: Qwilfish|Barb Barrage|p2a: change race\n|-supereffective|p2a: change race\n|-damage|p2a: change race|0 fnt\n|faint|p2a: change race\n|\n|upkeep\n|\n|t:|1700889414\n|switch|p2a: Torterra|Torterra, F|100\/100\n|turn|4\n|\n|t:|1700889427\n|switch|p1a: Tauros|Tauros-Paldea-Aqua, M|100\/100\n|-ability|p1a: Tauros|Intimidate|boost\n|-unboost|p2a: Torterra|atk|1\n|-terastallize|p2a: Torterra|Steel\n|move|p2a: Torterra|Shell Smash|p2a: Torterra\n|-unboost|p2a: Torterra|def|1\n|-unboost|p2a: Torterra|spd|1\n|-boost|p2a: Torterra|atk|2\n|-boost|p2a: Torterra|spa|2\n|-boost|p2a: Torterra|spe|2\n|\n|upkeep\n|turn|5\n|\n|t:|1700889441\n|switch|p1a: Qwilfish|Qwilfish-Hisui, F|93\/100\n|-ability|p1a: Qwilfish|Intimidate|boost\n|-unboost|p2a: Torterra|atk|1\n|move|p2a: Torterra|Headlong Rush|p1a: Qwilfish\n|-supereffective|p1a: Qwilfish\n|-crit|p1a: Qwilfish\n|-damage|p1a: Qwilfish|0 fnt\n|-unboost|p2a: Torterra|def|1\n|-unboost|p2a: Torterra|spd|1\n|faint|p1a: Qwilfish\n|\n|upkeep\n|\n|t:|1700889447\n|switch|p1a: Tauros|Tauros-Paldea-Aqua, M|100\/100\n|-ability|p1a: Tauros|Intimidate|boost\n|-unboost|p2a: Torterra|atk|1\n|turn|6\n|\n|t:|1700889452\n|switch|p2a: ok|Gliscor, M, shiny|100\/100\n|move|p1a: Tauros|Close Combat|p2a: ok\n|-resisted|p2a: ok\n|-damage|p2a: ok|82\/100\n|-unboost|p1a: Tauros|def|1\n|-unboost|p1a: Tauros|spd|1\n|\n|-status|p2a: ok|tox|[from] item: Toxic Orb\n|upkeep\n|turn|7\n|\n|t:|1700889461\n|switch|p1a: Iron Treads|Iron Treads|100\/100\n|move|p2a: ok|Defog|p1a: Iron Treads\n|-unboost|p1a: Iron Treads|evasion|1\n|\n|-heal|p2a: ok|94\/100 tox|[from] ability: Poison Heal\n|upkeep\n|turn|8\n|\n|t:|1700889473\n|switch|p2a: Diancie|Diancie|100\/100\n|move|p1a: Iron Treads|Rapid Spin|p2a: Diancie\n|-resisted|p2a: Diancie\n|-crit|p2a: Diancie\n|-damage|p2a: Diancie|86\/100\n|-boost|p1a: Iron Treads|spe|1\n|\n|upkeep\n|turn|9\n|\n|t:|1700889484\n|detailschange|p2a: Diancie|Diancie-Mega\n|-mega|p2a: Diancie|Diancie|Diancite\n|move|p1a: Iron Treads|Iron Head|p2a: Diancie\n|-supereffective|p2a: Diancie\n|-damage|p2a: Diancie|0 fnt\n|faint|p2a: Diancie\n|\n|-sideend|p2: silentcementery|move: Light Screen\n|upkeep\n|\n|t:|1700889489\n|switch|p2a: Kommo-o|Kommo-o, M|100\/100\n|turn|10\n|c|\u2606silentcementery|ouch\n|\n|t:|1700889507\n|-end|p1a: Iron Treads|Quark Drive|[silent]\n|switch|p1a: Rotom|Rotom-Heat|100\/100\n|move|p2a: Kommo-o|Clangorous Soul|p2a: Kommo-o\n|-boost|p2a: Kommo-o|atk|1\n|-boost|p2a: Kommo-o|def|1\n|-boost|p2a: Kommo-o|spa|1\n|-boost|p2a: Kommo-o|spd|1\n|-boost|p2a: Kommo-o|spe|1\n|-damage|p2a: Kommo-o|68\/100\n|\n|upkeep\n|turn|11\n|\n|t:|1700889515\n|-zpower|p2a: Kommo-o\n|move|p2a: Kommo-o|Clangorous Soulblaze|p1a: Rotom|[zeffect]\n|-damage|p1a: Rotom|0 fnt\n|faint|p1a: Rotom\n|-boost|p2a: Kommo-o|atk|1\n|-boost|p2a: Kommo-o|def|1\n|-boost|p2a: Kommo-o|spa|1\n|-boost|p2a: Kommo-o|spd|1\n|-boost|p2a: Kommo-o|spe|1\n|\n|upkeep\n|\n|t:|1700889519\n|switch|p1a: Minior|Minior|100\/100\n|-formechange|p1a: Minior|Minior-Meteor||[from] ability: Shields Down\n|turn|12\n|\n|t:|1700889533\n|move|p2a: Kommo-o|Clanging Scales|p1a: Minior\n|-damage|p1a: Minior|0 fnt\n|faint|p1a: Minior\n|-unboost|p2a: Kommo-o|def|1\n|\n|upkeep\n|\n|t:|1700889538\n|switch|p1a: Tauros|Tauros-Paldea-Aqua, M|100\/100\n|-ability|p1a: Tauros|Intimidate|boost\n|-unboost|p2a: Kommo-o|atk|1\n|turn|13\n|\n|t:|1700889545\n|move|p2a: Kommo-o|Clanging Scales|p1a: Tauros\n|-damage|p1a: Tauros|0 fnt\n|faint|p1a: Tauros\n|-unboost|p2a: Kommo-o|def|1\n|\n|upkeep\n|\n|t:|1700889548\n|switch|p1a: Iron Treads|Iron Treads|100\/100\n|turn|14\n|\n|t:|1700889556\n|-terastallize|p1a: Iron Treads|Water\n|move|p2a: Kommo-o|Clanging Scales|p1a: Iron Treads\n|-damage|p1a: Iron Treads|8\/100\n|-unboost|p2a: Kommo-o|def|1\n|move|p1a: Iron Treads|Ice Spinner|p2a: Kommo-o\n|-supereffective|p2a: Kommo-o\n|-damage|p2a: Kommo-o|0 fnt\n|faint|p2a: Kommo-o\n|\n|upkeep\n|\n|t:|1700889565\n|switch|p2a: ok|Gliscor, M, shiny|94\/100 tox\n|turn|15\n|\n|t:|1700889572\n|move|p1a: Iron Treads|Ice Spinner|p2a: ok\n|-supereffective|p2a: ok\n|-damage|p2a: ok|36\/100 tox\n|move|p2a: ok|Defog|p1a: Iron Treads\n|-unboost|p1a: Iron Treads|evasion|1\n|\n|-heal|p2a: ok|48\/100 tox|[from] ability: Poison Heal\n|upkeep\n|turn|16\n|\n|t:|1700889580\n|switch|p2a: Greninja|Greninja, M|100\/100\n|move|p1a: Iron Treads|Ice Spinner|p2a: Greninja\n|-resisted|p2a: Greninja\n|-damage|p2a: Greninja|78\/100\n|\n|upkeep\n|turn|17\n|\n|t:|1700889586\n|-end|p1a: Iron Treads|Quark Drive|[silent]\n|switch|p1a: Sceptile|Sceptile, M|100\/100\n|move|p2a: Greninja|Water Shuriken|p1a: Sceptile\n|-resisted|p1a: Sceptile\n|-damage|p1a: Sceptile|95\/100\n|-resisted|p1a: Sceptile\n|-damage|p1a: Sceptile|88\/100\n|-resisted|p1a: Sceptile\n|-damage|p1a: Sceptile|82\/100\n|-hitcount|p1a: Sceptile|3\n|-damage|p2a: Greninja|68\/100|[from] item: Life Orb\n|\n|upkeep\n|turn|18\n|\n|t:|1700889592\n|detailschange|p1a: Sceptile|Sceptile-Mega, M\n|-mega|p1a: Sceptile|Sceptile|Sceptilite\n|move|p1a: Sceptile|Giga Drain|p2a: Greninja\n|-supereffective|p2a: Greninja\n|-damage|p2a: Greninja|0 fnt\n|-heal|p1a: Sceptile|100\/100|[from] drain|[of] p2a: Greninja\n|faint|p2a: Greninja\n|\n|upkeep\n|\n|t:|1700889596\n|switch|p2a: ok|Gliscor, M, shiny|48\/100 tox\n|turn|19\n|\n|t:|1700889603\n|move|p1a: Sceptile|Giga Drain|p2a: ok\n|-damage|p2a: ok|0 fnt\n|faint|p2a: ok\n|\n|upkeep\n|\n|t:|1700889606\n|switch|p2a: Torterra|Torterra, F, tera:Steel|100\/100\n|turn|20\n|\n|t:|1700889608\n|move|p1a: Sceptile|Focus Blast|p2a: Torterra\n|-supereffective|p2a: Torterra\n|-damage|p2a: Torterra|0 fnt\n|faint|p2a: Torterra\n|\n|win|trix_n_trsh\n|raw|trix_n_trsh's rating: 1375 &rarr; <strong>1390<\/strong><br \/>(+15 for winning)\n|raw|silentcementery's rating: 1288 &rarr; <strong>1269<\/strong><br \/>(-19 for losing)\n|c|\u2606trix_n_trsh|gg\n|l|\u2606silentcementery\n","uploadtime":1700889617,"views":1,"p1id":"trixntrsh","p2id":"silentcementery","formatid":"gen9nationaldex","rating":1269,"private":0,"password":""}