{"id":"gen9nationaldex-1987437559","p1":"grossfleshcomputer","p2":"Vandall Flagg","format":"[Gen 9] National Dex","log":"|j|\u2606grossfleshcomputer\n|j|\u2606Vandall Flagg\n|t:|1699591468\n|gametype|singles\n|player|p1|grossfleshcomputer|acetrainerf-gen4dp|1076\n|player|p2|Vandall Flagg|ethan|1169\n|teamsize|p1|6\n|teamsize|p2|6\n|gen|9\n|tier|[Gen 9] National Dex\n|rated|\n|rule|HP Percentage Mod: HP is shown in percentages\n|rule|Endless Battle Clause: Forcing endless battles is banned\n|rule|OHKO Clause: OHKO moves are banned\n|rule|Evasion Clause: Evasion abilities, items, and moves are banned\n|rule|Evasion Abilities Clause: Evasion abilities are banned\n|rule|Evasion Items Clause: Evasion items are banned\n|rule|Evasion Moves Clause: Evasion moves are banned\n|rule|Species Clause: Limit one of each Pok\u00e9mon\n|rule|Sleep Clause Mod: Limit one foe put to sleep\n|clearpoke\n|poke|p1|Garbodor, F|\n|poke|p1|Toxapex, F|\n|poke|p1|Overqwil, F|\n|poke|p1|Nidoking, M|\n|poke|p1|Glimmora, M|\n|poke|p1|Scolipede, F|\n|poke|p2|Ambipom, M|\n|poke|p2|Politoed, M|\n|poke|p2|Typhlosion, F|\n|poke|p2|Sunflora, M|\n|poke|p2|Sudowoodo, M|\n|poke|p2|Togekiss, M|\n|teampreview\n|\n|t:|1699591474\n|start\n|switch|p1a: Schloss|Garbodor, F|100\/100\n|switch|p2a: Sudobo|Sudowoodo, M|100\/100\n|turn|1\n|c|\u2606Vandall Flagg|good luck\n|\n|t:|1699591489\n|move|p1a: Schloss|Spikes|p2a: Sudobo\n|-sidestart|p2: Vandall Flagg|Spikes\n|move|p2a: Sudobo|Rock Polish|p2a: Sudobo\n|-boost|p2a: Sudobo|spe|2\n|\n|upkeep\n|turn|2\n|\n|t:|1699591500\n|move|p2a: Sudobo|Rock Polish|p2a: Sudobo\n|-boost|p2a: Sudobo|spe|2\n|move|p1a: Schloss|Spikes|p2a: Sudobo\n|-sidestart|p2: Vandall Flagg|Spikes\n|\n|upkeep\n|turn|3\n|\n|t:|1699591507\n|move|p2a: Sudobo|Rock Slide|p1a: Schloss\n|-crit|p1a: Schloss\n|-damage|p1a: Schloss|44\/100\n|move|p1a: Schloss|Spikes|p2a: Sudobo\n|-sidestart|p2: Vandall Flagg|Spikes\n|\n|-heal|p1a: Schloss|50\/100|[from] item: Black Sludge\n|upkeep\n|turn|4\n|\n|t:|1699591515\n|move|p2a: Sudobo|Rock Slide|p1a: Schloss\n|-damage|p1a: Schloss|9\/100\n|move|p1a: Schloss|Pain Split|p2a: Sudobo\n|-sethp|p2a: Sudobo|56\/100|[from] move: Pain Split|[silent]\n|-sethp|p1a: Schloss|43\/100|[from] move: Pain Split\n|\n|-heal|p1a: Schloss|49\/100|[from] item: Black Sludge\n|upkeep\n|turn|5\n|\n|t:|1699591525\n|move|p1a: Schloss|Protect|p1a: Schloss\n|-singleturn|p1a: Schloss|Protect\n|move|p2a: Sudobo|Rock Slide|p1a: Schloss\n|-activate|p1a: Schloss|move: Protect\n|\n|-heal|p1a: Schloss|55\/100|[from] item: Black Sludge\n|upkeep\n|turn|6\n|\n|t:|1699591536\n|move|p1a: Schloss|Protect|p1a: Schloss\n|-singleturn|p1a: Schloss|Protect\n|move|p2a: Sudobo|Rock Slide|p1a: Schloss\n|-activate|p1a: Schloss|move: Protect\n|\n|-heal|p1a: Schloss|61\/100|[from] item: Black Sludge\n|upkeep\n|turn|7\n|\n|t:|1699591557\n|move|p2a: Sudobo|Rock Slide|p1a: Schloss\n|-damage|p1a: Schloss|23\/100\n|move|p1a: Schloss|Gunk Shot|p2a: Sudobo\n|-resisted|p2a: Sudobo\n|-damage|p2a: Sudobo|35\/100\n|\n|-heal|p1a: Schloss|29\/100|[from] item: Black Sludge\n|upkeep\n|turn|8\n|\n|t:|1699591568\n|move|p1a: Schloss|Protect|p1a: Schloss\n|-singleturn|p1a: Schloss|Protect\n|move|p2a: Sudobo|Rock Polish|p2a: Sudobo\n|-boost|p2a: Sudobo|spe|2\n|\n|-heal|p1a: Schloss|35\/100|[from] item: Black Sludge\n|upkeep\n|turn|9\n|\n|t:|1699591580\n|move|p2a: Sudobo|Rock Slide|p1a: Schloss\n|-damage|p1a: Schloss|0 fnt\n|faint|p1a: Schloss\n|\n|upkeep\n|\n|t:|1699591603\n|switch|p1a: Cobalt|Glimmora, M|100\/100\n|turn|10\n|\n|t:|1699591607\n|move|p2a: Sudobo|Drain Punch|p1a: Cobalt\n|-damage|p1a: Cobalt|70\/100\n|-heal|p2a: Sudobo|52\/100|[from] drain|[of] p1a: Cobalt\n|-activate|p1a: Cobalt|ability: Toxic Debris\n|-sidestart|p2: Vandall Flagg|move: Toxic Spikes\n|move|p1a: Cobalt|Energy Ball|p2a: Sudobo\n|-supereffective|p2a: Sudobo\n|-damage|p2a: Sudobo|0 fnt\n|faint|p2a: Sudobo\n|\n|upkeep\n|\n|t:|1699591617\n|switch|p2a: Togebo|Togekiss, M|100\/100\n|turn|11\n|\n|t:|1699591640\n|move|p1a: Cobalt|Stealth Rock|p2a: Togebo\n|-sidestart|p2: Vandall Flagg|move: Stealth Rock\n|move|p2a: Togebo|Defog|p1a: Cobalt\n|-unboost|p1a: Cobalt|evasion|1\n|-sideend|p2: Vandall Flagg|Spikes|[from] move: Defog|[of] p2a: Togebo\n|-sideend|p2: Vandall Flagg|Toxic Spikes|[from] move: Defog|[of] p2a: Togebo\n|-sideend|p2: Vandall Flagg|Stealth Rock|[from] move: Defog|[of] p2a: Togebo\n|\n|upkeep\n|turn|12\n|\n|t:|1699591648\n|move|p1a: Cobalt|Stealth Rock|p2a: Togebo\n|-sidestart|p2: Vandall Flagg|move: Stealth Rock\n|move|p2a: Togebo|Psychic|p1a: Cobalt\n|-supereffective|p1a: Cobalt\n|-crit|p1a: Cobalt\n|-damage|p1a: Cobalt|0 fnt\n|faint|p1a: Cobalt\n|\n|upkeep\n|\n|t:|1699591671\n|switch|p1a: Pthallo|Toxapex, F|100\/100\n|turn|13\n|\n|t:|1699591678\n|move|p1a: Pthallo|Baneful Bunker|p1a: Pthallo\n|-singleturn|p1a: Pthallo|move: Protect\n|move|p2a: Togebo|Defog|p1a: Pthallo\n|-activate|p1a: Pthallo|move: Protect\n|\n|upkeep\n|turn|14\n|\n|t:|1699591692\n|move|p2a: Togebo|Defog|p1a: Pthallo\n|-unboost|p1a: Pthallo|evasion|1\n|-sideend|p2: Vandall Flagg|Stealth Rock|[from] move: Defog|[of] p2a: Togebo\n|move|p1a: Pthallo|Scald|p2a: Togebo\n|-damage|p2a: Togebo|84\/100\n|-status|p2a: Togebo|brn\n|\n|-damage|p2a: Togebo|78\/100 brn|[from] brn\n|upkeep\n|turn|15\n|\n|t:|1699591706\n|move|p1a: Pthallo|Baneful Bunker|p1a: Pthallo\n|-singleturn|p1a: Pthallo|move: Protect\n|move|p2a: Togebo|Psychic|p1a: Pthallo\n|-activate|p1a: Pthallo|move: Protect\n|\n|-damage|p2a: Togebo|72\/100 brn|[from] brn\n|upkeep\n|turn|16\n|\n|t:|1699591714\n|move|p2a: Togebo|Psychic|p1a: Pthallo\n|-supereffective|p1a: Pthallo\n|-crit|p1a: Pthallo\n|-damage|p1a: Pthallo|31\/100\n|move|p1a: Pthallo|Scald|p2a: Togebo\n|-crit|p2a: Togebo\n|-damage|p2a: Togebo|46\/100 brn\n|\n|-heal|p1a: Pthallo|37\/100|[from] item: Black Sludge\n|-damage|p2a: Togebo|40\/100 brn|[from] brn\n|upkeep\n|turn|17\n|\n|t:|1699591741\n|move|p1a: Pthallo|Baneful Bunker|p1a: Pthallo\n|-singleturn|p1a: Pthallo|move: Protect\n|move|p2a: Togebo|Dazzling Gleam|p1a: Pthallo\n|-activate|p1a: Pthallo|move: Protect\n|\n|-heal|p1a: Pthallo|43\/100|[from] item: Black Sludge\n|-damage|p2a: Togebo|34\/100 brn|[from] brn\n|upkeep\n|turn|18\n|\n|t:|1699591759\n|switch|p1a: Manganese|Overqwil, F|100\/100\n|-ability|p1a: Manganese|Intimidate|boost\n|-unboost|p2a: Togebo|atk|1\n|move|p2a: Togebo|Psychic|p1a: Manganese\n|-immune|p1a: Manganese\n|\n|-damage|p2a: Togebo|28\/100 brn|[from] brn\n|upkeep\n|turn|19\n|\n|t:|1699591771\n|move|p2a: Togebo|Dazzling Gleam|p1a: Manganese\n|-damage|p1a: Manganese|38\/100\n|move|p1a: Manganese|Crunch|p2a: Togebo\n|-resisted|p2a: Togebo\n|-damage|p2a: Togebo|7\/100 brn\n|\n|-heal|p1a: Manganese|45\/100|[from] item: Black Sludge\n|-damage|p2a: Togebo|0 fnt|[from] brn\n|faint|p2a: Togebo\n|upkeep\n|\n|t:|1699591779\n|switch|p2a: Sunbo|Sunflora, M|100\/100\n|turn|20\n|\n|t:|1699591792\n|move|p1a: Manganese|Toxic|p2a: Sunbo\n|-status|p2a: Sunbo|tox\n|move|p2a: Sunbo|Sunny Day|p2a: Sunbo\n|-weather|SunnyDay\n|\n|-weather|SunnyDay|[upkeep]\n|-heal|p1a: Manganese|51\/100|[from] item: Black Sludge\n|-damage|p2a: Sunbo|94\/100 tox|[from] psn\n|upkeep\n|turn|21\n|\n|t:|1699591801\n|move|p2a: Sunbo|Earth Power|p1a: Manganese\n|-supereffective|p1a: Manganese\n|-damage|p1a: Manganese|0 fnt\n|faint|p1a: Manganese\n|\n|-weather|SunnyDay|[upkeep]\n|-damage|p2a: Sunbo|82\/100 tox|[from] psn\n|upkeep\n|\n|t:|1699591810\n|switch|p1a: Tyrian|Nidoking, M|100\/100\n|turn|22\n|\n|t:|1699591816\n|move|p2a: Sunbo|Solar Beam||[still]\n|-prepare|p2a: Sunbo|Solar Beam\n|-anim|p2a: Sunbo|Solar Beam|p1a: Tyrian\n|-damage|p1a: Tyrian|17\/100\n|move|p1a: Tyrian|Flamethrower|p2a: Sunbo\n|-supereffective|p2a: Sunbo\n|-damage|p2a: Sunbo|0 fnt\n|faint|p2a: Sunbo\n|\n|-weather|SunnyDay|[upkeep]\n|upkeep\n|\n|t:|1699591825\n|switch|p2a: Aibo|Ambipom, M|100\/100\n|turn|23\n|\n|t:|1699591868\n|move|p2a: Aibo|Fake Out|p1a: Tyrian\n|-damage|p1a: Tyrian|0 fnt\n|faint|p1a: Tyrian\n|\n|-weather|SunnyDay|[upkeep]\n|upkeep\n|\n|t:|1699591883\n|switch|p1a: Pthallo|Toxapex, F|76\/100\n|turn|24\n|\n|t:|1699591890\n|switch|p2a: Polibo|Politoed, M|100\/100\n|-weather|RainDance|[from] ability: Drizzle|[of] p2a: Polibo\n|move|p1a: Pthallo|Scald|p2a: Polibo\n|-resisted|p2a: Polibo\n|-damage|p2a: Polibo|90\/100\n|\n|-weather|RainDance|[upkeep]\n|-heal|p2a: Polibo|96\/100|[from] item: Leftovers\n|-heal|p1a: Pthallo|83\/100|[from] item: Black Sludge\n|upkeep\n|turn|25\n|\n|t:|1699591903\n|move|p1a: Pthallo|Baneful Bunker|p1a: Pthallo\n|-singleturn|p1a: Pthallo|move: Protect\n|move|p2a: Polibo|Whirlpool|p1a: Pthallo\n|-activate|p1a: Pthallo|move: Protect\n|\n|-weather|RainDance|[upkeep]\n|-heal|p2a: Polibo|100\/100|[from] item: Leftovers\n|-heal|p1a: Pthallo|89\/100|[from] item: Black Sludge\n|upkeep\n|turn|26\n|\n|t:|1699591913\n|move|p2a: Polibo|Whirlpool|p1a: Pthallo\n|-resisted|p1a: Pthallo\n|-damage|p1a: Pthallo|79\/100\n|-activate|p1a: Pthallo|move: Whirlpool|[of] p2a: Polibo\n|move|p1a: Pthallo|Scald|p2a: Polibo\n|-resisted|p2a: Polibo\n|-damage|p2a: Polibo|88\/100\n|\n|-weather|RainDance|[upkeep]\n|-heal|p2a: Polibo|95\/100|[from] item: Leftovers\n|-heal|p1a: Pthallo|85\/100|[from] item: Black Sludge\n|-damage|p1a: Pthallo|73\/100|[from] move: Whirlpool|[partiallytrapped]\n|upkeep\n|turn|27\n|\n|t:|1699591940\n|move|p2a: Polibo|Perish Song|p2a: Polibo\n|-start|p1a: Pthallo|perish3|[silent]\n|-start|p2a: Polibo|perish3|[silent]\n|-fieldactivate|move: Perish Song\n|move|p1a: Pthallo|Haze|p1a: Pthallo\n|-clearallboost\n|\n|-weather|RainDance|[upkeep]\n|-heal|p2a: Polibo|100\/100|[from] item: Leftovers\n|-heal|p1a: Pthallo|79\/100|[from] item: Black Sludge\n|-damage|p1a: Pthallo|66\/100|[from] move: Whirlpool|[partiallytrapped]\n|-start|p2a: Polibo|perish3\n|-start|p1a: Pthallo|perish3\n|upkeep\n|turn|28\n|\n|t:|1699591954\n|move|p2a: Polibo|Encore|p1a: Pthallo\n|-start|p1a: Pthallo|Encore\n|move|p1a: Pthallo|Haze|p1a: Pthallo\n|-clearallboost\n|\n|-weather|none\n|-heal|p1a: Pthallo|73\/100|[from] item: Black Sludge\n|-damage|p1a: Pthallo|60\/100|[from] move: Whirlpool|[partiallytrapped]\n|-start|p2a: Polibo|perish2\n|-start|p1a: Pthallo|perish2\n|upkeep\n|turn|29\n|\n|t:|1699591969\n|move|p2a: Polibo|Whirlpool|p1a: Pthallo\n|-resisted|p1a: Pthallo\n|-damage|p1a: Pthallo|53\/100\n|move|p1a: Pthallo|Haze|p1a: Pthallo\n|-clearallboost\n|\n|-heal|p1a: Pthallo|60\/100|[from] item: Black Sludge\n|-damage|p1a: Pthallo|47\/100|[from] move: Whirlpool|[partiallytrapped]\n|-start|p2a: Polibo|perish1\n|-start|p1a: Pthallo|perish1\n|upkeep\n|turn|30\n|\n|t:|1699591986\n|move|p2a: Polibo|Whirlpool|p1a: Pthallo\n|-resisted|p1a: Pthallo\n|-damage|p1a: Pthallo|40\/100\n|move|p1a: Pthallo|Haze|p1a: Pthallo\n|-clearallboost\n|\n|-heal|p1a: Pthallo|47\/100|[from] item: Black Sludge\n|-damage|p1a: Pthallo|34\/100|[from] move: Whirlpool|[partiallytrapped]\n|-end|p1a: Pthallo|Encore\n|-start|p2a: Polibo|perish0\n|-start|p1a: Pthallo|perish0\n|upkeep\n|faint|p2a: Polibo\n|faint|p1a: Pthallo\n|\n|t:|1699592000\n|switch|p2a: Aibo|Ambipom, M|100\/100\n|switch|p1a: Cadmium|Scolipede, F|100\/100\n|turn|31\n|\n|t:|1699592020\n|move|p2a: Aibo|Fake Out|p1a: Cadmium\n|-damage|p1a: Cadmium|64\/100\n|cant|p1a: Cadmium|flinch\n|\n|-ability|p1a: Cadmium|Speed Boost|boost\n|-boost|p1a: Cadmium|spe|1\n|upkeep\n|turn|32\n|\n|t:|1699592030\n|move|p1a: Cadmium|Megahorn|p2a: Aibo\n|-damage|p2a: Aibo|20\/100\n|move|p2a: Aibo|Knock Off|p1a: Cadmium\n|-damage|p1a: Cadmium|24\/100\n|-enditem|p1a: Cadmium|Heavy-Duty Boots|[from] move: Knock Off|[of] p2a: Aibo\n|\n|-ability|p1a: Cadmium|Speed Boost|boost\n|-boost|p1a: Cadmium|spe|1\n|upkeep\n|turn|33\n|\n|t:|1699592042\n|move|p1a: Cadmium|Megahorn|p2a: Aibo|[miss]\n|-miss|p1a: Cadmium|p2a: Aibo\n|move|p2a: Aibo|Power-Up Punch|p1a: Cadmium\n|-resisted|p1a: Cadmium\n|-damage|p1a: Cadmium|17\/100\n|-boost|p2a: Aibo|atk|1\n|\n|-ability|p1a: Cadmium|Speed Boost|boost\n|-boost|p1a: Cadmium|spe|1\n|upkeep\n|turn|34\n|\n|t:|1699592052\n|move|p1a: Cadmium|Earthquake|p2a: Aibo\n|-damage|p2a: Aibo|0 fnt\n|faint|p2a: Aibo\n|\n|-ability|p1a: Cadmium|Speed Boost|boost\n|-boost|p1a: Cadmium|spe|1\n|upkeep\n|\n|t:|1699592058\n|switch|p2a: Exbo|Typhlosion, F|100\/100\n|turn|35\n|c|\u2606Vandall Flagg|good game\n|\n|t:|1699592065\n|move|p1a: Cadmium|Earthquake|p2a: Exbo\n|-supereffective|p2a: Exbo\n|-damage|p2a: Exbo|22\/100\n|move|p2a: Exbo|Flame Charge|p1a: Cadmium\n|-supereffective|p1a: Cadmium\n|-damage|p1a: Cadmium|0 fnt\n|-boost|p2a: Exbo|spe|1\n|faint|p1a: Cadmium\n|\n|win|Vandall Flagg\n|raw|grossfleshcomputer's rating: 1076 &rarr; <strong>1060<\/strong><br \/>(-16 for losing)\n|raw|Vandall Flagg's rating: 1169 &rarr; <strong>1187<\/strong><br \/>(+18 for winning)\n","uploadtime":1699592076,"views":6,"p1id":"grossfleshcomputer","p2id":"vandallflagg","formatid":"gen9nationaldex","rating":1060,"private":0,"password":""}