{"id":"gen9nationaldex-1996746480","p1":"hydroj","p2":"Normal happyness","format":"[Gen 9] National Dex","log":"|html|<div class=\"broadcast-blue\"><strong>[Gen 9] National Dex is currently suspecting Sneasler! For information on how to participate check out the <a href=\"https:\/\/www.smogon.com\/forums\/threads\/sv-national-dex-suspect-8-just-dance.3731534\/\">suspect thread<\/a>.<\/strong><\/div>\n|j|\u2606hydroj\n|j|\u2606Normal happyness\n|t:|1700718259\n|gametype|singles\n|player|p1|hydroj|266|1485\n|player|p2|Normal happyness|bugcatcher-gen4dp|1381\n|teamsize|p1|6\n|teamsize|p2|6\n|gen|9\n|tier|[Gen 9] National Dex\n|rated|\n|rule|HP Percentage Mod: HP is shown in percentages\n|rule|Endless Battle Clause: Forcing endless battles is banned\n|rule|OHKO Clause: OHKO moves are banned\n|rule|Evasion Clause: Evasion abilities, items, and moves are banned\n|rule|Evasion Abilities Clause: Evasion abilities are banned\n|rule|Evasion Items Clause: Evasion items are banned\n|rule|Evasion Moves Clause: Evasion moves are banned\n|rule|Species Clause: Limit one of each Pok\u00e9mon\n|rule|Sleep Clause Mod: Limit one foe put to sleep\n|clearpoke\n|poke|p1|Aegislash, F|\n|poke|p1|Alomomola, M|\n|poke|p1|Gliscor, M|\n|poke|p1|Iron Valiant|\n|poke|p1|Tapu Koko|\n|poke|p1|Scizor, F|\n|poke|p2|Hatterene, F|\n|poke|p2|Marowak-Alola, F|\n|poke|p2|Cresselia, F|\n|poke|p2|Mawile, M|\n|poke|p2|Porygon2|\n|poke|p2|Ursaluna, M|\n|teampreview\n|inactive|Battle timer is ON: inactive players will automatically lose when time's up. (requested by Normal happyness)\n|\n|t:|1700718286\n|start\n|switch|p1a: Tapu Koko|Tapu Koko|100\/100\n|switch|p2a: Hatterene|Hatterene, F|100\/100\n|-fieldstart|move: Electric Terrain|[from] ability: Electric Surge|[of] p1a: Tapu Koko\n|turn|1\n|\n|t:|1700718295\n|move|p1a: Tapu Koko|U-turn|p2a: Hatterene\n|-damage|p2a: Hatterene|82\/100\n|\n|t:|1700718297\n|switch|p1a: Scizor|Scizor, F|100\/100|[from] U-turn\n|move|p2a: Hatterene|Trick Room|p2a: Hatterene\n|-fieldstart|move: Trick Room|[of] p2a: Hatterene\n|\n|upkeep\n|turn|2\n|inactive|hydroj has 120 seconds left.\n|\n|t:|1700718344\n|switch|p2a: Marowak|Marowak-Alola, F|100\/100\n|switch|p1a: Gliscor|Gliscor, M|100\/100\n|\n|-status|p1a: Gliscor|tox|[from] item: Toxic Orb\n|upkeep\n|turn|3\n|inactive|hydroj has 90 seconds left.\n|\n|t:|1700718372\n|switch|p2a: Hatterene|Hatterene, F|82\/100\n|move|p1a: Gliscor|Earthquake|p2a: Hatterene\n|-damage|p2a: Hatterene|42\/100\n|\n|upkeep\n|turn|4\n|\n|t:|1700718385\n|move|p2a: Hatterene|Mystical Fire|p1a: Gliscor\n|-damage|p1a: Gliscor|74\/100 tox\n|-unboost|p1a: Gliscor|spa|1\n|move|p1a: Gliscor|Earthquake|p2a: Hatterene\n|-damage|p2a: Hatterene|5\/100\n|\n|-heal|p1a: Gliscor|87\/100 tox|[from] ability: Poison Heal\n|upkeep\n|turn|5\n|\n|t:|1700718395\n|move|p2a: Hatterene|Misty Explosion|p1a: Gliscor\n|-damage|p1a: Gliscor|39\/100 tox\n|faint|p2a: Hatterene\n|move|p1a: Gliscor|Toxic|p2: Hatterene|[notarget]\n|-fail|p1a: Gliscor\n|\n|-heal|p1a: Gliscor|52\/100 tox|[from] ability: Poison Heal\n|-fieldend|move: Trick Room\n|-fieldend|move: Electric Terrain\n|upkeep\n|\n|t:|1700718410\n|switch|p2a: Porygon2|Porygon2|100\/100\n|-ability|p2a: Porygon2|Download|boost\n|-boost|p2a: Porygon2|spa|1\n|turn|6\n|\n|t:|1700718418\n|-terastallize|p1a: Gliscor|Fairy\n|move|p1a: Gliscor|Roost|p1a: Gliscor\n|-heal|p1a: Gliscor|100\/100 tox\n|move|p2a: Porygon2|Trick Room|p2a: Porygon2\n|-fieldstart|move: Trick Room|[of] p2a: Porygon2\n|\n|upkeep\n|turn|7\n|\n|t:|1700718424\n|move|p1a: Gliscor|Toxic|p2a: Porygon2\n|-status|p2a: Porygon2|tox\n|move|p2a: Porygon2|Teleport|p2a: Porygon2\n|\n|t:|1700718427\n|switch|p2a: Ursaluna|Ursaluna, M|100\/100|[from] Teleport\n|\n|-status|p2a: Ursaluna|brn|[from] item: Flame Orb\n|upkeep\n|turn|8\n|inactive|hydroj has 120 seconds left.\n|\n|t:|1700718462\n|move|p2a: Ursaluna|Headlong Rush|p1a: Gliscor\n|-damage|p1a: Gliscor|8\/100 tox\n|-unboost|p2a: Ursaluna|def|1\n|-unboost|p2a: Ursaluna|spd|1\n|move|p1a: Gliscor|Earthquake|p2a: Ursaluna\n|-crit|p2a: Ursaluna\n|-damage|p2a: Ursaluna|47\/100 brn\n|\n|-heal|p1a: Gliscor|20\/100 tox|[from] ability: Poison Heal\n|-damage|p2a: Ursaluna|41\/100 brn|[from] brn\n|upkeep\n|turn|9\n|inactive|hydroj has 90 seconds left.\n|\n|t:|1700718484\n|move|p2a: Ursaluna|Headlong Rush|p1a: Gliscor\n|-damage|p1a: Gliscor|0 fnt\n|-unboost|p2a: Ursaluna|def|1\n|-unboost|p2a: Ursaluna|spd|1\n|faint|p1a: Gliscor\n|\n|-damage|p2a: Ursaluna|35\/100 brn|[from] brn\n|upkeep\n|inactive|hydroj has 90 seconds left.\n|\n|t:|1700718490\n|switch|p1a: Scizor|Scizor, F|100\/100\n|turn|10\n|\n|t:|1700718496\n|move|p1a: Scizor|Bullet Punch|p2a: Ursaluna\n|-damage|p2a: Ursaluna|12\/100 brn\n|move|p2a: Ursaluna|Headlong Rush|p1a: Scizor\n|-damage|p1a: Scizor|19\/100\n|-unboost|p2a: Ursaluna|def|1\n|-unboost|p2a: Ursaluna|spd|1\n|\n|-damage|p2a: Ursaluna|6\/100 brn|[from] brn\n|-fieldend|move: Trick Room\n|upkeep\n|turn|11\n|\n|t:|1700718504\n|switch|p2a: Cresselia|Cresselia, F|100\/100\n|detailschange|p1a: Scizor|Scizor-Mega, F\n|-mega|p1a: Scizor|Scizor|Scizorite\n|move|p1a: Scizor|U-turn|p2a: Cresselia\n|-supereffective|p2a: Cresselia\n|-damage|p2a: Cresselia|55\/100\n|\n|t:|1700718511\n|switch|p1a: Aegislash|Aegislash, F|100\/100|[from] U-turn\n|\n|-heal|p2a: Cresselia|62\/100|[from] item: Leftovers\n|upkeep\n|turn|12\n|\n|t:|1700718524\n|-formechange|p1a: Aegislash|Aegislash-Blade||[from] ability: Stance Change\n|move|p1a: Aegislash|Steel Beam|p2a: Cresselia\n|-damage|p2a: Cresselia|1\/100\n|-damage|p1a: Aegislash|50\/100|[from] steelbeam\n|move|p2a: Cresselia|Trick Room|p2a: Cresselia\n|-fieldstart|move: Trick Room|[of] p2a: Cresselia\n|\n|-heal|p2a: Cresselia|7\/100|[from] item: Leftovers\n|upkeep\n|turn|13\n|\n|t:|1700718542\n|switch|p1a: Alomomola|Alomomola, M|100\/100\n|move|p2a: Cresselia|Lunar Dance|p2a: Cresselia\n|faint|p2a: Cresselia\n|\n|upkeep\n|\n|t:|1700718553\n|switch|p2a: Mawile|Mawile, M|100\/100\n|-ability|p2a: Mawile|Intimidate|boost\n|-unboost|p1a: Alomomola|atk|1\n|turn|14\n|\n|t:|1700718559\n|detailschange|p2a: Mawile|Mawile-Mega, M\n|-mega|p2a: Mawile|Mawile|Mawilite\n|move|p2a: Mawile|Swords Dance|p2a: Mawile\n|-boost|p2a: Mawile|atk|2\n|move|p1a: Alomomola|Wish|p1a: Alomomola\n|\n|upkeep\n|turn|15\n|inactive|hydroj has 120 seconds left.\n|\n|t:|1700718571\n|move|p1a: Alomomola|Protect|p1a: Alomomola\n|-singleturn|p1a: Alomomola|Protect\n|move|p2a: Mawile|Play Rough|p1a: Alomomola\n|-activate|p1a: Alomomola|move: Protect\n|\n|upkeep\n|turn|16\n|\n|t:|1700718580\n|switch|p1a: Scizor|Scizor-Mega, F|19\/100\n|move|p2a: Mawile|Play Rough|p1a: Scizor\n|-resisted|p1a: Scizor\n|-crit|p1a: Scizor\n|-damage|p1a: Scizor|0 fnt\n|faint|p1a: Scizor\n|\n|-fieldend|move: Trick Room\n|upkeep\n|inactive|hydroj has 120 seconds left.\n|\n|t:|1700718596\n|switch|p1a: Tapu Koko|Tapu Koko|100\/100\n|-fieldstart|move: Electric Terrain|[from] ability: Electric Surge|[of] p1a: Tapu Koko\n|turn|17\n|\n|t:|1700718602\n|move|p1a: Tapu Koko|Thunderbolt|p2a: Mawile\n|-damage|p2a: Mawile|47\/100\n|move|p2a: Mawile|Play Rough|p1a: Tapu Koko|[miss]\n|-miss|p2a: Mawile|p1a: Tapu Koko\n|\n|upkeep\n|turn|18\n|\n|t:|1700718612\n|move|p2a: Mawile|Sucker Punch|p1a: Tapu Koko\n|-resisted|p1a: Tapu Koko\n|-damage|p1a: Tapu Koko|41\/100\n|move|p1a: Tapu Koko|U-turn|p2a: Mawile\n|-resisted|p2a: Mawile\n|-damage|p2a: Mawile|43\/100\n|inactive|hydroj has 120 seconds left.\n|\n|t:|1700718626\n|switch|p1a: Aegislash|Aegislash, F|50\/100|[from] U-turn\n|\n|upkeep\n|turn|19\n|\n|t:|1700718638\n|-formechange|p1a: Aegislash|Aegislash-Blade||[from] ability: Stance Change\n|move|p1a: Aegislash|Shadow Sneak|p2a: Mawile\n|-damage|p2a: Mawile|28\/100\n|move|p2a: Mawile|Iron Head|p1a: Aegislash\n|-resisted|p1a: Aegislash\n|-damage|p1a: Aegislash|0 fnt\n|faint|p1a: Aegislash\n|\n|upkeep\n|inactive|hydroj has 120 seconds left.\n|\n|t:|1700718654\n|switch|p1a: Iron Valiant|Iron Valiant|100\/100\n|-activate|p1a: Iron Valiant|ability: Quark Drive\n|-start|p1a: Iron Valiant|quarkdrivespe\n|turn|20\n|\n|t:|1700718662\n|switch|p2a: Porygon2|Porygon2|100\/100 tox\n|-heal|p2a: Porygon2|100\/100|[from] move: Lunar Dance\n|-ability|p2a: Porygon2|Download|boost\n|-boost|p2a: Porygon2|spa|1\n|move|p1a: Iron Valiant|Close Combat|p2a: Porygon2\n|-supereffective|p2a: Porygon2\n|-damage|p2a: Porygon2|10\/100\n|-unboost|p1a: Iron Valiant|def|1\n|-unboost|p1a: Iron Valiant|spd|1\n|\n|upkeep\n|turn|21\n|\n|t:|1700718676\n|-terastallize|p2a: Porygon2|Ghost\n|move|p1a: Iron Valiant|Knock Off|p2a: Porygon2\n|-supereffective|p2a: Porygon2\n|-damage|p2a: Porygon2|0 fnt\n|-enditem|p2a: Porygon2|Eviolite|[from] move: Knock Off|[of] p1a: Iron Valiant\n|faint|p2a: Porygon2\n|\n|-fieldend|move: Electric Terrain\n|-end|p1a: Iron Valiant|Quark Drive\n|upkeep\n|-enditem|p1a: Iron Valiant|Booster Energy\n|-activate|p1a: Iron Valiant|ability: Quark Drive|[fromitem]\n|-start|p1a: Iron Valiant|quarkdrivespe\n|\n|t:|1700718683\n|switch|p2a: Marowak|Marowak-Alola, F|100\/100\n|turn|22\n|\n|t:|1700718703\n|-end|p1a: Iron Valiant|Quark Drive|[silent]\n|switch|p1a: Tapu Koko|Tapu Koko|41\/100\n|-fieldstart|move: Electric Terrain|[from] ability: Electric Surge|[of] p1a: Tapu Koko\n|move|p2a: Marowak|Poltergeist|p1a: Tapu Koko\n|-activate|p1a: Tapu Koko|move: Poltergeist|Heavy-Duty Boots\n|-damage|p1a: Tapu Koko|0 fnt\n|faint|p1a: Tapu Koko\n|\n|upkeep\n|\n|t:|1700718708\n|switch|p1a: Alomomola|Alomomola, M|100\/100\n|turn|23\n|\n|t:|1700718723\n|move|p1a: Alomomola|Flip Turn|p2a: Marowak\n|-supereffective|p2a: Marowak\n|-damage|p2a: Marowak|65\/100\n|\n|t:|1700718725\n|switch|p1a: Iron Valiant|Iron Valiant|100\/100|[from] Flip Turn\n|-activate|p1a: Iron Valiant|ability: Quark Drive\n|-start|p1a: Iron Valiant|quarkdrivespe\n|move|p2a: Marowak|Poltergeist||[still]\n|-fail|p2a: Marowak\n|\n|upkeep\n|turn|24\n|\n|t:|1700718736\n|move|p1a: Iron Valiant|Encore|p2a: Marowak\n|-start|p2a: Marowak|Encore\n|move|p2a: Marowak|Poltergeist||[still]\n|-fail|p2a: Marowak\n|\n|upkeep\n|turn|25\n|\n|t:|1700718740\n|switch|p2a: Ursaluna|Ursaluna, M|6\/100 brn\n|move|p1a: Iron Valiant|Knock Off|p2a: Ursaluna\n|-damage|p2a: Ursaluna|0 fnt\n|-enditem|p2a: Ursaluna|Flame Orb|[from] move: Knock Off|[of] p1a: Iron Valiant\n|faint|p2a: Ursaluna\n|\n|upkeep\n|\n|t:|1700718743\n|switch|p2a: Marowak|Marowak-Alola, F|65\/100\n|turn|26\n|inactive|hydroj has 120 seconds left.\n|\n|t:|1700718779\n|move|p1a: Iron Valiant|Knock Off|p2a: Marowak\n|-supereffective|p2a: Marowak\n|-damage|p2a: Marowak|0 fnt\n|-enditem|p2a: Marowak|Thick Club|[from] move: Knock Off|[of] p1a: Iron Valiant\n|faint|p2a: Marowak\n|\n|-fieldend|move: Electric Terrain\n|-end|p1a: Iron Valiant|Quark Drive\n|upkeep\n|\n|t:|1700718782\n|switch|p2a: Mawile|Mawile-Mega, M|28\/100\n|turn|27\n|\n|t:|1700718785\n|move|p1a: Iron Valiant|Close Combat|p2a: Mawile\n|-damage|p2a: Mawile|0 fnt\n|-unboost|p1a: Iron Valiant|def|1\n|-unboost|p1a: Iron Valiant|spd|1\n|faint|p2a: Mawile\n|\n|win|hydroj\n|raw|hydroj's rating: 1485 &rarr; <strong>1499<\/strong><br \/>(+14 for winning)\n|raw|Normal happyness's rating: 1381 &rarr; <strong>1367<\/strong><br \/>(-14 for losing)\n|c|\u2606hydroj|gg\n|l|\u2606Normal happyness\n","uploadtime":1700718850,"views":1,"p1id":"hydroj","p2id":"normalhappyness","formatid":"gen9nationaldex","rating":1367,"private":0,"password":""}