{"id":"gen9nationaldex-1991164736","p1":"runeatest","p2":"samuuux29","format":"[Gen 9] National Dex","log":"|j|\u2606runeatest\n|j|\u203dsamuuux29\n|t:|1700052376\n|gametype|singles\n|player|p1|runeatest|fisherman-gen4|1129\n|player|p2|samuuux29|n|1204\n|teamsize|p1|6\n|teamsize|p2|6\n|gen|9\n|tier|[Gen 9] National Dex\n|rated|\n|rule|HP Percentage Mod: HP is shown in percentages\n|rule|Endless Battle Clause: Forcing endless battles is banned\n|rule|OHKO Clause: OHKO moves are banned\n|rule|Evasion Clause: Evasion abilities, items, and moves are banned\n|rule|Evasion Abilities Clause: Evasion abilities are banned\n|rule|Evasion Items Clause: Evasion items are banned\n|rule|Evasion Moves Clause: Evasion moves are banned\n|rule|Species Clause: Limit one of each Pok\u00e9mon\n|rule|Sleep Clause Mod: Limit one foe put to sleep\n|clearpoke\n|poke|p1|Vaporeon, M|\n|poke|p1|Salamence, M|\n|poke|p1|Hitmontop, M|\n|poke|p1|Electivire, M|\n|poke|p1|Togekiss, M|\n|poke|p1|Houndoom, M|\n|poke|p2|Umbreon, F|\n|poke|p2|Serperior, F|\n|poke|p2|Aggron, M|\n|poke|p2|Greninja-*, M|\n|poke|p2|Garchomp, M|\n|poke|p2|Toucannon, M|\n|teampreview\n|inactive|Battle timer is ON: inactive players will automatically lose when time's up. (requested by runeatest)\n|\n|t:|1700052385\n|start\n|switch|p1a: Salamence|Salamence, M|100\/100\n|switch|p2a: Toucannon|Toucannon, M, shiny|100\/100\n|-ability|p1a: Salamence|Intimidate|boost\n|-unboost|p2a: Toucannon|atk|1\n|turn|1\n|inactive|runeatest has 120 seconds left.\n|\n|t:|1700052420\n|move|p1a: Salamence|Draco Meteor|p2a: Toucannon|[miss]\n|-miss|p1a: Salamence|p2a: Toucannon\n|move|p2a: Toucannon|Swords Dance|p2a: Toucannon\n|-boost|p2a: Toucannon|atk|2\n|\n|upkeep\n|turn|2\n|inactive|runeatest has 120 seconds left.\n|\n|t:|1700052436\n|move|p1a: Salamence|Draco Meteor|p2a: Toucannon\n|-damage|p2a: Toucannon|0 fnt\n|-unboost|p1a: Salamence|spa|2\n|faint|p2a: Toucannon\n|\n|upkeep\n|\n|t:|1700052445\n|switch|p2a: Serperior|Serperior, F, shiny|100\/100\n|turn|3\n|\n|t:|1700052449\n|switch|p1a: Togekiss|Togekiss, M, shiny|100\/100\n|move|p2a: Serperior|Hidden Power|p1a: Togekiss\n|-supereffective|p1a: Togekiss\n|-damage|p1a: Togekiss|72\/100\n|\n|upkeep\n|turn|4\n|\n|t:|1700052460\n|switch|p2a: Aggron|Aggron, M, shiny|100\/100\n|move|p1a: Togekiss|Thunder Wave|p2a: Aggron\n|-status|p2a: Aggron|par\n|\n|upkeep\n|turn|5\n|\n|t:|1700052474\n|switch|p1a: Houndoom|Houndoom, M|100\/100\n|detailschange|p2a: Aggron|Aggron-Mega, M, shiny\n|-mega|p2a: Aggron|Aggron|Aggronite\n|move|p2a: Aggron|Curse|p2a: Aggron\n|-unboost|p2a: Aggron|spe|1\n|-boost|p2a: Aggron|atk|1\n|-boost|p2a: Aggron|def|1\n|\n|upkeep\n|turn|6\n|\n|t:|1700052484\n|move|p1a: Houndoom|Nasty Plot|p1a: Houndoom\n|-boost|p1a: Houndoom|spa|2\n|move|p2a: Aggron|Earthquake|p1a: Houndoom\n|-supereffective|p1a: Houndoom\n|-enditem|p1a: Houndoom|Focus Sash\n|-damage|p1a: Houndoom|1\/100\n|\n|upkeep\n|turn|7\n|\n|t:|1700052493\n|move|p1a: Houndoom|Flamethrower|p2a: Aggron\n|-supereffective|p2a: Aggron\n|-damage|p2a: Aggron|0 fnt\n|faint|p2a: Aggron\n|\n|upkeep\n|\n|t:|1700052498\n|switch|p2a: Greninja|Greninja, M|100\/100\n|turn|8\n|\n|t:|1700052504\n|switch|p1a: Vaporeon|Vaporeon, M|100\/100\n|move|p2a: Greninja|Surf|p1a: Vaporeon\n|-immune|p1a: Vaporeon|[from] ability: Water Absorb\n|\n|upkeep\n|turn|9\n|\n|t:|1700052513\n|move|p2a: Greninja|Dark Pulse|p1a: Vaporeon\n|-damage|p1a: Vaporeon|62\/100\n|-damage|p2a: Greninja|91\/100|[from] item: Life Orb\n|move|p1a: Vaporeon|Hidden Power|p2a: Greninja\n|-supereffective|p2a: Greninja\n|-damage|p2a: Greninja|24\/100\n|\n|-heal|p1a: Vaporeon|68\/100|[from] item: Leftovers\n|upkeep\n|turn|10\n|\n|t:|1700052523\n|move|p2a: Greninja|Dark Pulse|p1a: Vaporeon\n|-damage|p1a: Vaporeon|29\/100\n|-damage|p2a: Greninja|14\/100|[from] item: Life Orb\n|move|p1a: Vaporeon|Hidden Power|p2a: Greninja\n|-supereffective|p2a: Greninja\n|-damage|p2a: Greninja|0 fnt\n|faint|p2a: Greninja\n|\n|-heal|p1a: Vaporeon|35\/100|[from] item: Leftovers\n|upkeep\n|\n|t:|1700052535\n|switch|p2a: Serperior|Serperior, F, shiny|100\/100\n|turn|11\n|\n|t:|1700052541\n|switch|p1a: Salamence|Salamence, M|100\/100\n|-ability|p1a: Salamence|Intimidate|boost\n|-boost|p2a: Serperior|atk|1\n|move|p2a: Serperior|Hidden Power|p1a: Salamence\n|-supereffective|p1a: Salamence\n|-damage|p1a: Salamence|22\/100\n|\n|upkeep\n|turn|12\n|\n|t:|1700052550\n|switch|p1a: Houndoom|Houndoom, M|1\/100\n|move|p2a: Serperior|Hidden Power|p1a: Houndoom\n|-resisted|p1a: Houndoom\n|-damage|p1a: Houndoom|0 fnt\n|faint|p1a: Houndoom\n|\n|upkeep\n|\n|t:|1700052557\n|switch|p1a: Hitmontop|Hitmontop, M|100\/100\n|turn|13\n|\n|t:|1700052564\n|switch|p2a: Umbreon|Umbreon, F, shiny|100\/100\n|move|p1a: Hitmontop|Fake Out|p2a: Umbreon\n|-damage|p2a: Umbreon|85\/100\n|\n|-heal|p2a: Umbreon|91\/100|[from] item: Leftovers\n|upkeep\n|turn|14\n|\n|t:|1700052573\n|move|p1a: Hitmontop|High Jump Kick|p2a: Umbreon\n|-supereffective|p2a: Umbreon\n|-damage|p2a: Umbreon|0 fnt\n|faint|p2a: Umbreon\n|\n|upkeep\n|\n|t:|1700052579\n|switch|p2a: Serperior|Serperior, F, shiny|100\/100\n|turn|15\n|\n|t:|1700052583\n|move|p2a: Serperior|Leaf Storm|p1a: Hitmontop\n|-damage|p1a: Hitmontop|38\/100\n|-boost|p2a: Serperior|spa|2\n|move|p1a: Hitmontop|High Jump Kick|p2a: Serperior\n|-damage|p2a: Serperior|23\/100\n|\n|upkeep\n|turn|16\n|\n|t:|1700052592\n|move|p1a: Hitmontop|Sucker Punch|p2a: Serperior\n|-damage|p2a: Serperior|0 fnt\n|faint|p2a: Serperior\n|\n|upkeep\n|\n|t:|1700052597\n|switch|p2a: Garchomp|Garchomp, M|100\/100\n|turn|17\n|\n|t:|1700052603\n|move|p2a: Garchomp|Swords Dance|p2a: Garchomp\n|-boost|p2a: Garchomp|atk|2\n|move|p1a: Hitmontop|High Jump Kick|p2a: Garchomp\n|-damage|p2a: Garchomp|40\/100\n|-damage|p1a: Hitmontop|26\/100|[from] ability: Rough Skin|[of] p2a: Garchomp\n|-damage|p1a: Hitmontop|9\/100|[from] item: Rocky Helmet|[of] p2a: Garchomp\n|\n|upkeep\n|turn|18\n|\n|t:|1700052613\n|move|p1a: Hitmontop|Sucker Punch||[still]\n|-fail|p1a: Hitmontop\n|move|p2a: Garchomp|Swords Dance|p2a: Garchomp\n|-boost|p2a: Garchomp|atk|2\n|\n|upkeep\n|turn|19\n|\n|t:|1700052622\n|move|p2a: Garchomp|Swords Dance|p2a: Garchomp\n|-boost|p2a: Garchomp|atk|2\n|move|p1a: Hitmontop|High Jump Kick|p2a: Garchomp\n|-damage|p2a: Garchomp|0 fnt\n|-damage|p1a: Hitmontop|0 fnt|[from] ability: Rough Skin|[of] p2a: Garchomp\n|faint|p2a: Garchomp\n|faint|p1a: Hitmontop\n|\n|win|runeatest\n|raw|runeatest's rating: 1129 &rarr; <strong>1159<\/strong><br \/>(+30 for winning)\n|raw|samuuux29's rating: 1204 &rarr; <strong>1174<\/strong><br \/>(-30 for losing)\n|l|\u203dsamuuux29\n","uploadtime":1700052638,"views":3,"p1id":"runeatest","p2id":"samuuux29","formatid":"gen9nationaldex","rating":1159,"private":0,"password":""}