{"id":"gen9nationaldex-1995702367","p1":"Dipatrico","p2":"Blake-Mamba","format":"[Gen 9] National Dex","log":"|html|<div class=\"broadcast-blue\"><strong>[Gen 9] National Dex is currently suspecting Sneasler! For information on how to participate check out the <a href=\"https:\/\/www.smogon.com\/forums\/threads\/sv-national-dex-suspect-8-just-dance.3731534\/\">suspect thread<\/a>.<\/strong><\/div>\n|j|\u2606Dipatrico\n|j|\u2606Blake-Mamba\n|t:|1700595312\n|gametype|singles\n|player|p1|Dipatrico|preschooler|1369\n|player|p2|Blake-Mamba|juan|1426\n|teamsize|p1|6\n|teamsize|p2|6\n|gen|9\n|tier|[Gen 9] National Dex\n|rated|\n|rule|HP Percentage Mod: HP is shown in percentages\n|rule|Endless Battle Clause: Forcing endless battles is banned\n|rule|OHKO Clause: OHKO moves are banned\n|rule|Evasion Clause: Evasion abilities, items, and moves are banned\n|rule|Evasion Abilities Clause: Evasion abilities are banned\n|rule|Evasion Items Clause: Evasion items are banned\n|rule|Evasion Moves Clause: Evasion moves are banned\n|rule|Species Clause: Limit one of each Pok\u00e9mon\n|rule|Sleep Clause Mod: Limit one foe put to sleep\n|clearpoke\n|poke|p1|Basculegion, M|\n|poke|p1|Falinks|\n|poke|p1|Houndstone, F|\n|poke|p1|Leavanny, F|\n|poke|p1|Toxtricity, M|\n|poke|p1|Mr. Mime-Galar, M|\n|poke|p2|Tyrantrum, F|\n|poke|p2|Aurorus, F|\n|poke|p2|Omastar, M|\n|poke|p2|Aerodactyl, M|\n|poke|p2|Armaldo, M|\n|poke|p2|Rampardos, M|\n|teampreview\n|inactive|Battle timer is ON: inactive players will automatically lose when time's up. (requested by Dipatrico)\n|\n|t:|1700595318\n|start\n|switch|p1a: Leavanny|Leavanny, F|100\/100\n|switch|p2a: Omastar|Omastar, M|100\/100\n|turn|1\n|\n|t:|1700595325\n|move|p1a: Leavanny|Sticky Web|p2a: Omastar\n|-sidestart|p2: Blake-Mamba|move: Sticky Web\n|move|p2a: Omastar|Shell Smash|p2a: Omastar\n|-unboost|p2a: Omastar|def|1\n|-unboost|p2a: Omastar|spd|1\n|-boost|p2a: Omastar|atk|2\n|-boost|p2a: Omastar|spa|2\n|-boost|p2a: Omastar|spe|2\n|\n|upkeep\n|turn|2\n|\n|t:|1700595335\n|move|p2a: Omastar|Ancient Power|p1a: Leavanny\n|-supereffective|p1a: Leavanny\n|-damage|p1a: Leavanny|0 fnt\n|faint|p1a: Leavanny\n|\n|upkeep\n|\n|t:|1700595345\n|switch|p1a: Houndstone|Houndstone, F|100\/100\n|turn|3\n|\n|t:|1700595349\n|move|p2a: Omastar|Surf|p1a: Houndstone\n|-damage|p1a: Houndstone|2\/100\n|move|p1a: Houndstone|Poltergeist|p2a: Omastar\n|-activate|p2a: Omastar|move: Poltergeist|Focus Sash\n|-damage|p2a: Omastar|46\/100\n|-ability|p2a: Omastar|Weak Armor|boost\n|-unboost|p2a: Omastar|def|1\n|-boost|p2a: Omastar|spe|2\n|\n|upkeep\n|turn|4\n|\n|t:|1700595359\n|move|p1a: Houndstone|Shadow Sneak|p2a: Omastar\n|-damage|p2a: Omastar|20\/100\n|-ability|p2a: Omastar|Weak Armor|boost\n|-unboost|p2a: Omastar|def|1\n|-boost|p2a: Omastar|spe|2\n|move|p2a: Omastar|Ancient Power|p1a: Houndstone\n|-damage|p1a: Houndstone|0 fnt\n|faint|p1a: Houndstone\n|\n|upkeep\n|\n|t:|1700595370\n|switch|p1a: Basculegion|Basculegion, M|100\/100\n|turn|5\n|\n|t:|1700595375\n|move|p1a: Basculegion|Aqua Jet|p2a: Omastar\n|-damage|p2a: Omastar|0 fnt\n|faint|p2a: Omastar\n|\n|upkeep\n|\n|t:|1700595386\n|switch|p2a: Tyrantrum|Tyrantrum, F|100\/100\n|-activate|p2a: Tyrantrum|move: Sticky Web\n|-unboost|p2a: Tyrantrum|spe|1\n|turn|6\n|\n|t:|1700595397\n|switch|p1a: Mr. Mime|Mr. Mime-Galar, M|100\/100\n|move|p2a: Tyrantrum|Head Smash|p1a: Mr. Mime\n|-supereffective|p1a: Mr. Mime\n|-damage|p1a: Mr. Mime|0 fnt\n|faint|p1a: Mr. Mime\n|\n|upkeep\n|\n|t:|1700595410\n|switch|p1a: Falinks|Falinks|100\/100\n|turn|7\n|\n|t:|1700595414\n|move|p1a: Falinks|No Retreat|p1a: Falinks\n|-boost|p1a: Falinks|atk|1\n|-boost|p1a: Falinks|def|1\n|-boost|p1a: Falinks|spa|1\n|-boost|p1a: Falinks|spd|1\n|-boost|p1a: Falinks|spe|1\n|-start|p1a: Falinks|move: No Retreat\n|move|p2a: Tyrantrum|Outrage|p1a: Falinks\n|-damage|p1a: Falinks|46\/100\n|\n|upkeep\n|turn|8\n|\n|t:|1700595423\n|move|p1a: Falinks|Close Combat|p2a: Tyrantrum\n|-supereffective|p2a: Tyrantrum\n|-damage|p2a: Tyrantrum|0 fnt\n|-unboost|p1a: Falinks|def|1\n|-unboost|p1a: Falinks|spd|1\n|faint|p2a: Tyrantrum\n|\n|upkeep\n|\n|t:|1700595430\n|switch|p2a: Aerodactyl|Aerodactyl, M|100\/100\n|-ability|p2a: Aerodactyl|Unnerve\n|turn|9\n|\n|t:|1700595436\n|move|p2a: Aerodactyl|Fly||[still]\n|-prepare|p2a: Aerodactyl|Fly\n|move|p1a: Falinks|Close Combat|p2a: Aerodactyl|[miss]\n|-miss|p1a: Falinks|p2a: Aerodactyl\n|\n|upkeep\n|turn|10\n|\n|t:|1700595443\n|move|p2a: Aerodactyl|Fly|p1a: Falinks|[from]lockedmove\n|-supereffective|p1a: Falinks\n|-damage|p1a: Falinks|0 fnt\n|faint|p1a: Falinks\n|-damage|p2a: Aerodactyl|91\/100|[from] item: Life Orb\n|\n|upkeep\n|\n|t:|1700595447\n|switch|p1a: Basculegion|Basculegion, M|100\/100\n|turn|11\n|\n|t:|1700595452\n|-terastallize|p1a: Basculegion|Water\n|-terastallize|p2a: Aerodactyl|Rock\n|move|p1a: Basculegion|Wave Crash|p2a: Aerodactyl\n|-supereffective|p2a: Aerodactyl\n|-damage|p2a: Aerodactyl|0 fnt\n|faint|p2a: Aerodactyl\n|-damage|p1a: Basculegion|77\/100|[from] Recoil\n|\n|upkeep\n|\n|t:|1700595463\n|switch|p2a: Armaldo|Armaldo, M|100\/100\n|-activate|p2a: Armaldo|move: Sticky Web\n|-unboost|p2a: Armaldo|spe|1\n|turn|12\n|\n|t:|1700595468\n|move|p1a: Basculegion|Wave Crash|p2a: Armaldo\n|-supereffective|p2a: Armaldo\n|-damage|p2a: Armaldo|0 fnt\n|-damage|p1a: Basculegion|61\/100|[from] item: Rocky Helmet|[of] p2a: Armaldo\n|faint|p2a: Armaldo\n|-damage|p1a: Basculegion|30\/100|[from] Recoil\n|\n|upkeep\n|\n|t:|1700595476\n|switch|p2a: Aurorus|Aurorus, F|100\/100\n|-activate|p2a: Aurorus|move: Sticky Web\n|-unboost|p2a: Aurorus|spe|1\n|turn|13\n|\n|t:|1700595482\n|move|p1a: Basculegion|Wave Crash|p2a: Aurorus\n|-supereffective|p2a: Aurorus\n|-damage|p2a: Aurorus|0 fnt\n|faint|p2a: Aurorus\n|-damage|p1a: Basculegion|0 fnt|[from] Recoil\n|faint|p1a: Basculegion\n|\n|upkeep\n|\n|t:|1700595490\n|switch|p1a: Toxtricity|Toxtricity, M|100\/100\n|switch|p2a: Rampardos|Rampardos, M|100\/100\n|-activate|p2a: Rampardos|move: Sticky Web\n|-unboost|p2a: Rampardos|spe|1\n|turn|14\n|\n|t:|1700595496\n|move|p1a: Toxtricity|Overdrive|p2a: Rampardos\n|-damage|p2a: Rampardos|2\/100\n|-enditem|p1a: Toxtricity|Throat Spray\n|-boost|p1a: Toxtricity|spa|1|[from] item: Throat Spray\n|move|p2a: Rampardos|Stone Edge|p1a: Toxtricity\n|-damage|p1a: Toxtricity|0 fnt\n|faint|p1a: Toxtricity\n|-damage|p2a: Rampardos|0 fnt|[from] item: Life Orb\n|faint|p2a: Rampardos\n|\n|win|Blake-Mamba\n|raw|Dipatrico's rating: 1369 &rarr; <strong>1352<\/strong><br \/>(-17 for losing)\n|raw|Blake-Mamba's rating: 1426 &rarr; <strong>1443<\/strong><br \/>(+17 for winning)\n|c|\u2606Blake-Mamba|Gg\n|l|\u2606Dipatrico\n","uploadtime":1700595512,"views":5,"p1id":"dipatrico","p2id":"blakemamba","formatid":"gen9nationaldex","rating":1352,"private":0,"password":""}