{"id":"gen9nationaldex-1991277015","p1":"BlackLotusIsBad","p2":"zjwv5","format":"[Gen 9] National Dex","log":"|j|\u2606BlackLotusIsBad\n|j|\u2606zjwv5\n|t:|1700063592\n|gametype|singles\n|player|p1|BlackLotusIsBad|drayden|1429\n|player|p2|zjwv5|red|1525\n|teamsize|p1|6\n|teamsize|p2|6\n|gen|9\n|tier|[Gen 9] National Dex\n|rated|\n|rule|HP Percentage Mod: HP is shown in percentages\n|rule|Endless Battle Clause: Forcing endless battles is banned\n|rule|OHKO Clause: OHKO moves are banned\n|rule|Evasion Clause: Evasion abilities, items, and moves are banned\n|rule|Evasion Abilities Clause: Evasion abilities are banned\n|rule|Evasion Items Clause: Evasion items are banned\n|rule|Evasion Moves Clause: Evasion moves are banned\n|rule|Species Clause: Limit one of each Pok\u00e9mon\n|rule|Sleep Clause Mod: Limit one foe put to sleep\n|clearpoke\n|poke|p1|Skeledirge, F|\n|poke|p1|Samurott-Hisui, F|\n|poke|p1|Great Tusk|\n|poke|p1|Rillaboom, M|\n|poke|p1|Tapu Koko|\n|poke|p1|Heracross, F|\n|poke|p2|Pelipper, F|\n|poke|p2|Swampert, F|\n|poke|p2|Ogerpon-Wellspring, F|\n|poke|p2|Kabutops, M|\n|poke|p2|Azumarill, F|\n|poke|p2|Barraskewda, F|\n|teampreview\n|inactive|Battle timer is ON: inactive players will automatically lose when time's up. (requested by BlackLotusIsBad)\n|inactive|BlackLotusIsBad has 120 seconds left.\n|\n|t:|1700063625\n|start\n|switch|p1a: Tapu Koko|Tapu Koko|100\/100\n|switch|p2a: Azumarill|Azumarill, F|100\/100\n|-fieldstart|move: Electric Terrain|[from] ability: Electric Surge|[of] p1a: Tapu Koko\n|turn|1\n|\n|t:|1700063636\n|move|p1a: Tapu Koko|Thunderbolt|p2a: Azumarill\n|-supereffective|p2a: Azumarill\n|-damage|p2a: Azumarill|33\/100\n|-status|p2a: Azumarill|par\n|move|p2a: Azumarill|Whirlpool|p1a: Tapu Koko\n|-damage|p1a: Tapu Koko|88\/100\n|-activate|p1a: Tapu Koko|move: Whirlpool|[of] p2a: Azumarill\n|\n|-heal|p2a: Azumarill|39\/100 par|[from] item: Leftovers\n|-damage|p1a: Tapu Koko|76\/100|[from] move: Whirlpool|[partiallytrapped]\n|upkeep\n|turn|2\n|\n|t:|1700063646\n|switch|p2a: Swampert|Swampert, F|100\/100\n|move|p1a: Tapu Koko|Thunderbolt|p2a: Swampert\n|-immune|p2a: Swampert\n|\n|-end|p1a: Tapu Koko|Whirlpool|[partiallytrapped]|[silent]\n|upkeep\n|turn|3\n|\n|t:|1700063656\n|detailschange|p2a: Swampert|Swampert-Mega, F\n|-mega|p2a: Swampert|Swampert|Swampertite\n|move|p1a: Tapu Koko|U-turn|p2a: Swampert\n|-damage|p2a: Swampert|85\/100\n|\n|t:|1700063661\n|switch|p1a: Rillaboom|Rillaboom, M|100\/100|[from] U-turn\n|-fieldstart|move: Grassy Terrain|[from] ability: Grassy Surge|[of] p1a: Rillaboom\n|move|p2a: Swampert|Flip Turn|p1a: Rillaboom\n|-resisted|p1a: Rillaboom\n|-damage|p1a: Rillaboom|80\/100\n|\n|t:|1700063667\n|switch|p2a: Azumarill|Azumarill, F|39\/100 par|[from] Flip Turn\n|\n|-heal|p1a: Rillaboom|86\/100|[from] Grassy Terrain\n|-heal|p2a: Azumarill|46\/100 par|[from] Grassy Terrain\n|-heal|p2a: Azumarill|52\/100 par|[from] item: Leftovers\n|upkeep\n|turn|4\n|\n|t:|1700063674\n|move|p1a: Rillaboom|Grassy Glide|p2a: Azumarill\n|-ability|p2a: Azumarill|Sap Sipper|boost\n|-boost|p2a: Azumarill|atk|1\n|move|p2a: Azumarill|Whirlpool|p1a: Rillaboom\n|-resisted|p1a: Rillaboom\n|-damage|p1a: Rillaboom|81\/100\n|-activate|p1a: Rillaboom|move: Whirlpool|[of] p2a: Azumarill\n|\n|-heal|p1a: Rillaboom|87\/100|[from] Grassy Terrain\n|-heal|p2a: Azumarill|58\/100 par|[from] Grassy Terrain\n|-heal|p2a: Azumarill|64\/100 par|[from] item: Leftovers\n|-damage|p1a: Rillaboom|75\/100|[from] move: Whirlpool|[partiallytrapped]\n|upkeep\n|turn|5\n|\n|t:|1700063686\n|move|p1a: Rillaboom|Grassy Glide|p2a: Azumarill\n|-ability|p2a: Azumarill|Sap Sipper|boost\n|-boost|p2a: Azumarill|atk|1\n|cant|p2a: Azumarill|par\n|\n|-heal|p1a: Rillaboom|81\/100|[from] Grassy Terrain\n|-heal|p2a: Azumarill|70\/100 par|[from] Grassy Terrain\n|-heal|p2a: Azumarill|76\/100 par|[from] item: Leftovers\n|-damage|p1a: Rillaboom|69\/100|[from] move: Whirlpool|[partiallytrapped]\n|upkeep\n|turn|6\n|\n|t:|1700063693\n|move|p1a: Rillaboom|Grassy Glide|p2a: Azumarill\n|-ability|p2a: Azumarill|Sap Sipper|boost\n|-boost|p2a: Azumarill|atk|1\n|move|p2a: Azumarill|Perish Song|p2a: Azumarill\n|-start|p1a: Rillaboom|perish3|[silent]\n|-start|p2a: Azumarill|perish3|[silent]\n|-fieldactivate|move: Perish Song\n|\n|-heal|p1a: Rillaboom|75\/100|[from] Grassy Terrain\n|-heal|p2a: Azumarill|83\/100 par|[from] Grassy Terrain\n|-heal|p2a: Azumarill|89\/100 par|[from] item: Leftovers\n|-damage|p1a: Rillaboom|62\/100|[from] move: Whirlpool|[partiallytrapped]\n|-start|p1a: Rillaboom|perish3\n|-start|p2a: Azumarill|perish3\n|upkeep\n|turn|7\n|\n|t:|1700063708\n|move|p1a: Rillaboom|Grassy Glide|p2a: Azumarill\n|-ability|p2a: Azumarill|Sap Sipper|boost\n|-boost|p2a: Azumarill|atk|1\n|move|p2a: Azumarill|Whirlpool|p1a: Rillaboom|[miss]\n|-miss|p2a: Azumarill|p1a: Rillaboom\n|\n|-heal|p1a: Rillaboom|69\/100|[from] Grassy Terrain\n|-heal|p2a: Azumarill|95\/100 par|[from] Grassy Terrain\n|-heal|p2a: Azumarill|100\/100 par|[from] item: Leftovers\n|-damage|p1a: Rillaboom|56\/100|[from] move: Whirlpool|[partiallytrapped]\n|-start|p1a: Rillaboom|perish2\n|-start|p2a: Azumarill|perish2\n|-fieldend|move: Grassy Terrain\n|upkeep\n|turn|8\n|\n|t:|1700063717\n|move|p1a: Rillaboom|Grassy Glide|p2a: Azumarill\n|-ability|p2a: Azumarill|Sap Sipper|boost\n|-boost|p2a: Azumarill|atk|1\n|move|p2a: Azumarill|Whirlpool|p1a: Rillaboom\n|-resisted|p1a: Rillaboom\n|-damage|p1a: Rillaboom|51\/100\n|\n|-damage|p1a: Rillaboom|39\/100|[from] move: Whirlpool|[partiallytrapped]\n|-start|p1a: Rillaboom|perish1\n|-start|p2a: Azumarill|perish1\n|upkeep\n|turn|9\n|\n|t:|1700063728\n|switch|p2a: Pelipper|Pelipper, F|100\/100\n|-weather|RainDance|[from] ability: Drizzle|[of] p2a: Pelipper\n|move|p1a: Rillaboom|Grassy Glide|p2a: Pelipper\n|-damage|p2a: Pelipper|67\/100\n|\n|-weather|RainDance|[upkeep]\n|-end|p1a: Rillaboom|Whirlpool|[partiallytrapped]\n|-start|p1a: Rillaboom|perish0\n|upkeep\n|faint|p1a: Rillaboom\n|\n|t:|1700063739\n|switch|p1a: Tapu Koko|Tapu Koko|76\/100\n|-fieldstart|move: Electric Terrain|[from] ability: Electric Surge|[of] p1a: Tapu Koko\n|turn|10\n|\n|t:|1700063746\n|switch|p2a: Swampert|Swampert-Mega, F|85\/100\n|move|p1a: Tapu Koko|Dazzling Gleam|p2a: Swampert\n|-damage|p2a: Swampert|56\/100\n|\n|-weather|RainDance|[upkeep]\n|upkeep\n|turn|11\n|\n|t:|1700063759\n|switch|p1a: Samurott|Samurott-Hisui, F|100\/100\n|move|p2a: Swampert|Waterfall|p1a: Samurott\n|-resisted|p1a: Samurott\n|-damage|p1a: Samurott|56\/100\n|\n|-weather|RainDance|[upkeep]\n|upkeep\n|turn|12\n|\n|t:|1700063766\n|move|p2a: Swampert|Earthquake|p1a: Samurott\n|-damage|p1a: Samurott|0 fnt\n|faint|p1a: Samurott\n|\n|-weather|RainDance|[upkeep]\n|upkeep\n|\n|t:|1700063771\n|switch|p1a: Heracross|Heracross, F|100\/100\n|turn|13\n|\n|t:|1700063778\n|detailschange|p1a: Heracross|Heracross-Mega, F\n|-mega|p1a: Heracross|Heracross|Heracronite\n|move|p2a: Swampert|Waterfall|p1a: Heracross\n|-damage|p1a: Heracross|34\/100\n|move|p1a: Heracross|Pin Missile|p2a: Swampert\n|-damage|p2a: Swampert|41\/100\n|-damage|p2a: Swampert|26\/100\n|-damage|p2a: Swampert|11\/100\n|-damage|p2a: Swampert|0 fnt\n|faint|p2a: Swampert\n|-hitcount|p2: Swampert|4\n|\n|-weather|RainDance|[upkeep]\n|upkeep\n|\n|t:|1700063789\n|switch|p2a: Barraskewda|Barraskewda, F|100\/100\n|turn|14\n|\n|t:|1700063798\n|-terastallize|p2a: Barraskewda|Water\n|move|p2a: Barraskewda|Liquidation|p1a: Heracross\n|-damage|p1a: Heracross|0 fnt\n|faint|p1a: Heracross\n|\n|-weather|RainDance|[upkeep]\n|-fieldend|move: Electric Terrain\n|upkeep\n|\n|t:|1700063805\n|switch|p1a: Great Tusk|Great Tusk|100\/100\n|turn|15\n|\n|t:|1700063813\n|-terastallize|p1a: Great Tusk|Steel\n|move|p2a: Barraskewda|Liquidation|p1a: Great Tusk\n|-damage|p1a: Great Tusk|6\/100\n|move|p1a: Great Tusk|Earthquake|p2a: Barraskewda\n|-crit|p2a: Barraskewda\n|-damage|p2a: Barraskewda|0 fnt\n|faint|p2a: Barraskewda\n|\n|-weather|RainDance|[upkeep]\n|-heal|p1a: Great Tusk|12\/100|[from] item: Leftovers\n|upkeep\n|\n|t:|1700063824\n|switch|p2a: Kabutops|Kabutops, M|100\/100\n|turn|16\n|\n|t:|1700063829\n|move|p2a: Kabutops|Flip Turn|p1a: Great Tusk\n|-damage|p1a: Great Tusk|0 fnt\n|faint|p1a: Great Tusk\n|-end|p1a: Great Tusk|Protosynthesis|[silent]\n|\n|t:|1700063837\n|switch|p2a: Ogerpon|Ogerpon-Wellspring, F|100\/100|[from] Flip Turn\n|\n|-weather|none\n|upkeep\n|\n|t:|1700063846\n|switch|p1a: Tapu Koko|Tapu Koko|76\/100\n|-fieldstart|move: Electric Terrain|[from] ability: Electric Surge|[of] p1a: Tapu Koko\n|turn|17\n|\n|t:|1700063855\n|move|p1a: Tapu Koko|Thunderbolt|p2a: Ogerpon\n|-damage|p2a: Ogerpon|43\/100\n|move|p2a: Ogerpon|Ivy Cudgel|p1a: Tapu Koko|[anim] Ivy Cudgel Water\n|-damage|p1a: Tapu Koko|0 fnt\n|faint|p1a: Tapu Koko\n|\n|upkeep\n|\n|t:|1700063860\n|switch|p1a: Skeledirge|Skeledirge, F|100\/100\n|turn|18\n|\n|t:|1700063866\n|move|p2a: Ogerpon|Ivy Cudgel|p1a: Skeledirge|[anim] Ivy Cudgel Water\n|-supereffective|p1a: Skeledirge\n|-damage|p1a: Skeledirge|26\/100\n|move|p1a: Skeledirge|Will-O-Wisp|p2a: Ogerpon\n|-status|p2a: Ogerpon|brn\n|\n|-damage|p2a: Ogerpon|37\/100 brn|[from] brn\n|upkeep\n|turn|19\n|\n|t:|1700063872\n|move|p2a: Ogerpon|Ivy Cudgel|p1a: Skeledirge|[anim] Ivy Cudgel Water\n|-supereffective|p1a: Skeledirge\n|-damage|p1a: Skeledirge|0 fnt\n|faint|p1a: Skeledirge\n|\n|win|zjwv5\n|raw|BlackLotusIsBad's rating: 1429 &rarr; <strong>1414<\/strong><br \/>(-15 for losing)\n|raw|zjwv5's rating: 1525 &rarr; <strong>1540<\/strong><br \/>(+15 for winning)\n|l|\u2606BlackLotusIsBad\n","uploadtime":1700063902,"views":12,"p1id":"blacklotusisbad","p2id":"zjwv5","formatid":"gen9nationaldex","rating":1414,"private":0,"password":""}