{"id":"gen9nationaldex-1999767249","p1":"im just bad ight?","p2":"Artemuuus","format":"[Gen 9] National Dex","log":"|html|<div class=\"broadcast-blue\"><strong>[Gen 9] National Dex is currently suspecting Sneasler! For information on how to participate check out the <a href=\"https:\/\/www.smogon.com\/forums\/threads\/sv-national-dex-suspect-8-just-dance.3731534\/\">suspect thread<\/a>.<\/strong><\/div>\n|j|\u2606im just bad ight?\n|j|\u2606Artemuuus\n|t:|1701114846\n|gametype|singles\n|player|p1|im just bad ight?|cress|1127\n|player|p2|Artemuuus|ryuki|1168\n|teamsize|p1|6\n|teamsize|p2|6\n|gen|9\n|tier|[Gen 9] National Dex\n|rated|\n|rule|HP Percentage Mod: HP is shown in percentages\n|rule|Endless Battle Clause: Forcing endless battles is banned\n|rule|OHKO Clause: OHKO moves are banned\n|rule|Evasion Clause: Evasion abilities, items, and moves are banned\n|rule|Evasion Abilities Clause: Evasion abilities are banned\n|rule|Evasion Items Clause: Evasion items are banned\n|rule|Evasion Moves Clause: Evasion moves are banned\n|rule|Species Clause: Limit one of each Pok\u00e9mon\n|rule|Sleep Clause Mod: Limit one foe put to sleep\n|clearpoke\n|poke|p1|Rotom-Frost|\n|poke|p1|Toxtricity-Low-Key, F|\n|poke|p1|Iron Hands|\n|poke|p1|Dracozolt|\n|poke|p1|Zeraora|\n|poke|p1|Galvantula, F|\n|poke|p2|Ferrothorn, F|\n|poke|p2|Slowking-Galar, M|\n|poke|p2|Beedrill, F|\n|poke|p2|Corviknight, F|\n|poke|p2|Ursaluna, F|\n|poke|p2|Keldeo-Resolute|\n|teampreview\n|inactive|Battle timer is ON: inactive players will automatically lose when time's up. (requested by Artemuuus)\n|\n|t:|1701114866\n|start\n|switch|p1a: Spydar|Galvantula, F|100\/100\n|switch|p2a: Beedrill|Beedrill, F|100\/100\n|turn|1\n|\n|t:|1701114875\n|detailschange|p2a: Beedrill|Beedrill-Mega, F\n|-mega|p2a: Beedrill|Beedrill|Beedrillite\n|move|p2a: Beedrill|Poison Jab|p1a: Spydar\n|-enditem|p1a: Spydar|Focus Sash\n|-damage|p1a: Spydar|1\/100\n|move|p1a: Spydar|Thunder Wave|p2a: Beedrill\n|-status|p2a: Beedrill|par\n|\n|upkeep\n|turn|2\n|\n|t:|1701114880\n|move|p1a: Spydar|Sticky Web|p2a: Beedrill\n|-sidestart|p2: Artemuuus|move: Sticky Web\n|cant|p2a: Beedrill|par\n|\n|upkeep\n|turn|3\n|\n|t:|1701114883\n|move|p1a: Spydar|Thunder|p2a: Beedrill|[miss]\n|-miss|p1a: Spydar|p2a: Beedrill\n|move|p2a: Beedrill|Fell Stinger|p1a: Spydar\n|-damage|p1a: Spydar|0 fnt\n|faint|p1a: Spydar\n|-boost|p2a: Beedrill|atk|3\n|\n|upkeep\n|\n|t:|1701114895\n|switch|p1a: Thunderbird|Dracozolt|100\/100\n|turn|4\n|c|\u2606Artemuuus|thank goodness u got haxed 2\n|\n|t:|1701114900\n|move|p1a: Thunderbird|Bolt Beak|p2a: Beedrill\n|-damage|p2a: Beedrill|0 fnt\n|faint|p2a: Beedrill\n|\n|upkeep\n|\n|t:|1701114903\n|switch|p2a: Corviknight|Corviknight, F|100\/100\n|-ability|p2a: Corviknight|Pressure\n|turn|5\n|c|\u2606im just bad ight?|yeh XD\n|\n|t:|1701114910\n|-terastallize|p2a: Corviknight|Dragon\n|move|p1a: Thunderbird|Bolt Beak|p2a: Corviknight\n|-resisted|p2a: Corviknight\n|-damage|p2a: Corviknight|56\/100\n|-damage|p1a: Thunderbird|84\/100|[from] item: Rocky Helmet|[of] p2a: Corviknight\n|move|p2a: Corviknight|Defog|p1a: Thunderbird\n|-unboost|p1a: Thunderbird|evasion|1\n|-sideend|p2: Artemuuus|Sticky Web|[from] move: Defog|[of] p2a: Corviknight\n|\n|upkeep\n|turn|6\n|\n|t:|1701114921\n|switch|p1a: Bulkfist|Iron Hands|100\/100\n|move|p2a: Corviknight|U-turn|p1a: Bulkfist\n|-resisted|p1a: Bulkfist\n|-damage|p1a: Bulkfist|96\/100\n|\n|t:|1701114927\n|switch|p2a: Ursaluna|Ursaluna, F|100\/100|[from] U-turn\n|\n|-status|p2a: Ursaluna|brn|[from] item: Flame Orb\n|upkeep\n|turn|7\n|\n|t:|1701114932\n|switch|p2a: Slowking|Slowking-Galar, M|100\/100\n|move|p1a: Bulkfist|Drain Punch|p2a: Slowking\n|-resisted|p2a: Slowking\n|-damage|p2a: Slowking|92\/100\n|-heal|p1a: Bulkfist|99\/100|[from] drain|[of] p2a: Slowking\n|\n|upkeep\n|turn|8\n|\n|t:|1701114943\n|-end|p1a: Bulkfist|Quark Drive|[silent]\n|switch|p1a: Refreezirator|Rotom-Frost|100\/100\n|move|p2a: Slowking|Future Sight|p1a: Refreezirator\n|-start|p2a: Slowking|move: Future Sight\n|\n|upkeep\n|turn|9\n|\n|t:|1701114949\n|move|p1a: Refreezirator|Nasty Plot|p1a: Refreezirator\n|-boost|p1a: Refreezirator|spa|2\n|move|p2a: Slowking|Sludge Bomb|p1a: Refreezirator\n|-damage|p1a: Refreezirator|57\/100\n|\n|-heal|p1a: Refreezirator|63\/100|[from] item: Leftovers\n|upkeep\n|turn|10\n|\n|t:|1701114957\n|move|p1a: Refreezirator|Blizzard|p2a: Slowking\n|-damage|p2a: Slowking|17\/100\n|-status|p2a: Slowking|frz\n|cant|p2a: Slowking|frz\n|\n|-end|p1a: Refreezirator|move: Future Sight\n|-damage|p1a: Refreezirator|4\/100\n|-heal|p1a: Refreezirator|10\/100|[from] item: Leftovers\n|upkeep\n|turn|11\n|\n|t:|1701114967\n|switch|p2a: Am i Annoying|Ferrothorn, F|100\/100\n|move|p1a: Refreezirator|Thunderbolt|p2a: Am i Annoying\n|-resisted|p2a: Am i Annoying\n|-damage|p2a: Am i Annoying|73\/100\n|\n|-heal|p1a: Refreezirator|16\/100|[from] item: Leftovers\n|-heal|p2a: Am i Annoying|79\/100|[from] item: Leftovers\n|upkeep\n|turn|12\n|\n|t:|1701114976\n|move|p1a: Refreezirator|Blizzard|p2a: Am i Annoying\n|-damage|p2a: Am i Annoying|10\/100\n|move|p2a: Am i Annoying|Knock Off|p1a: Refreezirator\n|-damage|p1a: Refreezirator|0 fnt\n|-enditem|p1a: Refreezirator|Leftovers|[from] move: Knock Off|[of] p2a: Am i Annoying\n|faint|p1a: Refreezirator\n|\n|-heal|p2a: Am i Annoying|16\/100|[from] item: Leftovers\n|upkeep\n|c|\u2606Artemuuus|bro the refigerator almost swpt\n|\n|t:|1701115000\n|switch|p1a: Gigahertz|Toxtricity-Low-Key, F|100\/100\n|turn|13\n|\n|t:|1701115007\n|move|p2a: Am i Annoying|Protect|p2a: Am i Annoying\n|-singleturn|p2a: Am i Annoying|Protect\n|move|p1a: Gigahertz|Boomburst|p2a: Am i Annoying\n|-activate|p2a: Am i Annoying|move: Protect\n|\n|-heal|p2a: Am i Annoying|22\/100|[from] item: Leftovers\n|upkeep\n|turn|14\n|\n|t:|1701115014\n|move|p1a: Gigahertz|Boomburst|p2a: Am i Annoying\n|-resisted|p2a: Am i Annoying\n|-damage|p2a: Am i Annoying|0 fnt\n|faint|p2a: Am i Annoying\n|\n|upkeep\n|c|\u2606im just bad ight?|yeh ik, should have NP against the slowking\n|c|\u2606Artemuuus|also nice mono electric\n|c|\u2606im just bad ight?|thank you\n|c|\u2606Artemuuus|also u should try throat spray on toxricity\n|inactive|Artemuuus has 120 seconds left.\n|\n|t:|1701115045\n|switch|p2a: Ursaluna|Ursaluna, F|100\/100 brn\n|turn|15\n|c|\u2606im just bad ight?|.. right i forgot that item XD\n|\n|t:|1701115053\n|move|p1a: Gigahertz|Boomburst|p2a: Ursaluna\n|-damage|p2a: Ursaluna|22\/100 brn\n|move|p2a: Ursaluna|Earthquake|p1a: Gigahertz\n|-supereffective|p1a: Gigahertz\n|-damage|p1a: Gigahertz|0 fnt\n|faint|p1a: Gigahertz\n|\n|-damage|p2a: Ursaluna|16\/100 brn|[from] brn\n|upkeep\n|\n|t:|1701115061\n|switch|p1a: Overclock|Zeraora|100\/100\n|turn|16\n|\n|t:|1701115067\n|switch|p2a: Slowking|Slowking-Galar, M|50\/100 frz\n|move|p1a: Overclock|Close Combat|p2a: Slowking\n|-resisted|p2a: Slowking\n|-damage|p2a: Slowking|40\/100 frz\n|-unboost|p1a: Overclock|def|1\n|-unboost|p1a: Overclock|spd|1\n|-damage|p1a: Overclock|91\/100|[from] item: Life Orb\n|\n|upkeep\n|turn|17\n|\n|t:|1701115075\n|move|p1a: Overclock|Bulk Up|p1a: Overclock\n|-boost|p1a: Overclock|atk|1\n|-boost|p1a: Overclock|def|1\n|cant|p2a: Slowking|frz\n|\n|upkeep\n|turn|18\n|\n|t:|1701115080\n|move|p1a: Overclock|Bulk Up|p1a: Overclock\n|-boost|p1a: Overclock|atk|1\n|-boost|p1a: Overclock|def|1\n|cant|p2a: Slowking|frz\n|\n|upkeep\n|turn|19\n|c|\u2606Artemuuus|THE HAXXXXX\n|\n|t:|1701115089\n|move|p1a: Overclock|Blaze Kick|p2a: Slowking|[miss]\n|-miss|p1a: Overclock|p2a: Slowking\n|cant|p2a: Slowking|frz\n|\n|upkeep\n|turn|20\n|c|\u2606Artemuuus|NAHHHHHHHHHHHHHHHHHHHHHHHHHHHHHHHHHHHHHHHHHHHHHHHHHHHHHHHHHHHHHHHHHHHHHHHHHHHHHHHHHHHHHHHHHHHHHH\n|c|\u2606im just bad ight?|oh i missed right after lol\n|c|\u2606Artemuuus|Its been 4 turns\n|\n|t:|1701115109\n|switch|p2a: Ursaluna|Ursaluna, F|16\/100 brn\n|move|p1a: Overclock|Plasma Fists|p2a: Ursaluna\n|-immune|p2a: Ursaluna\n|\n|-damage|p2a: Ursaluna|9\/100 brn|[from] brn\n|upkeep\n|turn|21\n|c|\u2606im just bad ight?|well.. 10% per turn\n|\n|t:|1701115119\n|switch|p2a: Slowking|Slowking-Galar, M|73\/100 frz\n|move|p1a: Overclock|Blaze Kick|p2a: Slowking\n|-damage|p2a: Slowking|11\/100 frz\n|-curestatus|p2a: Slowking|frz|[msg]\n|-damage|p1a: Overclock|81\/100|[from] item: Life Orb\n|\n|upkeep\n|turn|22\n|c|\u2606im just bad ight?|there ya go XD\n|\n|t:|1701115131\n|switch|p2a: Ursaluna|Ursaluna, F|9\/100 brn\n|move|p1a: Overclock|Blaze Kick|p2a: Ursaluna\n|-crit|p2a: Ursaluna\n|-damage|p2a: Ursaluna|0 fnt\n|faint|p2a: Ursaluna\n|-damage|p1a: Overclock|71\/100|[from] item: Life Orb\n|\n|upkeep\n|\n|t:|1701115136\n|switch|p2a: Slowking|Slowking-Galar, M|44\/100\n|turn|23\n|\n|t:|1701115145\n|switch|p2a: Corviknight|Corviknight, F, tera:Dragon|56\/100\n|-ability|p2a: Corviknight|Pressure\n|move|p1a: Overclock|Plasma Fists|p2a: Corviknight\n|-resisted|p2a: Corviknight\n|-damage|p2a: Corviknight|9\/100\n|-fieldactivate|move: Ion Deluge\n|-hint|Normal-type moves become Electric-type after using Plasma Fists.\n|-damage|p1a: Overclock|55\/100|[from] item: Rocky Helmet|[of] p2a: Corviknight\n|-damage|p1a: Overclock|45\/100|[from] item: Life Orb\n|\n|upkeep\n|turn|24\n|\n|t:|1701115157\n|move|p1a: Overclock|Plasma Fists|p2a: Corviknight\n|-resisted|p2a: Corviknight\n|-damage|p2a: Corviknight|0 fnt\n|-fieldactivate|move: Ion Deluge\n|-hint|Normal-type moves become Electric-type after using Plasma Fists.\n|-damage|p1a: Overclock|29\/100|[from] item: Rocky Helmet|[of] p2a: Corviknight\n|faint|p2a: Corviknight\n|-damage|p1a: Overclock|19\/100|[from] item: Life Orb\n|\n|upkeep\n|\n|t:|1701115167\n|switch|p2a: Slowking|Slowking-Galar, M|78\/100\n|turn|25\n|c|\u2606im just bad ight?|hey recomendation: try melmetal on a trick room team\n|\n|t:|1701115177\n|move|p1a: Overclock|Plasma Fists|p2a: Slowking\n|-damage|p2a: Slowking|0 fnt\n|-fieldactivate|move: Ion Deluge\n|-hint|Normal-type moves become Electric-type after using Plasma Fists.\n|faint|p2a: Slowking\n|-damage|p1a: Overclock|9\/100|[from] item: Life Orb\n|\n|upkeep\n|\n|t:|1701115184\n|switch|p2a: Keldeo|Keldeo-Resolute|100\/100\n|turn|26\n|\n|t:|1701115187\n|move|p1a: Overclock|Plasma Fists|p2a: Keldeo\n|-supereffective|p2a: Keldeo\n|-damage|p2a: Keldeo|0 fnt\n|-fieldactivate|move: Ion Deluge\n|-hint|Normal-type moves become Electric-type after using Plasma Fists.\n|faint|p2a: Keldeo\n|-damage|p1a: Overclock|0 fnt|[from] item: Life Orb\n|faint|p1a: Overclock\n|\n|win|im just bad ight?\n|raw|im just bad ight?'s rating: 1127 &rarr; <strong>1155<\/strong><br \/>(+28 for winning)\n|raw|Artemuuus's rating: 1168 &rarr; <strong>1140<\/strong><br \/>(-28 for losing)\n|c|\u2606Artemuuus|gg\n|c|\u2606im just bad ight?|ggs\n|l|\u2606Artemuuus\n","uploadtime":1701115200,"views":5,"p1id":"imjustbadight","p2id":"artemuuus","formatid":"gen9nationaldex","rating":1140,"private":0,"password":""}