{"id":"gen9nationaldex-1987435613","p1":"TSL Luizao","p2":"socoolsoda","format":"[Gen 9] National Dex","log":"|j|\u2606TSL Luizao\n|j|\u2606socoolsoda\n|t:|1699591180\n|gametype|singles\n|player|p1|TSL Luizao|169|1111\n|player|p2|socoolsoda|roxie|1031\n|teamsize|p1|6\n|teamsize|p2|6\n|gen|9\n|tier|[Gen 9] National Dex\n|rated|\n|rule|HP Percentage Mod: HP is shown in percentages\n|rule|Endless Battle Clause: Forcing endless battles is banned\n|rule|OHKO Clause: OHKO moves are banned\n|rule|Evasion Clause: Evasion abilities, items, and moves are banned\n|rule|Evasion Abilities Clause: Evasion abilities are banned\n|rule|Evasion Items Clause: Evasion items are banned\n|rule|Evasion Moves Clause: Evasion moves are banned\n|rule|Species Clause: Limit one of each Pok\u00e9mon\n|rule|Sleep Clause Mod: Limit one foe put to sleep\n|clearpoke\n|poke|p1|Scizor, M|\n|poke|p1|Garchomp, F|\n|poke|p1|Tornadus-Therian, M|\n|poke|p1|Cinderace, F|\n|poke|p1|Rotom-Wash|\n|poke|p1|Slowbro-Galar, M|\n|poke|p2|Skeledirge, M|\n|poke|p2|Rotom-Wash|\n|poke|p2|Ferrothorn, F|\n|poke|p2|Hatterene, F|\n|poke|p2|Lopunny, F|\n|poke|p2|Ting-Lu|\n|teampreview\n|\n|t:|1699591197\n|start\n|switch|p1a: Garchomp|Garchomp, F|100\/100\n|switch|p2a: Ferrothorn|Ferrothorn, F|100\/100\n|turn|1\n|inactive|Battle timer is ON: inactive players will automatically lose when time's up. (requested by TSL Luizao)\n|\n|t:|1699591224\n|move|p1a: Garchomp|Swords Dance|p1a: Garchomp\n|-boost|p1a: Garchomp|atk|2\n|move|p2a: Ferrothorn|Stealth Rock|p1a: Garchomp\n|-sidestart|p1: TSL Luizao|move: Stealth Rock\n|\n|upkeep\n|turn|2\n|\n|t:|1699591235\n|move|p1a: Garchomp|Earthquake|p2a: Ferrothorn\n|-damage|p2a: Ferrothorn|35\/100\n|move|p2a: Ferrothorn|Leech Seed|p1a: Garchomp\n|-start|p1a: Garchomp|move: Leech Seed\n|\n|-heal|p2a: Ferrothorn|42\/100|[from] item: Leftovers\n|-damage|p1a: Garchomp|88\/100|[from] Leech Seed|[of] p2a: Ferrothorn\n|-heal|p2a: Ferrothorn|54\/100|[silent]\n|upkeep\n|turn|3\n|\n|t:|1699591244\n|switch|p2a: Rotom|Rotom-Wash|100\/100\n|move|p1a: Garchomp|Stealth Rock|p2a: Rotom\n|-sidestart|p2: socoolsoda|move: Stealth Rock\n|\n|-damage|p1a: Garchomp|76\/100|[from] Leech Seed|[of] p2a: Rotom\n|upkeep\n|turn|4\n|\n|t:|1699591256\n|switch|p1a: Slowbro|Slowbro-Galar, M|100\/100\n|-damage|p1a: Slowbro|88\/100|[from] Stealth Rock\n|move|p2a: Rotom|Volt Switch|p1a: Slowbro\n|-damage|p1a: Slowbro|71\/100\n|\n|t:|1699591264\n|switch|p2a: Ferrothorn|Ferrothorn, F|54\/100|[from] Volt Switch\n|-damage|p2a: Ferrothorn|48\/100|[from] Stealth Rock\n|\n|-heal|p2a: Ferrothorn|54\/100|[from] item: Leftovers\n|upkeep\n|turn|5\n|\n|t:|1699591269\n|move|p1a: Slowbro|Flamethrower|p2a: Ferrothorn\n|-supereffective|p2a: Ferrothorn\n|-damage|p2a: Ferrothorn|0 fnt\n|faint|p2a: Ferrothorn\n|\n|upkeep\n|\n|t:|1699591276\n|switch|p2a: Ting-Lu|Ting-Lu|100\/100\n|-damage|p2a: Ting-Lu|94\/100|[from] Stealth Rock\n|-ability|p2a: Ting-Lu|Vessel of Ruin\n|turn|6\n|\n|t:|1699591285\n|switch|p1a: Rotom|Rotom-Wash|100\/100\n|-damage|p1a: Rotom|88\/100|[from] Stealth Rock\n|move|p2a: Ting-Lu|Earthquake|p1a: Rotom\n|-immune|p1a: Rotom|[from] ability: Levitate\n|\n|-heal|p2a: Ting-Lu|100\/100|[from] item: Leftovers\n|upkeep\n|turn|7\n|\n|t:|1699591296\n|move|p1a: Rotom|Trick|p2a: Ting-Lu\n|-activate|p1a: Rotom|move: Trick|[of] p2a: Ting-Lu\n|-item|p2a: Ting-Lu|Choice Scarf|[from] move: Trick\n|-item|p1a: Rotom|Leftovers|[from] move: Trick\n|move|p2a: Ting-Lu|Stone Edge|p1a: Rotom\n|-damage|p1a: Rotom|51\/100\n|\n|-heal|p1a: Rotom|57\/100|[from] item: Leftovers\n|upkeep\n|turn|8\n|\n|t:|1699591304\n|move|p1a: Rotom|Pain Split|p2a: Ting-Lu\n|-sethp|p2a: Ting-Lu|64\/100|[from] move: Pain Split|[silent]\n|-sethp|p1a: Rotom|100\/100|[from] move: Pain Split\n|move|p2a: Ting-Lu|Stone Edge|p1a: Rotom\n|-damage|p1a: Rotom|61\/100\n|\n|-heal|p1a: Rotom|67\/100|[from] item: Leftovers\n|upkeep\n|turn|9\n|\n|t:|1699591311\n|switch|p2a: Rotom|Rotom-Wash|100\/100\n|-damage|p2a: Rotom|88\/100|[from] Stealth Rock\n|move|p1a: Rotom|Will-O-Wisp|p2a: Rotom\n|-status|p2a: Rotom|brn\n|\n|-heal|p1a: Rotom|73\/100|[from] item: Leftovers\n|-heal|p2a: Rotom|94\/100 brn|[from] item: Leftovers\n|-damage|p2a: Rotom|88\/100 brn|[from] brn\n|upkeep\n|turn|10\n|\n|t:|1699591321\n|move|p1a: Rotom|Volt Switch|p2a: Rotom\n|-damage|p2a: Rotom|54\/100 brn\n|\n|t:|1699591325\n|switch|p1a: Garchomp|Garchomp, F|76\/100|[from] Volt Switch\n|-damage|p1a: Garchomp|70\/100|[from] Stealth Rock\n|move|p2a: Rotom|Will-O-Wisp|p1a: Garchomp|[miss]\n|-miss|p2a: Rotom|p1a: Garchomp\n|\n|-heal|p2a: Rotom|60\/100 brn|[from] item: Leftovers\n|-damage|p2a: Rotom|54\/100 brn|[from] brn\n|upkeep\n|turn|11\n|\n|t:|1699591336\n|move|p2a: Rotom|Protect|p2a: Rotom\n|-singleturn|p2a: Rotom|Protect\n|-zpower|p1a: Garchomp\n|move|p1a: Garchomp|Continental Crush|p2a: Rotom|[zeffect]\n|-zbroken|p2a: Rotom\n|-damage|p2a: Rotom|42\/100 brn\n|\n|-heal|p2a: Rotom|49\/100 brn|[from] item: Leftovers\n|-damage|p2a: Rotom|42\/100 brn|[from] brn\n|upkeep\n|turn|12\n|\n|t:|1699591349\n|move|p1a: Garchomp|Stone Edge|p2a: Rotom\n|-damage|p2a: Rotom|16\/100 brn\n|move|p2a: Rotom|Volt Switch|p1a: Garchomp\n|-immune|p1a: Garchomp\n|\n|-heal|p2a: Rotom|22\/100 brn|[from] item: Leftovers\n|-damage|p2a: Rotom|16\/100 brn|[from] brn\n|upkeep\n|turn|13\n|\n|t:|1699591365\n|switch|p2a: Hatterene|Hatterene, F|100\/100\n|-damage|p2a: Hatterene|88\/100|[from] Stealth Rock\n|move|p1a: Garchomp|Stone Edge|p2a: Hatterene|[miss]\n|-miss|p1a: Garchomp|p2a: Hatterene\n|\n|-heal|p2a: Hatterene|94\/100|[from] item: Leftovers\n|upkeep\n|turn|14\n|\n|t:|1699591380\n|switch|p1a: Slowbro|Slowbro-Galar, M|100\/100\n|-damage|p1a: Slowbro|88\/100|[from] Stealth Rock\n|move|p2a: Hatterene|Draining Kiss|p1a: Slowbro\n|-resisted|p1a: Slowbro\n|-damage|p1a: Slowbro|80\/100\n|-heal|p2a: Hatterene|100\/100|[from] drain|[of] p1a: Slowbro\n|\n|upkeep\n|turn|15\n|\n|t:|1699591398\n|move|p2a: Hatterene|Mystical Fire|p1a: Slowbro\n|-damage|p1a: Slowbro|66\/100\n|-unboost|p1a: Slowbro|spa|1\n|move|p1a: Slowbro|Shell Side Arm|p2a: Hatterene|[anim] Shell Side Arm Physical\n|-supereffective|p2a: Hatterene\n|-crit|p2a: Hatterene\n|-damage|p2a: Hatterene|31\/100\n|-hint|Physical Shell Side Arm\n|\n|-heal|p2a: Hatterene|37\/100|[from] item: Leftovers\n|upkeep\n|turn|16\n|\n|t:|1699591418\n|switch|p2a: Rotom|Rotom-Wash|16\/100 brn\n|-damage|p2a: Rotom|3\/100 brn|[from] Stealth Rock\n|move|p1a: Slowbro|Shell Side Arm|p2a: Rotom|[anim] Shell Side Arm Physical\n|-damage|p2a: Rotom|0 fnt\n|-hint|Physical Shell Side Arm\n|faint|p2a: Rotom\n|\n|upkeep\n|\n|t:|1699591431\n|switch|p2a: Lopunny|Lopunny, F|100\/100\n|-damage|p2a: Lopunny|88\/100|[from] Stealth Rock\n|turn|17\n|\n|t:|1699591435\n|switch|p1a: Garchomp|Garchomp, F|70\/100\n|-damage|p1a: Garchomp|64\/100|[from] Stealth Rock\n|detailschange|p2a: Lopunny|Lopunny-Mega, F\n|-mega|p2a: Lopunny|Lopunny|Lopunnite\n|move|p2a: Lopunny|Fake Out|p1a: Garchomp\n|-damage|p1a: Garchomp|41\/100\n|-damage|p2a: Lopunny|76\/100|[from] ability: Rough Skin|[of] p1a: Garchomp\n|\n|upkeep\n|turn|18\n|\n|t:|1699591455\n|move|p2a: Lopunny|Close Combat|p1a: Garchomp\n|-damage|p1a: Garchomp|0 fnt\n|-unboost|p2a: Lopunny|def|1\n|-unboost|p2a: Lopunny|spd|1\n|-damage|p2a: Lopunny|64\/100|[from] ability: Rough Skin|[of] p1a: Garchomp\n|faint|p1a: Garchomp\n|\n|upkeep\n|\n|t:|1699591470\n|switch|p1a: Slowbro|Slowbro-Galar, M|99\/100\n|-damage|p1a: Slowbro|87\/100|[from] Stealth Rock\n|turn|19\n|\n|t:|1699591477\n|switch|p2a: Ting-Lu|Ting-Lu|64\/100\n|-damage|p2a: Ting-Lu|58\/100|[from] Stealth Rock\n|-ability|p2a: Ting-Lu|Vessel of Ruin\n|move|p1a: Slowbro|Psyshock|p2a: Ting-Lu\n|-immune|p2a: Ting-Lu\n|\n|upkeep\n|turn|20\n|\n|t:|1699591491\n|switch|p1a: Rotom|Rotom-Wash|73\/100\n|-damage|p1a: Rotom|61\/100|[from] Stealth Rock\n|move|p2a: Ting-Lu|Stone Edge|p1a: Rotom\n|-damage|p1a: Rotom|20\/100\n|\n|-heal|p1a: Rotom|26\/100|[from] item: Leftovers\n|upkeep\n|turn|21\n|\n|t:|1699591499\n|move|p1a: Rotom|Pain Split|p2a: Ting-Lu\n|-sethp|p2a: Ting-Lu|36\/100|[from] move: Pain Split|[silent]\n|-sethp|p1a: Rotom|71\/100|[from] move: Pain Split\n|move|p2a: Ting-Lu|Stone Edge|p1a: Rotom|[miss]\n|-miss|p2a: Ting-Lu|p1a: Rotom\n|\n|-heal|p1a: Rotom|78\/100|[from] item: Leftovers\n|upkeep\n|turn|22\n|\n|t:|1699591508\n|move|p1a: Rotom|Will-O-Wisp|p2a: Ting-Lu|[miss]\n|-miss|p1a: Rotom|p2a: Ting-Lu\n|move|p2a: Ting-Lu|Stone Edge|p1a: Rotom|[miss]\n|-miss|p2a: Ting-Lu|p1a: Rotom\n|\n|-heal|p1a: Rotom|84\/100|[from] item: Leftovers\n|upkeep\n|turn|23\n|\n|t:|1699591515\n|move|p1a: Rotom|Will-O-Wisp|p2a: Ting-Lu\n|-status|p2a: Ting-Lu|brn\n|move|p2a: Ting-Lu|Stone Edge|p1a: Rotom|[miss]\n|-miss|p2a: Ting-Lu|p1a: Rotom\n|\n|-heal|p1a: Rotom|90\/100|[from] item: Leftovers\n|-damage|p2a: Ting-Lu|30\/100 brn|[from] brn\n|upkeep\n|turn|24\n|\n|t:|1699591524\n|switch|p1a: Scizor|Scizor, M|100\/100\n|-damage|p1a: Scizor|88\/100|[from] Stealth Rock\n|move|p2a: Ting-Lu|Stone Edge|p1a: Scizor\n|-damage|p1a: Scizor|79\/100\n|\n|-damage|p2a: Ting-Lu|23\/100 brn|[from] brn\n|upkeep\n|turn|25\n|\n|t:|1699591535\n|switch|p2a: Hatterene|Hatterene, F|37\/100\n|-damage|p2a: Hatterene|24\/100|[from] Stealth Rock\n|detailschange|p1a: Scizor|Scizor-Mega, M\n|-mega|p1a: Scizor|Scizor|Scizorite\n|move|p1a: Scizor|Swords Dance|p1a: Scizor\n|-boost|p1a: Scizor|atk|2\n|\n|-heal|p2a: Hatterene|30\/100|[from] item: Leftovers\n|upkeep\n|turn|26\n|\n|t:|1699591543\n|move|p1a: Scizor|Bullet Punch|p2a: Hatterene\n|-supereffective|p2a: Hatterene\n|-damage|p2a: Hatterene|0 fnt\n|faint|p2a: Hatterene\n|\n|upkeep\n|\n|t:|1699591547\n|switch|p2a: Skeledirge|Skeledirge, M|100\/100\n|turn|27\n|\n|t:|1699591569\n|switch|p1a: Tornadus|Tornadus-Therian, M|100\/100\n|-terastallize|p2a: Skeledirge|Fairy\n|move|p2a: Skeledirge|Will-O-Wisp|p1a: Tornadus\n|-status|p1a: Tornadus|brn\n|\n|-damage|p1a: Tornadus|94\/100 brn|[from] brn\n|upkeep\n|turn|28\n|\n|t:|1699591584\n|move|p1a: Tornadus|U-turn|p2a: Skeledirge\n|-resisted|p2a: Skeledirge\n|-damage|p2a: Skeledirge|98\/100\n|\n|t:|1699591587\n|switch|p1a: Cinderace|Cinderace, F|100\/100|[from] U-turn\n|move|p2a: Skeledirge|Hex|p1a: Cinderace\n|-damage|p1a: Cinderace|67\/100\n|\n|upkeep\n|turn|29\n|\n|t:|1699591597\n|switch|p2a: Ting-Lu|Ting-Lu|23\/100 brn\n|-damage|p2a: Ting-Lu|17\/100 brn|[from] Stealth Rock\n|-ability|p2a: Ting-Lu|Vessel of Ruin\n|move|p1a: Cinderace|Iron Head|p2a: Ting-Lu\n|-start|p1a: Cinderace|typechange|Steel|[from] ability: Libero\n|-damage|p2a: Ting-Lu|0 fnt\n|faint|p2a: Ting-Lu\n|\n|upkeep\n|\n|t:|1699591601\n|switch|p2a: Lopunny|Lopunny-Mega, F|64\/100\n|-damage|p2a: Lopunny|58\/100|[from] Stealth Rock\n|turn|30\n|\n|t:|1699591616\n|switch|p1a: Slowbro|Slowbro-Galar, M|100\/100\n|-damage|p1a: Slowbro|88\/100|[from] Stealth Rock\n|move|p2a: Lopunny|Close Combat|p1a: Slowbro\n|-resisted|p1a: Slowbro\n|-damage|p1a: Slowbro|77\/100\n|-unboost|p2a: Lopunny|def|1\n|-unboost|p2a: Lopunny|spd|1\n|\n|upkeep\n|turn|31\n|\n|t:|1699591626\n|switch|p2a: Skeledirge|Skeledirge, M, tera:Fairy|98\/100\n|move|p1a: Slowbro|Shell Side Arm|p2a: Skeledirge|[anim] Shell Side Arm Special\n|-supereffective|p2a: Skeledirge\n|-damage|p2a: Skeledirge|48\/100\n|-hint|Special Shell Side Arm\n|\n|upkeep\n|turn|32\n|\n|t:|1699591634\n|move|p2a: Skeledirge|Will-O-Wisp|p1a: Slowbro\n|-status|p1a: Slowbro|brn\n|move|p1a: Slowbro|Shell Side Arm|p2a: Skeledirge|[anim] Shell Side Arm Special\n|-supereffective|p2a: Skeledirge\n|-damage|p2a: Skeledirge|0 fnt\n|-hint|Special Shell Side Arm\n|faint|p2a: Skeledirge\n|\n|-damage|p1a: Slowbro|70\/100 brn|[from] brn\n|upkeep\n|-message|socoolsoda forfeited.\n|\n|win|TSL Luizao\n|raw|TSL Luizao's rating: 1111 &rarr; <strong>1130<\/strong><br \/>(+19 for winning)\n|raw|socoolsoda's rating: 1031 &rarr; <strong>1020<\/strong><br \/>(-11 for losing)\n|l|\u2606socoolsoda\n","uploadtime":1699591682,"views":6,"p1id":"tslluizao","p2id":"socoolsoda","formatid":"gen9nationaldex","rating":1020,"private":0,"password":""}