{"id":"gen9nationaldex-1993888014","p1":"littleht6666","p2":"csb1123","format":"[Gen 9] National Dex","log":"|j|\u2606littleht6666\n|j|\u2606csb1123\n|t:|1700370417\n|gametype|singles\n|player|p1|littleht6666|elesa|1629\n|player|p2|csb1123|101|1648\n|teamsize|p1|6\n|teamsize|p2|6\n|gen|9\n|tier|[Gen 9] National Dex\n|rated|\n|rule|HP Percentage Mod: HP is shown in percentages\n|rule|Endless Battle Clause: Forcing endless battles is banned\n|rule|OHKO Clause: OHKO moves are banned\n|rule|Evasion Clause: Evasion abilities, items, and moves are banned\n|rule|Evasion Abilities Clause: Evasion abilities are banned\n|rule|Evasion Items Clause: Evasion items are banned\n|rule|Evasion Moves Clause: Evasion moves are banned\n|rule|Species Clause: Limit one of each Pok\u00e9mon\n|rule|Sleep Clause Mod: Limit one foe put to sleep\n|clearpoke\n|poke|p1|Weavile, M|\n|poke|p1|Landorus-Therian, M|\n|poke|p1|Zapdos|\n|poke|p1|Volcanion|\n|poke|p1|Ursaluna, F|\n|poke|p1|Kartana|\n|poke|p2|Ogerpon, F|\n|poke|p2|Corviknight, M|\n|poke|p2|Clodsire, F|\n|poke|p2|Tyranitar, M|\n|poke|p2|Tapu Fini|\n|poke|p2|Banette, M|\n|teampreview\n|inactive|Battle timer is ON: inactive players will automatically lose when time's up. (requested by csb1123)\n|\n|t:|1700370429\n|start\n|switch|p1a: Weavile|Weavile, M|100\/100\n|switch|p2a: Ogerpon|Ogerpon, F|100\/100\n|-ability|p1a: Weavile|Pressure\n|turn|1\n|\n|t:|1700370432\n|-terastallize|p1a: Weavile|Dark\n|-terastallize|p2a: Ogerpon|Grass\n|detailschange|p2a: Ogerpon|Ogerpon-Teal-Tera, F, tera:Grass\n|-ability|p2a: Ogerpon|Embody Aspect (Teal)|boost\n|-boost|p2a: Ogerpon|spe|1\n|move|p2a: Ogerpon|Superpower|p1a: Weavile\n|-supereffective|p1a: Weavile\n|-damage|p1a: Weavile|0 fnt\n|-unboost|p2a: Ogerpon|atk|1\n|-unboost|p2a: Ogerpon|def|1\n|faint|p1a: Weavile\n|\n|upkeep\n|\n|t:|1700370441\n|switch|p1a: Landorus|Landorus-Therian, M|100\/100\n|-ability|p1a: Landorus|Intimidate|boost\n|-unboost|p2a: Ogerpon|atk|1\n|turn|2\n|\n|t:|1700370449\n|switch|p2a: Corviknight|Corviknight, M|100\/100\n|-ability|p2a: Corviknight|Pressure\n|move|p1a: Landorus|Stealth Rock|p2a: Corviknight\n|-sidestart|p2: csb1123|move: Stealth Rock\n|\n|upkeep\n|turn|3\n|\n|t:|1700370456\n|move|p1a: Landorus|U-turn|p2a: Corviknight\n|-resisted|p2a: Corviknight\n|-crit|p2a: Corviknight\n|-damage|p2a: Corviknight|95\/100\n|\n|t:|1700370460\n|switch|p1a: Ursaluna|Ursaluna, F|100\/100|[from] U-turn\n|move|p2a: Corviknight|U-turn|p1a: Ursaluna\n|-crit|p1a: Ursaluna\n|-damage|p1a: Ursaluna|82\/100\n|\n|t:|1700370471\n|switch|p2a: Ogerpon|Ogerpon-Teal-Tera, F, tera:Grass|100\/100|[from] U-turn\n|-ability|p2a: Ogerpon|Embody Aspect (Teal)|boost\n|-boost|p2a: Ogerpon|spe|1\n|\n|-status|p1a: Ursaluna|brn|[from] item: Flame Orb\n|upkeep\n|turn|4\n|\n|t:|1700370479\n|switch|p1a: Zapdos|Zapdos|100\/100\n|move|p2a: Ogerpon|Ivy Cudgel|p1a: Zapdos\n|-resisted|p1a: Zapdos\n|-damage|p1a: Zapdos|77\/100\n|\n|upkeep\n|turn|5\n|\n|t:|1700370486\n|switch|p2a: Clodsire|Clodsire, F|100\/100\n|-damage|p2a: Clodsire|94\/100|[from] Stealth Rock\n|move|p1a: Zapdos|U-turn|p2a: Clodsire\n|-resisted|p2a: Clodsire\n|-damage|p2a: Clodsire|87\/100\n|\n|t:|1700370491\n|switch|p1a: Ursaluna|Ursaluna, F|82\/100 brn|[from] U-turn\n|\n|-heal|p2a: Clodsire|93\/100|[from] item: Leftovers\n|-damage|p1a: Ursaluna|76\/100 brn|[from] brn\n|upkeep\n|turn|6\n|\n|t:|1700370509\n|switch|p2a: Banette|Banette, M|100\/100\n|-damage|p2a: Banette|88\/100|[from] Stealth Rock\n|move|p1a: Ursaluna|Facade|p2a: Banette\n|-immune|p2a: Banette\n|\n|-damage|p1a: Ursaluna|70\/100 brn|[from] brn\n|upkeep\n|turn|7\n|\n|t:|1700370520\n|detailschange|p2a: Banette|Banette-Mega, M\n|-mega|p2a: Banette|Banette|Banettite\n|move|p2a: Banette|Encore|p1a: Ursaluna\n|-start|p1a: Ursaluna|Encore\n|move|p1a: Ursaluna|Facade|p2a: Banette\n|-immune|p2a: Banette\n|\n|-damage|p1a: Ursaluna|63\/100 brn|[from] brn\n|upkeep\n|turn|8\n|\n|t:|1700370527\n|-activate|p1a: Ursaluna|move: Pursuit\n|move|p2a: Banette|Pursuit|p1a: Ursaluna|[from]Pursuit\n|-damage|p1a: Ursaluna|32\/100 brn\n|switch|p1a: Landorus|Landorus-Therian, M|100\/100\n|-ability|p1a: Landorus|Intimidate|boost\n|-unboost|p2a: Banette|atk|1\n|\n|upkeep\n|turn|9\n|\n|t:|1700370536\n|switch|p2a: Corviknight|Corviknight, M|95\/100\n|-damage|p2a: Corviknight|83\/100|[from] Stealth Rock\n|-ability|p2a: Corviknight|Pressure\n|move|p1a: Landorus|U-turn|p2a: Corviknight\n|-resisted|p2a: Corviknight\n|-damage|p2a: Corviknight|80\/100\n|\n|t:|1700370539\n|switch|p1a: Ursaluna|Ursaluna, F|32\/100 brn|[from] U-turn\n|\n|-damage|p1a: Ursaluna|26\/100 brn|[from] brn\n|upkeep\n|turn|10\n|\n|t:|1700370548\n|switch|p2a: Tyranitar|Tyranitar, M|100\/100\n|-damage|p2a: Tyranitar|88\/100|[from] Stealth Rock\n|-weather|Sandstorm|[from] ability: Sand Stream|[of] p2a: Tyranitar\n|move|p1a: Ursaluna|Fire Punch|p2a: Tyranitar\n|-resisted|p2a: Tyranitar\n|-damage|p2a: Tyranitar|65\/100\n|-status|p2a: Tyranitar|brn\n|\n|-weather|Sandstorm|[upkeep]\n|-damage|p2a: Tyranitar|59\/100 brn|[from] brn\n|-damage|p1a: Ursaluna|20\/100 brn|[from] brn\n|upkeep\n|turn|11\n|\n|t:|1700370556\n|move|p2a: Tyranitar|Ice Beam|p1a: Ursaluna\n|-supereffective|p1a: Ursaluna\n|-crit|p1a: Ursaluna\n|-damage|p1a: Ursaluna|0 fnt\n|faint|p1a: Ursaluna\n|\n|-weather|Sandstorm|[upkeep]\n|-damage|p2a: Tyranitar|53\/100 brn|[from] brn\n|upkeep\n|\n|t:|1700370561\n|switch|p1a: Volcanion|Volcanion|100\/100\n|turn|12\n|\n|t:|1700370566\n|switch|p2a: Clodsire|Clodsire, F|93\/100\n|-damage|p2a: Clodsire|87\/100|[from] Stealth Rock\n|move|p1a: Volcanion|Steam Eruption|p2a: Clodsire\n|-heal|p2a: Clodsire|100\/100|[from] ability: Water Absorb|[of] p1a: Volcanion\n|\n|-weather|Sandstorm|[upkeep]\n|-damage|p1a: Volcanion|94\/100|[from] Sandstorm\n|upkeep\n|turn|13\n|\n|t:|1700370570\n|switch|p1a: Landorus|Landorus-Therian, M|100\/100\n|-ability|p1a: Landorus|Intimidate|boost\n|-unboost|p2a: Clodsire|atk|1\n|move|p2a: Clodsire|Stealth Rock|p1a: Landorus\n|-sidestart|p1: littleht6666|move: Stealth Rock\n|\n|-weather|Sandstorm|[upkeep]\n|upkeep\n|turn|14\n|-message|littleht6666 forfeited.\n|\n|win|csb1123\n|raw|littleht6666's rating: 1629 &rarr; <strong>1610<\/strong><br \/>(-19 for losing)\n|raw|csb1123's rating: 1648 &rarr; <strong>1667<\/strong><br \/>(+19 for winning)\n|l|\u2606littleht6666\n","uploadtime":1700370580,"views":13,"p1id":"littleht6666","p2id":"csb1123","formatid":"gen9nationaldex","rating":1610,"private":0,"password":""}