{"id":"gen9nationaldex-1995262686","p1":"innerlake520","p2":"shuichi420","format":"[Gen 9] National Dex","log":"|html|<div class=\"broadcast-blue\"><strong>[Gen 9] National Dex is currently suspecting Sneasler! For information on how to participate check out the <a href=\"https:\/\/www.smogon.com\/forums\/threads\/sv-national-dex-suspect-8-just-dance.3731534\/\">suspect thread<\/a>.<\/strong><\/div>\n|j|\u2606innerlake520\n|j|\u2606shuichi420\n|t:|1700543162\n|gametype|singles\n|player|p1|innerlake520|steven|1430\n|player|p2|shuichi420|265|1486\n|teamsize|p1|6\n|teamsize|p2|6\n|gen|9\n|tier|[Gen 9] National Dex\n|rated|\n|rule|HP Percentage Mod: HP is shown in percentages\n|rule|Endless Battle Clause: Forcing endless battles is banned\n|rule|OHKO Clause: OHKO moves are banned\n|rule|Evasion Clause: Evasion abilities, items, and moves are banned\n|rule|Evasion Abilities Clause: Evasion abilities are banned\n|rule|Evasion Items Clause: Evasion items are banned\n|rule|Evasion Moves Clause: Evasion moves are banned\n|rule|Species Clause: Limit one of each Pok\u00e9mon\n|rule|Sleep Clause Mod: Limit one foe put to sleep\n|clearpoke\n|poke|p1|Cinderace, M|\n|poke|p1|Lopunny, M|\n|poke|p1|Kyurem|\n|poke|p1|Corviknight, F|\n|poke|p1|Tapu Lele|\n|poke|p1|Clodsire, M|\n|poke|p2|Heatran, M|\n|poke|p2|Ogerpon-Wellspring, F|\n|poke|p2|Landorus-Therian, M|\n|poke|p2|Diancie|\n|poke|p2|Zamazenta-*|\n|poke|p2|Slowbro, F|\n|teampreview\n|inactive|Battle timer is ON: inactive players will automatically lose when time's up. (requested by innerlake520)\n|j| The Susnape\n|\n|t:|1700543192\n|start\n|switch|p1a: Lopunny|Lopunny, M|100\/100\n|switch|p2a: Landorus|Landorus-Therian, M|100\/100\n|-ability|p2a: Landorus|Intimidate|boost\n|-unboost|p1a: Lopunny|atk|1\n|turn|1\n|\n|t:|1700543196\n|detailschange|p1a: Lopunny|Lopunny-Mega, M\n|-mega|p1a: Lopunny|Lopunny|Lopunnite\n|move|p1a: Lopunny|Triple Axel|p2a: Landorus\n|-supereffective|p2a: Landorus\n|-damage|p2a: Landorus|87\/100\n|-damage|p1a: Lopunny|84\/100|[from] item: Rocky Helmet|[of] p2a: Landorus\n|-supereffective|p2a: Landorus\n|-damage|p2a: Landorus|59\/100\n|-damage|p1a: Lopunny|67\/100|[from] item: Rocky Helmet|[of] p2a: Landorus\n|-supereffective|p2a: Landorus\n|-damage|p2a: Landorus|16\/100\n|-damage|p1a: Lopunny|51\/100|[from] item: Rocky Helmet|[of] p2a: Landorus\n|-hitcount|p2a: Landorus|3\n|move|p2a: Landorus|Earthquake|p1a: Lopunny\n|-damage|p1a: Lopunny|0 fnt\n|faint|p1a: Lopunny\n|\n|upkeep\n|c| The Susnape|the susnape has arrived\n|c|\u2606innerlake520|hh\n|\n|t:|1700543209\n|switch|p1a: Corviknight|Corviknight, F|100\/100\n|turn|2\n|c| The Susnape|hh\n|\n|t:|1700543236\n|move|p2a: Landorus|U-turn|p1a: Corviknight\n|-resisted|p1a: Corviknight\n|-damage|p1a: Corviknight|97\/100\n|-damage|p2a: Landorus|0 fnt|[from] item: Rocky Helmet|[of] p1a: Corviknight\n|faint|p2a: Landorus\n|move|p1a: Corviknight|Brave Bird|p2: Landorus|[notarget]\n|-fail|p1a: Corviknight\n|\n|upkeep\n|inactive|shuichi420 has 120 seconds left.\n|\n|t:|1700543250\n|switch|p2a: Heatran|Heatran, M|100\/100\n|turn|3\n|\n|t:|1700543254\n|switch|p1a: Clodsire|Clodsire, M|100\/100\n|move|p2a: Heatran|Magma Storm|p1a: Clodsire\n|-damage|p1a: Clodsire|77\/100\n|-activate|p1a: Clodsire|move: Magma Storm|[of] p2a: Heatran\n|\n|-heal|p1a: Clodsire|83\/100|[from] item: Leftovers\n|-damage|p1a: Clodsire|70\/100|[from] move: Magma Storm|[partiallytrapped]\n|upkeep\n|turn|4\n|\n|t:|1700543263\n|move|p2a: Heatran|Protect|p2a: Heatran\n|-singleturn|p2a: Heatran|Protect\n|move|p1a: Clodsire|Toxic|p2a: Heatran\n|-activate|p2a: Heatran|move: Protect\n|\n|-heal|p1a: Clodsire|77\/100|[from] item: Leftovers\n|-damage|p1a: Clodsire|64\/100|[from] move: Magma Storm|[partiallytrapped]\n|upkeep\n|turn|5\n|inactive|shuichi420 has 120 seconds left.\n|\n|t:|1700543289\n|move|p2a: Heatran|Earth Power|p1a: Clodsire\n|-supereffective|p1a: Clodsire\n|-damage|p1a: Clodsire|36\/100\n|move|p1a: Clodsire|Toxic|p2a: Heatran\n|-immune|p2a: Heatran\n|\n|-heal|p1a: Clodsire|43\/100|[from] item: Leftovers\n|-damage|p1a: Clodsire|30\/100|[from] move: Magma Storm|[partiallytrapped]\n|upkeep\n|turn|6\n|inactive|shuichi420 has 120 seconds left.\n|\n|t:|1700543301\n|move|p2a: Heatran|Earth Power|p1a: Clodsire\n|-supereffective|p1a: Clodsire\n|-damage|p1a: Clodsire|0 fnt\n|faint|p1a: Clodsire\n|\n|upkeep\n|\n|t:|1700543305\n|switch|p1a: Tapu Lele|Tapu Lele|100\/100\n|-fieldstart|move: Psychic Terrain|[from] ability: Psychic Surge|[of] p1a: Tapu Lele\n|turn|7\n|c|\u2606innerlake520|g\n|-message|innerlake520 forfeited.\n|\n|win|shuichi420\n|raw|innerlake520's rating: 1430 &rarr; <strong>1413<\/strong><br \/>(-17 for losing)\n|raw|shuichi420's rating: 1486 &rarr; <strong>1503<\/strong><br \/>(+17 for winning)\n|l|\u2606innerlake520\n","uploadtime":1700543323,"views":1,"p1id":"innerlake520","p2id":"shuichi420","formatid":"gen9nationaldex","rating":1413,"private":0,"password":""}