{"id":"gen9nationaldex-1989959356","p1":"Leviatan4","p2":"Gamer00ooO","format":"[Gen 9] National Dex","log":"|j|\u2606Leviatan4\n|j|\u2606Gamer00ooO\n|t:|1699910282\n|gametype|singles\n|player|p1|Leviatan4|scientist-gen4dp|\n|player|p2|Gamer00ooO|hilbert|\n|teamsize|p1|6\n|teamsize|p2|6\n|gen|9\n|tier|[Gen 9] National Dex\n|rule|HP Percentage Mod: HP is shown in percentages\n|rule|Endless Battle Clause: Forcing endless battles is banned\n|rule|OHKO Clause: OHKO moves are banned\n|rule|Evasion Clause: Evasion abilities, items, and moves are banned\n|rule|Evasion Abilities Clause: Evasion abilities are banned\n|rule|Evasion Items Clause: Evasion items are banned\n|rule|Evasion Moves Clause: Evasion moves are banned\n|rule|Species Clause: Limit one of each Pok\u00e9mon\n|rule|Sleep Clause Mod: Limit one foe put to sleep\n|clearpoke\n|poke|p1|Volcarona, M|\n|poke|p1|Amoonguss, F|\n|poke|p1|Conkeldurr, M|\n|poke|p1|Thundurus, M|\n|poke|p1|Ferrothorn, M|\n|poke|p1|Landorus-Therian, M|\n|poke|p2|Diancie|\n|poke|p2|Gliscor, M|\n|poke|p2|Gardevoir, F|\n|poke|p2|Klefki, M|\n|poke|p2|Togekiss, M|\n|poke|p2|Tapu Fini|\n|teampreview\n|c|\u2606Gamer00ooO|Voy a probar un par de cambios en el equipo\n|c|\u2606Leviatan4|Hola\n|c|\u2606Gamer00ooO|Hola\n|c|\u2606Gamer00ooO|Tapu fini\n|c|\u2606Leviatan4|Yo woa ver que tal con estos XD\n|\n|t:|1699910328\n|start\n|switch|p1a: Ferrothorn|Ferrothorn, M|100\/100\n|switch|p2a: Llaveros|Klefki, M|100\/100\n|turn|1\n|c|\u2606Gamer00ooO|Y Togekiss\n|\n|t:|1699910372\n|move|p2a: Llaveros|Light Screen|p2a: Llaveros\n|-sidestart|p2: Gamer00ooO|move: Light Screen\n|move|p1a: Ferrothorn|Ingrain|p1a: Ferrothorn\n|-start|p1a: Ferrothorn|move: Ingrain\n|\n|upkeep\n|turn|2\n|c|\u2606Leviatan4|Lol\n|c|\u2606Leviatan4|Lo confund\u00ed por drenadoras\n|c|\u2606Leviatan4|XD\n|\n|t:|1699910399\n|move|p2a: Llaveros|Reflect|p2a: Llaveros\n|-sidestart|p2: Gamer00ooO|Reflect\n|move|p1a: Ferrothorn|Spikes|p2a: Llaveros\n|-sidestart|p2: Gamer00ooO|Spikes\n|\n|upkeep\n|turn|3\n|c|\u2606Gamer00ooO|Eso pasa\n|\n|t:|1699910407\n|move|p2a: Llaveros|Defog|p1a: Ferrothorn\n|-unboost|p1a: Ferrothorn|evasion|1\n|-sideend|p2: Gamer00ooO|Spikes|[from] move: Defog|[of] p2a: Llaveros\n|move|p1a: Ferrothorn|Spikes|p2a: Llaveros\n|-sidestart|p2: Gamer00ooO|Spikes\n|\n|upkeep\n|turn|4\n|\n|t:|1699910498\n|switch|p2a: Steven|Diancie|100\/100\n|-damage|p2a: Steven|88\/100|[from] Spikes\n|move|p1a: Ferrothorn|Body Press|p2a: Steven\n|-damage|p2a: Steven|78\/100\n|\n|-heal|p2a: Steven|84\/100|[from] item: Leftovers\n|upkeep\n|turn|5\n|\n|t:|1699910509\n|-terastallize|p2a: Steven|Electric\n|move|p2a: Steven|Diamond Storm|p1a: Ferrothorn\n|-resisted|p1a: Ferrothorn\n|-damage|p1a: Ferrothorn|91\/100\n|-boost|p2a: Steven|def|2\n|move|p1a: Ferrothorn|Spikes|p2a: Steven\n|-sidestart|p2: Gamer00ooO|Spikes\n|\n|-heal|p2a: Steven|90\/100|[from] item: Leftovers\n|-heal|p1a: Ferrothorn|97\/100|[from] Ingrain\n|upkeep\n|turn|6\n|\n|t:|1699910523\n|move|p2a: Steven|Body Press|p1a: Ferrothorn\n|-supereffective|p1a: Ferrothorn\n|-damage|p1a: Ferrothorn|24\/100\n|-damage|p2a: Steven|78\/100|[from] ability: Iron Barbs|[of] p1a: Ferrothorn\n|move|p1a: Ferrothorn|Spikes|p2a: Steven\n|-sidestart|p2: Gamer00ooO|Spikes\n|\n|-heal|p2a: Steven|84\/100|[from] item: Leftovers\n|-heal|p1a: Ferrothorn|30\/100|[from] Ingrain\n|upkeep\n|turn|7\n|\n|t:|1699910536\n|move|p2a: Steven|Body Press|p1a: Ferrothorn\n|-supereffective|p1a: Ferrothorn\n|-damage|p1a: Ferrothorn|0 fnt\n|-damage|p2a: Steven|72\/100|[from] ability: Iron Barbs|[of] p1a: Ferrothorn\n|faint|p1a: Ferrothorn\n|\n|-heal|p2a: Steven|78\/100|[from] item: Leftovers\n|upkeep\n|\n|t:|1699910549\n|switch|p1a: Landorus|Landorus-Therian, M|100\/100\n|-ability|p1a: Landorus|Intimidate|boost\n|-fail|p2a: Steven|unboost|[from] ability: Clear Body|[of] p2a: Steven\n|turn|8\n|\n|t:|1699910557\n|switch|p2a: Scorp corp|Gliscor, M|100\/100\n|move|p1a: Landorus|U-turn|p2a: Scorp corp\n|-resisted|p2a: Scorp corp\n|-damage|p2a: Scorp corp|94\/100\n|\n|t:|1699910568\n|switch|p1a: Conkeldurr|Conkeldurr, M|100\/100|[from] U-turn\n|\n|-sideend|p2: Gamer00ooO|move: Light Screen\n|-status|p2a: Scorp corp|tox|[from] item: Toxic Orb\n|upkeep\n|turn|9\n|\n|t:|1699910578\n|move|p2a: Scorp corp|Toxic Spikes|p1a: Conkeldurr\n|-sidestart|p1: Leviatan4|move: Toxic Spikes\n|move|p1a: Conkeldurr|Ice Punch|p2a: Scorp corp\n|-supereffective|p2a: Scorp corp\n|-damage|p2a: Scorp corp|24\/100 tox\n|\n|-heal|p2a: Scorp corp|36\/100 tox|[from] ability: Poison Heal\n|-sideend|p2: Gamer00ooO|Reflect\n|upkeep\n|turn|10\n|\n|t:|1699910593\n|switch|p2a: Steven|Diancie, tera:Electric|78\/100\n|-damage|p2a: Steven|53\/100|[from] Spikes\n|move|p1a: Conkeldurr|Mach Punch|p2a: Steven\n|-damage|p2a: Steven|33\/100\n|\n|-heal|p2a: Steven|39\/100|[from] item: Leftovers\n|upkeep\n|turn|11\n|\n|t:|1699910614\n|switch|p1a: Amoonguss|Amoonguss, F|100\/100\n|-sideend|p1: Leviatan4|move: Toxic Spikes|[of] p1a: Amoonguss\n|move|p2a: Steven|Body Press|p1a: Amoonguss\n|-resisted|p1a: Amoonguss\n|-damage|p1a: Amoonguss|84\/100\n|-status|p2a: Steven|slp|[from] ability: Effect Spore|[of] p1a: Amoonguss\n|\n|-heal|p2a: Steven|45\/100 slp|[from] item: Leftovers\n|-heal|p1a: Amoonguss|90\/100|[from] item: Leftovers\n|upkeep\n|turn|12\n|\n|t:|1699910631\n|switch|p2a: Togekiss|Togekiss, M|100\/100\n|move|p1a: Amoonguss|Sludge Bomb|p2a: Togekiss\n|-supereffective|p2a: Togekiss\n|-damage|p2a: Togekiss|25\/100\n|\n|-heal|p1a: Amoonguss|96\/100|[from] item: Leftovers\n|upkeep\n|turn|13\n|\n|t:|1699910641\n|switch|p1a: Thundurus|Thundurus, M|100\/100\n|move|p2a: Togekiss|Air Slash|p1a: Thundurus\n|-resisted|p1a: Thundurus\n|-damage|p1a: Thundurus|69\/100\n|\n|upkeep\n|turn|14\n|\n|t:|1699910653\n|move|p1a: Thundurus|Thunderbolt|p2a: Togekiss\n|-supereffective|p2a: Togekiss\n|-damage|p2a: Togekiss|0 fnt\n|faint|p2a: Togekiss\n|\n|upkeep\n|\n|t:|1699910665\n|switch|p2a: Llaveros|Klefki, M|100\/100\n|-damage|p2a: Llaveros|76\/100|[from] Spikes\n|turn|15\n|\n|t:|1699910670\n|move|p1a: Thundurus|Taunt|p2a: Llaveros\n|-start|p2a: Llaveros|move: Taunt\n|cant|p2a: Llaveros|move: Taunt|Defog\n|\n|upkeep\n|turn|16\n|\n|t:|1699910676\n|switch|p2a: Scorp corp|Gliscor, M|36\/100 tox\n|move|p1a: Thundurus|Thunder Wave|p2a: Scorp corp\n|-immune|p2a: Scorp corp\n|\n|-heal|p2a: Scorp corp|49\/100 tox|[from] ability: Poison Heal\n|upkeep\n|turn|17\n|\n|t:|1699910688\n|switch|p1a: Landorus|Landorus-Therian, M|100\/100\n|-ability|p1a: Landorus|Intimidate|boost\n|-unboost|p2a: Scorp corp|atk|1\n|move|p2a: Scorp corp|Facade|p1a: Landorus\n|-damage|p1a: Landorus|69\/100\n|\n|-heal|p2a: Scorp corp|61\/100 tox|[from] ability: Poison Heal\n|upkeep\n|turn|18\n|\n|t:|1699910698\n|move|p1a: Landorus|Hidden Power|p2a: Scorp corp\n|-supereffective|p2a: Scorp corp\n|-damage|p2a: Scorp corp|3\/100 tox\n|move|p2a: Scorp corp|Swords Dance|p2a: Scorp corp\n|-boost|p2a: Scorp corp|atk|2\n|\n|-heal|p2a: Scorp corp|16\/100 tox|[from] ability: Poison Heal\n|upkeep\n|turn|19\n|\n|t:|1699910718\n|switch|p2a: Llaveros|Klefki, M|76\/100\n|-damage|p2a: Llaveros|51\/100|[from] Spikes\n|move|p1a: Landorus|U-turn|p2a: Llaveros\n|-resisted|p2a: Llaveros\n|-damage|p2a: Llaveros|44\/100\n|\n|t:|1699910726\n|switch|p1a: Amoonguss|Amoonguss, F|96\/100|[from] U-turn\n|\n|-heal|p1a: Amoonguss|100\/100|[from] item: Leftovers\n|upkeep\n|turn|20\n|\n|t:|1699910734\n|move|p2a: Llaveros|Defog|p1a: Amoonguss\n|-unboost|p1a: Amoonguss|evasion|1\n|-sideend|p2: Gamer00ooO|Spikes|[from] move: Defog|[of] p2a: Llaveros\n|move|p1a: Amoonguss|Spore|p2a: Llaveros\n|-message|Sleep Clause Mod activated.\n|-hint|Sleep Clause Mod prevents players from putting more than one of their opponent's Pok\u00e9mon to sleep at a time\n|\n|upkeep\n|turn|21\n|c|\u2606Leviatan4|Ah...\n|c|\u2606Leviatan4|XD\n|\n|t:|1699910754\n|move|p2a: Llaveros|Thunder Wave|p1a: Amoonguss\n|-status|p1a: Amoonguss|par\n|move|p1a: Amoonguss|Hidden Power|p2a: Llaveros\n|-supereffective|p2a: Llaveros\n|-damage|p2a: Llaveros|9\/100\n|\n|upkeep\n|turn|22\n|\n|t:|1699910760\n|move|p2a: Llaveros|Light Screen|p2a: Llaveros\n|-sidestart|p2: Gamer00ooO|move: Light Screen\n|move|p1a: Amoonguss|Hidden Power|p2a: Llaveros\n|-supereffective|p2a: Llaveros\n|-damage|p2a: Llaveros|0 fnt\n|faint|p2a: Llaveros\n|\n|upkeep\n|\n|t:|1699910765\n|switch|p2a: Eco Eco|Gardevoir, F|100\/100\n|-ability|p2a: Eco Eco|Effect Spore|[from] ability: Trace|[of] p1a: Amoonguss\n|turn|23\n|\n|t:|1699910779\n|switch|p1a: Thundurus|Thundurus, M|69\/100\n|detailschange|p2a: Eco Eco|Gardevoir-Mega, F\n|-mega|p2a: Eco Eco|Gardevoir|Gardevoirite\n|move|p2a: Eco Eco|Psyshock|p1a: Thundurus\n|-damage|p1a: Thundurus|1\/100\n|-enditem|p1a: Thundurus|Iapapa Berry|[eat]\n|-heal|p1a: Thundurus|34\/100|[from] item: Iapapa Berry\n|\n|upkeep\n|turn|24\n|\n|t:|1699910796\n|move|p1a: Thundurus|Thunderbolt|p2a: Eco Eco\n|-damage|p2a: Eco Eco|78\/100\n|move|p2a: Eco Eco|Psyshock|p1a: Thundurus\n|-damage|p1a: Thundurus|0 fnt\n|faint|p1a: Thundurus\n|\n|upkeep\n|\n|t:|1699910804\n|switch|p1a: Landorus|Landorus-Therian, M|69\/100\n|-ability|p1a: Landorus|Intimidate|boost\n|-unboost|p2a: Eco Eco|atk|1\n|turn|25\n|\n|t:|1699910867\n|move|p2a: Eco Eco|Hyper Voice|p1a: Landorus\n|-damage|p1a: Landorus|0 fnt\n|faint|p1a: Landorus\n|\n|upkeep\n|\n|t:|1699910892\n|switch|p1a: Amoonguss|Amoonguss, F|100\/100 par\n|turn|26\n|\n|t:|1699910903\n|move|p2a: Eco Eco|Psyshock|p1a: Amoonguss\n|-supereffective|p1a: Amoonguss\n|-damage|p1a: Amoonguss|9\/100 par\n|move|p1a: Amoonguss|Spore|p2a: Eco Eco\n|-message|Sleep Clause Mod activated.\n|-hint|Sleep Clause Mod prevents players from putting more than one of their opponent's Pok\u00e9mon to sleep at a time\n|\n|-heal|p1a: Amoonguss|15\/100 par|[from] item: Leftovers\n|upkeep\n|turn|27\n|c|\u2606Leviatan4|KK\n|c|\u2606Leviatan4|Me olvid\u00e9\n|\n|t:|1699910946\n|-terastallize|p1a: Amoonguss|Grass\n|move|p2a: Eco Eco|Psyshock|p1a: Amoonguss\n|-damage|p1a: Amoonguss|0 fnt\n|faint|p1a: Amoonguss\n|\n|upkeep\n|\n|t:|1699910959\n|switch|p1a: Volcarona|Volcarona, M|100\/100\n|turn|28\n|\n|t:|1699910979\n|move|p2a: Eco Eco|Psyshock|p1a: Volcarona\n|-damage|p1a: Volcarona|37\/100\n|move|p1a: Volcarona|Quiver Dance|p1a: Volcarona\n|-boost|p1a: Volcarona|spa|1\n|-boost|p1a: Volcarona|spd|1\n|-boost|p1a: Volcarona|spe|1\n|\n|upkeep\n|turn|29\n|\n|t:|1699910998\n|move|p1a: Volcarona|Bug Buzz|p2a: Eco Eco\n|-damage|p2a: Eco Eco|43\/100\n|move|p2a: Eco Eco|Psyshock|p1a: Volcarona\n|-damage|p1a: Volcarona|0 fnt\n|faint|p1a: Volcarona\n|\n|-sideend|p2: Gamer00ooO|move: Light Screen\n|upkeep\n|\n|t:|1699911007\n|switch|p1a: Conkeldurr|Conkeldurr, M|100\/100\n|turn|30\n|\n|t:|1699911034\n|move|p2a: Eco Eco|Hyper Voice|p1a: Conkeldurr\n|-supereffective|p1a: Conkeldurr\n|-damage|p1a: Conkeldurr|0 fnt\n|faint|p1a: Conkeldurr\n|\n|win|Gamer00ooO\n|c|\u2606Leviatan4|gg\n|c|\u2606Leviatan4|Se intent\u00f3\n|c|\u2606Gamer00ooO|Gg\n|c|\u2606Leviatan4|XD\n|c|\u2606Leviatan4|gg\n|c|\u2606Gamer00ooO|Mej\u00f3rate mucho\n|c|\u2606Gamer00ooO|Dende la vez m\u00e1s reciente\n|l|\u2606Gamer00ooO\n|j|\u2606Gamer00ooO\n|player|p2|Gamer00ooO|hilbert\n","uploadtime":1699911215,"views":10,"p1id":"leviatan4","p2id":"gamer00ooo","formatid":"gen9nationaldex","rating":0,"private":0,"password":""}