{"id":"gen9nationaldex-1988703962","p1":"Mr.checkmate\u65e0\u5fc3\u65e0\u68a6","p2":"jsj2679","format":"[Gen 9] National Dex","log":"|j|\u2606Mr.checkmate\u65e0\u5fc3\u65e0\u68a6\n|j|\u2606jsj2679\n|t:|1699752721\n|gametype|singles\n|player|p1|Mr.checkmate\u65e0\u5fc3\u65e0\u68a6|marnie-masters3|1641\n|player|p2|jsj2679|falkner|1758\n|teamsize|p1|6\n|teamsize|p2|6\n|gen|9\n|tier|[Gen 9] National Dex\n|rated|\n|rule|HP Percentage Mod: HP is shown in percentages\n|rule|Endless Battle Clause: Forcing endless battles is banned\n|rule|OHKO Clause: OHKO moves are banned\n|rule|Evasion Clause: Evasion abilities, items, and moves are banned\n|rule|Evasion Abilities Clause: Evasion abilities are banned\n|rule|Evasion Items Clause: Evasion items are banned\n|rule|Evasion Moves Clause: Evasion moves are banned\n|rule|Species Clause: Limit one of each Pok\u00e9mon\n|rule|Sleep Clause Mod: Limit one foe put to sleep\n|clearpoke\n|poke|p1|Zapdos|\n|poke|p1|Ceruledge, M|\n|poke|p1|Diancie|\n|poke|p1|Tapu Lele|\n|poke|p1|Ogerpon-Cornerstone, F|\n|poke|p1|Garchomp, M|\n|poke|p2|Diancie|\n|poke|p2|Garchomp, M|\n|poke|p2|Urshifu-*, F|\n|poke|p2|Zapdos|\n|poke|p2|Bisharp, M|\n|poke|p2|Victini|\n|teampreview\n|inactive|Battle timer is ON: inactive players will automatically lose when time's up. (requested by Mr.checkmate\u65e0\u5fc3\u65e0\u68a6)\n|\n|t:|1699752733\n|start\n|switch|p1a: \u6211\u8001\u5a46|Diancie|100\/100\n|switch|p2a: \u96fe\u96e8\u9b54\u7406\u6c99|Diancie|100\/100\n|turn|1\n|\n|t:|1699752739\n|detailschange|p2a: \u96fe\u96e8\u9b54\u7406\u6c99|Diancie-Mega\n|-mega|p2a: \u96fe\u96e8\u9b54\u7406\u6c99|Diancie|Diancite\n|move|p2a: \u96fe\u96e8\u9b54\u7406\u6c99|Earth Power|p1a: \u6211\u8001\u5a46\n|-supereffective|p1a: \u6211\u8001\u5a46\n|-damage|p1a: \u6211\u8001\u5a46|39\/100\n|move|p1a: \u6211\u8001\u5a46|Moonblast|p2a: \u96fe\u96e8\u9b54\u7406\u6c99\n|-damage|p2a: \u96fe\u96e8\u9b54\u7406\u6c99|59\/100\n|\n|upkeep\n|turn|2\n|\n|t:|1699752747\n|detailschange|p1a: \u6211\u8001\u5a46|Diancie-Mega\n|-mega|p1a: \u6211\u8001\u5a46|Diancie|Diancite\n|move|p1a: \u6211\u8001\u5a46|Moonblast|p2a: \u96fe\u96e8\u9b54\u7406\u6c99\n|-damage|p2a: \u96fe\u96e8\u9b54\u7406\u6c99|0 fnt\n|faint|p2a: \u96fe\u96e8\u9b54\u7406\u6c99\n|\n|upkeep\n|\n|t:|1699752755\n|switch|p2a: \u5175\u957f|Urshifu-Rapid-Strike, F|100\/100\n|turn|3\n|\n|t:|1699752765\n|switch|p2a: Bisharp|Bisharp, M|100\/100\n|move|p1a: \u6211\u8001\u5a46|Moonblast|p2a: Bisharp\n|-damage|p2a: Bisharp|55\/100\n|\n|upkeep\n|turn|4\n|\n|t:|1699752777\n|move|p1a: \u6211\u8001\u5a46|Stealth Rock|p2a: Bisharp\n|-sidestart|p2: jsj2679|move: Stealth Rock\n|move|p2a: Bisharp|Knock Off|p1a: \u6211\u8001\u5a46\n|-resisted|p1a: \u6211\u8001\u5a46\n|-damage|p1a: \u6211\u8001\u5a46|20\/100\n|\n|upkeep\n|turn|5\n|c|\u2606Mr.checkmate\u65e0\u5fc3\u65e0\u68a6|\u53cd\u8bfb\u6211\uff1f\n|c|\u2606Mr.checkmate\u65e0\u5fc3\u65e0\u68a6|\u7ed9\u4f60\u53cd\u8bfb\u4e86\n|\n|t:|1699752790\n|move|p1a: \u6211\u8001\u5a46|Protect|p1a: \u6211\u8001\u5a46\n|-singleturn|p1a: \u6211\u8001\u5a46|Protect\n|move|p2a: Bisharp|Pursuit|p1a: \u6211\u8001\u5a46\n|-activate|p1a: \u6211\u8001\u5a46|move: Protect\n|\n|upkeep\n|turn|6\n|\n|t:|1699752795\n|move|p2a: Bisharp|Sucker Punch|p1a: \u6211\u8001\u5a46\n|-resisted|p1a: \u6211\u8001\u5a46\n|-damage|p1a: \u6211\u8001\u5a46|1\/100\n|move|p1a: \u6211\u8001\u5a46|Moonblast|p2a: Bisharp\n|-damage|p2a: Bisharp|9\/100\n|-unboost|p2a: Bisharp|spa|1\n|-ability|p2a: Bisharp|Defiant|boost\n|-boost|p2a: Bisharp|atk|2\n|\n|upkeep\n|turn|7\n|\n|t:|1699752804\n|move|p1a: \u6211\u8001\u5a46|Moonblast|p2a: Bisharp\n|-damage|p2a: Bisharp|0 fnt\n|faint|p2a: Bisharp\n|\n|upkeep\n|\n|t:|1699752809\n|switch|p2a: \u5175\u957f|Urshifu-Rapid-Strike, F|100\/100\n|-damage|p2a: \u5175\u957f|94\/100|[from] Stealth Rock\n|turn|8\n|c|\u2606Mr.checkmate\u65e0\u5fc3\u65e0\u68a6|\u8fd9\u5c31\u662f\u516c\u4e3b\uff01\n|\n|t:|1699752812\n|switch|p1a: Zapdos|Zapdos|100\/100\n|move|p2a: \u5175\u957f|U-turn|p1a: Zapdos\n|-resisted|p1a: Zapdos\n|-damage|p1a: Zapdos|92\/100\n|\n|t:|1699752819\n|switch|p2a: Victini|Victini|100\/100|[from] U-turn\n|\n|upkeep\n|turn|9\n|\n|t:|1699752823\n|move|p2a: Victini|Blue Flare|p1a: Zapdos\n|-damage|p1a: Zapdos|34\/100\n|move|p1a: Zapdos|Volt Switch|p2a: Victini\n|-damage|p2a: Victini|69\/100\n|\n|t:|1699752827\n|switch|p1a: Garchomp|Garchomp, M|100\/100|[from] Volt Switch\n|\n|upkeep\n|turn|10\n|\n|t:|1699752832\n|switch|p2a: \u9ec4\u91d1\u8106\u76ae\u9e21|Zapdos|100\/100\n|move|p1a: Garchomp|Earthquake|p2a: \u9ec4\u91d1\u8106\u76ae\u9e21\n|-immune|p2a: \u9ec4\u91d1\u8106\u76ae\u9e21\n|\n|upkeep\n|turn|11\n|j| SunQdl\n|\n|t:|1699752858\n|move|p1a: Garchomp|Swords Dance|p1a: Garchomp\n|-boost|p1a: Garchomp|atk|2\n|move|p2a: \u9ec4\u91d1\u8106\u76ae\u9e21|Defog|p1a: Garchomp\n|-unboost|p1a: Garchomp|evasion|1\n|-sideend|p2: jsj2679|Stealth Rock|[from] move: Defog|[of] p2a: \u9ec4\u91d1\u8106\u76ae\u9e21\n|\n|upkeep\n|turn|12\n|\n|t:|1699752863\n|move|p1a: Garchomp|Scale Shot|p2a: \u9ec4\u91d1\u8106\u76ae\u9e21\n|-damage|p2a: \u9ec4\u91d1\u8106\u76ae\u9e21|82\/100\n|-damage|p2a: \u9ec4\u91d1\u8106\u76ae\u9e21|63\/100\n|-damage|p2a: \u9ec4\u91d1\u8106\u76ae\u9e21|44\/100\n|-damage|p2a: \u9ec4\u91d1\u8106\u76ae\u9e21|24\/100\n|-hitcount|p2a: \u9ec4\u91d1\u8106\u76ae\u9e21|4\n|-unboost|p1a: Garchomp|def|1\n|-boost|p1a: Garchomp|spe|1\n|move|p2a: \u9ec4\u91d1\u8106\u76ae\u9e21|Hurricane|p1a: Garchomp\n|-damage|p1a: Garchomp|48\/100\n|\n|upkeep\n|turn|13\n|\n|t:|1699752876\n|move|p1a: Garchomp|Scale Shot|p2a: \u9ec4\u91d1\u8106\u76ae\u9e21\n|-damage|p2a: \u9ec4\u91d1\u8106\u76ae\u9e21|7\/100\n|-damage|p2a: \u9ec4\u91d1\u8106\u76ae\u9e21|0 fnt\n|faint|p2a: \u9ec4\u91d1\u8106\u76ae\u9e21\n|-hitcount|p2: \u9ec4\u91d1\u8106\u76ae\u9e21|2\n|-unboost|p1a: Garchomp|def|1\n|-boost|p1a: Garchomp|spe|1\n|\n|upkeep\n|\n|t:|1699752882\n|switch|p2a: \u5175\u957f|Urshifu-Rapid-Strike, F|94\/100\n|turn|14\n|\n|t:|1699752888\n|switch|p1a: Zapdos|Zapdos|34\/100\n|-terastallize|p2a: \u5175\u957f|Water\n|move|p2a: \u5175\u957f|Aqua Jet|p1a: Zapdos\n|-damage|p1a: Zapdos|14\/100\n|\n|upkeep\n|turn|15\n|\n|t:|1699752899\n|-terastallize|p1a: Zapdos|Water\n|move|p2a: \u5175\u957f|Aqua Jet|p1a: Zapdos\n|-resisted|p1a: Zapdos\n|-damage|p1a: Zapdos|5\/100\n|move|p1a: Zapdos|Roost|p1a: Zapdos\n|-heal|p1a: Zapdos|55\/100\n|\n|upkeep\n|turn|16\n|\n|t:|1699752908\n|switch|p2a: \u5927\u661f\u4e49|Garchomp, M|100\/100\n|move|p1a: Zapdos|Roost|p1a: Zapdos\n|-heal|p1a: Zapdos|100\/100\n|\n|upkeep\n|turn|17\n|\n|t:|1699752917\n|move|p2a: \u5927\u661f\u4e49|Earthquake|p1a: Zapdos\n|-damage|p1a: Zapdos|65\/100\n|move|p1a: Zapdos|Hurricane|p2a: \u5927\u661f\u4e49\n|-damage|p2a: \u5927\u661f\u4e49|50\/100\n|\n|upkeep\n|turn|18\n|\n|t:|1699752925\n|-zpower|p2a: \u5927\u661f\u4e49\n|move|p2a: \u5927\u661f\u4e49|Devastating Drake|p1a: Zapdos|[zeffect]\n|-damage|p1a: Zapdos|0 fnt\n|faint|p1a: Zapdos\n|\n|upkeep\n|\n|t:|1699752930\n|switch|p1a: \u6211\u8001\u5a46|Diancie-Mega|1\/100\n|turn|19\n|\n|t:|1699752941\n|move|p1a: \u6211\u8001\u5a46|Moonblast|p2a: \u5927\u661f\u4e49\n|-supereffective|p2a: \u5927\u661f\u4e49\n|-damage|p2a: \u5927\u661f\u4e49|0 fnt\n|faint|p2a: \u5927\u661f\u4e49\n|\n|upkeep\n|\n|t:|1699752944\n|switch|p2a: \u5175\u957f|Urshifu-Rapid-Strike, F, tera:Water|94\/100\n|turn|20\n|\n|t:|1699752951\n|move|p2a: \u5175\u957f|Surging Strikes|p1a: \u6211\u8001\u5a46\n|-supereffective|p1a: \u6211\u8001\u5a46\n|-crit|p1a: \u6211\u8001\u5a46\n|-damage|p1a: \u6211\u8001\u5a46|0 fnt\n|faint|p1a: \u6211\u8001\u5a46\n|-hitcount|p1: \u6211\u8001\u5a46|1\n|\n|upkeep\n|\n|t:|1699752963\n|switch|p1a: Ogerpon|Ogerpon-Cornerstone, F|100\/100\n|turn|21\n|\n|t:|1699752965\n|move|p2a: \u5175\u957f|Surging Strikes|p1a: Ogerpon\n|-crit|p1a: Ogerpon\n|-damage|p1a: Ogerpon|64\/100\n|-crit|p1a: Ogerpon\n|-damage|p1a: Ogerpon|31\/100\n|-crit|p1a: Ogerpon\n|-damage|p1a: Ogerpon|0 fnt\n|faint|p1a: Ogerpon\n|-hitcount|p1: Ogerpon|3\n|\n|upkeep\n|\n|t:|1699752972\n|switch|p1a: Garchomp|Garchomp, M|48\/100\n|turn|22\n|\n|t:|1699752976\n|move|p2a: \u5175\u957f|Surging Strikes|p1a: Garchomp\n|-crit|p1a: Garchomp\n|-damage|p1a: Garchomp|21\/100\n|-damage|p2a: \u5175\u957f|82\/100|[from] ability: Rough Skin|[of] p1a: Garchomp\n|-crit|p1a: Garchomp\n|-damage|p1a: Garchomp|0 fnt\n|-damage|p2a: \u5175\u957f|70\/100|[from] ability: Rough Skin|[of] p1a: Garchomp\n|faint|p1a: Garchomp\n|-hitcount|p1: Garchomp|2\n|\n|upkeep\n|\n|t:|1699752980\n|switch|p1a: Ceruledge|Ceruledge, M|100\/100\n|turn|23\n|\n|t:|1699752984\n|move|p1a: Ceruledge|Shadow Sneak|p2a: \u5175\u957f\n|-damage|p2a: \u5175\u957f|50\/100\n|move|p2a: \u5175\u957f|Surging Strikes|p1a: Ceruledge\n|-supereffective|p1a: Ceruledge\n|-crit|p1a: Ceruledge\n|-damage|p1a: Ceruledge|21\/100\n|-ability|p1a: Ceruledge|Weak Armor|boost\n|-unboost|p1a: Ceruledge|def|1\n|-boost|p1a: Ceruledge|spe|2\n|-supereffective|p1a: Ceruledge\n|-crit|p1a: Ceruledge\n|-damage|p1a: Ceruledge|0 fnt\n|faint|p1a: Ceruledge\n|-hitcount|p1: Ceruledge|2\n|\n|upkeep\n|c|\u2606jsj2679|gg\n|\n|t:|1699752993\n|switch|p1a: \u8776\u8776\u8776|Tapu Lele|100\/100\n|-fieldstart|move: Psychic Terrain|[from] ability: Psychic Surge|[of] p1a: \u8776\u8776\u8776\n|turn|24\n|\n|t:|1699752998\n|move|p2a: \u5175\u957f|Surging Strikes|p1a: \u8776\u8776\u8776\n|-crit|p1a: \u8776\u8776\u8776\n|-damage|p1a: \u8776\u8776\u8776|57\/100\n|-crit|p1a: \u8776\u8776\u8776\n|-damage|p1a: \u8776\u8776\u8776|15\/100\n|-crit|p1a: \u8776\u8776\u8776\n|-damage|p1a: \u8776\u8776\u8776|0 fnt\n|faint|p1a: \u8776\u8776\u8776\n|-hitcount|p1: \u8776\u8776\u8776|3\n|\n|win|jsj2679\n|raw|Mr.checkmate\u65e0\u5fc3\u65e0\u68a6's rating: 1641 &rarr; <strong>1627<\/strong><br \/>(-14 for losing)\n|raw|jsj2679's rating: 1758 &rarr; <strong>1772<\/strong><br \/>(+14 for winning)\n|l|\u2606Mr.checkmate\u65e0\u5fc3\u65e0\u68a6\n","uploadtime":1699753012,"views":7,"p1id":"mrcheckmate","p2id":"jsj2679","formatid":"gen9nationaldex","rating":1627,"private":0,"password":""}