{"id":"gen9nationaldex-1998693273","p1":"James K Polk","p2":"A-Grade","format":"[Gen 9] National Dex","log":"|html|<div class=\"broadcast-blue\"><strong>[Gen 9] National Dex is currently suspecting Sneasler! For information on how to participate check out the <a href=\"https:\/\/www.smogon.com\/forums\/threads\/sv-national-dex-suspect-8-just-dance.3731534\/\">suspect thread<\/a>.<\/strong><\/div>\n|j|\u2606James K Polk\n|j|\u2606A-Grade\n|t:|1700973454\n|gametype|singles\n|player|p1|James K Polk|ninjaboy|1311\n|player|p2|A-Grade|102|1272\n|teamsize|p1|6\n|teamsize|p2|6\n|gen|9\n|tier|[Gen 9] National Dex\n|rated|\n|rule|HP Percentage Mod: HP is shown in percentages\n|rule|Endless Battle Clause: Forcing endless battles is banned\n|rule|OHKO Clause: OHKO moves are banned\n|rule|Evasion Clause: Evasion abilities, items, and moves are banned\n|rule|Evasion Abilities Clause: Evasion abilities are banned\n|rule|Evasion Items Clause: Evasion items are banned\n|rule|Evasion Moves Clause: Evasion moves are banned\n|rule|Species Clause: Limit one of each Pok\u00e9mon\n|rule|Sleep Clause Mod: Limit one foe put to sleep\n|clearpoke\n|poke|p1|Rillaboom, F|\n|poke|p1|Blacephalon|\n|poke|p1|Magnezone|\n|poke|p1|Slowking, M|\n|poke|p1|Swampert, M|\n|poke|p1|Crobat, F|\n|poke|p2|Salamence, F|\n|poke|p2|Tapu Lele|\n|poke|p2|Pelipper, M|\n|poke|p2|Ferrothorn, M|\n|poke|p2|Basculegion, M|\n|poke|p2|Overqwil, M|\n|teampreview\n|inactive|Battle timer is ON: inactive players will automatically lose when time's up. (requested by James K Polk)\n|\n|t:|1700973490\n|start\n|switch|p1a: Magnezone|Magnezone|100\/100\n|switch|p2a: Pelipper|Pelipper, M|100\/100\n|-weather|RainDance|[from] ability: Drizzle|[of] p2a: Pelipper\n|turn|1\n|\n|t:|1700973500\n|switch|p2a: Ferrothorn|Ferrothorn, M|100\/100\n|move|p1a: Magnezone|Volt Switch|p2a: Ferrothorn\n|-resisted|p2a: Ferrothorn\n|-damage|p2a: Ferrothorn|79\/100\n|-enditem|p2a: Ferrothorn|Eject Button\n|\n|t:|1700973511\n|switch|p2a: Basculegion|Basculegion, M|100\/100\n|\n|-weather|RainDance|[upkeep]\n|upkeep\n|turn|2\n|\n|t:|1700973517\n|move|p2a: Basculegion|Wave Crash|p1a: Magnezone\n|-damage|p1a: Magnezone|0 fnt\n|faint|p1a: Magnezone\n|-damage|p2a: Basculegion|71\/100|[from] Recoil\n|\n|-weather|RainDance|[upkeep]\n|upkeep\n|\n|t:|1700973520\n|switch|p1a: Rillaboom|Rillaboom, F|100\/100\n|-fieldstart|move: Grassy Terrain|[from] ability: Grassy Surge|[of] p1a: Rillaboom\n|turn|3\n|\n|t:|1700973528\n|switch|p2a: Overqwil|Overqwil, M|100\/100\n|move|p1a: Rillaboom|U-turn|p2a: Overqwil\n|-damage|p2a: Overqwil|61\/100\n|\n|t:|1700973531\n|switch|p1a: Swampert|Swampert, M|100\/100|[from] U-turn\n|\n|-weather|RainDance|[upkeep]\n|-heal|p2a: Overqwil|67\/100|[from] Grassy Terrain\n|upkeep\n|turn|4\n|\n|t:|1700973538\n|switch|p2a: Salamence|Salamence, F|100\/100\n|-ability|p2a: Salamence|Intimidate|boost\n|-unboost|p1a: Swampert|atk|1\n|move|p1a: Swampert|Stealth Rock|p2a: Salamence\n|-sidestart|p2: A-Grade|move: Stealth Rock\n|\n|-weather|RainDance|[upkeep]\n|upkeep\n|turn|5\n|\n|t:|1700973552\n|move|p2a: Salamence|Hurricane|p1a: Swampert\n|-damage|p1a: Swampert|28\/100\n|move|p1a: Swampert|Flip Turn|p2a: Salamence\n|-resisted|p2a: Salamence\n|-damage|p2a: Salamence|81\/100\n|\n|t:|1700973560\n|switch|p1a: Slowking|Slowking, M|100\/100|[from] Flip Turn\n|\n|-weather|RainDance|[upkeep]\n|upkeep\n|turn|6\n|\n|t:|1700973588\n|switch|p2a: Ferrothorn|Ferrothorn, M|79\/100\n|-damage|p2a: Ferrothorn|73\/100|[from] Stealth Rock\n|move|p1a: Slowking|Chilly Reception|p1a: Slowking\n|-weather|Snow\n|\n|t:|1700973595\n|switch|p1a: Blacephalon|Blacephalon|100\/100|[from] Chilly Reception\n|\n|-weather|Snow|[upkeep]\n|-heal|p2a: Ferrothorn|79\/100|[from] Grassy Terrain\n|upkeep\n|turn|7\n|inactive|A-Grade has 120 seconds left.\n|\n|t:|1700973640\n|switch|p2a: Overqwil|Overqwil, M|67\/100\n|-damage|p2a: Overqwil|55\/100|[from] Stealth Rock\n|move|p1a: Blacephalon|Shadow Ball|p2a: Overqwil\n|-resisted|p2a: Overqwil\n|-damage|p2a: Overqwil|18\/100\n|\n|-weather|Snow|[upkeep]\n|-heal|p2a: Overqwil|24\/100|[from] Grassy Terrain\n|-fieldend|move: Grassy Terrain\n|upkeep\n|turn|8\n|\n|t:|1700973653\n|move|p1a: Blacephalon|Shadow Ball|p2a: Overqwil\n|-resisted|p2a: Overqwil\n|-damage|p2a: Overqwil|0 fnt\n|faint|p2a: Overqwil\n|-ability|p1a: Blacephalon|Beast Boost|boost\n|-boost|p1a: Blacephalon|spa|1\n|\n|-weather|Snow|[upkeep]\n|upkeep\n|inactive|A-Grade has 90 seconds left.\n|\n|t:|1700973672\n|switch|p2a: Pelipper|Pelipper, M|100\/100\n|-damage|p2a: Pelipper|76\/100|[from] Stealth Rock\n|-weather|RainDance|[from] ability: Drizzle|[of] p2a: Pelipper\n|turn|9\n|inactive|A-Grade has 90 seconds left.\n|\n|t:|1700973690\n|switch|p2a: Salamence|Salamence, F|81\/100\n|-damage|p2a: Salamence|56\/100|[from] Stealth Rock\n|-ability|p2a: Salamence|Intimidate|boost\n|-unboost|p1a: Blacephalon|atk|1\n|move|p1a: Blacephalon|Shadow Ball|p2a: Salamence\n|-damage|p2a: Salamence|0 fnt\n|faint|p2a: Salamence\n|-ability|p1a: Blacephalon|Beast Boost|boost\n|-boost|p1a: Blacephalon|spa|1\n|\n|-weather|RainDance|[upkeep]\n|upkeep\n|\n|t:|1700973697\n|switch|p2a: Basculegion|Basculegion, M|71\/100\n|-damage|p2a: Basculegion|59\/100|[from] Stealth Rock\n|turn|10\n|inactive|A-Grade has 90 seconds left.\n|\n|t:|1700973704\n|switch|p1a: Swampert|Swampert, M|28\/100\n|move|p2a: Basculegion|Flip Turn|p1a: Swampert\n|-damage|p1a: Swampert|0 fnt\n|faint|p1a: Swampert\n|inactive|A-Grade has 90 seconds left.\n|\n|t:|1700973714\n|switch|p2a: Ferrothorn|Ferrothorn, M|79\/100|[from] Flip Turn\n|-damage|p2a: Ferrothorn|73\/100|[from] Stealth Rock\n|\n|-weather|RainDance|[upkeep]\n|upkeep\n|\n|t:|1700973720\n|switch|p1a: Slowking|Slowking, M|100\/100\n|turn|11\n|\n|t:|1700973725\n|move|p1a: Slowking|Chilly Reception|p1a: Slowking\n|-weather|Snow\n|\n|t:|1700973729\n|switch|p1a: Blacephalon|Blacephalon|100\/100|[from] Chilly Reception\n|move|p2a: Ferrothorn|Stealth Rock|p1a: Blacephalon\n|-sidestart|p1: James K Polk|move: Stealth Rock\n|\n|-weather|Snow|[upkeep]\n|upkeep\n|turn|12\n|\n|t:|1700973754\n|switch|p2a: Pelipper|Pelipper, M|76\/100\n|-damage|p2a: Pelipper|51\/100|[from] Stealth Rock\n|-weather|RainDance|[from] ability: Drizzle|[of] p2a: Pelipper\n|move|p1a: Blacephalon|Shadow Ball|p2a: Pelipper\n|-damage|p2a: Pelipper|0 fnt\n|faint|p2a: Pelipper\n|-ability|p1a: Blacephalon|Beast Boost|boost\n|-boost|p1a: Blacephalon|spa|1\n|\n|-weather|RainDance|[upkeep]\n|upkeep\n|\n|t:|1700973763\n|switch|p2a: Basculegion|Basculegion, M|59\/100\n|-damage|p2a: Basculegion|46\/100|[from] Stealth Rock\n|turn|13\n|inactive|A-Grade has 90 seconds left.\n|\n|t:|1700973784\n|switch|p1a: Rillaboom|Rillaboom, F|100\/100\n|-damage|p1a: Rillaboom|88\/100|[from] Stealth Rock\n|-fieldstart|move: Grassy Terrain|[from] ability: Grassy Surge|[of] p1a: Rillaboom\n|-terastallize|p2a: Basculegion|Water\n|move|p2a: Basculegion|Liquidation|p1a: Rillaboom\n|-resisted|p1a: Rillaboom\n|-damage|p1a: Rillaboom|15\/100\n|\n|-weather|RainDance|[upkeep]\n|-heal|p2a: Basculegion|52\/100|[from] Grassy Terrain\n|-heal|p1a: Rillaboom|21\/100|[from] Grassy Terrain\n|upkeep\n|turn|14\n|inactive|A-Grade has 90 seconds left.\n|\n|t:|1700973815\n|switch|p2a: Ferrothorn|Ferrothorn, M|73\/100\n|-damage|p2a: Ferrothorn|67\/100|[from] Stealth Rock\n|move|p1a: Rillaboom|U-turn|p2a: Ferrothorn\n|-damage|p2a: Ferrothorn|41\/100\n|-damage|p1a: Rillaboom|9\/100|[from] ability: Iron Barbs|[of] p2a: Ferrothorn\n|inactive|James K Polk has 120 seconds left.\n|\n|t:|1700973831\n|switch|p1a: Slowking|Slowking, M|100\/100|[from] U-turn\n|\n|-weather|RainDance|[upkeep]\n|-heal|p2a: Ferrothorn|47\/100|[from] Grassy Terrain\n|upkeep\n|turn|15\n|\n|t:|1700973837\n|move|p1a: Slowking|Chilly Reception|p1a: Slowking\n|-weather|Snow\n|\n|t:|1700973841\n|switch|p1a: Crobat|Crobat, F|100\/100|[from] Chilly Reception\n|move|p2a: Ferrothorn|Power Whip|p1a: Crobat|[miss]\n|-miss|p2a: Ferrothorn|p1a: Crobat\n|\n|-weather|Snow|[upkeep]\n|-heal|p2a: Ferrothorn|53\/100|[from] Grassy Terrain\n|upkeep\n|turn|16\n|\n|t:|1700973848\n|move|p1a: Crobat|Defog|p2a: Ferrothorn\n|-unboost|p2a: Ferrothorn|evasion|1\n|-sideend|p2: A-Grade|Stealth Rock|[from] move: Defog|[of] p1a: Crobat\n|-sideend|p1: James K Polk|Stealth Rock|[from] move: Defog|[of] p1a: Crobat\n|-fieldend|move: Grassy Terrain\n|move|p2a: Ferrothorn|Gyro Ball|p1a: Crobat\n|-damage|p1a: Crobat|47\/100\n|\n|-weather|Snow|[upkeep]\n|upkeep\n|turn|17\n|\n|t:|1700973867\n|move|p1a: Crobat|Roost|p1a: Crobat\n|-heal|p1a: Crobat|97\/100\n|-singleturn|p1a: Crobat|move: Roost\n|move|p2a: Ferrothorn|Stealth Rock|p1a: Crobat\n|-sidestart|p1: James K Polk|move: Stealth Rock\n|\n|-weather|Snow|[upkeep]\n|upkeep\n|turn|18\n|\n|t:|1700973875\n|move|p1a: Crobat|Defog|p2a: Ferrothorn\n|-unboost|p2a: Ferrothorn|evasion|1\n|-sideend|p1: James K Polk|Stealth Rock|[from] move: Defog|[of] p1a: Crobat\n|move|p2a: Ferrothorn|Gyro Ball|p1a: Crobat\n|-damage|p1a: Crobat|41\/100\n|\n|-weather|Snow|[upkeep]\n|upkeep\n|turn|19\n|\n|t:|1700973896\n|switch|p1a: Blacephalon|Blacephalon|100\/100\n|move|p2a: Ferrothorn|Stealth Rock|p1a: Blacephalon\n|-sidestart|p1: James K Polk|move: Stealth Rock\n|\n|-weather|none\n|upkeep\n|turn|20\n|inactive|A-Grade has 120 seconds left.\n|\n|t:|1700973909\n|move|p1a: Blacephalon|Fire Blast|p2a: Ferrothorn\n|-supereffective|p2a: Ferrothorn\n|-crit|p2a: Ferrothorn\n|-damage|p2a: Ferrothorn|0 fnt\n|faint|p2a: Ferrothorn\n|-ability|p1a: Blacephalon|Beast Boost|boost\n|-boost|p1a: Blacephalon|spa|1\n|\n|upkeep\n|\n|t:|1700973912\n|switch|p2a: Basculegion|Basculegion, M, tera:Water|52\/100\n|turn|21\n|inactive|James K Polk has 120 seconds left.\n|inactive|A-Grade has 120 seconds left.\n|\n|t:|1700973965\n|switch|p1a: Slowking|Slowking, M|100\/100\n|move|p2a: Basculegion|Wave Crash|p1a: Slowking\n|-resisted|p1a: Slowking\n|-damage|p1a: Slowking|41\/100\n|-damage|p2a: Basculegion|32\/100|[from] Recoil\n|\n|upkeep\n|turn|22\n|inactive|James K Polk has 120 seconds left.\n|\n|t:|1700973992\n|move|p2a: Basculegion|Wave Crash|p1a: Slowking\n|-resisted|p1a: Slowking\n|-damage|p1a: Slowking|0 fnt\n|faint|p1a: Slowking\n|-damage|p2a: Basculegion|18\/100|[from] Recoil\n|\n|upkeep\n|\n|t:|1700973999\n|switch|p1a: Crobat|Crobat, F|41\/100\n|turn|23\n|\n|t:|1700974027\n|move|p1a: Crobat|Defog|p2a: Basculegion\n|-unboost|p2a: Basculegion|evasion|1\n|-sideend|p1: James K Polk|Stealth Rock|[from] move: Defog|[of] p1a: Crobat\n|move|p2a: Basculegion|Wave Crash|p1a: Crobat\n|-damage|p1a: Crobat|0 fnt\n|faint|p1a: Crobat\n|-damage|p2a: Basculegion|5\/100|[from] Recoil\n|\n|upkeep\n|\n|t:|1700974042\n|switch|p1a: Blacephalon|Blacephalon|100\/100\n|turn|24\n|inactive|A-Grade has 90 seconds left.\n|\n|t:|1700974066\n|move|p1a: Blacephalon|Shadow Ball|p2a: Basculegion\n|-damage|p2a: Basculegion|0 fnt\n|faint|p2a: Basculegion\n|-ability|p1a: Blacephalon|Beast Boost|boost\n|-boost|p1a: Blacephalon|spa|1\n|\n|upkeep\n|\n|t:|1700974069\n|switch|p2a: Tapu Lele|Tapu Lele|100\/100\n|-fieldstart|move: Psychic Terrain|[from] ability: Psychic Surge|[of] p2a: Tapu Lele\n|turn|25\n|inactive|A-Grade has 90 seconds left.\n|\n|t:|1700974084\n|move|p1a: Blacephalon|Shadow Ball|p2a: Tapu Lele\n|-supereffective|p2a: Tapu Lele\n|-damage|p2a: Tapu Lele|0 fnt\n|faint|p2a: Tapu Lele\n|\n|win|James K Polk\n|raw|James K Polk's rating: 1311 &rarr; <strong>1329<\/strong><br \/>(+18 for winning)\n|raw|A-Grade's rating: 1272 &rarr; <strong>1250<\/strong><br \/>(-22 for losing)\n|c|\u2606A-Grade|gg\n|l|\u2606James K Polk\n|n|\u2606agrade|agrade\n","uploadtime":1700974098,"views":4,"p1id":"jameskpolk","p2id":"agrade","formatid":"gen9nationaldex","rating":1250,"private":0,"password":""}