{"id":"gen9nationaldex-1988642941","p1":"WOHOOOO","p2":"AncientFr33z","format":"[Gen 9] National Dex","log":"|j|\u2606WOHOOOO\n|j|\u2606AncientFr33z\n|t:|1699745394\n|gametype|singles\n|player|p1|WOHOOOO|pokemonrangerf-gen3|1310\n|player|p2|AncientFr33z|gentleman-gen4|1288\n|teamsize|p1|6\n|teamsize|p2|6\n|gen|9\n|tier|[Gen 9] National Dex\n|rated|\n|rule|HP Percentage Mod: HP is shown in percentages\n|rule|Endless Battle Clause: Forcing endless battles is banned\n|rule|OHKO Clause: OHKO moves are banned\n|rule|Evasion Clause: Evasion abilities, items, and moves are banned\n|rule|Evasion Abilities Clause: Evasion abilities are banned\n|rule|Evasion Items Clause: Evasion items are banned\n|rule|Evasion Moves Clause: Evasion moves are banned\n|rule|Species Clause: Limit one of each Pok\u00e9mon\n|rule|Sleep Clause Mod: Limit one foe put to sleep\n|clearpoke\n|poke|p1|Phione|\n|poke|p1|Manaphy|\n|poke|p1|Pelipper, M|\n|poke|p1|Ludicolo, M|\n|poke|p1|Swampert, M|\n|poke|p1|Politoed, M|\n|poke|p2|Ninetales-Alola, M|\n|poke|p2|Dragonite, F|\n|poke|p2|Gyarados, F|\n|poke|p2|Skeledirge, F|\n|poke|p2|Alakazam, M|\n|poke|p2|Corviknight, M|\n|teampreview\n|inactive|Battle timer is ON: inactive players will automatically lose when time's up. (requested by AncientFr33z)\n|c|\u2606WOHOOOO|Hey\n|c|\u2606WOHOOOO|Im alone\n|c|\u2606WOHOOOO|And mostly sad\n|\n|t:|1699745414\n|start\n|switch|p1a: Pelipper|Pelipper, M|100\/100\n|switch|p2a: Gyarados|Gyarados, F|100\/100\n|-weather|RainDance|[from] ability: Drizzle|[of] p1a: Pelipper\n|turn|1\n|\n|t:|1699745419\n|move|p2a: Gyarados|Dragon Dance|p2a: Gyarados\n|-boost|p2a: Gyarados|atk|1\n|-boost|p2a: Gyarados|spe|1\n|move|p1a: Pelipper|Scald|p2a: Gyarados\n|-resisted|p2a: Gyarados\n|-damage|p2a: Gyarados|77\/100\n|-status|p2a: Gyarados|brn\n|\n|-weather|RainDance|[upkeep]\n|-heal|p2a: Gyarados|83\/100 brn|[from] item: Leftovers\n|-damage|p2a: Gyarados|77\/100 brn|[from] brn\n|upkeep\n|turn|2\n|c|\u2606AncientFr33z|my condolences\n|\n|t:|1699745425\n|move|p2a: Gyarados|Waterfall|p1a: Pelipper\n|-resisted|p1a: Pelipper\n|-damage|p1a: Pelipper|80\/100\n|move|p1a: Pelipper|U-turn|p2a: Gyarados\n|-resisted|p2a: Gyarados\n|-damage|p2a: Gyarados|72\/100 brn\n|c|\u2606WOHOOOO|: (\n|j| OuterDreams\n|\n|t:|1699745436\n|switch|p1a: Phione|Phione|100\/100|[from] U-turn\n|\n|-weather|RainDance|[upkeep]\n|-heal|p2a: Gyarados|78\/100 brn|[from] item: Leftovers\n|-damage|p2a: Gyarados|72\/100 brn|[from] brn\n|upkeep\n|turn|3\n|\n|t:|1699745439\n|move|p2a: Gyarados|Dragon Dance|p2a: Gyarados\n|-boost|p2a: Gyarados|atk|1\n|-boost|p2a: Gyarados|spe|1\n|move|p1a: Phione|Acid Armor|p1a: Phione\n|-boost|p1a: Phione|def|2\n|\n|-weather|RainDance|[upkeep]\n|-heal|p2a: Gyarados|78\/100 brn|[from] item: Leftovers\n|-damage|p2a: Gyarados|72\/100 brn|[from] brn\n|upkeep\n|turn|4\n|c|\u2606WOHOOOO|Heyheyey\n|c|\u2606WOHOOOO|Hello\n|c|\u2606WOHOOOO|Want to be ma frends?\n|\n|t:|1699745458\n|switch|p2a: Ninetales|Ninetales-Alola, M|100\/100\n|-weather|Snow|[from] ability: Snow Warning|[of] p2a: Ninetales\n|move|p1a: Phione|Acid Armor|p1a: Phione\n|-boost|p1a: Phione|def|2\n|\n|-weather|Snow|[upkeep]\n|upkeep\n|turn|5\n|c|\u2606AncientFr33z|if you win\n|\n|t:|1699745473\n|-terastallize|p1a: Phione|Ice\n|move|p2a: Ninetales|Aurora Veil|p2a: Ninetales\n|-sidestart|p2: AncientFr33z|move: Aurora Veil\n|move|p1a: Phione|Take Heart|p1a: Phione\n|-boost|p1a: Phione|spa|1\n|-boost|p1a: Phione|spd|1\n|\n|-weather|Snow|[upkeep]\n|upkeep\n|turn|6\n|c|\u2606WOHOOOO|Oke!*!(\n|\n|t:|1699745480\n|switch|p2a: Skeledirge|Skeledirge, F|100\/100\n|move|p1a: Phione|Take Heart|p1a: Phione\n|-boost|p1a: Phione|spa|1\n|-boost|p1a: Phione|spd|1\n|\n|-weather|Snow|[upkeep]\n|upkeep\n|turn|7\n|\n|t:|1699745484\n|move|p1a: Phione|Surf|p2a: Skeledirge\n|-supereffective|p2a: Skeledirge\n|-damage|p2a: Skeledirge|66\/100\n|move|p2a: Skeledirge|Torch Song|p1a: Phione\n|-supereffective|p1a: Phione\n|-damage|p1a: Phione|12\/100\n|-boost|p2a: Skeledirge|spa|1\n|\n|-weather|Snow|[upkeep]\n|-heal|p1a: Phione|18\/100|[from] item: Leftovers\n|-heal|p2a: Skeledirge|72\/100|[from] item: Leftovers\n|upkeep\n|turn|8\n|\n|t:|1699745490\n|move|p1a: Phione|Surf|p2a: Skeledirge\n|-supereffective|p2a: Skeledirge\n|-damage|p2a: Skeledirge|36\/100\n|move|p2a: Skeledirge|Torch Song|p1a: Phione\n|-supereffective|p1a: Phione\n|-damage|p1a: Phione|0 fnt\n|-boost|p2a: Skeledirge|spa|1\n|faint|p1a: Phione\n|\n|-weather|none\n|-heal|p2a: Skeledirge|42\/100|[from] item: Leftovers\n|upkeep\n|\n|t:|1699745496\n|switch|p1a: Pelipper|Pelipper, M|80\/100\n|-weather|RainDance|[from] ability: Drizzle|[of] p1a: Pelipper\n|turn|9\n|\n|t:|1699745507\n|switch|p2a: Ninetales|Ninetales-Alola, M|100\/100\n|-weather|Snow|[from] ability: Snow Warning|[of] p2a: Ninetales\n|move|p1a: Pelipper|Defog|p2a: Ninetales\n|-unboost|p2a: Ninetales|evasion|1\n|-sideend|p2: AncientFr33z|move: Aurora Veil\n|\n|-weather|Snow|[upkeep]\n|upkeep\n|turn|10\n|\n|t:|1699745511\n|move|p2a: Ninetales|Aurora Veil|p2a: Ninetales\n|-sidestart|p2: AncientFr33z|move: Aurora Veil\n|move|p1a: Pelipper|U-turn|p2a: Ninetales\n|-resisted|p2a: Ninetales\n|-damage|p2a: Ninetales|99\/100\n|\n|t:|1699745513\n|switch|p1a: Politoed|Politoed, M|100\/100|[from] U-turn\n|-weather|RainDance|[from] ability: Drizzle|[of] p1a: Politoed\n|\n|-weather|RainDance|[upkeep]\n|upkeep\n|turn|11\n|\n|t:|1699745517\n|move|p2a: Ninetales|Hypnosis|p1a: Politoed|[miss]\n|-miss|p2a: Ninetales|p1a: Politoed\n|move|p1a: Politoed|Toxic|p2a: Ninetales\n|-status|p2a: Ninetales|tox\n|\n|-weather|RainDance|[upkeep]\n|-damage|p2a: Ninetales|93\/100 tox|[from] psn\n|upkeep\n|turn|12\n|\n|t:|1699745524\n|move|p2a: Ninetales|Hypnosis|p1a: Politoed|[miss]\n|-miss|p2a: Ninetales|p1a: Politoed\n|move|p1a: Politoed|Perish Song|p1a: Politoed\n|-start|p1a: Politoed|perish3|[silent]\n|-start|p2a: Ninetales|perish3|[silent]\n|-fieldactivate|move: Perish Song\n|\n|-weather|RainDance|[upkeep]\n|-damage|p2a: Ninetales|81\/100 tox|[from] psn\n|-start|p2a: Ninetales|perish3\n|-start|p1a: Politoed|perish3\n|upkeep\n|turn|13\n|\n|t:|1699745532\n|switch|p2a: Alakazam|Alakazam, M|100\/100\n|move|p1a: Politoed|Scald|p2a: Alakazam\n|-damage|p2a: Alakazam|75\/100\n|\n|-weather|RainDance|[upkeep]\n|-start|p1a: Politoed|perish2\n|upkeep\n|turn|14\n|\n|t:|1699745535\n|move|p2a: Alakazam|Psychic|p1a: Politoed\n|-damage|p1a: Politoed|32\/100\n|move|p1a: Politoed|Perish Song|p1a: Politoed\n|-start|p2a: Alakazam|perish3|[silent]\n|-fieldactivate|move: Perish Song\n|\n|-weather|RainDance|[upkeep]\n|-start|p2a: Alakazam|perish3\n|-start|p1a: Politoed|perish1\n|upkeep\n|turn|15\n|\n|t:|1699745543\n|switch|p1a: Manaphy|Manaphy|100\/100\n|move|p2a: Alakazam|Psychic|p1a: Manaphy\n|-damage|p1a: Manaphy|16\/100\n|\n|-weather|RainDance|[upkeep]\n|-heal|p1a: Manaphy|22\/100|[from] item: Leftovers\n|-start|p2a: Alakazam|perish2\n|upkeep\n|turn|16\n|\n|t:|1699745549\n|move|p2a: Alakazam|Psychic|p1a: Manaphy\n|-damage|p1a: Manaphy|0 fnt\n|faint|p1a: Manaphy\n|\n|-weather|RainDance|[upkeep]\n|-start|p2a: Alakazam|perish1\n|upkeep\n|\n|t:|1699745555\n|switch|p1a: Swampert|Swampert, M|100\/100\n|turn|17\n|\n|t:|1699745560\n|switch|p2a: Gyarados|Gyarados, F|72\/100 brn\n|detailschange|p1a: Swampert|Swampert-Mega, M\n|-mega|p1a: Swampert|Swampert|Swampertite\n|move|p1a: Swampert|Waterfall|p2a: Gyarados\n|-resisted|p2a: Gyarados\n|-damage|p2a: Gyarados|46\/100 brn\n|\n|-weather|none\n|-heal|p2a: Gyarados|52\/100 brn|[from] item: Leftovers\n|-damage|p2a: Gyarados|46\/100 brn|[from] brn\n|-sideend|p2: AncientFr33z|move: Aurora Veil\n|upkeep\n|turn|18\n|\n|t:|1699745571\n|move|p2a: Gyarados|Power Whip|p1a: Swampert|[miss]\n|-miss|p2a: Gyarados|p1a: Swampert\n|move|p1a: Swampert|Power-Up Punch|p2a: Gyarados\n|-resisted|p2a: Gyarados\n|-damage|p2a: Gyarados|35\/100 brn\n|-boost|p1a: Swampert|atk|1\n|\n|-heal|p2a: Gyarados|41\/100 brn|[from] item: Leftovers\n|-damage|p2a: Gyarados|35\/100 brn|[from] brn\n|upkeep\n|turn|19\n|\n|t:|1699745574\n|move|p2a: Gyarados|Power Whip|p1a: Swampert\n|-supereffective|p1a: Swampert\n|-damage|p1a: Swampert|25\/100\n|move|p1a: Swampert|Waterfall|p2a: Gyarados\n|-resisted|p2a: Gyarados\n|-crit|p2a: Gyarados\n|-damage|p2a: Gyarados|0 fnt\n|faint|p2a: Gyarados\n|\n|upkeep\n|\n|t:|1699745586\n|switch|p2a: Alakazam|Alakazam, M|75\/100\n|turn|20\n|c|\u2606WOHOOOO|I need to win, the power of friendship..\n|\n|t:|1699745602\n|switch|p1a: Pelipper|Pelipper, M|80\/100\n|-weather|RainDance|[from] ability: Drizzle|[of] p1a: Pelipper\n|move|p2a: Alakazam|Psychic|p1a: Pelipper\n|-damage|p1a: Pelipper|0 fnt\n|faint|p1a: Pelipper\n|\n|-weather|RainDance|[upkeep]\n|upkeep\n|\n|t:|1699745605\n|switch|p1a: Swampert|Swampert-Mega, M|25\/100\n|turn|21\n|\n|t:|1699745611\n|switch|p2a: Ninetales|Ninetales-Alola, M|81\/100 tox\n|-weather|Snow|[from] ability: Snow Warning|[of] p2a: Ninetales\n|move|p1a: Swampert|Waterfall|p2a: Ninetales\n|-damage|p2a: Ninetales|39\/100 tox\n|\n|-weather|Snow|[upkeep]\n|-damage|p2a: Ninetales|33\/100 tox|[from] psn\n|upkeep\n|turn|22\n|\n|t:|1699745618\n|switch|p1a: Politoed|Politoed, M|32\/100\n|-weather|RainDance|[from] ability: Drizzle|[of] p1a: Politoed\n|move|p2a: Ninetales|Moonblast|p1a: Politoed\n|-damage|p1a: Politoed|7\/100\n|\n|-weather|RainDance|[upkeep]\n|-damage|p2a: Ninetales|21\/100 tox|[from] psn\n|upkeep\n|turn|23\n|\n|t:|1699745628\n|switch|p2a: Dragonite|Dragonite, F|100\/100\n|switch|p1a: Ludicolo|Ludicolo, M|100\/100\n|\n|-weather|RainDance|[upkeep]\n|upkeep\n|turn|24\n|\n|t:|1699745631\n|move|p1a: Ludicolo|Ice Beam|p2a: Dragonite\n|-supereffective|p2a: Dragonite\n|-damage|p2a: Dragonite|34\/100\n|-damage|p1a: Ludicolo|91\/100|[from] item: Life Orb\n|move|p2a: Dragonite|Dual Wingbeat|p1a: Ludicolo\n|-supereffective|p1a: Ludicolo\n|-damage|p1a: Ludicolo|25\/100\n|-supereffective|p1a: Ludicolo\n|-damage|p1a: Ludicolo|0 fnt\n|faint|p1a: Ludicolo\n|-hitcount|p1: Ludicolo|2\n|\n|-weather|RainDance|[upkeep]\n|-heal|p2a: Dragonite|41\/100|[from] item: Leftovers\n|upkeep\n|\n|t:|1699745638\n|switch|p1a: Swampert|Swampert-Mega, M|25\/100\n|turn|25\n|\n|t:|1699745641\n|move|p1a: Swampert|Ice Punch|p2a: Dragonite\n|-supereffective|p2a: Dragonite\n|-damage|p2a: Dragonite|0 fnt\n|faint|p2a: Dragonite\n|\n|-weather|RainDance|[upkeep]\n|upkeep\n|\n|t:|1699745642\n|switch|p2a: Ninetales|Ninetales-Alola, M|21\/100 tox\n|-weather|Snow|[from] ability: Snow Warning|[of] p2a: Ninetales\n|turn|26\n|\n|t:|1699745647\n|switch|p1a: Politoed|Politoed, M|7\/100\n|-weather|RainDance|[from] ability: Drizzle|[of] p1a: Politoed\n|move|p2a: Ninetales|Moonblast|p1a: Politoed\n|-damage|p1a: Politoed|0 fnt\n|faint|p1a: Politoed\n|\n|-weather|RainDance|[upkeep]\n|-damage|p2a: Ninetales|15\/100 tox|[from] psn\n|upkeep\n|\n|t:|1699745648\n|switch|p1a: Swampert|Swampert-Mega, M|25\/100\n|turn|27\n|c|\u2606WOHOOOO|Dont change xD\n|\n|t:|1699745660\n|move|p1a: Swampert|Waterfall|p2a: Ninetales\n|-damage|p2a: Ninetales|0 fnt\n|faint|p2a: Ninetales\n|\n|-weather|RainDance|[upkeep]\n|upkeep\n|c|\u2606AncientFr33z|lets make it interesting\n|\n|t:|1699745668\n|switch|p2a: Skeledirge|Skeledirge, F|42\/100\n|turn|28\n|c|\u2606WOHOOOO|\ud83d\ude0d\ud83d\ude0d\ud83d\ude0d\n|\n|t:|1699745675\n|move|p1a: Swampert|Waterfall|p2a: Skeledirge\n|-supereffective|p2a: Skeledirge\n|-damage|p2a: Skeledirge|0 fnt\n|faint|p2a: Skeledirge\n|\n|-weather|RainDance|[upkeep]\n|upkeep\n|\n|t:|1699745683\n|switch|p2a: Alakazam|Alakazam, M|75\/100\n|turn|29\n|\n|t:|1699745685\n|move|p1a: Swampert|Waterfall|p2a: Alakazam\n|-damage|p2a: Alakazam|0 fnt\n|faint|p2a: Alakazam\n|\n|-weather|RainDance|[upkeep]\n|upkeep\n|\n|t:|1699745688\n|switch|p2a: Corviknight|Corviknight, M|100\/100\n|-ability|p2a: Corviknight|Pressure\n|turn|30\n|\n|t:|1699745692\n|move|p1a: Swampert|Waterfall|p2a: Corviknight\n|-damage|p2a: Corviknight|47\/100\n|move|p2a: Corviknight|Body Press|p1a: Swampert\n|-damage|p1a: Swampert|3\/100\n|\n|-weather|RainDance|[upkeep]\n|-heal|p2a: Corviknight|53\/100|[from] item: Leftovers\n|upkeep\n|turn|31\n|c|\u2606WOHOOOO|!!!!!!!!\n|\n|t:|1699745702\n|move|p1a: Swampert|Waterfall|p2a: Corviknight\n|-damage|p2a: Corviknight|3\/100\n|cant|p2a: Corviknight|flinch\n|\n|-weather|RainDance|[upkeep]\n|-heal|p2a: Corviknight|9\/100|[from] item: Leftovers\n|upkeep\n|turn|32\n|c|\u2606AncientFr33z|ofc\n|c|\u2606WOHOOOO|LOOOOOOL\n|c|\u2606WOHOOOO|I have a friend\n|c|\u2606WOHOOOO|The world want we to meet\n|\n|t:|1699745723\n|move|p1a: Swampert|Waterfall|p2a: Corviknight\n|-damage|p2a: Corviknight|0 fnt\n|faint|p2a: Corviknight\n|\n|win|WOHOOOO\n|raw|WOHOOOO's rating: 1310 &rarr; <strong>1329<\/strong><br \/>(+19 for winning)\n|raw|AncientFr33z's rating: 1288 &rarr; <strong>1265<\/strong><br \/>(-23 for losing)\n|c|\u2606AncientFr33z|certainly\n|c|\u2606WOHOOOO|Gg\n|c|\u2606AncientFr33z|gg\n|l| OuterDreams\n|c|\u2606WOHOOOO|So now what?\n|c|\u2606AncientFr33z|you tell me\n|c|\u2606WOHOOOO|\ud83e\udd15\n|c|\u2606WOHOOOO|Oh...\n|c|\u2606WOHOOOO|I dont know\n|c|\u2606WOHOOOO|How are u?\n|c|\u2606AncientFr33z|good good and u\n|c|\u2606WOHOOOO|Lone and sad\n|c|\u2606AncientFr33z|how so\n|c|\u2606WOHOOOO|I lost my friends and certainly all i had\n|c|\u2606AncientFr33z|why that\n|c|\u2606WOHOOOO|Also my hopes and dreams\n|c|\u2606WOHOOOO|Sorry if i didnt write well time without practicing\n|c|\u2606WOHOOOO|Dont\n|c|\u2606WOHOOOO|*\n|c|\u2606WOHOOOO|xD\n|c|\u2606AncientFr33z|All good dont see any flaws\n|c|\u2606WOHOOOO|Well my friends changed and i didnt go in the same wave u know what i mean?\n|c|\u2606WOHOOOO|So i ended up alone\n|c|\u2606AncientFr33z|my condolences\n|c|\u2606WOHOOOO|: (\n|c|\u2606WOHOOOO|By the way, what hour is where u live?\n|c|\u2606WOHOOOO|Because here 0:38\n|c|\u2606WOHOOOO|Im tired\n|c|\u2606WOHOOOO|And sad\n|c|\u2606AncientFr33z|Germany so its 00:38\n|c|\u2606WOHOOOO|O nice\n|c|\u2606AncientFr33z|and u?\n|c|\u2606WOHOOOO|Guttemorg!\n|c|\u2606WOHOOOO|Xdd\n|c|\u2606WOHOOOO|Spain\n|c|\u2606WOHOOOO|Hola\n|c|\u2606WOHOOOO|Good salchicha\n|c|\u2606AncientFr33z|nice nice\n|c|\u2606WOHOOOO|So ur life goes nice\n|c|\u2606AncientFr33z|cant complain\n|c|\u2606WOHOOOO|Some cool thing that happened to u?\n|c|\u2606AncientFr33z|besides me being addicted to league\n|c|\u2606WOHOOOO|Rocket league?\n|c|\u2606WOHOOOO|\ud83d\ude35\u200d\ud83d\udcab\n|c|\u2606AncientFr33z|disgusting. no league of legends\n|c|\u2606WOHOOOO|Oh no xd\n|c|\u2606WOHOOOO|I played time ago\n|c|\u2606AncientFr33z|agreed\n|c|\u2606WOHOOOO|Teemo\n|c|\u2606AncientFr33z|good stay away from it\n|c|\u2606WOHOOOO|Xddd\n|c|\u2606WOHOOOO|Dnt wrry u dont play anymore\n|c|\u2606WOHOOOO|I*\n|c|\u2606AncientFr33z|good to hear\n|c|\u2606AncientFr33z|what are ya playing showdown for\n|c|\u2606WOHOOOO|Uh?\n|c|\u2606AncientFr33z|idk\n|c|\u2606WOHOOOO|Me to find someone to talk xd\n|c|\u2606AncientFr33z|fairs\n|c|\u2606WOHOOOO|Although i have people around me i always feel very alone\n|c|\u2606WOHOOOO|So some times i search friends or something : (\n|c|\u2606WOHOOOO|But at the end, well, nothing\n|c|\u2606WOHOOOO|Just sadness xd\n|c|\u2606AncientFr33z|hope it will get better\n|c|\u2606AncientFr33z|how old are u anyways\n|c|\u2606WOHOOOO|19\n|c|\u2606AncientFr33z|same\n|c|\u2606WOHOOOO|Oh nice\n|c|\u2606AncientFr33z|indeed\n|c|\u2606WOHOOOO|Well if you see i talk like a retrad sometimes its becuase i like it xd\n|c|\u2606WOHOOOO|Just my huomur..\n|c|\u2606AncientFr33z|all good idm\n|c|\u2606WOHOOOO|\ud83d\udc07\n|c|\u2606WOHOOOO|Any hope or dream u want to share with this poor soul?\n|c|\u2606WOHOOOO|Tell me \ud83c\udf3e\n|c|\u2606WOHOOOO|Or not xd\n|c|\u2606AncientFr33z|hitting challenger in league\n|c|\u2606AncientFr33z|yes\n|c|\u2606WOHOOOO|Xd\n|c|\u2606AncientFr33z|and you?\n|c|\u2606WOHOOOO|No, i lost them all\n|c|\u2606WOHOOOO|Xd\n|c|\u2606AncientFr33z|why exactly tho\n|c|\u2606WOHOOOO|U reminds me an old friend who liked league as well\n|c|\u2606WOHOOOO|Well i was growing up, and i lost my hopes and dreams\n|c|\u2606WOHOOOO|To much sadness in my life\n|c|\u2606WOHOOOO|I recently lost relatives\n|c|\u2606WOHOOOO|And sh*t\n|c|\u2606WOHOOOO|I dont know if i writted it correctly\n|c|\u2606WOHOOOO|The life my friend!!\n|c|\u2606AncientFr33z|yea i understand it\n|c|\u2606WOHOOOO|\ud83d\ude14\n|c|\u2606WOHOOOO|Hows the things in germany?\n|c|\u2606AncientFr33z|cant complain\n|c|\u2606WOHOOOO|Here, at least where i live all its kinda shitty xD\n|c|\u2606WOHOOOO|Well isnt that bad but the people of my age...\n|c|\u2606WOHOOOO|U know\n|c|\u2606WOHOOOO|Too much gangsta \ud83d\ude0e\n|c|\u2606WOHOOOO|Xd\n|c|\u2606AncientFr33z|ye i probably know what u mean\n|c|\u2606WOHOOOO|\ud83d\ude14\n|c|\u2606WOHOOOO|Im also sad because i meet a girl and we love each other but at the end she said se loost interest in me\n|c|\u2606WOHOOOO|But whateva..\n|c|\u2606WOHOOOO|X'd\n|c|\u2606AncientFr33z|rippp\n|c|\u2606WOHOOOO|xd\n|c|\u2606AncientFr33z|my condolences serioulsy\n|c|\u2606WOHOOOO|Dnt wrry\n|c|\u2606AncientFr33z|better than cheating on u ig\n|c|\u2606WOHOOOO|Yhea i think\n|c|\u2606WOHOOOO|But i try to be strong minded xd\n|c|\u2606WOHOOOO|\ud83d\ude14\n|c|\u2606AncientFr33z|thats the spirit\n|c|\u2606AncientFr33z|always gotta stay positive\n|c|\u2606WOHOOOO|Well not my best point xd\n|c|\u2606WOHOOOO|But sometimes i try\n|c|\u2606WOHOOOO|Well ma frend i send u a request here in showdown but if u want to add me in discord\n|c|\u2606WOHOOOO|cucurbitaceo (my name xd)\n|c|\u2606WOHOOOO|By the way maybe i dont check it, a lot of time without using it, i feel sad to see the people i lost also there\n|c|\u2606WOHOOOO|In the case u have discord\n|c|\u2606WOHOOOO|And if u want of course xd\n|c|\u2606WOHOOOO|Was great talk with u at least\n|c|\u2606WOHOOOO|\ud83e\udd1d\n|c|\u2606WOHOOOO|Im very tired bye\n","uploadtime":1699747082,"views":4,"p1id":"wohoooo","p2id":"ancientfr33z","formatid":"gen9nationaldex","rating":1265,"private":0,"password":""}