{"id":"gen9nationaldex-1996164658","p1":"Dr Allen Hu","p2":"vetvwtvsfvsgbwy","format":"[Gen 9] National Dex","log":"|html|<div class=\"broadcast-blue\"><strong>[Gen 9] National Dex is currently suspecting Sneasler! For information on how to participate check out the <a href=\"https:\/\/www.smogon.com\/forums\/threads\/sv-national-dex-suspect-8-just-dance.3731534\/\">suspect thread<\/a>.<\/strong><\/div>\n|j|\u2606Dr Allen Hu\n|j|\u2606vetvwtvsfvsgbwy\n|t:|1700653704\n|gametype|singles\n|player|p1|Dr Allen Hu|265|1000\n|player|p2|vetvwtvsfvsgbwy|guitarist-gen4|1029\n|teamsize|p1|6\n|teamsize|p2|6\n|gen|9\n|tier|[Gen 9] National Dex\n|rated|\n|rule|HP Percentage Mod: HP is shown in percentages\n|rule|Endless Battle Clause: Forcing endless battles is banned\n|rule|OHKO Clause: OHKO moves are banned\n|rule|Evasion Clause: Evasion abilities, items, and moves are banned\n|rule|Evasion Abilities Clause: Evasion abilities are banned\n|rule|Evasion Items Clause: Evasion items are banned\n|rule|Evasion Moves Clause: Evasion moves are banned\n|rule|Species Clause: Limit one of each Pok\u00e9mon\n|rule|Sleep Clause Mod: Limit one foe put to sleep\n|clearpoke\n|poke|p1|Clodsire, F|\n|poke|p1|Ferrothorn, F|\n|poke|p1|Tyranitar, M|\n|poke|p1|Alomomola, F|\n|poke|p1|Garchomp, M|\n|poke|p1|Clefable, F|\n|poke|p2|Archeops, M|\n|poke|p2|Jellicent, F|\n|poke|p2|Torterra, M|\n|poke|p2|Aerodactyl, F|\n|poke|p2|Bastiodon, M|\n|poke|p2|Tyrantrum, F|\n|teampreview\n|inactive|Battle timer is ON: inactive players will automatically lose when time's up. (requested by Dr Allen Hu)\n|inactive|Dr Allen Hu has 120 seconds left.\n|\n|t:|1700653745\n|start\n|switch|p1a: Ferrothorn|Ferrothorn, F|100\/100\n|switch|p2a: Bastiodon|Bastiodon, M|100\/100\n|turn|1\n|inactive|Dr Allen Hu has 120 seconds left.\n|\n|t:|1700653776\n|move|p1a: Ferrothorn|Leech Seed|p2a: Bastiodon\n|-start|p2a: Bastiodon|move: Leech Seed\n|move|p2a: Bastiodon|Roar|p1a: Ferrothorn\n|drag|p1a: Clefable|Clefable, F|100\/100\n|\n|-damage|p2a: Bastiodon|88\/100|[from] Leech Seed|[of] p1a: Clefable\n|upkeep\n|turn|2\n|inactive|Dr Allen Hu has 120 seconds left.\n|\n|t:|1700653790\n|switch|p1a: Garchomp|Garchomp, M|100\/100\n|move|p2a: Bastiodon|Toxic|p1a: Garchomp\n|-status|p1a: Garchomp|tox\n|\n|-damage|p2a: Bastiodon|76\/100|[from] Leech Seed|[of] p1a: Garchomp\n|-damage|p1a: Garchomp|94\/100 tox|[from] psn\n|upkeep\n|turn|3\n|\n|t:|1700653798\n|-terastallize|p2a: Bastiodon|Rock\n|move|p1a: Garchomp|Spikes|p2a: Bastiodon\n|-sidestart|p2: vetvwtvsfvsgbwy|Spikes\n|move|p2a: Bastiodon|Metal Burst||[still]\n|-fail|p2a: Bastiodon\n|\n|-damage|p2a: Bastiodon|64\/100|[from] Leech Seed|[of] p1a: Garchomp\n|-heal|p1a: Garchomp|100\/100 tox|[silent]\n|-damage|p1a: Garchomp|88\/100 tox|[from] psn\n|upkeep\n|turn|4\n|\n|t:|1700653808\n|switch|p1a: Ferrothorn|Ferrothorn, F|100\/100\n|move|p2a: Bastiodon|Stealth Rock|p1a: Ferrothorn\n|-sidestart|p1: Dr Allen Hu|move: Stealth Rock\n|\n|-damage|p2a: Bastiodon|51\/100|[from] Leech Seed|[of] p1a: Ferrothorn\n|upkeep\n|turn|5\n|\n|t:|1700653810\n|move|p1a: Ferrothorn|Toxic|p2a: Bastiodon\n|-status|p2a: Bastiodon|tox\n|move|p2a: Bastiodon|Roar|p1a: Ferrothorn\n|drag|p1a: Alomomola|Alomomola, F|100\/100\n|-damage|p1a: Alomomola|88\/100|[from] Stealth Rock\n|\n|-heal|p1a: Alomomola|94\/100|[from] item: Leftovers\n|-damage|p2a: Bastiodon|39\/100 tox|[from] Leech Seed|[of] p1a: Alomomola\n|-heal|p1a: Alomomola|99\/100|[silent]\n|-damage|p2a: Bastiodon|33\/100 tox|[from] psn\n|upkeep\n|turn|6\n|\n|t:|1700653814\n|move|p1a: Alomomola|Wish|p1a: Alomomola\n|move|p2a: Bastiodon|Toxic|p1a: Alomomola\n|-status|p1a: Alomomola|tox\n|\n|-heal|p1a: Alomomola|100\/100 tox|[from] item: Leftovers\n|-damage|p2a: Bastiodon|21\/100 tox|[from] Leech Seed|[of] p1a: Alomomola\n|-damage|p1a: Alomomola|94\/100 tox|[from] psn\n|-damage|p2a: Bastiodon|9\/100 tox|[from] psn\n|upkeep\n|turn|7\n|\n|t:|1700653818\n|move|p1a: Alomomola|Flip Turn|p2a: Bastiodon\n|-supereffective|p2a: Bastiodon\n|-damage|p2a: Bastiodon|0 fnt\n|faint|p2a: Bastiodon\n|\n|t:|1700653820\n|switch|p1a: Clefable|Clefable, F|100\/100|[from] Flip Turn\n|-damage|p1a: Clefable|88\/100|[from] Stealth Rock\n|\n|-heal|p1a: Clefable|100\/100|[from] move: Wish|[wisher] Alomomola\n|upkeep\n|\n|t:|1700653831\n|switch|p2a: Torterra|Torterra, M, shiny|100\/100\n|-damage|p2a: Torterra|88\/100|[from] Spikes\n|turn|8\n|\n|t:|1700653845\n|switch|p1a: Ferrothorn|Ferrothorn, F|100\/100\n|-damage|p1a: Ferrothorn|95\/100|[from] Stealth Rock\n|move|p2a: Torterra|Shell Smash|p2a: Torterra\n|-unboost|p2a: Torterra|def|1\n|-unboost|p2a: Torterra|spd|1\n|-boost|p2a: Torterra|atk|2\n|-boost|p2a: Torterra|spa|2\n|-boost|p2a: Torterra|spe|2\n|\n|upkeep\n|turn|9\n|\n|t:|1700653855\n|move|p2a: Torterra|Shell Smash|p2a: Torterra\n|-unboost|p2a: Torterra|def|1\n|-unboost|p2a: Torterra|spd|1\n|-boost|p2a: Torterra|atk|2\n|-boost|p2a: Torterra|spa|2\n|-boost|p2a: Torterra|spe|2\n|move|p1a: Ferrothorn|Toxic|p2a: Torterra\n|-status|p2a: Torterra|tox\n|\n|-damage|p2a: Torterra|82\/100 tox|[from] psn\n|upkeep\n|turn|10\n|\n|t:|1700653859\n|switch|p1a: Clodsire|Clodsire, F|100\/100\n|-damage|p1a: Clodsire|94\/100|[from] Stealth Rock\n|move|p2a: Torterra|Shell Smash|p2a: Torterra\n|-unboost|p2a: Torterra|def|1\n|-unboost|p2a: Torterra|spd|1\n|-boost|p2a: Torterra|atk|2\n|-boost|p2a: Torterra|spa|2\n|-boost|p2a: Torterra|spe|2\n|\n|-heal|p1a: Clodsire|100\/100|[from] item: Leftovers\n|-damage|p2a: Torterra|70\/100 tox|[from] psn\n|upkeep\n|turn|11\n|\n|t:|1700653870\n|move|p1a: Clodsire|Protect|p1a: Clodsire\n|-singleturn|p1a: Clodsire|Protect\n|-zpower|p2a: Torterra\n|move|p2a: Torterra|Z-Iron Defense|p2a: Torterra|[anim]Iron Defense\n|-clearnegativeboost|p2a: Torterra|[zeffect]\n|-boost|p2a: Torterra|def|2\n|\n|-damage|p2a: Torterra|52\/100 tox|[from] psn\n|upkeep\n|turn|12\n|\n|t:|1700653880\n|move|p2a: Torterra|Earth Power|p1a: Clodsire\n|-supereffective|p1a: Clodsire\n|-damage|p1a: Clodsire|51\/100\n|move|p1a: Clodsire|Earthquake|p2a: Torterra\n|-resisted|p2a: Torterra\n|-damage|p2a: Torterra|38\/100 tox\n|\n|-heal|p1a: Clodsire|57\/100|[from] item: Leftovers\n|-damage|p2a: Torterra|14\/100 tox|[from] psn\n|upkeep\n|turn|13\n|\n|t:|1700653889\n|move|p1a: Clodsire|Protect|p1a: Clodsire\n|-singleturn|p1a: Clodsire|Protect\n|move|p2a: Torterra|Earth Power|p1a: Clodsire\n|-activate|p1a: Clodsire|move: Protect\n|\n|-heal|p1a: Clodsire|63\/100|[from] item: Leftovers\n|-damage|p2a: Torterra|0 fnt|[from] psn\n|faint|p2a: Torterra\n|upkeep\n|\n|t:|1700653893\n|switch|p2a: THE GREAT SIMORGH|Archeops, M|100\/100\n|turn|14\n|\n|t:|1700653905\n|switch|p1a: Garchomp|Garchomp, M|88\/100 tox\n|-damage|p1a: Garchomp|82\/100 tox|[from] Stealth Rock\n|move|p2a: THE GREAT SIMORGH|Sky Attack||[still]\n|-prepare|p2a: THE GREAT SIMORGH|Sky Attack\n|-enditem|p2a: THE GREAT SIMORGH|Power Herb\n|-anim|p2a: THE GREAT SIMORGH|Sky Attack|p1a: Garchomp\n|-crit|p1a: Garchomp\n|-damage|p1a: Garchomp|5\/100 tox\n|\n|-damage|p1a: Garchomp|0 fnt|[from] psn\n|faint|p1a: Garchomp\n|upkeep\n|\n|t:|1700653924\n|switch|p1a: Ferrothorn|Ferrothorn, F|95\/100\n|-damage|p1a: Ferrothorn|89\/100|[from] Stealth Rock\n|turn|15\n|\n|t:|1700653929\n|move|p2a: THE GREAT SIMORGH|U-turn|p1a: Ferrothorn\n|-damage|p1a: Ferrothorn|71\/100\n|-damage|p2a: THE GREAT SIMORGH|88\/100|[from] ability: Iron Barbs|[of] p1a: Ferrothorn\n|-damage|p2a: THE GREAT SIMORGH|72\/100|[from] item: Rocky Helmet|[of] p1a: Ferrothorn\n|\n|t:|1700653936\n|switch|p2a: Tyrantrum|Tyrantrum, F|100\/100|[from] U-turn\n|-damage|p2a: Tyrantrum|88\/100|[from] Spikes\n|move|p1a: Ferrothorn|Toxic|p2a: Tyrantrum\n|-status|p2a: Tyrantrum|tox\n|\n|-damage|p2a: Tyrantrum|82\/100 tox|[from] psn\n|upkeep\n|turn|16\n|\n|t:|1700653945\n|switch|p1a: Alomomola|Alomomola, F|100\/100 tox\n|-damage|p1a: Alomomola|88\/100 tox|[from] Stealth Rock\n|move|p2a: Tyrantrum|Hone Claws|p2a: Tyrantrum\n|-boost|p2a: Tyrantrum|atk|1\n|-boost|p2a: Tyrantrum|accuracy|1\n|\n|-heal|p1a: Alomomola|94\/100 tox|[from] item: Leftovers\n|-damage|p2a: Tyrantrum|69\/100 tox|[from] psn\n|-damage|p1a: Alomomola|88\/100 tox|[from] psn\n|upkeep\n|turn|17\n|\n|t:|1700653953\n|move|p2a: Tyrantrum|Scale Shot|p1a: Alomomola\n|-damage|p1a: Alomomola|79\/100 tox\n|-damage|p1a: Alomomola|68\/100 tox\n|-damage|p1a: Alomomola|58\/100 tox\n|-hitcount|p1a: Alomomola|3\n|-unboost|p2a: Tyrantrum|def|1\n|-boost|p2a: Tyrantrum|spe|1\n|move|p1a: Alomomola|Wish|p1a: Alomomola\n|\n|-heal|p1a: Alomomola|64\/100 tox|[from] item: Leftovers\n|-damage|p2a: Tyrantrum|51\/100 tox|[from] psn\n|-damage|p1a: Alomomola|51\/100 tox|[from] psn\n|upkeep\n|turn|18\n|\n|t:|1700653963\n|switch|p1a: Clodsire|Clodsire, F|63\/100\n|-damage|p1a: Clodsire|57\/100|[from] Stealth Rock\n|move|p2a: Tyrantrum|Head Smash|p1a: Clodsire\n|-resisted|p1a: Clodsire\n|-damage|p1a: Clodsire|30\/100\n|-damage|p2a: Tyrantrum|30\/100 tox|[from] Recoil\n|\n|-heal|p1a: Clodsire|87\/100|[from] move: Wish|[wisher] Alomomola\n|-heal|p1a: Clodsire|93\/100|[from] item: Leftovers\n|-damage|p2a: Tyrantrum|5\/100 tox|[from] psn\n|upkeep\n|turn|19\n|\n|t:|1700653970\n|move|p1a: Clodsire|Protect|p1a: Clodsire\n|-singleturn|p1a: Clodsire|Protect\n|move|p2a: Tyrantrum|Psychic Fangs|p1a: Clodsire\n|-activate|p1a: Clodsire|move: Protect\n|\n|-heal|p1a: Clodsire|99\/100|[from] item: Leftovers\n|-damage|p2a: Tyrantrum|0 fnt|[from] psn\n|faint|p2a: Tyrantrum\n|upkeep\n|c|\u2606vetvwtvsfvsgbwy|Fucking noob\n|c|\u2606vetvwtvsfvsgbwy|Protect and unaware everywhere\n|-message|vetvwtvsfvsgbwy forfeited.\n|\n|win|Dr Allen Hu\n|raw|Dr Allen Hu's rating: 1000 &rarr; <strong>1043<\/strong><br \/>(+43 for winning)\n|raw|vetvwtvsfvsgbwy's rating: 1029 &rarr; <strong>1013<\/strong><br \/>(-16 for losing)\n|l|\u2606vetvwtvsfvsgbwy\n","uploadtime":1700653980,"views":0,"p1id":"drallenhu","p2id":"vetvwtvsfvsgbwy","formatid":"gen9nationaldex","rating":1013,"private":0,"password":""}