{"id":"gen9nationaldex-1995786712","p1":"hackilla15","p2":"MaizeFB","format":"[Gen 9] National Dex","log":"|html|<div class=\"broadcast-blue\"><strong>[Gen 9] National Dex is currently suspecting Sneasler! For information on how to participate check out the <a href=\"https:\/\/www.smogon.com\/forums\/threads\/sv-national-dex-suspect-8-just-dance.3731534\/\">suspect thread<\/a>.<\/strong><\/div>\n|j|\u2606hackilla15\n|j|\u2606MaizeFB\n|t:|1700603073\n|gametype|singles\n|player|p1|hackilla15|ethan|1369\n|player|p2|MaizeFB|266|1356\n|teamsize|p1|6\n|teamsize|p2|6\n|gen|9\n|tier|[Gen 9] National Dex\n|rated|\n|rule|HP Percentage Mod: HP is shown in percentages\n|rule|Endless Battle Clause: Forcing endless battles is banned\n|rule|OHKO Clause: OHKO moves are banned\n|rule|Evasion Clause: Evasion abilities, items, and moves are banned\n|rule|Evasion Abilities Clause: Evasion abilities are banned\n|rule|Evasion Items Clause: Evasion items are banned\n|rule|Evasion Moves Clause: Evasion moves are banned\n|rule|Species Clause: Limit one of each Pok\u00e9mon\n|rule|Sleep Clause Mod: Limit one foe put to sleep\n|clearpoke\n|poke|p1|Krookodile, M|\n|poke|p1|Latias, F|\n|poke|p1|Ribombee, F|\n|poke|p1|Volcarona, F|\n|poke|p1|Urshifu-*, M|\n|poke|p1|Garganacl, M|\n|poke|p2|Cresselia, F|\n|poke|p2|Regidrago|\n|poke|p2|Ribombee, M|\n|poke|p2|Tapu Bulu|\n|poke|p2|Lopunny, M|\n|poke|p2|Iron Moth|\n|teampreview\n|inactive|Battle timer is ON: inactive players will automatically lose when time's up. (requested by hackilla15)\n|\n|t:|1700603085\n|start\n|switch|p1a: Busiest Bee|Ribombee, F, shiny|100\/100\n|switch|p2a: Lopunny|Lopunny, M|100\/100\n|turn|1\n|\n|t:|1700603095\n|detailschange|p2a: Lopunny|Lopunny-Mega, M\n|-mega|p2a: Lopunny|Lopunny|Lopunnite\n|move|p2a: Lopunny|High Jump Kick|p1a: Busiest Bee\n|-resisted|p1a: Busiest Bee\n|-damage|p1a: Busiest Bee|70\/100\n|move|p1a: Busiest Bee|Stun Spore|p2a: Lopunny\n|-status|p2a: Lopunny|par\n|\n|upkeep\n|turn|2\n|\n|t:|1700603105\n|move|p1a: Busiest Bee|Moonblast|p2a: Lopunny\n|-supereffective|p2a: Lopunny\n|-damage|p2a: Lopunny|5\/100 par\n|cant|p2a: Lopunny|par\n|\n|upkeep\n|turn|3\n|\n|t:|1700603114\n|switch|p2a: Iron Moth|Iron Moth|100\/100\n|-enditem|p2a: Iron Moth|Booster Energy\n|-activate|p2a: Iron Moth|ability: Quark Drive|[fromitem]\n|-start|p2a: Iron Moth|quarkdrivespa\n|move|p1a: Busiest Bee|Moonblast|p2a: Iron Moth\n|-resisted|p2a: Iron Moth\n|-damage|p2a: Iron Moth|90\/100\n|-unboost|p2a: Iron Moth|spa|1\n|\n|upkeep\n|turn|4\n|\n|t:|1700603127\n|switch|p1a: JET DRAGON II|Latias, F|100\/100\n|move|p2a: Iron Moth|Fiery Dance|p1a: JET DRAGON II\n|-resisted|p1a: JET DRAGON II\n|-damage|p1a: JET DRAGON II|83\/100\n|-boost|p2a: Iron Moth|spa|1\n|\n|upkeep\n|turn|5\n|inactive|MaizeFB has 120 seconds left.\n|\n|t:|1700603157\n|-end|p2a: Iron Moth|Quark Drive|[silent]\n|switch|p2a: Ribombee|Ribombee, M, shiny|100\/100\n|detailschange|p1a: JET DRAGON II|Latias-Mega, F\n|-mega|p1a: JET DRAGON II|Latias|Latiasite\n|move|p1a: JET DRAGON II|Psychic|p2a: Ribombee\n|-damage|p2a: Ribombee|21\/100\n|\n|upkeep\n|turn|6\n|\n|t:|1700603167\n|switch|p1a: Sunny D'|Volcarona, F, shiny|100\/100\n|move|p2a: Ribombee|Sticky Web|p1a: Sunny D'\n|-sidestart|p1: hackilla15|move: Sticky Web\n|\n|upkeep\n|turn|7\n|\n|t:|1700603174\n|move|p2a: Ribombee|Stun Spore|p1a: Sunny D'\n|-status|p1a: Sunny D'|par\n|move|p1a: Sunny D'|Quiver Dance|p1a: Sunny D'\n|-boost|p1a: Sunny D'|spa|1\n|-boost|p1a: Sunny D'|spd|1\n|-boost|p1a: Sunny D'|spe|1\n|\n|upkeep\n|turn|8\n|\n|t:|1700603186\n|move|p2a: Ribombee|Moonblast|p1a: Sunny D'\n|-resisted|p1a: Sunny D'\n|-damage|p1a: Sunny D'|88\/100 par\n|cant|p1a: Sunny D'|par\n|\n|upkeep\n|turn|9\n|\n|t:|1700603193\n|move|p2a: Ribombee|Moonblast|p1a: Sunny D'\n|-resisted|p1a: Sunny D'\n|-damage|p1a: Sunny D'|77\/100 par\n|move|p1a: Sunny D'|Quiver Dance|p1a: Sunny D'\n|-boost|p1a: Sunny D'|spa|1\n|-boost|p1a: Sunny D'|spd|1\n|-boost|p1a: Sunny D'|spe|1\n|\n|upkeep\n|turn|10\n|\n|t:|1700603208\n|move|p2a: Ribombee|Moonblast|p1a: Sunny D'\n|-resisted|p1a: Sunny D'\n|-damage|p1a: Sunny D'|68\/100 par\n|-unboost|p1a: Sunny D'|spa|1\n|cant|p1a: Sunny D'|par\n|\n|upkeep\n|turn|11\n|\n|t:|1700603217\n|move|p2a: Ribombee|Moonblast|p1a: Sunny D'\n|-resisted|p1a: Sunny D'\n|-damage|p1a: Sunny D'|58\/100 par\n|cant|p1a: Sunny D'|par\n|\n|upkeep\n|turn|12\n|\n|t:|1700603224\n|switch|p2a: Lopunny|Lopunny-Mega, M|5\/100 par\n|move|p1a: Sunny D'|Quiver Dance|p1a: Sunny D'\n|-boost|p1a: Sunny D'|spa|1\n|-boost|p1a: Sunny D'|spd|1\n|-boost|p1a: Sunny D'|spe|1\n|\n|upkeep\n|turn|13\n|\n|t:|1700603233\n|cant|p2a: Lopunny|par\n|move|p1a: Sunny D'|Fiery Dance|p2a: Lopunny\n|-damage|p2a: Lopunny|0 fnt\n|faint|p2a: Lopunny\n|\n|upkeep\n|\n|t:|1700603256\n|switch|p2a: Regidrago|Regidrago|100\/100\n|turn|14\n|\n|t:|1700603264\n|-terastallize|p2a: Regidrago|Dragon\n|move|p2a: Regidrago|Draco Meteor|p1a: Sunny D'\n|-damage|p1a: Sunny D'|17\/100 par\n|-unboost|p2a: Regidrago|spa|2\n|move|p1a: Sunny D'|Bug Buzz|p2a: Regidrago\n|-damage|p2a: Regidrago|15\/100\n|\n|upkeep\n|turn|15\n|\n|t:|1700603275\n|switch|p1a: Busiest Bee|Ribombee, F, shiny|70\/100\n|-activate|p1a: Busiest Bee|move: Sticky Web\n|-unboost|p1a: Busiest Bee|spe|1\n|move|p2a: Regidrago|Draco Meteor|p1a: Busiest Bee\n|-immune|p1a: Busiest Bee\n|\n|upkeep\n|turn|16\n|\n|t:|1700603290\n|switch|p2a: Tapu Bulu|Tapu Bulu|100\/100\n|-fieldstart|move: Grassy Terrain|[from] ability: Grassy Surge|[of] p2a: Tapu Bulu\n|move|p1a: Busiest Bee|Quiver Dance|p1a: Busiest Bee\n|-boost|p1a: Busiest Bee|spa|1\n|-boost|p1a: Busiest Bee|spd|1\n|-boost|p1a: Busiest Bee|spe|1\n|\n|-heal|p1a: Busiest Bee|77\/100|[from] Grassy Terrain\n|upkeep\n|turn|17\n|inactive|MaizeFB has 120 seconds left.\n|\n|t:|1700603314\n|move|p1a: Busiest Bee|Sticky Web|p2a: Tapu Bulu\n|-sidestart|p2: MaizeFB|move: Sticky Web\n|move|p2a: Tapu Bulu|Megahorn|p1a: Busiest Bee\n|-resisted|p1a: Busiest Bee\n|-damage|p1a: Busiest Bee|19\/100\n|\n|-heal|p1a: Busiest Bee|25\/100|[from] Grassy Terrain\n|upkeep\n|turn|18\n|\n|t:|1700603322\n|move|p1a: Busiest Bee|Moonblast|p2a: Tapu Bulu\n|-crit|p2a: Tapu Bulu\n|-damage|p2a: Tapu Bulu|0 fnt\n|faint|p2a: Tapu Bulu\n|\n|-heal|p1a: Busiest Bee|31\/100|[from] Grassy Terrain\n|upkeep\n|inactive|MaizeFB has 120 seconds left.\n|\n|t:|1700603337\n|switch|p2a: Iron Moth|Iron Moth|90\/100\n|-activate|p2a: Iron Moth|move: Sticky Web\n|-unboost|p2a: Iron Moth|spe|1\n|turn|19\n|c|\u2606hackilla15|Oof\n|\n|t:|1700603344\n|move|p1a: Busiest Bee|Stun Spore|p2a: Iron Moth|[miss]\n|-miss|p1a: Busiest Bee|p2a: Iron Moth\n|move|p2a: Iron Moth|Energy Ball|p1a: Busiest Bee\n|-resisted|p1a: Busiest Bee\n|-damage|p1a: Busiest Bee|12\/100\n|\n|-heal|p1a: Busiest Bee|18\/100|[from] Grassy Terrain\n|-heal|p2a: Iron Moth|96\/100|[from] Grassy Terrain\n|upkeep\n|turn|20\n|\n|t:|1700603354\n|move|p1a: Busiest Bee|Stun Spore|p2a: Iron Moth\n|-status|p2a: Iron Moth|par\n|move|p2a: Iron Moth|Fiery Dance|p1a: Busiest Bee\n|-supereffective|p1a: Busiest Bee\n|-damage|p1a: Busiest Bee|0 fnt\n|-boost|p2a: Iron Moth|spa|1\n|faint|p1a: Busiest Bee\n|\n|-heal|p2a: Iron Moth|100\/100 par|[from] Grassy Terrain\n|-fieldend|move: Grassy Terrain\n|upkeep\n|\n|t:|1700603362\n|switch|p1a: JET DRAGON II|Latias-Mega, F|83\/100\n|turn|21\n|\n|t:|1700603378\n|move|p1a: JET DRAGON II|Psychic|p2a: Iron Moth\n|-supereffective|p2a: Iron Moth\n|-damage|p2a: Iron Moth|5\/100 par\n|cant|p2a: Iron Moth|par\n|\n|upkeep\n|turn|22\n|\n|t:|1700603384\n|move|p1a: JET DRAGON II|Psychic|p2a: Iron Moth\n|-supereffective|p2a: Iron Moth\n|-damage|p2a: Iron Moth|0 fnt\n|faint|p2a: Iron Moth\n|-end|p2a: Iron Moth|Quark Drive|[silent]\n|\n|upkeep\n|\n|t:|1700603392\n|switch|p2a: Ribombee|Ribombee, M, shiny|21\/100\n|-activate|p2a: Ribombee|move: Sticky Web\n|-unboost|p2a: Ribombee|spe|1\n|turn|23\n|\n|t:|1700603399\n|move|p1a: JET DRAGON II|Psychic|p2a: Ribombee\n|-damage|p2a: Ribombee|0 fnt\n|faint|p2a: Ribombee\n|\n|upkeep\n|\n|t:|1700603406\n|switch|p2a: Regidrago|Regidrago, tera:Dragon|15\/100\n|-activate|p2a: Regidrago|move: Sticky Web\n|-unboost|p2a: Regidrago|spe|1\n|turn|24\n|\n|t:|1700603411\n|move|p1a: JET DRAGON II|Dragon Pulse|p2a: Regidrago\n|-supereffective|p2a: Regidrago\n|-damage|p2a: Regidrago|0 fnt\n|faint|p2a: Regidrago\n|\n|upkeep\n|-message|MaizeFB forfeited.\n|\n|win|hackilla15\n|raw|hackilla15's rating: 1369 &rarr; <strong>1388<\/strong><br \/>(+19 for winning)\n|raw|MaizeFB's rating: 1356 &rarr; <strong>1337<\/strong><br \/>(-19 for losing)\n|l|\u2606MaizeFB\n","uploadtime":1700603424,"views":8,"p1id":"hackilla15","p2id":"maizefb","formatid":"gen9nationaldex","rating":1337,"private":0,"password":""}