{"id":"gen9nationaldex-1989281123","p1":"Carolno1","p2":"RandoTestAccount","format":"[Gen 9] National Dex","log":"|j|\u203dCarolno1\n|j|\u2606RandoTestAccount\n|t:|1699831419\n|gametype|singles\n|player|p1|Carolno1|swimmerf|1174\n|player|p2|RandoTestAccount|pokemonrangerf|1066\n|teamsize|p1|6\n|teamsize|p2|6\n|gen|9\n|tier|[Gen 9] National Dex\n|rated|\n|rule|HP Percentage Mod: HP is shown in percentages\n|rule|Endless Battle Clause: Forcing endless battles is banned\n|rule|OHKO Clause: OHKO moves are banned\n|rule|Evasion Clause: Evasion abilities, items, and moves are banned\n|rule|Evasion Abilities Clause: Evasion abilities are banned\n|rule|Evasion Items Clause: Evasion items are banned\n|rule|Evasion Moves Clause: Evasion moves are banned\n|rule|Species Clause: Limit one of each Pok\u00e9mon\n|rule|Sleep Clause Mod: Limit one foe put to sleep\n|clearpoke\n|poke|p1|Plusle, M|\n|poke|p1|Pincurchin, M|\n|poke|p1|Raichu-Alola, F|\n|poke|p1|Cradily, M|\n|poke|p1|Beartic, F|\n|poke|p1|Dustox, F|\n|poke|p2|Umbreon, F|\n|poke|p2|Excadrill, F|\n|poke|p2|Corviknight, F|\n|poke|p2|Tapu Fini|\n|poke|p2|Sableye, F|\n|poke|p2|Dragalge, F|\n|teampreview\n|inactive|Battle timer is ON: inactive players will automatically lose when time's up. (requested by Carolno1)\n|inactive|Carolno1 has 120 seconds left.\n|\n|t:|1699831462\n|start\n|switch|p1a: Beartic|Beartic, F|100\/100\n|switch|p2a: The Lonesome One|Excadrill, F, shiny|100\/100\n|-ability|p2a: The Lonesome One|Mold Breaker\n|turn|1\n|\n|t:|1699831476\n|move|p2a: The Lonesome One|Rapid Spin|p1a: Beartic\n|-damage|p1a: Beartic|81\/100\n|-boost|p2a: The Lonesome One|spe|1\n|move|p1a: Beartic|Avalanche|p2a: The Lonesome One\n|-damage|p2a: The Lonesome One|22\/100\n|\n|-heal|p2a: The Lonesome One|28\/100|[from] item: Leftovers\n|upkeep\n|turn|2\n|\n|t:|1699831485\n|move|p1a: Beartic|Aqua Jet|p2a: The Lonesome One\n|-supereffective|p2a: The Lonesome One\n|-damage|p2a: The Lonesome One|0 fnt\n|faint|p2a: The Lonesome One\n|\n|upkeep\n|\n|t:|1699831489\n|switch|p2a: Spectre of Emerald|Sableye, F, shiny|100\/100\n|turn|3\n|\n|t:|1699831501\n|switch|p1a: Pincurchin|Pincurchin, M, shiny|100\/100\n|-fieldstart|move: Electric Terrain|[from] ability: Electric Surge|[of] p1a: Pincurchin\n|move|p2a: Spectre of Emerald|Will-O-Wisp|p1a: Pincurchin\n|-status|p1a: Pincurchin|brn\n|\n|-damage|p1a: Pincurchin|94\/100 brn|[from] brn\n|upkeep\n|turn|4\n|\n|t:|1699831513\n|switch|p2a: The Droplet Tear|Tapu Fini, shiny|100\/100\n|-fieldstart|move: Misty Terrain|[from] ability: Misty Surge|[of] p2a: The Droplet Tear\n|move|p1a: Pincurchin|Scald|p2a: The Droplet Tear\n|-resisted|p2a: The Droplet Tear\n|-damage|p2a: The Droplet Tear|94\/100\n|\n|-heal|p2a: The Droplet Tear|100\/100|[from] item: Leftovers\n|-damage|p1a: Pincurchin|88\/100 brn|[from] brn\n|upkeep\n|turn|5\n|\n|t:|1699831530\n|move|p2a: The Droplet Tear|Substitute|p2a: The Droplet Tear\n|-start|p2a: The Droplet Tear|Substitute\n|-damage|p2a: The Droplet Tear|76\/100\n|move|p1a: Pincurchin|Spikes|p2a: The Droplet Tear\n|-sidestart|p2: RandoTestAccount|Spikes\n|\n|-heal|p2a: The Droplet Tear|82\/100|[from] item: Leftovers\n|-damage|p1a: Pincurchin|82\/100 brn|[from] brn\n|upkeep\n|turn|6\n|\n|t:|1699831533\n|move|p2a: The Droplet Tear|Calm Mind|p2a: The Droplet Tear\n|-boost|p2a: The Droplet Tear|spa|1\n|-boost|p2a: The Droplet Tear|spd|1\n|move|p1a: Pincurchin|Zing Zap|p2a: The Droplet Tear\n|-supereffective|p2a: The Droplet Tear\n|-end|p2a: The Droplet Tear|Substitute\n|\n|-heal|p2a: The Droplet Tear|88\/100|[from] item: Leftovers\n|-damage|p1a: Pincurchin|76\/100 brn|[from] brn\n|upkeep\n|turn|7\n|\n|t:|1699831542\n|switch|p1a: Dustox|Dustox, F, shiny|100\/100\n|move|p2a: The Droplet Tear|Calm Mind|p2a: The Droplet Tear\n|-boost|p2a: The Droplet Tear|spa|1\n|-boost|p2a: The Droplet Tear|spd|1\n|\n|-heal|p2a: The Droplet Tear|94\/100|[from] item: Leftovers\n|upkeep\n|turn|8\n|\n|t:|1699831545\n|move|p2a: The Droplet Tear|Substitute|p2a: The Droplet Tear\n|-start|p2a: The Droplet Tear|Substitute\n|-damage|p2a: The Droplet Tear|69\/100\n|move|p1a: Dustox|Sludge Bomb|p2a: The Droplet Tear\n|-supereffective|p2a: The Droplet Tear\n|-activate|p2a: The Droplet Tear|move: Substitute|[damage]\n|\n|-heal|p2a: The Droplet Tear|75\/100|[from] item: Leftovers\n|-fieldend|Misty Terrain\n|upkeep\n|turn|9\n|\n|t:|1699831551\n|switch|p1a: Cradily|Cradily, M, shiny|100\/100\n|move|p2a: The Droplet Tear|Moonblast|p1a: Cradily\n|-damage|p1a: Cradily|61\/100\n|\n|-heal|p2a: The Droplet Tear|81\/100|[from] item: Leftovers\n|upkeep\n|turn|10\n|\n|t:|1699831567\n|move|p2a: The Droplet Tear|Calm Mind|p2a: The Droplet Tear\n|-boost|p2a: The Droplet Tear|spa|1\n|-boost|p2a: The Droplet Tear|spd|1\n|move|p1a: Cradily|Giga Drain|p2a: The Droplet Tear\n|-supereffective|p2a: The Droplet Tear\n|-end|p2a: The Droplet Tear|Substitute\n|-heal|p1a: Cradily|63\/100|[from] drain|[of] p2a: The Droplet Tear\n|\n|-heal|p2a: The Droplet Tear|87\/100|[from] item: Leftovers\n|upkeep\n|turn|11\n|\n|t:|1699831573\n|move|p2a: The Droplet Tear|Substitute|p2a: The Droplet Tear\n|-start|p2a: The Droplet Tear|Substitute\n|-damage|p2a: The Droplet Tear|62\/100\n|move|p1a: Cradily|Giga Drain|p2a: The Droplet Tear\n|-supereffective|p2a: The Droplet Tear\n|-activate|p2a: The Droplet Tear|move: Substitute|[damage]\n|-heal|p1a: Cradily|71\/100|[from] drain|[of] p2a: The Droplet Tear\n|\n|-heal|p2a: The Droplet Tear|68\/100|[from] item: Leftovers\n|upkeep\n|turn|12\n|\n|t:|1699831585\n|move|p2a: The Droplet Tear|Calm Mind|p2a: The Droplet Tear\n|-boost|p2a: The Droplet Tear|spa|1\n|-boost|p2a: The Droplet Tear|spd|1\n|move|p1a: Cradily|Ancient Power|p2a: The Droplet Tear\n|-activate|p2a: The Droplet Tear|move: Substitute|[damage]\n|\n|-heal|p2a: The Droplet Tear|74\/100|[from] item: Leftovers\n|upkeep\n|turn|13\n|\n|t:|1699831588\n|move|p2a: The Droplet Tear|Calm Mind|p2a: The Droplet Tear\n|-boost|p2a: The Droplet Tear|spa|1\n|-boost|p2a: The Droplet Tear|spd|1\n|move|p1a: Cradily|Giga Drain|p2a: The Droplet Tear\n|-supereffective|p2a: The Droplet Tear\n|-end|p2a: The Droplet Tear|Substitute\n|-heal|p1a: Cradily|72\/100|[from] drain|[of] p2a: The Droplet Tear\n|\n|-heal|p2a: The Droplet Tear|80\/100|[from] item: Leftovers\n|upkeep\n|turn|14\n|\n|t:|1699831592\n|move|p2a: The Droplet Tear|Substitute|p2a: The Droplet Tear\n|-start|p2a: The Droplet Tear|Substitute\n|-damage|p2a: The Droplet Tear|55\/100\n|move|p1a: Cradily|Giga Drain|p2a: The Droplet Tear\n|-supereffective|p2a: The Droplet Tear\n|-activate|p2a: The Droplet Tear|move: Substitute|[damage]\n|-heal|p1a: Cradily|77\/100|[from] drain|[of] p2a: The Droplet Tear\n|\n|-heal|p2a: The Droplet Tear|62\/100|[from] item: Leftovers\n|upkeep\n|turn|15\n|\n|t:|1699831610\n|move|p2a: The Droplet Tear|Calm Mind|p2a: The Droplet Tear\n|-boost|p2a: The Droplet Tear|spa|1\n|-boost|p2a: The Droplet Tear|spd|1\n|move|p1a: Cradily|Giga Drain|p2a: The Droplet Tear\n|-supereffective|p2a: The Droplet Tear\n|-activate|p2a: The Droplet Tear|move: Substitute|[damage]\n|-heal|p1a: Cradily|82\/100|[from] drain|[of] p2a: The Droplet Tear\n|\n|-heal|p2a: The Droplet Tear|68\/100|[from] item: Leftovers\n|upkeep\n|turn|16\n|\n|t:|1699831626\n|move|p2a: The Droplet Tear|Moonblast|p1a: Cradily\n|-damage|p1a: Cradily|4\/100\n|move|p1a: Cradily|Giga Drain|p2a: The Droplet Tear\n|-supereffective|p2a: The Droplet Tear\n|-end|p2a: The Droplet Tear|Substitute\n|-heal|p1a: Cradily|5\/100|[from] drain|[of] p2a: The Droplet Tear\n|\n|-heal|p2a: The Droplet Tear|74\/100|[from] item: Leftovers\n|upkeep\n|turn|17\n|\n|t:|1699831631\n|move|p2a: The Droplet Tear|Substitute|p2a: The Droplet Tear\n|-start|p2a: The Droplet Tear|Substitute\n|-damage|p2a: The Droplet Tear|49\/100\n|move|p1a: Cradily|Giga Drain|p2a: The Droplet Tear\n|-supereffective|p2a: The Droplet Tear\n|-activate|p2a: The Droplet Tear|move: Substitute|[damage]\n|-heal|p1a: Cradily|11\/100|[from] drain|[of] p2a: The Droplet Tear\n|\n|-heal|p2a: The Droplet Tear|55\/100|[from] item: Leftovers\n|upkeep\n|turn|18\n|\n|t:|1699831658\n|move|p2a: The Droplet Tear|Moonblast|p1a: Cradily\n|-crit|p1a: Cradily\n|-damage|p1a: Cradily|0 fnt\n|faint|p1a: Cradily\n|\n|-heal|p2a: The Droplet Tear|61\/100|[from] item: Leftovers\n|upkeep\n|\n|t:|1699831660\n|switch|p1a: Pincurchin|Pincurchin, M, shiny|76\/100 brn\n|-fieldstart|move: Electric Terrain|[from] ability: Electric Surge|[of] p1a: Pincurchin\n|turn|19\n|\n|t:|1699831664\n|move|p1a: Pincurchin|Sucker Punch|p2a: The Droplet Tear\n|-resisted|p2a: The Droplet Tear\n|-activate|p2a: The Droplet Tear|move: Substitute|[damage]\n|move|p2a: The Droplet Tear|Moonblast|p1a: Pincurchin\n|-damage|p1a: Pincurchin|0 fnt\n|faint|p1a: Pincurchin\n|\n|-heal|p2a: The Droplet Tear|67\/100|[from] item: Leftovers\n|upkeep\n|\n|t:|1699831683\n|switch|p1a: Plusle|Plusle, M|100\/100\n|turn|20\n|\n|t:|1699831707\n|move|p1a: Plusle|Thunderbolt|p2a: The Droplet Tear\n|-supereffective|p2a: The Droplet Tear\n|-end|p2a: The Droplet Tear|Substitute\n|move|p2a: The Droplet Tear|Moonblast|p1a: Plusle\n|-damage|p1a: Plusle|0 fnt\n|faint|p1a: Plusle\n|\n|-heal|p2a: The Droplet Tear|73\/100|[from] item: Leftovers\n|upkeep\n|inactive|Carolno1 has 120 seconds left.\n|\n|t:|1699831739\n|switch|p1a: Raichu|Raichu-Alola, F, shiny|100\/100\n|turn|21\n|\n|t:|1699831743\n|move|p1a: Raichu|Volt Switch|p2a: The Droplet Tear\n|-supereffective|p2a: The Droplet Tear\n|-damage|p2a: The Droplet Tear|46\/100\n|\n|t:|1699831746\n|switch|p1a: Dustox|Dustox, F, shiny|100\/100|[from] Volt Switch\n|move|p2a: The Droplet Tear|Moonblast|p1a: Dustox\n|-resisted|p1a: Dustox\n|-damage|p1a: Dustox|36\/100\n|-unboost|p1a: Dustox|spa|1\n|\n|-heal|p2a: The Droplet Tear|52\/100|[from] item: Leftovers\n|-heal|p1a: Dustox|42\/100|[from] item: Leftovers\n|upkeep\n|turn|22\n|\n|t:|1699831752\n|switch|p1a: Raichu|Raichu-Alola, F, shiny|100\/100\n|move|p2a: The Droplet Tear|Moonblast|p1a: Raichu\n|-damage|p1a: Raichu|0 fnt\n|faint|p1a: Raichu\n|\n|-heal|p2a: The Droplet Tear|58\/100|[from] item: Leftovers\n|upkeep\n|-message|Carolno1 forfeited.\n|\n|win|RandoTestAccount\n|raw|Carolno1's rating: 1174 &rarr; <strong>1141<\/strong><br \/>(-33 for losing)\n|raw|RandoTestAccount's rating: 1066 &rarr; <strong>1105<\/strong><br \/>(+39 for winning)\n|l|\u203dCarolno1\n","uploadtime":1699831765,"views":4,"p1id":"carolno1","p2id":"randotestaccount","formatid":"gen9nationaldex","rating":1105,"private":0,"password":""}