{"id":"gen9nationaldex-1995801840","p1":"hackilla15","p2":"jaredbibelboy","format":"[Gen 9] National Dex","log":"|html|<div class=\"broadcast-blue\"><strong>[Gen 9] National Dex is currently suspecting Sneasler! For information on how to participate check out the <a href=\"https:\/\/www.smogon.com\/forums\/threads\/sv-national-dex-suspect-8-just-dance.3731534\/\">suspect thread<\/a>.<\/strong><\/div>\n|j|\u2606hackilla15\n|j|\u2606jaredbibelboy\n|t:|1700604540\n|gametype|singles\n|player|p1|hackilla15|ethan|1335\n|player|p2|jaredbibelboy|2|1289\n|teamsize|p1|6\n|teamsize|p2|6\n|gen|9\n|tier|[Gen 9] National Dex\n|rated|\n|rule|HP Percentage Mod: HP is shown in percentages\n|rule|Endless Battle Clause: Forcing endless battles is banned\n|rule|OHKO Clause: OHKO moves are banned\n|rule|Evasion Clause: Evasion abilities, items, and moves are banned\n|rule|Evasion Abilities Clause: Evasion abilities are banned\n|rule|Evasion Items Clause: Evasion items are banned\n|rule|Evasion Moves Clause: Evasion moves are banned\n|rule|Species Clause: Limit one of each Pok\u00e9mon\n|rule|Sleep Clause Mod: Limit one foe put to sleep\n|clearpoke\n|poke|p1|Zoroark-Hisui, F|\n|poke|p1|Venusaur, F|\n|poke|p1|Ceruledge, M|\n|poke|p1|Muk-Alola, F|\n|poke|p1|Corviknight, M|\n|poke|p1|Dragonite, M|\n|poke|p2|Scizor, F|\n|poke|p2|Zapdos|\n|poke|p2|Gengar, M|\n|poke|p2|Blaziken, M|\n|poke|p2|Gyarados, M|\n|poke|p2|Greninja-*, M|\n|teampreview\n|inactive|Battle timer is ON: inactive players will automatically lose when time's up. (requested by jaredbibelboy)\n|inactive|hackilla15 has 120 seconds left.\n|\n|t:|1700604602\n|start\n|switch|p1a: BIG BERTHA|Muk-Alola, F|100\/100\n|switch|p2a: Zapdos|Zapdos, shiny|100\/100\n|turn|1\n|\n|t:|1700604619\n|move|p1a: BIG BERTHA|Bitter Malice|p2a: Zapdos\n|-damage|p2a: Zapdos|51\/100\n|-unboost|p2a: Zapdos|atk|1\n|move|p2a: Zapdos|Discharge|p1a: BIG BERTHA\n|-crit|p1a: BIG BERTHA\n|-damage|p1a: BIG BERTHA|0 fnt\n|replace|p1a: Amaterasu|Zoroark-Hisui, F, shiny\n|-end|p1a: Amaterasu|Illusion\n|faint|p1a: Amaterasu\n|\n|-heal|p2a: Zapdos|57\/100|[from] item: Leftovers\n|upkeep\n|\n|t:|1700604626\n|switch|p1a: M.J. Watson|Venusaur, F, shiny|100\/100\n|turn|2\n|\n|t:|1700604634\n|detailschange|p1a: M.J. Watson|Venusaur-Mega, F, shiny\n|-mega|p1a: M.J. Watson|Venusaur|Venusaurite\n|move|p2a: Zapdos|Heat Wave|p1a: M.J. Watson\n|-supereffective|p1a: M.J. Watson\n|-damage|p1a: M.J. Watson|78\/100\n|move|p1a: M.J. Watson|Sludge Bomb|p2a: Zapdos\n|-damage|p2a: Zapdos|8\/100\n|\n|-heal|p2a: Zapdos|14\/100|[from] item: Leftovers\n|upkeep\n|turn|3\n|\n|t:|1700604641\n|move|p2a: Zapdos|Heat Wave|p1a: M.J. Watson|[miss]\n|-miss|p2a: Zapdos|p1a: M.J. Watson\n|move|p1a: M.J. Watson|Leech Seed|p2a: Zapdos\n|-start|p2a: Zapdos|move: Leech Seed\n|\n|-heal|p2a: Zapdos|21\/100|[from] item: Leftovers\n|-damage|p2a: Zapdos|8\/100|[from] Leech Seed|[of] p1a: M.J. Watson\n|-heal|p1a: M.J. Watson|89\/100|[silent]\n|upkeep\n|turn|4\n|\n|t:|1700604647\n|move|p2a: Zapdos|Heat Wave|p1a: M.J. Watson\n|-supereffective|p1a: M.J. Watson\n|-crit|p1a: M.J. Watson\n|-damage|p1a: M.J. Watson|55\/100\n|move|p1a: M.J. Watson|Sludge Bomb|p2a: Zapdos\n|-damage|p2a: Zapdos|0 fnt\n|faint|p2a: Zapdos\n|\n|upkeep\n|\n|t:|1700604654\n|switch|p2a: Blaziken|Blaziken, M|100\/100\n|turn|5\n|\n|t:|1700604657\n|move|p2a: Blaziken|Blaze Kick|p1a: M.J. Watson|[miss]\n|-miss|p2a: Blaziken|p1a: M.J. Watson\n|move|p1a: M.J. Watson|Earth Power|p2a: Blaziken\n|-supereffective|p2a: Blaziken\n|-damage|p2a: Blaziken|25\/100\n|\n|-heal|p2a: Blaziken|31\/100|[from] item: Leftovers\n|-ability|p2a: Blaziken|Speed Boost|boost\n|-boost|p2a: Blaziken|spe|1\n|upkeep\n|turn|6\n|\n|t:|1700604661\n|-terastallize|p2a: Blaziken|Flying\n|move|p2a: Blaziken|Brave Bird|p1a: M.J. Watson\n|-supereffective|p1a: M.J. Watson\n|-damage|p1a: M.J. Watson|0 fnt\n|faint|p1a: M.J. Watson\n|-damage|p2a: Blaziken|12\/100|[from] Recoil\n|\n|-heal|p2a: Blaziken|18\/100|[from] item: Leftovers\n|-ability|p2a: Blaziken|Speed Boost|boost\n|-boost|p2a: Blaziken|spe|1\n|upkeep\n|\n|t:|1700604664\n|switch|p1a: Moody Edge|Ceruledge, M, shiny|100\/100\n|turn|7\n|\n|t:|1700604668\n|move|p2a: Blaziken|Protect|p2a: Blaziken\n|-singleturn|p2a: Blaziken|Protect\n|move|p1a: Moody Edge|Bitter Blade|p2a: Blaziken\n|-activate|p2a: Blaziken|move: Protect\n|\n|-heal|p2a: Blaziken|25\/100|[from] item: Leftovers\n|-ability|p2a: Blaziken|Speed Boost|boost\n|-boost|p2a: Blaziken|spe|1\n|upkeep\n|turn|8\n|\n|t:|1700604676\n|switch|p2a: Gyarados|Gyarados, M|100\/100\n|-ability|p2a: Gyarados|Intimidate|boost\n|-unboost|p1a: Moody Edge|atk|1\n|move|p1a: Moody Edge|Bitter Blade|p2a: Gyarados\n|-resisted|p2a: Gyarados\n|-damage|p2a: Gyarados|81\/100\n|\n|upkeep\n|turn|9\n|\n|t:|1700604680\n|switch|p1a: Lancelot|Corviknight, M, shiny|100\/100\n|move|p2a: Gyarados|Dragon Dance|p2a: Gyarados\n|-boost|p2a: Gyarados|atk|1\n|-boost|p2a: Gyarados|spe|1\n|\n|upkeep\n|turn|10\n|\n|t:|1700604686\n|move|p2a: Gyarados|Waterfall|p1a: Lancelot\n|-damage|p1a: Lancelot|51\/100\n|move|p1a: Lancelot|Reflect|p1a: Lancelot\n|-sidestart|p1: hackilla15|Reflect\n|\n|upkeep\n|turn|11\n|\n|t:|1700604688\n|move|p2a: Gyarados|Waterfall|p1a: Lancelot\n|-damage|p1a: Lancelot|26\/100\n|move|p1a: Lancelot|Light Screen|p1a: Lancelot\n|-sidestart|p1: hackilla15|move: Light Screen\n|\n|upkeep\n|turn|12\n|\n|t:|1700604691\n|move|p2a: Gyarados|Waterfall|p1a: Lancelot\n|-damage|p1a: Lancelot|5\/100\n|move|p1a: Lancelot|Iron Head|p2a: Gyarados\n|-resisted|p2a: Gyarados\n|-damage|p2a: Gyarados|67\/100\n|\n|upkeep\n|turn|13\n|\n|t:|1700604694\n|move|p2a: Gyarados|Waterfall|p1a: Lancelot\n|-damage|p1a: Lancelot|0 fnt\n|faint|p1a: Lancelot\n|\n|upkeep\n|\n|t:|1700604695\n|switch|p1a: BIG BERTHA|Muk-Alola, F|100\/100\n|turn|14\n|\n|t:|1700604699\n|move|p2a: Gyarados|Dragon Dance|p2a: Gyarados\n|-boost|p2a: Gyarados|atk|1\n|-boost|p2a: Gyarados|spe|1\n|move|p1a: BIG BERTHA|Haze|p1a: BIG BERTHA\n|-clearallboost\n|\n|upkeep\n|turn|15\n|\n|t:|1700604702\n|move|p2a: Gyarados|Dragon Dance|p2a: Gyarados\n|-boost|p2a: Gyarados|atk|1\n|-boost|p2a: Gyarados|spe|1\n|move|p1a: BIG BERTHA|Knock Off|p2a: Gyarados\n|-damage|p2a: Gyarados|12\/100\n|-enditem|p2a: Gyarados|Chesto Berry|[from] move: Knock Off|[of] p1a: BIG BERTHA\n|\n|upkeep\n|turn|16\n|\n|t:|1700604704\n|move|p2a: Gyarados|Rest|p2a: Gyarados\n|-status|p2a: Gyarados|slp|[from] move: Rest\n|-heal|p2a: Gyarados|100\/100 slp|[silent]\n|move|p1a: BIG BERTHA|Haze|p1a: BIG BERTHA\n|-clearallboost\n|\n|upkeep\n|turn|17\n|\n|t:|1700604708\n|cant|p2a: Gyarados|slp\n|move|p1a: BIG BERTHA|Poison Jab|p2a: Gyarados\n|-damage|p2a: Gyarados|56\/100 slp\n|\n|-sideend|p1: hackilla15|Reflect\n|upkeep\n|turn|18\n|\n|t:|1700604715\n|switch|p2a: Isabella|Scizor, F, shiny|100\/100\n|move|p1a: BIG BERTHA|Poison Jab|p2a: Isabella\n|-immune|p2a: Isabella\n|\n|-sideend|p1: hackilla15|move: Light Screen\n|upkeep\n|turn|19\n|\n|t:|1700604718\n|detailschange|p2a: Isabella|Scizor-Mega, F, shiny\n|-mega|p2a: Isabella|Scizor|Scizorite\n|move|p2a: Isabella|Swords Dance|p2a: Isabella\n|-boost|p2a: Isabella|atk|2\n|move|p1a: BIG BERTHA|Drain Punch|p2a: Isabella\n|-damage|p2a: Isabella|81\/100\n|\n|upkeep\n|turn|20\n|\n|t:|1700604721\n|move|p2a: Isabella|Bullet Punch|p1a: BIG BERTHA\n|-damage|p1a: BIG BERTHA|15\/100\n|-enditem|p1a: BIG BERTHA|Iapapa Berry|[eat]\n|-heal|p1a: BIG BERTHA|49\/100|[from] item: Iapapa Berry\n|move|p1a: BIG BERTHA|Haze|p1a: BIG BERTHA\n|-clearallboost\n|\n|upkeep\n|turn|21\n|\n|t:|1700604725\n|switch|p1a: Moody Edge|Ceruledge, M, shiny|100\/100\n|move|p2a: Isabella|Bullet Punch|p1a: Moody Edge\n|-resisted|p1a: Moody Edge\n|-damage|p1a: Moody Edge|75\/100\n|-ability|p1a: Moody Edge|Weak Armor|boost\n|-unboost|p1a: Moody Edge|def|1\n|-boost|p1a: Moody Edge|spe|2\n|\n|upkeep\n|turn|22\n|\n|t:|1700604731\n|move|p2a: Isabella|Bullet Punch|p1a: Moody Edge\n|-resisted|p1a: Moody Edge\n|-damage|p1a: Moody Edge|34\/100\n|-ability|p1a: Moody Edge|Weak Armor|boost\n|-unboost|p1a: Moody Edge|def|1\n|-boost|p1a: Moody Edge|spe|2\n|move|p1a: Moody Edge|Bitter Blade|p2a: Isabella\n|-supereffective|p2a: Isabella\n|-damage|p2a: Isabella|0 fnt\n|-heal|p1a: Moody Edge|82\/100|[from] drain|[of] p2a: Isabella\n|faint|p2a: Isabella\n|\n|upkeep\n|\n|t:|1700604736\n|switch|p2a: Greninja|Greninja, M|100\/100\n|turn|23\n|\n|t:|1700604740\n|-terastallize|p1a: Moody Edge|Fighting\n|move|p1a: Moody Edge|Close Combat|p2a: Greninja\n|-supereffective|p2a: Greninja\n|-enditem|p2a: Greninja|Focus Sash\n|-damage|p2a: Greninja|1\/100\n|-unboost|p1a: Moody Edge|def|1\n|-unboost|p1a: Moody Edge|spd|1\n|move|p2a: Greninja|Scald|p1a: Moody Edge\n|-damage|p1a: Moody Edge|22\/100\n|\n|upkeep\n|turn|24\n|\n|t:|1700604748\n|move|p1a: Moody Edge|Close Combat|p2a: Greninja\n|-supereffective|p2a: Greninja\n|-damage|p2a: Greninja|0 fnt\n|-unboost|p1a: Moody Edge|def|1\n|-unboost|p1a: Moody Edge|spd|1\n|faint|p2a: Greninja\n|\n|upkeep\n|\n|t:|1700604751\n|switch|p2a: Gengar|Gengar, M|100\/100\n|turn|25\n|\n|t:|1700604757\n|move|p1a: Moody Edge|Bitter Blade|p2a: Gengar\n|-damage|p2a: Gengar|0 fnt\n|-heal|p1a: Moody Edge|67\/100|[from] drain|[of] p2a: Gengar\n|faint|p2a: Gengar\n|\n|upkeep\n|\n|t:|1700604760\n|switch|p2a: Blaziken|Blaziken, M, tera:Flying|25\/100\n|turn|26\n|\n|t:|1700604763\n|move|p1a: Moody Edge|Bitter Blade|p2a: Blaziken\n|-damage|p2a: Blaziken|0 fnt\n|-heal|p1a: Moody Edge|81\/100|[from] drain|[of] p2a: Blaziken\n|faint|p2a: Blaziken\n|\n|upkeep\n|\n|t:|1700604765\n|switch|p2a: Gyarados|Gyarados, M|56\/100 slp\n|-ability|p2a: Gyarados|Intimidate|boost\n|-unboost|p1a: Moody Edge|atk|1\n|turn|27\n|\n|t:|1700604769\n|move|p1a: Moody Edge|Shadow Claw|p2a: Gyarados\n|-damage|p2a: Gyarados|28\/100 slp\n|cant|p2a: Gyarados|slp\n|\n|upkeep\n|turn|28\n|\n|t:|1700604773\n|move|p1a: Moody Edge|Shadow Claw|p2a: Gyarados\n|-damage|p2a: Gyarados|0 fnt\n|faint|p2a: Gyarados\n|\n|win|hackilla15\n|raw|hackilla15's rating: 1335 &rarr; <strong>1352<\/strong><br \/>(+17 for winning)\n|raw|jaredbibelboy's rating: 1289 &rarr; <strong>1267<\/strong><br \/>(-22 for losing)\n|l|\u2606jaredbibelboy\n","uploadtime":1700604786,"views":1,"p1id":"hackilla15","p2id":"jaredbibelboy","formatid":"gen9nationaldex","rating":1267,"private":0,"password":""}