{"id":"gen9nationaldex-2000259351","p1":"Techvast","p2":"LIWWEIR","format":"[Gen 9] National Dex","log":"|html|<div class=\"broadcast-blue\"><strong>[Gen 9] National Dex is currently suspecting Sneasler! For information on how to participate check out the <a href=\"https:\/\/www.smogon.com\/forums\/threads\/sv-national-dex-suspect-8-just-dance.3731534\/\">suspect thread<\/a>.<\/strong><\/div>\n|j|\u2606Techvast\n|j|\u2606LIWWEIR\n|t:|1701178596\n|gametype|singles\n|player|p1|Techvast|pilot|1275\n|player|p2|LIWWEIR|blue|1340\n|teamsize|p1|6\n|teamsize|p2|6\n|gen|9\n|tier|[Gen 9] National Dex\n|rated|\n|rule|HP Percentage Mod: HP is shown in percentages\n|rule|Endless Battle Clause: Forcing endless battles is banned\n|rule|OHKO Clause: OHKO moves are banned\n|rule|Evasion Clause: Evasion abilities, items, and moves are banned\n|rule|Evasion Abilities Clause: Evasion abilities are banned\n|rule|Evasion Items Clause: Evasion items are banned\n|rule|Evasion Moves Clause: Evasion moves are banned\n|rule|Species Clause: Limit one of each Pok\u00e9mon\n|rule|Sleep Clause Mod: Limit one foe put to sleep\n|clearpoke\n|poke|p1|Blissey, F|\n|poke|p1|Tangrowth, F|\n|poke|p1|Hippowdon, F|\n|poke|p1|Dracozolt|\n|poke|p1|Tapu Lele|\n|poke|p1|Dragonite, F|\n|poke|p2|Venusaur, M|\n|poke|p2|Bisharp, M|\n|poke|p2|Aegislash, M|\n|poke|p2|Empoleon, M|\n|poke|p2|Zamazenta-*|\n|poke|p2|Corviknight, M|\n|teampreview\n|\n|t:|1701178608\n|start\n|switch|p1a: Hippowdon|Hippowdon, F|100\/100\n|switch|p2a: Empoleon|Empoleon, M|100\/100\n|-weather|Sandstorm|[from] ability: Sand Stream|[of] p1a: Hippowdon\n|turn|1\n|\n|t:|1701178617\n|move|p1a: Hippowdon|Earthquake|p2a: Empoleon\n|-supereffective|p2a: Empoleon\n|-damage|p2a: Empoleon|24\/100\n|move|p2a: Empoleon|Stealth Rock|p1a: Hippowdon\n|-sidestart|p1: Techvast|move: Stealth Rock\n|\n|-weather|Sandstorm|[upkeep]\n|-heal|p2a: Empoleon|30\/100|[from] item: Leftovers\n|upkeep\n|turn|2\n|\n|t:|1701178624\n|move|p1a: Hippowdon|Earthquake|p2a: Empoleon\n|-supereffective|p2a: Empoleon\n|-damage|p2a: Empoleon|0 fnt\n|faint|p2a: Empoleon\n|\n|-weather|Sandstorm|[upkeep]\n|upkeep\n|\n|t:|1701178633\n|switch|p2a: Aegislash|Aegislash, M, shiny|100\/100\n|-item|p2a: Aegislash|Air Balloon\n|turn|3\n|\n|t:|1701178640\n|-formechange|p2a: Aegislash|Aegislash-Blade||[from] ability: Stance Change\n|move|p2a: Aegislash|Shadow Ball|p1a: Hippowdon\n|-damage|p1a: Hippowdon|51\/100\n|-unboost|p1a: Hippowdon|spd|1\n|move|p1a: Hippowdon|Whirlwind|p2a: Aegislash\n|drag|p2a: Corviknight|Corviknight, M|100\/100\n|-ability|p2a: Corviknight|Pressure\n|\n|-weather|Sandstorm|[upkeep]\n|upkeep\n|turn|4\n|\n|t:|1701178651\n|move|p1a: Hippowdon|Stealth Rock|p2a: Corviknight\n|-sidestart|p2: LIWWEIR|move: Stealth Rock\n|move|p2a: Corviknight|U-turn|p1a: Hippowdon\n|-damage|p1a: Hippowdon|44\/100\n|\n|t:|1701178656\n|switch|p2a: Bisharp|Bisharp, M, shiny|100\/100|[from] U-turn\n|-damage|p2a: Bisharp|94\/100|[from] Stealth Rock\n|\n|-weather|Sandstorm|[upkeep]\n|upkeep\n|turn|5\n|\n|t:|1701178666\n|switch|p1a: Blissey|Blissey, F|100\/100\n|move|p2a: Bisharp|Knock Off|p1a: Blissey\n|-damage|p1a: Blissey|55\/100\n|-enditem|p1a: Blissey|Heavy-Duty Boots|[from] move: Knock Off|[of] p2a: Bisharp\n|\n|-weather|Sandstorm|[upkeep]\n|-damage|p1a: Blissey|49\/100|[from] Sandstorm\n|upkeep\n|turn|6\n|\n|t:|1701178675\n|move|p2a: Bisharp|Iron Head|p1a: Blissey\n|-damage|p1a: Blissey|8\/100\n|cant|p1a: Blissey|flinch\n|\n|-weather|Sandstorm|[upkeep]\n|-damage|p1a: Blissey|1\/100|[from] Sandstorm\n|upkeep\n|turn|7\n|\n|t:|1701178681\n|move|p2a: Bisharp|Knock Off|p1a: Blissey\n|-damage|p1a: Blissey|0 fnt\n|faint|p1a: Blissey\n|\n|-weather|Sandstorm|[upkeep]\n|upkeep\n|\n|t:|1701178685\n|switch|p1a: Dracozolt|Dracozolt|100\/100\n|-damage|p1a: Dracozolt|88\/100|[from] Stealth Rock\n|turn|8\n|\n|t:|1701178694\n|switch|p2a: Venusaur|Venusaur, M|100\/100\n|-damage|p2a: Venusaur|88\/100|[from] Stealth Rock\n|-terastallize|p1a: Dracozolt|Electric\n|move|p1a: Dracozolt|Bolt Beak|p2a: Venusaur\n|-resisted|p2a: Venusaur\n|-damage|p2a: Venusaur|21\/100\n|\n|-weather|none\n|upkeep\n|turn|9\n|\n|t:|1701178704\n|detailschange|p2a: Venusaur|Venusaur-Mega, M\n|-mega|p2a: Venusaur|Venusaur|Venusaurite\n|move|p1a: Dracozolt|Bolt Beak|p2a: Venusaur\n|-resisted|p2a: Venusaur\n|-damage|p2a: Venusaur|0 fnt\n|faint|p2a: Venusaur\n|\n|upkeep\n|\n|t:|1701178710\n|switch|p2a: Bisharp|Bisharp, M, shiny|94\/100\n|-damage|p2a: Bisharp|88\/100|[from] Stealth Rock\n|turn|10\n|\n|t:|1701178714\n|switch|p1a: Hippowdon|Hippowdon, F|44\/100\n|-damage|p1a: Hippowdon|37\/100|[from] Stealth Rock\n|-weather|Sandstorm|[from] ability: Sand Stream|[of] p1a: Hippowdon\n|move|p2a: Bisharp|Knock Off|p1a: Hippowdon\n|-damage|p1a: Hippowdon|9\/100\n|-enditem|p1a: Hippowdon|Smooth Rock|[from] move: Knock Off|[of] p2a: Bisharp\n|\n|-weather|Sandstorm|[upkeep]\n|upkeep\n|turn|11\n|\n|t:|1701178723\n|move|p2a: Bisharp|Knock Off|p1a: Hippowdon\n|-damage|p1a: Hippowdon|0 fnt\n|faint|p1a: Hippowdon\n|\n|-weather|Sandstorm|[upkeep]\n|upkeep\n|\n|t:|1701178726\n|switch|p1a: Dracozolt|Dracozolt, tera:Electric|88\/100\n|-damage|p1a: Dracozolt|76\/100|[from] Stealth Rock\n|turn|12\n|\n|t:|1701178730\n|move|p2a: Bisharp|Sucker Punch|p1a: Dracozolt\n|-damage|p1a: Dracozolt|32\/100\n|move|p1a: Dracozolt|Bolt Beak|p2a: Bisharp\n|-damage|p2a: Bisharp|19\/100\n|\n|-weather|Sandstorm|[upkeep]\n|upkeep\n|turn|13\n|\n|t:|1701178741\n|switch|p1a: Tapu Lele|Tapu Lele|100\/100\n|-damage|p1a: Tapu Lele|88\/100|[from] Stealth Rock\n|-fieldstart|move: Psychic Terrain|[from] ability: Psychic Surge|[of] p1a: Tapu Lele\n|move|p2a: Bisharp|Sucker Punch||[still]\n|-fail|p2a: Bisharp\n|\n|-weather|Sandstorm|[upkeep]\n|-damage|p1a: Tapu Lele|82\/100|[from] Sandstorm\n|upkeep\n|turn|14\n|\n|t:|1701178752\n|switch|p1a: Dracozolt|Dracozolt, tera:Electric|32\/100\n|-damage|p1a: Dracozolt|20\/100|[from] Stealth Rock\n|switch|p2a: Corviknight|Corviknight, M|100\/100\n|-ability|p2a: Corviknight|Pressure\n|\n|-weather|Sandstorm|[upkeep]\n|upkeep\n|turn|15\n|\n|t:|1701178762\n|move|p1a: Dracozolt|Bolt Beak|p2a: Corviknight\n|-supereffective|p2a: Corviknight\n|-damage|p2a: Corviknight|0 fnt\n|faint|p2a: Corviknight\n|\n|-weather|Sandstorm|[upkeep]\n|upkeep\n|\n|t:|1701178769\n|switch|p2a: Bisharp|Bisharp, M, shiny|19\/100\n|-damage|p2a: Bisharp|13\/100|[from] Stealth Rock\n|turn|16\n|\n|t:|1701178773\n|move|p1a: Dracozolt|Bolt Beak|p2a: Bisharp\n|-damage|p2a: Bisharp|0 fnt\n|faint|p2a: Bisharp\n|\n|-weather|Sandstorm|[upkeep]\n|upkeep\n|\n|t:|1701178780\n|switch|p2a: Aegislash|Aegislash, M, shiny|100\/100\n|-damage|p2a: Aegislash|94\/100|[from] Stealth Rock\n|-item|p2a: Aegislash|Air Balloon\n|turn|17\n|\n|t:|1701178786\n|move|p2a: Aegislash|King's Shield|p2a: Aegislash\n|-singleturn|p2a: Aegislash|Protect\n|move|p1a: Dracozolt|Bolt Beak|p2a: Aegislash\n|-activate|p2a: Aegislash|move: Protect\n|-unboost|p1a: Dracozolt|atk|1\n|\n|-weather|none\n|-fieldend|move: Psychic Terrain\n|upkeep\n|turn|18\n|\n|t:|1701178793\n|-formechange|p2a: Aegislash|Aegislash-Blade||[from] ability: Stance Change\n|move|p2a: Aegislash|Shadow Sneak|p1a: Dracozolt\n|-damage|p1a: Dracozolt|0 fnt\n|faint|p1a: Dracozolt\n|\n|upkeep\n|\n|t:|1701178798\n|switch|p1a: Tapu Lele|Tapu Lele|82\/100\n|-damage|p1a: Tapu Lele|70\/100|[from] Stealth Rock\n|-fieldstart|move: Psychic Terrain|[from] ability: Psychic Surge|[of] p1a: Tapu Lele\n|turn|19\n|\n|t:|1701178821\n|switch|p1a: Tangrowth|Tangrowth, F|100\/100\n|-damage|p1a: Tangrowth|88\/100|[from] Stealth Rock\n|-formechange|p2a: Aegislash|Aegislash||[from] ability: Stance Change\n|move|p2a: Aegislash|King's Shield||[still]\n|-fail|p2a: Aegislash\n|\n|upkeep\n|turn|20\n|\n|t:|1701178828\n|switch|p2a: Zamazenta|Zamazenta|100\/100\n|-damage|p2a: Zamazenta|94\/100|[from] Stealth Rock\n|-ability|p2a: Zamazenta|Dauntless Shield|boost\n|-boost|p2a: Zamazenta|def|1\n|move|p1a: Tangrowth|Earthquake|p2a: Zamazenta\n|-damage|p2a: Zamazenta|80\/100\n|\n|upkeep\n|turn|21\n|\n|t:|1701178840\n|-terastallize|p2a: Zamazenta|Fairy\n|move|p2a: Zamazenta|Play Rough|p1a: Tangrowth\n|-damage|p1a: Tangrowth|65\/100\n|-damage|p2a: Zamazenta|63\/100|[from] item: Rocky Helmet|[of] p1a: Tangrowth\n|move|p1a: Tangrowth|Sleep Powder|p2a: Zamazenta|[miss]\n|-miss|p1a: Tangrowth|p2a: Zamazenta\n|\n|upkeep\n|turn|22\n|\n|t:|1701178849\n|move|p2a: Zamazenta|Ice Fang|p1a: Tangrowth\n|-supereffective|p1a: Tangrowth\n|-damage|p1a: Tangrowth|38\/100\n|-status|p1a: Tangrowth|frz\n|-damage|p2a: Zamazenta|47\/100|[from] item: Rocky Helmet|[of] p1a: Tangrowth\n|cant|p1a: Tangrowth|frz\n|\n|upkeep\n|turn|23\n|\n|t:|1701178856\n|move|p2a: Zamazenta|Ice Fang|p1a: Tangrowth\n|-supereffective|p1a: Tangrowth\n|-damage|p1a: Tangrowth|8\/100 frz\n|-damage|p2a: Zamazenta|30\/100|[from] item: Rocky Helmet|[of] p1a: Tangrowth\n|cant|p1a: Tangrowth|frz\n|\n|-fieldend|move: Psychic Terrain\n|upkeep\n|turn|24\n|\n|t:|1701178864\n|move|p2a: Zamazenta|Ice Fang|p1a: Tangrowth|[miss]\n|-miss|p2a: Zamazenta|p1a: Tangrowth\n|cant|p1a: Tangrowth|frz\n|\n|upkeep\n|turn|25\n|\n|t:|1701178870\n|move|p2a: Zamazenta|Ice Fang|p1a: Tangrowth\n|-supereffective|p1a: Tangrowth\n|-damage|p1a: Tangrowth|0 fnt\n|-damage|p2a: Zamazenta|13\/100|[from] item: Rocky Helmet|[of] p1a: Tangrowth\n|faint|p1a: Tangrowth\n|\n|upkeep\n|\n|t:|1701178876\n|switch|p1a: Dragonite|Dragonite, F|100\/100\n|turn|26\n|\n|t:|1701178878\n|move|p2a: Zamazenta|Ice Fang|p1a: Dragonite\n|-supereffective|p1a: Dragonite\n|-damage|p1a: Dragonite|44\/100\n|-status|p1a: Dragonite|frz\n|cant|p1a: Dragonite|frz\n|\n|upkeep\n|turn|27\n|c|\u2606Techvast|Them freezes are fuckin insane\n|\n|t:|1701178901\n|move|p2a: Zamazenta|Play Rough|p1a: Dragonite\n|-supereffective|p1a: Dragonite\n|-damage|p1a: Dragonite|0 fnt\n|faint|p1a: Dragonite\n|\n|upkeep\n|\n|t:|1701178904\n|switch|p1a: Tapu Lele|Tapu Lele|70\/100\n|-damage|p1a: Tapu Lele|57\/100|[from] Stealth Rock\n|-fieldstart|move: Psychic Terrain|[from] ability: Psychic Surge|[of] p1a: Tapu Lele\n|turn|28\n|c|\u2606LIWWEIR|good dog\uff01\n|\n|t:|1701178915\n|move|p1a: Tapu Lele|Psychic|p2a: Zamazenta\n|-damage|p2a: Zamazenta|0 fnt\n|faint|p2a: Zamazenta\n|\n|upkeep\n|c|\u2606Techvast|?\n|\n|t:|1701178919\n|switch|p2a: Aegislash|Aegislash, M, shiny|94\/100\n|-damage|p2a: Aegislash|88\/100|[from] Stealth Rock\n|-item|p2a: Aegislash|Air Balloon\n|turn|29\n|\n|t:|1701178939\n|move|p1a: Tapu Lele|Psychic|p2a: Aegislash\n|-resisted|p2a: Aegislash\n|-damage|p2a: Aegislash|63\/100\n|-enditem|p2a: Aegislash|Air Balloon\n|-formechange|p2a: Aegislash|Aegislash-Blade||[from] ability: Stance Change\n|move|p2a: Aegislash|Shadow Ball|p1a: Tapu Lele\n|-supereffective|p1a: Tapu Lele\n|-damage|p1a: Tapu Lele|0 fnt\n|faint|p1a: Tapu Lele\n|\n|win|LIWWEIR\n|raw|Techvast's rating: 1275 &rarr; <strong>1255<\/strong><br \/>(-20 for losing)\n|raw|LIWWEIR's rating: 1340 &rarr; <strong>1356<\/strong><br \/>(+16 for winning)\n|c|\u2606LIWWEIR|my Zamazenta\n|c|\u2606Techvast|LmO\n|c|\u2606Techvast|Lmao\n|c|\u2606Techvast|Gg\n|l|\u2606Techvast\n","uploadtime":1701178987,"views":3,"p1id":"techvast","p2id":"liwweir","formatid":"gen9nationaldex","rating":1255,"private":0,"password":""}