{"id":"gen9nationaldex-1990390103","p1":"Curvature<3","p2":"local idiot gaming","format":"[Gen 9] National Dex","log":"|j|\u2606Curvature<3\n|j|\u2606local idiot gaming\n|t:|1699965850\n|gametype|singles\n|player|p1|Curvature<3|dawn-gen4pt|1303\n|player|p2|local idiot gaming|bugcatcher-gen4dp|1316\n|teamsize|p1|6\n|teamsize|p2|6\n|gen|9\n|tier|[Gen 9] National Dex\n|rated|\n|rule|HP Percentage Mod: HP is shown in percentages\n|rule|Endless Battle Clause: Forcing endless battles is banned\n|rule|OHKO Clause: OHKO moves are banned\n|rule|Evasion Clause: Evasion abilities, items, and moves are banned\n|rule|Evasion Abilities Clause: Evasion abilities are banned\n|rule|Evasion Items Clause: Evasion items are banned\n|rule|Evasion Moves Clause: Evasion moves are banned\n|rule|Species Clause: Limit one of each Pok\u00e9mon\n|rule|Sleep Clause Mod: Limit one foe put to sleep\n|clearpoke\n|poke|p1|Pikachu, F|\n|poke|p1|Venusaur, F|\n|poke|p1|Charizard, F|\n|poke|p1|Blastoise, F|\n|poke|p1|Espeon, F|\n|poke|p1|Snorlax, F|\n|poke|p2|Bisharp, M|\n|poke|p2|Scizor, M|\n|poke|p2|Snorlax, M|\n|poke|p2|Electrode-Hisui|\n|poke|p2|Heatran, M|\n|poke|p2|Kommo-o, F|\n|teampreview\n|inactive|Battle timer is ON: inactive players will automatically lose when time's up. (requested by local idiot gaming)\n|inactive|Curvature<3 also wants the timer to be on.\n|inactive|Curvature<3 has 120 seconds left.\n|\n|t:|1699965887\n|start\n|switch|p1a: Envy|Espeon, F|100\/100\n|switch|p2a: magic 8 ball|Electrode-Hisui, shiny|100\/100\n|turn|1\n|\n|t:|1699965902\n|switch|p1a: Lust|Pikachu, F|100\/100\n|move|p2a: magic 8 ball|Volt Switch|p1a: Lust\n|-ability|p1a: Lust|Lightning Rod|boost\n|-boost|p1a: Lust|spa|1\n|\n|upkeep\n|turn|2\n|\n|t:|1699965909\n|switch|p2a: you irl|Snorlax, M|100\/100\n|move|p1a: Lust|Volt Tackle|p2a: you irl\n|-damage|p2a: you irl|22\/100\n|-damage|p1a: Lust|36\/100|[from] Recoil\n|\n|upkeep\n|turn|3\n|-enditem|p2a: you irl|Custap Berry|[eat]\n|-activate|p2a: you irl|item: Custap Berry|[consumed]\n|\n|t:|1699965915\n|move|p2a: you irl|Self-Destruct|p1a: Lust\n|-damage|p1a: Lust|0 fnt\n|faint|p2a: you irl\n|faint|p1a: Lust\n|\n|upkeep\n|inactive|Curvature<3 has 120 seconds left.\n|inactive|Curvature<3 has 90 seconds left.\n|inactive|Curvature<3 has 60 seconds left.\n|\n|t:|1699966015\n|switch|p1a: Greed|Venusaur, F|100\/100\n|switch|p2a: z move|Kommo-o, F|100\/100\n|turn|4\n|\n|t:|1699966031\n|switch|p2a: magic 8 ball|Electrode-Hisui, shiny|100\/100\n|move|p1a: Greed|Sludge Bomb|p2a: magic 8 ball\n|-supereffective|p2a: magic 8 ball\n|-damage|p2a: magic 8 ball|0 fnt\n|faint|p2a: magic 8 ball\n|-damage|p1a: Greed|91\/100|[from] item: Life Orb\n|\n|upkeep\n|\n|t:|1699966040\n|switch|p2a: angy magma spooder|Heatran, M|100\/100\n|turn|5\n|\n|t:|1699966044\n|move|p2a: angy magma spooder|Eruption|p1a: Greed\n|-supereffective|p1a: Greed\n|-crit|p1a: Greed\n|-damage|p1a: Greed|0 fnt\n|faint|p1a: Greed\n|\n|upkeep\n|\n|t:|1699966054\n|switch|p1a: Envy|Espeon, F|100\/100\n|turn|6\n|\n|t:|1699966058\n|switch|p1a: Pride|Blastoise, F|100\/100\n|move|p2a: angy magma spooder|Eruption|p1a: Pride\n|-resisted|p1a: Pride\n|-damage|p1a: Pride|65\/100\n|\n|-heal|p1a: Pride|71\/100|[from] item: Leftovers\n|upkeep\n|turn|7\n|\n|t:|1699966067\n|switch|p2a: priority move|Scizor, M|100\/100\n|move|p1a: Pride|Scald|p2a: priority move\n|-damage|p2a: priority move|73\/100\n|\n|-heal|p1a: Pride|77\/100|[from] item: Leftovers\n|upkeep\n|turn|8\n|\n|t:|1699966075\n|switch|p1a: Wrath|Charizard, F|100\/100\n|detailschange|p2a: priority move|Scizor-Mega, M\n|-mega|p2a: priority move|Scizor|Scizorite\n|move|p2a: priority move|U-turn|p1a: Wrath\n|-resisted|p1a: Wrath\n|-damage|p1a: Wrath|86\/100\n|\n|t:|1699966081\n|switch|p2a: angy magma spooder|Heatran, M|100\/100|[from] U-turn\n|\n|upkeep\n|turn|9\n|inactive|Curvature<3 has 90 seconds left.\n|\n|t:|1699966092\n|switch|p1a: Sloth|Snorlax, F|100\/100\n|move|p2a: angy magma spooder|Eruption|p1a: Sloth\n|-damage|p1a: Sloth|61\/100\n|\n|-heal|p1a: Sloth|67\/100|[from] item: Leftovers\n|upkeep\n|turn|10\n|\n|t:|1699966100\n|switch|p2a: z move|Kommo-o, F|100\/100\n|move|p1a: Sloth|Earthquake|p2a: z move\n|-damage|p2a: z move|75\/100\n|\n|-heal|p1a: Sloth|73\/100|[from] item: Leftovers\n|upkeep\n|turn|11\n|\n|t:|1699966108\n|-zpower|p2a: z move\n|move|p2a: z move|Clangorous Soulblaze|p1a: Sloth|[zeffect]\n|-damage|p1a: Sloth|43\/100\n|-boost|p2a: z move|atk|1\n|-boost|p2a: z move|def|1\n|-boost|p2a: z move|spa|1\n|-boost|p2a: z move|spd|1\n|-boost|p2a: z move|spe|1\n|move|p1a: Sloth|Frustration|p2a: z move\n|-damage|p2a: z move|52\/100\n|\n|-heal|p1a: Sloth|49\/100|[from] item: Leftovers\n|upkeep\n|turn|12\n|\n|t:|1699966125\n|switch|p1a: Wrath|Charizard, F|86\/100\n|move|p2a: z move|Drain Punch|p1a: Wrath\n|-resisted|p1a: Wrath\n|-damage|p1a: Wrath|50\/100\n|-heal|p2a: z move|70\/100|[from] drain|[of] p1a: Wrath\n|\n|upkeep\n|turn|13\n|\n|t:|1699966136\n|detailschange|p1a: Wrath|Charizard-Mega-Y, F\n|-mega|p1a: Wrath|Charizard|Charizardite Y\n|-weather|SunnyDay|[from] ability: Drought|[of] p1a: Wrath\n|move|p2a: z move|Clanging Scales|p1a: Wrath\n|-damage|p1a: Wrath|0 fnt\n|faint|p1a: Wrath\n|-unboost|p2a: z move|def|1\n|\n|-weather|SunnyDay|[upkeep]\n|upkeep\n|\n|t:|1699966144\n|switch|p1a: Envy|Espeon, F|100\/100\n|turn|14\n|\n|t:|1699966150\n|move|p2a: z move|Iron Head|p1a: Envy\n|-damage|p1a: Envy|28\/100\n|move|p1a: Envy|Psychic|p2a: z move\n|-supereffective|p2a: z move\n|-damage|p2a: z move|0 fnt\n|faint|p2a: z move\n|\n|-weather|SunnyDay|[upkeep]\n|upkeep\n|\n|t:|1699966156\n|switch|p2a: priority move|Scizor-Mega, M|73\/100\n|turn|15\n|\n|t:|1699966161\n|switch|p1a: Pride|Blastoise, F|77\/100\n|move|p2a: priority move|Bullet Punch|p1a: Pride\n|-resisted|p1a: Pride\n|-damage|p1a: Pride|63\/100\n|\n|-weather|SunnyDay|[upkeep]\n|-heal|p1a: Pride|69\/100|[from] item: Leftovers\n|upkeep\n|turn|16\n|\n|t:|1699966168\n|move|p1a: Pride|Scald|p2a: priority move\n|-damage|p2a: priority move|62\/100\n|move|p2a: priority move|Bug Bite|p1a: Pride\n|-damage|p1a: Pride|31\/100\n|\n|-weather|SunnyDay|[upkeep]\n|-heal|p1a: Pride|37\/100|[from] item: Leftovers\n|upkeep\n|turn|17\n|\n|t:|1699966179\n|move|p1a: Pride|Seismic Toss|p2a: priority move\n|-damage|p2a: priority move|33\/100\n|move|p2a: priority move|U-turn|p1a: Pride\n|-damage|p1a: Pride|4\/100\n|\n|t:|1699966183\n|switch|p2a: checkmate|Bisharp, M, shiny|100\/100|[from] U-turn\n|\n|-weather|none\n|-heal|p1a: Pride|10\/100|[from] item: Leftovers\n|upkeep\n|turn|18\n|\n|t:|1699966189\n|move|p2a: checkmate|Sucker Punch||[still]\n|-fail|p2a: checkmate\n|move|p1a: Pride|Roar|p2a: checkmate\n|drag|p2a: angy magma spooder|Heatran, M|100\/100\n|\n|-heal|p1a: Pride|16\/100|[from] item: Leftovers\n|upkeep\n|turn|19\n|\n|t:|1699966211\n|move|p2a: angy magma spooder|Eruption|p1a: Pride\n|-resisted|p1a: Pride\n|-damage|p1a: Pride|0 fnt\n|faint|p1a: Pride\n|\n|upkeep\n|\n|t:|1699966216\n|switch|p1a: Sloth|Snorlax, F|49\/100\n|turn|20\n|\n|t:|1699966222\n|move|p2a: angy magma spooder|Eruption|p1a: Sloth\n|-damage|p1a: Sloth|9\/100\n|move|p1a: Sloth|Earthquake|p2a: angy magma spooder\n|-supereffective|p2a: angy magma spooder\n|-damage|p2a: angy magma spooder|1\/100\n|\n|-heal|p1a: Sloth|15\/100|[from] item: Leftovers\n|upkeep\n|turn|21\n|\n|t:|1699966231\n|move|p2a: angy magma spooder|Eruption|p1a: Sloth\n|-damage|p1a: Sloth|15\/100\n|move|p1a: Sloth|Fire Punch|p2a: angy magma spooder\n|-start|p2a: angy magma spooder|ability: Flash Fire\n|\n|-heal|p1a: Sloth|21\/100|[from] item: Leftovers\n|upkeep\n|turn|22\n|\n|t:|1699966239\n|move|p2a: angy magma spooder|Eruption|p1a: Sloth\n|-damage|p1a: Sloth|20\/100\n|move|p1a: Sloth|Fire Punch|p2a: angy magma spooder\n|-immune|p2a: angy magma spooder|[from] ability: Flash Fire\n|\n|-heal|p1a: Sloth|27\/100|[from] item: Leftovers\n|upkeep\n|turn|23\n|\n|t:|1699966247\n|move|p2a: angy magma spooder|Eruption|p1a: Sloth\n|-damage|p1a: Sloth|26\/100\n|move|p1a: Sloth|Curse|p1a: Sloth\n|-unboost|p1a: Sloth|spe|1\n|-boost|p1a: Sloth|atk|1\n|-boost|p1a: Sloth|def|1\n|\n|-heal|p1a: Sloth|32\/100|[from] item: Leftovers\n|upkeep\n|turn|24\n|\n|t:|1699966255\n|-activate|p2a: angy magma spooder|move: Struggle\n|move|p2a: angy magma spooder|Struggle|p1a: Sloth\n|-damage|p1a: Sloth|27\/100\n|-damage|p2a: angy magma spooder|0 fnt|[from] recoil\n|faint|p2a: angy magma spooder\n|move|p1a: Sloth|Fire Punch|p2: angy magma spooder|[notarget]\n|-fail|p1a: Sloth\n|\n|-heal|p1a: Sloth|33\/100|[from] item: Leftovers\n|upkeep\n|\n|t:|1699966259\n|switch|p2a: checkmate|Bisharp, M, shiny|100\/100\n|turn|25\n|\n|t:|1699966266\n|-terastallize|p2a: checkmate|Ghost\n|move|p2a: checkmate|Swords Dance|p2a: checkmate\n|-boost|p2a: checkmate|atk|2\n|move|p1a: Sloth|Fire Punch|p2a: checkmate\n|-damage|p2a: checkmate|83\/100\n|\n|-heal|p1a: Sloth|40\/100|[from] item: Leftovers\n|upkeep\n|turn|26\n|inactive|Curvature<3 has 120 seconds left.\n|\n|t:|1699966308\n|-terastallize|p1a: Sloth|Ground\n|move|p2a: checkmate|Brick Break|p1a: Sloth\n|-damage|p1a: Sloth|12\/100\n|move|p1a: Sloth|Earthquake|p2a: checkmate\n|-damage|p2a: checkmate|43\/100\n|\n|-heal|p1a: Sloth|18\/100|[from] item: Leftovers\n|upkeep\n|turn|27\n|inactive|Curvature<3 has 90 seconds left.\n|inactive|Curvature<3 has 60 seconds left.\n|inactive|Curvature<3 has 30 seconds left.\n|inactive|Curvature<3 has 20 seconds left.\n|inactive|Curvature<3 has 15 seconds left.\n|inactive|Curvature<3 has 10 seconds left.\n|inactive|Curvature<3 has 5 seconds left.\n|-message|Curvature<3 lost due to inactivity.\n|\n|win|local idiot gaming\n|raw|Curvature&lt;3's rating: 1303 &rarr; <strong>1284<\/strong><br \/>(-19 for losing)\n|raw|local idiot gaming's rating: 1316 &rarr; <strong>1335<\/strong><br \/>(+19 for winning)\n|l|\u2606local idiot gaming\n","uploadtime":1699966431,"views":7,"p1id":"curvature3","p2id":"localidiotgaming","formatid":"gen9nationaldex","rating":1284,"private":0,"password":""}