{"id":"gen9nationaldex-1998856706","p1":"larsonshark","p2":"Amber-acid","format":"[Gen 9] National Dex","log":"|html|<div class=\"broadcast-blue\"><strong>[Gen 9] National Dex is currently suspecting Sneasler! For information on how to participate check out the <a href=\"https:\/\/www.smogon.com\/forums\/threads\/sv-national-dex-suspect-8-just-dance.3731534\/\">suspect thread<\/a>.<\/strong><\/div>\n|j|\u2606larsonshark\n|j|\u2606Amber-acid\n|t:|1701004030\n|gametype|singles\n|player|p1|larsonshark|caitlin|1458\n|player|p2|Amber-acid|170|1489\n|teamsize|p1|6\n|teamsize|p2|6\n|gen|9\n|tier|[Gen 9] National Dex\n|rated|\n|rule|HP Percentage Mod: HP is shown in percentages\n|rule|Endless Battle Clause: Forcing endless battles is banned\n|rule|OHKO Clause: OHKO moves are banned\n|rule|Evasion Clause: Evasion abilities, items, and moves are banned\n|rule|Evasion Abilities Clause: Evasion abilities are banned\n|rule|Evasion Items Clause: Evasion items are banned\n|rule|Evasion Moves Clause: Evasion moves are banned\n|rule|Species Clause: Limit one of each Pok\u00e9mon\n|rule|Sleep Clause Mod: Limit one foe put to sleep\n|clearpoke\n|poke|p1|Excadrill, F|\n|poke|p1|Tyranitar, M|\n|poke|p1|Diancie|\n|poke|p1|Iron Moth|\n|poke|p1|Kommo-o, M|\n|poke|p1|Aggron, M|\n|poke|p2|Pelipper, F|\n|poke|p2|Barraskewda, M|\n|poke|p2|Swampert, M|\n|poke|p2|Kingdra, F|\n|poke|p2|Ferrothorn, F|\n|poke|p2|Moltres|\n|teampreview\n|inactive|Battle timer is ON: inactive players will automatically lose when time's up. (requested by larsonshark)\n|c|\u2606Amber-acid|glhf\n|\n|t:|1701004047\n|start\n|switch|p1a: Tyranitar|Tyranitar, M|100\/100\n|switch|p2a: Barraskewda|Barraskewda, M, shiny|100\/100\n|-weather|Sandstorm|[from] ability: Sand Stream|[of] p1a: Tyranitar\n|turn|1\n|\n|t:|1701004060\n|switch|p1a: Iron Moth|Iron Moth|100\/100\n|-enditem|p1a: Iron Moth|Booster Energy\n|-activate|p1a: Iron Moth|ability: Quark Drive|[fromitem]\n|-start|p1a: Iron Moth|quarkdrivespe\n|move|p2a: Barraskewda|Flip Turn|p1a: Iron Moth\n|-supereffective|p1a: Iron Moth\n|-damage|p1a: Iron Moth|0 fnt\n|faint|p1a: Iron Moth\n|-end|p1a: Iron Moth|Quark Drive|[silent]\n|\n|t:|1701004070\n|switch|p2a: Pelipper|Pelipper, F|100\/100|[from] Flip Turn\n|-weather|RainDance|[from] ability: Drizzle|[of] p2a: Pelipper\n|\n|-weather|RainDance|[upkeep]\n|upkeep\n|\n|t:|1701004073\n|switch|p1a: Diancie|Diancie|100\/100\n|turn|2\n|\n|t:|1701004078\n|switch|p2a: Swampert|Swampert, M|100\/100\n|move|p1a: Diancie|Trick Room|p1a: Diancie\n|-fieldstart|move: Trick Room|[of] p1a: Diancie\n|\n|-weather|RainDance|[upkeep]\n|upkeep\n|turn|3\n|\n|t:|1701004086\n|detailschange|p2a: Swampert|Swampert-Mega, M\n|-mega|p2a: Swampert|Swampert|Swampertite\n|move|p1a: Diancie|Moonblast|p2a: Swampert\n|-damage|p2a: Swampert|57\/100\n|move|p2a: Swampert|Liquidation|p1a: Diancie\n|-supereffective|p1a: Diancie\n|-damage|p1a: Diancie|0 fnt\n|faint|p1a: Diancie\n|\n|-weather|RainDance|[upkeep]\n|upkeep\n|\n|t:|1701004100\n|switch|p1a: Kommo-o|Kommo-o, M|100\/100\n|turn|4\n|\n|t:|1701004103\n|move|p1a: Kommo-o|Boomburst|p2a: Swampert\n|-damage|p2a: Swampert|16\/100\n|-enditem|p1a: Kommo-o|Throat Spray\n|-boost|p1a: Kommo-o|spa|1|[from] item: Throat Spray\n|move|p2a: Swampert|Ice Punch|p1a: Kommo-o\n|-supereffective|p1a: Kommo-o\n|-damage|p1a: Kommo-o|50\/100\n|\n|-weather|RainDance|[upkeep]\n|upkeep\n|turn|5\n|\n|t:|1701004113\n|switch|p2a: Ferrothorn|Ferrothorn, F|100\/100\n|move|p1a: Kommo-o|Boomburst|p2a: Ferrothorn\n|-resisted|p2a: Ferrothorn\n|-damage|p2a: Ferrothorn|75\/100\n|\n|-weather|RainDance|[upkeep]\n|upkeep\n|turn|6\n|\n|t:|1701004121\n|move|p2a: Ferrothorn|Leech Seed|p1a: Kommo-o\n|-start|p1a: Kommo-o|move: Leech Seed\n|move|p1a: Kommo-o|Clangorous Soul|p1a: Kommo-o\n|-boost|p1a: Kommo-o|atk|1\n|-boost|p1a: Kommo-o|def|1\n|-boost|p1a: Kommo-o|spa|1\n|-boost|p1a: Kommo-o|spd|1\n|-boost|p1a: Kommo-o|spe|1\n|-damage|p1a: Kommo-o|17\/100\n|\n|-weather|RainDance|[upkeep]\n|-damage|p1a: Kommo-o|5\/100|[from] Leech Seed|[of] p2a: Ferrothorn\n|-heal|p2a: Ferrothorn|86\/100|[silent]\n|-fieldend|move: Trick Room\n|upkeep\n|turn|7\n|\n|t:|1701004135\n|move|p1a: Kommo-o|Flamethrower|p2a: Ferrothorn\n|-supereffective|p2a: Ferrothorn\n|-damage|p2a: Ferrothorn|6\/100\n|-status|p2a: Ferrothorn|brn\n|move|p2a: Ferrothorn|Stealth Rock|p1a: Kommo-o\n|-sidestart|p1: larsonshark|move: Stealth Rock\n|\n|-weather|RainDance|[upkeep]\n|-damage|p1a: Kommo-o|0 fnt|[from] Leech Seed|[of] p2a: Ferrothorn\n|-heal|p2a: Ferrothorn|10\/100 brn|[silent]\n|faint|p1a: Kommo-o\n|-damage|p2a: Ferrothorn|4\/100 brn|[from] brn\n|upkeep\n|\n|t:|1701004146\n|switch|p1a: Aggron|Aggron, M|100\/100\n|-damage|p1a: Aggron|95\/100|[from] Stealth Rock\n|turn|8\n|\n|t:|1701004153\n|switch|p2a: Barraskewda|Barraskewda, M, shiny|100\/100\n|detailschange|p1a: Aggron|Aggron-Mega, M\n|-mega|p1a: Aggron|Aggron|Aggronite\n|move|p1a: Aggron|Autotomize|p1a: Aggron\n|-boost|p1a: Aggron|spe|2\n|-start|p1a: Aggron|Autotomize\n|\n|-weather|none\n|upkeep\n|turn|9\n|\n|t:|1701004164\n|switch|p2a: Pelipper|Pelipper, F|100\/100\n|-weather|RainDance|[from] ability: Drizzle|[of] p2a: Pelipper\n|move|p1a: Aggron|Autotomize|p1a: Aggron\n|-boost|p1a: Aggron|spe|2\n|-start|p1a: Aggron|Autotomize\n|\n|-weather|RainDance|[upkeep]\n|upkeep\n|turn|10\n|\n|t:|1701004175\n|move|p1a: Aggron|Iron Defense|p1a: Aggron\n|-boost|p1a: Aggron|def|2\n|move|p2a: Pelipper|U-turn|p1a: Aggron\n|-resisted|p1a: Aggron\n|-damage|p1a: Aggron|94\/100\n|\n|t:|1701004193\n|switch|p2a: Kingdra|Kingdra, F|100\/100|[from] U-turn\n|\n|-weather|RainDance|[upkeep]\n|upkeep\n|turn|11\n|\n|t:|1701004200\n|-terastallize|p2a: Kingdra|Water\n|move|p1a: Aggron|Body Press|p2a: Kingdra\n|-damage|p2a: Kingdra|2\/100\n|move|p2a: Kingdra|Surf|p1a: Aggron\n|-damage|p1a: Aggron|0 fnt\n|faint|p1a: Aggron\n|\n|-weather|RainDance|[upkeep]\n|upkeep\n|\n|t:|1701004207\n|switch|p1a: Tyranitar|Tyranitar, M|100\/100\n|-damage|p1a: Tyranitar|88\/100|[from] Stealth Rock\n|-weather|Sandstorm|[from] ability: Sand Stream|[of] p1a: Tyranitar\n|turn|12\n|\n|t:|1701004217\n|move|p2a: Kingdra|Surf|p1a: Tyranitar\n|-supereffective|p1a: Tyranitar\n|-damage|p1a: Tyranitar|33\/100\n|move|p1a: Tyranitar|Pursuit|p2a: Kingdra\n|-damage|p2a: Kingdra|0 fnt\n|faint|p2a: Kingdra\n|\n|-weather|Sandstorm|[upkeep]\n|upkeep\n|-message|larsonshark forfeited.\n|\n|win|Amber-acid\n|raw|larsonshark's rating: 1458 &rarr; <strong>1440<\/strong><br \/>(-18 for losing)\n|raw|Amber-acid's rating: 1489 &rarr; <strong>1507<\/strong><br \/>(+18 for winning)\n|l|\u2606larsonshark\n","uploadtime":1701004228,"views":9,"p1id":"larsonshark","p2id":"amberacid","formatid":"gen9nationaldex","rating":1440,"private":0,"password":""}