{"id":"gen9nationaldex-1989915902","p1":"Obnus6","p2":"TheEmeraldGamerGuy","format":"[Gen 9] National Dex","log":"|j|\u2606Obnus6\n|j|\u2606TheEmeraldGamerGuy\n|t:|1699906444\n|gametype|singles\n|player|p1|Obnus6|102|1467\n|player|p2|TheEmeraldGamerGuy|colress|1594\n|teamsize|p1|6\n|teamsize|p2|6\n|gen|9\n|tier|[Gen 9] National Dex\n|rated|\n|rule|HP Percentage Mod: HP is shown in percentages\n|rule|Endless Battle Clause: Forcing endless battles is banned\n|rule|OHKO Clause: OHKO moves are banned\n|rule|Evasion Clause: Evasion abilities, items, and moves are banned\n|rule|Evasion Abilities Clause: Evasion abilities are banned\n|rule|Evasion Items Clause: Evasion items are banned\n|rule|Evasion Moves Clause: Evasion moves are banned\n|rule|Species Clause: Limit one of each Pok\u00e9mon\n|rule|Sleep Clause Mod: Limit one foe put to sleep\n|clearpoke\n|poke|p1|Clawitzer, F|\n|poke|p1|Rillaboom, F|\n|poke|p1|Moltres-Galar|\n|poke|p1|Iron Moth|\n|poke|p1|Buzzwole|\n|poke|p1|Xurkitree|\n|poke|p2|Alomomola, M|\n|poke|p2|Tornadus-Therian, M|\n|poke|p2|Slowking-Galar, F|\n|poke|p2|Lopunny, F|\n|poke|p2|Garchomp, F|\n|poke|p2|Tapu Koko|\n|teampreview\n|inactive|Battle timer is ON: inactive players will automatically lose when time's up. (requested by TheEmeraldGamerGuy)\n|\n|t:|1699906458\n|start\n|switch|p1a: Moltres|Moltres-Galar|100\/100\n|switch|p2a: Garchomp|Garchomp, F|100\/100\n|turn|1\n|\n|t:|1699906466\n|switch|p1a: Buzzwole|Buzzwole|100\/100\n|move|p2a: Garchomp|Swords Dance|p2a: Garchomp\n|-boost|p2a: Garchomp|atk|2\n|\n|upkeep\n|turn|2\n|\n|t:|1699906473\n|switch|p2a: Alomomola|Alomomola, M|100\/100\n|move|p1a: Buzzwole|Ice Punch|p2a: Alomomola\n|-resisted|p2a: Alomomola\n|-damage|p2a: Alomomola|91\/100\n|-status|p2a: Alomomola|frz\n|-damage|p1a: Buzzwole|84\/100|[from] item: Rocky Helmet|[of] p2a: Alomomola\n|\n|upkeep\n|turn|3\n|\n|t:|1699906492\n|switch|p1a: Xurkitree|Xurkitree|100\/100\n|switch|p2a: Tornadus|Tornadus-Therian, M|100\/100\n|\n|upkeep\n|turn|4\n|\n|t:|1699906498\n|switch|p2a: Garchomp|Garchomp, F|100\/100\n|move|p1a: Xurkitree|Volt Switch|p2a: Garchomp\n|-immune|p2a: Garchomp\n|\n|upkeep\n|turn|5\n|\n|t:|1699906508\n|switch|p1a: Moltres|Moltres-Galar|100\/100\n|move|p2a: Garchomp|Earthquake|p1a: Moltres\n|-immune|p1a: Moltres\n|\n|upkeep\n|turn|6\n|\n|t:|1699906512\n|move|p2a: Garchomp|Swords Dance|p2a: Garchomp\n|-boost|p2a: Garchomp|atk|2\n|move|p1a: Moltres|Agility|p1a: Moltres\n|-boost|p1a: Moltres|spe|2\n|\n|upkeep\n|turn|7\n|\n|t:|1699906515\n|move|p1a: Moltres|Fiery Wrath|p2a: Garchomp\n|-damage|p2a: Garchomp|53\/100\n|-zpower|p2a: Garchomp\n|move|p2a: Garchomp|Devastating Drake|p1a: Moltres|[zeffect]\n|-damage|p1a: Moltres|0 fnt\n|faint|p1a: Moltres\n|\n|upkeep\n|\n|t:|1699906526\n|switch|p1a: Buzzwole|Buzzwole|84\/100\n|turn|8\n|\n|t:|1699906531\n|switch|p2a: Alomomola|Alomomola, M|100\/100 frz\n|move|p1a: Buzzwole|Ice Punch|p2a: Alomomola\n|-resisted|p2a: Alomomola\n|-damage|p2a: Alomomola|91\/100 frz\n|-damage|p1a: Buzzwole|67\/100|[from] item: Rocky Helmet|[of] p2a: Alomomola\n|\n|upkeep\n|turn|9\n|\n|t:|1699906536\n|move|p1a: Buzzwole|Drain Punch|p2a: Alomomola\n|-damage|p2a: Alomomola|64\/100 frz\n|-heal|p1a: Buzzwole|83\/100|[from] drain|[of] p2a: Alomomola\n|-damage|p1a: Buzzwole|66\/100|[from] item: Rocky Helmet|[of] p2a: Alomomola\n|cant|p2a: Alomomola|frz\n|\n|upkeep\n|turn|10\n|\n|t:|1699906541\n|-curestatus|p2a: Alomomola|frz|[msg]\n|move|p2a: Alomomola|Protect|p2a: Alomomola\n|-singleturn|p2a: Alomomola|Protect\n|move|p1a: Buzzwole|Drain Punch|p2a: Alomomola\n|-activate|p2a: Alomomola|move: Protect\n|\n|upkeep\n|turn|11\n|\n|t:|1699906545\n|move|p1a: Buzzwole|Drain Punch|p2a: Alomomola\n|-damage|p2a: Alomomola|35\/100\n|-heal|p1a: Buzzwole|83\/100|[from] drain|[of] p2a: Alomomola\n|-damage|p1a: Buzzwole|67\/100|[from] item: Rocky Helmet|[of] p2a: Alomomola\n|move|p2a: Alomomola|Wish|p2a: Alomomola\n|\n|upkeep\n|turn|12\n|\n|t:|1699906552\n|move|p2a: Alomomola|Protect|p2a: Alomomola\n|-singleturn|p2a: Alomomola|Protect\n|move|p1a: Buzzwole|Drain Punch|p2a: Alomomola\n|-activate|p2a: Alomomola|move: Protect\n|\n|-heal|p2a: Alomomola|85\/100|[from] move: Wish|[wisher] Alomomola\n|upkeep\n|turn|13\n|\n|t:|1699906557\n|move|p1a: Buzzwole|Drain Punch|p2a: Alomomola\n|-damage|p2a: Alomomola|57\/100\n|-heal|p1a: Buzzwole|82\/100|[from] drain|[of] p2a: Alomomola\n|-damage|p1a: Buzzwole|66\/100|[from] item: Rocky Helmet|[of] p2a: Alomomola\n|move|p2a: Alomomola|Wish|p2a: Alomomola\n|\n|upkeep\n|turn|14\n|\n|t:|1699906560\n|move|p1a: Buzzwole|Drain Punch|p2a: Alomomola\n|-crit|p2a: Alomomola\n|-damage|p2a: Alomomola|12\/100\n|-heal|p1a: Buzzwole|91\/100|[from] drain|[of] p2a: Alomomola\n|-damage|p1a: Buzzwole|74\/100|[from] item: Rocky Helmet|[of] p2a: Alomomola\n|move|p2a: Alomomola|Flip Turn|p1a: Buzzwole\n|-damage|p1a: Buzzwole|65\/100\n|\n|t:|1699906569\n|switch|p2a: Garchomp|Garchomp, F|53\/100|[from] Flip Turn\n|\n|-heal|p2a: Garchomp|100\/100|[from] move: Wish|[wisher] Alomomola\n|upkeep\n|turn|15\n|\n|t:|1699906576\n|switch|p2a: Alomomola|Alomomola, M|46\/100\n|move|p1a: Buzzwole|Ice Punch|p2a: Alomomola\n|-resisted|p2a: Alomomola\n|-damage|p2a: Alomomola|37\/100\n|-damage|p1a: Buzzwole|48\/100|[from] item: Rocky Helmet|[of] p2a: Alomomola\n|\n|upkeep\n|turn|16\n|\n|t:|1699906583\n|switch|p2a: Tornadus|Tornadus-Therian, M|100\/100\n|move|p1a: Buzzwole|Drain Punch|p2a: Tornadus\n|-resisted|p2a: Tornadus\n|-damage|p2a: Tornadus|76\/100\n|-heal|p1a: Buzzwole|59\/100|[from] drain|[of] p2a: Tornadus\n|\n|upkeep\n|turn|17\n|\n|t:|1699906587\n|move|p2a: Tornadus|Bleakwind Storm|p1a: Buzzwole\n|-supereffective|p1a: Buzzwole\n|-damage|p1a: Buzzwole|0 fnt\n|faint|p1a: Buzzwole\n|\n|upkeep\n|\n|t:|1699906598\n|switch|p1a: Xurkitree|Xurkitree|100\/100\n|turn|18\n|\n|t:|1699906602\n|switch|p2a: Garchomp|Garchomp, F|100\/100\n|move|p1a: Xurkitree|Dazzling Gleam|p2a: Garchomp\n|-supereffective|p2a: Garchomp\n|-damage|p2a: Garchomp|20\/100\n|\n|upkeep\n|turn|19\n|\n|t:|1699906606\n|move|p1a: Xurkitree|Dazzling Gleam|p2a: Garchomp\n|-supereffective|p2a: Garchomp\n|-crit|p2a: Garchomp\n|-damage|p2a: Garchomp|0 fnt\n|faint|p2a: Garchomp\n|-ability|p1a: Xurkitree|Beast Boost|boost\n|-boost|p1a: Xurkitree|spa|1\n|\n|upkeep\n|\n|t:|1699906609\n|switch|p2a: Slowking|Slowking-Galar, F|100\/100\n|turn|20\n|\n|t:|1699906625\n|switch|p1a: Clawitzer|Clawitzer, F|100\/100\n|move|p2a: Slowking|Future Sight|p1a: Clawitzer\n|-start|p2a: Slowking|move: Future Sight\n|\n|upkeep\n|turn|21\n|\n|t:|1699906631\n|move|p1a: Clawitzer|Dark Pulse|p2a: Slowking\n|-supereffective|p2a: Slowking\n|-damage|p2a: Slowking|52\/100\n|move|p2a: Slowking|Chilly Reception|p2a: Slowking\n|-weather|Snow\n|\n|t:|1699906640\n|switch|p2a: Alomomola|Alomomola, M|71\/100|[from] Chilly Reception\n|\n|-weather|Snow|[upkeep]\n|upkeep\n|turn|22\n|\n|t:|1699906644\n|switch|p1a: Rillaboom|Rillaboom, F|100\/100\n|-fieldstart|move: Grassy Terrain|[from] ability: Grassy Surge|[of] p1a: Rillaboom\n|-enditem|p1a: Rillaboom|Grassy Seed\n|-boost|p1a: Rillaboom|def|1|[from] item: Grassy Seed\n|move|p2a: Alomomola|Toxic|p1a: Rillaboom\n|-status|p1a: Rillaboom|tox\n|\n|-weather|Snow|[upkeep]\n|-end|p1a: Rillaboom|move: Future Sight\n|-damage|p1a: Rillaboom|45\/100 tox\n|-heal|p1a: Rillaboom|51\/100 tox|[from] Grassy Terrain\n|-heal|p2a: Alomomola|77\/100|[from] Grassy Terrain\n|-damage|p1a: Rillaboom|45\/100 tox|[from] psn\n|upkeep\n|turn|23\n|\n|t:|1699906648\n|switch|p2a: Tornadus|Tornadus-Therian, M|100\/100\n|move|p1a: Rillaboom|Grassy Glide|p2a: Tornadus\n|-resisted|p2a: Tornadus\n|-damage|p2a: Tornadus|78\/100\n|\n|-weather|Snow|[upkeep]\n|-heal|p1a: Rillaboom|51\/100 tox|[from] Grassy Terrain\n|-damage|p1a: Rillaboom|39\/100 tox|[from] psn\n|upkeep\n|turn|24\n|\n|t:|1699906652\n|move|p2a: Tornadus|Heat Wave|p1a: Rillaboom\n|-supereffective|p1a: Rillaboom\n|-damage|p1a: Rillaboom|0 fnt\n|faint|p1a: Rillaboom\n|\n|-weather|Snow|[upkeep]\n|upkeep\n|\n|t:|1699906660\n|switch|p1a: Xurkitree|Xurkitree|100\/100\n|turn|25\n|\n|t:|1699906664\n|switch|p2a: Slowking|Slowking-Galar, F|86\/100\n|move|p1a: Xurkitree|Volt Switch|p2a: Slowking\n|-damage|p2a: Slowking|59\/100\n|\n|t:|1699906669\n|switch|p1a: Iron Moth|Iron Moth|100\/100|[from] Volt Switch\n|\n|-weather|none\n|-heal|p2a: Slowking|65\/100|[from] Grassy Terrain\n|upkeep\n|turn|26\n|\n|t:|1699906672\n|move|p1a: Iron Moth|Psychic|p2a: Slowking\n|-damage|p2a: Slowking|45\/100\n|move|p2a: Slowking|Thunder Wave|p1a: Iron Moth\n|-status|p1a: Iron Moth|par\n|\n|-heal|p2a: Slowking|51\/100|[from] Grassy Terrain\n|-fieldend|move: Grassy Terrain\n|upkeep\n|turn|27\n|\n|t:|1699906677\n|move|p1a: Iron Moth|Psychic|p2a: Slowking\n|-damage|p2a: Slowking|28\/100\n|move|p2a: Slowking|Future Sight|p1a: Iron Moth\n|-start|p2a: Slowking|move: Future Sight\n|\n|upkeep\n|turn|28\n|\n|t:|1699906681\n|cant|p1a: Iron Moth|par\n|move|p2a: Slowking|Chilly Reception|p2a: Slowking\n|-weather|Snow\n|\n|t:|1699906686\n|switch|p2a: Lopunny|Lopunny, F|100\/100|[from] Chilly Reception\n|\n|-weather|Snow|[upkeep]\n|upkeep\n|turn|29\n|\n|t:|1699906690\n|-end|p1a: Iron Moth|Quark Drive|[silent]\n|switch|p1a: Clawitzer|Clawitzer, F|100\/100\n|detailschange|p2a: Lopunny|Lopunny-Mega, F\n|-mega|p2a: Lopunny|Lopunny|Lopunnite\n|move|p2a: Lopunny|Fake Out|p1a: Clawitzer\n|-damage|p1a: Clawitzer|79\/100\n|\n|-weather|Snow|[upkeep]\n|-end|p1a: Clawitzer|move: Future Sight\n|-damage|p1a: Clawitzer|46\/100\n|upkeep\n|turn|30\n|\n|t:|1699906697\n|move|p2a: Lopunny|Return|p1a: Clawitzer\n|-damage|p1a: Clawitzer|0 fnt\n|faint|p1a: Clawitzer\n|\n|-weather|Snow|[upkeep]\n|upkeep\n|\n|t:|1699906702\n|switch|p1a: Xurkitree|Xurkitree|100\/100\n|turn|31\n|\n|t:|1699906705\n|switch|p2a: Slowking|Slowking-Galar, F|62\/100\n|move|p1a: Xurkitree|Dazzling Gleam|p2a: Slowking\n|-resisted|p2a: Slowking\n|-damage|p2a: Slowking|53\/100\n|\n|-weather|Snow|[upkeep]\n|upkeep\n|turn|32\n|\n|t:|1699906711\n|switch|p1a: Iron Moth|Iron Moth|100\/100 par\n|move|p2a: Slowking|Future Sight|p1a: Iron Moth\n|-start|p2a: Slowking|move: Future Sight\n|\n|-weather|none\n|upkeep\n|turn|33\n|\n|t:|1699906718\n|move|p1a: Iron Moth|Fiery Dance|p2a: Slowking\n|-crit|p2a: Slowking\n|-damage|p2a: Slowking|7\/100\n|move|p2a: Slowking|Chilly Reception|p2a: Slowking\n|-weather|Snow\n|\n|t:|1699906727\n|switch|p2a: Lopunny|Lopunny-Mega, F|100\/100|[from] Chilly Reception\n|\n|-weather|Snow|[upkeep]\n|upkeep\n|turn|34\n|\n|t:|1699906733\n|move|p2a: Lopunny|Fake Out|p1a: Iron Moth\n|-damage|p1a: Iron Moth|65\/100 par\n|cant|p1a: Iron Moth|flinch\n|\n|-weather|Snow|[upkeep]\n|-end|p1a: Iron Moth|move: Future Sight\n|-supereffective|p1a: Iron Moth\n|-damage|p1a: Iron Moth|0 fnt\n|faint|p1a: Iron Moth\n|-end|p1a: Iron Moth|Quark Drive|[silent]\n|upkeep\n|\n|t:|1699906735\n|switch|p1a: Xurkitree|Xurkitree|100\/100\n|turn|35\n|-message|Obnus6 forfeited.\n|\n|win|TheEmeraldGamerGuy\n|raw|Obnus6's rating: 1467 &rarr; <strong>1454<\/strong><br \/>(-13 for losing)\n|raw|TheEmeraldGamerGuy's rating: 1594 &rarr; <strong>1607<\/strong><br \/>(+13 for winning)\n|l|\u2606Obnus6\n","uploadtime":1699906755,"views":14,"p1id":"obnus6","p2id":"theemeraldgamerguy","formatid":"gen9nationaldex","rating":1454,"private":0,"password":""}