{"id":"gen9nationaldex-1987417654","p1":"Eirg","p2":"JogadorCaro","format":"[Gen 9] National Dex","log":"|j|\u2606Eirg\n|j|\u2606JogadorCaro\n|t:|1699588680\n|gametype|singles\n|player|p1|Eirg|winona|1670\n|player|p2|JogadorCaro|tate|1845\n|teamsize|p1|6\n|teamsize|p2|6\n|gen|9\n|tier|[Gen 9] National Dex\n|rated|\n|rule|HP Percentage Mod: HP is shown in percentages\n|rule|Endless Battle Clause: Forcing endless battles is banned\n|rule|OHKO Clause: OHKO moves are banned\n|rule|Evasion Clause: Evasion abilities, items, and moves are banned\n|rule|Evasion Abilities Clause: Evasion abilities are banned\n|rule|Evasion Items Clause: Evasion items are banned\n|rule|Evasion Moves Clause: Evasion moves are banned\n|rule|Species Clause: Limit one of each Pok\u00e9mon\n|rule|Sleep Clause Mod: Limit one foe put to sleep\n|clearpoke\n|poke|p1|Pelipper, M|\n|poke|p1|Ferrothorn, M|\n|poke|p1|Basculegion-F, F|\n|poke|p1|Swampert, M|\n|poke|p1|Zapdos|\n|poke|p1|Ogerpon, F|\n|poke|p2|Garganacl, F|\n|poke|p2|Zamazenta-*|\n|poke|p2|Volcarona, M|\n|poke|p2|Hoopa-Unbound|\n|poke|p2|Dondozo, M|\n|poke|p2|Rotom-Wash|\n|teampreview\n|inactive|Battle timer is ON: inactive players will automatically lose when time's up. (requested by Eirg)\n|\n|t:|1699588695\n|start\n|switch|p1a: Ferrothorn|Ferrothorn, M|100\/100\n|switch|p2a: mulher|Rotom-Wash|100\/100\n|turn|1\n|\n|t:|1699588702\n|move|p2a: mulher|Volt Switch|p1a: Ferrothorn\n|-resisted|p1a: Ferrothorn\n|-damage|p1a: Ferrothorn|91\/100\n|\n|t:|1699588704\n|switch|p2a: Endeavor|Volcarona, M|100\/100|[from] Volt Switch\n|move|p1a: Ferrothorn|Stealth Rock|p2a: Endeavor\n|-sidestart|p2: JogadorCaro|move: Stealth Rock\n|\n|-heal|p1a: Ferrothorn|97\/100|[from] item: Leftovers\n|upkeep\n|turn|2\n|\n|t:|1699588708\n|move|p2a: Endeavor|Fiery Dance|p1a: Ferrothorn\n|-supereffective|p1a: Ferrothorn\n|-damage|p1a: Ferrothorn|0 fnt\n|faint|p1a: Ferrothorn\n|\n|upkeep\n|\n|t:|1699588716\n|switch|p1a: Pelipper|Pelipper, M|100\/100\n|-weather|RainDance|[from] ability: Drizzle|[of] p1a: Pelipper\n|turn|3\n|\n|t:|1699588719\n|move|p2a: Endeavor|Quiver Dance|p2a: Endeavor\n|-boost|p2a: Endeavor|spa|1\n|-boost|p2a: Endeavor|spd|1\n|-boost|p2a: Endeavor|spe|1\n|move|p1a: Pelipper|Weather Ball|p2a: Endeavor\n|-supereffective|p2a: Endeavor\n|-damage|p2a: Endeavor|32\/100\n|\n|-weather|RainDance|[upkeep]\n|upkeep\n|turn|4\n|\n|t:|1699588726\n|move|p2a: Endeavor|Giga Drain|p1a: Pelipper\n|-damage|p1a: Pelipper|48\/100\n|-heal|p2a: Endeavor|60\/100|[from] drain|[of] p1a: Pelipper\n|move|p1a: Pelipper|Weather Ball|p2a: Endeavor\n|-supereffective|p2a: Endeavor\n|-damage|p2a: Endeavor|0 fnt\n|faint|p2a: Endeavor\n|\n|-weather|RainDance|[upkeep]\n|upkeep\n|\n|t:|1699588734\n|switch|p2a: mulher|Rotom-Wash|100\/100\n|-damage|p2a: mulher|88\/100|[from] Stealth Rock\n|turn|5\n|\n|t:|1699588743\n|switch|p1a: Swampert|Swampert, M|100\/100\n|move|p2a: mulher|Hydro Pump|p1a: Swampert|[miss]\n|-miss|p2a: mulher|p1a: Swampert\n|\n|-weather|RainDance|[upkeep]\n|-heal|p2a: mulher|94\/100|[from] item: Leftovers\n|upkeep\n|turn|6\n|\n|t:|1699588750\n|switch|p2a: Bale\u00e3o|Dondozo, M|100\/100\n|-damage|p2a: Bale\u00e3o|88\/100|[from] Stealth Rock\n|detailschange|p1a: Swampert|Swampert-Mega, M\n|-mega|p1a: Swampert|Swampert|Swampertite\n|move|p1a: Swampert|Liquidation|p2a: Bale\u00e3o\n|-resisted|p2a: Bale\u00e3o\n|-damage|p2a: Bale\u00e3o|65\/100\n|\n|-weather|RainDance|[upkeep]\n|-heal|p2a: Bale\u00e3o|71\/100|[from] item: Leftovers\n|upkeep\n|turn|7\n|\n|t:|1699588760\n|move|p1a: Swampert|Earthquake|p2a: Bale\u00e3o\n|-damage|p2a: Bale\u00e3o|34\/100\n|move|p2a: Bale\u00e3o|Wave Crash|p1a: Swampert\n|-damage|p1a: Swampert|44\/100\n|-damage|p2a: Bale\u00e3o|21\/100|[from] Recoil\n|\n|-weather|none\n|-heal|p2a: Bale\u00e3o|27\/100|[from] item: Leftovers\n|upkeep\n|turn|8\n|\n|t:|1699588773\n|move|p1a: Swampert|Power-Up Punch|p2a: Bale\u00e3o\n|-damage|p2a: Bale\u00e3o|18\/100\n|-boost|p1a: Swampert|atk|1\n|move|p2a: Bale\u00e3o|Rest|p2a: Bale\u00e3o\n|-status|p2a: Bale\u00e3o|slp|[from] move: Rest\n|-heal|p2a: Bale\u00e3o|100\/100 slp|[silent]\n|\n|upkeep\n|turn|9\n|\n|t:|1699588778\n|switch|p1a: Zapdos|Zapdos|100\/100\n|cant|p2a: Bale\u00e3o|slp\n|move|p2a: Bale\u00e3o|Sleep Talk|p2a: Bale\u00e3o\n|move|p2a: Bale\u00e3o|Wave Crash|p1a: Zapdos|[from]move: Sleep Talk\n|-damage|p1a: Zapdos|63\/100\n|-damage|p2a: Bale\u00e3o|91\/100 slp|[from] Recoil\n|\n|-heal|p2a: Bale\u00e3o|97\/100 slp|[from] item: Leftovers\n|upkeep\n|turn|10\n|\n|t:|1699588786\n|switch|p2a: mulher|Rotom-Wash|94\/100\n|-damage|p2a: mulher|82\/100|[from] Stealth Rock\n|move|p1a: Zapdos|Discharge|p2a: mulher\n|-damage|p2a: mulher|50\/100\n|\n|-heal|p2a: mulher|56\/100|[from] item: Leftovers\n|upkeep\n|turn|11\n|\n|t:|1699588789\n|move|p1a: Zapdos|Roost|p1a: Zapdos\n|-heal|p1a: Zapdos|100\/100\n|-singleturn|p1a: Zapdos|move: Roost\n|move|p2a: mulher|Defog|p1a: Zapdos\n|-unboost|p1a: Zapdos|evasion|1\n|-sideend|p2: JogadorCaro|Stealth Rock|[from] move: Defog|[of] p2a: mulher\n|\n|-heal|p2a: mulher|62\/100|[from] item: Leftovers\n|upkeep\n|turn|12\n|\n|t:|1699588794\n|move|p1a: Zapdos|Discharge|p2a: mulher\n|-damage|p2a: mulher|33\/100\n|move|p2a: mulher|Pain Split|p1a: Zapdos\n|-sethp|p1a: Zapdos|63\/100|[from] move: Pain Split|[silent]\n|-sethp|p2a: mulher|78\/100|[from] move: Pain Split\n|\n|-heal|p2a: mulher|84\/100|[from] item: Leftovers\n|upkeep\n|turn|13\n|\n|t:|1699588803\n|move|p1a: Zapdos|Discharge|p2a: mulher\n|-damage|p2a: mulher|54\/100\n|move|p2a: mulher|Hydro Pump|p1a: Zapdos\n|-damage|p1a: Zapdos|27\/100\n|\n|-heal|p2a: mulher|60\/100|[from] item: Leftovers\n|upkeep\n|turn|14\n|\n|t:|1699588806\n|move|p1a: Zapdos|Roost|p1a: Zapdos\n|-heal|p1a: Zapdos|77\/100\n|-singleturn|p1a: Zapdos|move: Roost\n|move|p2a: mulher|Hydro Pump|p1a: Zapdos\n|-damage|p1a: Zapdos|41\/100\n|\n|-heal|p2a: mulher|66\/100|[from] item: Leftovers\n|upkeep\n|turn|15\n|\n|t:|1699588809\n|move|p1a: Zapdos|Roost|p1a: Zapdos\n|-heal|p1a: Zapdos|91\/100\n|-singleturn|p1a: Zapdos|move: Roost\n|move|p2a: mulher|Hydro Pump|p1a: Zapdos\n|-damage|p1a: Zapdos|56\/100\n|\n|-heal|p2a: mulher|73\/100|[from] item: Leftovers\n|upkeep\n|turn|16\n|\n|t:|1699588816\n|move|p1a: Zapdos|Discharge|p2a: mulher\n|-damage|p2a: mulher|45\/100\n|move|p2a: mulher|Hydro Pump|p1a: Zapdos\n|-damage|p1a: Zapdos|18\/100\n|\n|-heal|p2a: mulher|51\/100|[from] item: Leftovers\n|upkeep\n|turn|17\n|\n|t:|1699588821\n|move|p1a: Zapdos|Roost|p1a: Zapdos\n|-heal|p1a: Zapdos|68\/100\n|-singleturn|p1a: Zapdos|move: Roost\n|move|p2a: mulher|Hydro Pump|p1a: Zapdos\n|-damage|p1a: Zapdos|31\/100\n|\n|-heal|p2a: mulher|57\/100|[from] item: Leftovers\n|upkeep\n|turn|18\n|\n|t:|1699588824\n|move|p1a: Zapdos|Roost|p1a: Zapdos\n|-heal|p1a: Zapdos|81\/100\n|-singleturn|p1a: Zapdos|move: Roost\n|move|p2a: mulher|Hydro Pump|p1a: Zapdos\n|-damage|p1a: Zapdos|43\/100\n|\n|-heal|p2a: mulher|64\/100|[from] item: Leftovers\n|upkeep\n|turn|19\n|\n|t:|1699588827\n|move|p1a: Zapdos|Roost|p1a: Zapdos\n|-heal|p1a: Zapdos|93\/100\n|-singleturn|p1a: Zapdos|move: Roost\n|move|p2a: mulher|Hydro Pump|p1a: Zapdos\n|-damage|p1a: Zapdos|58\/100\n|\n|-heal|p2a: mulher|70\/100|[from] item: Leftovers\n|upkeep\n|turn|20\n|\n|t:|1699588833\n|move|p1a: Zapdos|Roost|p1a: Zapdos\n|-heal|p1a: Zapdos|100\/100\n|-singleturn|p1a: Zapdos|move: Roost\n|move|p2a: mulher|Volt Switch|p1a: Zapdos\n|-resisted|p1a: Zapdos\n|-damage|p1a: Zapdos|88\/100\n|\n|t:|1699588837\n|switch|p2a: Agito|Hoopa-Unbound|100\/100|[from] Volt Switch\n|\n|upkeep\n|turn|21\n|\n|t:|1699588840\n|move|p2a: Agito|Psychic|p1a: Zapdos\n|-damage|p1a: Zapdos|6\/100\n|move|p1a: Zapdos|Discharge|p2a: Agito\n|-damage|p2a: Agito|67\/100\n|\n|upkeep\n|turn|22\n|\n|t:|1699588845\n|move|p2a: Agito|Psychic|p1a: Zapdos\n|-damage|p1a: Zapdos|0 fnt\n|faint|p1a: Zapdos\n|\n|upkeep\n|\n|t:|1699588853\n|switch|p1a: Pelipper|Pelipper, M|48\/100\n|-weather|RainDance|[from] ability: Drizzle|[of] p1a: Pelipper\n|turn|23\n|\n|t:|1699588857\n|move|p2a: Agito|Psychic|p1a: Pelipper\n|-damage|p1a: Pelipper|0 fnt\n|faint|p1a: Pelipper\n|\n|-weather|RainDance|[upkeep]\n|upkeep\n|\n|t:|1699588860\n|switch|p1a: Basculegion|Basculegion-F, F|100\/100\n|turn|24\n|\n|t:|1699588869\n|switch|p2a: Bale\u00e3o|Dondozo, M|97\/100 slp\n|move|p1a: Basculegion|Shadow Ball|p2a: Bale\u00e3o\n|-damage|p2a: Bale\u00e3o|70\/100 slp\n|\n|-weather|RainDance|[upkeep]\n|-heal|p2a: Bale\u00e3o|76\/100 slp|[from] item: Leftovers\n|upkeep\n|turn|25\n|\n|t:|1699588877\n|move|p1a: Basculegion|Shadow Ball|p2a: Bale\u00e3o\n|-damage|p2a: Bale\u00e3o|47\/100 slp\n|-unboost|p2a: Bale\u00e3o|spd|1\n|cant|p2a: Bale\u00e3o|slp\n|move|p2a: Bale\u00e3o|Sleep Talk|p2a: Bale\u00e3o\n|move|p2a: Bale\u00e3o|Curse|p2a: Bale\u00e3o|[from]move: Sleep Talk\n|-unboost|p2a: Bale\u00e3o|spe|1\n|-boost|p2a: Bale\u00e3o|atk|1\n|-boost|p2a: Bale\u00e3o|def|1\n|\n|-weather|RainDance|[upkeep]\n|-heal|p2a: Bale\u00e3o|53\/100 slp|[from] item: Leftovers\n|upkeep\n|turn|26\n|\n|t:|1699588887\n|move|p1a: Basculegion|Shadow Ball|p2a: Bale\u00e3o\n|-damage|p2a: Bale\u00e3o|10\/100 slp\n|-curestatus|p2a: Bale\u00e3o|slp|[msg]\n|move|p2a: Bale\u00e3o|Wave Crash|p1a: Basculegion\n|-resisted|p1a: Basculegion\n|-damage|p1a: Basculegion|41\/100\n|-damage|p2a: Bale\u00e3o|0 fnt|[from] Recoil\n|faint|p2a: Bale\u00e3o\n|\n|-weather|RainDance|[upkeep]\n|upkeep\n|\n|t:|1699588900\n|switch|p2a: mulher|Rotom-Wash|70\/100\n|turn|27\n|\n|t:|1699588905\n|move|p1a: Basculegion|Shadow Ball|p2a: mulher\n|-damage|p2a: mulher|34\/100\n|move|p2a: mulher|Volt Switch|p1a: Basculegion\n|-supereffective|p1a: Basculegion\n|-damage|p1a: Basculegion|0 fnt\n|faint|p1a: Basculegion\n|\n|t:|1699588913\n|switch|p2a: Mahoraga|Garganacl, F|100\/100|[from] Volt Switch\n|\n|-weather|none\n|upkeep\n|\n|t:|1699588919\n|switch|p1a: Swampert|Swampert-Mega, M|44\/100\n|turn|28\n|\n|t:|1699588922\n|-terastallize|p2a: Mahoraga|Ghost\n|move|p1a: Swampert|Liquidation|p2a: Mahoraga\n|-damage|p2a: Mahoraga|75\/100\n|move|p2a: Mahoraga|Body Press|p1a: Swampert\n|-damage|p1a: Swampert|17\/100\n|\n|-heal|p2a: Mahoraga|81\/100|[from] item: Leftovers\n|upkeep\n|turn|29\n|\n|t:|1699588930\n|move|p1a: Swampert|Earthquake|p2a: Mahoraga\n|-damage|p2a: Mahoraga|50\/100\n|move|p2a: Mahoraga|Iron Defense|p2a: Mahoraga\n|-boost|p2a: Mahoraga|def|2\n|\n|-heal|p2a: Mahoraga|56\/100|[from] item: Leftovers\n|upkeep\n|turn|30\n|\n|t:|1699588933\n|move|p1a: Swampert|Liquidation|p2a: Mahoraga\n|-damage|p2a: Mahoraga|43\/100\n|move|p2a: Mahoraga|Recover|p2a: Mahoraga\n|-heal|p2a: Mahoraga|93\/100\n|\n|-heal|p2a: Mahoraga|99\/100|[from] item: Leftovers\n|upkeep\n|turn|31\n|\n|t:|1699588936\n|move|p1a: Swampert|Liquidation|p2a: Mahoraga\n|-damage|p2a: Mahoraga|87\/100\n|move|p2a: Mahoraga|Body Press|p1a: Swampert\n|-damage|p1a: Swampert|0 fnt\n|faint|p1a: Swampert\n|\n|-heal|p2a: Mahoraga|93\/100|[from] item: Leftovers\n|upkeep\n|\n|t:|1699588937\n|switch|p1a: Ogerpon|Ogerpon, F|100\/100\n|turn|32\n|\n|t:|1699588947\n|-terastallize|p1a: Ogerpon|Grass\n|detailschange|p1a: Ogerpon|Ogerpon-Teal-Tera, F, tera:Grass\n|-ability|p1a: Ogerpon|Embody Aspect (Teal)|boost\n|-boost|p1a: Ogerpon|spe|1\n|move|p1a: Ogerpon|Ivy Cudgel|p2a: Mahoraga\n|-damage|p2a: Mahoraga|69\/100\n|move|p2a: Mahoraga|Body Press|p1a: Ogerpon\n|-damage|p1a: Ogerpon|20\/100\n|\n|-heal|p2a: Mahoraga|75\/100|[from] item: Leftovers\n|upkeep\n|turn|33\n|-message|Eirg forfeited.\n|\n|win|JogadorCaro\n|raw|Eirg's rating: 1670 &rarr; <strong>1659<\/strong><br \/>(-11 for losing)\n|raw|JogadorCaro's rating: 1845 &rarr; <strong>1856<\/strong><br \/>(+11 for winning)\n|l|\u2606Eirg\n","uploadtime":1699588956,"views":6,"p1id":"eirg","p2id":"jogadorcaro","formatid":"gen9nationaldex","rating":1659,"private":0,"password":""}