{"id":"gen9nationaldex-1995535118","p1":"ElHonrado_Juan","p2":"xiaoyang2004","format":"[Gen 9] National Dex","log":"|html|<div class=\"broadcast-blue\"><strong>[Gen 9] National Dex is currently suspecting Sneasler! For information on how to participate check out the <a href=\"https:\/\/www.smogon.com\/forums\/threads\/sv-national-dex-suspect-8-just-dance.3731534\/\">suspect thread<\/a>.<\/strong><\/div>\n|j|\u2606ElHonrado_Juan\n|j|\u2606xiaoyang2004\n|t:|1700580695\n|gametype|singles\n|player|p1|ElHonrado_Juan|policeman|1528\n|player|p2|xiaoyang2004|lyra|1627\n|teamsize|p1|6\n|teamsize|p2|6\n|gen|9\n|tier|[Gen 9] National Dex\n|rated|\n|rule|HP Percentage Mod: HP is shown in percentages\n|rule|Endless Battle Clause: Forcing endless battles is banned\n|rule|OHKO Clause: OHKO moves are banned\n|rule|Evasion Clause: Evasion abilities, items, and moves are banned\n|rule|Evasion Abilities Clause: Evasion abilities are banned\n|rule|Evasion Items Clause: Evasion items are banned\n|rule|Evasion Moves Clause: Evasion moves are banned\n|rule|Species Clause: Limit one of each Pok\u00e9mon\n|rule|Sleep Clause Mod: Limit one foe put to sleep\n|clearpoke\n|poke|p1|Ogerpon-Cornerstone, F|\n|poke|p1|Hatterene, F|\n|poke|p1|Ting-Lu|\n|poke|p1|Milotic, M|\n|poke|p1|Zapdos|\n|poke|p1|Aegislash, M|\n|poke|p2|Gliscor, M|\n|poke|p2|Diancie|\n|poke|p2|Hoopa-Unbound|\n|poke|p2|Garganacl, M|\n|poke|p2|Skeledirge, F|\n|poke|p2|Greninja-*, M|\n|teampreview\n|\n|t:|1700580721\n|start\n|switch|p1a: Ting-Lu|Ting-Lu|100\/100\n|switch|p2a: Gliscor|Gliscor, M, shiny|100\/100\n|-ability|p1a: Ting-Lu|Vessel of Ruin\n|turn|1\n|\n|t:|1700580729\n|move|p2a: Gliscor|Toxic|p1a: Ting-Lu\n|-status|p1a: Ting-Lu|tox\n|move|p1a: Ting-Lu|Stealth Rock|p2a: Gliscor\n|-sidestart|p2: xiaoyang2004|move: Stealth Rock\n|\n|-damage|p1a: Ting-Lu|94\/100 tox|[from] psn\n|-status|p2a: Gliscor|tox|[from] item: Toxic Orb\n|upkeep\n|turn|2\n|\n|t:|1700580742\n|move|p2a: Gliscor|U-turn|p1a: Ting-Lu\n|-supereffective|p1a: Ting-Lu\n|-damage|p1a: Ting-Lu|81\/100 tox\n|\n|t:|1700580745\n|switch|p2a: Garganacl|Garganacl, M, shiny|100\/100|[from] U-turn\n|-damage|p2a: Garganacl|88\/100|[from] Stealth Rock\n|move|p1a: Ting-Lu|Whirlwind|p2a: Garganacl\n|drag|p2a: Hoopa|Hoopa-Unbound|100\/100\n|-damage|p2a: Hoopa|88\/100|[from] Stealth Rock\n|\n|-heal|p1a: Ting-Lu|87\/100 tox|[from] item: Leftovers\n|-damage|p1a: Ting-Lu|74\/100 tox|[from] psn\n|upkeep\n|turn|3\n|\n|t:|1700580756\n|switch|p1a: Zapdos|Zapdos|100\/100\n|move|p2a: Hoopa|Drain Punch|p1a: Zapdos\n|-resisted|p1a: Zapdos\n|-damage|p1a: Zapdos|72\/100\n|-heal|p2a: Hoopa|100\/100|[from] drain|[of] p1a: Zapdos\n|\n|upkeep\n|turn|4\n|\n|t:|1700580769\n|switch|p2a: Garganacl|Garganacl, M, shiny|88\/100\n|-damage|p2a: Garganacl|76\/100|[from] Stealth Rock\n|move|p1a: Zapdos|U-turn|p2a: Garganacl\n|-damage|p2a: Garganacl|66\/100\n|\n|t:|1700580781\n|switch|p1a: Ting-Lu|Ting-Lu|74\/100 tox|[from] U-turn\n|-ability|p1a: Ting-Lu|Vessel of Ruin\n|\n|-heal|p1a: Ting-Lu|81\/100 tox|[from] item: Leftovers\n|-heal|p2a: Garganacl|72\/100|[from] item: Leftovers\n|-damage|p1a: Ting-Lu|74\/100 tox|[from] psn\n|upkeep\n|turn|5\n|\n|t:|1700580789\n|move|p1a: Ting-Lu|Spikes|p2a: Garganacl\n|-sidestart|p2: xiaoyang2004|Spikes\n|move|p2a: Garganacl|Recover|p2a: Garganacl\n|-heal|p2a: Garganacl|100\/100\n|\n|-heal|p1a: Ting-Lu|81\/100 tox|[from] item: Leftovers\n|-damage|p1a: Ting-Lu|68\/100 tox|[from] psn\n|upkeep\n|turn|6\n|\n|t:|1700580800\n|move|p2a: Garganacl|Salt Cure|p1a: Ting-Lu\n|-resisted|p1a: Ting-Lu\n|-damage|p1a: Ting-Lu|65\/100 tox\n|-start|p1a: Ting-Lu|Salt Cure\n|move|p1a: Ting-Lu|Whirlwind|p2a: Garganacl\n|drag|p2a: Hoopa|Hoopa-Unbound|100\/100\n|-damage|p2a: Hoopa|88\/100|[from] Stealth Rock\n|-damage|p2a: Hoopa|76\/100|[from] Spikes\n|\n|-heal|p1a: Ting-Lu|72\/100 tox|[from] item: Leftovers\n|-damage|p1a: Ting-Lu|53\/100 tox|[from] psn\n|-damage|p1a: Ting-Lu|40\/100 tox|[from] Salt Cure\n|upkeep\n|turn|7\n|\n|t:|1700580817\n|switch|p1a: Zapdos|Zapdos|72\/100\n|move|p2a: Hoopa|Hyperspace Fury|p1a: Zapdos\n|-damage|p1a: Zapdos|0 fnt\n|-unboost|p2a: Hoopa|def|1\n|faint|p1a: Zapdos\n|\n|upkeep\n|\n|t:|1700580828\n|switch|p1a: Ogerpon|Ogerpon-Cornerstone, F|100\/100\n|turn|8\n|\n|t:|1700580838\n|switch|p2a: Gliscor|Gliscor, M, shiny|100\/100 tox\n|-damage|p2a: Gliscor|88\/100 tox|[from] Stealth Rock\n|move|p1a: Ogerpon|Ivy Cudgel|p2a: Gliscor|[anim] Ivy Cudgel Rock\n|-damage|p2a: Gliscor|52\/100 tox\n|\n|-heal|p2a: Gliscor|65\/100 tox|[from] ability: Poison Heal\n|upkeep\n|turn|9\n|\n|t:|1700580847\n|switch|p1a: Ting-Lu|Ting-Lu|40\/100 tox\n|-ability|p1a: Ting-Lu|Vessel of Ruin\n|move|p2a: Gliscor|U-turn|p1a: Ting-Lu\n|-supereffective|p1a: Ting-Lu\n|-damage|p1a: Ting-Lu|29\/100 tox\n|\n|t:|1700580873\n|switch|p2a: Diancie|Diancie|100\/100|[from] U-turn\n|-damage|p2a: Diancie|88\/100|[from] Stealth Rock\n|-damage|p2a: Diancie|76\/100|[from] Spikes\n|\n|-heal|p1a: Ting-Lu|35\/100 tox|[from] item: Leftovers\n|-damage|p1a: Ting-Lu|29\/100 tox|[from] psn\n|upkeep\n|turn|10\n|\n|t:|1700580889\n|detailschange|p2a: Diancie|Diancie-Mega\n|-mega|p2a: Diancie|Diancie|Diancite\n|move|p2a: Diancie|Moonblast|p1a: Ting-Lu\n|-supereffective|p1a: Ting-Lu\n|-damage|p1a: Ting-Lu|0 fnt\n|faint|p1a: Ting-Lu\n|\n|upkeep\n|\n|t:|1700580897\n|switch|p1a: Aegislash|Aegislash, M|100\/100\n|turn|11\n|\n|t:|1700580921\n|move|p2a: Diancie|Earth Power|p1a: Aegislash\n|-supereffective|p1a: Aegislash\n|-damage|p1a: Aegislash|61\/100\n|-formechange|p1a: Aegislash|Aegislash-Blade||[from] ability: Stance Change\n|move|p1a: Aegislash|Iron Head|p2a: Diancie\n|-supereffective|p2a: Diancie\n|-damage|p2a: Diancie|0 fnt\n|faint|p2a: Diancie\n|\n|upkeep\n|\n|t:|1700580931\n|switch|p2a: Skeledirge|Skeledirge, F|100\/100\n|turn|12\n|\n|t:|1700580941\n|switch|p1a: Milotic|Milotic, M|100\/100\n|move|p2a: Skeledirge|Will-O-Wisp|p1a: Milotic\n|-status|p1a: Milotic|brn\n|\n|-damage|p1a: Milotic|94\/100 brn|[from] brn\n|upkeep\n|turn|13\n|\n|t:|1700580954\n|switch|p2a: Garganacl|Garganacl, M, shiny|100\/100\n|-damage|p2a: Garganacl|88\/100|[from] Stealth Rock\n|-damage|p2a: Garganacl|76\/100|[from] Spikes\n|move|p1a: Milotic|Scald|p2a: Garganacl\n|-supereffective|p2a: Garganacl\n|-damage|p2a: Garganacl|35\/100\n|\n|-heal|p1a: Milotic|100\/100 brn|[from] item: Leftovers\n|-heal|p2a: Garganacl|41\/100|[from] item: Leftovers\n|-damage|p1a: Milotic|94\/100 brn|[from] brn\n|upkeep\n|turn|14\n|\n|t:|1700580969\n|move|p2a: Garganacl|Protect|p2a: Garganacl\n|-singleturn|p2a: Garganacl|Protect\n|move|p1a: Milotic|Scald|p2a: Garganacl\n|-activate|p2a: Garganacl|move: Protect\n|\n|-heal|p1a: Milotic|100\/100 brn|[from] item: Leftovers\n|-heal|p2a: Garganacl|48\/100|[from] item: Leftovers\n|-damage|p1a: Milotic|94\/100 brn|[from] brn\n|upkeep\n|turn|15\n|\n|t:|1700580986\n|switch|p1a: Aegislash|Aegislash, M|61\/100\n|-terastallize|p2a: Garganacl|Dragon\n|move|p2a: Garganacl|Salt Cure|p1a: Aegislash\n|-resisted|p1a: Aegislash\n|-damage|p1a: Aegislash|55\/100\n|\n|-heal|p2a: Garganacl|54\/100|[from] item: Leftovers\n|upkeep\n|turn|16\n|\n|t:|1700581003\n|move|p2a: Garganacl|Protect|p2a: Garganacl\n|-singleturn|p2a: Garganacl|Protect\n|-formechange|p1a: Aegislash|Aegislash-Blade||[from] ability: Stance Change\n|move|p1a: Aegislash|Iron Head|p2a: Garganacl\n|-activate|p2a: Garganacl|move: Protect\n|\n|-heal|p2a: Garganacl|60\/100|[from] item: Leftovers\n|upkeep\n|turn|17\n|\n|t:|1700581022\n|switch|p2a: Gliscor|Gliscor, M, shiny|65\/100 tox\n|-damage|p2a: Gliscor|52\/100 tox|[from] Stealth Rock\n|move|p1a: Aegislash|Iron Head|p2a: Gliscor\n|-damage|p2a: Gliscor|30\/100 tox\n|\n|-heal|p2a: Gliscor|43\/100 tox|[from] ability: Poison Heal\n|upkeep\n|turn|18\n|\n|t:|1700581032\n|-formechange|p1a: Aegislash|Aegislash||[from] ability: Stance Change\n|move|p1a: Aegislash|King's Shield|p1a: Aegislash\n|-singleturn|p1a: Aegislash|Protect\n|move|p2a: Gliscor|Roost|p2a: Gliscor\n|-heal|p2a: Gliscor|93\/100 tox\n|-singleturn|p2a: Gliscor|move: Roost\n|\n|-heal|p2a: Gliscor|100\/100 tox|[from] ability: Poison Heal\n|upkeep\n|turn|19\n|\n|t:|1700581045\n|switch|p1a: Milotic|Milotic, M|94\/100 brn\n|move|p2a: Gliscor|Earthquake|p1a: Milotic\n|-damage|p1a: Milotic|79\/100 brn\n|\n|-heal|p1a: Milotic|85\/100 brn|[from] item: Leftovers\n|-damage|p1a: Milotic|79\/100 brn|[from] brn\n|upkeep\n|turn|20\n|\n|t:|1700581055\n|move|p2a: Gliscor|U-turn|p1a: Milotic\n|-damage|p1a: Milotic|71\/100 brn\n|\n|t:|1700581060\n|switch|p2a: Garganacl|Garganacl, M, shiny, tera:Dragon|60\/100|[from] U-turn\n|-damage|p2a: Garganacl|48\/100|[from] Stealth Rock\n|-damage|p2a: Garganacl|35\/100|[from] Spikes\n|move|p1a: Milotic|Scald|p2a: Garganacl\n|-resisted|p2a: Garganacl\n|-damage|p2a: Garganacl|25\/100\n|\n|-heal|p1a: Milotic|77\/100 brn|[from] item: Leftovers\n|-heal|p2a: Garganacl|31\/100|[from] item: Leftovers\n|-damage|p1a: Milotic|71\/100 brn|[from] brn\n|upkeep\n|turn|21\n|\n|t:|1700581073\n|switch|p1a: Hatterene|Hatterene, F|100\/100\n|move|p2a: Garganacl|Recover|p2a: Garganacl\n|-heal|p2a: Garganacl|81\/100\n|\n|-heal|p2a: Garganacl|87\/100|[from] item: Leftovers\n|upkeep\n|turn|22\n|\n|t:|1700581085\n|switch|p2a: Skeledirge|Skeledirge, F|100\/100\n|move|p1a: Hatterene|Calm Mind|p1a: Hatterene\n|-boost|p1a: Hatterene|spa|1\n|-boost|p1a: Hatterene|spd|1\n|\n|upkeep\n|turn|23\n|\n|t:|1700581099\n|move|p2a: Skeledirge|Torch Song|p1a: Hatterene\n|-damage|p1a: Hatterene|69\/100\n|-boost|p2a: Skeledirge|spa|1\n|move|p1a: Hatterene|Psyshock|p2a: Skeledirge\n|-damage|p2a: Skeledirge|71\/100\n|\n|-heal|p1a: Hatterene|75\/100|[from] item: Leftovers\n|upkeep\n|turn|24\n|\n|t:|1700581108\n|switch|p1a: Milotic|Milotic, M|71\/100 brn\n|move|p2a: Skeledirge|Torch Song|p1a: Milotic\n|-resisted|p1a: Milotic\n|-damage|p1a: Milotic|54\/100 brn\n|-boost|p2a: Skeledirge|spa|1\n|\n|-heal|p1a: Milotic|60\/100 brn|[from] item: Leftovers\n|-damage|p1a: Milotic|54\/100 brn|[from] brn\n|upkeep\n|turn|25\n|\n|t:|1700581126\n|switch|p2a: Garganacl|Garganacl, M, shiny, tera:Dragon|87\/100\n|-damage|p2a: Garganacl|75\/100|[from] Stealth Rock\n|-damage|p2a: Garganacl|62\/100|[from] Spikes\n|move|p1a: Milotic|Haze|p1a: Milotic\n|-clearallboost\n|\n|-heal|p1a: Milotic|60\/100 brn|[from] item: Leftovers\n|-heal|p2a: Garganacl|69\/100|[from] item: Leftovers\n|-damage|p1a: Milotic|54\/100 brn|[from] brn\n|upkeep\n|turn|26\n|\n|t:|1700581143\n|switch|p1a: Hatterene|Hatterene, F|75\/100\n|move|p2a: Garganacl|Stealth Rock|p1a: Hatterene\n|move|p1a: Hatterene|Stealth Rock||[from]ability: Magic Bounce|[still]\n|-fail|p1a: Hatterene\n|\n|-heal|p2a: Garganacl|75\/100|[from] item: Leftovers\n|-heal|p1a: Hatterene|81\/100|[from] item: Leftovers\n|upkeep\n|turn|27\n|\n|t:|1700581153\n|switch|p2a: Skeledirge|Skeledirge, F|71\/100\n|move|p1a: Hatterene|Mystical Fire|p2a: Skeledirge\n|-resisted|p2a: Skeledirge\n|-damage|p2a: Skeledirge|57\/100\n|-unboost|p2a: Skeledirge|spa|1\n|\n|-heal|p1a: Hatterene|87\/100|[from] item: Leftovers\n|upkeep\n|turn|28\n|\n|t:|1700581163\n|move|p2a: Skeledirge|Slack Off|p2a: Skeledirge\n|-heal|p2a: Skeledirge|100\/100\n|move|p1a: Hatterene|Mystical Fire|p2a: Skeledirge\n|-resisted|p2a: Skeledirge\n|-damage|p2a: Skeledirge|85\/100\n|-unboost|p2a: Skeledirge|spa|1\n|\n|-heal|p1a: Hatterene|93\/100|[from] item: Leftovers\n|upkeep\n|turn|29\n|\n|t:|1700581192\n|switch|p1a: Ogerpon|Ogerpon-Cornerstone, F|100\/100\n|move|p2a: Skeledirge|Torch Song|p1a: Ogerpon\n|-damage|p1a: Ogerpon|83\/100\n|-boost|p2a: Skeledirge|spa|1\n|\n|upkeep\n|turn|30\n|\n|t:|1700581204\n|move|p1a: Ogerpon|Swords Dance|p1a: Ogerpon\n|-boost|p1a: Ogerpon|atk|2\n|move|p2a: Skeledirge|Will-O-Wisp|p1a: Ogerpon|[miss]\n|-miss|p2a: Skeledirge|p1a: Ogerpon\n|\n|upkeep\n|turn|31\n|\n|t:|1700581213\n|move|p1a: Ogerpon|Ivy Cudgel|p2a: Skeledirge|[anim] Ivy Cudgel Rock\n|-supereffective|p2a: Skeledirge\n|-damage|p2a: Skeledirge|10\/100\n|move|p2a: Skeledirge|Will-O-Wisp|p1a: Ogerpon\n|-status|p1a: Ogerpon|brn\n|\n|-damage|p1a: Ogerpon|77\/100 brn|[from] brn\n|upkeep\n|turn|32\n|\n|t:|1700581223\n|move|p1a: Ogerpon|Ivy Cudgel|p2a: Skeledirge|[anim] Ivy Cudgel Rock\n|-supereffective|p2a: Skeledirge\n|-damage|p2a: Skeledirge|0 fnt\n|faint|p2a: Skeledirge\n|\n|-damage|p1a: Ogerpon|71\/100 brn|[from] brn\n|upkeep\n|\n|t:|1700581237\n|switch|p2a: Greninja|Greninja, M|100\/100\n|-damage|p2a: Greninja|88\/100|[from] Stealth Rock\n|-damage|p2a: Greninja|76\/100|[from] Spikes\n|turn|33\n|\n|t:|1700581243\n|-zpower|p2a: Greninja\n|move|p2a: Greninja|Hydro Vortex|p1a: Ogerpon|[zeffect]\n|-damage|p1a: Ogerpon|0 fnt\n|faint|p1a: Ogerpon\n|-ability|p2a: Greninja|Battle Bond|boost\n|-boost|p2a: Greninja|atk|1\n|-boost|p2a: Greninja|spa|1\n|-boost|p2a: Greninja|spe|1\n|-activate|p2a: Greninja|ability: Battle Bond\n|\n|upkeep\n|\n|t:|1700581247\n|switch|p1a: Hatterene|Hatterene, F|93\/100\n|turn|34\n|\n|t:|1700581261\n|move|p2a: Greninja|Hydro Pump|p1a: Hatterene|[miss]\n|-miss|p2a: Greninja|p1a: Hatterene\n|move|p1a: Hatterene|Draining Kiss|p2a: Greninja\n|-supereffective|p2a: Greninja\n|-damage|p2a: Greninja|0 fnt\n|-heal|p1a: Hatterene|100\/100|[from] drain|[of] p2a: Greninja\n|faint|p2a: Greninja\n|\n|upkeep\n|\n|t:|1700581270\n|switch|p2a: Hoopa|Hoopa-Unbound|76\/100\n|-damage|p2a: Hoopa|64\/100|[from] Stealth Rock\n|-damage|p2a: Hoopa|51\/100|[from] Spikes\n|turn|35\n|\n|t:|1700581277\n|move|p2a: Hoopa|Gunk Shot|p1a: Hatterene\n|-supereffective|p1a: Hatterene\n|-damage|p1a: Hatterene|0 fnt\n|faint|p1a: Hatterene\n|\n|upkeep\n|\n|t:|1700581279\n|switch|p1a: Aegislash|Aegislash, M|55\/100\n|turn|36\n|\n|t:|1700581288\n|switch|p2a: Gliscor|Gliscor, M, shiny|100\/100 tox\n|-damage|p2a: Gliscor|88\/100 tox|[from] Stealth Rock\n|-formechange|p1a: Aegislash|Aegislash-Blade||[from] ability: Stance Change\n|move|p1a: Aegislash|Shadow Ball|p2a: Gliscor\n|-damage|p2a: Gliscor|44\/100 tox\n|\n|-heal|p2a: Gliscor|56\/100 tox|[from] ability: Poison Heal\n|upkeep\n|turn|37\n|\n|t:|1700581299\n|move|p2a: Gliscor|Roost|p2a: Gliscor\n|-heal|p2a: Gliscor|100\/100 tox\n|-singleturn|p2a: Gliscor|move: Roost\n|move|p1a: Aegislash|Shadow Ball|p2a: Gliscor\n|-damage|p2a: Gliscor|59\/100 tox\n|\n|-heal|p2a: Gliscor|71\/100 tox|[from] ability: Poison Heal\n|upkeep\n|turn|38\n|\n|t:|1700581308\n|-formechange|p1a: Aegislash|Aegislash||[from] ability: Stance Change\n|move|p1a: Aegislash|King's Shield|p1a: Aegislash\n|-singleturn|p1a: Aegislash|Protect\n|move|p2a: Gliscor|Earthquake|p1a: Aegislash\n|-activate|p1a: Aegislash|move: Protect\n|\n|-heal|p2a: Gliscor|84\/100 tox|[from] ability: Poison Heal\n|upkeep\n|turn|39\n|\n|t:|1700581328\n|switch|p1a: Milotic|Milotic, M|54\/100 brn\n|move|p2a: Gliscor|U-turn|p1a: Milotic\n|-damage|p1a: Milotic|47\/100 brn\n|\n|t:|1700581334\n|switch|p2a: Hoopa|Hoopa-Unbound|51\/100|[from] U-turn\n|-damage|p2a: Hoopa|39\/100|[from] Stealth Rock\n|-damage|p2a: Hoopa|27\/100|[from] Spikes\n|\n|-heal|p1a: Milotic|53\/100 brn|[from] item: Leftovers\n|-damage|p1a: Milotic|47\/100 brn|[from] brn\n|upkeep\n|turn|40\n|\n|t:|1700581346\n|switch|p1a: Aegislash|Aegislash, M|55\/100\n|move|p2a: Hoopa|Hyperspace Fury|p1a: Aegislash\n|-supereffective|p1a: Aegislash\n|-damage|p1a: Aegislash|0 fnt\n|-unboost|p2a: Hoopa|def|1\n|faint|p1a: Aegislash\n|\n|upkeep\n|\n|t:|1700581348\n|switch|p1a: Milotic|Milotic, M|47\/100 brn\n|turn|41\n|-message|ElHonrado_Juan forfeited.\n|\n|win|xiaoyang2004\n|raw|ElHonrado_Juan's rating: 1528 &rarr; <strong>1514<\/strong><br \/>(-14 for losing)\n|raw|xiaoyang2004's rating: 1627 &rarr; <strong>1641<\/strong><br \/>(+14 for winning)\n|l|\u2606ElHonrado_Juan\n","uploadtime":1700581360,"views":0,"p1id":"elhonradojuan","p2id":"xiaoyang2004","formatid":"gen9nationaldex","rating":1514,"private":0,"password":""}