{"id":"gen9nationaldex-1991290235","p1":"KyosukeKamijou","p2":"Sadchild","format":"[Gen 9] National Dex","log":"|j|\u2606KyosukeKamijou\n|j|\u2606Sadchild\n|t:|1700064718\n|gametype|singles\n|player|p1|KyosukeKamijou|ghetsis|1181\n|player|p2|Sadchild|101|1184\n|teamsize|p1|6\n|teamsize|p2|6\n|gen|9\n|tier|[Gen 9] National Dex\n|rated|\n|rule|HP Percentage Mod: HP is shown in percentages\n|rule|Endless Battle Clause: Forcing endless battles is banned\n|rule|OHKO Clause: OHKO moves are banned\n|rule|Evasion Clause: Evasion abilities, items, and moves are banned\n|rule|Evasion Abilities Clause: Evasion abilities are banned\n|rule|Evasion Items Clause: Evasion items are banned\n|rule|Evasion Moves Clause: Evasion moves are banned\n|rule|Species Clause: Limit one of each Pok\u00e9mon\n|rule|Sleep Clause Mod: Limit one foe put to sleep\n|clearpoke\n|poke|p1|Kommo-o, M|\n|poke|p1|Great Tusk|\n|poke|p1|Ogerpon-Cornerstone, F|\n|poke|p1|Charizard, M|\n|poke|p1|Greninja-*, M|\n|poke|p1|Volcarona, F|\n|poke|p2|Gliscor, F|\n|poke|p2|Weezing-Galar, F|\n|poke|p2|Tapu Lele|\n|poke|p2|Corviknight, M|\n|poke|p2|Sableye, M|\n|poke|p2|Politoed, F|\n|teampreview\n|inactive|Battle timer is ON: inactive players will automatically lose when time's up. (requested by Sadchild)\n|\n|t:|1700064738\n|start\n|switch|p1a: Change Dragon|Charizard, M|100\/100\n|switch|p2a: Sableye|Sableye, M|100\/100\n|turn|1\n|\n|t:|1700064745\n|detailschange|p1a: Change Dragon|Charizard-Mega-Y, M\n|-mega|p1a: Change Dragon|Charizard|Charizardite Y\n|-weather|SunnyDay|[from] ability: Drought|[of] p1a: Change Dragon\n|move|p2a: Sableye|Fake Out|p1a: Change Dragon\n|-damage|p1a: Change Dragon|90\/100\n|cant|p1a: Change Dragon|flinch\n|\n|-weather|SunnyDay|[upkeep]\n|upkeep\n|turn|2\n|\n|t:|1700064755\n|switch|p2a: Politoed|Politoed, F|100\/100\n|-weather|RainDance|[from] ability: Drizzle|[of] p2a: Politoed\n|move|p1a: Change Dragon|Air Slash|p2a: Politoed\n|-damage|p2a: Politoed|72\/100\n|\n|-weather|RainDance|[upkeep]\n|upkeep\n|turn|3\n|\n|t:|1700064764\n|switch|p1a: Ninja Black|Greninja, M, shiny|100\/100\n|move|p2a: Politoed|Whirlpool|p1a: Ninja Black|[miss]\n|-miss|p2a: Politoed|p1a: Ninja Black\n|\n|-weather|RainDance|[upkeep]\n|upkeep\n|turn|4\n|\n|t:|1700064776\n|switch|p2a: Sableye|Sableye, M|100\/100\n|move|p1a: Ninja Black|Grass Knot|p2a: Sableye\n|-start|p1a: Ninja Black|typechange|Grass|[from] ability: Protean\n|-damage|p2a: Sableye|58\/100\n|\n|-weather|RainDance|[upkeep]\n|upkeep\n|turn|5\n|\n|t:|1700064785\n|switch|p1a: Change Dragon|Charizard-Mega-Y, M|90\/100\n|-weather|SunnyDay|[from] ability: Drought|[of] p1a: Change Dragon\n|move|p2a: Sableye|Fake Out|p1a: Change Dragon\n|-damage|p1a: Change Dragon|79\/100\n|\n|-weather|SunnyDay|[upkeep]\n|upkeep\n|turn|6\n|\n|t:|1700064797\n|switch|p2a: Politoed|Politoed, F|72\/100\n|-weather|RainDance|[from] ability: Drizzle|[of] p2a: Politoed\n|move|p1a: Change Dragon|Air Slash|p2a: Politoed\n|-damage|p2a: Politoed|45\/100\n|\n|-weather|RainDance|[upkeep]\n|upkeep\n|turn|7\n|\n|t:|1700064812\n|switch|p1a: Ryuranger|Kommo-o, M|100\/100\n|switch|p2a: Weezing|Weezing-Galar, F|100\/100\n|\n|-weather|RainDance|[upkeep]\n|upkeep\n|turn|8\n|\n|t:|1700064821\n|switch|p1a: Ninja Black|Greninja, M, shiny|100\/100\n|move|p2a: Weezing|Strange Steam|p1a: Ninja Black\n|-supereffective|p1a: Ninja Black\n|-damage|p1a: Ninja Black|0 fnt\n|faint|p1a: Ninja Black\n|\n|-weather|RainDance|[upkeep]\n|upkeep\n|\n|t:|1700064828\n|switch|p1a: PapillonOhger|Volcarona, F, shiny|100\/100\n|turn|9\n|\n|t:|1700064833\n|switch|p2a: Sableye|Sableye, M|58\/100\n|move|p1a: PapillonOhger|Quiver Dance|p1a: PapillonOhger\n|-boost|p1a: PapillonOhger|spa|1\n|-boost|p1a: PapillonOhger|spd|1\n|-boost|p1a: PapillonOhger|spe|1\n|\n|-weather|RainDance|[upkeep]\n|upkeep\n|turn|10\n|\n|t:|1700064842\n|move|p2a: Sableye|Fake Out|p1a: PapillonOhger\n|-damage|p1a: PapillonOhger|88\/100\n|cant|p1a: PapillonOhger|flinch\n|\n|-weather|RainDance|[upkeep]\n|upkeep\n|turn|11\n|\n|t:|1700064849\n|move|p2a: Sableye|Taunt|p1a: PapillonOhger\n|-start|p1a: PapillonOhger|move: Taunt\n|move|p1a: PapillonOhger|Flamethrower|p2a: Sableye\n|-damage|p2a: Sableye|0 fnt\n|faint|p2a: Sableye\n|\n|-weather|RainDance|[upkeep]\n|upkeep\n|\n|t:|1700064859\n|switch|p2a: Gliscor|Gliscor, F|100\/100\n|turn|12\n|\n|t:|1700064863\n|move|p1a: PapillonOhger|Flamethrower|p2a: Gliscor\n|-damage|p2a: Gliscor|46\/100\n|move|p2a: Gliscor|Fling|p1a: PapillonOhger\n|-damage|p1a: PapillonOhger|74\/100\n|-status|p1a: PapillonOhger|tox\n|-enditem|p2a: Gliscor|Toxic Orb|[from] move: Fling\n|\n|-weather|RainDance|[upkeep]\n|-damage|p1a: PapillonOhger|68\/100 tox|[from] psn\n|upkeep\n|turn|13\n|\n|t:|1700064874\n|move|p2a: Gliscor|Protect|p2a: Gliscor\n|-singleturn|p2a: Gliscor|Protect\n|move|p1a: PapillonOhger|Giga Drain|p2a: Gliscor\n|-activate|p2a: Gliscor|move: Protect\n|\n|-weather|none\n|-damage|p1a: PapillonOhger|55\/100 tox|[from] psn\n|-end|p1a: PapillonOhger|move: Taunt\n|upkeep\n|turn|14\n|\n|t:|1700064884\n|switch|p2a: Weezing|Weezing-Galar, F|100\/100\n|move|p1a: PapillonOhger|Flamethrower|p2a: Weezing\n|-damage|p2a: Weezing|0 fnt\n|faint|p2a: Weezing\n|\n|-damage|p1a: PapillonOhger|37\/100 tox|[from] psn\n|upkeep\n|\n|t:|1700064893\n|switch|p2a: Gliscor|Gliscor, F|46\/100\n|turn|15\n|\n|t:|1700064896\n|move|p2a: Gliscor|Protect|p2a: Gliscor\n|-singleturn|p2a: Gliscor|Protect\n|move|p1a: PapillonOhger|Flamethrower|p2a: Gliscor\n|-activate|p2a: Gliscor|move: Protect\n|\n|-damage|p1a: PapillonOhger|13\/100 tox|[from] psn\n|upkeep\n|turn|16\n|\n|t:|1700064905\n|switch|p2a: Tapu Lele|Tapu Lele|100\/100\n|-fieldstart|move: Psychic Terrain|[from] ability: Psychic Surge|[of] p2a: Tapu Lele\n|move|p1a: PapillonOhger|Giga Drain|p2a: Tapu Lele\n|-damage|p2a: Tapu Lele|52\/100\n|-heal|p1a: PapillonOhger|35\/100 tox|[from] drain|[of] p2a: Tapu Lele\n|\n|-damage|p1a: PapillonOhger|4\/100 tox|[from] psn\n|upkeep\n|turn|17\n|\n|t:|1700064916\n|switch|p2a: Gliscor|Gliscor, F|46\/100\n|move|p1a: PapillonOhger|Bug Buzz|p2a: Gliscor\n|-resisted|p2a: Gliscor\n|-crit|p2a: Gliscor\n|-damage|p2a: Gliscor|0 fnt\n|faint|p2a: Gliscor\n|\n|-damage|p1a: PapillonOhger|0 fnt|[from] psn\n|faint|p1a: PapillonOhger\n|upkeep\n|\n|t:|1700064927\n|switch|p2a: Politoed|Politoed, F|45\/100\n|switch|p1a: Change Dragon|Charizard-Mega-Y, M|79\/100\n|-weather|SunnyDay|[from] ability: Drought|[of] p1a: Change Dragon\n|-weather|RainDance|[from] ability: Drizzle|[of] p2a: Politoed\n|turn|18\n|\n|t:|1700064936\n|switch|p1a: Onisister|Ogerpon-Cornerstone, F|100\/100\n|move|p2a: Politoed|Perish Song|p2a: Politoed\n|-start|p1a: Onisister|perish3|[silent]\n|-start|p2a: Politoed|perish3|[silent]\n|-fieldactivate|move: Perish Song\n|\n|-weather|RainDance|[upkeep]\n|-start|p1a: Onisister|perish3\n|-start|p2a: Politoed|perish3\n|upkeep\n|turn|19\n|\n|t:|1700064945\n|switch|p1a: Change Dragon|Charizard-Mega-Y, M|79\/100\n|-weather|SunnyDay|[from] ability: Drought|[of] p1a: Change Dragon\n|switch|p2a: Corviknight|Corviknight, M|100\/100\n|\n|-weather|SunnyDay|[upkeep]\n|upkeep\n|turn|20\n|-message|Sadchild forfeited.\n|\n|win|KyosukeKamijou\n|raw|KyosukeKamijou's rating: 1181 &rarr; <strong>1206<\/strong><br \/>(+25 for winning)\n|raw|Sadchild's rating: 1184 &rarr; <strong>1159<\/strong><br \/>(-25 for losing)\n|l|\u2606Sadchild\n","uploadtime":1700064955,"views":15,"p1id":"kyosukekamijou","p2id":"sadchild","formatid":"gen9nationaldex","rating":1159,"private":0,"password":""}