{"id":"gen9nationaldex-1988243856","p1":"variares DD","p2":"wangye114514","format":"[Gen 9] National Dex","log":"|j|\u2606variares DD\n|j|\u2606wangye114514\n|t:|1699693041\n|gametype|singles\n|player|p1|variares DD|acetrainercouple|1355\n|player|p2|wangye114514|102|1385\n|teamsize|p1|6\n|teamsize|p2|6\n|gen|9\n|tier|[Gen 9] National Dex\n|rated|\n|rule|HP Percentage Mod: HP is shown in percentages\n|rule|Endless Battle Clause: Forcing endless battles is banned\n|rule|OHKO Clause: OHKO moves are banned\n|rule|Evasion Clause: Evasion abilities, items, and moves are banned\n|rule|Evasion Abilities Clause: Evasion abilities are banned\n|rule|Evasion Items Clause: Evasion items are banned\n|rule|Evasion Moves Clause: Evasion moves are banned\n|rule|Species Clause: Limit one of each Pok\u00e9mon\n|rule|Sleep Clause Mod: Limit one foe put to sleep\n|clearpoke\n|poke|p1|Altaria, F|\n|poke|p1|Jirachi|\n|poke|p1|Heatran, M|\n|poke|p1|Landorus-Therian, M|\n|poke|p1|Greninja-*, M|\n|poke|p1|Corviknight, M|\n|poke|p2|Hippopotas, L1, F|\n|poke|p2|Aron, L1, F|\n|poke|p2|Taillow, L1, F|\n|poke|p2|Glimmora, F|\n|poke|p2|Cottonee, L1, F|\n|poke|p2|Kyurem|\n|teampreview\n|inactive|Battle timer is ON: inactive players will automatically lose when time's up. (requested by variares DD)\n|c|\u2606wangye114514|glhf\n|inactive|wangye114514 has 120 seconds left.\n|\n|t:|1699693072\n|start\n|switch|p1a: Heatran|Heatran, M|100\/100\n|switch|p2a: Glimmora|Glimmora, F|100\/100\n|turn|1\n|\n|t:|1699693090\n|move|p2a: Glimmora|Earth Power|p1a: Heatran\n|-supereffective|p1a: Heatran\n|-damage|p1a: Heatran|0 fnt\n|faint|p1a: Heatran\n|\n|upkeep\n|\n|t:|1699693093\n|switch|p1a: Landorus|Landorus-Therian, M|100\/100\n|-ability|p1a: Landorus|Intimidate|boost\n|-unboost|p2a: Glimmora|atk|1\n|turn|2\n|\n|t:|1699693119\n|switch|p2a: Taillow|Taillow, L1, F, shiny|100\/100\n|move|p1a: Landorus|Taunt|p2a: Taillow\n|-start|p2a: Taillow|move: Taunt\n|\n|upkeep\n|turn|3\n|\n|t:|1699693125\n|move|p1a: Landorus|Stone Edge|p2a: Taillow\n|-supereffective|p2a: Taillow\n|-enditem|p2a: Taillow|Focus Sash\n|-damage|p2a: Taillow|9\/100\n|move|p2a: Taillow|Endeavor|p1a: Landorus\n|-damage|p1a: Landorus|1\/100\n|-damage|p2a: Taillow|0 fnt|[from] item: Rocky Helmet|[of] p1a: Landorus\n|faint|p2a: Taillow\n|\n|upkeep\n|\n|t:|1699693134\n|switch|p2a: Glimmora|Glimmora, F|100\/100\n|turn|4\n|\n|t:|1699693156\n|move|p1a: Landorus|Earthquake|p2a: Glimmora\n|-supereffective|p2a: Glimmora\n|-enditem|p2a: Glimmora|Focus Sash\n|-damage|p2a: Glimmora|1\/100\n|-activate|p2a: Glimmora|ability: Toxic Debris\n|-sidestart|p1: variares DD|move: Toxic Spikes\n|move|p2a: Glimmora|Energy Ball|p1a: Landorus\n|-damage|p1a: Landorus|0 fnt\n|faint|p1a: Landorus\n|\n|upkeep\n|\n|t:|1699693160\n|switch|p1a: Jirachi|Jirachi|100\/100\n|turn|5\n|\n|t:|1699693168\n|move|p1a: Jirachi|U-turn|p2a: Glimmora\n|-resisted|p2a: Glimmora\n|-damage|p2a: Glimmora|0 fnt\n|-activate|p2a: Glimmora|ability: Toxic Debris\n|-sidestart|p1: variares DD|move: Toxic Spikes\n|faint|p2a: Glimmora\n|\n|t:|1699693183\n|switch|p1a: Greninja|Greninja, M, shiny|100\/100|[from] U-turn\n|-status|p1a: Greninja|tox\n|\n|-damage|p1a: Greninja|95\/100 tox|[from] psn\n|upkeep\n|\n|t:|1699693191\n|switch|p2a: Kyurem|Kyurem|100\/100\n|-ability|p2a: Kyurem|Pressure\n|turn|6\n|\n|t:|1699693220\n|move|p1a: Greninja|Spikes|p2a: Kyurem\n|-start|p1a: Greninja|typechange|Ground|[from] ability: Protean\n|-sidestart|p2: wangye114514|Spikes\n|move|p2a: Kyurem|Dragon Dance|p2a: Kyurem\n|-boost|p2a: Kyurem|atk|1\n|-boost|p2a: Kyurem|spe|1\n|\n|-damage|p1a: Greninja|83\/100 tox|[from] psn\n|upkeep\n|turn|7\n|\n|t:|1699693228\n|move|p2a: Kyurem|Substitute|p2a: Kyurem\n|-start|p2a: Kyurem|Substitute\n|-damage|p2a: Kyurem|76\/100\n|-zpower|p1a: Greninja\n|move|p1a: Greninja|Hydro Vortex|p2a: Kyurem|[zeffect]\n|-resisted|p2a: Kyurem\n|-activate|p2a: Kyurem|move: Substitute|[damage]\n|\n|-heal|p2a: Kyurem|82\/100|[from] item: Leftovers\n|-damage|p1a: Greninja|65\/100 tox|[from] psn\n|upkeep\n|turn|8\n|\n|t:|1699693237\n|move|p2a: Kyurem|Dragon Dance|p2a: Kyurem\n|-boost|p2a: Kyurem|atk|1\n|-boost|p2a: Kyurem|spe|1\n|move|p1a: Greninja|Ice Beam|p2a: Kyurem\n|-end|p2a: Kyurem|Substitute\n|\n|-heal|p2a: Kyurem|88\/100|[from] item: Leftovers\n|-damage|p1a: Greninja|41\/100 tox|[from] psn\n|upkeep\n|turn|9\n|\n|t:|1699693255\n|move|p2a: Kyurem|Dragon Dance|p2a: Kyurem\n|-boost|p2a: Kyurem|atk|1\n|-boost|p2a: Kyurem|spe|1\n|move|p1a: Greninja|Dark Pulse|p2a: Kyurem\n|-damage|p2a: Kyurem|67\/100\n|\n|-heal|p2a: Kyurem|73\/100|[from] item: Leftovers\n|-damage|p1a: Greninja|11\/100 tox|[from] psn\n|upkeep\n|turn|10\n|\n|t:|1699693263\n|move|p2a: Kyurem|Substitute|p2a: Kyurem\n|-start|p2a: Kyurem|Substitute\n|-damage|p2a: Kyurem|48\/100\n|move|p1a: Greninja|Dark Pulse|p2a: Kyurem\n|-activate|p2a: Kyurem|move: Substitute|[damage]\n|\n|-heal|p2a: Kyurem|55\/100|[from] item: Leftovers\n|-damage|p1a: Greninja|0 fnt|[from] psn\n|faint|p1a: Greninja\n|upkeep\n|\n|t:|1699693268\n|switch|p1a: Corviknight|Corviknight, M, shiny|100\/100\n|-ability|p1a: Corviknight|Pressure\n|turn|11\n|\n|t:|1699693283\n|move|p2a: Kyurem|Dragon Dance|p2a: Kyurem\n|-boost|p2a: Kyurem|atk|1\n|-boost|p2a: Kyurem|spe|1\n|move|p1a: Corviknight|Body Press|p2a: Kyurem\n|-supereffective|p2a: Kyurem\n|-end|p2a: Kyurem|Substitute\n|\n|-heal|p2a: Kyurem|61\/100|[from] item: Leftovers\n|upkeep\n|turn|12\n|\n|t:|1699693300\n|-terastallize|p2a: Kyurem|Fairy\n|move|p2a: Kyurem|Substitute|p2a: Kyurem\n|-start|p2a: Kyurem|Substitute\n|-damage|p2a: Kyurem|36\/100\n|move|p1a: Corviknight|Body Press|p2a: Kyurem\n|-resisted|p2a: Kyurem\n|-activate|p2a: Kyurem|move: Substitute|[damage]\n|\n|-heal|p2a: Kyurem|42\/100|[from] item: Leftovers\n|upkeep\n|turn|13\n|\n|t:|1699693310\n|move|p2a: Kyurem|Dragon Dance|p2a: Kyurem\n|-boost|p2a: Kyurem|atk|1\n|-boost|p2a: Kyurem|spe|1\n|move|p1a: Corviknight|Brave Bird|p2a: Kyurem\n|-end|p2a: Kyurem|Substitute\n|-damage|p1a: Corviknight|96\/100|[from] Recoil|[of] p2a: Kyurem\n|\n|-heal|p2a: Kyurem|48\/100|[from] item: Leftovers\n|-heal|p1a: Corviknight|100\/100|[from] item: Leftovers\n|upkeep\n|turn|14\n|\n|t:|1699693319\n|move|p2a: Kyurem|Roost|p2a: Kyurem\n|-heal|p2a: Kyurem|98\/100\n|move|p1a: Corviknight|Brave Bird|p2a: Kyurem\n|-damage|p2a: Kyurem|72\/100\n|-damage|p1a: Corviknight|92\/100|[from] Recoil\n|\n|-heal|p2a: Kyurem|78\/100|[from] item: Leftovers\n|-heal|p1a: Corviknight|98\/100|[from] item: Leftovers\n|upkeep\n|turn|15\n|\n|t:|1699693325\n|move|p2a: Kyurem|Dragon Dance|p2a: Kyurem\n|-boost|p2a: Kyurem|atk|1\n|-boost|p2a: Kyurem|spe|1\n|move|p1a: Corviknight|Brave Bird|p2a: Kyurem\n|-damage|p2a: Kyurem|51\/100\n|-damage|p1a: Corviknight|88\/100|[from] Recoil\n|\n|-heal|p2a: Kyurem|57\/100|[from] item: Leftovers\n|-heal|p1a: Corviknight|94\/100|[from] item: Leftovers\n|upkeep\n|turn|16\n|\n|t:|1699693333\n|move|p2a: Kyurem|Icicle Spear|p1a: Corviknight\n|-damage|p1a: Corviknight|69\/100\n|-damage|p1a: Corviknight|44\/100\n|-hitcount|p1a: Corviknight|2\n|move|p1a: Corviknight|Brave Bird|p2a: Kyurem\n|-damage|p2a: Kyurem|32\/100\n|-damage|p1a: Corviknight|36\/100|[from] Recoil\n|\n|-heal|p2a: Kyurem|38\/100|[from] item: Leftovers\n|-heal|p1a: Corviknight|42\/100|[from] item: Leftovers\n|upkeep\n|turn|17\n|\n|t:|1699693341\n|move|p2a: Kyurem|Roost|p2a: Kyurem\n|-heal|p2a: Kyurem|88\/100\n|move|p1a: Corviknight|Brave Bird|p2a: Kyurem\n|-damage|p2a: Kyurem|62\/100\n|-damage|p1a: Corviknight|33\/100|[from] Recoil\n|\n|-heal|p2a: Kyurem|68\/100|[from] item: Leftovers\n|-heal|p1a: Corviknight|39\/100|[from] item: Leftovers\n|upkeep\n|turn|18\n|\n|t:|1699693347\n|move|p2a: Kyurem|Icicle Spear|p1a: Corviknight\n|-damage|p1a: Corviknight|14\/100\n|-damage|p1a: Corviknight|0 fnt\n|faint|p1a: Corviknight\n|-hitcount|p1: Corviknight|2\n|\n|-heal|p2a: Kyurem|74\/100|[from] item: Leftovers\n|upkeep\n|\n|t:|1699693356\n|switch|p1a: Jirachi|Jirachi|100\/100\n|turn|19\n|\n|t:|1699693363\n|move|p2a: Kyurem|Substitute|p2a: Kyurem\n|-start|p2a: Kyurem|Substitute\n|-damage|p2a: Kyurem|49\/100\n|move|p1a: Jirachi|Iron Head|p2a: Kyurem\n|-supereffective|p2a: Kyurem\n|-end|p2a: Kyurem|Substitute\n|\n|-heal|p2a: Kyurem|56\/100|[from] item: Leftovers\n|upkeep\n|turn|20\n|\n|t:|1699693379\n|move|p2a: Kyurem|Roost|p2a: Kyurem\n|-heal|p2a: Kyurem|100\/100\n|move|p1a: Jirachi|Iron Head|p2a: Kyurem\n|-supereffective|p2a: Kyurem\n|-damage|p2a: Kyurem|47\/100\n|\n|-heal|p2a: Kyurem|53\/100|[from] item: Leftovers\n|upkeep\n|turn|21\n|\n|t:|1699693395\n|move|p2a: Kyurem|Roost|p2a: Kyurem\n|-heal|p2a: Kyurem|100\/100\n|move|p1a: Jirachi|Iron Head|p2a: Kyurem\n|-supereffective|p2a: Kyurem\n|-damage|p2a: Kyurem|51\/100\n|\n|-heal|p2a: Kyurem|57\/100|[from] item: Leftovers\n|upkeep\n|turn|22\n|\n|t:|1699693406\n|move|p2a: Kyurem|Icicle Spear|p1a: Jirachi\n|-resisted|p1a: Jirachi\n|-damage|p1a: Jirachi|79\/100\n|-resisted|p1a: Jirachi\n|-damage|p1a: Jirachi|58\/100\n|-resisted|p1a: Jirachi\n|-damage|p1a: Jirachi|36\/100\n|-hitcount|p1a: Jirachi|3\n|move|p1a: Jirachi|Iron Head|p2a: Kyurem\n|-supereffective|p2a: Kyurem\n|-damage|p2a: Kyurem|2\/100\n|\n|-heal|p2a: Kyurem|9\/100|[from] item: Leftovers\n|upkeep\n|turn|23\n|\n|t:|1699693415\n|move|p2a: Kyurem|Icicle Spear|p1a: Jirachi\n|-resisted|p1a: Jirachi\n|-damage|p1a: Jirachi|15\/100\n|-resisted|p1a: Jirachi\n|-damage|p1a: Jirachi|0 fnt\n|faint|p1a: Jirachi\n|-hitcount|p1: Jirachi|2\n|\n|-heal|p2a: Kyurem|15\/100|[from] item: Leftovers\n|upkeep\n|\n|t:|1699693417\n|switch|p1a: Altaria|Altaria, F, shiny|100\/100\n|turn|24\n|\n|t:|1699693424\n|detailschange|p1a: Altaria|Altaria-Mega, F, shiny\n|-mega|p1a: Altaria|Altaria|Altarianite\n|move|p2a: Kyurem|Roost|p2a: Kyurem\n|-heal|p2a: Kyurem|65\/100\n|move|p1a: Altaria|Body Slam|p2a: Kyurem\n|-damage|p2a: Kyurem|39\/100\n|\n|-heal|p2a: Kyurem|45\/100|[from] item: Leftovers\n|upkeep\n|turn|25\n|\n|t:|1699693431\n|move|p2a: Kyurem|Roost|p2a: Kyurem\n|-heal|p2a: Kyurem|95\/100\n|move|p1a: Altaria|Flamethrower|p2a: Kyurem\n|-crit|p2a: Kyurem\n|-damage|p2a: Kyurem|61\/100\n|\n|-heal|p2a: Kyurem|68\/100|[from] item: Leftovers\n|upkeep\n|turn|26\n|\n|t:|1699693438\n|move|p2a: Kyurem|Roost|p2a: Kyurem\n|-heal|p2a: Kyurem|100\/100\n|move|p1a: Altaria|Flamethrower|p2a: Kyurem\n|-damage|p2a: Kyurem|79\/100\n|\n|-heal|p2a: Kyurem|85\/100|[from] item: Leftovers\n|upkeep\n|turn|27\n|-message|variares DD forfeited.\n|\n|win|wangye114514\n|raw|variares DD's rating: 1331 &rarr; <strong>1315<\/strong><br \/>(-16 for losing)\n|raw|wangye114514's rating: 1406 &rarr; <strong>1422<\/strong><br \/>(+16 for winning)\n|l|\u2606variares DD\n","uploadtime":1699693447,"views":9,"p1id":"variaresdd","p2id":"wangye114514","formatid":"gen9nationaldex","rating":1315,"private":0,"password":""}