{"id":"gen9nationaldex-2000334297","p1":"TheSunKing1","p2":"Ackesh","format":"[Gen 9] National Dex","log":"|html|<div class=\"broadcast-blue\"><strong>[Gen 9] National Dex is currently suspecting Sneasler! For information on how to participate check out the <a href=\"https:\/\/www.smogon.com\/forums\/threads\/sv-national-dex-suspect-8-just-dance.3731534\/\">suspect thread<\/a>.<\/strong><\/div>\n|j|\u2606TheSunKing1\n|j|\u2606Ackesh\n|t:|1701185910\n|gametype|singles\n|player|p1|TheSunKing1|silver-masters|1763\n|player|p2|Ackesh|silver|1754\n|teamsize|p1|6\n|teamsize|p2|6\n|gen|9\n|tier|[Gen 9] National Dex\n|rated|\n|rule|HP Percentage Mod: HP is shown in percentages\n|rule|Endless Battle Clause: Forcing endless battles is banned\n|rule|OHKO Clause: OHKO moves are banned\n|rule|Evasion Clause: Evasion abilities, items, and moves are banned\n|rule|Evasion Abilities Clause: Evasion abilities are banned\n|rule|Evasion Items Clause: Evasion items are banned\n|rule|Evasion Moves Clause: Evasion moves are banned\n|rule|Species Clause: Limit one of each Pok\u00e9mon\n|rule|Sleep Clause Mod: Limit one foe put to sleep\n|clearpoke\n|poke|p1|Torkoal, M|\n|poke|p1|Leafeon, M|\n|poke|p1|Landorus-Therian, M|\n|poke|p1|Heatran, M|\n|poke|p1|Weavile, M|\n|poke|p1|Victini|\n|poke|p2|Venusaur, M|\n|poke|p2|Kyurem|\n|poke|p2|Torkoal, M|\n|poke|p2|Landorus-Therian, M|\n|poke|p2|Heatran, M|\n|poke|p2|Victini|\n|teampreview\n|inactive|Battle timer is ON: inactive players will automatically lose when time's up. (requested by Ackesh)\n|inactive|TheSunKing1 has 120 seconds left.\n|\n|t:|1701185979\n|start\n|switch|p1a: Victini|Victini|100\/100\n|switch|p2a: Kyurem|Kyurem|100\/100\n|-ability|p2a: Kyurem|Pressure\n|turn|1\n|\n|t:|1701185996\n|switch|p2a: Landorus|Landorus-Therian, M|100\/100\n|-ability|p2a: Landorus|Intimidate|boost\n|-unboost|p1a: Victini|atk|1\n|move|p1a: Victini|U-turn|p2a: Landorus\n|-resisted|p2a: Landorus\n|-damage|p2a: Landorus|90\/100\n|\n|t:|1701186002\n|switch|p1a: Weavile|Weavile, M|100\/100|[from] U-turn\n|-ability|p1a: Weavile|Pressure\n|\n|upkeep\n|turn|2\n|inactive|Ackesh has 120 seconds left.\n|\n|t:|1701186045\n|switch|p1a: Landorus|Landorus-Therian, M|100\/100\n|-ability|p1a: Landorus|Intimidate|boost\n|-unboost|p2a: Landorus|atk|1\n|switch|p2a: Torkoal|Torkoal, M|100\/100\n|-weather|SunnyDay|[from] ability: Drought|[of] p2a: Torkoal\n|\n|-weather|SunnyDay|[upkeep]\n|upkeep\n|turn|3\n|\n|t:|1701186057\n|move|p1a: Landorus|Earth Power|p2a: Torkoal\n|-supereffective|p2a: Torkoal\n|-crit|p2a: Torkoal\n|-damage|p2a: Torkoal|0 fnt\n|faint|p2a: Torkoal\n|\n|-weather|SunnyDay|[upkeep]\n|upkeep\n|inactive|Ackesh has 120 seconds left.\n|c|\u2606TheSunKing1|my b\n|inactive|Ackesh has 90 seconds left.\n|inactive|Ackesh has 60 seconds left.\n|\n|t:|1701186126\n|switch|p2a: Kyurem|Kyurem|100\/100\n|-ability|p2a: Kyurem|Pressure\n|turn|4\n|\n|t:|1701186143\n|switch|p1a: Weavile|Weavile, M|100\/100\n|-ability|p1a: Weavile|Pressure\n|move|p2a: Kyurem|Earth Power|p1a: Weavile\n|-damage|p1a: Weavile|46\/100\n|-damage|p2a: Kyurem|91\/100|[from] item: Life Orb\n|\n|-weather|SunnyDay|[upkeep]\n|upkeep\n|turn|5\n|inactive|TheSunKing1 has 120 seconds left.\n|\n|t:|1701186165\n|switch|p2a: Landorus|Landorus-Therian, M|90\/100\n|-ability|p2a: Landorus|Intimidate|boost\n|-unboost|p1a: Weavile|atk|1\n|move|p1a: Weavile|Triple Axel|p2a: Landorus\n|-supereffective|p2a: Landorus\n|-damage|p2a: Landorus|56\/100\n|-supereffective|p2a: Landorus\n|-damage|p2a: Landorus|0 fnt\n|faint|p2a: Landorus\n|-hitcount|p2: Landorus|2\n|-damage|p1a: Weavile|36\/100|[from] item: Life Orb\n|\n|-weather|SunnyDay|[upkeep]\n|upkeep\n|\n|t:|1701186169\n|switch|p2a: Venusaur|Venusaur, M|100\/100\n|turn|6\n|inactive|TheSunKing1 has 120 seconds left.\n|\n|t:|1701186193\n|move|p1a: Weavile|Ice Shard|p2a: Venusaur\n|-supereffective|p2a: Venusaur\n|-damage|p2a: Venusaur|51\/100\n|-damage|p1a: Weavile|26\/100|[from] item: Life Orb\n|move|p2a: Venusaur|Earth Power|p1a: Weavile\n|-damage|p1a: Weavile|0 fnt\n|faint|p1a: Weavile\n|-damage|p2a: Venusaur|41\/100|[from] item: Life Orb\n|\n|-weather|SunnyDay|[upkeep]\n|upkeep\n|\n|t:|1701186204\n|switch|p1a: Heatran|Heatran, M|100\/100\n|-item|p1a: Heatran|Air Balloon\n|turn|7\n|inactive|Ackesh has 90 seconds left.\n|\n|t:|1701186218\n|switch|p2a: Victini|Victini|100\/100\n|move|p1a: Heatran|Earth Power|p2a: Victini\n|-supereffective|p2a: Victini\n|-damage|p2a: Victini|34\/100\n|\n|-weather|SunnyDay|[upkeep]\n|upkeep\n|turn|8\n|\n|t:|1701186228\n|move|p2a: Victini|Trick|p1a: Heatran\n|-activate|p2a: Victini|move: Trick|[of] p1a: Heatran\n|-item|p1a: Heatran|Choice Scarf|[from] move: Trick\n|-item|p2a: Victini|Air Balloon\n|-item|p2a: Victini|Air Balloon|[from] move: Trick\n|move|p1a: Heatran|Stealth Rock|p2a: Victini\n|-sidestart|p2: Ackesh|move: Stealth Rock\n|\n|-weather|SunnyDay|[upkeep]\n|upkeep\n|turn|9\n|inactive|TheSunKing1 has 120 seconds left.\n|\n|t:|1701186251\n|switch|p1a: Landorus|Landorus-Therian, M|100\/100\n|-ability|p1a: Landorus|Intimidate|boost\n|-unboost|p2a: Victini|atk|1\n|move|p2a: Victini|Trick|p1a: Landorus\n|-activate|p2a: Victini|move: Trick|[of] p1a: Landorus\n|-item|p1a: Landorus|Air Balloon\n|-item|p1a: Landorus|Air Balloon|[from] move: Trick\n|-item|p2a: Victini|Covert Cloak|[from] move: Trick\n|\n|-weather|none\n|upkeep\n|turn|10\n|\n|t:|1701186279\n|move|p2a: Victini|V-create|p1a: Landorus\n|-damage|p1a: Landorus|55\/100\n|-unboost|p2a: Victini|spe|1\n|-unboost|p2a: Victini|def|1\n|-unboost|p2a: Victini|spd|1\n|-enditem|p1a: Landorus|Air Balloon\n|move|p1a: Landorus|Earth Power|p2a: Victini\n|-supereffective|p2a: Victini\n|-damage|p2a: Victini|0 fnt\n|faint|p2a: Victini\n|\n|upkeep\n|\n|t:|1701186282\n|switch|p2a: Kyurem|Kyurem|91\/100\n|-damage|p2a: Kyurem|66\/100|[from] Stealth Rock\n|-ability|p2a: Kyurem|Pressure\n|turn|11\n|\n|t:|1701186302\n|switch|p1a: Torkoal|Torkoal, M|100\/100\n|-weather|SunnyDay|[from] ability: Drought|[of] p1a: Torkoal\n|move|p2a: Kyurem|Roost|p2a: Kyurem\n|-heal|p2a: Kyurem|100\/100\n|-singleturn|p2a: Kyurem|move: Roost\n|\n|-weather|SunnyDay|[upkeep]\n|upkeep\n|turn|12\n|inactive|TheSunKing1 has 90 seconds left.\n|\n|t:|1701186338\n|-terastallize|p1a: Torkoal|Fighting\n|move|p2a: Kyurem|Earth Power|p1a: Torkoal\n|-damage|p1a: Torkoal|63\/100\n|-unboost|p1a: Torkoal|spd|1\n|-damage|p2a: Kyurem|91\/100|[from] item: Life Orb\n|move|p1a: Torkoal|Body Press|p2a: Kyurem\n|-supereffective|p2a: Kyurem\n|-damage|p2a: Kyurem|12\/100\n|\n|-weather|SunnyDay|[upkeep]\n|upkeep\n|turn|13\n|inactive|Ackesh has 120 seconds left.\n|\n|t:|1701186356\n|-terastallize|p2a: Kyurem|Ghost\n|move|p2a: Kyurem|Roost|p2a: Kyurem\n|-heal|p2a: Kyurem|62\/100\n|move|p1a: Torkoal|Body Press|p2a: Kyurem\n|-immune|p2a: Kyurem\n|\n|-weather|SunnyDay|[upkeep]\n|upkeep\n|turn|14\n|\n|t:|1701186372\n|move|p2a: Kyurem|Roost|p2a: Kyurem\n|-heal|p2a: Kyurem|100\/100\n|move|p1a: Torkoal|Toxic|p2a: Kyurem\n|-status|p2a: Kyurem|tox\n|\n|-weather|SunnyDay|[upkeep]\n|-damage|p2a: Kyurem|94\/100 tox|[from] psn\n|upkeep\n|turn|15\n|\n|t:|1701186387\n|switch|p1a: Landorus|Landorus-Therian, M|55\/100\n|-ability|p1a: Landorus|Intimidate|boost\n|-unboost|p2a: Kyurem|atk|1\n|move|p2a: Kyurem|Ice Beam|p1a: Landorus\n|-supereffective|p1a: Landorus\n|-damage|p1a: Landorus|0 fnt\n|faint|p1a: Landorus\n|-damage|p2a: Kyurem|84\/100 tox|[from] item: Life Orb\n|\n|-weather|SunnyDay|[upkeep]\n|-damage|p2a: Kyurem|72\/100 tox|[from] psn\n|upkeep\n|\n|t:|1701186396\n|switch|p1a: Victini|Victini|100\/100\n|turn|16\n|inactive|Ackesh has 120 seconds left.\n|inactive|Ackesh has 90 seconds left.\n|\n|t:|1701186459\n|switch|p2a: Heatran|Heatran, M|100\/100\n|-damage|p2a: Heatran|88\/100|[from] Stealth Rock\n|move|p1a: Victini|Bolt Strike|p2a: Heatran|[miss]\n|-miss|p1a: Victini|p2a: Heatran\n|\n|-weather|SunnyDay|[upkeep]\n|upkeep\n|turn|17\n|\n|t:|1701186465\n|move|p1a: Victini|Bolt Strike|p2a: Heatran\n|-damage|p2a: Heatran|35\/100\n|-status|p2a: Heatran|par\n|move|p2a: Heatran|Earth Power|p1a: Victini\n|-supereffective|p1a: Victini\n|-damage|p1a: Victini|0 fnt\n|faint|p1a: Victini\n|\n|-weather|SunnyDay|[upkeep]\n|upkeep\n|inactive|TheSunKing1 has 90 seconds left.\n|\n|t:|1701186473\n|switch|p1a: Heatran|Heatran, M|100\/100\n|turn|18\n|\n|t:|1701186481\n|move|p1a: Heatran|Earth Power|p2a: Heatran\n|-supereffective|p2a: Heatran\n|-damage|p2a: Heatran|0 fnt\n|faint|p2a: Heatran\n|\n|-weather|none\n|upkeep\n|\n|t:|1701186483\n|switch|p2a: Kyurem|Kyurem, tera:Ghost|72\/100 tox\n|-damage|p2a: Kyurem|60\/100 tox|[from] Stealth Rock\n|-ability|p2a: Kyurem|Pressure\n|turn|19\n|\n|t:|1701186502\n|move|p1a: Heatran|Earth Power|p2a: Kyurem\n|-damage|p2a: Kyurem|31\/100 tox\n|move|p2a: Kyurem|Roost|p2a: Kyurem\n|-heal|p2a: Kyurem|82\/100 tox\n|\n|-damage|p2a: Kyurem|75\/100 tox|[from] psn\n|upkeep\n|turn|20\n|\n|t:|1701186506\n|move|p1a: Heatran|Earth Power|p2a: Kyurem\n|-damage|p2a: Kyurem|46\/100 tox\n|move|p2a: Kyurem|Earth Power|p1a: Heatran\n|-supereffective|p1a: Heatran\n|-damage|p1a: Heatran|0 fnt\n|faint|p1a: Heatran\n|-damage|p2a: Kyurem|36\/100 tox|[from] item: Life Orb\n|\n|-damage|p2a: Kyurem|24\/100 tox|[from] psn\n|upkeep\n|\n|t:|1701186509\n|switch|p1a: Torkoal|Torkoal, M, tera:Fighting|63\/100\n|-weather|SunnyDay|[from] ability: Drought|[of] p1a: Torkoal\n|turn|21\n|\n|t:|1701186515\n|move|p2a: Kyurem|Ice Beam|p1a: Torkoal\n|-damage|p1a: Torkoal|7\/100\n|-damage|p2a: Kyurem|14\/100 tox|[from] item: Life Orb\n|move|p1a: Torkoal|Overheat|p2a: Kyurem\n|-damage|p2a: Kyurem|0 fnt\n|-unboost|p1a: Torkoal|spa|2\n|faint|p2a: Kyurem\n|\n|-weather|SunnyDay|[upkeep]\n|upkeep\n|\n|t:|1701186517\n|switch|p2a: Venusaur|Venusaur, M|41\/100\n|-damage|p2a: Venusaur|29\/100|[from] Stealth Rock\n|turn|22\n|\n|t:|1701186522\n|move|p2a: Venusaur|Giga Drain|p1a: Torkoal\n|-damage|p1a: Torkoal|0 fnt\n|-heal|p2a: Venusaur|33\/100|[from] drain|[of] p1a: Torkoal\n|faint|p1a: Torkoal\n|-damage|p2a: Venusaur|23\/100|[from] item: Life Orb\n|\n|-weather|SunnyDay|[upkeep]\n|upkeep\n|\n|t:|1701186524\n|switch|p1a: Leafeon|Leafeon, M|100\/100\n|turn|23\n|inactive|Ackesh has 120 seconds left.\n|\n|t:|1701186555\n|move|p1a: Leafeon|Knock Off|p2a: Venusaur\n|-damage|p2a: Venusaur|0 fnt\n|-enditem|p2a: Venusaur|Life Orb|[from] move: Knock Off|[of] p1a: Leafeon\n|faint|p2a: Venusaur\n|-damage|p1a: Leafeon|91\/100|[from] item: Life Orb\n|\n|win|TheSunKing1\n|raw|TheSunKing1's rating: 1763 &rarr; <strong>1780<\/strong><br \/>(+17 for winning)\n|raw|Ackesh's rating: 1704 &rarr; <strong>1687<\/strong><br \/>(-17 for losing)\n|l|\u2606Ackesh\n|j| NDSNEZ Garp\n|j| XXMurdrXX\n|l| NDSNEZ Garp\n|l| XXMurdrXX\n|j|+Wildfiree\n|j| Shushi-Bandit\n|j| OhioGozaimasen\n|j| NDSNEZ Garp\n|l| NDSNEZ Garp\n|l|+Wildfiree\n|l| Shushi-Bandit\n|l| OhioGozaimasen\n|j| XXMurdrXX\n","uploadtime":1701186571,"views":10,"p1id":"thesunking1","p2id":"ackesh","formatid":"gen9nationaldex","rating":1687,"private":0,"password":""}