{"id":"gen9nationaldex-1990447828","p1":"Levelup_yaman","p2":"Ridsson","format":"[Gen 9] National Dex","log":"|j|\u2606Levelup_yaman\n|j|\u2606Ridsson\n|t:|1699971901\n|gametype|singles\n|player|p1|Levelup_yaman|picnicker|1119\n|player|p2|Ridsson|kiawe|1105\n|teamsize|p1|6\n|teamsize|p2|6\n|gen|9\n|tier|[Gen 9] National Dex\n|rated|\n|rule|HP Percentage Mod: HP is shown in percentages\n|rule|Endless Battle Clause: Forcing endless battles is banned\n|rule|OHKO Clause: OHKO moves are banned\n|rule|Evasion Clause: Evasion abilities, items, and moves are banned\n|rule|Evasion Abilities Clause: Evasion abilities are banned\n|rule|Evasion Items Clause: Evasion items are banned\n|rule|Evasion Moves Clause: Evasion moves are banned\n|rule|Species Clause: Limit one of each Pok\u00e9mon\n|rule|Sleep Clause Mod: Limit one foe put to sleep\n|clearpoke\n|poke|p1|Swampert, M|\n|poke|p1|Swellow, M|\n|poke|p1|Torkoal, M|\n|poke|p1|Breloom, M|\n|poke|p1|Magnezone|\n|poke|p1|Dusknoir, F|\n|poke|p2|Quaquaval, M|\n|poke|p2|Raichu, F|\n|poke|p2|Musharna, M|\n|poke|p2|Nidoqueen, F|\n|poke|p2|Cryogonal|\n|poke|p2|Porygon-Z|\n|teampreview\n|inactive|Battle timer is ON: inactive players will automatically lose when time's up. (requested by Ridsson)\n|\n|t:|1699971916\n|start\n|switch|p1a: Breloom|Breloom, M|100\/100\n|switch|p2a: Cryogonal|Cryogonal|100\/100\n|turn|1\n|\n|t:|1699971924\n|switch|p2a: Nidoqueen|Nidoqueen, F|100\/100\n|move|p1a: Breloom|Close Combat|p2a: Nidoqueen\n|-resisted|p2a: Nidoqueen\n|-damage|p2a: Nidoqueen|68\/100\n|-unboost|p1a: Breloom|def|1\n|-unboost|p1a: Breloom|spd|1\n|-status|p1a: Breloom|psn|[from] ability: Poison Point|[of] p2a: Nidoqueen\n|\n|-heal|p2a: Nidoqueen|74\/100|[from] item: Leftovers\n|upkeep\n|turn|2\n|inactive|Levelup_yaman has 120 seconds left.\n|\n|t:|1699971955\n|switch|p1a: Swampert|Swampert, M|100\/100\n|move|p2a: Nidoqueen|Toxic Spikes|p1a: Swampert\n|-sidestart|p1: Levelup_yaman|move: Toxic Spikes\n|\n|-heal|p2a: Nidoqueen|80\/100|[from] item: Leftovers\n|upkeep\n|turn|3\n|\n|t:|1699971962\n|detailschange|p1a: Swampert|Swampert-Mega, M\n|-mega|p1a: Swampert|Swampert|Swampertite\n|move|p1a: Swampert|Ice Beam|p2a: Nidoqueen\n|-supereffective|p2a: Nidoqueen\n|-damage|p2a: Nidoqueen|36\/100\n|move|p2a: Nidoqueen|Dragon Tail|p1a: Swampert\n|-damage|p1a: Swampert|87\/100\n|drag|p1a: Magnezone|Magnezone|100\/100\n|-item|p1a: Magnezone|Air Balloon\n|\n|-heal|p2a: Nidoqueen|43\/100|[from] item: Leftovers\n|upkeep\n|turn|4\n|\n|t:|1699971972\n|move|p2a: Nidoqueen|Stealth Rock|p1a: Magnezone\n|-sidestart|p1: Levelup_yaman|move: Stealth Rock\n|move|p1a: Magnezone|Signal Beam|p2a: Nidoqueen\n|-resisted|p2a: Nidoqueen\n|-damage|p2a: Nidoqueen|27\/100\n|\n|-heal|p2a: Nidoqueen|34\/100|[from] item: Leftovers\n|upkeep\n|turn|5\n|\n|t:|1699971979\n|move|p1a: Magnezone|Tri Attack|p2a: Nidoqueen\n|-damage|p2a: Nidoqueen|3\/100\n|move|p2a: Nidoqueen|Dragon Tail|p1a: Magnezone\n|-resisted|p1a: Magnezone\n|-crit|p1a: Magnezone\n|-damage|p1a: Magnezone|89\/100\n|-enditem|p1a: Magnezone|Air Balloon\n|drag|p1a: Dusknoir|Dusknoir, F|100\/100\n|-status|p1a: Dusknoir|psn\n|-damage|p1a: Dusknoir|88\/100 psn|[from] Stealth Rock\n|-item|p2a: Nidoqueen|Leftovers|[from] ability: Frisk|[of] p1a: Dusknoir|[identify]\n|\n|-heal|p2a: Nidoqueen|9\/100|[from] item: Leftovers\n|-damage|p1a: Dusknoir|76\/100 psn|[from] psn\n|upkeep\n|turn|6\n|\n|t:|1699971987\n|move|p1a: Dusknoir|Shadow Sneak|p2a: Nidoqueen\n|-damage|p2a: Nidoqueen|0 fnt\n|faint|p2a: Nidoqueen\n|\n|-damage|p1a: Dusknoir|64\/100 psn|[from] psn\n|upkeep\n|\n|t:|1699971992\n|switch|p2a: Porygon-Z|Porygon-Z|100\/100\n|turn|7\n|\n|t:|1699972003\n|move|p1a: Dusknoir|Darkest Lariat|p2a: Porygon-Z\n|-damage|p2a: Porygon-Z|64\/100\n|move|p2a: Porygon-Z|Trick Room|p2a: Porygon-Z\n|-fieldstart|move: Trick Room|[of] p2a: Porygon-Z\n|\n|-damage|p1a: Dusknoir|52\/100 psn|[from] psn\n|upkeep\n|turn|8\n|\n|t:|1699972022\n|switch|p2a: Musharna|Musharna, M|100\/100\n|move|p1a: Dusknoir|Darkest Lariat|p2a: Musharna\n|-supereffective|p2a: Musharna\n|-damage|p2a: Musharna|49\/100\n|-enditem|p2a: Musharna|Weakness Policy\n|-boost|p2a: Musharna|atk|2|[from] item: Weakness Policy\n|-boost|p2a: Musharna|spa|2|[from] item: Weakness Policy\n|\n|-damage|p1a: Dusknoir|39\/100 psn|[from] psn\n|upkeep\n|turn|9\n|\n|t:|1699972032\n|move|p2a: Musharna|Stored Power|p1a: Dusknoir\n|-damage|p1a: Dusknoir|0 fnt\n|faint|p1a: Dusknoir\n|\n|upkeep\n|\n|t:|1699972036\n|switch|p1a: Swampert|Swampert-Mega, M|87\/100\n|-status|p1a: Swampert|psn\n|-damage|p1a: Swampert|80\/100 psn|[from] Stealth Rock\n|turn|10\n|\n|t:|1699972043\n|move|p2a: Musharna|Moonblast|p1a: Swampert\n|-damage|p1a: Swampert|35\/100 psn\n|move|p1a: Swampert|Earthquake|p2a: Musharna\n|-damage|p2a: Musharna|0 fnt\n|faint|p2a: Musharna\n|\n|-damage|p1a: Swampert|22\/100 psn|[from] psn\n|upkeep\n|\n|t:|1699972047\n|switch|p2a: Porygon-Z|Porygon-Z|64\/100\n|turn|11\n|\n|t:|1699972059\n|move|p1a: Swampert|Earthquake|p2a: Porygon-Z\n|-damage|p2a: Porygon-Z|0 fnt\n|faint|p2a: Porygon-Z\n|\n|-damage|p1a: Swampert|10\/100 psn|[from] psn\n|-fieldend|move: Trick Room\n|upkeep\n|\n|t:|1699972067\n|switch|p2a: Quaquaval|Quaquaval, M|100\/100\n|turn|12\n|\n|t:|1699972072\n|move|p2a: Quaquaval|Aqua Step|p1a: Swampert\n|-damage|p1a: Swampert|0 fnt\n|-boost|p2a: Quaquaval|spe|1\n|faint|p1a: Swampert\n|-ability|p2a: Quaquaval|Moxie|boost\n|-boost|p2a: Quaquaval|atk|1\n|\n|upkeep\n|\n|t:|1699972076\n|switch|p1a: Breloom|Breloom, M|100\/100 psn\n|-damage|p1a: Breloom|94\/100 psn|[from] Stealth Rock\n|turn|13\n|\n|t:|1699972081\n|-terastallize|p1a: Breloom|Grass\n|move|p2a: Quaquaval|Aqua Step|p1a: Breloom\n|-resisted|p1a: Breloom\n|-damage|p1a: Breloom|36\/100 psn\n|-boost|p2a: Quaquaval|spe|1\n|move|p1a: Breloom|Bullet Seed|p2a: Quaquaval\n|-supereffective|p2a: Quaquaval\n|-damage|p2a: Quaquaval|46\/100\n|-supereffective|p2a: Quaquaval\n|-damage|p2a: Quaquaval|0 fnt\n|faint|p2a: Quaquaval\n|-hitcount|p2: Quaquaval|2\n|\n|-heal|p1a: Breloom|48\/100 psn|[from] ability: Poison Heal\n|upkeep\n|\n|t:|1699972089\n|switch|p2a: Cryogonal|Cryogonal|100\/100\n|turn|14\n|\n|t:|1699972092\n|move|p2a: Cryogonal|Snowscape|p2a: Cryogonal\n|-weather|Snow\n|move|p1a: Breloom|Close Combat|p2a: Cryogonal\n|-supereffective|p2a: Cryogonal\n|-damage|p2a: Cryogonal|0 fnt\n|-unboost|p1a: Breloom|def|1\n|-unboost|p1a: Breloom|spd|1\n|faint|p2a: Cryogonal\n|\n|-weather|Snow|[upkeep]\n|-heal|p1a: Breloom|61\/100 psn|[from] ability: Poison Heal\n|upkeep\n|\n|t:|1699972097\n|switch|p2a: Raichu|Raichu, F|100\/100\n|turn|15\n|\n|t:|1699972104\n|move|p2a: Raichu|Nasty Plot|p2a: Raichu\n|-boost|p2a: Raichu|spa|2\n|move|p1a: Breloom|Rock Slide|p2a: Raichu\n|-damage|p2a: Raichu|35\/100\n|\n|-weather|Snow|[upkeep]\n|-heal|p1a: Breloom|73\/100 psn|[from] ability: Poison Heal\n|upkeep\n|turn|16\n|\n|t:|1699972112\n|move|p2a: Raichu|Discharge|p1a: Breloom\n|-resisted|p1a: Breloom\n|-damage|p1a: Breloom|0 fnt\n|faint|p1a: Breloom\n|-damage|p2a: Raichu|25\/100|[from] item: Life Orb\n|\n|-weather|Snow|[upkeep]\n|upkeep\n|\n|t:|1699972116\n|switch|p1a: Swellow|Swellow, M|100\/100\n|-damage|p1a: Swellow|76\/100|[from] Stealth Rock\n|turn|17\n|\n|t:|1699972120\n|move|p1a: Swellow|Facade|p2a: Raichu\n|-damage|p2a: Raichu|0 fnt\n|faint|p2a: Raichu\n|\n|win|Levelup_yaman\n|raw|Levelup_yaman's rating: 1119 &rarr; <strong>1143<\/strong><br \/>(+24 for winning)\n|raw|Ridsson's rating: 1105 &rarr; <strong>1081<\/strong><br \/>(-24 for losing)\n|l|\u2606Ridsson\n","uploadtime":1699972131,"views":3,"p1id":"levelupyaman","p2id":"ridsson","formatid":"gen9nationaldex","rating":1081,"private":0,"password":""}