{"id":"gen9nationaldex-1993110526","p1":"Pipobeure","p2":"Definitelynoexpert","format":"[Gen 9] National Dex","log":"|j|\u2606Pipobeure\n|j|\u2606Definitelynoexpert\n|inactive|Battle timer is ON: inactive players will automatically lose when time's up.\n|t:|1700265982\n|gametype|singles\n|player|p1|Pipobeure|riley|\n|player|p2|Definitelynoexpert|steven|\n|teamsize|p1|6\n|teamsize|p2|6\n|gen|9\n|tier|[Gen 9] National Dex\n|rated|Tournament battle\n|rule|HP Percentage Mod: HP is shown in percentages\n|rule|Endless Battle Clause: Forcing endless battles is banned\n|rule|OHKO Clause: OHKO moves are banned\n|rule|Evasion Clause: Evasion abilities, items, and moves are banned\n|rule|Evasion Abilities Clause: Evasion abilities are banned\n|rule|Evasion Items Clause: Evasion items are banned\n|rule|Evasion Moves Clause: Evasion moves are banned\n|rule|Species Clause: Limit one of each Pok\u00e9mon\n|rule|Sleep Clause Mod: Limit one foe put to sleep\n|clearpoke\n|poke|p1|Pelipper, M|\n|poke|p1|Greninja-*, M|\n|poke|p1|Swampert, M|\n|poke|p1|Ferrothorn, F|\n|poke|p1|Tapu Koko|\n|poke|p1|Sneasler, F|\n|poke|p2|Ting-Lu|\n|poke|p2|Pawmot, F|\n|poke|p2|Tapu Lele|\n|poke|p2|Alomomola, F|\n|poke|p2|Volcarona, F|\n|poke|p2|Latias, F|\n|teampreview\n|inactive|Pipobeure also wants the timer to be on.\n|\n|t:|1700265990\n|start\n|switch|p1a: Pelipper|Pelipper, M|100\/100\n|switch|p2a: Mega Unexpected|Latias, F|100\/100\n|-weather|RainDance|[from] ability: Drizzle|[of] p1a: Pelipper\n|turn|1\n|\n|t:|1700266018\n|switch|p1a: Ferrothorn|Ferrothorn, F|100\/100\n|detailschange|p2a: Mega Unexpected|Latias-Mega, F\n|-mega|p2a: Mega Unexpected|Latias|Latiasite\n|move|p2a: Mega Unexpected|Draco Meteor|p1a: Ferrothorn\n|-resisted|p1a: Ferrothorn\n|-damage|p1a: Ferrothorn|72\/100\n|-unboost|p2a: Mega Unexpected|spa|2\n|\n|-weather|RainDance|[upkeep]\n|upkeep\n|turn|2\n|\n|t:|1700266026\n|switch|p2a: 1000 steps|Pawmot, F|100\/100\n|move|p1a: Ferrothorn|Thunder Wave|p2a: 1000 steps\n|-immune|p2a: 1000 steps\n|\n|-weather|RainDance|[upkeep]\n|upkeep\n|turn|3\n|\n|t:|1700266032\n|switch|p1a: Swampert|Swampert, M|100\/100\n|move|p2a: 1000 steps|Close Combat|p1a: Swampert\n|-damage|p1a: Swampert|39\/100\n|-unboost|p2a: 1000 steps|def|1\n|-unboost|p2a: 1000 steps|spd|1\n|\n|-weather|RainDance|[upkeep]\n|upkeep\n|turn|4\n|\n|t:|1700266041\n|switch|p2a: Luvdisc Evolution|Alomomola, F|100\/100\n|detailschange|p1a: Swampert|Swampert-Mega, M\n|-mega|p1a: Swampert|Swampert|Swampertite\n|move|p1a: Swampert|Flip Turn|p2a: Luvdisc Evolution\n|-resisted|p2a: Luvdisc Evolution\n|-damage|p2a: Luvdisc Evolution|85\/100\n|\n|t:|1700266057\n|switch|p1a: Tapu Koko|Tapu Koko|100\/100|[from] Flip Turn\n|-fieldstart|move: Electric Terrain|[from] ability: Electric Surge|[of] p1a: Tapu Koko\n|\n|-weather|RainDance|[upkeep]\n|-heal|p2a: Luvdisc Evolution|92\/100|[from] item: Leftovers\n|upkeep\n|turn|5\n|inactive|Definitelynoexpert has 120 seconds left.\n|j| Nubbleslabob\n|\n|t:|1700266106\n|switch|p2a: Dark Moose Man|Ting-Lu|100\/100\n|-ability|p2a: Dark Moose Man|Vessel of Ruin\n|move|p1a: Tapu Koko|U-turn|p2a: Dark Moose Man\n|-supereffective|p2a: Dark Moose Man\n|-damage|p2a: Dark Moose Man|81\/100\n|\n|t:|1700266118\n|switch|p1a: Greninja|Greninja, M|100\/100|[from] U-turn\n|\n|-weather|RainDance|[upkeep]\n|-heal|p2a: Dark Moose Man|88\/100|[from] item: Leftovers\n|upkeep\n|turn|6\n|c|\u2606Definitelynoexpert|if tinglu dies ts over\n|\n|t:|1700266130\n|switch|p2a: Luvdisc Evolution|Alomomola, F|100\/100\n|move|p1a: Greninja|Surf|p2a: Luvdisc Evolution\n|-resisted|p2a: Luvdisc Evolution\n|-damage|p2a: Luvdisc Evolution|62\/100\n|\n|-weather|RainDance|[upkeep]\n|-heal|p2a: Luvdisc Evolution|68\/100|[from] item: Leftovers\n|upkeep\n|turn|7\n|inactive|Definitelynoexpert has 120 seconds left.\n|\n|t:|1700266137\n|move|p1a: Greninja|Surf|p2a: Luvdisc Evolution\n|-resisted|p2a: Luvdisc Evolution\n|-damage|p2a: Luvdisc Evolution|30\/100\n|move|p2a: Luvdisc Evolution|Toxic|p1a: Greninja\n|-status|p1a: Greninja|tox\n|\n|-weather|RainDance|[upkeep]\n|-heal|p2a: Luvdisc Evolution|36\/100|[from] item: Leftovers\n|-damage|p1a: Greninja|95\/100 tox|[from] psn\n|upkeep\n|turn|8\n|c|\u2606Definitelynoexpert|specs\n|\n|t:|1700266151\n|switch|p2a: Mega Unexpected|Latias-Mega, F|100\/100\n|move|p1a: Greninja|Surf|p2a: Mega Unexpected\n|-resisted|p2a: Mega Unexpected\n|-damage|p2a: Mega Unexpected|66\/100\n|\n|-weather|none\n|-damage|p1a: Greninja|83\/100 tox|[from] psn\n|-fieldend|move: Electric Terrain\n|upkeep\n|turn|9\n|\n|t:|1700266158\n|switch|p1a: Tapu Koko|Tapu Koko|100\/100\n|-fieldstart|move: Electric Terrain|[from] ability: Electric Surge|[of] p1a: Tapu Koko\n|move|p2a: Mega Unexpected|Energy Ball|p1a: Tapu Koko\n|-damage|p1a: Tapu Koko|47\/100\n|\n|upkeep\n|turn|10\n|\n|t:|1700266166\n|switch|p1a: Ferrothorn|Ferrothorn, F|72\/100\n|switch|p2a: Legendary|Volcarona, F|100\/100\n|\n|upkeep\n|turn|11\n|\n|t:|1700266171\n|switch|p1a: Pelipper|Pelipper, M|100\/100\n|-weather|RainDance|[from] ability: Drizzle|[of] p1a: Pelipper\n|move|p2a: Legendary|Fiery Dance|p1a: Pelipper\n|-resisted|p1a: Pelipper\n|-damage|p1a: Pelipper|86\/100\n|-boost|p2a: Legendary|spa|1\n|\n|-weather|RainDance|[upkeep]\n|upkeep\n|turn|12\n|l| Nubbleslabob\n|\n|t:|1700266180\n|-terastallize|p2a: Legendary|Water\n|move|p2a: Legendary|Quiver Dance|p2a: Legendary\n|-boost|p2a: Legendary|spa|1\n|-boost|p2a: Legendary|spd|1\n|-boost|p2a: Legendary|spe|1\n|move|p1a: Pelipper|U-turn|p2a: Legendary\n|-damage|p2a: Legendary|85\/100\n|\n|t:|1700266200\n|switch|p1a: Swampert|Swampert-Mega, M|39\/100|[from] U-turn\n|\n|-weather|RainDance|[upkeep]\n|upkeep\n|turn|13\n|c|\u2606Definitelynoexpert|I definitely do not have giga drain\n|\n|t:|1700266213\n|move|p1a: Swampert|Earthquake|p2a: Legendary\n|-damage|p2a: Legendary|0 fnt\n|faint|p2a: Legendary\n|\n|-weather|RainDance|[upkeep]\n|-fieldend|move: Electric Terrain\n|upkeep\n|c|\u2606Definitelynoexpert|bro fr?\n|c|\u2606Definitelynoexpert|shit one shot me?\n|\n|t:|1700266228\n|switch|p2a: Luvdisc Evolution|Alomomola, F|69\/100\n|turn|14\n|\n|t:|1700266235\n|switch|p2a: Mega Unexpected|Latias-Mega, F|66\/100\n|move|p1a: Swampert|Flip Turn|p2a: Mega Unexpected\n|-resisted|p2a: Mega Unexpected\n|-damage|p2a: Mega Unexpected|42\/100\n|\n|t:|1700266248\n|switch|p1a: Ferrothorn|Ferrothorn, F|72\/100|[from] Flip Turn\n|\n|-weather|RainDance|[upkeep]\n|upkeep\n|turn|15\n|c|\u2606Definitelynoexpert|man honestly swampert is the worst starter from hoenn\n|c|\u2606Definitelynoexpert|fuck that shit\n|c|\u2606Pipobeure|ahahah\n|inactive|Pipobeure has 120 seconds left.\n|\n|t:|1700266281\n|switch|p2a: 1000 steps|Pawmot, F|100\/100\n|move|p1a: Ferrothorn|Knock Off|p2a: 1000 steps\n|-resisted|p2a: 1000 steps\n|-damage|p2a: 1000 steps|83\/100\n|-enditem|p2a: 1000 steps|Leppa Berry|[from] move: Knock Off|[of] p1a: Ferrothorn\n|\n|-weather|RainDance|[upkeep]\n|upkeep\n|turn|16\n|n|!Definitelynoexpert|definitelynoexpert\n|inactive|Pipobeure has 120 seconds left.\n|\n|t:|1700266295\n|switch|p1a: Tapu Koko|Tapu Koko|47\/100\n|-fieldstart|move: Electric Terrain|[from] ability: Electric Surge|[of] p1a: Tapu Koko\n|move|p2a: 1000 steps|Close Combat|p1a: Tapu Koko\n|-resisted|p1a: Tapu Koko\n|-damage|p1a: Tapu Koko|4\/100\n|-unboost|p2a: 1000 steps|def|1\n|-unboost|p2a: 1000 steps|spd|1\n|\n|-weather|RainDance|[upkeep]\n|upkeep\n|turn|17\n|\n|t:|1700266302\n|switch|p2a: Independant Tapu|Tapu Lele|100\/100\n|-fieldstart|move: Psychic Terrain|[from] ability: Psychic Surge|[of] p2a: Independant Tapu\n|move|p1a: Tapu Koko|Roost|p1a: Tapu Koko\n|-heal|p1a: Tapu Koko|54\/100\n|-singleturn|p1a: Tapu Koko|move: Roost\n|\n|-weather|RainDance|[upkeep]\n|upkeep\n|turn|18\n|\n|t:|1700266316\n|move|p2a: Independant Tapu|Psychic|p1a: Tapu Koko\n|-damage|p1a: Tapu Koko|0 fnt\n|faint|p1a: Tapu Koko\n|\n|-weather|none\n|upkeep\n|\n|t:|1700266322\n|switch|p1a: Greninja|Greninja, M|83\/100 tox\n|turn|19\n|\n|t:|1700266337\n|switch|p2a: Luvdisc Evolution|Alomomola, F|100\/100\n|move|p1a: Greninja|U-turn|p2a: Luvdisc Evolution\n|-damage|p2a: Luvdisc Evolution|92\/100\n|\n|t:|1700266346\n|switch|p1a: Pelipper|Pelipper, M|86\/100|[from] U-turn\n|-weather|RainDance|[from] ability: Drizzle|[of] p1a: Pelipper\n|\n|-weather|RainDance|[upkeep]\n|-heal|p2a: Luvdisc Evolution|98\/100|[from] item: Leftovers\n|upkeep\n|turn|20\n|\n|t:|1700266357\n|move|p2a: Luvdisc Evolution|Toxic|p1a: Pelipper\n|-status|p1a: Pelipper|tox\n|move|p1a: Pelipper|Scald|p2a: Luvdisc Evolution\n|-resisted|p2a: Luvdisc Evolution\n|-damage|p2a: Luvdisc Evolution|81\/100\n|\n|-weather|RainDance|[upkeep]\n|-heal|p2a: Luvdisc Evolution|87\/100|[from] item: Leftovers\n|-damage|p1a: Pelipper|80\/100 tox|[from] psn\n|upkeep\n|turn|21\n|\n|t:|1700266362\n|move|p2a: Luvdisc Evolution|Knock Off|p1a: Pelipper\n|-damage|p1a: Pelipper|67\/100 tox\n|-enditem|p1a: Pelipper|Damp Rock|[from] move: Knock Off|[of] p2a: Luvdisc Evolution\n|move|p1a: Pelipper|U-turn|p2a: Luvdisc Evolution\n|-damage|p2a: Luvdisc Evolution|81\/100\n|\n|t:|1700266373\n|switch|p1a: Sneasler|Sneasler, F|100\/100|[from] U-turn\n|\n|-weather|RainDance|[upkeep]\n|-heal|p2a: Luvdisc Evolution|88\/100|[from] item: Leftovers\n|-fieldend|move: Psychic Terrain\n|upkeep\n|turn|22\n|\n|t:|1700266382\n|move|p1a: Sneasler|Dire Claw|p2a: Luvdisc Evolution\n|-damage|p2a: Luvdisc Evolution|58\/100\n|move|p2a: Luvdisc Evolution|Knock Off|p1a: Sneasler\n|-resisted|p1a: Sneasler\n|-damage|p1a: Sneasler|86\/100\n|-enditem|p1a: Sneasler|Electric Seed|[from] move: Knock Off|[of] p2a: Luvdisc Evolution\n|\n|-weather|RainDance|[upkeep]\n|-heal|p2a: Luvdisc Evolution|64\/100|[from] item: Leftovers\n|upkeep\n|turn|23\n|\n|t:|1700266392\n|switch|p2a: Dark Moose Man|Ting-Lu|88\/100\n|-ability|p2a: Dark Moose Man|Vessel of Ruin\n|move|p1a: Sneasler|Dire Claw|p2a: Dark Moose Man\n|-resisted|p2a: Dark Moose Man\n|-damage|p2a: Dark Moose Man|75\/100\n|-status|p2a: Dark Moose Man|par\n|\n|-weather|RainDance|[upkeep]\n|-heal|p2a: Dark Moose Man|82\/100 par|[from] item: Leftovers\n|upkeep\n|turn|24\n|inactive|Pipobeure has 120 seconds left.\n|\n|t:|1700266418\n|switch|p2a: Independant Tapu|Tapu Lele|100\/100\n|-fieldstart|move: Psychic Terrain|[from] ability: Psychic Surge|[of] p2a: Independant Tapu\n|-terastallize|p1a: Sneasler|Flying\n|move|p1a: Sneasler|Swords Dance|p1a: Sneasler\n|-boost|p1a: Sneasler|atk|2\n|\n|-weather|RainDance|[upkeep]\n|upkeep\n|turn|25\n|\n|t:|1700266429\n|move|p1a: Sneasler|Dire Claw|p2a: Independant Tapu\n|-supereffective|p2a: Independant Tapu\n|-damage|p2a: Independant Tapu|0 fnt\n|faint|p2a: Independant Tapu\n|\n|-weather|RainDance|[upkeep]\n|upkeep\n|c|\u2606Pipobeure|thx for the boos\n|c|\u2606Pipobeure|t*\n|\n|t:|1700266454\n|switch|p2a: Dark Moose Man|Ting-Lu|82\/100 par\n|-ability|p2a: Dark Moose Man|Vessel of Ruin\n|turn|26\n|\n|t:|1700266460\n|move|p1a: Sneasler|Close Combat|p2a: Dark Moose Man\n|-supereffective|p2a: Dark Moose Man\n|-damage|p2a: Dark Moose Man|0 fnt\n|-unboost|p1a: Sneasler|def|1\n|-unboost|p1a: Sneasler|spd|1\n|faint|p2a: Dark Moose Man\n|\n|-weather|none\n|upkeep\n|\n|t:|1700266473\n|switch|p2a: Luvdisc Evolution|Alomomola, F|97\/100\n|turn|27\n|\n|t:|1700266481\n|move|p1a: Sneasler|Close Combat|p2a: Luvdisc Evolution\n|-damage|p2a: Luvdisc Evolution|13\/100\n|-unboost|p1a: Sneasler|def|1\n|-unboost|p1a: Sneasler|spd|1\n|move|p2a: Luvdisc Evolution|Flip Turn|p1a: Sneasler\n|-damage|p1a: Sneasler|33\/100\n|\n|t:|1700266487\n|switch|p2a: Mega Unexpected|Latias-Mega, F|42\/100|[from] Flip Turn\n|\n|upkeep\n|turn|28\n|\n|t:|1700266493\n|move|p1a: Sneasler|Acrobatics|p2a: Mega Unexpected\n|-damage|p2a: Mega Unexpected|0 fnt\n|faint|p2a: Mega Unexpected\n|\n|-fieldend|move: Psychic Terrain\n|upkeep\n|\n|t:|1700266504\n|switch|p2a: 1000 steps|Pawmot, F|83\/100\n|turn|29\n|\n|t:|1700266508\n|move|p2a: 1000 steps|Fake Out|p1a: Sneasler\n|-damage|p1a: Sneasler|0 fnt\n|faint|p1a: Sneasler\n|\n|upkeep\n|\n|t:|1700266516\n|switch|p1a: Pelipper|Pelipper, M|67\/100 tox\n|-weather|RainDance|[from] ability: Drizzle|[of] p1a: Pelipper\n|turn|30\n|\n|t:|1700266521\n|switch|p1a: Ferrothorn|Ferrothorn, F|72\/100\n|move|p2a: 1000 steps|Nuzzle|p1a: Ferrothorn\n|-resisted|p1a: Ferrothorn\n|-damage|p1a: Ferrothorn|69\/100\n|-status|p1a: Ferrothorn|par\n|-damage|p2a: 1000 steps|71\/100|[from] ability: Iron Barbs|[of] p1a: Ferrothorn\n|\n|-weather|RainDance|[upkeep]\n|upkeep\n|turn|31\n|\n|t:|1700266543\n|move|p2a: 1000 steps|Revival Blessing|p2a: 1000 steps\n|\n|t:|1700266546\n|-heal|p2: Mega Unexpected|50\/100|[from] move: Revival Blessing\n|move|p1a: Ferrothorn|Spikes|p2a: 1000 steps\n|-sidestart|p2: Definitelynoexpert|Spikes\n|\n|-weather|RainDance|[upkeep]\n|upkeep\n|turn|32\n|\n|t:|1700266554\n|switch|p2a: Luvdisc Evolution|Alomomola, F|46\/100\n|-damage|p2a: Luvdisc Evolution|34\/100|[from] Spikes\n|move|p1a: Ferrothorn|Stealth Rock|p2a: Luvdisc Evolution\n|-sidestart|p2: Definitelynoexpert|move: Stealth Rock\n|\n|-weather|RainDance|[upkeep]\n|-heal|p2a: Luvdisc Evolution|40\/100|[from] item: Leftovers\n|upkeep\n|turn|33\n|\n|t:|1700266575\n|switch|p1a: Greninja|Greninja, M|83\/100 tox\n|move|p2a: Luvdisc Evolution|Wish|p2a: Luvdisc Evolution\n|\n|-weather|RainDance|[upkeep]\n|-heal|p2a: Luvdisc Evolution|46\/100|[from] item: Leftovers\n|-damage|p1a: Greninja|77\/100 tox|[from] psn\n|upkeep\n|turn|34\n|\n|t:|1700266589\n|move|p1a: Greninja|Dark Pulse|p2a: Luvdisc Evolution\n|-damage|p2a: Luvdisc Evolution|0 fnt\n|faint|p2a: Luvdisc Evolution\n|-ability|p1a: Greninja|Battle Bond|boost\n|-boost|p1a: Greninja|atk|1\n|-boost|p1a: Greninja|spa|1\n|-boost|p1a: Greninja|spe|1\n|-activate|p1a: Greninja|ability: Battle Bond\n|\n|-weather|none\n|-damage|p1a: Greninja|65\/100 tox|[from] psn\n|upkeep\n|\n|t:|1700266596\n|switch|p2a: 1000 steps|Pawmot, F|71\/100\n|-damage|p2a: 1000 steps|59\/100|[from] Spikes\n|-damage|p2a: 1000 steps|52\/100|[from] Stealth Rock\n|turn|35\n|\n|t:|1700266601\n|move|p2a: 1000 steps|Fake Out|p1a: Greninja\n|-damage|p1a: Greninja|44\/100 tox\n|cant|p1a: Greninja|flinch\n|\n|-damage|p1a: Greninja|26\/100 tox|[from] psn\n|upkeep\n|turn|36\n|\n|t:|1700266606\n|move|p1a: Greninja|Dark Pulse|p2a: 1000 steps\n|-resisted|p2a: 1000 steps\n|-damage|p2a: 1000 steps|0 fnt\n|faint|p2a: 1000 steps\n|\n|-damage|p1a: Greninja|2\/100 tox|[from] psn\n|upkeep\n|\n|t:|1700266609\n|switch|p2a: Mega Unexpected|Latias-Mega, F|50\/100\n|-damage|p2a: Mega Unexpected|38\/100|[from] Stealth Rock\n|turn|37\n|-message|Definitelynoexpert forfeited.\n|\n|win|Pipobeure\n","uploadtime":1700266284,"views":5,"p1id":"pipobeure","p2id":"definitelynoexpert","formatid":"gen9nationaldex","rating":0,"private":0,"password":""}