{"id":"gen9nationaldex-1993248313","p1":"fvv21","p2":"PossumJ","format":"[Gen 9] National Dex","log":"|j|\u2606fvv21\n|j|\u2606PossumJ\n|t:|1700283933\n|gametype|singles\n|player|p1|fvv21|fisherman-gen4|1350\n|player|p2|PossumJ|steven|1380\n|teamsize|p1|6\n|teamsize|p2|6\n|gen|9\n|tier|[Gen 9] National Dex\n|rated|\n|rule|HP Percentage Mod: HP is shown in percentages\n|rule|Endless Battle Clause: Forcing endless battles is banned\n|rule|OHKO Clause: OHKO moves are banned\n|rule|Evasion Clause: Evasion abilities, items, and moves are banned\n|rule|Evasion Abilities Clause: Evasion abilities are banned\n|rule|Evasion Items Clause: Evasion items are banned\n|rule|Evasion Moves Clause: Evasion moves are banned\n|rule|Species Clause: Limit one of each Pok\u00e9mon\n|rule|Sleep Clause Mod: Limit one foe put to sleep\n|clearpoke\n|poke|p1|Garchomp, M|\n|poke|p1|Mimikyu, M|\n|poke|p1|Ogerpon-Wellspring, F|\n|poke|p1|Iron Valiant|\n|poke|p1|Scizor, F|\n|poke|p1|Dragonite, F|\n|poke|p2|Venusaur, F|\n|poke|p2|Muk-Alola, M|\n|poke|p2|Iron Valiant|\n|poke|p2|Dragonite, M|\n|poke|p2|Lapras, M|\n|poke|p2|Scizor, F|\n|teampreview\n|\n|t:|1700283946\n|start\n|switch|p1a: Dragonite|Dragonite, F|100\/100\n|switch|p2a: Lapras|Lapras, M|100\/100\n|turn|1\n|\n|t:|1700283958\n|switch|p1a: Scizor|Scizor, F, shiny|100\/100\n|move|p2a: Lapras|Freeze-Dry|p1a: Scizor\n|-resisted|p1a: Scizor\n|-damage|p1a: Scizor|83\/100\n|\n|upkeep\n|turn|2\n|inactive|Battle timer is ON: inactive players will automatically lose when time's up. (requested by fvv21)\n|\n|t:|1700283999\n|switch|p2a: Dragonite|Dragonite, M|100\/100\n|detailschange|p1a: Scizor|Scizor-Mega, F, shiny\n|-mega|p1a: Scizor|Scizor|Scizorite\n|move|p1a: Scizor|Swords Dance|p1a: Scizor\n|-boost|p1a: Scizor|atk|2\n|\n|upkeep\n|turn|3\n|\n|t:|1700284023\n|move|p1a: Scizor|Bullet Punch|p2a: Dragonite\n|-damage|p2a: Dragonite|63\/100\n|-damage|p1a: Scizor|66\/100|[from] item: Rocky Helmet|[of] p2a: Dragonite\n|move|p2a: Dragonite|Encore|p1a: Scizor\n|-start|p1a: Scizor|Encore\n|\n|upkeep\n|turn|4\n|\n|t:|1700284030\n|move|p1a: Scizor|Bullet Punch|p2a: Dragonite\n|-damage|p2a: Dragonite|0 fnt\n|-damage|p1a: Scizor|49\/100|[from] item: Rocky Helmet|[of] p2a: Dragonite\n|faint|p2a: Dragonite\n|\n|upkeep\n|\n|t:|1700284037\n|switch|p2a: Scizor|Scizor, F|100\/100\n|turn|5\n|\n|t:|1700284041\n|switch|p1a: Dragonite|Dragonite, F|100\/100\n|-terastallize|p2a: Scizor|Fire\n|move|p2a: Scizor|Tera Blast|p1a: Dragonite|[anim] Tera Blast Fire\n|-resisted|p1a: Dragonite\n|-damage|p1a: Dragonite|83\/100\n|\n|upkeep\n|turn|6\n|\n|t:|1700284051\n|move|p2a: Scizor|Trailblaze|p1a: Dragonite\n|-resisted|p1a: Dragonite\n|-damage|p1a: Dragonite|78\/100\n|-boost|p2a: Scizor|spe|1\n|move|p1a: Dragonite|Earthquake|p2a: Scizor\n|-supereffective|p2a: Scizor\n|-damage|p2a: Scizor|0 fnt\n|faint|p2a: Scizor\n|\n|upkeep\n|\n|t:|1700284061\n|switch|p2a: Iron Valiant|Iron Valiant, shiny|100\/100\n|turn|7\n|\n|t:|1700284069\n|switch|p1a: Scizor|Scizor-Mega, F, shiny|49\/100\n|move|p2a: Iron Valiant|Moonblast|p1a: Scizor\n|-resisted|p1a: Scizor\n|-damage|p1a: Scizor|27\/100\n|\n|upkeep\n|turn|8\n|\n|t:|1700284076\n|move|p2a: Iron Valiant|Aura Sphere|p1a: Scizor\n|-damage|p1a: Scizor|0 fnt\n|faint|p1a: Scizor\n|\n|upkeep\n|\n|t:|1700284088\n|switch|p1a: Iron Valiant|Iron Valiant|100\/100\n|-enditem|p1a: Iron Valiant|Booster Energy\n|-activate|p1a: Iron Valiant|ability: Quark Drive|[fromitem]\n|-start|p1a: Iron Valiant|quarkdrivespe\n|turn|9\n|\n|t:|1700284093\n|move|p1a: Iron Valiant|Moonblast|p2a: Iron Valiant\n|-supereffective|p2a: Iron Valiant\n|-enditem|p2a: Iron Valiant|Focus Sash\n|-damage|p2a: Iron Valiant|1\/100\n|move|p2a: Iron Valiant|Moonblast|p1a: Iron Valiant\n|-supereffective|p1a: Iron Valiant\n|-damage|p1a: Iron Valiant|0 fnt\n|faint|p1a: Iron Valiant\n|-end|p1a: Iron Valiant|Quark Drive|[silent]\n|\n|upkeep\n|\n|t:|1700284104\n|switch|p1a: Dragonite|Dragonite, F|78\/100\n|turn|10\n|\n|t:|1700284108\n|-end|p2a: Iron Valiant|Quark Drive|[silent]\n|switch|p2a: Muk|Muk-Alola, M|100\/100\n|move|p1a: Dragonite|Extreme Speed|p2a: Muk\n|-damage|p2a: Muk|60\/100\n|\n|upkeep\n|turn|11\n|\n|t:|1700284118\n|switch|p1a: Garchomp|Garchomp, M|100\/100\n|move|p2a: Muk|Knock Off|p1a: Garchomp\n|-damage|p1a: Garchomp|69\/100\n|-damage|p2a: Muk|47\/100|[from] ability: Rough Skin|[of] p1a: Garchomp\n|\n|upkeep\n|turn|12\n|\n|t:|1700284127\n|move|p2a: Muk|Shadow Sneak|p1a: Garchomp\n|-damage|p1a: Garchomp|56\/100\n|-damage|p2a: Muk|35\/100|[from] ability: Rough Skin|[of] p1a: Garchomp\n|move|p1a: Garchomp|Stealth Rock|p2a: Muk\n|-sidestart|p2: PossumJ|move: Stealth Rock\n|\n|upkeep\n|turn|13\n|\n|t:|1700284135\n|move|p2a: Muk|Shadow Sneak|p1a: Garchomp\n|-damage|p1a: Garchomp|45\/100\n|-damage|p2a: Muk|22\/100|[from] ability: Rough Skin|[of] p1a: Garchomp\n|-status|p1a: Garchomp|psn|[from] ability: Poison Touch|[of] p2a: Muk\n|move|p1a: Garchomp|Swords Dance|p1a: Garchomp\n|-boost|p1a: Garchomp|atk|2\n|\n|-damage|p1a: Garchomp|32\/100 psn|[from] psn\n|upkeep\n|turn|14\n|\n|t:|1700284146\n|move|p2a: Muk|Shadow Sneak|p1a: Garchomp\n|-damage|p1a: Garchomp|21\/100 psn\n|-damage|p2a: Muk|10\/100|[from] ability: Rough Skin|[of] p1a: Garchomp\n|move|p1a: Garchomp|Earthquake|p2a: Muk\n|-supereffective|p2a: Muk\n|-damage|p2a: Muk|0 fnt\n|faint|p2a: Muk\n|\n|-damage|p1a: Garchomp|9\/100 psn|[from] psn\n|upkeep\n|\n|t:|1700284157\n|switch|p2a: Iron Valiant|Iron Valiant, shiny|1\/100\n|-damage|p2a: Iron Valiant|0 fnt|[from] Stealth Rock\n|faint|p2a: Iron Valiant\n|-end|p2a: Iron Valiant|Quark Drive|[silent]\n|\n|t:|1700284164\n|switch|p2a: Lapras|Lapras, M|100\/100\n|-damage|p2a: Lapras|76\/100|[from] Stealth Rock\n|turn|15\n|\n|t:|1700284172\n|move|p2a: Lapras|Ice Shard|p1a: Garchomp\n|-supereffective|p1a: Garchomp\n|-damage|p1a: Garchomp|0 fnt\n|faint|p1a: Garchomp\n|\n|-heal|p2a: Lapras|82\/100|[from] item: Leftovers\n|upkeep\n|\n|t:|1700284185\n|switch|p1a: Mimikyu|Mimikyu, M|100\/100\n|turn|16\n|\n|t:|1700284191\n|move|p2a: Lapras|Ice Shard|p1a: Mimikyu\n|-activate|p1a: Mimikyu|ability: Disguise\n|-damage|p1a: Mimikyu|100\/100\n|detailschange|p1a: Mimikyu|Mimikyu-Busted, M\n|-damage|p1a: Mimikyu|88\/100|[from] pokemon: Mimikyu-Busted\n|-enditem|p1a: Mimikyu|Red Card|[of] p2a: Lapras\n|drag|p2a: Venusaur|Venusaur, F|100\/100\n|-damage|p2a: Venusaur|88\/100|[from] Stealth Rock\n|move|p1a: Mimikyu|Substitute|p1a: Mimikyu\n|-start|p1a: Mimikyu|Substitute\n|-damage|p1a: Mimikyu|63\/100\n|\n|upkeep\n|turn|17\n|\n|t:|1700284203\n|detailschange|p2a: Venusaur|Venusaur-Mega, F\n|-mega|p2a: Venusaur|Venusaur|Venusaurite\n|move|p1a: Mimikyu|Swords Dance|p1a: Mimikyu\n|-boost|p1a: Mimikyu|atk|2\n|move|p2a: Venusaur|Giga Drain|p1a: Mimikyu\n|-end|p1a: Mimikyu|Substitute\n|-heal|p2a: Venusaur|97\/100|[from] drain|[of] p1a: Mimikyu\n|\n|upkeep\n|turn|18\n|\n|t:|1700284224\n|move|p1a: Mimikyu|Shadow Sneak|p2a: Venusaur\n|-damage|p2a: Venusaur|74\/100\n|move|p2a: Venusaur|Giga Drain|p1a: Mimikyu\n|-damage|p1a: Mimikyu|22\/100\n|-heal|p2a: Venusaur|89\/100|[from] drain|[of] p1a: Mimikyu\n|\n|upkeep\n|turn|19\n|\n|t:|1700284231\n|move|p1a: Mimikyu|Shadow Sneak|p2a: Venusaur\n|-damage|p2a: Venusaur|66\/100\n|move|p2a: Venusaur|Giga Drain|p1a: Mimikyu\n|-damage|p1a: Mimikyu|0 fnt\n|-heal|p2a: Venusaur|73\/100|[from] drain|[of] p1a: Mimikyu\n|faint|p1a: Mimikyu\n|\n|upkeep\n|\n|t:|1700284235\n|switch|p1a: Dragonite|Dragonite, F|78\/100\n|turn|20\n|\n|t:|1700284241\n|move|p1a: Dragonite|Extreme Speed|p2a: Venusaur\n|-crit|p2a: Venusaur\n|-damage|p2a: Venusaur|25\/100\n|move|p2a: Venusaur|Sleep Powder|p1a: Dragonite\n|-status|p1a: Dragonite|slp|[from] move: Sleep Powder\n|\n|upkeep\n|turn|21\n|\n|t:|1700284251\n|cant|p1a: Dragonite|slp\n|move|p2a: Venusaur|Leech Seed|p1a: Dragonite\n|-start|p1a: Dragonite|move: Leech Seed\n|\n|-damage|p1a: Dragonite|65\/100 slp|[from] Leech Seed|[of] p2a: Venusaur\n|-heal|p2a: Venusaur|38\/100|[silent]\n|upkeep\n|turn|22\n|\n|t:|1700284259\n|switch|p2a: Lapras|Lapras, M|82\/100\n|-damage|p2a: Lapras|57\/100|[from] Stealth Rock\n|cant|p1a: Dragonite|slp\n|\n|-heal|p2a: Lapras|63\/100|[from] item: Leftovers\n|-damage|p1a: Dragonite|53\/100 slp|[from] Leech Seed|[of] p2a: Lapras\n|-heal|p2a: Lapras|75\/100|[silent]\n|upkeep\n|turn|23\n|\n|t:|1700284270\n|switch|p1a: Ogerpon|Ogerpon-Wellspring, F|100\/100\n|move|p2a: Lapras|Freeze-Dry|p1a: Ogerpon\n|-supereffective|p1a: Ogerpon\n|-damage|p1a: Ogerpon|0 fnt\n|faint|p1a: Ogerpon\n|\n|-heal|p2a: Lapras|81\/100|[from] item: Leftovers\n|upkeep\n|\n|t:|1700284272\n|switch|p1a: Dragonite|Dragonite, F|53\/100 slp\n|turn|24\n|\n|t:|1700284282\n|-terastallize|p1a: Dragonite|Steel\n|-curestatus|p1a: Dragonite|slp|[msg]\n|move|p1a: Dragonite|Extreme Speed|p2a: Lapras\n|-damage|p2a: Lapras|36\/100\n|move|p2a: Lapras|Freeze-Dry|p1a: Dragonite\n|-resisted|p1a: Dragonite\n|-damage|p1a: Dragonite|39\/100\n|\n|-heal|p2a: Lapras|43\/100|[from] item: Leftovers\n|upkeep\n|turn|25\n|\n|t:|1700284294\n|move|p1a: Dragonite|Extreme Speed|p2a: Lapras\n|-damage|p2a: Lapras|4\/100\n|move|p2a: Lapras|Sparkling Aria|p1a: Dragonite\n|-damage|p1a: Dragonite|3\/100\n|\n|-heal|p2a: Lapras|10\/100|[from] item: Leftovers\n|upkeep\n|turn|26\n|\n|t:|1700284303\n|move|p1a: Dragonite|Extreme Speed|p2a: Lapras\n|-damage|p2a: Lapras|0 fnt\n|faint|p2a: Lapras\n|\n|upkeep\n|\n|t:|1700284308\n|switch|p2a: Venusaur|Venusaur-Mega, F|38\/100\n|-damage|p2a: Venusaur|25\/100|[from] Stealth Rock\n|turn|27\n|\n|t:|1700284313\n|move|p1a: Dragonite|Extreme Speed|p2a: Venusaur\n|-damage|p2a: Venusaur|0 fnt\n|faint|p2a: Venusaur\n|\n|win|fvv21\n|raw|fvv21's rating: 1350 &rarr; <strong>1372<\/strong><br \/>(+22 for winning)\n|raw|PossumJ's rating: 1380 &rarr; <strong>1358<\/strong><br \/>(-22 for losing)\n|l|\u2606PossumJ\n","uploadtime":1700284324,"views":10,"p1id":"fvv21","p2id":"possumj","formatid":"gen9nationaldex","rating":1358,"private":0,"password":""}