{"id":"gen9nationaldex-1996019361","p1":"FlyingSudowoodo","p2":"arknightshining","format":"[Gen 9] National Dex","log":"|html|<div class=\"broadcast-blue\"><strong>[Gen 9] National Dex is currently suspecting Sneasler! For information on how to participate check out the <a href=\"https:\/\/www.smogon.com\/forums\/threads\/sv-national-dex-suspect-8-just-dance.3731534\/\">suspect thread<\/a>.<\/strong><\/div>\n|j|\u2606FlyingSudowoodo\n|j|\u2606arknightshining\n|t:|1700630292\n|gametype|singles\n|player|p1|FlyingSudowoodo|brock|1472\n|player|p2|arknightshining|roxie|1524\n|teamsize|p1|6\n|teamsize|p2|6\n|gen|9\n|tier|[Gen 9] National Dex\n|rated|\n|rule|HP Percentage Mod: HP is shown in percentages\n|rule|Endless Battle Clause: Forcing endless battles is banned\n|rule|OHKO Clause: OHKO moves are banned\n|rule|Evasion Clause: Evasion abilities, items, and moves are banned\n|rule|Evasion Abilities Clause: Evasion abilities are banned\n|rule|Evasion Items Clause: Evasion items are banned\n|rule|Evasion Moves Clause: Evasion moves are banned\n|rule|Species Clause: Limit one of each Pok\u00e9mon\n|rule|Sleep Clause Mod: Limit one foe put to sleep\n|clearpoke\n|poke|p1|Medicham, F|\n|poke|p1|Alomomola, F|\n|poke|p1|Clodsire, M|\n|poke|p1|Glimmora, M|\n|poke|p1|Tapu Lele|\n|poke|p1|Hawlucha, F|\n|poke|p2|Charizard, M|\n|poke|p2|Great Tusk|\n|poke|p2|Kartana|\n|poke|p2|Ogerpon-Wellspring, F|\n|poke|p2|Moltres-Galar|\n|poke|p2|Salamence, M|\n|teampreview\n|inactive|Battle timer is ON: inactive players will automatically lose when time's up. (requested by arknightshining)\n|\n|t:|1700630303\n|start\n|switch|p1a: Tapu Lele|Tapu Lele|100\/100\n|switch|p2a: Salamence|Salamence, M|100\/100\n|-fieldstart|move: Psychic Terrain|[from] ability: Psychic Surge|[of] p1a: Tapu Lele\n|turn|1\n|\n|t:|1700630323\n|move|p1a: Tapu Lele|Moonblast|p2a: Salamence\n|-supereffective|p2a: Salamence\n|-damage|p2a: Salamence|0 fnt\n|faint|p2a: Salamence\n|\n|upkeep\n|\n|t:|1700630329\n|switch|p2a: Kartana|Kartana|100\/100\n|turn|2\n|\n|t:|1700630347\n|switch|p1a: Glimmora|Glimmora, M|100\/100\n|-item|p1a: Glimmora|Air Balloon\n|move|p2a: Kartana|Smart Strike|p1a: Glimmora\n|-supereffective|p1a: Glimmora\n|-damage|p1a: Glimmora|0 fnt\n|-activate|p1a: Glimmora|ability: Toxic Debris\n|-sidestart|p2: arknightshining|move: Toxic Spikes\n|-enditem|p1a: Glimmora|Air Balloon\n|faint|p1a: Glimmora\n|-ability|p2a: Kartana|Beast Boost|boost\n|-boost|p2a: Kartana|atk|1\n|\n|upkeep\n|\n|t:|1700630366\n|switch|p1a: Clodsire|Clodsire, M|100\/100\n|turn|3\n|\n|t:|1700630373\n|move|p2a: Kartana|Knock Off|p1a: Clodsire\n|-damage|p1a: Clodsire|45\/100\n|-enditem|p1a: Clodsire|Leftovers|[from] move: Knock Off|[of] p2a: Kartana\n|move|p1a: Clodsire|Earthquake|p2a: Kartana\n|-damage|p2a: Kartana|74\/100\n|\n|upkeep\n|turn|4\n|\n|t:|1700630382\n|move|p2a: Kartana|Sacred Sword|p1a: Clodsire\n|-resisted|p1a: Clodsire\n|-damage|p1a: Clodsire|19\/100\n|move|p1a: Clodsire|Recover|p1a: Clodsire\n|-heal|p1a: Clodsire|69\/100\n|\n|upkeep\n|turn|5\n|\n|t:|1700630391\n|move|p2a: Kartana|Knock Off|p1a: Clodsire\n|-damage|p1a: Clodsire|31\/100\n|move|p1a: Clodsire|Stealth Rock|p2a: Kartana\n|-sidestart|p2: arknightshining|move: Stealth Rock\n|\n|-fieldend|move: Psychic Terrain\n|upkeep\n|turn|6\n|\n|t:|1700630399\n|move|p2a: Kartana|Knock Off|p1a: Clodsire\n|-damage|p1a: Clodsire|0 fnt\n|faint|p1a: Clodsire\n|-ability|p2a: Kartana|Beast Boost|boost\n|-boost|p2a: Kartana|atk|1\n|\n|upkeep\n|\n|t:|1700630406\n|switch|p1a: Tapu Lele|Tapu Lele|100\/100\n|-fieldstart|move: Psychic Terrain|[from] ability: Psychic Surge|[of] p1a: Tapu Lele\n|turn|7\n|\n|t:|1700630410\n|move|p1a: Tapu Lele|Psychic|p2a: Kartana\n|-resisted|p2a: Kartana\n|-damage|p2a: Kartana|0 fnt\n|faint|p2a: Kartana\n|\n|upkeep\n|\n|t:|1700630419\n|switch|p2a: Great Tusk|Great Tusk|100\/100\n|-status|p2a: Great Tusk|psn\n|-damage|p2a: Great Tusk|98\/100 psn|[from] Stealth Rock\n|turn|8\n|\n|t:|1700630424\n|-terastallize|p2a: Great Tusk|Water\n|move|p1a: Tapu Lele|Psychic|p2a: Great Tusk\n|-damage|p2a: Great Tusk|14\/100 psn\n|move|p2a: Great Tusk|Rapid Spin|p1a: Tapu Lele\n|-damage|p1a: Tapu Lele|79\/100\n|-boost|p2a: Great Tusk|spe|1\n|-sideend|p2: arknightshining|Toxic Spikes|[from] move: Rapid Spin|[of] p2a: Great Tusk\n|-sideend|p2: arknightshining|Stealth Rock|[from] move: Rapid Spin|[of] p2a: Great Tusk\n|\n|-damage|p2a: Great Tusk|1\/100 psn|[from] psn\n|upkeep\n|turn|9\n|\n|t:|1700630434\n|move|p1a: Tapu Lele|Psychic|p2a: Great Tusk\n|-damage|p2a: Great Tusk|0 fnt\n|faint|p2a: Great Tusk\n|-end|p2a: Great Tusk|Protosynthesis|[silent]\n|\n|upkeep\n|\n|t:|1700630439\n|switch|p2a: Ogerpon|Ogerpon-Wellspring, F|100\/100\n|turn|10\n|\n|t:|1700630442\n|-terastallize|p1a: Tapu Lele|Psychic\n|move|p1a: Tapu Lele|Psychic|p2a: Ogerpon\n|-damage|p2a: Ogerpon|11\/100\n|move|p2a: Ogerpon|Swords Dance|p2a: Ogerpon\n|-boost|p2a: Ogerpon|atk|2\n|\n|upkeep\n|turn|11\n|\n|t:|1700630448\n|move|p1a: Tapu Lele|Psychic|p2a: Ogerpon\n|-damage|p2a: Ogerpon|0 fnt\n|faint|p2a: Ogerpon\n|\n|-fieldend|move: Psychic Terrain\n|upkeep\n|\n|t:|1700630455\n|switch|p2a: Moltres|Moltres-Galar, shiny|100\/100\n|turn|12\n|\n|t:|1700630462\n|switch|p1a: Alomomola|Alomomola, F|100\/100\n|move|p2a: Moltres|Agility|p2a: Moltres\n|-boost|p2a: Moltres|spe|2\n|\n|upkeep\n|turn|13\n|\n|t:|1700630469\n|move|p2a: Moltres|Nasty Plot|p2a: Moltres\n|-boost|p2a: Moltres|spa|2\n|move|p1a: Alomomola|Toxic|p2a: Moltres\n|-status|p2a: Moltres|tox\n|\n|-damage|p2a: Moltres|94\/100 tox|[from] psn\n|upkeep\n|turn|14\n|\n|t:|1700630477\n|move|p2a: Moltres|Nasty Plot|p2a: Moltres\n|-boost|p2a: Moltres|spa|2\n|move|p1a: Alomomola|Flip Turn|p2a: Moltres\n|-damage|p2a: Moltres|77\/100 tox\n|\n|t:|1700630482\n|switch|p1a: Medicham|Medicham, F|100\/100|[from] Flip Turn\n|\n|-damage|p2a: Moltres|64\/100 tox|[from] psn\n|upkeep\n|turn|15\n|\n|t:|1700630492\n|detailschange|p1a: Medicham|Medicham-Mega, F\n|-mega|p1a: Medicham|Medicham|Medichamite\n|move|p1a: Medicham|Fake Out|p2a: Moltres\n|-damage|p2a: Moltres|37\/100 tox\n|-ability|p2a: Moltres|Berserk|boost\n|-boost|p2a: Moltres|spa|1\n|cant|p2a: Moltres|flinch\n|\n|-damage|p2a: Moltres|19\/100 tox|[from] psn\n|upkeep\n|turn|16\n|\n|t:|1700630500\n|move|p1a: Medicham|Bullet Punch|p2a: Moltres\n|-damage|p2a: Moltres|0 fnt\n|faint|p2a: Moltres\n|\n|upkeep\n|\n|t:|1700630504\n|switch|p2a: Charizard|Charizard, M|100\/100\n|turn|17\n|\n|t:|1700630507\n|detailschange|p2a: Charizard|Charizard-Mega-X, M\n|-mega|p2a: Charizard|Charizard|Charizardite X\n|move|p1a: Medicham|Zen Headbutt|p2a: Charizard\n|-damage|p2a: Charizard|30\/100\n|move|p2a: Charizard|Dragon Dance|p2a: Charizard\n|-boost|p2a: Charizard|atk|1\n|-boost|p2a: Charizard|spe|1\n|\n|upkeep\n|turn|18\n|\n|t:|1700630518\n|switch|p1a: Alomomola|Alomomola, F|100\/100\n|move|p2a: Charizard|Dragon Claw|p1a: Alomomola\n|-damage|p1a: Alomomola|45\/100\n|\n|upkeep\n|turn|19\n|\n|t:|1700630524\n|move|p2a: Charizard|Dragon Dance|p2a: Charizard\n|-boost|p2a: Charizard|atk|1\n|-boost|p2a: Charizard|spe|1\n|move|p1a: Alomomola|Flip Turn|p2a: Charizard\n|-damage|p2a: Charizard|13\/100\n|\n|t:|1700630531\n|switch|p1a: Medicham|Medicham-Mega, F|100\/100|[from] Flip Turn\n|\n|upkeep\n|turn|20\n|\n|t:|1700630535\n|move|p1a: Medicham|Fake Out|p2a: Charizard\n|-damage|p2a: Charizard|0 fnt\n|faint|p2a: Charizard\n|\n|win|FlyingSudowoodo\n|raw|FlyingSudowoodo's rating: 1472 &rarr; <strong>1495<\/strong><br \/>(+23 for winning)\n|raw|arknightshining's rating: 1524 &rarr; <strong>1501<\/strong><br \/>(-23 for losing)\n","uploadtime":1700630542,"views":0,"p1id":"flyingsudowoodo","p2id":"arknightshining","formatid":"gen9nationaldex","rating":1495,"private":0,"password":""}