{"id":"gen9nationaldex-1996828299","p1":"zoxii","p2":"AntonyJ0666","format":"[Gen 9] National Dex","log":"|html|<div class=\"broadcast-blue\"><strong>[Gen 9] National Dex is currently suspecting Sneasler! For information on how to participate check out the <a href=\"https:\/\/www.smogon.com\/forums\/threads\/sv-national-dex-suspect-8-just-dance.3731534\/\">suspect thread<\/a>.<\/strong><\/div>\n|j|\u2606zoxii\n|j|\u2606AntonyJ0666\n|t:|1700731871\n|gametype|singles\n|player|p1|zoxii|lillie|1118\n|player|p2|AntonyJ0666|cynthia|1217\n|teamsize|p1|6\n|teamsize|p2|6\n|gen|9\n|tier|[Gen 9] National Dex\n|rated|\n|rule|HP Percentage Mod: HP is shown in percentages\n|rule|Endless Battle Clause: Forcing endless battles is banned\n|rule|OHKO Clause: OHKO moves are banned\n|rule|Evasion Clause: Evasion abilities, items, and moves are banned\n|rule|Evasion Abilities Clause: Evasion abilities are banned\n|rule|Evasion Items Clause: Evasion items are banned\n|rule|Evasion Moves Clause: Evasion moves are banned\n|rule|Species Clause: Limit one of each Pok\u00e9mon\n|rule|Sleep Clause Mod: Limit one foe put to sleep\n|clearpoke\n|poke|p1|Miltank, F|\n|poke|p1|Buzzwole|\n|poke|p1|Mudsdale, M|\n|poke|p1|Sylveon, M|\n|poke|p1|Bisharp, M|\n|poke|p1|Thundurus-Therian, M|\n|poke|p2|Hippowdon, F|\n|poke|p2|Garchomp, F|\n|poke|p2|Excadrill, F|\n|poke|p2|Landorus-Therian, M|\n|poke|p2|Mamoswine, F|\n|poke|p2|Gastrodon, M|\n|teampreview\n|inactive|Battle timer is ON: inactive players will automatically lose when time's up. (requested by AntonyJ0666)\n|\n|t:|1700731897\n|start\n|switch|p1a: Miltank|Miltank, F|100\/100\n|switch|p2a: Landorus|Landorus-Therian, M|100\/100\n|-ability|p2a: Landorus|Intimidate|boost\n|-fail|p1a: Miltank|unboost|Attack|[from] ability: Scrappy|[of] p1a: Miltank\n|turn|1\n|\n|t:|1700731910\n|move|p1a: Miltank|Stealth Rock|p2a: Landorus\n|-sidestart|p2: AntonyJ0666|move: Stealth Rock\n|move|p2a: Landorus|Substitute|p2a: Landorus\n|-start|p2a: Landorus|Substitute\n|-damage|p2a: Landorus|76\/100\n|\n|-heal|p2a: Landorus|82\/100|[from] item: Leftovers\n|upkeep\n|turn|2\n|\n|t:|1700731920\n|move|p1a: Miltank|Body Slam|p2a: Landorus\n|-activate|p2a: Landorus|move: Substitute|[damage]\n|move|p2a: Landorus|Gravity|p2a: Landorus\n|-fieldstart|move: Gravity\n|\n|-heal|p2a: Landorus|88\/100|[from] item: Leftovers\n|upkeep\n|turn|3\n|\n|t:|1700731928\n|move|p1a: Miltank|Body Slam|p2a: Landorus\n|-end|p2a: Landorus|Substitute\n|move|p2a: Landorus|Bulk Up|p2a: Landorus\n|-boost|p2a: Landorus|atk|1\n|-boost|p2a: Landorus|def|1\n|\n|-heal|p2a: Landorus|94\/100|[from] item: Leftovers\n|upkeep\n|turn|4\n|\n|t:|1700731936\n|move|p1a: Miltank|Body Slam|p2a: Landorus\n|-damage|p2a: Landorus|81\/100\n|move|p2a: Landorus|Earthquake|p1a: Miltank\n|-damage|p1a: Miltank|46\/100\n|\n|-heal|p1a: Miltank|52\/100|[from] item: Leftovers\n|-heal|p2a: Landorus|87\/100|[from] item: Leftovers\n|upkeep\n|turn|5\n|\n|t:|1700731944\n|move|p1a: Miltank|Body Slam|p2a: Landorus\n|-damage|p2a: Landorus|73\/100\n|-status|p2a: Landorus|par\n|move|p2a: Landorus|Earthquake|p1a: Miltank\n|-damage|p1a: Miltank|0 fnt\n|faint|p1a: Miltank\n|\n|-heal|p2a: Landorus|79\/100 par|[from] item: Leftovers\n|upkeep\n|\n|t:|1700731956\n|switch|p1a: Sylveon|Sylveon, M, shiny|100\/100\n|turn|6\n|\n|t:|1700731961\n|move|p1a: Sylveon|Hyper Voice|p2a: Landorus\n|-damage|p2a: Landorus|32\/100 par\n|move|p2a: Landorus|Substitute|p2a: Landorus\n|-start|p2a: Landorus|Substitute\n|-damage|p2a: Landorus|7\/100 par\n|\n|-heal|p2a: Landorus|13\/100 par|[from] item: Leftovers\n|-fieldend|move: Gravity\n|upkeep\n|turn|7\n|\n|t:|1700731974\n|move|p1a: Sylveon|Hyper Voice|p2a: Landorus\n|-crit|p2a: Landorus\n|-damage|p2a: Landorus|0 fnt\n|faint|p2a: Landorus\n|\n|upkeep\n|\n|t:|1700731983\n|switch|p2a: Excadrill|Excadrill, F|100\/100\n|-damage|p2a: Excadrill|97\/100|[from] Stealth Rock\n|turn|8\n|\n|t:|1700731991\n|move|p2a: Excadrill|Iron Head|p1a: Sylveon\n|-supereffective|p1a: Sylveon\n|-damage|p1a: Sylveon|0 fnt\n|faint|p1a: Sylveon\n|\n|upkeep\n|\n|t:|1700731996\n|switch|p1a: Mudsdale|Mudsdale, M, shiny|100\/100\n|turn|9\n|\n|t:|1700732000\n|switch|p2a: Hippowdon|Hippowdon, F|100\/100\n|-damage|p2a: Hippowdon|94\/100|[from] Stealth Rock\n|-weather|Sandstorm|[from] ability: Sand Stream|[of] p2a: Hippowdon\n|move|p1a: Mudsdale|Earthquake|p2a: Hippowdon\n|-damage|p2a: Hippowdon|64\/100\n|\n|-weather|Sandstorm|[upkeep]\n|-heal|p2a: Hippowdon|70\/100|[from] item: Leftovers\n|upkeep\n|turn|10\n|\n|t:|1700732020\n|move|p1a: Mudsdale|Earthquake|p2a: Hippowdon\n|-damage|p2a: Hippowdon|38\/100\n|move|p2a: Hippowdon|Whirlwind|p1a: Mudsdale\n|drag|p1a: Buzzwole|Buzzwole|100\/100\n|\n|-weather|Sandstorm|[upkeep]\n|-damage|p1a: Buzzwole|94\/100|[from] Sandstorm\n|-heal|p2a: Hippowdon|44\/100|[from] item: Leftovers\n|upkeep\n|turn|11\n|\n|t:|1700732038\n|move|p1a: Buzzwole|Drain Punch|p2a: Hippowdon\n|-damage|p2a: Hippowdon|21\/100\n|-heal|p1a: Buzzwole|100\/100|[from] drain|[of] p2a: Hippowdon\n|move|p2a: Hippowdon|Stealth Rock|p1a: Buzzwole\n|-sidestart|p1: zoxii|move: Stealth Rock\n|\n|-weather|Sandstorm|[upkeep]\n|-damage|p1a: Buzzwole|94\/100|[from] Sandstorm\n|-heal|p2a: Hippowdon|28\/100|[from] item: Leftovers\n|upkeep\n|turn|12\n|\n|t:|1700732050\n|move|p1a: Buzzwole|Drain Punch|p2a: Hippowdon\n|-damage|p2a: Hippowdon|5\/100\n|-heal|p1a: Buzzwole|100\/100|[from] drain|[of] p2a: Hippowdon\n|move|p2a: Hippowdon|Slack Off|p2a: Hippowdon\n|-heal|p2a: Hippowdon|56\/100\n|\n|-weather|Sandstorm|[upkeep]\n|-damage|p1a: Buzzwole|94\/100|[from] Sandstorm\n|-heal|p2a: Hippowdon|62\/100|[from] item: Leftovers\n|upkeep\n|turn|13\n|\n|t:|1700732060\n|move|p1a: Buzzwole|Dual Wingbeat|p2a: Hippowdon\n|-damage|p2a: Hippowdon|53\/100\n|-damage|p2a: Hippowdon|44\/100\n|-hitcount|p2a: Hippowdon|2\n|move|p2a: Hippowdon|Earthquake|p1a: Buzzwole\n|-resisted|p1a: Buzzwole\n|-crit|p1a: Buzzwole\n|-damage|p1a: Buzzwole|72\/100\n|\n|-weather|none\n|-heal|p2a: Hippowdon|50\/100|[from] item: Leftovers\n|upkeep\n|turn|14\n|\n|t:|1700732086\n|switch|p1a: Mudsdale|Mudsdale, M, shiny|100\/100\n|-damage|p1a: Mudsdale|94\/100|[from] Stealth Rock\n|move|p2a: Hippowdon|Whirlwind|p1a: Mudsdale\n|drag|p1a: Thundurus|Thundurus-Therian, M|100\/100\n|-damage|p1a: Thundurus|75\/100|[from] Stealth Rock\n|\n|-heal|p2a: Hippowdon|56\/100|[from] item: Leftovers\n|upkeep\n|turn|15\n|\n|t:|1700732100\n|switch|p2a: Mamoswine|Mamoswine, F|100\/100\n|-damage|p2a: Mamoswine|88\/100|[from] Stealth Rock\n|move|p1a: Thundurus|Focus Blast|p2a: Mamoswine|[miss]\n|-miss|p1a: Thundurus|p2a: Mamoswine\n|\n|upkeep\n|turn|16\n|\n|t:|1700732110\n|move|p1a: Thundurus|Focus Blast|p2a: Mamoswine|[miss]\n|-miss|p1a: Thundurus|p2a: Mamoswine\n|move|p2a: Mamoswine|Icicle Crash|p1a: Thundurus|[miss]\n|-miss|p2a: Mamoswine|p1a: Thundurus\n|\n|upkeep\n|turn|17\n|\n|t:|1700732116\n|move|p1a: Thundurus|Focus Blast|p2a: Mamoswine\n|-supereffective|p2a: Mamoswine\n|-damage|p2a: Mamoswine|11\/100\n|move|p2a: Mamoswine|Icicle Crash|p1a: Thundurus|[miss]\n|-miss|p2a: Mamoswine|p1a: Thundurus\n|\n|upkeep\n|turn|18\n|\n|t:|1700732124\n|move|p2a: Mamoswine|Ice Shard|p1a: Thundurus\n|-supereffective|p1a: Thundurus\n|-damage|p1a: Thundurus|5\/100\n|move|p1a: Thundurus|Focus Blast|p2a: Mamoswine|[miss]\n|-miss|p1a: Thundurus|p2a: Mamoswine\n|\n|upkeep\n|turn|19\n|\n|t:|1700732133\n|switch|p1a: Bisharp|Bisharp, M, shiny|100\/100\n|-damage|p1a: Bisharp|94\/100|[from] Stealth Rock\n|move|p2a: Mamoswine|Ice Shard|p1a: Bisharp\n|-resisted|p1a: Bisharp\n|-damage|p1a: Bisharp|85\/100\n|\n|upkeep\n|turn|20\n|\n|t:|1700732140\n|move|p1a: Bisharp|Sucker Punch|p2a: Mamoswine\n|-damage|p2a: Mamoswine|0 fnt\n|faint|p2a: Mamoswine\n|\n|upkeep\n|\n|t:|1700732151\n|switch|p2a: Excadrill|Excadrill, F|97\/100\n|-damage|p2a: Excadrill|94\/100|[from] Stealth Rock\n|turn|21\n|\n|t:|1700732158\n|switch|p1a: Mudsdale|Mudsdale, M, shiny|94\/100\n|-damage|p1a: Mudsdale|88\/100|[from] Stealth Rock\n|move|p2a: Excadrill|Rapid Spin|p1a: Mudsdale\n|-damage|p1a: Mudsdale|61\/100\n|-boost|p2a: Excadrill|spe|1\n|-ability|p1a: Mudsdale|Stamina|boost\n|-boost|p1a: Mudsdale|def|1\n|-sideend|p2: AntonyJ0666|Stealth Rock|[from] move: Rapid Spin|[of] p2a: Excadrill\n|\n|upkeep\n|turn|22\n|\n|t:|1700732171\n|switch|p2a: Gastrodon|Gastrodon, M|100\/100\n|move|p1a: Mudsdale|Earthquake|p2a: Gastrodon\n|-damage|p2a: Gastrodon|60\/100\n|\n|-heal|p2a: Gastrodon|66\/100|[from] item: Leftovers\n|upkeep\n|turn|23\n|\n|t:|1700732180\n|move|p1a: Mudsdale|Body Slam|p2a: Gastrodon\n|-damage|p2a: Gastrodon|42\/100\n|move|p2a: Gastrodon|Toxic|p1a: Mudsdale\n|-status|p1a: Mudsdale|tox\n|\n|-heal|p2a: Gastrodon|48\/100|[from] item: Leftovers\n|-damage|p1a: Mudsdale|55\/100 tox|[from] psn\n|upkeep\n|turn|24\n|\n|t:|1700732188\n|move|p1a: Mudsdale|Body Slam|p2a: Gastrodon\n|-damage|p2a: Gastrodon|26\/100\n|move|p2a: Gastrodon|Recover|p2a: Gastrodon\n|-heal|p2a: Gastrodon|76\/100\n|\n|-heal|p2a: Gastrodon|82\/100|[from] item: Leftovers\n|-damage|p1a: Mudsdale|43\/100 tox|[from] psn\n|upkeep\n|turn|25\n|\n|t:|1700732201\n|move|p1a: Mudsdale|Earthquake|p2a: Gastrodon\n|-damage|p2a: Gastrodon|40\/100\n|move|p2a: Gastrodon|Scald|p1a: Mudsdale\n|-supereffective|p1a: Mudsdale\n|-damage|p1a: Mudsdale|11\/100 tox\n|-ability|p1a: Mudsdale|Stamina|boost\n|-boost|p1a: Mudsdale|def|1\n|\n|-heal|p2a: Gastrodon|46\/100|[from] item: Leftovers\n|-damage|p1a: Mudsdale|0 fnt|[from] psn\n|faint|p1a: Mudsdale\n|upkeep\n|\n|t:|1700732204\n|switch|p1a: Buzzwole|Buzzwole|72\/100\n|-damage|p1a: Buzzwole|60\/100|[from] Stealth Rock\n|turn|26\n|inactive|zoxii has 120 seconds left.\n|\n|t:|1700732234\n|move|p1a: Buzzwole|Drain Punch|p2a: Gastrodon\n|-damage|p2a: Gastrodon|13\/100\n|-heal|p1a: Buzzwole|80\/100|[from] drain|[of] p2a: Gastrodon\n|move|p2a: Gastrodon|Recover|p2a: Gastrodon\n|-heal|p2a: Gastrodon|63\/100\n|\n|-heal|p2a: Gastrodon|69\/100|[from] item: Leftovers\n|upkeep\n|turn|27\n|\n|t:|1700732242\n|move|p1a: Buzzwole|Drain Punch|p2a: Gastrodon\n|-damage|p2a: Gastrodon|40\/100\n|-heal|p1a: Buzzwole|97\/100|[from] drain|[of] p2a: Gastrodon\n|move|p2a: Gastrodon|Scald|p1a: Buzzwole\n|-damage|p1a: Buzzwole|71\/100\n|\n|-heal|p2a: Gastrodon|46\/100|[from] item: Leftovers\n|upkeep\n|turn|28\n|\n|t:|1700732251\n|move|p1a: Buzzwole|Drain Punch|p2a: Gastrodon\n|-damage|p2a: Gastrodon|13\/100\n|-heal|p1a: Buzzwole|91\/100|[from] drain|[of] p2a: Gastrodon\n|move|p2a: Gastrodon|Toxic|p1a: Buzzwole\n|-status|p1a: Buzzwole|tox\n|\n|-heal|p2a: Gastrodon|19\/100|[from] item: Leftovers\n|-damage|p1a: Buzzwole|84\/100 tox|[from] psn\n|upkeep\n|turn|29\n|\n|t:|1700732260\n|switch|p2a: Hippowdon|Hippowdon, F|56\/100\n|-weather|Sandstorm|[from] ability: Sand Stream|[of] p2a: Hippowdon\n|move|p1a: Buzzwole|Drain Punch|p2a: Hippowdon\n|-damage|p2a: Hippowdon|34\/100\n|-heal|p1a: Buzzwole|98\/100 tox|[from] drain|[of] p2a: Hippowdon\n|\n|-weather|Sandstorm|[upkeep]\n|-damage|p1a: Buzzwole|92\/100 tox|[from] Sandstorm\n|-heal|p2a: Hippowdon|40\/100|[from] item: Leftovers\n|-damage|p1a: Buzzwole|79\/100 tox|[from] psn\n|upkeep\n|turn|30\n|\n|t:|1700732271\n|move|p1a: Buzzwole|Drain Punch|p2a: Hippowdon\n|-damage|p2a: Hippowdon|18\/100\n|-heal|p1a: Buzzwole|93\/100 tox|[from] drain|[of] p2a: Hippowdon\n|move|p2a: Hippowdon|Slack Off|p2a: Hippowdon\n|-heal|p2a: Hippowdon|68\/100\n|\n|-weather|Sandstorm|[upkeep]\n|-damage|p1a: Buzzwole|86\/100 tox|[from] Sandstorm\n|-heal|p2a: Hippowdon|74\/100|[from] item: Leftovers\n|-damage|p1a: Buzzwole|68\/100 tox|[from] psn\n|upkeep\n|turn|31\n|\n|t:|1700732283\n|move|p1a: Buzzwole|Drain Punch|p2a: Hippowdon\n|-damage|p2a: Hippowdon|52\/100\n|-heal|p1a: Buzzwole|81\/100 tox|[from] drain|[of] p2a: Hippowdon\n|move|p2a: Hippowdon|Earthquake|p1a: Buzzwole\n|-resisted|p1a: Buzzwole\n|-damage|p1a: Buzzwole|68\/100 tox\n|\n|-weather|Sandstorm|[upkeep]\n|-damage|p1a: Buzzwole|62\/100 tox|[from] Sandstorm\n|-heal|p2a: Hippowdon|58\/100|[from] item: Leftovers\n|-damage|p1a: Buzzwole|38\/100 tox|[from] psn\n|upkeep\n|turn|32\n|\n|t:|1700732298\n|switch|p1a: Thundurus|Thundurus-Therian, M|5\/100\n|-damage|p1a: Thundurus|0 fnt|[from] Stealth Rock\n|faint|p1a: Thundurus\n|move|p2a: Hippowdon|Earthquake|p1: Thundurus|[notarget]\n|-fail|p2a: Hippowdon\n|\n|-weather|Sandstorm|[upkeep]\n|-heal|p2a: Hippowdon|64\/100|[from] item: Leftovers\n|upkeep\n|\n|t:|1700732306\n|switch|p1a: Bisharp|Bisharp, M, shiny|85\/100\n|-damage|p1a: Bisharp|79\/100|[from] Stealth Rock\n|turn|33\n|\n|t:|1700732311\n|-terastallize|p1a: Bisharp|Flying\n|move|p1a: Bisharp|Swords Dance|p1a: Bisharp\n|-boost|p1a: Bisharp|atk|2\n|move|p2a: Hippowdon|Earthquake|p1a: Bisharp\n|-immune|p1a: Bisharp\n|\n|-weather|none\n|-heal|p2a: Hippowdon|70\/100|[from] item: Leftovers\n|upkeep\n|turn|34\n|\n|t:|1700732323\n|switch|p2a: Gastrodon|Gastrodon, M|19\/100\n|move|p1a: Bisharp|Throat Chop|p2a: Gastrodon\n|-damage|p2a: Gastrodon|0 fnt\n|faint|p2a: Gastrodon\n|\n|upkeep\n|\n|t:|1700732330\n|switch|p2a: Hippowdon|Hippowdon, F|70\/100\n|-weather|Sandstorm|[from] ability: Sand Stream|[of] p2a: Hippowdon\n|turn|35\n|\n|t:|1700732336\n|move|p1a: Bisharp|Throat Chop|p2a: Hippowdon\n|-damage|p2a: Hippowdon|24\/100\n|-start|p2a: Hippowdon|Throat Chop|[silent]\n|move|p2a: Hippowdon|Whirlwind|p1a: Bisharp\n|drag|p1a: Buzzwole|Buzzwole|38\/100 tox\n|-damage|p1a: Buzzwole|25\/100 tox|[from] Stealth Rock\n|\n|-weather|Sandstorm|[upkeep]\n|-damage|p1a: Buzzwole|19\/100 tox|[from] Sandstorm\n|-heal|p2a: Hippowdon|30\/100|[from] item: Leftovers\n|-damage|p1a: Buzzwole|13\/100 tox|[from] psn\n|upkeep\n|turn|36\n|inactive|zoxii has 120 seconds left.\n|\n|t:|1700732366\n|move|p1a: Buzzwole|Dual Wingbeat|p2a: Hippowdon\n|-damage|p2a: Hippowdon|23\/100\n|-damage|p2a: Hippowdon|15\/100\n|-hitcount|p2a: Hippowdon|2\n|move|p2a: Hippowdon|Slack Off|p2a: Hippowdon\n|-heal|p2a: Hippowdon|65\/100\n|\n|-weather|Sandstorm|[upkeep]\n|-damage|p1a: Buzzwole|7\/100 tox|[from] Sandstorm\n|-heal|p2a: Hippowdon|71\/100|[from] item: Leftovers\n|-damage|p1a: Buzzwole|0 fnt|[from] psn\n|faint|p1a: Buzzwole\n|-end|p2a: Hippowdon|Throat Chop|[silent]\n|upkeep\n|inactive|zoxii has 120 seconds left.\n|\n|t:|1700732371\n|switch|p1a: Bisharp|Bisharp, M, shiny, tera:Flying|79\/100\n|-damage|p1a: Bisharp|54\/100|[from] Stealth Rock\n|turn|37\n|\n|t:|1700732383\n|switch|p2a: Excadrill|Excadrill, F|94\/100\n|move|p1a: Bisharp|Swords Dance|p1a: Bisharp\n|-boost|p1a: Bisharp|atk|2\n|\n|-weather|Sandstorm|[upkeep]\n|-damage|p1a: Bisharp|48\/100|[from] Sandstorm\n|upkeep\n|turn|38\n|\n|t:|1700732393\n|move|p2a: Excadrill|Iron Head|p1a: Bisharp\n|-damage|p1a: Bisharp|0 fnt\n|faint|p1a: Bisharp\n|\n|win|AntonyJ0666\n|raw|zoxii's rating: 1118 &rarr; <strong>1100<\/strong><br \/>(-18 for losing)\n|raw|AntonyJ0666's rating: 1217 &rarr; <strong>1235<\/strong><br \/>(+18 for winning)\n|l|\u2606zoxii\n","uploadtime":1700732493,"views":11,"p1id":"zoxii","p2id":"antonyj0666","formatid":"gen9nationaldex","rating":1100,"private":0,"password":""}