{"id":"gen9nationaldex-1989329197","p1":"Goha","p2":"pigeonmuffdiver","format":"[Gen 9] National Dex","log":"|j|\u2606Goha\n|j|\u2606pigeonmuffdiver\n|t:|1699837004\n|gametype|singles\n|player|p1|Goha|clerk|1394\n|player|p2|pigeonmuffdiver|boarder|1301\n|teamsize|p1|6\n|teamsize|p2|6\n|gen|9\n|tier|[Gen 9] National Dex\n|rated|\n|rule|HP Percentage Mod: HP is shown in percentages\n|rule|Endless Battle Clause: Forcing endless battles is banned\n|rule|OHKO Clause: OHKO moves are banned\n|rule|Evasion Clause: Evasion abilities, items, and moves are banned\n|rule|Evasion Abilities Clause: Evasion abilities are banned\n|rule|Evasion Items Clause: Evasion items are banned\n|rule|Evasion Moves Clause: Evasion moves are banned\n|rule|Species Clause: Limit one of each Pok\u00e9mon\n|rule|Sleep Clause Mod: Limit one foe put to sleep\n|clearpoke\n|poke|p1|Serperior, F|\n|poke|p1|Landorus-Therian, M|\n|poke|p1|Kyurem|\n|poke|p1|Blaziken, F|\n|poke|p1|Scizor, F|\n|poke|p1|Urshifu-*, M|\n|poke|p2|Venusaur, M|\n|poke|p2|Samurott-Hisui, F|\n|poke|p2|Ceruledge, F|\n|poke|p2|Corviknight, M|\n|poke|p2|Mamoswine, M|\n|poke|p2|Articuno-Galar|\n|teampreview\n|inactive|Battle timer is ON: inactive players will automatically lose when time's up. (requested by Goha)\n|\n|t:|1699837014\n|start\n|switch|p1a: Scizor|Scizor, F|100\/100\n|switch|p2a: George|Samurott-Hisui, F|100\/100\n|turn|1\n|\n|t:|1699837021\n|detailschange|p1a: Scizor|Scizor-Mega, F\n|-mega|p1a: Scizor|Scizor|Scizorite\n|move|p2a: George|Ceaseless Edge|p1a: Scizor|[miss]\n|-miss|p2a: George|p1a: Scizor\n|move|p1a: Scizor|U-turn|p2a: George\n|-supereffective|p2a: George\n|-enditem|p2a: George|Focus Sash\n|-damage|p2a: George|1\/100\n|\n|t:|1699837030\n|switch|p1a: Landorus|Landorus-Therian, M, shiny|100\/100|[from] U-turn\n|-ability|p1a: Landorus|Intimidate|boost\n|-unboost|p2a: George|atk|1\n|\n|upkeep\n|turn|2\n|\n|t:|1699837037\n|move|p1a: Landorus|U-turn|p2a: George\n|-supereffective|p2a: George\n|-damage|p2a: George|0 fnt\n|faint|p2a: George\n|\n|t:|1699837041\n|switch|p1a: Scizor|Scizor-Mega, F|100\/100|[from] U-turn\n|\n|upkeep\n|\n|t:|1699837045\n|switch|p2a: Debra|Corviknight, M|100\/100\n|-ability|p2a: Debra|Pressure\n|turn|3\n|\n|t:|1699837050\n|move|p1a: Scizor|U-turn|p2a: Debra\n|-resisted|p2a: Debra\n|-damage|p2a: Debra|94\/100\n|-damage|p1a: Scizor|84\/100|[from] item: Rocky Helmet|[of] p2a: Debra\n|\n|t:|1699837052\n|switch|p1a: Blaziken|Blaziken, F, shiny|100\/100|[from] U-turn\n|move|p2a: Debra|Brave Bird|p1a: Blaziken\n|-supereffective|p1a: Blaziken\n|-damage|p1a: Blaziken|0 fnt\n|faint|p1a: Blaziken\n|-damage|p2a: Debra|69\/100|[from] Recoil\n|\n|upkeep\n|\n|t:|1699837055\n|switch|p1a: Kyurem|Kyurem, shiny|100\/100\n|-ability|p1a: Kyurem|Pressure\n|turn|4\n|\n|t:|1699837068\n|move|p1a: Kyurem|Ice Beam|p2a: Debra\n|-damage|p2a: Debra|3\/100\n|move|p2a: Debra|U-turn|p1a: Kyurem\n|-damage|p1a: Kyurem|88\/100\n|\n|t:|1699837075\n|switch|p2a: Kathy|Mamoswine, M|100\/100|[from] U-turn\n|\n|upkeep\n|turn|5\n|\n|t:|1699837091\n|switch|p1a: Scizor|Scizor-Mega, F|84\/100\n|move|p2a: Kathy|Icicle Crash|p1a: Scizor\n|-resisted|p1a: Scizor\n|-damage|p1a: Scizor|59\/100\n|\n|upkeep\n|turn|6\n|\n|t:|1699837100\n|move|p2a: Kathy|Icicle Crash|p1a: Scizor\n|-resisted|p1a: Scizor\n|-crit|p1a: Scizor\n|-damage|p1a: Scizor|14\/100\n|move|p1a: Scizor|Knock Off|p2a: Kathy\n|-damage|p2a: Kathy|55\/100\n|-enditem|p2a: Kathy|Choice Band|[from] move: Knock Off|[of] p1a: Scizor\n|\n|upkeep\n|turn|7\n|\n|t:|1699837117\n|move|p1a: Scizor|Bullet Punch|p2a: Kathy\n|-supereffective|p2a: Kathy\n|-damage|p2a: Kathy|0 fnt\n|faint|p2a: Kathy\n|\n|upkeep\n|\n|t:|1699837124\n|switch|p2a: Debra|Corviknight, M|3\/100\n|-ability|p2a: Debra|Pressure\n|turn|8\n|\n|t:|1699837128\n|move|p1a: Scizor|Bullet Punch|p2a: Debra\n|-resisted|p2a: Debra\n|-damage|p2a: Debra|0 fnt\n|-damage|p1a: Scizor|0 fnt|[from] item: Rocky Helmet|[of] p2a: Debra\n|faint|p2a: Debra\n|faint|p1a: Scizor\n|\n|upkeep\n|\n|t:|1699837135\n|switch|p1a: Urshifu|Urshifu-Rapid-Strike, M|100\/100\n|switch|p2a: Vivian|Venusaur, M|100\/100\n|turn|9\n|\n|t:|1699837141\n|detailschange|p2a: Vivian|Venusaur-Mega, M\n|-mega|p2a: Vivian|Venusaur|Venusaurite\n|move|p1a: Urshifu|U-turn|p2a: Vivian\n|-damage|p2a: Vivian|74\/100\n|\n|t:|1699837143\n|switch|p1a: Kyurem|Kyurem, shiny|88\/100|[from] U-turn\n|-ability|p1a: Kyurem|Pressure\n|move|p2a: Vivian|Giga Drain|p1a: Kyurem\n|-resisted|p1a: Kyurem\n|-damage|p1a: Kyurem|72\/100\n|-heal|p2a: Vivian|83\/100|[from] drain|[of] p1a: Kyurem\n|\n|upkeep\n|turn|10\n|\n|t:|1699837153\n|move|p1a: Kyurem|Draco Meteor|p2a: Vivian\n|-damage|p2a: Vivian|18\/100\n|-unboost|p1a: Kyurem|spa|2\n|move|p2a: Vivian|Leech Seed|p1a: Kyurem\n|-start|p1a: Kyurem|move: Leech Seed\n|\n|-damage|p1a: Kyurem|60\/100|[from] Leech Seed|[of] p2a: Vivian\n|-heal|p2a: Vivian|31\/100|[silent]\n|upkeep\n|turn|11\n|\n|t:|1699837160\n|switch|p1a: Landorus|Landorus-Therian, M, shiny|100\/100\n|-ability|p1a: Landorus|Intimidate|boost\n|-unboost|p2a: Vivian|atk|1\n|move|p2a: Vivian|Protect||[still]\n|-fail|p2a: Vivian\n|\n|upkeep\n|turn|12\n|\n|t:|1699837176\n|move|p1a: Landorus|U-turn|p2a: Vivian\n|-damage|p2a: Vivian|11\/100\n|\n|t:|1699837178\n|switch|p1a: Kyurem|Kyurem, shiny|60\/100|[from] U-turn\n|-ability|p1a: Kyurem|Pressure\n|move|p2a: Vivian|Toxic|p1a: Kyurem\n|-status|p1a: Kyurem|tox\n|\n|-damage|p1a: Kyurem|53\/100 tox|[from] psn\n|upkeep\n|turn|13\n|\n|t:|1699837186\n|move|p2a: Vivian|Protect|p2a: Vivian\n|-singleturn|p2a: Vivian|Protect\n|move|p1a: Kyurem|Draco Meteor|p2a: Vivian\n|-activate|p2a: Vivian|move: Protect\n|\n|-damage|p1a: Kyurem|41\/100 tox|[from] psn\n|upkeep\n|turn|14\n|\n|t:|1699837194\n|move|p1a: Kyurem|Draco Meteor|p2a: Vivian|[miss]\n|-miss|p1a: Kyurem|p2a: Vivian\n|move|p2a: Vivian|Giga Drain|p1a: Kyurem\n|-resisted|p1a: Kyurem\n|-damage|p1a: Kyurem|27\/100 tox\n|-heal|p2a: Vivian|19\/100|[from] drain|[of] p1a: Kyurem\n|\n|-damage|p1a: Kyurem|9\/100 tox|[from] psn\n|upkeep\n|turn|15\n|\n|t:|1699837203\n|move|p2a: Vivian|Protect|p2a: Vivian\n|-singleturn|p2a: Vivian|Protect\n|move|p1a: Kyurem|Draco Meteor|p2a: Vivian\n|-activate|p2a: Vivian|move: Protect\n|\n|-damage|p1a: Kyurem|0 fnt|[from] psn\n|faint|p1a: Kyurem\n|upkeep\n|\n|t:|1699837209\n|switch|p1a: Urshifu|Urshifu-Rapid-Strike, M|100\/100\n|turn|16\n|\n|t:|1699837217\n|-terastallize|p1a: Urshifu|Water\n|move|p1a: Urshifu|Surging Strikes|p2a: Vivian\n|-resisted|p2a: Vivian\n|-crit|p2a: Vivian\n|-damage|p2a: Vivian|2\/100\n|-resisted|p2a: Vivian\n|-crit|p2a: Vivian\n|-damage|p2a: Vivian|0 fnt\n|faint|p2a: Vivian\n|-hitcount|p2: Vivian|2\n|\n|upkeep\n|\n|t:|1699837233\n|switch|p2a: Lester|Ceruledge, F|100\/100\n|turn|17\n|\n|t:|1699837238\n|-terastallize|p2a: Lester|Fighting\n|move|p1a: Urshifu|Surging Strikes|p2a: Lester\n|-crit|p2a: Lester\n|-damage|p2a: Lester|46\/100\n|-ability|p2a: Lester|Weak Armor|boost\n|-unboost|p2a: Lester|def|1\n|-boost|p2a: Lester|spe|2\n|-crit|p2a: Lester\n|-damage|p2a: Lester|0 fnt\n|faint|p2a: Lester\n|-hitcount|p2: Lester|2\n|\n|upkeep\n|\n|t:|1699837248\n|switch|p2a: Ardie|Articuno-Galar|100\/100\n|turn|18\n|\n|t:|1699837252\n|move|p1a: Urshifu|Surging Strikes|p2a: Ardie\n|-crit|p2a: Ardie\n|-damage|p2a: Ardie|64\/100\n|-crit|p2a: Ardie\n|-damage|p2a: Ardie|20\/100\n|-crit|p2a: Ardie\n|-damage|p2a: Ardie|0 fnt\n|faint|p2a: Ardie\n|-hitcount|p2: Ardie|3\n|\n|win|Goha\n|raw|Goha's rating: 1394 &rarr; <strong>1409<\/strong><br \/>(+15 for winning)\n|raw|pigeonmuffdiver's rating: 1301 &rarr; <strong>1286<\/strong><br \/>(-15 for losing)\n|l|\u2606pigeonmuffdiver\n","uploadtime":1699837259,"views":4,"p1id":"goha","p2id":"pigeonmuffdiver","formatid":"gen9nationaldex","rating":1286,"private":0,"password":""}