{"id":"gen9nationaldex-1993808968","p1":"Yuan. xyz\u997f\u554a\u6574\u6d3b\u6574\u6d3b","p2":"hhxh\u955c\u82b1\u6c34\u6708","format":"[Gen 9] National Dex","log":"|j|\u2606Yuan. xyz\u997f\u554a\u6574\u6d3b\u6574\u6d3b\n|j|\u2606hhxh\u955c\u82b1\u6c34\u6708\n|t:|1700359905\n|gametype|singles\n|player|p1|Yuan. xyz\u997f\u554a\u6574\u6d3b\u6574\u6d3b|waitress|\n|player|p2|hhxh\u955c\u82b1\u6c34\u6708|penny|\n|teamsize|p1|6\n|teamsize|p2|6\n|gen|9\n|tier|[Gen 9] National Dex\n|rule|HP Percentage Mod: HP is shown in percentages\n|rule|Endless Battle Clause: Forcing endless battles is banned\n|rule|OHKO Clause: OHKO moves are banned\n|rule|Evasion Clause: Evasion abilities, items, and moves are banned\n|rule|Evasion Abilities Clause: Evasion abilities are banned\n|rule|Evasion Items Clause: Evasion items are banned\n|rule|Evasion Moves Clause: Evasion moves are banned\n|rule|Species Clause: Limit one of each Pok\u00e9mon\n|rule|Sleep Clause Mod: Limit one foe put to sleep\n|clearpoke\n|poke|p1|Alakazam, F|\n|poke|p1|Armarouge, M|\n|poke|p1|Tapu Lele|\n|poke|p1|Hawlucha, M|\n|poke|p1|Chansey, F|\n|poke|p1|Cinderace, M|\n|poke|p2|Garganacl, M|\n|poke|p2|Zamazenta-*|\n|poke|p2|Volcanion|\n|poke|p2|Scizor, M|\n|poke|p2|Dragonite, F|\n|poke|p2|Maushold|\n|teampreview\n|inactive|Battle timer is ON: inactive players will automatically lose when time's up. (requested by hhxh\u955c\u82b1\u6c34\u6708)\n|\n|t:|1700359919\n|start\n|switch|p1a: Cinderace|Cinderace, M|100\/100\n|switch|p2a: Maushold|Maushold, shiny|100\/100\n|turn|1\n|\n|t:|1700359931\n|switch|p2a: Volcanion|Volcanion|100\/100\n|move|p1a: Cinderace|Pyro Ball|p2a: Volcanion\n|-resisted|p2a: Volcanion\n|-damage|p2a: Volcanion|87\/100\n|\n|upkeep\n|turn|2\n|\n|t:|1700359939\n|move|p1a: Cinderace|U-turn|p2a: Volcanion\n|-start|p1a: Cinderace|typechange|Bug|[from] ability: Libero\n|-resisted|p2a: Volcanion\n|-damage|p2a: Volcanion|73\/100\n|\n|t:|1700359942\n|switch|p1a: Chansey|Chansey, F|100\/100|[from] U-turn\n|move|p2a: Volcanion|Steam Eruption|p1a: Chansey\n|-damage|p1a: Chansey|81\/100\n|\n|upkeep\n|turn|3\n|\n|t:|1700359954\n|switch|p2a: Garganacl|Garganacl, M, shiny|100\/100\n|move|p1a: Chansey|Teleport|p1a: Chansey\n|\n|t:|1700359969\n|switch|p1a: Tapu Lele|Tapu Lele|100\/100|[from] Teleport\n|-fieldstart|move: Psychic Terrain|[from] ability: Psychic Surge|[of] p1a: Tapu Lele\n|\n|upkeep\n|turn|4\n|\n|t:|1700359982\n|switch|p1a: Chansey|Chansey, F|81\/100\n|move|p2a: Garganacl|Salt Cure|p1a: Chansey\n|-damage|p1a: Chansey|72\/100\n|-start|p1a: Chansey|Salt Cure\n|\n|-damage|p1a: Chansey|59\/100|[from] Salt Cure\n|upkeep\n|turn|5\n|\n|t:|1700359991\n|move|p2a: Garganacl|Iron Defense|p2a: Garganacl\n|-boost|p2a: Garganacl|def|2\n|move|p1a: Chansey|Soft-Boiled|p1a: Chansey\n|-heal|p1a: Chansey|100\/100\n|\n|-damage|p1a: Chansey|88\/100|[from] Salt Cure\n|upkeep\n|turn|6\n|j| XYStarshine.\u661f\u8000\n|\n|t:|1700360015\n|move|p2a: Garganacl|Body Press|p1a: Chansey\n|-supereffective|p1a: Chansey\n|-damage|p1a: Chansey|28\/100\n|move|p1a: Chansey|Teleport|p1a: Chansey\n|\n|t:|1700360028\n|switch|p1a: Armarouge|Armarouge, M|100\/100|[from] Teleport\n|\n|upkeep\n|turn|7\n|\n|t:|1700360034\n|-terastallize|p1a: Armarouge|Psychic\n|move|p1a: Armarouge|Expanding Force|p2a: Garganacl\n|-damage|p2a: Garganacl|18\/100\n|move|p2a: Garganacl|Salt Cure|p1a: Armarouge\n|-damage|p1a: Armarouge|86\/100\n|-start|p1a: Armarouge|Salt Cure\n|-ability|p1a: Armarouge|Weak Armor|boost\n|-unboost|p1a: Armarouge|def|1\n|-boost|p1a: Armarouge|spe|2\n|\n|-heal|p2a: Garganacl|25\/100|[from] item: Leftovers\n|-damage|p1a: Armarouge|74\/100|[from] Salt Cure\n|upkeep\n|turn|8\n|\n|t:|1700360043\n|move|p1a: Armarouge|Expanding Force|p2a: Garganacl\n|-damage|p2a: Garganacl|0 fnt\n|faint|p2a: Garganacl\n|\n|-damage|p1a: Armarouge|61\/100|[from] Salt Cure\n|upkeep\n|\n|t:|1700360054\n|switch|p2a: Maushold|Maushold, shiny|100\/100\n|turn|9\n|\n|t:|1700360060\n|-terastallize|p2a: Maushold|Dark\n|move|p1a: Armarouge|Armor Cannon|p2a: Maushold\n|-damage|p2a: Maushold|4\/100\n|-unboost|p1a: Armarouge|def|1\n|-unboost|p1a: Armarouge|spd|1\n|move|p2a: Maushold|Bite|p1a: Armarouge\n|-supereffective|p1a: Armarouge\n|-damage|p1a: Armarouge|0 fnt\n|faint|p1a: Armarouge\n|\n|upkeep\n|\n|t:|1700360068\n|switch|p1a: Hawlucha|Hawlucha, M, shiny|100\/100\n|-enditem|p1a: Hawlucha|Psychic Seed\n|-boost|p1a: Hawlucha|spd|1|[from] item: Psychic Seed\n|turn|10\n|\n|t:|1700360074\n|move|p1a: Hawlucha|Acrobatics|p2a: Maushold\n|-damage|p2a: Maushold|0 fnt\n|faint|p2a: Maushold\n|\n|-fieldend|move: Psychic Terrain\n|upkeep\n|\n|t:|1700360077\n|switch|p2a: Dragonite|Dragonite, F, shiny|100\/100\n|turn|11\n|\n|t:|1700360088\n|switch|p1a: Tapu Lele|Tapu Lele|100\/100\n|-fieldstart|move: Psychic Terrain|[from] ability: Psychic Surge|[of] p1a: Tapu Lele\n|move|p2a: Dragonite|Dragon Dance|p2a: Dragonite\n|-boost|p2a: Dragonite|atk|1\n|-boost|p2a: Dragonite|spe|1\n|\n|upkeep\n|turn|12\n|j| incontri\u8482\u5b89\u5e0c\n|l| XYStarshine.\u661f\u8000\n|inactive|hhxh\u955c\u82b1\u6c34\u6708 has 270 seconds left.\n|j| XYStarshine.\u661f\u8000\n|l| XYStarshine.\u661f\u8000\n|\n|t:|1700360126\n|move|p2a: Dragonite|Earthquake|p1a: Tapu Lele\n|-damage|p1a: Tapu Lele|22\/100\n|move|p1a: Tapu Lele|Future Sight|p2a: Dragonite\n|-start|p1a: Tapu Lele|move: Future Sight\n|\n|upkeep\n|turn|13\n|\n|t:|1700360141\n|switch|p1a: Chansey|Chansey, F|28\/100\n|move|p2a: Dragonite|Earthquake|p1a: Chansey\n|-damage|p1a: Chansey|0 fnt\n|faint|p1a: Chansey\n|\n|upkeep\n|\n|t:|1700360155\n|switch|p1a: Alakazam|Alakazam, F, shiny|100\/100\n|turn|14\n|inactive|hhxh\u955c\u82b1\u6c34\u6708 has 270 seconds left.\n|\n|t:|1700360176\n|move|p2a: Dragonite|Earthquake|p1a: Alakazam\n|-enditem|p1a: Alakazam|Focus Sash\n|-damage|p1a: Alakazam|1\/100\n|move|p1a: Alakazam|Expanding Force|p2a: Dragonite\n|-damage|p2a: Dragonite|59\/100\n|\n|-end|p2a: Dragonite|move: Future Sight\n|-damage|p2a: Dragonite|0 fnt\n|faint|p2a: Dragonite\n|upkeep\n|inactive|hhxh\u955c\u82b1\u6c34\u6708 has 270 seconds left.\n|\n|t:|1700360183\n|switch|p2a: Scizor|Scizor, M, shiny|100\/100\n|turn|15\n|\n|t:|1700360196\n|detailschange|p2a: Scizor|Scizor-Mega, M, shiny\n|-mega|p2a: Scizor|Scizor|Scizorite\n|move|p1a: Alakazam|Expanding Force|p2a: Scizor\n|-resisted|p2a: Scizor\n|-crit|p2a: Scizor\n|-damage|p2a: Scizor|31\/100\n|move|p2a: Scizor|Roost|p2a: Scizor\n|-heal|p2a: Scizor|81\/100\n|-singleturn|p2a: Scizor|move: Roost\n|\n|upkeep\n|turn|16\n|\n|t:|1700360210\n|move|p1a: Alakazam|Expanding Force|p2a: Scizor\n|-resisted|p2a: Scizor\n|-damage|p2a: Scizor|32\/100\n|move|p2a: Scizor|Roost|p2a: Scizor\n|-heal|p2a: Scizor|82\/100\n|-singleturn|p2a: Scizor|move: Roost\n|\n|upkeep\n|turn|17\n|\n|t:|1700360218\n|move|p1a: Alakazam|Nasty Plot|p1a: Alakazam\n|-boost|p1a: Alakazam|spa|2\n|move|p2a: Scizor|Roost|p2a: Scizor\n|-heal|p2a: Scizor|100\/100\n|-singleturn|p2a: Scizor|move: Roost\n|\n|upkeep\n|turn|18\n|\n|t:|1700360223\n|move|p1a: Alakazam|Expanding Force|p2a: Scizor\n|-resisted|p2a: Scizor\n|-damage|p2a: Scizor|6\/100\n|move|p2a: Scizor|Roost|p2a: Scizor\n|-heal|p2a: Scizor|56\/100\n|-singleturn|p2a: Scizor|move: Roost\n|\n|-fieldend|move: Psychic Terrain\n|upkeep\n|turn|19\n|\n|t:|1700360230\n|switch|p1a: Tapu Lele|Tapu Lele|22\/100\n|-fieldstart|move: Psychic Terrain|[from] ability: Psychic Surge|[of] p1a: Tapu Lele\n|move|p2a: Scizor|Bullet Punch|p1a: Tapu Lele\n|-activate|p1a: Tapu Lele|move: Psychic Terrain\n|\n|upkeep\n|turn|20\n|\n|t:|1700360237\n|move|p1a: Tapu Lele|Future Sight|p2a: Scizor\n|-start|p1a: Tapu Lele|move: Future Sight\n|move|p2a: Scizor|Close Combat|p1a: Tapu Lele\n|-resisted|p1a: Tapu Lele\n|-damage|p1a: Tapu Lele|5\/100\n|-unboost|p2a: Scizor|def|1\n|-unboost|p2a: Scizor|spd|1\n|\n|upkeep\n|turn|21\n|\n|t:|1700360248\n|switch|p2a: Volcanion|Volcanion|73\/100\n|move|p1a: Tapu Lele|Moonblast|p2a: Volcanion\n|-resisted|p2a: Volcanion\n|-damage|p2a: Volcanion|40\/100\n|-unboost|p2a: Volcanion|spa|1\n|\n|upkeep\n|turn|22\n|\n|t:|1700360265\n|move|p1a: Tapu Lele|Focus Blast|p2a: Volcanion\n|-damage|p2a: Volcanion|0 fnt\n|faint|p2a: Volcanion\n|\n|-hint|Future Sight did not hit because the target is fainted.\n|upkeep\n|\n|t:|1700360274\n|switch|p2a: Zamazenta|Zamazenta|100\/100\n|-ability|p2a: Zamazenta|Dauntless Shield|boost\n|-boost|p2a: Zamazenta|def|1\n|turn|23\n|\n|t:|1700360287\n|switch|p1a: Hawlucha|Hawlucha, M, shiny|100\/100\n|move|p2a: Zamazenta|Heavy Slam|p1a: Hawlucha\n|-damage|p1a: Hawlucha|53\/100\n|\n|upkeep\n|turn|24\n|inactive|hhxh\u955c\u82b1\u6c34\u6708 has 270 seconds left.\n|\n|t:|1700360321\n|move|p2a: Zamazenta|Iron Defense|p2a: Zamazenta\n|-boost|p2a: Zamazenta|def|2\n|move|p1a: Hawlucha|Encore|p2a: Zamazenta\n|-start|p2a: Zamazenta|Encore\n|\n|upkeep\n|turn|25\n|\n|t:|1700360326\n|switch|p1a: Alakazam|Alakazam, F, shiny|1\/100\n|move|p2a: Zamazenta|Iron Defense|p2a: Zamazenta\n|-boost|p2a: Zamazenta|def|2\n|\n|upkeep\n|turn|26\n|\n|t:|1700360331\n|move|p1a: Alakazam|Expanding Force|p2a: Zamazenta\n|-supereffective|p2a: Zamazenta\n|-damage|p2a: Zamazenta|0 fnt\n|faint|p2a: Zamazenta\n|\n|-fieldend|move: Psychic Terrain\n|upkeep\n|\n|t:|1700360333\n|switch|p2a: Scizor|Scizor-Mega, M, shiny|56\/100\n|turn|27\n|\n|t:|1700360340\n|switch|p1a: Tapu Lele|Tapu Lele|5\/100\n|-fieldstart|move: Psychic Terrain|[from] ability: Psychic Surge|[of] p1a: Tapu Lele\n|move|p2a: Scizor|Roost|p2a: Scizor\n|-heal|p2a: Scizor|100\/100\n|-singleturn|p2a: Scizor|move: Roost\n|\n|upkeep\n|turn|28\n|\n|t:|1700360346\n|move|p1a: Tapu Lele|Future Sight|p2a: Scizor\n|-start|p1a: Tapu Lele|move: Future Sight\n|move|p2a: Scizor|Swords Dance|p2a: Scizor\n|-boost|p2a: Scizor|atk|2\n|\n|upkeep\n|turn|29\n|\n|t:|1700360352\n|move|p1a: Tapu Lele|Focus Blast|p2a: Scizor\n|-damage|p2a: Scizor|52\/100\n|move|p2a: Scizor|Swords Dance|p2a: Scizor\n|-boost|p2a: Scizor|atk|2\n|\n|upkeep\n|turn|30\n|j| A3322\n|\n|t:|1700360359\n|move|p1a: Tapu Lele|Focus Blast|p2a: Scizor\n|-damage|p2a: Scizor|1\/100\n|move|p2a: Scizor|Roost|p2a: Scizor\n|-heal|p2a: Scizor|51\/100\n|-singleturn|p2a: Scizor|move: Roost\n|\n|-end|p2a: Scizor|move: Future Sight\n|-resisted|p2a: Scizor\n|-damage|p2a: Scizor|3\/100\n|upkeep\n|turn|31\n|-message|hhxh\u955c\u82b1\u6c34\u6708 forfeited.\n|\n|win|Yuan. xyz\u997f\u554a\u6574\u6d3b\u6574\u6d3b\n|l|\u2606hhxh\u955c\u82b1\u6c34\u6708\n|l| A3322\n","uploadtime":1700360401,"views":7,"p1id":"yuanxyz","p2id":"hhxh","formatid":"gen9nationaldex","rating":0,"private":0,"password":""}