{"id":"gen9nationaldex-1993411085","p1":"Kaegun","p2":"shabisss","format":"[Gen 9] National Dex","log":"|j|\u2606Kaegun\n|j|\u2606shabisss\n|t:|1700314230\n|gametype|singles\n|player|p1|Kaegun|2|1203\n|player|p2|shabisss|170|1097\n|teamsize|p1|6\n|teamsize|p2|6\n|gen|9\n|tier|[Gen 9] National Dex\n|rated|\n|rule|HP Percentage Mod: HP is shown in percentages\n|rule|Endless Battle Clause: Forcing endless battles is banned\n|rule|OHKO Clause: OHKO moves are banned\n|rule|Evasion Clause: Evasion abilities, items, and moves are banned\n|rule|Evasion Abilities Clause: Evasion abilities are banned\n|rule|Evasion Items Clause: Evasion items are banned\n|rule|Evasion Moves Clause: Evasion moves are banned\n|rule|Species Clause: Limit one of each Pok\u00e9mon\n|rule|Sleep Clause Mod: Limit one foe put to sleep\n|clearpoke\n|poke|p1|Tapu Koko|\n|poke|p1|Urshifu-*, F|\n|poke|p1|Iron Valiant|\n|poke|p1|Iron Moth|\n|poke|p1|Sneasler, F|\n|poke|p1|Ting-Lu|\n|poke|p2|Garganacl, M|\n|poke|p2|Amoonguss, F|\n|poke|p2|Meganium, F|\n|poke|p2|Garchomp, M|\n|poke|p2|Urshifu-*, F|\n|poke|p2|Guzzlord|\n|teampreview\n|\n|t:|1700314238\n|start\n|switch|p1a: Tapu Koko|Tapu Koko|100\/100\n|switch|p2a: Garganacl|Garganacl, M|100\/100\n|-fieldstart|move: Electric Terrain|[from] ability: Electric Surge|[of] p1a: Tapu Koko\n|turn|1\n|\n|t:|1700314246\n|switch|p1a: Urshifu|Urshifu-Rapid-Strike, F|100\/100\n|move|p2a: Garganacl|Salt Cure|p1a: Urshifu\n|-resisted|p1a: Urshifu\n|-damage|p1a: Urshifu|94\/100\n|-start|p1a: Urshifu|Salt Cure\n|\n|-damage|p1a: Urshifu|69\/100|[from] Salt Cure\n|upkeep\n|turn|2\n|\n|t:|1700314256\n|move|p1a: Urshifu|Surging Strikes|p2a: Garganacl\n|-supereffective|p2a: Garganacl\n|-crit|p2a: Garganacl\n|-damage|p2a: Garganacl|58\/100\n|-supereffective|p2a: Garganacl\n|-crit|p2a: Garganacl\n|-damage|p2a: Garganacl|20\/100\n|-supereffective|p2a: Garganacl\n|-crit|p2a: Garganacl\n|-damage|p2a: Garganacl|0 fnt\n|faint|p2a: Garganacl\n|-hitcount|p2: Garganacl|3\n|\n|-damage|p1a: Urshifu|44\/100|[from] Salt Cure\n|upkeep\n|\n|t:|1700314267\n|switch|p2a: Guzzlord|Guzzlord|100\/100\n|turn|3\n|\n|t:|1700314273\n|switch|p1a: Ting-Lu|Ting-Lu|100\/100\n|-ability|p1a: Ting-Lu|Vessel of Ruin\n|move|p2a: Guzzlord|Outrage|p1a: Ting-Lu\n|-damage|p1a: Ting-Lu|80\/100\n|-enditem|p1a: Ting-Lu|Red Card|[of] p2a: Guzzlord\n|drag|p2a: Meganium|Meganium, F|100\/100\n|\n|upkeep\n|turn|4\n|\n|t:|1700314284\n|move|p2a: Meganium|Substitute|p2a: Meganium\n|-start|p2a: Meganium|Substitute\n|-damage|p2a: Meganium|76\/100\n|move|p1a: Ting-Lu|Stealth Rock|p2a: Meganium\n|-sidestart|p2: shabisss|move: Stealth Rock\n|\n|-heal|p2a: Meganium|82\/100|[from] item: Leftovers\n|upkeep\n|turn|5\n|\n|t:|1700314292\n|move|p2a: Meganium|Leech Seed|p1a: Ting-Lu\n|-start|p1a: Ting-Lu|move: Leech Seed\n|move|p1a: Ting-Lu|Whirlwind|p2a: Meganium\n|drag|p2a: Amoonguss|Amoonguss, F|100\/100\n|-damage|p2a: Amoonguss|88\/100|[from] Stealth Rock\n|\n|-heal|p2a: Amoonguss|94\/100|[from] item: Leftovers\n|-damage|p1a: Ting-Lu|67\/100|[from] Leech Seed|[of] p2a: Amoonguss\n|-heal|p2a: Amoonguss|100\/100|[silent]\n|-fieldend|move: Electric Terrain\n|upkeep\n|turn|6\n|\n|t:|1700314305\n|switch|p1a: Tapu Koko|Tapu Koko|100\/100\n|-fieldstart|move: Electric Terrain|[from] ability: Electric Surge|[of] p1a: Tapu Koko\n|move|p2a: Amoonguss|Spore|p1a: Tapu Koko\n|-activate|p1a: Tapu Koko|move: Electric Terrain\n|\n|upkeep\n|turn|7\n|\n|t:|1700314313\n|move|p1a: Tapu Koko|Volt Switch|p2a: Amoonguss\n|-resisted|p2a: Amoonguss\n|-damage|p2a: Amoonguss|90\/100\n|\n|t:|1700314316\n|switch|p1a: Iron Moth|Iron Moth|100\/100|[from] Volt Switch\n|-activate|p1a: Iron Moth|ability: Quark Drive\n|-start|p1a: Iron Moth|quarkdrivespe\n|move|p2a: Amoonguss|Foul Play|p1a: Iron Moth\n|-damage|p1a: Iron Moth|81\/100\n|\n|-heal|p2a: Amoonguss|97\/100|[from] item: Leftovers\n|upkeep\n|turn|8\n|\n|t:|1700314327\n|move|p1a: Iron Moth|Fiery Dance|p2a: Amoonguss\n|-supereffective|p2a: Amoonguss\n|-damage|p2a: Amoonguss|38\/100\n|-boost|p1a: Iron Moth|spa|1\n|move|p2a: Amoonguss|Clear Smog|p1a: Iron Moth\n|-resisted|p1a: Iron Moth\n|-damage|p1a: Iron Moth|73\/100\n|-clearboost|p1a: Iron Moth\n|\n|-heal|p2a: Amoonguss|44\/100|[from] item: Leftovers\n|upkeep\n|turn|9\n|\n|t:|1700314343\n|switch|p2a: Guzzlord|Guzzlord|100\/100\n|-damage|p2a: Guzzlord|88\/100|[from] Stealth Rock\n|move|p1a: Iron Moth|Fiery Dance|p2a: Guzzlord\n|-resisted|p2a: Guzzlord\n|-damage|p2a: Guzzlord|70\/100\n|-boost|p1a: Iron Moth|spa|1\n|\n|-heal|p2a: Guzzlord|76\/100|[from] item: Leftovers\n|upkeep\n|turn|10\n|inactive|Battle timer is ON: inactive players will automatically lose when time's up. (requested by Kaegun)\n|\n|t:|1700314358\n|move|p1a: Iron Moth|U-turn|p2a: Guzzlord\n|-supereffective|p2a: Guzzlord\n|-damage|p2a: Guzzlord|58\/100\n|\n|t:|1700314362\n|-end|p1a: Iron Moth|Quark Drive|[silent]\n|switch|p1a: Ting-Lu|Ting-Lu|67\/100|[from] U-turn\n|-ability|p1a: Ting-Lu|Vessel of Ruin\n|move|p2a: Guzzlord|Outrage|p1a: Ting-Lu\n|-damage|p1a: Ting-Lu|47\/100\n|\n|-heal|p2a: Guzzlord|64\/100|[from] item: Leftovers\n|-fieldend|move: Electric Terrain\n|upkeep\n|turn|11\n|\n|t:|1700314374\n|switch|p1a: Iron Valiant|Iron Valiant|100\/100\n|move|p2a: Guzzlord|Outrage|p1a: Iron Valiant|[from]lockedmove\n|-immune|p1a: Iron Valiant\n|\n|-heal|p2a: Guzzlord|70\/100|[from] item: Leftovers\n|upkeep\n|turn|12\n|\n|t:|1700314386\n|move|p1a: Iron Valiant|Moonblast|p2a: Guzzlord\n|-supereffective|p2a: Guzzlord\n|-damage|p2a: Guzzlord|0 fnt\n|faint|p2a: Guzzlord\n|\n|upkeep\n|\n|t:|1700314392\n|switch|p2a: Garchomp|Garchomp, M|100\/100\n|-damage|p2a: Garchomp|94\/100|[from] Stealth Rock\n|turn|13\n|\n|t:|1700314398\n|move|p1a: Iron Valiant|Moonblast|p2a: Garchomp\n|-supereffective|p2a: Garchomp\n|-damage|p2a: Garchomp|0 fnt\n|faint|p2a: Garchomp\n|\n|upkeep\n|\n|t:|1700314404\n|switch|p2a: Urshifu|Urshifu-Rapid-Strike, F|100\/100\n|-damage|p2a: Urshifu|94\/100|[from] Stealth Rock\n|turn|14\n|\n|t:|1700314410\n|-terastallize|p2a: Urshifu|Fighting\n|move|p1a: Iron Valiant|Moonblast|p2a: Urshifu\n|-supereffective|p2a: Urshifu\n|-damage|p2a: Urshifu|0 fnt\n|faint|p2a: Urshifu\n|\n|upkeep\n|\n|t:|1700314418\n|switch|p2a: Amoonguss|Amoonguss, F|78\/100\n|-damage|p2a: Amoonguss|65\/100|[from] Stealth Rock\n|turn|15\n|\n|t:|1700314422\n|-end|p1a: Iron Valiant|Quark Drive|[silent]\n|switch|p1a: Tapu Koko|Tapu Koko|100\/100\n|-fieldstart|move: Electric Terrain|[from] ability: Electric Surge|[of] p1a: Tapu Koko\n|move|p2a: Amoonguss|Spore|p1a: Tapu Koko\n|-activate|p1a: Tapu Koko|move: Electric Terrain\n|\n|-heal|p2a: Amoonguss|72\/100|[from] item: Leftovers\n|upkeep\n|turn|16\n|\n|t:|1700314432\n|move|p1a: Tapu Koko|Volt Switch|p2a: Amoonguss\n|-resisted|p2a: Amoonguss\n|-damage|p2a: Amoonguss|61\/100\n|\n|t:|1700314435\n|switch|p1a: Iron Moth|Iron Moth|73\/100|[from] Volt Switch\n|-activate|p1a: Iron Moth|ability: Quark Drive\n|-start|p1a: Iron Moth|quarkdrivespe\n|move|p2a: Amoonguss|Foul Play|p1a: Iron Moth\n|-damage|p1a: Iron Moth|51\/100\n|\n|-heal|p2a: Amoonguss|67\/100|[from] item: Leftovers\n|upkeep\n|turn|17\n|\n|t:|1700314447\n|move|p1a: Iron Moth|Fiery Dance|p2a: Amoonguss\n|-supereffective|p2a: Amoonguss\n|-damage|p2a: Amoonguss|11\/100\n|move|p2a: Amoonguss|Spore|p1a: Iron Moth\n|-activate|p1a: Iron Moth|move: Electric Terrain\n|\n|-heal|p2a: Amoonguss|17\/100|[from] item: Leftovers\n|upkeep\n|turn|18\n|\n|t:|1700314456\n|switch|p2a: Meganium|Meganium, F|82\/100\n|-damage|p2a: Meganium|69\/100|[from] Stealth Rock\n|move|p1a: Iron Moth|Fiery Dance|p2a: Meganium\n|-supereffective|p2a: Meganium\n|-damage|p2a: Meganium|10\/100\n|\n|-heal|p2a: Meganium|16\/100|[from] item: Leftovers\n|upkeep\n|turn|19\n|c|\u2606Kaegun|:skull:\n|l|\u2606shabisss\n|inactive|shabisss disconnected and has a minute to reconnect!\n|player|p2|\n|inactive|shabisss has 30 seconds to reconnect!\n|inactive|shabisss has 20 seconds to reconnect!\n|inactive|shabisss has 15 seconds to reconnect!\n|inactive|shabisss has 10 seconds to reconnect!\n|inactive|shabisss has 5 seconds to reconnect!\n|-message|shabisss lost due to inactivity.\n|\n|win|Kaegun\n|raw|Kaegun's rating: 1203 &rarr; <strong>1221<\/strong><br \/>(+18 for winning)\n|raw|shabisss's rating: 1097 &rarr; <strong>1080<\/strong><br \/>(-17 for losing)\n","uploadtime":1700314545,"views":31,"p1id":"kaegun","p2id":"shabisss","formatid":"gen9nationaldex","rating":1080,"private":0,"password":""}