{"id":"gen9nationaldex-1990692690","p1":"BatGuyNoibat","p2":"Japanese Jazz","format":"[Gen 9] National Dex","log":"|j|\u203dBatGuyNoibat\n|j|\u2606Japanese Jazz\n|t:|1699992260\n|gametype|singles\n|player|p1|BatGuyNoibat|169|1223\n|player|p2|Japanese Jazz|byron|1217\n|teamsize|p1|6\n|teamsize|p2|6\n|gen|9\n|tier|[Gen 9] National Dex\n|rated|\n|rule|HP Percentage Mod: HP is shown in percentages\n|rule|Endless Battle Clause: Forcing endless battles is banned\n|rule|OHKO Clause: OHKO moves are banned\n|rule|Evasion Clause: Evasion abilities, items, and moves are banned\n|rule|Evasion Abilities Clause: Evasion abilities are banned\n|rule|Evasion Items Clause: Evasion items are banned\n|rule|Evasion Moves Clause: Evasion moves are banned\n|rule|Species Clause: Limit one of each Pok\u00e9mon\n|rule|Sleep Clause Mod: Limit one foe put to sleep\n|clearpoke\n|poke|p1|Zeraora|\n|poke|p1|Tornadus-Therian, M|\n|poke|p1|Pelipper, M|\n|poke|p1|Milotic, F|\n|poke|p1|Swampert, F|\n|poke|p1|Ferrothorn, M|\n|poke|p2|Nidoking, M|\n|poke|p2|Ribombee, F|\n|poke|p2|Rotom-Wash|\n|poke|p2|Incineroar, F|\n|poke|p2|Breloom, F|\n|poke|p2|Aegislash, M|\n|teampreview\n|inactive|Battle timer is ON: inactive players will automatically lose when time's up. (requested by BatGuyNoibat)\n|\n|t:|1699992280\n|start\n|switch|p1a: Tornadus|Tornadus-Therian, M|100\/100\n|switch|p2a: Rotom|Rotom-Wash|100\/100\n|turn|1\n|\n|t:|1699992286\n|move|p1a: Tornadus|U-turn|p2a: Rotom\n|-damage|p2a: Rotom|88\/100\n|\n|t:|1699992289\n|switch|p1a: Ferrothorn|Ferrothorn, M|100\/100|[from] U-turn\n|move|p2a: Rotom|Hydro Pump|p1a: Ferrothorn\n|-resisted|p1a: Ferrothorn\n|-damage|p1a: Ferrothorn|85\/100\n|\n|-heal|p2a: Rotom|94\/100|[from] item: Leftovers\n|-heal|p1a: Ferrothorn|91\/100|[from] item: Leftovers\n|upkeep\n|turn|2\n|\n|t:|1699992297\n|move|p2a: Rotom|Volt Switch|p1a: Ferrothorn\n|-resisted|p1a: Ferrothorn\n|-damage|p1a: Ferrothorn|80\/100\n|\n|t:|1699992303\n|switch|p2a: Incineroar|Incineroar, F|100\/100|[from] Volt Switch\n|-ability|p2a: Incineroar|Intimidate|boost\n|-unboost|p1a: Ferrothorn|atk|1\n|move|p1a: Ferrothorn|Leech Seed|p2a: Incineroar\n|-start|p2a: Incineroar|move: Leech Seed\n|\n|-heal|p1a: Ferrothorn|86\/100|[from] item: Leftovers\n|-damage|p2a: Incineroar|88\/100|[from] Leech Seed|[of] p1a: Ferrothorn\n|-heal|p1a: Ferrothorn|98\/100|[silent]\n|upkeep\n|turn|3\n|\n|t:|1699992311\n|move|p1a: Ferrothorn|Protect|p1a: Ferrothorn\n|-singleturn|p1a: Ferrothorn|Protect\n|move|p2a: Incineroar|U-turn|p1a: Ferrothorn\n|-activate|p1a: Ferrothorn|move: Protect\n|\n|-heal|p1a: Ferrothorn|100\/100|[from] item: Leftovers\n|-damage|p2a: Incineroar|76\/100|[from] Leech Seed|[of] p1a: Ferrothorn\n|upkeep\n|turn|4\n|\n|t:|1699992318\n|switch|p2a: Ribombee|Ribombee, F|100\/100\n|switch|p1a: Pelipper|Pelipper, M|100\/100\n|-weather|RainDance|[from] ability: Drizzle|[of] p1a: Pelipper\n|\n|-weather|RainDance|[upkeep]\n|upkeep\n|turn|5\n|\n|t:|1699992321\n|move|p2a: Ribombee|Sticky Web|p1a: Pelipper\n|-sidestart|p1: BatGuyNoibat|move: Sticky Web\n|move|p1a: Pelipper|Hurricane|p2a: Ribombee\n|-supereffective|p2a: Ribombee\n|-enditem|p2a: Ribombee|Focus Sash\n|-damage|p2a: Ribombee|1\/100\n|\n|-weather|RainDance|[upkeep]\n|upkeep\n|turn|6\n|\n|t:|1699992326\n|move|p2a: Ribombee|Moonblast|p1a: Pelipper\n|-damage|p1a: Pelipper|39\/100\n|move|p1a: Pelipper|U-turn|p2a: Ribombee\n|-resisted|p2a: Ribombee\n|-damage|p2a: Ribombee|0 fnt\n|faint|p2a: Ribombee\n|\n|t:|1699992337\n|switch|p1a: Tornadus|Tornadus-Therian, M|100\/100|[from] U-turn\n|\n|-weather|RainDance|[upkeep]\n|upkeep\n|\n|t:|1699992346\n|switch|p2a: Rotom|Rotom-Wash|94\/100\n|turn|7\n|\n|t:|1699992349\n|move|p1a: Tornadus|Defog|p2a: Rotom\n|-unboost|p2a: Rotom|evasion|1\n|-sideend|p1: BatGuyNoibat|Sticky Web|[from] move: Defog|[of] p1a: Tornadus\n|move|p2a: Rotom|Hydro Pump|p1a: Tornadus\n|-damage|p1a: Tornadus|60\/100\n|\n|-weather|RainDance|[upkeep]\n|-heal|p2a: Rotom|99\/100|[from] item: Leftovers\n|upkeep\n|turn|8\n|\n|t:|1699992355\n|move|p1a: Tornadus|U-turn|p2a: Rotom\n|-damage|p2a: Rotom|86\/100\n|\n|t:|1699992360\n|switch|p1a: Swampert|Swampert, F|100\/100|[from] U-turn\n|move|p2a: Rotom|Hydro Pump|p1a: Swampert\n|-damage|p1a: Swampert|33\/100\n|\n|-weather|RainDance|[upkeep]\n|-heal|p2a: Rotom|92\/100|[from] item: Leftovers\n|upkeep\n|turn|9\n|\n|t:|1699992367\n|detailschange|p1a: Swampert|Swampert-Mega, F\n|-mega|p1a: Swampert|Swampert|Swampertite\n|move|p1a: Swampert|Liquidation|p2a: Rotom\n|-resisted|p2a: Rotom\n|-damage|p2a: Rotom|56\/100\n|move|p2a: Rotom|Hydro Pump|p1a: Swampert\n|-damage|p1a: Swampert|0 fnt\n|faint|p1a: Swampert\n|\n|-weather|RainDance|[upkeep]\n|-heal|p2a: Rotom|62\/100|[from] item: Leftovers\n|upkeep\n|\n|t:|1699992372\n|switch|p1a: Zeraora|Zeraora|100\/100\n|turn|10\n|\n|t:|1699992380\n|move|p1a: Zeraora|Hidden Power|p2a: Rotom\n|-resisted|p2a: Rotom\n|-damage|p2a: Rotom|47\/100\n|move|p2a: Rotom|Hydro Pump|p1a: Zeraora\n|-damage|p1a: Zeraora|19\/100\n|\n|-weather|RainDance|[upkeep]\n|-heal|p2a: Rotom|53\/100|[from] item: Leftovers\n|upkeep\n|turn|11\n|\n|t:|1699992388\n|move|p1a: Zeraora|Thunder|p2a: Rotom\n|-damage|p2a: Rotom|2\/100\n|move|p2a: Rotom|Hydro Pump|p1a: Zeraora|[miss]\n|-miss|p2a: Rotom|p1a: Zeraora\n|\n|-weather|none\n|-heal|p2a: Rotom|8\/100|[from] item: Leftovers\n|upkeep\n|turn|12\n|\n|t:|1699992398\n|move|p1a: Zeraora|Volt Switch|p2a: Rotom\n|-damage|p2a: Rotom|0 fnt\n|faint|p2a: Rotom\n|\n|t:|1699992412\n|switch|p1a: Ferrothorn|Ferrothorn, M|100\/100|[from] Volt Switch\n|\n|upkeep\n|\n|t:|1699992415\n|switch|p2a: Incineroar|Incineroar, F|76\/100\n|-ability|p2a: Incineroar|Intimidate|boost\n|-unboost|p1a: Ferrothorn|atk|1\n|turn|13\n|\n|t:|1699992421\n|move|p1a: Ferrothorn|Protect|p1a: Ferrothorn\n|-singleturn|p1a: Ferrothorn|Protect\n|move|p2a: Incineroar|Knock Off|p1a: Ferrothorn\n|-activate|p1a: Ferrothorn|move: Protect\n|\n|upkeep\n|turn|14\n|\n|t:|1699992428\n|switch|p1a: Pelipper|Pelipper, M|39\/100\n|-weather|RainDance|[from] ability: Drizzle|[of] p1a: Pelipper\n|move|p2a: Incineroar|Knock Off|p1a: Pelipper\n|-damage|p1a: Pelipper|0 fnt\n|-enditem|p1a: Pelipper|Damp Rock|[from] move: Knock Off|[of] p2a: Incineroar\n|faint|p1a: Pelipper\n|\n|-weather|RainDance|[upkeep]\n|upkeep\n|\n|t:|1699992434\n|switch|p1a: Milotic|Milotic, F|100\/100\n|turn|15\n|\n|t:|1699992440\n|switch|p2a: Breloom|Breloom, F|100\/100\n|move|p1a: Milotic|Hydro Pump|p2a: Breloom\n|-resisted|p2a: Breloom\n|-damage|p2a: Breloom|36\/100\n|\n|-weather|RainDance|[upkeep]\n|upkeep\n|turn|16\n|\n|t:|1699992450\n|-terastallize|p1a: Milotic|Water\n|move|p1a: Milotic|Hydro Pump|p2a: Breloom\n|-resisted|p2a: Breloom\n|-damage|p2a: Breloom|0 fnt\n|faint|p2a: Breloom\n|\n|-weather|RainDance|[upkeep]\n|upkeep\n|\n|t:|1699992466\n|switch|p2a: Aegislash|Aegislash, M|100\/100\n|-item|p2a: Aegislash|Air Balloon\n|turn|17\n|\n|t:|1699992469\n|-terastallize|p2a: Aegislash|Water\n|move|p1a: Milotic|Hydro Pump|p2a: Aegislash|[miss]\n|-miss|p1a: Milotic|p2a: Aegislash\n|move|p2a: Aegislash|Autotomize|p2a: Aegislash\n|-boost|p2a: Aegislash|spe|2\n|-start|p2a: Aegislash|Autotomize\n|\n|-weather|RainDance|[upkeep]\n|upkeep\n|turn|18\n|\n|t:|1699992481\n|-formechange|p2a: Aegislash|Aegislash-Blade||[from] ability: Stance Change\n|move|p2a: Aegislash|Shadow Ball|p1a: Milotic\n|-damage|p1a: Milotic|58\/100\n|move|p1a: Milotic|Hydro Pump|p2a: Aegislash|[miss]\n|-miss|p1a: Milotic|p2a: Aegislash\n|\n|-weather|RainDance|[upkeep]\n|upkeep\n|turn|19\n|\n|t:|1699992488\n|move|p2a: Aegislash|Shadow Ball|p1a: Milotic\n|-damage|p1a: Milotic|15\/100\n|move|p1a: Milotic|Hydro Pump|p2a: Aegislash\n|-resisted|p2a: Aegislash\n|-damage|p2a: Aegislash|0 fnt\n|-enditem|p2a: Aegislash|Air Balloon\n|faint|p2a: Aegislash\n|\n|-weather|RainDance|[upkeep]\n|upkeep\n|\n|t:|1699992496\n|switch|p2a: Incineroar|Incineroar, F|76\/100\n|-ability|p2a: Incineroar|Intimidate|boost\n|-unboost|p1a: Milotic|atk|1\n|-ability|p1a: Milotic|Competitive|boost\n|-boost|p1a: Milotic|spa|2\n|turn|20\n|\n|t:|1699992503\n|move|p1a: Milotic|Hydro Pump|p2a: Incineroar\n|-supereffective|p2a: Incineroar\n|-damage|p2a: Incineroar|0 fnt\n|faint|p2a: Incineroar\n|\n|-weather|RainDance|[upkeep]\n|upkeep\n|-message|Japanese Jazz forfeited.\n|\n|win|BatGuyNoibat\n|raw|BatGuyNoibat's rating: 1223 &rarr; <strong>1248<\/strong><br \/>(+25 for winning)\n|raw|Japanese Jazz's rating: 1217 &rarr; <strong>1192<\/strong><br \/>(-25 for losing)\n|l|\u2606Japanese Jazz\n","uploadtime":1699992512,"views":5,"p1id":"batguynoibat","p2id":"japanesejazz","formatid":"gen9nationaldex","rating":1192,"private":0,"password":""}