{"id":"gen9nationaldex-1999373081","p1":"Illouri","p2":"Huryuijujilo","format":"[Gen 9] National Dex","log":"|html|<div class=\"broadcast-blue\"><strong>[Gen 9] National Dex is currently suspecting Sneasler! For information on how to participate check out the <a href=\"https:\/\/www.smogon.com\/forums\/threads\/sv-national-dex-suspect-8-just-dance.3731534\/\">suspect thread<\/a>.<\/strong><\/div>\n|j|\u2606Illouri\n|j|\u2606Huryuijujilo\n|t:|1701069052\n|gametype|singles\n|player|p1|Illouri|rika|\n|player|p2|Huryuijujilo|clown|\n|teamsize|p1|6\n|teamsize|p2|6\n|gen|9\n|tier|[Gen 9] National Dex\n|rule|HP Percentage Mod: HP is shown in percentages\n|rule|Endless Battle Clause: Forcing endless battles is banned\n|rule|OHKO Clause: OHKO moves are banned\n|rule|Evasion Clause: Evasion abilities, items, and moves are banned\n|rule|Evasion Abilities Clause: Evasion abilities are banned\n|rule|Evasion Items Clause: Evasion items are banned\n|rule|Evasion Moves Clause: Evasion moves are banned\n|rule|Species Clause: Limit one of each Pok\u00e9mon\n|rule|Sleep Clause Mod: Limit one foe put to sleep\n|clearpoke\n|poke|p1|Grimmsnarl, M|\n|poke|p1|Ceruledge, M|\n|poke|p1|Gyarados, F|\n|poke|p1|Rillaboom, M|\n|poke|p1|Iron Valiant|\n|poke|p1|Landorus-Therian, M|\n|poke|p2|Venusaur, F|\n|poke|p2|Snorlax, F|\n|poke|p2|Gliscor, F|\n|poke|p2|Aegislash, M|\n|poke|p2|Cloyster, M|\n|poke|p2|Moltres|\n|teampreview\n|j| virgin to rank 1\n|c|\u2606Illouri|hf\n|\n|t:|1701069068\n|start\n|switch|p1a: Landorus|Landorus-Therian, M|100\/100\n|switch|p2a: Venusaur|Venusaur, F|100\/100\n|-ability|p1a: Landorus|Intimidate|boost\n|-unboost|p2a: Venusaur|atk|1\n|turn|1\n|\n|t:|1701069080\n|detailschange|p2a: Venusaur|Venusaur-Mega, F\n|-mega|p2a: Venusaur|Venusaur|Venusaurite\n|move|p1a: Landorus|Taunt|p2a: Venusaur\n|-start|p2a: Venusaur|move: Taunt\n|move|p2a: Venusaur|Giga Drain|p1a: Landorus\n|-damage|p1a: Landorus|49\/100\n|\n|upkeep\n|turn|2\n|\n|t:|1701069088\n|move|p1a: Landorus|Explosion|p2a: Venusaur\n|-damage|p2a: Venusaur|25\/100\n|faint|p1a: Landorus\n|move|p2a: Venusaur|Sludge Bomb|p1: Landorus|[notarget]\n|-fail|p2a: Venusaur\n|\n|upkeep\n|\n|t:|1701069092\n|switch|p1a: Ceruledge|Ceruledge, M|100\/100\n|turn|3\n|\n|t:|1701069102\n|switch|p2a: Snorlax|Snorlax, F|100\/100\n|move|p1a: Ceruledge|Swords Dance|p1a: Ceruledge\n|-boost|p1a: Ceruledge|atk|2\n|\n|upkeep\n|turn|4\n|\n|t:|1701069126\n|-terastallize|p2a: Snorlax|Ghost\n|move|p1a: Ceruledge|Bitter Blade|p2a: Snorlax\n|-damage|p2a: Snorlax|63\/100\n|move|p2a: Snorlax|Curse|p1a: Ceruledge\n|-start|p1a: Ceruledge|Curse|[of] p2a: Snorlax\n|-damage|p2a: Snorlax|13\/100\n|\n|-damage|p1a: Ceruledge|76\/100|[from] Curse\n|upkeep\n|turn|5\n|\n|t:|1701069138\n|switch|p2a: Moltres|Moltres|100\/100\n|move|p1a: Ceruledge|Shadow Sneak|p2a: Moltres\n|-damage|p2a: Moltres|66\/100\n|\n|-damage|p1a: Ceruledge|51\/100|[from] Curse\n|upkeep\n|turn|6\n|c|\u2606Illouri|mm\n|c|\u2606Illouri|i see\n|\n|t:|1701069151\n|switch|p1a: Grimmsnarl|Grimmsnarl, M|100\/100\n|move|p2a: Moltres|Hurricane|p1a: Grimmsnarl\n|-damage|p1a: Grimmsnarl|55\/100\n|-start|p1a: Grimmsnarl|confusion\n|\n|upkeep\n|turn|7\n|\n|t:|1701069159\n|-activate|p1a: Grimmsnarl|confusion\n|move|p1a: Grimmsnarl|Light Screen|p1a: Grimmsnarl\n|-sidestart|p1: Illouri|move: Light Screen\n|move|p2a: Moltres|Hurricane|p1a: Grimmsnarl\n|-damage|p1a: Grimmsnarl|34\/100\n|\n|upkeep\n|turn|8\n|\n|t:|1701069170\n|switch|p1a: Ceruledge|Ceruledge, M|51\/100\n|move|p2a: Moltres|Defog|p1a: Ceruledge\n|-unboost|p1a: Ceruledge|evasion|1\n|-sideend|p1: Illouri|move: Light Screen\n|\n|upkeep\n|turn|9\n|j| prince5\n|\n|t:|1701069182\n|move|p1a: Ceruledge|Swords Dance|p1a: Ceruledge\n|-boost|p1a: Ceruledge|atk|2\n|move|p2a: Moltres|Hurricane|p1a: Ceruledge\n|-damage|p1a: Ceruledge|0 fnt\n|faint|p1a: Ceruledge\n|\n|upkeep\n|\n|t:|1701069189\n|switch|p1a: Grimmsnarl|Grimmsnarl, M|34\/100\n|turn|10\n|c|\u2606Illouri|im selling\n|\n|t:|1701069196\n|switch|p2a: Aegislash|Aegislash, M|100\/100\n|move|p1a: Grimmsnarl|Light Screen|p1a: Grimmsnarl\n|-sidestart|p1: Illouri|move: Light Screen\n|\n|upkeep\n|turn|11\n|\n|t:|1701069201\n|move|p1a: Grimmsnarl|Taunt|p2a: Aegislash\n|-start|p2a: Aegislash|move: Taunt\n|cant|p2a: Aegislash|move: Taunt|Swords Dance\n|\n|upkeep\n|turn|12\n|\n|t:|1701069207\n|move|p1a: Grimmsnarl|Reflect|p1a: Grimmsnarl\n|-sidestart|p1: Illouri|Reflect\n|-formechange|p2a: Aegislash|Aegislash-Blade||[from] ability: Stance Change\n|move|p2a: Aegislash|Iron Head|p1a: Grimmsnarl\n|-supereffective|p1a: Grimmsnarl\n|-crit|p1a: Grimmsnarl\n|-damage|p1a: Grimmsnarl|0 fnt\n|faint|p1a: Grimmsnarl\n|-damage|p2a: Aegislash|91\/100|[from] item: Life Orb\n|\n|upkeep\n|\n|t:|1701069212\n|switch|p1a: Gyarados|Gyarados, F|100\/100\n|-ability|p1a: Gyarados|Intimidate|boost\n|-unboost|p2a: Aegislash|atk|1\n|turn|13\n|c|\u2606Illouri|nvm ill be fine\n|\n|t:|1701069228\n|switch|p2a: Moltres|Moltres|66\/100\n|move|p1a: Gyarados|Substitute|p1a: Gyarados\n|-start|p1a: Gyarados|Substitute\n|-damage|p1a: Gyarados|76\/100\n|\n|upkeep\n|turn|14\n|\n|t:|1701069235\n|detailschange|p1a: Gyarados|Gyarados-Mega, F\n|-mega|p1a: Gyarados|Gyarados|Gyaradosite\n|-ability|p1a: Gyarados|Mold Breaker\n|move|p1a: Gyarados|Dragon Dance|p1a: Gyarados\n|-boost|p1a: Gyarados|atk|1\n|-boost|p1a: Gyarados|spe|1\n|move|p2a: Moltres|Hurricane|p1a: Gyarados\n|-end|p1a: Gyarados|Substitute\n|\n|upkeep\n|turn|15\n|c|\u2606Illouri|aight chat\n|c|\u2606Illouri|30%\n|c|\u2606Illouri|here we go\n|\n|t:|1701069257\n|move|p1a: Gyarados|Waterfall|p2a: Moltres\n|-supereffective|p2a: Moltres\n|-damage|p2a: Moltres|0 fnt\n|-status|p1a: Gyarados|brn|[from] ability: Flame Body|[of] p2a: Moltres\n|faint|p2a: Moltres\n|\n|-damage|p1a: Gyarados|70\/100 brn|[from] brn\n|upkeep\n|c|\u2606Illouri|FUCK\n|j|+Avaritia~!\n|\n|t:|1701069265\n|switch|p2a: Cloyster|Cloyster, M|100\/100\n|turn|16\n|\n|t:|1701069270\n|move|p1a: Gyarados|Crunch|p2a: Cloyster\n|-damage|p2a: Cloyster|70\/100\n|move|p2a: Cloyster|Shell Smash|p2a: Cloyster\n|-unboost|p2a: Cloyster|def|1\n|-unboost|p2a: Cloyster|spd|1\n|-boost|p2a: Cloyster|atk|2\n|-boost|p2a: Cloyster|spa|2\n|-boost|p2a: Cloyster|spe|2\n|-enditem|p2a: Cloyster|White Herb\n|-clearnegativeboost|p2a: Cloyster|[silent]\n|\n|-damage|p1a: Gyarados|64\/100 brn|[from] brn\n|upkeep\n|turn|17\n|\n|t:|1701069284\n|move|p2a: Cloyster|Rock Blast|p1a: Gyarados\n|-damage|p1a: Gyarados|56\/100 brn\n|-damage|p1a: Gyarados|49\/100 brn\n|-damage|p1a: Gyarados|41\/100 brn\n|-damage|p1a: Gyarados|33\/100 brn\n|-damage|p1a: Gyarados|26\/100 brn\n|-hitcount|p1a: Gyarados|5\n|move|p1a: Gyarados|Dragon Dance|p1a: Gyarados\n|-boost|p1a: Gyarados|atk|1\n|-boost|p1a: Gyarados|spe|1\n|\n|-damage|p1a: Gyarados|20\/100 brn|[from] brn\n|-sideend|p1: Illouri|move: Light Screen\n|upkeep\n|turn|18\n|\n|t:|1701069301\n|move|p1a: Gyarados|Crunch|p2a: Cloyster\n|-damage|p2a: Cloyster|34\/100\n|move|p2a: Cloyster|Rock Blast|p1a: Gyarados\n|-crit|p1a: Gyarados\n|-damage|p1a: Gyarados|0 fnt\n|faint|p1a: Gyarados\n|-hitcount|p1: Gyarados|1\n|\n|upkeep\n|\n|t:|1701069319\n|switch|p1a: Rillaboom|Rillaboom, M|100\/100\n|-fieldstart|move: Grassy Terrain|[from] ability: Grassy Surge|[of] p1a: Rillaboom\n|turn|19\n|\n|t:|1701069324\n|move|p2a: Cloyster|Ice Shard|p1a: Rillaboom\n|-supereffective|p1a: Rillaboom\n|-damage|p1a: Rillaboom|62\/100\n|move|p1a: Rillaboom|Grassy Glide|p2a: Cloyster\n|-supereffective|p2a: Cloyster\n|-damage|p2a: Cloyster|0 fnt\n|faint|p2a: Cloyster\n|-damage|p1a: Rillaboom|53\/100|[from] item: Life Orb\n|\n|-heal|p1a: Rillaboom|59\/100|[from] Grassy Terrain\n|-sideend|p1: Illouri|Reflect\n|upkeep\n|\n|t:|1701069336\n|switch|p2a: Aegislash|Aegislash, M|91\/100\n|turn|20\n|\n|t:|1701069349\n|move|p1a: Rillaboom|Swords Dance|p1a: Rillaboom\n|-boost|p1a: Rillaboom|atk|2\n|-formechange|p2a: Aegislash|Aegislash-Blade||[from] ability: Stance Change\n|move|p2a: Aegislash|Iron Head|p1a: Rillaboom\n|-damage|p1a: Rillaboom|0 fnt\n|faint|p1a: Rillaboom\n|-damage|p2a: Aegislash|81\/100|[from] item: Life Orb\n|\n|-heal|p2a: Aegislash|87\/100|[from] Grassy Terrain\n|upkeep\n|\n|t:|1701069355\n|switch|p1a: Iron Valiant|Iron Valiant|100\/100\n|-enditem|p1a: Iron Valiant|Booster Energy\n|-activate|p1a: Iron Valiant|ability: Quark Drive|[fromitem]\n|-start|p1a: Iron Valiant|quarkdrivespe\n|turn|21\n|\n|t:|1701069365\n|-terastallize|p1a: Iron Valiant|Steel\n|-formechange|p2a: Aegislash|Aegislash||[from] ability: Stance Change\n|move|p2a: Aegislash|King's Shield|p2a: Aegislash\n|-singleturn|p2a: Aegislash|Protect\n|move|p1a: Iron Valiant|Calm Mind|p1a: Iron Valiant\n|-boost|p1a: Iron Valiant|spa|1\n|-boost|p1a: Iron Valiant|spd|1\n|\n|-heal|p2a: Aegislash|93\/100|[from] Grassy Terrain\n|upkeep\n|turn|22\n|\n|t:|1701069391\n|move|p1a: Iron Valiant|Thunderbolt|p2a: Aegislash\n|-damage|p2a: Aegislash|54\/100\n|move|p2a: Aegislash|Swords Dance|p2a: Aegislash\n|-boost|p2a: Aegislash|atk|2\n|\n|-heal|p2a: Aegislash|60\/100|[from] Grassy Terrain\n|upkeep\n|turn|23\n|\n|t:|1701069402\n|move|p1a: Iron Valiant|Thunderbolt|p2a: Aegislash\n|-damage|p2a: Aegislash|17\/100\n|-formechange|p2a: Aegislash|Aegislash-Blade||[from] ability: Stance Change\n|move|p2a: Aegislash|Iron Head|p1a: Iron Valiant\n|-resisted|p1a: Iron Valiant\n|-damage|p1a: Iron Valiant|18\/100\n|-damage|p2a: Aegislash|7\/100|[from] item: Life Orb\n|\n|-heal|p1a: Iron Valiant|24\/100|[from] Grassy Terrain\n|-heal|p2a: Aegislash|14\/100|[from] Grassy Terrain\n|-fieldend|move: Grassy Terrain\n|upkeep\n|turn|24\n|c|\u2606Huryuijujilo|Gg\n|c|\u2606Illouri|gg\n|\n|t:|1701069426\n|move|p2a: Aegislash|Shadow Sneak|p1a: Iron Valiant\n|-damage|p1a: Iron Valiant|0 fnt\n|faint|p1a: Iron Valiant\n|-end|p1a: Iron Valiant|Quark Drive|[silent]\n|-damage|p2a: Aegislash|4\/100|[from] item: Life Orb\n|\n|win|Huryuijujilo\n|l| virgin to rank 1\n|l|\u2606Illouri\n","uploadtime":1701069441,"views":4,"p1id":"illouri","p2id":"huryuijujilo","formatid":"gen9nationaldex","rating":0,"private":0,"password":""}