{"id":"gen9nationaldex-1993187179","p1":"runeatest","p2":"coolmanchew666","format":"[Gen 9] National Dex","log":"|j|\u2606runeatest\n|j|\u2606coolmanchew666\n|t:|1700275497\n|gametype|singles\n|player|p1|runeatest|fisherman-gen4|1176\n|player|p2|coolmanchew666|sabrina|1078\n|teamsize|p1|6\n|teamsize|p2|6\n|gen|9\n|tier|[Gen 9] National Dex\n|rated|\n|rule|HP Percentage Mod: HP is shown in percentages\n|rule|Endless Battle Clause: Forcing endless battles is banned\n|rule|OHKO Clause: OHKO moves are banned\n|rule|Evasion Clause: Evasion abilities, items, and moves are banned\n|rule|Evasion Abilities Clause: Evasion abilities are banned\n|rule|Evasion Items Clause: Evasion items are banned\n|rule|Evasion Moves Clause: Evasion moves are banned\n|rule|Species Clause: Limit one of each Pok\u00e9mon\n|rule|Sleep Clause Mod: Limit one foe put to sleep\n|clearpoke\n|poke|p1|Glaceon, M|\n|poke|p1|Flygon, M|\n|poke|p1|Emolga, M|\n|poke|p1|Marowak-Alola, M|\n|poke|p1|Sirfetch\u2019d, M|\n|poke|p1|Lapras, M|\n|poke|p2|Golurk|\n|poke|p2|Maushold-Four|\n|poke|p2|Chimecho, M|\n|poke|p2|Ninetales, F|\n|poke|p2|Bellossom, F|\n|poke|p2|Wailord, F|\n|teampreview\n|inactive|Battle timer is ON: inactive players will automatically lose when time's up. (requested by runeatest)\n|\n|t:|1700275501\n|start\n|switch|p1a: Marowak|Marowak-Alola, M|100\/100\n|switch|p2a: Golurk|Golurk|100\/100\n|turn|1\n|\n|t:|1700275507\n|move|p2a: Golurk|Magic Coat|p2a: Golurk\n|-singleturn|p2a: Golurk|move: Magic Coat\n|move|p1a: Marowak|Poltergeist|p2a: Golurk\n|-activate|p2a: Golurk|move: Poltergeist|Toxic Orb\n|-supereffective|p2a: Golurk\n|-damage|p2a: Golurk|0 fnt\n|faint|p2a: Golurk\n|\n|upkeep\n|\n|t:|1700275518\n|switch|p2a: Wailord|Wailord, F|100\/100\n|turn|2\n|\n|t:|1700275522\n|switch|p1a: Lapras|Lapras, M|100\/100\n|move|p2a: Wailord|Hydro Pump|p1a: Lapras\n|-immune|p1a: Lapras|[from] ability: Water Absorb\n|\n|upkeep\n|turn|3\n|\n|t:|1700275530\n|move|p1a: Lapras|Freeze-Dry|p2a: Wailord\n|-supereffective|p2a: Wailord\n|-damage|p2a: Wailord|60\/100\n|move|p2a: Wailord|Roar|p1a: Lapras\n|drag|p1a: Sirfetch\u2019d|Sirfetch\u2019d, M|100\/100\n|\n|upkeep\n|turn|4\n|inactive|runeatest has 120 seconds left.\n|inactive|runeatest has 90 seconds left.\n|\n|t:|1700275605\n|move|p1a: Sirfetch\u2019d|Leaf Blade|p2a: Wailord\n|-supereffective|p2a: Wailord\n|-crit|p2a: Wailord\n|-damage|p2a: Wailord|0 fnt\n|faint|p2a: Wailord\n|\n|upkeep\n|\n|t:|1700275614\n|switch|p2a: Chimecho|Chimecho, M|100\/100\n|turn|5\n|inactive|runeatest has 90 seconds left.\n|\n|t:|1700275620\n|switch|p1a: Marowak|Marowak-Alola, M|100\/100\n|move|p2a: Chimecho|Yawn|p1a: Marowak\n|-start|p1a: Marowak|move: Yawn|[of] p2a: Chimecho\n|\n|upkeep\n|turn|6\n|\n|t:|1700275633\n|switch|p2a: Maushold|Maushold-Four|100\/100\n|move|p1a: Marowak|Poltergeist|p2a: Maushold\n|-immune|p2a: Maushold\n|\n|-end|p1a: Marowak|move: Yawn|[silent]\n|-status|p1a: Marowak|slp\n|upkeep\n|turn|7\n|\n|t:|1700275647\n|move|p2a: Maushold|Encore|p1a: Marowak\n|-start|p1a: Marowak|Encore\n|cant|p1a: Marowak|slp\n|\n|upkeep\n|turn|8\n|\n|t:|1700275654\n|switch|p2a: Chimecho|Chimecho, M|100\/100\n|switch|p1a: Emolga|Emolga, M|100\/100\n|\n|upkeep\n|turn|9\n|\n|t:|1700275660\n|move|p1a: Emolga|Nuzzle|p2a: Chimecho\n|-damage|p2a: Chimecho|95\/100\n|-status|p2a: Chimecho|par\n|move|p2a: Chimecho|Yawn|p1a: Emolga\n|-start|p1a: Emolga|move: Yawn|[of] p2a: Chimecho\n|\n|upkeep\n|turn|10\n|\n|t:|1700275669\n|switch|p1a: Lapras|Lapras, M|100\/100\n|move|p2a: Chimecho|Draining Kiss|p1a: Lapras\n|-damage|p1a: Lapras|90\/100\n|-heal|p2a: Chimecho|100\/100 par|[from] drain|[of] p1a: Lapras\n|\n|-heal|p1a: Lapras|96\/100|[from] item: Leftovers\n|upkeep\n|turn|11\n|inactive|runeatest has 120 seconds left.\n|\n|t:|1700275678\n|move|p1a: Lapras|Heal Bell|p1a: Lapras\n|-activate|p1a: Lapras|move: Heal Bell\n|-curestatus|p1: Marowak|slp|[msg]\n|move|p2a: Chimecho|Yawn|p1a: Lapras\n|-start|p1a: Lapras|move: Yawn|[of] p2a: Chimecho\n|\n|-heal|p1a: Lapras|100\/100|[from] item: Leftovers\n|upkeep\n|turn|12\n|\n|t:|1700275686\n|switch|p1a: Marowak|Marowak-Alola, M|100\/100\n|cant|p2a: Chimecho|par\n|\n|upkeep\n|turn|13\n|\n|t:|1700275692\n|switch|p2a: Maushold|Maushold-Four|100\/100\n|move|p1a: Marowak|Flare Blitz|p2a: Maushold\n|-damage|p2a: Maushold|0 fnt\n|-damage|p1a: Marowak|84\/100|[from] item: Rocky Helmet|[of] p2a: Maushold\n|faint|p2a: Maushold\n|\n|upkeep\n|\n|t:|1700275717\n|switch|p2a: Chimecho|Chimecho, M|100\/100 par\n|turn|14\n|\n|t:|1700275726\n|move|p1a: Marowak|Poltergeist|p2a: Chimecho\n|-activate|p2a: Chimecho|move: Poltergeist|Focus Sash\n|-supereffective|p2a: Chimecho\n|-enditem|p2a: Chimecho|Focus Sash\n|-damage|p2a: Chimecho|1\/100 par\n|move|p2a: Chimecho|Yawn|p1a: Marowak\n|-start|p1a: Marowak|move: Yawn|[of] p2a: Chimecho\n|\n|upkeep\n|turn|15\n|\n|t:|1700275735\n|switch|p1a: Glaceon|Glaceon, M|100\/100\n|cant|p2a: Chimecho|par\n|\n|upkeep\n|turn|16\n|\n|t:|1700275740\n|move|p1a: Glaceon|Shadow Ball|p2a: Chimecho\n|-supereffective|p2a: Chimecho\n|-damage|p2a: Chimecho|0 fnt\n|faint|p2a: Chimecho\n|\n|upkeep\n|\n|t:|1700275747\n|switch|p2a: Ninetales|Ninetales, F|100\/100\n|-weather|SunnyDay|[from] ability: Drought|[of] p2a: Ninetales\n|turn|17\n|\n|t:|1700275751\n|switch|p1a: Marowak|Marowak-Alola, M|84\/100\n|move|p2a: Ninetales|Solar Beam||[still]\n|-prepare|p2a: Ninetales|Solar Beam\n|-anim|p2a: Ninetales|Solar Beam|p1a: Marowak\n|-resisted|p1a: Marowak\n|-damage|p1a: Marowak|66\/100\n|\n|-weather|SunnyDay|[upkeep]\n|upkeep\n|turn|18\n|\n|t:|1700275761\n|move|p2a: Ninetales|Nasty Plot|p2a: Ninetales\n|-boost|p2a: Ninetales|spa|2\n|move|p1a: Marowak|Bonemerang|p2a: Ninetales\n|-supereffective|p2a: Ninetales\n|-damage|p2a: Ninetales|13\/100\n|-supereffective|p2a: Ninetales\n|-damage|p2a: Ninetales|0 fnt\n|faint|p2a: Ninetales\n|-hitcount|p2: Ninetales|2\n|\n|-weather|SunnyDay|[upkeep]\n|upkeep\n|\n|t:|1700275770\n|switch|p2a: Bellossom|Bellossom, F|100\/100\n|turn|19\n|\n|t:|1700275775\n|move|p2a: Bellossom|Moonblast|p1a: Marowak\n|-resisted|p1a: Marowak\n|-damage|p1a: Marowak|47\/100\n|-unboost|p1a: Marowak|spa|1\n|move|p1a: Marowak|Flare Blitz|p2a: Bellossom\n|-supereffective|p2a: Bellossom\n|-damage|p2a: Bellossom|0 fnt\n|faint|p2a: Bellossom\n|\n|win|runeatest\n|raw|runeatest's rating: 1176 &rarr; <strong>1194<\/strong><br \/>(+18 for winning)\n|raw|coolmanchew666's rating: 1078 &rarr; <strong>1062<\/strong><br \/>(-16 for losing)\n|l|\u2606coolmanchew666\n","uploadtime":1700275787,"views":7,"p1id":"runeatest","p2id":"coolmanchew666","formatid":"gen9nationaldex","rating":1062,"private":0,"password":""}