{"id":"gen9nationaldex-1988770140","p1":"Fallout 3 Enjoyer","p2":"StrikeV22","format":"[Gen 9] National Dex","log":"|j|\u2606Fallout 3 Enjoyer\n|j|\u2606StrikeV22\n|t:|1699760860\n|gametype|singles\n|player|p1|Fallout 3 Enjoyer|acetrainerf|1233\n|player|p2|StrikeV22|2|1309\n|teamsize|p1|6\n|teamsize|p2|6\n|gen|9\n|tier|[Gen 9] National Dex\n|rated|\n|rule|HP Percentage Mod: HP is shown in percentages\n|rule|Endless Battle Clause: Forcing endless battles is banned\n|rule|OHKO Clause: OHKO moves are banned\n|rule|Evasion Clause: Evasion abilities, items, and moves are banned\n|rule|Evasion Abilities Clause: Evasion abilities are banned\n|rule|Evasion Items Clause: Evasion items are banned\n|rule|Evasion Moves Clause: Evasion moves are banned\n|rule|Species Clause: Limit one of each Pok\u00e9mon\n|rule|Sleep Clause Mod: Limit one foe put to sleep\n|clearpoke\n|poke|p1|Clodsire, F|\n|poke|p1|Bellibolt, F|\n|poke|p1|Politoed, F|\n|poke|p1|Poliwrath, M|\n|poke|p1|Swampert, F|\n|poke|p1|Toxicroak, M|\n|poke|p2|Ogerpon-Wellspring, F|\n|poke|p2|Heatran, M|\n|poke|p2|Ursaluna, M|\n|poke|p2|Tornadus-Therian, M|\n|poke|p2|Iron Valiant|\n|poke|p2|Weavile, M|\n|teampreview\n|inactive|Battle timer is ON: inactive players will automatically lose when time's up. (requested by StrikeV22)\n|inactive|Fallout 3 Enjoyer also wants the timer to be on.\n|\n|t:|1699760881\n|start\n|switch|p1a: Wet Frog|Politoed, F, shiny|100\/100\n|switch|p2a: Ogerpon|Ogerpon-Wellspring, F|100\/100\n|-weather|RainDance|[from] ability: Drizzle|[of] p1a: Wet Frog\n|turn|1\n|\n|t:|1699760893\n|switch|p1a: Dart Frog|Toxicroak, M|100\/100\n|move|p2a: Ogerpon|Swords Dance|p2a: Ogerpon\n|-boost|p2a: Ogerpon|atk|2\n|\n|-weather|RainDance|[upkeep]\n|upkeep\n|turn|2\n|\n|t:|1699760900\n|-terastallize|p2a: Ogerpon|Water\n|detailschange|p2a: Ogerpon|Ogerpon-Wellspring-Tera, F, tera:Water\n|-ability|p2a: Ogerpon|Embody Aspect (Wellspring)|boost\n|-boost|p2a: Ogerpon|spd|1\n|move|p1a: Dart Frog|Fake Out|p2a: Ogerpon\n|-damage|p2a: Ogerpon|84\/100\n|cant|p2a: Ogerpon|flinch\n|\n|-weather|RainDance|[upkeep]\n|upkeep\n|turn|3\n|\n|t:|1699760907\n|move|p2a: Ogerpon|Ivy Cudgel|p1a: Dart Frog\n|-immune|p1a: Dart Frog|[from] ability: Dry Skin\n|move|p1a: Dart Frog|Poison Jab|p2a: Ogerpon\n|-damage|p2a: Ogerpon|35\/100\n|\n|-weather|RainDance|[upkeep]\n|upkeep\n|turn|4\n|\n|t:|1699760912\n|move|p2a: Ogerpon|U-turn|p1a: Dart Frog\n|-resisted|p1a: Dart Frog\n|-damage|p1a: Dart Frog|78\/100\n|\n|t:|1699760915\n|switch|p2a: Heatran|Heatran, M|100\/100|[from] U-turn\n|move|p1a: Dart Frog|Poison Jab|p2a: Heatran\n|-immune|p2a: Heatran\n|\n|-weather|RainDance|[upkeep]\n|-heal|p1a: Dart Frog|91\/100|[from] ability: Dry Skin\n|upkeep\n|turn|5\n|\n|t:|1699760922\n|move|p2a: Heatran|Earth Power|p1a: Dart Frog\n|-supereffective|p1a: Dart Frog\n|-damage|p1a: Dart Frog|0 fnt\n|faint|p1a: Dart Frog\n|\n|-weather|RainDance|[upkeep]\n|upkeep\n|\n|t:|1699760929\n|switch|p1a: Wet Frog|Politoed, F, shiny|100\/100\n|turn|6\n|\n|t:|1699760935\n|switch|p2a: Ogerpon|Ogerpon-Wellspring-Tera, F, tera:Water|35\/100\n|-ability|p2a: Ogerpon|Embody Aspect (Wellspring)|boost\n|-boost|p2a: Ogerpon|spd|1\n|move|p1a: Wet Frog|Scald|p2a: Ogerpon\n|-resisted|p2a: Ogerpon\n|-damage|p2a: Ogerpon|19\/100\n|\n|-weather|RainDance|[upkeep]\n|upkeep\n|turn|7\n|\n|t:|1699760948\n|-terastallize|p1a: Wet Frog|Grass\n|move|p2a: Ogerpon|Horn Leech|p1a: Wet Frog\n|-resisted|p1a: Wet Frog\n|-damage|p1a: Wet Frog|74\/100\n|-heal|p2a: Ogerpon|35\/100|[from] drain|[of] p1a: Wet Frog\n|move|p1a: Wet Frog|Earth Power|p2a: Ogerpon\n|-damage|p2a: Ogerpon|19\/100\n|\n|-weather|RainDance|[upkeep]\n|upkeep\n|turn|8\n|\n|t:|1699760957\n|move|p2a: Ogerpon|U-turn|p1a: Wet Frog\n|-supereffective|p1a: Wet Frog\n|-damage|p1a: Wet Frog|18\/100\n|\n|t:|1699760961\n|switch|p2a: Tornadus|Tornadus-Therian, M|100\/100|[from] U-turn\n|move|p1a: Wet Frog|Scald|p2a: Tornadus\n|-damage|p2a: Tornadus|61\/100\n|\n|-weather|none\n|upkeep\n|turn|9\n|\n|t:|1699760966\n|switch|p1a: Charge Frog|Bellibolt, F|100\/100\n|move|p2a: Tornadus|U-turn|p1a: Charge Frog\n|-damage|p1a: Charge Frog|91\/100\n|-start|p1a: Charge Frog|Charge|U-turn|[from] ability: Electromorphosis\n|\n|t:|1699760978\n|switch|p2a: Ursaluna|Ursaluna, M|100\/100|[from] U-turn\n|\n|-heal|p1a: Charge Frog|98\/100|[from] item: Leftovers\n|upkeep\n|turn|10\n|\n|t:|1699760982\n|move|p2a: Ursaluna|Earthquake|p1a: Charge Frog\n|-supereffective|p1a: Charge Frog\n|-damage|p1a: Charge Frog|37\/100\n|-start|p1a: Charge Frog|Charge|Earthquake|[from] ability: Electromorphosis\n|move|p1a: Charge Frog|Muddy Water|p2a: Ursaluna\n|-supereffective|p2a: Ursaluna\n|-damage|p2a: Ursaluna|64\/100\n|-unboost|p2a: Ursaluna|accuracy|1\n|\n|-heal|p1a: Charge Frog|44\/100|[from] item: Leftovers\n|upkeep\n|turn|11\n|\n|t:|1699760991\n|move|p2a: Ursaluna|Earthquake|p1a: Charge Frog\n|-supereffective|p1a: Charge Frog\n|-damage|p1a: Charge Frog|0 fnt\n|faint|p1a: Charge Frog\n|\n|upkeep\n|\n|t:|1699760994\n|switch|p1a: Wet Frog|Politoed, F, shiny, tera:Grass|18\/100\n|-weather|RainDance|[from] ability: Drizzle|[of] p1a: Wet Frog\n|turn|12\n|\n|t:|1699761001\n|switch|p1a: Roid Frog|Swampert, F|100\/100\n|switch|p2a: Tornadus|Tornadus-Therian, M|94\/100\n|\n|-weather|RainDance|[upkeep]\n|upkeep\n|turn|13\n|\n|t:|1699761024\n|detailschange|p1a: Roid Frog|Swampert-Mega, F\n|-mega|p1a: Roid Frog|Swampert|Swampertite\n|move|p1a: Roid Frog|Liquidation|p2a: Tornadus\n|-damage|p2a: Tornadus|6\/100\n|-unboost|p2a: Tornadus|def|1\n|move|p2a: Tornadus|Bleakwind Storm|p1a: Roid Frog\n|-damage|p1a: Roid Frog|67\/100\n|\n|-weather|RainDance|[upkeep]\n|upkeep\n|turn|14\n|\n|t:|1699761032\n|switch|p2a: Ogerpon|Ogerpon-Wellspring-Tera, F, tera:Water|19\/100\n|-ability|p2a: Ogerpon|Embody Aspect (Wellspring)|boost\n|-boost|p2a: Ogerpon|spd|1\n|move|p1a: Roid Frog|Liquidation|p2a: Ogerpon\n|-resisted|p2a: Ogerpon\n|-damage|p2a: Ogerpon|0 fnt\n|faint|p2a: Ogerpon\n|\n|-weather|RainDance|[upkeep]\n|upkeep\n|\n|t:|1699761044\n|switch|p2a: Weavile|Weavile, M|100\/100\n|turn|15\n|\n|t:|1699761050\n|move|p1a: Roid Frog|Liquidation|p2a: Weavile\n|-enditem|p2a: Weavile|Focus Sash\n|-damage|p2a: Weavile|1\/100\n|move|p2a: Weavile|Ice Spinner|p1a: Roid Frog\n|-damage|p1a: Roid Frog|32\/100\n|\n|-weather|RainDance|[upkeep]\n|upkeep\n|turn|16\n|\n|t:|1699761064\n|move|p2a: Weavile|Ice Shard|p1a: Roid Frog\n|-damage|p1a: Roid Frog|13\/100\n|move|p1a: Roid Frog|Liquidation|p2a: Weavile\n|-damage|p2a: Weavile|0 fnt\n|faint|p2a: Weavile\n|\n|-weather|RainDance|[upkeep]\n|upkeep\n|\n|t:|1699761081\n|switch|p2a: Heatran|Heatran, M|100\/100\n|turn|17\n|\n|t:|1699761085\n|switch|p2a: Tornadus|Tornadus-Therian, M|39\/100\n|move|p1a: Roid Frog|Earthquake|p2a: Tornadus\n|-immune|p2a: Tornadus\n|\n|-weather|RainDance|[upkeep]\n|upkeep\n|turn|18\n|\n|t:|1699761094\n|switch|p2a: Heatran|Heatran, M|100\/100\n|move|p1a: Roid Frog|Liquidation|p2a: Heatran\n|-supereffective|p2a: Heatran\n|-damage|p2a: Heatran|0 fnt\n|faint|p2a: Heatran\n|\n|-weather|RainDance|[upkeep]\n|upkeep\n|\n|t:|1699761103\n|switch|p2a: Iron Valiant|Iron Valiant|100\/100\n|-enditem|p2a: Iron Valiant|Booster Energy\n|-activate|p2a: Iron Valiant|ability: Quark Drive|[fromitem]\n|-start|p2a: Iron Valiant|quarkdrivespe\n|turn|19\n|\n|t:|1699761110\n|switch|p1a: Chunky Frog|Clodsire, F|100\/100\n|move|p2a: Iron Valiant|Moonblast|p1a: Chunky Frog\n|-resisted|p1a: Chunky Frog\n|-damage|p1a: Chunky Frog|83\/100\n|\n|-weather|none\n|-heal|p1a: Chunky Frog|89\/100|[from] item: Black Sludge\n|upkeep\n|turn|20\n|\n|t:|1699761113\n|move|p2a: Iron Valiant|Psychic|p1a: Chunky Frog\n|-supereffective|p1a: Chunky Frog\n|-damage|p1a: Chunky Frog|46\/100\n|-unboost|p1a: Chunky Frog|spd|1\n|move|p1a: Chunky Frog|Gunk Shot|p2a: Iron Valiant\n|-supereffective|p2a: Iron Valiant\n|-damage|p2a: Iron Valiant|20\/100\n|\n|-heal|p1a: Chunky Frog|52\/100|[from] item: Black Sludge\n|upkeep\n|turn|21\n|\n|t:|1699761122\n|-end|p2a: Iron Valiant|Quark Drive|[silent]\n|switch|p2a: Ursaluna|Ursaluna, M|64\/100\n|move|p1a: Chunky Frog|Earthquake|p2a: Ursaluna\n|-damage|p2a: Ursaluna|49\/100\n|-enditem|p2a: Ursaluna|Sitrus Berry|[eat]\n|-heal|p2a: Ursaluna|74\/100|[from] item: Sitrus Berry\n|\n|-heal|p1a: Chunky Frog|58\/100|[from] item: Black Sludge\n|upkeep\n|turn|22\n|\n|t:|1699761129\n|move|p2a: Ursaluna|Earthquake|p1a: Chunky Frog\n|-supereffective|p1a: Chunky Frog\n|-damage|p1a: Chunky Frog|0 fnt\n|faint|p1a: Chunky Frog\n|\n|upkeep\n|\n|t:|1699761131\n|switch|p1a: Wet Frog|Politoed, F, shiny, tera:Grass|18\/100\n|-weather|RainDance|[from] ability: Drizzle|[of] p1a: Wet Frog\n|turn|23\n|\n|t:|1699761136\n|move|p1a: Wet Frog|Scald|p2a: Ursaluna\n|-supereffective|p2a: Ursaluna\n|-damage|p2a: Ursaluna|5\/100\n|-status|p2a: Ursaluna|brn\n|move|p2a: Ursaluna|Facade|p1a: Wet Frog\n|-damage|p1a: Wet Frog|0 fnt\n|faint|p1a: Wet Frog\n|\n|-weather|RainDance|[upkeep]\n|-damage|p2a: Ursaluna|0 fnt|[from] brn\n|faint|p2a: Ursaluna\n|upkeep\n|\n|t:|1699761143\n|switch|p1a: Roid Frog|Swampert-Mega, F|13\/100\n|switch|p2a: Tornadus|Tornadus-Therian, M|72\/100\n|turn|24\n|\n|t:|1699761148\n|move|p1a: Roid Frog|Liquidation|p2a: Tornadus\n|-damage|p2a: Tornadus|0 fnt\n|faint|p2a: Tornadus\n|\n|-weather|RainDance|[upkeep]\n|upkeep\n|\n|t:|1699761150\n|switch|p2a: Iron Valiant|Iron Valiant|20\/100\n|turn|25\n|\n|t:|1699761152\n|move|p1a: Roid Frog|Liquidation|p2a: Iron Valiant\n|-damage|p2a: Iron Valiant|0 fnt\n|faint|p2a: Iron Valiant\n|-end|p2a: Iron Valiant|Quark Drive|[silent]\n|\n|win|Fallout 3 Enjoyer\n|raw|Fallout 3 Enjoyer's rating: 1233 &rarr; <strong>1263<\/strong><br \/>(+30 for winning)\n|raw|StrikeV22's rating: 1309 &rarr; <strong>1285<\/strong><br \/>(-24 for losing)\n|c|\u2606Fallout 3 Enjoyer|gg\n","uploadtime":1699761156,"views":5,"p1id":"fallout3enjoyer","p2id":"strikev22","formatid":"gen9nationaldex","rating":1263,"private":0,"password":""}