{"id":"gen9nationaldex-1991122037","p1":"LiDek","p2":"Ghetsissss","format":"[Gen 9] National Dex","log":"|j|\u2606LiDek\n|j|\u2606Ghetsissss\n|t:|1700046297\n|gametype|singles\n|player|p1|LiDek|pokekid|1275\n|player|p2|Ghetsissss|1|1315\n|teamsize|p1|6\n|teamsize|p2|6\n|gen|9\n|tier|[Gen 9] National Dex\n|rated|\n|rule|HP Percentage Mod: HP is shown in percentages\n|rule|Endless Battle Clause: Forcing endless battles is banned\n|rule|OHKO Clause: OHKO moves are banned\n|rule|Evasion Clause: Evasion abilities, items, and moves are banned\n|rule|Evasion Abilities Clause: Evasion abilities are banned\n|rule|Evasion Items Clause: Evasion items are banned\n|rule|Evasion Moves Clause: Evasion moves are banned\n|rule|Species Clause: Limit one of each Pok\u00e9mon\n|rule|Sleep Clause Mod: Limit one foe put to sleep\n|clearpoke\n|poke|p1|Rillaboom, F|\n|poke|p1|Heatran, M|\n|poke|p1|Urshifu-*, M|\n|poke|p1|Slowking-Galar, F|\n|poke|p1|Thundurus-Therian, M|\n|poke|p1|Weezing-Galar, M|\n|poke|p2|Gigalith, F|\n|poke|p2|Hydreigon, M|\n|poke|p2|Serperior, M|\n|poke|p2|Cofagrigus, F|\n|poke|p2|Excadrill, M|\n|poke|p2|Galvantula, M|\n|teampreview\n|inactive|Battle timer is ON: inactive players will automatically lose when time's up. (requested by LiDek)\n|\n|t:|1700046324\n|start\n|switch|p1a: Rillaboom|Rillaboom, F|100\/100\n|switch|p2a: lowtierspider|Galvantula, M|100\/100\n|-fieldstart|move: Grassy Terrain|[from] ability: Grassy Surge|[of] p1a: Rillaboom\n|turn|1\n|\n|t:|1700046337\n|move|p2a: lowtierspider|Sticky Web|p1a: Rillaboom\n|-sidestart|p1: LiDek|move: Sticky Web\n|move|p1a: Rillaboom|Knock Off|p2a: lowtierspider\n|-damage|p2a: lowtierspider|8\/100\n|-enditem|p2a: lowtierspider|Focus Sash|[from] move: Knock Off|[of] p1a: Rillaboom\n|\n|-heal|p2a: lowtierspider|14\/100|[from] Grassy Terrain\n|upkeep\n|turn|2\n|\n|t:|1700046342\n|move|p2a: lowtierspider|Hidden Power|p1a: Rillaboom\n|-supereffective|p1a: Rillaboom\n|-damage|p1a: Rillaboom|54\/100\n|move|p1a: Rillaboom|Knock Off|p2a: lowtierspider\n|-damage|p2a: lowtierspider|0 fnt\n|faint|p2a: lowtierspider\n|\n|-heal|p1a: Rillaboom|60\/100|[from] Grassy Terrain\n|upkeep\n|\n|t:|1700046357\n|switch|p2a: Serperior|Serperior, M|100\/100\n|turn|3\n|\n|t:|1700046370\n|move|p2a: Serperior|Leaf Storm|p1a: Rillaboom\n|-resisted|p1a: Rillaboom\n|-damage|p1a: Rillaboom|12\/100\n|-boost|p2a: Serperior|spa|2\n|move|p1a: Rillaboom|Knock Off|p2a: Serperior\n|-damage|p2a: Serperior|39\/100\n|-enditem|p2a: Serperior|Miracle Seed|[from] move: Knock Off|[of] p1a: Rillaboom\n|\n|-heal|p2a: Serperior|45\/100|[from] Grassy Terrain\n|-heal|p1a: Rillaboom|18\/100|[from] Grassy Terrain\n|upkeep\n|turn|4\n|\n|t:|1700046376\n|move|p2a: Serperior|Leaf Storm|p1a: Rillaboom\n|-resisted|p1a: Rillaboom\n|-damage|p1a: Rillaboom|0 fnt\n|-boost|p2a: Serperior|spa|2\n|faint|p1a: Rillaboom\n|\n|-heal|p2a: Serperior|51\/100|[from] Grassy Terrain\n|upkeep\n|\n|t:|1700046381\n|switch|p1a: Heatran|Heatran, M|100\/100\n|-activate|p1a: Heatran|move: Sticky Web\n|-unboost|p1a: Heatran|spe|1\n|turn|5\n|\n|t:|1700046386\n|move|p2a: Serperior|Leaf Storm|p1a: Heatran\n|-resisted|p1a: Heatran\n|-damage|p1a: Heatran|72\/100\n|-boost|p2a: Serperior|spa|2\n|move|p1a: Heatran|Magma Storm|p2a: Serperior\n|-supereffective|p2a: Serperior\n|-damage|p2a: Serperior|0 fnt\n|faint|p2a: Serperior\n|\n|-heal|p1a: Heatran|78\/100|[from] Grassy Terrain\n|-heal|p1a: Heatran|84\/100|[from] item: Leftovers\n|-fieldend|move: Grassy Terrain\n|upkeep\n|\n|t:|1700046393\n|switch|p2a: forgot about this?|Excadrill, M|100\/100\n|turn|6\n|\n|t:|1700046401\n|switch|p1a: Thundurus|Thundurus-Therian, M|100\/100\n|move|p2a: forgot about this?|Earthquake|p1a: Thundurus\n|-immune|p1a: Thundurus\n|\n|upkeep\n|turn|7\n|\n|t:|1700046426\n|switch|p1a: Slowking|Slowking-Galar, F|100\/100\n|move|p2a: forgot about this?|Rock Slide|p1a: Slowking\n|-damage|p1a: Slowking|69\/100\n|-damage|p2a: forgot about this?|91\/100|[from] item: Life Orb\n|\n|upkeep\n|turn|8\n|\n|t:|1700046433\n|move|p2a: forgot about this?|Earthquake|p1a: Slowking\n|-supereffective|p1a: Slowking\n|-damage|p1a: Slowking|0 fnt\n|faint|p1a: Slowking\n|-damage|p2a: forgot about this?|81\/100|[from] item: Life Orb\n|\n|upkeep\n|\n|t:|1700046440\n|switch|p1a: Urshifu|Urshifu-Rapid-Strike, M|100\/100\n|-activate|p1a: Urshifu|move: Sticky Web\n|-unboost|p1a: Urshifu|spe|1\n|turn|9\n|\n|t:|1700046447\n|switch|p2a: Cofagrigus|Cofagrigus, F|100\/100\n|move|p1a: Urshifu|Surging Strikes|p2a: Cofagrigus\n|-crit|p2a: Cofagrigus\n|-damage|p2a: Cofagrigus|84\/100\n|-damage|p1a: Urshifu|84\/100|[from] item: Rocky Helmet|[of] p2a: Cofagrigus\n|-activate|p2a: Cofagrigus|ability: Mummy|Unseen Fist|[of] p1a: Urshifu\n|-crit|p2a: Cofagrigus\n|-damage|p2a: Cofagrigus|67\/100\n|-damage|p1a: Urshifu|68\/100|[from] item: Rocky Helmet|[of] p2a: Cofagrigus\n|-crit|p2a: Cofagrigus\n|-damage|p2a: Cofagrigus|48\/100\n|-damage|p1a: Urshifu|51\/100|[from] item: Rocky Helmet|[of] p2a: Cofagrigus\n|-hitcount|p2a: Cofagrigus|3\n|\n|upkeep\n|turn|10\n|\n|t:|1700046459\n|move|p1a: Urshifu|Surging Strikes|p2a: Cofagrigus\n|-crit|p2a: Cofagrigus\n|-damage|p2a: Cofagrigus|30\/100\n|-damage|p1a: Urshifu|35\/100|[from] item: Rocky Helmet|[of] p2a: Cofagrigus\n|-crit|p2a: Cofagrigus\n|-damage|p2a: Cofagrigus|11\/100\n|-damage|p1a: Urshifu|18\/100|[from] item: Rocky Helmet|[of] p2a: Cofagrigus\n|-crit|p2a: Cofagrigus\n|-damage|p2a: Cofagrigus|0 fnt\n|-damage|p1a: Urshifu|2\/100|[from] item: Rocky Helmet|[of] p2a: Cofagrigus\n|faint|p2a: Cofagrigus\n|-hitcount|p2: Cofagrigus|3\n|\n|upkeep\n|\n|t:|1700046471\n|switch|p2a: The end.|Hydreigon, M|100\/100\n|turn|11\n|\n|t:|1700046479\n|move|p2a: The end.|Flash Cannon|p1a: Urshifu\n|-resisted|p1a: Urshifu\n|-damage|p1a: Urshifu|0 fnt\n|faint|p1a: Urshifu\n|\n|upkeep\n|\n|t:|1700046482\n|switch|p1a: Heatran|Heatran, M|84\/100\n|-activate|p1a: Heatran|move: Sticky Web\n|-unboost|p1a: Heatran|spe|1\n|turn|12\n|\n|t:|1700046487\n|move|p2a: The end.|Focus Energy|p2a: The end.\n|-start|p2a: The end.|move: Focus Energy\n|move|p1a: Heatran|Magma Storm|p2a: The end.\n|-resisted|p2a: The end.\n|-damage|p2a: The end.|75\/100\n|-activate|p2a: The end.|move: Magma Storm|[of] p1a: Heatran\n|\n|-heal|p1a: Heatran|90\/100|[from] item: Leftovers\n|-damage|p2a: The end.|63\/100|[from] move: Magma Storm|[partiallytrapped]\n|upkeep\n|turn|13\n|\n|t:|1700046498\n|move|p2a: The end.|Draco Meteor|p1a: Heatran|[miss]\n|-miss|p2a: The end.|p1a: Heatran\n|move|p1a: Heatran|Stealth Rock|p2a: The end.\n|-sidestart|p2: Ghetsissss|move: Stealth Rock\n|\n|-heal|p1a: Heatran|97\/100|[from] item: Leftovers\n|-damage|p2a: The end.|50\/100|[from] move: Magma Storm|[partiallytrapped]\n|upkeep\n|turn|14\n|\n|t:|1700046503\n|move|p2a: The end.|Draco Meteor|p1a: Heatran\n|-resisted|p1a: Heatran\n|-crit|p1a: Heatran\n|-damage|p1a: Heatran|65\/100\n|-unboost|p2a: The end.|spa|2\n|move|p1a: Heatran|Magma Storm|p2a: The end.|[miss]\n|-miss|p1a: Heatran|p2a: The end.\n|\n|-heal|p1a: Heatran|71\/100|[from] item: Leftovers\n|-damage|p2a: The end.|38\/100|[from] move: Magma Storm|[partiallytrapped]\n|upkeep\n|turn|15\n|\n|t:|1700046521\n|move|p2a: The end.|Fire Blast|p1a: Heatran\n|-start|p1a: Heatran|ability: Flash Fire\n|move|p1a: Heatran|Magma Storm|p2a: The end.\n|-resisted|p2a: The end.\n|-damage|p2a: The end.|0 fnt\n|faint|p2a: The end.\n|\n|-heal|p1a: Heatran|78\/100|[from] item: Leftovers\n|upkeep\n|\n|t:|1700046530\n|switch|p2a: forgot about this?|Excadrill, M|81\/100\n|-damage|p2a: forgot about this?|78\/100|[from] Stealth Rock\n|turn|16\n|\n|t:|1700046537\n|-terastallize|p2a: forgot about this?|Fire\n|move|p2a: forgot about this?|Rapid Spin|p1a: Heatran\n|-resisted|p1a: Heatran\n|-damage|p1a: Heatran|68\/100\n|-boost|p2a: forgot about this?|spe|1\n|-sideend|p2: Ghetsissss|Stealth Rock|[from] move: Rapid Spin|[of] p2a: forgot about this?\n|-damage|p2a: forgot about this?|68\/100|[from] item: Life Orb\n|move|p1a: Heatran|Magma Storm|p2a: forgot about this?\n|-resisted|p2a: forgot about this?\n|-damage|p2a: forgot about this?|23\/100\n|-activate|p2a: forgot about this?|move: Magma Storm|[of] p1a: Heatran\n|\n|-heal|p1a: Heatran|74\/100|[from] item: Leftovers\n|-damage|p2a: forgot about this?|11\/100|[from] move: Magma Storm|[partiallytrapped]\n|upkeep\n|turn|17\n|\n|t:|1700046544\n|-terastallize|p1a: Heatran|Dragon\n|move|p2a: forgot about this?|Earthquake|p1a: Heatran\n|-damage|p1a: Heatran|5\/100\n|-damage|p2a: forgot about this?|1\/100|[from] item: Life Orb\n|move|p1a: Heatran|Magma Storm|p2a: forgot about this?\n|-resisted|p2a: forgot about this?\n|-damage|p2a: forgot about this?|0 fnt\n|faint|p2a: forgot about this?\n|\n|-heal|p1a: Heatran|11\/100|[from] item: Leftovers\n|upkeep\n|\n|t:|1700046549\n|switch|p2a: Gigachadlith|Gigalith, F, shiny|100\/100\n|-weather|Sandstorm|[from] ability: Sand Stream|[of] p2a: Gigachadlith\n|turn|18\n|\n|t:|1700046565\n|move|p1a: Heatran|Magma Storm|p2a: Gigachadlith\n|-resisted|p2a: Gigachadlith\n|-damage|p2a: Gigachadlith|84\/100\n|-activate|p2a: Gigachadlith|move: Magma Storm|[of] p1a: Heatran\n|move|p2a: Gigachadlith|Rock Blast|p1a: Heatran\n|-damage|p1a: Heatran|0 fnt\n|faint|p1a: Heatran\n|-hitcount|p1: Heatran|1\n|\n|-weather|Sandstorm|[upkeep]\n|-end|p2a: Gigachadlith|Magma Storm|[partiallytrapped]|[silent]\n|upkeep\n|\n|t:|1700046568\n|switch|p1a: Weezing|Weezing-Galar, M|100\/100\n|-ability|p1a: Weezing|Neutralizing Gas\n|-activate|p1a: Weezing|move: Sticky Web\n|-unboost|p1a: Weezing|spe|1\n|turn|19\n|\n|t:|1700046579\n|move|p1a: Weezing|Will-O-Wisp|p2a: Gigachadlith|[miss]\n|-miss|p1a: Weezing|p2a: Gigachadlith\n|move|p2a: Gigachadlith|Heavy Slam|p1a: Weezing\n|-supereffective|p1a: Weezing\n|-damage|p1a: Weezing|38\/100\n|\n|-weather|Sandstorm|[upkeep]\n|-damage|p1a: Weezing|32\/100|[from] Sandstorm\n|-heal|p1a: Weezing|38\/100|[from] item: Leftovers\n|upkeep\n|turn|20\n|\n|t:|1700046593\n|move|p1a: Weezing|Will-O-Wisp|p2a: Gigachadlith\n|-status|p2a: Gigachadlith|brn\n|move|p2a: Gigachadlith|Heavy Slam|p1a: Weezing\n|-supereffective|p1a: Weezing\n|-damage|p1a: Weezing|6\/100\n|\n|-weather|Sandstorm|[upkeep]\n|-damage|p1a: Weezing|0 fnt|[from] Sandstorm\n|faint|p1a: Weezing\n|-end|p1a: Weezing|ability: Neutralizing Gas\n|-damage|p2a: Gigachadlith|78\/100 brn|[from] brn\n|upkeep\n|\n|t:|1700046596\n|switch|p1a: Thundurus|Thundurus-Therian, M|100\/100\n|turn|21\n|\n|t:|1700046601\n|move|p1a: Thundurus|Thunderbolt|p2a: Gigachadlith\n|-damage|p2a: Gigachadlith|55\/100 brn\n|move|p2a: Gigachadlith|Rock Blast|p1a: Thundurus\n|-supereffective|p1a: Thundurus\n|-damage|p1a: Thundurus|76\/100\n|-supereffective|p1a: Thundurus\n|-damage|p1a: Thundurus|52\/100\n|-supereffective|p1a: Thundurus\n|-damage|p1a: Thundurus|30\/100\n|-supereffective|p1a: Thundurus\n|-damage|p1a: Thundurus|9\/100\n|-hitcount|p1a: Thundurus|4\n|\n|-weather|Sandstorm|[upkeep]\n|-damage|p1a: Thundurus|3\/100|[from] Sandstorm\n|-damage|p2a: Gigachadlith|48\/100 brn|[from] brn\n|upkeep\n|turn|22\n|\n|t:|1700046606\n|move|p1a: Thundurus|Thunderbolt|p2a: Gigachadlith\n|-damage|p2a: Gigachadlith|23\/100 brn\n|move|p2a: Gigachadlith|Heavy Slam|p1a: Thundurus\n|-resisted|p1a: Thundurus\n|-damage|p1a: Thundurus|0 fnt\n|faint|p1a: Thundurus\n|\n|win|Ghetsissss\n|raw|LiDek's rating: 1275 &rarr; <strong>1253<\/strong><br \/>(-22 for losing)\n|raw|Ghetsissss's rating: 1315 &rarr; <strong>1333<\/strong><br \/>(+18 for winning)\n|l|\u2606LiDek\n","uploadtime":1700046616,"views":9,"p1id":"lidek","p2id":"ghetsissss","formatid":"gen9nationaldex","rating":1253,"private":0,"password":""}