{"id":"gen9nationaldex-1988624998","p1":"female charizard","p2":"HannibalKanter","format":"[Gen 9] National Dex","log":"|j|\u2606female charizard\n|j|\u203dHannibalKanter\n|t:|1699743326\n|gametype|singles\n|player|p1|female charizard|170|1214\n|player|p2|HannibalKanter|blaine|1175\n|teamsize|p1|6\n|teamsize|p2|6\n|gen|9\n|tier|[Gen 9] National Dex\n|rated|\n|rule|HP Percentage Mod: HP is shown in percentages\n|rule|Endless Battle Clause: Forcing endless battles is banned\n|rule|OHKO Clause: OHKO moves are banned\n|rule|Evasion Clause: Evasion abilities, items, and moves are banned\n|rule|Evasion Abilities Clause: Evasion abilities are banned\n|rule|Evasion Items Clause: Evasion items are banned\n|rule|Evasion Moves Clause: Evasion moves are banned\n|rule|Species Clause: Limit one of each Pok\u00e9mon\n|rule|Sleep Clause Mod: Limit one foe put to sleep\n|clearpoke\n|poke|p1|Kyurem|\n|poke|p1|Abomasnow, M|\n|poke|p1|Breloom, F|\n|poke|p1|Rhyperior, M|\n|poke|p1|Ogerpon-Wellspring, F|\n|poke|p1|Arbok, F|\n|poke|p2|Slaking, M|\n|poke|p2|Pawmot, F|\n|poke|p2|Ditto|\n|poke|p2|Alomomola, F|\n|poke|p2|Runerigus, F|\n|poke|p2|Scizor, F|\n|teampreview\n|inactive|Battle timer is ON: inactive players will automatically lose when time's up. (requested by HannibalKanter)\n|\n|t:|1699743334\n|start\n|switch|p1a: A subtle joke|Abomasnow, M|100\/100\n|switch|p2a: Runerigus|Runerigus, F|100\/100\n|-weather|Snow|[from] ability: Snow Warning|[of] p1a: A subtle joke\n|turn|1\n|\n|t:|1699743340\n|switch|p2a: Scizor|Scizor, F|100\/100\n|move|p1a: A subtle joke|Aurora Veil|p1a: A subtle joke\n|-sidestart|p1: female charizard|move: Aurora Veil\n|\n|-weather|Snow|[upkeep]\n|upkeep\n|turn|2\n|\n|t:|1699743347\n|switch|p1a: at last|Arbok, F|100\/100\n|-ability|p1a: at last|Intimidate|boost\n|-unboost|p2a: Scizor|atk|1\n|detailschange|p2a: Scizor|Scizor-Mega, F\n|-mega|p2a: Scizor|Scizor|Scizorite\n|move|p2a: Scizor|Bullet Punch|p1a: at last\n|-damage|p1a: at last|80\/100\n|\n|-weather|Snow|[upkeep]\n|upkeep\n|turn|3\n|\n|t:|1699743361\n|switch|p2a: Alomomola|Alomomola, F|100\/100\n|move|p1a: at last|Coil|p1a: at last\n|-boost|p1a: at last|atk|1\n|-boost|p1a: at last|def|1\n|-boost|p1a: at last|accuracy|1\n|\n|-weather|Snow|[upkeep]\n|upkeep\n|turn|4\n|inactive|HannibalKanter has 120 seconds left.\n|\n|t:|1699743393\n|move|p1a: at last|Coil|p1a: at last\n|-boost|p1a: at last|atk|1\n|-boost|p1a: at last|def|1\n|-boost|p1a: at last|accuracy|1\n|move|p2a: Alomomola|Scald|p1a: at last\n|-damage|p1a: at last|70\/100\n|-status|p1a: at last|brn\n|\n|-weather|Snow|[upkeep]\n|-damage|p1a: at last|64\/100 brn|[from] brn\n|upkeep\n|turn|5\n|\n|t:|1699743400\n|move|p1a: at last|Coil|p1a: at last\n|-boost|p1a: at last|atk|1\n|-boost|p1a: at last|def|1\n|-boost|p1a: at last|accuracy|1\n|move|p2a: Alomomola|Flip Turn|p1a: at last\n|-damage|p1a: at last|58\/100 brn\n|\n|t:|1699743403\n|switch|p2a: Ditto|Ditto|100\/100|[from] Flip Turn\n|-transform|p2a: Ditto|p1a: at last|[from] ability: Imposter\n|-ability|p2a: Ditto|Intimidate|boost\n|-unboost|p1a: at last|atk|1\n|\n|-weather|none\n|-damage|p1a: at last|52\/100 brn|[from] brn\n|upkeep\n|turn|6\n|\n|t:|1699743426\n|move|p2a: Ditto|Earthquake|p1a: at last\n|-supereffective|p1a: at last\n|-damage|p1a: at last|0 fnt\n|faint|p1a: at last\n|\n|upkeep\n|inactive|female charizard has 120 seconds left.\n|\n|t:|1699743447\n|switch|p1a: A subtle joke|Abomasnow, M|100\/100\n|-weather|Snow|[from] ability: Snow Warning|[of] p1a: A subtle joke\n|turn|7\n|inactive|female charizard has 120 seconds left.\n|\n|t:|1699743455\n|switch|p2a: Scizor|Scizor-Mega, F|100\/100\n|move|p1a: A subtle joke|Blizzard|p2a: Scizor\n|-resisted|p2a: Scizor\n|-damage|p2a: Scizor|78\/100\n|\n|-weather|Snow|[upkeep]\n|upkeep\n|turn|8\n|inactive|female charizard has 120 seconds left.\n|\n|t:|1699743471\n|move|p2a: Scizor|U-turn|p1a: A subtle joke\n|-supereffective|p1a: A subtle joke\n|-damage|p1a: A subtle joke|68\/100\n|\n|t:|1699743480\n|switch|p2a: Slaking|Slaking, M|100\/100|[from] U-turn\n|move|p1a: A subtle joke|Blizzard|p2a: Slaking\n|-damage|p2a: Slaking|68\/100\n|\n|-weather|Snow|[upkeep]\n|-sideend|p1: female charizard|move: Aurora Veil\n|upkeep\n|turn|9\n|inactive|female charizard has 120 seconds left.\n|inactive|female charizard has 90 seconds left.\n|\n|t:|1699743529\n|move|p2a: Slaking|Drain Punch|p1a: A subtle joke\n|-supereffective|p1a: A subtle joke\n|-damage|p1a: A subtle joke|21\/100\n|-heal|p2a: Slaking|88\/100|[from] drain|[of] p1a: A subtle joke\n|move|p1a: A subtle joke|Aurora Veil|p1a: A subtle joke\n|-sidestart|p1: female charizard|move: Aurora Veil\n|\n|-weather|Snow|[upkeep]\n|upkeep\n|turn|10\n|\n|t:|1699743537\n|switch|p2a: Scizor|Scizor-Mega, F|78\/100\n|switch|p1a: bisexual|Breloom, F|100\/100\n|\n|-weather|Snow|[upkeep]\n|upkeep\n|turn|11\n|\n|t:|1699743548\n|move|p1a: bisexual|Spore|p2a: Scizor\n|-status|p2a: Scizor|slp|[from] move: Spore\n|cant|p2a: Scizor|slp\n|\n|-weather|none\n|upkeep\n|turn|12\n|\n|t:|1699743555\n|move|p1a: bisexual|Dynamic Punch|p2a: Scizor\n|-damage|p2a: Scizor|42\/100 slp\n|-start|p2a: Scizor|confusion\n|cant|p2a: Scizor|slp\n|\n|upkeep\n|turn|13\n|\n|t:|1699743563\n|move|p1a: bisexual|Dynamic Punch|p2a: Scizor|[miss]\n|-miss|p1a: bisexual|p2a: Scizor\n|-enditem|p1a: bisexual|Blunder Policy\n|-boost|p1a: bisexual|spe|2\n|-curestatus|p2a: Scizor|slp|[msg]\n|-activate|p2a: Scizor|confusion\n|move|p2a: Scizor|Roost|p2a: Scizor\n|-heal|p2a: Scizor|92\/100\n|-singleturn|p2a: Scizor|move: Roost\n|\n|upkeep\n|turn|14\n|\n|t:|1699743571\n|move|p1a: bisexual|Spore|p2a: Scizor\n|-status|p2a: Scizor|slp|[from] move: Spore\n|cant|p2a: Scizor|slp\n|\n|upkeep\n|turn|15\n|\n|t:|1699743578\n|move|p1a: bisexual|Dynamic Punch|p2a: Scizor|[miss]\n|-miss|p1a: bisexual|p2a: Scizor\n|cant|p2a: Scizor|slp\n|\n|upkeep\n|turn|16\n|\n|t:|1699743582\n|move|p1a: bisexual|Mach Punch|p2a: Scizor\n|-damage|p2a: Scizor|68\/100 slp\n|-curestatus|p2a: Scizor|slp|[msg]\n|-end|p2a: Scizor|confusion\n|move|p2a: Scizor|U-turn|p1a: bisexual\n|-damage|p1a: bisexual|65\/100\n|\n|t:|1699743590\n|switch|p2a: Ditto|Ditto|100\/100|[from] U-turn\n|-transform|p2a: Ditto|p1a: bisexual|[from] ability: Imposter\n|\n|-sideend|p1: female charizard|move: Aurora Veil\n|upkeep\n|turn|17\n|\n|t:|1699743597\n|move|p2a: Ditto|Dynamic Punch|p1a: bisexual|[miss]\n|-miss|p2a: Ditto|p1a: bisexual\n|move|p1a: bisexual|Dynamic Punch|p2a: Ditto\n|-damage|p2a: Ditto|32\/100\n|-start|p2a: Ditto|confusion\n|\n|upkeep\n|turn|18\n|\n|t:|1699743604\n|move|p1a: bisexual|Mach Punch|p2a: Ditto\n|-damage|p2a: Ditto|0 fnt\n|faint|p2a: Ditto\n|\n|upkeep\n|\n|t:|1699743612\n|switch|p2a: Scizor|Scizor-Mega, F|68\/100\n|turn|19\n|j| kung fu pokechu\n|j| snugglesnfluff\n|j| Adamanzane\n|\n|t:|1699743618\n|move|p2a: Scizor|Bullet Punch|p1a: bisexual\n|-damage|p1a: bisexual|0 fnt\n|faint|p1a: bisexual\n|\n|upkeep\n|\n|t:|1699743624\n|switch|p1a: mods annoy me|Ogerpon-Wellspring, F|100\/100\n|turn|20\n|j| less might be more\n|\n|t:|1699743635\n|switch|p2a: Alomomola|Alomomola, F|100\/100\n|-terastallize|p1a: mods annoy me|Water\n|detailschange|p1a: mods annoy me|Ogerpon-Wellspring-Tera, F, tera:Water\n|-ability|p1a: mods annoy me|Embody Aspect (Wellspring)|boost\n|-boost|p1a: mods annoy me|spd|1\n|move|p1a: mods annoy me|Ivy Cudgel|p2a: Alomomola\n|-resisted|p2a: Alomomola\n|-crit|p2a: Alomomola\n|-damage|p2a: Alomomola|70\/100\n|\n|upkeep\n|turn|21\n|\n|t:|1699743645\n|move|p1a: mods annoy me|Horn Leech|p2a: Alomomola\n|-supereffective|p2a: Alomomola\n|-damage|p2a: Alomomola|20\/100\n|-damage|p1a: mods annoy me|84\/100|[from] item: Rocky Helmet|[of] p2a: Alomomola\n|move|p2a: Alomomola|Wish|p2a: Alomomola\n|\n|upkeep\n|turn|22\n|j| mistahmerrikuu\n|\n|t:|1699743657\n|switch|p2a: Scizor|Scizor-Mega, F|68\/100\n|move|p1a: mods annoy me|Swords Dance|p1a: mods annoy me\n|-boost|p1a: mods annoy me|atk|2\n|\n|-heal|p2a: Scizor|100\/100|[from] move: Wish|[wisher] Alomomola\n|upkeep\n|turn|23\n|\n|t:|1699743664\n|move|p1a: mods annoy me|Ivy Cudgel|p2a: Scizor\n|-crit|p2a: Scizor\n|-damage|p2a: Scizor|0 fnt\n|faint|p2a: Scizor\n|\n|upkeep\n|\n|t:|1699743667\n|switch|p2a: Runerigus|Runerigus, F|100\/100\n|turn|24\n|\n|t:|1699743675\n|move|p1a: mods annoy me|Horn Leech|p2a: Runerigus\n|-supereffective|p2a: Runerigus\n|-damage|p2a: Runerigus|0 fnt\n|-heal|p1a: mods annoy me|100\/100|[from] drain|[of] p2a: Runerigus\n|-damage|p1a: mods annoy me|84\/100|[from] item: Rocky Helmet|[of] p2a: Runerigus\n|-activate|p2a: Runerigus|ability: Wandering Spirit|Embody Aspect (Wellspring)|Wandering Spirit|[of] p1a: mods annoy me\n|faint|p2a: Runerigus\n|\n|upkeep\n|-message|HannibalKanter forfeited.\n|\n|win|female charizard\n|raw|female charizard's rating: 1194 &rarr; <strong>1218<\/strong><br \/>(+24 for winning)\n|raw|HannibalKanter's rating: 1175 &rarr; <strong>1151<\/strong><br \/>(-24 for losing)\n|l|\u203dHannibalKanter\n","uploadtime":1699743687,"views":4,"p1id":"femalecharizard","p2id":"hannibalkanter","formatid":"gen9nationaldex","rating":1151,"private":0,"password":""}