{"id":"gen9nationaldex-1988660032","p1":"try try something","p2":"larsonshark","format":"[Gen 9] National Dex","log":"|j|\u2606try try something\n|j|\u2606larsonshark\n|t:|1699747383\n|gametype|singles\n|player|p1|try try something|red|1433\n|player|p2|larsonshark|caitlin|1421\n|teamsize|p1|6\n|teamsize|p2|6\n|gen|9\n|tier|[Gen 9] National Dex\n|rated|\n|rule|HP Percentage Mod: HP is shown in percentages\n|rule|Endless Battle Clause: Forcing endless battles is banned\n|rule|OHKO Clause: OHKO moves are banned\n|rule|Evasion Clause: Evasion abilities, items, and moves are banned\n|rule|Evasion Abilities Clause: Evasion abilities are banned\n|rule|Evasion Items Clause: Evasion items are banned\n|rule|Evasion Moves Clause: Evasion moves are banned\n|rule|Species Clause: Limit one of each Pok\u00e9mon\n|rule|Sleep Clause Mod: Limit one foe put to sleep\n|clearpoke\n|poke|p1|Latias, F|\n|poke|p1|Ogerpon-Wellspring, F|\n|poke|p1|Samurott-Hisui, M|\n|poke|p1|Skeledirge, M|\n|poke|p1|Diancie|\n|poke|p1|Goodra-Hisui, F|\n|poke|p2|Smeargle, M|\n|poke|p2|Aggron, M|\n|poke|p2|Terrakion|\n|poke|p2|Scolipede, M|\n|poke|p2|Tapu Koko|\n|poke|p2|Iron Valiant|\n|teampreview\n|inactive|Battle timer is ON: inactive players will automatically lose when time's up. (requested by larsonshark)\n|inactive|try try something also wants the timer to be on.\n|inactive|larsonshark has 120 seconds left.\n|c|\u2606larsonshark|latias is popular rn\n|c|\u2606larsonshark|damn\n|c|\u2606larsonshark|glhf\n|\n|t:|1699747441\n|start\n|switch|p1a: \u786c\u7532\u9732\u9f99\uff0c\u94dc\u5899\u94c1\u58c1|Goodra-Hisui, F|100\/100\n|switch|p2a: Aggron|Aggron, M|100\/100\n|turn|1\n|\n|t:|1699747453\n|switch|p1a: \u8f89\u6620\u692a\u692a\uff0c\u68d2\u5f11\u4f17\u795e|Ogerpon-Wellspring, F|100\/100\n|move|p2a: Aggron|Stealth Rock|p1a: \u8f89\u6620\u692a\u692a\uff0c\u68d2\u5f11\u4f17\u795e\n|-sidestart|p1: try try something|move: Stealth Rock\n|\n|upkeep\n|turn|2\n|\n|t:|1699747460\n|switch|p2a: Tapu Koko|Tapu Koko|100\/100\n|-fieldstart|move: Electric Terrain|[from] ability: Electric Surge|[of] p2a: Tapu Koko\n|move|p1a: \u8f89\u6620\u692a\u692a\uff0c\u68d2\u5f11\u4f17\u795e|Ivy Cudgel|p2a: Tapu Koko\n|-damage|p2a: Tapu Koko|21\/100\n|\n|upkeep\n|turn|3\n|\n|t:|1699747467\n|-zpower|p2a: Tapu Koko\n|move|p2a: Tapu Koko|Supersonic Skystrike|p1a: \u8f89\u6620\u692a\u692a\uff0c\u68d2\u5f11\u4f17\u795e|[zeffect]\n|-supereffective|p1a: \u8f89\u6620\u692a\u692a\uff0c\u68d2\u5f11\u4f17\u795e\n|-damage|p1a: \u8f89\u6620\u692a\u692a\uff0c\u68d2\u5f11\u4f17\u795e|0 fnt\n|faint|p1a: \u8f89\u6620\u692a\u692a\uff0c\u68d2\u5f11\u4f17\u795e\n|\n|upkeep\n|\n|t:|1699747475\n|switch|p1a: \u786c\u7532\u9732\u9f99\uff0c\u94dc\u5899\u94c1\u58c1|Goodra-Hisui, F|100\/100\n|-damage|p1a: \u786c\u7532\u9732\u9f99\uff0c\u94dc\u5899\u94c1\u58c1|94\/100|[from] Stealth Rock\n|turn|4\n|\n|t:|1699747479\n|move|p2a: Tapu Koko|U-turn|p1a: \u786c\u7532\u9732\u9f99\uff0c\u94dc\u5899\u94c1\u58c1\n|-resisted|p1a: \u786c\u7532\u9732\u9f99\uff0c\u94dc\u5899\u94c1\u58c1\n|-damage|p1a: \u786c\u7532\u9732\u9f99\uff0c\u94dc\u5899\u94c1\u58c1|84\/100\n|\n|t:|1699747481\n|switch|p2a: Terrakion|Terrakion|100\/100|[from] U-turn\n|move|p1a: \u786c\u7532\u9732\u9f99\uff0c\u94dc\u5899\u94c1\u58c1|Flash Cannon|p2a: Terrakion\n|-supereffective|p2a: Terrakion\n|-damage|p2a: Terrakion|9\/100\n|\n|upkeep\n|turn|5\n|\n|t:|1699747490\n|switch|p1a: \u7eaf\u6734\u706b\u9cc4\uff0c\u9ad8\u6b4c\u731b\u8fdb|Skeledirge, M|100\/100\n|-damage|p1a: \u7eaf\u6734\u706b\u9cc4\uff0c\u9ad8\u6b4c\u731b\u8fdb|75\/100|[from] Stealth Rock\n|move|p2a: Terrakion|Close Combat|p1a: \u7eaf\u6734\u706b\u9cc4\uff0c\u9ad8\u6b4c\u731b\u8fdb\n|-immune|p1a: \u7eaf\u6734\u706b\u9cc4\uff0c\u9ad8\u6b4c\u731b\u8fdb\n|\n|-heal|p1a: \u7eaf\u6734\u706b\u9cc4\uff0c\u9ad8\u6b4c\u731b\u8fdb|82\/100|[from] item: Leftovers\n|upkeep\n|turn|6\n|\n|t:|1699747496\n|move|p2a: Terrakion|Stone Edge|p1a: \u7eaf\u6734\u706b\u9cc4\uff0c\u9ad8\u6b4c\u731b\u8fdb\n|-supereffective|p1a: \u7eaf\u6734\u706b\u9cc4\uff0c\u9ad8\u6b4c\u731b\u8fdb\n|-damage|p1a: \u7eaf\u6734\u706b\u9cc4\uff0c\u9ad8\u6b4c\u731b\u8fdb|0 fnt\n|faint|p1a: \u7eaf\u6734\u706b\u9cc4\uff0c\u9ad8\u6b4c\u731b\u8fdb\n|-damage|p2a: Terrakion|0 fnt|[from] item: Life Orb\n|faint|p2a: Terrakion\n|\n|-fieldend|move: Electric Terrain\n|upkeep\n|\n|t:|1699747516\n|switch|p2a: Scolipede|Scolipede, M|100\/100\n|switch|p1a: \u786c\u7532\u9732\u9f99\uff0c\u94dc\u5899\u94c1\u58c1|Goodra-Hisui, F|84\/100\n|-damage|p1a: \u786c\u7532\u9732\u9f99\uff0c\u94dc\u5899\u94c1\u58c1|78\/100|[from] Stealth Rock\n|turn|7\n|\n|t:|1699747522\n|move|p2a: Scolipede|Swords Dance|p2a: Scolipede\n|-boost|p2a: Scolipede|atk|2\n|move|p1a: \u786c\u7532\u9732\u9f99\uff0c\u94dc\u5899\u94c1\u58c1|Fire Blast|p2a: Scolipede\n|-supereffective|p2a: Scolipede\n|-enditem|p2a: Scolipede|Focus Sash\n|-damage|p2a: Scolipede|1\/100\n|\n|-ability|p2a: Scolipede|Speed Boost|boost\n|-boost|p2a: Scolipede|spe|1\n|upkeep\n|turn|8\n|\n|t:|1699747528\n|switch|p1a: \u98d8\u6d6e\u59b9\u59b9\uff0c\u666e\u6d4e\u4f17\u751f|Latias, F|100\/100\n|-damage|p1a: \u98d8\u6d6e\u59b9\u59b9\uff0c\u666e\u6d4e\u4f17\u751f|88\/100|[from] Stealth Rock\n|move|p2a: Scolipede|Earthquake|p1a: \u98d8\u6d6e\u59b9\u59b9\uff0c\u666e\u6d4e\u4f17\u751f\n|-immune|p1a: \u98d8\u6d6e\u59b9\u59b9\uff0c\u666e\u6d4e\u4f17\u751f|[from] ability: Levitate\n|\n|-heal|p1a: \u98d8\u6d6e\u59b9\u59b9\uff0c\u666e\u6d4e\u4f17\u751f|94\/100|[from] item: Leftovers\n|-ability|p2a: Scolipede|Speed Boost|boost\n|-boost|p2a: Scolipede|spe|1\n|upkeep\n|turn|9\n|\n|t:|1699747539\n|-terastallize|p1a: \u98d8\u6d6e\u59b9\u59b9\uff0c\u666e\u6d4e\u4f17\u751f|Dragon\n|move|p2a: Scolipede|X-Scissor|p1a: \u98d8\u6d6e\u59b9\u59b9\uff0c\u666e\u6d4e\u4f17\u751f\n|-crit|p1a: \u98d8\u6d6e\u59b9\u59b9\uff0c\u666e\u6d4e\u4f17\u751f\n|-damage|p1a: \u98d8\u6d6e\u59b9\u59b9\uff0c\u666e\u6d4e\u4f17\u751f|0 fnt\n|faint|p1a: \u98d8\u6d6e\u59b9\u59b9\uff0c\u666e\u6d4e\u4f17\u751f\n|\n|-ability|p2a: Scolipede|Speed Boost|boost\n|-boost|p2a: Scolipede|spe|1\n|upkeep\n|\n|t:|1699747545\n|switch|p1a: \u950b\u5229\u5251\u9b3c\uff0c\u79d8\u5251\u65a9\u6076|Samurott-Hisui, M, shiny|100\/100\n|-damage|p1a: \u950b\u5229\u5251\u9b3c\uff0c\u79d8\u5251\u65a9\u6076|88\/100|[from] Stealth Rock\n|turn|10\n|\n|t:|1699747548\n|move|p1a: \u950b\u5229\u5251\u9b3c\uff0c\u79d8\u5251\u65a9\u6076|Aqua Jet|p2a: Scolipede\n|-damage|p2a: Scolipede|0 fnt\n|faint|p2a: Scolipede\n|\n|upkeep\n|\n|t:|1699747551\n|switch|p2a: Tapu Koko|Tapu Koko|21\/100\n|-fieldstart|move: Electric Terrain|[from] ability: Electric Surge|[of] p2a: Tapu Koko\n|turn|11\n|\n|t:|1699747564\n|move|p1a: \u950b\u5229\u5251\u9b3c\uff0c\u79d8\u5251\u65a9\u6076|Aqua Jet|p2a: Tapu Koko\n|-damage|p2a: Tapu Koko|0 fnt\n|faint|p2a: Tapu Koko\n|\n|upkeep\n|\n|t:|1699747567\n|switch|p2a: chug jug|Smeargle, M|100\/100\n|turn|12\n|\n|t:|1699747572\n|move|p1a: \u950b\u5229\u5251\u9b3c\uff0c\u79d8\u5251\u65a9\u6076|Sacred Sword|p2a: chug jug\n|-supereffective|p2a: chug jug\n|-damage|p2a: chug jug|0 fnt\n|faint|p2a: chug jug\n|\n|upkeep\n|\n|t:|1699747580\n|switch|p2a: Iron Valiant|Iron Valiant|100\/100\n|-activate|p2a: Iron Valiant|ability: Quark Drive\n|-start|p2a: Iron Valiant|quarkdrivespe\n|turn|13\n|\n|t:|1699747584\n|switch|p1a: \u786c\u7532\u9732\u9f99\uff0c\u94dc\u5899\u94c1\u58c1|Goodra-Hisui, F|78\/100\n|-damage|p1a: \u786c\u7532\u9732\u9f99\uff0c\u94dc\u5899\u94c1\u58c1|72\/100|[from] Stealth Rock\n|move|p2a: Iron Valiant|Moonblast|p1a: \u786c\u7532\u9732\u9f99\uff0c\u94dc\u5899\u94c1\u58c1\n|-damage|p1a: \u786c\u7532\u9732\u9f99\uff0c\u94dc\u5899\u94c1\u58c1|43\/100\n|-unboost|p1a: \u786c\u7532\u9732\u9f99\uff0c\u94dc\u5899\u94c1\u58c1|spa|1\n|-damage|p2a: Iron Valiant|90\/100|[from] item: Life Orb\n|\n|upkeep\n|turn|14\n|\n|t:|1699747593\n|move|p2a: Iron Valiant|Aura Sphere|p1a: \u786c\u7532\u9732\u9f99\uff0c\u94dc\u5899\u94c1\u58c1\n|-supereffective|p1a: \u786c\u7532\u9732\u9f99\uff0c\u94dc\u5899\u94c1\u58c1\n|-damage|p1a: \u786c\u7532\u9732\u9f99\uff0c\u94dc\u5899\u94c1\u58c1|0 fnt\n|faint|p1a: \u786c\u7532\u9732\u9f99\uff0c\u94dc\u5899\u94c1\u58c1\n|-damage|p2a: Iron Valiant|80\/100|[from] item: Life Orb\n|\n|upkeep\n|\n|t:|1699747601\n|switch|p1a: \u9b54\u6cd5\u516c\u4e3b\uff0c\u94bb\u77f3\u7f24\u7eb7|Diancie|100\/100\n|-damage|p1a: \u9b54\u6cd5\u516c\u4e3b\uff0c\u94bb\u77f3\u7f24\u7eb7|88\/100|[from] Stealth Rock\n|turn|15\n|inactive|larsonshark has 120 seconds left.\n|\n|t:|1699747642\n|-terastallize|p2a: Iron Valiant|Fairy\n|move|p2a: Iron Valiant|Moonblast|p1a: \u9b54\u6cd5\u516c\u4e3b\uff0c\u94bb\u77f3\u7f24\u7eb7\n|-damage|p1a: \u9b54\u6cd5\u516c\u4e3b\uff0c\u94bb\u77f3\u7f24\u7eb7|11\/100\n|-damage|p2a: Iron Valiant|70\/100|[from] item: Life Orb\n|move|p1a: \u9b54\u6cd5\u516c\u4e3b\uff0c\u94bb\u77f3\u7f24\u7eb7|Moonblast|p2a: Iron Valiant\n|-damage|p2a: Iron Valiant|0 fnt\n|faint|p2a: Iron Valiant\n|-end|p2a: Iron Valiant|Quark Drive|[silent]\n|\n|-fieldend|move: Electric Terrain\n|upkeep\n|\n|t:|1699747647\n|switch|p2a: Aggron|Aggron, M|100\/100\n|turn|16\n|\n|t:|1699747660\n|detailschange|p1a: \u9b54\u6cd5\u516c\u4e3b\uff0c\u94bb\u77f3\u7f24\u7eb7|Diancie-Mega\n|-mega|p1a: \u9b54\u6cd5\u516c\u4e3b\uff0c\u94bb\u77f3\u7f24\u7eb7|Diancie|Diancite\n|detailschange|p2a: Aggron|Aggron-Mega, M\n|-mega|p2a: Aggron|Aggron|Aggronite\n|move|p1a: \u9b54\u6cd5\u516c\u4e3b\uff0c\u94bb\u77f3\u7f24\u7eb7|Earth Power|p2a: Aggron\n|-supereffective|p2a: Aggron\n|-damage|p2a: Aggron|24\/100\n|move|p2a: Aggron|Autotomize|p2a: Aggron\n|-boost|p2a: Aggron|spe|2\n|-start|p2a: Aggron|Autotomize\n|\n|upkeep\n|turn|17\n|inactive|larsonshark has 120 seconds left.\n|\n|t:|1699747670\n|move|p2a: Aggron|Body Press|p1a: \u9b54\u6cd5\u516c\u4e3b\uff0c\u94bb\u77f3\u7f24\u7eb7\n|-damage|p1a: \u9b54\u6cd5\u516c\u4e3b\uff0c\u94bb\u77f3\u7f24\u7eb7|0 fnt\n|faint|p1a: \u9b54\u6cd5\u516c\u4e3b\uff0c\u94bb\u77f3\u7f24\u7eb7\n|\n|upkeep\n|c|\u2606larsonshark|gg\n|\n|t:|1699747674\n|switch|p1a: \u950b\u5229\u5251\u9b3c\uff0c\u79d8\u5251\u65a9\u6076|Samurott-Hisui, M, shiny|88\/100\n|-damage|p1a: \u950b\u5229\u5251\u9b3c\uff0c\u79d8\u5251\u65a9\u6076|76\/100|[from] Stealth Rock\n|turn|18\n|\n|t:|1699747683\n|move|p1a: \u950b\u5229\u5251\u9b3c\uff0c\u79d8\u5251\u65a9\u6076|Aqua Jet|p2a: Aggron\n|-damage|p2a: Aggron|15\/100\n|move|p2a: Aggron|Body Press|p1a: \u950b\u5229\u5251\u9b3c\uff0c\u79d8\u5251\u65a9\u6076\n|-supereffective|p1a: \u950b\u5229\u5251\u9b3c\uff0c\u79d8\u5251\u65a9\u6076\n|-damage|p1a: \u950b\u5229\u5251\u9b3c\uff0c\u79d8\u5251\u65a9\u6076|0 fnt\n|faint|p1a: \u950b\u5229\u5251\u9b3c\uff0c\u79d8\u5251\u65a9\u6076\n|\n|win|larsonshark\n|raw|try try something's rating: 1433 &rarr; <strong>1412<\/strong><br \/>(-21 for losing)\n|raw|larsonshark's rating: 1421 &rarr; <strong>1442<\/strong><br \/>(+21 for winning)\n","uploadtime":1699747694,"views":4,"p1id":"trytrysomething","p2id":"larsonshark","formatid":"gen9nationaldex","rating":1412,"private":0,"password":""}