{"id":"gen9nationaldex-1994122813","p1":"Margotbollox","p2":"Thatbreloomguy","format":"[Gen 9] National Dex","log":"|j|\u2606Margotbollox\n|j|\u2606Thatbreloomguy\n|t:|1700409572\n|gametype|singles\n|player|p1|Margotbollox|emmet|1077\n|player|p2|Thatbreloomguy|koga|1048\n|teamsize|p1|6\n|teamsize|p2|6\n|gen|9\n|tier|[Gen 9] National Dex\n|rated|\n|rule|HP Percentage Mod: HP is shown in percentages\n|rule|Endless Battle Clause: Forcing endless battles is banned\n|rule|OHKO Clause: OHKO moves are banned\n|rule|Evasion Clause: Evasion abilities, items, and moves are banned\n|rule|Evasion Abilities Clause: Evasion abilities are banned\n|rule|Evasion Items Clause: Evasion items are banned\n|rule|Evasion Moves Clause: Evasion moves are banned\n|rule|Species Clause: Limit one of each Pok\u00e9mon\n|rule|Sleep Clause Mod: Limit one foe put to sleep\n|clearpoke\n|poke|p1|Araquanid, M|\n|poke|p1|Heracross, M|\n|poke|p1|Escavalier, M|\n|poke|p1|Accelgor, M|\n|poke|p1|Crustle, M|\n|poke|p1|Leavanny, F|\n|poke|p2|Banette, M|\n|poke|p2|Kommo-o, M|\n|poke|p2|Ferrothorn, M|\n|poke|p2|Great Tusk|\n|poke|p2|Volcarona, M|\n|poke|p2|Iron Valiant|\n|teampreview\n|\n|t:|1700409580\n|start\n|switch|p1a: Araquanid|Araquanid, M|100\/100\n|switch|p2a: Volcarona|Volcarona, M|100\/100\n|turn|1\n|\n|t:|1700409585\n|move|p2a: Volcarona|Quiver Dance|p2a: Volcarona\n|-boost|p2a: Volcarona|spa|1\n|-boost|p2a: Volcarona|spd|1\n|-boost|p2a: Volcarona|spe|1\n|move|p1a: Araquanid|Liquidation|p2a: Volcarona\n|-supereffective|p2a: Volcarona\n|-damage|p2a: Volcarona|0 fnt\n|faint|p2a: Volcarona\n|\n|upkeep\n|inactive|Battle timer is ON: inactive players will automatically lose when time's up. (requested by Thatbreloomguy)\n|\n|t:|1700409598\n|switch|p2a: Ferrothorn|Ferrothorn, M|100\/100\n|turn|2\n|\n|t:|1700409601\n|move|p1a: Araquanid|Sticky Web|p2a: Ferrothorn\n|-sidestart|p2: Thatbreloomguy|move: Sticky Web\n|move|p2a: Ferrothorn|Leech Seed|p1a: Araquanid\n|-start|p1a: Araquanid|move: Leech Seed\n|\n|-damage|p1a: Araquanid|88\/100|[from] Leech Seed|[of] p2a: Ferrothorn\n|upkeep\n|turn|3\n|\n|t:|1700409604\n|move|p1a: Araquanid|Leech Life|p2a: Ferrothorn\n|-damage|p2a: Ferrothorn|83\/100\n|-heal|p1a: Araquanid|98\/100|[from] drain|[of] p2a: Ferrothorn\n|-damage|p1a: Araquanid|85\/100|[from] ability: Iron Barbs|[of] p2a: Ferrothorn\n|-damage|p1a: Araquanid|69\/100|[from] item: Rocky Helmet|[of] p2a: Ferrothorn\n|move|p2a: Ferrothorn|Stealth Rock|p1a: Araquanid\n|-sidestart|p1: Margotbollox|move: Stealth Rock\n|\n|-damage|p1a: Araquanid|56\/100|[from] Leech Seed|[of] p2a: Ferrothorn\n|-heal|p2a: Ferrothorn|95\/100|[silent]\n|upkeep\n|turn|4\n|\n|t:|1700409612\n|switch|p1a: Crustle|Crustle, M|100\/100\n|-damage|p1a: Crustle|76\/100|[from] Stealth Rock\n|move|p2a: Ferrothorn|Curse|p2a: Ferrothorn\n|-unboost|p2a: Ferrothorn|spe|1\n|-boost|p2a: Ferrothorn|atk|1\n|-boost|p2a: Ferrothorn|def|1\n|\n|upkeep\n|turn|5\n|\n|t:|1700409617\n|move|p1a: Crustle|Stealth Rock|p2a: Ferrothorn\n|-sidestart|p2: Thatbreloomguy|move: Stealth Rock\n|move|p2a: Ferrothorn|Leech Seed|p1a: Crustle\n|-start|p1a: Crustle|move: Leech Seed\n|\n|-damage|p1a: Crustle|63\/100|[from] Leech Seed|[of] p2a: Ferrothorn\n|-heal|p2a: Ferrothorn|100\/100|[silent]\n|upkeep\n|turn|6\n|\n|t:|1700409633\n|move|p1a: Crustle|X-Scissor|p2a: Ferrothorn\n|-damage|p2a: Ferrothorn|86\/100\n|-damage|p1a: Crustle|51\/100|[from] ability: Iron Barbs|[of] p2a: Ferrothorn\n|-damage|p1a: Crustle|35\/100|[from] item: Rocky Helmet|[of] p2a: Ferrothorn\n|move|p2a: Ferrothorn|Power Whip|p1a: Crustle\n|-damage|p1a: Crustle|0 fnt\n|faint|p1a: Crustle\n|\n|upkeep\n|\n|t:|1700409641\n|switch|p1a: Accelgor|Accelgor, M|100\/100\n|turn|7\n|\n|t:|1700409648\n|move|p1a: Accelgor|Encore|p2a: Ferrothorn\n|-start|p2a: Ferrothorn|Encore\n|move|p2a: Ferrothorn|Power Whip|p1a: Accelgor|[miss]\n|-miss|p2a: Ferrothorn|p1a: Accelgor\n|\n|upkeep\n|turn|8\n|l|\u2606Thatbreloomguy\n|inactive|Thatbreloomguy disconnected and has a minute to reconnect!\n|player|p2|\n|j|\u2606Thatbreloomguy\n|inactive|Thatbreloomguy reconnected and has 125 seconds left.\n|player|p2|Thatbreloomguy|koga\n|inactive|Thatbreloomguy has 120 seconds left.\n|\n|t:|1700409680\n|move|p1a: Accelgor|Focus Blast|p2a: Ferrothorn\n|-supereffective|p2a: Ferrothorn\n|-damage|p2a: Ferrothorn|27\/100\n|-unboost|p2a: Ferrothorn|spd|1\n|move|p2a: Ferrothorn|Power Whip|p1a: Accelgor|[miss]\n|-miss|p2a: Ferrothorn|p1a: Accelgor\n|\n|upkeep\n|turn|9\n|\n|t:|1700409687\n|switch|p2a: Banette|Banette, M|100\/100\n|-activate|p2a: Banette|move: Sticky Web\n|-unboost|p2a: Banette|spe|1\n|-damage|p2a: Banette|88\/100|[from] Stealth Rock\n|move|p1a: Accelgor|Bug Buzz|p2a: Banette\n|-resisted|p2a: Banette\n|-damage|p2a: Banette|60\/100\n|\n|upkeep\n|turn|10\n|\n|t:|1700409698\n|detailschange|p2a: Banette|Banette-Mega, M\n|-mega|p2a: Banette|Banette|Banettite\n|move|p1a: Accelgor|Sludge Bomb|p2a: Banette\n|-resisted|p2a: Banette\n|-damage|p2a: Banette|43\/100\n|move|p2a: Banette|Shadow Claw|p1a: Accelgor\n|-damage|p1a: Accelgor|0 fnt\n|faint|p1a: Accelgor\n|\n|upkeep\n|\n|t:|1700409714\n|switch|p1a: Escavalier|Escavalier, M|100\/100\n|-damage|p1a: Escavalier|88\/100|[from] Stealth Rock\n|turn|11\n|\n|t:|1700409719\n|move|p2a: Banette|Destiny Bond|p2a: Banette\n|-singlemove|p2a: Banette|Destiny Bond\n|move|p1a: Escavalier|Knock Off|p2a: Banette\n|-supereffective|p2a: Banette\n|-damage|p2a: Banette|0 fnt\n|faint|p2a: Banette\n|-activate|p2a: Banette|move: Destiny Bond\n|faint|p1a: Escavalier\n|\n|upkeep\n|\n|t:|1700409725\n|switch|p2a: Great Tusk|Great Tusk|100\/100\n|switch|p1a: Araquanid|Araquanid, M|56\/100\n|-damage|p1a: Araquanid|31\/100|[from] Stealth Rock\n|turn|12\n|\n|t:|1700409729\n|move|p2a: Great Tusk|Rapid Spin|p1a: Araquanid\n|-damage|p1a: Araquanid|12\/100\n|-boost|p2a: Great Tusk|spe|1\n|-sideend|p2: Thatbreloomguy|Stealth Rock|[from] move: Rapid Spin|[of] p2a: Great Tusk\n|-sideend|p2: Thatbreloomguy|Sticky Web|[from] move: Rapid Spin|[of] p2a: Great Tusk\n|move|p1a: Araquanid|Liquidation|p2a: Great Tusk\n|-supereffective|p2a: Great Tusk\n|-damage|p2a: Great Tusk|1\/100\n|-unboost|p2a: Great Tusk|def|1\n|\n|upkeep\n|turn|13\n|\n|t:|1700409735\n|move|p2a: Great Tusk|Rapid Spin|p1a: Araquanid\n|-damage|p1a: Araquanid|0 fnt\n|-boost|p2a: Great Tusk|spe|1\n|faint|p1a: Araquanid\n|\n|upkeep\n|\n|t:|1700409741\n|switch|p1a: Heracross|Heracross, M|100\/100\n|-damage|p1a: Heracross|88\/100|[from] Stealth Rock\n|turn|14\n|\n|t:|1700409744\n|move|p2a: Great Tusk|Headlong Rush|p1a: Heracross\n|-resisted|p1a: Heracross\n|-damage|p1a: Heracross|41\/100\n|-unboost|p2a: Great Tusk|def|1\n|-unboost|p2a: Great Tusk|spd|1\n|move|p1a: Heracross|Lunge|p2a: Great Tusk\n|-resisted|p2a: Great Tusk\n|-damage|p2a: Great Tusk|0 fnt\n|faint|p2a: Great Tusk\n|-end|p2a: Great Tusk|Protosynthesis|[silent]\n|\n|-status|p1a: Heracross|brn|[from] item: Flame Orb\n|upkeep\n|\n|t:|1700409751\n|switch|p2a: Kommo-o|Kommo-o, M|100\/100\n|turn|15\n|\n|t:|1700409755\n|-zpower|p2a: Kommo-o\n|move|p2a: Kommo-o|Clangorous Soulblaze|p1a: Heracross|[zeffect]\n|-damage|p1a: Heracross|0 fnt\n|faint|p1a: Heracross\n|-boost|p2a: Kommo-o|atk|1\n|-boost|p2a: Kommo-o|def|1\n|-boost|p2a: Kommo-o|spa|1\n|-boost|p2a: Kommo-o|spd|1\n|-boost|p2a: Kommo-o|spe|1\n|\n|upkeep\n|\n|t:|1700409758\n|switch|p1a: Leavanny|Leavanny, F|100\/100\n|-damage|p1a: Leavanny|76\/100|[from] Stealth Rock\n|turn|16\n|\n|t:|1700409765\n|move|p2a: Kommo-o|Flamethrower|p1a: Leavanny\n|-supereffective|p1a: Leavanny\n|-damage|p1a: Leavanny|0 fnt\n|faint|p1a: Leavanny\n|\n|win|Thatbreloomguy\n|raw|Margotbollox's rating: 1102 &rarr; <strong>1073<\/strong><br \/>(-29 for losing)\n|raw|Thatbreloomguy's rating: 1048 &rarr; <strong>1086<\/strong><br \/>(+38 for winning)\n|l|\u2606Margotbollox\n","uploadtime":1700409775,"views":6,"p1id":"margotbollox","p2id":"thatbreloomguy","formatid":"gen9nationaldex","rating":1073,"private":0,"password":""}