{"id":"gen9nationaldex-1995203578","p1":"The Angel Devil","p2":"BlueYamadafr","format":"[Gen 9] National Dex","log":"|html|<div class=\"broadcast-blue\"><strong>[Gen 9] National Dex is currently suspecting Sneasler! For information on how to participate check out the <a href=\"https:\/\/www.smogon.com\/forums\/threads\/sv-national-dex-suspect-8-just-dance.3731534\/\">suspect thread<\/a>.<\/strong><\/div>\n|j|\u2606The Angel Devil\n|j|\u2606BlueYamadafr\n|t:|1700534223\n|gametype|singles\n|player|p1|The Angel Devil|n-masters|1238\n|player|p2|BlueYamadafr|blue|1137\n|teamsize|p1|6\n|teamsize|p2|6\n|gen|9\n|tier|[Gen 9] National Dex\n|rated|\n|rule|HP Percentage Mod: HP is shown in percentages\n|rule|Endless Battle Clause: Forcing endless battles is banned\n|rule|OHKO Clause: OHKO moves are banned\n|rule|Evasion Clause: Evasion abilities, items, and moves are banned\n|rule|Evasion Abilities Clause: Evasion abilities are banned\n|rule|Evasion Items Clause: Evasion items are banned\n|rule|Evasion Moves Clause: Evasion moves are banned\n|rule|Species Clause: Limit one of each Pok\u00e9mon\n|rule|Sleep Clause Mod: Limit one foe put to sleep\n|clearpoke\n|poke|p1|Mawile, M|\n|poke|p1|Zamazenta-*|\n|poke|p1|Garchomp, M|\n|poke|p1|Ogerpon-Wellspring, F|\n|poke|p1|Zeraora|\n|poke|p1|Tornadus-Therian, M|\n|poke|p2|Ogerpon-Cornerstone, F|\n|poke|p2|Rotom-Wash|\n|poke|p2|Scizor, F|\n|poke|p2|Volcanion|\n|poke|p2|Dragonite, F|\n|poke|p2|Gengar, M|\n|teampreview\n|inactive|Battle timer is ON: inactive players will automatically lose when time's up. (requested by BlueYamadafr)\n|\n|t:|1700534242\n|start\n|switch|p1a: Streaky|Zeraora|100\/100\n|switch|p2a: Scizor|Scizor, F|100\/100\n|turn|1\n|\n|t:|1700534257\n|move|p1a: Streaky|Knock Off|p2a: Scizor\n|-damage|p2a: Scizor|72\/100\n|-enditem|p2a: Scizor|Metal Coat|[from] move: Knock Off|[of] p1a: Streaky\n|move|p2a: Scizor|Bug Bite|p1a: Streaky\n|-damage|p1a: Streaky|32\/100\n|\n|upkeep\n|turn|2\n|\n|t:|1700534267\n|move|p1a: Streaky|Volt Switch|p2a: Scizor\n|-damage|p2a: Scizor|42\/100\n|\n|t:|1700534273\n|switch|p1a: Ventus|Tornadus-Therian, M|100\/100|[from] Volt Switch\n|move|p2a: Scizor|Bug Bite|p1a: Ventus\n|-resisted|p1a: Ventus\n|-damage|p1a: Ventus|72\/100\n|\n|upkeep\n|turn|3\n|\n|t:|1700534281\n|move|p2a: Scizor|Bullet Punch|p1a: Ventus\n|-damage|p1a: Ventus|36\/100\n|move|p1a: Ventus|Hurricane|p2a: Scizor\n|-damage|p2a: Scizor|0 fnt\n|faint|p2a: Scizor\n|\n|upkeep\n|\n|t:|1700534285\n|switch|p2a: Rotom|Rotom-Wash|100\/100\n|turn|4\n|\n|t:|1700534286\n|move|p1a: Ventus|U-turn|p2a: Rotom\n|-damage|p2a: Rotom|81\/100\n|\n|t:|1700534290\n|switch|p1a: Streaky|Zeraora|32\/100|[from] U-turn\n|move|p2a: Rotom|Thunderbolt|p1a: Streaky\n|-heal|p1a: Streaky|57\/100|[from] ability: Volt Absorb|[of] p2a: Rotom\n|\n|-heal|p2a: Rotom|88\/100|[from] item: Leftovers\n|upkeep\n|turn|5\n|\n|t:|1700534313\n|move|p1a: Streaky|Volt Switch|p2a: Rotom\n|-damage|p2a: Rotom|52\/100\n|\n|t:|1700534316\n|switch|p1a: Spring Fairy|Ogerpon-Wellspring, F|100\/100|[from] Volt Switch\n|move|p2a: Rotom|Hydro Pump|p1a: Spring Fairy\n|-immune|p1a: Spring Fairy|[from] ability: Water Absorb\n|\n|-heal|p2a: Rotom|58\/100|[from] item: Leftovers\n|upkeep\n|turn|6\n|\n|t:|1700534323\n|move|p1a: Spring Fairy|Horn Leech|p2a: Rotom\n|-supereffective|p2a: Rotom\n|-damage|p2a: Rotom|0 fnt\n|faint|p2a: Rotom\n|\n|upkeep\n|\n|t:|1700534327\n|switch|p2a: Ogerpon|Ogerpon-Cornerstone, F|100\/100\n|turn|7\n|\n|t:|1700534334\n|move|p2a: Ogerpon|Swords Dance|p2a: Ogerpon\n|-boost|p2a: Ogerpon|atk|2\n|move|p1a: Spring Fairy|Ivy Cudgel|p2a: Ogerpon|[anim] Ivy Cudgel Water\n|-damage|p2a: Ogerpon|18\/100\n|\n|upkeep\n|turn|8\n|\n|t:|1700534339\n|move|p2a: Ogerpon|Wood Hammer|p1a: Spring Fairy\n|-damage|p1a: Spring Fairy|0 fnt\n|faint|p1a: Spring Fairy\n|-damage|p2a: Ogerpon|0 fnt|[from] Recoil\n|faint|p2a: Ogerpon\n|\n|upkeep\n|\n|t:|1700534344\n|switch|p2a: Dragonite|Dragonite, F|100\/100\n|switch|p1a: Mikoto|Mawile, M|100\/100\n|-ability|p1a: Mikoto|Intimidate|boost\n|-unboost|p2a: Dragonite|atk|1\n|turn|9\n|\n|t:|1700534349\n|detailschange|p1a: Mikoto|Mawile-Mega, M\n|-mega|p1a: Mikoto|Mawile|Mawilite\n|move|p2a: Dragonite|Dragon Dance|p2a: Dragonite\n|-boost|p2a: Dragonite|atk|1\n|-boost|p2a: Dragonite|spe|1\n|move|p1a: Mikoto|Play Rough|p2a: Dragonite\n|-supereffective|p2a: Dragonite\n|-damage|p2a: Dragonite|0 fnt\n|faint|p2a: Dragonite\n|\n|upkeep\n|\n|t:|1700534361\n|switch|p2a: Gengar|Gengar, M|100\/100\n|turn|10\n|\n|t:|1700534364\n|-terastallize|p2a: Gengar|Ghost\n|move|p2a: Gengar|Shadow Ball|p1a: Mikoto\n|-damage|p1a: Mikoto|0 fnt\n|faint|p1a: Mikoto\n|\n|upkeep\n|\n|t:|1700534369\n|switch|p1a: Streaky|Zeraora|57\/100\n|turn|11\n|\n|t:|1700534372\n|move|p1a: Streaky|Knock Off|p2a: Gengar\n|-supereffective|p2a: Gengar\n|-damage|p2a: Gengar|0 fnt\n|-enditem|p2a: Gengar|Choice Specs|[from] move: Knock Off|[of] p1a: Streaky\n|faint|p2a: Gengar\n|\n|upkeep\n|\n|t:|1700534388\n|switch|p2a: Volcanion|Volcanion|100\/100\n|turn|12\n|\n|t:|1700534397\n|move|p1a: Streaky|Plasma Fists|p2a: Volcanion\n|-supereffective|p2a: Volcanion\n|-damage|p2a: Volcanion|28\/100\n|-fieldactivate|move: Ion Deluge\n|-hint|Normal-type moves become Electric-type after using Plasma Fists.\n|move|p2a: Volcanion|Earth Power|p1a: Streaky\n|-supereffective|p1a: Streaky\n|-damage|p1a: Streaky|0 fnt\n|faint|p1a: Streaky\n|\n|upkeep\n|\n|t:|1700534400\n|switch|p1a: Xerxes|Garchomp, M|100\/100\n|turn|13\n|\n|t:|1700534403\n|move|p1a: Xerxes|Earthquake|p2a: Volcanion\n|-supereffective|p2a: Volcanion\n|-damage|p2a: Volcanion|0 fnt\n|faint|p2a: Volcanion\n|\n|win|The Angel Devil\n|raw|The Angel Devil's rating: 1238 &rarr; <strong>1256<\/strong><br \/>(+18 for winning)\n|raw|BlueYamadafr's rating: 1137 &rarr; <strong>1119<\/strong><br \/>(-18 for losing)\n|l|\u2606The Angel Devil\n","uploadtime":1700534415,"views":1,"p1id":"theangeldevil","p2id":"blueyamadafr","formatid":"gen9nationaldex","rating":1119,"private":0,"password":""}