{"id":"gen9nationaldex-1993051683","p1":"Henzai","p2":"stickiestboi","format":"[Gen 9] National Dex","log":"|j|\u2606Henzai\n|j|\u2606stickiestboi\n|t:|1700259396\n|gametype|singles\n|player|p1|Henzai|adaman|1054\n|player|p2|stickiestboi|acetrainer-gen4dp|1000\n|teamsize|p1|6\n|teamsize|p2|6\n|gen|9\n|tier|[Gen 9] National Dex\n|rated|\n|rule|HP Percentage Mod: HP is shown in percentages\n|rule|Endless Battle Clause: Forcing endless battles is banned\n|rule|OHKO Clause: OHKO moves are banned\n|rule|Evasion Clause: Evasion abilities, items, and moves are banned\n|rule|Evasion Abilities Clause: Evasion abilities are banned\n|rule|Evasion Items Clause: Evasion items are banned\n|rule|Evasion Moves Clause: Evasion moves are banned\n|rule|Species Clause: Limit one of each Pok\u00e9mon\n|rule|Sleep Clause Mod: Limit one foe put to sleep\n|clearpoke\n|poke|p1|Pineco, L1, M|\n|poke|p1|Magnemite, L1|\n|poke|p1|Cottonee, L1, M|\n|poke|p1|Taillow, L1, M|\n|poke|p1|Aron, L1, M|\n|poke|p1|Lechonk, L1, M|\n|poke|p2|Typhlosion, F|\n|poke|p2|Tyranitar, F|\n|poke|p2|Luxray, M|\n|poke|p2|Gyarados, M|\n|poke|p2|Togekiss, F|\n|poke|p2|Alakazam, F|\n|teampreview\n|c|\u2606stickiestboi|womp womp\n|inactive|Battle timer is ON: inactive players will automatically lose when time's up. (requested by Henzai)\n|\n|t:|1700259419\n|start\n|switch|p1a: BleyBlade|Pineco, L1, M, shiny|100\/100\n|switch|p2a: Tyranitar|Tyranitar, F|100\/100\n|-weather|Sandstorm|[from] ability: Sand Stream|[of] p2a: Tyranitar\n|turn|1\n|\n|t:|1700259426\n|move|p2a: Tyranitar|Earthquake|p1a: BleyBlade\n|-resisted|p1a: BleyBlade\n|-ability|p1a: BleyBlade|Sturdy\n|-damage|p1a: BleyBlade|9\/100\n|-enditem|p1a: BleyBlade|Oran Berry|[eat]\n|-heal|p1a: BleyBlade|92\/100|[from] item: Oran Berry\n|move|p1a: BleyBlade|Toxic Spikes|p2a: Tyranitar\n|-sidestart|p2: stickiestboi|move: Toxic Spikes\n|\n|-weather|Sandstorm|[upkeep]\n|-damage|p1a: BleyBlade|84\/100|[from] Sandstorm\n|upkeep\n|turn|2\n|\n|t:|1700259431\n|move|p2a: Tyranitar|Earthquake|p1a: BleyBlade\n|-resisted|p1a: BleyBlade\n|-damage|p1a: BleyBlade|0 fnt\n|faint|p1a: BleyBlade\n|\n|-weather|Sandstorm|[upkeep]\n|upkeep\n|\n|t:|1700259437\n|switch|p1a: Magneto|Magnemite, L1, shiny|100\/100\n|turn|3\n|\n|t:|1700259442\n|move|p2a: Tyranitar|Superpower|p1a: Magneto\n|-supereffective|p1a: Magneto\n|-ability|p1a: Magneto|Sturdy\n|-damage|p1a: Magneto|10\/100\n|-unboost|p2a: Tyranitar|atk|1\n|-unboost|p2a: Tyranitar|def|1\n|-enditem|p1a: Magneto|Oran Berry|[eat]\n|-heal|p1a: Magneto|100\/100|[from] item: Oran Berry\n|move|p1a: Magneto|Toxic|p2a: Tyranitar\n|-status|p2a: Tyranitar|tox\n|\n|-weather|Sandstorm|[upkeep]\n|-damage|p2a: Tyranitar|94\/100 tox|[from] psn\n|upkeep\n|turn|4\n|\n|t:|1700259452\n|move|p2a: Tyranitar|Superpower|p1a: Magneto\n|-supereffective|p1a: Magneto\n|-ability|p1a: Magneto|Sturdy\n|-damage|p1a: Magneto|10\/100\n|-unboost|p2a: Tyranitar|atk|1\n|-unboost|p2a: Tyranitar|def|1\n|move|p1a: Magneto|Recycle|p1a: Magneto\n|-item|p1a: Magneto|Oran Berry|[from] move: Recycle\n|-enditem|p1a: Magneto|Oran Berry|[eat]\n|-heal|p1a: Magneto|100\/100|[from] item: Oran Berry\n|\n|-weather|Sandstorm|[upkeep]\n|-damage|p2a: Tyranitar|82\/100 tox|[from] psn\n|upkeep\n|turn|5\n|\n|t:|1700259464\n|move|p2a: Tyranitar|Superpower|p1a: Magneto\n|-supereffective|p1a: Magneto\n|-ability|p1a: Magneto|Sturdy\n|-damage|p1a: Magneto|10\/100\n|-unboost|p2a: Tyranitar|atk|1\n|-unboost|p2a: Tyranitar|def|1\n|move|p1a: Magneto|Recycle|p1a: Magneto\n|-item|p1a: Magneto|Oran Berry|[from] move: Recycle\n|-enditem|p1a: Magneto|Oran Berry|[eat]\n|-heal|p1a: Magneto|100\/100|[from] item: Oran Berry\n|\n|-weather|none\n|-damage|p2a: Tyranitar|63\/100 tox|[from] psn\n|upkeep\n|turn|6\n|\n|t:|1700259477\n|move|p2a: Tyranitar|Superpower|p1a: Magneto\n|-supereffective|p1a: Magneto\n|-ability|p1a: Magneto|Sturdy\n|-damage|p1a: Magneto|10\/100\n|-unboost|p2a: Tyranitar|atk|1\n|-unboost|p2a: Tyranitar|def|1\n|move|p1a: Magneto|Recycle|p1a: Magneto\n|-item|p1a: Magneto|Oran Berry|[from] move: Recycle\n|-enditem|p1a: Magneto|Oran Berry|[eat]\n|-heal|p1a: Magneto|100\/100|[from] item: Oran Berry\n|\n|-damage|p2a: Tyranitar|39\/100 tox|[from] psn\n|upkeep\n|turn|7\n|\n|t:|1700259490\n|move|p1a: Magneto|Protect|p1a: Magneto\n|-singleturn|p1a: Magneto|Protect\n|move|p2a: Tyranitar|Superpower|p1a: Magneto\n|-activate|p1a: Magneto|move: Protect\n|\n|-damage|p2a: Tyranitar|8\/100 tox|[from] psn\n|upkeep\n|turn|8\n|\n|t:|1700259502\n|move|p2a: Tyranitar|Superpower|p1a: Magneto\n|-supereffective|p1a: Magneto\n|-ability|p1a: Magneto|Sturdy\n|-damage|p1a: Magneto|10\/100\n|-unboost|p2a: Tyranitar|atk|1\n|-unboost|p2a: Tyranitar|def|1\n|move|p1a: Magneto|Recycle|p1a: Magneto\n|-item|p1a: Magneto|Oran Berry|[from] move: Recycle\n|-enditem|p1a: Magneto|Oran Berry|[eat]\n|-heal|p1a: Magneto|100\/100|[from] item: Oran Berry\n|\n|-damage|p2a: Tyranitar|0 fnt|[from] psn\n|faint|p2a: Tyranitar\n|upkeep\n|\n|t:|1700259519\n|switch|p2a: Luxray|Luxray, M|100\/100\n|-status|p2a: Luxray|psn\n|-ability|p2a: Luxray|Intimidate|boost\n|-unboost|p1a: Magneto|atk|1\n|turn|9\n|\n|t:|1700259526\n|move|p2a: Luxray|Wild Charge|p1a: Magneto\n|-resisted|p1a: Magneto\n|-ability|p1a: Magneto|Sturdy\n|-damage|p1a: Magneto|10\/100\n|-damage|p2a: Luxray|99\/100 psn|[from] Recoil\n|move|p1a: Magneto|Recycle|p1a: Magneto\n|-item|p1a: Magneto|Oran Berry|[from] move: Recycle\n|-enditem|p1a: Magneto|Oran Berry|[eat]\n|-heal|p1a: Magneto|100\/100|[from] item: Oran Berry\n|\n|-damage|p2a: Luxray|87\/100 psn|[from] psn\n|upkeep\n|turn|10\n|\n|t:|1700259541\n|move|p2a: Luxray|Wild Charge|p1a: Magneto\n|-resisted|p1a: Magneto\n|-ability|p1a: Magneto|Sturdy\n|-damage|p1a: Magneto|10\/100\n|-damage|p2a: Luxray|86\/100 psn|[from] Recoil\n|move|p1a: Magneto|Recycle|p1a: Magneto\n|-item|p1a: Magneto|Oran Berry|[from] move: Recycle\n|-enditem|p1a: Magneto|Oran Berry|[eat]\n|-heal|p1a: Magneto|100\/100|[from] item: Oran Berry\n|\n|-damage|p2a: Luxray|74\/100 psn|[from] psn\n|upkeep\n|turn|11\n|\n|t:|1700259544\n|move|p2a: Luxray|Wild Charge|p1a: Magneto\n|-resisted|p1a: Magneto\n|-ability|p1a: Magneto|Sturdy\n|-damage|p1a: Magneto|10\/100\n|-damage|p2a: Luxray|73\/100 psn|[from] Recoil\n|move|p1a: Magneto|Recycle|p1a: Magneto\n|-item|p1a: Magneto|Oran Berry|[from] move: Recycle\n|-enditem|p1a: Magneto|Oran Berry|[eat]\n|-heal|p1a: Magneto|100\/100|[from] item: Oran Berry\n|\n|-damage|p2a: Luxray|61\/100 psn|[from] psn\n|upkeep\n|turn|12\n|-message|stickiestboi forfeited.\n|\n|win|Henzai\n|raw|Henzai's rating: 1054 &rarr; <strong>1081<\/strong><br \/>(+27 for winning)\n|raw|stickiestboi's rating: 1000 &rarr; <strong>1000<\/strong><br \/>(+0 for losing)\n|l|\u2606stickiestboi\n","uploadtime":1700259563,"views":8,"p1id":"henzai","p2id":"stickiestboi","formatid":"gen9nationaldex","rating":1000,"private":0,"password":""}