{"id":"gen9nationaldex-1988779355","p1":"Vraptor249","p2":"Oakin64","format":"[Gen 9] National Dex","log":"|j|\u2606Vraptor249\n|j|\u2606Oakin64\n|t:|1699762066\n|gametype|singles\n|player|p1|Vraptor249|benga|\n|player|p2|Oakin64|265|\n|teamsize|p1|6\n|teamsize|p2|6\n|gen|9\n|tier|[Gen 9] National Dex\n|rule|HP Percentage Mod: HP is shown in percentages\n|rule|Endless Battle Clause: Forcing endless battles is banned\n|rule|OHKO Clause: OHKO moves are banned\n|rule|Evasion Clause: Evasion abilities, items, and moves are banned\n|rule|Evasion Abilities Clause: Evasion abilities are banned\n|rule|Evasion Items Clause: Evasion items are banned\n|rule|Evasion Moves Clause: Evasion moves are banned\n|rule|Species Clause: Limit one of each Pok\u00e9mon\n|rule|Sleep Clause Mod: Limit one foe put to sleep\n|clearpoke\n|poke|p1|Heliolisk, F|\n|poke|p1|Tentacruel, F|\n|poke|p1|Victini|\n|poke|p1|Iron Treads|\n|poke|p1|Necrozma|\n|poke|p1|Runerigus, F|\n|poke|p2|Heracross, M|\n|poke|p2|Walrein, M|\n|poke|p2|Houndstone, M|\n|poke|p2|Probopass, M|\n|poke|p2|Scovillain, M|\n|poke|p2|Bombirdier, F|\n|teampreview\n|j| VantaZack\n|j| dcmrulz\n|j| Saradominphat\n|\n|t:|1699762099\n|start\n|switch|p1a: Circe|Victini|100\/100\n|switch|p2a: TJ|Scovillain, M|100\/100\n|turn|1\n|\n|t:|1699762119\n|move|p1a: Circe|V-create|p2a: TJ\n|-damage|p2a: TJ|0 fnt\n|-unboost|p1a: Circe|spe|1\n|-unboost|p1a: Circe|def|1\n|-unboost|p1a: Circe|spd|1\n|faint|p2a: TJ\n|\n|upkeep\n|c| VantaZack|Bro is not related to DJ\n|c| VantaZack|DJ wouldve taken that too the ass\n|c| VantaZack|and asked for seconds\n|\n|t:|1699762195\n|switch|p2a: Francesca|Bombirdier, F|100\/100\n|turn|2\n|\n|t:|1699762219\n|move|p2a: Francesca|Knock Off|p1a: Circe\n|-supereffective|p1a: Circe\n|-enditem|p1a: Circe|Focus Sash\n|-damage|p1a: Circe|1\/100\n|move|p1a: Circe|Bolt Strike|p2a: Francesca\n|-supereffective|p2a: Francesca\n|-damage|p2a: Francesca|0 fnt\n|faint|p2a: Francesca\n|\n|upkeep\n|\n|t:|1699762225\n|switch|p2a: Gum|Heracross, M|100\/100\n|turn|3\n|\n|t:|1699762237\n|move|p2a: Gum|Trailblaze|p1a: Circe\n|-resisted|p1a: Circe\n|-crit|p1a: Circe\n|-damage|p1a: Circe|0 fnt\n|-boost|p2a: Gum|spe|1\n|faint|p1a: Circe\n|\n|upkeep\n|\n|t:|1699762251\n|switch|p1a: Sigma|Runerigus, F|100\/100\n|turn|4\n|\n|t:|1699762259\n|move|p2a: Gum|Bulk Up|p2a: Gum\n|-boost|p2a: Gum|atk|1\n|-boost|p2a: Gum|def|1\n|move|p1a: Sigma|Poltergeist|p2a: Gum\n|-activate|p2a: Gum|move: Poltergeist|Heracronite\n|-damage|p2a: Gum|60\/100\n|\n|upkeep\n|turn|5\n|\n|t:|1699762274\n|move|p2a: Gum|Pin Missile|p1a: Sigma\n|-resisted|p1a: Sigma\n|-damage|p1a: Sigma|93\/100\n|-resisted|p1a: Sigma\n|-damage|p1a: Sigma|85\/100\n|-resisted|p1a: Sigma\n|-damage|p1a: Sigma|78\/100\n|-hitcount|p1a: Sigma|3\n|move|p1a: Sigma|Poltergeist|p2a: Gum\n|-activate|p2a: Gum|move: Poltergeist|Heracronite\n|-damage|p2a: Gum|15\/100\n|\n|upkeep\n|turn|6\n|\n|t:|1699762285\n|detailschange|p2a: Gum|Heracross-Mega, M\n|-mega|p2a: Gum|Heracross|Heracronite\n|move|p2a: Gum|Trailblaze|p1a: Sigma\n|-supereffective|p1a: Sigma\n|-damage|p1a: Sigma|22\/100\n|-boost|p2a: Gum|spe|1\n|-activate|p1a: Sigma|ability: Wandering Spirit|Skill Link|Wandering Spirit|[of] p2a: Gum\n|move|p1a: Sigma|Poltergeist|p2a: Gum|[miss]\n|-miss|p1a: Sigma|p2a: Gum\n|\n|upkeep\n|turn|7\n|\n|t:|1699762306\n|move|p2a: Gum|Trailblaze|p1a: Sigma\n|-supereffective|p1a: Sigma\n|-damage|p1a: Sigma|0 fnt\n|-boost|p2a: Gum|spe|1\n|faint|p1a: Sigma\n|\n|upkeep\n|\n|t:|1699762329\n|switch|p1a: Ford F150|Iron Treads|100\/100\n|turn|8\n|\n|t:|1699762337\n|move|p2a: Gum|Close Combat|p1a: Ford F150\n|-supereffective|p1a: Ford F150\n|-damage|p1a: Ford F150|0 fnt\n|-unboost|p2a: Gum|def|1\n|-unboost|p2a: Gum|spd|1\n|faint|p1a: Ford F150\n|-end|p1a: Ford F150|Quark Drive|[silent]\n|\n|upkeep\n|\n|t:|1699762345\n|switch|p1a: Amphere|Heliolisk, F|100\/100\n|turn|9\n|\n|t:|1699762354\n|move|p1a: Amphere|Thunderbolt|p2a: Gum\n|-damage|p2a: Gum|0 fnt\n|faint|p2a: Gum\n|\n|upkeep\n|\n|t:|1699762362\n|switch|p2a: Bob|Probopass, M|100\/100\n|-item|p2a: Bob|Air Balloon\n|turn|10\n|\n|t:|1699762392\n|switch|p1a: Dagon|Tentacruel, F|100\/100\n|move|p2a: Bob|Bulldoze|p1a: Dagon\n|-supereffective|p1a: Dagon\n|-enditem|p1a: Dagon|Shuca Berry|[eat]\n|-enditem|p1a: Dagon|Shuca Berry|[weaken]\n|-damage|p1a: Dagon|88\/100\n|\n|upkeep\n|turn|11\n|\n|t:|1699762411\n|switch|p2a: Big Canine|Walrein, M|100\/100\n|move|p1a: Dagon|Dazzling Gleam|p2a: Big Canine\n|-damage|p2a: Big Canine|87\/100\n|\n|upkeep\n|turn|12\n|\n|t:|1699762426\n|switch|p1a: Aeon|Necrozma|100\/100\n|move|p2a: Big Canine|Bulldoze|p1a: Aeon\n|-damage|p1a: Aeon|92\/100\n|-unboost|p1a: Aeon|spe|1\n|\n|upkeep\n|turn|13\n|\n|t:|1699762436\n|move|p2a: Big Canine|Bulldoze|p1a: Aeon\n|-damage|p1a: Aeon|82\/100\n|-unboost|p1a: Aeon|spe|1\n|move|p1a: Aeon|Autotomize|p1a: Aeon\n|-boost|p1a: Aeon|spe|2\n|-start|p1a: Aeon|Autotomize\n|\n|upkeep\n|turn|14\n|\n|t:|1699762446\n|move|p1a: Aeon|Photon Geyser|p2a: Big Canine\n|-damage|p2a: Big Canine|53\/100\n|move|p2a: Big Canine|Bulldoze|p1a: Aeon\n|-damage|p1a: Aeon|74\/100\n|-unboost|p1a: Aeon|spe|1\n|\n|upkeep\n|turn|15\n|\n|t:|1699762461\n|move|p2a: Big Canine|Ice Beam|p1a: Aeon\n|-damage|p1a: Aeon|43\/100\n|move|p1a: Aeon|Dark Pulse|p2a: Big Canine\n|-damage|p2a: Big Canine|33\/100\n|\n|upkeep\n|turn|16\n|\n|t:|1699762468\n|move|p2a: Big Canine|Ice Beam|p1a: Aeon\n|-damage|p1a: Aeon|18\/100\n|move|p1a: Aeon|Photon Geyser|p2a: Big Canine\n|-damage|p2a: Big Canine|1\/100\n|\n|upkeep\n|turn|17\n|\n|t:|1699762476\n|move|p2a: Big Canine|Ice Beam|p1a: Aeon\n|-damage|p1a: Aeon|0 fnt\n|faint|p1a: Aeon\n|\n|upkeep\n|\n|t:|1699762480\n|switch|p1a: Amphere|Heliolisk, F|100\/100\n|turn|18\n|\n|t:|1699762488\n|move|p1a: Amphere|Thunderbolt|p2a: Big Canine\n|-supereffective|p2a: Big Canine\n|-damage|p2a: Big Canine|0 fnt\n|faint|p2a: Big Canine\n|\n|upkeep\n|\n|t:|1699762503\n|switch|p2a: Spooky-Doo|Houndstone, M|100\/100\n|turn|19\n|\n|t:|1699762510\n|move|p1a: Amphere|Thunderbolt|p2a: Spooky-Doo\n|-damage|p2a: Spooky-Doo|55\/100\n|move|p2a: Spooky-Doo|Body Press|p1a: Amphere\n|-supereffective|p1a: Amphere\n|-damage|p1a: Amphere|0 fnt\n|faint|p1a: Amphere\n|\n|upkeep\n|\n|t:|1699762517\n|switch|p1a: Dagon|Tentacruel, F|88\/100\n|turn|20\n|\n|t:|1699762523\n|move|p1a: Dagon|Sludge Wave|p2a: Spooky-Doo\n|-resisted|p2a: Spooky-Doo\n|-damage|p2a: Spooky-Doo|36\/100\n|-status|p2a: Spooky-Doo|psn\n|move|p2a: Spooky-Doo|Will-O-Wisp|p1a: Dagon\n|-status|p1a: Dagon|brn\n|\n|-damage|p2a: Spooky-Doo|24\/100 psn|[from] psn\n|-damage|p1a: Dagon|82\/100 brn|[from] brn\n|upkeep\n|turn|21\n|\n|t:|1699762535\n|move|p1a: Dagon|Sludge Wave|p2a: Spooky-Doo\n|-resisted|p2a: Spooky-Doo\n|-damage|p2a: Spooky-Doo|6\/100 psn\n|move|p2a: Spooky-Doo|Body Press|p1a: Dagon\n|-resisted|p1a: Dagon\n|-damage|p1a: Dagon|63\/100 brn\n|\n|-damage|p2a: Spooky-Doo|0 fnt|[from] psn\n|faint|p2a: Spooky-Doo\n|-damage|p1a: Dagon|57\/100 brn|[from] brn\n|upkeep\n|\n|t:|1699762543\n|switch|p2a: Bob|Probopass, M|100\/100\n|-item|p2a: Bob|Air Balloon\n|turn|22\n|\n|t:|1699762550\n|move|p1a: Dagon|Rapid Spin|p2a: Bob\n|-resisted|p2a: Bob\n|-damage|p2a: Bob|99\/100\n|-boost|p1a: Dagon|spe|1\n|-enditem|p2a: Bob|Air Balloon\n|move|p2a: Bob|Bulldoze|p1a: Dagon\n|-supereffective|p1a: Dagon\n|-crit|p1a: Dagon\n|-damage|p1a: Dagon|21\/100 brn\n|\n|-damage|p1a: Dagon|15\/100 brn|[from] brn\n|upkeep\n|turn|23\n|\n|t:|1699762560\n|move|p1a: Dagon|Hidden Power|p2a: Bob\n|-supereffective|p2a: Bob\n|-damage|p2a: Bob|50\/100\n|move|p2a: Bob|Bulldoze|p1a: Dagon\n|-supereffective|p1a: Dagon\n|-damage|p1a: Dagon|0 fnt\n|faint|p1a: Dagon\n|\n|win|Oakin64\n|l| VantaZack\n|l|\u2606Vraptor249\n|l| dcmrulz\n","uploadtime":1699762580,"views":5,"p1id":"vraptor249","p2id":"oakin64","formatid":"gen9nationaldex","rating":0,"private":0,"password":""}