{"id":"gen9nationaldex-1987922528","p1":"enubi","p2":"imbleed","format":"[Gen 9] National Dex","log":"|j|\u2606enubi\n|j|\u2606imbleed\n|t:|1699649472\n|gametype|singles\n|player|p1|enubi|juan|1511\n|player|p2|imbleed|poppy|1439\n|teamsize|p1|6\n|teamsize|p2|6\n|gen|9\n|tier|[Gen 9] National Dex\n|rated|\n|rule|HP Percentage Mod: HP is shown in percentages\n|rule|Endless Battle Clause: Forcing endless battles is banned\n|rule|OHKO Clause: OHKO moves are banned\n|rule|Evasion Clause: Evasion abilities, items, and moves are banned\n|rule|Evasion Abilities Clause: Evasion abilities are banned\n|rule|Evasion Items Clause: Evasion items are banned\n|rule|Evasion Moves Clause: Evasion moves are banned\n|rule|Species Clause: Limit one of each Pok\u00e9mon\n|rule|Sleep Clause Mod: Limit one foe put to sleep\n|clearpoke\n|poke|p1|Pelipper, F|\n|poke|p1|Floatzel, F|\n|poke|p1|Zapdos|\n|poke|p1|Swampert, F|\n|poke|p1|Goodra, M|\n|poke|p1|Kartana|\n|poke|p2|Necrozma|\n|poke|p2|Gyarados, M|\n|poke|p2|Starmie|\n|poke|p2|Scizor, M|\n|poke|p2|Great Tusk|\n|poke|p2|Entei|\n|teampreview\n|j| Lonsol\n|j| kung fu pokechu\n|j| less might be more\n|j| bigglygrande\n|j| mistahmerrikuu\n|\n|t:|1699649512\n|start\n|switch|p1a: Pelipper|Pelipper, F|100\/100\n|switch|p2a: gonna hit|Starmie|100\/100\n|-weather|RainDance|[from] ability: Drizzle|[of] p1a: Pelipper\n|turn|1\n|\n|t:|1699649524\n|switch|p1a: Kartana|Kartana|100\/100\n|move|p2a: gonna hit|Zap Cannon|p1a: Kartana\n|-resisted|p1a: Kartana\n|-damage|p1a: Kartana|34\/100\n|-status|p1a: Kartana|par\n|-enditem|p1a: Kartana|Lum Berry|[eat]\n|-curestatus|p1a: Kartana|par|[msg]\n|\n|-weather|RainDance|[upkeep]\n|upkeep\n|turn|2\n|\n|t:|1699649541\n|move|p2a: gonna hit|Hydro Pump|p1a: Kartana\n|-resisted|p1a: Kartana\n|-damage|p1a: Kartana|0 fnt\n|faint|p1a: Kartana\n|\n|-weather|RainDance|[upkeep]\n|upkeep\n|\n|t:|1699649545\n|switch|p1a: Zapdos|Zapdos|100\/100\n|turn|3\n|\n|t:|1699649555\n|move|p2a: gonna hit|Blizzard|p1a: Zapdos|[miss]\n|-miss|p2a: gonna hit|p1a: Zapdos\n|move|p1a: Zapdos|Thunder|p2a: gonna hit\n|-supereffective|p2a: gonna hit\n|-damage|p2a: gonna hit|0 fnt\n|faint|p2a: gonna hit\n|\n|-weather|RainDance|[upkeep]\n|upkeep\n|\n|t:|1699649571\n|switch|p2a: PRISMED|Necrozma|100\/100\n|turn|4\n|\n|t:|1699649581\n|move|p1a: Zapdos|U-turn|p2a: PRISMED\n|-supereffective|p2a: PRISMED\n|-damage|p2a: PRISMED|87\/100\n|-enditem|p2a: PRISMED|Weakness Policy\n|-boost|p2a: PRISMED|atk|2|[from] item: Weakness Policy\n|-boost|p2a: PRISMED|spa|2|[from] item: Weakness Policy\n|\n|t:|1699649586\n|switch|p1a: Goodra|Goodra, M|100\/100|[from] U-turn\n|move|p2a: PRISMED|Rock Polish|p2a: PRISMED\n|-boost|p2a: PRISMED|spe|2\n|\n|-weather|RainDance|[upkeep]\n|upkeep\n|turn|5\n|\n|t:|1699649597\n|move|p2a: PRISMED|Rock Polish|p2a: PRISMED\n|-boost|p2a: PRISMED|spe|2\n|move|p1a: Goodra|Draco Meteor|p2a: PRISMED\n|-damage|p2a: PRISMED|28\/100\n|-unboost|p1a: Goodra|spa|2\n|\n|-weather|RainDance|[upkeep]\n|upkeep\n|turn|6\n|\n|t:|1699649629\n|move|p2a: PRISMED|Rock Polish|p2a: PRISMED\n|-boost|p2a: PRISMED|spe|2\n|move|p1a: Goodra|Draco Meteor|p2a: PRISMED\n|-damage|p2a: PRISMED|0 fnt\n|-unboost|p1a: Goodra|spa|2\n|faint|p2a: PRISMED\n|\n|-weather|RainDance|[upkeep]\n|upkeep\n|\n|t:|1699649638\n|switch|p2a: member|Gyarados, M|100\/100\n|-ability|p2a: member|Intimidate|boost\n|-unboost|p1a: Goodra|atk|1\n|turn|7\n|\n|t:|1699649645\n|switch|p1a: Zapdos|Zapdos|100\/100\n|detailschange|p2a: member|Gyarados-Mega, M\n|-mega|p2a: member|Gyarados|Gyaradosite\n|-ability|p2a: member|Mold Breaker\n|move|p2a: member|Substitute|p2a: member\n|-start|p2a: member|Substitute\n|-damage|p2a: member|76\/100\n|\n|-weather|RainDance|[upkeep]\n|upkeep\n|turn|8\n|\n|t:|1699649657\n|move|p1a: Zapdos|Thunder|p2a: member\n|-supereffective|p2a: member\n|-end|p2a: member|Substitute\n|move|p2a: member|Dragon Dance|p2a: member\n|-boost|p2a: member|atk|1\n|-boost|p2a: member|spe|1\n|\n|-weather|none\n|upkeep\n|turn|9\n|\n|t:|1699649667\n|move|p2a: member|Substitute|p2a: member\n|-start|p2a: member|Substitute\n|-damage|p2a: member|51\/100\n|move|p1a: Zapdos|U-turn|p2a: member\n|-supereffective|p2a: member\n|-activate|p2a: member|move: Substitute|[damage]\n|\n|t:|1699649670\n|switch|p1a: Pelipper|Pelipper, F|100\/100|[from] U-turn\n|-weather|RainDance|[from] ability: Drizzle|[of] p1a: Pelipper\n|\n|-weather|RainDance|[upkeep]\n|upkeep\n|turn|10\n|\n|t:|1699649679\n|move|p2a: member|Waterfall|p1a: Pelipper\n|-resisted|p1a: Pelipper\n|-damage|p1a: Pelipper|46\/100\n|move|p1a: Pelipper|Hurricane|p2a: member\n|-crit|p2a: member\n|-end|p2a: member|Substitute\n|\n|-weather|RainDance|[upkeep]\n|upkeep\n|turn|11\n|\n|t:|1699649697\n|switch|p1a: Goodra|Goodra, M|100\/100\n|move|p2a: member|Crunch|p1a: Goodra\n|-damage|p1a: Goodra|13\/100\n|\n|-weather|RainDance|[upkeep]\n|-heal|p1a: Goodra|19\/100|[from] item: Leftovers\n|upkeep\n|turn|12\n|\n|t:|1699649706\n|move|p2a: member|Crunch|p1a: Goodra\n|-damage|p1a: Goodra|0 fnt\n|faint|p1a: Goodra\n|\n|-weather|RainDance|[upkeep]\n|upkeep\n|\n|t:|1699649711\n|switch|p1a: Floatzel|Floatzel, F|100\/100\n|turn|13\n|\n|t:|1699649717\n|move|p1a: Floatzel|Wave Crash|p2a: member\n|-resisted|p2a: member\n|-damage|p2a: member|0 fnt\n|faint|p2a: member\n|-damage|p1a: Floatzel|83\/100|[from] Recoil\n|\n|-weather|RainDance|[upkeep]\n|upkeep\n|\n|t:|1699649726\n|switch|p2a: yes i am a cat|Entei|100\/100\n|turn|14\n|\n|t:|1699649732\n|-terastallize|p1a: Floatzel|Ice\n|-terastallize|p2a: yes i am a cat|Normal\n|move|p2a: yes i am a cat|Extreme Speed|p1a: Floatzel\n|-damage|p1a: Floatzel|0 fnt\n|faint|p1a: Floatzel\n|\n|-weather|RainDance|[upkeep]\n|upkeep\n|j| Gaza Stripper\n|\n|t:|1699649737\n|switch|p1a: Zapdos|Zapdos|100\/100\n|turn|15\n|\n|t:|1699649748\n|switch|p2a: wowie zowie|Great Tusk|100\/100\n|move|p1a: Zapdos|Thunder|p2a: wowie zowie\n|-immune|p2a: wowie zowie\n|\n|-weather|RainDance|[upkeep]\n|upkeep\n|turn|16\n|\n|t:|1699649757\n|move|p1a: Zapdos|U-turn|p2a: wowie zowie\n|-resisted|p2a: wowie zowie\n|-damage|p2a: wowie zowie|96\/100\n|\n|t:|1699649760\n|switch|p1a: Swampert|Swampert, F|100\/100|[from] U-turn\n|move|p2a: wowie zowie|Ice Spinner|p1a: Swampert\n|-damage|p1a: Swampert|72\/100\n|\n|-weather|none\n|upkeep\n|turn|17\n|\n|t:|1699649766\n|switch|p1a: Pelipper|Pelipper, F|46\/100\n|-weather|RainDance|[from] ability: Drizzle|[of] p1a: Pelipper\n|move|p2a: wowie zowie|Close Combat|p1a: Pelipper\n|-resisted|p1a: Pelipper\n|-damage|p1a: Pelipper|16\/100\n|-unboost|p2a: wowie zowie|def|1\n|-unboost|p2a: wowie zowie|spd|1\n|\n|-weather|RainDance|[upkeep]\n|upkeep\n|turn|18\n|\n|t:|1699649773\n|move|p2a: wowie zowie|Close Combat|p1a: Pelipper\n|-resisted|p1a: Pelipper\n|-damage|p1a: Pelipper|0 fnt\n|-unboost|p2a: wowie zowie|def|1\n|-unboost|p2a: wowie zowie|spd|1\n|faint|p1a: Pelipper\n|\n|-weather|RainDance|[upkeep]\n|upkeep\n|\n|t:|1699649774\n|switch|p1a: Swampert|Swampert, F|72\/100\n|turn|19\n|\n|t:|1699649782\n|detailschange|p1a: Swampert|Swampert-Mega, F\n|-mega|p1a: Swampert|Swampert|Swampertite\n|move|p1a: Swampert|Waterfall|p2a: wowie zowie\n|-supereffective|p2a: wowie zowie\n|-damage|p2a: wowie zowie|0 fnt\n|faint|p2a: wowie zowie\n|-end|p2a: wowie zowie|Protosynthesis|[silent]\n|\n|-weather|RainDance|[upkeep]\n|upkeep\n|\n|t:|1699649785\n|switch|p2a: red chud|Scizor, M|100\/100\n|turn|20\n|\n|t:|1699649789\n|move|p1a: Swampert|Waterfall|p2a: red chud\n|-damage|p2a: red chud|13\/100\n|move|p2a: red chud|Close Combat|p1a: Swampert\n|-damage|p1a: Swampert|22\/100\n|-unboost|p2a: red chud|def|1\n|-unboost|p2a: red chud|spd|1\n|-damage|p2a: red chud|3\/100|[from] item: Life Orb\n|\n|-weather|RainDance|[upkeep]\n|upkeep\n|turn|21\n|\n|t:|1699649796\n|move|p2a: red chud|Bullet Punch|p1a: Swampert\n|-resisted|p1a: Swampert\n|-damage|p1a: Swampert|4\/100\n|-damage|p2a: red chud|0 fnt|[from] item: Life Orb\n|faint|p2a: red chud\n|move|p1a: Swampert|Waterfall|p2: red chud|[notarget]\n|-fail|p1a: Swampert\n|\n|-weather|RainDance|[upkeep]\n|upkeep\n|\n|t:|1699649798\n|switch|p2a: yes i am a cat|Entei, tera:Normal|100\/100\n|turn|22\n|\n|t:|1699649801\n|move|p2a: yes i am a cat|Extreme Speed|p1a: Swampert\n|-damage|p1a: Swampert|0 fnt\n|faint|p1a: Swampert\n|\n|-weather|RainDance|[upkeep]\n|upkeep\n|\n|t:|1699649803\n|switch|p1a: Zapdos|Zapdos|100\/100\n|turn|23\n|\n|t:|1699649805\n|move|p2a: yes i am a cat|Extreme Speed|p1a: Zapdos\n|-damage|p1a: Zapdos|35\/100\n|move|p1a: Zapdos|Thunder|p2a: yes i am a cat\n|-damage|p2a: yes i am a cat|38\/100\n|\n|-weather|RainDance|[upkeep]\n|upkeep\n|turn|24\n|c|\u2606enubi|gg\n|\n|t:|1699649809\n|move|p2a: yes i am a cat|Extreme Speed|p1a: Zapdos\n|-damage|p1a: Zapdos|0 fnt\n|faint|p1a: Zapdos\n|\n|win|imbleed\n|raw|enubi's rating: 1511 &rarr; <strong>1487<\/strong><br \/>(-24 for losing)\n|raw|imbleed's rating: 1439 &rarr; <strong>1463<\/strong><br \/>(+24 for winning)\n|l|\u2606enubi\n","uploadtime":1699649836,"views":6,"p1id":"enubi","p2id":"imbleed","formatid":"gen9nationaldex","rating":1463,"private":0,"password":""}