{"id":"gen9nationaldex-1991845272","p1":"lonely_smile","p2":"Nonno Sandslash","format":"[Gen 9] National Dex","log":"|j|\u2606lonely_smile\n|j|\u2606Nonno Sandslash\n|t:|1700127418\n|gametype|singles\n|player|p1|lonely_smile|lady|1385\n|player|p2|Nonno Sandslash|wattson|1304\n|teamsize|p1|6\n|teamsize|p2|6\n|gen|9\n|tier|[Gen 9] National Dex\n|rated|\n|rule|HP Percentage Mod: HP is shown in percentages\n|rule|Endless Battle Clause: Forcing endless battles is banned\n|rule|OHKO Clause: OHKO moves are banned\n|rule|Evasion Clause: Evasion abilities, items, and moves are banned\n|rule|Evasion Abilities Clause: Evasion abilities are banned\n|rule|Evasion Items Clause: Evasion items are banned\n|rule|Evasion Moves Clause: Evasion moves are banned\n|rule|Species Clause: Limit one of each Pok\u00e9mon\n|rule|Sleep Clause Mod: Limit one foe put to sleep\n|clearpoke\n|poke|p1|Tyranitar, F|\n|poke|p1|Togedemaru, L1, M|\n|poke|p1|Diancie|\n|poke|p1|Corviknight, F|\n|poke|p1|Dracozolt|\n|poke|p1|Landorus-Therian, M|\n|poke|p2|Charizard, M|\n|poke|p2|Xatu, F|\n|poke|p2|Galvantula, F|\n|poke|p2|Shaymin|\n|poke|p2|Tentacruel, M|\n|poke|p2|Mamoswine, M|\n|teampreview\n|inactive|Battle timer is ON: inactive players will automatically lose when time's up. (requested by lonely_smile)\n|\n|t:|1700127438\n|start\n|switch|p1a: \u53ef\u7231\u5c0f\u9f20\u9f20|Togedemaru, L1, M|100\/100\n|switch|p2a: Tentacruel|Tentacruel, M|100\/100\n|-item|p2a: Tentacruel|Air Balloon\n|turn|1\n|\n|t:|1700127441\n|switch|p2a: Xatu|Xatu, F|100\/100\n|move|p1a: \u53ef\u7231\u5c0f\u9f20\u9f20|Endeavor|p2a: Xatu\n|-damage|p2a: Xatu|4\/100\n|-damage|p1a: \u53ef\u7231\u5c0f\u9f20\u9f20|85\/100|[from] item: Rocky Helmet|[of] p2a: Xatu\n|-heal|p1a: \u53ef\u7231\u5c0f\u9f20\u9f20|100\/100|[from] item: Shell Bell|[of] p2a: Xatu\n|\n|upkeep\n|turn|2\n|\n|t:|1700127446\n|move|p1a: \u53ef\u7231\u5c0f\u9f20\u9f20|Spiky Shield|p1a: \u53ef\u7231\u5c0f\u9f20\u9f20\n|-singleturn|p1a: \u53ef\u7231\u5c0f\u9f20\u9f20|move: Protect\n|move|p2a: Xatu|Night Shade|p1a: \u53ef\u7231\u5c0f\u9f20\u9f20\n|-activate|p1a: \u53ef\u7231\u5c0f\u9f20\u9f20|move: Protect\n|\n|upkeep\n|turn|3\n|\n|t:|1700127457\n|switch|p1a: \u53ef\u7231\u8001\u73ed\u73ed|Tyranitar, F|100\/100\n|-weather|Sandstorm|[from] ability: Sand Stream|[of] p1a: \u53ef\u7231\u8001\u73ed\u73ed\n|move|p2a: Xatu|Heat Wave|p1a: \u53ef\u7231\u8001\u73ed\u73ed\n|-resisted|p1a: \u53ef\u7231\u8001\u73ed\u73ed\n|-damage|p1a: \u53ef\u7231\u8001\u73ed\u73ed|96\/100\n|\n|-weather|Sandstorm|[upkeep]\n|-damage|p2a: Xatu|0 fnt|[from] Sandstorm\n|faint|p2a: Xatu\n|upkeep\n|\n|t:|1700127461\n|switch|p2a: Shaymin|Shaymin|100\/100\n|turn|4\n|\n|t:|1700127468\n|switch|p1a: \u53ef\u7231\u9e26\u9e26|Corviknight, F|100\/100\n|move|p2a: Shaymin|Seed Flare|p1a: \u53ef\u7231\u9e26\u9e26\n|-resisted|p1a: \u53ef\u7231\u9e26\u9e26\n|-damage|p1a: \u53ef\u7231\u9e26\u9e26|88\/100\n|-ability|p1a: \u53ef\u7231\u9e26\u9e26|Mirror Armor\n|-unboost|p2a: Shaymin|spd|2\n|\n|-weather|Sandstorm|[upkeep]\n|-damage|p2a: Shaymin|94\/100|[from] Sandstorm\n|-heal|p2a: Shaymin|100\/100|[from] item: Leftovers\n|upkeep\n|turn|5\n|inactive|lonely_smile has 120 seconds left.\n|\n|t:|1700127510\n|switch|p2a: Galvantula|Galvantula, F, shiny|100\/100\n|move|p1a: \u53ef\u7231\u9e26\u9e26|Brave Bird|p2a: Galvantula\n|-damage|p2a: Galvantula|34\/100\n|-damage|p1a: \u53ef\u7231\u9e26\u9e26|73\/100|[from] Recoil\n|\n|-weather|Sandstorm|[upkeep]\n|-damage|p2a: Galvantula|28\/100|[from] Sandstorm\n|upkeep\n|turn|6\n|\n|t:|1700127517\n|-zpower|p2a: Galvantula\n|move|p2a: Galvantula|Z-Sticky Web|p1a: \u53ef\u7231\u9e26\u9e26|[anim]Sticky Web\n|-boost|p2a: Galvantula|spe|1|[zeffect]\n|-sidestart|p1: lonely_smile|move: Sticky Web\n|move|p1a: \u53ef\u7231\u9e26\u9e26|Brave Bird|p2a: Galvantula\n|-damage|p2a: Galvantula|0 fnt\n|faint|p2a: Galvantula\n|-damage|p1a: \u53ef\u7231\u9e26\u9e26|66\/100|[from] Recoil\n|\n|-weather|Sandstorm|[upkeep]\n|upkeep\n|\n|t:|1700127520\n|switch|p2a: Charizard|Charizard, M|100\/100\n|turn|7\n|inactive|lonely_smile has 120 seconds left.\n|\n|t:|1700127537\n|detailschange|p2a: Charizard|Charizard-Mega-Y, M\n|-mega|p2a: Charizard|Charizard|Charizardite Y\n|-weather|SunnyDay|[from] ability: Drought|[of] p2a: Charizard\n|-terastallize|p1a: \u53ef\u7231\u9e26\u9e26|Ground\n|move|p2a: Charizard|Weather Ball|p1a: \u53ef\u7231\u9e26\u9e26\n|-damage|p1a: \u53ef\u7231\u9e26\u9e26|0 fnt\n|faint|p1a: \u53ef\u7231\u9e26\u9e26\n|\n|-weather|SunnyDay|[upkeep]\n|upkeep\n|\n|t:|1700127549\n|switch|p1a: \u53ef\u7231\u5c0f\u9f20\u9f20|Togedemaru, L1, M|100\/100\n|-activate|p1a: \u53ef\u7231\u5c0f\u9f20\u9f20|move: Sticky Web\n|-unboost|p1a: \u53ef\u7231\u5c0f\u9f20\u9f20|spe|1\n|turn|8\n|\n|t:|1700127558\n|move|p2a: Charizard|Weather Ball|p1a: \u53ef\u7231\u5c0f\u9f20\u9f20\n|-supereffective|p1a: \u53ef\u7231\u5c0f\u9f20\u9f20\n|-ability|p1a: \u53ef\u7231\u5c0f\u9f20\u9f20|Sturdy\n|-damage|p1a: \u53ef\u7231\u5c0f\u9f20\u9f20|8\/100\n|move|p1a: \u53ef\u7231\u5c0f\u9f20\u9f20|Endeavor|p2a: Charizard\n|-damage|p2a: Charizard|1\/100\n|-heal|p1a: \u53ef\u7231\u5c0f\u9f20\u9f20|100\/100|[from] item: Shell Bell|[of] p2a: Charizard\n|\n|-weather|SunnyDay|[upkeep]\n|upkeep\n|turn|9\n|inactive|lonely_smile has 120 seconds left.\n|\n|t:|1700127570\n|switch|p1a: \u53ef\u7231\u8001\u73ed\u73ed|Tyranitar, F|96\/100\n|-activate|p1a: \u53ef\u7231\u8001\u73ed\u73ed|move: Sticky Web\n|-unboost|p1a: \u53ef\u7231\u8001\u73ed\u73ed|spe|1\n|-weather|Sandstorm|[from] ability: Sand Stream|[of] p1a: \u53ef\u7231\u8001\u73ed\u73ed\n|move|p2a: Charizard|Weather Ball|p1a: \u53ef\u7231\u8001\u73ed\u73ed\n|-damage|p1a: \u53ef\u7231\u8001\u73ed\u73ed|74\/100\n|\n|-weather|Sandstorm|[upkeep]\n|-damage|p2a: Charizard|0 fnt|[from] Sandstorm\n|faint|p2a: Charizard\n|upkeep\n|\n|t:|1700127572\n|switch|p2a: Shaymin|Shaymin|100\/100\n|turn|10\n|\n|t:|1700127585\n|switch|p1a: \u53ef\u7231\u732b\u732b|Landorus-Therian, M|100\/100\n|-ability|p1a: \u53ef\u7231\u732b\u732b|Intimidate|boost\n|-unboost|p2a: Shaymin|atk|1\n|move|p2a: Shaymin|Seed Flare|p1a: \u53ef\u7231\u732b\u732b\n|-damage|p1a: \u53ef\u7231\u732b\u732b|49\/100\n|\n|-weather|Sandstorm|[upkeep]\n|-damage|p2a: Shaymin|94\/100|[from] Sandstorm\n|-heal|p2a: Shaymin|100\/100|[from] item: Leftovers\n|upkeep\n|turn|11\n|\n|t:|1700127597\n|switch|p1a: \u53ef\u7231\u53ea\u56e0|Dracozolt|100\/100\n|-activate|p1a: \u53ef\u7231\u53ea\u56e0|move: Sticky Web\n|-unboost|p1a: \u53ef\u7231\u53ea\u56e0|spe|1\n|move|p2a: Shaymin|Seed Flare|p1a: \u53ef\u7231\u53ea\u56e0\n|-resisted|p1a: \u53ef\u7231\u53ea\u56e0\n|-damage|p1a: \u53ef\u7231\u53ea\u56e0|69\/100\n|\n|-weather|Sandstorm|[upkeep]\n|-damage|p2a: Shaymin|94\/100|[from] Sandstorm\n|-heal|p2a: Shaymin|100\/100|[from] item: Leftovers\n|upkeep\n|turn|12\n|\n|t:|1700127605\n|switch|p2a: Mamoswine|Mamoswine, M|100\/100\n|move|p1a: \u53ef\u7231\u53ea\u56e0|Outrage|p2a: Mamoswine\n|-damage|p2a: Mamoswine|1\/100\n|\n|-weather|Sandstorm|[upkeep]\n|upkeep\n|turn|13\n|\n|t:|1700127611\n|move|p2a: Mamoswine|Ice Shard|p1a: \u53ef\u7231\u53ea\u56e0\n|-supereffective|p1a: \u53ef\u7231\u53ea\u56e0\n|-damage|p1a: \u53ef\u7231\u53ea\u56e0|22\/100\n|move|p1a: \u53ef\u7231\u53ea\u56e0|Outrage|p2a: Mamoswine|[from]lockedmove\n|-damage|p2a: Mamoswine|0 fnt\n|faint|p2a: Mamoswine\n|\n|-weather|Sandstorm|[upkeep]\n|upkeep\n|\n|t:|1700127618\n|switch|p2a: Tentacruel|Tentacruel, M|100\/100\n|-item|p2a: Tentacruel|Air Balloon\n|turn|14\n|\n|t:|1700127622\n|move|p1a: \u53ef\u7231\u53ea\u56e0|Outrage|p2a: Tentacruel|[from]lockedmove\n|-damage|p2a: Tentacruel|18\/100\n|-enditem|p2a: Tentacruel|Air Balloon\n|-start|p1a: \u53ef\u7231\u53ea\u56e0|confusion|[fatigue]\n|move|p2a: Tentacruel|Rapid Spin|p1a: \u53ef\u7231\u53ea\u56e0\n|-damage|p1a: \u53ef\u7231\u53ea\u56e0|12\/100\n|-boost|p2a: Tentacruel|spe|1\n|\n|-weather|Sandstorm|[upkeep]\n|-damage|p2a: Tentacruel|12\/100|[from] Sandstorm\n|upkeep\n|turn|15\n|\n|t:|1700127628\n|move|p2a: Tentacruel|Scald|p1a: \u53ef\u7231\u53ea\u56e0\n|-resisted|p1a: \u53ef\u7231\u53ea\u56e0\n|-damage|p1a: \u53ef\u7231\u53ea\u56e0|0 fnt\n|faint|p1a: \u53ef\u7231\u53ea\u56e0\n|\n|-weather|Sandstorm|[upkeep]\n|-damage|p2a: Tentacruel|6\/100|[from] Sandstorm\n|upkeep\n|\n|t:|1700127637\n|switch|p1a: \u53ef\u7231\u732b\u732b|Landorus-Therian, M|49\/100\n|-ability|p1a: \u53ef\u7231\u732b\u732b|Intimidate|boost\n|-unboost|p2a: Tentacruel|atk|1\n|turn|16\n|\n|t:|1700127642\n|-terastallize|p2a: Tentacruel|Water\n|move|p2a: Tentacruel|Scald|p1a: \u53ef\u7231\u732b\u732b\n|-supereffective|p1a: \u53ef\u7231\u732b\u732b\n|-damage|p1a: \u53ef\u7231\u732b\u732b|0 fnt\n|faint|p1a: \u53ef\u7231\u732b\u732b\n|\n|-weather|none\n|upkeep\n|\n|t:|1700127648\n|switch|p1a: \u53ef\u7231\u8001\u73ed\u73ed|Tyranitar, F|74\/100\n|-activate|p1a: \u53ef\u7231\u8001\u73ed\u73ed|move: Sticky Web\n|-unboost|p1a: \u53ef\u7231\u8001\u73ed\u73ed|spe|1\n|-weather|Sandstorm|[from] ability: Sand Stream|[of] p1a: \u53ef\u7231\u8001\u73ed\u73ed\n|turn|17\n|\n|t:|1700127653\n|move|p2a: Tentacruel|Scald|p1a: \u53ef\u7231\u8001\u73ed\u73ed\n|-supereffective|p1a: \u53ef\u7231\u8001\u73ed\u73ed\n|-damage|p1a: \u53ef\u7231\u8001\u73ed\u73ed|39\/100\n|-status|p1a: \u53ef\u7231\u8001\u73ed\u73ed|brn\n|move|p1a: \u53ef\u7231\u8001\u73ed\u73ed|Pursuit|p2a: Tentacruel\n|-damage|p2a: Tentacruel|0 fnt\n|faint|p2a: Tentacruel\n|\n|-weather|Sandstorm|[upkeep]\n|-damage|p1a: \u53ef\u7231\u8001\u73ed\u73ed|33\/100 brn|[from] brn\n|upkeep\n|\n|t:|1700127657\n|switch|p2a: Shaymin|Shaymin|100\/100\n|turn|18\n|\n|t:|1700127662\n|move|p2a: Shaymin|Substitute|p2a: Shaymin\n|-start|p2a: Shaymin|Substitute\n|-damage|p2a: Shaymin|76\/100\n|move|p1a: \u53ef\u7231\u8001\u73ed\u73ed|Knock Off|p2a: Shaymin\n|-end|p2a: Shaymin|Substitute\n|\n|-weather|Sandstorm|[upkeep]\n|-damage|p2a: Shaymin|69\/100|[from] Sandstorm\n|-heal|p2a: Shaymin|76\/100|[from] item: Leftovers\n|-damage|p1a: \u53ef\u7231\u8001\u73ed\u73ed|26\/100 brn|[from] brn\n|upkeep\n|turn|19\n|\n|t:|1700127666\n|move|p2a: Shaymin|Leech Seed|p1a: \u53ef\u7231\u8001\u73ed\u73ed\n|-start|p1a: \u53ef\u7231\u8001\u73ed\u73ed|move: Leech Seed\n|move|p1a: \u53ef\u7231\u8001\u73ed\u73ed|Knock Off|p2a: Shaymin\n|-damage|p2a: Shaymin|45\/100\n|-enditem|p2a: Shaymin|Leftovers|[from] move: Knock Off|[of] p1a: \u53ef\u7231\u8001\u73ed\u73ed\n|\n|-weather|Sandstorm|[upkeep]\n|-damage|p2a: Shaymin|39\/100|[from] Sandstorm\n|-damage|p1a: \u53ef\u7231\u8001\u73ed\u73ed|14\/100 brn|[from] Leech Seed|[of] p2a: Shaymin\n|-heal|p2a: Shaymin|53\/100|[silent]\n|-damage|p1a: \u53ef\u7231\u8001\u73ed\u73ed|8\/100 brn|[from] brn\n|upkeep\n|turn|20\n|\n|t:|1700127672\n|move|p2a: Shaymin|Substitute|p2a: Shaymin\n|-start|p2a: Shaymin|Substitute\n|-damage|p2a: Shaymin|28\/100\n|move|p1a: \u53ef\u7231\u8001\u73ed\u73ed|Knock Off|p2a: Shaymin\n|-activate|p2a: Shaymin|move: Substitute|[damage]\n|\n|-weather|Sandstorm|[upkeep]\n|-damage|p2a: Shaymin|22\/100|[from] Sandstorm\n|-damage|p1a: \u53ef\u7231\u8001\u73ed\u73ed|0 fnt|[from] Leech Seed|[of] p2a: Shaymin\n|-heal|p2a: Shaymin|31\/100|[silent]\n|faint|p1a: \u53ef\u7231\u8001\u73ed\u73ed\n|upkeep\n|\n|t:|1700127681\n|switch|p1a: \u53ef\u7231\u516c\u4e3b|Diancie|100\/100\n|-activate|p1a: \u53ef\u7231\u516c\u4e3b|move: Sticky Web\n|-fail|p1a: \u53ef\u7231\u516c\u4e3b|unboost|[from] ability: Clear Body|[of] p1a: \u53ef\u7231\u516c\u4e3b\n|turn|21\n|\n|t:|1700127685\n|detailschange|p1a: \u53ef\u7231\u516c\u4e3b|Diancie-Mega\n|-mega|p1a: \u53ef\u7231\u516c\u4e3b|Diancie|Diancite\n|move|p1a: \u53ef\u7231\u516c\u4e3b|Moonblast|p2a: Shaymin\n|-end|p2a: Shaymin|Substitute\n|move|p2a: Shaymin|Seed Flare|p1a: \u53ef\u7231\u516c\u4e3b\n|-supereffective|p1a: \u53ef\u7231\u516c\u4e3b\n|-damage|p1a: \u53ef\u7231\u516c\u4e3b|5\/100\n|-unboost|p1a: \u53ef\u7231\u516c\u4e3b|spd|2\n|\n|-weather|Sandstorm|[upkeep]\n|-damage|p2a: Shaymin|25\/100|[from] Sandstorm\n|upkeep\n|turn|22\n|\n|t:|1700127695\n|move|p1a: \u53ef\u7231\u516c\u4e3b|Moonblast|p2a: Shaymin\n|-damage|p2a: Shaymin|0 fnt\n|faint|p2a: Shaymin\n|\n|win|lonely_smile\n|raw|lonely_smile's rating: 1385 &rarr; <strong>1400<\/strong><br \/>(+15 for winning)\n|raw|Nonno Sandslash's rating: 1304 &rarr; <strong>1289<\/strong><br \/>(-15 for losing)\n|l|\u2606Nonno Sandslash\n","uploadtime":1700127700,"views":10,"p1id":"lonelysmile","p2id":"nonnosandslash","formatid":"gen9nationaldex","rating":1289,"private":0,"password":""}