{"id":"gen9nationaldex-1987964604","p1":"Naissanlolz","p2":"BoccetheStirFried","format":"[Gen 9] National Dex","log":"|j|\u2606Naissanlolz\n|j|\u2606BoccetheStirFried\n|t:|1699653824\n|gametype|singles\n|player|p1|Naissanlolz|169|1227\n|player|p2|BoccetheStirFried|roxie|1360\n|teamsize|p1|6\n|teamsize|p2|6\n|gen|9\n|tier|[Gen 9] National Dex\n|rated|\n|rule|HP Percentage Mod: HP is shown in percentages\n|rule|Endless Battle Clause: Forcing endless battles is banned\n|rule|OHKO Clause: OHKO moves are banned\n|rule|Evasion Clause: Evasion abilities, items, and moves are banned\n|rule|Evasion Abilities Clause: Evasion abilities are banned\n|rule|Evasion Items Clause: Evasion items are banned\n|rule|Evasion Moves Clause: Evasion moves are banned\n|rule|Species Clause: Limit one of each Pok\u00e9mon\n|rule|Sleep Clause Mod: Limit one foe put to sleep\n|clearpoke\n|poke|p1|Sableye, F|\n|poke|p1|Ferrothorn, F|\n|poke|p1|Goodra-Hisui, F|\n|poke|p1|Gliscor, F|\n|poke|p1|Alakazam, F|\n|poke|p1|Rillaboom, M|\n|poke|p2|Gliscor, M|\n|poke|p2|Urshifu-*, F|\n|poke|p2|Volcarona, M|\n|poke|p2|Ninetales-Alola, M|\n|poke|p2|Rotom-Wash|\n|poke|p2|Diancie|\n|teampreview\n|inactive|Battle timer is ON: inactive players will automatically lose when time's up. (requested by Naissanlolz)\n|\n|t:|1699653837\n|start\n|switch|p1a: Sableye|Sableye, F|100\/100\n|switch|p2a: Urshifu|Urshifu-Rapid-Strike, F|100\/100\n|turn|1\n|\n|t:|1699653843\n|switch|p2a: Volcarona|Volcarona, M|100\/100\n|detailschange|p1a: Sableye|Sableye-Mega, F\n|-mega|p1a: Sableye|Sableye|Sablenite\n|move|p1a: Sableye|Will-O-Wisp|p2a: Volcarona\n|-immune|p2a: Volcarona\n|\n|upkeep\n|turn|2\n|\n|t:|1699653852\n|switch|p1a: Gliscor|Gliscor, F|100\/100\n|move|p2a: Volcarona|Quiver Dance|p2a: Volcarona\n|-boost|p2a: Volcarona|spa|1\n|-boost|p2a: Volcarona|spd|1\n|-boost|p2a: Volcarona|spe|1\n|\n|-status|p1a: Gliscor|tox|[from] item: Toxic Orb\n|upkeep\n|turn|3\n|\n|t:|1699653860\n|move|p2a: Volcarona|Flamethrower|p1a: Gliscor\n|-damage|p1a: Gliscor|17\/100 tox\n|move|p1a: Gliscor|Toxic|p2a: Volcarona\n|-status|p2a: Volcarona|tox\n|\n|-damage|p2a: Volcarona|94\/100 tox|[from] psn\n|-heal|p1a: Gliscor|29\/100 tox|[from] ability: Poison Heal\n|upkeep\n|turn|4\n|\n|t:|1699653868\n|move|p2a: Volcarona|Flamethrower|p1a: Gliscor\n|-damage|p1a: Gliscor|0 fnt\n|faint|p1a: Gliscor\n|\n|-damage|p2a: Volcarona|82\/100 tox|[from] psn\n|upkeep\n|\n|t:|1699653871\n|switch|p1a: Sableye|Sableye-Mega, F|100\/100\n|turn|5\n|\n|t:|1699653875\n|move|p1a: Sableye|Protect|p1a: Sableye\n|-singleturn|p1a: Sableye|Protect\n|move|p2a: Volcarona|Flamethrower|p1a: Sableye\n|-activate|p1a: Sableye|move: Protect\n|\n|-damage|p2a: Volcarona|64\/100 tox|[from] psn\n|upkeep\n|turn|6\n|\n|t:|1699653882\n|move|p2a: Volcarona|Flamethrower|p1a: Sableye\n|-damage|p1a: Sableye|33\/100\n|move|p1a: Sableye|Knock Off|p2a: Volcarona\n|-damage|p2a: Volcarona|14\/100 tox\n|-status|p1a: Sableye|brn|[from] ability: Flame Body|[of] p2a: Volcarona\n|-enditem|p2a: Volcarona|Heavy-Duty Boots|[from] move: Knock Off|[of] p1a: Sableye\n|\n|-damage|p2a: Volcarona|0 fnt|[from] psn\n|faint|p2a: Volcarona\n|-damage|p1a: Sableye|27\/100 brn|[from] brn\n|upkeep\n|\n|t:|1699653903\n|switch|p2a: Diancie|Diancie|100\/100\n|turn|7\n|\n|t:|1699653906\n|detailschange|p2a: Diancie|Diancie-Mega\n|-mega|p2a: Diancie|Diancie|Diancite\n|move|p1a: Sableye|Protect|p1a: Sableye\n|-singleturn|p1a: Sableye|Protect\n|move|p2a: Diancie|Mystical Fire|p1a: Sableye\n|-activate|p1a: Sableye|move: Protect\n|\n|-damage|p1a: Sableye|21\/100 brn|[from] brn\n|upkeep\n|turn|8\n|\n|t:|1699653922\n|switch|p1a: Goodra|Goodra-Hisui, F|100\/100\n|move|p2a: Diancie|Mystical Fire|p1a: Goodra\n|-damage|p1a: Goodra|88\/100\n|-unboost|p1a: Goodra|spa|1\n|\n|upkeep\n|turn|9\n|\n|t:|1699653931\n|switch|p2a: Urshifu|Urshifu-Rapid-Strike, F|100\/100\n|move|p1a: Goodra|Flash Cannon|p2a: Urshifu\n|-resisted|p2a: Urshifu\n|-damage|p2a: Urshifu|79\/100\n|\n|upkeep\n|turn|10\n|\n|t:|1699653937\n|switch|p1a: Ferrothorn|Ferrothorn, F|100\/100\n|move|p2a: Urshifu|Swords Dance|p2a: Urshifu\n|-boost|p2a: Urshifu|atk|2\n|\n|upkeep\n|turn|11\n|\n|t:|1699653943\n|move|p2a: Urshifu|Close Combat|p1a: Ferrothorn\n|-supereffective|p1a: Ferrothorn\n|-damage|p1a: Ferrothorn|0 fnt\n|-unboost|p2a: Urshifu|def|1\n|-unboost|p2a: Urshifu|spd|1\n|-damage|p2a: Urshifu|67\/100|[from] ability: Iron Barbs|[of] p1a: Ferrothorn\n|faint|p1a: Ferrothorn\n|\n|upkeep\n|\n|t:|1699653946\n|switch|p1a: Rillaboom|Rillaboom, M|100\/100\n|-fieldstart|move: Grassy Terrain|[from] ability: Grassy Surge|[of] p1a: Rillaboom\n|turn|12\n|\n|t:|1699653958\n|switch|p2a: Ninetales|Ninetales-Alola, M|100\/100\n|-weather|Snow|[from] ability: Snow Warning|[of] p2a: Ninetales\n|-terastallize|p1a: Rillaboom|Grass\n|move|p1a: Rillaboom|Grassy Glide|p2a: Ninetales\n|-damage|p2a: Ninetales|24\/100\n|\n|-weather|Snow|[upkeep]\n|-heal|p2a: Ninetales|30\/100|[from] Grassy Terrain\n|upkeep\n|turn|13\n|\n|t:|1699653969\n|move|p1a: Rillaboom|Grassy Glide|p2a: Ninetales\n|-damage|p2a: Ninetales|0 fnt\n|faint|p2a: Ninetales\n|\n|-weather|Snow|[upkeep]\n|upkeep\n|\n|t:|1699653974\n|switch|p2a: Gliscor|Gliscor, M|100\/100\n|turn|14\n|\n|t:|1699653979\n|move|p1a: Rillaboom|Grassy Glide|p2a: Gliscor\n|-damage|p2a: Gliscor|51\/100\n|move|p2a: Gliscor|Toxic|p1a: Rillaboom\n|-status|p1a: Rillaboom|tox\n|\n|-weather|Snow|[upkeep]\n|-damage|p1a: Rillaboom|94\/100 tox|[from] psn\n|-status|p2a: Gliscor|tox|[from] item: Toxic Orb\n|upkeep\n|turn|15\n|\n|t:|1699653987\n|move|p1a: Rillaboom|Grassy Glide|p2a: Gliscor\n|-damage|p2a: Gliscor|0 fnt\n|faint|p2a: Gliscor\n|\n|-weather|Snow|[upkeep]\n|-heal|p1a: Rillaboom|100\/100 tox|[from] Grassy Terrain\n|-damage|p1a: Rillaboom|88\/100 tox|[from] psn\n|upkeep\n|\n|t:|1699653995\n|switch|p2a: Urshifu|Urshifu-Rapid-Strike, F|67\/100\n|turn|16\n|\n|t:|1699653998\n|-terastallize|p2a: Urshifu|Fighting\n|move|p1a: Rillaboom|Grassy Glide|p2a: Urshifu\n|-damage|p2a: Urshifu|0 fnt\n|faint|p2a: Urshifu\n|\n|-weather|none\n|-heal|p1a: Rillaboom|94\/100 tox|[from] Grassy Terrain\n|-damage|p1a: Rillaboom|76\/100 tox|[from] psn\n|-fieldend|move: Grassy Terrain\n|upkeep\n|c|\u2606BoccetheStirFried|gg wp\n|\n|t:|1699654007\n|switch|p2a: Diancie|Diancie-Mega|100\/100\n|turn|17\n|c|\u2606Naissanlolz|ggs\n|\n|t:|1699654019\n|move|p2a: Diancie|Diamond Storm|p1a: Rillaboom\n|-damage|p1a: Rillaboom|23\/100 tox\n|move|p1a: Rillaboom|Grassy Glide|p2a: Diancie\n|-supereffective|p2a: Diancie\n|-damage|p2a: Diancie|0 fnt\n|faint|p2a: Diancie\n|\n|-damage|p1a: Rillaboom|0 fnt|[from] psn\n|faint|p1a: Rillaboom\n|upkeep\n|\n|t:|1699654028\n|switch|p2a: Rotom|Rotom-Wash|100\/100\n|switch|p1a: Sableye|Sableye-Mega, F|21\/100 brn\n|turn|18\n|\n|t:|1699654034\n|move|p2a: Rotom|Volt Switch|p1a: Sableye\n|-damage|p1a: Sableye|0 fnt\n|faint|p1a: Sableye\n|\n|upkeep\n|\n|t:|1699654036\n|switch|p1a: Goodra|Goodra-Hisui, F|88\/100\n|turn|19\n|\n|t:|1699654040\n|move|p2a: Rotom|Volt Switch|p1a: Goodra\n|-resisted|p1a: Goodra\n|-damage|p1a: Goodra|81\/100\n|move|p1a: Goodra|Thunderbolt|p2a: Rotom\n|-damage|p2a: Rotom|58\/100\n|\n|upkeep\n|turn|20\n|-message|BoccetheStirFried forfeited.\n|\n|win|Naissanlolz\n|raw|Naissanlolz's rating: 1227 &rarr; <strong>1261<\/strong><br \/>(+34 for winning)\n|raw|BoccetheStirFried's rating: 1360 &rarr; <strong>1333<\/strong><br \/>(-27 for losing)\n|l|\u2606BoccetheStirFried\n","uploadtime":1699654275,"views":11,"p1id":"naissanlolz","p2id":"boccethestirfried","formatid":"gen9nationaldex","rating":1261,"private":0,"password":""}