{"id":"gen9nationaldex-1989025998","p1":"sandworst","p2":"Blcfvcker","format":"[Gen 9] National Dex","log":"|j|\u2606sandworst\n|j|\u2606Blcfvcker\n|t:|1699803741\n|gametype|singles\n|player|p1|sandworst|hilbert|1257\n|player|p2|Blcfvcker|cynthia|1195\n|teamsize|p1|6\n|teamsize|p2|6\n|gen|9\n|tier|[Gen 9] National Dex\n|rated|\n|rule|HP Percentage Mod: HP is shown in percentages\n|rule|Endless Battle Clause: Forcing endless battles is banned\n|rule|OHKO Clause: OHKO moves are banned\n|rule|Evasion Clause: Evasion abilities, items, and moves are banned\n|rule|Evasion Abilities Clause: Evasion abilities are banned\n|rule|Evasion Items Clause: Evasion items are banned\n|rule|Evasion Moves Clause: Evasion moves are banned\n|rule|Species Clause: Limit one of each Pok\u00e9mon\n|rule|Sleep Clause Mod: Limit one foe put to sleep\n|clearpoke\n|poke|p1|Drednaw, M|\n|poke|p1|Pawmot, F|\n|poke|p1|Breloom, M|\n|poke|p1|Slowbro, M|\n|poke|p1|Clodsire, M|\n|poke|p1|Skarmory, F|\n|poke|p2|Gigalith, F|\n|poke|p2|Garchomp, M|\n|poke|p2|Galvantula, M|\n|poke|p2|Rillaboom, M|\n|poke|p2|Samurott-Hisui, M|\n|poke|p2|Great Tusk|\n|teampreview\n|\n|t:|1699803757\n|start\n|switch|p1a: Breloom|Breloom, M|100\/100\n|switch|p2a: Mexa|Rillaboom, M|100\/100\n|-fieldstart|move: Grassy Terrain|[from] ability: Grassy Surge|[of] p2a: Mexa\n|-enditem|p2a: Mexa|Grassy Seed\n|-boost|p2a: Mexa|def|1|[from] item: Grassy Seed\n|turn|1\n|\n|t:|1699803763\n|move|p2a: Mexa|Acrobatics|p1a: Breloom\n|-supereffective|p1a: Breloom\n|-damage|p1a: Breloom|0 fnt\n|faint|p1a: Breloom\n|\n|upkeep\n|\n|t:|1699803770\n|switch|p1a: Skarmory|Skarmory, F|100\/100\n|turn|2\n|\n|t:|1699803775\n|move|p2a: Mexa|Knock Off|p1a: Skarmory\n|-damage|p1a: Skarmory|83\/100\n|-enditem|p1a: Skarmory|Leftovers|[from] move: Knock Off|[of] p2a: Mexa\n|move|p1a: Skarmory|Brave Bird|p2a: Mexa\n|-supereffective|p2a: Mexa\n|-damage|p2a: Mexa|48\/100\n|-damage|p1a: Skarmory|65\/100|[from] Recoil\n|\n|-heal|p2a: Mexa|54\/100|[from] Grassy Terrain\n|upkeep\n|turn|3\n|\n|t:|1699803785\n|move|p2a: Mexa|Drain Punch|p1a: Skarmory\n|-damage|p1a: Skarmory|50\/100\n|-heal|p2a: Mexa|61\/100|[from] drain|[of] p1a: Skarmory\n|move|p1a: Skarmory|Roost|p1a: Skarmory\n|-heal|p1a: Skarmory|99\/100\n|-singleturn|p1a: Skarmory|move: Roost\n|\n|-heal|p2a: Mexa|68\/100|[from] Grassy Terrain\n|-heal|p1a: Skarmory|100\/100|[from] Grassy Terrain\n|upkeep\n|turn|4\n|\n|t:|1699803795\n|move|p2a: Mexa|Acrobatics|p1a: Skarmory\n|-resisted|p1a: Skarmory\n|-damage|p1a: Skarmory|90\/100\n|move|p1a: Skarmory|Brave Bird|p2a: Mexa\n|-supereffective|p2a: Mexa\n|-damage|p2a: Mexa|16\/100\n|-damage|p1a: Skarmory|72\/100|[from] Recoil\n|\n|-heal|p2a: Mexa|22\/100|[from] Grassy Terrain\n|upkeep\n|turn|5\n|\n|t:|1699803800\n|move|p2a: Mexa|Drain Punch|p1a: Skarmory\n|-damage|p1a: Skarmory|58\/100\n|-heal|p2a: Mexa|29\/100|[from] drain|[of] p1a: Skarmory\n|move|p1a: Skarmory|Brave Bird|p2a: Mexa\n|-supereffective|p2a: Mexa\n|-damage|p2a: Mexa|0 fnt\n|faint|p2a: Mexa\n|-damage|p1a: Skarmory|49\/100|[from] Recoil\n|\n|-fieldend|move: Grassy Terrain\n|upkeep\n|\n|t:|1699803804\n|switch|p2a: GalvanTULON|Galvantula, M|100\/100\n|turn|6\n|\n|t:|1699803810\n|switch|p1a: Clodsire|Clodsire, M|100\/100\n|move|p2a: GalvanTULON|Thunder|p1a: Clodsire\n|-immune|p1a: Clodsire\n|\n|upkeep\n|turn|7\n|\n|t:|1699803818\n|switch|p2a: Mani|Great Tusk|100\/100\n|move|p1a: Clodsire|Stealth Rock|p2a: Mani\n|-sidestart|p2: Blcfvcker|move: Stealth Rock\n|\n|upkeep\n|turn|8\n|\n|t:|1699803823\n|switch|p1a: Skarmory|Skarmory, F|49\/100\n|move|p2a: Mani|Rapid Spin|p1a: Skarmory\n|-resisted|p1a: Skarmory\n|-damage|p1a: Skarmory|43\/100\n|-boost|p2a: Mani|spe|1\n|-sideend|p2: Blcfvcker|Stealth Rock|[from] move: Rapid Spin|[of] p2a: Mani\n|\n|upkeep\n|turn|9\n|\n|t:|1699803830\n|move|p2a: Mani|Ice Spinner|p1a: Skarmory\n|-damage|p1a: Skarmory|27\/100\n|move|p1a: Skarmory|Roost|p1a: Skarmory\n|-heal|p1a: Skarmory|77\/100\n|-singleturn|p1a: Skarmory|move: Roost\n|\n|upkeep\n|turn|10\n|\n|t:|1699803836\n|-end|p2a: Mani|Protosynthesis|[silent]\n|switch|p2a: GalvanTULON|Galvantula, M|100\/100\n|move|p1a: Skarmory|Brave Bird|p2a: GalvanTULON\n|-damage|p2a: GalvanTULON|39\/100\n|-damage|p1a: Skarmory|60\/100|[from] Recoil\n|\n|-heal|p2a: GalvanTULON|45\/100|[from] item: Leftovers\n|upkeep\n|turn|11\n|\n|t:|1699803841\n|switch|p1a: Clodsire|Clodsire, M|100\/100\n|move|p2a: GalvanTULON|Sticky Web|p1a: Clodsire\n|-sidestart|p1: sandworst|move: Sticky Web\n|\n|-heal|p2a: GalvanTULON|51\/100|[from] item: Leftovers\n|upkeep\n|turn|12\n|\n|t:|1699803849\n|switch|p2a: The Rock|Gigalith, F|100\/100\n|-weather|Sandstorm|[from] ability: Sand Stream|[of] p2a: The Rock\n|move|p1a: Clodsire|Earthquake|p2a: The Rock\n|-supereffective|p2a: The Rock\n|-damage|p2a: The Rock|64\/100\n|\n|-weather|Sandstorm|[upkeep]\n|upkeep\n|turn|13\n|\n|t:|1699803854\n|move|p2a: The Rock|Earthquake|p1a: Clodsire\n|-supereffective|p1a: Clodsire\n|-damage|p1a: Clodsire|40\/100\n|move|p1a: Clodsire|Stealth Rock|p2a: The Rock\n|-sidestart|p2: Blcfvcker|move: Stealth Rock\n|\n|-weather|Sandstorm|[upkeep]\n|upkeep\n|turn|14\n|\n|t:|1699803859\n|switch|p1a: Skarmory|Skarmory, F|60\/100\n|move|p2a: The Rock|Earthquake|p1a: Skarmory\n|-immune|p1a: Skarmory\n|\n|-weather|Sandstorm|[upkeep]\n|upkeep\n|turn|15\n|\n|t:|1699803865\n|move|p1a: Skarmory|Roost|p1a: Skarmory\n|-heal|p1a: Skarmory|100\/100\n|-singleturn|p1a: Skarmory|move: Roost\n|move|p2a: The Rock|Stone Edge|p1a: Skarmory\n|-resisted|p1a: Skarmory\n|-damage|p1a: Skarmory|88\/100\n|\n|-weather|Sandstorm|[upkeep]\n|upkeep\n|turn|16\n|\n|t:|1699803873\n|move|p1a: Skarmory|Body Press|p2a: The Rock\n|-supereffective|p2a: The Rock\n|-damage|p2a: The Rock|13\/100\n|move|p2a: The Rock|Stone Edge|p1a: Skarmory\n|-damage|p1a: Skarmory|60\/100\n|\n|-weather|Sandstorm|[upkeep]\n|upkeep\n|turn|17\n|\n|t:|1699803878\n|move|p1a: Skarmory|Roost|p1a: Skarmory\n|-heal|p1a: Skarmory|100\/100\n|-singleturn|p1a: Skarmory|move: Roost\n|move|p2a: The Rock|Earthquake|p1a: Skarmory\n|-supereffective|p1a: Skarmory\n|-damage|p1a: Skarmory|68\/100\n|\n|-weather|Sandstorm|[upkeep]\n|upkeep\n|turn|18\n|\n|t:|1699803886\n|move|p1a: Skarmory|Body Press|p2a: The Rock\n|-supereffective|p2a: The Rock\n|-damage|p2a: The Rock|0 fnt\n|faint|p2a: The Rock\n|\n|-weather|Sandstorm|[upkeep]\n|upkeep\n|\n|t:|1699803891\n|switch|p2a: Mani|Great Tusk|100\/100\n|turn|19\n|\n|t:|1699803894\n|move|p2a: Mani|Rapid Spin|p1a: Skarmory\n|-resisted|p1a: Skarmory\n|-damage|p1a: Skarmory|62\/100\n|-boost|p2a: Mani|spe|1\n|-sideend|p2: Blcfvcker|Stealth Rock|[from] move: Rapid Spin|[of] p2a: Mani\n|move|p1a: Skarmory|Roost|p1a: Skarmory\n|-heal|p1a: Skarmory|100\/100\n|-singleturn|p1a: Skarmory|move: Roost\n|\n|-weather|none\n|upkeep\n|turn|20\n|\n|t:|1699803902\n|-end|p2a: Mani|Protosynthesis|[silent]\n|switch|p2a: GalvanTULON|Galvantula, M|51\/100\n|move|p1a: Skarmory|Brave Bird|p2a: GalvanTULON\n|-damage|p2a: GalvanTULON|0 fnt\n|faint|p2a: GalvanTULON\n|-damage|p1a: Skarmory|86\/100|[from] Recoil\n|\n|upkeep\n|\n|t:|1699803908\n|switch|p2a: Edgy|Samurott-Hisui, M|100\/100\n|turn|21\n|\n|t:|1699803911\n|move|p2a: Edgy|Aqua Cutter|p1a: Skarmory\n|-damage|p1a: Skarmory|58\/100\n|move|p1a: Skarmory|Body Press|p2a: Edgy\n|-supereffective|p2a: Edgy\n|-damage|p2a: Edgy|15\/100\n|\n|upkeep\n|turn|22\n|-message|Blcfvcker forfeited.\n|\n|win|sandworst\n|raw|sandworst's rating: 1257 &rarr; <strong>1279<\/strong><br \/>(+22 for winning)\n|raw|Blcfvcker's rating: 1213 &rarr; <strong>1191<\/strong><br \/>(-22 for losing)\n|l|\u2606Blcfvcker\n","uploadtime":1699803922,"views":8,"p1id":"sandworst","p2id":"blcfvcker","formatid":"gen9nationaldex","rating":1191,"private":0,"password":""}