{"id":"gen9nationaldex-1988950741","p1":"DutchyGold","p2":"Alexis1919","format":"[Gen 9] National Dex","log":"|j|\u2606DutchyGold\n|j|\u2606Alexis1919\n|t:|1699793345\n|gametype|singles\n|player|p1|DutchyGold|guzma|1412\n|player|p2|Alexis1919|cheren-gen5bw2|1381\n|teamsize|p1|6\n|teamsize|p2|6\n|gen|9\n|tier|[Gen 9] National Dex\n|rated|\n|rule|HP Percentage Mod: HP is shown in percentages\n|rule|Endless Battle Clause: Forcing endless battles is banned\n|rule|OHKO Clause: OHKO moves are banned\n|rule|Evasion Clause: Evasion abilities, items, and moves are banned\n|rule|Evasion Abilities Clause: Evasion abilities are banned\n|rule|Evasion Items Clause: Evasion items are banned\n|rule|Evasion Moves Clause: Evasion moves are banned\n|rule|Species Clause: Limit one of each Pok\u00e9mon\n|rule|Sleep Clause Mod: Limit one foe put to sleep\n|clearpoke\n|poke|p1|Alomomola, M|\n|poke|p1|Ferrothorn, F|\n|poke|p1|Moltres|\n|poke|p1|Tapu Lele|\n|poke|p1|Zamazenta-*|\n|poke|p1|Ursaluna, F|\n|poke|p2|Meowscarada, F|\n|poke|p2|Ceruledge, M|\n|poke|p2|Garganacl, M|\n|poke|p2|Clodsire, M|\n|poke|p2|Tatsugiri, F|\n|poke|p2|Orthworm, F|\n|teampreview\n|\n|t:|1699793371\n|start\n|switch|p1a: Ferrothorn|Ferrothorn, F|100\/100\n|switch|p2a: Meowscarada|Meowscarada, F, shiny|100\/100\n|turn|1\n|inactive|Battle timer is ON: inactive players will automatically lose when time's up. (requested by DutchyGold)\n|\n|t:|1699793403\n|switch|p2a: Orthworm|Orthworm, F, shiny|100\/100\n|move|p1a: Ferrothorn|Gyro Ball|p2a: Orthworm\n|-resisted|p2a: Orthworm\n|-damage|p2a: Orthworm|88\/100\n|\n|upkeep\n|turn|2\n|\n|t:|1699793411\n|move|p2a: Orthworm|Coil|p2a: Orthworm\n|-boost|p2a: Orthworm|atk|1\n|-boost|p2a: Orthworm|def|1\n|-boost|p2a: Orthworm|accuracy|1\n|move|p1a: Ferrothorn|Leech Seed|p2a: Orthworm|[miss]\n|-miss|p1a: Ferrothorn|p2a: Orthworm\n|\n|upkeep\n|turn|3\n|\n|t:|1699793416\n|move|p2a: Orthworm|Body Press|p1a: Ferrothorn\n|-supereffective|p1a: Ferrothorn\n|-damage|p1a: Ferrothorn|50\/100\n|-damage|p2a: Orthworm|76\/100|[from] ability: Iron Barbs|[of] p1a: Ferrothorn\n|move|p1a: Ferrothorn|Leech Seed|p2a: Orthworm|[miss]\n|-miss|p1a: Ferrothorn|p2a: Orthworm\n|\n|-heal|p1a: Ferrothorn|56\/100|[from] item: Leftovers\n|upkeep\n|turn|4\n|\n|t:|1699793426\n|switch|p2a: Tatsugiri|Tatsugiri, F|100\/100\n|switch|p1a: Moltres|Moltres|100\/100\n|\n|upkeep\n|turn|5\n|\n|t:|1699793433\n|switch|p1a: Ferrothorn|Ferrothorn, F|56\/100\n|move|p2a: Tatsugiri|Surf|p1a: Ferrothorn\n|-resisted|p1a: Ferrothorn\n|-damage|p1a: Ferrothorn|40\/100\n|\n|-heal|p1a: Ferrothorn|46\/100|[from] item: Leftovers\n|upkeep\n|turn|6\n|\n|t:|1699793441\n|switch|p2a: Meowscarada|Meowscarada, F, shiny|100\/100\n|move|p1a: Ferrothorn|Leech Seed|p2a: Meowscarada\n|-immune|p2a: Meowscarada\n|\n|-heal|p1a: Ferrothorn|52\/100|[from] item: Leftovers\n|upkeep\n|turn|7\n|\n|t:|1699793445\n|switch|p1a: Moltres|Moltres|100\/100\n|move|p2a: Meowscarada|U-turn|p1a: Moltres\n|-start|p2a: Meowscarada|typechange|Bug|[from] ability: Protean\n|-resisted|p1a: Moltres\n|-crit|p1a: Moltres\n|-damage|p1a: Moltres|89\/100\n|-status|p2a: Meowscarada|brn|[from] ability: Flame Body|[of] p1a: Moltres\n|\n|t:|1699793460\n|switch|p2a: Garganacl|Garganacl, M, shiny|100\/100|[from] U-turn\n|\n|upkeep\n|turn|8\n|\n|t:|1699793466\n|move|p1a: Moltres|U-turn|p2a: Garganacl\n|-damage|p2a: Garganacl|91\/100\n|\n|t:|1699793467\n|switch|p1a: Alomomola|Alomomola, M|100\/100|[from] U-turn\n|move|p2a: Garganacl|Salt Cure|p1a: Alomomola\n|-damage|p1a: Alomomola|93\/100\n|-start|p1a: Alomomola|Salt Cure\n|\n|-heal|p2a: Garganacl|97\/100|[from] item: Leftovers\n|-damage|p1a: Alomomola|68\/100|[from] Salt Cure\n|upkeep\n|turn|9\n|\n|t:|1699793477\n|move|p1a: Alomomola|Flip Turn|p2a: Garganacl\n|-supereffective|p2a: Garganacl\n|-damage|p2a: Garganacl|75\/100\n|\n|t:|1699793481\n|switch|p1a: Ursaluna|Ursaluna, F|100\/100|[from] Flip Turn\n|move|p2a: Garganacl|Salt Cure|p1a: Ursaluna\n|-resisted|p1a: Ursaluna\n|-damage|p1a: Ursaluna|96\/100\n|-start|p1a: Ursaluna|Salt Cure\n|\n|-heal|p2a: Garganacl|82\/100|[from] item: Leftovers\n|-damage|p1a: Ursaluna|83\/100|[from] Salt Cure\n|-status|p1a: Ursaluna|brn|[from] item: Flame Orb\n|upkeep\n|turn|10\n|\n|t:|1699793493\n|switch|p1a: Ferrothorn|Ferrothorn, F|52\/100\n|switch|p2a: Orthworm|Orthworm, F, shiny|76\/100\n|\n|-heal|p1a: Ferrothorn|59\/100|[from] item: Leftovers\n|upkeep\n|turn|11\n|\n|t:|1699793499\n|switch|p1a: Moltres|Moltres|89\/100\n|move|p2a: Orthworm|Coil|p2a: Orthworm\n|-boost|p2a: Orthworm|atk|1\n|-boost|p2a: Orthworm|def|1\n|-boost|p2a: Orthworm|accuracy|1\n|\n|upkeep\n|turn|12\n|\n|t:|1699793513\n|switch|p2a: Ceruledge|Ceruledge, M|100\/100\n|move|p1a: Moltres|U-turn|p2a: Ceruledge\n|-resisted|p2a: Ceruledge\n|-damage|p2a: Ceruledge|97\/100\n|-ability|p2a: Ceruledge|Weak Armor|boost\n|-unboost|p2a: Ceruledge|def|1\n|-boost|p2a: Ceruledge|spe|2\n|\n|t:|1699793530\n|switch|p1a: Alomomola|Alomomola, M|100\/100|[from] U-turn\n|\n|upkeep\n|turn|13\n|\n|t:|1699793541\n|switch|p2a: Tatsugiri|Tatsugiri, F|100\/100\n|move|p1a: Alomomola|Toxic|p2a: Tatsugiri\n|-status|p2a: Tatsugiri|tox\n|\n|-damage|p2a: Tatsugiri|94\/100 tox|[from] psn\n|upkeep\n|turn|14\n|\n|t:|1699793550\n|switch|p2a: Garganacl|Garganacl, M, shiny|82\/100\n|switch|p1a: Ferrothorn|Ferrothorn, F|59\/100\n|\n|-heal|p2a: Garganacl|88\/100|[from] item: Leftovers\n|-heal|p1a: Ferrothorn|65\/100|[from] item: Leftovers\n|upkeep\n|turn|15\n|\n|t:|1699793554\n|switch|p1a: Alomomola|Alomomola, M|100\/100\n|move|p2a: Garganacl|Salt Cure|p1a: Alomomola\n|-damage|p1a: Alomomola|92\/100\n|-start|p1a: Alomomola|Salt Cure\n|\n|-heal|p2a: Garganacl|94\/100|[from] item: Leftovers\n|-damage|p1a: Alomomola|68\/100|[from] Salt Cure\n|upkeep\n|turn|16\n|\n|t:|1699793561\n|move|p1a: Alomomola|Wish|p1a: Alomomola\n|move|p2a: Garganacl|Iron Defense|p2a: Garganacl\n|-boost|p2a: Garganacl|def|2\n|\n|-heal|p2a: Garganacl|99\/100|[from] item: Leftovers\n|-damage|p1a: Alomomola|43\/100|[from] Salt Cure\n|upkeep\n|turn|17\n|\n|t:|1699793571\n|move|p1a: Alomomola|Flip Turn|p2a: Garganacl\n|-supereffective|p2a: Garganacl\n|-damage|p2a: Garganacl|88\/100\n|\n|t:|1699793573\n|switch|p1a: Ursaluna|Ursaluna, F|83\/100 brn|[from] Flip Turn\n|move|p2a: Garganacl|Iron Defense|p2a: Garganacl\n|-boost|p2a: Garganacl|def|2\n|\n|-heal|p1a: Ursaluna|100\/100 brn|[from] move: Wish|[wisher] Alomomola\n|-heal|p2a: Garganacl|95\/100|[from] item: Leftovers\n|-damage|p1a: Ursaluna|94\/100 brn|[from] brn\n|upkeep\n|turn|18\n|\n|t:|1699793578\n|-terastallize|p1a: Ursaluna|Ghost\n|move|p1a: Ursaluna|Swords Dance|p1a: Ursaluna\n|-boost|p1a: Ursaluna|atk|2\n|move|p2a: Garganacl|Body Press|p1a: Ursaluna\n|-immune|p1a: Ursaluna\n|\n|-heal|p2a: Garganacl|100\/100|[from] item: Leftovers\n|-damage|p1a: Ursaluna|88\/100 brn|[from] brn\n|upkeep\n|turn|19\n|\n|t:|1699793586\n|switch|p2a: Meowscarada|Meowscarada, F, shiny|100\/100 brn\n|move|p1a: Ursaluna|Swords Dance|p1a: Ursaluna\n|-boost|p1a: Ursaluna|atk|2\n|\n|-damage|p2a: Meowscarada|94\/100 brn|[from] brn\n|-damage|p1a: Ursaluna|82\/100 brn|[from] brn\n|upkeep\n|turn|20\n|\n|t:|1699793593\n|move|p2a: Meowscarada|Lash Out|p1a: Ursaluna\n|-start|p2a: Meowscarada|typechange|Dark|[from] ability: Protean\n|-supereffective|p1a: Ursaluna\n|-damage|p1a: Ursaluna|56\/100 brn\n|move|p1a: Ursaluna|Facade|p2a: Meowscarada\n|-damage|p2a: Meowscarada|0 fnt\n|faint|p2a: Meowscarada\n|\n|-damage|p1a: Ursaluna|50\/100 brn|[from] brn\n|upkeep\n|\n|t:|1699793603\n|switch|p2a: Orthworm|Orthworm, F, shiny|76\/100\n|turn|21\n|\n|t:|1699793609\n|move|p1a: Ursaluna|Fire Punch|p2a: Orthworm\n|-supereffective|p2a: Orthworm\n|-damage|p2a: Orthworm|0 fnt\n|faint|p2a: Orthworm\n|\n|-damage|p1a: Ursaluna|44\/100 brn|[from] brn\n|upkeep\n|\n|t:|1699793626\n|switch|p2a: Tatsugiri|Tatsugiri, F|94\/100 tox\n|turn|22\n|\n|t:|1699793629\n|switch|p1a: Ferrothorn|Ferrothorn, F|65\/100\n|move|p2a: Tatsugiri|Surf|p1a: Ferrothorn\n|-resisted|p1a: Ferrothorn\n|-damage|p1a: Ferrothorn|49\/100\n|\n|-heal|p1a: Ferrothorn|55\/100|[from] item: Leftovers\n|-damage|p2a: Tatsugiri|88\/100 tox|[from] psn\n|upkeep\n|turn|23\n|\n|t:|1699793636\n|move|p2a: Tatsugiri|Rapid Spin|p1a: Ferrothorn\n|-resisted|p1a: Ferrothorn\n|-damage|p1a: Ferrothorn|53\/100\n|-boost|p2a: Tatsugiri|spe|1\n|-damage|p2a: Tatsugiri|76\/100 tox|[from] ability: Iron Barbs|[of] p1a: Ferrothorn\n|move|p1a: Ferrothorn|Leech Seed|p2a: Tatsugiri\n|-start|p2a: Tatsugiri|move: Leech Seed\n|\n|-heal|p1a: Ferrothorn|59\/100|[from] item: Leftovers\n|-damage|p2a: Tatsugiri|63\/100 tox|[from] Leech Seed|[of] p1a: Ferrothorn\n|-heal|p1a: Ferrothorn|71\/100|[silent]\n|-damage|p2a: Tatsugiri|51\/100 tox|[from] psn\n|upkeep\n|turn|24\n|\n|t:|1699793645\n|switch|p2a: Garganacl|Garganacl, M, shiny|100\/100\n|move|p1a: Ferrothorn|Stealth Rock|p2a: Garganacl\n|-sidestart|p2: Alexis1919|move: Stealth Rock\n|\n|-heal|p1a: Ferrothorn|77\/100|[from] item: Leftovers\n|upkeep\n|turn|25\n|\n|t:|1699793650\n|move|p2a: Garganacl|Salt Cure|p1a: Ferrothorn\n|-resisted|p1a: Ferrothorn\n|-damage|p1a: Ferrothorn|72\/100\n|-start|p1a: Ferrothorn|Salt Cure\n|move|p1a: Ferrothorn|Leech Seed|p2a: Garganacl\n|-start|p2a: Garganacl|move: Leech Seed\n|\n|-heal|p1a: Ferrothorn|78\/100|[from] item: Leftovers\n|-damage|p2a: Garganacl|88\/100|[from] Leech Seed|[of] p1a: Ferrothorn\n|-heal|p1a: Ferrothorn|93\/100|[silent]\n|-damage|p1a: Ferrothorn|68\/100|[from] Salt Cure\n|upkeep\n|turn|26\n|\n|t:|1699793656\n|switch|p2a: Tatsugiri|Tatsugiri, F|51\/100 tox\n|-damage|p2a: Tatsugiri|39\/100 tox|[from] Stealth Rock\n|switch|p1a: Alomomola|Alomomola, M|76\/100\n|\n|-damage|p2a: Tatsugiri|33\/100 tox|[from] psn\n|upkeep\n|turn|27\n|\n|t:|1699793665\n|move|p2a: Tatsugiri|Dragon Pulse|p1a: Alomomola\n|-damage|p1a: Alomomola|25\/100\n|move|p1a: Alomomola|Wish|p1a: Alomomola\n|\n|-damage|p2a: Tatsugiri|20\/100 tox|[from] psn\n|upkeep\n|turn|28\n|\n|t:|1699793672\n|switch|p1a: Ferrothorn|Ferrothorn, F|68\/100\n|move|p2a: Tatsugiri|Rapid Spin|p1a: Ferrothorn\n|-resisted|p1a: Ferrothorn\n|-damage|p1a: Ferrothorn|65\/100\n|-boost|p2a: Tatsugiri|spe|1\n|-damage|p2a: Tatsugiri|8\/100 tox|[from] ability: Iron Barbs|[of] p1a: Ferrothorn\n|-sideend|p2: Alexis1919|Stealth Rock|[from] move: Rapid Spin|[of] p2a: Tatsugiri\n|\n|-heal|p1a: Ferrothorn|100\/100|[from] move: Wish|[wisher] Alomomola\n|-damage|p2a: Tatsugiri|0 fnt|[from] psn\n|faint|p2a: Tatsugiri\n|upkeep\n|\n|t:|1699793683\n|switch|p2a: Ceruledge|Ceruledge, M|97\/100\n|turn|29\n|\n|t:|1699793691\n|move|p2a: Ceruledge|Swords Dance|p2a: Ceruledge\n|-boost|p2a: Ceruledge|atk|2\n|move|p1a: Ferrothorn|Leech Seed|p2a: Ceruledge\n|-start|p2a: Ceruledge|move: Leech Seed\n|\n|-damage|p2a: Ceruledge|84\/100|[from] Leech Seed|[of] p1a: Ferrothorn\n|upkeep\n|turn|30\n|\n|t:|1699793697\n|switch|p1a: Moltres|Moltres|89\/100\n|move|p2a: Ceruledge|Swords Dance|p2a: Ceruledge\n|-boost|p2a: Ceruledge|atk|2\n|\n|-damage|p2a: Ceruledge|72\/100|[from] Leech Seed|[of] p1a: Moltres\n|-heal|p1a: Moltres|100\/100|[silent]\n|upkeep\n|turn|31\n|\n|t:|1699793704\n|move|p1a: Moltres|Flamethrower|p2a: Ceruledge\n|-resisted|p2a: Ceruledge\n|-damage|p2a: Ceruledge|54\/100\n|move|p2a: Ceruledge|Bitter Blade|p1a: Moltres\n|-resisted|p1a: Moltres\n|-damage|p1a: Moltres|5\/100\n|-heal|p2a: Ceruledge|100\/100|[from] drain|[of] p1a: Moltres\n|-damage|p2a: Ceruledge|91\/100|[from] item: Life Orb\n|\n|-damage|p2a: Ceruledge|78\/100|[from] Leech Seed|[of] p1a: Moltres\n|-heal|p1a: Moltres|17\/100|[silent]\n|upkeep\n|turn|32\n|\n|t:|1699793713\n|move|p1a: Moltres|Flamethrower|p2a: Ceruledge\n|-resisted|p2a: Ceruledge\n|-damage|p2a: Ceruledge|60\/100\n|move|p2a: Ceruledge|Bitter Blade|p1a: Moltres\n|-resisted|p1a: Moltres\n|-damage|p1a: Moltres|0 fnt\n|-heal|p2a: Ceruledge|69\/100|[from] drain|[of] p1a: Moltres\n|faint|p1a: Moltres\n|-damage|p2a: Ceruledge|60\/100|[from] item: Life Orb\n|\n|upkeep\n|\n|t:|1699793717\n|switch|p1a: Tapu Lele|Tapu Lele|100\/100\n|-fieldstart|move: Psychic Terrain|[from] ability: Psychic Surge|[of] p1a: Tapu Lele\n|turn|33\n|\n|t:|1699793734\n|move|p1a: Tapu Lele|Psyshock|p2a: Ceruledge\n|-damage|p2a: Ceruledge|0 fnt\n|faint|p2a: Ceruledge\n|\n|upkeep\n|\n|t:|1699793739\n|switch|p2a: Garganacl|Garganacl, M, shiny|88\/100\n|turn|34\n|\n|t:|1699793745\n|switch|p1a: Ferrothorn|Ferrothorn, F|100\/100\n|move|p2a: Garganacl|Iron Defense|p2a: Garganacl\n|-boost|p2a: Garganacl|def|2\n|\n|-heal|p2a: Garganacl|94\/100|[from] item: Leftovers\n|upkeep\n|turn|35\n|\n|t:|1699793748\n|move|p2a: Garganacl|Salt Cure|p1a: Ferrothorn\n|-resisted|p1a: Ferrothorn\n|-damage|p1a: Ferrothorn|95\/100\n|-start|p1a: Ferrothorn|Salt Cure\n|move|p1a: Ferrothorn|Leech Seed|p2a: Garganacl|[miss]\n|-miss|p1a: Ferrothorn|p2a: Garganacl\n|\n|-heal|p2a: Garganacl|100\/100|[from] item: Leftovers\n|-heal|p1a: Ferrothorn|100\/100|[from] item: Leftovers\n|-damage|p1a: Ferrothorn|75\/100|[from] Salt Cure\n|upkeep\n|turn|36\n|\n|t:|1699793754\n|move|p2a: Garganacl|Iron Defense|p2a: Garganacl\n|-boost|p2a: Garganacl|def|2\n|move|p1a: Ferrothorn|Leech Seed|p2a: Garganacl\n|-start|p2a: Garganacl|move: Leech Seed\n|\n|-heal|p1a: Ferrothorn|82\/100|[from] item: Leftovers\n|-damage|p2a: Garganacl|88\/100|[from] Leech Seed|[of] p1a: Ferrothorn\n|-heal|p1a: Ferrothorn|96\/100|[silent]\n|-damage|p1a: Ferrothorn|71\/100|[from] Salt Cure\n|upkeep\n|turn|37\n|\n|t:|1699793760\n|switch|p1a: Ursaluna|Ursaluna, F, tera:Ghost|44\/100 brn\n|move|p2a: Garganacl|Salt Cure|p1a: Ursaluna\n|-damage|p1a: Ursaluna|32\/100 brn\n|-start|p1a: Ursaluna|Salt Cure\n|\n|-heal|p2a: Garganacl|94\/100|[from] item: Leftovers\n|-damage|p2a: Garganacl|82\/100|[from] Leech Seed|[of] p1a: Ursaluna\n|-heal|p1a: Ursaluna|44\/100 brn|[silent]\n|-damage|p1a: Ursaluna|38\/100 brn|[from] brn\n|-damage|p1a: Ursaluna|26\/100 brn|[from] Salt Cure\n|-fieldend|move: Psychic Terrain\n|upkeep\n|turn|38\n|\n|t:|1699793768\n|switch|p1a: Alomomola|Alomomola, M|58\/100\n|move|p2a: Garganacl|Recover|p2a: Garganacl\n|-heal|p2a: Garganacl|100\/100\n|\n|-damage|p2a: Garganacl|88\/100|[from] Leech Seed|[of] p1a: Alomomola\n|-heal|p1a: Alomomola|68\/100|[silent]\n|upkeep\n|turn|39\n|\n|t:|1699793775\n|move|p1a: Alomomola|Wish|p1a: Alomomola\n|move|p2a: Garganacl|Salt Cure|p1a: Alomomola\n|-damage|p1a: Alomomola|61\/100\n|-start|p1a: Alomomola|Salt Cure\n|\n|-heal|p2a: Garganacl|94\/100|[from] item: Leftovers\n|-damage|p2a: Garganacl|82\/100|[from] Leech Seed|[of] p1a: Alomomola\n|-heal|p1a: Alomomola|70\/100|[silent]\n|-damage|p1a: Alomomola|45\/100|[from] Salt Cure\n|upkeep\n|turn|40\n|\n|t:|1699793779\n|switch|p1a: Ursaluna|Ursaluna, F, tera:Ghost|26\/100 brn\n|move|p2a: Garganacl|Body Press|p1a: Ursaluna\n|-immune|p1a: Ursaluna\n|\n|-heal|p1a: Ursaluna|89\/100 brn|[from] move: Wish|[wisher] Alomomola\n|-heal|p2a: Garganacl|88\/100|[from] item: Leftovers\n|-damage|p2a: Garganacl|76\/100|[from] Leech Seed|[of] p1a: Ursaluna\n|-heal|p1a: Ursaluna|100\/100 brn|[silent]\n|-damage|p1a: Ursaluna|94\/100 brn|[from] brn\n|upkeep\n|turn|41\n|\n|t:|1699793789\n|move|p1a: Ursaluna|Swords Dance|p1a: Ursaluna\n|-boost|p1a: Ursaluna|atk|2\n|move|p2a: Garganacl|Salt Cure|p1a: Ursaluna\n|-damage|p1a: Ursaluna|84\/100 brn\n|-start|p1a: Ursaluna|Salt Cure\n|\n|-heal|p2a: Garganacl|82\/100|[from] item: Leftovers\n|-damage|p2a: Garganacl|70\/100|[from] Leech Seed|[of] p1a: Ursaluna\n|-heal|p1a: Ursaluna|96\/100 brn|[silent]\n|-damage|p1a: Ursaluna|89\/100 brn|[from] brn\n|-damage|p1a: Ursaluna|77\/100 brn|[from] Salt Cure\n|upkeep\n|turn|42\n|\n|t:|1699793793\n|move|p1a: Ursaluna|Headlong Rush|p2a: Garganacl\n|-supereffective|p2a: Garganacl\n|-damage|p2a: Garganacl|0 fnt\n|-unboost|p1a: Ursaluna|def|1\n|-unboost|p1a: Ursaluna|spd|1\n|faint|p2a: Garganacl\n|\n|-damage|p1a: Ursaluna|71\/100 brn|[from] brn\n|-damage|p1a: Ursaluna|58\/100 brn|[from] Salt Cure\n|upkeep\n|\n|t:|1699793796\n|switch|p2a: Clodsire|Clodsire, M|100\/100\n|turn|43\n|\n|t:|1699793799\n|-terastallize|p2a: Clodsire|Water\n|move|p1a: Ursaluna|Headlong Rush|p2a: Clodsire\n|-damage|p2a: Clodsire|15\/100\n|-unboost|p1a: Ursaluna|def|1\n|-unboost|p1a: Ursaluna|spd|1\n|-enditem|p2a: Clodsire|Figy Berry|[eat]\n|-heal|p2a: Clodsire|48\/100|[from] item: Figy Berry\n|move|p2a: Clodsire|Curse|p2a: Clodsire\n|-unboost|p2a: Clodsire|spe|1\n|-boost|p2a: Clodsire|atk|1\n|-boost|p2a: Clodsire|def|1\n|\n|-damage|p1a: Ursaluna|52\/100 brn|[from] brn\n|-damage|p1a: Ursaluna|40\/100 brn|[from] Salt Cure\n|upkeep\n|turn|44\n|\n|t:|1699793806\n|move|p1a: Ursaluna|Facade|p2a: Clodsire\n|-damage|p2a: Clodsire|0 fnt\n|faint|p2a: Clodsire\n|\n|win|DutchyGold\n|raw|DutchyGold's rating: 1412 &rarr; <strong>1430<\/strong><br \/>(+18 for winning)\n|raw|Alexis1919's rating: 1381 &rarr; <strong>1363<\/strong><br \/>(-18 for losing)\n|l|\u2606Alexis1919\n","uploadtime":1699793824,"views":15,"p1id":"dutchygold","p2id":"alexis1919","formatid":"gen9nationaldex","rating":1363,"private":0,"password":""}