{"id":"gen9nationaldex-1998334730","p1":"Demolovesgolfballs","p2":"Busboi2468","format":"[Gen 9] National Dex","log":"|html|<div class=\"broadcast-blue\"><strong>[Gen 9] National Dex is currently suspecting Sneasler! For information on how to participate check out the <a href=\"https:\/\/www.smogon.com\/forums\/threads\/sv-national-dex-suspect-8-just-dance.3731534\/\">suspect thread<\/a>.<\/strong><\/div>\n|j|\u2606Demolovesgolfballs\n|j|\u2606Busboi2468\n|t:|1700930740\n|gametype|singles\n|player|p1|Demolovesgolfballs|raihan|1125\n|player|p2|Busboi2468|170|1175\n|teamsize|p1|6\n|teamsize|p2|6\n|gen|9\n|tier|[Gen 9] National Dex\n|rated|\n|rule|HP Percentage Mod: HP is shown in percentages\n|rule|Endless Battle Clause: Forcing endless battles is banned\n|rule|OHKO Clause: OHKO moves are banned\n|rule|Evasion Clause: Evasion abilities, items, and moves are banned\n|rule|Evasion Abilities Clause: Evasion abilities are banned\n|rule|Evasion Items Clause: Evasion items are banned\n|rule|Evasion Moves Clause: Evasion moves are banned\n|rule|Species Clause: Limit one of each Pok\u00e9mon\n|rule|Sleep Clause Mod: Limit one foe put to sleep\n|clearpoke\n|poke|p1|Pinsir, F|\n|poke|p1|Aegislash, F|\n|poke|p1|Sirfetch\u2019d, F|\n|poke|p1|Porygon-Z|\n|poke|p1|Articuno|\n|poke|p1|Ting-Lu|\n|poke|p2|Gliscor, F|\n|poke|p2|Ninetales-Alola, F|\n|poke|p2|Rotom-Wash|\n|poke|p2|Glimmora, F|\n|poke|p2|Volcarona, M|\n|poke|p2|Scizor, M|\n|teampreview\n|inactive|Battle timer is ON: inactive players will automatically lose when time's up. (requested by Demolovesgolfballs)\n|\n|t:|1700930755\n|start\n|switch|p1a: Ting-Lu|Ting-Lu|100\/100\n|switch|p2a: Ninetales|Ninetales-Alola, F|100\/100\n|-weather|Snow|[from] ability: Snow Warning|[of] p2a: Ninetales\n|-ability|p1a: Ting-Lu|Vessel of Ruin\n|turn|1\n|\n|t:|1700930764\n|move|p2a: Ninetales|Aurora Veil|p2a: Ninetales\n|-sidestart|p2: Busboi2468|move: Aurora Veil\n|move|p1a: Ting-Lu|Stealth Rock|p2a: Ninetales\n|-sidestart|p2: Busboi2468|move: Stealth Rock\n|\n|-weather|Snow|[upkeep]\n|upkeep\n|turn|2\n|\n|t:|1700930773\n|move|p2a: Ninetales|Blizzard|p1a: Ting-Lu\n|-supereffective|p1a: Ting-Lu\n|-damage|p1a: Ting-Lu|65\/100\n|move|p1a: Ting-Lu|Rock Tomb|p2a: Ninetales\n|-supereffective|p2a: Ninetales\n|-damage|p2a: Ninetales|85\/100\n|-unboost|p2a: Ninetales|spe|1\n|\n|-weather|Snow|[upkeep]\n|-heal|p1a: Ting-Lu|72\/100|[from] item: Leftovers\n|upkeep\n|turn|3\n|\n|t:|1700930786\n|move|p2a: Ninetales|Blizzard|p1a: Ting-Lu\n|-supereffective|p1a: Ting-Lu\n|-damage|p1a: Ting-Lu|33\/100\n|move|p1a: Ting-Lu|Rock Tomb|p2a: Ninetales\n|-supereffective|p2a: Ninetales\n|-damage|p2a: Ninetales|70\/100\n|-unboost|p2a: Ninetales|spe|1\n|\n|-weather|Snow|[upkeep]\n|-heal|p1a: Ting-Lu|39\/100|[from] item: Leftovers\n|upkeep\n|turn|4\n|\n|t:|1700930794\n|switch|p1a: Aegislash|Aegislash, F|100\/100\n|move|p2a: Ninetales|Blizzard|p1a: Aegislash\n|-resisted|p1a: Aegislash\n|-damage|p1a: Aegislash|88\/100\n|\n|-weather|Snow|[upkeep]\n|-heal|p1a: Aegislash|95\/100|[from] item: Leftovers\n|upkeep\n|turn|5\n|\n|t:|1700930804\n|switch|p2a: Rotom|Rotom-Wash|100\/100\n|-damage|p2a: Rotom|88\/100|[from] Stealth Rock\n|-formechange|p1a: Aegislash|Aegislash-Blade||[from] ability: Stance Change\n|move|p1a: Aegislash|Flash Cannon|p2a: Rotom\n|-resisted|p2a: Rotom\n|-damage|p2a: Rotom|85\/100\n|\n|-weather|none\n|-heal|p1a: Aegislash|100\/100|[from] item: Leftovers\n|upkeep\n|turn|6\n|\n|t:|1700930816\n|-formechange|p1a: Aegislash|Aegislash||[from] ability: Stance Change\n|move|p1a: Aegislash|King's Shield|p1a: Aegislash\n|-singleturn|p1a: Aegislash|Protect\n|move|p2a: Rotom|Shadow Ball|p1a: Aegislash\n|-activate|p1a: Aegislash|move: Protect\n|\n|upkeep\n|turn|7\n|\n|t:|1700930822\n|move|p2a: Rotom|Shadow Ball|p1a: Aegislash\n|-supereffective|p1a: Aegislash\n|-damage|p1a: Aegislash|75\/100\n|move|p1a: Aegislash|Toxic|p2a: Rotom\n|-status|p2a: Rotom|tox\n|\n|-heal|p1a: Aegislash|81\/100|[from] item: Leftovers\n|-damage|p2a: Rotom|78\/100 tox|[from] psn\n|upkeep\n|turn|8\n|\n|t:|1700930829\n|move|p2a: Rotom|Shadow Ball|p1a: Aegislash\n|-supereffective|p1a: Aegislash\n|-damage|p1a: Aegislash|57\/100\n|-unboost|p1a: Aegislash|spd|1\n|-formechange|p1a: Aegislash|Aegislash-Blade||[from] ability: Stance Change\n|move|p1a: Aegislash|Shadow Ball|p2a: Rotom\n|-damage|p2a: Rotom|66\/100 tox\n|\n|-heal|p1a: Aegislash|63\/100|[from] item: Leftovers\n|-damage|p2a: Rotom|53\/100 tox|[from] psn\n|-sideend|p2: Busboi2468|move: Aurora Veil\n|upkeep\n|turn|9\n|\n|t:|1700930849\n|switch|p1a: Sirfetch\u2019d|Sirfetch\u2019d, F|100\/100\n|move|p2a: Rotom|Shadow Ball|p1a: Sirfetch\u2019d\n|-damage|p1a: Sirfetch\u2019d|71\/100\n|\n|-damage|p2a: Rotom|34\/100 tox|[from] psn\n|upkeep\n|turn|10\n|\n|t:|1700930875\n|move|p1a: Sirfetch\u2019d|Close Combat|p2a: Rotom\n|-damage|p2a: Rotom|0 fnt\n|-unboost|p1a: Sirfetch\u2019d|def|1\n|-unboost|p1a: Sirfetch\u2019d|spd|1\n|faint|p2a: Rotom\n|\n|upkeep\n|inactive|Busboi2468 has 120 seconds left.\n|\n|t:|1700930889\n|switch|p2a: Gliscor|Gliscor, F|100\/100\n|-damage|p2a: Gliscor|88\/100|[from] Stealth Rock\n|turn|11\n|\n|t:|1700930895\n|switch|p1a: Articuno|Articuno|100\/100\n|-ability|p1a: Articuno|Pressure\n|move|p2a: Gliscor|Fling|p1a: Articuno\n|-damage|p1a: Articuno|94\/100\n|-status|p1a: Articuno|tox\n|-enditem|p2a: Gliscor|Toxic Orb|[from] move: Fling\n|\n|-damage|p1a: Articuno|88\/100 tox|[from] psn\n|upkeep\n|turn|12\n|inactive|Busboi2468 has 120 seconds left.\n|\n|t:|1700930915\n|-terastallize|p2a: Gliscor|Normal\n|move|p2a: Gliscor|Stone Edge|p1a: Articuno\n|-supereffective|p1a: Articuno\n|-damage|p1a: Articuno|9\/100 tox\n|move|p1a: Articuno|Freeze-Dry|p2a: Gliscor\n|-damage|p2a: Gliscor|56\/100\n|\n|-damage|p1a: Articuno|0 fnt|[from] psn\n|faint|p1a: Articuno\n|upkeep\n|\n|t:|1700930921\n|switch|p1a: Sirfetch\u2019d|Sirfetch\u2019d, F|71\/100\n|turn|13\n|\n|t:|1700930933\n|move|p1a: Sirfetch\u2019d|Close Combat|p2a: Gliscor\n|-supereffective|p2a: Gliscor\n|-damage|p2a: Gliscor|0 fnt\n|-unboost|p1a: Sirfetch\u2019d|def|1\n|-unboost|p1a: Sirfetch\u2019d|spd|1\n|faint|p2a: Gliscor\n|\n|upkeep\n|inactive|Busboi2468 has 120 seconds left.\n|\n|t:|1700930947\n|switch|p2a: Glimmora|Glimmora, F|100\/100\n|-damage|p2a: Glimmora|88\/100|[from] Stealth Rock\n|turn|14\n|\n|t:|1700930952\n|-terastallize|p1a: Sirfetch\u2019d|Fighting\n|move|p1a: Sirfetch\u2019d|Close Combat|p2a: Glimmora\n|-damage|p2a: Glimmora|0 fnt\n|-unboost|p1a: Sirfetch\u2019d|def|1\n|-unboost|p1a: Sirfetch\u2019d|spd|1\n|-activate|p2a: Glimmora|ability: Toxic Debris\n|-sidestart|p1: Demolovesgolfballs|move: Toxic Spikes\n|faint|p2a: Glimmora\n|\n|upkeep\n|\n|t:|1700930961\n|switch|p2a: Volcarona|Volcarona, M|100\/100\n|-damage|p2a: Volcarona|50\/100|[from] Stealth Rock\n|turn|15\n|\n|t:|1700930969\n|move|p1a: Sirfetch\u2019d|Close Combat|p2a: Volcarona\n|-resisted|p2a: Volcarona\n|-damage|p2a: Volcarona|0 fnt\n|-unboost|p1a: Sirfetch\u2019d|def|1\n|-unboost|p1a: Sirfetch\u2019d|spd|1\n|-status|p1a: Sirfetch\u2019d|brn|[from] ability: Flame Body|[of] p2a: Volcarona\n|faint|p2a: Volcarona\n|\n|-damage|p1a: Sirfetch\u2019d|65\/100 brn|[from] brn\n|upkeep\n|-message|Busboi2468 forfeited.\n|\n|win|Demolovesgolfballs\n|raw|Demolovesgolfballs's rating: 1125 &rarr; <strong>1154<\/strong><br \/>(+29 for winning)\n|raw|Busboi2468's rating: 1175 &rarr; <strong>1146<\/strong><br \/>(-29 for losing)\n|l|\u2606Busboi2468\n","uploadtime":1700930977,"views":3,"p1id":"demolovesgolfballs","p2id":"busboi2468","formatid":"gen9nationaldex","rating":1146,"private":0,"password":""}