{"id":"gen9nationaldex-1997792293","p1":"Chillrends","p2":"The power of ROCK","format":"[Gen 9] National Dex","log":"|html|<div class=\"broadcast-blue\"><strong>[Gen 9] National Dex is currently suspecting Sneasler! For information on how to participate check out the <a href=\"https:\/\/www.smogon.com\/forums\/threads\/sv-national-dex-suspect-8-just-dance.3731534\/\">suspect thread<\/a>.<\/strong><\/div>\n|j|\u2606Chillrends\n|j|\u2606The power of ROCK\n|inactive|Battle timer is ON: inactive players will automatically lose when time's up.\n|t:|1700853192\n|gametype|singles\n|player|p1|Chillrends|1|\n|player|p2|The power of ROCK|roark|\n|teamsize|p1|6\n|teamsize|p2|6\n|gen|9\n|tier|[Gen 9] National Dex\n|rated|Tournament battle\n|rule|HP Percentage Mod: HP is shown in percentages\n|rule|Endless Battle Clause: Forcing endless battles is banned\n|rule|OHKO Clause: OHKO moves are banned\n|rule|Evasion Clause: Evasion abilities, items, and moves are banned\n|rule|Evasion Abilities Clause: Evasion abilities are banned\n|rule|Evasion Items Clause: Evasion items are banned\n|rule|Evasion Moves Clause: Evasion moves are banned\n|rule|Species Clause: Limit one of each Pok\u00e9mon\n|rule|Sleep Clause Mod: Limit one foe put to sleep\n|clearpoke\n|poke|p1|Latios, M|\n|poke|p1|Rotom-Wash|\n|poke|p1|Kartana|\n|poke|p1|Garganacl, M|\n|poke|p1|Gliscor, F|\n|poke|p1|Ogerpon-Wellspring, F|\n|poke|p2|Tyranitar, F|\n|poke|p2|Garganacl, F|\n|poke|p2|Aggron, M|\n|poke|p2|Glimmora, M|\n|poke|p2|Stakataka|\n|poke|p2|Rampardos, F|\n|teampreview\n|c|\u2606The power of ROCK|Welcome to the ROCK gum\n|c|\u2606The power of ROCK|gym*\n|c|\u2606The power of ROCK|krk\n|c|\u2606The power of ROCK|kek\n|c|\u2606The power of ROCK|typing with one hand\n|inactive|The power of ROCK has 120 seconds left.\n|j| Gholdie\n|c|\u2606The power of ROCK|eating atm xD\n|l| Gholdie\n|j| Ineros\n|inactive|The power of ROCK has 90 seconds left.\n|\n|t:|1700853266\n|start\n|switch|p1a: Gliscor|Gliscor, F|100\/100\n|switch|p2a: Tyranitar|Tyranitar, F|100\/100\n|-weather|Sandstorm|[from] ability: Sand Stream|[of] p2a: Tyranitar\n|turn|1\n|c| Ineros|Rock\n|\n|t:|1700853274\n|move|p1a: Gliscor|Earthquake|p2a: Tyranitar\n|-supereffective|p2a: Tyranitar\n|-damage|p2a: Tyranitar|46\/100\n|move|p2a: Tyranitar|Knock Off|p1a: Gliscor\n|-damage|p1a: Gliscor|67\/100\n|-enditem|p1a: Gliscor|Toxic Orb|[from] move: Knock Off|[of] p2a: Tyranitar\n|\n|-weather|Sandstorm|[upkeep]\n|upkeep\n|turn|2\n|c|\u2606The power of ROCK|hi\n|c| Ineros|for the love of all things good\n|c| Ineros|keep the sturdy on Agg\n|c|\u2606The power of ROCK|what\n|c|\u2606The power of ROCK|no\n|c|\u2606The power of ROCK|just for that\n|inactive|The power of ROCK has 120 seconds left.\n|c|\u2606The power of ROCK|imma switch into agg\n|\n|t:|1700853315\n|switch|p2a: Stakataka|Stakataka|100\/100\n|move|p1a: Gliscor|Spikes|p2a: Stakataka\n|-sidestart|p2: The power of ROCK|Spikes\n|\n|-weather|Sandstorm|[upkeep]\n|upkeep\n|turn|3\n|c| Ineros|Waterpon destroys this like or do you have sash Glimm\n|c| Ineros|or smthn\n|c|\u2606The power of ROCK|i joke i shall be the judge\n|\n|t:|1700853340\n|move|p1a: Gliscor|Earthquake|p2a: Stakataka\n|-supereffective|p2a: Stakataka\n|-damage|p2a: Stakataka|18\/100\n|move|p2a: Stakataka|Trick Room|p2a: Stakataka\n|-fieldstart|move: Trick Room|[of] p2a: Stakataka\n|\n|-weather|Sandstorm|[upkeep]\n|upkeep\n|turn|4\n|\n|t:|1700853344\n|move|p2a: Stakataka|Gyro Ball|p1a: Gliscor\n|-damage|p1a: Gliscor|0 fnt\n|faint|p1a: Gliscor\n|-ability|p2a: Stakataka|Beast Boost|boost\n|-boost|p2a: Stakataka|atk|1\n|\n|-weather|Sandstorm|[upkeep]\n|upkeep\n|\n|t:|1700853348\n|switch|p1a: Rotom|Rotom-Wash|100\/100\n|turn|5\n|\n|t:|1700853353\n|move|p2a: Stakataka|Gyro Ball|p1a: Rotom\n|-resisted|p1a: Rotom\n|-damage|p1a: Rotom|78\/100\n|move|p1a: Rotom|Volt Switch|p2a: Stakataka\n|-damage|p2a: Stakataka|2\/100\n|c| Ineros|Um.\n|c| Ineros|what was that Glisc\n|c|\u2606The power of ROCK|KEK\n|\n|t:|1700853371\n|switch|p1a: Ogerpon|Ogerpon-Wellspring, F|100\/100|[from] Volt Switch\n|\n|-weather|none\n|upkeep\n|turn|6\n|\n|t:|1700853377\n|switch|p1a: Rotom|Rotom-Wash|78\/100\n|move|p2a: Stakataka|Gyro Ball|p1a: Rotom\n|-resisted|p1a: Rotom\n|-crit|p1a: Rotom\n|-damage|p1a: Rotom|39\/100\n|\n|-heal|p1a: Rotom|45\/100|[from] item: Leftovers\n|upkeep\n|turn|7\n|\n|t:|1700853382\n|move|p2a: Stakataka|Gyro Ball|p1a: Rotom\n|-resisted|p1a: Rotom\n|-damage|p1a: Rotom|22\/100\n|move|p1a: Rotom|Volt Switch|p2a: Stakataka\n|-damage|p2a: Stakataka|0 fnt\n|faint|p2a: Stakataka\n|c|\u2606The power of ROCK|look at that chip\n|\n|t:|1700853389\n|switch|p1a: Kartana|Kartana|100\/100|[from] Volt Switch\n|\n|-fieldend|move: Trick Room\n|upkeep\n|c|\u2606The power of ROCK|DAYUM\n|\n|t:|1700853393\n|switch|p2a: Aggron|Aggron, M|100\/100\n|-damage|p2a: Aggron|88\/100|[from] Spikes\n|turn|8\n|\n|t:|1700853399\n|detailschange|p2a: Aggron|Aggron-Mega, M\n|-mega|p2a: Aggron|Aggron|Aggronite\n|move|p1a: Kartana|Sacred Sword|p2a: Aggron\n|-supereffective|p2a: Aggron\n|-damage|p2a: Aggron|63\/100\n|move|p2a: Aggron|Body Press|p1a: Kartana\n|-supereffective|p1a: Kartana\n|-damage|p1a: Kartana|7\/100\n|\n|upkeep\n|turn|9\n|\n|t:|1700853405\n|switch|p1a: Rotom|Rotom-Wash|22\/100\n|move|p2a: Aggron|Body Press|p1a: Rotom\n|-damage|p1a: Rotom|0 fnt\n|faint|p1a: Rotom\n|\n|upkeep\n|\n|t:|1700853408\n|switch|p1a: Latios|Latios, M|100\/100\n|turn|10\n|c| Ineros|Dang that chip really coming in clutch\n|\n|t:|1700853410\n|switch|p2a: Tyranitar|Tyranitar, F|46\/100\n|-damage|p2a: Tyranitar|33\/100|[from] Spikes\n|-weather|Sandstorm|[from] ability: Sand Stream|[of] p2a: Tyranitar\n|detailschange|p1a: Latios|Latios-Mega, M\n|-mega|p1a: Latios|Latios|Latiosite\n|move|p1a: Latios|Mystical Fire|p2a: Tyranitar\n|-resisted|p2a: Tyranitar\n|-damage|p2a: Tyranitar|29\/100\n|-unboost|p2a: Tyranitar|spa|1\n|\n|-weather|Sandstorm|[upkeep]\n|-damage|p1a: Latios|95\/100|[from] Sandstorm\n|upkeep\n|turn|11\n|c| Ineros|actually\n|c| Ineros|waterpon can\u2019t set up\n|\n|t:|1700853419\n|switch|p1a: Ogerpon|Ogerpon-Wellspring, F|100\/100\n|move|p2a: Tyranitar|Knock Off|p1a: Ogerpon\n|-damage|p1a: Ogerpon|62\/100\n|\n|-weather|Sandstorm|[upkeep]\n|-damage|p1a: Ogerpon|56\/100|[from] Sandstorm\n|upkeep\n|turn|12\n|c| Ineros|now\n|\n|t:|1700853430\n|move|p1a: Ogerpon|Ivy Cudgel|p2a: Tyranitar|[anim] Ivy Cudgel Water\n|-supereffective|p2a: Tyranitar\n|-damage|p2a: Tyranitar|0 fnt\n|faint|p2a: Tyranitar\n|\n|-weather|Sandstorm|[upkeep]\n|-damage|p1a: Ogerpon|50\/100|[from] Sandstorm\n|upkeep\n|\n|t:|1700853433\n|switch|p2a: Glimmora|Glimmora, M|100\/100\n|-damage|p2a: Glimmora|88\/100|[from] Spikes\n|turn|13\n|\n|t:|1700853443\n|move|p2a: Glimmora|Mortal Spin|p1a: Ogerpon\n|-supereffective|p1a: Ogerpon\n|-damage|p1a: Ogerpon|34\/100\n|-status|p1a: Ogerpon|psn\n|-sideend|p2: The power of ROCK|Spikes|[from] move: Mortal Spin|[of] p2a: Glimmora\n|move|p1a: Ogerpon|Ivy Cudgel|p2a: Glimmora|[anim] Ivy Cudgel Water\n|-supereffective|p2a: Glimmora\n|-damage|p2a: Glimmora|0 fnt\n|-activate|p2a: Glimmora|ability: Toxic Debris\n|-sidestart|p1: Chillrends|move: Toxic Spikes\n|faint|p2a: Glimmora\n|\n|-weather|Sandstorm|[upkeep]\n|-damage|p1a: Ogerpon|28\/100 psn|[from] Sandstorm\n|-damage|p1a: Ogerpon|15\/100 psn|[from] psn\n|upkeep\n|\n|t:|1700853446\n|switch|p2a: Aggron|Aggron-Mega, M|63\/100\n|turn|14\n|c| Ineros|YOOOO\n|\n|t:|1700853450\n|move|p1a: Ogerpon|Ivy Cudgel|p2a: Aggron|[anim] Ivy Cudgel Water\n|-damage|p2a: Aggron|41\/100\n|move|p2a: Aggron|Body Press|p1a: Ogerpon\n|-damage|p1a: Ogerpon|0 fnt\n|faint|p1a: Ogerpon\n|\n|-weather|none\n|upkeep\n|\n|t:|1700853453\n|switch|p1a: Latios|Latios-Mega, M|95\/100\n|turn|15\n|c| Ineros|SCARF GLIMM the goat\n|\n|t:|1700853462\n|switch|p2a: Rampardos|Rampardos, F|100\/100\n|-ability|p2a: Rampardos|Mold Breaker\n|move|p1a: Latios|Mystical Fire|p2a: Rampardos\n|-resisted|p2a: Rampardos\n|-damage|p2a: Rampardos|74\/100\n|-unboost|p2a: Rampardos|spa|1\n|\n|upkeep\n|turn|16\n|\n|t:|1700853482\n|switch|p1a: Garganacl|Garganacl, M|100\/100\n|-zpower|p2a: Rampardos\n|move|p2a: Rampardos|Continental Crush|p1a: Garganacl|[zeffect]\n|-damage|p1a: Garganacl|5\/100\n|\n|-heal|p1a: Garganacl|11\/100|[from] item: Leftovers\n|upkeep\n|turn|17\n|\n|t:|1700853494\n|move|p2a: Rampardos|Head Smash|p1a: Garganacl\n|-damage|p1a: Garganacl|0 fnt\n|faint|p1a: Garganacl\n|-damage|p2a: Rampardos|68\/100|[from] Recoil\n|\n|upkeep\n|\n|t:|1700853501\n|switch|p1a: Kartana|Kartana|7\/100\n|turn|18\n|\n|t:|1700853511\n|move|p1a: Kartana|Sacred Sword|p2a: Rampardos\n|-supereffective|p2a: Rampardos\n|-damage|p2a: Rampardos|0 fnt\n|faint|p2a: Rampardos\n|-ability|p1a: Kartana|Beast Boost|boost\n|-boost|p1a: Kartana|atk|1\n|\n|upkeep\n|\n|t:|1700853514\n|switch|p2a: Aggron|Aggron-Mega, M|41\/100\n|turn|19\n|\n|t:|1700853516\n|move|p1a: Kartana|Sacred Sword|p2a: Aggron\n|-supereffective|p2a: Aggron\n|-crit|p2a: Aggron\n|-damage|p2a: Aggron|0 fnt\n|faint|p2a: Aggron\n|-ability|p1a: Kartana|Beast Boost|boost\n|-boost|p1a: Kartana|atk|1\n|\n|upkeep\n|\n|t:|1700853519\n|switch|p2a: Garganacl|Garganacl, F|100\/100\n|turn|20\n|\n|t:|1700853522\n|switch|p1a: Latios|Latios-Mega, M|95\/100\n|-terastallize|p2a: Garganacl|Ghost\n|move|p2a: Garganacl|Salt Cure|p1a: Latios\n|-crit|p1a: Latios\n|-damage|p1a: Latios|72\/100\n|-start|p1a: Latios|Salt Cure\n|\n|-damage|p1a: Latios|59\/100|[from] Salt Cure\n|upkeep\n|turn|21\n|\n|t:|1700853526\n|move|p1a: Latios|Psychic|p2a: Garganacl\n|-damage|p2a: Garganacl|63\/100\n|-enditem|p2a: Garganacl|Maranga Berry|[eat]\n|-boost|p2a: Garganacl|spd|1|[from] item: Maranga Berry\n|move|p2a: Garganacl|Iron Defense|p2a: Garganacl\n|-boost|p2a: Garganacl|def|2\n|\n|-damage|p1a: Latios|47\/100|[from] Salt Cure\n|upkeep\n|turn|22\n|j| TESTINGgimmicks1\n|c| Ineros|Blud\n|\n|t:|1700853529\n|move|p1a: Latios|Psychic|p2a: Garganacl\n|-damage|p2a: Garganacl|38\/100\n|move|p2a: Garganacl|Recover|p2a: Garganacl\n|-heal|p2a: Garganacl|88\/100\n|\n|-damage|p1a: Latios|35\/100|[from] Salt Cure\n|upkeep\n|turn|23\n|\n|t:|1700853531\n|move|p1a: Latios|Mystical Fire|p2a: Garganacl\n|-damage|p2a: Garganacl|73\/100\n|-unboost|p2a: Garganacl|spa|1\n|move|p2a: Garganacl|Iron Defense|p2a: Garganacl\n|-boost|p2a: Garganacl|def|2\n|\n|-damage|p1a: Latios|22\/100|[from] Salt Cure\n|upkeep\n|turn|24\n|c| Ineros|why did you not leaf blade\n|\n|t:|1700853535\n|move|p1a: Latios|Psychic|p2a: Garganacl\n|-damage|p2a: Garganacl|50\/100\n|move|p2a: Garganacl|Iron Defense|p2a: Garganacl\n|-boost|p2a: Garganacl|def|2\n|\n|-damage|p1a: Latios|10\/100|[from] Salt Cure\n|upkeep\n|turn|25\n|c| Ineros|you had +2\n|\n|t:|1700853537\n|move|p1a: Latios|Psychic|p2a: Garganacl\n|-damage|p2a: Garganacl|24\/100\n|move|p2a: Garganacl|Recover|p2a: Garganacl\n|-heal|p2a: Garganacl|74\/100\n|\n|-damage|p1a: Latios|0 fnt|[from] Salt Cure\n|faint|p1a: Latios\n|upkeep\n|\n|t:|1700853540\n|switch|p1a: Kartana|Kartana|7\/100\n|turn|26\n|c|\u2606Chillrends|ever heard of scarftana\n|\n|t:|1700853548\n|move|p1a: Kartana|Knock Off|p2a: Garganacl\n|-supereffective|p2a: Garganacl\n|-damage|p2a: Garganacl|65\/100\n|move|p2a: Garganacl|Body Press|p1a: Kartana\n|-supereffective|p1a: Kartana\n|-damage|p1a: Kartana|0 fnt\n|faint|p1a: Kartana\n|\n|win|The power of ROCK\n|n|\u2606Chillrends|chillrends\n|n|\u2606The power of ROCK|thepowerofrock\n|n| Ineros|ineros\n|n| TESTINGgimmicks1|testinggimmicks1\n|l|\u2606Chillrends\n|c|\u2606The power of ROCK|GG : )\n|c| Ineros|Eh fair enough\n","uploadtime":1700853556,"views":2,"p1id":"chillrends","p2id":"thepowerofrock","formatid":"gen9nationaldex","rating":0,"private":0,"password":""}