{"id":"gen9nationaldex-1999878264","p1":"Theadonia","p2":"brrrbulletseed","format":"[Gen 9] National Dex","log":"|html|<div class=\"broadcast-blue\"><strong>[Gen 9] National Dex is currently suspecting Sneasler! For information on how to participate check out the <a href=\"https:\/\/www.smogon.com\/forums\/threads\/sv-national-dex-suspect-8-just-dance.3731534\/\">suspect thread<\/a>.<\/strong><\/div>\n|j|\u2606Theadonia\n|j|\u2606brrrbulletseed\n|t:|1701125525\n|gametype|singles\n|player|p1|Theadonia|roxie|1208\n|player|p2|brrrbulletseed|morty|1244\n|teamsize|p1|6\n|teamsize|p2|6\n|gen|9\n|tier|[Gen 9] National Dex\n|rated|\n|rule|HP Percentage Mod: HP is shown in percentages\n|rule|Endless Battle Clause: Forcing endless battles is banned\n|rule|OHKO Clause: OHKO moves are banned\n|rule|Evasion Clause: Evasion abilities, items, and moves are banned\n|rule|Evasion Abilities Clause: Evasion abilities are banned\n|rule|Evasion Items Clause: Evasion items are banned\n|rule|Evasion Moves Clause: Evasion moves are banned\n|rule|Species Clause: Limit one of each Pok\u00e9mon\n|rule|Sleep Clause Mod: Limit one foe put to sleep\n|clearpoke\n|poke|p1|Torterra, F|\n|poke|p1|Furret, F|\n|poke|p1|Ribombee, F|\n|poke|p1|Arcanine-Hisui, M|\n|poke|p1|Gyarados, F|\n|poke|p1|Muk-Alola, M|\n|poke|p2|Kommo-o, M|\n|poke|p2|Garchomp, F|\n|poke|p2|Noivern, F|\n|poke|p2|Druddigon, M|\n|poke|p2|Dragonite, F|\n|poke|p2|Haxorus, F|\n|teampreview\n|inactive|Battle timer is ON: inactive players will automatically lose when time's up. (requested by brrrbulletseed)\n|\n|t:|1701125535\n|start\n|switch|p1a: Ribombee|Ribombee, F|100\/100\n|switch|p2a: Notice Me Senpai|Druddigon, M|100\/100\n|turn|1\n|\n|t:|1701125541\n|move|p1a: Ribombee|Sticky Web|p2a: Notice Me Senpai\n|-sidestart|p2: brrrbulletseed|move: Sticky Web\n|move|p2a: Notice Me Senpai|Roar|p1a: Ribombee\n|drag|p1a: Gyarados|Gyarados, F, shiny|100\/100\n|-ability|p1a: Gyarados|Intimidate|boost\n|-unboost|p2a: Notice Me Senpai|atk|1\n|\n|upkeep\n|turn|2\n|\n|t:|1701125553\n|move|p1a: Gyarados|Crunch|p2a: Notice Me Senpai\n|-damage|p2a: Notice Me Senpai|72\/100\n|-unboost|p2a: Notice Me Senpai|def|1\n|-damage|p1a: Gyarados|88\/100|[from] ability: Rough Skin|[of] p2a: Notice Me Senpai\n|-damage|p1a: Gyarados|71\/100|[from] item: Rocky Helmet|[of] p2a: Notice Me Senpai\n|move|p2a: Notice Me Senpai|Glare|p1a: Gyarados\n|-status|p1a: Gyarados|par\n|\n|upkeep\n|turn|3\n|\n|t:|1701125564\n|move|p2a: Notice Me Senpai|Stealth Rock|p1a: Gyarados\n|-sidestart|p1: Theadonia|move: Stealth Rock\n|move|p1a: Gyarados|Dragon Dance|p1a: Gyarados\n|-boost|p1a: Gyarados|atk|1\n|-boost|p1a: Gyarados|spe|1\n|\n|upkeep\n|turn|4\n|\n|t:|1701125568\n|cant|p1a: Gyarados|par\n|move|p2a: Notice Me Senpai|Roar|p1a: Gyarados\n|drag|p1a: Ribombee|Ribombee, F|100\/100\n|-damage|p1a: Ribombee|76\/100|[from] Stealth Rock\n|\n|upkeep\n|turn|5\n|\n|t:|1701125575\n|move|p1a: Ribombee|Moonblast|p2a: Notice Me Senpai\n|-supereffective|p2a: Notice Me Senpai\n|-damage|p2a: Notice Me Senpai|0 fnt\n|faint|p2a: Notice Me Senpai\n|\n|upkeep\n|\n|t:|1701125579\n|switch|p2a: REEEEEEEE|Noivern, F, shiny|100\/100\n|turn|6\n|\n|t:|1701125584\n|move|p1a: Ribombee|Moonblast|p2a: REEEEEEEE\n|-supereffective|p2a: REEEEEEEE\n|-damage|p2a: REEEEEEEE|0 fnt\n|faint|p2a: REEEEEEEE\n|\n|upkeep\n|\n|t:|1701125592\n|switch|p2a: Rick|Dragonite, F, shiny|100\/100\n|turn|7\n|\n|t:|1701125596\n|move|p1a: Ribombee|Moonblast|p2a: Rick\n|-supereffective|p2a: Rick\n|-damage|p2a: Rick|66\/100\n|move|p2a: Rick|Thunder Wave|p1a: Ribombee|[miss]\n|-miss|p2a: Rick|p1a: Ribombee\n|\n|-heal|p2a: Rick|73\/100|[from] item: Leftovers\n|upkeep\n|turn|8\n|\n|t:|1701125599\n|move|p1a: Ribombee|Moonblast|p2a: Rick\n|-supereffective|p2a: Rick\n|-damage|p2a: Rick|0 fnt\n|faint|p2a: Rick\n|\n|upkeep\n|\n|t:|1701125608\n|switch|p2a: Um Num|Garchomp, F|100\/100\n|-activate|p2a: Um Num|move: Sticky Web\n|-unboost|p2a: Um Num|spe|1\n|turn|9\n|\n|t:|1701125613\n|move|p1a: Ribombee|Moonblast|p2a: Um Num\n|-supereffective|p2a: Um Num\n|-damage|p2a: Um Num|16\/100\n|move|p2a: Um Num|Fire Fang|p1a: Ribombee\n|-supereffective|p1a: Ribombee\n|-damage|p1a: Ribombee|0 fnt\n|faint|p1a: Ribombee\n|\n|upkeep\n|\n|t:|1701125623\n|switch|p1a: Torterra|Torterra, F|100\/100\n|-damage|p1a: Torterra|94\/100|[from] Stealth Rock\n|turn|10\n|\n|t:|1701125631\n|move|p1a: Torterra|Bullet Seed|p2a: Um Num\n|-damage|p2a: Um Num|4\/100\n|-damage|p2a: Um Num|0 fnt\n|faint|p2a: Um Num\n|-hitcount|p2: Um Num|2\n|\n|upkeep\n|\n|t:|1701125635\n|switch|p2a: Shake Weight|Kommo-o, M|100\/100\n|-activate|p2a: Shake Weight|move: Sticky Web\n|-unboost|p2a: Shake Weight|spe|1\n|turn|11\n|\n|t:|1701125646\n|switch|p1a: Gyarados|Gyarados, F, shiny|71\/100 par\n|-damage|p1a: Gyarados|47\/100 par|[from] Stealth Rock\n|-ability|p1a: Gyarados|Intimidate|boost\n|-unboost|p2a: Shake Weight|atk|1\n|move|p2a: Shake Weight|Scale Shot|p1a: Gyarados\n|-damage|p1a: Gyarados|36\/100 par\n|-crit|p1a: Gyarados\n|-damage|p1a: Gyarados|10\/100 par\n|-damage|p1a: Gyarados|0 fnt\n|faint|p1a: Gyarados\n|-hitcount|p1: Gyarados|3\n|-unboost|p2a: Shake Weight|def|1\n|-boost|p2a: Shake Weight|spe|1\n|\n|upkeep\n|\n|t:|1701125657\n|switch|p1a: Torterra|Torterra, F|94\/100\n|-damage|p1a: Torterra|88\/100|[from] Stealth Rock\n|turn|12\n|\n|t:|1701125664\n|move|p2a: Shake Weight|Belly Drum|p2a: Shake Weight\n|-damage|p2a: Shake Weight|51\/100\n|-setboost|p2a: Shake Weight|atk|6|[from] move: Belly Drum\n|move|p1a: Torterra|Shell Smash|p1a: Torterra\n|-unboost|p1a: Torterra|def|1\n|-unboost|p1a: Torterra|spd|1\n|-boost|p1a: Torterra|atk|2\n|-boost|p1a: Torterra|spa|2\n|-boost|p1a: Torterra|spe|2\n|\n|upkeep\n|turn|13\n|\n|t:|1701125675\n|move|p1a: Torterra|Bullet Seed|p2a: Shake Weight\n|-resisted|p2a: Shake Weight\n|-damage|p2a: Shake Weight|32\/100\n|-resisted|p2a: Shake Weight\n|-damage|p2a: Shake Weight|15\/100\n|-resisted|p2a: Shake Weight\n|-damage|p2a: Shake Weight|0 fnt\n|faint|p2a: Shake Weight\n|-hitcount|p2: Shake Weight|3\n|\n|upkeep\n|\n|t:|1701125679\n|switch|p2a: Haxorus|Haxorus, F, shiny|100\/100\n|-activate|p2a: Haxorus|move: Sticky Web\n|-unboost|p2a: Haxorus|spe|1\n|-ability|p2a: Haxorus|Mold Breaker\n|turn|14\n|\n|t:|1701125690\n|move|p1a: Torterra|Bullet Seed|p2a: Haxorus\n|-resisted|p2a: Haxorus\n|-damage|p2a: Haxorus|85\/100\n|-resisted|p2a: Haxorus\n|-damage|p2a: Haxorus|69\/100\n|-resisted|p2a: Haxorus\n|-damage|p2a: Haxorus|54\/100\n|-resisted|p2a: Haxorus\n|-damage|p2a: Haxorus|40\/100\n|-resisted|p2a: Haxorus\n|-damage|p2a: Haxorus|24\/100\n|-hitcount|p2a: Haxorus|5\n|move|p2a: Haxorus|Close Combat|p1a: Torterra\n|-damage|p1a: Torterra|10\/100\n|-unboost|p2a: Haxorus|def|1\n|-unboost|p2a: Haxorus|spd|1\n|\n|upkeep\n|turn|15\n|\n|t:|1701125696\n|move|p1a: Torterra|Rock Blast|p2a: Haxorus\n|-damage|p2a: Haxorus|0 fnt\n|faint|p2a: Haxorus\n|-hitcount|p2: Haxorus|1\n|\n|win|Theadonia\n|raw|Theadonia's rating: 1208 &rarr; <strong>1236<\/strong><br \/>(+28 for winning)\n|raw|brrrbulletseed's rating: 1244 &rarr; <strong>1216<\/strong><br \/>(-28 for losing)\n|l|\u2606brrrbulletseed\n","uploadtime":1701125706,"views":1,"p1id":"theadonia","p2id":"brrrbulletseed","formatid":"gen9nationaldex","rating":1216,"private":0,"password":""}