{"id":"gen9nationaldex-1997510796","p1":"ZachPlay","p2":"leboog","format":"[Gen 9] National Dex","log":"|html|<div class=\"broadcast-blue\"><strong>[Gen 9] National Dex is currently suspecting Sneasler! For information on how to participate check out the <a href=\"https:\/\/www.smogon.com\/forums\/threads\/sv-national-dex-suspect-8-just-dance.3731534\/\">suspect thread<\/a>.<\/strong><\/div>\n|j|\u2606ZachPlay\n|j|\u2606leboog\n|t:|1700817824\n|gametype|singles\n|player|p1|ZachPlay|ginchiyo-conquest|1118\n|player|p2|leboog|medium|1257\n|teamsize|p1|6\n|teamsize|p2|6\n|gen|9\n|tier|[Gen 9] National Dex\n|rated|\n|rule|HP Percentage Mod: HP is shown in percentages\n|rule|Endless Battle Clause: Forcing endless battles is banned\n|rule|OHKO Clause: OHKO moves are banned\n|rule|Evasion Clause: Evasion abilities, items, and moves are banned\n|rule|Evasion Abilities Clause: Evasion abilities are banned\n|rule|Evasion Items Clause: Evasion items are banned\n|rule|Evasion Moves Clause: Evasion moves are banned\n|rule|Species Clause: Limit one of each Pok\u00e9mon\n|rule|Sleep Clause Mod: Limit one foe put to sleep\n|clearpoke\n|poke|p1|Tapu Koko|\n|poke|p1|Ogerpon-Wellspring, F|\n|poke|p1|Froslass, F|\n|poke|p1|Charizard, F|\n|poke|p1|Iron Valiant|\n|poke|p1|Archeops, M|\n|poke|p2|Gliscor, M|\n|poke|p2|Cinderace, F|\n|poke|p2|Ogerpon-Wellspring, F|\n|poke|p2|Enamorus, F|\n|poke|p2|Blissey, F|\n|poke|p2|Scizor, F|\n|teampreview\n|\n|t:|1700817834\n|start\n|switch|p1a: Tapu Koko|Tapu Koko|100\/100\n|switch|p2a: Gliscor|Gliscor, M|100\/100\n|-fieldstart|move: Electric Terrain|[from] ability: Electric Surge|[of] p1a: Tapu Koko\n|turn|1\n|\n|t:|1700817854\n|move|p1a: Tapu Koko|Hidden Power|p2a: Gliscor\n|-supereffective|p2a: Gliscor\n|-damage|p2a: Gliscor|0 fnt\n|faint|p2a: Gliscor\n|\n|upkeep\n|inactive|Battle timer is ON: inactive players will automatically lose when time's up. (requested by ZachPlay)\n|\n|t:|1700817866\n|switch|p2a: Blissey|Blissey, F|100\/100\n|turn|2\n|\n|t:|1700817872\n|switch|p1a: Froslass|Froslass, F|100\/100\n|move|p2a: Blissey|Stealth Rock|p1a: Froslass\n|-sidestart|p1: ZachPlay|move: Stealth Rock\n|\n|upkeep\n|turn|3\n|\n|t:|1700817878\n|move|p1a: Froslass|Taunt|p2a: Blissey\n|-start|p2a: Blissey|move: Taunt\n|cant|p2a: Blissey|move: Taunt|Thunder Wave\n|\n|upkeep\n|turn|4\n|\n|t:|1700817887\n|switch|p2a: Scizor|Scizor, F|100\/100\n|move|p1a: Froslass|Spikes|p2a: Scizor\n|-sidestart|p2: leboog|Spikes\n|\n|upkeep\n|turn|5\n|\n|t:|1700817898\n|detailschange|p2a: Scizor|Scizor-Mega, F\n|-mega|p2a: Scizor|Scizor|Scizorite\n|move|p2a: Scizor|Bullet Punch|p1a: Froslass\n|-supereffective|p1a: Froslass\n|-enditem|p1a: Froslass|Focus Sash\n|-damage|p1a: Froslass|1\/100\n|move|p1a: Froslass|Spikes|p2a: Scizor\n|-sidestart|p2: leboog|Spikes\n|\n|-fieldend|move: Electric Terrain\n|upkeep\n|turn|6\n|\n|t:|1700817905\n|move|p2a: Scizor|Bullet Punch|p1a: Froslass\n|-supereffective|p1a: Froslass\n|-damage|p1a: Froslass|0 fnt\n|faint|p1a: Froslass\n|\n|upkeep\n|\n|t:|1700817907\n|switch|p1a: Charizard|Charizard, F|100\/100\n|-damage|p1a: Charizard|51\/100|[from] Stealth Rock\n|turn|7\n|\n|t:|1700817919\n|detailschange|p1a: Charizard|Charizard-Mega-X, F\n|-mega|p1a: Charizard|Charizard|Charizardite X\n|move|p1a: Charizard|Flare Blitz|p2a: Scizor\n|-supereffective|p2a: Scizor\n|-crit|p2a: Scizor\n|-damage|p2a: Scizor|0 fnt\n|faint|p2a: Scizor\n|-damage|p1a: Charizard|13\/100|[from] Recoil\n|\n|upkeep\n|\n|t:|1700817927\n|switch|p2a: Enamorus|Enamorus, F|100\/100\n|turn|8\n|\n|t:|1700817932\n|move|p2a: Enamorus|Dazzling Gleam|p1a: Charizard\n|-damage|p1a: Charizard|0 fnt\n|faint|p1a: Charizard\n|\n|upkeep\n|\n|t:|1700817935\n|switch|p1a: Tapu Koko|Tapu Koko|100\/100\n|-damage|p1a: Tapu Koko|88\/100|[from] Stealth Rock\n|-fieldstart|move: Electric Terrain|[from] ability: Electric Surge|[of] p1a: Tapu Koko\n|turn|9\n|\n|t:|1700817942\n|switch|p2a: Blissey|Blissey, F|100\/100\n|move|p1a: Tapu Koko|Volt Switch|p2a: Blissey\n|-damage|p2a: Blissey|83\/100\n|\n|t:|1700817948\n|switch|p1a: Ogerpon|Ogerpon-Wellspring, F|100\/100|[from] Volt Switch\n|-damage|p1a: Ogerpon|88\/100|[from] Stealth Rock\n|\n|upkeep\n|turn|10\n|\n|t:|1700817958\n|move|p1a: Ogerpon|Ivy Cudgel|p2a: Blissey|[anim] Ivy Cudgel Water\n|-damage|p2a: Blissey|24\/100\n|move|p2a: Blissey|Thunder Wave|p1a: Ogerpon\n|-status|p1a: Ogerpon|par\n|\n|upkeep\n|turn|11\n|\n|t:|1700817971\n|switch|p2a: Ogerpon|Ogerpon-Wellspring, F|100\/100\n|-damage|p2a: Ogerpon|84\/100|[from] Spikes\n|move|p1a: Ogerpon|Ivy Cudgel|p2a: Ogerpon|[anim] Ivy Cudgel Water\n|-heal|p2a: Ogerpon|100\/100|[from] ability: Water Absorb|[of] p1a: Ogerpon\n|\n|upkeep\n|turn|12\n|\n|t:|1700817982\n|move|p2a: Ogerpon|Power Whip|p1a: Ogerpon\n|-damage|p1a: Ogerpon|0 fnt\n|faint|p1a: Ogerpon\n|\n|upkeep\n|\n|t:|1700817993\n|switch|p1a: Tapu Koko|Tapu Koko|88\/100\n|-damage|p1a: Tapu Koko|76\/100|[from] Stealth Rock\n|turn|13\n|\n|t:|1700818005\n|-terastallize|p1a: Tapu Koko|Electric\n|move|p1a: Tapu Koko|Volt Switch|p2a: Ogerpon\n|-damage|p2a: Ogerpon|5\/100\n|\n|t:|1700818009\n|switch|p1a: Archeops|Archeops, M|100\/100|[from] Volt Switch\n|-damage|p1a: Archeops|76\/100|[from] Stealth Rock\n|move|p2a: Ogerpon|Power Whip|p1a: Archeops\n|-damage|p1a: Archeops|0 fnt\n|faint|p1a: Archeops\n|\n|-fieldend|move: Electric Terrain\n|upkeep\n|\n|t:|1700818018\n|switch|p1a: Tapu Koko|Tapu Koko, tera:Electric|76\/100\n|-damage|p1a: Tapu Koko|63\/100|[from] Stealth Rock\n|-fieldstart|move: Electric Terrain|[from] ability: Electric Surge|[of] p1a: Tapu Koko\n|turn|14\n|\n|t:|1700818026\n|move|p1a: Tapu Koko|Volt Switch|p2a: Ogerpon\n|-damage|p2a: Ogerpon|0 fnt\n|faint|p2a: Ogerpon\n|\n|t:|1700818028\n|switch|p1a: Iron Valiant|Iron Valiant|100\/100|[from] Volt Switch\n|-damage|p1a: Iron Valiant|94\/100|[from] Stealth Rock\n|-activate|p1a: Iron Valiant|ability: Quark Drive\n|-start|p1a: Iron Valiant|quarkdrivespe\n|\n|upkeep\n|c|\u2606ZachPlay|Shi\n|\n|t:|1700818040\n|switch|p2a: Enamorus|Enamorus, F|100\/100\n|turn|15\n|\n|t:|1700818046\n|move|p1a: Iron Valiant|Thunderbolt|p2a: Enamorus\n|-supereffective|p2a: Enamorus\n|-damage|p2a: Enamorus|0 fnt\n|faint|p2a: Enamorus\n|\n|upkeep\n|\n|t:|1700818053\n|switch|p2a: Blissey|Blissey, F|24\/100\n|turn|16\n|\n|t:|1700818057\n|move|p1a: Iron Valiant|Close Combat|p2a: Blissey\n|-supereffective|p2a: Blissey\n|-damage|p2a: Blissey|0 fnt\n|-unboost|p1a: Iron Valiant|def|1\n|-unboost|p1a: Iron Valiant|spd|1\n|faint|p2a: Blissey\n|\n|upkeep\n|\n|t:|1700818064\n|switch|p2a: Cinderace|Cinderace, F|100\/100\n|turn|17\n|\n|t:|1700818068\n|move|p1a: Iron Valiant|Destiny Bond|p1a: Iron Valiant\n|-singlemove|p1a: Iron Valiant|Destiny Bond\n|move|p2a: Cinderace|Pyro Ball|p1a: Iron Valiant\n|-damage|p1a: Iron Valiant|0 fnt\n|faint|p1a: Iron Valiant\n|-activate|p1a: Iron Valiant|move: Destiny Bond\n|-end|p1a: Iron Valiant|Quark Drive|[silent]\n|faint|p2a: Cinderace\n|\n|win|ZachPlay\n|raw|ZachPlay's rating: 1118 &rarr; <strong>1153<\/strong><br \/>(+35 for winning)\n|raw|leboog's rating: 1257 &rarr; <strong>1222<\/strong><br \/>(-35 for losing)\n|l|\u2606leboog\n|c|\u2606ZachPlay|Gg\n","uploadtime":1700818080,"views":6,"p1id":"zachplay","p2id":"leboog","formatid":"gen9nationaldex","rating":1153,"private":0,"password":""}