{"id":"gen9nationaldex-1993448706","p1":"Wildfiree","p2":"R8","format":"[Gen 9] National Dex","log":"|j|\u2606Wildfiree\n|j|\u2606R8@!\n|t:|1700319233\n|gametype|singles\n|player|p1|Wildfiree|marnie-masters|\n|player|p2|R8|#r8|\n|teamsize|p1|6\n|teamsize|p2|6\n|gen|9\n|tier|[Gen 9] National Dex\n|rule|HP Percentage Mod: HP is shown in percentages\n|rule|Endless Battle Clause: Forcing endless battles is banned\n|rule|OHKO Clause: OHKO moves are banned\n|rule|Evasion Clause: Evasion abilities, items, and moves are banned\n|rule|Evasion Abilities Clause: Evasion abilities are banned\n|rule|Evasion Items Clause: Evasion items are banned\n|rule|Evasion Moves Clause: Evasion moves are banned\n|rule|Species Clause: Limit one of each Pok\u00e9mon\n|rule|Sleep Clause Mod: Limit one foe put to sleep\n|clearpoke\n|poke|p1|Ursaluna, M|\n|poke|p1|Diancie|\n|poke|p1|Kartana|\n|poke|p1|Alomomola, M|\n|poke|p1|Zapdos|\n|poke|p1|Aegislash, F|\n|poke|p2|Pawmot, F|\n|poke|p2|Tapu Lele|\n|poke|p2|Alomomola, F|\n|poke|p2|Tornadus-Therian, M|\n|poke|p2|Heatran, F|\n|poke|p2|Ogerpon-Wellspring, F|\n|teampreview\n|inactive|Battle timer is ON: inactive players will automatically lose when time's up. (requested by R8)\n|c|\u2606R8|gl hf\n|c|\u2606R8|oh mola luna\n|c|\u2606Wildfiree|Hf\n|c|\u2606Wildfiree|>:)\n|c|\u2606R8|evil\n|\n|t:|1700319257\n|start\n|switch|p1a: stack up a mil|Aegislash, F|100\/100\n|switch|p2a: Alomomola|Alomomola, F|100\/100\n|turn|1\n|\n|t:|1700319261\n|move|p1a: stack up a mil|Toxic|p2a: Alomomola\n|-status|p2a: Alomomola|tox\n|move|p2a: Alomomola|Knock Off|p1a: stack up a mil\n|-supereffective|p1a: stack up a mil\n|-damage|p1a: stack up a mil|73\/100\n|-enditem|p1a: stack up a mil|Leftovers|[from] move: Knock Off|[of] p2a: Alomomola\n|\n|-damage|p2a: Alomomola|94\/100 tox|[from] psn\n|upkeep\n|turn|2\n|\n|t:|1700319268\n|move|p1a: stack up a mil|King's Shield|p1a: stack up a mil\n|-singleturn|p1a: stack up a mil|Protect\n|move|p2a: Alomomola|Refresh|p2a: Alomomola\n|-curestatus|p2a: Alomomola|tox|[msg]\n|\n|upkeep\n|turn|3\n|\n|t:|1700319275\n|switch|p2a: Heatran|Heatran, F|100\/100\n|move|p1a: stack up a mil|Toxic|p2a: Heatran\n|-immune|p2a: Heatran\n|\n|upkeep\n|turn|4\n|\n|t:|1700319283\n|move|p1a: stack up a mil|King's Shield|p1a: stack up a mil\n|-singleturn|p1a: stack up a mil|Protect\n|move|p2a: Heatran|Stealth Rock|p1a: stack up a mil\n|-sidestart|p1: Wildfiree|move: Stealth Rock\n|\n|upkeep\n|turn|5\n|j|%Sulo\n|\n|t:|1700319290\n|switch|p2a: Alomomola|Alomomola, F|100\/100\n|switch|p1a: all these cups|Alomomola, M|100\/100\n|\n|upkeep\n|turn|6\n|\n|t:|1700319298\n|move|p1a: all these cups|Flip Turn|p2a: Alomomola\n|-resisted|p2a: Alomomola\n|-damage|p2a: Alomomola|95\/100\n|\n|t:|1700319303\n|switch|p1a: out in H-town|Zapdos|100\/100|[from] Flip Turn\n|move|p2a: Alomomola|Toxic|p1a: out in H-town\n|-status|p1a: out in H-town|tox\n|\n|-damage|p1a: out in H-town|94\/100 tox|[from] psn\n|upkeep\n|turn|7\n|\n|t:|1700319309\n|switch|p2a: Pawmot|Pawmot, F|100\/100\n|move|p1a: out in H-town|Defog|p2a: Pawmot\n|-unboost|p2a: Pawmot|evasion|1\n|-sideend|p1: Wildfiree|Stealth Rock|[from] move: Defog|[of] p1a: out in H-town\n|\n|-damage|p1a: out in H-town|82\/100 tox|[from] psn\n|upkeep\n|turn|8\n|\n|t:|1700319319\n|-terastallize|p2a: Pawmot|Electric\n|move|p2a: Pawmot|Substitute|p2a: Pawmot\n|-start|p2a: Pawmot|Substitute\n|-damage|p2a: Pawmot|76\/100\n|move|p1a: out in H-town|Hurricane|p2a: Pawmot\n|-resisted|p2a: Pawmot\n|-end|p2a: Pawmot|Substitute\n|\n|-heal|p2a: Pawmot|82\/100|[from] item: Leftovers\n|-damage|p1a: out in H-town|64\/100 tox|[from] psn\n|upkeep\n|turn|9\n|j| Ineros\n|j| hidin\n|c|%Sulo|lol\n|\n|t:|1700319329\n|switch|p1a: bandana|Ursaluna, M|100\/100\n|move|p2a: Pawmot|Substitute|p2a: Pawmot\n|-start|p2a: Pawmot|Substitute\n|-damage|p2a: Pawmot|57\/100\n|\n|-heal|p2a: Pawmot|63\/100|[from] item: Leftovers\n|-status|p1a: bandana|brn|[from] item: Flame Orb\n|upkeep\n|turn|10\n|c| hidin|what the mot\n|\n|t:|1700319338\n|move|p2a: Pawmot|Close Combat|p1a: bandana\n|-supereffective|p1a: bandana\n|-damage|p1a: bandana|16\/100 brn\n|-unboost|p2a: Pawmot|def|1\n|-unboost|p2a: Pawmot|spd|1\n|move|p1a: bandana|Drain Punch|p2a: Pawmot\n|-end|p2a: Pawmot|Substitute\n|-heal|p1a: bandana|24\/100 brn|[from] drain|[of] p2a: Pawmot\n|\n|-heal|p2a: Pawmot|69\/100|[from] item: Leftovers\n|-damage|p1a: bandana|18\/100 brn|[from] brn\n|upkeep\n|turn|11\n|c|%Sulo|right my words exactly\n|\n|t:|1700319345\n|switch|p1a: stack up a mil|Aegislash, F|73\/100\n|move|p2a: Pawmot|Close Combat|p1a: stack up a mil\n|-immune|p1a: stack up a mil\n|\n|-heal|p2a: Pawmot|75\/100|[from] item: Leftovers\n|upkeep\n|turn|12\n|\n|t:|1700319351\n|switch|p2a: Alomomola|Alomomola, F|100\/100\n|-formechange|p1a: stack up a mil|Aegislash-Blade||[from] ability: Stance Change\n|move|p1a: stack up a mil|Close Combat|p2a: Alomomola\n|-damage|p2a: Alomomola|76\/100\n|-unboost|p1a: stack up a mil|def|1\n|-unboost|p1a: stack up a mil|spd|1\n|\n|upkeep\n|turn|13\n|\n|t:|1700319358\n|switch|p1a: all these cups|Alomomola, M|100\/100\n|move|p2a: Alomomola|Flip Turn|p1a: all these cups\n|-resisted|p1a: all these cups\n|-damage|p1a: all these cups|95\/100\n|\n|t:|1700319361\n|switch|p2a: Pawmot|Pawmot, F, tera:Electric|75\/100|[from] Flip Turn\n|\n|-heal|p2a: Pawmot|81\/100|[from] item: Leftovers\n|upkeep\n|turn|14\n|l| Ineros\n|\n|t:|1700319390\n|switch|p2a: Alomomola|Alomomola, F|100\/100\n|-terastallize|p1a: all these cups|Poison\n|move|p1a: all these cups|Flip Turn|p2a: Alomomola\n|-resisted|p2a: Alomomola\n|-damage|p2a: Alomomola|95\/100\n|\n|t:|1700319396\n|switch|p1a: tens out|Kartana|100\/100|[from] Flip Turn\n|\n|upkeep\n|turn|15\n|\n|t:|1700319402\n|switch|p1a: all these cups|Alomomola, M, tera:Poison|100\/100\n|switch|p2a: Tornadus|Tornadus-Therian, M|100\/100\n|\n|upkeep\n|turn|16\n|\n|t:|1700319409\n|switch|p2a: Ogerpon|Ogerpon-Wellspring, F|100\/100\n|move|p1a: all these cups|Wish|p1a: all these cups\n|\n|upkeep\n|turn|17\n|j| Ineros\n|\n|t:|1700319417\n|move|p2a: Ogerpon|Swords Dance|p2a: Ogerpon\n|-boost|p2a: Ogerpon|atk|2\n|move|p1a: all these cups|Toxic|p2a: Ogerpon\n|-status|p2a: Ogerpon|tox\n|\n|-damage|p2a: Ogerpon|95\/100 tox|[from] psn\n|upkeep\n|turn|18\n|\n|t:|1700319424\n|move|p2a: Ogerpon|Ivy Cudgel|p1a: all these cups|[anim] Ivy Cudgel Water\n|-damage|p1a: all these cups|28\/100\n|move|p1a: all these cups|Wish|p1a: all these cups\n|\n|-damage|p2a: Ogerpon|83\/100 tox|[from] psn\n|upkeep\n|turn|19\n|\n|t:|1700319432\n|switch|p1a: tens out|Kartana|100\/100\n|move|p2a: Ogerpon|Ivy Cudgel|p1a: tens out|[anim] Ivy Cudgel Water\n|-resisted|p1a: tens out\n|-damage|p1a: tens out|44\/100\n|\n|-heal|p1a: tens out|100\/100|[from] move: Wish|[wisher] all these cups\n|-damage|p2a: Ogerpon|65\/100 tox|[from] psn\n|upkeep\n|turn|20\n|c| Ineros|Tera poison is actually kinda genius\n|\n|t:|1700319444\n|switch|p2a: Tornadus|Tornadus-Therian, M|100\/100\n|move|p1a: tens out|Sacred Sword|p2a: Tornadus\n|-resisted|p2a: Tornadus\n|-damage|p2a: Tornadus|80\/100\n|\n|upkeep\n|turn|21\n|\n|t:|1700319450\n|switch|p1a: rolls and a royce|Diancie|100\/100\n|move|p2a: Tornadus|Hurricane|p1a: rolls and a royce\n|-resisted|p1a: rolls and a royce\n|-damage|p1a: rolls and a royce|81\/100\n|\n|upkeep\n|turn|22\n|c|%Sulo|dragon >\n|\n|t:|1700319453\n|switch|p2a: Alomomola|Alomomola, F|100\/100\n|detailschange|p1a: rolls and a royce|Diancie-Mega\n|-mega|p1a: rolls and a royce|Diancie|Diancite\n|move|p1a: rolls and a royce|Stealth Rock|p2a: Alomomola\n|-sidestart|p2: R8|move: Stealth Rock\n|\n|upkeep\n|turn|23\n|\n|t:|1700319458\n|switch|p1a: all these cups|Alomomola, M, tera:Poison|61\/100\n|move|p2a: Alomomola|Flip Turn|p1a: all these cups\n|-damage|p1a: all these cups|51\/100\n|c|\u2606R8|toxic immune is cool\n|c|%Sulo|that is indeed cool\n|c| hidin|i built that team and yeah\n|c| Ineros|And you can\u2019t miss toxic\n|c| hidin|idt you need dragon here\n|inactive|R8 has 270 seconds left.\n|\n|t:|1700319495\n|switch|p2a: Pawmot|Pawmot, F, tera:Electric|81\/100|[from] Flip Turn\n|-damage|p2a: Pawmot|68\/100|[from] Stealth Rock\n|\n|-heal|p2a: Pawmot|75\/100|[from] item: Leftovers\n|upkeep\n|turn|24\n|c|%Sulo|well it was more of an in general thing\n|c| hidin|stick with poison for the emergency val check too\n|\n|t:|1700319506\n|move|p2a: Pawmot|Double Shock|p1a: all these cups\n|-crit|p1a: all these cups\n|-damage|p1a: all these cups|0 fnt\n|-start|p2a: Pawmot|typechange|Electric|[from] move: Double Shock\n|faint|p1a: all these cups\n|\n|-heal|p2a: Pawmot|81\/100|[from] item: Leftovers\n|upkeep\n|c|%Sulo|but ya\n|c|\u2606R8|oops\n|\n|t:|1700319511\n|switch|p1a: stack up a mil|Aegislash, F|73\/100\n|turn|25\n|c|\u2606R8|idk if that crit mattered tbh\n|\n|t:|1700319521\n|switch|p2a: Alomomola|Alomomola, F|100\/100\n|switch|p1a: out in H-town|Zapdos|64\/100 tox\n|\n|-damage|p1a: out in H-town|58\/100 tox|[from] psn\n|upkeep\n|turn|26\n|l| hidin\n|c| Ineros|Bye bye Ursa recovery\n|c|\u2606R8|252 Atk Tera Electric Pawmot Double Shock vs. 0 HP \/ 252+ Def Tera Fairy Alomomola: 200-236 (42.4 - 50.1%) -- 0.4% chance to 2HKO\n|c|\u2606R8|it did my bad\n|inactive|R8 has 270 seconds left.\n|\n|t:|1700319548\n|move|p1a: out in H-town|Hurricane|p2a: Alomomola\n|-damage|p2a: Alomomola|60\/100\n|-start|p2a: Alomomola|confusion\n|-activate|p2a: Alomomola|confusion\n|move|p2a: Alomomola|Flip Turn|p1a: out in H-town\n|-damage|p1a: out in H-town|47\/100 tox\n|\n|t:|1700319551\n|switch|p2a: Pawmot|Pawmot, F, tera:Electric|81\/100|[from] Flip Turn\n|-damage|p2a: Pawmot|68\/100|[from] Stealth Rock\n|\n|-heal|p2a: Pawmot|74\/100|[from] item: Leftovers\n|-damage|p1a: out in H-town|35\/100 tox|[from] psn\n|upkeep\n|turn|27\n|c|\u2606Wildfiree|Fuck\n|\n|t:|1700319559\n|switch|p1a: bandana|Ursaluna, M|18\/100 brn\n|move|p2a: Pawmot|Double Shock|p1a: bandana\n|-immune|p1a: bandana\n|\n|-heal|p2a: Pawmot|80\/100|[from] item: Leftovers\n|-damage|p1a: bandana|12\/100 brn|[from] brn\n|upkeep\n|turn|28\n|\n|t:|1700319566\n|switch|p1a: stack up a mil|Aegislash, F|73\/100\n|move|p2a: Pawmot|Ice Punch|p1a: stack up a mil\n|-resisted|p1a: stack up a mil\n|-damage|p1a: stack up a mil|63\/100\n|\n|-heal|p2a: Pawmot|86\/100|[from] item: Leftovers\n|upkeep\n|turn|29\n|j| Allahsmh\n|\n|t:|1700319574\n|switch|p2a: Alomomola|Alomomola, F|94\/100\n|-formechange|p1a: stack up a mil|Aegislash-Blade||[from] ability: Stance Change\n|move|p1a: stack up a mil|Shadow Ball|p2a: Alomomola\n|-damage|p2a: Alomomola|59\/100\n|-unboost|p2a: Alomomola|spd|1\n|\n|upkeep\n|turn|30\n|\n|t:|1700319579\n|move|p1a: stack up a mil|Close Combat|p2a: Alomomola\n|-damage|p2a: Alomomola|35\/100\n|-unboost|p1a: stack up a mil|def|1\n|-unboost|p1a: stack up a mil|spd|1\n|move|p2a: Alomomola|Flip Turn|p1a: stack up a mil\n|-damage|p1a: stack up a mil|14\/100\n|\n|t:|1700319582\n|switch|p2a: Pawmot|Pawmot, F, tera:Electric|86\/100|[from] Flip Turn\n|-damage|p2a: Pawmot|74\/100|[from] Stealth Rock\n|\n|-heal|p2a: Pawmot|80\/100|[from] item: Leftovers\n|upkeep\n|turn|31\n|\n|t:|1700319588\n|-formechange|p1a: stack up a mil|Aegislash||[from] ability: Stance Change\n|move|p1a: stack up a mil|King's Shield|p1a: stack up a mil\n|-singleturn|p1a: stack up a mil|Protect\n|move|p2a: Pawmot|Substitute|p2a: Pawmot\n|-start|p2a: Pawmot|Substitute\n|-damage|p2a: Pawmot|55\/100\n|\n|-heal|p2a: Pawmot|61\/100|[from] item: Leftovers\n|upkeep\n|turn|32\n|\n|t:|1700319595\n|move|p2a: Pawmot|Double Shock|p1a: stack up a mil\n|-damage|p1a: stack up a mil|0 fnt\n|-start|p2a: Pawmot|typechange|Electric|[from] move: Double Shock\n|faint|p1a: stack up a mil\n|\n|-heal|p2a: Pawmot|67\/100|[from] item: Leftovers\n|upkeep\n|\n|t:|1700319600\n|switch|p1a: rolls and a royce|Diancie-Mega|81\/100\n|turn|33\n|\n|t:|1700319603\n|move|p1a: rolls and a royce|Earth Power|p2a: Pawmot\n|-supereffective|p2a: Pawmot\n|-end|p2a: Pawmot|Substitute\n|move|p2a: Pawmot|Double Shock|p1a: rolls and a royce\n|-damage|p1a: rolls and a royce|0 fnt\n|-start|p2a: Pawmot|typechange|Electric|[from] move: Double Shock\n|faint|p1a: rolls and a royce\n|\n|-heal|p2a: Pawmot|73\/100|[from] item: Leftovers\n|upkeep\n|\n|t:|1700319609\n|switch|p1a: tens out|Kartana|100\/100\n|turn|34\n|\n|t:|1700319613\n|switch|p2a: Tornadus|Tornadus-Therian, M|100\/100\n|move|p1a: tens out|Knock Off|p2a: Tornadus\n|-damage|p2a: Tornadus|50\/100\n|-enditem|p2a: Tornadus|Heavy-Duty Boots|[from] move: Knock Off|[of] p1a: tens out\n|\n|upkeep\n|turn|35\n|\n|t:|1700319617\n|switch|p1a: out in H-town|Zapdos|35\/100 tox\n|move|p2a: Tornadus|Defog|p1a: out in H-town\n|-unboost|p1a: out in H-town|evasion|1\n|-sideend|p2: R8|Stealth Rock|[from] move: Defog|[of] p2a: Tornadus\n|\n|-damage|p1a: out in H-town|29\/100 tox|[from] psn\n|upkeep\n|turn|36\n|\n|t:|1700319621\n|switch|p2a: Pawmot|Pawmot, F, tera:Electric|73\/100\n|move|p1a: out in H-town|Roost|p1a: out in H-town\n|-heal|p1a: out in H-town|79\/100 tox\n|-singleturn|p1a: out in H-town|move: Roost\n|\n|-heal|p2a: Pawmot|79\/100|[from] item: Leftovers\n|-damage|p1a: out in H-town|67\/100 tox|[from] psn\n|upkeep\n|turn|37\n|\n|t:|1700319626\n|move|p2a: Pawmot|Double Shock|p1a: out in H-town\n|-damage|p1a: out in H-town|8\/100 tox\n|-start|p2a: Pawmot|typechange|Electric|[from] move: Double Shock\n|move|p1a: out in H-town|Hurricane|p2a: Pawmot\n|-resisted|p2a: Pawmot\n|-crit|p2a: Pawmot\n|-damage|p2a: Pawmot|13\/100\n|-start|p2a: Pawmot|confusion\n|\n|-heal|p2a: Pawmot|19\/100|[from] item: Leftovers\n|-damage|p1a: out in H-town|0 fnt|[from] psn\n|faint|p1a: out in H-town\n|upkeep\n|\n|t:|1700319629\n|switch|p1a: tens out|Kartana|100\/100\n|turn|38\n|\n|t:|1700319635\n|switch|p2a: Tornadus|Tornadus-Therian, M|83\/100\n|move|p1a: tens out|Leaf Blade|p2a: Tornadus\n|-resisted|p2a: Tornadus\n|-damage|p2a: Tornadus|51\/100\n|\n|upkeep\n|turn|39\n|\n|t:|1700319638\n|switch|p1a: bandana|Ursaluna, M|12\/100 brn\n|move|p2a: Tornadus|Hurricane|p1a: bandana|[miss]\n|-miss|p2a: Tornadus|p1a: bandana\n|\n|-damage|p1a: bandana|6\/100 brn|[from] brn\n|upkeep\n|turn|40\n|\n|t:|1700319643\n|move|p2a: Tornadus|Knock Off|p1a: bandana\n|-damage|p1a: bandana|0 fnt\n|-enditem|p1a: bandana|Flame Orb|[from] move: Knock Off|[of] p2a: Tornadus\n|faint|p1a: bandana\n|\n|upkeep\n|c|\u2606Wildfiree|Ok gg\n|l|%Sulo\n|c|\u2606R8|gg\n|c|\u2606Wildfiree|rip\n|-message|Wildfiree forfeited.\n|\n|win|R8\n|c|\u2606R8|an other pawmot win\n|c|\u2606R8|woo\n|l|\u2606Wildfiree\n|l| Allahsmh\n|c|\u2606R8|it got a crit though unfort\n|l| Ineros\n","uploadtime":1700319689,"views":30,"p1id":"wildfiree","p2id":"r8","formatid":"gen9nationaldex","rating":0,"private":0,"password":""}