{"id":"gen9nationaldex-1989232154","p1":"Ferexcalibur","p2":"Jose307505","format":"[Gen 9] National Dex","log":"|j|\u2606Ferexcalibur\n|j|\u2606Jose307505\n|t:|1699826070\n|gametype|singles\n|player|p1|Ferexcalibur|169|\n|player|p2|Jose307505|volo|\n|teamsize|p1|6\n|teamsize|p2|6\n|gen|9\n|tier|[Gen 9] National Dex\n|rule|HP Percentage Mod: HP is shown in percentages\n|rule|Endless Battle Clause: Forcing endless battles is banned\n|rule|OHKO Clause: OHKO moves are banned\n|rule|Evasion Clause: Evasion abilities, items, and moves are banned\n|rule|Evasion Abilities Clause: Evasion abilities are banned\n|rule|Evasion Items Clause: Evasion items are banned\n|rule|Evasion Moves Clause: Evasion moves are banned\n|rule|Species Clause: Limit one of each Pok\u00e9mon\n|rule|Sleep Clause Mod: Limit one foe put to sleep\n|clearpoke\n|poke|p1|Swampert, M|\n|poke|p1|Kartana|\n|poke|p1|Dragonite, M|\n|poke|p1|Pelipper, F|\n|poke|p1|Toxapex, M|\n|poke|p1|Nidoking, M|\n|poke|p2|Clefable, M|\n|poke|p2|Tapu Koko|\n|poke|p2|Hawlucha, M|\n|poke|p2|Scizor, F|\n|poke|p2|Slurpuff, M|\n|poke|p2|Aegislash, F|\n|teampreview\n|inactive|Battle timer is ON: inactive players will automatically lose when time's up. (requested by Jose307505)\n|\n|t:|1699826087\n|start\n|switch|p1a: Kartana|Kartana|100\/100\n|switch|p2a: D\u00e9dalo|Scizor, F, shiny|100\/100\n|turn|1\n|\n|t:|1699826103\n|detailschange|p2a: D\u00e9dalo|Scizor-Mega, F, shiny\n|-mega|p2a: D\u00e9dalo|Scizor|Scizorite\n|move|p1a: Kartana|Sacred Sword|p2a: D\u00e9dalo\n|-damage|p2a: D\u00e9dalo|49\/100\n|move|p2a: D\u00e9dalo|Swords Dance|p2a: D\u00e9dalo\n|-boost|p2a: D\u00e9dalo|atk|2\n|\n|upkeep\n|turn|2\n|inactive|Ferexcalibur has 270 seconds left.\n|\n|t:|1699826129\n|move|p2a: D\u00e9dalo|Bullet Punch|p1a: Kartana\n|-resisted|p1a: Kartana\n|-damage|p1a: Kartana|61\/100\n|move|p1a: Kartana|Sacred Sword|p2a: D\u00e9dalo\n|-damage|p2a: D\u00e9dalo|0 fnt\n|faint|p2a: D\u00e9dalo\n|-ability|p1a: Kartana|Beast Boost|boost\n|-boost|p1a: Kartana|atk|1\n|\n|upkeep\n|\n|t:|1699826137\n|switch|p2a: Jack|Aegislash, F, shiny|100\/100\n|turn|3\n|inactive|Ferexcalibur has 270 seconds left.\n|\n|t:|1699826162\n|switch|p1a: Nidoking|Nidoking, M|100\/100\n|move|p2a: Jack|King's Shield||[still]\n|-fail|p2a: Jack\n|\n|upkeep\n|turn|4\n|inactive|Ferexcalibur has 270 seconds left.\n|\n|t:|1699826171\n|move|p2a: Jack|King's Shield|p2a: Jack\n|-singleturn|p2a: Jack|Protect\n|move|p1a: Nidoking|Flamethrower|p2a: Jack\n|-activate|p2a: Jack|move: Protect\n|\n|upkeep\n|turn|5\n|\n|t:|1699826185\n|switch|p2a: Zeus|Tapu Koko, shiny|100\/100\n|-fieldstart|move: Electric Terrain|[from] ability: Electric Surge|[of] p2a: Zeus\n|move|p1a: Nidoking|Flamethrower|p2a: Zeus\n|-damage|p2a: Zeus|55\/100\n|\n|-heal|p2a: Zeus|61\/100|[from] item: Leftovers\n|upkeep\n|turn|6\n|\n|t:|1699826196\n|switch|p1a: Kartana|Kartana|61\/100\n|move|p2a: Zeus|Hidden Power|p1a: Kartana\n|-damage|p1a: Kartana|6\/100\n|\n|-heal|p2a: Zeus|67\/100|[from] item: Leftovers\n|upkeep\n|turn|7\n|inactive|Ferexcalibur has 270 seconds left.\n|\n|t:|1699826240\n|switch|p1a: Pelipper|Pelipper, F|100\/100\n|-weather|RainDance|[from] ability: Drizzle|[of] p1a: Pelipper\n|move|p2a: Zeus|U-turn|p1a: Pelipper\n|-resisted|p1a: Pelipper\n|-damage|p1a: Pelipper|90\/100\n|\n|t:|1699826257\n|switch|p2a: Heracles|Hawlucha, M, shiny|100\/100|[from] U-turn\n|-enditem|p2a: Heracles|Electric Seed\n|-boost|p2a: Heracles|def|1|[from] item: Electric Seed\n|\n|-weather|RainDance|[upkeep]\n|upkeep\n|turn|8\n|inactive|Ferexcalibur has 240 seconds left.\n|\n|t:|1699826281\n|-terastallize|p2a: Heracles|Steel\n|move|p2a: Heracles|Swords Dance|p2a: Heracles\n|-boost|p2a: Heracles|atk|2\n|move|p1a: Pelipper|Tailwind|p1a: Pelipper\n|-sidestart|p1: Ferexcalibur|move: Tailwind\n|\n|-weather|RainDance|[upkeep]\n|upkeep\n|turn|9\n|inactive|Ferexcalibur has 240 seconds left.\n|\n|t:|1699826302\n|move|p2a: Heracles|Acrobatics|p1a: Pelipper\n|-damage|p1a: Pelipper|0 fnt\n|faint|p1a: Pelipper\n|\n|-weather|RainDance|[upkeep]\n|-fieldend|move: Electric Terrain\n|upkeep\n|\n|t:|1699826309\n|switch|p1a: Swampert|Swampert, M|100\/100\n|turn|10\n|\n|t:|1699826315\n|detailschange|p1a: Swampert|Swampert-Mega, M\n|-mega|p1a: Swampert|Swampert|Swampertite\n|move|p1a: Swampert|Earthquake|p2a: Heracles\n|-supereffective|p2a: Heracles\n|-damage|p2a: Heracles|0 fnt\n|faint|p2a: Heracles\n|\n|-weather|RainDance|[upkeep]\n|upkeep\n|\n|t:|1699826323\n|switch|p2a: Jack|Aegislash, F, shiny|100\/100\n|turn|11\n|inactive|Ferexcalibur has 240 seconds left.\n|\n|t:|1699826346\n|move|p2a: Jack|King's Shield|p2a: Jack\n|-singleturn|p2a: Jack|Protect\n|move|p1a: Swampert|Earthquake|p2a: Jack\n|-activate|p2a: Jack|move: Protect\n|\n|-weather|RainDance|[upkeep]\n|-sideend|p1: Ferexcalibur|move: Tailwind\n|upkeep\n|turn|12\n|\n|t:|1699826356\n|move|p1a: Swampert|Earthquake|p2a: Jack\n|-supereffective|p2a: Jack\n|-damage|p2a: Jack|17\/100\n|-enditem|p2a: Jack|Weakness Policy\n|-boost|p2a: Jack|atk|2|[from] item: Weakness Policy\n|-boost|p2a: Jack|spa|2|[from] item: Weakness Policy\n|-formechange|p2a: Jack|Aegislash-Blade||[from] ability: Stance Change\n|move|p2a: Jack|Iron Head|p1a: Swampert\n|-resisted|p1a: Swampert\n|-damage|p1a: Swampert|54\/100\n|\n|-weather|RainDance|[upkeep]\n|upkeep\n|turn|13\n|\n|t:|1699826370\n|-formechange|p2a: Jack|Aegislash||[from] ability: Stance Change\n|move|p2a: Jack|King's Shield|p2a: Jack\n|-singleturn|p2a: Jack|Protect\n|move|p1a: Swampert|Flip Turn|p2a: Jack\n|-activate|p2a: Jack|move: Protect\n|-unboost|p1a: Swampert|atk|1\n|\n|-weather|RainDance|[upkeep]\n|upkeep\n|turn|14\n|\n|t:|1699826382\n|-formechange|p2a: Jack|Aegislash-Blade||[from] ability: Stance Change\n|move|p2a: Jack|Shadow Sneak|p1a: Swampert\n|-damage|p1a: Swampert|7\/100\n|move|p1a: Swampert|Earthquake|p2a: Jack\n|-supereffective|p2a: Jack\n|-damage|p2a: Jack|0 fnt\n|faint|p2a: Jack\n|\n|-weather|none\n|upkeep\n|\n|t:|1699826386\n|switch|p2a: Hestia|Slurpuff, M, shiny|100\/100\n|turn|15\n|inactive|Ferexcalibur has 240 seconds left.\n|\n|t:|1699826397\n|move|p2a: Hestia|Belly Drum|p2a: Hestia\n|-damage|p2a: Hestia|50\/100\n|-setboost|p2a: Hestia|atk|6|[from] move: Belly Drum\n|-enditem|p2a: Hestia|Sitrus Berry|[eat]\n|-heal|p2a: Hestia|75\/100|[from] item: Sitrus Berry\n|move|p1a: Swampert|Flip Turn|p2a: Hestia\n|-damage|p2a: Hestia|48\/100\n|inactive|Ferexcalibur has 210 seconds left.\n|\n|t:|1699826430\n|switch|p1a: Nidoking|Nidoking, M|100\/100|[from] Flip Turn\n|\n|upkeep\n|turn|16\n|\n|t:|1699826438\n|move|p2a: Hestia|Drain Punch|p1a: Nidoking\n|-resisted|p1a: Nidoking\n|-damage|p1a: Nidoking|48\/100\n|-heal|p2a: Hestia|73\/100|[from] drain|[of] p1a: Nidoking\n|move|p1a: Nidoking|Sludge Bomb|p2a: Hestia\n|-supereffective|p2a: Hestia\n|-damage|p2a: Hestia|0 fnt\n|faint|p2a: Hestia\n|\n|upkeep\n|\n|t:|1699826445\n|switch|p2a: Clefable|Clefable, M, shiny|100\/100\n|turn|17\n|\n|t:|1699826453\n|move|p1a: Nidoking|Sludge Bomb|p2a: Clefable\n|-supereffective|p2a: Clefable\n|-damage|p2a: Clefable|18\/100\n|move|p2a: Clefable|Cosmic Power|p2a: Clefable\n|-boost|p2a: Clefable|def|1\n|-boost|p2a: Clefable|spd|1\n|\n|-heal|p2a: Clefable|24\/100|[from] item: Leftovers\n|upkeep\n|turn|18\n|\n|t:|1699826466\n|move|p1a: Nidoking|Sludge Bomb|p2a: Clefable\n|-supereffective|p2a: Clefable\n|-damage|p2a: Clefable|0 fnt\n|faint|p2a: Clefable\n|\n|upkeep\n|\n|t:|1699826469\n|switch|p2a: Zeus|Tapu Koko, shiny|67\/100\n|-fieldstart|move: Electric Terrain|[from] ability: Electric Surge|[of] p2a: Zeus\n|turn|19\n|\n|t:|1699826474\n|move|p1a: Nidoking|Sludge Bomb|p2a: Zeus\n|-supereffective|p2a: Zeus\n|-damage|p2a: Zeus|0 fnt\n|faint|p2a: Zeus\n|\n|win|Ferexcalibur\n|l|\u2606Jose307505\n|c|\u2606Ferexcalibur|gg\n","uploadtime":1699826482,"views":20,"p1id":"ferexcalibur","p2id":"jose307505","formatid":"gen9nationaldex","rating":0,"private":0,"password":""}