{"id":"gen9nationaldex-1992495687","p1":"DrippinSauce","p2":"Lu Lu Zhu","format":"[Gen 9] National Dex","log":"|j|\u2606DrippinSauce\n|j|\u2606Lu Lu Zhu\n|t:|1700194948\n|gametype|singles\n|player|p1|DrippinSauce|cynthia-masters|1603\n|player|p2|Lu Lu Zhu|elesa|1689\n|teamsize|p1|6\n|teamsize|p2|6\n|gen|9\n|tier|[Gen 9] National Dex\n|rated|\n|rule|HP Percentage Mod: HP is shown in percentages\n|rule|Endless Battle Clause: Forcing endless battles is banned\n|rule|OHKO Clause: OHKO moves are banned\n|rule|Evasion Clause: Evasion abilities, items, and moves are banned\n|rule|Evasion Abilities Clause: Evasion abilities are banned\n|rule|Evasion Items Clause: Evasion items are banned\n|rule|Evasion Moves Clause: Evasion moves are banned\n|rule|Species Clause: Limit one of each Pok\u00e9mon\n|rule|Sleep Clause Mod: Limit one foe put to sleep\n|clearpoke\n|poke|p1|Heatran, M|\n|poke|p1|Great Tusk|\n|poke|p1|Ninetales-Alola, F|\n|poke|p1|Kommo-o, M|\n|poke|p1|Ursaluna, F|\n|poke|p1|Latias, F|\n|poke|p2|Scizor, M|\n|poke|p2|Iron Valiant|\n|poke|p2|Sneasler, F|\n|poke|p2|Ceruledge, F|\n|poke|p2|Gliscor, M|\n|poke|p2|Tapu Koko|\n|teampreview\n|inactive|Battle timer is ON: inactive players will automatically lose when time's up. (requested by DrippinSauce)\n|\n|t:|1700194968\n|start\n|switch|p1a: Molten|Heatran, M, shiny|100\/100\n|switch|p2a: Scizor|Scizor, M|100\/100\n|turn|1\n|\n|t:|1700194973\n|switch|p2a: Ceruledge|Ceruledge, F|100\/100\n|move|p1a: Molten|Will-O-Wisp|p2a: Ceruledge\n|-start|p2a: Ceruledge|ability: Flash Fire\n|\n|upkeep\n|turn|2\n|\n|t:|1700194980\n|move|p2a: Ceruledge|Bulk Up|p2a: Ceruledge\n|-boost|p2a: Ceruledge|atk|1\n|-boost|p2a: Ceruledge|def|1\n|move|p1a: Molten|Toxic|p2a: Ceruledge\n|-status|p2a: Ceruledge|tox\n|\n|-damage|p2a: Ceruledge|94\/100 tox|[from] psn\n|upkeep\n|turn|3\n|\n|t:|1700194989\n|switch|p1a: Tuskin|Great Tusk|100\/100\n|move|p2a: Ceruledge|Bulk Up|p2a: Ceruledge\n|-boost|p2a: Ceruledge|atk|1\n|-boost|p2a: Ceruledge|def|1\n|\n|-damage|p2a: Ceruledge|82\/100 tox|[from] psn\n|upkeep\n|turn|4\n|\n|t:|1700194995\n|move|p1a: Tuskin|Knock Off|p2a: Ceruledge\n|-supereffective|p2a: Ceruledge\n|-damage|p2a: Ceruledge|47\/100 tox\n|-enditem|p2a: Ceruledge|Heavy-Duty Boots|[from] move: Knock Off|[of] p1a: Tuskin\n|move|p2a: Ceruledge|Bitter Blade|p1a: Tuskin\n|-damage|p1a: Tuskin|47\/100\n|-heal|p2a: Ceruledge|79\/100 tox|[from] drain|[of] p1a: Tuskin\n|\n|-heal|p1a: Tuskin|53\/100|[from] item: Leftovers\n|-damage|p2a: Ceruledge|60\/100 tox|[from] psn\n|upkeep\n|turn|5\n|\n|t:|1700195013\n|move|p1a: Tuskin|Earthquake|p2a: Ceruledge\n|-supereffective|p2a: Ceruledge\n|-damage|p2a: Ceruledge|12\/100 tox\n|move|p2a: Ceruledge|Poltergeist|p1a: Tuskin|[miss]\n|-miss|p2a: Ceruledge|p1a: Tuskin\n|\n|-heal|p1a: Tuskin|60\/100|[from] item: Leftovers\n|-damage|p2a: Ceruledge|0 fnt|[from] psn\n|faint|p2a: Ceruledge\n|upkeep\n|\n|t:|1700195020\n|switch|p2a: Iron Valiant|Iron Valiant|100\/100\n|turn|6\n|\n|t:|1700195023\n|-end|p1a: Tuskin|Protosynthesis|[silent]\n|switch|p1a: Molten|Heatran, M, shiny|100\/100\n|move|p2a: Iron Valiant|Aura Sphere|p1a: Molten\n|-supereffective|p1a: Molten\n|-damage|p1a: Molten|26\/100\n|\n|-heal|p1a: Molten|32\/100|[from] item: Leftovers\n|upkeep\n|turn|7\n|\n|t:|1700195036\n|switch|p1a: Snowin|Ninetales-Alola, F, shiny|100\/100\n|-weather|Snow|[from] ability: Snow Warning|[of] p1a: Snowin\n|move|p2a: Iron Valiant|Aura Sphere|p1a: Snowin\n|-damage|p1a: Snowin|40\/100\n|\n|-weather|Snow|[upkeep]\n|upkeep\n|turn|8\n|\n|t:|1700195042\n|move|p2a: Iron Valiant|Aura Sphere|p1a: Snowin\n|-damage|p1a: Snowin|0 fnt\n|faint|p1a: Snowin\n|\n|-weather|Snow|[upkeep]\n|upkeep\n|\n|t:|1700195050\n|switch|p1a: Jettin|Latias, F|100\/100\n|turn|9\n|\n|t:|1700195054\n|-end|p2a: Iron Valiant|Quark Drive|[silent]\n|switch|p2a: Scizor|Scizor, M|100\/100\n|detailschange|p1a: Jettin|Latias-Mega, F\n|-mega|p1a: Jettin|Latias|Latiasite\n|move|p1a: Jettin|Agility|p1a: Jettin\n|-boost|p1a: Jettin|spe|2\n|\n|-weather|Snow|[upkeep]\n|upkeep\n|turn|10\n|\n|t:|1700195058\n|detailschange|p2a: Scizor|Scizor-Mega, M\n|-mega|p2a: Scizor|Scizor|Scizorite\n|move|p1a: Jettin|Calm Mind|p1a: Jettin\n|-boost|p1a: Jettin|spa|1\n|-boost|p1a: Jettin|spd|1\n|move|p2a: Scizor|U-turn|p1a: Jettin\n|-supereffective|p1a: Jettin\n|-damage|p1a: Jettin|45\/100\n|\n|t:|1700195074\n|switch|p2a: Tapu Koko|Tapu Koko|100\/100|[from] U-turn\n|-fieldstart|move: Electric Terrain|[from] ability: Electric Surge|[of] p2a: Tapu Koko\n|\n|-weather|Snow|[upkeep]\n|upkeep\n|turn|11\n|\n|t:|1700195079\n|move|p1a: Jettin|Stored Power|p2a: Tapu Koko\n|-damage|p2a: Tapu Koko|0 fnt\n|faint|p2a: Tapu Koko\n|\n|-weather|none\n|upkeep\n|\n|t:|1700195085\n|switch|p2a: Scizor|Scizor-Mega, M|100\/100\n|turn|12\n|\n|t:|1700195090\n|switch|p1a: Tuskin|Great Tusk|60\/100\n|move|p2a: Scizor|U-turn|p1a: Tuskin\n|-resisted|p1a: Tuskin\n|-damage|p1a: Tuskin|51\/100\n|\n|t:|1700195096\n|switch|p2a: Iron Valiant|Iron Valiant|100\/100|[from] U-turn\n|-activate|p2a: Iron Valiant|ability: Quark Drive\n|-start|p2a: Iron Valiant|quarkdrivespe\n|\n|-heal|p1a: Tuskin|57\/100|[from] item: Leftovers\n|upkeep\n|turn|13\n|\n|t:|1700195103\n|move|p2a: Iron Valiant|Moonblast|p1a: Tuskin\n|-supereffective|p1a: Tuskin\n|-damage|p1a: Tuskin|0 fnt\n|faint|p1a: Tuskin\n|-end|p1a: Tuskin|Protosynthesis|[silent]\n|\n|upkeep\n|\n|t:|1700195106\n|switch|p1a: Molten|Heatran, M, shiny|32\/100\n|turn|14\n|\n|t:|1700195109\n|-end|p2a: Iron Valiant|Quark Drive|[silent]\n|switch|p2a: Sneasler|Sneasler, F|100\/100\n|-enditem|p2a: Sneasler|Electric Seed\n|-boost|p2a: Sneasler|def|1|[from] item: Electric Seed\n|move|p1a: Molten|Will-O-Wisp|p2a: Sneasler\n|-status|p2a: Sneasler|brn\n|\n|-heal|p1a: Molten|38\/100|[from] item: Leftovers\n|-damage|p2a: Sneasler|95\/100 brn|[from] brn\n|-fieldend|move: Electric Terrain\n|upkeep\n|turn|15\n|\n|t:|1700195117\n|switch|p1a: Rushin|Ursaluna, F, shiny|100\/100\n|move|p2a: Sneasler|Swords Dance|p2a: Sneasler\n|-boost|p2a: Sneasler|atk|2\n|\n|-damage|p2a: Sneasler|89\/100 brn|[from] brn\n|-status|p1a: Rushin|brn|[from] item: Flame Orb\n|upkeep\n|turn|16\n|\n|t:|1700195121\n|-terastallize|p1a: Rushin|Fighting\n|move|p2a: Sneasler|Close Combat|p1a: Rushin\n|-damage|p1a: Rushin|54\/100 brn\n|-unboost|p2a: Sneasler|def|1\n|-unboost|p2a: Sneasler|spd|1\n|move|p1a: Rushin|Bulk Up|p1a: Rushin\n|-boost|p1a: Rushin|atk|1\n|-boost|p1a: Rushin|def|1\n|\n|-damage|p2a: Sneasler|83\/100 brn|[from] brn\n|-damage|p1a: Rushin|48\/100 brn|[from] brn\n|upkeep\n|turn|17\n|\n|t:|1700195141\n|-terastallize|p2a: Sneasler|Flying\n|move|p2a: Sneasler|Acrobatics|p1a: Rushin\n|-supereffective|p1a: Rushin\n|-damage|p1a: Rushin|0 fnt\n|faint|p1a: Rushin\n|\n|-damage|p2a: Sneasler|77\/100 brn|[from] brn\n|upkeep\n|-message|DrippinSauce forfeited.\n|\n|win|Lu Lu Zhu\n|raw|DrippinSauce's rating: 1603 &rarr; <strong>1588<\/strong><br \/>(-15 for losing)\n|raw|Lu Lu Zhu's rating: 1689 &rarr; <strong>1704<\/strong><br \/>(+15 for winning)\n|l|\u2606DrippinSauce\n","uploadtime":1700195149,"views":5,"p1id":"drippinsauce","p2id":"luluzhu","formatid":"gen9nationaldex","rating":1588,"private":0,"password":""}