{"id":"gen9nationaldex-1989048600","p1":"Skorchdiver","p2":"Zazabii","format":"[Gen 9] National Dex","log":"|j|\u2606Skorchdiver\n|j|\u2606Zazabii\n|t:|1699806427\n|gametype|singles\n|player|p1|Skorchdiver|wally|1195\n|player|p2|Zazabii|ingo|1223\n|teamsize|p1|6\n|teamsize|p2|6\n|gen|9\n|tier|[Gen 9] National Dex\n|rated|\n|rule|HP Percentage Mod: HP is shown in percentages\n|rule|Endless Battle Clause: Forcing endless battles is banned\n|rule|OHKO Clause: OHKO moves are banned\n|rule|Evasion Clause: Evasion abilities, items, and moves are banned\n|rule|Evasion Abilities Clause: Evasion abilities are banned\n|rule|Evasion Items Clause: Evasion items are banned\n|rule|Evasion Moves Clause: Evasion moves are banned\n|rule|Species Clause: Limit one of each Pok\u00e9mon\n|rule|Sleep Clause Mod: Limit one foe put to sleep\n|clearpoke\n|poke|p1|Psyduck, M|\n|poke|p1|Mantine, M|\n|poke|p1|Swampert, M|\n|poke|p1|Pelipper, M|\n|poke|p1|Barraskewda, M|\n|poke|p1|Politoed, M|\n|poke|p2|Ferrothorn, M|\n|poke|p2|Skeledirge, M|\n|poke|p2|Rotom-Wash|\n|poke|p2|Gliscor, M|\n|poke|p2|Lopunny, F|\n|poke|p2|Slowking-Galar, M|\n|teampreview\n|inactive|Battle timer is ON: inactive players will automatically lose when time's up. (requested by Zazabii)\n|\n|t:|1699806441\n|start\n|switch|p1a: Pelipper|Pelipper, M|100\/100\n|switch|p2a: Slowking|Slowking-Galar, M|100\/100\n|-weather|RainDance|[from] ability: Drizzle|[of] p1a: Pelipper\n|turn|1\n|\n|t:|1699806449\n|move|p1a: Pelipper|Hurricane|p2a: Slowking\n|-damage|p2a: Slowking|57\/100\n|move|p2a: Slowking|Chilly Reception|p2a: Slowking\n|-weather|Snow\n|\n|t:|1699806458\n|switch|p2a: Ferrothorn|Ferrothorn, M|100\/100|[from] Chilly Reception\n|\n|-weather|Snow|[upkeep]\n|upkeep\n|turn|2\n|\n|t:|1699806465\n|switch|p1a: Politoed|Politoed, M, shiny|100\/100\n|-weather|RainDance|[from] ability: Drizzle|[of] p1a: Politoed\n|move|p2a: Ferrothorn|Stealth Rock|p1a: Politoed\n|-sidestart|p1: Skorchdiver|move: Stealth Rock\n|\n|-weather|RainDance|[upkeep]\n|upkeep\n|turn|3\n|\n|t:|1699806469\n|move|p1a: Politoed|Perish Song|p1a: Politoed\n|-start|p1a: Politoed|perish3|[silent]\n|-start|p2a: Ferrothorn|perish3|[silent]\n|-fieldactivate|move: Perish Song\n|move|p2a: Ferrothorn|Seed Bomb|p1a: Politoed\n|-supereffective|p1a: Politoed\n|-damage|p1a: Politoed|49\/100\n|\n|-weather|RainDance|[upkeep]\n|-start|p1a: Politoed|perish3\n|-start|p2a: Ferrothorn|perish3\n|upkeep\n|turn|4\n|\n|t:|1699806480\n|switch|p2a: Slowking|Slowking-Galar, M|91\/100\n|move|p1a: Politoed|Toxic|p2a: Slowking\n|-immune|p2a: Slowking\n|\n|-weather|RainDance|[upkeep]\n|-start|p1a: Politoed|perish2\n|upkeep\n|turn|5\n|\n|t:|1699806486\n|move|p1a: Politoed|Weather Ball|p2a: Slowking\n|-damage|p2a: Slowking|56\/100\n|move|p2a: Slowking|Chilly Reception|p2a: Slowking\n|-weather|Snow\n|\n|t:|1699806494\n|switch|p2a: Rotom|Rotom-Wash|100\/100|[from] Chilly Reception\n|\n|-weather|Snow|[upkeep]\n|-start|p1a: Politoed|perish1\n|upkeep\n|turn|6\n|\n|t:|1699806500\n|switch|p1a: Swampert|Swampert, M|100\/100\n|-damage|p1a: Swampert|94\/100|[from] Stealth Rock\n|move|p2a: Rotom|Will-O-Wisp|p1a: Swampert\n|-status|p1a: Swampert|brn\n|\n|-weather|Snow|[upkeep]\n|-damage|p1a: Swampert|88\/100 brn|[from] brn\n|upkeep\n|turn|7\n|\n|t:|1699806516\n|switch|p1a: Pelipper|Pelipper, M|100\/100\n|-damage|p1a: Pelipper|76\/100|[from] Stealth Rock\n|-weather|RainDance|[from] ability: Drizzle|[of] p1a: Pelipper\n|switch|p2a: Ferrothorn|Ferrothorn, M|100\/100\n|\n|-weather|RainDance|[upkeep]\n|upkeep\n|turn|8\n|\n|t:|1699806522\n|move|p1a: Pelipper|Hurricane|p2a: Ferrothorn\n|-damage|p2a: Ferrothorn|66\/100\n|move|p2a: Ferrothorn|Leech Seed|p1a: Pelipper\n|-start|p1a: Pelipper|move: Leech Seed\n|\n|-weather|RainDance|[upkeep]\n|-heal|p2a: Ferrothorn|72\/100|[from] item: Leftovers\n|-damage|p1a: Pelipper|63\/100|[from] Leech Seed|[of] p2a: Ferrothorn\n|-heal|p2a: Ferrothorn|84\/100|[silent]\n|upkeep\n|turn|9\n|\n|t:|1699806536\n|switch|p2a: Slowking|Slowking-Galar, M|90\/100\n|move|p1a: Pelipper|Hurricane|p2a: Slowking\n|-damage|p2a: Slowking|51\/100\n|-start|p2a: Slowking|confusion\n|\n|-weather|RainDance|[upkeep]\n|-damage|p1a: Pelipper|51\/100|[from] Leech Seed|[of] p2a: Slowking\n|-heal|p2a: Slowking|62\/100|[silent]\n|upkeep\n|turn|10\n|\n|t:|1699806540\n|move|p1a: Pelipper|Defog|p2a: Slowking\n|-unboost|p2a: Slowking|evasion|1\n|-sideend|p1: Skorchdiver|Stealth Rock|[from] move: Defog|[of] p1a: Pelipper\n|-activate|p2a: Slowking|confusion\n|move|p2a: Slowking|Chilly Reception|p2a: Slowking\n|-weather|Snow\n|\n|t:|1699806547\n|switch|p2a: Ferrothorn|Ferrothorn, M|84\/100|[from] Chilly Reception\n|\n|-weather|Snow|[upkeep]\n|-heal|p2a: Ferrothorn|90\/100|[from] item: Leftovers\n|-damage|p1a: Pelipper|39\/100|[from] Leech Seed|[of] p2a: Ferrothorn\n|-heal|p2a: Ferrothorn|100\/100|[silent]\n|upkeep\n|turn|11\n|\n|t:|1699806556\n|move|p1a: Pelipper|Hurricane|p2a: Ferrothorn\n|-damage|p2a: Ferrothorn|71\/100\n|move|p2a: Ferrothorn|Stealth Rock|p1a: Pelipper\n|-sidestart|p1: Skorchdiver|move: Stealth Rock\n|\n|-weather|Snow|[upkeep]\n|-heal|p2a: Ferrothorn|77\/100|[from] item: Leftovers\n|-damage|p1a: Pelipper|26\/100|[from] Leech Seed|[of] p2a: Ferrothorn\n|-heal|p2a: Ferrothorn|88\/100|[silent]\n|upkeep\n|turn|12\n|\n|t:|1699806564\n|move|p1a: Pelipper|Hurricane|p2a: Ferrothorn\n|-damage|p2a: Ferrothorn|53\/100\n|-start|p2a: Ferrothorn|confusion\n|-activate|p2a: Ferrothorn|confusion\n|move|p2a: Ferrothorn|Seed Bomb|p1a: Pelipper\n|-damage|p1a: Pelipper|0 fnt\n|faint|p1a: Pelipper\n|\n|-weather|Snow|[upkeep]\n|-heal|p2a: Ferrothorn|59\/100|[from] item: Leftovers\n|upkeep\n|\n|t:|1699806568\n|switch|p1a: Barraskewda|Barraskewda, M|100\/100\n|-damage|p1a: Barraskewda|88\/100|[from] Stealth Rock\n|turn|13\n|\n|t:|1699806579\n|-terastallize|p1a: Barraskewda|Water\n|move|p1a: Barraskewda|Liquidation|p2a: Ferrothorn\n|-resisted|p2a: Ferrothorn\n|-damage|p2a: Ferrothorn|22\/100\n|-damage|p1a: Barraskewda|76\/100|[from] ability: Iron Barbs|[of] p2a: Ferrothorn\n|-activate|p2a: Ferrothorn|confusion\n|move|p2a: Ferrothorn|Seed Bomb|p1a: Barraskewda\n|-supereffective|p1a: Barraskewda\n|-damage|p1a: Barraskewda|0 fnt\n|faint|p1a: Barraskewda\n|\n|-weather|Snow|[upkeep]\n|-heal|p2a: Ferrothorn|28\/100|[from] item: Leftovers\n|upkeep\n|-message|Skorchdiver forfeited.\n|\n|win|Zazabii\n|raw|Skorchdiver's rating: 1195 &rarr; <strong>1172<\/strong><br \/>(-23 for losing)\n|raw|Zazabii's rating: 1223 &rarr; <strong>1246<\/strong><br \/>(+23 for winning)\n|l|\u2606Skorchdiver\n","uploadtime":1699806600,"views":15,"p1id":"skorchdiver","p2id":"zazabii","formatid":"gen9nationaldex","rating":1172,"private":0,"password":""}