{"id":"gen9nationaldex-1997999561","p1":"fwog_12","p2":"CheesiePants","format":"[Gen 9] National Dex","log":"|html|<div class=\"broadcast-blue\"><strong>[Gen 9] National Dex is currently suspecting Sneasler! For information on how to participate check out the <a href=\"https:\/\/www.smogon.com\/forums\/threads\/sv-national-dex-suspect-8-just-dance.3731534\/\">suspect thread<\/a>.<\/strong><\/div>\n|j|\u2606fwog_12\n|j|\u2606CheesiePants\n|t:|1700877230\n|gametype|singles\n|player|p1|fwog_12|harlequin|\n|player|p2|CheesiePants|hoopster|\n|teamsize|p1|6\n|teamsize|p2|6\n|gen|9\n|tier|[Gen 9] National Dex\n|rule|HP Percentage Mod: HP is shown in percentages\n|rule|Endless Battle Clause: Forcing endless battles is banned\n|rule|OHKO Clause: OHKO moves are banned\n|rule|Evasion Clause: Evasion abilities, items, and moves are banned\n|rule|Evasion Abilities Clause: Evasion abilities are banned\n|rule|Evasion Items Clause: Evasion items are banned\n|rule|Evasion Moves Clause: Evasion moves are banned\n|rule|Species Clause: Limit one of each Pok\u00e9mon\n|rule|Sleep Clause Mod: Limit one foe put to sleep\n|clearpoke\n|poke|p1|Sneasler, M|\n|poke|p1|Rillaboom, F|\n|poke|p1|Diancie|\n|poke|p1|Cloyster, F|\n|poke|p1|Cinderace, F|\n|poke|p1|Enamorus-Therian, F|\n|poke|p2|Dragonite, M|\n|poke|p2|Kleavor, F|\n|poke|p2|Ninetales-Alola, F|\n|poke|p2|Venusaur, M|\n|poke|p2|Arctovish|\n|poke|p2|Polteageist|\n|teampreview\n|j| dogswithgunz\n|c| dogswithgunz|r\n|\n|t:|1700877276\n|start\n|switch|p1a: Pinkskin Plague|Diancie|100\/100\n|switch|p2a: Butterman|Kleavor, F|100\/100\n|turn|1\n|\n|t:|1700877290\n|detailschange|p1a: Pinkskin Plague|Diancie-Mega\n|-mega|p1a: Pinkskin Plague|Diancie|Diancite\n|move|p1a: Pinkskin Plague|Diamond Storm|p2a: Butterman\n|-supereffective|p2a: Butterman\n|-crit|p2a: Butterman\n|-damage|p2a: Butterman|0 fnt\n|-boost|p1a: Pinkskin Plague|def|2\n|faint|p2a: Butterman\n|\n|upkeep\n|\n|t:|1700877310\n|switch|p2a: CAMOMEAL|Polteageist, shiny|100\/100\n|turn|2\n|\n|t:|1700877338\n|move|p1a: Pinkskin Plague|Diamond Storm|p2a: CAMOMEAL\n|-damage|p2a: CAMOMEAL|6\/100\n|-boost|p1a: Pinkskin Plague|def|2\n|-ability|p2a: CAMOMEAL|Weak Armor|boost\n|-unboost|p2a: CAMOMEAL|def|1\n|-boost|p2a: CAMOMEAL|spe|2\n|move|p2a: CAMOMEAL|Shell Smash|p2a: CAMOMEAL\n|-unboost|p2a: CAMOMEAL|def|1\n|-unboost|p2a: CAMOMEAL|spd|1\n|-boost|p2a: CAMOMEAL|atk|2\n|-boost|p2a: CAMOMEAL|spa|2\n|-boost|p2a: CAMOMEAL|spe|2\n|\n|upkeep\n|turn|3\n|\n|t:|1700877352\n|switch|p1a: this mf luke fr|Enamorus-Therian, F|100\/100\n|move|p2a: CAMOMEAL|Giga Drain|p1a: this mf luke fr\n|-resisted|p1a: this mf luke fr\n|-damage|p1a: this mf luke fr|77\/100\n|-heal|p2a: CAMOMEAL|22\/100|[from] drain|[of] p1a: this mf luke fr\n|\n|-heal|p1a: this mf luke fr|83\/100|[from] item: Leftovers\n|upkeep\n|turn|4\n|\n|t:|1700877367\n|move|p2a: CAMOMEAL|Stored Power|p1a: this mf luke fr\n|-damage|p1a: this mf luke fr|0 fnt\n|faint|p1a: this mf luke fr\n|\n|upkeep\n|\n|t:|1700877371\n|switch|p1a: Bulky Barry|Rillaboom, F, shiny|100\/100\n|-fieldstart|move: Grassy Terrain|[from] ability: Grassy Surge|[of] p1a: Bulky Barry\n|turn|5\n|\n|t:|1700877377\n|move|p1a: Bulky Barry|Grassy Glide|p2a: CAMOMEAL\n|-damage|p2a: CAMOMEAL|0 fnt\n|faint|p2a: CAMOMEAL\n|\n|upkeep\n|\n|t:|1700877391\n|switch|p2a: concubine|Ninetales-Alola, F|100\/100\n|-weather|Snow|[from] ability: Snow Warning|[of] p2a: concubine\n|turn|6\n|\n|t:|1700877403\n|move|p2a: concubine|Blizzard|p1a: Bulky Barry\n|-supereffective|p1a: Bulky Barry\n|-damage|p1a: Bulky Barry|26\/100\n|move|p1a: Bulky Barry|U-turn|p2a: concubine\n|-resisted|p2a: concubine\n|-damage|p2a: concubine|90\/100\n|\n|t:|1700877421\n|switch|p1a: Pinkskin Plague|Diancie-Mega|100\/100|[from] U-turn\n|\n|-weather|Snow|[upkeep]\n|-heal|p2a: concubine|96\/100|[from] Grassy Terrain\n|upkeep\n|turn|7\n|\n|t:|1700877428\n|move|p1a: Pinkskin Plague|Flash Cannon|p2a: concubine\n|-supereffective|p2a: concubine\n|-damage|p2a: concubine|0 fnt\n|faint|p2a: concubine\n|\n|-weather|Snow|[upkeep]\n|upkeep\n|\n|t:|1700877436\n|switch|p2a: tilapia|Arctovish|100\/100\n|turn|8\n|\n|t:|1700877484\n|switch|p1a: Bulky Barry|Rillaboom, F, shiny|26\/100\n|move|p2a: tilapia|Fishious Rend|p1a: Bulky Barry\n|-resisted|p1a: Bulky Barry\n|-damage|p1a: Bulky Barry|0 fnt\n|faint|p1a: Bulky Barry\n|-damage|p2a: tilapia|91\/100|[from] item: Life Orb\n|\n|-weather|Snow|[upkeep]\n|-heal|p2a: tilapia|97\/100|[from] Grassy Terrain\n|upkeep\n|\n|t:|1700877493\n|switch|p1a: Purpskin Punisher|Cloyster, F|100\/100\n|turn|9\n|\n|t:|1700877498\n|move|p2a: tilapia|Rock Slide|p1a: Purpskin Punisher|[miss]\n|-miss|p2a: tilapia|p1a: Purpskin Punisher\n|move|p1a: Purpskin Punisher|Shell Smash|p1a: Purpskin Punisher\n|-unboost|p1a: Purpskin Punisher|def|1\n|-unboost|p1a: Purpskin Punisher|spd|1\n|-boost|p1a: Purpskin Punisher|atk|2\n|-boost|p1a: Purpskin Punisher|spa|2\n|-boost|p1a: Purpskin Punisher|spe|2\n|\n|-weather|Snow|[upkeep]\n|-heal|p2a: tilapia|100\/100|[from] Grassy Terrain\n|upkeep\n|turn|10\n|\n|t:|1700877510\n|move|p1a: Purpskin Punisher|Rock Blast|p2a: tilapia\n|-supereffective|p2a: tilapia\n|-damage|p2a: tilapia|79\/100\n|-supereffective|p2a: tilapia\n|-damage|p2a: tilapia|58\/100\n|-supereffective|p2a: tilapia\n|-damage|p2a: tilapia|35\/100\n|-supereffective|p2a: tilapia\n|-damage|p2a: tilapia|11\/100\n|-supereffective|p2a: tilapia\n|-damage|p2a: tilapia|0 fnt\n|faint|p2a: tilapia\n|-hitcount|p2: tilapia|5\n|\n|-weather|none\n|upkeep\n|\n|t:|1700877521\n|switch|p2a: Vegan Burger|Venusaur, M|100\/100\n|turn|11\n|\n|t:|1700877559\n|-terastallize|p1a: Purpskin Punisher|Ice\n|move|p1a: Purpskin Punisher|Icicle Spear|p2a: Vegan Burger\n|-supereffective|p2a: Vegan Burger\n|-damage|p2a: Vegan Burger|35\/100\n|-supereffective|p2a: Vegan Burger\n|-damage|p2a: Vegan Burger|0 fnt\n|faint|p2a: Vegan Burger\n|-hitcount|p2: Vegan Burger|2\n|\n|upkeep\n|\n|t:|1700877566\n|switch|p2a: DancyPants|Dragonite, M|100\/100\n|turn|12\n|\n|t:|1700877574\n|-terastallize|p2a: DancyPants|Normal\n|move|p2a: DancyPants|Extreme Speed|p1a: Purpskin Punisher\n|-damage|p1a: Purpskin Punisher|44\/100\n|move|p1a: Purpskin Punisher|Icicle Spear|p2a: DancyPants\n|-damage|p2a: DancyPants|84\/100\n|-damage|p2a: DancyPants|48\/100\n|-damage|p2a: DancyPants|11\/100\n|-damage|p2a: DancyPants|0 fnt\n|faint|p2a: DancyPants\n|-hitcount|p2: DancyPants|4\n|\n|win|fwog_12\n|l|\u2606CheesiePants\n","uploadtime":1700877587,"views":15,"p1id":"fwog12","p2id":"cheesiepants","formatid":"gen9nationaldex","rating":0,"private":0,"password":""}