{"id":"gen9nationaldex-1993243019","p1":"maysonddd","p2":"mofee","format":"[Gen 9] National Dex","log":"|j|\u2606maysonddd\n|j|\u2606mofee\n|t:|1700283136\n|gametype|singles\n|player|p1|maysonddd|anabel|1261\n|player|p2|mofee|roxie|1331\n|teamsize|p1|6\n|teamsize|p2|6\n|gen|9\n|tier|[Gen 9] National Dex\n|rated|\n|rule|HP Percentage Mod: HP is shown in percentages\n|rule|Endless Battle Clause: Forcing endless battles is banned\n|rule|OHKO Clause: OHKO moves are banned\n|rule|Evasion Clause: Evasion abilities, items, and moves are banned\n|rule|Evasion Abilities Clause: Evasion abilities are banned\n|rule|Evasion Items Clause: Evasion items are banned\n|rule|Evasion Moves Clause: Evasion moves are banned\n|rule|Species Clause: Limit one of each Pok\u00e9mon\n|rule|Sleep Clause Mod: Limit one foe put to sleep\n|clearpoke\n|poke|p1|Weavile, M|\n|poke|p1|Landorus-Therian, M|\n|poke|p1|Zapdos|\n|poke|p1|Volcanion|\n|poke|p1|Ursaluna, F|\n|poke|p1|Kartana|\n|poke|p2|Banette, F|\n|poke|p2|Tapu Koko|\n|poke|p2|Iron Valiant|\n|poke|p2|Clodsire, F|\n|poke|p2|Moltres|\n|poke|p2|Garganacl, M|\n|teampreview\n|inactive|Battle timer is ON: inactive players will automatically lose when time's up. (requested by mofee)\n|\n|t:|1700283164\n|start\n|switch|p1a: Landorus|Landorus-Therian, M, shiny|100\/100\n|switch|p2a: Moltres|Moltres|100\/100\n|-ability|p1a: Landorus|Intimidate|boost\n|-unboost|p2a: Moltres|atk|1\n|turn|1\n|\n|t:|1700283173\n|move|p2a: Moltres|Defog|p1a: Landorus\n|-unboost|p1a: Landorus|evasion|1\n|move|p1a: Landorus|Stealth Rock|p2a: Moltres\n|-sidestart|p2: mofee|move: Stealth Rock\n|\n|upkeep\n|turn|2\n|\n|t:|1700283182\n|switch|p1a: Zapdos|Zapdos, shiny|100\/100\n|move|p2a: Moltres|Defog|p1a: Zapdos\n|-unboost|p1a: Zapdos|evasion|1\n|-sideend|p2: mofee|Stealth Rock|[from] move: Defog|[of] p2a: Moltres\n|\n|upkeep\n|turn|3\n|\n|t:|1700283201\n|switch|p2a: Tapu Koko|Tapu Koko|100\/100\n|-fieldstart|move: Electric Terrain|[from] ability: Electric Surge|[of] p2a: Tapu Koko\n|move|p1a: Zapdos|Discharge|p2a: Tapu Koko\n|-resisted|p2a: Tapu Koko\n|-damage|p2a: Tapu Koko|75\/100\n|\n|upkeep\n|turn|4\n|\n|t:|1700283212\n|move|p2a: Tapu Koko|Volt Switch|p1a: Zapdos\n|-damage|p1a: Zapdos|42\/100\n|\n|t:|1700283216\n|switch|p2a: Banette|Banette, F|100\/100|[from] Volt Switch\n|move|p1a: Zapdos|Roost|p1a: Zapdos\n|-heal|p1a: Zapdos|92\/100\n|-singleturn|p1a: Zapdos|move: Roost\n|\n|upkeep\n|turn|5\n|\n|t:|1700283226\n|switch|p2a: Clodsire|Clodsire, F|100\/100\n|move|p1a: Zapdos|U-turn|p2a: Clodsire\n|-resisted|p2a: Clodsire\n|-damage|p2a: Clodsire|93\/100\n|\n|t:|1700283240\n|switch|p1a: Weavile|Weavile, M, shiny|100\/100|[from] U-turn\n|-ability|p1a: Weavile|Pressure\n|\n|-heal|p2a: Clodsire|99\/100|[from] item: Leftovers\n|upkeep\n|turn|6\n|\n|t:|1700283252\n|switch|p2a: Moltres|Moltres|100\/100\n|-terastallize|p1a: Weavile|Dark\n|move|p1a: Weavile|Beat Up|p2a: Moltres\n|-damage|p2a: Moltres|89\/100\n|-crit|p2a: Moltres\n|-damage|p2a: Moltres|73\/100\n|-damage|p2a: Moltres|60\/100\n|-damage|p2a: Moltres|48\/100\n|-damage|p2a: Moltres|34\/100\n|-damage|p2a: Moltres|19\/100\n|-hitcount|p2a: Moltres|6\n|\n|upkeep\n|turn|7\n|\n|t:|1700283269\n|move|p1a: Weavile|Beat Up|p2a: Moltres\n|-damage|p2a: Moltres|6\/100\n|-damage|p2a: Moltres|0 fnt\n|faint|p2a: Moltres\n|-hitcount|p2: Moltres|2\n|\n|-fieldend|move: Electric Terrain\n|upkeep\n|\n|t:|1700283274\n|switch|p2a: Tapu Koko|Tapu Koko|75\/100\n|-fieldstart|move: Electric Terrain|[from] ability: Electric Surge|[of] p2a: Tapu Koko\n|turn|8\n|\n|t:|1700283286\n|switch|p1a: Landorus|Landorus-Therian, M, shiny|100\/100\n|-ability|p1a: Landorus|Intimidate|boost\n|-unboost|p2a: Tapu Koko|atk|1\n|move|p2a: Tapu Koko|Dazzling Gleam|p1a: Landorus\n|-damage|p1a: Landorus|66\/100\n|\n|-heal|p1a: Landorus|72\/100|[from] item: Leftovers\n|upkeep\n|turn|9\n|\n|t:|1700283297\n|switch|p2a: Banette|Banette, F|100\/100\n|move|p1a: Landorus|Stealth Rock|p2a: Banette\n|-sidestart|p2: mofee|move: Stealth Rock\n|\n|-heal|p1a: Landorus|78\/100|[from] item: Leftovers\n|upkeep\n|turn|10\n|\n|t:|1700283307\n|detailschange|p2a: Banette|Banette-Mega, F\n|-mega|p2a: Banette|Banette|Banettite\n|move|p2a: Banette|Swords Dance|p2a: Banette\n|-boost|p2a: Banette|atk|2\n|move|p1a: Landorus|U-turn|p2a: Banette\n|-resisted|p2a: Banette\n|-damage|p2a: Banette|87\/100\n|\n|t:|1700283314\n|switch|p1a: Weavile|Weavile, M, shiny, tera:Dark|100\/100|[from] U-turn\n|-ability|p1a: Weavile|Pressure\n|\n|upkeep\n|turn|11\n|\n|t:|1700283337\n|switch|p1a: Ursaluna|Ursaluna, F, shiny|100\/100\n|move|p2a: Banette|Destiny Bond|p2a: Banette\n|-singlemove|p2a: Banette|Destiny Bond\n|\n|-status|p1a: Ursaluna|brn|[from] item: Flame Orb\n|upkeep\n|turn|12\n|\n|t:|1700283347\n|move|p2a: Banette|Sucker Punch|p1a: Ursaluna\n|-damage|p1a: Ursaluna|48\/100 brn\n|move|p1a: Ursaluna|Headlong Rush|p2a: Banette\n|-damage|p2a: Banette|0 fnt\n|-unboost|p1a: Ursaluna|def|1\n|-unboost|p1a: Ursaluna|spd|1\n|faint|p2a: Banette\n|\n|-damage|p1a: Ursaluna|42\/100 brn|[from] brn\n|-fieldend|move: Electric Terrain\n|upkeep\n|\n|t:|1700283353\n|switch|p2a: Tapu Koko|Tapu Koko|75\/100\n|-damage|p2a: Tapu Koko|63\/100|[from] Stealth Rock\n|-fieldstart|move: Electric Terrain|[from] ability: Electric Surge|[of] p2a: Tapu Koko\n|turn|13\n|\n|t:|1700283365\n|switch|p1a: Landorus|Landorus-Therian, M, shiny|78\/100\n|-ability|p1a: Landorus|Intimidate|boost\n|-unboost|p2a: Tapu Koko|atk|1\n|move|p2a: Tapu Koko|U-turn|p1a: Landorus\n|-resisted|p1a: Landorus\n|-damage|p1a: Landorus|72\/100\n|\n|t:|1700283370\n|switch|p2a: Garganacl|Garganacl, M|100\/100|[from] U-turn\n|-damage|p2a: Garganacl|88\/100|[from] Stealth Rock\n|\n|-heal|p1a: Landorus|78\/100|[from] item: Leftovers\n|-heal|p2a: Garganacl|94\/100|[from] item: Leftovers\n|upkeep\n|turn|14\n|\n|t:|1700283379\n|move|p1a: Landorus|Earthquake|p2a: Garganacl\n|-supereffective|p2a: Garganacl\n|-damage|p2a: Garganacl|44\/100\n|move|p2a: Garganacl|Stealth Rock|p1a: Landorus\n|-sidestart|p1: maysonddd|move: Stealth Rock\n|\n|-heal|p1a: Landorus|84\/100|[from] item: Leftovers\n|-heal|p2a: Garganacl|50\/100|[from] item: Leftovers\n|upkeep\n|turn|15\n|\n|t:|1700283389\n|move|p2a: Garganacl|Protect|p2a: Garganacl\n|-singleturn|p2a: Garganacl|Protect\n|move|p1a: Landorus|Earthquake|p2a: Garganacl\n|-activate|p2a: Garganacl|move: Protect\n|\n|-heal|p1a: Landorus|91\/100|[from] item: Leftovers\n|-heal|p2a: Garganacl|56\/100|[from] item: Leftovers\n|upkeep\n|turn|16\n|\n|t:|1700283397\n|move|p1a: Landorus|Earthquake|p2a: Garganacl\n|-supereffective|p2a: Garganacl\n|-damage|p2a: Garganacl|9\/100\n|move|p2a: Garganacl|Recover|p2a: Garganacl\n|-heal|p2a: Garganacl|59\/100\n|\n|-heal|p1a: Landorus|97\/100|[from] item: Leftovers\n|-heal|p2a: Garganacl|65\/100|[from] item: Leftovers\n|upkeep\n|turn|17\n|\n|t:|1700283407\n|-terastallize|p2a: Garganacl|Water\n|move|p1a: Landorus|U-turn|p2a: Garganacl\n|-damage|p2a: Garganacl|54\/100\n|\n|t:|1700283413\n|switch|p1a: Zapdos|Zapdos, shiny|92\/100|[from] U-turn\n|move|p2a: Garganacl|Recover|p2a: Garganacl\n|-heal|p2a: Garganacl|100\/100\n|\n|-fieldend|move: Electric Terrain\n|upkeep\n|turn|18\n|\n|t:|1700283420\n|move|p2a: Garganacl|Protect|p2a: Garganacl\n|-singleturn|p2a: Garganacl|Protect\n|move|p1a: Zapdos|Discharge|p2a: Garganacl\n|-activate|p2a: Garganacl|move: Protect\n|\n|upkeep\n|turn|19\n|\n|t:|1700283429\n|move|p1a: Zapdos|Discharge|p2a: Garganacl\n|-supereffective|p2a: Garganacl\n|-damage|p2a: Garganacl|42\/100\n|move|p2a: Garganacl|Salt Cure|p1a: Zapdos\n|-supereffective|p1a: Zapdos\n|-damage|p1a: Zapdos|71\/100\n|-start|p1a: Zapdos|Salt Cure\n|\n|-heal|p2a: Garganacl|48\/100|[from] item: Leftovers\n|-damage|p1a: Zapdos|59\/100|[from] Salt Cure\n|upkeep\n|turn|20\n|\n|t:|1700283438\n|move|p2a: Garganacl|Protect|p2a: Garganacl\n|-singleturn|p2a: Garganacl|Protect\n|move|p1a: Zapdos|Roost|p1a: Zapdos\n|-heal|p1a: Zapdos|100\/100\n|-singleturn|p1a: Zapdos|move: Roost\n|\n|-heal|p2a: Garganacl|54\/100|[from] item: Leftovers\n|-damage|p1a: Zapdos|88\/100|[from] Salt Cure\n|upkeep\n|turn|21\n|\n|t:|1700283449\n|switch|p2a: Tapu Koko|Tapu Koko|63\/100\n|-damage|p2a: Tapu Koko|50\/100|[from] Stealth Rock\n|-fieldstart|move: Electric Terrain|[from] ability: Electric Surge|[of] p2a: Tapu Koko\n|move|p1a: Zapdos|Discharge|p2a: Tapu Koko\n|-resisted|p2a: Tapu Koko\n|-damage|p2a: Tapu Koko|26\/100\n|\n|-damage|p1a: Zapdos|76\/100|[from] Salt Cure\n|upkeep\n|turn|22\n|\n|t:|1700283464\n|move|p2a: Tapu Koko|Volt Switch|p1a: Zapdos\n|-damage|p1a: Zapdos|17\/100\n|\n|t:|1700283468\n|switch|p2a: Clodsire|Clodsire, F|99\/100|[from] Volt Switch\n|-damage|p2a: Clodsire|93\/100|[from] Stealth Rock\n|move|p1a: Zapdos|Roost|p1a: Zapdos\n|-heal|p1a: Zapdos|67\/100\n|-singleturn|p1a: Zapdos|move: Roost\n|\n|-heal|p2a: Clodsire|99\/100|[from] item: Leftovers\n|-damage|p1a: Zapdos|55\/100|[from] Salt Cure\n|upkeep\n|turn|23\n|\n|t:|1700283483\n|move|p1a: Zapdos|Roost|p1a: Zapdos\n|-heal|p1a: Zapdos|100\/100\n|-singleturn|p1a: Zapdos|move: Roost\n|move|p2a: Clodsire|Toxic|p1a: Zapdos\n|-status|p1a: Zapdos|tox\n|\n|-heal|p2a: Clodsire|100\/100|[from] item: Leftovers\n|-damage|p1a: Zapdos|94\/100 tox|[from] psn\n|-damage|p1a: Zapdos|82\/100 tox|[from] Salt Cure\n|upkeep\n|turn|24\n|\n|t:|1700283492\n|move|p1a: Zapdos|U-turn|p2a: Clodsire\n|-resisted|p2a: Clodsire\n|-damage|p2a: Clodsire|93\/100\n|\n|t:|1700283499\n|switch|p1a: Landorus|Landorus-Therian, M, shiny|97\/100|[from] U-turn\n|-damage|p1a: Landorus|84\/100|[from] Stealth Rock\n|-ability|p1a: Landorus|Intimidate|boost\n|-unboost|p2a: Clodsire|atk|1\n|move|p2a: Clodsire|Earthquake|p1a: Landorus\n|-immune|p1a: Landorus\n|\n|-heal|p1a: Landorus|90\/100|[from] item: Leftovers\n|-heal|p2a: Clodsire|99\/100|[from] item: Leftovers\n|upkeep\n|turn|25\n|\n|t:|1700283508\n|switch|p2a: Iron Valiant|Iron Valiant|100\/100\n|-damage|p2a: Iron Valiant|94\/100|[from] Stealth Rock\n|-activate|p2a: Iron Valiant|ability: Quark Drive\n|-start|p2a: Iron Valiant|quarkdrivespe\n|move|p1a: Landorus|Earthquake|p2a: Iron Valiant\n|-damage|p2a: Iron Valiant|37\/100\n|\n|-heal|p1a: Landorus|96\/100|[from] item: Leftovers\n|-fieldend|move: Electric Terrain\n|-end|p2a: Iron Valiant|Quark Drive\n|upkeep\n|turn|26\n|\n|t:|1700283518\n|move|p2a: Iron Valiant|Moonblast|p1a: Landorus\n|-damage|p1a: Landorus|52\/100\n|-damage|p2a: Iron Valiant|27\/100|[from] item: Life Orb\n|move|p1a: Landorus|Earthquake|p2a: Iron Valiant\n|-damage|p2a: Iron Valiant|0 fnt\n|faint|p2a: Iron Valiant\n|-end|p2a: Iron Valiant|Quark Drive|[silent]\n|\n|-heal|p1a: Landorus|58\/100|[from] item: Leftovers\n|upkeep\n|-message|mofee forfeited.\n|\n|win|maysonddd\n|raw|maysonddd's rating: 1261 &rarr; <strong>1291<\/strong><br \/>(+30 for winning)\n|raw|mofee's rating: 1331 &rarr; <strong>1307<\/strong><br \/>(-24 for losing)\n","uploadtime":1700283530,"views":6,"p1id":"maysonddd","p2id":"mofee","formatid":"gen9nationaldex","rating":1291,"private":0,"password":""}