{"id":"gen9nationaldex-1989232327","p1":"thagreatbuffalo","p2":"khxng","format":"[Gen 9] National Dex","log":"|j|\u203dthagreatbuffalo\n|j|\u2606khxng\n|t:|1699826089\n|gametype|singles\n|player|p1|thagreatbuffalo|steven-masters2|1637\n|player|p2|khxng|101|1606\n|teamsize|p1|6\n|teamsize|p2|6\n|gen|9\n|tier|[Gen 9] National Dex\n|rated|\n|rule|HP Percentage Mod: HP is shown in percentages\n|rule|Endless Battle Clause: Forcing endless battles is banned\n|rule|OHKO Clause: OHKO moves are banned\n|rule|Evasion Clause: Evasion abilities, items, and moves are banned\n|rule|Evasion Abilities Clause: Evasion abilities are banned\n|rule|Evasion Items Clause: Evasion items are banned\n|rule|Evasion Moves Clause: Evasion moves are banned\n|rule|Species Clause: Limit one of each Pok\u00e9mon\n|rule|Sleep Clause Mod: Limit one foe put to sleep\n|clearpoke\n|poke|p1|Okidogi, M|\n|poke|p1|Urshifu-*, F|\n|poke|p1|Tapu Bulu|\n|poke|p1|Sneasler, F|\n|poke|p1|Houndoom, F|\n|poke|p1|Dondozo, M|\n|poke|p2|Kyurem|\n|poke|p2|Hoopa-Unbound|\n|poke|p2|Dragonite, M|\n|poke|p2|Moltres|\n|poke|p2|Ninetales-Alola, F|\n|poke|p2|Volcarona, M|\n|teampreview\n|\n|t:|1699826099\n|start\n|switch|p1a: Okidogi|Okidogi, M|100\/100\n|switch|p2a: Ninetales|Ninetales-Alola, F|100\/100\n|-weather|Snow|[from] ability: Snow Warning|[of] p2a: Ninetales\n|turn|1\n|\n|t:|1699826104\n|move|p2a: Ninetales|Aurora Veil|p2a: Ninetales\n|-sidestart|p2: khxng|move: Aurora Veil\n|move|p1a: Okidogi|Poison Jab|p2a: Ninetales\n|-supereffective|p2a: Ninetales\n|-damage|p2a: Ninetales|53\/100\n|\n|-weather|Snow|[upkeep]\n|upkeep\n|turn|2\n|\n|t:|1699826112\n|switch|p2a: Hoopa|Hoopa-Unbound|100\/100\n|move|p1a: Okidogi|Poison Jab|p2a: Hoopa\n|-damage|p2a: Hoopa|59\/100\n|\n|-weather|Snow|[upkeep]\n|upkeep\n|turn|3\n|\n|t:|1699826123\n|-terastallize|p1a: Okidogi|Dark\n|move|p2a: Hoopa|Zen Headbutt|p1a: Okidogi\n|-immune|p1a: Okidogi\n|move|p1a: Okidogi|Close Combat|p2a: Hoopa\n|-damage|p2a: Hoopa|0 fnt\n|-unboost|p1a: Okidogi|def|1\n|-unboost|p1a: Okidogi|spd|1\n|faint|p2a: Hoopa\n|\n|-weather|Snow|[upkeep]\n|upkeep\n|\n|t:|1699826127\n|switch|p2a: Kyurem|Kyurem, shiny|100\/100\n|-ability|p2a: Kyurem|Pressure\n|turn|4\n|\n|t:|1699826129\n|move|p2a: Kyurem|Icicle Spear|p1a: Okidogi\n|-damage|p1a: Okidogi|84\/100\n|-damage|p1a: Okidogi|69\/100\n|-damage|p1a: Okidogi|53\/100\n|-damage|p1a: Okidogi|37\/100\n|-hitcount|p1a: Okidogi|4\n|move|p1a: Okidogi|Close Combat|p2a: Kyurem\n|-supereffective|p2a: Kyurem\n|-damage|p2a: Kyurem|58\/100\n|-unboost|p1a: Okidogi|def|1\n|-unboost|p1a: Okidogi|spd|1\n|\n|-weather|Snow|[upkeep]\n|upkeep\n|turn|5\n|\n|t:|1699826132\n|switch|p1a: Dondozo|Dondozo, M|100\/100\n|move|p2a: Kyurem|Icicle Spear|p1a: Dondozo\n|-resisted|p1a: Dondozo\n|-damage|p1a: Dondozo|97\/100\n|-resisted|p1a: Dondozo\n|-damage|p1a: Dondozo|93\/100\n|-resisted|p1a: Dondozo\n|-damage|p1a: Dondozo|89\/100\n|-resisted|p1a: Dondozo\n|-damage|p1a: Dondozo|85\/100\n|-resisted|p1a: Dondozo\n|-damage|p1a: Dondozo|81\/100\n|-hitcount|p1a: Dondozo|5\n|\n|-weather|none\n|upkeep\n|turn|6\n|\n|t:|1699826136\n|switch|p2a: Ninetales|Ninetales-Alola, F|53\/100\n|-weather|Snow|[from] ability: Snow Warning|[of] p2a: Ninetales\n|switch|p1a: Houndoom|Houndoom, F|100\/100\n|\n|-weather|Snow|[upkeep]\n|upkeep\n|turn|7\n|\n|t:|1699826140\n|detailschange|p1a: Houndoom|Houndoom-Mega, F\n|-mega|p1a: Houndoom|Houndoom|Houndoominite\n|move|p1a: Houndoom|Nasty Plot|p1a: Houndoom\n|-boost|p1a: Houndoom|spa|2\n|move|p2a: Ninetales|Moonblast|p1a: Houndoom\n|-crit|p1a: Houndoom\n|-damage|p1a: Houndoom|27\/100\n|\n|-weather|Snow|[upkeep]\n|upkeep\n|turn|8\n|\n|t:|1699826145\n|switch|p2a: Dragonite|Dragonite, M|100\/100\n|move|p1a: Houndoom|Flamethrower|p2a: Dragonite\n|-resisted|p2a: Dragonite\n|-damage|p2a: Dragonite|87\/100\n|\n|-weather|Snow|[upkeep]\n|-sideend|p2: khxng|move: Aurora Veil\n|upkeep\n|turn|9\n|\n|t:|1699826149\n|move|p2a: Dragonite|Extreme Speed|p1a: Houndoom\n|-damage|p1a: Houndoom|0 fnt\n|faint|p1a: Houndoom\n|\n|-weather|Snow|[upkeep]\n|upkeep\n|\n|t:|1699826160\n|switch|p1a: Okidogi|Okidogi, M, tera:Dark|37\/100\n|turn|10\n|\n|t:|1699826164\n|move|p2a: Dragonite|Extreme Speed|p1a: Okidogi\n|-damage|p1a: Okidogi|0 fnt\n|faint|p1a: Okidogi\n|\n|-weather|none\n|upkeep\n|\n|t:|1699826169\n|switch|p1a: Urshifu|Urshifu-Rapid-Strike, F|100\/100\n|turn|11\n|\n|t:|1699826175\n|switch|p2a: Moltres|Moltres, shiny|100\/100\n|move|p1a: Urshifu|Ice Spinner|p2a: Moltres\n|-damage|p2a: Moltres|75\/100\n|-status|p1a: Urshifu|brn|[from] ability: Flame Body|[of] p2a: Moltres\n|\n|-damage|p1a: Urshifu|94\/100 brn|[from] brn\n|upkeep\n|turn|12\n|\n|t:|1699826178\n|switch|p1a: Tapu Bulu|Tapu Bulu, shiny|100\/100\n|-fieldstart|move: Grassy Terrain|[from] ability: Grassy Surge|[of] p1a: Tapu Bulu\n|move|p2a: Moltres|U-turn|p1a: Tapu Bulu\n|-damage|p1a: Tapu Bulu|87\/100\n|\n|t:|1699826182\n|switch|p2a: Kyurem|Kyurem, shiny|58\/100|[from] U-turn\n|-ability|p2a: Kyurem|Pressure\n|\n|-heal|p2a: Kyurem|64\/100|[from] Grassy Terrain\n|-heal|p1a: Tapu Bulu|94\/100|[from] Grassy Terrain\n|-heal|p1a: Tapu Bulu|99\/100|[from] item: Leftovers\n|upkeep\n|turn|13\n|\n|t:|1699826191\n|move|p2a: Kyurem|Icicle Spear|p1a: Tapu Bulu\n|-supereffective|p1a: Tapu Bulu\n|-damage|p1a: Tapu Bulu|75\/100\n|-supereffective|p1a: Tapu Bulu\n|-damage|p1a: Tapu Bulu|52\/100\n|-supereffective|p1a: Tapu Bulu\n|-damage|p1a: Tapu Bulu|27\/100\n|-supereffective|p1a: Tapu Bulu\n|-damage|p1a: Tapu Bulu|4\/100\n|-hitcount|p1a: Tapu Bulu|4\n|move|p1a: Tapu Bulu|Close Combat|p2a: Kyurem\n|-supereffective|p2a: Kyurem\n|-damage|p2a: Kyurem|0 fnt\n|-unboost|p1a: Tapu Bulu|def|1\n|-unboost|p1a: Tapu Bulu|spd|1\n|faint|p2a: Kyurem\n|\n|-heal|p1a: Tapu Bulu|10\/100|[from] Grassy Terrain\n|-heal|p1a: Tapu Bulu|16\/100|[from] item: Leftovers\n|upkeep\n|\n|t:|1699826195\n|switch|p2a: Volcarona|Volcarona, M, shiny|100\/100\n|turn|14\n|\n|t:|1699826202\n|move|p2a: Volcarona|Fiery Dance|p1a: Tapu Bulu\n|-supereffective|p1a: Tapu Bulu\n|-damage|p1a: Tapu Bulu|0 fnt\n|faint|p1a: Tapu Bulu\n|\n|upkeep\n|\n|t:|1699826208\n|switch|p1a: Sneasler|Sneasler, F, shiny|100\/100\n|-enditem|p1a: Sneasler|Grassy Seed\n|-boost|p1a: Sneasler|def|1|[from] item: Grassy Seed\n|turn|15\n|\n|t:|1699826213\n|switch|p2a: Moltres|Moltres, shiny|75\/100\n|move|p1a: Sneasler|Swords Dance|p1a: Sneasler\n|-boost|p1a: Sneasler|atk|2\n|\n|upkeep\n|turn|16\n|\n|t:|1699826216\n|move|p1a: Sneasler|Dire Claw|p2a: Moltres\n|-damage|p2a: Moltres|0 fnt\n|faint|p2a: Moltres\n|\n|-fieldend|move: Grassy Terrain\n|upkeep\n|\n|t:|1699826220\n|switch|p2a: Dragonite|Dragonite, M|87\/100\n|turn|17\n|\n|t:|1699826225\n|move|p1a: Sneasler|Acrobatics|p2a: Dragonite\n|-damage|p2a: Dragonite|0 fnt\n|faint|p2a: Dragonite\n|\n|upkeep\n|\n|t:|1699826229\n|switch|p2a: Ninetales|Ninetales-Alola, F|53\/100\n|-weather|Snow|[from] ability: Snow Warning|[of] p2a: Ninetales\n|turn|18\n|\n|t:|1699826231\n|move|p1a: Sneasler|Dire Claw|p2a: Ninetales\n|-supereffective|p2a: Ninetales\n|-damage|p2a: Ninetales|0 fnt\n|faint|p2a: Ninetales\n|\n|-weather|Snow|[upkeep]\n|upkeep\n|\n|t:|1699826234\n|switch|p2a: Volcarona|Volcarona, M, shiny|100\/100\n|turn|19\n|\n|t:|1699826236\n|move|p1a: Sneasler|Acrobatics|p2a: Volcarona\n|-supereffective|p2a: Volcarona\n|-damage|p2a: Volcarona|0 fnt\n|-status|p1a: Sneasler|brn|[from] ability: Flame Body|[of] p2a: Volcarona\n|faint|p2a: Volcarona\n|\n|win|thagreatbuffalo\n|raw|thagreatbuffalo's rating: 1637 &rarr; <strong>1655<\/strong><br \/>(+18 for winning)\n|raw|khxng's rating: 1606 &rarr; <strong>1588<\/strong><br \/>(-18 for losing)\n","uploadtime":1699826239,"views":10,"p1id":"thagreatbuffalo","p2id":"khxng","formatid":"gen9nationaldex","rating":1588,"private":0,"password":""}