{"id":"gen9nationaldex-1990424621","p1":"Wederted","p2":"bpmw07112","format":"[Gen 9] National Dex","log":"|j|\u2606Wederted\n|j|\u2606bpmw07112\n|t:|1699969609\n|gametype|singles\n|player|p1|Wederted|ingo|1252\n|player|p2|bpmw07112|lana|1184\n|teamsize|p1|6\n|teamsize|p2|6\n|gen|9\n|tier|[Gen 9] National Dex\n|rated|\n|rule|HP Percentage Mod: HP is shown in percentages\n|rule|Endless Battle Clause: Forcing endless battles is banned\n|rule|OHKO Clause: OHKO moves are banned\n|rule|Evasion Clause: Evasion abilities, items, and moves are banned\n|rule|Evasion Abilities Clause: Evasion abilities are banned\n|rule|Evasion Items Clause: Evasion items are banned\n|rule|Evasion Moves Clause: Evasion moves are banned\n|rule|Species Clause: Limit one of each Pok\u00e9mon\n|rule|Sleep Clause Mod: Limit one foe put to sleep\n|clearpoke\n|poke|p1|Urshifu-*, M|\n|poke|p1|Corviknight, F|\n|poke|p1|Rillaboom, F|\n|poke|p1|Rotom-Wash|\n|poke|p1|Zapdos|\n|poke|p1|Beedrill, M|\n|poke|p2|Corsola-Galar, F|\n|poke|p2|Dragalge, M|\n|poke|p2|Charizard, M|\n|poke|p2|Aurorus, M|\n|poke|p2|Great Tusk|\n|poke|p2|Muk-Alola, F|\n|teampreview\n|inactive|Battle timer is ON: inactive players will automatically lose when time's up. (requested by bpmw07112)\n|\n|t:|1699969663\n|start\n|switch|p1a: Rillaboom|Rillaboom, F|100\/100\n|switch|p2a: Muk|Muk-Alola, F|100\/100\n|-fieldstart|move: Grassy Terrain|[from] ability: Grassy Surge|[of] p1a: Rillaboom\n|turn|1\n|\n|t:|1699969678\n|move|p1a: Rillaboom|U-turn|p2a: Muk\n|-damage|p2a: Muk|70\/100\n|-damage|p1a: Rillaboom|91\/100|[from] item: Life Orb\n|\n|t:|1699969686\n|switch|p1a: Corviknight|Corviknight, F|100\/100|[from] U-turn\n|move|p2a: Muk|Knock Off|p1a: Corviknight\n|-damage|p1a: Corviknight|70\/100\n|-damage|p2a: Muk|54\/100|[from] item: Rocky Helmet|[of] p1a: Corviknight\n|-enditem|p1a: Corviknight|Rocky Helmet|[from] move: Knock Off|[of] p2a: Muk\n|\n|-heal|p2a: Muk|60\/100|[from] Grassy Terrain\n|upkeep\n|turn|2\n|\n|t:|1699969693\n|switch|p2a: Charizard|Charizard, M|100\/100\n|move|p1a: Corviknight|Body Press|p2a: Charizard\n|-resisted|p2a: Charizard\n|-damage|p2a: Charizard|85\/100\n|\n|upkeep\n|turn|3\n|\n|t:|1699969701\n|switch|p1a: Rotom|Rotom-Wash|100\/100\n|detailschange|p2a: Charizard|Charizard-Mega-Y, M\n|-mega|p2a: Charizard|Charizard|Charizardite Y\n|-weather|SunnyDay|[from] ability: Drought|[of] p2a: Charizard\n|move|p2a: Charizard|Weather Ball|p1a: Rotom\n|-resisted|p1a: Rotom\n|-damage|p1a: Rotom|35\/100\n|\n|-weather|SunnyDay|[upkeep]\n|-heal|p1a: Rotom|41\/100|[from] item: Leftovers\n|upkeep\n|turn|4\n|\n|t:|1699969712\n|switch|p2a: Great Tusk|Great Tusk|100\/100\n|-activate|p2a: Great Tusk|ability: Protosynthesis\n|-start|p2a: Great Tusk|protosynthesisatk\n|move|p1a: Rotom|Volt Switch|p2a: Great Tusk\n|-immune|p2a: Great Tusk\n|\n|-weather|SunnyDay|[upkeep]\n|-heal|p1a: Rotom|47\/100|[from] item: Leftovers\n|upkeep\n|turn|5\n|\n|t:|1699969726\n|move|p2a: Great Tusk|Close Combat|p1a: Rotom\n|-damage|p1a: Rotom|0 fnt\n|-unboost|p2a: Great Tusk|def|1\n|-unboost|p2a: Great Tusk|spd|1\n|faint|p1a: Rotom\n|\n|-weather|SunnyDay|[upkeep]\n|-fieldend|move: Grassy Terrain\n|upkeep\n|\n|t:|1699969740\n|switch|p1a: Urshifu|Urshifu-Rapid-Strike, M|100\/100\n|turn|6\n|inactive|bpmw07112 has 120 seconds left.\n|\n|t:|1699969777\n|-end|p2a: Great Tusk|Protosynthesis|[silent]\n|switch|p2a: Corsola|Corsola-Galar, F|100\/100\n|-terastallize|p1a: Urshifu|Water\n|move|p1a: Urshifu|Surging Strikes|p2a: Corsola\n|-crit|p2a: Corsola\n|-damage|p2a: Corsola|92\/100\n|-crit|p2a: Corsola\n|-damage|p2a: Corsola|84\/100\n|-crit|p2a: Corsola\n|-damage|p2a: Corsola|75\/100\n|-hitcount|p2a: Corsola|3\n|-damage|p1a: Urshifu|91\/100|[from] item: Life Orb\n|\n|-weather|SunnyDay|[upkeep]\n|upkeep\n|turn|7\n|inactive|bpmw07112 has 120 seconds left.\n|\n|t:|1699969788\n|switch|p1a: Zapdos|Zapdos|100\/100\n|move|p2a: Corsola|Strength Sap|p1a: Zapdos\n|-unboost|p1a: Zapdos|atk|1\n|-heal|p2a: Corsola|100\/100\n|\n|-weather|none\n|upkeep\n|turn|8\n|inactive|bpmw07112 has 120 seconds left.\n|\n|t:|1699969804\n|move|p1a: Zapdos|Thunderbolt|p2a: Corsola\n|-damage|p2a: Corsola|67\/100\n|move|p2a: Corsola|Will-O-Wisp|p1a: Zapdos\n|-status|p1a: Zapdos|brn\n|\n|-damage|p1a: Zapdos|94\/100 brn|[from] brn\n|upkeep\n|turn|9\n|\n|t:|1699969811\n|move|p1a: Zapdos|Hurricane|p2a: Corsola\n|-damage|p2a: Corsola|29\/100\n|move|p2a: Corsola|Calm Mind|p2a: Corsola\n|-boost|p2a: Corsola|spa|1\n|-boost|p2a: Corsola|spd|1\n|\n|-heal|p1a: Zapdos|100\/100 brn|[from] item: Leftovers\n|-damage|p1a: Zapdos|94\/100 brn|[from] brn\n|upkeep\n|turn|10\n|\n|t:|1699969818\n|move|p1a: Zapdos|Hurricane|p2a: Corsola|[miss]\n|-miss|p1a: Zapdos|p2a: Corsola\n|move|p2a: Corsola|Strength Sap|p1a: Zapdos\n|-unboost|p1a: Zapdos|atk|1\n|-heal|p2a: Corsola|68\/100\n|\n|-heal|p1a: Zapdos|100\/100 brn|[from] item: Leftovers\n|-damage|p1a: Zapdos|94\/100 brn|[from] brn\n|upkeep\n|turn|11\n|\n|t:|1699969828\n|switch|p2a: Charizard|Charizard-Mega-Y, M|85\/100\n|-weather|SunnyDay|[from] ability: Drought|[of] p2a: Charizard\n|move|p1a: Zapdos|Hurricane|p2a: Charizard\n|-damage|p2a: Charizard|29\/100\n|-start|p2a: Charizard|confusion\n|\n|-weather|SunnyDay|[upkeep]\n|-heal|p1a: Zapdos|100\/100 brn|[from] item: Leftovers\n|-damage|p1a: Zapdos|94\/100 brn|[from] brn\n|upkeep\n|turn|12\n|\n|t:|1699969832\n|-activate|p2a: Charizard|confusion\n|-damage|p2a: Charizard|17\/100|[from] confusion\n|move|p1a: Zapdos|Thunderbolt|p2a: Charizard\n|-supereffective|p2a: Charizard\n|-damage|p2a: Charizard|0 fnt\n|faint|p2a: Charizard\n|\n|-weather|SunnyDay|[upkeep]\n|-heal|p1a: Zapdos|100\/100 brn|[from] item: Leftovers\n|-damage|p1a: Zapdos|94\/100 brn|[from] brn\n|upkeep\n|\n|t:|1699969841\n|switch|p2a: Great Tusk|Great Tusk|100\/100\n|-activate|p2a: Great Tusk|ability: Protosynthesis\n|-start|p2a: Great Tusk|protosynthesisatk\n|turn|13\n|\n|t:|1699969849\n|move|p1a: Zapdos|U-turn|p2a: Great Tusk\n|-resisted|p2a: Great Tusk\n|-damage|p2a: Great Tusk|99\/100\n|\n|t:|1699969853\n|switch|p1a: Rillaboom|Rillaboom, F|91\/100|[from] U-turn\n|-fieldstart|move: Grassy Terrain|[from] ability: Grassy Surge|[of] p1a: Rillaboom\n|-zpower|p2a: Great Tusk\n|move|p2a: Great Tusk|Subzero Slammer|p1a: Rillaboom|[zeffect]\n|-supereffective|p1a: Rillaboom\n|-damage|p1a: Rillaboom|0 fnt\n|faint|p1a: Rillaboom\n|\n|-weather|SunnyDay|[upkeep]\n|-heal|p2a: Great Tusk|100\/100|[from] Grassy Terrain\n|upkeep\n|\n|t:|1699969861\n|switch|p1a: Urshifu|Urshifu-Rapid-Strike, M, tera:Water|91\/100\n|turn|14\n|\n|t:|1699969876\n|move|p1a: Urshifu|Bulk Up|p1a: Urshifu\n|-boost|p1a: Urshifu|atk|1\n|-boost|p1a: Urshifu|def|1\n|move|p2a: Great Tusk|Rapid Spin|p1a: Urshifu\n|-damage|p1a: Urshifu|76\/100\n|-boost|p2a: Great Tusk|spe|1\n|\n|-weather|SunnyDay|[upkeep]\n|-heal|p1a: Urshifu|82\/100|[from] Grassy Terrain\n|upkeep\n|turn|15\n|\n|t:|1699969882\n|-end|p2a: Great Tusk|Protosynthesis|[silent]\n|switch|p2a: Corsola|Corsola-Galar, F|68\/100\n|move|p1a: Urshifu|Surging Strikes|p2a: Corsola\n|-crit|p2a: Corsola\n|-damage|p2a: Corsola|55\/100\n|-crit|p2a: Corsola\n|-damage|p2a: Corsola|42\/100\n|-crit|p2a: Corsola\n|-damage|p2a: Corsola|30\/100\n|-hitcount|p2a: Corsola|3\n|-damage|p1a: Urshifu|72\/100|[from] item: Life Orb\n|\n|-weather|none\n|-heal|p1a: Urshifu|79\/100|[from] Grassy Terrain\n|-heal|p2a: Corsola|36\/100|[from] Grassy Terrain\n|upkeep\n|turn|16\n|\n|t:|1699969890\n|move|p1a: Urshifu|Surging Strikes|p2a: Corsola\n|-crit|p2a: Corsola\n|-damage|p2a: Corsola|7\/100\n|-crit|p2a: Corsola\n|-damage|p2a: Corsola|0 fnt\n|-start|p1a: Urshifu|Disable|Surging Strikes|[from] ability: Cursed Body|[of] p2a: Corsola\n|faint|p2a: Corsola\n|-hitcount|p2: Corsola|2\n|-damage|p1a: Urshifu|69\/100|[from] item: Life Orb\n|\n|-heal|p1a: Urshifu|75\/100|[from] Grassy Terrain\n|upkeep\n|\n|t:|1699969901\n|switch|p2a: Dragalge|Dragalge, M|100\/100\n|turn|17\n|\n|t:|1699969907\n|move|p1a: Urshifu|Ice Spinner|p2a: Dragalge\n|-supereffective|p2a: Dragalge\n|-damage|p2a: Dragalge|0 fnt\n|-fieldend|move: Grassy Terrain\n|faint|p2a: Dragalge\n|-damage|p1a: Urshifu|65\/100|[from] item: Life Orb\n|\n|upkeep\n|\n|t:|1699969916\n|switch|p2a: Aurorus|Aurorus, M|100\/100\n|turn|18\n|\n|t:|1699969923\n|-terastallize|p2a: Aurorus|Ground\n|move|p1a: Urshifu|Close Combat|p2a: Aurorus\n|-damage|p2a: Aurorus|0 fnt\n|-unboost|p1a: Urshifu|def|1\n|-unboost|p1a: Urshifu|spd|1\n|faint|p2a: Aurorus\n|-damage|p1a: Urshifu|55\/100|[from] item: Life Orb\n|\n|upkeep\n|\n|t:|1699969927\n|switch|p2a: Muk|Muk-Alola, F|60\/100\n|turn|19\n|\n|t:|1699969932\n|move|p1a: Urshifu|Close Combat|p2a: Muk\n|-damage|p2a: Muk|0 fnt\n|-unboost|p1a: Urshifu|def|1\n|-unboost|p1a: Urshifu|spd|1\n|faint|p2a: Muk\n|-damage|p1a: Urshifu|45\/100|[from] item: Life Orb\n|\n|-end|p1a: Urshifu|Disable\n|upkeep\n|\n|t:|1699969934\n|switch|p2a: Great Tusk|Great Tusk|100\/100\n|turn|20\n|\n|t:|1699969938\n|move|p1a: Urshifu|Surging Strikes|p2a: Great Tusk\n|-supereffective|p2a: Great Tusk\n|-crit|p2a: Great Tusk\n|-damage|p2a: Great Tusk|26\/100\n|-supereffective|p2a: Great Tusk\n|-crit|p2a: Great Tusk\n|-damage|p2a: Great Tusk|0 fnt\n|faint|p2a: Great Tusk\n|-end|p2a: Great Tusk|Protosynthesis|[silent]\n|-hitcount|p2: Great Tusk|2\n|-damage|p1a: Urshifu|35\/100|[from] item: Life Orb\n|\n|win|Wederted\n|raw|Wederted's rating: 1252 &rarr; <strong>1272<\/strong><br \/>(+20 for winning)\n|raw|bpmw07112's rating: 1184 &rarr; <strong>1164<\/strong><br \/>(-20 for losing)\n","uploadtime":1699969942,"views":4,"p1id":"wederted","p2id":"bpmw07112","formatid":"gen9nationaldex","rating":1164,"private":0,"password":""}