{"id":"gen9nationaldex-2000139004","p1":"kanrenji","p2":"Wesking7","format":"[Gen 9] National Dex","log":"|html|<div class=\"broadcast-blue\"><strong>[Gen 9] National Dex is currently suspecting Sneasler! For information on how to participate check out the <a href=\"https:\/\/www.smogon.com\/forums\/threads\/sv-national-dex-suspect-8-just-dance.3731534\/\">suspect thread<\/a>.<\/strong><\/div>\n|j|\u2606kanrenji\n|j|\u2606Wesking7\n|t:|1701161672\n|gametype|singles\n|player|p1|kanrenji|101|1279\n|player|p2|Wesking7|benga|1316\n|teamsize|p1|6\n|teamsize|p2|6\n|gen|9\n|tier|[Gen 9] National Dex\n|rated|\n|rule|HP Percentage Mod: HP is shown in percentages\n|rule|Endless Battle Clause: Forcing endless battles is banned\n|rule|OHKO Clause: OHKO moves are banned\n|rule|Evasion Clause: Evasion abilities, items, and moves are banned\n|rule|Evasion Abilities Clause: Evasion abilities are banned\n|rule|Evasion Items Clause: Evasion items are banned\n|rule|Evasion Moves Clause: Evasion moves are banned\n|rule|Species Clause: Limit one of each Pok\u00e9mon\n|rule|Sleep Clause Mod: Limit one foe put to sleep\n|clearpoke\n|poke|p1|Incineroar, F|\n|poke|p1|Scizor, F|\n|poke|p1|Skeledirge, M|\n|poke|p1|Sneasler, F|\n|poke|p1|Dragonite, F|\n|poke|p1|Rillaboom, M|\n|poke|p2|Tapu Koko|\n|poke|p2|Iron Valiant|\n|poke|p2|Sneasler, M|\n|poke|p2|Iron Moth|\n|poke|p2|Great Tusk|\n|poke|p2|Scizor, M|\n|teampreview\n|inactive|Battle timer is ON: inactive players will automatically lose when time's up. (requested by Wesking7)\n|inactive|Wesking7 has 120 seconds left.\n|\n|t:|1701161711\n|start\n|switch|p1a: Scizor|Scizor, F|100\/100\n|switch|p2a: Scizor|Scizor, M|100\/100\n|turn|1\n|\n|t:|1701161721\n|switch|p2a: Great Tusk|Great Tusk|100\/100\n|detailschange|p1a: Scizor|Scizor-Mega, F\n|-mega|p1a: Scizor|Scizor|Scizorite\n|move|p1a: Scizor|Swords Dance|p1a: Scizor\n|-boost|p1a: Scizor|atk|2\n|\n|upkeep\n|turn|2\n|\n|t:|1701161727\n|move|p2a: Great Tusk|Close Combat|p1a: Scizor\n|-damage|p1a: Scizor|50\/100\n|-unboost|p2a: Great Tusk|def|1\n|-unboost|p2a: Great Tusk|spd|1\n|move|p1a: Scizor|Aerial Ace|p2a: Great Tusk\n|-supereffective|p2a: Great Tusk\n|-damage|p2a: Great Tusk|0 fnt\n|faint|p2a: Great Tusk\n|-end|p2a: Great Tusk|Protosynthesis|[silent]\n|\n|upkeep\n|\n|t:|1701161756\n|switch|p2a: Iron Moth|Iron Moth|100\/100\n|turn|3\n|\n|t:|1701161786\n|switch|p1a: Sneasler|Sneasler, F|100\/100\n|move|p2a: Iron Moth|Fiery Dance|p1a: Sneasler\n|-damage|p1a: Sneasler|44\/100\n|\n|upkeep\n|turn|4\n|inactive|Wesking7 has 120 seconds left.\n|\n|t:|1701161817\n|move|p2a: Iron Moth|Fiery Dance|p1a: Sneasler\n|-damage|p1a: Sneasler|0 fnt\n|-boost|p2a: Iron Moth|spa|1\n|faint|p1a: Sneasler\n|\n|upkeep\n|\n|t:|1701161822\n|switch|p1a: Dragonite|Dragonite, F|100\/100\n|turn|5\n|\n|t:|1701161828\n|-end|p2a: Iron Moth|Quark Drive|[silent]\n|switch|p2a: Scizor|Scizor, M|100\/100\n|move|p1a: Dragonite|Extreme Speed|p2a: Scizor\n|-resisted|p2a: Scizor\n|-damage|p2a: Scizor|75\/100\n|\n|upkeep\n|turn|6\n|inactive|Wesking7 has 120 seconds left.\n|\n|t:|1701161851\n|switch|p1a: Skeledirge|Skeledirge, M|100\/100\n|detailschange|p2a: Scizor|Scizor-Mega, M\n|-mega|p2a: Scizor|Scizor|Scizorite\n|move|p2a: Scizor|Swords Dance|p2a: Scizor\n|-boost|p2a: Scizor|atk|2\n|\n|upkeep\n|turn|7\n|inactive|Wesking7 has 120 seconds left.\n|\n|t:|1701161857\n|switch|p2a: Tapu Koko|Tapu Koko|100\/100\n|-fieldstart|move: Electric Terrain|[from] ability: Electric Surge|[of] p2a: Tapu Koko\n|move|p1a: Skeledirge|Flame Charge|p2a: Tapu Koko\n|-damage|p2a: Tapu Koko|82\/100\n|-boost|p1a: Skeledirge|spe|1\n|\n|upkeep\n|turn|8\n|inactive|Wesking7 has 120 seconds left.\n|\n|t:|1701161882\n|-terastallize|p1a: Skeledirge|Fire\n|move|p2a: Tapu Koko|U-turn|p1a: Skeledirge\n|-resisted|p1a: Skeledirge\n|-damage|p1a: Skeledirge|93\/100\n|\n|t:|1701161899\n|switch|p2a: Iron Moth|Iron Moth|100\/100|[from] U-turn\n|-activate|p2a: Iron Moth|ability: Quark Drive\n|-start|p2a: Iron Moth|quarkdrivespe\n|move|p1a: Skeledirge|Torch Song|p2a: Iron Moth\n|-resisted|p2a: Iron Moth\n|-damage|p2a: Iron Moth|78\/100\n|-boost|p1a: Skeledirge|spa|1\n|-enditem|p1a: Skeledirge|Throat Spray\n|-boost|p1a: Skeledirge|spa|1|[from] item: Throat Spray\n|\n|upkeep\n|turn|9\n|\n|t:|1701161910\n|-terastallize|p2a: Iron Moth|Ground\n|move|p2a: Iron Moth|Tera Blast|p1a: Skeledirge|[anim] Tera Blast Ground\n|-supereffective|p1a: Skeledirge\n|-damage|p1a: Skeledirge|0 fnt\n|faint|p1a: Skeledirge\n|\n|upkeep\n|\n|t:|1701161919\n|switch|p1a: Rillaboom|Rillaboom, M|100\/100\n|-fieldstart|move: Grassy Terrain|[from] ability: Grassy Surge|[of] p1a: Rillaboom\n|-end|p2a: Iron Moth|Quark Drive\n|-enditem|p1a: Rillaboom|Grassy Seed\n|-boost|p1a: Rillaboom|def|1|[from] item: Grassy Seed\n|turn|10\n|\n|t:|1701161944\n|move|p1a: Rillaboom|Grassy Glide|p2a: Iron Moth\n|-supereffective|p2a: Iron Moth\n|-damage|p2a: Iron Moth|0 fnt\n|faint|p2a: Iron Moth\n|-end|p2a: Iron Moth|Quark Drive|[silent]\n|\n|upkeep\n|inactive|Wesking7 has 90 seconds left.\n|\n|t:|1701161956\n|switch|p2a: Tapu Koko|Tapu Koko|82\/100\n|-fieldstart|move: Electric Terrain|[from] ability: Electric Surge|[of] p2a: Tapu Koko\n|turn|11\n|l|\u2606kanrenji\n|inactive|kanrenji disconnected and has a minute to reconnect!\n|player|p1|\n|inactive|kanrenji has 30 seconds to reconnect!\n|inactive|kanrenji has 20 seconds to reconnect!\n|inactive|kanrenji has 15 seconds to reconnect!\n|inactive|kanrenji has 10 seconds to reconnect!\n|inactive|kanrenji has 5 seconds to reconnect!\n|-message|kanrenji lost due to inactivity.\n|\n|win|Wesking7\n|raw|kanrenji's rating: 1279 &rarr; <strong>1257<\/strong><br \/>(-22 for losing)\n|raw|Wesking7's rating: 1316 &rarr; <strong>1334<\/strong><br \/>(+18 for winning)\n","uploadtime":1701162037,"views":1,"p1id":"kanrenji","p2id":"wesking7","formatid":"gen9nationaldex","rating":1257,"private":0,"password":""}