{"id":"gen9nationaldex-1999242368","p1":"ZaochuanPomelo","p2":"Ricaroot","format":"[Gen 9] National Dex","log":"|html|<div class=\"broadcast-blue\"><strong>[Gen 9] National Dex is currently suspecting Sneasler! For information on how to participate check out the <a href=\"https:\/\/www.smogon.com\/forums\/threads\/sv-national-dex-suspect-8-just-dance.3731534\/\">suspect thread<\/a>.<\/strong><\/div>\n|j|\u2606ZaochuanPomelo\n|j|\u2606Ricaroot\n|t:|1701049768\n|gametype|singles\n|player|p1|ZaochuanPomelo|whitney|1223\n|player|p2|Ricaroot|parasollady-gen4|1137\n|teamsize|p1|6\n|teamsize|p2|6\n|gen|9\n|tier|[Gen 9] National Dex\n|rated|\n|rule|HP Percentage Mod: HP is shown in percentages\n|rule|Endless Battle Clause: Forcing endless battles is banned\n|rule|OHKO Clause: OHKO moves are banned\n|rule|Evasion Clause: Evasion abilities, items, and moves are banned\n|rule|Evasion Abilities Clause: Evasion abilities are banned\n|rule|Evasion Items Clause: Evasion items are banned\n|rule|Evasion Moves Clause: Evasion moves are banned\n|rule|Species Clause: Limit one of each Pok\u00e9mon\n|rule|Sleep Clause Mod: Limit one foe put to sleep\n|clearpoke\n|poke|p1|Latias, F|\n|poke|p1|Dragonite, M|\n|poke|p1|Milotic, F|\n|poke|p1|Excadrill, M|\n|poke|p1|Ninetales-Alola, F|\n|poke|p1|Banette, F|\n|poke|p2|Lopunny, F|\n|poke|p2|Sigilyph, F|\n|poke|p2|Mandibuzz, F|\n|poke|p2|Seviper, F|\n|poke|p2|Corsola-Galar, M|\n|poke|p2|Chansey, F|\n|teampreview\n|inactive|Battle timer is ON: inactive players will automatically lose when time's up. (requested by ZaochuanPomelo)\n|inactive|ZaochuanPomelo has 120 seconds left.\n|\n|t:|1701049826\n|start\n|switch|p1a: Excadrill|Excadrill, M|100\/100\n|switch|p2a: Lopez|Lopunny, F, shiny|100\/100\n|-ability|p1a: Excadrill|Mold Breaker\n|turn|1\n|\n|t:|1701049836\n|detailschange|p2a: Lopez|Lopunny-Mega, F, shiny\n|-mega|p2a: Lopez|Lopunny|Lopunnite\n|-terastallize|p1a: Excadrill|Ghost\n|move|p2a: Lopez|High Jump Kick|p1a: Excadrill\n|-damage|p1a: Excadrill|9\/100\n|move|p1a: Excadrill|Stealth Rock|p2a: Lopez\n|-sidestart|p2: Ricaroot|move: Stealth Rock\n|\n|upkeep\n|turn|2\n|\n|t:|1701049845\n|move|p2a: Lopez|Return|p1a: Excadrill\n|-damage|p1a: Excadrill|0 fnt\n|faint|p1a: Excadrill\n|\n|upkeep\n|\n|t:|1701049851\n|switch|p1a: Banette|Banette, F|100\/100\n|turn|3\n|\n|t:|1701049857\n|switch|p2a: B\u00e1cio|Sigilyph, F|100\/100\n|detailschange|p1a: Banette|Banette-Mega, F\n|-mega|p1a: Banette|Banette|Banettite\n|move|p1a: Banette|Destiny Bond|p1a: Banette\n|-singlemove|p1a: Banette|Destiny Bond\n|\n|upkeep\n|turn|4\n|\n|t:|1701049866\n|switch|p2a: MacBuss|Mandibuzz, F|100\/100\n|move|p1a: Banette|Poltergeist|p2a: MacBuss\n|-activate|p2a: MacBuss|move: Poltergeist|Heavy-Duty Boots\n|-resisted|p2a: MacBuss\n|-damage|p2a: MacBuss|74\/100\n|\n|upkeep\n|turn|5\n|\n|t:|1701049881\n|switch|p1a: Milotic|Milotic, F|100\/100\n|move|p2a: MacBuss|Tailwind|p2a: MacBuss\n|-sidestart|p2: Ricaroot|move: Tailwind\n|\n|upkeep\n|turn|6\n|\n|t:|1701049889\n|move|p2a: MacBuss|Defog|p1a: Milotic\n|-unboost|p1a: Milotic|evasion|1\n|-ability|p1a: Milotic|Competitive|boost\n|-boost|p1a: Milotic|spa|2\n|-sideend|p2: Ricaroot|Stealth Rock|[from] move: Defog|[of] p2a: MacBuss\n|move|p1a: Milotic|Toxic|p2a: MacBuss\n|-status|p2a: MacBuss|tox\n|\n|-damage|p2a: MacBuss|67\/100 tox|[from] psn\n|upkeep\n|turn|7\n|\n|t:|1701049897\n|switch|p2a: Chance|Chansey, F|100\/100\n|switch|p1a: Ninetales|Ninetales-Alola, F|100\/100\n|-weather|Snow|[from] ability: Snow Warning|[of] p1a: Ninetales\n|\n|-weather|Snow|[upkeep]\n|upkeep\n|turn|8\n|\n|t:|1701049906\n|move|p1a: Ninetales|Safeguard|p1a: Ninetales\n|-sidestart|p1: ZaochuanPomelo|Safeguard\n|move|p2a: Chance|Toxic|p1a: Ninetales\n|-activate|p1a: Ninetales|move: Safeguard\n|\n|-weather|Snow|[upkeep]\n|-sideend|p2: Ricaroot|move: Tailwind\n|upkeep\n|turn|9\n|\n|t:|1701049915\n|move|p1a: Ninetales|Encore|p2a: Chance\n|-start|p2a: Chance|Encore\n|move|p2a: Chance|Toxic|p1a: Ninetales\n|-activate|p1a: Ninetales|move: Safeguard\n|\n|-weather|Snow|[upkeep]\n|upkeep\n|turn|10\n|\n|t:|1701049920\n|switch|p2a: Jessie|Seviper, F|100\/100\n|move|p1a: Ninetales|Aurora Veil|p1a: Ninetales\n|-sidestart|p1: ZaochuanPomelo|move: Aurora Veil\n|\n|-weather|Snow|[upkeep]\n|upkeep\n|turn|11\n|\n|t:|1701049945\n|switch|p1a: Latias|Latias, F|100\/100\n|move|p2a: Jessie|Sludge Wave|p1a: Latias\n|-damage|p1a: Latias|67\/100\n|\n|-weather|none\n|-heal|p1a: Latias|73\/100|[from] item: Leftovers\n|upkeep\n|turn|12\n|\n|t:|1701049953\n|switch|p2a: MacBuss|Mandibuzz, F|67\/100 tox\n|move|p1a: Latias|Calm Mind|p1a: Latias\n|-boost|p1a: Latias|spa|1\n|-boost|p1a: Latias|spd|1\n|\n|-heal|p1a: Latias|79\/100|[from] item: Leftovers\n|-damage|p2a: MacBuss|61\/100 tox|[from] psn\n|-sideend|p1: ZaochuanPomelo|Safeguard\n|upkeep\n|turn|13\n|\n|t:|1701049964\n|move|p1a: Latias|Calm Mind|p1a: Latias\n|-boost|p1a: Latias|spa|1\n|-boost|p1a: Latias|spd|1\n|move|p2a: MacBuss|Tailwind|p2a: MacBuss\n|-sidestart|p2: Ricaroot|move: Tailwind\n|\n|-heal|p1a: Latias|85\/100|[from] item: Leftovers\n|-damage|p2a: MacBuss|49\/100 tox|[from] psn\n|upkeep\n|turn|14\n|\n|t:|1701049977\n|-terastallize|p2a: MacBuss|Dark\n|move|p2a: MacBuss|Foul Play|p1a: Latias\n|-supereffective|p1a: Latias\n|-damage|p1a: Latias|58\/100\n|move|p1a: Latias|Aura Sphere|p2a: MacBuss\n|-supereffective|p2a: MacBuss\n|-damage|p2a: MacBuss|0 fnt\n|faint|p2a: MacBuss\n|\n|-heal|p1a: Latias|65\/100|[from] item: Leftovers\n|upkeep\n|\n|t:|1701049987\n|switch|p2a: Lopez|Lopunny-Mega, F, shiny|100\/100\n|turn|15\n|\n|t:|1701049991\n|move|p2a: Lopez|Fake Out|p1a: Latias\n|-crit|p1a: Latias\n|-damage|p1a: Latias|29\/100\n|cant|p1a: Latias|flinch\n|\n|-heal|p1a: Latias|35\/100|[from] item: Leftovers\n|upkeep\n|turn|16\n|\n|t:|1701049998\n|switch|p1a: Ninetales|Ninetales-Alola, F|100\/100\n|-weather|Snow|[from] ability: Snow Warning|[of] p1a: Ninetales\n|move|p2a: Lopez|Triple Axel|p1a: Ninetales\n|-resisted|p1a: Ninetales\n|-damage|p1a: Ninetales|99\/100\n|-resisted|p1a: Ninetales\n|-damage|p1a: Ninetales|96\/100\n|-resisted|p1a: Ninetales\n|-damage|p1a: Ninetales|92\/100\n|-hitcount|p1a: Ninetales|3\n|\n|-weather|Snow|[upkeep]\n|-sideend|p2: Ricaroot|move: Tailwind\n|upkeep\n|turn|17\n|\n|t:|1701050011\n|switch|p2a: Jessie|Seviper, F|100\/100\n|move|p1a: Ninetales|Freeze-Dry|p2a: Jessie\n|-damage|p2a: Jessie|65\/100\n|\n|-weather|Snow|[upkeep]\n|-sideend|p1: ZaochuanPomelo|move: Aurora Veil\n|upkeep\n|turn|18\n|\n|t:|1701050017\n|move|p1a: Ninetales|Safeguard|p1a: Ninetales\n|-sidestart|p1: ZaochuanPomelo|Safeguard\n|move|p2a: Jessie|Sludge Wave|p1a: Ninetales\n|-supereffective|p1a: Ninetales\n|-damage|p1a: Ninetales|7\/100\n|\n|-weather|Snow|[upkeep]\n|upkeep\n|turn|19\n|\n|t:|1701050031\n|switch|p2a: Chance|Chansey, F|100\/100\n|move|p1a: Ninetales|Aurora Veil|p1a: Ninetales\n|-sidestart|p1: ZaochuanPomelo|move: Aurora Veil\n|\n|-weather|Snow|[upkeep]\n|upkeep\n|turn|20\n|\n|t:|1701050039\n|switch|p1a: Dragonite|Dragonite, M|100\/100\n|move|p2a: Chance|Seismic Toss|p1a: Dragonite\n|-damage|p1a: Dragonite|70\/100\n|\n|-weather|none\n|upkeep\n|turn|21\n|\n|t:|1701050046\n|switch|p2a: Ressuy|Corsola-Galar, M, shiny|100\/100\n|move|p1a: Dragonite|Dragon Dance|p1a: Dragonite\n|-boost|p1a: Dragonite|atk|1\n|-boost|p1a: Dragonite|spe|1\n|\n|upkeep\n|turn|22\n|\n|t:|1701050054\n|move|p1a: Dragonite|Dragon Dance|p1a: Dragonite\n|-boost|p1a: Dragonite|atk|1\n|-boost|p1a: Dragonite|spe|1\n|move|p2a: Ressuy|Iron Defense|p2a: Ressuy\n|-boost|p2a: Ressuy|def|2\n|\n|-sideend|p1: ZaochuanPomelo|Safeguard\n|upkeep\n|turn|23\n|\n|t:|1701050056\n|move|p1a: Dragonite|Dragon Dance|p1a: Dragonite\n|-boost|p1a: Dragonite|atk|1\n|-boost|p1a: Dragonite|spe|1\n|move|p2a: Ressuy|Iron Defense|p2a: Ressuy\n|-boost|p2a: Ressuy|def|2\n|\n|upkeep\n|turn|24\n|\n|t:|1701050062\n|move|p1a: Dragonite|Dragon Dance|p1a: Dragonite\n|-boost|p1a: Dragonite|atk|1\n|-boost|p1a: Dragonite|spe|1\n|move|p2a: Ressuy|Iron Defense|p2a: Ressuy\n|-boost|p2a: Ressuy|def|2\n|\n|upkeep\n|turn|25\n|\n|t:|1701050065\n|move|p1a: Dragonite|Dragon Dance|p1a: Dragonite\n|-boost|p1a: Dragonite|atk|1\n|-boost|p1a: Dragonite|spe|1\n|move|p2a: Ressuy|Strength Sap|p1a: Dragonite\n|-unboost|p1a: Dragonite|atk|1\n|\n|upkeep\n|turn|26\n|\n|t:|1701050069\n|-zpower|p1a: Dragonite\n|move|p1a: Dragonite|Supersonic Skystrike|p2a: Ressuy|[zeffect]\n|-damage|p2a: Ressuy|32\/100\n|move|p2a: Ressuy|Night Shade|p1a: Dragonite\n|-damage|p1a: Dragonite|39\/100\n|\n|-heal|p2a: Ressuy|38\/100|[from] item: Leftovers\n|-sideend|p1: ZaochuanPomelo|move: Aurora Veil\n|upkeep\n|turn|27\n|\n|t:|1701050078\n|move|p1a: Dragonite|Fly||[still]\n|-prepare|p1a: Dragonite|Fly\n|move|p2a: Ressuy|Strength Sap|p1a: Dragonite|[miss]\n|-miss|p2a: Ressuy|p1a: Dragonite\n|\n|-heal|p2a: Ressuy|44\/100|[from] item: Leftovers\n|upkeep\n|turn|28\n|\n|t:|1701050082\n|move|p1a: Dragonite|Fly|p2a: Ressuy|[from]lockedmove\n|-damage|p2a: Ressuy|5\/100\n|move|p2a: Ressuy|Strength Sap|p1a: Dragonite\n|-unboost|p1a: Dragonite|atk|1\n|-heal|p2a: Ressuy|100\/100\n|\n|upkeep\n|turn|29\n|\n|t:|1701050096\n|switch|p1a: Milotic|Milotic, F|100\/100\n|move|p2a: Ressuy|Night Shade|p1a: Milotic\n|-damage|p1a: Milotic|75\/100\n|\n|upkeep\n|turn|30\n|\n|t:|1701050103\n|switch|p2a: Chance|Chansey, F|100\/100\n|move|p1a: Milotic|Toxic|p2a: Chance\n|-status|p2a: Chance|tox\n|\n|-damage|p2a: Chance|94\/100 tox|[from] psn\n|upkeep\n|turn|31\n|\n|t:|1701050109\n|switch|p1a: Ninetales|Ninetales-Alola, F|7\/100\n|-weather|Snow|[from] ability: Snow Warning|[of] p1a: Ninetales\n|move|p2a: Chance|Seismic Toss|p1a: Ninetales\n|-damage|p1a: Ninetales|0 fnt\n|faint|p1a: Ninetales\n|\n|-weather|Snow|[upkeep]\n|-damage|p2a: Chance|82\/100 tox|[from] psn\n|upkeep\n|\n|t:|1701050118\n|switch|p1a: Dragonite|Dragonite, M|39\/100\n|turn|32\n|\n|t:|1701050129\n|switch|p2a: Ressuy|Corsola-Galar, M, shiny|100\/100\n|move|p1a: Dragonite|Dragon Dance|p1a: Dragonite\n|-boost|p1a: Dragonite|atk|1\n|-boost|p1a: Dragonite|spe|1\n|\n|-weather|Snow|[upkeep]\n|upkeep\n|turn|33\n|\n|t:|1701050136\n|move|p1a: Dragonite|Earthquake|p2a: Ressuy\n|-damage|p2a: Ressuy|47\/100\n|-start|p1a: Dragonite|Disable|Earthquake|[from] ability: Cursed Body|[of] p2a: Ressuy\n|move|p2a: Ressuy|Night Shade|p1a: Dragonite\n|-damage|p1a: Dragonite|8\/100\n|\n|-weather|Snow|[upkeep]\n|-heal|p2a: Ressuy|53\/100|[from] item: Leftovers\n|upkeep\n|turn|34\n|\n|t:|1701050146\n|move|p1a: Dragonite|Fly||[still]\n|-prepare|p1a: Dragonite|Fly\n|move|p2a: Ressuy|Strength Sap|p1a: Dragonite|[miss]\n|-miss|p2a: Ressuy|p1a: Dragonite\n|\n|-weather|Snow|[upkeep]\n|-heal|p2a: Ressuy|59\/100|[from] item: Leftovers\n|upkeep\n|turn|35\n|\n|t:|1701050151\n|move|p1a: Dragonite|Fly|p2a: Ressuy|[from]lockedmove\n|-damage|p2a: Ressuy|0 fnt\n|faint|p2a: Ressuy\n|\n|-weather|none\n|upkeep\n|\n|t:|1701050153\n|switch|p2a: Lopez|Lopunny-Mega, F, shiny|100\/100\n|turn|36\n|\n|t:|1701050163\n|switch|p1a: Milotic|Milotic, F|75\/100\n|move|p2a: Lopez|Fake Out|p1a: Milotic\n|-damage|p1a: Milotic|58\/100\n|\n|upkeep\n|turn|37\n|\n|t:|1701050170\n|move|p2a: Lopez|High Jump Kick|p1a: Milotic\n|-damage|p1a: Milotic|3\/100\n|move|p1a: Milotic|Recover|p1a: Milotic\n|-heal|p1a: Milotic|53\/100\n|\n|upkeep\n|turn|38\n|\n|t:|1701050173\n|move|p2a: Lopez|High Jump Kick|p1a: Milotic\n|-damage|p1a: Milotic|0 fnt\n|faint|p1a: Milotic\n|\n|upkeep\n|\n|t:|1701050176\n|switch|p1a: Dragonite|Dragonite, M|8\/100\n|turn|39\n|\n|t:|1701050180\n|move|p1a: Dragonite|Extreme Speed|p2a: Lopez\n|-damage|p2a: Lopez|60\/100\n|move|p2a: Lopez|Return|p1a: Dragonite\n|-damage|p1a: Dragonite|0 fnt\n|faint|p1a: Dragonite\n|\n|upkeep\n|\n|t:|1701050187\n|switch|p1a: Banette|Banette-Mega, F|100\/100\n|turn|40\n|\n|t:|1701050195\n|switch|p2a: Chance|Chansey, F|82\/100 tox\n|move|p1a: Banette|Poltergeist|p2a: Chance\n|-immune|p2a: Chance\n|\n|-damage|p2a: Chance|75\/100 tox|[from] psn\n|upkeep\n|turn|41\n|\n|t:|1701050199\n|switch|p1a: Latias|Latias, F|35\/100\n|move|p2a: Chance|Toxic|p1a: Latias\n|-status|p1a: Latias|tox\n|\n|-heal|p1a: Latias|41\/100 tox|[from] item: Leftovers\n|-damage|p1a: Latias|35\/100 tox|[from] psn\n|-damage|p2a: Chance|63\/100 tox|[from] psn\n|upkeep\n|turn|42\n|\n|t:|1701050203\n|move|p1a: Latias|Roost|p1a: Latias\n|-heal|p1a: Latias|85\/100 tox\n|-singleturn|p1a: Latias|move: Roost\n|move|p2a: Chance|Seismic Toss|p1a: Latias\n|-damage|p1a: Latias|57\/100 tox\n|\n|-heal|p1a: Latias|63\/100 tox|[from] item: Leftovers\n|-damage|p1a: Latias|51\/100 tox|[from] psn\n|-damage|p2a: Chance|44\/100 tox|[from] psn\n|upkeep\n|turn|43\n|\n|t:|1701050211\n|move|p1a: Latias|Calm Mind|p1a: Latias\n|-boost|p1a: Latias|spa|1\n|-boost|p1a: Latias|spd|1\n|move|p2a: Chance|Seismic Toss|p1a: Latias\n|-damage|p1a: Latias|24\/100 tox\n|\n|-heal|p1a: Latias|30\/100 tox|[from] item: Leftovers\n|-damage|p1a: Latias|12\/100 tox|[from] psn\n|-damage|p2a: Chance|19\/100 tox|[from] psn\n|upkeep\n|turn|44\n|\n|t:|1701050213\n|move|p1a: Latias|Roost|p1a: Latias\n|-heal|p1a: Latias|62\/100 tox\n|-singleturn|p1a: Latias|move: Roost\n|move|p2a: Chance|Soft-Boiled|p2a: Chance\n|-heal|p2a: Chance|69\/100 tox\n|\n|-heal|p1a: Latias|68\/100 tox|[from] item: Leftovers\n|-damage|p1a: Latias|44\/100 tox|[from] psn\n|-damage|p2a: Chance|38\/100 tox|[from] psn\n|upkeep\n|turn|45\n|\n|t:|1701050218\n|move|p1a: Latias|Roost|p1a: Latias\n|-heal|p1a: Latias|94\/100 tox\n|-singleturn|p1a: Latias|move: Roost\n|move|p2a: Chance|Seismic Toss|p1a: Latias\n|-damage|p1a: Latias|66\/100 tox\n|\n|-heal|p1a: Latias|72\/100 tox|[from] item: Leftovers\n|-damage|p1a: Latias|42\/100 tox|[from] psn\n|-damage|p2a: Chance|0 fnt|[from] psn\n|faint|p2a: Chance\n|upkeep\n|\n|t:|1701050225\n|switch|p2a: Lopez|Lopunny-Mega, F, shiny|60\/100\n|turn|46\n|\n|t:|1701050232\n|move|p2a: Lopez|Fake Out|p1a: Latias\n|-damage|p1a: Latias|21\/100 tox\n|cant|p1a: Latias|flinch\n|\n|-heal|p1a: Latias|27\/100 tox|[from] item: Leftovers\n|-damage|p1a: Latias|0 fnt|[from] psn\n|faint|p1a: Latias\n|upkeep\n|\n|t:|1701050235\n|switch|p1a: Banette|Banette-Mega, F|100\/100\n|turn|47\n|\n|t:|1701050244\n|move|p2a: Lopez|High Jump Kick|p1a: Banette\n|-damage|p1a: Banette|2\/100\n|move|p1a: Banette|Poltergeist|p2a: Lopez\n|-immune|p2a: Lopez\n|\n|upkeep\n|turn|48\n|\n|t:|1701050251\n|move|p1a: Banette|Destiny Bond|p1a: Banette\n|-singlemove|p1a: Banette|Destiny Bond\n|move|p2a: Lopez|Return|p1a: Banette\n|-damage|p1a: Banette|0 fnt\n|faint|p1a: Banette\n|-activate|p1a: Banette|move: Destiny Bond\n|faint|p2a: Lopez\n|\n|win|Ricaroot\n|raw|ZaochuanPomelo's rating: 1223 &rarr; <strong>1192<\/strong><br \/>(-31 for losing)\n|raw|Ricaroot's rating: 1137 &rarr; <strong>1168<\/strong><br \/>(+31 for winning)\n|l|\u2606ZaochuanPomelo\n|c|\u2606Ricaroot|GG\n","uploadtime":1701050331,"views":11,"p1id":"zaochuanpomelo","p2id":"ricaroot","formatid":"gen9nationaldex","rating":1168,"private":0,"password":""}