{"id":"gen9nationaldex-1990481556","p1":"RandoTestAccount","p2":"luckwr","format":"[Gen 9] National Dex","log":"|j|\u2606RandoTestAccount\n|j|\u2606luckwr\n|t:|1699974947\n|gametype|singles\n|player|p1|RandoTestAccount|pokemonrangerf|1195\n|player|p2|luckwr|101|1306\n|teamsize|p1|6\n|teamsize|p2|6\n|gen|9\n|tier|[Gen 9] National Dex\n|rated|\n|rule|HP Percentage Mod: HP is shown in percentages\n|rule|Endless Battle Clause: Forcing endless battles is banned\n|rule|OHKO Clause: OHKO moves are banned\n|rule|Evasion Clause: Evasion abilities, items, and moves are banned\n|rule|Evasion Abilities Clause: Evasion abilities are banned\n|rule|Evasion Items Clause: Evasion items are banned\n|rule|Evasion Moves Clause: Evasion moves are banned\n|rule|Species Clause: Limit one of each Pok\u00e9mon\n|rule|Sleep Clause Mod: Limit one foe put to sleep\n|clearpoke\n|poke|p1|Umbreon, F|\n|poke|p1|Excadrill, F|\n|poke|p1|Corviknight, F|\n|poke|p1|Tapu Fini|\n|poke|p1|Sableye, F|\n|poke|p1|Dragalge, F|\n|poke|p2|Lopunny, M|\n|poke|p2|Great Tusk|\n|poke|p2|Serperior, F|\n|poke|p2|Tapu Fini|\n|poke|p2|Heatran, F|\n|poke|p2|Gliscor, F|\n|teampreview\n|inactive|Battle timer is ON: inactive players will automatically lose when time's up. (requested by luckwr)\n|inactive|RandoTestAccount has 120 seconds left.\n|\n|t:|1699974984\n|start\n|switch|p1a: Spectre of Emerald|Sableye, F, shiny|100\/100\n|switch|p2a: Great Tusk|Great Tusk|100\/100\n|turn|1\n|\n|t:|1699974991\n|move|p1a: Spectre of Emerald|Will-O-Wisp|p2a: Great Tusk\n|-status|p2a: Great Tusk|brn\n|move|p2a: Great Tusk|Knock Off|p1a: Spectre of Emerald\n|-damage|p1a: Spectre of Emerald|90\/100\n|\n|-damage|p2a: Great Tusk|94\/100 brn|[from] brn\n|upkeep\n|turn|2\n|\n|t:|1699975001\n|detailschange|p1a: Spectre of Emerald|Sableye-Mega, F, shiny\n|-mega|p1a: Spectre of Emerald|Sableye|Sablenite\n|move|p2a: Great Tusk|Stealth Rock|p1a: Spectre of Emerald\n|move|p1a: Spectre of Emerald|Stealth Rock|p2a: Great Tusk|[from]ability: Magic Bounce\n|-sidestart|p2: luckwr|move: Stealth Rock\n|move|p1a: Spectre of Emerald|Calm Mind|p1a: Spectre of Emerald\n|-boost|p1a: Spectre of Emerald|spa|1\n|-boost|p1a: Spectre of Emerald|spd|1\n|\n|-heal|p2a: Great Tusk|100\/100 brn|[from] item: Leftovers\n|-damage|p2a: Great Tusk|94\/100 brn|[from] brn\n|upkeep\n|turn|3\n|\n|t:|1699975016\n|-end|p2a: Great Tusk|Protosynthesis|[silent]\n|switch|p2a: Tapu Fini|Tapu Fini|100\/100\n|-damage|p2a: Tapu Fini|88\/100|[from] Stealth Rock\n|-fieldstart|move: Misty Terrain|[from] ability: Misty Surge|[of] p2a: Tapu Fini\n|move|p1a: Spectre of Emerald|Calm Mind|p1a: Spectre of Emerald\n|-boost|p1a: Spectre of Emerald|spa|1\n|-boost|p1a: Spectre of Emerald|spd|1\n|\n|-heal|p2a: Tapu Fini|94\/100|[from] item: Leftovers\n|upkeep\n|turn|4\n|\n|t:|1699975024\n|switch|p1a: Agony Steelheart|Dragalge, F, shiny|100\/100\n|move|p2a: Tapu Fini|Draining Kiss|p1a: Agony Steelheart\n|-damage|p1a: Agony Steelheart|85\/100\n|-heal|p2a: Tapu Fini|100\/100|[from] drain|[of] p1a: Agony Steelheart\n|\n|-heal|p1a: Agony Steelheart|91\/100|[from] item: Black Sludge\n|upkeep\n|turn|5\n|\n|t:|1699975033\n|switch|p2a: Great Tusk|Great Tusk|94\/100 brn\n|-damage|p2a: Great Tusk|91\/100 brn|[from] Stealth Rock\n|move|p1a: Agony Steelheart|Acid Spray|p2a: Great Tusk\n|-resisted|p2a: Great Tusk\n|-damage|p2a: Great Tusk|77\/100 brn\n|-unboost|p2a: Great Tusk|spd|2\n|\n|-heal|p2a: Great Tusk|84\/100 brn|[from] item: Leftovers\n|-heal|p1a: Agony Steelheart|97\/100|[from] item: Black Sludge\n|-damage|p2a: Great Tusk|77\/100 brn|[from] brn\n|upkeep\n|turn|6\n|\n|t:|1699975040\n|switch|p1a: Spectre of Emerald|Sableye-Mega, F, shiny|90\/100\n|move|p2a: Great Tusk|Rapid Spin|p1a: Spectre of Emerald\n|-immune|p1a: Spectre of Emerald\n|\n|-heal|p2a: Great Tusk|84\/100 brn|[from] item: Leftovers\n|-damage|p2a: Great Tusk|77\/100 brn|[from] brn\n|upkeep\n|turn|7\n|\n|t:|1699975047\n|-end|p2a: Great Tusk|Protosynthesis|[silent]\n|switch|p2a: Tapu Fini|Tapu Fini|100\/100\n|-damage|p2a: Tapu Fini|88\/100|[from] Stealth Rock\n|move|p1a: Spectre of Emerald|Dark Pulse|p2a: Tapu Fini\n|-resisted|p2a: Tapu Fini\n|-damage|p2a: Tapu Fini|78\/100\n|\n|-heal|p2a: Tapu Fini|84\/100|[from] item: Leftovers\n|-fieldend|Misty Terrain\n|upkeep\n|turn|8\n|\n|t:|1699975054\n|switch|p1a: The Droplet Tear|Tapu Fini, shiny|100\/100\n|-fieldstart|move: Misty Terrain|[from] ability: Misty Surge|[of] p1a: The Droplet Tear\n|move|p2a: Tapu Fini|Draining Kiss|p1a: The Droplet Tear\n|-damage|p1a: The Droplet Tear|83\/100\n|-heal|p2a: Tapu Fini|96\/100|[from] drain|[of] p1a: The Droplet Tear\n|\n|-heal|p2a: Tapu Fini|100\/100|[from] item: Leftovers\n|-heal|p1a: The Droplet Tear|89\/100|[from] item: Leftovers\n|upkeep\n|turn|9\n|\n|t:|1699975062\n|move|p1a: The Droplet Tear|Substitute|p1a: The Droplet Tear\n|-start|p1a: The Droplet Tear|Substitute\n|-damage|p1a: The Droplet Tear|64\/100\n|move|p2a: Tapu Fini|Scald|p1a: The Droplet Tear\n|-resisted|p1a: The Droplet Tear\n|-activate|p1a: The Droplet Tear|move: Substitute|[damage]\n|\n|-heal|p1a: The Droplet Tear|70\/100|[from] item: Leftovers\n|upkeep\n|turn|10\n|\n|t:|1699975067\n|move|p1a: The Droplet Tear|Calm Mind|p1a: The Droplet Tear\n|-boost|p1a: The Droplet Tear|spa|1\n|-boost|p1a: The Droplet Tear|spd|1\n|move|p2a: Tapu Fini|Draining Kiss|p1a: The Droplet Tear\n|-end|p1a: The Droplet Tear|Substitute\n|\n|-heal|p1a: The Droplet Tear|76\/100|[from] item: Leftovers\n|upkeep\n|turn|11\n|\n|t:|1699975073\n|move|p2a: Tapu Fini|Draining Kiss|p1a: The Droplet Tear\n|-damage|p1a: The Droplet Tear|65\/100\n|move|p1a: The Droplet Tear|Substitute|p1a: The Droplet Tear\n|-start|p1a: The Droplet Tear|Substitute\n|-damage|p1a: The Droplet Tear|40\/100\n|\n|-heal|p1a: The Droplet Tear|46\/100|[from] item: Leftovers\n|upkeep\n|turn|12\n|\n|t:|1699975078\n|move|p2a: Tapu Fini|Draining Kiss|p1a: The Droplet Tear\n|-activate|p1a: The Droplet Tear|move: Substitute|[damage]\n|move|p1a: The Droplet Tear|Calm Mind|p1a: The Droplet Tear\n|-boost|p1a: The Droplet Tear|spa|1\n|-boost|p1a: The Droplet Tear|spd|1\n|\n|-heal|p1a: The Droplet Tear|52\/100|[from] item: Leftovers\n|-fieldend|Misty Terrain\n|upkeep\n|turn|13\n|\n|t:|1699975084\n|move|p2a: Tapu Fini|Taunt|p1a: The Droplet Tear\n|-start|p1a: The Droplet Tear|move: Taunt\n|cant|p1a: The Droplet Tear|move: Taunt|Calm Mind\n|\n|-heal|p1a: The Droplet Tear|58\/100|[from] item: Leftovers\n|upkeep\n|turn|14\n|\n|t:|1699975087\n|move|p2a: Tapu Fini|Draining Kiss|p1a: The Droplet Tear\n|-activate|p1a: The Droplet Tear|move: Substitute|[damage]\n|move|p1a: The Droplet Tear|Moonblast|p2a: Tapu Fini\n|-damage|p2a: Tapu Fini|49\/100\n|-unboost|p2a: Tapu Fini|spa|1\n|\n|-heal|p1a: The Droplet Tear|64\/100|[from] item: Leftovers\n|-heal|p2a: Tapu Fini|55\/100|[from] item: Leftovers\n|upkeep\n|turn|15\n|\n|t:|1699975092\n|move|p1a: The Droplet Tear|Moonblast|p2a: Tapu Fini\n|-damage|p2a: Tapu Fini|7\/100\n|move|p2a: Tapu Fini|Draining Kiss|p1a: The Droplet Tear\n|-end|p1a: The Droplet Tear|Substitute\n|-heal|p2a: Tapu Fini|9\/100|[from] drain|[of] p1a: The Droplet Tear\n|\n|-heal|p2a: Tapu Fini|15\/100|[from] item: Leftovers\n|-heal|p1a: The Droplet Tear|70\/100|[from] item: Leftovers\n|-end|p1a: The Droplet Tear|move: Taunt\n|upkeep\n|turn|16\n|\n|t:|1699975097\n|move|p2a: Tapu Fini|Toxic|p1a: The Droplet Tear\n|-status|p1a: The Droplet Tear|tox\n|move|p1a: The Droplet Tear|Substitute|p1a: The Droplet Tear\n|-start|p1a: The Droplet Tear|Substitute\n|-damage|p1a: The Droplet Tear|45\/100 tox\n|\n|-heal|p1a: The Droplet Tear|51\/100 tox|[from] item: Leftovers\n|-heal|p2a: Tapu Fini|21\/100|[from] item: Leftovers\n|-damage|p1a: The Droplet Tear|45\/100 tox|[from] psn\n|upkeep\n|turn|17\n|\n|t:|1699975107\n|move|p2a: Tapu Fini|Draining Kiss|p1a: The Droplet Tear\n|-activate|p1a: The Droplet Tear|move: Substitute|[damage]\n|-heal|p2a: Tapu Fini|25\/100|[from] drain|[of] p1a: The Droplet Tear\n|move|p1a: The Droplet Tear|Moonblast|p2a: Tapu Fini\n|-damage|p2a: Tapu Fini|0 fnt\n|faint|p2a: Tapu Fini\n|\n|-heal|p1a: The Droplet Tear|51\/100 tox|[from] item: Leftovers\n|-damage|p1a: The Droplet Tear|39\/100 tox|[from] psn\n|upkeep\n|\n|t:|1699975117\n|switch|p2a: Lopunny|Lopunny, M|100\/100\n|-damage|p2a: Lopunny|88\/100|[from] Stealth Rock\n|turn|18\n|\n|t:|1699975119\n|detailschange|p2a: Lopunny|Lopunny-Mega, M\n|-mega|p2a: Lopunny|Lopunny|Lopunnite\n|move|p2a: Lopunny|Fake Out|p1a: The Droplet Tear\n|-activate|p1a: The Droplet Tear|move: Substitute|[damage]\n|move|p1a: The Droplet Tear|Moonblast|p2a: Lopunny\n|-supereffective|p2a: Lopunny\n|-damage|p2a: Lopunny|0 fnt\n|faint|p2a: Lopunny\n|\n|-heal|p1a: The Droplet Tear|45\/100 tox|[from] item: Leftovers\n|-damage|p1a: The Droplet Tear|27\/100 tox|[from] psn\n|upkeep\n|\n|t:|1699975129\n|switch|p2a: Gliscor|Gliscor, F|100\/100\n|-damage|p2a: Gliscor|88\/100|[from] Stealth Rock\n|turn|19\n|\n|t:|1699975137\n|move|p2a: Gliscor|Protect|p2a: Gliscor\n|-singleturn|p2a: Gliscor|Protect\n|move|p1a: The Droplet Tear|Scald|p2a: Gliscor\n|-activate|p2a: Gliscor|move: Protect\n|\n|-heal|p1a: The Droplet Tear|33\/100 tox|[from] item: Leftovers\n|-damage|p1a: The Droplet Tear|9\/100 tox|[from] psn\n|-status|p2a: Gliscor|tox|[from] item: Toxic Orb\n|upkeep\n|turn|20\n|\n|t:|1699975148\n|switch|p1a: Nika Reanukko|Umbreon, F, shiny|100\/100\n|-terastallize|p2a: Gliscor|Grass\n|move|p2a: Gliscor|Spikes|p1a: Nika Reanukko\n|-sidestart|p1: RandoTestAccount|Spikes\n|\n|-heal|p2a: Gliscor|100\/100 tox|[from] ability: Poison Heal\n|upkeep\n|turn|21\n|\n|t:|1699975155\n|move|p2a: Gliscor|Toxic|p1a: Nika Reanukko\n|-status|p1a: Nika Reanukko|tox\n|-activate|p1a: Nika Reanukko|ability: Synchronize\n|-fail|p2a: Gliscor|tox\n|move|p1a: Nika Reanukko|Heal Bell|p1a: Nika Reanukko\n|-activate|p1a: Nika Reanukko|move: Heal Bell\n|-curestatus|p1a: Nika Reanukko|tox|[msg]\n|-curestatus|p1: The Droplet Tear|tox|[msg]\n|\n|upkeep\n|turn|22\n|\n|t:|1699975163\n|switch|p1a: Ephialtes Keeper|Corviknight, F, shiny|100\/100\n|-ability|p1a: Ephialtes Keeper|Pressure\n|move|p2a: Gliscor|Earthquake|p1a: Ephialtes Keeper\n|-immune|p1a: Ephialtes Keeper\n|\n|upkeep\n|turn|23\n|\n|t:|1699975168\n|move|p2a: Gliscor|Spikes|p1a: Ephialtes Keeper\n|-sidestart|p1: RandoTestAccount|Spikes\n|move|p1a: Ephialtes Keeper|Defog|p2a: Gliscor\n|-unboost|p2a: Gliscor|evasion|1\n|-sideend|p2: luckwr|Stealth Rock|[from] move: Defog|[of] p1a: Ephialtes Keeper\n|-sideend|p1: RandoTestAccount|Spikes|[from] move: Defog|[of] p1a: Ephialtes Keeper\n|\n|upkeep\n|turn|24\n|\n|t:|1699975172\n|switch|p1a: Spectre of Emerald|Sableye-Mega, F, shiny|90\/100\n|move|p2a: Gliscor|Spikes|p1a: Spectre of Emerald\n|move|p1a: Spectre of Emerald|Spikes|p2a: Gliscor|[from]ability: Magic Bounce\n|-sidestart|p2: luckwr|Spikes\n|\n|upkeep\n|turn|25\n|\n|t:|1699975178\n|move|p2a: Gliscor|Earthquake|p1a: Spectre of Emerald\n|-damage|p1a: Spectre of Emerald|66\/100\n|move|p1a: Spectre of Emerald|Calm Mind|p1a: Spectre of Emerald\n|-boost|p1a: Spectre of Emerald|spa|1\n|-boost|p1a: Spectre of Emerald|spd|1\n|\n|upkeep\n|turn|26\n|\n|t:|1699975182\n|move|p2a: Gliscor|Earthquake|p1a: Spectre of Emerald\n|-damage|p1a: Spectre of Emerald|42\/100\n|move|p1a: Spectre of Emerald|Calm Mind|p1a: Spectre of Emerald\n|-boost|p1a: Spectre of Emerald|spa|1\n|-boost|p1a: Spectre of Emerald|spd|1\n|\n|upkeep\n|turn|27\n|\n|t:|1699975197\n|move|p2a: Gliscor|Earthquake|p1a: Spectre of Emerald\n|-damage|p1a: Spectre of Emerald|18\/100\n|move|p1a: Spectre of Emerald|Recover|p1a: Spectre of Emerald\n|-heal|p1a: Spectre of Emerald|68\/100\n|\n|upkeep\n|turn|28\n|\n|t:|1699975203\n|switch|p2a: Serperior|Serperior, F|100\/100\n|-damage|p2a: Serperior|88\/100|[from] Spikes\n|move|p1a: Spectre of Emerald|Recover|p1a: Spectre of Emerald\n|-heal|p1a: Spectre of Emerald|100\/100\n|\n|-heal|p2a: Serperior|94\/100|[from] item: Leftovers\n|upkeep\n|turn|29\n|\n|t:|1699975207\n|move|p2a: Serperior|Leaf Storm|p1a: Spectre of Emerald\n|-damage|p1a: Spectre of Emerald|83\/100\n|-boost|p2a: Serperior|spa|2\n|move|p1a: Spectre of Emerald|Dark Pulse|p2a: Serperior\n|-damage|p2a: Serperior|45\/100\n|\n|-heal|p2a: Serperior|51\/100|[from] item: Leftovers\n|upkeep\n|turn|30\n|c|\u2606luckwr|gg i got to go\n|-message|luckwr forfeited.\n|\n|win|RandoTestAccount\n|raw|RandoTestAccount's rating: 1195 &rarr; <strong>1228<\/strong><br \/>(+33 for winning)\n|raw|luckwr's rating: 1306 &rarr; <strong>1280<\/strong><br \/>(-26 for losing)\n","uploadtime":1699975230,"views":4,"p1id":"randotestaccount","p2id":"luckwr","formatid":"gen9nationaldex","rating":1228,"private":0,"password":""}