{"id":"gen9nationaldex-1994018301","p1":"Tokiwakano","p2":"xuxiansheng","format":"[Gen 9] National Dex","log":"|j|\u203dTokiwakano\n|j|\u2606xuxiansheng\n|t:|1700394481\n|gametype|singles\n|player|p1|Tokiwakano|caitlin|1658\n|player|p2|xuxiansheng|candice|1549\n|teamsize|p1|6\n|teamsize|p2|6\n|gen|9\n|tier|[Gen 9] National Dex\n|rated|\n|rule|HP Percentage Mod: HP is shown in percentages\n|rule|Endless Battle Clause: Forcing endless battles is banned\n|rule|OHKO Clause: OHKO moves are banned\n|rule|Evasion Clause: Evasion abilities, items, and moves are banned\n|rule|Evasion Abilities Clause: Evasion abilities are banned\n|rule|Evasion Items Clause: Evasion items are banned\n|rule|Evasion Moves Clause: Evasion moves are banned\n|rule|Species Clause: Limit one of each Pok\u00e9mon\n|rule|Sleep Clause Mod: Limit one foe put to sleep\n|clearpoke\n|poke|p1|Kyurem|\n|poke|p1|Clodsire, F|\n|poke|p1|Urshifu-*, M|\n|poke|p1|Corviknight, F|\n|poke|p1|Ogerpon-Wellspring, F|\n|poke|p1|Heatran, F|\n|poke|p2|Charizard, M|\n|poke|p2|Great Tusk|\n|poke|p2|Ogerpon-Wellspring, F|\n|poke|p2|Ribombee, M|\n|poke|p2|Aegislash, F|\n|poke|p2|Garchomp, M|\n|teampreview\n|inactive|Battle timer is ON: inactive players will automatically lose when time's up. (requested by xuxiansheng)\n|\n|t:|1700394487\n|start\n|switch|p1a: Urshifu|Urshifu-Rapid-Strike, M|100\/100\n|switch|p2a: Ribombee|Ribombee, M|100\/100\n|turn|1\n|\n|t:|1700394497\n|move|p1a: Urshifu|U-turn|p2a: Ribombee\n|-resisted|p2a: Ribombee\n|-damage|p2a: Ribombee|78\/100\n|\n|t:|1700394506\n|switch|p1a: Corviknight|Corviknight, F|100\/100|[from] U-turn\n|-ability|p1a: Corviknight|Pressure\n|move|p2a: Ribombee|Sticky Web|p1a: Corviknight\n|-sidestart|p1: Tokiwakano|move: Sticky Web\n|\n|upkeep\n|turn|2\n|j| zhiyinge\n|\n|t:|1700394513\n|move|p2a: Ribombee|Stun Spore|p1a: Corviknight\n|-status|p1a: Corviknight|par\n|move|p1a: Corviknight|Brave Bird|p2a: Ribombee\n|-supereffective|p2a: Ribombee\n|-damage|p2a: Ribombee|0 fnt\n|faint|p2a: Ribombee\n|-damage|p1a: Corviknight|84\/100 par|[from] Recoil\n|\n|upkeep\n|\n|t:|1700394519\n|switch|p2a: Charizard|Charizard, M|100\/100\n|turn|3\n|\n|t:|1700394528\n|switch|p1a: Heatran|Heatran, F|100\/100\n|-item|p1a: Heatran|Air Balloon\n|detailschange|p2a: Charizard|Charizard-Mega-Y, M\n|-mega|p2a: Charizard|Charizard|Charizardite Y\n|-weather|SunnyDay|[from] ability: Drought|[of] p2a: Charizard\n|move|p2a: Charizard|Scorching Sands|p1a: Heatran\n|-immune|p1a: Heatran\n|\n|-weather|SunnyDay|[upkeep]\n|upkeep\n|turn|4\n|\n|t:|1700394537\n|move|p2a: Charizard|Air Slash|p1a: Heatran\n|-resisted|p1a: Heatran\n|-damage|p1a: Heatran|85\/100\n|-enditem|p1a: Heatran|Air Balloon\n|move|p1a: Heatran|Stealth Rock|p2a: Charizard\n|-sidestart|p2: xuxiansheng|move: Stealth Rock\n|\n|-weather|SunnyDay|[upkeep]\n|upkeep\n|turn|5\n|\n|t:|1700394545\n|-terastallize|p1a: Heatran|Grass\n|move|p2a: Charizard|Air Slash|p1a: Heatran\n|-supereffective|p1a: Heatran\n|-damage|p1a: Heatran|29\/100\n|move|p1a: Heatran|Magma Storm|p2a: Charizard\n|-resisted|p2a: Charizard\n|-damage|p2a: Charizard|69\/100\n|-activate|p2a: Charizard|move: Magma Storm|[of] p1a: Heatran\n|\n|-weather|SunnyDay|[upkeep]\n|-damage|p2a: Charizard|56\/100|[from] move: Magma Storm|[partiallytrapped]\n|upkeep\n|turn|6\n|\n|t:|1700394553\n|move|p2a: Charizard|Air Slash|p1a: Heatran\n|-supereffective|p1a: Heatran\n|-damage|p1a: Heatran|0 fnt\n|faint|p1a: Heatran\n|\n|-weather|SunnyDay|[upkeep]\n|-end|p2a: Charizard|Magma Storm|[partiallytrapped]|[silent]\n|upkeep\n|\n|t:|1700394563\n|switch|p1a: Clodsire|Clodsire, F|100\/100\n|turn|7\n|\n|t:|1700394566\n|move|p2a: Charizard|Weather Ball|p1a: Clodsire\n|-damage|p1a: Clodsire|56\/100\n|move|p1a: Clodsire|Toxic|p2a: Charizard\n|-status|p2a: Charizard|tox\n|\n|-weather|none\n|-damage|p2a: Charizard|50\/100 tox|[from] psn\n|upkeep\n|turn|8\n|\n|t:|1700394570\n|move|p2a: Charizard|Scorching Sands|p1a: Clodsire\n|-supereffective|p1a: Clodsire\n|-damage|p1a: Clodsire|25\/100\n|-status|p1a: Clodsire|brn\n|move|p1a: Clodsire|Recover|p1a: Clodsire\n|-heal|p1a: Clodsire|75\/100 brn\n|\n|-damage|p2a: Charizard|38\/100 tox|[from] psn\n|-damage|p1a: Clodsire|68\/100 brn|[from] brn\n|upkeep\n|turn|9\n|\n|t:|1700394574\n|move|p2a: Charizard|Scorching Sands|p1a: Clodsire\n|-supereffective|p1a: Clodsire\n|-damage|p1a: Clodsire|37\/100 brn\n|move|p1a: Clodsire|Recover|p1a: Clodsire\n|-heal|p1a: Clodsire|87\/100 brn\n|\n|-damage|p2a: Charizard|20\/100 tox|[from] psn\n|-damage|p1a: Clodsire|81\/100 brn|[from] brn\n|upkeep\n|turn|10\n|\n|t:|1700394577\n|move|p2a: Charizard|Scorching Sands|p1a: Clodsire\n|-supereffective|p1a: Clodsire\n|-damage|p1a: Clodsire|49\/100 brn\n|move|p1a: Clodsire|Spikes|p2a: Charizard\n|-sidestart|p2: xuxiansheng|Spikes\n|\n|-damage|p2a: Charizard|0 fnt|[from] psn\n|faint|p2a: Charizard\n|-damage|p1a: Clodsire|43\/100 brn|[from] brn\n|upkeep\n|\n|t:|1700394585\n|switch|p2a: Great Tusk|Great Tusk|100\/100\n|-damage|p2a: Great Tusk|98\/100|[from] Stealth Rock\n|-damage|p2a: Great Tusk|85\/100|[from] Spikes\n|turn|11\n|\n|t:|1700394589\n|move|p2a: Great Tusk|Rapid Spin|p1a: Clodsire\n|-damage|p1a: Clodsire|22\/100 brn\n|-boost|p2a: Great Tusk|spe|1\n|-sideend|p2: xuxiansheng|Spikes|[from] move: Rapid Spin|[of] p2a: Great Tusk\n|-sideend|p2: xuxiansheng|Stealth Rock|[from] move: Rapid Spin|[of] p2a: Great Tusk\n|move|p1a: Clodsire|Recover|p1a: Clodsire\n|-heal|p1a: Clodsire|72\/100 brn\n|\n|-damage|p1a: Clodsire|66\/100 brn|[from] brn\n|upkeep\n|turn|12\n|\n|t:|1700394597\n|-end|p2a: Great Tusk|Protosynthesis|[silent]\n|switch|p2a: Ogerpon|Ogerpon-Wellspring, F|100\/100\n|switch|p1a: Corviknight|Corviknight, F|84\/100 par\n|-ability|p1a: Corviknight|Pressure\n|\n|upkeep\n|turn|13\n|\n|t:|1700394609\n|move|p2a: Ogerpon|Swords Dance|p2a: Ogerpon\n|-boost|p2a: Ogerpon|atk|2\n|move|p1a: Corviknight|Defog|p2a: Ogerpon\n|-unboost|p2a: Ogerpon|evasion|1\n|-sideend|p1: Tokiwakano|Sticky Web|[from] move: Defog|[of] p1a: Corviknight\n|\n|upkeep\n|turn|14\n|\n|t:|1700394613\n|move|p2a: Ogerpon|Encore|p1a: Corviknight\n|-start|p1a: Corviknight|Encore\n|move|p1a: Corviknight|Defog|p2a: Ogerpon\n|-unboost|p2a: Ogerpon|evasion|1\n|\n|upkeep\n|turn|15\n|\n|t:|1700394622\n|switch|p1a: Urshifu|Urshifu-Rapid-Strike, M|100\/100\n|move|p2a: Ogerpon|Swords Dance|p2a: Ogerpon\n|-boost|p2a: Ogerpon|atk|2\n|\n|upkeep\n|turn|16\n|\n|t:|1700394627\n|-terastallize|p2a: Ogerpon|Water\n|detailschange|p2a: Ogerpon|Ogerpon-Wellspring-Tera, F, tera:Water\n|-ability|p2a: Ogerpon|Embody Aspect (Wellspring)|boost\n|-boost|p2a: Ogerpon|spd|1\n|move|p1a: Urshifu|U-turn|p2a: Ogerpon\n|-damage|p2a: Ogerpon|70\/100\n|\n|t:|1700394634\n|switch|p1a: Clodsire|Clodsire, F|66\/100 brn|[from] U-turn\n|move|p2a: Ogerpon|Horn Leech|p1a: Clodsire\n|-damage|p1a: Clodsire|20\/100 brn\n|-heal|p2a: Ogerpon|100\/100|[from] drain|[of] p1a: Clodsire\n|\n|-damage|p1a: Clodsire|13\/100 brn|[from] brn\n|upkeep\n|turn|17\n|\n|t:|1700394641\n|move|p2a: Ogerpon|Horn Leech|p1a: Clodsire\n|-damage|p1a: Clodsire|0 fnt\n|faint|p1a: Clodsire\n|\n|upkeep\n|\n|t:|1700394644\n|switch|p1a: Urshifu|Urshifu-Rapid-Strike, M|100\/100\n|turn|18\n|\n|t:|1700394647\n|move|p1a: Urshifu|U-turn|p2a: Ogerpon\n|-damage|p2a: Ogerpon|67\/100\n|\n|t:|1700394649\n|switch|p1a: Corviknight|Corviknight, F|84\/100 par|[from] U-turn\n|-ability|p1a: Corviknight|Pressure\n|move|p2a: Ogerpon|Horn Leech|p1a: Corviknight\n|-resisted|p1a: Corviknight\n|-damage|p1a: Corviknight|65\/100 par\n|-heal|p2a: Ogerpon|80\/100|[from] drain|[of] p1a: Corviknight\n|-damage|p2a: Ogerpon|63\/100|[from] item: Rocky Helmet|[of] p1a: Corviknight\n|\n|upkeep\n|turn|19\n|\n|t:|1700394657\n|move|p2a: Ogerpon|Ivy Cudgel|p1a: Corviknight|[anim] Ivy Cudgel Water\n|-damage|p1a: Corviknight|0 fnt\n|faint|p1a: Corviknight\n|\n|upkeep\n|\n|t:|1700394668\n|switch|p1a: Urshifu|Urshifu-Rapid-Strike, M|100\/100\n|turn|20\n|\n|t:|1700394671\n|move|p1a: Urshifu|Close Combat|p2a: Ogerpon\n|-damage|p2a: Ogerpon|0 fnt\n|-unboost|p1a: Urshifu|def|1\n|-unboost|p1a: Urshifu|spd|1\n|faint|p2a: Ogerpon\n|\n|upkeep\n|\n|t:|1700394683\n|switch|p2a: Great Tusk|Great Tusk|85\/100\n|turn|21\n|\n|t:|1700394686\n|switch|p1a: Kyurem|Kyurem|100\/100\n|-ability|p1a: Kyurem|Pressure\n|move|p2a: Great Tusk|Rapid Spin|p1a: Kyurem\n|-damage|p1a: Kyurem|84\/100\n|-boost|p2a: Great Tusk|spe|1\n|\n|upkeep\n|turn|22\n|\n|t:|1700394692\n|move|p2a: Great Tusk|Close Combat|p1a: Kyurem\n|-supereffective|p1a: Kyurem\n|-damage|p1a: Kyurem|0 fnt\n|-unboost|p2a: Great Tusk|def|1\n|-unboost|p2a: Great Tusk|spd|1\n|faint|p1a: Kyurem\n|\n|upkeep\n|\n|t:|1700394695\n|switch|p1a: Urshifu|Urshifu-Rapid-Strike, M|100\/100\n|turn|23\n|\n|t:|1700394704\n|-end|p2a: Great Tusk|Protosynthesis|[silent]\n|switch|p2a: Aegislash|Aegislash, F|100\/100\n|move|p1a: Urshifu|Surging Strikes|p2a: Aegislash\n|-crit|p2a: Aegislash\n|-damage|p2a: Aegislash|88\/100\n|-crit|p2a: Aegislash\n|-damage|p2a: Aegislash|76\/100\n|-crit|p2a: Aegislash\n|-damage|p2a: Aegislash|64\/100\n|-hitcount|p2a: Aegislash|3\n|\n|-heal|p2a: Aegislash|70\/100|[from] item: Leftovers\n|upkeep\n|turn|24\n|\n|t:|1700394713\n|move|p1a: Urshifu|Surging Strikes|p2a: Aegislash\n|-crit|p2a: Aegislash\n|-damage|p2a: Aegislash|57\/100\n|-crit|p2a: Aegislash\n|-damage|p2a: Aegislash|44\/100\n|-crit|p2a: Aegislash\n|-damage|p2a: Aegislash|31\/100\n|-hitcount|p2a: Aegislash|3\n|-formechange|p2a: Aegislash|Aegislash-Blade||[from] ability: Stance Change\n|move|p2a: Aegislash|Close Combat|p1a: Urshifu\n|-damage|p1a: Urshifu|63\/100\n|-unboost|p2a: Aegislash|def|1\n|-unboost|p2a: Aegislash|spd|1\n|\n|-heal|p2a: Aegislash|38\/100|[from] item: Leftovers\n|upkeep\n|turn|25\n|\n|t:|1700394724\n|-formechange|p2a: Aegislash|Aegislash||[from] ability: Stance Change\n|move|p2a: Aegislash|King's Shield|p2a: Aegislash\n|-singleturn|p2a: Aegislash|Protect\n|move|p1a: Urshifu|Surging Strikes|p2a: Aegislash\n|-crit|p2a: Aegislash\n|-damage|p2a: Aegislash|19\/100\n|-crit|p2a: Aegislash\n|-damage|p2a: Aegislash|0 fnt\n|faint|p2a: Aegislash\n|-hitcount|p2: Aegislash|2\n|\n|upkeep\n|\n|t:|1700394726\n|switch|p2a: Great Tusk|Great Tusk|85\/100\n|turn|26\n|\n|t:|1700394733\n|move|p1a: Urshifu|Surging Strikes|p2a: Great Tusk\n|-supereffective|p2a: Great Tusk\n|-crit|p2a: Great Tusk\n|-damage|p2a: Great Tusk|54\/100\n|-supereffective|p2a: Great Tusk\n|-crit|p2a: Great Tusk\n|-damage|p2a: Great Tusk|27\/100\n|-supereffective|p2a: Great Tusk\n|-crit|p2a: Great Tusk\n|-damage|p2a: Great Tusk|0 fnt\n|faint|p2a: Great Tusk\n|-end|p2a: Great Tusk|Protosynthesis|[silent]\n|-hitcount|p2: Great Tusk|3\n|\n|upkeep\n|\n|t:|1700394736\n|switch|p2a: Garchomp|Garchomp, M|100\/100\n|turn|27\n|\n|t:|1700394742\n|move|p1a: Urshifu|Surging Strikes|p2a: Garchomp\n|-crit|p2a: Garchomp\n|-damage|p2a: Garchomp|82\/100\n|-damage|p1a: Urshifu|51\/100|[from] ability: Rough Skin|[of] p2a: Garchomp\n|-crit|p2a: Garchomp\n|-damage|p2a: Garchomp|62\/100\n|-damage|p1a: Urshifu|39\/100|[from] ability: Rough Skin|[of] p2a: Garchomp\n|-crit|p2a: Garchomp\n|-damage|p2a: Garchomp|44\/100\n|-damage|p1a: Urshifu|26\/100|[from] ability: Rough Skin|[of] p2a: Garchomp\n|-hitcount|p2a: Garchomp|3\n|-zpower|p2a: Garchomp\n|move|p2a: Garchomp|Devastating Drake|p1a: Urshifu|[zeffect]\n|-damage|p1a: Urshifu|0 fnt\n|faint|p1a: Urshifu\n|\n|upkeep\n|\n|t:|1700394745\n|switch|p1a: Ogerpon|Ogerpon-Wellspring, F|100\/100\n|turn|28\n|\n|t:|1700394748\n|move|p1a: Ogerpon|Ivy Cudgel|p2a: Garchomp|[anim] Ivy Cudgel Water\n|-damage|p2a: Garchomp|0 fnt\n|faint|p2a: Garchomp\n|\n|win|Tokiwakano\n|raw|Tokiwakano's rating: 1658 &rarr; <strong>1672<\/strong><br \/>(+14 for winning)\n|raw|xuxiansheng's rating: 1549 &rarr; <strong>1535<\/strong><br \/>(-14 for losing)\n|l|\u2606xuxiansheng\n","uploadtime":1700394751,"views":6,"p1id":"tokiwakano","p2id":"xuxiansheng","formatid":"gen9nationaldex","rating":1535,"private":0,"password":""}