{"id":"gen9nationaldex-1987329001","p1":"RunNumber1","p2":"SCP-4666","format":"[Gen 9] National Dex","log":"|j|\u2606RunNumber1\n|j|\u2606SCP-4666\n|t:|1699578114\n|gametype|singles\n|player|p1|RunNumber1|n|1481\n|player|p2|SCP-4666|265|1557\n|teamsize|p1|6\n|teamsize|p2|6\n|gen|9\n|tier|[Gen 9] National Dex\n|rated|\n|rule|HP Percentage Mod: HP is shown in percentages\n|rule|Endless Battle Clause: Forcing endless battles is banned\n|rule|OHKO Clause: OHKO moves are banned\n|rule|Evasion Clause: Evasion abilities, items, and moves are banned\n|rule|Evasion Abilities Clause: Evasion abilities are banned\n|rule|Evasion Items Clause: Evasion items are banned\n|rule|Evasion Moves Clause: Evasion moves are banned\n|rule|Species Clause: Limit one of each Pok\u00e9mon\n|rule|Sleep Clause Mod: Limit one foe put to sleep\n|clearpoke\n|poke|p1|Sinistcha|\n|poke|p1|Victini|\n|poke|p1|Gliscor, M|\n|poke|p1|Rotom-Wash|\n|poke|p1|Heatran, M|\n|poke|p1|Ogerpon-Wellspring, F|\n|poke|p2|Gliscor, M|\n|poke|p2|Sableye, M|\n|poke|p2|Toxapex, M|\n|poke|p2|Chansey, F|\n|poke|p2|Clodsire, F|\n|poke|p2|Dondozo, M|\n|teampreview\n|inactive|Battle timer is ON: inactive players will automatically lose when time's up. (requested by RunNumber1)\n|inactive|SCP-4666 has 120 seconds left.\n|\n|t:|1699578154\n|start\n|switch|p1a: Victini|Victini|100\/100\n|switch|p2a: Sableye|Sableye, M|100\/100\n|turn|1\n|\n|t:|1699578172\n|detailschange|p2a: Sableye|Sableye-Mega, M\n|-mega|p2a: Sableye|Sableye|Sablenite\n|move|p1a: Victini|U-turn|p2a: Sableye\n|-damage|p2a: Sableye|83\/100\n|\n|t:|1699578183\n|switch|p1a: Heatran|Heatran, M|100\/100|[from] U-turn\n|move|p2a: Sableye|Knock Off|p1a: Heatran\n|-damage|p1a: Heatran|76\/100\n|-enditem|p1a: Heatran|Leftovers|[from] move: Knock Off|[of] p2a: Sableye\n|\n|upkeep\n|turn|2\n|\n|t:|1699578193\n|switch|p2a: Clodsire|Clodsire, F|100\/100\n|move|p1a: Heatran|Magma Storm|p2a: Clodsire|[miss]\n|-miss|p1a: Heatran|p2a: Clodsire\n|\n|upkeep\n|turn|3\n|\n|t:|1699578198\n|move|p1a: Heatran|Stealth Rock|p2a: Clodsire\n|-sidestart|p2: SCP-4666|move: Stealth Rock\n|move|p2a: Clodsire|Spikes|p1a: Heatran\n|-sidestart|p1: RunNumber1|Spikes\n|\n|upkeep\n|turn|4\n|\n|t:|1699578204\n|switch|p1a: Gliscor|Gliscor, M|100\/100\n|move|p2a: Clodsire|Toxic|p1a: Gliscor\n|-status|p1a: Gliscor|tox\n|\n|upkeep\n|turn|5\n|\n|t:|1699578221\n|switch|p1a: Ogerpon|Ogerpon-Wellspring, F|100\/100\n|-damage|p1a: Ogerpon|88\/100|[from] Spikes\n|switch|p2a: Dondozo|Dondozo, M|100\/100\n|-damage|p2a: Dondozo|88\/100|[from] Stealth Rock\n|\n|-heal|p2a: Dondozo|94\/100|[from] item: Leftovers\n|upkeep\n|turn|6\n|\n|t:|1699578232\n|switch|p2a: Chansey|Chansey, F|100\/100\n|-damage|p2a: Chansey|88\/100|[from] Stealth Rock\n|move|p1a: Ogerpon|Swords Dance|p1a: Ogerpon\n|-boost|p1a: Ogerpon|atk|2\n|\n|upkeep\n|turn|7\n|\n|t:|1699578242\n|move|p1a: Ogerpon|Swords Dance|p1a: Ogerpon\n|-boost|p1a: Ogerpon|atk|2\n|move|p2a: Chansey|Toxic|p1a: Ogerpon\n|-status|p1a: Ogerpon|tox\n|\n|-damage|p1a: Ogerpon|82\/100 tox|[from] psn\n|upkeep\n|turn|8\n|\n|t:|1699578245\n|switch|p2a: Dondozo|Dondozo, M|94\/100\n|-damage|p2a: Dondozo|82\/100|[from] Stealth Rock\n|move|p1a: Ogerpon|Ivy Cudgel|p2a: Dondozo\n|-resisted|p2a: Dondozo\n|-damage|p2a: Dondozo|69\/100\n|\n|-heal|p2a: Dondozo|75\/100|[from] item: Leftovers\n|-damage|p1a: Ogerpon|70\/100 tox|[from] psn\n|upkeep\n|turn|9\n|\n|t:|1699578253\n|-terastallize|p2a: Dondozo|Grass\n|move|p1a: Ogerpon|Wood Hammer|p2a: Dondozo\n|-resisted|p2a: Dondozo\n|-damage|p2a: Dondozo|58\/100\n|-damage|p1a: Ogerpon|61\/100 tox|[from] Recoil\n|move|p2a: Dondozo|Curse|p2a: Dondozo\n|-unboost|p2a: Dondozo|spe|1\n|-boost|p2a: Dondozo|atk|1\n|-boost|p2a: Dondozo|def|1\n|\n|-heal|p2a: Dondozo|64\/100|[from] item: Leftovers\n|-damage|p1a: Ogerpon|43\/100 tox|[from] psn\n|upkeep\n|turn|10\n|\n|t:|1699578267\n|switch|p1a: Sinistcha|Sinistcha|100\/100\n|-damage|p1a: Sinistcha|88\/100|[from] Spikes\n|move|p2a: Dondozo|Curse|p2a: Dondozo\n|-unboost|p2a: Dondozo|spe|1\n|-boost|p2a: Dondozo|atk|1\n|-boost|p2a: Dondozo|def|1\n|\n|-heal|p1a: Sinistcha|94\/100|[from] item: Leftovers\n|-heal|p2a: Dondozo|70\/100|[from] item: Leftovers\n|upkeep\n|turn|11\n|\n|t:|1699578275\n|switch|p2a: Clodsire|Clodsire, F|100\/100\n|-damage|p2a: Clodsire|94\/100|[from] Stealth Rock\n|move|p1a: Sinistcha|Shadow Ball|p2a: Clodsire\n|-damage|p2a: Clodsire|77\/100\n|\n|-heal|p1a: Sinistcha|99\/100|[from] item: Leftovers\n|-heal|p2a: Clodsire|84\/100|[from] item: Leftovers\n|upkeep\n|turn|12\n|\n|t:|1699578285\n|-terastallize|p1a: Sinistcha|Poison\n|move|p1a: Sinistcha|Calm Mind|p1a: Sinistcha\n|-boost|p1a: Sinistcha|spa|1\n|-boost|p1a: Sinistcha|spd|1\n|move|p2a: Clodsire|Spikes|p1a: Sinistcha\n|-sidestart|p1: RunNumber1|Spikes\n|\n|-heal|p1a: Sinistcha|100\/100|[from] item: Leftovers\n|-heal|p2a: Clodsire|90\/100|[from] item: Leftovers\n|upkeep\n|turn|13\n|\n|t:|1699578289\n|move|p1a: Sinistcha|Calm Mind|p1a: Sinistcha\n|-boost|p1a: Sinistcha|spa|1\n|-boost|p1a: Sinistcha|spd|1\n|move|p2a: Clodsire|Earthquake|p1a: Sinistcha\n|-supereffective|p1a: Sinistcha\n|-damage|p1a: Sinistcha|66\/100\n|\n|-heal|p1a: Sinistcha|72\/100|[from] item: Leftovers\n|-heal|p2a: Clodsire|96\/100|[from] item: Leftovers\n|upkeep\n|turn|14\n|\n|t:|1699578298\n|move|p1a: Sinistcha|Matcha Gotcha|p2a: Clodsire|[miss]\n|-miss|p1a: Sinistcha|p2a: Clodsire\n|move|p2a: Clodsire|Earthquake|p1a: Sinistcha\n|-supereffective|p1a: Sinistcha\n|-damage|p1a: Sinistcha|33\/100\n|\n|-heal|p1a: Sinistcha|39\/100|[from] item: Leftovers\n|-heal|p2a: Clodsire|100\/100|[from] item: Leftovers\n|upkeep\n|turn|15\n|\n|t:|1699578301\n|move|p1a: Sinistcha|Matcha Gotcha|p2a: Clodsire\n|-damage|p2a: Clodsire|82\/100\n|-heal|p1a: Sinistcha|52\/100|[from] drain|[of] p2a: Clodsire\n|move|p2a: Clodsire|Earthquake|p1a: Sinistcha\n|-supereffective|p1a: Sinistcha\n|-damage|p1a: Sinistcha|15\/100\n|\n|-heal|p1a: Sinistcha|21\/100|[from] item: Leftovers\n|-heal|p2a: Clodsire|88\/100|[from] item: Leftovers\n|upkeep\n|turn|16\n|\n|t:|1699578304\n|move|p1a: Sinistcha|Strength Sap|p2a: Clodsire\n|-unboost|p2a: Clodsire|atk|1\n|-heal|p1a: Sinistcha|75\/100\n|move|p2a: Clodsire|Earthquake|p1a: Sinistcha\n|-supereffective|p1a: Sinistcha\n|-damage|p1a: Sinistcha|48\/100\n|\n|-heal|p1a: Sinistcha|54\/100|[from] item: Leftovers\n|-heal|p2a: Clodsire|94\/100|[from] item: Leftovers\n|upkeep\n|turn|17\n|\n|t:|1699578311\n|move|p1a: Sinistcha|Strength Sap|p2a: Clodsire\n|-unboost|p2a: Clodsire|atk|1\n|-heal|p1a: Sinistcha|90\/100\n|move|p2a: Clodsire|Earthquake|p1a: Sinistcha\n|-supereffective|p1a: Sinistcha\n|-damage|p1a: Sinistcha|71\/100\n|\n|-heal|p1a: Sinistcha|77\/100|[from] item: Leftovers\n|-heal|p2a: Clodsire|100\/100|[from] item: Leftovers\n|upkeep\n|turn|18\n|\n|t:|1699578320\n|switch|p2a: Dondozo|Dondozo, M, tera:Grass|70\/100\n|-damage|p2a: Dondozo|58\/100|[from] Stealth Rock\n|move|p1a: Sinistcha|Strength Sap|p2a: Dondozo\n|-unboost|p2a: Dondozo|atk|1\n|-heal|p1a: Sinistcha|100\/100\n|\n|-heal|p2a: Dondozo|64\/100|[from] item: Leftovers\n|upkeep\n|turn|19\n|\n|t:|1699578325\n|move|p1a: Sinistcha|Shadow Ball|p2a: Dondozo\n|-damage|p2a: Dondozo|31\/100\n|-unboost|p2a: Dondozo|spd|1\n|move|p2a: Dondozo|Curse|p2a: Dondozo\n|-unboost|p2a: Dondozo|spe|1\n|-boost|p2a: Dondozo|atk|1\n|-boost|p2a: Dondozo|def|1\n|\n|-heal|p2a: Dondozo|37\/100|[from] item: Leftovers\n|upkeep\n|turn|20\n|\n|t:|1699578332\n|switch|p2a: Chansey|Chansey, F|88\/100\n|-damage|p2a: Chansey|76\/100|[from] Stealth Rock\n|move|p1a: Sinistcha|Shadow Ball|p2a: Chansey\n|-immune|p2a: Chansey\n|\n|upkeep\n|turn|21\n|\n|t:|1699578341\n|move|p1a: Sinistcha|Calm Mind|p1a: Sinistcha\n|-boost|p1a: Sinistcha|spa|1\n|-boost|p1a: Sinistcha|spd|1\n|move|p2a: Chansey|Seismic Toss|p1a: Sinistcha\n|-damage|p1a: Sinistcha|72\/100\n|\n|-heal|p1a: Sinistcha|78\/100|[from] item: Leftovers\n|upkeep\n|turn|22\n|\n|t:|1699578345\n|move|p1a: Sinistcha|Calm Mind|p1a: Sinistcha\n|-boost|p1a: Sinistcha|spa|1\n|-boost|p1a: Sinistcha|spd|1\n|move|p2a: Chansey|Seismic Toss|p1a: Sinistcha\n|-damage|p1a: Sinistcha|49\/100\n|\n|-heal|p1a: Sinistcha|55\/100|[from] item: Leftovers\n|upkeep\n|turn|23\n|\n|t:|1699578346\n|move|p1a: Sinistcha|Matcha Gotcha|p2a: Chansey|[miss]\n|-miss|p1a: Sinistcha|p2a: Chansey\n|move|p2a: Chansey|Seismic Toss|p1a: Sinistcha\n|-damage|p1a: Sinistcha|26\/100\n|\n|-heal|p1a: Sinistcha|32\/100|[from] item: Leftovers\n|upkeep\n|turn|24\n|\n|t:|1699578349\n|move|p1a: Sinistcha|Matcha Gotcha|p2a: Chansey\n|-damage|p2a: Chansey|46\/100\n|-heal|p1a: Sinistcha|63\/100|[from] drain|[of] p2a: Chansey\n|move|p2a: Chansey|Seismic Toss|p1a: Sinistcha\n|-damage|p1a: Sinistcha|34\/100\n|\n|-heal|p1a: Sinistcha|40\/100|[from] item: Leftovers\n|upkeep\n|turn|25\n|\n|t:|1699578352\n|move|p1a: Sinistcha|Matcha Gotcha|p2a: Chansey\n|-damage|p2a: Chansey|18\/100\n|-heal|p1a: Sinistcha|68\/100|[from] drain|[of] p2a: Chansey\n|-status|p2a: Chansey|brn\n|move|p2a: Chansey|Soft-Boiled|p2a: Chansey\n|-heal|p2a: Chansey|68\/100 brn\n|\n|-heal|p1a: Sinistcha|74\/100|[from] item: Leftovers\n|-damage|p2a: Chansey|62\/100 brn|[from] brn\n|upkeep\n|turn|26\n|\n|t:|1699578355\n|move|p1a: Sinistcha|Calm Mind|p1a: Sinistcha\n|-boost|p1a: Sinistcha|spa|1\n|-boost|p1a: Sinistcha|spd|1\n|move|p2a: Chansey|Seismic Toss|p1a: Sinistcha\n|-damage|p1a: Sinistcha|45\/100\n|\n|-heal|p1a: Sinistcha|52\/100|[from] item: Leftovers\n|-damage|p2a: Chansey|55\/100 brn|[from] brn\n|upkeep\n|turn|27\n|l|\u2606SCP-4666\n|inactive|SCP-4666 disconnected and has a minute to reconnect!\n|player|p2|\n|inactive|RunNumber1 has 120 seconds left.\n|inactive|SCP-4666 has 30 seconds to reconnect!\n|inactive|SCP-4666 has 20 seconds to reconnect!\n|inactive|SCP-4666 has 15 seconds to reconnect!\n|inactive|SCP-4666 has 10 seconds to reconnect!\n|inactive|SCP-4666 has 5 seconds to reconnect!\n|-message|SCP-4666 lost due to inactivity.\n|\n|win|RunNumber1\n|raw|RunNumber1's rating: 1481 &rarr; <strong>1505<\/strong><br \/>(+24 for winning)\n|raw|SCP-4666's rating: 1557 &rarr; <strong>1533<\/strong><br \/>(-24 for losing)\n","uploadtime":1699578426,"views":18,"p1id":"runnumber1","p2id":"scp4666","formatid":"gen9nationaldex","rating":1505,"private":0,"password":""}