{"id":"gen9nationaldex-1993811955","p1":"bubulangte","p2":"zizhuzhaosheng","format":"[Gen 9] National Dex","log":"|j|\u2606bubulangte\n|j|\u2606zizhuzhaosheng\n|t:|1700360278\n|gametype|singles\n|player|p1|bubulangte|clair|1504\n|player|p2|zizhuzhaosheng|archer|1664\n|teamsize|p1|6\n|teamsize|p2|6\n|gen|9\n|tier|[Gen 9] National Dex\n|rated|\n|rule|HP Percentage Mod: HP is shown in percentages\n|rule|Endless Battle Clause: Forcing endless battles is banned\n|rule|OHKO Clause: OHKO moves are banned\n|rule|Evasion Clause: Evasion abilities, items, and moves are banned\n|rule|Evasion Abilities Clause: Evasion abilities are banned\n|rule|Evasion Items Clause: Evasion items are banned\n|rule|Evasion Moves Clause: Evasion moves are banned\n|rule|Species Clause: Limit one of each Pok\u00e9mon\n|rule|Sleep Clause Mod: Limit one foe put to sleep\n|clearpoke\n|poke|p1|Weavile, M|\n|poke|p1|Heatran, F|\n|poke|p1|Zapdos|\n|poke|p1|Ogerpon-Wellspring, F|\n|poke|p1|Pinsir, M|\n|poke|p1|Great Tusk|\n|poke|p2|Latias, F|\n|poke|p2|Urshifu-*, F|\n|poke|p2|Heatran, M|\n|poke|p2|Landorus-Therian, M|\n|poke|p2|Sneasler, M|\n|poke|p2|Tapu Koko|\n|teampreview\n|inactive|Battle timer is ON: inactive players will automatically lose when time's up. (requested by bubulangte)\n|\n|t:|1700360294\n|start\n|switch|p1a: Pinsir|Pinsir, M|100\/100\n|switch|p2a: Urshifu|Urshifu-Rapid-Strike, F|100\/100\n|turn|1\n|\n|t:|1700360301\n|detailschange|p1a: Pinsir|Pinsir-Mega, M\n|-mega|p1a: Pinsir|Pinsir|Pinsirite\n|move|p1a: Pinsir|Quick Attack|p2a: Urshifu\n|-supereffective|p2a: Urshifu\n|-damage|p2a: Urshifu|46\/100\n|move|p2a: Urshifu|U-turn|p1a: Pinsir\n|-resisted|p1a: Pinsir\n|-damage|p1a: Pinsir|87\/100\n|\n|t:|1700360306\n|switch|p2a: Landorus|Landorus-Therian, M|100\/100|[from] U-turn\n|-ability|p2a: Landorus|Intimidate|boost\n|-unboost|p1a: Pinsir|atk|1\n|\n|upkeep\n|turn|2\n|\n|t:|1700360314\n|switch|p1a: Zapdos|Zapdos|100\/100\n|move|p2a: Landorus|Rock Tomb|p1a: Zapdos\n|-supereffective|p1a: Zapdos\n|-damage|p1a: Zapdos|73\/100\n|-unboost|p1a: Zapdos|spe|1\n|\n|upkeep\n|turn|3\n|\n|t:|1700360322\n|move|p2a: Landorus|U-turn|p1a: Zapdos\n|-resisted|p1a: Zapdos\n|-damage|p1a: Zapdos|66\/100\n|-status|p2a: Landorus|par|[from] ability: Static|[of] p1a: Zapdos\n|\n|t:|1700360325\n|switch|p2a: Heatran|Heatran, M|100\/100|[from] U-turn\n|-zpower|p1a: Zapdos\n|move|p1a: Zapdos|Supersonic Skystrike|p2a: Heatran|[zeffect]\n|-resisted|p2a: Heatran\n|-damage|p2a: Heatran|77\/100\n|\n|-heal|p2a: Heatran|84\/100|[from] item: Leftovers\n|upkeep\n|turn|4\n|\n|t:|1700360334\n|move|p2a: Heatran|Earth Power|p1a: Zapdos\n|-immune|p1a: Zapdos\n|move|p1a: Zapdos|Volt Switch|p2a: Heatran\n|-damage|p2a: Heatran|66\/100\n|\n|t:|1700360343\n|switch|p1a: Pinsir|Pinsir-Mega, M|87\/100|[from] Volt Switch\n|\n|-heal|p2a: Heatran|73\/100|[from] item: Leftovers\n|upkeep\n|turn|5\n|\n|t:|1700360350\n|switch|p2a: Landorus|Landorus-Therian, M|100\/100 par\n|-ability|p2a: Landorus|Intimidate|boost\n|-unboost|p1a: Pinsir|atk|1\n|move|p1a: Pinsir|Close Combat|p2a: Landorus\n|-resisted|p2a: Landorus\n|-damage|p2a: Landorus|90\/100 par\n|-unboost|p1a: Pinsir|def|1\n|-unboost|p1a: Pinsir|spd|1\n|-damage|p1a: Pinsir|70\/100|[from] item: Rocky Helmet|[of] p2a: Landorus\n|\n|upkeep\n|turn|6\n|\n|t:|1700360357\n|switch|p1a: Zapdos|Zapdos|66\/100\n|move|p2a: Landorus|U-turn|p1a: Zapdos\n|-resisted|p1a: Zapdos\n|-damage|p1a: Zapdos|58\/100\n|\n|t:|1700360363\n|switch|p2a: Tapu Koko|Tapu Koko|100\/100|[from] U-turn\n|-fieldstart|move: Electric Terrain|[from] ability: Electric Surge|[of] p2a: Tapu Koko\n|\n|upkeep\n|turn|7\n|\n|t:|1700360371\n|move|p2a: Tapu Koko|Thunderbolt|p1a: Zapdos\n|-damage|p1a: Zapdos|14\/100\n|move|p1a: Zapdos|Volt Switch|p2a: Tapu Koko\n|-resisted|p2a: Tapu Koko\n|-damage|p2a: Tapu Koko|77\/100\n|\n|t:|1700360379\n|switch|p1a: Heatran|Heatran, F|100\/100|[from] Volt Switch\n|\n|upkeep\n|turn|8\n|\n|t:|1700360389\n|-zpower|p2a: Tapu Koko\n|move|p2a: Tapu Koko|Gigavolt Havoc|p1a: Heatran|[zeffect]\n|-damage|p1a: Heatran|40\/100\n|move|p1a: Heatran|Magma Storm|p2a: Tapu Koko\n|-damage|p2a: Tapu Koko|8\/100\n|-activate|p2a: Tapu Koko|move: Magma Storm|[of] p1a: Heatran\n|\n|-heal|p1a: Heatran|46\/100|[from] item: Leftovers\n|-damage|p2a: Tapu Koko|0 fnt|[from] move: Magma Storm|[partiallytrapped]\n|faint|p2a: Tapu Koko\n|upkeep\n|\n|t:|1700360397\n|switch|p2a: Urshifu|Urshifu-Rapid-Strike, F|46\/100\n|turn|9\n|inactive|bubulangte has 120 seconds left.\n|\n|t:|1700360428\n|switch|p1a: Zapdos|Zapdos|14\/100\n|move|p2a: Urshifu|Close Combat|p1a: Zapdos\n|-resisted|p1a: Zapdos\n|-damage|p1a: Zapdos|0 fnt\n|-unboost|p2a: Urshifu|def|1\n|-unboost|p2a: Urshifu|spd|1\n|-status|p2a: Urshifu|par|[from] ability: Static|[of] p1a: Zapdos\n|faint|p1a: Zapdos\n|\n|upkeep\n|inactive|bubulangte has 120 seconds left.\n|\n|t:|1700360441\n|switch|p1a: Weavile|Weavile, M|100\/100\n|turn|10\n|\n|t:|1700360446\n|move|p1a: Weavile|Beat Up|p2a: Urshifu\n|-resisted|p2a: Urshifu\n|-damage|p2a: Urshifu|37\/100 par\n|-resisted|p2a: Urshifu\n|-damage|p2a: Urshifu|29\/100 par\n|-resisted|p2a: Urshifu\n|-damage|p2a: Urshifu|18\/100 par\n|-resisted|p2a: Urshifu\n|-damage|p2a: Urshifu|9\/100 par\n|-resisted|p2a: Urshifu\n|-damage|p2a: Urshifu|0 fnt\n|faint|p2a: Urshifu\n|-hitcount|p2: Urshifu|5\n|\n|-fieldend|move: Electric Terrain\n|upkeep\n|\n|t:|1700360452\n|switch|p2a: Heatran|Heatran, M|73\/100\n|turn|11\n|\n|t:|1700360459\n|switch|p1a: Heatran|Heatran, F|46\/100\n|move|p2a: Heatran|Magma Storm|p1a: Heatran\n|-start|p1a: Heatran|ability: Flash Fire\n|\n|-heal|p1a: Heatran|52\/100|[from] item: Leftovers\n|-heal|p2a: Heatran|79\/100|[from] item: Leftovers\n|upkeep\n|turn|12\n|\n|t:|1700360470\n|-terastallize|p2a: Heatran|Grass\n|move|p2a: Heatran|Earth Power|p1a: Heatran\n|-supereffective|p1a: Heatran\n|-crit|p1a: Heatran\n|-damage|p1a: Heatran|0 fnt\n|faint|p1a: Heatran\n|\n|-heal|p2a: Heatran|85\/100|[from] item: Leftovers\n|upkeep\n|\n|t:|1700360478\n|switch|p1a: Pinsir|Pinsir-Mega, M|70\/100\n|turn|13\n|\n|t:|1700360482\n|switch|p2a: Landorus|Landorus-Therian, M|90\/100 par\n|-ability|p2a: Landorus|Intimidate|boost\n|-unboost|p1a: Pinsir|atk|1\n|move|p1a: Pinsir|Return|p2a: Landorus\n|-damage|p2a: Landorus|57\/100 par\n|-damage|p1a: Pinsir|54\/100|[from] item: Rocky Helmet|[of] p2a: Landorus\n|\n|upkeep\n|turn|14\n|\n|t:|1700360495\n|move|p1a: Pinsir|Swords Dance|p1a: Pinsir\n|-boost|p1a: Pinsir|atk|2\n|move|p2a: Landorus|U-turn|p1a: Pinsir\n|-resisted|p1a: Pinsir\n|-damage|p1a: Pinsir|41\/100\n|\n|t:|1700360505\n|switch|p2a: Latias|Latias, F|100\/100|[from] U-turn\n|\n|upkeep\n|turn|15\n|\n|t:|1700360517\n|switch|p2a: Landorus|Landorus-Therian, M|57\/100 par\n|-ability|p2a: Landorus|Intimidate|boost\n|-unboost|p1a: Pinsir|atk|1\n|move|p1a: Pinsir|Return|p2a: Landorus\n|-crit|p2a: Landorus\n|-damage|p2a: Landorus|0 fnt\n|-damage|p1a: Pinsir|25\/100|[from] item: Rocky Helmet|[of] p2a: Landorus\n|faint|p2a: Landorus\n|\n|upkeep\n|\n|t:|1700360523\n|switch|p2a: Latias|Latias, F|100\/100\n|turn|16\n|\n|t:|1700360543\n|detailschange|p2a: Latias|Latias-Mega, F\n|-mega|p2a: Latias|Latias|Latiasite\n|move|p1a: Pinsir|Return|p2a: Latias\n|-damage|p2a: Latias|43\/100\n|move|p2a: Latias|Psychic|p1a: Pinsir\n|-damage|p1a: Pinsir|0 fnt\n|faint|p1a: Pinsir\n|\n|upkeep\n|\n|t:|1700360548\n|switch|p1a: Weavile|Weavile, M|100\/100\n|turn|17\n|\n|t:|1700360559\n|switch|p2a: Heatran|Heatran, M, tera:Grass|85\/100\n|move|p1a: Weavile|Triple Axel|p2a: Heatran\n|-supereffective|p2a: Heatran\n|-damage|p2a: Heatran|59\/100\n|-supereffective|p2a: Heatran\n|-damage|p2a: Heatran|6\/100\n|-supereffective|p2a: Heatran\n|-damage|p2a: Heatran|0 fnt\n|faint|p2a: Heatran\n|-hitcount|p2: Heatran|3\n|\n|upkeep\n|\n|t:|1700360562\n|switch|p2a: Sneasler|Sneasler, M|100\/100\n|turn|18\n|\n|t:|1700360590\n|move|p1a: Weavile|Triple Axel|p2a: Sneasler\n|-damage|p2a: Sneasler|73\/100\n|-hitcount|p2a: Sneasler|1\n|move|p2a: Sneasler|Close Combat|p1a: Weavile\n|-supereffective|p1a: Weavile\n|-damage|p1a: Weavile|0 fnt\n|-unboost|p2a: Sneasler|def|1\n|-unboost|p2a: Sneasler|spd|1\n|faint|p1a: Weavile\n|\n|upkeep\n|inactive|bubulangte has 120 seconds left.\n|\n|t:|1700360604\n|switch|p1a: Great Tusk|Great Tusk|100\/100\n|-enditem|p1a: Great Tusk|Booster Energy\n|-activate|p1a: Great Tusk|ability: Protosynthesis|[fromitem]\n|-start|p1a: Great Tusk|protosynthesisspe\n|turn|19\n|\n|t:|1700360608\n|move|p1a: Great Tusk|Earthquake|p2a: Sneasler\n|-supereffective|p2a: Sneasler\n|-damage|p2a: Sneasler|0 fnt\n|faint|p2a: Sneasler\n|\n|upkeep\n|\n|t:|1700360610\n|switch|p2a: Latias|Latias-Mega, F|43\/100\n|turn|20\n|\n|t:|1700360617\n|-terastallize|p1a: Great Tusk|Steel\n|move|p1a: Great Tusk|Ice Spinner|p2a: Latias\n|-supereffective|p2a: Latias\n|-damage|p2a: Latias|2\/100\n|move|p2a: Latias|Roost|p2a: Latias\n|-heal|p2a: Latias|52\/100\n|-singleturn|p2a: Latias|move: Roost\n|\n|upkeep\n|turn|21\n|\n|t:|1700360621\n|move|p1a: Great Tusk|Ice Spinner|p2a: Latias\n|-supereffective|p2a: Latias\n|-damage|p2a: Latias|12\/100\n|move|p2a: Latias|Roost|p2a: Latias\n|-heal|p2a: Latias|62\/100\n|-singleturn|p2a: Latias|move: Roost\n|\n|upkeep\n|turn|22\n|\n|t:|1700360624\n|move|p1a: Great Tusk|Ice Spinner|p2a: Latias\n|-supereffective|p2a: Latias\n|-damage|p2a: Latias|22\/100\n|move|p2a: Latias|Roost|p2a: Latias\n|-heal|p2a: Latias|72\/100\n|-singleturn|p2a: Latias|move: Roost\n|\n|upkeep\n|turn|23\n|\n|t:|1700360629\n|move|p1a: Great Tusk|Ice Spinner|p2a: Latias\n|-supereffective|p2a: Latias\n|-damage|p2a: Latias|32\/100\n|move|p2a: Latias|Roost|p2a: Latias\n|-heal|p2a: Latias|82\/100\n|-singleturn|p2a: Latias|move: Roost\n|\n|upkeep\n|turn|24\n|\n|t:|1700360635\n|move|p1a: Great Tusk|Ice Spinner|p2a: Latias\n|-supereffective|p2a: Latias\n|-damage|p2a: Latias|44\/100\n|move|p2a: Latias|Roost|p2a: Latias\n|-heal|p2a: Latias|94\/100\n|-singleturn|p2a: Latias|move: Roost\n|\n|upkeep\n|turn|25\n|\n|t:|1700360640\n|move|p1a: Great Tusk|Ice Spinner|p2a: Latias\n|-supereffective|p2a: Latias\n|-damage|p2a: Latias|58\/100\n|move|p2a: Latias|Roost|p2a: Latias\n|-heal|p2a: Latias|100\/100\n|-singleturn|p2a: Latias|move: Roost\n|\n|upkeep\n|turn|26\n|\n|t:|1700360649\n|move|p1a: Great Tusk|Ice Spinner|p2a: Latias\n|-supereffective|p2a: Latias\n|-damage|p2a: Latias|65\/100\n|move|p2a: Latias|Mystical Fire|p1a: Great Tusk\n|-supereffective|p1a: Great Tusk\n|-damage|p1a: Great Tusk|23\/100\n|-unboost|p1a: Great Tusk|spa|1\n|\n|upkeep\n|turn|27\n|\n|t:|1700360656\n|move|p1a: Great Tusk|Ice Spinner|p2a: Latias\n|-supereffective|p2a: Latias\n|-damage|p2a: Latias|29\/100\n|move|p2a: Latias|Roost|p2a: Latias\n|-heal|p2a: Latias|79\/100\n|-singleturn|p2a: Latias|move: Roost\n|\n|upkeep\n|turn|28\n|\n|t:|1700360663\n|move|p1a: Great Tusk|Ice Spinner|p2a: Latias\n|-supereffective|p2a: Latias\n|-damage|p2a: Latias|44\/100\n|move|p2a: Latias|Roost|p2a: Latias\n|-heal|p2a: Latias|94\/100\n|-singleturn|p2a: Latias|move: Roost\n|\n|upkeep\n|turn|29\n|\n|t:|1700360665\n|move|p1a: Great Tusk|Ice Spinner|p2a: Latias\n|-supereffective|p2a: Latias\n|-damage|p2a: Latias|55\/100\n|move|p2a: Latias|Mystical Fire|p1a: Great Tusk\n|-supereffective|p1a: Great Tusk\n|-damage|p1a: Great Tusk|0 fnt\n|faint|p1a: Great Tusk\n|-end|p1a: Great Tusk|Protosynthesis|[silent]\n|\n|upkeep\n|\n|t:|1700360668\n|switch|p1a: Ogerpon|Ogerpon-Wellspring, F|100\/100\n|turn|30\n|\n|t:|1700360676\n|move|p1a: Ogerpon|Ivy Cudgel|p2a: Latias|[anim] Ivy Cudgel Water\n|-resisted|p2a: Latias\n|-damage|p2a: Latias|31\/100\n|move|p2a: Latias|Psychic|p1a: Ogerpon\n|-damage|p1a: Ogerpon|33\/100\n|\n|upkeep\n|turn|31\n|\n|t:|1700360683\n|move|p1a: Ogerpon|Ivy Cudgel|p2a: Latias|[anim] Ivy Cudgel Water\n|-resisted|p2a: Latias\n|-crit|p2a: Latias\n|-damage|p2a: Latias|0 fnt\n|faint|p2a: Latias\n|\n|win|bubulangte\n|raw|bubulangte's rating: 1504 &rarr; <strong>1533<\/strong><br \/>(+29 for winning)\n|raw|zizhuzhaosheng's rating: 1664 &rarr; <strong>1635<\/strong><br \/>(-29 for losing)\n|c|\u2606zizhuzhaosheng|6.\n","uploadtime":1700360694,"views":8,"p1id":"bubulangte","p2id":"zizhuzhaosheng","formatid":"gen9nationaldex","rating":1533,"private":0,"password":""}