{"id":"gen9nationaldex-1988050422","p1":"Lp-$tylez","p2":"WereSquatch45","format":"[Gen 9] National Dex","log":"|j|\u2606Lp-$tylez\n|j|\u2606WereSquatch45\n|t:|1699663459\n|gametype|singles\n|player|p1|Lp-$tylez|interviewers|\n|player|p2|WereSquatch45|169|\n|teamsize|p1|6\n|teamsize|p2|6\n|gen|9\n|tier|[Gen 9] National Dex\n|rule|HP Percentage Mod: HP is shown in percentages\n|rule|Endless Battle Clause: Forcing endless battles is banned\n|rule|OHKO Clause: OHKO moves are banned\n|rule|Evasion Clause: Evasion abilities, items, and moves are banned\n|rule|Evasion Abilities Clause: Evasion abilities are banned\n|rule|Evasion Items Clause: Evasion items are banned\n|rule|Evasion Moves Clause: Evasion moves are banned\n|rule|Species Clause: Limit one of each Pok\u00e9mon\n|rule|Sleep Clause Mod: Limit one foe put to sleep\n|clearpoke\n|poke|p1|Ninetales, F|\n|poke|p1|Venusaur, M|\n|poke|p1|Landorus-Therian, M|\n|poke|p1|Charizard, M|\n|poke|p1|Azumarill, F|\n|poke|p1|Kartana|\n|poke|p2|Clefable, M|\n|poke|p2|Kilowattrel, M|\n|poke|p2|Shiftry, F|\n|poke|p2|Spiritomb, M|\n|poke|p2|Turtonator, M|\n|poke|p2|Overqwil, M|\n|teampreview\n|j| KarrablastSlashClb\n|c|\u2606WereSquatch45|Hf bro\n|\n|t:|1699663548\n|start\n|switch|p1a: Landorus|Landorus-Therian, M|100\/100\n|switch|p2a: Clefable|Clefable, M, shiny|100\/100\n|-ability|p1a: Landorus|Intimidate|boost\n|-unboost|p2a: Clefable|atk|1\n|turn|1\n|\n|t:|1699663557\n|-zpower|p1a: Landorus\n|move|p1a: Landorus|Acid Downpour|p2a: Clefable|[zeffect]\n|-supereffective|p2a: Clefable\n|-damage|p2a: Clefable|0 fnt\n|faint|p2a: Clefable\n|\n|upkeep\n|\n|t:|1699663576\n|switch|p2a: Spiritomb|Spiritomb, M, shiny|100\/100\n|-ability|p2a: Spiritomb|Pressure\n|turn|2\n|\n|t:|1699663584\n|switch|p1a: Ninetales|Ninetales, F|100\/100\n|-weather|SunnyDay|[from] ability: Drought|[of] p1a: Ninetales\n|move|p2a: Spiritomb|Trick Room|p2a: Spiritomb\n|-fieldstart|move: Trick Room|[of] p2a: Spiritomb\n|\n|-weather|SunnyDay|[upkeep]\n|upkeep\n|turn|3\n|\n|t:|1699663598\n|move|p2a: Spiritomb|Nasty Plot|p2a: Spiritomb\n|-boost|p2a: Spiritomb|spa|2\n|move|p1a: Ninetales|Encore|p2a: Spiritomb\n|-start|p2a: Spiritomb|Encore\n|\n|-weather|SunnyDay|[upkeep]\n|upkeep\n|turn|4\n|\n|t:|1699663612\n|switch|p2a: Turtonator|Turtonator, M, shiny|100\/100\n|move|p1a: Ninetales|Weather Ball|p2a: Turtonator\n|-resisted|p2a: Turtonator\n|-damage|p2a: Turtonator|85\/100\n|\n|-weather|SunnyDay|[upkeep]\n|upkeep\n|turn|5\n|\n|t:|1699663628\n|move|p2a: Turtonator|Shell Smash|p2a: Turtonator\n|-unboost|p2a: Turtonator|def|1\n|-unboost|p2a: Turtonator|spd|1\n|-boost|p2a: Turtonator|atk|2\n|-boost|p2a: Turtonator|spa|2\n|-boost|p2a: Turtonator|spe|2\n|-enditem|p2a: Turtonator|White Herb\n|-clearnegativeboost|p2a: Turtonator|[silent]\n|move|p1a: Ninetales|Hypnosis|p2a: Turtonator|[miss]\n|-miss|p1a: Ninetales|p2a: Turtonator\n|\n|-weather|SunnyDay|[upkeep]\n|upkeep\n|turn|6\n|\n|t:|1699663640\n|move|p1a: Ninetales|Encore|p2a: Turtonator\n|-start|p2a: Turtonator|Encore\n|move|p2a: Turtonator|Shell Smash|p2a: Turtonator\n|-unboost|p2a: Turtonator|def|1\n|-unboost|p2a: Turtonator|spd|1\n|-boost|p2a: Turtonator|atk|2\n|-boost|p2a: Turtonator|spa|2\n|-boost|p2a: Turtonator|spe|2\n|\n|-weather|SunnyDay|[upkeep]\n|-fieldend|move: Trick Room\n|upkeep\n|turn|7\n|j| Caverject\n|\n|t:|1699663667\n|switch|p2a: Spiritomb|Spiritomb, M, shiny|100\/100\n|-ability|p2a: Spiritomb|Pressure\n|switch|p1a: Venusaur|Venusaur, M|100\/100\n|\n|-weather|SunnyDay|[upkeep]\n|upkeep\n|turn|8\n|j| Fishman_42\n|\n|t:|1699663689\n|-terastallize|p1a: Venusaur|Fire\n|move|p1a: Venusaur|Weather Ball|p2a: Spiritomb\n|-damage|p2a: Spiritomb|0 fnt\n|faint|p2a: Spiritomb\n|-damage|p1a: Venusaur|91\/100|[from] item: Life Orb\n|\n|-weather|SunnyDay|[upkeep]\n|upkeep\n|\n|t:|1699663703\n|switch|p2a: Shiftry|Shiftry, F|100\/100\n|turn|9\n|\n|t:|1699663729\n|move|p1a: Venusaur|Weather Ball|p2a: Shiftry\n|-supereffective|p2a: Shiftry\n|-damage|p2a: Shiftry|0 fnt\n|faint|p2a: Shiftry\n|-damage|p1a: Venusaur|81\/100|[from] item: Life Orb\n|\n|-weather|none\n|upkeep\n|\n|t:|1699663739\n|switch|p2a: Kilowattrel|Kilowattrel, M|100\/100\n|turn|10\n|\n|t:|1699663746\n|switch|p1a: Ninetales|Ninetales, F|100\/100\n|-weather|SunnyDay|[from] ability: Drought|[of] p1a: Ninetales\n|move|p2a: Kilowattrel|Hurricane|p1a: Ninetales\n|-damage|p1a: Ninetales|57\/100\n|\n|-weather|SunnyDay|[upkeep]\n|upkeep\n|turn|11\n|\n|t:|1699663760\n|move|p2a: Kilowattrel|Volt Switch|p1a: Ninetales\n|-damage|p1a: Ninetales|25\/100\n|\n|t:|1699663763\n|switch|p2a: Turtonator|Turtonator, M, shiny|85\/100|[from] Volt Switch\n|move|p1a: Ninetales|Hypnosis|p2a: Turtonator|[miss]\n|-miss|p1a: Ninetales|p2a: Turtonator\n|\n|-weather|SunnyDay|[upkeep]\n|upkeep\n|turn|12\n|\n|t:|1699663772\n|move|p1a: Ninetales|Hypnosis|p2a: Turtonator\n|-status|p2a: Turtonator|slp|[from] move: Hypnosis\n|cant|p2a: Turtonator|slp\n|\n|-weather|SunnyDay|[upkeep]\n|upkeep\n|turn|13\n|\n|t:|1699663780\n|switch|p1a: Venusaur|Venusaur, M, tera:Fire|81\/100\n|-curestatus|p2a: Turtonator|slp|[msg]\n|move|p2a: Turtonator|Dragon Pulse|p1a: Venusaur\n|-damage|p1a: Venusaur|38\/100\n|\n|-weather|SunnyDay|[upkeep]\n|upkeep\n|turn|14\n|\n|t:|1699663792\n|move|p1a: Venusaur|Earth Power|p2a: Turtonator\n|-supereffective|p2a: Turtonator\n|-damage|p2a: Turtonator|0 fnt\n|faint|p2a: Turtonator\n|-damage|p1a: Venusaur|28\/100|[from] item: Life Orb\n|\n|-weather|SunnyDay|[upkeep]\n|upkeep\n|\n|t:|1699663803\n|switch|p2a: Kilowattrel|Kilowattrel, M|100\/100\n|turn|15\n|l| Fishman_42\n|\n|t:|1699663806\n|move|p1a: Venusaur|Weather Ball|p2a: Kilowattrel\n|-enditem|p2a: Kilowattrel|Focus Sash\n|-damage|p2a: Kilowattrel|1\/100\n|-damage|p1a: Venusaur|18\/100|[from] item: Life Orb\n|move|p2a: Kilowattrel|Hurricane|p1a: Venusaur|[miss]\n|-miss|p2a: Kilowattrel|p1a: Venusaur\n|\n|-weather|SunnyDay|[upkeep]\n|upkeep\n|turn|16\n|\n|t:|1699663818\n|move|p1a: Venusaur|Weather Ball|p2a: Kilowattrel\n|-damage|p2a: Kilowattrel|0 fnt\n|faint|p2a: Kilowattrel\n|-damage|p1a: Venusaur|8\/100|[from] item: Life Orb\n|\n|-weather|SunnyDay|[upkeep]\n|upkeep\n|\n|t:|1699663827\n|switch|p2a: Overqwil|Overqwil, M, shiny|100\/100\n|turn|17\n|\n|t:|1699663838\n|switch|p1a: Landorus|Landorus-Therian, M|100\/100\n|-ability|p1a: Landorus|Intimidate|boost\n|-unboost|p2a: Overqwil|atk|1\n|move|p2a: Overqwil|Crunch|p1a: Landorus\n|-damage|p1a: Landorus|65\/100\n|\n|-weather|none\n|upkeep\n|turn|18\n|\n|t:|1699663847\n|move|p1a: Landorus|Earth Power|p2a: Overqwil\n|-supereffective|p2a: Overqwil\n|-damage|p2a: Overqwil|0 fnt\n|faint|p2a: Overqwil\n|\n|win|Lp-$tylez\n|l| Caverject\n|c|\u2606WereSquatch45|Gg!\n","uploadtime":1699663872,"views":47,"p1id":"lptylez","p2id":"weresquatch45","formatid":"gen9nationaldex","rating":0,"private":0,"password":""}