{"id":"gen9nationaldex-1987865192","p1":"caibi107","p2":"TheEmeraldGamerGuy","format":"[Gen 9] National Dex","log":"|j|\u2606caibi107\n|j|\u2606TheEmeraldGamerGuy\n|t:|1699643971\n|gametype|singles\n|player|p1|caibi107|hilbert|1661\n|player|p2|TheEmeraldGamerGuy|colress|1550\n|teamsize|p1|6\n|teamsize|p2|6\n|gen|9\n|tier|[Gen 9] National Dex\n|rated|\n|rule|HP Percentage Mod: HP is shown in percentages\n|rule|Endless Battle Clause: Forcing endless battles is banned\n|rule|OHKO Clause: OHKO moves are banned\n|rule|Evasion Clause: Evasion abilities, items, and moves are banned\n|rule|Evasion Abilities Clause: Evasion abilities are banned\n|rule|Evasion Items Clause: Evasion items are banned\n|rule|Evasion Moves Clause: Evasion moves are banned\n|rule|Species Clause: Limit one of each Pok\u00e9mon\n|rule|Sleep Clause Mod: Limit one foe put to sleep\n|clearpoke\n|poke|p1|Feraligatr, F|\n|poke|p1|Manectric, M|\n|poke|p1|Ferrothorn, M|\n|poke|p1|Tornadus-Therian, M|\n|poke|p1|Rillaboom, M|\n|poke|p1|Dragonite, M|\n|poke|p2|Slowking-Galar, F|\n|poke|p2|Tapu Fini|\n|poke|p2|Zapdos|\n|poke|p2|Garchomp, M|\n|poke|p2|Diancie|\n|poke|p2|Kartana|\n|teampreview\n|inactive|Battle timer is ON: inactive players will automatically lose when time's up. (requested by TheEmeraldGamerGuy)\n|\n|t:|1699643983\n|start\n|switch|p1a: Manectric|Manectric, M|100\/100\n|switch|p2a: Diancie|Diancie|100\/100\n|turn|1\n|\n|t:|1699643993\n|detailschange|p1a: Manectric|Manectric-Mega, M\n|-mega|p1a: Manectric|Manectric|Manectite\n|-ability|p1a: Manectric|Intimidate|boost\n|-fail|p2a: Diancie|unboost|[from] ability: Clear Body|[of] p2a: Diancie\n|detailschange|p2a: Diancie|Diancie-Mega\n|-mega|p2a: Diancie|Diancie|Diancite\n|move|p1a: Manectric|Volt Switch|p2a: Diancie\n|-damage|p2a: Diancie|54\/100\n|\n|t:|1699644005\n|switch|p1a: Rillaboom|Rillaboom, M|100\/100|[from] Volt Switch\n|-fieldstart|move: Grassy Terrain|[from] ability: Grassy Surge|[of] p1a: Rillaboom\n|move|p2a: Diancie|Stealth Rock|p1a: Rillaboom\n|-sidestart|p1: caibi107|move: Stealth Rock\n|\n|-heal|p2a: Diancie|60\/100|[from] Grassy Terrain\n|upkeep\n|turn|2\n|\n|t:|1699644014\n|switch|p2a: Zapdos|Zapdos|100\/100\n|move|p1a: Rillaboom|U-turn|p2a: Zapdos\n|-resisted|p2a: Zapdos\n|-damage|p2a: Zapdos|86\/100\n|\n|t:|1699644025\n|switch|p1a: Tornadus|Tornadus-Therian, M|100\/100|[from] U-turn\n|\n|upkeep\n|turn|3\n|\n|t:|1699644027\n|move|p1a: Tornadus|Defog|p2a: Zapdos\n|-unboost|p2a: Zapdos|evasion|1\n|-sideend|p1: caibi107|Stealth Rock|[from] move: Defog|[of] p1a: Tornadus\n|-fieldend|move: Grassy Terrain\n|move|p2a: Zapdos|Volt Switch|p1a: Tornadus\n|-supereffective|p1a: Tornadus\n|-damage|p1a: Tornadus|46\/100\n|\n|t:|1699644031\n|switch|p2a: Diancie|Diancie-Mega|60\/100|[from] Volt Switch\n|\n|upkeep\n|turn|4\n|\n|t:|1699644038\n|move|p1a: Tornadus|U-turn|p2a: Diancie\n|-resisted|p2a: Diancie\n|-damage|p2a: Diancie|49\/100\n|\n|t:|1699644057\n|switch|p1a: Manectric|Manectric-Mega, M|100\/100|[from] U-turn\n|-ability|p1a: Manectric|Intimidate|boost\n|-unboost|p2a: Diancie|atk|1\n|move|p2a: Diancie|Stealth Rock|p1a: Manectric\n|-sidestart|p1: caibi107|move: Stealth Rock\n|\n|upkeep\n|turn|5\n|\n|t:|1699644066\n|switch|p2a: Slowking|Slowking-Galar, F|100\/100\n|move|p1a: Manectric|Volt Switch|p2a: Slowking\n|-damage|p2a: Slowking|83\/100\n|\n|t:|1699644076\n|switch|p1a: Tornadus|Tornadus-Therian, M|79\/100|[from] Volt Switch\n|\n|upkeep\n|turn|6\n|\n|t:|1699644080\n|move|p1a: Tornadus|Defog|p2a: Slowking\n|-unboost|p2a: Slowking|evasion|1\n|-sideend|p1: caibi107|Stealth Rock|[from] move: Defog|[of] p1a: Tornadus\n|move|p2a: Slowking|Future Sight|p1a: Tornadus\n|-start|p2a: Slowking|move: Future Sight\n|\n|upkeep\n|turn|7\n|\n|t:|1699644086\n|move|p1a: Tornadus|U-turn|p2a: Slowking\n|-damage|p2a: Slowking|70\/100\n|\n|t:|1699644095\n|switch|p1a: Ferrothorn|Ferrothorn, M|100\/100|[from] U-turn\n|move|p2a: Slowking|Sludge Bomb|p1a: Ferrothorn\n|-immune|p1a: Ferrothorn\n|\n|upkeep\n|turn|8\n|\n|t:|1699644098\n|move|p2a: Slowking|Flamethrower|p1a: Ferrothorn\n|-supereffective|p1a: Ferrothorn\n|-damage|p1a: Ferrothorn|29\/100\n|move|p1a: Ferrothorn|Stealth Rock|p2a: Slowking\n|-sidestart|p2: TheEmeraldGamerGuy|move: Stealth Rock\n|\n|-end|p1a: Ferrothorn|move: Future Sight\n|-resisted|p1a: Ferrothorn\n|-damage|p1a: Ferrothorn|9\/100\n|-heal|p1a: Ferrothorn|16\/100|[from] item: Leftovers\n|upkeep\n|turn|9\n|\n|t:|1699644106\n|move|p2a: Slowking|Flamethrower|p1a: Ferrothorn\n|-supereffective|p1a: Ferrothorn\n|-damage|p1a: Ferrothorn|0 fnt\n|faint|p1a: Ferrothorn\n|\n|upkeep\n|\n|t:|1699644110\n|switch|p1a: Feraligatr|Feraligatr, F|100\/100\n|turn|10\n|\n|t:|1699644113\n|switch|p2a: Zapdos|Zapdos|86\/100\n|move|p1a: Feraligatr|Dragon Dance|p1a: Feraligatr\n|-boost|p1a: Feraligatr|atk|1\n|-boost|p1a: Feraligatr|spe|1\n|\n|upkeep\n|turn|11\n|\n|t:|1699644117\n|move|p1a: Feraligatr|Ice Punch|p2a: Zapdos\n|-supereffective|p2a: Zapdos\n|-damage|p2a: Zapdos|0 fnt\n|-status|p1a: Feraligatr|par|[from] ability: Static|[of] p2a: Zapdos\n|faint|p2a: Zapdos\n|\n|upkeep\n|\n|t:|1699644122\n|switch|p2a: Tapu Fini|Tapu Fini|100\/100\n|-damage|p2a: Tapu Fini|88\/100|[from] Stealth Rock\n|-fieldstart|move: Misty Terrain|[from] ability: Misty Surge|[of] p2a: Tapu Fini\n|turn|12\n|\n|t:|1699644126\n|switch|p1a: Rillaboom|Rillaboom, M|100\/100\n|-fieldstart|move: Grassy Terrain|[from] ability: Grassy Surge|[of] p1a: Rillaboom\n|move|p2a: Tapu Fini|Whirlpool|p1a: Rillaboom\n|-resisted|p1a: Rillaboom\n|-damage|p1a: Rillaboom|93\/100\n|-activate|p1a: Rillaboom|move: Whirlpool|[of] p2a: Tapu Fini\n|\n|-heal|p1a: Rillaboom|99\/100|[from] Grassy Terrain\n|-heal|p2a: Tapu Fini|94\/100|[from] Grassy Terrain\n|-heal|p2a: Tapu Fini|99\/100|[from] item: Leftovers\n|-damage|p1a: Rillaboom|87\/100|[from] move: Whirlpool|[partiallytrapped]\n|upkeep\n|turn|13\n|\n|t:|1699644138\n|-terastallize|p2a: Tapu Fini|Steel\n|move|p1a: Rillaboom|High Horsepower|p2a: Tapu Fini\n|-supereffective|p2a: Tapu Fini\n|-damage|p2a: Tapu Fini|18\/100\n|move|p2a: Tapu Fini|Nature's Madness|p1a: Rillaboom\n|-damage|p1a: Rillaboom|44\/100\n|\n|-heal|p1a: Rillaboom|50\/100|[from] Grassy Terrain\n|-heal|p2a: Tapu Fini|24\/100|[from] Grassy Terrain\n|-heal|p2a: Tapu Fini|30\/100|[from] item: Leftovers\n|-damage|p1a: Rillaboom|38\/100|[from] move: Whirlpool|[partiallytrapped]\n|upkeep\n|turn|14\n|\n|t:|1699644147\n|switch|p2a: Garchomp|Garchomp, M|100\/100\n|-damage|p2a: Garchomp|94\/100|[from] Stealth Rock\n|move|p1a: Rillaboom|High Horsepower|p2a: Garchomp\n|-damage|p2a: Garchomp|41\/100\n|-damage|p1a: Rillaboom|25\/100|[from] ability: Rough Skin|[of] p2a: Garchomp\n|\n|-heal|p2a: Garchomp|47\/100|[from] Grassy Terrain\n|-heal|p1a: Rillaboom|31\/100|[from] Grassy Terrain\n|-end|p1a: Rillaboom|Whirlpool|[partiallytrapped]|[silent]\n|upkeep\n|turn|15\n|\n|t:|1699644157\n|switch|p1a: Manectric|Manectric-Mega, M|100\/100\n|-ability|p1a: Manectric|Intimidate|boost\n|-unboost|p2a: Garchomp|atk|1\n|move|p2a: Garchomp|Scale Shot|p1a: Manectric\n|-damage|p1a: Manectric|87\/100\n|-damage|p1a: Manectric|74\/100\n|-damage|p1a: Manectric|61\/100\n|-damage|p1a: Manectric|49\/100\n|-damage|p1a: Manectric|36\/100\n|-hitcount|p1a: Manectric|5\n|-unboost|p2a: Garchomp|def|1\n|-boost|p2a: Garchomp|spe|1\n|\n|-heal|p2a: Garchomp|53\/100|[from] Grassy Terrain\n|-heal|p1a: Manectric|42\/100|[from] Grassy Terrain\n|upkeep\n|turn|16\n|\n|t:|1699644169\n|switch|p1a: Tornadus|Tornadus-Therian, M|100\/100\n|move|p2a: Garchomp|Earthquake|p1a: Tornadus\n|-immune|p1a: Tornadus\n|\n|-heal|p2a: Garchomp|59\/100|[from] Grassy Terrain\n|-fieldend|move: Grassy Terrain\n|upkeep\n|turn|17\n|\n|t:|1699644175\n|move|p2a: Garchomp|Swords Dance|p2a: Garchomp\n|-boost|p2a: Garchomp|atk|2\n|move|p1a: Tornadus|Bleakwind Storm|p2a: Garchomp|[miss]\n|-miss|p1a: Tornadus|p2a: Garchomp\n|\n|upkeep\n|turn|18\n|\n|t:|1699644184\n|move|p2a: Garchomp|Scale Shot|p1a: Tornadus\n|-damage|p1a: Tornadus|78\/100\n|-damage|p1a: Tornadus|54\/100\n|-damage|p1a: Tornadus|31\/100\n|-damage|p1a: Tornadus|9\/100\n|-damage|p1a: Tornadus|0 fnt\n|faint|p1a: Tornadus\n|-hitcount|p1: Tornadus|5\n|-unboost|p2a: Garchomp|def|1\n|-boost|p2a: Garchomp|spe|1\n|\n|upkeep\n|j| Deedezs\n|\n|t:|1699644187\n|switch|p1a: Rillaboom|Rillaboom, M|31\/100\n|-fieldstart|move: Grassy Terrain|[from] ability: Grassy Surge|[of] p1a: Rillaboom\n|turn|19\n|\n|t:|1699644196\n|move|p1a: Rillaboom|Grassy Glide|p2a: Garchomp\n|-damage|p2a: Garchomp|0 fnt\n|-damage|p1a: Rillaboom|19\/100|[from] ability: Rough Skin|[of] p2a: Garchomp\n|faint|p2a: Garchomp\n|\n|-heal|p1a: Rillaboom|25\/100|[from] Grassy Terrain\n|upkeep\n|\n|t:|1699644200\n|switch|p2a: Kartana|Kartana|100\/100\n|-damage|p2a: Kartana|94\/100|[from] Stealth Rock\n|turn|20\n|\n|t:|1699644214\n|switch|p1a: Manectric|Manectric-Mega, M|42\/100\n|-ability|p1a: Manectric|Intimidate|boost\n|-unboost|p2a: Kartana|atk|1\n|move|p2a: Kartana|Smart Strike|p1a: Manectric\n|-resisted|p1a: Manectric\n|-damage|p1a: Manectric|17\/100\n|\n|-heal|p2a: Kartana|100\/100|[from] Grassy Terrain\n|-heal|p1a: Manectric|23\/100|[from] Grassy Terrain\n|upkeep\n|turn|21\n|\n|t:|1699644226\n|switch|p2a: Slowking|Slowking-Galar, F|100\/100\n|-damage|p2a: Slowking|88\/100|[from] Stealth Rock\n|move|p1a: Manectric|Flamethrower|p2a: Slowking\n|-damage|p2a: Slowking|76\/100\n|-status|p2a: Slowking|brn\n|\n|-heal|p1a: Manectric|29\/100|[from] Grassy Terrain\n|-heal|p2a: Slowking|82\/100 brn|[from] Grassy Terrain\n|-damage|p2a: Slowking|76\/100 brn|[from] brn\n|upkeep\n|turn|22\n|\n|t:|1699644231\n|move|p1a: Manectric|Volt Switch|p2a: Slowking\n|-damage|p2a: Slowking|60\/100 brn\n|\n|t:|1699644236\n|switch|p1a: Feraligatr|Feraligatr, F|100\/100 par|[from] Volt Switch\n|move|p2a: Slowking|Future Sight|p1a: Feraligatr\n|-start|p2a: Slowking|move: Future Sight\n|\n|-heal|p2a: Slowking|66\/100 brn|[from] Grassy Terrain\n|-damage|p2a: Slowking|60\/100 brn|[from] brn\n|upkeep\n|turn|23\n|\n|t:|1699644253\n|switch|p2a: Kartana|Kartana|100\/100\n|-damage|p2a: Kartana|94\/100|[from] Stealth Rock\n|move|p1a: Feraligatr|Liquidation|p2a: Kartana\n|-resisted|p2a: Kartana\n|-damage|p2a: Kartana|59\/100\n|\n|-heal|p2a: Kartana|65\/100|[from] Grassy Terrain\n|-fieldend|move: Grassy Terrain\n|upkeep\n|turn|24\n|\n|t:|1699644260\n|-terastallize|p1a: Feraligatr|Poison\n|move|p2a: Kartana|Leaf Blade|p1a: Feraligatr\n|-resisted|p1a: Feraligatr\n|-crit|p1a: Feraligatr\n|-damage|p1a: Feraligatr|54\/100 par\n|cant|p1a: Feraligatr|par\n|\n|-end|p1a: Feraligatr|move: Future Sight\n|-supereffective|p1a: Feraligatr\n|-damage|p1a: Feraligatr|0 fnt\n|faint|p1a: Feraligatr\n|upkeep\n|\n|t:|1699644271\n|switch|p1a: Manectric|Manectric-Mega, M|29\/100\n|-ability|p1a: Manectric|Intimidate|boost\n|-unboost|p2a: Kartana|atk|1\n|turn|25\n|\n|t:|1699644276\n|move|p2a: Kartana|Leaf Blade|p1a: Manectric\n|-damage|p1a: Manectric|0 fnt\n|faint|p1a: Manectric\n|-ability|p2a: Kartana|Beast Boost|boost\n|-boost|p2a: Kartana|atk|1\n|\n|upkeep\n|\n|t:|1699644281\n|switch|p1a: Dragonite|Dragonite, M|100\/100\n|turn|26\n|\n|t:|1699644285\n|switch|p2a: Tapu Fini|Tapu Fini, tera:Steel|30\/100\n|-damage|p2a: Tapu Fini|24\/100|[from] Stealth Rock\n|-fieldstart|move: Misty Terrain|[from] ability: Misty Surge|[of] p2a: Tapu Fini\n|move|p1a: Dragonite|Curse|p1a: Dragonite\n|-unboost|p1a: Dragonite|spe|1\n|-boost|p1a: Dragonite|atk|1\n|-boost|p1a: Dragonite|def|1\n|\n|-heal|p2a: Tapu Fini|30\/100|[from] item: Leftovers\n|upkeep\n|turn|27\n|\n|t:|1699644292\n|move|p2a: Tapu Fini|Nature's Madness|p1a: Dragonite\n|-damage|p1a: Dragonite|50\/100\n|move|p1a: Dragonite|Earthquake|p2a: Tapu Fini\n|-supereffective|p2a: Tapu Fini\n|-damage|p2a: Tapu Fini|0 fnt\n|faint|p2a: Tapu Fini\n|\n|upkeep\n|\n|t:|1699644297\n|switch|p2a: Diancie|Diancie-Mega|49\/100\n|-damage|p2a: Diancie|37\/100|[from] Stealth Rock\n|turn|28\n|\n|t:|1699644303\n|move|p1a: Dragonite|Extreme Speed|p2a: Diancie\n|-resisted|p2a: Diancie\n|-damage|p2a: Diancie|2\/100\n|move|p2a: Diancie|Moonblast|p1a: Dragonite\n|-supereffective|p1a: Dragonite\n|-damage|p1a: Dragonite|0 fnt\n|faint|p1a: Dragonite\n|\n|upkeep\n|\n|t:|1699644309\n|switch|p1a: Rillaboom|Rillaboom, M|25\/100\n|-fieldstart|move: Grassy Terrain|[from] ability: Grassy Surge|[of] p1a: Rillaboom\n|turn|29\n|\n|t:|1699644313\n|move|p1a: Rillaboom|Grassy Glide|p2a: Diancie\n|-supereffective|p2a: Diancie\n|-damage|p2a: Diancie|0 fnt\n|faint|p2a: Diancie\n|\n|-heal|p1a: Rillaboom|31\/100|[from] Grassy Terrain\n|upkeep\n|\n|t:|1699644315\n|switch|p2a: Kartana|Kartana|65\/100\n|-damage|p2a: Kartana|59\/100|[from] Stealth Rock\n|turn|30\n|\n|t:|1699644317\n|move|p1a: Rillaboom|Grassy Glide|p2a: Kartana\n|-resisted|p2a: Kartana\n|-crit|p2a: Kartana\n|-damage|p2a: Kartana|33\/100\n|move|p2a: Kartana|Knock Off|p1a: Rillaboom\n|-damage|p1a: Rillaboom|0 fnt\n|-enditem|p1a: Rillaboom|Choice Band|[from] move: Knock Off|[of] p2a: Kartana\n|faint|p1a: Rillaboom\n|\n|win|TheEmeraldGamerGuy\n|raw|caibi107's rating: 1661 &rarr; <strong>1635<\/strong><br \/>(-26 for losing)\n|raw|TheEmeraldGamerGuy's rating: 1550 &rarr; <strong>1576<\/strong><br \/>(+26 for winning)\n|l|\u2606caibi107\n","uploadtime":1699644401,"views":10,"p1id":"caibi107","p2id":"theemeraldgamerguy","formatid":"gen9nationaldex","rating":1576,"private":0,"password":""}