{"id":"gen9nationaldex-1998550491","p1":"The ShaqtusLOL","p2":"daaymooon","format":"[Gen 9] National Dex","log":"|html|<div class=\"broadcast-blue\"><strong>[Gen 9] National Dex is currently suspecting Sneasler! For information on how to participate check out the <a href=\"https:\/\/www.smogon.com\/forums\/threads\/sv-national-dex-suspect-8-just-dance.3731534\/\">suspect thread<\/a>.<\/strong><\/div>\n|j|\u2606The ShaqtusLOL\n|j|\u2606daaymooon\n|t:|1700955221\n|gametype|singles\n|player|p1|The ShaqtusLOL|flint|\n|player|p2|daaymooon|riley|\n|teamsize|p1|6\n|teamsize|p2|6\n|gen|9\n|tier|[Gen 9] National Dex\n|rule|HP Percentage Mod: HP is shown in percentages\n|rule|Endless Battle Clause: Forcing endless battles is banned\n|rule|OHKO Clause: OHKO moves are banned\n|rule|Evasion Clause: Evasion abilities, items, and moves are banned\n|rule|Evasion Abilities Clause: Evasion abilities are banned\n|rule|Evasion Items Clause: Evasion items are banned\n|rule|Evasion Moves Clause: Evasion moves are banned\n|rule|Species Clause: Limit one of each Pok\u00e9mon\n|rule|Sleep Clause Mod: Limit one foe put to sleep\n|clearpoke\n|poke|p1|Gliscor, M|\n|poke|p1|Ogerpon, F|\n|poke|p1|Dondozo, F|\n|poke|p1|Necrozma|\n|poke|p1|Tapu Lele|\n|poke|p1|Okidogi, M|\n|poke|p2|Lopunny, M|\n|poke|p2|Kommo-o, F|\n|poke|p2|Zapdos|\n|poke|p2|Grimmsnarl, M|\n|poke|p2|Magnezone|\n|poke|p2|Maushold-Four|\n|teampreview\n|j| HOTDOHG\n|c| HOTDOHG|r\n|\n|t:|1700955235\n|start\n|switch|p1a: Frying Pan|Gliscor, M|100\/100\n|switch|p2a: Hola|Lopunny, M|100\/100\n|turn|1\n|\n|t:|1700955317\n|detailschange|p2a: Hola|Lopunny-Mega, M\n|-mega|p2a: Hola|Lopunny|Lopunnite\n|move|p2a: Hola|Triple Axel|p1a: Frying Pan\n|-supereffective|p1a: Frying Pan\n|-damage|p1a: Frying Pan|82\/100\n|-supereffective|p1a: Frying Pan\n|-damage|p1a: Frying Pan|44\/100\n|-supereffective|p1a: Frying Pan\n|-damage|p1a: Frying Pan|0 fnt\n|faint|p1a: Frying Pan\n|-hitcount|p1: Frying Pan|3\n|\n|upkeep\n|\n|t:|1700955328\n|switch|p1a: FOOTBALL CHUDJAK|Tapu Lele|100\/100\n|-fieldstart|move: Psychic Terrain|[from] ability: Psychic Surge|[of] p1a: FOOTBALL CHUDJAK\n|turn|2\n|\n|t:|1700955343\n|move|p1a: FOOTBALL CHUDJAK|Psychic|p2a: Hola\n|-supereffective|p2a: Hola\n|-damage|p2a: Hola|0 fnt\n|faint|p2a: Hola\n|\n|upkeep\n|\n|t:|1700955351\n|switch|p2a: Jeremy|Magnezone|100\/100\n|-item|p2a: Jeremy|Air Balloon\n|turn|3\n|\n|t:|1700955359\n|switch|p1a: Evil Landlord|Okidogi, M|100\/100\n|move|p2a: Jeremy|Flash Cannon|p1a: Evil Landlord\n|-damage|p1a: Evil Landlord|51\/100\n|\n|upkeep\n|turn|4\n|\n|t:|1700955370\n|switch|p2a: zzzZZZZ|Zapdos|100\/100\n|-ability|p2a: zzzZZZZ|Pressure\n|move|p1a: Evil Landlord|Drain Punch|p2a: zzzZZZZ\n|-resisted|p2a: zzzZZZZ\n|-damage|p2a: zzzZZZZ|79\/100\n|-heal|p1a: Evil Landlord|60\/100|[from] drain|[of] p2a: zzzZZZZ\n|-status|p2a: zzzZZZZ|tox|[from] ability: Toxic Chain|[of] p1a: Evil Landlord\n|\n|-damage|p2a: zzzZZZZ|73\/100 tox|[from] psn\n|upkeep\n|turn|5\n|\n|t:|1700955398\n|switch|p1a: Buster|Dondozo, F|100\/100\n|move|p2a: zzzZZZZ|Hurricane|p1a: Buster\n|-damage|p1a: Buster|44\/100\n|-start|p1a: Buster|confusion\n|\n|-heal|p1a: Buster|50\/100|[from] item: Leftovers\n|-damage|p2a: zzzZZZZ|60\/100 tox|[from] psn\n|upkeep\n|turn|6\n|\n|t:|1700955411\n|switch|p1a: Smell Phone|Ogerpon, F|100\/100\n|move|p2a: zzzZZZZ|Hurricane|p1a: Smell Phone\n|-supereffective|p1a: Smell Phone\n|-damage|p1a: Smell Phone|0 fnt\n|faint|p1a: Smell Phone\n|\n|-damage|p2a: zzzZZZZ|42\/100 tox|[from] psn\n|-fieldend|move: Psychic Terrain\n|upkeep\n|\n|t:|1700955427\n|switch|p1a: ConstructionWorker|Necrozma|100\/100\n|turn|7\n|\n|t:|1700955451\n|switch|p2a: Goodbye|Grimmsnarl, M|100\/100\n|move|p1a: ConstructionWorker|Photon Geyser|p2a: Goodbye\n|-immune|p2a: Goodbye\n|\n|upkeep\n|turn|8\n|\n|t:|1700955463\n|move|p2a: Goodbye|Light Screen|p2a: Goodbye\n|-sidestart|p2: daaymooon|move: Light Screen\n|move|p1a: ConstructionWorker|Dragon Dance|p1a: ConstructionWorker\n|-boost|p1a: ConstructionWorker|atk|1\n|-boost|p1a: ConstructionWorker|spe|1\n|\n|upkeep\n|turn|9\n|\n|t:|1700955469\n|move|p2a: Goodbye|Reflect|p2a: Goodbye\n|-sidestart|p2: daaymooon|Reflect\n|move|p1a: ConstructionWorker|Dragon Dance|p1a: ConstructionWorker\n|-boost|p1a: ConstructionWorker|atk|1\n|-boost|p1a: ConstructionWorker|spe|1\n|\n|upkeep\n|turn|10\n|\n|t:|1700955475\n|move|p2a: Goodbye|Parting Shot|p1a: ConstructionWorker\n|-unboost|p1a: ConstructionWorker|atk|1\n|-unboost|p1a: ConstructionWorker|spa|1\n|\n|t:|1700955507\n|switch|p2a: Hi|Maushold-Four|100\/100|[from] Parting Shot\n|move|p1a: ConstructionWorker|Dragon Dance|p1a: ConstructionWorker\n|-boost|p1a: ConstructionWorker|atk|1\n|-boost|p1a: ConstructionWorker|spe|1\n|\n|upkeep\n|turn|11\n|\n|t:|1700955516\n|move|p1a: ConstructionWorker|Brick Break|p2a: Hi\n|-sideend|p2: daaymooon|Reflect\n|-sideend|p2: daaymooon|move: Light Screen\n|-supereffective|p2a: Hi\n|-damage|p2a: Hi|0 fnt\n|faint|p2a: Hi\n|\n|upkeep\n|\n|t:|1700955536\n|switch|p2a: Goodbye|Grimmsnarl, M|100\/100\n|turn|12\n|\n|t:|1700955569\n|move|p2a: Goodbye|Parting Shot|p1a: ConstructionWorker\n|-unboost|p1a: ConstructionWorker|atk|1\n|-unboost|p1a: ConstructionWorker|spa|1\n|\n|t:|1700955601\n|switch|p2a: Jeremy|Magnezone|100\/100|[from] Parting Shot\n|-item|p2a: Jeremy|Air Balloon\n|move|p1a: ConstructionWorker|Dragon Dance|p1a: ConstructionWorker\n|-boost|p1a: ConstructionWorker|atk|1\n|-boost|p1a: ConstructionWorker|spe|1\n|\n|upkeep\n|turn|13\n|\n|t:|1700955651\n|-terastallize|p2a: Jeremy|Electric\n|move|p1a: ConstructionWorker|Brick Break|p2a: Jeremy\n|-damage|p2a: Jeremy|54\/100\n|-enditem|p2a: Jeremy|Air Balloon\n|move|p2a: Jeremy|Thunder Wave|p1a: ConstructionWorker\n|-status|p1a: ConstructionWorker|par\n|\n|upkeep\n|turn|14\n|\n|t:|1700955672\n|move|p1a: ConstructionWorker|Photon Geyser|p2a: Jeremy\n|-damage|p2a: Jeremy|0 fnt\n|faint|p2a: Jeremy\n|\n|upkeep\n|\n|t:|1700955703\n|switch|p2a: HAAAAAYYYYY!!!|Kommo-o, F|100\/100\n|turn|15\n|\n|t:|1700955713\n|switch|p2a: Goodbye|Grimmsnarl, M|100\/100\n|move|p1a: ConstructionWorker|Photon Geyser|p2a: Goodbye\n|-immune|p2a: Goodbye\n|\n|upkeep\n|turn|16\n|\n|t:|1700955725\n|move|p2a: Goodbye|Parting Shot|p1a: ConstructionWorker\n|-unboost|p1a: ConstructionWorker|atk|1\n|-unboost|p1a: ConstructionWorker|spa|1\n|\n|t:|1700955751\n|switch|p2a: HAAAAAYYYYY!!!|Kommo-o, F|100\/100|[from] Parting Shot\n|move|p1a: ConstructionWorker|Dragon Dance|p1a: ConstructionWorker\n|-boost|p1a: ConstructionWorker|atk|1\n|-boost|p1a: ConstructionWorker|spe|1\n|\n|upkeep\n|turn|17\n|\n|t:|1700955779\n|switch|p2a: Goodbye|Grimmsnarl, M|100\/100\n|move|p1a: ConstructionWorker|Brick Break|p2a: Goodbye\n|-damage|p2a: Goodbye|41\/100\n|\n|upkeep\n|turn|18\n|\n|t:|1700955815\n|move|p2a: Goodbye|Parting Shot|p1a: ConstructionWorker\n|-unboost|p1a: ConstructionWorker|atk|1\n|-unboost|p1a: ConstructionWorker|spa|1\n|\n|t:|1700955829\n|switch|p2a: zzzZZZZ|Zapdos|42\/100 tox|[from] Parting Shot\n|-ability|p2a: zzzZZZZ|Pressure\n|move|p1a: ConstructionWorker|Photon Geyser|p2a: zzzZZZZ\n|-damage|p2a: zzzZZZZ|0 fnt\n|faint|p2a: zzzZZZZ\n|\n|upkeep\n|\n|t:|1700955848\n|switch|p2a: HAAAAAYYYYY!!!|Kommo-o, F|100\/100\n|turn|19\n|\n|t:|1700955869\n|move|p1a: ConstructionWorker|Dragon Dance|p1a: ConstructionWorker\n|-boost|p1a: ConstructionWorker|atk|1\n|-boost|p1a: ConstructionWorker|spe|1\n|move|p2a: HAAAAAYYYYY!!!|Clanging Scales|p1a: ConstructionWorker\n|-damage|p1a: ConstructionWorker|39\/100 par\n|-unboost|p2a: HAAAAAYYYYY!!!|def|1\n|-enditem|p2a: HAAAAAYYYYY!!!|Throat Spray\n|-boost|p2a: HAAAAAYYYYY!!!|spa|1|[from] item: Throat Spray\n|\n|upkeep\n|turn|20\n|\n|t:|1700955882\n|cant|p1a: ConstructionWorker|par\n|move|p2a: HAAAAAYYYYY!!!|Clanging Scales|p1a: ConstructionWorker\n|-damage|p1a: ConstructionWorker|0 fnt\n|faint|p1a: ConstructionWorker\n|-unboost|p2a: HAAAAAYYYYY!!!|def|1\n|\n|upkeep\n|\n|t:|1700955890\n|switch|p1a: FOOTBALL CHUDJAK|Tapu Lele|100\/100\n|-fieldstart|move: Psychic Terrain|[from] ability: Psychic Surge|[of] p1a: FOOTBALL CHUDJAK\n|turn|21\n|\n|t:|1700955903\n|switch|p2a: Goodbye|Grimmsnarl, M|41\/100\n|move|p1a: FOOTBALL CHUDJAK|Moonblast|p2a: Goodbye\n|-supereffective|p2a: Goodbye\n|-damage|p2a: Goodbye|0 fnt\n|faint|p2a: Goodbye\n|\n|upkeep\n|\n|t:|1700955912\n|switch|p2a: HAAAAAYYYYY!!!|Kommo-o, F|100\/100\n|turn|22\n|\n|t:|1700955917\n|move|p1a: FOOTBALL CHUDJAK|Moonblast|p2a: HAAAAAYYYYY!!!\n|-supereffective|p2a: HAAAAAYYYYY!!!\n|-damage|p2a: HAAAAAYYYYY!!!|0 fnt\n|faint|p2a: HAAAAAYYYYY!!!\n|\n|win|The ShaqtusLOL\n","uploadtime":1700955922,"views":32,"p1id":"theshaqtuslol","p2id":"daaymooon","formatid":"gen9nationaldex","rating":0,"private":0,"password":""}