{"id":"gen9nationaldex-2000255229","p1":"pacmaster000","p2":"Artheizen","format":"[Gen 9] National Dex","log":"|html|<div class=\"broadcast-blue\"><strong>[Gen 9] National Dex is currently suspecting Sneasler! For information on how to participate check out the <a href=\"https:\/\/www.smogon.com\/forums\/threads\/sv-national-dex-suspect-8-just-dance.3731534\/\">suspect thread<\/a>.<\/strong><\/div>\n|j|\u2606pacmaster000\n|j|\u2606Artheizen\n|t:|1701178118\n|gametype|singles\n|player|p1|pacmaster000|veteranf|1032\n|player|p2|Artheizen|101|1118\n|teamsize|p1|6\n|teamsize|p2|6\n|gen|9\n|tier|[Gen 9] National Dex\n|rated|\n|rule|HP Percentage Mod: HP is shown in percentages\n|rule|Endless Battle Clause: Forcing endless battles is banned\n|rule|OHKO Clause: OHKO moves are banned\n|rule|Evasion Clause: Evasion abilities, items, and moves are banned\n|rule|Evasion Abilities Clause: Evasion abilities are banned\n|rule|Evasion Items Clause: Evasion items are banned\n|rule|Evasion Moves Clause: Evasion moves are banned\n|rule|Species Clause: Limit one of each Pok\u00e9mon\n|rule|Sleep Clause Mod: Limit one foe put to sleep\n|clearpoke\n|poke|p1|Roserade, M|\n|poke|p1|Delphox, M|\n|poke|p1|Nidoking, M|\n|poke|p1|Magnezone|\n|poke|p1|Altaria, M|\n|poke|p1|Honchkrow, M|\n|poke|p2|Sirfetch\u2019d, M|\n|poke|p2|Swampert, F|\n|poke|p2|Metagross|\n|poke|p2|Roserade, F|\n|poke|p2|Incineroar, M|\n|poke|p2|Togekiss, F|\n|teampreview\n|inactive|Battle timer is ON: inactive players will automatically lose when time's up. (requested by Artheizen)\n|\n|t:|1701178120\n|start\n|switch|p1a: Roserade|Roserade, M|100\/100\n|switch|p2a: Sirfetch\u2019d|Sirfetch\u2019d, M|100\/100\n|turn|1\n|\n|t:|1701178123\n|move|p1a: Roserade|Spikes|p2a: Sirfetch\u2019d\n|-sidestart|p2: Artheizen|Spikes\n|move|p2a: Sirfetch\u2019d|Swords Dance|p2a: Sirfetch\u2019d\n|-boost|p2a: Sirfetch\u2019d|atk|2\n|\n|upkeep\n|turn|2\n|\n|t:|1701178139\n|move|p1a: Roserade|Spikes|p2a: Sirfetch\u2019d\n|-sidestart|p2: Artheizen|Spikes\n|move|p2a: Sirfetch\u2019d|Night Slash|p1a: Roserade\n|-crit|p1a: Roserade\n|-damage|p1a: Roserade|9\/100\n|\n|-heal|p1a: Roserade|15\/100|[from] item: Black Sludge\n|upkeep\n|turn|3\n|\n|t:|1701178145\n|move|p1a: Roserade|Spikes|p2a: Sirfetch\u2019d\n|-sidestart|p2: Artheizen|Spikes\n|move|p2a: Sirfetch\u2019d|Night Slash|p1a: Roserade\n|-crit|p1a: Roserade\n|-damage|p1a: Roserade|0 fnt\n|faint|p1a: Roserade\n|\n|upkeep\n|\n|t:|1701178150\n|switch|p1a: Jim|Honchkrow, M|100\/100\n|turn|4\n|\n|t:|1701178160\n|move|p1a: Jim|Brave Bird|p2a: Sirfetch\u2019d\n|-supereffective|p2a: Sirfetch\u2019d\n|-crit|p2a: Sirfetch\u2019d\n|-damage|p2a: Sirfetch\u2019d|0 fnt\n|faint|p2a: Sirfetch\u2019d\n|-ability|p1a: Jim|Moxie|boost\n|-boost|p1a: Jim|atk|1\n|-damage|p1a: Jim|70\/100|[from] Recoil\n|\n|upkeep\n|\n|t:|1701178174\n|switch|p2a: Metagross|Metagross|100\/100\n|-damage|p2a: Metagross|75\/100|[from] Spikes\n|turn|5\n|\n|t:|1701178178\n|move|p1a: Jim|Night Slash|p2a: Metagross\n|-supereffective|p2a: Metagross\n|-damage|p2a: Metagross|5\/100\n|move|p2a: Metagross|Power-Up Punch|p1a: Jim\n|-damage|p1a: Jim|47\/100\n|-boost|p2a: Metagross|atk|1\n|\n|upkeep\n|turn|6\n|\n|t:|1701178181\n|move|p1a: Jim|Sucker Punch|p2a: Metagross\n|-supereffective|p2a: Metagross\n|-damage|p2a: Metagross|0 fnt\n|faint|p2a: Metagross\n|-ability|p1a: Jim|Moxie|boost\n|-boost|p1a: Jim|atk|1\n|\n|upkeep\n|\n|t:|1701178190\n|switch|p2a: Swampert|Swampert, F|100\/100\n|-damage|p2a: Swampert|76\/100|[from] Spikes\n|turn|7\n|\n|t:|1701178196\n|detailschange|p2a: Swampert|Swampert-Mega, F\n|-mega|p2a: Swampert|Swampert|Swampertite\n|move|p1a: Jim|Brave Bird|p2a: Swampert\n|-damage|p2a: Swampert|0 fnt\n|faint|p2a: Swampert\n|-ability|p1a: Jim|Moxie|boost\n|-boost|p1a: Jim|atk|1\n|-damage|p1a: Jim|22\/100|[from] Recoil\n|\n|upkeep\n|\n|t:|1701178207\n|switch|p2a: Togekiss|Togekiss, F|100\/100\n|turn|8\n|\n|t:|1701178214\n|move|p1a: Jim|Brave Bird|p2a: Togekiss\n|-damage|p2a: Togekiss|0 fnt\n|-damage|p1a: Jim|6\/100|[from] item: Rocky Helmet|[of] p2a: Togekiss\n|faint|p2a: Togekiss\n|-ability|p1a: Jim|Moxie|boost\n|-boost|p1a: Jim|atk|1\n|-damage|p1a: Jim|0 fnt|[from] Recoil\n|faint|p1a: Jim\n|\n|upkeep\n|\n|t:|1701178229\n|switch|p1a: Nidoking|Nidoking, M|100\/100\n|switch|p2a: Incineroar|Incineroar, M|100\/100\n|-damage|p2a: Incineroar|76\/100|[from] Spikes\n|-ability|p2a: Incineroar|Intimidate|boost\n|-unboost|p1a: Nidoking|atk|1\n|turn|9\n|\n|t:|1701178234\n|switch|p2a: Roserade|Roserade, F|100\/100\n|-damage|p2a: Roserade|75\/100|[from] Spikes\n|move|p1a: Nidoking|Earth Power|p2a: Roserade\n|-damage|p2a: Roserade|12\/100\n|\n|-heal|p2a: Roserade|18\/100|[from] item: Black Sludge\n|upkeep\n|turn|10\n|\n|t:|1701178238\n|move|p1a: Nidoking|Earth Power|p2a: Roserade\n|-damage|p2a: Roserade|0 fnt\n|faint|p2a: Roserade\n|\n|upkeep\n|inactive|Artheizen has 120 seconds left.\n|inactive|Artheizen has 90 seconds left.\n|inactive|Artheizen has 60 seconds left.\n|inactive|Artheizen has 30 seconds left.\n|inactive|Artheizen has 20 seconds left.\n|inactive|Artheizen has 15 seconds left.\n|inactive|Artheizen has 10 seconds left.\n|inactive|Artheizen has 5 seconds left.\n|-message|Artheizen lost due to inactivity.\n|\n|win|pacmaster000\n|raw|pacmaster000's rating: 1032 &rarr; <strong>1076<\/strong><br \/>(+44 for winning)\n|raw|Artheizen's rating: 1118 &rarr; <strong>1087<\/strong><br \/>(-31 for losing)\n","uploadtime":1701178392,"views":3,"p1id":"pacmaster000","p2id":"artheizen","formatid":"gen9nationaldex","rating":1076,"private":0,"password":""}