{"id":"gen9nationaldex-1993952089","p1":"daybreak wave2","p2":"qiyuanxing oc","format":"[Gen 9] National Dex","log":"|j|\u2606daybreak wave2\n|j|\u2606qiyuanxing oc\n|t:|1700381623\n|gametype|singles\n|player|p1|daybreak wave2|lillie-masters2|1495\n|player|p2|qiyuanxing oc|lillie-masters|1622\n|teamsize|p1|6\n|teamsize|p2|6\n|gen|9\n|tier|[Gen 9] National Dex\n|rated|\n|rule|HP Percentage Mod: HP is shown in percentages\n|rule|Endless Battle Clause: Forcing endless battles is banned\n|rule|OHKO Clause: OHKO moves are banned\n|rule|Evasion Clause: Evasion abilities, items, and moves are banned\n|rule|Evasion Abilities Clause: Evasion abilities are banned\n|rule|Evasion Items Clause: Evasion items are banned\n|rule|Evasion Moves Clause: Evasion moves are banned\n|rule|Species Clause: Limit one of each Pok\u00e9mon\n|rule|Sleep Clause Mod: Limit one foe put to sleep\n|clearpoke\n|poke|p1|Pinsir, F|\n|poke|p1|Aegislash, M|\n|poke|p1|Ogerpon-Wellspring, F|\n|poke|p1|Moltres|\n|poke|p1|Electrode-Hisui|\n|poke|p1|Clodsire, M|\n|poke|p2|Ninetales-Alola, F|\n|poke|p2|Cloyster, M|\n|poke|p2|Diancie|\n|poke|p2|Rotom-Heat|\n|poke|p2|Kyurem|\n|poke|p2|Zapdos|\n|teampreview\n|\n|t:|1700381633\n|start\n|switch|p1a: \u6d1b\u6258\u59c6-\u5207\u5272|Electrode-Hisui|100\/100\n|switch|p2a: Rotom|Rotom-Heat|100\/100\n|turn|1\n|\n|t:|1700381643\n|move|p1a: \u6d1b\u6258\u59c6-\u5207\u5272|Volt Switch|p2a: Rotom\n|-resisted|p2a: Rotom\n|-damage|p2a: Rotom|72\/100\n|\n|t:|1700381647\n|switch|p1a: \u571f~\u2191\u738b|Clodsire, M|100\/100|[from] Volt Switch\n|move|p2a: Rotom|Overheat|p1a: \u571f~\u2191\u738b\n|-damage|p1a: \u571f~\u2191\u738b|69\/100\n|-unboost|p2a: Rotom|spa|2\n|\n|upkeep\n|turn|2\n|\n|t:|1700381654\n|switch|p2a: Ninetales|Ninetales-Alola, F|100\/100\n|-weather|Snow|[from] ability: Snow Warning|[of] p2a: Ninetales\n|move|p1a: \u571f~\u2191\u738b|Stealth Rock|p2a: Ninetales\n|-sidestart|p2: qiyuanxing oc|move: Stealth Rock\n|\n|-weather|Snow|[upkeep]\n|upkeep\n|turn|3\n|\n|t:|1700381658\n|switch|p1a: \u70c8\u7bad\u9e70|Moltres|100\/100\n|move|p2a: Ninetales|Aurora Veil|p2a: Ninetales\n|-sidestart|p2: qiyuanxing oc|move: Aurora Veil\n|\n|-weather|Snow|[upkeep]\n|upkeep\n|turn|4\n|\n|t:|1700381671\n|move|p2a: Ninetales|Toxic|p1a: \u70c8\u7bad\u9e70\n|-status|p1a: \u70c8\u7bad\u9e70|tox\n|move|p1a: \u70c8\u7bad\u9e70|U-turn|p2a: Ninetales\n|-resisted|p2a: Ninetales\n|-damage|p2a: Ninetales|98\/100\n|\n|t:|1700381679\n|switch|p1a: \u6c34\u72f1\u5352|Ogerpon-Wellspring, F|100\/100|[from] U-turn\n|\n|-weather|Snow|[upkeep]\n|upkeep\n|turn|5\n|\n|t:|1700381685\n|switch|p1a: \u585e\u8c6a\u5bcc|Aegislash, M, shiny|100\/100\n|move|p2a: Ninetales|Freeze-Dry|p1a: \u585e\u8c6a\u5bcc\n|-resisted|p1a: \u585e\u8c6a\u5bcc\n|-damage|p1a: \u585e\u8c6a\u5bcc|92\/100\n|\n|-weather|Snow|[upkeep]\n|upkeep\n|turn|6\n|\n|t:|1700381698\n|switch|p2a: Rotom|Rotom-Heat|72\/100\n|-zpower|p1a: \u585e\u8c6a\u5bcc\n|-formechange|p1a: \u585e\u8c6a\u5bcc|Aegislash-Blade||[from] ability: Stance Change\n|move|p1a: \u585e\u8c6a\u5bcc|Never-Ending Nightmare|p2a: Rotom|[zeffect]\n|-damage|p2a: Rotom|13\/100\n|\n|-weather|none\n|upkeep\n|turn|7\n|\n|t:|1700381728\n|switch|p1a: \u571f~\u2191\u738b|Clodsire, M|69\/100\n|move|p2a: Rotom|Will-O-Wisp|p1a: \u571f~\u2191\u738b\n|-status|p1a: \u571f~\u2191\u738b|brn\n|\n|-damage|p1a: \u571f~\u2191\u738b|63\/100 brn|[from] brn\n|upkeep\n|turn|8\n|\n|t:|1700381738\n|move|p2a: Rotom|Defog|p1a: \u571f~\u2191\u738b\n|-unboost|p1a: \u571f~\u2191\u738b|evasion|1\n|-sideend|p2: qiyuanxing oc|Stealth Rock|[from] move: Defog|[of] p2a: Rotom\n|move|p1a: \u571f~\u2191\u738b|Recover|p1a: \u571f~\u2191\u738b\n|-heal|p1a: \u571f~\u2191\u738b|100\/100 brn\n|\n|-damage|p1a: \u571f~\u2191\u738b|94\/100 brn|[from] brn\n|upkeep\n|turn|9\n|\n|t:|1700381745\n|switch|p2a: Cloyster|Cloyster, M|100\/100\n|move|p1a: \u571f~\u2191\u738b|Toxic|p2a: Cloyster\n|-status|p2a: Cloyster|tox\n|\n|-damage|p2a: Cloyster|94\/100 tox|[from] psn\n|-damage|p1a: \u571f~\u2191\u738b|88\/100 brn|[from] brn\n|upkeep\n|turn|10\n|\n|t:|1700381754\n|move|p2a: Cloyster|Shell Smash|p2a: Cloyster\n|-unboost|p2a: Cloyster|def|1\n|-unboost|p2a: Cloyster|spd|1\n|-boost|p2a: Cloyster|atk|2\n|-boost|p2a: Cloyster|spa|2\n|-boost|p2a: Cloyster|spe|2\n|-enditem|p2a: Cloyster|White Herb\n|-clearnegativeboost|p2a: Cloyster|[silent]\n|move|p1a: \u571f~\u2191\u738b|Stealth Rock|p2a: Cloyster\n|-sidestart|p2: qiyuanxing oc|move: Stealth Rock\n|\n|-damage|p2a: Cloyster|82\/100 tox|[from] psn\n|-damage|p1a: \u571f~\u2191\u738b|82\/100 brn|[from] brn\n|-sideend|p2: qiyuanxing oc|move: Aurora Veil\n|upkeep\n|turn|11\n|\n|t:|1700381762\n|switch|p1a: \u585e\u8c6a\u5bcc|Aegislash, M, shiny|92\/100\n|move|p2a: Cloyster|Icicle Spear|p1a: \u585e\u8c6a\u5bcc\n|-resisted|p1a: \u585e\u8c6a\u5bcc\n|-damage|p1a: \u585e\u8c6a\u5bcc|82\/100\n|-resisted|p1a: \u585e\u8c6a\u5bcc\n|-damage|p1a: \u585e\u8c6a\u5bcc|74\/100\n|-resisted|p1a: \u585e\u8c6a\u5bcc\n|-damage|p1a: \u585e\u8c6a\u5bcc|63\/100\n|-resisted|p1a: \u585e\u8c6a\u5bcc\n|-damage|p1a: \u585e\u8c6a\u5bcc|55\/100\n|-resisted|p1a: \u585e\u8c6a\u5bcc\n|-damage|p1a: \u585e\u8c6a\u5bcc|45\/100\n|-hitcount|p1a: \u585e\u8c6a\u5bcc|5\n|\n|-damage|p2a: Cloyster|63\/100 tox|[from] psn\n|upkeep\n|turn|12\n|\n|t:|1700381770\n|move|p1a: \u585e\u8c6a\u5bcc|King's Shield|p1a: \u585e\u8c6a\u5bcc\n|-singleturn|p1a: \u585e\u8c6a\u5bcc|Protect\n|move|p2a: Cloyster|Icicle Spear|p1a: \u585e\u8c6a\u5bcc\n|-activate|p1a: \u585e\u8c6a\u5bcc|move: Protect\n|\n|-damage|p2a: Cloyster|38\/100 tox|[from] psn\n|upkeep\n|turn|13\n|\n|t:|1700381790\n|switch|p1a: \u70c8\u7bad\u9e70|Moltres|100\/100 tox\n|move|p2a: Cloyster|Liquidation|p1a: \u70c8\u7bad\u9e70\n|-supereffective|p1a: \u70c8\u7bad\u9e70\n|-damage|p1a: \u70c8\u7bad\u9e70|0 fnt\n|faint|p1a: \u70c8\u7bad\u9e70\n|\n|-damage|p2a: Cloyster|7\/100 tox|[from] psn\n|upkeep\n|\n|t:|1700381798\n|switch|p1a: \u7532\u54e5|Pinsir, F, shiny|100\/100\n|turn|14\n|\n|t:|1700381803\n|switch|p2a: Kyurem|Kyurem|100\/100\n|-damage|p2a: Kyurem|76\/100|[from] Stealth Rock\n|-ability|p2a: Kyurem|Pressure\n|move|p1a: \u7532\u54e5|Quick Attack|p2a: Kyurem\n|-damage|p2a: Kyurem|62\/100\n|\n|upkeep\n|turn|15\n|\n|t:|1700381824\n|detailschange|p1a: \u7532\u54e5|Pinsir-Mega, F, shiny\n|-mega|p1a: \u7532\u54e5|Pinsir|Pinsirite\n|-terastallize|p2a: Kyurem|Dragon\n|move|p2a: Kyurem|Draco Meteor|p1a: \u7532\u54e5|[miss]\n|-miss|p2a: Kyurem|p1a: \u7532\u54e5\n|move|p1a: \u7532\u54e5|Return|p2a: Kyurem\n|-damage|p2a: Kyurem|0 fnt\n|faint|p2a: Kyurem\n|\n|upkeep\n|\n|t:|1700381832\n|switch|p2a: Diancie|Diancie|100\/100\n|-damage|p2a: Diancie|88\/100|[from] Stealth Rock\n|turn|16\n|\n|t:|1700381838\n|switch|p1a: \u571f~\u2191\u738b|Clodsire, M|82\/100 brn\n|detailschange|p2a: Diancie|Diancie-Mega\n|-mega|p2a: Diancie|Diancie|Diancite\n|move|p2a: Diancie|Diamond Storm|p1a: \u571f~\u2191\u738b\n|-resisted|p1a: \u571f~\u2191\u738b\n|-damage|p1a: \u571f~\u2191\u738b|53\/100 brn\n|-boost|p2a: Diancie|def|2\n|\n|-damage|p1a: \u571f~\u2191\u738b|47\/100 brn|[from] brn\n|upkeep\n|turn|17\n|\n|t:|1700381846\n|move|p2a: Diancie|Earth Power|p1a: \u571f~\u2191\u738b\n|-supereffective|p1a: \u571f~\u2191\u738b\n|-damage|p1a: \u571f~\u2191\u738b|11\/100 brn\n|move|p1a: \u571f~\u2191\u738b|Toxic|p2a: Diancie\n|move|p2a: Diancie|Toxic|p1a: \u571f~\u2191\u738b|[from]ability: Magic Bounce|[miss]\n|-miss|p2a: Diancie|p1a: \u571f~\u2191\u738b\n|\n|-damage|p1a: \u571f~\u2191\u738b|4\/100 brn|[from] brn\n|upkeep\n|turn|18\n|\n|t:|1700381852\n|move|p2a: Diancie|Earth Power|p1a: \u571f~\u2191\u738b\n|-supereffective|p1a: \u571f~\u2191\u738b\n|-damage|p1a: \u571f~\u2191\u738b|0 fnt\n|faint|p1a: \u571f~\u2191\u738b\n|\n|upkeep\n|\n|t:|1700381858\n|switch|p1a: \u585e\u8c6a\u5bcc|Aegislash, M, shiny|45\/100\n|turn|19\n|\n|t:|1700381864\n|move|p2a: Diancie|Earth Power|p1a: \u585e\u8c6a\u5bcc\n|-supereffective|p1a: \u585e\u8c6a\u5bcc\n|-damage|p1a: \u585e\u8c6a\u5bcc|0 fnt\n|faint|p1a: \u585e\u8c6a\u5bcc\n|\n|upkeep\n|\n|t:|1700381869\n|switch|p1a: \u6d1b\u6258\u59c6-\u5207\u5272|Electrode-Hisui|100\/100\n|turn|20\n|\n|t:|1700381877\n|move|p1a: \u6d1b\u6258\u59c6-\u5207\u5272|Leaf Storm|p2a: Diancie\n|-supereffective|p2a: Diancie\n|-damage|p2a: Diancie|0 fnt\n|-unboost|p1a: \u6d1b\u6258\u59c6-\u5207\u5272|spa|2\n|faint|p2a: Diancie\n|\n|upkeep\n|\n|t:|1700381883\n|switch|p2a: Ninetales|Ninetales-Alola, F|98\/100\n|-damage|p2a: Ninetales|73\/100|[from] Stealth Rock\n|-weather|Snow|[from] ability: Snow Warning|[of] p2a: Ninetales\n|turn|21\n|\n|t:|1700381897\n|switch|p1a: \u7532\u54e5|Pinsir-Mega, F, shiny|100\/100\n|move|p2a: Ninetales|Aurora Veil|p2a: Ninetales\n|-sidestart|p2: qiyuanxing oc|move: Aurora Veil\n|\n|-weather|Snow|[upkeep]\n|upkeep\n|turn|22\n|\n|t:|1700381907\n|move|p2a: Ninetales|Toxic|p1a: \u7532\u54e5\n|-status|p1a: \u7532\u54e5|tox\n|move|p1a: \u7532\u54e5|Return|p2a: Ninetales\n|-damage|p2a: Ninetales|40\/100\n|\n|-weather|Snow|[upkeep]\n|-damage|p1a: \u7532\u54e5|95\/100 tox|[from] psn\n|upkeep\n|turn|23\n|\n|t:|1700381913\n|move|p2a: Ninetales|Freeze-Dry|p1a: \u7532\u54e5\n|-supereffective|p1a: \u7532\u54e5\n|-damage|p1a: \u7532\u54e5|43\/100 tox\n|move|p1a: \u7532\u54e5|Swords Dance|p1a: \u7532\u54e5\n|-boost|p1a: \u7532\u54e5|atk|2\n|\n|-weather|Snow|[upkeep]\n|-damage|p1a: \u7532\u54e5|31\/100 tox|[from] psn\n|upkeep\n|turn|24\n|\n|t:|1700381917\n|move|p2a: Ninetales|Encore|p1a: \u7532\u54e5\n|-start|p1a: \u7532\u54e5|Encore\n|move|p1a: \u7532\u54e5|Swords Dance|p1a: \u7532\u54e5\n|-boost|p1a: \u7532\u54e5|atk|2\n|\n|-weather|Snow|[upkeep]\n|-damage|p1a: \u7532\u54e5|13\/100 tox|[from] psn\n|upkeep\n|turn|25\n|\n|t:|1700381927\n|switch|p2a: Rotom|Rotom-Heat|13\/100\n|move|p1a: \u7532\u54e5|Swords Dance|p1a: \u7532\u54e5\n|-boost|p1a: \u7532\u54e5|atk|2\n|\n|-weather|none\n|-damage|p1a: \u7532\u54e5|0 fnt|[from] psn\n|faint|p1a: \u7532\u54e5\n|upkeep\n|\n|t:|1700381935\n|switch|p1a: \u6c34\u72f1\u5352|Ogerpon-Wellspring, F|100\/100\n|turn|26\n|\n|t:|1700381947\n|move|p1a: \u6c34\u72f1\u5352|Taunt|p2a: Rotom\n|-start|p2a: Rotom|move: Taunt\n|move|p2a: Rotom|Volt Switch|p1a: \u6c34\u72f1\u5352\n|-damage|p1a: \u6c34\u72f1\u5352|65\/100\n|\n|t:|1700381954\n|switch|p2a: Zapdos|Zapdos|100\/100|[from] Volt Switch\n|-damage|p2a: Zapdos|76\/100|[from] Stealth Rock\n|\n|upkeep\n|turn|27\n|\n|t:|1700381959\n|move|p1a: \u6c34\u72f1\u5352|Swords Dance|p1a: \u6c34\u72f1\u5352\n|-boost|p1a: \u6c34\u72f1\u5352|atk|2\n|-zpower|p2a: Zapdos\n|move|p2a: Zapdos|Supersonic Skystrike|p1a: \u6c34\u72f1\u5352|[zeffect]\n|-supereffective|p1a: \u6c34\u72f1\u5352\n|-damage|p1a: \u6c34\u72f1\u5352|0 fnt\n|faint|p1a: \u6c34\u72f1\u5352\n|\n|upkeep\n|\n|t:|1700381962\n|switch|p1a: \u6d1b\u6258\u59c6-\u5207\u5272|Electrode-Hisui|100\/100\n|turn|28\n|\n|t:|1700381995\n|-terastallize|p1a: \u6d1b\u6258\u59c6-\u5207\u5272|Ice\n|move|p1a: \u6d1b\u6258\u59c6-\u5207\u5272|Tera Blast|p2a: Zapdos|[anim] Tera Blast Ice\n|-supereffective|p2a: Zapdos\n|-damage|p2a: Zapdos|32\/100\n|move|p2a: Zapdos|Hurricane|p1a: \u6d1b\u6258\u59c6-\u5207\u5272\n|-damage|p1a: \u6d1b\u6258\u59c6-\u5207\u5272|10\/100\n|\n|-sideend|p2: qiyuanxing oc|move: Aurora Veil\n|upkeep\n|turn|29\n|\n|t:|1700382004\n|move|p1a: \u6d1b\u6258\u59c6-\u5207\u5272|Tera Blast|p2a: Zapdos|[anim] Tera Blast Ice\n|-supereffective|p2a: Zapdos\n|-damage|p2a: Zapdos|0 fnt\n|faint|p2a: Zapdos\n|\n|upkeep\n|\n|t:|1700382006\n|switch|p2a: Ninetales|Ninetales-Alola, F|40\/100\n|-damage|p2a: Ninetales|16\/100|[from] Stealth Rock\n|-weather|Snow|[from] ability: Snow Warning|[of] p2a: Ninetales\n|turn|30\n|\n|t:|1700382008\n|move|p1a: \u6d1b\u6258\u59c6-\u5207\u5272|Tera Blast|p2a: Ninetales|[anim] Tera Blast Ice\n|-resisted|p2a: Ninetales\n|-damage|p2a: Ninetales|0 fnt\n|faint|p2a: Ninetales\n|\n|-weather|Snow|[upkeep]\n|upkeep\n|\n|t:|1700382010\n|switch|p2a: Rotom|Rotom-Heat|13\/100\n|turn|31\n|\n|t:|1700382014\n|move|p1a: \u6d1b\u6258\u59c6-\u5207\u5272|Tera Blast|p2a: Rotom|[anim] Tera Blast Ice\n|-resisted|p2a: Rotom\n|-damage|p2a: Rotom|0 fnt\n|faint|p2a: Rotom\n|\n|-weather|Snow|[upkeep]\n|upkeep\n|\n|t:|1700382016\n|switch|p2a: Cloyster|Cloyster, M|7\/100 tox\n|-damage|p2a: Cloyster|0 fnt|[from] Stealth Rock\n|faint|p2a: Cloyster\n|\n|win|daybreak wave2\n|raw|daybreak wave2's rating: 1495 &rarr; <strong>1521<\/strong><br \/>(+26 for winning)\n|raw|qiyuanxing oc's rating: 1605 &rarr; <strong>1579<\/strong><br \/>(-26 for losing)\n","uploadtime":1700382024,"views":7,"p1id":"daybreakwave2","p2id":"qiyuanxingoc","formatid":"gen9nationaldex","rating":1521,"private":0,"password":""}