{"id":"gen9nationaldex-1998733388","p1":"ZaySlob","p2":"Glados501","format":"[Gen 9] National Dex","log":"|html|<div class=\"broadcast-blue\"><strong>[Gen 9] National Dex is currently suspecting Sneasler! For information on how to participate check out the <a href=\"https:\/\/www.smogon.com\/forums\/threads\/sv-national-dex-suspect-8-just-dance.3731534\/\">suspect thread<\/a>.<\/strong><\/div>\n|j|\u2606ZaySlob\n|j|\u2606Glados501\n|t:|1700979866\n|gametype|singles\n|player|p1|ZaySlob|nate|1094\n|player|p2|Glados501|cheren-gen5bw2|1057\n|teamsize|p1|6\n|teamsize|p2|6\n|gen|9\n|tier|[Gen 9] National Dex\n|rated|\n|rule|HP Percentage Mod: HP is shown in percentages\n|rule|Endless Battle Clause: Forcing endless battles is banned\n|rule|OHKO Clause: OHKO moves are banned\n|rule|Evasion Clause: Evasion abilities, items, and moves are banned\n|rule|Evasion Abilities Clause: Evasion abilities are banned\n|rule|Evasion Items Clause: Evasion items are banned\n|rule|Evasion Moves Clause: Evasion moves are banned\n|rule|Species Clause: Limit one of each Pok\u00e9mon\n|rule|Sleep Clause Mod: Limit one foe put to sleep\n|clearpoke\n|poke|p1|Blaziken, F|\n|poke|p1|Slowking, F|\n|poke|p1|Meowscarada, M|\n|poke|p1|Ninetales-Alola, M|\n|poke|p1|Garchomp, M|\n|poke|p1|Gengar, M|\n|poke|p2|Audino, F|\n|poke|p2|Scolipede, M|\n|poke|p2|Delphox, F|\n|poke|p2|Krookodile, M|\n|poke|p2|Aegislash, M|\n|poke|p2|Ditto|\n|teampreview\n|\n|t:|1700979874\n|start\n|switch|p1a: Slowking|Slowking, F|100\/100\n|switch|p2a: Lemonade|Delphox, F|100\/100\n|turn|1\n|\n|t:|1700979883\n|-terastallize|p2a: Lemonade|Psychic\n|move|p2a: Lemonade|Trick|p1a: Slowking\n|-activate|p2a: Lemonade|move: Trick|[of] p1a: Slowking\n|-item|p1a: Slowking|Choice Scarf|[from] move: Trick\n|-item|p2a: Lemonade|Assault Vest|[from] move: Trick\n|move|p1a: Slowking|Scald|p2a: Lemonade\n|-damage|p2a: Lemonade|72\/100\n|\n|upkeep\n|turn|2\n|\n|t:|1700979905\n|switch|p1a: Meowscarada|Meowscarada, M|100\/100\n|move|p2a: Lemonade|Fire Blast|p1a: Meowscarada\n|-supereffective|p1a: Meowscarada\n|-damage|p1a: Meowscarada|0 fnt\n|faint|p1a: Meowscarada\n|\n|upkeep\n|\n|t:|1700979914\n|switch|p1a: Garchomp|Garchomp, M|100\/100\n|turn|3\n|\n|t:|1700979935\n|switch|p2a: Courtesy Call|Audino, F|100\/100\n|move|p1a: Garchomp|Swords Dance|p1a: Garchomp\n|-boost|p1a: Garchomp|atk|2\n|\n|upkeep\n|turn|4\n|\n|t:|1700979953\n|move|p1a: Garchomp|Earthquake|p2a: Courtesy Call\n|-damage|p2a: Courtesy Call|0 fnt\n|faint|p2a: Courtesy Call\n|\n|upkeep\n|\n|t:|1700979957\n|switch|p2a: This u?|Ditto|100\/100\n|-transform|p2a: This u?|p1a: Garchomp|[from] ability: Imposter\n|turn|5\n|\n|t:|1700979969\n|move|p2a: This u?|Dragon Claw|p1a: Garchomp\n|-supereffective|p1a: Garchomp\n|-damage|p1a: Garchomp|0 fnt\n|-damage|p2a: This u?|88\/100|[from] ability: Rough Skin|[of] p1a: Garchomp\n|-damage|p2a: This u?|71\/100|[from] item: Rocky Helmet|[of] p1a: Garchomp\n|faint|p1a: Garchomp\n|\n|upkeep\n|\n|t:|1700979976\n|switch|p1a: Gengar|Gengar, M|100\/100\n|turn|6\n|\n|t:|1700979988\n|move|p2a: This u?|Dragon Claw|p1a: Gengar\n|-enditem|p1a: Gengar|Focus Sash\n|-damage|p1a: Gengar|1\/100\n|move|p1a: Gengar|Shadow Ball|p2a: This u?\n|-damage|p2a: This u?|13\/100\n|\n|upkeep\n|turn|7\n|\n|t:|1700979996\n|move|p2a: This u?|Dragon Claw|p1a: Gengar\n|-damage|p1a: Gengar|0 fnt\n|faint|p1a: Gengar\n|\n|upkeep\n|\n|t:|1700980003\n|switch|p1a: Ninetales|Ninetales-Alola, M|100\/100\n|-weather|Snow|[from] ability: Snow Warning|[of] p1a: Ninetales\n|turn|8\n|\n|t:|1700980010\n|switch|p2a: Eye Sword|Aegislash, M|100\/100\n|move|p1a: Ninetales|Aurora Veil|p1a: Ninetales\n|-sidestart|p1: ZaySlob|move: Aurora Veil\n|\n|-weather|Snow|[upkeep]\n|upkeep\n|turn|9\n|\n|t:|1700980017\n|move|p1a: Ninetales|Nasty Plot|p1a: Ninetales\n|-boost|p1a: Ninetales|spa|2\n|move|p2a: Eye Sword|Swords Dance|p2a: Eye Sword\n|-boost|p2a: Eye Sword|atk|2\n|\n|-weather|Snow|[upkeep]\n|upkeep\n|turn|10\n|\n|t:|1700980025\n|move|p1a: Ninetales|Blizzard|p2a: Eye Sword\n|-resisted|p2a: Eye Sword\n|-damage|p2a: Eye Sword|63\/100\n|-formechange|p2a: Eye Sword|Aegislash-Blade||[from] ability: Stance Change\n|move|p2a: Eye Sword|Iron Head|p1a: Ninetales\n|-supereffective|p1a: Ninetales\n|-damage|p1a: Ninetales|0 fnt\n|faint|p1a: Ninetales\n|\n|-weather|Snow|[upkeep]\n|upkeep\n|\n|t:|1700980034\n|switch|p1a: Blaziken|Blaziken, F|100\/100\n|turn|11\n|\n|t:|1700980039\n|-formechange|p2a: Eye Sword|Aegislash||[from] ability: Stance Change\n|move|p2a: Eye Sword|King's Shield|p2a: Eye Sword\n|-singleturn|p2a: Eye Sword|Protect\n|move|p1a: Blaziken|Swords Dance|p1a: Blaziken\n|-boost|p1a: Blaziken|atk|2\n|\n|-weather|Snow|[upkeep]\n|-ability|p1a: Blaziken|Speed Boost|boost\n|-boost|p1a: Blaziken|spe|1\n|upkeep\n|turn|12\n|\n|t:|1700980050\n|switch|p2a: Kroko|Krookodile, M|100\/100\n|-ability|p2a: Kroko|Intimidate|boost\n|-unboost|p1a: Blaziken|atk|1\n|move|p1a: Blaziken|Swords Dance|p1a: Blaziken\n|-boost|p1a: Blaziken|atk|2\n|\n|-weather|none\n|-ability|p1a: Blaziken|Speed Boost|boost\n|-boost|p1a: Blaziken|spe|1\n|upkeep\n|turn|13\n|\n|t:|1700980071\n|move|p1a: Blaziken|Swords Dance|p1a: Blaziken\n|-boost|p1a: Blaziken|atk|2\n|move|p2a: Kroko|Knock Off|p1a: Blaziken\n|-resisted|p1a: Blaziken\n|-damage|p1a: Blaziken|81\/100\n|-enditem|p1a: Blaziken|Focus Sash|[from] move: Knock Off|[of] p2a: Kroko\n|\n|-ability|p1a: Blaziken|Speed Boost|boost\n|-boost|p1a: Blaziken|spe|1\n|upkeep\n|turn|14\n|\n|t:|1700980088\n|switch|p2a: Eye Sword|Aegislash, M|63\/100\n|move|p1a: Blaziken|Close Combat|p2a: Eye Sword\n|-immune|p2a: Eye Sword\n|\n|-ability|p1a: Blaziken|Speed Boost|boost\n|-boost|p1a: Blaziken|spe|1\n|upkeep\n|turn|15\n|\n|t:|1700980096\n|move|p2a: Eye Sword|King's Shield|p2a: Eye Sword\n|-singleturn|p2a: Eye Sword|Protect\n|move|p1a: Blaziken|Flare Blitz|p2a: Eye Sword\n|-activate|p2a: Eye Sword|move: Protect\n|-unboost|p1a: Blaziken|atk|1\n|\n|-sideend|p1: ZaySlob|move: Aurora Veil\n|-ability|p1a: Blaziken|Speed Boost|boost\n|-boost|p1a: Blaziken|spe|1\n|upkeep\n|turn|16\n|\n|t:|1700980105\n|switch|p2a: Kroko|Krookodile, M|100\/100\n|-ability|p2a: Kroko|Intimidate|boost\n|-unboost|p1a: Blaziken|atk|1\n|move|p1a: Blaziken|Flare Blitz|p2a: Kroko\n|-damage|p2a: Kroko|0 fnt\n|faint|p2a: Kroko\n|-damage|p1a: Blaziken|45\/100|[from] Recoil\n|\n|-ability|p1a: Blaziken|Speed Boost|boost\n|-boost|p1a: Blaziken|spe|1\n|upkeep\n|\n|t:|1700980116\n|switch|p2a: This u?|Ditto|13\/100\n|-transform|p2a: This u?|p1a: Blaziken|[from] ability: Imposter\n|turn|17\n|\n|t:|1700980125\n|move|p1a: Blaziken|Protect|p1a: Blaziken\n|-singleturn|p1a: Blaziken|Protect\n|move|p2a: This u?|Close Combat|p1a: Blaziken\n|-activate|p1a: Blaziken|move: Protect\n|\n|upkeep\n|turn|18\n|\n|t:|1700980132\n|move|p2a: This u?|Close Combat|p1a: Blaziken\n|-damage|p1a: Blaziken|0 fnt\n|-unboost|p2a: This u?|def|1\n|-unboost|p2a: This u?|spd|1\n|faint|p1a: Blaziken\n|\n|upkeep\n|\n|t:|1700980137\n|switch|p1a: Slowking|Slowking, F|100\/100\n|turn|19\n|\n|t:|1700980145\n|move|p2a: This u?|Close Combat|p1a: Slowking\n|-resisted|p1a: Slowking\n|-damage|p1a: Slowking|11\/100\n|-unboost|p2a: This u?|def|1\n|-unboost|p2a: This u?|spd|1\n|move|p1a: Slowking|Scald|p2a: This u?\n|-supereffective|p2a: This u?\n|-damage|p2a: This u?|0 fnt\n|faint|p2a: This u?\n|\n|upkeep\n|\n|t:|1700980155\n|switch|p2a: Lemonade|Delphox, F, tera:Psychic|72\/100\n|turn|20\n|\n|t:|1700980158\n|move|p2a: Lemonade|Fire Blast|p1a: Slowking\n|-resisted|p1a: Slowking\n|-damage|p1a: Slowking|0 fnt\n|faint|p1a: Slowking\n|\n|win|Glados501\n|raw|ZaySlob's rating: 1094 &rarr; <strong>1067<\/strong><br \/>(-27 for losing)\n|raw|Glados501's rating: 1057 &rarr; <strong>1092<\/strong><br \/>(+35 for winning)\n|l|\u2606ZaySlob\n","uploadtime":1700980165,"views":11,"p1id":"zayslob","p2id":"glados501","formatid":"gen9nationaldex","rating":1067,"private":0,"password":""}