{"id":"gen9nationaldex-1992321517","p1":"SlowySlow","p2":"this is meme team","format":"[Gen 9] National Dex","log":"|j|\u2606SlowySlow\n|j|\u203dthis is meme team\n|t:|1700174481\n|gametype|singles\n|player|p1|SlowySlow|ash|1216\n|player|p2|this is meme team|dawn|1119\n|teamsize|p1|6\n|teamsize|p2|6\n|gen|9\n|tier|[Gen 9] National Dex\n|rated|\n|rule|HP Percentage Mod: HP is shown in percentages\n|rule|Endless Battle Clause: Forcing endless battles is banned\n|rule|OHKO Clause: OHKO moves are banned\n|rule|Evasion Clause: Evasion abilities, items, and moves are banned\n|rule|Evasion Abilities Clause: Evasion abilities are banned\n|rule|Evasion Items Clause: Evasion items are banned\n|rule|Evasion Moves Clause: Evasion moves are banned\n|rule|Species Clause: Limit one of each Pok\u00e9mon\n|rule|Sleep Clause Mod: Limit one foe put to sleep\n|clearpoke\n|poke|p1|Tapu Koko|\n|poke|p1|Beedrill, M|\n|poke|p1|Kleavor, F|\n|poke|p1|Incineroar, F|\n|poke|p1|Pelipper, M|\n|poke|p1|Barraskewda, M|\n|poke|p2|Scream Tail|\n|poke|p2|Slowking-Galar, F|\n|poke|p2|Meowscarada, F|\n|poke|p2|Rotom-Wash|\n|poke|p2|Maushold|\n|poke|p2|Jirachi|\n|teampreview\n|inactive|Battle timer is ON: inactive players will automatically lose when time's up. (requested by SlowySlow)\n|\n|t:|1700174495\n|start\n|switch|p1a: Kleavor|Kleavor, F|100\/100\n|switch|p2a: Jirachi|Jirachi|100\/100\n|turn|1\n|\n|t:|1700174505\n|move|p2a: Jirachi|Iron Head|p1a: Kleavor\n|-supereffective|p1a: Kleavor\n|-damage|p1a: Kleavor|10\/100\n|move|p1a: Kleavor|Stone Axe|p2a: Jirachi\n|-resisted|p2a: Jirachi\n|-damage|p2a: Jirachi|76\/100\n|-sidestart|p2: this is meme team|move: Stealth Rock\n|\n|upkeep\n|turn|2\n|\n|t:|1700174512\n|switch|p2a: Rotom|Rotom-Wash|100\/100\n|-damage|p2a: Rotom|88\/100|[from] Stealth Rock\n|move|p1a: Kleavor|Stone Axe|p2a: Rotom\n|-damage|p2a: Rotom|31\/100\n|\n|upkeep\n|turn|3\n|\n|t:|1700174517\n|move|p2a: Rotom|Volt Switch|p1a: Kleavor\n|-damage|p1a: Kleavor|0 fnt\n|faint|p1a: Kleavor\n|\n|t:|1700174522\n|switch|p2a: Scream Tail|Scream Tail|100\/100|[from] Volt Switch\n|-damage|p2a: Scream Tail|88\/100|[from] Stealth Rock\n|\n|upkeep\n|\n|t:|1700174529\n|switch|p1a: Beedrill|Beedrill, M|100\/100\n|turn|4\n|\n|t:|1700174534\n|detailschange|p1a: Beedrill|Beedrill-Mega, M\n|-mega|p1a: Beedrill|Beedrill|Beedrillite\n|move|p2a: Scream Tail|Wish|p2a: Scream Tail\n|move|p1a: Beedrill|Poison Jab|p2a: Scream Tail\n|-supereffective|p2a: Scream Tail\n|-damage|p2a: Scream Tail|0 fnt\n|faint|p2a: Scream Tail\n|-end|p2a: Scream Tail|Protosynthesis|[silent]\n|\n|upkeep\n|\n|t:|1700174536\n|switch|p2a: Maushold|Maushold|100\/100\n|-damage|p2a: Maushold|88\/100|[from] Stealth Rock\n|turn|5\n|\n|t:|1700174544\n|-terastallize|p2a: Maushold|Ghost\n|move|p1a: Beedrill|Poison Jab|p2a: Maushold\n|-resisted|p2a: Maushold\n|-damage|p2a: Maushold|37\/100\n|move|p2a: Maushold|Tidy Up|p2a: Maushold\n|-sideend|p2: this is meme team|Stealth Rock\n|-activate|p2a: Maushold|move: Tidy Up\n|-boost|p2a: Maushold|atk|1\n|-boost|p2a: Maushold|spe|1\n|\n|-heal|p2a: Maushold|100\/100|[from] move: Wish|[wisher] Scream Tail\n|upkeep\n|turn|6\n|\n|t:|1700174551\n|move|p2a: Maushold|Population Bomb|p1a: Beedrill\n|-damage|p1a: Beedrill|56\/100\n|-damage|p1a: Beedrill|13\/100\n|-damage|p1a: Beedrill|0 fnt\n|faint|p1a: Beedrill\n|-hitcount|p1: Beedrill|3\n|\n|upkeep\n|\n|t:|1700174556\n|switch|p1a: Pelipper|Pelipper, M|100\/100\n|-weather|RainDance|[from] ability: Drizzle|[of] p1a: Pelipper\n|turn|7\n|\n|t:|1700174565\n|move|p2a: Maushold|Population Bomb|p1a: Pelipper\n|-damage|p1a: Pelipper|85\/100\n|-crit|p1a: Pelipper\n|-damage|p1a: Pelipper|59\/100\n|-damage|p1a: Pelipper|41\/100\n|-damage|p1a: Pelipper|25\/100\n|-damage|p1a: Pelipper|7\/100\n|-damage|p1a: Pelipper|0 fnt\n|faint|p1a: Pelipper\n|-hitcount|p1: Pelipper|6\n|\n|-weather|RainDance|[upkeep]\n|upkeep\n|\n|t:|1700174569\n|switch|p1a: Barraskewda|Barraskewda, M|100\/100\n|turn|8\n|c|\u2606SlowySlow|i ain`t doing this\n|inactive|this is meme team has 120 seconds left.\n|inactive|this is meme team has 90 seconds left.\n|\n|t:|1700174634\n|switch|p2a: Rotom|Rotom-Wash|31\/100\n|-terastallize|p1a: Barraskewda|Water\n|move|p1a: Barraskewda|Flip Turn|p2a: Rotom\n|-resisted|p2a: Rotom\n|-damage|p2a: Rotom|0 fnt\n|faint|p2a: Rotom\n|\n|t:|1700174642\n|switch|p1a: Tapu Koko|Tapu Koko|100\/100|[from] Flip Turn\n|-fieldstart|move: Electric Terrain|[from] ability: Electric Surge|[of] p1a: Tapu Koko\n|\n|-weather|RainDance|[upkeep]\n|upkeep\n|\n|t:|1700174646\n|switch|p2a: Slowking|Slowking-Galar, F|100\/100\n|turn|9\n|\n|t:|1700174650\n|move|p1a: Tapu Koko|Thunderbolt|p2a: Slowking\n|-damage|p2a: Slowking|73\/100\n|move|p2a: Slowking|Chilly Reception|p2a: Slowking\n|-weather|Snow\n|\n|t:|1700174654\n|switch|p2a: Maushold|Maushold, tera:Ghost|100\/100|[from] Chilly Reception\n|\n|-weather|Snow|[upkeep]\n|upkeep\n|turn|10\n|\n|t:|1700174657\n|move|p1a: Tapu Koko|Volt Switch|p2a: Maushold\n|-damage|p2a: Maushold|40\/100\n|\n|t:|1700174660\n|switch|p1a: Incineroar|Incineroar, F|100\/100|[from] Volt Switch\n|-ability|p1a: Incineroar|Intimidate|boost\n|-unboost|p2a: Maushold|atk|1\n|move|p2a: Maushold|Population Bomb|p1a: Incineroar\n|-damage|p1a: Incineroar|93\/100\n|-damage|p1a: Incineroar|87\/100\n|-damage|p1a: Incineroar|80\/100\n|-damage|p1a: Incineroar|72\/100\n|-damage|p1a: Incineroar|65\/100\n|-damage|p1a: Incineroar|58\/100\n|-crit|p1a: Incineroar\n|-damage|p1a: Incineroar|43\/100\n|-damage|p1a: Incineroar|36\/100\n|-damage|p1a: Incineroar|29\/100\n|-damage|p1a: Incineroar|22\/100\n|-hitcount|p1a: Incineroar|10\n|\n|-weather|Snow|[upkeep]\n|upkeep\n|turn|11\n|\n|t:|1700174664\n|move|p2a: Maushold|Population Bomb|p1a: Incineroar\n|-damage|p1a: Incineroar|15\/100\n|-damage|p1a: Incineroar|7\/100\n|-damage|p1a: Incineroar|0 fnt\n|faint|p1a: Incineroar\n|-hitcount|p1: Incineroar|3\n|\n|-weather|Snow|[upkeep]\n|upkeep\n|\n|t:|1700174667\n|switch|p1a: Barraskewda|Barraskewda, M, tera:Water|100\/100\n|turn|12\n|inactive|this is meme team has 120 seconds left.\n|\n|t:|1700174698\n|move|p1a: Barraskewda|Flip Turn|p2a: Maushold\n|-damage|p2a: Maushold|0 fnt\n|faint|p2a: Maushold\n|\n|t:|1700174709\n|switch|p1a: Tapu Koko|Tapu Koko|100\/100|[from] Flip Turn\n|\n|-weather|Snow|[upkeep]\n|-fieldend|move: Electric Terrain\n|upkeep\n|\n|t:|1700174714\n|switch|p2a: Jirachi|Jirachi|76\/100\n|turn|13\n|\n|t:|1700174721\n|move|p2a: Jirachi|Iron Head|p1a: Tapu Koko\n|-damage|p1a: Tapu Koko|49\/100\n|cant|p1a: Tapu Koko|flinch\n|\n|-weather|none\n|upkeep\n|turn|14\n|\n|t:|1700174727\n|move|p2a: Jirachi|Iron Head|p1a: Tapu Koko\n|-damage|p1a: Tapu Koko|0 fnt\n|faint|p1a: Tapu Koko\n|\n|upkeep\n|\n|t:|1700174730\n|switch|p1a: Barraskewda|Barraskewda, M, tera:Water|100\/100\n|turn|15\n|\n|t:|1700174735\n|move|p2a: Jirachi|Iron Head|p1a: Barraskewda\n|-resisted|p1a: Barraskewda\n|-damage|p1a: Barraskewda|66\/100\n|move|p1a: Barraskewda|Flip Turn|p2a: Jirachi\n|-damage|p2a: Jirachi|11\/100\n|\n|upkeep\n|turn|16\n|\n|t:|1700174741\n|move|p2a: Jirachi|Iron Head|p1a: Barraskewda\n|-resisted|p1a: Barraskewda\n|-damage|p1a: Barraskewda|35\/100\n|cant|p1a: Barraskewda|flinch\n|\n|upkeep\n|turn|17\n|\n|t:|1700174744\n|move|p2a: Jirachi|Iron Head|p1a: Barraskewda\n|-resisted|p1a: Barraskewda\n|-damage|p1a: Barraskewda|3\/100\n|move|p1a: Barraskewda|Flip Turn|p2a: Jirachi\n|-damage|p2a: Jirachi|0 fnt\n|faint|p2a: Jirachi\n|\n|upkeep\n|\n|t:|1700174747\n|switch|p2a: Meowscarada|Meowscarada, F|100\/100\n|turn|18\n|c|\u2606SlowySlow|gg\n|-message|this is meme team forfeited.\n|\n|win|SlowySlow\n|raw|SlowySlow's rating: 1216 &rarr; <strong>1237<\/strong><br \/>(+21 for winning)\n|raw|this is meme team's rating: 1165 &rarr; <strong>1144<\/strong><br \/>(-21 for losing)\n|c|\u203dthis is meme team|\/log this is meme team made this room public.\n","uploadtime":1700174762,"views":5,"p1id":"slowyslow","p2id":"thisismemeteam","formatid":"gen9nationaldex","rating":1144,"private":0,"password":""}