{"id":"gen9nationaldex-1998031363","p1":"Gregory Mirabella","p2":"heiyazhou","format":"[Gen 9] National Dex","log":"|html|<div class=\"broadcast-blue\"><strong>[Gen 9] National Dex is currently suspecting Sneasler! For information on how to participate check out the <a href=\"https:\/\/www.smogon.com\/forums\/threads\/sv-national-dex-suspect-8-just-dance.3731534\/\">suspect thread<\/a>.<\/strong><\/div>\n|j|\u2606Gregory Mirabella\n|j|\u2606heiyazhou\n|t:|1700881279\n|gametype|singles\n|player|p1|Gregory Mirabella|lusamine-nihilego|1426\n|player|p2|heiyazhou|1|1489\n|teamsize|p1|6\n|teamsize|p2|6\n|gen|9\n|tier|[Gen 9] National Dex\n|rated|\n|rule|HP Percentage Mod: HP is shown in percentages\n|rule|Endless Battle Clause: Forcing endless battles is banned\n|rule|OHKO Clause: OHKO moves are banned\n|rule|Evasion Clause: Evasion abilities, items, and moves are banned\n|rule|Evasion Abilities Clause: Evasion abilities are banned\n|rule|Evasion Items Clause: Evasion items are banned\n|rule|Evasion Moves Clause: Evasion moves are banned\n|rule|Species Clause: Limit one of each Pok\u00e9mon\n|rule|Sleep Clause Mod: Limit one foe put to sleep\n|clearpoke\n|poke|p1|Tyranitar, F|\n|poke|p1|Excadrill, F|\n|poke|p1|Heatran, M|\n|poke|p1|Corviknight, F|\n|poke|p1|Alomomola, F|\n|poke|p1|Aggron, F|\n|poke|p2|Greninja-*, M|\n|poke|p2|Gallade, M|\n|poke|p2|Garchomp, M|\n|poke|p2|Corviknight, M|\n|poke|p2|Clodsire, M|\n|poke|p2|Volcarona, M|\n|teampreview\n|c|\u2606Gregory Mirabella|glhf\n|c|\u2606Gregory Mirabella|oh thank god a team that's not using lele and sneasler\n|\n|t:|1700881295\n|start\n|switch|p1a: Colossus|Tyranitar, F, shiny|100\/100\n|switch|p2a: Garchomp|Garchomp, M|100\/100\n|-weather|Sandstorm|[from] ability: Sand Stream|[of] p1a: Colossus\n|turn|1\n|\n|t:|1700881309\n|switch|p1a: Paths|Alomomola, F, shiny|100\/100\n|move|p2a: Garchomp|Stealth Rock|p1a: Paths\n|-sidestart|p1: Gregory Mirabella|move: Stealth Rock\n|\n|-weather|Sandstorm|[upkeep]\n|-damage|p1a: Paths|94\/100|[from] Sandstorm\n|upkeep\n|turn|2\n|\n|t:|1700881316\n|move|p2a: Garchomp|Substitute|p2a: Garchomp\n|-start|p2a: Garchomp|Substitute\n|-damage|p2a: Garchomp|76\/100\n|move|p1a: Paths|Scald|p2a: Garchomp\n|-activate|p2a: Garchomp|move: Substitute|[damage]\n|\n|-weather|Sandstorm|[upkeep]\n|-damage|p1a: Paths|88\/100|[from] Sandstorm\n|upkeep\n|turn|3\n|\n|t:|1700881323\n|move|p2a: Garchomp|Earthquake|p1a: Paths\n|-damage|p1a: Paths|59\/100\n|move|p1a: Paths|Flip Turn|p2a: Garchomp\n|-end|p2a: Garchomp|Substitute\n|\n|t:|1700881329\n|switch|p1a: The Armored|Aggron, F, shiny|100\/100|[from] Flip Turn\n|-damage|p1a: The Armored|94\/100|[from] Stealth Rock\n|\n|-weather|Sandstorm|[upkeep]\n|upkeep\n|turn|4\n|\n|t:|1700881340\n|detailschange|p1a: The Armored|Aggron-Mega, F, shiny\n|-mega|p1a: The Armored|Aggron|Aggronite\n|move|p2a: Garchomp|Earthquake|p1a: The Armored\n|-supereffective|p1a: The Armored\n|-damage|p1a: The Armored|58\/100\n|move|p1a: The Armored|Ice Punch|p2a: Garchomp\n|-supereffective|p2a: Garchomp\n|-damage|p2a: Garchomp|0 fnt\n|-damage|p1a: The Armored|45\/100|[from] ability: Rough Skin|[of] p2a: Garchomp\n|faint|p2a: Garchomp\n|\n|-weather|Sandstorm|[upkeep]\n|upkeep\n|\n|t:|1700881347\n|switch|p2a: Volcarona|Volcarona, M|100\/100\n|turn|5\n|\n|t:|1700881368\n|switch|p2a: Gallade|Gallade, M|100\/100\n|switch|p1a: Colossus|Tyranitar, F, shiny|100\/100\n|-damage|p1a: Colossus|88\/100|[from] Stealth Rock\n|\n|-weather|Sandstorm|[upkeep]\n|-damage|p2a: Gallade|94\/100|[from] Sandstorm\n|upkeep\n|turn|6\n|c|\u2606Gregory Mirabella|nice read\n|\n|t:|1700881378\n|switch|p1a: Paths|Alomomola, F, shiny|92\/100\n|detailschange|p2a: Gallade|Gallade-Mega, M\n|-mega|p2a: Gallade|Gallade|Galladite\n|move|p2a: Gallade|Agility|p2a: Gallade\n|-boost|p2a: Gallade|spe|2\n|\n|-weather|Sandstorm|[upkeep]\n|-damage|p2a: Gallade|88\/100|[from] Sandstorm\n|-damage|p1a: Paths|86\/100|[from] Sandstorm\n|upkeep\n|turn|7\n|\n|t:|1700881390\n|move|p2a: Gallade|Bulk Up|p2a: Gallade\n|-boost|p2a: Gallade|atk|1\n|-boost|p2a: Gallade|def|1\n|move|p1a: Paths|Scald|p2a: Gallade\n|-crit|p2a: Gallade\n|-damage|p2a: Gallade|73\/100\n|-status|p2a: Gallade|brn\n|\n|-weather|Sandstorm|[upkeep]\n|-damage|p2a: Gallade|67\/100 brn|[from] Sandstorm\n|-damage|p1a: Paths|80\/100|[from] Sandstorm\n|-damage|p2a: Gallade|60\/100 brn|[from] brn\n|upkeep\n|turn|8\n|\n|t:|1700881400\n|move|p2a: Gallade|Drain Punch|p1a: Paths\n|-damage|p1a: Paths|65\/100\n|-heal|p2a: Gallade|75\/100 brn|[from] drain|[of] p1a: Paths\n|move|p1a: Paths|Wish|p1a: Paths\n|\n|-weather|none\n|-damage|p2a: Gallade|68\/100 brn|[from] brn\n|upkeep\n|turn|9\n|\n|t:|1700881408\n|move|p2a: Gallade|Bulk Up|p2a: Gallade\n|-boost|p2a: Gallade|atk|1\n|-boost|p2a: Gallade|def|1\n|move|p1a: Paths|Flip Turn|p2a: Gallade\n|-damage|p2a: Gallade|59\/100 brn\n|\n|t:|1700881423\n|switch|p1a: The Armored|Aggron-Mega, F, shiny|45\/100|[from] Flip Turn\n|-damage|p1a: The Armored|39\/100|[from] Stealth Rock\n|\n|-heal|p1a: The Armored|100\/100|[from] move: Wish|[wisher] Paths\n|-damage|p2a: Gallade|52\/100 brn|[from] brn\n|upkeep\n|turn|10\n|\n|t:|1700881435\n|move|p2a: Gallade|Drain Punch|p1a: The Armored\n|-supereffective|p1a: The Armored\n|-damage|p1a: The Armored|74\/100\n|-heal|p2a: Gallade|69\/100 brn|[from] drain|[of] p1a: The Armored\n|move|p1a: The Armored|Heavy Slam|p2a: Gallade\n|-damage|p2a: Gallade|18\/100 brn\n|\n|-damage|p2a: Gallade|12\/100 brn|[from] brn\n|upkeep\n|turn|11\n|\n|t:|1700881443\n|move|p2a: Gallade|Drain Punch|p1a: The Armored\n|-supereffective|p1a: The Armored\n|-damage|p1a: The Armored|48\/100\n|-heal|p2a: Gallade|29\/100 brn|[from] drain|[of] p1a: The Armored\n|move|p1a: The Armored|Heavy Slam|p2a: Gallade\n|-damage|p2a: Gallade|0 fnt\n|faint|p2a: Gallade\n|\n|upkeep\n|\n|t:|1700881450\n|switch|p2a: Greninja|Greninja, M|100\/100\n|turn|12\n|\n|t:|1700881459\n|switch|p1a: Falco|Corviknight, F, shiny|100\/100\n|-damage|p1a: Falco|88\/100|[from] Stealth Rock\n|-ability|p1a: Falco|Pressure\n|move|p2a: Greninja|Surf|p1a: Falco\n|-crit|p1a: Falco\n|-damage|p1a: Falco|27\/100\n|-damage|p2a: Greninja|91\/100|[from] item: Life Orb\n|\n|-heal|p1a: Falco|33\/100|[from] item: Leftovers\n|upkeep\n|turn|13\n|c|\u2606Gregory Mirabella|fucking come on\\\n|c|\u2606Gregory Mirabella|of all times for a crit\n|\n|t:|1700881475\n|switch|p1a: Paths|Alomomola, F, shiny|98\/100\n|move|p2a: Greninja|Surf|p1a: Paths\n|-resisted|p1a: Paths\n|-damage|p1a: Paths|70\/100\n|-damage|p2a: Greninja|81\/100|[from] item: Life Orb\n|\n|upkeep\n|turn|14\n|\n|t:|1700881485\n|switch|p2a: Corviknight|Corviknight, M|100\/100\n|move|p1a: Paths|Wish|p1a: Paths\n|\n|upkeep\n|turn|15\n|\n|t:|1700881499\n|switch|p2a: Greninja|Greninja, M|81\/100\n|move|p1a: Paths|Flip Turn|p2a: Greninja\n|-resisted|p2a: Greninja\n|-damage|p2a: Greninja|66\/100\n|\n|t:|1700881514\n|switch|p1a: The Armored|Aggron-Mega, F, shiny|48\/100|[from] Flip Turn\n|-damage|p1a: The Armored|41\/100|[from] Stealth Rock\n|\n|-heal|p1a: The Armored|100\/100|[from] move: Wish|[wisher] Paths\n|upkeep\n|turn|16\n|\n|t:|1700881523\n|-terastallize|p2a: Greninja|Water\n|move|p2a: Greninja|Surf|p1a: The Armored\n|-damage|p1a: The Armored|13\/100\n|-damage|p2a: Greninja|56\/100|[from] item: Life Orb\n|move|p1a: The Armored|Body Press|p2a: Greninja\n|-damage|p2a: Greninja|0 fnt\n|faint|p2a: Greninja\n|\n|upkeep\n|\n|t:|1700881531\n|switch|p2a: Volcarona|Volcarona, M|100\/100\n|turn|17\n|\n|t:|1700881535\n|switch|p1a: Cartman|Heatran, M|100\/100\n|-damage|p1a: Cartman|88\/100|[from] Stealth Rock\n|move|p2a: Volcarona|Quiver Dance|p2a: Volcarona\n|-boost|p2a: Volcarona|spa|1\n|-boost|p2a: Volcarona|spd|1\n|-boost|p2a: Volcarona|spe|1\n|\n|upkeep\n|turn|18\n|-message|heiyazhou forfeited.\n|\n|win|Gregory Mirabella\n|raw|Gregory Mirabella's rating: 1426 &rarr; <strong>1450<\/strong><br \/>(+24 for winning)\n|raw|heiyazhou's rating: 1489 &rarr; <strong>1465<\/strong><br \/>(-24 for losing)\n|l|\u2606heiyazhou\n|c|\u2606Gregory Mirabella|gg\n","uploadtime":1700881557,"views":1,"p1id":"gregorymirabella","p2id":"heiyazhou","formatid":"gen9nationaldex","rating":1450,"private":0,"password":""}