{"id":"gen9nationaldex-1998680418","p1":"GatosLover","p2":"Trixter-potw15","format":"[Gen 9] National Dex","log":"|html|<div class=\"broadcast-blue\"><strong>[Gen 9] National Dex is currently suspecting Sneasler! For information on how to participate check out the <a href=\"https:\/\/www.smogon.com\/forums\/threads\/sv-national-dex-suspect-8-just-dance.3731534\/\">suspect thread<\/a>.<\/strong><\/div>\n|j|\u2606GatosLover\n|j|\u2606Trixter-potw15\n|t:|1700971620\n|gametype|singles\n|player|p1|GatosLover|marnie|1150\n|player|p2|Trixter-potw15|marley|1163\n|teamsize|p1|6\n|teamsize|p2|6\n|gen|9\n|tier|[Gen 9] National Dex\n|rated|\n|rule|HP Percentage Mod: HP is shown in percentages\n|rule|Endless Battle Clause: Forcing endless battles is banned\n|rule|OHKO Clause: OHKO moves are banned\n|rule|Evasion Clause: Evasion abilities, items, and moves are banned\n|rule|Evasion Abilities Clause: Evasion abilities are banned\n|rule|Evasion Items Clause: Evasion items are banned\n|rule|Evasion Moves Clause: Evasion moves are banned\n|rule|Species Clause: Limit one of each Pok\u00e9mon\n|rule|Sleep Clause Mod: Limit one foe put to sleep\n|clearpoke\n|poke|p1|Ampharos, F|\n|poke|p1|Ursaluna, F|\n|poke|p1|Hatterene, F|\n|poke|p1|Mew|\n|poke|p1|Dusclops, M|\n|poke|p1|Marowak-Alola, M|\n|poke|p2|Scovillain, F|\n|poke|p2|Torkoal, M|\n|poke|p2|Venusaur, F|\n|poke|p2|Heliolisk, M|\n|poke|p2|Altaria, M|\n|poke|p2|Ninetales, F|\n|teampreview\n|c|\u2606Trixter-potw15|GLHF\n|c|\u2606GatosLover|ty u2\n|\n|t:|1700971632\n|start\n|switch|p1a: Terry|Hatterene, F|100\/100\n|switch|p2a: Idol|Torkoal, M, shiny|100\/100\n|-weather|SunnyDay|[from] ability: Drought|[of] p2a: Idol\n|turn|1\n|c|\u2606Trixter-potw15|Thanks\n|\n|t:|1700971638\n|move|p2a: Idol|Clear Smog|p1a: Terry\n|-supereffective|p1a: Terry\n|-damage|p1a: Terry|77\/100\n|-clearboost|p1a: Terry\n|move|p1a: Terry|Trick Room|p1a: Terry\n|-fieldstart|move: Trick Room|[of] p1a: Terry\n|\n|-weather|SunnyDay|[upkeep]\n|upkeep\n|turn|2\n|\n|t:|1700971648\n|move|p2a: Idol|Clear Smog|p1a: Terry\n|-supereffective|p1a: Terry\n|-damage|p1a: Terry|54\/100\n|-clearboost|p1a: Terry\n|move|p1a: Terry|Healing Wish|p1a: Terry\n|faint|p1a: Terry\n|\n|-weather|SunnyDay|[upkeep]\n|upkeep\n|\n|t:|1700971658\n|switch|p1a: Yo soy luna|Ursaluna, F, shiny|100\/100\n|turn|3\n|\n|t:|1700971663\n|move|p2a: Idol|Yawn|p1a: Yo soy luna\n|-start|p1a: Yo soy luna|move: Yawn|[of] p2a: Idol\n|move|p1a: Yo soy luna|Headlong Rush|p2a: Idol\n|-supereffective|p2a: Idol\n|-damage|p2a: Idol|12\/100\n|-unboost|p1a: Yo soy luna|def|1\n|-unboost|p1a: Yo soy luna|spd|1\n|\n|-weather|SunnyDay|[upkeep]\n|-status|p1a: Yo soy luna|brn|[from] item: Flame Orb\n|upkeep\n|turn|4\n|\n|t:|1700971672\n|switch|p1a: feto|Mew|100\/100\n|move|p2a: Idol|Stealth Rock|p1a: feto\n|-sidestart|p1: GatosLover|move: Stealth Rock\n|\n|-weather|SunnyDay|[upkeep]\n|upkeep\n|turn|5\n|\n|t:|1700971682\n|move|p2a: Idol|Clear Smog|p1a: feto\n|-damage|p1a: feto|93\/100\n|-clearboost|p1a: feto\n|move|p1a: feto|Defog|p2a: Idol\n|-unboost|p2a: Idol|evasion|1\n|-sideend|p1: GatosLover|Stealth Rock|[from] move: Defog|[of] p1a: feto\n|\n|-weather|SunnyDay|[upkeep]\n|-fieldend|move: Trick Room\n|upkeep\n|turn|6\n|\n|t:|1700971692\n|switch|p2a: Chili|Scovillain, F|100\/100\n|move|p1a: feto|Trick Room|p1a: feto\n|-fieldstart|move: Trick Room|[of] p1a: feto\n|\n|-weather|SunnyDay|[upkeep]\n|upkeep\n|turn|7\n|\n|t:|1700971698\n|switch|p1a: Yo soy luna|Ursaluna, F, shiny|100\/100 brn\n|-heal|p1a: Yo soy luna|100\/100|[from] move: Healing Wish\n|move|p2a: Chili|Solar Beam||[still]\n|-prepare|p2a: Chili|Solar Beam\n|-anim|p2a: Chili|Solar Beam|p1a: Yo soy luna\n|-supereffective|p1a: Yo soy luna\n|-damage|p1a: Yo soy luna|11\/100\n|\n|-weather|SunnyDay|[upkeep]\n|-status|p1a: Yo soy luna|brn|[from] item: Flame Orb\n|upkeep\n|turn|8\n|\n|t:|1700971707\n|switch|p2a: Idol|Torkoal, M, shiny|12\/100\n|move|p1a: Yo soy luna|Facade|p2a: Idol\n|-damage|p2a: Idol|0 fnt\n|faint|p2a: Idol\n|\n|-weather|none\n|-damage|p1a: Yo soy luna|5\/100 brn|[from] brn\n|upkeep\n|\n|t:|1700971717\n|switch|p2a: FLOOF|Altaria, M|100\/100\n|turn|9\n|\n|t:|1700971727\n|detailschange|p2a: FLOOF|Altaria-Mega, M\n|-mega|p2a: FLOOF|Altaria|Altarianite\n|move|p1a: Yo soy luna|Ice Punch|p2a: FLOOF\n|-supereffective|p2a: FLOOF\n|-damage|p2a: FLOOF|5\/100\n|move|p2a: FLOOF|Dragon Dance|p2a: FLOOF\n|-boost|p2a: FLOOF|atk|1\n|-boost|p2a: FLOOF|spe|1\n|\n|-damage|p1a: Yo soy luna|0 fnt|[from] brn\n|faint|p1a: Yo soy luna\n|upkeep\n|\n|t:|1700971738\n|switch|p1a: Ampphyr|Ampharos, F|100\/100\n|turn|10\n|\n|t:|1700971746\n|detailschange|p1a: Ampphyr|Ampharos-Mega, F\n|-mega|p1a: Ampphyr|Ampharos|Ampharosite\n|-ability|p1a: Ampphyr|Mold Breaker\n|move|p1a: Ampphyr|Charge Beam|p2a: FLOOF\n|-resisted|p2a: FLOOF\n|-damage|p2a: FLOOF|0 fnt\n|-boost|p1a: Ampphyr|spa|1\n|faint|p2a: FLOOF\n|\n|-fieldend|move: Trick Room\n|upkeep\n|\n|t:|1700971754\n|switch|p2a: A-tales at home|Ninetales, F, shiny|100\/100\n|-weather|SunnyDay|[from] ability: Drought|[of] p2a: A-tales at home\n|turn|11\n|\n|t:|1700971762\n|move|p2a: A-tales at home|Shadow Ball|p1a: Ampphyr\n|-damage|p1a: Ampphyr|84\/100\n|-unboost|p1a: Ampphyr|spd|1\n|move|p1a: Ampphyr|Thunderbolt|p2a: A-tales at home\n|-damage|p2a: A-tales at home|0 fnt\n|faint|p2a: A-tales at home\n|\n|-weather|SunnyDay|[upkeep]\n|upkeep\n|\n|t:|1700971771\n|switch|p2a: Chili|Scovillain, F|100\/100\n|turn|12\n|\n|t:|1700971778\n|move|p2a: Chili|Growth|p2a: Chili\n|-boost|p2a: Chili|atk|2\n|-boost|p2a: Chili|spa|2\n|move|p1a: Ampphyr|Focus Blast|p2a: Chili\n|-damage|p2a: Chili|0 fnt\n|faint|p2a: Chili\n|\n|-weather|SunnyDay|[upkeep]\n|upkeep\n|\n|t:|1700971786\n|switch|p2a: f r o r g|Venusaur, F, shiny|100\/100\n|turn|13\n|\n|t:|1700971790\n|move|p2a: f r o r g|Sludge Bomb|p1a: Ampphyr\n|-damage|p1a: Ampphyr|27\/100\n|-status|p1a: Ampphyr|psn\n|move|p1a: Ampphyr|Hidden Power|p2a: f r o r g\n|-supereffective|p2a: f r o r g\n|-damage|p2a: f r o r g|23\/100\n|\n|-weather|SunnyDay|[upkeep]\n|-heal|p2a: f r o r g|29\/100|[from] item: Leftovers\n|-damage|p1a: Ampphyr|15\/100 psn|[from] psn\n|upkeep\n|turn|14\n|\n|t:|1700971800\n|move|p2a: f r o r g|Giga Drain|p1a: Ampphyr\n|-resisted|p1a: Ampphyr\n|-damage|p1a: Ampphyr|0 fnt\n|-heal|p2a: f r o r g|38\/100|[from] drain|[of] p1a: Ampphyr\n|faint|p1a: Ampphyr\n|\n|-weather|SunnyDay|[upkeep]\n|-heal|p2a: f r o r g|44\/100|[from] item: Leftovers\n|upkeep\n|\n|t:|1700971810\n|switch|p1a: feto|Mew|93\/100\n|turn|15\n|\n|t:|1700971818\n|move|p2a: f r o r g|Giga Drain|p1a: feto\n|-damage|p1a: feto|66\/100\n|-heal|p2a: f r o r g|62\/100|[from] drain|[of] p1a: feto\n|move|p1a: feto|Trick Room|p1a: feto\n|-fieldstart|move: Trick Room|[of] p1a: feto\n|\n|-weather|SunnyDay|[upkeep]\n|-heal|p2a: f r o r g|68\/100|[from] item: Leftovers\n|upkeep\n|turn|16\n|\n|t:|1700971826\n|switch|p1a: calaka chida 2|Marowak-Alola, M|100\/100\n|move|p2a: f r o r g|Leech Seed|p1a: calaka chida 2\n|-start|p1a: calaka chida 2|move: Leech Seed\n|\n|-weather|SunnyDay|[upkeep]\n|-heal|p2a: f r o r g|74\/100|[from] item: Leftovers\n|-damage|p1a: calaka chida 2|88\/100|[from] Leech Seed|[of] p2a: f r o r g\n|-heal|p2a: f r o r g|87\/100|[silent]\n|upkeep\n|turn|17\n|\n|t:|1700971836\n|-terastallize|p2a: f r o r g|Ground\n|move|p1a: calaka chida 2|Flare Blitz|p2a: f r o r g\n|-damage|p2a: f r o r g|0 fnt\n|faint|p2a: f r o r g\n|\n|-weather|SunnyDay|[upkeep]\n|upkeep\n|\n|t:|1700971841\n|switch|p2a: Rogelio|Heliolisk, M|100\/100\n|turn|18\n|c|\u2606Trixter-potw15|GGWP\n|c|\u2606GatosLover|gg\n|\n|t:|1700971846\n|move|p1a: calaka chida 2|Earthquake|p2a: Rogelio\n|-supereffective|p2a: Rogelio\n|-damage|p2a: Rogelio|0 fnt\n|faint|p2a: Rogelio\n|\n|win|GatosLover\n|raw|GatosLover's rating: 1172 &rarr; <strong>1196<\/strong><br \/>(+24 for winning)\n|raw|Trixter-potw15's rating: 1163 &rarr; <strong>1139<\/strong><br \/>(-24 for losing)\n|l|\u2606Trixter-potw15\n","uploadtime":1700971920,"views":8,"p1id":"gatoslover","p2id":"trixterpotw15","formatid":"gen9nationaldex","rating":1139,"private":0,"password":""}