{"id":"gen9nationaldex-1995645009","p1":"Maxer59","p2":"Pristan18","format":"[Gen 9] National Dex","log":"|html|<div class=\"broadcast-blue\"><strong>[Gen 9] National Dex is currently suspecting Sneasler! For information on how to participate check out the <a href=\"https:\/\/www.smogon.com\/forums\/threads\/sv-national-dex-suspect-8-just-dance.3731534\/\">suspect thread<\/a>.<\/strong><\/div>\n|j|\u2606Maxer59\n|j|\u2606Pristan18\n|t:|1700590328\n|gametype|singles\n|player|p1|Maxer59|lucas|1235\n|player|p2|Pristan18|koga|1143\n|teamsize|p1|6\n|teamsize|p2|6\n|gen|9\n|tier|[Gen 9] National Dex\n|rated|\n|rule|HP Percentage Mod: HP is shown in percentages\n|rule|Endless Battle Clause: Forcing endless battles is banned\n|rule|OHKO Clause: OHKO moves are banned\n|rule|Evasion Clause: Evasion abilities, items, and moves are banned\n|rule|Evasion Abilities Clause: Evasion abilities are banned\n|rule|Evasion Items Clause: Evasion items are banned\n|rule|Evasion Moves Clause: Evasion moves are banned\n|rule|Species Clause: Limit one of each Pok\u00e9mon\n|rule|Sleep Clause Mod: Limit one foe put to sleep\n|clearpoke\n|poke|p1|Pikachu, F|\n|poke|p1|Gallade, M|\n|poke|p1|Crawdaunt, M|\n|poke|p1|Tornadus-Therian, M|\n|poke|p1|Iron Treads|\n|poke|p1|Tapu Koko|\n|poke|p2|Ursaluna, F|\n|poke|p2|Arboliva, F|\n|poke|p2|Staraptor, M|\n|poke|p2|Heliolisk, M|\n|poke|p2|Bewear, F|\n|poke|p2|Bibarel, F|\n|teampreview\n|inactive|Battle timer is ON: inactive players will automatically lose when time's up. (requested by Maxer59)\n|inactive|Maxer59 has 120 seconds left.\n|\n|t:|1700590374\n|start\n|switch|p1a: Tornadus|Tornadus-Therian, M|100\/100\n|switch|p2a: Bibarel|Bibarel, F|100\/100\n|turn|1\n|\n|t:|1700590381\n|move|p1a: Tornadus|Knock Off|p2a: Bibarel\n|-damage|p2a: Bibarel|69\/100\n|-enditem|p2a: Bibarel|Life Orb|[from] move: Knock Off|[of] p1a: Tornadus\n|move|p2a: Bibarel|Swords Dance|p2a: Bibarel\n|-boost|p2a: Bibarel|atk|4\n|\n|upkeep\n|turn|2\n|\n|t:|1700590391\n|move|p2a: Bibarel|Aqua Jet|p1a: Tornadus\n|-damage|p1a: Tornadus|35\/100\n|-enditem|p1a: Tornadus|Eject Button\n|\n|t:|1700590398\n|switch|p1a: PikaGOD|Pikachu, F|100\/100\n|\n|upkeep\n|turn|3\n|\n|t:|1700590417\n|-terastallize|p1a: PikaGOD|Normal\n|move|p1a: PikaGOD|Fake Out|p2a: Bibarel\n|-damage|p2a: Bibarel|23\/100\n|cant|p2a: Bibarel|flinch\n|\n|upkeep\n|turn|4\n|inactive|Maxer59 has 120 seconds left.\n|\n|t:|1700590462\n|move|p1a: PikaGOD|Extreme Speed|p2a: Bibarel\n|-damage|p2a: Bibarel|0 fnt\n|faint|p2a: Bibarel\n|\n|upkeep\n|\n|t:|1700590470\n|switch|p2a: Bewear|Bewear, F|100\/100\n|turn|5\n|inactive|Maxer59 has 120 seconds left.\n|\n|t:|1700590483\n|switch|p1a: Tapu Koko|Tapu Koko|100\/100\n|-fieldstart|move: Electric Terrain|[from] ability: Electric Surge|[of] p1a: Tapu Koko\n|move|p2a: Bewear|Close Combat|p1a: Tapu Koko\n|-resisted|p1a: Tapu Koko\n|-damage|p1a: Tapu Koko|36\/100\n|-unboost|p2a: Bewear|def|1\n|-unboost|p2a: Bewear|spd|1\n|-damage|p2a: Bewear|91\/100|[from] item: Life Orb\n|\n|upkeep\n|turn|6\n|inactive|Maxer59 has 120 seconds left.\n|\n|t:|1700590499\n|switch|p2a: Arboliva|Arboliva, F|100\/100\n|move|p1a: Tapu Koko|Brave Bird|p2a: Arboliva\n|-supereffective|p2a: Arboliva\n|-damage|p2a: Arboliva|0 fnt\n|-fieldstart|move: Grassy Terrain|[from] ability: Seed Sower|[of] p2a: Arboliva\n|faint|p2a: Arboliva\n|-damage|p1a: Tapu Koko|1\/100|[from] Recoil\n|\n|-heal|p1a: Tapu Koko|7\/100|[from] Grassy Terrain\n|upkeep\n|inactive|Pristan18 has 120 seconds left.\n|\n|t:|1700590529\n|switch|p2a: Ursaluna|Ursaluna, F|100\/100\n|turn|7\n|inactive|Maxer59 has 120 seconds left.\n|\n|t:|1700590538\n|move|p1a: Tapu Koko|U-turn|p2a: Ursaluna\n|-damage|p2a: Ursaluna|87\/100\n|\n|t:|1700590541\n|switch|p1a: Iron Treads|Iron Treads|100\/100|[from] U-turn\n|move|p2a: Ursaluna|Facade|p1a: Iron Treads\n|-resisted|p1a: Iron Treads\n|-damage|p1a: Iron Treads|80\/100\n|\n|-heal|p1a: Iron Treads|86\/100|[from] Grassy Terrain\n|-heal|p2a: Ursaluna|93\/100|[from] Grassy Terrain\n|-status|p2a: Ursaluna|brn|[from] item: Flame Orb\n|upkeep\n|turn|8\n|\n|t:|1700590551\n|move|p1a: Iron Treads|Steel Roller|p2a: Ursaluna\n|-damage|p2a: Ursaluna|31\/100 brn\n|-fieldend|move: Grassy Terrain\n|move|p2a: Ursaluna|Headlong Rush|p1a: Iron Treads\n|-supereffective|p1a: Iron Treads\n|-damage|p1a: Iron Treads|0 fnt\n|-unboost|p2a: Ursaluna|def|1\n|-unboost|p2a: Ursaluna|spd|1\n|faint|p1a: Iron Treads\n|-end|p1a: Iron Treads|Quark Drive|[silent]\n|\n|-damage|p2a: Ursaluna|24\/100 brn|[from] brn\n|upkeep\n|\n|t:|1700590563\n|switch|p1a: Excalibur is ZZZ|Gallade, M|100\/100\n|turn|9\n|\n|t:|1700590575\n|move|p1a: Excalibur is ZZZ|Sacred Sword|p2a: Ursaluna\n|-supereffective|p2a: Ursaluna\n|-damage|p2a: Ursaluna|0 fnt\n|faint|p2a: Ursaluna\n|\n|upkeep\n|\n|t:|1700590579\n|switch|p2a: Staraptor|Staraptor, M|100\/100\n|turn|10\n|\n|t:|1700590583\n|switch|p1a: Tapu Koko|Tapu Koko|7\/100\n|-fieldstart|move: Electric Terrain|[from] ability: Electric Surge|[of] p1a: Tapu Koko\n|move|p2a: Staraptor|Brave Bird|p1a: Tapu Koko\n|-resisted|p1a: Tapu Koko\n|-damage|p1a: Tapu Koko|0 fnt\n|faint|p1a: Tapu Koko\n|-damage|p2a: Staraptor|99\/100|[from] Recoil\n|\n|upkeep\n|\n|t:|1700590587\n|switch|p1a: PikaGOD|Pikachu, F, tera:Normal|100\/100\n|turn|11\n|\n|t:|1700590601\n|switch|p2a: Bewear|Bewear, F|91\/100\n|move|p1a: PikaGOD|Fake Out|p2a: Bewear\n|-damage|p2a: Bewear|76\/100\n|\n|upkeep\n|turn|12\n|inactive|Maxer59 has 120 seconds left.\n|\n|t:|1700590657\n|move|p1a: PikaGOD|Volt Switch|p2a: Bewear\n|-damage|p2a: Bewear|31\/100\n|\n|t:|1700590661\n|switch|p1a: Tornadus|Tornadus-Therian, M|68\/100|[from] Volt Switch\n|move|p2a: Bewear|Close Combat|p1a: Tornadus\n|-resisted|p1a: Tornadus\n|-damage|p1a: Tornadus|13\/100\n|-unboost|p2a: Bewear|def|1\n|-unboost|p2a: Bewear|spd|1\n|-damage|p2a: Bewear|21\/100|[from] item: Life Orb\n|\n|upkeep\n|turn|13\n|\n|t:|1700590671\n|move|p1a: Tornadus|U-turn|p2a: Bewear\n|-resisted|p2a: Bewear\n|-damage|p2a: Bewear|15\/100\n|\n|t:|1700590679\n|switch|p1a: Peak of evolution|Crawdaunt, M|100\/100|[from] U-turn\n|move|p2a: Bewear|Body Slam|p1a: Peak of evolution\n|-damage|p1a: Peak of evolution|10\/100\n|-damage|p2a: Bewear|5\/100|[from] item: Life Orb\n|\n|upkeep\n|turn|14\n|\n|t:|1700590689\n|move|p1a: Peak of evolution|Close Combat|p2a: Bewear\n|-supereffective|p2a: Bewear\n|-damage|p2a: Bewear|0 fnt\n|-unboost|p1a: Peak of evolution|def|1\n|-unboost|p1a: Peak of evolution|spd|1\n|faint|p2a: Bewear\n|\n|-fieldend|move: Electric Terrain\n|upkeep\n|\n|t:|1700590701\n|switch|p2a: Staraptor|Staraptor, M|99\/100\n|turn|15\n|inactive|Maxer59 has 120 seconds left.\n|\n|t:|1700590722\n|move|p2a: Staraptor|U-turn|p1a: Peak of evolution\n|-supereffective|p1a: Peak of evolution\n|-damage|p1a: Peak of evolution|0 fnt\n|faint|p1a: Peak of evolution\n|\n|t:|1700590734\n|switch|p2a: Heliolisk|Heliolisk, M|100\/100|[from] U-turn\n|\n|upkeep\n|\n|t:|1700590745\n|switch|p1a: Excalibur is ZZZ|Gallade, M|100\/100\n|turn|16\n|\n|t:|1700590756\n|-terastallize|p2a: Heliolisk|Electric\n|move|p1a: Excalibur is ZZZ|Sacred Sword|p2a: Heliolisk\n|-damage|p2a: Heliolisk|0 fnt\n|faint|p2a: Heliolisk\n|\n|upkeep\n|\n|t:|1700590762\n|switch|p2a: Staraptor|Staraptor, M|99\/100\n|turn|17\n|\n|t:|1700590776\n|move|p1a: Excalibur is ZZZ|Sacred Sword|p2a: Staraptor\n|-damage|p2a: Staraptor|0 fnt\n|faint|p2a: Staraptor\n|\n|win|Maxer59\n|raw|Maxer59's rating: 1235 &rarr; <strong>1254<\/strong><br \/>(+19 for winning)\n|raw|Pristan18's rating: 1143 &rarr; <strong>1124<\/strong><br \/>(-19 for losing)\n|l|\u2606Pristan18\n","uploadtime":1700590784,"views":2,"p1id":"maxer59","p2id":"pristan18","formatid":"gen9nationaldex","rating":1124,"private":0,"password":""}