{"id":"gen9nationaldex-1990039589","p1":"Monkedog","p2":"Applejuicebruh","format":"[Gen 9] National Dex","log":"|j|\u2606Monkedog\n|j|\u203dApplejuicebruh\n|t:|1699918057\n|gametype|singles\n|player|p1|Monkedog|teamrocket|1100\n|player|p2|Applejuicebruh|crasherwake|1134\n|teamsize|p1|6\n|teamsize|p2|6\n|gen|9\n|tier|[Gen 9] National Dex\n|rated|\n|rule|HP Percentage Mod: HP is shown in percentages\n|rule|Endless Battle Clause: Forcing endless battles is banned\n|rule|OHKO Clause: OHKO moves are banned\n|rule|Evasion Clause: Evasion abilities, items, and moves are banned\n|rule|Evasion Abilities Clause: Evasion abilities are banned\n|rule|Evasion Items Clause: Evasion items are banned\n|rule|Evasion Moves Clause: Evasion moves are banned\n|rule|Species Clause: Limit one of each Pok\u00e9mon\n|rule|Sleep Clause Mod: Limit one foe put to sleep\n|clearpoke\n|poke|p1|Bibarel, F|\n|poke|p1|Chandelure, F|\n|poke|p1|Ambipom, M|\n|poke|p1|Azumarill, F|\n|poke|p1|Manectric, F|\n|poke|p1|Amoonguss, F|\n|poke|p2|Beedrill, M|\n|poke|p2|Victini|\n|poke|p2|Togekiss, M|\n|poke|p2|Hawlucha, M|\n|poke|p2|Feraligatr, M|\n|poke|p2|Blastoise, M|\n|teampreview\n|\n|t:|1699918066\n|start\n|switch|p1a: Bibarel|Bibarel, F|100\/100\n|switch|p2a: Victini|Victini|100\/100\n|turn|1\n|\n|t:|1699918075\n|-zpower|p2a: Victini\n|move|p2a: Victini|Z-Celebrate|p2a: Victini|[anim]Celebrate\n|-boost|p2a: Victini|atk|1|[zeffect]\n|-boost|p2a: Victini|def|1|[zeffect]\n|-boost|p2a: Victini|spa|1|[zeffect]\n|-boost|p2a: Victini|spd|1|[zeffect]\n|-boost|p2a: Victini|spe|1|[zeffect]\n|-activate|p2a: Victini|move: Celebrate\n|move|p1a: Bibarel|Swords Dance|p1a: Bibarel\n|-boost|p1a: Bibarel|atk|4\n|\n|upkeep\n|turn|2\n|\n|t:|1699918087\n|move|p2a: Victini|Stored Power|p1a: Bibarel\n|-enditem|p1a: Bibarel|Focus Sash\n|-damage|p1a: Bibarel|1\/100\n|move|p1a: Bibarel|Crunch|p2a: Victini\n|-supereffective|p2a: Victini\n|-damage|p2a: Victini|15\/100\n|\n|upkeep\n|turn|3\n|\n|t:|1699918092\n|move|p1a: Bibarel|Aqua Jet|p2a: Victini\n|-supereffective|p2a: Victini\n|-damage|p2a: Victini|0 fnt\n|faint|p2a: Victini\n|\n|upkeep\n|\n|t:|1699918101\n|switch|p2a: Blastoise|Blastoise, M, shiny|100\/100\n|turn|4\n|\n|t:|1699918107\n|move|p1a: Bibarel|Aqua Jet|p2a: Blastoise\n|-resisted|p2a: Blastoise\n|-damage|p2a: Blastoise|77\/100\n|move|p2a: Blastoise|Shell Smash|p2a: Blastoise\n|-unboost|p2a: Blastoise|def|1\n|-unboost|p2a: Blastoise|spd|1\n|-boost|p2a: Blastoise|atk|2\n|-boost|p2a: Blastoise|spa|2\n|-boost|p2a: Blastoise|spe|2\n|-enditem|p2a: Blastoise|White Herb\n|-clearnegativeboost|p2a: Blastoise|[silent]\n|\n|upkeep\n|turn|5\n|\n|t:|1699918110\n|move|p1a: Bibarel|Aqua Jet|p2a: Blastoise\n|-resisted|p2a: Blastoise\n|-damage|p2a: Blastoise|54\/100\n|move|p2a: Blastoise|Aura Sphere|p1a: Bibarel\n|-supereffective|p1a: Bibarel\n|-damage|p1a: Bibarel|0 fnt\n|faint|p1a: Bibarel\n|\n|upkeep\n|\n|t:|1699918123\n|switch|p1a: Ambipom|Ambipom, M|100\/100\n|turn|6\n|\n|t:|1699918127\n|move|p1a: Ambipom|Fake Out|p2a: Blastoise\n|-damage|p2a: Blastoise|24\/100\n|cant|p2a: Blastoise|flinch\n|\n|upkeep\n|turn|7\n|\n|t:|1699918134\n|move|p2a: Blastoise|Scald|p1a: Ambipom\n|-enditem|p1a: Ambipom|Focus Sash\n|-damage|p1a: Ambipom|1\/100\n|-status|p1a: Ambipom|brn\n|move|p1a: Ambipom|Last Resort|p2a: Blastoise\n|-damage|p2a: Blastoise|0 fnt\n|faint|p2a: Blastoise\n|\n|-damage|p1a: Ambipom|0 fnt|[from] brn\n|faint|p1a: Ambipom\n|upkeep\n|\n|t:|1699918148\n|switch|p1a: Amoonguss|Amoonguss, F|100\/100\n|switch|p2a: Togekiss|Togekiss, M|100\/100\n|turn|8\n|\n|t:|1699918156\n|move|p2a: Togekiss|Ancient Power|p1a: Amoonguss\n|-damage|p1a: Amoonguss|84\/100\n|move|p1a: Amoonguss|Spore|p2a: Togekiss\n|-status|p2a: Togekiss|slp|[from] move: Spore\n|\n|upkeep\n|turn|9\n|\n|t:|1699918161\n|switch|p1a: Manectric|Manectric, F|100\/100\n|cant|p2a: Togekiss|slp\n|\n|upkeep\n|turn|10\n|\n|t:|1699918167\n|detailschange|p1a: Manectric|Manectric-Mega, F\n|-mega|p1a: Manectric|Manectric|Manectite\n|-ability|p1a: Manectric|Intimidate|boost\n|-unboost|p2a: Togekiss|atk|1\n|move|p1a: Manectric|Thunderbolt|p2a: Togekiss\n|-supereffective|p2a: Togekiss\n|-damage|p2a: Togekiss|20\/100 slp\n|cant|p2a: Togekiss|slp\n|\n|upkeep\n|turn|11\n|\n|t:|1699918170\n|move|p1a: Manectric|Volt Switch|p2a: Togekiss\n|-supereffective|p2a: Togekiss\n|-damage|p2a: Togekiss|0 fnt\n|faint|p2a: Togekiss\n|\n|t:|1699918183\n|switch|p1a: Amoonguss|Amoonguss, F|100\/100|[from] Volt Switch\n|\n|upkeep\n|\n|t:|1699918186\n|switch|p2a: Hawlucha|Hawlucha, M, shiny|100\/100\n|turn|12\n|\n|t:|1699918193\n|-terastallize|p2a: Hawlucha|Fighting\n|move|p2a: Hawlucha|Swagger|p1a: Amoonguss\n|-boost|p1a: Amoonguss|atk|2\n|-enditem|p2a: Hawlucha|Mirror Herb\n|-boost|p2a: Hawlucha|atk|2|[from] item: Mirror Herb\n|-start|p1a: Amoonguss|confusion\n|-activate|p1a: Amoonguss|confusion\n|-damage|p1a: Amoonguss|87\/100|[from] confusion\n|\n|upkeep\n|turn|13\n|\n|t:|1699918202\n|move|p2a: Hawlucha|Acrobatics|p1a: Amoonguss\n|-supereffective|p1a: Amoonguss\n|-damage|p1a: Amoonguss|0 fnt\n|faint|p1a: Amoonguss\n|\n|upkeep\n|\n|t:|1699918214\n|switch|p1a: Azumarill|Azumarill, F|100\/100\n|turn|14\n|\n|t:|1699918222\n|move|p1a: Azumarill|Aqua Jet|p2a: Hawlucha\n|-damage|p2a: Hawlucha|43\/100\n|move|p2a: Hawlucha|Poison Jab|p1a: Azumarill\n|-supereffective|p1a: Azumarill\n|-damage|p1a: Azumarill|0 fnt\n|faint|p1a: Azumarill\n|\n|upkeep\n|-message|Monkedog forfeited.\n|\n|win|Applejuicebruh\n|raw|Monkedog's rating: 1100 &rarr; <strong>1077<\/strong><br \/>(-23 for losing)\n|raw|Applejuicebruh's rating: 1134 &rarr; <strong>1157<\/strong><br \/>(+23 for winning)\n|l|\u2606Monkedog\n","uploadtime":1699918235,"views":10,"p1id":"monkedog","p2id":"applejuicebruh","formatid":"gen9nationaldex","rating":1077,"private":0,"password":""}