{"id":"gen9nationaldex-1996193286","p1":"shfeha","p2":"Jakob Schwarz","format":"[Gen 9] National Dex","log":"|html|<div class=\"broadcast-blue\"><strong>[Gen 9] National Dex is currently suspecting Sneasler! For information on how to participate check out the <a href=\"https:\/\/www.smogon.com\/forums\/threads\/sv-national-dex-suspect-8-just-dance.3731534\/\">suspect thread<\/a>.<\/strong><\/div>\n|j|\u2606shfeha\n|j|\u2606Jakob Schwarz\n|t:|1700657482\n|gametype|singles\n|player|p1|shfeha|cyclist|1101\n|player|p2|Jakob Schwarz|pokemaniac|1127\n|teamsize|p1|6\n|teamsize|p2|6\n|gen|9\n|tier|[Gen 9] National Dex\n|rated|\n|rule|HP Percentage Mod: HP is shown in percentages\n|rule|Endless Battle Clause: Forcing endless battles is banned\n|rule|OHKO Clause: OHKO moves are banned\n|rule|Evasion Clause: Evasion abilities, items, and moves are banned\n|rule|Evasion Abilities Clause: Evasion abilities are banned\n|rule|Evasion Items Clause: Evasion items are banned\n|rule|Evasion Moves Clause: Evasion moves are banned\n|rule|Species Clause: Limit one of each Pok\u00e9mon\n|rule|Sleep Clause Mod: Limit one foe put to sleep\n|clearpoke\n|poke|p1|Rillaboom, F|\n|poke|p1|Urshifu-*, M|\n|poke|p1|Diancie|\n|poke|p1|Lokix, F|\n|poke|p1|Zapdos|\n|poke|p1|Aegislash, F|\n|poke|p2|Infernape, M|\n|poke|p2|Rillaboom, F|\n|poke|p2|Munkidori, M|\n|poke|p2|Zarude-Dada|\n|poke|p2|Darmanitan, F|\n|poke|p2|Ambipom, M|\n|teampreview\n|inactive|Battle timer is ON: inactive players will automatically lose when time's up. (requested by Jakob Schwarz)\n|inactive|shfeha also wants the timer to be on.\n|\n|t:|1700657491\n|start\n|switch|p1a: Aegislash|Aegislash, F|100\/100\n|switch|p2a: Zarude|Zarude-Dada|100\/100\n|turn|1\n|inactive|Jakob Schwarz has 120 seconds left.\n|\n|t:|1700657531\n|move|p1a: Aegislash|King's Shield|p1a: Aegislash\n|-singleturn|p1a: Aegislash|Protect\n|move|p2a: Zarude|Knock Off|p1a: Aegislash\n|-activate|p1a: Aegislash|move: Protect\n|-unboost|p2a: Zarude|atk|1\n|\n|upkeep\n|turn|2\n|\n|t:|1700657537\n|move|p2a: Zarude|Knock Off|p1a: Aegislash\n|-supereffective|p1a: Aegislash\n|-damage|p1a: Aegislash|50\/100\n|-enditem|p1a: Aegislash|Leftovers|[from] move: Knock Off|[of] p2a: Zarude\n|-formechange|p1a: Aegislash|Aegislash-Blade||[from] ability: Stance Change\n|move|p1a: Aegislash|Sacred Sword|p2a: Zarude\n|-supereffective|p2a: Zarude\n|-damage|p2a: Zarude|29\/100\n|\n|upkeep\n|turn|3\n|\n|t:|1700657560\n|switch|p2a: Ambipom|Ambipom, M|100\/100\n|switch|p1a: Rillaboom|Rillaboom, F, shiny|100\/100\n|-fieldstart|move: Grassy Terrain|[from] ability: Grassy Surge|[of] p1a: Rillaboom\n|\n|upkeep\n|turn|4\n|\n|t:|1700657573\n|switch|p1a: Aegislash|Aegislash, F|50\/100\n|move|p2a: Ambipom|Double Hit|p1a: Aegislash\n|-immune|p1a: Aegislash\n|\n|-heal|p1a: Aegislash|57\/100|[from] Grassy Terrain\n|upkeep\n|turn|5\n|\n|t:|1700657580\n|switch|p2a: Infernape|Infernape, M|100\/100\n|move|p1a: Aegislash|King's Shield||[still]\n|-fail|p1a: Aegislash\n|\n|-heal|p1a: Aegislash|63\/100|[from] Grassy Terrain\n|upkeep\n|turn|6\n|\n|t:|1700657589\n|switch|p1a: Diancie|Diancie|100\/100\n|move|p2a: Infernape|Fire Punch|p1a: Diancie\n|-resisted|p1a: Diancie\n|-damage|p1a: Diancie|67\/100\n|\n|-heal|p1a: Diancie|73\/100|[from] Grassy Terrain\n|upkeep\n|turn|7\n|\n|t:|1700657603\n|switch|p2a: Rillaboom|Rillaboom, F|100\/100\n|detailschange|p1a: Diancie|Diancie-Mega\n|-mega|p1a: Diancie|Diancie|Diancite\n|move|p1a: Diancie|Diamond Storm|p2a: Rillaboom\n|-damage|p2a: Rillaboom|48\/100\n|\n|-heal|p1a: Diancie|79\/100|[from] Grassy Terrain\n|-heal|p2a: Rillaboom|54\/100|[from] Grassy Terrain\n|-fieldend|move: Grassy Terrain\n|upkeep\n|turn|8\n|\n|t:|1700657616\n|switch|p2a: Zarude|Zarude-Dada|29\/100\n|move|p1a: Diancie|Mystical Fire|p2a: Zarude\n|-supereffective|p2a: Zarude\n|-damage|p2a: Zarude|0 fnt\n|faint|p2a: Zarude\n|\n|upkeep\n|\n|t:|1700657623\n|switch|p2a: Rillaboom|Rillaboom, F|54\/100\n|-fieldstart|move: Grassy Terrain|[from] ability: Grassy Surge|[of] p2a: Rillaboom\n|turn|9\n|\n|t:|1700657627\n|switch|p1a: Zapdos|Zapdos, shiny|100\/100\n|move|p2a: Rillaboom|Grassy Glide|p1a: Zapdos\n|-resisted|p1a: Zapdos\n|-damage|p1a: Zapdos|75\/100\n|-status|p2a: Rillaboom|par|[from] ability: Static|[of] p1a: Zapdos\n|\n|-heal|p2a: Rillaboom|60\/100 par|[from] Grassy Terrain\n|upkeep\n|turn|10\n|-message|Jakob Schwarz forfeited.\n|\n|win|shfeha\n|raw|shfeha's rating: 1101 &rarr; <strong>1128<\/strong><br \/>(+27 for winning)\n|raw|Jakob Schwarz's rating: 1127 &rarr; <strong>1100<\/strong><br \/>(-27 for losing)\n|l|\u2606Jakob Schwarz\n","uploadtime":1700657636,"views":9,"p1id":"shfeha","p2id":"jakobschwarz","formatid":"gen9nationaldex","rating":1100,"private":0,"password":""}