{"id":"gen9nationaldex-1993484213","p1":"tsukishirohinami\u6708\u767d","p2":"KangWS","format":"[Gen 9] National Dex","log":"|j|\u2606tsukishirohinami\u6708\u767d\n|j|\u2606KangWS\n|t:|1700323438\n|gametype|singles\n|player|p1|tsukishirohinami\u6708\u767d|allister-masters|1625\n|player|p2|KangWS|clerkf|1549\n|teamsize|p1|6\n|teamsize|p2|6\n|gen|9\n|tier|[Gen 9] National Dex\n|rated|\n|rule|HP Percentage Mod: HP is shown in percentages\n|rule|Endless Battle Clause: Forcing endless battles is banned\n|rule|OHKO Clause: OHKO moves are banned\n|rule|Evasion Clause: Evasion abilities, items, and moves are banned\n|rule|Evasion Abilities Clause: Evasion abilities are banned\n|rule|Evasion Items Clause: Evasion items are banned\n|rule|Evasion Moves Clause: Evasion moves are banned\n|rule|Species Clause: Limit one of each Pok\u00e9mon\n|rule|Sleep Clause Mod: Limit one foe put to sleep\n|clearpoke\n|poke|p1|Pidgeot, F|\n|poke|p1|Glimmora, F|\n|poke|p1|Aegislash, F|\n|poke|p1|Ogerpon-Wellspring, F|\n|poke|p1|Hatterene, F|\n|poke|p1|Zamazenta-*|\n|poke|p2|Banette, M|\n|poke|p2|Hoopa-Unbound|\n|poke|p2|Zeraora|\n|poke|p2|Alomomola, F|\n|poke|p2|Slowking-Galar, M|\n|poke|p2|Moltres|\n|teampreview\n|inactive|Battle timer is ON: inactive players will automatically lose when time's up. (requested by tsukishirohinami\u6708\u767d)\n|\n|t:|1700323457\n|start\n|switch|p1a: Aegislash|Aegislash, F, shiny|100\/100\n|switch|p2a: Hoopa|Hoopa-Unbound|100\/100\n|turn|1\n|\n|t:|1700323463\n|switch|p1a: Zamazenta|Zamazenta|100\/100\n|-ability|p1a: Zamazenta|Dauntless Shield|boost\n|-boost|p1a: Zamazenta|def|1\n|move|p2a: Hoopa|Hyperspace Fury|p1a: Zamazenta\n|-resisted|p1a: Zamazenta\n|-crit|p1a: Zamazenta\n|-damage|p1a: Zamazenta|35\/100\n|-unboost|p2a: Hoopa|def|1\n|\n|upkeep\n|turn|2\n|\n|t:|1700323473\n|switch|p2a: Alomomola|Alomomola, F, shiny|100\/100\n|move|p1a: Zamazenta|Crunch|p2a: Alomomola\n|-damage|p2a: Alomomola|80\/100\n|-unboost|p2a: Alomomola|def|1\n|-damage|p1a: Zamazenta|18\/100|[from] item: Rocky Helmet|[of] p2a: Alomomola\n|\n|upkeep\n|turn|3\n|\n|t:|1700323480\n|switch|p1a: Glimmora|Glimmora, F|100\/100\n|move|p2a: Alomomola|Flip Turn|p1a: Glimmora\n|-supereffective|p1a: Glimmora\n|-crit|p1a: Glimmora\n|-damage|p1a: Glimmora|44\/100\n|-activate|p1a: Glimmora|ability: Toxic Debris\n|-sidestart|p2: KangWS|move: Toxic Spikes\n|\n|t:|1700323490\n|switch|p2a: Slowking|Slowking-Galar, M, shiny|100\/100|[from] Flip Turn\n|-sideend|p2: KangWS|move: Toxic Spikes|[of] p2a: Slowking\n|\n|upkeep\n|turn|4\n|\n|t:|1700323501\n|switch|p2a: Hoopa|Hoopa-Unbound|100\/100\n|move|p1a: Glimmora|Stealth Rock|p2a: Hoopa\n|-sidestart|p2: KangWS|move: Stealth Rock\n|\n|upkeep\n|turn|5\n|\n|t:|1700323508\n|move|p1a: Glimmora|Mortal Spin|p2a: Hoopa\n|-damage|p2a: Hoopa|90\/100\n|-status|p2a: Hoopa|psn\n|move|p2a: Hoopa|Hyperspace Fury|p1a: Glimmora\n|-damage|p1a: Glimmora|0 fnt\n|-unboost|p2a: Hoopa|def|1\n|-activate|p1a: Glimmora|ability: Toxic Debris\n|-sidestart|p2: KangWS|move: Toxic Spikes\n|faint|p1a: Glimmora\n|\n|-damage|p2a: Hoopa|77\/100 psn|[from] psn\n|upkeep\n|\n|t:|1700323514\n|switch|p1a: Pidgeot|Pidgeot, F, shiny|100\/100\n|turn|6\n|\n|t:|1700323526\n|switch|p2a: Moltres|Moltres|100\/100\n|detailschange|p1a: Pidgeot|Pidgeot-Mega, F, shiny\n|-mega|p1a: Pidgeot|Pidgeot|Pidgeotite\n|move|p1a: Pidgeot|U-turn|p2a: Moltres\n|-resisted|p2a: Moltres\n|-damage|p2a: Moltres|98\/100\n|\n|t:|1700323533\n|switch|p1a: Ogerpon|Ogerpon-Wellspring, F|100\/100|[from] U-turn\n|\n|upkeep\n|turn|7\n|\n|t:|1700323546\n|-terastallize|p2a: Moltres|Dragon\n|move|p1a: Ogerpon|Swords Dance|p1a: Ogerpon\n|-boost|p1a: Ogerpon|atk|2\n|move|p2a: Moltres|Air Slash|p1a: Ogerpon\n|-supereffective|p1a: Ogerpon\n|-crit|p1a: Ogerpon\n|-damage|p1a: Ogerpon|0 fnt\n|faint|p1a: Ogerpon\n|\n|upkeep\n|\n|t:|1700323551\n|switch|p1a: Aegislash|Aegislash, F, shiny|100\/100\n|turn|8\n|\n|t:|1700323558\n|move|p2a: Moltres|Defog|p1a: Aegislash\n|-unboost|p1a: Aegislash|evasion|1\n|-sideend|p2: KangWS|Toxic Spikes|[from] move: Defog|[of] p2a: Moltres\n|-sideend|p2: KangWS|Stealth Rock|[from] move: Defog|[of] p2a: Moltres\n|-zpower|p1a: Aegislash\n|-formechange|p1a: Aegislash|Aegislash-Blade||[from] ability: Stance Change\n|move|p1a: Aegislash|Never-Ending Nightmare|p2a: Moltres|[zeffect]\n|-damage|p2a: Moltres|30\/100\n|\n|upkeep\n|turn|9\n|\n|t:|1700323571\n|switch|p2a: Alomomola|Alomomola, F, shiny|100\/100\n|move|p1a: Aegislash|Shadow Ball|p2a: Alomomola\n|-damage|p2a: Alomomola|42\/100\n|-unboost|p2a: Alomomola|spd|1\n|\n|upkeep\n|turn|10\n|\n|t:|1700323595\n|switch|p2a: Zeraora|Zeraora|100\/100\n|move|p1a: Aegislash|Shadow Ball|p2a: Zeraora\n|-damage|p2a: Zeraora|42\/100\n|\n|upkeep\n|turn|11\n|\n|t:|1700323602\n|-formechange|p1a: Aegislash|Aegislash||[from] ability: Stance Change\n|move|p1a: Aegislash|King's Shield|p1a: Aegislash\n|-singleturn|p1a: Aegislash|Protect\n|move|p2a: Zeraora|Thunderbolt|p1a: Aegislash\n|-activate|p1a: Aegislash|move: Protect\n|\n|upkeep\n|turn|12\n|\n|t:|1700323612\n|move|p2a: Zeraora|Thunderbolt|p1a: Aegislash\n|-damage|p1a: Aegislash|62\/100\n|-damage|p2a: Zeraora|32\/100|[from] item: Life Orb\n|-formechange|p1a: Aegislash|Aegislash-Blade||[from] ability: Stance Change\n|move|p1a: Aegislash|Shadow Ball|p2a: Zeraora\n|-damage|p2a: Zeraora|0 fnt\n|faint|p2a: Zeraora\n|\n|upkeep\n|\n|t:|1700323622\n|switch|p2a: Hoopa|Hoopa-Unbound|77\/100 psn\n|turn|13\n|\n|t:|1700323626\n|switch|p1a: Zamazenta|Zamazenta|18\/100\n|move|p2a: Hoopa|Hyperspace Fury|p1a: Zamazenta\n|-resisted|p1a: Zamazenta\n|-damage|p1a: Zamazenta|0 fnt\n|-unboost|p2a: Hoopa|def|1\n|faint|p1a: Zamazenta\n|\n|-damage|p2a: Hoopa|65\/100 psn|[from] psn\n|upkeep\n|\n|t:|1700323629\n|switch|p1a: Pidgeot|Pidgeot-Mega, F, shiny|100\/100\n|turn|14\n|\n|t:|1700323640\n|switch|p2a: Banette|Banette, M|100\/100\n|-item|p1a: Pidgeot|Pidgeotite|[from] ability: Frisk|[of] p2a: Banette|[identify]\n|move|p1a: Pidgeot|Hurricane|p2a: Banette\n|-damage|p2a: Banette|4\/100\n|\n|upkeep\n|turn|15\n|\n|t:|1700323651\n|switch|p1a: Aegislash|Aegislash, F, shiny|62\/100\n|detailschange|p2a: Banette|Banette-Mega, M\n|-mega|p2a: Banette|Banette|Banettite\n|move|p2a: Banette|Destiny Bond|p2a: Banette\n|-singlemove|p2a: Banette|Destiny Bond\n|\n|upkeep\n|turn|16\n|\n|t:|1700323661\n|move|p1a: Aegislash|King's Shield|p1a: Aegislash\n|-singleturn|p1a: Aegislash|Protect\n|move|p2a: Banette|Poltergeist|p1a: Aegislash\n|-activate|p1a: Aegislash|move: Protect\n|\n|upkeep\n|turn|17\n|\n|t:|1700323677\n|switch|p1a: Pidgeot|Pidgeot-Mega, F, shiny|100\/100\n|move|p2a: Banette|Destiny Bond|p2a: Banette\n|-singlemove|p2a: Banette|Destiny Bond\n|\n|upkeep\n|turn|18\n|\n|t:|1700323693\n|switch|p1a: Hatterene|Hatterene, F, shiny|100\/100\n|move|p2a: Banette|Poltergeist|p1a: Hatterene\n|-activate|p1a: Hatterene|move: Poltergeist|Leftovers\n|-supereffective|p1a: Hatterene\n|-damage|p1a: Hatterene|0 fnt\n|faint|p1a: Hatterene\n|\n|upkeep\n|\n|t:|1700323695\n|switch|p1a: Aegislash|Aegislash, F, shiny|62\/100\n|turn|19\n|\n|t:|1700323702\n|move|p2a: Banette|Destiny Bond|p2a: Banette\n|-singlemove|p2a: Banette|Destiny Bond\n|-formechange|p1a: Aegislash|Aegislash-Blade||[from] ability: Stance Change\n|move|p1a: Aegislash|Shadow Sneak|p2a: Banette\n|-supereffective|p2a: Banette\n|-damage|p2a: Banette|0 fnt\n|faint|p2a: Banette\n|-activate|p2a: Banette|move: Destiny Bond\n|faint|p1a: Aegislash\n|\n|upkeep\n|\n|t:|1700323717\n|switch|p2a: Alomomola|Alomomola, F, shiny|75\/100\n|switch|p1a: Pidgeot|Pidgeot-Mega, F, shiny|100\/100\n|turn|20\n|\n|t:|1700323736\n|move|p1a: Pidgeot|Hurricane|p2a: Alomomola\n|-damage|p2a: Alomomola|3\/100\n|move|p2a: Alomomola|Wish|p2a: Alomomola\n|\n|upkeep\n|turn|21\n|j| PQPP214\n|l| PQPP214\n|\n|t:|1700323755\n|switch|p2a: Moltres|Moltres, tera:Dragon|30\/100\n|move|p1a: Pidgeot|Hurricane|p2a: Moltres\n|-damage|p2a: Moltres|0 fnt\n|faint|p2a: Moltres\n|\n|upkeep\n|\n|t:|1700323762\n|switch|p2a: Slowking|Slowking-Galar, M, shiny|100\/100\n|turn|22\n|\n|t:|1700323769\n|move|p1a: Pidgeot|Hurricane|p2a: Slowking\n|-damage|p2a: Slowking|55\/100\n|-start|p2a: Slowking|confusion\n|-activate|p2a: Slowking|confusion\n|move|p2a: Slowking|Ice Beam|p1a: Pidgeot\n|-supereffective|p1a: Pidgeot\n|-damage|p1a: Pidgeot|43\/100\n|\n|-heal|p2a: Slowking|61\/100|[from] item: Leftovers\n|upkeep\n|turn|23\n|\n|t:|1700323781\n|switch|p2a: Alomomola|Alomomola, F, shiny|37\/100\n|move|p1a: Pidgeot|Hurricane|p2a: Alomomola\n|-damage|p2a: Alomomola|0 fnt\n|faint|p2a: Alomomola\n|\n|upkeep\n|\n|t:|1700323787\n|switch|p2a: Slowking|Slowking-Galar, M, shiny|94\/100\n|turn|24\n|\n|t:|1700323790\n|move|p1a: Pidgeot|Hurricane|p2a: Slowking\n|-damage|p2a: Slowking|46\/100\n|-start|p2a: Slowking|confusion\n|-activate|p2a: Slowking|confusion\n|move|p2a: Slowking|Ice Beam|p1a: Pidgeot\n|-supereffective|p1a: Pidgeot\n|-damage|p1a: Pidgeot|0 fnt\n|faint|p1a: Pidgeot\n|\n|win|KangWS\n|raw|tsukishirohinami\u6708\u767d's rating: 1625 &rarr; <strong>1601<\/strong><br \/>(-24 for losing)\n|raw|KangWS's rating: 1549 &rarr; <strong>1573<\/strong><br \/>(+24 for winning)\n|l|\u2606tsukishirohinami\u6708\u767d\n","uploadtime":1700323800,"views":9,"p1id":"tsukishirohinami","p2id":"kangws","formatid":"gen9nationaldex","rating":1573,"private":0,"password":""}