{"id":"gen9nationaldex-1990089868","p1":"Applejuicebruh","p2":"mrSetekh","format":"[Gen 9] National Dex","log":"|j|\u203dApplejuicebruh\n|j|\u2606mrSetekh\n|t:|1699923434\n|gametype|singles\n|player|p1|Applejuicebruh|crasherwake|1129\n|player|p2|mrSetekh|n|1136\n|teamsize|p1|6\n|teamsize|p2|6\n|gen|9\n|tier|[Gen 9] National Dex\n|rated|\n|rule|HP Percentage Mod: HP is shown in percentages\n|rule|Endless Battle Clause: Forcing endless battles is banned\n|rule|OHKO Clause: OHKO moves are banned\n|rule|Evasion Clause: Evasion abilities, items, and moves are banned\n|rule|Evasion Abilities Clause: Evasion abilities are banned\n|rule|Evasion Items Clause: Evasion items are banned\n|rule|Evasion Moves Clause: Evasion moves are banned\n|rule|Species Clause: Limit one of each Pok\u00e9mon\n|rule|Sleep Clause Mod: Limit one foe put to sleep\n|clearpoke\n|poke|p1|Beedrill, M|\n|poke|p1|Victini|\n|poke|p1|Togekiss, M|\n|poke|p1|Hawlucha, M|\n|poke|p1|Feraligatr, M|\n|poke|p1|Blastoise, M|\n|poke|p2|Venusaur, M|\n|poke|p2|Ferrothorn, M|\n|poke|p2|Breloom, M|\n|poke|p2|Ludicolo, M|\n|poke|p2|Cradily, F|\n|poke|p2|Rillaboom, F|\n|teampreview\n|\n|t:|1699923452\n|start\n|switch|p1a: Victini|Victini|100\/100\n|switch|p2a: Cradily|Cradily, F|100\/100\n|turn|1\n|\n|t:|1699923463\n|-terastallize|p2a: Cradily|Rock\n|-zpower|p1a: Victini\n|move|p1a: Victini|Z-Celebrate|p1a: Victini|[anim]Celebrate\n|-boost|p1a: Victini|atk|1|[zeffect]\n|-boost|p1a: Victini|def|1|[zeffect]\n|-boost|p1a: Victini|spa|1|[zeffect]\n|-boost|p1a: Victini|spd|1|[zeffect]\n|-boost|p1a: Victini|spe|1|[zeffect]\n|-activate|p1a: Victini|move: Celebrate\n|move|p2a: Cradily|Toxic|p1a: Victini\n|-status|p1a: Victini|tox\n|\n|-damage|p1a: Victini|94\/100 tox|[from] psn\n|upkeep\n|turn|2\n|\n|t:|1699923477\n|move|p1a: Victini|Stored Power|p2a: Cradily\n|-damage|p2a: Cradily|44\/100\n|move|p2a: Cradily|Rock Slide|p1a: Victini|[miss]\n|-miss|p2a: Cradily|p1a: Victini\n|\n|-heal|p2a: Cradily|50\/100|[from] item: Leftovers\n|-damage|p1a: Victini|82\/100 tox|[from] psn\n|upkeep\n|turn|3\n|c|\u2606mrSetekh|a\n|\n|t:|1699923485\n|move|p1a: Victini|Stored Power|p2a: Cradily\n|-damage|p2a: Cradily|0 fnt\n|faint|p2a: Cradily\n|\n|-damage|p1a: Victini|64\/100 tox|[from] psn\n|upkeep\n|\n|t:|1699923513\n|switch|p2a: Ludicolo|Ludicolo, M|100\/100\n|turn|4\n|\n|t:|1699923521\n|move|p1a: Victini|Flamethrower|p2a: Ludicolo\n|-damage|p2a: Ludicolo|25\/100\n|move|p2a: Ludicolo|Rain Dance|p2a: Ludicolo\n|-weather|RainDance\n|\n|-weather|RainDance|[upkeep]\n|-damage|p1a: Victini|39\/100 tox|[from] psn\n|upkeep\n|turn|5\n|\n|t:|1699923528\n|move|p2a: Ludicolo|Scald|p1a: Victini\n|-supereffective|p1a: Victini\n|-crit|p1a: Victini\n|-damage|p1a: Victini|0 fnt\n|faint|p1a: Victini\n|-damage|p2a: Ludicolo|15\/100|[from] item: Life Orb\n|\n|-weather|RainDance|[upkeep]\n|upkeep\n|\n|t:|1699923532\n|switch|p1a: Beedrill|Beedrill, M, shiny|100\/100\n|turn|6\n|\n|t:|1699923557\n|detailschange|p1a: Beedrill|Beedrill-Mega, M, shiny\n|-mega|p1a: Beedrill|Beedrill|Beedrillite\n|move|p2a: Ludicolo|Scald|p1a: Beedrill\n|-damage|p1a: Beedrill|0 fnt\n|faint|p1a: Beedrill\n|-damage|p2a: Ludicolo|6\/100|[from] item: Life Orb\n|\n|-weather|RainDance|[upkeep]\n|upkeep\n|\n|t:|1699923564\n|switch|p1a: Togekiss|Togekiss, M|100\/100\n|turn|7\n|\n|t:|1699923567\n|move|p2a: Ludicolo|Ice Beam|p1a: Togekiss\n|-supereffective|p1a: Togekiss\n|-damage|p1a: Togekiss|39\/100\n|-damage|p2a: Ludicolo|0 fnt|[from] item: Life Orb\n|faint|p2a: Ludicolo\n|move|p1a: Togekiss|Ancient Power|p2: Ludicolo|[notarget]\n|-fail|p1a: Togekiss\n|\n|-weather|RainDance|[upkeep]\n|upkeep\n|\n|t:|1699923579\n|switch|p2a: Ferrothorn|Ferrothorn, M|100\/100\n|turn|8\n|\n|t:|1699923583\n|move|p1a: Togekiss|Ancient Power|p2a: Ferrothorn\n|-resisted|p2a: Ferrothorn\n|-damage|p2a: Ferrothorn|93\/100\n|move|p2a: Ferrothorn|Stealth Rock|p1a: Togekiss\n|-sidestart|p1: Applejuicebruh|move: Stealth Rock\n|\n|-weather|none\n|-heal|p2a: Ferrothorn|99\/100|[from] item: Leftovers\n|upkeep\n|turn|9\n|\n|t:|1699923590\n|move|p1a: Togekiss|Ancient Power|p2a: Ferrothorn\n|-resisted|p2a: Ferrothorn\n|-damage|p2a: Ferrothorn|92\/100\n|move|p2a: Ferrothorn|Leech Seed|p1a: Togekiss\n|-start|p1a: Togekiss|move: Leech Seed\n|\n|-heal|p2a: Ferrothorn|99\/100|[from] item: Leftovers\n|-damage|p1a: Togekiss|26\/100|[from] Leech Seed|[of] p2a: Ferrothorn\n|-heal|p2a: Ferrothorn|100\/100|[silent]\n|upkeep\n|turn|10\n|\n|t:|1699923597\n|move|p1a: Togekiss|Ancient Power|p2a: Ferrothorn\n|-resisted|p2a: Ferrothorn\n|-damage|p2a: Ferrothorn|94\/100\n|move|p2a: Ferrothorn|Gyro Ball|p1a: Togekiss\n|-supereffective|p1a: Togekiss\n|-damage|p1a: Togekiss|0 fnt\n|faint|p1a: Togekiss\n|\n|-heal|p2a: Ferrothorn|99\/100|[from] item: Leftovers\n|upkeep\n|\n|t:|1699923601\n|switch|p1a: Hawlucha|Hawlucha, M, shiny|100\/100\n|-damage|p1a: Hawlucha|88\/100|[from] Stealth Rock\n|turn|11\n|\n|t:|1699923617\n|move|p1a: Hawlucha|Swagger|p2a: Ferrothorn\n|-boost|p2a: Ferrothorn|atk|2\n|-enditem|p1a: Hawlucha|Mirror Herb\n|-boost|p1a: Hawlucha|atk|2|[from] item: Mirror Herb\n|-start|p2a: Ferrothorn|confusion\n|-activate|p2a: Ferrothorn|confusion\n|-damage|p2a: Ferrothorn|89\/100|[from] confusion\n|\n|-heal|p2a: Ferrothorn|95\/100|[from] item: Leftovers\n|upkeep\n|turn|12\n|\n|t:|1699923627\n|-terastallize|p1a: Hawlucha|Fighting\n|move|p1a: Hawlucha|Drain Punch|p2a: Ferrothorn\n|-supereffective|p2a: Ferrothorn\n|-damage|p2a: Ferrothorn|0 fnt\n|-heal|p1a: Hawlucha|100\/100|[from] drain|[of] p2a: Ferrothorn\n|-damage|p1a: Hawlucha|88\/100|[from] ability: Iron Barbs|[of] p2a: Ferrothorn\n|faint|p2a: Ferrothorn\n|\n|upkeep\n|\n|t:|1699923645\n|switch|p2a: Breloom|Breloom, M|100\/100\n|turn|13\n|\n|t:|1699923654\n|move|p1a: Hawlucha|Acrobatics|p2a: Breloom\n|-supereffective|p2a: Breloom\n|-enditem|p2a: Breloom|Focus Sash\n|-damage|p2a: Breloom|1\/100\n|move|p2a: Breloom|Spore|p1a: Hawlucha\n|-status|p1a: Hawlucha|slp|[from] move: Spore\n|\n|upkeep\n|turn|14\n|\n|t:|1699923662\n|cant|p1a: Hawlucha|slp\n|move|p2a: Breloom|Swords Dance|p2a: Breloom\n|-boost|p2a: Breloom|atk|2\n|\n|upkeep\n|turn|15\n|\n|t:|1699923667\n|-curestatus|p1a: Hawlucha|slp|[msg]\n|move|p1a: Hawlucha|Acrobatics|p2a: Breloom\n|-supereffective|p2a: Breloom\n|-damage|p2a: Breloom|0 fnt\n|faint|p2a: Breloom\n|\n|upkeep\n|c|\u2606mrSetekh|lucky\n|-message|mrSetekh forfeited.\n|\n|win|Applejuicebruh\n|raw|Applejuicebruh's rating: 1129 &rarr; <strong>1155<\/strong><br \/>(+26 for winning)\n|raw|mrSetekh's rating: 1136 &rarr; <strong>1110<\/strong><br \/>(-26 for losing)\n|l|\u2606mrSetekh\n","uploadtime":1699923697,"views":9,"p1id":"applejuicebruh","p2id":"mrsetekh","formatid":"gen9nationaldex","rating":1110,"private":0,"password":""}