{"id":"gen9nationaldex-1990197082","p1":"tacticalnoob85","p2":"BigMeal","format":"[Gen 9] National Dex","log":"|j|\u2606tacticalnoob85\n|j|\u2606BigMeal\n|t:|1699935940\n|gametype|singles\n|player|p1|tacticalnoob85|265|\n|player|p2|BigMeal|169|\n|teamsize|p1|6\n|teamsize|p2|6\n|gen|9\n|tier|[Gen 9] National Dex\n|rule|HP Percentage Mod: HP is shown in percentages\n|rule|Endless Battle Clause: Forcing endless battles is banned\n|rule|OHKO Clause: OHKO moves are banned\n|rule|Evasion Clause: Evasion abilities, items, and moves are banned\n|rule|Evasion Abilities Clause: Evasion abilities are banned\n|rule|Evasion Items Clause: Evasion items are banned\n|rule|Evasion Moves Clause: Evasion moves are banned\n|rule|Species Clause: Limit one of each Pok\u00e9mon\n|rule|Sleep Clause Mod: Limit one foe put to sleep\n|clearpoke\n|poke|p1|Tapu Lele|\n|poke|p1|Lopunny, M|\n|poke|p1|Slowbro, F|\n|poke|p1|Ninetales, M|\n|poke|p1|Zoroark-Hisui, M|\n|poke|p1|Sandy Shocks|\n|poke|p2|Hippowdon, M|\n|poke|p2|Excadrill, M|\n|poke|p2|Kartana|\n|poke|p2|Kommo-o, F|\n|poke|p2|Sharpedo, F|\n|poke|p2|Chandelure, M|\n|teampreview\n|\n|t:|1699936024\n|start\n|switch|p1a: Lopunny|Lopunny, M, shiny|100\/100\n|switch|p2a: Sharpedo|Sharpedo, F|100\/100\n|turn|1\n|\n|t:|1699936046\n|move|p2a: Sharpedo|Protect|p2a: Sharpedo\n|-singleturn|p2a: Sharpedo|Protect\n|move|p1a: Lopunny|Agility|p1a: Lopunny\n|-boost|p1a: Lopunny|spe|2\n|\n|-ability|p2a: Sharpedo|Speed Boost|boost\n|-boost|p2a: Sharpedo|spe|1\n|upkeep\n|turn|2\n|\n|t:|1699936150\n|switch|p2a: Chandelure|Chandelure, M|100\/100\n|detailschange|p1a: Lopunny|Lopunny-Mega, M, shiny\n|-mega|p1a: Lopunny|Lopunny|Lopunnite\n|move|p1a: Lopunny|Close Combat|p2a: Chandelure\n|-damage|p2a: Chandelure|0 fnt\n|-unboost|p1a: Lopunny|def|1\n|-unboost|p1a: Lopunny|spd|1\n|faint|p2a: Chandelure\n|\n|upkeep\n|c|\u2606BigMeal|ouch\n|c|\u2606BigMeal|gg\n|c|\u2606tacticalnoob85|cmon\n|c|\u2606BigMeal|no prep for g2 ig\n|\n|t:|1699936182\n|switch|p2a: Hippowdon|Hippowdon, M|100\/100\n|-weather|Sandstorm|[from] ability: Sand Stream|[of] p2a: Hippowdon\n|turn|3\n|j| Lopunny bad af\n|j| Matts Mommy\n|l| Lopunny bad af\n|\n|t:|1699936210\n|move|p1a: Lopunny|Triple Axel|p2a: Hippowdon|[miss]\n|-miss|p1a: Lopunny|p2a: Hippowdon\n|move|p2a: Hippowdon|Whirlwind|p1a: Lopunny\n|drag|p1a: Ninetales|Ninetales, M|100\/100\n|-weather|SunnyDay|[from] ability: Drought|[of] p1a: Ninetales\n|\n|-weather|SunnyDay|[upkeep]\n|upkeep\n|turn|4\n|c|\u2606tacticalnoob85|pain\n|\n|t:|1699936301\n|switch|p2a: Kommo-o|Kommo-o, F|100\/100\n|-terastallize|p1a: Ninetales|Grass\n|move|p1a: Ninetales|Solar Beam||[still]\n|-prepare|p1a: Ninetales|Solar Beam\n|-anim|p1a: Ninetales|Solar Beam|p2a: Kommo-o\n|-resisted|p2a: Kommo-o\n|-damage|p2a: Kommo-o|74\/100\n|\n|-weather|SunnyDay|[upkeep]\n|upkeep\n|turn|5\n|l| Matts Mommy\n|j| Matts Mommy\n|j| Ninetails gyatt\n|l| Ninetails gyatt\n|j| Schiroj11\n|j| Lopunny in my mouf\n|l| Matts Mommy\n|l| Lopunny in my mouf\n|j| Matts Mommy\n|\n|t:|1699936427\n|switch|p1a: Tapu Lele|Tapu Lele|100\/100\n|-fieldstart|move: Psychic Terrain|[from] ability: Psychic Surge|[of] p1a: Tapu Lele\n|move|p2a: Kommo-o|Flamethrower|p1a: Tapu Lele\n|-damage|p1a: Tapu Lele|57\/100\n|\n|-weather|SunnyDay|[upkeep]\n|upkeep\n|turn|6\n|\n|t:|1699936500\n|switch|p2a: Hippowdon|Hippowdon, M|100\/100\n|-weather|Sandstorm|[from] ability: Sand Stream|[of] p2a: Hippowdon\n|move|p1a: Tapu Lele|Psychic|p2a: Hippowdon\n|-damage|p2a: Hippowdon|58\/100\n|\n|-weather|Sandstorm|[upkeep]\n|-damage|p1a: Tapu Lele|51\/100|[from] Sandstorm\n|upkeep\n|turn|7\n|l| Schiroj11\n|\n|t:|1699936597\n|switch|p1a: Sandy Shocks|Sandy Shocks|100\/100\n|move|p2a: Hippowdon|Heavy Slam|p1a: Sandy Shocks\n|-damage|p1a: Sandy Shocks|50\/100\n|replace|p1a: Zoroark|Zoroark-Hisui, M\n|-end|p1a: Zoroark|Illusion\n|\n|-weather|Sandstorm|[upkeep]\n|-damage|p1a: Zoroark|44\/100|[from] Sandstorm\n|upkeep\n|turn|8\n|l| Matts Mommy\n|\n|t:|1699936755\n|switch|p2a: Kartana|Kartana|100\/100\n|move|p1a: Zoroark|Grass Knot|p2a: Kartana\n|-resisted|p2a: Kartana\n|-damage|p2a: Kartana|95\/100\n|\n|-weather|Sandstorm|[upkeep]\n|-damage|p1a: Zoroark|38\/100|[from] Sandstorm\n|upkeep\n|turn|9\n|j| Schiroj11\n|\n|t:|1699936779\n|move|p1a: Zoroark|Flamethrower|p2a: Kartana\n|-supereffective|p2a: Kartana\n|-damage|p2a: Kartana|0 fnt\n|faint|p2a: Kartana\n|\n|-weather|Sandstorm|[upkeep]\n|-damage|p1a: Zoroark|32\/100|[from] Sandstorm\n|-fieldend|move: Psychic Terrain\n|upkeep\n|\n|t:|1699936785\n|switch|p2a: Excadrill|Excadrill, M|100\/100\n|turn|10\n|l| Schiroj11\n|\n|t:|1699936814\n|switch|p1a: Slowbro|Slowbro, F, shiny|100\/100\n|move|p2a: Excadrill|Earthquake|p1a: Slowbro\n|-damage|p1a: Slowbro|65\/100\n|\n|-weather|Sandstorm|[upkeep]\n|-damage|p1a: Slowbro|59\/100|[from] Sandstorm\n|upkeep\n|turn|11\n|\n|t:|1699936840\n|move|p2a: Excadrill|Swords Dance|p2a: Excadrill\n|-boost|p2a: Excadrill|atk|2\n|move|p1a: Slowbro|Scald|p2a: Excadrill\n|-supereffective|p2a: Excadrill\n|-damage|p2a: Excadrill|29\/100\n|\n|-weather|Sandstorm|[upkeep]\n|-damage|p1a: Slowbro|53\/100|[from] Sandstorm\n|upkeep\n|turn|12\n|\n|t:|1699936908\n|switch|p1a: Sandy Shocks|Sandy Shocks|32\/100\n|move|p2a: Excadrill|Earthquake|p1a: Sandy Shocks\n|-damage|p1a: Sandy Shocks|0 fnt\n|replace|p1a: Zoroark|Zoroark-Hisui, M\n|-end|p1a: Zoroark|Illusion\n|faint|p1a: Zoroark\n|\n|-weather|Sandstorm|[upkeep]\n|upkeep\n|\n|t:|1699936916\n|switch|p1a: Ninetales|Ninetales, M, tera:Grass|100\/100\n|-weather|SunnyDay|[from] ability: Drought|[of] p1a: Ninetales\n|turn|13\n|\n|t:|1699936971\n|switch|p2a: Hippowdon|Hippowdon, M|58\/100\n|-weather|Sandstorm|[from] ability: Sand Stream|[of] p2a: Hippowdon\n|move|p1a: Ninetales|Solar Beam||[still]\n|-prepare|p1a: Ninetales|Solar Beam\n|\n|-weather|Sandstorm|[upkeep]\n|-damage|p1a: Ninetales|95\/100|[from] Sandstorm\n|upkeep\n|turn|14\n|\n|t:|1699937022\n|move|p1a: Ninetales|Solar Beam|p2a: Hippowdon|[from]lockedmove\n|-supereffective|p2a: Hippowdon\n|-damage|p2a: Hippowdon|23\/100\n|move|p2a: Hippowdon|Slack Off|p2a: Hippowdon\n|-heal|p2a: Hippowdon|73\/100\n|\n|-weather|Sandstorm|[upkeep]\n|-damage|p1a: Ninetales|89\/100|[from] Sandstorm\n|upkeep\n|turn|15\n|j| Matts Mommy\n|\n|t:|1699937089\n|switch|p1a: Slowbro|Slowbro, F, shiny|86\/100\n|move|p2a: Hippowdon|Toxic|p1a: Slowbro|[miss]\n|-miss|p2a: Hippowdon|p1a: Slowbro\n|\n|-weather|Sandstorm|[upkeep]\n|-damage|p1a: Slowbro|80\/100|[from] Sandstorm\n|upkeep\n|turn|16\n|l| Matts Mommy\n|j| Matts Mommy\n|\n|t:|1699937155\n|move|p2a: Hippowdon|Toxic|p1a: Slowbro\n|-status|p1a: Slowbro|tox\n|move|p1a: Slowbro|Teleport|p1a: Slowbro\n|\n|t:|1699937185\n|switch|p1a: Ninetales|Ninetales, M, tera:Grass|89\/100|[from] Teleport\n|-weather|SunnyDay|[from] ability: Drought|[of] p1a: Ninetales\n|\n|-weather|SunnyDay|[upkeep]\n|upkeep\n|turn|17\n|\n|t:|1699937214\n|move|p1a: Ninetales|Solar Beam||[still]\n|-prepare|p1a: Ninetales|Solar Beam\n|-anim|p1a: Ninetales|Solar Beam|p2a: Hippowdon\n|-supereffective|p2a: Hippowdon\n|-damage|p2a: Hippowdon|10\/100\n|move|p2a: Hippowdon|Slack Off|p2a: Hippowdon\n|-heal|p2a: Hippowdon|60\/100\n|\n|-weather|SunnyDay|[upkeep]\n|upkeep\n|turn|18\n|l| Matts Mommy\n|j| Matts Mommy\n|\n|t:|1699937245\n|move|p1a: Ninetales|Solar Beam||[still]\n|-prepare|p1a: Ninetales|Solar Beam\n|-anim|p1a: Ninetales|Solar Beam|p2a: Hippowdon\n|-supereffective|p2a: Hippowdon\n|-damage|p2a: Hippowdon|0 fnt\n|faint|p2a: Hippowdon\n|\n|-weather|SunnyDay|[upkeep]\n|upkeep\n|\n|t:|1699937256\n|switch|p2a: Kommo-o|Kommo-o, F|74\/100\n|turn|19\n|j| Schiroj11\n|l| Matts Mommy\n|j| Matts Mommy\n|\n|t:|1699937305\n|switch|p1a: Sandy Shocks|Sandy Shocks|100\/100\n|-activate|p1a: Sandy Shocks|ability: Protosynthesis\n|-start|p1a: Sandy Shocks|protosynthesisspa\n|move|p2a: Kommo-o|Flamethrower|p1a: Sandy Shocks\n|-damage|p1a: Sandy Shocks|55\/100\n|\n|-weather|SunnyDay|[upkeep]\n|upkeep\n|turn|20\n|l| Schiroj11\n|\n|t:|1699937362\n|move|p1a: Sandy Shocks|Earth Power|p2a: Kommo-o\n|-damage|p2a: Kommo-o|0 fnt\n|faint|p2a: Kommo-o\n|-damage|p1a: Sandy Shocks|45\/100|[from] item: Life Orb\n|\n|-weather|SunnyDay|[upkeep]\n|upkeep\n|\n|t:|1699937368\n|switch|p2a: Sharpedo|Sharpedo, F|100\/100\n|turn|21\n|j| Schiroj11\n|l| Schiroj11\n|\n|t:|1699937399\n|move|p2a: Sharpedo|Protect|p2a: Sharpedo\n|-singleturn|p2a: Sharpedo|Protect\n|move|p1a: Sandy Shocks|Thunderbolt|p2a: Sharpedo\n|-activate|p2a: Sharpedo|move: Protect\n|\n|-weather|SunnyDay|[upkeep]\n|-ability|p2a: Sharpedo|Speed Boost|boost\n|-boost|p2a: Sharpedo|spe|1\n|upkeep\n|turn|22\n|\n|t:|1699937436\n|move|p2a: Sharpedo|Crunch|p1a: Sandy Shocks\n|-damage|p1a: Sandy Shocks|0 fnt\n|faint|p1a: Sandy Shocks\n|-end|p1a: Sandy Shocks|Protosynthesis|[silent]\n|\n|-weather|SunnyDay|[upkeep]\n|-ability|p2a: Sharpedo|Speed Boost|boost\n|-boost|p2a: Sharpedo|spe|1\n|upkeep\n|j| Salvatore14\n|\n|t:|1699937538\n|switch|p1a: Lopunny|Lopunny-Mega, M, shiny|100\/100\n|turn|23\n|j| Schiroj11\n|\n|t:|1699937556\n|detailschange|p2a: Sharpedo|Sharpedo-Mega, F\n|-mega|p2a: Sharpedo|Sharpedo|Sharpedonite\n|move|p1a: Lopunny|Fake Out|p2a: Sharpedo\n|-crit|p2a: Sharpedo\n|-damage|p2a: Sharpedo|48\/100\n|cant|p2a: Sharpedo|flinch\n|\n|-weather|none\n|upkeep\n|turn|24\n|\n|t:|1699937590\n|switch|p1a: Tapu Lele|Tapu Lele|51\/100\n|-fieldstart|move: Psychic Terrain|[from] ability: Psychic Surge|[of] p1a: Tapu Lele\n|move|p2a: Sharpedo|Psychic Fangs|p1a: Tapu Lele\n|-resisted|p1a: Tapu Lele\n|-damage|p1a: Tapu Lele|8\/100\n|\n|upkeep\n|turn|25\n|l| Schiroj11\n|\n|t:|1699937636\n|move|p2a: Sharpedo|Psychic Fangs|p1a: Tapu Lele\n|-resisted|p1a: Tapu Lele\n|-damage|p1a: Tapu Lele|0 fnt\n|faint|p1a: Tapu Lele\n|\n|upkeep\n|\n|t:|1699937645\n|switch|p1a: Slowbro|Slowbro, F, shiny|100\/100 tox\n|turn|26\n|l| Salvatore14\n|\n|t:|1699937670\n|move|p2a: Sharpedo|Crunch|p1a: Slowbro\n|-supereffective|p1a: Slowbro\n|-damage|p1a: Slowbro|18\/100 tox\n|-unboost|p1a: Slowbro|def|1\n|move|p1a: Slowbro|Scald|p2a: Sharpedo\n|-resisted|p2a: Sharpedo\n|-damage|p2a: Sharpedo|26\/100\n|\n|-damage|p1a: Slowbro|12\/100 tox|[from] psn\n|upkeep\n|turn|27\n|\n|t:|1699937687\n|move|p2a: Sharpedo|Psychic Fangs|p1a: Slowbro\n|-resisted|p1a: Slowbro\n|-damage|p1a: Slowbro|0 fnt\n|faint|p1a: Slowbro\n|\n|upkeep\n|\n|t:|1699937691\n|switch|p1a: Ninetales|Ninetales, M, tera:Grass|89\/100\n|-weather|SunnyDay|[from] ability: Drought|[of] p1a: Ninetales\n|turn|28\n|c|\u2606BigMeal|50\/50 roll here I think\n|\n|t:|1699937771\n|move|p2a: Sharpedo|Crunch|p1a: Ninetales\n|-damage|p1a: Ninetales|0 fnt\n|faint|p1a: Ninetales\n|\n|-weather|SunnyDay|[upkeep]\n|-fieldend|move: Psychic Terrain\n|upkeep\n|\n|t:|1699937775\n|switch|p1a: Lopunny|Lopunny-Mega, M, shiny|100\/100\n|turn|29\n|\n|t:|1699937781\n|move|p2a: Sharpedo|Protect|p2a: Sharpedo\n|-singleturn|p2a: Sharpedo|Protect\n|move|p1a: Lopunny|Fake Out|p2a: Sharpedo\n|-activate|p2a: Sharpedo|move: Protect\n|\n|-weather|SunnyDay|[upkeep]\n|upkeep\n|turn|30\n|c|\u2606tacticalnoob85|gg\n|\n|t:|1699937805\n|move|p2a: Sharpedo|Psychic Fangs|p1a: Lopunny\n|-supereffective|p1a: Lopunny\n|-damage|p1a: Lopunny|0 fnt\n|faint|p1a: Lopunny\n|\n|win|BigMeal\n|c|\u2606BigMeal|gg brother\n|l|\u2606BigMeal\n|l| Matts Mommy\n","uploadtime":1699937813,"views":17,"p1id":"tacticalnoob85","p2id":"bigmeal","formatid":"gen9nationaldex","rating":0,"private":0,"password":""}