{"id":"gen9nationaldex-1987917021","p1":"TheMrNebby","p2":"COG_Emogalaxyy","format":"[Gen 9] National Dex","log":"|j|\u2606TheMrNebby\n|j|\u2606COG_Emogalaxyy\n|t:|1699648929\n|gametype|singles\n|player|p1|TheMrNebby|depotagent|\n|player|p2|COG_Emogalaxyy|riley|\n|teamsize|p1|3\n|teamsize|p2|3\n|gen|9\n|tier|[Gen 9] National Dex\n|rule|HP Percentage Mod: HP is shown in percentages\n|rule|Endless Battle Clause: Forcing endless battles is banned\n|rule|OHKO Clause: OHKO moves are banned\n|rule|Evasion Clause: Evasion abilities, items, and moves are banned\n|rule|Evasion Abilities Clause: Evasion abilities are banned\n|rule|Evasion Items Clause: Evasion items are banned\n|rule|Evasion Moves Clause: Evasion moves are banned\n|rule|Species Clause: Limit one of each Pok\u00e9mon\n|rule|Sleep Clause Mod: Limit one foe put to sleep\n|clearpoke\n|poke|p1|Suicune|\n|poke|p1|Blastoise, M|\n|poke|p1|Swampert, F|\n|poke|p2|Iron Hands|\n|poke|p2|Galvantula, M|\n|poke|p2|Xurkitree|\n|teampreview\n|c|\u2606COG_Emogalaxyy|galvantula lead\n|\n|t:|1699648948\n|start\n|switch|p1a: Swampert|Swampert, F|100\/100\n|switch|p2a: Galvantula|Galvantula, M|100\/100\n|turn|1\n|\n|t:|1699648959\n|detailschange|p1a: Swampert|Swampert-Mega, F\n|-mega|p1a: Swampert|Swampert|Swampertite\n|move|p2a: Galvantula|Sticky Web|p1a: Swampert\n|-sidestart|p1: TheMrNebby|move: Sticky Web\n|move|p1a: Swampert|Earthquake|p2a: Galvantula\n|-enditem|p2a: Galvantula|Focus Sash\n|-damage|p2a: Galvantula|1\/100\n|\n|upkeep\n|turn|2\n|\n|t:|1699648969\n|move|p2a: Galvantula|Energy Ball|p1a: Swampert\n|-supereffective|p1a: Swampert\n|-damage|p1a: Swampert|15\/100\n|move|p1a: Swampert|Earthquake|p2a: Galvantula\n|-damage|p2a: Galvantula|0 fnt\n|faint|p2a: Galvantula\n|\n|upkeep\n|\n|t:|1699648975\n|switch|p2a: Iron Hands|Iron Hands|100\/100\n|turn|3\n|\n|t:|1699648981\n|move|p2a: Iron Hands|Fake Out|p1a: Swampert\n|-damage|p1a: Swampert|3\/100\n|cant|p1a: Swampert|flinch\n|\n|upkeep\n|turn|4\n|\n|t:|1699648989\n|move|p1a: Swampert|Earthquake|p2a: Iron Hands\n|-supereffective|p2a: Iron Hands\n|-damage|p2a: Iron Hands|16\/100\n|move|p2a: Iron Hands|Drain Punch|p1a: Swampert\n|-damage|p1a: Swampert|0 fnt\n|-heal|p2a: Iron Hands|17\/100|[from] drain|[of] p1a: Swampert\n|faint|p1a: Swampert\n|\n|upkeep\n|\n|t:|1699648999\n|switch|p1a: Blastoise|Blastoise, M|100\/100\n|-activate|p1a: Blastoise|move: Sticky Web\n|-unboost|p1a: Blastoise|spe|1\n|turn|5\n|\n|t:|1699649005\n|move|p2a: Iron Hands|Wild Charge|p1a: Blastoise\n|-supereffective|p1a: Blastoise\n|-damage|p1a: Blastoise|0 fnt\n|faint|p1a: Blastoise\n|-damage|p2a: Iron Hands|0 fnt|[from] Recoil\n|faint|p2a: Iron Hands\n|-end|p2a: Iron Hands|Quark Drive|[silent]\n|\n|upkeep\n|\n|t:|1699649011\n|switch|p1a: Suicune|Suicune, shiny|100\/100\n|switch|p2a: Xurkitree|Xurkitree|100\/100\n|-activate|p1a: Suicune|move: Sticky Web\n|-unboost|p1a: Suicune|spe|1\n|-ability|p1a: Suicune|Pressure\n|turn|6\n|\n|t:|1699649031\n|move|p2a: Xurkitree|Discharge|p1a: Suicune\n|-supereffective|p1a: Suicune\n|-damage|p1a: Suicune|0 fnt\n|faint|p1a: Suicune\n|\n|win|COG_Emogalaxyy\n|c|\u2606TheMrNebby|gg\n|c|\u2606COG_Emogalaxyy|ggs\n|l|\u2606TheMrNebby\n","uploadtime":1699649041,"views":9,"p1id":"themrnebby","p2id":"cogemogalaxyy","formatid":"gen9nationaldex","rating":0,"private":0,"password":""}