{"id":"gen9nationaldex-1996658539","p1":"hammerfallgcc","p2":"Bronzong","format":"[Gen 9] National Dex","log":"|html|<div class=\"broadcast-blue\"><strong>[Gen 9] National Dex is currently suspecting Sneasler! For information on how to participate check out the <a href=\"https:\/\/www.smogon.com\/forums\/threads\/sv-national-dex-suspect-8-just-dance.3731534\/\">suspect thread<\/a>.<\/strong><\/div>\n|j|\u2606hammerfallgcc\n|j|\u2606Bronzong\n|t:|1700706189\n|gametype|singles\n|player|p1|hammerfallgcc|169|\n|player|p2|Bronzong|hassel|\n|teamsize|p1|6\n|teamsize|p2|6\n|gen|9\n|tier|[Gen 9] National Dex\n|rule|HP Percentage Mod: HP is shown in percentages\n|rule|Endless Battle Clause: Forcing endless battles is banned\n|rule|OHKO Clause: OHKO moves are banned\n|rule|Evasion Clause: Evasion abilities, items, and moves are banned\n|rule|Evasion Abilities Clause: Evasion abilities are banned\n|rule|Evasion Items Clause: Evasion items are banned\n|rule|Evasion Moves Clause: Evasion moves are banned\n|rule|Species Clause: Limit one of each Pok\u00e9mon\n|rule|Sleep Clause Mod: Limit one foe put to sleep\n|clearpoke\n|poke|p1|Latios, M|\n|poke|p1|Zygarde-10%|\n|poke|p1|Zarude|\n|poke|p1|Mimikyu, M|\n|poke|p1|Claydol|\n|poke|p1|Talonflame, M|\n|poke|p2|Arcanine-Hisui, M|\n|poke|p2|Corviknight, F|\n|poke|p2|Noivern, F|\n|poke|p2|Suicune|\n|poke|p2|Dachsbun, F|\n|poke|p2|Spidops, F|\n|teampreview\n|inactive|Battle timer is ON: inactive players will automatically lose when time's up. (requested by Bronzong)\n|inactiveoff|Battle timer is now OFF.\n|c|\u2606hammerfallgcc|tera fairy btw\n|c|\u2606hammerfallgcc|yours?\n|c|\u2606Bronzong|Oh Tera Dark\n|c|\u2606Bronzong|ty\n|\n|t:|1700706274\n|start\n|switch|p1a: BUNGALOW 49|Claydol|100\/100\n|switch|p2a: Spidops|Spidops, F|100\/100\n|turn|1\n|\n|t:|1700706291\n|-terastallize|p1a: BUNGALOW 49|Fairy\n|move|p2a: Spidops|First Impression|p1a: BUNGALOW 49\n|-resisted|p1a: BUNGALOW 49\n|-damage|p1a: BUNGALOW 49|82\/100\n|move|p1a: BUNGALOW 49|Stealth Rock|p2a: Spidops\n|-sidestart|p2: Bronzong|move: Stealth Rock\n|\n|-heal|p1a: BUNGALOW 49|88\/100|[from] item: Leftovers\n|upkeep\n|turn|2\n|\n|t:|1700706323\n|move|p1a: BUNGALOW 49|Earthquake|p2a: Spidops\n|-resisted|p2a: Spidops\n|-damage|p2a: Spidops|86\/100\n|move|p2a: Spidops|Sticky Web|p1a: BUNGALOW 49\n|-sidestart|p1: hammerfallgcc|move: Sticky Web\n|\n|-heal|p1a: BUNGALOW 49|95\/100|[from] item: Leftovers\n|upkeep\n|turn|3\n|\n|t:|1700706330\n|move|p1a: BUNGALOW 49|Rapid Spin|p2a: Spidops\n|-damage|p2a: Spidops|76\/100\n|-boost|p1a: BUNGALOW 49|spe|1\n|-sideend|p1: hammerfallgcc|Sticky Web|[from] move: Rapid Spin|[of] p1a: BUNGALOW 49\n|move|p2a: Spidops|Knock Off|p1a: BUNGALOW 49\n|-resisted|p1a: BUNGALOW 49\n|-damage|p1a: BUNGALOW 49|82\/100\n|-enditem|p1a: BUNGALOW 49|Leftovers|[from] move: Knock Off|[of] p2a: Spidops\n|\n|upkeep\n|turn|4\n|\n|t:|1700706353\n|move|p1a: BUNGALOW 49|Earthquake|p2a: Spidops\n|-resisted|p2a: Spidops\n|-damage|p2a: Spidops|60\/100\n|move|p2a: Spidops|Sticky Web|p1a: BUNGALOW 49\n|-sidestart|p1: hammerfallgcc|move: Sticky Web\n|\n|upkeep\n|turn|5\n|\n|t:|1700706358\n|switch|p2a: Corviknight|Corviknight, F|100\/100\n|-damage|p2a: Corviknight|88\/100|[from] Stealth Rock\n|move|p1a: BUNGALOW 49|Rapid Spin|p2a: Corviknight\n|-resisted|p2a: Corviknight\n|-damage|p2a: Corviknight|84\/100\n|-boost|p1a: BUNGALOW 49|spe|1\n|-sideend|p1: hammerfallgcc|Sticky Web|[from] move: Rapid Spin|[of] p1a: BUNGALOW 49\n|\n|-heal|p2a: Corviknight|90\/100|[from] item: Leftovers\n|upkeep\n|turn|6\n|\n|t:|1700706372\n|move|p2a: Corviknight|Defog|p1a: BUNGALOW 49\n|-unboost|p1a: BUNGALOW 49|evasion|1\n|-sideend|p2: Bronzong|Stealth Rock|[from] move: Defog|[of] p2a: Corviknight\n|move|p1a: BUNGALOW 49|Teleport|p1a: BUNGALOW 49\n|\n|t:|1700706382\n|switch|p1a: Good Vibrations|Latios, M, shiny|100\/100|[from] Teleport\n|\n|-heal|p2a: Corviknight|96\/100|[from] item: Leftovers\n|upkeep\n|turn|7\n|\n|t:|1700706411\n|move|p1a: Good Vibrations|Thunderbolt|p2a: Corviknight\n|-supereffective|p2a: Corviknight\n|-damage|p2a: Corviknight|2\/100\n|move|p2a: Corviknight|U-turn|p1a: Good Vibrations\n|-supereffective|p1a: Good Vibrations\n|-crit|p1a: Good Vibrations\n|-damage|p1a: Good Vibrations|19\/100\n|\n|t:|1700706451\n|switch|p2a: Spidops|Spidops, F|60\/100|[from] U-turn\n|\n|upkeep\n|turn|8\n|\n|t:|1700706460\n|switch|p1a: Talonflame|Talonflame, M|100\/100\n|move|p2a: Spidops|First Impression|p1a: Talonflame\n|-resisted|p1a: Talonflame\n|-damage|p1a: Talonflame|84\/100\n|\n|upkeep\n|turn|9\n|\n|t:|1700706481\n|switch|p2a: Suicune|Suicune|100\/100\n|-ability|p2a: Suicune|Pressure\n|move|p1a: Talonflame|U-turn|p2a: Suicune\n|-damage|p2a: Suicune|91\/100\n|\n|t:|1700706490\n|switch|p1a: SHE'S RAIN|Zarude|100\/100|[from] U-turn\n|\n|upkeep\n|turn|10\n|\n|t:|1700706515\n|switch|p2a: Spidops|Spidops, F|60\/100\n|move|p1a: SHE'S RAIN|Power Whip|p2a: Spidops\n|-resisted|p2a: Spidops\n|-damage|p2a: Spidops|7\/100\n|\n|upkeep\n|turn|11\n|\n|t:|1700706556\n|switch|p1a: Talonflame|Talonflame, M|84\/100\n|move|p2a: Spidops|Knock Off|p1a: Talonflame\n|-damage|p1a: Talonflame|39\/100\n|-enditem|p1a: Talonflame|Heavy-Duty Boots|[from] move: Knock Off|[of] p2a: Spidops\n|\n|upkeep\n|turn|12\n|\n|t:|1700706566\n|move|p2a: Spidops|Sucker Punch|p1a: Talonflame\n|-damage|p1a: Talonflame|21\/100\n|move|p1a: Talonflame|U-turn|p2a: Spidops\n|-damage|p2a: Spidops|0 fnt\n|faint|p2a: Spidops\n|\n|t:|1700706588\n|switch|p1a: WeWillFallTogether|Mimikyu, M|100\/100|[from] U-turn\n|\n|upkeep\n|\n|t:|1700706642\n|switch|p2a: Noivern|Noivern, F|100\/100\n|turn|13\n|\n|t:|1700706651\n|move|p2a: Noivern|Shadow Ball|p1a: WeWillFallTogether\n|-activate|p1a: WeWillFallTogether|ability: Disguise\n|-damage|p1a: WeWillFallTogether|100\/100\n|detailschange|p1a: WeWillFallTogether|Mimikyu-Busted, M\n|-damage|p1a: WeWillFallTogether|88\/100|[from] pokemon: Mimikyu-Busted\n|move|p1a: WeWillFallTogether|Play Rough|p2a: Noivern\n|-supereffective|p2a: Noivern\n|-enditem|p2a: Noivern|Roseli Berry|[eat]\n|-enditem|p2a: Noivern|Roseli Berry|[weaken]\n|-damage|p2a: Noivern|37\/100\n|-damage|p1a: WeWillFallTogether|79\/100|[from] item: Life Orb\n|\n|upkeep\n|turn|14\n|\n|t:|1700706724\n|switch|p1a: Talonflame|Talonflame, M|21\/100\n|move|p2a: Noivern|Shadow Ball|p1a: Talonflame\n|-damage|p1a: Talonflame|0 fnt\n|faint|p1a: Talonflame\n|\n|upkeep\n|\n|t:|1700706734\n|switch|p1a: Last Train Home|Zygarde-10%, shiny|100\/100\n|-ability|p1a: Last Train Home|Aura Break\n|turn|15\n|\n|t:|1700706753\n|move|p1a: Last Train Home|Extreme Speed|p2a: Noivern\n|-damage|p2a: Noivern|0 fnt\n|faint|p2a: Noivern\n|\n|upkeep\n|\n|t:|1700706782\n|switch|p2a: Arcanine|Arcanine-Hisui, M|100\/100\n|turn|16\n|\n|t:|1700706819\n|switch|p1a: BUNGALOW 49|Claydol, tera:Fairy|82\/100\n|move|p2a: Arcanine|Head Smash|p1a: BUNGALOW 49\n|-damage|p1a: BUNGALOW 49|9\/100\n|\n|upkeep\n|turn|17\n|\n|t:|1700706845\n|move|p2a: Arcanine|Head Smash|p1a: BUNGALOW 49\n|-damage|p1a: BUNGALOW 49|0 fnt\n|faint|p1a: BUNGALOW 49\n|\n|upkeep\n|\n|t:|1700706856\n|switch|p1a: Last Train Home|Zygarde-10%, shiny|100\/100\n|-ability|p1a: Last Train Home|Aura Break\n|turn|18\n|\n|t:|1700706879\n|switch|p2a: Suicune|Suicune|91\/100\n|-ability|p2a: Suicune|Pressure\n|move|p1a: Last Train Home|Thousand Arrows|p2a: Suicune\n|-damage|p2a: Suicune|41\/100\n|\n|upkeep\n|turn|19\n|\n|t:|1700706953\n|switch|p1a: WeWillFallTogether|Mimikyu-Busted, M|79\/100\n|move|p2a: Suicune|Ice Beam|p1a: WeWillFallTogether\n|-damage|p1a: WeWillFallTogether|45\/100\n|\n|upkeep\n|turn|20\n|\n|t:|1700706964\n|move|p1a: WeWillFallTogether|Play Rough|p2a: Suicune\n|-damage|p2a: Suicune|6\/100\n|-damage|p1a: WeWillFallTogether|35\/100|[from] item: Life Orb\n|move|p2a: Suicune|Scald|p1a: WeWillFallTogether\n|-damage|p1a: WeWillFallTogether|0 fnt\n|faint|p1a: WeWillFallTogether\n|\n|upkeep\n|\n|t:|1700707047\n|switch|p1a: SHE'S RAIN|Zarude|100\/100\n|turn|21\n|\n|t:|1700707072\n|switch|p2a: Corviknight|Corviknight, F|2\/100\n|move|p1a: SHE'S RAIN|Knock Off|p2a: Corviknight\n|-crit|p2a: Corviknight\n|-damage|p2a: Corviknight|0 fnt\n|-enditem|p2a: Corviknight|Leftovers|[from] move: Knock Off|[of] p1a: SHE'S RAIN\n|faint|p2a: Corviknight\n|\n|upkeep\n|\n|t:|1700707105\n|switch|p2a: Dachsbun|Dachsbun, F|100\/100\n|turn|22\n|\n|t:|1700707114\n|move|p1a: SHE'S RAIN|Knock Off|p2a: Dachsbun\n|-resisted|p2a: Dachsbun\n|-damage|p2a: Dachsbun|68\/100\n|-enditem|p2a: Dachsbun|Assault Vest|[from] move: Knock Off|[of] p1a: SHE'S RAIN\n|move|p2a: Dachsbun|Play Rough|p1a: SHE'S RAIN|[miss]\n|-miss|p2a: Dachsbun|p1a: SHE'S RAIN\n|\n|upkeep\n|turn|23\n|c|\u2606Bronzong|damn\n|\n|t:|1700707242\n|move|p1a: SHE'S RAIN|Knock Off|p2a: Dachsbun\n|-resisted|p2a: Dachsbun\n|-damage|p2a: Dachsbun|43\/100\n|move|p2a: Dachsbun|Play Rough|p1a: SHE'S RAIN\n|-supereffective|p1a: SHE'S RAIN\n|-damage|p1a: SHE'S RAIN|49\/100\n|\n|upkeep\n|turn|24\n|\n|t:|1700707281\n|move|p1a: SHE'S RAIN|Knock Off|p2a: Dachsbun\n|-resisted|p2a: Dachsbun\n|-damage|p2a: Dachsbun|20\/100\n|move|p2a: Dachsbun|Body Press|p1a: SHE'S RAIN\n|-supereffective|p1a: SHE'S RAIN\n|-damage|p1a: SHE'S RAIN|0 fnt\n|faint|p1a: SHE'S RAIN\n|\n|upkeep\n|\n|t:|1700707306\n|switch|p1a: Good Vibrations|Latios, M, shiny|19\/100\n|turn|25\n|\n|t:|1700707319\n|-terastallize|p2a: Dachsbun|Dark\n|move|p1a: Good Vibrations|Thunderbolt|p2a: Dachsbun\n|-damage|p2a: Dachsbun|0 fnt\n|faint|p2a: Dachsbun\n|\n|upkeep\n|\n|t:|1700707326\n|switch|p2a: Arcanine|Arcanine-Hisui, M|100\/100\n|turn|26\n|\n|t:|1700707386\n|move|p2a: Arcanine|Head Smash|p1a: Good Vibrations\n|-damage|p1a: Good Vibrations|0 fnt\n|faint|p1a: Good Vibrations\n|\n|upkeep\n|\n|t:|1700707391\n|switch|p1a: Last Train Home|Zygarde-10%, shiny|100\/100\n|-ability|p1a: Last Train Home|Aura Break\n|turn|27\n|\n|t:|1700707400\n|move|p2a: Arcanine|Head Smash|p1a: Last Train Home\n|-resisted|p1a: Last Train Home\n|-damage|p1a: Last Train Home|39\/100\n|move|p1a: Last Train Home|Thousand Arrows|p2a: Arcanine\n|-supereffective|p2a: Arcanine\n|-damage|p2a: Arcanine|0 fnt\n|faint|p2a: Arcanine\n|\n|upkeep\n|\n|t:|1700707407\n|switch|p2a: Suicune|Suicune|6\/100\n|-ability|p2a: Suicune|Pressure\n|turn|28\n|\n|t:|1700707413\n|move|p1a: Last Train Home|Thousand Arrows|p2a: Suicune\n|-damage|p2a: Suicune|0 fnt\n|faint|p2a: Suicune\n|\n|win|hammerfallgcc\n|c|\u2606hammerfallgcc|gg\n|c|\u2606Bronzong|gg\n|c|\u2606hammerfallgcc|making changes\n|c|\u2606Bronzong|same\n|l|\u2606Bronzong\n|j|\u2606Bronzong\n|player|p2|Bronzong|hassel\n","uploadtime":1700707609,"views":8,"p1id":"hammerfallgcc","p2id":"bronzong","formatid":"gen9nationaldex","rating":0,"private":0,"password":""}