{"id":"gen9nationaldex-1999374928","p1":"Bohabi","p2":"hanwujiwandou","format":"[Gen 9] National Dex","log":"|html|<div class=\"broadcast-blue\"><strong>[Gen 9] National Dex is currently suspecting Sneasler! For information on how to participate check out the <a href=\"https:\/\/www.smogon.com\/forums\/threads\/sv-national-dex-suspect-8-just-dance.3731534\/\">suspect thread<\/a>.<\/strong><\/div>\n|j|\u2606Bohabi\n|j|\u203dhanwujiwandou\n|t:|1701069406\n|gametype|singles\n|player|p1|Bohabi|cyrus|1536\n|player|p2|hanwujiwandou|lillie-z|1446\n|teamsize|p1|6\n|teamsize|p2|6\n|gen|9\n|tier|[Gen 9] National Dex\n|rated|\n|rule|HP Percentage Mod: HP is shown in percentages\n|rule|Endless Battle Clause: Forcing endless battles is banned\n|rule|OHKO Clause: OHKO moves are banned\n|rule|Evasion Clause: Evasion abilities, items, and moves are banned\n|rule|Evasion Abilities Clause: Evasion abilities are banned\n|rule|Evasion Items Clause: Evasion items are banned\n|rule|Evasion Moves Clause: Evasion moves are banned\n|rule|Species Clause: Limit one of each Pok\u00e9mon\n|rule|Sleep Clause Mod: Limit one foe put to sleep\n|clearpoke\n|poke|p1|Mawile, M|\n|poke|p1|Heatran, M|\n|poke|p1|Tapu Koko|\n|poke|p1|Iron Valiant|\n|poke|p1|Landorus-Therian, M|\n|poke|p1|Ferrothorn, M|\n|poke|p2|Heatran, M|\n|poke|p2|Ferrothorn, M|\n|poke|p2|Pinsir, M|\n|poke|p2|Clodsire, M|\n|poke|p2|Empoleon, M|\n|poke|p2|Zapdos|\n|teampreview\n|inactive|Battle timer is ON: inactive players will automatically lose when time's up. (requested by Bohabi)\n|\n|t:|1701069419\n|start\n|switch|p1a: Landorus|Landorus-Therian, M|100\/100\n|switch|p2a: Ferrothorn|Ferrothorn, M|100\/100\n|-ability|p1a: Landorus|Intimidate|boost\n|-unboost|p2a: Ferrothorn|atk|1\n|turn|1\n|\n|t:|1701069427\n|switch|p1a: Heatran|Heatran, M|100\/100\n|move|p2a: Ferrothorn|Leech Seed|p1a: Heatran\n|-start|p1a: Heatran|move: Leech Seed\n|\n|-damage|p1a: Heatran|88\/100|[from] Leech Seed|[of] p2a: Ferrothorn\n|upkeep\n|turn|2\n|\n|t:|1701069435\n|switch|p2a: Clodsire|Clodsire, M|100\/100\n|move|p1a: Heatran|Earth Power|p2a: Clodsire\n|-supereffective|p2a: Clodsire\n|-damage|p2a: Clodsire|69\/100\n|\n|-heal|p1a: Heatran|94\/100|[from] item: Leftovers\n|-heal|p2a: Clodsire|75\/100|[from] item: Leftovers\n|-damage|p1a: Heatran|82\/100|[from] Leech Seed|[of] p2a: Clodsire\n|-heal|p2a: Clodsire|85\/100|[silent]\n|upkeep\n|turn|3\n|\n|t:|1701069448\n|switch|p1a: Ferrothorn|Ferrothorn, M|100\/100\n|move|p2a: Clodsire|Spikes|p1a: Ferrothorn\n|-sidestart|p1: Bohabi|Spikes\n|\n|-heal|p2a: Clodsire|91\/100|[from] item: Leftovers\n|upkeep\n|turn|4\n|\n|t:|1701069457\n|move|p2a: Clodsire|Spikes|p1a: Ferrothorn\n|-sidestart|p1: Bohabi|Spikes\n|move|p1a: Ferrothorn|Leech Seed|p2a: Clodsire\n|-start|p2a: Clodsire|move: Leech Seed\n|\n|-heal|p2a: Clodsire|97\/100|[from] item: Leftovers\n|-damage|p2a: Clodsire|85\/100|[from] Leech Seed|[of] p1a: Ferrothorn\n|upkeep\n|turn|5\n|\n|t:|1701069465\n|move|p1a: Ferrothorn|Knock Off|p2a: Clodsire\n|-damage|p2a: Clodsire|63\/100\n|-enditem|p2a: Clodsire|Leftovers|[from] move: Knock Off|[of] p1a: Ferrothorn\n|move|p2a: Clodsire|Spikes|p1a: Ferrothorn\n|-sidestart|p1: Bohabi|Spikes\n|\n|-damage|p2a: Clodsire|50\/100|[from] Leech Seed|[of] p1a: Ferrothorn\n|upkeep\n|turn|6\n|\n|t:|1701069473\n|move|p1a: Ferrothorn|Knock Off|p2a: Clodsire\n|-damage|p2a: Clodsire|33\/100\n|move|p2a: Clodsire|Recover|p2a: Clodsire\n|-heal|p2a: Clodsire|83\/100\n|\n|-damage|p2a: Clodsire|71\/100|[from] Leech Seed|[of] p1a: Ferrothorn\n|upkeep\n|turn|7\n|\n|t:|1701069482\n|switch|p2a: Ferrothorn|Ferrothorn, M|100\/100\n|move|p1a: Ferrothorn|Knock Off|p2a: Ferrothorn\n|-damage|p2a: Ferrothorn|87\/100\n|-damage|p1a: Ferrothorn|88\/100|[from] ability: Iron Barbs|[of] p2a: Ferrothorn\n|-enditem|p2a: Ferrothorn|Leftovers|[from] move: Knock Off|[of] p1a: Ferrothorn\n|\n|upkeep\n|turn|8\n|\n|t:|1701069490\n|move|p1a: Ferrothorn|Body Press|p2a: Ferrothorn\n|-supereffective|p2a: Ferrothorn\n|-damage|p2a: Ferrothorn|52\/100\n|-damage|p1a: Ferrothorn|76\/100|[from] ability: Iron Barbs|[of] p2a: Ferrothorn\n|move|p2a: Ferrothorn|Stealth Rock|p1a: Ferrothorn\n|-sidestart|p1: Bohabi|move: Stealth Rock\n|\n|upkeep\n|turn|9\n|\n|t:|1701069501\n|switch|p2a: Zapdos|Zapdos|100\/100\n|move|p1a: Ferrothorn|Body Press|p2a: Zapdos\n|-resisted|p2a: Zapdos\n|-damage|p2a: Zapdos|89\/100\n|\n|upkeep\n|turn|10\n|\n|t:|1701069508\n|switch|p2a: Ferrothorn|Ferrothorn, M|52\/100\n|switch|p1a: Landorus|Landorus-Therian, M|100\/100\n|-damage|p1a: Landorus|88\/100|[from] Stealth Rock\n|-ability|p1a: Landorus|Intimidate|boost\n|-unboost|p2a: Ferrothorn|atk|1\n|\n|upkeep\n|turn|11\n|\n|t:|1701069524\n|switch|p2a: Empoleon|Empoleon, M|100\/100\n|move|p1a: Landorus|Defog|p2a: Empoleon\n|-unboost|p2a: Empoleon|evasion|1\n|-ability|p2a: Empoleon|Competitive|boost\n|-boost|p2a: Empoleon|spa|2\n|-sideend|p1: Bohabi|Spikes|[from] move: Defog|[of] p1a: Landorus\n|-sideend|p1: Bohabi|Stealth Rock|[from] move: Defog|[of] p1a: Landorus\n|\n|upkeep\n|turn|12\n|\n|t:|1701069534\n|switch|p1a: Tapu Koko|Tapu Koko|100\/100\n|-fieldstart|move: Electric Terrain|[from] ability: Electric Surge|[of] p1a: Tapu Koko\n|-terastallize|p2a: Empoleon|Ghost\n|move|p2a: Empoleon|Ice Beam|p1a: Tapu Koko\n|-damage|p1a: Tapu Koko|11\/100\n|\n|upkeep\n|turn|13\n|\n|t:|1701069545\n|move|p1a: Tapu Koko|U-turn|p2a: Empoleon\n|-resisted|p2a: Empoleon\n|-damage|p2a: Empoleon|93\/100\n|\n|t:|1701069548\n|switch|p1a: Ferrothorn|Ferrothorn, M|76\/100|[from] U-turn\n|move|p2a: Empoleon|Ice Beam|p1a: Ferrothorn\n|-damage|p1a: Ferrothorn|28\/100\n|\n|upkeep\n|turn|14\n|\n|t:|1701069559\n|switch|p1a: Heatran|Heatran, M|82\/100\n|move|p2a: Empoleon|Ice Beam|p1a: Heatran\n|-resisted|p1a: Heatran\n|-damage|p1a: Heatran|72\/100\n|\n|-heal|p1a: Heatran|78\/100|[from] item: Leftovers\n|upkeep\n|turn|15\n|\n|t:|1701069568\n|move|p1a: Heatran|Magma Storm|p2a: Empoleon\n|-damage|p2a: Empoleon|51\/100\n|-activate|p2a: Empoleon|move: Magma Storm|[of] p1a: Heatran\n|move|p2a: Empoleon|Hydro Pump|p1a: Heatran\n|-supereffective|p1a: Heatran\n|-damage|p1a: Heatran|0 fnt\n|faint|p1a: Heatran\n|\n|-end|p2a: Empoleon|Magma Storm|[partiallytrapped]|[silent]\n|upkeep\n|\n|t:|1701069577\n|switch|p1a: Tapu Koko|Tapu Koko|11\/100\n|turn|16\n|\n|t:|1701069581\n|switch|p2a: Clodsire|Clodsire, M|71\/100\n|move|p1a: Tapu Koko|U-turn|p2a: Clodsire\n|-resisted|p2a: Clodsire\n|-damage|p2a: Clodsire|62\/100\n|\n|t:|1701069588\n|switch|p1a: Landorus|Landorus-Therian, M|88\/100|[from] U-turn\n|-ability|p1a: Landorus|Intimidate|boost\n|-unboost|p2a: Clodsire|atk|1\n|\n|upkeep\n|turn|17\n|\n|t:|1701069606\n|switch|p2a: Zapdos|Zapdos|89\/100\n|move|p1a: Landorus|Earthquake|p2a: Zapdos\n|-immune|p2a: Zapdos\n|\n|upkeep\n|turn|18\n|\n|t:|1701069633\n|switch|p1a: Ferrothorn|Ferrothorn, M|28\/100\n|move|p2a: Zapdos|Hidden Power|p1a: Ferrothorn\n|-damage|p1a: Ferrothorn|12\/100\n|\n|upkeep\n|turn|19\n|\n|t:|1701069640\n|move|p2a: Zapdos|Thunderbolt|p1a: Ferrothorn\n|-resisted|p1a: Ferrothorn\n|-damage|p1a: Ferrothorn|0 fnt\n|faint|p1a: Ferrothorn\n|\n|-fieldend|move: Electric Terrain\n|upkeep\n|\n|t:|1701069647\n|switch|p1a: Tapu Koko|Tapu Koko|11\/100\n|-fieldstart|move: Electric Terrain|[from] ability: Electric Surge|[of] p1a: Tapu Koko\n|turn|20\n|\n|t:|1701069655\n|move|p1a: Tapu Koko|Thunderbolt|p2a: Zapdos\n|-damage|p2a: Zapdos|35\/100\n|move|p2a: Zapdos|Thunderbolt|p1a: Tapu Koko\n|-resisted|p1a: Tapu Koko\n|-damage|p1a: Tapu Koko|0 fnt\n|faint|p1a: Tapu Koko\n|\n|upkeep\n|\n|t:|1701069664\n|switch|p1a: Iron Valiant|Iron Valiant|100\/100\n|-activate|p1a: Iron Valiant|ability: Quark Drive\n|-start|p1a: Iron Valiant|quarkdrivespe\n|turn|21\n|\n|t:|1701069675\n|move|p1a: Iron Valiant|Moonblast|p2a: Zapdos\n|-damage|p2a: Zapdos|0 fnt\n|faint|p2a: Zapdos\n|-damage|p1a: Iron Valiant|91\/100|[from] item: Life Orb\n|\n|upkeep\n|\n|t:|1701069680\n|switch|p2a: Ferrothorn|Ferrothorn, M|52\/100\n|turn|22\n|\n|t:|1701069686\n|move|p1a: Iron Valiant|Close Combat|p2a: Ferrothorn\n|-supereffective|p2a: Ferrothorn\n|-damage|p2a: Ferrothorn|0 fnt\n|-unboost|p1a: Iron Valiant|def|1\n|-unboost|p1a: Iron Valiant|spd|1\n|-damage|p1a: Iron Valiant|78\/100|[from] ability: Iron Barbs|[of] p2a: Ferrothorn\n|faint|p2a: Ferrothorn\n|-damage|p1a: Iron Valiant|69\/100|[from] item: Life Orb\n|\n|upkeep\n|\n|t:|1701069710\n|switch|p2a: Pinsir|Pinsir, M|100\/100\n|turn|23\n|\n|t:|1701069715\n|detailschange|p2a: Pinsir|Pinsir-Mega, M\n|-mega|p2a: Pinsir|Pinsir|Pinsirite\n|-terastallize|p1a: Iron Valiant|Electric\n|move|p2a: Pinsir|Quick Attack|p1a: Iron Valiant\n|-resisted|p1a: Iron Valiant\n|-damage|p1a: Iron Valiant|40\/100\n|move|p1a: Iron Valiant|Thunderbolt|p2a: Pinsir\n|-supereffective|p2a: Pinsir\n|-damage|p2a: Pinsir|0 fnt\n|faint|p2a: Pinsir\n|-damage|p1a: Iron Valiant|30\/100|[from] item: Life Orb\n|\n|upkeep\n|\n|t:|1701069725\n|switch|p2a: Clodsire|Clodsire, M|62\/100\n|turn|24\n|\n|t:|1701069730\n|move|p1a: Iron Valiant|Psyshock|p2a: Clodsire\n|-supereffective|p2a: Clodsire\n|-damage|p2a: Clodsire|0 fnt\n|faint|p2a: Clodsire\n|-damage|p1a: Iron Valiant|20\/100|[from] item: Life Orb\n|\n|upkeep\n|\n|t:|1701069741\n|switch|p2a: Empoleon|Empoleon, M, tera:Ghost|51\/100\n|turn|25\n|\n|t:|1701069747\n|move|p1a: Iron Valiant|Thunderbolt|p2a: Empoleon\n|-damage|p2a: Empoleon|0 fnt\n|faint|p2a: Empoleon\n|-damage|p1a: Iron Valiant|11\/100|[from] item: Life Orb\n|\n|upkeep\n|\n|t:|1701069759\n|switch|p2a: Heatran|Heatran, M|100\/100\n|turn|26\n|-message|hanwujiwandou forfeited.\n|\n|win|Bohabi\n|raw|Bohabi's rating: 1536 &rarr; <strong>1551<\/strong><br \/>(+15 for winning)\n|raw|hanwujiwandou's rating: 1446 &rarr; <strong>1431<\/strong><br \/>(-15 for losing)\n|l|\u203dhanwujiwandou\n","uploadtime":1701069786,"views":23,"p1id":"bohabi","p2id":"hanwujiwandou","formatid":"gen9nationaldex","rating":1431,"private":0,"password":""}