{"id":"gen9nationaldex-1988796219","p1":"raynee22","p2":"dinosrrcool","format":"[Gen 9] National Dex","log":"|j|\u2606raynee22\n|j|\u2606dinosrrcool\n|t:|1699764384\n|gametype|singles\n|player|p1|raynee22|266|\n|player|p2|dinosrrcool|lady|\n|teamsize|p1|6\n|teamsize|p2|6\n|gen|9\n|tier|[Gen 9] National Dex\n|rule|HP Percentage Mod: HP is shown in percentages\n|rule|Endless Battle Clause: Forcing endless battles is banned\n|rule|OHKO Clause: OHKO moves are banned\n|rule|Evasion Clause: Evasion abilities, items, and moves are banned\n|rule|Evasion Abilities Clause: Evasion abilities are banned\n|rule|Evasion Items Clause: Evasion items are banned\n|rule|Evasion Moves Clause: Evasion moves are banned\n|rule|Species Clause: Limit one of each Pok\u00e9mon\n|rule|Sleep Clause Mod: Limit one foe put to sleep\n|clearpoke\n|poke|p1|Empoleon, M|\n|poke|p1|Scizor, M|\n|poke|p1|Greninja-*, F|\n|poke|p1|Lilligant-Hisui, F|\n|poke|p1|Nidoking, M|\n|poke|p1|Pawmot, F|\n|poke|p2|Breloom, F|\n|poke|p2|Ampharos, M|\n|poke|p2|Ceruledge, F|\n|poke|p2|Hatterene, F|\n|poke|p2|Marowak, F|\n|poke|p2|Staraptor, F|\n|teampreview\n|\n|t:|1699764440\n|start\n|switch|p1a: Cold Birb|Empoleon, M|100\/100\n|switch|p2a: Pete Wentz|Staraptor, F|100\/100\n|turn|1\n|\n|t:|1699764451\n|move|p2a: Pete Wentz|U-turn|p1a: Cold Birb\n|-resisted|p1a: Cold Birb\n|-damage|p1a: Cold Birb|84\/100\n|\n|t:|1699764462\n|switch|p2a: Charlie|Breloom, F, shiny|100\/100|[from] U-turn\n|move|p1a: Cold Birb|Yawn|p2a: Charlie\n|-start|p2a: Charlie|move: Yawn|[of] p1a: Cold Birb\n|\n|-heal|p1a: Cold Birb|91\/100|[from] item: Leftovers\n|upkeep\n|turn|2\n|\n|t:|1699764485\n|move|p2a: Charlie|Spore|p1a: Cold Birb\n|-status|p1a: Cold Birb|slp|[from] move: Spore\n|cant|p1a: Cold Birb|slp\n|\n|-heal|p1a: Cold Birb|97\/100 slp|[from] item: Leftovers\n|-end|p2a: Charlie|move: Yawn|[silent]\n|-status|p2a: Charlie|slp\n|upkeep\n|turn|3\n|\n|t:|1699764513\n|switch|p1a: Dancing Flower|Lilligant-Hisui, F|100\/100\n|cant|p2a: Charlie|slp\n|\n|upkeep\n|turn|4\n|\n|t:|1699764535\n|switch|p2a: Pete Wentz|Staraptor, F|100\/100\n|move|p1a: Dancing Flower|Victory Dance|p1a: Dancing Flower\n|-boost|p1a: Dancing Flower|atk|1\n|-boost|p1a: Dancing Flower|def|1\n|-boost|p1a: Dancing Flower|spe|1\n|\n|upkeep\n|turn|5\n|\n|t:|1699764545\n|move|p1a: Dancing Flower|Close Combat|p2a: Pete Wentz\n|-damage|p2a: Pete Wentz|0 fnt\n|-unboost|p1a: Dancing Flower|def|1\n|-unboost|p1a: Dancing Flower|spd|1\n|faint|p2a: Pete Wentz\n|\n|upkeep\n|j| dunsparcedingo\n|\n|t:|1699764588\n|switch|p2a: Edward Knivehands|Ceruledge, F|100\/100\n|turn|6\n|\n|t:|1699764623\n|switch|p1a: BasicallyArmadillo|Nidoking, M|100\/100\n|move|p2a: Edward Knivehands|Close Combat|p1a: BasicallyArmadillo\n|-resisted|p1a: BasicallyArmadillo\n|-damage|p1a: BasicallyArmadillo|67\/100\n|-unboost|p2a: Edward Knivehands|def|1\n|-unboost|p2a: Edward Knivehands|spd|1\n|\n|upkeep\n|turn|7\n|\n|t:|1699764642\n|switch|p2a: thunk|Marowak, F|100\/100\n|move|p1a: BasicallyArmadillo|Earthquake|p2a: thunk\n|-damage|p2a: thunk|55\/100\n|\n|upkeep\n|turn|8\n|\n|t:|1699764658\n|move|p1a: BasicallyArmadillo|Fire Punch|p2a: thunk\n|-damage|p2a: thunk|27\/100\n|move|p2a: thunk|Earthquake|p1a: BasicallyArmadillo\n|-supereffective|p1a: BasicallyArmadillo\n|-damage|p1a: BasicallyArmadillo|0 fnt\n|faint|p1a: BasicallyArmadillo\n|\n|upkeep\n|\n|t:|1699764684\n|switch|p1a: Ninja Frog|Greninja, F|100\/100\n|turn|9\n|j| vuvu42\n|\n|t:|1699764732\n|switch|p2a: Trixie|Ampharos, M, shiny|100\/100\n|move|p1a: Ninja Frog|Liquidation|p2a: Trixie\n|-damage|p2a: Trixie|54\/100\n|-unboost|p2a: Trixie|def|1\n|-damage|p1a: Ninja Frog|91\/100|[from] item: Life Orb\n|\n|upkeep\n|turn|10\n|\n|t:|1699764768\n|detailschange|p2a: Trixie|Ampharos-Mega, M, shiny\n|-mega|p2a: Trixie|Ampharos|Ampharosite\n|-ability|p2a: Trixie|Mold Breaker\n|move|p1a: Ninja Frog|Brick Break|p2a: Trixie\n|-damage|p2a: Trixie|15\/100\n|-damage|p1a: Ninja Frog|81\/100|[from] item: Life Orb\n|move|p2a: Trixie|Thunderbolt|p1a: Ninja Frog\n|-supereffective|p1a: Ninja Frog\n|-damage|p1a: Ninja Frog|0 fnt\n|faint|p1a: Ninja Frog\n|\n|upkeep\n|\n|t:|1699764786\n|switch|p1a: Standing Mouse|Pawmot, F|100\/100\n|turn|11\n|\n|t:|1699764811\n|switch|p2a: Willow|Hatterene, F|100\/100\n|move|p1a: Standing Mouse|Crunch|p2a: Willow\n|-damage|p2a: Willow|69\/100\n|\n|-heal|p2a: Willow|75\/100|[from] item: Leftovers\n|upkeep\n|turn|12\n|\n|t:|1699764859\n|move|p1a: Standing Mouse|Revival Blessing|p1a: Standing Mouse\n|\n|t:|1699764863\n|-heal|p1: Ninja Frog|50\/100|[from] move: Revival Blessing\n|move|p2a: Willow|Draining Kiss|p1a: Standing Mouse\n|-supereffective|p1a: Standing Mouse\n|-enditem|p1a: Standing Mouse|Focus Sash\n|-damage|p1a: Standing Mouse|1\/100\n|-heal|p2a: Willow|100\/100|[from] drain|[of] p1a: Standing Mouse\n|\n|upkeep\n|turn|13\n|\n|t:|1699764878\n|move|p1a: Standing Mouse|Crunch|p2a: Willow\n|-damage|p2a: Willow|69\/100\n|move|p2a: Willow|Trick Room|p2a: Willow\n|-fieldstart|move: Trick Room|[of] p2a: Willow\n|\n|-heal|p2a: Willow|75\/100|[from] item: Leftovers\n|upkeep\n|turn|14\n|\n|t:|1699764899\n|move|p2a: Willow|Draining Kiss|p1a: Standing Mouse\n|-supereffective|p1a: Standing Mouse\n|-damage|p1a: Standing Mouse|0 fnt\n|-heal|p2a: Willow|75\/100|[from] drain|[of] p1a: Standing Mouse\n|faint|p1a: Standing Mouse\n|\n|-heal|p2a: Willow|81\/100|[from] item: Leftovers\n|upkeep\n|\n|t:|1699764930\n|switch|p1a: Cold Birb|Empoleon, M|97\/100 slp\n|turn|15\n|\n|t:|1699764954\n|move|p2a: Willow|Draining Kiss|p1a: Cold Birb\n|-resisted|p1a: Cold Birb\n|-damage|p1a: Cold Birb|87\/100 slp\n|-heal|p2a: Willow|89\/100|[from] drain|[of] p1a: Cold Birb\n|-curestatus|p1a: Cold Birb|slp|[msg]\n|move|p1a: Cold Birb|Scald|p2a: Willow\n|-damage|p2a: Willow|59\/100\n|-status|p2a: Willow|brn\n|\n|-heal|p2a: Willow|65\/100 brn|[from] item: Leftovers\n|-heal|p1a: Cold Birb|93\/100|[from] item: Leftovers\n|-damage|p2a: Willow|59\/100 brn|[from] brn\n|upkeep\n|turn|16\n|\n|t:|1699764972\n|-terastallize|p1a: Cold Birb|Fire\n|move|p2a: Willow|Calm Mind|p2a: Willow\n|-boost|p2a: Willow|spa|1\n|-boost|p2a: Willow|spd|1\n|move|p1a: Cold Birb|Hidden Power|p2a: Willow\n|-damage|p2a: Willow|43\/100 brn\n|\n|-heal|p2a: Willow|49\/100 brn|[from] item: Leftovers\n|-heal|p1a: Cold Birb|99\/100|[from] item: Leftovers\n|-damage|p2a: Willow|43\/100 brn|[from] brn\n|upkeep\n|turn|17\n|\n|t:|1699764985\n|move|p2a: Willow|Draining Kiss|p1a: Cold Birb\n|-resisted|p1a: Cold Birb\n|-damage|p1a: Cold Birb|84\/100\n|-heal|p2a: Willow|57\/100 brn|[from] drain|[of] p1a: Cold Birb\n|move|p1a: Cold Birb|Hidden Power|p2a: Willow\n|-damage|p2a: Willow|40\/100 brn\n|\n|-heal|p2a: Willow|46\/100 brn|[from] item: Leftovers\n|-heal|p1a: Cold Birb|90\/100|[from] item: Leftovers\n|-damage|p2a: Willow|40\/100 brn|[from] brn\n|-fieldend|move: Trick Room\n|upkeep\n|turn|18\n|\n|t:|1699765031\n|move|p1a: Cold Birb|Hidden Power|p2a: Willow\n|-crit|p2a: Willow\n|-damage|p2a: Willow|4\/100 brn\n|move|p2a: Willow|Psychic|p1a: Cold Birb\n|-damage|p1a: Cold Birb|39\/100\n|\n|-heal|p1a: Cold Birb|45\/100|[from] item: Leftovers\n|-heal|p2a: Willow|10\/100 brn|[from] item: Leftovers\n|-damage|p2a: Willow|4\/100 brn|[from] brn\n|upkeep\n|turn|19\n|\n|t:|1699765048\n|move|p1a: Cold Birb|Hidden Power|p2a: Willow\n|-damage|p2a: Willow|0 fnt\n|faint|p2a: Willow\n|\n|-heal|p1a: Cold Birb|51\/100|[from] item: Leftovers\n|upkeep\n|\n|t:|1699765071\n|switch|p2a: thunk|Marowak, F|27\/100\n|turn|20\n|\n|t:|1699765076\n|move|p1a: Cold Birb|Scald|p2a: thunk\n|-supereffective|p2a: thunk\n|-damage|p2a: thunk|0 fnt\n|faint|p2a: thunk\n|\n|-heal|p1a: Cold Birb|57\/100|[from] item: Leftovers\n|upkeep\n|\n|t:|1699765088\n|switch|p2a: Edward Knivehands|Ceruledge, F|100\/100\n|turn|21\n|\n|t:|1699765097\n|move|p2a: Edward Knivehands|Shadow Sneak|p1a: Cold Birb\n|-damage|p1a: Cold Birb|35\/100\n|move|p1a: Cold Birb|Scald|p2a: Edward Knivehands\n|-supereffective|p2a: Edward Knivehands\n|-damage|p2a: Edward Knivehands|26\/100\n|\n|-heal|p1a: Cold Birb|42\/100|[from] item: Leftovers\n|upkeep\n|turn|22\n|\n|t:|1699765120\n|move|p2a: Edward Knivehands|Close Combat|p1a: Cold Birb\n|-damage|p1a: Cold Birb|0 fnt\n|-unboost|p2a: Edward Knivehands|def|1\n|-unboost|p2a: Edward Knivehands|spd|1\n|faint|p1a: Cold Birb\n|\n|upkeep\n|\n|t:|1699765133\n|switch|p1a: Ninja Frog|Greninja, F|50\/100\n|turn|23\n|\n|t:|1699765145\n|move|p1a: Ninja Frog|Liquidation|p2a: Edward Knivehands\n|-supereffective|p2a: Edward Knivehands\n|-damage|p2a: Edward Knivehands|0 fnt\n|faint|p2a: Edward Knivehands\n|-damage|p1a: Ninja Frog|40\/100|[from] item: Life Orb\n|\n|upkeep\n|\n|t:|1699765159\n|switch|p2a: Trixie|Ampharos-Mega, M, shiny|15\/100\n|-ability|p2a: Trixie|Mold Breaker\n|turn|24\n|\n|t:|1699765189\n|move|p2a: Trixie|Protect|p2a: Trixie\n|-singleturn|p2a: Trixie|Protect\n|move|p1a: Ninja Frog|Gunk Shot|p2a: Trixie\n|-activate|p2a: Trixie|move: Protect\n|\n|upkeep\n|turn|25\n|\n|t:|1699765205\n|move|p1a: Ninja Frog|Night Slash|p2a: Trixie\n|-damage|p2a: Trixie|0 fnt\n|faint|p2a: Trixie\n|-damage|p1a: Ninja Frog|31\/100|[from] item: Life Orb\n|\n|upkeep\n|\n|t:|1699765210\n|switch|p2a: Charlie|Breloom, F, shiny|100\/100 slp\n|turn|26\n|\n|t:|1699765214\n|move|p1a: Ninja Frog|Liquidation|p2a: Charlie\n|-resisted|p2a: Charlie\n|-damage|p2a: Charlie|50\/100 slp\n|-damage|p1a: Ninja Frog|21\/100|[from] item: Life Orb\n|cant|p2a: Charlie|slp\n|\n|upkeep\n|turn|27\n|\n|t:|1699765230\n|move|p1a: Ninja Frog|Liquidation|p2a: Charlie\n|-resisted|p2a: Charlie\n|-damage|p2a: Charlie|0 fnt\n|faint|p2a: Charlie\n|-damage|p1a: Ninja Frog|11\/100|[from] item: Life Orb\n|\n|win|raynee22\n","uploadtime":1699765238,"views":7,"p1id":"raynee22","p2id":"dinosrrcool","formatid":"gen9nationaldex","rating":0,"private":0,"password":""}