{"id":"gen9nationaldex-2000355744","p1":"IronValiantIsHot","p2":"ninjatime678","format":"[Gen 9] National Dex","log":"|html|<div class=\"broadcast-blue\"><strong>[Gen 9] National Dex is currently suspecting Sneasler! For information on how to participate check out the <a href=\"https:\/\/www.smogon.com\/forums\/threads\/sv-national-dex-suspect-8-just-dance.3731534\/\">suspect thread<\/a>.<\/strong><\/div>\n|j|\u203dIronValiantIsHot\n|j|\u2606ninjatime678\n|t:|1701187819\n|gametype|singles\n|player|p1|IronValiantIsHot|winona|1223\n|player|p2|ninjatime678|102|1135\n|teamsize|p1|6\n|teamsize|p2|6\n|gen|9\n|tier|[Gen 9] National Dex\n|rated|\n|rule|HP Percentage Mod: HP is shown in percentages\n|rule|Endless Battle Clause: Forcing endless battles is banned\n|rule|OHKO Clause: OHKO moves are banned\n|rule|Evasion Clause: Evasion abilities, items, and moves are banned\n|rule|Evasion Abilities Clause: Evasion abilities are banned\n|rule|Evasion Items Clause: Evasion items are banned\n|rule|Evasion Moves Clause: Evasion moves are banned\n|rule|Species Clause: Limit one of each Pok\u00e9mon\n|rule|Sleep Clause Mod: Limit one foe put to sleep\n|clearpoke\n|poke|p1|Ferrothorn, M|\n|poke|p1|Urshifu-*, M|\n|poke|p1|Zapdos|\n|poke|p1|Ogerpon-Wellspring, F|\n|poke|p1|Heatran, F|\n|poke|p1|Scizor, M|\n|poke|p2|Decidueye-Hisui, M|\n|poke|p2|Basculegion, M|\n|poke|p2|Ursaluna, F|\n|poke|p2|Kleavor, M|\n|poke|p2|Goodra-Hisui, F|\n|poke|p2|Braviary-Hisui, M|\n|teampreview\n|inactive|Battle timer is ON: inactive players will automatically lose when time's up. (requested by IronValiantIsHot)\n|\n|t:|1701187840\n|start\n|switch|p1a: Ferrothorn|Ferrothorn, M|100\/100\n|switch|p2a: Kleavor|Kleavor, M|100\/100\n|turn|1\n|\n|t:|1701187868\n|move|p2a: Kleavor|Stone Axe|p1a: Ferrothorn\n|-resisted|p1a: Ferrothorn\n|-damage|p1a: Ferrothorn|84\/100\n|-damage|p2a: Kleavor|88\/100|[from] ability: Iron Barbs|[of] p1a: Ferrothorn\n|-sidestart|p1: IronValiantIsHot|move: Stealth Rock\n|move|p1a: Ferrothorn|Stealth Rock|p2a: Kleavor\n|-sidestart|p2: ninjatime678|move: Stealth Rock\n|\n|-heal|p1a: Ferrothorn|90\/100|[from] item: Leftovers\n|upkeep\n|turn|2\n|\n|t:|1701187876\n|move|p2a: Kleavor|Close Combat|p1a: Ferrothorn\n|-supereffective|p1a: Ferrothorn\n|-damage|p1a: Ferrothorn|32\/100\n|-unboost|p2a: Kleavor|def|1\n|-unboost|p2a: Kleavor|spd|1\n|-damage|p2a: Kleavor|76\/100|[from] ability: Iron Barbs|[of] p1a: Ferrothorn\n|move|p1a: Ferrothorn|Leech Seed|p2a: Kleavor\n|-start|p2a: Kleavor|move: Leech Seed\n|\n|-heal|p1a: Ferrothorn|39\/100|[from] item: Leftovers\n|-damage|p2a: Kleavor|63\/100|[from] Leech Seed|[of] p1a: Ferrothorn\n|-heal|p1a: Ferrothorn|49\/100|[silent]\n|upkeep\n|turn|3\n|inactive|ninjatime678 has 120 seconds left.\n|\n|t:|1701187904\n|switch|p1a: Zapdos|Zapdos|100\/100\n|move|p2a: Kleavor|Close Combat|p1a: Zapdos\n|-resisted|p1a: Zapdos\n|-damage|p1a: Zapdos|83\/100\n|-unboost|p2a: Kleavor|def|1\n|-unboost|p2a: Kleavor|spd|1\n|\n|-damage|p2a: Kleavor|51\/100|[from] Leech Seed|[of] p1a: Zapdos\n|-heal|p1a: Zapdos|92\/100|[silent]\n|upkeep\n|turn|4\n|\n|t:|1701187913\n|switch|p1a: Ferrothorn|Ferrothorn, M|49\/100\n|-damage|p1a: Ferrothorn|42\/100|[from] Stealth Rock\n|move|p2a: Kleavor|Stone Axe|p1a: Ferrothorn\n|-resisted|p1a: Ferrothorn\n|-damage|p1a: Ferrothorn|24\/100\n|-damage|p2a: Kleavor|38\/100|[from] ability: Iron Barbs|[of] p1a: Ferrothorn\n|\n|-heal|p1a: Ferrothorn|31\/100|[from] item: Leftovers\n|-damage|p2a: Kleavor|26\/100|[from] Leech Seed|[of] p1a: Ferrothorn\n|-heal|p1a: Ferrothorn|41\/100|[silent]\n|upkeep\n|turn|5\n|\n|t:|1701187926\n|move|p2a: Kleavor|Stone Axe|p1a: Ferrothorn\n|-resisted|p1a: Ferrothorn\n|-damage|p1a: Ferrothorn|24\/100\n|-damage|p2a: Kleavor|13\/100|[from] ability: Iron Barbs|[of] p1a: Ferrothorn\n|move|p1a: Ferrothorn|Gyro Ball|p2a: Kleavor\n|-supereffective|p2a: Kleavor\n|-damage|p2a: Kleavor|0 fnt\n|faint|p2a: Kleavor\n|\n|-heal|p1a: Ferrothorn|31\/100|[from] item: Leftovers\n|upkeep\n|\n|t:|1701187934\n|switch|p2a: Decidueye|Decidueye-Hisui, M|100\/100\n|-damage|p2a: Decidueye|95\/100|[from] Stealth Rock\n|turn|6\n|\n|t:|1701187940\n|move|p2a: Decidueye|Trailblaze|p1a: Ferrothorn\n|-resisted|p1a: Ferrothorn\n|-damage|p1a: Ferrothorn|27\/100\n|-boost|p2a: Decidueye|spe|1\n|-damage|p2a: Decidueye|82\/100|[from] ability: Iron Barbs|[of] p1a: Ferrothorn\n|move|p1a: Ferrothorn|Gyro Ball|p2a: Decidueye\n|-damage|p2a: Decidueye|13\/100\n|\n|-heal|p1a: Ferrothorn|33\/100|[from] item: Leftovers\n|upkeep\n|turn|7\n|\n|t:|1701187950\n|move|p2a: Decidueye|Triple Arrows|p1a: Ferrothorn\n|-supereffective|p1a: Ferrothorn\n|-damage|p1a: Ferrothorn|0 fnt\n|faint|p1a: Ferrothorn\n|\n|upkeep\n|\n|t:|1701187955\n|switch|p1a: Scizor|Scizor, M|100\/100\n|-damage|p1a: Scizor|88\/100|[from] Stealth Rock\n|turn|8\n|\n|t:|1701187959\n|detailschange|p1a: Scizor|Scizor-Mega, M\n|-mega|p1a: Scizor|Scizor|Scizorite\n|move|p2a: Decidueye|Sucker Punch|p1a: Scizor\n|-crit|p1a: Scizor\n|-damage|p1a: Scizor|59\/100\n|move|p1a: Scizor|Bullet Punch|p2a: Decidueye\n|-damage|p2a: Decidueye|0 fnt\n|faint|p2a: Decidueye\n|\n|upkeep\n|\n|t:|1701187973\n|switch|p2a: Goodra|Goodra-Hisui, F|100\/100\n|-damage|p2a: Goodra|95\/100|[from] Stealth Rock\n|turn|9\n|\n|t:|1701187978\n|move|p1a: Scizor|Swords Dance|p1a: Scizor\n|-boost|p1a: Scizor|atk|2\n|move|p2a: Goodra|Acid Armor|p2a: Goodra\n|-boost|p2a: Goodra|def|2\n|\n|-heal|p2a: Goodra|100\/100|[from] item: Leftovers\n|upkeep\n|turn|10\n|\n|t:|1701187982\n|move|p1a: Scizor|Swords Dance|p1a: Scizor\n|-boost|p1a: Scizor|atk|2\n|move|p2a: Goodra|Acid Armor|p2a: Goodra\n|-boost|p2a: Goodra|def|2\n|\n|upkeep\n|turn|11\n|\n|t:|1701187984\n|move|p1a: Scizor|Swords Dance|p1a: Scizor\n|-boost|p1a: Scizor|atk|2\n|move|p2a: Goodra|Acid Armor|p2a: Goodra\n|-boost|p2a: Goodra|def|2\n|\n|upkeep\n|turn|12\n|\n|t:|1701187988\n|move|p1a: Scizor|Close Combat|p2a: Goodra\n|-supereffective|p2a: Goodra\n|-crit|p2a: Goodra\n|-damage|p2a: Goodra|0 fnt\n|-unboost|p1a: Scizor|def|1\n|-unboost|p1a: Scizor|spd|1\n|faint|p2a: Goodra\n|\n|upkeep\n|c|\u2606ninjatime678|Thats the second time ove been critted first attack\n|c|\u2606ninjatime678|In a row\n|c|\u2606ninjatime678|I hate it here\n|inactive|ninjatime678 has 120 seconds left.\n|\n|t:|1701188021\n|switch|p2a: Braviary|Braviary-Hisui, M, shiny|100\/100\n|-damage|p2a: Braviary|76\/100|[from] Stealth Rock\n|turn|13\n|\n|t:|1701188025\n|move|p1a: Scizor|Bullet Punch|p2a: Braviary\n|-damage|p2a: Braviary|0 fnt\n|faint|p2a: Braviary\n|\n|upkeep\n|\n|t:|1701188028\n|switch|p2a: Basculegion|Basculegion, M|100\/100\n|-damage|p2a: Basculegion|88\/100|[from] Stealth Rock\n|turn|14\n|\n|t:|1701188034\n|move|p1a: Scizor|Bullet Punch|p2a: Basculegion\n|-resisted|p2a: Basculegion\n|-damage|p2a: Basculegion|0 fnt\n|faint|p2a: Basculegion\n|\n|upkeep\n|\n|t:|1701188039\n|switch|p2a: Ursaluna|Ursaluna, F, shiny|100\/100\n|-damage|p2a: Ursaluna|94\/100|[from] Stealth Rock\n|turn|15\n|\n|t:|1701188045\n|move|p1a: Scizor|Bullet Punch|p2a: Ursaluna\n|-damage|p2a: Ursaluna|0 fnt\n|faint|p2a: Ursaluna\n|\n|win|IronValiantIsHot\n|raw|IronValiantIsHot's rating: 1223 &rarr; <strong>1242<\/strong><br \/>(+19 for winning)\n|raw|ninjatime678's rating: 1135 &rarr; <strong>1116<\/strong><br \/>(-19 for losing)\n|l|\u2606ninjatime678\n","uploadtime":1701188065,"views":1,"p1id":"ironvaliantishot","p2id":"ninjatime678","formatid":"gen9nationaldex","rating":1116,"private":0,"password":""}