{"id":"gen9nationaldex-1988813463","p1":"flysix","p2":"heitaok","format":"[Gen 9] National Dex","log":"|j|\u2606flysix\n|j|\u2606heitaok\n|t:|1699766953\n|gametype|singles\n|player|p1|flysix|rosa|1536\n|player|p2|heitaok|gentleman|1565\n|teamsize|p1|6\n|teamsize|p2|6\n|gen|9\n|tier|[Gen 9] National Dex\n|rated|\n|rule|HP Percentage Mod: HP is shown in percentages\n|rule|Endless Battle Clause: Forcing endless battles is banned\n|rule|OHKO Clause: OHKO moves are banned\n|rule|Evasion Clause: Evasion abilities, items, and moves are banned\n|rule|Evasion Abilities Clause: Evasion abilities are banned\n|rule|Evasion Items Clause: Evasion items are banned\n|rule|Evasion Moves Clause: Evasion moves are banned\n|rule|Species Clause: Limit one of each Pok\u00e9mon\n|rule|Sleep Clause Mod: Limit one foe put to sleep\n|clearpoke\n|poke|p1|Scizor, F|\n|poke|p1|Zapdos|\n|poke|p1|Serperior, F|\n|poke|p1|Urshifu-*, F|\n|poke|p1|Garchomp, M|\n|poke|p1|Blacephalon|\n|poke|p2|Tapu Koko|\n|poke|p2|Iron Valiant|\n|poke|p2|Medicham, M|\n|poke|p2|Rotom-Wash|\n|poke|p2|Sneasler, M|\n|poke|p2|Heatran, M|\n|teampreview\n|inactive|Battle timer is ON: inactive players will automatically lose when time's up. (requested by flysix)\n|\n|t:|1699766970\n|start\n|switch|p1a: Blacephalon|Blacephalon|100\/100\n|switch|p2a: Tapu Koko|Tapu Koko|100\/100\n|-fieldstart|move: Electric Terrain|[from] ability: Electric Surge|[of] p2a: Tapu Koko\n|turn|1\n|\n|t:|1699766987\n|move|p1a: Blacephalon|Shadow Ball|p2a: Tapu Koko\n|-damage|p2a: Tapu Koko|29\/100\n|-unboost|p2a: Tapu Koko|spd|1\n|-zpower|p2a: Tapu Koko\n|move|p2a: Tapu Koko|Gigavolt Havoc|p1a: Blacephalon|[zeffect]\n|-damage|p1a: Blacephalon|0 fnt\n|faint|p1a: Blacephalon\n|\n|upkeep\n|\n|t:|1699766995\n|switch|p1a: \u86c7\u86c7|Serperior, F|100\/100\n|turn|2\n|\n|t:|1699767004\n|move|p2a: Tapu Koko|U-turn|p1a: \u86c7\u86c7\n|-supereffective|p1a: \u86c7\u86c7\n|-damage|p1a: \u86c7\u86c7|52\/100\n|\n|t:|1699767007\n|switch|p2a: Heatran|Heatran, M|100\/100|[from] U-turn\n|move|p1a: \u86c7\u86c7|Leech Seed|p2a: Heatran\n|-start|p2a: Heatran|move: Leech Seed\n|\n|-heal|p1a: \u86c7\u86c7|58\/100|[from] item: Leftovers\n|-damage|p2a: Heatran|88\/100|[from] Leech Seed|[of] p1a: \u86c7\u86c7\n|-heal|p1a: \u86c7\u86c7|74\/100|[silent]\n|upkeep\n|turn|3\n|\n|t:|1699767012\n|move|p1a: \u86c7\u86c7|Substitute|p1a: \u86c7\u86c7\n|-start|p1a: \u86c7\u86c7|Substitute\n|-damage|p1a: \u86c7\u86c7|49\/100\n|move|p2a: Heatran|Magma Storm|p1a: \u86c7\u86c7\n|-supereffective|p1a: \u86c7\u86c7\n|-end|p1a: \u86c7\u86c7|Substitute\n|\n|-heal|p1a: \u86c7\u86c7|55\/100|[from] item: Leftovers\n|-heal|p2a: Heatran|94\/100|[from] item: Leftovers\n|-damage|p2a: Heatran|82\/100|[from] Leech Seed|[of] p1a: \u86c7\u86c7\n|-heal|p1a: \u86c7\u86c7|70\/100|[silent]\n|upkeep\n|turn|4\n|\n|t:|1699767035\n|move|p1a: \u86c7\u86c7|Substitute|p1a: \u86c7\u86c7\n|-start|p1a: \u86c7\u86c7|Substitute\n|-damage|p1a: \u86c7\u86c7|45\/100\n|move|p2a: Heatran|Magma Storm|p1a: \u86c7\u86c7\n|-supereffective|p1a: \u86c7\u86c7\n|-end|p1a: \u86c7\u86c7|Substitute\n|\n|-heal|p1a: \u86c7\u86c7|52\/100|[from] item: Leftovers\n|-heal|p2a: Heatran|88\/100|[from] item: Leftovers\n|-damage|p2a: Heatran|76\/100|[from] Leech Seed|[of] p1a: \u86c7\u86c7\n|-heal|p1a: \u86c7\u86c7|67\/100|[silent]\n|upkeep\n|turn|5\n|\n|t:|1699767040\n|move|p1a: \u86c7\u86c7|Substitute|p1a: \u86c7\u86c7\n|-start|p1a: \u86c7\u86c7|Substitute\n|-damage|p1a: \u86c7\u86c7|42\/100\n|move|p2a: Heatran|Taunt|p1a: \u86c7\u86c7\n|-start|p1a: \u86c7\u86c7|move: Taunt\n|\n|-heal|p1a: \u86c7\u86c7|48\/100|[from] item: Leftovers\n|-heal|p2a: Heatran|82\/100|[from] item: Leftovers\n|-damage|p2a: Heatran|69\/100|[from] Leech Seed|[of] p1a: \u86c7\u86c7\n|-heal|p1a: \u86c7\u86c7|64\/100|[silent]\n|-fieldend|move: Electric Terrain\n|upkeep\n|turn|6\n|\n|t:|1699767048\n|move|p1a: \u86c7\u86c7|Leaf Storm|p2a: Heatran\n|-resisted|p2a: Heatran\n|-damage|p2a: Heatran|63\/100\n|-boost|p1a: \u86c7\u86c7|spa|2\n|move|p2a: Heatran|Magma Storm|p1a: \u86c7\u86c7|[miss]\n|-miss|p2a: Heatran|p1a: \u86c7\u86c7\n|\n|-heal|p1a: \u86c7\u86c7|70\/100|[from] item: Leftovers\n|-heal|p2a: Heatran|69\/100|[from] item: Leftovers\n|-damage|p2a: Heatran|56\/100|[from] Leech Seed|[of] p1a: \u86c7\u86c7\n|-heal|p1a: \u86c7\u86c7|85\/100|[silent]\n|upkeep\n|turn|7\n|\n|t:|1699767052\n|move|p1a: \u86c7\u86c7|Leaf Storm|p2a: Heatran\n|-resisted|p2a: Heatran\n|-damage|p2a: Heatran|42\/100\n|-boost|p1a: \u86c7\u86c7|spa|2\n|move|p2a: Heatran|Magma Storm|p1a: \u86c7\u86c7\n|-supereffective|p1a: \u86c7\u86c7\n|-crit|p1a: \u86c7\u86c7\n|-end|p1a: \u86c7\u86c7|Substitute\n|\n|-heal|p1a: \u86c7\u86c7|92\/100|[from] item: Leftovers\n|-heal|p2a: Heatran|48\/100|[from] item: Leftovers\n|-damage|p2a: Heatran|36\/100|[from] Leech Seed|[of] p1a: \u86c7\u86c7\n|-heal|p1a: \u86c7\u86c7|100\/100|[silent]\n|upkeep\n|turn|8\n|\n|t:|1699767057\n|move|p1a: \u86c7\u86c7|Leaf Storm|p2a: Heatran\n|-resisted|p2a: Heatran\n|-damage|p2a: Heatran|14\/100\n|-boost|p1a: \u86c7\u86c7|spa|2\n|move|p2a: Heatran|Magma Storm|p1a: \u86c7\u86c7|[miss]\n|-miss|p2a: Heatran|p1a: \u86c7\u86c7\n|\n|-heal|p2a: Heatran|20\/100|[from] item: Leftovers\n|-damage|p2a: Heatran|7\/100|[from] Leech Seed|[of] p1a: \u86c7\u86c7\n|-end|p1a: \u86c7\u86c7|move: Taunt\n|upkeep\n|turn|9\n|\n|t:|1699767065\n|move|p1a: \u86c7\u86c7|Substitute|p1a: \u86c7\u86c7\n|-start|p1a: \u86c7\u86c7|Substitute\n|-damage|p1a: \u86c7\u86c7|76\/100\n|move|p2a: Heatran|Magma Storm|p1a: \u86c7\u86c7\n|-supereffective|p1a: \u86c7\u86c7\n|-end|p1a: \u86c7\u86c7|Substitute\n|\n|-heal|p1a: \u86c7\u86c7|82\/100|[from] item: Leftovers\n|-heal|p2a: Heatran|13\/100|[from] item: Leftovers\n|-damage|p2a: Heatran|1\/100|[from] Leech Seed|[of] p1a: \u86c7\u86c7\n|-heal|p1a: \u86c7\u86c7|97\/100|[silent]\n|upkeep\n|turn|10\n|\n|t:|1699767070\n|move|p1a: \u86c7\u86c7|Substitute|p1a: \u86c7\u86c7\n|-start|p1a: \u86c7\u86c7|Substitute\n|-damage|p1a: \u86c7\u86c7|72\/100\n|move|p2a: Heatran|Magma Storm|p1a: \u86c7\u86c7\n|-supereffective|p1a: \u86c7\u86c7\n|-end|p1a: \u86c7\u86c7|Substitute\n|\n|-heal|p1a: \u86c7\u86c7|79\/100|[from] item: Leftovers\n|-heal|p2a: Heatran|7\/100|[from] item: Leftovers\n|-damage|p2a: Heatran|0 fnt|[from] Leech Seed|[of] p1a: \u86c7\u86c7\n|-heal|p1a: \u86c7\u86c7|87\/100|[silent]\n|faint|p2a: Heatran\n|upkeep\n|\n|t:|1699767075\n|switch|p2a: Sneasler|Sneasler, M|100\/100\n|turn|11\n|\n|t:|1699767084\n|move|p2a: Sneasler|Dire Claw|p1a: \u86c7\u86c7\n|-supereffective|p1a: \u86c7\u86c7\n|-damage|p1a: \u86c7\u86c7|0 fnt\n|faint|p1a: \u86c7\u86c7\n|\n|upkeep\n|\n|t:|1699767087\n|switch|p1a: Garchomp|Garchomp, M|100\/100\n|turn|12\n|inactive|heitaok has 120 seconds left.\n|\n|t:|1699767121\n|switch|p2a: Tapu Koko|Tapu Koko|29\/100\n|-fieldstart|move: Electric Terrain|[from] ability: Electric Surge|[of] p2a: Tapu Koko\n|move|p1a: Garchomp|Earthquake|p2a: Tapu Koko\n|-supereffective|p2a: Tapu Koko\n|-damage|p2a: Tapu Koko|0 fnt\n|faint|p2a: Tapu Koko\n|\n|upkeep\n|\n|t:|1699767123\n|switch|p2a: Iron Valiant|Iron Valiant|100\/100\n|-activate|p2a: Iron Valiant|ability: Quark Drive\n|-start|p2a: Iron Valiant|quarkdrivespe\n|turn|13\n|\n|t:|1699767133\n|-terastallize|p2a: Iron Valiant|Electric\n|move|p2a: Iron Valiant|Thunderbolt|p1a: Garchomp\n|-immune|p1a: Garchomp\n|move|p1a: Garchomp|Earthquake|p2a: Iron Valiant\n|-supereffective|p2a: Iron Valiant\n|-damage|p2a: Iron Valiant|0 fnt\n|faint|p2a: Iron Valiant\n|-end|p2a: Iron Valiant|Quark Drive|[silent]\n|\n|upkeep\n|\n|t:|1699767140\n|switch|p2a: Sneasler|Sneasler, M|100\/100\n|-enditem|p2a: Sneasler|Electric Seed\n|-boost|p2a: Sneasler|def|1|[from] item: Electric Seed\n|turn|14\n|\n|t:|1699767146\n|move|p2a: Sneasler|Dire Claw|p1a: Garchomp\n|-resisted|p1a: Garchomp\n|-damage|p1a: Garchomp|80\/100\n|-damage|p2a: Sneasler|88\/100|[from] ability: Rough Skin|[of] p1a: Garchomp\n|move|p1a: Garchomp|Earthquake|p2a: Sneasler\n|-supereffective|p2a: Sneasler\n|-damage|p2a: Sneasler|0 fnt\n|faint|p2a: Sneasler\n|\n|upkeep\n|-message|heitaok forfeited.\n|\n|win|flysix\n|raw|flysix's rating: 1536 &rarr; <strong>1558<\/strong><br \/>(+22 for winning)\n|raw|heitaok's rating: 1565 &rarr; <strong>1543<\/strong><br \/>(-22 for losing)\n|l|\u2606heitaok\n","uploadtime":1699767161,"views":4,"p1id":"flysix","p2id":"heitaok","formatid":"gen9nationaldex","rating":1543,"private":0,"password":""}