{"id":"gen9nationaldex-1987415326","p1":"Square K","p2":"playeraccount","format":"[Gen 9] National Dex","log":"|j|\u2606Square K\n|j|\u2606playeraccount\n|t:|1699588377\n|gametype|singles\n|player|p1|Square K|chuck|1456\n|player|p2|playeraccount|bea|1443\n|teamsize|p1|6\n|teamsize|p2|6\n|gen|9\n|tier|[Gen 9] National Dex\n|rated|\n|rule|HP Percentage Mod: HP is shown in percentages\n|rule|Endless Battle Clause: Forcing endless battles is banned\n|rule|OHKO Clause: OHKO moves are banned\n|rule|Evasion Clause: Evasion abilities, items, and moves are banned\n|rule|Evasion Abilities Clause: Evasion abilities are banned\n|rule|Evasion Items Clause: Evasion items are banned\n|rule|Evasion Moves Clause: Evasion moves are banned\n|rule|Species Clause: Limit one of each Pok\u00e9mon\n|rule|Sleep Clause Mod: Limit one foe put to sleep\n|clearpoke\n|poke|p1|Landorus-Therian, M|\n|poke|p1|Heatran, F|\n|poke|p1|Clodsire, F|\n|poke|p1|Lopunny, F|\n|poke|p1|Urshifu-*, F|\n|poke|p1|Corviknight, F|\n|poke|p2|Jirachi|\n|poke|p2|Zapdos|\n|poke|p2|Clodsire, M|\n|poke|p2|Magnezone|\n|poke|p2|Greninja-*, M|\n|poke|p2|Serperior, F|\n|teampreview\n|c|\u2606playeraccount|gl hf\n|\n|t:|1699588396\n|start\n|switch|p1a: \u95ea\u5149\u7684\u5f17\u83b1\u4ec0|Lopunny, F, shiny|100\/100\n|switch|p2a: Greninja|Greninja, M|100\/100\n|turn|1\n|inactive|Battle timer is ON: inactive players will automatically lose when time's up. (requested by Square K)\n|\n|t:|1699588403\n|switch|p2a: Zapdos|Zapdos|100\/100\n|detailschange|p1a: \u95ea\u5149\u7684\u5f17\u83b1\u4ec0|Lopunny-Mega, F, shiny\n|-mega|p1a: \u95ea\u5149\u7684\u5f17\u83b1\u4ec0|Lopunny|Lopunnite\n|move|p1a: \u95ea\u5149\u7684\u5f17\u83b1\u4ec0|Fake Out|p2a: Zapdos\n|-damage|p2a: Zapdos|82\/100\n|\n|upkeep\n|turn|2\n|\n|t:|1699588424\n|switch|p1a: \u732a\u795e|Clodsire, F|100\/100\n|move|p2a: Zapdos|U-turn|p1a: \u732a\u795e\n|-resisted|p1a: \u732a\u795e\n|-damage|p1a: \u732a\u795e|94\/100\n|\n|t:|1699588430\n|switch|p2a: Serperior|Serperior, F|100\/100|[from] U-turn\n|\n|-heal|p1a: \u732a\u795e|99\/100|[from] item: Black Sludge\n|upkeep\n|turn|3\n|\n|t:|1699588440\n|switch|p1a: \u91d1\u5c5e\u9a91\u58eb|Heatran, F|100\/100\n|move|p2a: Serperior|Leaf Storm|p1a: \u91d1\u5c5e\u9a91\u58eb\n|-resisted|p1a: \u91d1\u5c5e\u9a91\u58eb\n|-damage|p1a: \u91d1\u5c5e\u9a91\u58eb|90\/100\n|-boost|p2a: Serperior|spa|2\n|\n|-heal|p1a: \u91d1\u5c5e\u9a91\u58eb|97\/100|[from] item: Leftovers\n|upkeep\n|turn|4\n|\n|t:|1699588451\n|switch|p2a: Clodsire|Clodsire, M|100\/100\n|move|p1a: \u91d1\u5c5e\u9a91\u58eb|Heat Wave|p2a: Clodsire\n|-damage|p2a: Clodsire|74\/100\n|\n|-heal|p1a: \u91d1\u5c5e\u9a91\u58eb|100\/100|[from] item: Leftovers\n|-heal|p2a: Clodsire|80\/100|[from] item: Leftovers\n|upkeep\n|turn|5\n|\n|t:|1699588457\n|-terastallize|p1a: \u91d1\u5c5e\u9a91\u58eb|Grass\n|move|p1a: \u91d1\u5c5e\u9a91\u58eb|Earth Power|p2a: Clodsire\n|-supereffective|p2a: Clodsire\n|-damage|p2a: Clodsire|42\/100\n|move|p2a: Clodsire|Stealth Rock|p1a: \u91d1\u5c5e\u9a91\u58eb\n|-sidestart|p1: Square K|move: Stealth Rock\n|\n|-heal|p2a: Clodsire|49\/100|[from] item: Leftovers\n|upkeep\n|turn|6\n|\n|t:|1699588463\n|move|p1a: \u91d1\u5c5e\u9a91\u58eb|Earth Power|p2a: Clodsire\n|-supereffective|p2a: Clodsire\n|-damage|p2a: Clodsire|9\/100\n|-unboost|p2a: Clodsire|spd|1\n|move|p2a: Clodsire|Toxic|p1a: \u91d1\u5c5e\u9a91\u58eb\n|-status|p1a: \u91d1\u5c5e\u9a91\u58eb|tox\n|\n|-heal|p2a: Clodsire|16\/100|[from] item: Leftovers\n|-damage|p1a: \u91d1\u5c5e\u9a91\u58eb|94\/100 tox|[from] psn\n|upkeep\n|turn|7\n|\n|t:|1699588469\n|switch|p2a: Zapdos|Zapdos|82\/100\n|move|p1a: \u91d1\u5c5e\u9a91\u58eb|Earth Power|p2a: Zapdos\n|-immune|p2a: Zapdos\n|\n|-heal|p1a: \u91d1\u5c5e\u9a91\u58eb|100\/100 tox|[from] item: Leftovers\n|-damage|p1a: \u91d1\u5c5e\u9a91\u58eb|88\/100 tox|[from] psn\n|upkeep\n|turn|8\n|\n|t:|1699588475\n|move|p2a: Zapdos|U-turn|p1a: \u91d1\u5c5e\u9a91\u58eb\n|-supereffective|p1a: \u91d1\u5c5e\u9a91\u58eb\n|-damage|p1a: \u91d1\u5c5e\u9a91\u58eb|66\/100 tox\n|\n|t:|1699588496\n|switch|p2a: Clodsire|Clodsire, M|16\/100|[from] U-turn\n|move|p1a: \u91d1\u5c5e\u9a91\u58eb|Heat Wave|p2a: Clodsire\n|-damage|p2a: Clodsire|0 fnt\n|faint|p2a: Clodsire\n|\n|-heal|p1a: \u91d1\u5c5e\u9a91\u58eb|72\/100 tox|[from] item: Leftovers\n|-damage|p1a: \u91d1\u5c5e\u9a91\u58eb|53\/100 tox|[from] psn\n|upkeep\n|\n|t:|1699588507\n|switch|p2a: Zapdos|Zapdos|82\/100\n|turn|9\n|\n|t:|1699588512\n|switch|p1a: \u6b7b\u4ea1\u6539\u9020\u4eba|Corviknight, F|100\/100\n|-damage|p1a: \u6b7b\u4ea1\u6539\u9020\u4eba|88\/100|[from] Stealth Rock\n|move|p2a: Zapdos|Discharge|p1a: \u6b7b\u4ea1\u6539\u9020\u4eba\n|-supereffective|p1a: \u6b7b\u4ea1\u6539\u9020\u4eba\n|-damage|p1a: \u6b7b\u4ea1\u6539\u9020\u4eba|17\/100\n|\n|upkeep\n|turn|10\n|\n|t:|1699588519\n|move|p2a: Zapdos|Discharge|p1a: \u6b7b\u4ea1\u6539\u9020\u4eba\n|-supereffective|p1a: \u6b7b\u4ea1\u6539\u9020\u4eba\n|-damage|p1a: \u6b7b\u4ea1\u6539\u9020\u4eba|0 fnt\n|faint|p1a: \u6b7b\u4ea1\u6539\u9020\u4eba\n|\n|upkeep\n|\n|t:|1699588523\n|switch|p1a: king|Landorus-Therian, M|100\/100\n|-damage|p1a: king|88\/100|[from] Stealth Rock\n|-ability|p1a: king|Intimidate|boost\n|-unboost|p2a: Zapdos|atk|1\n|turn|11\n|\n|t:|1699588533\n|move|p2a: Zapdos|U-turn|p1a: king\n|-resisted|p1a: king\n|-damage|p1a: king|84\/100\n|\n|t:|1699588536\n|switch|p2a: Serperior|Serperior, F|100\/100|[from] U-turn\n|-zpower|p1a: king\n|move|p1a: king|Continental Crush|p2a: Serperior|[zeffect]\n|-damage|p2a: Serperior|14\/100\n|\n|upkeep\n|turn|12\n|\n|t:|1699588541\n|move|p2a: Serperior|Leaf Storm|p1a: king\n|-damage|p1a: king|34\/100\n|-boost|p2a: Serperior|spa|2\n|move|p1a: king|Knock Off|p2a: Serperior\n|-damage|p2a: Serperior|0 fnt\n|-enditem|p2a: Serperior|Choice Scarf|[from] move: Knock Off|[of] p1a: king\n|faint|p2a: Serperior\n|\n|upkeep\n|\n|t:|1699588545\n|switch|p2a: Greninja|Greninja, M|100\/100\n|turn|13\n|\n|t:|1699588551\n|switch|p1a: \u732a\u795e|Clodsire, F|99\/100\n|-damage|p1a: \u732a\u795e|94\/100|[from] Stealth Rock\n|move|p2a: Greninja|Dark Pulse|p1a: \u732a\u795e\n|-damage|p1a: \u732a\u795e|76\/100\n|\n|-heal|p1a: \u732a\u795e|82\/100|[from] item: Black Sludge\n|upkeep\n|turn|14\n|\n|t:|1699588557\n|-terastallize|p2a: Greninja|Dark\n|move|p2a: Greninja|Dark Pulse|p1a: \u732a\u795e\n|-damage|p1a: \u732a\u795e|53\/100\n|move|p1a: \u732a\u795e|Yawn|p2a: Greninja\n|-start|p2a: Greninja|move: Yawn|[of] p1a: \u732a\u795e\n|\n|-heal|p1a: \u732a\u795e|60\/100|[from] item: Black Sludge\n|upkeep\n|turn|15\n|\n|t:|1699588567\n|switch|p2a: Zapdos|Zapdos|82\/100\n|move|p1a: \u732a\u795e|Recover|p1a: \u732a\u795e\n|-heal|p1a: \u732a\u795e|100\/100\n|\n|upkeep\n|turn|16\n|\n|t:|1699588573\n|move|p2a: Zapdos|U-turn|p1a: \u732a\u795e\n|-resisted|p1a: \u732a\u795e\n|-damage|p1a: \u732a\u795e|93\/100\n|\n|t:|1699588582\n|switch|p2a: Greninja|Greninja, M, tera:Dark|100\/100|[from] U-turn\n|move|p1a: \u732a\u795e|Yawn|p2a: Greninja\n|-start|p2a: Greninja|move: Yawn|[of] p1a: \u732a\u795e\n|\n|-heal|p1a: \u732a\u795e|99\/100|[from] item: Black Sludge\n|upkeep\n|turn|17\n|\n|t:|1699588599\n|switch|p2a: Jirachi|Jirachi|100\/100\n|switch|p1a: king|Landorus-Therian, M|34\/100\n|-damage|p1a: king|22\/100|[from] Stealth Rock\n|-ability|p1a: king|Intimidate|boost\n|-unboost|p2a: Jirachi|atk|1\n|\n|upkeep\n|turn|18\n|\n|t:|1699588608\n|switch|p2a: Zapdos|Zapdos|82\/100\n|move|p1a: king|Earthquake|p2a: Zapdos\n|-immune|p2a: Zapdos\n|\n|upkeep\n|turn|19\n|\n|t:|1699588611\n|move|p2a: Zapdos|U-turn|p1a: king\n|-resisted|p1a: king\n|-damage|p1a: king|15\/100\n|\n|t:|1699588615\n|switch|p2a: Greninja|Greninja, M, tera:Dark|100\/100|[from] U-turn\n|move|p1a: king|Stone Edge|p2a: Greninja\n|-damage|p2a: Greninja|33\/100\n|\n|upkeep\n|turn|20\n|\n|t:|1699588637\n|switch|p1a: \u732a\u795e|Clodsire, F|99\/100\n|-damage|p1a: \u732a\u795e|93\/100|[from] Stealth Rock\n|move|p2a: Greninja|Dark Pulse|p1a: \u732a\u795e\n|-damage|p1a: \u732a\u795e|67\/100\n|\n|-heal|p1a: \u732a\u795e|73\/100|[from] item: Black Sludge\n|upkeep\n|turn|21\n|\n|t:|1699588644\n|move|p2a: Greninja|Dark Pulse|p1a: \u732a\u795e\n|-damage|p1a: \u732a\u795e|44\/100\n|move|p1a: \u732a\u795e|Yawn|p2a: Greninja\n|-start|p2a: Greninja|move: Yawn|[of] p1a: \u732a\u795e\n|\n|-heal|p1a: \u732a\u795e|50\/100|[from] item: Black Sludge\n|upkeep\n|turn|22\n|\n|t:|1699588652\n|move|p2a: Greninja|Surf|p1a: \u732a\u795e\n|-heal|p1a: \u732a\u795e|75\/100|[from] ability: Water Absorb|[of] p2a: Greninja\n|move|p1a: \u732a\u795e|Recover|p1a: \u732a\u795e\n|-heal|p1a: \u732a\u795e|100\/100\n|\n|-end|p2a: Greninja|move: Yawn|[silent]\n|-status|p2a: Greninja|slp\n|upkeep\n|turn|23\n|c|\u2606playeraccount|gg\n|-message|playeraccount forfeited.\n|\n|win|Square K\n|raw|Square K's rating: 1456 &rarr; <strong>1475<\/strong><br \/>(+19 for winning)\n|raw|playeraccount's rating: 1443 &rarr; <strong>1424<\/strong><br \/>(-19 for losing)\n|l|\u2606playeraccount\n","uploadtime":1699588670,"views":4,"p1id":"squarek","p2id":"playeraccount","formatid":"gen9nationaldex","rating":1424,"private":0,"password":""}