{"id":"gen9nationaldex-1995016865","p1":"Eighty Battles","p2":"JesusPizzaCrusher","format":"[Gen 9] National Dex","log":"|html|<div class=\"broadcast-blue\"><strong>[Gen 9] National Dex is currently suspecting Sneasler! For information on how to participate check out the <a href=\"https:\/\/www.smogon.com\/forums\/threads\/sv-national-dex-suspect-8-just-dance.3731534\/\">suspect thread<\/a>.<\/strong><\/div>\n|j|\u2606Eighty Battles\n|j|\u2606JesusPizzaCrusher\n|t:|1700513740\n|gametype|singles\n|player|p1|Eighty Battles|gentleman-gen4dp|1033\n|player|p2|JesusPizzaCrusher|hugh|1112\n|teamsize|p1|6\n|teamsize|p2|6\n|gen|9\n|tier|[Gen 9] National Dex\n|rated|\n|rule|HP Percentage Mod: HP is shown in percentages\n|rule|Endless Battle Clause: Forcing endless battles is banned\n|rule|OHKO Clause: OHKO moves are banned\n|rule|Evasion Clause: Evasion abilities, items, and moves are banned\n|rule|Evasion Abilities Clause: Evasion abilities are banned\n|rule|Evasion Items Clause: Evasion items are banned\n|rule|Evasion Moves Clause: Evasion moves are banned\n|rule|Species Clause: Limit one of each Pok\u00e9mon\n|rule|Sleep Clause Mod: Limit one foe put to sleep\n|clearpoke\n|poke|p1|Serperior, M|\n|poke|p1|Dachsbun, F|\n|poke|p1|Raichu, F|\n|poke|p1|Tauros-Paldea-Blaze, M|\n|poke|p1|Greedent, F|\n|poke|p1|Seaking, M|\n|poke|p2|Scizor, F|\n|poke|p2|Volcarona, F|\n|poke|p2|Pinsir, F|\n|poke|p2|Lokix, F|\n|poke|p2|Galvantula, F|\n|poke|p2|Araquanid, F|\n|teampreview\n|\n|t:|1700513760\n|start\n|switch|p1a: The Bull|Tauros-Paldea-Blaze, M|100\/100\n|switch|p2a: Galvantula|Galvantula, F, shiny|100\/100\n|turn|1\n|c|\u2606Eighty Battles|Is my team good?\n|c|\u2606JesusPizzaCrusher|i'm not very familiar with gen 9 mon\n|c|\u2606JesusPizzaCrusher|but serperior is really good\n|c|\u2606JesusPizzaCrusher|and raichu can work really well\n|\n|t:|1700513799\n|move|p2a: Galvantula|Thunder Wave|p1a: The Bull\n|-status|p1a: The Bull|par\n|move|p1a: The Bull|Raging Bull|p2a: Galvantula\n|-supereffective|p2a: Galvantula\n|-enditem|p2a: Galvantula|Focus Sash\n|-damage|p2a: Galvantula|1\/100\n|\n|upkeep\n|turn|2\n|\n|t:|1700513813\n|move|p2a: Galvantula|Sticky Web|p1a: The Bull\n|-sidestart|p1: Eighty Battles|move: Sticky Web\n|cant|p1a: The Bull|par\n|\n|upkeep\n|turn|3\n|c|\u2606Eighty Battles|I have a really good strategy with Greedent.\n|c|\u2606JesusPizzaCrusher|i think i saw a greedent strat once\n|c|\u2606JesusPizzaCrusher|but it was so long ago i forgor\n|\n|t:|1700513884\n|move|p2a: Galvantula|Discharge|p1a: The Bull\n|-damage|p1a: The Bull|44\/100 par\n|move|p1a: The Bull|Trailblaze|p2a: Galvantula\n|-resisted|p2a: Galvantula\n|-damage|p2a: Galvantula|0 fnt\n|-boost|p1a: The Bull|spe|1\n|faint|p2a: Galvantula\n|\n|upkeep\n|\n|t:|1700513901\n|switch|p2a: Guilotine|Pinsir, F|100\/100\n|turn|4\n|\n|t:|1700513908\n|detailschange|p2a: Guilotine|Pinsir-Mega, F\n|-mega|p2a: Guilotine|Pinsir|Pinsirite\n|move|p2a: Guilotine|Quick Attack|p1a: The Bull\n|-supereffective|p1a: The Bull\n|-damage|p1a: The Bull|0 fnt\n|faint|p1a: The Bull\n|\n|upkeep\n|\n|t:|1700513915\n|switch|p1a: Storm Summoner|Raichu, F|100\/100\n|-item|p1a: Storm Summoner|Air Balloon\n|turn|5\n|c|\u2606Eighty Battles|I was expecting Scisor.\n|\n|t:|1700513943\n|move|p2a: Guilotine|X-Scissor|p1a: Storm Summoner\n|-damage|p1a: Storm Summoner|2\/100\n|-enditem|p1a: Storm Summoner|Air Balloon\n|move|p1a: Storm Summoner|Thunder|p2a: Guilotine\n|-supereffective|p2a: Guilotine\n|-damage|p2a: Guilotine|0 fnt\n|faint|p2a: Guilotine\n|\n|upkeep\n|c|\u2606JesusPizzaCrusher|yeah\n|c|\u2606JesusPizzaCrusher|mega scizor is really good\n|c|\u2606JesusPizzaCrusher|but mega pinsir is better at covering types\n|c|\u2606Eighty Battles|Wait you have it?!\n|c|\u2606JesusPizzaCrusher|no\n|c|\u2606Eighty Battles|Good.\n|c|\u2606JesusPizzaCrusher|well i have a version that is mega\n|c|\u2606JesusPizzaCrusher|on box\n|\n|t:|1700513995\n|switch|p2a: Kamen Rider|Lokix, F|100\/100\n|turn|6\n|c|\u2606JesusPizzaCrusher|but i rarely use it\n|\n|t:|1700514019\n|move|p2a: Kamen Rider|First Impression|p1a: Storm Summoner\n|-damage|p1a: Storm Summoner|0 fnt\n|faint|p1a: Storm Summoner\n|-damage|p2a: Kamen Rider|91\/100|[from] item: Life Orb\n|\n|upkeep\n|\n|t:|1700514032\n|switch|p1a: Dragon Cooker|Dachsbun, F|100\/100\n|-activate|p1a: Dragon Cooker|move: Sticky Web\n|-unboost|p1a: Dragon Cooker|spe|1\n|turn|7\n|\n|t:|1700514046\n|-terastallize|p1a: Dragon Cooker|Fairy\n|move|p2a: Kamen Rider|Lunge|p1a: Dragon Cooker\n|-resisted|p1a: Dragon Cooker\n|-damage|p1a: Dragon Cooker|61\/100\n|-unboost|p1a: Dragon Cooker|atk|1\n|-damage|p2a: Kamen Rider|81\/100|[from] item: Life Orb\n|move|p1a: Dragon Cooker|Play Rough|p2a: Kamen Rider\n|-supereffective|p2a: Kamen Rider\n|-damage|p2a: Kamen Rider|4\/100\n|-unboost|p2a: Kamen Rider|atk|1\n|\n|upkeep\n|turn|8\n|\n|t:|1700514058\n|move|p2a: Kamen Rider|U-turn|p1a: Dragon Cooker\n|-resisted|p1a: Dragon Cooker\n|-damage|p1a: Dragon Cooker|38\/100\n|-damage|p2a: Kamen Rider|0 fnt|[from] item: Life Orb\n|faint|p2a: Kamen Rider\n|move|p1a: Dragon Cooker|Fire Fang|p2: Kamen Rider|[notarget]\n|-fail|p1a: Dragon Cooker\n|\n|upkeep\n|\n|t:|1700514072\n|switch|p2a: Battra|Volcarona, F|100\/100\n|turn|9\n|\n|t:|1700514079\n|move|p2a: Battra|Quiver Dance|p2a: Battra\n|-boost|p2a: Battra|spa|1\n|-boost|p2a: Battra|spd|1\n|-boost|p2a: Battra|spe|1\n|move|p1a: Dragon Cooker|Stomping Tantrum|p2a: Battra\n|-damage|p2a: Battra|81\/100\n|\n|upkeep\n|turn|10\n|\n|t:|1700514088\n|move|p2a: Battra|Quiver Dance|p2a: Battra\n|-boost|p2a: Battra|spa|1\n|-boost|p2a: Battra|spd|1\n|-boost|p2a: Battra|spe|1\n|move|p1a: Dragon Cooker|Stomping Tantrum|p2a: Battra\n|-damage|p2a: Battra|70\/100\n|\n|upkeep\n|turn|11\n|\n|t:|1700514100\n|move|p2a: Battra|Quiver Dance|p2a: Battra\n|-boost|p2a: Battra|spa|1\n|-boost|p2a: Battra|spd|1\n|-boost|p2a: Battra|spe|1\n|move|p1a: Dragon Cooker|Stomping Tantrum|p2a: Battra\n|-damage|p2a: Battra|61\/100\n|-status|p1a: Dragon Cooker|brn|[from] ability: Flame Body|[of] p2a: Battra\n|\n|-damage|p1a: Dragon Cooker|32\/100 brn|[from] brn\n|upkeep\n|turn|12\n|c|\u2606Eighty Battles|gulp\n|\n|t:|1700514115\n|move|p2a: Battra|Quiver Dance|p2a: Battra\n|-boost|p2a: Battra|spa|1\n|-boost|p2a: Battra|spd|1\n|-boost|p2a: Battra|spe|1\n|move|p1a: Dragon Cooker|Stomping Tantrum|p2a: Battra\n|-damage|p2a: Battra|55\/100\n|\n|-damage|p1a: Dragon Cooker|26\/100 brn|[from] brn\n|upkeep\n|turn|13\n|c|\u2606JesusPizzaCrusher|moth\n|c|\u2606JesusPizzaCrusher|me like moth\n|\n|t:|1700514124\n|move|p2a: Battra|Roost|p2a: Battra\n|-heal|p2a: Battra|100\/100\n|-singleturn|p2a: Battra|move: Roost\n|move|p1a: Dragon Cooker|Stomping Tantrum|p2a: Battra\n|-damage|p2a: Battra|96\/100\n|\n|-damage|p1a: Dragon Cooker|20\/100 brn|[from] brn\n|upkeep\n|turn|14\n|c|\u2606JesusPizzaCrusher|moth go vroom\n|c|\u2606Eighty Battles|seriously\n|\n|t:|1700514136\n|move|p2a: Battra|Quiver Dance|p2a: Battra\n|-boost|p2a: Battra|spa|1\n|-boost|p2a: Battra|spd|1\n|-boost|p2a: Battra|spe|1\n|move|p1a: Dragon Cooker|Stomping Tantrum|p2a: Battra\n|-damage|p2a: Battra|90\/100\n|\n|-damage|p1a: Dragon Cooker|14\/100 brn|[from] brn\n|upkeep\n|turn|15\n|\n|t:|1700514150\n|move|p2a: Battra|Quiver Dance|p2a: Battra\n|-boost|p2a: Battra|spa|1\n|-boost|p2a: Battra|spd|1\n|-boost|p2a: Battra|spe|1\n|move|p1a: Dragon Cooker|Stomping Tantrum|p2a: Battra\n|-damage|p2a: Battra|85\/100\n|\n|-damage|p1a: Dragon Cooker|9\/100 brn|[from] brn\n|upkeep\n|turn|16\n|\n|t:|1700514168\n|move|p2a: Battra|Roost|p2a: Battra\n|-heal|p2a: Battra|100\/100\n|-singleturn|p2a: Battra|move: Roost\n|move|p1a: Dragon Cooker|Fire Fang|p2a: Battra\n|-damage|p2a: Battra|96\/100\n|\n|-damage|p1a: Dragon Cooker|3\/100 brn|[from] brn\n|upkeep\n|turn|17\n|c|\u2606Eighty Battles|I now have beef with Volcanrona users.\n|c|\u2606JesusPizzaCrusher|understandable\n|\n|t:|1700514185\n|move|p2a: Battra|Fiery Dance|p1a: Dragon Cooker\n|-ability|p1a: Dragon Cooker|Well-Baked Body|boost\n|-boost|p1a: Dragon Cooker|def|2\n|move|p1a: Dragon Cooker|Stomping Tantrum|p2a: Battra\n|-damage|p2a: Battra|92\/100\n|\n|-damage|p1a: Dragon Cooker|0 fnt|[from] brn\n|faint|p1a: Dragon Cooker\n|upkeep\n|c|\u2606JesusPizzaCrusher|moth is broken\n|c|\u2606JesusPizzaCrusher|oh\n|\n|t:|1700514196\n|switch|p1a: Danger|Seaking, M|100\/100\n|-activate|p1a: Danger|move: Sticky Web\n|-unboost|p1a: Danger|spe|1\n|turn|18\n|\n|t:|1700514213\n|move|p2a: Battra|Bug Buzz|p1a: Danger\n|-damage|p1a: Danger|0 fnt\n|faint|p1a: Danger\n|\n|upkeep\n|\n|t:|1700514219\n|switch|p1a: Fattinous|Greedent, F|100\/100\n|-activate|p1a: Fattinous|move: Sticky Web\n|-unboost|p1a: Fattinous|spe|1\n|turn|19\n|c|\u2606JesusPizzaCrusher|well baked body ?\n|c|\u2606JesusPizzaCrusher|gen 9 exclusive abilities and moves are weird\n|\n|t:|1700514247\n|move|p2a: Battra|Bug Buzz|p1a: Fattinous\n|-damage|p1a: Fattinous|0 fnt\n|faint|p1a: Fattinous\n|\n|upkeep\n|c|\u2606Eighty Battles|It's the main ability of Dachebun, it boosts defence when hit by fire moves.\n|c|\u2606Eighty Battles|How are they weird?\n|\n|t:|1700514279\n|switch|p1a: Emperor|Serperior, M|100\/100\n|-activate|p1a: Emperor|move: Sticky Web\n|-boost|p1a: Emperor|spe|1\n|turn|20\n|c|\u2606JesusPizzaCrusher|i mean as in\n|c|\u2606JesusPizzaCrusher|they more unique and gimmicky\n|c|\u2606JesusPizzaCrusher|like palafins or kingambit\n|c|\u2606JesusPizzaCrusher|they're also fun tho\n|c|\u2606Eighty Battles|Just kill me already\n|c|\u2606JesusPizzaCrusher|gg\n|\n|t:|1700514336\n|move|p2a: Battra|Bug Buzz|p1a: Emperor\n|-supereffective|p1a: Emperor\n|-damage|p1a: Emperor|0 fnt\n|faint|p1a: Emperor\n|\n|win|JesusPizzaCrusher\n|raw|Eighty Battles's rating: 1033 &rarr; <strong>1021<\/strong><br \/>(-12 for losing)\n|raw|JesusPizzaCrusher's rating: 1112 &rarr; <strong>1131<\/strong><br \/>(+19 for winning)\n|c|\u2606JesusPizzaCrusher|have a nice day\n|c|\u2606Eighty Battles|gg\n|c|\u2606Eighty Battles|you to!\n","uploadtime":1700514362,"views":2,"p1id":"eightybattles","p2id":"jesuspizzacrusher","formatid":"gen9nationaldex","rating":1021,"private":0,"password":""}