{"id":"gen9nationaldex-1998768413","p1":"Dddiana","p2":"baigu2","format":"[Gen 9] National Dex","log":"|html|<div class=\"broadcast-blue\"><strong>[Gen 9] National Dex is currently suspecting Sneasler! For information on how to participate check out the <a href=\"https:\/\/www.smogon.com\/forums\/threads\/sv-national-dex-suspect-8-just-dance.3731534\/\">suspect thread<\/a>.<\/strong><\/div>\n|j|\u2606Dddiana\n|j|\u2606baigu2\n|t:|1700986807\n|gametype|singles\n|player|p1|Dddiana|170|1606\n|player|p2|baigu2|169|1862\n|teamsize|p1|6\n|teamsize|p2|6\n|gen|9\n|tier|[Gen 9] National Dex\n|rated|\n|rule|HP Percentage Mod: HP is shown in percentages\n|rule|Endless Battle Clause: Forcing endless battles is banned\n|rule|OHKO Clause: OHKO moves are banned\n|rule|Evasion Clause: Evasion abilities, items, and moves are banned\n|rule|Evasion Abilities Clause: Evasion abilities are banned\n|rule|Evasion Items Clause: Evasion items are banned\n|rule|Evasion Moves Clause: Evasion moves are banned\n|rule|Species Clause: Limit one of each Pok\u00e9mon\n|rule|Sleep Clause Mod: Limit one foe put to sleep\n|clearpoke\n|poke|p1|Alomomola, M|\n|poke|p1|Hoopa-Unbound|\n|poke|p1|Nidoking, M|\n|poke|p1|Lopunny, F|\n|poke|p1|Shuckle, F|\n|poke|p1|Landorus-Therian, M|\n|poke|p2|Ursaluna, F|\n|poke|p2|Slowking, M|\n|poke|p2|Corviknight, M|\n|poke|p2|Hoopa-Unbound|\n|poke|p2|Dragonite, M|\n|poke|p2|Tapu Koko|\n|teampreview\n|\n|t:|1700986822\n|start\n|switch|p1a: Nidoking|Nidoking, M|100\/100\n|switch|p2a: Tapu Koko|Tapu Koko|100\/100\n|-fieldstart|move: Electric Terrain|[from] ability: Electric Surge|[of] p2a: Tapu Koko\n|turn|1\n|\n|t:|1700986828\n|move|p2a: Tapu Koko|U-turn|p1a: Nidoking\n|-resisted|p1a: Nidoking\n|-damage|p1a: Nidoking|89\/100\n|\n|t:|1700986833\n|switch|p2a: Slowking|Slowking, M|100\/100|[from] U-turn\n|move|p1a: Nidoking|Earth Power|p2a: Slowking\n|-damage|p2a: Slowking|62\/100\n|\n|upkeep\n|turn|2\n|\n|t:|1700986838\n|move|p1a: Nidoking|Thunderbolt|p2a: Slowking\n|-supereffective|p2a: Slowking\n|-damage|p2a: Slowking|0 fnt\n|faint|p2a: Slowking\n|\n|upkeep\n|\n|t:|1700986845\n|switch|p2a: Dragonite|Dragonite, M|100\/100\n|turn|3\n|\n|t:|1700986850\n|-terastallize|p2a: Dragonite|Normal\n|move|p2a: Dragonite|Extreme Speed|p1a: Nidoking\n|-damage|p1a: Nidoking|0 fnt\n|faint|p1a: Nidoking\n|\n|upkeep\n|\n|t:|1700986858\n|switch|p1a: Landorus|Landorus-Therian, M|100\/100\n|-ability|p1a: Landorus|Intimidate|boost\n|-unboost|p2a: Dragonite|atk|1\n|turn|4\n|\n|t:|1700986862\n|switch|p2a: \u718a\u5927|Ursaluna, F|100\/100\n|move|p1a: Landorus|U-turn|p2a: \u718a\u5927\n|-damage|p2a: \u718a\u5927|84\/100\n|\n|t:|1700986865\n|switch|p1a: Lopunny|Lopunny, F|100\/100|[from] U-turn\n|\n|-status|p2a: \u718a\u5927|brn|[from] item: Flame Orb\n|upkeep\n|turn|5\n|\n|t:|1700986870\n|switch|p2a: Corviknight|Corviknight, M|100\/100\n|-ability|p2a: Corviknight|Pressure\n|detailschange|p1a: Lopunny|Lopunny-Mega, F\n|-mega|p1a: Lopunny|Lopunny|Lopunnite\n|move|p1a: Lopunny|Close Combat|p2a: Corviknight\n|-damage|p2a: Corviknight|53\/100\n|-unboost|p1a: Lopunny|def|1\n|-unboost|p1a: Lopunny|spd|1\n|-damage|p1a: Lopunny|84\/100|[from] item: Rocky Helmet|[of] p2a: Corviknight\n|\n|-fieldend|move: Electric Terrain\n|upkeep\n|turn|6\n|\n|t:|1700986876\n|switch|p1a: Hoopa|Hoopa-Unbound|100\/100\n|move|p2a: Corviknight|Roost|p2a: Corviknight\n|-heal|p2a: Corviknight|100\/100\n|-singleturn|p2a: Corviknight|move: Roost\n|\n|upkeep\n|turn|7\n|\n|t:|1700986879\n|-terastallize|p1a: Hoopa|Dark\n|move|p1a: Hoopa|Hyperspace Fury|p2a: Corviknight\n|-crit|p2a: Corviknight\n|-damage|p2a: Corviknight|0 fnt\n|-unboost|p1a: Hoopa|def|1\n|faint|p2a: Corviknight\n|\n|upkeep\n|\n|t:|1700986892\n|switch|p2a: Tapu Koko|Tapu Koko|100\/100\n|-fieldstart|move: Electric Terrain|[from] ability: Electric Surge|[of] p2a: Tapu Koko\n|turn|8\n|\n|t:|1700986898\n|switch|p1a: Landorus|Landorus-Therian, M|100\/100\n|-ability|p1a: Landorus|Intimidate|boost\n|-unboost|p2a: Tapu Koko|atk|1\n|move|p2a: Tapu Koko|U-turn|p1a: Landorus\n|-resisted|p1a: Landorus\n|-damage|p1a: Landorus|95\/100\n|\n|t:|1700986902\n|switch|p2a: \u718a\u5927|Ursaluna, F|84\/100 brn|[from] U-turn\n|\n|-heal|p1a: Landorus|100\/100|[from] item: Leftovers\n|-damage|p2a: \u718a\u5927|77\/100 brn|[from] brn\n|upkeep\n|turn|9\n|\n|t:|1700986907\n|move|p1a: Landorus|Stealth Rock|p2a: \u718a\u5927\n|-sidestart|p2: baigu2|move: Stealth Rock\n|move|p2a: \u718a\u5927|Facade|p1a: Landorus\n|-damage|p1a: Landorus|0 fnt\n|faint|p1a: Landorus\n|\n|-damage|p2a: \u718a\u5927|71\/100 brn|[from] brn\n|upkeep\n|inactive|Battle timer is ON: inactive players will automatically lose when time's up. (requested by baigu2)\n|\n|t:|1700986912\n|switch|p1a: Shuckle|Shuckle, F|100\/100\n|turn|10\n|\n|t:|1700986923\n|move|p2a: \u718a\u5927|Headlong Rush|p1a: Shuckle\n|-damage|p1a: Shuckle|41\/100\n|-unboost|p2a: \u718a\u5927|def|1\n|-unboost|p2a: \u718a\u5927|spd|1\n|move|p1a: Shuckle|Sticky Web|p2a: \u718a\u5927\n|-sidestart|p2: baigu2|move: Sticky Web\n|\n|-damage|p2a: \u718a\u5927|65\/100 brn|[from] brn\n|upkeep\n|turn|11\n|\n|t:|1700986928\n|move|p2a: \u718a\u5927|Headlong Rush|p1a: Shuckle\n|-damage|p1a: Shuckle|0 fnt\n|-unboost|p2a: \u718a\u5927|def|1\n|-unboost|p2a: \u718a\u5927|spd|1\n|faint|p1a: Shuckle\n|\n|-damage|p2a: \u718a\u5927|59\/100 brn|[from] brn\n|upkeep\n|\n|t:|1700986931\n|switch|p1a: Lopunny|Lopunny-Mega, F|84\/100\n|turn|12\n|\n|t:|1700986935\n|move|p1a: Lopunny|Close Combat|p2a: \u718a\u5927\n|-supereffective|p2a: \u718a\u5927\n|-damage|p2a: \u718a\u5927|0 fnt\n|-unboost|p1a: Lopunny|def|1\n|-unboost|p1a: Lopunny|spd|1\n|faint|p2a: \u718a\u5927\n|\n|-fieldend|move: Electric Terrain\n|upkeep\n|\n|t:|1700986938\n|switch|p2a: Dragonite|Dragonite, M, tera:Normal|100\/100\n|-damage|p2a: Dragonite|88\/100|[from] Stealth Rock\n|-activate|p2a: Dragonite|move: Sticky Web\n|-unboost|p2a: Dragonite|spe|1\n|turn|13\n|\n|t:|1700986945\n|switch|p1a: Alomomola|Alomomola, M|100\/100\n|switch|p2a: Tapu Koko|Tapu Koko|100\/100\n|-damage|p2a: Tapu Koko|88\/100|[from] Stealth Rock\n|-activate|p2a: Tapu Koko|move: Sticky Web\n|-unboost|p2a: Tapu Koko|spe|1\n|-fieldstart|move: Electric Terrain|[from] ability: Electric Surge|[of] p2a: Tapu Koko\n|\n|upkeep\n|turn|14\n|\n|t:|1700986953\n|move|p1a: Alomomola|Protect|p1a: Alomomola\n|-singleturn|p1a: Alomomola|Protect\n|move|p2a: Tapu Koko|Thunderbolt|p1a: Alomomola\n|-activate|p1a: Alomomola|move: Protect\n|\n|upkeep\n|turn|15\n|\n|t:|1700986958\n|switch|p1a: Hoopa|Hoopa-Unbound, tera:Dark|100\/100\n|move|p2a: Tapu Koko|Thunderbolt|p1a: Hoopa\n|-damage|p1a: Hoopa|31\/100\n|\n|upkeep\n|turn|16\n|\n|t:|1700986964\n|switch|p2a: Hoopa|Hoopa-Unbound|100\/100\n|-damage|p2a: Hoopa|88\/100|[from] Stealth Rock\n|-activate|p2a: Hoopa|move: Sticky Web\n|-unboost|p2a: Hoopa|spe|1\n|move|p1a: Hoopa|Hyperspace Fury|p2a: Hoopa\n|-damage|p2a: Hoopa|0 fnt\n|-unboost|p1a: Hoopa|def|1\n|faint|p2a: Hoopa\n|\n|upkeep\n|\n|t:|1700986966\n|switch|p2a: Dragonite|Dragonite, M, tera:Normal|88\/100\n|-damage|p2a: Dragonite|76\/100|[from] Stealth Rock\n|-activate|p2a: Dragonite|move: Sticky Web\n|-unboost|p2a: Dragonite|spe|1\n|turn|17\n|\n|t:|1700986972\n|switch|p1a: Alomomola|Alomomola, M|100\/100\n|move|p2a: Dragonite|Extreme Speed|p1a: Alomomola\n|-damage|p1a: Alomomola|62\/100\n|\n|-fieldend|move: Electric Terrain\n|upkeep\n|turn|18\n|\n|t:|1700986979\n|move|p2a: Dragonite|Extreme Speed|p1a: Alomomola\n|-crit|p1a: Alomomola\n|-damage|p1a: Alomomola|6\/100\n|move|p1a: Alomomola|Toxic|p2a: Dragonite|[miss]\n|-miss|p1a: Alomomola|p2a: Dragonite\n|\n|upkeep\n|turn|19\n|\n|t:|1700986982\n|move|p1a: Alomomola|Protect|p1a: Alomomola\n|-singleturn|p1a: Alomomola|Protect\n|move|p2a: Dragonite|Extreme Speed|p1a: Alomomola\n|-activate|p1a: Alomomola|move: Protect\n|\n|upkeep\n|turn|20\n|\n|t:|1700986988\n|switch|p1a: Hoopa|Hoopa-Unbound, tera:Dark|31\/100\n|move|p2a: Dragonite|Extreme Speed|p1a: Hoopa\n|-damage|p1a: Hoopa|0 fnt\n|faint|p1a: Hoopa\n|\n|upkeep\n|\n|t:|1700986998\n|switch|p1a: Alomomola|Alomomola, M|39\/100\n|turn|21\n|\n|t:|1700987003\n|move|p2a: Dragonite|Extreme Speed|p1a: Alomomola\n|-damage|p1a: Alomomola|0 fnt\n|faint|p1a: Alomomola\n|\n|upkeep\n|\n|t:|1700987008\n|switch|p1a: Lopunny|Lopunny-Mega, F|84\/100\n|turn|22\n|\n|t:|1700987012\n|switch|p2a: Tapu Koko|Tapu Koko|88\/100\n|-damage|p2a: Tapu Koko|76\/100|[from] Stealth Rock\n|-activate|p2a: Tapu Koko|move: Sticky Web\n|-unboost|p2a: Tapu Koko|spe|1\n|-fieldstart|move: Electric Terrain|[from] ability: Electric Surge|[of] p2a: Tapu Koko\n|move|p1a: Lopunny|Fake Out|p2a: Tapu Koko\n|-damage|p2a: Tapu Koko|43\/100\n|\n|upkeep\n|turn|23\n|\n|t:|1700987019\n|move|p1a: Lopunny|Frustration|p2a: Tapu Koko\n|-damage|p2a: Tapu Koko|0 fnt\n|faint|p2a: Tapu Koko\n|\n|upkeep\n|\n|t:|1700987021\n|switch|p2a: Dragonite|Dragonite, M, tera:Normal|76\/100\n|-damage|p2a: Dragonite|63\/100|[from] Stealth Rock\n|-activate|p2a: Dragonite|move: Sticky Web\n|-unboost|p2a: Dragonite|spe|1\n|turn|24\n|\n|t:|1700987028\n|move|p2a: Dragonite|Extreme Speed|p1a: Lopunny\n|-damage|p1a: Lopunny|0 fnt\n|faint|p1a: Lopunny\n|\n|win|baigu2\n|raw|Dddiana's rating: 1606 &rarr; <strong>1599<\/strong><br \/>(-7 for losing)\n|raw|baigu2's rating: 1862 &rarr; <strong>1869<\/strong><br \/>(+7 for winning)\n|l|\u2606Dddiana\n","uploadtime":1700987033,"views":1,"p1id":"dddiana","p2id":"baigu2","formatid":"gen9nationaldex","rating":1599,"private":0,"password":""}