{"id":"gen9nationaldex-1987881686","p1":"XJohnson","p2":"221savage","format":"[Gen 9] National Dex","log":"|j|\u2606XJohnson\n|j|\u2606221savage\n|t:|1699645506\n|gametype|singles\n|player|p1|XJohnson|marnie-masters|1394\n|player|p2|221savage|1|1374\n|teamsize|p1|6\n|teamsize|p2|6\n|gen|9\n|tier|[Gen 9] National Dex\n|rated|\n|rule|HP Percentage Mod: HP is shown in percentages\n|rule|Endless Battle Clause: Forcing endless battles is banned\n|rule|OHKO Clause: OHKO moves are banned\n|rule|Evasion Clause: Evasion abilities, items, and moves are banned\n|rule|Evasion Abilities Clause: Evasion abilities are banned\n|rule|Evasion Items Clause: Evasion items are banned\n|rule|Evasion Moves Clause: Evasion moves are banned\n|rule|Species Clause: Limit one of each Pok\u00e9mon\n|rule|Sleep Clause Mod: Limit one foe put to sleep\n|clearpoke\n|poke|p1|Ogerpon-Wellspring, F|\n|poke|p1|Iron Leaves|\n|poke|p1|Cinderace, F|\n|poke|p1|Tapu Koko|\n|poke|p1|Weezing-Galar, M|\n|poke|p1|Ampharos, F|\n|poke|p2|Blastoise, M|\n|poke|p2|Banette, F|\n|poke|p2|Machamp, M|\n|poke|p2|Darmanitan, M|\n|poke|p2|Xurkitree|\n|poke|p2|Serperior, M|\n|teampreview\n|\n|t:|1699645514\n|start\n|switch|p1a: Cinderace|Cinderace, F, shiny|100\/100\n|switch|p2a: Darmanitan|Darmanitan, M|100\/100\n|turn|1\n|\n|t:|1699645521\n|switch|p1a: Weezing|Weezing-Galar, M|100\/100\n|move|p2a: Darmanitan|Rock Slide|p1a: Weezing\n|-damage|p1a: Weezing|67\/100\n|\n|-heal|p1a: Weezing|73\/100|[from] item: Leftovers\n|upkeep\n|turn|2\n|\n|t:|1699645528\n|switch|p2a: Banette|Banette, F|100\/100\n|switch|p1a: Tapu Koko|Tapu Koko|100\/100\n|-fieldstart|move: Electric Terrain|[from] ability: Electric Surge|[of] p1a: Tapu Koko\n|\n|upkeep\n|turn|3\n|\n|t:|1699645537\n|detailschange|p2a: Banette|Banette-Mega, F\n|-mega|p2a: Banette|Banette|Banettite\n|move|p1a: Tapu Koko|Taunt|p2a: Banette\n|-start|p2a: Banette|move: Taunt\n|move|p2a: Banette|Poltergeist|p1a: Tapu Koko\n|-activate|p1a: Tapu Koko|move: Poltergeist|Light Clay\n|-damage|p1a: Tapu Koko|10\/100\n|\n|upkeep\n|turn|4\n|\n|t:|1699645552\n|move|p1a: Tapu Koko|Light Screen|p1a: Tapu Koko\n|-sidestart|p1: XJohnson|move: Light Screen\n|move|p2a: Banette|Pursuit|p1a: Tapu Koko\n|-resisted|p1a: Tapu Koko\n|-damage|p1a: Tapu Koko|1\/100\n|\n|upkeep\n|turn|5\n|\n|t:|1699645558\n|move|p1a: Tapu Koko|U-turn|p2a: Banette\n|-resisted|p2a: Banette\n|-damage|p2a: Banette|88\/100\n|-activate|p1a: Tapu Koko|move: Pursuit\n|move|p2a: Banette|Pursuit|p1a: Tapu Koko|[from]Pursuit\n|-resisted|p1a: Tapu Koko\n|-damage|p1a: Tapu Koko|0 fnt\n|faint|p1a: Tapu Koko\n|\n|-end|p2a: Banette|move: Taunt\n|upkeep\n|\n|t:|1699645572\n|switch|p1a: Weezing|Weezing-Galar, M|73\/100\n|turn|6\n|\n|t:|1699645576\n|move|p2a: Banette|Taunt|p1a: Weezing\n|-start|p1a: Weezing|move: Taunt\n|cant|p1a: Weezing|move: Taunt|Will-O-Wisp\n|\n|-heal|p1a: Weezing|79\/100|[from] item: Leftovers\n|-fieldend|move: Electric Terrain\n|upkeep\n|turn|7\n|\n|t:|1699645585\n|move|p2a: Banette|Poltergeist|p1a: Weezing\n|-activate|p1a: Weezing|move: Poltergeist|Leftovers\n|-damage|p1a: Weezing|14\/100\n|move|p1a: Weezing|Strange Steam|p2a: Banette\n|-damage|p2a: Banette|55\/100\n|-start|p2a: Banette|confusion\n|\n|-heal|p1a: Weezing|20\/100|[from] item: Leftovers\n|upkeep\n|turn|8\n|\n|t:|1699645594\n|-activate|p2a: Banette|confusion\n|move|p2a: Banette|Poltergeist|p1a: Weezing\n|-activate|p1a: Weezing|move: Poltergeist|Leftovers\n|-damage|p1a: Weezing|0 fnt\n|faint|p1a: Weezing\n|\n|upkeep\n|\n|t:|1699645599\n|switch|p1a: Cinderace|Cinderace, F, shiny|100\/100\n|turn|9\n|\n|t:|1699645608\n|-activate|p2a: Banette|confusion\n|move|p2a: Banette|Destiny Bond|p2a: Banette\n|-singlemove|p2a: Banette|Destiny Bond\n|move|p1a: Cinderace|Pyro Ball|p2a: Banette\n|-damage|p2a: Banette|0 fnt\n|faint|p2a: Banette\n|-activate|p2a: Banette|move: Destiny Bond\n|faint|p1a: Cinderace\n|\n|upkeep\n|\n|t:|1699645614\n|switch|p1a: Iron Leaves|Iron Leaves|100\/100\n|switch|p2a: Darmanitan|Darmanitan, M|100\/100\n|-enditem|p1a: Iron Leaves|Booster Energy\n|-activate|p1a: Iron Leaves|ability: Quark Drive|[fromitem]\n|-start|p1a: Iron Leaves|quarkdriveatk\n|turn|10\n|\n|t:|1699645623\n|-terastallize|p2a: Darmanitan|Fire\n|-terastallize|p1a: Iron Leaves|Fighting\n|move|p2a: Darmanitan|Flare Blitz|p1a: Iron Leaves\n|-damage|p1a: Iron Leaves|0 fnt\n|faint|p1a: Iron Leaves\n|-end|p1a: Iron Leaves|Quark Drive|[silent]\n|-damage|p2a: Darmanitan|70\/100|[from] Recoil\n|\n|upkeep\n|\n|t:|1699645627\n|switch|p1a: Ogerpon|Ogerpon-Wellspring, F|100\/100\n|turn|11\n|\n|t:|1699645630\n|move|p2a: Darmanitan|Flare Blitz|p1a: Ogerpon\n|-damage|p1a: Ogerpon|0 fnt\n|faint|p1a: Ogerpon\n|-damage|p2a: Darmanitan|42\/100|[from] Recoil\n|\n|-sideend|p1: XJohnson|move: Light Screen\n|upkeep\n|\n|t:|1699645632\n|switch|p1a: Peak|Ampharos, F, shiny|100\/100\n|turn|12\n|\n|t:|1699645638\n|detailschange|p1a: Peak|Ampharos-Mega, F, shiny\n|-mega|p1a: Peak|Ampharos|Ampharosite\n|-ability|p1a: Peak|Mold Breaker\n|move|p2a: Darmanitan|Flare Blitz|p1a: Peak\n|-resisted|p1a: Peak\n|-damage|p1a: Peak|42\/100\n|-damage|p2a: Darmanitan|23\/100|[from] Recoil\n|move|p1a: Peak|Agility|p1a: Peak\n|-boost|p1a: Peak|spe|2\n|\n|upkeep\n|turn|13\n|\n|t:|1699645650\n|move|p2a: Darmanitan|Flare Blitz|p1a: Peak\n|-resisted|p1a: Peak\n|-damage|p1a: Peak|0 fnt\n|faint|p1a: Peak\n|-damage|p2a: Darmanitan|9\/100|[from] Recoil\n|\n|win|221savage\n|raw|XJohnson's rating: 1394 &rarr; <strong>1373<\/strong><br \/>(-21 for losing)\n|raw|221savage's rating: 1374 &rarr; <strong>1395<\/strong><br \/>(+21 for winning)\n|l|\u2606XJohnson\n","uploadtime":1699645655,"views":4,"p1id":"xjohnson","p2id":"221savage","formatid":"gen9nationaldex","rating":1373,"private":0,"password":""}