{"id":"gen9nationaldex-1997125995","p1":"Haldir9","p2":"dannybew","format":"[Gen 9] National Dex","log":"|html|<div class=\"broadcast-blue\"><strong>[Gen 9] National Dex is currently suspecting Sneasler! For information on how to participate check out the <a href=\"https:\/\/www.smogon.com\/forums\/threads\/sv-national-dex-suspect-8-just-dance.3731534\/\">suspect thread<\/a>.<\/strong><\/div>\n|j|\u2606Haldir9\n|j|\u2606dannybew\n|t:|1700767122\n|gametype|singles\n|player|p1|Haldir9|pokemonbreeder-gen4|1165\n|player|p2|dannybew|ingo|1262\n|teamsize|p1|6\n|teamsize|p2|6\n|gen|9\n|tier|[Gen 9] National Dex\n|rated|\n|rule|HP Percentage Mod: HP is shown in percentages\n|rule|Endless Battle Clause: Forcing endless battles is banned\n|rule|OHKO Clause: OHKO moves are banned\n|rule|Evasion Clause: Evasion abilities, items, and moves are banned\n|rule|Evasion Abilities Clause: Evasion abilities are banned\n|rule|Evasion Items Clause: Evasion items are banned\n|rule|Evasion Moves Clause: Evasion moves are banned\n|rule|Species Clause: Limit one of each Pok\u00e9mon\n|rule|Sleep Clause Mod: Limit one foe put to sleep\n|clearpoke\n|poke|p1|Ogerpon-Wellspring, F|\n|poke|p1|Heatran, F|\n|poke|p1|Dragonite, M|\n|poke|p1|Ferrothorn, M|\n|poke|p1|Lopunny, M|\n|poke|p1|Tapu Koko|\n|poke|p2|Iron Moth|\n|poke|p2|Hydreigon, F|\n|poke|p2|Clefable, M|\n|poke|p2|Alomomola, M|\n|poke|p2|Scizor, F|\n|poke|p2|Great Tusk|\n|teampreview\n|\n|t:|1700767132\n|start\n|switch|p1a: Ferrothorn|Ferrothorn, M|100\/100\n|switch|p2a: Iron Moth|Iron Moth|100\/100\n|turn|1\n|\n|t:|1700767138\n|switch|p1a: Heatran|Heatran, F|100\/100\n|move|p2a: Iron Moth|Fiery Dance|p1a: Heatran\n|-start|p1a: Heatran|ability: Flash Fire\n|\n|upkeep\n|turn|2\n|\n|t:|1700767149\n|-end|p2a: Iron Moth|Quark Drive|[silent]\n|switch|p2a: Great Tusk|Great Tusk|100\/100\n|-end|p1a: Heatran|ability: Flash Fire|[silent]\n|switch|p1a: Dragonite|Dragonite, M|100\/100\n|\n|upkeep\n|turn|3\n|\n|t:|1700767157\n|-end|p2a: Great Tusk|Protosynthesis|[silent]\n|switch|p2a: Clefable|Clefable, M|100\/100\n|move|p1a: Dragonite|Extreme Speed|p2a: Clefable\n|-damage|p2a: Clefable|75\/100\n|\n|-heal|p2a: Clefable|81\/100|[from] item: Leftovers\n|upkeep\n|turn|4\n|\n|t:|1700767166\n|switch|p1a: Ferrothorn|Ferrothorn, M|100\/100\n|move|p2a: Clefable|Thunder Wave|p1a: Ferrothorn\n|-status|p1a: Ferrothorn|par\n|\n|-heal|p2a: Clefable|87\/100|[from] item: Leftovers\n|upkeep\n|turn|5\n|\n|t:|1700767173\n|switch|p2a: Iron Moth|Iron Moth|100\/100\n|move|p1a: Ferrothorn|Stealth Rock|p2a: Iron Moth\n|-sidestart|p2: dannybew|move: Stealth Rock\n|\n|upkeep\n|turn|6\n|\n|t:|1700767178\n|switch|p1a: Heatran|Heatran, F|100\/100\n|move|p2a: Iron Moth|Discharge|p1a: Heatran\n|-damage|p1a: Heatran|71\/100\n|-status|p1a: Heatran|par\n|\n|-heal|p1a: Heatran|77\/100 par|[from] item: Leftovers\n|upkeep\n|turn|7\n|\n|t:|1700767189\n|-end|p2a: Iron Moth|Quark Drive|[silent]\n|switch|p2a: Alomomola|Alomomola, M|100\/100\n|-damage|p2a: Alomomola|88\/100|[from] Stealth Rock\n|move|p1a: Heatran|Earth Power|p2a: Alomomola\n|-damage|p2a: Alomomola|59\/100\n|\n|-heal|p1a: Heatran|83\/100 par|[from] item: Leftovers\n|upkeep\n|turn|8\n|\n|t:|1700767198\n|switch|p1a: Tapu Koko|Tapu Koko|100\/100\n|-fieldstart|move: Electric Terrain|[from] ability: Electric Surge|[of] p1a: Tapu Koko\n|move|p2a: Alomomola|Flip Turn|p1a: Tapu Koko\n|-damage|p1a: Tapu Koko|77\/100\n|\n|t:|1700767205\n|switch|p2a: Hydreigon|Hydreigon, F|100\/100|[from] Flip Turn\n|-damage|p2a: Hydreigon|88\/100|[from] Stealth Rock\n|\n|upkeep\n|turn|9\n|\n|t:|1700767216\n|-terastallize|p2a: Hydreigon|Steel\n|move|p2a: Hydreigon|Flash Cannon|p1a: Tapu Koko\n|-damage|p1a: Tapu Koko|11\/100\n|move|p1a: Tapu Koko|U-turn|p2a: Hydreigon\n|-resisted|p2a: Hydreigon\n|-damage|p2a: Hydreigon|78\/100\n|\n|t:|1700767223\n|switch|p1a: Heatran|Heatran, F|83\/100 par|[from] U-turn\n|\n|-heal|p1a: Heatran|89\/100 par|[from] item: Leftovers\n|upkeep\n|turn|10\n|\n|t:|1700767229\n|switch|p2a: Great Tusk|Great Tusk|100\/100\n|-damage|p2a: Great Tusk|98\/100|[from] Stealth Rock\n|move|p1a: Heatran|Magma Storm|p2a: Great Tusk|[miss]\n|-miss|p1a: Heatran|p2a: Great Tusk\n|\n|-heal|p1a: Heatran|96\/100 par|[from] item: Leftovers\n|upkeep\n|turn|11\n|\n|t:|1700767239\n|switch|p1a: Dragonite|Dragonite, M|100\/100\n|move|p2a: Great Tusk|Rapid Spin|p1a: Dragonite\n|-damage|p1a: Dragonite|90\/100\n|-boost|p2a: Great Tusk|spe|1\n|-sideend|p2: dannybew|Stealth Rock|[from] move: Rapid Spin|[of] p2a: Great Tusk\n|\n|upkeep\n|turn|12\n|\n|t:|1700767248\n|-end|p2a: Great Tusk|Protosynthesis|[silent]\n|switch|p2a: Alomomola|Alomomola, M|93\/100\n|move|p1a: Dragonite|Extreme Speed|p2a: Alomomola\n|-damage|p2a: Alomomola|77\/100\n|-damage|p1a: Dragonite|74\/100|[from] item: Rocky Helmet|[of] p2a: Alomomola\n|\n|-fieldend|move: Electric Terrain\n|upkeep\n|turn|13\n|\n|t:|1700767256\n|switch|p1a: Tapu Koko|Tapu Koko|11\/100\n|-fieldstart|move: Electric Terrain|[from] ability: Electric Surge|[of] p1a: Tapu Koko\n|move|p2a: Alomomola|Flip Turn|p1a: Tapu Koko\n|-damage|p1a: Tapu Koko|0 fnt\n|faint|p1a: Tapu Koko\n|\n|t:|1700767269\n|switch|p2a: Hydreigon|Hydreigon, F, tera:Steel|78\/100|[from] Flip Turn\n|\n|upkeep\n|\n|t:|1700767275\n|switch|p1a: Lopunny|Lopunny, M|100\/100\n|turn|14\n|\n|t:|1700767287\n|switch|p2a: Alomomola|Alomomola, M|100\/100\n|detailschange|p1a: Lopunny|Lopunny-Mega, M\n|-mega|p1a: Lopunny|Lopunny|Lopunnite\n|move|p1a: Lopunny|Fake Out|p2a: Alomomola\n|-damage|p2a: Alomomola|88\/100\n|-damage|p1a: Lopunny|84\/100|[from] item: Rocky Helmet|[of] p2a: Alomomola\n|\n|upkeep\n|turn|15\n|\n|t:|1700767298\n|switch|p1a: Ferrothorn|Ferrothorn, M|100\/100 par\n|move|p2a: Alomomola|Flip Turn|p1a: Ferrothorn\n|-resisted|p1a: Ferrothorn\n|-damage|p1a: Ferrothorn|95\/100 par\n|-damage|p2a: Alomomola|76\/100|[from] ability: Iron Barbs|[of] p1a: Ferrothorn\n|\n|t:|1700767301\n|switch|p2a: Iron Moth|Iron Moth|100\/100|[from] Flip Turn\n|-activate|p2a: Iron Moth|ability: Quark Drive\n|-start|p2a: Iron Moth|quarkdrivespa\n|\n|-heal|p1a: Ferrothorn|100\/100 par|[from] item: Leftovers\n|upkeep\n|turn|16\n|\n|t:|1700767312\n|-end|p2a: Iron Moth|Quark Drive|[silent]\n|switch|p2a: Great Tusk|Great Tusk|98\/100\n|switch|p1a: Heatran|Heatran, F|96\/100 par\n|\n|-heal|p1a: Heatran|100\/100 par|[from] item: Leftovers\n|upkeep\n|turn|17\n|\n|t:|1700767319\n|switch|p1a: Dragonite|Dragonite, M|74\/100\n|move|p2a: Great Tusk|Close Combat|p1a: Dragonite\n|-resisted|p1a: Dragonite\n|-damage|p1a: Dragonite|34\/100\n|-unboost|p2a: Great Tusk|def|1\n|-unboost|p2a: Great Tusk|spd|1\n|\n|-fieldend|move: Electric Terrain\n|upkeep\n|turn|18\n|\n|t:|1700767331\n|-end|p2a: Great Tusk|Protosynthesis|[silent]\n|switch|p2a: Alomomola|Alomomola, M|100\/100\n|move|p1a: Dragonite|Roost|p1a: Dragonite\n|-heal|p1a: Dragonite|84\/100\n|-singleturn|p1a: Dragonite|move: Roost\n|\n|upkeep\n|turn|19\n|\n|t:|1700767341\n|switch|p1a: Ferrothorn|Ferrothorn, M|100\/100 par\n|move|p2a: Alomomola|Flip Turn|p1a: Ferrothorn\n|-resisted|p1a: Ferrothorn\n|-damage|p1a: Ferrothorn|95\/100 par\n|-damage|p2a: Alomomola|88\/100|[from] ability: Iron Barbs|[of] p1a: Ferrothorn\n|\n|t:|1700767346\n|switch|p2a: Iron Moth|Iron Moth|100\/100|[from] Flip Turn\n|\n|-heal|p1a: Ferrothorn|100\/100 par|[from] item: Leftovers\n|upkeep\n|turn|20\n|\n|t:|1700767358\n|switch|p1a: Heatran|Heatran, F|100\/100 par\n|move|p2a: Iron Moth|Fiery Dance|p1a: Heatran\n|-start|p1a: Heatran|ability: Flash Fire\n|\n|upkeep\n|turn|21\n|\n|t:|1700767365\n|-end|p2a: Iron Moth|Quark Drive|[silent]\n|switch|p2a: Alomomola|Alomomola, M|100\/100\n|cant|p1a: Heatran|par\n|\n|upkeep\n|turn|22\n|\n|t:|1700767373\n|-end|p1a: Heatran|ability: Flash Fire|[silent]\n|switch|p1a: Ogerpon|Ogerpon-Wellspring, F|100\/100\n|move|p2a: Alomomola|Flip Turn|p1a: Ogerpon\n|-immune|p1a: Ogerpon|[from] ability: Water Absorb\n|\n|upkeep\n|turn|23\n|\n|t:|1700767388\n|switch|p2a: Clefable|Clefable, M|87\/100\n|move|p1a: Ogerpon|Ivy Cudgel|p2a: Clefable|[anim] Ivy Cudgel Water\n|-damage|p2a: Clefable|31\/100\n|\n|-heal|p2a: Clefable|37\/100|[from] item: Leftovers\n|upkeep\n|turn|24\n|\n|t:|1700767395\n|switch|p2a: Alomomola|Alomomola, M|100\/100\n|move|p1a: Ogerpon|Ivy Cudgel|p2a: Alomomola|[anim] Ivy Cudgel Water\n|-resisted|p2a: Alomomola\n|-crit|p2a: Alomomola\n|-damage|p2a: Alomomola|77\/100\n|\n|upkeep\n|turn|25\n|\n|t:|1700767401\n|move|p1a: Ogerpon|Power Whip|p2a: Alomomola\n|-supereffective|p2a: Alomomola\n|-damage|p2a: Alomomola|5\/100\n|-damage|p1a: Ogerpon|84\/100|[from] item: Rocky Helmet|[of] p2a: Alomomola\n|move|p2a: Alomomola|Wish|p2a: Alomomola\n|\n|upkeep\n|turn|26\n|\n|t:|1700767414\n|switch|p2a: Clefable|Clefable, M|37\/100\n|move|p1a: Ogerpon|Ivy Cudgel|p2a: Clefable|[anim] Ivy Cudgel Water\n|-damage|p2a: Clefable|0 fnt\n|faint|p2a: Clefable\n|\n|upkeep\n|\n|t:|1700767424\n|switch|p2a: Hydreigon|Hydreigon, F, tera:Steel|78\/100\n|turn|27\n|\n|t:|1700767429\n|switch|p1a: Heatran|Heatran, F|100\/100 par\n|move|p2a: Hydreigon|Draco Meteor|p1a: Heatran\n|-resisted|p1a: Heatran\n|-damage|p1a: Heatran|79\/100 par\n|-unboost|p2a: Hydreigon|spa|2\n|\n|-heal|p1a: Heatran|85\/100 par|[from] item: Leftovers\n|upkeep\n|turn|28\n|\n|t:|1700767437\n|switch|p2a: Alomomola|Alomomola, M|38\/100\n|cant|p1a: Heatran|par\n|\n|-heal|p1a: Heatran|91\/100 par|[from] item: Leftovers\n|upkeep\n|turn|29\n|\n|t:|1700767447\n|switch|p2a: Iron Moth|Iron Moth|100\/100\n|switch|p1a: Ogerpon|Ogerpon-Wellspring, F|84\/100\n|\n|upkeep\n|turn|30\n|\n|t:|1700767464\n|move|p1a: Ogerpon|Ivy Cudgel|p2a: Iron Moth|[anim] Ivy Cudgel Water\n|-supereffective|p2a: Iron Moth\n|-damage|p2a: Iron Moth|0 fnt\n|faint|p2a: Iron Moth\n|-end|p2a: Iron Moth|Quark Drive|[silent]\n|\n|upkeep\n|\n|t:|1700767470\n|switch|p2a: Hydreigon|Hydreigon, F, tera:Steel|78\/100\n|turn|31\n|\n|t:|1700767481\n|switch|p1a: Heatran|Heatran, F|91\/100 par\n|move|p2a: Hydreigon|Dark Pulse|p1a: Heatran\n|-damage|p1a: Heatran|66\/100 par\n|\n|-heal|p1a: Heatran|73\/100 par|[from] item: Leftovers\n|upkeep\n|turn|32\n|\n|t:|1700767489\n|switch|p2a: Alomomola|Alomomola, M|72\/100\n|move|p1a: Heatran|Magma Storm|p2a: Alomomola\n|-resisted|p2a: Alomomola\n|-damage|p2a: Alomomola|47\/100\n|-activate|p2a: Alomomola|move: Magma Storm|[of] p1a: Heatran\n|\n|-heal|p1a: Heatran|79\/100 par|[from] item: Leftovers\n|-damage|p2a: Alomomola|35\/100|[from] move: Magma Storm|[partiallytrapped]\n|upkeep\n|turn|33\n|\n|t:|1700767498\n|switch|p1a: Ogerpon|Ogerpon-Wellspring, F|84\/100\n|move|p2a: Alomomola|Flip Turn|p1a: Ogerpon\n|-heal|p1a: Ogerpon|100\/100|[from] ability: Water Absorb|[of] p2a: Alomomola\n|\n|-end|p2a: Alomomola|Magma Storm|[partiallytrapped]|[silent]\n|upkeep\n|turn|34\n|\n|t:|1700767506\n|move|p1a: Ogerpon|Ivy Cudgel|p2a: Alomomola|[anim] Ivy Cudgel Water\n|-resisted|p2a: Alomomola\n|-damage|p2a: Alomomola|19\/100\n|move|p2a: Alomomola|Wish|p2a: Alomomola\n|\n|upkeep\n|turn|35\n|\n|t:|1700767513\n|move|p2a: Alomomola|Protect|p2a: Alomomola\n|-singleturn|p2a: Alomomola|Protect\n|move|p1a: Ogerpon|Power Whip|p2a: Alomomola\n|-activate|p2a: Alomomola|move: Protect\n|\n|-heal|p2a: Alomomola|69\/100|[from] move: Wish|[wisher] Alomomola\n|upkeep\n|turn|36\n|\n|t:|1700767521\n|switch|p2a: Scizor|Scizor, F|100\/100\n|move|p1a: Ogerpon|Power Whip|p2a: Scizor\n|-resisted|p2a: Scizor\n|-damage|p2a: Scizor|88\/100\n|\n|upkeep\n|turn|37\n|\n|t:|1700767531\n|switch|p1a: Dragonite|Dragonite, M|84\/100\n|detailschange|p2a: Scizor|Scizor-Mega, F\n|-mega|p2a: Scizor|Scizor|Scizorite\n|move|p2a: Scizor|Knock Off|p1a: Dragonite\n|-damage|p1a: Dragonite|50\/100\n|-enditem|p1a: Dragonite|Heavy-Duty Boots|[from] move: Knock Off|[of] p2a: Scizor\n|\n|upkeep\n|turn|38\n|\n|t:|1700767541\n|switch|p2a: Alomomola|Alomomola, M|100\/100\n|move|p1a: Dragonite|Roost|p1a: Dragonite\n|-heal|p1a: Dragonite|99\/100\n|-singleturn|p1a: Dragonite|move: Roost\n|\n|upkeep\n|turn|39\n|\n|t:|1700767550\n|switch|p1a: Ogerpon|Ogerpon-Wellspring, F|100\/100\n|switch|p2a: Scizor|Scizor-Mega, F|88\/100\n|\n|upkeep\n|turn|40\n|\n|t:|1700767561\n|switch|p1a: Dragonite|Dragonite, M|99\/100\n|move|p2a: Scizor|U-turn|p1a: Dragonite\n|-resisted|p1a: Dragonite\n|-damage|p1a: Dragonite|81\/100\n|\n|t:|1700767566\n|switch|p2a: Hydreigon|Hydreigon, F, tera:Steel|78\/100|[from] U-turn\n|\n|upkeep\n|turn|41\n|\n|t:|1700767571\n|move|p2a: Hydreigon|Surf|p1a: Dragonite\n|-resisted|p1a: Dragonite\n|-damage|p1a: Dragonite|64\/100\n|move|p1a: Dragonite|Earthquake|p2a: Hydreigon\n|-immune|p2a: Hydreigon|[from] ability: Levitate\n|\n|upkeep\n|turn|42\n|c|\u2606Haldir9|ah\n|\n|t:|1700767584\n|switch|p2a: Alomomola|Alomomola, M|100\/100\n|move|p1a: Dragonite|Extreme Speed|p2a: Alomomola\n|-damage|p2a: Alomomola|83\/100\n|-damage|p1a: Dragonite|47\/100|[from] item: Rocky Helmet|[of] p2a: Alomomola\n|\n|upkeep\n|turn|43\n|\n|t:|1700767591\n|move|p1a: Dragonite|Roost|p1a: Dragonite\n|-heal|p1a: Dragonite|97\/100\n|-singleturn|p1a: Dragonite|move: Roost\n|move|p2a: Alomomola|Flip Turn|p1a: Dragonite\n|-resisted|p1a: Dragonite\n|-damage|p1a: Dragonite|88\/100\n|\n|t:|1700767595\n|switch|p2a: Hydreigon|Hydreigon, F, tera:Steel|78\/100|[from] Flip Turn\n|\n|upkeep\n|turn|44\n|\n|t:|1700767601\n|move|p1a: Dragonite|Extreme Speed|p2a: Hydreigon\n|-resisted|p2a: Hydreigon\n|-damage|p2a: Hydreigon|60\/100\n|move|p2a: Hydreigon|Draco Meteor|p1a: Dragonite\n|-supereffective|p1a: Dragonite\n|-damage|p1a: Dragonite|0 fnt\n|-unboost|p2a: Hydreigon|spa|2\n|faint|p1a: Dragonite\n|\n|upkeep\n|\n|t:|1700767612\n|switch|p1a: Lopunny|Lopunny-Mega, M|84\/100\n|turn|45\n|\n|t:|1700767624\n|switch|p2a: Alomomola|Alomomola, M|100\/100\n|move|p1a: Lopunny|Fake Out|p2a: Alomomola\n|-damage|p2a: Alomomola|90\/100\n|-damage|p1a: Lopunny|67\/100|[from] item: Rocky Helmet|[of] p2a: Alomomola\n|\n|upkeep\n|turn|46\n|\n|t:|1700767637\n|switch|p2a: Scizor|Scizor-Mega, F|88\/100\n|move|p1a: Lopunny|U-turn|p2a: Scizor\n|-resisted|p2a: Scizor\n|-damage|p2a: Scizor|81\/100\n|\n|t:|1700767642\n|switch|p1a: Heatran|Heatran, F|79\/100 par|[from] U-turn\n|\n|-heal|p1a: Heatran|85\/100 par|[from] item: Leftovers\n|upkeep\n|turn|47\n|\n|t:|1700767650\n|switch|p2a: Alomomola|Alomomola, M|100\/100\n|switch|p1a: Ogerpon|Ogerpon-Wellspring, F|100\/100\n|\n|upkeep\n|turn|48\n|c|\u2606dannybew|this might no end for quite a while\n|c|\u2606dannybew|*not\n|\n|t:|1700767673\n|switch|p2a: Scizor|Scizor-Mega, F|81\/100\n|move|p1a: Ogerpon|Power Whip|p2a: Scizor\n|-resisted|p2a: Scizor\n|-damage|p2a: Scizor|71\/100\n|\n|upkeep\n|turn|49\n|\n|t:|1700767682\n|switch|p1a: Ferrothorn|Ferrothorn, M|100\/100 par\n|move|p2a: Scizor|Roost|p2a: Scizor\n|-heal|p2a: Scizor|100\/100\n|-singleturn|p2a: Scizor|move: Roost\n|\n|upkeep\n|turn|50\n|\n|t:|1700767689\n|move|p2a: Scizor|Knock Off|p1a: Ferrothorn\n|-damage|p1a: Ferrothorn|80\/100 par\n|-damage|p2a: Scizor|88\/100|[from] ability: Iron Barbs|[of] p1a: Ferrothorn\n|-enditem|p1a: Ferrothorn|Leftovers|[from] move: Knock Off|[of] p2a: Scizor\n|move|p1a: Ferrothorn|Stealth Rock|p2a: Scizor\n|-sidestart|p2: dannybew|move: Stealth Rock\n|\n|upkeep\n|turn|51\n|\n|t:|1700767700\n|move|p2a: Scizor|U-turn|p1a: Ferrothorn\n|-damage|p1a: Ferrothorn|58\/100 par\n|-damage|p2a: Scizor|76\/100|[from] ability: Iron Barbs|[of] p1a: Ferrothorn\n|\n|t:|1700767704\n|switch|p2a: Great Tusk|Great Tusk|98\/100|[from] U-turn\n|-damage|p2a: Great Tusk|95\/100|[from] Stealth Rock\n|move|p1a: Ferrothorn|Leech Seed|p2a: Great Tusk\n|-start|p2a: Great Tusk|move: Leech Seed\n|\n|-damage|p2a: Great Tusk|82\/100|[from] Leech Seed|[of] p1a: Ferrothorn\n|-heal|p1a: Ferrothorn|74\/100 par|[silent]\n|upkeep\n|turn|52\n|\n|t:|1700767712\n|move|p2a: Great Tusk|Rapid Spin|p1a: Ferrothorn\n|-resisted|p1a: Ferrothorn\n|-damage|p1a: Ferrothorn|67\/100 par\n|-boost|p2a: Great Tusk|spe|1\n|-damage|p2a: Great Tusk|70\/100|[from] ability: Iron Barbs|[of] p1a: Ferrothorn\n|-end|p2a: Great Tusk|Leech Seed|[from] move: Rapid Spin|[of] p2a: Great Tusk\n|-sideend|p2: dannybew|Stealth Rock|[from] move: Rapid Spin|[of] p2a: Great Tusk\n|cant|p1a: Ferrothorn|par\n|\n|upkeep\n|turn|53\n|\n|t:|1700767727\n|move|p2a: Great Tusk|Bulk Up|p2a: Great Tusk\n|-boost|p2a: Great Tusk|atk|1\n|-boost|p2a: Great Tusk|def|1\n|move|p1a: Ferrothorn|Power Whip|p2a: Great Tusk\n|-supereffective|p2a: Great Tusk\n|-damage|p2a: Great Tusk|39\/100\n|\n|upkeep\n|turn|54\n|\n|t:|1700767735\n|move|p2a: Great Tusk|Close Combat|p1a: Ferrothorn\n|-supereffective|p1a: Ferrothorn\n|-damage|p1a: Ferrothorn|0 fnt\n|-unboost|p2a: Great Tusk|def|1\n|-unboost|p2a: Great Tusk|spd|1\n|-damage|p2a: Great Tusk|26\/100|[from] ability: Iron Barbs|[of] p1a: Ferrothorn\n|faint|p1a: Ferrothorn\n|\n|upkeep\n|\n|t:|1700767743\n|switch|p1a: Lopunny|Lopunny-Mega, M|67\/100\n|turn|55\n|\n|t:|1700767746\n|-end|p2a: Great Tusk|Protosynthesis|[silent]\n|switch|p2a: Alomomola|Alomomola, M|100\/100\n|move|p1a: Lopunny|Fake Out|p2a: Alomomola\n|-damage|p2a: Alomomola|89\/100\n|-damage|p1a: Lopunny|51\/100|[from] item: Rocky Helmet|[of] p2a: Alomomola\n|\n|upkeep\n|turn|56\n|\n|t:|1700767753\n|move|p1a: Lopunny|U-turn|p2a: Alomomola\n|-damage|p2a: Alomomola|75\/100\n|-damage|p1a: Lopunny|34\/100|[from] item: Rocky Helmet|[of] p2a: Alomomola\n|\n|t:|1700767757\n|switch|p1a: Ogerpon|Ogerpon-Wellspring, F|100\/100|[from] U-turn\n|move|p2a: Alomomola|Wish|p2a: Alomomola\n|\n|upkeep\n|turn|57\n|\n|t:|1700767766\n|switch|p2a: Scizor|Scizor-Mega, F|76\/100\n|move|p1a: Ogerpon|Power Whip|p2a: Scizor\n|-resisted|p2a: Scizor\n|-damage|p2a: Scizor|66\/100\n|\n|-heal|p2a: Scizor|100\/100|[from] move: Wish|[wisher] Alomomola\n|upkeep\n|turn|58\n|\n|t:|1700767775\n|switch|p1a: Heatran|Heatran, F|85\/100 par\n|move|p2a: Scizor|U-turn|p1a: Heatran\n|-resisted|p1a: Heatran\n|-damage|p1a: Heatran|78\/100 par\n|\n|t:|1700767779\n|switch|p2a: Alomomola|Alomomola, M|100\/100|[from] U-turn\n|\n|-heal|p1a: Heatran|84\/100 par|[from] item: Leftovers\n|upkeep\n|turn|59\n|\n|t:|1700767789\n|move|p2a: Alomomola|Wish|p2a: Alomomola\n|move|p1a: Heatran|Magma Storm|p2a: Alomomola\n|-resisted|p2a: Alomomola\n|-crit|p2a: Alomomola\n|-damage|p2a: Alomomola|59\/100\n|-activate|p2a: Alomomola|move: Magma Storm|[of] p1a: Heatran\n|\n|-heal|p1a: Heatran|90\/100 par|[from] item: Leftovers\n|-damage|p2a: Alomomola|47\/100|[from] move: Magma Storm|[partiallytrapped]\n|upkeep\n|turn|60\n|\n|t:|1700767799\n|switch|p1a: Ogerpon|Ogerpon-Wellspring, F|100\/100\n|move|p2a: Alomomola|Flip Turn|p1a: Ogerpon\n|-immune|p1a: Ogerpon|[from] ability: Water Absorb\n|\n|-heal|p2a: Alomomola|97\/100|[from] move: Wish|[wisher] Alomomola\n|-end|p2a: Alomomola|Magma Storm|[partiallytrapped]|[silent]\n|upkeep\n|turn|61\n|\n|t:|1700767809\n|switch|p2a: Scizor|Scizor-Mega, F|100\/100\n|move|p1a: Ogerpon|Ivy Cudgel|p2a: Scizor|[anim] Ivy Cudgel Water\n|-crit|p2a: Scizor\n|-damage|p2a: Scizor|53\/100\n|\n|upkeep\n|turn|62\n|\n|t:|1700767815\n|move|p1a: Ogerpon|Ivy Cudgel|p2a: Scizor|[anim] Ivy Cudgel Water\n|-damage|p2a: Scizor|21\/100\n|move|p2a: Scizor|Roost|p2a: Scizor\n|-heal|p2a: Scizor|71\/100\n|-singleturn|p2a: Scizor|move: Roost\n|\n|upkeep\n|turn|63\n|\n|t:|1700767821\n|move|p1a: Ogerpon|Ivy Cudgel|p2a: Scizor|[anim] Ivy Cudgel Water\n|-damage|p2a: Scizor|35\/100\n|move|p2a: Scizor|U-turn|p1a: Ogerpon\n|-supereffective|p1a: Ogerpon\n|-damage|p1a: Ogerpon|3\/100\n|\n|t:|1700767828\n|switch|p2a: Hydreigon|Hydreigon, F, tera:Steel|60\/100|[from] U-turn\n|\n|upkeep\n|turn|64\n|\n|t:|1700767833\n|switch|p1a: Heatran|Heatran, F|90\/100 par\n|move|p2a: Hydreigon|Dark Pulse|p1a: Heatran\n|-damage|p1a: Heatran|64\/100 par\n|\n|-heal|p1a: Heatran|70\/100 par|[from] item: Leftovers\n|upkeep\n|turn|65\n|\n|t:|1700767844\n|switch|p2a: Alomomola|Alomomola, M|100\/100\n|cant|p1a: Heatran|par\n|\n|-heal|p1a: Heatran|76\/100 par|[from] item: Leftovers\n|upkeep\n|turn|66\n|\n|t:|1700767851\n|move|p2a: Alomomola|Wish|p2a: Alomomola\n|cant|p1a: Heatran|par\n|\n|-heal|p1a: Heatran|83\/100 par|[from] item: Leftovers\n|upkeep\n|turn|67\n|\n|t:|1700767857\n|switch|p2a: Great Tusk|Great Tusk|26\/100\n|switch|p1a: Ogerpon|Ogerpon-Wellspring, F|3\/100\n|\n|-heal|p2a: Great Tusk|88\/100|[from] move: Wish|[wisher] Alomomola\n|upkeep\n|turn|68\n|\n|t:|1700767870\n|-end|p2a: Great Tusk|Protosynthesis|[silent]\n|switch|p2a: Alomomola|Alomomola, M|100\/100\n|move|p1a: Ogerpon|Ivy Cudgel|p2a: Alomomola|[anim] Ivy Cudgel Water\n|-resisted|p2a: Alomomola\n|-crit|p2a: Alomomola\n|-damage|p2a: Alomomola|76\/100\n|\n|upkeep\n|turn|69\n|\n|t:|1700767878\n|move|p1a: Ogerpon|Power Whip|p2a: Alomomola|[miss]\n|-miss|p1a: Ogerpon|p2a: Alomomola\n|move|p2a: Alomomola|Wish|p2a: Alomomola\n|\n|upkeep\n|turn|70\n|\n|t:|1700767889\n|switch|p2a: Scizor|Scizor-Mega, F|35\/100\n|move|p1a: Ogerpon|Ivy Cudgel|p2a: Scizor|[anim] Ivy Cudgel Water\n|-damage|p2a: Scizor|3\/100\n|\n|-heal|p2a: Scizor|81\/100|[from] move: Wish|[wisher] Alomomola\n|upkeep\n|turn|71\n|\n|t:|1700767898\n|switch|p1a: Heatran|Heatran, F|83\/100 par\n|move|p2a: Scizor|Bullet Punch|p1a: Heatran\n|-resisted|p1a: Heatran\n|-damage|p1a: Heatran|76\/100 par\n|\n|-heal|p1a: Heatran|82\/100 par|[from] item: Leftovers\n|upkeep\n|turn|72\n|\n|t:|1700767907\n|switch|p2a: Alomomola|Alomomola, M|100\/100\n|cant|p1a: Heatran|par\n|\n|-heal|p1a: Heatran|89\/100 par|[from] item: Leftovers\n|upkeep\n|turn|73\n|\n|t:|1700767920\n|switch|p1a: Ogerpon|Ogerpon-Wellspring, F|3\/100\n|move|p2a: Alomomola|Wish|p2a: Alomomola\n|\n|upkeep\n|turn|74\n|\n|t:|1700767925\n|switch|p2a: Hydreigon|Hydreigon, F, tera:Steel|60\/100\n|move|p1a: Ogerpon|Power Whip|p2a: Hydreigon\n|-resisted|p2a: Hydreigon\n|-damage|p2a: Hydreigon|17\/100\n|\n|-heal|p2a: Hydreigon|99\/100|[from] move: Wish|[wisher] Alomomola\n|upkeep\n|turn|75\n|\n|t:|1700767936\n|switch|p1a: Heatran|Heatran, F|89\/100 par\n|move|p2a: Hydreigon|Dark Pulse|p1a: Heatran\n|-damage|p1a: Heatran|62\/100 par\n|\n|-heal|p1a: Heatran|68\/100 par|[from] item: Leftovers\n|upkeep\n|turn|76\n|\n|t:|1700767944\n|switch|p2a: Alomomola|Alomomola, M|100\/100\n|move|p1a: Heatran|Taunt|p2a: Alomomola\n|-start|p2a: Alomomola|move: Taunt\n|\n|-heal|p1a: Heatran|75\/100 par|[from] item: Leftovers\n|upkeep\n|turn|77\n|\n|t:|1700767953\n|move|p2a: Alomomola|Flip Turn|p1a: Heatran\n|-supereffective|p1a: Heatran\n|-damage|p1a: Heatran|45\/100 par\n|\n|t:|1700767958\n|switch|p2a: Great Tusk|Great Tusk|88\/100|[from] Flip Turn\n|move|p1a: Heatran|Magma Storm|p2a: Great Tusk\n|-damage|p2a: Great Tusk|30\/100\n|-activate|p2a: Great Tusk|move: Magma Storm|[of] p1a: Heatran\n|\n|-heal|p1a: Heatran|51\/100 par|[from] item: Leftovers\n|-damage|p2a: Great Tusk|18\/100|[from] move: Magma Storm|[partiallytrapped]\n|upkeep\n|turn|78\n|\n|t:|1700767967\n|move|p1a: Heatran|Protect|p1a: Heatran\n|-singleturn|p1a: Heatran|Protect\n|move|p2a: Great Tusk|Earthquake|p1a: Heatran\n|-activate|p1a: Heatran|move: Protect\n|\n|-heal|p1a: Heatran|57\/100 par|[from] item: Leftovers\n|-damage|p2a: Great Tusk|6\/100|[from] move: Magma Storm|[partiallytrapped]\n|upkeep\n|turn|79\n|\n|t:|1700767979\n|move|p1a: Heatran|Protect||[still]\n|-fail|p1a: Heatran\n|move|p2a: Great Tusk|Earthquake|p1a: Heatran\n|-supereffective|p1a: Heatran\n|-damage|p1a: Heatran|0 fnt\n|faint|p1a: Heatran\n|\n|-end|p2a: Great Tusk|Magma Storm|[partiallytrapped]|[silent]\n|upkeep\n|\n|t:|1700767985\n|switch|p1a: Lopunny|Lopunny-Mega, M|34\/100\n|turn|80\n|\n|t:|1700767988\n|-end|p2a: Great Tusk|Protosynthesis|[silent]\n|switch|p2a: Alomomola|Alomomola, M|100\/100\n|move|p1a: Lopunny|Fake Out|p2a: Alomomola\n|-damage|p2a: Alomomola|88\/100\n|-damage|p1a: Lopunny|17\/100|[from] item: Rocky Helmet|[of] p2a: Alomomola\n|\n|upkeep\n|turn|81\n|\n|t:|1700767995\n|switch|p1a: Ogerpon|Ogerpon-Wellspring, F|3\/100\n|move|p2a: Alomomola|Wish|p2a: Alomomola\n|\n|upkeep\n|turn|82\n|-message|Haldir9 forfeited.\n|\n|win|dannybew\n|raw|Haldir9's rating: 1165 &rarr; <strong>1147<\/strong><br \/>(-18 for losing)\n|raw|dannybew's rating: 1262 &rarr; <strong>1280<\/strong><br \/>(+18 for winning)\n|l|\u2606Haldir9\n|c|\u2606dannybew|gg\n","uploadtime":1700768023,"views":4,"p1id":"haldir9","p2id":"dannybew","formatid":"gen9nationaldex","rating":1147,"private":0,"password":""}