{"id":"gen9nationaldex-1991947638","p1":"quzjenzhang\u5927\u50bb\u903c","p2":"Endgame.97","format":"[Gen 9] National Dex","log":"|j|\u2606quzjenzhang\u5927\u50bb\u903c\n|j|\u2606Endgame.97\n|t:|1700141427\n|gametype|singles\n|player|p1|quzjenzhang\u5927\u50bb\u903c|winona|1157\n|player|p2|Endgame.97|pokemonrangerf|1065\n|teamsize|p1|6\n|teamsize|p2|6\n|gen|9\n|tier|[Gen 9] National Dex\n|rated|\n|rule|HP Percentage Mod: HP is shown in percentages\n|rule|Endless Battle Clause: Forcing endless battles is banned\n|rule|OHKO Clause: OHKO moves are banned\n|rule|Evasion Clause: Evasion abilities, items, and moves are banned\n|rule|Evasion Abilities Clause: Evasion abilities are banned\n|rule|Evasion Items Clause: Evasion items are banned\n|rule|Evasion Moves Clause: Evasion moves are banned\n|rule|Species Clause: Limit one of each Pok\u00e9mon\n|rule|Sleep Clause Mod: Limit one foe put to sleep\n|clearpoke\n|poke|p1|Ribombee, M|\n|poke|p1|Breloom, F|\n|poke|p1|Banette, F|\n|poke|p1|Alomomola, M|\n|poke|p1|Tapu Lele|\n|poke|p1|Gliscor, M|\n|poke|p2|Serperior, F|\n|poke|p2|Arbok, F|\n|poke|p2|Sandaconda, M|\n|poke|p2|Seviper, F|\n|poke|p2|Milotic, M|\n|poke|p2|Gyarados, M|\n|teampreview\n|inactive|Battle timer is ON: inactive players will automatically lose when time's up. (requested by quzjenzhang\u5927\u50bb\u903c)\n|\n|t:|1700141432\n|start\n|switch|p1a: Ribombee|Ribombee, M|100\/100\n|switch|p2a: Sandaconda|Sandaconda, M|100\/100\n|turn|1\n|\n|t:|1700141440\n|switch|p2a: Feesh|Gyarados, M, shiny|100\/100\n|move|p1a: Ribombee|Moonblast|p2a: Feesh\n|-damage|p2a: Feesh|57\/100\n|\n|-heal|p2a: Feesh|63\/100|[from] item: Leftovers\n|upkeep\n|turn|2\n|\n|t:|1700141452\n|move|p1a: Ribombee|Moonblast|p2a: Feesh\n|-damage|p2a: Feesh|21\/100\n|-unboost|p2a: Feesh|spa|1\n|move|p2a: Feesh|Dragon Dance|p2a: Feesh\n|-boost|p2a: Feesh|atk|1\n|-boost|p2a: Feesh|spe|1\n|\n|-heal|p2a: Feesh|27\/100|[from] item: Leftovers\n|upkeep\n|turn|3\n|\n|t:|1700141465\n|move|p2a: Feesh|Waterfall|p1a: Ribombee\n|-enditem|p1a: Ribombee|Focus Sash\n|-damage|p1a: Ribombee|1\/100\n|move|p1a: Ribombee|Moonblast|p2a: Feesh\n|-damage|p2a: Feesh|0 fnt\n|faint|p2a: Feesh\n|\n|upkeep\n|j| XXMurdrXX\n|\n|t:|1700141482\n|switch|p2a: Arbok|Arbok, F|100\/100\n|-ability|p2a: Arbok|Intimidate|boost\n|-unboost|p1a: Ribombee|atk|1\n|turn|4\n|\n|t:|1700141489\n|move|p1a: Ribombee|Psychic|p2a: Arbok\n|-supereffective|p2a: Arbok\n|-damage|p2a: Arbok|22\/100\n|move|p2a: Arbok|Coil|p2a: Arbok\n|-boost|p2a: Arbok|atk|1\n|-boost|p2a: Arbok|def|1\n|-boost|p2a: Arbok|accuracy|1\n|\n|upkeep\n|turn|5\n|l| XXMurdrXX\n|\n|t:|1700141502\n|switch|p2a: Seviper|Seviper, F|100\/100\n|move|p1a: Ribombee|Moonblast|p2a: Seviper\n|-resisted|p2a: Seviper\n|-damage|p2a: Seviper|70\/100\n|\n|upkeep\n|turn|6\n|\n|t:|1700141514\n|-terastallize|p2a: Seviper|Fire\n|move|p1a: Ribombee|Psychic|p2a: Seviper\n|-damage|p2a: Seviper|32\/100\n|move|p2a: Seviper|Flamethrower|p1a: Ribombee\n|-supereffective|p1a: Ribombee\n|-crit|p1a: Ribombee\n|-damage|p1a: Ribombee|0 fnt\n|faint|p1a: Ribombee\n|-damage|p2a: Seviper|22\/100|[from] item: Life Orb\n|\n|upkeep\n|\n|t:|1700141531\n|switch|p1a: Alomomola|Alomomola, M|100\/100\n|turn|7\n|\n|t:|1700141536\n|move|p1a: Alomomola|Flip Turn|p2a: Seviper\n|-supereffective|p2a: Seviper\n|-damage|p2a: Seviper|0 fnt\n|faint|p2a: Seviper\n|\n|t:|1700141554\n|switch|p1a: Tapu Lele|Tapu Lele|100\/100|[from] Flip Turn\n|-fieldstart|move: Psychic Terrain|[from] ability: Psychic Surge|[of] p1a: Tapu Lele\n|\n|upkeep\n|\n|t:|1700141560\n|switch|p2a: Serperior|Serperior, F|100\/100\n|turn|8\n|\n|t:|1700141564\n|-terastallize|p1a: Tapu Lele|Psychic\n|move|p2a: Serperior|Glare|p1a: Tapu Lele\n|-status|p1a: Tapu Lele|par\n|move|p1a: Tapu Lele|Psychic|p2a: Serperior\n|-damage|p2a: Serperior|0 fnt\n|faint|p2a: Serperior\n|\n|upkeep\n|\n|t:|1700141577\n|switch|p2a: Sandaconda|Sandaconda, M|100\/100\n|turn|9\n|\n|t:|1700141587\n|switch|p2a: Arbok|Arbok, F|22\/100\n|-ability|p2a: Arbok|Intimidate|boost\n|-unboost|p1a: Tapu Lele|atk|1\n|cant|p1a: Tapu Lele|par\n|\n|upkeep\n|turn|10\n|\n|t:|1700141598\n|move|p2a: Arbok|Gunk Shot|p1a: Tapu Lele\n|-damage|p1a: Tapu Lele|23\/100 par\n|move|p1a: Tapu Lele|Psychic|p2a: Arbok\n|-supereffective|p2a: Arbok\n|-damage|p2a: Arbok|0 fnt\n|faint|p2a: Arbok\n|\n|upkeep\n|\n|t:|1700141607\n|switch|p2a: Sandaconda|Sandaconda, M|100\/100\n|turn|11\n|\n|t:|1700141615\n|switch|p1a: Breloom|Breloom, F|100\/100\n|move|p2a: Sandaconda|Drill Run|p1a: Breloom\n|-resisted|p1a: Breloom\n|-damage|p1a: Breloom|68\/100\n|\n|-fieldend|move: Psychic Terrain\n|upkeep\n|turn|12\n|\n|t:|1700141627\n|switch|p2a: Milotic|Milotic, M|100\/100\n|move|p1a: Breloom|Spore|p2a: Milotic\n|-status|p2a: Milotic|slp|[from] move: Spore\n|\n|upkeep\n|turn|13\n|\n|t:|1700141635\n|move|p1a: Breloom|Swords Dance|p1a: Breloom\n|-boost|p1a: Breloom|atk|2\n|cant|p2a: Milotic|slp\n|\n|upkeep\n|turn|14\n|\n|t:|1700141640\n|move|p1a: Breloom|Bullet Seed|p2a: Milotic\n|-supereffective|p2a: Milotic\n|-damage|p2a: Milotic|41\/100 slp\n|-supereffective|p2a: Milotic\n|-damage|p2a: Milotic|0 fnt\n|faint|p2a: Milotic\n|-hitcount|p2: Milotic|2\n|\n|upkeep\n|-message|Endgame.97 forfeited.\n|\n|win|quzjenzhang\u5927\u50bb\u903c\n|raw|quzjenzhang\u5927\u50bb\u903c's rating: 1157 &rarr; <strong>1176<\/strong><br \/>(+19 for winning)\n|raw|Endgame.97's rating: 1065 &rarr; <strong>1050<\/strong><br \/>(-15 for losing)\n|l|\u2606Endgame.97\n","uploadtime":1700141657,"views":13,"p1id":"quzjenzhang","p2id":"endgame97","formatid":"gen9nationaldex","rating":1050,"private":0,"password":""}