{"id":"gen9nationaldex-1997688928","p1":"Sleym1","p2":"huntixv","format":"[Gen 9] National Dex","log":"|html|<div class=\"broadcast-blue\"><strong>[Gen 9] National Dex is currently suspecting Sneasler! For information on how to participate check out the <a href=\"https:\/\/www.smogon.com\/forums\/threads\/sv-national-dex-suspect-8-just-dance.3731534\/\">suspect thread<\/a>.<\/strong><\/div>\n|j|\u2606Sleym1\n|j|\u2606huntixv\n|t:|1700842015\n|gametype|singles\n|player|p1|Sleym1|cynthia|\n|player|p2|huntixv|benga|\n|teamsize|p1|6\n|teamsize|p2|6\n|gen|9\n|tier|[Gen 9] National Dex\n|rule|HP Percentage Mod: HP is shown in percentages\n|rule|Endless Battle Clause: Forcing endless battles is banned\n|rule|OHKO Clause: OHKO moves are banned\n|rule|Evasion Clause: Evasion abilities, items, and moves are banned\n|rule|Evasion Abilities Clause: Evasion abilities are banned\n|rule|Evasion Items Clause: Evasion items are banned\n|rule|Evasion Moves Clause: Evasion moves are banned\n|rule|Species Clause: Limit one of each Pok\u00e9mon\n|rule|Sleep Clause Mod: Limit one foe put to sleep\n|clearpoke\n|poke|p1|Electrode-Hisui|\n|poke|p1|Ferrothorn, F|\n|poke|p1|Abomasnow, M|\n|poke|p1|Rotom-Mow|\n|poke|p1|Cradily, F|\n|poke|p1|Meowscarada, F|\n|poke|p2|Gliscor, M|\n|poke|p2|Charizard, M|\n|poke|p2|Delibird, M|\n|poke|p2|Scyther, M|\n|poke|p2|Noivern, M|\n|poke|p2|Hawlucha, M|\n|teampreview\n|\n|t:|1700842031\n|start\n|switch|p1a: Electrode|Electrode-Hisui, shiny|100\/100\n|switch|p2a: Hawlucha|Hawlucha, M, shiny|100\/100\n|turn|1\n|\n|t:|1700842040\n|move|p1a: Electrode|Discharge|p2a: Hawlucha\n|-supereffective|p2a: Hawlucha\n|-damage|p2a: Hawlucha|17\/100\n|move|p2a: Hawlucha|Dual Wingbeat|p1a: Electrode\n|-damage|p1a: Electrode|82\/100\n|-damage|p1a: Electrode|64\/100\n|-hitcount|p1a: Electrode|2\n|\n|upkeep\n|turn|2\n|\n|t:|1700842057\n|switch|p2a: Delibird|Delibird, M|100\/100\n|move|p1a: Electrode|Discharge|p2a: Delibird\n|-supereffective|p2a: Delibird\n|-damage|p2a: Delibird|0 fnt\n|faint|p2a: Delibird\n|\n|upkeep\n|\n|t:|1700842076\n|switch|p2a: Gliscor|Gliscor, M, shiny|100\/100\n|turn|3\n|\n|t:|1700842082\n|-terastallize|p2a: Gliscor|Ground\n|move|p1a: Electrode|Explosion|p2a: Gliscor\n|-damage|p2a: Gliscor|71\/100\n|faint|p1a: Electrode\n|move|p2a: Gliscor|Gunk Shot|p1: Electrode|[notarget]\n|-fail|p2a: Gliscor\n|\n|upkeep\n|\n|t:|1700842092\n|switch|p1a: Abomasnow|Abomasnow, M, shiny|100\/100\n|-weather|Snow|[from] ability: Snow Warning|[of] p1a: Abomasnow\n|turn|4\n|\n|t:|1700842102\n|move|p2a: Gliscor|Fire Fang|p1a: Abomasnow\n|-supereffective|p1a: Abomasnow\n|-damage|p1a: Abomasnow|57\/100\n|move|p1a: Abomasnow|Blizzard|p2a: Gliscor\n|-supereffective|p2a: Gliscor\n|-damage|p2a: Gliscor|0 fnt\n|faint|p2a: Gliscor\n|\n|-weather|Snow|[upkeep]\n|upkeep\n|\n|t:|1700842115\n|switch|p2a: Charizard|Charizard, M|100\/100\n|turn|5\n|\n|t:|1700842123\n|move|p2a: Charizard|Fire Blast|p1a: Abomasnow|[miss]\n|-miss|p2a: Charizard|p1a: Abomasnow\n|move|p1a: Abomasnow|Outrage|p2a: Charizard\n|-damage|p2a: Charizard|62\/100\n|\n|-weather|Snow|[upkeep]\n|upkeep\n|turn|6\n|\n|t:|1700842136\n|move|p2a: Charizard|Fire Blast|p1a: Abomasnow\n|-supereffective|p1a: Abomasnow\n|-damage|p1a: Abomasnow|0 fnt\n|faint|p1a: Abomasnow\n|\n|-weather|Snow|[upkeep]\n|upkeep\n|\n|t:|1700842143\n|switch|p1a: Cradily|Cradily, F, shiny|100\/100\n|turn|7\n|\n|t:|1700842148\n|move|p2a: Charizard|Air Slash|p1a: Cradily\n|-damage|p1a: Cradily|68\/100\n|move|p1a: Cradily|Rock Slide|p2a: Charizard\n|-supereffective|p2a: Charizard\n|-damage|p2a: Charizard|0 fnt\n|faint|p2a: Charizard\n|\n|-weather|Snow|[upkeep]\n|upkeep\n|\n|t:|1700842158\n|switch|p2a: Hawlucha|Hawlucha, M, shiny|17\/100\n|turn|8\n|\n|t:|1700842176\n|switch|p1a: Rotom|Rotom-Mow, shiny|100\/100\n|move|p2a: Hawlucha|Cross Chop|p1a: Rotom\n|-damage|p1a: Rotom|63\/100\n|\n|-weather|none\n|upkeep\n|turn|9\n|\n|t:|1700842185\n|move|p1a: Rotom|Protect|p1a: Rotom\n|-singleturn|p1a: Rotom|Protect\n|move|p2a: Hawlucha|Cross Chop|p1a: Rotom\n|-activate|p1a: Rotom|move: Protect\n|\n|upkeep\n|turn|10\n|\n|t:|1700842193\n|move|p2a: Hawlucha|Cross Chop|p1a: Rotom\n|-damage|p1a: Rotom|27\/100\n|move|p1a: Rotom|Discharge|p2a: Hawlucha\n|-supereffective|p2a: Hawlucha\n|-damage|p2a: Hawlucha|0 fnt\n|faint|p2a: Hawlucha\n|\n|upkeep\n|\n|t:|1700842203\n|switch|p2a: Noivern|Noivern, M, shiny|100\/100\n|-item|p1a: Rotom|Focus Sash|[from] ability: Frisk|[of] p2a: Noivern|[identify]\n|turn|11\n|\n|t:|1700842213\n|move|p2a: Noivern|Agility|p2a: Noivern\n|-boost|p2a: Noivern|spe|2\n|move|p1a: Rotom|Discharge|p2a: Noivern\n|-damage|p2a: Noivern|68\/100\n|\n|upkeep\n|turn|12\n|\n|t:|1700842223\n|move|p2a: Noivern|Dark Pulse|p1a: Rotom\n|-damage|p1a: Rotom|6\/100\n|move|p1a: Rotom|Shadow Ball|p2a: Noivern\n|-damage|p2a: Noivern|46\/100\n|\n|upkeep\n|turn|13\n|\n|t:|1700842231\n|move|p2a: Noivern|Body Slam|p1a: Rotom\n|-damage|p1a: Rotom|0 fnt\n|faint|p1a: Rotom\n|\n|upkeep\n|\n|t:|1700842237\n|switch|p1a: Cradily|Cradily, F, shiny|68\/100\n|turn|14\n|\n|t:|1700842241\n|move|p2a: Noivern|Agility|p2a: Noivern\n|-boost|p2a: Noivern|spe|2\n|move|p1a: Cradily|Rock Slide|p2a: Noivern\n|-supereffective|p2a: Noivern\n|-damage|p2a: Noivern|1\/100\n|\n|upkeep\n|turn|15\n|\n|t:|1700842262\n|move|p2a: Noivern|Dark Pulse|p1a: Cradily\n|-damage|p1a: Cradily|46\/100\n|cant|p1a: Cradily|flinch\n|\n|upkeep\n|turn|16\n|\n|t:|1700842271\n|move|p2a: Noivern|Dual Wingbeat|p1a: Cradily\n|-damage|p1a: Cradily|35\/100\n|-damage|p2a: Noivern|0 fnt|[from] item: Rocky Helmet|[of] p1a: Cradily\n|faint|p2a: Noivern\n|-hitcount|p1a: Cradily|1\n|move|p1a: Cradily|Rock Slide|p2: Noivern|[notarget]\n|-fail|p1a: Cradily\n|\n|upkeep\n|\n|t:|1700842280\n|switch|p2a: Scyther|Scyther, M|100\/100\n|turn|17\n|\n|t:|1700842286\n|move|p2a: Scyther|Dual Wingbeat|p1a: Cradily\n|-crit|p1a: Cradily\n|-damage|p1a: Cradily|11\/100\n|-damage|p2a: Scyther|84\/100|[from] item: Rocky Helmet|[of] p1a: Cradily\n|-damage|p1a: Cradily|0 fnt\n|-damage|p2a: Scyther|67\/100|[from] item: Rocky Helmet|[of] p1a: Cradily\n|faint|p1a: Cradily\n|-hitcount|p1: Cradily|2\n|\n|upkeep\n|\n|t:|1700842295\n|switch|p1a: Meowscarada|Meowscarada, F, shiny|100\/100\n|turn|18\n|\n|t:|1700842301\n|move|p1a: Meowscarada|Power Gem|p2a: Scyther\n|-start|p1a: Meowscarada|typechange|Rock|[from] ability: Protean\n|-supereffective|p2a: Scyther\n|-damage|p2a: Scyther|0 fnt\n|faint|p2a: Scyther\n|\n|win|Sleym1\n","uploadtime":1700842344,"views":13,"p1id":"sleym1","p2id":"huntixv","formatid":"gen9nationaldex","rating":0,"private":0,"password":""}