{"id":"gen9nationaldex-1988702365","p1":"OnlyPyper","p2":"TeamGardevoir123","format":"[Gen 9] National Dex","log":"|j|\u2606OnlyPyper\n|j|\u2606TeamGardevoir123\n|t:|1699752528\n|gametype|singles\n|player|p1|OnlyPyper|shauntal|\n|player|p2|TeamGardevoir123|rosa-masters2|\n|teamsize|p1|6\n|teamsize|p2|6\n|gen|9\n|tier|[Gen 9] National Dex\n|rule|HP Percentage Mod: HP is shown in percentages\n|rule|Endless Battle Clause: Forcing endless battles is banned\n|rule|OHKO Clause: OHKO moves are banned\n|rule|Evasion Clause: Evasion abilities, items, and moves are banned\n|rule|Evasion Abilities Clause: Evasion abilities are banned\n|rule|Evasion Items Clause: Evasion items are banned\n|rule|Evasion Moves Clause: Evasion moves are banned\n|rule|Species Clause: Limit one of each Pok\u00e9mon\n|rule|Sleep Clause Mod: Limit one foe put to sleep\n|clearpoke\n|poke|p1|Tapu Koko|\n|poke|p1|Xurkitree|\n|poke|p1|Iron Leaves|\n|poke|p1|Sneasler, F|\n|poke|p1|Latios, M|\n|poke|p1|Ting-Lu|\n|poke|p2|Lopunny, F|\n|poke|p2|Grimmsnarl, M|\n|poke|p2|Kommo-o, M|\n|poke|p2|Toxapex, M|\n|poke|p2|Gliscor, M|\n|poke|p2|Volcarona, F|\n|teampreview\n|c|\u2606OnlyPyper|Suerte linda uwu\n|\n|t:|1699752564\n|start\n|switch|p1a: Tapu Koko|Tapu Koko|100\/100\n|switch|p2a: Grimmsnarl|Grimmsnarl, M|100\/100\n|-fieldstart|move: Electric Terrain|[from] ability: Electric Surge|[of] p1a: Tapu Koko\n|turn|1\n|c|\u2606TeamGardevoir123|Gracias\n|\n|t:|1699752574\n|move|p2a: Grimmsnarl|Light Screen|p2a: Grimmsnarl\n|-sidestart|p2: TeamGardevoir123|move: Light Screen\n|move|p1a: Tapu Koko|Reflect|p1a: Tapu Koko\n|-sidestart|p1: OnlyPyper|Reflect\n|\n|upkeep\n|turn|2\n|\n|t:|1699752580\n|move|p2a: Grimmsnarl|Reflect|p2a: Grimmsnarl\n|-sidestart|p2: TeamGardevoir123|Reflect\n|move|p1a: Tapu Koko|Volt Switch|p2a: Grimmsnarl\n|-damage|p2a: Grimmsnarl|90\/100\n|\n|t:|1699752588\n|switch|p1a: Ting-Lu|Ting-Lu|100\/100|[from] Volt Switch\n|-ability|p1a: Ting-Lu|Vessel of Ruin\n|\n|upkeep\n|turn|3\n|\n|t:|1699752611\n|switch|p2a: Gliscor|Gliscor, M|100\/100\n|move|p1a: Ting-Lu|Stealth Rock|p2a: Gliscor\n|-sidestart|p2: TeamGardevoir123|move: Stealth Rock\n|\n|-status|p2a: Gliscor|tox|[from] item: Toxic Orb\n|upkeep\n|turn|4\n|\n|t:|1699752625\n|move|p2a: Gliscor|U-turn|p1a: Ting-Lu\n|-supereffective|p1a: Ting-Lu\n|-damage|p1a: Ting-Lu|93\/100\n|\n|t:|1699752632\n|switch|p2a: Kommo-o|Kommo-o, M|100\/100|[from] U-turn\n|-damage|p2a: Kommo-o|94\/100|[from] Stealth Rock\n|move|p1a: Ting-Lu|Ruination|p2a: Kommo-o\n|-damage|p2a: Kommo-o|48\/100\n|\n|-heal|p1a: Ting-Lu|99\/100|[from] item: Leftovers\n|upkeep\n|turn|5\n|\n|t:|1699752647\n|move|p2a: Kommo-o|Flamethrower|p1a: Ting-Lu\n|-damage|p1a: Ting-Lu|88\/100\n|move|p1a: Ting-Lu|Whirlwind|p2a: Kommo-o\n|drag|p2a: Nella|Lopunny, F, shiny|100\/100\n|-damage|p2a: Nella|88\/100|[from] Stealth Rock\n|\n|-heal|p1a: Ting-Lu|94\/100|[from] item: Leftovers\n|-fieldend|move: Electric Terrain\n|upkeep\n|turn|6\n|\n|t:|1699752661\n|switch|p1a: Tapu Koko|Tapu Koko|100\/100\n|-fieldstart|move: Electric Terrain|[from] ability: Electric Surge|[of] p1a: Tapu Koko\n|detailschange|p2a: Nella|Lopunny-Mega, F, shiny\n|-mega|p2a: Nella|Lopunny|Lopunnite\n|move|p2a: Nella|Fake Out|p1a: Tapu Koko\n|-damage|p1a: Tapu Koko|89\/100\n|\n|upkeep\n|turn|7\n|\n|t:|1699752672\n|move|p2a: Nella|U-turn|p1a: Tapu Koko\n|-resisted|p1a: Tapu Koko\n|-damage|p1a: Tapu Koko|82\/100\n|\n|t:|1699752678\n|switch|p2a: Grimmsnarl|Grimmsnarl, M|90\/100|[from] U-turn\n|-damage|p2a: Grimmsnarl|77\/100|[from] Stealth Rock\n|move|p1a: Tapu Koko|Light Screen|p1a: Tapu Koko\n|-sidestart|p1: OnlyPyper|move: Light Screen\n|\n|upkeep\n|turn|8\n|\n|t:|1699752696\n|move|p1a: Tapu Koko|Volt Switch|p2a: Grimmsnarl\n|-damage|p2a: Grimmsnarl|67\/100\n|\n|t:|1699752719\n|switch|p1a: Iron Leaves|Iron Leaves|100\/100|[from] Volt Switch\n|-activate|p1a: Iron Leaves|ability: Quark Drive\n|-start|p1a: Iron Leaves|quarkdrivespe\n|move|p2a: Grimmsnarl|Spirit Break|p1a: Iron Leaves\n|-damage|p1a: Iron Leaves|83\/100\n|-unboost|p1a: Iron Leaves|spa|1\n|\n|-sideend|p1: OnlyPyper|Reflect\n|-sideend|p2: TeamGardevoir123|move: Light Screen\n|upkeep\n|turn|9\n|\n|t:|1699752733\n|move|p2a: Grimmsnarl|Parting Shot|p1a: Iron Leaves\n|-unboost|p1a: Iron Leaves|atk|1\n|-unboost|p1a: Iron Leaves|spa|1\n|\n|t:|1699752737\n|switch|p2a: Volcarona|Volcarona, F|100\/100|[from] Parting Shot\n|move|p1a: Iron Leaves|Leaf Blade|p2a: Volcarona\n|-resisted|p2a: Volcarona\n|-crit|p2a: Volcarona\n|-damage|p2a: Volcarona|74\/100\n|\n|-sideend|p2: TeamGardevoir123|Reflect\n|upkeep\n|turn|10\n|\n|t:|1699752748\n|-end|p1a: Iron Leaves|Quark Drive|[silent]\n|switch|p1a: Sneasler|Sneasler, F|100\/100\n|-enditem|p1a: Sneasler|Electric Seed\n|-boost|p1a: Sneasler|def|1|[from] item: Electric Seed\n|move|p2a: Volcarona|Quiver Dance|p2a: Volcarona\n|-boost|p2a: Volcarona|spa|1\n|-boost|p2a: Volcarona|spd|1\n|-boost|p2a: Volcarona|spe|1\n|\n|-fieldend|move: Electric Terrain\n|upkeep\n|turn|11\n|\n|t:|1699752762\n|move|p1a: Sneasler|Acrobatics|p2a: Volcarona\n|-supereffective|p2a: Volcarona\n|-crit|p2a: Volcarona\n|-damage|p2a: Volcarona|0 fnt\n|faint|p2a: Volcarona\n|\n|upkeep\n|\n|t:|1699752768\n|switch|p2a: Grimmsnarl|Grimmsnarl, M|67\/100\n|-damage|p2a: Grimmsnarl|54\/100|[from] Stealth Rock\n|turn|12\n|\n|t:|1699752775\n|move|p2a: Grimmsnarl|Reflect|p2a: Grimmsnarl\n|-sidestart|p2: TeamGardevoir123|Reflect\n|move|p1a: Sneasler|Swords Dance|p1a: Sneasler\n|-boost|p1a: Sneasler|atk|2\n|\n|upkeep\n|turn|13\n|\n|t:|1699752783\n|move|p2a: Grimmsnarl|Parting Shot|p1a: Sneasler\n|-unboost|p1a: Sneasler|atk|1\n|-unboost|p1a: Sneasler|spa|1\n|\n|t:|1699752788\n|switch|p2a: Gliscor|Gliscor, M|100\/100 tox|[from] Parting Shot\n|-damage|p2a: Gliscor|88\/100 tox|[from] Stealth Rock\n|move|p1a: Sneasler|Acrobatics|p2a: Gliscor\n|-damage|p2a: Gliscor|70\/100 tox\n|\n|-heal|p2a: Gliscor|82\/100 tox|[from] ability: Poison Heal\n|upkeep\n|turn|14\n|\n|t:|1699752800\n|-terastallize|p1a: Sneasler|Flying\n|move|p1a: Sneasler|Swords Dance|p1a: Sneasler\n|-boost|p1a: Sneasler|atk|2\n|move|p2a: Gliscor|Earthquake|p1a: Sneasler\n|-immune|p1a: Sneasler\n|\n|-heal|p2a: Gliscor|95\/100 tox|[from] ability: Poison Heal\n|-sideend|p1: OnlyPyper|move: Light Screen\n|upkeep\n|turn|15\n|\n|t:|1699752813\n|move|p1a: Sneasler|Swords Dance|p1a: Sneasler\n|-boost|p1a: Sneasler|atk|2\n|move|p2a: Gliscor|U-turn|p1a: Sneasler\n|-resisted|p1a: Sneasler\n|-damage|p1a: Sneasler|92\/100\n|\n|t:|1699752824\n|switch|p2a: Nella|Lopunny-Mega, F, shiny|88\/100|[from] U-turn\n|-damage|p2a: Nella|82\/100|[from] Stealth Rock\n|\n|upkeep\n|turn|16\n|\n|t:|1699752831\n|move|p2a: Nella|Fake Out|p1a: Sneasler\n|-damage|p1a: Sneasler|66\/100\n|cant|p1a: Sneasler|flinch\n|\n|upkeep\n|turn|17\n|\n|t:|1699752844\n|switch|p2a: Toxapex|Toxapex, M|100\/100\n|-damage|p2a: Toxapex|88\/100|[from] Stealth Rock\n|move|p1a: Sneasler|Acrobatics|p2a: Toxapex\n|-damage|p2a: Toxapex|6\/100\n|\n|-heal|p2a: Toxapex|12\/100|[from] item: Leftovers\n|upkeep\n|turn|18\n|c|\u2606TeamGardevoir123|Miss clic Ekisde\n|c|\u2606OnlyPyper|Ekisde\n|c|\u2606OnlyPyper|Tranqui\n|c|\u2606OnlyPyper|Cambia al que ibas a cambiar de vdd\n|c|\u2606OnlyPyper|Yo tiro Sword Dance\n|c|\u2606TeamGardevoir123|Weno\n|\n|t:|1699752911\n|switch|p2a: Grimmsnarl|Grimmsnarl, M|54\/100\n|-damage|p2a: Grimmsnarl|42\/100|[from] Stealth Rock\n|move|p1a: Sneasler|Swords Dance|p1a: Sneasler\n|-boost|p1a: Sneasler|atk|1\n|\n|upkeep\n|turn|19\n|\n|t:|1699752926\n|switch|p1a: Ting-Lu|Ting-Lu|94\/100\n|-ability|p1a: Ting-Lu|Vessel of Ruin\n|move|p2a: Grimmsnarl|Parting Shot|p1a: Ting-Lu\n|-hint|Since gen 7, Dark is immune to Prankster moves.\n|-immune|p1a: Ting-Lu\n|\n|-heal|p1a: Ting-Lu|99\/100|[from] item: Leftovers\n|-sideend|p2: TeamGardevoir123|Reflect\n|upkeep\n|turn|20\n|\n|t:|1699752938\n|move|p2a: Grimmsnarl|Reflect|p2a: Grimmsnarl\n|-sidestart|p2: TeamGardevoir123|Reflect\n|move|p1a: Ting-Lu|Spikes|p2a: Grimmsnarl\n|-sidestart|p2: TeamGardevoir123|Spikes\n|\n|-heal|p1a: Ting-Lu|100\/100|[from] item: Leftovers\n|upkeep\n|turn|21\n|\n|t:|1699752945\n|move|p2a: Grimmsnarl|Spirit Break|p1a: Ting-Lu\n|-supereffective|p1a: Ting-Lu\n|-damage|p1a: Ting-Lu|74\/100\n|-unboost|p1a: Ting-Lu|spa|1\n|move|p1a: Ting-Lu|Whirlwind|p2a: Grimmsnarl\n|drag|p2a: Toxapex|Toxapex, M|45\/100\n|-damage|p2a: Toxapex|33\/100|[from] Stealth Rock\n|-damage|p2a: Toxapex|21\/100|[from] Spikes\n|\n|-heal|p1a: Ting-Lu|80\/100|[from] item: Leftovers\n|-heal|p2a: Toxapex|27\/100|[from] item: Leftovers\n|upkeep\n|turn|22\n|\n|t:|1699752961\n|switch|p2a: Gliscor|Gliscor, M|95\/100 tox\n|-damage|p2a: Gliscor|82\/100 tox|[from] Stealth Rock\n|move|p1a: Ting-Lu|Whirlwind|p2a: Gliscor\n|drag|p2a: Grimmsnarl|Grimmsnarl, M|42\/100\n|-damage|p2a: Grimmsnarl|29\/100|[from] Stealth Rock\n|-damage|p2a: Grimmsnarl|17\/100|[from] Spikes\n|\n|-heal|p1a: Ting-Lu|86\/100|[from] item: Leftovers\n|upkeep\n|turn|23\n|\n|t:|1699752976\n|move|p2a: Grimmsnarl|Spirit Break|p1a: Ting-Lu\n|-supereffective|p1a: Ting-Lu\n|-damage|p1a: Ting-Lu|59\/100\n|-unboost|p1a: Ting-Lu|spa|1\n|move|p1a: Ting-Lu|Whirlwind|p2a: Grimmsnarl\n|drag|p2a: Toxapex|Toxapex, M|60\/100\n|-damage|p2a: Toxapex|48\/100|[from] Stealth Rock\n|-damage|p2a: Toxapex|35\/100|[from] Spikes\n|\n|-heal|p1a: Ting-Lu|65\/100|[from] item: Leftovers\n|-heal|p2a: Toxapex|41\/100|[from] item: Leftovers\n|upkeep\n|turn|24\n|\n|t:|1699752994\n|move|p2a: Toxapex|Knock Off|p1a: Ting-Lu\n|-resisted|p1a: Ting-Lu\n|-damage|p1a: Ting-Lu|62\/100\n|-enditem|p1a: Ting-Lu|Leftovers|[from] move: Knock Off|[of] p2a: Toxapex\n|move|p1a: Ting-Lu|Whirlwind|p2a: Toxapex\n|drag|p2a: Kommo-o|Kommo-o, M|48\/100\n|-damage|p2a: Kommo-o|41\/100|[from] Stealth Rock\n|-damage|p2a: Kommo-o|29\/100|[from] Spikes\n|\n|upkeep\n|turn|25\n|\n|t:|1699753007\n|switch|p1a: Tapu Koko|Tapu Koko|82\/100\n|-fieldstart|move: Electric Terrain|[from] ability: Electric Surge|[of] p1a: Tapu Koko\n|-zpower|p2a: Kommo-o\n|move|p2a: Kommo-o|Clangorous Soulblaze|p1a: Tapu Koko|[zeffect]\n|-immune|p1a: Tapu Koko\n|\n|upkeep\n|turn|26\n|\n|t:|1699753022\n|switch|p2a: Grimmsnarl|Grimmsnarl, M|17\/100\n|-damage|p2a: Grimmsnarl|5\/100|[from] Stealth Rock\n|-damage|p2a: Grimmsnarl|0 fnt|[from] Spikes\n|faint|p2a: Grimmsnarl\n|move|p1a: Tapu Koko|Light Screen|p1a: Tapu Koko\n|-sidestart|p1: OnlyPyper|move: Light Screen\n|\n|upkeep\n|\n|t:|1699753032\n|switch|p2a: Gliscor|Gliscor, M|82\/100 tox\n|-damage|p2a: Gliscor|70\/100 tox|[from] Stealth Rock\n|turn|27\n|\n|t:|1699753039\n|switch|p1a: Iron Leaves|Iron Leaves|83\/100\n|-activate|p1a: Iron Leaves|ability: Quark Drive\n|-start|p1a: Iron Leaves|quarkdrivespe\n|move|p2a: Gliscor|Defog|p1a: Iron Leaves\n|-unboost|p1a: Iron Leaves|evasion|1\n|-sideend|p1: OnlyPyper|move: Light Screen\n|-sideend|p2: TeamGardevoir123|Spikes|[from] move: Defog|[of] p2a: Gliscor\n|-sideend|p2: TeamGardevoir123|Stealth Rock|[from] move: Defog|[of] p2a: Gliscor\n|-fieldend|move: Electric Terrain\n|-end|p1a: Iron Leaves|Quark Drive\n|\n|-heal|p2a: Gliscor|82\/100 tox|[from] ability: Poison Heal\n|-sideend|p2: TeamGardevoir123|Reflect\n|upkeep\n|turn|28\n|\n|t:|1699753053\n|move|p1a: Iron Leaves|Leaf Blade|p2a: Gliscor\n|-damage|p2a: Gliscor|41\/100 tox\n|move|p2a: Gliscor|U-turn|p1a: Iron Leaves\n|-supereffective|p1a: Iron Leaves\n|-damage|p1a: Iron Leaves|20\/100\n|\n|t:|1699753061\n|switch|p2a: Nella|Lopunny-Mega, F, shiny|82\/100|[from] U-turn\n|\n|upkeep\n|turn|29\n|\n|t:|1699753071\n|-end|p1a: Iron Leaves|Quark Drive|[silent]\n|switch|p1a: Tapu Koko|Tapu Koko|82\/100\n|-fieldstart|move: Electric Terrain|[from] ability: Electric Surge|[of] p1a: Tapu Koko\n|move|p2a: Nella|Fake Out|p1a: Tapu Koko\n|-damage|p1a: Tapu Koko|58\/100\n|\n|upkeep\n|turn|30\n|\n|t:|1699753079\n|switch|p1a: Sneasler|Sneasler, F, tera:Flying|66\/100\n|move|p2a: Nella|U-turn|p1a: Sneasler\n|-resisted|p1a: Sneasler\n|-damage|p1a: Sneasler|44\/100\n|\n|t:|1699753086\n|switch|p2a: Toxapex|Toxapex, M|75\/100|[from] U-turn\n|\n|-heal|p2a: Toxapex|81\/100|[from] item: Leftovers\n|upkeep\n|turn|31\n|\n|t:|1699753094\n|move|p1a: Sneasler|Acrobatics|p2a: Toxapex\n|-damage|p2a: Toxapex|37\/100\n|move|p2a: Toxapex|Scald|p1a: Sneasler\n|-damage|p1a: Sneasler|20\/100\n|\n|-heal|p2a: Toxapex|43\/100|[from] item: Leftovers\n|upkeep\n|turn|32\n|\n|t:|1699753108\n|move|p1a: Sneasler|Acrobatics|p2a: Toxapex\n|-damage|p2a: Toxapex|0 fnt\n|faint|p2a: Toxapex\n|\n|upkeep\n|\n|t:|1699753115\n|switch|p2a: Nella|Lopunny-Mega, F, shiny|82\/100\n|turn|33\n|\n|t:|1699753120\n|move|p2a: Nella|Fake Out|p1a: Sneasler\n|-damage|p1a: Sneasler|0 fnt\n|faint|p1a: Sneasler\n|\n|-fieldend|move: Electric Terrain\n|upkeep\n|\n|t:|1699753129\n|switch|p1a: Tapu Koko|Tapu Koko|58\/100\n|-fieldstart|move: Electric Terrain|[from] ability: Electric Surge|[of] p1a: Tapu Koko\n|turn|34\n|\n|t:|1699753143\n|move|p2a: Nella|U-turn|p1a: Tapu Koko\n|-resisted|p1a: Tapu Koko\n|-damage|p1a: Tapu Koko|44\/100\n|\n|t:|1699753147\n|switch|p2a: Gliscor|Gliscor, M|41\/100 tox|[from] U-turn\n|move|p1a: Tapu Koko|Reflect|p1a: Tapu Koko\n|-sidestart|p1: OnlyPyper|Reflect\n|\n|-heal|p2a: Gliscor|54\/100 tox|[from] ability: Poison Heal\n|upkeep\n|turn|35\n|\n|t:|1699753157\n|switch|p1a: Latios|Latios, M|100\/100\n|move|p2a: Gliscor|Defog|p1a: Latios\n|-unboost|p1a: Latios|evasion|1\n|-sideend|p1: OnlyPyper|Reflect\n|-fieldend|move: Electric Terrain\n|\n|-heal|p2a: Gliscor|66\/100 tox|[from] ability: Poison Heal\n|upkeep\n|turn|36\n|\n|t:|1699753169\n|move|p1a: Latios|Draco Meteor|p2a: Gliscor\n|-damage|p2a: Gliscor|0 fnt\n|-unboost|p1a: Latios|spa|2\n|faint|p2a: Gliscor\n|\n|upkeep\n|\n|t:|1699753178\n|switch|p2a: Nella|Lopunny-Mega, F, shiny|82\/100\n|turn|37\n|\n|t:|1699753185\n|switch|p1a: Tapu Koko|Tapu Koko|44\/100\n|-fieldstart|move: Electric Terrain|[from] ability: Electric Surge|[of] p1a: Tapu Koko\n|move|p2a: Nella|Fake Out|p1a: Tapu Koko\n|-damage|p1a: Tapu Koko|19\/100\n|\n|upkeep\n|turn|38\n|\n|t:|1699753193\n|move|p2a: Nella|Frustration|p1a: Tapu Koko\n|-damage|p1a: Tapu Koko|0 fnt\n|faint|p1a: Tapu Koko\n|\n|upkeep\n|\n|t:|1699753199\n|switch|p1a: Xurkitree|Xurkitree|100\/100\n|turn|39\n|\n|t:|1699753205\n|move|p1a: Xurkitree|Rising Voltage|p2a: Nella\n|-hint|Rising Voltage's BP doubled on grounded target.\n|-damage|p2a: Nella|0 fnt\n|faint|p2a: Nella\n|-ability|p1a: Xurkitree|Beast Boost|boost\n|-boost|p1a: Xurkitree|spa|1\n|\n|upkeep\n|\n|t:|1699753212\n|switch|p2a: Kommo-o|Kommo-o, M|29\/100\n|turn|40\n|\n|t:|1699753218\n|move|p1a: Xurkitree|Rising Voltage|p2a: Kommo-o\n|-hint|Rising Voltage's BP doubled on grounded target.\n|-resisted|p2a: Kommo-o\n|-damage|p2a: Kommo-o|0 fnt\n|faint|p2a: Kommo-o\n|\n|win|OnlyPyper\n|c|\u2606OnlyPyper|Gg\n","uploadtime":1699753240,"views":25,"p1id":"onlypyper","p2id":"teamgardevoir123","formatid":"gen9nationaldex","rating":0,"private":0,"password":""}