{"id":"gen9nationaldex-1991616938","p1":"ryan_farhan","p2":"tilinesco007","format":"[Gen 9] National Dex","log":"|j|\u2606ryan_farhan\n|j|\u2606tilinesco007\n|t:|1700094684\n|gametype|singles\n|player|p1|ryan_farhan|102|1116\n|player|p2|tilinesco007|iris-gen5bw2|1084\n|teamsize|p1|6\n|teamsize|p2|6\n|gen|9\n|tier|[Gen 9] National Dex\n|rated|\n|rule|HP Percentage Mod: HP is shown in percentages\n|rule|Endless Battle Clause: Forcing endless battles is banned\n|rule|OHKO Clause: OHKO moves are banned\n|rule|Evasion Clause: Evasion abilities, items, and moves are banned\n|rule|Evasion Abilities Clause: Evasion abilities are banned\n|rule|Evasion Items Clause: Evasion items are banned\n|rule|Evasion Moves Clause: Evasion moves are banned\n|rule|Species Clause: Limit one of each Pok\u00e9mon\n|rule|Sleep Clause Mod: Limit one foe put to sleep\n|clearpoke\n|poke|p1|Pikachu, M|\n|poke|p1|Bulbasaur, M|\n|poke|p1|Squirtle, M|\n|poke|p1|Charizard, M|\n|poke|p1|Lapras, M|\n|poke|p1|Snorlax, F|\n|poke|p2|Moltres|\n|poke|p2|Ferrothorn, F|\n|poke|p2|Banette, M|\n|poke|p2|Gliscor, F|\n|poke|p2|Regidrago|\n|poke|p2|Volcarona, F|\n|teampreview\n|inactive|Battle timer is ON: inactive players will automatically lose when time's up. (requested by ryan_farhan)\n|\n|t:|1700094702\n|start\n|switch|p1a: Charizard|Charizard, M|100\/100\n|switch|p2a: Volcarona|Volcarona, F|100\/100\n|turn|1\n|\n|t:|1700094711\n|detailschange|p1a: Charizard|Charizard-Mega-X, M\n|-mega|p1a: Charizard|Charizard|Charizardite X\n|-terastallize|p2a: Volcarona|Ground\n|move|p2a: Volcarona|Quiver Dance|p2a: Volcarona\n|-boost|p2a: Volcarona|spa|1\n|-boost|p2a: Volcarona|spd|1\n|-boost|p2a: Volcarona|spe|1\n|move|p1a: Charizard|Flare Blitz|p2a: Volcarona\n|-damage|p2a: Volcarona|0 fnt\n|faint|p2a: Volcarona\n|-damage|p1a: Charizard|66\/100|[from] Recoil\n|\n|upkeep\n|\n|t:|1700094722\n|switch|p2a: Regidrago|Regidrago|100\/100\n|turn|2\n|\n|t:|1700094728\n|switch|p1a: Squirtle|Squirtle, M|100\/100\n|move|p2a: Regidrago|Dragon Energy|p1a: Squirtle\n|-damage|p1a: Squirtle|0 fnt\n|faint|p1a: Squirtle\n|\n|upkeep\n|\n|t:|1700094747\n|switch|p1a: Snorlax|Snorlax, F|100\/100\n|turn|3\n|\n|t:|1700094751\n|move|p2a: Regidrago|Dragon Energy|p1a: Snorlax\n|-damage|p1a: Snorlax|40\/100\n|-enditem|p1a: Snorlax|Aguav Berry|[eat]\n|-heal|p1a: Snorlax|73\/100|[from] item: Aguav Berry\n|move|p1a: Snorlax|Ice Punch|p2a: Regidrago\n|-supereffective|p2a: Regidrago\n|-damage|p2a: Regidrago|59\/100\n|\n|upkeep\n|turn|4\n|\n|t:|1700094764\n|switch|p2a: Moltres|Moltres|100\/100\n|move|p1a: Snorlax|Ice Punch|p2a: Moltres\n|-damage|p2a: Moltres|82\/100\n|\n|upkeep\n|turn|5\n|\n|t:|1700094779\n|move|p2a: Moltres|Flamethrower|p1a: Snorlax\n|-damage|p1a: Snorlax|40\/100\n|move|p1a: Snorlax|Recycle|p1a: Snorlax\n|-item|p1a: Snorlax|Aguav Berry|[from] move: Recycle\n|-enditem|p1a: Snorlax|Aguav Berry|[eat]\n|-heal|p1a: Snorlax|73\/100|[from] item: Aguav Berry\n|\n|upkeep\n|turn|6\n|\n|t:|1700094787\n|move|p2a: Moltres|U-turn|p1a: Snorlax\n|-damage|p1a: Snorlax|63\/100\n|\n|t:|1700094790\n|switch|p2a: Ferrothorn|Ferrothorn, F|100\/100|[from] U-turn\n|move|p1a: Snorlax|Curse|p1a: Snorlax\n|-unboost|p1a: Snorlax|spe|1\n|-boost|p1a: Snorlax|atk|1\n|-boost|p1a: Snorlax|def|1\n|\n|upkeep\n|turn|7\n|\n|t:|1700094800\n|switch|p1a: Charizard|Charizard-Mega-X, M|66\/100\n|move|p2a: Ferrothorn|Leech Seed|p1a: Charizard\n|-start|p1a: Charizard|move: Leech Seed\n|\n|-damage|p1a: Charizard|54\/100|[from] Leech Seed|[of] p2a: Ferrothorn\n|upkeep\n|turn|8\n|\n|t:|1700094811\n|switch|p2a: Moltres|Moltres|82\/100\n|move|p1a: Charizard|Dragon Dance|p1a: Charizard\n|-boost|p1a: Charizard|atk|1\n|-boost|p1a: Charizard|spe|1\n|\n|-damage|p1a: Charizard|41\/100|[from] Leech Seed|[of] p2a: Moltres\n|-heal|p2a: Moltres|92\/100|[silent]\n|upkeep\n|turn|9\n|inactive|tilinesco007 has 120 seconds left.\n|\n|t:|1700094846\n|move|p1a: Charizard|Roost|p1a: Charizard\n|-heal|p1a: Charizard|91\/100\n|-singleturn|p1a: Charizard|move: Roost\n|move|p2a: Moltres|Hurricane|p1a: Charizard|[miss]\n|-miss|p2a: Moltres|p1a: Charizard\n|\n|-damage|p1a: Charizard|79\/100|[from] Leech Seed|[of] p2a: Moltres\n|-heal|p2a: Moltres|100\/100|[silent]\n|upkeep\n|turn|10\n|inactive|tilinesco007 has 120 seconds left.\n|\n|t:|1700094855\n|move|p1a: Charizard|Flare Blitz|p2a: Moltres\n|-resisted|p2a: Moltres\n|-damage|p2a: Moltres|33\/100\n|-damage|p1a: Charizard|50\/100|[from] Recoil\n|move|p2a: Moltres|Hurricane|p1a: Charizard|[miss]\n|-miss|p2a: Moltres|p1a: Charizard\n|\n|-damage|p1a: Charizard|38\/100|[from] Leech Seed|[of] p2a: Moltres\n|-heal|p2a: Moltres|43\/100|[silent]\n|upkeep\n|turn|11\n|inactive|tilinesco007 has 120 seconds left.\n|\n|t:|1700094885\n|move|p1a: Charizard|Flare Blitz|p2a: Moltres\n|-resisted|p2a: Moltres\n|-damage|p2a: Moltres|0 fnt\n|faint|p2a: Moltres\n|-damage|p1a: Charizard|20\/100|[from] Recoil\n|\n|upkeep\n|\n|t:|1700094891\n|switch|p2a: Gliscor|Gliscor, F|100\/100\n|turn|12\n|\n|t:|1700094896\n|move|p2a: Gliscor|Protect|p2a: Gliscor\n|-singleturn|p2a: Gliscor|Protect\n|move|p1a: Charizard|Flare Blitz|p2a: Gliscor\n|-activate|p2a: Gliscor|move: Protect\n|\n|-damage|p1a: Charizard|8\/100|[from] Leech Seed|[of] p2a: Gliscor\n|-status|p2a: Gliscor|tox|[from] item: Toxic Orb\n|upkeep\n|turn|13\n|inactive|tilinesco007 has 120 seconds left.\n|\n|t:|1700094926\n|move|p1a: Charizard|Flare Blitz|p2a: Gliscor\n|-damage|p2a: Gliscor|0 fnt\n|faint|p2a: Gliscor\n|-damage|p1a: Charizard|0 fnt|[from] Recoil\n|faint|p1a: Charizard\n|\n|upkeep\n|\n|t:|1700094936\n|switch|p2a: Ferrothorn|Ferrothorn, F|100\/100\n|switch|p1a: Snorlax|Snorlax, F|63\/100\n|turn|14\n|inactive|tilinesco007 has 90 seconds left.\n|\n|t:|1700094961\n|move|p1a: Snorlax|Recycle|p1a: Snorlax\n|-item|p1a: Snorlax|Aguav Berry|[from] move: Recycle\n|move|p2a: Ferrothorn|Leech Seed|p1a: Snorlax\n|-start|p1a: Snorlax|move: Leech Seed\n|\n|-damage|p1a: Snorlax|51\/100|[from] Leech Seed|[of] p2a: Ferrothorn\n|upkeep\n|turn|15\n|inactive|tilinesco007 has 90 seconds left.\n|\n|t:|1700094968\n|move|p1a: Snorlax|Curse|p1a: Snorlax\n|-unboost|p1a: Snorlax|spe|1\n|-boost|p1a: Snorlax|atk|1\n|-boost|p1a: Snorlax|def|1\n|move|p2a: Ferrothorn|Body Press|p1a: Snorlax\n|-supereffective|p1a: Snorlax\n|-damage|p1a: Snorlax|27\/100\n|-enditem|p1a: Snorlax|Aguav Berry|[eat]\n|-heal|p1a: Snorlax|60\/100|[from] item: Aguav Berry\n|\n|-damage|p1a: Snorlax|48\/100|[from] Leech Seed|[of] p2a: Ferrothorn\n|upkeep\n|turn|16\n|inactive|tilinesco007 has 90 seconds left.\n|\n|t:|1700094993\n|-terastallize|p1a: Snorlax|Poison\n|move|p2a: Ferrothorn|Knock Off|p1a: Snorlax\n|-damage|p1a: Snorlax|42\/100\n|move|p1a: Snorlax|Recycle|p1a: Snorlax\n|-item|p1a: Snorlax|Aguav Berry|[from] move: Recycle\n|-enditem|p1a: Snorlax|Aguav Berry|[eat]\n|-heal|p1a: Snorlax|75\/100|[from] item: Aguav Berry\n|\n|-damage|p1a: Snorlax|63\/100|[from] Leech Seed|[of] p2a: Ferrothorn\n|upkeep\n|turn|17\n|\n|t:|1700095007\n|move|p2a: Ferrothorn|Knock Off|p1a: Snorlax\n|-damage|p1a: Snorlax|57\/100\n|move|p1a: Snorlax|Curse|p1a: Snorlax\n|-unboost|p1a: Snorlax|spe|1\n|-boost|p1a: Snorlax|atk|1\n|-boost|p1a: Snorlax|def|1\n|\n|-damage|p1a: Snorlax|44\/100|[from] Leech Seed|[of] p2a: Ferrothorn\n|upkeep\n|turn|18\n|inactive|tilinesco007 has 90 seconds left.\n|\n|t:|1700095037\n|move|p2a: Ferrothorn|Knock Off|p1a: Snorlax\n|-damage|p1a: Snorlax|40\/100\n|move|p1a: Snorlax|Earthquake|p2a: Ferrothorn\n|-crit|p2a: Ferrothorn\n|-damage|p2a: Ferrothorn|61\/100\n|\n|-heal|p2a: Ferrothorn|67\/100|[from] item: Leftovers\n|-damage|p1a: Snorlax|28\/100|[from] Leech Seed|[of] p2a: Ferrothorn\n|-heal|p2a: Ferrothorn|85\/100|[silent]\n|upkeep\n|turn|19\n|\n|t:|1700095048\n|move|p2a: Ferrothorn|Protect|p2a: Ferrothorn\n|-singleturn|p2a: Ferrothorn|Protect\n|move|p1a: Snorlax|Recycle|p1a: Snorlax\n|-item|p1a: Snorlax|Aguav Berry|[from] move: Recycle\n|-enditem|p1a: Snorlax|Aguav Berry|[eat]\n|-heal|p1a: Snorlax|61\/100|[from] item: Aguav Berry\n|\n|-heal|p2a: Ferrothorn|92\/100|[from] item: Leftovers\n|-damage|p1a: Snorlax|48\/100|[from] Leech Seed|[of] p2a: Ferrothorn\n|-heal|p2a: Ferrothorn|100\/100|[silent]\n|upkeep\n|turn|20\n|\n|t:|1700095059\n|switch|p2a: Banette|Banette, M|100\/100\n|switch|p1a: Pikachu|Pikachu, M|100\/100\n|\n|upkeep\n|turn|21\n|inactive|tilinesco007 has 60 seconds left.\n|\n|t:|1700095092\n|detailschange|p2a: Banette|Banette-Mega, M\n|-mega|p2a: Banette|Banette|Banettite\n|move|p1a: Pikachu|Nuzzle|p2a: Banette\n|-damage|p2a: Banette|91\/100\n|-status|p2a: Banette|par\n|move|p2a: Banette|Poltergeist|p1a: Pikachu\n|-activate|p1a: Pikachu|move: Poltergeist|Light Ball\n|-damage|p1a: Pikachu|0 fnt\n|faint|p1a: Pikachu\n|\n|upkeep\n|\n|t:|1700095109\n|switch|p1a: Snorlax|Snorlax, F, tera:Poison|48\/100\n|turn|22\n|inactive|tilinesco007 has 30 seconds left.\n|\n|t:|1700095140\n|cant|p2a: Banette|par\n|move|p1a: Snorlax|Recycle|p1a: Snorlax\n|-item|p1a: Snorlax|Aguav Berry|[from] move: Recycle\n|-enditem|p1a: Snorlax|Aguav Berry|[eat]\n|-heal|p1a: Snorlax|82\/100|[from] item: Aguav Berry\n|\n|upkeep\n|turn|23\n|\n|t:|1700095151\n|move|p2a: Banette|Taunt|p1a: Snorlax\n|-start|p1a: Snorlax|move: Taunt\n|cant|p1a: Snorlax|move: Taunt|Curse\n|\n|upkeep\n|turn|24\n|\n|t:|1700095158\n|switch|p1a: Bulbasaur|Bulbasaur, M|100\/100\n|move|p2a: Banette|Encore||[still]\n|-fail|p2a: Banette\n|\n|upkeep\n|turn|25\n|inactive|tilinesco007 has 30 seconds left.\n|\n|t:|1700095190\n|move|p1a: Bulbasaur|Hidden Power|p2a: Banette\n|-damage|p2a: Banette|79\/100 par\n|move|p2a: Banette|Poltergeist|p1a: Bulbasaur\n|-activate|p1a: Bulbasaur|move: Poltergeist|Eviolite\n|-damage|p1a: Bulbasaur|18\/100\n|\n|upkeep\n|turn|26\n|inactive|tilinesco007 has 30 seconds left.\n|\n|t:|1700095200\n|move|p1a: Bulbasaur|Giga Drain|p2a: Banette\n|-damage|p2a: Banette|42\/100 par\n|-heal|p1a: Bulbasaur|39\/100|[from] drain|[of] p2a: Banette\n|move|p2a: Banette|Poltergeist|p1a: Bulbasaur\n|-activate|p1a: Bulbasaur|move: Poltergeist|Eviolite\n|-damage|p1a: Bulbasaur|0 fnt\n|faint|p1a: Bulbasaur\n|\n|upkeep\n|\n|t:|1700095210\n|switch|p1a: Lapras|Lapras, M|100\/100\n|turn|27\n|inactive|tilinesco007 has 30 seconds left.\n|inactive|tilinesco007 has 20 seconds left.\n|\n|t:|1700095238\n|switch|p2a: Ferrothorn|Ferrothorn, F|100\/100\n|move|p1a: Lapras|Whirlpool|p2a: Ferrothorn\n|-resisted|p2a: Ferrothorn\n|-damage|p2a: Ferrothorn|96\/100\n|-activate|p2a: Ferrothorn|move: Whirlpool|[of] p1a: Lapras\n|\n|-heal|p2a: Ferrothorn|100\/100|[from] item: Leftovers\n|-damage|p2a: Ferrothorn|88\/100|[from] move: Whirlpool|[partiallytrapped]\n|upkeep\n|turn|28\n|inactive|tilinesco007 has 30 seconds left this turn.\n|\n|t:|1700095248\n|move|p1a: Lapras|Perish Song|p1a: Lapras\n|-start|p1a: Lapras|perish3|[silent]\n|-start|p2a: Ferrothorn|perish3|[silent]\n|-fieldactivate|move: Perish Song\n|move|p2a: Ferrothorn|Leech Seed|p1a: Lapras\n|-start|p1a: Lapras|move: Leech Seed\n|\n|-heal|p2a: Ferrothorn|94\/100|[from] item: Leftovers\n|-damage|p1a: Lapras|88\/100|[from] Leech Seed|[of] p2a: Ferrothorn\n|-heal|p2a: Ferrothorn|100\/100|[silent]\n|-damage|p2a: Ferrothorn|88\/100|[from] move: Whirlpool|[partiallytrapped]\n|-start|p1a: Lapras|perish3\n|-start|p2a: Ferrothorn|perish3\n|upkeep\n|turn|29\n|inactive|tilinesco007 has 30 seconds left.\n|inactive|tilinesco007 has 20 seconds left.\n|inactive|tilinesco007 has 15 seconds left.\n|inactive|tilinesco007 has 10 seconds left.\n|\n|t:|1700095275\n|move|p1a: Lapras|Protect|p1a: Lapras\n|-singleturn|p1a: Lapras|Protect\n|move|p2a: Ferrothorn|Body Press|p1a: Lapras\n|-activate|p1a: Lapras|move: Protect\n|\n|-heal|p1a: Lapras|94\/100|[from] item: Leftovers\n|-heal|p2a: Ferrothorn|94\/100|[from] item: Leftovers\n|-damage|p1a: Lapras|82\/100|[from] Leech Seed|[of] p2a: Ferrothorn\n|-heal|p2a: Ferrothorn|100\/100|[silent]\n|-damage|p2a: Ferrothorn|88\/100|[from] move: Whirlpool|[partiallytrapped]\n|-start|p1a: Lapras|perish2\n|-start|p2a: Ferrothorn|perish2\n|upkeep\n|turn|30\n|inactive|tilinesco007 has 20 seconds left this turn.\n|\n|t:|1700095291\n|move|p1a: Lapras|Protect|p1a: Lapras\n|-singleturn|p1a: Lapras|Protect\n|move|p2a: Ferrothorn|Body Press|p1a: Lapras\n|-activate|p1a: Lapras|move: Protect\n|\n|-heal|p1a: Lapras|88\/100|[from] item: Leftovers\n|-heal|p2a: Ferrothorn|94\/100|[from] item: Leftovers\n|-damage|p1a: Lapras|75\/100|[from] Leech Seed|[of] p2a: Ferrothorn\n|-heal|p2a: Ferrothorn|100\/100|[silent]\n|-damage|p2a: Ferrothorn|88\/100|[from] move: Whirlpool|[partiallytrapped]\n|-start|p1a: Lapras|perish1\n|-start|p2a: Ferrothorn|perish1\n|upkeep\n|turn|31\n|inactive|tilinesco007 has 30 seconds left this turn.\n|inactive|tilinesco007 has 20 seconds left.\n|inactive|tilinesco007 has 15 seconds left.\n|inactive|tilinesco007 has 10 seconds left.\n|\n|t:|1700095314\n|switch|p1a: Snorlax|Snorlax, F, tera:Poison|82\/100\n|move|p2a: Ferrothorn|Body Press|p1a: Snorlax\n|-resisted|p1a: Snorlax\n|-damage|p1a: Snorlax|72\/100\n|\n|-heal|p2a: Ferrothorn|94\/100|[from] item: Leftovers\n|-end|p2a: Ferrothorn|Whirlpool|[partiallytrapped]|[silent]\n|-start|p2a: Ferrothorn|perish0\n|upkeep\n|faint|p2a: Ferrothorn\n|inactive|tilinesco007 has 15 seconds left this turn.\n|inactive|tilinesco007 has 10 seconds left.\n|\n|t:|1700095322\n|switch|p2a: Regidrago|Regidrago|59\/100\n|turn|32\n|inactive|tilinesco007 has 20 seconds left this turn.\n|\n|t:|1700095328\n|move|p2a: Regidrago|Draco Meteor|p1a: Snorlax\n|-damage|p1a: Snorlax|25\/100\n|-unboost|p2a: Regidrago|spa|2\n|move|p1a: Snorlax|Ice Punch|p2a: Regidrago\n|-supereffective|p2a: Regidrago\n|-damage|p2a: Regidrago|18\/100\n|-status|p2a: Regidrago|frz\n|\n|upkeep\n|turn|33\n|inactive|tilinesco007 has 30 seconds left this turn.\n|\n|t:|1700095338\n|cant|p2a: Regidrago|frz\n|move|p1a: Snorlax|Recycle|p1a: Snorlax\n|-item|p1a: Snorlax|Aguav Berry|[from] move: Recycle\n|-enditem|p1a: Snorlax|Aguav Berry|[eat]\n|-heal|p1a: Snorlax|58\/100|[from] item: Aguav Berry\n|\n|upkeep\n|turn|34\n|-message|tilinesco007 forfeited.\n|\n|win|ryan_farhan\n|raw|ryan_farhan's rating: 1116 &rarr; <strong>1139<\/strong><br \/>(+23 for winning)\n|raw|tilinesco007's rating: 1084 &rarr; <strong>1063<\/strong><br \/>(-21 for losing)\n|l|\u2606tilinesco007\n|c|\u2606ryan_farhan|Gg\n","uploadtime":1700095352,"views":7,"p1id":"ryanfarhan","p2id":"tilinesco007","formatid":"gen9nationaldex","rating":1063,"private":0,"password":""}