{"id":"gen9nationaldex-1989748341","p1":"cookiesinmilk","p2":"cookerpressure","format":"[Gen 9] National Dex","log":"|j|\u2606cookiesinmilk\n|j|\u2606cookerpressure\n|t:|1699892399\n|gametype|singles\n|player|p1|cookiesinmilk|2|1400\n|player|p2|cookerpressure|red|1392\n|teamsize|p1|6\n|teamsize|p2|6\n|gen|9\n|tier|[Gen 9] National Dex\n|rated|\n|rule|HP Percentage Mod: HP is shown in percentages\n|rule|Endless Battle Clause: Forcing endless battles is banned\n|rule|OHKO Clause: OHKO moves are banned\n|rule|Evasion Clause: Evasion abilities, items, and moves are banned\n|rule|Evasion Abilities Clause: Evasion abilities are banned\n|rule|Evasion Items Clause: Evasion items are banned\n|rule|Evasion Moves Clause: Evasion moves are banned\n|rule|Species Clause: Limit one of each Pok\u00e9mon\n|rule|Sleep Clause Mod: Limit one foe put to sleep\n|clearpoke\n|poke|p1|Claydol|\n|poke|p1|Alomomola, M|\n|poke|p1|Florges, F|\n|poke|p1|Tapu Bulu|\n|poke|p1|Houndoom, M|\n|poke|p1|Kleavor, F|\n|poke|p2|Zeraora|\n|poke|p2|Aegislash, F|\n|poke|p2|Gallade, M|\n|poke|p2|Gliscor, M|\n|poke|p2|Alomomola, F|\n|poke|p2|Blaziken, M|\n|teampreview\n|inactive|Battle timer is ON: inactive players will automatically lose when time's up. (requested by cookiesinmilk)\n|\n|t:|1699892409\n|start\n|switch|p1a: Alomomola|Alomomola, M|100\/100\n|switch|p2a: Alomomola|Alomomola, F|100\/100\n|turn|1\n|\n|t:|1699892416\n|move|p2a: Alomomola|Protect|p2a: Alomomola\n|-singleturn|p2a: Alomomola|Protect\n|move|p1a: Alomomola|Knock Off|p2a: Alomomola\n|-activate|p2a: Alomomola|move: Protect\n|\n|upkeep\n|turn|2\n|\n|t:|1699892425\n|move|p1a: Alomomola|Knock Off|p2a: Alomomola\n|-damage|p2a: Alomomola|90\/100\n|-enditem|p2a: Alomomola|Heavy-Duty Boots|[from] move: Knock Off|[of] p1a: Alomomola\n|move|p2a: Alomomola|Toxic|p1a: Alomomola\n|-status|p1a: Alomomola|tox\n|\n|-damage|p1a: Alomomola|94\/100 tox|[from] psn\n|upkeep\n|turn|3\n|\n|t:|1699892435\n|switch|p1a: Tapu Bulu|Tapu Bulu|100\/100\n|-fieldstart|move: Grassy Terrain|[from] ability: Grassy Surge|[of] p1a: Tapu Bulu\n|move|p2a: Alomomola|Protect||[still]\n|-fail|p2a: Alomomola\n|\n|-heal|p2a: Alomomola|96\/100|[from] Grassy Terrain\n|upkeep\n|turn|4\n|\n|t:|1699892443\n|move|p1a: Tapu Bulu|Wood Hammer|p2a: Alomomola\n|-supereffective|p2a: Alomomola\n|-damage|p2a: Alomomola|0 fnt\n|faint|p2a: Alomomola\n|-damage|p1a: Tapu Bulu|57\/100|[from] Recoil\n|\n|-heal|p1a: Tapu Bulu|63\/100|[from] Grassy Terrain\n|upkeep\n|\n|t:|1699892450\n|switch|p2a: Aegislash|Aegislash, F|100\/100\n|turn|5\n|\n|t:|1699892456\n|switch|p1a: Alomomola|Alomomola, M|100\/100 tox\n|-formechange|p2a: Aegislash|Aegislash-Blade||[from] ability: Stance Change\n|move|p2a: Aegislash|Flash Cannon|p1a: Alomomola\n|-resisted|p1a: Alomomola\n|-damage|p1a: Alomomola|72\/100 tox\n|-unboost|p1a: Alomomola|spd|1\n|\n|-heal|p1a: Alomomola|78\/100 tox|[from] Grassy Terrain\n|-damage|p1a: Alomomola|72\/100 tox|[from] psn\n|upkeep\n|turn|6\n|\n|t:|1699892466\n|switch|p1a: Houndoom|Houndoom, M|100\/100\n|-formechange|p2a: Aegislash|Aegislash||[from] ability: Stance Change\n|move|p2a: Aegislash|King's Shield||[still]\n|-fail|p2a: Aegislash\n|\n|upkeep\n|turn|7\n|\n|t:|1699892485\n|switch|p2a: Gliscor|Gliscor, M|100\/100\n|detailschange|p1a: Houndoom|Houndoom-Mega, M\n|-mega|p1a: Houndoom|Houndoom|Houndoominite\n|move|p1a: Houndoom|Flamethrower|p2a: Gliscor\n|-damage|p2a: Gliscor|23\/100\n|\n|-fieldend|move: Grassy Terrain\n|-status|p2a: Gliscor|tox|[from] item: Toxic Orb\n|upkeep\n|turn|8\n|\n|t:|1699892501\n|switch|p2a: Blaziken|Blaziken, M|100\/100\n|move|p1a: Houndoom|Flamethrower|p2a: Blaziken\n|-resisted|p2a: Blaziken\n|-damage|p2a: Blaziken|62\/100\n|\n|upkeep\n|turn|9\n|\n|t:|1699892507\n|move|p2a: Blaziken|Protect|p2a: Blaziken\n|-singleturn|p2a: Blaziken|Protect\n|move|p1a: Houndoom|Dark Pulse|p2a: Blaziken\n|-activate|p2a: Blaziken|move: Protect\n|\n|-ability|p2a: Blaziken|Speed Boost|boost\n|-boost|p2a: Blaziken|spe|1\n|upkeep\n|turn|10\n|\n|t:|1699892514\n|switch|p1a: Alomomola|Alomomola, M|100\/100 tox\n|move|p2a: Blaziken|Close Combat|p1a: Alomomola\n|-damage|p1a: Alomomola|65\/100 tox\n|-unboost|p2a: Blaziken|def|1\n|-unboost|p2a: Blaziken|spd|1\n|-damage|p2a: Blaziken|46\/100|[from] item: Rocky Helmet|[of] p1a: Alomomola\n|\n|-damage|p1a: Alomomola|59\/100 tox|[from] psn\n|-ability|p2a: Blaziken|Speed Boost|boost\n|-boost|p2a: Blaziken|spe|1\n|upkeep\n|turn|11\n|\n|t:|1699892530\n|move|p2a: Blaziken|Protect|p2a: Blaziken\n|-singleturn|p2a: Blaziken|Protect\n|move|p1a: Alomomola|Wish|p1a: Alomomola\n|\n|-damage|p1a: Alomomola|47\/100 tox|[from] psn\n|-ability|p2a: Blaziken|Speed Boost|boost\n|-boost|p2a: Blaziken|spe|1\n|upkeep\n|turn|12\n|\n|t:|1699892538\n|-zpower|p2a: Blaziken\n|move|p2a: Blaziken|Inferno Overdrive|p1a: Alomomola|[zeffect]\n|-resisted|p1a: Alomomola\n|-damage|p1a: Alomomola|17\/100 tox\n|move|p1a: Alomomola|Flip Turn|p2a: Blaziken\n|-supereffective|p2a: Blaziken\n|-damage|p2a: Blaziken|0 fnt\n|faint|p2a: Blaziken\n|\n|t:|1699892547\n|switch|p1a: Tapu Bulu|Tapu Bulu|63\/100|[from] Flip Turn\n|-fieldstart|move: Grassy Terrain|[from] ability: Grassy Surge|[of] p1a: Tapu Bulu\n|\n|-heal|p1a: Tapu Bulu|100\/100|[from] move: Wish|[wisher] Alomomola\n|upkeep\n|\n|t:|1699892566\n|switch|p2a: Aegislash|Aegislash, F|100\/100\n|turn|13\n|\n|t:|1699892576\n|switch|p1a: Houndoom|Houndoom-Mega, M|100\/100\n|-formechange|p2a: Aegislash|Aegislash-Blade||[from] ability: Stance Change\n|move|p2a: Aegislash|Flash Cannon|p1a: Houndoom\n|-resisted|p1a: Houndoom\n|-damage|p1a: Houndoom|71\/100\n|\n|-heal|p1a: Houndoom|77\/100|[from] Grassy Terrain\n|upkeep\n|turn|14\n|\n|t:|1699892584\n|-formechange|p2a: Aegislash|Aegislash||[from] ability: Stance Change\n|move|p2a: Aegislash|King's Shield|p2a: Aegislash\n|-singleturn|p2a: Aegislash|Protect\n|move|p1a: Houndoom|Flamethrower|p2a: Aegislash\n|-activate|p2a: Aegislash|move: Protect\n|\n|-heal|p1a: Houndoom|83\/100|[from] Grassy Terrain\n|upkeep\n|turn|15\n|\n|t:|1699892597\n|move|p1a: Houndoom|Flamethrower|p2a: Aegislash\n|-supereffective|p2a: Aegislash\n|-damage|p2a: Aegislash|17\/100\n|-formechange|p2a: Aegislash|Aegislash-Blade||[from] ability: Stance Change\n|move|p2a: Aegislash|Air Slash|p1a: Houndoom\n|-damage|p1a: Houndoom|44\/100\n|\n|-heal|p1a: Houndoom|51\/100|[from] Grassy Terrain\n|-heal|p2a: Aegislash|23\/100|[from] Grassy Terrain\n|-heal|p2a: Aegislash|29\/100|[from] item: Leftovers\n|upkeep\n|turn|16\n|\n|t:|1699892613\n|-formechange|p2a: Aegislash|Aegislash||[from] ability: Stance Change\n|move|p2a: Aegislash|King's Shield|p2a: Aegislash\n|-singleturn|p2a: Aegislash|Protect\n|move|p1a: Houndoom|Flamethrower|p2a: Aegislash\n|-activate|p2a: Aegislash|move: Protect\n|\n|-heal|p1a: Houndoom|57\/100|[from] Grassy Terrain\n|-heal|p2a: Aegislash|35\/100|[from] Grassy Terrain\n|-heal|p2a: Aegislash|41\/100|[from] item: Leftovers\n|-fieldend|move: Grassy Terrain\n|upkeep\n|turn|17\n|\n|t:|1699892624\n|move|p1a: Houndoom|Flamethrower|p2a: Aegislash\n|-supereffective|p2a: Aegislash\n|-damage|p2a: Aegislash|0 fnt\n|faint|p2a: Aegislash\n|\n|upkeep\n|\n|t:|1699892628\n|switch|p2a: Zeraora|Zeraora|100\/100\n|turn|18\n|\n|t:|1699892640\n|switch|p1a: Claydol|Claydol|100\/100\n|move|p2a: Zeraora|Plasma Fists|p1a: Claydol\n|-immune|p1a: Claydol\n|\n|upkeep\n|turn|19\n|\n|t:|1699892648\n|switch|p2a: Gliscor|Gliscor, M|23\/100 tox\n|move|p1a: Claydol|Psychic|p2a: Gliscor\n|-damage|p2a: Gliscor|0 fnt\n|faint|p2a: Gliscor\n|\n|upkeep\n|\n|t:|1699892654\n|switch|p2a: Gallade|Gallade, M|100\/100\n|turn|20\n|\n|t:|1699892663\n|switch|p1a: Tapu Bulu|Tapu Bulu|100\/100\n|-fieldstart|move: Grassy Terrain|[from] ability: Grassy Surge|[of] p1a: Tapu Bulu\n|detailschange|p2a: Gallade|Gallade-Mega, M\n|-mega|p2a: Gallade|Gallade|Galladite\n|move|p2a: Gallade|Knock Off|p1a: Tapu Bulu\n|-resisted|p1a: Tapu Bulu\n|-damage|p1a: Tapu Bulu|82\/100\n|-enditem|p1a: Tapu Bulu|Assault Vest|[from] move: Knock Off|[of] p2a: Gallade\n|\n|-heal|p1a: Tapu Bulu|89\/100|[from] Grassy Terrain\n|upkeep\n|turn|21\n|\n|t:|1699892679\n|move|p2a: Gallade|Shadow Sneak|p1a: Tapu Bulu\n|-damage|p1a: Tapu Bulu|73\/100\n|move|p1a: Tapu Bulu|Wood Hammer|p2a: Gallade\n|-damage|p2a: Gallade|0 fnt\n|faint|p2a: Gallade\n|-damage|p1a: Tapu Bulu|46\/100|[from] Recoil\n|\n|-heal|p1a: Tapu Bulu|52\/100|[from] Grassy Terrain\n|upkeep\n|\n|t:|1699892687\n|switch|p2a: Zeraora|Zeraora|100\/100\n|turn|22\n|\n|t:|1699892697\n|move|p2a: Zeraora|Knock Off|p1a: Tapu Bulu\n|-resisted|p1a: Tapu Bulu\n|-damage|p1a: Tapu Bulu|38\/100\n|move|p1a: Tapu Bulu|Horn Leech|p2a: Zeraora\n|-damage|p2a: Zeraora|24\/100\n|-heal|p1a: Tapu Bulu|74\/100|[from] drain|[of] p2a: Zeraora\n|\n|-heal|p2a: Zeraora|30\/100|[from] Grassy Terrain\n|-heal|p1a: Tapu Bulu|80\/100|[from] Grassy Terrain\n|upkeep\n|turn|23\n|\n|t:|1699892707\n|move|p2a: Zeraora|Knock Off|p1a: Tapu Bulu\n|-resisted|p1a: Tapu Bulu\n|-damage|p1a: Tapu Bulu|67\/100\n|move|p1a: Tapu Bulu|Horn Leech|p2a: Zeraora\n|-damage|p2a: Zeraora|0 fnt\n|-heal|p1a: Tapu Bulu|81\/100|[from] drain|[of] p2a: Zeraora\n|faint|p2a: Zeraora\n|\n|win|cookiesinmilk\n|raw|cookiesinmilk's rating: 1400 &rarr; <strong>1420<\/strong><br \/>(+20 for winning)\n|raw|cookerpressure's rating: 1392 &rarr; <strong>1372<\/strong><br \/>(-20 for losing)\n|l|\u2606cookiesinmilk\n","uploadtime":1699892748,"views":4,"p1id":"cookiesinmilk","p2id":"cookerpressure","formatid":"gen9nationaldex","rating":1372,"private":0,"password":""}