{"id":"gen9nationaldex-1996377317","p1":"Volk12","p2":"feed store","format":"[Gen 9] National Dex","log":"|html|<div class=\"broadcast-blue\"><strong>[Gen 9] National Dex is currently suspecting Sneasler! For information on how to participate check out the <a href=\"https:\/\/www.smogon.com\/forums\/threads\/sv-national-dex-suspect-8-just-dance.3731534\/\">suspect thread<\/a>.<\/strong><\/div>\n|j|\u2606Volk12\n|j|\u2606feed store\n|t:|1700676246\n|gametype|singles\n|player|p1|Volk12|will|1165\n|player|p2|feed store|clay|1134\n|teamsize|p1|6\n|teamsize|p2|6\n|gen|9\n|tier|[Gen 9] National Dex\n|rated|\n|rule|HP Percentage Mod: HP is shown in percentages\n|rule|Endless Battle Clause: Forcing endless battles is banned\n|rule|OHKO Clause: OHKO moves are banned\n|rule|Evasion Clause: Evasion abilities, items, and moves are banned\n|rule|Evasion Abilities Clause: Evasion abilities are banned\n|rule|Evasion Items Clause: Evasion items are banned\n|rule|Evasion Moves Clause: Evasion moves are banned\n|rule|Species Clause: Limit one of each Pok\u00e9mon\n|rule|Sleep Clause Mod: Limit one foe put to sleep\n|clearpoke\n|poke|p1|Ribombee, M|\n|poke|p1|Mew|\n|poke|p1|Gengar, M|\n|poke|p1|Tapu Fini|\n|poke|p1|Alakazam, M|\n|poke|p1|Medicham, M|\n|poke|p2|Zoroark-Hisui, F|\n|poke|p2|Nidoking, M|\n|poke|p2|Sinistcha|\n|poke|p2|Cobalion|\n|poke|p2|Rapidash-Galar, F|\n|poke|p2|Krookodile, M|\n|teampreview\n|j| Lonsol\n|j| kung fu pokechu\n|\n|t:|1700676266\n|start\n|switch|p1a: Mew|Mew|100\/100\n|switch|p2a: Need a King?|Nidoking, M|100\/100\n|turn|1\n|\n|t:|1700676276\n|move|p2a: Need a King?|Stealth Rock|p1a: Mew\n|-sidestart|p1: Volk12|move: Stealth Rock\n|move|p1a: Mew|Stealth Rock|p2a: Need a King?\n|-sidestart|p2: feed store|move: Stealth Rock\n|\n|upkeep\n|turn|2\n|\n|t:|1700676281\n|move|p2a: Need a King?|Earth Power|p1a: Mew\n|-damage|p1a: Mew|47\/100\n|move|p1a: Mew|Defog|p2a: Need a King?\n|-unboost|p2a: Need a King?|evasion|1\n|-sideend|p2: feed store|Stealth Rock|[from] move: Defog|[of] p1a: Mew\n|-sideend|p1: Volk12|Stealth Rock|[from] move: Defog|[of] p1a: Mew\n|\n|upkeep\n|turn|3\n|\n|t:|1700676296\n|switch|p1a: Alakazam|Alakazam, M|100\/100\n|move|p2a: Need a King?|Stealth Rock|p1a: Alakazam\n|-sidestart|p1: Volk12|move: Stealth Rock\n|\n|upkeep\n|turn|4\n|j| less might be more\n|\n|t:|1700676307\n|switch|p2a: Krokodil|Krookodile, M|100\/100\n|move|p1a: Alakazam|Fire Punch|p2a: Krokodil\n|-damage|p2a: Krokodil|83\/100\n|\n|upkeep\n|turn|5\n|\n|t:|1700676319\n|switch|p1a: Mew|Mew|47\/100\n|-damage|p1a: Mew|35\/100|[from] Stealth Rock\n|move|p2a: Krokodil|Scale Shot|p1a: Mew\n|-damage|p1a: Mew|29\/100\n|-damage|p1a: Mew|25\/100\n|-damage|p1a: Mew|19\/100\n|-damage|p1a: Mew|14\/100\n|-hitcount|p1a: Mew|4\n|-unboost|p2a: Krokodil|def|1\n|-boost|p2a: Krokodil|spe|1\n|\n|upkeep\n|turn|6\n|\n|t:|1700676332\n|move|p2a: Krokodil|Knock Off|p1a: Mew\n|-supereffective|p1a: Mew\n|-damage|p1a: Mew|0 fnt\n|-damage|p2a: Krokodil|67\/100|[from] item: Rocky Helmet|[of] p1a: Mew\n|-enditem|p1a: Mew|Rocky Helmet|[from] move: Knock Off|[of] p2a: Krokodil\n|faint|p1a: Mew\n|-ability|p2a: Krokodil|Moxie|boost\n|-boost|p2a: Krokodil|atk|1\n|\n|upkeep\n|\n|t:|1700676340\n|switch|p1a: Ribombee|Ribombee, M, shiny|100\/100\n|-damage|p1a: Ribombee|76\/100|[from] Stealth Rock\n|turn|7\n|\n|t:|1700676346\n|move|p2a: Krokodil|Earthquake|p1a: Ribombee\n|-resisted|p1a: Ribombee\n|-damage|p1a: Ribombee|2\/100\n|move|p1a: Ribombee|Moonblast|p2a: Krokodil\n|-supereffective|p2a: Krokodil\n|-damage|p2a: Krokodil|0 fnt\n|faint|p2a: Krokodil\n|\n|upkeep\n|\n|t:|1700676368\n|switch|p2a: Need a King?|Nidoking, M|100\/100\n|turn|8\n|j| 5cat\n|\n|t:|1700676373\n|move|p1a: Ribombee|Sticky Web|p2a: Need a King?\n|-sidestart|p2: feed store|move: Sticky Web\n|move|p2a: Need a King?|Shadow Ball|p1a: Ribombee\n|-damage|p1a: Ribombee|0 fnt\n|faint|p1a: Ribombee\n|\n|upkeep\n|\n|t:|1700676385\n|switch|p1a: Medicham|Medicham, M, shiny|100\/100\n|-damage|p1a: Medicham|94\/100|[from] Stealth Rock\n|turn|9\n|\n|t:|1700676394\n|detailschange|p1a: Medicham|Medicham-Mega, M, shiny\n|-mega|p1a: Medicham|Medicham|Medichamite\n|move|p1a: Medicham|Fake Out|p2a: Need a King?\n|-immune|p2a: Need a King?\n|move|p2a: Need a King?|Shadow Ball|p1a: Medicham\n|-supereffective|p1a: Medicham\n|-damage|p1a: Medicham|0 fnt\n|faint|p1a: Medicham\n|\n|upkeep\n|\n|t:|1700676410\n|switch|p1a: Gengar|Gengar, M, shiny|100\/100\n|-damage|p1a: Gengar|88\/100|[from] Stealth Rock\n|turn|10\n|\n|t:|1700676414\n|move|p1a: Gengar|Destiny Bond|p1a: Gengar\n|-singlemove|p1a: Gengar|Destiny Bond\n|move|p2a: Need a King?|Shadow Ball|p1a: Gengar\n|-supereffective|p1a: Gengar\n|-damage|p1a: Gengar|0 fnt\n|faint|p1a: Gengar\n|-activate|p1a: Gengar|move: Destiny Bond\n|faint|p2a: Need a King?\n|\n|upkeep\n|\n|t:|1700676438\n|switch|p1a: Tapu Fini|Tapu Fini|100\/100\n|switch|p2a: shellphone|Sinistcha, shiny|100\/100\n|-activate|p2a: shellphone|move: Sticky Web\n|-unboost|p2a: shellphone|spe|1\n|-damage|p1a: Tapu Fini|88\/100|[from] Stealth Rock\n|-fieldstart|move: Misty Terrain|[from] ability: Misty Surge|[of] p1a: Tapu Fini\n|turn|11\n|\n|t:|1700676453\n|move|p1a: Tapu Fini|Calm Mind|p1a: Tapu Fini\n|-boost|p1a: Tapu Fini|spa|1\n|-boost|p1a: Tapu Fini|spd|1\n|move|p2a: shellphone|Calm Mind|p2a: shellphone\n|-boost|p2a: shellphone|spa|1\n|-boost|p2a: shellphone|spd|1\n|\n|upkeep\n|turn|12\n|\n|t:|1700676460\n|-zpower|p1a: Tapu Fini\n|move|p1a: Tapu Fini|Guardian of Alola|p2a: shellphone|[zeffect]\n|-damage|p2a: shellphone|26\/100\n|move|p2a: shellphone|Matcha Gotcha|p1a: Tapu Fini\n|-supereffective|p1a: Tapu Fini\n|-damage|p1a: Tapu Fini|46\/100\n|-heal|p2a: shellphone|47\/100|[from] drain|[of] p1a: Tapu Fini\n|\n|-heal|p2a: shellphone|53\/100|[from] item: Leftovers\n|upkeep\n|turn|13\n|\n|t:|1700676473\n|move|p1a: Tapu Fini|Moonblast|p2a: shellphone\n|-damage|p2a: shellphone|18\/100\n|move|p2a: shellphone|Strength Sap|p1a: Tapu Fini\n|-unboost|p1a: Tapu Fini|atk|1\n|-heal|p2a: shellphone|63\/100\n|\n|-heal|p2a: shellphone|69\/100|[from] item: Leftovers\n|upkeep\n|turn|14\n|\n|t:|1700676490\n|move|p1a: Tapu Fini|Nature's Madness|p2a: shellphone|[miss]\n|-miss|p1a: Tapu Fini|p2a: shellphone\n|move|p2a: shellphone|Matcha Gotcha|p1a: Tapu Fini\n|-supereffective|p1a: Tapu Fini\n|-damage|p1a: Tapu Fini|5\/100\n|-heal|p2a: shellphone|89\/100|[from] drain|[of] p1a: Tapu Fini\n|\n|-heal|p2a: shellphone|95\/100|[from] item: Leftovers\n|upkeep\n|turn|15\n|\n|t:|1700676499\n|move|p1a: Tapu Fini|Moonblast|p2a: shellphone\n|-damage|p2a: shellphone|56\/100\n|move|p2a: shellphone|Matcha Gotcha|p1a: Tapu Fini\n|-supereffective|p1a: Tapu Fini\n|-damage|p1a: Tapu Fini|0 fnt\n|-heal|p2a: shellphone|58\/100|[from] drain|[of] p1a: Tapu Fini\n|faint|p1a: Tapu Fini\n|\n|-heal|p2a: shellphone|64\/100|[from] item: Leftovers\n|-fieldend|Misty Terrain\n|upkeep\n|\n|t:|1700676510\n|switch|p1a: Alakazam|Alakazam, M|100\/100\n|turn|16\n|\n|t:|1700676516\n|move|p1a: Alakazam|Fire Punch|p2a: shellphone\n|-supereffective|p2a: shellphone\n|-damage|p2a: shellphone|53\/100\n|move|p2a: shellphone|Shadow Ball|p1a: Alakazam\n|-supereffective|p1a: Alakazam\n|-enditem|p1a: Alakazam|Focus Sash\n|-damage|p1a: Alakazam|1\/100\n|\n|-heal|p2a: shellphone|59\/100|[from] item: Leftovers\n|upkeep\n|turn|17\n|-message|Volk12 forfeited.\n|\n|win|feed store\n|raw|Volk12's rating: 1165 &rarr; <strong>1138<\/strong><br \/>(-27 for losing)\n|raw|feed store's rating: 1134 &rarr; <strong>1161<\/strong><br \/>(+27 for winning)\n|l|\u2606Volk12\n","uploadtime":1700676529,"views":1,"p1id":"volk12","p2id":"feedstore","formatid":"gen9nationaldex","rating":1138,"private":0,"password":""}