{"id":"gen9nationaldex-1996366725","p1":"Ruinous Tusk","p2":"ninjatime678","format":"[Gen 9] National Dex","log":"|html|<div class=\"broadcast-blue\"><strong>[Gen 9] National Dex is currently suspecting Sneasler! For information on how to participate check out the <a href=\"https:\/\/www.smogon.com\/forums\/threads\/sv-national-dex-suspect-8-just-dance.3731534\/\">suspect thread<\/a>.<\/strong><\/div>\n|j|\u2606Ruinous Tusk\n|j|\u2606ninjatime678\n|t:|1700675225\n|gametype|singles\n|player|p1|Ruinous Tusk|hilbert|1242\n|player|p2|ninjatime678|102|1166\n|teamsize|p1|6\n|teamsize|p2|6\n|gen|9\n|tier|[Gen 9] National Dex\n|rated|\n|rule|HP Percentage Mod: HP is shown in percentages\n|rule|Endless Battle Clause: Forcing endless battles is banned\n|rule|OHKO Clause: OHKO moves are banned\n|rule|Evasion Clause: Evasion abilities, items, and moves are banned\n|rule|Evasion Abilities Clause: Evasion abilities are banned\n|rule|Evasion Items Clause: Evasion items are banned\n|rule|Evasion Moves Clause: Evasion moves are banned\n|rule|Species Clause: Limit one of each Pok\u00e9mon\n|rule|Sleep Clause Mod: Limit one foe put to sleep\n|clearpoke\n|poke|p1|Tapu Koko|\n|poke|p1|Iron Valiant|\n|poke|p1|Sneasler, M|\n|poke|p1|Charizard, M|\n|poke|p1|Hatterene, F|\n|poke|p1|Victini|\n|poke|p2|Primarina, F|\n|poke|p2|Tsareena, F|\n|poke|p2|Raichu-Alola, M|\n|poke|p2|Lycanroc-Dusk, M|\n|poke|p2|Salazzle, F|\n|poke|p2|Kommo-o, M|\n|teampreview\n|inactive|Battle timer is ON: inactive players will automatically lose when time's up. (requested by Ruinous Tusk)\n|\n|t:|1700675234\n|start\n|switch|p1a: Tapu Koko|Tapu Koko|100\/100\n|switch|p2a: Primarina|Primarina, F|100\/100\n|-fieldstart|move: Electric Terrain|[from] ability: Electric Surge|[of] p1a: Tapu Koko\n|turn|1\n|\n|t:|1700675237\n|move|p1a: Tapu Koko|Thunderbolt|p2a: Primarina\n|-supereffective|p2a: Primarina\n|-damage|p2a: Primarina|44\/100\n|move|p2a: Primarina|Surf|p1a: Tapu Koko\n|-damage|p1a: Tapu Koko|29\/100\n|\n|upkeep\n|turn|2\n|\n|t:|1700675244\n|move|p1a: Tapu Koko|Thunderbolt|p2a: Primarina\n|-supereffective|p2a: Primarina\n|-damage|p2a: Primarina|0 fnt\n|faint|p2a: Primarina\n|\n|upkeep\n|\n|t:|1700675255\n|switch|p2a: Salazzle|Salazzle, F|100\/100\n|turn|3\n|\n|t:|1700675276\n|move|p1a: Tapu Koko|Thunderbolt|p2a: Salazzle\n|-damage|p2a: Salazzle|11\/100\n|move|p2a: Salazzle|Sludge Bomb|p1a: Tapu Koko\n|-supereffective|p1a: Tapu Koko\n|-damage|p1a: Tapu Koko|0 fnt\n|faint|p1a: Tapu Koko\n|\n|upkeep\n|inactive|Ruinous Tusk has 120 seconds left.\n|\n|t:|1700675296\n|switch|p1a: Sneasler|Sneasler, M|100\/100\n|-enditem|p1a: Sneasler|Electric Seed\n|-boost|p1a: Sneasler|def|1|[from] item: Electric Seed\n|turn|4\n|\n|t:|1700675305\n|move|p1a: Sneasler|Acrobatics|p2a: Salazzle\n|-damage|p2a: Salazzle|0 fnt\n|faint|p2a: Salazzle\n|\n|upkeep\n|\n|t:|1700675309\n|switch|p2a: Raichu|Raichu-Alola, M|100\/100\n|turn|5\n|\n|t:|1700675313\n|move|p2a: Raichu|Psychic|p1a: Sneasler\n|-supereffective|p1a: Sneasler\n|-crit|p1a: Sneasler\n|-damage|p1a: Sneasler|0 fnt\n|faint|p1a: Sneasler\n|-damage|p2a: Raichu|91\/100|[from] item: Life Orb\n|\n|upkeep\n|\n|t:|1700675317\n|switch|p1a: Victini|Victini|100\/100\n|turn|6\n|\n|t:|1700675330\n|move|p2a: Raichu|Surf|p1a: Victini\n|-supereffective|p1a: Victini\n|-damage|p1a: Victini|35\/100\n|-damage|p2a: Raichu|81\/100|[from] item: Life Orb\n|move|p1a: Victini|U-turn|p2a: Raichu\n|-supereffective|p2a: Raichu\n|-damage|p2a: Raichu|0 fnt\n|faint|p2a: Raichu\n|\n|t:|1700675343\n|switch|p1a: Iron Valiant|Iron Valiant|100\/100|[from] U-turn\n|-activate|p1a: Iron Valiant|ability: Quark Drive\n|-start|p1a: Iron Valiant|quarkdrivespe\n|\n|upkeep\n|\n|t:|1700675351\n|switch|p2a: Tsareena|Tsareena, F|100\/100\n|turn|7\n|\n|t:|1700675358\n|move|p1a: Iron Valiant|Moonblast|p2a: Tsareena\n|-damage|p2a: Tsareena|42\/100\n|-damage|p1a: Iron Valiant|91\/100|[from] item: Life Orb\n|-zpower|p2a: Tsareena\n|move|p2a: Tsareena|Z-Splash|p2a: Tsareena|[anim]Splash\n|-boost|p2a: Tsareena|atk|3|[zeffect]\n|-nothing\n|\n|upkeep\n|turn|8\n|\n|t:|1700675362\n|move|p1a: Iron Valiant|Close Combat|p2a: Tsareena\n|-damage|p2a: Tsareena|0 fnt\n|-unboost|p1a: Iron Valiant|def|1\n|-unboost|p1a: Iron Valiant|spd|1\n|faint|p2a: Tsareena\n|-damage|p1a: Iron Valiant|81\/100|[from] item: Life Orb\n|\n|-fieldend|move: Electric Terrain\n|-end|p1a: Iron Valiant|Quark Drive\n|upkeep\n|\n|t:|1700675368\n|switch|p2a: Kommo-o|Kommo-o, M|100\/100\n|turn|9\n|\n|t:|1700675376\n|-terastallize|p2a: Kommo-o|Normal\n|move|p1a: Iron Valiant|Moonblast|p2a: Kommo-o\n|-damage|p2a: Kommo-o|36\/100\n|-unboost|p2a: Kommo-o|spa|1\n|-damage|p1a: Iron Valiant|71\/100|[from] item: Life Orb\n|move|p2a: Kommo-o|Boomburst|p1a: Iron Valiant\n|-damage|p1a: Iron Valiant|0 fnt\n|faint|p1a: Iron Valiant\n|-end|p1a: Iron Valiant|Quark Drive|[silent]\n|-enditem|p2a: Kommo-o|Throat Spray\n|-boost|p2a: Kommo-o|spa|1|[from] item: Throat Spray\n|\n|upkeep\n|\n|t:|1700675390\n|switch|p1a: Charizard|Charizard, M|100\/100\n|turn|10\n|\n|t:|1700675402\n|detailschange|p1a: Charizard|Charizard-Mega-Y, M\n|-mega|p1a: Charizard|Charizard|Charizardite Y\n|-weather|SunnyDay|[from] ability: Drought|[of] p1a: Charizard\n|move|p1a: Charizard|Flamethrower|p2a: Kommo-o\n|-damage|p2a: Kommo-o|0 fnt\n|faint|p2a: Kommo-o\n|\n|-weather|SunnyDay|[upkeep]\n|upkeep\n|\n|t:|1700675408\n|switch|p2a: Lycanroc|Lycanroc-Dusk, M|100\/100\n|turn|11\n|\n|t:|1700675414\n|move|p2a: Lycanroc|Accelerock|p1a: Charizard\n|-supereffective|p1a: Charizard\n|-damage|p1a: Charizard|0 fnt\n|faint|p1a: Charizard\n|\n|-weather|SunnyDay|[upkeep]\n|upkeep\n|\n|t:|1700675425\n|switch|p1a: Hatterene|Hatterene, F|100\/100\n|turn|12\n|\n|t:|1700675428\n|move|p2a: Lycanroc|Accelerock|p1a: Hatterene\n|-damage|p1a: Hatterene|67\/100\n|-enditem|p1a: Hatterene|Eject Button\n|\n|t:|1700675431\n|switch|p1a: Victini|Victini|35\/100\n|\n|-weather|SunnyDay|[upkeep]\n|upkeep\n|turn|13\n|\n|t:|1700675435\n|move|p2a: Lycanroc|Accelerock|p1a: Victini\n|-supereffective|p1a: Victini\n|-damage|p1a: Victini|0 fnt\n|faint|p1a: Victini\n|\n|-weather|SunnyDay|[upkeep]\n|upkeep\n|\n|t:|1700675437\n|switch|p1a: Hatterene|Hatterene, F|67\/100\n|turn|14\n|\n|t:|1700675440\n|move|p2a: Lycanroc|Accelerock|p1a: Hatterene\n|-damage|p1a: Hatterene|31\/100\n|move|p1a: Hatterene|Draining Kiss|p2a: Lycanroc\n|-damage|p2a: Lycanroc|65\/100\n|-heal|p1a: Hatterene|56\/100|[from] drain|[of] p2a: Lycanroc\n|\n|-weather|none\n|upkeep\n|turn|15\n|\n|t:|1700675445\n|move|p2a: Lycanroc|Accelerock|p1a: Hatterene\n|-damage|p1a: Hatterene|22\/100\n|move|p1a: Hatterene|Draining Kiss|p2a: Lycanroc\n|-damage|p2a: Lycanroc|25\/100\n|-heal|p1a: Hatterene|50\/100|[from] drain|[of] p2a: Lycanroc\n|\n|upkeep\n|turn|16\n|\n|t:|1700675447\n|move|p2a: Lycanroc|Accelerock|p1a: Hatterene\n|-damage|p1a: Hatterene|14\/100\n|move|p1a: Hatterene|Psyshock|p2a: Lycanroc\n|-damage|p2a: Lycanroc|0 fnt\n|faint|p2a: Lycanroc\n|\n|win|Ruinous Tusk\n|raw|Ruinous Tusk's rating: 1242 &rarr; <strong>1262<\/strong><br \/>(+20 for winning)\n|raw|ninjatime678's rating: 1166 &rarr; <strong>1146<\/strong><br \/>(-20 for losing)\n","uploadtime":1700675451,"views":1,"p1id":"ruinoustusk","p2id":"ninjatime678","formatid":"gen9nationaldex","rating":1146,"private":0,"password":""}