{"id":"gen9nationaldex-1988625952","p1":"sikadidididi","p2":"Red Vs Showdown","format":"[Gen 9] National Dex","log":"|j|\u2606sikadidididi\n|j|\u2606Red Vs Showdown\n|t:|1699743439\n|gametype|singles\n|player|p1|sikadidididi|266|1647\n|player|p2|Red Vs Showdown|red-gen2|1761\n|teamsize|p1|6\n|teamsize|p2|6\n|gen|9\n|tier|[Gen 9] National Dex\n|rated|\n|rule|HP Percentage Mod: HP is shown in percentages\n|rule|Endless Battle Clause: Forcing endless battles is banned\n|rule|OHKO Clause: OHKO moves are banned\n|rule|Evasion Clause: Evasion abilities, items, and moves are banned\n|rule|Evasion Abilities Clause: Evasion abilities are banned\n|rule|Evasion Items Clause: Evasion items are banned\n|rule|Evasion Moves Clause: Evasion moves are banned\n|rule|Species Clause: Limit one of each Pok\u00e9mon\n|rule|Sleep Clause Mod: Limit one foe put to sleep\n|clearpoke\n|poke|p1|Ogerpon-Wellspring, F|\n|poke|p1|Tapu Bulu|\n|poke|p1|Moltres|\n|poke|p1|Diancie|\n|poke|p1|Landorus-Therian, M|\n|poke|p1|Aegislash, M|\n|poke|p2|Pikachu, F|\n|poke|p2|Charizard, M|\n|poke|p2|Blastoise, M|\n|poke|p2|Venusaur, F|\n|poke|p2|Snorlax, M|\n|poke|p2|Espeon, F|\n|teampreview\n|c|\u2606Red Vs Showdown|...\n|inactive|Battle timer is ON: inactive players will automatically lose when time's up. (requested by sikadidididi)\n|\n|t:|1699743455\n|start\n|switch|p1a: Landorus|Landorus-Therian, M, shiny|100\/100\n|switch|p2a: Blastoise|Blastoise, M|100\/100\n|-ability|p1a: Landorus|Intimidate|boost\n|-unboost|p2a: Blastoise|atk|1\n|turn|1\n|\n|t:|1699743462\n|move|p1a: Landorus|U-turn|p2a: Blastoise\n|-damage|p2a: Blastoise|81\/100\n|\n|t:|1699743470\n|switch|p1a: Ogerpon|Ogerpon-Wellspring, F|100\/100|[from] U-turn\n|move|p2a: Blastoise|Flip Turn|p1a: Ogerpon\n|-immune|p1a: Ogerpon|[from] ability: Water Absorb\n|\n|-heal|p2a: Blastoise|87\/100|[from] item: Leftovers\n|upkeep\n|turn|2\n|\n|t:|1699743485\n|switch|p2a: Venusaur|Venusaur, F|100\/100\n|move|p1a: Ogerpon|Power Whip|p2a: Venusaur\n|-resisted|p2a: Venusaur\n|-damage|p2a: Venusaur|79\/100\n|\n|upkeep\n|turn|3\n|\n|t:|1699743498\n|switch|p1a: Moltres|Moltres|100\/100\n|switch|p2a: Charizard|Charizard, M|100\/100\n|\n|upkeep\n|turn|4\n|\n|t:|1699743507\n|switch|p1a: Diancie|Diancie|100\/100\n|detailschange|p2a: Charizard|Charizard-Mega-Y, M\n|-mega|p2a: Charizard|Charizard|Charizardite Y\n|-weather|SunnyDay|[from] ability: Drought|[of] p2a: Charizard\n|move|p2a: Charizard|Fire Blast|p1a: Diancie\n|-resisted|p1a: Diancie\n|-damage|p1a: Diancie|48\/100\n|\n|-weather|SunnyDay|[upkeep]\n|upkeep\n|turn|5\n|\n|t:|1699743528\n|switch|p2a: Espeon|Espeon, F|100\/100\n|detailschange|p1a: Diancie|Diancie-Mega\n|-mega|p1a: Diancie|Diancie|Diancite\n|move|p1a: Diancie|Diamond Storm|p2a: Espeon\n|-damage|p2a: Espeon|0 fnt\n|-boost|p1a: Diancie|def|2\n|faint|p2a: Espeon\n|\n|-weather|SunnyDay|[upkeep]\n|upkeep\n|\n|t:|1699743530\n|switch|p2a: Venusaur|Venusaur, F|79\/100\n|turn|6\n|\n|t:|1699743556\n|switch|p1a: Landorus|Landorus-Therian, M, shiny|100\/100\n|-ability|p1a: Landorus|Intimidate|boost\n|-unboost|p2a: Venusaur|atk|1\n|move|p2a: Venusaur|Sludge Bomb|p1a: Landorus\n|-resisted|p1a: Landorus\n|-damage|p1a: Landorus|87\/100\n|\n|-weather|SunnyDay|[upkeep]\n|upkeep\n|turn|7\n|\n|t:|1699743566\n|-zpower|p2a: Venusaur\n|move|p2a: Venusaur|Bloom Doom|p1a: Landorus|[zeffect]\n|-damage|p1a: Landorus|28\/100\n|move|p1a: Landorus|Earthquake|p2a: Venusaur\n|-damage|p2a: Venusaur|7\/100\n|\n|-weather|SunnyDay|[upkeep]\n|upkeep\n|turn|8\n|\n|t:|1699743576\n|move|p2a: Venusaur|Weather Ball|p1a: Landorus\n|-damage|p1a: Landorus|0 fnt\n|faint|p1a: Landorus\n|\n|-weather|none\n|upkeep\n|\n|t:|1699743581\n|switch|p1a: Diancie|Diancie-Mega|48\/100\n|turn|9\n|\n|t:|1699743586\n|switch|p2a: Blastoise|Blastoise, M|87\/100\n|move|p1a: Diancie|Stealth Rock|p2a: Blastoise\n|-sidestart|p2: Red Vs Showdown|move: Stealth Rock\n|\n|-heal|p2a: Blastoise|93\/100|[from] item: Leftovers\n|upkeep\n|turn|10\n|\n|t:|1699743593\n|switch|p1a: Ogerpon|Ogerpon-Wellspring, F|100\/100\n|move|p2a: Blastoise|Rapid Spin|p1a: Ogerpon\n|-damage|p1a: Ogerpon|87\/100\n|-boost|p2a: Blastoise|spe|1\n|-sideend|p2: Red Vs Showdown|Stealth Rock|[from] move: Rapid Spin|[of] p2a: Blastoise\n|\n|-heal|p2a: Blastoise|99\/100|[from] item: Leftovers\n|upkeep\n|turn|11\n|\n|t:|1699743602\n|switch|p2a: Charizard|Charizard-Mega-Y, M|100\/100\n|-weather|SunnyDay|[from] ability: Drought|[of] p2a: Charizard\n|move|p1a: Ogerpon|Power Whip|p2a: Charizard\n|-resisted|p2a: Charizard\n|-damage|p2a: Charizard|74\/100\n|\n|-weather|SunnyDay|[upkeep]\n|upkeep\n|turn|12\n|\n|t:|1699743621\n|switch|p2a: Snorlax|Snorlax, M|100\/100\n|move|p1a: Ogerpon|Ivy Cudgel|p2a: Snorlax\n|-damage|p2a: Snorlax|70\/100\n|\n|-weather|SunnyDay|[upkeep]\n|upkeep\n|turn|13\n|\n|t:|1699743627\n|move|p1a: Ogerpon|Swords Dance|p1a: Ogerpon\n|-boost|p1a: Ogerpon|atk|2\n|move|p2a: Snorlax|Heat Crash|p1a: Ogerpon\n|-crit|p1a: Ogerpon\n|-damage|p1a: Ogerpon|0 fnt\n|faint|p1a: Ogerpon\n|\n|-weather|SunnyDay|[upkeep]\n|upkeep\n|\n|t:|1699743644\n|switch|p1a: Diancie|Diancie-Mega|48\/100\n|turn|14\n|j| AquiIo\n|\n|t:|1699743650\n|move|p1a: Diancie|Stealth Rock|p2a: Snorlax\n|-sidestart|p2: Red Vs Showdown|move: Stealth Rock\n|move|p2a: Snorlax|Heat Crash|p1a: Diancie\n|-resisted|p1a: Diancie\n|-damage|p1a: Diancie|0 fnt\n|faint|p1a: Diancie\n|\n|-weather|SunnyDay|[upkeep]\n|upkeep\n|\n|t:|1699743656\n|switch|p1a: Moltres|Moltres|100\/100\n|turn|15\n|\n|t:|1699743659\n|switch|p2a: Blastoise|Blastoise, M|99\/100\n|-damage|p2a: Blastoise|86\/100|[from] Stealth Rock\n|move|p1a: Moltres|Flamethrower|p2a: Blastoise\n|-resisted|p2a: Blastoise\n|-damage|p2a: Blastoise|61\/100\n|\n|-weather|none\n|-heal|p2a: Blastoise|67\/100|[from] item: Leftovers\n|upkeep\n|turn|16\n|\n|t:|1699743662\n|switch|p1a: Aegislash|Aegislash, M, shiny|100\/100\n|move|p2a: Blastoise|Flip Turn|p1a: Aegislash\n|-damage|p1a: Aegislash|89\/100\n|c| AquiIo|no way a red team made it to 1760\n|\n|t:|1699743677\n|switch|p2a: Pikachu|Pikachu, F|100\/100|[from] Flip Turn\n|-damage|p2a: Pikachu|88\/100|[from] Stealth Rock\n|\n|-heal|p1a: Aegislash|95\/100|[from] item: Leftovers\n|upkeep\n|turn|17\n|\n|t:|1699743682\n|-terastallize|p2a: Pikachu|Normal\n|move|p1a: Aegislash|King's Shield|p1a: Aegislash\n|-singleturn|p1a: Aegislash|Protect\n|move|p2a: Pikachu|Volt Tackle|p1a: Aegislash\n|-activate|p1a: Aegislash|move: Protect\n|-unboost|p2a: Pikachu|atk|1\n|\n|-heal|p1a: Aegislash|100\/100|[from] item: Leftovers\n|upkeep\n|turn|18\n|\n|t:|1699743694\n|move|p2a: Pikachu|Hidden Power|p1a: Aegislash\n|-resisted|p1a: Aegislash\n|-damage|p1a: Aegislash|94\/100\n|-formechange|p1a: Aegislash|Aegislash-Blade||[from] ability: Stance Change\n|move|p1a: Aegislash|Close Combat|p2a: Pikachu\n|-supereffective|p2a: Pikachu\n|-damage|p2a: Pikachu|0 fnt\n|-unboost|p1a: Aegislash|def|1\n|-unboost|p1a: Aegislash|spd|1\n|faint|p2a: Pikachu\n|\n|-heal|p1a: Aegislash|100\/100|[from] item: Leftovers\n|upkeep\n|\n|t:|1699743698\n|switch|p2a: Charizard|Charizard-Mega-Y, M|74\/100\n|-damage|p2a: Charizard|24\/100|[from] Stealth Rock\n|-weather|SunnyDay|[from] ability: Drought|[of] p2a: Charizard\n|turn|19\n|c| AquiIo|actually impressive\n|\n|t:|1699743703\n|-formechange|p1a: Aegislash|Aegislash||[from] ability: Stance Change\n|move|p1a: Aegislash|King's Shield|p1a: Aegislash\n|-singleturn|p1a: Aegislash|Protect\n|move|p2a: Charizard|Roost|p2a: Charizard\n|-heal|p2a: Charizard|74\/100\n|-singleturn|p2a: Charizard|move: Roost\n|\n|-weather|SunnyDay|[upkeep]\n|upkeep\n|turn|20\n|\n|t:|1699743714\n|switch|p1a: Moltres|Moltres|100\/100\n|move|p2a: Charizard|Fire Blast|p1a: Moltres\n|-resisted|p1a: Moltres\n|-damage|p1a: Moltres|50\/100\n|\n|-weather|SunnyDay|[upkeep]\n|upkeep\n|turn|21\n|\n|t:|1699743718\n|move|p2a: Charizard|Fire Blast|p1a: Moltres\n|-resisted|p1a: Moltres\n|-damage|p1a: Moltres|0 fnt\n|faint|p1a: Moltres\n|\n|-weather|SunnyDay|[upkeep]\n|upkeep\n|\n|t:|1699743729\n|switch|p1a: Tapu Bulu|Tapu Bulu|100\/100\n|-fieldstart|move: Grassy Terrain|[from] ability: Grassy Surge|[of] p1a: Tapu Bulu\n|turn|22\n|\n|t:|1699743733\n|-terastallize|p1a: Tapu Bulu|Fire\n|move|p2a: Charizard|Fire Blast|p1a: Tapu Bulu\n|-resisted|p1a: Tapu Bulu\n|-damage|p1a: Tapu Bulu|44\/100\n|move|p1a: Tapu Bulu|Stone Edge|p2a: Charizard\n|-supereffective|p2a: Charizard\n|-damage|p2a: Charizard|0 fnt\n|faint|p2a: Charizard\n|\n|-weather|SunnyDay|[upkeep]\n|-heal|p1a: Tapu Bulu|50\/100|[from] Grassy Terrain\n|-heal|p1a: Tapu Bulu|56\/100|[from] item: Leftovers\n|upkeep\n|\n|t:|1699743738\n|switch|p2a: Snorlax|Snorlax, M|70\/100\n|-damage|p2a: Snorlax|58\/100|[from] Stealth Rock\n|turn|23\n|\n|t:|1699743743\n|move|p1a: Tapu Bulu|Close Combat|p2a: Snorlax\n|-supereffective|p2a: Snorlax\n|-damage|p2a: Snorlax|0 fnt\n|-unboost|p1a: Tapu Bulu|def|1\n|-unboost|p1a: Tapu Bulu|spd|1\n|faint|p2a: Snorlax\n|\n|-weather|none\n|-heal|p1a: Tapu Bulu|62\/100|[from] Grassy Terrain\n|-heal|p1a: Tapu Bulu|68\/100|[from] item: Leftovers\n|upkeep\n|c|\u2606Red Vs Showdown|..!\n|-message|Red Vs Showdown forfeited.\n|\n|win|sikadidididi\n|raw|sikadidididi's rating: 1647 &rarr; <strong>1673<\/strong><br \/>(+26 for winning)\n|raw|Red Vs Showdown's rating: 1761 &rarr; <strong>1735<\/strong><br \/>(-26 for losing)\n|l|\u2606Red Vs Showdown\n|l|\u2606sikadidididi\n","uploadtime":1699743757,"views":4,"p1id":"sikadidididi","p2id":"redvsshowdown","formatid":"gen9nationaldex","rating":1673,"private":0,"password":""}