{"id":"gen9nationaldex-1991796749","p1":"xemnos1","p2":"yaokai233","format":"[Gen 9] National Dex","log":"|j|\u2606xemnos1\n|j|\u2606yaokai233\n|t:|1700119069\n|gametype|singles\n|player|p1|xemnos1|cynthia|1261\n|player|p2|yaokai233|wattson|1321\n|teamsize|p1|6\n|teamsize|p2|6\n|gen|9\n|tier|[Gen 9] National Dex\n|rated|\n|rule|HP Percentage Mod: HP is shown in percentages\n|rule|Endless Battle Clause: Forcing endless battles is banned\n|rule|OHKO Clause: OHKO moves are banned\n|rule|Evasion Clause: Evasion abilities, items, and moves are banned\n|rule|Evasion Abilities Clause: Evasion abilities are banned\n|rule|Evasion Items Clause: Evasion items are banned\n|rule|Evasion Moves Clause: Evasion moves are banned\n|rule|Species Clause: Limit one of each Pok\u00e9mon\n|rule|Sleep Clause Mod: Limit one foe put to sleep\n|clearpoke\n|poke|p1|Steelix, M|\n|poke|p1|Tapu Bulu|\n|poke|p1|Ogerpon-Cornerstone, F|\n|poke|p1|Skeledirge, M|\n|poke|p1|Alomomola, F|\n|poke|p1|Hippowdon, M|\n|poke|p2|Great Tusk|\n|poke|p2|Sneasler, F|\n|poke|p2|Rillaboom, M|\n|poke|p2|Heatran, F|\n|poke|p2|Enamorus, F|\n|poke|p2|Banette, F|\n|teampreview\n|inactive|Battle timer is ON: inactive players will automatically lose when time's up. (requested by yaokai233)\n|inactive|xemnos1 also wants the timer to be on.\n|\n|t:|1700119090\n|start\n|switch|p1a: Red Bulu|Tapu Bulu|100\/100\n|switch|p2a: Great Tusk|Great Tusk|100\/100\n|-fieldstart|move: Grassy Terrain|[from] ability: Grassy Surge|[of] p1a: Red Bulu\n|turn|1\n|\n|t:|1700119100\n|move|p2a: Great Tusk|Ice Spinner|p1a: Red Bulu\n|-supereffective|p1a: Red Bulu\n|-damage|p1a: Red Bulu|56\/100\n|-fieldend|move: Grassy Terrain\n|move|p1a: Red Bulu|Leech Seed|p2a: Great Tusk\n|-start|p2a: Great Tusk|move: Leech Seed\n|\n|-heal|p1a: Red Bulu|63\/100|[from] item: Leftovers\n|-damage|p2a: Great Tusk|88\/100|[from] Leech Seed|[of] p1a: Red Bulu\n|-heal|p1a: Red Bulu|76\/100|[silent]\n|upkeep\n|turn|2\n|\n|t:|1700119109\n|-end|p2a: Great Tusk|Protosynthesis|[silent]\n|switch|p2a: Rillaboom|Rillaboom, M|100\/100\n|-fieldstart|move: Grassy Terrain|[from] ability: Grassy Surge|[of] p2a: Rillaboom\n|move|p1a: Red Bulu|Protect||[still]\n|-fail|p1a: Red Bulu\n|\n|-heal|p1a: Red Bulu|83\/100|[from] Grassy Terrain\n|-heal|p1a: Red Bulu|89\/100|[from] item: Leftovers\n|upkeep\n|turn|3\n|\n|t:|1700119127\n|switch|p1a: Metallica|Steelix, M|100\/100\n|move|p2a: Rillaboom|Knock Off|p1a: Metallica\n|-damage|p1a: Metallica|89\/100\n|\n|-heal|p1a: Metallica|95\/100|[from] Grassy Terrain\n|upkeep\n|turn|4\n|\n|t:|1700119139\n|switch|p2a: Sneasler|Sneasler, F|100\/100\n|-enditem|p2a: Sneasler|Grassy Seed\n|-boost|p2a: Sneasler|def|1|[from] item: Grassy Seed\n|detailschange|p1a: Metallica|Steelix-Mega, M\n|-mega|p1a: Metallica|Steelix|Steelixite\n|move|p1a: Metallica|Heavy Slam|p2a: Sneasler\n|-damage|p2a: Sneasler|21\/100\n|\n|-heal|p2a: Sneasler|27\/100|[from] Grassy Terrain\n|-heal|p1a: Metallica|100\/100|[from] Grassy Terrain\n|upkeep\n|turn|5\n|\n|t:|1700119151\n|switch|p1a: Abaddon|Skeledirge, M|100\/100\n|move|p2a: Sneasler|Close Combat|p1a: Abaddon\n|-immune|p1a: Abaddon\n|\n|-heal|p2a: Sneasler|33\/100|[from] Grassy Terrain\n|upkeep\n|turn|6\n|\n|t:|1700119168\n|switch|p1a: Darude|Hippowdon, M|100\/100\n|-weather|Sandstorm|[from] ability: Sand Stream|[of] p1a: Darude\n|move|p2a: Sneasler|Dire Claw|p1a: Darude\n|-resisted|p1a: Darude\n|-damage|p1a: Darude|86\/100\n|\n|-weather|Sandstorm|[upkeep]\n|-damage|p2a: Sneasler|27\/100|[from] Sandstorm\n|-heal|p2a: Sneasler|33\/100|[from] Grassy Terrain\n|-heal|p1a: Darude|92\/100|[from] Grassy Terrain\n|-heal|p1a: Darude|98\/100|[from] item: Leftovers\n|-fieldend|move: Grassy Terrain\n|upkeep\n|turn|7\n|\n|t:|1700119182\n|move|p2a: Sneasler|Dire Claw|p1a: Darude\n|-resisted|p1a: Darude\n|-damage|p1a: Darude|81\/100\n|-status|p1a: Darude|psn\n|move|p1a: Darude|Stealth Rock|p2a: Sneasler\n|-sidestart|p2: yaokai233|move: Stealth Rock\n|\n|-weather|Sandstorm|[upkeep]\n|-damage|p2a: Sneasler|27\/100|[from] Sandstorm\n|-heal|p1a: Darude|87\/100 psn|[from] item: Leftovers\n|-damage|p1a: Darude|75\/100 psn|[from] psn\n|upkeep\n|turn|8\n|\n|t:|1700119201\n|switch|p2a: Great Tusk|Great Tusk|88\/100\n|-damage|p2a: Great Tusk|85\/100|[from] Stealth Rock\n|switch|p1a: Metallica|Steelix-Mega, M|100\/100\n|\n|-weather|Sandstorm|[upkeep]\n|upkeep\n|turn|9\n|\n|t:|1700119226\n|move|p2a: Great Tusk|Rapid Spin|p1a: Metallica\n|-resisted|p1a: Metallica\n|-damage|p1a: Metallica|96\/100\n|-boost|p2a: Great Tusk|spe|1\n|-sideend|p2: yaokai233|Stealth Rock|[from] move: Rapid Spin|[of] p2a: Great Tusk\n|move|p1a: Metallica|High Horsepower|p2a: Great Tusk\n|-damage|p2a: Great Tusk|40\/100\n|\n|-weather|Sandstorm|[upkeep]\n|upkeep\n|turn|10\n|\n|t:|1700119238\n|-zpower|p2a: Great Tusk\n|move|p2a: Great Tusk|Subzero Slammer|p1a: Metallica|[zeffect]\n|-damage|p1a: Metallica|72\/100\n|move|p1a: Metallica|High Horsepower|p2a: Great Tusk\n|-damage|p2a: Great Tusk|0 fnt\n|faint|p2a: Great Tusk\n|-end|p2a: Great Tusk|Protosynthesis|[silent]\n|\n|-weather|none\n|upkeep\n|\n|t:|1700119249\n|switch|p2a: Heatran|Heatran, F|100\/100\n|turn|11\n|\n|t:|1700119253\n|switch|p1a: Amora|Alomomola, F|100\/100\n|move|p2a: Heatran|Magma Storm|p1a: Amora\n|-resisted|p1a: Amora\n|-damage|p1a: Amora|74\/100\n|-activate|p1a: Amora|move: Magma Storm|[of] p2a: Heatran\n|\n|-damage|p1a: Amora|61\/100|[from] move: Magma Storm|[partiallytrapped]\n|upkeep\n|turn|12\n|\n|t:|1700119260\n|move|p2a: Heatran|Taunt|p1a: Amora\n|-start|p1a: Amora|move: Taunt\n|cant|p1a: Amora|move: Taunt|Wish\n|\n|-damage|p1a: Amora|49\/100|[from] move: Magma Storm|[partiallytrapped]\n|upkeep\n|turn|13\n|\n|t:|1700119274\n|move|p2a: Heatran|Toxic|p1a: Amora\n|-status|p1a: Amora|tox\n|move|p1a: Amora|Scald|p2a: Heatran\n|-supereffective|p2a: Heatran\n|-damage|p2a: Heatran|83\/100\n|\n|-heal|p2a: Heatran|90\/100|[from] item: Leftovers\n|-damage|p1a: Amora|43\/100 tox|[from] psn\n|-damage|p1a: Amora|30\/100 tox|[from] move: Magma Storm|[partiallytrapped]\n|upkeep\n|turn|14\n|\n|t:|1700119285\n|move|p2a: Heatran|Protect|p2a: Heatran\n|-singleturn|p2a: Heatran|Protect\n|move|p1a: Amora|Flip Turn|p2a: Heatran\n|-activate|p2a: Heatran|move: Protect\n|\n|-heal|p2a: Heatran|96\/100|[from] item: Leftovers\n|-damage|p1a: Amora|18\/100 tox|[from] psn\n|-damage|p1a: Amora|6\/100 tox|[from] move: Magma Storm|[partiallytrapped]\n|-end|p1a: Amora|move: Taunt\n|upkeep\n|turn|15\n|\n|t:|1700119299\n|move|p2a: Heatran|Magma Storm|p1a: Amora\n|-resisted|p1a: Amora\n|-damage|p1a: Amora|0 fnt\n|faint|p1a: Amora\n|\n|-heal|p2a: Heatran|100\/100|[from] item: Leftovers\n|upkeep\n|\n|t:|1700119309\n|switch|p1a: Darude|Hippowdon, M|75\/100 psn\n|-weather|Sandstorm|[from] ability: Sand Stream|[of] p1a: Darude\n|turn|16\n|\n|t:|1700119321\n|switch|p2a: Enamorus|Enamorus, F|100\/100\n|move|p1a: Darude|Stealth Rock|p2a: Enamorus\n|-sidestart|p2: yaokai233|move: Stealth Rock\n|\n|-weather|Sandstorm|[upkeep]\n|-damage|p2a: Enamorus|94\/100|[from] Sandstorm\n|-heal|p1a: Darude|81\/100 psn|[from] item: Leftovers\n|-damage|p1a: Darude|69\/100 psn|[from] psn\n|upkeep\n|turn|17\n|\n|t:|1700119330\n|move|p2a: Enamorus|Superpower|p1a: Darude\n|-damage|p1a: Darude|41\/100 psn\n|-boost|p2a: Enamorus|atk|1\n|-boost|p2a: Enamorus|def|1\n|-damage|p2a: Enamorus|85\/100|[from] item: Life Orb\n|move|p1a: Darude|Toxic|p2a: Enamorus|[miss]\n|-miss|p1a: Darude|p2a: Enamorus\n|\n|-weather|Sandstorm|[upkeep]\n|-damage|p2a: Enamorus|78\/100|[from] Sandstorm\n|-heal|p1a: Darude|47\/100 psn|[from] item: Leftovers\n|-damage|p1a: Darude|35\/100 psn|[from] psn\n|upkeep\n|turn|18\n|\n|t:|1700119344\n|switch|p1a: Abaddon|Skeledirge, M|100\/100\n|move|p2a: Enamorus|Draining Kiss|p1a: Abaddon\n|-resisted|p1a: Abaddon\n|-damage|p1a: Abaddon|83\/100\n|-heal|p2a: Enamorus|97\/100|[from] drain|[of] p1a: Abaddon\n|-damage|p2a: Enamorus|88\/100|[from] item: Life Orb\n|\n|-weather|Sandstorm|[upkeep]\n|-damage|p2a: Enamorus|81\/100|[from] Sandstorm\n|-damage|p1a: Abaddon|77\/100|[from] Sandstorm\n|upkeep\n|turn|19\n|\n|t:|1700119357\n|move|p2a: Enamorus|Moonblast|p1a: Abaddon\n|-resisted|p1a: Abaddon\n|-damage|p1a: Abaddon|43\/100\n|-damage|p2a: Enamorus|72\/100|[from] item: Life Orb\n|move|p1a: Abaddon|Hex|p2a: Enamorus\n|-damage|p2a: Enamorus|39\/100\n|\n|-weather|Sandstorm|[upkeep]\n|-damage|p2a: Enamorus|33\/100|[from] Sandstorm\n|-damage|p1a: Abaddon|37\/100|[from] Sandstorm\n|upkeep\n|turn|20\n|\n|t:|1700119369\n|-terastallize|p2a: Enamorus|Fairy\n|move|p2a: Enamorus|Draining Kiss|p1a: Abaddon\n|-resisted|p1a: Abaddon\n|-damage|p1a: Abaddon|10\/100\n|-heal|p2a: Enamorus|62\/100|[from] drain|[of] p1a: Abaddon\n|-damage|p2a: Enamorus|52\/100|[from] item: Life Orb\n|move|p1a: Abaddon|Slack Off|p1a: Abaddon\n|-heal|p1a: Abaddon|60\/100\n|\n|-weather|none\n|upkeep\n|turn|21\n|\n|t:|1700119382\n|move|p2a: Enamorus|Moonblast|p1a: Abaddon\n|-resisted|p1a: Abaddon\n|-damage|p1a: Abaddon|13\/100\n|-damage|p2a: Enamorus|42\/100|[from] item: Life Orb\n|move|p1a: Abaddon|Will-O-Wisp|p2a: Enamorus\n|-status|p2a: Enamorus|brn\n|\n|-damage|p2a: Enamorus|36\/100 brn|[from] brn\n|upkeep\n|turn|22\n|\n|t:|1700119392\n|switch|p1a: Red Bulu|Tapu Bulu|89\/100\n|-fieldstart|move: Grassy Terrain|[from] ability: Grassy Surge|[of] p1a: Red Bulu\n|move|p2a: Enamorus|Draining Kiss|p1a: Red Bulu\n|-damage|p1a: Red Bulu|45\/100\n|-heal|p2a: Enamorus|74\/100 brn|[from] drain|[of] p1a: Red Bulu\n|-damage|p2a: Enamorus|65\/100 brn|[from] item: Life Orb\n|\n|-heal|p2a: Enamorus|71\/100 brn|[from] Grassy Terrain\n|-heal|p1a: Red Bulu|52\/100|[from] Grassy Terrain\n|-heal|p1a: Red Bulu|58\/100|[from] item: Leftovers\n|-damage|p2a: Enamorus|65\/100 brn|[from] brn\n|upkeep\n|turn|23\n|\n|t:|1700119406\n|move|p2a: Enamorus|Mystical Fire|p1a: Red Bulu\n|-supereffective|p1a: Red Bulu\n|-damage|p1a: Red Bulu|0 fnt\n|faint|p1a: Red Bulu\n|-damage|p2a: Enamorus|55\/100 brn|[from] item: Life Orb\n|\n|-heal|p2a: Enamorus|61\/100 brn|[from] Grassy Terrain\n|-damage|p2a: Enamorus|55\/100 brn|[from] brn\n|upkeep\n|\n|t:|1700119409\n|switch|p1a: Shuten Doji|Ogerpon-Cornerstone, F|100\/100\n|turn|24\n|\n|t:|1700119422\n|move|p1a: Shuten Doji|Ivy Cudgel|p2a: Enamorus|[anim] Ivy Cudgel Rock\n|-damage|p2a: Enamorus|0 fnt\n|faint|p2a: Enamorus\n|\n|upkeep\n|\n|t:|1700119429\n|switch|p2a: Banette|Banette, F|100\/100\n|-damage|p2a: Banette|88\/100|[from] Stealth Rock\n|-item|p1a: Shuten Doji|Cornerstone Mask|[from] ability: Frisk|[of] p2a: Banette|[identify]\n|turn|25\n|\n|t:|1700119437\n|detailschange|p2a: Banette|Banette-Mega, F\n|-mega|p2a: Banette|Banette|Banettite\n|move|p2a: Banette|Destiny Bond|p2a: Banette\n|-singlemove|p2a: Banette|Destiny Bond\n|move|p1a: Shuten Doji|U-turn|p2a: Banette\n|-resisted|p2a: Banette\n|-damage|p2a: Banette|67\/100\n|\n|t:|1700119444\n|switch|p1a: Darude|Hippowdon, M|35\/100 psn|[from] U-turn\n|-weather|Sandstorm|[from] ability: Sand Stream|[of] p1a: Darude\n|\n|-weather|Sandstorm|[upkeep]\n|-damage|p2a: Banette|61\/100|[from] Sandstorm\n|-heal|p2a: Banette|67\/100|[from] Grassy Terrain\n|-heal|p1a: Darude|41\/100 psn|[from] Grassy Terrain\n|-heal|p1a: Darude|47\/100 psn|[from] item: Leftovers\n|-damage|p1a: Darude|35\/100 psn|[from] psn\n|upkeep\n|turn|26\n|\n|t:|1700119457\n|move|p2a: Banette|Poltergeist|p1a: Darude\n|-activate|p1a: Darude|move: Poltergeist|Leftovers\n|-damage|p1a: Darude|0 fnt\n|faint|p1a: Darude\n|\n|-weather|Sandstorm|[upkeep]\n|-damage|p2a: Banette|61\/100|[from] Sandstorm\n|-heal|p2a: Banette|67\/100|[from] Grassy Terrain\n|-fieldend|move: Grassy Terrain\n|upkeep\n|\n|t:|1700119463\n|switch|p1a: Metallica|Steelix-Mega, M|72\/100\n|turn|27\n|\n|t:|1700119470\n|move|p2a: Banette|Destiny Bond|p2a: Banette\n|-singlemove|p2a: Banette|Destiny Bond\n|move|p1a: Metallica|Heavy Slam|p2a: Banette\n|-damage|p2a: Banette|0 fnt\n|faint|p2a: Banette\n|-activate|p2a: Banette|move: Destiny Bond\n|faint|p1a: Metallica\n|\n|-weather|Sandstorm|[upkeep]\n|upkeep\n|\n|t:|1700119479\n|switch|p2a: Heatran|Heatran, F|100\/100\n|switch|p1a: Abaddon|Skeledirge, M|13\/100\n|-damage|p2a: Heatran|88\/100|[from] Stealth Rock\n|turn|28\n|\n|t:|1700119505\n|move|p2a: Heatran|Toxic|p1a: Abaddon|[miss]\n|-miss|p2a: Heatran|p1a: Abaddon\n|move|p1a: Abaddon|Slack Off|p1a: Abaddon\n|-heal|p1a: Abaddon|63\/100\n|\n|-weather|Sandstorm|[upkeep]\n|-damage|p1a: Abaddon|57\/100|[from] Sandstorm\n|-heal|p2a: Heatran|94\/100|[from] item: Leftovers\n|upkeep\n|turn|29\n|\n|t:|1700119513\n|move|p2a: Heatran|Toxic|p1a: Abaddon\n|-status|p1a: Abaddon|tox\n|move|p1a: Abaddon|Slack Off|p1a: Abaddon\n|-heal|p1a: Abaddon|100\/100 tox\n|\n|-weather|none\n|-heal|p2a: Heatran|100\/100|[from] item: Leftovers\n|-damage|p1a: Abaddon|94\/100 tox|[from] psn\n|upkeep\n|turn|30\n|\n|t:|1700119523\n|move|p2a: Heatran|Taunt|p1a: Abaddon\n|-start|p1a: Abaddon|move: Taunt\n|move|p1a: Abaddon|Hex|p2a: Heatran\n|-damage|p2a: Heatran|85\/100\n|\n|-heal|p2a: Heatran|92\/100|[from] item: Leftovers\n|-damage|p1a: Abaddon|82\/100 tox|[from] psn\n|upkeep\n|turn|31\n|\n|t:|1700119533\n|move|p2a: Heatran|Magma Storm|p1a: Abaddon|[miss]\n|-miss|p2a: Heatran|p1a: Abaddon\n|move|p1a: Abaddon|Hex|p2a: Heatran\n|-damage|p2a: Heatran|76\/100\n|\n|-heal|p2a: Heatran|82\/100|[from] item: Leftovers\n|-damage|p1a: Abaddon|64\/100 tox|[from] psn\n|upkeep\n|turn|32\n|\n|t:|1700119546\n|move|p2a: Heatran|Magma Storm|p1a: Abaddon\n|-resisted|p1a: Abaddon\n|-crit|p1a: Abaddon\n|-damage|p1a: Abaddon|32\/100 tox\n|-activate|p1a: Abaddon|move: Magma Storm|[of] p2a: Heatran\n|move|p1a: Abaddon|Hex|p2a: Heatran\n|-damage|p2a: Heatran|67\/100\n|\n|-heal|p2a: Heatran|74\/100|[from] item: Leftovers\n|-damage|p1a: Abaddon|8\/100 tox|[from] psn\n|-damage|p1a: Abaddon|0 fnt|[from] move: Magma Storm|[partiallytrapped]\n|faint|p1a: Abaddon\n|upkeep\n|\n|t:|1700119549\n|switch|p1a: Shuten Doji|Ogerpon-Cornerstone, F|100\/100\n|turn|33\n|\n|t:|1700119576\n|-terastallize|p1a: Shuten Doji|Rock\n|detailschange|p1a: Shuten Doji|Ogerpon-Cornerstone-Tera, F, tera:Rock\n|-ability|p1a: Shuten Doji|Embody Aspect (Cornerstone)|boost\n|-boost|p1a: Shuten Doji|def|1\n|move|p1a: Shuten Doji|Ivy Cudgel|p2a: Heatran|[anim] Ivy Cudgel Rock\n|-damage|p2a: Heatran|10\/100\n|move|p2a: Heatran|Toxic|p1a: Shuten Doji\n|-status|p1a: Shuten Doji|tox\n|\n|-heal|p2a: Heatran|16\/100|[from] item: Leftovers\n|-damage|p1a: Shuten Doji|95\/100 tox|[from] psn\n|upkeep\n|turn|34\n|\n|t:|1700119588\n|move|p2a: Heatran|Protect|p2a: Heatran\n|-singleturn|p2a: Heatran|Protect\n|move|p1a: Shuten Doji|Swords Dance|p1a: Shuten Doji\n|-boost|p1a: Shuten Doji|atk|2\n|\n|-heal|p2a: Heatran|22\/100|[from] item: Leftovers\n|-damage|p1a: Shuten Doji|83\/100 tox|[from] psn\n|upkeep\n|turn|35\n|\n|t:|1700119599\n|move|p1a: Shuten Doji|Ivy Cudgel|p2a: Heatran|[anim] Ivy Cudgel Rock\n|-damage|p2a: Heatran|0 fnt\n|faint|p2a: Heatran\n|\n|-damage|p1a: Shuten Doji|65\/100 tox|[from] psn\n|upkeep\n|\n|t:|1700119605\n|switch|p2a: Sneasler|Sneasler, F|27\/100\n|-damage|p2a: Sneasler|21\/100|[from] Stealth Rock\n|turn|36\n|\n|t:|1700119632\n|move|p1a: Shuten Doji|Horn Leech|p2a: Sneasler\n|-resisted|p2a: Sneasler\n|-crit|p2a: Sneasler\n|-damage|p2a: Sneasler|0 fnt\n|-heal|p1a: Shuten Doji|75\/100 tox|[from] drain|[of] p2a: Sneasler\n|faint|p2a: Sneasler\n|\n|-damage|p1a: Shuten Doji|51\/100 tox|[from] psn\n|upkeep\n|\n|t:|1700119640\n|switch|p2a: Rillaboom|Rillaboom, M|100\/100\n|-damage|p2a: Rillaboom|88\/100|[from] Stealth Rock\n|-fieldstart|move: Grassy Terrain|[from] ability: Grassy Surge|[of] p2a: Rillaboom\n|turn|37\n|c|\u2606xemnos1|ggwp\n|\n|t:|1700119648\n|move|p2a: Rillaboom|Fake Out|p1a: Shuten Doji\n|-resisted|p1a: Shuten Doji\n|-damage|p1a: Shuten Doji|45\/100 tox\n|cant|p1a: Shuten Doji|flinch\n|\n|-heal|p1a: Shuten Doji|51\/100 tox|[from] Grassy Terrain\n|-heal|p2a: Rillaboom|94\/100|[from] Grassy Terrain\n|-damage|p1a: Shuten Doji|21\/100 tox|[from] psn\n|upkeep\n|turn|38\n|\n|t:|1700119657\n|move|p2a: Rillaboom|Grassy Glide|p1a: Shuten Doji\n|-supereffective|p1a: Shuten Doji\n|-damage|p1a: Shuten Doji|0 fnt\n|faint|p1a: Shuten Doji\n|\n|win|yaokai233\n|raw|xemnos1's rating: 1261 &rarr; <strong>1240<\/strong><br \/>(-21 for losing)\n|raw|yaokai233's rating: 1321 &rarr; <strong>1338<\/strong><br \/>(+17 for winning)\n|c|\u2606yaokai233|gg\n","uploadtime":1700119669,"views":9,"p1id":"xemnos1","p2id":"yaokai233","formatid":"gen9nationaldex","rating":1240,"private":0,"password":""}