{"id":"gen9nationaldex-1988251690","p1":"steals many wives","p2":"imnotjimjim","format":"[Gen 9] National Dex","log":"|j|\u2606steals many wives\n|j|\u2606imnotjimjim\n|t:|1699694763\n|gametype|singles\n|player|p1|steals many wives|waitress|1107\n|player|p2|imnotjimjim|tuber|1029\n|teamsize|p1|6\n|teamsize|p2|6\n|gen|9\n|tier|[Gen 9] National Dex\n|rated|\n|rule|HP Percentage Mod: HP is shown in percentages\n|rule|Endless Battle Clause: Forcing endless battles is banned\n|rule|OHKO Clause: OHKO moves are banned\n|rule|Evasion Clause: Evasion abilities, items, and moves are banned\n|rule|Evasion Abilities Clause: Evasion abilities are banned\n|rule|Evasion Items Clause: Evasion items are banned\n|rule|Evasion Moves Clause: Evasion moves are banned\n|rule|Species Clause: Limit one of each Pok\u00e9mon\n|rule|Sleep Clause Mod: Limit one foe put to sleep\n|clearpoke\n|poke|p1|Zoroark-Hisui, F|\n|poke|p1|Snorlax, M|\n|poke|p1|Staraptor, M|\n|poke|p1|Pidgeot, M|\n|poke|p1|Ursaluna, M|\n|poke|p1|Purugly, M|\n|poke|p2|Lokix, F|\n|poke|p2|Spinda, M|\n|poke|p2|Victreebel, M|\n|poke|p2|Chesnaught, M|\n|poke|p2|Camerupt, F|\n|poke|p2|Gigalith, M|\n|teampreview\n|\n|t:|1699694778\n|start\n|switch|p1a: Birb|Staraptor, M|100\/100\n|switch|p2a: Lokix|Lokix, F|100\/100\n|-ability|p1a: Birb|Intimidate|boost\n|-unboost|p2a: Lokix|atk|1\n|turn|1\n|\n|t:|1699694788\n|switch|p1a: UnBearable|Ursaluna, M|100\/100\n|move|p2a: Lokix|U-turn|p1a: UnBearable\n|-damage|p1a: UnBearable|85\/100\n|inactive|Battle timer is ON: inactive players will automatically lose when time's up. (requested by steals many wives)\n|\n|t:|1699694841\n|switch|p2a: Gigalith|Gigalith, M|100\/100|[from] U-turn\n|\n|-status|p1a: UnBearable|brn|[from] item: Flame Orb\n|upkeep\n|turn|2\n|\n|t:|1699694849\n|switch|p1a: He Thicc|Snorlax, M|100\/100\n|move|p2a: Gigalith|Stealth Rock|p1a: He Thicc\n|-sidestart|p1: steals many wives|move: Stealth Rock\n|\n|upkeep\n|turn|3\n|\n|t:|1699694859\n|move|p1a: He Thicc|Curse|p1a: He Thicc\n|-unboost|p1a: He Thicc|spe|1\n|-boost|p1a: He Thicc|atk|1\n|-boost|p1a: He Thicc|def|1\n|move|p2a: Gigalith|Stone Edge|p1a: He Thicc\n|-crit|p1a: He Thicc\n|-damage|p1a: He Thicc|32\/100\n|\n|upkeep\n|turn|4\n|c|\u2606steals many wives|of course\n|\n|t:|1699694870\n|move|p2a: Gigalith|Stone Edge|p1a: He Thicc\n|-damage|p1a: He Thicc|4\/100\n|move|p1a: He Thicc|Rest|p1a: He Thicc\n|-status|p1a: He Thicc|slp|[from] move: Rest\n|-heal|p1a: He Thicc|100\/100 slp|[silent]\n|-enditem|p1a: He Thicc|Chesto Berry|[eat]\n|-curestatus|p1a: He Thicc|slp|[msg]\n|\n|upkeep\n|turn|5\n|\n|t:|1699694878\n|switch|p2a: Chesnaught|Chesnaught, M|100\/100\n|move|p1a: He Thicc|Curse|p1a: He Thicc\n|-unboost|p1a: He Thicc|spe|1\n|-boost|p1a: He Thicc|atk|1\n|-boost|p1a: He Thicc|def|1\n|\n|upkeep\n|turn|6\n|\n|t:|1699694885\n|move|p2a: Chesnaught|Leech Seed|p1a: He Thicc\n|-start|p1a: He Thicc|move: Leech Seed\n|move|p1a: He Thicc|Darkest Lariat|p2a: Chesnaught\n|-resisted|p2a: Chesnaught\n|-damage|p2a: Chesnaught|88\/100\n|\n|-heal|p2a: Chesnaught|94\/100|[from] item: Leftovers\n|-damage|p1a: He Thicc|88\/100|[from] Leech Seed|[of] p2a: Chesnaught\n|-heal|p2a: Chesnaught|100\/100|[silent]\n|upkeep\n|turn|7\n|\n|t:|1699694901\n|switch|p1a: Super Saiyan Birb|Pidgeot, M, shiny|100\/100\n|-damage|p1a: Super Saiyan Birb|75\/100|[from] Stealth Rock\n|move|p2a: Chesnaught|Drain Punch|p1a: Super Saiyan Birb\n|-damage|p1a: Super Saiyan Birb|36\/100\n|\n|upkeep\n|turn|8\n|\n|t:|1699694918\n|switch|p2a: Gigalith|Gigalith, M|100\/100\n|detailschange|p1a: Super Saiyan Birb|Pidgeot-Mega, M, shiny\n|-mega|p1a: Super Saiyan Birb|Pidgeot|Pidgeotite\n|move|p1a: Super Saiyan Birb|Defog|p2a: Gigalith\n|-unboost|p2a: Gigalith|evasion|1\n|-sideend|p1: steals many wives|Stealth Rock|[from] move: Defog|[of] p1a: Super Saiyan Birb\n|\n|upkeep\n|turn|9\n|\n|t:|1699694925\n|move|p1a: Super Saiyan Birb|Hurricane|p2a: Gigalith\n|-resisted|p2a: Gigalith\n|-damage|p2a: Gigalith|66\/100\n|-start|p2a: Gigalith|confusion\n|-activate|p2a: Gigalith|confusion\n|move|p2a: Gigalith|Stealth Rock|p1a: Super Saiyan Birb\n|-sidestart|p1: steals many wives|move: Stealth Rock\n|\n|-heal|p2a: Gigalith|72\/100|[from] item: Leftovers\n|upkeep\n|turn|10\n|\n|t:|1699694936\n|move|p1a: Super Saiyan Birb|Defog|p2a: Gigalith\n|-unboost|p2a: Gigalith|evasion|1\n|-sideend|p1: steals many wives|Stealth Rock|[from] move: Defog|[of] p1a: Super Saiyan Birb\n|-end|p2a: Gigalith|confusion\n|move|p2a: Gigalith|Stone Edge|p1a: Super Saiyan Birb\n|-supereffective|p1a: Super Saiyan Birb\n|-damage|p1a: Super Saiyan Birb|0 fnt\n|faint|p1a: Super Saiyan Birb\n|\n|-heal|p2a: Gigalith|78\/100|[from] item: Leftovers\n|upkeep\n|\n|t:|1699694947\n|switch|p1a: Birb|Staraptor, M|100\/100\n|-ability|p1a: Birb|Intimidate|boost\n|-unboost|p2a: Gigalith|atk|1\n|turn|11\n|\n|t:|1699694951\n|move|p1a: Birb|Final Gambit|p2a: Gigalith\n|-damage|p2a: Gigalith|0 fnt\n|faint|p1a: Birb\n|faint|p2a: Gigalith\n|\n|upkeep\n|\n|t:|1699694961\n|switch|p1a: Chunky Boi|Purugly, M|100\/100\n|switch|p2a: Spinda|Spinda, M|100\/100\n|turn|12\n|\n|t:|1699694968\n|move|p2a: Spinda|Protect|p2a: Spinda\n|-singleturn|p2a: Spinda|Protect\n|move|p1a: Chunky Boi|Hyper Voice|p2a: Spinda\n|-activate|p2a: Spinda|move: Protect\n|\n|upkeep\n|turn|13\n|\n|t:|1699694975\n|move|p1a: Chunky Boi|Calm Mind|p1a: Chunky Boi\n|-boost|p1a: Chunky Boi|spa|1\n|-boost|p1a: Chunky Boi|spd|1\n|move|p2a: Spinda|Sunny Day|p2a: Spinda\n|-weather|SunnyDay\n|\n|-weather|SunnyDay|[upkeep]\n|upkeep\n|turn|14\n|\n|t:|1699694980\n|move|p1a: Chunky Boi|Hyper Voice|p2a: Spinda\n|-crit|p2a: Spinda\n|-damage|p2a: Spinda|0 fnt\n|faint|p2a: Spinda\n|\n|-weather|SunnyDay|[upkeep]\n|upkeep\n|\n|t:|1699694985\n|switch|p2a: Victreebel|Victreebel, M|100\/100\n|turn|15\n|\n|t:|1699694995\n|move|p2a: Victreebel|Sleep Powder|p1a: Chunky Boi|[miss]\n|-miss|p2a: Victreebel|p1a: Chunky Boi\n|move|p1a: Chunky Boi|Flamethrower|p2a: Victreebel\n|-supereffective|p2a: Victreebel\n|-damage|p2a: Victreebel|0 fnt\n|faint|p2a: Victreebel\n|\n|-weather|SunnyDay|[upkeep]\n|upkeep\n|\n|t:|1699695003\n|switch|p2a: Lokix|Lokix, F|100\/100\n|turn|16\n|\n|t:|1699695011\n|move|p2a: Lokix|Axe Kick|p1a: Chunky Boi\n|-immune|p1a: Chunky Boi\n|-damage|p2a: Lokix|50\/100|[from] highjumpkick\n|move|p1a: Chunky Boi|Flamethrower|p2a: Lokix\n|-supereffective|p2a: Lokix\n|-damage|p2a: Lokix|0 fnt\n|faint|p2a: Lokix\n|\n|-weather|SunnyDay|[upkeep]\n|upkeep\n|c|\u2606steals many wives|That's funny every time\n|-message|imnotjimjim forfeited.\n|\n|win|steals many wives\n|raw|steals many wives's rating: 1107 &rarr; <strong>1126<\/strong><br \/>(+19 for winning)\n|raw|imnotjimjim's rating: 1029 &rarr; <strong>1018<\/strong><br \/>(-11 for losing)\n|l|\u2606imnotjimjim\n","uploadtime":1699695041,"views":4,"p1id":"stealsmanywives","p2id":"imnotjimjim","formatid":"gen9nationaldex","rating":1018,"private":0,"password":""}