{"id":"gen9nationaldex-1994751997","p1":"shfeha","p2":"suuugg","format":"[Gen 9] National Dex","log":"|html|<div class=\"broadcast-blue\"><strong>[Gen 9] National Dex is currently suspecting Sneasler! For information on how to participate check out the <a href=\"https:\/\/www.smogon.com\/forums\/threads\/sv-national-dex-suspect-8-just-dance.3731534\/\">suspect thread<\/a>.<\/strong><\/div>\n|j|\u2606shfeha\n|j|\u2606suuugg\n|t:|1700489151\n|gametype|singles\n|player|p1|shfeha|cyclist|1192\n|player|p2|suuugg|2|1150\n|teamsize|p1|6\n|teamsize|p2|6\n|gen|9\n|tier|[Gen 9] National Dex\n|rated|\n|rule|HP Percentage Mod: HP is shown in percentages\n|rule|Endless Battle Clause: Forcing endless battles is banned\n|rule|OHKO Clause: OHKO moves are banned\n|rule|Evasion Clause: Evasion abilities, items, and moves are banned\n|rule|Evasion Abilities Clause: Evasion abilities are banned\n|rule|Evasion Items Clause: Evasion items are banned\n|rule|Evasion Moves Clause: Evasion moves are banned\n|rule|Species Clause: Limit one of each Pok\u00e9mon\n|rule|Sleep Clause Mod: Limit one foe put to sleep\n|clearpoke\n|poke|p1|Smeargle, F|\n|poke|p1|Grimmsnarl, M|\n|poke|p1|Tornadus-Therian, M|\n|poke|p1|Tapu Koko|\n|poke|p1|Iron Valiant|\n|poke|p1|Medicham, M|\n|poke|p2|Audino, F|\n|poke|p2|Tornadus, M|\n|poke|p2|Jirachi|\n|poke|p2|Toxapex, F|\n|poke|p2|Rillaboom, F|\n|poke|p2|Great Tusk|\n|teampreview\n|inactive|Battle timer is ON: inactive players will automatically lose when time's up. (requested by shfeha)\n|\n|t:|1700489162\n|start\n|switch|p1a: Grimmsnarl|Grimmsnarl, M|100\/100\n|switch|p2a: Tornadus|Tornadus, M|100\/100\n|turn|1\n|\n|t:|1700489169\n|move|p2a: Tornadus|Tailwind|p2a: Tornadus\n|-sidestart|p2: suuugg|move: Tailwind\n|move|p1a: Grimmsnarl|Taunt|p2a: Tornadus\n|-start|p2a: Tornadus|move: Taunt\n|\n|upkeep\n|turn|2\n|\n|t:|1700489177\n|move|p1a: Grimmsnarl|Light Screen|p1a: Grimmsnarl\n|-sidestart|p1: shfeha|move: Light Screen\n|move|p2a: Tornadus|Air Slash|p1a: Grimmsnarl\n|-damage|p1a: Grimmsnarl|88\/100\n|\n|upkeep\n|turn|3\n|\n|t:|1700489181\n|move|p1a: Grimmsnarl|Reflect|p1a: Grimmsnarl\n|-sidestart|p1: shfeha|Reflect\n|move|p2a: Tornadus|U-turn|p1a: Grimmsnarl\n|-damage|p1a: Grimmsnarl|78\/100\n|\n|t:|1700489185\n|switch|p2a: Rillaboom|Rillaboom, F|100\/100|[from] U-turn\n|-fieldstart|move: Grassy Terrain|[from] ability: Grassy Surge|[of] p2a: Rillaboom\n|\n|-heal|p1a: Grimmsnarl|84\/100|[from] Grassy Terrain\n|upkeep\n|turn|4\n|\n|t:|1700489192\n|switch|p1a: Tornadus|Tornadus-Therian, M|100\/100\n|move|p2a: Rillaboom|Swords Dance|p2a: Rillaboom\n|-boost|p2a: Rillaboom|atk|2\n|\n|-sideend|p2: suuugg|move: Tailwind\n|upkeep\n|turn|5\n|\n|t:|1700489211\n|switch|p2a: Toxapex|Toxapex, F|100\/100\n|move|p1a: Tornadus|Hurricane|p2a: Toxapex|[miss]\n|-miss|p1a: Tornadus|p2a: Toxapex\n|\n|upkeep\n|turn|6\n|\n|t:|1700489223\n|move|p1a: Tornadus|Hurricane|p2a: Toxapex\n|-damage|p2a: Toxapex|62\/100\n|-start|p2a: Toxapex|confusion\n|-activate|p2a: Toxapex|confusion\n|-damage|p2a: Toxapex|59\/100|[from] confusion\n|\n|-heal|p2a: Toxapex|65\/100|[from] Grassy Terrain\n|-heal|p2a: Toxapex|72\/100|[from] item: Black Sludge\n|upkeep\n|turn|7\n|\n|t:|1700489229\n|move|p1a: Tornadus|Hurricane|p2a: Toxapex|[miss]\n|-miss|p1a: Tornadus|p2a: Toxapex\n|-activate|p2a: Toxapex|confusion\n|move|p2a: Toxapex|Toxic|p1a: Tornadus\n|-status|p1a: Tornadus|tox\n|\n|-heal|p2a: Toxapex|78\/100|[from] Grassy Terrain\n|-heal|p2a: Toxapex|84\/100|[from] item: Black Sludge\n|-damage|p1a: Tornadus|94\/100 tox|[from] psn\n|-fieldend|move: Grassy Terrain\n|upkeep\n|turn|8\n|\n|t:|1700489238\n|switch|p2a: Audino|Audino, F|100\/100\n|move|p1a: Tornadus|Hurricane|p2a: Audino\n|-damage|p2a: Audino|49\/100\n|\n|-damage|p1a: Tornadus|82\/100 tox|[from] psn\n|upkeep\n|turn|9\n|\n|t:|1700489254\n|detailschange|p2a: Audino|Audino-Mega, F\n|-mega|p2a: Audino|Audino|Audinite\n|move|p1a: Tornadus|Hurricane|p2a: Audino\n|-damage|p2a: Audino|15\/100\n|move|p2a: Audino|Ice Beam|p1a: Tornadus\n|-supereffective|p1a: Tornadus\n|-damage|p1a: Tornadus|52\/100 tox\n|-enditem|p1a: Tornadus|Eject Button\n|\n|t:|1700489260\n|switch|p1a: Smeargle|Smeargle, F, shiny|100\/100\n|\n|-sideend|p1: shfeha|move: Light Screen\n|upkeep\n|turn|10\n|\n|t:|1700489268\n|move|p1a: Smeargle|Geomancy||[still]\n|-prepare|p1a: Smeargle|Geomancy\n|-enditem|p1a: Smeargle|Power Herb\n|-anim|p1a: Smeargle|Geomancy|p1a: Smeargle\n|-boost|p1a: Smeargle|spa|2\n|-boost|p1a: Smeargle|spd|2\n|-boost|p1a: Smeargle|spe|2\n|move|p2a: Audino|Draining Kiss|p1a: Smeargle\n|-damage|p1a: Smeargle|73\/100\n|-heal|p2a: Audino|28\/100|[from] drain|[of] p1a: Smeargle\n|\n|-sideend|p1: shfeha|Reflect\n|upkeep\n|turn|11\n|\n|t:|1700489278\n|move|p1a: Smeargle|Boomburst|p2a: Audino\n|-damage|p2a: Audino|0 fnt\n|faint|p2a: Audino\n|\n|upkeep\n|\n|t:|1700489283\n|switch|p2a: Rillaboom|Rillaboom, F|100\/100\n|-fieldstart|move: Grassy Terrain|[from] ability: Grassy Surge|[of] p2a: Rillaboom\n|turn|12\n|\n|t:|1700489292\n|move|p1a: Smeargle|Boomburst|p2a: Rillaboom\n|-damage|p2a: Rillaboom|25\/100\n|move|p2a: Rillaboom|Swords Dance|p2a: Rillaboom\n|-boost|p2a: Rillaboom|atk|2\n|\n|-heal|p1a: Smeargle|79\/100|[from] Grassy Terrain\n|-heal|p2a: Rillaboom|31\/100|[from] Grassy Terrain\n|-heal|p2a: Rillaboom|37\/100|[from] item: Leftovers\n|upkeep\n|turn|13\n|\n|t:|1700489297\n|move|p2a: Rillaboom|Grassy Glide|p1a: Smeargle\n|-damage|p1a: Smeargle|0 fnt\n|faint|p1a: Smeargle\n|\n|-heal|p2a: Rillaboom|43\/100|[from] Grassy Terrain\n|-heal|p2a: Rillaboom|49\/100|[from] item: Leftovers\n|upkeep\n|\n|t:|1700489300\n|switch|p1a: Iron Valiant|Iron Valiant|100\/100\n|turn|14\n|\n|t:|1700489305\n|-end|p1a: Iron Valiant|Quark Drive|[silent]\n|switch|p1a: Tornadus|Tornadus-Therian, M|85\/100 tox\n|move|p2a: Rillaboom|Grassy Glide|p1a: Tornadus\n|-resisted|p1a: Tornadus\n|-damage|p1a: Tornadus|36\/100 tox\n|\n|-heal|p2a: Rillaboom|56\/100|[from] Grassy Terrain\n|-heal|p2a: Rillaboom|62\/100|[from] item: Leftovers\n|-damage|p1a: Tornadus|30\/100 tox|[from] psn\n|upkeep\n|turn|15\n|\n|t:|1700489312\n|move|p2a: Rillaboom|Grassy Glide|p1a: Tornadus\n|-resisted|p1a: Tornadus\n|-damage|p1a: Tornadus|0 fnt\n|faint|p1a: Tornadus\n|\n|-heal|p2a: Rillaboom|68\/100|[from] Grassy Terrain\n|-heal|p2a: Rillaboom|74\/100|[from] item: Leftovers\n|upkeep\n|\n|t:|1700489317\n|switch|p1a: Grimmsnarl|Grimmsnarl, M|84\/100\n|turn|16\n|\n|t:|1700489321\n|move|p1a: Grimmsnarl|Reflect|p1a: Grimmsnarl\n|-sidestart|p1: shfeha|Reflect\n|move|p2a: Rillaboom|Earthquake|p1a: Grimmsnarl\n|-damage|p1a: Grimmsnarl|63\/100\n|\n|-heal|p2a: Rillaboom|80\/100|[from] Grassy Terrain\n|-heal|p2a: Rillaboom|86\/100|[from] item: Leftovers\n|-heal|p1a: Grimmsnarl|69\/100|[from] Grassy Terrain\n|-fieldend|move: Grassy Terrain\n|upkeep\n|turn|17\n|\n|t:|1700489325\n|move|p1a: Grimmsnarl|Light Screen|p1a: Grimmsnarl\n|-sidestart|p1: shfeha|move: Light Screen\n|move|p2a: Rillaboom|Swords Dance|p2a: Rillaboom\n|-boost|p2a: Rillaboom|atk|2\n|\n|-heal|p2a: Rillaboom|93\/100|[from] item: Leftovers\n|upkeep\n|turn|18\n|\n|t:|1700489329\n|move|p1a: Grimmsnarl|Taunt|p2a: Rillaboom\n|-start|p2a: Rillaboom|move: Taunt\n|move|p2a: Rillaboom|Earthquake|p1a: Grimmsnarl\n|-damage|p1a: Grimmsnarl|4\/100\n|\n|-heal|p2a: Rillaboom|99\/100|[from] item: Leftovers\n|upkeep\n|turn|19\n|\n|t:|1700489335\n|move|p2a: Rillaboom|Earthquake|p1a: Grimmsnarl\n|-damage|p1a: Grimmsnarl|0 fnt\n|faint|p1a: Grimmsnarl\n|\n|-heal|p2a: Rillaboom|100\/100|[from] item: Leftovers\n|upkeep\n|\n|t:|1700489343\n|switch|p1a: Medicham|Medicham, M|100\/100\n|turn|20\n|\n|t:|1700489350\n|detailschange|p1a: Medicham|Medicham-Mega, M\n|-mega|p1a: Medicham|Medicham|Medichamite\n|move|p1a: Medicham|Fake Out|p2a: Rillaboom\n|-damage|p2a: Rillaboom|74\/100\n|cant|p2a: Rillaboom|flinch\n|\n|-heal|p2a: Rillaboom|80\/100|[from] item: Leftovers\n|-end|p2a: Rillaboom|move: Taunt\n|upkeep\n|turn|21\n|\n|t:|1700489377\n|move|p1a: Medicham|Close Combat|p2a: Rillaboom\n|-damage|p2a: Rillaboom|0 fnt\n|-unboost|p1a: Medicham|def|1\n|-unboost|p1a: Medicham|spd|1\n|faint|p2a: Rillaboom\n|\n|upkeep\n|\n|t:|1700489384\n|switch|p2a: Tornadus|Tornadus, M|100\/100\n|turn|22\n|inactive|suuugg has 120 seconds left.\n|\n|t:|1700489428\n|switch|p1a: Tapu Koko|Tapu Koko, shiny|100\/100\n|-fieldstart|move: Electric Terrain|[from] ability: Electric Surge|[of] p1a: Tapu Koko\n|move|p2a: Tornadus|Tailwind|p2a: Tornadus\n|-sidestart|p2: suuugg|move: Tailwind\n|\n|upkeep\n|turn|23\n|\n|t:|1700489438\n|switch|p2a: Toxapex|Toxapex, F|100\/100\n|move|p1a: Tapu Koko|Dazzling Gleam|p2a: Toxapex\n|-resisted|p2a: Toxapex\n|-damage|p2a: Toxapex|81\/100\n|-damage|p1a: Tapu Koko|91\/100|[from] item: Life Orb\n|\n|-heal|p2a: Toxapex|88\/100|[from] item: Black Sludge\n|-sideend|p1: shfeha|Reflect\n|upkeep\n|turn|24\n|\n|t:|1700489452\n|move|p1a: Tapu Koko|Volt Switch|p2a: Toxapex\n|-supereffective|p2a: Toxapex\n|-damage|p2a: Toxapex|7\/100\n|-damage|p1a: Tapu Koko|81\/100|[from] item: Life Orb\n|\n|t:|1700489459\n|switch|p1a: Iron Valiant|Iron Valiant|100\/100|[from] Volt Switch\n|-activate|p1a: Iron Valiant|ability: Quark Drive\n|-start|p1a: Iron Valiant|quarkdrivespe\n|move|p2a: Toxapex|Toxic|p1a: Iron Valiant\n|-status|p1a: Iron Valiant|tox\n|\n|-heal|p2a: Toxapex|14\/100|[from] item: Black Sludge\n|-damage|p1a: Iron Valiant|94\/100 tox|[from] psn\n|-sideend|p1: shfeha|move: Light Screen\n|upkeep\n|turn|25\n|\n|t:|1700489468\n|move|p2a: Toxapex|Baneful Bunker|p2a: Toxapex\n|-singleturn|p2a: Toxapex|move: Protect\n|move|p1a: Iron Valiant|Knock Off|p2a: Toxapex\n|-activate|p2a: Toxapex|move: Protect\n|\n|-heal|p2a: Toxapex|20\/100|[from] item: Black Sludge\n|-damage|p1a: Iron Valiant|82\/100 tox|[from] psn\n|-sideend|p2: suuugg|move: Tailwind\n|upkeep\n|turn|26\n|\n|t:|1700489480\n|switch|p2a: Great Tusk|Great Tusk|100\/100\n|move|p1a: Iron Valiant|Knock Off|p2a: Great Tusk\n|-resisted|p2a: Great Tusk\n|-damage|p2a: Great Tusk|87\/100\n|-enditem|p2a: Great Tusk|Assault Vest|[from] move: Knock Off|[of] p1a: Iron Valiant\n|-damage|p1a: Iron Valiant|72\/100 tox|[from] item: Life Orb\n|\n|-damage|p1a: Iron Valiant|53\/100 tox|[from] psn\n|-fieldend|move: Electric Terrain\n|-end|p1a: Iron Valiant|Quark Drive\n|upkeep\n|turn|27\n|\n|t:|1700489500\n|move|p1a: Iron Valiant|Spirit Break|p2a: Great Tusk\n|-supereffective|p2a: Great Tusk\n|-damage|p2a: Great Tusk|19\/100\n|-unboost|p2a: Great Tusk|spa|1\n|-damage|p1a: Iron Valiant|44\/100 tox|[from] item: Life Orb\n|move|p2a: Great Tusk|Headlong Rush|p1a: Iron Valiant\n|-damage|p1a: Iron Valiant|0 fnt\n|-unboost|p2a: Great Tusk|def|1\n|-unboost|p2a: Great Tusk|spd|1\n|faint|p1a: Iron Valiant\n|-end|p1a: Iron Valiant|Quark Drive|[silent]\n|\n|upkeep\n|inactive|shfeha has 120 seconds left.\n|\n|t:|1700489535\n|switch|p1a: Tapu Koko|Tapu Koko, shiny|81\/100\n|-fieldstart|move: Electric Terrain|[from] ability: Electric Surge|[of] p1a: Tapu Koko\n|turn|28\n|\n|t:|1700489542\n|move|p1a: Tapu Koko|Grass Knot|p2a: Great Tusk\n|-supereffective|p2a: Great Tusk\n|-crit|p2a: Great Tusk\n|-damage|p2a: Great Tusk|0 fnt\n|faint|p2a: Great Tusk\n|-end|p2a: Great Tusk|Protosynthesis|[silent]\n|-damage|p1a: Tapu Koko|71\/100|[from] item: Life Orb\n|\n|upkeep\n|\n|t:|1700489545\n|switch|p2a: Jirachi|Jirachi|100\/100\n|turn|29\n|inactive|suuugg has 120 seconds left.\n|\n|t:|1700489556\n|-terastallize|p1a: Tapu Koko|Electric\n|move|p1a: Tapu Koko|Volt Switch|p2a: Jirachi\n|-damage|p2a: Jirachi|35\/100\n|-damage|p1a: Tapu Koko|61\/100|[from] item: Life Orb\n|\n|t:|1700489560\n|switch|p1a: Medicham|Medicham-Mega, M|100\/100|[from] Volt Switch\n|move|p2a: Jirachi|Fire Punch|p1a: Medicham\n|-damage|p1a: Medicham|66\/100\n|\n|-heal|p2a: Jirachi|41\/100|[from] item: Leftovers\n|upkeep\n|turn|30\n|inactive|suuugg has 120 seconds left.\n|\n|t:|1700489570\n|move|p1a: Medicham|Fake Out|p2a: Jirachi\n|-resisted|p2a: Jirachi\n|-damage|p2a: Jirachi|29\/100\n|cant|p2a: Jirachi|flinch\n|\n|-heal|p2a: Jirachi|35\/100|[from] item: Leftovers\n|upkeep\n|turn|31\n|\n|t:|1700489575\n|move|p1a: Medicham|Close Combat|p2a: Jirachi\n|-damage|p2a: Jirachi|0 fnt\n|-unboost|p1a: Medicham|def|1\n|-unboost|p1a: Medicham|spd|1\n|faint|p2a: Jirachi\n|\n|upkeep\n|\n|t:|1700489578\n|switch|p2a: Toxapex|Toxapex, F|53\/100\n|turn|32\n|\n|t:|1700489581\n|move|p1a: Medicham|Zen Headbutt|p2a: Toxapex\n|-supereffective|p2a: Toxapex\n|-damage|p2a: Toxapex|0 fnt\n|faint|p2a: Toxapex\n|\n|-fieldend|move: Electric Terrain\n|upkeep\n|\n|t:|1700489584\n|switch|p2a: Tornadus|Tornadus, M|100\/100\n|turn|33\n|\n|t:|1700489588\n|move|p1a: Medicham|Bullet Punch|p2a: Tornadus\n|-damage|p2a: Tornadus|71\/100\n|move|p2a: Tornadus|Tailwind|p2a: Tornadus\n|-sidestart|p2: suuugg|move: Tailwind\n|\n|upkeep\n|turn|34\n|\n|t:|1700489593\n|move|p1a: Medicham|Bullet Punch|p2a: Tornadus\n|-damage|p2a: Tornadus|41\/100\n|move|p2a: Tornadus|Air Slash|p1a: Medicham\n|-supereffective|p1a: Medicham\n|-damage|p1a: Medicham|0 fnt\n|faint|p1a: Medicham\n|\n|upkeep\n|\n|t:|1700489597\n|switch|p1a: Tapu Koko|Tapu Koko, shiny, tera:Electric|61\/100\n|-fieldstart|move: Electric Terrain|[from] ability: Electric Surge|[of] p1a: Tapu Koko\n|turn|35\n|\n|t:|1700489603\n|-terastallize|p2a: Tornadus|Flying\n|move|p2a: Tornadus|Air Slash|p1a: Tapu Koko\n|-resisted|p1a: Tapu Koko\n|-damage|p1a: Tapu Koko|30\/100\n|cant|p1a: Tapu Koko|flinch\n|\n|upkeep\n|turn|36\n|\n|t:|1700489609\n|move|p2a: Tornadus|Air Slash|p1a: Tapu Koko\n|-resisted|p1a: Tapu Koko\n|-damage|p1a: Tapu Koko|0 fnt\n|faint|p1a: Tapu Koko\n|\n|win|suuugg\n|raw|shfeha's rating: 1192 &rarr; <strong>1164<\/strong><br \/>(-28 for losing)\n|raw|suuugg's rating: 1150 &rarr; <strong>1178<\/strong><br \/>(+28 for winning)\n","uploadtime":1700489612,"views":2,"p1id":"shfeha","p2id":"suuugg","formatid":"gen9nationaldex","rating":1164,"private":0,"password":""}