{"id":"gen9nationaldex-1994791444","p1":"Showdown-Shelgon","p2":"hash browne","format":"[Gen 9] National Dex","log":"|html|<div class=\"broadcast-blue\"><strong>[Gen 9] National Dex is currently suspecting Sneasler! For information on how to participate check out the <a href=\"https:\/\/www.smogon.com\/forums\/threads\/sv-national-dex-suspect-8-just-dance.3731534\/\">suspect thread<\/a>.<\/strong><\/div>\n|j|\u2606Showdown-Shelgon\n|j|\u2606hash browne\n|t:|1700493139\n|gametype|singles\n|player|p1|Showdown-Shelgon|unknown|1000\n|player|p2|hash browne|ltsurge|1031\n|teamsize|p1|6\n|teamsize|p2|6\n|gen|9\n|tier|[Gen 9] National Dex\n|rated|\n|rule|HP Percentage Mod: HP is shown in percentages\n|rule|Endless Battle Clause: Forcing endless battles is banned\n|rule|OHKO Clause: OHKO moves are banned\n|rule|Evasion Clause: Evasion abilities, items, and moves are banned\n|rule|Evasion Abilities Clause: Evasion abilities are banned\n|rule|Evasion Items Clause: Evasion items are banned\n|rule|Evasion Moves Clause: Evasion moves are banned\n|rule|Species Clause: Limit one of each Pok\u00e9mon\n|rule|Sleep Clause Mod: Limit one foe put to sleep\n|clearpoke\n|poke|p1|Jolteon, M|\n|poke|p1|Umbreon, F|\n|poke|p1|Vaporeon, F|\n|poke|p1|Sylveon, F|\n|poke|p1|Espeon, F|\n|poke|p1|Leafeon, F|\n|poke|p2|Noivern, M|\n|poke|p2|Pikachu-Kalos, M|\n|poke|p2|Tornadus, M|\n|poke|p2|Glaceon, F|\n|poke|p2|Sirfetch\u2019d, M|\n|poke|p2|Salazzle, F|\n|teampreview\n|\n|t:|1700493160\n|start\n|switch|p1a: Blitzeinschlag|Jolteon, M|100\/100\n|switch|p2a: Rat with da hat|Pikachu-Kalos, M|100\/100\n|turn|1\n|inactive|Battle timer is ON: inactive players will automatically lose when time's up. (requested by Showdown-Shelgon)\n|c|\u2606Showdown-Shelgon|Hey \ud83d\ude01 a good friend of mine has a small YT channel where there are Pok\u00e9mon videos. I would be happy if you take a look \u263a\ufe0f\n|c|\u2606Showdown-Shelgon|https:\/\/youtu.be\/g0JrcNRKkYY?si=HKCdwIw1a-GVcdzj\n|\n|t:|1700493182\n|move|p2a: Rat with da hat|Fake Out|p1a: Blitzeinschlag\n|-damage|p1a: Blitzeinschlag|69\/100\n|cant|p1a: Blitzeinschlag|flinch\n|\n|upkeep\n|turn|2\n|\n|t:|1700493210\n|switch|p2a: Britney Spears|Salazzle, F|100\/100\n|move|p1a: Blitzeinschlag|Hidden Power|p2a: Britney Spears\n|-resisted|p2a: Britney Spears\n|-damage|p2a: Britney Spears|76\/100\n|\n|upkeep\n|turn|3\n|\n|t:|1700493220\n|switch|p1a: Psychopathin|Espeon, F|100\/100\n|move|p2a: Britney Spears|Sludge Bomb|p1a: Psychopathin\n|-damage|p1a: Psychopathin|59\/100\n|\n|upkeep\n|turn|4\n|\n|t:|1700493232\n|move|p2a: Britney Spears|Protect|p2a: Britney Spears\n|-singleturn|p2a: Britney Spears|Protect\n|move|p1a: Psychopathin|Morning Sun|p1a: Psychopathin\n|-heal|p1a: Psychopathin|100\/100\n|\n|upkeep\n|turn|5\n|\n|t:|1700493239\n|move|p2a: Britney Spears|Sludge Bomb|p1a: Psychopathin\n|-damage|p1a: Psychopathin|56\/100\n|move|p1a: Psychopathin|Light Screen|p1a: Psychopathin\n|-sidestart|p1: Showdown-Shelgon|move: Light Screen\n|\n|upkeep\n|turn|6\n|\n|t:|1700493244\n|move|p2a: Britney Spears|Sludge Bomb|p1a: Psychopathin\n|-damage|p1a: Psychopathin|33\/100\n|-status|p1a: Psychopathin|psn\n|move|p1a: Psychopathin|Morning Sun|p1a: Psychopathin\n|-heal|p1a: Psychopathin|83\/100 psn\n|\n|-damage|p1a: Psychopathin|71\/100 psn|[from] psn\n|upkeep\n|turn|7\n|\n|t:|1700493251\n|move|p2a: Britney Spears|Venom Drench|p1a: Psychopathin\n|move|p1a: Psychopathin|Venom Drench||[from]ability: Magic Bounce|[still]\n|-fail|p1a: Psychopathin\n|move|p1a: Psychopathin|Morning Sun|p1a: Psychopathin\n|-heal|p1a: Psychopathin|100\/100 psn\n|\n|-damage|p1a: Psychopathin|88\/100 psn|[from] psn\n|upkeep\n|turn|8\n|\n|t:|1700493262\n|switch|p2a: Aladin deez nuts|Tornadus, M, shiny|100\/100\n|move|p1a: Psychopathin|Psyshock|p2a: Aladin deez nuts\n|-damage|p2a: Aladin deez nuts|51\/100\n|\n|-damage|p1a: Psychopathin|76\/100 psn|[from] psn\n|upkeep\n|turn|9\n|\n|t:|1700493266\n|move|p1a: Psychopathin|Psyshock|p2a: Aladin deez nuts\n|-damage|p2a: Aladin deez nuts|7\/100\n|move|p2a: Aladin deez nuts|U-turn|p1a: Psychopathin\n|-supereffective|p1a: Psychopathin\n|-damage|p1a: Psychopathin|21\/100 psn\n|\n|t:|1700493270\n|switch|p2a: Rat with da hat|Pikachu-Kalos, M|100\/100|[from] U-turn\n|\n|-damage|p1a: Psychopathin|9\/100 psn|[from] psn\n|upkeep\n|turn|10\n|\n|t:|1700493278\n|switch|p1a: Mitternacht|Umbreon, F, shiny|100\/100\n|move|p2a: Rat with da hat|Fake Out|p1a: Mitternacht\n|-damage|p1a: Mitternacht|88\/100\n|\n|-heal|p1a: Mitternacht|94\/100|[from] item: Leftovers\n|upkeep\n|turn|11\n|\n|t:|1700493297\n|switch|p1a: Blitzeinschlag|Jolteon, M|69\/100\n|move|p2a: Rat with da hat|Nuzzle|p1a: Blitzeinschlag\n|-heal|p1a: Blitzeinschlag|94\/100|[from] ability: Volt Absorb|[of] p2a: Rat with da hat\n|\n|upkeep\n|turn|12\n|\n|t:|1700493307\n|switch|p2a: Aladin deez nuts|Tornadus, M, shiny|7\/100\n|move|p1a: Blitzeinschlag|Shadow Ball|p2a: Aladin deez nuts\n|-damage|p2a: Aladin deez nuts|0 fnt\n|faint|p2a: Aladin deez nuts\n|\n|-sideend|p1: Showdown-Shelgon|move: Light Screen\n|upkeep\n|\n|t:|1700493322\n|switch|p2a: Britney Spears|Salazzle, F|76\/100\n|turn|13\n|\n|t:|1700493345\n|switch|p1a: Tiefsee|Vaporeon, F|100\/100\n|move|p2a: Britney Spears|Sludge Bomb|p1a: Tiefsee\n|-damage|p1a: Tiefsee|84\/100\n|\n|upkeep\n|turn|14\n|\n|t:|1700493352\n|switch|p2a: Cold Kitty|Glaceon, F, shiny|100\/100\n|move|p1a: Tiefsee|Scald|p2a: Cold Kitty\n|-damage|p2a: Cold Kitty|68\/100\n|-status|p2a: Cold Kitty|brn\n|\n|-heal|p2a: Cold Kitty|74\/100 brn|[from] item: Leftovers\n|-damage|p2a: Cold Kitty|68\/100 brn|[from] brn\n|upkeep\n|turn|15\n|\n|t:|1700493360\n|switch|p1a: Mitternacht|Umbreon, F, shiny|94\/100\n|move|p2a: Cold Kitty|Freeze-Dry|p1a: Mitternacht\n|-damage|p1a: Mitternacht|78\/100\n|-status|p1a: Mitternacht|frz\n|\n|-heal|p2a: Cold Kitty|74\/100 brn|[from] item: Leftovers\n|-heal|p1a: Mitternacht|85\/100 frz|[from] item: Leftovers\n|-damage|p2a: Cold Kitty|68\/100 brn|[from] brn\n|upkeep\n|turn|16\n|\n|t:|1700493368\n|cant|p1a: Mitternacht|frz\n|move|p2a: Cold Kitty|Heal Bell|p2a: Cold Kitty\n|-activate|p2a: Cold Kitty|move: Heal Bell\n|-curestatus|p2a: Cold Kitty|brn|[msg]\n|\n|-heal|p2a: Cold Kitty|74\/100|[from] item: Leftovers\n|-heal|p1a: Mitternacht|91\/100 frz|[from] item: Leftovers\n|upkeep\n|turn|17\n|\n|t:|1700493373\n|switch|p2a: Batman|Noivern, M|100\/100\n|cant|p1a: Mitternacht|frz\n|\n|-heal|p1a: Mitternacht|97\/100 frz|[from] item: Leftovers\n|upkeep\n|turn|18\n|\n|t:|1700493379\n|switch|p2a: Albert|Sirfetch\u2019d, M|100\/100\n|cant|p1a: Mitternacht|frz\n|\n|-heal|p1a: Mitternacht|100\/100 frz|[from] item: Leftovers\n|upkeep\n|turn|19\n|\n|t:|1700493385\n|switch|p1a: Feenstaub|Sylveon, F|100\/100\n|move|p2a: Albert|Swords Dance|p2a: Albert\n|-boost|p2a: Albert|atk|2\n|\n|upkeep\n|turn|20\n|\n|t:|1700493390\n|-terastallize|p2a: Albert|Flying\n|move|p2a: Albert|Dual Wingbeat|p1a: Feenstaub\n|-crit|p1a: Feenstaub\n|-damage|p1a: Feenstaub|18\/100\n|-damage|p1a: Feenstaub|0 fnt\n|faint|p1a: Feenstaub\n|-hitcount|p1: Feenstaub|2\n|\n|upkeep\n|\n|t:|1700493395\n|switch|p1a: Blitzeinschlag|Jolteon, M|94\/100\n|turn|21\n|\n|t:|1700493398\n|move|p1a: Blitzeinschlag|Hidden Power|p2a: Albert\n|-supereffective|p2a: Albert\n|-damage|p2a: Albert|36\/100\n|move|p2a: Albert|Dual Wingbeat|p1a: Blitzeinschlag\n|-resisted|p1a: Blitzeinschlag\n|-damage|p1a: Blitzeinschlag|51\/100\n|-resisted|p1a: Blitzeinschlag\n|-damage|p1a: Blitzeinschlag|9\/100\n|-hitcount|p1a: Blitzeinschlag|2\n|\n|upkeep\n|turn|22\n|\n|t:|1700493401\n|move|p1a: Blitzeinschlag|Hidden Power|p2a: Albert\n|-supereffective|p2a: Albert\n|-damage|p2a: Albert|0 fnt\n|faint|p2a: Albert\n|\n|upkeep\n|\n|t:|1700493404\n|switch|p2a: Rat with da hat|Pikachu-Kalos, M|100\/100\n|turn|23\n|\n|t:|1700493410\n|switch|p1a: Mitternacht|Umbreon, F, shiny|100\/100 frz\n|move|p2a: Rat with da hat|Fake Out|p1a: Mitternacht\n|-damage|p1a: Mitternacht|88\/100 frz\n|\n|-heal|p1a: Mitternacht|94\/100 frz|[from] item: Leftovers\n|upkeep\n|turn|24\n|\n|t:|1700493420\n|switch|p2a: Batman|Noivern, M|100\/100\n|cant|p1a: Mitternacht|frz\n|\n|-heal|p1a: Mitternacht|99\/100 frz|[from] item: Leftovers\n|upkeep\n|turn|25\n|\n|t:|1700493423\n|move|p2a: Batman|Boomburst|p1a: Mitternacht\n|-damage|p1a: Mitternacht|76\/100 frz\n|cant|p1a: Mitternacht|frz\n|\n|-heal|p1a: Mitternacht|82\/100 frz|[from] item: Leftovers\n|upkeep\n|turn|26\n|inactive|hash browne has 120 seconds left.\n|\n|t:|1700493455\n|move|p2a: Batman|Boomburst|p1a: Mitternacht\n|-damage|p1a: Mitternacht|59\/100 frz\n|cant|p1a: Mitternacht|frz\n|\n|-heal|p1a: Mitternacht|65\/100 frz|[from] item: Leftovers\n|upkeep\n|turn|27\n|\n|t:|1700493474\n|move|p2a: Batman|Boomburst|p1a: Mitternacht\n|-damage|p1a: Mitternacht|43\/100 frz\n|cant|p1a: Mitternacht|frz\n|\n|-heal|p1a: Mitternacht|49\/100 frz|[from] item: Leftovers\n|upkeep\n|turn|28\n|\n|t:|1700493477\n|move|p2a: Batman|Boomburst|p1a: Mitternacht\n|-damage|p1a: Mitternacht|28\/100 frz\n|cant|p1a: Mitternacht|frz\n|\n|-heal|p1a: Mitternacht|34\/100 frz|[from] item: Leftovers\n|upkeep\n|turn|29\n|\n|t:|1700493481\n|-terastallize|p1a: Mitternacht|Steel\n|move|p2a: Batman|Draco Meteor|p1a: Mitternacht\n|-resisted|p1a: Mitternacht\n|-damage|p1a: Mitternacht|20\/100 frz\n|-unboost|p2a: Batman|spa|2\n|-curestatus|p1a: Mitternacht|frz|[msg]\n|move|p1a: Mitternacht|Moonlight|p1a: Mitternacht\n|-heal|p1a: Mitternacht|70\/100\n|\n|-heal|p1a: Mitternacht|76\/100|[from] item: Leftovers\n|upkeep\n|turn|30\n|-message|hash browne forfeited.\n|\n|win|Showdown-Shelgon\n|raw|Showdown-Shelgon's rating: 1000 &rarr; <strong>1044<\/strong><br \/>(+44 for winning)\n|raw|hash browne's rating: 1031 &rarr; <strong>1015<\/strong><br \/>(-16 for losing)\n|l|\u2606hash browne\n","uploadtime":1700493499,"views":12,"p1id":"showdownshelgon","p2id":"hashbrowne","formatid":"gen9nationaldex","rating":1015,"private":0,"password":""}