{"id":"gen9nationaldex-1991941973","p1":"shiyv","p2":"aixiaoyue","format":"[Gen 9] National Dex","log":"|j|\u2606shiyv\n|j|\u2606aixiaoyue\n|t:|1700140815\n|gametype|singles\n|player|p1|shiyv|wallace|1641\n|player|p2|aixiaoyue|dawn|1621\n|teamsize|p1|6\n|teamsize|p2|6\n|gen|9\n|tier|[Gen 9] National Dex\n|rated|\n|rule|HP Percentage Mod: HP is shown in percentages\n|rule|Endless Battle Clause: Forcing endless battles is banned\n|rule|OHKO Clause: OHKO moves are banned\n|rule|Evasion Clause: Evasion abilities, items, and moves are banned\n|rule|Evasion Abilities Clause: Evasion abilities are banned\n|rule|Evasion Items Clause: Evasion items are banned\n|rule|Evasion Moves Clause: Evasion moves are banned\n|rule|Species Clause: Limit one of each Pok\u00e9mon\n|rule|Sleep Clause Mod: Limit one foe put to sleep\n|clearpoke\n|poke|p1|Iron Valiant|\n|poke|p1|Dragonite, M|\n|poke|p1|Tyranitar, M|\n|poke|p1|Moltres|\n|poke|p1|Volcanion|\n|poke|p1|Glimmora, F|\n|poke|p2|Garganacl, M|\n|poke|p2|Lopunny, M|\n|poke|p2|Ferrothorn, F|\n|poke|p2|Tapu Fini|\n|poke|p2|Weavile, F|\n|poke|p2|Rotom-Heat|\n|teampreview\n|inactive|Battle timer is ON: inactive players will automatically lose when time's up. (requested by shiyv)\n|\n|t:|1700140825\n|start\n|switch|p1a: Tyranitar|Tyranitar, M|100\/100\n|switch|p2a: Tapu Fini|Tapu Fini|100\/100\n|-fieldstart|move: Misty Terrain|[from] ability: Misty Surge|[of] p2a: Tapu Fini\n|-weather|Sandstorm|[from] ability: Sand Stream|[of] p1a: Tyranitar\n|turn|1\n|\n|t:|1700140839\n|switch|p2a: Lopunny|Lopunny, M|100\/100\n|detailschange|p1a: Tyranitar|Tyranitar-Mega, M\n|-mega|p1a: Tyranitar|Tyranitar|Tyranitarite\n|move|p1a: Tyranitar|Knock Off|p2a: Lopunny\n|-damage|p2a: Lopunny|35\/100\n|\n|-weather|Sandstorm|[upkeep]\n|-damage|p2a: Lopunny|29\/100|[from] Sandstorm\n|upkeep\n|turn|2\n|\n|t:|1700140861\n|switch|p1a: Moltres|Moltres|100\/100\n|detailschange|p2a: Lopunny|Lopunny-Mega, M\n|-mega|p2a: Lopunny|Lopunny|Lopunnite\n|move|p2a: Lopunny|Close Combat|p1a: Moltres\n|-resisted|p1a: Moltres\n|-damage|p1a: Moltres|78\/100\n|-unboost|p2a: Lopunny|def|1\n|-unboost|p2a: Lopunny|spd|1\n|\n|-weather|Sandstorm|[upkeep]\n|-damage|p2a: Lopunny|23\/100|[from] Sandstorm\n|-damage|p1a: Moltres|72\/100|[from] Sandstorm\n|upkeep\n|turn|3\n|j| slobadd\n|\n|t:|1700140873\n|switch|p2a: Rotom|Rotom-Heat|100\/100\n|move|p1a: Moltres|U-turn|p2a: Rotom\n|-resisted|p2a: Rotom\n|-damage|p2a: Rotom|95\/100\n|\n|t:|1700140886\n|switch|p1a: Glimmora|Glimmora, F|100\/100|[from] U-turn\n|\n|-weather|Sandstorm|[upkeep]\n|-damage|p2a: Rotom|89\/100|[from] Sandstorm\n|-heal|p2a: Rotom|95\/100|[from] item: Leftovers\n|upkeep\n|turn|4\n|\n|t:|1700140897\n|switch|p2a: Tapu Fini|Tapu Fini|100\/100\n|move|p1a: Glimmora|Power Gem|p2a: Tapu Fini\n|-damage|p2a: Tapu Fini|72\/100\n|\n|-weather|Sandstorm|[upkeep]\n|-damage|p2a: Tapu Fini|66\/100|[from] Sandstorm\n|-heal|p2a: Tapu Fini|72\/100|[from] item: Leftovers\n|upkeep\n|turn|5\n|\n|t:|1700140905\n|switch|p2a: Ferrothorn|Ferrothorn, F|100\/100\n|move|p1a: Glimmora|Stealth Rock|p2a: Ferrothorn\n|-sidestart|p2: aixiaoyue|move: Stealth Rock\n|\n|-weather|none\n|-fieldend|Misty Terrain\n|upkeep\n|turn|6\n|\n|t:|1700140915\n|move|p1a: Glimmora|Power Gem|p2a: Ferrothorn\n|-resisted|p2a: Ferrothorn\n|-damage|p2a: Ferrothorn|88\/100\n|move|p2a: Ferrothorn|Spikes|p1a: Glimmora\n|-sidestart|p1: shiyv|Spikes\n|\n|-heal|p2a: Ferrothorn|94\/100|[from] item: Leftovers\n|upkeep\n|turn|7\n|\n|t:|1700140928\n|switch|p1a: Moltres|Moltres|72\/100\n|move|p2a: Ferrothorn|Spikes|p1a: Moltres\n|-sidestart|p1: shiyv|Spikes\n|\n|-heal|p2a: Ferrothorn|99\/100|[from] item: Leftovers\n|upkeep\n|turn|8\n|\n|t:|1700140940\n|move|p2a: Ferrothorn|Protect|p2a: Ferrothorn\n|-singleturn|p2a: Ferrothorn|Protect\n|move|p1a: Moltres|Flamethrower|p2a: Ferrothorn\n|-activate|p2a: Ferrothorn|move: Protect\n|\n|-heal|p2a: Ferrothorn|100\/100|[from] item: Leftovers\n|upkeep\n|turn|9\n|\n|t:|1700140954\n|switch|p2a: Garganacl|Garganacl, M|100\/100\n|-damage|p2a: Garganacl|88\/100|[from] Stealth Rock\n|move|p1a: Moltres|Flamethrower|p2a: Garganacl\n|-resisted|p2a: Garganacl\n|-damage|p2a: Garganacl|71\/100\n|\n|-heal|p2a: Garganacl|77\/100|[from] item: Leftovers\n|upkeep\n|turn|10\n|\n|t:|1700140962\n|move|p1a: Moltres|U-turn|p2a: Garganacl\n|-damage|p2a: Garganacl|69\/100\n|\n|t:|1700140966\n|switch|p1a: Tyranitar|Tyranitar-Mega, M|100\/100|[from] U-turn\n|-damage|p1a: Tyranitar|84\/100|[from] Spikes\n|-weather|Sandstorm|[from] ability: Sand Stream|[of] p1a: Tyranitar\n|move|p2a: Garganacl|Salt Cure|p1a: Tyranitar\n|-damage|p1a: Tyranitar|75\/100\n|-start|p1a: Tyranitar|Salt Cure\n|\n|-weather|Sandstorm|[upkeep]\n|-heal|p2a: Garganacl|75\/100|[from] item: Leftovers\n|-damage|p1a: Tyranitar|62\/100|[from] Salt Cure\n|upkeep\n|turn|11\n|\n|t:|1700140977\n|move|p2a: Garganacl|Protect|p2a: Garganacl\n|-singleturn|p2a: Garganacl|Protect\n|move|p1a: Tyranitar|Knock Off|p2a: Garganacl\n|-activate|p2a: Garganacl|move: Protect\n|\n|-weather|Sandstorm|[upkeep]\n|-heal|p2a: Garganacl|81\/100|[from] item: Leftovers\n|-damage|p1a: Tyranitar|50\/100|[from] Salt Cure\n|upkeep\n|turn|12\n|\n|t:|1700140988\n|switch|p2a: Ferrothorn|Ferrothorn, F|100\/100\n|-damage|p2a: Ferrothorn|94\/100|[from] Stealth Rock\n|move|p1a: Tyranitar|Knock Off|p2a: Ferrothorn\n|-damage|p2a: Ferrothorn|47\/100\n|-damage|p1a: Tyranitar|37\/100|[from] ability: Iron Barbs|[of] p2a: Ferrothorn\n|-enditem|p2a: Ferrothorn|Leftovers|[from] move: Knock Off|[of] p1a: Tyranitar\n|\n|-weather|Sandstorm|[upkeep]\n|-damage|p1a: Tyranitar|25\/100|[from] Salt Cure\n|upkeep\n|turn|13\n|j| naikui\n|\n|t:|1700141009\n|move|p1a: Tyranitar|Fire Punch|p2a: Ferrothorn\n|-supereffective|p2a: Ferrothorn\n|-damage|p2a: Ferrothorn|0 fnt\n|-damage|p1a: Tyranitar|13\/100|[from] ability: Iron Barbs|[of] p2a: Ferrothorn\n|faint|p2a: Ferrothorn\n|\n|-weather|Sandstorm|[upkeep]\n|-damage|p1a: Tyranitar|0 fnt|[from] Salt Cure\n|faint|p1a: Tyranitar\n|upkeep\n|\n|t:|1700141025\n|switch|p1a: Moltres|Moltres|72\/100\n|switch|p2a: Garganacl|Garganacl, M|81\/100\n|-damage|p2a: Garganacl|69\/100|[from] Stealth Rock\n|turn|14\n|\n|t:|1700141032\n|move|p1a: Moltres|U-turn|p2a: Garganacl\n|-damage|p2a: Garganacl|62\/100\n|\n|t:|1700141035\n|switch|p1a: Volcanion|Volcanion|100\/100|[from] U-turn\n|move|p2a: Garganacl|Salt Cure|p1a: Volcanion\n|-supereffective|p1a: Volcanion\n|-damage|p1a: Volcanion|76\/100\n|-start|p1a: Volcanion|Salt Cure\n|\n|-weather|none\n|-heal|p2a: Garganacl|68\/100|[from] item: Leftovers\n|-damage|p1a: Volcanion|51\/100|[from] Salt Cure\n|upkeep\n|turn|15\n|\n|t:|1700141046\n|move|p2a: Garganacl|Protect|p2a: Garganacl\n|-singleturn|p2a: Garganacl|Protect\n|move|p1a: Volcanion|Hidden Power|p2a: Garganacl\n|-activate|p2a: Garganacl|move: Protect\n|\n|-heal|p2a: Garganacl|74\/100|[from] item: Leftovers\n|-damage|p1a: Volcanion|26\/100|[from] Salt Cure\n|upkeep\n|turn|16\n|\n|t:|1700141061\n|switch|p2a: Tapu Fini|Tapu Fini|72\/100\n|-damage|p2a: Tapu Fini|59\/100|[from] Stealth Rock\n|-fieldstart|move: Misty Terrain|[from] ability: Misty Surge|[of] p2a: Tapu Fini\n|move|p1a: Volcanion|Defog|p2a: Tapu Fini\n|-unboost|p2a: Tapu Fini|evasion|1\n|-sideend|p2: aixiaoyue|Stealth Rock|[from] move: Defog|[of] p1a: Volcanion\n|-sideend|p1: shiyv|Spikes|[from] move: Defog|[of] p1a: Volcanion\n|-fieldend|Misty Terrain\n|\n|-heal|p2a: Tapu Fini|65\/100|[from] item: Leftovers\n|-damage|p1a: Volcanion|1\/100|[from] Salt Cure\n|upkeep\n|turn|17\n|\n|t:|1700141083\n|switch|p1a: Glimmora|Glimmora, F|100\/100\n|move|p2a: Tapu Fini|Calm Mind|p2a: Tapu Fini\n|-boost|p2a: Tapu Fini|spa|1\n|-boost|p2a: Tapu Fini|spd|1\n|\n|-heal|p2a: Tapu Fini|71\/100|[from] item: Leftovers\n|upkeep\n|turn|18\n|\n|t:|1700141092\n|-terastallize|p2a: Tapu Fini|Steel\n|move|p1a: Glimmora|Mortal Spin|p2a: Tapu Fini\n|-immune|p2a: Tapu Fini\n|move|p2a: Tapu Fini|Iron Defense|p2a: Tapu Fini\n|-boost|p2a: Tapu Fini|def|2\n|\n|-heal|p2a: Tapu Fini|78\/100|[from] item: Leftovers\n|upkeep\n|turn|19\n|\n|t:|1700141120\n|move|p1a: Glimmora|Earth Power|p2a: Tapu Fini\n|-supereffective|p2a: Tapu Fini\n|-damage|p2a: Tapu Fini|47\/100\n|move|p2a: Tapu Fini|Draining Kiss|p1a: Glimmora\n|-resisted|p1a: Glimmora\n|-damage|p1a: Glimmora|84\/100\n|-heal|p2a: Tapu Fini|59\/100|[from] drain|[of] p1a: Glimmora\n|\n|-heal|p2a: Tapu Fini|65\/100|[from] item: Leftovers\n|upkeep\n|turn|20\n|\n|t:|1700141130\n|move|p1a: Glimmora|Earth Power|p2a: Tapu Fini\n|-supereffective|p2a: Tapu Fini\n|-damage|p2a: Tapu Fini|34\/100\n|move|p2a: Tapu Fini|Calm Mind|p2a: Tapu Fini\n|-boost|p2a: Tapu Fini|spa|1\n|-boost|p2a: Tapu Fini|spd|1\n|\n|-heal|p2a: Tapu Fini|40\/100|[from] item: Leftovers\n|upkeep\n|turn|21\n|l| naikui\n|\n|t:|1700141144\n|switch|p1a: Volcanion|Volcanion|1\/100\n|move|p2a: Tapu Fini|Surf|p1a: Volcanion\n|-heal|p1a: Volcanion|26\/100|[from] ability: Water Absorb|[of] p2a: Tapu Fini\n|\n|-heal|p2a: Tapu Fini|46\/100|[from] item: Leftovers\n|upkeep\n|turn|22\n|j| naikui\n|l| naikui\n|\n|t:|1700141151\n|move|p1a: Volcanion|Flamethrower|p2a: Tapu Fini\n|-supereffective|p2a: Tapu Fini\n|-damage|p2a: Tapu Fini|8\/100\n|move|p2a: Tapu Fini|Draining Kiss|p1a: Volcanion\n|-resisted|p1a: Volcanion\n|-damage|p1a: Volcanion|5\/100\n|-heal|p2a: Tapu Fini|22\/100|[from] drain|[of] p1a: Volcanion\n|\n|-heal|p2a: Tapu Fini|28\/100|[from] item: Leftovers\n|upkeep\n|turn|23\n|\n|t:|1700141163\n|switch|p2a: Rotom|Rotom-Heat|95\/100\n|move|p1a: Volcanion|Flamethrower|p2a: Rotom\n|-resisted|p2a: Rotom\n|-damage|p2a: Rotom|67\/100\n|\n|-heal|p2a: Rotom|73\/100|[from] item: Leftovers\n|upkeep\n|turn|24\n|\n|t:|1700141188\n|move|p1a: Volcanion|Steam Eruption|p2a: Rotom\n|-supereffective|p2a: Rotom\n|-damage|p2a: Rotom|0 fnt\n|faint|p2a: Rotom\n|\n|upkeep\n|\n|t:|1700141206\n|switch|p2a: Lopunny|Lopunny-Mega, M|23\/100\n|turn|25\n|\n|t:|1700141215\n|switch|p1a: Moltres|Moltres|72\/100\n|move|p2a: Lopunny|Close Combat|p1a: Moltres\n|-resisted|p1a: Moltres\n|-damage|p1a: Moltres|47\/100\n|-unboost|p2a: Lopunny|def|1\n|-unboost|p2a: Lopunny|spd|1\n|-status|p2a: Lopunny|brn|[from] ability: Flame Body|[of] p1a: Moltres\n|\n|-damage|p2a: Lopunny|17\/100 brn|[from] brn\n|upkeep\n|turn|26\n|\n|t:|1700141225\n|move|p2a: Lopunny|Triple Axel|p1a: Moltres\n|-damage|p1a: Moltres|44\/100\n|-damage|p1a: Moltres|39\/100\n|-damage|p1a: Moltres|31\/100\n|-hitcount|p1a: Moltres|3\n|move|p1a: Moltres|U-turn|p2a: Lopunny\n|-resisted|p2a: Lopunny\n|-damage|p2a: Lopunny|4\/100 brn\n|\n|t:|1700141236\n|switch|p1a: Glimmora|Glimmora, F|84\/100|[from] U-turn\n|\n|-damage|p2a: Lopunny|0 fnt|[from] brn\n|faint|p2a: Lopunny\n|upkeep\n|\n|t:|1700141242\n|switch|p2a: Tapu Fini|Tapu Fini, tera:Steel|28\/100\n|-fieldstart|move: Misty Terrain|[from] ability: Misty Surge|[of] p2a: Tapu Fini\n|turn|27\n|\n|t:|1700141250\n|move|p1a: Glimmora|Earth Power|p2a: Tapu Fini\n|-supereffective|p2a: Tapu Fini\n|-damage|p2a: Tapu Fini|0 fnt\n|faint|p2a: Tapu Fini\n|\n|upkeep\n|-message|aixiaoyue forfeited.\n|\n|win|shiyv\n|raw|shiyv's rating: 1641 &rarr; <strong>1660<\/strong><br \/>(+19 for winning)\n|raw|aixiaoyue's rating: 1621 &rarr; <strong>1602<\/strong><br \/>(-19 for losing)\n|l|\u2606aixiaoyue\n","uploadtime":1700141278,"views":4,"p1id":"shiyv","p2id":"aixiaoyue","formatid":"gen9nationaldex","rating":1602,"private":0,"password":""}