{"id":"gen9nationaldex-1996491819","p1":"kagane_inugami","p2":"wolfgang Ni","format":"[Gen 9] National Dex","log":"|html|<div class=\"broadcast-blue\"><strong>[Gen 9] National Dex is currently suspecting Sneasler! For information on how to participate check out the <a href=\"https:\/\/www.smogon.com\/forums\/threads\/sv-national-dex-suspect-8-just-dance.3731534\/\">suspect thread<\/a>.<\/strong><\/div>\n|j|\u2606kagane_inugami\n|j|\u2606wolfgang Ni\n|t:|1700687229\n|gametype|singles\n|player|p1|kagane_inugami|hilbert-wonderlauncher|1101\n|player|p2|wolfgang Ni|biker-gen4|1131\n|teamsize|p1|6\n|teamsize|p2|6\n|gen|9\n|tier|[Gen 9] National Dex\n|rated|\n|rule|HP Percentage Mod: HP is shown in percentages\n|rule|Endless Battle Clause: Forcing endless battles is banned\n|rule|OHKO Clause: OHKO moves are banned\n|rule|Evasion Clause: Evasion abilities, items, and moves are banned\n|rule|Evasion Abilities Clause: Evasion abilities are banned\n|rule|Evasion Items Clause: Evasion items are banned\n|rule|Evasion Moves Clause: Evasion moves are banned\n|rule|Species Clause: Limit one of each Pok\u00e9mon\n|rule|Sleep Clause Mod: Limit one foe put to sleep\n|clearpoke\n|poke|p1|Ninetales-Alola, F|\n|poke|p1|Lurantis, F|\n|poke|p1|Whimsicott, M|\n|poke|p1|Sylveon, F|\n|poke|p1|Samurott-Hisui, F|\n|poke|p1|Latias, F|\n|poke|p2|Kingdra, F|\n|poke|p2|Cradily, F|\n|poke|p2|Aegislash, M|\n|poke|p2|Talonflame, F|\n|poke|p2|Gallade, M|\n|poke|p2|Maushold-Four|\n|teampreview\n|\n|t:|1700687245\n|start\n|switch|p1a: Borealis|Ninetales-Alola, F|100\/100\n|switch|p2a: Maushold|Maushold-Four|100\/100\n|-weather|Snow|[from] ability: Snow Warning|[of] p1a: Borealis\n|turn|1\n|\n|t:|1700687263\n|-terastallize|p2a: Maushold|Normal\n|move|p2a: Maushold|Population Bomb|p1a: Borealis\n|-damage|p1a: Borealis|91\/100\n|-damage|p1a: Borealis|81\/100\n|-damage|p1a: Borealis|71\/100\n|-damage|p1a: Borealis|60\/100\n|-hitcount|p1a: Borealis|4\n|move|p1a: Borealis|Calm Mind|p1a: Borealis\n|-boost|p1a: Borealis|spa|1\n|-boost|p1a: Borealis|spd|1\n|\n|-weather|Snow|[upkeep]\n|-heal|p1a: Borealis|66\/100|[from] item: Leftovers\n|upkeep\n|turn|2\n|\n|t:|1700687280\n|move|p2a: Maushold|Agility|p2a: Maushold\n|-boost|p2a: Maushold|spe|2\n|move|p1a: Borealis|Aurora Veil|p1a: Borealis\n|-sidestart|p1: kagane_inugami|move: Aurora Veil\n|\n|-weather|Snow|[upkeep]\n|-heal|p1a: Borealis|72\/100|[from] item: Leftovers\n|upkeep\n|turn|3\n|\n|t:|1700687291\n|move|p2a: Maushold|Population Bomb|p1a: Borealis|[miss]\n|-miss|p2a: Maushold|p1a: Borealis\n|move|p1a: Borealis|Weather Ball|p2a: Maushold\n|-damage|p2a: Maushold|19\/100\n|\n|-weather|Snow|[upkeep]\n|-heal|p1a: Borealis|78\/100|[from] item: Leftovers\n|upkeep\n|turn|4\n|\n|t:|1700687302\n|switch|p2a: Talonflame|Talonflame, F|100\/100\n|move|p1a: Borealis|Calm Mind|p1a: Borealis\n|-boost|p1a: Borealis|spa|1\n|-boost|p1a: Borealis|spd|1\n|\n|-weather|Snow|[upkeep]\n|-heal|p1a: Borealis|84\/100|[from] item: Leftovers\n|upkeep\n|turn|5\n|\n|t:|1700687313\n|move|p2a: Talonflame|Flare Blitz|p1a: Borealis\n|-supereffective|p1a: Borealis\n|-damage|p1a: Borealis|41\/100\n|-damage|p2a: Talonflame|86\/100|[from] Recoil\n|move|p1a: Borealis|Weather Ball|p2a: Talonflame\n|-damage|p2a: Talonflame|0 fnt\n|faint|p2a: Talonflame\n|\n|-weather|none\n|-heal|p1a: Borealis|47\/100|[from] item: Leftovers\n|upkeep\n|\n|t:|1700687333\n|switch|p2a: Aegislash|Aegislash, M|100\/100\n|turn|6\n|\n|t:|1700687347\n|move|p1a: Borealis|Moonblast|p2a: Aegislash\n|-resisted|p2a: Aegislash\n|-damage|p2a: Aegislash|79\/100\n|move|p2a: Aegislash|Toxic|p1a: Borealis\n|-status|p1a: Borealis|tox\n|\n|-heal|p1a: Borealis|53\/100 tox|[from] item: Leftovers\n|-heal|p2a: Aegislash|85\/100|[from] item: Leftovers\n|-damage|p1a: Borealis|47\/100 tox|[from] psn\n|-sideend|p1: kagane_inugami|move: Aurora Veil\n|upkeep\n|turn|7\n|\n|t:|1700687362\n|switch|p1a: Hisurott|Samurott-Hisui, F, shiny|100\/100\n|move|p2a: Aegislash|King's Shield||[still]\n|-fail|p2a: Aegislash\n|\n|-heal|p2a: Aegislash|91\/100|[from] item: Leftovers\n|upkeep\n|turn|8\n|\n|t:|1700687373\n|move|p1a: Hisurott|Swords Dance|p1a: Hisurott\n|-boost|p1a: Hisurott|atk|2\n|move|p2a: Aegislash|Toxic|p1a: Hisurott\n|-status|p1a: Hisurott|tox\n|\n|-heal|p2a: Aegislash|97\/100|[from] item: Leftovers\n|-damage|p1a: Hisurott|94\/100 tox|[from] psn\n|upkeep\n|turn|9\n|\n|t:|1700687385\n|move|p2a: Aegislash|King's Shield|p2a: Aegislash\n|-singleturn|p2a: Aegislash|Protect\n|move|p1a: Hisurott|Swords Dance|p1a: Hisurott\n|-boost|p1a: Hisurott|atk|2\n|\n|-heal|p2a: Aegislash|100\/100|[from] item: Leftovers\n|-damage|p1a: Hisurott|82\/100 tox|[from] psn\n|upkeep\n|turn|10\n|\n|t:|1700687401\n|move|p1a: Hisurott|Ceaseless Edge|p2a: Aegislash\n|-supereffective|p2a: Aegislash\n|-damage|p2a: Aegislash|0 fnt\n|-sidestart|p2: wolfgang Ni|Spikes\n|faint|p2a: Aegislash\n|-damage|p1a: Hisurott|72\/100 tox|[from] item: Life Orb\n|\n|-damage|p1a: Hisurott|54\/100 tox|[from] psn\n|upkeep\n|\n|t:|1700687423\n|switch|p2a: Gallade|Gallade, M|100\/100\n|-damage|p2a: Gallade|88\/100|[from] Spikes\n|turn|11\n|\n|t:|1700687432\n|move|p1a: Hisurott|Sucker Punch|p2a: Gallade\n|-damage|p2a: Gallade|0 fnt\n|faint|p2a: Gallade\n|-damage|p1a: Hisurott|44\/100 tox|[from] item: Life Orb\n|\n|-damage|p1a: Hisurott|20\/100 tox|[from] psn\n|upkeep\n|\n|t:|1700687444\n|switch|p2a: Maushold|Maushold-Four, tera:Normal|19\/100\n|-damage|p2a: Maushold|7\/100|[from] Spikes\n|turn|12\n|\n|t:|1700687450\n|move|p1a: Hisurott|Sucker Punch|p2a: Maushold\n|-damage|p2a: Maushold|0 fnt\n|faint|p2a: Maushold\n|-damage|p1a: Hisurott|10\/100 tox|[from] item: Life Orb\n|\n|-damage|p1a: Hisurott|0 fnt|[from] psn\n|faint|p1a: Hisurott\n|upkeep\n|\n|t:|1700687460\n|switch|p2a: Cradily|Cradily, F|100\/100\n|switch|p1a: Borealis|Ninetales-Alola, F|47\/100 tox\n|-weather|Snow|[from] ability: Snow Warning|[of] p1a: Borealis\n|-damage|p2a: Cradily|88\/100|[from] Spikes\n|turn|13\n|\n|t:|1700687469\n|move|p1a: Borealis|Aurora Veil|p1a: Borealis\n|-sidestart|p1: kagane_inugami|move: Aurora Veil\n|move|p2a: Cradily|Ingrain|p2a: Cradily\n|-start|p2a: Cradily|move: Ingrain\n|\n|-weather|Snow|[upkeep]\n|-heal|p1a: Borealis|53\/100 tox|[from] item: Leftovers\n|-heal|p2a: Cradily|96\/100|[from] Ingrain\n|-damage|p1a: Borealis|47\/100 tox|[from] psn\n|upkeep\n|turn|14\n|\n|t:|1700687483\n|move|p1a: Borealis|Weather Ball|p2a: Cradily\n|-supereffective|p2a: Cradily\n|-damage|p2a: Cradily|45\/100\n|move|p2a: Cradily|Giga Drain|p1a: Borealis\n|-damage|p1a: Borealis|36\/100 tox\n|-heal|p2a: Cradily|52\/100|[from] drain|[of] p1a: Borealis\n|\n|-weather|Snow|[upkeep]\n|-heal|p1a: Borealis|42\/100 tox|[from] item: Leftovers\n|-heal|p2a: Cradily|60\/100|[from] Ingrain\n|-damage|p1a: Borealis|30\/100 tox|[from] psn\n|upkeep\n|turn|15\n|\n|t:|1700687495\n|move|p1a: Borealis|Weather Ball|p2a: Cradily\n|-supereffective|p2a: Cradily\n|-damage|p2a: Cradily|7\/100\n|move|p2a: Cradily|Leech Seed|p1a: Borealis\n|-start|p1a: Borealis|move: Leech Seed\n|\n|-weather|Snow|[upkeep]\n|-heal|p1a: Borealis|36\/100 tox|[from] item: Leftovers\n|-heal|p2a: Cradily|15\/100|[from] Ingrain\n|-damage|p1a: Borealis|24\/100 tox|[from] Leech Seed|[of] p2a: Cradily\n|-heal|p2a: Cradily|29\/100|[silent]\n|-damage|p1a: Borealis|6\/100 tox|[from] psn\n|upkeep\n|turn|16\n|\n|t:|1700687507\n|move|p1a: Borealis|Weather Ball|p2a: Cradily\n|-supereffective|p2a: Cradily\n|-damage|p2a: Cradily|0 fnt\n|faint|p2a: Cradily\n|\n|-weather|Snow|[upkeep]\n|-heal|p1a: Borealis|12\/100 tox|[from] item: Leftovers\n|-damage|p1a: Borealis|0 fnt|[from] psn\n|faint|p1a: Borealis\n|upkeep\n|\n|t:|1700687518\n|switch|p1a: Sicott the Woz|Whimsicott, M|100\/100\n|switch|p2a: Kingdra|Kingdra, F|100\/100\n|-damage|p2a: Kingdra|88\/100|[from] Spikes\n|turn|17\n|\n|t:|1700687527\n|move|p1a: Sicott the Woz|Toxic|p2a: Kingdra\n|-status|p2a: Kingdra|tox\n|move|p2a: Kingdra|Dragon Dance|p2a: Kingdra\n|-boost|p2a: Kingdra|atk|1\n|-boost|p2a: Kingdra|spe|1\n|\n|-weather|none\n|-damage|p2a: Kingdra|82\/100 tox|[from] psn\n|-sideend|p1: kagane_inugami|move: Aurora Veil\n|upkeep\n|turn|18\n|\n|t:|1700687536\n|move|p1a: Sicott the Woz|Taunt|p2a: Kingdra\n|-start|p2a: Kingdra|move: Taunt\n|cant|p2a: Kingdra|move: Taunt|Dragon Dance\n|\n|-damage|p2a: Kingdra|70\/100 tox|[from] psn\n|upkeep\n|turn|19\n|\n|t:|1700687552\n|move|p1a: Sicott the Woz|Tailwind|p1a: Sicott the Woz\n|-sidestart|p1: kagane_inugami|move: Tailwind\n|move|p2a: Kingdra|Facade|p1a: Sicott the Woz\n|-damage|p1a: Sicott the Woz|32\/100\n|\n|-damage|p2a: Kingdra|52\/100 tox|[from] psn\n|upkeep\n|turn|20\n|\n|t:|1700687567\n|move|p1a: Sicott the Woz|Giga Drain|p2a: Kingdra\n|-damage|p2a: Kingdra|27\/100 tox\n|-heal|p1a: Sicott the Woz|47\/100|[from] drain|[of] p2a: Kingdra\n|move|p2a: Kingdra|Facade|p1a: Sicott the Woz\n|-damage|p1a: Sicott the Woz|0 fnt\n|faint|p1a: Sicott the Woz\n|\n|-damage|p2a: Kingdra|3\/100 tox|[from] psn\n|-end|p2a: Kingdra|move: Taunt\n|upkeep\n|\n|t:|1700687579\n|switch|p1a: Vivi|Sylveon, F, shiny|100\/100\n|turn|21\n|\n|t:|1700687584\n|move|p1a: Vivi|Hyper Beam|p2a: Kingdra\n|-supereffective|p2a: Kingdra\n|-damage|p2a: Kingdra|0 fnt\n|-mustrecharge|p1a: Vivi\n|faint|p2a: Kingdra\n|\n|win|kagane_inugami\n|raw|kagane_inugami's rating: 1101 &rarr; <strong>1128<\/strong><br \/>(+27 for winning)\n|raw|wolfgang Ni's rating: 1131 &rarr; <strong>1104<\/strong><br \/>(-27 for losing)\n|l|\u2606wolfgang Ni\n","uploadtime":1700687615,"views":1,"p1id":"kaganeinugami","p2id":"wolfgangni","formatid":"gen9nationaldex","rating":1104,"private":0,"password":""}