{"id":"gen9nationaldex-1989337449","p1":"InSAMnity","p2":"fozzybeer","format":"[Gen 9] National Dex","log":"|j|\u2606InSAMnity\n|j|\u2606fozzybeer\n|t:|1699837955\n|gametype|singles\n|player|p1|InSAMnity|pokekid|\n|player|p2|fozzybeer|169|\n|teamsize|p1|6\n|teamsize|p2|6\n|gen|9\n|tier|[Gen 9] National Dex\n|rule|HP Percentage Mod: HP is shown in percentages\n|rule|Endless Battle Clause: Forcing endless battles is banned\n|rule|OHKO Clause: OHKO moves are banned\n|rule|Evasion Clause: Evasion abilities, items, and moves are banned\n|rule|Evasion Abilities Clause: Evasion abilities are banned\n|rule|Evasion Items Clause: Evasion items are banned\n|rule|Evasion Moves Clause: Evasion moves are banned\n|rule|Species Clause: Limit one of each Pok\u00e9mon\n|rule|Sleep Clause Mod: Limit one foe put to sleep\n|clearpoke\n|poke|p1|Charizard, F|\n|poke|p1|Torkoal, F|\n|poke|p1|Venusaur, M|\n|poke|p1|Slowking, M|\n|poke|p1|Clefable, M|\n|poke|p1|Great Tusk|\n|poke|p2|Iron Jugulis|\n|poke|p2|Iron Valiant|\n|poke|p2|Politoed, F|\n|poke|p2|Basculegion, M|\n|poke|p2|Latios, M|\n|poke|p2|Landorus-Therian, M|\n|teampreview\n|j| Porkedcar\n|j| Quorin\n|inactive|Battle timer is ON: inactive players will automatically lose when time's up. (requested by InSAMnity)\n|j| I Hate AP Chem\n|j| dinguskringus\n|j| carutothehocarge\n|j| JohnKramerFan\n|\n|t:|1699837984\n|start\n|switch|p1a: Nibblet Immolator|Charizard, F|100\/100\n|switch|p2a: Drunk af|Landorus-Therian, M|100\/100\n|-ability|p2a: Drunk af|Intimidate|boost\n|-unboost|p1a: Nibblet Immolator|atk|1\n|turn|1\n|\n|t:|1699837997\n|detailschange|p1a: Nibblet Immolator|Charizard-Mega-Y, F\n|-mega|p1a: Nibblet Immolator|Charizard|Charizardite Y\n|-weather|SunnyDay|[from] ability: Drought|[of] p1a: Nibblet Immolator\n|move|p1a: Nibblet Immolator|Tailwind|p1a: Nibblet Immolator\n|-sidestart|p1: InSAMnity|move: Tailwind\n|move|p2a: Drunk af|Stealth Rock|p1a: Nibblet Immolator\n|-sidestart|p1: InSAMnity|move: Stealth Rock\n|\n|-weather|SunnyDay|[upkeep]\n|upkeep\n|turn|2\n|\n|t:|1699838008\n|switch|p1a: Frank Felonious|Great Tusk|100\/100\n|-damage|p1a: Frank Felonious|97\/100|[from] Stealth Rock\n|-activate|p1a: Frank Felonious|ability: Protosynthesis\n|-start|p1a: Frank Felonious|protosynthesisatk\n|move|p2a: Drunk af|Toxic|p1a: Frank Felonious\n|-status|p1a: Frank Felonious|tox\n|\n|-weather|SunnyDay|[upkeep]\n|-damage|p1a: Frank Felonious|91\/100 tox|[from] psn\n|upkeep\n|turn|3\n|\n|t:|1699838023\n|move|p1a: Frank Felonious|Rapid Spin|p2a: Drunk af\n|-damage|p2a: Drunk af|79\/100\n|-boost|p1a: Frank Felonious|spe|1\n|-damage|p1a: Frank Felonious|75\/100 tox|[from] item: Rocky Helmet|[of] p2a: Drunk af\n|-sideend|p1: InSAMnity|Stealth Rock|[from] move: Rapid Spin|[of] p1a: Frank Felonious\n|move|p2a: Drunk af|U-turn|p1a: Frank Felonious\n|-resisted|p1a: Frank Felonious\n|-damage|p1a: Frank Felonious|67\/100 tox\n|\n|t:|1699838032\n|switch|p2a: Big Foss ofc|Politoed, F|100\/100|[from] U-turn\n|-weather|RainDance|[from] ability: Drizzle|[of] p2a: Big Foss ofc\n|-end|p1a: Frank Felonious|Protosynthesis\n|\n|-weather|RainDance|[upkeep]\n|-damage|p1a: Frank Felonious|54\/100 tox|[from] psn\n|upkeep\n|turn|4\n|\n|t:|1699838050\n|-end|p1a: Frank Felonious|Protosynthesis|[silent]\n|switch|p1a: Sheldon Eternal|Torkoal, F|100\/100\n|-weather|SunnyDay|[from] ability: Drought|[of] p1a: Sheldon Eternal\n|switch|p2a: Flying high|Latios, M|100\/100\n|\n|-weather|SunnyDay|[upkeep]\n|-sideend|p1: InSAMnity|move: Tailwind\n|upkeep\n|turn|5\n|\n|t:|1699838065\n|switch|p2a: Big Foss ofc|Politoed, F|100\/100\n|-weather|RainDance|[from] ability: Drizzle|[of] p2a: Big Foss ofc\n|move|p1a: Sheldon Eternal|Toxic|p2a: Big Foss ofc\n|-status|p2a: Big Foss ofc|tox\n|\n|-weather|RainDance|[upkeep]\n|-damage|p2a: Big Foss ofc|94\/100 tox|[from] psn\n|upkeep\n|turn|6\n|\n|t:|1699838083\n|switch|p1a: Charles Immortal|Slowking, M|100\/100\n|move|p2a: Big Foss ofc|Hypnosis|p1a: Charles Immortal\n|-status|p1a: Charles Immortal|slp|[from] move: Hypnosis\n|\n|-weather|RainDance|[upkeep]\n|-damage|p2a: Big Foss ofc|82\/100 tox|[from] psn\n|upkeep\n|turn|7\n|\n|t:|1699838097\n|switch|p2a: Flowin|Basculegion, M|100\/100\n|cant|p1a: Charles Immortal|slp\n|\n|-weather|RainDance|[upkeep]\n|upkeep\n|turn|8\n|\n|t:|1699838108\n|move|p2a: Flowin|Wave Crash|p1a: Charles Immortal\n|-resisted|p1a: Charles Immortal\n|-damage|p1a: Charles Immortal|55\/100 slp\n|-damage|p2a: Flowin|85\/100|[from] Recoil\n|cant|p1a: Charles Immortal|slp\n|\n|-weather|RainDance|[upkeep]\n|-heal|p1a: Charles Immortal|61\/100 slp|[from] item: Leftovers\n|upkeep\n|turn|9\n|\n|t:|1699838118\n|move|p2a: Flowin|Wave Crash|p1a: Charles Immortal\n|-resisted|p1a: Charles Immortal\n|-damage|p1a: Charles Immortal|13\/100 slp\n|-damage|p2a: Flowin|69\/100|[from] Recoil\n|cant|p1a: Charles Immortal|slp\n|\n|-weather|RainDance|[upkeep]\n|-heal|p1a: Charles Immortal|19\/100 slp|[from] item: Leftovers\n|upkeep\n|turn|10\n|\n|t:|1699838127\n|move|p2a: Flowin|Wave Crash|p1a: Charles Immortal\n|-resisted|p1a: Charles Immortal\n|-damage|p1a: Charles Immortal|0 fnt\n|faint|p1a: Charles Immortal\n|-damage|p2a: Flowin|63\/100|[from] Recoil\n|\n|-weather|RainDance|[upkeep]\n|upkeep\n|\n|t:|1699838143\n|switch|p1a: Sheldon Eternal|Torkoal, F|100\/100\n|-weather|SunnyDay|[from] ability: Drought|[of] p1a: Sheldon Eternal\n|turn|11\n|\n|t:|1699838152\n|switch|p2a: Drunk af|Landorus-Therian, M|79\/100\n|-ability|p2a: Drunk af|Intimidate|boost\n|-unboost|p1a: Sheldon Eternal|atk|1\n|move|p1a: Sheldon Eternal|Stealth Rock|p2a: Drunk af\n|-sidestart|p2: fozzybeer|move: Stealth Rock\n|\n|-weather|SunnyDay|[upkeep]\n|upkeep\n|turn|12\n|\n|t:|1699838166\n|move|p2a: Drunk af|Stealth Rock|p1a: Sheldon Eternal\n|-sidestart|p1: InSAMnity|move: Stealth Rock\n|move|p1a: Sheldon Eternal|Toxic|p2a: Drunk af\n|-status|p2a: Drunk af|tox\n|\n|-weather|SunnyDay|[upkeep]\n|-damage|p2a: Drunk af|73\/100 tox|[from] psn\n|upkeep\n|turn|13\n|\n|t:|1699838176\n|move|p2a: Drunk af|Knock Off|p1a: Sheldon Eternal\n|-damage|p1a: Sheldon Eternal|76\/100\n|-enditem|p1a: Sheldon Eternal|Heat Rock|[from] move: Knock Off|[of] p2a: Drunk af\n|move|p1a: Sheldon Eternal|Rapid Spin|p2a: Drunk af\n|-damage|p2a: Drunk af|66\/100 tox\n|-boost|p1a: Sheldon Eternal|spe|1\n|-damage|p1a: Sheldon Eternal|60\/100|[from] item: Rocky Helmet|[of] p2a: Drunk af\n|-sideend|p1: InSAMnity|Stealth Rock|[from] move: Rapid Spin|[of] p1a: Sheldon Eternal\n|\n|-weather|SunnyDay|[upkeep]\n|-damage|p2a: Drunk af|54\/100 tox|[from] psn\n|upkeep\n|turn|14\n|\n|t:|1699838188\n|switch|p1a: Fredrick Melter|Venusaur, M|100\/100\n|move|p2a: Drunk af|Toxic|p1a: Fredrick Melter\n|-immune|p1a: Fredrick Melter\n|\n|-weather|SunnyDay|[upkeep]\n|-damage|p2a: Drunk af|36\/100 tox|[from] psn\n|upkeep\n|turn|15\n|\n|t:|1699838198\n|move|p1a: Fredrick Melter|Giga Drain|p2a: Drunk af\n|-damage|p2a: Drunk af|12\/100 tox\n|move|p2a: Drunk af|U-turn|p1a: Fredrick Melter\n|-damage|p1a: Fredrick Melter|73\/100\n|\n|t:|1699838208\n|switch|p2a: Dugger not nugget|Iron Jugulis|100\/100|[from] U-turn\n|-damage|p2a: Dugger not nugget|76\/100|[from] Stealth Rock\n|\n|-weather|SunnyDay|[upkeep]\n|upkeep\n|turn|16\n|\n|t:|1699838225\n|move|p1a: Fredrick Melter|Sludge Bomb|p2a: Dugger not nugget\n|-damage|p2a: Dugger not nugget|25\/100\n|move|p2a: Dugger not nugget|Flamethrower|p1a: Fredrick Melter\n|-supereffective|p1a: Fredrick Melter\n|-damage|p1a: Fredrick Melter|0 fnt\n|faint|p1a: Fredrick Melter\n|\n|-weather|SunnyDay|[upkeep]\n|upkeep\n|\n|t:|1699838240\n|switch|p1a: Nibblet Immolator|Charizard-Mega-Y, F|100\/100\n|turn|17\n|c| I Hate AP Chem|its me\n|\n|t:|1699838252\n|-end|p2a: Dugger not nugget|Quark Drive|[silent]\n|switch|p2a: Big Foss ofc|Politoed, F|82\/100 tox\n|-damage|p2a: Big Foss ofc|69\/100 tox|[from] Stealth Rock\n|-weather|RainDance|[from] ability: Drizzle|[of] p2a: Big Foss ofc\n|move|p1a: Nibblet Immolator|Hurricane|p2a: Big Foss ofc\n|-damage|p2a: Big Foss ofc|28\/100 tox\n|\n|-weather|RainDance|[upkeep]\n|-damage|p2a: Big Foss ofc|21\/100 tox|[from] psn\n|upkeep\n|turn|18\n|c| dinguskringus|it's he\n|inactive|fozzybeer has 270 seconds left.\n|\n|t:|1699838290\n|move|p1a: Nibblet Immolator|Hurricane|p2a: Big Foss ofc\n|-damage|p2a: Big Foss ofc|0 fnt\n|faint|p2a: Big Foss ofc\n|\n|-weather|RainDance|[upkeep]\n|upkeep\n|\n|t:|1699838297\n|switch|p2a: Flowin|Basculegion, M|63\/100\n|-damage|p2a: Flowin|50\/100|[from] Stealth Rock\n|turn|19\n|inactive|fozzybeer has 270 seconds left.\n|\n|t:|1699838303\n|switch|p1a: Sheldon Eternal|Torkoal, F|60\/100\n|-weather|SunnyDay|[from] ability: Drought|[of] p1a: Sheldon Eternal\n|move|p2a: Flowin|Wave Crash|p1a: Sheldon Eternal\n|-supereffective|p1a: Sheldon Eternal\n|-damage|p1a: Sheldon Eternal|0 fnt\n|faint|p1a: Sheldon Eternal\n|-damage|p2a: Flowin|33\/100|[from] Recoil\n|\n|-weather|SunnyDay|[upkeep]\n|upkeep\n|inactive|InSAMnity has 270 seconds left.\n|\n|t:|1699838336\n|switch|p1a: Nibblet Immolator|Charizard-Mega-Y, F|100\/100\n|turn|20\n|\n|t:|1699838346\n|move|p1a: Nibblet Immolator|Dragon Pulse|p2a: Flowin\n|-damage|p2a: Flowin|0 fnt\n|faint|p2a: Flowin\n|\n|-weather|SunnyDay|[upkeep]\n|upkeep\n|inactive|fozzybeer has 270 seconds left.\n|inactive|fozzybeer has 240 seconds left.\n|\n|t:|1699838387\n|switch|p2a: Flying high|Latios, M|100\/100\n|-damage|p2a: Flying high|88\/100|[from] Stealth Rock\n|turn|21\n|inactive|fozzybeer has 240 seconds left.\n|\n|t:|1699838398\n|move|p2a: Flying high|Psychic|p1a: Nibblet Immolator\n|-damage|p1a: Nibblet Immolator|47\/100\n|move|p1a: Nibblet Immolator|Dragon Pulse|p2a: Flying high\n|-supereffective|p2a: Flying high\n|-damage|p2a: Flying high|20\/100\n|\n|-weather|SunnyDay|[upkeep]\n|upkeep\n|turn|22\n|\n|t:|1699838407\n|move|p2a: Flying high|Psychic|p1a: Nibblet Immolator\n|-damage|p1a: Nibblet Immolator|0 fnt\n|faint|p1a: Nibblet Immolator\n|\n|-weather|SunnyDay|[upkeep]\n|upkeep\n|\n|t:|1699838414\n|switch|p1a: Chloe Insatiable|Clefable, M, shiny|100\/100\n|turn|23\n|inactive|fozzybeer has 240 seconds left.\n|\n|t:|1699838440\n|switch|p2a: Drunk af|Landorus-Therian, M|12\/100 tox\n|-damage|p2a: Drunk af|0 fnt|[from] Stealth Rock\n|faint|p2a: Drunk af\n|move|p1a: Chloe Insatiable|Calm Mind|p1a: Chloe Insatiable\n|-boost|p1a: Chloe Insatiable|spa|1\n|-boost|p1a: Chloe Insatiable|spd|1\n|\n|-weather|none\n|upkeep\n|\n|t:|1699838450\n|switch|p2a: Dugger not nugget|Iron Jugulis|25\/100\n|-damage|p2a: Dugger not nugget|0 fnt|[from] Stealth Rock\n|faint|p2a: Dugger not nugget\n|-end|p2a: Dugger not nugget|Quark Drive|[silent]\n|\n|t:|1699838471\n|switch|p2a: Flying high|Latios, M|20\/100\n|-damage|p2a: Flying high|8\/100|[from] Stealth Rock\n|turn|24\n|\n|t:|1699838486\n|move|p2a: Flying high|Recover|p2a: Flying high\n|-heal|p2a: Flying high|58\/100\n|move|p1a: Chloe Insatiable|Calm Mind|p1a: Chloe Insatiable\n|-boost|p1a: Chloe Insatiable|spa|1\n|-boost|p1a: Chloe Insatiable|spd|1\n|\n|upkeep\n|turn|25\n|\n|t:|1699838496\n|move|p2a: Flying high|Psychic|p1a: Chloe Insatiable\n|-damage|p1a: Chloe Insatiable|77\/100\n|move|p1a: Chloe Insatiable|Moonblast|p2a: Flying high\n|-supereffective|p2a: Flying high\n|-damage|p2a: Flying high|0 fnt\n|faint|p2a: Flying high\n|\n|-heal|p1a: Chloe Insatiable|83\/100|[from] item: Leftovers\n|upkeep\n|\n|t:|1699838506\n|switch|p2a: Eel Sau|Iron Valiant|100\/100\n|-damage|p2a: Eel Sau|94\/100|[from] Stealth Rock\n|turn|26\n|inactive|fozzybeer has 210 seconds left.\n|\n|t:|1699838529\n|move|p2a: Eel Sau|Zen Headbutt|p1a: Chloe Insatiable\n|-damage|p1a: Chloe Insatiable|47\/100\n|move|p1a: Chloe Insatiable|Moonblast|p2a: Eel Sau\n|-supereffective|p2a: Eel Sau\n|-damage|p2a: Eel Sau|0 fnt\n|faint|p2a: Eel Sau\n|-end|p2a: Eel Sau|Quark Drive|[silent]\n|\n|win|InSAMnity\n","uploadtime":1699838538,"views":37,"p1id":"insamnity","p2id":"fozzybeer","formatid":"gen9nationaldex","rating":0,"private":0,"password":""}