{"id":"gen9nationaldex-1987358368","p1":"hackilla15","p2":"bignutta","format":"[Gen 9] National Dex","log":"|j|\u2606hackilla15\n|j|\u2606bignutta\n|t:|1699581450\n|gametype|singles\n|player|p1|hackilla15|ethan|1196\n|player|p2|bignutta|brycenman|1147\n|teamsize|p1|6\n|teamsize|p2|6\n|gen|9\n|tier|[Gen 9] National Dex\n|rated|\n|rule|HP Percentage Mod: HP is shown in percentages\n|rule|Endless Battle Clause: Forcing endless battles is banned\n|rule|OHKO Clause: OHKO moves are banned\n|rule|Evasion Clause: Evasion abilities, items, and moves are banned\n|rule|Evasion Abilities Clause: Evasion abilities are banned\n|rule|Evasion Items Clause: Evasion items are banned\n|rule|Evasion Moves Clause: Evasion moves are banned\n|rule|Species Clause: Limit one of each Pok\u00e9mon\n|rule|Sleep Clause Mod: Limit one foe put to sleep\n|clearpoke\n|poke|p1|Sigilyph, M|\n|poke|p1|Morpeko, F|\n|poke|p1|Weavile, F|\n|poke|p1|Volcarona, F|\n|poke|p1|Slaking, M|\n|poke|p1|Vileplume, F|\n|poke|p2|Cofagrigus, F|\n|poke|p2|Copperajah, F|\n|poke|p2|Chansey, F|\n|poke|p2|Buzzwole|\n|poke|p2|Pangoro, F|\n|poke|p2|Bellibolt, M|\n|teampreview\n|inactive|Battle timer is ON: inactive players will automatically lose when time's up. (requested by bignutta)\n|\n|t:|1699581457\n|start\n|switch|p1a: Slaking|Slaking, M, shiny|100\/100\n|switch|p2a: Cofagrigus|Cofagrigus, F, shiny|100\/100\n|turn|1\n|\n|t:|1699581465\n|move|p1a: Slaking|Encore||[still]\n|-fail|p1a: Slaking\n|move|p2a: Cofagrigus|Will-O-Wisp|p1a: Slaking\n|-status|p1a: Slaking|brn\n|\n|-damage|p1a: Slaking|94\/100 brn|[from] brn\n|upkeep\n|turn|2\n|\n|t:|1699581473\n|cant|p1a: Slaking|ability: Truant\n|move|p2a: Cofagrigus|Toxic Spikes|p1a: Slaking\n|-sidestart|p1: hackilla15|move: Toxic Spikes\n|\n|-heal|p1a: Slaking|100\/100 brn|[from] item: Leftovers\n|-damage|p1a: Slaking|94\/100 brn|[from] brn\n|upkeep\n|turn|3\n|\n|t:|1699581483\n|move|p1a: Slaking|Encore|p2a: Cofagrigus\n|-start|p2a: Cofagrigus|Encore\n|move|p2a: Cofagrigus|Toxic Spikes|p1a: Slaking\n|-sidestart|p1: hackilla15|move: Toxic Spikes\n|\n|-heal|p1a: Slaking|100\/100 brn|[from] item: Leftovers\n|-damage|p1a: Slaking|94\/100 brn|[from] brn\n|upkeep\n|turn|4\n|\n|t:|1699581495\n|switch|p1a: Vileplume|Vileplume, F, shiny|100\/100\n|-sideend|p1: hackilla15|move: Toxic Spikes|[of] p1a: Vileplume\n|switch|p2a: Buzzwole|Buzzwole, shiny|100\/100\n|\n|upkeep\n|turn|5\n|\n|t:|1699581503\n|move|p2a: Buzzwole|Ice Punch|p1a: Vileplume\n|-supereffective|p1a: Vileplume\n|-damage|p1a: Vileplume|50\/100\n|-status|p2a: Buzzwole|par|[from] ability: Effect Spore|[of] p1a: Vileplume\n|move|p1a: Vileplume|Strength Sap|p2a: Buzzwole\n|-unboost|p2a: Buzzwole|atk|1\n|-heal|p1a: Vileplume|100\/100\n|\n|upkeep\n|turn|6\n|\n|t:|1699581520\n|switch|p2a: Cofagrigus|Cofagrigus, F, shiny|100\/100\n|move|p1a: Vileplume|Leech Seed|p2a: Cofagrigus\n|-start|p2a: Cofagrigus|move: Leech Seed\n|\n|-damage|p2a: Cofagrigus|88\/100|[from] Leech Seed|[of] p1a: Vileplume\n|upkeep\n|turn|7\n|\n|t:|1699581530\n|switch|p1a: Slaking|Slaking, M, shiny|94\/100 brn\n|move|p2a: Cofagrigus|Will-O-Wisp|p1a: Slaking\n|-fail|p1a: Slaking|brn\n|\n|-heal|p1a: Slaking|100\/100 brn|[from] item: Leftovers\n|-heal|p2a: Cofagrigus|94\/100|[from] item: Leftovers\n|-damage|p2a: Cofagrigus|82\/100|[from] Leech Seed|[of] p1a: Slaking\n|-damage|p1a: Slaking|94\/100 brn|[from] brn\n|upkeep\n|turn|8\n|\n|t:|1699581549\n|switch|p2a: Buzzwole|Buzzwole, shiny|100\/100 par\n|move|p1a: Slaking|Encore||[still]\n|-fail|p1a: Slaking\n|\n|-heal|p1a: Slaking|100\/100 brn|[from] item: Leftovers\n|-damage|p1a: Slaking|94\/100 brn|[from] brn\n|upkeep\n|turn|9\n|\n|t:|1699581558\n|switch|p1a: Vileplume|Vileplume, F, shiny|100\/100\n|-singleturn|p2a: Buzzwole|move: Focus Punch\n|cant|p2a: Buzzwole|par\n|\n|upkeep\n|turn|10\n|-message|bignutta forfeited.\n|\n|win|hackilla15\n|raw|hackilla15's rating: 1196 &rarr; <strong>1217<\/strong><br \/>(+21 for winning)\n|raw|bignutta's rating: 1147 &rarr; <strong>1126<\/strong><br \/>(-21 for losing)\n|l|\u2606bignutta\n","uploadtime":1699581568,"views":16,"p1id":"hackilla15","p2id":"bignutta","formatid":"gen9nationaldex","rating":1126,"private":0,"password":""}