{"id":"gen9nationaldex-1995089594","p1":"sowa_limez","p2":"knight hopes","format":"[Gen 9] National Dex","log":"|html|<div class=\"broadcast-blue\"><strong>[Gen 9] National Dex is currently suspecting Sneasler! For information on how to participate check out the <a href=\"https:\/\/www.smogon.com\/forums\/threads\/sv-national-dex-suspect-8-just-dance.3731534\/\">suspect thread<\/a>.<\/strong><\/div>\n|j|\u2606sowa_limez\n|j|\u2606knight hopes\n|t:|1700521386\n|gametype|singles\n|player|p1|sowa_limez|blue-gen1champion|1021\n|player|p2|knight hopes|169|1000\n|teamsize|p1|6\n|teamsize|p2|6\n|gen|9\n|tier|[Gen 9] National Dex\n|rated|\n|rule|HP Percentage Mod: HP is shown in percentages\n|rule|Endless Battle Clause: Forcing endless battles is banned\n|rule|OHKO Clause: OHKO moves are banned\n|rule|Evasion Clause: Evasion abilities, items, and moves are banned\n|rule|Evasion Abilities Clause: Evasion abilities are banned\n|rule|Evasion Items Clause: Evasion items are banned\n|rule|Evasion Moves Clause: Evasion moves are banned\n|rule|Species Clause: Limit one of each Pok\u00e9mon\n|rule|Sleep Clause Mod: Limit one foe put to sleep\n|clearpoke\n|poke|p1|Pikachu-Original, M|\n|poke|p1|Pachirisu, M|\n|poke|p1|Togedemaru, F|\n|poke|p1|Morpeko, F|\n|poke|p1|Pawmot, M|\n|poke|p1|Emolga, M|\n|poke|p2|Lucario, F|\n|poke|p2|Swampert, M|\n|poke|p2|Chandelure, M|\n|poke|p2|Roserade, M|\n|poke|p2|Salamence, F|\n|poke|p2|Zoroark, M|\n|teampreview\n|\n|t:|1700521399\n|start\n|switch|p1a: Pachirisu|Pachirisu, M|100\/100\n|switch|p2a: Swampert|Swampert, M|100\/100\n|turn|1\n|\n|t:|1700521407\n|move|p1a: Pachirisu|Grass Knot|p2a: Swampert\n|-supereffective|p2a: Swampert\n|-damage|p2a: Swampert|63\/100\n|move|p2a: Swampert|Earthquake|p1a: Pachirisu\n|-supereffective|p1a: Pachirisu\n|-enditem|p1a: Pachirisu|Focus Sash\n|-damage|p1a: Pachirisu|1\/100\n|\n|upkeep\n|turn|2\n|\n|t:|1700521416\n|move|p1a: Pachirisu|U-turn|p2a: Swampert\n|-damage|p2a: Swampert|56\/100\n|\n|t:|1700521419\n|switch|p1a: Emolga|Emolga, M|100\/100|[from] U-turn\n|move|p2a: Swampert|Aqua Tail|p1a: Emolga\n|-damage|p1a: Emolga|12\/100\n|\n|upkeep\n|turn|3\n|\n|t:|1700521426\n|move|p1a: Emolga|Air Slash|p2a: Swampert\n|-damage|p2a: Swampert|23\/100\n|-damage|p1a: Emolga|2\/100|[from] item: Life Orb\n|move|p2a: Swampert|Iron Tail|p1a: Emolga\n|-resisted|p1a: Emolga\n|-damage|p1a: Emolga|0 fnt\n|-status|p2a: Swampert|par|[from] ability: Static|[of] p1a: Emolga\n|faint|p1a: Emolga\n|\n|upkeep\n|\n|t:|1700521432\n|switch|p1a: Togedemaru|Togedemaru, F|100\/100\n|turn|4\n|\n|t:|1700521443\n|move|p1a: Togedemaru|Agility|p1a: Togedemaru\n|-boost|p1a: Togedemaru|spe|2\n|move|p2a: Swampert|Earthquake|p1a: Togedemaru\n|-supereffective|p1a: Togedemaru\n|-ability|p1a: Togedemaru|Sturdy\n|-damage|p1a: Togedemaru|1\/100\n|-enditem|p1a: Togedemaru|Weakness Policy\n|-boost|p1a: Togedemaru|atk|2|[from] item: Weakness Policy\n|-boost|p1a: Togedemaru|spa|2|[from] item: Weakness Policy\n|\n|upkeep\n|turn|5\n|\n|t:|1700521454\n|move|p1a: Togedemaru|Iron Head|p2a: Swampert\n|-resisted|p2a: Swampert\n|-damage|p2a: Swampert|0 fnt\n|faint|p2a: Swampert\n|\n|upkeep\n|\n|t:|1700521460\n|switch|p2a: Roserade|Roserade, M|100\/100\n|turn|6\n|\n|t:|1700521472\n|move|p1a: Togedemaru|Iron Head|p2a: Roserade\n|-damage|p2a: Roserade|0 fnt\n|faint|p2a: Roserade\n|\n|upkeep\n|\n|t:|1700521477\n|switch|p2a: Chandelure|Chandelure, M|100\/100\n|turn|7\n|\n|t:|1700521482\n|move|p1a: Togedemaru|Zing Zap|p2a: Chandelure\n|-damage|p2a: Chandelure|0 fnt\n|faint|p2a: Chandelure\n|\n|upkeep\n|l|\u2606knight hopes\n|player|p2|\n|inactive|Battle timer is ON: inactive players will automatically lose when time's up. (requested by sowa_limez)\n|j|\u2606knight hopes\n|inactive|knight hopes reconnected and has 135 seconds left.\n|player|p2|knight hopes|169\n|\n|t:|1700521527\n|switch|p2a: Salamence|Salamence, F|100\/100\n|turn|8\n|\n|t:|1700521531\n|move|p1a: Togedemaru|Zing Zap|p2a: Salamence\n|-damage|p2a: Salamence|6\/100\n|move|p2a: Salamence|Steel Wing|p1a: Togedemaru\n|-resisted|p1a: Togedemaru\n|-damage|p1a: Togedemaru|0 fnt\n|faint|p1a: Togedemaru\n|-ability|p2a: Salamence|Moxie|boost\n|-boost|p2a: Salamence|atk|1\n|\n|-heal|p2a: Salamence|12\/100|[from] item: Leftovers\n|upkeep\n|\n|t:|1700521540\n|switch|p1a: Pawmot|Pawmot, M|100\/100\n|turn|9\n|\n|t:|1700521548\n|move|p2a: Salamence|Dual Wingbeat|p1a: Pawmot\n|-damage|p1a: Pawmot|47\/100\n|-damage|p1a: Pawmot|0 fnt\n|faint|p1a: Pawmot\n|-ability|p2a: Salamence|Moxie|boost\n|-boost|p2a: Salamence|atk|1\n|-hitcount|p1: Pawmot|2\n|\n|-heal|p2a: Salamence|18\/100|[from] item: Leftovers\n|upkeep\n|\n|t:|1700521557\n|switch|p1a: Morpeko|Morpeko, F|100\/100\n|turn|10\n|\n|t:|1700521567\n|move|p2a: Salamence|Fire Fang|p1a: Morpeko|[miss]\n|-miss|p2a: Salamence|p1a: Morpeko\n|move|p1a: Morpeko|Aura Wheel|p2a: Salamence\n|-damage|p2a: Salamence|0 fnt\n|-boost|p1a: Morpeko|spe|1\n|faint|p2a: Salamence\n|\n|-formechange|p1a: Morpeko|Morpeko-Hangry||[from] ability: Hunger Switch\n|upkeep\n|\n|t:|1700521579\n|switch|p2a: Lucario|Lucario, F|100\/100\n|turn|11\n|c|\u2606sowa_limez|Thank God\n|\n|t:|1700521587\n|switch|p1a: Pachirisu|Pachirisu, M|1\/100\n|move|p2a: Lucario|Stone Edge|p1a: Pachirisu\n|-damage|p1a: Pachirisu|0 fnt\n|faint|p1a: Pachirisu\n|\n|upkeep\n|l|\u2606sowa_limez\n|inactive|sowa_limez disconnected and has a minute to reconnect!\n|player|p1|\n|j|\u2606sowa_limez\n|inactive|sowa_limez reconnected and has 130 seconds left.\n|player|p1|sowa_limez|blue-gen1champion\n|\n|t:|1700521610\n|switch|p1a: Morpeko|Morpeko, F|100\/100\n|turn|12\n|\n|t:|1700521616\n|-terastallize|p1a: Morpeko|Electric\n|move|p2a: Lucario|Rock Slide|p1a: Morpeko\n|-damage|p1a: Morpeko|50\/100\n|move|p1a: Morpeko|Aura Wheel|p2a: Lucario\n|-damage|p2a: Lucario|0 fnt\n|-boost|p1a: Morpeko|spe|1\n|faint|p2a: Lucario\n|\n|upkeep\n|\n|t:|1700521626\n|switch|p2a: Zoroark|Zoroark, M|100\/100\n|turn|13\n|\n|t:|1700521631\n|-terastallize|p2a: Zoroark|Ghost\n|move|p1a: Morpeko|Aura Wheel|p2a: Zoroark\n|-damage|p2a: Zoroark|0 fnt\n|-boost|p1a: Morpeko|spe|1\n|faint|p2a: Zoroark\n|\n|win|sowa_limez\n|raw|sowa_limez's rating: 1021 &rarr; <strong>1056<\/strong><br \/>(+35 for winning)\n|raw|knight hopes's rating: 1000 &rarr; <strong>1000<\/strong><br \/>(+0 for losing)\n|l|\u2606knight hopes\n","uploadtime":1700521649,"views":1,"p1id":"sowalimez","p2id":"knighthopes","formatid":"gen9nationaldex","rating":1000,"private":0,"password":""}