{"id":"gen9nationaldex-1992648790","p1":"rafahl03_","p2":"Levelup_yaman","format":"[Gen 9] National Dex","log":"|j|\u2606rafahl03_\n|j|\u2606Levelup_yaman\n|t:|1700220187\n|gametype|singles\n|player|p1|rafahl03_|ninjaboy|1031\n|player|p2|Levelup_yaman|picnicker|1141\n|teamsize|p1|6\n|teamsize|p2|6\n|gen|9\n|tier|[Gen 9] National Dex\n|rated|\n|rule|HP Percentage Mod: HP is shown in percentages\n|rule|Endless Battle Clause: Forcing endless battles is banned\n|rule|OHKO Clause: OHKO moves are banned\n|rule|Evasion Clause: Evasion abilities, items, and moves are banned\n|rule|Evasion Abilities Clause: Evasion abilities are banned\n|rule|Evasion Items Clause: Evasion items are banned\n|rule|Evasion Moves Clause: Evasion moves are banned\n|rule|Species Clause: Limit one of each Pok\u00e9mon\n|rule|Sleep Clause Mod: Limit one foe put to sleep\n|clearpoke\n|poke|p1|Gliscor, M|\n|poke|p1|Iron Valiant|\n|poke|p1|Gastrodon, M|\n|poke|p1|Florges, F|\n|poke|p1|Garchomp, M|\n|poke|p1|Ceruledge, M|\n|poke|p2|Garchomp, F|\n|poke|p2|Urshifu-*, F|\n|poke|p2|Decidueye, F|\n|poke|p2|Armarouge, M|\n|poke|p2|Scizor, M|\n|poke|p2|Avalugg-Hisui, M|\n|teampreview\n|inactive|Battle timer is ON: inactive players will automatically lose when time's up. (requested by Levelup_yaman)\n|\n|t:|1700220198\n|start\n|switch|p1a: Gliscor|Gliscor, M|100\/100\n|switch|p2a: Scizor|Scizor, M|100\/100\n|turn|1\n|\n|t:|1700220207\n|switch|p2a: Urshifu|Urshifu-Rapid-Strike, F|100\/100\n|move|p1a: Gliscor|Stealth Rock|p2a: Urshifu\n|-sidestart|p2: Levelup_yaman|move: Stealth Rock\n|\n|-status|p1a: Gliscor|tox|[from] item: Toxic Orb\n|upkeep\n|turn|2\n|\n|t:|1700220215\n|switch|p1a: Gastrodon|Gastrodon, M|100\/100\n|move|p2a: Urshifu|Ice Spinner|p1a: Gastrodon\n|-damage|p1a: Gastrodon|80\/100\n|\n|-heal|p1a: Gastrodon|86\/100|[from] item: Leftovers\n|upkeep\n|turn|3\n|\n|t:|1700220223\n|switch|p2a: Armarouge|Armarouge, M|100\/100\n|-damage|p2a: Armarouge|76\/100|[from] Stealth Rock\n|move|p1a: Gastrodon|Toxic|p2a: Armarouge\n|-status|p2a: Armarouge|tox\n|\n|-heal|p1a: Gastrodon|92\/100|[from] item: Leftovers\n|-damage|p2a: Armarouge|70\/100 tox|[from] psn\n|upkeep\n|turn|4\n|\n|t:|1700220234\n|move|p2a: Armarouge|Energy Ball|p1a: Gastrodon\n|-supereffective|p1a: Gastrodon\n|-damage|p1a: Gastrodon|0 fnt\n|faint|p1a: Gastrodon\n|-damage|p2a: Armarouge|60\/100 tox|[from] item: Life Orb\n|\n|-damage|p2a: Armarouge|47\/100 tox|[from] psn\n|upkeep\n|\n|t:|1700220243\n|switch|p1a: Gliscor|Gliscor, M|100\/100 tox\n|turn|5\n|\n|t:|1700220247\n|move|p1a: Gliscor|Toxic|p2a: Armarouge\n|-fail|p2a: Armarouge|tox\n|move|p2a: Armarouge|Aura Sphere|p1a: Gliscor\n|-resisted|p1a: Gliscor\n|-damage|p1a: Gliscor|75\/100 tox\n|-damage|p2a: Armarouge|37\/100 tox|[from] item: Life Orb\n|\n|-heal|p1a: Gliscor|87\/100 tox|[from] ability: Poison Heal\n|-damage|p2a: Armarouge|19\/100 tox|[from] psn\n|upkeep\n|turn|6\n|\n|t:|1700220257\n|move|p1a: Gliscor|Stealth Rock||[still]\n|-fail|p1a: Gliscor\n|move|p2a: Armarouge|Energy Ball|p1a: Gliscor\n|-damage|p1a: Gliscor|30\/100 tox\n|-damage|p2a: Armarouge|9\/100 tox|[from] item: Life Orb\n|\n|-heal|p1a: Gliscor|43\/100 tox|[from] ability: Poison Heal\n|-damage|p2a: Armarouge|0 fnt|[from] psn\n|faint|p2a: Armarouge\n|upkeep\n|\n|t:|1700220264\n|switch|p2a: Urshifu|Urshifu-Rapid-Strike, F|100\/100\n|-damage|p2a: Urshifu|94\/100|[from] Stealth Rock\n|turn|7\n|\n|t:|1700220271\n|switch|p1a: Florges|Florges, F|100\/100\n|move|p2a: Urshifu|Ice Spinner|p1a: Florges\n|-damage|p1a: Florges|65\/100\n|\n|-heal|p1a: Florges|71\/100|[from] item: Leftovers\n|upkeep\n|turn|8\n|\n|t:|1700220278\n|switch|p2a: Scizor|Scizor, M|100\/100\n|-damage|p2a: Scizor|88\/100|[from] Stealth Rock\n|move|p1a: Florges|Moonblast|p2a: Scizor\n|-resisted|p2a: Scizor\n|-damage|p2a: Scizor|69\/100\n|\n|-heal|p1a: Florges|77\/100|[from] item: Leftovers\n|upkeep\n|turn|9\n|\n|t:|1700220289\n|switch|p1a: Ceruledge|Ceruledge, M|100\/100\n|move|p2a: Scizor|Bullet Punch|p1a: Ceruledge\n|-resisted|p1a: Ceruledge\n|-damage|p1a: Ceruledge|79\/100\n|-ability|p1a: Ceruledge|Weak Armor|boost\n|-unboost|p1a: Ceruledge|def|1\n|-boost|p1a: Ceruledge|spe|2\n|\n|upkeep\n|turn|10\n|\n|t:|1700220305\n|switch|p2a: Urshifu|Urshifu-Rapid-Strike, F|94\/100\n|-damage|p2a: Urshifu|88\/100|[from] Stealth Rock\n|move|p1a: Ceruledge|Swords Dance|p1a: Ceruledge\n|-boost|p1a: Ceruledge|atk|2\n|\n|upkeep\n|turn|11\n|\n|t:|1700220313\n|move|p1a: Ceruledge|Shadow Claw|p2a: Urshifu\n|-damage|p2a: Urshifu|0 fnt\n|faint|p2a: Urshifu\n|-damage|p1a: Ceruledge|69\/100|[from] item: Life Orb\n|\n|upkeep\n|\n|t:|1700220318\n|switch|p2a: Garchomp|Garchomp, F|100\/100\n|-damage|p2a: Garchomp|94\/100|[from] Stealth Rock\n|turn|12\n|\n|t:|1700220324\n|detailschange|p2a: Garchomp|Garchomp-Mega, F\n|-mega|p2a: Garchomp|Garchomp|Garchompite\n|move|p1a: Ceruledge|Shadow Claw|p2a: Garchomp\n|-damage|p2a: Garchomp|13\/100\n|-damage|p1a: Ceruledge|59\/100|[from] item: Life Orb\n|move|p2a: Garchomp|Earthquake|p1a: Ceruledge\n|-supereffective|p1a: Ceruledge\n|-damage|p1a: Ceruledge|0 fnt\n|faint|p1a: Ceruledge\n|\n|upkeep\n|\n|t:|1700220335\n|switch|p1a: Florges|Florges, F|77\/100\n|turn|13\n|\n|t:|1700220340\n|move|p2a: Garchomp|Earthquake|p1a: Florges\n|-damage|p1a: Florges|0 fnt\n|faint|p1a: Florges\n|\n|upkeep\n|\n|t:|1700220345\n|switch|p1a: Iron Valiant|Iron Valiant|100\/100\n|-enditem|p1a: Iron Valiant|Booster Energy\n|-activate|p1a: Iron Valiant|ability: Quark Drive|[fromitem]\n|-start|p1a: Iron Valiant|quarkdriveatk\n|turn|14\n|\n|t:|1700220351\n|move|p2a: Garchomp|Earthquake|p1a: Iron Valiant\n|-damage|p1a: Iron Valiant|25\/100\n|move|p1a: Iron Valiant|Drain Punch|p2a: Garchomp\n|-damage|p2a: Garchomp|0 fnt\n|-heal|p1a: Iron Valiant|33\/100|[from] drain|[of] p2a: Garchomp\n|faint|p2a: Garchomp\n|\n|upkeep\n|\n|t:|1700220358\n|switch|p2a: Scizor|Scizor, M|69\/100\n|-damage|p2a: Scizor|57\/100|[from] Stealth Rock\n|turn|15\n|\n|t:|1700220368\n|-end|p1a: Iron Valiant|Quark Drive|[silent]\n|switch|p1a: Garchomp|Garchomp, M|100\/100\n|move|p2a: Scizor|Bullet Punch|p1a: Garchomp\n|-damage|p1a: Garchomp|66\/100\n|-damage|p2a: Scizor|44\/100|[from] ability: Rough Skin|[of] p1a: Garchomp\n|-damage|p2a: Scizor|28\/100|[from] item: Rocky Helmet|[of] p1a: Garchomp\n|\n|upkeep\n|turn|16\n|\n|t:|1700220378\n|move|p1a: Garchomp|Swords Dance|p1a: Garchomp\n|-boost|p1a: Garchomp|atk|2\n|move|p2a: Scizor|Lunge|p1a: Garchomp\n|-damage|p1a: Garchomp|25\/100\n|-unboost|p1a: Garchomp|atk|1\n|-damage|p2a: Scizor|15\/100|[from] ability: Rough Skin|[of] p1a: Garchomp\n|-damage|p2a: Scizor|0 fnt|[from] item: Rocky Helmet|[of] p1a: Garchomp\n|faint|p2a: Scizor\n|\n|upkeep\n|\n|t:|1700220382\n|switch|p2a: Avalugg|Avalugg-Hisui, M|100\/100\n|-damage|p2a: Avalugg|75\/100|[from] Stealth Rock\n|turn|17\n|\n|t:|1700220390\n|-terastallize|p2a: Avalugg|Ice\n|move|p1a: Garchomp|Stone Edge|p2a: Avalugg\n|-supereffective|p2a: Avalugg\n|-damage|p2a: Avalugg|16\/100\n|-enditem|p2a: Avalugg|Weakness Policy\n|-boost|p2a: Avalugg|atk|2|[from] item: Weakness Policy\n|-boost|p2a: Avalugg|spa|2|[from] item: Weakness Policy\n|move|p2a: Avalugg|Mountain Gale|p1a: Garchomp\n|-supereffective|p1a: Garchomp\n|-damage|p1a: Garchomp|0 fnt\n|faint|p1a: Garchomp\n|\n|upkeep\n|\n|t:|1700220400\n|switch|p1a: Iron Valiant|Iron Valiant|33\/100\n|turn|18\n|\n|t:|1700220404\n|move|p1a: Iron Valiant|Drain Punch|p2a: Avalugg\n|-supereffective|p2a: Avalugg\n|-damage|p2a: Avalugg|0 fnt\n|-heal|p1a: Iron Valiant|43\/100|[from] drain|[of] p2a: Avalugg\n|faint|p2a: Avalugg\n|\n|upkeep\n|\n|t:|1700220406\n|switch|p2a: Decidueye|Decidueye, F|100\/100\n|-damage|p2a: Decidueye|88\/100|[from] Stealth Rock\n|turn|19\n|\n|t:|1700220416\n|move|p1a: Iron Valiant|Moonblast|p2a: Decidueye\n|-damage|p2a: Decidueye|47\/100\n|-unboost|p2a: Decidueye|spa|1\n|-zpower|p2a: Decidueye\n|move|p2a: Decidueye|Sinister Arrow Raid|p1a: Iron Valiant|[zeffect]\n|-damage|p1a: Iron Valiant|0 fnt\n|faint|p1a: Iron Valiant\n|-end|p1a: Iron Valiant|Quark Drive|[silent]\n|\n|upkeep\n|\n|t:|1700220426\n|switch|p1a: Gliscor|Gliscor, M|43\/100 tox\n|turn|20\n|\n|t:|1700220432\n|move|p1a: Gliscor|Earthquake|p2a: Decidueye\n|-resisted|p2a: Decidueye\n|-damage|p2a: Decidueye|27\/100\n|move|p2a: Decidueye|Leaf Blade|p1a: Gliscor\n|-crit|p1a: Gliscor\n|-damage|p1a: Gliscor|0 fnt\n|faint|p1a: Gliscor\n|\n|win|Levelup_yaman\n|raw|rafahl03_'s rating: 1031 &rarr; <strong>1021<\/strong><br \/>(-10 for losing)\n|raw|Levelup_yaman's rating: 1141 &rarr; <strong>1158<\/strong><br \/>(+17 for winning)\n|l|\u2606rafahl03_\n","uploadtime":1700220442,"views":6,"p1id":"rafahl03","p2id":"levelupyaman","formatid":"gen9nationaldex","rating":1021,"private":0,"password":""}