{"id":"gen9nationaldex-1993305596","p1":"AuroraTheQueen","p2":"Tank Tests","format":"[Gen 9] National Dex","log":"|j|\u2606AuroraTheQueen\n|j|\u2606Tank Tests\n|t:|1700294490\n|gametype|singles\n|player|p1|AuroraTheQueen|101|1244\n|player|p2|Tank Tests|170|1343\n|teamsize|p1|6\n|teamsize|p2|6\n|gen|9\n|tier|[Gen 9] National Dex\n|rated|\n|rule|HP Percentage Mod: HP is shown in percentages\n|rule|Endless Battle Clause: Forcing endless battles is banned\n|rule|OHKO Clause: OHKO moves are banned\n|rule|Evasion Clause: Evasion abilities, items, and moves are banned\n|rule|Evasion Abilities Clause: Evasion abilities are banned\n|rule|Evasion Items Clause: Evasion items are banned\n|rule|Evasion Moves Clause: Evasion moves are banned\n|rule|Species Clause: Limit one of each Pok\u00e9mon\n|rule|Sleep Clause Mod: Limit one foe put to sleep\n|clearpoke\n|poke|p1|Lapras, F|\n|poke|p1|Arcanine, F|\n|poke|p1|Meganium, M|\n|poke|p1|Sneasler, F|\n|poke|p1|Skarmory, F|\n|poke|p1|Charizard, F|\n|poke|p2|Pawmot, M|\n|poke|p2|Rabsca, M|\n|poke|p2|Banette, F|\n|poke|p2|Victini|\n|poke|p2|Dragonite, M|\n|poke|p2|Forretress, M|\n|teampreview\n|inactive|Battle timer is ON: inactive players will automatically lose when time's up. (requested by AuroraTheQueen)\n|\n|t:|1700294494\n|start\n|switch|p1a: Charizard|Charizard, F|100\/100\n|switch|p2a: Victini|Victini|100\/100\n|turn|1\n|\n|t:|1700294500\n|detailschange|p1a: Charizard|Charizard-Mega-X, F\n|-mega|p1a: Charizard|Charizard|Charizardite X\n|move|p2a: Victini|Final Gambit|p1a: Charizard\n|-damage|p1a: Charizard|0 fnt\n|faint|p2a: Victini\n|faint|p1a: Charizard\n|\n|upkeep\n|\n|t:|1700294507\n|switch|p2a: Banette|Banette, F|100\/100\n|switch|p1a: Skarmory|Skarmory, F|100\/100\n|turn|2\n|\n|t:|1700294511\n|detailschange|p2a: Banette|Banette-Mega, F\n|-mega|p2a: Banette|Banette|Banettite\n|move|p2a: Banette|Taunt|p1a: Skarmory\n|-start|p1a: Skarmory|move: Taunt\n|cant|p1a: Skarmory|move: Taunt|Swords Dance\n|\n|upkeep\n|turn|3\n|\n|t:|1700294520\n|move|p2a: Banette|Poltergeist|p1a: Skarmory\n|-activate|p1a: Skarmory|move: Poltergeist|Fightinium Z\n|-damage|p1a: Skarmory|27\/100\n|-ability|p1a: Skarmory|Weak Armor|boost\n|-unboost|p1a: Skarmory|def|1\n|-boost|p1a: Skarmory|spe|2\n|move|p1a: Skarmory|Iron Head|p2a: Banette\n|-damage|p2a: Banette|31\/100\n|\n|upkeep\n|turn|4\n|\n|t:|1700294529\n|move|p2a: Banette|Destiny Bond|p2a: Banette\n|-singlemove|p2a: Banette|Destiny Bond\n|move|p1a: Skarmory|Iron Head|p2a: Banette\n|-damage|p2a: Banette|0 fnt\n|faint|p2a: Banette\n|-activate|p2a: Banette|move: Destiny Bond\n|faint|p1a: Skarmory\n|\n|upkeep\n|\n|t:|1700294533\n|switch|p2a: Forretress|Forretress, M|100\/100\n|switch|p1a: Sneasler|Sneasler, F|100\/100\n|turn|5\n|\n|t:|1700294536\n|move|p1a: Sneasler|Switcheroo|p2a: Forretress\n|-activate|p1a: Sneasler|move: Trick|[of] p2a: Forretress\n|-item|p2a: Forretress|Choice Scarf|[from] move: Switcheroo\n|-item|p1a: Sneasler|Heavy-Duty Boots|[from] move: Switcheroo\n|move|p2a: Forretress|Thunder Wave|p1a: Sneasler\n|-status|p1a: Sneasler|par\n|\n|upkeep\n|turn|6\n|\n|t:|1700294545\n|switch|p2a: Dragonite|Dragonite, M|100\/100\n|switch|p1a: Arcanine|Arcanine, F|100\/100\n|-ability|p1a: Arcanine|Intimidate|boost\n|-unboost|p2a: Dragonite|atk|1\n|\n|upkeep\n|turn|7\n|\n|t:|1700294556\n|switch|p2a: Forretress|Forretress, M|100\/100\n|move|p1a: Arcanine|Will-O-Wisp|p2a: Forretress\n|-status|p2a: Forretress|brn\n|\n|-damage|p2a: Forretress|94\/100 brn|[from] brn\n|upkeep\n|turn|8\n|c|\u2606AuroraTheQueen|Your team is so predictable with the two revival blessings you dumby\n|\n|t:|1700294581\n|move|p1a: Arcanine|Fire Spin|p2a: Forretress|[miss]\n|-miss|p1a: Arcanine|p2a: Forretress\n|move|p2a: Forretress|Stealth Rock|p1a: Arcanine\n|-sidestart|p1: AuroraTheQueen|move: Stealth Rock\n|\n|-damage|p2a: Forretress|88\/100 brn|[from] brn\n|upkeep\n|turn|9\n|\n|t:|1700294593\n|switch|p2a: Pawmot|Pawmot, M|100\/100\n|move|p1a: Arcanine|Fire Spin|p2a: Pawmot|[miss]\n|-miss|p1a: Arcanine|p2a: Pawmot\n|\n|upkeep\n|turn|10\n|\n|t:|1700294599\n|move|p2a: Pawmot|Thunder Wave|p1a: Arcanine|[miss]\n|-miss|p2a: Pawmot|p1a: Arcanine\n|move|p1a: Arcanine|Will-O-Wisp|p2a: Pawmot\n|-status|p2a: Pawmot|brn\n|\n|-damage|p2a: Pawmot|94\/100 brn|[from] brn\n|upkeep\n|turn|11\n|\n|t:|1700294606\n|switch|p1a: Sneasler|Sneasler, F|100\/100 par\n|move|p2a: Pawmot|Revival Blessing|p2a: Pawmot\n|-enditem|p2a: Pawmot|Leppa Berry|[eat]\n|-activate|p2a: Pawmot|item: Leppa Berry|Revival Blessing|[consumed]\n|\n|t:|1700294609\n|-heal|p2: Victini|50\/100|[from] move: Revival Blessing\n|\n|-damage|p2a: Pawmot|88\/100 brn|[from] brn\n|upkeep\n|turn|12\n|\n|t:|1700294614\n|move|p2a: Pawmot|Revival Blessing|p2a: Pawmot\n|\n|t:|1700294615\n|-heal|p2: Banette|50\/100|[from] move: Revival Blessing\n|cant|p1a: Sneasler|par\n|\n|-damage|p2a: Pawmot|82\/100 brn|[from] brn\n|upkeep\n|turn|13\n|\n|t:|1700294621\n|move|p2a: Pawmot|Double Shock|p1a: Sneasler\n|-damage|p1a: Sneasler|54\/100 par\n|-start|p2a: Pawmot|typechange|???\/Fighting|[from] move: Double Shock\n|move|p1a: Sneasler|Switcheroo|p2a: Pawmot\n|-activate|p1a: Sneasler|move: Trick|[of] p2a: Pawmot\n|-item|p2a: Pawmot|Heavy-Duty Boots|[from] move: Switcheroo\n|-enditem|p1a: Sneasler|Heavy-Duty Boots|[silent]|[from] move: Switcheroo\n|\n|-damage|p2a: Pawmot|76\/100 brn|[from] brn\n|upkeep\n|turn|14\n|\n|t:|1700294632\n|move|p2a: Pawmot|Close Combat|p1a: Sneasler\n|-resisted|p1a: Sneasler\n|-damage|p1a: Sneasler|29\/100 par\n|-unboost|p2a: Pawmot|def|1\n|-unboost|p2a: Pawmot|spd|1\n|move|p1a: Sneasler|Close Combat|p2a: Pawmot\n|-damage|p2a: Pawmot|0 fnt\n|-unboost|p1a: Sneasler|def|1\n|-unboost|p1a: Sneasler|spd|1\n|faint|p2a: Pawmot\n|\n|upkeep\n|\n|t:|1700294639\n|switch|p2a: Dragonite|Dragonite, M|100\/100\n|turn|15\n|\n|t:|1700294643\n|move|p2a: Dragonite|Dragon Dance|p2a: Dragonite\n|-boost|p2a: Dragonite|atk|1\n|-boost|p2a: Dragonite|spe|1\n|move|p1a: Sneasler|Dire Claw|p2a: Dragonite\n|-damage|p2a: Dragonite|74\/100\n|\n|upkeep\n|turn|16\n|\n|t:|1700294650\n|move|p2a: Dragonite|Extreme Speed|p1a: Sneasler\n|-damage|p1a: Sneasler|0 fnt\n|faint|p1a: Sneasler\n|\n|upkeep\n|\n|t:|1700294656\n|switch|p1a: Arcanine|Arcanine, F|100\/100\n|-damage|p1a: Arcanine|76\/100|[from] Stealth Rock\n|-ability|p1a: Arcanine|Intimidate|boost\n|-unboost|p2a: Dragonite|atk|1\n|turn|17\n|\n|t:|1700294660\n|move|p2a: Dragonite|Earthquake|p1a: Arcanine\n|-supereffective|p1a: Arcanine\n|-damage|p1a: Arcanine|0 fnt\n|faint|p1a: Arcanine\n|\n|upkeep\n|\n|t:|1700294662\n|switch|p1a: Meganium|Meganium, M|100\/100\n|-damage|p1a: Meganium|88\/100|[from] Stealth Rock\n|turn|18\n|\n|t:|1700294670\n|move|p2a: Dragonite|Dragon Dance|p2a: Dragonite\n|-boost|p2a: Dragonite|atk|1\n|-boost|p2a: Dragonite|spe|1\n|move|p1a: Meganium|Leech Seed|p2a: Dragonite|[miss]\n|-miss|p1a: Meganium|p2a: Dragonite\n|\n|upkeep\n|turn|19\n|\n|t:|1700294677\n|-terastallize|p2a: Dragonite|Normal\n|move|p2a: Dragonite|Extreme Speed|p1a: Meganium\n|-damage|p1a: Meganium|40\/100\n|move|p1a: Meganium|Leech Seed|p2a: Dragonite\n|-start|p2a: Dragonite|move: Leech Seed\n|\n|-damage|p2a: Dragonite|61\/100|[from] Leech Seed|[of] p1a: Meganium\n|-heal|p1a: Meganium|51\/100|[silent]\n|upkeep\n|turn|20\n|\n|t:|1700294686\n|switch|p2a: Victini|Victini|50\/100\n|move|p1a: Meganium|Giga Drain|p2a: Victini\n|-resisted|p2a: Victini\n|-damage|p2a: Victini|39\/100\n|-heal|p1a: Meganium|57\/100|[from] drain|[of] p2a: Victini\n|\n|upkeep\n|turn|21\n|\n|t:|1700294696\n|move|p2a: Victini|V-create|p1a: Meganium\n|-supereffective|p1a: Meganium\n|-damage|p1a: Meganium|0 fnt\n|-unboost|p2a: Victini|spe|1\n|-unboost|p2a: Victini|def|1\n|-unboost|p2a: Victini|spd|1\n|faint|p1a: Meganium\n|\n|upkeep\n|-message|AuroraTheQueen forfeited.\n|\n|win|Tank Tests\n|raw|AuroraTheQueen's rating: 1244 &rarr; <strong>1226<\/strong><br \/>(-18 for losing)\n|raw|Tank Tests's rating: 1343 &rarr; <strong>1357<\/strong><br \/>(+14 for winning)\n|l|\u2606AuroraTheQueen\n|c|\u2606Tank Tests|Actually I have 4 revival blessings\n","uploadtime":1700294733,"views":26,"p1id":"aurorathequeen","p2id":"tanktests","formatid":"gen9nationaldex","rating":1226,"private":0,"password":""}