{"id":"gen9nationaldex-1997625788","p1":"xingkongzhong","p2":"lbwnb114514","format":"[Gen 9] National Dex","log":"|html|<div class=\"broadcast-blue\"><strong>[Gen 9] National Dex is currently suspecting Sneasler! For information on how to participate check out the <a href=\"https:\/\/www.smogon.com\/forums\/threads\/sv-national-dex-suspect-8-just-dance.3731534\/\">suspect thread<\/a>.<\/strong><\/div>\n|j|\u2606xingkongzhong\n|j|\u2606lbwnb114514\n|t:|1700834610\n|gametype|singles\n|player|p1|xingkongzhong|rosa|1191\n|player|p2|lbwnb114514|265|1303\n|teamsize|p1|6\n|teamsize|p2|6\n|gen|9\n|tier|[Gen 9] National Dex\n|rated|\n|rule|HP Percentage Mod: HP is shown in percentages\n|rule|Endless Battle Clause: Forcing endless battles is banned\n|rule|OHKO Clause: OHKO moves are banned\n|rule|Evasion Clause: Evasion abilities, items, and moves are banned\n|rule|Evasion Abilities Clause: Evasion abilities are banned\n|rule|Evasion Items Clause: Evasion items are banned\n|rule|Evasion Moves Clause: Evasion moves are banned\n|rule|Species Clause: Limit one of each Pok\u00e9mon\n|rule|Sleep Clause Mod: Limit one foe put to sleep\n|clearpoke\n|poke|p1|Charizard, M|\n|poke|p1|Ting-Lu|\n|poke|p1|Tinkaton, F|\n|poke|p1|Gliscor, M|\n|poke|p1|Urshifu-*, F|\n|poke|p1|Kommo-o, F|\n|poke|p2|Sneasler, M|\n|poke|p2|Rillaboom, M|\n|poke|p2|Ursaluna, M|\n|poke|p2|Heatran, M|\n|poke|p2|Zapdos|\n|poke|p2|Empoleon, M|\n|teampreview\n|\n|t:|1700834633\n|start\n|switch|p1a: Charizard|Charizard, M|100\/100\n|switch|p2a: Empoleon|Empoleon, M|100\/100\n|turn|1\n|\n|t:|1700834645\n|detailschange|p1a: Charizard|Charizard-Mega-X, M\n|-mega|p1a: Charizard|Charizard|Charizardite X\n|move|p1a: Charizard|Dragon Dance|p1a: Charizard\n|-boost|p1a: Charizard|atk|1\n|-boost|p1a: Charizard|spe|1\n|move|p2a: Empoleon|Scald|p1a: Charizard\n|-damage|p1a: Charizard|55\/100\n|\n|upkeep\n|turn|2\n|\n|t:|1700834656\n|move|p1a: Charizard|Earthquake|p2a: Empoleon\n|-supereffective|p2a: Empoleon\n|-damage|p2a: Empoleon|0 fnt\n|faint|p2a: Empoleon\n|\n|upkeep\n|\n|t:|1700834671\n|switch|p2a: Ursaluna|Ursaluna, M|100\/100\n|turn|3\n|\n|t:|1700834685\n|move|p1a: Charizard|Flare Blitz|p2a: Ursaluna\n|-damage|p2a: Ursaluna|2\/100\n|-damage|p1a: Charizard|14\/100|[from] Recoil\n|move|p2a: Ursaluna|Headlong Rush|p1a: Charizard\n|-supereffective|p1a: Charizard\n|-damage|p1a: Charizard|0 fnt\n|-unboost|p2a: Ursaluna|def|1\n|-unboost|p2a: Ursaluna|spd|1\n|faint|p1a: Charizard\n|\n|-status|p2a: Ursaluna|brn|[from] item: Flame Orb\n|upkeep\n|\n|t:|1700834698\n|switch|p1a: Kommo-o|Kommo-o, F|100\/100\n|turn|4\n|\n|t:|1700834704\n|move|p1a: Kommo-o|Vacuum Wave|p2a: Ursaluna\n|-supereffective|p2a: Ursaluna\n|-damage|p2a: Ursaluna|0 fnt\n|faint|p2a: Ursaluna\n|\n|upkeep\n|\n|t:|1700834723\n|switch|p2a: Rillaboom|Rillaboom, M|100\/100\n|-fieldstart|move: Grassy Terrain|[from] ability: Grassy Surge|[of] p2a: Rillaboom\n|turn|5\n|\n|t:|1700834731\n|move|p1a: Kommo-o|Clangorous Soul|p1a: Kommo-o\n|-boost|p1a: Kommo-o|atk|1\n|-boost|p1a: Kommo-o|def|1\n|-boost|p1a: Kommo-o|spa|1\n|-boost|p1a: Kommo-o|spd|1\n|-boost|p1a: Kommo-o|spe|1\n|-damage|p1a: Kommo-o|67\/100\n|-enditem|p1a: Kommo-o|Throat Spray\n|-boost|p1a: Kommo-o|spa|1|[from] item: Throat Spray\n|move|p2a: Rillaboom|Wood Hammer|p1a: Kommo-o\n|-resisted|p1a: Kommo-o\n|-damage|p1a: Kommo-o|34\/100\n|-damage|p2a: Rillaboom|92\/100|[from] Recoil\n|\n|-heal|p1a: Kommo-o|40\/100|[from] Grassy Terrain\n|-heal|p2a: Rillaboom|98\/100|[from] Grassy Terrain\n|upkeep\n|turn|6\n|\n|t:|1700834756\n|-terastallize|p1a: Kommo-o|Normal\n|move|p1a: Kommo-o|Boomburst|p2a: Rillaboom\n|-damage|p2a: Rillaboom|0 fnt\n|faint|p2a: Rillaboom\n|\n|-heal|p1a: Kommo-o|46\/100|[from] Grassy Terrain\n|upkeep\n|\n|t:|1700834761\n|switch|p2a: Sneasler|Sneasler, M|100\/100\n|-enditem|p2a: Sneasler|Grassy Seed\n|-boost|p2a: Sneasler|def|1|[from] item: Grassy Seed\n|turn|7\n|\n|t:|1700834771\n|move|p2a: Sneasler|Close Combat|p1a: Kommo-o\n|-supereffective|p1a: Kommo-o\n|-damage|p1a: Kommo-o|0 fnt\n|-unboost|p2a: Sneasler|def|1\n|-unboost|p2a: Sneasler|spd|1\n|faint|p1a: Kommo-o\n|\n|upkeep\n|\n|t:|1700834781\n|switch|p1a: Urshifu|Urshifu-Rapid-Strike, F|100\/100\n|turn|8\n|\n|t:|1700834787\n|-terastallize|p2a: Sneasler|Flying\n|move|p2a: Sneasler|Acrobatics|p1a: Urshifu\n|-supereffective|p1a: Urshifu\n|-damage|p1a: Urshifu|0 fnt\n|faint|p1a: Urshifu\n|\n|upkeep\n|\n|t:|1700834795\n|switch|p1a: Tinkaton|Tinkaton, F|100\/100\n|-ability|p1a: Tinkaton|Mold Breaker\n|-item|p1a: Tinkaton|Air Balloon\n|turn|9\n|\n|t:|1700834803\n|switch|p2a: Heatran|Heatran, M|100\/100\n|move|p1a: Tinkaton|Gigaton Hammer|p2a: Heatran\n|-resisted|p2a: Heatran\n|-damage|p2a: Heatran|89\/100\n|\n|-heal|p2a: Heatran|95\/100|[from] Grassy Terrain\n|-heal|p2a: Heatran|100\/100|[from] item: Leftovers\n|-fieldend|move: Grassy Terrain\n|upkeep\n|turn|10\n|\n|t:|1700834833\n|switch|p1a: Ting-Lu|Ting-Lu|100\/100\n|-ability|p1a: Ting-Lu|Vessel of Ruin\n|move|p2a: Heatran|Magma Storm|p1a: Ting-Lu\n|-damage|p1a: Ting-Lu|68\/100\n|-activate|p1a: Ting-Lu|move: Magma Storm|[of] p2a: Heatran\n|\n|-damage|p1a: Ting-Lu|55\/100|[from] move: Magma Storm|[partiallytrapped]\n|upkeep\n|turn|11\n|\n|t:|1700834846\n|move|p2a: Heatran|Protect|p2a: Heatran\n|-singleturn|p2a: Heatran|Protect\n|move|p1a: Ting-Lu|Earthquake|p2a: Heatran\n|-activate|p2a: Heatran|move: Protect\n|\n|-damage|p1a: Ting-Lu|43\/100|[from] move: Magma Storm|[partiallytrapped]\n|upkeep\n|turn|12\n|\n|t:|1700834854\n|switch|p2a: Sneasler|Sneasler, M, tera:Flying|100\/100\n|move|p1a: Ting-Lu|Earthquake|p2a: Sneasler\n|-immune|p2a: Sneasler\n|\n|-end|p1a: Ting-Lu|Magma Storm|[partiallytrapped]|[silent]\n|upkeep\n|turn|13\n|-message|xingkongzhong forfeited.\n|\n|win|lbwnb114514\n|raw|xingkongzhong's rating: 1191 &rarr; <strong>1174<\/strong><br \/>(-17 for losing)\n|raw|lbwnb114514's rating: 1303 &rarr; <strong>1317<\/strong><br \/>(+14 for winning)\n|l|\u2606xingkongzhong\n","uploadtime":1700834865,"views":0,"p1id":"xingkongzhong","p2id":"lbwnb114514","formatid":"gen9nationaldex","rating":1174,"private":0,"password":""}