{"id":"gen9nationaldex-1987745067","p1":"Jamescz","p2":"Escaliburito","format":"[Gen 9] National Dex","log":"|j|\u2606Jamescz\n|j|\u2606Escaliburito\n|t:|1699633065\n|gametype|singles\n|player|p1|Jamescz|102|1072\n|player|p2|Escaliburito|swimmerf-gen4|1192\n|teamsize|p1|6\n|teamsize|p2|6\n|gen|9\n|tier|[Gen 9] National Dex\n|rated|\n|rule|HP Percentage Mod: HP is shown in percentages\n|rule|Endless Battle Clause: Forcing endless battles is banned\n|rule|OHKO Clause: OHKO moves are banned\n|rule|Evasion Clause: Evasion abilities, items, and moves are banned\n|rule|Evasion Abilities Clause: Evasion abilities are banned\n|rule|Evasion Items Clause: Evasion items are banned\n|rule|Evasion Moves Clause: Evasion moves are banned\n|rule|Species Clause: Limit one of each Pok\u00e9mon\n|rule|Sleep Clause Mod: Limit one foe put to sleep\n|clearpoke\n|poke|p1|Decidueye, F|\n|poke|p1|Incineroar, M|\n|poke|p1|Primarina, F|\n|poke|p1|Cinderace, F|\n|poke|p1|Inteleon, M|\n|poke|p1|Rillaboom, F|\n|poke|p2|Sceptile, M|\n|poke|p2|Heatran, F|\n|poke|p2|Greninja-*, M|\n|poke|p2|Sneasler, F|\n|poke|p2|Dragonite, M|\n|poke|p2|Great Tusk|\n|teampreview\n|\n|t:|1699633070\n|start\n|switch|p1a: Cinderace|Cinderace, F|100\/100\n|switch|p2a: Sage|Sneasler, F|100\/100\n|turn|1\n|\n|t:|1699633082\n|move|p2a: Sage|Fake Out|p1a: Cinderace\n|-damage|p1a: Cinderace|79\/100\n|cant|p1a: Cinderace|flinch\n|\n|upkeep\n|turn|2\n|\n|t:|1699633101\n|switch|p2a: Breach|Great Tusk, shiny|100\/100\n|move|p1a: Cinderace|Pyro Ball|p2a: Breach\n|-damage|p2a: Breach|52\/100\n|\n|-heal|p2a: Breach|58\/100|[from] item: Leftovers\n|upkeep\n|turn|3\n|\n|t:|1699633127\n|move|p1a: Cinderace|U-turn|p2a: Breach\n|-start|p1a: Cinderace|typechange|Bug|[from] ability: Libero\n|-resisted|p2a: Breach\n|-damage|p2a: Breach|46\/100\n|\n|t:|1699633134\n|switch|p1a: Decidueye|Decidueye, F|100\/100|[from] U-turn\n|move|p2a: Breach|Headlong Rush|p1a: Decidueye\n|-resisted|p1a: Decidueye\n|-damage|p1a: Decidueye|58\/100\n|-unboost|p2a: Breach|def|1\n|-unboost|p2a: Breach|spd|1\n|\n|-heal|p2a: Breach|52\/100|[from] item: Leftovers\n|upkeep\n|turn|4\n|\n|t:|1699633156\n|move|p2a: Breach|Ice Spinner|p1a: Decidueye\n|-supereffective|p1a: Decidueye\n|-damage|p1a: Decidueye|0 fnt\n|faint|p1a: Decidueye\n|\n|-heal|p2a: Breach|58\/100|[from] item: Leftovers\n|upkeep\n|\n|t:|1699633163\n|switch|p1a: Inteleon|Inteleon, M|100\/100\n|turn|5\n|\n|t:|1699633169\n|-end|p2a: Breach|Protosynthesis|[silent]\n|switch|p2a: Yoru|Sceptile, M, shiny|100\/100\n|move|p1a: Inteleon|Snipe Shot|p2a: Yoru\n|-resisted|p2a: Yoru\n|-damage|p2a: Yoru|70\/100\n|\n|upkeep\n|turn|6\n|\n|t:|1699633180\n|detailschange|p2a: Yoru|Sceptile-Mega, M, shiny\n|-mega|p2a: Yoru|Sceptile|Sceptilite\n|move|p2a: Yoru|Giga Drain|p1a: Inteleon\n|-supereffective|p1a: Inteleon\n|-crit|p1a: Inteleon\n|-damage|p1a: Inteleon|0 fnt\n|-heal|p2a: Yoru|100\/100|[from] drain|[of] p1a: Inteleon\n|faint|p1a: Inteleon\n|\n|upkeep\n|\n|t:|1699633189\n|switch|p1a: Cinderace|Cinderace, F|79\/100\n|turn|7\n|\n|t:|1699633205\n|move|p2a: Yoru|Dragon Pulse|p1a: Cinderace\n|-damage|p1a: Cinderace|6\/100\n|move|p1a: Cinderace|Pyro Ball|p2a: Yoru\n|-damage|p2a: Yoru|0 fnt\n|faint|p2a: Yoru\n|\n|upkeep\n|c|\u2606Escaliburito|:8\n|\n|t:|1699633215\n|switch|p2a: Viper|Dragonite, M, shiny|100\/100\n|turn|8\n|\n|t:|1699633223\n|move|p2a: Viper|Extreme Speed|p1a: Cinderace\n|-damage|p1a: Cinderace|0 fnt\n|faint|p1a: Cinderace\n|\n|upkeep\n|\n|t:|1699633227\n|switch|p1a: Primarina|Primarina, F|100\/100\n|turn|9\n|\n|t:|1699633239\n|switch|p2a: Sage|Sneasler, F|100\/100\n|move|p1a: Primarina|Moonblast|p2a: Sage\n|-damage|p2a: Sage|33\/100\n|\n|upkeep\n|turn|10\n|\n|t:|1699633248\n|switch|p1a: Incineroar|Incineroar, M|100\/100\n|move|p2a: Sage|Gunk Shot|p1a: Incineroar\n|-damage|p1a: Incineroar|23\/100\n|\n|upkeep\n|turn|11\n|\n|t:|1699633262\n|move|p2a: Sage|Fake Out||[still]\n|-hint|Fake Out only works on your first turn out.\n|-fail|p2a: Sage\n|move|p1a: Incineroar|Flare Blitz|p2a: Sage\n|-damage|p2a: Sage|0 fnt\n|faint|p2a: Sage\n|-damage|p1a: Incineroar|13\/100|[from] Recoil\n|\n|upkeep\n|\n|t:|1699633275\n|switch|p2a: Viper|Dragonite, M, shiny|100\/100\n|turn|12\n|\n|t:|1699633281\n|move|p2a: Viper|Extreme Speed|p1a: Incineroar\n|-damage|p1a: Incineroar|0 fnt\n|faint|p1a: Incineroar\n|\n|upkeep\n|\n|t:|1699633286\n|switch|p1a: Primarina|Primarina, F|100\/100\n|turn|13\n|\n|t:|1699633310\n|move|p2a: Viper|Outrage|p1a: Primarina\n|-immune|p1a: Primarina\n|move|p1a: Primarina|Moonblast|p2a: Viper\n|-supereffective|p2a: Viper\n|-damage|p2a: Viper|65\/100\n|-unboost|p2a: Viper|spa|1\n|\n|upkeep\n|turn|14\n|c|\u2606Escaliburito|xd\n|c|\u2606Jamescz|hihi\n|\n|t:|1699633338\n|move|p2a: Viper|Earthquake|p1a: Primarina\n|-damage|p1a: Primarina|44\/100\n|move|p1a: Primarina|Moonblast|p2a: Viper\n|-supereffective|p2a: Viper\n|-damage|p2a: Viper|0 fnt\n|faint|p2a: Viper\n|\n|upkeep\n|\n|t:|1699633356\n|switch|p2a: Phoenix|Heatran, F, shiny|100\/100\n|-item|p2a: Phoenix|Air Balloon\n|turn|15\n|\n|t:|1699633369\n|move|p2a: Phoenix|Flash Cannon|p1a: Primarina\n|-damage|p1a: Primarina|3\/100\n|move|p1a: Primarina|Hyper Voice|p2a: Phoenix\n|-supereffective|p2a: Phoenix\n|-damage|p2a: Phoenix|4\/100\n|-enditem|p2a: Phoenix|Air Balloon\n|\n|upkeep\n|turn|16\n|\n|t:|1699633378\n|move|p2a: Phoenix|Flash Cannon|p1a: Primarina\n|-damage|p1a: Primarina|0 fnt\n|faint|p1a: Primarina\n|\n|upkeep\n|\n|t:|1699633381\n|switch|p1a: Rillaboom|Rillaboom, F|100\/100\n|turn|17\n|\n|t:|1699633405\n|move|p1a: Rillaboom|Drum Beating|p2a: Phoenix\n|-resisted|p2a: Phoenix\n|-damage|p2a: Phoenix|0 fnt\n|faint|p2a: Phoenix\n|\n|upkeep\n|\n|t:|1699633420\n|switch|p2a: Chamber|Greninja, M, shiny|100\/100\n|turn|18\n|\n|t:|1699633427\n|move|p2a: Chamber|U-turn|p1a: Rillaboom\n|-start|p2a: Chamber|typechange|Bug|[from] ability: Protean\n|-supereffective|p1a: Rillaboom\n|-damage|p1a: Rillaboom|32\/100\n|-damage|p2a: Chamber|91\/100|[from] item: Life Orb\n|\n|t:|1699633433\n|switch|p2a: Breach|Great Tusk, shiny|58\/100|[from] U-turn\n|move|p1a: Rillaboom|Drum Beating|p2a: Breach\n|-supereffective|p2a: Breach\n|-damage|p2a: Breach|0 fnt\n|faint|p2a: Breach\n|-end|p2a: Breach|Protosynthesis|[silent]\n|\n|upkeep\n|\n|t:|1699633439\n|switch|p2a: Chamber|Greninja, M, shiny|91\/100\n|turn|19\n|c|\u2606Escaliburito|gg\n|\n|t:|1699633446\n|-terastallize|p1a: Rillaboom|Ground\n|move|p2a: Chamber|U-turn|p1a: Rillaboom\n|-start|p2a: Chamber|typechange|Bug|[from] ability: Protean\n|-damage|p1a: Rillaboom|1\/100\n|-damage|p2a: Chamber|81\/100|[from] item: Life Orb\n|move|p1a: Rillaboom|Drum Beating|p2a: Chamber\n|-resisted|p2a: Chamber\n|-damage|p2a: Chamber|20\/100\n|-unboost|p2a: Chamber|spe|1\n|\n|upkeep\n|turn|20\n|c|\u2606Escaliburito|WHAT\n|c|\u2606Escaliburito|OMG\n|c|\u2606Jamescz|hihi\n|c|\u2606Jamescz|gg\n|\n|t:|1699633464\n|move|p1a: Rillaboom|Drum Beating|p2a: Chamber\n|-resisted|p2a: Chamber\n|-damage|p2a: Chamber|0 fnt\n|faint|p2a: Chamber\n|\n|win|Jamescz\n|raw|Jamescz's rating: 1072 &rarr; <strong>1111<\/strong><br \/>(+39 for winning)\n|raw|Escaliburito's rating: 1192 &rarr; <strong>1159<\/strong><br \/>(-33 for losing)\n","uploadtime":1699633484,"views":8,"p1id":"jamescz","p2id":"escaliburito","formatid":"gen9nationaldex","rating":1111,"private":0,"password":""}