{"id":"gen9nationaldex-1987979977","p1":"Tsheezi","p2":"EABL XD","format":"[Gen 9] National Dex","log":"|j|\u2606Tsheezi\n|j|\u2606EABL XD\n|t:|1699655470\n|gametype|singles\n|player|p1|Tsheezi|169|1227\n|player|p2|EABL XD|gambler|1277\n|teamsize|p1|6\n|teamsize|p2|6\n|gen|9\n|tier|[Gen 9] National Dex\n|rated|\n|rule|HP Percentage Mod: HP is shown in percentages\n|rule|Endless Battle Clause: Forcing endless battles is banned\n|rule|OHKO Clause: OHKO moves are banned\n|rule|Evasion Clause: Evasion abilities, items, and moves are banned\n|rule|Evasion Abilities Clause: Evasion abilities are banned\n|rule|Evasion Items Clause: Evasion items are banned\n|rule|Evasion Moves Clause: Evasion moves are banned\n|rule|Species Clause: Limit one of each Pok\u00e9mon\n|rule|Sleep Clause Mod: Limit one foe put to sleep\n|clearpoke\n|poke|p1|Swampert, M|\n|poke|p1|Volcanion|\n|poke|p1|Zapdos|\n|poke|p1|Hoopa-Unbound|\n|poke|p1|Scizor, M|\n|poke|p1|Gallade, M|\n|poke|p2|Garganacl, F|\n|poke|p2|Galvantula, M|\n|poke|p2|Great Tusk|\n|poke|p2|Greninja-*, M|\n|poke|p2|Ogerpon-Wellspring, F|\n|poke|p2|Maushold-Four|\n|teampreview\n|\n|t:|1699655481\n|start\n|switch|p1a: Joy Boy|Swampert, M|100\/100\n|switch|p2a: La Gran Tula|Galvantula, M, shiny|100\/100\n|turn|1\n|\n|t:|1699655493\n|switch|p1a: Smoker|Volcanion|100\/100\n|move|p2a: La Gran Tula|Sticky Web|p1a: Smoker\n|-sidestart|p1: Tsheezi|move: Sticky Web\n|\n|upkeep\n|turn|2\n|\n|t:|1699655504\n|switch|p2a: Golem del Maincra|Garganacl, F|100\/100\n|move|p1a: Smoker|Flamethrower|p2a: Golem del Maincra\n|-resisted|p2a: Golem del Maincra\n|-damage|p2a: Golem del Maincra|87\/100\n|\n|upkeep\n|turn|3\n|inactive|Battle timer is ON: inactive players will automatically lose when time's up. (requested by Tsheezi)\n|\n|t:|1699655520\n|move|p1a: Smoker|Steam Eruption|p2a: Golem del Maincra\n|-supereffective|p2a: Golem del Maincra\n|-damage|p2a: Golem del Maincra|22\/100\n|move|p2a: Golem del Maincra|Salt Cure|p1a: Smoker\n|-supereffective|p1a: Smoker\n|-damage|p1a: Smoker|76\/100\n|-start|p1a: Smoker|Salt Cure\n|\n|-damage|p1a: Smoker|51\/100|[from] Salt Cure\n|upkeep\n|turn|4\n|\n|t:|1699655534\n|switch|p2a: El Ninja|Greninja, M|100\/100\n|move|p1a: Smoker|Scorching Sands|p2a: El Ninja\n|-damage|p2a: El Ninja|56\/100\n|\n|-damage|p1a: Smoker|26\/100|[from] Salt Cure\n|upkeep\n|turn|5\n|\n|t:|1699655543\n|move|p2a: El Ninja|Dark Pulse|p1a: Smoker\n|-damage|p1a: Smoker|0 fnt\n|faint|p1a: Smoker\n|-ability|p2a: El Ninja|Battle Bond|boost\n|-boost|p2a: El Ninja|atk|1\n|-boost|p2a: El Ninja|spa|1\n|-boost|p2a: El Ninja|spe|1\n|-activate|p2a: El Ninja|ability: Battle Bond\n|-damage|p2a: El Ninja|46\/100|[from] item: Life Orb\n|\n|upkeep\n|\n|t:|1699655560\n|switch|p1a: Zapdos|Zapdos|100\/100\n|turn|6\n|\n|t:|1699655568\n|move|p2a: El Ninja|Ice Beam|p1a: Zapdos\n|-supereffective|p1a: Zapdos\n|-damage|p1a: Zapdos|0 fnt\n|faint|p1a: Zapdos\n|-damage|p2a: El Ninja|37\/100|[from] item: Life Orb\n|\n|upkeep\n|\n|t:|1699655577\n|switch|p1a: Scizor|Scizor, M|100\/100\n|-activate|p1a: Scizor|move: Sticky Web\n|-unboost|p1a: Scizor|spe|1\n|turn|7\n|\n|t:|1699655589\n|move|p2a: El Ninja|Dark Pulse|p1a: Scizor\n|-damage|p1a: Scizor|12\/100\n|-damage|p2a: El Ninja|27\/100|[from] item: Life Orb\n|move|p1a: Scizor|Bug Bite|p2a: El Ninja\n|-supereffective|p2a: El Ninja\n|-damage|p2a: El Ninja|0 fnt\n|faint|p2a: El Ninja\n|\n|upkeep\n|\n|t:|1699655601\n|switch|p2a: La Gran Tula|Galvantula, M, shiny|100\/100\n|turn|8\n|\n|t:|1699655606\n|move|p2a: La Gran Tula|Thunder Wave|p1a: Scizor\n|-status|p1a: Scizor|par\n|cant|p1a: Scizor|par\n|\n|upkeep\n|turn|9\n|\n|t:|1699655613\n|switch|p2a: Golem del Maincra|Garganacl, F|22\/100\n|cant|p1a: Scizor|par\n|\n|upkeep\n|turn|10\n|\n|t:|1699655619\n|move|p1a: Scizor|Bullet Punch|p2a: Golem del Maincra\n|-supereffective|p2a: Golem del Maincra\n|-damage|p2a: Golem del Maincra|0 fnt\n|faint|p2a: Golem del Maincra\n|\n|upkeep\n|\n|t:|1699655622\n|switch|p2a: Familia \ud83d\ude10\ud83d\udc4d\ud83c\udffd|Maushold-Four|100\/100\n|turn|11\n|\n|t:|1699655628\n|-terastallize|p1a: Scizor|Fighting\n|move|p2a: Familia \ud83d\ude10\ud83d\udc4d\ud83c\udffd|Tidy Up|p2a: Familia \ud83d\ude10\ud83d\udc4d\ud83c\udffd\n|-sideend|p1: Tsheezi|Sticky Web\n|-activate|p2a: Familia \ud83d\ude10\ud83d\udc4d\ud83c\udffd|move: Tidy Up\n|-boost|p2a: Familia \ud83d\ude10\ud83d\udc4d\ud83c\udffd|atk|1\n|-boost|p2a: Familia \ud83d\ude10\ud83d\udc4d\ud83c\udffd|spe|1\n|move|p1a: Scizor|Close Combat|p2a: Familia \ud83d\ude10\ud83d\udc4d\ud83c\udffd\n|-supereffective|p2a: Familia \ud83d\ude10\ud83d\udc4d\ud83c\udffd\n|-damage|p2a: Familia \ud83d\ude10\ud83d\udc4d\ud83c\udffd|0 fnt\n|-unboost|p1a: Scizor|def|1\n|-unboost|p1a: Scizor|spd|1\n|faint|p2a: Familia \ud83d\ude10\ud83d\udc4d\ud83c\udffd\n|\n|upkeep\n|\n|t:|1699655638\n|switch|p2a: La Gran Tula|Galvantula, M, shiny|100\/100\n|turn|12\n|\n|t:|1699655642\n|move|p2a: La Gran Tula|Sticky Web|p1a: Scizor\n|-sidestart|p1: Tsheezi|move: Sticky Web\n|move|p1a: Scizor|Dual Wingbeat|p2a: La Gran Tula|[miss]\n|-miss|p1a: Scizor|p2a: La Gran Tula\n|\n|upkeep\n|turn|13\n|\n|t:|1699655651\n|move|p2a: La Gran Tula|Bug Buzz|p1a: Scizor\n|-resisted|p1a: Scizor\n|-damage|p1a: Scizor|0 fnt\n|faint|p1a: Scizor\n|\n|upkeep\n|inactive|Tsheezi has 120 seconds left.\n|\n|t:|1699655691\n|switch|p1a: Hoopa|Hoopa-Unbound|100\/100\n|-activate|p1a: Hoopa|move: Sticky Web\n|-unboost|p1a: Hoopa|spe|1\n|turn|14\n|\n|t:|1699655705\n|move|p2a: La Gran Tula|Bug Buzz|p1a: Hoopa\n|-supereffective|p1a: Hoopa\n|-damage|p1a: Hoopa|0 fnt\n|faint|p1a: Hoopa\n|\n|upkeep\n|\n|t:|1699655711\n|switch|p1a: Zoro|Gallade, M, shiny|100\/100\n|-activate|p1a: Zoro|move: Sticky Web\n|-unboost|p1a: Zoro|spe|1\n|turn|15\n|inactive|Tsheezi has 120 seconds left.\n|\n|t:|1699655720\n|detailschange|p1a: Zoro|Gallade-Mega, M, shiny\n|-mega|p1a: Zoro|Gallade|Galladite\n|move|p2a: La Gran Tula|Thunder|p1a: Zoro\n|-damage|p1a: Zoro|50\/100\n|move|p1a: Zoro|Psycho Cut|p2a: La Gran Tula\n|-damage|p2a: La Gran Tula|23\/100\n|\n|upkeep\n|turn|16\n|\n|t:|1699655729\n|switch|p1a: Joy Boy|Swampert, M|100\/100\n|-activate|p1a: Joy Boy|move: Sticky Web\n|-unboost|p1a: Joy Boy|spe|1\n|move|p2a: La Gran Tula|Thunder Wave|p1a: Joy Boy\n|-immune|p1a: Joy Boy\n|\n|upkeep\n|turn|17\n|\n|t:|1699655737\n|move|p2a: La Gran Tula|Bug Buzz|p1a: Joy Boy\n|-damage|p1a: Joy Boy|72\/100\n|move|p1a: Joy Boy|Liquidation|p2a: La Gran Tula\n|-damage|p2a: La Gran Tula|0 fnt\n|faint|p2a: La Gran Tula\n|\n|upkeep\n|\n|t:|1699655746\n|switch|p2a: Bonita|Ogerpon-Wellspring, F|100\/100\n|turn|18\n|\n|t:|1699655760\n|-terastallize|p2a: Bonita|Water\n|detailschange|p2a: Bonita|Ogerpon-Wellspring-Tera, F, tera:Water\n|-ability|p2a: Bonita|Embody Aspect (Wellspring)|boost\n|-boost|p2a: Bonita|spd|1\n|move|p2a: Bonita|Ivy Cudgel|p1a: Joy Boy\n|-damage|p1a: Joy Boy|1\/100\n|move|p1a: Joy Boy|Endeavor|p2a: Bonita\n|-damage|p2a: Bonita|1\/100\n|\n|upkeep\n|turn|19\n|\n|t:|1699655774\n|move|p2a: Bonita|Horn Leech|p1a: Joy Boy\n|-supereffective|p1a: Joy Boy\n|-damage|p1a: Joy Boy|0 fnt\n|-heal|p2a: Bonita|1\/100|[from] drain|[of] p1a: Joy Boy\n|faint|p1a: Joy Boy\n|\n|upkeep\n|\n|t:|1699655780\n|switch|p1a: Zoro|Gallade-Mega, M, shiny|50\/100\n|-activate|p1a: Zoro|move: Sticky Web\n|-unboost|p1a: Zoro|spe|1\n|turn|20\n|\n|t:|1699655785\n|move|p2a: Bonita|Horn Leech|p1a: Zoro\n|-damage|p1a: Zoro|0 fnt\n|-heal|p2a: Bonita|24\/100|[from] drain|[of] p1a: Zoro\n|faint|p1a: Zoro\n|\n|win|EABL XD\n|raw|Tsheezi's rating: 1227 &rarr; <strong>1206<\/strong><br \/>(-21 for losing)\n|raw|EABL XD's rating: 1277 &rarr; <strong>1298<\/strong><br \/>(+21 for winning)\n","uploadtime":1699655790,"views":4,"p1id":"tsheezi","p2id":"eablxd","formatid":"gen9nationaldex","rating":1206,"private":0,"password":""}