{"id":"gen9nationaldex-1996052405","p1":"daybreak wave3","p2":"Zxkrente2","format":"[Gen 9] National Dex","log":"|html|<div class=\"broadcast-blue\"><strong>[Gen 9] National Dex is currently suspecting Sneasler! For information on how to participate check out the <a href=\"https:\/\/www.smogon.com\/forums\/threads\/sv-national-dex-suspect-8-just-dance.3731534\/\">suspect thread<\/a>.<\/strong><\/div>\n|j|\u2606daybreak wave3\n|j|\u2606Zxkrente2\n|t:|1700635924\n|gametype|singles\n|player|p1|daybreak wave3|lillie-masters2|1454\n|player|p2|Zxkrente2|parasollady|1376\n|teamsize|p1|6\n|teamsize|p2|6\n|gen|9\n|tier|[Gen 9] National Dex\n|rated|\n|rule|HP Percentage Mod: HP is shown in percentages\n|rule|Endless Battle Clause: Forcing endless battles is banned\n|rule|OHKO Clause: OHKO moves are banned\n|rule|Evasion Clause: Evasion abilities, items, and moves are banned\n|rule|Evasion Abilities Clause: Evasion abilities are banned\n|rule|Evasion Items Clause: Evasion items are banned\n|rule|Evasion Moves Clause: Evasion moves are banned\n|rule|Species Clause: Limit one of each Pok\u00e9mon\n|rule|Sleep Clause Mod: Limit one foe put to sleep\n|clearpoke\n|poke|p1|Aegislash, M|\n|poke|p1|Ogerpon-Wellspring, F|\n|poke|p1|Moltres|\n|poke|p1|Clodsire, M|\n|poke|p1|Tapu Koko|\n|poke|p1|Garganacl, F|\n|poke|p2|Pinsir, M|\n|poke|p2|Rotom-Wash|\n|poke|p2|Iron Valiant|\n|poke|p2|Corviknight, M|\n|poke|p2|Clodsire, M|\n|poke|p2|Kyurem|\n|teampreview\n|\n|t:|1700635934\n|start\n|switch|p1a: Garganacl|Garganacl, F|100\/100\n|switch|p2a: Iron Valiant|Iron Valiant|100\/100\n|turn|1\n|\n|t:|1700635940\n|switch|p1a: \u70c8\u7bad\u9e70|Moltres|100\/100\n|move|p2a: Iron Valiant|Trick|p1a: \u70c8\u7bad\u9e70\n|-activate|p2a: Iron Valiant|move: Trick|[of] p1a: \u70c8\u7bad\u9e70\n|-item|p1a: \u70c8\u7bad\u9e70|Choice Scarf|[from] move: Trick\n|-item|p2a: Iron Valiant|Heavy-Duty Boots|[from] move: Trick\n|\n|upkeep\n|turn|2\n|inactive|Battle timer is ON: inactive players will automatically lose when time's up. (requested by Zxkrente2)\n|\n|t:|1700635950\n|move|p2a: Iron Valiant|Thunderbolt|p1a: \u70c8\u7bad\u9e70\n|-supereffective|p1a: \u70c8\u7bad\u9e70\n|-damage|p1a: \u70c8\u7bad\u9e70|42\/100\n|move|p1a: \u70c8\u7bad\u9e70|U-turn|p2a: Iron Valiant\n|-resisted|p2a: Iron Valiant\n|-damage|p2a: Iron Valiant|96\/100\n|\n|t:|1700635971\n|switch|p1a: \u585e\u8c6a\u5bcc|Aegislash, M, shiny|100\/100|[from] U-turn\n|\n|upkeep\n|turn|3\n|\n|t:|1700635976\n|-end|p2a: Iron Valiant|Quark Drive|[silent]\n|switch|p2a: Corviknight|Corviknight, M|100\/100\n|-ability|p2a: Corviknight|Pressure\n|-zpower|p1a: \u585e\u8c6a\u5bcc\n|-formechange|p1a: \u585e\u8c6a\u5bcc|Aegislash-Blade||[from] ability: Stance Change\n|move|p1a: \u585e\u8c6a\u5bcc|Never-Ending Nightmare|p2a: Corviknight|[zeffect]\n|-damage|p2a: Corviknight|1\/100\n|\n|upkeep\n|turn|4\n|\n|t:|1700635990\n|switch|p2a: Clodsire|Clodsire, M|100\/100\n|move|p1a: \u585e\u8c6a\u5bcc|Shadow Sneak|p2a: Clodsire\n|-damage|p2a: Clodsire|80\/100\n|\n|-heal|p2a: Clodsire|87\/100|[from] item: Leftovers\n|upkeep\n|turn|5\n|\n|t:|1700636002\n|switch|p1a: Ogerpon|Ogerpon-Wellspring, F|100\/100\n|move|p2a: Clodsire|Stealth Rock|p1a: Ogerpon\n|-sidestart|p1: daybreak wave3|move: Stealth Rock\n|\n|-heal|p2a: Clodsire|93\/100|[from] item: Leftovers\n|upkeep\n|turn|6\n|\n|t:|1700636007\n|move|p1a: Ogerpon|Taunt|p2a: Clodsire\n|-start|p2a: Clodsire|move: Taunt\n|cant|p2a: Clodsire|move: Taunt|Toxic\n|\n|-heal|p2a: Clodsire|99\/100|[from] item: Leftovers\n|upkeep\n|turn|7\n|\n|t:|1700636015\n|switch|p2a: Kyurem|Kyurem|100\/100\n|-ability|p2a: Kyurem|Pressure\n|move|p1a: Ogerpon|Swords Dance|p1a: Ogerpon\n|-boost|p1a: Ogerpon|atk|2\n|\n|upkeep\n|turn|8\n|\n|t:|1700636026\n|-terastallize|p1a: Ogerpon|Water\n|detailschange|p1a: Ogerpon|Ogerpon-Wellspring-Tera, F, tera:Water\n|-ability|p1a: Ogerpon|Embody Aspect (Wellspring)|boost\n|-boost|p1a: Ogerpon|spd|1\n|move|p1a: Ogerpon|Ivy Cudgel|p2a: Kyurem|[anim] Ivy Cudgel Water\n|-resisted|p2a: Kyurem\n|-damage|p2a: Kyurem|38\/100\n|move|p2a: Kyurem|Freeze-Dry|p1a: Ogerpon\n|-supereffective|p1a: Ogerpon\n|-damage|p1a: Ogerpon|42\/100\n|\n|upkeep\n|turn|9\n|\n|t:|1700636041\n|move|p1a: Ogerpon|Ivy Cudgel|p2a: Kyurem|[anim] Ivy Cudgel Water\n|-resisted|p2a: Kyurem\n|-crit|p2a: Kyurem\n|-damage|p2a: Kyurem|0 fnt\n|faint|p2a: Kyurem\n|\n|upkeep\n|\n|t:|1700636057\n|switch|p2a: Rotom|Rotom-Wash|100\/100\n|turn|10\n|\n|t:|1700636061\n|move|p1a: Ogerpon|Horn Leech|p2a: Rotom\n|-supereffective|p2a: Rotom\n|-damage|p2a: Rotom|0 fnt\n|-heal|p1a: Ogerpon|93\/100|[from] drain|[of] p2a: Rotom\n|faint|p2a: Rotom\n|\n|upkeep\n|\n|t:|1700636067\n|switch|p2a: Clodsire|Clodsire, M|99\/100\n|turn|11\n|\n|t:|1700636077\n|move|p1a: Ogerpon|Taunt|p2a: Clodsire\n|-start|p2a: Clodsire|move: Taunt\n|cant|p2a: Clodsire|move: Taunt|Toxic\n|\n|-heal|p2a: Clodsire|100\/100|[from] item: Leftovers\n|upkeep\n|turn|12\n|\n|t:|1700636086\n|move|p1a: Ogerpon|Horn Leech|p2a: Clodsire\n|-damage|p2a: Clodsire|9\/100\n|-heal|p1a: Ogerpon|100\/100|[from] drain|[of] p2a: Clodsire\n|move|p2a: Clodsire|Earthquake|p1a: Ogerpon\n|-damage|p1a: Ogerpon|65\/100\n|\n|-heal|p2a: Clodsire|15\/100|[from] item: Leftovers\n|upkeep\n|turn|13\n|\n|t:|1700636092\n|move|p1a: Ogerpon|Horn Leech|p2a: Clodsire\n|-damage|p2a: Clodsire|0 fnt\n|-heal|p1a: Ogerpon|77\/100|[from] drain|[of] p2a: Clodsire\n|faint|p2a: Clodsire\n|\n|upkeep\n|\n|t:|1700636095\n|switch|p2a: Iron Valiant|Iron Valiant|96\/100\n|turn|14\n|\n|t:|1700636102\n|move|p2a: Iron Valiant|Close Combat|p1a: Ogerpon\n|-damage|p1a: Ogerpon|10\/100\n|-unboost|p2a: Iron Valiant|def|1\n|-unboost|p2a: Iron Valiant|spd|1\n|move|p1a: Ogerpon|Horn Leech|p2a: Iron Valiant\n|-damage|p2a: Iron Valiant|0 fnt\n|-heal|p1a: Ogerpon|56\/100|[from] drain|[of] p2a: Iron Valiant\n|faint|p2a: Iron Valiant\n|-end|p2a: Iron Valiant|Quark Drive|[silent]\n|\n|upkeep\n|\n|t:|1700636105\n|switch|p2a: Pinsir|Pinsir, M|100\/100\n|turn|15\n|\n|t:|1700636120\n|detailschange|p2a: Pinsir|Pinsir-Mega, M\n|-mega|p2a: Pinsir|Pinsir|Pinsirite\n|move|p2a: Pinsir|Quick Attack|p1a: Ogerpon\n|-damage|p1a: Ogerpon|19\/100\n|move|p1a: Ogerpon|Ivy Cudgel|p2a: Pinsir|[anim] Ivy Cudgel Water\n|-damage|p2a: Pinsir|0 fnt\n|faint|p2a: Pinsir\n|\n|upkeep\n|\n|t:|1700636124\n|switch|p2a: Corviknight|Corviknight, M|1\/100\n|-ability|p2a: Corviknight|Pressure\n|turn|16\n|\n|t:|1700636129\n|move|p1a: Ogerpon|Ivy Cudgel|p2a: Corviknight|[anim] Ivy Cudgel Water\n|-damage|p2a: Corviknight|0 fnt\n|faint|p2a: Corviknight\n|\n|win|daybreak wave3\n|raw|daybreak wave3's rating: 1454 &rarr; <strong>1470<\/strong><br \/>(+16 for winning)\n|raw|Zxkrente2's rating: 1376 &rarr; <strong>1360<\/strong><br \/>(-16 for losing)\n","uploadtime":1700636135,"views":0,"p1id":"daybreakwave3","p2id":"zxkrente2","formatid":"gen9nationaldex","rating":1360,"private":0,"password":""}