{"id":"gen9nationaldex-1994474721","p1":"Glass101","p2":"shwap","format":"[Gen 9] National Dex","log":"|j|\u2606Glass101\n|j|\u2606shwap\n|t:|1700448155\n|gametype|singles\n|player|p1|Glass101|1|1484\n|player|p2|shwap|169|1384\n|teamsize|p1|6\n|teamsize|p2|6\n|gen|9\n|tier|[Gen 9] National Dex\n|rated|\n|rule|HP Percentage Mod: HP is shown in percentages\n|rule|Endless Battle Clause: Forcing endless battles is banned\n|rule|OHKO Clause: OHKO moves are banned\n|rule|Evasion Clause: Evasion abilities, items, and moves are banned\n|rule|Evasion Abilities Clause: Evasion abilities are banned\n|rule|Evasion Items Clause: Evasion items are banned\n|rule|Evasion Moves Clause: Evasion moves are banned\n|rule|Species Clause: Limit one of each Pok\u00e9mon\n|rule|Sleep Clause Mod: Limit one foe put to sleep\n|clearpoke\n|poke|p1|Scolipede, M|\n|poke|p1|Ceruledge, F|\n|poke|p1|Toxapex, M|\n|poke|p1|Cresselia, F|\n|poke|p1|Garchomp, M|\n|poke|p1|Clodsire, F|\n|poke|p2|Beedrill, F|\n|poke|p2|Garganacl, F|\n|poke|p2|Dragonite, M|\n|poke|p2|Ferrothorn, F|\n|poke|p2|Glimmora, M|\n|poke|p2|Tapu Koko|\n|teampreview\n|inactive|Battle timer is ON: inactive players will automatically lose when time's up. (requested by shwap)\n|\n|t:|1700448158\n|start\n|switch|p1a: Garchomp|Garchomp, M|100\/100\n|switch|p2a: Beedrill|Beedrill, F|100\/100\n|turn|1\n|\n|t:|1700448166\n|detailschange|p2a: Beedrill|Beedrill-Mega, F\n|-mega|p2a: Beedrill|Beedrill|Beedrillite\n|move|p2a: Beedrill|U-turn|p1a: Garchomp\n|-damage|p1a: Garchomp|50\/100\n|-damage|p2a: Beedrill|88\/100|[from] ability: Rough Skin|[of] p1a: Garchomp\n|\n|t:|1700448171\n|switch|p2a: Glimmora|Glimmora, M|100\/100|[from] U-turn\n|move|p1a: Garchomp|Hone Claws|p1a: Garchomp\n|-boost|p1a: Garchomp|atk|1\n|-boost|p1a: Garchomp|accuracy|1\n|\n|upkeep\n|turn|2\n|\n|t:|1700448178\n|switch|p2a: Ferrothorn|Ferrothorn, F|100\/100\n|move|p1a: Garchomp|Earthquake|p2a: Ferrothorn\n|-damage|p2a: Ferrothorn|48\/100\n|\n|-heal|p2a: Ferrothorn|54\/100|[from] item: Leftovers\n|upkeep\n|turn|3\n|\n|t:|1700448182\n|move|p2a: Ferrothorn|Protect|p2a: Ferrothorn\n|-singleturn|p2a: Ferrothorn|Protect\n|move|p1a: Garchomp|Fire Blast|p2a: Ferrothorn\n|-activate|p2a: Ferrothorn|move: Protect\n|\n|-heal|p2a: Ferrothorn|60\/100|[from] item: Leftovers\n|upkeep\n|turn|4\n|\n|t:|1700448187\n|-terastallize|p2a: Ferrothorn|Water\n|move|p1a: Garchomp|Earthquake|p2a: Ferrothorn\n|-crit|p2a: Ferrothorn\n|-damage|p2a: Ferrothorn|0 fnt\n|faint|p2a: Ferrothorn\n|\n|upkeep\n|\n|t:|1700448193\n|switch|p2a: Beedrill|Beedrill-Mega, F|88\/100\n|turn|5\n|\n|t:|1700448195\n|switch|p1a: Toxapex|Toxapex, M|100\/100\n|move|p2a: Beedrill|U-turn|p1a: Toxapex\n|-resisted|p1a: Toxapex\n|-damage|p1a: Toxapex|80\/100\n|-damage|p2a: Beedrill|72\/100|[from] item: Rocky Helmet|[of] p1a: Toxapex\n|\n|t:|1700448198\n|switch|p2a: Tapu Koko|Tapu Koko|100\/100|[from] U-turn\n|-fieldstart|move: Electric Terrain|[from] ability: Electric Surge|[of] p2a: Tapu Koko\n|\n|upkeep\n|turn|6\n|\n|t:|1700448201\n|switch|p1a: Clodsire|Clodsire, F|100\/100\n|move|p2a: Tapu Koko|Volt Switch|p1a: Clodsire\n|-immune|p1a: Clodsire\n|\n|upkeep\n|turn|7\n|\n|t:|1700448204\n|switch|p2a: Garganacl|Garganacl, F|100\/100\n|move|p1a: Clodsire|Toxic|p2a: Garganacl\n|-immune|p2a: Garganacl|[from] ability: Purifying Salt\n|\n|upkeep\n|turn|8\n|\n|t:|1700448208\n|switch|p1a: Garchomp|Garchomp, M|50\/100\n|move|p2a: Garganacl|Salt Cure|p1a: Garchomp\n|-resisted|p1a: Garchomp\n|-damage|p1a: Garchomp|42\/100\n|-start|p1a: Garchomp|Salt Cure\n|\n|-damage|p1a: Garchomp|30\/100|[from] Salt Cure\n|upkeep\n|turn|9\n|\n|t:|1700448212\n|move|p2a: Garganacl|Protect|p2a: Garganacl\n|-singleturn|p2a: Garganacl|Protect\n|move|p1a: Garchomp|Earthquake|p2a: Garganacl\n|-activate|p2a: Garganacl|move: Protect\n|\n|-damage|p1a: Garchomp|17\/100|[from] Salt Cure\n|-fieldend|move: Electric Terrain\n|upkeep\n|turn|10\n|\n|t:|1700448215\n|switch|p1a: Clodsire|Clodsire, F|100\/100\n|move|p2a: Garganacl|Curse|p2a: Garganacl\n|-unboost|p2a: Garganacl|spe|1\n|-boost|p2a: Garganacl|atk|1\n|-boost|p2a: Garganacl|def|1\n|\n|upkeep\n|turn|11\n|\n|t:|1700448218\n|switch|p1a: Mr Blue sky|Cresselia, F, shiny|100\/100\n|move|p2a: Garganacl|Salt Cure|p1a: Mr Blue sky\n|-damage|p1a: Mr Blue sky|89\/100\n|\n|upkeep\n|turn|12\n|\n|t:|1700448220\n|move|p1a: Mr Blue sky|Calm Mind|p1a: Mr Blue sky\n|-boost|p1a: Mr Blue sky|spa|1\n|-boost|p1a: Mr Blue sky|spd|1\n|move|p2a: Garganacl|Curse|p2a: Garganacl\n|-unboost|p2a: Garganacl|spe|1\n|-boost|p2a: Garganacl|atk|1\n|-boost|p2a: Garganacl|def|1\n|\n|upkeep\n|turn|13\n|\n|t:|1700448222\n|move|p1a: Mr Blue sky|Calm Mind|p1a: Mr Blue sky\n|-boost|p1a: Mr Blue sky|spa|1\n|-boost|p1a: Mr Blue sky|spd|1\n|move|p2a: Garganacl|Salt Cure|p1a: Mr Blue sky\n|-damage|p1a: Mr Blue sky|75\/100\n|\n|upkeep\n|turn|14\n|\n|t:|1700448224\n|move|p1a: Mr Blue sky|Calm Mind|p1a: Mr Blue sky\n|-boost|p1a: Mr Blue sky|spa|1\n|-boost|p1a: Mr Blue sky|spd|1\n|move|p2a: Garganacl|Curse|p2a: Garganacl\n|-unboost|p2a: Garganacl|spe|1\n|-boost|p2a: Garganacl|atk|1\n|-boost|p2a: Garganacl|def|1\n|\n|upkeep\n|turn|15\n|\n|t:|1700448225\n|move|p1a: Mr Blue sky|Calm Mind|p1a: Mr Blue sky\n|-boost|p1a: Mr Blue sky|spa|1\n|-boost|p1a: Mr Blue sky|spd|1\n|move|p2a: Garganacl|Curse|p2a: Garganacl\n|-unboost|p2a: Garganacl|spe|1\n|-boost|p2a: Garganacl|atk|1\n|-boost|p2a: Garganacl|def|1\n|\n|upkeep\n|turn|16\n|\n|t:|1700448227\n|move|p1a: Mr Blue sky|Stored Power|p2a: Garganacl\n|-damage|p2a: Garganacl|7\/100\n|move|p2a: Garganacl|Salt Cure|p1a: Mr Blue sky\n|-damage|p1a: Mr Blue sky|54\/100\n|\n|-heal|p2a: Garganacl|13\/100|[from] item: Leftovers\n|upkeep\n|turn|17\n|\n|t:|1700448230\n|move|p2a: Garganacl|Protect|p2a: Garganacl\n|-singleturn|p2a: Garganacl|Protect\n|move|p1a: Mr Blue sky|Moonlight|p1a: Mr Blue sky\n|-heal|p1a: Mr Blue sky|100\/100\n|\n|-heal|p2a: Garganacl|19\/100|[from] item: Leftovers\n|upkeep\n|turn|18\n|\n|t:|1700448235\n|move|p2a: Garganacl|Protect||[still]\n|-fail|p2a: Garganacl\n|move|p1a: Mr Blue sky|Stored Power|p2a: Garganacl\n|-damage|p2a: Garganacl|0 fnt\n|faint|p2a: Garganacl\n|\n|upkeep\n|\n|t:|1700448237\n|switch|p2a: Tapu Koko|Tapu Koko|100\/100\n|-fieldstart|move: Electric Terrain|[from] ability: Electric Surge|[of] p2a: Tapu Koko\n|turn|19\n|\n|t:|1700448239\n|move|p2a: Tapu Koko|Toxic|p1a: Mr Blue sky\n|-status|p1a: Mr Blue sky|tox\n|move|p1a: Mr Blue sky|Stored Power|p2a: Tapu Koko\n|-damage|p2a: Tapu Koko|0 fnt\n|faint|p2a: Tapu Koko\n|\n|-damage|p1a: Mr Blue sky|94\/100 tox|[from] psn\n|upkeep\n|\n|t:|1700448245\n|switch|p2a: Beedrill|Beedrill-Mega, F|72\/100\n|turn|20\n|\n|t:|1700448247\n|-terastallize|p1a: Mr Blue sky|Poison\n|move|p2a: Beedrill|U-turn|p1a: Mr Blue sky\n|-resisted|p1a: Mr Blue sky\n|-damage|p1a: Mr Blue sky|80\/100 tox\n|\n|t:|1700448251\n|switch|p2a: Glimmora|Glimmora, M|100\/100|[from] U-turn\n|move|p1a: Mr Blue sky|Stored Power|p2a: Glimmora\n|-supereffective|p2a: Glimmora\n|-enditem|p2a: Glimmora|Focus Sash\n|-damage|p2a: Glimmora|1\/100\n|\n|-damage|p1a: Mr Blue sky|67\/100 tox|[from] psn\n|upkeep\n|turn|21\n|\n|t:|1700448256\n|move|p2a: Glimmora|Stealth Rock|p1a: Mr Blue sky\n|-sidestart|p1: Glass101|move: Stealth Rock\n|move|p1a: Mr Blue sky|Stored Power|p2a: Glimmora\n|-supereffective|p2a: Glimmora\n|-damage|p2a: Glimmora|0 fnt\n|faint|p2a: Glimmora\n|\n|-damage|p1a: Mr Blue sky|49\/100 tox|[from] psn\n|upkeep\n|\n|t:|1700448260\n|switch|p2a: Dragonite|Dragonite, M|100\/100\n|turn|22\n|\n|t:|1700448263\n|move|p2a: Dragonite|Dragon Dance|p2a: Dragonite\n|-boost|p2a: Dragonite|atk|1\n|-boost|p2a: Dragonite|spe|1\n|move|p1a: Mr Blue sky|Stored Power|p2a: Dragonite\n|-damage|p2a: Dragonite|22\/100\n|\n|-damage|p1a: Mr Blue sky|25\/100 tox|[from] psn\n|upkeep\n|turn|23\n|\n|t:|1700448267\n|move|p2a: Dragonite|Dragon Claw|p1a: Mr Blue sky\n|-damage|p1a: Mr Blue sky|0 fnt\n|faint|p1a: Mr Blue sky\n|-damage|p2a: Dragonite|12\/100|[from] item: Life Orb\n|\n|-fieldend|move: Electric Terrain\n|upkeep\n|\n|t:|1700448275\n|switch|p1a: Garchomp|Garchomp, M|17\/100\n|-damage|p1a: Garchomp|11\/100|[from] Stealth Rock\n|turn|24\n|\n|t:|1700448278\n|move|p2a: Dragonite|Extreme Speed|p1a: Garchomp\n|-damage|p1a: Garchomp|0 fnt\n|-damage|p2a: Dragonite|0 fnt|[from] ability: Rough Skin|[of] p1a: Garchomp\n|faint|p1a: Garchomp\n|faint|p2a: Dragonite\n|\n|upkeep\n|\n|t:|1700448280\n|switch|p1a: Clodsire|Clodsire, F|100\/100\n|switch|p2a: Beedrill|Beedrill-Mega, F|72\/100\n|-damage|p1a: Clodsire|94\/100|[from] Stealth Rock\n|turn|25\n|\n|t:|1700448282\n|move|p2a: Beedrill|Knock Off|p1a: Clodsire\n|-damage|p1a: Clodsire|67\/100\n|-enditem|p1a: Clodsire|Ability Shield|[from] move: Knock Off|[of] p2a: Beedrill\n|move|p1a: Clodsire|Counter|p2a: Beedrill\n|-damage|p2a: Beedrill|0 fnt\n|faint|p2a: Beedrill\n|\n|win|Glass101\n|raw|Glass101's rating: 1484 &rarr; <strong>1498<\/strong><br \/>(+14 for winning)\n|raw|shwap's rating: 1384 &rarr; <strong>1370<\/strong><br \/>(-14 for losing)\n|l|\u2606shwap\n|c|\u2606Glass101|Toxic on tapunis certainly new lol\n","uploadtime":1700448295,"views":5,"p1id":"glass101","p2id":"shwap","formatid":"gen9nationaldex","rating":1370,"private":0,"password":""}