{"id":"gen9nationaldex-1998006927","p1":"NDSNEZyedropwhen","p2":"ZPEX","format":"[Gen 9] National Dex","log":"|html|<div class=\"broadcast-blue\"><strong>[Gen 9] National Dex is currently suspecting Sneasler! For information on how to participate check out the <a href=\"https:\/\/www.smogon.com\/forums\/threads\/sv-national-dex-suspect-8-just-dance.3731534\/\">suspect thread<\/a>.<\/strong><\/div>\n|j|\u2606NDSNEZyedropwhen\n|j|\u2606ZPEX\n|t:|1700878169\n|gametype|singles\n|player|p1|NDSNEZyedropwhen|adaman|1289\n|player|p2|ZPEX|hilbert|1326\n|teamsize|p1|6\n|teamsize|p2|6\n|gen|9\n|tier|[Gen 9] National Dex\n|rated|\n|rule|HP Percentage Mod: HP is shown in percentages\n|rule|Endless Battle Clause: Forcing endless battles is banned\n|rule|OHKO Clause: OHKO moves are banned\n|rule|Evasion Clause: Evasion abilities, items, and moves are banned\n|rule|Evasion Abilities Clause: Evasion abilities are banned\n|rule|Evasion Items Clause: Evasion items are banned\n|rule|Evasion Moves Clause: Evasion moves are banned\n|rule|Species Clause: Limit one of each Pok\u00e9mon\n|rule|Sleep Clause Mod: Limit one foe put to sleep\n|clearpoke\n|poke|p1|Toxapex, M|\n|poke|p1|Dondozo, F|\n|poke|p1|Gliscor, F|\n|poke|p1|Blissey, F|\n|poke|p1|Corviknight, M|\n|poke|p1|Tyranitar, M|\n|poke|p2|Poliwrath, M|\n|poke|p2|Pelipper, M|\n|poke|p2|Ferrothorn, M|\n|poke|p2|Sandy Shocks|\n|poke|p2|Barraskewda, M|\n|poke|p2|Swampert, M|\n|teampreview\n|\n|t:|1700878183\n|start\n|switch|p1a: Gliscor|Gliscor, F|100\/100\n|switch|p2a: Pelipper|Pelipper, M|100\/100\n|-weather|RainDance|[from] ability: Drizzle|[of] p2a: Pelipper\n|turn|1\n|\n|t:|1700878191\n|move|p1a: Gliscor|Protect|p1a: Gliscor\n|-singleturn|p1a: Gliscor|Protect\n|move|p2a: Pelipper|Surf|p1a: Gliscor\n|-activate|p1a: Gliscor|move: Protect\n|\n|-weather|RainDance|[upkeep]\n|-status|p1a: Gliscor|tox|[from] item: Toxic Orb\n|upkeep\n|turn|2\n|\n|t:|1700878199\n|switch|p1a: Toxapex|Toxapex, M|100\/100\n|move|p2a: Pelipper|Ice Beam|p1a: Toxapex\n|-resisted|p1a: Toxapex\n|-damage|p1a: Toxapex|91\/100\n|\n|-weather|RainDance|[upkeep]\n|upkeep\n|turn|3\n|j| jkljlkh\n|\n|t:|1700878211\n|switch|p2a: Ferrothorn|Ferrothorn, M|100\/100\n|move|p1a: Toxapex|Knock Off|p2a: Ferrothorn\n|-damage|p2a: Ferrothorn|89\/100\n|-damage|p1a: Toxapex|78\/100|[from] ability: Iron Barbs|[of] p2a: Ferrothorn\n|-enditem|p2a: Ferrothorn|Leftovers|[from] move: Knock Off|[of] p1a: Toxapex\n|\n|-weather|RainDance|[upkeep]\n|upkeep\n|turn|4\n|c| jkljlkh|pp stall the leaches\n|\n|t:|1700878225\n|switch|p1a: Gliscor|Gliscor, F|100\/100 tox\n|move|p2a: Ferrothorn|Leech Seed|p1a: Gliscor\n|-start|p1a: Gliscor|move: Leech Seed\n|\n|-weather|RainDance|[upkeep]\n|-damage|p1a: Gliscor|88\/100 tox|[from] Leech Seed|[of] p2a: Ferrothorn\n|-heal|p2a: Ferrothorn|100\/100|[silent]\n|-heal|p1a: Gliscor|100\/100 tox|[from] ability: Poison Heal\n|upkeep\n|turn|5\n|c| jkljlkh|and fog whenever u want\n|c|\u2606NDSNEZyedropwhen|ye ik\n|\n|t:|1700878237\n|switch|p1a: Corviknight|Corviknight, M|100\/100\n|-ability|p1a: Corviknight|Pressure\n|switch|p2a: Pelipper|Pelipper, M|100\/100\n|\n|-weather|RainDance|[upkeep]\n|upkeep\n|turn|6\n|c|\u2606NDSNEZyedropwhen|unless he has specs mega pert i should be fine\n|\n|t:|1700878247\n|switch|p1a: Toxapex|Toxapex, M|100\/100\n|move|p2a: Pelipper|Surf|p1a: Toxapex\n|-resisted|p1a: Toxapex\n|-damage|p1a: Toxapex|77\/100\n|\n|-weather|RainDance|[upkeep]\n|upkeep\n|turn|7\n|c| jkljlkh|specs mega perf is wild\n|c|\u2606NDSNEZyedropwhen|he bypassed the single item clause\n|c| jkljlkh|hstack on the ferro ngl\n|\n|t:|1700878268\n|switch|p2a: Ferrothorn|Ferrothorn, M|100\/100\n|move|p1a: Toxapex|Knock Off|p2a: Ferrothorn\n|-crit|p2a: Ferrothorn\n|-damage|p2a: Ferrothorn|88\/100\n|-damage|p1a: Toxapex|65\/100|[from] ability: Iron Barbs|[of] p2a: Ferrothorn\n|\n|-weather|RainDance|[upkeep]\n|upkeep\n|turn|8\n|\n|t:|1700878278\n|switch|p1a: Gliscor|Gliscor, F|100\/100 tox\n|move|p2a: Ferrothorn|Leech Seed|p1a: Gliscor\n|-start|p1a: Gliscor|move: Leech Seed\n|\n|-weather|none\n|-damage|p1a: Gliscor|88\/100 tox|[from] Leech Seed|[of] p2a: Ferrothorn\n|-heal|p2a: Ferrothorn|100\/100|[silent]\n|-heal|p1a: Gliscor|100\/100 tox|[from] ability: Poison Heal\n|upkeep\n|turn|9\n|\n|t:|1700878290\n|move|p1a: Gliscor|Spikes|p2a: Ferrothorn\n|-sidestart|p2: ZPEX|Spikes\n|move|p2a: Ferrothorn|Stealth Rock|p1a: Gliscor\n|-sidestart|p1: NDSNEZyedropwhen|move: Stealth Rock\n|\n|-damage|p1a: Gliscor|88\/100 tox|[from] Leech Seed|[of] p2a: Ferrothorn\n|-heal|p1a: Gliscor|100\/100 tox|[from] ability: Poison Heal\n|upkeep\n|turn|10\n|\n|t:|1700878298\n|move|p1a: Gliscor|Spikes|p2a: Ferrothorn\n|-sidestart|p2: ZPEX|Spikes\n|move|p2a: Ferrothorn|Gyro Ball|p1a: Gliscor\n|-damage|p1a: Gliscor|70\/100 tox\n|\n|-damage|p1a: Gliscor|58\/100 tox|[from] Leech Seed|[of] p2a: Ferrothorn\n|-heal|p1a: Gliscor|70\/100 tox|[from] ability: Poison Heal\n|upkeep\n|turn|11\n|\n|t:|1700878308\n|move|p1a: Gliscor|Protect|p1a: Gliscor\n|-singleturn|p1a: Gliscor|Protect\n|move|p2a: Ferrothorn|Gyro Ball|p1a: Gliscor\n|-activate|p1a: Gliscor|move: Protect\n|\n|-damage|p1a: Gliscor|58\/100 tox|[from] Leech Seed|[of] p2a: Ferrothorn\n|-heal|p1a: Gliscor|70\/100 tox|[from] ability: Poison Heal\n|upkeep\n|turn|12\n|\n|t:|1700878318\n|switch|p1a: Corviknight|Corviknight, M|100\/100\n|-damage|p1a: Corviknight|88\/100|[from] Stealth Rock\n|-ability|p1a: Corviknight|Pressure\n|move|p2a: Ferrothorn|Gyro Ball|p1a: Corviknight\n|-resisted|p1a: Corviknight\n|-damage|p1a: Corviknight|73\/100\n|\n|-heal|p1a: Corviknight|79\/100|[from] item: Leftovers\n|upkeep\n|turn|13\n|\n|t:|1700878330\n|move|p1a: Corviknight|Protect|p1a: Corviknight\n|-singleturn|p1a: Corviknight|Protect\n|move|p2a: Ferrothorn|Leech Seed|p1a: Corviknight\n|-activate|p1a: Corviknight|move: Protect\n|\n|-heal|p1a: Corviknight|86\/100|[from] item: Leftovers\n|upkeep\n|turn|14\n|\n|t:|1700878338\n|switch|p1a: Toxapex|Toxapex, M|98\/100\n|move|p2a: Ferrothorn|Leech Seed|p1a: Toxapex\n|-start|p1a: Toxapex|move: Leech Seed\n|\n|-damage|p1a: Toxapex|86\/100|[from] Leech Seed|[of] p2a: Ferrothorn\n|upkeep\n|turn|15\n|\n|t:|1700878348\n|switch|p1a: Corviknight|Corviknight, M|86\/100\n|-damage|p1a: Corviknight|73\/100|[from] Stealth Rock\n|-ability|p1a: Corviknight|Pressure\n|move|p2a: Ferrothorn|Gyro Ball|p1a: Corviknight\n|-resisted|p1a: Corviknight\n|-damage|p1a: Corviknight|59\/100\n|\n|-heal|p1a: Corviknight|65\/100|[from] item: Leftovers\n|upkeep\n|turn|16\n|\n|t:|1700878360\n|move|p1a: Corviknight|Defog|p2a: Ferrothorn\n|-unboost|p2a: Ferrothorn|evasion|1\n|-sideend|p2: ZPEX|Spikes|[from] move: Defog|[of] p1a: Corviknight\n|-sideend|p1: NDSNEZyedropwhen|Stealth Rock|[from] move: Defog|[of] p1a: Corviknight\n|move|p2a: Ferrothorn|Leech Seed|p1a: Corviknight\n|-start|p1a: Corviknight|move: Leech Seed\n|\n|-heal|p1a: Corviknight|71\/100|[from] item: Leftovers\n|-damage|p1a: Corviknight|59\/100|[from] Leech Seed|[of] p2a: Ferrothorn\n|upkeep\n|turn|17\n|\n|t:|1700878370\n|move|p1a: Corviknight|Roost|p1a: Corviknight\n|-heal|p1a: Corviknight|100\/100\n|-singleturn|p1a: Corviknight|move: Roost\n|move|p2a: Ferrothorn|Stealth Rock|p1a: Corviknight\n|-sidestart|p1: NDSNEZyedropwhen|move: Stealth Rock\n|\n|-damage|p1a: Corviknight|88\/100|[from] Leech Seed|[of] p2a: Ferrothorn\n|upkeep\n|turn|18\n|\n|t:|1700878380\n|switch|p2a: Pelipper|Pelipper, M|100\/100\n|-weather|RainDance|[from] ability: Drizzle|[of] p2a: Pelipper\n|move|p1a: Corviknight|Defog|p2a: Pelipper\n|-unboost|p2a: Pelipper|evasion|1\n|-sideend|p1: NDSNEZyedropwhen|Stealth Rock|[from] move: Defog|[of] p1a: Corviknight\n|\n|-weather|RainDance|[upkeep]\n|-heal|p1a: Corviknight|94\/100|[from] item: Leftovers\n|-damage|p1a: Corviknight|82\/100|[from] Leech Seed|[of] p2a: Pelipper\n|upkeep\n|turn|19\n|inactive|Battle timer is ON: inactive players will automatically lose when time's up. (requested by NDSNEZyedropwhen)\n|\n|t:|1700878392\n|switch|p1a: Toxapex|Toxapex, M|100\/100\n|move|p2a: Pelipper|Surf|p1a: Toxapex\n|-resisted|p1a: Toxapex\n|-damage|p1a: Toxapex|78\/100\n|\n|-weather|RainDance|[upkeep]\n|upkeep\n|turn|20\n|\n|t:|1700878402\n|move|p2a: Pelipper|Hurricane|p1a: Toxapex\n|-damage|p1a: Toxapex|42\/100\n|move|p1a: Toxapex|Knock Off|p2a: Pelipper\n|-damage|p2a: Pelipper|83\/100\n|-enditem|p2a: Pelipper|Damp Rock|[from] move: Knock Off|[of] p1a: Toxapex\n|\n|-weather|RainDance|[upkeep]\n|upkeep\n|turn|21\n|\n|t:|1700878411\n|move|p2a: Pelipper|Hurricane|p1a: Toxapex\n|-damage|p1a: Toxapex|4\/100\n|move|p1a: Toxapex|Recover|p1a: Toxapex\n|-heal|p1a: Toxapex|54\/100\n|\n|-weather|RainDance|[upkeep]\n|upkeep\n|turn|22\n|\n|t:|1700878419\n|switch|p1a: Blissey|Blissey, F|100\/100\n|move|p2a: Pelipper|Hurricane|p1a: Blissey\n|-damage|p1a: Blissey|86\/100\n|\n|-weather|RainDance|[upkeep]\n|upkeep\n|turn|23\n|\n|t:|1700878428\n|switch|p2a: Swampert|Swampert, M|100\/100\n|move|p1a: Blissey|Stealth Rock|p2a: Swampert\n|-sidestart|p2: ZPEX|move: Stealth Rock\n|\n|-weather|RainDance|[upkeep]\n|upkeep\n|turn|24\n|\n|t:|1700878436\n|switch|p1a: Dondozo|Dondozo, F|100\/100\n|detailschange|p2a: Swampert|Swampert-Mega, M\n|-mega|p2a: Swampert|Swampert|Swampertite\n|move|p2a: Swampert|Liquidation|p1a: Dondozo\n|-resisted|p1a: Dondozo\n|-damage|p1a: Dondozo|81\/100\n|\n|-weather|RainDance|[upkeep]\n|upkeep\n|turn|25\n|\n|t:|1700878449\n|switch|p2a: Ferrothorn|Ferrothorn, M|100\/100\n|-damage|p2a: Ferrothorn|94\/100|[from] Stealth Rock\n|move|p1a: Dondozo|Curse|p1a: Dondozo\n|-unboost|p1a: Dondozo|spe|1\n|-boost|p1a: Dondozo|atk|1\n|-boost|p1a: Dondozo|def|1\n|\n|-weather|none\n|upkeep\n|turn|26\n|\n|t:|1700878459\n|switch|p1a: Toxapex|Toxapex, M|87\/100\n|move|p2a: Ferrothorn|Leech Seed|p1a: Toxapex\n|-start|p1a: Toxapex|move: Leech Seed\n|\n|-damage|p1a: Toxapex|75\/100|[from] Leech Seed|[of] p2a: Ferrothorn\n|-heal|p2a: Ferrothorn|100\/100|[silent]\n|upkeep\n|turn|27\n|\n|t:|1700878482\n|switch|p1a: Corviknight|Corviknight, M|82\/100\n|-ability|p1a: Corviknight|Pressure\n|move|p2a: Ferrothorn|Gyro Ball|p1a: Corviknight\n|-resisted|p1a: Corviknight\n|-damage|p1a: Corviknight|66\/100\n|\n|-heal|p1a: Corviknight|72\/100|[from] item: Leftovers\n|upkeep\n|turn|28\n|\n|t:|1700878493\n|move|p1a: Corviknight|Protect|p1a: Corviknight\n|-singleturn|p1a: Corviknight|Protect\n|move|p2a: Ferrothorn|Stealth Rock|p1a: Corviknight\n|-sidestart|p1: NDSNEZyedropwhen|move: Stealth Rock\n|\n|-heal|p1a: Corviknight|78\/100|[from] item: Leftovers\n|upkeep\n|turn|29\n|\n|t:|1700878500\n|move|p1a: Corviknight|Defog|p2a: Ferrothorn\n|-unboost|p2a: Ferrothorn|evasion|1\n|-sideend|p2: ZPEX|Stealth Rock|[from] move: Defog|[of] p1a: Corviknight\n|-sideend|p1: NDSNEZyedropwhen|Stealth Rock|[from] move: Defog|[of] p1a: Corviknight\n|move|p2a: Ferrothorn|Leech Seed|p1a: Corviknight\n|-start|p1a: Corviknight|move: Leech Seed\n|\n|-heal|p1a: Corviknight|85\/100|[from] item: Leftovers\n|-damage|p1a: Corviknight|72\/100|[from] Leech Seed|[of] p2a: Ferrothorn\n|upkeep\n|turn|30\n|l| jkljlkh\n|\n|t:|1700878510\n|switch|p1a: Gliscor|Gliscor, F|70\/100 tox\n|move|p2a: Ferrothorn|Stealth Rock|p1a: Gliscor\n|-sidestart|p1: NDSNEZyedropwhen|move: Stealth Rock\n|\n|-heal|p1a: Gliscor|82\/100 tox|[from] ability: Poison Heal\n|upkeep\n|turn|31\n|\n|t:|1700878518\n|switch|p1a: Toxapex|Toxapex, M|100\/100\n|move|p2a: Ferrothorn|Leech Seed|p1a: Toxapex\n|-start|p1a: Toxapex|move: Leech Seed\n|\n|-damage|p1a: Toxapex|88\/100|[from] Leech Seed|[of] p2a: Ferrothorn\n|upkeep\n|turn|32\n|\n|t:|1700878534\n|switch|p1a: Corviknight|Corviknight, M|72\/100\n|-damage|p1a: Corviknight|60\/100|[from] Stealth Rock\n|-ability|p1a: Corviknight|Pressure\n|switch|p2a: Pelipper|Pelipper, M|83\/100\n|-weather|RainDance|[from] ability: Drizzle|[of] p2a: Pelipper\n|\n|-weather|RainDance|[upkeep]\n|-heal|p1a: Corviknight|66\/100|[from] item: Leftovers\n|upkeep\n|turn|33\n|\n|t:|1700878547\n|move|p2a: Pelipper|Surf|p1a: Corviknight\n|-damage|p1a: Corviknight|26\/100\n|move|p1a: Corviknight|Roost|p1a: Corviknight\n|-heal|p1a: Corviknight|76\/100\n|-singleturn|p1a: Corviknight|move: Roost\n|\n|-weather|RainDance|[upkeep]\n|-heal|p1a: Corviknight|82\/100|[from] item: Leftovers\n|upkeep\n|turn|34\n|\n|t:|1700878558\n|switch|p1a: Toxapex|Toxapex, M|100\/100\n|move|p2a: Pelipper|Surf|p1a: Toxapex\n|-resisted|p1a: Toxapex\n|-crit|p1a: Toxapex\n|-damage|p1a: Toxapex|67\/100\n|\n|-weather|RainDance|[upkeep]\n|upkeep\n|turn|35\n|\n|t:|1700878568\n|switch|p1a: Blissey|Blissey, F|86\/100\n|move|p2a: Pelipper|Hurricane|p1a: Blissey\n|-damage|p1a: Blissey|73\/100\n|\n|-weather|RainDance|[upkeep]\n|upkeep\n|turn|36\n|\n|t:|1700878578\n|switch|p2a: Barraskewda|Barraskewda, M|100\/100\n|move|p1a: Blissey|Stealth Rock|p2a: Barraskewda\n|-sidestart|p2: ZPEX|move: Stealth Rock\n|\n|-weather|none\n|upkeep\n|turn|37\n|\n|t:|1700878588\n|switch|p1a: Toxapex|Toxapex, M|99\/100\n|move|p2a: Barraskewda|Close Combat|p1a: Toxapex\n|-resisted|p1a: Toxapex\n|-damage|p1a: Toxapex|79\/100\n|-unboost|p2a: Barraskewda|def|1\n|-unboost|p2a: Barraskewda|spd|1\n|\n|upkeep\n|turn|38\n|\n|t:|1700878604\n|switch|p2a: Ferrothorn|Ferrothorn, M|100\/100\n|-damage|p2a: Ferrothorn|94\/100|[from] Stealth Rock\n|switch|p1a: Gliscor|Gliscor, F|82\/100 tox\n|-damage|p1a: Gliscor|70\/100 tox|[from] Stealth Rock\n|\n|-heal|p1a: Gliscor|82\/100 tox|[from] ability: Poison Heal\n|upkeep\n|turn|39\n|\n|t:|1700878617\n|move|p1a: Gliscor|Protect|p1a: Gliscor\n|-singleturn|p1a: Gliscor|Protect\n|move|p2a: Ferrothorn|Leech Seed|p1a: Gliscor\n|-activate|p1a: Gliscor|move: Protect\n|\n|-heal|p1a: Gliscor|95\/100 tox|[from] ability: Poison Heal\n|upkeep\n|turn|40\n|\n|t:|1700878647\n|switch|p2a: Pelipper|Pelipper, M|83\/100\n|-damage|p2a: Pelipper|58\/100|[from] Stealth Rock\n|-weather|RainDance|[from] ability: Drizzle|[of] p2a: Pelipper\n|move|p1a: Gliscor|Spikes|p2a: Pelipper\n|-sidestart|p2: ZPEX|Spikes\n|\n|-weather|RainDance|[upkeep]\n|-heal|p1a: Gliscor|100\/100 tox|[from] ability: Poison Heal\n|upkeep\n|turn|41\n|\n|t:|1700878662\n|switch|p1a: Toxapex|Toxapex, M|100\/100\n|move|p2a: Pelipper|Surf|p1a: Toxapex\n|-resisted|p1a: Toxapex\n|-damage|p1a: Toxapex|79\/100\n|\n|-weather|RainDance|[upkeep]\n|upkeep\n|turn|42\n|\n|t:|1700878671\n|move|p2a: Pelipper|Hurricane|p1a: Toxapex\n|-damage|p1a: Toxapex|43\/100\n|move|p1a: Toxapex|Toxic|p2a: Pelipper\n|-status|p2a: Pelipper|tox\n|\n|-weather|RainDance|[upkeep]\n|-damage|p2a: Pelipper|52\/100 tox|[from] psn\n|upkeep\n|turn|43\n|inactive|ZPEX has 120 seconds left.\n|\n|t:|1700878704\n|switch|p1a: Blissey|Blissey, F|73\/100\n|move|p2a: Pelipper|Hurricane|p1a: Blissey\n|-damage|p1a: Blissey|58\/100\n|\n|-weather|RainDance|[upkeep]\n|-damage|p2a: Pelipper|39\/100 tox|[from] psn\n|upkeep\n|turn|44\n|\n|t:|1700878714\n|switch|p2a: Swampert|Swampert-Mega, M|100\/100\n|-damage|p2a: Swampert|94\/100|[from] Stealth Rock\n|-damage|p2a: Swampert|82\/100|[from] Spikes\n|move|p1a: Blissey|Soft-Boiled|p1a: Blissey\n|-heal|p1a: Blissey|100\/100\n|\n|-weather|none\n|upkeep\n|turn|45\n|\n|t:|1700878724\n|switch|p1a: Dondozo|Dondozo, F|81\/100\n|move|p2a: Swampert|Liquidation|p1a: Dondozo\n|-resisted|p1a: Dondozo\n|-damage|p1a: Dondozo|70\/100\n|\n|upkeep\n|turn|46\n|\n|t:|1700878737\n|switch|p2a: Pelipper|Pelipper, M|39\/100 tox\n|-damage|p2a: Pelipper|14\/100 tox|[from] Stealth Rock\n|-weather|RainDance|[from] ability: Drizzle|[of] p2a: Pelipper\n|move|p1a: Dondozo|Curse|p1a: Dondozo\n|-unboost|p1a: Dondozo|spe|1\n|-boost|p1a: Dondozo|atk|1\n|-boost|p1a: Dondozo|def|1\n|\n|-weather|RainDance|[upkeep]\n|-damage|p2a: Pelipper|8\/100 tox|[from] psn\n|upkeep\n|turn|47\n|inactive|ZPEX has 120 seconds left.\n|\n|t:|1700878758\n|switch|p2a: Sandy Shocks|Sandy Shocks|100\/100\n|-damage|p2a: Sandy Shocks|94\/100|[from] Stealth Rock\n|-damage|p2a: Sandy Shocks|82\/100|[from] Spikes\n|-enditem|p2a: Sandy Shocks|Booster Energy\n|-activate|p2a: Sandy Shocks|ability: Protosynthesis|[fromitem]\n|-start|p2a: Sandy Shocks|protosynthesisspa\n|switch|p1a: Blissey|Blissey, F|100\/100\n|\n|-weather|RainDance|[upkeep]\n|upkeep\n|turn|48\n|inactive|ZPEX has 120 seconds left.\n|\n|t:|1700878778\n|move|p2a: Sandy Shocks|Spikes|p1a: Blissey\n|-sidestart|p1: NDSNEZyedropwhen|Spikes\n|move|p1a: Blissey|Seismic Toss|p2a: Sandy Shocks\n|-damage|p2a: Sandy Shocks|50\/100\n|\n|-weather|RainDance|[upkeep]\n|upkeep\n|turn|49\n|inactive|ZPEX has 120 seconds left.\n|\n|t:|1700878791\n|-end|p2a: Sandy Shocks|Protosynthesis|[silent]\n|switch|p2a: Poliwrath|Poliwrath, M|100\/100\n|-damage|p2a: Poliwrath|94\/100|[from] Stealth Rock\n|-damage|p2a: Poliwrath|82\/100|[from] Spikes\n|move|p1a: Blissey|Seismic Toss|p2a: Poliwrath\n|-damage|p2a: Poliwrath|54\/100\n|\n|-weather|RainDance|[upkeep]\n|upkeep\n|turn|50\n|inactive|ZPEX has 120 seconds left.\n|\n|t:|1700878811\n|switch|p1a: Toxapex|Toxapex, M|76\/100\n|move|p2a: Poliwrath|Drain Punch|p1a: Toxapex\n|-resisted|p1a: Toxapex\n|-damage|p1a: Toxapex|67\/100\n|-heal|p2a: Poliwrath|58\/100|[from] drain|[of] p1a: Toxapex\n|\n|-weather|none\n|upkeep\n|turn|51\n|inactive|ZPEX has 120 seconds left.\n|\n|t:|1700878827\n|switch|p2a: Ferrothorn|Ferrothorn, M|94\/100\n|-damage|p2a: Ferrothorn|88\/100|[from] Stealth Rock\n|-damage|p2a: Ferrothorn|75\/100|[from] Spikes\n|move|p1a: Toxapex|Toxic|p2a: Ferrothorn\n|-immune|p2a: Ferrothorn\n|\n|upkeep\n|turn|52\n|\n|t:|1700878839\n|switch|p1a: Corviknight|Corviknight, M|82\/100\n|-damage|p1a: Corviknight|70\/100|[from] Stealth Rock\n|-ability|p1a: Corviknight|Pressure\n|move|p2a: Ferrothorn|Leech Seed|p1a: Corviknight\n|-start|p1a: Corviknight|move: Leech Seed\n|\n|-heal|p1a: Corviknight|76\/100|[from] item: Leftovers\n|-damage|p1a: Corviknight|64\/100|[from] Leech Seed|[of] p2a: Ferrothorn\n|-heal|p2a: Ferrothorn|91\/100|[silent]\n|upkeep\n|turn|53\n|\n|t:|1700878856\n|move|p2a: Ferrothorn|Protect|p2a: Ferrothorn\n|-singleturn|p2a: Ferrothorn|Protect\n|move|p1a: Corviknight|Roost|p1a: Corviknight\n|-heal|p1a: Corviknight|100\/100\n|-singleturn|p1a: Corviknight|move: Roost\n|\n|-damage|p1a: Corviknight|88\/100|[from] Leech Seed|[of] p2a: Ferrothorn\n|-heal|p2a: Ferrothorn|100\/100|[silent]\n|upkeep\n|turn|54\n|\n|t:|1700878868\n|switch|p1a: Gliscor|Gliscor, F|100\/100 tox\n|-damage|p1a: Gliscor|88\/100 tox|[from] Stealth Rock\n|move|p2a: Ferrothorn|Protect||[still]\n|-fail|p2a: Ferrothorn\n|\n|-heal|p1a: Gliscor|100\/100 tox|[from] ability: Poison Heal\n|upkeep\n|turn|55\n|\n|t:|1700878877\n|move|p1a: Gliscor|Protect|p1a: Gliscor\n|-singleturn|p1a: Gliscor|Protect\n|move|p2a: Ferrothorn|Leech Seed|p1a: Gliscor\n|-activate|p1a: Gliscor|move: Protect\n|\n|upkeep\n|turn|56\n|\n|t:|1700878884\n|move|p1a: Gliscor|Spikes|p2a: Ferrothorn\n|-sidestart|p2: ZPEX|Spikes\n|move|p2a: Ferrothorn|Leech Seed|p1a: Gliscor|[miss]\n|-miss|p2a: Ferrothorn|p1a: Gliscor\n|\n|upkeep\n|turn|57\n|inactive|ZPEX has 120 seconds left.\n|\n|t:|1700878895\n|switch|p2a: Pelipper|Pelipper, M|8\/100 tox\n|-damage|p2a: Pelipper|0 fnt|[from] Stealth Rock\n|faint|p2a: Pelipper\n|move|p1a: Gliscor|Spikes|p2: Pelipper\n|-sidestart|p2: ZPEX|Spikes\n|\n|upkeep\n|c|\u2606NDSNEZyedropwhen|gg\n|\n|t:|1700878922\n|switch|p2a: Swampert|Swampert-Mega, M|82\/100\n|-damage|p2a: Swampert|76\/100|[from] Stealth Rock\n|-damage|p2a: Swampert|51\/100|[from] Spikes\n|turn|58\n|\n|t:|1700878931\n|switch|p1a: Dondozo|Dondozo, F|70\/100\n|move|p2a: Swampert|Ice Punch|p1a: Dondozo\n|-resisted|p1a: Dondozo\n|-damage|p1a: Dondozo|64\/100\n|\n|upkeep\n|turn|59\n|\n|t:|1700878946\n|switch|p2a: Sandy Shocks|Sandy Shocks|50\/100\n|-damage|p2a: Sandy Shocks|44\/100|[from] Stealth Rock\n|-damage|p2a: Sandy Shocks|19\/100|[from] Spikes\n|move|p1a: Dondozo|Rest|p1a: Dondozo\n|-status|p1a: Dondozo|slp|[from] move: Rest\n|-heal|p1a: Dondozo|100\/100 slp|[silent]\n|\n|upkeep\n|turn|60\n|\n|t:|1700878956\n|switch|p1a: Gliscor|Gliscor, F|100\/100 tox\n|-damage|p1a: Gliscor|88\/100 tox|[from] Stealth Rock\n|move|p2a: Sandy Shocks|Thunder|p1a: Gliscor\n|-immune|p1a: Gliscor\n|\n|-heal|p1a: Gliscor|100\/100 tox|[from] ability: Poison Heal\n|upkeep\n|turn|61\n|-message|ZPEX forfeited.\n|\n|win|NDSNEZyedropwhen\n|raw|NDSNEZyedropwhen's rating: 1289 &rarr; <strong>1317<\/strong><br \/>(+28 for winning)\n|raw|ZPEX's rating: 1326 &rarr; <strong>1304<\/strong><br \/>(-22 for losing)\n|l|\u2606ZPEX\n","uploadtime":1700878984,"views":1,"p1id":"ndsnezyedropwhen","p2id":"zpex","formatid":"gen9nationaldex","rating":1304,"private":0,"password":""}