{"id":"gen9nationaldex-1997030738","p1":"virgin to rank 1","p2":"jkljlkh","format":"[Gen 9] National Dex","log":"|html|<div class=\"broadcast-blue\"><strong>[Gen 9] National Dex is currently suspecting Sneasler! For information on how to participate check out the <a href=\"https:\/\/www.smogon.com\/forums\/threads\/sv-national-dex-suspect-8-just-dance.3731534\/\">suspect thread<\/a>.<\/strong><\/div>\n|j|\u2606virgin to rank 1\n|j|\u2606jkljlkh\n|t:|1700757494\n|gametype|singles\n|player|p1|virgin to rank 1|265|1720\n|player|p2|jkljlkh|170|1871\n|teamsize|p1|6\n|teamsize|p2|6\n|gen|9\n|tier|[Gen 9] National Dex\n|rated|\n|rule|HP Percentage Mod: HP is shown in percentages\n|rule|Endless Battle Clause: Forcing endless battles is banned\n|rule|OHKO Clause: OHKO moves are banned\n|rule|Evasion Clause: Evasion abilities, items, and moves are banned\n|rule|Evasion Abilities Clause: Evasion abilities are banned\n|rule|Evasion Items Clause: Evasion items are banned\n|rule|Evasion Moves Clause: Evasion moves are banned\n|rule|Species Clause: Limit one of each Pok\u00e9mon\n|rule|Sleep Clause Mod: Limit one foe put to sleep\n|clearpoke\n|poke|p1|Blissey, F|\n|poke|p1|Volcarona, F|\n|poke|p1|Zamazenta-*|\n|poke|p1|Gliscor, F|\n|poke|p1|Ferrothorn, M|\n|poke|p1|Slowbro, F|\n|poke|p2|Toxapex, M|\n|poke|p2|Dondozo, M|\n|poke|p2|Gliscor, F|\n|poke|p2|Blissey, F|\n|poke|p2|Corviknight, F|\n|poke|p2|Tyranitar, F|\n|teampreview\n|\n|t:|1700757505\n|start\n|switch|p1a: Gliscor|Gliscor, F|100\/100\n|switch|p2a: Gliscor|Gliscor, F|100\/100\n|turn|1\n|\n|t:|1700757508\n|move|p2a: Gliscor|Protect|p2a: Gliscor\n|-singleturn|p2a: Gliscor|Protect\n|move|p1a: Gliscor|Knock Off|p2a: Gliscor\n|-activate|p2a: Gliscor|move: Protect\n|\n|-status|p1a: Gliscor|tox|[from] item: Toxic Orb\n|-status|p2a: Gliscor|tox|[from] item: Toxic Orb\n|upkeep\n|turn|2\n|\n|t:|1700757513\n|switch|p1a: Slowbro|Slowbro, F|100\/100\n|switch|p2a: Tyranitar|Tyranitar, F|100\/100\n|-weather|Sandstorm|[from] ability: Sand Stream|[of] p2a: Tyranitar\n|\n|-weather|Sandstorm|[upkeep]\n|-damage|p1a: Slowbro|94\/100|[from] Sandstorm\n|upkeep\n|turn|3\n|j| GreatDaneG\n|\n|t:|1700757518\n|switch|p1a: Ferrothorn|Ferrothorn, M|100\/100\n|detailschange|p2a: Tyranitar|Tyranitar-Mega, F\n|-mega|p2a: Tyranitar|Tyranitar|Tyranitarite\n|move|p2a: Tyranitar|Knock Off|p1a: Ferrothorn\n|-damage|p1a: Ferrothorn|64\/100\n|-damage|p2a: Tyranitar|88\/100|[from] ability: Iron Barbs|[of] p1a: Ferrothorn\n|-enditem|p1a: Ferrothorn|Leftovers|[from] move: Knock Off|[of] p2a: Tyranitar\n|\n|-weather|Sandstorm|[upkeep]\n|upkeep\n|turn|4\n|\n|t:|1700757523\n|switch|p2a: Corviknight|Corviknight, F|100\/100\n|-ability|p2a: Corviknight|Pressure\n|move|p1a: Ferrothorn|Leech Seed|p2a: Corviknight\n|-start|p2a: Corviknight|move: Leech Seed\n|\n|-weather|Sandstorm|[upkeep]\n|-damage|p2a: Corviknight|88\/100|[from] Leech Seed|[of] p1a: Ferrothorn\n|-heal|p1a: Ferrothorn|78\/100|[silent]\n|upkeep\n|turn|5\n|\n|t:|1700757527\n|switch|p2a: Gliscor|Gliscor, F|100\/100 tox\n|move|p1a: Ferrothorn|Stealth Rock|p2a: Gliscor\n|-sidestart|p2: jkljlkh|move: Stealth Rock\n|\n|-weather|Sandstorm|[upkeep]\n|upkeep\n|turn|6\n|l| GreatDaneG\n|\n|t:|1700757531\n|move|p2a: Gliscor|Protect|p2a: Gliscor\n|-singleturn|p2a: Gliscor|Protect\n|move|p1a: Ferrothorn|Leech Seed|p2a: Gliscor\n|-activate|p2a: Gliscor|move: Protect\n|\n|-weather|none\n|upkeep\n|turn|7\n|\n|t:|1700757534\n|switch|p2a: Toxapex|Toxapex, M|100\/100\n|move|p1a: Ferrothorn|Leech Seed|p2a: Toxapex\n|-start|p2a: Toxapex|move: Leech Seed\n|\n|-damage|p2a: Toxapex|88\/100|[from] Leech Seed|[of] p1a: Ferrothorn\n|-heal|p1a: Ferrothorn|89\/100|[silent]\n|upkeep\n|turn|8\n|\n|t:|1700757539\n|switch|p2a: Corviknight|Corviknight, F|88\/100\n|-damage|p2a: Corviknight|75\/100|[from] Stealth Rock\n|-ability|p2a: Corviknight|Pressure\n|switch|p1a: Slowbro|Slowbro, F|100\/100\n|\n|-heal|p2a: Corviknight|82\/100|[from] item: Leftovers\n|upkeep\n|turn|9\n|\n|t:|1700757542\n|move|p2a: Corviknight|Defog|p1a: Slowbro\n|-unboost|p1a: Slowbro|evasion|1\n|-sideend|p2: jkljlkh|Stealth Rock|[from] move: Defog|[of] p2a: Corviknight\n|move|p1a: Slowbro|Future Sight|p2a: Corviknight\n|-start|p1a: Slowbro|move: Future Sight\n|\n|-heal|p2a: Corviknight|88\/100|[from] item: Leftovers\n|upkeep\n|turn|10\n|\n|t:|1700757548\n|switch|p2a: Toxapex|Toxapex, M|100\/100\n|move|p1a: Slowbro|Teleport|p1a: Slowbro\n|\n|t:|1700757552\n|switch|p1a: Zamazenta|Zamazenta|100\/100|[from] Teleport\n|-ability|p1a: Zamazenta|Dauntless Shield|boost\n|-boost|p1a: Zamazenta|def|1\n|\n|upkeep\n|turn|11\n|\n|t:|1700757554\n|-terastallize|p2a: Toxapex|Psychic\n|move|p1a: Zamazenta|Close Combat|p2a: Toxapex\n|-resisted|p2a: Toxapex\n|-damage|p2a: Toxapex|75\/100\n|-unboost|p1a: Zamazenta|def|1\n|-unboost|p1a: Zamazenta|spd|1\n|move|p2a: Toxapex|Toxic|p1a: Zamazenta\n|-status|p1a: Zamazenta|tox\n|\n|-end|p2a: Toxapex|move: Future Sight\n|-resisted|p2a: Toxapex\n|-damage|p2a: Toxapex|58\/100\n|-damage|p1a: Zamazenta|94\/100 tox|[from] psn\n|upkeep\n|turn|12\n|\n|t:|1700757565\n|switch|p1a: Slowbro|Slowbro, F|100\/100\n|move|p2a: Toxapex|Recover|p2a: Toxapex\n|-heal|p2a: Toxapex|100\/100\n|\n|upkeep\n|turn|13\n|\n|t:|1700757572\n|move|p2a: Toxapex|Toxic|p1a: Slowbro\n|-status|p1a: Slowbro|tox\n|move|p1a: Slowbro|Scald|p2a: Toxapex\n|-damage|p2a: Toxapex|78\/100\n|-status|p2a: Toxapex|brn\n|\n|-damage|p1a: Slowbro|94\/100 tox|[from] psn\n|-damage|p2a: Toxapex|72\/100 brn|[from] brn\n|upkeep\n|turn|14\n|\n|t:|1700757579\n|move|p2a: Toxapex|Knock Off|p1a: Slowbro\n|-supereffective|p1a: Slowbro\n|-damage|p1a: Slowbro|85\/100 tox\n|-damage|p2a: Toxapex|55\/100 brn|[from] item: Rocky Helmet|[of] p1a: Slowbro\n|-enditem|p1a: Slowbro|Rocky Helmet|[from] move: Knock Off|[of] p2a: Toxapex\n|move|p1a: Slowbro|Teleport|p1a: Slowbro\n|\n|t:|1700757585\n|switch|p1a: Zamazenta|Zamazenta|94\/100 tox|[from] Teleport\n|\n|-damage|p1a: Zamazenta|88\/100 tox|[from] psn\n|-damage|p2a: Toxapex|49\/100 brn|[from] brn\n|upkeep\n|turn|15\n|\n|t:|1700757589\n|switch|p2a: Gliscor|Gliscor, F|100\/100 tox\n|move|p1a: Zamazenta|Crunch|p2a: Gliscor\n|-damage|p2a: Gliscor|74\/100 tox\n|\n|-damage|p1a: Zamazenta|76\/100 tox|[from] psn\n|-heal|p2a: Gliscor|87\/100 tox|[from] ability: Poison Heal\n|upkeep\n|turn|16\n|\n|t:|1700757594\n|switch|p1a: Slowbro|Slowbro, F|100\/100 tox\n|move|p2a: Gliscor|Spikes|p1a: Slowbro\n|-sidestart|p1: virgin to rank 1|Spikes\n|\n|-heal|p2a: Gliscor|99\/100 tox|[from] ability: Poison Heal\n|-damage|p1a: Slowbro|94\/100 tox|[from] psn\n|upkeep\n|turn|17\n|\n|t:|1700757599\n|move|p2a: Gliscor|Spikes|p1a: Slowbro\n|-sidestart|p1: virgin to rank 1|Spikes\n|move|p1a: Slowbro|Future Sight|p2a: Gliscor\n|-start|p1a: Slowbro|move: Future Sight\n|\n|-heal|p2a: Gliscor|100\/100 tox|[from] ability: Poison Heal\n|-damage|p1a: Slowbro|82\/100 tox|[from] psn\n|upkeep\n|turn|18\n|\n|t:|1700757603\n|move|p2a: Gliscor|Protect|p2a: Gliscor\n|-singleturn|p2a: Gliscor|Protect\n|move|p1a: Slowbro|Scald|p2a: Gliscor\n|-activate|p2a: Gliscor|move: Protect\n|\n|-damage|p1a: Slowbro|64\/100 tox|[from] psn\n|upkeep\n|turn|19\n|\n|t:|1700757607\n|switch|p2a: Toxapex|Toxapex, M, tera:Psychic|83\/100 brn\n|move|p1a: Slowbro|Teleport|p1a: Slowbro\n|\n|t:|1700757610\n|switch|p1a: Gliscor|Gliscor, F|100\/100 tox|[from] Teleport\n|\n|-end|p2a: Toxapex|move: Future Sight\n|-resisted|p2a: Toxapex\n|-damage|p2a: Toxapex|66\/100 brn\n|-damage|p2a: Toxapex|60\/100 brn|[from] brn\n|upkeep\n|turn|20\n|\n|t:|1700757613\n|switch|p2a: Tyranitar|Tyranitar-Mega, F|88\/100\n|-weather|Sandstorm|[from] ability: Sand Stream|[of] p2a: Tyranitar\n|move|p1a: Gliscor|Defog|p2a: Tyranitar\n|-unboost|p2a: Tyranitar|evasion|1\n|-sideend|p1: virgin to rank 1|Spikes|[from] move: Defog|[of] p1a: Gliscor\n|\n|-weather|Sandstorm|[upkeep]\n|upkeep\n|turn|21\n|\n|t:|1700757617\n|move|p1a: Gliscor|Earthquake|p2a: Tyranitar\n|-supereffective|p2a: Tyranitar\n|-damage|p2a: Tyranitar|48\/100\n|move|p2a: Tyranitar|Ice Punch|p1a: Gliscor\n|-supereffective|p1a: Gliscor\n|-damage|p1a: Gliscor|7\/100 tox\n|\n|-weather|Sandstorm|[upkeep]\n|-heal|p1a: Gliscor|20\/100 tox|[from] ability: Poison Heal\n|upkeep\n|turn|22\n|\n|t:|1700757625\n|move|p1a: Gliscor|Roost|p1a: Gliscor\n|-heal|p1a: Gliscor|70\/100 tox\n|-singleturn|p1a: Gliscor|move: Roost\n|move|p2a: Tyranitar|Rest|p2a: Tyranitar\n|-status|p2a: Tyranitar|slp|[from] move: Rest\n|-heal|p2a: Tyranitar|100\/100 slp|[silent]\n|\n|-weather|Sandstorm|[upkeep]\n|-heal|p1a: Gliscor|82\/100 tox|[from] ability: Poison Heal\n|upkeep\n|turn|23\n|\n|t:|1700757631\n|switch|p2a: Corviknight|Corviknight, F|88\/100\n|-ability|p2a: Corviknight|Pressure\n|move|p1a: Gliscor|Knock Off|p2a: Corviknight\n|-damage|p2a: Corviknight|71\/100\n|-enditem|p2a: Corviknight|Leftovers|[from] move: Knock Off|[of] p1a: Gliscor\n|\n|-weather|Sandstorm|[upkeep]\n|-heal|p1a: Gliscor|95\/100 tox|[from] ability: Poison Heal\n|upkeep\n|turn|24\n|\n|t:|1700757640\n|switch|p1a: Slowbro|Slowbro, F|97\/100 tox\n|switch|p2a: Gliscor|Gliscor, F|100\/100 tox\n|\n|-weather|none\n|-damage|p1a: Slowbro|91\/100 tox|[from] psn\n|upkeep\n|turn|25\n|\n|t:|1700757649\n|move|p2a: Gliscor|Spikes|p1a: Slowbro\n|-sidestart|p1: virgin to rank 1|Spikes\n|move|p1a: Slowbro|Scald|p2a: Gliscor\n|-supereffective|p2a: Gliscor\n|-damage|p2a: Gliscor|41\/100 tox\n|\n|-heal|p2a: Gliscor|54\/100 tox|[from] ability: Poison Heal\n|-damage|p1a: Slowbro|79\/100 tox|[from] psn\n|upkeep\n|turn|26\n|\n|t:|1700757661\n|move|p2a: Gliscor|Protect|p2a: Gliscor\n|-singleturn|p2a: Gliscor|Protect\n|move|p1a: Slowbro|Future Sight|p2a: Gliscor\n|-start|p1a: Slowbro|move: Future Sight\n|\n|-heal|p2a: Gliscor|66\/100 tox|[from] ability: Poison Heal\n|-damage|p1a: Slowbro|61\/100 tox|[from] psn\n|upkeep\n|turn|27\n|\n|t:|1700757665\n|switch|p2a: Toxapex|Toxapex, M, tera:Psychic|93\/100 brn\n|move|p1a: Slowbro|Teleport|p1a: Slowbro\n|\n|t:|1700757668\n|switch|p1a: Gliscor|Gliscor, F|95\/100 tox|[from] Teleport\n|\n|-heal|p1a: Gliscor|100\/100 tox|[from] ability: Poison Heal\n|-damage|p2a: Toxapex|87\/100 brn|[from] brn\n|upkeep\n|turn|28\n|\n|t:|1700757674\n|switch|p2a: Tyranitar|Tyranitar-Mega, F|100\/100 slp\n|-weather|Sandstorm|[from] ability: Sand Stream|[of] p2a: Tyranitar\n|move|p1a: Gliscor|Earthquake|p2a: Tyranitar\n|-supereffective|p2a: Tyranitar\n|-damage|p2a: Tyranitar|63\/100 slp\n|\n|-weather|Sandstorm|[upkeep]\n|-end|p2a: Tyranitar|move: Future Sight\n|-immune|p2a: Tyranitar\n|upkeep\n|turn|29\n|\n|t:|1700757679\n|move|p1a: Gliscor|Defog|p2a: Tyranitar\n|-unboost|p2a: Tyranitar|evasion|1\n|-sideend|p1: virgin to rank 1|Spikes|[from] move: Defog|[of] p1a: Gliscor\n|cant|p2a: Tyranitar|slp\n|\n|-weather|Sandstorm|[upkeep]\n|upkeep\n|turn|30\n|\n|t:|1700757682\n|switch|p2a: Gliscor|Gliscor, F|66\/100 tox\n|move|p1a: Gliscor|Earthquake|p2a: Gliscor\n|-immune|p2a: Gliscor\n|\n|-weather|Sandstorm|[upkeep]\n|-heal|p2a: Gliscor|78\/100 tox|[from] ability: Poison Heal\n|upkeep\n|turn|31\n|\n|t:|1700757687\n|switch|p1a: Ferrothorn|Ferrothorn, M|89\/100\n|move|p2a: Gliscor|Spikes|p1a: Ferrothorn\n|-sidestart|p1: virgin to rank 1|Spikes\n|\n|-weather|Sandstorm|[upkeep]\n|-heal|p2a: Gliscor|91\/100 tox|[from] ability: Poison Heal\n|upkeep\n|turn|32\n|\n|t:|1700757692\n|switch|p2a: Corviknight|Corviknight, F|71\/100\n|-ability|p2a: Corviknight|Pressure\n|move|p1a: Ferrothorn|Stealth Rock|p2a: Corviknight\n|-sidestart|p2: jkljlkh|move: Stealth Rock\n|\n|-weather|none\n|upkeep\n|turn|33\n|\n|t:|1700757698\n|move|p2a: Corviknight|Protect|p2a: Corviknight\n|-singleturn|p2a: Corviknight|Protect\n|move|p1a: Ferrothorn|Leech Seed|p2a: Corviknight\n|-activate|p2a: Corviknight|move: Protect\n|\n|upkeep\n|turn|34\n|\n|t:|1700757701\n|move|p2a: Corviknight|Defog|p1a: Ferrothorn\n|-unboost|p1a: Ferrothorn|evasion|1\n|-sideend|p1: virgin to rank 1|Spikes|[from] move: Defog|[of] p2a: Corviknight\n|-sideend|p2: jkljlkh|Stealth Rock|[from] move: Defog|[of] p2a: Corviknight\n|move|p1a: Ferrothorn|Leech Seed|p2a: Corviknight\n|-start|p2a: Corviknight|move: Leech Seed\n|\n|-damage|p2a: Corviknight|59\/100|[from] Leech Seed|[of] p1a: Ferrothorn\n|-heal|p1a: Ferrothorn|100\/100|[silent]\n|upkeep\n|turn|35\n|\n|t:|1700757713\n|switch|p1a: Slowbro|Slowbro, F|94\/100 tox\n|move|p2a: Corviknight|Protect||[still]\n|-fail|p2a: Corviknight\n|\n|-damage|p2a: Corviknight|46\/100|[from] Leech Seed|[of] p1a: Slowbro\n|-heal|p1a: Slowbro|100\/100 tox|[silent]\n|-damage|p1a: Slowbro|94\/100 tox|[from] psn\n|upkeep\n|turn|36\n|\n|t:|1700757720\n|switch|p2a: Tyranitar|Tyranitar-Mega, F|63\/100 slp\n|-weather|Sandstorm|[from] ability: Sand Stream|[of] p2a: Tyranitar\n|move|p1a: Slowbro|Future Sight|p2a: Tyranitar\n|-start|p1a: Slowbro|move: Future Sight\n|\n|-weather|Sandstorm|[upkeep]\n|-damage|p1a: Slowbro|88\/100 tox|[from] Sandstorm\n|-damage|p1a: Slowbro|76\/100 tox|[from] psn\n|upkeep\n|turn|37\n|\n|t:|1700757727\n|cant|p2a: Tyranitar|slp\n|move|p1a: Slowbro|Teleport|p1a: Slowbro\n|\n|t:|1700757730\n|switch|p1a: Zamazenta|Zamazenta|76\/100 tox|[from] Teleport\n|\n|-weather|Sandstorm|[upkeep]\n|-damage|p1a: Zamazenta|70\/100 tox|[from] Sandstorm\n|-damage|p1a: Zamazenta|64\/100 tox|[from] psn\n|upkeep\n|turn|38\n|\n|t:|1700757734\n|switch|p2a: Toxapex|Toxapex, M, tera:Psychic|100\/100 brn\n|move|p1a: Zamazenta|Crunch|p2a: Toxapex\n|-supereffective|p2a: Toxapex\n|-damage|p2a: Toxapex|51\/100 brn\n|\n|-weather|Sandstorm|[upkeep]\n|-damage|p1a: Zamazenta|57\/100 tox|[from] Sandstorm\n|-damage|p2a: Toxapex|45\/100 brn|[from] Sandstorm\n|-end|p2a: Toxapex|move: Future Sight\n|-resisted|p2a: Toxapex\n|-damage|p2a: Toxapex|27\/100 brn\n|-damage|p1a: Zamazenta|45\/100 tox|[from] psn\n|-damage|p2a: Toxapex|21\/100 brn|[from] brn\n|upkeep\n|turn|39\n|\n|t:|1700757749\n|switch|p1a: Gliscor|Gliscor, F|100\/100 tox\n|switch|p2a: Gliscor|Gliscor, F|91\/100 tox\n|\n|-weather|Sandstorm|[upkeep]\n|-heal|p2a: Gliscor|100\/100 tox|[from] ability: Poison Heal\n|upkeep\n|turn|40\n|\n|t:|1700757753\n|switch|p1a: Slowbro|Slowbro, F|100\/100 tox\n|move|p2a: Gliscor|Spikes|p1a: Slowbro\n|-sidestart|p1: virgin to rank 1|Spikes\n|\n|-weather|none\n|-damage|p1a: Slowbro|94\/100 tox|[from] psn\n|upkeep\n|turn|41\n|-message|virgin to rank 1 forfeited.\n|\n|win|jkljlkh\n|raw|virgin to rank 1's rating: 1720 &rarr; <strong>1708<\/strong><br \/>(-12 for losing)\n|raw|jkljlkh's rating: 1871 &rarr; <strong>1883<\/strong><br \/>(+12 for winning)\n|l|\u2606virgin to rank 1\n|l|\u2606jkljlkh\n","uploadtime":1700757840,"views":1,"p1id":"virgintorank1","p2id":"jkljlkh","formatid":"gen9nationaldex","rating":1708,"private":0,"password":""}