{"id":"gen9nationaldex-1991609995","p1":"Stealth 25","p2":"MorthDaMooth","format":"[Gen 9] National Dex","log":"|j|\u2606Stealth 25\n|j|\u2606MorthDaMooth\n|t:|1700093897\n|gametype|singles\n|player|p1|Stealth 25|hilbert|\n|player|p2|MorthDaMooth|170|\n|teamsize|p1|6\n|teamsize|p2|6\n|gen|9\n|tier|[Gen 9] National Dex\n|rule|HP Percentage Mod: HP is shown in percentages\n|rule|Endless Battle Clause: Forcing endless battles is banned\n|rule|OHKO Clause: OHKO moves are banned\n|rule|Evasion Clause: Evasion abilities, items, and moves are banned\n|rule|Evasion Abilities Clause: Evasion abilities are banned\n|rule|Evasion Items Clause: Evasion items are banned\n|rule|Evasion Moves Clause: Evasion moves are banned\n|rule|Species Clause: Limit one of each Pok\u00e9mon\n|rule|Sleep Clause Mod: Limit one foe put to sleep\n|clearpoke\n|poke|p1|Greninja-*, M|\n|poke|p1|Shuckle, M|\n|poke|p1|Charizard, M|\n|poke|p1|Tapu Koko|\n|poke|p1|Iron Valiant|\n|poke|p1|Sceptile, M|\n|poke|p2|Serperior, M|\n|poke|p2|Noivern, M|\n|poke|p2|Tinkaton, F|\n|poke|p2|Slither Wing|\n|poke|p2|Milotic, F|\n|poke|p2|Clodsire, M|\n|teampreview\n|\n|t:|1700093901\n|start\n|switch|p1a: Shuckster|Shuckle, M, shiny|100\/100\n|switch|p2a: The Lad!|Clodsire, M|100\/100\n|turn|1\n|\n|t:|1700093907\n|move|p2a: The Lad!|Stealth Rock|p1a: Shuckster\n|-sidestart|p1: Stealth 25|move: Stealth Rock\n|move|p1a: Shuckster|Sticky Web|p2a: The Lad!\n|-sidestart|p2: MorthDaMooth|move: Sticky Web\n|\n|upkeep\n|turn|2\n|\n|t:|1700093915\n|move|p2a: The Lad!|Toxic|p1a: Shuckster\n|-status|p1a: Shuckster|tox\n|move|p1a: Shuckster|Encore|p2a: The Lad!\n|-start|p2a: The Lad!|Encore\n|\n|-damage|p1a: Shuckster|94\/100 tox|[from] psn\n|upkeep\n|turn|3\n|\n|t:|1700093923\n|switch|p2a: Da Snoove!|Serperior, M|100\/100\n|-activate|p2a: Da Snoove!|move: Sticky Web\n|-boost|p2a: Da Snoove!|spe|1\n|move|p1a: Shuckster|Stealth Rock|p2a: Da Snoove!\n|-sidestart|p2: MorthDaMooth|move: Stealth Rock\n|\n|-damage|p1a: Shuckster|82\/100 tox|[from] psn\n|upkeep\n|turn|4\n|\n|t:|1700093932\n|move|p2a: Da Snoove!|Leaf Storm|p1a: Shuckster|[miss]\n|-miss|p2a: Da Snoove!|p1a: Shuckster\n|move|p1a: Shuckster|Toxic|p2a: Da Snoove!\n|-status|p2a: Da Snoove!|tox\n|\n|-damage|p2a: Da Snoove!|94\/100 tox|[from] psn\n|-damage|p1a: Shuckster|63\/100 tox|[from] psn\n|upkeep\n|turn|5\n|\n|t:|1700093939\n|move|p2a: Da Snoove!|Leaf Storm|p1a: Shuckster|[miss]\n|-miss|p2a: Da Snoove!|p1a: Shuckster\n|move|p1a: Shuckster|Encore|p2a: Da Snoove!\n|-start|p2a: Da Snoove!|Encore\n|\n|-heal|p2a: Da Snoove!|100\/100 tox|[from] item: Leftovers\n|-damage|p2a: Da Snoove!|88\/100 tox|[from] psn\n|-damage|p1a: Shuckster|39\/100 tox|[from] psn\n|upkeep\n|turn|6\n|\n|t:|1700093947\n|move|p2a: Da Snoove!|Leaf Storm|p1a: Shuckster\n|-damage|p1a: Shuckster|15\/100 tox\n|-boost|p2a: Da Snoove!|spa|2\n|-enditem|p1a: Shuckster|Aguav Berry|[eat]\n|-heal|p1a: Shuckster|48\/100 tox|[from] item: Aguav Berry\n|move|p1a: Shuckster|Sticky Web||[still]\n|-fail|p1a: Shuckster\n|\n|-heal|p2a: Da Snoove!|94\/100 tox|[from] item: Leftovers\n|-damage|p2a: Da Snoove!|76\/100 tox|[from] psn\n|-damage|p1a: Shuckster|17\/100 tox|[from] psn\n|upkeep\n|turn|7\n|\n|t:|1700093957\n|move|p2a: Da Snoove!|Leaf Storm|p1a: Shuckster\n|-damage|p1a: Shuckster|0 fnt\n|-boost|p2a: Da Snoove!|spa|2\n|faint|p1a: Shuckster\n|\n|-heal|p2a: Da Snoove!|82\/100 tox|[from] item: Leftovers\n|-damage|p2a: Da Snoove!|57\/100 tox|[from] psn\n|upkeep\n|\n|t:|1700093963\n|switch|p1a: Hot Koko|Tapu Koko, shiny|100\/100\n|-damage|p1a: Hot Koko|88\/100|[from] Stealth Rock\n|-fieldstart|move: Electric Terrain|[from] ability: Electric Surge|[of] p1a: Hot Koko\n|turn|8\n|\n|t:|1700093969\n|move|p2a: Da Snoove!|Leaf Storm|p1a: Hot Koko\n|-damage|p1a: Hot Koko|0 fnt\n|-boost|p2a: Da Snoove!|spa|2\n|faint|p1a: Hot Koko\n|\n|-heal|p2a: Da Snoove!|63\/100 tox|[from] item: Leftovers\n|-damage|p2a: Da Snoove!|32\/100 tox|[from] psn\n|-end|p2a: Da Snoove!|Encore\n|upkeep\n|\n|t:|1700093976\n|switch|p1a: Jungle Claw|Sceptile, M, shiny|100\/100\n|-damage|p1a: Jungle Claw|88\/100|[from] Stealth Rock\n|-enditem|p1a: Jungle Claw|Electric Seed\n|-boost|p1a: Jungle Claw|def|1|[from] item: Electric Seed\n|turn|9\n|\n|t:|1700093981\n|move|p1a: Jungle Claw|Acrobatics|p2a: Da Snoove!\n|-supereffective|p2a: Da Snoove!\n|-damage|p2a: Da Snoove!|0 fnt\n|faint|p2a: Da Snoove!\n|\n|upkeep\n|\n|t:|1700093987\n|switch|p2a: Floof Mooth|Slither Wing|100\/100\n|turn|10\n|\n|t:|1700093994\n|move|p2a: Floof Mooth|First Impression|p1a: Jungle Claw\n|-supereffective|p1a: Jungle Claw\n|-damage|p1a: Jungle Claw|0 fnt\n|faint|p1a: Jungle Claw\n|\n|upkeep\n|\n|t:|1700094000\n|switch|p1a: Spartan|Iron Valiant, shiny|100\/100\n|-damage|p1a: Spartan|94\/100|[from] Stealth Rock\n|-activate|p1a: Spartan|ability: Quark Drive\n|-start|p1a: Spartan|quarkdrivespe\n|turn|11\n|\n|t:|1700094008\n|move|p1a: Spartan|Encore|p2a: Floof Mooth\n|-start|p2a: Floof Mooth|Encore\n|move|p2a: Floof Mooth|First Impression||[still]\n|-hint|First Impression only works on your first turn out.\n|-fail|p2a: Floof Mooth\n|\n|upkeep\n|turn|12\n|\n|t:|1700094017\n|-end|p2a: Floof Mooth|Protosynthesis|[silent]\n|switch|p2a: Marvel|Milotic, F|100\/100\n|-activate|p2a: Marvel|move: Sticky Web\n|-unboost|p2a: Marvel|spe|1\n|-ability|p2a: Marvel|Competitive|boost\n|-boost|p2a: Marvel|spa|2\n|-damage|p2a: Marvel|88\/100|[from] Stealth Rock\n|move|p1a: Spartan|Swords Dance|p1a: Spartan\n|-boost|p1a: Spartan|atk|2\n|\n|upkeep\n|turn|13\n|j| lemmybro87\n|\n|t:|1700094026\n|move|p1a: Spartan|Close Combat|p2a: Marvel\n|-damage|p2a: Marvel|0 fnt\n|-unboost|p1a: Spartan|def|1\n|-unboost|p1a: Spartan|spd|1\n|faint|p2a: Marvel\n|\n|upkeep\n|\n|t:|1700094034\n|switch|p2a: Whamma Slam!|Tinkaton, F|100\/100\n|-activate|p2a: Whamma Slam!|move: Sticky Web\n|-unboost|p2a: Whamma Slam!|spe|1\n|-damage|p2a: Whamma Slam!|94\/100|[from] Stealth Rock\n|-ability|p2a: Whamma Slam!|Mold Breaker\n|turn|14\n|\n|t:|1700094040\n|-terastallize|p1a: Spartan|Fairy\n|move|p1a: Spartan|Liquidation|p2a: Whamma Slam!\n|-damage|p2a: Whamma Slam!|8\/100\n|move|p2a: Whamma Slam!|Gigaton Hammer|p1a: Spartan\n|-supereffective|p1a: Spartan\n|-damage|p1a: Spartan|0 fnt\n|faint|p1a: Spartan\n|-end|p1a: Spartan|Quark Drive|[silent]\n|\n|-heal|p2a: Whamma Slam!|14\/100|[from] item: Leftovers\n|upkeep\n|\n|t:|1700094065\n|switch|p1a: Dark Wing|Charizard, M, shiny|100\/100\n|-damage|p1a: Dark Wing|51\/100|[from] Stealth Rock\n|turn|15\n|\n|t:|1700094069\n|move|p1a: Dark Wing|Fire Punch|p2a: Whamma Slam!\n|-supereffective|p2a: Whamma Slam!\n|-damage|p2a: Whamma Slam!|0 fnt\n|faint|p2a: Whamma Slam!\n|\n|-fieldend|move: Electric Terrain\n|upkeep\n|\n|t:|1700094074\n|switch|p2a: The Lad!|Clodsire, M|100\/100\n|-activate|p2a: The Lad!|move: Sticky Web\n|-unboost|p2a: The Lad!|spe|1\n|-damage|p2a: The Lad!|94\/100|[from] Stealth Rock\n|turn|16\n|\n|t:|1700094080\n|move|p1a: Dark Wing|Dragon Dance|p1a: Dark Wing\n|-boost|p1a: Dark Wing|atk|1\n|-boost|p1a: Dark Wing|spe|1\n|move|p2a: The Lad!|Toxic|p1a: Dark Wing\n|-status|p1a: Dark Wing|tox\n|\n|-damage|p1a: Dark Wing|45\/100 tox|[from] psn\n|upkeep\n|turn|17\n|\n|t:|1700094094\n|detailschange|p1a: Dark Wing|Charizard-Mega-X, M, shiny\n|-mega|p1a: Dark Wing|Charizard|Charizardite X\n|move|p1a: Dark Wing|Dragon Claw|p2a: The Lad!\n|-crit|p2a: The Lad!\n|-damage|p2a: The Lad!|0 fnt\n|faint|p2a: The Lad!\n|\n|-damage|p1a: Dark Wing|32\/100 tox|[from] psn\n|upkeep\n|\n|t:|1700094104\n|switch|p2a: Floof Mooth|Slither Wing|100\/100\n|turn|18\n|\n|t:|1700094107\n|move|p2a: Floof Mooth|First Impression|p1a: Dark Wing\n|-resisted|p1a: Dark Wing\n|-damage|p1a: Dark Wing|9\/100 tox\n|move|p1a: Dark Wing|Fire Punch|p2a: Floof Mooth\n|-supereffective|p2a: Floof Mooth\n|-damage|p2a: Floof Mooth|0 fnt\n|faint|p2a: Floof Mooth\n|-end|p2a: Floof Mooth|Protosynthesis|[silent]\n|\n|-damage|p1a: Dark Wing|0 fnt|[from] psn\n|faint|p1a: Dark Wing\n|upkeep\n|\n|t:|1700094116\n|switch|p1a: Stealth|Greninja, M|100\/100\n|switch|p2a: Reverb|Noivern, M, shiny|100\/100\n|-damage|p2a: Reverb|76\/100|[from] Stealth Rock\n|-damage|p1a: Stealth|88\/100|[from] Stealth Rock\n|turn|19\n|\n|t:|1700094123\n|-terastallize|p2a: Reverb|Fairy\n|move|p2a: Reverb|Tera Blast|p1a: Stealth|[anim] Tera Blast Fairy\n|-supereffective|p1a: Stealth\n|-damage|p1a: Stealth|0 fnt\n|faint|p1a: Stealth\n|\n|win|MorthDaMooth\n|l| lemmybro87\n|l|\u2606Stealth 25\n","uploadtime":1700094416,"views":5,"p1id":"stealth25","p2id":"morthdamooth","formatid":"gen9nationaldex","rating":0,"private":0,"password":""}