{"id":"gen9nationaldex-1993899046","p1":"mixco","p2":"OnlyPyper","format":"[Gen 9] National Dex","log":"|j|\u2606mixco\n|j|\u2606OnlyPyper\n|t:|1700372104\n|gametype|singles\n|player|p1|mixco|penny|\n|player|p2|OnlyPyper|shauntal|\n|teamsize|p1|6\n|teamsize|p2|6\n|gen|9\n|tier|[Gen 9] National Dex\n|rule|HP Percentage Mod: HP is shown in percentages\n|rule|Endless Battle Clause: Forcing endless battles is banned\n|rule|OHKO Clause: OHKO moves are banned\n|rule|Evasion Clause: Evasion abilities, items, and moves are banned\n|rule|Evasion Abilities Clause: Evasion abilities are banned\n|rule|Evasion Items Clause: Evasion items are banned\n|rule|Evasion Moves Clause: Evasion moves are banned\n|rule|Species Clause: Limit one of each Pok\u00e9mon\n|rule|Sleep Clause Mod: Limit one foe put to sleep\n|clearpoke\n|poke|p1|Inteleon, M|\n|poke|p1|Flapple, F|\n|poke|p1|Centiskorch, M|\n|poke|p1|Runerigus, M|\n|poke|p1|Falinks|\n|poke|p1|Slowking-Galar, F|\n|poke|p2|Sceptile, F|\n|poke|p2|Minun, F|\n|poke|p2|Altaria, F|\n|poke|p2|Absol, F|\n|poke|p2|Dusclops, F|\n|poke|p2|Seviper, F|\n|teampreview\n|c|\u2606mixco|Suerte\n|c|\u2606OnlyPyper|Suerte\n|\n|t:|1700372144\n|start\n|switch|p1a: Maledicto|Runerigus, M, shiny|100\/100\n|switch|p2a: Mori|Sceptile, F|100\/100\n|turn|1\n|\n|t:|1700372149\n|switch|p1a: Slowqueen|Slowking-Galar, F|100\/100\n|move|p2a: Mori|Leaf Storm|p1a: Slowqueen|[miss]\n|-miss|p2a: Mori|p1a: Slowqueen\n|\n|upkeep\n|turn|2\n|\n|t:|1700372162\n|switch|p2a: Umbra|Dusclops, F|100\/100\n|-ability|p2a: Umbra|Pressure\n|move|p1a: Slowqueen|Sludge Bomb|p2a: Umbra\n|-resisted|p2a: Umbra\n|-damage|p2a: Umbra|92\/100\n|-status|p2a: Umbra|psn\n|\n|-damage|p2a: Umbra|80\/100 psn|[from] psn\n|upkeep\n|turn|3\n|\n|t:|1700372170\n|switch|p2a: Hitei|Absol, F|100\/100\n|move|p1a: Slowqueen|Future Sight|p2a: Hitei\n|-start|p1a: Slowqueen|move: Future Sight\n|\n|upkeep\n|turn|4\n|\n|t:|1700372182\n|-activate|p1a: Slowqueen|move: Pursuit\n|detailschange|p2a: Hitei|Absol-Mega, F\n|-mega|p2a: Hitei|Absol|Absolite\n|move|p2a: Hitei|Pursuit|p1a: Slowqueen|[from]Pursuit\n|-supereffective|p1a: Slowqueen\n|-damage|p1a: Slowqueen|8\/100\n|switch|p1a: Mostacho|Centiskorch, M|100\/100\n|\n|upkeep\n|turn|5\n|\n|t:|1700372203\n|switch|p2a: Ika|Minun, F|100\/100\n|move|p1a: Mostacho|Leech Life|p2a: Ika\n|-damage|p2a: Ika|31\/100\n|\n|-end|p2a: Ika|move: Future Sight\n|-damage|p2a: Ika|0 fnt\n|faint|p2a: Ika\n|upkeep\n|\n|t:|1700372211\n|switch|p2a: Toxyn|Seviper, F|100\/100\n|turn|6\n|\n|t:|1700372218\n|switch|p1a: Slowqueen|Slowking-Galar, F|41\/100\n|move|p2a: Toxyn|Glare|p1a: Slowqueen\n|-status|p1a: Slowqueen|par\n|\n|upkeep\n|turn|7\n|\n|t:|1700372228\n|switch|p2a: Hitei|Absol-Mega, F|100\/100\n|switch|p1a: Maledicto|Runerigus, M, shiny|100\/100\n|\n|upkeep\n|turn|8\n|\n|t:|1700372239\n|switch|p2a: Tristina|Altaria, F|100\/100\n|move|p1a: Maledicto|Body Press|p2a: Tristina\n|-resisted|p2a: Tristina\n|-damage|p2a: Tristina|83\/100\n|\n|upkeep\n|turn|9\n|\n|t:|1700372245\n|switch|p1a: Mostacho|Centiskorch, M|100\/100\n|move|p2a: Tristina|Will-O-Wisp|p1a: Mostacho\n|-start|p1a: Mostacho|ability: Flash Fire\n|\n|upkeep\n|turn|10\n|\n|t:|1700372255\n|move|p2a: Tristina|Earthquake|p1a: Mostacho\n|-damage|p1a: Mostacho|81\/100\n|move|p1a: Mostacho|Coil|p1a: Mostacho\n|-boost|p1a: Mostacho|atk|1\n|-boost|p1a: Mostacho|def|1\n|-boost|p1a: Mostacho|accuracy|1\n|\n|upkeep\n|turn|11\n|\n|t:|1700372263\n|switch|p2a: Umbra|Dusclops, F|80\/100 psn\n|-ability|p2a: Umbra|Pressure\n|move|p1a: Mostacho|Coil|p1a: Mostacho\n|-boost|p1a: Mostacho|atk|1\n|-boost|p1a: Mostacho|def|1\n|-boost|p1a: Mostacho|accuracy|1\n|\n|-damage|p2a: Umbra|67\/100 psn|[from] psn\n|upkeep\n|turn|12\n|\n|t:|1700372269\n|move|p1a: Mostacho|Fire Lash|p2a: Umbra\n|-damage|p2a: Umbra|12\/100 psn\n|-unboost|p2a: Umbra|def|1\n|move|p2a: Umbra|Haze|p2a: Umbra\n|-clearallboost\n|\n|-damage|p2a: Umbra|0 fnt|[from] psn\n|faint|p2a: Umbra\n|upkeep\n|\n|t:|1700372284\n|switch|p2a: Toxyn|Seviper, F|100\/100\n|turn|13\n|\n|t:|1700372292\n|-end|p1a: Mostacho|ability: Flash Fire|[silent]\n|switch|p1a: Slowqueen|Slowking-Galar, F|74\/100 par\n|move|p2a: Toxyn|Dragon Tail|p1a: Slowqueen\n|-damage|p1a: Slowqueen|57\/100 par\n|drag|p1a: Randal|Inteleon, M|100\/100\n|\n|upkeep\n|turn|14\n|\n|t:|1700372304\n|move|p1a: Randal|Hydro Pump|p2a: Toxyn\n|-damage|p2a: Toxyn|0 fnt\n|faint|p2a: Toxyn\n|\n|upkeep\n|\n|t:|1700372310\n|switch|p2a: Mori|Sceptile, F|100\/100\n|turn|15\n|\n|t:|1700372315\n|switch|p2a: Hitei|Absol-Mega, F|100\/100\n|switch|p1a: Slowqueen|Slowking-Galar, F|91\/100 par\n|\n|upkeep\n|turn|16\n|\n|t:|1700372333\n|switch|p2a: Mori|Sceptile, F|100\/100\n|-terastallize|p1a: Slowqueen|Fairy\n|cant|p1a: Slowqueen|par\n|\n|upkeep\n|turn|17\n|\n|t:|1700372344\n|-terastallize|p2a: Mori|Grass\n|move|p2a: Mori|Leaf Storm|p1a: Slowqueen\n|-damage|p1a: Slowqueen|41\/100 par\n|-unboost|p2a: Mori|spa|2\n|cant|p1a: Slowqueen|par\n|\n|upkeep\n|turn|18\n|\n|t:|1700372353\n|switch|p2a: Tristina|Altaria, F|83\/100\n|switch|p1a: Mostacho|Centiskorch, M|81\/100\n|\n|upkeep\n|turn|19\n|\n|t:|1700372360\n|switch|p2a: Mori|Sceptile, F, tera:Grass|100\/100\n|move|p1a: Mostacho|Coil|p1a: Mostacho\n|-boost|p1a: Mostacho|atk|1\n|-boost|p1a: Mostacho|def|1\n|-boost|p1a: Mostacho|accuracy|1\n|\n|upkeep\n|turn|20\n|\n|t:|1700372365\n|move|p2a: Mori|Frenzy Plant|p1a: Mostacho\n|-resisted|p1a: Mostacho\n|-damage|p1a: Mostacho|61\/100\n|-mustrecharge|p2a: Mori\n|move|p1a: Mostacho|Leech Life|p2a: Mori\n|-supereffective|p2a: Mori\n|-damage|p2a: Mori|0 fnt\n|-heal|p1a: Mostacho|96\/100|[from] drain|[of] p2a: Mori\n|faint|p2a: Mori\n|\n|upkeep\n|-message|OnlyPyper forfeited.\n|\n|win|mixco\n|c|\u2606mixco|gg\n","uploadtime":1700372397,"views":14,"p1id":"mixco","p2id":"onlypyper","formatid":"gen9nationaldex","rating":0,"private":0,"password":""}