{"id":"gen9nationaldex-1991743264","p1":"DJRRRR","p2":"SevenSeasYT","format":"[Gen 9] National Dex","log":"|j|\u2606DJRRRR\n|j|\u2606SevenSeasYT\n|t:|1700109816\n|gametype|singles\n|player|p1|DJRRRR|roxie|1355\n|player|p2|SevenSeasYT|169|1317\n|teamsize|p1|6\n|teamsize|p2|6\n|gen|9\n|tier|[Gen 9] National Dex\n|rated|\n|rule|HP Percentage Mod: HP is shown in percentages\n|rule|Endless Battle Clause: Forcing endless battles is banned\n|rule|OHKO Clause: OHKO moves are banned\n|rule|Evasion Clause: Evasion abilities, items, and moves are banned\n|rule|Evasion Abilities Clause: Evasion abilities are banned\n|rule|Evasion Items Clause: Evasion items are banned\n|rule|Evasion Moves Clause: Evasion moves are banned\n|rule|Species Clause: Limit one of each Pok\u00e9mon\n|rule|Sleep Clause Mod: Limit one foe put to sleep\n|clearpoke\n|poke|p1|Banette, M|\n|poke|p1|Dragonite, M|\n|poke|p1|Tapu Koko|\n|poke|p1|Iron Valiant|\n|poke|p1|Rillaboom, M|\n|poke|p1|Greninja-*, M|\n|poke|p2|Polteageist|\n|poke|p2|Tapu Lele|\n|poke|p2|Sneasler, F|\n|poke|p2|Maushold|\n|poke|p2|Hatterene, F|\n|poke|p2|Charizard, M|\n|teampreview\n|inactive|Battle timer is ON: inactive players will automatically lose when time's up. (requested by DJRRRR)\n|\n|t:|1700109823\n|start\n|switch|p1a: Rillaboom|Rillaboom, M|100\/100\n|switch|p2a: Entity 34|Hatterene, F|100\/100\n|-fieldstart|move: Grassy Terrain|[from] ability: Grassy Surge|[of] p1a: Rillaboom\n|turn|1\n|\n|t:|1700109834\n|move|p1a: Rillaboom|Wood Hammer|p2a: Entity 34\n|-damage|p2a: Entity 34|0 fnt\n|faint|p2a: Entity 34\n|-damage|p1a: Rillaboom|70\/100|[from] Recoil\n|\n|-heal|p1a: Rillaboom|76\/100|[from] Grassy Terrain\n|upkeep\n|\n|t:|1700109852\n|switch|p2a: Mega Charizard-Z|Charizard, M|100\/100\n|turn|2\n|\n|t:|1700109860\n|switch|p1a: Dragonite|Dragonite, M|100\/100\n|detailschange|p2a: Mega Charizard-Z|Charizard-Mega-Y, M\n|-mega|p2a: Mega Charizard-Z|Charizard|Charizardite Y\n|-weather|SunnyDay|[from] ability: Drought|[of] p2a: Mega Charizard-Z\n|move|p2a: Mega Charizard-Z|Weather Ball|p1a: Dragonite\n|-resisted|p1a: Dragonite\n|-damage|p1a: Dragonite|82\/100\n|\n|-weather|SunnyDay|[upkeep]\n|upkeep\n|turn|3\n|\n|t:|1700109871\n|switch|p2a: Astolfo|Tapu Lele|100\/100\n|-fieldstart|move: Psychic Terrain|[from] ability: Psychic Surge|[of] p2a: Astolfo\n|move|p1a: Dragonite|Roost|p1a: Dragonite\n|-heal|p1a: Dragonite|100\/100\n|-singleturn|p1a: Dragonite|move: Roost\n|\n|-weather|SunnyDay|[upkeep]\n|upkeep\n|turn|4\n|\n|t:|1700109884\n|switch|p2a: The Prime Minister|Polteageist|100\/100\n|switch|p1a: Tapu Koko|Tapu Koko|100\/100\n|-fieldstart|move: Electric Terrain|[from] ability: Electric Surge|[of] p1a: Tapu Koko\n|\n|-weather|SunnyDay|[upkeep]\n|upkeep\n|turn|5\n|\n|t:|1700109892\n|move|p1a: Tapu Koko|Volt Switch|p2a: The Prime Minister\n|-damage|p2a: The Prime Minister|33\/100\n|\n|t:|1700109895\n|switch|p1a: Iron Valiant|Iron Valiant|100\/100|[from] Volt Switch\n|-activate|p1a: Iron Valiant|ability: Quark Drive\n|-start|p1a: Iron Valiant|quarkdrivespe\n|move|p2a: The Prime Minister|Shell Smash|p2a: The Prime Minister\n|-unboost|p2a: The Prime Minister|def|1\n|-unboost|p2a: The Prime Minister|spd|1\n|-boost|p2a: The Prime Minister|atk|2\n|-boost|p2a: The Prime Minister|spa|2\n|-boost|p2a: The Prime Minister|spe|2\n|\n|-weather|SunnyDay|[upkeep]\n|upkeep\n|turn|6\n|\n|t:|1700109910\n|move|p1a: Iron Valiant|Encore|p2a: The Prime Minister\n|-start|p2a: The Prime Minister|Encore\n|move|p2a: The Prime Minister|Shell Smash|p2a: The Prime Minister\n|-unboost|p2a: The Prime Minister|def|1\n|-unboost|p2a: The Prime Minister|spd|1\n|-boost|p2a: The Prime Minister|atk|2\n|-boost|p2a: The Prime Minister|spa|2\n|-boost|p2a: The Prime Minister|spe|2\n|\n|-weather|none\n|upkeep\n|turn|7\n|\n|t:|1700109919\n|move|p2a: The Prime Minister|Shell Smash|p2a: The Prime Minister\n|-unboost|p2a: The Prime Minister|def|1\n|-unboost|p2a: The Prime Minister|spd|1\n|-boost|p2a: The Prime Minister|atk|2\n|-boost|p2a: The Prime Minister|spa|2\n|-boost|p2a: The Prime Minister|spe|2\n|move|p1a: Iron Valiant|Swords Dance|p1a: Iron Valiant\n|-boost|p1a: Iron Valiant|atk|2\n|\n|upkeep\n|turn|8\n|\n|t:|1700109926\n|move|p2a: The Prime Minister|Shell Smash|p2a: The Prime Minister\n|-unboost|p2a: The Prime Minister|def|1\n|-unboost|p2a: The Prime Minister|spd|1\n|-boost|p2a: The Prime Minister|atk|0\n|-boost|p2a: The Prime Minister|spa|0\n|-boost|p2a: The Prime Minister|spe|0\n|move|p1a: Iron Valiant|Spirit Break|p2a: The Prime Minister\n|-damage|p2a: The Prime Minister|0 fnt\n|faint|p2a: The Prime Minister\n|-damage|p1a: Iron Valiant|91\/100|[from] item: Life Orb\n|\n|-fieldend|move: Electric Terrain\n|-end|p1a: Iron Valiant|Quark Drive\n|upkeep\n|\n|t:|1700109942\n|switch|p2a: Mega Charizard-Z|Charizard-Mega-Y, M|100\/100\n|-weather|SunnyDay|[from] ability: Drought|[of] p2a: Mega Charizard-Z\n|turn|9\n|\n|t:|1700109949\n|switch|p2a: Astolfo|Tapu Lele|100\/100\n|-fieldstart|move: Psychic Terrain|[from] ability: Psychic Surge|[of] p2a: Astolfo\n|move|p1a: Iron Valiant|Close Combat|p2a: Astolfo\n|-resisted|p2a: Astolfo\n|-damage|p2a: Astolfo|36\/100\n|-unboost|p1a: Iron Valiant|def|1\n|-unboost|p1a: Iron Valiant|spd|1\n|-damage|p1a: Iron Valiant|81\/100|[from] item: Life Orb\n|\n|-weather|SunnyDay|[upkeep]\n|upkeep\n|turn|10\n|\n|t:|1700109968\n|-end|p1a: Iron Valiant|Quark Drive|[silent]\n|switch|p1a: Tapu Koko|Tapu Koko|100\/100\n|-fieldstart|move: Electric Terrain|[from] ability: Electric Surge|[of] p1a: Tapu Koko\n|switch|p2a: Stronger Monsters|Sneasler, F|100\/100\n|\n|-weather|SunnyDay|[upkeep]\n|upkeep\n|turn|11\n|\n|t:|1700109979\n|-terastallize|p1a: Tapu Koko|Electric\n|move|p1a: Tapu Koko|Thunder|p2a: Stronger Monsters\n|-damage|p2a: Stronger Monsters|0 fnt\n|faint|p2a: Stronger Monsters\n|\n|-weather|SunnyDay|[upkeep]\n|upkeep\n|c|\u2606SevenSeasYT|this is like the worst possible matchup for me ever\n|c|\u2606DJRRRR|Lol\n|-message|SevenSeasYT forfeited.\n|\n|win|DJRRRR\n|raw|DJRRRR's rating: 1355 &rarr; <strong>1373<\/strong><br \/>(+18 for winning)\n|raw|SevenSeasYT's rating: 1317 &rarr; <strong>1299<\/strong><br \/>(-18 for losing)\n|l|\u2606SevenSeasYT\n|c|\u2606DJRRRR|g9\n","uploadtime":1700110011,"views":5,"p1id":"djrrrr","p2id":"sevenseasyt","formatid":"gen9nationaldex","rating":1299,"private":0,"password":""}