{"id":"gen9nationaldex-1994950087","p1":"Glass101","p2":"Chalonge007","format":"[Gen 9] National Dex","log":"|html|<div class=\"broadcast-blue\"><strong>[Gen 9] National Dex is currently suspecting Sneasler! For information on how to participate check out the <a href=\"https:\/\/www.smogon.com\/forums\/threads\/sv-national-dex-suspect-8-just-dance.3731534\/\">suspect thread<\/a>.<\/strong><\/div>\n|j|\u2606Glass101\n|j|\u2606Chalonge007\n|t:|1700507391\n|gametype|singles\n|player|p1|Glass101|rocketgruntf|1535\n|player|p2|Chalonge007|170|1450\n|teamsize|p1|6\n|teamsize|p2|6\n|gen|9\n|tier|[Gen 9] National Dex\n|rated|\n|rule|HP Percentage Mod: HP is shown in percentages\n|rule|Endless Battle Clause: Forcing endless battles is banned\n|rule|OHKO Clause: OHKO moves are banned\n|rule|Evasion Clause: Evasion abilities, items, and moves are banned\n|rule|Evasion Abilities Clause: Evasion abilities are banned\n|rule|Evasion Items Clause: Evasion items are banned\n|rule|Evasion Moves Clause: Evasion moves are banned\n|rule|Species Clause: Limit one of each Pok\u00e9mon\n|rule|Sleep Clause Mod: Limit one foe put to sleep\n|clearpoke\n|poke|p1|Clodsire, F|\n|poke|p1|Chansey, F|\n|poke|p1|Toxapex, F|\n|poke|p1|Skarmory, F|\n|poke|p1|Kyurem|\n|poke|p1|Sableye, M|\n|poke|p2|Zeraora|\n|poke|p2|Sceptile, M|\n|poke|p2|Primarina, M|\n|poke|p2|Armarouge, M|\n|poke|p2|Dachsbun, F|\n|poke|p2|Accelgor, M|\n|teampreview\n|c|\u2606Glass101|glhf xd\n|c|\u2606Glass101|I'm sorry\n|\n|t:|1700507411\n|start\n|switch|p1a: Ahh!|Toxapex, F|100\/100\n|switch|p2a: Armarouge|Armarouge, M|100\/100\n|turn|1\n|inactive|Battle timer is ON: inactive players will automatically lose when time's up. (requested by Glass101)\n|\n|t:|1700507416\n|move|p2a: Armarouge|Armor Cannon|p1a: Ahh!\n|-resisted|p1a: Ahh!\n|-damage|p1a: Ahh!|56\/100\n|-unboost|p2a: Armarouge|def|1\n|-unboost|p2a: Armarouge|spd|1\n|move|p1a: Ahh!|Toxic|p2a: Armarouge\n|-status|p2a: Armarouge|tox\n|\n|-damage|p2a: Armarouge|94\/100 tox|[from] psn\n|upkeep\n|turn|2\n|\n|t:|1700507423\n|switch|p2a: Primarina|Primarina, M|100\/100\n|move|p1a: Ahh!|Recover|p1a: Ahh!\n|-heal|p1a: Ahh!|100\/100\n|\n|upkeep\n|turn|3\n|\n|t:|1700507427\n|switch|p2a: Armarouge|Armarouge, M|94\/100 tox\n|move|p1a: Ahh!|Toxic|p2a: Armarouge\n|-fail|p2a: Armarouge|tox\n|\n|-damage|p2a: Armarouge|88\/100 tox|[from] psn\n|upkeep\n|turn|4\n|\n|t:|1700507431\n|switch|p1a: Sorry \":D|Sableye, M|100\/100\n|move|p2a: Armarouge|Armor Cannon|p1a: Sorry \":D\n|-crit|p1a: Sorry \":D\n|-damage|p1a: Sorry \":D|0 fnt\n|-unboost|p2a: Armarouge|def|1\n|-unboost|p2a: Armarouge|spd|1\n|faint|p1a: Sorry \":D\n|\n|-damage|p2a: Armarouge|76\/100 tox|[from] psn\n|upkeep\n|\n|t:|1700507436\n|switch|p1a: Oops|Kyurem|100\/100\n|-ability|p1a: Oops|Pressure\n|turn|5\n|\n|t:|1700507443\n|switch|p2a: Accelgor|Accelgor, M|100\/100\n|move|p1a: Oops|Earth Power|p2a: Accelgor\n|-resisted|p2a: Accelgor\n|-damage|p2a: Accelgor|63\/100\n|-damage|p1a: Oops|91\/100|[from] item: Life Orb\n|\n|upkeep\n|turn|6\n|\n|t:|1700507449\n|switch|p1a: Ahh!|Toxapex, F|100\/100\n|move|p2a: Accelgor|Bug Buzz|p1a: Ahh!\n|-resisted|p1a: Ahh!\n|-damage|p1a: Ahh!|81\/100\n|-enditem|p2a: Accelgor|Throat Spray\n|-boost|p2a: Accelgor|spa|1|[from] item: Throat Spray\n|\n|upkeep\n|turn|7\n|\n|t:|1700507456\n|move|p2a: Accelgor|Bug Buzz|p1a: Ahh!\n|-resisted|p1a: Ahh!\n|-damage|p1a: Ahh!|54\/100\n|move|p1a: Ahh!|Toxic|p2a: Accelgor\n|-status|p2a: Accelgor|tox\n|\n|-damage|p2a: Accelgor|57\/100 tox|[from] psn\n|upkeep\n|turn|8\n|\n|t:|1700507465\n|switch|p2a: Armarouge|Armarouge, M|76\/100 tox\n|move|p1a: Ahh!|Haze|p1a: Ahh!\n|-clearallboost\n|\n|-damage|p2a: Armarouge|70\/100 tox|[from] psn\n|upkeep\n|turn|9\n|\n|t:|1700507468\n|move|p2a: Armarouge|Psyshock|p1a: Ahh!\n|-supereffective|p1a: Ahh!\n|-damage|p1a: Ahh!|0 fnt\n|faint|p1a: Ahh!\n|\n|-damage|p2a: Armarouge|58\/100 tox|[from] psn\n|upkeep\n|\n|t:|1700507473\n|switch|p1a: Whupsies|Chansey, F|100\/100\n|turn|10\n|\n|t:|1700507475\n|switch|p1a: The Worst|Skarmory, F|100\/100\n|move|p2a: Armarouge|Psyshock|p1a: The Worst\n|-resisted|p1a: The Worst\n|-damage|p1a: The Worst|83\/100\n|\n|-heal|p1a: The Worst|89\/100|[from] item: Leftovers\n|-damage|p2a: Armarouge|39\/100 tox|[from] psn\n|upkeep\n|turn|11\n|\n|t:|1700507483\n|switch|p2a: Accelgor|Accelgor, M|57\/100 tox\n|switch|p1a: Whupsies|Chansey, F|100\/100\n|\n|-damage|p2a: Accelgor|51\/100 tox|[from] psn\n|upkeep\n|turn|12\n|\n|t:|1700507487\n|move|p2a: Accelgor|Sludge Bomb|p1a: Whupsies\n|-damage|p1a: Whupsies|94\/100\n|move|p1a: Whupsies|Stealth Rock|p2a: Accelgor\n|-sidestart|p2: Chalonge007|move: Stealth Rock\n|\n|-damage|p2a: Accelgor|39\/100 tox|[from] psn\n|upkeep\n|turn|13\n|\n|t:|1700507490\n|move|p2a: Accelgor|Sludge Bomb|p1a: Whupsies\n|-damage|p1a: Whupsies|87\/100\n|move|p1a: Whupsies|Seismic Toss|p2a: Accelgor\n|-damage|p2a: Accelgor|6\/100 tox\n|\n|-damage|p2a: Accelgor|0 fnt|[from] psn\n|faint|p2a: Accelgor\n|upkeep\n|\n|t:|1700507499\n|switch|p2a: Zeraora|Zeraora|100\/100\n|-damage|p2a: Zeraora|88\/100|[from] Stealth Rock\n|turn|14\n|\n|t:|1700507503\n|switch|p1a: Amazing Regardless|Clodsire, F|100\/100\n|-terastallize|p2a: Zeraora|Fighting\n|move|p2a: Zeraora|Close Combat|p1a: Amazing Regardless\n|-resisted|p1a: Amazing Regardless\n|-damage|p1a: Amazing Regardless|70\/100\n|-unboost|p2a: Zeraora|def|1\n|-unboost|p2a: Zeraora|spd|1\n|\n|-heal|p1a: Amazing Regardless|76\/100|[from] item: Leftovers\n|upkeep\n|turn|15\n|\n|t:|1700507510\n|switch|p2a: Sceptile|Sceptile, M|100\/100\n|-damage|p2a: Sceptile|88\/100|[from] Stealth Rock\n|move|p1a: Amazing Regardless|Toxic|p2a: Sceptile\n|-status|p2a: Sceptile|tox\n|\n|-heal|p1a: Amazing Regardless|82\/100|[from] item: Leftovers\n|-damage|p2a: Sceptile|82\/100 tox|[from] psn\n|upkeep\n|turn|16\n|\n|t:|1700507514\n|switch|p1a: The Worst|Skarmory, F|89\/100\n|detailschange|p2a: Sceptile|Sceptile-Mega, M\n|-mega|p2a: Sceptile|Sceptile|Sceptilite\n|move|p2a: Sceptile|Focus Blast|p1a: The Worst\n|-damage|p1a: The Worst|25\/100\n|\n|-heal|p1a: The Worst|31\/100|[from] item: Leftovers\n|-damage|p2a: Sceptile|70\/100 tox|[from] psn\n|upkeep\n|turn|17\n|\n|t:|1700507521\n|switch|p2a: Zeraora|Zeraora, tera:Fighting|88\/100\n|-damage|p2a: Zeraora|82\/100|[from] Stealth Rock\n|switch|p1a: Whupsies|Chansey, F|87\/100\n|\n|upkeep\n|turn|18\n|\n|t:|1700507525\n|switch|p1a: Amazing Regardless|Clodsire, F|82\/100\n|move|p2a: Zeraora|Close Combat|p1a: Amazing Regardless\n|-resisted|p1a: Amazing Regardless\n|-damage|p1a: Amazing Regardless|53\/100\n|-unboost|p2a: Zeraora|def|1\n|-unboost|p2a: Zeraora|spd|1\n|\n|-heal|p1a: Amazing Regardless|59\/100|[from] item: Leftovers\n|upkeep\n|turn|19\n|\n|t:|1700507528\n|move|p2a: Zeraora|Close Combat|p1a: Amazing Regardless\n|-resisted|p1a: Amazing Regardless\n|-damage|p1a: Amazing Regardless|28\/100\n|-unboost|p2a: Zeraora|def|1\n|-unboost|p2a: Zeraora|spd|1\n|move|p1a: Amazing Regardless|Recover|p1a: Amazing Regardless\n|-heal|p1a: Amazing Regardless|78\/100\n|\n|-heal|p1a: Amazing Regardless|84\/100|[from] item: Leftovers\n|upkeep\n|turn|20\n|\n|t:|1700507533\n|switch|p2a: Primarina|Primarina, M|100\/100\n|-damage|p2a: Primarina|88\/100|[from] Stealth Rock\n|move|p1a: Amazing Regardless|Earthquake|p2a: Primarina\n|-damage|p2a: Primarina|53\/100\n|\n|-heal|p1a: Amazing Regardless|91\/100|[from] item: Leftovers\n|upkeep\n|turn|21\n|\n|t:|1700507544\n|switch|p1a: Whupsies|Chansey, F|87\/100\n|move|p2a: Primarina|Flip Turn|p1a: Whupsies\n|-damage|p1a: Whupsies|65\/100\n|\n|t:|1700507548\n|switch|p2a: Zeraora|Zeraora, tera:Fighting|82\/100|[from] Flip Turn\n|-damage|p2a: Zeraora|76\/100|[from] Stealth Rock\n|\n|upkeep\n|turn|22\n|\n|t:|1700507551\n|switch|p1a: Amazing Regardless|Clodsire, F|91\/100\n|move|p2a: Zeraora|Close Combat|p1a: Amazing Regardless\n|-resisted|p1a: Amazing Regardless\n|-damage|p1a: Amazing Regardless|58\/100\n|-unboost|p2a: Zeraora|def|1\n|-unboost|p2a: Zeraora|spd|1\n|\n|-heal|p1a: Amazing Regardless|64\/100|[from] item: Leftovers\n|upkeep\n|turn|23\n|\n|t:|1700507556\n|move|p2a: Zeraora|Close Combat|p1a: Amazing Regardless\n|-resisted|p1a: Amazing Regardless\n|-damage|p1a: Amazing Regardless|32\/100\n|-unboost|p2a: Zeraora|def|1\n|-unboost|p2a: Zeraora|spd|1\n|move|p1a: Amazing Regardless|Recover|p1a: Amazing Regardless\n|-heal|p1a: Amazing Regardless|82\/100\n|\n|-heal|p1a: Amazing Regardless|88\/100|[from] item: Leftovers\n|upkeep\n|turn|24\n|\n|t:|1700507560\n|switch|p2a: Primarina|Primarina, M|53\/100\n|-damage|p2a: Primarina|40\/100|[from] Stealth Rock\n|move|p1a: Amazing Regardless|Earthquake|p2a: Primarina\n|-damage|p2a: Primarina|7\/100\n|\n|-heal|p1a: Amazing Regardless|94\/100|[from] item: Leftovers\n|upkeep\n|turn|25\n|\n|t:|1700507566\n|switch|p1a: Whupsies|Chansey, F|65\/100\n|move|p2a: Primarina|Moonblast|p1a: Whupsies\n|-damage|p1a: Whupsies|52\/100\n|\n|upkeep\n|turn|26\n|\n|t:|1700507569\n|-zpower|p2a: Primarina\n|move|p2a: Primarina|Oceanic Operetta|p1a: Whupsies|[zeffect]\n|-damage|p1a: Whupsies|16\/100\n|move|p1a: Whupsies|Soft-Boiled|p1a: Whupsies\n|-heal|p1a: Whupsies|66\/100\n|\n|upkeep\n|turn|27\n|\n|t:|1700507575\n|move|p2a: Primarina|Sparkling Aria|p1a: Whupsies\n|-damage|p1a: Whupsies|48\/100\n|move|p1a: Whupsies|Soft-Boiled|p1a: Whupsies\n|-heal|p1a: Whupsies|98\/100\n|\n|upkeep\n|turn|28\n|\n|t:|1700507579\n|move|p2a: Primarina|Moonblast|p1a: Whupsies\n|-damage|p1a: Whupsies|87\/100\n|move|p1a: Whupsies|Seismic Toss|p2a: Primarina\n|-damage|p2a: Primarina|0 fnt\n|faint|p2a: Primarina\n|\n|upkeep\n|\n|t:|1700507586\n|switch|p2a: Armarouge|Armarouge, M|39\/100 tox\n|-damage|p2a: Armarouge|15\/100 tox|[from] Stealth Rock\n|turn|29\n|\n|t:|1700507590\n|switch|p1a: The Worst|Skarmory, F|31\/100\n|move|p2a: Armarouge|Psyshock|p1a: The Worst\n|-resisted|p1a: The Worst\n|-damage|p1a: The Worst|11\/100\n|\n|-heal|p1a: The Worst|17\/100|[from] item: Leftovers\n|-damage|p2a: Armarouge|9\/100 tox|[from] psn\n|upkeep\n|turn|30\n|\n|t:|1700507594\n|move|p2a: Armarouge|Psyshock|p1a: The Worst\n|-resisted|p1a: The Worst\n|-damage|p1a: The Worst|0 fnt\n|faint|p1a: The Worst\n|\n|-damage|p2a: Armarouge|0 fnt|[from] psn\n|faint|p2a: Armarouge\n|upkeep\n|\n|t:|1700507601\n|switch|p2a: Dachsbun|Dachsbun, F|100\/100\n|switch|p1a: Whupsies|Chansey, F|87\/100\n|-damage|p2a: Dachsbun|88\/100|[from] Stealth Rock\n|turn|31\n|\n|t:|1700507606\n|move|p2a: Dachsbun|Body Press|p1a: Whupsies\n|-supereffective|p1a: Whupsies\n|-damage|p1a: Whupsies|0 fnt\n|faint|p1a: Whupsies\n|\n|-heal|p2a: Dachsbun|94\/100|[from] item: Leftovers\n|upkeep\n|\n|t:|1700507610\n|switch|p1a: Amazing Regardless|Clodsire, F|94\/100\n|turn|32\n|\n|t:|1700507617\n|move|p2a: Dachsbun|Protect|p2a: Dachsbun\n|-singleturn|p2a: Dachsbun|Protect\n|move|p1a: Amazing Regardless|Toxic|p2a: Dachsbun\n|-activate|p2a: Dachsbun|move: Protect\n|\n|-heal|p2a: Dachsbun|99\/100|[from] item: Leftovers\n|-heal|p1a: Amazing Regardless|100\/100|[from] item: Leftovers\n|upkeep\n|turn|33\n|\n|t:|1700507624\n|move|p2a: Dachsbun|Wish|p2a: Dachsbun\n|move|p1a: Amazing Regardless|Earthquake|p2a: Dachsbun\n|-damage|p2a: Dachsbun|80\/100\n|\n|-heal|p2a: Dachsbun|86\/100|[from] item: Leftovers\n|upkeep\n|turn|34\n|\n|t:|1700507629\n|switch|p2a: Sceptile|Sceptile-Mega, M|70\/100 tox\n|-damage|p2a: Sceptile|57\/100 tox|[from] Stealth Rock\n|move|p1a: Amazing Regardless|Toxic|p2a: Sceptile\n|-fail|p2a: Sceptile|tox\n|\n|-heal|p2a: Sceptile|100\/100 tox|[from] move: Wish|[wisher] Dachsbun\n|-damage|p2a: Sceptile|94\/100 tox|[from] psn\n|upkeep\n|turn|35\n|\n|t:|1700507634\n|move|p2a: Sceptile|Dragon Pulse|p1a: Amazing Regardless\n|-damage|p1a: Amazing Regardless|65\/100\n|move|p1a: Amazing Regardless|Earthquake|p2a: Sceptile\n|-resisted|p2a: Sceptile\n|-damage|p2a: Sceptile|72\/100 tox\n|\n|-heal|p1a: Amazing Regardless|72\/100|[from] item: Leftovers\n|-damage|p2a: Sceptile|60\/100 tox|[from] psn\n|upkeep\n|turn|36\n|\n|t:|1700507641\n|move|p2a: Sceptile|Giga Drain|p1a: Amazing Regardless\n|-damage|p1a: Amazing Regardless|43\/100\n|-heal|p2a: Sceptile|84\/100 tox|[from] drain|[of] p1a: Amazing Regardless\n|move|p1a: Amazing Regardless|Toxic|p2a: Sceptile\n|-fail|p2a: Sceptile|tox\n|\n|-heal|p1a: Amazing Regardless|49\/100|[from] item: Leftovers\n|-damage|p2a: Sceptile|66\/100 tox|[from] psn\n|upkeep\n|turn|37\n|\n|t:|1700507644\n|move|p2a: Sceptile|Leaf Storm|p1a: Amazing Regardless\n|-damage|p1a: Amazing Regardless|0 fnt\n|-unboost|p2a: Sceptile|spa|2\n|faint|p1a: Amazing Regardless\n|\n|-damage|p2a: Sceptile|42\/100 tox|[from] psn\n|upkeep\n|\n|t:|1700507647\n|switch|p1a: Oops|Kyurem|91\/100\n|-ability|p1a: Oops|Pressure\n|turn|38\n|\n|t:|1700507659\n|move|p2a: Sceptile|Dragon Pulse|p1a: Oops\n|-supereffective|p1a: Oops\n|-damage|p1a: Oops|48\/100\n|move|p1a: Oops|Substitute|p1a: Oops\n|-start|p1a: Oops|Substitute\n|-damage|p1a: Oops|23\/100\n|\n|-damage|p2a: Sceptile|12\/100 tox|[from] psn\n|upkeep\n|turn|39\n|\n|t:|1700507664\n|move|p2a: Sceptile|Dragon Pulse|p1a: Oops\n|-supereffective|p1a: Oops\n|-end|p1a: Oops|Substitute\n|move|p1a: Oops|Roost|p1a: Oops\n|-heal|p1a: Oops|73\/100\n|-singleturn|p1a: Oops|move: Roost\n|\n|-damage|p2a: Sceptile|0 fnt|[from] psn\n|faint|p2a: Sceptile\n|upkeep\n|\n|t:|1700507667\n|switch|p2a: Zeraora|Zeraora, tera:Fighting|76\/100\n|-damage|p2a: Zeraora|70\/100|[from] Stealth Rock\n|turn|40\n|\n|t:|1700507673\n|-terastallize|p1a: Oops|Dragon\n|move|p2a: Zeraora|Close Combat|p1a: Oops\n|-damage|p1a: Oops|7\/100\n|-unboost|p2a: Zeraora|def|1\n|-unboost|p2a: Zeraora|spd|1\n|move|p1a: Oops|Roost|p1a: Oops\n|-heal|p1a: Oops|57\/100\n|\n|upkeep\n|turn|41\n|\n|t:|1700507679\n|move|p2a: Zeraora|Close Combat|p1a: Oops\n|-damage|p1a: Oops|0 fnt\n|-unboost|p2a: Zeraora|def|1\n|-unboost|p2a: Zeraora|spd|1\n|faint|p1a: Oops\n|\n|win|Chalonge007\n|raw|Glass101's rating: 1535 &rarr; <strong>1510<\/strong><br \/>(-25 for losing)\n|raw|Chalonge007's rating: 1450 &rarr; <strong>1475<\/strong><br \/>(+25 for winning)\n|c|\u2606Chalonge007|Ggs\n|l|\u2606Glass101\n|c|\u2606Chalonge007|Bro\n|c|\u2606Chalonge007|Why\n|c|\u2606Chalonge007|though\n","uploadtime":1700507711,"views":3,"p1id":"glass101","p2id":"chalonge007","formatid":"gen9nationaldex","rating":1475,"private":0,"password":""}