{"id":"gen9nationaldex-1997707264","p1":"gsjsbsjdkspldlx","p2":"rimm099._","format":"[Gen 9] National Dex","log":"|html|<div class=\"broadcast-blue\"><strong>[Gen 9] National Dex is currently suspecting Sneasler! For information on how to participate check out the <a href=\"https:\/\/www.smogon.com\/forums\/threads\/sv-national-dex-suspect-8-just-dance.3731534\/\">suspect thread<\/a>.<\/strong><\/div>\n|j|\u2606gsjsbsjdkspldlx\n|j|\u2606rimm099._\n|t:|1700844037\n|gametype|singles\n|player|p1|gsjsbsjdkspldlx|dawn|1058\n|player|p2|rimm099._|266|1127\n|teamsize|p1|6\n|teamsize|p2|6\n|gen|9\n|tier|[Gen 9] National Dex\n|rated|\n|rule|HP Percentage Mod: HP is shown in percentages\n|rule|Endless Battle Clause: Forcing endless battles is banned\n|rule|OHKO Clause: OHKO moves are banned\n|rule|Evasion Clause: Evasion abilities, items, and moves are banned\n|rule|Evasion Abilities Clause: Evasion abilities are banned\n|rule|Evasion Items Clause: Evasion items are banned\n|rule|Evasion Moves Clause: Evasion moves are banned\n|rule|Species Clause: Limit one of each Pok\u00e9mon\n|rule|Sleep Clause Mod: Limit one foe put to sleep\n|clearpoke\n|poke|p1|Electrode-Hisui|\n|poke|p1|Duraludon, M|\n|poke|p1|Fezandipiti, M|\n|poke|p1|Solrock|\n|poke|p1|Samurott-Hisui, F|\n|poke|p1|Gastrodon, F|\n|poke|p2|Torkoal, F|\n|poke|p2|Heatran, F|\n|poke|p2|Great Tusk|\n|poke|p2|Charizard, M|\n|poke|p2|Venusaur, F|\n|poke|p2|Blacephalon|\n|teampreview\n|\n|t:|1700844060\n|start\n|switch|p1a: Fezandipiti|Fezandipiti, M|100\/100\n|switch|p2a: ninja turtle|Torkoal, F|100\/100\n|-weather|SunnyDay|[from] ability: Drought|[of] p2a: ninja turtle\n|turn|1\n|\n|t:|1700844096\n|move|p1a: Fezandipiti|U-turn|p2a: ninja turtle\n|-resisted|p2a: ninja turtle\n|-damage|p2a: ninja turtle|97\/100\n|-status|p2a: ninja turtle|tox|[from] ability: Toxic Chain|[of] p1a: Fezandipiti\n|\n|t:|1700844108\n|switch|p1a: Gastrodon|Gastrodon, F|100\/100|[from] U-turn\n|move|p2a: ninja turtle|Stealth Rock|p1a: Gastrodon\n|-sidestart|p1: gsjsbsjdkspldlx|move: Stealth Rock\n|\n|-weather|SunnyDay|[upkeep]\n|-damage|p2a: ninja turtle|91\/100 tox|[from] psn\n|upkeep\n|turn|2\n|\n|t:|1700844128\n|switch|p2a: Venusaur|Venusaur, F|100\/100\n|move|p1a: Gastrodon|Stealth Rock|p2a: Venusaur\n|-sidestart|p2: rimm099._|move: Stealth Rock\n|\n|-weather|SunnyDay|[upkeep]\n|upkeep\n|turn|3\n|\n|t:|1700844146\n|switch|p1a: Fezandipiti|Fezandipiti, M|100\/100\n|move|p2a: Venusaur|Growth|p2a: Venusaur\n|-boost|p2a: Venusaur|atk|2\n|-boost|p2a: Venusaur|spa|2\n|\n|-weather|SunnyDay|[upkeep]\n|upkeep\n|turn|4\n|\n|t:|1700844158\n|move|p2a: Venusaur|Earth Power|p1a: Fezandipiti\n|-supereffective|p1a: Fezandipiti\n|-damage|p1a: Fezandipiti|0 fnt\n|faint|p1a: Fezandipiti\n|-damage|p2a: Venusaur|91\/100|[from] item: Life Orb\n|\n|-weather|SunnyDay|[upkeep]\n|upkeep\n|\n|t:|1700844173\n|switch|p1a: Duraludon|Duraludon, M|100\/100\n|-damage|p1a: Duraludon|94\/100|[from] Stealth Rock\n|turn|5\n|\n|t:|1700844181\n|-terastallize|p2a: Venusaur|Fire\n|move|p2a: Venusaur|Weather Ball|p1a: Duraludon\n|-damage|p1a: Duraludon|0 fnt\n|faint|p1a: Duraludon\n|-damage|p2a: Venusaur|81\/100|[from] item: Life Orb\n|\n|-weather|SunnyDay|[upkeep]\n|upkeep\n|\n|t:|1700844197\n|switch|p1a: Solrock|Solrock|100\/100\n|-damage|p1a: Solrock|88\/100|[from] Stealth Rock\n|turn|6\n|\n|t:|1700844204\n|move|p2a: Venusaur|Weather Ball|p1a: Solrock\n|-resisted|p1a: Solrock\n|-damage|p1a: Solrock|0 fnt\n|faint|p1a: Solrock\n|-damage|p2a: Venusaur|71\/100|[from] item: Life Orb\n|\n|-weather|SunnyDay|[upkeep]\n|upkeep\n|\n|t:|1700844213\n|switch|p1a: Gastrodon|Gastrodon, F|100\/100\n|-damage|p1a: Gastrodon|94\/100|[from] Stealth Rock\n|turn|7\n|\n|t:|1700844217\n|move|p2a: Venusaur|Solar Beam||[still]\n|-prepare|p2a: Venusaur|Solar Beam\n|-anim|p2a: Venusaur|Solar Beam|p1a: Gastrodon\n|-supereffective|p1a: Gastrodon\n|-damage|p1a: Gastrodon|0 fnt\n|faint|p1a: Gastrodon\n|-damage|p2a: Venusaur|61\/100|[from] item: Life Orb\n|\n|-weather|SunnyDay|[upkeep]\n|upkeep\n|\n|t:|1700844224\n|switch|p1a: Electrode|Electrode-Hisui|100\/100\n|-damage|p1a: Electrode|88\/100|[from] Stealth Rock\n|turn|8\n|\n|t:|1700844236\n|move|p2a: Venusaur|Weather Ball|p1a: Electrode\n|-supereffective|p1a: Electrode\n|-crit|p1a: Electrode\n|-damage|p1a: Electrode|0 fnt\n|faint|p1a: Electrode\n|-damage|p2a: Venusaur|51\/100|[from] item: Life Orb\n|\n|-weather|none\n|upkeep\n|\n|t:|1700844238\n|switch|p1a: Samurott|Samurott-Hisui, F|100\/100\n|-damage|p1a: Samurott|88\/100|[from] Stealth Rock\n|turn|9\n|\n|t:|1700844245\n|-terastallize|p1a: Samurott|Water\n|move|p1a: Samurott|Aqua Cutter|p2a: Venusaur\n|-supereffective|p2a: Venusaur\n|-damage|p2a: Venusaur|0 fnt\n|faint|p2a: Venusaur\n|\n|upkeep\n|\n|t:|1700844252\n|switch|p2a: ninja turtle|Torkoal, F|91\/100 tox\n|-damage|p2a: ninja turtle|66\/100 tox|[from] Stealth Rock\n|-weather|SunnyDay|[from] ability: Drought|[of] p2a: ninja turtle\n|turn|10\n|\n|t:|1700844255\n|move|p1a: Samurott|Aqua Cutter|p2a: ninja turtle\n|-supereffective|p2a: ninja turtle\n|-damage|p2a: ninja turtle|33\/100 tox\n|move|p2a: ninja turtle|Will-O-Wisp|p1a: Samurott|[miss]\n|-miss|p2a: ninja turtle|p1a: Samurott\n|\n|-weather|SunnyDay|[upkeep]\n|-damage|p2a: ninja turtle|27\/100 tox|[from] psn\n|upkeep\n|turn|11\n|\n|t:|1700844259\n|move|p1a: Samurott|Aqua Cutter|p2a: ninja turtle\n|-supereffective|p2a: ninja turtle\n|-damage|p2a: ninja turtle|0 fnt\n|faint|p2a: ninja turtle\n|\n|-weather|SunnyDay|[upkeep]\n|upkeep\n|\n|t:|1700844270\n|switch|p2a: Blacephalon|Blacephalon|100\/100\n|-damage|p2a: Blacephalon|76\/100|[from] Stealth Rock\n|turn|12\n|\n|t:|1700844274\n|move|p1a: Samurott|Aqua Cutter|p2a: Blacephalon\n|-supereffective|p2a: Blacephalon\n|-damage|p2a: Blacephalon|0 fnt\n|faint|p2a: Blacephalon\n|\n|-weather|SunnyDay|[upkeep]\n|upkeep\n|\n|t:|1700844285\n|switch|p2a: Great Tusk|Great Tusk|100\/100\n|-damage|p2a: Great Tusk|98\/100|[from] Stealth Rock\n|-activate|p2a: Great Tusk|ability: Protosynthesis\n|-start|p2a: Great Tusk|protosynthesisatk\n|turn|13\n|\n|t:|1700844292\n|move|p1a: Samurott|Aqua Cutter|p2a: Great Tusk\n|-supereffective|p2a: Great Tusk\n|-damage|p2a: Great Tusk|49\/100\n|move|p2a: Great Tusk|Rapid Spin|p1a: Samurott\n|-damage|p1a: Samurott|60\/100\n|-boost|p2a: Great Tusk|spe|1\n|-sideend|p2: rimm099._|Stealth Rock|[from] move: Rapid Spin|[of] p2a: Great Tusk\n|\n|-weather|SunnyDay|[upkeep]\n|upkeep\n|turn|14\n|\n|t:|1700844298\n|move|p2a: Great Tusk|Close Combat|p1a: Samurott\n|-damage|p1a: Samurott|0 fnt\n|-unboost|p2a: Great Tusk|def|1\n|-unboost|p2a: Great Tusk|spd|1\n|faint|p1a: Samurott\n|\n|win|rimm099._\n|raw|gsjsbsjdkspldlx's rating: 1058 &rarr; <strong>1043<\/strong><br \/>(-15 for losing)\n|raw|rimm099._'s rating: 1127 &rarr; <strong>1147<\/strong><br \/>(+20 for winning)\n","uploadtime":1700844307,"views":5,"p1id":"gsjsbsjdkspldlx","p2id":"rimm099","formatid":"gen9nationaldex","rating":1043,"private":0,"password":""}