{"id":"gen9nationaldex-1999037388","p1":"YongDragon","p2":"XLioneldoX","format":"[Gen 9] National Dex","log":"|html|<div class=\"broadcast-blue\"><strong>[Gen 9] National Dex is currently suspecting Sneasler! For information on how to participate check out the <a href=\"https:\/\/www.smogon.com\/forums\/threads\/sv-national-dex-suspect-8-just-dance.3731534\/\">suspect thread<\/a>.<\/strong><\/div>\n|j|\u2606YongDragon\n|j|\u2606XLioneldoX\n|t:|1701026450\n|gametype|singles\n|player|p1|YongDragon|giovanni|\n|player|p2|XLioneldoX|2|\n|teamsize|p1|6\n|teamsize|p2|6\n|gen|9\n|tier|[Gen 9] National Dex\n|rule|HP Percentage Mod: HP is shown in percentages\n|rule|Endless Battle Clause: Forcing endless battles is banned\n|rule|OHKO Clause: OHKO moves are banned\n|rule|Evasion Clause: Evasion abilities, items, and moves are banned\n|rule|Evasion Abilities Clause: Evasion abilities are banned\n|rule|Evasion Items Clause: Evasion items are banned\n|rule|Evasion Moves Clause: Evasion moves are banned\n|rule|Species Clause: Limit one of each Pok\u00e9mon\n|rule|Sleep Clause Mod: Limit one foe put to sleep\n|clearpoke\n|poke|p1|Zoroark-Hisui, F|\n|poke|p1|Hoopa-Unbound|\n|poke|p1|Landorus-Therian, M|\n|poke|p1|Gallade, M|\n|poke|p1|Indeedee-F, F|\n|poke|p1|Armarouge, M|\n|poke|p2|Ferrothorn, F|\n|poke|p2|Iron Valiant|\n|poke|p2|Charizard, F|\n|poke|p2|Victini|\n|poke|p2|Great Tusk|\n|poke|p2|Zoroark-Hisui, M|\n|teampreview\n|\n|t:|1701026508\n|start\n|switch|p1a: Kokushibo|Armarouge, M|100\/100\n|switch|p2a: Ferrothorn|Ferrothorn, F|100\/100\n|turn|1\n|\n|t:|1701026536\n|switch|p2a: Ferrothorn|Ferrothorn, F|100\/100\n|move|p1a: Kokushibo|Flamethrower|p2a: Ferrothorn\n|-damage|p2a: Ferrothorn|18\/100\n|replace|p2a: Zoroark|Zoroark-Hisui, M, shiny\n|-end|p2a: Zoroark|Illusion\n|-damage|p1a: Kokushibo|91\/100|[from] item: Life Orb\n|\n|upkeep\n|turn|2\n|\n|t:|1701026563\n|move|p1a: Kokushibo|Flamethrower|p2a: Zoroark\n|-damage|p2a: Zoroark|0 fnt\n|faint|p2a: Zoroark\n|-damage|p1a: Kokushibo|81\/100|[from] item: Life Orb\n|\n|upkeep\n|\n|t:|1701026572\n|switch|p2a: Charizard|Charizard, F, shiny|100\/100\n|turn|3\n|\n|t:|1701026590\n|switch|p1a: Kokushibo|Armarouge, M|100\/100\n|detailschange|p2a: Charizard|Charizard-Mega-Y, F, shiny\n|-mega|p2a: Charizard|Charizard|Charizardite Y\n|-weather|SunnyDay|[from] ability: Drought|[of] p2a: Charizard\n|move|p2a: Charizard|Weather Ball|p1a: Kokushibo\n|-start|p1a: Kokushibo|ability: Flash Fire\n|\n|-weather|SunnyDay|[upkeep]\n|upkeep\n|turn|4\n|\n|t:|1701026614\n|-end|p1a: Kokushibo|ability: Flash Fire|[silent]\n|switch|p1a: Nakime|Indeedee-F, F|100\/100\n|move|p2a: Charizard|Scorching Sands|p1a: Nakime\n|-damage|p1a: Nakime|72\/100\n|\n|-weather|SunnyDay|[upkeep]\n|upkeep\n|turn|5\n|\n|t:|1701026632\n|move|p2a: Charizard|Weather Ball|p1a: Nakime\n|-damage|p1a: Nakime|0 fnt\n|faint|p1a: Nakime\n|\n|-weather|SunnyDay|[upkeep]\n|upkeep\n|\n|t:|1701026638\n|switch|p1a: Zohakuten|Landorus-Therian, M, shiny|100\/100\n|-ability|p1a: Zohakuten|Intimidate|boost\n|-unboost|p2a: Charizard|atk|1\n|turn|6\n|\n|t:|1701026665\n|switch|p2a: Great Tusk|Great Tusk|100\/100\n|-activate|p2a: Great Tusk|ability: Protosynthesis\n|-start|p2a: Great Tusk|protosynthesisatk\n|move|p1a: Zohakuten|Rock Slide|p2a: Great Tusk\n|-resisted|p2a: Great Tusk\n|-damage|p2a: Great Tusk|92\/100\n|\n|-weather|SunnyDay|[upkeep]\n|upkeep\n|turn|7\n|\n|t:|1701026691\n|switch|p1a: Zohakuten|Landorus-Therian, M, shiny|81\/100\n|move|p2a: Great Tusk|Ice Spinner|p1a: Zohakuten\n|-damage|p1a: Zohakuten|11\/100\n|replace|p1a: Daki|Zoroark-Hisui, F\n|-end|p1a: Daki|Illusion\n|\n|-weather|none\n|-end|p2a: Great Tusk|Protosynthesis\n|upkeep\n|turn|8\n|\n|t:|1701026704\n|move|p1a: Daki|U-turn|p2a: Great Tusk\n|-resisted|p2a: Great Tusk\n|-damage|p2a: Great Tusk|85\/100\n|-damage|p1a: Daki|1\/100|[from] item: Life Orb\n|\n|t:|1701026730\n|switch|p1a: Kaigaku|Gallade, M, shiny|100\/100|[from] U-turn\n|move|p2a: Great Tusk|Ice Spinner|p1a: Kaigaku\n|-damage|p1a: Kaigaku|54\/100\n|\n|upkeep\n|turn|9\n|\n|t:|1701026740\n|move|p1a: Kaigaku|Aqua Cutter|p2a: Great Tusk\n|-supereffective|p2a: Great Tusk\n|-damage|p2a: Great Tusk|33\/100\n|move|p2a: Great Tusk|Headlong Rush|p1a: Kaigaku\n|-damage|p1a: Kaigaku|0 fnt\n|-unboost|p2a: Great Tusk|def|1\n|-unboost|p2a: Great Tusk|spd|1\n|faint|p1a: Kaigaku\n|\n|upkeep\n|\n|t:|1701026749\n|switch|p1a: Zohakuten|Landorus-Therian, M, shiny|100\/100\n|-ability|p1a: Zohakuten|Intimidate|boost\n|-unboost|p2a: Great Tusk|atk|1\n|turn|10\n|\n|t:|1701026778\n|move|p2a: Great Tusk|Ice Spinner|p1a: Zohakuten\n|-supereffective|p1a: Zohakuten\n|-damage|p1a: Zohakuten|15\/100\n|move|p1a: Zohakuten|Earthquake|p2a: Great Tusk\n|-damage|p2a: Great Tusk|0 fnt\n|faint|p2a: Great Tusk\n|-end|p2a: Great Tusk|Protosynthesis|[silent]\n|\n|upkeep\n|\n|t:|1701026792\n|switch|p2a: Charizard|Charizard-Mega-Y, F, shiny|100\/100\n|-weather|SunnyDay|[from] ability: Drought|[of] p2a: Charizard\n|turn|11\n|\n|t:|1701026827\n|switch|p1a: Kokushibo|Armarouge, M|100\/100\n|move|p2a: Charizard|Air Slash|p1a: Kokushibo\n|-damage|p1a: Kokushibo|69\/100\n|\n|-weather|SunnyDay|[upkeep]\n|upkeep\n|turn|12\n|\n|t:|1701026841\n|-terastallize|p1a: Kokushibo|Fire\n|move|p2a: Charizard|Scorching Sands|p1a: Kokushibo\n|-supereffective|p1a: Kokushibo\n|-damage|p1a: Kokushibo|31\/100\n|move|p1a: Kokushibo|Armor Cannon|p2a: Charizard\n|-resisted|p2a: Charizard\n|-damage|p2a: Charizard|36\/100\n|-unboost|p1a: Kokushibo|def|1\n|-unboost|p1a: Kokushibo|spd|1\n|\n|-weather|SunnyDay|[upkeep]\n|upkeep\n|turn|13\n|\n|t:|1701026858\n|switch|p1a: Zohakuten|Landorus-Therian, M, shiny|15\/100\n|-ability|p1a: Zohakuten|Intimidate|boost\n|-unboost|p2a: Charizard|atk|1\n|move|p2a: Charizard|Scorching Sands|p1a: Zohakuten\n|-immune|p1a: Zohakuten\n|\n|-weather|SunnyDay|[upkeep]\n|upkeep\n|turn|14\n|\n|t:|1701026875\n|switch|p1a: Gyokko|Hoopa-Unbound|100\/100\n|move|p2a: Charizard|Air Slash|p1a: Gyokko\n|-damage|p1a: Gyokko|68\/100\n|\n|-weather|SunnyDay|[upkeep]\n|upkeep\n|turn|15\n|\n|t:|1701026905\n|move|p2a: Charizard|Solar Beam||[still]\n|-prepare|p2a: Charizard|Solar Beam\n|-anim|p2a: Charizard|Solar Beam|p1a: Gyokko\n|-damage|p1a: Gyokko|33\/100\n|move|p1a: Gyokko|Thunderbolt|p2a: Charizard\n|-supereffective|p2a: Charizard\n|-damage|p2a: Charizard|0 fnt\n|faint|p2a: Charizard\n|\n|-weather|none\n|upkeep\n|\n|t:|1701026913\n|switch|p2a: Iron Valiant|Iron Valiant|100\/100\n|-enditem|p2a: Iron Valiant|Booster Energy\n|-activate|p2a: Iron Valiant|ability: Quark Drive|[fromitem]\n|-start|p2a: Iron Valiant|quarkdrivespe\n|turn|16\n|\n|t:|1701026954\n|switch|p1a: Zohakuten|Landorus-Therian, M, shiny|15\/100\n|-ability|p1a: Zohakuten|Intimidate|boost\n|-unboost|p2a: Iron Valiant|atk|1\n|move|p2a: Iron Valiant|Moonblast|p1a: Zohakuten\n|-damage|p1a: Zohakuten|0 fnt\n|faint|p1a: Zohakuten\n|\n|upkeep\n|\n|t:|1701026971\n|switch|p1a: Kokushibo|Armarouge, M, tera:Fire|31\/100\n|turn|17\n|\n|t:|1701026990\n|move|p2a: Iron Valiant|Liquidation|p1a: Kokushibo\n|-supereffective|p1a: Kokushibo\n|-damage|p1a: Kokushibo|0 fnt\n|faint|p1a: Kokushibo\n|\n|upkeep\n|\n|t:|1701026995\n|switch|p1a: Gyokko|Hoopa-Unbound|1\/100\n|turn|18\n|\n|t:|1701027032\n|move|p2a: Iron Valiant|Moonblast|p1a: Gyokko\n|-damage|p1a: Gyokko|0 fnt\n|replace|p1a: Daki|Zoroark-Hisui, F\n|-end|p1a: Daki|Illusion\n|faint|p1a: Daki\n|\n|upkeep\n|\n|t:|1701027034\n|switch|p1a: Gyokko|Hoopa-Unbound|33\/100\n|turn|19\n|\n|t:|1701027037\n|move|p2a: Iron Valiant|Moonblast|p1a: Gyokko\n|-supereffective|p1a: Gyokko\n|-damage|p1a: Gyokko|0 fnt\n|faint|p1a: Gyokko\n|\n|win|XLioneldoX\n|l|\u2606YongDragon\n","uploadtime":1701027083,"views":3,"p1id":"yongdragon","p2id":"xlioneldox","formatid":"gen9nationaldex","rating":0,"private":0,"password":""}