{"id":"gen9nationaldex-1988298069","p1":"BaiyiS","p2":"taoke","format":"[Gen 9] National Dex","log":"|j|\u2606BaiyiS\n|j|\u2606taoke\n|t:|1699704116\n|gametype|singles\n|player|p1|BaiyiS|cynthia|1528\n|player|p2|taoke|cyclist|1634\n|teamsize|p1|6\n|teamsize|p2|6\n|gen|9\n|tier|[Gen 9] National Dex\n|rated|\n|rule|HP Percentage Mod: HP is shown in percentages\n|rule|Endless Battle Clause: Forcing endless battles is banned\n|rule|OHKO Clause: OHKO moves are banned\n|rule|Evasion Clause: Evasion abilities, items, and moves are banned\n|rule|Evasion Abilities Clause: Evasion abilities are banned\n|rule|Evasion Items Clause: Evasion items are banned\n|rule|Evasion Moves Clause: Evasion moves are banned\n|rule|Species Clause: Limit one of each Pok\u00e9mon\n|rule|Sleep Clause Mod: Limit one foe put to sleep\n|clearpoke\n|poke|p1|Hoopa-Unbound|\n|poke|p1|Tapu Koko|\n|poke|p1|Urshifu-*, F|\n|poke|p1|Iron Valiant|\n|poke|p1|Moltres|\n|poke|p1|Medicham, M|\n|poke|p2|Ting-Lu|\n|poke|p2|Great Tusk|\n|poke|p2|Vaporeon, F|\n|poke|p2|Sylveon, F|\n|poke|p2|Espeon, M|\n|poke|p2|Umbreon, F|\n|teampreview\n|inactive|Battle timer is ON: inactive players will automatically lose when time's up. (requested by BaiyiS)\n|\n|t:|1699704125\n|start\n|switch|p1a: Medicham|Medicham, M|100\/100\n|switch|p2a: Sylveon|Sylveon, F|100\/100\n|turn|1\n|\n|t:|1699704130\n|detailschange|p1a: Medicham|Medicham-Mega, M\n|-mega|p1a: Medicham|Medicham|Medichamite\n|move|p2a: Sylveon|Protect|p2a: Sylveon\n|-singleturn|p2a: Sylveon|Protect\n|move|p1a: Medicham|Fake Out|p2a: Sylveon\n|-activate|p2a: Sylveon|move: Protect\n|\n|upkeep\n|turn|2\n|\n|t:|1699704136\n|switch|p1a: Moltres|Moltres|100\/100\n|move|p2a: Sylveon|Hyper Voice|p1a: Moltres\n|-resisted|p1a: Moltres\n|-damage|p1a: Moltres|81\/100\n|\n|upkeep\n|turn|3\n|\n|t:|1699704141\n|move|p1a: Moltres|U-turn|p2a: Sylveon\n|-resisted|p2a: Sylveon\n|-damage|p2a: Sylveon|95\/100\n|\n|t:|1699704145\n|switch|p1a: Tapu Koko|Tapu Koko|100\/100|[from] U-turn\n|-fieldstart|move: Electric Terrain|[from] ability: Electric Surge|[of] p1a: Tapu Koko\n|move|p2a: Sylveon|Mystical Fire|p1a: Tapu Koko\n|-damage|p1a: Tapu Koko|70\/100\n|-unboost|p1a: Tapu Koko|spa|1\n|\n|-heal|p2a: Sylveon|100\/100|[from] item: Leftovers\n|upkeep\n|turn|4\n|j| hainiumm\n|\n|t:|1699704152\n|-zpower|p1a: Tapu Koko\n|move|p1a: Tapu Koko|Gigavolt Havoc|p2a: Sylveon|[zeffect]\n|-damage|p2a: Sylveon|7\/100\n|move|p2a: Sylveon|Hyper Voice|p1a: Tapu Koko\n|-damage|p1a: Tapu Koko|3\/100\n|\n|-heal|p2a: Sylveon|13\/100|[from] item: Leftovers\n|upkeep\n|turn|5\n|\n|t:|1699704165\n|move|p2a: Sylveon|Protect|p2a: Sylveon\n|-singleturn|p2a: Sylveon|Protect\n|move|p1a: Tapu Koko|Roost|p1a: Tapu Koko\n|-heal|p1a: Tapu Koko|53\/100\n|-singleturn|p1a: Tapu Koko|move: Roost\n|\n|-heal|p2a: Sylveon|20\/100|[from] item: Leftovers\n|upkeep\n|turn|6\n|\n|t:|1699704172\n|switch|p2a: Ting-Lu|Ting-Lu|100\/100\n|-ability|p2a: Ting-Lu|Vessel of Ruin\n|move|p1a: Tapu Koko|Taunt|p2a: Ting-Lu\n|-start|p2a: Ting-Lu|move: Taunt\n|\n|upkeep\n|turn|7\n|\n|t:|1699704176\n|move|p1a: Tapu Koko|U-turn|p2a: Ting-Lu\n|-supereffective|p2a: Ting-Lu\n|-damage|p2a: Ting-Lu|78\/100\n|\n|t:|1699704179\n|switch|p1a: Moltres|Moltres|81\/100|[from] U-turn\n|move|p2a: Ting-Lu|Earthquake|p1a: Moltres\n|-immune|p1a: Moltres\n|\n|-heal|p2a: Ting-Lu|85\/100|[from] item: Leftovers\n|-fieldend|move: Electric Terrain\n|upkeep\n|turn|8\n|\n|t:|1699704182\n|move|p1a: Moltres|U-turn|p2a: Ting-Lu\n|-supereffective|p2a: Ting-Lu\n|-damage|p2a: Ting-Lu|70\/100\n|\n|t:|1699704186\n|switch|p1a: Urshifu|Urshifu-Rapid-Strike, F|100\/100|[from] U-turn\n|move|p2a: Ting-Lu|Ruination|p1a: Urshifu\n|-damage|p1a: Urshifu|51\/100\n|\n|-heal|p2a: Ting-Lu|76\/100|[from] item: Leftovers\n|-end|p2a: Ting-Lu|move: Taunt\n|upkeep\n|turn|9\n|\n|t:|1699704193\n|switch|p2a: Vaporeon|Vaporeon, F|100\/100\n|move|p1a: Urshifu|Swords Dance|p1a: Urshifu\n|-boost|p1a: Urshifu|atk|2\n|\n|upkeep\n|turn|10\n|\n|t:|1699704198\n|-terastallize|p2a: Vaporeon|Poison\n|move|p1a: Urshifu|Close Combat|p2a: Vaporeon\n|-resisted|p2a: Vaporeon\n|-damage|p2a: Vaporeon|57\/100\n|-unboost|p1a: Urshifu|def|1\n|-unboost|p1a: Urshifu|spd|1\n|move|p2a: Vaporeon|Haze|p2a: Vaporeon\n|-clearallboost\n|\n|-heal|p2a: Vaporeon|63\/100|[from] item: Leftovers\n|upkeep\n|turn|11\n|\n|t:|1699704204\n|switch|p1a: Tapu Koko|Tapu Koko|53\/100\n|-fieldstart|move: Electric Terrain|[from] ability: Electric Surge|[of] p1a: Tapu Koko\n|move|p2a: Vaporeon|Wish|p2a: Vaporeon\n|\n|-heal|p2a: Vaporeon|70\/100|[from] item: Leftovers\n|upkeep\n|turn|12\n|\n|t:|1699704209\n|move|p1a: Tapu Koko|Roost|p1a: Tapu Koko\n|-heal|p1a: Tapu Koko|100\/100\n|-singleturn|p1a: Tapu Koko|move: Roost\n|move|p2a: Vaporeon|Scald|p1a: Tapu Koko\n|-damage|p1a: Tapu Koko|53\/100\n|\n|-heal|p2a: Vaporeon|100\/100|[from] move: Wish|[wisher] Vaporeon\n|upkeep\n|turn|13\n|\n|t:|1699704216\n|move|p1a: Tapu Koko|Taunt|p2a: Vaporeon\n|-start|p2a: Vaporeon|move: Taunt\n|move|p2a: Vaporeon|Scald|p1a: Tapu Koko\n|-damage|p1a: Tapu Koko|6\/100\n|\n|upkeep\n|turn|14\n|\n|t:|1699704223\n|switch|p2a: Ting-Lu|Ting-Lu|76\/100\n|-ability|p2a: Ting-Lu|Vessel of Ruin\n|move|p1a: Tapu Koko|U-turn|p2a: Ting-Lu\n|-supereffective|p2a: Ting-Lu\n|-damage|p2a: Ting-Lu|55\/100\n|\n|t:|1699704226\n|switch|p1a: Urshifu|Urshifu-Rapid-Strike, F|51\/100|[from] U-turn\n|\n|-heal|p2a: Ting-Lu|61\/100|[from] item: Leftovers\n|upkeep\n|turn|15\n|\n|t:|1699704235\n|switch|p2a: Vaporeon|Vaporeon, F, tera:Poison|100\/100\n|move|p1a: Urshifu|Swords Dance|p1a: Urshifu\n|-boost|p1a: Urshifu|atk|2\n|\n|-fieldend|move: Electric Terrain\n|upkeep\n|turn|16\n|\n|t:|1699704252\n|move|p1a: Urshifu|Close Combat|p2a: Vaporeon\n|-resisted|p2a: Vaporeon\n|-damage|p2a: Vaporeon|57\/100\n|-unboost|p1a: Urshifu|def|1\n|-unboost|p1a: Urshifu|spd|1\n|move|p2a: Vaporeon|Haze|p2a: Vaporeon\n|-clearallboost\n|\n|-heal|p2a: Vaporeon|63\/100|[from] item: Leftovers\n|upkeep\n|turn|17\n|\n|t:|1699704258\n|switch|p1a: Tapu Koko|Tapu Koko|6\/100\n|-fieldstart|move: Electric Terrain|[from] ability: Electric Surge|[of] p1a: Tapu Koko\n|move|p2a: Vaporeon|Wish|p2a: Vaporeon\n|\n|-heal|p2a: Vaporeon|70\/100|[from] item: Leftovers\n|upkeep\n|turn|18\n|\n|t:|1699704263\n|move|p1a: Tapu Koko|Taunt|p2a: Vaporeon\n|-start|p2a: Vaporeon|move: Taunt\n|move|p2a: Vaporeon|Scald|p1a: Tapu Koko\n|-damage|p1a: Tapu Koko|0 fnt\n|faint|p1a: Tapu Koko\n|\n|-heal|p2a: Vaporeon|100\/100|[from] move: Wish|[wisher] Vaporeon\n|upkeep\n|\n|t:|1699704266\n|switch|p1a: Hoopa|Hoopa-Unbound|100\/100\n|turn|19\n|\n|t:|1699704277\n|switch|p2a: Ting-Lu|Ting-Lu|61\/100\n|-ability|p2a: Ting-Lu|Vessel of Ruin\n|-terastallize|p1a: Hoopa|Dark\n|move|p1a: Hoopa|Hyperspace Fury|p2a: Ting-Lu\n|-resisted|p2a: Ting-Lu\n|-damage|p2a: Ting-Lu|30\/100\n|-unboost|p1a: Hoopa|def|1\n|\n|-heal|p2a: Ting-Lu|36\/100|[from] item: Leftovers\n|upkeep\n|turn|20\n|\n|t:|1699704284\n|switch|p1a: Urshifu|Urshifu-Rapid-Strike, F|51\/100\n|move|p2a: Ting-Lu|Earthquake|p1a: Urshifu\n|-damage|p1a: Urshifu|16\/100\n|\n|-heal|p2a: Ting-Lu|42\/100|[from] item: Leftovers\n|upkeep\n|turn|21\n|\n|t:|1699704290\n|switch|p1a: Hoopa|Hoopa-Unbound, tera:Dark|100\/100\n|switch|p2a: Vaporeon|Vaporeon, F, tera:Poison|100\/100\n|\n|-fieldend|move: Electric Terrain\n|upkeep\n|turn|22\n|\n|t:|1699704295\n|switch|p2a: Umbreon|Umbreon, F|100\/100\n|move|p1a: Hoopa|Hyperspace Fury|p2a: Umbreon\n|-resisted|p2a: Umbreon\n|-damage|p2a: Umbreon|61\/100\n|-unboost|p1a: Hoopa|def|1\n|\n|-heal|p2a: Umbreon|67\/100|[from] item: Leftovers\n|upkeep\n|turn|23\n|\n|t:|1699704303\n|switch|p1a: Moltres|Moltres|81\/100\n|move|p2a: Umbreon|Foul Play|p1a: Moltres\n|-damage|p1a: Moltres|61\/100\n|\n|-heal|p2a: Umbreon|73\/100|[from] item: Leftovers\n|upkeep\n|turn|24\n|\n|t:|1699704308\n|move|p1a: Moltres|Roost|p1a: Moltres\n|-heal|p1a: Moltres|100\/100\n|-singleturn|p1a: Moltres|move: Roost\n|move|p2a: Umbreon|Toxic|p1a: Moltres\n|-status|p1a: Moltres|tox\n|\n|-heal|p2a: Umbreon|79\/100|[from] item: Leftovers\n|-damage|p1a: Moltres|94\/100 tox|[from] psn\n|upkeep\n|turn|25\n|\n|t:|1699704312\n|move|p1a: Moltres|U-turn|p2a: Umbreon\n|-supereffective|p2a: Umbreon\n|-damage|p2a: Umbreon|60\/100\n|\n|t:|1699704315\n|switch|p1a: Urshifu|Urshifu-Rapid-Strike, F|16\/100|[from] U-turn\n|move|p2a: Umbreon|Moonlight|p2a: Umbreon\n|-heal|p2a: Umbreon|100\/100\n|\n|upkeep\n|turn|26\n|\n|t:|1699704326\n|switch|p1a: Medicham|Medicham-Mega, M|100\/100\n|switch|p2a: Vaporeon|Vaporeon, F, tera:Poison|100\/100\n|\n|upkeep\n|turn|27\n|\n|t:|1699704348\n|move|p2a: Vaporeon|Protect|p2a: Vaporeon\n|-singleturn|p2a: Vaporeon|Protect\n|move|p1a: Medicham|Psycho Cut|p2a: Vaporeon\n|-activate|p2a: Vaporeon|move: Protect\n|\n|upkeep\n|turn|28\n|\n|t:|1699704354\n|switch|p2a: Sylveon|Sylveon, F|20\/100\n|move|p1a: Medicham|Psycho Cut|p2a: Sylveon\n|-damage|p2a: Sylveon|0 fnt\n|faint|p2a: Sylveon\n|\n|upkeep\n|\n|t:|1699704359\n|switch|p2a: Espeon|Espeon, M|100\/100\n|turn|29\n|\n|t:|1699704365\n|switch|p1a: Urshifu|Urshifu-Rapid-Strike, F|16\/100\n|move|p2a: Espeon|Dazzling Gleam|p1a: Urshifu\n|-supereffective|p1a: Urshifu\n|-damage|p1a: Urshifu|0 fnt\n|faint|p1a: Urshifu\n|\n|upkeep\n|\n|t:|1699704368\n|switch|p1a: Hoopa|Hoopa-Unbound, tera:Dark|100\/100\n|turn|30\n|\n|t:|1699704381\n|switch|p2a: Umbreon|Umbreon, F|100\/100\n|switch|p1a: Medicham|Medicham-Mega, M|100\/100\n|\n|upkeep\n|turn|31\n|\n|t:|1699704391\n|switch|p2a: Espeon|Espeon, M|100\/100\n|move|p1a: Medicham|Fake Out|p2a: Espeon\n|-damage|p2a: Espeon|71\/100\n|\n|-heal|p2a: Espeon|78\/100|[from] item: Leftovers\n|upkeep\n|turn|32\n|\n|t:|1699704402\n|switch|p1a: Moltres|Moltres|94\/100 tox\n|move|p2a: Espeon|Dazzling Gleam|p1a: Moltres\n|-resisted|p1a: Moltres\n|-damage|p1a: Moltres|82\/100 tox\n|\n|-heal|p2a: Espeon|84\/100|[from] item: Leftovers\n|-damage|p1a: Moltres|76\/100 tox|[from] psn\n|upkeep\n|turn|33\n|\n|t:|1699704406\n|move|p2a: Espeon|Calm Mind|p2a: Espeon\n|-boost|p2a: Espeon|spa|1\n|-boost|p2a: Espeon|spd|1\n|move|p1a: Moltres|U-turn|p2a: Espeon\n|-supereffective|p2a: Espeon\n|-damage|p2a: Espeon|45\/100\n|\n|t:|1699704409\n|switch|p1a: Medicham|Medicham-Mega, M|100\/100|[from] U-turn\n|\n|-heal|p2a: Espeon|51\/100|[from] item: Leftovers\n|upkeep\n|turn|34\n|\n|t:|1699704417\n|move|p1a: Medicham|Fake Out|p2a: Espeon\n|-damage|p2a: Espeon|17\/100\n|cant|p2a: Espeon|flinch\n|\n|-heal|p2a: Espeon|24\/100|[from] item: Leftovers\n|upkeep\n|turn|35\n|\n|t:|1699704425\n|switch|p2a: Great Tusk|Great Tusk|100\/100\n|move|p1a: Medicham|Close Combat|p2a: Great Tusk\n|-damage|p2a: Great Tusk|21\/100\n|-unboost|p1a: Medicham|def|1\n|-unboost|p1a: Medicham|spd|1\n|\n|-heal|p2a: Great Tusk|28\/100|[from] item: Leftovers\n|upkeep\n|turn|36\n|\n|t:|1699704440\n|move|p1a: Medicham|Close Combat|p2a: Great Tusk\n|-damage|p2a: Great Tusk|0 fnt\n|-unboost|p1a: Medicham|def|1\n|-unboost|p1a: Medicham|spd|1\n|faint|p2a: Great Tusk\n|-end|p2a: Great Tusk|Protosynthesis|[silent]\n|\n|upkeep\n|\n|t:|1699704444\n|switch|p2a: Espeon|Espeon, M|24\/100\n|turn|37\n|\n|t:|1699704456\n|move|p1a: Medicham|Bullet Punch|p2a: Espeon\n|-damage|p2a: Espeon|0 fnt\n|faint|p2a: Espeon\n|\n|upkeep\n|\n|t:|1699704461\n|switch|p2a: Umbreon|Umbreon, F|100\/100\n|turn|38\n|\n|t:|1699704466\n|move|p1a: Medicham|Close Combat|p2a: Umbreon\n|-supereffective|p2a: Umbreon\n|-damage|p2a: Umbreon|0 fnt\n|-unboost|p1a: Medicham|def|1\n|-unboost|p1a: Medicham|spd|1\n|faint|p2a: Umbreon\n|\n|upkeep\n|\n|t:|1699704471\n|switch|p2a: Vaporeon|Vaporeon, F, tera:Poison|100\/100\n|turn|39\n|\n|t:|1699704476\n|move|p1a: Medicham|Psycho Cut|p2a: Vaporeon\n|-supereffective|p2a: Vaporeon\n|-crit|p2a: Vaporeon\n|-damage|p2a: Vaporeon|0 fnt\n|faint|p2a: Vaporeon\n|\n|upkeep\n|\n|t:|1699704479\n|switch|p2a: Ting-Lu|Ting-Lu|42\/100\n|-ability|p2a: Ting-Lu|Vessel of Ruin\n|turn|40\n|l| hainiumm\n|\n|t:|1699704492\n|move|p1a: Medicham|Close Combat|p2a: Ting-Lu\n|-supereffective|p2a: Ting-Lu\n|-damage|p2a: Ting-Lu|0 fnt\n|-unboost|p1a: Medicham|def|1\n|-unboost|p1a: Medicham|spd|1\n|faint|p2a: Ting-Lu\n|\n|win|BaiyiS\n|raw|BaiyiS's rating: 1528 &rarr; <strong>1554<\/strong><br \/>(+26 for winning)\n|raw|taoke's rating: 1634 &rarr; <strong>1608<\/strong><br \/>(-26 for losing)\n|l|\u2606taoke\n|c|\u2606BaiyiS|\u8fd9\u8fd8\u662f\u6211\u7b2c\u4e00\u6b21\u6253\u8d62\u4f60\u554a\n|c|\u2606BaiyiS|gg\n","uploadtime":1699704808,"views":11,"p1id":"baiyis","p2id":"taoke","formatid":"gen9nationaldex","rating":1554,"private":0,"password":""}