{"id":"gen9nationaldex-1996344085","p1":"Gwonodd","p2":"AlastorTheOverlord","format":"[Gen 9] National Dex","log":"|html|<div class=\"broadcast-blue\"><strong>[Gen 9] National Dex is currently suspecting Sneasler! For information on how to participate check out the <a href=\"https:\/\/www.smogon.com\/forums\/threads\/sv-national-dex-suspect-8-just-dance.3731534\/\">suspect thread<\/a>.<\/strong><\/div>\n|j|\u2606Gwonodd\n|j|\u2606AlastorTheOverlord\n|t:|1700673113\n|gametype|singles\n|player|p1|Gwonodd|gentleman|1297\n|player|p2|AlastorTheOverlord|n|1269\n|teamsize|p1|6\n|teamsize|p2|6\n|gen|9\n|tier|[Gen 9] National Dex\n|rated|\n|rule|HP Percentage Mod: HP is shown in percentages\n|rule|Endless Battle Clause: Forcing endless battles is banned\n|rule|OHKO Clause: OHKO moves are banned\n|rule|Evasion Clause: Evasion abilities, items, and moves are banned\n|rule|Evasion Abilities Clause: Evasion abilities are banned\n|rule|Evasion Items Clause: Evasion items are banned\n|rule|Evasion Moves Clause: Evasion moves are banned\n|rule|Species Clause: Limit one of each Pok\u00e9mon\n|rule|Sleep Clause Mod: Limit one foe put to sleep\n|clearpoke\n|poke|p1|Golem-Alola, M|\n|poke|p1|Glalie, F|\n|poke|p1|Regice|\n|poke|p1|Stakataka|\n|poke|p1|Swellow, F|\n|poke|p1|Pawmot, F|\n|poke|p2|Greninja-*, M|\n|poke|p2|Garchomp, M|\n|poke|p2|Chandelure, M|\n|poke|p2|Azumarill, M|\n|poke|p2|Aegislash, F|\n|poke|p2|Talonflame, M|\n|teampreview\n|inactive|Battle timer is ON: inactive players will automatically lose when time's up. (requested by Gwonodd)\n|inactive|AlastorTheOverlord also wants the timer to be on.\n|c|\u2606Gwonodd|glhf\n|\n|t:|1700673123\n|start\n|switch|p1a: Mirror breaker|Regice|100\/100\n|switch|p2a: Talonflame|Talonflame, M|100\/100\n|turn|1\n|\n|t:|1700673127\n|move|p2a: Talonflame|Flare Blitz|p1a: Mirror breaker\n|-supereffective|p1a: Mirror breaker\n|-damage|p1a: Mirror breaker|26\/100\n|-damage|p2a: Talonflame|72\/100|[from] Recoil\n|move|p1a: Mirror breaker|Ancient Power|p2a: Talonflame\n|-supereffective|p2a: Talonflame\n|-damage|p2a: Talonflame|0 fnt\n|faint|p2a: Talonflame\n|\n|upkeep\n|\n|t:|1700673138\n|switch|p2a: Aegislash|Aegislash, F|100\/100\n|turn|2\n|\n|t:|1700673148\n|move|p2a: Aegislash|Swords Dance|p2a: Aegislash\n|-boost|p2a: Aegislash|atk|2\n|move|p1a: Mirror breaker|Ancient Power|p2a: Aegislash\n|-resisted|p2a: Aegislash\n|-damage|p2a: Aegislash|94\/100\n|\n|-heal|p2a: Aegislash|99\/100|[from] item: Leftovers\n|upkeep\n|turn|3\n|\n|t:|1700673155\n|move|p2a: Aegislash|Swords Dance|p2a: Aegislash\n|-boost|p2a: Aegislash|atk|2\n|move|p1a: Mirror breaker|Ancient Power|p2a: Aegislash\n|-resisted|p2a: Aegislash\n|-damage|p2a: Aegislash|92\/100\n|\n|-heal|p2a: Aegislash|99\/100|[from] item: Leftovers\n|upkeep\n|turn|4\n|\n|t:|1700673166\n|move|p2a: Aegislash|Swords Dance|p2a: Aegislash\n|-boost|p2a: Aegislash|atk|2\n|move|p1a: Mirror breaker|Thunderbolt|p2a: Aegislash\n|-damage|p2a: Aegislash|77\/100\n|\n|-heal|p2a: Aegislash|83\/100|[from] item: Leftovers\n|upkeep\n|turn|5\n|\n|t:|1700673172\n|-formechange|p2a: Aegislash|Aegislash-Blade||[from] ability: Stance Change\n|move|p2a: Aegislash|Iron Head|p1a: Mirror breaker\n|-supereffective|p1a: Mirror breaker\n|-damage|p1a: Mirror breaker|0 fnt\n|faint|p1a: Mirror breaker\n|\n|-heal|p2a: Aegislash|89\/100|[from] item: Leftovers\n|upkeep\n|\n|t:|1700673185\n|switch|p1a: A-10|Swellow, F|100\/100\n|turn|6\n|\n|t:|1700673197\n|move|p1a: A-10|Brave Bird|p2a: Aegislash\n|-resisted|p2a: Aegislash\n|-damage|p2a: Aegislash|40\/100\n|-damage|p1a: A-10|80\/100|[from] Recoil\n|move|p2a: Aegislash|Sacred Sword|p1a: A-10\n|-damage|p1a: A-10|0 fnt\n|faint|p1a: A-10\n|\n|-heal|p2a: Aegislash|46\/100|[from] item: Leftovers\n|upkeep\n|\n|t:|1700673202\n|switch|p1a: J A W S|Glalie, F|100\/100\n|turn|7\n|\n|t:|1700673212\n|detailschange|p1a: J A W S|Glalie-Mega, F\n|-mega|p1a: J A W S|Glalie|Glalitite\n|move|p2a: Aegislash|Shadow Sneak|p1a: J A W S\n|-damage|p1a: J A W S|0 fnt\n|faint|p1a: J A W S\n|\n|-heal|p2a: Aegislash|52\/100|[from] item: Leftovers\n|upkeep\n|\n|t:|1700673225\n|switch|p1a: Trumps Goal|Stakataka|100\/100\n|turn|8\n|\n|t:|1700673234\n|-terastallize|p1a: Trumps Goal|Flying\n|move|p2a: Aegislash|Sacred Sword|p1a: Trumps Goal\n|-resisted|p1a: Trumps Goal\n|-damage|p1a: Trumps Goal|61\/100\n|move|p1a: Trumps Goal|Earthquake|p2a: Aegislash\n|-supereffective|p2a: Aegislash\n|-damage|p2a: Aegislash|0 fnt\n|faint|p2a: Aegislash\n|-ability|p1a: Trumps Goal|Beast Boost|boost\n|-boost|p1a: Trumps Goal|def|1\n|\n|-heal|p1a: Trumps Goal|67\/100|[from] item: Leftovers\n|upkeep\n|\n|t:|1700673245\n|switch|p2a: Garchomp|Garchomp, M|100\/100\n|turn|9\n|\n|t:|1700673251\n|move|p2a: Garchomp|Rock Slide|p1a: Trumps Goal\n|-supereffective|p1a: Trumps Goal\n|-damage|p1a: Trumps Goal|49\/100\n|move|p1a: Trumps Goal|Body Press|p2a: Garchomp\n|-damage|p2a: Garchomp|48\/100\n|-damage|p1a: Trumps Goal|36\/100|[from] ability: Rough Skin|[of] p2a: Garchomp\n|\n|-heal|p1a: Trumps Goal|43\/100|[from] item: Leftovers\n|upkeep\n|turn|10\n|\n|t:|1700673261\n|detailschange|p2a: Garchomp|Garchomp-Mega, M\n|-mega|p2a: Garchomp|Garchomp|Garchompite\n|move|p2a: Garchomp|Scale Shot|p1a: Trumps Goal\n|-crit|p1a: Trumps Goal\n|-damage|p1a: Trumps Goal|30\/100\n|-damage|p1a: Trumps Goal|23\/100\n|-hitcount|p1a: Trumps Goal|2\n|-unboost|p2a: Garchomp|def|1\n|-boost|p2a: Garchomp|spe|1\n|move|p1a: Trumps Goal|Body Press|p2a: Garchomp\n|-damage|p2a: Garchomp|0 fnt\n|faint|p2a: Garchomp\n|-ability|p1a: Trumps Goal|Beast Boost|boost\n|-boost|p1a: Trumps Goal|def|1\n|\n|-heal|p1a: Trumps Goal|29\/100|[from] item: Leftovers\n|upkeep\n|\n|t:|1700673270\n|switch|p2a: Greninja|Greninja, M|100\/100\n|turn|11\n|\n|t:|1700673280\n|move|p2a: Greninja|Ice Beam|p1a: Trumps Goal\n|-start|p2a: Greninja|typechange|Ice|[from] ability: Protean\n|-supereffective|p1a: Trumps Goal\n|-damage|p1a: Trumps Goal|0 fnt\n|faint|p1a: Trumps Goal\n|-damage|p2a: Greninja|91\/100|[from] item: Life Orb\n|\n|upkeep\n|\n|t:|1700673289\n|switch|p1a: Doc|Pawmot, F|100\/100\n|turn|12\n|\n|t:|1700673292\n|move|p2a: Greninja|Surf|p1a: Doc\n|-damage|p1a: Doc|34\/100\n|-damage|p2a: Greninja|81\/100|[from] item: Life Orb\n|move|p1a: Doc|Revival Blessing|p1a: Doc\n|-enditem|p1a: Doc|Leppa Berry|[eat]\n|-activate|p1a: Doc|item: Leppa Berry|Revival Blessing|[consumed]\n|\n|t:|1700673296\n|-heal|p1: Mirror breaker|50\/100|[from] move: Revival Blessing\n|\n|upkeep\n|turn|13\n|\n|t:|1700673302\n|move|p2a: Greninja|Surf|p1a: Doc\n|-damage|p1a: Doc|0 fnt\n|faint|p1a: Doc\n|-damage|p2a: Greninja|71\/100|[from] item: Life Orb\n|\n|upkeep\n|\n|t:|1700673305\n|switch|p1a: Mirror breaker|Regice|50\/100\n|turn|14\n|\n|t:|1700673309\n|move|p2a: Greninja|Dark Pulse|p1a: Mirror breaker\n|-damage|p1a: Mirror breaker|40\/100\n|-damage|p2a: Greninja|61\/100|[from] item: Life Orb\n|move|p1a: Mirror breaker|Ancient Power|p2a: Greninja\n|-supereffective|p2a: Greninja\n|-damage|p2a: Greninja|10\/100\n|-boost|p1a: Mirror breaker|atk|1\n|-boost|p1a: Mirror breaker|def|1\n|-boost|p1a: Mirror breaker|spa|1\n|-boost|p1a: Mirror breaker|spd|1\n|-boost|p1a: Mirror breaker|spe|1\n|\n|upkeep\n|turn|15\n|\n|t:|1700673319\n|move|p2a: Greninja|Surf|p1a: Mirror breaker\n|-damage|p1a: Mirror breaker|32\/100\n|-damage|p2a: Greninja|0 fnt|[from] item: Life Orb\n|faint|p2a: Greninja\n|move|p1a: Mirror breaker|Ancient Power|p2: Greninja|[notarget]\n|-fail|p1a: Mirror breaker\n|\n|upkeep\n|\n|t:|1700673324\n|switch|p2a: Chandelure|Chandelure, M|100\/100\n|turn|16\n|\n|t:|1700673327\n|move|p2a: Chandelure|Flamethrower|p1a: Mirror breaker\n|-supereffective|p1a: Mirror breaker\n|-crit|p1a: Mirror breaker\n|-damage|p1a: Mirror breaker|0 fnt\n|faint|p1a: Mirror breaker\n|\n|upkeep\n|\n|t:|1700673333\n|switch|p1a: Kaboom!|Golem-Alola, M, shiny|100\/100\n|turn|17\n|\n|t:|1700673339\n|move|p2a: Chandelure|Flamethrower|p1a: Kaboom!\n|-resisted|p1a: Kaboom!\n|-damage|p1a: Kaboom!|71\/100\n|move|p1a: Kaboom!|Thunder Wave|p2a: Chandelure\n|-status|p2a: Chandelure|par\n|\n|upkeep\n|turn|18\n|\n|t:|1700673346\n|move|p2a: Chandelure|Flamethrower|p1a: Kaboom!\n|-resisted|p1a: Kaboom!\n|-damage|p1a: Kaboom!|40\/100\n|-status|p1a: Kaboom!|brn\n|move|p1a: Kaboom!|Thunder Punch|p2a: Chandelure\n|-damage|p2a: Chandelure|63\/100 par\n|-damage|p1a: Kaboom!|30\/100 brn|[from] item: Life Orb\n|\n|-damage|p1a: Kaboom!|24\/100 brn|[from] brn\n|upkeep\n|turn|19\n|\n|t:|1700673353\n|move|p2a: Chandelure|Flamethrower|p1a: Kaboom!\n|-resisted|p1a: Kaboom!\n|-damage|p1a: Kaboom!|0 fnt\n|faint|p1a: Kaboom!\n|\n|win|AlastorTheOverlord\n|raw|Gwonodd's rating: 1297 &rarr; <strong>1270<\/strong><br \/>(-27 for losing)\n|raw|AlastorTheOverlord's rating: 1269 &rarr; <strong>1296<\/strong><br \/>(+27 for winning)\n|c|\u2606Gwonodd|gg\n|l|\u2606Gwonodd\n|c|\u2606AlastorTheOverlord|gg bro\n|l|\u2606AlastorTheOverlord\n|j|\u2606AlastorTheOverlord\n|player|p2|AlastorTheOverlord|n\n","uploadtime":1700673359,"views":2,"p1id":"gwonodd","p2id":"alastortheoverlord","formatid":"gen9nationaldex","rating":1270,"private":0,"password":""}