{"id":"gen9nationaldex-1992789197","p1":"posummer","p2":"grass knot zygarde","format":"[Gen 9] National Dex","log":"|j|\u203dposummer\n|j|\u2606grass knot zygarde\n|t:|1700235584\n|gametype|singles\n|player|p1|posummer|steven|1687\n|player|p2|grass knot zygarde|dawn|1664\n|teamsize|p1|6\n|teamsize|p2|6\n|gen|9\n|tier|[Gen 9] National Dex\n|rated|\n|rule|HP Percentage Mod: HP is shown in percentages\n|rule|Endless Battle Clause: Forcing endless battles is banned\n|rule|OHKO Clause: OHKO moves are banned\n|rule|Evasion Clause: Evasion abilities, items, and moves are banned\n|rule|Evasion Abilities Clause: Evasion abilities are banned\n|rule|Evasion Items Clause: Evasion items are banned\n|rule|Evasion Moves Clause: Evasion moves are banned\n|rule|Species Clause: Limit one of each Pok\u00e9mon\n|rule|Sleep Clause Mod: Limit one foe put to sleep\n|clearpoke\n|poke|p1|Garganacl, M|\n|poke|p1|Moltres|\n|poke|p1|Urshifu-*, F|\n|poke|p1|Venusaur, M|\n|poke|p1|Jirachi|\n|poke|p1|Pikachu, F|\n|poke|p2|Tapu Lele|\n|poke|p2|Sneasler, M|\n|poke|p2|Alomomola, M|\n|poke|p2|Gliscor, F|\n|poke|p2|Kartana|\n|poke|p2|Slowking-Galar, M|\n|teampreview\n|inactive|Battle timer is ON: inactive players will automatically lose when time's up. (requested by grass knot zygarde)\n|\n|t:|1700235610\n|start\n|switch|p1a: Venusaur|Venusaur, M, shiny|100\/100\n|switch|p2a: immortal|Gliscor, F, shiny|100\/100\n|turn|1\n|\n|t:|1700235627\n|detailschange|p1a: Venusaur|Venusaur-Mega, M, shiny\n|-mega|p1a: Venusaur|Venusaur|Venusaurite\n|move|p2a: immortal|Stealth Rock|p1a: Venusaur\n|-sidestart|p1: posummer|move: Stealth Rock\n|move|p1a: Venusaur|Giga Drain|p2a: immortal\n|-damage|p2a: immortal|76\/100\n|\n|-status|p2a: immortal|tox|[from] item: Toxic Orb\n|upkeep\n|turn|2\n|\n|t:|1700235648\n|switch|p1a: Moltres|Moltres|100\/100\n|move|p2a: immortal|Earthquake|p1a: Moltres\n|-immune|p1a: Moltres\n|\n|-heal|p2a: immortal|89\/100 tox|[from] ability: Poison Heal\n|upkeep\n|turn|3\n|j| iliveinohiorizz\n|\n|t:|1700235651\n|move|p1a: Moltres|Defog|p2a: immortal\n|-unboost|p2a: immortal|evasion|1\n|-sideend|p1: posummer|Stealth Rock|[from] move: Defog|[of] p1a: Moltres\n|move|p2a: immortal|Toxic|p1a: Moltres\n|-status|p1a: Moltres|tox\n|\n|-damage|p1a: Moltres|94\/100 tox|[from] psn\n|-heal|p2a: immortal|100\/100 tox|[from] ability: Poison Heal\n|upkeep\n|turn|4\n|\n|t:|1700235660\n|switch|p1a: Urshifu|Urshifu-Rapid-Strike, F|100\/100\n|move|p2a: immortal|Stealth Rock|p1a: Urshifu\n|-sidestart|p1: posummer|move: Stealth Rock\n|\n|upkeep\n|turn|5\n|c|\u2606grass knot zygarde|ohio rizz\n|\n|t:|1700235671\n|switch|p2a: ok|Alomomola, M, shiny|100\/100\n|move|p1a: Urshifu|U-turn|p2a: ok\n|-damage|p2a: ok|87\/100\n|c| iliveinohiorizz|you sure\n|\n|t:|1700235679\n|switch|p1a: Moltres|Moltres|94\/100 tox|[from] U-turn\n|\n|-damage|p1a: Moltres|88\/100 tox|[from] psn\n|upkeep\n|turn|6\n|\n|t:|1700235702\n|move|p1a: Moltres|Defog|p2a: ok\n|-unboost|p2a: ok|evasion|1\n|-sideend|p1: posummer|Stealth Rock|[from] move: Defog|[of] p1a: Moltres\n|move|p2a: ok|Flip Turn|p1a: Moltres\n|-supereffective|p1a: Moltres\n|-damage|p1a: Moltres|60\/100 tox\n|\n|t:|1700235708\n|switch|p2a: immortal|Gliscor, F, shiny|100\/100 tox|[from] Flip Turn\n|\n|-damage|p1a: Moltres|48\/100 tox|[from] psn\n|upkeep\n|turn|7\n|\n|t:|1700235729\n|move|p1a: Moltres|Roost|p1a: Moltres\n|-heal|p1a: Moltres|98\/100 tox\n|-singleturn|p1a: Moltres|move: Roost\n|move|p2a: immortal|Earthquake|p1a: Moltres\n|-supereffective|p1a: Moltres\n|-crit|p1a: Moltres\n|-damage|p1a: Moltres|11\/100 tox\n|\n|-damage|p1a: Moltres|0 fnt|[from] psn\n|faint|p1a: Moltres\n|upkeep\n|\n|t:|1700235735\n|switch|p1a: Garganacl|Garganacl, M|100\/100\n|turn|8\n|\n|t:|1700235743\n|-terastallize|p1a: Garganacl|Flying\n|move|p2a: immortal|Stealth Rock|p1a: Garganacl\n|-sidestart|p1: posummer|move: Stealth Rock\n|move|p1a: Garganacl|Salt Cure|p2a: immortal\n|-damage|p2a: immortal|89\/100 tox\n|-start|p2a: immortal|Salt Cure\n|\n|-heal|p2a: immortal|100\/100 tox|[from] ability: Poison Heal\n|-damage|p2a: immortal|88\/100 tox|[from] Salt Cure\n|upkeep\n|turn|9\n|\n|t:|1700235755\n|switch|p2a: guy|Slowking-Galar, M, shiny|100\/100\n|move|p1a: Garganacl|Stealth Rock|p2a: guy\n|-sidestart|p2: grass knot zygarde|move: Stealth Rock\n|\n|upkeep\n|turn|10\n|\n|t:|1700235762\n|switch|p1a: Jirachi|Jirachi, shiny|100\/100\n|-damage|p1a: Jirachi|94\/100|[from] Stealth Rock\n|move|p2a: guy|Future Sight|p1a: Jirachi\n|-start|p2a: guy|move: Future Sight\n|\n|upkeep\n|turn|11\n|\n|t:|1700235780\n|-zpower|p1a: Jirachi\n|move|p1a: Jirachi|Z-Happy Hour|p1a: Jirachi|[anim]Happy Hour\n|-boost|p1a: Jirachi|atk|1|[zeffect]\n|-boost|p1a: Jirachi|def|1|[zeffect]\n|-boost|p1a: Jirachi|spa|1|[zeffect]\n|-boost|p1a: Jirachi|spd|1|[zeffect]\n|-boost|p1a: Jirachi|spe|1|[zeffect]\n|move|p2a: guy|Thunder Wave|p1a: Jirachi\n|-status|p1a: Jirachi|par\n|\n|upkeep\n|turn|12\n|\n|t:|1700235785\n|move|p1a: Jirachi|Iron Head|p2a: guy\n|-damage|p2a: guy|48\/100\n|cant|p2a: guy|flinch\n|\n|-end|p1a: Jirachi|move: Future Sight\n|-resisted|p1a: Jirachi\n|-damage|p1a: Jirachi|87\/100 par\n|upkeep\n|turn|13\n|c|\u2606grass knot zygarde|oh this aint it\n|\n|t:|1700235800\n|switch|p2a: ok|Alomomola, M, shiny|100\/100\n|move|p1a: Jirachi|Stored Power|p2a: ok\n|-damage|p2a: ok|49\/100\n|\n|upkeep\n|turn|14\n|\n|t:|1700235820\n|switch|p2a: immortal|Gliscor, F, shiny|88\/100 tox\n|-damage|p2a: immortal|75\/100 tox|[from] Stealth Rock\n|move|p1a: Jirachi|Stored Power|p2a: immortal\n|-crit|p2a: immortal\n|-damage|p2a: immortal|0 fnt\n|faint|p2a: immortal\n|\n|upkeep\n|inactive|grass knot zygarde has 120 seconds left.\n|\n|t:|1700235847\n|switch|p2a: u kil gliscor yet?|Kartana, shiny|100\/100\n|-damage|p2a: u kil gliscor yet?|94\/100|[from] Stealth Rock\n|turn|15\n|\n|t:|1700235852\n|move|p2a: u kil gliscor yet?|Knock Off|p1a: Jirachi\n|-supereffective|p1a: Jirachi\n|-damage|p1a: Jirachi|46\/100 par\n|move|p1a: Jirachi|Drain Punch|p2a: u kil gliscor yet?\n|-supereffective|p2a: u kil gliscor yet?\n|-damage|p2a: u kil gliscor yet?|38\/100\n|-heal|p1a: Jirachi|70\/100 par|[from] drain|[of] p2a: u kil gliscor yet?\n|\n|upkeep\n|turn|16\n|\n|t:|1700235859\n|move|p2a: u kil gliscor yet?|Knock Off|p1a: Jirachi\n|-supereffective|p1a: Jirachi\n|-damage|p1a: Jirachi|32\/100 par\n|cant|p1a: Jirachi|par\n|\n|upkeep\n|turn|17\n|\n|t:|1700235864\n|move|p2a: u kil gliscor yet?|Knock Off|p1a: Jirachi\n|-supereffective|p1a: Jirachi\n|-damage|p1a: Jirachi|0 fnt\n|faint|p1a: Jirachi\n|-ability|p2a: u kil gliscor yet?|Beast Boost|boost\n|-boost|p2a: u kil gliscor yet?|atk|1\n|\n|upkeep\n|\n|t:|1700235874\n|switch|p1a: Venusaur|Venusaur-Mega, M, shiny|100\/100\n|-damage|p1a: Venusaur|88\/100|[from] Stealth Rock\n|turn|18\n|\n|t:|1700235881\n|switch|p2a: guy|Slowking-Galar, M, shiny|82\/100\n|-damage|p2a: guy|69\/100|[from] Stealth Rock\n|move|p1a: Venusaur|Hidden Power|p2a: guy\n|-damage|p2a: guy|59\/100\n|\n|upkeep\n|turn|19\n|\n|t:|1700235888\n|move|p1a: Venusaur|Earth Power|p2a: guy\n|-supereffective|p2a: guy\n|-damage|p2a: guy|32\/100\n|move|p2a: guy|Future Sight|p1a: Venusaur\n|-start|p2a: guy|move: Future Sight\n|\n|upkeep\n|turn|20\n|\n|t:|1700235896\n|switch|p1a: Garganacl|Garganacl, M, tera:Flying|100\/100\n|-damage|p1a: Garganacl|75\/100|[from] Stealth Rock\n|switch|p2a: permanent scars|Tapu Lele, shiny|100\/100\n|-damage|p2a: permanent scars|88\/100|[from] Stealth Rock\n|-fieldstart|move: Psychic Terrain|[from] ability: Psychic Surge|[of] p2a: permanent scars\n|\n|-heal|p1a: Garganacl|82\/100|[from] item: Leftovers\n|upkeep\n|turn|21\n|\n|t:|1700235903\n|move|p2a: permanent scars|Psyshock|p1a: Garganacl\n|-crit|p1a: Garganacl\n|-damage|p1a: Garganacl|29\/100\n|move|p1a: Garganacl|Salt Cure|p2a: permanent scars\n|-damage|p2a: permanent scars|68\/100\n|-start|p2a: permanent scars|Salt Cure\n|\n|-end|p1a: Garganacl|move: Future Sight\n|-damage|p1a: Garganacl|0 fnt\n|faint|p1a: Garganacl\n|-damage|p2a: permanent scars|55\/100|[from] Salt Cure\n|upkeep\n|c| iliveinohiorizz|for the opps, it's over\n|\n|t:|1700235916\n|switch|p1a: Urshifu|Urshifu-Rapid-Strike, F|100\/100\n|-damage|p1a: Urshifu|94\/100|[from] Stealth Rock\n|turn|22\n|\n|t:|1700235925\n|move|p1a: Urshifu|U-turn|p2a: permanent scars\n|-damage|p2a: permanent scars|17\/100\n|\n|t:|1700235945\n|switch|p1a: Venusaur|Venusaur-Mega, M, shiny|88\/100|[from] U-turn\n|-damage|p1a: Venusaur|76\/100|[from] Stealth Rock\n|move|p2a: permanent scars|Psyshock|p1a: Venusaur\n|-supereffective|p1a: Venusaur\n|-damage|p1a: Venusaur|13\/100\n|\n|-damage|p2a: permanent scars|4\/100|[from] Salt Cure\n|upkeep\n|turn|23\n|j| elvisma\n|c|\u2606grass knot zygarde|sac the damn pikachu damn\n|\n|t:|1700235959\n|move|p2a: permanent scars|Psyshock|p1a: Venusaur\n|-supereffective|p1a: Venusaur\n|-damage|p1a: Venusaur|0 fnt\n|faint|p1a: Venusaur\n|\n|-damage|p2a: permanent scars|0 fnt|[from] Salt Cure\n|faint|p2a: permanent scars\n|upkeep\n|l| elvisma\n|c| iliveinohiorizz|DAMN!!! DAMN!!!!!!!!!!!! DAMN!!!!!!!!!!\n|\n|t:|1700235980\n|switch|p2a: u kil gliscor yet?|Kartana, shiny|38\/100\n|switch|p1a: Urshifu|Urshifu-Rapid-Strike, F|94\/100\n|-damage|p1a: Urshifu|88\/100|[from] Stealth Rock\n|-damage|p2a: u kil gliscor yet?|32\/100|[from] Stealth Rock\n|turn|24\n|c| iliveinohiorizz|also he's going to sweep u with pikachew\n|inactive|posummer has 120 seconds left.\n|inactive|posummer has 90 seconds left.\n|\n|t:|1700236038\n|move|p1a: Urshifu|Surging Strikes|p2a: u kil gliscor yet?\n|-resisted|p2a: u kil gliscor yet?\n|-crit|p2a: u kil gliscor yet?\n|-damage|p2a: u kil gliscor yet?|23\/100\n|-resisted|p2a: u kil gliscor yet?\n|-crit|p2a: u kil gliscor yet?\n|-damage|p2a: u kil gliscor yet?|13\/100\n|-resisted|p2a: u kil gliscor yet?\n|-crit|p2a: u kil gliscor yet?\n|-damage|p2a: u kil gliscor yet?|4\/100\n|-hitcount|p2a: u kil gliscor yet?|3\n|move|p2a: u kil gliscor yet?|Leaf Blade|p1a: Urshifu\n|-supereffective|p1a: Urshifu\n|-damage|p1a: Urshifu|0 fnt\n|faint|p1a: Urshifu\n|-ability|p2a: u kil gliscor yet?|Beast Boost|boost\n|-boost|p2a: u kil gliscor yet?|atk|1\n|\n|-fieldend|move: Psychic Terrain\n|upkeep\n|\n|t:|1700236042\n|switch|p1a: Pikachu|Pikachu, F|100\/100\n|-damage|p1a: Pikachu|88\/100|[from] Stealth Rock\n|turn|25\n|c|\u2606grass knot zygarde|amazing\n|\n|t:|1700236047\n|move|p1a: Pikachu|Fake Out|p2a: u kil gliscor yet?\n|-resisted|p2a: u kil gliscor yet?\n|-damage|p2a: u kil gliscor yet?|0 fnt\n|faint|p2a: u kil gliscor yet?\n|\n|upkeep\n|j| elvisma\n|c| iliveinohiorizz|oh my god\n|\n|t:|1700236053\n|switch|p2a: flying whales|Sneasler, M, shiny|100\/100\n|-damage|p2a: flying whales|95\/100|[from] Stealth Rock\n|turn|26\n|c| iliveinohiorizz|pikachu killed an ou mon\n|c| iliveinohiorizz|actually over.\n|\n|t:|1700236058\n|move|p2a: flying whales|Close Combat|p1a: Pikachu\n|-damage|p1a: Pikachu|0 fnt\n|-unboost|p2a: flying whales|def|1\n|-unboost|p2a: flying whales|spd|1\n|faint|p1a: Pikachu\n|\n|win|grass knot zygarde\n|raw|posummer's rating: 1687 &rarr; <strong>1666<\/strong><br \/>(-21 for losing)\n|raw|grass knot zygarde's rating: 1664 &rarr; <strong>1685<\/strong><br \/>(+21 for winning)\n","uploadtime":1700236070,"views":8,"p1id":"posummer","p2id":"grassknotzygarde","formatid":"gen9nationaldex","rating":1666,"private":0,"password":""}