{"id":"gen9nationaldex-1995682145","p1":"bpdcam","p2":"The power of ROCK","format":"[Gen 9] National Dex","log":"|html|<div class=\"broadcast-blue\"><strong>[Gen 9] National Dex is currently suspecting Sneasler! For information on how to participate check out the <a href=\"https:\/\/www.smogon.com\/forums\/threads\/sv-national-dex-suspect-8-just-dance.3731534\/\">suspect thread<\/a>.<\/strong><\/div>\n|j|\u2606bpdcam\n|j|\u2606The power of ROCK\n|inactive|Battle timer is ON: inactive players will automatically lose when time's up.\n|t:|1700593541\n|gametype|singles\n|player|p1|bpdcam|grimsley-gen7|\n|player|p2|The power of ROCK|roark|\n|teamsize|p1|6\n|teamsize|p2|6\n|gen|9\n|tier|[Gen 9] National Dex\n|rated|Tournament battle\n|rule|HP Percentage Mod: HP is shown in percentages\n|rule|Endless Battle Clause: Forcing endless battles is banned\n|rule|OHKO Clause: OHKO moves are banned\n|rule|Evasion Clause: Evasion abilities, items, and moves are banned\n|rule|Evasion Abilities Clause: Evasion abilities are banned\n|rule|Evasion Items Clause: Evasion items are banned\n|rule|Evasion Moves Clause: Evasion moves are banned\n|rule|Species Clause: Limit one of each Pok\u00e9mon\n|rule|Sleep Clause Mod: Limit one foe put to sleep\n|clearpoke\n|poke|p1|Corsola-Galar, M|\n|poke|p1|Kommo-o, F|\n|poke|p1|Samurott-Hisui, F|\n|poke|p1|Ferrothorn, M|\n|poke|p1|Tornadus-Therian, M|\n|poke|p1|Clodsire, M|\n|poke|p2|Tyranitar, M|\n|poke|p2|Garganacl, M|\n|poke|p2|Aggron, M|\n|poke|p2|Cradily, M|\n|poke|p2|Glimmora, M|\n|poke|p2|Aurorus, F|\n|teampreview\n|inactive|bpdcam also wants the timer to be on.\n|c|\u2606The power of ROCK|Welcome to the ROCK gym\n|c|\u2606bpdcam|glhf\n|inactive|bpdcam has 120 seconds left.\n|c|\u2606bpdcam|also welcome to the corsola team\n|c|\u2606The power of ROCK|lol\n|\n|t:|1700593581\n|start\n|switch|p1a: Clodsire|Clodsire, M|100\/100\n|switch|p2a: Aurorus|Aurorus, F|100\/100\n|-weather|Snow|[from] ability: Snow Warning|[of] p2a: Aurorus\n|turn|1\n|c|\u2606The power of ROCK|as a ROCK trainer\n|c|\u2606The power of ROCK|I have seen many corsola\n|c|\u2606The power of ROCK|!dt corsola\n|raw|<div class=\"message\"><ul class=\"utilichart\"><li class=\"result\"><span class=\"col numcol\">RU<\/span> <span class=\"col iconcol\"><psicon pokemon=\"corsola\"\/><\/span> <span class=\"col pokemonnamecol\" style=\"white-space:nowrap\"><a href=\"https:\/\/dex.pokemonshowdown.com\/pokemon\/corsola\" target=\"_blank\">Corsola<\/a><\/span> <span class=\"col typecol\"><img src=\"https:\/\/play.pokemonshowdown.com\/sprites\/types\/Water.png\" alt=\"Water\" height=\"14\" width=\"32\"><img src=\"https:\/\/play.pokemonshowdown.com\/sprites\/types\/Rock.png\" alt=\"Rock\" height=\"14\" width=\"32\"><\/span> <span style=\"float:left;min-height:26px\"><span class=\"col twoabilitycol\">Hustle<br \/>Natural Cure<\/span><span class=\"col abilitycol\"><em>Regenerator<\/em><\/span><\/span><span style=\"float:left;min-height:26px\"><span class=\"col statcol\"><em>HP<\/em><br \/>65<\/span> <span class=\"col statcol\"><em>Atk<\/em><br \/>55<\/span> <span class=\"col statcol\"><em>Def<\/em><br \/>95<\/span> <span class=\"col statcol\"><em>SpA<\/em><br \/>65<\/span> <span class=\"col statcol\"><em>SpD<\/em><br \/>95<\/span> <span class=\"col statcol\"><em>Spe<\/em><br \/>35<\/span> <span class=\"col bstcol\"><em>BST<br \/>410<\/em><\/span> <\/span><\/li><li style=\"clear:both\"><\/li><\/ul><\/div>\n|raw|<font size=\"1\"><font color=\"#686868\">Dex#:<\/font> 222&nbsp;|&ThickSpace;<font color=\"#686868\">Gen:<\/font> 2&nbsp;|&ThickSpace;<font color=\"#686868\">Height:<\/font> 0.6 m&nbsp;|&ThickSpace;<font color=\"#686868\">Weight:<\/font> 5 kg <em>(20 BP)<\/em>&nbsp;|&ThickSpace;<font color=\"#686868\">Dex Colour:<\/font> Pink&nbsp;|&ThickSpace;<font color=\"#686868\">Egg Group(s):<\/font> Water 1, Water 3&nbsp;|&ThickSpace;<font color=\"#686868\">Does Not Evolve<\/font><\/font>\n\n|c|\u2606The power of ROCK|but your corsola looks a bit dead\n|\n|t:|1700593610\n|switch|p1a: Ferrothorn|Ferrothorn, M|100\/100\n|move|p2a: Aurorus|Stealth Rock|p1a: Ferrothorn\n|-sidestart|p1: bpdcam|move: Stealth Rock\n|\n|-weather|Snow|[upkeep]\n|upkeep\n|turn|2\n|c|\u2606bpdcam|yea i forgot to feed it for a month\n|\n|t:|1700593624\n|move|p2a: Aurorus|Aurora Veil|p2a: Aurorus\n|-sidestart|p2: The power of ROCK|move: Aurora Veil\n|move|p1a: Ferrothorn|Thunder Wave|p2a: Aurorus\n|-status|p2a: Aurorus|par\n|\n|-weather|Snow|[upkeep]\n|upkeep\n|turn|3\n|j| Potatofromsinnoh\n|c|\u2606The power of ROCK|lol\n|\n|t:|1700593632\n|switch|p2a: Garganacl|Garganacl, M|100\/100\n|move|p1a: Ferrothorn|Leech Seed|p2a: Garganacl|[miss]\n|-miss|p1a: Ferrothorn|p2a: Garganacl\n|\n|-weather|Snow|[upkeep]\n|upkeep\n|turn|4\n|\n|t:|1700593637\n|move|p2a: Garganacl|Salt Cure|p1a: Ferrothorn\n|-resisted|p1a: Ferrothorn\n|-damage|p1a: Ferrothorn|97\/100\n|-start|p1a: Ferrothorn|Salt Cure\n|move|p1a: Ferrothorn|Knock Off|p2a: Garganacl\n|-damage|p2a: Garganacl|94\/100\n|-enditem|p2a: Garganacl|Maranga Berry|[from] move: Knock Off|[of] p1a: Ferrothorn\n|\n|-weather|Snow|[upkeep]\n|-damage|p1a: Ferrothorn|72\/100|[from] Salt Cure\n|upkeep\n|turn|5\n|c| Potatofromsinnoh|when did you put on aurorus\n|\n|t:|1700593643\n|switch|p2a: Cradily|Cradily, M|100\/100\n|switch|p1a: Corsola|Corsola-Galar, M|100\/100\n|-damage|p1a: Corsola|88\/100|[from] Stealth Rock\n|\n|-weather|none\n|upkeep\n|turn|6\n|\n|t:|1700593647\n|move|p2a: Cradily|Infestation|p1a: Corsola\n|-resisted|p1a: Corsola\n|-damage|p1a: Corsola|87\/100\n|-activate|p1a: Corsola|move: Infestation|[of] p2a: Cradily\n|move|p1a: Corsola|Stealth Rock|p2a: Cradily\n|-sidestart|p2: The power of ROCK|move: Stealth Rock\n|\n|-damage|p1a: Corsola|70\/100|[from] move: Infestation|[partiallytrapped]\n|upkeep\n|turn|7\n|\n|t:|1700593650\n|move|p2a: Cradily|Leech Seed|p1a: Corsola\n|-start|p1a: Corsola|move: Leech Seed\n|move|p1a: Corsola|Will-O-Wisp|p2a: Cradily|[miss]\n|-miss|p1a: Corsola|p2a: Cradily\n|\n|-damage|p1a: Corsola|58\/100|[from] Leech Seed|[of] p2a: Cradily\n|-damage|p1a: Corsola|41\/100|[from] move: Infestation|[partiallytrapped]\n|upkeep\n|turn|8\n|\n|t:|1700593654\n|switch|p2a: Garganacl|Garganacl, M|94\/100\n|-damage|p2a: Garganacl|81\/100|[from] Stealth Rock\n|move|p1a: Corsola|Strength Sap|p2a: Garganacl\n|-unboost|p2a: Garganacl|atk|1\n|-heal|p1a: Corsola|100\/100\n|\n|-damage|p1a: Corsola|88\/100|[from] Leech Seed|[of] p2a: Garganacl\n|-heal|p2a: Garganacl|91\/100|[silent]\n|-end|p1a: Corsola|Infestation|[partiallytrapped]|[silent]\n|upkeep\n|turn|9\n|\n|t:|1700593660\n|switch|p1a: Clodsire|Clodsire, M|100\/100\n|move|p2a: Garganacl|Salt Cure|p1a: Clodsire\n|-resisted|p1a: Clodsire\n|-crit|p1a: Clodsire\n|-damage|p1a: Clodsire|90\/100\n|-start|p1a: Clodsire|Salt Cure\n|\n|-damage|p1a: Clodsire|77\/100|[from] Salt Cure\n|-sideend|p2: The power of ROCK|move: Aurora Veil\n|upkeep\n|turn|10\n|\n|t:|1700593664\n|switch|p2a: Cradily|Cradily, M|100\/100\n|-damage|p2a: Cradily|88\/100|[from] Stealth Rock\n|move|p1a: Clodsire|Toxic Spikes|p2a: Cradily\n|-sidestart|p2: The power of ROCK|move: Toxic Spikes\n|\n|-damage|p1a: Clodsire|65\/100|[from] Salt Cure\n|upkeep\n|turn|11\n|\n|t:|1700593668\n|switch|p1a: Tornadus|Tornadus-Therian, M|100\/100\n|move|p2a: Cradily|Infestation|p1a: Tornadus\n|-resisted|p1a: Tornadus\n|-damage|p1a: Tornadus|99\/100\n|-activate|p1a: Tornadus|move: Infestation|[of] p2a: Cradily\n|\n|-damage|p1a: Tornadus|82\/100|[from] move: Infestation|[partiallytrapped]\n|upkeep\n|turn|12\n|\n|t:|1700593678\n|switch|p2a: Glimmora|Glimmora, M|100\/100\n|-damage|p2a: Glimmora|88\/100|[from] Stealth Rock\n|-sideend|p2: The power of ROCK|move: Toxic Spikes|[of] p2a: Glimmora\n|move|p1a: Tornadus|Toxic|p2a: Glimmora\n|-immune|p2a: Glimmora\n|\n|-end|p1a: Tornadus|Infestation|[partiallytrapped]|[silent]\n|upkeep\n|turn|13\n|\n|t:|1700593683\n|switch|p1a: Ferrothorn|Ferrothorn, M|72\/100\n|-damage|p1a: Ferrothorn|66\/100|[from] Stealth Rock\n|move|p2a: Glimmora|Spikes|p1a: Ferrothorn\n|-sidestart|p1: bpdcam|Spikes\n|\n|upkeep\n|turn|14\n|\n|t:|1700593694\n|switch|p2a: Garganacl|Garganacl, M|91\/100\n|-damage|p2a: Garganacl|79\/100|[from] Stealth Rock\n|move|p1a: Ferrothorn|Leech Seed|p2a: Garganacl\n|-start|p2a: Garganacl|move: Leech Seed\n|\n|-damage|p2a: Garganacl|66\/100|[from] Leech Seed|[of] p1a: Ferrothorn\n|-heal|p1a: Ferrothorn|80\/100|[silent]\n|upkeep\n|turn|15\n|\n|t:|1700593706\n|move|p2a: Garganacl|Salt Cure|p1a: Ferrothorn\n|-resisted|p1a: Ferrothorn\n|-damage|p1a: Ferrothorn|76\/100\n|-start|p1a: Ferrothorn|Salt Cure\n|move|p1a: Ferrothorn|Power Whip|p2a: Garganacl\n|-supereffective|p2a: Garganacl\n|-damage|p2a: Garganacl|14\/100\n|\n|-damage|p2a: Garganacl|2\/100|[from] Leech Seed|[of] p1a: Ferrothorn\n|-heal|p1a: Ferrothorn|91\/100|[silent]\n|-damage|p1a: Ferrothorn|66\/100|[from] Salt Cure\n|upkeep\n|turn|16\n|\n|t:|1700593710\n|switch|p1a: Tornadus|Tornadus-Therian, M|100\/100\n|-terastallize|p2a: Garganacl|Ghost\n|move|p2a: Garganacl|Recover|p2a: Garganacl\n|-heal|p2a: Garganacl|52\/100\n|\n|-damage|p2a: Garganacl|40\/100|[from] Leech Seed|[of] p1a: Tornadus\n|upkeep\n|turn|17\n|\n|t:|1700593717\n|move|p1a: Tornadus|Defog|p2a: Garganacl\n|-unboost|p2a: Garganacl|evasion|1\n|-sideend|p2: The power of ROCK|Stealth Rock|[from] move: Defog|[of] p1a: Tornadus\n|-sideend|p1: bpdcam|Spikes|[from] move: Defog|[of] p1a: Tornadus\n|-sideend|p1: bpdcam|Stealth Rock|[from] move: Defog|[of] p1a: Tornadus\n|move|p2a: Garganacl|Recover|p2a: Garganacl\n|-heal|p2a: Garganacl|90\/100\n|\n|-damage|p2a: Garganacl|77\/100|[from] Leech Seed|[of] p1a: Tornadus\n|upkeep\n|turn|18\n|\n|t:|1700593720\n|move|p1a: Tornadus|Knock Off|p2a: Garganacl\n|-supereffective|p2a: Garganacl\n|-damage|p2a: Garganacl|57\/100\n|move|p2a: Garganacl|Salt Cure|p1a: Tornadus\n|-supereffective|p1a: Tornadus\n|-damage|p1a: Tornadus|68\/100\n|-start|p1a: Tornadus|Salt Cure\n|\n|-damage|p2a: Garganacl|45\/100|[from] Leech Seed|[of] p1a: Tornadus\n|-heal|p1a: Tornadus|82\/100|[silent]\n|-damage|p1a: Tornadus|70\/100|[from] Salt Cure\n|upkeep\n|turn|19\n|\n|t:|1700593722\n|move|p1a: Tornadus|U-turn|p2a: Garganacl\n|-resisted|p2a: Garganacl\n|-damage|p2a: Garganacl|39\/100\n|\n|t:|1700593725\n|switch|p1a: Samurott|Samurott-Hisui, F|100\/100|[from] U-turn\n|move|p2a: Garganacl|Recover|p2a: Garganacl\n|-heal|p2a: Garganacl|89\/100\n|\n|-damage|p2a: Garganacl|77\/100|[from] Leech Seed|[of] p1a: Samurott\n|upkeep\n|turn|20\n|\n|t:|1700593731\n|switch|p2a: Glimmora|Glimmora, M|88\/100\n|move|p1a: Samurott|Aqua Cutter|p2a: Glimmora\n|-supereffective|p2a: Glimmora\n|-damage|p2a: Glimmora|0 fnt\n|-activate|p2a: Glimmora|ability: Toxic Debris\n|-sidestart|p1: bpdcam|move: Toxic Spikes\n|faint|p2a: Glimmora\n|\n|upkeep\n|\n|t:|1700593734\n|switch|p2a: Aggron|Aggron, M|100\/100\n|turn|21\n|l|\u2606bpdcam\n|inactive|bpdcam disconnected and has a minute to reconnect!\n|player|p1|\n|j|\u2606bpdcam\n|inactive|bpdcam reconnected and has 140 seconds left.\n|player|p1|bpdcam|grimsley-gen7\n|\n|t:|1700593754\n|switch|p1a: Clodsire|Clodsire, M|65\/100\n|-sideend|p1: bpdcam|move: Toxic Spikes|[of] p1a: Clodsire\n|detailschange|p2a: Aggron|Aggron-Mega, M\n|-mega|p2a: Aggron|Aggron|Aggronite\n|move|p2a: Aggron|Body Press|p1a: Clodsire\n|-resisted|p1a: Clodsire\n|-damage|p1a: Clodsire|37\/100\n|\n|upkeep\n|turn|22\n|c|\u2606bpdcam|hold on thats not a rock\n|c| Potatofromsinnoh|well\n|\n|t:|1700593773\n|switch|p2a: Aurorus|Aurorus, F|100\/100 par\n|-weather|Snow|[from] ability: Snow Warning|[of] p2a: Aurorus\n|move|p1a: Clodsire|Recover|p1a: Clodsire\n|-heal|p1a: Clodsire|87\/100\n|\n|-weather|Snow|[upkeep]\n|upkeep\n|turn|23\n|c| Potatofromsinnoh|now its not\n|c| Potatofromsinnoh|but it was\n|\n|t:|1700593788\n|switch|p1a: Ferrothorn|Ferrothorn, M|66\/100\n|move|p2a: Aurorus|Aurora Veil|p2a: Aurorus\n|-sidestart|p2: The power of ROCK|move: Aurora Veil\n|\n|-weather|Snow|[upkeep]\n|upkeep\n|turn|24\n|\n|t:|1700593794\n|move|p2a: Aurorus|Stealth Rock|p1a: Ferrothorn\n|-sidestart|p1: bpdcam|move: Stealth Rock\n|move|p1a: Ferrothorn|Leech Seed|p2a: Aurorus\n|-start|p2a: Aurorus|move: Leech Seed\n|\n|-weather|Snow|[upkeep]\n|-damage|p2a: Aurorus|88\/100 par|[from] Leech Seed|[of] p1a: Ferrothorn\n|-heal|p1a: Ferrothorn|82\/100|[silent]\n|upkeep\n|turn|25\n|\n|t:|1700593799\n|switch|p2a: Garganacl|Garganacl, M, tera:Ghost|77\/100\n|move|p1a: Ferrothorn|Knock Off|p2a: Garganacl\n|-supereffective|p2a: Garganacl\n|-damage|p2a: Garganacl|68\/100\n|\n|-weather|Snow|[upkeep]\n|upkeep\n|turn|26\n|\n|t:|1700593806\n|move|p2a: Garganacl|Salt Cure|p1a: Ferrothorn\n|-resisted|p1a: Ferrothorn\n|-damage|p1a: Ferrothorn|77\/100\n|-start|p1a: Ferrothorn|Salt Cure\n|move|p1a: Ferrothorn|Leech Seed|p2a: Garganacl\n|-start|p2a: Garganacl|move: Leech Seed\n|\n|-weather|none\n|-damage|p2a: Garganacl|55\/100|[from] Leech Seed|[of] p1a: Ferrothorn\n|-heal|p1a: Ferrothorn|92\/100|[silent]\n|-damage|p1a: Ferrothorn|67\/100|[from] Salt Cure\n|upkeep\n|turn|27\n|\n|t:|1700593813\n|switch|p2a: Cradily|Cradily, M|88\/100\n|switch|p1a: Clodsire|Clodsire, M|87\/100\n|\n|upkeep\n|turn|28\n|\n|t:|1700593816\n|move|p2a: Cradily|Infestation|p1a: Clodsire\n|-resisted|p1a: Clodsire\n|-damage|p1a: Clodsire|86\/100\n|-activate|p1a: Clodsire|move: Infestation|[of] p2a: Cradily\n|move|p1a: Clodsire|Toxic Spikes|p2a: Cradily\n|-sidestart|p2: The power of ROCK|move: Toxic Spikes\n|\n|-damage|p1a: Clodsire|70\/100|[from] move: Infestation|[partiallytrapped]\n|upkeep\n|turn|29\n|\n|t:|1700593819\n|move|p2a: Cradily|Block|p1a: Clodsire\n|-activate|p1a: Clodsire|trapped\n|move|p1a: Clodsire|Poison Jab|p2a: Cradily\n|-damage|p2a: Cradily|81\/100\n|\n|-damage|p1a: Clodsire|53\/100|[from] move: Infestation|[partiallytrapped]\n|upkeep\n|turn|30\n|\n|t:|1700593822\n|move|p2a: Cradily|Leech Seed|p1a: Clodsire|[miss]\n|-miss|p2a: Cradily|p1a: Clodsire\n|move|p1a: Clodsire|Recover|p1a: Clodsire\n|-heal|p1a: Clodsire|100\/100\n|\n|-damage|p1a: Clodsire|84\/100|[from] move: Infestation|[partiallytrapped]\n|-sideend|p2: The power of ROCK|move: Aurora Veil\n|upkeep\n|turn|31\n|\n|t:|1700593826\n|move|p2a: Cradily|Leech Seed|p1a: Clodsire\n|-start|p1a: Clodsire|move: Leech Seed\n|move|p1a: Clodsire|Poison Jab|p2a: Cradily\n|-damage|p2a: Cradily|66\/100\n|\n|-damage|p1a: Clodsire|71\/100|[from] Leech Seed|[of] p2a: Cradily\n|-heal|p2a: Cradily|81\/100|[silent]\n|-damage|p1a: Clodsire|55\/100|[from] move: Infestation|[partiallytrapped]\n|upkeep\n|turn|32\n|\n|t:|1700593838\n|move|p2a: Cradily|Infestation|p1a: Clodsire\n|-resisted|p1a: Clodsire\n|-damage|p1a: Clodsire|54\/100\n|move|p1a: Clodsire|Poison Jab|p2a: Cradily\n|-damage|p2a: Cradily|68\/100\n|\n|-damage|p1a: Clodsire|41\/100|[from] Leech Seed|[of] p2a: Cradily\n|-heal|p2a: Cradily|83\/100|[silent]\n|-end|p1a: Clodsire|Infestation|[partiallytrapped]\n|upkeep\n|turn|33\n|\n|t:|1700593846\n|move|p2a: Cradily|Infestation|p1a: Clodsire\n|-resisted|p1a: Clodsire\n|-damage|p1a: Clodsire|40\/100\n|-activate|p1a: Clodsire|move: Infestation|[of] p2a: Cradily\n|move|p1a: Clodsire|Poison Jab|p2a: Cradily\n|-damage|p2a: Cradily|70\/100\n|-status|p2a: Cradily|psn\n|\n|-damage|p1a: Clodsire|28\/100|[from] Leech Seed|[of] p2a: Cradily\n|-heal|p2a: Cradily|85\/100 psn|[silent]\n|-damage|p2a: Cradily|73\/100 psn|[from] psn\n|-damage|p1a: Clodsire|11\/100|[from] move: Infestation|[partiallytrapped]\n|upkeep\n|turn|34\n|\n|t:|1700593849\n|move|p2a: Cradily|Rest|p2a: Cradily\n|-status|p2a: Cradily|slp|[from] move: Rest\n|-heal|p2a: Cradily|100\/100 slp|[silent]\n|move|p1a: Clodsire|Recover|p1a: Clodsire\n|-heal|p1a: Clodsire|61\/100\n|\n|-damage|p1a: Clodsire|49\/100|[from] Leech Seed|[of] p2a: Cradily\n|-damage|p1a: Clodsire|32\/100|[from] move: Infestation|[partiallytrapped]\n|upkeep\n|turn|35\n|\n|t:|1700593858\n|cant|p2a: Cradily|slp\n|move|p1a: Clodsire|Toxic Spikes|p2a: Cradily\n|-sidestart|p2: The power of ROCK|move: Toxic Spikes\n|\n|-damage|p1a: Clodsire|19\/100|[from] Leech Seed|[of] p2a: Cradily\n|-damage|p1a: Clodsire|3\/100|[from] move: Infestation|[partiallytrapped]\n|upkeep\n|turn|36\n|\n|t:|1700593864\n|cant|p2a: Cradily|slp\n|move|p1a: Clodsire|Recover|p1a: Clodsire\n|-heal|p1a: Clodsire|53\/100\n|\n|-damage|p1a: Clodsire|40\/100|[from] Leech Seed|[of] p2a: Cradily\n|-damage|p1a: Clodsire|24\/100|[from] move: Infestation|[partiallytrapped]\n|upkeep\n|turn|37\n|\n|t:|1700593869\n|-curestatus|p2a: Cradily|slp|[msg]\n|move|p2a: Cradily|Leech Seed|p1a: Clodsire|[miss]\n|-miss|p2a: Cradily|p1a: Clodsire\n|move|p1a: Clodsire|Poison Jab|p2a: Cradily\n|-damage|p2a: Cradily|87\/100\n|\n|-damage|p1a: Clodsire|11\/100|[from] Leech Seed|[of] p2a: Cradily\n|-heal|p2a: Cradily|100\/100|[silent]\n|-damage|p1a: Clodsire|0 fnt|[from] move: Infestation|[partiallytrapped]\n|faint|p1a: Clodsire\n|upkeep\n|\n|t:|1700593884\n|switch|p1a: Samurott|Samurott-Hisui, F|100\/100\n|-damage|p1a: Samurott|88\/100|[from] Stealth Rock\n|turn|38\n|\n|t:|1700593888\n|switch|p2a: Aggron|Aggron-Mega, M|100\/100\n|move|p1a: Samurott|Sacred Sword|p2a: Aggron\n|-supereffective|p2a: Aggron\n|-damage|p2a: Aggron|75\/100\n|\n|upkeep\n|turn|39\n|\n|t:|1700593892\n|switch|p1a: Corsola|Corsola-Galar, M|88\/100\n|-damage|p1a: Corsola|76\/100|[from] Stealth Rock\n|move|p2a: Aggron|Body Press|p1a: Corsola\n|-immune|p1a: Corsola\n|\n|upkeep\n|turn|40\n|\n|t:|1700593898\n|switch|p2a: Aurorus|Aurorus, F|88\/100 par\n|-weather|Snow|[from] ability: Snow Warning|[of] p2a: Aurorus\n|move|p1a: Corsola|Strength Sap|p2a: Aurorus\n|-unboost|p2a: Aurorus|atk|1\n|-heal|p1a: Corsola|100\/100\n|\n|-weather|Snow|[upkeep]\n|upkeep\n|turn|41\n|\n|t:|1700593902\n|move|p1a: Corsola|Stealth Rock|p2a: Aurorus\n|-sidestart|p2: The power of ROCK|move: Stealth Rock\n|cant|p2a: Aurorus|par\n|\n|-weather|Snow|[upkeep]\n|upkeep\n|turn|42\n|\n|t:|1700593907\n|move|p1a: Corsola|Scald|p2a: Aurorus\n|-supereffective|p2a: Aurorus\n|-crit|p2a: Aurorus\n|-damage|p2a: Aurorus|56\/100 par\n|move|p2a: Aurorus|Aurora Veil|p2a: Aurorus\n|-sidestart|p2: The power of ROCK|move: Aurora Veil\n|\n|-weather|Snow|[upkeep]\n|upkeep\n|turn|43\n|\n|t:|1700593916\n|switch|p2a: Garganacl|Garganacl, M, tera:Ghost|55\/100\n|-damage|p2a: Garganacl|43\/100|[from] Stealth Rock\n|move|p1a: Corsola|Will-O-Wisp|p2a: Garganacl\n|-immune|p2a: Garganacl|[from] ability: Purifying Salt\n|\n|-weather|Snow|[upkeep]\n|upkeep\n|turn|44\n|\n|t:|1700593922\n|move|p2a: Garganacl|Recover|p2a: Garganacl\n|-heal|p2a: Garganacl|93\/100\n|move|p1a: Corsola|Scald|p2a: Garganacl\n|-damage|p2a: Garganacl|89\/100\n|\n|-weather|none\n|upkeep\n|turn|45\n|\n|t:|1700593926\n|move|p2a: Garganacl|Salt Cure|p1a: Corsola\n|-damage|p1a: Corsola|94\/100\n|-start|p1a: Corsola|Salt Cure\n|move|p1a: Corsola|Strength Sap|p2a: Garganacl\n|-unboost|p2a: Garganacl|atk|1\n|-heal|p1a: Corsola|100\/100\n|\n|-damage|p1a: Corsola|88\/100|[from] Salt Cure\n|upkeep\n|turn|46\n|\n|t:|1700593934\n|switch|p2a: Aurorus|Aurorus, F|56\/100 par\n|-damage|p2a: Aurorus|31\/100 par|[from] Stealth Rock\n|-weather|Snow|[from] ability: Snow Warning|[of] p2a: Aurorus\n|switch|p1a: Tornadus|Tornadus-Therian, M|100\/100\n|\n|-weather|Snow|[upkeep]\n|upkeep\n|turn|47\n|\n|t:|1700593939\n|move|p1a: Tornadus|U-turn|p2a: Aurorus\n|-damage|p2a: Aurorus|28\/100 par\n|\n|t:|1700593942\n|switch|p1a: Corsola|Corsola-Galar, M|88\/100|[from] U-turn\n|-damage|p1a: Corsola|76\/100|[from] Stealth Rock\n|move|p2a: Aurorus|Rest|p2a: Aurorus\n|-status|p2a: Aurorus|slp|[from] move: Rest\n|-heal|p2a: Aurorus|100\/100 slp|[silent]\n|\n|-weather|Snow|[upkeep]\n|upkeep\n|turn|48\n|\n|t:|1700593947\n|cant|p2a: Aurorus|slp\n|move|p1a: Corsola|Scald|p2a: Aurorus\n|-supereffective|p2a: Aurorus\n|-damage|p2a: Aurorus|90\/100 slp\n|\n|-weather|Snow|[upkeep]\n|upkeep\n|turn|49\n|\n|t:|1700593952\n|cant|p2a: Aurorus|slp\n|move|p1a: Corsola|Scald|p2a: Aurorus\n|-supereffective|p2a: Aurorus\n|-damage|p2a: Aurorus|79\/100 slp\n|\n|-weather|Snow|[upkeep]\n|-sideend|p2: The power of ROCK|move: Aurora Veil\n|upkeep\n|turn|50\n|\n|t:|1700593954\n|-curestatus|p2a: Aurorus|slp|[msg]\n|move|p2a: Aurorus|Aurora Veil|p2a: Aurorus\n|-sidestart|p2: The power of ROCK|move: Aurora Veil\n|move|p1a: Corsola|Strength Sap|p2a: Aurorus\n|-unboost|p2a: Aurorus|atk|1\n|-heal|p1a: Corsola|100\/100\n|\n|-weather|none\n|upkeep\n|turn|51\n|\n|t:|1700593963\n|switch|p1a: Samurott|Samurott-Hisui, F|88\/100\n|-damage|p1a: Samurott|76\/100|[from] Stealth Rock\n|move|p2a: Aurorus|Freeze-Dry|p1a: Samurott\n|-supereffective|p1a: Samurott\n|-damage|p1a: Samurott|8\/100\n|\n|upkeep\n|turn|52\n|\n|t:|1700593968\n|move|p1a: Samurott|Sacred Sword|p2a: Aurorus\n|-supereffective|p2a: Aurorus\n|-damage|p2a: Aurorus|17\/100\n|move|p2a: Aurorus|Freeze-Dry|p1a: Samurott\n|-supereffective|p1a: Samurott\n|-damage|p1a: Samurott|0 fnt\n|faint|p1a: Samurott\n|\n|upkeep\n|\n|t:|1700593978\n|switch|p1a: Kommo-o|Kommo-o, F|100\/100\n|-damage|p1a: Kommo-o|94\/100|[from] Stealth Rock\n|turn|53\n|\n|t:|1700593988\n|switch|p2a: Garganacl|Garganacl, M, tera:Ghost|89\/100\n|-damage|p2a: Garganacl|76\/100|[from] Stealth Rock\n|-terastallize|p1a: Kommo-o|Steel\n|move|p1a: Kommo-o|Clangorous Soul|p1a: Kommo-o\n|-boost|p1a: Kommo-o|atk|1\n|-boost|p1a: Kommo-o|def|1\n|-boost|p1a: Kommo-o|spa|1\n|-boost|p1a: Kommo-o|spd|1\n|-boost|p1a: Kommo-o|spe|1\n|-damage|p1a: Kommo-o|61\/100\n|-enditem|p1a: Kommo-o|Throat Spray\n|-boost|p1a: Kommo-o|spa|1|[from] item: Throat Spray\n|\n|upkeep\n|turn|54\n|\n|t:|1700593996\n|move|p1a: Kommo-o|Clanging Scales|p2a: Garganacl\n|-damage|p2a: Garganacl|46\/100\n|-unboost|p1a: Kommo-o|def|1\n|move|p2a: Garganacl|Salt Cure|p1a: Kommo-o\n|-resisted|p1a: Kommo-o\n|-damage|p1a: Kommo-o|55\/100\n|-start|p1a: Kommo-o|Salt Cure\n|\n|-damage|p1a: Kommo-o|30\/100|[from] Salt Cure\n|upkeep\n|turn|55\n|\n|t:|1700594005\n|move|p1a: Kommo-o|Clanging Scales|p2a: Garganacl\n|-damage|p2a: Garganacl|15\/100\n|-unboost|p1a: Kommo-o|def|1\n|move|p2a: Garganacl|Recover|p2a: Garganacl\n|-heal|p2a: Garganacl|65\/100\n|\n|-damage|p1a: Kommo-o|6\/100|[from] Salt Cure\n|upkeep\n|turn|56\n|\n|t:|1700594009\n|move|p1a: Kommo-o|Clanging Scales|p2a: Garganacl\n|-crit|p2a: Garganacl\n|-damage|p2a: Garganacl|0 fnt\n|faint|p2a: Garganacl\n|-unboost|p1a: Kommo-o|def|1\n|\n|-damage|p1a: Kommo-o|0 fnt|[from] Salt Cure\n|faint|p1a: Kommo-o\n|upkeep\n|c| Potatofromsinnoh|bruh\n|c|\u2606The power of ROCK|ik\n|c|\u2606The power of ROCK|but potato\n|c|\u2606The power of ROCK|in my gym\n|c|\u2606The power of ROCK|there is no such thing as luck\n|inactive|The power of ROCK has 120 seconds left.\n|c|\u2606bpdcam|rng is bs though\n|c|\u2606The power of ROCK|That was skill\n|c| Potatofromsinnoh|lmao\n|c| Potatofromsinnoh|all skill bro trust\n|inactive|The power of ROCK has 90 seconds left.\n|\n|t:|1700594076\n|switch|p1a: Ferrothorn|Ferrothorn, M|67\/100\n|switch|p2a: Tyranitar|Tyranitar, M|100\/100\n|-status|p2a: Tyranitar|tox\n|-damage|p2a: Tyranitar|88\/100 tox|[from] Stealth Rock\n|-weather|Sandstorm|[from] ability: Sand Stream|[of] p2a: Tyranitar\n|-damage|p1a: Ferrothorn|61\/100|[from] Stealth Rock\n|turn|57\n|inactive|The power of ROCK has 90 seconds left.\n|\n|t:|1700594081\n|move|p2a: Tyranitar|Knock Off|p1a: Ferrothorn\n|-damage|p1a: Ferrothorn|38\/100\n|-damage|p2a: Tyranitar|76\/100 tox|[from] ability: Iron Barbs|[of] p1a: Ferrothorn\n|-damage|p2a: Tyranitar|59\/100 tox|[from] item: Rocky Helmet|[of] p1a: Ferrothorn\n|-enditem|p1a: Ferrothorn|Rocky Helmet|[from] move: Knock Off|[of] p2a: Tyranitar\n|move|p1a: Ferrothorn|Leech Seed|p2a: Tyranitar\n|-start|p2a: Tyranitar|move: Leech Seed\n|\n|-weather|Sandstorm|[upkeep]\n|-damage|p2a: Tyranitar|47\/100 tox|[from] Leech Seed|[of] p1a: Ferrothorn\n|-heal|p1a: Ferrothorn|52\/100|[silent]\n|-damage|p2a: Tyranitar|41\/100 tox|[from] psn\n|-sideend|p2: The power of ROCK|move: Aurora Veil\n|upkeep\n|turn|58\n|\n|t:|1700594088\n|switch|p2a: Cradily|Cradily, M|100\/100\n|-status|p2a: Cradily|tox\n|-damage|p2a: Cradily|88\/100 tox|[from] Stealth Rock\n|move|p1a: Ferrothorn|Knock Off|p2a: Cradily\n|-damage|p2a: Cradily|72\/100 tox\n|-enditem|p2a: Cradily|Binding Band|[from] move: Knock Off|[of] p1a: Ferrothorn\n|\n|-weather|Sandstorm|[upkeep]\n|-damage|p2a: Cradily|66\/100 tox|[from] psn\n|upkeep\n|turn|59\n|\n|t:|1700594095\n|switch|p1a: Corsola|Corsola-Galar, M|100\/100\n|-damage|p1a: Corsola|88\/100|[from] Stealth Rock\n|move|p2a: Cradily|Infestation|p1a: Corsola\n|-resisted|p1a: Corsola\n|-damage|p1a: Corsola|87\/100\n|-activate|p1a: Corsola|move: Infestation|[of] p2a: Cradily\n|\n|-weather|Sandstorm|[upkeep]\n|-damage|p1a: Corsola|81\/100|[from] Sandstorm\n|-damage|p2a: Cradily|54\/100 tox|[from] psn\n|-damage|p1a: Corsola|68\/100|[from] move: Infestation|[partiallytrapped]\n|upkeep\n|turn|60\n|\n|t:|1700594098\n|move|p2a: Cradily|Rest|p2a: Cradily\n|-status|p2a: Cradily|slp|[from] move: Rest\n|-heal|p2a: Cradily|100\/100 slp|[silent]\n|move|p1a: Corsola|Strength Sap|p2a: Cradily\n|-unboost|p2a: Cradily|atk|1\n|-heal|p1a: Corsola|100\/100\n|\n|-weather|Sandstorm|[upkeep]\n|-damage|p1a: Corsola|94\/100|[from] Sandstorm\n|-damage|p1a: Corsola|82\/100|[from] move: Infestation|[partiallytrapped]\n|upkeep\n|turn|61\n|\n|t:|1700594101\n|switch|p1a: Tornadus|Tornadus-Therian, M|100\/100\n|cant|p2a: Cradily|slp\n|\n|-weather|none\n|upkeep\n|turn|62\n|\n|t:|1700594117\n|move|p1a: Tornadus|Knock Off|p2a: Cradily\n|-damage|p2a: Cradily|89\/100 slp\n|cant|p2a: Cradily|slp\n|\n|upkeep\n|turn|63\n|\n|t:|1700594125\n|switch|p1a: Ferrothorn|Ferrothorn, M|52\/100\n|-damage|p1a: Ferrothorn|46\/100|[from] Stealth Rock\n|-curestatus|p2a: Cradily|slp|[msg]\n|move|p2a: Cradily|Leech Seed|p1a: Ferrothorn\n|-immune|p1a: Ferrothorn\n|\n|upkeep\n|turn|64\n|\n|t:|1700594130\n|switch|p1a: Tornadus|Tornadus-Therian, M|100\/100\n|move|p2a: Cradily|Infestation|p1a: Tornadus\n|-resisted|p1a: Tornadus\n|-damage|p1a: Tornadus|99\/100\n|-activate|p1a: Tornadus|move: Infestation|[of] p2a: Cradily\n|\n|-damage|p1a: Tornadus|86\/100|[from] move: Infestation|[partiallytrapped]\n|upkeep\n|turn|65\n|\n|t:|1700594132\n|move|p1a: Tornadus|Toxic|p2a: Cradily\n|-status|p2a: Cradily|tox\n|move|p2a: Cradily|Leech Seed|p1a: Tornadus\n|-start|p1a: Tornadus|move: Leech Seed\n|\n|-damage|p1a: Tornadus|74\/100|[from] Leech Seed|[of] p2a: Cradily\n|-heal|p2a: Cradily|100\/100 tox|[silent]\n|-damage|p2a: Cradily|94\/100 tox|[from] psn\n|-damage|p1a: Tornadus|61\/100|[from] move: Infestation|[partiallytrapped]\n|upkeep\n|turn|66\n|\n|t:|1700594141\n|move|p1a: Tornadus|U-turn|p2a: Cradily\n|-supereffective|p2a: Cradily\n|-damage|p2a: Cradily|73\/100 tox\n|\n|t:|1700594143\n|switch|p1a: Ferrothorn|Ferrothorn, M|46\/100|[from] U-turn\n|-damage|p1a: Ferrothorn|40\/100|[from] Stealth Rock\n|move|p2a: Cradily|Infestation|p1a: Ferrothorn\n|-damage|p1a: Ferrothorn|37\/100\n|-activate|p1a: Ferrothorn|move: Infestation|[of] p2a: Cradily\n|-damage|p2a: Cradily|61\/100 tox|[from] ability: Iron Barbs|[of] p1a: Ferrothorn\n|\n|-damage|p2a: Cradily|48\/100 tox|[from] psn\n|-damage|p1a: Ferrothorn|25\/100|[from] move: Infestation|[partiallytrapped]\n|upkeep\n|turn|67\n|\n|t:|1700594150\n|move|p2a: Cradily|Rest|p2a: Cradily\n|-status|p2a: Cradily|slp|[from] move: Rest\n|-heal|p2a: Cradily|100\/100 slp|[silent]\n|move|p1a: Ferrothorn|Power Whip|p2a: Cradily\n|-damage|p2a: Cradily|75\/100 slp\n|\n|-damage|p1a: Ferrothorn|12\/100|[from] move: Infestation|[partiallytrapped]\n|upkeep\n|turn|68\n|\n|t:|1700594154\n|cant|p2a: Cradily|slp\n|move|p1a: Ferrothorn|Power Whip|p2a: Cradily\n|-damage|p2a: Cradily|46\/100 slp\n|\n|-damage|p1a: Ferrothorn|0 fnt|[from] move: Infestation|[partiallytrapped]\n|faint|p1a: Ferrothorn\n|upkeep\n|\n|t:|1700594162\n|switch|p1a: Tornadus|Tornadus-Therian, M|94\/100\n|turn|69\n|\n|t:|1700594167\n|move|p1a: Tornadus|U-turn|p2a: Cradily\n|-supereffective|p2a: Cradily\n|-damage|p2a: Cradily|24\/100 slp\n|\n|t:|1700594169\n|switch|p1a: Corsola|Corsola-Galar, M|82\/100|[from] U-turn\n|-damage|p1a: Corsola|70\/100|[from] Stealth Rock\n|cant|p2a: Cradily|slp\n|\n|upkeep\n|turn|70\n|\n|t:|1700594175\n|switch|p1a: Tornadus|Tornadus-Therian, M|100\/100\n|-curestatus|p2a: Cradily|slp|[msg]\n|move|p2a: Cradily|Rest|p2a: Cradily\n|-status|p2a: Cradily|slp|[from] move: Rest\n|-heal|p2a: Cradily|100\/100 slp|[silent]\n|\n|upkeep\n|turn|71\n|\n|t:|1700594178\n|move|p1a: Tornadus|U-turn|p2a: Cradily\n|-supereffective|p2a: Cradily\n|-damage|p2a: Cradily|78\/100 slp\n|\n|t:|1700594180\n|switch|p1a: Corsola|Corsola-Galar, M|70\/100|[from] U-turn\n|-damage|p1a: Corsola|57\/100|[from] Stealth Rock\n|cant|p2a: Cradily|slp\n|\n|upkeep\n|turn|72\n|\n|t:|1700594184\n|cant|p2a: Cradily|slp\n|move|p1a: Corsola|Strength Sap|p2a: Cradily\n|-unboost|p2a: Cradily|atk|1\n|-heal|p1a: Corsola|98\/100\n|\n|upkeep\n|turn|73\n|\n|t:|1700594191\n|switch|p1a: Tornadus|Tornadus-Therian, M|100\/100\n|-curestatus|p2a: Cradily|slp|[msg]\n|move|p2a: Cradily|Leech Seed|p1a: Tornadus\n|-start|p1a: Tornadus|move: Leech Seed\n|\n|-damage|p1a: Tornadus|88\/100|[from] Leech Seed|[of] p2a: Cradily\n|-heal|p2a: Cradily|90\/100|[silent]\n|upkeep\n|turn|74\n|\n|t:|1700594194\n|move|p1a: Tornadus|Toxic|p2a: Cradily|[miss]\n|-miss|p1a: Tornadus|p2a: Cradily\n|move|p2a: Cradily|Infestation|p1a: Tornadus\n|-resisted|p1a: Tornadus\n|-damage|p1a: Tornadus|86\/100\n|-activate|p1a: Tornadus|move: Infestation|[of] p2a: Cradily\n|\n|-damage|p1a: Tornadus|74\/100|[from] Leech Seed|[of] p2a: Cradily\n|-heal|p2a: Cradily|100\/100|[silent]\n|-damage|p1a: Tornadus|62\/100|[from] move: Infestation|[partiallytrapped]\n|upkeep\n|turn|75\n|\n|t:|1700594199\n|move|p1a: Tornadus|U-turn|p2a: Cradily\n|-supereffective|p2a: Cradily\n|-damage|p2a: Cradily|77\/100\n|\n|t:|1700594200\n|switch|p1a: Corsola|Corsola-Galar, M|98\/100|[from] U-turn\n|-damage|p1a: Corsola|86\/100|[from] Stealth Rock\n|move|p2a: Cradily|Infestation|p1a: Corsola\n|-resisted|p1a: Corsola\n|-damage|p1a: Corsola|84\/100\n|-activate|p1a: Corsola|move: Infestation|[of] p2a: Cradily\n|\n|-damage|p1a: Corsola|72\/100|[from] move: Infestation|[partiallytrapped]\n|upkeep\n|turn|76\n|\n|t:|1700594209\n|switch|p1a: Tornadus|Tornadus-Therian, M|95\/100\n|move|p2a: Cradily|Leech Seed|p1a: Tornadus\n|-start|p1a: Tornadus|move: Leech Seed\n|\n|-damage|p1a: Tornadus|82\/100|[from] Leech Seed|[of] p2a: Cradily\n|-heal|p2a: Cradily|89\/100|[silent]\n|upkeep\n|turn|77\n|\n|t:|1700594217\n|switch|p2a: Aggron|Aggron-Mega, M|75\/100\n|-damage|p2a: Aggron|69\/100|[from] Stealth Rock\n|move|p1a: Tornadus|Toxic|p2a: Aggron\n|-immune|p2a: Aggron\n|\n|-damage|p1a: Tornadus|70\/100|[from] Leech Seed|[of] p2a: Aggron\n|-heal|p2a: Aggron|82\/100|[silent]\n|upkeep\n|turn|78\n|\n|t:|1700594224\n|switch|p1a: Corsola|Corsola-Galar, M|72\/100\n|-damage|p1a: Corsola|60\/100|[from] Stealth Rock\n|move|p2a: Aggron|Iron Defense|p2a: Aggron\n|-boost|p2a: Aggron|def|2\n|\n|upkeep\n|turn|79\n|\n|t:|1700594228\n|move|p2a: Aggron|Iron Defense|p2a: Aggron\n|-boost|p2a: Aggron|def|2\n|move|p1a: Corsola|Will-O-Wisp|p2a: Aggron\n|-status|p2a: Aggron|brn\n|\n|-damage|p2a: Aggron|76\/100 brn|[from] brn\n|upkeep\n|turn|80\n|\n|t:|1700594234\n|move|p2a: Aggron|Sleep Talk||[still]\n|-fail|p2a: Aggron\n|move|p1a: Corsola|Strength Sap|p2a: Aggron\n|-unboost|p2a: Aggron|atk|1\n|-heal|p1a: Corsola|100\/100\n|\n|-damage|p2a: Aggron|70\/100 brn|[from] brn\n|upkeep\n|turn|81\n|\n|t:|1700594238\n|move|p2a: Aggron|Sleep Talk||[still]\n|-fail|p2a: Aggron\n|move|p1a: Corsola|Scald|p2a: Aggron\n|-damage|p2a: Aggron|55\/100 brn\n|\n|-damage|p2a: Aggron|49\/100 brn|[from] brn\n|upkeep\n|turn|82\n|\n|t:|1700594244\n|move|p2a: Aggron|Sleep Talk||[still]\n|-fail|p2a: Aggron\n|move|p1a: Corsola|Scald|p2a: Aggron\n|-damage|p2a: Aggron|33\/100 brn\n|\n|-damage|p2a: Aggron|27\/100 brn|[from] brn\n|upkeep\n|turn|83\n|\n|t:|1700594247\n|move|p2a: Aggron|Rest|p2a: Aggron\n|-status|p2a: Aggron|slp|[from] move: Rest\n|-heal|p2a: Aggron|100\/100 slp|[silent]\n|move|p1a: Corsola|Scald|p2a: Aggron\n|-crit|p2a: Aggron\n|-damage|p2a: Aggron|75\/100 slp\n|\n|upkeep\n|turn|84\n|\n|t:|1700594253\n|cant|p2a: Aggron|slp\n|move|p1a: Corsola|Stealth Rock||[still]\n|-fail|p1a: Corsola\n|\n|upkeep\n|turn|85\n|\n|t:|1700594258\n|cant|p2a: Aggron|slp\n|move|p1a: Corsola|Stealth Rock||[still]\n|-fail|p1a: Corsola\n|\n|upkeep\n|turn|86\n|c|\u2606bpdcam|this will be fun\n|\n|t:|1700594266\n|-curestatus|p2a: Aggron|slp|[msg]\n|move|p2a: Aggron|Iron Defense|p2a: Aggron\n|-boost|p2a: Aggron|def|2\n|move|p1a: Corsola|Scald|p2a: Aggron\n|-damage|p2a: Aggron|59\/100\n|\n|upkeep\n|turn|87\n|\n|t:|1700594269\n|move|p2a: Aggron|Iron Defense|p2a: Aggron\n|-boost|p2a: Aggron|def|0\n|move|p1a: Corsola|Will-O-Wisp|p2a: Aggron\n|-status|p2a: Aggron|brn\n|\n|-damage|p2a: Aggron|53\/100 brn|[from] brn\n|upkeep\n|turn|88\n|\n|t:|1700594273\n|move|p2a: Aggron|Iron Defense|p2a: Aggron\n|-boost|p2a: Aggron|def|0\n|move|p1a: Corsola|Stealth Rock||[still]\n|-fail|p1a: Corsola\n|\n|-damage|p2a: Aggron|47\/100 brn|[from] brn\n|upkeep\n|turn|89\n|\n|t:|1700594277\n|move|p2a: Aggron|Iron Defense|p2a: Aggron\n|-boost|p2a: Aggron|def|0\n|move|p1a: Corsola|Scald|p2a: Aggron\n|-damage|p2a: Aggron|33\/100 brn\n|\n|-damage|p2a: Aggron|27\/100 brn|[from] brn\n|upkeep\n|turn|90\n|\n|t:|1700594283\n|move|p2a: Aggron|Rest|p2a: Aggron\n|-status|p2a: Aggron|slp|[from] move: Rest\n|-heal|p2a: Aggron|100\/100 slp|[silent]\n|move|p1a: Corsola|Scald|p2a: Aggron\n|-damage|p2a: Aggron|85\/100 slp\n|\n|upkeep\n|turn|91\n|\n|t:|1700594289\n|cant|p2a: Aggron|slp\n|move|p1a: Corsola|Stealth Rock||[still]\n|-fail|p1a: Corsola\n|\n|upkeep\n|turn|92\n|\n|t:|1700594292\n|cant|p2a: Aggron|slp\n|move|p1a: Corsola|Stealth Rock||[still]\n|-fail|p1a: Corsola\n|\n|upkeep\n|turn|93\n|\n|t:|1700594297\n|-curestatus|p2a: Aggron|slp|[msg]\n|move|p2a: Aggron|Sleep Talk||[still]\n|-fail|p2a: Aggron\n|move|p1a: Corsola|Scald|p2a: Aggron\n|-damage|p2a: Aggron|71\/100\n|-status|p2a: Aggron|brn\n|\n|-damage|p2a: Aggron|65\/100 brn|[from] brn\n|upkeep\n|turn|94\n|\n|t:|1700594303\n|move|p2a: Aggron|Body Press|p1a: Corsola\n|-immune|p1a: Corsola\n|move|p1a: Corsola|Stealth Rock||[still]\n|-fail|p1a: Corsola\n|\n|-damage|p2a: Aggron|59\/100 brn|[from] brn\n|upkeep\n|turn|95\n|\n|t:|1700594310\n|move|p2a: Aggron|Sleep Talk||[still]\n|-fail|p2a: Aggron\n|move|p1a: Corsola|Stealth Rock||[still]\n|-fail|p1a: Corsola\n|\n|-damage|p2a: Aggron|53\/100 brn|[from] brn\n|upkeep\n|turn|96\n|\n|t:|1700594316\n|move|p2a: Aggron|Iron Defense|p2a: Aggron\n|-boost|p2a: Aggron|def|0\n|move|p1a: Corsola|Stealth Rock||[still]\n|-fail|p1a: Corsola\n|\n|-damage|p2a: Aggron|46\/100 brn|[from] brn\n|upkeep\n|turn|97\n|\n|t:|1700594321\n|move|p2a: Aggron|Body Press|p1a: Corsola\n|-immune|p1a: Corsola\n|move|p1a: Corsola|Scald|p2a: Aggron\n|-damage|p2a: Aggron|31\/100 brn\n|\n|-damage|p2a: Aggron|25\/100 brn|[from] brn\n|upkeep\n|turn|98\n|\n|t:|1700594327\n|move|p2a: Aggron|Rest|p2a: Aggron\n|-status|p2a: Aggron|slp|[from] move: Rest\n|-heal|p2a: Aggron|100\/100 slp|[silent]\n|move|p1a: Corsola|Scald|p2a: Aggron\n|-damage|p2a: Aggron|86\/100 slp\n|\n|upkeep\n|turn|99\n|\n|t:|1700594333\n|cant|p2a: Aggron|slp\n|move|p1a: Corsola|Stealth Rock||[still]\n|-fail|p1a: Corsola\n|\n|upkeep\n|turn|100\n|\n|t:|1700594337\n|cant|p2a: Aggron|slp\n|move|p1a: Corsola|Stealth Rock||[still]\n|-fail|p1a: Corsola\n|\n|upkeep\n|turn|101\n|\n|t:|1700594342\n|-curestatus|p2a: Aggron|slp|[msg]\n|move|p2a: Aggron|Sleep Talk||[still]\n|-fail|p2a: Aggron\n|move|p1a: Corsola|Will-O-Wisp|p2a: Aggron\n|-status|p2a: Aggron|brn\n|\n|-damage|p2a: Aggron|80\/100 brn|[from] brn\n|upkeep\n|turn|102\n|\n|t:|1700594349\n|move|p2a: Aggron|Iron Defense|p2a: Aggron\n|-boost|p2a: Aggron|def|0\n|move|p1a: Corsola|Scald|p2a: Aggron\n|-damage|p2a: Aggron|63\/100 brn\n|\n|-damage|p2a: Aggron|57\/100 brn|[from] brn\n|upkeep\n|turn|103\n|\n|t:|1700594352\n|move|p2a: Aggron|Iron Defense|p2a: Aggron\n|-boost|p2a: Aggron|def|0\n|move|p1a: Corsola|Scald|p2a: Aggron\n|-damage|p2a: Aggron|42\/100 brn\n|\n|-damage|p2a: Aggron|36\/100 brn|[from] brn\n|upkeep\n|turn|104\n|\n|t:|1700594357\n|move|p2a: Aggron|Rest|p2a: Aggron\n|-status|p2a: Aggron|slp|[from] move: Rest\n|-heal|p2a: Aggron|100\/100 slp|[silent]\n|move|p1a: Corsola|Stealth Rock||[still]\n|-fail|p1a: Corsola\n|\n|upkeep\n|turn|105\n|\n|t:|1700594360\n|cant|p2a: Aggron|slp\n|move|p1a: Corsola|Stealth Rock||[still]\n|-fail|p1a: Corsola\n|\n|upkeep\n|turn|106\n|\n|t:|1700594366\n|switch|p2a: Aurorus|Aurorus, F|17\/100\n|-status|p2a: Aurorus|tox\n|-damage|p2a: Aurorus|0 fnt|[from] Stealth Rock\n|faint|p2a: Aurorus\n|switch|p1a: Tornadus|Tornadus-Therian, M|100\/100\n|\n|upkeep\n|\n|t:|1700594374\n|switch|p2a: Tyranitar|Tyranitar, M|41\/100 tox\n|-damage|p2a: Tyranitar|28\/100 tox|[from] Stealth Rock\n|-weather|Sandstorm|[from] ability: Sand Stream|[of] p2a: Tyranitar\n|turn|107\n|\n|t:|1700594377\n|move|p1a: Tornadus|U-turn|p2a: Tyranitar\n|-supereffective|p2a: Tyranitar\n|-damage|p2a: Tyranitar|1\/100 tox\n|\n|t:|1700594379\n|switch|p1a: Corsola|Corsola-Galar, M|100\/100|[from] U-turn\n|-damage|p1a: Corsola|88\/100|[from] Stealth Rock\n|move|p2a: Tyranitar|Knock Off|p1a: Corsola\n|-supereffective|p1a: Corsola\n|-damage|p1a: Corsola|43\/100\n|-enditem|p1a: Corsola|Eviolite|[from] move: Knock Off|[of] p2a: Tyranitar\n|\n|-weather|Sandstorm|[upkeep]\n|-damage|p1a: Corsola|37\/100|[from] Sandstorm\n|-damage|p2a: Tyranitar|0 fnt|[from] psn\n|faint|p2a: Tyranitar\n|upkeep\n|\n|t:|1700594387\n|switch|p2a: Aggron|Aggron-Mega, M|100\/100 slp\n|-damage|p2a: Aggron|94\/100 slp|[from] Stealth Rock\n|turn|108\n|\n|t:|1700594390\n|cant|p2a: Aggron|slp\n|move|p1a: Corsola|Strength Sap|p2a: Aggron\n|-unboost|p2a: Aggron|atk|1\n|-heal|p1a: Corsola|100\/100\n|\n|-weather|Sandstorm|[upkeep]\n|-damage|p1a: Corsola|94\/100|[from] Sandstorm\n|upkeep\n|turn|109\n|\n|t:|1700594396\n|-curestatus|p2a: Aggron|slp|[msg]\n|move|p2a: Aggron|Iron Defense|p2a: Aggron\n|-boost|p2a: Aggron|def|2\n|move|p1a: Corsola|Will-O-Wisp|p2a: Aggron\n|-status|p2a: Aggron|brn\n|\n|-weather|Sandstorm|[upkeep]\n|-damage|p1a: Corsola|88\/100|[from] Sandstorm\n|-damage|p2a: Aggron|88\/100 brn|[from] brn\n|upkeep\n|turn|110\n|\n|t:|1700594402\n|switch|p2a: Cradily|Cradily, M|89\/100\n|-status|p2a: Cradily|tox\n|-damage|p2a: Cradily|77\/100 tox|[from] Stealth Rock\n|move|p1a: Corsola|Stealth Rock||[still]\n|-fail|p1a: Corsola\n|\n|-weather|Sandstorm|[upkeep]\n|-damage|p1a: Corsola|82\/100|[from] Sandstorm\n|-damage|p2a: Cradily|70\/100 tox|[from] psn\n|upkeep\n|turn|111\n|\n|t:|1700594405\n|move|p2a: Cradily|Leech Seed|p1a: Corsola|[miss]\n|-miss|p2a: Cradily|p1a: Corsola\n|move|p1a: Corsola|Scald|p2a: Cradily\n|-ability|p2a: Cradily|Storm Drain|boost\n|-boost|p2a: Cradily|spa|1\n|\n|-weather|none\n|-damage|p2a: Cradily|58\/100 tox|[from] psn\n|upkeep\n|turn|112\n|\n|t:|1700594409\n|switch|p1a: Tornadus|Tornadus-Therian, M|100\/100\n|move|p2a: Cradily|Block|p1a: Tornadus\n|-activate|p1a: Tornadus|trapped\n|\n|-damage|p2a: Cradily|40\/100 tox|[from] psn\n|upkeep\n|turn|113\n|\n|t:|1700594416\n|move|p1a: Tornadus|U-turn|p2a: Cradily\n|-supereffective|p2a: Cradily\n|-damage|p2a: Cradily|18\/100 tox\n|\n|t:|1700594418\n|switch|p1a: Corsola|Corsola-Galar, M|82\/100|[from] U-turn\n|-damage|p1a: Corsola|70\/100|[from] Stealth Rock\n|move|p2a: Cradily|Rest|p2a: Cradily\n|-status|p2a: Cradily|slp|[from] move: Rest\n|-heal|p2a: Cradily|100\/100 slp|[silent]\n|\n|upkeep\n|turn|114\n|\n|t:|1700594420\n|switch|p2a: Aggron|Aggron-Mega, M|88\/100 brn\n|-damage|p2a: Aggron|82\/100 brn|[from] Stealth Rock\n|switch|p1a: Tornadus|Tornadus-Therian, M|100\/100\n|\n|-damage|p2a: Aggron|76\/100 brn|[from] brn\n|upkeep\n|turn|115\n|\n|t:|1700594424\n|move|p1a: Tornadus|U-turn|p2a: Aggron\n|-resisted|p2a: Aggron\n|-damage|p2a: Aggron|73\/100 brn\n|\n|t:|1700594426\n|switch|p1a: Corsola|Corsola-Galar, M|70\/100|[from] U-turn\n|-damage|p1a: Corsola|57\/100|[from] Stealth Rock\n|move|p2a: Aggron|Iron Defense|p2a: Aggron\n|-boost|p2a: Aggron|def|2\n|\n|-damage|p2a: Aggron|67\/100 brn|[from] brn\n|upkeep\n|turn|116\n|\n|t:|1700594430\n|move|p2a: Aggron|Iron Defense|p2a: Aggron\n|-boost|p2a: Aggron|def|2\n|move|p1a: Corsola|Stealth Rock||[still]\n|-fail|p1a: Corsola\n|\n|-damage|p2a: Aggron|61\/100 brn|[from] brn\n|upkeep\n|turn|117\n|\n|t:|1700594435\n|switch|p2a: Cradily|Cradily, M|100\/100 slp\n|-damage|p2a: Cradily|88\/100 slp|[from] Stealth Rock\n|move|p1a: Corsola|Stealth Rock||[still]\n|-fail|p1a: Corsola\n|\n|upkeep\n|turn|118\n|\n|t:|1700594440\n|switch|p2a: Aggron|Aggron-Mega, M|61\/100 brn\n|-damage|p2a: Aggron|55\/100 brn|[from] Stealth Rock\n|move|p1a: Corsola|Strength Sap|p2a: Aggron\n|-unboost|p2a: Aggron|atk|1\n|-heal|p1a: Corsola|100\/100\n|\n|-damage|p2a: Aggron|48\/100 brn|[from] brn\n|upkeep\n|turn|119\n|\n|t:|1700594442\n|switch|p1a: Tornadus|Tornadus-Therian, M|100\/100\n|move|p2a: Aggron|Iron Defense|p2a: Aggron\n|-boost|p2a: Aggron|def|2\n|\n|-damage|p2a: Aggron|42\/100 brn|[from] brn\n|upkeep\n|turn|120\n|\n|t:|1700594446\n|move|p1a: Tornadus|U-turn|p2a: Aggron\n|-resisted|p2a: Aggron\n|-damage|p2a: Aggron|41\/100 brn\n|\n|t:|1700594448\n|switch|p1a: Corsola|Corsola-Galar, M|100\/100|[from] U-turn\n|-damage|p1a: Corsola|88\/100|[from] Stealth Rock\n|move|p2a: Aggron|Iron Defense|p2a: Aggron\n|-boost|p2a: Aggron|def|2\n|\n|-damage|p2a: Aggron|35\/100 brn|[from] brn\n|upkeep\n|turn|121\n|\n|t:|1700594454\n|move|p2a: Aggron|Iron Defense|p2a: Aggron\n|-boost|p2a: Aggron|def|2\n|move|p1a: Corsola|Stealth Rock||[still]\n|-fail|p1a: Corsola\n|\n|-damage|p2a: Aggron|28\/100 brn|[from] brn\n|upkeep\n|turn|122\n|\n|t:|1700594458\n|move|p2a: Aggron|Rest|p2a: Aggron\n|-status|p2a: Aggron|slp|[from] move: Rest\n|-heal|p2a: Aggron|100\/100 slp|[silent]\n|move|p1a: Corsola|Scald|p2a: Aggron\n|-damage|p2a: Aggron|85\/100 slp\n|\n|upkeep\n|turn|123\n|\n|t:|1700594464\n|cant|p2a: Aggron|slp\n|move|p1a: Corsola|Stealth Rock||[still]\n|-fail|p1a: Corsola\n|\n|upkeep\n|turn|124\n|\n|t:|1700594468\n|switch|p1a: Tornadus|Tornadus-Therian, M|100\/100\n|cant|p2a: Aggron|slp\n|\n|upkeep\n|turn|125\n|\n|t:|1700594474\n|move|p1a: Tornadus|U-turn|p2a: Aggron\n|-resisted|p2a: Aggron\n|-crit|p2a: Aggron\n|-damage|p2a: Aggron|80\/100 slp\n|\n|t:|1700594477\n|switch|p1a: Corsola|Corsola-Galar, M|88\/100|[from] U-turn\n|-damage|p1a: Corsola|76\/100|[from] Stealth Rock\n|-curestatus|p2a: Aggron|slp|[msg]\n|move|p2a: Aggron|Iron Defense|p2a: Aggron\n|-boost|p2a: Aggron|def|0\n|\n|upkeep\n|turn|126\n|\n|t:|1700594482\n|move|p2a: Aggron|Body Press|p1a: Corsola\n|-immune|p1a: Corsola\n|move|p1a: Corsola|Will-O-Wisp|p2a: Aggron\n|-status|p2a: Aggron|brn\n|\n|-damage|p2a: Aggron|73\/100 brn|[from] brn\n|upkeep\n|turn|127\n|c| Potatofromsinnoh|uuhhhhhh\n|\n|t:|1700594488\n|move|p2a: Aggron|Body Press|p1a: Corsola\n|-immune|p1a: Corsola\n|move|p1a: Corsola|Stealth Rock||[still]\n|-fail|p1a: Corsola\n|\n|-damage|p2a: Aggron|67\/100 brn|[from] brn\n|upkeep\n|turn|128\n|\n|t:|1700594492\n|move|p2a: Aggron|Sleep Talk||[still]\n|-fail|p2a: Aggron\n|move|p1a: Corsola|Stealth Rock||[still]\n|-fail|p1a: Corsola\n|\n|-damage|p2a: Aggron|61\/100 brn|[from] brn\n|upkeep\n|turn|129\n|c|\u2606bpdcam|a dead rock vs two sleepy rocks\n|\n|t:|1700594518\n|move|p2a: Aggron|Sleep Talk||[still]\n|-fail|p2a: Aggron\n|move|p1a: Corsola|Stealth Rock||[still]\n|-fail|p1a: Corsola\n|\n|-damage|p2a: Aggron|55\/100 brn|[from] brn\n|upkeep\n|turn|130\n|\n|t:|1700594526\n|move|p2a: Aggron|Sleep Talk||[still]\n|-fail|p2a: Aggron\n|move|p1a: Corsola|Stealth Rock||[still]\n|-fail|p1a: Corsola\n|\n|-damage|p2a: Aggron|49\/100 brn|[from] brn\n|upkeep\n|turn|131\n|\n|t:|1700594533\n|move|p2a: Aggron|Iron Defense|p2a: Aggron\n|-boost|p2a: Aggron|def|0\n|move|p1a: Corsola|Scald|p2a: Aggron\n|-damage|p2a: Aggron|34\/100 brn\n|\n|-damage|p2a: Aggron|28\/100 brn|[from] brn\n|upkeep\n|turn|132\n|\n|t:|1700594536\n|move|p2a: Aggron|Sleep Talk||[still]\n|-fail|p2a: Aggron\n|move|p1a: Corsola|Scald|p2a: Aggron\n|-damage|p2a: Aggron|12\/100 brn\n|\n|-damage|p2a: Aggron|6\/100 brn|[from] brn\n|upkeep\n|turn|133\n|\n|t:|1700594539\n|switch|p1a: Tornadus|Tornadus-Therian, M|100\/100\n|move|p2a: Aggron|Rest|p2a: Aggron\n|-status|p2a: Aggron|slp|[from] move: Rest\n|-heal|p2a: Aggron|100\/100 slp|[silent]\n|\n|upkeep\n|turn|134\n|j| elvisma\n|\n|t:|1700594544\n|move|p1a: Tornadus|Knock Off|p2a: Aggron\n|-damage|p2a: Aggron|99\/100 slp\n|cant|p2a: Aggron|slp\n|move|p2a: Aggron|Sleep Talk|p2a: Aggron\n|move|p2a: Aggron|Body Press|p1a: Tornadus|[from]move: Sleep Talk\n|-resisted|p1a: Tornadus\n|-damage|p1a: Tornadus|0 fnt\n|faint|p1a: Tornadus\n|\n|upkeep\n|\n|t:|1700594550\n|switch|p1a: Corsola|Corsola-Galar, M|76\/100\n|-damage|p1a: Corsola|63\/100|[from] Stealth Rock\n|turn|135\n|c|\u2606bpdcam|gg\n|c|\u2606The power of ROCK|gg\n|-message|bpdcam forfeited.\n|\n|win|The power of ROCK\n|n|\u2606The power of ROCK|thepowerofrock\n|n| Potatofromsinnoh|potatofromsinnoh\n|n|\u2606bpdcam|bpdcam\n|n| elvisma|elvisma\n|l| elvisma\n","uploadtime":1700594569,"views":1,"p1id":"bpdcam","p2id":"thepowerofrock","formatid":"gen9nationaldex","rating":0,"private":0,"password":""}