{"id":"gen9nationaldex-1992684713","p1":"ouxiaonengshou","p2":"SmallerNoys","format":"[Gen 9] National Dex","log":"|j|\u2606ouxiaonengshou\n|j|\u2606SmallerNoys\n|t:|1700224998\n|gametype|singles\n|player|p1|ouxiaonengshou|iris-gen5bw2|1222\n|player|p2|SmallerNoys|dancer|1320\n|teamsize|p1|6\n|teamsize|p2|6\n|gen|9\n|tier|[Gen 9] National Dex\n|rated|\n|rule|HP Percentage Mod: HP is shown in percentages\n|rule|Endless Battle Clause: Forcing endless battles is banned\n|rule|OHKO Clause: OHKO moves are banned\n|rule|Evasion Clause: Evasion abilities, items, and moves are banned\n|rule|Evasion Abilities Clause: Evasion abilities are banned\n|rule|Evasion Items Clause: Evasion items are banned\n|rule|Evasion Moves Clause: Evasion moves are banned\n|rule|Species Clause: Limit one of each Pok\u00e9mon\n|rule|Sleep Clause Mod: Limit one foe put to sleep\n|clearpoke\n|poke|p1|Sudowoodo, M|\n|poke|p1|Shiftry, M|\n|poke|p1|Corviknight, F|\n|poke|p1|Swampert, F|\n|poke|p1|Pelipper, M|\n|poke|p1|Ogerpon, F|\n|poke|p2|Kartana|\n|poke|p2|Landorus-Therian, M|\n|poke|p2|Iron Valiant|\n|poke|p2|Tapu Koko|\n|poke|p2|Toxapex, F|\n|poke|p2|Scizor, M|\n|teampreview\n|inactive|Battle timer is ON: inactive players will automatically lose when time's up. (requested by ouxiaonengshou)\n|\n|t:|1700225015\n|start\n|switch|p1a: Sudowoodo|Sudowoodo, M, shiny|100\/100\n|switch|p2a: Toxapex|Toxapex, F|100\/100\n|turn|1\n|c|\u2606SmallerNoys|Bro\n|c|\u2606SmallerNoys|Did you see what PKS did\n|\n|t:|1700225039\n|move|p1a: Sudowoodo|Taunt|p2a: Toxapex\n|-start|p2a: Toxapex|move: Taunt\n|cant|p2a: Toxapex|move: Taunt|Toxic\n|\n|upkeep\n|turn|2\n|c|\u2606ouxiaonengshou|0.0\n|\n|t:|1700225055\n|move|p1a: Sudowoodo|Stealth Rock|p2a: Toxapex\n|-sidestart|p2: SmallerNoys|move: Stealth Rock\n|move|p2a: Toxapex|Scald|p1a: Sudowoodo\n|-supereffective|p1a: Sudowoodo\n|-crit|p1a: Sudowoodo\n|-damage|p1a: Sudowoodo|3\/100\n|\n|upkeep\n|turn|3\n|-enditem|p1a: Sudowoodo|Custap Berry|[eat]\n|-activate|p1a: Sudowoodo|item: Custap Berry|[consumed]\n|\n|t:|1700225062\n|move|p1a: Sudowoodo|Explosion|p2a: Toxapex\n|-crit|p2a: Toxapex\n|-damage|p2a: Toxapex|20\/100\n|faint|p1a: Sudowoodo\n|move|p2a: Toxapex|Scald|p1: Sudowoodo|[notarget]\n|-fail|p2a: Toxapex\n|\n|-heal|p2a: Toxapex|26\/100|[from] item: Leftovers\n|-end|p2a: Toxapex|move: Taunt\n|upkeep\n|\n|t:|1700225074\n|switch|p1a: Pelipper|Pelipper, M|100\/100\n|-weather|RainDance|[from] ability: Drizzle|[of] p1a: Pelipper\n|turn|4\n|\n|t:|1700225079\n|move|p1a: Pelipper|Hurricane|p2a: Toxapex\n|-damage|p2a: Toxapex|0 fnt\n|faint|p2a: Toxapex\n|\n|-weather|RainDance|[upkeep]\n|upkeep\n|\n|t:|1700225092\n|switch|p2a: Tapu Koko|Tapu Koko|100\/100\n|-fieldstart|move: Electric Terrain|[from] ability: Electric Surge|[of] p2a: Tapu Koko\n|turn|5\n|\n|t:|1700225101\n|-terastallize|p1a: Pelipper|Ground\n|move|p2a: Tapu Koko|Dazzling Gleam|p1a: Pelipper\n|-damage|p1a: Pelipper|56\/100\n|move|p1a: Pelipper|U-turn|p2a: Tapu Koko\n|-resisted|p2a: Tapu Koko\n|-damage|p2a: Tapu Koko|95\/100\n|\n|t:|1700225108\n|switch|p1a: Swampert|Swampert, F|100\/100|[from] U-turn\n|\n|-weather|RainDance|[upkeep]\n|upkeep\n|turn|6\n|\n|t:|1700225119\n|detailschange|p1a: Swampert|Swampert-Mega, F\n|-mega|p1a: Swampert|Swampert|Swampertite\n|move|p1a: Swampert|Liquidation|p2a: Tapu Koko\n|-damage|p2a: Tapu Koko|0 fnt\n|faint|p2a: Tapu Koko\n|\n|-weather|RainDance|[upkeep]\n|upkeep\n|\n|t:|1700225127\n|switch|p2a: Iron Valiant|Iron Valiant|100\/100\n|-damage|p2a: Iron Valiant|94\/100|[from] Stealth Rock\n|-activate|p2a: Iron Valiant|ability: Quark Drive\n|-start|p2a: Iron Valiant|quarkdrivespe\n|turn|7\n|\n|t:|1700225135\n|-terastallize|p2a: Iron Valiant|Fairy\n|move|p2a: Iron Valiant|Moonblast|p1a: Swampert\n|-damage|p1a: Swampert|16\/100\n|move|p1a: Swampert|Liquidation|p2a: Iron Valiant\n|-damage|p2a: Iron Valiant|0 fnt\n|faint|p2a: Iron Valiant\n|-end|p2a: Iron Valiant|Quark Drive|[silent]\n|\n|-weather|RainDance|[upkeep]\n|upkeep\n|\n|t:|1700225147\n|switch|p2a: Kartana|Kartana|100\/100\n|-damage|p2a: Kartana|94\/100|[from] Stealth Rock\n|turn|8\n|\n|t:|1700225159\n|switch|p1a: Corviknight|Corviknight, F, shiny|100\/100\n|move|p2a: Kartana|Leaf Blade|p1a: Corviknight\n|-resisted|p1a: Corviknight\n|-damage|p1a: Corviknight|87\/100\n|-damage|p2a: Kartana|78\/100|[from] item: Rocky Helmet|[of] p1a: Corviknight\n|\n|-weather|none\n|upkeep\n|turn|9\n|\n|t:|1700225169\n|move|p2a: Kartana|Swords Dance|p2a: Kartana\n|-boost|p2a: Kartana|atk|2\n|move|p1a: Corviknight|Iron Defense|p1a: Corviknight\n|-boost|p1a: Corviknight|def|2\n|\n|-fieldend|move: Electric Terrain\n|upkeep\n|turn|10\n|\n|t:|1700225179\n|move|p2a: Kartana|Knock Off|p1a: Corviknight\n|-damage|p1a: Corviknight|52\/100\n|-damage|p2a: Kartana|61\/100|[from] item: Rocky Helmet|[of] p1a: Corviknight\n|-enditem|p1a: Corviknight|Rocky Helmet|[from] move: Knock Off|[of] p2a: Kartana\n|move|p1a: Corviknight|Body Press|p2a: Kartana\n|-supereffective|p2a: Kartana\n|-damage|p2a: Kartana|0 fnt\n|faint|p2a: Kartana\n|\n|upkeep\n|\n|t:|1700225188\n|switch|p2a: Scizor|Scizor, M|100\/100\n|-damage|p2a: Scizor|88\/100|[from] Stealth Rock\n|turn|11\n|\n|t:|1700225201\n|move|p1a: Corviknight|Roost|p1a: Corviknight\n|-heal|p1a: Corviknight|100\/100\n|-singleturn|p1a: Corviknight|move: Roost\n|move|p2a: Scizor|Swords Dance|p2a: Scizor\n|-boost|p2a: Scizor|atk|2\n|\n|upkeep\n|turn|12\n|\n|t:|1700225211\n|detailschange|p2a: Scizor|Scizor-Mega, M\n|-mega|p2a: Scizor|Scizor|Scizorite\n|move|p2a: Scizor|Knock Off|p1a: Corviknight\n|-damage|p1a: Corviknight|84\/100\n|move|p1a: Corviknight|Iron Defense|p1a: Corviknight\n|-boost|p1a: Corviknight|def|2\n|\n|upkeep\n|turn|13\n|-message|SmallerNoys forfeited.\n|\n|win|ouxiaonengshou\n|raw|ouxiaonengshou's rating: 1222 &rarr; <strong>1254<\/strong><br \/>(+32 for winning)\n|raw|SmallerNoys's rating: 1320 &rarr; <strong>1295<\/strong><br \/>(-25 for losing)\n|l|\u2606SmallerNoys\n","uploadtime":1700225222,"views":5,"p1id":"ouxiaonengshou","p2id":"smallernoys","formatid":"gen9nationaldex","rating":1254,"private":0,"password":""}