{"id":"gen9nationaldex-1999168417","p1":"jkljlkh","p2":"Xurkiyee","format":"[Gen 9] National Dex","log":"|html|<div class=\"broadcast-blue\"><strong>[Gen 9] National Dex is currently suspecting Sneasler! For information on how to participate check out the <a href=\"https:\/\/www.smogon.com\/forums\/threads\/sv-national-dex-suspect-8-just-dance.3731534\/\">suspect thread<\/a>.<\/strong><\/div>\n|j|\u2606jkljlkh\n|j|\u2606Xurkiyee\n|t:|1701040748\n|gametype|singles\n|player|p1|jkljlkh|2|1912\n|player|p2|Xurkiyee|kimonogirl|1776\n|teamsize|p1|6\n|teamsize|p2|6\n|gen|9\n|tier|[Gen 9] National Dex\n|rated|\n|rule|HP Percentage Mod: HP is shown in percentages\n|rule|Endless Battle Clause: Forcing endless battles is banned\n|rule|OHKO Clause: OHKO moves are banned\n|rule|Evasion Clause: Evasion abilities, items, and moves are banned\n|rule|Evasion Abilities Clause: Evasion abilities are banned\n|rule|Evasion Items Clause: Evasion items are banned\n|rule|Evasion Moves Clause: Evasion moves are banned\n|rule|Species Clause: Limit one of each Pok\u00e9mon\n|rule|Sleep Clause Mod: Limit one foe put to sleep\n|clearpoke\n|poke|p1|Toxapex, F|\n|poke|p1|Dondozo, M|\n|poke|p1|Gliscor, F|\n|poke|p1|Blissey, F|\n|poke|p1|Corviknight, M|\n|poke|p1|Tyranitar, M|\n|poke|p2|Garchomp, F|\n|poke|p2|Volcarona, M|\n|poke|p2|Breloom, M|\n|poke|p2|Dragonite, M|\n|poke|p2|Starmie|\n|poke|p2|Scizor, M|\n|teampreview\n|c|\u2606jkljlkh|Oh hi\n|c|\u2606jkljlkh|big fan\n|c|\u2606jkljlkh|glhf\n|\n|t:|1701040758\n|start\n|switch|p1a: Gliscor|Gliscor, F|100\/100\n|switch|p2a: Starmie|Starmie, shiny|100\/100\n|turn|1\n|\n|t:|1701040761\n|move|p1a: Gliscor|Protect|p1a: Gliscor\n|-singleturn|p1a: Gliscor|Protect\n|move|p2a: Starmie|Psyshock|p1a: Gliscor\n|-activate|p1a: Gliscor|move: Protect\n|\n|-status|p1a: Gliscor|tox|[from] item: Toxic Orb\n|upkeep\n|turn|2\n|\n|t:|1701040765\n|switch|p1a: Tyranitar|Tyranitar, M|100\/100\n|-weather|Sandstorm|[from] ability: Sand Stream|[of] p1a: Tyranitar\n|move|p2a: Starmie|Hydro Pump|p1a: Tyranitar\n|-supereffective|p1a: Tyranitar\n|-damage|p1a: Tyranitar|43\/100\n|\n|-weather|Sandstorm|[upkeep]\n|-damage|p2a: Starmie|94\/100|[from] Sandstorm\n|upkeep\n|turn|3\n|\n|t:|1701040768\n|detailschange|p1a: Tyranitar|Tyranitar-Mega, M\n|-mega|p1a: Tyranitar|Tyranitar|Tyranitarite\n|move|p2a: Starmie|Hydro Pump|p1a: Tyranitar\n|-supereffective|p1a: Tyranitar\n|-damage|p1a: Tyranitar|3\/100\n|move|p1a: Tyranitar|Pursuit|p2a: Starmie\n|-supereffective|p2a: Starmie\n|-damage|p2a: Starmie|25\/100\n|\n|-weather|Sandstorm|[upkeep]\n|-damage|p2a: Starmie|19\/100|[from] Sandstorm\n|upkeep\n|turn|4\n|\n|t:|1701040773\n|switch|p1a: Toxapex|Toxapex, F|100\/100\n|move|p2a: Starmie|Meteor Beam||[still]\n|-prepare|p2a: Starmie|Meteor Beam\n|-boost|p2a: Starmie|spa|1\n|-enditem|p2a: Starmie|Power Herb\n|-anim|p2a: Starmie|Meteor Beam|p1a: Toxapex\n|-damage|p1a: Toxapex|42\/100\n|\n|-weather|Sandstorm|[upkeep]\n|-damage|p2a: Starmie|12\/100|[from] Sandstorm\n|-damage|p1a: Toxapex|36\/100|[from] Sandstorm\n|upkeep\n|turn|5\n|\n|t:|1701040779\n|move|p1a: Toxapex|Baneful Bunker|p1a: Toxapex\n|-singleturn|p1a: Toxapex|move: Protect\n|move|p2a: Starmie|Psyshock|p1a: Toxapex\n|-activate|p1a: Toxapex|move: Protect\n|\n|-weather|Sandstorm|[upkeep]\n|-damage|p2a: Starmie|6\/100|[from] Sandstorm\n|-damage|p1a: Toxapex|31\/100|[from] Sandstorm\n|upkeep\n|turn|6\n|\n|t:|1701040782\n|switch|p1a: Tyranitar|Tyranitar-Mega, M|3\/100\n|move|p2a: Starmie|Hydro Pump|p1a: Tyranitar\n|-supereffective|p1a: Tyranitar\n|-damage|p1a: Tyranitar|0 fnt\n|faint|p1a: Tyranitar\n|\n|-weather|none\n|upkeep\n|\n|t:|1701040791\n|switch|p1a: Corviknight|Corviknight, M|100\/100\n|-ability|p1a: Corviknight|Pressure\n|turn|7\n|\n|t:|1701040793\n|move|p2a: Starmie|Hydro Pump|p1a: Corviknight\n|-damage|p1a: Corviknight|55\/100\n|move|p1a: Corviknight|Iron Head|p2a: Starmie\n|-resisted|p2a: Starmie\n|-damage|p2a: Starmie|0 fnt\n|faint|p2a: Starmie\n|\n|-heal|p1a: Corviknight|61\/100|[from] item: Leftovers\n|upkeep\n|\n|t:|1701040798\n|switch|p2a: Volcarona|Volcarona, M|100\/100\n|turn|8\n|\n|t:|1701040803\n|switch|p2a: Garchomp|Garchomp, F, shiny|100\/100\n|switch|p1a: Blissey|Blissey, F|100\/100\n|\n|upkeep\n|turn|9\n|j| NicksRokaya\n|\n|t:|1701040808\n|switch|p1a: Toxapex|Toxapex, F|64\/100\n|move|p2a: Garchomp|Swords Dance|p2a: Garchomp\n|-boost|p2a: Garchomp|atk|2\n|\n|upkeep\n|turn|10\n|\n|t:|1701040811\n|switch|p1a: Dondozo|Dondozo, M|100\/100\n|move|p2a: Garchomp|Earthquake|p1a: Dondozo\n|-damage|p1a: Dondozo|77\/100\n|\n|upkeep\n|turn|11\n|\n|t:|1701040813\n|move|p2a: Garchomp|Stealth Rock|p1a: Dondozo\n|-sidestart|p1: jkljlkh|move: Stealth Rock\n|move|p1a: Dondozo|Curse|p1a: Dondozo\n|-unboost|p1a: Dondozo|spe|1\n|-boost|p1a: Dondozo|atk|1\n|-boost|p1a: Dondozo|def|1\n|\n|upkeep\n|turn|12\n|\n|t:|1701040816\n|switch|p2a: Breloom|Breloom, M, shiny|100\/100\n|move|p1a: Dondozo|Curse|p1a: Dondozo\n|-unboost|p1a: Dondozo|spe|1\n|-boost|p1a: Dondozo|atk|1\n|-boost|p1a: Dondozo|def|1\n|\n|upkeep\n|turn|13\n|\n|t:|1701040820\n|move|p2a: Breloom|Bullet Seed|p1a: Dondozo\n|-supereffective|p1a: Dondozo\n|-damage|p1a: Dondozo|69\/100\n|-supereffective|p1a: Dondozo\n|-damage|p1a: Dondozo|59\/100\n|-supereffective|p1a: Dondozo\n|-damage|p1a: Dondozo|50\/100\n|-hitcount|p1a: Dondozo|3\n|move|p1a: Dondozo|Body Press|p2a: Breloom\n|-damage|p2a: Breloom|5\/100\n|\n|upkeep\n|turn|14\n|\n|t:|1701040822\n|move|p2a: Breloom|Bullet Seed|p1a: Dondozo\n|-supereffective|p1a: Dondozo\n|-damage|p1a: Dondozo|40\/100\n|-supereffective|p1a: Dondozo\n|-damage|p1a: Dondozo|30\/100\n|-hitcount|p1a: Dondozo|2\n|move|p1a: Dondozo|Rest|p1a: Dondozo\n|-status|p1a: Dondozo|slp|[from] move: Rest\n|-heal|p1a: Dondozo|100\/100 slp|[silent]\n|\n|upkeep\n|turn|15\n|\n|t:|1701040825\n|move|p2a: Breloom|Bullet Seed|p1a: Dondozo\n|-supereffective|p1a: Dondozo\n|-damage|p1a: Dondozo|92\/100 slp\n|-supereffective|p1a: Dondozo\n|-damage|p1a: Dondozo|82\/100 slp\n|-supereffective|p1a: Dondozo\n|-damage|p1a: Dondozo|73\/100 slp\n|-hitcount|p1a: Dondozo|3\n|cant|p1a: Dondozo|slp\n|move|p1a: Dondozo|Sleep Talk|p1a: Dondozo\n|move|p1a: Dondozo|Curse|p1a: Dondozo|[from]move: Sleep Talk\n|-unboost|p1a: Dondozo|spe|1\n|-boost|p1a: Dondozo|atk|1\n|-boost|p1a: Dondozo|def|1\n|\n|upkeep\n|turn|16\n|\n|t:|1701040827\n|move|p2a: Breloom|Bullet Seed|p1a: Dondozo\n|-supereffective|p1a: Dondozo\n|-damage|p1a: Dondozo|65\/100 slp\n|-supereffective|p1a: Dondozo\n|-damage|p1a: Dondozo|58\/100 slp\n|-supereffective|p1a: Dondozo\n|-damage|p1a: Dondozo|49\/100 slp\n|-supereffective|p1a: Dondozo\n|-damage|p1a: Dondozo|41\/100 slp\n|-hitcount|p1a: Dondozo|4\n|cant|p1a: Dondozo|slp\n|move|p1a: Dondozo|Sleep Talk|p1a: Dondozo\n|move|p1a: Dondozo|Curse|p1a: Dondozo|[from]move: Sleep Talk\n|-unboost|p1a: Dondozo|spe|1\n|-boost|p1a: Dondozo|atk|1\n|-boost|p1a: Dondozo|def|1\n|\n|upkeep\n|turn|17\n|\n|t:|1701040830\n|move|p2a: Breloom|Bullet Seed|p1a: Dondozo\n|-supereffective|p1a: Dondozo\n|-damage|p1a: Dondozo|33\/100 slp\n|-supereffective|p1a: Dondozo\n|-crit|p1a: Dondozo\n|-damage|p1a: Dondozo|7\/100 slp\n|-supereffective|p1a: Dondozo\n|-damage|p1a: Dondozo|1\/100 slp\n|-hitcount|p1a: Dondozo|3\n|-curestatus|p1a: Dondozo|slp|[msg]\n|move|p1a: Dondozo|Rest|p1a: Dondozo\n|-status|p1a: Dondozo|slp|[from] move: Rest\n|-heal|p1a: Dondozo|100\/100 slp|[silent]\n|\n|upkeep\n|turn|18\n|\n|t:|1701040833\n|move|p2a: Breloom|Bullet Seed|p1a: Dondozo\n|-supereffective|p1a: Dondozo\n|-damage|p1a: Dondozo|94\/100 slp\n|-supereffective|p1a: Dondozo\n|-damage|p1a: Dondozo|88\/100 slp\n|-hitcount|p1a: Dondozo|2\n|cant|p1a: Dondozo|slp\n|move|p1a: Dondozo|Sleep Talk|p1a: Dondozo\n|move|p1a: Dondozo|Body Press|p2a: Breloom|[from]move: Sleep Talk\n|-damage|p2a: Breloom|0 fnt\n|faint|p2a: Breloom\n|\n|upkeep\n|\n|t:|1701040835\n|switch|p2a: Volcarona|Volcarona, M|100\/100\n|turn|19\n|\n|t:|1701040839\n|switch|p1a: Blissey|Blissey, F|100\/100\n|move|p2a: Volcarona|Giga Drain|p1a: Blissey\n|-damage|p1a: Blissey|92\/100\n|\n|upkeep\n|turn|20\n|\n|t:|1701040842\n|switch|p2a: Scizor|Scizor, M|100\/100\n|move|p1a: Blissey|Seismic Toss|p2a: Scizor\n|-damage|p2a: Scizor|67\/100\n|\n|upkeep\n|turn|21\n|\n|t:|1701040845\n|switch|p1a: Gliscor|Gliscor, F|100\/100 tox\n|-damage|p1a: Gliscor|88\/100 tox|[from] Stealth Rock\n|detailschange|p2a: Scizor|Scizor-Mega, M\n|-mega|p2a: Scizor|Scizor|Scizorite\n|move|p2a: Scizor|Swords Dance|p2a: Scizor\n|-boost|p2a: Scizor|atk|2\n|\n|-heal|p1a: Gliscor|100\/100 tox|[from] ability: Poison Heal\n|upkeep\n|turn|22\n|\n|t:|1701040847\n|move|p2a: Scizor|Bullet Punch|p1a: Gliscor\n|-damage|p1a: Gliscor|56\/100 tox\n|move|p1a: Gliscor|Earthquake|p2a: Scizor\n|-damage|p2a: Scizor|40\/100\n|\n|-heal|p1a: Gliscor|69\/100 tox|[from] ability: Poison Heal\n|upkeep\n|turn|23\n|\n|t:|1701040850\n|move|p2a: Scizor|Swords Dance|p2a: Scizor\n|-boost|p2a: Scizor|atk|2\n|move|p1a: Gliscor|Earthquake|p2a: Scizor\n|-damage|p2a: Scizor|12\/100\n|\n|-heal|p1a: Gliscor|81\/100 tox|[from] ability: Poison Heal\n|upkeep\n|turn|24\n|\n|t:|1701040853\n|move|p2a: Scizor|Bullet Punch|p1a: Gliscor\n|-damage|p1a: Gliscor|11\/100 tox\n|move|p1a: Gliscor|Earthquake|p2a: Scizor\n|-damage|p2a: Scizor|0 fnt\n|faint|p2a: Scizor\n|\n|-heal|p1a: Gliscor|23\/100 tox|[from] ability: Poison Heal\n|upkeep\n|\n|t:|1701040861\n|switch|p2a: Dragonite|Dragonite, M|100\/100\n|turn|25\n|\n|t:|1701040863\n|move|p2a: Dragonite|Dual Wingbeat|p1a: Gliscor\n|-damage|p1a: Gliscor|9\/100 tox\n|-damage|p1a: Gliscor|0 fnt\n|faint|p1a: Gliscor\n|-hitcount|p1: Gliscor|2\n|\n|upkeep\n|\n|t:|1701040865\n|switch|p1a: Toxapex|Toxapex, F|97\/100\n|turn|26\n|\n|t:|1701040869\n|move|p2a: Dragonite|Earthquake|p1a: Toxapex\n|-supereffective|p1a: Toxapex\n|-damage|p1a: Toxapex|48\/100\n|move|p1a: Toxapex|Toxic|p2a: Dragonite\n|-status|p2a: Dragonite|tox\n|\n|-damage|p2a: Dragonite|94\/100 tox|[from] psn\n|upkeep\n|turn|27\n|\n|t:|1701040873\n|move|p1a: Toxapex|Baneful Bunker|p1a: Toxapex\n|-singleturn|p1a: Toxapex|move: Protect\n|move|p2a: Dragonite|Dragon Dance|p2a: Dragonite\n|-boost|p2a: Dragonite|atk|1\n|-boost|p2a: Dragonite|spe|1\n|\n|-damage|p2a: Dragonite|82\/100 tox|[from] psn\n|upkeep\n|turn|28\n|\n|t:|1701040875\n|switch|p2a: Volcarona|Volcarona, M|100\/100\n|switch|p1a: Dondozo|Dondozo, M|88\/100 slp\n|\n|upkeep\n|turn|29\n|\n|t:|1701040880\n|switch|p2a: Garchomp|Garchomp, F, shiny|100\/100\n|switch|p1a: Blissey|Blissey, F|92\/100\n|\n|upkeep\n|turn|30\n|\n|t:|1701040885\n|switch|p1a: Corviknight|Corviknight, M|61\/100\n|-damage|p1a: Corviknight|49\/100|[from] Stealth Rock\n|-ability|p1a: Corviknight|Pressure\n|move|p2a: Garchomp|Swords Dance|p2a: Garchomp\n|-boost|p2a: Garchomp|atk|2\n|\n|-heal|p1a: Corviknight|55\/100|[from] item: Leftovers\n|upkeep\n|turn|31\n|\n|t:|1701040887\n|-zpower|p2a: Garchomp\n|move|p2a: Garchomp|Devastating Drake|p1a: Corviknight|[zeffect]\n|-resisted|p1a: Corviknight\n|-damage|p1a: Corviknight|0 fnt\n|faint|p1a: Corviknight\n|\n|upkeep\n|\n|t:|1701040891\n|switch|p1a: Dondozo|Dondozo, M|88\/100 slp\n|turn|32\n|\n|t:|1701040895\n|move|p2a: Garchomp|Earthquake|p1a: Dondozo\n|-damage|p1a: Dondozo|66\/100 slp\n|cant|p1a: Dondozo|slp\n|move|p1a: Dondozo|Sleep Talk|p1a: Dondozo\n|move|p1a: Dondozo|Rest||[from]move: Sleep Talk|[still]\n|-fail|p1a: Dondozo\n|\n|upkeep\n|turn|33\n|\n|t:|1701040898\n|move|p2a: Garchomp|Earthquake|p1a: Dondozo\n|-damage|p1a: Dondozo|44\/100 slp\n|-curestatus|p1a: Dondozo|slp|[msg]\n|move|p1a: Dondozo|Curse|p1a: Dondozo\n|-unboost|p1a: Dondozo|spe|1\n|-boost|p1a: Dondozo|atk|1\n|-boost|p1a: Dondozo|def|1\n|\n|upkeep\n|turn|34\n|\n|t:|1701040901\n|switch|p2a: Volcarona|Volcarona, M|100\/100\n|move|p1a: Dondozo|Rest|p1a: Dondozo\n|-status|p1a: Dondozo|slp|[from] move: Rest\n|-heal|p1a: Dondozo|100\/100 slp|[silent]\n|\n|upkeep\n|turn|35\n|\n|t:|1701040903\n|switch|p1a: Toxapex|Toxapex, F|82\/100\n|move|p2a: Volcarona|Giga Drain|p1a: Toxapex\n|-damage|p1a: Toxapex|62\/100\n|\n|upkeep\n|turn|36\n|\n|t:|1701040906\n|switch|p2a: Dragonite|Dragonite, M|82\/100 tox\n|move|p1a: Toxapex|Toxic|p2a: Dragonite\n|-fail|p2a: Dragonite|tox\n|\n|-damage|p2a: Dragonite|76\/100 tox|[from] psn\n|upkeep\n|turn|37\n|\n|t:|1701040909\n|move|p2a: Dragonite|Earthquake|p1a: Toxapex\n|-supereffective|p1a: Toxapex\n|-damage|p1a: Toxapex|9\/100\n|move|p1a: Toxapex|Recover|p1a: Toxapex\n|-heal|p1a: Toxapex|60\/100\n|\n|-damage|p2a: Dragonite|64\/100 tox|[from] psn\n|upkeep\n|turn|38\n|\n|t:|1701040912\n|move|p1a: Toxapex|Baneful Bunker|p1a: Toxapex\n|-singleturn|p1a: Toxapex|move: Protect\n|move|p2a: Dragonite|Earthquake|p1a: Toxapex\n|-activate|p1a: Toxapex|move: Protect\n|\n|-damage|p2a: Dragonite|45\/100 tox|[from] psn\n|upkeep\n|turn|39\n|\n|t:|1701040915\n|move|p2a: Dragonite|Earthquake|p1a: Toxapex\n|-supereffective|p1a: Toxapex\n|-damage|p1a: Toxapex|9\/100\n|move|p1a: Toxapex|Recover|p1a: Toxapex\n|-heal|p1a: Toxapex|60\/100\n|\n|-damage|p2a: Dragonite|21\/100 tox|[from] psn\n|upkeep\n|turn|40\n|\n|t:|1701040918\n|switch|p2a: Garchomp|Garchomp, F, shiny|100\/100\n|move|p1a: Toxapex|Baneful Bunker||[still]\n|-fail|p1a: Toxapex\n|\n|upkeep\n|turn|41\n|\n|t:|1701040921\n|-terastallize|p1a: Toxapex|Psychic\n|move|p2a: Garchomp|Earthquake|p1a: Toxapex\n|-damage|p1a: Toxapex|27\/100\n|move|p1a: Toxapex|Toxic|p2a: Garchomp\n|-status|p2a: Garchomp|tox\n|\n|-damage|p2a: Garchomp|94\/100 tox|[from] psn\n|upkeep\n|turn|42\n|\n|t:|1701040926\n|switch|p1a: Dondozo|Dondozo, M|100\/100 slp\n|move|p2a: Garchomp|Swords Dance|p2a: Garchomp\n|-boost|p2a: Garchomp|atk|2\n|\n|-damage|p2a: Garchomp|82\/100 tox|[from] psn\n|upkeep\n|turn|43\n|\n|t:|1701040928\n|move|p2a: Garchomp|Earthquake|p1a: Dondozo\n|-crit|p1a: Dondozo\n|-damage|p1a: Dondozo|67\/100 slp\n|cant|p1a: Dondozo|slp\n|move|p1a: Dondozo|Sleep Talk|p1a: Dondozo\n|move|p1a: Dondozo|Body Press|p2a: Garchomp|[from]move: Sleep Talk\n|-damage|p2a: Garchomp|56\/100 tox\n|-damage|p1a: Dondozo|54\/100 slp|[from] ability: Rough Skin|[of] p2a: Garchomp\n|\n|-damage|p2a: Garchomp|37\/100 tox|[from] psn\n|upkeep\n|turn|44\n|\n|t:|1701040937\n|switch|p1a: Toxapex|Toxapex, F, tera:Psychic|60\/100\n|move|p2a: Garchomp|Outrage|p1a: Toxapex\n|-damage|p1a: Toxapex|0 fnt\n|faint|p1a: Toxapex\n|\n|-damage|p2a: Garchomp|13\/100 tox|[from] psn\n|upkeep\n|\n|t:|1701040940\n|switch|p1a: Dondozo|Dondozo, M|54\/100 slp\n|turn|45\n|\n|t:|1701040942\n|move|p2a: Garchomp|Outrage|p1a: Dondozo|[from]lockedmove\n|-damage|p1a: Dondozo|26\/100 slp\n|-start|p2a: Garchomp|confusion|[fatigue]\n|cant|p1a: Dondozo|slp\n|\n|-damage|p2a: Garchomp|0 fnt|[from] psn\n|faint|p2a: Garchomp\n|upkeep\n|\n|t:|1701040952\n|switch|p2a: Volcarona|Volcarona, M|100\/100\n|turn|46\n|inactive|Battle timer is ON: inactive players will automatically lose when time's up. (requested by jkljlkh)\n|\n|t:|1701040957\n|switch|p2a: Dragonite|Dragonite, M|21\/100 tox\n|switch|p1a: Blissey|Blissey, F|92\/100\n|\n|-damage|p2a: Dragonite|15\/100 tox|[from] psn\n|upkeep\n|turn|47\n|\n|t:|1701040960\n|switch|p1a: Dondozo|Dondozo, M|26\/100 slp\n|-terastallize|p2a: Dragonite|Normal\n|move|p2a: Dragonite|Extreme Speed|p1a: Dondozo\n|-damage|p1a: Dondozo|5\/100 slp\n|\n|-damage|p2a: Dragonite|3\/100 tox|[from] psn\n|upkeep\n|turn|48\n|\n|t:|1701040970\n|move|p2a: Dragonite|Extreme Speed|p1a: Dondozo\n|-damage|p1a: Dondozo|0 fnt\n|faint|p1a: Dondozo\n|\n|-damage|p2a: Dragonite|0 fnt|[from] psn\n|faint|p2a: Dragonite\n|upkeep\n|\n|t:|1701040972\n|switch|p2a: Volcarona|Volcarona, M|100\/100\n|switch|p1a: Blissey|Blissey, F|92\/100\n|turn|49\n|\n|t:|1701040974\n|move|p2a: Volcarona|Quiver Dance|p2a: Volcarona\n|-boost|p2a: Volcarona|spa|1\n|-boost|p2a: Volcarona|spd|1\n|-boost|p2a: Volcarona|spe|1\n|move|p1a: Blissey|Calm Mind|p1a: Blissey\n|-boost|p1a: Blissey|spa|1\n|-boost|p1a: Blissey|spd|1\n|\n|upkeep\n|turn|50\n|\n|t:|1701040976\n|move|p2a: Volcarona|Quiver Dance|p2a: Volcarona\n|-boost|p2a: Volcarona|spa|1\n|-boost|p2a: Volcarona|spd|1\n|-boost|p2a: Volcarona|spe|1\n|move|p1a: Blissey|Calm Mind|p1a: Blissey\n|-boost|p1a: Blissey|spa|1\n|-boost|p1a: Blissey|spd|1\n|\n|upkeep\n|turn|51\n|c|\u2606jkljlkh|gg?\n|\n|t:|1701040981\n|move|p2a: Volcarona|Quiver Dance|p2a: Volcarona\n|-boost|p2a: Volcarona|spa|1\n|-boost|p2a: Volcarona|spd|1\n|-boost|p2a: Volcarona|spe|1\n|move|p1a: Blissey|Calm Mind|p1a: Blissey\n|-boost|p1a: Blissey|spa|1\n|-boost|p1a: Blissey|spd|1\n|\n|upkeep\n|turn|52\n|\n|t:|1701040983\n|move|p2a: Volcarona|Quiver Dance|p2a: Volcarona\n|-boost|p2a: Volcarona|spa|1\n|-boost|p2a: Volcarona|spd|1\n|-boost|p2a: Volcarona|spe|1\n|move|p1a: Blissey|Calm Mind|p1a: Blissey\n|-boost|p1a: Blissey|spa|1\n|-boost|p1a: Blissey|spd|1\n|\n|upkeep\n|turn|53\n|\n|t:|1701040984\n|move|p2a: Volcarona|Quiver Dance|p2a: Volcarona\n|-boost|p2a: Volcarona|spa|1\n|-boost|p2a: Volcarona|spd|1\n|-boost|p2a: Volcarona|spe|1\n|move|p1a: Blissey|Calm Mind|p1a: Blissey\n|-boost|p1a: Blissey|spa|1\n|-boost|p1a: Blissey|spd|1\n|\n|upkeep\n|turn|54\n|\n|t:|1701040986\n|move|p2a: Volcarona|Fire Blast|p1a: Blissey\n|-damage|p1a: Blissey|76\/100\n|move|p1a: Blissey|Calm Mind|p1a: Blissey\n|-boost|p1a: Blissey|spa|1\n|-boost|p1a: Blissey|spd|1\n|\n|upkeep\n|turn|55\n|\n|t:|1701040988\n|move|p2a: Volcarona|Fire Blast|p1a: Blissey\n|-damage|p1a: Blissey|61\/100\n|-status|p1a: Blissey|brn\n|move|p1a: Blissey|Seismic Toss|p2a: Volcarona\n|-damage|p2a: Volcarona|70\/100\n|\n|-damage|p1a: Blissey|54\/100 brn|[from] brn\n|upkeep\n|turn|56\n|\n|t:|1701040992\n|move|p2a: Volcarona|Giga Drain|p1a: Blissey\n|-damage|p1a: Blissey|47\/100 brn\n|-heal|p2a: Volcarona|78\/100|[from] drain|[of] p1a: Blissey\n|move|p1a: Blissey|Soft-Boiled|p1a: Blissey\n|-heal|p1a: Blissey|97\/100 brn\n|\n|-damage|p1a: Blissey|91\/100 brn|[from] brn\n|upkeep\n|turn|57\n|\n|t:|1701040995\n|move|p2a: Volcarona|Giga Drain|p1a: Blissey\n|-damage|p1a: Blissey|84\/100 brn\n|-heal|p2a: Volcarona|86\/100|[from] drain|[of] p1a: Blissey\n|move|p1a: Blissey|Seismic Toss|p2a: Volcarona\n|-damage|p2a: Volcarona|55\/100\n|\n|-damage|p1a: Blissey|78\/100 brn|[from] brn\n|upkeep\n|turn|58\n|\n|t:|1701040997\n|move|p2a: Volcarona|Fire Blast|p1a: Blissey\n|-damage|p1a: Blissey|63\/100 brn\n|move|p1a: Blissey|Seismic Toss|p2a: Volcarona\n|-damage|p2a: Volcarona|25\/100\n|\n|-damage|p1a: Blissey|57\/100 brn|[from] brn\n|upkeep\n|turn|59\n|\n|t:|1701041001\n|move|p2a: Volcarona|Fire Blast|p1a: Blissey\n|-damage|p1a: Blissey|43\/100 brn\n|move|p1a: Blissey|Seismic Toss|p2a: Volcarona\n|-damage|p2a: Volcarona|0 fnt\n|faint|p2a: Volcarona\n|\n|win|jkljlkh\n|raw|jkljlkh's rating: 1912 &rarr; <strong>1925<\/strong><br \/>(+13 for winning)\n|raw|Xurkiyee's rating: 1776 &rarr; <strong>1763<\/strong><br \/>(-13 for losing)\n|c|\u2606jkljlkh|gg\n|c|\u2606Xurkiyee|gg\n","uploadtime":1701041007,"views":17,"p1id":"jkljlkh","p2id":"xurkiyee","formatid":"gen9nationaldex","rating":1763,"private":0,"password":""}