{"id":"gen9nationaldex-1989130340","p1":"Arthurvxmr","p2":"Ace427","format":"[Gen 9] National Dex","log":"|j|\u2606Arthurvxmr\n|j|\u2606Ace427\n|t:|1699815474\n|gametype|singles\n|player|p1|Arthurvxmr|266|1091\n|player|p2|Ace427|hilbert|1087\n|teamsize|p1|6\n|teamsize|p2|6\n|gen|9\n|tier|[Gen 9] National Dex\n|rated|\n|rule|HP Percentage Mod: HP is shown in percentages\n|rule|Endless Battle Clause: Forcing endless battles is banned\n|rule|OHKO Clause: OHKO moves are banned\n|rule|Evasion Clause: Evasion abilities, items, and moves are banned\n|rule|Evasion Abilities Clause: Evasion abilities are banned\n|rule|Evasion Items Clause: Evasion items are banned\n|rule|Evasion Moves Clause: Evasion moves are banned\n|rule|Species Clause: Limit one of each Pok\u00e9mon\n|rule|Sleep Clause Mod: Limit one foe put to sleep\n|clearpoke\n|poke|p1|Torterra, F|\n|poke|p1|Blaziken, M|\n|poke|p1|Reuniclus, M|\n|poke|p1|Gyarados, F|\n|poke|p1|Aron, L1, M|\n|poke|p1|Tyranitar, M|\n|poke|p2|Tangrowth, M|\n|poke|p2|Landorus-Therian, M|\n|poke|p2|Moltres|\n|poke|p2|Scizor, M|\n|poke|p2|Haxorus, F|\n|poke|p2|Ariados, F|\n|teampreview\n|\n|t:|1699815482\n|start\n|switch|p1a: Tyranitar|Tyranitar, M|100\/100\n|switch|p2a: The Opps|Ariados, F|100\/100\n|-weather|Sandstorm|[from] ability: Sand Stream|[of] p1a: Tyranitar\n|turn|1\n|\n|t:|1699815496\n|move|p1a: Tyranitar|Earthquake|p2a: The Opps\n|-damage|p2a: The Opps|48\/100\n|move|p2a: The Opps|Sticky Web|p1a: Tyranitar\n|-sidestart|p1: Arthurvxmr|move: Sticky Web\n|\n|-weather|Sandstorm|[upkeep]\n|-damage|p2a: The Opps|42\/100|[from] Sandstorm\n|upkeep\n|turn|2\n|\n|t:|1699815501\n|move|p1a: Tyranitar|Earthquake|p2a: The Opps\n|-damage|p2a: The Opps|0 fnt\n|faint|p2a: The Opps\n|\n|-weather|Sandstorm|[upkeep]\n|upkeep\n|\n|t:|1699815504\n|switch|p2a: Doombringer|Haxorus, F|100\/100\n|-ability|p2a: Doombringer|Mold Breaker\n|turn|3\n|\n|t:|1699815508\n|move|p2a: Doombringer|Swords Dance|p2a: Doombringer\n|-boost|p2a: Doombringer|atk|2\n|move|p1a: Tyranitar|Dragon Claw|p2a: Doombringer\n|-supereffective|p2a: Doombringer\n|-damage|p2a: Doombringer|18\/100\n|\n|-weather|Sandstorm|[upkeep]\n|-damage|p2a: Doombringer|12\/100|[from] Sandstorm\n|upkeep\n|turn|4\n|\n|t:|1699815521\n|move|p2a: Doombringer|Scale Shot|p1a: Tyranitar\n|-damage|p1a: Tyranitar|77\/100\n|-damage|p1a: Tyranitar|54\/100\n|-damage|p1a: Tyranitar|32\/100\n|-damage|p1a: Tyranitar|9\/100\n|-damage|p1a: Tyranitar|0 fnt\n|faint|p1a: Tyranitar\n|-hitcount|p1: Tyranitar|5\n|-unboost|p2a: Doombringer|def|1\n|-boost|p2a: Doombringer|spe|1\n|\n|-weather|Sandstorm|[upkeep]\n|-damage|p2a: Doombringer|6\/100|[from] Sandstorm\n|upkeep\n|\n|t:|1699815528\n|switch|p1a: Aron|Aron, L1, M|100\/100\n|-activate|p1a: Aron|move: Sticky Web\n|-unboost|p1a: Aron|spe|1\n|turn|5\n|\n|t:|1699815534\n|move|p2a: Doombringer|Iron Head|p1a: Aron\n|-damage|p1a: Aron|0 fnt\n|faint|p1a: Aron\n|\n|-weather|none\n|upkeep\n|\n|t:|1699815545\n|switch|p1a: Gyarados|Gyarados, F, shiny|100\/100\n|turn|6\n|\n|t:|1699815555\n|detailschange|p1a: Gyarados|Gyarados-Mega, F, shiny\n|-mega|p1a: Gyarados|Gyarados|Gyaradosite\n|-ability|p1a: Gyarados|Mold Breaker\n|move|p2a: Doombringer|Scale Shot|p1a: Gyarados\n|-damage|p1a: Gyarados|71\/100\n|-damage|p1a: Gyarados|42\/100\n|-damage|p1a: Gyarados|14\/100\n|-damage|p1a: Gyarados|0 fnt\n|faint|p1a: Gyarados\n|-hitcount|p1: Gyarados|4\n|-unboost|p2a: Doombringer|def|1\n|-boost|p2a: Doombringer|spe|1\n|\n|upkeep\n|\n|t:|1699815560\n|switch|p1a: Reuniclus|Reuniclus, M|100\/100\n|-activate|p1a: Reuniclus|move: Sticky Web\n|-unboost|p1a: Reuniclus|spe|1\n|turn|7\n|\n|t:|1699815573\n|move|p2a: Doombringer|Scale Shot|p1a: Reuniclus\n|-damage|p1a: Reuniclus|69\/100\n|-damage|p1a: Reuniclus|40\/100\n|-damage|p1a: Reuniclus|11\/100\n|-damage|p1a: Reuniclus|0 fnt\n|faint|p1a: Reuniclus\n|-hitcount|p1: Reuniclus|4\n|-unboost|p2a: Doombringer|def|1\n|-boost|p2a: Doombringer|spe|1\n|\n|upkeep\n|\n|t:|1699815576\n|switch|p1a: Torterra|Torterra, F, shiny|100\/100\n|-activate|p1a: Torterra|move: Sticky Web\n|-unboost|p1a: Torterra|spe|1\n|turn|8\n|\n|t:|1699815581\n|move|p2a: Doombringer|Scale Shot|p1a: Torterra\n|-damage|p1a: Torterra|75\/100\n|-crit|p1a: Torterra\n|-damage|p1a: Torterra|34\/100\n|-damage|p1a: Torterra|7\/100\n|-damage|p1a: Torterra|0 fnt\n|faint|p1a: Torterra\n|-hitcount|p1: Torterra|4\n|-unboost|p2a: Doombringer|def|1\n|-boost|p2a: Doombringer|spe|1\n|\n|upkeep\n|\n|t:|1699815583\n|switch|p1a: Blaziken|Blaziken, M, shiny|100\/100\n|-activate|p1a: Blaziken|move: Sticky Web\n|-unboost|p1a: Blaziken|spe|1\n|turn|9\n|\n|t:|1699815591\n|move|p2a: Doombringer|Scale Shot|p1a: Blaziken\n|-damage|p1a: Blaziken|60\/100\n|-damage|p1a: Blaziken|16\/100\n|-damage|p1a: Blaziken|0 fnt\n|faint|p1a: Blaziken\n|-hitcount|p1: Blaziken|3\n|\n|win|Ace427\n|raw|Arthurvxmr's rating: 1091 &rarr; <strong>1067<\/strong><br \/>(-24 for losing)\n|raw|Ace427's rating: 1087 &rarr; <strong>1114<\/strong><br \/>(+27 for winning)\n","uploadtime":1699815600,"views":49,"p1id":"arthurvxmr","p2id":"ace427","formatid":"gen9nationaldex","rating":1067,"private":0,"password":""}