{"id":"gen9nationaldex-1996037766","p1":"djx","p2":"abigolname","format":"[Gen 9] National Dex","log":"|html|<div class=\"broadcast-blue\"><strong>[Gen 9] National Dex is currently suspecting Sneasler! For information on how to participate check out the <a href=\"https:\/\/www.smogon.com\/forums\/threads\/sv-national-dex-suspect-8-just-dance.3731534\/\">suspect thread<\/a>.<\/strong><\/div>\n|j|\u203ddjx\n|j|\u2606abigolname\n|t:|1700633340\n|gametype|singles\n|player|p1|djx|dawn-gen4pt|1386\n|player|p2|abigolname|ingo|1451\n|teamsize|p1|6\n|teamsize|p2|6\n|gen|9\n|tier|[Gen 9] National Dex\n|rated|\n|rule|HP Percentage Mod: HP is shown in percentages\n|rule|Endless Battle Clause: Forcing endless battles is banned\n|rule|OHKO Clause: OHKO moves are banned\n|rule|Evasion Clause: Evasion abilities, items, and moves are banned\n|rule|Evasion Abilities Clause: Evasion abilities are banned\n|rule|Evasion Items Clause: Evasion items are banned\n|rule|Evasion Moves Clause: Evasion moves are banned\n|rule|Species Clause: Limit one of each Pok\u00e9mon\n|rule|Sleep Clause Mod: Limit one foe put to sleep\n|clearpoke\n|poke|p1|Great Tusk|\n|poke|p1|Gyarados, M|\n|poke|p1|Iron Valiant|\n|poke|p1|Volcarona, F|\n|poke|p1|Tapu Koko|\n|poke|p1|Sneasler, F|\n|poke|p2|Gliscor, M|\n|poke|p2|Blacephalon|\n|poke|p2|Iron Valiant|\n|poke|p2|Shuckle, M|\n|poke|p2|Tentacruel, M|\n|poke|p2|Kartana|\n|teampreview\n|\n|t:|1700633344\n|start\n|switch|p1a: Great Tusk|Great Tusk|100\/100\n|switch|p2a: Shuckle|Shuckle, M|100\/100\n|-enditem|p1a: Great Tusk|Booster Energy\n|-activate|p1a: Great Tusk|ability: Protosynthesis|[fromitem]\n|-start|p1a: Great Tusk|protosynthesisatk\n|turn|1\n|\n|t:|1700633349\n|move|p1a: Great Tusk|Rapid Spin|p2a: Shuckle\n|-resisted|p2a: Shuckle\n|-damage|p2a: Shuckle|94\/100\n|-boost|p1a: Great Tusk|spe|1\n|-enditem|p2a: Shuckle|Red Card|[of] p1a: Great Tusk\n|-end|p1a: Great Tusk|Protosynthesis|[silent]\n|drag|p1a: Gyarados|Gyarados, M|100\/100\n|move|p2a: Shuckle|Sticky Web|p1a: Gyarados\n|-sidestart|p1: djx|move: Sticky Web\n|\n|upkeep\n|turn|2\n|\n|t:|1700633356\n|move|p1a: Gyarados|Waterfall|p2a: Shuckle\n|-supereffective|p2a: Shuckle\n|-damage|p2a: Shuckle|47\/100\n|move|p2a: Shuckle|Final Gambit|p1a: Gyarados\n|-damage|p1a: Gyarados|67\/100\n|faint|p2a: Shuckle\n|\n|upkeep\n|\n|t:|1700633367\n|switch|p2a: Iron Valiant|Iron Valiant|100\/100\n|-enditem|p2a: Iron Valiant|Booster Energy\n|-activate|p2a: Iron Valiant|ability: Quark Drive|[fromitem]\n|-start|p2a: Iron Valiant|quarkdrivespe\n|turn|3\n|\n|t:|1700633372\n|switch|p1a: Tapu Koko|Tapu Koko|100\/100\n|-activate|p1a: Tapu Koko|move: Sticky Web\n|-unboost|p1a: Tapu Koko|spe|1\n|-fieldstart|move: Electric Terrain|[from] ability: Electric Surge|[of] p1a: Tapu Koko\n|move|p2a: Iron Valiant|Thunderbolt|p1a: Tapu Koko\n|-resisted|p1a: Tapu Koko\n|-damage|p1a: Tapu Koko|72\/100\n|\n|upkeep\n|turn|4\n|\n|t:|1700633380\n|move|p2a: Iron Valiant|Calm Mind|p2a: Iron Valiant\n|-boost|p2a: Iron Valiant|spa|1\n|-boost|p2a: Iron Valiant|spd|1\n|move|p1a: Tapu Koko|Wild Charge|p2a: Iron Valiant\n|-damage|p2a: Iron Valiant|27\/100\n|-damage|p1a: Tapu Koko|54\/100|[from] Recoil\n|\n|upkeep\n|turn|5\n|\n|t:|1700633386\n|move|p2a: Iron Valiant|Moonblast|p1a: Tapu Koko\n|-damage|p1a: Tapu Koko|0 fnt\n|faint|p1a: Tapu Koko\n|\n|upkeep\n|\n|t:|1700633405\n|switch|p1a: Volcarona|Volcarona, F|100\/100\n|turn|6\n|\n|t:|1700633414\n|-terastallize|p2a: Iron Valiant|Electric\n|move|p2a: Iron Valiant|Thunderbolt|p1a: Volcarona\n|-crit|p1a: Volcarona\n|-damage|p1a: Volcarona|0 fnt\n|faint|p1a: Volcarona\n|\n|upkeep\n|\n|t:|1700633416\n|switch|p1a: Sneasler|Sneasler, F|100\/100\n|-activate|p1a: Sneasler|move: Sticky Web\n|-unboost|p1a: Sneasler|spe|1\n|-enditem|p1a: Sneasler|Electric Seed\n|-boost|p1a: Sneasler|def|1|[from] item: Electric Seed\n|turn|7\n|\n|t:|1700633430\n|move|p2a: Iron Valiant|Moonblast|p1a: Sneasler\n|-damage|p1a: Sneasler|16\/100\n|move|p1a: Sneasler|Low Kick|p2a: Iron Valiant\n|-damage|p2a: Iron Valiant|0 fnt\n|faint|p2a: Iron Valiant\n|-end|p2a: Iron Valiant|Quark Drive|[silent]\n|\n|upkeep\n|\n|t:|1700633451\n|switch|p2a: Gliscor|Gliscor, M|100\/100\n|turn|8\n|\n|t:|1700633457\n|move|p1a: Sneasler|Acrobatics|p2a: Gliscor\n|-damage|p2a: Gliscor|67\/100\n|move|p2a: Gliscor|Dual Wingbeat|p1a: Sneasler|[miss]\n|-miss|p2a: Gliscor|p1a: Sneasler\n|\n|-status|p2a: Gliscor|tox|[from] item: Toxic Orb\n|upkeep\n|turn|9\n|\n|t:|1700633463\n|move|p1a: Sneasler|Acrobatics|p2a: Gliscor\n|-damage|p2a: Gliscor|35\/100 tox\n|move|p2a: Gliscor|Earthquake|p1a: Sneasler\n|-supereffective|p1a: Sneasler\n|-damage|p1a: Sneasler|0 fnt\n|faint|p1a: Sneasler\n|\n|-heal|p2a: Gliscor|47\/100 tox|[from] ability: Poison Heal\n|upkeep\n|\n|t:|1700633470\n|switch|p1a: Great Tusk|Great Tusk|100\/100\n|-activate|p1a: Great Tusk|move: Sticky Web\n|-unboost|p1a: Great Tusk|spe|1\n|turn|10\n|\n|t:|1700633478\n|switch|p2a: Blacephalon|Blacephalon|100\/100\n|-item|p2a: Blacephalon|Air Balloon\n|move|p1a: Great Tusk|Rapid Spin|p2a: Blacephalon\n|-immune|p2a: Blacephalon\n|\n|-fieldend|move: Electric Terrain\n|upkeep\n|turn|11\n|\n|t:|1700633489\n|move|p2a: Blacephalon|Encore|p1a: Great Tusk\n|-start|p1a: Great Tusk|Encore\n|move|p1a: Great Tusk|Rapid Spin|p2a: Blacephalon\n|-immune|p2a: Blacephalon\n|\n|upkeep\n|turn|12\n|\n|t:|1700633500\n|move|p2a: Blacephalon|Calm Mind|p2a: Blacephalon\n|-boost|p2a: Blacephalon|spa|1\n|-boost|p2a: Blacephalon|spd|1\n|move|p1a: Great Tusk|Rapid Spin|p2a: Blacephalon\n|-immune|p2a: Blacephalon\n|\n|upkeep\n|turn|13\n|-message|djx forfeited.\n|\n|win|abigolname\n|raw|djx's rating: 1386 &rarr; <strong>1370<\/strong><br \/>(-16 for losing)\n|raw|abigolname's rating: 1451 &rarr; <strong>1467<\/strong><br \/>(+16 for winning)\n|l|\u203ddjx\n","uploadtime":1700633550,"views":0,"p1id":"djx","p2id":"abigolname","formatid":"gen9nationaldex","rating":1370,"private":0,"password":""}