{"id":"gen9nationaldex-1991897625","p1":"M7MZM","p2":"quzjenzhang\u5927\u50bb\u903c","format":"[Gen 9] National Dex","log":"|j|\u2606M7MZM\n|j|\u2606quzjenzhang\u5927\u50bb\u903c\n|t:|1700135262\n|gametype|singles\n|player|p1|M7MZM|pokekid|1107\n|player|p2|quzjenzhang\u5927\u50bb\u903c|winona|1165\n|teamsize|p1|6\n|teamsize|p2|6\n|gen|9\n|tier|[Gen 9] National Dex\n|rated|\n|rule|HP Percentage Mod: HP is shown in percentages\n|rule|Endless Battle Clause: Forcing endless battles is banned\n|rule|OHKO Clause: OHKO moves are banned\n|rule|Evasion Clause: Evasion abilities, items, and moves are banned\n|rule|Evasion Abilities Clause: Evasion abilities are banned\n|rule|Evasion Items Clause: Evasion items are banned\n|rule|Evasion Moves Clause: Evasion moves are banned\n|rule|Species Clause: Limit one of each Pok\u00e9mon\n|rule|Sleep Clause Mod: Limit one foe put to sleep\n|clearpoke\n|poke|p1|Wynaut, M|\n|poke|p1|Metagross|\n|poke|p1|Beedrill, M|\n|poke|p1|Wooper, M|\n|poke|p1|Sableye, M|\n|poke|p1|Porygon-Z|\n|poke|p2|Ribombee, F|\n|poke|p2|Breloom, M|\n|poke|p2|Banette, F|\n|poke|p2|Alomomola, F|\n|poke|p2|Tapu Lele|\n|poke|p2|Gliscor, M|\n|teampreview\n|\n|t:|1700135272\n|start\n|switch|p1a: gemmy|Sableye, M|100\/100\n|switch|p2a: Ribombee|Ribombee, F|100\/100\n|turn|1\n|\n|t:|1700135280\n|move|p1a: gemmy|Reflect|p1a: gemmy\n|-sidestart|p1: M7MZM|Reflect\n|move|p2a: Ribombee|Skill Swap|p1a: gemmy\n|-activate|p2a: Ribombee|move: Skill Swap|Prankster|Shield Dust|[of] p1a: gemmy\n|\n|upkeep\n|turn|2\n|c|\u2606M7MZM|oh no prankster riombee\n|\n|t:|1700135298\n|move|p2a: Ribombee|Moonblast|p1a: gemmy\n|-supereffective|p1a: gemmy\n|-crit|p1a: gemmy\n|-enditem|p1a: gemmy|Focus Sash\n|-damage|p1a: gemmy|1\/100\n|move|p1a: gemmy|Reflect||[still]\n|-fail|p1a: gemmy\n|\n|upkeep\n|turn|3\n|\n|t:|1700135311\n|move|p2a: Ribombee|Moonblast|p1a: gemmy\n|-supereffective|p1a: gemmy\n|-damage|p1a: gemmy|0 fnt\n|faint|p1a: gemmy\n|\n|upkeep\n|c|\u2606M7MZM|ahh\n|c|\u2606quzjenzhang\u5927\u50bb\u903c|haha\n|\n|t:|1700135331\n|switch|p1a: beee|Beedrill, M|100\/100\n|turn|4\n|\n|t:|1700135344\n|detailschange|p1a: beee|Beedrill-Mega, M\n|-mega|p1a: beee|Beedrill|Beedrillite\n|move|p1a: beee|Fell Stinger|p2a: Ribombee\n|-resisted|p2a: Ribombee\n|-damage|p2a: Ribombee|62\/100\n|move|p2a: Ribombee|Psychic|p1a: beee\n|-supereffective|p1a: beee\n|-damage|p1a: beee|24\/100\n|\n|upkeep\n|turn|5\n|c|\u2606M7MZM|wait what\n|\n|t:|1700135362\n|move|p2a: Ribombee|Sticky Web|p1a: beee\n|-sidestart|p1: M7MZM|move: Sticky Web\n|move|p1a: beee|Poison Jab|p2a: Ribombee\n|-supereffective|p2a: Ribombee\n|-damage|p2a: Ribombee|0 fnt\n|faint|p2a: Ribombee\n|\n|-sideend|p1: M7MZM|Reflect\n|upkeep\n|c|\u2606M7MZM|o=ah im so dumb\n|\n|t:|1700135390\n|switch|p2a: Gliscor|Gliscor, M|100\/100\n|turn|6\n|\n|t:|1700135406\n|move|p1a: beee|Poison Jab|p2a: Gliscor\n|-resisted|p2a: Gliscor\n|-damage|p2a: Gliscor|75\/100\n|move|p2a: Gliscor|Stealth Rock|p1a: beee\n|-sidestart|p1: M7MZM|move: Stealth Rock\n|\n|-status|p2a: Gliscor|tox|[from] item: Toxic Orb\n|upkeep\n|turn|7\n|\n|t:|1700135416\n|move|p1a: beee|X-Scissor|p2a: Gliscor\n|-resisted|p2a: Gliscor\n|-damage|p2a: Gliscor|51\/100 tox\n|move|p2a: Gliscor|Earthquake|p1a: beee\n|-damage|p1a: beee|0 fnt\n|faint|p1a: beee\n|\n|-heal|p2a: Gliscor|64\/100 tox|[from] ability: Poison Heal\n|upkeep\n|\n|t:|1700135432\n|switch|p1a: meta|Metagross|100\/100\n|-activate|p1a: meta|move: Sticky Web\n|-fail|p1a: meta|unboost|[from] ability: Clear Body|[of] p1a: meta\n|-damage|p1a: meta|94\/100|[from] Stealth Rock\n|turn|8\n|\n|t:|1700135441\n|move|p2a: Gliscor|Earthquake|p1a: meta\n|-supereffective|p1a: meta\n|-damage|p1a: meta|53\/100\n|move|p1a: meta|Cosmic Power|p1a: meta\n|-boost|p1a: meta|def|1\n|-boost|p1a: meta|spd|1\n|\n|-heal|p1a: meta|59\/100|[from] item: Leftovers\n|-heal|p2a: Gliscor|76\/100 tox|[from] ability: Poison Heal\n|upkeep\n|turn|9\n|\n|t:|1700135457\n|-terastallize|p1a: meta|Steel\n|move|p2a: Gliscor|Earthquake|p1a: meta\n|-supereffective|p1a: meta\n|-damage|p1a: meta|29\/100\n|move|p1a: meta|Cosmic Power|p1a: meta\n|-boost|p1a: meta|def|1\n|-boost|p1a: meta|spd|1\n|\n|-heal|p1a: meta|35\/100|[from] item: Leftovers\n|-heal|p2a: Gliscor|89\/100 tox|[from] ability: Poison Heal\n|upkeep\n|turn|10\n|\n|t:|1700135468\n|move|p2a: Gliscor|Earthquake|p1a: meta\n|-supereffective|p1a: meta\n|-damage|p1a: meta|10\/100\n|move|p1a: meta|Rest|p1a: meta\n|-status|p1a: meta|slp|[from] move: Rest\n|-heal|p1a: meta|100\/100 slp|[silent]\n|\n|-heal|p2a: Gliscor|100\/100 tox|[from] ability: Poison Heal\n|upkeep\n|turn|11\n|\n|t:|1700135497\n|switch|p2a: Banette|Banette, F|100\/100\n|-item|p1a: meta|Leftovers|[from] ability: Frisk|[of] p2a: Banette|[identify]\n|cant|p1a: meta|slp\n|\n|upkeep\n|turn|12\n|c|\u2606M7MZM|intresting\n|\n|t:|1700135507\n|detailschange|p2a: Banette|Banette-Mega, F\n|-mega|p2a: Banette|Banette|Banettite\n|move|p2a: Banette|Poltergeist|p1a: meta\n|-activate|p1a: meta|move: Poltergeist|Leftovers\n|-damage|p1a: meta|77\/100 slp\n|cant|p1a: meta|slp\n|\n|-heal|p1a: meta|83\/100 slp|[from] item: Leftovers\n|upkeep\n|turn|13\n|\n|t:|1700135516\n|move|p2a: Banette|Poltergeist|p1a: meta\n|-activate|p1a: meta|move: Poltergeist|Leftovers\n|-damage|p1a: meta|60\/100 slp\n|-curestatus|p1a: meta|slp|[msg]\n|move|p1a: meta|Cosmic Power|p1a: meta\n|-boost|p1a: meta|def|1\n|-boost|p1a: meta|spd|1\n|\n|-heal|p1a: meta|66\/100|[from] item: Leftovers\n|upkeep\n|turn|14\n|\n|t:|1700135526\n|move|p2a: Banette|Poltergeist|p1a: meta\n|-activate|p1a: meta|move: Poltergeist|Leftovers\n|-damage|p1a: meta|47\/100\n|move|p1a: meta|Cosmic Power|p1a: meta\n|-boost|p1a: meta|def|1\n|-boost|p1a: meta|spd|1\n|\n|-heal|p1a: meta|53\/100|[from] item: Leftovers\n|upkeep\n|turn|15\n|\n|t:|1700135541\n|switch|p2a: Breloom|Breloom, M|100\/100\n|move|p1a: meta|Cosmic Power|p1a: meta\n|-boost|p1a: meta|def|1\n|-boost|p1a: meta|spd|1\n|\n|-heal|p1a: meta|59\/100|[from] item: Leftovers\n|upkeep\n|turn|16\n|\n|t:|1700135558\n|move|p2a: Breloom|Swords Dance|p2a: Breloom\n|-boost|p2a: Breloom|atk|2\n|move|p1a: meta|Power-Up Punch|p2a: Breloom\n|-damage|p2a: Breloom|81\/100\n|-boost|p1a: meta|atk|1\n|\n|-heal|p1a: meta|65\/100|[from] item: Leftovers\n|upkeep\n|turn|17\n|\n|t:|1700135566\n|move|p2a: Breloom|Spore|p1a: meta\n|-status|p1a: meta|slp|[from] move: Spore\n|cant|p1a: meta|slp\n|\n|-heal|p1a: meta|71\/100 slp|[from] item: Leftovers\n|upkeep\n|turn|18\n|\n|t:|1700135578\n|move|p2a: Breloom|Swords Dance|p2a: Breloom\n|-boost|p2a: Breloom|atk|2\n|cant|p1a: meta|slp\n|\n|-heal|p1a: meta|77\/100 slp|[from] item: Leftovers\n|upkeep\n|turn|19\n|\n|t:|1700135585\n|move|p2a: Breloom|Swords Dance|p2a: Breloom\n|-boost|p2a: Breloom|atk|2\n|-curestatus|p1a: meta|slp|[msg]\n|move|p1a: meta|Meteor Mash|p2a: Breloom\n|-damage|p2a: Breloom|0 fnt\n|faint|p2a: Breloom\n|\n|-heal|p1a: meta|83\/100|[from] item: Leftovers\n|upkeep\n|c|\u2606M7MZM|oof\n|\n|t:|1700135596\n|switch|p2a: Banette|Banette-Mega, F|100\/100\n|turn|20\n|\n|t:|1700135612\n|move|p2a: Banette|Destiny Bond|p2a: Banette\n|-singlemove|p2a: Banette|Destiny Bond\n|move|p1a: meta|Cosmic Power|p1a: meta\n|-boost|p1a: meta|def|1\n|-boost|p1a: meta|spd|1\n|\n|-heal|p1a: meta|89\/100|[from] item: Leftovers\n|upkeep\n|turn|21\n|\n|t:|1700135623\n|move|p2a: Banette|Will-O-Wisp|p1a: meta\n|-status|p1a: meta|brn\n|move|p1a: meta|Meteor Mash|p2a: Banette\n|-damage|p2a: Banette|39\/100\n|\n|-heal|p1a: meta|95\/100 brn|[from] item: Leftovers\n|-damage|p1a: meta|89\/100 brn|[from] brn\n|upkeep\n|turn|22\n|\n|t:|1700135642\n|move|p2a: Banette|Destiny Bond|p2a: Banette\n|-singlemove|p2a: Banette|Destiny Bond\n|move|p1a: meta|Cosmic Power|p1a: meta\n|-boost|p1a: meta|def|0\n|-boost|p1a: meta|spd|0\n|\n|-heal|p1a: meta|95\/100 brn|[from] item: Leftovers\n|-damage|p1a: meta|89\/100 brn|[from] brn\n|upkeep\n|turn|23\n|c|\u2606M7MZM|nice play right?\n|\n|t:|1700135658\n|move|p2a: Banette|Encore|p1a: meta\n|-start|p1a: meta|Encore\n|move|p1a: meta|Cosmic Power|p1a: meta\n|-boost|p1a: meta|def|0\n|-boost|p1a: meta|spd|0\n|\n|-heal|p1a: meta|95\/100 brn|[from] item: Leftovers\n|-damage|p1a: meta|89\/100 brn|[from] brn\n|upkeep\n|turn|24\n|c|\u2606M7MZM|NOOO\n|\n|t:|1700135678\n|switch|p2a: Alomomola|Alomomola, F|100\/100\n|move|p1a: meta|Cosmic Power|p1a: meta\n|-boost|p1a: meta|def|0\n|-boost|p1a: meta|spd|0\n|\n|-heal|p1a: meta|95\/100 brn|[from] item: Leftovers\n|-damage|p1a: meta|89\/100 brn|[from] brn\n|upkeep\n|turn|25\n|\n|t:|1700135686\n|move|p1a: meta|Cosmic Power|p1a: meta\n|-boost|p1a: meta|def|0\n|-boost|p1a: meta|spd|0\n|move|p2a: Alomomola|Wish|p2a: Alomomola\n|\n|-heal|p1a: meta|95\/100 brn|[from] item: Leftovers\n|-damage|p1a: meta|89\/100 brn|[from] brn\n|-end|p1a: meta|Encore\n|upkeep\n|turn|26\n|\n|t:|1700135695\n|move|p1a: meta|Power-Up Punch|p2a: Alomomola\n|-damage|p2a: Alomomola|95\/100\n|-boost|p1a: meta|atk|1\n|-damage|p1a: meta|72\/100 brn|[from] item: Rocky Helmet|[of] p2a: Alomomola\n|move|p2a: Alomomola|Flip Turn|p1a: meta\n|-damage|p1a: meta|70\/100 brn\n|\n|t:|1700135704\n|switch|p2a: Banette|Banette-Mega, F|39\/100|[from] Flip Turn\n|\n|-heal|p2a: Banette|100\/100|[from] move: Wish|[wisher] Alomomola\n|-heal|p1a: meta|76\/100 brn|[from] item: Leftovers\n|-damage|p1a: meta|70\/100 brn|[from] brn\n|upkeep\n|turn|27\n|\n|t:|1700135733\n|move|p2a: Banette|Encore|p1a: meta\n|-start|p1a: meta|Encore\n|move|p1a: meta|Power-Up Punch|p2a: Banette\n|-immune|p2a: Banette\n|\n|-heal|p1a: meta|76\/100 brn|[from] item: Leftovers\n|-damage|p1a: meta|70\/100 brn|[from] brn\n|upkeep\n|turn|28\n|\n|t:|1700135744\n|move|p2a: Banette|Poltergeist|p1a: meta\n|-activate|p1a: meta|move: Poltergeist|Leftovers\n|-damage|p1a: meta|57\/100 brn\n|move|p1a: meta|Power-Up Punch|p2a: Banette\n|-immune|p2a: Banette\n|\n|-heal|p1a: meta|63\/100 brn|[from] item: Leftovers\n|-damage|p1a: meta|57\/100 brn|[from] brn\n|upkeep\n|turn|29\n|\n|t:|1700135753\n|move|p2a: Banette|Poltergeist|p1a: meta\n|-activate|p1a: meta|move: Poltergeist|Leftovers\n|-damage|p1a: meta|45\/100 brn\n|move|p1a: meta|Power-Up Punch|p2a: Banette\n|-immune|p2a: Banette\n|\n|-heal|p1a: meta|51\/100 brn|[from] item: Leftovers\n|-damage|p1a: meta|45\/100 brn|[from] brn\n|-end|p1a: meta|Encore\n|upkeep\n|turn|30\n|\n|t:|1700135766\n|move|p2a: Banette|Encore|p1a: meta\n|-start|p1a: meta|Encore\n|move|p1a: meta|Power-Up Punch|p2a: Banette\n|-immune|p2a: Banette\n|\n|-heal|p1a: meta|51\/100 brn|[from] item: Leftovers\n|-damage|p1a: meta|45\/100 brn|[from] brn\n|upkeep\n|turn|31\n|c|\u2606M7MZM|bro\n|c|\u2606quzjenzhang\u5927\u50bb\u903c|haha\n|\n|t:|1700135788\n|move|p2a: Banette|Poltergeist|p1a: meta\n|-activate|p1a: meta|move: Poltergeist|Leftovers\n|-crit|p1a: meta\n|-damage|p1a: meta|0 fnt\n|faint|p1a: meta\n|\n|upkeep\n|c|\u2606quzjenzhang\u5927\u50bb\u903c|ohoh\n|\n|t:|1700135818\n|switch|p1a: whopper|Wooper, M|100\/100\n|-activate|p1a: whopper|move: Sticky Web\n|-unboost|p1a: whopper|spe|1\n|-damage|p1a: whopper|94\/100|[from] Stealth Rock\n|turn|32\n|\n|t:|1700135828\n|move|p2a: Banette|Will-O-Wisp|p1a: whopper\n|-status|p1a: whopper|brn\n|move|p1a: whopper|Counter||[still]\n|-fail|p1a: whopper\n|\n|-damage|p1a: whopper|88\/100 brn|[from] brn\n|upkeep\n|turn|33\n|\n|t:|1700135837\n|move|p2a: Banette|Poltergeist|p1a: whopper\n|-activate|p1a: whopper|move: Poltergeist|Eviolite\n|-damage|p1a: whopper|36\/100 brn\n|move|p1a: whopper|Toxic|p2a: Banette\n|-status|p2a: Banette|tox\n|\n|-damage|p2a: Banette|95\/100 tox|[from] psn\n|-damage|p1a: whopper|30\/100 brn|[from] brn\n|upkeep\n|turn|34\n|\n|t:|1700135846\n|move|p2a: Banette|Encore|p1a: whopper\n|-start|p1a: whopper|Encore\n|move|p1a: whopper|Toxic|p2a: Banette\n|-fail|p2a: Banette|tox\n|\n|-damage|p2a: Banette|83\/100 tox|[from] psn\n|-damage|p1a: whopper|24\/100 brn|[from] brn\n|upkeep\n|turn|35\n|\n|t:|1700135854\n|move|p2a: Banette|Poltergeist|p1a: whopper\n|-activate|p1a: whopper|move: Poltergeist|Eviolite\n|-damage|p1a: whopper|0 fnt\n|faint|p1a: whopper\n|\n|-damage|p2a: Banette|65\/100 tox|[from] psn\n|upkeep\n|\n|t:|1700135866\n|switch|p1a: phone|Porygon-Z|100\/100\n|-activate|p1a: phone|move: Sticky Web\n|-unboost|p1a: phone|spe|1\n|-damage|p1a: phone|88\/100|[from] Stealth Rock\n|turn|36\n|\n|t:|1700135875\n|move|p2a: Banette|Will-O-Wisp|p1a: phone|[miss]\n|-miss|p2a: Banette|p1a: phone\n|-zpower|p1a: phone\n|move|p1a: phone|Z-Conversion|p1a: phone|[anim]Conversion\n|-boost|p1a: phone|atk|1|[zeffect]\n|-boost|p1a: phone|def|1|[zeffect]\n|-boost|p1a: phone|spa|1|[zeffect]\n|-boost|p1a: phone|spd|1|[zeffect]\n|-boost|p1a: phone|spe|1|[zeffect]\n|-start|p1a: phone|typechange|Electric\n|\n|-damage|p2a: Banette|41\/100 tox|[from] psn\n|upkeep\n|turn|37\n|c|\u2606M7MZM|attack me now huh\n|\n|t:|1700135912\n|move|p2a: Banette|Destiny Bond|p2a: Banette\n|-singlemove|p2a: Banette|Destiny Bond\n|move|p1a: phone|Conversion||[still]\n|-fail|p1a: phone\n|\n|-damage|p2a: Banette|11\/100 tox|[from] psn\n|upkeep\n|turn|38\n|\n|t:|1700135929\n|move|p2a: Banette|Encore|p1a: phone\n|-start|p1a: phone|Encore\n|move|p1a: phone|Conversion||[still]\n|-fail|p1a: phone\n|\n|-damage|p2a: Banette|0 fnt|[from] psn\n|faint|p2a: Banette\n|upkeep\n|c|\u2606M7MZM|ok cool\n|\n|t:|1700135942\n|switch|p2a: Gliscor|Gliscor, M|100\/100 tox\n|turn|39\n|c|\u2606M7MZM|oh no\n|\n|t:|1700135952\n|move|p1a: phone|Conversion||[still]\n|-fail|p1a: phone\n|move|p2a: Gliscor|Earthquake|p1a: phone\n|-supereffective|p1a: phone\n|-damage|p1a: phone|23\/100\n|\n|upkeep\n|turn|40\n|\n|t:|1700135959\n|move|p1a: phone|Conversion||[still]\n|-fail|p1a: phone\n|move|p2a: Gliscor|Earthquake|p1a: phone\n|-supereffective|p1a: phone\n|-damage|p1a: phone|0 fnt\n|faint|p1a: phone\n|\n|upkeep\n|\n|t:|1700135966\n|switch|p1a: Why not|Wynaut, M|100\/100\n|-activate|p1a: Why not|move: Sticky Web\n|-unboost|p1a: Why not|spe|1\n|-damage|p1a: Why not|88\/100|[from] Stealth Rock\n|turn|41\n|c|\u2606M7MZM|gg\n|\n|t:|1700135976\n|move|p2a: Gliscor|Earthquake|p1a: Why not\n|-damage|p1a: Why not|36\/100\n|move|p1a: Why not|Counter|p2a: Gliscor\n|-damage|p2a: Gliscor|0 fnt\n|faint|p2a: Gliscor\n|\n|upkeep\n|\n|t:|1700135984\n|switch|p2a: Alomomola|Alomomola, F|100\/100\n|turn|42\n|c|\u2606quzjenzhang\u5927\u50bb\u903c|gg\n|\n|t:|1700135999\n|move|p2a: Alomomola|Toxic|p1a: Why not\n|-status|p1a: Why not|tox\n|move|p1a: Why not|Mirror Coat||[still]\n|-fail|p1a: Why not\n|\n|-damage|p1a: Why not|29\/100 tox|[from] psn\n|upkeep\n|turn|43\n|\n|t:|1700136006\n|move|p2a: Alomomola|Flip Turn|p1a: Why not\n|-damage|p1a: Why not|3\/100 tox\n|\n|t:|1700136009\n|switch|p2a: Tapu Lele|Tapu Lele|100\/100|[from] Flip Turn\n|-fieldstart|move: Psychic Terrain|[from] ability: Psychic Surge|[of] p2a: Tapu Lele\n|move|p1a: Why not|Mirror Coat||[still]\n|-fail|p1a: Why not\n|\n|-damage|p1a: Why not|0 fnt|[from] psn\n|faint|p1a: Why not\n|\n|win|quzjenzhang\u5927\u50bb\u903c\n|upkeep\n|raw|M7MZM's rating: 1107 &rarr; <strong>1086<\/strong><br \/>(-21 for losing)\n|raw|quzjenzhang\u5927\u50bb\u903c's rating: 1165 &rarr; <strong>1186<\/strong><br \/>(+21 for winning)\n|l|\u2606M7MZM\n","uploadtime":1700136034,"views":11,"p1id":"m7mzm","p2id":"quzjenzhang","formatid":"gen9nationaldex","rating":1086,"private":0,"password":""}