{"id":"gen9nationaldex-1994298256","p1":"JuicyJK","p2":"WORMPONY","format":"[Gen 9] National Dex","log":"|j|\u2606JuicyJK\n|j|\u2606WORMPONY\n|t:|1700428421\n|gametype|singles\n|player|p1|JuicyJK|265|1097\n|player|p2|WORMPONY|lucas-gen4pt|1018\n|teamsize|p1|6\n|teamsize|p2|6\n|gen|9\n|tier|[Gen 9] National Dex\n|rated|\n|rule|HP Percentage Mod: HP is shown in percentages\n|rule|Endless Battle Clause: Forcing endless battles is banned\n|rule|OHKO Clause: OHKO moves are banned\n|rule|Evasion Clause: Evasion abilities, items, and moves are banned\n|rule|Evasion Abilities Clause: Evasion abilities are banned\n|rule|Evasion Items Clause: Evasion items are banned\n|rule|Evasion Moves Clause: Evasion moves are banned\n|rule|Species Clause: Limit one of each Pok\u00e9mon\n|rule|Sleep Clause Mod: Limit one foe put to sleep\n|clearpoke\n|poke|p1|Aggron, M|\n|poke|p1|Chansey, F|\n|poke|p1|Conkeldurr, F|\n|poke|p1|Hydreigon, F|\n|poke|p1|Chandelure, F|\n|poke|p1|Primarina, M|\n|poke|p2|Azumarill, F|\n|poke|p2|Quagsire, M|\n|poke|p2|Wobbuffet, M|\n|poke|p2|Lanturn, F|\n|poke|p2|Brionne, F|\n|poke|p2|Noivern, M|\n|teampreview\n|\n|t:|1700428432\n|start\n|switch|p1a: Chansey|Chansey, F|100\/100\n|switch|p2a: Noivern|Noivern, M|100\/100\n|turn|1\n|\n|t:|1700428440\n|move|p2a: Noivern|Hone Claws|p2a: Noivern\n|-boost|p2a: Noivern|atk|1\n|-boost|p2a: Noivern|accuracy|1\n|move|p1a: Chansey|Calm Mind|p1a: Chansey\n|-boost|p1a: Chansey|spa|1\n|-boost|p1a: Chansey|spd|1\n|\n|upkeep\n|turn|2\n|\n|t:|1700428447\n|move|p2a: Noivern|Hone Claws|p2a: Noivern\n|-boost|p2a: Noivern|atk|1\n|-boost|p2a: Noivern|accuracy|1\n|move|p1a: Chansey|Calm Mind|p1a: Chansey\n|-boost|p1a: Chansey|spa|1\n|-boost|p1a: Chansey|spd|1\n|\n|upkeep\n|turn|3\n|\n|t:|1700428457\n|move|p2a: Noivern|Outrage|p1a: Chansey\n|-damage|p1a: Chansey|64\/100\n|move|p1a: Chansey|Wish|p1a: Chansey\n|\n|upkeep\n|turn|4\n|\n|t:|1700428463\n|move|p2a: Noivern|Outrage|p1a: Chansey|[from]lockedmove\n|-damage|p1a: Chansey|26\/100\n|-start|p2a: Noivern|confusion|[fatigue]\n|move|p1a: Chansey|Calm Mind|p1a: Chansey\n|-boost|p1a: Chansey|spa|1\n|-boost|p1a: Chansey|spd|1\n|\n|-heal|p1a: Chansey|76\/100|[from] move: Wish|[wisher] Chansey\n|upkeep\n|turn|5\n|\n|t:|1700428475\n|-activate|p2a: Noivern|confusion\n|move|p2a: Noivern|Outrage|p1a: Chansey\n|-damage|p1a: Chansey|34\/100\n|move|p1a: Chansey|Ice Beam|p2a: Noivern\n|-supereffective|p2a: Noivern\n|-damage|p2a: Noivern|0 fnt\n|faint|p2a: Noivern\n|\n|upkeep\n|\n|t:|1700428484\n|switch|p2a: Lanturn|Lanturn, F|100\/100\n|turn|6\n|\n|t:|1700428488\n|move|p2a: Lanturn|Discharge|p1a: Chansey\n|-damage|p1a: Chansey|29\/100\n|move|p1a: Chansey|Wish|p1a: Chansey\n|\n|upkeep\n|turn|7\n|\n|t:|1700428496\n|move|p2a: Lanturn|Ice Beam|p1a: Chansey\n|-damage|p1a: Chansey|26\/100\n|move|p1a: Chansey|Calm Mind|p1a: Chansey\n|-boost|p1a: Chansey|spa|1\n|-boost|p1a: Chansey|spd|1\n|\n|-heal|p1a: Chansey|75\/100|[from] move: Wish|[wisher] Chansey\n|upkeep\n|turn|8\n|\n|t:|1700428508\n|switch|p2a: Wobbuffet|Wobbuffet, M|100\/100\n|move|p1a: Chansey|Wish|p1a: Chansey\n|\n|upkeep\n|turn|9\n|\n|t:|1700428514\n|move|p1a: Chansey|Calm Mind|p1a: Chansey\n|-boost|p1a: Chansey|spa|1\n|-boost|p1a: Chansey|spd|1\n|move|p2a: Wobbuffet|Destiny Bond|p2a: Wobbuffet\n|-singlemove|p2a: Wobbuffet|Destiny Bond\n|\n|-heal|p1a: Chansey|100\/100|[from] move: Wish|[wisher] Chansey\n|upkeep\n|turn|10\n|\n|t:|1700428524\n|move|p1a: Chansey|Calm Mind|p1a: Chansey\n|-boost|p1a: Chansey|spa|1\n|-boost|p1a: Chansey|spd|1\n|move|p2a: Wobbuffet|Destiny Bond||[still]\n|-fail|p2a: Wobbuffet\n|\n|upkeep\n|turn|11\n|\n|t:|1700428531\n|move|p1a: Chansey|Stored Power|p2a: Wobbuffet\n|-resisted|p2a: Wobbuffet\n|-damage|p2a: Wobbuffet|69\/100\n|move|p2a: Wobbuffet|Destiny Bond|p2a: Wobbuffet\n|-singlemove|p2a: Wobbuffet|Destiny Bond\n|\n|upkeep\n|turn|12\n|\n|t:|1700428541\n|move|p1a: Chansey|Ice Beam|p2a: Wobbuffet\n|-damage|p2a: Wobbuffet|49\/100\n|move|p2a: Wobbuffet|Mirror Coat|p1a: Chansey\n|-damage|p1a: Chansey|67\/100\n|\n|upkeep\n|turn|13\n|\n|t:|1700428550\n|move|p1a: Chansey|Wish|p1a: Chansey\n|move|p2a: Wobbuffet|Encore|p1a: Chansey\n|-start|p1a: Chansey|Encore\n|\n|upkeep\n|turn|14\n|\n|t:|1700428555\n|switch|p2a: Quagsire|Quagsire, M|100\/100\n|move|p1a: Chansey|Wish||[still]\n|-fail|p1a: Chansey\n|\n|-heal|p1a: Chansey|100\/100|[from] move: Wish|[wisher] Chansey\n|upkeep\n|turn|15\n|\n|t:|1700428569\n|move|p1a: Chansey|Wish|p1a: Chansey\n|move|p2a: Quagsire|Yawn|p1a: Chansey\n|-start|p1a: Chansey|move: Yawn|[of] p2a: Quagsire\n|\n|upkeep\n|turn|16\n|\n|t:|1700428579\n|move|p1a: Chansey|Wish||[still]\n|-fail|p1a: Chansey\n|move|p2a: Quagsire|Body Slam|p1a: Chansey\n|-damage|p1a: Chansey|86\/100\n|\n|-heal|p1a: Chansey|100\/100|[from] move: Wish|[wisher] Chansey\n|-end|p1a: Chansey|Encore\n|-end|p1a: Chansey|move: Yawn|[silent]\n|-status|p1a: Chansey|slp\n|upkeep\n|turn|17\n|\n|t:|1700428590\n|cant|p1a: Chansey|slp\n|move|p2a: Quagsire|Aqua Tail|p1a: Chansey\n|-damage|p1a: Chansey|70\/100 slp\n|\n|upkeep\n|turn|18\n|\n|t:|1700428597\n|-curestatus|p1a: Chansey|slp|[msg]\n|move|p1a: Chansey|Stored Power|p2a: Quagsire\n|-damage|p2a: Quagsire|0 fnt\n|faint|p2a: Quagsire\n|\n|upkeep\n|\n|t:|1700428609\n|switch|p2a: Poppy|Brionne, F|100\/100\n|turn|19\n|\n|t:|1700428613\n|move|p2a: Poppy|Aqua Jet|p1a: Chansey\n|-damage|p1a: Chansey|62\/100\n|move|p1a: Chansey|Stored Power|p2a: Poppy\n|-damage|p2a: Poppy|0 fnt\n|faint|p2a: Poppy\n|\n|upkeep\n|\n|t:|1700428626\n|switch|p2a: Wobbuffet|Wobbuffet, M|49\/100\n|turn|20\n|c|\u2606JuicyJK|Chansey sweep\u203c\ufe0f\u203c\ufe0f\n|\n|t:|1700428645\n|move|p1a: Chansey|Wish|p1a: Chansey\n|move|p2a: Wobbuffet|Destiny Bond|p2a: Wobbuffet\n|-singlemove|p2a: Wobbuffet|Destiny Bond\n|\n|upkeep\n|turn|21\n|\n|t:|1700428653\n|move|p1a: Chansey|Ice Beam|p2a: Wobbuffet\n|-damage|p2a: Wobbuffet|25\/100\n|move|p2a: Wobbuffet|Mirror Coat|p1a: Chansey\n|-damage|p1a: Chansey|24\/100\n|\n|-heal|p1a: Chansey|74\/100|[from] move: Wish|[wisher] Chansey\n|upkeep\n|turn|22\n|\n|t:|1700428662\n|move|p1a: Chansey|Stored Power|p2a: Wobbuffet\n|-resisted|p2a: Wobbuffet\n|-damage|p2a: Wobbuffet|0 fnt\n|faint|p2a: Wobbuffet\n|\n|upkeep\n|\n|t:|1700428669\n|switch|p2a: Marimari|Azumarill, F|100\/100\n|turn|23\n|\n|t:|1700428678\n|move|p1a: Chansey|Wish|p1a: Chansey\n|move|p2a: Marimari|Aqua Tail|p1a: Chansey\n|-damage|p1a: Chansey|36\/100\n|\n|upkeep\n|turn|24\n|\n|t:|1700428684\n|move|p1a: Chansey|Stored Power|p2a: Marimari\n|-damage|p2a: Marimari|0 fnt\n|faint|p2a: Marimari\n|\n|-heal|p1a: Chansey|86\/100|[from] move: Wish|[wisher] Chansey\n|upkeep\n|\n|t:|1700428691\n|switch|p2a: Lanturn|Lanturn, F|100\/100\n|turn|25\n|\n|t:|1700428695\n|move|p2a: Lanturn|Ice Beam|p1a: Chansey\n|-damage|p1a: Chansey|84\/100\n|move|p1a: Chansey|Stored Power|p2a: Lanturn\n|-damage|p2a: Lanturn|7\/100\n|\n|upkeep\n|turn|26\n|\n|t:|1700428703\n|move|p2a: Lanturn|Scald|p1a: Chansey\n|-damage|p1a: Chansey|81\/100\n|-status|p1a: Chansey|brn\n|move|p1a: Chansey|Ice Beam|p2a: Lanturn\n|-resisted|p2a: Lanturn\n|-damage|p2a: Lanturn|0 fnt\n|faint|p2a: Lanturn\n|\n|win|JuicyJK\n|raw|JuicyJK's rating: 1097 &rarr; <strong>1117<\/strong><br \/>(+20 for winning)\n|raw|WORMPONY's rating: 1018 &rarr; <strong>1008<\/strong><br \/>(-10 for losing)\n|c|\u2606JuicyJK|Gg\n|l|\u2606WORMPONY\n","uploadtime":1700428730,"views":5,"p1id":"juicyjk","p2id":"wormpony","formatid":"gen9nationaldex","rating":1008,"private":0,"password":""}