{"id":"gen9nationaldex-1998089773","p1":"qing1fan","p2":"mtyqjltz6","format":"[Gen 9] National Dex","log":"|html|<div class=\"broadcast-blue\"><strong>[Gen 9] National Dex is currently suspecting Sneasler! For information on how to participate check out the <a href=\"https:\/\/www.smogon.com\/forums\/threads\/sv-national-dex-suspect-8-just-dance.3731534\/\">suspect thread<\/a>.<\/strong><\/div>\n|j|\u2606qing1fan\n|j|\u2606mtyqjltz6\n|t:|1700889560\n|gametype|singles\n|player|p1|qing1fan|dawn|1446\n|player|p2|mtyqjltz6|elesa|1398\n|teamsize|p1|6\n|teamsize|p2|6\n|gen|9\n|tier|[Gen 9] National Dex\n|rated|\n|rule|HP Percentage Mod: HP is shown in percentages\n|rule|Endless Battle Clause: Forcing endless battles is banned\n|rule|OHKO Clause: OHKO moves are banned\n|rule|Evasion Clause: Evasion abilities, items, and moves are banned\n|rule|Evasion Abilities Clause: Evasion abilities are banned\n|rule|Evasion Items Clause: Evasion items are banned\n|rule|Evasion Moves Clause: Evasion moves are banned\n|rule|Species Clause: Limit one of each Pok\u00e9mon\n|rule|Sleep Clause Mod: Limit one foe put to sleep\n|clearpoke\n|poke|p1|Landorus-Therian, M|\n|poke|p1|Rillaboom, F|\n|poke|p1|Sneasler, F|\n|poke|p1|Garganacl, F|\n|poke|p1|Heatran, F|\n|poke|p1|Lopunny, F|\n|poke|p2|Raticate, M|\n|poke|p2|Rillaboom, M|\n|poke|p2|Slowking-Galar, M|\n|poke|p2|Moltres|\n|poke|p2|Aggron, M|\n|poke|p2|Thundurus-Therian, M|\n|teampreview\n|inactive|Battle timer is ON: inactive players will automatically lose when time's up. (requested by mtyqjltz6)\n|\n|t:|1700889585\n|start\n|switch|p1a: Heatran|Heatran, F|100\/100\n|switch|p2a: Aggron|Aggron, M, shiny|100\/100\n|turn|1\n|\n|t:|1700889594\n|detailschange|p2a: Aggron|Aggron-Mega, M, shiny\n|-mega|p2a: Aggron|Aggron|Aggronite\n|move|p1a: Heatran|Protect|p1a: Heatran\n|-singleturn|p1a: Heatran|Protect\n|move|p2a: Aggron|Body Press|p1a: Heatran\n|-activate|p1a: Heatran|move: Protect\n|\n|upkeep\n|turn|2\n|\n|t:|1700889605\n|-terastallize|p1a: Heatran|Grass\n|move|p1a: Heatran|Magma Storm|p2a: Aggron|[miss]\n|-miss|p1a: Heatran|p2a: Aggron\n|move|p2a: Aggron|Stealth Rock|p1a: Heatran\n|-sidestart|p1: qing1fan|move: Stealth Rock\n|\n|upkeep\n|turn|3\n|\n|t:|1700889618\n|switch|p2a: Slowking|Slowking-Galar, M, shiny|100\/100\n|move|p1a: Heatran|Magma Storm|p2a: Slowking\n|-damage|p2a: Slowking|76\/100\n|-activate|p2a: Slowking|move: Magma Storm|[of] p1a: Heatran\n|\n|-damage|p2a: Slowking|64\/100|[from] move: Magma Storm|[partiallytrapped]\n|upkeep\n|turn|4\n|\n|t:|1700889626\n|move|p1a: Heatran|Stealth Rock|p2a: Slowking\n|-sidestart|p2: mtyqjltz6|move: Stealth Rock\n|move|p2a: Slowking|Chilly Reception|p2a: Slowking\n|-weather|Snow\n|\n|t:|1700889639\n|switch|p2a: Rillaboom|Rillaboom, M|100\/100|[from] Chilly Reception\n|-damage|p2a: Rillaboom|88\/100|[from] Stealth Rock\n|-fieldstart|move: Grassy Terrain|[from] ability: Grassy Surge|[of] p2a: Rillaboom\n|\n|-weather|Snow|[upkeep]\n|-heal|p2a: Rillaboom|94\/100|[from] Grassy Terrain\n|upkeep\n|turn|5\n|\n|t:|1700889646\n|move|p1a: Heatran|Protect|p1a: Heatran\n|-singleturn|p1a: Heatran|Protect\n|move|p2a: Rillaboom|U-turn|p1a: Heatran\n|-activate|p1a: Heatran|move: Protect\n|\n|-weather|Snow|[upkeep]\n|-heal|p2a: Rillaboom|100\/100|[from] Grassy Terrain\n|upkeep\n|turn|6\n|\n|t:|1700889656\n|switch|p1a: Landorus|Landorus-Therian, M|100\/100\n|-damage|p1a: Landorus|88\/100|[from] Stealth Rock\n|-ability|p1a: Landorus|Intimidate|boost\n|-unboost|p2a: Rillaboom|atk|1\n|move|p2a: Rillaboom|U-turn|p1a: Landorus\n|-resisted|p1a: Landorus\n|-damage|p1a: Landorus|79\/100\n|-damage|p2a: Rillaboom|84\/100|[from] item: Rocky Helmet|[of] p1a: Landorus\n|\n|t:|1700889669\n|switch|p2a: Thundurus|Thundurus-Therian, M|100\/100|[from] U-turn\n|-damage|p2a: Thundurus|76\/100|[from] Stealth Rock\n|\n|-weather|Snow|[upkeep]\n|upkeep\n|turn|7\n|\n|t:|1700889679\n|move|p2a: Thundurus|Hidden Power|p1a: Landorus\n|-supereffective|p1a: Landorus\n|-crit|p1a: Landorus\n|-damage|p1a: Landorus|0 fnt\n|faint|p1a: Landorus\n|\n|-weather|Snow|[upkeep]\n|upkeep\n|\n|t:|1700889684\n|switch|p1a: Lopunny|Lopunny, F|100\/100\n|-damage|p1a: Lopunny|88\/100|[from] Stealth Rock\n|turn|8\n|\n|t:|1700889707\n|switch|p2a: Moltres|Moltres|100\/100\n|detailschange|p1a: Lopunny|Lopunny-Mega, F\n|-mega|p1a: Lopunny|Lopunny|Lopunnite\n|move|p1a: Lopunny|Fake Out|p2a: Moltres\n|-damage|p2a: Moltres|86\/100\n|\n|-weather|none\n|-heal|p1a: Lopunny|94\/100|[from] Grassy Terrain\n|-fieldend|move: Grassy Terrain\n|upkeep\n|turn|9\n|\n|t:|1700889717\n|switch|p1a: Garganacl|Garganacl, F|100\/100\n|-damage|p1a: Garganacl|88\/100|[from] Stealth Rock\n|move|p2a: Moltres|Defog|p1a: Garganacl\n|-unboost|p1a: Garganacl|evasion|1\n|-sideend|p1: qing1fan|Stealth Rock|[from] move: Defog|[of] p2a: Moltres\n|-sideend|p2: mtyqjltz6|Stealth Rock|[from] move: Defog|[of] p2a: Moltres\n|\n|-heal|p1a: Garganacl|94\/100|[from] item: Leftovers\n|upkeep\n|turn|10\n|\n|t:|1700889722\n|move|p2a: Moltres|U-turn|p1a: Garganacl\n|-damage|p1a: Garganacl|85\/100\n|\n|t:|1700889733\n|switch|p2a: Slowking|Slowking-Galar, M, shiny|97\/100|[from] U-turn\n|move|p1a: Garganacl|Salt Cure|p2a: Slowking\n|-damage|p2a: Slowking|82\/100\n|-start|p2a: Slowking|Salt Cure\n|\n|-heal|p1a: Garganacl|91\/100|[from] item: Leftovers\n|-damage|p2a: Slowking|69\/100|[from] Salt Cure\n|upkeep\n|turn|11\n|\n|t:|1700889740\n|move|p1a: Garganacl|Iron Defense|p1a: Garganacl\n|-boost|p1a: Garganacl|def|2\n|move|p2a: Slowking|Chilly Reception|p2a: Slowking\n|-weather|Snow\n|\n|t:|1700889743\n|switch|p2a: Rillaboom|Rillaboom, M|84\/100|[from] Chilly Reception\n|-fieldstart|move: Grassy Terrain|[from] ability: Grassy Surge|[of] p2a: Rillaboom\n|\n|-weather|Snow|[upkeep]\n|-heal|p2a: Rillaboom|90\/100|[from] Grassy Terrain\n|-heal|p1a: Garganacl|98\/100|[from] Grassy Terrain\n|-heal|p1a: Garganacl|100\/100|[from] item: Leftovers\n|upkeep\n|turn|12\n|\n|t:|1700889751\n|-terastallize|p2a: Rillaboom|Grass\n|move|p2a: Rillaboom|Wood Hammer|p1a: Garganacl\n|-supereffective|p1a: Garganacl\n|-damage|p1a: Garganacl|0 fnt\n|faint|p1a: Garganacl\n|-damage|p2a: Rillaboom|51\/100|[from] Recoil\n|\n|-weather|Snow|[upkeep]\n|-heal|p2a: Rillaboom|57\/100|[from] Grassy Terrain\n|upkeep\n|\n|t:|1700889758\n|switch|p1a: Heatran|Heatran, F, tera:Grass|100\/100\n|turn|13\n|\n|t:|1700889763\n|switch|p2a: Slowking|Slowking-Galar, M, shiny|100\/100\n|move|p1a: Heatran|Magma Storm|p2a: Slowking\n|-damage|p2a: Slowking|77\/100\n|-activate|p2a: Slowking|move: Magma Storm|[of] p1a: Heatran\n|\n|-weather|Snow|[upkeep]\n|-heal|p2a: Slowking|83\/100|[from] Grassy Terrain\n|-damage|p2a: Slowking|70\/100|[from] move: Magma Storm|[partiallytrapped]\n|upkeep\n|turn|14\n|\n|t:|1700889770\n|move|p1a: Heatran|Stealth Rock|p2a: Slowking\n|-sidestart|p2: mtyqjltz6|move: Stealth Rock\n|move|p2a: Slowking|Chilly Reception|p2a: Slowking\n|inactive|mtyqjltz6 has 120 seconds left.\n|\n|t:|1700889810\n|switch|p2a: Moltres|Moltres|86\/100|[from] Chilly Reception\n|\n|-weather|Snow|[upkeep]\n|upkeep\n|turn|15\n|inactive|qing1fan has 120 seconds left.\n|\n|t:|1700889852\n|move|p1a: Heatran|Protect|p1a: Heatran\n|-singleturn|p1a: Heatran|Protect\n|move|p2a: Moltres|Defog|p1a: Heatran\n|-activate|p1a: Heatran|move: Protect\n|\n|-weather|none\n|-fieldend|move: Grassy Terrain\n|upkeep\n|turn|16\n|\n|t:|1700889859\n|move|p2a: Moltres|U-turn|p1a: Heatran\n|-supereffective|p1a: Heatran\n|-damage|p1a: Heatran|76\/100\n|\n|t:|1700889862\n|switch|p2a: Slowking|Slowking-Galar, M, shiny|100\/100|[from] U-turn\n|move|p1a: Heatran|Magma Storm|p2a: Slowking\n|-damage|p2a: Slowking|74\/100\n|-activate|p2a: Slowking|move: Magma Storm|[of] p1a: Heatran\n|\n|-heal|p1a: Heatran|82\/100|[from] item: Leftovers\n|-damage|p2a: Slowking|61\/100|[from] move: Magma Storm|[partiallytrapped]\n|upkeep\n|turn|17\n|inactive|qing1fan has 120 seconds left.\n|\n|t:|1700889872\n|move|p1a: Heatran|Earth Power|p2a: Slowking\n|-supereffective|p2a: Slowking\n|-damage|p2a: Slowking|32\/100\n|move|p2a: Slowking|Sludge Bomb|p1a: Heatran\n|-supereffective|p1a: Heatran\n|-damage|p1a: Heatran|37\/100\n|-status|p1a: Heatran|psn\n|\n|-heal|p1a: Heatran|44\/100 psn|[from] item: Leftovers\n|-damage|p1a: Heatran|31\/100 psn|[from] psn\n|-damage|p2a: Slowking|20\/100|[from] move: Magma Storm|[partiallytrapped]\n|upkeep\n|turn|18\n|\n|t:|1700889886\n|move|p1a: Heatran|Earth Power|p2a: Slowking\n|-supereffective|p2a: Slowking\n|-damage|p2a: Slowking|0 fnt\n|faint|p2a: Slowking\n|\n|-heal|p1a: Heatran|37\/100 psn|[from] item: Leftovers\n|-damage|p1a: Heatran|25\/100 psn|[from] psn\n|upkeep\n|\n|t:|1700889911\n|switch|p2a: Rillaboom|Rillaboom, M, tera:Grass|57\/100\n|-damage|p2a: Rillaboom|45\/100|[from] Stealth Rock\n|-fieldstart|move: Grassy Terrain|[from] ability: Grassy Surge|[of] p2a: Rillaboom\n|turn|19\n|\n|t:|1700889918\n|move|p1a: Heatran|Protect|p1a: Heatran\n|-singleturn|p1a: Heatran|Protect\n|move|p2a: Rillaboom|U-turn|p1a: Heatran\n|-activate|p1a: Heatran|move: Protect\n|\n|-heal|p2a: Rillaboom|51\/100|[from] Grassy Terrain\n|-heal|p1a: Heatran|31\/100 psn|[from] Grassy Terrain\n|-heal|p1a: Heatran|37\/100 psn|[from] item: Leftovers\n|-damage|p1a: Heatran|25\/100 psn|[from] psn\n|upkeep\n|turn|20\n|inactive|qing1fan has 120 seconds left.\n|\n|t:|1700889946\n|move|p2a: Rillaboom|U-turn|p1a: Heatran\n|-supereffective|p1a: Heatran\n|-damage|p1a: Heatran|0 fnt\n|faint|p1a: Heatran\n|\n|t:|1700889949\n|switch|p2a: Moltres|Moltres|86\/100|[from] U-turn\n|\n|upkeep\n|\n|t:|1700889956\n|switch|p1a: Lopunny|Lopunny-Mega, F|94\/100\n|turn|21\n|\n|t:|1700889962\n|move|p1a: Lopunny|Fake Out|p2a: Moltres\n|-damage|p2a: Moltres|71\/100\n|cant|p2a: Moltres|flinch\n|\n|-heal|p1a: Lopunny|99\/100|[from] Grassy Terrain\n|upkeep\n|turn|22\n|\n|t:|1700889967\n|move|p1a: Lopunny|Frustration|p2a: Moltres\n|-damage|p2a: Moltres|33\/100\n|move|p2a: Moltres|Roost|p2a: Moltres\n|-heal|p2a: Moltres|83\/100\n|-singleturn|p2a: Moltres|move: Roost\n|\n|-heal|p1a: Lopunny|100\/100|[from] Grassy Terrain\n|-heal|p2a: Moltres|90\/100|[from] Grassy Terrain\n|upkeep\n|turn|23\n|\n|t:|1700889971\n|move|p1a: Lopunny|Frustration|p2a: Moltres\n|-crit|p2a: Moltres\n|-damage|p2a: Moltres|31\/100\n|-status|p1a: Lopunny|brn|[from] ability: Flame Body|[of] p2a: Moltres\n|move|p2a: Moltres|Defog|p1a: Lopunny\n|-unboost|p1a: Lopunny|evasion|1\n|-sideend|p2: mtyqjltz6|Stealth Rock|[from] move: Defog|[of] p2a: Moltres\n|-fieldend|move: Grassy Terrain\n|\n|-damage|p1a: Lopunny|95\/100 brn|[from] brn\n|upkeep\n|turn|24\n|\n|t:|1700889976\n|move|p1a: Lopunny|Frustration|p2a: Moltres\n|-damage|p2a: Moltres|11\/100\n|move|p2a: Moltres|Roost|p2a: Moltres\n|-heal|p2a: Moltres|61\/100\n|-singleturn|p2a: Moltres|move: Roost\n|\n|-damage|p1a: Lopunny|89\/100 brn|[from] brn\n|upkeep\n|turn|25\n|\n|t:|1700889980\n|move|p1a: Lopunny|U-turn|p2a: Moltres\n|-resisted|p2a: Moltres\n|-damage|p2a: Moltres|59\/100\n|\n|t:|1700889982\n|switch|p1a: Rillaboom|Rillaboom, F|100\/100|[from] U-turn\n|-fieldstart|move: Grassy Terrain|[from] ability: Grassy Surge|[of] p1a: Rillaboom\n|move|p2a: Moltres|Roost|p2a: Moltres\n|-heal|p2a: Moltres|100\/100\n|-singleturn|p2a: Moltres|move: Roost\n|\n|upkeep\n|turn|26\n|\n|t:|1700889986\n|move|p1a: Rillaboom|Knock Off|p2a: Moltres\n|-damage|p2a: Moltres|68\/100\n|-status|p1a: Rillaboom|brn|[from] ability: Flame Body|[of] p2a: Moltres\n|-enditem|p2a: Moltres|Heavy-Duty Boots|[from] move: Knock Off|[of] p1a: Rillaboom\n|move|p2a: Moltres|Flamethrower|p1a: Rillaboom\n|-supereffective|p1a: Rillaboom\n|-damage|p1a: Rillaboom|0 fnt\n|faint|p1a: Rillaboom\n|\n|upkeep\n|\n|t:|1700889990\n|switch|p1a: Sneasler|Sneasler, F|100\/100\n|-enditem|p1a: Sneasler|Grassy Seed\n|-boost|p1a: Sneasler|def|1|[from] item: Grassy Seed\n|turn|27\n|\n|t:|1700889995\n|move|p1a: Sneasler|Swords Dance|p1a: Sneasler\n|-boost|p1a: Sneasler|atk|2\n|move|p2a: Moltres|Flamethrower|p1a: Sneasler\n|-damage|p1a: Sneasler|53\/100\n|-status|p1a: Sneasler|brn\n|\n|-heal|p1a: Sneasler|59\/100 brn|[from] Grassy Terrain\n|-damage|p1a: Sneasler|53\/100 brn|[from] brn\n|upkeep\n|turn|28\n|\n|t:|1700889999\n|move|p1a: Sneasler|Dire Claw|p2a: Moltres\n|-damage|p2a: Moltres|38\/100\n|-status|p2a: Moltres|slp\n|cant|p2a: Moltres|slp\n|\n|-heal|p1a: Sneasler|59\/100 brn|[from] Grassy Terrain\n|-damage|p1a: Sneasler|53\/100 brn|[from] brn\n|upkeep\n|turn|29\n|-message|qing1fan forfeited.\n|\n|win|mtyqjltz6\n|raw|qing1fan's rating: 1446 &rarr; <strong>1423<\/strong><br \/>(-23 for losing)\n|raw|mtyqjltz6's rating: 1398 &rarr; <strong>1421<\/strong><br \/>(+23 for winning)\n|l|\u2606qing1fan\n","uploadtime":1700890014,"views":4,"p1id":"qing1fan","p2id":"mtyqjltz6","formatid":"gen9nationaldex","rating":1421,"private":0,"password":""}