{"id":"gen9nationaldex-1990428239","p1":"clayanto","p2":"SirNekoLeo","format":"[Gen 9] National Dex","log":"|j|\u2606clayanto\n|j|\u2606SirNekoLeo\n|t:|1699969981\n|gametype|singles\n|player|p1|clayanto|265|1233\n|player|p2|SirNekoLeo|flint|1128\n|teamsize|p1|6\n|teamsize|p2|6\n|gen|9\n|tier|[Gen 9] National Dex\n|rated|\n|rule|HP Percentage Mod: HP is shown in percentages\n|rule|Endless Battle Clause: Forcing endless battles is banned\n|rule|OHKO Clause: OHKO moves are banned\n|rule|Evasion Clause: Evasion abilities, items, and moves are banned\n|rule|Evasion Abilities Clause: Evasion abilities are banned\n|rule|Evasion Items Clause: Evasion items are banned\n|rule|Evasion Moves Clause: Evasion moves are banned\n|rule|Species Clause: Limit one of each Pok\u00e9mon\n|rule|Sleep Clause Mod: Limit one foe put to sleep\n|clearpoke\n|poke|p1|Mantine, M|\n|poke|p1|Clodsire, M|\n|poke|p1|Gliscor, M|\n|poke|p1|Garganacl, M|\n|poke|p1|Corviknight, F|\n|poke|p1|Scizor, M|\n|poke|p2|Marowak-Alola, M|\n|poke|p2|Tapu Lele|\n|poke|p2|Gogoat, M|\n|poke|p2|Bellossom, M|\n|poke|p2|Gyarados, M|\n|poke|p2|Iron Valiant|\n|teampreview\n|inactive|Battle timer is ON: inactive players will automatically lose when time's up. (requested by clayanto)\n|inactive|SirNekoLeo also wants the timer to be on.\n|\n|t:|1699969991\n|start\n|switch|p1a: \u96c4\u4f1f\u7259\u514b\u661f|Gliscor, M, shiny|100\/100\n|switch|p2a: Sans|Marowak-Alola, M|100\/100\n|turn|1\n|\n|t:|1699969996\n|move|p1a: \u96c4\u4f1f\u7259\u514b\u661f|Toxic Spikes|p2a: Sans\n|-sidestart|p2: SirNekoLeo|move: Toxic Spikes\n|move|p2a: Sans|Flare Blitz|p1a: \u96c4\u4f1f\u7259\u514b\u661f\n|-damage|p1a: \u96c4\u4f1f\u7259\u514b\u661f|23\/100\n|\n|-status|p1a: \u96c4\u4f1f\u7259\u514b\u661f|tox|[from] item: Toxic Orb\n|upkeep\n|turn|2\n|\n|t:|1699970000\n|move|p1a: \u96c4\u4f1f\u7259\u514b\u661f|Toxic Spikes|p2a: Sans\n|-sidestart|p2: SirNekoLeo|move: Toxic Spikes\n|move|p2a: Sans|Flare Blitz|p1a: \u96c4\u4f1f\u7259\u514b\u661f\n|-damage|p1a: \u96c4\u4f1f\u7259\u514b\u661f|0 fnt\n|faint|p1a: \u96c4\u4f1f\u7259\u514b\u661f\n|\n|upkeep\n|\n|t:|1699970010\n|switch|p1a: \u5de8\u6cbc\u602a\u514b\u661f|Mantine, M|100\/100\n|turn|3\n|\n|t:|1699970017\n|-terastallize|p2a: Sans|Electric\n|move|p1a: \u5de8\u6cbc\u602a\u514b\u661f|Whirlpool|p2a: Sans|[miss]\n|-miss|p1a: \u5de8\u6cbc\u602a\u514b\u661f|p2a: Sans\n|move|p2a: Sans|Thunder Punch|p1a: \u5de8\u6cbc\u602a\u514b\u661f\n|-supereffective|p1a: \u5de8\u6cbc\u602a\u514b\u661f\n|-damage|p1a: \u5de8\u6cbc\u602a\u514b\u661f|0 fnt\n|faint|p1a: \u5de8\u6cbc\u602a\u514b\u661f\n|\n|upkeep\n|\n|t:|1699970025\n|switch|p1a: \u5927\u5634\u9e25\u514b\u661f|Clodsire, M|100\/100\n|turn|4\n|\n|t:|1699970029\n|move|p2a: Sans|Flare Blitz|p1a: \u5927\u5634\u9e25\u514b\u661f\n|-damage|p1a: \u5927\u5634\u9e25\u514b\u661f|0 fnt\n|faint|p1a: \u5927\u5634\u9e25\u514b\u661f\n|\n|upkeep\n|\n|t:|1699970035\n|switch|p1a: \u51b0\u4e5d\u5c3e\u514b\u661f|Scizor, M|100\/100\n|turn|5\n|\n|t:|1699970041\n|detailschange|p1a: \u51b0\u4e5d\u5c3e\u514b\u661f|Scizor-Mega, M\n|-mega|p1a: \u51b0\u4e5d\u5c3e\u514b\u661f|Scizor|Scizorite\n|move|p1a: \u51b0\u4e5d\u5c3e\u514b\u661f|Close Combat|p2a: Sans\n|-damage|p2a: Sans|49\/100\n|-unboost|p1a: \u51b0\u4e5d\u5c3e\u514b\u661f|def|1\n|-unboost|p1a: \u51b0\u4e5d\u5c3e\u514b\u661f|spd|1\n|move|p2a: Sans|Flare Blitz|p1a: \u51b0\u4e5d\u5c3e\u514b\u661f\n|-supereffective|p1a: \u51b0\u4e5d\u5c3e\u514b\u661f\n|-damage|p1a: \u51b0\u4e5d\u5c3e\u514b\u661f|0 fnt\n|faint|p1a: \u51b0\u4e5d\u5c3e\u514b\u661f\n|\n|upkeep\n|\n|t:|1699970048\n|switch|p1a: \u5de8\u953b\u5320\u514b\u661f|Corviknight, F, shiny|100\/100\n|-ability|p1a: \u5de8\u953b\u5320\u514b\u661f|Pressure\n|turn|6\n|\n|t:|1699970052\n|move|p1a: \u5de8\u953b\u5320\u514b\u661f|Iron Defense|p1a: \u5de8\u953b\u5320\u514b\u661f\n|-boost|p1a: \u5de8\u953b\u5320\u514b\u661f|def|2\n|move|p2a: Sans|Flare Blitz|p1a: \u5de8\u953b\u5320\u514b\u661f\n|-supereffective|p1a: \u5de8\u953b\u5320\u514b\u661f\n|-damage|p1a: \u5de8\u953b\u5320\u514b\u661f|37\/100\n|-damage|p2a: Sans|33\/100|[from] item: Rocky Helmet|[of] p1a: \u5de8\u953b\u5320\u514b\u661f\n|\n|upkeep\n|turn|7\n|\n|t:|1699970057\n|move|p1a: \u5de8\u953b\u5320\u514b\u661f|Roost|p1a: \u5de8\u953b\u5320\u514b\u661f\n|-heal|p1a: \u5de8\u953b\u5320\u514b\u661f|87\/100\n|-singleturn|p1a: \u5de8\u953b\u5320\u514b\u661f|move: Roost\n|move|p2a: Sans|Flare Blitz|p1a: \u5de8\u953b\u5320\u514b\u661f\n|-supereffective|p1a: \u5de8\u953b\u5320\u514b\u661f\n|-damage|p1a: \u5de8\u953b\u5320\u514b\u661f|30\/100\n|-status|p1a: \u5de8\u953b\u5320\u514b\u661f|brn\n|-damage|p2a: Sans|16\/100|[from] item: Rocky Helmet|[of] p1a: \u5de8\u953b\u5320\u514b\u661f\n|\n|-damage|p1a: \u5de8\u953b\u5320\u514b\u661f|24\/100 brn|[from] brn\n|upkeep\n|turn|8\n|\n|t:|1699970062\n|move|p1a: \u5de8\u953b\u5320\u514b\u661f|Roost|p1a: \u5de8\u953b\u5320\u514b\u661f\n|-heal|p1a: \u5de8\u953b\u5320\u514b\u661f|74\/100 brn\n|-singleturn|p1a: \u5de8\u953b\u5320\u514b\u661f|move: Roost\n|move|p2a: Sans|Flare Blitz|p1a: \u5de8\u953b\u5320\u514b\u661f\n|-supereffective|p1a: \u5de8\u953b\u5320\u514b\u661f\n|-damage|p1a: \u5de8\u953b\u5320\u514b\u661f|19\/100 brn\n|-damage|p2a: Sans|0 fnt|[from] item: Rocky Helmet|[of] p1a: \u5de8\u953b\u5320\u514b\u661f\n|faint|p2a: Sans\n|\n|-damage|p1a: \u5de8\u953b\u5320\u514b\u661f|13\/100 brn|[from] brn\n|upkeep\n|\n|t:|1699970066\n|switch|p2a: The Undying|Gyarados, M|100\/100\n|-ability|p2a: The Undying|Intimidate|boost\n|-unboost|p1a: \u5de8\u953b\u5320\u514b\u661f|atk|1\n|turn|9\n|\n|t:|1699970073\n|detailschange|p2a: The Undying|Gyarados-Mega, M\n|-mega|p2a: The Undying|Gyarados|Gyaradosite\n|-ability|p2a: The Undying|Mold Breaker\n|move|p2a: The Undying|Dragon Dance|p2a: The Undying\n|-boost|p2a: The Undying|atk|1\n|-boost|p2a: The Undying|spe|1\n|move|p1a: \u5de8\u953b\u5320\u514b\u661f|Roost|p1a: \u5de8\u953b\u5320\u514b\u661f\n|-heal|p1a: \u5de8\u953b\u5320\u514b\u661f|63\/100 brn\n|-singleturn|p1a: \u5de8\u953b\u5320\u514b\u661f|move: Roost\n|\n|-damage|p1a: \u5de8\u953b\u5320\u514b\u661f|57\/100 brn|[from] brn\n|upkeep\n|turn|10\n|\n|t:|1699970078\n|move|p2a: The Undying|Waterfall|p1a: \u5de8\u953b\u5320\u514b\u661f\n|-damage|p1a: \u5de8\u953b\u5320\u514b\u661f|35\/100 brn\n|-damage|p2a: The Undying|84\/100|[from] item: Rocky Helmet|[of] p1a: \u5de8\u953b\u5320\u514b\u661f\n|move|p1a: \u5de8\u953b\u5320\u514b\u661f|Iron Defense|p1a: \u5de8\u953b\u5320\u514b\u661f\n|-boost|p1a: \u5de8\u953b\u5320\u514b\u661f|def|2\n|\n|-damage|p1a: \u5de8\u953b\u5320\u514b\u661f|29\/100 brn|[from] brn\n|upkeep\n|turn|11\n|\n|t:|1699970081\n|move|p2a: The Undying|Dragon Dance|p2a: The Undying\n|-boost|p2a: The Undying|atk|1\n|-boost|p2a: The Undying|spe|1\n|move|p1a: \u5de8\u953b\u5320\u514b\u661f|Roost|p1a: \u5de8\u953b\u5320\u514b\u661f\n|-heal|p1a: \u5de8\u953b\u5320\u514b\u661f|79\/100 brn\n|-singleturn|p1a: \u5de8\u953b\u5320\u514b\u661f|move: Roost\n|\n|-damage|p1a: \u5de8\u953b\u5320\u514b\u661f|73\/100 brn|[from] brn\n|upkeep\n|turn|12\n|\n|t:|1699970085\n|move|p2a: The Undying|Dragon Dance|p2a: The Undying\n|-boost|p2a: The Undying|atk|1\n|-boost|p2a: The Undying|spe|1\n|move|p1a: \u5de8\u953b\u5320\u514b\u661f|Iron Defense|p1a: \u5de8\u953b\u5320\u514b\u661f\n|-boost|p1a: \u5de8\u953b\u5320\u514b\u661f|def|2\n|\n|-damage|p1a: \u5de8\u953b\u5320\u514b\u661f|67\/100 brn|[from] brn\n|upkeep\n|turn|13\n|\n|t:|1699970089\n|move|p2a: The Undying|Dragon Dance|p2a: The Undying\n|-boost|p2a: The Undying|atk|1\n|-boost|p2a: The Undying|spe|1\n|move|p1a: \u5de8\u953b\u5320\u514b\u661f|Roost|p1a: \u5de8\u953b\u5320\u514b\u661f\n|-heal|p1a: \u5de8\u953b\u5320\u514b\u661f|100\/100 brn\n|-singleturn|p1a: \u5de8\u953b\u5320\u514b\u661f|move: Roost\n|\n|-damage|p1a: \u5de8\u953b\u5320\u514b\u661f|94\/100 brn|[from] brn\n|upkeep\n|turn|14\n|\n|t:|1699970091\n|move|p2a: The Undying|Dragon Dance|p2a: The Undying\n|-boost|p2a: The Undying|atk|1\n|-boost|p2a: The Undying|spe|1\n|move|p1a: \u5de8\u953b\u5320\u514b\u661f|Body Press|p2a: The Undying\n|-supereffective|p2a: The Undying\n|-damage|p2a: The Undying|0 fnt\n|faint|p2a: The Undying\n|\n|-damage|p1a: \u5de8\u953b\u5320\u514b\u661f|88\/100 brn|[from] brn\n|upkeep\n|\n|t:|1699970097\n|switch|p2a: Chara|Tapu Lele|100\/100\n|-status|p2a: Chara|tox\n|-fieldstart|move: Psychic Terrain|[from] ability: Psychic Surge|[of] p2a: Chara\n|turn|15\n|\n|t:|1699970101\n|move|p2a: Chara|Psychic|p1a: \u5de8\u953b\u5320\u514b\u661f\n|-resisted|p1a: \u5de8\u953b\u5320\u514b\u661f\n|-damage|p1a: \u5de8\u953b\u5320\u514b\u661f|60\/100 brn\n|move|p1a: \u5de8\u953b\u5320\u514b\u661f|Power Trip|p2a: Chara\n|-damage|p2a: Chara|86\/100 tox\n|\n|-damage|p2a: Chara|80\/100 tox|[from] psn\n|-damage|p1a: \u5de8\u953b\u5320\u514b\u661f|54\/100 brn|[from] brn\n|upkeep\n|turn|16\n|\n|t:|1699970106\n|move|p2a: Chara|Psychic|p1a: \u5de8\u953b\u5320\u514b\u661f\n|-resisted|p1a: \u5de8\u953b\u5320\u514b\u661f\n|-damage|p1a: \u5de8\u953b\u5320\u514b\u661f|26\/100 brn\n|move|p1a: \u5de8\u953b\u5320\u514b\u661f|Roost|p1a: \u5de8\u953b\u5320\u514b\u661f\n|-heal|p1a: \u5de8\u953b\u5320\u514b\u661f|76\/100 brn\n|-singleturn|p1a: \u5de8\u953b\u5320\u514b\u661f|move: Roost\n|\n|-damage|p2a: Chara|68\/100 tox|[from] psn\n|-damage|p1a: \u5de8\u953b\u5320\u514b\u661f|70\/100 brn|[from] brn\n|upkeep\n|turn|17\n|\n|t:|1699970109\n|move|p2a: Chara|Psychic|p1a: \u5de8\u953b\u5320\u514b\u661f\n|-resisted|p1a: \u5de8\u953b\u5320\u514b\u661f\n|-damage|p1a: \u5de8\u953b\u5320\u514b\u661f|41\/100 brn\n|move|p1a: \u5de8\u953b\u5320\u514b\u661f|Power Trip|p2a: Chara\n|-damage|p2a: Chara|54\/100 tox\n|\n|-damage|p2a: Chara|36\/100 tox|[from] psn\n|-damage|p1a: \u5de8\u953b\u5320\u514b\u661f|35\/100 brn|[from] brn\n|upkeep\n|turn|18\n|\n|t:|1699970112\n|move|p2a: Chara|Psychic|p1a: \u5de8\u953b\u5320\u514b\u661f\n|-resisted|p1a: \u5de8\u953b\u5320\u514b\u661f\n|-damage|p1a: \u5de8\u953b\u5320\u514b\u661f|3\/100 brn\n|move|p1a: \u5de8\u953b\u5320\u514b\u661f|Roost|p1a: \u5de8\u953b\u5320\u514b\u661f\n|-heal|p1a: \u5de8\u953b\u5320\u514b\u661f|53\/100 brn\n|-singleturn|p1a: \u5de8\u953b\u5320\u514b\u661f|move: Roost\n|\n|-damage|p2a: Chara|12\/100 tox|[from] psn\n|-damage|p1a: \u5de8\u953b\u5320\u514b\u661f|47\/100 brn|[from] brn\n|upkeep\n|turn|19\n|\n|t:|1699970117\n|move|p2a: Chara|Psychic|p1a: \u5de8\u953b\u5320\u514b\u661f\n|-resisted|p1a: \u5de8\u953b\u5320\u514b\u661f\n|-damage|p1a: \u5de8\u953b\u5320\u514b\u661f|17\/100 brn\n|move|p1a: \u5de8\u953b\u5320\u514b\u661f|Roost|p1a: \u5de8\u953b\u5320\u514b\u661f\n|-heal|p1a: \u5de8\u953b\u5320\u514b\u661f|67\/100 brn\n|-singleturn|p1a: \u5de8\u953b\u5320\u514b\u661f|move: Roost\n|\n|-damage|p2a: Chara|0 fnt|[from] psn\n|faint|p2a: Chara\n|-damage|p1a: \u5de8\u953b\u5320\u514b\u661f|61\/100 brn|[from] brn\n|-fieldend|move: Psychic Terrain\n|upkeep\n|\n|t:|1699970124\n|switch|p2a: Flowey|Bellossom, M|100\/100\n|-status|p2a: Flowey|tox\n|turn|20\n|\n|t:|1699970127\n|move|p1a: \u5de8\u953b\u5320\u514b\u661f|Body Press|p2a: Flowey\n|-damage|p2a: Flowey|44\/100 tox\n|move|p2a: Flowey|Leech Seed|p1a: \u5de8\u953b\u5320\u514b\u661f|[miss]\n|-miss|p2a: Flowey|p1a: \u5de8\u953b\u5320\u514b\u661f\n|\n|-heal|p2a: Flowey|50\/100 tox|[from] item: Leftovers\n|-damage|p2a: Flowey|44\/100 tox|[from] psn\n|-damage|p1a: \u5de8\u953b\u5320\u514b\u661f|55\/100 brn|[from] brn\n|upkeep\n|turn|21\n|\n|t:|1699970132\n|move|p1a: \u5de8\u953b\u5320\u514b\u661f|Body Press|p2a: Flowey\n|-damage|p2a: Flowey|0 fnt\n|faint|p2a: Flowey\n|\n|-damage|p1a: \u5de8\u953b\u5320\u514b\u661f|49\/100 brn|[from] brn\n|upkeep\n|\n|t:|1699970134\n|switch|p2a: Mettaton EX|Iron Valiant|100\/100\n|-status|p2a: Mettaton EX|tox\n|-enditem|p2a: Mettaton EX|Booster Energy\n|-activate|p2a: Mettaton EX|ability: Quark Drive|[fromitem]\n|-start|p2a: Mettaton EX|quarkdrivespe\n|turn|22\n|\n|t:|1699970141\n|move|p2a: Mettaton EX|Spirit Break|p1a: \u5de8\u953b\u5320\u514b\u661f\n|-resisted|p1a: \u5de8\u953b\u5320\u514b\u661f\n|-damage|p1a: \u5de8\u953b\u5320\u514b\u661f|45\/100 brn\n|-unboost|p1a: \u5de8\u953b\u5320\u514b\u661f|spa|1\n|-damage|p2a: Mettaton EX|84\/100 tox|[from] item: Rocky Helmet|[of] p1a: \u5de8\u953b\u5320\u514b\u661f\n|move|p1a: \u5de8\u953b\u5320\u514b\u661f|Body Press|p2a: Mettaton EX\n|-resisted|p2a: Mettaton EX\n|-damage|p2a: Mettaton EX|52\/100 tox\n|\n|-damage|p2a: Mettaton EX|46\/100 tox|[from] psn\n|-damage|p1a: \u5de8\u953b\u5320\u514b\u661f|39\/100 brn|[from] brn\n|upkeep\n|turn|23\n|\n|t:|1699970149\n|move|p2a: Mettaton EX|Psycho Cut|p1a: \u5de8\u953b\u5320\u514b\u661f\n|-resisted|p1a: \u5de8\u953b\u5320\u514b\u661f\n|-damage|p1a: \u5de8\u953b\u5320\u514b\u661f|37\/100 brn\n|move|p1a: \u5de8\u953b\u5320\u514b\u661f|Body Press|p2a: Mettaton EX\n|-resisted|p2a: Mettaton EX\n|-damage|p2a: Mettaton EX|13\/100 tox\n|\n|-damage|p2a: Mettaton EX|1\/100 tox|[from] psn\n|-damage|p1a: \u5de8\u953b\u5320\u514b\u661f|31\/100 brn|[from] brn\n|upkeep\n|turn|24\n|\n|t:|1699970154\n|move|p2a: Mettaton EX|Close Combat|p1a: \u5de8\u953b\u5320\u514b\u661f\n|-damage|p1a: \u5de8\u953b\u5320\u514b\u661f|22\/100 brn\n|-unboost|p2a: Mettaton EX|def|1\n|-unboost|p2a: Mettaton EX|spd|1\n|-damage|p2a: Mettaton EX|0 fnt|[from] item: Rocky Helmet|[of] p1a: \u5de8\u953b\u5320\u514b\u661f\n|faint|p2a: Mettaton EX\n|-end|p2a: Mettaton EX|Quark Drive|[silent]\n|move|p1a: \u5de8\u953b\u5320\u514b\u661f|Body Press|p2: Mettaton EX|[notarget]\n|-fail|p1a: \u5de8\u953b\u5320\u514b\u661f\n|\n|-damage|p1a: \u5de8\u953b\u5320\u514b\u661f|16\/100 brn|[from] brn\n|upkeep\n|\n|t:|1699970157\n|switch|p2a: Asriel|Gogoat, M, shiny|100\/100\n|-status|p2a: Asriel|tox\n|turn|25\n|\n|t:|1699970160\n|move|p2a: Asriel|Rock Slide|p1a: \u5de8\u953b\u5320\u514b\u661f\n|-damage|p1a: \u5de8\u953b\u5320\u514b\u661f|13\/100 brn\n|move|p1a: \u5de8\u953b\u5320\u514b\u661f|Body Press|p2a: Asriel\n|-damage|p2a: Asriel|36\/100 tox\n|\n|-heal|p2a: Asriel|42\/100 tox|[from] item: Leftovers\n|-damage|p2a: Asriel|36\/100 tox|[from] psn\n|-damage|p1a: \u5de8\u953b\u5320\u514b\u661f|7\/100 brn|[from] brn\n|upkeep\n|turn|26\n|\n|t:|1699970171\n|move|p2a: Asriel|Rock Slide|p1a: \u5de8\u953b\u5320\u514b\u661f\n|-damage|p1a: \u5de8\u953b\u5320\u514b\u661f|3\/100 brn\n|cant|p1a: \u5de8\u953b\u5320\u514b\u661f|flinch\n|\n|-heal|p2a: Asriel|42\/100 tox|[from] item: Leftovers\n|-damage|p2a: Asriel|30\/100 tox|[from] psn\n|-damage|p1a: \u5de8\u953b\u5320\u514b\u661f|0 fnt|[from] brn\n|faint|p1a: \u5de8\u953b\u5320\u514b\u661f\n|upkeep\n|\n|t:|1699970178\n|switch|p1a: \u4f01\u9e45\u514b\u661f|Garganacl, M|100\/100\n|turn|27\n|\n|t:|1699970181\n|move|p1a: \u4f01\u9e45\u514b\u661f|Protect|p1a: \u4f01\u9e45\u514b\u661f\n|-singleturn|p1a: \u4f01\u9e45\u514b\u661f|Protect\n|move|p2a: Asriel|Milk Drink|p2a: Asriel\n|-heal|p2a: Asriel|80\/100 tox\n|\n|-heal|p2a: Asriel|86\/100 tox|[from] item: Leftovers\n|-damage|p2a: Asriel|67\/100 tox|[from] psn\n|upkeep\n|turn|28\n|\n|t:|1699970192\n|move|p2a: Asriel|Horn Leech|p1a: \u4f01\u9e45\u514b\u661f\n|-supereffective|p1a: \u4f01\u9e45\u514b\u661f\n|-damage|p1a: \u4f01\u9e45\u514b\u661f|65\/100\n|-heal|p2a: Asriel|84\/100 tox|[from] drain|[of] p1a: \u4f01\u9e45\u514b\u661f\n|move|p1a: \u4f01\u9e45\u514b\u661f|Iron Defense|p1a: \u4f01\u9e45\u514b\u661f\n|-boost|p1a: \u4f01\u9e45\u514b\u661f|def|2\n|\n|-heal|p2a: Asriel|91\/100 tox|[from] item: Leftovers\n|-heal|p1a: \u4f01\u9e45\u514b\u661f|71\/100|[from] item: Leftovers\n|-damage|p2a: Asriel|66\/100 tox|[from] psn\n|upkeep\n|turn|29\n|\n|t:|1699970200\n|move|p2a: Asriel|Bulk Up|p2a: Asriel\n|-boost|p2a: Asriel|atk|1\n|-boost|p2a: Asriel|def|1\n|move|p1a: \u4f01\u9e45\u514b\u661f|Iron Defense|p1a: \u4f01\u9e45\u514b\u661f\n|-boost|p1a: \u4f01\u9e45\u514b\u661f|def|2\n|\n|-heal|p2a: Asriel|72\/100 tox|[from] item: Leftovers\n|-heal|p1a: \u4f01\u9e45\u514b\u661f|77\/100|[from] item: Leftovers\n|-damage|p2a: Asriel|41\/100 tox|[from] psn\n|upkeep\n|turn|30\n|\n|t:|1699970204\n|move|p2a: Asriel|Milk Drink|p2a: Asriel\n|-heal|p2a: Asriel|92\/100 tox\n|move|p1a: \u4f01\u9e45\u514b\u661f|Iron Defense|p1a: \u4f01\u9e45\u514b\u661f\n|-boost|p1a: \u4f01\u9e45\u514b\u661f|def|2\n|\n|-heal|p2a: Asriel|98\/100 tox|[from] item: Leftovers\n|-heal|p1a: \u4f01\u9e45\u514b\u661f|83\/100|[from] item: Leftovers\n|-damage|p2a: Asriel|61\/100 tox|[from] psn\n|upkeep\n|turn|31\n|\n|t:|1699970210\n|move|p2a: Asriel|Bulk Up|p2a: Asriel\n|-boost|p2a: Asriel|atk|1\n|-boost|p2a: Asriel|def|1\n|move|p1a: \u4f01\u9e45\u514b\u661f|Salt Cure|p2a: Asriel\n|-damage|p2a: Asriel|53\/100 tox\n|-start|p2a: Asriel|Salt Cure\n|\n|-heal|p2a: Asriel|59\/100 tox|[from] item: Leftovers\n|-heal|p1a: \u4f01\u9e45\u514b\u661f|90\/100|[from] item: Leftovers\n|-damage|p2a: Asriel|16\/100 tox|[from] psn\n|-damage|p2a: Asriel|4\/100 tox|[from] Salt Cure\n|upkeep\n|turn|32\n|\n|t:|1699970216\n|move|p2a: Asriel|Horn Leech|p1a: \u4f01\u9e45\u514b\u661f\n|-supereffective|p1a: \u4f01\u9e45\u514b\u661f\n|-damage|p1a: \u4f01\u9e45\u514b\u661f|70\/100\n|-heal|p2a: Asriel|13\/100 tox|[from] drain|[of] p1a: \u4f01\u9e45\u514b\u661f\n|move|p1a: \u4f01\u9e45\u514b\u661f|Salt Cure|p2a: Asriel\n|-damage|p2a: Asriel|5\/100 tox\n|\n|-heal|p2a: Asriel|11\/100 tox|[from] item: Leftovers\n|-heal|p1a: \u4f01\u9e45\u514b\u661f|76\/100|[from] item: Leftovers\n|-damage|p2a: Asriel|0 fnt|[from] psn\n|faint|p2a: Asriel\n|\n|win|clayanto\n|upkeep\n|raw|clayanto's rating: 1233 &rarr; <strong>1251<\/strong><br \/>(+18 for winning)\n|raw|SirNekoLeo's rating: 1128 &rarr; <strong>1110<\/strong><br \/>(-18 for losing)\n|l|\u2606SirNekoLeo\n","uploadtime":1699970231,"views":15,"p1id":"clayanto","p2id":"sirnekoleo","formatid":"gen9nationaldex","rating":1110,"private":0,"password":""}