{"id":"gen9nationaldex-1988944058","p1":"MrGoddessli","p2":"zcy41611","format":"[Gen 9] National Dex","log":"|j|\u2606MrGoddessli\n|j|\u2606zcy41611\n|t:|1699792235\n|gametype|singles\n|player|p1|MrGoddessli|iris-gen5bw2|1464\n|player|p2|zcy41611|lady-gen4|1419\n|teamsize|p1|6\n|teamsize|p2|6\n|gen|9\n|tier|[Gen 9] National Dex\n|rated|\n|rule|HP Percentage Mod: HP is shown in percentages\n|rule|Endless Battle Clause: Forcing endless battles is banned\n|rule|OHKO Clause: OHKO moves are banned\n|rule|Evasion Clause: Evasion abilities, items, and moves are banned\n|rule|Evasion Abilities Clause: Evasion abilities are banned\n|rule|Evasion Items Clause: Evasion items are banned\n|rule|Evasion Moves Clause: Evasion moves are banned\n|rule|Species Clause: Limit one of each Pok\u00e9mon\n|rule|Sleep Clause Mod: Limit one foe put to sleep\n|clearpoke\n|poke|p1|Ninetales-Alola, M|\n|poke|p1|Rillaboom, M|\n|poke|p1|Greninja-*, M|\n|poke|p1|Volcarona, F|\n|poke|p1|Blaziken, M|\n|poke|p1|Kommo-o, M|\n|poke|p2|Glimmora, M|\n|poke|p2|Dragonite, F|\n|poke|p2|Garganacl, M|\n|poke|p2|Venusaur, M|\n|poke|p2|Latios, M|\n|poke|p2|Zapdos|\n|teampreview\n|inactive|Battle timer is ON: inactive players will automatically lose when time's up. (requested by zcy41611)\n|\n|t:|1699792248\n|start\n|switch|p1a: Ninetales|Ninetales-Alola, M, shiny|100\/100\n|switch|p2a: Glimmora|Glimmora, M|100\/100\n|-weather|Snow|[from] ability: Snow Warning|[of] p1a: Ninetales\n|-item|p2a: Glimmora|Air Balloon\n|turn|1\n|\n|t:|1699792261\n|move|p1a: Ninetales|Blizzard|p2a: Glimmora\n|-damage|p2a: Glimmora|55\/100\n|-enditem|p2a: Glimmora|Air Balloon\n|move|p2a: Glimmora|Sludge Wave|p1a: Ninetales\n|-supereffective|p1a: Ninetales\n|-damage|p1a: Ninetales|11\/100\n|\n|-weather|Snow|[upkeep]\n|upkeep\n|turn|2\n|\n|t:|1699792270\n|move|p1a: Ninetales|Aurora Veil|p1a: Ninetales\n|-sidestart|p1: MrGoddessli|move: Aurora Veil\n|move|p2a: Glimmora|Power Gem|p1a: Ninetales\n|-supereffective|p1a: Ninetales\n|-damage|p1a: Ninetales|0 fnt\n|faint|p1a: Ninetales\n|\n|-weather|Snow|[upkeep]\n|upkeep\n|\n|t:|1699792281\n|switch|p1a: Greninja|Greninja, M|100\/100\n|turn|3\n|\n|t:|1699792285\n|switch|p2a: Venusaur|Venusaur, M|100\/100\n|move|p1a: Greninja|Surf|p2a: Venusaur\n|-resisted|p2a: Venusaur\n|-damage|p2a: Venusaur|76\/100\n|-damage|p1a: Greninja|91\/100|[from] item: Life Orb\n|\n|-weather|Snow|[upkeep]\n|upkeep\n|turn|4\n|\n|t:|1699792294\n|detailschange|p2a: Venusaur|Venusaur-Mega, M\n|-mega|p2a: Venusaur|Venusaur|Venusaurite\n|move|p1a: Greninja|Ice Beam|p2a: Venusaur\n|-supereffective|p2a: Venusaur\n|-damage|p2a: Venusaur|46\/100\n|-damage|p1a: Greninja|81\/100|[from] item: Life Orb\n|move|p2a: Venusaur|Giga Drain|p1a: Greninja\n|-supereffective|p1a: Greninja\n|-damage|p1a: Greninja|26\/100\n|-heal|p2a: Venusaur|68\/100|[from] drain|[of] p1a: Greninja\n|\n|-weather|Snow|[upkeep]\n|upkeep\n|turn|5\n|\n|t:|1699792313\n|switch|p1a: Volcarona|Volcarona, F, shiny|100\/100\n|move|p2a: Venusaur|Giga Drain|p1a: Volcarona\n|-resisted|p1a: Volcarona\n|-damage|p1a: Volcarona|96\/100\n|-heal|p2a: Venusaur|71\/100|[from] drain|[of] p1a: Volcarona\n|\n|-weather|none\n|upkeep\n|turn|6\n|\n|t:|1699792324\n|switch|p2a: Glimmora|Glimmora, M|55\/100\n|move|p1a: Volcarona|Quiver Dance|p1a: Volcarona\n|-boost|p1a: Volcarona|spa|1\n|-boost|p1a: Volcarona|spd|1\n|-boost|p1a: Volcarona|spe|1\n|\n|upkeep\n|turn|7\n|\n|t:|1699792340\n|move|p1a: Volcarona|Giga Drain|p2a: Glimmora\n|-damage|p2a: Glimmora|0 fnt\n|-heal|p1a: Volcarona|100\/100|[from] drain|[of] p2a: Glimmora\n|faint|p2a: Glimmora\n|\n|upkeep\n|\n|t:|1699792347\n|switch|p2a: Garganacl|Garganacl, M|100\/100\n|turn|8\n|\n|t:|1699792351\n|-terastallize|p1a: Volcarona|Grass\n|move|p2a: Garganacl|Protect|p2a: Garganacl\n|-singleturn|p2a: Garganacl|Protect\n|move|p1a: Volcarona|Giga Drain|p2a: Garganacl\n|-activate|p2a: Garganacl|move: Protect\n|\n|upkeep\n|turn|9\n|\n|t:|1699792357\n|-terastallize|p2a: Garganacl|Flying\n|move|p1a: Volcarona|Giga Drain|p2a: Garganacl\n|-resisted|p2a: Garganacl\n|-damage|p2a: Garganacl|75\/100\n|move|p2a: Garganacl|Salt Cure|p1a: Volcarona\n|-damage|p1a: Volcarona|90\/100\n|-start|p1a: Volcarona|Salt Cure\n|\n|-heal|p2a: Garganacl|81\/100|[from] item: Leftovers\n|-damage|p1a: Volcarona|78\/100|[from] Salt Cure\n|-sideend|p1: MrGoddessli|move: Aurora Veil\n|upkeep\n|turn|10\n|\n|t:|1699792369\n|move|p1a: Volcarona|Fiery Dance|p2a: Garganacl\n|-damage|p2a: Garganacl|32\/100\n|-boost|p1a: Volcarona|spa|1\n|move|p2a: Garganacl|Avalanche|p1a: Volcarona\n|-supereffective|p1a: Volcarona\n|-damage|p1a: Volcarona|0 fnt\n|faint|p1a: Volcarona\n|\n|-heal|p2a: Garganacl|39\/100|[from] item: Leftovers\n|upkeep\n|\n|t:|1699792379\n|switch|p1a: Kommo-o|Kommo-o, M|100\/100\n|turn|11\n|\n|t:|1699792385\n|move|p1a: Kommo-o|Clangorous Soul|p1a: Kommo-o\n|-boost|p1a: Kommo-o|atk|1\n|-boost|p1a: Kommo-o|def|1\n|-boost|p1a: Kommo-o|spa|1\n|-boost|p1a: Kommo-o|spd|1\n|-boost|p1a: Kommo-o|spe|1\n|-damage|p1a: Kommo-o|68\/100\n|move|p2a: Garganacl|Avalanche|p1a: Kommo-o\n|-supereffective|p1a: Kommo-o\n|-damage|p1a: Kommo-o|50\/100\n|\n|-heal|p2a: Garganacl|45\/100|[from] item: Leftovers\n|upkeep\n|turn|12\n|\n|t:|1699792397\n|move|p2a: Garganacl|Protect|p2a: Garganacl\n|-singleturn|p2a: Garganacl|Protect\n|move|p1a: Kommo-o|Taunt|p2a: Garganacl\n|-activate|p2a: Garganacl|move: Protect\n|\n|-heal|p2a: Garganacl|51\/100|[from] item: Leftovers\n|upkeep\n|turn|13\n|\n|t:|1699792407\n|move|p1a: Kommo-o|Taunt|p2a: Garganacl\n|-start|p2a: Garganacl|move: Taunt\n|move|p2a: Garganacl|Salt Cure|p1a: Kommo-o\n|-resisted|p1a: Kommo-o\n|-damage|p1a: Kommo-o|46\/100\n|-start|p1a: Kommo-o|Salt Cure\n|\n|-heal|p2a: Garganacl|57\/100|[from] item: Leftovers\n|-damage|p1a: Kommo-o|34\/100|[from] Salt Cure\n|upkeep\n|turn|14\n|\n|t:|1699792436\n|-zpower|p1a: Kommo-o\n|move|p1a: Kommo-o|Clangorous Soulblaze|p2a: Garganacl|[zeffect]\n|-damage|p2a: Garganacl|0 fnt\n|faint|p2a: Garganacl\n|-boost|p1a: Kommo-o|atk|1\n|-boost|p1a: Kommo-o|def|1\n|-boost|p1a: Kommo-o|spa|1\n|-boost|p1a: Kommo-o|spd|1\n|-boost|p1a: Kommo-o|spe|1\n|\n|-damage|p1a: Kommo-o|21\/100|[from] Salt Cure\n|upkeep\n|inactive|zcy41611 has 120 seconds left.\n|\n|t:|1699792453\n|switch|p2a: Dragonite|Dragonite, F|100\/100\n|turn|15\n|\n|t:|1699792468\n|move|p2a: Dragonite|Extreme Speed|p1a: Kommo-o\n|-crit|p1a: Kommo-o\n|-damage|p1a: Kommo-o|0 fnt\n|faint|p1a: Kommo-o\n|\n|upkeep\n|\n|t:|1699792480\n|switch|p1a: Greninja|Greninja, M|26\/100\n|turn|16\n|inactive|zcy41611 has 120 seconds left.\n|\n|t:|1699792506\n|move|p2a: Dragonite|Extreme Speed|p1a: Greninja\n|-damage|p1a: Greninja|0 fnt\n|faint|p1a: Greninja\n|\n|upkeep\n|\n|t:|1699792519\n|switch|p1a: Blaziken|Blaziken, M|100\/100\n|turn|17\n|\n|t:|1699792534\n|move|p2a: Dragonite|Dragon Dance|p2a: Dragonite\n|-boost|p2a: Dragonite|atk|1\n|-boost|p2a: Dragonite|spe|1\n|move|p1a: Blaziken|Close Combat|p2a: Dragonite\n|-resisted|p2a: Dragonite\n|-damage|p2a: Dragonite|82\/100\n|-unboost|p1a: Blaziken|def|1\n|-unboost|p1a: Blaziken|spd|1\n|\n|-ability|p1a: Blaziken|Speed Boost|boost\n|-boost|p1a: Blaziken|spe|1\n|upkeep\n|turn|18\n|\n|t:|1699792544\n|move|p2a: Dragonite|Earthquake|p1a: Blaziken\n|-supereffective|p1a: Blaziken\n|-crit|p1a: Blaziken\n|-damage|p1a: Blaziken|0 fnt\n|faint|p1a: Blaziken\n|\n|upkeep\n|\n|t:|1699792549\n|switch|p1a: Rillaboom|Rillaboom, M, shiny|100\/100\n|-fieldstart|move: Grassy Terrain|[from] ability: Grassy Surge|[of] p1a: Rillaboom\n|turn|19\n|\n|t:|1699792552\n|move|p1a: Rillaboom|Grassy Glide|p2a: Dragonite\n|-resisted|p2a: Dragonite\n|-crit|p2a: Dragonite\n|-damage|p2a: Dragonite|59\/100\n|move|p2a: Dragonite|Dragon Claw|p1a: Rillaboom\n|-damage|p1a: Rillaboom|45\/100\n|\n|-heal|p1a: Rillaboom|52\/100|[from] Grassy Terrain\n|upkeep\n|turn|20\n|\n|t:|1699792561\n|move|p1a: Rillaboom|Grassy Glide|p2a: Dragonite\n|-resisted|p2a: Dragonite\n|-damage|p2a: Dragonite|41\/100\n|move|p2a: Dragonite|Dragon Claw|p1a: Rillaboom\n|-damage|p1a: Rillaboom|0 fnt\n|faint|p1a: Rillaboom\n|\n|win|zcy41611\n|raw|MrGoddessli's rating: 1464 &rarr; <strong>1441<\/strong><br \/>(-23 for losing)\n|raw|zcy41611's rating: 1419 &rarr; <strong>1442<\/strong><br \/>(+23 for winning)\n","uploadtime":1699792568,"views":4,"p1id":"mrgoddessli","p2id":"zcy41611","formatid":"gen9nationaldex","rating":1441,"private":0,"password":""}