{"id":"gen9nationaldex-1987090831","p1":"hightopfade69","p2":"Fubuki09k","format":"[Gen 9] National Dex","log":"|j|\u203dhightopfade69\n|j|\u2606Fubuki09k\n|t:|1699555294\n|gametype|singles\n|player|p1|hightopfade69|102|1180\n|player|p2|Fubuki09k|backpacker|1260\n|teamsize|p1|6\n|teamsize|p2|6\n|gen|9\n|tier|[Gen 9] National Dex\n|rated|\n|rule|HP Percentage Mod: HP is shown in percentages\n|rule|Endless Battle Clause: Forcing endless battles is banned\n|rule|OHKO Clause: OHKO moves are banned\n|rule|Evasion Clause: Evasion abilities, items, and moves are banned\n|rule|Evasion Abilities Clause: Evasion abilities are banned\n|rule|Evasion Items Clause: Evasion items are banned\n|rule|Evasion Moves Clause: Evasion moves are banned\n|rule|Species Clause: Limit one of each Pok\u00e9mon\n|rule|Sleep Clause Mod: Limit one foe put to sleep\n|clearpoke\n|poke|p1|Druddigon, M|\n|poke|p1|Banette, F|\n|poke|p1|Tapu Koko|\n|poke|p1|Iron Moth|\n|poke|p1|Dondozo, M|\n|poke|p1|Iron Valiant|\n|poke|p2|Charizard, M|\n|poke|p2|Ditto|\n|poke|p2|Gliscor, M|\n|poke|p2|Scizor, M|\n|poke|p2|Staraptor, M|\n|poke|p2|Serperior, F|\n|teampreview\n|inactive|Battle timer is ON: inactive players will automatically lose when time's up. (requested by Fubuki09k)\n|\n|t:|1699555316\n|start\n|switch|p1a: Tapu Koko|Tapu Koko|100\/100\n|switch|p2a: Ichi|Charizard, M|100\/100\n|-fieldstart|move: Electric Terrain|[from] ability: Electric Surge|[of] p1a: Tapu Koko\n|turn|1\n|\n|t:|1699555324\n|detailschange|p2a: Ichi|Charizard-Mega-X, M\n|-mega|p2a: Ichi|Charizard|Charizardite X\n|move|p1a: Tapu Koko|Light Screen|p1a: Tapu Koko\n|-sidestart|p1: hightopfade69|move: Light Screen\n|move|p2a: Ichi|Dragon Dance|p2a: Ichi\n|-boost|p2a: Ichi|atk|1\n|-boost|p2a: Ichi|spe|1\n|\n|upkeep\n|turn|2\n|\n|t:|1699555332\n|move|p1a: Tapu Koko|Reflect|p1a: Tapu Koko\n|-sidestart|p1: hightopfade69|Reflect\n|move|p2a: Ichi|Earthquake|p1a: Tapu Koko\n|-supereffective|p1a: Tapu Koko\n|-damage|p1a: Tapu Koko|29\/100\n|\n|upkeep\n|turn|3\n|\n|t:|1699555337\n|move|p1a: Tapu Koko|U-turn|p2a: Ichi\n|-resisted|p2a: Ichi\n|-damage|p2a: Ichi|90\/100\n|\n|t:|1699555340\n|switch|p1a: Dondozo|Dondozo, M|100\/100|[from] U-turn\n|move|p2a: Ichi|Dragon Dance|p2a: Ichi\n|-boost|p2a: Ichi|atk|1\n|-boost|p2a: Ichi|spe|1\n|\n|upkeep\n|turn|4\n|\n|t:|1699555354\n|move|p2a: Ichi|Dragon Dance|p2a: Ichi\n|-boost|p2a: Ichi|atk|1\n|-boost|p2a: Ichi|spe|1\n|move|p1a: Dondozo|Curse|p1a: Dondozo\n|-unboost|p1a: Dondozo|spe|1\n|-boost|p1a: Dondozo|atk|1\n|-boost|p1a: Dondozo|def|1\n|\n|upkeep\n|turn|5\n|\n|t:|1699555364\n|move|p2a: Ichi|Dragon Dance|p2a: Ichi\n|-boost|p2a: Ichi|atk|1\n|-boost|p2a: Ichi|spe|1\n|move|p1a: Dondozo|Earthquake|p2a: Ichi\n|-supereffective|p2a: Ichi\n|-damage|p2a: Ichi|7\/100\n|\n|-sideend|p1: hightopfade69|move: Light Screen\n|upkeep\n|turn|6\n|\n|t:|1699555373\n|move|p2a: Ichi|Dragon Claw|p1a: Dondozo\n|-damage|p1a: Dondozo|90\/100\n|move|p1a: Dondozo|Liquidation|p2a: Ichi\n|-damage|p2a: Ichi|0 fnt\n|faint|p2a: Ichi\n|\n|-heal|p1a: Dondozo|96\/100|[from] item: Leftovers\n|-sideend|p1: hightopfade69|Reflect\n|upkeep\n|\n|t:|1699555383\n|switch|p2a: Kaa|Serperior, F|100\/100\n|turn|7\n|\n|t:|1699555389\n|switch|p1a: Tapu Koko|Tapu Koko|29\/100\n|move|p2a: Kaa|Leaf Storm|p1a: Tapu Koko\n|-damage|p1a: Tapu Koko|0 fnt\n|-boost|p2a: Kaa|spa|2\n|faint|p1a: Tapu Koko\n|\n|upkeep\n|\n|t:|1699555395\n|switch|p1a: Iron Moth|Iron Moth|100\/100\n|-activate|p1a: Iron Moth|ability: Quark Drive\n|-start|p1a: Iron Moth|quarkdrivespe\n|turn|8\n|\n|t:|1699555425\n|switch|p2a: Scar|Gliscor, M|100\/100\n|move|p1a: Iron Moth|Fiery Dance|p2a: Scar\n|-damage|p2a: Scar|37\/100\n|-boost|p1a: Iron Moth|spa|1\n|\n|-fieldend|move: Electric Terrain\n|-end|p1a: Iron Moth|Quark Drive\n|-status|p2a: Scar|tox|[from] item: Toxic Orb\n|upkeep\n|turn|9\n|\n|t:|1699555436\n|move|p1a: Iron Moth|Fiery Dance|p2a: Scar\n|-damage|p2a: Scar|0 fnt\n|faint|p2a: Scar\n|\n|upkeep\n|\n|t:|1699555442\n|switch|p2a: Rimu|Ditto, shiny|100\/100\n|-transform|p2a: Rimu|p1a: Iron Moth|[from] ability: Imposter\n|turn|10\n|\n|t:|1699555451\n|-end|p1a: Iron Moth|Quark Drive|[silent]\n|switch|p1a: Dondozo|Dondozo, M|96\/100\n|move|p2a: Rimu|Discharge|p1a: Dondozo\n|-supereffective|p1a: Dondozo\n|-damage|p1a: Dondozo|46\/100\n|\n|-heal|p1a: Dondozo|52\/100|[from] item: Leftovers\n|upkeep\n|turn|11\n|\n|t:|1699555460\n|move|p2a: Rimu|Discharge|p1a: Dondozo\n|-supereffective|p1a: Dondozo\n|-damage|p1a: Dondozo|0 fnt\n|faint|p1a: Dondozo\n|\n|upkeep\n|\n|t:|1699555464\n|switch|p1a: Druddigon|Druddigon, M|100\/100\n|turn|12\n|\n|t:|1699555470\n|-end|p2a: Rimu|Quark Drive|[silent]\n|switch|p2a: Blades|Scizor, M|100\/100\n|move|p1a: Druddigon|Stealth Rock|p2a: Blades\n|-sidestart|p2: Fubuki09k|move: Stealth Rock\n|\n|upkeep\n|turn|13\n|\n|t:|1699555481\n|move|p2a: Blades|Swords Dance|p2a: Blades\n|-boost|p2a: Blades|atk|2\n|move|p1a: Druddigon|Dragon Tail|p2a: Blades\n|-resisted|p2a: Blades\n|-damage|p2a: Blades|88\/100\n|drag|p2a: Kaa|Serperior, F|100\/100\n|-damage|p2a: Kaa|88\/100|[from] Stealth Rock\n|\n|upkeep\n|turn|14\n|\n|t:|1699555492\n|move|p2a: Kaa|Glare|p1a: Druddigon\n|-status|p1a: Druddigon|par\n|move|p1a: Druddigon|Glare|p2a: Kaa\n|-status|p2a: Kaa|par\n|\n|upkeep\n|turn|15\n|\n|t:|1699555502\n|move|p2a: Kaa|Substitute|p2a: Kaa\n|-start|p2a: Kaa|Substitute\n|-damage|p2a: Kaa|63\/100 par\n|cant|p1a: Druddigon|par\n|\n|upkeep\n|turn|16\n|\n|t:|1699555508\n|move|p2a: Kaa|Leaf Storm|p1a: Druddigon\n|-resisted|p1a: Druddigon\n|-damage|p1a: Druddigon|84\/100 par\n|-boost|p2a: Kaa|spa|2\n|move|p1a: Druddigon|Dragon Tail|p2a: Kaa\n|-end|p2a: Kaa|Substitute\n|\n|upkeep\n|turn|17\n|\n|t:|1699555516\n|move|p2a: Kaa|Leaf Storm|p1a: Druddigon\n|-resisted|p1a: Druddigon\n|-damage|p1a: Druddigon|54\/100 par\n|-boost|p2a: Kaa|spa|2\n|cant|p1a: Druddigon|par\n|\n|upkeep\n|turn|18\n|\n|t:|1699555524\n|move|p2a: Kaa|Leaf Storm|p1a: Druddigon\n|-resisted|p1a: Druddigon\n|-damage|p1a: Druddigon|5\/100 par\n|-boost|p2a: Kaa|spa|2\n|cant|p1a: Druddigon|par\n|\n|upkeep\n|turn|19\n|\n|t:|1699555533\n|move|p2a: Kaa|Leaf Storm|p1a: Druddigon\n|-resisted|p1a: Druddigon\n|-damage|p1a: Druddigon|0 fnt\n|faint|p1a: Druddigon\n|\n|upkeep\n|\n|t:|1699555535\n|switch|p1a: Iron Moth|Iron Moth|100\/100\n|turn|20\n|\n|t:|1699555542\n|move|p1a: Iron Moth|Fiery Dance|p2a: Kaa\n|-supereffective|p2a: Kaa\n|-damage|p2a: Kaa|0 fnt\n|faint|p2a: Kaa\n|\n|upkeep\n|\n|t:|1699555548\n|switch|p2a: Taka|Staraptor, M|100\/100\n|-damage|p2a: Taka|75\/100|[from] Stealth Rock\n|turn|21\n|\n|t:|1699555554\n|-end|p1a: Iron Moth|Quark Drive|[silent]\n|switch|p1a: Banette|Banette, F|100\/100\n|-item|p2a: Taka|Choice Scarf|[from] ability: Frisk|[of] p1a: Banette|[identify]\n|move|p2a: Taka|Brave Bird|p1a: Banette\n|-damage|p1a: Banette|5\/100\n|-damage|p2a: Taka|43\/100|[from] Recoil\n|\n|upkeep\n|turn|22\n|\n|t:|1699555565\n|detailschange|p1a: Banette|Banette-Mega, F\n|-mega|p1a: Banette|Banette|Banettite\n|move|p1a: Banette|Destiny Bond|p1a: Banette\n|-singlemove|p1a: Banette|Destiny Bond\n|move|p2a: Taka|Brave Bird|p1a: Banette\n|-damage|p1a: Banette|0 fnt\n|faint|p1a: Banette\n|-activate|p1a: Banette|move: Destiny Bond\n|faint|p2a: Taka\n|\n|upkeep\n|\n|t:|1699555592\n|switch|p2a: Blades|Scizor, M|88\/100\n|switch|p1a: Iron Valiant|Iron Valiant|100\/100\n|-damage|p2a: Blades|76\/100|[from] Stealth Rock\n|turn|23\n|\n|t:|1699555605\n|-terastallize|p1a: Iron Valiant|Dark\n|move|p1a: Iron Valiant|Knock Off|p2a: Blades\n|-crit|p2a: Blades\n|-damage|p2a: Blades|0 fnt\n|-enditem|p2a: Blades|Leftovers|[from] move: Knock Off|[of] p1a: Iron Valiant\n|faint|p2a: Blades\n|-damage|p1a: Iron Valiant|91\/100|[from] item: Life Orb\n|\n|upkeep\n|\n|t:|1699555614\n|switch|p2a: Rimu|Ditto, shiny|100\/100\n|-damage|p2a: Rimu|88\/100|[from] Stealth Rock\n|-transform|p2a: Rimu|p1a: Iron Valiant|[from] ability: Imposter\n|-start|p2a: Rimu|typechange|Fairy\/Fighting|[silent]\n|turn|24\n|inactive|Fubuki09k has 120 seconds left.\n|\n|t:|1699555633\n|move|p2a: Rimu|Thunderbolt|p1a: Iron Valiant\n|-damage|p1a: Iron Valiant|39\/100\n|move|p1a: Iron Valiant|Moonblast|p2a: Rimu\n|-supereffective|p2a: Rimu\n|-damage|p2a: Rimu|0 fnt\n|faint|p2a: Rimu\n|-end|p2a: Rimu|Quark Drive|[silent]\n|-damage|p1a: Iron Valiant|29\/100|[from] item: Life Orb\n|\n|win|hightopfade69\n|raw|hightopfade69's rating: 1180 &rarr; <strong>1211<\/strong><br \/>(+31 for winning)\n|raw|Fubuki09k's rating: 1260 &rarr; <strong>1229<\/strong><br \/>(-31 for losing)\n|l|\u2606Fubuki09k\n","uploadtime":1699555644,"views":15,"p1id":"hightopfade69","p2id":"fubuki09k","formatid":"gen9nationaldex","rating":1211,"private":0,"password":""}