{"id":"gen9nationaldex-1986975914","p1":"Jackson4516","p2":"shinydiglettiguess","format":"[Gen 9] National Dex","log":"|j|\u2606Jackson4516\n|j|\u2606shinydiglettiguess\n|t:|1699545935\n|gametype|singles\n|player|p1|Jackson4516|266|1446\n|player|p2|shinydiglettiguess|102|1446\n|teamsize|p1|6\n|teamsize|p2|6\n|gen|9\n|tier|[Gen 9] National Dex\n|rated|\n|rule|HP Percentage Mod: HP is shown in percentages\n|rule|Endless Battle Clause: Forcing endless battles is banned\n|rule|OHKO Clause: OHKO moves are banned\n|rule|Evasion Clause: Evasion abilities, items, and moves are banned\n|rule|Evasion Abilities Clause: Evasion abilities are banned\n|rule|Evasion Items Clause: Evasion items are banned\n|rule|Evasion Moves Clause: Evasion moves are banned\n|rule|Species Clause: Limit one of each Pok\u00e9mon\n|rule|Sleep Clause Mod: Limit one foe put to sleep\n|clearpoke\n|poke|p1|Tapu Koko|\n|poke|p1|Iron Valiant|\n|poke|p1|Sneasler, F|\n|poke|p1|Iron Moth|\n|poke|p1|Landorus-Therian, M|\n|poke|p1|Scizor, F|\n|poke|p2|Comfey, F|\n|poke|p2|Medicham, F|\n|poke|p2|Blaziken, F|\n|poke|p2|Bisharp, M|\n|poke|p2|Ninetales-Alola, F|\n|poke|p2|Hoopa-Unbound|\n|teampreview\n|inactive|Battle timer is ON: inactive players will automatically lose when time's up. (requested by shinydiglettiguess)\n|inactive|shinydiglettiguess has 120 seconds left.\n|\n|t:|1699545976\n|start\n|switch|p1a: Tapu Koko|Tapu Koko|100\/100\n|switch|p2a: Ninetales|Ninetales-Alola, F|100\/100\n|-fieldstart|move: Electric Terrain|[from] ability: Electric Surge|[of] p1a: Tapu Koko\n|-weather|Snow|[from] ability: Snow Warning|[of] p2a: Ninetales\n|turn|1\n|\n|t:|1699545989\n|move|p1a: Tapu Koko|U-turn|p2a: Ninetales\n|-resisted|p2a: Ninetales\n|-damage|p2a: Ninetales|92\/100\n|\n|t:|1699545991\n|switch|p1a: Landorus|Landorus-Therian, M|100\/100|[from] U-turn\n|-ability|p1a: Landorus|Intimidate|boost\n|-unboost|p2a: Ninetales|atk|1\n|move|p2a: Ninetales|Aurora Veil|p2a: Ninetales\n|-sidestart|p2: shinydiglettiguess|move: Aurora Veil\n|\n|-weather|Snow|[upkeep]\n|upkeep\n|turn|2\n|\n|t:|1699546001\n|move|p2a: Ninetales|Freeze-Dry|p1a: Landorus\n|-supereffective|p1a: Landorus\n|-damage|p1a: Landorus|0 fnt\n|faint|p1a: Landorus\n|\n|-weather|Snow|[upkeep]\n|upkeep\n|\n|t:|1699546006\n|switch|p1a: Scizor|Scizor, F, shiny|100\/100\n|turn|3\n|c|\u2606shinydiglettiguess|bro?\n|\n|t:|1699546013\n|switch|p2a: Bisharp|Bisharp, M|100\/100\n|detailschange|p1a: Scizor|Scizor-Mega, F, shiny\n|-mega|p1a: Scizor|Scizor|Scizorite\n|move|p1a: Scizor|Swords Dance|p1a: Scizor\n|-boost|p1a: Scizor|atk|2\n|\n|-weather|Snow|[upkeep]\n|upkeep\n|turn|4\n|\n|t:|1699546018\n|move|p1a: Scizor|Swords Dance|p1a: Scizor\n|-boost|p1a: Scizor|atk|2\n|move|p2a: Bisharp|Swords Dance|p2a: Bisharp\n|-boost|p2a: Bisharp|atk|2\n|\n|-weather|Snow|[upkeep]\n|upkeep\n|turn|5\n|\n|t:|1699546021\n|move|p1a: Scizor|Close Combat|p2a: Bisharp\n|-supereffective|p2a: Bisharp\n|-damage|p2a: Bisharp|0 fnt\n|-unboost|p1a: Scizor|def|1\n|-unboost|p1a: Scizor|spd|1\n|faint|p2a: Bisharp\n|\n|-weather|none\n|upkeep\n|\n|t:|1699546024\n|switch|p2a: Blaziken|Blaziken, F|100\/100\n|turn|6\n|\n|t:|1699546033\n|switch|p1a: Iron Moth|Iron Moth|100\/100\n|-activate|p1a: Iron Moth|ability: Quark Drive\n|-start|p1a: Iron Moth|quarkdrivespe\n|move|p2a: Blaziken|Protect||[still]\n|-fail|p2a: Blaziken\n|\n|-ability|p2a: Blaziken|Speed Boost|boost\n|-boost|p2a: Blaziken|spe|1\n|upkeep\n|turn|7\n|\n|t:|1699546043\n|move|p2a: Blaziken|Protect|p2a: Blaziken\n|-singleturn|p2a: Blaziken|Protect\n|move|p1a: Iron Moth|Tera Blast|p2a: Blaziken\n|-activate|p2a: Blaziken|move: Protect\n|\n|-ability|p2a: Blaziken|Speed Boost|boost\n|-boost|p2a: Blaziken|spe|1\n|upkeep\n|turn|8\n|\n|t:|1699546050\n|-terastallize|p1a: Iron Moth|Ground\n|move|p1a: Iron Moth|Tera Blast|p2a: Blaziken|[anim] Tera Blast Ground\n|-supereffective|p2a: Blaziken\n|-damage|p2a: Blaziken|40\/100\n|-zpower|p2a: Blaziken\n|move|p2a: Blaziken|Z-Mirror Move|p1a: Iron Moth|[anim]Mirror Move\n|-boost|p2a: Blaziken|atk|2|[zeffect]\n|move|p2a: Blaziken|Breakneck Blitz|p1a: Iron Moth|[from]move: Mirror Move\n|-damage|p1a: Iron Moth|67\/100\n|\n|-sideend|p2: shinydiglettiguess|move: Aurora Veil\n|-fieldend|move: Electric Terrain\n|-end|p1a: Iron Moth|Quark Drive\n|-ability|p2a: Blaziken|Speed Boost|boost\n|-boost|p2a: Blaziken|spe|1\n|upkeep\n|turn|9\n|\n|t:|1699546060\n|move|p2a: Blaziken|Close Combat|p1a: Iron Moth\n|-damage|p1a: Iron Moth|0 fnt\n|-unboost|p2a: Blaziken|def|1\n|-unboost|p2a: Blaziken|spd|1\n|faint|p1a: Iron Moth\n|-end|p1a: Iron Moth|Quark Drive|[silent]\n|\n|-ability|p2a: Blaziken|Speed Boost|boost\n|-boost|p2a: Blaziken|spe|1\n|upkeep\n|\n|t:|1699546069\n|switch|p1a: Scizor|Scizor-Mega, F, shiny|100\/100\n|turn|10\n|\n|t:|1699546078\n|move|p1a: Scizor|Bullet Punch|p2a: Blaziken\n|-resisted|p2a: Blaziken\n|-damage|p2a: Blaziken|0 fnt\n|faint|p2a: Blaziken\n|\n|upkeep\n|\n|t:|1699546081\n|switch|p2a: Hoopa|Hoopa-Unbound|100\/100\n|turn|11\n|\n|t:|1699546090\n|move|p2a: Hoopa|Dark Pulse|p1a: Scizor\n|-damage|p1a: Scizor|43\/100\n|cant|p1a: Scizor|flinch\n|\n|upkeep\n|turn|12\n|\n|t:|1699546097\n|move|p1a: Scizor|Bullet Punch|p2a: Hoopa\n|-damage|p2a: Hoopa|30\/100\n|move|p2a: Hoopa|Dark Pulse|p1a: Scizor\n|-damage|p1a: Scizor|0 fnt\n|faint|p1a: Scizor\n|\n|upkeep\n|\n|t:|1699546105\n|switch|p1a: Tapu Koko|Tapu Koko|100\/100\n|-fieldstart|move: Electric Terrain|[from] ability: Electric Surge|[of] p1a: Tapu Koko\n|turn|13\n|\n|t:|1699546110\n|switch|p2a: Comfey|Comfey, F|100\/100\n|move|p1a: Tapu Koko|Thunderbolt|p2a: Comfey\n|-damage|p2a: Comfey|46\/100\n|\n|upkeep\n|turn|14\n|\n|t:|1699546113\n|-terastallize|p2a: Comfey|Fairy\n|move|p2a: Comfey|Draining Kiss|p1a: Tapu Koko\n|-damage|p1a: Tapu Koko|38\/100\n|-heal|p2a: Comfey|89\/100|[from] drain|[of] p1a: Tapu Koko\n|move|p1a: Tapu Koko|Thunderbolt|p2a: Comfey\n|-crit|p2a: Comfey\n|-damage|p2a: Comfey|17\/100\n|\n|upkeep\n|turn|15\n|\n|t:|1699546116\n|move|p2a: Comfey|Draining Kiss|p1a: Tapu Koko\n|-damage|p1a: Tapu Koko|0 fnt\n|-heal|p2a: Comfey|43\/100|[from] drain|[of] p1a: Tapu Koko\n|faint|p1a: Tapu Koko\n|\n|upkeep\n|\n|t:|1699546122\n|switch|p1a: Iron Valiant|Iron Valiant|100\/100\n|-activate|p1a: Iron Valiant|ability: Quark Drive\n|-start|p1a: Iron Valiant|quarkdrivespe\n|turn|16\n|\n|t:|1699546127\n|move|p2a: Comfey|Draining Kiss|p1a: Iron Valiant\n|-supereffective|p1a: Iron Valiant\n|-damage|p1a: Iron Valiant|0 fnt\n|-heal|p2a: Comfey|100\/100|[from] drain|[of] p1a: Iron Valiant\n|faint|p1a: Iron Valiant\n|-end|p1a: Iron Valiant|Quark Drive|[silent]\n|\n|upkeep\n|\n|t:|1699546135\n|switch|p1a: Sneasler|Sneasler, F|100\/100\n|-enditem|p1a: Sneasler|Electric Seed\n|-boost|p1a: Sneasler|def|1|[from] item: Electric Seed\n|turn|17\n|\n|t:|1699546143\n|move|p2a: Comfey|Draining Kiss|p1a: Sneasler\n|-damage|p1a: Sneasler|48\/100\n|move|p1a: Sneasler|Dire Claw|p2a: Comfey\n|-supereffective|p2a: Comfey\n|-damage|p2a: Comfey|0 fnt\n|faint|p2a: Comfey\n|\n|upkeep\n|\n|t:|1699546146\n|switch|p2a: Medicham|Medicham, F|100\/100\n|turn|18\n|\n|t:|1699546155\n|detailschange|p2a: Medicham|Medicham-Mega, F\n|-mega|p2a: Medicham|Medicham|Medichamite\n|move|p2a: Medicham|Fake Out|p1a: Sneasler\n|-damage|p1a: Sneasler|23\/100\n|cant|p1a: Sneasler|flinch\n|\n|upkeep\n|turn|19\n|\n|t:|1699546162\n|move|p2a: Medicham|Bullet Punch|p1a: Sneasler\n|-damage|p1a: Sneasler|0 fnt\n|faint|p1a: Sneasler\n|\n|win|shinydiglettiguess\n|raw|Jackson4516's rating: 1446 &rarr; <strong>1426<\/strong><br \/>(-20 for losing)\n|raw|shinydiglettiguess's rating: 1446 &rarr; <strong>1466<\/strong><br \/>(+20 for winning)\n|l|\u2606Jackson4516\n","uploadtime":1699546176,"views":50,"p1id":"jackson4516","p2id":"shinydiglettiguess","formatid":"gen9nationaldex","rating":1426,"private":0,"password":""}