{"id":"gen9nationaldex-1989465804","p1":"dexois","p2":"Tank Tests","format":"[Gen 9] National Dex","log":"|j|\u2606dexois\n|j|\u2606Tank Tests\n|t:|1699854845\n|gametype|singles\n|player|p1|dexois|unknown|1177\n|player|p2|Tank Tests|101|1256\n|teamsize|p1|6\n|teamsize|p2|6\n|gen|9\n|tier|[Gen 9] National Dex\n|rated|\n|rule|HP Percentage Mod: HP is shown in percentages\n|rule|Endless Battle Clause: Forcing endless battles is banned\n|rule|OHKO Clause: OHKO moves are banned\n|rule|Evasion Clause: Evasion abilities, items, and moves are banned\n|rule|Evasion Abilities Clause: Evasion abilities are banned\n|rule|Evasion Items Clause: Evasion items are banned\n|rule|Evasion Moves Clause: Evasion moves are banned\n|rule|Species Clause: Limit one of each Pok\u00e9mon\n|rule|Sleep Clause Mod: Limit one foe put to sleep\n|clearpoke\n|poke|p1|Forretress, F|\n|poke|p1|Beedrill, F|\n|poke|p1|Scolipede, M|\n|poke|p1|Volcarona, F|\n|poke|p1|Heracross, F|\n|poke|p1|Lokix, M|\n|poke|p2|Cresselia, F|\n|poke|p2|Ferrothorn, F|\n|poke|p2|Chansey, F|\n|poke|p2|Gliscor, F|\n|poke|p2|Clodsire, F|\n|poke|p2|Grimmsnarl, M|\n|teampreview\n|\n|t:|1699854853\n|start\n|switch|p1a: Forretress|Forretress, F|100\/100\n|switch|p2a: Grimmsnarl|Grimmsnarl, M|100\/100\n|turn|1\n|\n|t:|1699854863\n|move|p2a: Grimmsnarl|Parting Shot|p1a: Forretress\n|-unboost|p1a: Forretress|atk|1\n|-unboost|p1a: Forretress|spa|1\n|\n|t:|1699854866\n|switch|p2a: Gliscor|Gliscor, F|100\/100|[from] Parting Shot\n|move|p1a: Forretress|Stealth Rock|p2a: Gliscor\n|-sidestart|p2: Tank Tests|move: Stealth Rock\n|\n|-status|p2a: Gliscor|tox|[from] item: Toxic Orb\n|upkeep\n|turn|2\n|\n|t:|1699854878\n|switch|p1a: Heracross|Heracross, F|100\/100\n|move|p2a: Gliscor|Curse|p2a: Gliscor\n|-unboost|p2a: Gliscor|spe|1\n|-boost|p2a: Gliscor|atk|1\n|-boost|p2a: Gliscor|def|1\n|\n|-status|p1a: Heracross|brn|[from] item: Flame Orb\n|upkeep\n|turn|3\n|\n|t:|1699854888\n|-terastallize|p1a: Heracross|Normal\n|move|p1a: Heracross|Facade|p2a: Gliscor\n|-damage|p2a: Gliscor|40\/100 tox\n|move|p2a: Gliscor|Curse|p2a: Gliscor\n|-unboost|p2a: Gliscor|spe|1\n|-boost|p2a: Gliscor|atk|1\n|-boost|p2a: Gliscor|def|1\n|\n|-heal|p2a: Gliscor|53\/100 tox|[from] ability: Poison Heal\n|-damage|p1a: Heracross|95\/100 brn|[from] brn\n|upkeep\n|turn|4\n|\n|t:|1699854899\n|move|p1a: Heracross|Facade|p2a: Gliscor\n|-damage|p2a: Gliscor|12\/100 tox\n|move|p2a: Gliscor|Roost|p2a: Gliscor\n|-heal|p2a: Gliscor|62\/100 tox\n|-singleturn|p2a: Gliscor|move: Roost\n|\n|-heal|p2a: Gliscor|74\/100 tox|[from] ability: Poison Heal\n|-damage|p1a: Heracross|89\/100 brn|[from] brn\n|upkeep\n|turn|5\n|\n|t:|1699854909\n|move|p1a: Heracross|Throat Chop|p2a: Gliscor\n|-damage|p2a: Gliscor|59\/100 tox\n|-start|p2a: Gliscor|Throat Chop|[silent]\n|move|p2a: Gliscor|Roost|p2a: Gliscor\n|-heal|p2a: Gliscor|100\/100 tox\n|-singleturn|p2a: Gliscor|move: Roost\n|\n|-damage|p1a: Heracross|83\/100 brn|[from] brn\n|upkeep\n|turn|6\n|\n|t:|1699854921\n|switch|p1a: Scolipede|Scolipede, M|100\/100\n|move|p2a: Gliscor|Curse|p2a: Gliscor\n|-unboost|p2a: Gliscor|spe|1\n|-boost|p2a: Gliscor|atk|1\n|-boost|p2a: Gliscor|def|1\n|\n|-end|p2a: Gliscor|Throat Chop|[silent]\n|upkeep\n|turn|7\n|\n|t:|1699854930\n|move|p1a: Scolipede|Swords Dance|p1a: Scolipede\n|-boost|p1a: Scolipede|atk|2\n|move|p2a: Gliscor|Defog|p1a: Scolipede\n|-unboost|p1a: Scolipede|evasion|1\n|-sideend|p2: Tank Tests|Stealth Rock|[from] move: Defog|[of] p2a: Gliscor\n|\n|-ability|p1a: Scolipede|Speed Boost|boost\n|-boost|p1a: Scolipede|spe|1\n|upkeep\n|turn|8\n|\n|t:|1699854938\n|move|p1a: Scolipede|Swords Dance|p1a: Scolipede\n|-boost|p1a: Scolipede|atk|2\n|move|p2a: Gliscor|Earthquake|p1a: Scolipede\n|-damage|p1a: Scolipede|0 fnt\n|faint|p1a: Scolipede\n|\n|upkeep\n|\n|t:|1699854947\n|switch|p1a: Volcarona|Volcarona, F|100\/100\n|turn|9\n|\n|t:|1699854951\n|move|p1a: Volcarona|Quiver Dance|p1a: Volcarona\n|-boost|p1a: Volcarona|spa|1\n|-boost|p1a: Volcarona|spd|1\n|-boost|p1a: Volcarona|spe|1\n|move|p2a: Gliscor|Earthquake|p1a: Volcarona\n|-damage|p1a: Volcarona|14\/100\n|\n|upkeep\n|turn|10\n|\n|t:|1699854958\n|move|p1a: Volcarona|Flamethrower|p2a: Gliscor\n|-damage|p2a: Gliscor|42\/100 tox\n|move|p2a: Gliscor|Earthquake|p1a: Volcarona\n|-damage|p1a: Volcarona|0 fnt\n|faint|p1a: Volcarona\n|\n|-heal|p2a: Gliscor|55\/100 tox|[from] ability: Poison Heal\n|upkeep\n|\n|t:|1699854965\n|switch|p1a: Lokix|Lokix, M|100\/100\n|turn|11\n|\n|t:|1699854969\n|move|p1a: Lokix|First Impression|p2a: Gliscor\n|-resisted|p2a: Gliscor\n|-crit|p2a: Gliscor\n|-damage|p2a: Gliscor|4\/100 tox\n|move|p2a: Gliscor|Roost|p2a: Gliscor\n|-heal|p2a: Gliscor|54\/100 tox\n|-singleturn|p2a: Gliscor|move: Roost\n|\n|-heal|p2a: Gliscor|67\/100 tox|[from] ability: Poison Heal\n|upkeep\n|turn|12\n|\n|t:|1699854979\n|move|p1a: Lokix|U-turn|p2a: Gliscor\n|-resisted|p2a: Gliscor\n|-damage|p2a: Gliscor|56\/100 tox\n|\n|t:|1699854981\n|switch|p1a: Forretress|Forretress, F|100\/100|[from] U-turn\n|move|p2a: Gliscor|Curse|p2a: Gliscor\n|-unboost|p2a: Gliscor|spe|1\n|-boost|p2a: Gliscor|atk|1\n|-boost|p2a: Gliscor|def|1\n|\n|-heal|p2a: Gliscor|69\/100 tox|[from] ability: Poison Heal\n|upkeep\n|turn|13\n|\n|t:|1699854992\n|move|p1a: Forretress|Gyro Ball|p2a: Gliscor\n|-damage|p2a: Gliscor|66\/100 tox\n|move|p2a: Gliscor|Earthquake|p1a: Forretress\n|-damage|p1a: Forretress|51\/100\n|-enditem|p1a: Forretress|Red Card|[of] p2a: Gliscor\n|drag|p2a: Ferrothorn|Ferrothorn, F|100\/100\n|\n|upkeep\n|turn|14\n|\n|t:|1699854999\n|move|p1a: Forretress|Volt Switch|p2a: Ferrothorn\n|-resisted|p2a: Ferrothorn\n|-crit|p2a: Ferrothorn\n|-damage|p2a: Ferrothorn|93\/100\n|\n|t:|1699855003\n|switch|p1a: Lokix|Lokix, M|100\/100|[from] Volt Switch\n|move|p2a: Ferrothorn|Leech Seed|p1a: Lokix\n|-start|p1a: Lokix|move: Leech Seed\n|\n|-heal|p2a: Ferrothorn|99\/100|[from] item: Leftovers\n|-damage|p1a: Lokix|88\/100|[from] Leech Seed|[of] p2a: Ferrothorn\n|-heal|p2a: Ferrothorn|100\/100|[silent]\n|upkeep\n|turn|15\n|\n|t:|1699855015\n|switch|p2a: Clodsire|Clodsire, F|100\/100\n|move|p1a: Lokix|Axe Kick|p2a: Clodsire\n|-resisted|p2a: Clodsire\n|-damage|p2a: Clodsire|77\/100\n|\n|-heal|p2a: Clodsire|83\/100|[from] item: Black Sludge\n|-damage|p1a: Lokix|76\/100|[from] Leech Seed|[of] p2a: Clodsire\n|-heal|p2a: Clodsire|91\/100|[silent]\n|upkeep\n|turn|16\n|\n|t:|1699855025\n|move|p1a: Lokix|U-turn|p2a: Clodsire\n|-resisted|p2a: Clodsire\n|-damage|p2a: Clodsire|67\/100\n|\n|t:|1699855029\n|switch|p1a: Forretress|Forretress, F|51\/100|[from] U-turn\n|move|p2a: Clodsire|Stealth Rock|p1a: Forretress\n|-sidestart|p1: dexois|move: Stealth Rock\n|\n|-heal|p2a: Clodsire|73\/100|[from] item: Black Sludge\n|upkeep\n|turn|17\n|\n|t:|1699855042\n|switch|p2a: Cresselia|Cresselia, F|100\/100\n|move|p1a: Forretress|Rapid Spin|p2a: Cresselia\n|-damage|p2a: Cresselia|95\/100\n|-boost|p1a: Forretress|spe|1\n|-sideend|p1: dexois|Stealth Rock|[from] move: Rapid Spin|[of] p1a: Forretress\n|-enditem|p2a: Cresselia|Kee Berry|[eat]\n|-boost|p2a: Cresselia|def|1|[from] item: Kee Berry\n|\n|upkeep\n|turn|18\n|\n|t:|1699855051\n|move|p2a: Cresselia|Calm Mind|p2a: Cresselia\n|-boost|p2a: Cresselia|spa|1\n|-boost|p2a: Cresselia|spd|1\n|move|p1a: Forretress|Stealth Rock|p2a: Cresselia\n|-sidestart|p2: Tank Tests|move: Stealth Rock\n|\n|upkeep\n|turn|19\n|\n|t:|1699855056\n|move|p2a: Cresselia|Recycle|p2a: Cresselia\n|-item|p2a: Cresselia|Kee Berry|[from] move: Recycle\n|move|p1a: Forretress|Volt Switch|p2a: Cresselia\n|-damage|p2a: Cresselia|90\/100\n|\n|t:|1699855061\n|switch|p1a: Lokix|Lokix, M|76\/100|[from] Volt Switch\n|\n|upkeep\n|turn|20\n|\n|t:|1699855067\n|-terastallize|p2a: Cresselia|Electric\n|move|p1a: Lokix|First Impression|p2a: Cresselia\n|-damage|p2a: Cresselia|73\/100\n|-enditem|p2a: Cresselia|Kee Berry|[eat]\n|-boost|p2a: Cresselia|def|1|[from] item: Kee Berry\n|move|p2a: Cresselia|Stored Power|p1a: Lokix\n|-immune|p1a: Lokix\n|\n|upkeep\n|turn|21\n|\n|t:|1699855078\n|move|p1a: Lokix|Throat Chop|p2a: Cresselia\n|-damage|p2a: Cresselia|63\/100\n|-start|p2a: Cresselia|Throat Chop|[silent]\n|move|p2a: Cresselia|Calm Mind|p2a: Cresselia\n|-boost|p2a: Cresselia|spa|1\n|-boost|p2a: Cresselia|spd|1\n|\n|upkeep\n|turn|22\n|\n|t:|1699855084\n|move|p1a: Lokix|Axe Kick|p2a: Cresselia\n|-damage|p2a: Cresselia|53\/100\n|-start|p2a: Cresselia|confusion\n|-activate|p2a: Cresselia|confusion\n|move|p2a: Cresselia|Recycle|p2a: Cresselia\n|-item|p2a: Cresselia|Kee Berry|[from] move: Recycle\n|\n|-end|p2a: Cresselia|Throat Chop|[silent]\n|upkeep\n|turn|23\n|\n|t:|1699855094\n|switch|p1a: Beedrill|Beedrill, F|100\/100\n|-activate|p2a: Cresselia|confusion\n|move|p2a: Cresselia|Calm Mind|p2a: Cresselia\n|-boost|p2a: Cresselia|spa|1\n|-boost|p2a: Cresselia|spd|1\n|\n|upkeep\n|turn|24\n|\n|t:|1699855102\n|detailschange|p1a: Beedrill|Beedrill-Mega, F\n|-mega|p1a: Beedrill|Beedrill|Beedrillite\n|move|p1a: Beedrill|Drill Run|p2a: Cresselia\n|-immune|p2a: Cresselia|[from] ability: Levitate\n|-end|p2a: Cresselia|confusion\n|move|p2a: Cresselia|Stored Power|p1a: Beedrill\n|-supereffective|p1a: Beedrill\n|-crit|p1a: Beedrill\n|-damage|p1a: Beedrill|0 fnt\n|faint|p1a: Beedrill\n|\n|upkeep\n|\n|t:|1699855112\n|switch|p1a: Lokix|Lokix, M|76\/100\n|turn|25\n|\n|t:|1699855119\n|move|p1a: Lokix|First Impression|p2a: Cresselia\n|-damage|p2a: Cresselia|42\/100\n|-enditem|p2a: Cresselia|Kee Berry|[eat]\n|-boost|p2a: Cresselia|def|1|[from] item: Kee Berry\n|move|p2a: Cresselia|Recycle|p2a: Cresselia\n|-item|p2a: Cresselia|Kee Berry|[from] move: Recycle\n|\n|upkeep\n|turn|26\n|\n|t:|1699855134\n|move|p1a: Lokix|Throat Chop|p2a: Cresselia\n|-damage|p2a: Cresselia|33\/100\n|-start|p2a: Cresselia|Throat Chop|[silent]\n|-enditem|p2a: Cresselia|Kee Berry|[eat]\n|-boost|p2a: Cresselia|def|1|[from] item: Kee Berry\n|move|p2a: Cresselia|Rest|p2a: Cresselia\n|-status|p2a: Cresselia|slp|[from] move: Rest\n|-heal|p2a: Cresselia|100\/100 slp|[silent]\n|\n|upkeep\n|turn|27\n|\n|t:|1699855146\n|switch|p1a: Heracross|Heracross, F, tera:Normal|83\/100 brn\n|cant|p2a: Cresselia|slp\n|\n|-damage|p1a: Heracross|77\/100 brn|[from] brn\n|-end|p2a: Cresselia|Throat Chop|[silent]\n|upkeep\n|turn|28\n|\n|t:|1699855153\n|move|p1a: Heracross|Facade|p2a: Cresselia\n|-damage|p2a: Cresselia|79\/100 slp\n|cant|p2a: Cresselia|slp\n|\n|-damage|p1a: Heracross|71\/100 brn|[from] brn\n|upkeep\n|turn|29\n|\n|t:|1699855161\n|move|p1a: Heracross|Facade|p2a: Cresselia\n|-damage|p2a: Cresselia|60\/100 slp\n|-curestatus|p2a: Cresselia|slp|[msg]\n|move|p2a: Cresselia|Stored Power|p1a: Heracross\n|-damage|p1a: Heracross|0 fnt\n|faint|p1a: Heracross\n|\n|upkeep\n|\n|t:|1699855168\n|switch|p1a: Forretress|Forretress, F|51\/100\n|turn|30\n|\n|t:|1699855175\n|move|p2a: Cresselia|Stored Power|p1a: Forretress\n|-resisted|p1a: Forretress\n|-damage|p1a: Forretress|0 fnt\n|faint|p1a: Forretress\n|\n|upkeep\n|\n|t:|1699855180\n|switch|p1a: Lokix|Lokix, M|76\/100\n|turn|31\n|c|\u2606dexois|what now\n|\n|t:|1699855190\n|move|p1a: Lokix|Axe Kick|p2a: Cresselia\n|-damage|p2a: Cresselia|52\/100\n|move|p2a: Cresselia|Rest|p2a: Cresselia\n|-status|p2a: Cresselia|slp|[from] move: Rest\n|-heal|p2a: Cresselia|100\/100 slp|[silent]\n|\n|upkeep\n|turn|32\n|\n|t:|1699855198\n|switch|p2a: Ferrothorn|Ferrothorn, F|100\/100\n|-damage|p2a: Ferrothorn|94\/100|[from] Stealth Rock\n|move|p1a: Lokix|Throat Chop|p2a: Ferrothorn\n|-damage|p2a: Ferrothorn|72\/100\n|-start|p2a: Ferrothorn|Throat Chop|[silent]\n|-damage|p1a: Lokix|63\/100|[from] ability: Iron Barbs|[of] p2a: Ferrothorn\n|\n|-heal|p2a: Ferrothorn|78\/100|[from] item: Leftovers\n|upkeep\n|turn|33\n|\n|t:|1699855208\n|move|p1a: Lokix|Axe Kick|p2a: Ferrothorn\n|-supereffective|p2a: Ferrothorn\n|-damage|p2a: Ferrothorn|40\/100\n|-damage|p1a: Lokix|51\/100|[from] ability: Iron Barbs|[of] p2a: Ferrothorn\n|move|p2a: Ferrothorn|Body Press|p1a: Lokix\n|-damage|p1a: Lokix|4\/100\n|\n|-heal|p2a: Ferrothorn|46\/100|[from] item: Leftovers\n|-end|p2a: Ferrothorn|Throat Chop|[silent]\n|upkeep\n|turn|34\n|c|\u2606Tank Tests|gg\n|\n|t:|1699855222\n|move|p1a: Lokix|Axe Kick|p2a: Ferrothorn\n|-supereffective|p2a: Ferrothorn\n|-damage|p2a: Ferrothorn|6\/100\n|-start|p2a: Ferrothorn|confusion\n|-damage|p1a: Lokix|0 fnt|[from] ability: Iron Barbs|[of] p2a: Ferrothorn\n|faint|p1a: Lokix\n|\n|win|Tank Tests\n|raw|dexois's rating: 1177 &rarr; <strong>1158<\/strong><br \/>(-19 for losing)\n|raw|Tank Tests's rating: 1256 &rarr; <strong>1275<\/strong><br \/>(+19 for winning)\n|c|\u2606dexois|gg\n|l|\u2606dexois\n","uploadtime":1699855244,"views":5,"p1id":"dexois","p2id":"tanktests","formatid":"gen9nationaldex","rating":1158,"private":0,"password":""}