{"id":"gen9nationaldex-1987762077","p1":"plus xax\u7535\u675f\u6728\u4fa0","p2":"Seidou1","format":"[Gen 9] National Dex","log":"|j|\u2606plus xax\u7535\u675f\u6728\u4fa0\n|j|\u2606Seidou1\n|t:|1699634581\n|gametype|singles\n|player|p1|plus xax\u7535\u675f\u6728\u4fa0|266|1498\n|player|p2|Seidou1|170|1754\n|teamsize|p1|6\n|teamsize|p2|6\n|gen|9\n|tier|[Gen 9] National Dex\n|rated|\n|rule|HP Percentage Mod: HP is shown in percentages\n|rule|Endless Battle Clause: Forcing endless battles is banned\n|rule|OHKO Clause: OHKO moves are banned\n|rule|Evasion Clause: Evasion abilities, items, and moves are banned\n|rule|Evasion Abilities Clause: Evasion abilities are banned\n|rule|Evasion Items Clause: Evasion items are banned\n|rule|Evasion Moves Clause: Evasion moves are banned\n|rule|Species Clause: Limit one of each Pok\u00e9mon\n|rule|Sleep Clause Mod: Limit one foe put to sleep\n|clearpoke\n|poke|p1|Ribombee, F|\n|poke|p1|Xurkitree|\n|poke|p1|Urshifu-*, F|\n|poke|p1|Bisharp, F|\n|poke|p1|Great Tusk|\n|poke|p1|Ogerpon-Wellspring, F|\n|poke|p2|Gliscor, F|\n|poke|p2|Alomomola, M|\n|poke|p2|Ferrothorn, M|\n|poke|p2|Tornadus-Therian, M|\n|poke|p2|Skeledirge, F|\n|poke|p2|Maushold-Four|\n|teampreview\n|\n|t:|1699634619\n|start\n|switch|p1a: Xurkitree|Xurkitree|100\/100\n|switch|p2a: Maushold|Maushold-Four|100\/100\n|turn|1\n|\n|t:|1699634632\n|switch|p1a: \u5c0f\u5c0f\u602a|Bisharp, F, shiny|100\/100\n|move|p2a: Maushold|Population Bomb|p1a: \u5c0f\u5c0f\u602a\n|-resisted|p1a: \u5c0f\u5c0f\u602a\n|-damage|p1a: \u5c0f\u5c0f\u602a|97\/100\n|-resisted|p1a: \u5c0f\u5c0f\u602a\n|-damage|p1a: \u5c0f\u5c0f\u602a|92\/100\n|-resisted|p1a: \u5c0f\u5c0f\u602a\n|-damage|p1a: \u5c0f\u5c0f\u602a|89\/100\n|-resisted|p1a: \u5c0f\u5c0f\u602a\n|-damage|p1a: \u5c0f\u5c0f\u602a|85\/100\n|-resisted|p1a: \u5c0f\u5c0f\u602a\n|-damage|p1a: \u5c0f\u5c0f\u602a|81\/100\n|-resisted|p1a: \u5c0f\u5c0f\u602a\n|-damage|p1a: \u5c0f\u5c0f\u602a|78\/100\n|-resisted|p1a: \u5c0f\u5c0f\u602a\n|-damage|p1a: \u5c0f\u5c0f\u602a|74\/100\n|-resisted|p1a: \u5c0f\u5c0f\u602a\n|-damage|p1a: \u5c0f\u5c0f\u602a|71\/100\n|-resisted|p1a: \u5c0f\u5c0f\u602a\n|-damage|p1a: \u5c0f\u5c0f\u602a|67\/100\n|-resisted|p1a: \u5c0f\u5c0f\u602a\n|-damage|p1a: \u5c0f\u5c0f\u602a|63\/100\n|-hitcount|p1a: \u5c0f\u5c0f\u602a|10\n|\n|upkeep\n|turn|2\n|\n|t:|1699634660\n|switch|p2a: Ferrothorn|Ferrothorn, M|100\/100\n|move|p1a: \u5c0f\u5c0f\u602a|Swords Dance|p1a: \u5c0f\u5c0f\u602a\n|-boost|p1a: \u5c0f\u5c0f\u602a|atk|2\n|\n|upkeep\n|turn|3\n|\n|t:|1699634668\n|move|p1a: \u5c0f\u5c0f\u602a|Swords Dance|p1a: \u5c0f\u5c0f\u602a\n|-boost|p1a: \u5c0f\u5c0f\u602a|atk|2\n|move|p2a: Ferrothorn|Leech Seed|p1a: \u5c0f\u5c0f\u602a\n|-start|p1a: \u5c0f\u5c0f\u602a|move: Leech Seed\n|\n|-damage|p1a: \u5c0f\u5c0f\u602a|50\/100|[from] Leech Seed|[of] p2a: Ferrothorn\n|upkeep\n|turn|4\n|\n|t:|1699634673\n|move|p1a: \u5c0f\u5c0f\u602a|Swords Dance|p1a: \u5c0f\u5c0f\u602a\n|-boost|p1a: \u5c0f\u5c0f\u602a|atk|2\n|move|p2a: Ferrothorn|Stealth Rock|p1a: \u5c0f\u5c0f\u602a\n|-sidestart|p1: plus xax\u7535\u675f\u6728\u4fa0|move: Stealth Rock\n|\n|-damage|p1a: \u5c0f\u5c0f\u602a|38\/100|[from] Leech Seed|[of] p2a: Ferrothorn\n|upkeep\n|turn|5\n|\n|t:|1699634675\n|move|p1a: \u5c0f\u5c0f\u602a|Knock Off|p2a: Ferrothorn\n|-damage|p2a: Ferrothorn|0 fnt\n|-damage|p1a: \u5c0f\u5c0f\u602a|26\/100|[from] ability: Iron Barbs|[of] p2a: Ferrothorn\n|-damage|p1a: \u5c0f\u5c0f\u602a|9\/100|[from] item: Rocky Helmet|[of] p2a: Ferrothorn\n|-enditem|p2a: Ferrothorn|Rocky Helmet|[from] move: Knock Off|[of] p1a: \u5c0f\u5c0f\u602a\n|faint|p2a: Ferrothorn\n|\n|upkeep\n|\n|t:|1699634678\n|switch|p2a: Maushold|Maushold-Four|100\/100\n|turn|6\n|\n|t:|1699634681\n|move|p1a: \u5c0f\u5c0f\u602a|Sucker Punch||[still]\n|-fail|p1a: \u5c0f\u5c0f\u602a\n|move|p2a: Maushold|Encore|p1a: \u5c0f\u5c0f\u602a\n|-start|p1a: \u5c0f\u5c0f\u602a|Encore\n|\n|-damage|p1a: \u5c0f\u5c0f\u602a|0 fnt|[from] Leech Seed|[of] p2a: Maushold\n|faint|p1a: \u5c0f\u5c0f\u602a\n|upkeep\n|\n|t:|1699634694\n|switch|p1a: Ribombee|Ribombee, F, shiny|100\/100\n|-damage|p1a: Ribombee|76\/100|[from] Stealth Rock\n|turn|7\n|\n|t:|1699634720\n|move|p1a: Ribombee|Sticky Web|p2a: Maushold\n|-sidestart|p2: Seidou1|move: Sticky Web\n|move|p2a: Maushold|Tidy Up|p2a: Maushold\n|-sideend|p2: Seidou1|Sticky Web\n|-sideend|p1: plus xax\u7535\u675f\u6728\u4fa0|Stealth Rock\n|-activate|p2a: Maushold|move: Tidy Up\n|-boost|p2a: Maushold|atk|1\n|-boost|p2a: Maushold|spe|1\n|\n|upkeep\n|turn|8\n|\n|t:|1699634728\n|move|p2a: Maushold|Encore|p1a: Ribombee\n|-start|p1a: Ribombee|Encore\n|move|p1a: Ribombee|Sticky Web|p2a: Maushold\n|-sidestart|p2: Seidou1|move: Sticky Web\n|\n|upkeep\n|turn|9\n|\n|t:|1699634739\n|switch|p1a: Great Tusk|Great Tusk|100\/100\n|move|p2a: Maushold|Tidy Up|p2a: Maushold\n|-sideend|p2: Seidou1|Sticky Web\n|-activate|p2a: Maushold|move: Tidy Up\n|-boost|p2a: Maushold|atk|1\n|-boost|p2a: Maushold|spe|1\n|\n|upkeep\n|turn|10\n|\n|t:|1699634773\n|-terastallize|p2a: Maushold|Normal\n|-terastallize|p1a: Great Tusk|Steel\n|move|p2a: Maushold|Population Bomb|p1a: Great Tusk\n|-resisted|p1a: Great Tusk\n|-damage|p1a: Great Tusk|90\/100\n|-resisted|p1a: Great Tusk\n|-damage|p1a: Great Tusk|78\/100\n|-resisted|p1a: Great Tusk\n|-damage|p1a: Great Tusk|66\/100\n|-resisted|p1a: Great Tusk\n|-damage|p1a: Great Tusk|56\/100\n|-resisted|p1a: Great Tusk\n|-damage|p1a: Great Tusk|44\/100\n|-resisted|p1a: Great Tusk\n|-damage|p1a: Great Tusk|33\/100\n|-resisted|p1a: Great Tusk\n|-damage|p1a: Great Tusk|23\/100\n|-resisted|p1a: Great Tusk\n|-damage|p1a: Great Tusk|12\/100\n|-resisted|p1a: Great Tusk\n|-damage|p1a: Great Tusk|0 fnt\n|faint|p1a: Great Tusk\n|-end|p1a: Great Tusk|Protosynthesis|[silent]\n|-hitcount|p1: Great Tusk|9\n|\n|upkeep\n|\n|t:|1699634804\n|switch|p1a: Urshifu|Urshifu-Rapid-Strike, F|100\/100\n|turn|11\n|inactive|Battle timer is ON: inactive players will automatically lose when time's up. (requested by plus xax\u7535\u675f\u6728\u4fa0)\n|\n|t:|1699634835\n|move|p2a: Maushold|Population Bomb|p1a: Urshifu\n|-damage|p1a: Urshifu|69\/100\n|-damage|p1a: Urshifu|41\/100\n|-damage|p1a: Urshifu|11\/100\n|-damage|p1a: Urshifu|0 fnt\n|faint|p1a: Urshifu\n|-hitcount|p1: Urshifu|4\n|\n|upkeep\n|\n|t:|1699634839\n|switch|p1a: Ogerpon|Ogerpon-Wellspring, F|100\/100\n|turn|12\n|\n|t:|1699634857\n|move|p2a: Maushold|Population Bomb|p1a: Ogerpon\n|-damage|p1a: Ogerpon|65\/100\n|-damage|p1a: Ogerpon|29\/100\n|-damage|p1a: Ogerpon|0 fnt\n|faint|p1a: Ogerpon\n|-hitcount|p1: Ogerpon|3\n|\n|upkeep\n|\n|t:|1699634861\n|switch|p1a: Xurkitree|Xurkitree|100\/100\n|turn|13\n|\n|t:|1699634864\n|move|p2a: Maushold|Population Bomb|p1a: Xurkitree\n|-damage|p1a: Xurkitree|56\/100\n|-damage|p1a: Xurkitree|12\/100\n|-damage|p1a: Xurkitree|0 fnt\n|faint|p1a: Xurkitree\n|-hitcount|p1: Xurkitree|3\n|\n|upkeep\n|\n|t:|1699634866\n|switch|p1a: Ribombee|Ribombee, F, shiny|76\/100\n|turn|14\n|\n|t:|1699634868\n|move|p2a: Maushold|Population Bomb|p1a: Ribombee\n|-damage|p1a: Ribombee|14\/100\n|-damage|p1a: Ribombee|0 fnt\n|faint|p1a: Ribombee\n|-hitcount|p1: Ribombee|2\n|\n|win|Seidou1\n|raw|plus xax\u7535\u675f\u6728\u4fa0's rating: 1498 &rarr; <strong>1490<\/strong><br \/>(-8 for losing)\n|raw|Seidou1's rating: 1737 &rarr; <strong>1745<\/strong><br \/>(+8 for winning)\n|l|\u2606plus xax\u7535\u675f\u6728\u4fa0\n","uploadtime":1699634888,"views":4,"p1id":"plusxax","p2id":"seidou1","formatid":"gen9nationaldex","rating":1490,"private":0,"password":""}