{"id":"gen9nationaldex-1992339935","p1":"Red Vs Showdown","p2":"ND9T2 tutiop","format":"[Gen 9] National Dex","log":"|j|\u2606Red Vs Showdown\n|j|\u2606ND9T2 tutiop\n|t:|1700176398\n|gametype|singles\n|player|p1|Red Vs Showdown|red-gen2|1822\n|player|p2|ND9T2 tutiop|ingo|1786\n|teamsize|p1|6\n|teamsize|p2|6\n|gen|9\n|tier|[Gen 9] National Dex\n|rated|\n|rule|HP Percentage Mod: HP is shown in percentages\n|rule|Endless Battle Clause: Forcing endless battles is banned\n|rule|OHKO Clause: OHKO moves are banned\n|rule|Evasion Clause: Evasion abilities, items, and moves are banned\n|rule|Evasion Abilities Clause: Evasion abilities are banned\n|rule|Evasion Items Clause: Evasion items are banned\n|rule|Evasion Moves Clause: Evasion moves are banned\n|rule|Species Clause: Limit one of each Pok\u00e9mon\n|rule|Sleep Clause Mod: Limit one foe put to sleep\n|clearpoke\n|poke|p1|Pikachu, F|\n|poke|p1|Charizard, M|\n|poke|p1|Blastoise, M|\n|poke|p1|Venusaur, M|\n|poke|p1|Snorlax, F|\n|poke|p1|Espeon, M|\n|poke|p2|Ursaluna, M|\n|poke|p2|Slowbro, M|\n|poke|p2|Uxie|\n|poke|p2|Crawdaunt, M|\n|poke|p2|Iron Hands|\n|poke|p2|Cresselia, F|\n|teampreview\n|c|\u2606Red Vs Showdown|...\n|\n|t:|1700176429\n|start\n|switch|p1a: Charizard|Charizard, M|100\/100\n|switch|p2a: Uxie|Uxie|100\/100\n|turn|1\n|inactive|Battle timer is ON: inactive players will automatically lose when time's up. (requested by Red Vs Showdown)\n|\n|t:|1700176480\n|detailschange|p1a: Charizard|Charizard-Mega-Y, M\n|-mega|p1a: Charizard|Charizard|Charizardite Y\n|-weather|SunnyDay|[from] ability: Drought|[of] p1a: Charizard\n|move|p1a: Charizard|Fire Blast|p2a: Uxie|[miss]\n|-miss|p1a: Charizard|p2a: Uxie\n|move|p2a: Uxie|Trick Room|p2a: Uxie\n|-fieldstart|move: Trick Room|[of] p2a: Uxie\n|\n|-weather|SunnyDay|[upkeep]\n|upkeep\n|turn|2\n|\n|t:|1700176485\n|switch|p1a: Espeon|Espeon, M|100\/100\n|move|p2a: Uxie|Stealth Rock|p1a: Espeon\n|move|p1a: Espeon|Stealth Rock|p2a: Uxie|[from]ability: Magic Bounce\n|-sidestart|p2: ND9T2 tutiop|move: Stealth Rock\n|\n|-weather|SunnyDay|[upkeep]\n|upkeep\n|turn|3\n|\n|t:|1700176491\n|move|p2a: Uxie|U-turn|p1a: Espeon\n|-supereffective|p1a: Espeon\n|-damage|p1a: Espeon|56\/100\n|\n|t:|1700176494\n|switch|p2a: Crawdaunt|Crawdaunt, M|100\/100|[from] U-turn\n|-damage|p2a: Crawdaunt|88\/100|[from] Stealth Rock\n|move|p1a: Espeon|Trick|p2a: Crawdaunt\n|-activate|p1a: Espeon|move: Trick|[of] p2a: Crawdaunt\n|-item|p2a: Crawdaunt|Choice Scarf|[from] move: Trick\n|-item|p1a: Espeon|Life Orb|[from] move: Trick\n|\n|-weather|SunnyDay|[upkeep]\n|upkeep\n|turn|4\n|\n|t:|1700176508\n|switch|p1a: Blastoise|Blastoise, M|100\/100\n|move|p2a: Crawdaunt|Knock Off|p1a: Blastoise\n|-damage|p1a: Blastoise|55\/100\n|-enditem|p1a: Blastoise|Leftovers|[from] move: Knock Off|[of] p2a: Crawdaunt\n|\n|-weather|SunnyDay|[upkeep]\n|upkeep\n|turn|5\n|\n|t:|1700176516\n|move|p2a: Crawdaunt|Knock Off|p1a: Blastoise\n|-damage|p1a: Blastoise|21\/100\n|move|p1a: Blastoise|Flip Turn|p2a: Crawdaunt\n|-resisted|p2a: Crawdaunt\n|-damage|p2a: Crawdaunt|81\/100\n|\n|t:|1700176534\n|switch|p1a: Espeon|Espeon, M|56\/100|[from] Flip Turn\n|\n|-weather|none\n|-fieldend|move: Trick Room\n|upkeep\n|turn|6\n|\n|t:|1700176563\n|move|p1a: Espeon|Dazzling Gleam|p2a: Crawdaunt\n|-supereffective|p2a: Crawdaunt\n|-damage|p2a: Crawdaunt|0 fnt\n|faint|p2a: Crawdaunt\n|-damage|p1a: Espeon|46\/100|[from] item: Life Orb\n|\n|upkeep\n|\n|t:|1700176568\n|switch|p2a: Uxie|Uxie|100\/100\n|-damage|p2a: Uxie|88\/100|[from] Stealth Rock\n|turn|7\n|\n|t:|1700176581\n|move|p1a: Espeon|Dazzling Gleam|p2a: Uxie\n|-damage|p2a: Uxie|68\/100\n|-damage|p1a: Espeon|36\/100|[from] item: Life Orb\n|move|p2a: Uxie|Trick Room|p2a: Uxie\n|-fieldstart|move: Trick Room|[of] p2a: Uxie\n|\n|upkeep\n|turn|8\n|inactive|ND9T2 tutiop has 120 seconds left.\n|\n|t:|1700176617\n|switch|p1a: Blastoise|Blastoise, M|21\/100\n|move|p2a: Uxie|U-turn|p1a: Blastoise\n|-damage|p1a: Blastoise|14\/100\n|\n|t:|1700176622\n|switch|p2a: Ursaluna|Ursaluna, M|100\/100|[from] U-turn\n|-damage|p2a: Ursaluna|94\/100|[from] Stealth Rock\n|\n|-status|p2a: Ursaluna|brn|[from] item: Flame Orb\n|upkeep\n|turn|9\n|\n|t:|1700176639\n|move|p2a: Ursaluna|Facade|p1a: Blastoise\n|-damage|p1a: Blastoise|0 fnt\n|faint|p1a: Blastoise\n|\n|-damage|p2a: Ursaluna|88\/100 brn|[from] brn\n|upkeep\n|\n|t:|1700176650\n|switch|p1a: Pikachu|Pikachu, F|100\/100\n|turn|10\n|\n|t:|1700176658\n|-terastallize|p1a: Pikachu|Normal\n|move|p1a: Pikachu|Fake Out|p2a: Ursaluna\n|-damage|p2a: Ursaluna|70\/100 brn\n|cant|p2a: Ursaluna|flinch\n|\n|-damage|p2a: Ursaluna|64\/100 brn|[from] brn\n|upkeep\n|turn|11\n|j| YJLF\n|\n|t:|1700176665\n|switch|p1a: Espeon|Espeon, M|36\/100\n|move|p2a: Ursaluna|Facade|p1a: Espeon\n|-damage|p1a: Espeon|0 fnt\n|faint|p1a: Espeon\n|\n|-damage|p2a: Ursaluna|58\/100 brn|[from] brn\n|-fieldend|move: Trick Room\n|upkeep\n|\n|t:|1700176667\n|switch|p1a: Charizard|Charizard-Mega-Y, M|100\/100\n|-weather|SunnyDay|[from] ability: Drought|[of] p1a: Charizard\n|turn|12\n|\n|t:|1700176670\n|switch|p2a: Uxie|Uxie|68\/100\n|-damage|p2a: Uxie|56\/100|[from] Stealth Rock\n|move|p1a: Charizard|Fire Blast|p2a: Uxie\n|-damage|p2a: Uxie|0 fnt\n|faint|p2a: Uxie\n|\n|-weather|SunnyDay|[upkeep]\n|upkeep\n|\n|t:|1700176672\n|switch|p2a: Cresselia|Cresselia, F|100\/100\n|-damage|p2a: Cresselia|88\/100|[from] Stealth Rock\n|turn|13\n|\n|t:|1700176674\n|move|p1a: Charizard|Fire Blast|p2a: Cresselia\n|-damage|p2a: Cresselia|39\/100\n|move|p2a: Cresselia|Trick Room|p2a: Cresselia\n|-fieldstart|move: Trick Room|[of] p2a: Cresselia\n|\n|-weather|SunnyDay|[upkeep]\n|upkeep\n|turn|14\n|\n|t:|1700176684\n|switch|p1a: Pikachu|Pikachu, F, tera:Normal|100\/100\n|-terastallize|p2a: Cresselia|Water\n|move|p2a: Cresselia|Moonlight|p2a: Cresselia\n|-heal|p2a: Cresselia|100\/100\n|\n|-weather|SunnyDay|[upkeep]\n|upkeep\n|turn|15\n|\n|t:|1700176690\n|switch|p2a: Ursaluna|Ursaluna, M|58\/100 brn\n|-damage|p2a: Ursaluna|51\/100 brn|[from] Stealth Rock\n|move|p1a: Pikachu|Fake Out|p2a: Ursaluna\n|-damage|p2a: Ursaluna|32\/100 brn\n|\n|-weather|SunnyDay|[upkeep]\n|-damage|p2a: Ursaluna|26\/100 brn|[from] brn\n|upkeep\n|turn|16\n|\n|t:|1700176693\n|move|p1a: Pikachu|Extreme Speed|p2a: Ursaluna\n|-damage|p2a: Ursaluna|0 fnt\n|faint|p2a: Ursaluna\n|\n|-weather|none\n|upkeep\n|\n|t:|1700176699\n|switch|p2a: Iron Hands|Iron Hands|100\/100\n|-damage|p2a: Iron Hands|94\/100|[from] Stealth Rock\n|turn|17\n|\n|t:|1700176706\n|switch|p1a: Snorlax|Snorlax, F|100\/100\n|move|p2a: Iron Hands|Ice Punch|p1a: Snorlax\n|-damage|p1a: Snorlax|85\/100\n|\n|-fieldend|move: Trick Room\n|upkeep\n|turn|18\n|\n|t:|1700176710\n|move|p1a: Snorlax|Return|p2a: Iron Hands\n|-damage|p2a: Iron Hands|48\/100\n|-zpower|p2a: Iron Hands\n|move|p2a: Iron Hands|Gigavolt Havoc|p1a: Snorlax|[zeffect]\n|-damage|p1a: Snorlax|0 fnt\n|faint|p1a: Snorlax\n|\n|upkeep\n|\n|t:|1700176713\n|switch|p1a: Charizard|Charizard-Mega-Y, M|100\/100\n|-weather|SunnyDay|[from] ability: Drought|[of] p1a: Charizard\n|turn|19\n|\n|t:|1700176716\n|-end|p2a: Iron Hands|Quark Drive|[silent]\n|switch|p2a: Slowbro|Slowbro, M|100\/100\n|move|p1a: Charizard|Fire Blast|p2a: Slowbro\n|-resisted|p2a: Slowbro\n|-damage|p2a: Slowbro|44\/100\n|\n|-weather|SunnyDay|[upkeep]\n|upkeep\n|turn|20\n|\n|t:|1700176721\n|move|p1a: Charizard|Fire Blast|p2a: Slowbro\n|-resisted|p2a: Slowbro\n|-damage|p2a: Slowbro|0 fnt\n|faint|p2a: Slowbro\n|\n|-weather|SunnyDay|[upkeep]\n|upkeep\n|\n|t:|1700176723\n|switch|p2a: Cresselia|Cresselia, F, tera:Water|100\/100\n|-damage|p2a: Cresselia|88\/100|[from] Stealth Rock\n|turn|21\n|\n|t:|1700176726\n|switch|p1a: Venusaur|Venusaur, M|100\/100\n|move|p2a: Cresselia|Trick Room|p2a: Cresselia\n|-fieldstart|move: Trick Room|[of] p2a: Cresselia\n|\n|-weather|SunnyDay|[upkeep]\n|upkeep\n|turn|22\n|\n|t:|1700176731\n|move|p2a: Cresselia|Lunar Dance|p2a: Cresselia\n|faint|p2a: Cresselia\n|move|p1a: Venusaur|Solar Beam||[still]\n|-prepare|p1a: Venusaur|Solar Beam\n|-anim|p1a: Venusaur|Solar Beam|p2: Cresselia|[notarget]\n|-fail|p1a: Venusaur\n|\n|-weather|SunnyDay|[upkeep]\n|upkeep\n|\n|t:|1700176733\n|switch|p2a: Iron Hands|Iron Hands|48\/100\n|-heal|p2a: Iron Hands|100\/100|[from] move: Lunar Dance\n|-damage|p2a: Iron Hands|94\/100|[from] Stealth Rock\n|turn|23\n|\n|t:|1700176746\n|move|p2a: Iron Hands|Ice Punch|p1a: Venusaur\n|-supereffective|p1a: Venusaur\n|-damage|p1a: Venusaur|20\/100\n|-zpower|p1a: Venusaur\n|move|p1a: Venusaur|Bloom Doom|p2a: Iron Hands|[zeffect]\n|-damage|p2a: Iron Hands|20\/100\n|\n|-weather|none\n|upkeep\n|turn|24\n|\n|t:|1700176749\n|move|p2a: Iron Hands|Wild Charge|p1a: Venusaur\n|-resisted|p1a: Venusaur\n|-damage|p1a: Venusaur|0 fnt\n|faint|p1a: Venusaur\n|-damage|p2a: Iron Hands|17\/100|[from] Recoil\n|\n|upkeep\n|\n|t:|1700176751\n|switch|p1a: Pikachu|Pikachu, F, tera:Normal|100\/100\n|turn|25\n|-message|ND9T2 tutiop forfeited.\n|\n|win|Red Vs Showdown\n|raw|Red Vs Showdown's rating: 1822 &rarr; <strong>1840<\/strong><br \/>(+18 for winning)\n|raw|ND9T2 tutiop's rating: 1786 &rarr; <strong>1768<\/strong><br \/>(-18 for losing)\n|l|\u2606ND9T2 tutiop\n|c|\u2606Red Vs Showdown|...\n","uploadtime":1700176758,"views":4,"p1id":"redvsshowdown","p2id":"nd9t2tutiop","formatid":"gen9nationaldex","rating":1768,"private":0,"password":""}