{"id":"gen9nationaldex-1988343935","p1":"Icri_o","p2":"pikaplayer1001000","format":"[Gen 9] National Dex","log":"|j|\u2606Icri_o\n|j|\u2606pikaplayer1001000\n|t:|1699711530\n|gametype|singles\n|player|p1|Icri_o|169|1351\n|player|p2|pikaplayer1001000|red-gen2|1241\n|teamsize|p1|6\n|teamsize|p2|6\n|gen|9\n|tier|[Gen 9] National Dex\n|rated|\n|rule|HP Percentage Mod: HP is shown in percentages\n|rule|Endless Battle Clause: Forcing endless battles is banned\n|rule|OHKO Clause: OHKO moves are banned\n|rule|Evasion Clause: Evasion abilities, items, and moves are banned\n|rule|Evasion Abilities Clause: Evasion abilities are banned\n|rule|Evasion Items Clause: Evasion items are banned\n|rule|Evasion Moves Clause: Evasion moves are banned\n|rule|Species Clause: Limit one of each Pok\u00e9mon\n|rule|Sleep Clause Mod: Limit one foe put to sleep\n|clearpoke\n|poke|p1|Diancie|\n|poke|p1|Corviknight, F|\n|poke|p1|Ninetales-Alola, F|\n|poke|p1|Urshifu-*, F|\n|poke|p1|Garchomp, M|\n|poke|p1|Volcarona, M|\n|poke|p2|Kricketune, M|\n|poke|p2|Mawile, M|\n|poke|p2|Ninetales-Alola, F|\n|poke|p2|Ribombee, M|\n|poke|p2|Pawmot, M|\n|poke|p2|Tsareena, F|\n|teampreview\n|inactive|Battle timer is ON: inactive players will automatically lose when time's up. (requested by Icri_o)\n|\n|t:|1699711550\n|start\n|switch|p1a: Corviknight|Corviknight, F|100\/100\n|switch|p2a: Ribombee|Ribombee, M|100\/100\n|-ability|p1a: Corviknight|Pressure\n|turn|1\n|\n|t:|1699711555\n|move|p2a: Ribombee|Sticky Web|p1a: Corviknight\n|-sidestart|p1: Icri_o|move: Sticky Web\n|move|p1a: Corviknight|Brave Bird|p2a: Ribombee\n|-supereffective|p2a: Ribombee\n|-crit|p2a: Ribombee\n|-enditem|p2a: Ribombee|Focus Sash\n|-damage|p2a: Ribombee|1\/100\n|-damage|p1a: Corviknight|74\/100|[from] Recoil\n|\n|upkeep\n|turn|2\n|\n|t:|1699711566\n|move|p2a: Ribombee|Stun Spore|p1a: Corviknight\n|-status|p1a: Corviknight|par\n|move|p1a: Corviknight|Defog|p2a: Ribombee\n|-unboost|p2a: Ribombee|evasion|1\n|-sideend|p1: Icri_o|Sticky Web|[from] move: Defog|[of] p1a: Corviknight\n|\n|upkeep\n|turn|3\n|\n|t:|1699711570\n|move|p2a: Ribombee|Sticky Web|p1a: Corviknight\n|-sidestart|p1: Icri_o|move: Sticky Web\n|move|p1a: Corviknight|Brave Bird|p2a: Ribombee\n|-supereffective|p2a: Ribombee\n|-damage|p2a: Ribombee|0 fnt\n|faint|p2a: Ribombee\n|-damage|p1a: Corviknight|74\/100 par|[from] Recoil\n|\n|upkeep\n|\n|t:|1699711578\n|switch|p2a: Pawmot|Pawmot, M|100\/100\n|turn|4\n|\n|t:|1699711580\n|move|p2a: Pawmot|Double Shock|p1a: Corviknight\n|-supereffective|p1a: Corviknight\n|-damage|p1a: Corviknight|7\/100 par\n|-start|p2a: Pawmot|typechange|???\/Fighting|[from] move: Double Shock\n|-damage|p2a: Pawmot|84\/100|[from] item: Rocky Helmet|[of] p1a: Corviknight\n|move|p1a: Corviknight|Defog|p2a: Pawmot\n|-unboost|p2a: Pawmot|evasion|1\n|-sideend|p1: Icri_o|Sticky Web|[from] move: Defog|[of] p1a: Corviknight\n|\n|upkeep\n|turn|5\n|\n|t:|1699711597\n|move|p2a: Pawmot|Revival Blessing|p2a: Pawmot\n|-enditem|p2a: Pawmot|Leppa Berry|[eat]\n|-activate|p2a: Pawmot|item: Leppa Berry|Revival Blessing|[consumed]\n|\n|t:|1699711607\n|-heal|p2: Ribombee|50\/100|[from] move: Revival Blessing\n|move|p1a: Corviknight|Roost|p1a: Corviknight\n|-heal|p1a: Corviknight|57\/100 par\n|-singleturn|p1a: Corviknight|move: Roost\n|\n|upkeep\n|turn|6\n|\n|t:|1699711616\n|move|p2a: Pawmot|Close Combat|p1a: Corviknight\n|-damage|p1a: Corviknight|23\/100 par\n|-unboost|p2a: Pawmot|def|1\n|-unboost|p2a: Pawmot|spd|1\n|-damage|p2a: Pawmot|68\/100|[from] item: Rocky Helmet|[of] p1a: Corviknight\n|cant|p1a: Corviknight|par\n|\n|upkeep\n|turn|7\n|\n|t:|1699711631\n|switch|p1a: Volcarona|Volcarona, M|100\/100\n|move|p2a: Pawmot|Close Combat|p1a: Volcarona\n|-resisted|p1a: Volcarona\n|-damage|p1a: Volcarona|54\/100\n|-unboost|p2a: Pawmot|def|1\n|-unboost|p2a: Pawmot|spd|1\n|\n|upkeep\n|turn|8\n|\n|t:|1699711652\n|move|p2a: Pawmot|Close Combat|p1a: Volcarona\n|-resisted|p1a: Volcarona\n|-damage|p1a: Volcarona|12\/100\n|-unboost|p2a: Pawmot|def|1\n|-unboost|p2a: Pawmot|spd|1\n|move|p1a: Volcarona|Quiver Dance|p1a: Volcarona\n|-boost|p1a: Volcarona|spa|1\n|-boost|p1a: Volcarona|spd|1\n|-boost|p1a: Volcarona|spe|1\n|\n|upkeep\n|turn|9\n|\n|t:|1699711656\n|move|p2a: Pawmot|Mach Punch|p1a: Volcarona\n|-resisted|p1a: Volcarona\n|-damage|p1a: Volcarona|0 fnt\n|faint|p1a: Volcarona\n|\n|upkeep\n|\n|t:|1699711668\n|switch|p1a: Urshifu|Urshifu-Rapid-Strike, F|100\/100\n|turn|10\n|\n|t:|1699711685\n|move|p1a: Urshifu|Surging Strikes|p2a: Pawmot\n|-crit|p2a: Pawmot\n|-damage|p2a: Pawmot|0 fnt\n|faint|p2a: Pawmot\n|-hitcount|p2: Pawmot|1\n|\n|upkeep\n|\n|t:|1699711689\n|switch|p2a: Ninetales|Ninetales-Alola, F|100\/100\n|-weather|Snow|[from] ability: Snow Warning|[of] p2a: Ninetales\n|turn|11\n|\n|t:|1699711696\n|move|p1a: Urshifu|Surging Strikes|p2a: Ninetales\n|-crit|p2a: Ninetales\n|-damage|p2a: Ninetales|79\/100\n|-crit|p2a: Ninetales\n|-damage|p2a: Ninetales|57\/100\n|-crit|p2a: Ninetales\n|-damage|p2a: Ninetales|35\/100\n|-hitcount|p2a: Ninetales|3\n|move|p2a: Ninetales|Aurora Veil|p2a: Ninetales\n|-sidestart|p2: pikaplayer1001000|move: Aurora Veil\n|\n|-weather|Snow|[upkeep]\n|upkeep\n|turn|12\n|\n|t:|1699711704\n|move|p1a: Urshifu|Surging Strikes|p2a: Ninetales\n|-crit|p2a: Ninetales\n|-damage|p2a: Ninetales|13\/100\n|-crit|p2a: Ninetales\n|-damage|p2a: Ninetales|0 fnt\n|faint|p2a: Ninetales\n|-hitcount|p2: Ninetales|2\n|\n|-weather|Snow|[upkeep]\n|upkeep\n|\n|t:|1699711719\n|switch|p2a: Tsareena|Tsareena, F|100\/100\n|turn|13\n|\n|t:|1699711727\n|switch|p1a: Corviknight|Corviknight, F|23\/100 par\n|-ability|p1a: Corviknight|Pressure\n|-zpower|p2a: Tsareena\n|move|p2a: Tsareena|Z-Splash|p2a: Tsareena|[anim]Splash\n|-boost|p2a: Tsareena|atk|3|[zeffect]\n|-nothing\n|\n|-weather|Snow|[upkeep]\n|upkeep\n|turn|14\n|\n|t:|1699711731\n|move|p2a: Tsareena|High Jump Kick|p1a: Corviknight\n|-damage|p1a: Corviknight|0 fnt\n|-damage|p2a: Tsareena|84\/100|[from] item: Rocky Helmet|[of] p1a: Corviknight\n|faint|p1a: Corviknight\n|\n|-weather|Snow|[upkeep]\n|upkeep\n|\n|t:|1699711735\n|switch|p1a: Ninetales|Ninetales-Alola, F|100\/100\n|turn|15\n|\n|t:|1699711751\n|move|p1a: Ninetales|Aurora Veil|p1a: Ninetales\n|-sidestart|p1: Icri_o|move: Aurora Veil\n|move|p2a: Tsareena|Power Whip|p1a: Ninetales\n|-damage|p1a: Ninetales|35\/100\n|\n|-weather|none\n|upkeep\n|turn|16\n|\n|t:|1699711767\n|move|p1a: Ninetales|Freeze-Dry|p2a: Tsareena\n|-supereffective|p2a: Tsareena\n|-damage|p2a: Tsareena|59\/100\n|move|p2a: Tsareena|Power Whip|p1a: Ninetales\n|-damage|p1a: Ninetales|0 fnt\n|faint|p1a: Ninetales\n|\n|upkeep\n|\n|t:|1699711772\n|switch|p1a: Diancie|Diancie|100\/100\n|turn|17\n|\n|t:|1699711777\n|detailschange|p1a: Diancie|Diancie-Mega\n|-mega|p1a: Diancie|Diancie|Diancite\n|move|p1a: Diancie|Mystical Fire|p2a: Tsareena\n|-supereffective|p2a: Tsareena\n|-damage|p2a: Tsareena|21\/100\n|-unboost|p2a: Tsareena|spa|1\n|move|p2a: Tsareena|Power Whip|p1a: Diancie\n|-supereffective|p1a: Diancie\n|-damage|p1a: Diancie|0 fnt\n|faint|p1a: Diancie\n|\n|upkeep\n|\n|t:|1699711788\n|switch|p1a: Garchomp|Garchomp, M|100\/100\n|turn|18\n|\n|t:|1699711792\n|move|p1a: Garchomp|Outrage|p2a: Tsareena\n|-damage|p2a: Tsareena|0 fnt\n|faint|p2a: Tsareena\n|\n|-sideend|p2: pikaplayer1001000|move: Aurora Veil\n|upkeep\n|\n|t:|1699711794\n|switch|p2a: Ribombee|Ribombee, M|50\/100\n|turn|19\n|\n|t:|1699711803\n|move|p2a: Ribombee|Sticky Web|p1a: Garchomp\n|-sidestart|p1: Icri_o|move: Sticky Web\n|move|p1a: Garchomp|Outrage|p2a: Ribombee|[from]lockedmove\n|-immune|p2a: Ribombee\n|-start|p1a: Garchomp|confusion|[fatigue]\n|\n|upkeep\n|turn|20\n|\n|t:|1699711818\n|move|p2a: Ribombee|Moonblast|p1a: Garchomp\n|-supereffective|p1a: Garchomp\n|-damage|p1a: Garchomp|66\/100\n|-activate|p1a: Garchomp|confusion\n|move|p1a: Garchomp|Swords Dance|p1a: Garchomp\n|-boost|p1a: Garchomp|atk|2\n|\n|upkeep\n|turn|21\n|\n|t:|1699711826\n|switch|p2a: Kricketune|Kricketune, M|100\/100\n|-activate|p1a: Garchomp|confusion\n|move|p1a: Garchomp|Earthquake|p2a: Kricketune\n|-resisted|p2a: Kricketune\n|-damage|p2a: Kricketune|5\/100\n|\n|upkeep\n|turn|22\n|\n|t:|1699711831\n|-activate|p1a: Garchomp|confusion\n|move|p1a: Garchomp|Earthquake|p2a: Kricketune\n|-resisted|p2a: Kricketune\n|-damage|p2a: Kricketune|0 fnt\n|faint|p2a: Kricketune\n|\n|-sideend|p1: Icri_o|move: Aurora Veil\n|upkeep\n|\n|t:|1699711834\n|switch|p2a: Ribombee|Ribombee, M|50\/100\n|turn|23\n|\n|t:|1699711837\n|move|p2a: Ribombee|Moonblast|p1a: Garchomp\n|-supereffective|p1a: Garchomp\n|-damage|p1a: Garchomp|2\/100\n|-activate|p1a: Garchomp|confusion\n|move|p1a: Garchomp|Earthquake|p2a: Ribombee\n|-resisted|p2a: Ribombee\n|-crit|p2a: Ribombee\n|-damage|p2a: Ribombee|0 fnt\n|faint|p2a: Ribombee\n|\n|upkeep\n|\n|t:|1699711840\n|switch|p2a: Mawile|Mawile, M|100\/100\n|turn|24\n|\n|t:|1699711846\n|detailschange|p2a: Mawile|Mawile-Mega, M\n|-mega|p2a: Mawile|Mawile|Mawilite\n|move|p2a: Mawile|Sucker Punch|p1a: Garchomp\n|-crit|p1a: Garchomp\n|-damage|p1a: Garchomp|0 fnt\n|-damage|p2a: Mawile|88\/100|[from] ability: Rough Skin|[of] p1a: Garchomp\n|faint|p1a: Garchomp\n|\n|upkeep\n|\n|t:|1699711850\n|switch|p1a: Urshifu|Urshifu-Rapid-Strike, F|100\/100\n|-activate|p1a: Urshifu|move: Sticky Web\n|-unboost|p1a: Urshifu|spe|1\n|turn|25\n|\n|t:|1699711853\n|-terastallize|p1a: Urshifu|Water\n|move|p1a: Urshifu|Surging Strikes|p2a: Mawile\n|-crit|p2a: Mawile\n|-damage|p2a: Mawile|61\/100\n|-crit|p2a: Mawile\n|-damage|p2a: Mawile|35\/100\n|-crit|p2a: Mawile\n|-damage|p2a: Mawile|7\/100\n|-hitcount|p2a: Mawile|3\n|move|p2a: Mawile|Play Rough|p1a: Urshifu\n|-damage|p1a: Urshifu|10\/100\n|\n|upkeep\n|turn|26\n|\n|t:|1699711859\n|move|p2a: Mawile|Sucker Punch|p1a: Urshifu\n|-damage|p1a: Urshifu|0 fnt\n|faint|p1a: Urshifu\n|\n|win|pikaplayer1001000\n|raw|Icri_o's rating: 1351 &rarr; <strong>1326<\/strong><br \/>(-25 for losing)\n|raw|pikaplayer1001000's rating: 1270 &rarr; <strong>1301<\/strong><br \/>(+31 for winning)\n|l|\u2606Icri_o\n","uploadtime":1699711862,"views":15,"p1id":"icrio","p2id":"pikaplayer1001000","formatid":"gen9nationaldex","rating":1301,"private":0,"password":""}