{"id":"gen9nationaldex-1999894948","p1":"fatlumpofpoop","p2":"Theadonia","format":"[Gen 9] National Dex","log":"|html|<div class=\"broadcast-blue\"><strong>[Gen 9] National Dex is currently suspecting Sneasler! For information on how to participate check out the <a href=\"https:\/\/www.smogon.com\/forums\/threads\/sv-national-dex-suspect-8-just-dance.3731534\/\">suspect thread<\/a>.<\/strong><\/div>\n|j|\u2606fatlumpofpoop\n|j|\u2606Theadonia\n|t:|1701127325\n|gametype|singles\n|player|p1|fatlumpofpoop|firebreather|1197\n|player|p2|Theadonia|roxie|1231\n|teamsize|p1|6\n|teamsize|p2|6\n|gen|9\n|tier|[Gen 9] National Dex\n|rated|\n|rule|HP Percentage Mod: HP is shown in percentages\n|rule|Endless Battle Clause: Forcing endless battles is banned\n|rule|OHKO Clause: OHKO moves are banned\n|rule|Evasion Clause: Evasion abilities, items, and moves are banned\n|rule|Evasion Abilities Clause: Evasion abilities are banned\n|rule|Evasion Items Clause: Evasion items are banned\n|rule|Evasion Moves Clause: Evasion moves are banned\n|rule|Species Clause: Limit one of each Pok\u00e9mon\n|rule|Sleep Clause Mod: Limit one foe put to sleep\n|clearpoke\n|poke|p1|Scizor, F|\n|poke|p1|Heatran, M|\n|poke|p1|Kartana|\n|poke|p1|Aegislash, M|\n|poke|p1|Corviknight, F|\n|poke|p1|Goodra-Hisui, M|\n|poke|p2|Ambipom, M|\n|poke|p2|Kartana|\n|poke|p2|Rampardos, M|\n|poke|p2|Regigigas|\n|poke|p2|Slaking, F|\n|poke|p2|Hoopa-Unbound|\n|teampreview\n|\n|t:|1701127341\n|start\n|switch|p1a: Excalibur|Aegislash, M|100\/100\n|switch|p2a: Regigigas|Regigigas|100\/100\n|-start|p2a: Regigigas|ability: Slow Start\n|turn|1\n|\n|t:|1701127348\n|move|p1a: Excalibur|Toxic|p2a: Regigigas\n|-status|p2a: Regigigas|tox\n|move|p2a: Regigigas|Thunder Wave|p1a: Excalibur\n|-status|p1a: Excalibur|par\n|\n|-damage|p2a: Regigigas|94\/100 tox|[from] psn\n|upkeep\n|turn|2\n|\n|t:|1701127366\n|move|p1a: Excalibur|King's Shield|p1a: Excalibur\n|-singleturn|p1a: Excalibur|Protect\n|move|p2a: Regigigas|Knock Off|p1a: Excalibur\n|-activate|p1a: Excalibur|move: Protect\n|-unboost|p2a: Regigigas|atk|1\n|\n|-damage|p2a: Regigigas|82\/100 tox|[from] psn\n|upkeep\n|turn|3\n|\n|t:|1701127376\n|-end|p2a: Regigigas|Slow Start|[silent]\n|switch|p2a: Slaking|Slaking, F|100\/100\n|switch|p1a: Trifold|Kartana|100\/100\n|\n|upkeep\n|turn|4\n|\n|t:|1701127386\n|move|p1a: Trifold|Sacred Sword|p2a: Slaking\n|-supereffective|p2a: Slaking\n|-damage|p2a: Slaking|46\/100\n|move|p2a: Slaking|Drain Punch|p1a: Trifold\n|-supereffective|p1a: Trifold\n|-damage|p1a: Trifold|35\/100\n|-heal|p2a: Slaking|63\/100|[from] drain|[of] p1a: Trifold\n|\n|upkeep\n|turn|5\n|\n|t:|1701127400\n|switch|p2a: Hoopa|Hoopa-Unbound|100\/100\n|move|p1a: Trifold|Sacred Sword|p2a: Hoopa\n|-damage|p2a: Hoopa|30\/100\n|\n|upkeep\n|turn|6\n|\n|t:|1701127408\n|move|p1a: Trifold|Sacred Sword|p2a: Hoopa\n|-damage|p2a: Hoopa|0 fnt\n|faint|p2a: Hoopa\n|-ability|p1a: Trifold|Beast Boost|boost\n|-boost|p1a: Trifold|atk|1\n|\n|upkeep\n|\n|t:|1701127415\n|switch|p2a: Ambipom|Ambipom, M, shiny|100\/100\n|turn|7\n|\n|t:|1701127421\n|move|p2a: Ambipom|Fake Out|p1a: Trifold\n|-resisted|p1a: Trifold\n|-damage|p1a: Trifold|21\/100\n|cant|p1a: Trifold|flinch\n|\n|upkeep\n|turn|8\n|\n|t:|1701127435\n|move|p1a: Trifold|Sacred Sword|p2a: Ambipom\n|-supereffective|p2a: Ambipom\n|-damage|p2a: Ambipom|0 fnt\n|faint|p2a: Ambipom\n|-ability|p1a: Trifold|Beast Boost|boost\n|-boost|p1a: Trifold|atk|1\n|\n|upkeep\n|\n|t:|1701127447\n|switch|p2a: Kartana|Kartana|100\/100\n|turn|9\n|\n|t:|1701127450\n|move|p1a: Trifold|Sacred Sword|p2a: Kartana\n|-supereffective|p2a: Kartana\n|-damage|p2a: Kartana|0 fnt\n|faint|p2a: Kartana\n|-ability|p1a: Trifold|Beast Boost|boost\n|-boost|p1a: Trifold|atk|1\n|\n|upkeep\n|-message|Theadonia forfeited.\n|\n|win|fatlumpofpoop\n|raw|fatlumpofpoop's rating: 1197 &rarr; <strong>1224<\/strong><br \/>(+27 for winning)\n|raw|Theadonia's rating: 1231 &rarr; <strong>1204<\/strong><br \/>(-27 for losing)\n|l|\u2606Theadonia\n","uploadtime":1701127457,"views":17,"p1id":"fatlumpofpoop","p2id":"theadonia","formatid":"gen9nationaldex","rating":1204,"private":0,"password":""}