{"id":"gen9nationaldex-1996549550","p1":"nosejugar957","p2":"amberfossil","format":"[Gen 9] National Dex","log":"|html|<div class=\"broadcast-blue\"><strong>[Gen 9] National Dex is currently suspecting Sneasler! For information on how to participate check out the <a href=\"https:\/\/www.smogon.com\/forums\/threads\/sv-national-dex-suspect-8-just-dance.3731534\/\">suspect thread<\/a>.<\/strong><\/div>\n|j|\u2606nosejugar957\n|j|\u2606amberfossil\n|t:|1700693175\n|gametype|singles\n|player|p1|nosejugar957|red|1181\n|player|p2|amberfossil|cameraman|1221\n|teamsize|p1|6\n|teamsize|p2|6\n|gen|9\n|tier|[Gen 9] National Dex\n|rated|\n|rule|HP Percentage Mod: HP is shown in percentages\n|rule|Endless Battle Clause: Forcing endless battles is banned\n|rule|OHKO Clause: OHKO moves are banned\n|rule|Evasion Clause: Evasion abilities, items, and moves are banned\n|rule|Evasion Abilities Clause: Evasion abilities are banned\n|rule|Evasion Items Clause: Evasion items are banned\n|rule|Evasion Moves Clause: Evasion moves are banned\n|rule|Species Clause: Limit one of each Pok\u00e9mon\n|rule|Sleep Clause Mod: Limit one foe put to sleep\n|clearpoke\n|poke|p1|Iron Valiant|\n|poke|p1|Manectric, F|\n|poke|p1|Gliscor, M|\n|poke|p1|Empoleon, M|\n|poke|p1|Grimmsnarl, M|\n|poke|p1|Ninetales-Alola, M|\n|poke|p2|Scolipede, M|\n|poke|p2|Alakazam, M|\n|poke|p2|Sharpedo, M|\n|poke|p2|Noivern, M|\n|poke|p2|Kommo-o, M|\n|poke|p2|Salamence, M|\n|teampreview\n|inactive|Battle timer is ON: inactive players will automatically lose when time's up. (requested by amberfossil)\n|\n|t:|1700693186\n|start\n|switch|p1a: Grimmsnarl|Grimmsnarl, M|100\/100\n|switch|p2a: Scolipede|Scolipede, M, shiny|100\/100\n|turn|1\n|\n|t:|1700693192\n|move|p2a: Scolipede|Protect|p2a: Scolipede\n|-singleturn|p2a: Scolipede|Protect\n|move|p1a: Grimmsnarl|Reflect|p1a: Grimmsnarl\n|-sidestart|p1: nosejugar957|Reflect\n|\n|-ability|p2a: Scolipede|Speed Boost|boost\n|-boost|p2a: Scolipede|spe|1\n|upkeep\n|turn|2\n|\n|t:|1700693199\n|move|p1a: Grimmsnarl|Reflect||[still]\n|-fail|p1a: Grimmsnarl\n|move|p2a: Scolipede|Poison Jab|p1a: Grimmsnarl\n|-supereffective|p1a: Grimmsnarl\n|-damage|p1a: Grimmsnarl|70\/100\n|\n|-ability|p2a: Scolipede|Speed Boost|boost\n|-boost|p2a: Scolipede|spe|1\n|upkeep\n|turn|3\n|\n|t:|1700693206\n|move|p1a: Grimmsnarl|Taunt|p2a: Scolipede\n|-start|p2a: Scolipede|move: Taunt\n|move|p2a: Scolipede|Poison Jab|p1a: Grimmsnarl\n|-supereffective|p1a: Grimmsnarl\n|-damage|p1a: Grimmsnarl|39\/100\n|\n|-ability|p2a: Scolipede|Speed Boost|boost\n|-boost|p2a: Scolipede|spe|1\n|upkeep\n|turn|4\n|\n|t:|1700693216\n|move|p1a: Grimmsnarl|Light Screen|p1a: Grimmsnarl\n|-sidestart|p1: nosejugar957|move: Light Screen\n|move|p2a: Scolipede|Poison Jab|p1a: Grimmsnarl\n|-supereffective|p1a: Grimmsnarl\n|-damage|p1a: Grimmsnarl|9\/100\n|-status|p1a: Grimmsnarl|psn\n|\n|-damage|p1a: Grimmsnarl|0 fnt|[from] psn\n|faint|p1a: Grimmsnarl\n|-ability|p2a: Scolipede|Speed Boost|boost\n|-boost|p2a: Scolipede|spe|1\n|upkeep\n|\n|t:|1700693231\n|switch|p1a: Empoleon|Empoleon, M|100\/100\n|turn|5\n|\n|t:|1700693241\n|switch|p2a: Kommo-o|Kommo-o, M|100\/100\n|move|p1a: Empoleon|Feather Dance|p2a: Kommo-o\n|-unboost|p2a: Kommo-o|atk|2\n|\n|upkeep\n|turn|6\n|\n|t:|1700693251\n|move|p2a: Kommo-o|Aura Sphere|p1a: Empoleon\n|-supereffective|p1a: Empoleon\n|-damage|p1a: Empoleon|79\/100\n|move|p1a: Empoleon|Knock Off|p2a: Kommo-o\n|-resisted|p2a: Kommo-o\n|-damage|p2a: Kommo-o|92\/100\n|-enditem|p2a: Kommo-o|Throat Spray|[from] move: Knock Off|[of] p1a: Empoleon\n|\n|-heal|p1a: Empoleon|85\/100|[from] item: Leftovers\n|upkeep\n|turn|7\n|\n|t:|1700693261\n|move|p2a: Kommo-o|Clangorous Soul|p2a: Kommo-o\n|-boost|p2a: Kommo-o|atk|1\n|-boost|p2a: Kommo-o|def|1\n|-boost|p2a: Kommo-o|spa|1\n|-boost|p2a: Kommo-o|spd|1\n|-boost|p2a: Kommo-o|spe|1\n|-damage|p2a: Kommo-o|59\/100\n|move|p1a: Empoleon|Feather Dance|p2a: Kommo-o\n|-unboost|p2a: Kommo-o|atk|2\n|\n|-heal|p1a: Empoleon|92\/100|[from] item: Leftovers\n|upkeep\n|turn|8\n|\n|t:|1700693273\n|move|p2a: Kommo-o|Aura Sphere|p1a: Empoleon\n|-supereffective|p1a: Empoleon\n|-damage|p1a: Empoleon|55\/100\n|move|p1a: Empoleon|Flip Turn|p2a: Kommo-o\n|-resisted|p2a: Kommo-o\n|-damage|p2a: Kommo-o|53\/100\n|\n|t:|1700693288\n|switch|p1a: Gliscor|Gliscor, M|100\/100|[from] Flip Turn\n|\n|-sideend|p1: nosejugar957|Reflect\n|-status|p1a: Gliscor|tox|[from] item: Toxic Orb\n|upkeep\n|turn|9\n|\n|t:|1700693296\n|move|p2a: Kommo-o|Flamethrower|p1a: Gliscor\n|-damage|p1a: Gliscor|73\/100 tox\n|move|p1a: Gliscor|Toxic|p2a: Kommo-o\n|-status|p2a: Kommo-o|tox\n|\n|-damage|p2a: Kommo-o|47\/100 tox|[from] psn\n|-heal|p1a: Gliscor|85\/100 tox|[from] ability: Poison Heal\n|upkeep\n|turn|10\n|\n|t:|1700693304\n|move|p2a: Kommo-o|Flamethrower|p1a: Gliscor\n|-damage|p1a: Gliscor|55\/100 tox\n|move|p1a: Gliscor|Stealth Rock|p2a: Kommo-o\n|-sidestart|p2: amberfossil|move: Stealth Rock\n|\n|-damage|p2a: Kommo-o|35\/100 tox|[from] psn\n|-heal|p1a: Gliscor|68\/100 tox|[from] ability: Poison Heal\n|upkeep\n|turn|11\n|\n|t:|1700693316\n|move|p2a: Kommo-o|Flamethrower|p1a: Gliscor\n|-damage|p1a: Gliscor|40\/100 tox\n|move|p1a: Gliscor|U-turn|p2a: Kommo-o\n|-resisted|p2a: Kommo-o\n|-damage|p2a: Kommo-o|29\/100 tox\n|\n|t:|1700693330\n|switch|p1a: Empoleon|Empoleon, M|55\/100|[from] U-turn\n|\n|-heal|p1a: Empoleon|62\/100|[from] item: Leftovers\n|-damage|p2a: Kommo-o|10\/100 tox|[from] psn\n|-sideend|p1: nosejugar957|move: Light Screen\n|upkeep\n|turn|12\n|\n|t:|1700693335\n|move|p2a: Kommo-o|Aura Sphere|p1a: Empoleon\n|-supereffective|p1a: Empoleon\n|-damage|p1a: Empoleon|0 fnt\n|faint|p1a: Empoleon\n|\n|-damage|p2a: Kommo-o|0 fnt|[from] psn\n|faint|p2a: Kommo-o\n|upkeep\n|\n|t:|1700693348\n|switch|p2a: Alakazam|Alakazam, M|100\/100\n|switch|p1a: Iron Valiant|Iron Valiant|100\/100\n|-enditem|p1a: Iron Valiant|Booster Energy\n|-activate|p1a: Iron Valiant|ability: Quark Drive|[fromitem]\n|-start|p1a: Iron Valiant|quarkdrivespe\n|turn|13\n|\n|t:|1700693356\n|-terastallize|p2a: Alakazam|Ice\n|move|p1a: Iron Valiant|Leaf Blade|p2a: Alakazam\n|-damage|p2a: Alakazam|26\/100\n|move|p2a: Alakazam|Psychic|p1a: Iron Valiant\n|-supereffective|p1a: Iron Valiant\n|-damage|p1a: Iron Valiant|0 fnt\n|faint|p1a: Iron Valiant\n|-end|p1a: Iron Valiant|Quark Drive|[silent]\n|\n|upkeep\n|\n|t:|1700693368\n|switch|p1a: Manectric|Manectric, F, shiny|100\/100\n|turn|14\n|\n|t:|1700693372\n|detailschange|p1a: Manectric|Manectric-Mega, F, shiny\n|-mega|p1a: Manectric|Manectric|Manectite\n|-ability|p1a: Manectric|Intimidate|boost\n|-unboost|p2a: Alakazam|atk|1\n|move|p1a: Manectric|Volt Switch|p2a: Alakazam\n|-damage|p2a: Alakazam|0 fnt\n|faint|p2a: Alakazam\n|\n|t:|1700693380\n|switch|p1a: Gliscor|Gliscor, M|40\/100 tox|[from] Volt Switch\n|\n|-heal|p1a: Gliscor|52\/100 tox|[from] ability: Poison Heal\n|upkeep\n|\n|t:|1700693386\n|switch|p2a: Sharpedo|Sharpedo, M|100\/100\n|-damage|p2a: Sharpedo|88\/100|[from] Stealth Rock\n|turn|15\n|\n|t:|1700693390\n|move|p2a: Sharpedo|Protect|p2a: Sharpedo\n|-singleturn|p2a: Sharpedo|Protect\n|move|p1a: Gliscor|Toxic|p2a: Sharpedo\n|-activate|p2a: Sharpedo|move: Protect\n|\n|-heal|p1a: Gliscor|65\/100 tox|[from] ability: Poison Heal\n|-ability|p2a: Sharpedo|Speed Boost|boost\n|-boost|p2a: Sharpedo|spe|1\n|upkeep\n|turn|16\n|\n|t:|1700693396\n|detailschange|p2a: Sharpedo|Sharpedo-Mega, M\n|-mega|p2a: Sharpedo|Sharpedo|Sharpedonite\n|move|p2a: Sharpedo|Ice Fang|p1a: Gliscor\n|-supereffective|p1a: Gliscor\n|-damage|p1a: Gliscor|0 fnt\n|faint|p1a: Gliscor\n|\n|upkeep\n|\n|t:|1700693402\n|switch|p1a: Manectric|Manectric-Mega, F, shiny|100\/100\n|-ability|p1a: Manectric|Intimidate|boost\n|-unboost|p2a: Sharpedo|atk|1\n|turn|17\n|\n|t:|1700693406\n|move|p2a: Sharpedo|Crunch|p1a: Manectric\n|-damage|p1a: Manectric|33\/100\n|-unboost|p1a: Manectric|def|1\n|move|p1a: Manectric|Thunderbolt|p2a: Sharpedo\n|-supereffective|p2a: Sharpedo\n|-damage|p2a: Sharpedo|0 fnt\n|faint|p2a: Sharpedo\n|\n|upkeep\n|\n|t:|1700693413\n|switch|p2a: Scolipede|Scolipede, M, shiny|100\/100\n|-damage|p2a: Scolipede|76\/100|[from] Stealth Rock\n|turn|18\n|\n|t:|1700693417\n|move|p2a: Scolipede|Protect|p2a: Scolipede\n|-singleturn|p2a: Scolipede|Protect\n|move|p1a: Manectric|Overheat|p2a: Scolipede\n|-activate|p2a: Scolipede|move: Protect\n|\n|-ability|p2a: Scolipede|Speed Boost|boost\n|-boost|p2a: Scolipede|spe|1\n|upkeep\n|turn|19\n|\n|t:|1700693425\n|switch|p1a: Ninetales|Ninetales-Alola, M|100\/100\n|-weather|Snow|[from] ability: Snow Warning|[of] p1a: Ninetales\n|move|p2a: Scolipede|Poison Jab|p1a: Ninetales\n|-supereffective|p1a: Ninetales\n|-damage|p1a: Ninetales|23\/100\n|-status|p1a: Ninetales|psn\n|\n|-weather|Snow|[upkeep]\n|-damage|p1a: Ninetales|10\/100 psn|[from] psn\n|-ability|p2a: Scolipede|Speed Boost|boost\n|-boost|p2a: Scolipede|spe|1\n|upkeep\n|turn|20\n|\n|t:|1700693441\n|-terastallize|p1a: Ninetales|Steel\n|move|p2a: Scolipede|Poison Jab|p1a: Ninetales\n|-immune|p1a: Ninetales\n|move|p1a: Ninetales|Ice Beam|p2a: Scolipede\n|-damage|p2a: Scolipede|0 fnt\n|faint|p2a: Scolipede\n|\n|-weather|Snow|[upkeep]\n|-damage|p1a: Ninetales|0 fnt|[from] psn\n|faint|p1a: Ninetales\n|upkeep\n|\n|t:|1700693450\n|switch|p2a: Noivern|Noivern, M|100\/100\n|switch|p1a: Manectric|Manectric-Mega, F, shiny|33\/100\n|-ability|p1a: Manectric|Intimidate|boost\n|-unboost|p2a: Noivern|atk|1\n|-damage|p2a: Noivern|76\/100|[from] Stealth Rock\n|turn|21\n|\n|t:|1700693453\n|move|p1a: Manectric|Hidden Power|p2a: Noivern\n|-supereffective|p2a: Noivern\n|-damage|p2a: Noivern|0 fnt\n|faint|p2a: Noivern\n|\n|-weather|Snow|[upkeep]\n|upkeep\n|\n|t:|1700693456\n|switch|p2a: Salamence|Salamence, M|100\/100\n|-damage|p2a: Salamence|76\/100|[from] Stealth Rock\n|turn|22\n|\n|t:|1700693458\n|move|p1a: Manectric|Hidden Power|p2a: Salamence\n|-supereffective|p2a: Salamence\n|-damage|p2a: Salamence|0 fnt\n|faint|p2a: Salamence\n|\n|win|nosejugar957\n|raw|nosejugar957's rating: 1181 &rarr; <strong>1209<\/strong><br \/>(+28 for winning)\n|raw|amberfossil's rating: 1221 &rarr; <strong>1193<\/strong><br \/>(-28 for losing)\n|l|\u2606amberfossil\n","uploadtime":1700693477,"views":2,"p1id":"nosejugar957","p2id":"amberfossil","formatid":"gen9nationaldex","rating":1193,"private":0,"password":""}