{"id":"gen9nationaldex-1994524948","p1":"NDSNEZFurinaGaming","p2":"MickLizard","format":"[Gen 9] National Dex","log":"|j|\u2606NDSNEZFurinaGaming\n|j|\u2606MickLizard\n|t:|1700454508\n|gametype|singles\n|player|p1|NDSNEZFurinaGaming|winona|1096\n|player|p2|MickLizard|red|1041\n|teamsize|p1|6\n|teamsize|p2|6\n|gen|9\n|tier|[Gen 9] National Dex\n|rated|\n|rule|HP Percentage Mod: HP is shown in percentages\n|rule|Endless Battle Clause: Forcing endless battles is banned\n|rule|OHKO Clause: OHKO moves are banned\n|rule|Evasion Clause: Evasion abilities, items, and moves are banned\n|rule|Evasion Abilities Clause: Evasion abilities are banned\n|rule|Evasion Items Clause: Evasion items are banned\n|rule|Evasion Moves Clause: Evasion moves are banned\n|rule|Species Clause: Limit one of each Pok\u00e9mon\n|rule|Sleep Clause Mod: Limit one foe put to sleep\n|clearpoke\n|poke|p1|Tapu Koko|\n|poke|p1|Smeargle, M|\n|poke|p1|Volcarona, F|\n|poke|p1|Lopunny, M|\n|poke|p1|Sneasler, F|\n|poke|p1|Toxapex, M|\n|poke|p2|Glimmora, F|\n|poke|p2|Starmie|\n|poke|p2|Steelix, F|\n|poke|p2|Breloom, M|\n|poke|p2|Pelipper, M|\n|poke|p2|Typhlosion-Hisui, M|\n|teampreview\n|\n|t:|1700454523\n|start\n|switch|p1a: Tapu Koko|Tapu Koko|100\/100\n|switch|p2a: Glimmora|Glimmora, F|100\/100\n|-fieldstart|move: Electric Terrain|[from] ability: Electric Surge|[of] p1a: Tapu Koko\n|-item|p2a: Glimmora|Air Balloon\n|turn|1\n|\n|t:|1700454532\n|move|p1a: Tapu Koko|Taunt|p2a: Glimmora\n|-start|p2a: Glimmora|move: Taunt\n|cant|p2a: Glimmora|move: Taunt|Stealth Rock\n|\n|upkeep\n|turn|2\n|\n|t:|1700454537\n|move|p1a: Tapu Koko|Light Screen|p1a: Tapu Koko\n|-sidestart|p1: NDSNEZFurinaGaming|move: Light Screen\n|move|p2a: Glimmora|Mortal Spin|p1a: Tapu Koko\n|-supereffective|p1a: Tapu Koko\n|-damage|p1a: Tapu Koko|88\/100\n|-status|p1a: Tapu Koko|psn\n|\n|-damage|p1a: Tapu Koko|76\/100 psn|[from] psn\n|upkeep\n|turn|3\n|\n|t:|1700454544\n|move|p1a: Tapu Koko|Reflect|p1a: Tapu Koko\n|-sidestart|p1: NDSNEZFurinaGaming|Reflect\n|move|p2a: Glimmora|Power Gem|p1a: Tapu Koko\n|-damage|p1a: Tapu Koko|48\/100 psn\n|\n|-damage|p1a: Tapu Koko|36\/100 psn|[from] psn\n|-end|p2a: Glimmora|move: Taunt\n|upkeep\n|turn|4\n|\n|t:|1700454552\n|move|p1a: Tapu Koko|Taunt|p2a: Glimmora\n|-start|p2a: Glimmora|move: Taunt\n|move|p2a: Glimmora|Power Gem|p1a: Tapu Koko\n|-crit|p1a: Tapu Koko\n|-damage|p1a: Tapu Koko|0 fnt\n|faint|p1a: Tapu Koko\n|\n|upkeep\n|\n|t:|1700454562\n|switch|p1a: Sneasler|Sneasler, F|100\/100\n|-enditem|p1a: Sneasler|Electric Seed\n|-boost|p1a: Sneasler|def|1|[from] item: Electric Seed\n|turn|5\n|\n|t:|1700454574\n|switch|p2a: Pelipper|Pelipper, M|100\/100\n|-weather|RainDance|[from] ability: Drizzle|[of] p2a: Pelipper\n|move|p1a: Sneasler|Swords Dance|p1a: Sneasler\n|-boost|p1a: Sneasler|atk|2\n|\n|-weather|RainDance|[upkeep]\n|-fieldend|move: Electric Terrain\n|upkeep\n|turn|6\n|\n|t:|1700454585\n|-terastallize|p1a: Sneasler|Flying\n|move|p1a: Sneasler|Acrobatics|p2a: Pelipper\n|-crit|p2a: Pelipper\n|-damage|p2a: Pelipper|0 fnt\n|faint|p2a: Pelipper\n|\n|-weather|RainDance|[upkeep]\n|upkeep\n|\n|t:|1700454604\n|switch|p2a: Glimmora|Glimmora, F|100\/100\n|-item|p2a: Glimmora|Air Balloon\n|turn|7\n|\n|t:|1700454619\n|move|p1a: Sneasler|Dire Claw|p2a: Glimmora\n|-resisted|p2a: Glimmora\n|-damage|p2a: Glimmora|77\/100\n|-status|p2a: Glimmora|slp\n|-activate|p2a: Glimmora|ability: Toxic Debris\n|-sidestart|p1: NDSNEZFurinaGaming|move: Toxic Spikes\n|-enditem|p2a: Glimmora|Air Balloon\n|cant|p2a: Glimmora|slp\n|\n|-weather|RainDance|[upkeep]\n|upkeep\n|turn|8\n|\n|t:|1700454629\n|move|p1a: Sneasler|Close Combat|p2a: Glimmora\n|-damage|p2a: Glimmora|0 fnt\n|-unboost|p1a: Sneasler|def|1\n|-unboost|p1a: Sneasler|spd|1\n|-activate|p2a: Glimmora|ability: Toxic Debris\n|-sidestart|p1: NDSNEZFurinaGaming|move: Toxic Spikes\n|faint|p2a: Glimmora\n|\n|-weather|RainDance|[upkeep]\n|upkeep\n|\n|t:|1700454642\n|switch|p2a: Breloom|Breloom, M, shiny|100\/100\n|turn|9\n|\n|t:|1700454655\n|move|p1a: Sneasler|Acrobatics|p2a: Breloom\n|-supereffective|p2a: Breloom\n|-damage|p2a: Breloom|0 fnt\n|faint|p2a: Breloom\n|\n|-weather|none\n|-sideend|p1: NDSNEZFurinaGaming|move: Light Screen\n|upkeep\n|-message|MickLizard forfeited.\n|\n|win|NDSNEZFurinaGaming\n|raw|NDSNEZFurinaGaming's rating: 1096 &rarr; <strong>1118<\/strong><br \/>(+22 for winning)\n|raw|MickLizard's rating: 1041 &rarr; <strong>1027<\/strong><br \/>(-14 for losing)\n|l|\u2606MickLizard\n|c|\u2606NDSNEZFurinaGaming|gg\n","uploadtime":1700454766,"views":5,"p1id":"ndsnezfurinagaming","p2id":"micklizard","formatid":"gen9nationaldex","rating":1027,"private":0,"password":""}