{"id":"gen9nationaldex-1998932332","p1":"NM Nidokings","p2":"DT Dragalges","format":"[Gen 9] National Dex","log":"|html|<div class=\"broadcast-blue\"><strong>[Gen 9] National Dex is currently suspecting Sneasler! For information on how to participate check out the <a href=\"https:\/\/www.smogon.com\/forums\/threads\/sv-national-dex-suspect-8-just-dance.3731534\/\">suspect thread<\/a>.<\/strong><\/div>\n|j|\u2606NM Nidokings\n|j|\u2606DT Dragalges\n|t:|1701014666\n|gametype|singles\n|player|p1|NM Nidokings|266|\n|player|p2|DT Dragalges|koga|\n|teamsize|p1|6\n|teamsize|p2|6\n|gen|9\n|tier|[Gen 9] National Dex\n|rule|HP Percentage Mod: HP is shown in percentages\n|rule|Endless Battle Clause: Forcing endless battles is banned\n|rule|OHKO Clause: OHKO moves are banned\n|rule|Evasion Clause: Evasion abilities, items, and moves are banned\n|rule|Evasion Abilities Clause: Evasion abilities are banned\n|rule|Evasion Items Clause: Evasion items are banned\n|rule|Evasion Moves Clause: Evasion moves are banned\n|rule|Species Clause: Limit one of each Pok\u00e9mon\n|rule|Sleep Clause Mod: Limit one foe put to sleep\n|clearpoke\n|poke|p1|Nidoking, M|\n|poke|p1|Arcanine-Hisui, M|\n|poke|p1|Kilowattrel, M|\n|poke|p1|Flamigo, M|\n|poke|p1|Arboliva, M|\n|poke|p1|Primarina, F|\n|poke|p2|Corviknight, M|\n|poke|p2|Feraligatr, M|\n|poke|p2|Chandelure, F|\n|poke|p2|Muk-Alola, M|\n|poke|p2|Sandaconda, F|\n|poke|p2|Lycanroc-Dusk, M|\n|teampreview\n|c|\u2606DT Dragalges|good luck my friend\n|\n|t:|1701014685\n|start\n|switch|p1a: Scar|Nidoking, M|100\/100\n|switch|p2a: Sobi|Feraligatr, M|100\/100\n|turn|1\n|c|\u2606NM Nidokings|You as well sir\n|\n|t:|1701014701\n|switch|p1a: Arboliva|Arboliva, M|100\/100\n|move|p2a: Sobi|Liquidation|p1a: Arboliva\n|-resisted|p1a: Arboliva\n|-damage|p1a: Arboliva|78\/100\n|\n|upkeep\n|turn|2\n|\n|t:|1701014708\n|switch|p2a: Yeast|Muk-Alola, M, shiny|100\/100\n|move|p1a: Arboliva|Strength Sap|p2a: Yeast\n|-unboost|p2a: Yeast|atk|1\n|-heal|p1a: Arboliva|100\/100\n|\n|upkeep\n|turn|3\n|\n|t:|1701014725\n|switch|p1a: Scar|Nidoking, M|100\/100\n|move|p2a: Yeast|Knock Off|p1a: Scar\n|-damage|p1a: Scar|67\/100\n|-enditem|p1a: Scar|Life Orb|[from] move: Knock Off|[of] p2a: Yeast\n|\n|upkeep\n|turn|4\n|\n|t:|1701014741\n|move|p1a: Scar|Stealth Rock|p2a: Yeast\n|-sidestart|p2: DT Dragalges|move: Stealth Rock\n|move|p2a: Yeast|Ice Punch|p1a: Scar\n|-supereffective|p1a: Scar\n|-damage|p1a: Scar|32\/100\n|\n|upkeep\n|turn|5\n|\n|t:|1701014751\n|switch|p1a: Roy|Arcanine-Hisui, M|100\/100\n|switch|p2a: Jericho|Corviknight, M|100\/100\n|-damage|p2a: Jericho|88\/100|[from] Stealth Rock\n|-ability|p2a: Jericho|Pressure\n|\n|-heal|p2a: Jericho|94\/100|[from] item: Leftovers\n|upkeep\n|turn|6\n|\n|t:|1701014764\n|move|p1a: Roy|Will-O-Wisp|p2a: Jericho\n|-status|p2a: Jericho|brn\n|move|p2a: Jericho|Defog|p1a: Roy\n|-unboost|p1a: Roy|evasion|1\n|-sideend|p2: DT Dragalges|Stealth Rock|[from] move: Defog|[of] p2a: Jericho\n|\n|-heal|p2a: Jericho|100\/100 brn|[from] item: Leftovers\n|-damage|p2a: Jericho|94\/100 brn|[from] brn\n|upkeep\n|turn|7\n|\n|t:|1701014775\n|move|p1a: Roy|Head Smash|p2a: Jericho\n|-damage|p2a: Jericho|49\/100 brn\n|move|p2a: Jericho|U-turn|p1a: Roy\n|-resisted|p1a: Roy\n|-damage|p1a: Roy|96\/100\n|\n|t:|1701014781\n|switch|p2a: Bucky|Lycanroc-Dusk, M|100\/100|[from] U-turn\n|\n|upkeep\n|turn|8\n|\n|t:|1701014788\n|switch|p1a: Arboliva|Arboliva, M|100\/100\n|move|p2a: Bucky|Close Combat|p1a: Arboliva\n|-supereffective|p1a: Arboliva\n|-damage|p1a: Arboliva|8\/100\n|-unboost|p2a: Bucky|def|1\n|-unboost|p2a: Bucky|spd|1\n|-enditem|p1a: Arboliva|Sitrus Berry|[eat]\n|-heal|p1a: Arboliva|33\/100|[from] item: Sitrus Berry\n|-damage|p2a: Bucky|91\/100|[from] item: Life Orb\n|\n|upkeep\n|turn|9\n|\n|t:|1701014806\n|move|p2a: Bucky|Close Combat|p1a: Arboliva\n|-supereffective|p1a: Arboliva\n|-damage|p1a: Arboliva|0 fnt\n|-unboost|p2a: Bucky|def|1\n|-unboost|p2a: Bucky|spd|1\n|faint|p1a: Arboliva\n|-damage|p2a: Bucky|81\/100|[from] item: Life Orb\n|\n|upkeep\n|\n|t:|1701014814\n|switch|p1a: Winry|Primarina, F|100\/100\n|turn|10\n|\n|t:|1701014822\n|switch|p2a: Yeast|Muk-Alola, M, shiny|100\/100\n|move|p1a: Winry|Scald|p2a: Yeast\n|-damage|p2a: Yeast|79\/100\n|\n|upkeep\n|turn|11\n|\n|t:|1701014830\n|switch|p1a: Roy|Arcanine-Hisui, M|96\/100\n|move|p2a: Yeast|Poison Jab|p1a: Roy\n|-resisted|p1a: Roy\n|-damage|p1a: Roy|75\/100\n|-status|p1a: Roy|psn\n|\n|-damage|p1a: Roy|63\/100 psn|[from] psn\n|upkeep\n|turn|12\n|\n|t:|1701014839\n|switch|p2a: Kaa|Sandaconda, F, shiny|100\/100\n|move|p1a: Roy|Head Smash|p2a: Kaa\n|-resisted|p2a: Kaa\n|-damage|p2a: Kaa|79\/100\n|-damage|p1a: Roy|46\/100 psn|[from] item: Rocky Helmet|[of] p2a: Kaa\n|\n|-damage|p1a: Roy|34\/100 psn|[from] psn\n|upkeep\n|turn|13\n|\n|t:|1701014849\n|switch|p1a: Winry|Primarina, F|100\/100\n|move|p2a: Kaa|Stealth Rock|p1a: Winry\n|-sidestart|p1: NM Nidokings|move: Stealth Rock\n|\n|upkeep\n|turn|14\n|\n|t:|1701014860\n|move|p2a: Kaa|Glare|p1a: Winry\n|-status|p1a: Winry|par\n|move|p1a: Winry|Scald|p2a: Kaa\n|-supereffective|p2a: Kaa\n|-damage|p2a: Kaa|0 fnt\n|faint|p2a: Kaa\n|\n|upkeep\n|\n|t:|1701014870\n|switch|p2a: Sobi|Feraligatr, M|100\/100\n|turn|15\n|\n|t:|1701014877\n|move|p2a: Sobi|Dragon Dance|p2a: Sobi\n|-boost|p2a: Sobi|atk|1\n|-boost|p2a: Sobi|spe|1\n|move|p1a: Winry|Flip Turn|p2a: Sobi\n|-resisted|p2a: Sobi\n|-damage|p2a: Sobi|93\/100\n|\n|t:|1701014884\n|switch|p1a: Riza Hawkeye|Kilowattrel, M|100\/100|[from] Flip Turn\n|-damage|p1a: Riza Hawkeye|76\/100|[from] Stealth Rock\n|\n|upkeep\n|turn|16\n|\n|t:|1701014896\n|move|p2a: Sobi|Ice Punch|p1a: Riza Hawkeye\n|-supereffective|p1a: Riza Hawkeye\n|-damage|p1a: Riza Hawkeye|0 fnt\n|faint|p1a: Riza Hawkeye\n|\n|upkeep\n|\n|t:|1701014905\n|switch|p1a: Armstrong|Flamigo, M|100\/100\n|turn|17\n|\n|t:|1701014910\n|move|p2a: Sobi|Liquidation|p1a: Armstrong\n|-damage|p1a: Armstrong|0 fnt\n|faint|p1a: Armstrong\n|\n|upkeep\n|\n|t:|1701014918\n|switch|p1a: Winry|Primarina, F|100\/100 par\n|-damage|p1a: Winry|88\/100 par|[from] Stealth Rock\n|turn|18\n|\n|t:|1701014923\n|move|p2a: Sobi|Liquidation|p1a: Winry\n|-resisted|p1a: Winry\n|-damage|p1a: Winry|35\/100 par\n|move|p1a: Winry|Moonblast|p2a: Sobi\n|-damage|p2a: Sobi|19\/100\n|\n|upkeep\n|turn|19\n|\n|t:|1701014930\n|move|p2a: Sobi|Liquidation|p1a: Winry\n|-resisted|p1a: Winry\n|-damage|p1a: Winry|0 fnt\n|faint|p1a: Winry\n|\n|upkeep\n|c|\u2606NM Nidokings|gg\n|\n|t:|1701014935\n|switch|p1a: Roy|Arcanine-Hisui, M|34\/100 psn\n|turn|20\n|\n|t:|1701014939\n|switch|p2a: Jericho|Corviknight, M|49\/100 brn\n|-ability|p2a: Jericho|Pressure\n|move|p1a: Roy|Head Smash|p2a: Jericho\n|-damage|p2a: Jericho|2\/100 brn\n|\n|-heal|p2a: Jericho|9\/100 brn|[from] item: Leftovers\n|-damage|p1a: Roy|22\/100 psn|[from] psn\n|-damage|p2a: Jericho|2\/100 brn|[from] brn\n|upkeep\n|turn|21\n|\n|t:|1701014952\n|move|p1a: Roy|Flare Blitz|p2a: Jericho\n|-supereffective|p2a: Jericho\n|-damage|p2a: Jericho|0 fnt\n|faint|p2a: Jericho\n|\n|-damage|p1a: Roy|9\/100 psn|[from] psn\n|upkeep\n|\n|t:|1701014960\n|switch|p2a: Bucky|Lycanroc-Dusk, M|81\/100\n|turn|22\n|\n|t:|1701014964\n|move|p2a: Bucky|Close Combat|p1a: Roy\n|-supereffective|p1a: Roy\n|-damage|p1a: Roy|0 fnt\n|-unboost|p2a: Bucky|def|1\n|-unboost|p2a: Bucky|spd|1\n|faint|p1a: Roy\n|-damage|p2a: Bucky|71\/100|[from] item: Life Orb\n|\n|upkeep\n|\n|t:|1701014971\n|switch|p1a: Scar|Nidoking, M|32\/100\n|-damage|p1a: Scar|26\/100|[from] Stealth Rock\n|turn|23\n|\n|t:|1701014976\n|move|p2a: Bucky|Psychic Fangs|p1a: Scar\n|-supereffective|p1a: Scar\n|-damage|p1a: Scar|0 fnt\n|faint|p1a: Scar\n|-damage|p2a: Bucky|61\/100|[from] item: Life Orb\n|\n|win|DT Dragalges\n|c|\u2606DT Dragalges|gg\n|l|\u2606NM Nidokings\n","uploadtime":1701014991,"views":55,"p1id":"nmnidokings","p2id":"dtdragalges","formatid":"gen9nationaldex","rating":0,"private":0,"password":""}