{"id":"gen9nationaldex-1991914200","p1":"chh12345","p2":"JogadorCaro","format":"[Gen 9] National Dex","log":"|j|\u2606chh12345\n|j|\u2606JogadorCaro\n|t:|1700137523\n|gametype|singles\n|player|p1|chh12345|cynthia-gen4|1714\n|player|p2|JogadorCaro|tate|1825\n|teamsize|p1|6\n|teamsize|p2|6\n|gen|9\n|tier|[Gen 9] National Dex\n|rated|\n|rule|HP Percentage Mod: HP is shown in percentages\n|rule|Endless Battle Clause: Forcing endless battles is banned\n|rule|OHKO Clause: OHKO moves are banned\n|rule|Evasion Clause: Evasion abilities, items, and moves are banned\n|rule|Evasion Abilities Clause: Evasion abilities are banned\n|rule|Evasion Items Clause: Evasion items are banned\n|rule|Evasion Moves Clause: Evasion moves are banned\n|rule|Species Clause: Limit one of each Pok\u00e9mon\n|rule|Sleep Clause Mod: Limit one foe put to sleep\n|clearpoke\n|poke|p1|Ceruledge, M|\n|poke|p1|Galvantula, F|\n|poke|p1|Nidoking, M|\n|poke|p1|Serperior, F|\n|poke|p1|Diancie|\n|poke|p1|Ogerpon-Wellspring, F|\n|poke|p2|Garganacl, M|\n|poke|p2|Zamazenta-*|\n|poke|p2|Volcarona, F|\n|poke|p2|Hoopa-Unbound|\n|poke|p2|Dondozo, F|\n|poke|p2|Rotom-Wash|\n|teampreview\n|\n|t:|1700137544\n|start\n|switch|p1a: \u6cd5\u5e08|Galvantula, F, shiny|100\/100\n|switch|p2a: Endeavor|Volcarona, F|100\/100\n|turn|1\n|\n|t:|1700137548\n|move|p1a: \u6cd5\u5e08|Thunder Wave|p2a: Endeavor\n|-status|p2a: Endeavor|par\n|cant|p2a: Endeavor|par\n|\n|upkeep\n|turn|2\n|\n|t:|1700137553\n|move|p1a: \u6cd5\u5e08|Sticky Web|p2a: Endeavor\n|-sidestart|p2: JogadorCaro|move: Sticky Web\n|cant|p2a: Endeavor|par\n|\n|upkeep\n|turn|3\n|\n|t:|1700137556\n|move|p1a: \u6cd5\u5e08|Thunder|p2a: Endeavor\n|-damage|p2a: Endeavor|47\/100 par\n|move|p2a: Endeavor|Fiery Dance|p1a: \u6cd5\u5e08\n|-supereffective|p1a: \u6cd5\u5e08\n|-enditem|p1a: \u6cd5\u5e08|Focus Sash\n|-damage|p1a: \u6cd5\u5e08|1\/100\n|\n|upkeep\n|turn|4\n|\n|t:|1700137562\n|move|p1a: \u6cd5\u5e08|Thunder|p2a: Endeavor\n|-damage|p2a: Endeavor|1\/100 par\n|move|p2a: Endeavor|Fiery Dance|p1a: \u6cd5\u5e08\n|-supereffective|p1a: \u6cd5\u5e08\n|-damage|p1a: \u6cd5\u5e08|0 fnt\n|-boost|p2a: Endeavor|spa|1\n|faint|p1a: \u6cd5\u5e08\n|\n|upkeep\n|\n|t:|1700137567\n|switch|p1a: \u5e1d\u738b|Serperior, F|100\/100\n|turn|5\n|\n|t:|1700137572\n|move|p1a: \u5e1d\u738b|Leaf Storm|p2a: Endeavor\n|-resisted|p2a: Endeavor\n|-damage|p2a: Endeavor|0 fnt\n|-boost|p1a: \u5e1d\u738b|spa|2\n|faint|p2a: Endeavor\n|\n|upkeep\n|\n|t:|1700137578\n|switch|p2a: Agito|Hoopa-Unbound|100\/100\n|-activate|p2a: Agito|move: Sticky Web\n|-unboost|p2a: Agito|spe|1\n|turn|6\n|\n|t:|1700137593\n|-terastallize|p2a: Agito|Poison\n|move|p1a: \u5e1d\u738b|Leaf Storm|p2a: Agito|[miss]\n|-miss|p1a: \u5e1d\u738b|p2a: Agito\n|move|p2a: Agito|Psychic|p1a: \u5e1d\u738b\n|-damage|p1a: \u5e1d\u738b|0 fnt\n|faint|p1a: \u5e1d\u738b\n|\n|upkeep\n|\n|t:|1700137619\n|switch|p1a: \u7cbe\u7075|Ogerpon-Wellspring, F|100\/100\n|turn|7\n|\n|t:|1700137636\n|-terastallize|p1a: \u7cbe\u7075|Water\n|detailschange|p1a: \u7cbe\u7075|Ogerpon-Wellspring-Tera, F, tera:Water\n|-ability|p1a: \u7cbe\u7075|Embody Aspect (Wellspring)|boost\n|-boost|p1a: \u7cbe\u7075|spd|1\n|move|p1a: \u7cbe\u7075|Swords Dance|p1a: \u7cbe\u7075\n|-boost|p1a: \u7cbe\u7075|atk|2\n|move|p2a: Agito|Psychic|p1a: \u7cbe\u7075\n|-damage|p1a: \u7cbe\u7075|35\/100\n|\n|upkeep\n|turn|8\n|\n|t:|1700137649\n|move|p1a: \u7cbe\u7075|Ivy Cudgel|p2a: Agito|[anim] Ivy Cudgel Water\n|-crit|p2a: Agito\n|-damage|p2a: Agito|0 fnt\n|faint|p2a: Agito\n|\n|upkeep\n|\n|t:|1700137651\n|switch|p2a: Toji|Zamazenta|100\/100\n|-activate|p2a: Toji|move: Sticky Web\n|-unboost|p2a: Toji|spe|1\n|-ability|p2a: Toji|Dauntless Shield|boost\n|-boost|p2a: Toji|def|1\n|turn|9\n|\n|t:|1700137658\n|move|p1a: \u7cbe\u7075|Horn Leech|p2a: Toji\n|-damage|p2a: Toji|48\/100\n|-heal|p1a: \u7cbe\u7075|63\/100|[from] drain|[of] p2a: Toji\n|move|p2a: Toji|Close Combat|p1a: \u7cbe\u7075\n|-damage|p1a: \u7cbe\u7075|0 fnt\n|-unboost|p2a: Toji|def|1\n|-unboost|p2a: Toji|spd|1\n|faint|p1a: \u7cbe\u7075\n|\n|upkeep\n|j| ilza\n|\n|t:|1700137684\n|switch|p1a: \u5251\u58eb|Ceruledge, M|100\/100\n|turn|10\n|\n|t:|1700137691\n|switch|p2a: Mahoraga|Garganacl, M|100\/100\n|-activate|p2a: Mahoraga|move: Sticky Web\n|-unboost|p2a: Mahoraga|spe|1\n|move|p1a: \u5251\u58eb|Swords Dance|p1a: \u5251\u58eb\n|-boost|p1a: \u5251\u58eb|atk|2\n|\n|upkeep\n|turn|11\n|\n|t:|1700137694\n|move|p1a: \u5251\u58eb|Close Combat|p2a: Mahoraga\n|-supereffective|p2a: Mahoraga\n|-damage|p2a: Mahoraga|21\/100\n|-unboost|p1a: \u5251\u58eb|def|1\n|-unboost|p1a: \u5251\u58eb|spd|1\n|move|p2a: Mahoraga|Iron Defense|p2a: Mahoraga\n|-boost|p2a: Mahoraga|def|2\n|\n|-heal|p2a: Mahoraga|27\/100|[from] item: Leftovers\n|upkeep\n|turn|12\n|\n|t:|1700137698\n|move|p1a: \u5251\u58eb|Close Combat|p2a: Mahoraga\n|-supereffective|p2a: Mahoraga\n|-damage|p2a: Mahoraga|0 fnt\n|-unboost|p1a: \u5251\u58eb|def|1\n|-unboost|p1a: \u5251\u58eb|spd|1\n|faint|p2a: Mahoraga\n|\n|upkeep\n|\n|t:|1700137701\n|switch|p2a: Bale\u00e3o|Dondozo, F|100\/100\n|-activate|p2a: Bale\u00e3o|move: Sticky Web\n|-unboost|p2a: Bale\u00e3o|spe|1\n|turn|13\n|\n|t:|1700137708\n|switch|p1a: \u602a\u517d|Nidoking, M|100\/100\n|move|p2a: Bale\u00e3o|Wave Crash|p1a: \u602a\u517d\n|-supereffective|p1a: \u602a\u517d\n|-damage|p1a: \u602a\u517d|0 fnt\n|faint|p1a: \u602a\u517d\n|-damage|p2a: Bale\u00e3o|81\/100|[from] Recoil\n|\n|-heal|p2a: Bale\u00e3o|87\/100|[from] item: Leftovers\n|upkeep\n|\n|t:|1700137713\n|switch|p1a: \u516c\u4e3b|Diancie|100\/100\n|turn|14\n|\n|t:|1700137721\n|switch|p2a: Toji|Zamazenta|48\/100\n|-activate|p2a: Toji|move: Sticky Web\n|-unboost|p2a: Toji|spe|1\n|detailschange|p1a: \u516c\u4e3b|Diancie-Mega\n|-mega|p1a: \u516c\u4e3b|Diancie|Diancite\n|move|p1a: \u516c\u4e3b|Moonblast|p2a: Toji\n|-supereffective|p2a: Toji\n|-damage|p2a: Toji|0 fnt\n|faint|p2a: Toji\n|\n|upkeep\n|\n|t:|1700137723\n|switch|p2a: mulher|Rotom-Wash|100\/100\n|turn|15\n|\n|t:|1700137730\n|move|p1a: \u516c\u4e3b|Moonblast|p2a: mulher\n|-damage|p2a: mulher|58\/100\n|move|p2a: mulher|Hydro Pump|p1a: \u516c\u4e3b\n|-supereffective|p1a: \u516c\u4e3b\n|-damage|p1a: \u516c\u4e3b|0 fnt\n|faint|p1a: \u516c\u4e3b\n|\n|-heal|p2a: mulher|64\/100|[from] item: Leftovers\n|upkeep\n|\n|t:|1700137734\n|switch|p1a: \u5251\u58eb|Ceruledge, M|100\/100\n|turn|16\n|-message|chh12345 forfeited.\n|\n|win|JogadorCaro\n|raw|chh12345's rating: 1714 &rarr; <strong>1700<\/strong><br \/>(-14 for losing)\n|raw|JogadorCaro's rating: 1825 &rarr; <strong>1839<\/strong><br \/>(+14 for winning)\n|l|\u2606chh12345\n","uploadtime":1700137749,"views":5,"p1id":"chh12345","p2id":"jogadorcaro","formatid":"gen9nationaldex","rating":1700,"private":0,"password":""}