{"id":"gen9nationaldex-1999168924","p1":"Soul-Shards","p2":"DracoAxel","format":"[Gen 9] National Dex","log":"|html|<div class=\"broadcast-blue\"><strong>[Gen 9] National Dex is currently suspecting Sneasler! For information on how to participate check out the <a href=\"https:\/\/www.smogon.com\/forums\/threads\/sv-national-dex-suspect-8-just-dance.3731534\/\">suspect thread<\/a>.<\/strong><\/div>\n|j|\u2606Soul-Shards\n|j|\u2606DracoAxel\n|t:|1701040808\n|gametype|singles\n|player|p1|Soul-Shards|flannery|\n|player|p2|DracoAxel|nate|\n|teamsize|p1|6\n|teamsize|p2|6\n|gen|9\n|tier|[Gen 9] National Dex\n|rule|HP Percentage Mod: HP is shown in percentages\n|rule|Endless Battle Clause: Forcing endless battles is banned\n|rule|OHKO Clause: OHKO moves are banned\n|rule|Evasion Clause: Evasion abilities, items, and moves are banned\n|rule|Evasion Abilities Clause: Evasion abilities are banned\n|rule|Evasion Items Clause: Evasion items are banned\n|rule|Evasion Moves Clause: Evasion moves are banned\n|rule|Species Clause: Limit one of each Pok\u00e9mon\n|rule|Sleep Clause Mod: Limit one foe put to sleep\n|clearpoke\n|poke|p1|Serperior, F|\n|poke|p1|Tornadus-Therian, M|\n|poke|p1|Alomomola, F|\n|poke|p1|Cinderace, M|\n|poke|p1|Ditto|\n|poke|p1|Ambipom, M|\n|poke|p2|Cinderace, F|\n|poke|p2|Garganacl, F|\n|poke|p2|Xurkitree|\n|poke|p2|Haxorus, M|\n|poke|p2|Serperior, F|\n|poke|p2|Corsola-Galar, F|\n|teampreview\n|inactive|Battle timer is ON: inactive players will automatically lose when time's up. (requested by Soul-Shards)\n|\n|t:|1701040828\n|start\n|switch|p1a: Ambipom|Ambipom, M|100\/100\n|switch|p2a: Serperior|Serperior, F|100\/100\n|turn|1\n|\n|t:|1701040833\n|switch|p2a: Corsola|Corsola-Galar, F|100\/100\n|move|p1a: Ambipom|Fake Out|p2a: Corsola\n|-immune|p2a: Corsola\n|\n|upkeep\n|turn|2\n|\n|t:|1701040846\n|move|p1a: Ambipom|U-turn|p2a: Corsola\n|-resisted|p2a: Corsola\n|-damage|p2a: Corsola|93\/100\n|\n|t:|1701040854\n|switch|p1a: Serperior|Serperior, F, shiny|100\/100|[from] U-turn\n|move|p2a: Corsola|Will-O-Wisp|p1a: Serperior\n|-status|p1a: Serperior|brn\n|\n|-damage|p1a: Serperior|94\/100 brn|[from] brn\n|upkeep\n|turn|3\n|\n|t:|1701040862\n|move|p1a: Serperior|Glare|p2a: Corsola\n|-status|p2a: Corsola|par\n|move|p2a: Corsola|Hex|p1a: Serperior\n|-damage|p1a: Serperior|40\/100 brn\n|\n|-heal|p1a: Serperior|46\/100 brn|[from] item: Leftovers\n|-damage|p1a: Serperior|40\/100 brn|[from] brn\n|upkeep\n|turn|4\n|\n|t:|1701040873\n|switch|p1a: Ambipom|Ambipom, M|100\/100\n|move|p2a: Corsola|Hex|p1a: Ambipom\n|-immune|p1a: Ambipom\n|\n|upkeep\n|turn|5\n|\n|t:|1701040878\n|move|p1a: Ambipom|U-turn|p2a: Corsola\n|-resisted|p2a: Corsola\n|-damage|p2a: Corsola|85\/100 par\n|-start|p1a: Ambipom|Disable|U-turn|[from] ability: Cursed Body|[of] p2a: Corsola\n|\n|t:|1701040883\n|switch|p1a: Cinderace|Cinderace, M|100\/100|[from] U-turn\n|move|p2a: Corsola|Strength Sap|p1a: Cinderace\n|-unboost|p1a: Cinderace|atk|1\n|-heal|p2a: Corsola|100\/100 par\n|\n|upkeep\n|turn|6\n|\n|t:|1701040892\n|move|p1a: Cinderace|U-turn|p2a: Corsola\n|-start|p1a: Cinderace|typechange|Bug|[from] ability: Libero\n|-resisted|p2a: Corsola\n|-damage|p2a: Corsola|93\/100 par\n|-start|p1a: Cinderace|Disable|U-turn|[from] ability: Cursed Body|[of] p2a: Corsola\n|\n|t:|1701040899\n|switch|p1a: Alomomola|Alomomola, F|100\/100|[from] U-turn\n|move|p2a: Corsola|Substitute|p2a: Corsola\n|-start|p2a: Corsola|Substitute\n|-damage|p2a: Corsola|68\/100 par\n|\n|upkeep\n|turn|7\n|\n|t:|1701040907\n|move|p1a: Alomomola|Knock Off|p2a: Corsola\n|-supereffective|p2a: Corsola\n|-end|p2a: Corsola|Substitute\n|move|p2a: Corsola|Will-O-Wisp|p1a: Alomomola\n|-status|p1a: Alomomola|brn\n|\n|-damage|p1a: Alomomola|94\/100 brn|[from] brn\n|upkeep\n|turn|8\n|\n|t:|1701040918\n|move|p1a: Alomomola|Knock Off|p2a: Corsola\n|-supereffective|p2a: Corsola\n|-damage|p2a: Corsola|54\/100 par\n|-enditem|p2a: Corsola|Eviolite|[from] move: Knock Off|[of] p1a: Alomomola\n|cant|p2a: Corsola|par\n|\n|-heal|p1a: Alomomola|100\/100 brn|[from] item: Leftovers\n|-damage|p1a: Alomomola|94\/100 brn|[from] brn\n|upkeep\n|turn|9\n|\n|t:|1701040926\n|move|p1a: Alomomola|Knock Off|p2a: Corsola\n|-supereffective|p2a: Corsola\n|-damage|p2a: Corsola|41\/100 par\n|move|p2a: Corsola|Strength Sap|p1a: Alomomola\n|-unboost|p1a: Alomomola|atk|1\n|-heal|p2a: Corsola|100\/100 par\n|\n|-heal|p1a: Alomomola|100\/100 brn|[from] item: Leftovers\n|-damage|p1a: Alomomola|94\/100 brn|[from] brn\n|upkeep\n|turn|10\n|\n|t:|1701040936\n|move|p1a: Alomomola|Flip Turn|p2a: Corsola\n|-damage|p2a: Corsola|95\/100 par\n|-start|p1a: Alomomola|Disable|Flip Turn|[from] ability: Cursed Body|[of] p2a: Corsola\n|\n|t:|1701040941\n|switch|p1a: Cinderace|Cinderace, M|100\/100|[from] Flip Turn\n|move|p2a: Corsola|Hex|p1a: Cinderace\n|-damage|p1a: Cinderace|71\/100\n|\n|upkeep\n|turn|11\n|j| s.daninja\n|c|\u2606DracoAxel|Esto no es divertido no deb\u00ed escojer a corsola galar 7-7\n|inactive|Soul-Shards has 270 seconds left.\n|c|\u2606DracoAxel|Vamos con los dem\u00e1s\n|c|\u2606Soul-Shards|xd\n|\n|t:|1701040977\n|switch|p2a: Garganacl|Garganacl, F|100\/100\n|move|p1a: Cinderace|U-turn|p2a: Garganacl\n|-start|p1a: Cinderace|typechange|Bug|[from] ability: Libero\n|-damage|p2a: Garganacl|79\/100\n|\n|t:|1701040985\n|switch|p1a: Alomomola|Alomomola, F|100\/100 brn|[from] U-turn\n|\n|-heal|p2a: Garganacl|85\/100|[from] item: Leftovers\n|-damage|p1a: Alomomola|94\/100 brn|[from] brn\n|upkeep\n|turn|12\n|inactive|Soul-Shards has 270 seconds left.\n|\n|t:|1701040991\n|move|p1a: Alomomola|Knock Off|p2a: Garganacl\n|-damage|p2a: Garganacl|79\/100\n|-enditem|p2a: Garganacl|Leftovers|[from] move: Knock Off|[of] p1a: Alomomola\n|move|p2a: Garganacl|Salt Cure|p1a: Alomomola\n|-damage|p1a: Alomomola|85\/100 brn\n|-start|p1a: Alomomola|Salt Cure\n|\n|-heal|p1a: Alomomola|92\/100 brn|[from] item: Leftovers\n|-damage|p1a: Alomomola|85\/100 brn|[from] brn\n|-damage|p1a: Alomomola|61\/100 brn|[from] Salt Cure\n|upkeep\n|turn|13\n|\n|t:|1701041001\n|move|p1a: Alomomola|Flip Turn|p2a: Garganacl\n|-supereffective|p2a: Garganacl\n|-damage|p2a: Garganacl|68\/100\n|\n|t:|1701041006\n|switch|p1a: Ambipom|Ambipom, M|100\/100|[from] Flip Turn\n|move|p2a: Garganacl|Stealth Rock|p1a: Ambipom\n|-sidestart|p1: Soul-Shards|move: Stealth Rock\n|\n|upkeep\n|turn|14\n|\n|t:|1701041012\n|move|p2a: Garganacl|Protect|p2a: Garganacl\n|-singleturn|p2a: Garganacl|Protect\n|move|p1a: Ambipom|Fake Out|p2a: Garganacl\n|-activate|p2a: Garganacl|move: Protect\n|\n|upkeep\n|turn|15\n|\n|t:|1701041032\n|move|p1a: Ambipom|U-turn|p2a: Garganacl\n|-damage|p2a: Garganacl|53\/100\n|\n|t:|1701041036\n|switch|p1a: Cinderace|Cinderace, M|71\/100|[from] U-turn\n|move|p2a: Garganacl|Earthquake|p1a: Cinderace\n|-supereffective|p1a: Cinderace\n|-damage|p1a: Cinderace|0 fnt\n|faint|p1a: Cinderace\n|\n|upkeep\n|\n|t:|1701041042\n|switch|p1a: Serperior|Serperior, F, shiny|40\/100 brn\n|-damage|p1a: Serperior|27\/100 brn|[from] Stealth Rock\n|turn|16\n|\n|t:|1701041048\n|move|p2a: Garganacl|Protect|p2a: Garganacl\n|-singleturn|p2a: Garganacl|Protect\n|move|p1a: Serperior|Leaf Storm|p2a: Garganacl\n|-activate|p2a: Garganacl|move: Protect\n|\n|-heal|p1a: Serperior|33\/100 brn|[from] item: Leftovers\n|-damage|p1a: Serperior|27\/100 brn|[from] brn\n|upkeep\n|turn|17\n|\n|t:|1701041062\n|switch|p2a: Haxorus|Haxorus, M|100\/100\n|-ability|p2a: Haxorus|Mold Breaker\n|move|p1a: Serperior|Glare|p2a: Haxorus\n|-status|p2a: Haxorus|par\n|\n|-heal|p1a: Serperior|33\/100 brn|[from] item: Leftovers\n|-damage|p1a: Serperior|27\/100 brn|[from] brn\n|upkeep\n|turn|18\n|\n|t:|1701041076\n|switch|p1a: Ambipom|Ambipom, M|100\/100\n|-damage|p1a: Ambipom|88\/100|[from] Stealth Rock\n|move|p2a: Haxorus|Outrage|p1a: Ambipom\n|-damage|p1a: Ambipom|0 fnt\n|faint|p1a: Ambipom\n|\n|upkeep\n|\n|t:|1701041084\n|switch|p1a: Ditto|Ditto, shiny|100\/100\n|-damage|p1a: Ditto|88\/100|[from] Stealth Rock\n|-transform|p1a: Ditto|p2a: Haxorus|[from] ability: Imposter\n|-ability|p1a: Ditto|Mold Breaker\n|turn|19\n|\n|t:|1701041097\n|move|p1a: Ditto|Outrage|p2a: Haxorus\n|-supereffective|p2a: Haxorus\n|-damage|p2a: Haxorus|0 fnt\n|faint|p2a: Haxorus\n|\n|upkeep\n|\n|t:|1701041100\n|switch|p2a: Cinderace|Cinderace, F|100\/100\n|turn|20\n|\n|t:|1701041106\n|move|p1a: Ditto|Outrage|p2a: Cinderace|[from]lockedmove\n|-damage|p2a: Cinderace|0 fnt\n|faint|p2a: Cinderace\n|\n|upkeep\n|\n|t:|1701041116\n|switch|p2a: Serperior|Serperior, F|100\/100\n|turn|21\n|\n|t:|1701041119\n|move|p1a: Ditto|Outrage|p2a: Serperior|[from]lockedmove\n|-damage|p2a: Serperior|15\/100\n|-start|p1a: Ditto|confusion|[fatigue]\n|move|p2a: Serperior|Dragon Pulse|p1a: Ditto\n|-supereffective|p1a: Ditto\n|-damage|p1a: Ditto|19\/100\n|\n|upkeep\n|turn|22\n|\n|t:|1701041133\n|switch|p1a: Tornadus|Tornadus-Therian, M|100\/100\n|-damage|p1a: Tornadus|76\/100|[from] Stealth Rock\n|move|p2a: Serperior|Leaf Storm|p1a: Tornadus\n|-resisted|p1a: Tornadus\n|-damage|p1a: Tornadus|52\/100\n|-boost|p2a: Serperior|spa|2\n|\n|upkeep\n|turn|23\n|\n|t:|1701041142\n|move|p1a: Tornadus|Heat Wave|p2a: Serperior|[miss]\n|-miss|p1a: Tornadus|p2a: Serperior\n|move|p2a: Serperior|Dragon Pulse|p1a: Tornadus\n|-damage|p1a: Tornadus|19\/100\n|\n|upkeep\n|turn|24\n|\n|t:|1701041147\n|move|p1a: Tornadus|Heat Wave|p2a: Serperior\n|-supereffective|p2a: Serperior\n|-damage|p2a: Serperior|0 fnt\n|faint|p2a: Serperior\n|\n|upkeep\n|\n|t:|1701041150\n|switch|p2a: Garganacl|Garganacl, F|53\/100\n|turn|25\n|\n|t:|1701041155\n|move|p1a: Tornadus|U-turn|p2a: Garganacl\n|-damage|p2a: Garganacl|43\/100\n|\n|t:|1701041159\n|switch|p1a: Alomomola|Alomomola, F|94\/100 brn|[from] U-turn\n|-damage|p1a: Alomomola|82\/100 brn|[from] Stealth Rock\n|move|p2a: Garganacl|Salt Cure|p1a: Alomomola\n|-damage|p1a: Alomomola|73\/100 brn\n|-start|p1a: Alomomola|Salt Cure\n|\n|-heal|p1a: Alomomola|79\/100 brn|[from] item: Leftovers\n|-damage|p1a: Alomomola|73\/100 brn|[from] brn\n|-damage|p1a: Alomomola|48\/100 brn|[from] Salt Cure\n|upkeep\n|turn|26\n|\n|t:|1701041173\n|move|p2a: Garganacl|Protect|p2a: Garganacl\n|-singleturn|p2a: Garganacl|Protect\n|move|p1a: Alomomola|Scald|p2a: Garganacl\n|-activate|p2a: Garganacl|move: Protect\n|\n|-heal|p1a: Alomomola|54\/100 brn|[from] item: Leftovers\n|-damage|p1a: Alomomola|48\/100 brn|[from] brn\n|-damage|p1a: Alomomola|23\/100 brn|[from] Salt Cure\n|upkeep\n|turn|27\n|\n|t:|1701041184\n|move|p1a: Alomomola|Flip Turn|p2a: Garganacl\n|-supereffective|p2a: Garganacl\n|-damage|p2a: Garganacl|32\/100\n|\n|t:|1701041191\n|switch|p1a: Serperior|Serperior, F, shiny|27\/100 brn|[from] Flip Turn\n|-damage|p1a: Serperior|15\/100 brn|[from] Stealth Rock\n|move|p2a: Garganacl|Earthquake|p1a: Serperior\n|-resisted|p1a: Serperior\n|-damage|p1a: Serperior|1\/100 brn\n|\n|-heal|p1a: Serperior|7\/100 brn|[from] item: Leftovers\n|-damage|p1a: Serperior|1\/100 brn|[from] brn\n|upkeep\n|turn|28\n|\n|t:|1701041204\n|move|p1a: Serperior|Protect|p1a: Serperior\n|-singleturn|p1a: Serperior|Protect\n|move|p2a: Garganacl|Protect||[still]\n|-fail|p2a: Garganacl\n|\n|-heal|p1a: Serperior|7\/100 brn|[from] item: Leftovers\n|-damage|p1a: Serperior|1\/100 brn|[from] brn\n|upkeep\n|turn|29\n|\n|t:|1701041215\n|move|p1a: Serperior|Leaf Storm|p2a: Garganacl\n|-supereffective|p2a: Garganacl\n|-damage|p2a: Garganacl|0 fnt\n|-boost|p1a: Serperior|spa|2\n|faint|p2a: Garganacl\n|\n|-heal|p1a: Serperior|7\/100 brn|[from] item: Leftovers\n|-damage|p1a: Serperior|1\/100 brn|[from] brn\n|upkeep\n|\n|t:|1701041220\n|switch|p2a: Corsola|Corsola-Galar, F|95\/100 par\n|turn|30\n|\n|t:|1701041232\n|move|p1a: Serperior|Leaf Storm|p2a: Corsola\n|-damage|p2a: Corsola|0 fnt\n|-boost|p1a: Serperior|spa|2\n|-start|p1a: Serperior|Disable|Leaf Storm|[from] ability: Cursed Body|[of] p2a: Corsola\n|faint|p2a: Corsola\n|\n|-heal|p1a: Serperior|7\/100 brn|[from] item: Leftovers\n|-damage|p1a: Serperior|1\/100 brn|[from] brn\n|upkeep\n|\n|t:|1701041237\n|switch|p2a: Xurkitree|Xurkitree|100\/100\n|turn|31\n|\n|t:|1701041243\n|move|p1a: Serperior|Hidden Power|p2a: Xurkitree\n|-damage|p2a: Xurkitree|40\/100\n|move|p2a: Xurkitree|Discharge|p1a: Serperior\n|-resisted|p1a: Serperior\n|-damage|p1a: Serperior|0 fnt\n|faint|p1a: Serperior\n|-ability|p2a: Xurkitree|Beast Boost|boost\n|-boost|p2a: Xurkitree|spa|1\n|\n|upkeep\n|\n|t:|1701041252\n|switch|p1a: Ditto|Ditto, shiny|19\/100\n|-damage|p1a: Ditto|6\/100|[from] Stealth Rock\n|-transform|p1a: Ditto|p2a: Xurkitree|[from] ability: Imposter\n|turn|32\n|\n|t:|1701041259\n|move|p1a: Ditto|Dazzling Gleam|p2a: Xurkitree\n|-damage|p2a: Xurkitree|0 fnt\n|faint|p2a: Xurkitree\n|\n|win|Soul-Shards\n|c|\u2606Soul-Shards|gg\n|l|\u2606DracoAxel\n","uploadtime":1701041432,"views":4,"p1id":"soulshards","p2id":"dracoaxel","formatid":"gen9nationaldex","rating":0,"private":0,"password":""}