{"id":"gen9nationaldex-1989143353","p1":"Shovel Florentine","p2":"kmrandy","format":"[Gen 9] National Dex","log":"|j|\u2606Shovel Florentine\n|j|\u2606kmrandy\n|t:|1699816846\n|gametype|singles\n|player|p1|Shovel Florentine|acetrainerf|1117\n|player|p2|kmrandy|hilbert|1086\n|teamsize|p1|6\n|teamsize|p2|6\n|gen|9\n|tier|[Gen 9] National Dex\n|rated|\n|rule|HP Percentage Mod: HP is shown in percentages\n|rule|Endless Battle Clause: Forcing endless battles is banned\n|rule|OHKO Clause: OHKO moves are banned\n|rule|Evasion Clause: Evasion abilities, items, and moves are banned\n|rule|Evasion Abilities Clause: Evasion abilities are banned\n|rule|Evasion Items Clause: Evasion items are banned\n|rule|Evasion Moves Clause: Evasion moves are banned\n|rule|Species Clause: Limit one of each Pok\u00e9mon\n|rule|Sleep Clause Mod: Limit one foe put to sleep\n|clearpoke\n|poke|p1|Scyther, M|\n|poke|p1|Ninetales, F|\n|poke|p1|Rapidash, F|\n|poke|p1|Ivysaur, M|\n|poke|p1|Machoke, M|\n|poke|p1|Articuno|\n|poke|p2|Obstagoon, M|\n|poke|p2|Empoleon, M|\n|poke|p2|Skeledirge, M|\n|poke|p2|Klefki, M|\n|poke|p2|Galvantula, M|\n|poke|p2|Latios, M|\n|teampreview\n|c|\u2606kmrandy|hello\n|c|\u2606kmrandy|glhf\n|inactive|Battle timer is ON: inactive players will automatically lose when time's up. (requested by Shovel Florentine)\n|\n|t:|1699816858\n|start\n|switch|p1a: Knotch|Scyther, M, shiny|100\/100\n|switch|p2a: Greg|Galvantula, M|100\/100\n|turn|1\n|\n|t:|1699816872\n|move|p2a: Greg|Thunder|p1a: Knotch\n|-supereffective|p1a: Knotch\n|-damage|p1a: Knotch|11\/100\n|move|p1a: Knotch|Swords Dance|p1a: Knotch\n|-boost|p1a: Knotch|atk|2\n|\n|upkeep\n|turn|2\n|\n|t:|1699816882\n|switch|p1a: Pot Ash|Ninetales, F, shiny|100\/100\n|-weather|SunnyDay|[from] ability: Drought|[of] p1a: Pot Ash\n|move|p2a: Greg|Thunder|p1a: Pot Ash\n|-damage|p1a: Pot Ash|52\/100\n|-status|p1a: Pot Ash|par\n|\n|-weather|SunnyDay|[upkeep]\n|upkeep\n|turn|3\n|\n|t:|1699816892\n|move|p2a: Greg|Sticky Web|p1a: Pot Ash\n|-sidestart|p1: Shovel Florentine|move: Sticky Web\n|move|p1a: Pot Ash|Flamethrower|p2a: Greg\n|-supereffective|p2a: Greg\n|-enditem|p2a: Greg|Focus Sash\n|-damage|p2a: Greg|1\/100\n|\n|-weather|SunnyDay|[upkeep]\n|upkeep\n|turn|4\n|\n|t:|1699816898\n|switch|p1a: Donatello|Machoke, M, shiny|100\/100\n|-activate|p1a: Donatello|move: Sticky Web\n|-unboost|p1a: Donatello|spe|1\n|move|p2a: Greg|Bug Buzz|p1a: Donatello\n|-resisted|p1a: Donatello\n|-damage|p1a: Donatello|82\/100\n|\n|-weather|SunnyDay|[upkeep]\n|upkeep\n|turn|5\n|\n|t:|1699816906\n|move|p1a: Donatello|Bullet Punch|p2a: Greg\n|-resisted|p2a: Greg\n|-damage|p2a: Greg|0 fnt\n|faint|p2a: Greg\n|\n|-weather|SunnyDay|[upkeep]\n|upkeep\n|\n|t:|1699816910\n|switch|p2a: Blue|Latios, M|100\/100\n|turn|6\n|\n|t:|1699816921\n|detailschange|p2a: Blue|Latios-Mega, M\n|-mega|p2a: Blue|Latios|Latiosite\n|move|p2a: Blue|Psychic|p1a: Donatello\n|-supereffective|p1a: Donatello\n|-damage|p1a: Donatello|0 fnt\n|faint|p1a: Donatello\n|\n|-weather|SunnyDay|[upkeep]\n|upkeep\n|\n|t:|1699816929\n|switch|p1a: Arch One|Articuno|100\/100\n|-ability|p1a: Arch One|Pressure\n|turn|7\n|\n|t:|1699816942\n|switch|p2a: Kingdom Key|Klefki, M, shiny|100\/100\n|move|p1a: Arch One|Defog|p2a: Kingdom Key\n|-unboost|p2a: Kingdom Key|evasion|1\n|-sideend|p1: Shovel Florentine|Sticky Web|[from] move: Defog|[of] p1a: Arch One\n|\n|-weather|SunnyDay|[upkeep]\n|upkeep\n|turn|8\n|\n|t:|1699816952\n|switch|p1a: Spuds|Ivysaur, M|100\/100\n|move|p2a: Kingdom Key|Light Screen|p2a: Kingdom Key\n|-sidestart|p2: kmrandy|move: Light Screen\n|\n|-weather|SunnyDay|[upkeep]\n|upkeep\n|turn|9\n|\n|t:|1699816959\n|move|p2a: Kingdom Key|Reflect|p2a: Kingdom Key\n|-sidestart|p2: kmrandy|Reflect\n|move|p1a: Spuds|Weather Ball|p2a: Kingdom Key\n|-supereffective|p2a: Kingdom Key\n|-damage|p2a: Kingdom Key|62\/100\n|\n|-weather|none\n|upkeep\n|turn|10\n|\n|t:|1699816968\n|switch|p1a: Arch One|Articuno|100\/100\n|-ability|p1a: Arch One|Pressure\n|switch|p2a: Zang|Obstagoon, M|100\/100\n|\n|-status|p2a: Zang|brn|[from] item: Flame Orb\n|upkeep\n|turn|11\n|\n|t:|1699816977\n|move|p2a: Zang|Knock Off|p1a: Arch One\n|-damage|p1a: Arch One|50\/100\n|-enditem|p1a: Arch One|Heavy-Duty Boots|[from] move: Knock Off|[of] p2a: Zang\n|move|p1a: Arch One|Defog|p2a: Zang\n|-unboost|p2a: Zang|evasion|1\n|-sideend|p2: kmrandy|Reflect\n|-sideend|p2: kmrandy|move: Light Screen\n|\n|-damage|p2a: Zang|94\/100 brn|[from] brn\n|upkeep\n|turn|12\n|\n|t:|1699816985\n|switch|p1a: Pot Ash|Ninetales, F, shiny|52\/100 par\n|-weather|SunnyDay|[from] ability: Drought|[of] p1a: Pot Ash\n|move|p2a: Zang|Knock Off|p1a: Pot Ash\n|-damage|p1a: Pot Ash|0 fnt\n|-enditem|p1a: Pot Ash|Heat Rock|[from] move: Knock Off|[of] p2a: Zang\n|faint|p1a: Pot Ash\n|\n|-weather|SunnyDay|[upkeep]\n|-damage|p2a: Zang|88\/100 brn|[from] brn\n|upkeep\n|\n|t:|1699816996\n|switch|p1a: Spuds|Ivysaur, M|100\/100\n|turn|13\n|\n|t:|1699817003\n|switch|p2a: Blue|Latios-Mega, M|100\/100\n|move|p1a: Spuds|Growth|p1a: Spuds\n|-boost|p1a: Spuds|atk|2\n|-boost|p1a: Spuds|spa|2\n|\n|-weather|SunnyDay|[upkeep]\n|upkeep\n|turn|14\n|\n|t:|1699817010\n|-terastallize|p1a: Spuds|Dragon\n|move|p1a: Spuds|Outrage|p2a: Blue\n|-supereffective|p2a: Blue\n|-damage|p2a: Blue|0 fnt\n|faint|p2a: Blue\n|\n|-weather|SunnyDay|[upkeep]\n|upkeep\n|\n|t:|1699817017\n|switch|p2a: Fuleco|Skeledirge, M|100\/100\n|turn|15\n|\n|t:|1699817023\n|-terastallize|p2a: Fuleco|Fairy\n|move|p1a: Spuds|Outrage|p2a: Fuleco|[from]lockedmove\n|-immune|p2a: Fuleco\n|move|p2a: Fuleco|Torch Song|p1a: Spuds\n|-resisted|p1a: Spuds\n|-damage|p1a: Spuds|80\/100\n|-boost|p2a: Fuleco|spa|1\n|\n|-weather|SunnyDay|[upkeep]\n|upkeep\n|turn|16\n|\n|t:|1699817032\n|move|p1a: Spuds|Growth|p1a: Spuds\n|-boost|p1a: Spuds|atk|2\n|-boost|p1a: Spuds|spa|2\n|move|p2a: Fuleco|Torch Song|p1a: Spuds\n|-resisted|p1a: Spuds\n|-damage|p1a: Spuds|45\/100\n|-boost|p2a: Fuleco|spa|1\n|\n|-weather|SunnyDay|[upkeep]\n|upkeep\n|turn|17\n|\n|t:|1699817040\n|move|p1a: Spuds|Solar Beam||[still]\n|-prepare|p1a: Spuds|Solar Beam\n|-anim|p1a: Spuds|Solar Beam|p2a: Fuleco\n|-damage|p2a: Fuleco|66\/100\n|move|p2a: Fuleco|Torch Song|p1a: Spuds\n|-resisted|p1a: Spuds\n|-damage|p1a: Spuds|5\/100\n|-boost|p2a: Fuleco|spa|1\n|\n|-weather|SunnyDay|[upkeep]\n|upkeep\n|turn|18\n|\n|t:|1699817049\n|move|p1a: Spuds|Solar Beam||[still]\n|-prepare|p1a: Spuds|Solar Beam\n|-anim|p1a: Spuds|Solar Beam|p2a: Fuleco\n|-damage|p2a: Fuleco|29\/100\n|move|p2a: Fuleco|Torch Song|p1a: Spuds\n|-resisted|p1a: Spuds\n|-damage|p1a: Spuds|0 fnt\n|-boost|p2a: Fuleco|spa|1\n|faint|p1a: Spuds\n|\n|-weather|SunnyDay|[upkeep]\n|upkeep\n|\n|t:|1699817063\n|switch|p1a: Broody|Rapidash, F|100\/100\n|turn|19\n|\n|t:|1699817066\n|move|p1a: Broody|Solar Blade||[still]\n|-prepare|p1a: Broody|Solar Blade\n|-anim|p1a: Broody|Solar Blade|p2a: Fuleco\n|-damage|p2a: Fuleco|9\/100\n|move|p2a: Fuleco|Slack Off|p2a: Fuleco\n|-heal|p2a: Fuleco|59\/100\n|\n|-weather|none\n|upkeep\n|turn|20\n|-message|Shovel Florentine forfeited.\n|\n|win|kmrandy\n|raw|Shovel Florentine's rating: 1117 &rarr; <strong>1090<\/strong><br \/>(-27 for losing)\n|raw|kmrandy's rating: 1086 &rarr; <strong>1116<\/strong><br \/>(+30 for winning)\n|l|\u2606Shovel Florentine\n|c|\u2606kmrandy|gg\n","uploadtime":1699817081,"views":5,"p1id":"shovelflorentine","p2id":"kmrandy","formatid":"gen9nationaldex","rating":1090,"private":0,"password":""}