{"id":"gen9nationaldex-1992798564","p1":"plague070","p2":"HanFong","format":"[Gen 9] National Dex","log":"|j|\u2606plague070\n|j|\u2606HanFong\n|t:|1700236397\n|gametype|singles\n|player|p1|plague070|allister|1476\n|player|p2|HanFong|169|1443\n|teamsize|p1|6\n|teamsize|p2|6\n|gen|9\n|tier|[Gen 9] National Dex\n|rated|\n|rule|HP Percentage Mod: HP is shown in percentages\n|rule|Endless Battle Clause: Forcing endless battles is banned\n|rule|OHKO Clause: OHKO moves are banned\n|rule|Evasion Clause: Evasion abilities, items, and moves are banned\n|rule|Evasion Abilities Clause: Evasion abilities are banned\n|rule|Evasion Items Clause: Evasion items are banned\n|rule|Evasion Moves Clause: Evasion moves are banned\n|rule|Species Clause: Limit one of each Pok\u00e9mon\n|rule|Sleep Clause Mod: Limit one foe put to sleep\n|clearpoke\n|poke|p1|Blacephalon|\n|poke|p1|Tapu Lele|\n|poke|p1|Manaphy|\n|poke|p1|Sneasler, M|\n|poke|p1|Tornadus-Therian, M|\n|poke|p1|Zoroark, F|\n|poke|p2|Sneasler, M|\n|poke|p2|Rillaboom, M|\n|poke|p2|Zapdos|\n|poke|p2|Empoleon, F|\n|poke|p2|Dragonite, M|\n|poke|p2|Ursaluna, F|\n|teampreview\n|\n|t:|1700236435\n|start\n|switch|p1a: Tapu Lele|Tapu Lele|100\/100\n|switch|p2a: Empoleon|Empoleon, F|100\/100\n|-fieldstart|move: Psychic Terrain|[from] ability: Psychic Surge|[of] p1a: Tapu Lele\n|turn|1\n|\n|t:|1700236453\n|move|p1a: Tapu Lele|Focus Blast|p2a: Empoleon|[miss]\n|-miss|p1a: Tapu Lele|p2a: Empoleon\n|move|p2a: Empoleon|Yawn|p1a: Tapu Lele\n|-start|p1a: Tapu Lele|move: Yawn|[of] p2a: Empoleon\n|\n|upkeep\n|turn|2\n|inactive|Battle timer is ON: inactive players will automatically lose when time's up. (requested by plague070)\n|\n|t:|1700236461\n|switch|p1a: Manaphy|Manaphy|100\/100\n|move|p2a: Empoleon|Stealth Rock|p1a: Manaphy\n|-sidestart|p1: plague070|move: Stealth Rock\n|\n|upkeep\n|turn|3\n|\n|t:|1700236467\n|move|p1a: Manaphy|Tail Glow|p1a: Manaphy\n|-boost|p1a: Manaphy|spa|3\n|move|p2a: Empoleon|Yawn|p1a: Manaphy\n|-start|p1a: Manaphy|move: Yawn|[of] p2a: Empoleon\n|\n|upkeep\n|turn|4\n|\n|t:|1700236480\n|move|p1a: Manaphy|Energy Ball|p2a: Empoleon\n|-damage|p2a: Empoleon|52\/100\n|-unboost|p2a: Empoleon|spd|1\n|-ability|p2a: Empoleon|Competitive|boost\n|-boost|p2a: Empoleon|spa|2\n|move|p2a: Empoleon|Flip Turn|p1a: Manaphy\n|-resisted|p1a: Manaphy\n|-damage|p1a: Manaphy|92\/100\n|\n|t:|1700236492\n|switch|p2a: Rillaboom|Rillaboom, M|100\/100|[from] Flip Turn\n|-fieldstart|move: Grassy Terrain|[from] ability: Grassy Surge|[of] p2a: Rillaboom\n|\n|-heal|p1a: Manaphy|98\/100|[from] Grassy Terrain\n|-heal|p1a: Manaphy|100\/100|[from] item: Leftovers\n|-end|p1a: Manaphy|move: Yawn|[silent]\n|-status|p1a: Manaphy|slp\n|upkeep\n|turn|5\n|\n|t:|1700236498\n|switch|p1a: Tornadus|Tornadus-Therian, M|100\/100\n|move|p2a: Rillaboom|Wood Hammer|p1a: Tornadus\n|-resisted|p1a: Tornadus\n|-damage|p1a: Tornadus|49\/100\n|-damage|p2a: Rillaboom|85\/100|[from] Recoil\n|\n|-heal|p2a: Rillaboom|91\/100|[from] Grassy Terrain\n|upkeep\n|turn|6\n|\n|t:|1700236505\n|switch|p2a: Zapdos|Zapdos|100\/100\n|move|p1a: Tornadus|Defog|p2a: Zapdos\n|-unboost|p2a: Zapdos|evasion|1\n|-sideend|p1: plague070|Stealth Rock|[from] move: Defog|[of] p1a: Tornadus\n|-fieldend|move: Grassy Terrain\n|\n|upkeep\n|turn|7\n|\n|t:|1700236512\n|move|p1a: Tornadus|U-turn|p2a: Zapdos\n|-resisted|p2a: Zapdos\n|-damage|p2a: Zapdos|95\/100\n|\n|t:|1700236520\n|switch|p1a: Blacephalon|Blacephalon|100\/100|[from] U-turn\n|move|p2a: Zapdos|Volt Switch|p1a: Blacephalon\n|-damage|p1a: Blacephalon|35\/100\n|replace|p1a: Zoroark|Zoroark, F\n|-end|p1a: Zoroark|Illusion\n|\n|t:|1700236526\n|switch|p2a: Ursaluna|Ursaluna, F|100\/100|[from] Volt Switch\n|\n|-status|p2a: Ursaluna|brn|[from] item: Flame Orb\n|upkeep\n|turn|8\n|\n|t:|1700236552\n|move|p1a: Zoroark|Dark Pulse|p2a: Ursaluna\n|-damage|p2a: Ursaluna|44\/100 brn\n|move|p2a: Ursaluna|Trailblaze|p1a: Zoroark\n|-damage|p1a: Zoroark|0 fnt\n|-boost|p2a: Ursaluna|spe|1\n|faint|p1a: Zoroark\n|\n|-damage|p2a: Ursaluna|38\/100 brn|[from] brn\n|upkeep\n|inactive|plague070 has 120 seconds left.\n|\n|t:|1700236579\n|switch|p1a: Sneasler|Sneasler, M|100\/100\n|turn|9\n|\n|t:|1700236583\n|move|p1a: Sneasler|Close Combat|p2a: Ursaluna\n|-supereffective|p2a: Ursaluna\n|-damage|p2a: Ursaluna|0 fnt\n|-unboost|p1a: Sneasler|def|1\n|-unboost|p1a: Sneasler|spd|1\n|faint|p2a: Ursaluna\n|\n|upkeep\n|\n|t:|1700236590\n|switch|p2a: Zapdos|Zapdos|95\/100\n|turn|10\n|\n|t:|1700236594\n|switch|p1a: Manaphy|Manaphy|100\/100 slp\n|move|p2a: Zapdos|Hurricane|p1a: Manaphy|[miss]\n|-miss|p2a: Zapdos|p1a: Manaphy\n|\n|upkeep\n|turn|11\n|\n|t:|1700236598\n|cant|p1a: Manaphy|slp\n|move|p2a: Zapdos|Hurricane|p1a: Manaphy\n|-damage|p1a: Manaphy|46\/100 slp\n|\n|-heal|p1a: Manaphy|52\/100 slp|[from] item: Leftovers\n|upkeep\n|turn|12\n|\n|t:|1700236604\n|cant|p1a: Manaphy|slp\n|move|p2a: Zapdos|Volt Switch|p1a: Manaphy\n|-supereffective|p1a: Manaphy\n|-damage|p1a: Manaphy|0 fnt\n|faint|p1a: Manaphy\n|\n|t:|1700236611\n|switch|p2a: Rillaboom|Rillaboom, M|91\/100|[from] Volt Switch\n|-fieldstart|move: Grassy Terrain|[from] ability: Grassy Surge|[of] p2a: Rillaboom\n|\n|-heal|p2a: Rillaboom|97\/100|[from] Grassy Terrain\n|upkeep\n|\n|t:|1700236618\n|switch|p1a: Tapu Lele|Tapu Lele|100\/100\n|-fieldstart|move: Psychic Terrain|[from] ability: Psychic Surge|[of] p1a: Tapu Lele\n|turn|13\n|\n|t:|1700236622\n|move|p1a: Tapu Lele|Psychic|p2a: Rillaboom\n|-damage|p2a: Rillaboom|12\/100\n|move|p2a: Rillaboom|Wood Hammer|p1a: Tapu Lele\n|-damage|p1a: Tapu Lele|0 fnt\n|faint|p1a: Tapu Lele\n|-damage|p2a: Rillaboom|0 fnt|[from] Recoil\n|faint|p2a: Rillaboom\n|\n|upkeep\n|\n|t:|1700236633\n|switch|p1a: Sneasler|Sneasler, M|100\/100\n|switch|p2a: Zapdos|Zapdos|95\/100\n|-enditem|p1a: Sneasler|Psychic Seed\n|-boost|p1a: Sneasler|spd|1|[from] item: Psychic Seed\n|turn|14\n|\n|t:|1700236642\n|move|p1a: Sneasler|Swords Dance|p1a: Sneasler\n|-boost|p1a: Sneasler|atk|2\n|move|p2a: Zapdos|Hurricane|p1a: Sneasler|[miss]\n|-miss|p2a: Zapdos|p1a: Sneasler\n|\n|upkeep\n|turn|15\n|\n|t:|1700236647\n|-terastallize|p1a: Sneasler|Flying\n|move|p1a: Sneasler|Acrobatics|p2a: Zapdos\n|-resisted|p2a: Zapdos\n|-damage|p2a: Zapdos|46\/100\n|move|p2a: Zapdos|Hurricane|p1a: Sneasler\n|-damage|p1a: Sneasler|50\/100\n|-start|p1a: Sneasler|confusion\n|\n|upkeep\n|turn|16\n|\n|t:|1700236655\n|-activate|p1a: Sneasler|confusion\n|move|p1a: Sneasler|Dire Claw|p2a: Zapdos\n|-damage|p2a: Zapdos|0 fnt\n|faint|p2a: Zapdos\n|\n|upkeep\n|\n|t:|1700236661\n|switch|p2a: Dragonite|Dragonite, M|100\/100\n|turn|17\n|\n|t:|1700236665\n|move|p2a: Dragonite|Extreme Speed|p1a: Sneasler\n|-hint|Psychic Terrain doesn't affect Pok\u00e9mon immune to Ground.\n|-damage|p1a: Sneasler|0 fnt\n|faint|p1a: Sneasler\n|\n|-fieldend|move: Psychic Terrain\n|upkeep\n|\n|t:|1700236670\n|switch|p1a: Blacephalon|Blacephalon|100\/100\n|turn|18\n|\n|t:|1700236680\n|switch|p1a: Tornadus|Tornadus-Therian, M|82\/100\n|move|p2a: Dragonite|Curse|p2a: Dragonite\n|-unboost|p2a: Dragonite|spe|1\n|-boost|p2a: Dragonite|atk|1\n|-boost|p2a: Dragonite|def|1\n|\n|upkeep\n|turn|19\n|\n|t:|1700236685\n|move|p2a: Dragonite|Extreme Speed|p1a: Tornadus\n|-damage|p1a: Tornadus|28\/100\n|move|p1a: Tornadus|Knock Off|p2a: Dragonite\n|-damage|p2a: Dragonite|95\/100\n|-enditem|p2a: Dragonite|Heavy-Duty Boots|[from] move: Knock Off|[of] p1a: Tornadus\n|\n|upkeep\n|turn|20\n|\n|t:|1700236693\n|move|p1a: Tornadus|Hurricane|p2a: Dragonite\n|-damage|p2a: Dragonite|62\/100\n|-start|p2a: Dragonite|confusion\n|-activate|p2a: Dragonite|confusion\n|move|p2a: Dragonite|Curse|p2a: Dragonite\n|-unboost|p2a: Dragonite|spe|1\n|-boost|p2a: Dragonite|atk|1\n|-boost|p2a: Dragonite|def|1\n|\n|upkeep\n|turn|21\n|\n|t:|1700236696\n|move|p1a: Tornadus|Hurricane|p2a: Dragonite|[miss]\n|-miss|p1a: Tornadus|p2a: Dragonite\n|-activate|p2a: Dragonite|confusion\n|move|p2a: Dragonite|Roost|p2a: Dragonite\n|-heal|p2a: Dragonite|100\/100\n|-singleturn|p2a: Dragonite|move: Roost\n|\n|upkeep\n|turn|22\n|\n|t:|1700236701\n|-activate|p2a: Dragonite|confusion\n|-damage|p2a: Dragonite|86\/100|[from] confusion\n|move|p1a: Tornadus|Hurricane|p2a: Dragonite|[miss]\n|-miss|p1a: Tornadus|p2a: Dragonite\n|\n|upkeep\n|turn|23\n|\n|t:|1700236704\n|move|p1a: Tornadus|Knock Off|p2a: Dragonite\n|-damage|p2a: Dragonite|80\/100\n|-end|p2a: Dragonite|confusion\n|move|p2a: Dragonite|Roost|p2a: Dragonite\n|-heal|p2a: Dragonite|100\/100\n|-singleturn|p2a: Dragonite|move: Roost\n|\n|upkeep\n|turn|24\n|\n|t:|1700236708\n|move|p2a: Dragonite|Extreme Speed|p1a: Tornadus\n|-damage|p1a: Tornadus|0 fnt\n|faint|p1a: Tornadus\n|\n|upkeep\n|\n|t:|1700236710\n|switch|p1a: Blacephalon|Blacephalon|100\/100\n|turn|25\n|\n|t:|1700236714\n|move|p1a: Blacephalon|Shadow Ball|p2a: Dragonite\n|-damage|p2a: Dragonite|79\/100\n|move|p2a: Dragonite|Fire Punch|p1a: Blacephalon\n|-resisted|p1a: Blacephalon\n|-damage|p1a: Blacephalon|28\/100\n|\n|upkeep\n|turn|26\n|c|\u2606plague070|gg\n|\n|t:|1700236719\n|move|p1a: Blacephalon|Shadow Ball|p2a: Dragonite\n|-damage|p2a: Dragonite|41\/100\n|move|p2a: Dragonite|Fire Punch|p1a: Blacephalon\n|-resisted|p1a: Blacephalon\n|-damage|p1a: Blacephalon|0 fnt\n|faint|p1a: Blacephalon\n|\n|win|HanFong\n|raw|plague070's rating: 1476 &rarr; <strong>1454<\/strong><br \/>(-22 for losing)\n|raw|HanFong's rating: 1443 &rarr; <strong>1465<\/strong><br \/>(+22 for winning)\n","uploadtime":1700236724,"views":13,"p1id":"plague070","p2id":"hanfong","formatid":"gen9nationaldex","rating":1454,"private":0,"password":""}