{"id":"gen9nationaldex-1987403597","p1":"Bugmonobestmono","p2":"Skye32","format":"[Gen 9] National Dex","log":"|j|\u2606Bugmonobestmono\n|j|\u2606Skye32\n|t:|1699586866\n|gametype|singles\n|player|p1|Bugmonobestmono|bugcatcher-gen4dp|\n|player|p2|Skye32|2|\n|teamsize|p1|6\n|teamsize|p2|6\n|gen|9\n|tier|[Gen 9] National Dex\n|rule|HP Percentage Mod: HP is shown in percentages\n|rule|Endless Battle Clause: Forcing endless battles is banned\n|rule|OHKO Clause: OHKO moves are banned\n|rule|Evasion Clause: Evasion abilities, items, and moves are banned\n|rule|Evasion Abilities Clause: Evasion abilities are banned\n|rule|Evasion Items Clause: Evasion items are banned\n|rule|Evasion Moves Clause: Evasion moves are banned\n|rule|Species Clause: Limit one of each Pok\u00e9mon\n|rule|Sleep Clause Mod: Limit one foe put to sleep\n|clearpoke\n|poke|p1|Volcarona, F|\n|poke|p1|Ribombee, F|\n|poke|p1|Kleavor, F|\n|poke|p1|Araquanid, F|\n|poke|p1|Scizor, F|\n|poke|p1|Buzzwole|\n|poke|p2|Pinsir, M|\n|poke|p2|Volcarona, F|\n|poke|p2|Ribombee, F|\n|poke|p2|Galvantula, F|\n|poke|p2|Kleavor, F|\n|poke|p2|Scizor, M|\n|teampreview\n|inactive|Battle timer is ON: inactive players will automatically lose when time's up. (requested by Bugmonobestmono)\n|c|\u2606Bugmonobestmono|Oh\n|inactive|Bugmonobestmono has 270 seconds left.\n|l|\u2606Bugmonobestmono\n|inactive|Bugmonobestmono disconnected and has 300 seconds to reconnect!\n|player|p1|\n|j|\u2606Bugmonobestmono\n|inactive|Bugmonobestmono reconnected and has 270 seconds left.\n|player|p1|Bugmonobestmono|bugcatcher-gen4dp\n|c|\u2606Bugmonobestmono|You do realize you don't have to use a bug mono, right?\n|inactive|Bugmonobestmono has 240 seconds left.\n|\n|t:|1699586928\n|start\n|switch|p1a: Inundation|Kleavor, F, shiny|100\/100\n|switch|p2a: Kleavor|Kleavor, F|100\/100\n|turn|1\n|c|\u2606Skye32|I wanted too\n|\n|t:|1699586948\n|move|p2a: Kleavor|Stone Axe|p1a: Inundation\n|-supereffective|p1a: Inundation\n|-damage|p1a: Inundation|0 fnt\n|-sidestart|p1: Bugmonobestmono|move: Stealth Rock\n|faint|p1a: Inundation\n|\n|upkeep\n|c|\u2606Bugmonobestmono|Aight\n|\n|t:|1699586954\n|switch|p1a: Buzzwole|Buzzwole|100\/100\n|-damage|p1a: Buzzwole|88\/100|[from] Stealth Rock\n|turn|2\n|\n|t:|1699586959\n|switch|p2a: Ribombee|Ribombee, F|100\/100\n|move|p1a: Buzzwole|Bulk Up|p1a: Buzzwole\n|-boost|p1a: Buzzwole|atk|1\n|-boost|p1a: Buzzwole|def|1\n|\n|-heal|p1a: Buzzwole|94\/100|[from] item: Leftovers\n|upkeep\n|turn|3\n|\n|t:|1699586967\n|move|p2a: Ribombee|Sticky Web|p1a: Buzzwole\n|-sidestart|p1: Bugmonobestmono|move: Sticky Web\n|move|p1a: Buzzwole|Ice Punch|p2a: Ribombee\n|-damage|p2a: Ribombee|8\/100\n|\n|-heal|p1a: Buzzwole|100\/100|[from] item: Leftovers\n|upkeep\n|turn|4\n|\n|t:|1699586983\n|move|p2a: Ribombee|Moonblast|p1a: Buzzwole\n|-supereffective|p1a: Buzzwole\n|-damage|p1a: Buzzwole|0 fnt\n|faint|p1a: Buzzwole\n|\n|upkeep\n|\n|t:|1699586985\n|switch|p1a: South Park|Volcarona, F, shiny|100\/100\n|turn|5\n|\n|t:|1699587010\n|move|p2a: Ribombee|Quiver Dance|p2a: Ribombee\n|-boost|p2a: Ribombee|spa|1\n|-boost|p2a: Ribombee|spd|1\n|-boost|p2a: Ribombee|spe|1\n|move|p1a: South Park|Quiver Dance|p1a: South Park\n|-boost|p1a: South Park|spa|1\n|-boost|p1a: South Park|spd|1\n|-boost|p1a: South Park|spe|1\n|\n|upkeep\n|turn|6\n|\n|t:|1699587013\n|move|p2a: Ribombee|Moonblast|p1a: South Park\n|-resisted|p1a: South Park\n|-damage|p1a: South Park|80\/100\n|-unboost|p1a: South Park|spa|1\n|move|p1a: South Park|Quiver Dance|p1a: South Park\n|-boost|p1a: South Park|spa|1\n|-boost|p1a: South Park|spd|1\n|-boost|p1a: South Park|spe|1\n|\n|upkeep\n|turn|7\n|\n|t:|1699587016\n|move|p1a: South Park|Quiver Dance|p1a: South Park\n|-boost|p1a: South Park|spa|1\n|-boost|p1a: South Park|spd|1\n|-boost|p1a: South Park|spe|1\n|move|p2a: Ribombee|Psychic|p1a: South Park\n|-damage|p1a: South Park|63\/100\n|\n|upkeep\n|turn|8\n|\n|t:|1699587021\n|move|p1a: South Park|Giga Drain|p2a: Ribombee\n|-resisted|p2a: Ribombee\n|-damage|p2a: Ribombee|0 fnt\n|-heal|p1a: South Park|66\/100|[from] drain|[of] p2a: Ribombee\n|faint|p2a: Ribombee\n|\n|upkeep\n|\n|t:|1699587024\n|switch|p2a: Pinsir|Pinsir, M|100\/100\n|turn|9\n|\n|t:|1699587026\n|detailschange|p2a: Pinsir|Pinsir-Mega, M\n|-mega|p2a: Pinsir|Pinsir|Pinsirite\n|-terastallize|p1a: South Park|Ground\n|move|p2a: Pinsir|Quick Attack|p1a: South Park\n|-damage|p1a: South Park|35\/100\n|move|p1a: South Park|Fiery Dance|p2a: Pinsir\n|-supereffective|p2a: Pinsir\n|-crit|p2a: Pinsir\n|-damage|p2a: Pinsir|0 fnt\n|-boost|p1a: South Park|spa|1\n|faint|p2a: Pinsir\n|\n|upkeep\n|\n|t:|1699587034\n|switch|p2a: Scizor|Scizor, M|100\/100\n|turn|10\n|\n|t:|1699587044\n|move|p2a: Scizor|Bullet Punch|p1a: South Park\n|-damage|p1a: South Park|0 fnt\n|faint|p1a: South Park\n|-damage|p2a: Scizor|91\/100|[from] item: Life Orb\n|\n|upkeep\n|\n|t:|1699587054\n|switch|p1a: Mona|Araquanid, F, shiny|100\/100\n|-damage|p1a: Mona|75\/100|[from] Stealth Rock\n|-activate|p1a: Mona|move: Sticky Web\n|-unboost|p1a: Mona|spe|1\n|turn|11\n|\n|t:|1699587071\n|switch|p2a: Galvantula|Galvantula, F|100\/100\n|move|p1a: Mona|Sticky Web|p2a: Galvantula\n|-sidestart|p2: Skye32|move: Sticky Web\n|\n|upkeep\n|turn|12\n|\n|t:|1699587079\n|move|p2a: Galvantula|Thunder|p1a: Mona\n|-supereffective|p1a: Mona\n|-damage|p1a: Mona|0 fnt\n|faint|p1a: Mona\n|\n|upkeep\n|\n|t:|1699587086\n|switch|p1a: Lujayn|Scizor, F|100\/100\n|-damage|p1a: Lujayn|88\/100|[from] Stealth Rock\n|-activate|p1a: Lujayn|move: Sticky Web\n|-unboost|p1a: Lujayn|spe|1\n|turn|13\n|\n|t:|1699587090\n|detailschange|p1a: Lujayn|Scizor-Mega, F\n|-mega|p1a: Lujayn|Scizor|Scizorite\n|move|p2a: Galvantula|Thunder|p1a: Lujayn\n|-damage|p1a: Lujayn|30\/100\n|move|p1a: Lujayn|Swords Dance|p1a: Lujayn\n|-boost|p1a: Lujayn|atk|2\n|\n|upkeep\n|turn|14\n|\n|t:|1699587096\n|move|p1a: Lujayn|Bullet Punch|p2a: Galvantula\n|-resisted|p2a: Galvantula\n|-damage|p2a: Galvantula|25\/100\n|move|p2a: Galvantula|Thunder|p1a: Lujayn\n|-damage|p1a: Lujayn|0 fnt\n|faint|p1a: Lujayn\n|\n|upkeep\n|\n|t:|1699587098\n|switch|p1a: Ribombee|Ribombee, F|100\/100\n|-damage|p1a: Ribombee|76\/100|[from] Stealth Rock\n|-activate|p1a: Ribombee|move: Sticky Web\n|-unboost|p1a: Ribombee|spe|1\n|turn|15\n|\n|t:|1699587107\n|move|p2a: Galvantula|Thunder|p1a: Ribombee\n|-damage|p1a: Ribombee|0 fnt\n|faint|p1a: Ribombee\n|\n|win|Skye32\n|c|\u2606Bugmonobestmono|Whelp\n|c|\u2606Bugmonobestmono|Gg\n|c|\u2606Bugmonobestmono|Wanna bo3, or no?\n|c|\u2606Skye32|Gg wp\n|c|\u2606Bugmonobestmono|I'll take that as a no?\n|c|\u2606Skye32|I got badge but I\u2019ll play more if you want\n|c|\u2606Bugmonobestmono|Aight\n|l|\u2606Bugmonobestmono\n|l|\u2606Skye32\n|j|\u2606Bugmonobestmono\n|player|p1|Bugmonobestmono|bugcatcher-gen4dp\n","uploadtime":1699587129,"views":18,"p1id":"bugmonobestmono","p2id":"skye32","formatid":"gen9nationaldex","rating":0,"private":0,"password":""}