{"id":"gen9nationaldex-1988097786","p1":"grass knot zygarde","p2":"josh770","format":"[Gen 9] National Dex","log":"|j|\u2606grass knot zygarde\n|j|\u2606josh770\n|t:|1699669225\n|gametype|singles\n|player|p1|grass knot zygarde|dawn|\n|player|p2|josh770|cynthia-gen4|\n|teamsize|p1|6\n|teamsize|p2|6\n|gen|9\n|tier|[Gen 9] National Dex\n|rule|HP Percentage Mod: HP is shown in percentages\n|rule|Endless Battle Clause: Forcing endless battles is banned\n|rule|OHKO Clause: OHKO moves are banned\n|rule|Evasion Clause: Evasion abilities, items, and moves are banned\n|rule|Evasion Abilities Clause: Evasion abilities are banned\n|rule|Evasion Items Clause: Evasion items are banned\n|rule|Evasion Moves Clause: Evasion moves are banned\n|rule|Species Clause: Limit one of each Pok\u00e9mon\n|rule|Sleep Clause Mod: Limit one foe put to sleep\n|clearpoke\n|poke|p1|Tapu Lele|\n|poke|p1|Sneasler, F|\n|poke|p1|Alomomola, M|\n|poke|p1|Gliscor, M|\n|poke|p1|Kartana|\n|poke|p1|Slowking-Galar, M|\n|poke|p2|Clawitzer, F|\n|poke|p2|Hatterene, F|\n|poke|p2|Porygon2|\n|poke|p2|Ampharos, M|\n|poke|p2|Cresselia, F|\n|poke|p2|Glastrier|\n|teampreview\n|inactive|Battle timer is ON: inactive players will automatically lose when time's up. (requested by grass knot zygarde)\n|inactive|josh770 also wants the timer to be on.\n|c|\u2606josh770|creative\n|\n|t:|1699669242\n|start\n|switch|p1a: guy|Slowking-Galar, M, shiny|100\/100\n|switch|p2a: Hatterene|Hatterene, F|100\/100\n|turn|1\n|\n|t:|1699669252\n|move|p1a: guy|Sludge Bomb|p2a: Hatterene\n|-supereffective|p2a: Hatterene\n|-damage|p2a: Hatterene|27\/100\n|-status|p2a: Hatterene|psn\n|move|p2a: Hatterene|Trick Room|p2a: Hatterene\n|-fieldstart|move: Trick Room|[of] p2a: Hatterene\n|\n|-damage|p2a: Hatterene|15\/100 psn|[from] psn\n|upkeep\n|turn|2\n|\n|t:|1699669257\n|move|p1a: guy|Future Sight|p2a: Hatterene\n|-start|p1a: guy|move: Future Sight\n|move|p2a: Hatterene|Misty Explosion|p1a: guy\n|-resisted|p1a: guy\n|-damage|p1a: guy|83\/100\n|faint|p2a: Hatterene\n|\n|upkeep\n|\n|t:|1699669265\n|switch|p2a: Glastrier|Glastrier|100\/100\n|turn|3\n|\n|t:|1699669271\n|switch|p1a: ok|Alomomola, M, shiny|100\/100\n|move|p2a: Glastrier|Swords Dance|p2a: Glastrier\n|-boost|p2a: Glastrier|atk|2\n|\n|upkeep\n|turn|4\n|\n|t:|1699669279\n|move|p1a: ok|Protect|p1a: ok\n|-singleturn|p1a: ok|Protect\n|move|p2a: Glastrier|Close Combat|p1a: ok\n|-activate|p1a: ok|move: Protect\n|\n|-end|p2a: Glastrier|move: Future Sight\n|-damage|p2a: Glastrier|64\/100\n|upkeep\n|turn|5\n|\n|t:|1699669289\n|move|p2a: Glastrier|Close Combat|p1a: ok\n|-damage|p1a: ok|36\/100\n|-unboost|p2a: Glastrier|def|1\n|-unboost|p2a: Glastrier|spd|1\n|move|p1a: ok|Flip Turn|p2a: Glastrier\n|-damage|p2a: Glastrier|46\/100\n|\n|t:|1699669299\n|switch|p1a: permanent scars|Tapu Lele, shiny|100\/100|[from] Flip Turn\n|-fieldstart|move: Psychic Terrain|[from] ability: Psychic Surge|[of] p1a: permanent scars\n|\n|-fieldend|move: Trick Room\n|upkeep\n|turn|6\n|\n|t:|1699669304\n|switch|p2a: Porygon2|Porygon2, shiny|100\/100\n|-ability|p2a: Porygon2|Psychic Surge|[from] ability: Trace|[of] p1a: permanent scars\n|move|p1a: permanent scars|Moonblast|p2a: Porygon2\n|-damage|p2a: Porygon2|80\/100\n|\n|upkeep\n|turn|7\n|\n|t:|1699669315\n|switch|p1a: immortal|Gliscor, M, shiny|100\/100\n|move|p2a: Porygon2|Trick Room|p2a: Porygon2\n|-fieldstart|move: Trick Room|[of] p2a: Porygon2\n|\n|-status|p1a: immortal|tox|[from] item: Toxic Orb\n|upkeep\n|turn|8\n|\n|t:|1699669324\n|move|p2a: Porygon2|Ice Beam|p1a: immortal\n|-supereffective|p1a: immortal\n|-crit|p1a: immortal\n|-damage|p1a: immortal|0 fnt\n|faint|p1a: immortal\n|\n|upkeep\n|c|\u2606grass knot zygarde|why the crit\n|c|\u2606josh770|el oh elll\n|\n|t:|1699669342\n|switch|p1a: guy|Slowking-Galar, M, shiny|100\/100\n|turn|9\n|\n|t:|1699669351\n|move|p1a: guy|Future Sight|p2a: Porygon2\n|-start|p1a: guy|move: Future Sight\n|move|p2a: Porygon2|Teleport|p2a: Porygon2\n|c|\u2606grass knot zygarde|i just wanted my rocks up\n|\n|t:|1699669355\n|switch|p2a: Glastrier|Glastrier|46\/100|[from] Teleport\n|\n|-fieldend|move: Psychic Terrain\n|upkeep\n|turn|10\n|c|\u2606grass knot zygarde|but for some reasons u decide to crit me\n|\n|t:|1699669372\n|switch|p2a: Ampharos|Ampharos, M|100\/100\n|move|p1a: guy|Chilly Reception|p1a: guy\n|-weather|Snow\n|\n|t:|1699669384\n|switch|p1a: permanent scars|Tapu Lele, shiny|100\/100|[from] Chilly Reception\n|-fieldstart|move: Psychic Terrain|[from] ability: Psychic Surge|[of] p1a: permanent scars\n|\n|-weather|Snow|[upkeep]\n|upkeep\n|turn|11\n|\n|t:|1699669390\n|detailschange|p2a: Ampharos|Ampharos-Mega, M\n|-mega|p2a: Ampharos|Ampharos|Ampharosite\n|-ability|p2a: Ampharos|Mold Breaker\n|move|p2a: Ampharos|Volt Switch|p1a: permanent scars\n|-damage|p1a: permanent scars|53\/100\n|\n|t:|1699669395\n|switch|p2a: Porygon2|Porygon2, shiny|80\/100|[from] Volt Switch\n|-ability|p2a: Porygon2|Psychic Surge|[from] ability: Trace|[of] p1a: permanent scars\n|move|p1a: permanent scars|Moonblast|p2a: Porygon2\n|-damage|p2a: Porygon2|56\/100\n|-unboost|p2a: Porygon2|spa|1\n|\n|-weather|Snow|[upkeep]\n|-end|p2a: Porygon2|move: Future Sight\n|-damage|p2a: Porygon2|29\/100\n|-fieldend|move: Trick Room\n|upkeep\n|turn|12\n|\n|t:|1699669405\n|switch|p1a: flying whales|Sneasler, F, shiny|100\/100\n|-enditem|p1a: flying whales|Psychic Seed\n|-boost|p1a: flying whales|spd|1|[from] item: Psychic Seed\n|move|p2a: Porygon2|Recover|p2a: Porygon2\n|-heal|p2a: Porygon2|79\/100\n|\n|-weather|Snow|[upkeep]\n|upkeep\n|turn|13\n|\n|t:|1699669411\n|move|p1a: flying whales|Close Combat|p2a: Porygon2\n|-supereffective|p2a: Porygon2\n|-damage|p2a: Porygon2|0 fnt\n|-unboost|p1a: flying whales|def|1\n|-unboost|p1a: flying whales|spd|1\n|faint|p2a: Porygon2\n|\n|-weather|Snow|[upkeep]\n|upkeep\n|\n|t:|1699669414\n|switch|p2a: Clawitzer|Clawitzer, F, shiny|100\/100\n|turn|14\n|\n|t:|1699669429\n|switch|p1a: guy|Slowking-Galar, M, shiny|100\/100\n|-terastallize|p2a: Clawitzer|Water\n|move|p2a: Clawitzer|Water Pulse|p1a: guy\n|-damage|p1a: guy|41\/100\n|\n|-weather|none\n|-fieldend|move: Psychic Terrain\n|upkeep\n|turn|15\n|\n|t:|1699669434\n|move|p2a: Clawitzer|Water Pulse|p1a: guy\n|-damage|p1a: guy|0 fnt\n|faint|p1a: guy\n|\n|upkeep\n|\n|t:|1699669436\n|switch|p1a: u kil gliscor yet?|Kartana, shiny|100\/100\n|turn|16\n|\n|t:|1699669441\n|switch|p2a: Cresselia|Cresselia, F, shiny|100\/100\n|move|p1a: u kil gliscor yet?|Leaf Blade|p2a: Cresselia\n|-damage|p2a: Cresselia|72\/100\n|\n|upkeep\n|turn|17\n|\n|t:|1699669452\n|move|p1a: u kil gliscor yet?|Knock Off|p2a: Cresselia\n|-supereffective|p2a: Cresselia\n|-damage|p2a: Cresselia|33\/100\n|-enditem|p2a: Cresselia|Mental Herb|[from] move: Knock Off|[of] p1a: u kil gliscor yet?\n|move|p2a: Cresselia|Trick Room|p2a: Cresselia\n|-fieldstart|move: Trick Room|[of] p2a: Cresselia\n|\n|upkeep\n|turn|18\n|\n|t:|1699669467\n|switch|p2a: Ampharos|Ampharos-Mega, M|100\/100\n|-ability|p2a: Ampharos|Mold Breaker\n|switch|p1a: permanent scars|Tapu Lele, shiny|53\/100\n|-fieldstart|move: Psychic Terrain|[from] ability: Psychic Surge|[of] p1a: permanent scars\n|\n|upkeep\n|turn|19\n|\n|t:|1699669473\n|move|p2a: Ampharos|Thunderbolt|p1a: permanent scars\n|-damage|p1a: permanent scars|0 fnt\n|faint|p1a: permanent scars\n|\n|upkeep\n|\n|t:|1699669478\n|switch|p1a: u kil gliscor yet?|Kartana, shiny|100\/100\n|turn|20\n|\n|t:|1699669484\n|move|p2a: Ampharos|Thunderbolt|p1a: u kil gliscor yet?\n|-resisted|p1a: u kil gliscor yet?\n|-damage|p1a: u kil gliscor yet?|15\/100\n|move|p1a: u kil gliscor yet?|Synthesis|p1a: u kil gliscor yet?\n|-heal|p1a: u kil gliscor yet?|65\/100\n|\n|upkeep\n|turn|21\n|\n|t:|1699669490\n|move|p2a: Ampharos|Thunderbolt|p1a: u kil gliscor yet?\n|-resisted|p1a: u kil gliscor yet?\n|-damage|p1a: u kil gliscor yet?|0 fnt\n|faint|p1a: u kil gliscor yet?\n|\n|-fieldend|move: Trick Room\n|upkeep\n|\n|t:|1699669493\n|switch|p1a: flying whales|Sneasler, F, shiny|100\/100\n|turn|22\n|\n|t:|1699669503\n|move|p1a: flying whales|Swords Dance|p1a: flying whales\n|-boost|p1a: flying whales|atk|2\n|move|p2a: Ampharos|Thunderbolt|p1a: flying whales\n|-damage|p1a: flying whales|18\/100\n|\n|-fieldend|move: Psychic Terrain\n|upkeep\n|turn|23\n|\n|t:|1699669513\n|move|p1a: flying whales|Close Combat|p2a: Ampharos\n|-damage|p2a: Ampharos|0 fnt\n|-unboost|p1a: flying whales|def|1\n|-unboost|p1a: flying whales|spd|1\n|faint|p2a: Ampharos\n|\n|upkeep\n|\n|t:|1699669519\n|switch|p2a: Cresselia|Cresselia, F, shiny|33\/100\n|turn|24\n|\n|t:|1699669524\n|-terastallize|p1a: flying whales|Flying\n|move|p1a: flying whales|Acrobatics|p2a: Cresselia\n|-damage|p2a: Cresselia|0 fnt\n|faint|p2a: Cresselia\n|\n|upkeep\n|\n|t:|1699669527\n|switch|p2a: Clawitzer|Clawitzer, F, shiny, tera:Water|100\/100\n|turn|25\n|\n|t:|1699669534\n|move|p1a: flying whales|Close Combat|p2a: Clawitzer\n|-damage|p2a: Clawitzer|0 fnt\n|-unboost|p1a: flying whales|def|1\n|-unboost|p1a: flying whales|spd|1\n|faint|p2a: Clawitzer\n|\n|upkeep\n|\n|t:|1699669537\n|switch|p2a: Glastrier|Glastrier|46\/100\n|turn|26\n|c|\u2606grass knot zygarde|gg\n|\n|t:|1699669543\n|move|p1a: flying whales|Close Combat|p2a: Glastrier\n|-supereffective|p2a: Glastrier\n|-crit|p2a: Glastrier\n|-damage|p2a: Glastrier|0 fnt\n|-unboost|p1a: flying whales|def|1\n|-unboost|p1a: flying whales|spd|1\n|faint|p2a: Glastrier\n|\n|win|grass knot zygarde\n","uploadtime":1699669555,"views":4,"p1id":"grassknotzygarde","p2id":"josh770","formatid":"gen9nationaldex","rating":0,"private":0,"password":""}