{"id":"gen9nationaldex-1993613062","p1":"papunutriaxd","p2":"alcatel999","format":"[Gen 9] National Dex","log":"|j|\u2606papunutriaxd\n|j|\u2606alcatel999\n|t:|1700337516\n|gametype|singles\n|player|p1|papunutriaxd|clair|\n|player|p2|alcatel999|rocketgrunt|\n|teamsize|p1|6\n|teamsize|p2|6\n|gen|9\n|tier|[Gen 9] National Dex\n|rule|HP Percentage Mod: HP is shown in percentages\n|rule|Endless Battle Clause: Forcing endless battles is banned\n|rule|OHKO Clause: OHKO moves are banned\n|rule|Evasion Clause: Evasion abilities, items, and moves are banned\n|rule|Evasion Abilities Clause: Evasion abilities are banned\n|rule|Evasion Items Clause: Evasion items are banned\n|rule|Evasion Moves Clause: Evasion moves are banned\n|rule|Species Clause: Limit one of each Pok\u00e9mon\n|rule|Sleep Clause Mod: Limit one foe put to sleep\n|clearpoke\n|poke|p1|Medicham, F|\n|poke|p1|Clodsire, F|\n|poke|p1|Alomomola, F|\n|poke|p1|Ribombee, M|\n|poke|p1|Dragonite, F|\n|poke|p1|Great Tusk|\n|poke|p2|Diancie|\n|poke|p2|Klefki, F|\n|poke|p2|Mimikyu, F|\n|poke|p2|Tapu Fini|\n|poke|p2|Tapu Bulu|\n|poke|p2|Tapu Lele|\n|teampreview\n|c|\u2606alcatel999|Suerte\n|c|\u2606papunutriaxd|thanks\n|c|\u2606papunutriaxd|igualmente\n|\n|t:|1700337549\n|start\n|switch|p1a: Ribombee|Ribombee, M|100\/100\n|switch|p2a: Di-Vi-Na|Diancie|100\/100\n|turn|1\n|\n|t:|1700337554\n|detailschange|p2a: Di-Vi-Na|Diancie-Mega\n|-mega|p2a: Di-Vi-Na|Diancie|Diancite\n|move|p1a: Ribombee|Sticky Web|p2a: Di-Vi-Na\n|move|p2a: Di-Vi-Na|Sticky Web|p1a: Ribombee|[from]ability: Magic Bounce\n|-sidestart|p1: papunutriaxd|move: Sticky Web\n|move|p2a: Di-Vi-Na|Diamond Storm|p1a: Ribombee\n|-supereffective|p1a: Ribombee\n|-enditem|p1a: Ribombee|Focus Sash\n|-damage|p1a: Ribombee|1\/100\n|-boost|p2a: Di-Vi-Na|def|2\n|\n|upkeep\n|turn|2\n|j| NeviLow\n|c|\u2606papunutriaxd|a olvide la mega\n|\n|t:|1700337570\n|switch|p1a: Clodsire|Clodsire, F|100\/100\n|-activate|p1a: Clodsire|move: Sticky Web\n|-unboost|p1a: Clodsire|spe|1\n|move|p2a: Di-Vi-Na|Earth Power|p1a: Clodsire\n|-supereffective|p1a: Clodsire\n|-damage|p1a: Clodsire|60\/100\n|\n|-heal|p1a: Clodsire|66\/100|[from] item: Black Sludge\n|upkeep\n|turn|3\n|\n|t:|1700337593\n|switch|p2a: HakunaMatata|Tapu Bulu|100\/100\n|-fieldstart|move: Grassy Terrain|[from] ability: Grassy Surge|[of] p2a: HakunaMatata\n|move|p1a: Clodsire|Poison Jab|p2a: HakunaMatata\n|-supereffective|p2a: HakunaMatata\n|-damage|p2a: HakunaMatata|0 fnt\n|faint|p2a: HakunaMatata\n|\n|-heal|p1a: Clodsire|72\/100|[from] Grassy Terrain\n|-heal|p1a: Clodsire|78\/100|[from] item: Black Sludge\n|upkeep\n|\n|t:|1700337599\n|switch|p2a: LaLlaveDeTuCorazon|Klefki, F|100\/100\n|turn|4\n|j| axelzzz09\n|j| alexisarbolero\n|\n|t:|1700337604\n|move|p2a: LaLlaveDeTuCorazon|Reflect|p2a: LaLlaveDeTuCorazon\n|-sidestart|p2: alcatel999|Reflect\n|move|p1a: Clodsire|Stealth Rock|p2a: LaLlaveDeTuCorazon\n|-sidestart|p2: alcatel999|move: Stealth Rock\n|\n|-heal|p1a: Clodsire|85\/100|[from] Grassy Terrain\n|-heal|p1a: Clodsire|91\/100|[from] item: Black Sludge\n|upkeep\n|turn|5\n|\n|t:|1700337615\n|switch|p2a: Di-Vi-Na|Diancie-Mega|100\/100\n|-damage|p2a: Di-Vi-Na|88\/100|[from] Stealth Rock\n|switch|p1a: Great Tusk|Great Tusk|100\/100\n|-activate|p1a: Great Tusk|move: Sticky Web\n|-unboost|p1a: Great Tusk|spe|1\n|\n|-heal|p2a: Di-Vi-Na|94\/100|[from] Grassy Terrain\n|upkeep\n|turn|6\n|\n|t:|1700337626\n|-end|p1a: Great Tusk|Protosynthesis|[silent]\n|switch|p1a: Clodsire|Clodsire, F|91\/100\n|-activate|p1a: Clodsire|move: Sticky Web\n|-unboost|p1a: Clodsire|spe|1\n|move|p2a: Di-Vi-Na|Moonblast|p1a: Clodsire\n|-resisted|p1a: Clodsire\n|-damage|p1a: Clodsire|75\/100\n|-unboost|p1a: Clodsire|spa|1\n|\n|-heal|p2a: Di-Vi-Na|100\/100|[from] Grassy Terrain\n|-heal|p1a: Clodsire|82\/100|[from] Grassy Terrain\n|-heal|p1a: Clodsire|88\/100|[from] item: Black Sludge\n|upkeep\n|turn|7\n|\n|t:|1700337634\n|switch|p2a: LaLlaveDeTuCorazon|Klefki, F|100\/100\n|-damage|p2a: LaLlaveDeTuCorazon|95\/100|[from] Stealth Rock\n|move|p1a: Clodsire|Poison Jab|p2a: LaLlaveDeTuCorazon\n|-immune|p2a: LaLlaveDeTuCorazon\n|\n|-heal|p2a: LaLlaveDeTuCorazon|100\/100|[from] Grassy Terrain\n|-heal|p1a: Clodsire|94\/100|[from] Grassy Terrain\n|-heal|p1a: Clodsire|99\/100|[from] item: Black Sludge\n|-fieldend|move: Grassy Terrain\n|upkeep\n|turn|8\n|\n|t:|1700337642\n|move|p2a: LaLlaveDeTuCorazon|Spikes|p1a: Clodsire\n|-sidestart|p1: papunutriaxd|Spikes\n|move|p1a: Clodsire|Earthquake|p2a: LaLlaveDeTuCorazon\n|-supereffective|p2a: LaLlaveDeTuCorazon\n|-damage|p2a: LaLlaveDeTuCorazon|77\/100\n|\n|-heal|p1a: Clodsire|100\/100|[from] item: Black Sludge\n|upkeep\n|turn|9\n|\n|t:|1700337645\n|switch|p1a: Great Tusk|Great Tusk|100\/100\n|-activate|p1a: Great Tusk|move: Sticky Web\n|-unboost|p1a: Great Tusk|spe|1\n|-damage|p1a: Great Tusk|88\/100|[from] Spikes\n|move|p2a: LaLlaveDeTuCorazon|Spikes|p1a: Great Tusk\n|-sidestart|p1: papunutriaxd|Spikes\n|\n|-heal|p1a: Great Tusk|94\/100|[from] item: Leftovers\n|upkeep\n|turn|10\n|\n|t:|1700337649\n|switch|p2a: Mimigod|Mimikyu, F|100\/100\n|-damage|p2a: Mimigod|88\/100|[from] Stealth Rock\n|move|p1a: Great Tusk|Rapid Spin|p2a: Mimigod\n|-immune|p2a: Mimigod\n|\n|-heal|p1a: Great Tusk|100\/100|[from] item: Leftovers\n|upkeep\n|turn|11\n|\n|t:|1700337655\n|-end|p1a: Great Tusk|Protosynthesis|[silent]\n|switch|p1a: Alomomola|Alomomola, F|100\/100\n|-activate|p1a: Alomomola|move: Sticky Web\n|-unboost|p1a: Alomomola|spe|1\n|-damage|p1a: Alomomola|84\/100|[from] Spikes\n|move|p2a: Mimigod|Play Rough|p1a: Alomomola\n|-damage|p1a: Alomomola|58\/100\n|-damage|p2a: Mimigod|72\/100|[from] item: Rocky Helmet|[of] p1a: Alomomola\n|-damage|p2a: Mimigod|62\/100|[from] item: Life Orb\n|\n|-sideend|p2: alcatel999|Reflect\n|upkeep\n|turn|12\n|\n|t:|1700337661\n|move|p2a: Mimigod|Swords Dance|p2a: Mimigod\n|-boost|p2a: Mimigod|atk|2\n|move|p1a: Alomomola|Toxic|p2a: Mimigod\n|-status|p2a: Mimigod|tox\n|\n|-damage|p2a: Mimigod|56\/100 tox|[from] psn\n|upkeep\n|turn|13\n|\n|t:|1700337664\n|move|p1a: Alomomola|Protect|p1a: Alomomola\n|-singleturn|p1a: Alomomola|Protect\n|move|p2a: Mimigod|Drain Punch|p1a: Alomomola\n|-activate|p1a: Alomomola|move: Protect\n|\n|-damage|p2a: Mimigod|44\/100 tox|[from] psn\n|upkeep\n|turn|14\n|\n|t:|1700337673\n|switch|p1a: Ribombee|Ribombee, M|1\/100\n|-activate|p1a: Ribombee|move: Sticky Web\n|-unboost|p1a: Ribombee|spe|1\n|-damage|p1a: Ribombee|0 fnt|[from] Spikes\n|faint|p1a: Ribombee\n|move|p2a: Mimigod|Drain Punch|p1: Ribombee|[notarget]\n|-fail|p2a: Mimigod\n|\n|-damage|p2a: Mimigod|26\/100 tox|[from] psn\n|upkeep\n|\n|t:|1700337683\n|switch|p1a: Alomomola|Alomomola, F|91\/100\n|-activate|p1a: Alomomola|move: Sticky Web\n|-unboost|p1a: Alomomola|spe|1\n|-damage|p1a: Alomomola|74\/100|[from] Spikes\n|turn|15\n|\n|t:|1700337686\n|move|p1a: Alomomola|Protect|p1a: Alomomola\n|-singleturn|p1a: Alomomola|Protect\n|move|p2a: Mimigod|Drain Punch|p1a: Alomomola\n|-activate|p1a: Alomomola|move: Protect\n|\n|-damage|p2a: Mimigod|2\/100 tox|[from] psn\n|upkeep\n|turn|16\n|\n|t:|1700337693\n|move|p2a: Mimigod|Drain Punch|p1a: Alomomola\n|-damage|p1a: Alomomola|47\/100\n|-heal|p2a: Mimigod|31\/100 tox|[from] drain|[of] p1a: Alomomola\n|-damage|p2a: Mimigod|15\/100 tox|[from] item: Rocky Helmet|[of] p1a: Alomomola\n|-damage|p2a: Mimigod|5\/100 tox|[from] item: Life Orb\n|move|p1a: Alomomola|Flip Turn|p2a: Mimigod\n|-activate|p2a: Mimigod|ability: Disguise\n|-damage|p2a: Mimigod|5\/100 tox\n|detailschange|p2a: Mimigod|Mimikyu-Busted, F\n|-damage|p2a: Mimigod|0 fnt|[from] pokemon: Mimikyu-Busted\n|faint|p2a: Mimigod\n|\n|t:|1700337702\n|switch|p1a: Great Tusk|Great Tusk|100\/100|[from] Flip Turn\n|-activate|p1a: Great Tusk|move: Sticky Web\n|-unboost|p1a: Great Tusk|spe|1\n|-damage|p1a: Great Tusk|84\/100|[from] Spikes\n|\n|-heal|p1a: Great Tusk|90\/100|[from] item: Leftovers\n|upkeep\n|\n|t:|1700337710\n|switch|p2a: LelePancha|Tapu Lele|100\/100\n|-damage|p2a: LelePancha|88\/100|[from] Stealth Rock\n|-fieldstart|move: Psychic Terrain|[from] ability: Psychic Surge|[of] p2a: LelePancha\n|turn|17\n|\n|t:|1700337715\n|-end|p1a: Great Tusk|Protosynthesis|[silent]\n|switch|p1a: Clodsire|Clodsire, F|100\/100\n|-activate|p1a: Clodsire|move: Sticky Web\n|-unboost|p1a: Clodsire|spe|1\n|-damage|p1a: Clodsire|84\/100|[from] Spikes\n|move|p2a: LelePancha|Psychic|p1a: Clodsire\n|-supereffective|p1a: Clodsire\n|-damage|p1a: Clodsire|16\/100\n|\n|-heal|p1a: Clodsire|22\/100|[from] item: Black Sludge\n|upkeep\n|turn|18\n|\n|t:|1700337719\n|move|p2a: LelePancha|Psychic|p1a: Clodsire\n|-supereffective|p1a: Clodsire\n|-damage|p1a: Clodsire|0 fnt\n|faint|p1a: Clodsire\n|\n|upkeep\n|\n|t:|1700337735\n|switch|p1a: Dragonite|Dragonite, F|100\/100\n|turn|19\n|\n|t:|1700337747\n|move|p2a: LelePancha|Psychic|p1a: Dragonite\n|-damage|p1a: Dragonite|66\/100\n|move|p1a: Dragonite|Dragon Dance|p1a: Dragonite\n|-boost|p1a: Dragonite|atk|1\n|-boost|p1a: Dragonite|spe|1\n|\n|-heal|p1a: Dragonite|72\/100|[from] item: Leftovers\n|upkeep\n|turn|20\n|\n|t:|1700337754\n|move|p2a: LelePancha|Psychic|p1a: Dragonite\n|-damage|p1a: Dragonite|3\/100\n|move|p1a: Dragonite|Earthquake|p2a: LelePancha\n|-damage|p2a: LelePancha|0 fnt\n|faint|p2a: LelePancha\n|\n|-heal|p1a: Dragonite|9\/100|[from] item: Leftovers\n|upkeep\n|\n|t:|1700337765\n|switch|p2a: LaLlaveDeTuCorazon|Klefki, F|77\/100\n|-damage|p2a: LaLlaveDeTuCorazon|71\/100|[from] Stealth Rock\n|turn|21\n|\n|t:|1700337769\n|move|p2a: LaLlaveDeTuCorazon|Toxic|p1a: Dragonite\n|-status|p1a: Dragonite|tox\n|move|p1a: Dragonite|Earthquake|p2a: LaLlaveDeTuCorazon\n|-supereffective|p2a: LaLlaveDeTuCorazon\n|-damage|p2a: LaLlaveDeTuCorazon|0 fnt\n|faint|p2a: LaLlaveDeTuCorazon\n|\n|-heal|p1a: Dragonite|15\/100 tox|[from] item: Leftovers\n|-damage|p1a: Dragonite|9\/100 tox|[from] psn\n|-fieldend|move: Psychic Terrain\n|upkeep\n|\n|t:|1700337775\n|switch|p2a: FinoSe\u00f1ores|Tapu Fini|100\/100\n|-damage|p2a: FinoSe\u00f1ores|88\/100|[from] Stealth Rock\n|-fieldstart|move: Misty Terrain|[from] ability: Misty Surge|[of] p2a: FinoSe\u00f1ores\n|turn|22\n|\n|t:|1700337782\n|switch|p1a: Alomomola|Alomomola, F|80\/100\n|-activate|p1a: Alomomola|move: Sticky Web\n|-unboost|p1a: Alomomola|spe|1\n|-damage|p1a: Alomomola|64\/100|[from] Spikes\n|move|p2a: FinoSe\u00f1ores|Calm Mind|p2a: FinoSe\u00f1ores\n|-boost|p2a: FinoSe\u00f1ores|spa|1\n|-boost|p2a: FinoSe\u00f1ores|spd|1\n|\n|-heal|p2a: FinoSe\u00f1ores|94\/100|[from] item: Leftovers\n|upkeep\n|turn|23\n|\n|t:|1700337785\n|move|p2a: FinoSe\u00f1ores|Taunt|p1a: Alomomola\n|-start|p1a: Alomomola|move: Taunt\n|cant|p1a: Alomomola|move: Taunt|Toxic\n|\n|-heal|p2a: FinoSe\u00f1ores|99\/100|[from] item: Leftovers\n|upkeep\n|turn|24\n|\n|t:|1700337794\n|move|p2a: FinoSe\u00f1ores|Calm Mind|p2a: FinoSe\u00f1ores\n|-boost|p2a: FinoSe\u00f1ores|spa|1\n|-boost|p2a: FinoSe\u00f1ores|spd|1\n|move|p1a: Alomomola|Flip Turn|p2a: FinoSe\u00f1ores\n|-resisted|p2a: FinoSe\u00f1ores\n|-damage|p2a: FinoSe\u00f1ores|94\/100\n|\n|t:|1700337799\n|switch|p1a: Great Tusk|Great Tusk|90\/100|[from] Flip Turn\n|-activate|p1a: Great Tusk|move: Sticky Web\n|-unboost|p1a: Great Tusk|spe|1\n|-damage|p1a: Great Tusk|73\/100|[from] Spikes\n|\n|-heal|p2a: FinoSe\u00f1ores|99\/100|[from] item: Leftovers\n|-heal|p1a: Great Tusk|80\/100|[from] item: Leftovers\n|upkeep\n|turn|25\n|\n|t:|1700337805\n|move|p2a: FinoSe\u00f1ores|Draining Kiss|p1a: Great Tusk\n|-supereffective|p1a: Great Tusk\n|-damage|p1a: Great Tusk|0 fnt\n|-heal|p2a: FinoSe\u00f1ores|100\/100|[from] drain|[of] p1a: Great Tusk\n|faint|p1a: Great Tusk\n|-end|p1a: Great Tusk|Protosynthesis|[silent]\n|\n|upkeep\n|\n|t:|1700337809\n|switch|p1a: Medicham|Medicham, F|100\/100\n|-activate|p1a: Medicham|move: Sticky Web\n|-unboost|p1a: Medicham|spe|1\n|-damage|p1a: Medicham|84\/100|[from] Spikes\n|turn|26\n|\n|t:|1700337813\n|detailschange|p1a: Medicham|Medicham-Mega, F\n|-mega|p1a: Medicham|Medicham|Medichamite\n|move|p1a: Medicham|Fake Out|p2a: FinoSe\u00f1ores\n|-damage|p2a: FinoSe\u00f1ores|79\/100\n|cant|p2a: FinoSe\u00f1ores|flinch\n|\n|-heal|p2a: FinoSe\u00f1ores|85\/100|[from] item: Leftovers\n|-fieldend|Misty Terrain\n|upkeep\n|turn|27\n|\n|t:|1700337819\n|move|p1a: Medicham|Zen Headbutt|p2a: FinoSe\u00f1ores|[miss]\n|-miss|p1a: Medicham|p2a: FinoSe\u00f1ores\n|move|p2a: FinoSe\u00f1ores|Draining Kiss|p1a: Medicham\n|-supereffective|p1a: Medicham\n|-damage|p1a: Medicham|0 fnt\n|-heal|p2a: FinoSe\u00f1ores|100\/100|[from] drain|[of] p1a: Medicham\n|faint|p1a: Medicham\n|\n|upkeep\n|c|\u2606papunutriaxd|mames\n|\n|t:|1700337827\n|switch|p1a: Alomomola|Alomomola, F|97\/100\n|-activate|p1a: Alomomola|move: Sticky Web\n|-unboost|p1a: Alomomola|spe|1\n|-damage|p1a: Alomomola|80\/100|[from] Spikes\n|turn|28\n|\n|t:|1700337830\n|move|p2a: FinoSe\u00f1ores|Taunt|p1a: Alomomola\n|-start|p1a: Alomomola|move: Taunt\n|move|p1a: Alomomola|Flip Turn|p2a: FinoSe\u00f1ores\n|-resisted|p2a: FinoSe\u00f1ores\n|-damage|p2a: FinoSe\u00f1ores|94\/100\n|\n|t:|1700337832\n|switch|p1a: Dragonite|Dragonite, F|9\/100 tox|[from] Flip Turn\n|\n|-heal|p1a: Dragonite|15\/100 tox|[from] item: Leftovers\n|-heal|p2a: FinoSe\u00f1ores|99\/100|[from] item: Leftovers\n|-damage|p1a: Dragonite|9\/100 tox|[from] psn\n|upkeep\n|turn|29\n|\n|t:|1700337836\n|-terastallize|p1a: Dragonite|Normal\n|move|p1a: Dragonite|Extreme Speed|p2a: FinoSe\u00f1ores\n|-damage|p2a: FinoSe\u00f1ores|60\/100\n|move|p2a: FinoSe\u00f1ores|Draining Kiss|p1a: Dragonite\n|-damage|p1a: Dragonite|0 fnt\n|-heal|p2a: FinoSe\u00f1ores|65\/100|[from] drain|[of] p1a: Dragonite\n|faint|p1a: Dragonite\n|\n|-heal|p2a: FinoSe\u00f1ores|71\/100|[from] item: Leftovers\n|upkeep\n|\n|t:|1700337838\n|switch|p1a: Alomomola|Alomomola, F|100\/100\n|-activate|p1a: Alomomola|move: Sticky Web\n|-unboost|p1a: Alomomola|spe|1\n|-damage|p1a: Alomomola|84\/100|[from] Spikes\n|turn|30\n|\n|t:|1700337841\n|move|p2a: FinoSe\u00f1ores|Taunt|p1a: Alomomola\n|-start|p1a: Alomomola|move: Taunt\n|move|p1a: Alomomola|Scald|p2a: FinoSe\u00f1ores\n|-resisted|p2a: FinoSe\u00f1ores\n|-damage|p2a: FinoSe\u00f1ores|69\/100\n|-status|p2a: FinoSe\u00f1ores|brn\n|\n|-heal|p2a: FinoSe\u00f1ores|75\/100 brn|[from] item: Leftovers\n|-damage|p2a: FinoSe\u00f1ores|69\/100 brn|[from] brn\n|upkeep\n|turn|31\n|\n|t:|1700337846\n|move|p2a: FinoSe\u00f1ores|Calm Mind|p2a: FinoSe\u00f1ores\n|-boost|p2a: FinoSe\u00f1ores|spa|1\n|-boost|p2a: FinoSe\u00f1ores|spd|1\n|move|p1a: Alomomola|Scald|p2a: FinoSe\u00f1ores\n|-resisted|p2a: FinoSe\u00f1ores\n|-damage|p2a: FinoSe\u00f1ores|68\/100 brn\n|\n|-heal|p2a: FinoSe\u00f1ores|74\/100 brn|[from] item: Leftovers\n|-damage|p2a: FinoSe\u00f1ores|68\/100 brn|[from] brn\n|upkeep\n|turn|32\n|\n|t:|1700337848\n|move|p2a: FinoSe\u00f1ores|Draining Kiss|p1a: Alomomola\n|-damage|p1a: Alomomola|33\/100\n|-heal|p2a: FinoSe\u00f1ores|100\/100 brn|[from] drain|[of] p1a: Alomomola\n|-damage|p2a: FinoSe\u00f1ores|84\/100 brn|[from] item: Rocky Helmet|[of] p1a: Alomomola\n|move|p1a: Alomomola|Scald|p2a: FinoSe\u00f1ores\n|-resisted|p2a: FinoSe\u00f1ores\n|-damage|p2a: FinoSe\u00f1ores|82\/100 brn\n|\n|-heal|p2a: FinoSe\u00f1ores|88\/100 brn|[from] item: Leftovers\n|-damage|p2a: FinoSe\u00f1ores|82\/100 brn|[from] brn\n|-end|p1a: Alomomola|move: Taunt\n|upkeep\n|turn|33\n|\n|t:|1700337855\n|move|p1a: Alomomola|Protect|p1a: Alomomola\n|-singleturn|p1a: Alomomola|Protect\n|move|p2a: FinoSe\u00f1ores|Draining Kiss|p1a: Alomomola\n|-activate|p1a: Alomomola|move: Protect\n|\n|-heal|p2a: FinoSe\u00f1ores|88\/100 brn|[from] item: Leftovers\n|-damage|p2a: FinoSe\u00f1ores|82\/100 brn|[from] brn\n|upkeep\n|turn|34\n|\n|t:|1700337860\n|move|p2a: FinoSe\u00f1ores|Taunt|p1a: Alomomola\n|-start|p1a: Alomomola|move: Taunt\n|move|p1a: Alomomola|Flip Turn|p2a: FinoSe\u00f1ores\n|-resisted|p2a: FinoSe\u00f1ores\n|-damage|p2a: FinoSe\u00f1ores|76\/100 brn\n|\n|-heal|p2a: FinoSe\u00f1ores|82\/100 brn|[from] item: Leftovers\n|-damage|p2a: FinoSe\u00f1ores|76\/100 brn|[from] brn\n|upkeep\n|turn|35\n|\n|t:|1700337862\n|move|p2a: FinoSe\u00f1ores|Draining Kiss|p1a: Alomomola\n|-damage|p1a: Alomomola|0 fnt\n|-heal|p2a: FinoSe\u00f1ores|100\/100 brn|[from] drain|[of] p1a: Alomomola\n|-damage|p2a: FinoSe\u00f1ores|84\/100 brn|[from] item: Rocky Helmet|[of] p1a: Alomomola\n|faint|p1a: Alomomola\n|\n|win|alcatel999\n|c|\u2606papunutriaxd|GG\n|c|\u2606alcatel999|Gg\n","uploadtime":1700337871,"views":12,"p1id":"papunutriaxd","p2id":"alcatel999","formatid":"gen9nationaldex","rating":0,"private":0,"password":""}