{"id":"gen9nationaldex-1989837476","p1":"Ikfelk","p2":"Flamer34","format":"[Gen 9] National Dex","log":"|j|\u2606Ikfelk\n|j|\u2606Flamer34\n|t:|1699899883\n|gametype|singles\n|player|p1|Ikfelk|acetrainersnowf|1164\n|player|p2|Flamer34|102|1117\n|teamsize|p1|6\n|teamsize|p2|6\n|gen|9\n|tier|[Gen 9] National Dex\n|rated|\n|rule|HP Percentage Mod: HP is shown in percentages\n|rule|Endless Battle Clause: Forcing endless battles is banned\n|rule|OHKO Clause: OHKO moves are banned\n|rule|Evasion Clause: Evasion abilities, items, and moves are banned\n|rule|Evasion Abilities Clause: Evasion abilities are banned\n|rule|Evasion Items Clause: Evasion items are banned\n|rule|Evasion Moves Clause: Evasion moves are banned\n|rule|Species Clause: Limit one of each Pok\u00e9mon\n|rule|Sleep Clause Mod: Limit one foe put to sleep\n|clearpoke\n|poke|p1|Porygon2|\n|poke|p1|Gyarados, M|\n|poke|p1|Polteageist-Antique|\n|poke|p1|Klefki, F|\n|poke|p1|Primarina, M|\n|poke|p1|Glaceon, F|\n|poke|p2|Dipplin, M|\n|poke|p2|Leavanny, F|\n|poke|p2|Rillaboom, F|\n|poke|p2|Kartana|\n|poke|p2|Sceptile, F|\n|poke|p2|Whimsicott, M|\n|teampreview\n|\n|t:|1699899908\n|start\n|switch|p1a: Porygon2|Porygon2|100\/100\n|switch|p2a: how???|Dipplin, M|100\/100\n|-ability|p1a: Porygon2|Sticky Hold|[from] ability: Trace|[of] p2a: how???\n|turn|1\n|\n|t:|1699899919\n|move|p1a: Porygon2|Toxic|p2a: how???\n|-status|p2a: how???|tox\n|move|p2a: how???|Dragon Pulse|p1a: Porygon2\n|-damage|p1a: Porygon2|83\/100\n|\n|-damage|p2a: how???|94\/100 tox|[from] psn\n|upkeep\n|turn|2\n|\n|t:|1699899934\n|move|p1a: Porygon2|Tri Attack|p2a: how???\n|-damage|p2a: how???|71\/100 tox\n|move|p2a: how???|Giga Drain|p1a: Porygon2\n|-damage|p1a: Porygon2|70\/100\n|-heal|p2a: how???|78\/100 tox|[from] drain|[of] p1a: Porygon2\n|\n|-damage|p2a: how???|66\/100 tox|[from] psn\n|upkeep\n|turn|3\n|\n|t:|1699899946\n|move|p1a: Porygon2|Tri Attack|p2a: how???\n|-damage|p2a: how???|45\/100 tox\n|move|p2a: how???|Giga Drain|p1a: Porygon2\n|-damage|p1a: Porygon2|55\/100\n|-heal|p2a: how???|53\/100 tox|[from] drain|[of] p1a: Porygon2\n|\n|-damage|p2a: how???|35\/100 tox|[from] psn\n|upkeep\n|turn|4\n|\n|t:|1699899962\n|move|p1a: Porygon2|Recover|p1a: Porygon2\n|-heal|p1a: Porygon2|100\/100\n|move|p2a: how???|Giga Drain|p1a: Porygon2\n|-crit|p1a: Porygon2\n|-damage|p1a: Porygon2|77\/100\n|-heal|p2a: how???|47\/100 tox|[from] drain|[of] p1a: Porygon2\n|\n|-damage|p2a: how???|22\/100 tox|[from] psn\n|upkeep\n|turn|5\n|\n|t:|1699899981\n|move|p2a: how???|Giga Drain|p1a: Porygon2\n|-damage|p1a: Porygon2|63\/100\n|-heal|p2a: how???|30\/100 tox|[from] drain|[of] p1a: Porygon2\n|move|p1a: Porygon2|Trick Room|p1a: Porygon2\n|-fieldstart|move: Trick Room|[of] p1a: Porygon2\n|\n|-damage|p2a: how???|0 fnt|[from] psn\n|faint|p2a: how???\n|upkeep\n|\n|t:|1699900001\n|switch|p2a: O-Gami|Kartana|100\/100\n|turn|6\n|\n|t:|1699900015\n|switch|p1a: Polteageist|Polteageist-Antique|100\/100\n|move|p2a: O-Gami|Sacred Sword|p1a: Polteageist\n|-immune|p1a: Polteageist\n|\n|upkeep\n|turn|7\n|\n|t:|1699900028\n|switch|p1a: Gyarados|Gyarados, M, shiny|100\/100\n|move|p2a: O-Gami|Leaf Blade|p1a: Gyarados\n|-damage|p1a: Gyarados|29\/100\n|\n|upkeep\n|turn|8\n|\n|t:|1699900042\n|move|p1a: Gyarados|Bounce||[still]\n|-prepare|p1a: Gyarados|Bounce\n|move|p2a: O-Gami|Leaf Blade|p1a: Gyarados|[miss]\n|-miss|p2a: O-Gami|p1a: Gyarados\n|\n|upkeep\n|turn|9\n|\n|t:|1699900053\n|-terastallize|p2a: O-Gami|Water\n|move|p1a: Gyarados|Bounce|p2a: O-Gami|[from]lockedmove\n|-damage|p2a: O-Gami|55\/100\n|-status|p2a: O-Gami|par\n|move|p2a: O-Gami|Leaf Blade|p1a: Gyarados\n|-crit|p1a: Gyarados\n|-damage|p1a: Gyarados|0 fnt\n|faint|p1a: Gyarados\n|-ability|p2a: O-Gami|Beast Boost|boost\n|-boost|p2a: O-Gami|atk|1\n|\n|-heal|p2a: O-Gami|61\/100 par|[from] item: Leftovers\n|-fieldend|move: Trick Room\n|upkeep\n|\n|t:|1699900067\n|switch|p1a: ikfelk|Klefki, F|100\/100\n|turn|10\n|\n|t:|1699900074\n|move|p1a: ikfelk|Reflect|p1a: ikfelk\n|-sidestart|p1: Ikfelk|Reflect\n|move|p2a: O-Gami|Psycho Cut|p1a: ikfelk\n|-resisted|p1a: ikfelk\n|-damage|p1a: ikfelk|89\/100\n|\n|-heal|p2a: O-Gami|67\/100 par|[from] item: Leftovers\n|upkeep\n|turn|11\n|\n|t:|1699900080\n|move|p1a: ikfelk|Draining Kiss|p2a: O-Gami\n|-damage|p2a: O-Gami|25\/100 par\n|-heal|p1a: ikfelk|100\/100|[from] drain|[of] p2a: O-Gami\n|move|p2a: O-Gami|Sacred Sword|p1a: ikfelk\n|-damage|p1a: ikfelk|71\/100\n|\n|-heal|p2a: O-Gami|31\/100 par|[from] item: Leftovers\n|upkeep\n|turn|12\n|\n|t:|1699900088\n|move|p1a: ikfelk|Draining Kiss|p2a: O-Gami\n|-damage|p2a: O-Gami|0 fnt\n|-heal|p1a: ikfelk|90\/100|[from] drain|[of] p2a: O-Gami\n|faint|p2a: O-Gami\n|\n|upkeep\n|\n|t:|1699900095\n|switch|p2a: BEST STARTER|Sceptile, F|100\/100\n|turn|13\n|\n|t:|1699900100\n|switch|p1a: Porygon2|Porygon2|63\/100\n|-ability|p1a: Porygon2|Overgrow|[from] ability: Trace|[of] p2a: BEST STARTER\n|move|p2a: BEST STARTER|Leech Seed|p1a: Porygon2\n|-start|p1a: Porygon2|move: Leech Seed\n|\n|-damage|p1a: Porygon2|50\/100|[from] Leech Seed|[of] p2a: BEST STARTER\n|upkeep\n|turn|14\n|\n|t:|1699900112\n|detailschange|p2a: BEST STARTER|Sceptile-Mega, F\n|-mega|p2a: BEST STARTER|Sceptile|Sceptilite\n|move|p2a: BEST STARTER|Energy Ball|p1a: Porygon2\n|-damage|p1a: Porygon2|19\/100\n|move|p1a: Porygon2|Trick Room|p1a: Porygon2\n|-fieldstart|move: Trick Room|[of] p1a: Porygon2\n|\n|-damage|p1a: Porygon2|7\/100|[from] Leech Seed|[of] p2a: BEST STARTER\n|upkeep\n|turn|15\n|\n|t:|1699900122\n|switch|p2a: 1970 Disco Women|Whimsicott, M|100\/100\n|move|p1a: Porygon2|Recover|p1a: Porygon2\n|-heal|p1a: Porygon2|57\/100\n|\n|-damage|p1a: Porygon2|45\/100|[from] Leech Seed|[of] p2a: 1970 Disco Women\n|upkeep\n|turn|16\n|\n|t:|1699900129\n|switch|p1a: Glaceon|Glaceon, F, shiny|100\/100\n|move|p2a: 1970 Disco Women|Toxic|p1a: Glaceon\n|-status|p1a: Glaceon|tox\n|\n|-damage|p1a: Glaceon|95\/100 tox|[from] psn\n|upkeep\n|turn|17\n|\n|t:|1699900151\n|move|p1a: Glaceon|Ice Beam|p2a: 1970 Disco Women\n|-supereffective|p2a: 1970 Disco Women\n|-crit|p2a: 1970 Disco Women\n|-damage|p2a: 1970 Disco Women|0 fnt\n|faint|p2a: 1970 Disco Women\n|\n|-damage|p1a: Glaceon|83\/100 tox|[from] psn\n|-sideend|p1: Ikfelk|Reflect\n|upkeep\n|\n|t:|1699900156\n|switch|p2a: MonkeMan|Rillaboom, F|100\/100\n|-fieldstart|move: Grassy Terrain|[from] ability: Grassy Surge|[of] p2a: MonkeMan\n|turn|18\n|\n|t:|1699900161\n|move|p2a: MonkeMan|Fake Out|p1a: Glaceon\n|-damage|p1a: Glaceon|67\/100 tox\n|-damage|p2a: MonkeMan|91\/100|[from] item: Life Orb\n|cant|p1a: Glaceon|flinch\n|\n|-heal|p1a: Glaceon|73\/100 tox|[from] Grassy Terrain\n|-heal|p2a: MonkeMan|97\/100|[from] Grassy Terrain\n|-damage|p1a: Glaceon|55\/100 tox|[from] psn\n|-fieldend|move: Trick Room\n|upkeep\n|turn|19\n|\n|t:|1699900172\n|switch|p1a: ikfelk|Klefki, F|90\/100\n|move|p2a: MonkeMan|Wood Hammer|p1a: ikfelk\n|-resisted|p1a: ikfelk\n|-damage|p1a: ikfelk|42\/100\n|-damage|p2a: MonkeMan|82\/100|[from] Recoil\n|-damage|p2a: MonkeMan|72\/100|[from] item: Life Orb\n|\n|-heal|p2a: MonkeMan|78\/100|[from] Grassy Terrain\n|-heal|p1a: ikfelk|48\/100|[from] Grassy Terrain\n|upkeep\n|turn|20\n|\n|t:|1699900184\n|move|p1a: ikfelk|Reflect|p1a: ikfelk\n|-sidestart|p1: Ikfelk|Reflect\n|move|p2a: MonkeMan|U-turn|p1a: ikfelk\n|-resisted|p1a: ikfelk\n|-damage|p1a: ikfelk|45\/100\n|-damage|p2a: MonkeMan|68\/100|[from] item: Life Orb\n|\n|t:|1699900190\n|switch|p2a: why she kinda..|Leavanny, F|100\/100|[from] U-turn\n|\n|-heal|p1a: ikfelk|50\/100|[from] Grassy Terrain\n|upkeep\n|turn|21\n|\n|t:|1699900195\n|move|p2a: why she kinda..|Sticky Web|p1a: ikfelk\n|-sidestart|p1: Ikfelk|move: Sticky Web\n|move|p1a: ikfelk|Draining Kiss|p2a: why she kinda..\n|-damage|p2a: why she kinda..|81\/100\n|-heal|p1a: ikfelk|64\/100|[from] drain|[of] p2a: why she kinda..\n|\n|-heal|p2a: why she kinda..|87\/100|[from] Grassy Terrain\n|-heal|p2a: why she kinda..|93\/100|[from] item: Leftovers\n|-heal|p1a: ikfelk|70\/100|[from] Grassy Terrain\n|upkeep\n|turn|22\n|\n|t:|1699900206\n|move|p1a: ikfelk|Light Screen|p1a: ikfelk\n|-sidestart|p1: Ikfelk|move: Light Screen\n|move|p2a: why she kinda..|Substitute|p2a: why she kinda..\n|-start|p2a: why she kinda..|Substitute\n|-damage|p2a: why she kinda..|69\/100\n|\n|-heal|p2a: why she kinda..|75\/100|[from] Grassy Terrain\n|-heal|p2a: why she kinda..|81\/100|[from] item: Leftovers\n|-heal|p1a: ikfelk|76\/100|[from] Grassy Terrain\n|-fieldend|move: Grassy Terrain\n|upkeep\n|turn|23\n|\n|t:|1699900215\n|switch|p1a: Porygon2|Porygon2|45\/100\n|-activate|p1a: Porygon2|move: Sticky Web\n|-unboost|p1a: Porygon2|spe|1\n|-ability|p1a: Porygon2|Swarm|[from] ability: Trace|[of] p2a: why she kinda..\n|move|p2a: why she kinda..|Lunge|p1a: Porygon2\n|-damage|p1a: Porygon2|34\/100\n|-unboost|p1a: Porygon2|atk|1\n|\n|-heal|p2a: why she kinda..|87\/100|[from] item: Leftovers\n|upkeep\n|turn|24\n|\n|t:|1699900228\n|move|p2a: why she kinda..|Lunge|p1a: Porygon2\n|-damage|p1a: Porygon2|26\/100\n|-unboost|p1a: Porygon2|atk|1\n|move|p1a: Porygon2|Recover|p1a: Porygon2\n|-heal|p1a: Porygon2|76\/100\n|\n|-heal|p2a: why she kinda..|93\/100|[from] item: Leftovers\n|upkeep\n|turn|25\n|\n|t:|1699900238\n|move|p2a: why she kinda..|Lunge|p1a: Porygon2\n|-damage|p1a: Porygon2|66\/100\n|-unboost|p1a: Porygon2|atk|1\n|move|p1a: Porygon2|Tri Attack|p2a: why she kinda..\n|-crit|p2a: why she kinda..\n|-end|p2a: why she kinda..|Substitute\n|\n|-heal|p2a: why she kinda..|99\/100|[from] item: Leftovers\n|upkeep\n|turn|26\n|\n|t:|1699900248\n|move|p2a: why she kinda..|Substitute|p2a: why she kinda..\n|-start|p2a: why she kinda..|Substitute\n|-damage|p2a: why she kinda..|75\/100\n|move|p1a: Porygon2|Toxic||[still]\n|-fail|p1a: Porygon2\n|\n|-heal|p2a: why she kinda..|81\/100|[from] item: Leftovers\n|upkeep\n|turn|27\n|c|\u2606Flamer34|dude stop tryna stall\n|\n|t:|1699900261\n|move|p2a: why she kinda..|Lunge|p1a: Porygon2\n|-damage|p1a: Porygon2|57\/100\n|-unboost|p1a: Porygon2|atk|1\n|move|p1a: Porygon2|Tri Attack|p2a: why she kinda..\n|-end|p2a: why she kinda..|Substitute\n|\n|-heal|p2a: why she kinda..|87\/100|[from] item: Leftovers\n|-sideend|p1: Ikfelk|Reflect\n|upkeep\n|turn|28\n|\n|t:|1699900274\n|move|p2a: why she kinda..|Substitute|p2a: why she kinda..\n|-start|p2a: why she kinda..|Substitute\n|-damage|p2a: why she kinda..|62\/100\n|move|p1a: Porygon2|Tri Attack|p2a: why she kinda..\n|-end|p2a: why she kinda..|Substitute\n|\n|-heal|p2a: why she kinda..|69\/100|[from] item: Leftovers\n|upkeep\n|turn|29\n|\n|t:|1699900282\n|move|p2a: why she kinda..|X-Scissor|p1a: Porygon2\n|-damage|p1a: Porygon2|39\/100\n|move|p1a: Porygon2|Tri Attack|p2a: why she kinda..\n|-damage|p2a: why she kinda..|26\/100\n|\n|-heal|p2a: why she kinda..|32\/100|[from] item: Leftovers\n|-sideend|p1: Ikfelk|move: Light Screen\n|upkeep\n|turn|30\n|\n|t:|1699900291\n|move|p2a: why she kinda..|Lunge|p1a: Porygon2\n|-damage|p1a: Porygon2|11\/100\n|-unboost|p1a: Porygon2|atk|1\n|move|p1a: Porygon2|Trick Room|p1a: Porygon2\n|-fieldstart|move: Trick Room|[of] p1a: Porygon2\n|\n|-heal|p2a: why she kinda..|38\/100|[from] item: Leftovers\n|upkeep\n|turn|31\n|\n|t:|1699900301\n|move|p1a: Porygon2|Recover|p1a: Porygon2\n|-heal|p1a: Porygon2|61\/100\n|move|p2a: why she kinda..|Lunge|p1a: Porygon2\n|-damage|p1a: Porygon2|42\/100\n|-unboost|p1a: Porygon2|atk|1\n|\n|-heal|p2a: why she kinda..|44\/100|[from] item: Leftovers\n|upkeep\n|turn|32\n|\n|t:|1699900309\n|move|p1a: Porygon2|Recover|p1a: Porygon2\n|-heal|p1a: Porygon2|92\/100\n|move|p2a: why she kinda..|Substitute|p2a: why she kinda..\n|-start|p2a: why she kinda..|Substitute\n|-damage|p2a: why she kinda..|20\/100\n|\n|-heal|p2a: why she kinda..|26\/100|[from] item: Leftovers\n|upkeep\n|turn|33\n|\n|t:|1699900316\n|move|p1a: Porygon2|Tri Attack|p2a: why she kinda..\n|-end|p2a: why she kinda..|Substitute\n|move|p2a: why she kinda..|Lunge|p1a: Porygon2\n|-damage|p1a: Porygon2|64\/100\n|\n|-heal|p2a: why she kinda..|32\/100|[from] item: Leftovers\n|upkeep\n|turn|34\n|\n|t:|1699900330\n|move|p1a: Porygon2|Tri Attack|p2a: why she kinda..\n|-damage|p2a: why she kinda..|0 fnt\n|faint|p2a: why she kinda..\n|\n|-fieldend|move: Trick Room\n|upkeep\n|\n|t:|1699900334\n|switch|p2a: MonkeMan|Rillaboom, F|68\/100\n|-fieldstart|move: Grassy Terrain|[from] ability: Grassy Surge|[of] p2a: MonkeMan\n|turn|35\n|\n|t:|1699900339\n|move|p2a: MonkeMan|Wood Hammer|p1a: Porygon2\n|-damage|p1a: Porygon2|12\/100\n|-damage|p2a: MonkeMan|49\/100|[from] Recoil\n|-damage|p2a: MonkeMan|40\/100|[from] item: Life Orb\n|move|p1a: Porygon2|Trick Room|p1a: Porygon2\n|-fieldstart|move: Trick Room|[of] p1a: Porygon2\n|\n|-heal|p1a: Porygon2|18\/100|[from] Grassy Terrain\n|-heal|p2a: MonkeMan|46\/100|[from] Grassy Terrain\n|upkeep\n|turn|36\n|\n|t:|1699900350\n|switch|p2a: BEST STARTER|Sceptile-Mega, F|100\/100\n|move|p1a: Porygon2|Tri Attack|p2a: BEST STARTER\n|-damage|p2a: BEST STARTER|60\/100\n|-status|p2a: BEST STARTER|frz\n|\n|-heal|p1a: Porygon2|24\/100|[from] Grassy Terrain\n|-heal|p2a: BEST STARTER|66\/100 frz|[from] Grassy Terrain\n|upkeep\n|turn|37\n|\n|t:|1699900360\n|switch|p1a: Glaceon|Glaceon, F, shiny|55\/100 tox\n|-activate|p1a: Glaceon|move: Sticky Web\n|-unboost|p1a: Glaceon|spe|1\n|cant|p2a: BEST STARTER|frz\n|\n|-heal|p1a: Glaceon|61\/100 tox|[from] Grassy Terrain\n|-heal|p2a: BEST STARTER|72\/100 frz|[from] Grassy Terrain\n|-damage|p1a: Glaceon|55\/100 tox|[from] psn\n|upkeep\n|turn|38\n|\n|t:|1699900371\n|move|p1a: Glaceon|Ice Beam|p2a: BEST STARTER\n|-supereffective|p2a: BEST STARTER\n|-damage|p2a: BEST STARTER|0 fnt\n|faint|p2a: BEST STARTER\n|\n|-heal|p1a: Glaceon|61\/100 tox|[from] Grassy Terrain\n|-damage|p1a: Glaceon|49\/100 tox|[from] psn\n|upkeep\n|\n|t:|1699900377\n|switch|p2a: MonkeMan|Rillaboom, F|46\/100\n|turn|39\n|\n|t:|1699900381\n|move|p2a: MonkeMan|Fake Out|p1a: Glaceon\n|-damage|p1a: Glaceon|32\/100 tox\n|-damage|p2a: MonkeMan|36\/100|[from] item: Life Orb\n|cant|p1a: Glaceon|flinch\n|\n|-heal|p1a: Glaceon|38\/100 tox|[from] Grassy Terrain\n|-heal|p2a: MonkeMan|42\/100|[from] Grassy Terrain\n|-damage|p1a: Glaceon|20\/100 tox|[from] psn\n|-fieldend|move: Trick Room\n|-fieldend|move: Grassy Terrain\n|upkeep\n|turn|40\n|\n|t:|1699900396\n|switch|p1a: ikfelk|Klefki, F|76\/100\n|-activate|p1a: ikfelk|move: Sticky Web\n|-unboost|p1a: ikfelk|spe|1\n|move|p2a: MonkeMan|Wood Hammer|p1a: ikfelk\n|-resisted|p1a: ikfelk\n|-damage|p1a: ikfelk|42\/100\n|-damage|p2a: MonkeMan|31\/100|[from] Recoil\n|-damage|p2a: MonkeMan|21\/100|[from] item: Life Orb\n|\n|upkeep\n|turn|41\n|\n|t:|1699900408\n|move|p1a: ikfelk|Reflect|p1a: ikfelk\n|-sidestart|p1: Ikfelk|Reflect\n|move|p2a: MonkeMan|Earthquake|p1a: ikfelk\n|-supereffective|p1a: ikfelk\n|-damage|p1a: ikfelk|2\/100\n|-damage|p2a: MonkeMan|11\/100|[from] item: Life Orb\n|\n|upkeep\n|turn|42\n|\n|t:|1699900416\n|move|p2a: MonkeMan|Earthquake|p1a: ikfelk\n|-supereffective|p1a: ikfelk\n|-damage|p1a: ikfelk|0 fnt\n|faint|p1a: ikfelk\n|-damage|p2a: MonkeMan|1\/100|[from] item: Life Orb\n|\n|upkeep\n|-message|Flamer34 forfeited.\n|\n|win|Ikfelk\n|raw|Ikfelk's rating: 1164 &rarr; <strong>1186<\/strong><br \/>(+22 for winning)\n|raw|Flamer34's rating: 1117 &rarr; <strong>1095<\/strong><br \/>(-22 for losing)\n|l|\u2606Flamer34\n","uploadtime":1699900428,"views":7,"p1id":"ikfelk","p2id":"flamer34","formatid":"gen9nationaldex","rating":1095,"private":0,"password":""}