{"id":"gen9nationaldex-1996007714","p1":"crazygamerzon","p2":"10Eighty","format":"[Gen 9] National Dex","log":"|html|<div class=\"broadcast-blue\"><strong>[Gen 9] National Dex is currently suspecting Sneasler! For information on how to participate check out the <a href=\"https:\/\/www.smogon.com\/forums\/threads\/sv-national-dex-suspect-8-just-dance.3731534\/\">suspect thread<\/a>.<\/strong><\/div>\n|j|\u2606crazygamerzon\n|j|\u260610Eighty\n|t:|1700628545\n|gametype|singles\n|player|p1|crazygamerzon|101|1063\n|player|p2|10Eighty|steven|1000\n|teamsize|p1|6\n|teamsize|p2|6\n|gen|9\n|tier|[Gen 9] National Dex\n|rated|\n|rule|HP Percentage Mod: HP is shown in percentages\n|rule|Endless Battle Clause: Forcing endless battles is banned\n|rule|OHKO Clause: OHKO moves are banned\n|rule|Evasion Clause: Evasion abilities, items, and moves are banned\n|rule|Evasion Abilities Clause: Evasion abilities are banned\n|rule|Evasion Items Clause: Evasion items are banned\n|rule|Evasion Moves Clause: Evasion moves are banned\n|rule|Species Clause: Limit one of each Pok\u00e9mon\n|rule|Sleep Clause Mod: Limit one foe put to sleep\n|clearpoke\n|poke|p1|Hippowdon, F|\n|poke|p1|Torterra, M|\n|poke|p1|Excadrill, M|\n|poke|p1|Golurk|\n|poke|p1|Gliscor, M|\n|poke|p1|Sandy Shocks|\n|poke|p2|Sceptile, M|\n|poke|p2|Clodsire, M|\n|poke|p2|Iron Valiant|\n|poke|p2|Decidueye, F|\n|poke|p2|Dipplin, F|\n|poke|p2|Tapu Koko|\n|teampreview\n|\n|t:|1700628562\n|start\n|switch|p1a: Excadrill|Excadrill, M|100\/100\n|switch|p2a: Tapu Koko|Tapu Koko|100\/100\n|-fieldstart|move: Electric Terrain|[from] ability: Electric Surge|[of] p2a: Tapu Koko\n|-item|p2a: Tapu Koko|Air Balloon\n|turn|1\n|\n|t:|1700628576\n|move|p2a: Tapu Koko|Rain Dance|p2a: Tapu Koko\n|-weather|RainDance\n|move|p1a: Excadrill|Sandstorm|p1a: Excadrill\n|-weather|Sandstorm\n|\n|-weather|Sandstorm|[upkeep]\n|-damage|p2a: Tapu Koko|94\/100|[from] Sandstorm\n|upkeep\n|turn|2\n|\n|t:|1700628586\n|move|p1a: Excadrill|Iron Head|p2a: Tapu Koko\n|-damage|p2a: Tapu Koko|36\/100\n|-enditem|p2a: Tapu Koko|Air Balloon\n|cant|p2a: Tapu Koko|flinch\n|\n|-weather|Sandstorm|[upkeep]\n|-damage|p2a: Tapu Koko|30\/100|[from] Sandstorm\n|upkeep\n|turn|3\n|\n|t:|1700628594\n|move|p1a: Excadrill|Iron Head|p2a: Tapu Koko\n|-damage|p2a: Tapu Koko|0 fnt\n|faint|p2a: Tapu Koko\n|\n|-weather|Sandstorm|[upkeep]\n|upkeep\n|\n|t:|1700628608\n|switch|p2a: Caramel|Dipplin, F|100\/100\n|-ability|p2a: Caramel|Supersweet Syrup\n|-ability|p2a: Caramel|Supersweet Syrup|boost\n|-unboost|p1a: Excadrill|evasion|1\n|turn|4\n|\n|t:|1700628629\n|move|p1a: Excadrill|Iron Head|p2a: Caramel\n|-damage|p2a: Caramel|68\/100\n|cant|p2a: Caramel|flinch\n|\n|-weather|Sandstorm|[upkeep]\n|-damage|p2a: Caramel|62\/100|[from] Sandstorm\n|upkeep\n|turn|5\n|\n|t:|1700628637\n|move|p1a: Excadrill|Iron Head|p2a: Caramel\n|-damage|p2a: Caramel|29\/100\n|move|p2a: Caramel|Syrup Bomb|p1a: Excadrill\n|-damage|p1a: Excadrill|75\/100\n|-start|p1a: Excadrill|Syrup Bomb\n|\n|-weather|Sandstorm|[upkeep]\n|-damage|p2a: Caramel|23\/100|[from] Sandstorm\n|-unboost|p1a: Excadrill|spe|1\n|-fieldend|move: Electric Terrain\n|upkeep\n|turn|6\n|\n|t:|1700628656\n|move|p1a: Excadrill|Iron Head|p2a: Caramel\n|-damage|p2a: Caramel|0 fnt\n|faint|p2a: Caramel\n|\n|-weather|Sandstorm|[upkeep]\n|-unboost|p1a: Excadrill|spe|1\n|upkeep\n|\n|t:|1700628666\n|switch|p2a: Wally|Iron Valiant|100\/100\n|turn|7\n|\n|t:|1700628671\n|-terastallize|p2a: Wally|Psychic\n|move|p2a: Wally|Electric Terrain|p2a: Wally\n|-fieldstart|move: Electric Terrain\n|-activate|p2a: Wally|ability: Quark Drive\n|-start|p2a: Wally|quarkdrivespe\n|move|p1a: Excadrill|Rapid Spin|p2a: Wally\n|-damage|p2a: Wally|76\/100\n|-boost|p1a: Excadrill|spe|1\n|\n|-weather|Sandstorm|[upkeep]\n|-damage|p2a: Wally|70\/100|[from] Sandstorm\n|-unboost|p1a: Excadrill|spe|1\n|upkeep\n|turn|8\n|\n|t:|1700628688\n|move|p2a: Wally|Psycho Cut|p1a: Excadrill\n|-resisted|p1a: Excadrill\n|-damage|p1a: Excadrill|58\/100\n|move|p1a: Excadrill|Rapid Spin|p2a: Wally\n|-damage|p2a: Wally|44\/100\n|-boost|p1a: Excadrill|spe|1\n|\n|-weather|none\n|-end|p1a: Excadrill|Syrup Bomb|[silent]\n|upkeep\n|turn|9\n|\n|t:|1700628699\n|move|p2a: Wally|Dazzling Gleam|p1a: Excadrill\n|-resisted|p1a: Excadrill\n|-damage|p1a: Excadrill|35\/100\n|move|p1a: Excadrill|Iron Head|p2a: Wally\n|-damage|p2a: Wally|0 fnt\n|faint|p2a: Wally\n|-end|p2a: Wally|Quark Drive|[silent]\n|\n|upkeep\n|\n|t:|1700628711\n|switch|p2a: Sceptille|Sceptile, M|100\/100\n|turn|10\n|\n|t:|1700628718\n|detailschange|p2a: Sceptille|Sceptile-Mega, M\n|-mega|p2a: Sceptille|Sceptile|Sceptilite\n|move|p2a: Sceptille|Low Kick|p1a: Excadrill\n|-supereffective|p1a: Excadrill\n|-damage|p1a: Excadrill|1\/100\n|move|p1a: Excadrill|Sandstorm|p1a: Excadrill\n|-weather|Sandstorm\n|\n|-weather|Sandstorm|[upkeep]\n|-damage|p2a: Sceptille|94\/100|[from] Sandstorm\n|upkeep\n|turn|11\n|\n|t:|1700628726\n|move|p2a: Sceptille|Mega Drain|p1a: Excadrill\n|-damage|p1a: Excadrill|0 fnt\n|-heal|p2a: Sceptille|95\/100|[from] drain|[of] p1a: Excadrill\n|faint|p1a: Excadrill\n|\n|-weather|Sandstorm|[upkeep]\n|-damage|p2a: Sceptille|89\/100|[from] Sandstorm\n|upkeep\n|\n|t:|1700628733\n|switch|p1a: Hippowdon|Hippowdon, F, shiny|100\/100\n|turn|12\n|\n|t:|1700628738\n|move|p2a: Sceptille|Low Kick|p1a: Hippowdon\n|-damage|p1a: Hippowdon|79\/100\n|move|p1a: Hippowdon|Ice Fang|p2a: Sceptille\n|-supereffective|p2a: Sceptille\n|-damage|p2a: Sceptille|6\/100\n|\n|-weather|Sandstorm|[upkeep]\n|-damage|p2a: Sceptille|0 fnt|[from] Sandstorm\n|faint|p2a: Sceptille\n|upkeep\n|\n|t:|1700628750\n|switch|p2a: Mud Man|Clodsire, M|100\/100\n|turn|13\n|\n|t:|1700628756\n|move|p1a: Hippowdon|Earthquake|p2a: Mud Man\n|-supereffective|p2a: Mud Man\n|-damage|p2a: Mud Man|0 fnt\n|faint|p2a: Mud Man\n|\n|-weather|Sandstorm|[upkeep]\n|upkeep\n|\n|t:|1700628764\n|switch|p2a: Free Bird|Decidueye, F|100\/100\n|turn|14\n|\n|t:|1700628770\n|-zpower|p2a: Free Bird\n|move|p2a: Free Bird|Sinister Arrow Raid|p1a: Hippowdon|[zeffect]\n|-damage|p1a: Hippowdon|38\/100\n|move|p1a: Hippowdon|Heavy Slam|p2a: Free Bird\n|-damage|p2a: Free Bird|62\/100\n|\n|-weather|Sandstorm|[upkeep]\n|-damage|p2a: Free Bird|56\/100|[from] Sandstorm\n|-fieldend|move: Electric Terrain\n|upkeep\n|turn|15\n|\n|t:|1700628784\n|move|p2a: Free Bird|Phantom Force||[still]\n|-prepare|p2a: Free Bird|Phantom Force\n|move|p1a: Hippowdon|Ice Fang|p2a: Free Bird|[miss]\n|-miss|p1a: Hippowdon|p2a: Free Bird\n|\n|-weather|Sandstorm|[upkeep]\n|-damage|p2a: Free Bird|50\/100|[from] Sandstorm\n|upkeep\n|turn|16\n|\n|t:|1700628791\n|move|p2a: Free Bird|Phantom Force|p1a: Hippowdon|[from]lockedmove\n|-damage|p1a: Hippowdon|16\/100\n|move|p1a: Hippowdon|Ice Fang|p2a: Free Bird|[miss]\n|-miss|p1a: Hippowdon|p2a: Free Bird\n|\n|-weather|Sandstorm|[upkeep]\n|-damage|p2a: Free Bird|44\/100|[from] Sandstorm\n|upkeep\n|turn|17\n|\n|t:|1700628802\n|move|p2a: Free Bird|Phantom Force||[still]\n|-prepare|p2a: Free Bird|Phantom Force\n|move|p1a: Hippowdon|Ice Fang|p2a: Free Bird|[miss]\n|-miss|p1a: Hippowdon|p2a: Free Bird\n|\n|-weather|none\n|upkeep\n|turn|18\n|\n|t:|1700628810\n|move|p2a: Free Bird|Phantom Force|p1a: Hippowdon|[from]lockedmove\n|-damage|p1a: Hippowdon|0 fnt\n|faint|p1a: Hippowdon\n|\n|upkeep\n|\n|t:|1700628817\n|switch|p1a: Golurk|Golurk|100\/100\n|turn|19\n|\n|t:|1700628824\n|move|p1a: Golurk|Rock Polish|p1a: Golurk\n|-boost|p1a: Golurk|spe|2\n|move|p2a: Free Bird|Air Slash|p1a: Golurk\n|-damage|p1a: Golurk|84\/100\n|\n|-heal|p1a: Golurk|90\/100|[from] item: Leftovers\n|upkeep\n|turn|20\n|\n|t:|1700628832\n|move|p1a: Golurk|Poltergeist|p2a: Free Bird\n|-activate|p2a: Free Bird|move: Poltergeist|Decidium Z\n|-supereffective|p2a: Free Bird\n|-damage|p2a: Free Bird|0 fnt\n|faint|p2a: Free Bird\n|\n|win|crazygamerzon\n|raw|crazygamerzon's rating: 1063 &rarr; <strong>1088<\/strong><br \/>(+25 for winning)\n|raw|10Eighty's rating: 1000 &rarr; <strong>1000<\/strong><br \/>(+0 for losing)\n|l|\u2606crazygamerzon\n","uploadtime":1700628854,"views":1,"p1id":"crazygamerzon","p2id":"10eighty","formatid":"gen9nationaldex","rating":1000,"private":0,"password":""}