{"id":"gen9nationaldex-1989400579","p1":"crash&coco159","p2":"passos_0","format":"[Gen 9] National Dex","log":"|j|\u2606crash&coco159\n|j|\u2606passos_0\n|t:|1699845458\n|gametype|singles\n|player|p1|crash&coco159|169|1517\n|player|p2|passos_0|zinzolin|1588\n|teamsize|p1|6\n|teamsize|p2|6\n|gen|9\n|tier|[Gen 9] National Dex\n|rated|\n|rule|HP Percentage Mod: HP is shown in percentages\n|rule|Endless Battle Clause: Forcing endless battles is banned\n|rule|OHKO Clause: OHKO moves are banned\n|rule|Evasion Clause: Evasion abilities, items, and moves are banned\n|rule|Evasion Abilities Clause: Evasion abilities are banned\n|rule|Evasion Items Clause: Evasion items are banned\n|rule|Evasion Moves Clause: Evasion moves are banned\n|rule|Species Clause: Limit one of each Pok\u00e9mon\n|rule|Sleep Clause Mod: Limit one foe put to sleep\n|clearpoke\n|poke|p1|Salamence, F|\n|poke|p1|Slowbro, M|\n|poke|p1|Blissey, F|\n|poke|p1|Skarmory, M|\n|poke|p1|Incineroar, M|\n|poke|p1|Sandy Shocks|\n|poke|p2|Volcanion|\n|poke|p2|Grafaiai, F|\n|poke|p2|Volcarona, M|\n|poke|p2|Mawile, M|\n|poke|p2|Maushold-Four|\n|poke|p2|Serperior, M|\n|teampreview\n|\n|t:|1699845477\n|start\n|switch|p1a: Incineroar|Incineroar, M|100\/100\n|switch|p2a: Volcanion|Volcanion|100\/100\n|-ability|p1a: Incineroar|Intimidate|boost\n|-unboost|p2a: Volcanion|atk|1\n|turn|1\n|\n|t:|1699845488\n|switch|p1a: Blissey|Blissey, F|100\/100\n|move|p2a: Volcanion|Steam Eruption|p1a: Blissey\n|-damage|p1a: Blissey|78\/100\n|\n|-heal|p1a: Blissey|84\/100|[from] item: Leftovers\n|upkeep\n|turn|2\n|\n|t:|1699845500\n|switch|p2a: Mawile|Mawile, M|100\/100\n|-ability|p2a: Mawile|Intimidate|boost\n|-unboost|p1a: Blissey|atk|1\n|move|p1a: Blissey|Seismic Toss|p2a: Mawile\n|-damage|p2a: Mawile|68\/100\n|\n|-heal|p1a: Blissey|90\/100|[from] item: Leftovers\n|upkeep\n|turn|3\n|\n|t:|1699845508\n|switch|p1a: Incineroar|Incineroar, M|100\/100\n|-ability|p1a: Incineroar|Intimidate|boost\n|-unboost|p2a: Mawile|atk|1\n|detailschange|p2a: Mawile|Mawile-Mega, M\n|-mega|p2a: Mawile|Mawile|Mawilite\n|move|p2a: Mawile|Play Rough|p1a: Incineroar\n|-damage|p1a: Incineroar|42\/100\n|\n|-heal|p1a: Incineroar|48\/100|[from] item: Leftovers\n|upkeep\n|turn|4\n|\n|t:|1699845526\n|switch|p2a: Volcanion|Volcanion|100\/100\n|move|p1a: Incineroar|Parting Shot|p2a: Volcanion\n|-unboost|p2a: Volcanion|atk|1\n|-unboost|p2a: Volcanion|spa|1\n|\n|t:|1699845535\n|switch|p1a: Sandy Shocks|Sandy Shocks|100\/100|[from] Parting Shot\n|\n|upkeep\n|turn|5\n|\n|t:|1699845551\n|-end|p1a: Sandy Shocks|Protosynthesis|[silent]\n|switch|p1a: Blissey|Blissey, F|90\/100\n|-terastallize|p2a: Volcanion|Ground\n|move|p2a: Volcanion|Steam Eruption|p1a: Blissey\n|-crit|p1a: Blissey\n|-damage|p1a: Blissey|54\/100\n|\n|-heal|p1a: Blissey|60\/100|[from] item: Leftovers\n|upkeep\n|turn|6\n|\n|t:|1699845560\n|switch|p2a: Mawile|Mawile-Mega, M|68\/100\n|move|p1a: Blissey|Wish|p1a: Blissey\n|\n|-heal|p1a: Blissey|66\/100|[from] item: Leftovers\n|upkeep\n|turn|7\n|\n|t:|1699845569\n|switch|p1a: Slowbro|Slowbro, M|100\/100\n|move|p2a: Mawile|Play Rough|p1a: Slowbro|[miss]\n|-miss|p2a: Mawile|p1a: Slowbro\n|\n|upkeep\n|turn|8\n|c|\u2606passos_0|wow, you are genious, good predict\n|\n|t:|1699845586\n|move|p2a: Mawile|Swords Dance|p2a: Mawile\n|-boost|p2a: Mawile|atk|2\n|move|p1a: Slowbro|Flamethrower|p2a: Mawile\n|-supereffective|p2a: Mawile\n|-damage|p2a: Mawile|2\/100\n|\n|upkeep\n|turn|9\n|\n|t:|1699845606\n|detailschange|p1a: Slowbro|Slowbro-Mega, M\n|-mega|p1a: Slowbro|Slowbro|Slowbronite\n|move|p2a: Mawile|Thunder Punch|p1a: Slowbro\n|-supereffective|p1a: Slowbro\n|-damage|p1a: Slowbro|6\/100\n|move|p1a: Slowbro|Flamethrower|p2a: Mawile\n|-supereffective|p2a: Mawile\n|-damage|p2a: Mawile|0 fnt\n|faint|p2a: Mawile\n|\n|upkeep\n|\n|t:|1699845620\n|switch|p2a: Volcarona|Volcarona, M|100\/100\n|turn|10\n|\n|t:|1699845624\n|move|p2a: Volcarona|Fiery Dance|p1a: Slowbro\n|-resisted|p1a: Slowbro\n|-damage|p1a: Slowbro|0 fnt\n|faint|p1a: Slowbro\n|\n|upkeep\n|\n|t:|1699845632\n|switch|p1a: Sandy Shocks|Sandy Shocks|100\/100\n|turn|11\n|\n|t:|1699845661\n|switch|p2a: Volcanion|Volcanion, tera:Ground|100\/100\n|move|p1a: Sandy Shocks|Power Gem|p2a: Volcanion\n|-resisted|p2a: Volcanion\n|-damage|p2a: Volcanion|83\/100\n|\n|upkeep\n|turn|12\n|\n|t:|1699845668\n|-end|p1a: Sandy Shocks|Protosynthesis|[silent]\n|switch|p1a: Blissey|Blissey, F|66\/100\n|switch|p2a: Maushold|Maushold-Four|100\/100\n|\n|-heal|p1a: Blissey|72\/100|[from] item: Leftovers\n|upkeep\n|turn|13\n|\n|t:|1699845676\n|move|p2a: Maushold|Population Bomb|p1a: Blissey\n|-damage|p1a: Blissey|62\/100\n|-damage|p1a: Blissey|52\/100\n|-damage|p1a: Blissey|42\/100\n|-hitcount|p1a: Blissey|3\n|move|p1a: Blissey|Wish|p1a: Blissey\n|\n|-heal|p1a: Blissey|49\/100|[from] item: Leftovers\n|upkeep\n|turn|14\n|c|\u2606passos_0|hahahahahha\n|\n|t:|1699845700\n|switch|p2a: Volcanion|Volcanion, tera:Ground|83\/100\n|switch|p1a: Incineroar|Incineroar, M|48\/100\n|-ability|p1a: Incineroar|Intimidate|boost\n|-unboost|p2a: Volcanion|atk|1\n|\n|-heal|p1a: Incineroar|100\/100|[from] move: Wish|[wisher] Blissey\n|upkeep\n|turn|15\n|c|\u2606crash&coco159|xd\n|\n|t:|1699845711\n|switch|p1a: Blissey|Blissey, F|49\/100\n|move|p2a: Volcanion|Steam Eruption|p1a: Blissey\n|-crit|p1a: Blissey\n|-damage|p1a: Blissey|16\/100\n|\n|-heal|p1a: Blissey|23\/100|[from] item: Leftovers\n|upkeep\n|turn|16\n|\n|t:|1699845725\n|switch|p2a: Maushold|Maushold-Four|100\/100\n|move|p1a: Blissey|Soft-Boiled|p1a: Blissey\n|-heal|p1a: Blissey|73\/100\n|\n|-heal|p1a: Blissey|79\/100|[from] item: Leftovers\n|upkeep\n|turn|17\n|\n|t:|1699845736\n|switch|p1a: Skarmory|Skarmory, M|100\/100\n|move|p2a: Maushold|Population Bomb|p1a: Skarmory\n|-resisted|p1a: Skarmory\n|-damage|p1a: Skarmory|97\/100\n|-resisted|p1a: Skarmory\n|-damage|p1a: Skarmory|94\/100\n|-resisted|p1a: Skarmory\n|-damage|p1a: Skarmory|91\/100\n|-resisted|p1a: Skarmory\n|-damage|p1a: Skarmory|87\/100\n|-resisted|p1a: Skarmory\n|-damage|p1a: Skarmory|83\/100\n|-resisted|p1a: Skarmory\n|-damage|p1a: Skarmory|80\/100\n|-resisted|p1a: Skarmory\n|-damage|p1a: Skarmory|77\/100\n|-resisted|p1a: Skarmory\n|-crit|p1a: Skarmory\n|-damage|p1a: Skarmory|73\/100\n|-resisted|p1a: Skarmory\n|-damage|p1a: Skarmory|69\/100\n|-resisted|p1a: Skarmory\n|-damage|p1a: Skarmory|66\/100\n|-hitcount|p1a: Skarmory|10\n|\n|upkeep\n|turn|18\n|\n|t:|1699845756\n|switch|p2a: Volcanion|Volcanion, tera:Ground|83\/100\n|move|p1a: Skarmory|Brave Bird|p2a: Volcanion\n|-damage|p2a: Volcanion|50\/100\n|-damage|p1a: Skarmory|56\/100|[from] Recoil\n|\n|upkeep\n|turn|19\n|\n|t:|1699845778\n|switch|p1a: Blissey|Blissey, F|79\/100\n|move|p2a: Volcanion|Steam Eruption|p1a: Blissey\n|-damage|p1a: Blissey|54\/100\n|\n|-heal|p1a: Blissey|61\/100|[from] item: Leftovers\n|upkeep\n|turn|20\n|\n|t:|1699845789\n|switch|p2a: Grafaiai|Grafaiai, F|100\/100\n|move|p1a: Blissey|Soft-Boiled|p1a: Blissey\n|-heal|p1a: Blissey|100\/100\n|\n|upkeep\n|turn|21\n|\n|t:|1699845798\n|switch|p1a: Skarmory|Skarmory, M|56\/100\n|move|p2a: Grafaiai|Encore||[still]\n|-fail|p2a: Grafaiai\n|\n|upkeep\n|turn|22\n|\n|t:|1699845803\n|move|p2a: Grafaiai|Parting Shot|p1a: Skarmory\n|-unboost|p1a: Skarmory|atk|1\n|-unboost|p1a: Skarmory|spa|1\n|\n|t:|1699845817\n|switch|p2a: Volcarona|Volcarona, M|100\/100|[from] Parting Shot\n|move|p1a: Skarmory|Roost|p1a: Skarmory\n|-heal|p1a: Skarmory|100\/100\n|-singleturn|p1a: Skarmory|move: Roost\n|\n|upkeep\n|turn|23\n|\n|t:|1699845829\n|switch|p1a: Incineroar|Incineroar, M|100\/100\n|-ability|p1a: Incineroar|Intimidate|boost\n|-unboost|p2a: Volcarona|atk|1\n|move|p2a: Volcarona|Fiery Dance|p1a: Incineroar\n|-resisted|p1a: Incineroar\n|-damage|p1a: Incineroar|85\/100\n|\n|-heal|p1a: Incineroar|91\/100|[from] item: Leftovers\n|upkeep\n|turn|24\n|\n|t:|1699845846\n|switch|p2a: Volcanion|Volcanion, tera:Ground|50\/100\n|move|p1a: Incineroar|Knock Off|p2a: Volcanion\n|-damage|p2a: Volcanion|16\/100\n|-enditem|p2a: Volcanion|Choice Scarf|[from] move: Knock Off|[of] p1a: Incineroar\n|\n|-heal|p1a: Incineroar|97\/100|[from] item: Leftovers\n|upkeep\n|turn|25\n|\n|t:|1699845856\n|switch|p1a: Blissey|Blissey, F|100\/100\n|move|p2a: Volcanion|Earth Power|p1a: Blissey\n|-damage|p1a: Blissey|80\/100\n|\n|-heal|p1a: Blissey|86\/100|[from] item: Leftovers\n|upkeep\n|turn|26\n|\n|t:|1699845864\n|switch|p2a: Maushold|Maushold-Four|100\/100\n|move|p1a: Blissey|Seismic Toss|p2a: Maushold\n|-damage|p2a: Maushold|66\/100\n|\n|-heal|p1a: Blissey|92\/100|[from] item: Leftovers\n|upkeep\n|turn|27\n|\n|t:|1699845872\n|switch|p1a: Skarmory|Skarmory, M|100\/100\n|move|p2a: Maushold|Population Bomb|p1a: Skarmory\n|-resisted|p1a: Skarmory\n|-damage|p1a: Skarmory|98\/100\n|-resisted|p1a: Skarmory\n|-damage|p1a: Skarmory|95\/100\n|-resisted|p1a: Skarmory\n|-damage|p1a: Skarmory|91\/100\n|-resisted|p1a: Skarmory\n|-damage|p1a: Skarmory|88\/100\n|-resisted|p1a: Skarmory\n|-damage|p1a: Skarmory|85\/100\n|-resisted|p1a: Skarmory\n|-damage|p1a: Skarmory|82\/100\n|-resisted|p1a: Skarmory\n|-damage|p1a: Skarmory|78\/100\n|-resisted|p1a: Skarmory\n|-damage|p1a: Skarmory|74\/100\n|-resisted|p1a: Skarmory\n|-damage|p1a: Skarmory|71\/100\n|-resisted|p1a: Skarmory\n|-damage|p1a: Skarmory|68\/100\n|-hitcount|p1a: Skarmory|10\n|\n|upkeep\n|turn|28\n|\n|t:|1699845894\n|switch|p2a: Volcanion|Volcanion, tera:Ground|16\/100\n|move|p1a: Skarmory|Brave Bird|p2a: Volcanion\n|-crit|p2a: Volcanion\n|-damage|p2a: Volcanion|0 fnt\n|faint|p2a: Volcanion\n|-damage|p1a: Skarmory|63\/100|[from] Recoil\n|\n|upkeep\n|\n|t:|1699845914\n|switch|p2a: Volcarona|Volcarona, M|100\/100\n|turn|29\n|\n|t:|1699845917\n|switch|p2a: Maushold|Maushold-Four|66\/100\n|switch|p1a: Incineroar|Incineroar, M|97\/100\n|-ability|p1a: Incineroar|Intimidate|boost\n|-unboost|p2a: Maushold|atk|1\n|\n|-heal|p1a: Incineroar|100\/100|[from] item: Leftovers\n|upkeep\n|turn|30\n|\n|t:|1699845929\n|switch|p1a: Skarmory|Skarmory, M|63\/100\n|move|p2a: Maushold|Population Bomb|p1a: Skarmory\n|-resisted|p1a: Skarmory\n|-damage|p1a: Skarmory|61\/100\n|-resisted|p1a: Skarmory\n|-damage|p1a: Skarmory|59\/100\n|-resisted|p1a: Skarmory\n|-damage|p1a: Skarmory|56\/100\n|-resisted|p1a: Skarmory\n|-damage|p1a: Skarmory|54\/100\n|-resisted|p1a: Skarmory\n|-damage|p1a: Skarmory|52\/100\n|-resisted|p1a: Skarmory\n|-damage|p1a: Skarmory|50\/100\n|-resisted|p1a: Skarmory\n|-damage|p1a: Skarmory|48\/100\n|-resisted|p1a: Skarmory\n|-damage|p1a: Skarmory|45\/100\n|-resisted|p1a: Skarmory\n|-damage|p1a: Skarmory|43\/100\n|-resisted|p1a: Skarmory\n|-damage|p1a: Skarmory|41\/100\n|-hitcount|p1a: Skarmory|10\n|\n|upkeep\n|turn|31\n|\n|t:|1699845949\n|move|p2a: Maushold|Tidy Up|p2a: Maushold\n|-boost|p2a: Maushold|atk|1\n|-boost|p2a: Maushold|spe|1\n|move|p1a: Skarmory|Roost|p1a: Skarmory\n|-heal|p1a: Skarmory|91\/100\n|-singleturn|p1a: Skarmory|move: Roost\n|\n|upkeep\n|turn|32\n|\n|t:|1699845956\n|move|p2a: Maushold|Encore|p1a: Skarmory\n|-start|p1a: Skarmory|Encore\n|move|p1a: Skarmory|Roost|p1a: Skarmory\n|-heal|p1a: Skarmory|100\/100\n|-singleturn|p1a: Skarmory|move: Roost\n|\n|upkeep\n|turn|33\n|\n|t:|1699845963\n|switch|p1a: Incineroar|Incineroar, M|100\/100\n|-ability|p1a: Incineroar|Intimidate|boost\n|-unboost|p2a: Maushold|atk|1\n|move|p2a: Maushold|Tidy Up|p2a: Maushold\n|-boost|p2a: Maushold|atk|1\n|-boost|p2a: Maushold|spe|1\n|\n|upkeep\n|turn|34\n|\n|t:|1699845976\n|switch|p1a: Skarmory|Skarmory, M|100\/100\n|move|p2a: Maushold|Population Bomb|p1a: Skarmory\n|-resisted|p1a: Skarmory\n|-damage|p1a: Skarmory|97\/100\n|-resisted|p1a: Skarmory\n|-damage|p1a: Skarmory|93\/100\n|-resisted|p1a: Skarmory\n|-damage|p1a: Skarmory|90\/100\n|-resisted|p1a: Skarmory\n|-damage|p1a: Skarmory|86\/100\n|-resisted|p1a: Skarmory\n|-damage|p1a: Skarmory|83\/100\n|-resisted|p1a: Skarmory\n|-damage|p1a: Skarmory|79\/100\n|-resisted|p1a: Skarmory\n|-damage|p1a: Skarmory|75\/100\n|-resisted|p1a: Skarmory\n|-damage|p1a: Skarmory|72\/100\n|-resisted|p1a: Skarmory\n|-damage|p1a: Skarmory|68\/100\n|-resisted|p1a: Skarmory\n|-damage|p1a: Skarmory|65\/100\n|-hitcount|p1a: Skarmory|10\n|\n|upkeep\n|turn|35\n|\n|t:|1699845998\n|move|p2a: Maushold|Tidy Up|p2a: Maushold\n|-boost|p2a: Maushold|atk|1\n|-boost|p2a: Maushold|spe|1\n|move|p1a: Skarmory|Brave Bird|p2a: Maushold\n|-damage|p2a: Maushold|10\/100\n|-damage|p1a: Skarmory|49\/100|[from] Recoil\n|\n|upkeep\n|turn|36\n|\n|t:|1699846033\n|move|p2a: Maushold|Population Bomb|p1a: Skarmory\n|-resisted|p1a: Skarmory\n|-damage|p1a: Skarmory|44\/100\n|-resisted|p1a: Skarmory\n|-damage|p1a: Skarmory|39\/100\n|-resisted|p1a: Skarmory\n|-damage|p1a: Skarmory|34\/100\n|-resisted|p1a: Skarmory\n|-damage|p1a: Skarmory|30\/100\n|-resisted|p1a: Skarmory\n|-damage|p1a: Skarmory|25\/100\n|-resisted|p1a: Skarmory\n|-damage|p1a: Skarmory|20\/100\n|-resisted|p1a: Skarmory\n|-damage|p1a: Skarmory|16\/100\n|-resisted|p1a: Skarmory\n|-damage|p1a: Skarmory|11\/100\n|-resisted|p1a: Skarmory\n|-damage|p1a: Skarmory|7\/100\n|-resisted|p1a: Skarmory\n|-damage|p1a: Skarmory|2\/100\n|-hitcount|p1a: Skarmory|10\n|move|p1a: Skarmory|Brave Bird|p2a: Maushold\n|-crit|p2a: Maushold\n|-damage|p2a: Maushold|0 fnt\n|faint|p2a: Maushold\n|-damage|p1a: Skarmory|0 fnt|[from] Recoil\n|faint|p1a: Skarmory\n|\n|upkeep\n|\n|t:|1699846056\n|switch|p2a: Serperior|Serperior, M|100\/100\n|switch|p1a: Incineroar|Incineroar, M|100\/100\n|-ability|p1a: Incineroar|Intimidate|boost\n|-boost|p2a: Serperior|atk|1\n|turn|37\n|\n|t:|1699846092\n|move|p2a: Serperior|Glare|p1a: Incineroar\n|-status|p1a: Incineroar|par\n|move|p1a: Incineroar|Knock Off|p2a: Serperior\n|-damage|p2a: Serperior|52\/100\n|-enditem|p2a: Serperior|Leftovers|[from] move: Knock Off|[of] p1a: Incineroar\n|\n|upkeep\n|turn|38\n|\n|t:|1699846099\n|move|p2a: Serperior|Hidden Power|p1a: Incineroar\n|-supereffective|p1a: Incineroar\n|-damage|p1a: Incineroar|82\/100 par\n|cant|p1a: Incineroar|par\n|\n|-heal|p1a: Incineroar|88\/100 par|[from] item: Leftovers\n|upkeep\n|turn|39\n|\n|t:|1699846117\n|move|p2a: Serperior|Hidden Power|p1a: Incineroar\n|-supereffective|p1a: Incineroar\n|-damage|p1a: Incineroar|70\/100 par\n|cant|p1a: Incineroar|par\n|\n|-heal|p1a: Incineroar|76\/100 par|[from] item: Leftovers\n|upkeep\n|turn|40\n|\n|t:|1699846124\n|move|p2a: Serperior|Leaf Storm|p1a: Incineroar\n|-resisted|p1a: Incineroar\n|-damage|p1a: Incineroar|59\/100 par\n|-boost|p2a: Serperior|spa|2\n|cant|p1a: Incineroar|par\n|\n|-heal|p1a: Incineroar|65\/100 par|[from] item: Leftovers\n|upkeep\n|turn|41\n|\n|t:|1699846142\n|move|p2a: Serperior|Hidden Power|p1a: Incineroar\n|-supereffective|p1a: Incineroar\n|-damage|p1a: Incineroar|29\/100 par\n|move|p1a: Incineroar|Close Combat|p2a: Serperior\n|-damage|p2a: Serperior|14\/100\n|-unboost|p1a: Incineroar|def|1\n|-unboost|p1a: Incineroar|spd|1\n|\n|-heal|p1a: Incineroar|35\/100 par|[from] item: Leftovers\n|upkeep\n|turn|42\n|\n|t:|1699846151\n|move|p2a: Serperior|Leaf Storm|p1a: Incineroar\n|-resisted|p1a: Incineroar\n|-damage|p1a: Incineroar|0 fnt\n|-boost|p2a: Serperior|spa|2\n|faint|p1a: Incineroar\n|\n|upkeep\n|\n|t:|1699846157\n|switch|p1a: Sandy Shocks|Sandy Shocks|100\/100\n|turn|43\n|\n|t:|1699846163\n|move|p1a: Sandy Shocks|Power Gem|p2a: Serperior\n|-damage|p2a: Serperior|0 fnt\n|faint|p2a: Serperior\n|\n|upkeep\n|\n|t:|1699846166\n|switch|p2a: Grafaiai|Grafaiai, F|100\/100\n|turn|44\n|\n|t:|1699846169\n|-end|p1a: Sandy Shocks|Protosynthesis|[silent]\n|switch|p1a: Blissey|Blissey, F|92\/100\n|move|p2a: Grafaiai|Knock Off|p1a: Blissey\n|-damage|p1a: Blissey|68\/100\n|-enditem|p1a: Blissey|Leftovers|[from] move: Knock Off|[of] p2a: Grafaiai\n|\n|upkeep\n|turn|45\n|\n|t:|1699846177\n|move|p2a: Grafaiai|Poison Jab|p1a: Blissey\n|-damage|p1a: Blissey|37\/100\n|move|p1a: Blissey|Seismic Toss|p2a: Grafaiai\n|-damage|p2a: Grafaiai|63\/100\n|\n|upkeep\n|turn|46\n|\n|t:|1699846226\n|move|p2a: Grafaiai|Poison Jab|p1a: Blissey\n|-damage|p1a: Blissey|8\/100\n|move|p1a: Blissey|Seismic Toss|p2a: Grafaiai\n|-damage|p2a: Grafaiai|26\/100\n|\n|upkeep\n|turn|47\n|\n|t:|1699846232\n|move|p2a: Grafaiai|Knock Off|p1a: Blissey\n|-damage|p1a: Blissey|0 fnt\n|faint|p1a: Blissey\n|\n|upkeep\n|\n|t:|1699846237\n|switch|p1a: Salamence|Salamence, F|100\/100\n|turn|48\n|\n|t:|1699846242\n|-terastallize|p1a: Salamence|Steel\n|move|p2a: Grafaiai|Parting Shot|p1a: Salamence\n|-unboost|p1a: Salamence|atk|1\n|-unboost|p1a: Salamence|spa|1\n|\n|t:|1699846246\n|switch|p2a: Volcarona|Volcarona, M|100\/100|[from] Parting Shot\n|move|p1a: Salamence|Dragon Dance|p1a: Salamence\n|-boost|p1a: Salamence|atk|1\n|-boost|p1a: Salamence|spe|1\n|\n|upkeep\n|turn|49\n|\n|t:|1699846253\n|move|p1a: Salamence|Aerial Ace|p2a: Volcarona\n|-supereffective|p2a: Volcarona\n|-damage|p2a: Volcarona|0 fnt\n|faint|p2a: Volcarona\n|-ability|p1a: Salamence|Moxie|boost\n|-boost|p1a: Salamence|atk|1\n|\n|upkeep\n|-message|passos_0 forfeited.\n|\n|win|crash&coco159\n|raw|crash&amp;coco159's rating: 1517 &rarr; <strong>1539<\/strong><br \/>(+22 for winning)\n|raw|passos_0's rating: 1548 &rarr; <strong>1526<\/strong><br \/>(-22 for losing)\n|l|\u2606passos_0\n","uploadtime":1699846262,"views":11,"p1id":"crashcoco159","p2id":"passos0","formatid":"gen9nationaldex","rating":1526,"private":0,"password":""}