{"id":"gen9nationaldex-1990138223","p1":"mayuripink","p2":"GoianoReidoKuduro","format":"[Gen 9] National Dex","log":"|j|\u2606mayuripink\n|j|\u2606GoianoReidoKuduro\n|t:|1699928693\n|gametype|singles\n|player|p1|mayuripink|266|1217\n|player|p2|GoianoReidoKuduro|169|1212\n|teamsize|p1|6\n|teamsize|p2|6\n|gen|9\n|tier|[Gen 9] National Dex\n|rated|\n|rule|HP Percentage Mod: HP is shown in percentages\n|rule|Endless Battle Clause: Forcing endless battles is banned\n|rule|OHKO Clause: OHKO moves are banned\n|rule|Evasion Clause: Evasion abilities, items, and moves are banned\n|rule|Evasion Abilities Clause: Evasion abilities are banned\n|rule|Evasion Items Clause: Evasion items are banned\n|rule|Evasion Moves Clause: Evasion moves are banned\n|rule|Species Clause: Limit one of each Pok\u00e9mon\n|rule|Sleep Clause Mod: Limit one foe put to sleep\n|clearpoke\n|poke|p1|Pelipper, F|\n|poke|p1|Urshifu-*, M|\n|poke|p1|Gyarados, F|\n|poke|p1|Ferrothorn, F|\n|poke|p1|Iron Treads|\n|poke|p1|Tapu Lele|\n|poke|p2|Blaziken, F|\n|poke|p2|Serperior, M|\n|poke|p2|Heatran, M|\n|poke|p2|Alomomola, F|\n|poke|p2|Kartana|\n|poke|p2|Dragonite, M|\n|teampreview\n|\n|t:|1699928699\n|start\n|switch|p1a: Pelipper|Pelipper, F|100\/100\n|switch|p2a: Blaziken|Blaziken, F|100\/100\n|-weather|RainDance|[from] ability: Drizzle|[of] p1a: Pelipper\n|turn|1\n|inactive|Battle timer is ON: inactive players will automatically lose when time's up. (requested by GoianoReidoKuduro)\n|\n|t:|1699928715\n|switch|p2a: Serperior|Serperior, M|100\/100\n|move|p1a: Pelipper|Hurricane|p2a: Serperior\n|-supereffective|p2a: Serperior\n|-damage|p2a: Serperior|6\/100\n|\n|-weather|RainDance|[upkeep]\n|-heal|p2a: Serperior|12\/100|[from] item: Leftovers\n|upkeep\n|turn|2\n|\n|t:|1699928724\n|move|p2a: Serperior|Leaf Storm|p1a: Pelipper\n|-damage|p1a: Pelipper|29\/100\n|-boost|p2a: Serperior|spa|2\n|move|p1a: Pelipper|Hurricane|p2a: Serperior\n|-supereffective|p2a: Serperior\n|-damage|p2a: Serperior|0 fnt\n|faint|p2a: Serperior\n|\n|-weather|RainDance|[upkeep]\n|upkeep\n|\n|t:|1699928731\n|switch|p2a: Kartana|Kartana|100\/100\n|turn|3\n|\n|t:|1699928741\n|switch|p1a: Iron Treads|Iron Treads|100\/100\n|move|p2a: Kartana|Leaf Blade|p1a: Iron Treads\n|-damage|p1a: Iron Treads|42\/100\n|\n|-weather|RainDance|[upkeep]\n|upkeep\n|turn|4\n|\n|t:|1699928757\n|move|p2a: Kartana|Leaf Blade|p1a: Iron Treads\n|-damage|p1a: Iron Treads|0 fnt\n|faint|p1a: Iron Treads\n|-end|p1a: Iron Treads|Quark Drive|[silent]\n|-ability|p2a: Kartana|Beast Boost|boost\n|-boost|p2a: Kartana|atk|1\n|\n|-weather|RainDance|[upkeep]\n|upkeep\n|\n|t:|1699928768\n|switch|p1a: Tapu Lele|Tapu Lele|100\/100\n|-fieldstart|move: Psychic Terrain|[from] ability: Psychic Surge|[of] p1a: Tapu Lele\n|turn|5\n|\n|t:|1699928777\n|switch|p2a: Alomomola|Alomomola, F|100\/100\n|move|p1a: Tapu Lele|Focus Blast|p2a: Alomomola|[miss]\n|-miss|p1a: Tapu Lele|p2a: Alomomola\n|\n|-weather|RainDance|[upkeep]\n|upkeep\n|turn|6\n|\n|t:|1699928785\n|move|p1a: Tapu Lele|Psychic|p2a: Alomomola\n|-damage|p2a: Alomomola|48\/100\n|move|p2a: Alomomola|Toxic|p1a: Tapu Lele\n|-status|p1a: Tapu Lele|tox\n|\n|-weather|RainDance|[upkeep]\n|-heal|p2a: Alomomola|54\/100|[from] item: Leftovers\n|-damage|p1a: Tapu Lele|94\/100 tox|[from] psn\n|upkeep\n|turn|7\n|\n|t:|1699928795\n|switch|p2a: Kartana|Kartana|100\/100\n|move|p1a: Tapu Lele|Psychic|p2a: Kartana\n|-resisted|p2a: Kartana\n|-damage|p2a: Kartana|0 fnt\n|faint|p2a: Kartana\n|\n|-weather|RainDance|[upkeep]\n|-damage|p1a: Tapu Lele|82\/100 tox|[from] psn\n|upkeep\n|\n|t:|1699928810\n|switch|p2a: Heatran|Heatran, M|100\/100\n|turn|8\n|\n|t:|1699928823\n|move|p1a: Tapu Lele|Focus Blast|p2a: Heatran|[miss]\n|-miss|p1a: Tapu Lele|p2a: Heatran\n|move|p2a: Heatran|Magma Storm|p1a: Tapu Lele|[miss]\n|-miss|p2a: Heatran|p1a: Tapu Lele\n|\n|-weather|none\n|-damage|p1a: Tapu Lele|64\/100 tox|[from] psn\n|upkeep\n|turn|9\n|\n|t:|1699928833\n|switch|p1a: Pelipper|Pelipper, F|29\/100\n|-weather|RainDance|[from] ability: Drizzle|[of] p1a: Pelipper\n|move|p2a: Heatran|Magma Storm|p1a: Pelipper|[miss]\n|-miss|p2a: Heatran|p1a: Pelipper\n|\n|-weather|RainDance|[upkeep]\n|-fieldend|move: Psychic Terrain\n|upkeep\n|turn|10\n|\n|t:|1699928844\n|switch|p2a: Alomomola|Alomomola, F|87\/100\n|move|p1a: Pelipper|Tailwind|p1a: Pelipper\n|-sidestart|p1: mayuripink|move: Tailwind\n|\n|-weather|RainDance|[upkeep]\n|-heal|p2a: Alomomola|94\/100|[from] item: Leftovers\n|upkeep\n|turn|11\n|\n|t:|1699928852\n|switch|p1a: Urshifu|Urshifu-Rapid-Strike, M|100\/100\n|move|p2a: Alomomola|Toxic|p1a: Urshifu|[miss]\n|-miss|p2a: Alomomola|p1a: Urshifu\n|\n|-weather|RainDance|[upkeep]\n|-heal|p2a: Alomomola|99\/100|[from] item: Leftovers\n|upkeep\n|turn|12\n|\n|t:|1699928861\n|-terastallize|p1a: Urshifu|Water\n|move|p1a: Urshifu|Surging Strikes|p2a: Alomomola\n|-resisted|p2a: Alomomola\n|-crit|p2a: Alomomola\n|-damage|p2a: Alomomola|87\/100\n|-resisted|p2a: Alomomola\n|-crit|p2a: Alomomola\n|-damage|p2a: Alomomola|75\/100\n|-resisted|p2a: Alomomola\n|-crit|p2a: Alomomola\n|-damage|p2a: Alomomola|62\/100\n|-hitcount|p2a: Alomomola|3\n|move|p2a: Alomomola|Flip Turn|p1a: Urshifu\n|-resisted|p1a: Urshifu\n|-damage|p1a: Urshifu|89\/100\n|\n|t:|1699928870\n|switch|p2a: Dragonite|Dragonite, M|100\/100|[from] Flip Turn\n|\n|-weather|RainDance|[upkeep]\n|upkeep\n|turn|13\n|\n|t:|1699928880\n|switch|p1a: Ferrothorn|Ferrothorn, F|100\/100\n|move|p2a: Dragonite|Dragon Dance|p2a: Dragonite\n|-boost|p2a: Dragonite|atk|1\n|-boost|p2a: Dragonite|spe|1\n|\n|-weather|RainDance|[upkeep]\n|-sideend|p1: mayuripink|move: Tailwind\n|upkeep\n|turn|14\n|\n|t:|1699928889\n|move|p2a: Dragonite|Dragon Dance|p2a: Dragonite\n|-boost|p2a: Dragonite|atk|1\n|-boost|p2a: Dragonite|spe|1\n|move|p1a: Ferrothorn|Leech Seed|p2a: Dragonite\n|-start|p2a: Dragonite|move: Leech Seed\n|\n|-weather|RainDance|[upkeep]\n|-damage|p2a: Dragonite|88\/100|[from] Leech Seed|[of] p1a: Ferrothorn\n|upkeep\n|turn|15\n|\n|t:|1699928898\n|move|p1a: Ferrothorn|Protect|p1a: Ferrothorn\n|-singleturn|p1a: Ferrothorn|Protect\n|move|p2a: Dragonite|Dual Wingbeat|p1a: Ferrothorn\n|-activate|p1a: Ferrothorn|move: Protect\n|\n|-weather|RainDance|[upkeep]\n|-damage|p2a: Dragonite|76\/100|[from] Leech Seed|[of] p1a: Ferrothorn\n|upkeep\n|turn|16\n|\n|t:|1699928906\n|move|p2a: Dragonite|Dual Wingbeat|p1a: Ferrothorn\n|-damage|p1a: Ferrothorn|69\/100\n|-damage|p2a: Dragonite|63\/100|[from] ability: Iron Barbs|[of] p1a: Ferrothorn\n|-damage|p1a: Ferrothorn|35\/100\n|-damage|p2a: Dragonite|51\/100|[from] ability: Iron Barbs|[of] p1a: Ferrothorn\n|-hitcount|p1a: Ferrothorn|2\n|-damage|p2a: Dragonite|41\/100|[from] item: Life Orb\n|move|p1a: Ferrothorn|Stealth Rock|p2a: Dragonite\n|-sidestart|p2: GoianoReidoKuduro|move: Stealth Rock\n|\n|-weather|none\n|-heal|p1a: Ferrothorn|41\/100|[from] item: Leftovers\n|-damage|p2a: Dragonite|29\/100|[from] Leech Seed|[of] p1a: Ferrothorn\n|-heal|p1a: Ferrothorn|52\/100|[silent]\n|upkeep\n|turn|17\n|\n|t:|1699928920\n|switch|p2a: Alomomola|Alomomola, F|95\/100\n|-damage|p2a: Alomomola|83\/100|[from] Stealth Rock\n|move|p1a: Ferrothorn|Protect||[still]\n|-fail|p1a: Ferrothorn\n|\n|-heal|p2a: Alomomola|89\/100|[from] item: Leftovers\n|-heal|p1a: Ferrothorn|58\/100|[from] item: Leftovers\n|upkeep\n|turn|18\n|\n|t:|1699928929\n|move|p2a: Alomomola|Wish|p2a: Alomomola\n|move|p1a: Ferrothorn|Leech Seed|p2a: Alomomola\n|-start|p2a: Alomomola|move: Leech Seed\n|\n|-heal|p2a: Alomomola|95\/100|[from] item: Leftovers\n|-heal|p1a: Ferrothorn|64\/100|[from] item: Leftovers\n|-damage|p2a: Alomomola|83\/100|[from] Leech Seed|[of] p1a: Ferrothorn\n|-heal|p1a: Ferrothorn|81\/100|[silent]\n|upkeep\n|turn|19\n|\n|t:|1699928937\n|switch|p1a: Pelipper|Pelipper, F|29\/100\n|-weather|RainDance|[from] ability: Drizzle|[of] p1a: Pelipper\n|move|p2a: Alomomola|Flip Turn|p1a: Pelipper\n|-resisted|p1a: Pelipper\n|-damage|p1a: Pelipper|21\/100\n|\n|t:|1699928947\n|switch|p2a: Dragonite|Dragonite, M|29\/100|[from] Flip Turn\n|-damage|p2a: Dragonite|4\/100|[from] Stealth Rock\n|\n|-weather|RainDance|[upkeep]\n|-heal|p2a: Dragonite|78\/100|[from] move: Wish|[wisher] Alomomola\n|upkeep\n|turn|20\n|\n|t:|1699928956\n|move|p2a: Dragonite|Extreme Speed|p1a: Pelipper\n|-damage|p1a: Pelipper|0 fnt\n|faint|p1a: Pelipper\n|-damage|p2a: Dragonite|68\/100|[from] item: Life Orb\n|\n|-weather|RainDance|[upkeep]\n|upkeep\n|\n|t:|1699928962\n|switch|p1a: Tapu Lele|Tapu Lele|64\/100 tox\n|-fieldstart|move: Psychic Terrain|[from] ability: Psychic Surge|[of] p1a: Tapu Lele\n|turn|21\n|\n|t:|1699928973\n|switch|p2a: Alomomola|Alomomola, F|100\/100\n|-damage|p2a: Alomomola|88\/100|[from] Stealth Rock\n|move|p1a: Tapu Lele|Dazzling Gleam|p2a: Alomomola\n|-damage|p2a: Alomomola|50\/100\n|\n|-weather|RainDance|[upkeep]\n|-heal|p2a: Alomomola|56\/100|[from] item: Leftovers\n|-damage|p1a: Tapu Lele|58\/100 tox|[from] psn\n|upkeep\n|turn|22\n|\n|t:|1699928983\n|-zpower|p1a: Tapu Lele\n|move|p1a: Tapu Lele|Twinkle Tackle|p2a: Alomomola|[zeffect]\n|-damage|p2a: Alomomola|0 fnt\n|faint|p2a: Alomomola\n|\n|-weather|RainDance|[upkeep]\n|-damage|p1a: Tapu Lele|46\/100 tox|[from] psn\n|upkeep\n|\n|t:|1699928994\n|switch|p2a: Heatran|Heatran, M|100\/100\n|-damage|p2a: Heatran|88\/100|[from] Stealth Rock\n|turn|23\n|\n|t:|1699929000\n|move|p1a: Tapu Lele|Focus Blast|p2a: Heatran\n|-supereffective|p2a: Heatran\n|-damage|p2a: Heatran|0 fnt\n|faint|p2a: Heatran\n|\n|-weather|RainDance|[upkeep]\n|-damage|p1a: Tapu Lele|28\/100 tox|[from] psn\n|upkeep\n|\n|t:|1699929004\n|switch|p2a: Blaziken|Blaziken, F|100\/100\n|-damage|p2a: Blaziken|88\/100|[from] Stealth Rock\n|turn|24\n|\n|t:|1699929011\n|move|p2a: Blaziken|Protect|p2a: Blaziken\n|-singleturn|p2a: Blaziken|Protect\n|move|p1a: Tapu Lele|Psychic|p2a: Blaziken\n|-activate|p2a: Blaziken|move: Protect\n|\n|-weather|RainDance|[upkeep]\n|-damage|p1a: Tapu Lele|4\/100 tox|[from] psn\n|-ability|p2a: Blaziken|Speed Boost|boost\n|-boost|p2a: Blaziken|spe|1\n|upkeep\n|turn|25\n|\n|t:|1699929020\n|move|p2a: Blaziken|Earthquake|p1a: Tapu Lele\n|-damage|p1a: Tapu Lele|0 fnt\n|faint|p1a: Tapu Lele\n|\n|-weather|RainDance|[upkeep]\n|-fieldend|move: Psychic Terrain\n|-ability|p2a: Blaziken|Speed Boost|boost\n|-boost|p2a: Blaziken|spe|1\n|upkeep\n|\n|t:|1699929028\n|switch|p1a: Gyarados|Gyarados, F|100\/100\n|-ability|p1a: Gyarados|Intimidate|boost\n|-unboost|p2a: Blaziken|atk|1\n|turn|26\n|\n|t:|1699929041\n|switch|p2a: Dragonite|Dragonite, M|68\/100\n|-damage|p2a: Dragonite|44\/100|[from] Stealth Rock\n|detailschange|p1a: Gyarados|Gyarados-Mega, F\n|-mega|p1a: Gyarados|Gyarados|Gyaradosite\n|-ability|p1a: Gyarados|Mold Breaker\n|move|p1a: Gyarados|Waterfall|p2a: Dragonite\n|-resisted|p2a: Dragonite\n|-damage|p2a: Dragonite|0 fnt\n|faint|p2a: Dragonite\n|\n|-weather|none\n|upkeep\n|\n|t:|1699929049\n|switch|p2a: Blaziken|Blaziken, F|88\/100\n|-damage|p2a: Blaziken|76\/100|[from] Stealth Rock\n|turn|27\n|\n|t:|1699929055\n|move|p2a: Blaziken|Protect|p2a: Blaziken\n|-singleturn|p2a: Blaziken|Protect\n|move|p1a: Gyarados|Waterfall|p2a: Blaziken\n|-activate|p2a: Blaziken|move: Protect\n|\n|-ability|p2a: Blaziken|Speed Boost|boost\n|-boost|p2a: Blaziken|spe|1\n|upkeep\n|turn|28\n|\n|t:|1699929063\n|move|p2a: Blaziken|Close Combat|p1a: Gyarados\n|-supereffective|p1a: Gyarados\n|-damage|p1a: Gyarados|0 fnt\n|-unboost|p2a: Blaziken|def|1\n|-unboost|p2a: Blaziken|spd|1\n|faint|p1a: Gyarados\n|\n|-ability|p2a: Blaziken|Speed Boost|boost\n|-boost|p2a: Blaziken|spe|1\n|upkeep\n|\n|t:|1699929072\n|switch|p1a: Ferrothorn|Ferrothorn, F|81\/100\n|turn|29\n|\n|t:|1699929079\n|move|p2a: Blaziken|Flare Blitz|p1a: Ferrothorn\n|-supereffective|p1a: Ferrothorn\n|-damage|p1a: Ferrothorn|0 fnt\n|-damage|p2a: Blaziken|64\/100|[from] ability: Iron Barbs|[of] p1a: Ferrothorn\n|faint|p1a: Ferrothorn\n|-damage|p2a: Blaziken|32\/100|[from] Recoil\n|\n|-ability|p2a: Blaziken|Speed Boost|boost\n|-boost|p2a: Blaziken|spe|1\n|upkeep\n|\n|t:|1699929087\n|switch|p1a: Urshifu|Urshifu-Rapid-Strike, M, tera:Water|89\/100\n|turn|30\n|\n|t:|1699929093\n|move|p1a: Urshifu|Aqua Jet|p2a: Blaziken\n|-supereffective|p2a: Blaziken\n|-damage|p2a: Blaziken|0 fnt\n|faint|p2a: Blaziken\n|\n|win|mayuripink\n|raw|mayuripink's rating: 1217 &rarr; <strong>1242<\/strong><br \/>(+25 for winning)\n|raw|GoianoReidoKuduro's rating: 1212 &rarr; <strong>1187<\/strong><br \/>(-25 for losing)\n|l|\u2606GoianoReidoKuduro\n","uploadtime":1699929162,"views":17,"p1id":"mayuripink","p2id":"goianoreidokuduro","formatid":"gen9nationaldex","rating":1187,"private":0,"password":""}