{"id":"gen9nationaldex-1999992949","p1":"Deriverse","p2":"PizzaMan48","format":"[Gen 9] National Dex","log":"|html|<div class=\"broadcast-blue\"><strong>[Gen 9] National Dex is currently suspecting Sneasler! For information on how to participate check out the <a href=\"https:\/\/www.smogon.com\/forums\/threads\/sv-national-dex-suspect-8-just-dance.3731534\/\">suspect thread<\/a>.<\/strong><\/div>\n|j|\u2606Deriverse\n|j|\u2606PizzaMan48\n|t:|1701138701\n|gametype|singles\n|player|p1|Deriverse|veteranf|1467\n|player|p2|PizzaMan48|clown|1363\n|teamsize|p1|6\n|teamsize|p2|6\n|gen|9\n|tier|[Gen 9] National Dex\n|rated|\n|rule|HP Percentage Mod: HP is shown in percentages\n|rule|Endless Battle Clause: Forcing endless battles is banned\n|rule|OHKO Clause: OHKO moves are banned\n|rule|Evasion Clause: Evasion abilities, items, and moves are banned\n|rule|Evasion Abilities Clause: Evasion abilities are banned\n|rule|Evasion Items Clause: Evasion items are banned\n|rule|Evasion Moves Clause: Evasion moves are banned\n|rule|Species Clause: Limit one of each Pok\u00e9mon\n|rule|Sleep Clause Mod: Limit one foe put to sleep\n|clearpoke\n|poke|p1|Gliscor, M|\n|poke|p1|Tapu Lele|\n|poke|p1|Volcarona, M|\n|poke|p1|Ferrothorn, M|\n|poke|p1|Toxapex, M|\n|poke|p1|Rotom-Wash|\n|poke|p2|Maushold-Four|\n|poke|p2|Hydreigon, F|\n|poke|p2|Ogerpon-Wellspring, F|\n|poke|p2|Glimmora, M|\n|poke|p2|Heatran, M|\n|poke|p2|Scizor, F|\n|teampreview\n|inactive|Battle timer is ON: inactive players will automatically lose when time's up. (requested by Deriverse)\n|\n|t:|1701138717\n|start\n|switch|p1a: Ferrothorn|Ferrothorn, M|100\/100\n|switch|p2a: Glimmora|Glimmora, M|100\/100\n|turn|1\n|\n|t:|1701138737\n|switch|p2a: Heatran|Heatran, M|100\/100\n|move|p1a: Ferrothorn|Thunder Wave|p2a: Heatran\n|-status|p2a: Heatran|par\n|\n|upkeep\n|turn|2\n|\n|t:|1701138754\n|switch|p1a: Rotom|Rotom-Wash|100\/100\n|move|p2a: Heatran|Magma Storm|p1a: Rotom\n|-resisted|p1a: Rotom\n|-damage|p1a: Rotom|66\/100\n|-activate|p1a: Rotom|move: Magma Storm|[of] p2a: Heatran\n|\n|-heal|p1a: Rotom|72\/100|[from] item: Leftovers\n|-damage|p1a: Rotom|59\/100|[from] move: Magma Storm|[partiallytrapped]\n|upkeep\n|turn|3\n|\n|t:|1701138774\n|switch|p2a: Ogerpon|Ogerpon-Wellspring, F|100\/100\n|move|p1a: Rotom|Will-O-Wisp|p2a: Ogerpon\n|-status|p2a: Ogerpon|brn\n|\n|-heal|p1a: Rotom|66\/100|[from] item: Leftovers\n|-damage|p2a: Ogerpon|95\/100 brn|[from] brn\n|-end|p1a: Rotom|Magma Storm|[partiallytrapped]|[silent]\n|upkeep\n|turn|4\n|\n|t:|1701138787\n|switch|p1a: Ferrothorn|Ferrothorn, M|100\/100\n|move|p2a: Ogerpon|Swords Dance|p2a: Ogerpon\n|-boost|p2a: Ogerpon|atk|2\n|\n|-damage|p2a: Ogerpon|89\/100 brn|[from] brn\n|upkeep\n|turn|5\n|\n|t:|1701138802\n|move|p2a: Ogerpon|U-turn|p1a: Ferrothorn\n|-damage|p1a: Ferrothorn|80\/100\n|-damage|p2a: Ogerpon|76\/100 brn|[from] ability: Iron Barbs|[of] p1a: Ferrothorn\n|\n|t:|1701138806\n|switch|p2a: Heatran|Heatran, M|100\/100 par|[from] U-turn\n|move|p1a: Ferrothorn|Leech Seed|p2a: Heatran|[miss]\n|-miss|p1a: Ferrothorn|p2a: Heatran\n|\n|-heal|p1a: Ferrothorn|87\/100|[from] item: Leftovers\n|upkeep\n|turn|6\n|\n|t:|1701138818\n|switch|p1a: Rotom|Rotom-Wash|66\/100\n|cant|p2a: Heatran|par\n|\n|-heal|p1a: Rotom|72\/100|[from] item: Leftovers\n|upkeep\n|turn|7\n|\n|t:|1701138824\n|move|p1a: Rotom|Volt Switch|p2a: Heatran\n|-damage|p2a: Heatran|66\/100 par\n|\n|t:|1701138831\n|switch|p1a: Gliscor|Gliscor, M|100\/100|[from] Volt Switch\n|move|p2a: Heatran|Magma Storm|p1a: Gliscor\n|-damage|p1a: Gliscor|41\/100\n|-activate|p1a: Gliscor|move: Magma Storm|[of] p2a: Heatran\n|\n|-heal|p2a: Heatran|72\/100 par|[from] item: Leftovers\n|-damage|p1a: Gliscor|28\/100|[from] move: Magma Storm|[partiallytrapped]\n|-status|p1a: Gliscor|tox|[from] item: Toxic Orb\n|upkeep\n|turn|8\n|\n|t:|1701138856\n|switch|p2a: Scizor|Scizor, F, shiny|100\/100\n|move|p1a: Gliscor|Earthquake|p2a: Scizor\n|-damage|p2a: Scizor|70\/100\n|\n|-heal|p1a: Gliscor|41\/100 tox|[from] ability: Poison Heal\n|-end|p1a: Gliscor|Magma Storm|[partiallytrapped]|[silent]\n|upkeep\n|turn|9\n|\n|t:|1701138872\n|switch|p1a: Ferrothorn|Ferrothorn, M|87\/100\n|detailschange|p2a: Scizor|Scizor-Mega, F, shiny\n|-mega|p2a: Scizor|Scizor|Scizorite\n|move|p2a: Scizor|Knock Off|p1a: Ferrothorn\n|-crit|p1a: Ferrothorn\n|-damage|p1a: Ferrothorn|50\/100\n|-damage|p2a: Scizor|57\/100|[from] ability: Iron Barbs|[of] p1a: Ferrothorn\n|-enditem|p1a: Ferrothorn|Leftovers|[from] move: Knock Off|[of] p2a: Scizor\n|\n|upkeep\n|turn|10\n|inactive|PizzaMan48 has 120 seconds left.\n|\n|t:|1701138895\n|switch|p2a: Hydreigon|Hydreigon, F, shiny|100\/100\n|move|p1a: Ferrothorn|Stealth Rock|p2a: Hydreigon\n|-sidestart|p2: PizzaMan48|move: Stealth Rock\n|\n|upkeep\n|turn|11\n|inactive|PizzaMan48 has 120 seconds left.\n|\n|t:|1701138911\n|switch|p1a: Gliscor|Gliscor, M|41\/100 tox\n|move|p2a: Hydreigon|Flamethrower|p1a: Gliscor\n|-damage|p1a: Gliscor|0 fnt\n|faint|p1a: Gliscor\n|\n|upkeep\n|\n|t:|1701138920\n|switch|p1a: Tapu Lele|Tapu Lele|100\/100\n|-fieldstart|move: Psychic Terrain|[from] ability: Psychic Surge|[of] p1a: Tapu Lele\n|turn|12\n|inactive|PizzaMan48 has 120 seconds left.\n|\n|t:|1701138935\n|switch|p2a: Heatran|Heatran, M|72\/100 par\n|-damage|p2a: Heatran|60\/100 par|[from] Stealth Rock\n|move|p1a: Tapu Lele|Moonblast|p2a: Heatran\n|-resisted|p2a: Heatran\n|-damage|p2a: Heatran|40\/100 par\n|-unboost|p2a: Heatran|spa|1\n|\n|-heal|p2a: Heatran|47\/100 par|[from] item: Leftovers\n|upkeep\n|turn|13\n|\n|t:|1701138946\n|switch|p1a: Toxapex|Toxapex, M|100\/100\n|move|p2a: Heatran|Magma Storm|p1a: Toxapex\n|-resisted|p1a: Toxapex\n|-damage|p1a: Toxapex|87\/100\n|-activate|p1a: Toxapex|move: Magma Storm|[of] p2a: Heatran\n|\n|-heal|p2a: Heatran|53\/100 par|[from] item: Leftovers\n|-damage|p1a: Toxapex|74\/100|[from] move: Magma Storm|[partiallytrapped]\n|upkeep\n|turn|14\n|inactive|PizzaMan48 has 120 seconds left.\n|\n|t:|1701138962\n|move|p2a: Heatran|Earth Power|p1a: Toxapex\n|-supereffective|p1a: Toxapex\n|-damage|p1a: Toxapex|37\/100\n|move|p1a: Toxapex|Scald|p2a: Heatran\n|-supereffective|p2a: Heatran\n|-damage|p2a: Heatran|19\/100 par\n|\n|-heal|p2a: Heatran|25\/100 par|[from] item: Leftovers\n|-damage|p1a: Toxapex|24\/100|[from] move: Magma Storm|[partiallytrapped]\n|upkeep\n|turn|15\n|\n|t:|1701138981\n|move|p2a: Heatran|Magma Storm|p1a: Toxapex\n|-resisted|p1a: Toxapex\n|-damage|p1a: Toxapex|9\/100\n|move|p1a: Toxapex|Recover|p1a: Toxapex\n|-heal|p1a: Toxapex|59\/100\n|\n|-heal|p2a: Heatran|31\/100 par|[from] item: Leftovers\n|-damage|p1a: Toxapex|47\/100|[from] move: Magma Storm|[partiallytrapped]\n|upkeep\n|turn|16\n|\n|t:|1701138990\n|move|p2a: Heatran|Taunt|p1a: Toxapex\n|-start|p1a: Toxapex|move: Taunt\n|move|p1a: Toxapex|Scald|p2a: Heatran\n|-supereffective|p2a: Heatran\n|-damage|p2a: Heatran|0 fnt\n|faint|p2a: Heatran\n|\n|-end|p1a: Toxapex|Magma Storm|[partiallytrapped]|[silent]\n|-fieldend|move: Psychic Terrain\n|upkeep\n|inactive|PizzaMan48 has 90 seconds left.\n|\n|t:|1701139016\n|switch|p2a: Hydreigon|Hydreigon, F, shiny|100\/100\n|-damage|p2a: Hydreigon|88\/100|[from] Stealth Rock\n|turn|17\n|\n|t:|1701139023\n|switch|p1a: Rotom|Rotom-Wash|72\/100\n|move|p2a: Hydreigon|Dark Pulse|p1a: Rotom\n|-crit|p1a: Rotom\n|-damage|p1a: Rotom|0 fnt\n|faint|p1a: Rotom\n|\n|upkeep\n|\n|t:|1701139032\n|switch|p1a: Tapu Lele|Tapu Lele|100\/100\n|-fieldstart|move: Psychic Terrain|[from] ability: Psychic Surge|[of] p1a: Tapu Lele\n|turn|18\n|\n|t:|1701139045\n|-terastallize|p2a: Hydreigon|Fire\n|move|p2a: Hydreigon|Dark Pulse|p1a: Tapu Lele\n|-damage|p1a: Tapu Lele|31\/100\n|move|p1a: Tapu Lele|Moonblast|p2a: Hydreigon\n|-resisted|p2a: Hydreigon\n|-damage|p2a: Hydreigon|38\/100\n|\n|upkeep\n|turn|19\n|\n|t:|1701139067\n|-terastallize|p1a: Tapu Lele|Fairy\n|move|p2a: Hydreigon|Dark Pulse|p1a: Tapu Lele\n|-resisted|p1a: Tapu Lele\n|-damage|p1a: Tapu Lele|0 fnt\n|faint|p1a: Tapu Lele\n|\n|upkeep\n|\n|t:|1701139073\n|switch|p1a: Volcarona|Volcarona, M|100\/100\n|turn|20\n|\n|t:|1701139084\n|switch|p2a: Ogerpon|Ogerpon-Wellspring, F|76\/100 brn\n|-damage|p2a: Ogerpon|64\/100 brn|[from] Stealth Rock\n|move|p1a: Volcarona|Quiver Dance|p1a: Volcarona\n|-boost|p1a: Volcarona|spa|1\n|-boost|p1a: Volcarona|spd|1\n|-boost|p1a: Volcarona|spe|1\n|\n|-damage|p2a: Ogerpon|58\/100 brn|[from] brn\n|upkeep\n|turn|21\n|\n|t:|1701139096\n|move|p1a: Volcarona|Fiery Dance|p2a: Ogerpon\n|-damage|p2a: Ogerpon|0 fnt\n|faint|p2a: Ogerpon\n|\n|upkeep\n|inactive|PizzaMan48 has 90 seconds left.\n|\n|t:|1701139124\n|switch|p2a: Glimmora|Glimmora, M|100\/100\n|-damage|p2a: Glimmora|88\/100|[from] Stealth Rock\n|turn|22\n|inactive|Deriverse has 120 seconds left.\n|\n|t:|1701139154\n|switch|p1a: Ferrothorn|Ferrothorn, M|50\/100\n|move|p2a: Glimmora|Mortal Spin|p1a: Ferrothorn\n|-immune|p1a: Ferrothorn\n|\n|-fieldend|move: Psychic Terrain\n|upkeep\n|turn|23\n|inactive|PizzaMan48 has 90 seconds left.\n|\n|t:|1701139182\n|switch|p2a: Hydreigon|Hydreigon, F, shiny, tera:Fire|38\/100\n|-damage|p2a: Hydreigon|13\/100|[from] Stealth Rock\n|move|p1a: Ferrothorn|Thunder Wave|p2a: Hydreigon\n|-status|p2a: Hydreigon|par\n|\n|upkeep\n|turn|24\n|\n|t:|1701139199\n|switch|p1a: Toxapex|Toxapex, M|80\/100\n|move|p2a: Hydreigon|Draco Meteor|p1a: Toxapex\n|-damage|p1a: Toxapex|3\/100\n|-unboost|p2a: Hydreigon|spa|2\n|\n|upkeep\n|turn|25\n|\n|t:|1701139207\n|switch|p2a: Maushold|Maushold-Four|100\/100\n|-damage|p2a: Maushold|88\/100|[from] Stealth Rock\n|switch|p1a: Volcarona|Volcarona, M|100\/100\n|\n|upkeep\n|turn|26\n|\n|t:|1701139222\n|switch|p1a: Ferrothorn|Ferrothorn, M|50\/100\n|move|p2a: Maushold|Taunt|p1a: Ferrothorn\n|-start|p1a: Ferrothorn|move: Taunt\n|\n|upkeep\n|turn|27\n|\n|t:|1701139228\n|move|p2a: Maushold|Tidy Up|p2a: Maushold\n|-sideend|p2: PizzaMan48|Stealth Rock\n|-activate|p2a: Maushold|move: Tidy Up\n|-boost|p2a: Maushold|atk|1\n|-boost|p2a: Maushold|spe|1\n|move|p1a: Ferrothorn|Gyro Ball|p2a: Maushold\n|-damage|p2a: Maushold|14\/100\n|\n|upkeep\n|turn|28\n|inactive|PizzaMan48 has 90 seconds left.\n|\n|t:|1701139240\n|switch|p2a: Scizor|Scizor-Mega, F, shiny|57\/100\n|move|p1a: Ferrothorn|Gyro Ball|p2a: Scizor\n|-resisted|p2a: Scizor\n|-damage|p2a: Scizor|45\/100\n|\n|-end|p1a: Ferrothorn|move: Taunt\n|upkeep\n|turn|29\n|inactive|PizzaMan48 has 90 seconds left.\n|\n|t:|1701139253\n|move|p2a: Scizor|Roost|p2a: Scizor\n|-heal|p2a: Scizor|95\/100\n|-singleturn|p2a: Scizor|move: Roost\n|move|p1a: Ferrothorn|Thunder Wave|p2a: Scizor\n|-status|p2a: Scizor|par\n|\n|upkeep\n|turn|30\n|inactive|PizzaMan48 has 90 seconds left.\n|\n|t:|1701139267\n|switch|p2a: Hydreigon|Hydreigon, F, shiny, tera:Fire|13\/100 par\n|move|p1a: Ferrothorn|Leech Seed|p2a: Hydreigon|[miss]\n|-miss|p1a: Ferrothorn|p2a: Hydreigon\n|\n|upkeep\n|turn|31\n|inactive|PizzaMan48 has 90 seconds left.\n|\n|t:|1701139283\n|switch|p1a: Toxapex|Toxapex, M|36\/100\n|move|p2a: Hydreigon|Flamethrower|p1a: Toxapex\n|-resisted|p1a: Toxapex\n|-damage|p1a: Toxapex|6\/100\n|\n|upkeep\n|turn|32\n|\n|t:|1701139302\n|switch|p2a: Glimmora|Glimmora, M|88\/100\n|move|p1a: Toxapex|Scald|p2a: Glimmora\n|-supereffective|p2a: Glimmora\n|-damage|p2a: Glimmora|46\/100\n|\n|upkeep\n|turn|33\n|\n|t:|1701139322\n|move|p2a: Glimmora|Earth Power|p1a: Toxapex\n|-supereffective|p1a: Toxapex\n|-damage|p1a: Toxapex|0 fnt\n|faint|p1a: Toxapex\n|\n|upkeep\n|\n|t:|1701139327\n|switch|p1a: Ferrothorn|Ferrothorn, M|50\/100\n|turn|34\n|\n|t:|1701139333\n|move|p2a: Glimmora|Earth Power|p1a: Ferrothorn\n|-damage|p1a: Ferrothorn|31\/100\n|move|p1a: Ferrothorn|Thunder Wave|p2a: Glimmora|[miss]\n|-miss|p1a: Ferrothorn|p2a: Glimmora\n|\n|upkeep\n|turn|35\n|\n|t:|1701139344\n|move|p2a: Glimmora|Earth Power|p1a: Ferrothorn\n|-damage|p1a: Ferrothorn|9\/100\n|move|p1a: Ferrothorn|Thunder Wave|p2a: Glimmora|[miss]\n|-miss|p1a: Ferrothorn|p2a: Glimmora\n|\n|upkeep\n|turn|36\n|\n|t:|1701139353\n|move|p2a: Glimmora|Earth Power|p1a: Ferrothorn\n|-damage|p1a: Ferrothorn|0 fnt\n|faint|p1a: Ferrothorn\n|\n|upkeep\n|\n|t:|1701139354\n|switch|p1a: Volcarona|Volcarona, M|100\/100\n|turn|37\n|inactive|PizzaMan48 has 90 seconds left.\n|\n|t:|1701139365\n|move|p2a: Glimmora|Mortal Spin|p1a: Volcarona\n|-damage|p1a: Volcarona|93\/100\n|-status|p1a: Volcarona|psn\n|-status|p2a: Glimmora|brn|[from] ability: Flame Body|[of] p1a: Volcarona\n|move|p1a: Volcarona|Quiver Dance|p1a: Volcarona\n|-boost|p1a: Volcarona|spa|1\n|-boost|p1a: Volcarona|spd|1\n|-boost|p1a: Volcarona|spe|1\n|\n|-damage|p1a: Volcarona|80\/100 psn|[from] psn\n|-damage|p2a: Glimmora|40\/100 brn|[from] brn\n|upkeep\n|turn|38\n|\n|t:|1701139374\n|move|p1a: Volcarona|Giga Drain|p2a: Glimmora\n|-damage|p2a: Glimmora|0 fnt\n|-heal|p1a: Volcarona|97\/100 psn|[from] drain|[of] p2a: Glimmora\n|faint|p2a: Glimmora\n|\n|-damage|p1a: Volcarona|85\/100 psn|[from] psn\n|upkeep\n|inactive|PizzaMan48 has 90 seconds left.\n|\n|t:|1701139387\n|switch|p2a: Hydreigon|Hydreigon, F, shiny, tera:Fire|13\/100 par\n|turn|39\n|\n|t:|1701139393\n|move|p1a: Volcarona|Fiery Dance|p2a: Hydreigon\n|-resisted|p2a: Hydreigon\n|-crit|p2a: Hydreigon\n|-damage|p2a: Hydreigon|0 fnt\n|-boost|p1a: Volcarona|spa|1\n|faint|p2a: Hydreigon\n|\n|-damage|p1a: Volcarona|73\/100 psn|[from] psn\n|upkeep\n|\n|t:|1701139399\n|switch|p2a: Scizor|Scizor-Mega, F, shiny|95\/100 par\n|turn|40\n|\n|t:|1701139408\n|move|p2a: Scizor|Bullet Punch|p1a: Volcarona\n|-resisted|p1a: Volcarona\n|-damage|p1a: Volcarona|53\/100 psn\n|move|p1a: Volcarona|Fiery Dance|p2a: Scizor\n|-supereffective|p2a: Scizor\n|-damage|p2a: Scizor|0 fnt\n|-boost|p1a: Volcarona|spa|1\n|faint|p2a: Scizor\n|\n|-damage|p1a: Volcarona|41\/100 psn|[from] psn\n|upkeep\n|\n|t:|1701139411\n|switch|p2a: Maushold|Maushold-Four|14\/100\n|turn|41\n|\n|t:|1701139415\n|move|p1a: Volcarona|Fiery Dance|p2a: Maushold\n|-damage|p2a: Maushold|0 fnt\n|-boost|p1a: Volcarona|spa|1\n|faint|p2a: Maushold\n|\n|win|Deriverse\n|raw|Deriverse's rating: 1467 &rarr; <strong>1481<\/strong><br \/>(+14 for winning)\n|raw|PizzaMan48's rating: 1363 &rarr; <strong>1349<\/strong><br \/>(-14 for losing)\n","uploadtime":1701139420,"views":2,"p1id":"deriverse","p2id":"pizzaman48","formatid":"gen9nationaldex","rating":1349,"private":0,"password":""}