{"id":"gen9nationaldex-1999154789","p1":"Motochorro","p2":"enenooxx","format":"[Gen 9] National Dex","log":"|html|<div class=\"broadcast-blue\"><strong>[Gen 9] National Dex is currently suspecting Sneasler! For information on how to participate check out the <a href=\"https:\/\/www.smogon.com\/forums\/threads\/sv-national-dex-suspect-8-just-dance.3731534\/\">suspect thread<\/a>.<\/strong><\/div>\n|j|\u2606Motochorro\n|j|\u2606enenooxx\n|t:|1701039171\n|gametype|singles\n|player|p1|Motochorro|biker|1556\n|player|p2|enenooxx|beauty-gen4dp|1535\n|teamsize|p1|6\n|teamsize|p2|6\n|gen|9\n|tier|[Gen 9] National Dex\n|rated|\n|rule|HP Percentage Mod: HP is shown in percentages\n|rule|Endless Battle Clause: Forcing endless battles is banned\n|rule|OHKO Clause: OHKO moves are banned\n|rule|Evasion Clause: Evasion abilities, items, and moves are banned\n|rule|Evasion Abilities Clause: Evasion abilities are banned\n|rule|Evasion Items Clause: Evasion items are banned\n|rule|Evasion Moves Clause: Evasion moves are banned\n|rule|Species Clause: Limit one of each Pok\u00e9mon\n|rule|Sleep Clause Mod: Limit one foe put to sleep\n|clearpoke\n|poke|p1|Clodsire, F|\n|poke|p1|Gliscor, M|\n|poke|p1|Toxapex, F|\n|poke|p1|Sylveon, F|\n|poke|p1|Corviknight, M|\n|poke|p1|Tangrowth, F|\n|poke|p2|Hatterene, F|\n|poke|p2|Sinistcha|\n|poke|p2|Garchomp, F|\n|poke|p2|Zapdos-Galar|\n|poke|p2|Corviknight, F|\n|poke|p2|Tyranitar, F|\n|teampreview\n|\n|t:|1701039177\n|start\n|switch|p1a: Tangrowth|Tangrowth, F|100\/100\n|switch|p2a: Garchomp|Garchomp, F|100\/100\n|turn|1\n|\n|t:|1701039181\n|move|p2a: Garchomp|Stealth Rock|p1a: Tangrowth\n|-sidestart|p1: Motochorro|move: Stealth Rock\n|move|p1a: Tangrowth|Power Whip|p2a: Garchomp\n|-damage|p2a: Garchomp|68\/100\n|-damage|p1a: Tangrowth|88\/100|[from] ability: Rough Skin|[of] p2a: Garchomp\n|-damage|p1a: Tangrowth|71\/100|[from] item: Rocky Helmet|[of] p2a: Garchomp\n|\n|upkeep\n|turn|2\n|\n|t:|1701039187\n|move|p2a: Garchomp|Spikes|p1a: Tangrowth\n|-sidestart|p1: Motochorro|Spikes\n|move|p1a: Tangrowth|Leech Seed|p2a: Garchomp\n|-start|p2a: Garchomp|move: Leech Seed\n|\n|-damage|p2a: Garchomp|56\/100|[from] Leech Seed|[of] p1a: Tangrowth\n|-heal|p1a: Tangrowth|84\/100|[silent]\n|upkeep\n|turn|3\n|\n|t:|1701039191\n|switch|p1a: Corviknight|Corviknight, M|100\/100\n|-damage|p1a: Corviknight|88\/100|[from] Stealth Rock\n|-ability|p1a: Corviknight|Pressure\n|move|p2a: Garchomp|Spikes|p1a: Corviknight\n|-sidestart|p1: Motochorro|Spikes\n|\n|-heal|p1a: Corviknight|94\/100|[from] item: Leftovers\n|-damage|p2a: Garchomp|43\/100|[from] Leech Seed|[of] p1a: Corviknight\n|-heal|p1a: Corviknight|100\/100|[silent]\n|upkeep\n|turn|4\n|\n|t:|1701039194\n|switch|p2a: Zapdos|Zapdos-Galar|100\/100\n|move|p1a: Corviknight|Defog|p2a: Zapdos\n|-unboost|p2a: Zapdos|evasion|1\n|-ability|p2a: Zapdos|Defiant|boost\n|-boost|p2a: Zapdos|atk|2\n|-sideend|p1: Motochorro|Spikes|[from] move: Defog|[of] p1a: Corviknight\n|-sideend|p1: Motochorro|Stealth Rock|[from] move: Defog|[of] p1a: Corviknight\n|\n|upkeep\n|turn|5\n|\n|t:|1701039199\n|switch|p1a: Tangrowth|Tangrowth, F|100\/100\n|move|p2a: Zapdos|Substitute|p2a: Zapdos\n|-start|p2a: Zapdos|Substitute\n|-damage|p2a: Zapdos|76\/100\n|\n|upkeep\n|turn|6\n|\n|t:|1701039207\n|move|p2a: Zapdos|Bulk Up|p2a: Zapdos\n|-boost|p2a: Zapdos|atk|1\n|-boost|p2a: Zapdos|def|1\n|move|p1a: Tangrowth|Power Whip|p2a: Zapdos\n|-resisted|p2a: Zapdos\n|-activate|p2a: Zapdos|move: Substitute|[damage]\n|\n|upkeep\n|turn|7\n|\n|t:|1701039216\n|switch|p1a: Sylveon|Sylveon, F|100\/100\n|move|p2a: Zapdos|Brave Bird|p1a: Sylveon\n|-damage|p1a: Sylveon|0 fnt\n|faint|p1a: Sylveon\n|-damage|p2a: Zapdos|35\/100|[from] Recoil\n|\n|upkeep\n|\n|t:|1701039222\n|switch|p1a: Tangrowth|Tangrowth, F|100\/100\n|turn|8\n|\n|t:|1701039224\n|-zpower|p2a: Zapdos\n|move|p2a: Zapdos|Supersonic Skystrike|p1a: Tangrowth|[zeffect]\n|-supereffective|p1a: Tangrowth\n|-damage|p1a: Tangrowth|0 fnt\n|faint|p1a: Tangrowth\n|\n|upkeep\n|\n|t:|1701039227\n|switch|p1a: Corviknight|Corviknight, M|100\/100\n|-ability|p1a: Corviknight|Pressure\n|turn|9\n|\n|t:|1701039230\n|move|p2a: Zapdos|Thunderous Kick|p1a: Corviknight\n|-damage|p1a: Corviknight|12\/100\n|-unboost|p1a: Corviknight|def|1\n|move|p1a: Corviknight|Body Slam|p2a: Zapdos\n|-end|p2a: Zapdos|Substitute\n|\n|-heal|p1a: Corviknight|18\/100|[from] item: Leftovers\n|upkeep\n|turn|10\n|\n|t:|1701039234\n|move|p2a: Zapdos|Thunderous Kick|p1a: Corviknight\n|-damage|p1a: Corviknight|0 fnt\n|faint|p1a: Corviknight\n|\n|upkeep\n|\n|t:|1701039241\n|switch|p1a: Toxapex|Toxapex, F|100\/100\n|turn|11\n|\n|t:|1701039244\n|move|p2a: Zapdos|Brave Bird|p1a: Toxapex\n|-damage|p1a: Toxapex|6\/100\n|-damage|p2a: Zapdos|5\/100|[from] Recoil\n|move|p1a: Toxapex|Scald|p2a: Zapdos\n|-damage|p2a: Zapdos|0 fnt\n|faint|p2a: Zapdos\n|\n|-heal|p1a: Toxapex|12\/100|[from] item: Leftovers\n|upkeep\n|\n|t:|1701039251\n|switch|p2a: Tyranitar|Tyranitar, F|100\/100\n|-weather|Sandstorm|[from] ability: Sand Stream|[of] p2a: Tyranitar\n|turn|12\n|\n|t:|1701039253\n|switch|p1a: Gliscor|Gliscor, M|100\/100\n|detailschange|p2a: Tyranitar|Tyranitar-Mega, F\n|-mega|p2a: Tyranitar|Tyranitar|Tyranitarite\n|move|p2a: Tyranitar|Knock Off|p1a: Gliscor\n|-damage|p1a: Gliscor|61\/100\n|-enditem|p1a: Gliscor|Toxic Orb|[from] move: Knock Off|[of] p2a: Tyranitar\n|\n|-weather|Sandstorm|[upkeep]\n|upkeep\n|turn|13\n|\n|t:|1701039257\n|move|p1a: Gliscor|Swords Dance|p1a: Gliscor\n|-boost|p1a: Gliscor|atk|2\n|move|p2a: Tyranitar|Dragon Dance|p2a: Tyranitar\n|-boost|p2a: Tyranitar|atk|1\n|-boost|p2a: Tyranitar|spe|1\n|\n|-weather|Sandstorm|[upkeep]\n|upkeep\n|turn|14\n|\n|t:|1701039260\n|move|p2a: Tyranitar|Ice Punch|p1a: Gliscor\n|-supereffective|p1a: Gliscor\n|-damage|p1a: Gliscor|0 fnt\n|faint|p1a: Gliscor\n|\n|-weather|Sandstorm|[upkeep]\n|upkeep\n|\n|t:|1701039262\n|switch|p1a: Clodsire|Clodsire, F|100\/100\n|turn|15\n|\n|t:|1701039266\n|switch|p2a: Garchomp|Garchomp, F|43\/100\n|move|p1a: Clodsire|Toxic|p2a: Garchomp\n|-status|p2a: Garchomp|tox\n|\n|-weather|Sandstorm|[upkeep]\n|-damage|p2a: Garchomp|37\/100 tox|[from] psn\n|upkeep\n|turn|16\n|j| NicksRokaya\n|\n|t:|1701039269\n|switch|p1a: Toxapex|Toxapex, F|45\/100\n|move|p2a: Garchomp|Stealth Rock|p1a: Toxapex\n|-sidestart|p1: Motochorro|move: Stealth Rock\n|\n|-weather|none\n|-heal|p1a: Toxapex|51\/100|[from] item: Leftovers\n|-damage|p2a: Garchomp|25\/100 tox|[from] psn\n|upkeep\n|turn|17\n|\n|t:|1701039272\n|move|p2a: Garchomp|Earthquake|p1a: Toxapex\n|-supereffective|p1a: Toxapex\n|-damage|p1a: Toxapex|0 fnt\n|faint|p1a: Toxapex\n|\n|-damage|p2a: Garchomp|6\/100 tox|[from] psn\n|upkeep\n|\n|t:|1701039275\n|switch|p1a: Clodsire|Clodsire, F|100\/100\n|-damage|p1a: Clodsire|94\/100|[from] Stealth Rock\n|turn|18\n|\n|t:|1701039277\n|move|p2a: Garchomp|Earthquake|p1a: Clodsire\n|-supereffective|p1a: Clodsire\n|-damage|p1a: Clodsire|1\/100\n|move|p1a: Clodsire|Recover|p1a: Clodsire\n|-heal|p1a: Clodsire|51\/100\n|\n|-heal|p1a: Clodsire|57\/100|[from] item: Leftovers\n|-damage|p2a: Garchomp|0 fnt|[from] psn\n|faint|p2a: Garchomp\n|upkeep\n|\n|t:|1701039283\n|switch|p2a: Tyranitar|Tyranitar-Mega, F|100\/100\n|-weather|Sandstorm|[from] ability: Sand Stream|[of] p2a: Tyranitar\n|turn|19\n|\n|t:|1701039286\n|move|p2a: Tyranitar|Knock Off|p1a: Clodsire\n|-damage|p1a: Clodsire|0 fnt\n|-enditem|p1a: Clodsire|Leftovers|[from] move: Knock Off|[of] p2a: Tyranitar\n|faint|p1a: Clodsire\n|\n|win|enenooxx\n|raw|Motochorro's rating: 1556 &rarr; <strong>1535<\/strong><br \/>(-21 for losing)\n|raw|enenooxx's rating: 1535 &rarr; <strong>1556<\/strong><br \/>(+21 for winning)\n|l|\u2606Motochorro\n","uploadtime":1701039295,"views":1,"p1id":"motochorro","p2id":"enenooxx","formatid":"gen9nationaldex","rating":1535,"private":0,"password":""}