{"id":"gen9nationaldex-1992749037","p1":"kardigan","p2":"angzilovefansher","format":"[Gen 9] National Dex","log":"|j|\u203dkardigan\n|j|\u2606angzilovefansher\n|t:|1700231904\n|gametype|singles\n|player|p1|kardigan|preschooler|1310\n|player|p2|angzilovefansher|norman|1332\n|teamsize|p1|6\n|teamsize|p2|6\n|gen|9\n|tier|[Gen 9] National Dex\n|rated|\n|rule|HP Percentage Mod: HP is shown in percentages\n|rule|Endless Battle Clause: Forcing endless battles is banned\n|rule|OHKO Clause: OHKO moves are banned\n|rule|Evasion Clause: Evasion abilities, items, and moves are banned\n|rule|Evasion Abilities Clause: Evasion abilities are banned\n|rule|Evasion Items Clause: Evasion items are banned\n|rule|Evasion Moves Clause: Evasion moves are banned\n|rule|Species Clause: Limit one of each Pok\u00e9mon\n|rule|Sleep Clause Mod: Limit one foe put to sleep\n|clearpoke\n|poke|p1|Charizard, M|\n|poke|p1|Thundurus, M|\n|poke|p1|Barraskewda, F|\n|poke|p1|Iron Valiant|\n|poke|p1|Espeon, M|\n|poke|p1|Florges, F|\n|poke|p2|Ursaluna, M|\n|poke|p2|Porygon2|\n|poke|p2|Exploud, F|\n|poke|p2|Ditto|\n|poke|p2|Audino, M|\n|poke|p2|Cinccino, F|\n|teampreview\n|inactive|Battle timer is ON: inactive players will automatically lose when time's up. (requested by kardigan)\n|\n|t:|1700231918\n|start\n|switch|p1a: Thundurus|Thundurus, M, shiny|100\/100\n|switch|p2a: Porygon2|Porygon2|100\/100\n|-ability|p2a: Porygon2|Prankster|[from] ability: Trace|[of] p1a: Thundurus\n|turn|1\n|\n|t:|1700231947\n|move|p2a: Porygon2|Magic Coat|p2a: Porygon2\n|-singleturn|p2a: Porygon2|move: Magic Coat\n|move|p1a: Thundurus|Thunder Wave|p2a: Porygon2\n|move|p2a: Porygon2|Thunder Wave|p1a: Thundurus|[from]Magic Coat\n|-immune|p1a: Thundurus\n|\n|upkeep\n|turn|2\n|\n|t:|1700231975\n|switch|p2a: Ursaluna|Ursaluna, M|100\/100\n|move|p1a: Thundurus|Volt Switch|p2a: Ursaluna\n|-immune|p2a: Ursaluna\n|\n|-status|p2a: Ursaluna|brn|[from] item: Flame Orb\n|upkeep\n|turn|3\n|\n|t:|1700231985\n|-terastallize|p1a: Thundurus|Grass\n|move|p1a: Thundurus|Grass Knot|p2a: Ursaluna\n|-supereffective|p2a: Ursaluna\n|-damage|p2a: Ursaluna|0 fnt\n|faint|p2a: Ursaluna\n|\n|upkeep\n|\n|t:|1700231992\n|switch|p2a: Cinccino|Cinccino, F|100\/100\n|turn|4\n|\n|t:|1700232005\n|-terastallize|p2a: Cinccino|Dark\n|move|p1a: Thundurus|Thunder Wave|p2a: Cinccino\n|-hint|Since gen 7, Dark is immune to Prankster moves.\n|-immune|p2a: Cinccino\n|move|p2a: Cinccino|Tail Slap|p1a: Thundurus\n|-damage|p1a: Thundurus|74\/100\n|-damage|p1a: Thundurus|52\/100\n|-damage|p1a: Thundurus|27\/100\n|-damage|p1a: Thundurus|2\/100\n|-damage|p1a: Thundurus|0 fnt\n|faint|p1a: Thundurus\n|-hitcount|p1: Thundurus|5\n|\n|upkeep\n|\n|t:|1700232008\n|switch|p1a: Iron Valiant|Iron Valiant|100\/100\n|-enditem|p1a: Iron Valiant|Booster Energy\n|-activate|p1a: Iron Valiant|ability: Quark Drive|[fromitem]\n|-start|p1a: Iron Valiant|quarkdrivespe\n|turn|5\n|\n|t:|1700232014\n|switch|p2a: Ditto|Ditto|100\/100\n|-transform|p2a: Ditto|p1a: Iron Valiant|[from] ability: Imposter\n|move|p1a: Iron Valiant|Spirit Break|p2a: Ditto\n|-supereffective|p2a: Ditto\n|-damage|p2a: Ditto|8\/100\n|-unboost|p2a: Ditto|spa|1\n|-enditem|p2a: Ditto|Red Card|[of] p1a: Iron Valiant\n|-end|p1a: Iron Valiant|Quark Drive|[silent]\n|drag|p1a: Charizard|Charizard, M, shiny|100\/100\n|\n|upkeep\n|turn|6\n|\n|t:|1700232027\n|detailschange|p1a: Charizard|Charizard-Mega-X, M, shiny\n|-mega|p1a: Charizard|Charizard|Charizardite X\n|move|p2a: Ditto|Spirit Break|p1a: Charizard\n|-crit|p1a: Charizard\n|-damage|p1a: Charizard|42\/100\n|-unboost|p1a: Charizard|spa|1\n|move|p1a: Charizard|Earthquake|p2a: Ditto\n|-damage|p2a: Ditto|0 fnt\n|faint|p2a: Ditto\n|-end|p2a: Ditto|Quark Drive|[silent]\n|\n|upkeep\n|\n|t:|1700232033\n|switch|p2a: Cinccino|Cinccino, F, tera:Dark|100\/100\n|turn|7\n|\n|t:|1700232039\n|move|p2a: Cinccino|Tail Slap|p1a: Charizard\n|-damage|p1a: Charizard|26\/100\n|-damage|p1a: Charizard|9\/100\n|-damage|p1a: Charizard|0 fnt\n|faint|p1a: Charizard\n|-hitcount|p1: Charizard|3\n|\n|upkeep\n|\n|t:|1700232043\n|switch|p1a: Iron Valiant|Iron Valiant|100\/100\n|turn|8\n|\n|t:|1700232047\n|switch|p2a: Porygon2|Porygon2|100\/100\n|move|p1a: Iron Valiant|Spirit Break|p2a: Porygon2\n|-damage|p2a: Porygon2|81\/100\n|-unboost|p2a: Porygon2|spa|1\n|\n|upkeep\n|turn|9\n|\n|t:|1700232051\n|move|p1a: Iron Valiant|Close Combat|p2a: Porygon2\n|-supereffective|p2a: Porygon2\n|-damage|p2a: Porygon2|23\/100\n|-unboost|p1a: Iron Valiant|def|1\n|-unboost|p1a: Iron Valiant|spd|1\n|move|p2a: Porygon2|Trick Room|p2a: Porygon2\n|-fieldstart|move: Trick Room|[of] p2a: Porygon2\n|\n|upkeep\n|turn|10\n|\n|t:|1700232056\n|-end|p1a: Iron Valiant|Quark Drive|[silent]\n|switch|p1a: Florges|Florges, F, shiny|100\/100\n|-ability|p2a: Porygon2|Flower Veil|[from] ability: Trace|[of] p1a: Florges\n|move|p2a: Porygon2|Teleport|p2a: Porygon2\n|\n|t:|1700232060\n|switch|p2a: Exploud|Exploud, F|100\/100|[from] Teleport\n|\n|upkeep\n|turn|11\n|\n|t:|1700232063\n|move|p2a: Exploud|Boomburst|p1a: Florges\n|-damage|p1a: Florges|45\/100\n|move|p1a: Florges|Toxic|p2a: Exploud\n|-status|p2a: Exploud|tox\n|\n|-heal|p1a: Florges|51\/100|[from] item: Leftovers\n|-damage|p2a: Exploud|94\/100 tox|[from] psn\n|upkeep\n|turn|12\n|\n|t:|1700232069\n|move|p2a: Exploud|Boomburst|p1a: Florges\n|-damage|p1a: Florges|0 fnt\n|faint|p1a: Florges\n|\n|-damage|p2a: Exploud|82\/100 tox|[from] psn\n|upkeep\n|\n|t:|1700232073\n|switch|p1a: Iron Valiant|Iron Valiant|100\/100\n|turn|13\n|\n|t:|1700232096\n|-end|p1a: Iron Valiant|Quark Drive|[silent]\n|switch|p1a: Barraskewda|Barraskewda, F, shiny|100\/100\n|move|p2a: Exploud|Boomburst|p1a: Barraskewda\n|-damage|p1a: Barraskewda|0 fnt\n|faint|p1a: Barraskewda\n|\n|-damage|p2a: Exploud|64\/100 tox|[from] psn\n|-fieldend|move: Trick Room\n|upkeep\n|\n|t:|1700232097\n|switch|p1a: Iron Valiant|Iron Valiant|100\/100\n|turn|14\n|\n|t:|1700232126\n|switch|p2a: Porygon2|Porygon2|23\/100\n|move|p1a: Iron Valiant|Close Combat|p2a: Porygon2\n|-supereffective|p2a: Porygon2\n|-damage|p2a: Porygon2|0 fnt\n|-unboost|p1a: Iron Valiant|def|1\n|-unboost|p1a: Iron Valiant|spd|1\n|faint|p2a: Porygon2\n|\n|upkeep\n|\n|t:|1700232130\n|switch|p2a: Audino|Audino, M|100\/100\n|turn|15\n|\n|t:|1700232141\n|-end|p1a: Iron Valiant|Quark Drive|[silent]\n|switch|p1a: Espeon|Espeon, M, shiny|100\/100\n|detailschange|p2a: Audino|Audino-Mega, M\n|-mega|p2a: Audino|Audino|Audinite\n|move|p2a: Audino|Trick Room|p2a: Audino\n|-fieldstart|move: Trick Room|[of] p2a: Audino\n|\n|upkeep\n|turn|16\n|\n|t:|1700232150\n|move|p2a: Audino|Light Screen|p2a: Audino\n|-sidestart|p2: angzilovefansher|move: Light Screen\n|move|p1a: Espeon|Psychic|p2a: Audino\n|-damage|p2a: Audino|81\/100\n|\n|upkeep\n|turn|17\n|\n|t:|1700232153\n|move|p2a: Audino|Healing Wish|p2a: Audino\n|faint|p2a: Audino\n|move|p1a: Espeon|Psychic|p2: Audino|[notarget]\n|-fail|p1a: Espeon\n|\n|upkeep\n|\n|t:|1700232155\n|switch|p2a: Exploud|Exploud, F|64\/100 tox\n|-heal|p2a: Exploud|100\/100|[from] move: Healing Wish\n|turn|18\n|\n|t:|1700232158\n|move|p2a: Exploud|Boomburst|p1a: Espeon\n|-damage|p1a: Espeon|0 fnt\n|faint|p1a: Espeon\n|\n|upkeep\n|\n|t:|1700232161\n|switch|p1a: Iron Valiant|Iron Valiant|100\/100\n|turn|19\n|\n|t:|1700232164\n|move|p2a: Exploud|Boomburst|p1a: Iron Valiant\n|-damage|p1a: Iron Valiant|0 fnt\n|faint|p1a: Iron Valiant\n|-end|p1a: Iron Valiant|Quark Drive|[silent]\n|\n|win|angzilovefansher\n|raw|kardigan's rating: 1287 &rarr; <strong>1265<\/strong><br \/>(-22 for losing)\n|raw|angzilovefansher's rating: 1332 &rarr; <strong>1349<\/strong><br \/>(+17 for winning)\n","uploadtime":1700232168,"views":9,"p1id":"kardigan","p2id":"angzilovefansher","formatid":"gen9nationaldex","rating":1265,"private":0,"password":""}