{"id":"gen9nationaldex-1994564527","p1":"RunningPoet","p2":"Baldbaldbaldbald","format":"[Gen 9] National Dex","log":"|html|<div class=\"broadcast-blue\"><strong>[Gen 9] National Dex is currently suspecting Sneasler! For information on how to participate check out the <a href=\"https:\/\/www.smogon.com\/forums\/threads\/sv-national-dex-suspect-8-just-dance.3731534\/\">suspect thread<\/a>.<\/strong><\/div>\n|j|\u2606RunningPoet\n|j|\u2606Baldbaldbaldbald\n|t:|1700460679\n|gametype|singles\n|player|p1|RunningPoet|102|1129\n|player|p2|Baldbaldbaldbald|lucas|1074\n|teamsize|p1|6\n|teamsize|p2|6\n|gen|9\n|tier|[Gen 9] National Dex\n|rated|\n|rule|HP Percentage Mod: HP is shown in percentages\n|rule|Endless Battle Clause: Forcing endless battles is banned\n|rule|OHKO Clause: OHKO moves are banned\n|rule|Evasion Clause: Evasion abilities, items, and moves are banned\n|rule|Evasion Abilities Clause: Evasion abilities are banned\n|rule|Evasion Items Clause: Evasion items are banned\n|rule|Evasion Moves Clause: Evasion moves are banned\n|rule|Species Clause: Limit one of each Pok\u00e9mon\n|rule|Sleep Clause Mod: Limit one foe put to sleep\n|clearpoke\n|poke|p1|Garchomp, M|\n|poke|p1|Banette, F|\n|poke|p1|Chesnaught, M|\n|poke|p1|Latios, M|\n|poke|p1|Great Tusk|\n|poke|p1|Urshifu-*, M|\n|poke|p2|Whimsicott, M|\n|poke|p2|Crawdaunt, F|\n|poke|p2|Pelipper, M|\n|poke|p2|Swampert, M|\n|poke|p2|Barraskewda, F|\n|poke|p2|Slowking, M|\n|teampreview\n|inactive|Battle timer is ON: inactive players will automatically lose when time's up. (requested by Baldbaldbaldbald)\n|inactive|RunningPoet also wants the timer to be on.\n|\n|t:|1700460700\n|start\n|switch|p1a: Banette|Banette, F|100\/100\n|switch|p2a: Pelipper|Pelipper, M|100\/100\n|-item|p2a: Pelipper|Damp Rock|[from] ability: Frisk|[of] p1a: Banette|[identify]\n|-weather|RainDance|[from] ability: Drizzle|[of] p2a: Pelipper\n|turn|1\n|\n|t:|1700460705\n|detailschange|p1a: Banette|Banette-Mega, F\n|-mega|p1a: Banette|Banette|Banettite\n|move|p1a: Banette|Taunt|p2a: Pelipper\n|-start|p2a: Pelipper|move: Taunt\n|move|p2a: Pelipper|U-turn|p1a: Banette\n|-resisted|p1a: Banette\n|-damage|p1a: Banette|94\/100\n|\n|t:|1700460710\n|switch|p2a: Swampert|Swampert, M|100\/100|[from] U-turn\n|\n|-weather|RainDance|[upkeep]\n|upkeep\n|turn|2\n|\n|t:|1700460715\n|detailschange|p2a: Swampert|Swampert-Mega, M\n|-mega|p2a: Swampert|Swampert|Swampertite\n|move|p1a: Banette|Destiny Bond|p1a: Banette\n|-singlemove|p1a: Banette|Destiny Bond\n|move|p2a: Swampert|Waterfall|p1a: Banette\n|-damage|p1a: Banette|2\/100\n|\n|-weather|RainDance|[upkeep]\n|upkeep\n|turn|3\n|\n|t:|1700460726\n|move|p2a: Swampert|Waterfall|p1a: Banette\n|-damage|p1a: Banette|0 fnt\n|faint|p1a: Banette\n|-activate|p1a: Banette|move: Destiny Bond\n|faint|p2a: Swampert\n|\n|-weather|RainDance|[upkeep]\n|upkeep\n|\n|t:|1700460748\n|switch|p2a: Barraskewda|Barraskewda, F|100\/100\n|switch|p1a: Urshifu|Urshifu-Rapid-Strike, M|100\/100\n|turn|4\n|\n|t:|1700460757\n|move|p2a: Barraskewda|Flip Turn|p1a: Urshifu\n|-resisted|p1a: Urshifu\n|-damage|p1a: Urshifu|64\/100\n|\n|t:|1700460759\n|switch|p2a: Slowking|Slowking, M|100\/100|[from] Flip Turn\n|move|p1a: Urshifu|Trailblaze|p2a: Slowking\n|-supereffective|p2a: Slowking\n|-damage|p2a: Slowking|62\/100\n|-boost|p1a: Urshifu|spe|1\n|\n|-weather|RainDance|[upkeep]\n|-heal|p2a: Slowking|68\/100|[from] item: Leftovers\n|upkeep\n|turn|5\n|\n|t:|1700460770\n|move|p1a: Urshifu|Trailblaze|p2a: Slowking\n|-supereffective|p2a: Slowking\n|-damage|p2a: Slowking|32\/100\n|-boost|p1a: Urshifu|spe|1\n|move|p2a: Slowking|Yawn|p1a: Urshifu\n|-start|p1a: Urshifu|move: Yawn|[of] p2a: Slowking\n|\n|-weather|RainDance|[upkeep]\n|-heal|p2a: Slowking|39\/100|[from] item: Leftovers\n|upkeep\n|turn|6\n|\n|t:|1700460793\n|switch|p1a: Chesnaught|Chesnaught, M|100\/100\n|move|p2a: Slowking|Teleport|p2a: Slowking\n|\n|t:|1700460800\n|switch|p2a: Whimsicott|Whimsicott, M|100\/100|[from] Teleport\n|\n|-weather|RainDance|[upkeep]\n|upkeep\n|turn|7\n|\n|t:|1700460814\n|switch|p1a: Great Tusk|Great Tusk|100\/100\n|move|p2a: Whimsicott|Tailwind|p2a: Whimsicott\n|-sidestart|p2: Baldbaldbaldbald|move: Tailwind\n|\n|-weather|RainDance|[upkeep]\n|upkeep\n|turn|8\n|\n|t:|1700460824\n|switch|p2a: Pelipper|Pelipper, M|100\/100\n|move|p1a: Great Tusk|Stealth Rock|p2a: Pelipper\n|-sidestart|p2: Baldbaldbaldbald|move: Stealth Rock\n|\n|-weather|none\n|upkeep\n|turn|9\n|\n|t:|1700460833\n|move|p2a: Pelipper|U-turn|p1a: Great Tusk\n|-resisted|p1a: Great Tusk\n|-damage|p1a: Great Tusk|98\/100\n|\n|t:|1700460836\n|switch|p2a: Crawdaunt|Crawdaunt, F|100\/100|[from] U-turn\n|-damage|p2a: Crawdaunt|88\/100|[from] Stealth Rock\n|move|p1a: Great Tusk|Body Press|p2a: Crawdaunt\n|-supereffective|p2a: Crawdaunt\n|-damage|p2a: Crawdaunt|0 fnt\n|faint|p2a: Crawdaunt\n|\n|upkeep\n|l|\u2606Baldbaldbaldbald\n|inactive|Baldbaldbaldbald disconnected and has a minute to reconnect!\n|player|p2|\n|inactive|Baldbaldbaldbald has 30 seconds to reconnect!\n|inactive|Baldbaldbaldbald has 20 seconds to reconnect!\n|inactive|Baldbaldbaldbald has 15 seconds to reconnect!\n|inactive|Baldbaldbaldbald has 10 seconds to reconnect!\n|inactive|Baldbaldbaldbald has 5 seconds to reconnect!\n|-message|Baldbaldbaldbald lost due to inactivity.\n|\n|win|RunningPoet\n|raw|RunningPoet's rating: 1129 &rarr; <strong>1150<\/strong><br \/>(+21 for winning)\n|raw|Baldbaldbaldbald's rating: 1074 &rarr; <strong>1056<\/strong><br \/>(-18 for losing)\n","uploadtime":1700460906,"views":5,"p1id":"runningpoet","p2id":"baldbaldbaldbald","formatid":"gen9nationaldex","rating":1056,"private":0,"password":""}