{"id":"gen9nationaldex-1994223723","p1":"Nigelious","p2":"Enigmanomaly","format":"[Gen 9] National Dex","log":"|j|\u2606Nigelious\n|j|\u2606Enigmanomaly\n|t:|1700420691\n|gametype|singles\n|player|p1|Nigelious|will|1117\n|player|p2|Enigmanomaly|fisherman-gen4|1223\n|teamsize|p1|6\n|teamsize|p2|6\n|gen|9\n|tier|[Gen 9] National Dex\n|rated|\n|rule|HP Percentage Mod: HP is shown in percentages\n|rule|Endless Battle Clause: Forcing endless battles is banned\n|rule|OHKO Clause: OHKO moves are banned\n|rule|Evasion Clause: Evasion abilities, items, and moves are banned\n|rule|Evasion Abilities Clause: Evasion abilities are banned\n|rule|Evasion Items Clause: Evasion items are banned\n|rule|Evasion Moves Clause: Evasion moves are banned\n|rule|Species Clause: Limit one of each Pok\u00e9mon\n|rule|Sleep Clause Mod: Limit one foe put to sleep\n|clearpoke\n|poke|p1|Samurott-Hisui, M|\n|poke|p1|Delphox, M|\n|poke|p1|Corviknight, M|\n|poke|p1|Garchomp, F|\n|poke|p1|Breloom, F|\n|poke|p1|Galvantula, F|\n|poke|p2|Veluza, F|\n|poke|p2|Barraskewda, M|\n|poke|p2|Basculegion, M|\n|poke|p2|Bruxish, F|\n|poke|p2|Wishiwashi, M|\n|poke|p2|Relicanth, F|\n|teampreview\n|\n|t:|1700420703\n|start\n|switch|p1a: Vespino|Corviknight, M|100\/100\n|switch|p2a: Relicanth|Relicanth, F|100\/100\n|turn|1\n|\n|t:|1700420718\n|switch|p1a: Truffle|Breloom, F|100\/100\n|move|p2a: Relicanth|Stealth Rock|p1a: Truffle\n|-sidestart|p1: Nigelious|move: Stealth Rock\n|\n|-status|p1a: Truffle|tox|[from] item: Toxic Orb\n|upkeep\n|turn|2\n|\n|t:|1700420727\n|move|p1a: Truffle|Mach Punch|p2a: Relicanth\n|-supereffective|p2a: Relicanth\n|-damage|p2a: Relicanth|79\/100\n|move|p2a: Relicanth|Head Smash|p1a: Truffle\n|-resisted|p1a: Truffle\n|-damage|p1a: Truffle|61\/100 tox\n|\n|-heal|p1a: Truffle|73\/100 tox|[from] ability: Poison Heal\n|upkeep\n|turn|3\n|\n|t:|1700420736\n|move|p1a: Truffle|Seed Bomb|p2a: Relicanth\n|-supereffective|p2a: Relicanth\n|-damage|p2a: Relicanth|0 fnt\n|faint|p2a: Relicanth\n|\n|-heal|p1a: Truffle|86\/100 tox|[from] ability: Poison Heal\n|upkeep\n|\n|t:|1700420741\n|switch|p2a: Veluza|Veluza, F|100\/100\n|turn|4\n|\n|t:|1700420755\n|-terastallize|p1a: Truffle|Normal\n|move|p2a: Veluza|Psycho Cut|p1a: Truffle\n|-crit|p1a: Truffle\n|-damage|p1a: Truffle|0 fnt\n|faint|p1a: Truffle\n|\n|upkeep\n|\n|t:|1700420775\n|switch|p1a: Vespino|Corviknight, M|100\/100\n|-damage|p1a: Vespino|88\/100|[from] Stealth Rock\n|turn|5\n|\n|t:|1700420779\n|move|p2a: Veluza|Agility|p2a: Veluza\n|-boost|p2a: Veluza|spe|2\n|move|p1a: Vespino|Defog|p2a: Veluza\n|-unboost|p2a: Veluza|evasion|1\n|-sideend|p1: Nigelious|Stealth Rock|[from] move: Defog|[of] p1a: Vespino\n|\n|-heal|p1a: Vespino|94\/100|[from] item: Leftovers\n|upkeep\n|turn|6\n|\n|t:|1700420787\n|move|p2a: Veluza|Aqua Cutter|p1a: Vespino\n|-crit|p1a: Vespino\n|-damage|p1a: Vespino|51\/100\n|move|p1a: Vespino|Body Press|p2a: Veluza\n|-resisted|p2a: Veluza\n|-damage|p2a: Veluza|82\/100\n|\n|-heal|p1a: Vespino|57\/100|[from] item: Leftovers\n|upkeep\n|turn|7\n|\n|t:|1700420796\n|move|p2a: Veluza|Aqua Cutter|p1a: Vespino\n|-damage|p1a: Vespino|28\/100\n|move|p1a: Vespino|Body Press|p2a: Veluza\n|-resisted|p2a: Veluza\n|-damage|p2a: Veluza|64\/100\n|\n|-heal|p1a: Vespino|34\/100|[from] item: Leftovers\n|upkeep\n|turn|8\n|\n|t:|1700420804\n|move|p2a: Veluza|Aqua Cutter|p1a: Vespino\n|-damage|p1a: Vespino|3\/100\n|move|p1a: Vespino|Roost|p1a: Vespino\n|-heal|p1a: Vespino|53\/100\n|-singleturn|p1a: Vespino|move: Roost\n|\n|-heal|p1a: Vespino|59\/100|[from] item: Leftovers\n|upkeep\n|turn|9\n|\n|t:|1700420816\n|switch|p1a: Ryoma|Samurott-Hisui, M, shiny|100\/100\n|move|p2a: Veluza|Aqua Cutter|p1a: Ryoma\n|-resisted|p1a: Ryoma\n|-crit|p1a: Ryoma\n|-damage|p1a: Ryoma|48\/100\n|\n|upkeep\n|turn|10\n|\n|t:|1700420824\n|move|p2a: Veluza|Aqua Cutter|p1a: Ryoma\n|-resisted|p1a: Ryoma\n|-crit|p1a: Ryoma\n|-damage|p1a: Ryoma|3\/100\n|move|p1a: Ryoma|Ceaseless Edge|p2a: Veluza\n|-supereffective|p2a: Veluza\n|-damage|p2a: Veluza|0 fnt\n|-sidestart|p2: Enigmanomaly|Spikes\n|faint|p2a: Veluza\n|\n|upkeep\n|\n|t:|1700420831\n|switch|p2a: Bruxish|Bruxish, F|100\/100\n|-damage|p2a: Bruxish|88\/100|[from] Spikes\n|turn|11\n|\n|t:|1700420840\n|move|p2a: Bruxish|Liquidation|p1a: Ryoma\n|-resisted|p1a: Ryoma\n|-damage|p1a: Ryoma|0 fnt\n|faint|p1a: Ryoma\n|\n|upkeep\n|\n|t:|1700420845\n|switch|p1a: Calder|Galvantula, F|100\/100\n|turn|12\n|\n|t:|1700420848\n|move|p1a: Calder|Thunder|p2a: Bruxish\n|-supereffective|p2a: Bruxish\n|-damage|p2a: Bruxish|0 fnt\n|faint|p2a: Bruxish\n|-damage|p1a: Calder|91\/100|[from] item: Life Orb\n|\n|upkeep\n|\n|t:|1700420850\n|switch|p2a: Wishiwashi|Wishiwashi, M|100\/100\n|-damage|p2a: Wishiwashi|88\/100|[from] Spikes\n|-formechange|p2a: Wishiwashi|Wishiwashi-School||[from] ability: Schooling\n|turn|13\n|\n|t:|1700420861\n|move|p1a: Calder|Thunder|p2a: Wishiwashi\n|-supereffective|p2a: Wishiwashi\n|-damage|p2a: Wishiwashi|13\/100\n|-damage|p1a: Calder|81\/100|[from] item: Life Orb\n|move|p2a: Wishiwashi|Liquidation|p1a: Calder\n|-damage|p1a: Calder|0 fnt\n|faint|p1a: Calder\n|\n|-formechange|p2a: Wishiwashi|Wishiwashi||[from] ability: Schooling\n|upkeep\n|\n|t:|1700420876\n|switch|p1a: Vespino|Corviknight, M|59\/100\n|turn|14\n|\n|t:|1700420880\n|move|p1a: Vespino|Body Press|p2a: Wishiwashi\n|-damage|p2a: Wishiwashi|0 fnt\n|faint|p2a: Wishiwashi\n|\n|-heal|p1a: Vespino|65\/100|[from] item: Leftovers\n|upkeep\n|\n|t:|1700420883\n|switch|p2a: Basculegion|Basculegion, M|100\/100\n|-damage|p2a: Basculegion|88\/100|[from] Spikes\n|turn|15\n|\n|t:|1700420895\n|move|p2a: Basculegion|Liquidation|p1a: Vespino\n|-damage|p1a: Vespino|20\/100\n|-damage|p2a: Basculegion|78\/100|[from] item: Life Orb\n|move|p1a: Vespino|Tailwind|p1a: Vespino\n|-sidestart|p1: Nigelious|move: Tailwind\n|\n|-heal|p1a: Vespino|26\/100|[from] item: Leftovers\n|upkeep\n|turn|16\n|\n|t:|1700420916\n|move|p1a: Vespino|Tailwind||[still]\n|-fail|p1a: Vespino\n|move|p2a: Basculegion|Phantom Force||[still]\n|-prepare|p2a: Basculegion|Phantom Force\n|\n|-heal|p1a: Vespino|32\/100|[from] item: Leftovers\n|upkeep\n|turn|17\n|\n|t:|1700420922\n|move|p1a: Vespino|Roost|p1a: Vespino\n|-heal|p1a: Vespino|82\/100\n|-singleturn|p1a: Vespino|move: Roost\n|move|p2a: Basculegion|Phantom Force|p1a: Vespino|[from]lockedmove\n|-damage|p1a: Vespino|36\/100\n|-damage|p2a: Basculegion|68\/100|[from] item: Life Orb\n|\n|-heal|p1a: Vespino|42\/100|[from] item: Leftovers\n|upkeep\n|turn|18\n|\n|t:|1700420940\n|move|p1a: Vespino|Roost|p1a: Vespino\n|-heal|p1a: Vespino|92\/100\n|-singleturn|p1a: Vespino|move: Roost\n|move|p2a: Basculegion|Liquidation|p1a: Vespino\n|-damage|p1a: Vespino|42\/100\n|-damage|p2a: Basculegion|58\/100|[from] item: Life Orb\n|\n|-heal|p1a: Vespino|48\/100|[from] item: Leftovers\n|-sideend|p1: Nigelious|move: Tailwind\n|upkeep\n|turn|19\n|\n|t:|1700420951\n|move|p2a: Basculegion|Liquidation|p1a: Vespino\n|-damage|p1a: Vespino|2\/100\n|-damage|p2a: Basculegion|48\/100|[from] item: Life Orb\n|move|p1a: Vespino|Tailwind|p1a: Vespino\n|-sidestart|p1: Nigelious|move: Tailwind\n|\n|-heal|p1a: Vespino|8\/100|[from] item: Leftovers\n|upkeep\n|turn|20\n|\n|t:|1700420959\n|move|p2a: Basculegion|Aqua Jet|p1a: Vespino\n|-damage|p1a: Vespino|0 fnt\n|faint|p1a: Vespino\n|-damage|p2a: Basculegion|39\/100|[from] item: Life Orb\n|\n|upkeep\n|\n|t:|1700420966\n|switch|p1a: Kin|Delphox, M|100\/100\n|turn|21\n|\n|t:|1700420975\n|-terastallize|p2a: Basculegion|Water\n|move|p2a: Basculegion|Aqua Jet|p1a: Kin\n|-supereffective|p1a: Kin\n|-damage|p1a: Kin|0 fnt\n|faint|p1a: Kin\n|-damage|p2a: Basculegion|29\/100|[from] item: Life Orb\n|\n|upkeep\n|\n|t:|1700420983\n|switch|p1a: Azure|Garchomp, F, shiny|100\/100\n|turn|22\n|\n|t:|1700420986\n|move|p2a: Basculegion|Aqua Jet|p1a: Azure\n|-damage|p1a: Azure|57\/100\n|-damage|p2a: Basculegion|16\/100|[from] ability: Rough Skin|[of] p1a: Azure\n|-damage|p2a: Basculegion|6\/100|[from] item: Life Orb\n|move|p1a: Azure|Scale Shot|p2a: Basculegion\n|-damage|p2a: Basculegion|0 fnt\n|faint|p2a: Basculegion\n|-hitcount|p2: Basculegion|1\n|-unboost|p1a: Azure|def|1\n|-boost|p1a: Azure|spe|1\n|\n|-sideend|p1: Nigelious|move: Tailwind\n|upkeep\n|\n|t:|1700420989\n|switch|p2a: Barraskewda|Barraskewda, M|100\/100\n|-damage|p2a: Barraskewda|88\/100|[from] Spikes\n|turn|23\n|\n|t:|1700421007\n|move|p1a: Azure|Scale Shot|p2a: Barraskewda\n|-damage|p2a: Barraskewda|60\/100\n|-damage|p2a: Barraskewda|33\/100\n|-hitcount|p2a: Barraskewda|2\n|-unboost|p1a: Azure|def|1\n|-boost|p1a: Azure|spe|1\n|move|p2a: Barraskewda|Liquidation|p1a: Azure\n|-damage|p1a: Azure|0 fnt\n|-damage|p2a: Barraskewda|21\/100|[from] ability: Rough Skin|[of] p1a: Azure\n|faint|p1a: Azure\n|\n|win|Enigmanomaly\n|raw|Nigelious's rating: 1117 &rarr; <strong>1099<\/strong><br \/>(-18 for losing)\n|raw|Enigmanomaly's rating: 1223 &rarr; <strong>1241<\/strong><br \/>(+18 for winning)\n|l|\u2606Enigmanomaly\n|c|\u2606Nigelious|gg\n","uploadtime":1700421028,"views":13,"p1id":"nigelious","p2id":"enigmanomaly","formatid":"gen9nationaldex","rating":1099,"private":0,"password":""}