{"id":"gen9nationaldex-1990729882","p1":"Quagmiester","p2":"quoicubaka","format":"[Gen 9] National Dex","log":"|j|\u2606Quagmiester\n|j|\u2606quoicubaka\n|t:|1699995486\n|gametype|singles\n|player|p1|Quagmiester|cynthia-gen4|1062\n|player|p2|quoicubaka|169|1028\n|teamsize|p1|6\n|teamsize|p2|6\n|gen|9\n|tier|[Gen 9] National Dex\n|rated|\n|rule|HP Percentage Mod: HP is shown in percentages\n|rule|Endless Battle Clause: Forcing endless battles is banned\n|rule|OHKO Clause: OHKO moves are banned\n|rule|Evasion Clause: Evasion abilities, items, and moves are banned\n|rule|Evasion Abilities Clause: Evasion abilities are banned\n|rule|Evasion Items Clause: Evasion items are banned\n|rule|Evasion Moves Clause: Evasion moves are banned\n|rule|Species Clause: Limit one of each Pok\u00e9mon\n|rule|Sleep Clause Mod: Limit one foe put to sleep\n|clearpoke\n|poke|p1|Shuckle, F|\n|poke|p1|Ditto|\n|poke|p1|Tauros, M|\n|poke|p1|Raboot, M|\n|poke|p1|Darmanitan, F|\n|poke|p1|Litten, M|\n|poke|p2|Iron Valiant|\n|poke|p2|Greninja-*, M|\n|poke|p2|Scizor, F|\n|poke|p2|Garchomp, F|\n|poke|p2|Chansey, F|\n|poke|p2|Cinderace, F|\n|teampreview\n|\n|t:|1699995495\n|start\n|switch|p1a: Dont F*ckle with|Shuckle, F|100\/100\n|switch|p2a: Greninja|Greninja, M|100\/100\n|turn|1\n|\n|t:|1699995504\n|move|p2a: Greninja|Toxic Spikes|p1a: Dont F*ckle with\n|-start|p2a: Greninja|typechange|Poison|[from] ability: Protean\n|-sidestart|p1: Quagmiester|move: Toxic Spikes\n|move|p1a: Dont F*ckle with|Sticky Web|p2a: Greninja\n|-sidestart|p2: quoicubaka|move: Sticky Web\n|\n|upkeep\n|turn|2\n|\n|t:|1699995511\n|move|p2a: Greninja|Hydro Pump|p1a: Dont F*ckle with\n|-supereffective|p1a: Dont F*ckle with\n|-damage|p1a: Dont F*ckle with|62\/100\n|move|p1a: Dont F*ckle with|Stealth Rock|p2a: Greninja\n|-sidestart|p2: quoicubaka|move: Stealth Rock\n|\n|upkeep\n|turn|3\n|\n|t:|1699995517\n|move|p2a: Greninja|Toxic Spikes|p1a: Dont F*ckle with\n|-sidestart|p1: Quagmiester|move: Toxic Spikes\n|move|p1a: Dont F*ckle with|Power Trick|p1a: Dont F*ckle with\n|-start|p1a: Dont F*ckle with|Power Trick\n|\n|upkeep\n|turn|4\n|\n|t:|1699995523\n|move|p2a: Greninja|Hydro Pump|p1a: Dont F*ckle with\n|-supereffective|p1a: Dont F*ckle with\n|-damage|p1a: Dont F*ckle with|26\/100\n|move|p1a: Dont F*ckle with|Gyro Ball|p2a: Greninja\n|-enditem|p2a: Greninja|Focus Sash\n|-damage|p2a: Greninja|1\/100\n|\n|upkeep\n|turn|5\n|\n|t:|1699995532\n|move|p2a: Greninja|Hydro Pump|p1a: Dont F*ckle with\n|-supereffective|p1a: Dont F*ckle with\n|-damage|p1a: Dont F*ckle with|0 fnt\n|faint|p1a: Dont F*ckle with\n|\n|upkeep\n|\n|t:|1699995552\n|switch|p1a: Candy Cane|Litten, M, shiny|100\/100\n|-status|p1a: Candy Cane|tox\n|-ability|p1a: Candy Cane|Intimidate|boost\n|-unboost|p2a: Greninja|atk|1\n|turn|6\n|\n|t:|1699995560\n|move|p2a: Greninja|Hydro Pump|p1a: Candy Cane\n|-supereffective|p1a: Candy Cane\n|-damage|p1a: Candy Cane|44\/100 tox\n|move|p1a: Candy Cane|Will-O-Wisp|p2a: Greninja\n|-status|p2a: Greninja|brn\n|\n|-damage|p1a: Candy Cane|38\/100 tox|[from] psn\n|-damage|p2a: Greninja|0 fnt|[from] brn\n|faint|p2a: Greninja\n|upkeep\n|\n|t:|1699995572\n|switch|p2a: Garchomp|Garchomp, F|100\/100\n|-activate|p2a: Garchomp|move: Sticky Web\n|-unboost|p2a: Garchomp|spe|1\n|-damage|p2a: Garchomp|94\/100|[from] Stealth Rock\n|turn|7\n|\n|t:|1699995582\n|move|p2a: Garchomp|Aqua Tail|p1a: Candy Cane\n|-supereffective|p1a: Candy Cane\n|-damage|p1a: Candy Cane|0 fnt\n|faint|p1a: Candy Cane\n|\n|upkeep\n|\n|t:|1699995591\n|switch|p1a: No U|Raboot, M|100\/100\n|-status|p1a: No U|tox\n|turn|8\n|\n|t:|1699995597\n|move|p2a: Garchomp|Earthquake|p1a: No U\n|-supereffective|p1a: No U\n|-enditem|p1a: No U|Focus Sash\n|-damage|p1a: No U|1\/100 tox\n|move|p1a: No U|Counter|p2a: Garchomp\n|-start|p1a: No U|typechange|Fighting|[from] ability: Libero\n|-damage|p2a: Garchomp|0 fnt\n|-damage|p1a: No U|0 fnt|[from] ability: Rough Skin|[of] p2a: Garchomp\n|faint|p2a: Garchomp\n|faint|p1a: No U\n|\n|upkeep\n|\n|t:|1699995614\n|switch|p1a: Speedge|Tauros, M|100\/100\n|switch|p2a: Chansey|Chansey, F|100\/100\n|-status|p1a: Speedge|tox\n|-ability|p1a: Speedge|Intimidate|boost\n|-unboost|p2a: Chansey|atk|1\n|-activate|p2a: Chansey|move: Sticky Web\n|-unboost|p2a: Chansey|spe|1\n|-damage|p2a: Chansey|88\/100|[from] Stealth Rock\n|turn|9\n|\n|t:|1699995627\n|move|p1a: Speedge|Close Combat|p2a: Chansey\n|-supereffective|p2a: Chansey\n|-damage|p2a: Chansey|26\/100\n|-unboost|p1a: Speedge|def|1\n|-unboost|p1a: Speedge|spd|1\n|move|p2a: Chansey|Light Screen|p2a: Chansey\n|-sidestart|p2: quoicubaka|move: Light Screen\n|\n|-damage|p1a: Speedge|94\/100 tox|[from] psn\n|upkeep\n|turn|10\n|\n|t:|1699995664\n|move|p1a: Speedge|Close Combat|p2a: Chansey\n|-supereffective|p2a: Chansey\n|-crit|p2a: Chansey\n|-damage|p2a: Chansey|0 fnt\n|-unboost|p1a: Speedge|def|1\n|-unboost|p1a: Speedge|spd|1\n|faint|p2a: Chansey\n|\n|-damage|p1a: Speedge|82\/100 tox|[from] psn\n|upkeep\n|\n|t:|1699995674\n|switch|p2a: Cinderace|Cinderace, F|100\/100\n|-activate|p2a: Cinderace|move: Sticky Web\n|-unboost|p2a: Cinderace|spe|1\n|-damage|p2a: Cinderace|76\/100|[from] Stealth Rock\n|turn|11\n|\n|t:|1699995682\n|move|p1a: Speedge|Earthquake|p2a: Cinderace\n|-supereffective|p2a: Cinderace\n|-damage|p2a: Cinderace|0 fnt\n|faint|p2a: Cinderace\n|\n|-damage|p1a: Speedge|63\/100 tox|[from] psn\n|upkeep\n|\n|t:|1699995690\n|switch|p2a: Scizor|Scizor, F|100\/100\n|-activate|p2a: Scizor|move: Sticky Web\n|-unboost|p2a: Scizor|spe|1\n|-damage|p2a: Scizor|88\/100|[from] Stealth Rock\n|turn|12\n|\n|t:|1699995699\n|detailschange|p2a: Scizor|Scizor-Mega, F\n|-mega|p2a: Scizor|Scizor|Scizorite\n|move|p1a: Speedge|Earthquake|p2a: Scizor\n|-damage|p2a: Scizor|60\/100\n|move|p2a: Scizor|Close Combat|p1a: Speedge\n|-supereffective|p1a: Speedge\n|-damage|p1a: Speedge|0 fnt\n|-unboost|p2a: Scizor|def|1\n|-unboost|p2a: Scizor|spd|1\n|faint|p1a: Speedge\n|\n|upkeep\n|\n|t:|1699995705\n|switch|p1a: Ooga Booga|Darmanitan, F|100\/100\n|-status|p1a: Ooga Booga|tox\n|turn|13\n|\n|t:|1699995718\n|move|p1a: Ooga Booga|Flare Blitz|p2a: Scizor\n|-supereffective|p2a: Scizor\n|-damage|p2a: Scizor|0 fnt\n|faint|p2a: Scizor\n|-damage|p1a: Ooga Booga|85\/100 tox|[from] Recoil\n|\n|-damage|p1a: Ooga Booga|79\/100 tox|[from] psn\n|-sideend|p2: quoicubaka|move: Light Screen\n|upkeep\n|\n|t:|1699995726\n|switch|p2a: Iron Valiant|Iron Valiant|100\/100\n|-activate|p2a: Iron Valiant|move: Sticky Web\n|-unboost|p2a: Iron Valiant|spe|1\n|-damage|p2a: Iron Valiant|94\/100|[from] Stealth Rock\n|turn|14\n|\n|t:|1699995738\n|-terastallize|p2a: Iron Valiant|Fairy\n|move|p1a: Ooga Booga|Flare Blitz|p2a: Iron Valiant\n|-damage|p2a: Iron Valiant|0 fnt\n|faint|p2a: Iron Valiant\n|-end|p2a: Iron Valiant|Quark Drive|[silent]\n|-damage|p1a: Ooga Booga|52\/100 tox|[from] Recoil\n|\n|win|Quagmiester\n|raw|Quagmiester's rating: 1062 &rarr; <strong>1090<\/strong><br \/>(+28 for winning)\n|raw|quoicubaka's rating: 1028 &rarr; <strong>1015<\/strong><br \/>(-13 for losing)\n","uploadtime":1699995747,"views":3,"p1id":"quagmiester","p2id":"quoicubaka","formatid":"gen9nationaldex","rating":1015,"private":0,"password":""}