{"id":"gen9nationaldex-1988506064","p1":"Rayan","p2":"Nuzleafwarrior7778","format":"[Gen 9] National Dex","log":"|j|\u2606Rayan\n|j|\u2606Nuzleafwarrior7778\n|t:|1699730206\n|gametype|singles\n|player|p1|Rayan|170|\n|player|p2|Nuzleafwarrior7778|boarder|\n|teamsize|p1|6\n|teamsize|p2|6\n|gen|9\n|tier|[Gen 9] National Dex\n|rule|HP Percentage Mod: HP is shown in percentages\n|rule|Endless Battle Clause: Forcing endless battles is banned\n|rule|OHKO Clause: OHKO moves are banned\n|rule|Evasion Clause: Evasion abilities, items, and moves are banned\n|rule|Evasion Abilities Clause: Evasion abilities are banned\n|rule|Evasion Items Clause: Evasion items are banned\n|rule|Evasion Moves Clause: Evasion moves are banned\n|rule|Species Clause: Limit one of each Pok\u00e9mon\n|rule|Sleep Clause Mod: Limit one foe put to sleep\n|clearpoke\n|poke|p1|Weavile, M|\n|poke|p1|Corviknight, F|\n|poke|p1|Tapu Koko|\n|poke|p1|Iron Valiant|\n|poke|p1|Sneasler, F|\n|poke|p1|Gastrodon, F|\n|poke|p2|Ursaluna, F|\n|poke|p2|Volcarona, M|\n|poke|p2|Alomomola, F|\n|poke|p2|Weavile, M|\n|poke|p2|Garganacl, F|\n|poke|p2|Corviknight, F|\n|teampreview\n|c|\u2606Nuzleafwarrior7778|gl\n|c|\u2606Rayan|hf\n|j| xander073\n|c|\u2606Rayan|ik ben dus gaan poepen en sinds  het toilet uit ben heb ik het echt koud\n|\n|t:|1699730249\n|start\n|switch|p1a: Enel|Tapu Koko|100\/100\n|switch|p2a: Garganacl|Garganacl, F|100\/100\n|-fieldstart|move: Electric Terrain|[from] ability: Electric Surge|[of] p1a: Enel\n|turn|1\n|\n|t:|1699730257\n|move|p1a: Enel|Thunderbolt|p2a: Garganacl\n|-damage|p2a: Garganacl|68\/100\n|move|p2a: Garganacl|Stealth Rock|p1a: Enel\n|-sidestart|p1: Rayan|move: Stealth Rock\n|\n|-heal|p2a: Garganacl|74\/100|[from] item: Leftovers\n|upkeep\n|turn|2\n|c| xander073|epische info im te weten net voor een battle\n|c|\u2606Nuzleafwarrior7778|hierdoor verlies ik de mindgames\n|\n|t:|1699730273\n|move|p1a: Enel|U-turn|p2a: Garganacl\n|-damage|p2a: Garganacl|63\/100\n|j| Frank1997\n|\n|t:|1699730284\n|switch|p1a: Jimbei|Gastrodon, F|100\/100|[from] U-turn\n|-damage|p1a: Jimbei|94\/100|[from] Stealth Rock\n|move|p2a: Garganacl|Salt Cure|p1a: Jimbei\n|-resisted|p1a: Jimbei\n|-damage|p1a: Jimbei|87\/100\n|-start|p1a: Jimbei|Salt Cure\n|\n|-heal|p1a: Jimbei|93\/100|[from] item: Leftovers\n|-heal|p2a: Garganacl|69\/100|[from] item: Leftovers\n|-damage|p1a: Jimbei|69\/100|[from] Salt Cure\n|upkeep\n|turn|3\n|c| Frank1997|Too much info\n|\n|t:|1699730292\n|move|p1a: Jimbei|Stealth Rock|p2a: Garganacl\n|-sidestart|p2: Nuzleafwarrior7778|move: Stealth Rock\n|move|p2a: Garganacl|Recover|p2a: Garganacl\n|-heal|p2a: Garganacl|100\/100\n|\n|-heal|p1a: Jimbei|75\/100|[from] item: Leftovers\n|-damage|p1a: Jimbei|50\/100|[from] Salt Cure\n|upkeep\n|turn|4\n|\n|t:|1699730294\n|move|p1a: Jimbei|Recover|p1a: Jimbei\n|-heal|p1a: Jimbei|99\/100\n|move|p2a: Garganacl|Salt Cure|p1a: Jimbei\n|-resisted|p1a: Jimbei\n|-crit|p1a: Jimbei\n|-damage|p1a: Jimbei|89\/100\n|\n|-heal|p1a: Jimbei|95\/100|[from] item: Leftovers\n|-damage|p1a: Jimbei|70\/100|[from] Salt Cure\n|upkeep\n|turn|5\n|c| Frank1997|Hup Nuz\n|\n|t:|1699730338\n|switch|p1a: Enel|Tapu Koko|100\/100\n|switch|p2a: Alomomola|Alomomola, F|100\/100\n|\n|-fieldend|move: Electric Terrain\n|upkeep\n|turn|6\n|\n|t:|1699730346\n|move|p2a: Alomomola|Protect|p2a: Alomomola\n|-singleturn|p2a: Alomomola|Protect\n|move|p1a: Enel|U-turn|p2a: Alomomola\n|-activate|p2a: Alomomola|move: Protect\n|\n|upkeep\n|turn|7\n|\n|t:|1699730351\n|switch|p2a: Ursaluna|Ursaluna, F|100\/100\n|-damage|p2a: Ursaluna|94\/100|[from] Stealth Rock\n|move|p1a: Enel|U-turn|p2a: Ursaluna\n|-damage|p2a: Ursaluna|82\/100\n|\n|t:|1699730359\n|switch|p1a: Sanji|Weavile, M|100\/100|[from] U-turn\n|-damage|p1a: Sanji|76\/100|[from] Stealth Rock\n|-ability|p1a: Sanji|Pressure\n|\n|-status|p2a: Ursaluna|brn|[from] item: Flame Orb\n|upkeep\n|turn|8\n|\n|t:|1699730373\n|switch|p2a: Alomomola|Alomomola, F|100\/100\n|move|p1a: Sanji|Knock Off|p2a: Alomomola\n|-damage|p2a: Alomomola|59\/100\n|-enditem|p2a: Alomomola|Heavy-Duty Boots|[from] move: Knock Off|[of] p1a: Sanji\n|\n|upkeep\n|turn|9\n|\n|t:|1699730383\n|switch|p1a: Jimbei|Gastrodon, F|70\/100\n|-damage|p1a: Jimbei|64\/100|[from] Stealth Rock\n|move|p2a: Alomomola|Wish|p2a: Alomomola\n|\n|-heal|p1a: Jimbei|70\/100|[from] item: Leftovers\n|upkeep\n|turn|10\n|\n|t:|1699730391\n|move|p2a: Alomomola|Toxic|p1a: Jimbei|[miss]\n|-miss|p2a: Alomomola|p1a: Jimbei\n|move|p1a: Jimbei|Toxic|p2a: Alomomola\n|-status|p2a: Alomomola|tox\n|\n|-heal|p2a: Alomomola|100\/100 tox|[from] move: Wish|[wisher] Alomomola\n|-heal|p1a: Jimbei|76\/100|[from] item: Leftovers\n|-damage|p2a: Alomomola|94\/100 tox|[from] psn\n|upkeep\n|turn|11\n|\n|t:|1699730401\n|switch|p1a: Marco|Corviknight, F|100\/100\n|-damage|p1a: Marco|88\/100|[from] Stealth Rock\n|-ability|p1a: Marco|Pressure\n|move|p2a: Alomomola|Toxic|p1a: Marco\n|-immune|p1a: Marco\n|\n|-damage|p2a: Alomomola|82\/100 tox|[from] psn\n|upkeep\n|turn|12\n|c| xander073|agency dodge\n|\n|t:|1699730404\n|move|p1a: Marco|Defog|p2a: Alomomola\n|-unboost|p2a: Alomomola|evasion|1\n|-sideend|p2: Nuzleafwarrior7778|Stealth Rock|[from] move: Defog|[of] p1a: Marco\n|-sideend|p1: Rayan|Stealth Rock|[from] move: Defog|[of] p1a: Marco\n|move|p2a: Alomomola|Flip Turn|p1a: Marco\n|-damage|p1a: Marco|77\/100\n|-damage|p2a: Alomomola|66\/100 tox|[from] item: Rocky Helmet|[of] p1a: Marco\n|\n|t:|1699730406\n|switch|p2a: Volcarona|Volcarona, M|100\/100|[from] Flip Turn\n|\n|upkeep\n|turn|13\n|\n|t:|1699730423\n|move|p2a: Volcarona|Quiver Dance|p2a: Volcarona\n|-boost|p2a: Volcarona|spa|1\n|-boost|p2a: Volcarona|spd|1\n|-boost|p2a: Volcarona|spe|1\n|move|p1a: Marco|Brave Bird|p2a: Volcarona\n|-supereffective|p2a: Volcarona\n|-damage|p2a: Volcarona|28\/100\n|-damage|p1a: Marco|55\/100|[from] Recoil\n|\n|upkeep\n|turn|14\n|l| Frank1997\n|j| Frank1997\n|\n|t:|1699730451\n|move|p2a: Volcarona|Flamethrower|p1a: Marco\n|-supereffective|p1a: Marco\n|-damage|p1a: Marco|0 fnt\n|faint|p1a: Marco\n|\n|upkeep\n|\n|t:|1699730469\n|switch|p1a: Enel|Tapu Koko|100\/100\n|-fieldstart|move: Electric Terrain|[from] ability: Electric Surge|[of] p1a: Enel\n|turn|15\n|\n|t:|1699730476\n|move|p2a: Volcarona|Roost|p2a: Volcarona\n|-heal|p2a: Volcarona|78\/100\n|-singleturn|p2a: Volcarona|move: Roost\n|move|p1a: Enel|Thunderbolt|p2a: Volcarona\n|-damage|p2a: Volcarona|51\/100\n|\n|upkeep\n|turn|16\n|\n|t:|1699730483\n|switch|p1a: Robin|Sneasler, F|100\/100\n|-enditem|p1a: Robin|Electric Seed\n|-boost|p1a: Robin|def|1|[from] item: Electric Seed\n|move|p2a: Volcarona|Quiver Dance|p2a: Volcarona\n|-boost|p2a: Volcarona|spa|1\n|-boost|p2a: Volcarona|spd|1\n|-boost|p2a: Volcarona|spe|1\n|\n|upkeep\n|turn|17\n|\n|t:|1699730495\n|move|p1a: Robin|Acrobatics|p2a: Volcarona\n|-supereffective|p2a: Volcarona\n|-damage|p2a: Volcarona|0 fnt\n|faint|p2a: Volcarona\n|\n|upkeep\n|\n|t:|1699730500\n|switch|p2a: Corviknight|Corviknight, F|100\/100\n|-ability|p2a: Corviknight|Pressure\n|turn|18\n|c| Frank1997|Eh hoe was dat sneller\n|c| Frank1997|Was je niet max speed nuz\n|c|\u2606Rayan|!dt unburden\n|raw|<ul class=\"utilichart\"><li class=\"result\"><span class=\"col namecol\"><a href=\"https:\/\/dex.pokemonshowdown.com\/abilities\/unburden\">Unburden<\/a><\/span> <span class=\"col abilitydesccol\">Speed is doubled on held item loss; boost is lost if it switches, gets new item\/Ability.<\/span> <\/li><li style=\"clear:both\"><\/li><\/ul>\n|raw|<font size=\"1\"><font color=\"#686868\">Gen:<\/font> 4<\/font>\n\n|\n|t:|1699730543\n|move|p1a: Robin|Swords Dance|p1a: Robin\n|-boost|p1a: Robin|atk|2\n|move|p2a: Corviknight|U-turn|p1a: Robin\n|-resisted|p1a: Robin\n|-damage|p1a: Robin|97\/100\n|\n|t:|1699730551\n|switch|p2a: Alomomola|Alomomola, F|99\/100 tox|[from] U-turn\n|\n|-damage|p2a: Alomomola|93\/100 tox|[from] psn\n|upkeep\n|turn|19\n|l| Frank1997\n|c| xander073|adamant max speed is vgm sneller dan +2 speed timid volc\n|\n|t:|1699730565\n|move|p1a: Robin|Close Combat|p2a: Alomomola\n|-damage|p2a: Alomomola|10\/100 tox\n|-unboost|p1a: Robin|def|1\n|-unboost|p1a: Robin|spd|1\n|move|p2a: Alomomola|Flip Turn|p1a: Robin\n|-damage|p1a: Robin|69\/100\n|j| Frank1997\n|\n|t:|1699730569\n|switch|p2a: Corviknight|Corviknight, F|100\/100|[from] Flip Turn\n|-ability|p2a: Corviknight|Pressure\n|\n|-fieldend|move: Electric Terrain\n|upkeep\n|turn|20\n|c|\u2606Nuzleafwarrior7778|ben niet eens max speed\n|c|\u2606Nuzleafwarrior7778|op volc\n|c| Frank1997|Ja ben gewend dat het poison touch is\n|\n|t:|1699730617\n|switch|p1a: Sanji|Weavile, M|76\/100\n|-ability|p1a: Sanji|Pressure\n|move|p2a: Corviknight|Brave Bird|p1a: Sanji\n|-damage|p1a: Sanji|14\/100\n|-damage|p2a: Corviknight|86\/100|[from] Recoil\n|\n|-heal|p2a: Corviknight|92\/100|[from] item: Leftovers\n|upkeep\n|turn|21\n|c| xander073|gwn 0 speed ivs en -speed nature op volc gezet. ez\n|c|\u2606Nuzleafwarrior7778|heb vgm nooit tegen een poison touch sneasler gespeeld\n|\n|t:|1699730662\n|switch|p2a: Alomomola|Alomomola, F|43\/100 tox\n|move|p1a: Sanji|Triple Axel|p2a: Alomomola\n|-resisted|p2a: Alomomola\n|-damage|p2a: Alomomola|38\/100 tox\n|-resisted|p2a: Alomomola\n|-damage|p2a: Alomomola|30\/100 tox\n|-resisted|p2a: Alomomola\n|-damage|p2a: Alomomola|16\/100 tox\n|-hitcount|p2a: Alomomola|3\n|\n|-damage|p2a: Alomomola|10\/100 tox|[from] psn\n|upkeep\n|turn|22\n|\n|t:|1699730674\n|move|p1a: Sanji|Triple Axel|p2a: Alomomola\n|-resisted|p2a: Alomomola\n|-damage|p2a: Alomomola|5\/100 tox\n|-resisted|p2a: Alomomola\n|-damage|p2a: Alomomola|0 fnt\n|faint|p2a: Alomomola\n|-hitcount|p2: Alomomola|2\n|\n|upkeep\n|c| xander073|epic\n|\n|t:|1699730692\n|switch|p2a: Weavile|Weavile, M|100\/100\n|-ability|p2a: Weavile|Pressure\n|turn|23\n|\n|t:|1699730703\n|move|p1a: Sanji|Triple Axel|p2a: Weavile\n|-resisted|p2a: Weavile\n|-damage|p2a: Weavile|88\/100\n|-resisted|p2a: Weavile\n|-damage|p2a: Weavile|62\/100\n|-resisted|p2a: Weavile\n|-damage|p2a: Weavile|26\/100\n|-hitcount|p2a: Weavile|3\n|move|p2a: Weavile|Triple Axel|p1a: Sanji\n|-resisted|p1a: Sanji\n|-damage|p1a: Sanji|1\/100\n|-resisted|p1a: Sanji\n|-damage|p1a: Sanji|0 fnt\n|faint|p1a: Sanji\n|-hitcount|p1: Sanji|2\n|\n|upkeep\n|\n|t:|1699730719\n|switch|p1a: Enel|Tapu Koko|100\/100\n|-fieldstart|move: Electric Terrain|[from] ability: Electric Surge|[of] p1a: Enel\n|turn|24\n|\n|t:|1699730726\n|switch|p2a: Garganacl|Garganacl, F|100\/100\n|move|p1a: Enel|U-turn|p2a: Garganacl\n|-damage|p2a: Garganacl|89\/100\n|\n|t:|1699730730\n|switch|p1a: Robin|Sneasler, F|69\/100|[from] U-turn\n|\n|-heal|p2a: Garganacl|95\/100|[from] item: Leftovers\n|upkeep\n|turn|25\n|\n|t:|1699730784\n|-terastallize|p2a: Garganacl|Ghost\n|move|p1a: Robin|Close Combat|p2a: Garganacl\n|-immune|p2a: Garganacl\n|move|p2a: Garganacl|Iron Defense|p2a: Garganacl\n|-boost|p2a: Garganacl|def|2\n|\n|-heal|p2a: Garganacl|100\/100|[from] item: Leftovers\n|upkeep\n|turn|26\n|c| xander073|RIP\n|\n|t:|1699730797\n|switch|p1a: Enel|Tapu Koko|100\/100\n|move|p2a: Garganacl|Salt Cure|p1a: Enel\n|-damage|p1a: Enel|80\/100\n|-start|p1a: Enel|Salt Cure\n|\n|-damage|p1a: Enel|67\/100|[from] Salt Cure\n|upkeep\n|turn|27\n|\n|t:|1699730804\n|move|p1a: Enel|U-turn|p2a: Garganacl\n|-resisted|p2a: Garganacl\n|-damage|p2a: Garganacl|98\/100\n|\n|t:|1699730809\n|switch|p1a: Zoro|Iron Valiant|100\/100|[from] U-turn\n|-activate|p1a: Zoro|ability: Quark Drive\n|-start|p1a: Zoro|quarkdrivespe\n|move|p2a: Garganacl|Stealth Rock|p1a: Zoro\n|-sidestart|p1: Rayan|move: Stealth Rock\n|\n|-heal|p2a: Garganacl|100\/100|[from] item: Leftovers\n|upkeep\n|turn|28\n|\n|t:|1699730827\n|move|p1a: Zoro|Calm Mind|p1a: Zoro\n|-boost|p1a: Zoro|spa|1\n|-boost|p1a: Zoro|spd|1\n|move|p2a: Garganacl|Salt Cure|p1a: Zoro\n|-resisted|p1a: Zoro\n|-damage|p1a: Zoro|91\/100\n|-start|p1a: Zoro|Salt Cure\n|\n|-damage|p1a: Zoro|79\/100|[from] Salt Cure\n|-fieldend|move: Electric Terrain\n|-end|p1a: Zoro|Quark Drive\n|upkeep\n|turn|29\n|\n|t:|1699730832\n|move|p1a: Zoro|Calm Mind|p1a: Zoro\n|-boost|p1a: Zoro|spa|1\n|-boost|p1a: Zoro|spd|1\n|move|p2a: Garganacl|Salt Cure|p1a: Zoro\n|-resisted|p1a: Zoro\n|-damage|p1a: Zoro|70\/100\n|\n|-damage|p1a: Zoro|57\/100|[from] Salt Cure\n|upkeep\n|turn|30\n|\n|t:|1699730839\n|move|p1a: Zoro|Moonblast|p2a: Garganacl\n|-damage|p2a: Garganacl|42\/100\n|move|p2a: Garganacl|Salt Cure|p1a: Zoro\n|-resisted|p1a: Zoro\n|-damage|p1a: Zoro|49\/100\n|\n|-heal|p2a: Garganacl|49\/100|[from] item: Leftovers\n|-damage|p1a: Zoro|36\/100|[from] Salt Cure\n|upkeep\n|turn|31\n|\n|t:|1699730873\n|switch|p2a: Corviknight|Corviknight, F|92\/100\n|-ability|p2a: Corviknight|Pressure\n|move|p1a: Zoro|Moonblast|p2a: Corviknight\n|-resisted|p2a: Corviknight\n|-damage|p2a: Corviknight|54\/100\n|\n|-heal|p2a: Corviknight|60\/100|[from] item: Leftovers\n|-damage|p1a: Zoro|24\/100|[from] Salt Cure\n|upkeep\n|turn|32\n|\n|t:|1699730882\n|move|p1a: Zoro|Thunderbolt|p2a: Corviknight\n|-supereffective|p2a: Corviknight\n|-damage|p2a: Corviknight|0 fnt\n|faint|p2a: Corviknight\n|\n|-damage|p1a: Zoro|12\/100|[from] Salt Cure\n|upkeep\n|\n|t:|1699730884\n|switch|p2a: Weavile|Weavile, M|26\/100\n|-ability|p2a: Weavile|Pressure\n|turn|33\n|\n|t:|1699730923\n|-end|p1a: Zoro|Quark Drive|[silent]\n|switch|p1a: Jimbei|Gastrodon, F|76\/100\n|-damage|p1a: Jimbei|70\/100|[from] Stealth Rock\n|move|p2a: Weavile|Ice Shard|p1a: Jimbei\n|-damage|p1a: Jimbei|39\/100\n|\n|-heal|p1a: Jimbei|46\/100|[from] item: Leftovers\n|upkeep\n|turn|34\n|\n|t:|1699730934\n|switch|p2a: Ursaluna|Ursaluna, F|82\/100 brn\n|move|p1a: Jimbei|Scald|p2a: Ursaluna\n|-supereffective|p2a: Ursaluna\n|-damage|p2a: Ursaluna|48\/100 brn\n|\n|-heal|p1a: Jimbei|52\/100|[from] item: Leftovers\n|-damage|p2a: Ursaluna|42\/100 brn|[from] brn\n|upkeep\n|turn|35\n|\n|t:|1699730938\n|move|p2a: Ursaluna|Facade|p1a: Jimbei\n|-damage|p1a: Jimbei|0 fnt\n|faint|p1a: Jimbei\n|\n|-damage|p2a: Ursaluna|35\/100 brn|[from] brn\n|upkeep\n|\n|t:|1699730942\n|switch|p1a: Robin|Sneasler, F|69\/100\n|-damage|p1a: Robin|63\/100|[from] Stealth Rock\n|turn|36\n|\n|t:|1699730968\n|-terastallize|p1a: Robin|Flying\n|move|p1a: Robin|Acrobatics|p2a: Ursaluna\n|-damage|p2a: Ursaluna|0 fnt\n|faint|p2a: Ursaluna\n|\n|upkeep\n|\n|t:|1699730974\n|switch|p2a: Weavile|Weavile, M|26\/100\n|-ability|p2a: Weavile|Pressure\n|turn|37\n|\n|t:|1699730991\n|switch|p1a: Zoro|Iron Valiant|12\/100\n|-damage|p1a: Zoro|5\/100|[from] Stealth Rock\n|move|p2a: Weavile|Ice Shard|p1a: Zoro\n|-crit|p1a: Zoro\n|-damage|p1a: Zoro|0 fnt\n|faint|p1a: Zoro\n|-end|p1a: Zoro|Quark Drive|[silent]\n|\n|upkeep\n|\n|t:|1699730993\n|switch|p1a: Enel|Tapu Koko|67\/100\n|-fieldstart|move: Electric Terrain|[from] ability: Electric Surge|[of] p1a: Enel\n|turn|38\n|\n|t:|1699731014\n|move|p2a: Weavile|Ice Shard|p1a: Enel\n|-damage|p1a: Enel|29\/100\n|move|p1a: Enel|Thunderbolt|p2a: Weavile\n|-damage|p2a: Weavile|0 fnt\n|faint|p2a: Weavile\n|\n|upkeep\n|\n|t:|1699731016\n|switch|p2a: Garganacl|Garganacl, F, tera:Ghost|49\/100\n|turn|39\n|c| Frank1997|rip\n|\n|t:|1699731038\n|move|p1a: Enel|Roost|p1a: Enel\n|-heal|p1a: Enel|79\/100\n|-singleturn|p1a: Enel|move: Roost\n|move|p2a: Garganacl|Recover|p2a: Garganacl\n|-heal|p2a: Garganacl|99\/100\n|\n|-heal|p2a: Garganacl|100\/100|[from] item: Leftovers\n|upkeep\n|turn|40\n|\n|t:|1699731044\n|move|p1a: Enel|Thunderbolt|p2a: Garganacl\n|-damage|p2a: Garganacl|71\/100\n|move|p2a: Garganacl|Salt Cure|p1a: Enel\n|-damage|p1a: Enel|61\/100\n|-start|p1a: Enel|Salt Cure\n|\n|-heal|p2a: Garganacl|77\/100|[from] item: Leftovers\n|-damage|p1a: Enel|48\/100|[from] Salt Cure\n|upkeep\n|turn|41\n|\n|t:|1699731048\n|move|p1a: Enel|Thunderbolt|p2a: Garganacl\n|-damage|p2a: Garganacl|46\/100\n|move|p2a: Garganacl|Salt Cure|p1a: Enel\n|-damage|p1a: Enel|28\/100\n|\n|-heal|p2a: Garganacl|52\/100|[from] item: Leftovers\n|-damage|p1a: Enel|15\/100|[from] Salt Cure\n|upkeep\n|turn|42\n|\n|t:|1699731053\n|move|p1a: Enel|Roost|p1a: Enel\n|-heal|p1a: Enel|65\/100\n|-singleturn|p1a: Enel|move: Roost\n|move|p2a: Garganacl|Iron Defense|p2a: Garganacl\n|-boost|p2a: Garganacl|def|2\n|\n|-heal|p2a: Garganacl|59\/100|[from] item: Leftovers\n|-damage|p1a: Enel|53\/100|[from] Salt Cure\n|-fieldend|move: Electric Terrain\n|upkeep\n|turn|43\n|\n|t:|1699731056\n|move|p1a: Enel|U-turn|p2a: Garganacl\n|-resisted|p2a: Garganacl\n|-damage|p2a: Garganacl|56\/100\n|\n|t:|1699731058\n|switch|p1a: Robin|Sneasler, F, tera:Flying|63\/100|[from] U-turn\n|-damage|p1a: Robin|38\/100|[from] Stealth Rock\n|move|p2a: Garganacl|Recover|p2a: Garganacl\n|-heal|p2a: Garganacl|100\/100\n|\n|upkeep\n|turn|44\n|\n|t:|1699731063\n|move|p1a: Robin|Swords Dance|p1a: Robin\n|-boost|p1a: Robin|atk|2\n|move|p2a: Garganacl|Salt Cure|p1a: Robin\n|-supereffective|p1a: Robin\n|-damage|p1a: Robin|0 fnt\n|faint|p1a: Robin\n|\n|upkeep\n|\n|t:|1699731065\n|switch|p1a: Enel|Tapu Koko|53\/100\n|-fieldstart|move: Electric Terrain|[from] ability: Electric Surge|[of] p1a: Enel\n|turn|45\n|\n|t:|1699731067\n|move|p1a: Enel|Roost|p1a: Enel\n|-heal|p1a: Enel|100\/100\n|-singleturn|p1a: Enel|move: Roost\n|move|p2a: Garganacl|Salt Cure|p1a: Enel\n|-damage|p1a: Enel|80\/100\n|-start|p1a: Enel|Salt Cure\n|\n|-damage|p1a: Enel|68\/100|[from] Salt Cure\n|upkeep\n|turn|46\n|\n|t:|1699731070\n|move|p1a: Enel|Thunderbolt|p2a: Garganacl\n|-damage|p2a: Garganacl|69\/100\n|move|p2a: Garganacl|Salt Cure|p1a: Enel\n|-damage|p1a: Enel|49\/100\n|\n|-heal|p2a: Garganacl|75\/100|[from] item: Leftovers\n|-damage|p1a: Enel|37\/100|[from] Salt Cure\n|upkeep\n|turn|47\n|\n|t:|1699731073\n|move|p1a: Enel|Roost|p1a: Enel\n|-heal|p1a: Enel|87\/100\n|-singleturn|p1a: Enel|move: Roost\n|move|p2a: Garganacl|Salt Cure|p1a: Enel\n|-damage|p1a: Enel|69\/100\n|\n|-heal|p2a: Garganacl|82\/100|[from] item: Leftovers\n|-damage|p1a: Enel|56\/100|[from] Salt Cure\n|upkeep\n|turn|48\n|\n|t:|1699731076\n|move|p1a: Enel|Thunderbolt|p2a: Garganacl\n|-damage|p2a: Garganacl|48\/100\n|move|p2a: Garganacl|Salt Cure|p1a: Enel\n|-damage|p1a: Enel|36\/100\n|\n|-heal|p2a: Garganacl|54\/100|[from] item: Leftovers\n|-damage|p1a: Enel|23\/100|[from] Salt Cure\n|upkeep\n|turn|49\n|l| xander073\n|\n|t:|1699731082\n|move|p1a: Enel|Roost|p1a: Enel\n|-heal|p1a: Enel|73\/100\n|-singleturn|p1a: Enel|move: Roost\n|move|p2a: Garganacl|Salt Cure|p1a: Enel\n|-damage|p1a: Enel|53\/100\n|\n|-heal|p2a: Garganacl|60\/100|[from] item: Leftovers\n|-damage|p1a: Enel|41\/100|[from] Salt Cure\n|-fieldend|move: Electric Terrain\n|upkeep\n|turn|50\n|\n|t:|1699731085\n|move|p1a: Enel|Thunderbolt|p2a: Garganacl\n|-damage|p2a: Garganacl|35\/100\n|move|p2a: Garganacl|Recover|p2a: Garganacl\n|-heal|p2a: Garganacl|85\/100\n|\n|-heal|p2a: Garganacl|91\/100|[from] item: Leftovers\n|-damage|p1a: Enel|28\/100|[from] Salt Cure\n|upkeep\n|turn|51\n|\n|t:|1699731088\n|move|p1a: Enel|Roost|p1a: Enel\n|-heal|p1a: Enel|78\/100\n|-singleturn|p1a: Enel|move: Roost\n|move|p2a: Garganacl|Salt Cure|p1a: Enel\n|-damage|p1a: Enel|59\/100\n|\n|-heal|p2a: Garganacl|98\/100|[from] item: Leftovers\n|-damage|p1a: Enel|46\/100|[from] Salt Cure\n|upkeep\n|turn|52\n|\n|t:|1699731093\n|move|p1a: Enel|Thunderbolt|p2a: Garganacl\n|-crit|p2a: Garganacl\n|-damage|p2a: Garganacl|63\/100\n|move|p2a: Garganacl|Salt Cure|p1a: Enel\n|-damage|p1a: Enel|27\/100\n|\n|-heal|p2a: Garganacl|69\/100|[from] item: Leftovers\n|-damage|p1a: Enel|14\/100|[from] Salt Cure\n|upkeep\n|turn|53\n|c|\u2606Rayan|gg\n|\n|t:|1699731101\n|move|p1a: Enel|Roost|p1a: Enel\n|-heal|p1a: Enel|65\/100\n|-singleturn|p1a: Enel|move: Roost\n|move|p2a: Garganacl|Salt Cure|p1a: Enel\n|-damage|p1a: Enel|44\/100\n|\n|-heal|p2a: Garganacl|75\/100|[from] item: Leftovers\n|-damage|p1a: Enel|31\/100|[from] Salt Cure\n|upkeep\n|turn|54\n|\n|t:|1699731104\n|move|p1a: Enel|Thunderbolt|p2a: Garganacl\n|-damage|p2a: Garganacl|49\/100\n|move|p2a: Garganacl|Salt Cure|p1a: Enel\n|-damage|p1a: Enel|12\/100\n|\n|-heal|p2a: Garganacl|55\/100|[from] item: Leftovers\n|-damage|p1a: Enel|0 fnt|[from] Salt Cure\n|faint|p1a: Enel\n|\n|win|Nuzleafwarrior7778\n|upkeep\n|c|\u2606Nuzleafwarrior7778|gg\n|l|\u2606Rayan\n","uploadtime":1699731113,"views":22,"p1id":"rayan","p2id":"nuzleafwarrior7778","formatid":"gen9nationaldex","rating":0,"private":0,"password":""}