{"id":"gen9nationaldex-1992741233","p1":"Bunnysai","p2":"The power of ROCK","format":"[Gen 9] National Dex","log":"|j|\u2606Bunnysai\n|j|\u2606The power of ROCK\n|t:|1700231119\n|gametype|singles\n|player|p1|Bunnysai|brock|\n|player|p2|The power of ROCK|roark|\n|teamsize|p1|6\n|teamsize|p2|6\n|gen|9\n|tier|[Gen 9] National Dex\n|rule|HP Percentage Mod: HP is shown in percentages\n|rule|Endless Battle Clause: Forcing endless battles is banned\n|rule|OHKO Clause: OHKO moves are banned\n|rule|Evasion Clause: Evasion abilities, items, and moves are banned\n|rule|Evasion Abilities Clause: Evasion abilities are banned\n|rule|Evasion Items Clause: Evasion items are banned\n|rule|Evasion Moves Clause: Evasion moves are banned\n|rule|Species Clause: Limit one of each Pok\u00e9mon\n|rule|Sleep Clause Mod: Limit one foe put to sleep\n|clearpoke\n|poke|p1|Greninja-*, M|\n|poke|p1|Ogerpon-Wellspring, F|\n|poke|p1|Urshifu-*, M|\n|poke|p1|Keldeo-Resolute|\n|poke|p1|Pelipper, F|\n|poke|p1|Clodsire, F|\n|poke|p2|Tyranitar, M|\n|poke|p2|Garganacl, F|\n|poke|p2|Aggron, F|\n|poke|p2|Cradily, M|\n|poke|p2|Glimmora, F|\n|poke|p2|Avalugg-Hisui, F|\n|teampreview\n|inactive|Battle timer is ON: inactive players will automatically lose when time's up. (requested by Bunnysai)\n|c|\u2606The power of ROCK|Welcome to the ROCK gym\n|\n|t:|1700231132\n|start\n|switch|p1a: Urshifu|Urshifu-Rapid-Strike, M|100\/100\n|switch|p2a: Garganacl|Garganacl, F|100\/100\n|turn|1\n|\n|t:|1700231137\n|-terastallize|p1a: Urshifu|Fighting\n|-terastallize|p2a: Garganacl|Ghost\n|move|p1a: Urshifu|Close Combat|p2a: Garganacl\n|-immune|p2a: Garganacl\n|move|p2a: Garganacl|Salt Cure|p1a: Urshifu\n|-resisted|p1a: Urshifu\n|-damage|p1a: Urshifu|93\/100\n|-start|p1a: Urshifu|Salt Cure\n|\n|-damage|p1a: Urshifu|81\/100|[from] Salt Cure\n|upkeep\n|turn|2\n|\n|t:|1700231151\n|switch|p1a: Pelipper|Pelipper, F|100\/100\n|move|p2a: Garganacl|Body Press|p1a: Pelipper\n|-resisted|p1a: Pelipper\n|-damage|p1a: Pelipper|87\/100\n|\n|upkeep\n|turn|3\n|\n|t:|1700231159\n|move|p1a: Pelipper|U-turn|p2a: Garganacl\n|-resisted|p2a: Garganacl\n|-damage|p2a: Garganacl|96\/100\n|\n|t:|1700231163\n|switch|p1a: Urshifu|Urshifu-Rapid-Strike, M, tera:Fighting|81\/100|[from] U-turn\n|move|p2a: Garganacl|Salt Cure|p1a: Urshifu\n|-resisted|p1a: Urshifu\n|-damage|p1a: Urshifu|74\/100\n|-start|p1a: Urshifu|Salt Cure\n|\n|-damage|p1a: Urshifu|62\/100|[from] Salt Cure\n|upkeep\n|turn|4\n|inactive|The power of ROCK has 270 seconds left.\n|\n|t:|1700231207\n|move|p1a: Urshifu|Surging Strikes|p2a: Garganacl\n|-crit|p2a: Garganacl\n|-damage|p2a: Garganacl|77\/100\n|-crit|p2a: Garganacl\n|-damage|p2a: Garganacl|57\/100\n|-crit|p2a: Garganacl\n|-damage|p2a: Garganacl|38\/100\n|-hitcount|p2a: Garganacl|3\n|move|p2a: Garganacl|Recover|p2a: Garganacl\n|-heal|p2a: Garganacl|88\/100\n|\n|-damage|p1a: Urshifu|49\/100|[from] Salt Cure\n|upkeep\n|turn|5\n|inactive|Bunnysai has 270 seconds left.\n|\n|t:|1700231239\n|move|p1a: Urshifu|Surging Strikes|p2a: Garganacl\n|-crit|p2a: Garganacl\n|-damage|p2a: Garganacl|69\/100\n|-crit|p2a: Garganacl\n|-damage|p2a: Garganacl|50\/100\n|-crit|p2a: Garganacl\n|-damage|p2a: Garganacl|28\/100\n|-hitcount|p2a: Garganacl|3\n|move|p2a: Garganacl|Recover|p2a: Garganacl\n|-heal|p2a: Garganacl|78\/100\n|\n|-damage|p1a: Urshifu|37\/100|[from] Salt Cure\n|upkeep\n|turn|6\n|inactive|The power of ROCK has 270 seconds left.\n|\n|t:|1700231252\n|switch|p2a: Cradily|Cradily, M|100\/100\n|move|p1a: Urshifu|Surging Strikes|p2a: Cradily\n|-ability|p2a: Cradily|Storm Drain|boost\n|-boost|p2a: Cradily|spa|1\n|\n|-damage|p1a: Urshifu|25\/100|[from] Salt Cure\n|upkeep\n|turn|7\n|inactive|The power of ROCK has 270 seconds left.\n|\n|t:|1700231261\n|switch|p1a: Pelipper|Pelipper, F|87\/100\n|move|p2a: Cradily|Infestation|p1a: Pelipper\n|-resisted|p1a: Pelipper\n|-damage|p1a: Pelipper|81\/100\n|-activate|p1a: Pelipper|move: Infestation|[of] p2a: Cradily\n|\n|-damage|p1a: Pelipper|64\/100|[from] move: Infestation|[partiallytrapped]\n|upkeep\n|turn|8\n|\n|t:|1700231268\n|switch|p2a: Glimmora|Glimmora, F|100\/100\n|move|p1a: Pelipper|Air Slash|p2a: Glimmora\n|-resisted|p2a: Glimmora\n|-damage|p2a: Glimmora|84\/100\n|\n|-end|p1a: Pelipper|Infestation|[partiallytrapped]|[silent]\n|upkeep\n|turn|9\n|\n|t:|1700231275\n|switch|p1a: Keldeo|Keldeo-Resolute|100\/100\n|move|p2a: Glimmora|Sludge Wave|p1a: Keldeo\n|-damage|p1a: Keldeo|46\/100\n|\n|upkeep\n|turn|10\n|\n|t:|1700231280\n|move|p1a: Keldeo|Aqua Tail|p2a: Glimmora\n|-supereffective|p2a: Glimmora\n|-damage|p2a: Glimmora|25\/100\n|-activate|p2a: Glimmora|ability: Toxic Debris\n|-sidestart|p1: Bunnysai|move: Toxic Spikes\n|move|p2a: Glimmora|Sludge Wave|p1a: Keldeo\n|-damage|p1a: Keldeo|0 fnt\n|faint|p1a: Keldeo\n|\n|upkeep\n|\n|t:|1700231285\n|switch|p1a: Clodsire|Clodsire, F|100\/100\n|-sideend|p1: Bunnysai|move: Toxic Spikes|[of] p1a: Clodsire\n|turn|11\n|\n|t:|1700231298\n|switch|p2a: Cradily|Cradily, M|100\/100\n|move|p1a: Clodsire|Rain Dance|p1a: Clodsire\n|-weather|RainDance\n|\n|-weather|RainDance|[upkeep]\n|upkeep\n|turn|12\n|\n|t:|1700231302\n|move|p2a: Cradily|Infestation|p1a: Clodsire\n|-resisted|p1a: Clodsire\n|-damage|p1a: Clodsire|99\/100\n|-activate|p1a: Clodsire|move: Infestation|[of] p2a: Cradily\n|move|p1a: Clodsire|Toxic Spikes|p2a: Cradily\n|-sidestart|p2: The power of ROCK|move: Toxic Spikes\n|\n|-weather|RainDance|[upkeep]\n|-heal|p1a: Clodsire|100\/100|[from] item: Leftovers\n|-damage|p1a: Clodsire|84\/100|[from] move: Infestation|[partiallytrapped]\n|upkeep\n|turn|13\n|\n|t:|1700231305\n|move|p2a: Cradily|Leech Seed|p1a: Clodsire\n|-start|p1a: Clodsire|move: Leech Seed\n|move|p1a: Clodsire|Toxic Spikes|p2a: Cradily\n|-sidestart|p2: The power of ROCK|move: Toxic Spikes\n|\n|-weather|RainDance|[upkeep]\n|-heal|p1a: Clodsire|90\/100|[from] item: Leftovers\n|-damage|p1a: Clodsire|78\/100|[from] Leech Seed|[of] p2a: Cradily\n|-damage|p1a: Clodsire|61\/100|[from] move: Infestation|[partiallytrapped]\n|upkeep\n|turn|14\n|\n|t:|1700231308\n|move|p2a: Cradily|Block|p1a: Clodsire\n|-activate|p1a: Clodsire|trapped\n|move|p1a: Clodsire|Amnesia|p1a: Clodsire\n|-boost|p1a: Clodsire|spd|2\n|\n|-weather|RainDance|[upkeep]\n|-heal|p1a: Clodsire|67\/100|[from] item: Leftovers\n|-damage|p1a: Clodsire|55\/100|[from] Leech Seed|[of] p2a: Cradily\n|-damage|p1a: Clodsire|38\/100|[from] move: Infestation|[partiallytrapped]\n|upkeep\n|turn|15\n|\n|t:|1700231312\n|move|p2a: Cradily|Infestation|p1a: Clodsire\n|-resisted|p1a: Clodsire\n|-damage|p1a: Clodsire|38\/100\n|move|p1a: Clodsire|Recover|p1a: Clodsire\n|-heal|p1a: Clodsire|88\/100\n|\n|-weather|none\n|-heal|p1a: Clodsire|94\/100|[from] item: Leftovers\n|-damage|p1a: Clodsire|81\/100|[from] Leech Seed|[of] p2a: Cradily\n|-damage|p1a: Clodsire|65\/100|[from] move: Infestation|[partiallytrapped]\n|upkeep\n|turn|16\n|\n|t:|1700231320\n|move|p2a: Cradily|Leech Seed||[still]\n|-fail|p2a: Cradily\n|move|p1a: Clodsire|Recover|p1a: Clodsire\n|-heal|p1a: Clodsire|100\/100\n|\n|-damage|p1a: Clodsire|88\/100|[from] Leech Seed|[of] p2a: Cradily\n|-damage|p1a: Clodsire|71\/100|[from] move: Infestation|[partiallytrapped]\n|upkeep\n|turn|17\n|\n|t:|1700231327\n|move|p2a: Cradily|Block||[still]\n|-fail|p2a: Cradily\n|move|p1a: Clodsire|Recover|p1a: Clodsire\n|-heal|p1a: Clodsire|100\/100\n|\n|-damage|p1a: Clodsire|88\/100|[from] Leech Seed|[of] p2a: Cradily\n|-end|p1a: Clodsire|Infestation|[partiallytrapped]\n|upkeep\n|turn|18\n|\n|t:|1700231337\n|move|p2a: Cradily|Infestation|p1a: Clodsire\n|-resisted|p1a: Clodsire\n|-damage|p1a: Clodsire|88\/100\n|-activate|p1a: Clodsire|move: Infestation|[of] p2a: Cradily\n|move|p1a: Clodsire|Recover|p1a: Clodsire\n|-heal|p1a: Clodsire|100\/100\n|\n|-damage|p1a: Clodsire|88\/100|[from] Leech Seed|[of] p2a: Cradily\n|-damage|p1a: Clodsire|71\/100|[from] move: Infestation|[partiallytrapped]\n|upkeep\n|turn|19\n|\n|t:|1700231354\n|move|p2a: Cradily|Infestation|p1a: Clodsire\n|-resisted|p1a: Clodsire\n|-crit|p1a: Clodsire\n|-damage|p1a: Clodsire|70\/100\n|move|p1a: Clodsire|Recover|p1a: Clodsire\n|-heal|p1a: Clodsire|100\/100\n|\n|-damage|p1a: Clodsire|88\/100|[from] Leech Seed|[of] p2a: Cradily\n|-damage|p1a: Clodsire|71\/100|[from] move: Infestation|[partiallytrapped]\n|upkeep\n|turn|20\n|\n|t:|1700231363\n|move|p2a: Cradily|Infestation|p1a: Clodsire\n|-resisted|p1a: Clodsire\n|-damage|p1a: Clodsire|71\/100\n|move|p1a: Clodsire|Amnesia|p1a: Clodsire\n|-boost|p1a: Clodsire|spd|2\n|\n|-heal|p1a: Clodsire|77\/100|[from] item: Leftovers\n|-damage|p1a: Clodsire|65\/100|[from] Leech Seed|[of] p2a: Cradily\n|-damage|p1a: Clodsire|48\/100|[from] move: Infestation|[partiallytrapped]\n|upkeep\n|turn|21\n|\n|t:|1700231371\n|move|p2a: Cradily|Leech Seed||[still]\n|-fail|p2a: Cradily\n|move|p1a: Clodsire|Recover|p1a: Clodsire\n|-heal|p1a: Clodsire|98\/100\n|\n|-heal|p1a: Clodsire|100\/100|[from] item: Leftovers\n|-damage|p1a: Clodsire|88\/100|[from] Leech Seed|[of] p2a: Cradily\n|-damage|p1a: Clodsire|71\/100|[from] move: Infestation|[partiallytrapped]\n|upkeep\n|turn|22\n|\n|t:|1700231384\n|move|p2a: Cradily|Leech Seed||[still]\n|-fail|p2a: Cradily\n|move|p1a: Clodsire|Amnesia|p1a: Clodsire\n|-boost|p1a: Clodsire|spd|2\n|\n|-heal|p1a: Clodsire|78\/100|[from] item: Leftovers\n|-damage|p1a: Clodsire|65\/100|[from] Leech Seed|[of] p2a: Cradily\n|-end|p1a: Clodsire|Infestation|[partiallytrapped]\n|upkeep\n|turn|23\n|\n|t:|1700231390\n|move|p2a: Cradily|Infestation|p1a: Clodsire\n|-resisted|p1a: Clodsire\n|-damage|p1a: Clodsire|65\/100\n|-activate|p1a: Clodsire|move: Infestation|[of] p2a: Cradily\n|move|p1a: Clodsire|Recover|p1a: Clodsire\n|-heal|p1a: Clodsire|100\/100\n|\n|-damage|p1a: Clodsire|88\/100|[from] Leech Seed|[of] p2a: Cradily\n|-damage|p1a: Clodsire|71\/100|[from] move: Infestation|[partiallytrapped]\n|upkeep\n|turn|24\n|\n|t:|1700231406\n|move|p2a: Cradily|Leech Seed||[still]\n|-fail|p2a: Cradily\n|move|p1a: Clodsire|Recover|p1a: Clodsire\n|-heal|p1a: Clodsire|100\/100\n|\n|-damage|p1a: Clodsire|88\/100|[from] Leech Seed|[of] p2a: Cradily\n|-damage|p1a: Clodsire|71\/100|[from] move: Infestation|[partiallytrapped]\n|upkeep\n|turn|25\n|\n|t:|1700231429\n|move|p2a: Cradily|Block||[still]\n|-fail|p2a: Cradily\n|move|p1a: Clodsire|Amnesia|p1a: Clodsire\n|-boost|p1a: Clodsire|spd|0\n|\n|-heal|p1a: Clodsire|78\/100|[from] item: Leftovers\n|-damage|p1a: Clodsire|65\/100|[from] Leech Seed|[of] p2a: Cradily\n|-damage|p1a: Clodsire|49\/100|[from] move: Infestation|[partiallytrapped]\n|upkeep\n|turn|26\n|\n|t:|1700231437\n|move|p2a: Cradily|Infestation|p1a: Clodsire\n|-resisted|p1a: Clodsire\n|-damage|p1a: Clodsire|48\/100\n|move|p1a: Clodsire|Amnesia|p1a: Clodsire\n|-boost|p1a: Clodsire|spd|0\n|\n|-heal|p1a: Clodsire|55\/100|[from] item: Leftovers\n|-damage|p1a: Clodsire|42\/100|[from] Leech Seed|[of] p2a: Cradily\n|-damage|p1a: Clodsire|25\/100|[from] move: Infestation|[partiallytrapped]\n|upkeep\n|turn|27\n|\n|t:|1700231442\n|switch|p2a: Glimmora|Glimmora, F|25\/100\n|-sideend|p2: The power of ROCK|move: Toxic Spikes|[of] p2a: Glimmora\n|move|p1a: Clodsire|Rain Dance|p1a: Clodsire\n|-weather|RainDance\n|\n|-weather|RainDance|[upkeep]\n|-heal|p1a: Clodsire|32\/100|[from] item: Leftovers\n|-damage|p1a: Clodsire|19\/100|[from] Leech Seed|[of] p2a: Glimmora\n|-heal|p2a: Glimmora|44\/100|[silent]\n|-end|p1a: Clodsire|Infestation|[partiallytrapped]\n|upkeep\n|turn|28\n|\n|t:|1700231445\n|move|p2a: Glimmora|Spikes|p1a: Clodsire\n|-sidestart|p1: Bunnysai|Spikes\n|move|p1a: Clodsire|Toxic Spikes|p2a: Glimmora\n|-sidestart|p2: The power of ROCK|move: Toxic Spikes\n|\n|-weather|RainDance|[upkeep]\n|-heal|p1a: Clodsire|25\/100|[from] item: Leftovers\n|-damage|p1a: Clodsire|13\/100|[from] Leech Seed|[of] p2a: Glimmora\n|-heal|p2a: Glimmora|63\/100|[silent]\n|upkeep\n|turn|29\n|\n|t:|1700231451\n|move|p2a: Glimmora|Spikes|p1a: Clodsire\n|-sidestart|p1: Bunnysai|Spikes\n|move|p1a: Clodsire|Toxic Spikes|p2a: Glimmora\n|-sidestart|p2: The power of ROCK|move: Toxic Spikes\n|\n|-weather|RainDance|[upkeep]\n|-heal|p1a: Clodsire|19\/100|[from] item: Leftovers\n|-damage|p1a: Clodsire|7\/100|[from] Leech Seed|[of] p2a: Glimmora\n|-heal|p2a: Glimmora|82\/100|[silent]\n|upkeep\n|turn|30\n|\n|t:|1700231458\n|switch|p2a: Avalugg|Avalugg-Hisui, F|100\/100\n|move|p1a: Clodsire|Toxic Spikes||[still]\n|-fail|p1a: Clodsire\n|\n|-weather|RainDance|[upkeep]\n|-heal|p1a: Clodsire|13\/100|[from] item: Leftovers\n|-damage|p1a: Clodsire|0 fnt|[from] Leech Seed|[of] p2a: Avalugg\n|faint|p1a: Clodsire\n|upkeep\n|\n|t:|1700231464\n|switch|p1a: Pelipper|Pelipper, F|64\/100\n|turn|31\n|\n|t:|1700231467\n|move|p1a: Pelipper|Body Slam|p2a: Avalugg\n|-resisted|p2a: Avalugg\n|-damage|p2a: Avalugg|97\/100\n|move|p2a: Avalugg|Rapid Spin|p1a: Pelipper\n|-damage|p1a: Pelipper|47\/100\n|-boost|p2a: Avalugg|spe|1\n|-sideend|p2: The power of ROCK|Toxic Spikes|[from] move: Rapid Spin|[of] p2a: Avalugg\n|\n|-weather|none\n|upkeep\n|turn|32\n|\n|t:|1700231474\n|move|p1a: Pelipper|Body Slam|p2a: Avalugg\n|-resisted|p2a: Avalugg\n|-damage|p2a: Avalugg|94\/100\n|move|p2a: Avalugg|Recover|p2a: Avalugg\n|-heal|p2a: Avalugg|100\/100\n|\n|upkeep\n|turn|33\n|\n|t:|1700231479\n|switch|p2a: Glimmora|Glimmora, F|82\/100\n|move|p1a: Pelipper|Body Slam|p2a: Glimmora\n|-resisted|p2a: Glimmora\n|-damage|p2a: Glimmora|73\/100\n|-activate|p2a: Glimmora|ability: Toxic Debris\n|-sidestart|p1: Bunnysai|move: Toxic Spikes\n|\n|upkeep\n|turn|34\n|\n|t:|1700231483\n|move|p2a: Glimmora|Sludge Wave|p1a: Pelipper\n|-damage|p1a: Pelipper|0 fnt\n|faint|p1a: Pelipper\n|\n|upkeep\n|\n|t:|1700231485\n|switch|p1a: Urshifu|Urshifu-Rapid-Strike, M, tera:Fighting|25\/100\n|-damage|p1a: Urshifu|8\/100|[from] Spikes\n|-status|p1a: Urshifu|psn\n|turn|35\n|\n|t:|1700231489\n|move|p2a: Glimmora|Sludge Wave|p1a: Urshifu\n|-damage|p1a: Urshifu|0 fnt\n|faint|p1a: Urshifu\n|\n|upkeep\n|\n|t:|1700231493\n|switch|p1a: Greninja|Greninja, M|100\/100\n|-damage|p1a: Greninja|84\/100|[from] Spikes\n|-status|p1a: Greninja|psn\n|turn|36\n|\n|t:|1700231498\n|switch|p2a: Tyranitar|Tyranitar, M|100\/100\n|-weather|Sandstorm|[from] ability: Sand Stream|[of] p2a: Tyranitar\n|move|p1a: Greninja|Swords Dance|p1a: Greninja\n|-boost|p1a: Greninja|atk|2\n|\n|-weather|Sandstorm|[upkeep]\n|-damage|p1a: Greninja|78\/100 psn|[from] Sandstorm\n|-damage|p1a: Greninja|66\/100 psn|[from] psn\n|upkeep\n|turn|37\n|\n|t:|1700231502\n|move|p1a: Greninja|Water Shuriken|p2a: Tyranitar\n|-supereffective|p2a: Tyranitar\n|-damage|p2a: Tyranitar|96\/100\n|-supereffective|p2a: Tyranitar\n|-damage|p2a: Tyranitar|92\/100\n|-supereffective|p2a: Tyranitar\n|-damage|p2a: Tyranitar|87\/100\n|-supereffective|p2a: Tyranitar\n|-damage|p2a: Tyranitar|83\/100\n|-supereffective|p2a: Tyranitar\n|-damage|p2a: Tyranitar|78\/100\n|-hitcount|p2a: Tyranitar|5\n|move|p2a: Tyranitar|Rock Blast|p1a: Greninja\n|-damage|p1a: Greninja|47\/100 psn\n|-damage|p1a: Greninja|28\/100 psn\n|-hitcount|p1a: Greninja|2\n|\n|-weather|Sandstorm|[upkeep]\n|-damage|p1a: Greninja|22\/100 psn|[from] Sandstorm\n|-damage|p1a: Greninja|9\/100 psn|[from] psn\n|upkeep\n|turn|38\n|\n|t:|1700231520\n|move|p1a: Greninja|Brick Break|p2a: Tyranitar\n|-supereffective|p2a: Tyranitar\n|-damage|p2a: Tyranitar|0 fnt\n|faint|p2a: Tyranitar\n|-ability|p1a: Greninja|Battle Bond|boost\n|-boost|p1a: Greninja|atk|1\n|-boost|p1a: Greninja|spa|1\n|-boost|p1a: Greninja|spe|1\n|-activate|p1a: Greninja|ability: Battle Bond\n|\n|-weather|Sandstorm|[upkeep]\n|-damage|p1a: Greninja|3\/100 psn|[from] Sandstorm\n|-damage|p1a: Greninja|0 fnt|[from] psn\n|faint|p1a: Greninja\n|upkeep\n|\n|t:|1700231528\n|switch|p1a: Ogerpon|Ogerpon-Wellspring, F|100\/100\n|switch|p2a: Glimmora|Glimmora, F|73\/100\n|-damage|p1a: Ogerpon|84\/100|[from] Spikes\n|-status|p1a: Ogerpon|psn\n|turn|39\n|\n|t:|1700231533\n|move|p2a: Glimmora|Sludge Wave|p1a: Ogerpon\n|-supereffective|p1a: Ogerpon\n|-damage|p1a: Ogerpon|0 fnt\n|faint|p1a: Ogerpon\n|\n|win|The power of ROCK\n|c|\u2606The power of ROCK|gg : )\n","uploadtime":1700231540,"views":5,"p1id":"bunnysai","p2id":"thepowerofrock","formatid":"gen9nationaldex","rating":0,"private":0,"password":""}