{"id":"gen9nationaldex-1989970793","p1":"Applejuicebruh","p2":"nazhir the goat","format":"[Gen 9] National Dex","log":"|j|\u203dApplejuicebruh\n|j|\u2606nazhir the goat\n|t:|1699911310\n|gametype|singles\n|player|p1|Applejuicebruh|crasherwake|1082\n|player|p2|nazhir the goat|lucas|1000\n|teamsize|p1|6\n|teamsize|p2|6\n|gen|9\n|tier|[Gen 9] National Dex\n|rated|\n|rule|HP Percentage Mod: HP is shown in percentages\n|rule|Endless Battle Clause: Forcing endless battles is banned\n|rule|OHKO Clause: OHKO moves are banned\n|rule|Evasion Clause: Evasion abilities, items, and moves are banned\n|rule|Evasion Abilities Clause: Evasion abilities are banned\n|rule|Evasion Items Clause: Evasion items are banned\n|rule|Evasion Moves Clause: Evasion moves are banned\n|rule|Species Clause: Limit one of each Pok\u00e9mon\n|rule|Sleep Clause Mod: Limit one foe put to sleep\n|clearpoke\n|poke|p1|Beedrill, M|\n|poke|p1|Victini|\n|poke|p1|Togekiss, M|\n|poke|p1|Hawlucha, M|\n|poke|p1|Feraligatr, M|\n|poke|p1|Blastoise, M|\n|poke|p2|Dragonite, F|\n|poke|p2|Quagsire, F|\n|poke|p2|Lapras, F|\n|poke|p2|Wobbuffet, M|\n|poke|p2|Clodsire, M|\n|poke|p2|Dudunsparce-*, M|\n|teampreview\n|\n|t:|1699911321\n|start\n|switch|p1a: Victini|Victini|100\/100\n|switch|p2a: knock off derp|Wobbuffet, M, shiny|100\/100\n|turn|1\n|\n|t:|1699911327\n|-zpower|p1a: Victini\n|move|p1a: Victini|Z-Celebrate|p1a: Victini|[anim]Celebrate\n|-boost|p1a: Victini|atk|1|[zeffect]\n|-boost|p1a: Victini|def|1|[zeffect]\n|-boost|p1a: Victini|spa|1|[zeffect]\n|-boost|p1a: Victini|spd|1|[zeffect]\n|-boost|p1a: Victini|spe|1|[zeffect]\n|-activate|p1a: Victini|move: Celebrate\n|move|p2a: knock off derp|Mirror Coat||[still]\n|-fail|p2a: knock off derp\n|\n|upkeep\n|turn|2\n|\n|t:|1699911335\n|move|p1a: Victini|Expanding Force|p2a: knock off derp\n|-resisted|p2a: knock off derp\n|-damage|p2a: knock off derp|84\/100\n|move|p2a: knock off derp|Mirror Coat|p1a: Victini\n|-damage|p1a: Victini|44\/100\n|\n|upkeep\n|turn|3\n|\n|t:|1699911342\n|move|p1a: Victini|Flamethrower|p2a: knock off derp\n|-damage|p2a: knock off derp|49\/100\n|move|p2a: knock off derp|Mirror Coat|p1a: Victini\n|-damage|p1a: Victini|0 fnt\n|faint|p1a: Victini\n|\n|upkeep\n|\n|t:|1699911346\n|switch|p1a: Beedrill|Beedrill, M, shiny|100\/100\n|turn|4\n|\n|t:|1699911350\n|detailschange|p1a: Beedrill|Beedrill-Mega, M, shiny\n|-mega|p1a: Beedrill|Beedrill|Beedrillite\n|move|p1a: Beedrill|Fell Stinger|p2a: knock off derp\n|-supereffective|p2a: knock off derp\n|-crit|p2a: knock off derp\n|-damage|p2a: knock off derp|0 fnt\n|faint|p2a: knock off derp\n|-boost|p1a: Beedrill|atk|3\n|\n|upkeep\n|\n|t:|1699911359\n|switch|p2a: derp 2|Clodsire, M, shiny|100\/100\n|turn|5\n|\n|t:|1699911363\n|move|p1a: Beedrill|Drill Run|p2a: derp 2\n|-supereffective|p2a: derp 2\n|-damage|p2a: derp 2|0 fnt\n|faint|p2a: derp 2\n|\n|upkeep\n|\n|t:|1699911373\n|switch|p2a: Lapras|Lapras, F|100\/100\n|turn|6\n|\n|t:|1699911383\n|move|p1a: Beedrill|Poison Jab|p2a: Lapras\n|-damage|p2a: Lapras|0 fnt\n|faint|p2a: Lapras\n|\n|upkeep\n|\n|t:|1699911387\n|switch|p2a: big chonk|Dragonite, F|100\/100\n|turn|7\n|\n|t:|1699911392\n|move|p1a: Beedrill|Poison Jab|p2a: big chonk\n|-damage|p2a: big chonk|6\/100\n|move|p2a: big chonk|Dragon Dance|p2a: big chonk\n|-boost|p2a: big chonk|atk|1\n|-boost|p2a: big chonk|spe|1\n|\n|-heal|p2a: big chonk|12\/100|[from] item: Leftovers\n|upkeep\n|turn|8\n|\n|t:|1699911401\n|move|p1a: Beedrill|Fell Stinger|p2a: big chonk\n|-resisted|p2a: big chonk\n|-damage|p2a: big chonk|0 fnt\n|faint|p2a: big chonk\n|-boost|p1a: Beedrill|atk|3\n|\n|upkeep\n|-message|nazhir the goat forfeited.\n|\n|win|Applejuicebruh\n|raw|Applejuicebruh's rating: 1082 &rarr; <strong>1103<\/strong><br \/>(+21 for winning)\n|raw|nazhir the goat's rating: 1000 &rarr; <strong>1000<\/strong><br \/>(+0 for losing)\n|l|\u2606nazhir the goat\n","uploadtime":1699911417,"views":4,"p1id":"applejuicebruh","p2id":"nazhirthegoat","formatid":"gen9nationaldex","rating":1000,"private":0,"password":""}