{"id":"gen9nationaldex-1995732313","p1":"skittymiaou","p2":"The.Only.Dev","format":"[Gen 9] National Dex","log":"|html|<div class=\"broadcast-blue\"><strong>[Gen 9] National Dex is currently suspecting Sneasler! For information on how to participate check out the <a href=\"https:\/\/www.smogon.com\/forums\/threads\/sv-national-dex-suspect-8-just-dance.3731534\/\">suspect thread<\/a>.<\/strong><\/div>\n|j|\u2606skittymiaou\n|j|\u2606The.Only.Dev\n|t:|1700597998\n|gametype|singles\n|player|p1|skittymiaou|giovanni|1083\n|player|p2|The.Only.Dev|kiawe|1000\n|teamsize|p1|6\n|teamsize|p2|6\n|gen|9\n|tier|[Gen 9] National Dex\n|rated|\n|rule|HP Percentage Mod: HP is shown in percentages\n|rule|Endless Battle Clause: Forcing endless battles is banned\n|rule|OHKO Clause: OHKO moves are banned\n|rule|Evasion Clause: Evasion abilities, items, and moves are banned\n|rule|Evasion Abilities Clause: Evasion abilities are banned\n|rule|Evasion Items Clause: Evasion items are banned\n|rule|Evasion Moves Clause: Evasion moves are banned\n|rule|Species Clause: Limit one of each Pok\u00e9mon\n|rule|Sleep Clause Mod: Limit one foe put to sleep\n|clearpoke\n|poke|p1|Kommo-o, M|\n|poke|p1|Zeraora|\n|poke|p1|Lycanroc-Dusk, M|\n|poke|p1|Kartana|\n|poke|p1|Sandslash-Alola, M|\n|poke|p1|Drampa, F|\n|poke|p2|Muk-Alola, M|\n|poke|p2|Gumshoos, M|\n|poke|p2|Oricorio-Pa'u, F|\n|poke|p2|Togedemaru, M|\n|poke|p2|Komala, M|\n|poke|p2|Ninetales-Alola, F|\n|teampreview\n|inactive|Battle timer is ON: inactive players will automatically lose when time's up. (requested by skittymiaou)\n|c|\u2606skittymiaou|7g !!!\n|\n|t:|1700598020\n|start\n|switch|p1a: Sandslash|Sandslash-Alola, M|100\/100\n|switch|p2a: Gumshoos|Gumshoos, M, shiny|100\/100\n|turn|1\n|\n|t:|1700598026\n|move|p1a: Sandslash|Knock Off|p2a: Gumshoos\n|-damage|p2a: Gumshoos|72\/100\n|-enditem|p2a: Gumshoos|Life Orb|[from] move: Knock Off|[of] p1a: Sandslash\n|move|p2a: Gumshoos|Fire Fang|p1a: Sandslash\n|-supereffective|p1a: Sandslash\n|-damage|p1a: Sandslash|21\/100\n|\n|upkeep\n|turn|2\n|\n|t:|1700598034\n|move|p1a: Sandslash|Stealth Rock|p2a: Gumshoos\n|-sidestart|p2: The.Only.Dev|move: Stealth Rock\n|move|p2a: Gumshoos|Fire Fang|p1a: Sandslash\n|-supereffective|p1a: Sandslash\n|-damage|p1a: Sandslash|0 fnt\n|faint|p1a: Sandslash\n|\n|upkeep\n|\n|t:|1700598042\n|switch|p1a: le papier sa coupe|Kartana, shiny|100\/100\n|turn|3\n|\n|t:|1700598051\n|move|p1a: le papier sa coupe|Sacred Sword|p2a: Gumshoos\n|-supereffective|p2a: Gumshoos\n|-damage|p2a: Gumshoos|0 fnt\n|faint|p2a: Gumshoos\n|-ability|p1a: le papier sa coupe|Beast Boost|boost\n|-boost|p1a: le papier sa coupe|atk|1\n|\n|upkeep\n|\n|t:|1700598057\n|switch|p2a: Oricorio|Oricorio-Pa'u, F, shiny|100\/100\n|-damage|p2a: Oricorio|76\/100|[from] Stealth Rock\n|turn|4\n|\n|t:|1700598062\n|move|p1a: le papier sa coupe|Sacred Sword|p2a: Oricorio\n|-resisted|p2a: Oricorio\n|-crit|p2a: Oricorio\n|-damage|p2a: Oricorio|56\/100\n|move|p2a: Oricorio|Quiver Dance|p2a: Oricorio\n|-boost|p2a: Oricorio|spa|1\n|-boost|p2a: Oricorio|spd|1\n|-boost|p2a: Oricorio|spe|1\n|\n|upkeep\n|turn|5\n|\n|t:|1700598072\n|move|p1a: le papier sa coupe|Sacred Sword|p2a: Oricorio\n|-resisted|p2a: Oricorio\n|-damage|p2a: Oricorio|43\/100\n|move|p2a: Oricorio|Air Slash|p1a: le papier sa coupe\n|-damage|p1a: le papier sa coupe|0 fnt\n|faint|p1a: le papier sa coupe\n|\n|upkeep\n|\n|t:|1700598077\n|switch|p1a: un bon toutou|Lycanroc-Dusk, M|100\/100\n|turn|6\n|\n|t:|1700598081\n|move|p1a: un bon toutou|Accelerock|p2a: Oricorio\n|-supereffective|p2a: Oricorio\n|-damage|p2a: Oricorio|0 fnt\n|faint|p2a: Oricorio\n|\n|upkeep\n|\n|t:|1700598086\n|switch|p2a: Komala|Komala, M, shiny|100\/100\n|-ability|p2a: Komala|Comatose\n|turn|7\n|\n|t:|1700598091\n|-zpower|p1a: un bon toutou\n|move|p1a: un bon toutou|Z-Happy Hour|p1a: un bon toutou|[anim]Happy Hour\n|-boost|p1a: un bon toutou|atk|1|[zeffect]\n|-boost|p1a: un bon toutou|def|1|[zeffect]\n|-boost|p1a: un bon toutou|spa|1|[zeffect]\n|-boost|p1a: un bon toutou|spd|1|[zeffect]\n|-boost|p1a: un bon toutou|spe|1|[zeffect]\n|move|p2a: Komala|Earthquake|p1a: un bon toutou\n|-supereffective|p1a: un bon toutou\n|-damage|p1a: un bon toutou|23\/100\n|\n|upkeep\n|turn|8\n|\n|t:|1700598101\n|move|p1a: un bon toutou|Crunch|p2a: Komala\n|-damage|p2a: Komala|28\/100\n|move|p2a: Komala|Earthquake|p1a: un bon toutou\n|-supereffective|p1a: un bon toutou\n|-damage|p1a: un bon toutou|0 fnt\n|faint|p1a: un bon toutou\n|\n|upkeep\n|\n|t:|1700598107\n|switch|p1a: surnom imaginatif|Kommo-o, M|100\/100\n|turn|9\n|\n|t:|1700598113\n|move|p1a: surnom imaginatif|Body Press|p2a: Komala\n|-supereffective|p2a: Komala\n|-damage|p2a: Komala|0 fnt\n|faint|p2a: Komala\n|\n|upkeep\n|\n|t:|1700598118\n|switch|p2a: Muk|Muk-Alola, M, shiny|100\/100\n|-damage|p2a: Muk|88\/100|[from] Stealth Rock\n|turn|10\n|\n|t:|1700598125\n|-terastallize|p2a: Muk|Poison\n|move|p1a: surnom imaginatif|Iron Defense|p1a: surnom imaginatif\n|-boost|p1a: surnom imaginatif|def|2\n|move|p2a: Muk|Curse|p2a: Muk\n|-unboost|p2a: Muk|spe|1\n|-boost|p2a: Muk|atk|1\n|-boost|p2a: Muk|def|1\n|\n|upkeep\n|turn|11\n|\n|t:|1700598135\n|move|p1a: surnom imaginatif|Body Press|p2a: Muk\n|-resisted|p2a: Muk\n|-damage|p2a: Muk|67\/100\n|move|p2a: Muk|Poison Fang|p1a: surnom imaginatif\n|-damage|p1a: surnom imaginatif|77\/100\n|\n|-heal|p1a: surnom imaginatif|83\/100|[from] item: Leftovers\n|upkeep\n|turn|12\n|\n|t:|1700598142\n|switch|p2a: Ninetales|Ninetales-Alola, F, shiny|100\/100\n|-damage|p2a: Ninetales|76\/100|[from] Stealth Rock\n|-weather|Snow|[from] ability: Snow Warning|[of] p2a: Ninetales\n|move|p1a: surnom imaginatif|Body Press|p2a: Ninetales\n|-damage|p2a: Ninetales|14\/100\n|\n|-weather|Snow|[upkeep]\n|-heal|p1a: surnom imaginatif|89\/100|[from] item: Leftovers\n|upkeep\n|turn|13\n|\n|t:|1700598147\n|move|p2a: Ninetales|Moonblast|p1a: surnom imaginatif\n|-supereffective|p1a: surnom imaginatif\n|-damage|p1a: surnom imaginatif|0 fnt\n|faint|p1a: surnom imaginatif\n|\n|-weather|Snow|[upkeep]\n|upkeep\n|\n|t:|1700598152\n|switch|p1a: zero de moyenne|Zeraora, shiny|100\/100\n|turn|14\n|\n|t:|1700598160\n|move|p1a: zero de moyenne|Drain Punch|p2a: Ninetales\n|-crit|p2a: Ninetales\n|-damage|p2a: Ninetales|0 fnt\n|faint|p2a: Ninetales\n|\n|-weather|Snow|[upkeep]\n|upkeep\n|\n|t:|1700598164\n|switch|p2a: Muk|Muk-Alola, M, shiny, tera:Poison|67\/100\n|-damage|p2a: Muk|54\/100|[from] Stealth Rock\n|turn|15\n|inactive|skittymiaou has 120 seconds left.\n|\n|t:|1700598199\n|move|p1a: zero de moyenne|Drain Punch|p2a: Muk\n|-resisted|p2a: Muk\n|-damage|p2a: Muk|35\/100\n|move|p2a: Muk|Poison Fang|p1a: zero de moyenne\n|-damage|p1a: zero de moyenne|42\/100\n|\n|-weather|Snow|[upkeep]\n|upkeep\n|turn|16\n|\n|t:|1700598206\n|move|p1a: zero de moyenne|Drain Punch|p2a: Muk\n|-resisted|p2a: Muk\n|-damage|p2a: Muk|18\/100\n|-heal|p1a: zero de moyenne|53\/100|[from] drain|[of] p2a: Muk\n|move|p2a: Muk|Poison Fang|p1a: zero de moyenne\n|-damage|p1a: zero de moyenne|3\/100\n|\n|-weather|none\n|upkeep\n|turn|17\n|\n|t:|1700598213\n|move|p1a: zero de moyenne|Drain Punch|p2a: Muk\n|-resisted|p2a: Muk\n|-damage|p2a: Muk|1\/100\n|-heal|p1a: zero de moyenne|14\/100|[from] drain|[of] p2a: Muk\n|move|p2a: Muk|Poison Fang|p1a: zero de moyenne\n|-damage|p1a: zero de moyenne|0 fnt\n|faint|p1a: zero de moyenne\n|\n|upkeep\n|\n|t:|1700598221\n|switch|p1a: Drampa|Drampa, F|100\/100\n|turn|18\n|\n|t:|1700598226\n|move|p2a: Muk|Rest|p2a: Muk\n|-status|p2a: Muk|slp|[from] move: Rest\n|-heal|p2a: Muk|100\/100 slp|[silent]\n|-enditem|p2a: Muk|Chesto Berry|[eat]\n|-curestatus|p2a: Muk|slp|[msg]\n|move|p1a: Drampa|Flamethrower|p2a: Muk\n|-damage|p2a: Muk|74\/100\n|\n|upkeep\n|turn|19\n|\n|t:|1700598236\n|move|p2a: Muk|Curse|p2a: Muk\n|-unboost|p2a: Muk|spe|1\n|-boost|p2a: Muk|atk|1\n|-boost|p2a: Muk|def|1\n|move|p1a: Drampa|Flamethrower|p2a: Muk\n|-damage|p2a: Muk|42\/100\n|\n|upkeep\n|turn|20\n|\n|t:|1700598241\n|move|p1a: Drampa|Flamethrower|p2a: Muk\n|-damage|p2a: Muk|10\/100\n|move|p2a: Muk|Crunch|p1a: Drampa\n|-damage|p1a: Drampa|32\/100\n|-ability|p1a: Drampa|Berserk|boost\n|-boost|p1a: Drampa|spa|1\n|\n|upkeep\n|turn|21\n|\n|t:|1700598248\n|move|p1a: Drampa|Flamethrower|p2a: Muk\n|-damage|p2a: Muk|0 fnt\n|faint|p2a: Muk\n|\n|upkeep\n|\n|t:|1700598250\n|switch|p2a: Togedemaru|Togedemaru, M, shiny|100\/100\n|-damage|p2a: Togedemaru|95\/100|[from] Stealth Rock\n|turn|22\n|\n|t:|1700598255\n|move|p2a: Togedemaru|Iron Head|p1a: Drampa\n|-damage|p1a: Drampa|0 fnt\n|faint|p1a: Drampa\n|\n|win|The.Only.Dev\n|raw|skittymiaou's rating: 1083 &rarr; <strong>1055<\/strong><br \/>(-28 for losing)\n|raw|The.Only.Dev's rating: 1000 &rarr; <strong>1049<\/strong><br \/>(+49 for winning)\n|c|\u2606The.Only.Dev|gg\n","uploadtime":1700598263,"views":8,"p1id":"skittymiaou","p2id":"theonlydev","formatid":"gen9nationaldex","rating":1049,"private":0,"password":""}