{"id":"gen9nationaldex-1996601795","p1":"HevijakTheGreat","p2":"steelix217891011","format":"[Gen 9] National Dex","log":"|html|<div class=\"broadcast-blue\"><strong>[Gen 9] National Dex is currently suspecting Sneasler! For information on how to participate check out the <a href=\"https:\/\/www.smogon.com\/forums\/threads\/sv-national-dex-suspect-8-just-dance.3731534\/\">suspect thread<\/a>.<\/strong><\/div>\n|j|\u2606HevijakTheGreat\n|j|\u2606steelix217891011\n|t:|1700699272\n|gametype|singles\n|player|p1|HevijakTheGreat|102|1103\n|player|p2|steelix217891011|marshal|1144\n|teamsize|p1|6\n|teamsize|p2|6\n|gen|9\n|tier|[Gen 9] National Dex\n|rated|\n|rule|HP Percentage Mod: HP is shown in percentages\n|rule|Endless Battle Clause: Forcing endless battles is banned\n|rule|OHKO Clause: OHKO moves are banned\n|rule|Evasion Clause: Evasion abilities, items, and moves are banned\n|rule|Evasion Abilities Clause: Evasion abilities are banned\n|rule|Evasion Items Clause: Evasion items are banned\n|rule|Evasion Moves Clause: Evasion moves are banned\n|rule|Species Clause: Limit one of each Pok\u00e9mon\n|rule|Sleep Clause Mod: Limit one foe put to sleep\n|clearpoke\n|poke|p1|Samurott-Hisui, F|\n|poke|p1|Ferrothorn, F|\n|poke|p1|Manaphy|\n|poke|p1|Skeledirge, M|\n|poke|p1|Lopunny, F|\n|poke|p1|Azelf|\n|poke|p2|Swampert, M|\n|poke|p2|Sinistcha-Masterpiece|\n|poke|p2|Skeledirge, M|\n|poke|p2|Bisharp, M|\n|poke|p2|Salamence, M|\n|poke|p2|Gliscor, M|\n|teampreview\n|inactive|Battle timer is ON: inactive players will automatically lose when time's up. (requested by steelix217891011)\n|\n|t:|1700699300\n|start\n|switch|p1a: Manaphy|Manaphy|100\/100\n|switch|p2a: Bisharp|Bisharp, M|100\/100\n|turn|1\n|\n|t:|1700699306\n|move|p1a: Manaphy|Tail Glow|p1a: Manaphy\n|-boost|p1a: Manaphy|spa|3\n|move|p2a: Bisharp|Swords Dance|p2a: Bisharp\n|-boost|p2a: Bisharp|atk|2\n|\n|upkeep\n|turn|2\n|\n|t:|1700699331\n|move|p1a: Manaphy|Scald|p2a: Bisharp\n|-damage|p2a: Bisharp|25\/100\n|move|p2a: Bisharp|Swords Dance|p2a: Bisharp\n|-boost|p2a: Bisharp|atk|2\n|\n|upkeep\n|turn|3\n|\n|t:|1700699341\n|move|p2a: Bisharp|Sucker Punch||[still]\n|-fail|p2a: Bisharp\n|move|p1a: Manaphy|Tail Glow|p1a: Manaphy\n|-boost|p1a: Manaphy|spa|3\n|\n|upkeep\n|turn|4\n|\n|t:|1700699346\n|move|p2a: Bisharp|Sucker Punch||[still]\n|-fail|p2a: Bisharp\n|move|p1a: Manaphy|Tail Glow|p1a: Manaphy\n|-boost|p1a: Manaphy|spa|0\n|\n|upkeep\n|turn|5\n|inactive|HevijakTheGreat has 120 seconds left.\n|\n|t:|1700699377\n|move|p2a: Bisharp|Sucker Punch||[still]\n|-fail|p2a: Bisharp\n|move|p1a: Manaphy|Tail Glow|p1a: Manaphy\n|-boost|p1a: Manaphy|spa|0\n|\n|upkeep\n|turn|6\n|\n|t:|1700699384\n|move|p2a: Bisharp|Sucker Punch||[still]\n|-fail|p2a: Bisharp\n|move|p1a: Manaphy|Tail Glow|p1a: Manaphy\n|-boost|p1a: Manaphy|spa|0\n|\n|upkeep\n|turn|7\n|\n|t:|1700699393\n|move|p2a: Bisharp|Sucker Punch||[still]\n|-fail|p2a: Bisharp\n|move|p1a: Manaphy|Tail Glow|p1a: Manaphy\n|-boost|p1a: Manaphy|spa|0\n|\n|upkeep\n|turn|8\n|\n|t:|1700699397\n|move|p1a: Manaphy|Tail Glow|p1a: Manaphy\n|-boost|p1a: Manaphy|spa|0\n|move|p2a: Bisharp|Iron Head|p1a: Manaphy\n|-resisted|p1a: Manaphy\n|-damage|p1a: Manaphy|39\/100\n|\n|upkeep\n|turn|9\n|\n|t:|1700699403\n|move|p2a: Bisharp|Sucker Punch|p1a: Manaphy\n|-damage|p1a: Manaphy|0 fnt\n|faint|p1a: Manaphy\n|\n|upkeep\n|\n|t:|1700699410\n|switch|p1a: Samurott|Samurott-Hisui, F|100\/100\n|turn|10\n|\n|t:|1700699413\n|move|p1a: Samurott|Sacred Sword|p2a: Bisharp\n|-supereffective|p2a: Bisharp\n|-damage|p2a: Bisharp|0 fnt\n|faint|p2a: Bisharp\n|\n|upkeep\n|\n|t:|1700699418\n|switch|p2a: Skeledirge|Skeledirge, M, shiny|100\/100\n|turn|11\n|c|\u2606steelix217891011|misclick\n|\n|t:|1700699446\n|move|p1a: Samurott|Aqua Cutter|p2a: Skeledirge\n|-supereffective|p2a: Skeledirge\n|-damage|p2a: Skeledirge|9\/100\n|move|p2a: Skeledirge|Will-O-Wisp|p1a: Samurott\n|-status|p1a: Samurott|brn\n|\n|-damage|p1a: Samurott|94\/100 brn|[from] brn\n|upkeep\n|turn|12\n|\n|t:|1700699456\n|move|p1a: Samurott|Ceaseless Edge|p2a: Skeledirge\n|-supereffective|p2a: Skeledirge\n|-damage|p2a: Skeledirge|0 fnt\n|-sidestart|p2: steelix217891011|Spikes\n|faint|p2a: Skeledirge\n|\n|-damage|p1a: Samurott|88\/100 brn|[from] brn\n|upkeep\n|\n|t:|1700699459\n|switch|p2a: Salamence|Salamence, M|100\/100\n|turn|13\n|\n|t:|1700699474\n|move|p2a: Salamence|Dragon Dance|p2a: Salamence\n|-boost|p2a: Salamence|atk|1\n|-boost|p2a: Salamence|spe|1\n|move|p1a: Samurott|Ceaseless Edge|p2a: Salamence\n|-damage|p2a: Salamence|71\/100\n|-sidestart|p2: steelix217891011|Spikes\n|\n|-damage|p1a: Samurott|82\/100 brn|[from] brn\n|upkeep\n|turn|14\n|\n|t:|1700699478\n|move|p2a: Salamence|Dual Wingbeat|p1a: Samurott\n|-damage|p1a: Samurott|40\/100 brn\n|-damage|p1a: Samurott|0 fnt\n|faint|p1a: Samurott\n|-ability|p2a: Salamence|Moxie|boost\n|-boost|p2a: Salamence|atk|1\n|-hitcount|p1: Samurott|2\n|\n|upkeep\n|\n|t:|1700699482\n|switch|p1a: Ferrothorn|Ferrothorn, F|100\/100\n|turn|15\n|\n|t:|1700699490\n|move|p1a: Ferrothorn|Protect|p1a: Ferrothorn\n|-singleturn|p1a: Ferrothorn|Protect\n|move|p2a: Salamence|Dual Wingbeat|p1a: Ferrothorn\n|-activate|p1a: Ferrothorn|move: Protect\n|\n|upkeep\n|turn|16\n|\n|t:|1700699506\n|move|p2a: Salamence|Dragon Dance|p2a: Salamence\n|-boost|p2a: Salamence|atk|1\n|-boost|p2a: Salamence|spe|1\n|move|p1a: Ferrothorn|Thunder Wave|p2a: Salamence\n|-status|p2a: Salamence|par\n|\n|upkeep\n|turn|17\n|\n|t:|1700699510\n|move|p2a: Salamence|Dual Wingbeat|p1a: Ferrothorn\n|-damage|p1a: Ferrothorn|67\/100\n|-damage|p2a: Salamence|59\/100 par|[from] ability: Iron Barbs|[of] p1a: Ferrothorn\n|-damage|p2a: Salamence|42\/100 par|[from] item: Rocky Helmet|[of] p1a: Ferrothorn\n|-damage|p1a: Ferrothorn|33\/100\n|-damage|p2a: Salamence|30\/100 par|[from] ability: Iron Barbs|[of] p1a: Ferrothorn\n|-damage|p2a: Salamence|13\/100 par|[from] item: Rocky Helmet|[of] p1a: Ferrothorn\n|-hitcount|p1a: Ferrothorn|2\n|move|p1a: Ferrothorn|Leech Seed|p2a: Salamence\n|-start|p2a: Salamence|move: Leech Seed\n|\n|-damage|p2a: Salamence|1\/100 par|[from] Leech Seed|[of] p1a: Ferrothorn\n|-heal|p1a: Ferrothorn|44\/100|[silent]\n|upkeep\n|turn|18\n|\n|t:|1700699527\n|move|p1a: Ferrothorn|Protect|p1a: Ferrothorn\n|-singleturn|p1a: Ferrothorn|Protect\n|move|p2a: Salamence|Dual Wingbeat|p1a: Ferrothorn\n|-activate|p1a: Ferrothorn|move: Protect\n|\n|-damage|p2a: Salamence|0 fnt|[from] Leech Seed|[of] p1a: Ferrothorn\n|-heal|p1a: Ferrothorn|45\/100|[silent]\n|faint|p2a: Salamence\n|upkeep\n|\n|t:|1700699530\n|switch|p2a: Gliscor|Gliscor, M|100\/100\n|turn|19\n|\n|t:|1700699538\n|move|p2a: Gliscor|Swords Dance|p2a: Gliscor\n|-boost|p2a: Gliscor|atk|2\n|move|p1a: Ferrothorn|Leech Seed|p2a: Gliscor\n|-start|p2a: Gliscor|move: Leech Seed\n|\n|-damage|p2a: Gliscor|88\/100|[from] Leech Seed|[of] p1a: Ferrothorn\n|-heal|p1a: Ferrothorn|55\/100|[silent]\n|-status|p2a: Gliscor|tox|[from] item: Toxic Orb\n|upkeep\n|turn|20\n|\n|t:|1700699542\n|move|p2a: Gliscor|Swords Dance|p2a: Gliscor\n|-boost|p2a: Gliscor|atk|2\n|move|p1a: Ferrothorn|Stealth Rock|p2a: Gliscor\n|-sidestart|p2: steelix217891011|move: Stealth Rock\n|\n|-damage|p2a: Gliscor|76\/100 tox|[from] Leech Seed|[of] p1a: Ferrothorn\n|-heal|p1a: Ferrothorn|65\/100|[silent]\n|-heal|p2a: Gliscor|88\/100 tox|[from] ability: Poison Heal\n|upkeep\n|turn|21\n|\n|t:|1700699562\n|move|p1a: Ferrothorn|Protect|p1a: Ferrothorn\n|-singleturn|p1a: Ferrothorn|Protect\n|move|p2a: Gliscor|Swords Dance|p2a: Gliscor\n|-boost|p2a: Gliscor|atk|2\n|\n|-damage|p2a: Gliscor|76\/100 tox|[from] Leech Seed|[of] p1a: Ferrothorn\n|-heal|p1a: Ferrothorn|76\/100|[silent]\n|-heal|p2a: Gliscor|88\/100 tox|[from] ability: Poison Heal\n|upkeep\n|turn|22\n|inactive|HevijakTheGreat has 120 seconds left.\n|\n|t:|1700699605\n|move|p2a: Gliscor|Facade|p1a: Ferrothorn\n|-resisted|p1a: Ferrothorn\n|-damage|p1a: Ferrothorn|29\/100\n|-damage|p2a: Gliscor|76\/100 tox|[from] ability: Iron Barbs|[of] p1a: Ferrothorn\n|-damage|p2a: Gliscor|59\/100 tox|[from] item: Rocky Helmet|[of] p1a: Ferrothorn\n|move|p1a: Ferrothorn|Stealth Rock||[still]\n|-fail|p1a: Ferrothorn\n|\n|-damage|p2a: Gliscor|47\/100 tox|[from] Leech Seed|[of] p1a: Ferrothorn\n|-heal|p1a: Ferrothorn|39\/100|[silent]\n|-heal|p2a: Gliscor|59\/100 tox|[from] ability: Poison Heal\n|upkeep\n|turn|23\n|\n|t:|1700699625\n|switch|p1a: Skeledirge|Skeledirge, M|100\/100\n|move|p2a: Gliscor|Protect||[still]\n|-fail|p2a: Gliscor\n|\n|-damage|p2a: Gliscor|47\/100 tox|[from] Leech Seed|[of] p1a: Skeledirge\n|-heal|p2a: Gliscor|59\/100 tox|[from] ability: Poison Heal\n|upkeep\n|turn|24\n|\n|t:|1700699633\n|move|p2a: Gliscor|Earthquake|p1a: Skeledirge\n|-supereffective|p1a: Skeledirge\n|-damage|p1a: Skeledirge|31\/100\n|move|p1a: Skeledirge|Torch Song|p2a: Gliscor\n|-damage|p2a: Gliscor|0 fnt\n|-boost|p1a: Skeledirge|spa|1\n|faint|p2a: Gliscor\n|\n|upkeep\n|\n|t:|1700699639\n|switch|p2a: Swampert|Swampert, M|100\/100\n|-damage|p2a: Swampert|84\/100|[from] Spikes\n|-damage|p2a: Swampert|78\/100|[from] Stealth Rock\n|turn|25\n|inactive|HevijakTheGreat has 120 seconds left.\n|\n|t:|1700699652\n|detailschange|p2a: Swampert|Swampert-Mega, M\n|-mega|p2a: Swampert|Swampert|Swampertite\n|move|p2a: Swampert|Waterfall|p1a: Skeledirge\n|-supereffective|p1a: Skeledirge\n|-damage|p1a: Skeledirge|0 fnt\n|faint|p1a: Skeledirge\n|\n|upkeep\n|\n|t:|1700699657\n|switch|p1a: Ferrothorn|Ferrothorn, F|39\/100\n|turn|26\n|\n|t:|1700699663\n|move|p2a: Swampert|Earthquake|p1a: Ferrothorn\n|-damage|p1a: Ferrothorn|0 fnt\n|faint|p1a: Ferrothorn\n|\n|upkeep\n|\n|t:|1700699670\n|switch|p1a: Azelf|Azelf|100\/100\n|turn|27\n|\n|t:|1700699686\n|move|p1a: Azelf|Zen Headbutt|p2a: Swampert\n|-damage|p2a: Swampert|44\/100\n|cant|p2a: Swampert|flinch\n|\n|upkeep\n|turn|28\n|\n|t:|1700699709\n|move|p1a: Azelf|Zen Headbutt|p2a: Swampert\n|-damage|p2a: Swampert|10\/100\n|cant|p2a: Swampert|flinch\n|\n|upkeep\n|turn|29\n|\n|t:|1700699714\n|move|p1a: Azelf|U-turn|p2a: Swampert\n|-crit|p2a: Swampert\n|-damage|p2a: Swampert|0 fnt\n|faint|p2a: Swampert\n|\n|t:|1700699717\n|switch|p1a: Lopunny|Lopunny, F|100\/100|[from] U-turn\n|\n|upkeep\n|c|\u2606steelix217891011|:O\n|\n|t:|1700699721\n|switch|p2a: Sinistcha|Sinistcha-Masterpiece|100\/100\n|-damage|p2a: Sinistcha|84\/100|[from] Spikes\n|-damage|p2a: Sinistcha|72\/100|[from] Stealth Rock\n|turn|30\n|\n|t:|1700699742\n|detailschange|p1a: Lopunny|Lopunny-Mega, F\n|-mega|p1a: Lopunny|Lopunny|Lopunnite\n|move|p1a: Lopunny|Ice Punch|p2a: Sinistcha\n|-supereffective|p2a: Sinistcha\n|-damage|p2a: Sinistcha|18\/100\n|move|p2a: Sinistcha|Strength Sap|p1a: Lopunny\n|-unboost|p1a: Lopunny|atk|1\n|-heal|p2a: Sinistcha|100\/100\n|\n|upkeep\n|turn|31\n|\n|t:|1700699751\n|move|p1a: Lopunny|Ice Punch|p2a: Sinistcha\n|-supereffective|p2a: Sinistcha\n|-damage|p2a: Sinistcha|67\/100\n|move|p2a: Sinistcha|Strength Sap|p1a: Lopunny\n|-unboost|p1a: Lopunny|atk|1\n|-heal|p2a: Sinistcha|100\/100\n|\n|upkeep\n|turn|32\n|\n|t:|1700699756\n|move|p1a: Lopunny|U-turn|p2a: Sinistcha\n|-damage|p2a: Sinistcha|89\/100\n|\n|t:|1700699759\n|switch|p1a: Azelf|Azelf|100\/100|[from] U-turn\n|move|p2a: Sinistcha|Strength Sap|p1a: Azelf\n|-unboost|p1a: Azelf|atk|1\n|-heal|p2a: Sinistcha|100\/100\n|\n|upkeep\n|turn|33\n|\n|t:|1700699766\n|move|p1a: Azelf|Knock Off|p2a: Sinistcha\n|-supereffective|p2a: Sinistcha\n|-damage|p2a: Sinistcha|62\/100\n|-enditem|p2a: Sinistcha|Big Root|[from] move: Knock Off|[of] p1a: Azelf\n|move|p2a: Sinistcha|Strength Sap|p1a: Azelf\n|-unboost|p1a: Azelf|atk|1\n|-heal|p2a: Sinistcha|100\/100\n|\n|upkeep\n|turn|34\n|inactive|HevijakTheGreat has 120 seconds left.\n|\n|t:|1700699809\n|move|p1a: Azelf|Knock Off|p2a: Sinistcha\n|-supereffective|p2a: Sinistcha\n|-damage|p2a: Sinistcha|80\/100\n|move|p2a: Sinistcha|Shadow Ball|p1a: Azelf\n|-supereffective|p1a: Azelf\n|-enditem|p1a: Azelf|Focus Sash\n|-damage|p1a: Azelf|1\/100\n|\n|upkeep\n|turn|35\n|\n|t:|1700699818\n|move|p1a: Azelf|Zen Headbutt|p2a: Sinistcha\n|-damage|p2a: Sinistcha|59\/100\n|move|p2a: Sinistcha|Strength Sap|p1a: Azelf\n|-unboost|p1a: Azelf|atk|1\n|-heal|p2a: Sinistcha|100\/100\n|\n|upkeep\n|turn|36\n|inactive|HevijakTheGreat has 120 seconds left.\n|\n|t:|1700699838\n|move|p1a: Azelf|U-turn|p2a: Sinistcha\n|-damage|p2a: Sinistcha|92\/100\n|\n|t:|1700699840\n|switch|p1a: Lopunny|Lopunny-Mega, F|100\/100|[from] U-turn\n|move|p2a: Sinistcha|Matcha Gotcha|p1a: Lopunny\n|-damage|p1a: Lopunny|44\/100\n|-heal|p2a: Sinistcha|100\/100|[from] drain|[of] p1a: Lopunny\n|\n|upkeep\n|turn|37\n|inactive|HevijakTheGreat has 120 seconds left.\n|\n|t:|1700699846\n|move|p1a: Lopunny|Ice Punch|p2a: Sinistcha\n|-supereffective|p2a: Sinistcha\n|-damage|p2a: Sinistcha|53\/100\n|move|p2a: Sinistcha|Strength Sap|p1a: Lopunny\n|-unboost|p1a: Lopunny|atk|1\n|-heal|p2a: Sinistcha|100\/100\n|\n|upkeep\n|turn|38\n|\n|t:|1700699853\n|move|p1a: Lopunny|Ice Punch|p2a: Sinistcha\n|-supereffective|p2a: Sinistcha\n|-damage|p2a: Sinistcha|68\/100\n|move|p2a: Sinistcha|Strength Sap|p1a: Lopunny\n|-unboost|p1a: Lopunny|atk|1\n|-heal|p2a: Sinistcha|100\/100\n|\n|upkeep\n|turn|39\n|\n|t:|1700699863\n|move|p1a: Lopunny|Ice Punch|p2a: Sinistcha\n|-supereffective|p2a: Sinistcha\n|-damage|p2a: Sinistcha|75\/100\n|move|p2a: Sinistcha|Matcha Gotcha|p1a: Lopunny\n|-damage|p1a: Lopunny|0 fnt\n|-heal|p2a: Sinistcha|92\/100|[from] drain|[of] p1a: Lopunny\n|faint|p1a: Lopunny\n|\n|upkeep\n|\n|t:|1700699879\n|switch|p1a: Azelf|Azelf|1\/100\n|turn|40\n|-message|HevijakTheGreat forfeited.\n|\n|win|steelix217891011\n|raw|HevijakTheGreat's rating: 1103 &rarr; <strong>1081<\/strong><br \/>(-22 for losing)\n|raw|steelix217891011's rating: 1144 &rarr; <strong>1166<\/strong><br \/>(+22 for winning)\n|l|\u2606HevijakTheGreat\n|c|\u2606steelix217891011|gg\n","uploadtime":1700699896,"views":19,"p1id":"hevijakthegreat","p2id":"steelix217891011","formatid":"gen9nationaldex","rating":1081,"private":0,"password":""}