{"id":"gen9nationaldex-1993331796","p1":"mtyqjltz6","p2":"pashimali","format":"[Gen 9] National Dex","log":"|j|\u2606mtyqjltz6\n|j|\u2606pashimali\n|t:|1700300031\n|gametype|singles\n|player|p1|mtyqjltz6|elesa|1260\n|player|p2|pashimali|whitney|1313\n|teamsize|p1|6\n|teamsize|p2|6\n|gen|9\n|tier|[Gen 9] National Dex\n|rated|\n|rule|HP Percentage Mod: HP is shown in percentages\n|rule|Endless Battle Clause: Forcing endless battles is banned\n|rule|OHKO Clause: OHKO moves are banned\n|rule|Evasion Clause: Evasion abilities, items, and moves are banned\n|rule|Evasion Abilities Clause: Evasion abilities are banned\n|rule|Evasion Items Clause: Evasion items are banned\n|rule|Evasion Moves Clause: Evasion moves are banned\n|rule|Species Clause: Limit one of each Pok\u00e9mon\n|rule|Sleep Clause Mod: Limit one foe put to sleep\n|clearpoke\n|poke|p1|Raticate, M|\n|poke|p1|Slowking-Galar, M|\n|poke|p1|Diancie|\n|poke|p1|Rillaboom, F|\n|poke|p1|Zapdos|\n|poke|p1|Blacephalon|\n|poke|p2|Ogerpon-Wellspring, F|\n|poke|p2|Lopunny, M|\n|poke|p2|Cinderace, M|\n|poke|p2|Garchomp, F|\n|poke|p2|Tapu Lele|\n|poke|p2|Bellibolt, F|\n|teampreview\n|inactive|Battle timer is ON: inactive players will automatically lose when time's up. (requested by pashimali)\n|\n|t:|1700300057\n|start\n|switch|p1a: Zapdos|Zapdos|100\/100\n|switch|p2a: Lopunny|Lopunny, M|100\/100\n|turn|1\n|\n|t:|1700300063\n|switch|p2a: Bellibolt|Bellibolt, F|100\/100\n|move|p1a: Zapdos|Hurricane|p2a: Bellibolt\n|-resisted|p2a: Bellibolt\n|-damage|p2a: Bellibolt|80\/100\n|-start|p2a: Bellibolt|Charge|Hurricane|[from] ability: Electromorphosis\n|\n|-heal|p2a: Bellibolt|86\/100|[from] item: Leftovers\n|upkeep\n|turn|2\n|\n|t:|1700300069\n|switch|p1a: Slowking|Slowking-Galar, M, shiny|100\/100\n|move|p2a: Bellibolt|Volt Switch|p1a: Slowking\n|-crit|p1a: Slowking\n|-damage|p1a: Slowking|55\/100\n|-end|p2a: Bellibolt|Charge|[silent]\n|c|\u2606pashimali|Raticate ?\n|\n|t:|1700300091\n|switch|p2a: Garchomp|Garchomp, F|100\/100|[from] Volt Switch\n|\n|upkeep\n|turn|3\n|\n|t:|1700300102\n|switch|p1a: Zapdos|Zapdos|100\/100\n|move|p2a: Garchomp|Swords Dance|p2a: Garchomp\n|-boost|p2a: Garchomp|atk|2\n|\n|upkeep\n|turn|4\n|\n|t:|1700300114\n|-terastallize|p1a: Zapdos|Steel\n|move|p2a: Garchomp|Scale Shot|p1a: Zapdos\n|-resisted|p1a: Zapdos\n|-damage|p1a: Zapdos|91\/100\n|-resisted|p1a: Zapdos\n|-damage|p1a: Zapdos|81\/100\n|-resisted|p1a: Zapdos\n|-damage|p1a: Zapdos|71\/100\n|-resisted|p1a: Zapdos\n|-damage|p1a: Zapdos|62\/100\n|-hitcount|p1a: Zapdos|4\n|-unboost|p2a: Garchomp|def|1\n|-boost|p2a: Garchomp|spe|1\n|move|p1a: Zapdos|Hurricane|p2a: Garchomp\n|-damage|p2a: Garchomp|51\/100\n|-start|p2a: Garchomp|confusion\n|\n|upkeep\n|turn|5\n|\n|t:|1700300128\n|switch|p1a: Rillaboom|Rillaboom, F|100\/100\n|-fieldstart|move: Grassy Terrain|[from] ability: Grassy Surge|[of] p1a: Rillaboom\n|-activate|p2a: Garchomp|confusion\n|move|p2a: Garchomp|Earthquake|p1a: Rillaboom\n|-resisted|p1a: Rillaboom\n|-damage|p1a: Rillaboom|71\/100\n|\n|-heal|p2a: Garchomp|57\/100|[from] Grassy Terrain\n|-heal|p1a: Rillaboom|78\/100|[from] Grassy Terrain\n|upkeep\n|turn|6\n|\n|t:|1700300136\n|move|p1a: Rillaboom|Grassy Glide|p2a: Garchomp\n|-damage|p2a: Garchomp|0 fnt\n|-damage|p1a: Rillaboom|65\/100|[from] ability: Rough Skin|[of] p2a: Garchomp\n|faint|p2a: Garchomp\n|\n|-heal|p1a: Rillaboom|71\/100|[from] Grassy Terrain\n|upkeep\n|\n|t:|1700300142\n|switch|p2a: Cinderace|Cinderace, M|100\/100\n|turn|7\n|\n|t:|1700300156\n|switch|p1a: Diancie|Diancie, shiny|100\/100\n|move|p2a: Cinderace|U-turn|p1a: Diancie\n|-start|p2a: Cinderace|typechange|Bug|[from] ability: Libero\n|-resisted|p1a: Diancie\n|-damage|p1a: Diancie|83\/100\n|\n|t:|1700300162\n|switch|p2a: Ogerpon|Ogerpon-Wellspring, F|100\/100|[from] U-turn\n|\n|-heal|p1a: Diancie|89\/100|[from] Grassy Terrain\n|upkeep\n|turn|8\n|\n|t:|1700300190\n|detailschange|p1a: Diancie|Diancie-Mega, shiny\n|-mega|p1a: Diancie|Diancie|Diancite\n|move|p1a: Diancie|Moonblast|p2a: Ogerpon\n|-damage|p2a: Ogerpon|31\/100\n|move|p2a: Ogerpon|Ivy Cudgel|p1a: Diancie|[anim] Ivy Cudgel Water\n|-supereffective|p1a: Diancie\n|-damage|p1a: Diancie|0 fnt\n|faint|p1a: Diancie\n|\n|-heal|p2a: Ogerpon|37\/100|[from] Grassy Terrain\n|upkeep\n|\n|t:|1700300200\n|switch|p1a: Rillaboom|Rillaboom, F|71\/100\n|turn|9\n|\n|t:|1700300205\n|move|p1a: Rillaboom|Grassy Glide|p2a: Ogerpon\n|-damage|p2a: Ogerpon|0 fnt\n|faint|p2a: Ogerpon\n|\n|-heal|p1a: Rillaboom|78\/100|[from] Grassy Terrain\n|-fieldend|move: Grassy Terrain\n|upkeep\n|\n|t:|1700300210\n|switch|p2a: Cinderace|Cinderace, M|100\/100\n|turn|10\n|\n|t:|1700300223\n|switch|p1a: Blacephalon|Blacephalon|100\/100\n|move|p2a: Cinderace|Pyro Ball|p1a: Blacephalon\n|-resisted|p1a: Blacephalon\n|-damage|p1a: Blacephalon|36\/100\n|\n|upkeep\n|turn|11\n|inactive|mtyqjltz6 has 120 seconds left.\n|\n|t:|1700300274\n|switch|p1a: Zapdos|Zapdos, tera:Steel|62\/100\n|move|p2a: Cinderace|Pyro Ball|p1a: Zapdos\n|-supereffective|p1a: Zapdos\n|-damage|p1a: Zapdos|0 fnt\n|faint|p1a: Zapdos\n|\n|upkeep\n|\n|t:|1700300287\n|switch|p1a: Slowking|Slowking-Galar, M, shiny|89\/100\n|turn|12\n|\n|t:|1700300290\n|move|p2a: Cinderace|U-turn|p1a: Slowking\n|-start|p2a: Cinderace|typechange|Bug|[from] ability: Libero\n|-damage|p1a: Slowking|55\/100\n|\n|t:|1700300295\n|switch|p2a: Tapu Lele|Tapu Lele|100\/100|[from] U-turn\n|-fieldstart|move: Psychic Terrain|[from] ability: Psychic Surge|[of] p2a: Tapu Lele\n|move|p1a: Slowking|Thunder Wave|p2a: Tapu Lele\n|-status|p2a: Tapu Lele|par\n|\n|upkeep\n|turn|13\n|\n|t:|1700300306\n|switch|p1a: Rillaboom|Rillaboom, F|78\/100\n|-fieldstart|move: Grassy Terrain|[from] ability: Grassy Surge|[of] p1a: Rillaboom\n|move|p2a: Tapu Lele|Psychic|p1a: Rillaboom\n|-damage|p1a: Rillaboom|10\/100\n|\n|-heal|p1a: Rillaboom|16\/100|[from] Grassy Terrain\n|upkeep\n|turn|14\n|\n|t:|1700300315\n|move|p1a: Rillaboom|Grassy Glide|p2a: Tapu Lele\n|-damage|p2a: Tapu Lele|12\/100 par\n|move|p2a: Tapu Lele|Psychic|p1a: Rillaboom\n|-damage|p1a: Rillaboom|0 fnt\n|faint|p1a: Rillaboom\n|\n|-heal|p2a: Tapu Lele|18\/100 par|[from] Grassy Terrain\n|upkeep\n|\n|t:|1700300328\n|switch|p1a: Raticate|Raticate, M|100\/100\n|turn|15\n|\n|t:|1700300332\n|move|p1a: Raticate|Facade|p2a: Tapu Lele\n|-damage|p2a: Tapu Lele|0 fnt\n|faint|p2a: Tapu Lele\n|\n|-status|p1a: Raticate|brn|[from] item: Flame Orb\n|upkeep\n|\n|t:|1700300337\n|switch|p2a: Lopunny|Lopunny, M|100\/100\n|turn|16\n|inactive|mtyqjltz6 has 120 seconds left.\n|\n|t:|1700300352\n|switch|p1a: Slowking|Slowking-Galar, M, shiny|88\/100\n|detailschange|p2a: Lopunny|Lopunny-Mega, M\n|-mega|p2a: Lopunny|Lopunny|Lopunnite\n|move|p2a: Lopunny|Close Combat|p1a: Slowking\n|-resisted|p1a: Slowking\n|-damage|p1a: Slowking|73\/100\n|-unboost|p2a: Lopunny|def|1\n|-unboost|p2a: Lopunny|spd|1\n|\n|-heal|p1a: Slowking|79\/100|[from] Grassy Terrain\n|upkeep\n|turn|17\n|inactive|mtyqjltz6 has 120 seconds left.\n|\n|t:|1700300362\n|move|p2a: Lopunny|U-turn|p1a: Slowking\n|-damage|p1a: Slowking|51\/100\n|\n|t:|1700300365\n|switch|p2a: Bellibolt|Bellibolt, F|86\/100|[from] U-turn\n|move|p1a: Slowking|Future Sight|p2a: Bellibolt\n|-start|p1a: Slowking|move: Future Sight\n|\n|-heal|p2a: Bellibolt|92\/100|[from] Grassy Terrain\n|-heal|p2a: Bellibolt|98\/100|[from] item: Leftovers\n|-heal|p1a: Slowking|57\/100|[from] Grassy Terrain\n|-fieldend|move: Grassy Terrain\n|upkeep\n|turn|18\n|\n|t:|1700300373\n|move|p2a: Bellibolt|Discharge|p1a: Slowking\n|-damage|p1a: Slowking|40\/100\n|move|p1a: Slowking|Chilly Reception|p1a: Slowking\n|-weather|Snow\n|\n|t:|1700300376\n|switch|p1a: Raticate|Raticate, M|100\/100 brn|[from] Chilly Reception\n|\n|-weather|Snow|[upkeep]\n|-heal|p2a: Bellibolt|100\/100|[from] item: Leftovers\n|-damage|p1a: Raticate|95\/100 brn|[from] brn\n|upkeep\n|turn|19\n|\n|t:|1700300380\n|move|p1a: Raticate|Facade|p2a: Bellibolt\n|-damage|p2a: Bellibolt|50\/100\n|-start|p2a: Bellibolt|Charge|Facade|[from] ability: Electromorphosis\n|move|p2a: Bellibolt|Volt Switch|p1a: Raticate\n|-damage|p1a: Raticate|0 fnt\n|faint|p1a: Raticate\n|-end|p2a: Bellibolt|Charge|[silent]\n|\n|t:|1700300390\n|switch|p2a: Cinderace|Cinderace, M|100\/100|[from] Volt Switch\n|\n|-weather|Snow|[upkeep]\n|-end|p2a: Cinderace|move: Future Sight\n|-damage|p2a: Cinderace|35\/100\n|upkeep\n|\n|t:|1700300400\n|switch|p1a: Blacephalon|Blacephalon|36\/100\n|turn|20\n|\n|t:|1700300422\n|move|p1a: Blacephalon|Flamethrower|p2a: Cinderace\n|-resisted|p2a: Cinderace\n|-damage|p2a: Cinderace|0 fnt\n|faint|p2a: Cinderace\n|-ability|p1a: Blacephalon|Beast Boost|boost\n|-boost|p1a: Blacephalon|spa|1\n|\n|-weather|Snow|[upkeep]\n|upkeep\n|\n|t:|1700300427\n|switch|p2a: Lopunny|Lopunny-Mega, M|100\/100\n|turn|21\n|\n|t:|1700300446\n|move|p1a: Blacephalon|Flamethrower|p2a: Lopunny\n|-damage|p2a: Lopunny|0 fnt\n|faint|p2a: Lopunny\n|-ability|p1a: Blacephalon|Beast Boost|boost\n|-boost|p1a: Blacephalon|spa|1\n|\n|-weather|Snow|[upkeep]\n|upkeep\n|\n|t:|1700300448\n|switch|p2a: Bellibolt|Bellibolt, F|50\/100\n|turn|22\n|\n|t:|1700300450\n|move|p1a: Blacephalon|Flamethrower|p2a: Bellibolt\n|-damage|p2a: Bellibolt|0 fnt\n|faint|p2a: Bellibolt\n|\n|win|mtyqjltz6\n|raw|mtyqjltz6's rating: 1260 &rarr; <strong>1289<\/strong><br \/>(+29 for winning)\n|raw|pashimali's rating: 1313 &rarr; <strong>1290<\/strong><br \/>(-23 for losing)\n|l|\u2606pashimali\n","uploadtime":1700300457,"views":7,"p1id":"mtyqjltz6","p2id":"pashimali","formatid":"gen9nationaldex","rating":1289,"private":0,"password":""}