{"id":"gen9nationaldex-1987827483","p1":"TKODATRUTH","p2":"Poup94","format":"[Gen 9] National Dex","log":"|j|\u2606TKODATRUTH\n|j|\u2606Poup94\n|t:|1699640506\n|gametype|singles\n|player|p1|TKODATRUTH|unknown|1668\n|player|p2|Poup94|265|1772\n|teamsize|p1|6\n|teamsize|p2|6\n|gen|9\n|tier|[Gen 9] National Dex\n|rated|\n|rule|HP Percentage Mod: HP is shown in percentages\n|rule|Endless Battle Clause: Forcing endless battles is banned\n|rule|OHKO Clause: OHKO moves are banned\n|rule|Evasion Clause: Evasion abilities, items, and moves are banned\n|rule|Evasion Abilities Clause: Evasion abilities are banned\n|rule|Evasion Items Clause: Evasion items are banned\n|rule|Evasion Moves Clause: Evasion moves are banned\n|rule|Species Clause: Limit one of each Pok\u00e9mon\n|rule|Sleep Clause Mod: Limit one foe put to sleep\n|clearpoke\n|poke|p1|Charizard, M|\n|poke|p1|Mew|\n|poke|p1|Greninja-*, M|\n|poke|p1|Zamazenta-*|\n|poke|p1|Rillaboom, M|\n|poke|p1|Ninetales-Alola, M|\n|poke|p2|Garchomp, M|\n|poke|p2|Ogerpon-Wellspring, F|\n|poke|p2|Dondozo, M|\n|poke|p2|Heatran, M|\n|poke|p2|Zapdos|\n|poke|p2|Chansey, F|\n|teampreview\n|c|\u2606TKODATRUTH|let me win go 70%\n|c|\u2606Poup94|lol\n|inactive|Battle timer is ON: inactive players will automatically lose when time's up. (requested by TKODATRUTH)\n|inactive|TKODATRUTH has 120 seconds left.\n|j| Nomer16\n|inactive|TKODATRUTH has 90 seconds left.\n|j| elvisma\n|\n|t:|1699640638\n|start\n|switch|p1a: Kong|Rillaboom, M, shiny|100\/100\n|switch|p2a: Heatran|Heatran, M|100\/100\n|-fieldstart|move: Grassy Terrain|[from] ability: Grassy Surge|[of] p1a: Kong\n|turn|1\n|\n|t:|1699640644\n|move|p2a: Heatran|Eruption|p1a: Kong\n|-supereffective|p1a: Kong\n|-damage|p1a: Kong|0 fnt\n|faint|p1a: Kong\n|\n|upkeep\n|\n|t:|1699640653\n|switch|p1a: Jetfire|Charizard, M, shiny|100\/100\n|turn|2\n|\n|t:|1699640658\n|switch|p2a: Garchomp|Garchomp, M|100\/100\n|detailschange|p1a: Jetfire|Charizard-Mega-X, M, shiny\n|-mega|p1a: Jetfire|Charizard|Charizardite X\n|move|p1a: Jetfire|Dragon Dance|p1a: Jetfire\n|-boost|p1a: Jetfire|atk|1\n|-boost|p1a: Jetfire|spe|1\n|\n|upkeep\n|turn|3\n|\n|t:|1699640675\n|move|p2a: Garchomp|Outrage|p1a: Jetfire\n|-supereffective|p1a: Jetfire\n|-damage|p1a: Jetfire|0 fnt\n|faint|p1a: Jetfire\n|\n|upkeep\n|\n|t:|1699640687\n|switch|p1a: Silverbolt|Ninetales-Alola, M, shiny|100\/100\n|-weather|Snow|[from] ability: Snow Warning|[of] p1a: Silverbolt\n|turn|4\n|\n|t:|1699640698\n|move|p2a: Garchomp|Outrage|p1a: Silverbolt|[from]lockedmove\n|-immune|p1a: Silverbolt\n|move|p1a: Silverbolt|Freeze-Dry|p2a: Garchomp\n|-supereffective|p2a: Garchomp\n|-damage|p2a: Garchomp|15\/100\n|\n|-weather|Snow|[upkeep]\n|-heal|p2a: Garchomp|22\/100|[from] Grassy Terrain\n|upkeep\n|turn|5\n|j| nd9gd dml\n|\n|t:|1699640718\n|switch|p2a: Chansey|Chansey, F|100\/100\n|move|p1a: Silverbolt|Encore||[still]\n|-fail|p1a: Silverbolt\n|\n|-weather|Snow|[upkeep]\n|-fieldend|move: Grassy Terrain\n|upkeep\n|turn|6\n|\n|t:|1699640728\n|move|p1a: Silverbolt|Aurora Veil|p1a: Silverbolt\n|-sidestart|p1: TKODATRUTH|move: Aurora Veil\n|move|p2a: Chansey|Toxic|p1a: Silverbolt\n|-status|p1a: Silverbolt|tox\n|\n|-weather|Snow|[upkeep]\n|-damage|p1a: Silverbolt|94\/100 tox|[from] psn\n|upkeep\n|turn|7\n|inactive|TKODATRUTH has 120 seconds left.\n|\n|t:|1699640755\n|switch|p1a: Prince|Mew, shiny|100\/100\n|move|p2a: Chansey|Toxic|p1a: Prince\n|-status|p1a: Prince|tox\n|-activate|p1a: Prince|ability: Synchronize\n|-status|p2a: Chansey|tox\n|\n|-weather|Snow|[upkeep]\n|-damage|p1a: Prince|94\/100 tox|[from] psn\n|-damage|p2a: Chansey|94\/100 tox|[from] psn\n|upkeep\n|turn|8\n|inactive|TKODATRUTH has 120 seconds left.\n|\n|t:|1699640780\n|switch|p1a: Maximus|Zamazenta, shiny|100\/100\n|-ability|p1a: Maximus|Dauntless Shield|boost\n|-boost|p1a: Maximus|def|1\n|-curestatus|p2a: Chansey|tox|[from] ability: Natural Cure\n|switch|p2a: Dondozo|Dondozo, M|100\/100\n|\n|-weather|none\n|upkeep\n|turn|9\n|\n|t:|1699640802\n|switch|p1a: Silverbolt|Ninetales-Alola, M, shiny|94\/100 tox\n|-weather|Snow|[from] ability: Snow Warning|[of] p1a: Silverbolt\n|move|p2a: Dondozo|Curse|p2a: Dondozo\n|-unboost|p2a: Dondozo|spe|1\n|-boost|p2a: Dondozo|atk|1\n|-boost|p2a: Dondozo|def|1\n|\n|-weather|Snow|[upkeep]\n|-damage|p1a: Silverbolt|88\/100 tox|[from] psn\n|upkeep\n|turn|10\n|\n|t:|1699640814\n|switch|p2a: Chansey|Chansey, F|94\/100\n|move|p1a: Silverbolt|Freeze-Dry|p2a: Chansey\n|-damage|p2a: Chansey|88\/100\n|-status|p2a: Chansey|frz\n|\n|-weather|Snow|[upkeep]\n|-damage|p1a: Silverbolt|76\/100 tox|[from] psn\n|upkeep\n|turn|11\n|\n|t:|1699640831\n|switch|p1a: Optimus|Greninja, M|100\/100\n|-curestatus|p2a: Chansey|frz|[from] ability: Natural Cure\n|switch|p2a: Heatran|Heatran, M|100\/100\n|\n|-weather|Snow|[upkeep]\n|upkeep\n|turn|12\n|l| elvisma\n|\n|t:|1699640843\n|switch|p2a: Zapdos|Zapdos|100\/100\n|move|p1a: Optimus|Toxic Spikes|p2a: Zapdos\n|-sidestart|p2: Poup94|move: Toxic Spikes\n|\n|-weather|Snow|[upkeep]\n|upkeep\n|turn|13\n|inactive|TKODATRUTH has 90 seconds left.\n|\n|t:|1699640860\n|switch|p1a: Prince|Mew, shiny|94\/100 tox\n|move|p2a: Zapdos|Volt Switch|p1a: Prince\n|-damage|p1a: Prince|79\/100 tox\n|\n|t:|1699640866\n|switch|p2a: Heatran|Heatran, M|100\/100|[from] Volt Switch\n|\n|-weather|none\n|-damage|p1a: Prince|73\/100 tox|[from] psn\n|-sideend|p1: TKODATRUTH|move: Aurora Veil\n|upkeep\n|turn|14\n|inactive|TKODATRUTH has 90 seconds left.\n|\n|t:|1699640882\n|switch|p1a: Optimus|Greninja, M|100\/100\n|move|p2a: Heatran|Eruption|p1a: Optimus\n|-resisted|p1a: Optimus\n|-damage|p1a: Optimus|35\/100\n|\n|upkeep\n|turn|15\n|inactive|TKODATRUTH has 90 seconds left.\n|\n|t:|1699640897\n|switch|p2a: Chansey|Chansey, F|88\/100\n|-status|p2a: Chansey|psn\n|-terastallize|p1a: Optimus|Water\n|move|p1a: Optimus|Water Shuriken|p2a: Chansey\n|-damage|p2a: Chansey|84\/100 psn\n|-damage|p2a: Chansey|80\/100 psn\n|-damage|p2a: Chansey|76\/100 psn\n|-hitcount|p2a: Chansey|3\n|\n|-damage|p2a: Chansey|63\/100 psn|[from] psn\n|upkeep\n|turn|16\n|inactive|TKODATRUTH has 90 seconds left.\n|\n|t:|1699640918\n|switch|p1a: Silverbolt|Ninetales-Alola, M, shiny|76\/100 tox\n|-weather|Snow|[from] ability: Snow Warning|[of] p1a: Silverbolt\n|move|p2a: Chansey|Wish|p2a: Chansey\n|\n|-weather|Snow|[upkeep]\n|-damage|p1a: Silverbolt|70\/100 tox|[from] psn\n|-damage|p2a: Chansey|51\/100 psn|[from] psn\n|upkeep\n|turn|17\n|inactive|TKODATRUTH has 90 seconds left.\n|\n|t:|1699640944\n|move|p1a: Silverbolt|Encore|p2a: Chansey\n|-start|p2a: Chansey|Encore\n|move|p2a: Chansey|Wish||[still]\n|-fail|p2a: Chansey\n|\n|-weather|Snow|[upkeep]\n|-heal|p2a: Chansey|100\/100 psn|[from] move: Wish|[wisher] Chansey\n|-damage|p1a: Silverbolt|58\/100 tox|[from] psn\n|-damage|p2a: Chansey|88\/100 psn|[from] psn\n|upkeep\n|turn|18\n|\n|t:|1699640953\n|-curestatus|p2a: Chansey|psn|[from] ability: Natural Cure\n|switch|p2a: Heatran|Heatran, M|100\/100\n|move|p1a: Silverbolt|Aurora Veil|p1a: Silverbolt\n|-sidestart|p1: TKODATRUTH|move: Aurora Veil\n|\n|-weather|Snow|[upkeep]\n|-damage|p1a: Silverbolt|40\/100 tox|[from] psn\n|upkeep\n|turn|19\n|\n|t:|1699640966\n|switch|p1a: Prince|Mew, shiny|73\/100 tox\n|move|p2a: Heatran|Eruption|p1a: Prince\n|-damage|p1a: Prince|36\/100 tox\n|\n|-weather|Snow|[upkeep]\n|-damage|p1a: Prince|30\/100 tox|[from] psn\n|upkeep\n|turn|20\n|\n|t:|1699640978\n|move|p2a: Heatran|Eruption|p1a: Prince\n|-damage|p1a: Prince|0 fnt\n|faint|p1a: Prince\n|\n|-weather|none\n|upkeep\n|\n|t:|1699640996\n|switch|p1a: Maximus|Zamazenta, shiny|100\/100\n|turn|21\n|\n|t:|1699641004\n|switch|p2a: Zapdos|Zapdos|100\/100\n|move|p1a: Maximus|Iron Defense|p1a: Maximus\n|-boost|p1a: Maximus|def|2\n|\n|upkeep\n|turn|22\n|l| nd9gd dml\n|\n|t:|1699641024\n|move|p1a: Maximus|Iron Defense|p1a: Maximus\n|-boost|p1a: Maximus|def|2\n|move|p2a: Zapdos|Defog|p1a: Maximus\n|-unboost|p1a: Maximus|evasion|1\n|-sideend|p1: TKODATRUTH|move: Aurora Veil\n|-sideend|p2: Poup94|Toxic Spikes|[from] move: Defog|[of] p2a: Zapdos\n|\n|upkeep\n|turn|23\n|inactive|TKODATRUTH has 60 seconds left.\n|\n|t:|1699641040\n|switch|p2a: Dondozo|Dondozo, M|100\/100\n|move|p1a: Maximus|Body Press|p2a: Dondozo\n|-damage|p2a: Dondozo|84\/100\n|\n|-heal|p2a: Dondozo|90\/100|[from] item: Leftovers\n|upkeep\n|turn|24\n|\n|t:|1699641049\n|switch|p1a: Silverbolt|Ninetales-Alola, M, shiny|40\/100 tox\n|-weather|Snow|[from] ability: Snow Warning|[of] p1a: Silverbolt\n|move|p2a: Dondozo|Curse|p2a: Dondozo\n|-unboost|p2a: Dondozo|spe|1\n|-boost|p2a: Dondozo|atk|1\n|-boost|p2a: Dondozo|def|1\n|\n|-weather|Snow|[upkeep]\n|-heal|p2a: Dondozo|97\/100|[from] item: Leftovers\n|-damage|p1a: Silverbolt|34\/100 tox|[from] psn\n|upkeep\n|turn|25\n|\n|t:|1699641061\n|switch|p2a: Heatran|Heatran, M|100\/100\n|move|p1a: Silverbolt|Encore||[still]\n|-fail|p1a: Silverbolt\n|\n|-weather|Snow|[upkeep]\n|-damage|p1a: Silverbolt|22\/100 tox|[from] psn\n|upkeep\n|turn|26\n|\n|t:|1699641070\n|move|p2a: Heatran|Eruption|p1a: Silverbolt\n|-supereffective|p1a: Silverbolt\n|-damage|p1a: Silverbolt|0 fnt\n|faint|p1a: Silverbolt\n|\n|-weather|Snow|[upkeep]\n|upkeep\n|\n|t:|1699641078\n|switch|p1a: Optimus|Greninja, M, tera:Water|35\/100\n|turn|27\n|\n|t:|1699641084\n|switch|p2a: Chansey|Chansey, F|88\/100\n|move|p1a: Optimus|Toxic Spikes|p2a: Chansey\n|-sidestart|p2: Poup94|move: Toxic Spikes\n|\n|-weather|Snow|[upkeep]\n|upkeep\n|turn|28\n|\n|t:|1699641094\n|switch|p1a: Maximus|Zamazenta, shiny|100\/100\n|move|p2a: Chansey|Toxic|p1a: Maximus\n|-status|p1a: Maximus|tox\n|\n|-weather|none\n|-damage|p1a: Maximus|94\/100 tox|[from] psn\n|upkeep\n|turn|29\n|\n|t:|1699641106\n|switch|p1a: Optimus|Greninja, M, tera:Water|35\/100\n|switch|p2a: Zapdos|Zapdos|100\/100\n|\n|upkeep\n|turn|30\n|\n|t:|1699641116\n|switch|p2a: Chansey|Chansey, F|88\/100\n|-status|p2a: Chansey|psn\n|move|p1a: Optimus|Dark Pulse|p2a: Chansey\n|-damage|p2a: Chansey|73\/100 psn\n|\n|-damage|p2a: Chansey|60\/100 psn|[from] psn\n|upkeep\n|turn|31\n|\n|t:|1699641128\n|move|p1a: Optimus|Dark Pulse|p2a: Chansey\n|-damage|p2a: Chansey|43\/100 psn\n|cant|p2a: Chansey|flinch\n|\n|-damage|p2a: Chansey|31\/100 psn|[from] psn\n|upkeep\n|turn|32\n|\n|t:|1699641139\n|move|p1a: Optimus|Dark Pulse|p2a: Chansey\n|-damage|p2a: Chansey|14\/100 psn\n|move|p2a: Chansey|Soft-Boiled|p2a: Chansey\n|-heal|p2a: Chansey|65\/100 psn\n|\n|-damage|p2a: Chansey|52\/100 psn|[from] psn\n|upkeep\n|turn|33\n|inactive|TKODATRUTH has 90 seconds left.\n|\n|t:|1699641151\n|move|p1a: Optimus|Dark Pulse|p2a: Chansey\n|-damage|p2a: Chansey|37\/100 psn\n|move|p2a: Chansey|Soft-Boiled|p2a: Chansey\n|-heal|p2a: Chansey|87\/100 psn\n|\n|-damage|p2a: Chansey|75\/100 psn|[from] psn\n|upkeep\n|turn|34\n|inactive|TKODATRUTH has 90 seconds left.\n|\n|t:|1699641159\n|move|p1a: Optimus|Dark Pulse|p2a: Chansey\n|-damage|p2a: Chansey|58\/100 psn\n|move|p2a: Chansey|Wish|p2a: Chansey\n|\n|-damage|p2a: Chansey|46\/100 psn|[from] psn\n|upkeep\n|turn|35\n|\n|t:|1699641167\n|move|p1a: Optimus|Dark Pulse|p2a: Chansey\n|-damage|p2a: Chansey|31\/100 psn\n|move|p2a: Chansey|Seismic Toss|p1a: Optimus\n|-damage|p1a: Optimus|0 fnt\n|faint|p1a: Optimus\n|\n|-heal|p2a: Chansey|80\/100 psn|[from] move: Wish|[wisher] Chansey\n|-damage|p2a: Chansey|68\/100 psn|[from] psn\n|upkeep\n|inactive|TKODATRUTH has 90 seconds left.\n|inactive|TKODATRUTH has 60 seconds left.\n|c|\u2606TKODATRUTH|chansey abuse gety some skill and originallity\n|\n|t:|1699641220\n|switch|p1a: Maximus|Zamazenta, shiny|94\/100 tox\n|turn|36\n|\n|t:|1699641232\n|-curestatus|p2a: Chansey|psn|[from] ability: Natural Cure\n|switch|p2a: Zapdos|Zapdos|100\/100\n|move|p1a: Maximus|Body Press|p2a: Zapdos\n|-resisted|p2a: Zapdos\n|-damage|p2a: Zapdos|78\/100\n|\n|-heal|p1a: Maximus|100\/100 tox|[from] item: Leftovers\n|-damage|p1a: Maximus|94\/100 tox|[from] psn\n|upkeep\n|turn|37\n|\n|t:|1699641245\n|move|p1a: Maximus|Body Press|p2a: Zapdos\n|-resisted|p2a: Zapdos\n|-damage|p2a: Zapdos|57\/100\n|move|p2a: Zapdos|Defog|p1a: Maximus\n|-unboost|p1a: Maximus|evasion|1\n|-sideend|p2: Poup94|Toxic Spikes|[from] move: Defog|[of] p2a: Zapdos\n|\n|-heal|p1a: Maximus|100\/100 tox|[from] item: Leftovers\n|-damage|p1a: Maximus|88\/100 tox|[from] psn\n|upkeep\n|turn|38\n|\n|t:|1699641256\n|move|p1a: Maximus|Body Press|p2a: Zapdos\n|-resisted|p2a: Zapdos\n|-damage|p2a: Zapdos|35\/100\n|move|p2a: Zapdos|Volt Switch|p1a: Maximus\n|-damage|p1a: Maximus|56\/100 tox\n|\n|t:|1699641262\n|switch|p2a: Dondozo|Dondozo, M|97\/100|[from] Volt Switch\n|\n|-heal|p1a: Maximus|63\/100 tox|[from] item: Leftovers\n|-heal|p2a: Dondozo|100\/100|[from] item: Leftovers\n|-damage|p1a: Maximus|44\/100 tox|[from] psn\n|upkeep\n|turn|39\n|inactive|TKODATRUTH has 60 seconds left.\n|-message|TKODATRUTH forfeited.\n|\n|win|Poup94\n|raw|TKODATRUTH's rating: 1668 &rarr; <strong>1654<\/strong><br \/>(-14 for losing)\n|raw|Poup94's rating: 1772 &rarr; <strong>1786<\/strong><br \/>(+14 for winning)\n|l|\u2606TKODATRUTH\n","uploadtime":1699641276,"views":11,"p1id":"tkodatruth","p2id":"poup94","formatid":"gen9nationaldex","rating":1654,"private":0,"password":""}