{"id":"gen9nationaldex-1993440373","p1":"zeonteo","p2":"lgjc","format":"[Gen 9] National Dex","log":"|j|\u2606zeonteo\n|j|\u2606lgjc\n|t:|1700318196\n|gametype|singles\n|player|p1|zeonteo|pokemonranger-gen4|1372\n|player|p2|lgjc|ghetsis|1266\n|teamsize|p1|6\n|teamsize|p2|6\n|gen|9\n|tier|[Gen 9] National Dex\n|rated|\n|rule|HP Percentage Mod: HP is shown in percentages\n|rule|Endless Battle Clause: Forcing endless battles is banned\n|rule|OHKO Clause: OHKO moves are banned\n|rule|Evasion Clause: Evasion abilities, items, and moves are banned\n|rule|Evasion Abilities Clause: Evasion abilities are banned\n|rule|Evasion Items Clause: Evasion items are banned\n|rule|Evasion Moves Clause: Evasion moves are banned\n|rule|Species Clause: Limit one of each Pok\u00e9mon\n|rule|Sleep Clause Mod: Limit one foe put to sleep\n|clearpoke\n|poke|p1|Garchomp, M|\n|poke|p1|Tyranitar, M|\n|poke|p1|Volcarona, M|\n|poke|p1|Skarmory, F|\n|poke|p1|Tentacruel, M|\n|poke|p1|Scizor, F|\n|poke|p2|Excadrill, M|\n|poke|p2|Gigalith, M|\n|poke|p2|Toxapex, F|\n|poke|p2|Ogerpon, F|\n|poke|p2|Tapu Lele|\n|poke|p2|Pinsir, F|\n|teampreview\n|inactive|Battle timer is ON: inactive players will automatically lose when time's up. (requested by zeonteo)\n|inactive|lgjc also wants the timer to be on.\n|\n|t:|1700318208\n|start\n|switch|p1a: Garchomp|Garchomp, M|100\/100\n|switch|p2a: Ogerpon|Ogerpon, F|100\/100\n|turn|1\n|\n|t:|1700318226\n|detailschange|p1a: Garchomp|Garchomp-Mega, M\n|-mega|p1a: Garchomp|Garchomp|Garchompite\n|move|p2a: Ogerpon|Swords Dance|p2a: Ogerpon\n|-boost|p2a: Ogerpon|atk|2\n|move|p1a: Garchomp|Poison Jab|p2a: Ogerpon\n|-supereffective|p2a: Ogerpon\n|-damage|p2a: Ogerpon|6\/100\n|\n|upkeep\n|turn|2\n|\n|t:|1700318240\n|switch|p1a: Skarmory|Skarmory, F|100\/100\n|-terastallize|p2a: Ogerpon|Grass\n|detailschange|p2a: Ogerpon|Ogerpon-Teal-Tera, F, tera:Grass\n|-ability|p2a: Ogerpon|Embody Aspect (Teal)|boost\n|-boost|p2a: Ogerpon|spe|1\n|move|p2a: Ogerpon|Ivy Cudgel|p1a: Skarmory\n|-resisted|p1a: Skarmory\n|-damage|p1a: Skarmory|80\/100\n|-damage|p2a: Ogerpon|0 fnt|[from] item: Life Orb\n|faint|p2a: Ogerpon\n|\n|upkeep\n|inactive|lgjc has 120 seconds left.\n|\n|t:|1700318270\n|switch|p2a: Gigalith|Gigalith, M|100\/100\n|-weather|Sandstorm|[from] ability: Sand Stream|[of] p2a: Gigalith\n|turn|3\n|\n|t:|1700318286\n|switch|p1a: Garchomp|Garchomp-Mega, M|100\/100\n|move|p2a: Gigalith|Stealth Rock|p1a: Garchomp\n|-sidestart|p1: zeonteo|move: Stealth Rock\n|\n|-weather|Sandstorm|[upkeep]\n|upkeep\n|turn|4\n|\n|t:|1700318298\n|move|p1a: Garchomp|Earthquake|p2a: Gigalith\n|-supereffective|p2a: Gigalith\n|-damage|p2a: Gigalith|0 fnt\n|faint|p2a: Gigalith\n|\n|-weather|Sandstorm|[upkeep]\n|upkeep\n|inactive|lgjc has 120 seconds left.\n|\n|t:|1700318311\n|switch|p2a: Tapu Lele|Tapu Lele|100\/100\n|-fieldstart|move: Psychic Terrain|[from] ability: Psychic Surge|[of] p2a: Tapu Lele\n|turn|5\n|\n|t:|1700318319\n|switch|p1a: Scizor|Scizor, F|100\/100\n|-damage|p1a: Scizor|88\/100|[from] Stealth Rock\n|move|p2a: Tapu Lele|Dazzling Gleam|p1a: Scizor\n|-resisted|p1a: Scizor\n|-damage|p1a: Scizor|63\/100\n|\n|-weather|Sandstorm|[upkeep]\n|-damage|p2a: Tapu Lele|94\/100|[from] Sandstorm\n|-heal|p1a: Scizor|69\/100|[from] item: Leftovers\n|upkeep\n|turn|6\n|\n|t:|1700318331\n|switch|p2a: Excadrill|Excadrill, M|100\/100\n|move|p1a: Scizor|Bullet Punch|p2a: Excadrill\n|-activate|p2a: Excadrill|move: Psychic Terrain\n|\n|-weather|Sandstorm|[upkeep]\n|-heal|p1a: Scizor|75\/100|[from] item: Leftovers\n|upkeep\n|turn|7\n|\n|t:|1700318347\n|switch|p1a: Skarmory|Skarmory, F|80\/100\n|-damage|p1a: Skarmory|67\/100|[from] Stealth Rock\n|move|p2a: Excadrill|Earthquake|p1a: Skarmory\n|-immune|p1a: Skarmory\n|\n|-weather|Sandstorm|[upkeep]\n|upkeep\n|turn|8\n|\n|t:|1700318356\n|-zpower|p2a: Excadrill\n|move|p2a: Excadrill|Continental Crush|p1a: Skarmory|[zeffect]\n|-damage|p1a: Skarmory|36\/100\n|move|p1a: Skarmory|Roost|p1a: Skarmory\n|-heal|p1a: Skarmory|86\/100\n|-singleturn|p1a: Skarmory|move: Roost\n|\n|-weather|Sandstorm|[upkeep]\n|upkeep\n|turn|9\n|\n|t:|1700318370\n|move|p2a: Excadrill|Rapid Spin|p1a: Skarmory\n|-resisted|p1a: Skarmory\n|-damage|p1a: Skarmory|81\/100\n|-boost|p2a: Excadrill|spe|1\n|-damage|p2a: Excadrill|84\/100|[from] item: Rocky Helmet|[of] p1a: Skarmory\n|move|p1a: Skarmory|Defog|p2a: Excadrill\n|-unboost|p2a: Excadrill|evasion|1\n|-sideend|p1: zeonteo|Stealth Rock|[from] move: Defog|[of] p1a: Skarmory\n|-fieldend|move: Psychic Terrain\n|\n|-weather|Sandstorm|[upkeep]\n|upkeep\n|turn|10\n|\n|t:|1700318383\n|switch|p2a: Pinsir|Pinsir, F|100\/100\n|move|p1a: Skarmory|Whirlwind|p2a: Pinsir\n|drag|p2a: Toxapex|Toxapex, F|100\/100\n|\n|-weather|none\n|upkeep\n|turn|11\n|\n|t:|1700318392\n|switch|p1a: Tentacruel|Tentacruel, M|100\/100\n|move|p2a: Toxapex|Scald|p1a: Tentacruel\n|-resisted|p1a: Tentacruel\n|-damage|p1a: Tentacruel|95\/100\n|\n|-heal|p1a: Tentacruel|100\/100|[from] item: Black Sludge\n|upkeep\n|turn|12\n|\n|t:|1700318404\n|move|p1a: Tentacruel|Scald|p2a: Toxapex\n|-resisted|p2a: Toxapex\n|-damage|p2a: Toxapex|92\/100\n|move|p2a: Toxapex|Scald|p1a: Tentacruel\n|-resisted|p1a: Tentacruel\n|-damage|p1a: Tentacruel|95\/100\n|\n|-heal|p1a: Tentacruel|100\/100|[from] item: Black Sludge\n|-heal|p2a: Toxapex|98\/100|[from] item: Leftovers\n|upkeep\n|turn|13\n|\n|t:|1700318416\n|switch|p2a: Tapu Lele|Tapu Lele|94\/100\n|-fieldstart|move: Psychic Terrain|[from] ability: Psychic Surge|[of] p2a: Tapu Lele\n|move|p1a: Tentacruel|Toxic Spikes|p2a: Tapu Lele\n|-sidestart|p2: lgjc|move: Toxic Spikes\n|\n|upkeep\n|turn|14\n|\n|t:|1700318423\n|switch|p1a: Tyranitar|Tyranitar, M|100\/100\n|-weather|Sandstorm|[from] ability: Sand Stream|[of] p1a: Tyranitar\n|move|p2a: Tapu Lele|Psychic|p1a: Tyranitar\n|-immune|p1a: Tyranitar\n|\n|-weather|Sandstorm|[upkeep]\n|-damage|p2a: Tapu Lele|88\/100|[from] Sandstorm\n|upkeep\n|turn|15\n|\n|t:|1700318433\n|-activate|p2a: Tapu Lele|move: Pursuit\n|move|p1a: Tyranitar|Pursuit|p2a: Tapu Lele|[from]Pursuit\n|-damage|p2a: Tapu Lele|0 fnt\n|faint|p2a: Tapu Lele\n|-hint|A Pokemon can't switch between when it runs out of HP and when it faints\n|\n|-weather|Sandstorm|[upkeep]\n|upkeep\n|\n|t:|1700318445\n|switch|p2a: Toxapex|Toxapex, F|100\/100\n|-sideend|p2: lgjc|move: Toxic Spikes|[of] p2a: Toxapex\n|turn|16\n|\n|t:|1700318453\n|switch|p1a: Tentacruel|Tentacruel, M|100\/100\n|move|p2a: Toxapex|Scald|p1a: Tentacruel\n|-resisted|p1a: Tentacruel\n|-damage|p1a: Tentacruel|94\/100\n|\n|-weather|Sandstorm|[upkeep]\n|-damage|p1a: Tentacruel|88\/100|[from] Sandstorm\n|-damage|p2a: Toxapex|94\/100|[from] Sandstorm\n|-heal|p1a: Tentacruel|94\/100|[from] item: Black Sludge\n|-heal|p2a: Toxapex|100\/100|[from] item: Leftovers\n|upkeep\n|turn|17\n|\n|t:|1700318468\n|move|p1a: Tentacruel|Scald|p2a: Toxapex\n|-resisted|p2a: Toxapex\n|-damage|p2a: Toxapex|92\/100\n|move|p2a: Toxapex|Scald|p1a: Tentacruel\n|-resisted|p1a: Tentacruel\n|-damage|p1a: Tentacruel|87\/100\n|-status|p1a: Tentacruel|brn\n|\n|-weather|Sandstorm|[upkeep]\n|-damage|p1a: Tentacruel|81\/100 brn|[from] Sandstorm\n|-damage|p2a: Toxapex|86\/100|[from] Sandstorm\n|-heal|p1a: Tentacruel|87\/100 brn|[from] item: Black Sludge\n|-heal|p2a: Toxapex|92\/100|[from] item: Leftovers\n|-damage|p1a: Tentacruel|81\/100 brn|[from] brn\n|-fieldend|move: Psychic Terrain\n|upkeep\n|turn|18\n|\n|t:|1700318484\n|move|p2a: Toxapex|Baneful Bunker|p2a: Toxapex\n|-singleturn|p2a: Toxapex|move: Protect\n|move|p1a: Tentacruel|Acid Spray|p2a: Toxapex\n|-activate|p2a: Toxapex|move: Protect\n|\n|-weather|none\n|-heal|p1a: Tentacruel|87\/100 brn|[from] item: Black Sludge\n|-heal|p2a: Toxapex|99\/100|[from] item: Leftovers\n|-damage|p1a: Tentacruel|81\/100 brn|[from] brn\n|upkeep\n|turn|19\n|\n|t:|1700318496\n|move|p1a: Tentacruel|Scald|p2a: Toxapex\n|-resisted|p2a: Toxapex\n|-damage|p2a: Toxapex|89\/100\n|move|p2a: Toxapex|Scald|p1a: Tentacruel\n|-resisted|p1a: Tentacruel\n|-damage|p1a: Tentacruel|75\/100 brn\n|\n|-heal|p1a: Tentacruel|81\/100 brn|[from] item: Black Sludge\n|-heal|p2a: Toxapex|95\/100|[from] item: Leftovers\n|-damage|p1a: Tentacruel|75\/100 brn|[from] brn\n|upkeep\n|turn|20\n|\n|t:|1700318509\n|move|p2a: Toxapex|Baneful Bunker|p2a: Toxapex\n|-singleturn|p2a: Toxapex|move: Protect\n|move|p1a: Tentacruel|Toxic Spikes|p2a: Toxapex\n|-sidestart|p2: lgjc|move: Toxic Spikes\n|\n|-heal|p1a: Tentacruel|81\/100 brn|[from] item: Black Sludge\n|-heal|p2a: Toxapex|100\/100|[from] item: Leftovers\n|-damage|p1a: Tentacruel|75\/100 brn|[from] brn\n|upkeep\n|turn|21\n|\n|t:|1700318520\n|move|p1a: Tentacruel|Scald|p2a: Toxapex\n|-resisted|p2a: Toxapex\n|-damage|p2a: Toxapex|91\/100\n|-status|p2a: Toxapex|brn\n|move|p2a: Toxapex|Scald|p1a: Tentacruel\n|-resisted|p1a: Tentacruel\n|-damage|p1a: Tentacruel|69\/100 brn\n|\n|-heal|p1a: Tentacruel|75\/100 brn|[from] item: Black Sludge\n|-heal|p2a: Toxapex|98\/100 brn|[from] item: Leftovers\n|-damage|p1a: Tentacruel|69\/100 brn|[from] brn\n|-damage|p2a: Toxapex|91\/100 brn|[from] brn\n|upkeep\n|turn|22\n|\n|t:|1700318533\n|move|p1a: Tentacruel|Scald|p2a: Toxapex\n|-resisted|p2a: Toxapex\n|-damage|p2a: Toxapex|81\/100 brn\n|move|p2a: Toxapex|Scald|p1a: Tentacruel\n|-resisted|p1a: Tentacruel\n|-damage|p1a: Tentacruel|62\/100 brn\n|\n|-heal|p1a: Tentacruel|68\/100 brn|[from] item: Black Sludge\n|-heal|p2a: Toxapex|88\/100 brn|[from] item: Leftovers\n|-damage|p1a: Tentacruel|62\/100 brn|[from] brn\n|-damage|p2a: Toxapex|81\/100 brn|[from] brn\n|upkeep\n|turn|23\n|\n|t:|1700318546\n|move|p1a: Tentacruel|Acid Spray|p2a: Toxapex\n|-resisted|p2a: Toxapex\n|-damage|p2a: Toxapex|77\/100 brn\n|-unboost|p2a: Toxapex|spd|2\n|move|p2a: Toxapex|Scald|p1a: Tentacruel\n|-resisted|p1a: Tentacruel\n|-damage|p1a: Tentacruel|56\/100 brn\n|\n|-heal|p1a: Tentacruel|62\/100 brn|[from] item: Black Sludge\n|-heal|p2a: Toxapex|84\/100 brn|[from] item: Leftovers\n|-damage|p1a: Tentacruel|56\/100 brn|[from] brn\n|-damage|p2a: Toxapex|77\/100 brn|[from] brn\n|upkeep\n|turn|24\n|\n|t:|1700318560\n|move|p1a: Tentacruel|Scald|p2a: Toxapex\n|-resisted|p2a: Toxapex\n|-damage|p2a: Toxapex|60\/100 brn\n|move|p2a: Toxapex|Haze|p2a: Toxapex\n|-clearallboost\n|\n|-heal|p1a: Tentacruel|62\/100 brn|[from] item: Black Sludge\n|-heal|p2a: Toxapex|66\/100 brn|[from] item: Leftovers\n|-damage|p1a: Tentacruel|56\/100 brn|[from] brn\n|-damage|p2a: Toxapex|60\/100 brn|[from] brn\n|upkeep\n|turn|25\n|\n|t:|1700318572\n|move|p1a: Tentacruel|Acid Spray|p2a: Toxapex\n|-resisted|p2a: Toxapex\n|-damage|p2a: Toxapex|55\/100 brn\n|-unboost|p2a: Toxapex|spd|2\n|move|p2a: Toxapex|Recover|p2a: Toxapex\n|-heal|p2a: Toxapex|100\/100 brn\n|\n|-heal|p1a: Tentacruel|62\/100 brn|[from] item: Black Sludge\n|-damage|p1a: Tentacruel|56\/100 brn|[from] brn\n|-damage|p2a: Toxapex|94\/100 brn|[from] brn\n|upkeep\n|turn|26\n|\n|t:|1700318584\n|switch|p1a: Garchomp|Garchomp-Mega, M|100\/100\n|move|p2a: Toxapex|Scald|p1a: Garchomp\n|-damage|p1a: Garchomp|75\/100\n|-status|p1a: Garchomp|brn\n|\n|-heal|p2a: Toxapex|100\/100 brn|[from] item: Leftovers\n|-damage|p1a: Garchomp|69\/100 brn|[from] brn\n|-damage|p2a: Toxapex|94\/100 brn|[from] brn\n|upkeep\n|turn|27\n|\n|t:|1700318602\n|switch|p2a: Pinsir|Pinsir, F|100\/100\n|-status|p2a: Pinsir|psn\n|move|p1a: Garchomp|Earthquake|p2a: Pinsir\n|-resisted|p2a: Pinsir\n|-damage|p2a: Pinsir|78\/100 psn\n|\n|-damage|p2a: Pinsir|66\/100 psn|[from] psn\n|-damage|p1a: Garchomp|63\/100 brn|[from] brn\n|upkeep\n|turn|28\n|\n|t:|1700318624\n|detailschange|p2a: Pinsir|Pinsir-Mega, F\n|-mega|p2a: Pinsir|Pinsir|Pinsirite\n|move|p2a: Pinsir|Swords Dance|p2a: Pinsir\n|-boost|p2a: Pinsir|atk|2\n|move|p1a: Garchomp|Flamethrower|p2a: Pinsir\n|-supereffective|p2a: Pinsir\n|-damage|p2a: Pinsir|5\/100 psn\n|\n|-damage|p2a: Pinsir|0 fnt|[from] psn\n|faint|p2a: Pinsir\n|-damage|p1a: Garchomp|57\/100 brn|[from] brn\n|upkeep\n|\n|t:|1700318631\n|switch|p2a: Toxapex|Toxapex, F|100\/100 brn\n|-sideend|p2: lgjc|move: Toxic Spikes|[of] p2a: Toxapex\n|turn|29\n|\n|t:|1700318640\n|move|p1a: Garchomp|Earthquake|p2a: Toxapex\n|-supereffective|p2a: Toxapex\n|-damage|p2a: Toxapex|46\/100 brn\n|move|p2a: Toxapex|Scald|p1a: Garchomp\n|-damage|p1a: Garchomp|33\/100 brn\n|\n|-heal|p2a: Toxapex|52\/100 brn|[from] item: Leftovers\n|-damage|p1a: Garchomp|27\/100 brn|[from] brn\n|-damage|p2a: Toxapex|46\/100 brn|[from] brn\n|upkeep\n|turn|30\n|-message|lgjc forfeited.\n|\n|win|zeonteo\n|raw|zeonteo's rating: 1372 &rarr; <strong>1386<\/strong><br \/>(+14 for winning)\n|raw|lgjc's rating: 1266 &rarr; <strong>1248<\/strong><br \/>(-18 for losing)\n|l|\u2606lgjc\n","uploadtime":1700318678,"views":21,"p1id":"zeonteo","p2id":"lgjc","formatid":"gen9nationaldex","rating":1248,"private":0,"password":""}