{"id":"gen9nationaldex-1999244482","p1":"GatosLover","p2":"Spinda Challenge","format":"[Gen 9] National Dex","log":"|html|<div class=\"broadcast-blue\"><strong>[Gen 9] National Dex is currently suspecting Sneasler! For information on how to participate check out the <a href=\"https:\/\/www.smogon.com\/forums\/threads\/sv-national-dex-suspect-8-just-dance.3731534\/\">suspect thread<\/a>.<\/strong><\/div>\n|j|\u2606GatosLover\n|j|\u2606Spinda Challenge\n|t:|1701050022\n|gametype|singles\n|player|p1|GatosLover|marnie|1325\n|player|p2|Spinda Challenge|schoolkid-gen4|1227\n|teamsize|p1|6\n|teamsize|p2|6\n|gen|9\n|tier|[Gen 9] National Dex\n|rated|\n|rule|HP Percentage Mod: HP is shown in percentages\n|rule|Endless Battle Clause: Forcing endless battles is banned\n|rule|OHKO Clause: OHKO moves are banned\n|rule|Evasion Clause: Evasion abilities, items, and moves are banned\n|rule|Evasion Abilities Clause: Evasion abilities are banned\n|rule|Evasion Items Clause: Evasion items are banned\n|rule|Evasion Moves Clause: Evasion moves are banned\n|rule|Species Clause: Limit one of each Pok\u00e9mon\n|rule|Sleep Clause Mod: Limit one foe put to sleep\n|clearpoke\n|poke|p1|Ampharos, F|\n|poke|p1|Ursaluna, F|\n|poke|p1|Hatterene, F|\n|poke|p1|Mew|\n|poke|p1|Dusclops, M|\n|poke|p1|Marowak-Alola, M|\n|poke|p2|Spinda, M|\n|poke|p2|Ribombee, F|\n|poke|p2|Cinderace, M|\n|poke|p2|Gyarados, M|\n|poke|p2|Ninetales-Alola, F|\n|poke|p2|Thundurus-Therian, M|\n|teampreview\n|\n|t:|1701050042\n|start\n|switch|p1a: Terry|Hatterene, F|100\/100\n|switch|p2a: Star|Spinda, M|100\/100\n|turn|1\n|\n|t:|1701050050\n|move|p2a: Star|Superpower|p1a: Terry\n|-resisted|p1a: Terry\n|-damage|p1a: Terry|93\/100\n|-boost|p2a: Star|atk|1\n|-boost|p2a: Star|def|1\n|move|p1a: Terry|Trick Room|p1a: Terry\n|-fieldstart|move: Trick Room|[of] p1a: Terry\n|\n|upkeep\n|turn|2\n|\n|t:|1701050065\n|move|p1a: Terry|Healing Wish|p1a: Terry\n|faint|p1a: Terry\n|move|p2a: Star|Superpower|p1: Terry|[notarget]\n|-fail|p2a: Star\n|\n|upkeep\n|\n|t:|1701050073\n|switch|p1a: Ampphyr|Ampharos, F|100\/100\n|turn|3\n|\n|t:|1701050077\n|detailschange|p1a: Ampphyr|Ampharos-Mega, F\n|-mega|p1a: Ampphyr|Ampharos|Ampharosite\n|-ability|p1a: Ampphyr|Mold Breaker\n|move|p1a: Ampphyr|Charge Beam|p2a: Star\n|-damage|p2a: Star|34\/100\n|move|p2a: Star|Superpower|p1a: Ampphyr\n|-crit|p1a: Ampphyr\n|-damage|p1a: Ampphyr|46\/100\n|-boost|p2a: Star|atk|1\n|-boost|p2a: Star|def|1\n|\n|upkeep\n|turn|4\n|\n|t:|1701050086\n|move|p2a: Star|Sucker Punch|p1a: Ampphyr\n|-damage|p1a: Ampphyr|17\/100\n|move|p1a: Ampphyr|Charge Beam|p2a: Star\n|-damage|p2a: Star|0 fnt\n|faint|p2a: Star\n|\n|upkeep\n|\n|t:|1701050091\n|switch|p2a: moustache|Thundurus-Therian, M|100\/100\n|turn|5\n|\n|t:|1701050104\n|move|p1a: Ampphyr|Hidden Power|p2a: moustache\n|-supereffective|p2a: moustache\n|-damage|p2a: moustache|52\/100\n|move|p2a: moustache|Psychic|p1a: Ampphyr\n|-damage|p1a: Ampphyr|0 fnt\n|faint|p1a: Ampphyr\n|\n|-fieldend|move: Trick Room\n|upkeep\n|\n|t:|1701050115\n|switch|p1a: feto|Mew|100\/100\n|turn|6\n|\n|t:|1701050120\n|move|p2a: moustache|Wildbolt Storm|p1a: feto\n|-damage|p1a: feto|62\/100\n|move|p1a: feto|Trick Room|p1a: feto\n|-fieldstart|move: Trick Room|[of] p1a: feto\n|\n|upkeep\n|turn|7\n|\n|t:|1701050127\n|move|p1a: feto|Explosion|p2a: moustache\n|-damage|p2a: moustache|0 fnt\n|faint|p1a: feto\n|faint|p2a: moustache\n|\n|upkeep\n|\n|t:|1701050135\n|switch|p1a: Yo soy luna|Ursaluna, F, shiny|100\/100\n|switch|p2a: mr big fish|Gyarados, M|100\/100\n|-ability|p2a: mr big fish|Intimidate|boost\n|-unboost|p1a: Yo soy luna|atk|1\n|turn|8\n|\n|t:|1701050140\n|move|p1a: Yo soy luna|Swords Dance|p1a: Yo soy luna\n|-boost|p1a: Yo soy luna|atk|2\n|move|p2a: mr big fish|Waterfall|p1a: Yo soy luna\n|-supereffective|p1a: Yo soy luna\n|-damage|p1a: Yo soy luna|31\/100\n|\n|-status|p1a: Yo soy luna|brn|[from] item: Flame Orb\n|upkeep\n|turn|9\n|\n|t:|1701050148\n|switch|p2a: miss big tails|Ninetales-Alola, F|100\/100\n|-weather|Snow|[from] ability: Snow Warning|[of] p2a: miss big tails\n|-terastallize|p1a: Yo soy luna|Normal\n|move|p1a: Yo soy luna|Facade|p2a: miss big tails\n|-enditem|p2a: miss big tails|Focus Sash\n|-damage|p2a: miss big tails|1\/100\n|\n|-weather|Snow|[upkeep]\n|-damage|p1a: Yo soy luna|25\/100 brn|[from] brn\n|upkeep\n|turn|10\n|\n|t:|1701050160\n|move|p1a: Yo soy luna|Facade|p2a: miss big tails\n|-damage|p2a: miss big tails|0 fnt\n|faint|p2a: miss big tails\n|\n|-weather|Snow|[upkeep]\n|-damage|p1a: Yo soy luna|19\/100 brn|[from] brn\n|-fieldend|move: Trick Room\n|upkeep\n|\n|t:|1701050167\n|switch|p2a: mr big fish|Gyarados, M|100\/100\n|-ability|p2a: mr big fish|Intimidate|boost\n|-unboost|p1a: Yo soy luna|atk|1\n|turn|11\n|\n|t:|1701050171\n|switch|p1a: calaka chida 2|Marowak-Alola, M|100\/100\n|move|p2a: mr big fish|Waterfall|p1a: calaka chida 2\n|-supereffective|p1a: calaka chida 2\n|-damage|p1a: calaka chida 2|13\/100\n|\n|-weather|Snow|[upkeep]\n|upkeep\n|turn|12\n|\n|t:|1701050174\n|switch|p1a: Yo soy luna|Ursaluna, F, shiny, tera:Normal|19\/100 brn\n|-heal|p1a: Yo soy luna|100\/100|[from] move: Healing Wish\n|move|p2a: mr big fish|Waterfall|p1a: Yo soy luna\n|-damage|p1a: Yo soy luna|67\/100\n|\n|-weather|Snow|[upkeep]\n|-status|p1a: Yo soy luna|brn|[from] item: Flame Orb\n|upkeep\n|turn|13\n|\n|t:|1701050186\n|switch|p2a: bug power|Ribombee, F|100\/100\n|move|p1a: Yo soy luna|Facade|p2a: bug power\n|-enditem|p2a: bug power|Focus Sash\n|-damage|p2a: bug power|1\/100\n|\n|-weather|none\n|-damage|p1a: Yo soy luna|61\/100 brn|[from] brn\n|upkeep\n|turn|14\n|\n|t:|1701050196\n|move|p2a: bug power|Moonblast|p1a: Yo soy luna\n|-damage|p1a: Yo soy luna|31\/100 brn\n|move|p1a: Yo soy luna|Facade|p2a: bug power\n|-damage|p2a: bug power|0 fnt\n|faint|p2a: bug power\n|\n|-damage|p1a: Yo soy luna|25\/100 brn|[from] brn\n|upkeep\n|\n|t:|1701050202\n|switch|p2a: bunnyboy|Cinderace, M|100\/100\n|turn|15\n|\n|t:|1701050207\n|switch|p1a: Calaka chida|Dusclops, M|100\/100\n|-item|p2a: bunnyboy|Heavy-Duty Boots|[from] ability: Frisk|[of] p1a: Calaka chida|[identify]\n|move|p2a: bunnyboy|High Jump Kick|p1a: Calaka chida\n|-start|p2a: bunnyboy|typechange|Fighting|[from] ability: Libero\n|-immune|p1a: Calaka chida\n|-damage|p2a: bunnyboy|51\/100|[from] highjumpkick\n|\n|upkeep\n|turn|16\n|\n|t:|1701050214\n|switch|p2a: mr big fish|Gyarados, M|100\/100\n|-ability|p2a: mr big fish|Intimidate|boost\n|-unboost|p1a: Calaka chida|atk|1\n|move|p1a: Calaka chida|Trick Room|p1a: Calaka chida\n|-fieldstart|move: Trick Room|[of] p1a: Calaka chida\n|\n|upkeep\n|turn|17\n|\n|t:|1701050220\n|move|p1a: Calaka chida|Will-O-Wisp|p2a: mr big fish\n|-status|p2a: mr big fish|brn\n|move|p2a: mr big fish|Waterfall|p1a: Calaka chida\n|-damage|p1a: Calaka chida|84\/100\n|\n|-damage|p2a: mr big fish|94\/100 brn|[from] brn\n|upkeep\n|turn|18\n|\n|t:|1701050225\n|move|p1a: Calaka chida|Night Shade|p2a: mr big fish\n|-damage|p2a: mr big fish|64\/100 brn\n|move|p2a: mr big fish|Waterfall|p1a: Calaka chida\n|-damage|p1a: Calaka chida|69\/100\n|\n|-damage|p2a: mr big fish|58\/100 brn|[from] brn\n|upkeep\n|turn|19\n|\n|t:|1701050227\n|move|p1a: Calaka chida|Night Shade|p2a: mr big fish\n|-damage|p2a: mr big fish|28\/100 brn\n|move|p2a: mr big fish|Waterfall|p1a: Calaka chida\n|-damage|p1a: Calaka chida|54\/100\n|\n|-damage|p2a: mr big fish|22\/100 brn|[from] brn\n|upkeep\n|turn|20\n|\n|t:|1701050231\n|move|p1a: Calaka chida|Night Shade|p2a: mr big fish\n|-damage|p2a: mr big fish|0 fnt\n|faint|p2a: mr big fish\n|\n|-fieldend|move: Trick Room\n|upkeep\n|\n|t:|1701050233\n|switch|p2a: bunnyboy|Cinderace, M|51\/100\n|turn|21\n|\n|t:|1701050240\n|-terastallize|p2a: bunnyboy|Fire\n|move|p2a: bunnyboy|Pyro Ball|p1a: Calaka chida\n|-damage|p1a: Calaka chida|3\/100\n|move|p1a: Calaka chida|Trick Room|p1a: Calaka chida\n|-fieldstart|move: Trick Room|[of] p1a: Calaka chida\n|\n|upkeep\n|turn|22\n|\n|t:|1701050247\n|move|p1a: Calaka chida|Pain Split|p2a: bunnyboy\n|-sethp|p2a: bunnyboy|26\/100|[from] move: Pain Split|[silent]\n|-sethp|p1a: Calaka chida|36\/100|[from] move: Pain Split\n|move|p2a: bunnyboy|Zen Headbutt|p1a: Calaka chida\n|-damage|p1a: Calaka chida|16\/100\n|\n|upkeep\n|turn|23\n|\n|t:|1701050250\n|move|p1a: Calaka chida|Night Shade|p2a: bunnyboy\n|-damage|p2a: bunnyboy|0 fnt\n|faint|p2a: bunnyboy\n|\n|win|GatosLover\n|raw|GatosLover's rating: 1325 &rarr; <strong>1340<\/strong><br \/>(+15 for winning)\n|raw|Spinda Challenge's rating: 1227 &rarr; <strong>1209<\/strong><br \/>(-18 for losing)\n|c|\u2606GatosLover|gg\n|l|\u2606Spinda Challenge\n","uploadtime":1701051599,"views":8,"p1id":"gatoslover","p2id":"spindachallenge","formatid":"gen9nationaldex","rating":1209,"private":0,"password":""}