{"id":"gen9nationaldex-1997833280","p1":"Z-ARC Butler","p2":"ocho1111","format":"[Gen 9] National Dex","log":"|html|<div class=\"broadcast-blue\"><strong>[Gen 9] National Dex is currently suspecting Sneasler! For information on how to participate check out the <a href=\"https:\/\/www.smogon.com\/forums\/threads\/sv-national-dex-suspect-8-just-dance.3731534\/\">suspect thread<\/a>.<\/strong><\/div>\n|j|\u2606Z-ARC Butler\n|j|\u2606ocho1111\n|t:|1700857657\n|gametype|singles\n|player|p1|Z-ARC Butler|pokemonranger-gen4|1070\n|player|p2|ocho1111|boarder|1039\n|teamsize|p1|6\n|teamsize|p2|6\n|gen|9\n|tier|[Gen 9] National Dex\n|rated|\n|rule|HP Percentage Mod: HP is shown in percentages\n|rule|Endless Battle Clause: Forcing endless battles is banned\n|rule|OHKO Clause: OHKO moves are banned\n|rule|Evasion Clause: Evasion abilities, items, and moves are banned\n|rule|Evasion Abilities Clause: Evasion abilities are banned\n|rule|Evasion Items Clause: Evasion items are banned\n|rule|Evasion Moves Clause: Evasion moves are banned\n|rule|Species Clause: Limit one of each Pok\u00e9mon\n|rule|Sleep Clause Mod: Limit one foe put to sleep\n|clearpoke\n|poke|p1|Absol, M|\n|poke|p1|Lurantis, F|\n|poke|p1|Grapploct, F|\n|poke|p1|Primarina, M|\n|poke|p1|Celesteela|\n|poke|p1|Flygon, M|\n|poke|p2|Mawile, F|\n|poke|p2|Victini|\n|poke|p2|Ursaluna, F|\n|poke|p2|Jellicent, M|\n|poke|p2|Togekiss, F|\n|poke|p2|Meloetta|\n|teampreview\n|\n|t:|1700857664\n|start\n|switch|p1a: Celesteela|Celesteela|100\/100\n|switch|p2a: Jellicent|Jellicent, M|100\/100\n|turn|1\n|\n|t:|1700857675\n|move|p1a: Celesteela|Acrobatics|p2a: Jellicent\n|-crit|p2a: Jellicent\n|-damage|p2a: Jellicent|49\/100\n|move|p2a: Jellicent|Trick Room|p2a: Jellicent\n|-fieldstart|move: Trick Room|[of] p2a: Jellicent\n|\n|-heal|p2a: Jellicent|55\/100|[from] item: Leftovers\n|upkeep\n|turn|2\n|\n|t:|1700857691\n|move|p2a: Jellicent|Scald|p1a: Celesteela\n|-damage|p1a: Celesteela|75\/100\n|-status|p1a: Celesteela|brn\n|move|p1a: Celesteela|Acrobatics|p2a: Jellicent\n|-damage|p2a: Jellicent|37\/100\n|\n|-heal|p2a: Jellicent|44\/100|[from] item: Leftovers\n|-damage|p1a: Celesteela|69\/100 brn|[from] brn\n|upkeep\n|turn|3\n|\n|t:|1700857714\n|switch|p1a: Grapploct|Grapploct, F|100\/100\n|move|p2a: Jellicent|Hex|p1a: Grapploct\n|-damage|p1a: Grapploct|80\/100\n|\n|-heal|p2a: Jellicent|50\/100|[from] item: Leftovers\n|upkeep\n|turn|4\n|\n|t:|1700857728\n|switch|p2a: frebdy fazbor|Ursaluna, F|100\/100\n|move|p1a: Grapploct|Payback|p2a: frebdy fazbor\n|-damage|p2a: frebdy fazbor|81\/100\n|\n|-status|p2a: frebdy fazbor|brn|[from] item: Flame Orb\n|upkeep\n|turn|5\n|\n|t:|1700857737\n|move|p2a: frebdy fazbor|Facade|p1a: Grapploct\n|-damage|p1a: Grapploct|0 fnt\n|faint|p1a: Grapploct\n|\n|-damage|p2a: frebdy fazbor|75\/100 brn|[from] brn\n|-fieldend|move: Trick Room\n|upkeep\n|\n|t:|1700857744\n|switch|p1a: Lurantis|Lurantis, F|100\/100\n|turn|6\n|\n|t:|1700857759\n|move|p1a: Lurantis|Leaf Blade|p2a: frebdy fazbor\n|-supereffective|p2a: frebdy fazbor\n|-damage|p2a: frebdy fazbor|10\/100 brn\n|move|p2a: frebdy fazbor|Facade|p1a: Lurantis\n|-damage|p1a: Lurantis|0 fnt\n|faint|p1a: Lurantis\n|\n|-damage|p2a: frebdy fazbor|4\/100 brn|[from] brn\n|upkeep\n|\n|t:|1700857768\n|switch|p1a: Celesteela|Celesteela|69\/100 brn\n|turn|7\n|\n|t:|1700857777\n|move|p1a: Celesteela|Acrobatics|p2a: frebdy fazbor\n|-damage|p2a: frebdy fazbor|0 fnt\n|faint|p2a: frebdy fazbor\n|-ability|p1a: Celesteela|Beast Boost|boost\n|-boost|p1a: Celesteela|atk|1\n|\n|-damage|p1a: Celesteela|63\/100 brn|[from] brn\n|upkeep\n|\n|t:|1700857795\n|switch|p2a: Jellicent|Jellicent, M|50\/100\n|turn|8\n|\n|t:|1700857800\n|move|p1a: Celesteela|Acrobatics|p2a: Jellicent\n|-damage|p2a: Jellicent|21\/100\n|move|p2a: Jellicent|Hex|p1a: Celesteela\n|-damage|p1a: Celesteela|22\/100 brn\n|\n|-heal|p2a: Jellicent|27\/100|[from] item: Leftovers\n|-damage|p1a: Celesteela|16\/100 brn|[from] brn\n|upkeep\n|turn|9\n|\n|t:|1700857826\n|switch|p2a: Mawile|Mawile, F|100\/100\n|-ability|p2a: Mawile|Intimidate|boost\n|-unboost|p1a: Celesteela|atk|1\n|move|p1a: Celesteela|Acrobatics|p2a: Mawile\n|-resisted|p2a: Mawile\n|-damage|p2a: Mawile|84\/100\n|\n|-damage|p1a: Celesteela|10\/100 brn|[from] brn\n|upkeep\n|turn|10\n|\n|t:|1700857839\n|detailschange|p2a: Mawile|Mawile-Mega, F\n|-mega|p2a: Mawile|Mawile|Mawilite\n|move|p1a: Celesteela|Earthquake|p2a: Mawile\n|-supereffective|p2a: Mawile\n|-damage|p2a: Mawile|56\/100\n|move|p2a: Mawile|Swords Dance|p2a: Mawile\n|-boost|p2a: Mawile|atk|2\n|\n|-damage|p1a: Celesteela|4\/100 brn|[from] brn\n|upkeep\n|turn|11\n|\n|t:|1700857855\n|move|p2a: Mawile|Sucker Punch|p1a: Celesteela\n|-damage|p1a: Celesteela|0 fnt\n|faint|p1a: Celesteela\n|\n|upkeep\n|\n|t:|1700857859\n|switch|p1a: Absol|Absol, M|100\/100\n|turn|12\n|\n|t:|1700857868\n|detailschange|p1a: Absol|Absol-Mega, M\n|-mega|p1a: Absol|Absol|Absolite\n|move|p1a: Absol|Close Combat|p2a: Mawile\n|-damage|p2a: Mawile|16\/100\n|-unboost|p1a: Absol|def|1\n|-unboost|p1a: Absol|spd|1\n|move|p2a: Mawile|Play Rough|p1a: Absol\n|-supereffective|p1a: Absol\n|-damage|p1a: Absol|0 fnt\n|faint|p1a: Absol\n|\n|upkeep\n|\n|t:|1700857875\n|switch|p1a: Flygon|Flygon, M|100\/100\n|turn|13\n|\n|t:|1700857887\n|-terastallize|p1a: Flygon|Ground\n|move|p1a: Flygon|Earthquake|p2a: Mawile\n|-supereffective|p2a: Mawile\n|-damage|p2a: Mawile|0 fnt\n|faint|p2a: Mawile\n|\n|upkeep\n|\n|t:|1700857900\n|switch|p2a: Togekiss|Togekiss, F|100\/100\n|turn|14\n|\n|t:|1700857905\n|move|p1a: Flygon|Steel Wing|p2a: Togekiss|[miss]\n|-miss|p1a: Flygon|p2a: Togekiss\n|move|p2a: Togekiss|Draining Kiss|p1a: Flygon\n|-damage|p1a: Flygon|63\/100\n|\n|upkeep\n|turn|15\n|\n|t:|1700857937\n|move|p1a: Flygon|Steel Wing|p2a: Togekiss\n|-supereffective|p2a: Togekiss\n|-damage|p2a: Togekiss|55\/100\n|move|p2a: Togekiss|Draining Kiss|p1a: Flygon\n|-damage|p1a: Flygon|22\/100\n|-heal|p2a: Togekiss|79\/100|[from] drain|[of] p1a: Flygon\n|\n|upkeep\n|turn|16\n|\n|t:|1700857945\n|move|p1a: Flygon|Steel Wing|p2a: Togekiss|[miss]\n|-miss|p1a: Flygon|p2a: Togekiss\n|move|p2a: Togekiss|Draining Kiss|p1a: Flygon\n|-damage|p1a: Flygon|0 fnt\n|-heal|p2a: Togekiss|93\/100|[from] drain|[of] p1a: Flygon\n|faint|p1a: Flygon\n|\n|upkeep\n|\n|t:|1700857949\n|switch|p1a: Primarina|Primarina, M|100\/100\n|turn|17\n|\n|t:|1700857957\n|move|p2a: Togekiss|Thunder Wave|p1a: Primarina\n|-status|p1a: Primarina|par\n|move|p1a: Primarina|Hyper Voice|p2a: Togekiss\n|-damage|p2a: Togekiss|50\/100\n|-enditem|p1a: Primarina|Throat Spray\n|-boost|p1a: Primarina|spa|1|[from] item: Throat Spray\n|\n|upkeep\n|turn|18\n|\n|t:|1700857965\n|move|p2a: Togekiss|Air Slash|p1a: Primarina\n|-damage|p1a: Primarina|66\/100 par\n|move|p1a: Primarina|Hyper Voice|p2a: Togekiss\n|-damage|p2a: Togekiss|0 fnt\n|faint|p2a: Togekiss\n|\n|upkeep\n|\n|t:|1700857985\n|switch|p2a: Meloetta|Meloetta|100\/100\n|turn|19\n|\n|t:|1700857990\n|move|p2a: Meloetta|Psyshock|p1a: Primarina\n|-damage|p1a: Primarina|9\/100 par\n|move|p1a: Primarina|Hyper Voice|p2a: Meloetta\n|-damage|p2a: Meloetta|47\/100\n|\n|-heal|p2a: Meloetta|53\/100|[from] item: Leftovers\n|upkeep\n|turn|20\n|\n|t:|1700857997\n|move|p2a: Meloetta|Psyshock|p1a: Primarina\n|-damage|p1a: Primarina|0 fnt\n|faint|p1a: Primarina\n|\n|win|ocho1111\n|raw|Z-ARC Butler's rating: 1070 &rarr; <strong>1048<\/strong><br \/>(-22 for losing)\n|raw|ocho1111's rating: 1039 &rarr; <strong>1076<\/strong><br \/>(+37 for winning)\n|l|\u2606Z-ARC Butler\n","uploadtime":1700858004,"views":3,"p1id":"zarcbutler","p2id":"ocho1111","formatid":"gen9nationaldex","rating":1048,"private":0,"password":""}