{"id":"gen9nationaldex-1989678840","p1":"AstralXS6","p2":"runeatest","format":"[Gen 9] National Dex","log":"|j|\u2606AstralXS6\n|j|\u2606runeatest\n|t:|1699886104\n|gametype|singles\n|player|p1|AstralXS6|hilbert|1171\n|player|p2|runeatest|265|1268\n|teamsize|p1|6\n|teamsize|p2|6\n|gen|9\n|tier|[Gen 9] National Dex\n|rated|\n|rule|HP Percentage Mod: HP is shown in percentages\n|rule|Endless Battle Clause: Forcing endless battles is banned\n|rule|OHKO Clause: OHKO moves are banned\n|rule|Evasion Clause: Evasion abilities, items, and moves are banned\n|rule|Evasion Abilities Clause: Evasion abilities are banned\n|rule|Evasion Items Clause: Evasion items are banned\n|rule|Evasion Moves Clause: Evasion moves are banned\n|rule|Species Clause: Limit one of each Pok\u00e9mon\n|rule|Sleep Clause Mod: Limit one foe put to sleep\n|clearpoke\n|poke|p1|Swampert, M|\n|poke|p1|Magneton|\n|poke|p1|Scolipede, M|\n|poke|p1|Lapras, M|\n|poke|p1|Floatzel, M|\n|poke|p1|Goodra, M|\n|poke|p2|Glaceon, M|\n|poke|p2|Flygon, M|\n|poke|p2|Emolga, M|\n|poke|p2|Marowak-Alola, M|\n|poke|p2|Sirfetch\u2019d, M|\n|poke|p2|Lapras, M|\n|teampreview\n|inactive|Battle timer is ON: inactive players will automatically lose when time's up. (requested by AstralXS6)\n|\n|t:|1699886111\n|start\n|switch|p1a: Magneton|Magneton|100\/100\n|switch|p2a: Marowak|Marowak-Alola, M|100\/100\n|turn|1\n|\n|t:|1699886117\n|move|p1a: Magneton|Charge Beam|p2a: Marowak\n|-damage|p2a: Marowak|67\/100\n|-boost|p1a: Magneton|spa|1\n|move|p2a: Marowak|Flare Blitz|p1a: Magneton\n|-supereffective|p1a: Magneton\n|-ability|p1a: Magneton|Sturdy\n|-damage|p1a: Magneton|1\/100\n|-enditem|p1a: Magneton|Salac Berry|[eat]\n|-boost|p1a: Magneton|spe|1|[from] item: Salac Berry\n|\n|upkeep\n|turn|2\n|\n|t:|1699886139\n|switch|p2a: Emolga|Emolga, M|100\/100\n|move|p1a: Magneton|Charge Beam|p2a: Emolga\n|-ability|p2a: Emolga|Motor Drive|boost\n|-boost|p2a: Emolga|spe|1\n|\n|upkeep\n|turn|3\n|\n|t:|1699886148\n|move|p2a: Emolga|Thunderbolt|p1a: Magneton\n|-resisted|p1a: Magneton\n|-damage|p1a: Magneton|0 fnt\n|faint|p1a: Magneton\n|\n|upkeep\n|\n|t:|1699886155\n|switch|p1a: Lapras|Lapras, M|100\/100\n|turn|4\n|\n|t:|1699886158\n|move|p2a: Emolga|Nuzzle|p1a: Lapras\n|-supereffective|p1a: Lapras\n|-damage|p1a: Lapras|93\/100\n|-status|p1a: Lapras|par\n|cant|p1a: Lapras|par\n|\n|upkeep\n|turn|5\n|\n|t:|1699886164\n|move|p2a: Emolga|Thunderbolt|p1a: Lapras\n|-supereffective|p1a: Lapras\n|-damage|p1a: Lapras|44\/100 par\n|move|p1a: Lapras|Rain Dance|p1a: Lapras\n|-weather|RainDance\n|\n|-weather|RainDance|[upkeep]\n|upkeep\n|turn|6\n|\n|t:|1699886170\n|move|p2a: Emolga|Thunderbolt|p1a: Lapras\n|-supereffective|p1a: Lapras\n|-damage|p1a: Lapras|0 fnt\n|faint|p1a: Lapras\n|\n|-weather|RainDance|[upkeep]\n|upkeep\n|\n|t:|1699886173\n|switch|p1a: Floatzel|Floatzel, M|100\/100\n|turn|7\n|\n|t:|1699886176\n|move|p1a: Floatzel|Ice Spinner|p2a: Emolga\n|-supereffective|p2a: Emolga\n|-enditem|p2a: Emolga|Focus Sash\n|-damage|p2a: Emolga|1\/100\n|move|p2a: Emolga|Nuzzle|p1a: Floatzel\n|-supereffective|p1a: Floatzel\n|-damage|p1a: Floatzel|84\/100\n|-status|p1a: Floatzel|par\n|\n|-weather|RainDance|[upkeep]\n|upkeep\n|turn|8\n|\n|t:|1699886185\n|switch|p1a: Swampert|Swampert, M|100\/100\n|move|p2a: Emolga|Thunderbolt|p1a: Swampert\n|-immune|p1a: Swampert\n|\n|-weather|RainDance|[upkeep]\n|upkeep\n|turn|9\n|\n|t:|1699886197\n|switch|p2a: Lapras|Lapras, M|100\/100\n|move|p1a: Swampert|Substitute|p1a: Swampert\n|-start|p1a: Swampert|Substitute\n|-damage|p1a: Swampert|75\/100\n|\n|-weather|RainDance|[upkeep]\n|-heal|p1a: Swampert|82\/100|[from] item: Leftovers\n|upkeep\n|turn|10\n|\n|t:|1699886208\n|move|p1a: Swampert|Bulk Up|p1a: Swampert\n|-boost|p1a: Swampert|atk|1\n|-boost|p1a: Swampert|def|1\n|move|p2a: Lapras|Freeze-Dry|p1a: Swampert\n|-supereffective|p1a: Swampert\n|-end|p1a: Swampert|Substitute\n|\n|-weather|RainDance|[upkeep]\n|-heal|p1a: Swampert|88\/100|[from] item: Leftovers\n|upkeep\n|turn|11\n|\n|t:|1699886216\n|move|p1a: Swampert|Substitute|p1a: Swampert\n|-start|p1a: Swampert|Substitute\n|-damage|p1a: Swampert|63\/100\n|move|p2a: Lapras|Freeze-Dry|p1a: Swampert\n|-supereffective|p1a: Swampert\n|-end|p1a: Swampert|Substitute\n|\n|-weather|RainDance|[upkeep]\n|-heal|p1a: Swampert|69\/100|[from] item: Leftovers\n|upkeep\n|turn|12\n|\n|t:|1699886224\n|-terastallize|p1a: Swampert|Fairy\n|move|p1a: Swampert|Substitute|p1a: Swampert\n|-start|p1a: Swampert|Substitute\n|-damage|p1a: Swampert|44\/100\n|move|p2a: Lapras|Freeze-Dry|p1a: Swampert\n|-activate|p1a: Swampert|move: Substitute|[damage]\n|\n|-weather|none\n|-heal|p1a: Swampert|50\/100|[from] item: Leftovers\n|upkeep\n|turn|13\n|\n|t:|1699886233\n|move|p1a: Swampert|Bulk Up|p1a: Swampert\n|-boost|p1a: Swampert|atk|1\n|-boost|p1a: Swampert|def|1\n|move|p2a: Lapras|Sparkling Aria|p1a: Swampert\n|-damage|p1a: Swampert|26\/100\n|\n|-heal|p1a: Swampert|32\/100|[from] item: Leftovers\n|upkeep\n|turn|14\n|\n|t:|1699886241\n|move|p1a: Swampert|Earthquake|p2a: Lapras\n|-damage|p2a: Lapras|40\/100\n|move|p2a: Lapras|Sparkling Aria|p1a: Swampert\n|-damage|p1a: Swampert|6\/100\n|\n|-heal|p1a: Swampert|13\/100|[from] item: Leftovers\n|-heal|p2a: Lapras|46\/100|[from] item: Leftovers\n|upkeep\n|turn|15\n|\n|t:|1699886261\n|switch|p2a: Emolga|Emolga, M|1\/100\n|move|p1a: Swampert|Earthquake|p2a: Emolga\n|-immune|p2a: Emolga\n|\n|-heal|p1a: Swampert|19\/100|[from] item: Leftovers\n|upkeep\n|turn|16\n|\n|t:|1699886269\n|move|p2a: Emolga|Thunderbolt|p1a: Swampert\n|-end|p1a: Swampert|Substitute\n|move|p1a: Swampert|Liquidation|p2a: Emolga\n|-damage|p2a: Emolga|0 fnt\n|faint|p2a: Emolga\n|\n|-heal|p1a: Swampert|25\/100|[from] item: Leftovers\n|upkeep\n|\n|t:|1699886284\n|switch|p2a: Flygon|Flygon, M|100\/100\n|turn|17\n|\n|t:|1699886289\n|move|p2a: Flygon|Earthquake|p1a: Swampert\n|-damage|p1a: Swampert|3\/100\n|move|p1a: Swampert|Liquidation|p2a: Flygon\n|-enditem|p2a: Flygon|Focus Sash\n|-damage|p2a: Flygon|1\/100\n|\n|-heal|p1a: Swampert|9\/100|[from] item: Leftovers\n|upkeep\n|turn|18\n|\n|t:|1699886301\n|move|p2a: Flygon|Earthquake|p1a: Swampert\n|-damage|p1a: Swampert|0 fnt\n|faint|p1a: Swampert\n|\n|upkeep\n|\n|t:|1699886303\n|switch|p1a: Floatzel|Floatzel, M|84\/100 par\n|turn|19\n|\n|t:|1699886309\n|switch|p2a: Lapras|Lapras, M|46\/100\n|move|p1a: Floatzel|Aqua Jet|p2a: Lapras\n|-heal|p2a: Lapras|71\/100|[from] ability: Water Absorb|[of] p1a: Floatzel\n|\n|-heal|p2a: Lapras|77\/100|[from] item: Leftovers\n|upkeep\n|turn|20\n|\n|t:|1699886316\n|switch|p1a: Scolipede|Scolipede, M, shiny|100\/100\n|move|p2a: Lapras|Freeze-Dry|p1a: Scolipede\n|-damage|p1a: Scolipede|52\/100\n|\n|-heal|p2a: Lapras|83\/100|[from] item: Leftovers\n|upkeep\n|turn|21\n|c|\u2606AstralXS6|!dt freeze dry\n|raw|<ul class=\"utilichart\"><li class=\"result\"><span class=\"col movenamecol\"><a href=\"https:\/\/dex.pokemonshowdown.com\/moves\/freezedry\">Freeze-Dry<\/a><\/span> <span class=\"col typecol\"><img src=\"\/\/play.pokemonshowdown.com\/sprites\/types\/Ice.png\" alt=\"Ice\" width=\"32\" height=\"14\"><img src=\"\/\/play.pokemonshowdown.com\/sprites\/categories\/Special.png\" alt=\"Special\" width=\"32\" height=\"14\"><\/span> <span class=\"col labelcol\"><em>Power<\/em><br>70<\/span> <span class=\"col widelabelcol\"><em>Accuracy<\/em><br>100%<\/span> <span class=\"col pplabelcol\"><em>PP<\/em><br>32<\/span> <span class=\"col movedesccol\">10% chance to freeze. Super effective on Water.<\/span> <\/li><li style=\"clear:both\"><\/li><\/ul>\n|raw|<font size=\"1\"><font color=\"#686868\">Priority:<\/font> 0&nbsp;|&ThickSpace;<font color=\"#686868\">Gen:<\/font> 6&nbsp;|&ThickSpace;&#10003; Boosted by Sheer Force&nbsp;|&ThickSpace;<font color=\"#686868\">Z-Power:<\/font> 140&nbsp;|&ThickSpace;<font color=\"#686868\">Dynamax Power:<\/font> 120&nbsp;|&ThickSpace;<font color=\"#686868\">Target:<\/font> One Adjacent Pok\u00e9mon<\/font>\n\n|c|\u2606AstralXS6|!dt sparkling aria\n|raw|<ul class=\"utilichart\"><li class=\"result\"><span class=\"col movenamecol\"><a href=\"https:\/\/dex.pokemonshowdown.com\/moves\/sparklingaria\">Sparkling Aria<\/a><\/span> <span class=\"col typecol\"><img src=\"\/\/play.pokemonshowdown.com\/sprites\/types\/Water.png\" alt=\"Water\" width=\"32\" height=\"14\"><img src=\"\/\/play.pokemonshowdown.com\/sprites\/categories\/Special.png\" alt=\"Special\" width=\"32\" height=\"14\"><\/span> <span class=\"col labelcol\"><em>Power<\/em><br>90<\/span> <span class=\"col widelabelcol\"><em>Accuracy<\/em><br>100%<\/span> <span class=\"col pplabelcol\"><em>PP<\/em><br>16<\/span> <span class=\"col movedesccol\">The target is cured of its burn.<\/span> <\/li><li style=\"clear:both\"><\/li><\/ul>\n|raw|<font size=\"1\"><font color=\"#686868\">Priority:<\/font> 0&nbsp;|&ThickSpace;<font color=\"#686868\">Gen:<\/font> 7&nbsp;|&ThickSpace;&#10007; Past Gens Only&nbsp;|&ThickSpace;&#10003; Boosted by Sheer Force&nbsp;|&ThickSpace;&#10003; Sound&nbsp;|&ThickSpace;&#10003; Bypasses Substitutes&nbsp;|&ThickSpace;<font color=\"#686868\">Z-Power:<\/font> 175&nbsp;|&ThickSpace;<font color=\"#686868\">Dynamax Power:<\/font> 130&nbsp;|&ThickSpace;<font color=\"#686868\">Target:<\/font> All Adjacent Pok\u00e9mon<\/font>\n\n|inactive|AstralXS6 has 120 seconds left.\n|c|\u2606AstralXS6|hes gonna die\n|\n|t:|1699886352\n|switch|p2a: Flygon|Flygon, M|1\/100\n|move|p1a: Scolipede|Megahorn|p2a: Flygon\n|-damage|p2a: Flygon|0 fnt\n|faint|p2a: Flygon\n|\n|-ability|p1a: Scolipede|Speed Boost|boost\n|-boost|p1a: Scolipede|spe|1\n|upkeep\n|c|\u2606AstralXS6|nvm\n|\n|t:|1699886371\n|switch|p2a: Marowak|Marowak-Alola, M|67\/100\n|turn|22\n|\n|t:|1699886376\n|move|p1a: Scolipede|Earthquake|p2a: Marowak\n|-supereffective|p2a: Marowak\n|-damage|p2a: Marowak|0 fnt\n|faint|p2a: Marowak\n|\n|-ability|p1a: Scolipede|Speed Boost|boost\n|-boost|p1a: Scolipede|spe|1\n|upkeep\n|\n|t:|1699886389\n|switch|p2a: Sirfetch\u2019d|Sirfetch\u2019d, M|100\/100\n|turn|23\n|\n|t:|1699886393\n|-terastallize|p2a: Sirfetch\u2019d|Flying\n|move|p1a: Scolipede|Poison Jab|p2a: Sirfetch\u2019d\n|-damage|p2a: Sirfetch\u2019d|56\/100\n|move|p2a: Sirfetch\u2019d|Dual Wingbeat|p1a: Scolipede\n|-supereffective|p1a: Scolipede\n|-damage|p1a: Scolipede|0 fnt\n|faint|p1a: Scolipede\n|-hitcount|p1: Scolipede|1\n|\n|upkeep\n|\n|t:|1699886402\n|switch|p1a: Floatzel|Floatzel, M|84\/100 par\n|turn|24\n|\n|t:|1699886406\n|switch|p2a: Lapras|Lapras, M|83\/100\n|move|p1a: Floatzel|Wave Crash|p2a: Lapras\n|-heal|p2a: Lapras|100\/100|[from] ability: Water Absorb|[of] p1a: Floatzel\n|\n|upkeep\n|turn|25\n|\n|t:|1699886412\n|switch|p1a: Goodra|Goodra, M|100\/100\n|move|p2a: Lapras|Freeze-Dry|p1a: Goodra\n|-supereffective|p1a: Goodra\n|-damage|p1a: Goodra|61\/100\n|\n|-heal|p1a: Goodra|67\/100|[from] item: Leftovers\n|upkeep\n|turn|26\n|\n|t:|1699886419\n|move|p1a: Goodra|Toxic|p2a: Lapras\n|-status|p2a: Lapras|tox\n|move|p2a: Lapras|Freeze-Dry|p1a: Goodra\n|-supereffective|p1a: Goodra\n|-damage|p1a: Goodra|29\/100\n|\n|-heal|p1a: Goodra|35\/100|[from] item: Leftovers\n|-damage|p2a: Lapras|94\/100 tox|[from] psn\n|upkeep\n|turn|27\n|\n|t:|1699886427\n|move|p1a: Goodra|Knock Off|p2a: Lapras\n|-damage|p2a: Lapras|75\/100 tox\n|-enditem|p2a: Lapras|Leftovers|[from] move: Knock Off|[of] p1a: Goodra\n|move|p2a: Lapras|Heal Bell|p2a: Lapras\n|-activate|p2a: Lapras|move: Heal Bell\n|-curestatus|p2a: Lapras|tox|[msg]\n|\n|-heal|p1a: Goodra|41\/100|[from] item: Leftovers\n|upkeep\n|turn|28\n|c|\u2606AstralXS6|gg\n|\n|t:|1699886436\n|move|p1a: Goodra|Toxic|p2a: Lapras\n|-status|p2a: Lapras|tox\n|move|p2a: Lapras|Freeze-Dry|p1a: Goodra\n|-supereffective|p1a: Goodra\n|-damage|p1a: Goodra|2\/100\n|\n|-heal|p1a: Goodra|8\/100|[from] item: Leftovers\n|-damage|p2a: Lapras|69\/100 tox|[from] psn\n|upkeep\n|turn|29\n|\n|t:|1699886445\n|switch|p1a: Floatzel|Floatzel, M|84\/100 par\n|move|p2a: Lapras|Heal Bell|p2a: Lapras\n|-activate|p2a: Lapras|move: Heal Bell\n|-curestatus|p2a: Lapras|tox|[msg]\n|\n|upkeep\n|turn|30\n|\n|t:|1699886452\n|move|p2a: Lapras|Freeze-Dry|p1a: Floatzel\n|-supereffective|p1a: Floatzel\n|-crit|p1a: Floatzel\n|-damage|p1a: Floatzel|0 fnt\n|faint|p1a: Floatzel\n|\n|upkeep\n|\n|t:|1699886455\n|switch|p1a: Goodra|Goodra, M|8\/100\n|turn|31\n|\n|t:|1699886458\n|move|p1a: Goodra|Toxic|p2a: Lapras\n|-status|p2a: Lapras|tox\n|move|p2a: Lapras|Freeze-Dry|p1a: Goodra\n|-supereffective|p1a: Goodra\n|-damage|p1a: Goodra|0 fnt\n|faint|p1a: Goodra\n|\n|win|runeatest\n|raw|AstralXS6's rating: 1171 &rarr; <strong>1153<\/strong><br \/>(-18 for losing)\n|raw|runeatest's rating: 1268 &rarr; <strong>1286<\/strong><br \/>(+18 for winning)\n|c|\u2606AstralXS6|yeah gg\n|l|\u2606AstralXS6\n","uploadtime":1699886470,"views":4,"p1id":"astralxs6","p2id":"runeatest","formatid":"gen9nationaldex","rating":1153,"private":0,"password":""}