{"id":"gen9nationaldex-1990138445","p1":"vlpraca","p2":"Kuzwa","format":"[Gen 9] National Dex","log":"|j|\u203dvlpraca\n|j|\u2606Kuzwa\n|t:|1699928718\n|gametype|singles\n|player|p1|vlpraca|brock|1340\n|player|p2|Kuzwa|parasollady|1276\n|teamsize|p1|6\n|teamsize|p2|6\n|gen|9\n|tier|[Gen 9] National Dex\n|rated|\n|rule|HP Percentage Mod: HP is shown in percentages\n|rule|Endless Battle Clause: Forcing endless battles is banned\n|rule|OHKO Clause: OHKO moves are banned\n|rule|Evasion Clause: Evasion abilities, items, and moves are banned\n|rule|Evasion Abilities Clause: Evasion abilities are banned\n|rule|Evasion Items Clause: Evasion items are banned\n|rule|Evasion Moves Clause: Evasion moves are banned\n|rule|Species Clause: Limit one of each Pok\u00e9mon\n|rule|Sleep Clause Mod: Limit one foe put to sleep\n|clearpoke\n|poke|p1|Serperior, F|\n|poke|p1|Togekiss, F|\n|poke|p1|Ferrothorn, F|\n|poke|p1|Arcanine-Hisui, F|\n|poke|p1|Slowking, M|\n|poke|p1|Tyranitar, F|\n|poke|p2|Gallade, M|\n|poke|p2|Kartana|\n|poke|p2|Weavile, M|\n|poke|p2|Ogerpon-Wellspring, F|\n|poke|p2|Zeraora|\n|poke|p2|Glimmora, M|\n|teampreview\n|inactive|Battle timer is ON: inactive players will automatically lose when time's up. (requested by vlpraca)\n|\n|t:|1699928727\n|start\n|switch|p1a: Slowking|Slowking, M|100\/100\n|switch|p2a: thing|Glimmora, M|100\/100\n|-item|p2a: thing|Air Balloon\n|turn|1\n|\n|t:|1699928731\n|move|p2a: thing|Sludge Wave|p1a: Slowking\n|-damage|p1a: Slowking|60\/100\n|-status|p1a: Slowking|psn\n|move|p1a: Slowking|Scald|p2a: thing\n|-supereffective|p2a: thing\n|-damage|p2a: thing|14\/100\n|-status|p2a: thing|brn\n|-enditem|p2a: thing|Air Balloon\n|\n|-heal|p1a: Slowking|66\/100 psn|[from] item: Leftovers\n|-damage|p1a: Slowking|54\/100 psn|[from] psn\n|-damage|p2a: thing|8\/100 brn|[from] brn\n|upkeep\n|turn|2\n|\n|t:|1699928736\n|move|p2a: thing|Sludge Wave|p1a: Slowking\n|-damage|p1a: Slowking|14\/100 psn\n|move|p1a: Slowking|Scald|p2a: thing\n|-supereffective|p2a: thing\n|-damage|p2a: thing|0 fnt\n|faint|p2a: thing\n|\n|-heal|p1a: Slowking|20\/100 psn|[from] item: Leftovers\n|-damage|p1a: Slowking|8\/100 psn|[from] psn\n|upkeep\n|\n|t:|1699928741\n|switch|p2a: Makoto Yuki|Kartana, shiny|100\/100\n|turn|3\n|\n|t:|1699928745\n|switch|p1a: Ferrothorn|Ferrothorn, F|100\/100\n|move|p2a: Makoto Yuki|Sacred Sword|p1a: Ferrothorn\n|-supereffective|p1a: Ferrothorn\n|-damage|p1a: Ferrothorn|37\/100\n|-damage|p2a: Makoto Yuki|88\/100|[from] ability: Iron Barbs|[of] p1a: Ferrothorn\n|\n|-heal|p1a: Ferrothorn|43\/100|[from] item: Leftovers\n|upkeep\n|turn|4\n|\n|t:|1699928754\n|move|p1a: Ferrothorn|Protect|p1a: Ferrothorn\n|-singleturn|p1a: Ferrothorn|Protect\n|move|p2a: Makoto Yuki|Sacred Sword|p1a: Ferrothorn\n|-activate|p1a: Ferrothorn|move: Protect\n|\n|-heal|p1a: Ferrothorn|49\/100|[from] item: Leftovers\n|upkeep\n|turn|5\n|\n|t:|1699928758\n|switch|p1a: Togekiss|Togekiss, F|100\/100\n|move|p2a: Makoto Yuki|Sacred Sword|p1a: Togekiss\n|-resisted|p1a: Togekiss\n|-damage|p1a: Togekiss|91\/100\n|\n|-heal|p1a: Togekiss|97\/100|[from] item: Leftovers\n|upkeep\n|turn|6\n|\n|t:|1699928760\n|move|p2a: Makoto Yuki|Smart Strike|p1a: Togekiss\n|-supereffective|p1a: Togekiss\n|-damage|p1a: Togekiss|20\/100\n|move|p1a: Togekiss|Air Slash|p2a: Makoto Yuki|[miss]\n|-miss|p1a: Togekiss|p2a: Makoto Yuki\n|\n|-heal|p1a: Togekiss|26\/100|[from] item: Leftovers\n|upkeep\n|turn|7\n|\n|t:|1699928765\n|switch|p1a: Ferrothorn|Ferrothorn, F|49\/100\n|move|p2a: Makoto Yuki|Smart Strike|p1a: Ferrothorn\n|-resisted|p1a: Ferrothorn\n|-damage|p1a: Ferrothorn|33\/100\n|-damage|p2a: Makoto Yuki|76\/100|[from] ability: Iron Barbs|[of] p1a: Ferrothorn\n|\n|-heal|p1a: Ferrothorn|39\/100|[from] item: Leftovers\n|upkeep\n|turn|8\n|\n|t:|1699928771\n|switch|p1a: Slowking|Slowking, M|41\/100 psn\n|move|p2a: Makoto Yuki|Swords Dance|p2a: Makoto Yuki\n|-boost|p2a: Makoto Yuki|atk|2\n|\n|-heal|p1a: Slowking|47\/100 psn|[from] item: Leftovers\n|-damage|p1a: Slowking|35\/100 psn|[from] psn\n|upkeep\n|turn|9\n|-message|vlpraca forfeited.\n|\n|win|Kuzwa\n|raw|vlpraca's rating: 1340 &rarr; <strong>1316<\/strong><br \/>(-24 for losing)\n|raw|Kuzwa's rating: 1276 &rarr; <strong>1306<\/strong><br \/>(+30 for winning)\n|l|\u203dvlpraca\n","uploadtime":1699928788,"views":13,"p1id":"vlpraca","p2id":"kuzwa","formatid":"gen9nationaldex","rating":1306,"private":0,"password":""}