{"id":"gen9nationaldex-1994833415","p1":"NormalU?","p2":"Yuat","format":"[Gen 9] National Dex","log":"|html|<div class=\"broadcast-blue\"><strong>[Gen 9] National Dex is currently suspecting Sneasler! For information on how to participate check out the <a href=\"https:\/\/www.smogon.com\/forums\/threads\/sv-national-dex-suspect-8-just-dance.3731534\/\">suspect thread<\/a>.<\/strong><\/div>\n|j|\u2606NormalU?\n|j|\u2606Yuat\n|t:|1700497011\n|gametype|singles\n|player|p1|NormalU?|courtney|1412\n|player|p2|Yuat|mallow|1340\n|teamsize|p1|6\n|teamsize|p2|6\n|gen|9\n|tier|[Gen 9] National Dex\n|rated|\n|rule|HP Percentage Mod: HP is shown in percentages\n|rule|Endless Battle Clause: Forcing endless battles is banned\n|rule|OHKO Clause: OHKO moves are banned\n|rule|Evasion Clause: Evasion abilities, items, and moves are banned\n|rule|Evasion Abilities Clause: Evasion abilities are banned\n|rule|Evasion Items Clause: Evasion items are banned\n|rule|Evasion Moves Clause: Evasion moves are banned\n|rule|Species Clause: Limit one of each Pok\u00e9mon\n|rule|Sleep Clause Mod: Limit one foe put to sleep\n|clearpoke\n|poke|p1|Haxorus, M|\n|poke|p1|Starmie|\n|poke|p1|Kyurem|\n|poke|p1|Araquanid, M|\n|poke|p1|Eldegoss, F|\n|poke|p1|Scizor, M|\n|poke|p2|Primarina, F|\n|poke|p2|Garchomp, F|\n|poke|p2|Great Tusk|\n|poke|p2|Volcarona, F|\n|poke|p2|Vaporeon, F|\n|poke|p2|Urshifu-*, F|\n|teampreview\n|inactive|Battle timer is ON: inactive players will automatically lose when time's up. (requested by NormalU?)\n|\n|t:|1700497021\n|start\n|switch|p1a: Kyurem|Kyurem|100\/100\n|switch|p2a: Urshifu|Urshifu-Rapid-Strike, F|100\/100\n|-ability|p1a: Kyurem|Pressure\n|turn|1\n|\n|t:|1700497028\n|move|p1a: Kyurem|Freeze-Dry|p2a: Urshifu\n|-supereffective|p2a: Urshifu\n|-damage|p2a: Urshifu|0 fnt\n|faint|p2a: Urshifu\n|\n|upkeep\n|\n|t:|1700497035\n|switch|p2a: Volcarona|Volcarona, F|100\/100\n|turn|2\n|\n|t:|1700497040\n|switch|p1a: Araquanid|Araquanid, M|100\/100\n|move|p2a: Volcarona|Quiver Dance|p2a: Volcarona\n|-boost|p2a: Volcarona|spa|1\n|-boost|p2a: Volcarona|spd|1\n|-boost|p2a: Volcarona|spe|1\n|\n|upkeep\n|turn|3\n|\n|t:|1700497048\n|-terastallize|p2a: Volcarona|Grass\n|move|p2a: Volcarona|Quiver Dance|p2a: Volcarona\n|-boost|p2a: Volcarona|spa|1\n|-boost|p2a: Volcarona|spd|1\n|-boost|p2a: Volcarona|spe|1\n|move|p1a: Araquanid|Liquidation|p2a: Volcarona\n|-resisted|p2a: Volcarona\n|-damage|p2a: Volcarona|50\/100\n|\n|upkeep\n|turn|4\n|\n|t:|1700497060\n|-terastallize|p1a: Araquanid|Poison\n|move|p2a: Volcarona|Giga Drain|p1a: Araquanid\n|-resisted|p1a: Araquanid\n|-damage|p1a: Araquanid|60\/100\n|-heal|p2a: Volcarona|68\/100|[from] drain|[of] p1a: Araquanid\n|move|p1a: Araquanid|Leech Life|p2a: Volcarona\n|-supereffective|p2a: Volcarona\n|-damage|p2a: Volcarona|0 fnt\n|-heal|p1a: Araquanid|98\/100|[from] drain|[of] p2a: Volcarona\n|faint|p2a: Volcarona\n|\n|-heal|p1a: Araquanid|100\/100|[from] item: Leftovers\n|upkeep\n|\n|t:|1700497073\n|switch|p2a: Great Tusk|Great Tusk|100\/100\n|turn|5\n|\n|t:|1700497078\n|move|p2a: Great Tusk|Earthquake|p1a: Araquanid\n|-supereffective|p1a: Araquanid\n|-damage|p1a: Araquanid|16\/100\n|move|p1a: Araquanid|Liquidation|p2a: Great Tusk\n|-supereffective|p2a: Great Tusk\n|-damage|p2a: Great Tusk|38\/100\n|\n|-heal|p2a: Great Tusk|45\/100|[from] item: Leftovers\n|-heal|p1a: Araquanid|22\/100|[from] item: Leftovers\n|upkeep\n|turn|6\n|\n|t:|1700497081\n|move|p2a: Great Tusk|Earthquake|p1a: Araquanid\n|-supereffective|p1a: Araquanid\n|-damage|p1a: Araquanid|0 fnt\n|faint|p1a: Araquanid\n|\n|-heal|p2a: Great Tusk|51\/100|[from] item: Leftovers\n|upkeep\n|\n|t:|1700497085\n|switch|p1a: Quimpert|Starmie|100\/100\n|turn|7\n|\n|t:|1700497089\n|-end|p2a: Great Tusk|Protosynthesis|[silent]\n|switch|p2a: Vaporeon|Vaporeon, F|100\/100\n|move|p1a: Quimpert|Scald|p2a: Vaporeon\n|-immune|p2a: Vaporeon|[from] ability: Water Absorb\n|\n|upkeep\n|turn|8\n|\n|t:|1700497093\n|move|p1a: Quimpert|Thunder|p2a: Vaporeon\n|-supereffective|p2a: Vaporeon\n|-damage|p2a: Vaporeon|68\/100\n|-status|p2a: Vaporeon|par\n|move|p2a: Vaporeon|Wish|p2a: Vaporeon\n|\n|-heal|p2a: Vaporeon|74\/100 par|[from] item: Leftovers\n|upkeep\n|turn|9\n|\n|t:|1700497103\n|switch|p1a: Eldegoss|Eldegoss, F|100\/100\n|move|p2a: Vaporeon|Wish||[still]\n|-fail|p2a: Vaporeon\n|\n|-heal|p2a: Vaporeon|100\/100 par|[from] move: Wish|[wisher] Vaporeon\n|upkeep\n|turn|10\n|\n|t:|1700497113\n|move|p1a: Eldegoss|Energy Ball|p2a: Vaporeon\n|-supereffective|p2a: Vaporeon\n|-damage|p2a: Vaporeon|64\/100 par\n|move|p2a: Vaporeon|Flip Turn|p1a: Eldegoss\n|-resisted|p1a: Eldegoss\n|-crit|p1a: Eldegoss\n|-damage|p1a: Eldegoss|90\/100\n|\n|t:|1700497121\n|switch|p2a: Garchomp|Garchomp, F|100\/100|[from] Flip Turn\n|\n|upkeep\n|turn|11\n|\n|t:|1700497126\n|move|p2a: Garchomp|Stealth Rock|p1a: Eldegoss\n|-sidestart|p1: NormalU?|move: Stealth Rock\n|move|p1a: Eldegoss|Energy Ball|p2a: Garchomp\n|-damage|p2a: Garchomp|72\/100\n|\n|upkeep\n|turn|12\n|\n|t:|1700497130\n|move|p2a: Garchomp|Earthquake|p1a: Eldegoss\n|-resisted|p1a: Eldegoss\n|-damage|p1a: Eldegoss|68\/100\n|move|p1a: Eldegoss|Rapid Spin|p2a: Garchomp\n|-damage|p2a: Garchomp|68\/100\n|-boost|p1a: Eldegoss|spe|1\n|-damage|p1a: Eldegoss|56\/100|[from] ability: Rough Skin|[of] p2a: Garchomp\n|-damage|p1a: Eldegoss|39\/100|[from] item: Rocky Helmet|[of] p2a: Garchomp\n|-sideend|p1: NormalU?|Stealth Rock|[from] move: Rapid Spin|[of] p1a: Eldegoss\n|\n|upkeep\n|turn|13\n|\n|t:|1700497140\n|move|p2a: Garchomp|Stealth Rock|p1a: Eldegoss\n|-sidestart|p1: NormalU?|move: Stealth Rock\n|move|p1a: Eldegoss|Energy Ball|p2a: Garchomp\n|-damage|p2a: Garchomp|42\/100\n|\n|upkeep\n|turn|14\n|\n|t:|1700497153\n|move|p2a: Garchomp|Spikes|p1a: Eldegoss\n|-sidestart|p1: NormalU?|Spikes\n|move|p1a: Eldegoss|Rapid Spin|p2a: Garchomp\n|-damage|p2a: Garchomp|38\/100\n|-boost|p1a: Eldegoss|spe|1\n|-damage|p1a: Eldegoss|27\/100|[from] ability: Rough Skin|[of] p2a: Garchomp\n|-damage|p1a: Eldegoss|10\/100|[from] item: Rocky Helmet|[of] p2a: Garchomp\n|-sideend|p1: NormalU?|Spikes|[from] move: Rapid Spin|[of] p1a: Eldegoss\n|-sideend|p1: NormalU?|Stealth Rock|[from] move: Rapid Spin|[of] p1a: Eldegoss\n|\n|upkeep\n|turn|15\n|\n|t:|1700497159\n|move|p1a: Eldegoss|Rapid Spin|p2a: Garchomp\n|-damage|p2a: Garchomp|34\/100\n|-boost|p1a: Eldegoss|spe|1\n|-damage|p1a: Eldegoss|0 fnt|[from] ability: Rough Skin|[of] p2a: Garchomp\n|faint|p1a: Eldegoss\n|move|p2a: Garchomp|Stealth Rock|p1: Eldegoss\n|-sidestart|p1: NormalU?|move: Stealth Rock\n|\n|upkeep\n|\n|t:|1700497165\n|switch|p1a: Kyurem|Kyurem|100\/100\n|-damage|p1a: Kyurem|76\/100|[from] Stealth Rock\n|-ability|p1a: Kyurem|Pressure\n|turn|16\n|\n|t:|1700497174\n|move|p1a: Kyurem|Freeze-Dry|p2a: Garchomp\n|-supereffective|p2a: Garchomp\n|-damage|p2a: Garchomp|0 fnt\n|faint|p2a: Garchomp\n|\n|upkeep\n|\n|t:|1700497176\n|switch|p2a: Primarina|Primarina, F|100\/100\n|turn|17\n|\n|t:|1700497181\n|move|p1a: Kyurem|Freeze-Dry|p2a: Primarina\n|-supereffective|p2a: Primarina\n|-damage|p2a: Primarina|44\/100\n|move|p2a: Primarina|Moonblast|p1a: Kyurem\n|-supereffective|p1a: Kyurem\n|-crit|p1a: Kyurem\n|-damage|p1a: Kyurem|0 fnt\n|faint|p1a: Kyurem\n|\n|-heal|p2a: Primarina|50\/100|[from] item: Leftovers\n|upkeep\n|\n|t:|1700497185\n|switch|p1a: Quimpert|Starmie|100\/100\n|-damage|p1a: Quimpert|88\/100|[from] Stealth Rock\n|turn|18\n|\n|t:|1700497193\n|switch|p2a: Great Tusk|Great Tusk|51\/100\n|-zpower|p1a: Quimpert\n|move|p1a: Quimpert|Gigavolt Havoc|p2a: Great Tusk|[zeffect]\n|-immune|p2a: Great Tusk\n|\n|-heal|p2a: Great Tusk|57\/100|[from] item: Leftovers\n|upkeep\n|turn|19\n|\n|t:|1700497202\n|-end|p2a: Great Tusk|Protosynthesis|[silent]\n|switch|p2a: Vaporeon|Vaporeon, F|64\/100 par\n|move|p1a: Quimpert|Psychic|p2a: Vaporeon\n|-damage|p2a: Vaporeon|44\/100 par\n|\n|-heal|p2a: Vaporeon|50\/100 par|[from] item: Leftovers\n|upkeep\n|turn|20\n|\n|t:|1700497210\n|move|p1a: Quimpert|Thunder|p2a: Vaporeon\n|-supereffective|p2a: Vaporeon\n|-damage|p2a: Vaporeon|13\/100 par\n|move|p2a: Vaporeon|Wish|p2a: Vaporeon\n|\n|-heal|p2a: Vaporeon|19\/100 par|[from] item: Leftovers\n|upkeep\n|turn|21\n|\n|t:|1700497216\n|move|p2a: Vaporeon|Protect|p2a: Vaporeon\n|-singleturn|p2a: Vaporeon|Protect\n|move|p1a: Quimpert|Psychic|p2a: Vaporeon\n|-activate|p2a: Vaporeon|move: Protect\n|\n|-heal|p2a: Vaporeon|69\/100 par|[from] move: Wish|[wisher] Vaporeon\n|-heal|p2a: Vaporeon|75\/100 par|[from] item: Leftovers\n|upkeep\n|turn|22\n|\n|t:|1700497221\n|move|p1a: Quimpert|Thunder|p2a: Vaporeon|[miss]\n|-miss|p1a: Quimpert|p2a: Vaporeon\n|move|p2a: Vaporeon|Wish|p2a: Vaporeon\n|\n|-heal|p2a: Vaporeon|82\/100 par|[from] item: Leftovers\n|upkeep\n|turn|23\n|\n|t:|1700497228\n|switch|p1a: Scizor|Scizor, M|100\/100\n|-damage|p1a: Scizor|88\/100|[from] Stealth Rock\n|move|p2a: Vaporeon|Flip Turn|p1a: Scizor\n|-damage|p1a: Scizor|71\/100\n|\n|t:|1700497237\n|switch|p2a: Great Tusk|Great Tusk|57\/100|[from] Flip Turn\n|\n|-heal|p2a: Great Tusk|100\/100|[from] move: Wish|[wisher] Vaporeon\n|upkeep\n|turn|24\n|\n|t:|1700497241\n|detailschange|p1a: Scizor|Scizor-Mega, M\n|-mega|p1a: Scizor|Scizor|Scizorite\n|move|p2a: Great Tusk|Body Press|p1a: Scizor\n|-damage|p1a: Scizor|29\/100\n|move|p1a: Scizor|U-turn|p2a: Great Tusk\n|-resisted|p2a: Great Tusk\n|-damage|p2a: Great Tusk|91\/100\n|\n|t:|1700497250\n|switch|p1a: Haxorus|Haxorus, M|100\/100|[from] U-turn\n|-damage|p1a: Haxorus|88\/100|[from] Stealth Rock\n|-ability|p1a: Haxorus|Mold Breaker\n|\n|-heal|p2a: Great Tusk|97\/100|[from] item: Leftovers\n|upkeep\n|turn|25\n|\n|t:|1700497256\n|move|p1a: Haxorus|Swords Dance|p1a: Haxorus\n|-boost|p1a: Haxorus|atk|2\n|move|p2a: Great Tusk|Body Press|p1a: Haxorus\n|-damage|p1a: Haxorus|32\/100\n|\n|-heal|p2a: Great Tusk|100\/100|[from] item: Leftovers\n|upkeep\n|turn|26\n|\n|t:|1700497260\n|move|p1a: Haxorus|Dual Chop|p2a: Great Tusk\n|-damage|p2a: Great Tusk|78\/100\n|-damage|p2a: Great Tusk|59\/100\n|-hitcount|p2a: Great Tusk|2\n|move|p2a: Great Tusk|Body Press|p1a: Haxorus\n|-damage|p1a: Haxorus|0 fnt\n|faint|p1a: Haxorus\n|\n|-heal|p2a: Great Tusk|65\/100|[from] item: Leftovers\n|upkeep\n|\n|t:|1700497263\n|switch|p1a: Quimpert|Starmie|88\/100\n|-damage|p1a: Quimpert|76\/100|[from] Stealth Rock\n|turn|27\n|\n|t:|1700497271\n|-end|p2a: Great Tusk|Protosynthesis|[silent]\n|switch|p2a: Vaporeon|Vaporeon, F|82\/100 par\n|move|p1a: Quimpert|Psychic|p2a: Vaporeon\n|-damage|p2a: Vaporeon|60\/100 par\n|\n|-heal|p2a: Vaporeon|66\/100 par|[from] item: Leftovers\n|upkeep\n|turn|28\n|\n|t:|1700497274\n|move|p1a: Quimpert|Thunder|p2a: Vaporeon\n|-supereffective|p2a: Vaporeon\n|-damage|p2a: Vaporeon|29\/100 par\n|cant|p2a: Vaporeon|par\n|\n|-heal|p2a: Vaporeon|35\/100 par|[from] item: Leftovers\n|upkeep\n|turn|29\n|\n|t:|1700497281\n|move|p2a: Vaporeon|Protect|p2a: Vaporeon\n|-singleturn|p2a: Vaporeon|Protect\n|move|p1a: Quimpert|Thunder|p2a: Vaporeon\n|-activate|p2a: Vaporeon|move: Protect\n|\n|-heal|p2a: Vaporeon|41\/100 par|[from] item: Leftovers\n|upkeep\n|turn|30\n|\n|t:|1700497287\n|move|p1a: Quimpert|Thunder|p2a: Vaporeon\n|-supereffective|p2a: Vaporeon\n|-damage|p2a: Vaporeon|5\/100 par\n|move|p2a: Vaporeon|Wish|p2a: Vaporeon\n|\n|-heal|p2a: Vaporeon|11\/100 par|[from] item: Leftovers\n|upkeep\n|turn|31\n|\n|t:|1700497293\n|cant|p2a: Vaporeon|par\n|move|p1a: Quimpert|Psychic|p2a: Vaporeon\n|-damage|p2a: Vaporeon|0 fnt\n|faint|p2a: Vaporeon\n|\n|upkeep\n|\n|t:|1700497299\n|switch|p2a: Primarina|Primarina, F|50\/100\n|turn|32\n|\n|t:|1700497304\n|move|p1a: Quimpert|Thunder|p2a: Primarina\n|-supereffective|p2a: Primarina\n|-damage|p2a: Primarina|0 fnt\n|faint|p2a: Primarina\n|\n|upkeep\n|\n|t:|1700497307\n|switch|p2a: Great Tusk|Great Tusk|65\/100\n|turn|33\n|\n|t:|1700497310\n|move|p1a: Quimpert|Psychic|p2a: Great Tusk\n|-supereffective|p2a: Great Tusk\n|-damage|p2a: Great Tusk|0 fnt\n|faint|p2a: Great Tusk\n|-end|p2a: Great Tusk|Protosynthesis|[silent]\n|\n|win|NormalU?\n|raw|NormalU?'s rating: 1412 &rarr; <strong>1428<\/strong><br \/>(+16 for winning)\n|raw|Yuat's rating: 1340 &rarr; <strong>1324<\/strong><br \/>(-16 for losing)\n","uploadtime":1700497314,"views":12,"p1id":"normalu","p2id":"yuat","formatid":"gen9nationaldex","rating":1324,"private":0,"password":""}