{"id":"gen9nationaldex-1998534647","p1":"The Champion Windy","p2":"Maeby Mitenaut","format":"[Gen 9] National Dex","log":"|html|<div class=\"broadcast-blue\"><strong>[Gen 9] National Dex is currently suspecting Sneasler! For information on how to participate check out the <a href=\"https:\/\/www.smogon.com\/forums\/threads\/sv-national-dex-suspect-8-just-dance.3731534\/\">suspect thread<\/a>.<\/strong><\/div>\n|j|\u2606The Champion Windy\n|j|\u2606Maeby Mitenaut\n|t:|1700953341\n|gametype|singles\n|player|p1|The Champion Windy|1|1070\n|player|p2|Maeby Mitenaut|dahlia|1177\n|teamsize|p1|6\n|teamsize|p2|6\n|gen|9\n|tier|[Gen 9] National Dex\n|rated|\n|rule|HP Percentage Mod: HP is shown in percentages\n|rule|Endless Battle Clause: Forcing endless battles is banned\n|rule|OHKO Clause: OHKO moves are banned\n|rule|Evasion Clause: Evasion abilities, items, and moves are banned\n|rule|Evasion Abilities Clause: Evasion abilities are banned\n|rule|Evasion Items Clause: Evasion items are banned\n|rule|Evasion Moves Clause: Evasion moves are banned\n|rule|Species Clause: Limit one of each Pok\u00e9mon\n|rule|Sleep Clause Mod: Limit one foe put to sleep\n|clearpoke\n|poke|p1|Kingdra, F|\n|poke|p1|Dragonite, F|\n|poke|p1|Garchomp, F|\n|poke|p1|Charizard, F|\n|poke|p1|Duraludon, F|\n|poke|p1|Haxorus, F|\n|poke|p2|Raichu-Alola, F|\n|poke|p2|Clodsire, M|\n|poke|p2|Tapu Koko|\n|poke|p2|Arctozolt|\n|poke|p2|Iron Hands|\n|poke|p2|Ninetales-Alola, F|\n|teampreview\n|c|\u2606Maeby Mitenaut|all dragons, and one should be dragon\n|c|\u2606Maeby Mitenaut|i likey\n|inactive|Battle timer is ON: inactive players will automatically lose when time's up. (requested by Maeby Mitenaut)\n|\n|t:|1700953369\n|start\n|switch|p1a: Haxorus|Haxorus, F|100\/100\n|switch|p2a: Ice Spice|Ninetales-Alola, F, shiny|100\/100\n|-weather|Snow|[from] ability: Snow Warning|[of] p2a: Ice Spice\n|-ability|p1a: Haxorus|Mold Breaker\n|turn|1\n|\n|t:|1700953379\n|-terastallize|p1a: Haxorus|Ghost\n|move|p2a: Ice Spice|Aurora Veil|p2a: Ice Spice\n|-sidestart|p2: Maeby Mitenaut|move: Aurora Veil\n|move|p1a: Haxorus|Swords Dance|p1a: Haxorus\n|-boost|p1a: Haxorus|atk|2\n|\n|-weather|Snow|[upkeep]\n|upkeep\n|turn|2\n|\n|t:|1700953390\n|switch|p2a: Muddy Buddy|Clodsire, M|100\/100\n|move|p1a: Haxorus|Swords Dance|p1a: Haxorus\n|-boost|p1a: Haxorus|atk|2\n|\n|-weather|Snow|[upkeep]\n|upkeep\n|turn|3\n|\n|t:|1700953399\n|move|p1a: Haxorus|Swords Dance|p1a: Haxorus\n|-boost|p1a: Haxorus|atk|2\n|move|p2a: Muddy Buddy|Toxic|p1a: Haxorus\n|-status|p1a: Haxorus|tox\n|\n|-weather|Snow|[upkeep]\n|-damage|p1a: Haxorus|94\/100 tox|[from] psn\n|upkeep\n|turn|4\n|\n|t:|1700953412\n|move|p1a: Haxorus|Dragon Claw|p2a: Muddy Buddy\n|-damage|p2a: Muddy Buddy|0 fnt\n|faint|p2a: Muddy Buddy\n|\n|-weather|Snow|[upkeep]\n|-damage|p1a: Haxorus|82\/100 tox|[from] psn\n|upkeep\n|\n|t:|1700953419\n|switch|p2a: Gritty|Arctozolt, shiny|100\/100\n|turn|5\n|\n|t:|1700953426\n|move|p2a: Gritty|Bolt Beak|p1a: Haxorus\n|-damage|p1a: Haxorus|0 fnt\n|faint|p1a: Haxorus\n|\n|-weather|Snow|[upkeep]\n|-sideend|p2: Maeby Mitenaut|move: Aurora Veil\n|upkeep\n|\n|t:|1700953442\n|switch|p1a: Charizard|Charizard, F|100\/100\n|turn|6\n|\n|t:|1700953462\n|detailschange|p1a: Charizard|Charizard-Mega-Y, F\n|-mega|p1a: Charizard|Charizard|Charizardite Y\n|-weather|SunnyDay|[from] ability: Drought|[of] p1a: Charizard\n|move|p1a: Charizard|Flamethrower|p2a: Gritty\n|-supereffective|p2a: Gritty\n|-damage|p2a: Gritty|0 fnt\n|faint|p2a: Gritty\n|\n|-weather|SunnyDay|[upkeep]\n|upkeep\n|\n|t:|1700953471\n|switch|p2a: Ice Spice|Ninetales-Alola, F, shiny|100\/100\n|-weather|Snow|[from] ability: Snow Warning|[of] p2a: Ice Spice\n|turn|7\n|\n|t:|1700953478\n|switch|p2a: Bluck Buck|Tapu Koko, shiny|100\/100\n|-fieldstart|move: Electric Terrain|[from] ability: Electric Surge|[of] p2a: Bluck Buck\n|move|p1a: Charizard|Flamethrower|p2a: Bluck Buck\n|-damage|p2a: Bluck Buck|30\/100\n|\n|-weather|Snow|[upkeep]\n|upkeep\n|turn|8\n|\n|t:|1700953494\n|switch|p1a: Garchomp|Garchomp, F|100\/100\n|move|p2a: Bluck Buck|Iron Head|p1a: Garchomp\n|-damage|p1a: Garchomp|80\/100\n|-damage|p2a: Bluck Buck|17\/100|[from] ability: Rough Skin|[of] p1a: Garchomp\n|\n|-weather|Snow|[upkeep]\n|upkeep\n|turn|9\n|\n|t:|1700953506\n|move|p2a: Bluck Buck|Taunt|p1a: Garchomp\n|-start|p1a: Garchomp|move: Taunt\n|move|p1a: Garchomp|Dragon Claw|p2a: Bluck Buck\n|-immune|p2a: Bluck Buck\n|\n|-weather|Snow|[upkeep]\n|upkeep\n|turn|10\n|\n|t:|1700953512\n|move|p2a: Bluck Buck|U-turn|p1a: Garchomp\n|-damage|p1a: Garchomp|63\/100\n|-damage|p2a: Bluck Buck|5\/100|[from] ability: Rough Skin|[of] p1a: Garchomp\n|\n|t:|1700953529\n|switch|p2a: Ice Spice|Ninetales-Alola, F, shiny|100\/100|[from] U-turn\n|move|p1a: Garchomp|Earthquake|p2a: Ice Spice\n|-damage|p2a: Ice Spice|52\/100\n|\n|-weather|Snow|[upkeep]\n|upkeep\n|turn|11\n|\n|t:|1700953542\n|move|p2a: Ice Spice|Blizzard|p1a: Garchomp\n|-supereffective|p1a: Garchomp\n|-damage|p1a: Garchomp|0 fnt\n|faint|p1a: Garchomp\n|\n|-weather|Snow|[upkeep]\n|upkeep\n|\n|t:|1700953550\n|switch|p1a: Charizard|Charizard-Mega-Y, F|100\/100\n|-weather|SunnyDay|[from] ability: Drought|[of] p1a: Charizard\n|turn|12\n|\n|t:|1700953560\n|switch|p2a: Big Pap\u00ed|Iron Hands|100\/100\n|-activate|p2a: Big Pap\u00ed|ability: Quark Drive\n|-start|p2a: Big Pap\u00ed|quarkdriveatk\n|move|p1a: Charizard|Flamethrower|p2a: Big Pap\u00ed\n|-damage|p2a: Big Pap\u00ed|45\/100\n|\n|-weather|SunnyDay|[upkeep]\n|upkeep\n|turn|13\n|\n|t:|1700953576\n|switch|p1a: Duraludon|Duraludon, F|100\/100\n|move|p2a: Big Pap\u00ed|Thunder Punch|p1a: Duraludon\n|-resisted|p1a: Duraludon\n|-damage|p1a: Duraludon|61\/100\n|\n|-weather|SunnyDay|[upkeep]\n|upkeep\n|turn|14\n|\n|t:|1700953592\n|move|p1a: Duraludon|Dark Pulse|p2a: Big Pap\u00ed\n|-resisted|p2a: Big Pap\u00ed\n|-damage|p2a: Big Pap\u00ed|36\/100\n|move|p2a: Big Pap\u00ed|Drain Punch|p1a: Duraludon\n|-supereffective|p1a: Duraludon\n|-damage|p1a: Duraludon|0 fnt\n|-heal|p2a: Big Pap\u00ed|52\/100|[from] drain|[of] p1a: Duraludon\n|faint|p1a: Duraludon\n|\n|-weather|SunnyDay|[upkeep]\n|-fieldend|move: Electric Terrain\n|-end|p2a: Big Pap\u00ed|Quark Drive\n|upkeep\n|inactive|The Champion Windy has 120 seconds left.\n|\n|t:|1700953613\n|switch|p1a: Charizard|Charizard-Mega-Y, F|100\/100\n|turn|15\n|\n|t:|1700953617\n|move|p1a: Charizard|Flamethrower|p2a: Big Pap\u00ed\n|-damage|p2a: Big Pap\u00ed|0 fnt\n|faint|p2a: Big Pap\u00ed\n|-end|p2a: Big Pap\u00ed|Quark Drive|[silent]\n|\n|-weather|SunnyDay|[upkeep]\n|upkeep\n|\n|t:|1700953622\n|switch|p2a: Ice Spice|Ninetales-Alola, F, shiny|52\/100\n|-weather|Snow|[from] ability: Snow Warning|[of] p2a: Ice Spice\n|turn|16\n|\n|t:|1700953631\n|move|p2a: Ice Spice|Blizzard|p1a: Charizard\n|-damage|p1a: Charizard|68\/100\n|move|p1a: Charizard|Flamethrower|p2a: Ice Spice\n|-supereffective|p2a: Ice Spice\n|-damage|p2a: Ice Spice|0 fnt\n|faint|p2a: Ice Spice\n|\n|-weather|Snow|[upkeep]\n|upkeep\n|\n|t:|1700953639\n|switch|p2a: Bluck Buck|Tapu Koko, shiny|5\/100\n|-fieldstart|move: Electric Terrain|[from] ability: Electric Surge|[of] p2a: Bluck Buck\n|turn|17\n|\n|t:|1700953651\n|move|p2a: Bluck Buck|Thunder Wave|p1a: Charizard\n|-status|p1a: Charizard|par\n|move|p1a: Charizard|Ancient Power|p2a: Bluck Buck\n|-damage|p2a: Bluck Buck|0 fnt\n|faint|p2a: Bluck Buck\n|\n|-weather|Snow|[upkeep]\n|upkeep\n|\n|t:|1700953658\n|switch|p2a: Aloha Broha|Raichu-Alola, F, shiny|100\/100\n|turn|18\n|\n|t:|1700953664\n|switch|p1a: Kingdra|Kingdra, F|100\/100\n|-zpower|p2a: Aloha Broha\n|move|p2a: Aloha Broha|Stoked Sparksurfer|p1a: Kingdra|[zeffect]\n|-damage|p1a: Kingdra|4\/100\n|-status|p1a: Kingdra|par\n|\n|-weather|Snow|[upkeep]\n|upkeep\n|turn|19\n|\n|t:|1700953676\n|move|p2a: Aloha Broha|Psychic|p1a: Kingdra\n|-damage|p1a: Kingdra|0 fnt\n|faint|p1a: Kingdra\n|\n|-weather|Snow|[upkeep]\n|upkeep\n|\n|t:|1700953683\n|switch|p1a: Charizard|Charizard-Mega-Y, F|68\/100 par\n|-weather|SunnyDay|[from] ability: Drought|[of] p1a: Charizard\n|turn|20\n|\n|t:|1700953687\n|move|p2a: Aloha Broha|Rising Voltage|p1a: Charizard\n|-supereffective|p1a: Charizard\n|-damage|p1a: Charizard|0 fnt\n|faint|p1a: Charizard\n|\n|-weather|SunnyDay|[upkeep]\n|upkeep\n|\n|t:|1700953694\n|switch|p1a: Dragonite|Dragonite, F|100\/100\n|turn|21\n|\n|t:|1700953706\n|move|p1a: Dragonite|Extreme Speed|p2a: Aloha Broha\n|-damage|p2a: Aloha Broha|47\/100\n|move|p2a: Aloha Broha|Rising Voltage|p1a: Dragonite\n|-damage|p1a: Dragonite|77\/100\n|\n|-weather|SunnyDay|[upkeep]\n|upkeep\n|turn|22\n|\n|t:|1700953721\n|move|p1a: Dragonite|Extreme Speed|p2a: Aloha Broha\n|-damage|p2a: Aloha Broha|0 fnt\n|faint|p2a: Aloha Broha\n|\n|win|The Champion Windy\n|raw|The Champion Windy's rating: 1070 &rarr; <strong>1108<\/strong><br \/>(+38 for winning)\n|raw|Maeby Mitenaut's rating: 1177 &rarr; <strong>1145<\/strong><br \/>(-32 for losing)\n|c|\u2606Maeby Mitenaut|gg!\n|l|\u2606The Champion Windy\n","uploadtime":1700953736,"views":4,"p1id":"thechampionwindy","p2id":"maebymitenaut","formatid":"gen9nationaldex","rating":1108,"private":0,"password":""}