{"id":"gen9nationaldex-1997990390","p1":"QIxhQI","p2":"caibi107","format":"[Gen 9] National Dex","log":"|html|<div class=\"broadcast-blue\"><strong>[Gen 9] National Dex is currently suspecting Sneasler! For information on how to participate check out the <a href=\"https:\/\/www.smogon.com\/forums\/threads\/sv-national-dex-suspect-8-just-dance.3731534\/\">suspect thread<\/a>.<\/strong><\/div>\n|j|\u2606QIxhQI\n|j|\u2606caibi107\n|t:|1700876109\n|gametype|singles\n|player|p1|QIxhQI|1|1593\n|player|p2|caibi107|hilbert|1660\n|teamsize|p1|6\n|teamsize|p2|6\n|gen|9\n|tier|[Gen 9] National Dex\n|rated|\n|rule|HP Percentage Mod: HP is shown in percentages\n|rule|Endless Battle Clause: Forcing endless battles is banned\n|rule|OHKO Clause: OHKO moves are banned\n|rule|Evasion Clause: Evasion abilities, items, and moves are banned\n|rule|Evasion Abilities Clause: Evasion abilities are banned\n|rule|Evasion Items Clause: Evasion items are banned\n|rule|Evasion Moves Clause: Evasion moves are banned\n|rule|Species Clause: Limit one of each Pok\u00e9mon\n|rule|Sleep Clause Mod: Limit one foe put to sleep\n|clearpoke\n|poke|p1|Ninetales-Alola, M|\n|poke|p1|Blaziken, M|\n|poke|p1|Gyarados, F|\n|poke|p1|Volcarona, F|\n|poke|p1|Celesteela|\n|poke|p1|Iron Treads|\n|poke|p2|Mawile, M|\n|poke|p2|Marowak-Alola, M|\n|poke|p2|Hatterene, F|\n|poke|p2|Cresselia, F|\n|poke|p2|Porygon2|\n|poke|p2|Ursaluna, F|\n|teampreview\n|\n|t:|1700876122\n|start\n|switch|p1a: Iron Treads|Iron Treads|100\/100\n|switch|p2a: Hatterene|Hatterene, F|100\/100\n|turn|1\n|\n|t:|1700876130\n|move|p1a: Iron Treads|Iron Head|p2a: Hatterene\n|-supereffective|p2a: Hatterene\n|-damage|p2a: Hatterene|23\/100\n|move|p2a: Hatterene|Trick Room|p2a: Hatterene\n|-fieldstart|move: Trick Room|[of] p2a: Hatterene\n|\n|upkeep\n|turn|2\n|inactive|Battle timer is ON: inactive players will automatically lose when time's up. (requested by QIxhQI)\n|\n|t:|1700876136\n|move|p2a: Hatterene|Misty Explosion|p1a: Iron Treads\n|-resisted|p1a: Iron Treads\n|-damage|p1a: Iron Treads|43\/100\n|faint|p2a: Hatterene\n|move|p1a: Iron Treads|Stealth Rock|p2: Hatterene\n|-sidestart|p2: caibi107|move: Stealth Rock\n|\n|upkeep\n|\n|t:|1700876161\n|switch|p2a: Ursaluna|Ursaluna, F|100\/100\n|-damage|p2a: Ursaluna|94\/100|[from] Stealth Rock\n|turn|3\n|\n|t:|1700876168\n|move|p2a: Ursaluna|Fire Punch|p1a: Iron Treads\n|-supereffective|p1a: Iron Treads\n|-damage|p1a: Iron Treads|0 fnt\n|faint|p1a: Iron Treads\n|-end|p1a: Iron Treads|Quark Drive|[silent]\n|\n|-status|p2a: Ursaluna|brn|[from] item: Flame Orb\n|upkeep\n|\n|t:|1700876178\n|switch|p1a: Blaziken|Blaziken, M, shiny|100\/100\n|turn|4\n|\n|t:|1700876180\n|move|p1a: Blaziken|Protect|p1a: Blaziken\n|-singleturn|p1a: Blaziken|Protect\n|move|p2a: Ursaluna|Swords Dance|p2a: Ursaluna\n|-boost|p2a: Ursaluna|atk|2\n|\n|-damage|p2a: Ursaluna|88\/100 brn|[from] brn\n|-ability|p1a: Blaziken|Speed Boost|boost\n|-boost|p1a: Blaziken|spe|1\n|upkeep\n|turn|5\n|\n|t:|1700876190\n|switch|p1a: Celesteela|Celesteela, shiny|100\/100\n|-terastallize|p2a: Ursaluna|Normal\n|move|p2a: Ursaluna|Facade|p1a: Celesteela\n|-resisted|p1a: Celesteela\n|-damage|p1a: Celesteela|0 fnt\n|faint|p1a: Celesteela\n|\n|-damage|p2a: Ursaluna|82\/100 brn|[from] brn\n|-fieldend|move: Trick Room\n|upkeep\n|\n|t:|1700876199\n|switch|p1a: Blaziken|Blaziken, M, shiny|100\/100\n|turn|6\n|\n|t:|1700876200\n|move|p1a: Blaziken|Close Combat|p2a: Ursaluna\n|-supereffective|p2a: Ursaluna\n|-damage|p2a: Ursaluna|0 fnt\n|-unboost|p1a: Blaziken|def|1\n|-unboost|p1a: Blaziken|spd|1\n|faint|p2a: Ursaluna\n|\n|-ability|p1a: Blaziken|Speed Boost|boost\n|-boost|p1a: Blaziken|spe|1\n|upkeep\n|\n|t:|1700876210\n|switch|p2a: Porygon2|Porygon2|100\/100\n|-damage|p2a: Porygon2|88\/100|[from] Stealth Rock\n|-ability|p2a: Porygon2|Speed Boost|[from] ability: Trace|[of] p1a: Blaziken\n|turn|7\n|\n|t:|1700876217\n|switch|p1a: Ninetales|Ninetales-Alola, M|100\/100\n|-weather|Snow|[from] ability: Snow Warning|[of] p1a: Ninetales\n|move|p2a: Porygon2|Thunderbolt|p1a: Ninetales\n|-damage|p1a: Ninetales|78\/100\n|\n|-weather|Snow|[upkeep]\n|-ability|p2a: Porygon2|Speed Boost|boost\n|-boost|p2a: Porygon2|spe|1\n|upkeep\n|turn|8\n|\n|t:|1700876230\n|move|p1a: Ninetales|Encore|p2a: Porygon2\n|-start|p2a: Porygon2|Encore\n|move|p2a: Porygon2|Thunderbolt|p1a: Ninetales\n|-damage|p1a: Ninetales|56\/100\n|\n|-weather|Snow|[upkeep]\n|-ability|p2a: Porygon2|Speed Boost|boost\n|-boost|p2a: Porygon2|spe|1\n|upkeep\n|turn|9\n|\n|t:|1700876233\n|move|p1a: Ninetales|Aurora Veil|p1a: Ninetales\n|-sidestart|p1: QIxhQI|move: Aurora Veil\n|move|p2a: Porygon2|Thunderbolt|p1a: Ninetales\n|-damage|p1a: Ninetales|45\/100\n|\n|-weather|Snow|[upkeep]\n|-ability|p2a: Porygon2|Speed Boost|boost\n|-boost|p2a: Porygon2|spe|1\n|upkeep\n|turn|10\n|\n|t:|1700876241\n|switch|p1a: Blaziken|Blaziken, M, shiny|100\/100\n|move|p2a: Porygon2|Thunderbolt|p1a: Blaziken\n|-damage|p1a: Blaziken|84\/100\n|\n|-weather|Snow|[upkeep]\n|-end|p2a: Porygon2|Encore\n|-ability|p2a: Porygon2|Speed Boost|boost\n|-boost|p2a: Porygon2|spe|1\n|upkeep\n|turn|11\n|\n|t:|1700876245\n|move|p1a: Blaziken|Swords Dance|p1a: Blaziken\n|-boost|p1a: Blaziken|atk|2\n|move|p2a: Porygon2|Trick Room|p2a: Porygon2\n|-fieldstart|move: Trick Room|[of] p2a: Porygon2\n|\n|-weather|none\n|-ability|p1a: Blaziken|Speed Boost|boost\n|-boost|p1a: Blaziken|spe|1\n|-ability|p2a: Porygon2|Speed Boost|boost\n|-boost|p2a: Porygon2|spe|1\n|upkeep\n|turn|12\n|\n|t:|1700876252\n|move|p1a: Blaziken|Close Combat|p2a: Porygon2\n|-supereffective|p2a: Porygon2\n|-damage|p2a: Porygon2|0 fnt\n|-unboost|p1a: Blaziken|def|1\n|-unboost|p1a: Blaziken|spd|1\n|faint|p2a: Porygon2\n|\n|-ability|p1a: Blaziken|Speed Boost|boost\n|-boost|p1a: Blaziken|spe|1\n|upkeep\n|\n|t:|1700876258\n|switch|p2a: Marowak|Marowak-Alola, M|100\/100\n|-damage|p2a: Marowak|75\/100|[from] Stealth Rock\n|turn|13\n|\n|t:|1700876261\n|move|p1a: Blaziken|Protect|p1a: Blaziken\n|-singleturn|p1a: Blaziken|Protect\n|move|p2a: Marowak|Swords Dance|p2a: Marowak\n|-boost|p2a: Marowak|atk|2\n|\n|-ability|p1a: Blaziken|Speed Boost|boost\n|-boost|p1a: Blaziken|spe|1\n|upkeep\n|turn|14\n|\n|t:|1700876267\n|switch|p1a: Ninetales|Ninetales-Alola, M|45\/100\n|-weather|Snow|[from] ability: Snow Warning|[of] p1a: Ninetales\n|move|p2a: Marowak|Poltergeist|p1a: Ninetales|[miss]\n|-miss|p2a: Marowak|p1a: Ninetales\n|\n|-weather|Snow|[upkeep]\n|upkeep\n|turn|15\n|\n|t:|1700876275\n|move|p2a: Marowak|Poltergeist|p1a: Ninetales\n|-activate|p1a: Ninetales|move: Poltergeist|Light Clay\n|-damage|p1a: Ninetales|0 fnt\n|faint|p1a: Ninetales\n|\n|-weather|Snow|[upkeep]\n|-fieldend|move: Trick Room\n|upkeep\n|\n|t:|1700876283\n|switch|p1a: Gyarados|Gyarados, F, shiny|100\/100\n|-ability|p1a: Gyarados|Intimidate|boost\n|-unboost|p2a: Marowak|atk|1\n|turn|16\n|\n|t:|1700876290\n|switch|p2a: Cresselia|Cresselia, F|100\/100\n|-damage|p2a: Cresselia|88\/100|[from] Stealth Rock\n|detailschange|p1a: Gyarados|Gyarados-Mega, F, shiny\n|-mega|p1a: Gyarados|Gyarados|Gyaradosite\n|-ability|p1a: Gyarados|Mold Breaker\n|move|p1a: Gyarados|Dragon Dance|p1a: Gyarados\n|-boost|p1a: Gyarados|atk|1\n|-boost|p1a: Gyarados|spe|1\n|\n|-weather|Snow|[upkeep]\n|-sideend|p1: QIxhQI|move: Aurora Veil\n|upkeep\n|turn|17\n|\n|t:|1700876295\n|move|p1a: Gyarados|Taunt|p2a: Cresselia\n|-start|p2a: Cresselia|move: Taunt\n|cant|p2a: Cresselia|move: Taunt|Trick Room\n|\n|-weather|Snow|[upkeep]\n|upkeep\n|turn|18\n|\n|t:|1700876301\n|switch|p2a: Mawile|Mawile, M|100\/100\n|-damage|p2a: Mawile|95\/100|[from] Stealth Rock\n|-ability|p2a: Mawile|Intimidate|boost\n|-unboost|p1a: Gyarados|atk|1\n|move|p1a: Gyarados|Dragon Dance|p1a: Gyarados\n|-boost|p1a: Gyarados|atk|1\n|-boost|p1a: Gyarados|spe|1\n|\n|-weather|none\n|upkeep\n|turn|19\n|\n|t:|1700876309\n|detailschange|p2a: Mawile|Mawile-Mega, M\n|-mega|p2a: Mawile|Mawile|Mawilite\n|move|p1a: Gyarados|Waterfall|p2a: Mawile\n|-damage|p2a: Mawile|34\/100\n|cant|p2a: Mawile|flinch\n|\n|upkeep\n|turn|20\n|-message|caibi107 forfeited.\n|\n|win|QIxhQI\n|raw|QIxhQI's rating: 1593 &rarr; <strong>1617<\/strong><br \/>(+24 for winning)\n|raw|caibi107's rating: 1660 &rarr; <strong>1636<\/strong><br \/>(-24 for losing)\n","uploadtime":1700876322,"views":1,"p1id":"qixhqi","p2id":"caibi107","formatid":"gen9nationaldex","rating":1617,"private":0,"password":""}