{"id":"gen9nationaldex-1999331443","p1":"fozzybeer","p2":"1Jacklot","format":"[Gen 9] National Dex","log":"|html|<div class=\"broadcast-blue\"><strong>[Gen 9] National Dex is currently suspecting Sneasler! For information on how to participate check out the <a href=\"https:\/\/www.smogon.com\/forums\/threads\/sv-national-dex-suspect-8-just-dance.3731534\/\">suspect thread<\/a>.<\/strong><\/div>\n|j|\u2606fozzybeer\n|j|\u26061Jacklot\n|t:|1701061575\n|gametype|singles\n|player|p1|fozzybeer|medium|1052\n|player|p2|1Jacklot|hilda|1073\n|teamsize|p1|6\n|teamsize|p2|6\n|gen|9\n|tier|[Gen 9] National Dex\n|rated|\n|rule|HP Percentage Mod: HP is shown in percentages\n|rule|Endless Battle Clause: Forcing endless battles is banned\n|rule|OHKO Clause: OHKO moves are banned\n|rule|Evasion Clause: Evasion abilities, items, and moves are banned\n|rule|Evasion Abilities Clause: Evasion abilities are banned\n|rule|Evasion Items Clause: Evasion items are banned\n|rule|Evasion Moves Clause: Evasion moves are banned\n|rule|Species Clause: Limit one of each Pok\u00e9mon\n|rule|Sleep Clause Mod: Limit one foe put to sleep\n|clearpoke\n|poke|p1|Iron Valiant|\n|poke|p1|Basculegion, M|\n|poke|p1|Amoonguss, F|\n|poke|p1|Empoleon, M|\n|poke|p1|Politoed, M|\n|poke|p1|Landorus-Therian, M|\n|poke|p2|Samurott, F|\n|poke|p2|Leavanny, M|\n|poke|p2|Unfezant, F|\n|poke|p2|Gigalith, M|\n|poke|p2|Galvantula, F|\n|poke|p2|Haxorus, M|\n|teampreview\n|\n|t:|1701061579\n|start\n|switch|p1a: Fozzy|Politoed, M|100\/100\n|switch|p2a: Pepper|Samurott, F|100\/100\n|-weather|RainDance|[from] ability: Drizzle|[of] p1a: Fozzy\n|turn|1\n|\n|t:|1701061592\n|switch|p1a: Nanners|Amoonguss, F, shiny|100\/100\n|move|p2a: Pepper|Grass Knot|p1a: Nanners\n|-resisted|p1a: Nanners\n|-damage|p1a: Nanners|98\/100\n|-status|p2a: Pepper|slp|[from] ability: Effect Spore|[of] p1a: Nanners\n|\n|-weather|RainDance|[upkeep]\n|-heal|p1a: Nanners|100\/100|[from] item: Leftovers\n|upkeep\n|turn|2\n|\n|t:|1701061608\n|cant|p2a: Pepper|slp\n|move|p1a: Nanners|Toxic||[still]\n|-fail|p1a: Nanners\n|\n|-weather|RainDance|[upkeep]\n|upkeep\n|turn|3\n|\n|t:|1701061612\n|-curestatus|p2a: Pepper|slp|[msg]\n|move|p2a: Pepper|Ice Beam|p1a: Nanners\n|-supereffective|p1a: Nanners\n|-damage|p1a: Nanners|50\/100\n|move|p1a: Nanners|Sludge Bomb|p2a: Pepper\n|-damage|p2a: Pepper|77\/100\n|\n|-weather|RainDance|[upkeep]\n|-heal|p1a: Nanners|56\/100|[from] item: Leftovers\n|upkeep\n|turn|4\n|\n|t:|1701061625\n|move|p2a: Pepper|Ice Beam|p1a: Nanners\n|-supereffective|p1a: Nanners\n|-damage|p1a: Nanners|11\/100\n|move|p1a: Nanners|Giga Drain|p2a: Pepper\n|-supereffective|p2a: Pepper\n|-damage|p2a: Pepper|40\/100\n|-heal|p1a: Nanners|28\/100|[from] drain|[of] p2a: Pepper\n|\n|-weather|RainDance|[upkeep]\n|-heal|p1a: Nanners|34\/100|[from] item: Leftovers\n|upkeep\n|turn|5\n|\n|t:|1701061637\n|switch|p1a: Thicums|Empoleon, M, shiny|100\/100\n|move|p2a: Pepper|Ice Beam|p1a: Thicums\n|-resisted|p1a: Thicums\n|-damage|p1a: Thicums|94\/100\n|-status|p1a: Thicums|frz\n|\n|-weather|RainDance|[upkeep]\n|upkeep\n|turn|6\n|\n|t:|1701061649\n|switch|p2a: Blackarachnia|Galvantula, F, shiny|100\/100\n|cant|p1a: Thicums|frz\n|\n|-weather|RainDance|[upkeep]\n|upkeep\n|turn|7\n|\n|t:|1701061655\n|switch|p1a: Hello kitty|Landorus-Therian, M|100\/100\n|-ability|p1a: Hello kitty|Intimidate|boost\n|-unboost|p2a: Blackarachnia|atk|1\n|move|p2a: Blackarachnia|Sticky Web|p1a: Hello kitty\n|-sidestart|p1: fozzybeer|move: Sticky Web\n|\n|-weather|RainDance|[upkeep]\n|upkeep\n|turn|8\n|\n|t:|1701061667\n|switch|p2a: Pepper|Samurott, F|40\/100\n|move|p1a: Hello kitty|Rock Polish|p1a: Hello kitty\n|-boost|p1a: Hello kitty|spe|2\n|\n|-weather|none\n|upkeep\n|turn|9\n|\n|t:|1701061682\n|move|p1a: Hello kitty|Earthquake|p2a: Pepper\n|-damage|p2a: Pepper|0 fnt\n|faint|p2a: Pepper\n|\n|upkeep\n|\n|t:|1701061687\n|switch|p2a: Sierra|Unfezant, F, shiny|100\/100\n|turn|10\n|\n|t:|1701061693\n|-zpower|p1a: Hello kitty\n|move|p1a: Hello kitty|Corkscrew Crash|p2a: Sierra|[zeffect]\n|-damage|p2a: Sierra|22\/100\n|move|p2a: Sierra|Brave Bird|p1a: Hello kitty\n|-crit|p1a: Hello kitty\n|-damage|p1a: Hello kitty|23\/100\n|-damage|p2a: Sierra|0 fnt|[from] Recoil\n|faint|p2a: Sierra\n|\n|upkeep\n|\n|t:|1701061703\n|switch|p2a: Galactus|Haxorus, M, shiny|100\/100\n|-ability|p2a: Galactus|Mold Breaker\n|turn|11\n|\n|t:|1701061712\n|move|p2a: Galactus|First Impression|p1a: Hello kitty\n|-resisted|p1a: Hello kitty\n|-damage|p1a: Hello kitty|0 fnt\n|faint|p1a: Hello kitty\n|\n|upkeep\n|\n|t:|1701061717\n|switch|p1a: Fozzy|Politoed, M|100\/100\n|-activate|p1a: Fozzy|move: Sticky Web\n|-unboost|p1a: Fozzy|spe|1\n|-weather|RainDance|[from] ability: Drizzle|[of] p1a: Fozzy\n|turn|12\n|\n|t:|1701061727\n|switch|p2a: Colossus|Gigalith, M|100\/100\n|-weather|Sandstorm|[from] ability: Sand Stream|[of] p2a: Colossus\n|move|p1a: Fozzy|Scald|p2a: Colossus\n|-supereffective|p2a: Colossus\n|-damage|p2a: Colossus|62\/100\n|-status|p2a: Colossus|brn\n|-enditem|p2a: Colossus|Weakness Policy\n|-boost|p2a: Colossus|atk|2|[from] item: Weakness Policy\n|-boost|p2a: Colossus|spa|2|[from] item: Weakness Policy\n|\n|-weather|Sandstorm|[upkeep]\n|-damage|p1a: Fozzy|94\/100|[from] Sandstorm\n|-damage|p2a: Colossus|56\/100 brn|[from] brn\n|upkeep\n|turn|13\n|\n|t:|1701061739\n|switch|p1a: Nanners|Amoonguss, F, shiny|34\/100\n|-activate|p1a: Nanners|move: Sticky Web\n|-unboost|p1a: Nanners|spe|1\n|move|p2a: Colossus|Earthquake|p1a: Nanners\n|-damage|p1a: Nanners|2\/100\n|\n|-weather|Sandstorm|[upkeep]\n|-damage|p1a: Nanners|0 fnt|[from] Sandstorm\n|faint|p1a: Nanners\n|-damage|p2a: Colossus|50\/100 brn|[from] brn\n|upkeep\n|\n|t:|1701061747\n|switch|p1a: Fozzy|Politoed, M|94\/100\n|-activate|p1a: Fozzy|move: Sticky Web\n|-unboost|p1a: Fozzy|spe|1\n|-weather|RainDance|[from] ability: Drizzle|[of] p1a: Fozzy\n|turn|14\n|\n|t:|1701061754\n|-terastallize|p2a: Colossus|Dragon\n|move|p1a: Fozzy|Scald|p2a: Colossus\n|-resisted|p2a: Colossus\n|-damage|p2a: Colossus|30\/100 brn\n|move|p2a: Colossus|Earthquake|p1a: Fozzy\n|-damage|p1a: Fozzy|53\/100\n|\n|-weather|RainDance|[upkeep]\n|-damage|p2a: Colossus|24\/100 brn|[from] brn\n|upkeep\n|turn|15\n|\n|t:|1701061762\n|move|p1a: Fozzy|Ice Beam|p2a: Colossus\n|-supereffective|p2a: Colossus\n|-damage|p2a: Colossus|0 fnt\n|faint|p2a: Colossus\n|\n|-weather|RainDance|[upkeep]\n|upkeep\n|\n|t:|1701061770\n|switch|p2a: Blackarachnia|Galvantula, F, shiny|100\/100\n|turn|16\n|\n|t:|1701061775\n|move|p2a: Blackarachnia|Volt Switch|p1a: Fozzy\n|-supereffective|p1a: Fozzy\n|-damage|p1a: Fozzy|8\/100\n|\n|t:|1701061780\n|switch|p2a: Ludwig|Leavanny, M, shiny|100\/100|[from] Volt Switch\n|move|p1a: Fozzy|Toxic|p2a: Ludwig\n|-status|p2a: Ludwig|tox\n|\n|-weather|RainDance|[upkeep]\n|-damage|p2a: Ludwig|94\/100 tox|[from] psn\n|upkeep\n|turn|17\n|\n|t:|1701061788\n|move|p2a: Ludwig|Trailblaze|p1a: Fozzy\n|-supereffective|p1a: Fozzy\n|-damage|p1a: Fozzy|0 fnt\n|-boost|p2a: Ludwig|spe|1\n|faint|p1a: Fozzy\n|\n|-weather|RainDance|[upkeep]\n|-damage|p2a: Ludwig|82\/100 tox|[from] psn\n|upkeep\n|\n|t:|1701061793\n|switch|p1a: Lemon dish|Basculegion, M, shiny|100\/100\n|-activate|p1a: Lemon dish|move: Sticky Web\n|-unboost|p1a: Lemon dish|spe|1\n|turn|18\n|\n|t:|1701061804\n|move|p2a: Ludwig|Knock Off|p1a: Lemon dish\n|-supereffective|p1a: Lemon dish\n|-damage|p1a: Lemon dish|30\/100\n|-enditem|p1a: Lemon dish|Choice Band|[from] move: Knock Off|[of] p2a: Ludwig\n|move|p1a: Lemon dish|Phantom Force||[still]\n|-prepare|p1a: Lemon dish|Phantom Force\n|\n|-weather|RainDance|[upkeep]\n|-damage|p2a: Ludwig|63\/100 tox|[from] psn\n|upkeep\n|turn|19\n|inactive|Battle timer is ON: inactive players will automatically lose when time's up. (requested by fozzybeer)\n|\n|t:|1701061875\n|switch|p2a: Galactus|Haxorus, M, shiny|100\/100\n|-ability|p2a: Galactus|Mold Breaker\n|move|p1a: Lemon dish|Phantom Force|p2a: Galactus|[from]lockedmove\n|-damage|p2a: Galactus|44\/100\n|\n|-weather|RainDance|[upkeep]\n|upkeep\n|turn|20\n|\n|t:|1701061889\n|move|p2a: Galactus|First Impression|p1a: Lemon dish\n|-resisted|p1a: Lemon dish\n|-damage|p1a: Lemon dish|0 fnt\n|faint|p1a: Lemon dish\n|\n|-weather|RainDance|[upkeep]\n|upkeep\n|\n|t:|1701061902\n|switch|p1a: Professor cape|Iron Valiant|100\/100\n|-activate|p1a: Professor cape|move: Sticky Web\n|-unboost|p1a: Professor cape|spe|1\n|-enditem|p1a: Professor cape|Booster Energy\n|-activate|p1a: Professor cape|ability: Quark Drive|[fromitem]\n|-start|p1a: Professor cape|quarkdriveatk\n|turn|21\n|\n|t:|1701061914\n|switch|p2a: Ludwig|Leavanny, M, shiny|63\/100 tox\n|move|p1a: Professor cape|Spirit Break|p2a: Ludwig\n|-damage|p2a: Ludwig|0 fnt\n|faint|p2a: Ludwig\n|\n|-weather|none\n|upkeep\n|\n|t:|1701061920\n|switch|p2a: Blackarachnia|Galvantula, F, shiny|100\/100\n|turn|22\n|\n|t:|1701061930\n|move|p2a: Blackarachnia|Thunder Wave|p1a: Professor cape\n|-status|p1a: Professor cape|par\n|cant|p1a: Professor cape|par\n|\n|upkeep\n|turn|23\n|\n|t:|1701061940\n|move|p2a: Blackarachnia|Bug Buzz|p1a: Professor cape\n|-resisted|p1a: Professor cape\n|-damage|p1a: Professor cape|85\/100 par\n|move|p1a: Professor cape|Fire Punch|p2a: Blackarachnia\n|-supereffective|p2a: Blackarachnia\n|-enditem|p2a: Blackarachnia|Focus Sash\n|-damage|p2a: Blackarachnia|1\/100\n|\n|upkeep\n|turn|24\n|\n|t:|1701061955\n|move|p2a: Blackarachnia|Bug Buzz|p1a: Professor cape\n|-resisted|p1a: Professor cape\n|-damage|p1a: Professor cape|67\/100 par\n|move|p1a: Professor cape|Spirit Break|p2a: Blackarachnia\n|-damage|p2a: Blackarachnia|0 fnt\n|faint|p2a: Blackarachnia\n|\n|upkeep\n|\n|t:|1701061959\n|switch|p2a: Galactus|Haxorus, M, shiny|44\/100\n|-ability|p2a: Galactus|Mold Breaker\n|turn|25\n|\n|t:|1701061961\n|move|p2a: Galactus|Earthquake|p1a: Professor cape\n|-damage|p1a: Professor cape|0 fnt\n|faint|p1a: Professor cape\n|-end|p1a: Professor cape|Quark Drive|[silent]\n|\n|upkeep\n|\n|t:|1701061964\n|switch|p1a: Thicums|Empoleon, M, shiny|94\/100 frz\n|-activate|p1a: Thicums|move: Sticky Web\n|-unboost|p1a: Thicums|spe|1\n|-ability|p1a: Thicums|Competitive|boost\n|-boost|p1a: Thicums|spa|2\n|turn|26\n|\n|t:|1701061966\n|move|p2a: Galactus|Earthquake|p1a: Thicums\n|-supereffective|p1a: Thicums\n|-damage|p1a: Thicums|0 fnt\n|faint|p1a: Thicums\n|\n|win|1Jacklot\n|raw|fozzybeer's rating: 1052 &rarr; <strong>1035<\/strong><br \/>(-17 for losing)\n|raw|1Jacklot's rating: 1073 &rarr; <strong>1100<\/strong><br \/>(+27 for winning)\n|c|\u26061Jacklot|Gg\n|c|\u26061Jacklot|Wp\n|l|\u2606fozzybeer\n","uploadtime":1701061978,"views":16,"p1id":"fozzybeer","p2id":"1jacklot","formatid":"gen9nationaldex","rating":1035,"private":0,"password":""}