{"id":"gen9nationaldex-1988828505","p1":"I'MLOUDASF","p2":"JoyBoy37","format":"[Gen 9] National Dex","log":"|j|\u2606I'MLOUDASF\n|j|\u2606JoyBoy37\n|t:|1699769410\n|gametype|singles\n|player|p1|I'MLOUDASF|pokekid|\n|player|p2|JoyBoy37|hilbert-wonderlauncher|\n|teamsize|p1|6\n|teamsize|p2|6\n|gen|9\n|tier|[Gen 9] National Dex\n|rule|HP Percentage Mod: HP is shown in percentages\n|rule|Endless Battle Clause: Forcing endless battles is banned\n|rule|OHKO Clause: OHKO moves are banned\n|rule|Evasion Clause: Evasion abilities, items, and moves are banned\n|rule|Evasion Abilities Clause: Evasion abilities are banned\n|rule|Evasion Items Clause: Evasion items are banned\n|rule|Evasion Moves Clause: Evasion moves are banned\n|rule|Species Clause: Limit one of each Pok\u00e9mon\n|rule|Sleep Clause Mod: Limit one foe put to sleep\n|clearpoke\n|poke|p1|Sceptile, M|\n|poke|p1|Gardevoir, M|\n|poke|p1|Diancie|\n|poke|p1|Jolteon, F|\n|poke|p1|Greninja-*, M|\n|poke|p1|Azumarill, F|\n|poke|p2|Pikachu-Kalos, M|\n|poke|p2|Talonflame, F|\n|poke|p2|Gardevoir, M|\n|poke|p2|Aegislash, F|\n|poke|p2|Exploud, M|\n|poke|p2|Greninja-*, M|\n|teampreview\n|\n|t:|1699769434\n|start\n|switch|p1a: Gardevoir|Gardevoir, M|100\/100\n|switch|p2a: Talonflame|Talonflame, F, shiny|100\/100\n|turn|1\n|\n|t:|1699769450\n|move|p2a: Talonflame|Steel Wing|p1a: Gardevoir\n|-supereffective|p1a: Gardevoir\n|-damage|p1a: Gardevoir|39\/100\n|move|p1a: Gardevoir|Psychic|p2a: Talonflame\n|-crit|p2a: Talonflame\n|-damage|p2a: Talonflame|3\/100\n|\n|upkeep\n|turn|2\n|\n|t:|1699769458\n|move|p2a: Talonflame|Steel Wing|p1a: Gardevoir\n|-supereffective|p1a: Gardevoir\n|-damage|p1a: Gardevoir|0 fnt\n|faint|p1a: Gardevoir\n|\n|upkeep\n|\n|t:|1699769468\n|switch|p1a: Sceptile|Sceptile, M, shiny|100\/100\n|turn|3\n|\n|t:|1699769479\n|move|p2a: Talonflame|Fire Blast|p1a: Sceptile\n|-supereffective|p1a: Sceptile\n|-damage|p1a: Sceptile|14\/100\n|move|p1a: Sceptile|Earthquake|p2a: Talonflame\n|-immune|p2a: Talonflame\n|\n|upkeep\n|turn|4\n|\n|t:|1699769490\n|move|p2a: Talonflame|Air Slash|p1a: Sceptile\n|-supereffective|p1a: Sceptile\n|-damage|p1a: Sceptile|0 fnt\n|faint|p1a: Sceptile\n|\n|upkeep\n|\n|t:|1699769499\n|switch|p1a: Azumarill|Azumarill, F|100\/100\n|turn|5\n|\n|t:|1699769511\n|move|p2a: Talonflame|Steel Wing|p1a: Azumarill\n|-damage|p1a: Azumarill|76\/100\n|-boost|p2a: Talonflame|def|1\n|move|p1a: Azumarill|Facade|p2a: Talonflame\n|-damage|p2a: Talonflame|0 fnt\n|faint|p2a: Talonflame\n|\n|upkeep\n|\n|t:|1699769521\n|switch|p2a: Shinka|Greninja, M|100\/100\n|turn|6\n|\n|t:|1699769525\n|move|p2a: Shinka|Gunk Shot|p1a: Azumarill\n|-supereffective|p1a: Azumarill\n|-damage|p1a: Azumarill|14\/100\n|-status|p1a: Azumarill|psn\n|move|p1a: Azumarill|Facade|p2a: Shinka\n|-damage|p2a: Shinka|46\/100\n|\n|-damage|p1a: Azumarill|1\/100 psn|[from] psn\n|upkeep\n|turn|7\n|\n|t:|1699769541\n|move|p2a: Shinka|Scald|p1a: Azumarill\n|-resisted|p1a: Azumarill\n|-crit|p1a: Azumarill\n|-damage|p1a: Azumarill|0 fnt\n|faint|p1a: Azumarill\n|-ability|p2a: Shinka|Battle Bond|boost\n|-boost|p2a: Shinka|atk|1\n|-boost|p2a: Shinka|spa|1\n|-boost|p2a: Shinka|spe|1\n|-activate|p2a: Shinka|ability: Battle Bond\n|\n|upkeep\n|\n|t:|1699769556\n|switch|p1a: Greninja|Greninja, M, shiny|100\/100\n|turn|8\n|\n|t:|1699769581\n|move|p2a: Shinka|Extrasensory|p1a: Greninja\n|-immune|p1a: Greninja\n|move|p1a: Greninja|Tera Blast|p2a: Shinka\n|-damage|p2a: Shinka|26\/100\n|\n|upkeep\n|turn|9\n|\n|t:|1699769588\n|move|p2a: Shinka|Gunk Shot|p1a: Greninja|[miss]\n|-miss|p2a: Shinka|p1a: Greninja\n|move|p1a: Greninja|Dark Pulse|p2a: Shinka\n|-resisted|p2a: Shinka\n|-damage|p2a: Shinka|12\/100\n|\n|upkeep\n|turn|10\n|\n|t:|1699769597\n|move|p2a: Shinka|Gunk Shot|p1a: Greninja|[miss]\n|-miss|p2a: Shinka|p1a: Greninja\n|move|p1a: Greninja|Blizzard|p2a: Shinka\n|-resisted|p2a: Shinka\n|-damage|p2a: Shinka|0 fnt\n|faint|p2a: Shinka\n|\n|upkeep\n|\n|t:|1699769610\n|switch|p2a: Sparks|Pikachu-Kalos, M|100\/100\n|turn|11\n|\n|t:|1699769618\n|move|p1a: Greninja|Blizzard|p2a: Sparks\n|-damage|p2a: Sparks|26\/100\n|move|p2a: Sparks|Wild Charge|p1a: Greninja\n|-supereffective|p1a: Greninja\n|-damage|p1a: Greninja|0 fnt\n|faint|p1a: Greninja\n|-damage|p2a: Sparks|0 fnt|[from] Recoil\n|faint|p2a: Sparks\n|\n|upkeep\n|\n|t:|1699769634\n|switch|p1a: Diancie|Diancie, shiny|100\/100\n|switch|p2a: Pixie|Gardevoir, M|100\/100\n|turn|12\n|\n|t:|1699769644\n|detailschange|p2a: Pixie|Gardevoir-Mega, M\n|-mega|p2a: Pixie|Gardevoir|Gardevoirite\n|detailschange|p1a: Diancie|Diancie-Mega, shiny\n|-mega|p1a: Diancie|Diancie|Diancite\n|move|p1a: Diancie|Diamond Storm|p2a: Pixie\n|-damage|p2a: Pixie|24\/100\n|-boost|p1a: Diancie|def|2\n|move|p2a: Pixie|Energy Ball|p1a: Diancie\n|-supereffective|p1a: Diancie\n|-damage|p1a: Diancie|30\/100\n|\n|upkeep\n|turn|13\n|\n|t:|1699769658\n|move|p1a: Diancie|Sharpen|p1a: Diancie\n|-boost|p1a: Diancie|atk|1\n|move|p2a: Pixie|Energy Ball|p1a: Diancie\n|-supereffective|p1a: Diancie\n|-damage|p1a: Diancie|0 fnt\n|faint|p1a: Diancie\n|\n|upkeep\n|\n|t:|1699769669\n|switch|p1a: Jolteon|Jolteon, F|100\/100\n|turn|14\n|\n|t:|1699769681\n|move|p1a: Jolteon|Thunder|p2a: Pixie\n|-damage|p2a: Pixie|0 fnt\n|faint|p2a: Pixie\n|\n|-status|p1a: Jolteon|brn|[from] item: Flame Orb\n|upkeep\n|\n|t:|1699769692\n|switch|p2a: Plompus|Exploud, M|100\/100\n|turn|15\n|\n|t:|1699769709\n|move|p1a: Jolteon|Thunder|p2a: Plompus\n|-damage|p2a: Plompus|43\/100\n|-status|p2a: Plompus|par\n|move|p2a: Plompus|Blizzard|p1a: Jolteon|[miss]\n|-miss|p2a: Plompus|p1a: Jolteon\n|\n|-damage|p1a: Jolteon|95\/100 brn|[from] brn\n|upkeep\n|turn|16\n|\n|t:|1699769727\n|move|p1a: Jolteon|Shadow Ball|p2a: Plompus\n|-immune|p2a: Plompus\n|move|p2a: Plompus|Blizzard|p1a: Jolteon\n|-damage|p1a: Jolteon|58\/100 brn\n|\n|-damage|p1a: Jolteon|52\/100 brn|[from] brn\n|upkeep\n|turn|17\n|\n|t:|1699769737\n|move|p1a: Jolteon|Signal Beam|p2a: Plompus\n|-damage|p2a: Plompus|18\/100 par\n|-start|p2a: Plompus|confusion\n|-activate|p2a: Plompus|confusion\n|-damage|p2a: Plompus|7\/100 par|[from] confusion\n|\n|-damage|p1a: Jolteon|46\/100 brn|[from] brn\n|upkeep\n|turn|18\n|\n|t:|1699769745\n|move|p1a: Jolteon|Signal Beam|p2a: Plompus\n|-damage|p2a: Plompus|0 fnt\n|faint|p2a: Plompus\n|\n|-damage|p1a: Jolteon|40\/100 brn|[from] brn\n|upkeep\n|\n|t:|1699769751\n|switch|p2a: Aegis|Aegislash, F|100\/100\n|turn|19\n|\n|t:|1699769768\n|-terastallize|p2a: Aegis|Rock\n|move|p1a: Jolteon|Signal Beam|p2a: Aegis\n|-damage|p2a: Aegis|81\/100\n|-formechange|p2a: Aegis|Aegislash-Blade||[from] ability: Stance Change\n|move|p2a: Aegis|Head Smash|p1a: Jolteon|[miss]\n|-miss|p2a: Aegis|p1a: Jolteon\n|\n|-damage|p1a: Jolteon|34\/100 brn|[from] brn\n|upkeep\n|turn|20\n|\n|t:|1699769779\n|move|p1a: Jolteon|Thunder|p2a: Aegis\n|-damage|p2a: Aegis|0 fnt\n|faint|p2a: Aegis\n|\n|win|I'MLOUDASF\n","uploadtime":1699769820,"views":11,"p1id":"imloudasf","p2id":"joyboy37","formatid":"gen9nationaldex","rating":0,"private":0,"password":""}