{"id":"gen9nationaldex-1999310321","p1":"Shuichi420","p2":"monkeyforlife","format":"[Gen 9] National Dex","log":"|html|<div class=\"broadcast-blue\"><strong>[Gen 9] National Dex is currently suspecting Sneasler! For information on how to participate check out the <a href=\"https:\/\/www.smogon.com\/forums\/threads\/sv-national-dex-suspect-8-just-dance.3731534\/\">suspect thread<\/a>.<\/strong><\/div>\n|j|\u2606Shuichi420\n|j|\u2606monkeyforlife\n|t:|1701058397\n|gametype|singles\n|player|p1|Shuichi420|102|1556\n|player|p2|monkeyforlife|2|1719\n|teamsize|p1|6\n|teamsize|p2|6\n|gen|9\n|tier|[Gen 9] National Dex\n|rated|\n|rule|HP Percentage Mod: HP is shown in percentages\n|rule|Endless Battle Clause: Forcing endless battles is banned\n|rule|OHKO Clause: OHKO moves are banned\n|rule|Evasion Clause: Evasion abilities, items, and moves are banned\n|rule|Evasion Abilities Clause: Evasion abilities are banned\n|rule|Evasion Items Clause: Evasion items are banned\n|rule|Evasion Moves Clause: Evasion moves are banned\n|rule|Species Clause: Limit one of each Pok\u00e9mon\n|rule|Sleep Clause Mod: Limit one foe put to sleep\n|clearpoke\n|poke|p1|Gyarados, F|\n|poke|p1|Heatran, M|\n|poke|p1|Slowbro, M|\n|poke|p1|Rillaboom, M|\n|poke|p1|Zamazenta-*|\n|poke|p1|Landorus-Therian, M|\n|poke|p2|Tapu Lele|\n|poke|p2|Sneasler, M|\n|poke|p2|Alakazam, F|\n|poke|p2|Pinsir, F|\n|poke|p2|Samurott-Hisui, F|\n|poke|p2|Urshifu-*, F|\n|teampreview\n|inactive|Battle timer is ON: inactive players will automatically lose when time's up. (requested by monkeyforlife)\n|\n|t:|1701058407\n|start\n|switch|p1a: Rillaboom|Rillaboom, M|100\/100\n|switch|p2a: Tapu Lele|Tapu Lele|100\/100\n|-fieldstart|move: Psychic Terrain|[from] ability: Psychic Surge|[of] p2a: Tapu Lele\n|-fieldstart|move: Grassy Terrain|[from] ability: Grassy Surge|[of] p1a: Rillaboom\n|turn|1\n|\n|t:|1701058414\n|switch|p2a: Sneasler|Sneasler, M|100\/100\n|move|p1a: Rillaboom|Wood Hammer|p2a: Sneasler\n|-resisted|p2a: Sneasler\n|-damage|p2a: Sneasler|0 fnt\n|faint|p2a: Sneasler\n|-damage|p1a: Rillaboom|71\/100|[from] Recoil\n|\n|-heal|p1a: Rillaboom|78\/100|[from] Grassy Terrain\n|upkeep\n|\n|t:|1701058418\n|switch|p2a: Tapu Lele|Tapu Lele|100\/100\n|-fieldstart|move: Psychic Terrain|[from] ability: Psychic Surge|[of] p2a: Tapu Lele\n|turn|2\n|\n|t:|1701058423\n|switch|p2a: Urshifu|Urshifu-Rapid-Strike, F|100\/100\n|switch|p1a: Heatran|Heatran, M|100\/100\n|\n|upkeep\n|turn|3\n|\n|t:|1701058431\n|switch|p1a: Gyarados|Gyarados, F|100\/100\n|-ability|p1a: Gyarados|Intimidate|boost\n|-unboost|p2a: Urshifu|atk|1\n|move|p2a: Urshifu|U-turn|p1a: Gyarados\n|-resisted|p1a: Gyarados\n|-damage|p1a: Gyarados|90\/100\n|\n|t:|1701058438\n|switch|p2a: Tapu Lele|Tapu Lele|100\/100|[from] U-turn\n|\n|upkeep\n|turn|4\n|\n|t:|1701058441\n|switch|p1a: Heatran|Heatran, M|100\/100\n|move|p2a: Tapu Lele|Moonblast|p1a: Heatran\n|-resisted|p1a: Heatran\n|-damage|p1a: Heatran|94\/100\n|-unboost|p1a: Heatran|spa|1\n|\n|-heal|p1a: Heatran|99\/100|[from] item: Leftovers\n|upkeep\n|turn|5\n|\n|t:|1701058445\n|move|p2a: Tapu Lele|Psychic|p1a: Heatran\n|-resisted|p1a: Heatran\n|-damage|p1a: Heatran|83\/100\n|move|p1a: Heatran|Magma Storm|p2a: Tapu Lele\n|-damage|p2a: Tapu Lele|70\/100\n|-activate|p2a: Tapu Lele|move: Magma Storm|[of] p1a: Heatran\n|\n|-heal|p1a: Heatran|89\/100|[from] item: Leftovers\n|-damage|p2a: Tapu Lele|57\/100|[from] move: Magma Storm|[partiallytrapped]\n|upkeep\n|turn|6\n|\n|t:|1701058450\n|-terastallize|p2a: Tapu Lele|Psychic\n|move|p2a: Tapu Lele|Psychic|p1a: Heatran\n|-resisted|p1a: Heatran\n|-damage|p1a: Heatran|64\/100\n|-unboost|p1a: Heatran|spd|1\n|move|p1a: Heatran|Stealth Rock|p2a: Tapu Lele\n|-sidestart|p2: monkeyforlife|move: Stealth Rock\n|\n|-heal|p1a: Heatran|70\/100|[from] item: Leftovers\n|-damage|p2a: Tapu Lele|45\/100|[from] move: Magma Storm|[partiallytrapped]\n|upkeep\n|turn|7\n|\n|t:|1701058460\n|move|p1a: Heatran|Protect|p1a: Heatran\n|-singleturn|p1a: Heatran|Protect\n|move|p2a: Tapu Lele|Thunderbolt|p1a: Heatran\n|-activate|p1a: Heatran|move: Protect\n|\n|-heal|p1a: Heatran|76\/100|[from] item: Leftovers\n|-damage|p2a: Tapu Lele|32\/100|[from] move: Magma Storm|[partiallytrapped]\n|upkeep\n|turn|8\n|\n|t:|1701058468\n|move|p2a: Tapu Lele|Psychic|p1a: Heatran\n|-resisted|p1a: Heatran\n|-damage|p1a: Heatran|36\/100\n|move|p1a: Heatran|Magma Storm|p2a: Tapu Lele\n|-damage|p2a: Tapu Lele|3\/100\n|\n|-heal|p1a: Heatran|42\/100|[from] item: Leftovers\n|-damage|p2a: Tapu Lele|0 fnt|[from] move: Magma Storm|[partiallytrapped]\n|faint|p2a: Tapu Lele\n|upkeep\n|\n|t:|1701058484\n|switch|p2a: Samurott|Samurott-Hisui, F|100\/100\n|-damage|p2a: Samurott|88\/100|[from] Stealth Rock\n|turn|9\n|\n|t:|1701058491\n|move|p1a: Heatran|Protect|p1a: Heatran\n|-singleturn|p1a: Heatran|Protect\n|move|p2a: Samurott|Ceaseless Edge|p1a: Heatran\n|-activate|p1a: Heatran|move: Protect\n|\n|-heal|p1a: Heatran|48\/100|[from] item: Leftovers\n|-fieldend|move: Psychic Terrain\n|upkeep\n|turn|10\n|\n|t:|1701058496\n|switch|p1a: Landorus|Landorus-Therian, M|100\/100\n|-ability|p1a: Landorus|Intimidate|boost\n|-unboost|p2a: Samurott|atk|1\n|move|p2a: Samurott|Ceaseless Edge|p1a: Landorus\n|-damage|p1a: Landorus|75\/100\n|-damage|p2a: Samurott|72\/100|[from] item: Rocky Helmet|[of] p1a: Landorus\n|-sidestart|p1: Shuichi420|Spikes\n|-damage|p2a: Samurott|62\/100|[from] item: Life Orb\n|\n|upkeep\n|turn|11\n|\n|t:|1701058499\n|move|p2a: Samurott|Aqua Cutter|p1a: Landorus\n|-supereffective|p1a: Landorus\n|-damage|p1a: Landorus|21\/100\n|-damage|p2a: Samurott|52\/100|[from] item: Life Orb\n|move|p1a: Landorus|U-turn|p2a: Samurott\n|-supereffective|p2a: Samurott\n|-damage|p2a: Samurott|0 fnt\n|faint|p2a: Samurott\n|\n|t:|1701058507\n|switch|p1a: Heatran|Heatran, M|48\/100|[from] U-turn\n|-damage|p1a: Heatran|36\/100|[from] Spikes\n|\n|-heal|p1a: Heatran|42\/100|[from] item: Leftovers\n|upkeep\n|\n|t:|1701058517\n|switch|p2a: Urshifu|Urshifu-Rapid-Strike, F|100\/100\n|-damage|p2a: Urshifu|94\/100|[from] Stealth Rock\n|turn|12\n|\n|t:|1701058520\n|move|p1a: Heatran|Protect|p1a: Heatran\n|-singleturn|p1a: Heatran|Protect\n|move|p2a: Urshifu|Close Combat|p1a: Heatran\n|-supereffective|p1a: Heatran\n|-damage|p1a: Heatran|0 fnt\n|-unboost|p2a: Urshifu|def|1\n|-unboost|p2a: Urshifu|spd|1\n|faint|p1a: Heatran\n|\n|upkeep\n|\n|t:|1701058531\n|switch|p1a: Rillaboom|Rillaboom, M|78\/100\n|-damage|p1a: Rillaboom|65\/100|[from] Spikes\n|-fieldstart|move: Grassy Terrain|[from] ability: Grassy Surge|[of] p1a: Rillaboom\n|turn|13\n|\n|t:|1701058539\n|move|p1a: Rillaboom|Grassy Glide|p2a: Urshifu\n|-supereffective|p2a: Urshifu\n|-damage|p2a: Urshifu|0 fnt\n|faint|p2a: Urshifu\n|\n|-heal|p1a: Rillaboom|71\/100|[from] Grassy Terrain\n|upkeep\n|\n|t:|1701058543\n|switch|p2a: Pinsir|Pinsir, F|100\/100\n|-damage|p2a: Pinsir|76\/100|[from] Stealth Rock\n|turn|14\n|\n|t:|1701058559\n|switch|p1a: Landorus|Landorus-Therian, M|21\/100\n|-ability|p1a: Landorus|Intimidate|boost\n|-unboost|p2a: Pinsir|atk|1\n|detailschange|p2a: Pinsir|Pinsir-Mega, F\n|-mega|p2a: Pinsir|Pinsir|Pinsirite\n|move|p2a: Pinsir|Swords Dance|p2a: Pinsir\n|-boost|p2a: Pinsir|atk|2\n|\n|upkeep\n|turn|15\n|\n|t:|1701058567\n|move|p2a: Pinsir|Return|p1a: Landorus\n|-damage|p1a: Landorus|0 fnt\n|-damage|p2a: Pinsir|59\/100|[from] item: Rocky Helmet|[of] p1a: Landorus\n|faint|p1a: Landorus\n|\n|upkeep\n|\n|t:|1701058570\n|switch|p1a: Gyarados|Gyarados, F|90\/100\n|-ability|p1a: Gyarados|Intimidate|boost\n|-unboost|p2a: Pinsir|atk|1\n|turn|16\n|\n|t:|1701058574\n|detailschange|p1a: Gyarados|Gyarados-Mega, F\n|-mega|p1a: Gyarados|Gyarados|Gyaradosite\n|-ability|p1a: Gyarados|Mold Breaker\n|move|p2a: Pinsir|Swords Dance|p2a: Pinsir\n|-boost|p2a: Pinsir|atk|2\n|move|p1a: Gyarados|Waterfall|p2a: Pinsir\n|-damage|p2a: Pinsir|3\/100\n|\n|-heal|p1a: Gyarados|96\/100|[from] Grassy Terrain\n|upkeep\n|turn|17\n|\n|t:|1701058581\n|move|p2a: Pinsir|Return|p1a: Gyarados\n|-damage|p1a: Gyarados|0 fnt\n|faint|p1a: Gyarados\n|\n|-fieldend|move: Grassy Terrain\n|upkeep\n|\n|t:|1701058586\n|switch|p1a: Rillaboom|Rillaboom, M|71\/100\n|-damage|p1a: Rillaboom|59\/100|[from] Spikes\n|-fieldstart|move: Grassy Terrain|[from] ability: Grassy Surge|[of] p1a: Rillaboom\n|turn|18\n|\n|t:|1701058589\n|move|p2a: Pinsir|Quick Attack|p1a: Rillaboom\n|-supereffective|p1a: Rillaboom\n|-crit|p1a: Rillaboom\n|-damage|p1a: Rillaboom|0 fnt\n|faint|p1a: Rillaboom\n|\n|upkeep\n|\n|t:|1701058593\n|switch|p1a: Zamazenta|Zamazenta|100\/100\n|-damage|p1a: Zamazenta|88\/100|[from] Spikes\n|-ability|p1a: Zamazenta|Dauntless Shield|boost\n|-boost|p1a: Zamazenta|def|1\n|turn|19\n|\n|t:|1701058599\n|move|p2a: Pinsir|Quick Attack|p1a: Zamazenta\n|-supereffective|p1a: Zamazenta\n|-damage|p1a: Zamazenta|28\/100\n|move|p1a: Zamazenta|Body Press|p2a: Pinsir\n|-resisted|p2a: Pinsir\n|-damage|p2a: Pinsir|0 fnt\n|faint|p2a: Pinsir\n|\n|-heal|p1a: Zamazenta|34\/100|[from] Grassy Terrain\n|-heal|p1a: Zamazenta|40\/100|[from] item: Leftovers\n|upkeep\n|\n|t:|1701058603\n|switch|p2a: Alakazam|Alakazam, F|100\/100\n|turn|20\n|\n|t:|1701058616\n|-terastallize|p1a: Zamazenta|Water\n|move|p1a: Zamazenta|Heavy Slam|p2a: Alakazam\n|-damage|p2a: Alakazam|31\/100\n|move|p2a: Alakazam|Expanding Force|p1a: Zamazenta\n|-damage|p1a: Zamazenta|0 fnt\n|faint|p1a: Zamazenta\n|\n|-heal|p2a: Alakazam|37\/100|[from] Grassy Terrain\n|upkeep\n|\n|t:|1701058621\n|switch|p1a: Slowbro|Slowbro, M|100\/100\n|turn|21\n|\n|t:|1701058628\n|move|p2a: Alakazam|Shadow Ball|p1a: Slowbro\n|-supereffective|p1a: Slowbro\n|-damage|p1a: Slowbro|22\/100\n|move|p1a: Slowbro|Scald|p2a: Alakazam\n|-damage|p2a: Alakazam|0 fnt\n|faint|p2a: Alakazam\n|\n|win|Shuichi420\n|raw|Shuichi420's rating: 1556 &rarr; <strong>1585<\/strong><br \/>(+29 for winning)\n|raw|monkeyforlife's rating: 1719 &rarr; <strong>1690<\/strong><br \/>(-29 for losing)\n|c|\u2606monkeyforlife|gg\n|c|\u2606Shuichi420|gg\n|l|\u2606monkeyforlife\n","uploadtime":1701058651,"views":16,"p1id":"shuichi420","p2id":"monkeyforlife","formatid":"gen9nationaldex","rating":1585,"private":0,"password":""}