{"id":"gen9nationaldex-1993326966","p1":"fly groudon","p2":"weiwoduzun\u696a\u7948","format":"[Gen 9] National Dex","log":"|j|\u2606fly groudon\n|j|\u2606weiwoduzun\u696a\u7948\n|t:|1700299031\n|gametype|singles\n|player|p1|fly groudon|alec-anime|1630\n|player|p2|weiwoduzun\u696a\u7948|266|1534\n|teamsize|p1|6\n|teamsize|p2|6\n|gen|9\n|tier|[Gen 9] National Dex\n|rated|\n|rule|HP Percentage Mod: HP is shown in percentages\n|rule|Endless Battle Clause: Forcing endless battles is banned\n|rule|OHKO Clause: OHKO moves are banned\n|rule|Evasion Clause: Evasion abilities, items, and moves are banned\n|rule|Evasion Abilities Clause: Evasion abilities are banned\n|rule|Evasion Items Clause: Evasion items are banned\n|rule|Evasion Moves Clause: Evasion moves are banned\n|rule|Species Clause: Limit one of each Pok\u00e9mon\n|rule|Sleep Clause Mod: Limit one foe put to sleep\n|clearpoke\n|poke|p1|Great Tusk|\n|poke|p1|Ogerpon-Wellspring, F|\n|poke|p1|Volcarona, F|\n|poke|p1|Iron Valiant|\n|poke|p1|Ceruledge, M|\n|poke|p1|Pinsir, F|\n|poke|p2|Tapu Lele|\n|poke|p2|Armarouge, F|\n|poke|p2|Ceruledge, M|\n|poke|p2|Zapdos|\n|poke|p2|Hatterene, F|\n|poke|p2|Polteageist-Antique|\n|teampreview\n|inactive|Battle timer is ON: inactive players will automatically lose when time's up. (requested by fly groudon)\n|\n|t:|1700299035\n|start\n|switch|p1a: Great Tusk|Great Tusk|100\/100\n|switch|p2a: Tapu Lele|Tapu Lele|100\/100\n|-fieldstart|move: Psychic Terrain|[from] ability: Psychic Surge|[of] p2a: Tapu Lele\n|turn|1\n|\n|t:|1700299038\n|switch|p2a: Hatterene|Hatterene, F|100\/100\n|move|p1a: Great Tusk|Headlong Rush|p2a: Hatterene\n|-damage|p2a: Hatterene|19\/100\n|-unboost|p1a: Great Tusk|def|1\n|-unboost|p1a: Great Tusk|spd|1\n|\n|upkeep\n|turn|2\n|\n|t:|1700299044\n|move|p1a: Great Tusk|Headlong Rush|p2a: Hatterene\n|-damage|p2a: Hatterene|0 fnt\n|-unboost|p1a: Great Tusk|def|1\n|-unboost|p1a: Great Tusk|spd|1\n|faint|p2a: Hatterene\n|\n|upkeep\n|\n|t:|1700299052\n|switch|p2a: Polteageist|Polteageist-Antique|100\/100\n|turn|3\n|\n|t:|1700299055\n|move|p1a: Great Tusk|Stealth Rock|p2a: Polteageist\n|-sidestart|p2: weiwoduzun\u696a\u7948|move: Stealth Rock\n|move|p2a: Polteageist|Shell Smash|p2a: Polteageist\n|-unboost|p2a: Polteageist|def|1\n|-unboost|p2a: Polteageist|spd|1\n|-boost|p2a: Polteageist|atk|2\n|-boost|p2a: Polteageist|spa|2\n|-boost|p2a: Polteageist|spe|2\n|\n|upkeep\n|turn|4\n|\n|t:|1700299062\n|move|p2a: Polteageist|Stored Power|p1a: Great Tusk\n|-supereffective|p1a: Great Tusk\n|-enditem|p1a: Great Tusk|Focus Sash\n|-damage|p1a: Great Tusk|1\/100\n|move|p1a: Great Tusk|Headlong Rush|p2a: Polteageist\n|-enditem|p2a: Polteageist|Focus Sash\n|-damage|p2a: Polteageist|1\/100\n|-unboost|p1a: Great Tusk|def|1\n|-unboost|p1a: Great Tusk|spd|1\n|-ability|p2a: Polteageist|Weak Armor|boost\n|-unboost|p2a: Polteageist|def|1\n|-boost|p2a: Polteageist|spe|2\n|\n|upkeep\n|turn|5\n|\n|t:|1700299071\n|move|p2a: Polteageist|Stored Power|p1a: Great Tusk\n|-supereffective|p1a: Great Tusk\n|-damage|p1a: Great Tusk|0 fnt\n|faint|p1a: Great Tusk\n|-end|p1a: Great Tusk|Protosynthesis|[silent]\n|\n|upkeep\n|\n|t:|1700299082\n|switch|p1a: Volcarona|Volcarona, F, shiny|100\/100\n|turn|6\n|\n|t:|1700299086\n|move|p2a: Polteageist|Stored Power|p1a: Volcarona\n|-damage|p1a: Volcarona|0 fnt\n|faint|p1a: Volcarona\n|\n|upkeep\n|\n|t:|1700299092\n|switch|p1a: Iron Valiant|Iron Valiant|100\/100\n|-enditem|p1a: Iron Valiant|Booster Energy\n|-activate|p1a: Iron Valiant|ability: Quark Drive|[fromitem]\n|-start|p1a: Iron Valiant|quarkdrivespe\n|turn|7\n|\n|t:|1700299095\n|move|p2a: Polteageist|Stored Power|p1a: Iron Valiant\n|-supereffective|p1a: Iron Valiant\n|-damage|p1a: Iron Valiant|0 fnt\n|faint|p1a: Iron Valiant\n|-end|p1a: Iron Valiant|Quark Drive|[silent]\n|\n|upkeep\n|\n|t:|1700299099\n|switch|p1a: Ceruledge|Ceruledge, M|100\/100\n|turn|8\n|\n|t:|1700299102\n|move|p1a: Ceruledge|Endure|p1a: Ceruledge\n|-singleturn|p1a: Ceruledge|move: Endure\n|move|p2a: Polteageist|Shadow Ball|p1a: Ceruledge\n|-supereffective|p1a: Ceruledge\n|-activate|p1a: Ceruledge|move: Endure\n|-damage|p1a: Ceruledge|1\/100\n|-unboost|p1a: Ceruledge|spd|1\n|\n|-fieldend|move: Psychic Terrain\n|upkeep\n|turn|9\n|\n|t:|1700299105\n|move|p2a: Polteageist|Stored Power|p1a: Ceruledge\n|-damage|p1a: Ceruledge|0 fnt\n|faint|p1a: Ceruledge\n|\n|upkeep\n|\n|t:|1700299107\n|switch|p1a: Pinsir|Pinsir, F|100\/100\n|turn|10\n|\n|t:|1700299112\n|switch|p2a: Zapdos|Zapdos|100\/100\n|detailschange|p1a: Pinsir|Pinsir-Mega, F\n|-mega|p1a: Pinsir|Pinsir|Pinsirite\n|move|p1a: Pinsir|Quick Attack|p2a: Zapdos\n|-resisted|p2a: Zapdos\n|-damage|p2a: Zapdos|91\/100\n|-status|p1a: Pinsir|par|[from] ability: Static|[of] p2a: Zapdos\n|\n|upkeep\n|turn|11\n|\n|t:|1700299115\n|move|p2a: Zapdos|Defog|p1a: Pinsir\n|-unboost|p1a: Pinsir|evasion|1\n|-sideend|p2: weiwoduzun\u696a\u7948|Stealth Rock|[from] move: Defog|[of] p2a: Zapdos\n|move|p1a: Pinsir|Double-Edge|p2a: Zapdos\n|-resisted|p2a: Zapdos\n|-damage|p2a: Zapdos|61\/100\n|-damage|p1a: Pinsir|86\/100 par|[from] Recoil\n|\n|upkeep\n|turn|12\n|\n|t:|1700299117\n|move|p2a: Zapdos|Hurricane|p1a: Pinsir\n|-supereffective|p1a: Pinsir\n|-damage|p1a: Pinsir|0 fnt\n|faint|p1a: Pinsir\n|\n|upkeep\n|\n|t:|1700299119\n|switch|p1a: Ogerpon|Ogerpon-Wellspring, F|100\/100\n|turn|13\n|\n|t:|1700299127\n|-terastallize|p1a: Ogerpon|Water\n|detailschange|p1a: Ogerpon|Ogerpon-Wellspring-Tera, F, tera:Water\n|-ability|p1a: Ogerpon|Embody Aspect (Wellspring)|boost\n|-boost|p1a: Ogerpon|spd|1\n|move|p1a: Ogerpon|Swords Dance|p1a: Ogerpon\n|-boost|p1a: Ogerpon|atk|2\n|move|p2a: Zapdos|Volt Switch|p1a: Ogerpon\n|-supereffective|p1a: Ogerpon\n|-damage|p1a: Ogerpon|57\/100\n|\n|t:|1700299130\n|switch|p2a: Tapu Lele|Tapu Lele|100\/100|[from] Volt Switch\n|-fieldstart|move: Psychic Terrain|[from] ability: Psychic Surge|[of] p2a: Tapu Lele\n|\n|upkeep\n|turn|14\n|\n|t:|1700299133\n|switch|p2a: Polteageist|Polteageist-Antique|1\/100\n|move|p1a: Ogerpon|Ivy Cudgel|p2a: Polteageist|[anim] Ivy Cudgel Water\n|-damage|p2a: Polteageist|0 fnt\n|faint|p2a: Polteageist\n|\n|upkeep\n|\n|t:|1700299135\n|switch|p2a: Ceruledge|Ceruledge, M|100\/100\n|turn|15\n|\n|t:|1700299137\n|move|p1a: Ogerpon|Taunt|p2a: Ceruledge\n|-start|p2a: Ceruledge|move: Taunt\n|cant|p2a: Ceruledge|move: Taunt|Swords Dance\n|\n|upkeep\n|turn|16\n|\n|t:|1700299141\n|move|p1a: Ogerpon|Ivy Cudgel|p2a: Ceruledge|[anim] Ivy Cudgel Water\n|-supereffective|p2a: Ceruledge\n|-enditem|p2a: Ceruledge|Focus Sash\n|-damage|p2a: Ceruledge|1\/100\n|-ability|p2a: Ceruledge|Weak Armor|boost\n|-unboost|p2a: Ceruledge|def|1\n|-boost|p2a: Ceruledge|spe|2\n|move|p2a: Ceruledge|Poltergeist|p1a: Ogerpon\n|-activate|p1a: Ogerpon|move: Poltergeist|Wellspring Mask\n|-damage|p1a: Ogerpon|0 fnt\n|faint|p1a: Ogerpon\n|\n|win|weiwoduzun\u696a\u7948\n|raw|fly groudon's rating: 1630 &rarr; <strong>1605<\/strong><br \/>(-25 for losing)\n|raw|weiwoduzun\u696a\u7948's rating: 1534 &rarr; <strong>1559<\/strong><br \/>(+25 for winning)\n","uploadtime":1700299153,"views":7,"p1id":"flygroudon","p2id":"weiwoduzun","formatid":"gen9nationaldex","rating":1559,"private":0,"password":""}