{"id":"gen9nationaldex-1992913783","p1":"ShadowKnightXXD","p2":"mengmengc","format":"[Gen 9] National Dex","log":"|j|\u2606ShadowKnightXXD\n|j|\u2606mengmengc\n|t:|1700246333\n|gametype|singles\n|player|p1|ShadowKnightXXD|265|1169\n|player|p2|mengmengc|hilda|1221\n|teamsize|p1|6\n|teamsize|p2|6\n|gen|9\n|tier|[Gen 9] National Dex\n|rated|\n|rule|HP Percentage Mod: HP is shown in percentages\n|rule|Endless Battle Clause: Forcing endless battles is banned\n|rule|OHKO Clause: OHKO moves are banned\n|rule|Evasion Clause: Evasion abilities, items, and moves are banned\n|rule|Evasion Abilities Clause: Evasion abilities are banned\n|rule|Evasion Items Clause: Evasion items are banned\n|rule|Evasion Moves Clause: Evasion moves are banned\n|rule|Species Clause: Limit one of each Pok\u00e9mon\n|rule|Sleep Clause Mod: Limit one foe put to sleep\n|clearpoke\n|poke|p1|Aegislash, F|\n|poke|p1|Kommo-o, F|\n|poke|p1|Quagsire, M|\n|poke|p1|Kilowattrel, F|\n|poke|p1|Volcanion|\n|poke|p1|Gardevoir, F|\n|poke|p2|Heatran, M|\n|poke|p2|Cresselia, F|\n|poke|p2|Crawdaunt, M|\n|poke|p2|Beedrill, M|\n|poke|p2|Ursaluna, M|\n|poke|p2|Hatterene, F|\n|teampreview\n|inactive|Battle timer is ON: inactive players will automatically lose when time's up. (requested by mengmengc)\n|\n|t:|1700246356\n|start\n|switch|p1a: Aegislash|Aegislash, F|100\/100\n|switch|p2a: Beedrill|Beedrill, M|100\/100\n|turn|1\n|\n|t:|1700246369\n|detailschange|p2a: Beedrill|Beedrill-Mega, M\n|-mega|p2a: Beedrill|Beedrill|Beedrillite\n|move|p2a: Beedrill|Drill Run|p1a: Aegislash\n|-supereffective|p1a: Aegislash\n|-damage|p1a: Aegislash|55\/100\n|move|p1a: Aegislash|Swords Dance|p1a: Aegislash\n|-boost|p1a: Aegislash|atk|2\n|\n|-heal|p1a: Aegislash|62\/100|[from] item: Leftovers\n|upkeep\n|turn|2\n|\n|t:|1700246382\n|switch|p2a: Ursaluna|Ursaluna, M|100\/100\n|move|p1a: Aegislash|King's Shield||[still]\n|-fail|p1a: Aegislash\n|\n|-heal|p1a: Aegislash|68\/100|[from] item: Leftovers\n|-status|p2a: Ursaluna|brn|[from] item: Flame Orb\n|upkeep\n|turn|3\n|\n|t:|1700246391\n|move|p1a: Aegislash|King's Shield|p1a: Aegislash\n|-singleturn|p1a: Aegislash|Protect\n|move|p2a: Ursaluna|Earthquake|p1a: Aegislash\n|-activate|p1a: Aegislash|move: Protect\n|\n|-heal|p1a: Aegislash|74\/100|[from] item: Leftovers\n|-damage|p2a: Ursaluna|94\/100 brn|[from] brn\n|upkeep\n|turn|4\n|\n|t:|1700246401\n|switch|p1a: Kilowattrel|Kilowattrel, F|100\/100\n|move|p2a: Ursaluna|Earthquake|p1a: Kilowattrel\n|-immune|p1a: Kilowattrel\n|\n|-damage|p2a: Ursaluna|88\/100 brn|[from] brn\n|upkeep\n|turn|5\n|\n|t:|1700246425\n|switch|p2a: Cresselia|Cresselia, F|100\/100\n|move|p1a: Kilowattrel|Air Slash|p2a: Cresselia\n|-damage|p2a: Cresselia|80\/100\n|\n|upkeep\n|turn|6\n|\n|t:|1700246434\n|move|p1a: Kilowattrel|Thunder Wave|p2a: Cresselia|[miss]\n|-miss|p1a: Kilowattrel|p2a: Cresselia\n|move|p2a: Cresselia|Trick Room|p2a: Cresselia\n|-fieldstart|move: Trick Room|[of] p2a: Cresselia\n|\n|upkeep\n|turn|7\n|\n|t:|1700246446\n|switch|p2a: Hatterene|Hatterene, F|100\/100\n|move|p1a: Kilowattrel|Thunder Wave|p2a: Hatterene\n|move|p2a: Hatterene|Thunder Wave|p1a: Kilowattrel|[from]ability: Magic Bounce\n|-immune|p1a: Kilowattrel|[from] ability: Volt Absorb\n|\n|upkeep\n|turn|8\n|\n|t:|1700246460\n|switch|p2a: Crawdaunt|Crawdaunt, M|100\/100\n|move|p1a: Kilowattrel|Thunderbolt|p2a: Crawdaunt\n|-supereffective|p2a: Crawdaunt\n|-damage|p2a: Crawdaunt|0 fnt\n|faint|p2a: Crawdaunt\n|\n|upkeep\n|\n|t:|1700246471\n|switch|p2a: Heatran|Heatran, M|100\/100\n|turn|9\n|\n|t:|1700246479\n|move|p2a: Heatran|Heat Wave|p1a: Kilowattrel\n|-damage|p1a: Kilowattrel|0 fnt\n|faint|p1a: Kilowattrel\n|\n|upkeep\n|\n|t:|1700246483\n|switch|p1a: Volcanion|Volcanion|100\/100\n|turn|10\n|\n|t:|1700246500\n|-terastallize|p2a: Heatran|Grass\n|move|p2a: Heatran|Earth Power|p1a: Volcanion\n|-supereffective|p1a: Volcanion\n|-damage|p1a: Volcanion|28\/100\n|move|p1a: Volcanion|Steam Eruption|p2a: Heatran\n|-resisted|p2a: Heatran\n|-damage|p2a: Heatran|73\/100\n|\n|-fieldend|move: Trick Room\n|upkeep\n|turn|11\n|\n|t:|1700246516\n|move|p1a: Volcanion|Steam Eruption|p2a: Heatran\n|-resisted|p2a: Heatran\n|-damage|p2a: Heatran|49\/100\n|move|p2a: Heatran|Earth Power|p1a: Volcanion\n|-supereffective|p1a: Volcanion\n|-damage|p1a: Volcanion|0 fnt\n|faint|p1a: Volcanion\n|\n|upkeep\n|\n|t:|1700246525\n|switch|p1a: Aegislash|Aegislash, F|74\/100\n|turn|12\n|\n|t:|1700246530\n|switch|p2a: Ursaluna|Ursaluna, M|88\/100 brn\n|move|p1a: Aegislash|King's Shield||[still]\n|-fail|p1a: Aegislash\n|\n|-heal|p1a: Aegislash|80\/100|[from] item: Leftovers\n|-damage|p2a: Ursaluna|82\/100 brn|[from] brn\n|upkeep\n|turn|13\n|\n|t:|1700246540\n|move|p1a: Aegislash|King's Shield|p1a: Aegislash\n|-singleturn|p1a: Aegislash|Protect\n|move|p2a: Ursaluna|Substitute|p2a: Ursaluna\n|-start|p2a: Ursaluna|Substitute\n|-damage|p2a: Ursaluna|57\/100 brn\n|\n|-heal|p1a: Aegislash|86\/100|[from] item: Leftovers\n|-damage|p2a: Ursaluna|50\/100 brn|[from] brn\n|upkeep\n|turn|14\n|\n|t:|1700246550\n|-terastallize|p1a: Aegislash|Normal\n|move|p1a: Aegislash|Swords Dance|p1a: Aegislash\n|-boost|p1a: Aegislash|atk|2\n|move|p2a: Ursaluna|Swords Dance|p2a: Ursaluna\n|-boost|p2a: Ursaluna|atk|2\n|\n|-heal|p1a: Aegislash|92\/100|[from] item: Leftovers\n|-damage|p2a: Ursaluna|44\/100 brn|[from] brn\n|upkeep\n|turn|15\n|\n|t:|1700246570\n|move|p1a: Aegislash|King's Shield|p1a: Aegislash\n|-singleturn|p1a: Aegislash|Protect\n|move|p2a: Ursaluna|Facade|p1a: Aegislash\n|-activate|p1a: Aegislash|move: Protect\n|-unboost|p2a: Ursaluna|atk|1\n|\n|-heal|p1a: Aegislash|99\/100|[from] item: Leftovers\n|-damage|p2a: Ursaluna|38\/100 brn|[from] brn\n|upkeep\n|turn|16\n|\n|t:|1700246582\n|switch|p1a: Quagsire|Quagsire, M|100\/100\n|move|p2a: Ursaluna|Facade|p1a: Quagsire\n|-damage|p1a: Quagsire|0 fnt\n|faint|p1a: Quagsire\n|\n|-damage|p2a: Ursaluna|32\/100 brn|[from] brn\n|upkeep\n|\n|t:|1700246591\n|switch|p1a: Kommo-o|Kommo-o, F|100\/100\n|turn|17\n|\n|t:|1700246614\n|-zpower|p1a: Kommo-o\n|move|p1a: Kommo-o|Clangorous Soulblaze|p2a: Ursaluna|[zeffect]\n|-damage|p2a: Ursaluna|0 fnt\n|faint|p2a: Ursaluna\n|-boost|p1a: Kommo-o|atk|1\n|-boost|p1a: Kommo-o|def|1\n|-boost|p1a: Kommo-o|spa|1\n|-boost|p1a: Kommo-o|spd|1\n|-boost|p1a: Kommo-o|spe|1\n|\n|upkeep\n|inactive|mengmengc has 120 seconds left.\n|\n|t:|1700246636\n|switch|p2a: Hatterene|Hatterene, F|100\/100\n|turn|18\n|\n|t:|1700246640\n|move|p1a: Kommo-o|Earthquake|p2a: Hatterene\n|-damage|p2a: Hatterene|47\/100\n|move|p2a: Hatterene|Dazzling Gleam|p1a: Kommo-o\n|-supereffective|p1a: Kommo-o\n|-damage|p1a: Kommo-o|0 fnt\n|faint|p1a: Kommo-o\n|-damage|p2a: Hatterene|38\/100|[from] item: Life Orb\n|\n|upkeep\n|\n|t:|1700246648\n|switch|p1a: Gardevoir|Gardevoir, F|100\/100\n|turn|19\n|inactive|mengmengc has 120 seconds left.\n|\n|t:|1700246672\n|detailschange|p1a: Gardevoir|Gardevoir-Mega, F\n|-mega|p1a: Gardevoir|Gardevoir|Gardevoirite\n|move|p1a: Gardevoir|Shadow Ball|p2a: Hatterene\n|-supereffective|p2a: Hatterene\n|-damage|p2a: Hatterene|0 fnt\n|faint|p2a: Hatterene\n|\n|upkeep\n|\n|t:|1700246679\n|switch|p2a: Beedrill|Beedrill-Mega, M|100\/100\n|turn|20\n|\n|t:|1700246684\n|move|p2a: Beedrill|Poison Jab|p1a: Gardevoir\n|-supereffective|p1a: Gardevoir\n|-damage|p1a: Gardevoir|0 fnt\n|faint|p1a: Gardevoir\n|\n|upkeep\n|\n|t:|1700246689\n|switch|p1a: Aegislash|Aegislash, F, tera:Normal|99\/100\n|turn|21\n|inactive|mengmengc has 120 seconds left.\n|\n|t:|1700246724\n|move|p2a: Beedrill|Poison Jab|p1a: Aegislash\n|-damage|p1a: Aegislash|46\/100\n|move|p1a: Aegislash|Swords Dance|p1a: Aegislash\n|-boost|p1a: Aegislash|atk|2\n|\n|-heal|p1a: Aegislash|52\/100|[from] item: Leftovers\n|upkeep\n|turn|22\n|\n|t:|1700246733\n|move|p1a: Aegislash|King's Shield|p1a: Aegislash\n|-singleturn|p1a: Aegislash|Protect\n|move|p2a: Beedrill|Poison Jab|p1a: Aegislash\n|-activate|p1a: Aegislash|move: Protect\n|-unboost|p2a: Beedrill|atk|1\n|\n|-heal|p1a: Aegislash|58\/100|[from] item: Leftovers\n|upkeep\n|turn|23\n|\n|t:|1700246746\n|move|p2a: Beedrill|U-turn|p1a: Aegislash\n|-damage|p1a: Aegislash|28\/100\n|\n|t:|1700246749\n|switch|p2a: Cresselia|Cresselia, F|80\/100|[from] U-turn\n|-formechange|p1a: Aegislash|Aegislash-Blade||[from] ability: Stance Change\n|move|p1a: Aegislash|Iron Head|p2a: Cresselia\n|-damage|p2a: Cresselia|40\/100\n|\n|-heal|p1a: Aegislash|34\/100|[from] item: Leftovers\n|upkeep\n|turn|24\n|inactive|mengmengc has 120 seconds left.\n|\n|t:|1700246762\n|move|p1a: Aegislash|Shadow Sneak|p2a: Cresselia\n|-supereffective|p2a: Cresselia\n|-damage|p2a: Cresselia|0 fnt\n|faint|p2a: Cresselia\n|\n|-heal|p1a: Aegislash|40\/100|[from] item: Leftovers\n|upkeep\n|\n|t:|1700246770\n|switch|p2a: Beedrill|Beedrill-Mega, M|100\/100\n|turn|25\n|inactive|mengmengc has 120 seconds left.\n|\n|t:|1700246775\n|-formechange|p1a: Aegislash|Aegislash||[from] ability: Stance Change\n|move|p1a: Aegislash|King's Shield|p1a: Aegislash\n|-singleturn|p1a: Aegislash|Protect\n|move|p2a: Beedrill|Poison Jab|p1a: Aegislash\n|-activate|p1a: Aegislash|move: Protect\n|-unboost|p2a: Beedrill|atk|1\n|\n|-heal|p1a: Aegislash|46\/100|[from] item: Leftovers\n|upkeep\n|turn|26\n|inactive|mengmengc has 120 seconds left.\n|\n|t:|1700246787\n|move|p2a: Beedrill|Poison Jab|p1a: Aegislash\n|-damage|p1a: Aegislash|15\/100\n|-status|p1a: Aegislash|psn\n|-formechange|p1a: Aegislash|Aegislash-Blade||[from] ability: Stance Change\n|move|p1a: Aegislash|Iron Head|p2a: Beedrill\n|-damage|p2a: Beedrill|0 fnt\n|faint|p2a: Beedrill\n|\n|-heal|p1a: Aegislash|21\/100 psn|[from] item: Leftovers\n|-damage|p1a: Aegislash|9\/100 psn|[from] psn\n|upkeep\n|inactive|mengmengc has 120 seconds left.\n|\n|t:|1700246800\n|switch|p2a: Heatran|Heatran, M, tera:Grass|49\/100\n|turn|27\n|inactive|mengmengc has 120 seconds left.\n|\n|t:|1700246807\n|move|p1a: Aegislash|Shadow Sneak|p2a: Heatran\n|-damage|p2a: Heatran|15\/100\n|move|p2a: Heatran|Tera Blast|p1a: Aegislash|[anim] Tera Blast Grass\n|-damage|p1a: Aegislash|0 fnt\n|faint|p1a: Aegislash\n|\n|win|mengmengc\n|raw|ShadowKnightXXD's rating: 1169 &rarr; <strong>1148<\/strong><br \/>(-21 for losing)\n|raw|mengmengc's rating: 1221 &rarr; <strong>1242<\/strong><br \/>(+21 for winning)\n|l|\u2606ShadowKnightXXD\n","uploadtime":1700246816,"views":7,"p1id":"shadowknightxxd","p2id":"mengmengc","formatid":"gen9nationaldex","rating":1148,"private":0,"password":""}