{"id":"gen9nationaldex-2000010912","p1":"wastedogg","p2":"gobbyhappy1","format":"[Gen 9] National Dex","log":"|html|<div class=\"broadcast-blue\"><strong>[Gen 9] National Dex is currently suspecting Sneasler! For information on how to participate check out the <a href=\"https:\/\/www.smogon.com\/forums\/threads\/sv-national-dex-suspect-8-just-dance.3731534\/\">suspect thread<\/a>.<\/strong><\/div>\n|j|\u2606wastedogg\n|j|\u2606gobbyhappy1\n|t:|1701140880\n|gametype|singles\n|player|p1|wastedogg|blackbelt-gen4dp|1587\n|player|p2|gobbyhappy1|2|1589\n|teamsize|p1|6\n|teamsize|p2|6\n|gen|9\n|tier|[Gen 9] National Dex\n|rated|\n|rule|HP Percentage Mod: HP is shown in percentages\n|rule|Endless Battle Clause: Forcing endless battles is banned\n|rule|OHKO Clause: OHKO moves are banned\n|rule|Evasion Clause: Evasion abilities, items, and moves are banned\n|rule|Evasion Abilities Clause: Evasion abilities are banned\n|rule|Evasion Items Clause: Evasion items are banned\n|rule|Evasion Moves Clause: Evasion moves are banned\n|rule|Species Clause: Limit one of each Pok\u00e9mon\n|rule|Sleep Clause Mod: Limit one foe put to sleep\n|clearpoke\n|poke|p1|Ogerpon-Wellspring, F|\n|poke|p1|Corviknight, M|\n|poke|p1|Garchomp, M|\n|poke|p1|Lokix, M|\n|poke|p1|Darmanitan, F|\n|poke|p1|Charizard, M|\n|poke|p2|Tapu Lele|\n|poke|p2|Alomomola, M|\n|poke|p2|Ogerpon-Wellspring, F|\n|poke|p2|Ferrothorn, M|\n|poke|p2|Hydreigon, F|\n|poke|p2|Lopunny, M|\n|teampreview\n|inactive|Battle timer is ON: inactive players will automatically lose when time's up. (requested by gobbyhappy1)\n|\n|t:|1701140888\n|start\n|switch|p1a: Darmanitan|Darmanitan, F|100\/100\n|switch|p2a: Tapu Lele|Tapu Lele|100\/100\n|-fieldstart|move: Psychic Terrain|[from] ability: Psychic Surge|[of] p2a: Tapu Lele\n|turn|1\n|\n|t:|1701140900\n|switch|p1a: Lokix|Lokix, M|100\/100\n|switch|p2a: Hydreigon|Hydreigon, F|100\/100\n|\n|upkeep\n|turn|2\n|\n|t:|1701140912\n|switch|p1a: Corviknight|Corviknight, M|100\/100\n|-ability|p1a: Corviknight|Pressure\n|move|p2a: Hydreigon|Fire Blast|p1a: Corviknight\n|-supereffective|p1a: Corviknight\n|-damage|p1a: Corviknight|58\/100\n|\n|upkeep\n|turn|3\n|\n|t:|1701140925\n|switch|p2a: Ogerpon|Ogerpon-Wellspring, F|100\/100\n|switch|p1a: Charizard|Charizard, M|100\/100\n|\n|upkeep\n|turn|4\n|\n|t:|1701140934\n|switch|p1a: Ogerpon|Ogerpon-Wellspring, F|100\/100\n|move|p2a: Ogerpon|Horn Leech|p1a: Ogerpon\n|-damage|p1a: Ogerpon|46\/100\n|\n|upkeep\n|turn|5\n|\n|t:|1701140941\n|move|p2a: Ogerpon|Horn Leech|p1a: Ogerpon\n|-damage|p1a: Ogerpon|0 fnt\n|faint|p1a: Ogerpon\n|\n|-fieldend|move: Psychic Terrain\n|upkeep\n|\n|t:|1701140951\n|switch|p1a: Darmanitan|Darmanitan, F|100\/100\n|turn|6\n|\n|t:|1701140958\n|switch|p2a: Alomomola|Alomomola, M|100\/100\n|move|p1a: Darmanitan|U-turn|p2a: Alomomola\n|-damage|p2a: Alomomola|87\/100\n|\n|t:|1701140966\n|switch|p1a: Charizard|Charizard, M|100\/100|[from] U-turn\n|\n|upkeep\n|turn|7\n|\n|t:|1701140974\n|detailschange|p1a: Charizard|Charizard-Mega-Y, M\n|-mega|p1a: Charizard|Charizard|Charizardite Y\n|-weather|SunnyDay|[from] ability: Drought|[of] p1a: Charizard\n|move|p2a: Alomomola|Protect|p2a: Alomomola\n|-singleturn|p2a: Alomomola|Protect\n|move|p1a: Charizard|Fire Blast|p2a: Alomomola\n|-activate|p2a: Alomomola|move: Protect\n|\n|-weather|SunnyDay|[upkeep]\n|upkeep\n|turn|8\n|\n|t:|1701140983\n|switch|p2a: Hydreigon|Hydreigon, F|100\/100\n|move|p1a: Charizard|Fire Blast|p2a: Hydreigon|[miss]\n|-miss|p1a: Charizard|p2a: Hydreigon\n|\n|-weather|SunnyDay|[upkeep]\n|upkeep\n|turn|9\n|\n|t:|1701140995\n|move|p1a: Charizard|Fire Blast|p2a: Hydreigon\n|-resisted|p2a: Hydreigon\n|-damage|p2a: Hydreigon|65\/100\n|move|p2a: Hydreigon|Dark Pulse|p1a: Charizard\n|-damage|p1a: Charizard|65\/100\n|\n|-weather|SunnyDay|[upkeep]\n|-heal|p2a: Hydreigon|71\/100|[from] item: Leftovers\n|upkeep\n|turn|10\n|\n|t:|1701141003\n|move|p1a: Charizard|Fire Blast|p2a: Hydreigon\n|-resisted|p2a: Hydreigon\n|-damage|p2a: Hydreigon|34\/100\n|move|p2a: Hydreigon|Dark Pulse|p1a: Charizard\n|-damage|p1a: Charizard|31\/100\n|\n|-weather|SunnyDay|[upkeep]\n|-heal|p2a: Hydreigon|40\/100|[from] item: Leftovers\n|upkeep\n|turn|11\n|\n|t:|1701141014\n|switch|p1a: Garchomp|Garchomp, M|100\/100\n|move|p2a: Hydreigon|Roost|p2a: Hydreigon\n|-heal|p2a: Hydreigon|90\/100\n|-singleturn|p2a: Hydreigon|move: Roost\n|\n|-weather|none\n|-heal|p2a: Hydreigon|96\/100|[from] item: Leftovers\n|upkeep\n|turn|12\n|\n|t:|1701141031\n|switch|p1a: Charizard|Charizard-Mega-Y, M|31\/100\n|-weather|SunnyDay|[from] ability: Drought|[of] p1a: Charizard\n|switch|p2a: Tapu Lele|Tapu Lele|100\/100\n|-fieldstart|move: Psychic Terrain|[from] ability: Psychic Surge|[of] p2a: Tapu Lele\n|\n|-weather|SunnyDay|[upkeep]\n|upkeep\n|turn|13\n|\n|t:|1701141044\n|move|p2a: Tapu Lele|Psychic|p1a: Charizard\n|-damage|p1a: Charizard|0 fnt\n|faint|p1a: Charizard\n|\n|-weather|SunnyDay|[upkeep]\n|upkeep\n|\n|t:|1701141048\n|switch|p1a: Lokix|Lokix, M|100\/100\n|turn|14\n|\n|t:|1701141069\n|switch|p2a: Ferrothorn|Ferrothorn, M|100\/100\n|move|p1a: Lokix|U-turn|p2a: Ferrothorn\n|-damage|p2a: Ferrothorn|83\/100\n|-damage|p1a: Lokix|88\/100|[from] ability: Iron Barbs|[of] p2a: Ferrothorn\n|\n|t:|1701141075\n|switch|p1a: Darmanitan|Darmanitan, F|100\/100|[from] U-turn\n|\n|-weather|SunnyDay|[upkeep]\n|-heal|p2a: Ferrothorn|89\/100|[from] item: Leftovers\n|upkeep\n|turn|15\n|\n|t:|1701141078\n|move|p2a: Ferrothorn|Protect|p2a: Ferrothorn\n|-singleturn|p2a: Ferrothorn|Protect\n|move|p1a: Darmanitan|Trick|p2a: Ferrothorn\n|-activate|p2a: Ferrothorn|move: Protect\n|\n|-weather|SunnyDay|[upkeep]\n|-heal|p2a: Ferrothorn|95\/100|[from] item: Leftovers\n|upkeep\n|turn|16\n|\n|t:|1701141083\n|switch|p1a: Lokix|Lokix, M|88\/100\n|switch|p2a: Lopunny|Lopunny, M|100\/100\n|\n|-weather|none\n|-fieldend|move: Psychic Terrain\n|upkeep\n|turn|17\n|\n|t:|1701141092\n|detailschange|p2a: Lopunny|Lopunny-Mega, M\n|-mega|p2a: Lopunny|Lopunny|Lopunnite\n|move|p2a: Lopunny|Fake Out|p1a: Lokix\n|-damage|p1a: Lokix|58\/100\n|cant|p1a: Lokix|flinch\n|\n|upkeep\n|turn|18\n|\n|t:|1701141107\n|move|p2a: Lopunny|Close Combat|p1a: Lokix\n|-damage|p1a: Lokix|0 fnt\n|-unboost|p2a: Lopunny|def|1\n|-unboost|p2a: Lopunny|spd|1\n|faint|p1a: Lokix\n|\n|upkeep\n|\n|t:|1701141111\n|switch|p1a: Darmanitan|Darmanitan, F|100\/100\n|turn|19\n|\n|t:|1701141118\n|switch|p2a: Alomomola|Alomomola, M|100\/100\n|move|p1a: Darmanitan|U-turn|p2a: Alomomola\n|-damage|p2a: Alomomola|88\/100\n|\n|t:|1701141126\n|switch|p1a: Corviknight|Corviknight, M|58\/100|[from] U-turn\n|-ability|p1a: Corviknight|Pressure\n|\n|upkeep\n|turn|20\n|\n|t:|1701141132\n|switch|p2a: Ferrothorn|Ferrothorn, M|95\/100\n|move|p1a: Corviknight|Iron Defense|p1a: Corviknight\n|-boost|p1a: Corviknight|def|2\n|\n|-heal|p2a: Ferrothorn|100\/100|[from] item: Leftovers\n|upkeep\n|turn|21\n|\n|t:|1701141139\n|-terastallize|p2a: Ferrothorn|Ghost\n|move|p1a: Corviknight|Iron Defense|p1a: Corviknight\n|-boost|p1a: Corviknight|def|2\n|move|p2a: Ferrothorn|Stealth Rock|p1a: Corviknight\n|-sidestart|p1: wastedogg|move: Stealth Rock\n|\n|upkeep\n|turn|22\n|\n|t:|1701141148\n|move|p1a: Corviknight|Defog|p2a: Ferrothorn\n|-unboost|p2a: Ferrothorn|evasion|1\n|-sideend|p1: wastedogg|Stealth Rock|[from] move: Defog|[of] p1a: Corviknight\n|move|p2a: Ferrothorn|Leech Seed|p1a: Corviknight\n|-start|p1a: Corviknight|move: Leech Seed\n|\n|-damage|p1a: Corviknight|45\/100|[from] Leech Seed|[of] p2a: Ferrothorn\n|upkeep\n|turn|23\n|\n|t:|1701141154\n|switch|p1a: Darmanitan|Darmanitan, F|100\/100\n|move|p2a: Ferrothorn|Leech Seed|p1a: Darmanitan\n|-start|p1a: Darmanitan|move: Leech Seed\n|\n|-damage|p1a: Darmanitan|88\/100|[from] Leech Seed|[of] p2a: Ferrothorn\n|upkeep\n|turn|24\n|\n|t:|1701141162\n|move|p2a: Ferrothorn|Protect|p2a: Ferrothorn\n|-singleturn|p2a: Ferrothorn|Protect\n|move|p1a: Darmanitan|Flare Blitz|p2a: Ferrothorn\n|-activate|p2a: Ferrothorn|move: Protect\n|\n|-damage|p1a: Darmanitan|75\/100|[from] Leech Seed|[of] p2a: Ferrothorn\n|upkeep\n|turn|25\n|\n|t:|1701141168\n|switch|p1a: Garchomp|Garchomp, M|100\/100\n|switch|p2a: Alomomola|Alomomola, M|100\/100\n|\n|upkeep\n|turn|26\n|\n|t:|1701141177\n|switch|p2a: Tapu Lele|Tapu Lele|100\/100\n|-fieldstart|move: Psychic Terrain|[from] ability: Psychic Surge|[of] p2a: Tapu Lele\n|move|p1a: Garchomp|Swords Dance|p1a: Garchomp\n|-boost|p1a: Garchomp|atk|2\n|\n|upkeep\n|turn|27\n|\n|t:|1701141185\n|switch|p1a: Corviknight|Corviknight, M|45\/100\n|-ability|p1a: Corviknight|Pressure\n|move|p2a: Tapu Lele|Moonblast|p1a: Corviknight\n|-resisted|p1a: Corviknight\n|-damage|p1a: Corviknight|27\/100\n|\n|upkeep\n|turn|28\n|\n|t:|1701141193\n|switch|p2a: Ferrothorn|Ferrothorn, M, tera:Ghost|100\/100\n|switch|p1a: Garchomp|Garchomp, M|100\/100\n|\n|upkeep\n|turn|29\n|\n|t:|1701141199\n|switch|p2a: Tapu Lele|Tapu Lele|100\/100\n|move|p1a: Garchomp|Swords Dance|p1a: Garchomp\n|-boost|p1a: Garchomp|atk|2\n|\n|upkeep\n|turn|30\n|\n|t:|1701141206\n|switch|p1a: Corviknight|Corviknight, M|27\/100\n|-ability|p1a: Corviknight|Pressure\n|move|p2a: Tapu Lele|Moonblast|p1a: Corviknight\n|-resisted|p1a: Corviknight\n|-damage|p1a: Corviknight|10\/100\n|\n|-fieldend|move: Psychic Terrain\n|upkeep\n|turn|31\n|\n|t:|1701141217\n|move|p2a: Tapu Lele|Moonblast|p1a: Corviknight\n|-resisted|p1a: Corviknight\n|-damage|p1a: Corviknight|0 fnt\n|faint|p1a: Corviknight\n|\n|upkeep\n|\n|t:|1701141220\n|switch|p1a: Darmanitan|Darmanitan, F|75\/100\n|turn|32\n|\n|t:|1701141225\n|switch|p2a: Alomomola|Alomomola, M|100\/100\n|move|p1a: Darmanitan|U-turn|p2a: Alomomola\n|-damage|p2a: Alomomola|87\/100\n|\n|t:|1701141228\n|switch|p1a: Garchomp|Garchomp, M|100\/100|[from] U-turn\n|\n|upkeep\n|turn|33\n|\n|t:|1701141234\n|move|p1a: Garchomp|Earthquake|p2a: Alomomola\n|-damage|p2a: Alomomola|58\/100\n|move|p2a: Alomomola|Toxic|p1a: Garchomp|[miss]\n|-miss|p2a: Alomomola|p1a: Garchomp\n|\n|upkeep\n|turn|34\n|\n|t:|1701141241\n|switch|p2a: Tapu Lele|Tapu Lele|100\/100\n|-fieldstart|move: Psychic Terrain|[from] ability: Psychic Surge|[of] p2a: Tapu Lele\n|move|p1a: Garchomp|Swords Dance|p1a: Garchomp\n|-boost|p1a: Garchomp|atk|2\n|\n|upkeep\n|turn|35\n|\n|t:|1701141257\n|-terastallize|p1a: Garchomp|Fire\n|move|p2a: Tapu Lele|Future Sight|p1a: Garchomp\n|-start|p2a: Tapu Lele|move: Future Sight\n|move|p1a: Garchomp|Earthquake|p2a: Tapu Lele\n|-damage|p2a: Tapu Lele|0 fnt\n|faint|p2a: Tapu Lele\n|\n|upkeep\n|\n|t:|1701141266\n|switch|p2a: Alomomola|Alomomola, M|92\/100\n|turn|36\n|\n|t:|1701141275\n|move|p1a: Garchomp|Scale Shot|p2a: Alomomola\n|-damage|p2a: Alomomola|78\/100\n|-damage|p2a: Alomomola|63\/100\n|-crit|p2a: Alomomola\n|-damage|p2a: Alomomola|42\/100\n|-hitcount|p2a: Alomomola|3\n|-unboost|p1a: Garchomp|def|1\n|-boost|p1a: Garchomp|spe|1\n|move|p2a: Alomomola|Toxic|p1a: Garchomp\n|-status|p1a: Garchomp|tox\n|\n|-damage|p1a: Garchomp|94\/100 tox|[from] psn\n|upkeep\n|turn|37\n|\n|t:|1701141289\n|move|p2a: Alomomola|Protect|p2a: Alomomola\n|-singleturn|p2a: Alomomola|Protect\n|move|p1a: Garchomp|Earthquake|p2a: Alomomola\n|-activate|p2a: Alomomola|move: Protect\n|\n|-end|p1a: Garchomp|move: Future Sight\n|-damage|p1a: Garchomp|0 fnt\n|faint|p1a: Garchomp\n|upkeep\n|\n|t:|1701141291\n|switch|p1a: Darmanitan|Darmanitan, F|75\/100\n|turn|38\n|-message|wastedogg forfeited.\n|\n|win|gobbyhappy1\n|raw|wastedogg's rating: 1587 &rarr; <strong>1567<\/strong><br \/>(-20 for losing)\n|raw|gobbyhappy1's rating: 1589 &rarr; <strong>1609<\/strong><br \/>(+20 for winning)\n|l|\u2606wastedogg\n","uploadtime":1701141338,"views":1,"p1id":"wastedogg","p2id":"gobbyhappy1","formatid":"gen9nationaldex","rating":1567,"private":0,"password":""}