{"id":"gen9nationaldex-1999888257","p1":"NDSNEZ Nami","p2":"Alejinhoo","format":"[Gen 9] National Dex","log":"|html|<div class=\"broadcast-blue\"><strong>[Gen 9] National Dex is currently suspecting Sneasler! For information on how to participate check out the <a href=\"https:\/\/www.smogon.com\/forums\/threads\/sv-national-dex-suspect-8-just-dance.3731534\/\">suspect thread<\/a>.<\/strong><\/div>\n|j|\u2606NDSNEZ Nami\n|j|\u2606Alejinhoo\n|t:|1701126594\n|gametype|singles\n|player|p1|NDSNEZ Nami|lusamine-nihilego|1054\n|player|p2|Alejinhoo|102|1130\n|teamsize|p1|6\n|teamsize|p2|6\n|gen|9\n|tier|[Gen 9] National Dex\n|rated|\n|rule|HP Percentage Mod: HP is shown in percentages\n|rule|Endless Battle Clause: Forcing endless battles is banned\n|rule|OHKO Clause: OHKO moves are banned\n|rule|Evasion Clause: Evasion abilities, items, and moves are banned\n|rule|Evasion Abilities Clause: Evasion abilities are banned\n|rule|Evasion Items Clause: Evasion items are banned\n|rule|Evasion Moves Clause: Evasion moves are banned\n|rule|Species Clause: Limit one of each Pok\u00e9mon\n|rule|Sleep Clause Mod: Limit one foe put to sleep\n|clearpoke\n|poke|p1|Grimmsnarl, M|\n|poke|p1|Tapu Lele|\n|poke|p1|Garganacl, F|\n|poke|p1|Volcarona, F|\n|poke|p1|Gyarados, M|\n|poke|p1|Cresselia, F|\n|poke|p2|Garchomp, F|\n|poke|p2|Clefable, F|\n|poke|p2|Talonflame, F|\n|poke|p2|Rotom-Wash|\n|poke|p2|Ferrothorn, F|\n|poke|p2|Gyarados, F|\n|teampreview\n|inactive|Battle timer is ON: inactive players will automatically lose when time's up. (requested by Alejinhoo)\n|\n|t:|1701126629\n|start\n|switch|p1a: BLACKFLAMEDDEMON|Grimmsnarl, M, shiny|100\/100\n|switch|p2a: Ferrothorn|Ferrothorn, F, shiny|100\/100\n|turn|1\n|inactive|NDSNEZ Nami has 120 seconds left.\n|\n|t:|1701126661\n|move|p1a: BLACKFLAMEDDEMON|Taunt|p2a: Ferrothorn\n|-start|p2a: Ferrothorn|move: Taunt\n|cant|p2a: Ferrothorn|move: Taunt|Leech Seed\n|\n|upkeep\n|turn|2\n|\n|t:|1701126666\n|move|p1a: BLACKFLAMEDDEMON|Reflect|p1a: BLACKFLAMEDDEMON\n|-sidestart|p1: NDSNEZ Nami|Reflect\n|move|p2a: Ferrothorn|Gyro Ball|p1a: BLACKFLAMEDDEMON\n|-supereffective|p1a: BLACKFLAMEDDEMON\n|-damage|p1a: BLACKFLAMEDDEMON|61\/100\n|\n|upkeep\n|turn|3\n|\n|t:|1701126670\n|move|p1a: BLACKFLAMEDDEMON|Light Screen|p1a: BLACKFLAMEDDEMON\n|-sidestart|p1: NDSNEZ Nami|move: Light Screen\n|move|p2a: Ferrothorn|Gyro Ball|p1a: BLACKFLAMEDDEMON\n|-supereffective|p1a: BLACKFLAMEDDEMON\n|-damage|p1a: BLACKFLAMEDDEMON|21\/100\n|\n|-end|p2a: Ferrothorn|move: Taunt\n|upkeep\n|turn|4\n|\n|t:|1701126679\n|move|p1a: BLACKFLAMEDDEMON|Taunt|p2a: Ferrothorn\n|-start|p2a: Ferrothorn|move: Taunt\n|cant|p2a: Ferrothorn|move: Taunt|Leech Seed\n|\n|upkeep\n|turn|5\n|\n|t:|1701126684\n|move|p1a: BLACKFLAMEDDEMON|Parting Shot|p2a: Ferrothorn\n|-unboost|p2a: Ferrothorn|atk|1\n|-unboost|p2a: Ferrothorn|spa|1\n|\n|t:|1701126688\n|switch|p1a: ONLYGETTINGOLDER|Volcarona, F, shiny|100\/100|[from] Parting Shot\n|move|p2a: Ferrothorn|Gyro Ball|p1a: ONLYGETTINGOLDER\n|-resisted|p1a: ONLYGETTINGOLDER\n|-damage|p1a: ONLYGETTINGOLDER|89\/100\n|\n|upkeep\n|turn|6\n|\n|t:|1701126694\n|move|p1a: ONLYGETTINGOLDER|Quiver Dance|p1a: ONLYGETTINGOLDER\n|-boost|p1a: ONLYGETTINGOLDER|spa|1\n|-boost|p1a: ONLYGETTINGOLDER|spd|1\n|-boost|p1a: ONLYGETTINGOLDER|spe|1\n|move|p2a: Ferrothorn|Gyro Ball|p1a: ONLYGETTINGOLDER\n|-resisted|p1a: ONLYGETTINGOLDER\n|-damage|p1a: ONLYGETTINGOLDER|76\/100\n|\n|-end|p2a: Ferrothorn|move: Taunt\n|upkeep\n|turn|7\n|\n|t:|1701126706\n|move|p1a: ONLYGETTINGOLDER|Quiver Dance|p1a: ONLYGETTINGOLDER\n|-boost|p1a: ONLYGETTINGOLDER|spa|1\n|-boost|p1a: ONLYGETTINGOLDER|spd|1\n|-boost|p1a: ONLYGETTINGOLDER|spe|1\n|move|p2a: Ferrothorn|Leech Seed|p1a: ONLYGETTINGOLDER\n|-start|p1a: ONLYGETTINGOLDER|move: Leech Seed\n|\n|-damage|p1a: ONLYGETTINGOLDER|64\/100|[from] Leech Seed|[of] p2a: Ferrothorn\n|upkeep\n|turn|8\n|\n|t:|1701126715\n|move|p1a: ONLYGETTINGOLDER|Flamethrower|p2a: Ferrothorn\n|-supereffective|p2a: Ferrothorn\n|-damage|p2a: Ferrothorn|0 fnt\n|faint|p2a: Ferrothorn\n|\n|upkeep\n|\n|t:|1701126719\n|switch|p2a: Rotom|Rotom-Wash, shiny|100\/100\n|turn|9\n|\n|t:|1701126722\n|move|p1a: ONLYGETTINGOLDER|Giga Drain|p2a: Rotom\n|-supereffective|p2a: Rotom\n|-damage|p2a: Rotom|0 fnt\n|-heal|p1a: ONLYGETTINGOLDER|100\/100|[from] drain|[of] p2a: Rotom\n|faint|p2a: Rotom\n|\n|-sideend|p1: NDSNEZ Nami|Reflect\n|upkeep\n|\n|t:|1701126726\n|switch|p2a: Gyarados|Gyarados, F, shiny|100\/100\n|-ability|p2a: Gyarados|Intimidate|boost\n|-unboost|p1a: ONLYGETTINGOLDER|atk|1\n|turn|10\n|\n|t:|1701126732\n|switch|p2a: Talonflame|Talonflame, F, shiny|100\/100\n|move|p1a: ONLYGETTINGOLDER|Giga Drain|p2a: Talonflame\n|-resisted|p2a: Talonflame\n|-damage|p2a: Talonflame|80\/100\n|\n|-damage|p1a: ONLYGETTINGOLDER|88\/100|[from] Leech Seed|[of] p2a: Talonflame\n|-heal|p2a: Talonflame|93\/100|[silent]\n|-sideend|p1: NDSNEZ Nami|move: Light Screen\n|upkeep\n|turn|11\n|\n|t:|1701126742\n|switch|p2a: Clefable|Clefable, F, shiny|100\/100\n|-terastallize|p1a: ONLYGETTINGOLDER|Water\n|move|p1a: ONLYGETTINGOLDER|Tera Blast|p2a: Clefable|[anim] Tera Blast Water\n|-damage|p2a: Clefable|25\/100\n|\n|-heal|p2a: Clefable|31\/100|[from] item: Leftovers\n|-damage|p1a: ONLYGETTINGOLDER|76\/100|[from] Leech Seed|[of] p2a: Clefable\n|-heal|p2a: Clefable|41\/100|[silent]\n|upkeep\n|turn|12\n|\n|t:|1701126753\n|switch|p2a: Talonflame|Talonflame, F, shiny|93\/100\n|move|p1a: ONLYGETTINGOLDER|Giga Drain|p2a: Talonflame\n|-resisted|p2a: Talonflame\n|-damage|p2a: Talonflame|71\/100\n|-heal|p1a: ONLYGETTINGOLDER|87\/100|[from] drain|[of] p2a: Talonflame\n|\n|-damage|p1a: ONLYGETTINGOLDER|74\/100|[from] Leech Seed|[of] p2a: Talonflame\n|-heal|p2a: Talonflame|84\/100|[silent]\n|upkeep\n|turn|13\n|\n|t:|1701126764\n|move|p1a: ONLYGETTINGOLDER|Tera Blast|p2a: Talonflame|[anim] Tera Blast Water\n|-supereffective|p2a: Talonflame\n|-damage|p2a: Talonflame|0 fnt\n|faint|p2a: Talonflame\n|\n|upkeep\n|\n|t:|1701126767\n|switch|p2a: Clefable|Clefable, F, shiny|41\/100\n|turn|14\n|\n|t:|1701126774\n|move|p1a: ONLYGETTINGOLDER|Tera Blast|p2a: Clefable|[anim] Tera Blast Water\n|-crit|p2a: Clefable\n|-damage|p2a: Clefable|0 fnt\n|faint|p2a: Clefable\n|\n|upkeep\n|c|\u2606Alejinhoo|just die\n|c|\u2606Alejinhoo|go die\n|c|\u2606NDSNEZ Nami|what\n|c|\u2606Alejinhoo|quiit life\n|\n|t:|1701126790\n|switch|p2a: Gyarados|Gyarados, F, shiny|100\/100\n|-ability|p2a: Gyarados|Intimidate|boost\n|-unboost|p1a: ONLYGETTINGOLDER|atk|1\n|turn|15\n|\n|t:|1701126818\n|move|p1a: ONLYGETTINGOLDER|Giga Drain|p2a: Gyarados\n|-damage|p2a: Gyarados|45\/100\n|-heal|p1a: ONLYGETTINGOLDER|100\/100|[from] drain|[of] p2a: Gyarados\n|move|p2a: Gyarados|Waterfall|p1a: ONLYGETTINGOLDER\n|-resisted|p1a: ONLYGETTINGOLDER\n|-damage|p1a: ONLYGETTINGOLDER|70\/100\n|\n|-damage|p1a: ONLYGETTINGOLDER|57\/100|[from] Leech Seed|[of] p2a: Gyarados\n|-heal|p2a: Gyarados|57\/100|[silent]\n|upkeep\n|turn|16\n|\n|t:|1701126827\n|move|p1a: ONLYGETTINGOLDER|Giga Drain|p2a: Gyarados\n|-crit|p2a: Gyarados\n|-damage|p2a: Gyarados|0 fnt\n|-heal|p1a: ONLYGETTINGOLDER|88\/100|[from] drain|[of] p2a: Gyarados\n|faint|p2a: Gyarados\n|\n|upkeep\n|\n|t:|1701126829\n|switch|p2a: Garchomp|Garchomp, F, shiny|100\/100\n|turn|17\n|\n|t:|1701126834\n|detailschange|p2a: Garchomp|Garchomp-Mega, F, shiny\n|-mega|p2a: Garchomp|Garchomp|Garchompite\n|move|p1a: ONLYGETTINGOLDER|Tera Blast|p2a: Garchomp|[anim] Tera Blast Water\n|-damage|p2a: Garchomp|9\/100\n|move|p2a: Garchomp|Dragon Claw|p1a: ONLYGETTINGOLDER\n|-damage|p1a: ONLYGETTINGOLDER|7\/100\n|-status|p2a: Garchomp|brn|[from] ability: Flame Body|[of] p1a: ONLYGETTINGOLDER\n|\n|-damage|p1a: ONLYGETTINGOLDER|0 fnt|[from] Leech Seed|[of] p2a: Garchomp\n|-heal|p2a: Garchomp|15\/100 brn|[silent]\n|faint|p1a: ONLYGETTINGOLDER\n|-damage|p2a: Garchomp|9\/100 brn|[from] brn\n|upkeep\n|c|\u2606Alejinhoo|quit life\n|c|\u2606Alejinhoo|go and unalife yourself\n|\n|t:|1701126853\n|switch|p1a: BLACKFLAMEDDEMON|Grimmsnarl, M, shiny|21\/100\n|turn|18\n|\n|t:|1701126858\n|move|p1a: BLACKFLAMEDDEMON|Parting Shot|p2a: Garchomp\n|-unboost|p2a: Garchomp|atk|1\n|-unboost|p2a: Garchomp|spa|1\n|-message|Alejinhoo forfeited.\n|\n|win|NDSNEZ Nami\n|raw|NDSNEZ Nami's rating: 1054 &rarr; <strong>1093<\/strong><br \/>(+39 for winning)\n|raw|Alejinhoo's rating: 1130 &rarr; <strong>1100<\/strong><br \/>(-30 for losing)\n|l|\u2606Alejinhoo\n|c|\u2606NDSNEZ Nami|LOL\n","uploadtime":1701126813,"views":1,"p1id":"ndsneznami","p2id":"alejinhoo","formatid":"gen9nationaldex","rating":1093,"private":0,"password":""}