{"id":"gen9nationaldex-1993316939","p1":"Serena1111\u805a\u6c14\u5384\u9b3c\u692a","p2":"Vedasa","format":"[Gen 9] National Dex","log":"|j|\u2606Serena1111\u805a\u6c14\u5384\u9b3c\u692a\n|j|\u2606Vedasa\n|inactive|Battle timer is ON: inactive players will automatically lose when time's up.\n|t:|1700296913\n|gametype|singles\n|player|p1|Serena1111\u805a\u6c14\u5384\u9b3c\u692a|serena|\n|player|p2|Vedasa|blue|\n|teamsize|p1|6\n|teamsize|p2|6\n|gen|9\n|tier|[Gen 9] National Dex\n|rated|Tournament battle\n|rule|HP Percentage Mod: HP is shown in percentages\n|rule|Endless Battle Clause: Forcing endless battles is banned\n|rule|OHKO Clause: OHKO moves are banned\n|rule|Evasion Clause: Evasion abilities, items, and moves are banned\n|rule|Evasion Abilities Clause: Evasion abilities are banned\n|rule|Evasion Items Clause: Evasion items are banned\n|rule|Evasion Moves Clause: Evasion moves are banned\n|rule|Species Clause: Limit one of each Pok\u00e9mon\n|rule|Sleep Clause Mod: Limit one foe put to sleep\n|clearpoke\n|poke|p1|Chansey, F|\n|poke|p1|Dondozo, F|\n|poke|p1|Ditto|\n|poke|p1|Alomomola, F|\n|poke|p1|Ogerpon-Wellspring, F|\n|poke|p1|Whimsicott, M|\n|poke|p2|Aerodactyl, M|\n|poke|p2|Machamp, M|\n|poke|p2|Alakazam, M|\n|poke|p2|Exeggutor, M|\n|poke|p2|Arcanine, M|\n|poke|p2|Gyarados, M|\n|teampreview\n|inactive|Serena1111\u805a\u6c14\u5384\u9b3c\u692a also wants the timer to be on.\n|j| Loserest Test\n|j| LucksmanDMormon\n|j| walpurgisnuit\n|\n|t:|1700296925\n|start\n|switch|p1a: \u624b \u81c2 \u7ec8 \u7ed3 \u8005|Ogerpon-Wellspring, F|100\/100\n|switch|p2a: Aerodactyl|Aerodactyl, M|100\/100\n|-ability|p2a: Aerodactyl|Unnerve\n|turn|1\n|j| The power of ROCK\n|j| Darkortex\n|\n|t:|1700296932\n|-terastallize|p1a: \u624b \u81c2 \u7ec8 \u7ed3 \u8005|Water\n|detailschange|p1a: \u624b \u81c2 \u7ec8 \u7ed3 \u8005|Ogerpon-Wellspring-Tera, F, tera:Water\n|-ability|p1a: \u624b \u81c2 \u7ec8 \u7ed3 \u8005|Embody Aspect (Wellspring)|boost\n|-boost|p1a: \u624b \u81c2 \u7ec8 \u7ed3 \u8005|spd|1\n|move|p2a: Aerodactyl|Dual Wingbeat|p1a: \u624b \u81c2 \u7ec8 \u7ed3 \u8005\n|-damage|p1a: \u624b \u81c2 \u7ec8 \u7ed3 \u8005|77\/100\n|-damage|p1a: \u624b \u81c2 \u7ec8 \u7ed3 \u8005|54\/100\n|-hitcount|p1a: \u624b \u81c2 \u7ec8 \u7ed3 \u8005|2\n|move|p1a: \u624b \u81c2 \u7ec8 \u7ed3 \u8005|Focus Energy|p1a: \u624b \u81c2 \u7ec8 \u7ed3 \u8005\n|-start|p1a: \u624b \u81c2 \u7ec8 \u7ed3 \u8005|move: Focus Energy\n|\n|upkeep\n|turn|2\n|j| Miku Nakano ily\n|c| The power of ROCK|Gen wunner vs stall\n|j|#Sulo\n|\n|t:|1700296946\n|-zpower|p2a: Aerodactyl\n|move|p2a: Aerodactyl|Continental Crush|p1a: \u624b \u81c2 \u7ec8 \u7ed3 \u8005|[zeffect]\n|-damage|p1a: \u624b \u81c2 \u7ec8 \u7ed3 \u8005|0 fnt\n|faint|p1a: \u624b \u81c2 \u7ec8 \u7ed3 \u8005\n|\n|upkeep\n|\n|t:|1700296954\n|switch|p1a: \u5c0f\u667a\u518d\u4e5f\u4e0d\u7528\u62c5\u5fc3\u6211\u4e0d\u77e5\u9053\u5bf9\u65b9\u62db\u5f0f\u4e86|Ditto|100\/100\n|-transform|p1a: \u5c0f\u667a\u518d\u4e5f\u4e0d\u7528\u62c5\u5fc3\u6211\u4e0d\u77e5\u9053\u5bf9\u65b9\u62db\u5f0f\u4e86|p2a: Aerodactyl|[from] ability: Imposter\n|-ability|p1a: \u5c0f\u667a\u518d\u4e5f\u4e0d\u7528\u62c5\u5fc3\u6211\u4e0d\u77e5\u9053\u5bf9\u65b9\u62db\u5f0f\u4e86|Unnerve\n|turn|3\n|\n|t:|1700296964\n|move|p1a: \u5c0f\u667a\u518d\u4e5f\u4e0d\u7528\u62c5\u5fc3\u6211\u4e0d\u77e5\u9053\u5bf9\u65b9\u62db\u5f0f\u4e86|Stone Edge|p2a: Aerodactyl\n|-supereffective|p2a: Aerodactyl\n|-damage|p2a: Aerodactyl|0 fnt\n|faint|p2a: Aerodactyl\n|\n|upkeep\n|\n|t:|1700296970\n|switch|p2a: Gyarados|Gyarados, M|100\/100\n|-ability|p2a: Gyarados|Intimidate|boost\n|-unboost|p1a: \u5c0f\u667a\u518d\u4e5f\u4e0d\u7528\u62c5\u5fc3\u6211\u4e0d\u77e5\u9053\u5bf9\u65b9\u62db\u5f0f\u4e86|atk|1\n|turn|4\n|j| Potatofromsinnoh\n|\n|t:|1700296976\n|switch|p1a: \u5403\u543c\u9738\u7684\u53cd\u5f3a\u5316\u7269\u8bed|Dondozo, F|100\/100\n|detailschange|p2a: Gyarados|Gyarados-Mega, M\n|-mega|p2a: Gyarados|Gyarados|Gyaradosite\n|-ability|p2a: Gyarados|Mold Breaker\n|move|p2a: Gyarados|Dragon Dance|p2a: Gyarados\n|-boost|p2a: Gyarados|atk|1\n|-boost|p2a: Gyarados|spe|1\n|\n|upkeep\n|turn|5\n|\n|t:|1700296984\n|switch|p2a: Exeggutor|Exeggutor, M|100\/100\n|move|p1a: \u5403\u543c\u9738\u7684\u53cd\u5f3a\u5316\u7269\u8bed|Curse|p1a: \u5403\u543c\u9738\u7684\u53cd\u5f3a\u5316\u7269\u8bed\n|-unboost|p1a: \u5403\u543c\u9738\u7684\u53cd\u5f3a\u5316\u7269\u8bed|spe|1\n|-boost|p1a: \u5403\u543c\u9738\u7684\u53cd\u5f3a\u5316\u7269\u8bed|atk|1\n|-boost|p1a: \u5403\u543c\u9738\u7684\u53cd\u5f3a\u5316\u7269\u8bed|def|1\n|\n|upkeep\n|turn|6\n|c| Potatofromsinnoh|wow turn 3 and there was already a kill\n|\n|t:|1700296988\n|switch|p1a: \u6e05\u6f88\u7684\u53cc\u773c \u53ef\u7231\u7684\u8138\u5e9e|Chansey, F|100\/100\n|move|p2a: Exeggutor|Giga Drain|p1a: \u6e05\u6f88\u7684\u53cc\u773c \u53ef\u7231\u7684\u8138\u5e9e\n|-damage|p1a: \u6e05\u6f88\u7684\u53cc\u773c \u53ef\u7231\u7684\u8138\u5e9e|92\/100\n|\n|upkeep\n|turn|7\n|\n|t:|1700296998\n|switch|p1a: \u810f\u4e1c\u897f|Whimsicott, M|100\/100\n|move|p2a: Exeggutor|Calm Mind|p2a: Exeggutor\n|-boost|p2a: Exeggutor|spa|1\n|-boost|p2a: Exeggutor|spd|1\n|\n|upkeep\n|turn|8\n|\n|t:|1700297006\n|switch|p2a: Arcanine|Arcanine, M|100\/100\n|-ability|p2a: Arcanine|Intimidate|boost\n|-unboost|p1a: \u810f\u4e1c\u897f|atk|1\n|move|p1a: \u810f\u4e1c\u897f|Encore||[still]\n|-fail|p1a: \u810f\u4e1c\u897f\n|\n|upkeep\n|turn|9\n|\n|t:|1700297015\n|switch|p1a: \u4fdd\u59c6\u9c7c|Alomomola, F|100\/100\n|-terastallize|p2a: Arcanine|Fire\n|move|p2a: Arcanine|Burn Up|p1a: \u4fdd\u59c6\u9c7c\n|-resisted|p1a: \u4fdd\u59c6\u9c7c\n|-damage|p1a: \u4fdd\u59c6\u9c7c|30\/100\n|-start|p2a: Arcanine|typechange|Fire|[from] move: Burn Up\n|\n|upkeep\n|turn|10\n|c| The power of ROCK|vedasa i like ur style\n|c| walpurgisnuit|lol\n|c| The power of ROCK|HOLY\n|c| Potatofromsinnoh|real'\n|c|\u2606Vedasa|xD\n|c| Potatofromsinnoh|burn up swag\n|c| Miku Nakano ily|Epic\n|\n|t:|1700297034\n|switch|p2a: Machamp|Machamp, M|100\/100\n|switch|p1a: \u6e05\u6f88\u7684\u53cc\u773c \u53ef\u7231\u7684\u8138\u5e9e|Chansey, F|92\/100\n|\n|upkeep\n|turn|11\n|c| The power of ROCK|that did 70 on a resist\n|c| LucksmanDMormon|Wait does Arcanine keep the fire type after burn up with tera\n|c| Potatofromsinnoh|yes\n|c| The power of ROCK|yes\n|\n|t:|1700297042\n|switch|p1a: \u4fdd\u59c6\u9c7c|Alomomola, F|63\/100\n|move|p2a: Machamp|Dynamic Punch|p1a: \u4fdd\u59c6\u9c7c\n|-crit|p1a: \u4fdd\u59c6\u9c7c\n|-damage|p1a: \u4fdd\u59c6\u9c7c|20\/100\n|-start|p1a: \u4fdd\u59c6\u9c7c|confusion\n|\n|upkeep\n|turn|12\n|c|\u2606Serena1111\u805a\u6c14\u5384\u9b3c\u692a|!dt burnup\n|raw|<ul class=\"utilichart\"><li class=\"result\"><span class=\"col movenamecol\"><a href=\"https:\/\/dex.pokemonshowdown.com\/moves\/burnup\">Burn Up<\/a><\/span> <span class=\"col typecol\"><img src=\"\/\/play.pokemonshowdown.com\/sprites\/types\/Fire.png\" alt=\"Fire\" width=\"32\" height=\"14\"><img src=\"\/\/play.pokemonshowdown.com\/sprites\/categories\/Special.png\" alt=\"Special\" width=\"32\" height=\"14\"><\/span> <span class=\"col labelcol\"><em>Power<\/em><br>130<\/span> <span class=\"col widelabelcol\"><em>Accuracy<\/em><br>100%<\/span> <span class=\"col pplabelcol\"><em>PP<\/em><br>8<\/span> <span class=\"col movedesccol\">User's Fire type becomes typeless; must be Fire.<\/span> <\/li><li style=\"clear:both\"><\/li><\/ul>\n|raw|<font size=\"1\"><font color=\"#686868\">Priority:<\/font> 0&nbsp;|&ThickSpace;<font color=\"#686868\">Gen:<\/font> 7&nbsp;|&ThickSpace;&#10003; Thaws user&nbsp;|&ThickSpace;<font color=\"#686868\">Z-Power:<\/font> 195&nbsp;|&ThickSpace;<font color=\"#686868\">Dynamax Power:<\/font> 140&nbsp;|&ThickSpace;<font color=\"#686868\">Target:<\/font> One Adjacent Pok\u00e9mon<\/font>\n\n|\n|t:|1700297052\n|switch|p1a: \u5403\u543c\u9738\u7684\u53cd\u5f3a\u5316\u7269\u8bed|Dondozo, F|100\/100\n|move|p2a: Machamp|Close Combat|p1a: \u5403\u543c\u9738\u7684\u53cd\u5f3a\u5316\u7269\u8bed\n|-damage|p1a: \u5403\u543c\u9738\u7684\u53cd\u5f3a\u5316\u7269\u8bed|73\/100\n|-unboost|p2a: Machamp|def|1\n|-unboost|p2a: Machamp|spd|1\n|\n|-heal|p1a: \u5403\u543c\u9738\u7684\u53cd\u5f3a\u5316\u7269\u8bed|79\/100|[from] item: Leftovers\n|upkeep\n|turn|13\n|\n|t:|1700297062\n|switch|p2a: Exeggutor|Exeggutor, M|100\/100\n|move|p1a: \u5403\u543c\u9738\u7684\u53cd\u5f3a\u5316\u7269\u8bed|Curse|p1a: \u5403\u543c\u9738\u7684\u53cd\u5f3a\u5316\u7269\u8bed\n|-unboost|p1a: \u5403\u543c\u9738\u7684\u53cd\u5f3a\u5316\u7269\u8bed|spe|1\n|-boost|p1a: \u5403\u543c\u9738\u7684\u53cd\u5f3a\u5316\u7269\u8bed|atk|1\n|-boost|p1a: \u5403\u543c\u9738\u7684\u53cd\u5f3a\u5316\u7269\u8bed|def|1\n|\n|-heal|p1a: \u5403\u543c\u9738\u7684\u53cd\u5f3a\u5316\u7269\u8bed|85\/100|[from] item: Leftovers\n|upkeep\n|turn|14\n|\n|t:|1700297067\n|switch|p1a: \u810f\u4e1c\u897f|Whimsicott, M|100\/100\n|move|p2a: Exeggutor|Giga Drain|p1a: \u810f\u4e1c\u897f\n|-resisted|p1a: \u810f\u4e1c\u897f\n|-damage|p1a: \u810f\u4e1c\u897f|83\/100\n|\n|upkeep\n|turn|15\n|\n|t:|1700297072\n|switch|p2a: Arcanine|Arcanine, M, tera:Fire|100\/100\n|-ability|p2a: Arcanine|Intimidate|boost\n|-unboost|p1a: \u810f\u4e1c\u897f|atk|1\n|move|p1a: \u810f\u4e1c\u897f|Toxic|p2a: Arcanine|[miss]\n|-miss|p1a: \u810f\u4e1c\u897f|p2a: Arcanine\n|\n|upkeep\n|turn|16\n|c| LucksmanDMormon|Wait that's actually huge, that could break the game wide open if Dozo dies\n|\n|t:|1700297084\n|switch|p1a: \u6e05\u6f88\u7684\u53cc\u773c \u53ef\u7231\u7684\u8138\u5e9e|Chansey, F|92\/100\n|move|p2a: Arcanine|Burn Up|p1a: \u6e05\u6f88\u7684\u53cc\u773c \u53ef\u7231\u7684\u8138\u5e9e\n|-damage|p1a: \u6e05\u6f88\u7684\u53cc\u773c \u53ef\u7231\u7684\u8138\u5e9e|59\/100\n|-start|p2a: Arcanine|typechange|Fire|[from] move: Burn Up\n|\n|upkeep\n|turn|17\n|\n|t:|1700297094\n|move|p2a: Arcanine|Burn Up|p1a: \u6e05\u6f88\u7684\u53cc\u773c \u53ef\u7231\u7684\u8138\u5e9e\n|-damage|p1a: \u6e05\u6f88\u7684\u53cc\u773c \u53ef\u7231\u7684\u8138\u5e9e|26\/100\n|-start|p2a: Arcanine|typechange|Fire|[from] move: Burn Up\n|move|p1a: \u6e05\u6f88\u7684\u53cc\u773c \u53ef\u7231\u7684\u8138\u5e9e|Soft-Boiled|p1a: \u6e05\u6f88\u7684\u53cc\u773c \u53ef\u7231\u7684\u8138\u5e9e\n|-heal|p1a: \u6e05\u6f88\u7684\u53cc\u773c \u53ef\u7231\u7684\u8138\u5e9e|76\/100\n|\n|upkeep\n|turn|18\n|c| LucksmanDMormon|Crap it's special\n|\n|t:|1700297101\n|switch|p2a: Machamp|Machamp, M|100\/100\n|move|p1a: \u6e05\u6f88\u7684\u53cc\u773c \u53ef\u7231\u7684\u8138\u5e9e|Seismic Toss|p2a: Machamp\n|-damage|p2a: Machamp|70\/100\n|\n|upkeep\n|turn|19\n|\n|t:|1700297111\n|switch|p1a: \u5403\u543c\u9738\u7684\u53cd\u5f3a\u5316\u7269\u8bed|Dondozo, F|85\/100\n|move|p2a: Machamp|Knock Off|p1a: \u5403\u543c\u9738\u7684\u53cd\u5f3a\u5316\u7269\u8bed\n|-damage|p1a: \u5403\u543c\u9738\u7684\u53cd\u5f3a\u5316\u7269\u8bed|72\/100\n|-enditem|p1a: \u5403\u543c\u9738\u7684\u53cd\u5f3a\u5316\u7269\u8bed|Leftovers|[from] move: Knock Off|[of] p2a: Machamp\n|\n|upkeep\n|turn|20\n|\n|t:|1700297122\n|switch|p2a: Exeggutor|Exeggutor, M|100\/100\n|switch|p1a: \u810f\u4e1c\u897f|Whimsicott, M|83\/100\n|\n|upkeep\n|turn|21\n|\n|t:|1700297127\n|move|p1a: \u810f\u4e1c\u897f|Toxic|p2a: Exeggutor\n|-status|p2a: Exeggutor|tox\n|move|p2a: Exeggutor|Psyshock|p1a: \u810f\u4e1c\u897f\n|-damage|p1a: \u810f\u4e1c\u897f|59\/100\n|\n|-damage|p2a: Exeggutor|94\/100 tox|[from] psn\n|upkeep\n|turn|22\n|\n|t:|1700297138\n|switch|p1a: \u6e05\u6f88\u7684\u53cc\u773c \u53ef\u7231\u7684\u8138\u5e9e|Chansey, F|76\/100\n|move|p2a: Exeggutor|Psyshock|p1a: \u6e05\u6f88\u7684\u53cc\u773c \u53ef\u7231\u7684\u8138\u5e9e\n|-damage|p1a: \u6e05\u6f88\u7684\u53cc\u773c \u53ef\u7231\u7684\u8138\u5e9e|57\/100\n|\n|-damage|p2a: Exeggutor|82\/100 tox|[from] psn\n|upkeep\n|turn|23\n|\n|t:|1700297144\n|move|p2a: Exeggutor|Calm Mind|p2a: Exeggutor\n|-boost|p2a: Exeggutor|spa|1\n|-boost|p2a: Exeggutor|spd|1\n|move|p1a: \u6e05\u6f88\u7684\u53cc\u773c \u53ef\u7231\u7684\u8138\u5e9e|Seismic Toss|p2a: Exeggutor\n|-damage|p2a: Exeggutor|57\/100 tox\n|\n|-damage|p2a: Exeggutor|38\/100 tox|[from] psn\n|upkeep\n|turn|24\n|\n|t:|1700297156\n|move|p2a: Exeggutor|Rest|p2a: Exeggutor\n|-status|p2a: Exeggutor|slp|[from] move: Rest\n|-heal|p2a: Exeggutor|100\/100 slp|[silent]\n|-enditem|p2a: Exeggutor|Chesto Berry|[eat]\n|-curestatus|p2a: Exeggutor|slp|[msg]\n|move|p1a: \u6e05\u6f88\u7684\u53cc\u773c \u53ef\u7231\u7684\u8138\u5e9e|Soft-Boiled|p1a: \u6e05\u6f88\u7684\u53cc\u773c \u53ef\u7231\u7684\u8138\u5e9e\n|-heal|p1a: \u6e05\u6f88\u7684\u53cc\u773c \u53ef\u7231\u7684\u8138\u5e9e|100\/100\n|\n|upkeep\n|turn|25\n|c| walpurgisnuit|oh shit\n|\n|t:|1700297165\n|switch|p1a: \u5c0f\u667a\u518d\u4e5f\u4e0d\u7528\u62c5\u5fc3\u6211\u4e0d\u77e5\u9053\u5bf9\u65b9\u62db\u5f0f\u4e86|Ditto|100\/100\n|-transform|p1a: \u5c0f\u667a\u518d\u4e5f\u4e0d\u7528\u62c5\u5fc3\u6211\u4e0d\u77e5\u9053\u5bf9\u65b9\u62db\u5f0f\u4e86|p2a: Exeggutor|[from] ability: Imposter\n|move|p2a: Exeggutor|Psyshock|p1a: \u5c0f\u667a\u518d\u4e5f\u4e0d\u7528\u62c5\u5fc3\u6211\u4e0d\u77e5\u9053\u5bf9\u65b9\u62db\u5f0f\u4e86\n|-resisted|p1a: \u5c0f\u667a\u518d\u4e5f\u4e0d\u7528\u62c5\u5fc3\u6211\u4e0d\u77e5\u9053\u5bf9\u65b9\u62db\u5f0f\u4e86\n|-damage|p1a: \u5c0f\u667a\u518d\u4e5f\u4e0d\u7528\u62c5\u5fc3\u6211\u4e0d\u77e5\u9053\u5bf9\u65b9\u62db\u5f0f\u4e86|78\/100\n|\n|-item|p2a: Exeggutor|Chesto Berry|[from] ability: Harvest\n|upkeep\n|turn|26\n|\n|t:|1700297179\n|move|p1a: \u5c0f\u667a\u518d\u4e5f\u4e0d\u7528\u62c5\u5fc3\u6211\u4e0d\u77e5\u9053\u5bf9\u65b9\u62db\u5f0f\u4e86|Giga Drain|p2a: Exeggutor\n|-resisted|p2a: Exeggutor\n|-damage|p2a: Exeggutor|84\/100\n|-heal|p1a: \u5c0f\u667a\u518d\u4e5f\u4e0d\u7528\u62c5\u5fc3\u6211\u4e0d\u77e5\u9053\u5bf9\u65b9\u62db\u5f0f\u4e86|89\/100|[from] drain|[of] p2a: Exeggutor\n|move|p2a: Exeggutor|Calm Mind|p2a: Exeggutor\n|-boost|p2a: Exeggutor|spa|1\n|-boost|p2a: Exeggutor|spd|1\n|\n|upkeep\n|turn|27\n|\n|t:|1700297186\n|switch|p1a: \u6e05\u6f88\u7684\u53cc\u773c \u53ef\u7231\u7684\u8138\u5e9e|Chansey, F|100\/100\n|move|p2a: Exeggutor|Psyshock|p1a: \u6e05\u6f88\u7684\u53cc\u773c \u53ef\u7231\u7684\u8138\u5e9e\n|-damage|p1a: \u6e05\u6f88\u7684\u53cc\u773c \u53ef\u7231\u7684\u8138\u5e9e|63\/100\n|\n|upkeep\n|turn|28\n|\n|t:|1700297194\n|move|p2a: Exeggutor|Psyshock|p1a: \u6e05\u6f88\u7684\u53cc\u773c \u53ef\u7231\u7684\u8138\u5e9e\n|-damage|p1a: \u6e05\u6f88\u7684\u53cc\u773c \u53ef\u7231\u7684\u8138\u5e9e|23\/100\n|move|p1a: \u6e05\u6f88\u7684\u53cc\u773c \u53ef\u7231\u7684\u8138\u5e9e|Thunder Wave|p2a: Exeggutor\n|-status|p2a: Exeggutor|par\n|\n|upkeep\n|turn|29\n|c| Potatofromsinnoh|oh shit hell yeah\n|\n|t:|1700297200\n|switch|p1a: \u4fdd\u59c6\u9c7c|Alomomola, F|54\/100\n|move|p2a: Exeggutor|Psyshock|p1a: \u4fdd\u59c6\u9c7c\n|-damage|p1a: \u4fdd\u59c6\u9c7c|23\/100\n|\n|upkeep\n|turn|30\n|\n|t:|1700297207\n|switch|p1a: \u5c0f\u667a\u518d\u4e5f\u4e0d\u7528\u62c5\u5fc3\u6211\u4e0d\u77e5\u9053\u5bf9\u65b9\u62db\u5f0f\u4e86|Ditto|89\/100\n|-transform|p1a: \u5c0f\u667a\u518d\u4e5f\u4e0d\u7528\u62c5\u5fc3\u6211\u4e0d\u77e5\u9053\u5bf9\u65b9\u62db\u5f0f\u4e86|p2a: Exeggutor|[from] ability: Imposter\n|move|p2a: Exeggutor|Rest|p2a: Exeggutor\n|-status|p2a: Exeggutor|slp|[from] move: Rest\n|-heal|p2a: Exeggutor|100\/100 slp|[silent]\n|-enditem|p2a: Exeggutor|Chesto Berry|[eat]\n|-curestatus|p2a: Exeggutor|slp|[msg]\n|\n|upkeep\n|turn|31\n|\n|t:|1700297226\n|move|p1a: \u5c0f\u667a\u518d\u4e5f\u4e0d\u7528\u62c5\u5fc3\u6211\u4e0d\u77e5\u9053\u5bf9\u65b9\u62db\u5f0f\u4e86|Psyshock|p2a: Exeggutor\n|-resisted|p2a: Exeggutor\n|-damage|p2a: Exeggutor|81\/100\n|move|p2a: Exeggutor|Psyshock|p1a: \u5c0f\u667a\u518d\u4e5f\u4e0d\u7528\u62c5\u5fc3\u6211\u4e0d\u77e5\u9053\u5bf9\u65b9\u62db\u5f0f\u4e86\n|-resisted|p1a: \u5c0f\u667a\u518d\u4e5f\u4e0d\u7528\u62c5\u5fc3\u6211\u4e0d\u77e5\u9053\u5bf9\u65b9\u62db\u5f0f\u4e86\n|-damage|p1a: \u5c0f\u667a\u518d\u4e5f\u4e0d\u7528\u62c5\u5fc3\u6211\u4e0d\u77e5\u9053\u5bf9\u65b9\u62db\u5f0f\u4e86|63\/100\n|\n|-item|p2a: Exeggutor|Chesto Berry|[from] ability: Harvest\n|upkeep\n|turn|32\n|c| Potatofromsinnoh|harvest chesto exeggutor is underrated\n|\n|t:|1700297235\n|move|p1a: \u5c0f\u667a\u518d\u4e5f\u4e0d\u7528\u62c5\u5fc3\u6211\u4e0d\u77e5\u9053\u5bf9\u65b9\u62db\u5f0f\u4e86|Psyshock|p2a: Exeggutor\n|-resisted|p2a: Exeggutor\n|-damage|p2a: Exeggutor|58\/100\n|move|p2a: Exeggutor|Psyshock|p1a: \u5c0f\u667a\u518d\u4e5f\u4e0d\u7528\u62c5\u5fc3\u6211\u4e0d\u77e5\u9053\u5bf9\u65b9\u62db\u5f0f\u4e86\n|-resisted|p1a: \u5c0f\u667a\u518d\u4e5f\u4e0d\u7528\u62c5\u5fc3\u6211\u4e0d\u77e5\u9053\u5bf9\u65b9\u62db\u5f0f\u4e86\n|-damage|p1a: \u5c0f\u667a\u518d\u4e5f\u4e0d\u7528\u62c5\u5fc3\u6211\u4e0d\u77e5\u9053\u5bf9\u65b9\u62db\u5f0f\u4e86|36\/100\n|\n|upkeep\n|turn|33\n|c| Potatofromsinnoh|glad someone else saw the vision i did\n|c| LucksmanDMormon|What tier is that btw\n|\n|t:|1700297253\n|switch|p1a: \u4fdd\u59c6\u9c7c|Alomomola, F|57\/100\n|move|p2a: Exeggutor|Psyshock|p1a: \u4fdd\u59c6\u9c7c\n|-damage|p1a: \u4fdd\u59c6\u9c7c|23\/100\n|\n|upkeep\n|turn|34\n|c| Potatofromsinnoh|wdym\n|\n|t:|1700297260\n|move|p1a: \u4fdd\u59c6\u9c7c|Protect|p1a: \u4fdd\u59c6\u9c7c\n|-singleturn|p1a: \u4fdd\u59c6\u9c7c|Protect\n|move|p2a: Exeggutor|Giga Drain|p1a: \u4fdd\u59c6\u9c7c\n|-activate|p1a: \u4fdd\u59c6\u9c7c|move: Protect\n|\n|upkeep\n|turn|35\n|c| Potatofromsinnoh|exeggutor?\n|c| LucksmanDMormon|Yeah\n|\n|t:|1700297269\n|switch|p1a: \u810f\u4e1c\u897f|Whimsicott, M|59\/100\n|move|p2a: Exeggutor|Giga Drain|p1a: \u810f\u4e1c\u897f\n|-resisted|p1a: \u810f\u4e1c\u897f\n|-damage|p1a: \u810f\u4e1c\u897f|20\/100\n|-heal|p2a: Exeggutor|74\/100|[from] drain|[of] p1a: \u810f\u4e1c\u897f\n|\n|upkeep\n|turn|36\n|c| LucksmanDMormon|Gotta be like ZU right\n|c| Potatofromsinnoh|NDRU\n|c| Potatofromsinnoh|but probably\n|j|+mushamu\n|c|\u2606Serena1111\u805a\u6c14\u5384\u9b3c\u692a|im running out of hp\n|c|\u2606Serena1111\u805a\u6c14\u5384\u9b3c\u692a|gg\n|-message|Serena1111\u805a\u6c14\u5384\u9b3c\u692a forfeited.\n|\n|win|Vedasa\n|n|\u2606Serena1111\u805a\u6c14\u5384\u9b3c\u692a|serena1111\n|n|\u2606Vedasa|vedasa\n|n| Loserest Test|loseresttest\n|n| LucksmanDMormon|lucksmandmormon\n|n| walpurgisnuit|walpurgisnuit\n|n| The power of ROCK|thepowerofrock\n|n| Darkortex|darkortex\n|n| Miku Nakano ily|mikunakanoily\n|n|%Sulo|sulo\n|n| Potatofromsinnoh|potatofromsinnoh\n|n|+mushamu|mushamu\n|c|\u2606Vedasa|gg\n|l|+mushamu\n|l|\u2606Serena1111\u805a\u6c14\u5384\u9b3c\u692a\n|c| Potatofromsinnoh|swag\n|l|\u2606Vedasa\n|c| walpurgisnuit|that's crazy\n|l| LucksmanDMormon\n|l| walpurgisnuit\n|j|\u2606Serena1111\u805a\u6c14\u5384\u9b3c\u692a\n|player|p1|Serena1111\u805a\u6c14\u5384\u9b3c\u692a|serena\n|l| Darkortex\n|l| Potatofromsinnoh\n|l|%Sulo\n|l| Miku Nakano ily\n|l|\u2606Serena1111\u805a\u6c14\u5384\u9b3c\u692a\n|player|p1|\n|j|\u2606Serena1111\u805a\u6c14\u5384\u9b3c\u692a\n|player|p1|Serena1111\u805a\u6c14\u5384\u9b3c\u692a|serena\n|l| Loserest Test\n|l| The power of ROCK\n|n| Serena1111TestTeam|serena1111\n","uploadtime":1700298018,"views":8,"p1id":"serena1111","p2id":"vedasa","formatid":"gen9nationaldex","rating":0,"private":0,"password":""}