{"id":"gen9nationaldex-1998725855","p1":"Rankuroi","p2":"uaxjump","format":"[Gen 9] National Dex","log":"|html|<div class=\"broadcast-blue\"><strong>[Gen 9] National Dex is currently suspecting Sneasler! For information on how to participate check out the <a href=\"https:\/\/www.smogon.com\/forums\/threads\/sv-national-dex-suspect-8-just-dance.3731534\/\">suspect thread<\/a>.<\/strong><\/div>\n|j|\u2606Rankuroi\n|j|\u2606uaxjump\n|t:|1700978512\n|gametype|singles\n|player|p1|Rankuroi|erika|1385\n|player|p2|uaxjump|rosa-masters2|1323\n|teamsize|p1|6\n|teamsize|p2|6\n|gen|9\n|tier|[Gen 9] National Dex\n|rated|\n|rule|HP Percentage Mod: HP is shown in percentages\n|rule|Endless Battle Clause: Forcing endless battles is banned\n|rule|OHKO Clause: OHKO moves are banned\n|rule|Evasion Clause: Evasion abilities, items, and moves are banned\n|rule|Evasion Abilities Clause: Evasion abilities are banned\n|rule|Evasion Items Clause: Evasion items are banned\n|rule|Evasion Moves Clause: Evasion moves are banned\n|rule|Species Clause: Limit one of each Pok\u00e9mon\n|rule|Sleep Clause Mod: Limit one foe put to sleep\n|clearpoke\n|poke|p1|Victreebel, M|\n|poke|p1|Torkoal, M|\n|poke|p1|Seaking, M|\n|poke|p1|Octillery, M|\n|poke|p1|Spiritomb, M|\n|poke|p1|Sunflora, M|\n|poke|p2|Dragonite, M|\n|poke|p2|Garchomp, M|\n|poke|p2|Moltres|\n|poke|p2|Iron Valiant|\n|poke|p2|Scizor, F|\n|poke|p2|Alomomola, F|\n|teampreview\n|inactive|Battle timer is ON: inactive players will automatically lose when time's up. (requested by Rankuroi)\n|\n|t:|1700978527\n|start\n|switch|p1a: Sunflora|Sunflora, M, shiny|100\/100\n|switch|p2a: Scizor|Scizor, F|100\/100\n|turn|1\n|\n|t:|1700978534\n|switch|p1a: Octillery|Octillery, M|100\/100\n|move|p2a: Scizor|Curse|p2a: Scizor\n|-unboost|p2a: Scizor|spe|1\n|-boost|p2a: Scizor|atk|1\n|-boost|p2a: Scizor|def|1\n|\n|upkeep\n|turn|2\n|\n|t:|1700978541\n|move|p1a: Octillery|Flamethrower|p2a: Scizor\n|-supereffective|p2a: Scizor\n|-damage|p2a: Scizor|0 fnt\n|faint|p2a: Scizor\n|\n|upkeep\n|\n|t:|1700978547\n|switch|p2a: Alomomola|Alomomola, F|100\/100\n|turn|3\n|\n|t:|1700978551\n|switch|p1a: Sunflora|Sunflora, M, shiny|100\/100\n|move|p2a: Alomomola|Toxic|p1a: Sunflora\n|-status|p1a: Sunflora|tox\n|\n|-damage|p1a: Sunflora|94\/100 tox|[from] psn\n|upkeep\n|turn|4\n|\n|t:|1700978559\n|switch|p2a: Moltres|Moltres|100\/100\n|switch|p1a: Torkoal|Torkoal, M, shiny|100\/100\n|-weather|SunnyDay|[from] ability: Drought|[of] p1a: Torkoal\n|\n|-weather|SunnyDay|[upkeep]\n|upkeep\n|turn|5\n|\n|t:|1700978569\n|switch|p1a: Spiritomb|Spiritomb, M, shiny|100\/100\n|move|p2a: Moltres|Toxic|p1a: Spiritomb\n|-status|p1a: Spiritomb|tox\n|\n|-weather|SunnyDay|[upkeep]\n|-damage|p1a: Spiritomb|94\/100 tox|[from] psn\n|upkeep\n|turn|6\n|\n|t:|1700978578\n|move|p2a: Moltres|Flamethrower|p1a: Spiritomb\n|-damage|p1a: Spiritomb|47\/100 tox\n|move|p1a: Spiritomb|Rock Tomb|p2a: Moltres\n|-supereffective|p2a: Moltres\n|-damage|p2a: Moltres|48\/100\n|-unboost|p2a: Moltres|spe|1\n|\n|-weather|SunnyDay|[upkeep]\n|-damage|p1a: Spiritomb|35\/100 tox|[from] psn\n|upkeep\n|turn|7\n|\n|t:|1700978588\n|switch|p2a: Alomomola|Alomomola, F|100\/100\n|switch|p1a: Sunflora|Sunflora, M, shiny|94\/100 tox\n|\n|-weather|SunnyDay|[upkeep]\n|-damage|p1a: Sunflora|82\/100 tox|[from] ability: Solar Power|[of] p1a: Sunflora\n|-damage|p1a: Sunflora|76\/100 tox|[from] psn\n|upkeep\n|turn|8\n|\n|t:|1700978598\n|move|p2a: Alomomola|Wish|p2a: Alomomola\n|move|p1a: Sunflora|Sludge Bomb|p2a: Alomomola\n|-damage|p2a: Alomomola|50\/100\n|\n|-weather|SunnyDay|[upkeep]\n|-damage|p1a: Sunflora|63\/100 tox|[from] ability: Solar Power|[of] p1a: Sunflora\n|-heal|p2a: Alomomola|57\/100|[from] item: Leftovers\n|-damage|p1a: Sunflora|51\/100 tox|[from] psn\n|upkeep\n|turn|9\n|\n|t:|1700978608\n|switch|p2a: Moltres|Moltres|48\/100\n|move|p1a: Sunflora|Giga Drain|p2a: Moltres\n|-resisted|p2a: Moltres\n|-damage|p2a: Moltres|34\/100\n|-heal|p1a: Sunflora|61\/100 tox|[from] drain|[of] p2a: Moltres\n|\n|-weather|SunnyDay|[upkeep]\n|-damage|p1a: Sunflora|48\/100 tox|[from] ability: Solar Power|[of] p1a: Sunflora\n|-heal|p2a: Moltres|100\/100|[from] move: Wish|[wisher] Alomomola\n|-damage|p1a: Sunflora|30\/100 tox|[from] psn\n|upkeep\n|turn|10\n|\n|t:|1700978620\n|move|p2a: Moltres|U-turn|p1a: Sunflora\n|-supereffective|p1a: Sunflora\n|-damage|p1a: Sunflora|0 fnt\n|faint|p1a: Sunflora\n|\n|t:|1700978628\n|switch|p2a: Dragonite|Dragonite, M|100\/100|[from] U-turn\n|\n|-weather|SunnyDay|[upkeep]\n|upkeep\n|\n|t:|1700978634\n|switch|p1a: Octillery|Octillery, M|100\/100\n|turn|11\n|\n|t:|1700978639\n|move|p2a: Dragonite|Dragon Dance|p2a: Dragonite\n|-boost|p2a: Dragonite|atk|1\n|-boost|p2a: Dragonite|spe|1\n|move|p1a: Octillery|Ice Beam|p2a: Dragonite\n|-supereffective|p2a: Dragonite\n|-damage|p2a: Dragonite|39\/100\n|\n|-weather|none\n|upkeep\n|turn|12\n|\n|t:|1700978647\n|-zpower|p2a: Dragonite\n|move|p2a: Dragonite|Devastating Drake|p1a: Octillery|[zeffect]\n|-damage|p1a: Octillery|0 fnt\n|faint|p1a: Octillery\n|\n|upkeep\n|\n|t:|1700978655\n|switch|p1a: Spiritomb|Spiritomb, M, shiny|35\/100 tox\n|turn|13\n|\n|t:|1700978664\n|-terastallize|p1a: Spiritomb|Fairy\n|move|p2a: Dragonite|Earthquake|p1a: Spiritomb\n|-damage|p1a: Spiritomb|0 fnt\n|faint|p1a: Spiritomb\n|\n|upkeep\n|\n|t:|1700978672\n|switch|p1a: Torkoal|Torkoal, M, shiny|100\/100\n|-weather|SunnyDay|[from] ability: Drought|[of] p1a: Torkoal\n|turn|14\n|\n|t:|1700978678\n|move|p2a: Dragonite|Earthquake|p1a: Torkoal\n|-supereffective|p1a: Torkoal\n|-damage|p1a: Torkoal|9\/100\n|move|p1a: Torkoal|Explosion|p2a: Dragonite\n|-damage|p2a: Dragonite|0 fnt\n|faint|p1a: Torkoal\n|faint|p2a: Dragonite\n|\n|-weather|SunnyDay|[upkeep]\n|upkeep\n|\n|t:|1700978689\n|switch|p2a: Garchomp|Garchomp, M|100\/100\n|switch|p1a: Victreebel|Victreebel, M, shiny|100\/100\n|turn|15\n|\n|t:|1700978698\n|detailschange|p2a: Garchomp|Garchomp-Mega, M\n|-mega|p2a: Garchomp|Garchomp|Garchompite\n|move|p1a: Victreebel|Growth|p1a: Victreebel\n|-boost|p1a: Victreebel|atk|2\n|-boost|p1a: Victreebel|spa|2\n|move|p2a: Garchomp|Swords Dance|p2a: Garchomp\n|-boost|p2a: Garchomp|atk|2\n|\n|-weather|SunnyDay|[upkeep]\n|upkeep\n|turn|16\n|\n|t:|1700978711\n|move|p1a: Victreebel|Giga Drain|p2a: Garchomp\n|-damage|p2a: Garchomp|27\/100\n|move|p2a: Garchomp|Scale Shot|p1a: Victreebel|[miss]\n|-miss|p2a: Garchomp|p1a: Victreebel\n|\n|-weather|SunnyDay|[upkeep]\n|upkeep\n|turn|17\n|\n|t:|1700978726\n|switch|p2a: Moltres|Moltres|100\/100\n|move|p1a: Victreebel|Giga Drain|p2a: Moltres\n|-resisted|p2a: Moltres\n|-damage|p2a: Moltres|83\/100\n|\n|-weather|SunnyDay|[upkeep]\n|upkeep\n|turn|18\n|\n|t:|1700978735\n|move|p1a: Victreebel|Sludge Bomb|p2a: Moltres\n|-damage|p2a: Moltres|0 fnt\n|faint|p2a: Moltres\n|\n|-weather|SunnyDay|[upkeep]\n|upkeep\n|\n|t:|1700978744\n|switch|p2a: Alomomola|Alomomola, F|90\/100\n|turn|19\n|\n|t:|1700978751\n|move|p1a: Victreebel|Giga Drain|p2a: Alomomola\n|-supereffective|p2a: Alomomola\n|-damage|p2a: Alomomola|0 fnt\n|faint|p2a: Alomomola\n|\n|-weather|SunnyDay|[upkeep]\n|upkeep\n|\n|t:|1700978754\n|switch|p2a: Iron Valiant|Iron Valiant|100\/100\n|-enditem|p2a: Iron Valiant|Booster Energy\n|-activate|p2a: Iron Valiant|ability: Quark Drive|[fromitem]\n|-start|p2a: Iron Valiant|quarkdrivespe\n|turn|20\n|\n|t:|1700978767\n|-terastallize|p2a: Iron Valiant|Ghost\n|move|p2a: Iron Valiant|Shadow Ball|p1a: Victreebel\n|-damage|p1a: Victreebel|39\/100\n|move|p1a: Victreebel|Sludge Bomb|p2a: Iron Valiant\n|-resisted|p2a: Iron Valiant\n|-crit|p2a: Iron Valiant\n|-damage|p2a: Iron Valiant|0 fnt\n|faint|p2a: Iron Valiant\n|-end|p2a: Iron Valiant|Quark Drive|[silent]\n|\n|-weather|SunnyDay|[upkeep]\n|upkeep\n|\n|t:|1700978774\n|switch|p2a: Garchomp|Garchomp-Mega, M|27\/100\n|turn|21\n|\n|t:|1700978780\n|move|p1a: Victreebel|Giga Drain|p2a: Garchomp\n|-damage|p2a: Garchomp|0 fnt\n|-heal|p1a: Victreebel|54\/100|[from] drain|[of] p2a: Garchomp\n|faint|p2a: Garchomp\n|\n|win|Rankuroi\n|raw|Rankuroi's rating: 1385 &rarr; <strong>1401<\/strong><br \/>(+16 for winning)\n|raw|uaxjump's rating: 1323 &rarr; <strong>1307<\/strong><br \/>(-16 for losing)\n|l|\u2606uaxjump\n|c|\u2606Rankuroi|Gg\n","uploadtime":1700978801,"views":5,"p1id":"rankuroi","p2id":"uaxjump","formatid":"gen9nationaldex","rating":1307,"private":0,"password":""}