{"id":"gen9nationaldex-1996923625","p1":"shenqi_awa","p2":"jujibalaoshi001","format":"[Gen 9] National Dex","log":"|html|<div class=\"broadcast-blue\"><strong>[Gen 9] National Dex is currently suspecting Sneasler! For information on how to participate check out the <a href=\"https:\/\/www.smogon.com\/forums\/threads\/sv-national-dex-suspect-8-just-dance.3731534\/\">suspect thread<\/a>.<\/strong><\/div>\n|j|\u2606shenqi_awa\n|j|\u2606jujibalaoshi001\n|t:|1700745392\n|gametype|singles\n|player|p1|shenqi_awa|ghetsis|1448\n|player|p2|jujibalaoshi001|hexmaniac-gen6|1538\n|teamsize|p1|6\n|teamsize|p2|6\n|gen|9\n|tier|[Gen 9] National Dex\n|rated|\n|rule|HP Percentage Mod: HP is shown in percentages\n|rule|Endless Battle Clause: Forcing endless battles is banned\n|rule|OHKO Clause: OHKO moves are banned\n|rule|Evasion Clause: Evasion abilities, items, and moves are banned\n|rule|Evasion Abilities Clause: Evasion abilities are banned\n|rule|Evasion Items Clause: Evasion items are banned\n|rule|Evasion Moves Clause: Evasion moves are banned\n|rule|Species Clause: Limit one of each Pok\u00e9mon\n|rule|Sleep Clause Mod: Limit one foe put to sleep\n|clearpoke\n|poke|p1|Torkoal, M|\n|poke|p1|Dondozo, F|\n|poke|p1|Kartana|\n|poke|p1|Landorus-Therian, M|\n|poke|p1|Typhlosion, F|\n|poke|p1|Lapras, M|\n|poke|p2|Tapu Lele|\n|poke|p2|Alakazam, F|\n|poke|p2|Polteageist-Antique|\n|poke|p2|Hatterene, F|\n|poke|p2|Hoopa-Unbound|\n|poke|p2|Sneasler, F|\n|teampreview\n|\n|t:|1700745410\n|start\n|switch|p1a: Kartana|Kartana|100\/100\n|switch|p2a: Tapu Lele|Tapu Lele|100\/100\n|-fieldstart|move: Psychic Terrain|[from] ability: Psychic Surge|[of] p2a: Tapu Lele\n|turn|1\n|\n|t:|1700745432\n|switch|p1a: Landorus|Landorus-Therian, M|100\/100\n|-ability|p1a: Landorus|Intimidate|boost\n|-unboost|p2a: Tapu Lele|atk|1\n|switch|p2a: Polteageist|Polteageist-Antique|100\/100\n|\n|upkeep\n|turn|2\n|\n|t:|1700745438\n|move|p2a: Polteageist|Shell Smash|p2a: Polteageist\n|-unboost|p2a: Polteageist|def|1\n|-unboost|p2a: Polteageist|spd|1\n|-boost|p2a: Polteageist|atk|2\n|-boost|p2a: Polteageist|spa|2\n|-boost|p2a: Polteageist|spe|2\n|-zpower|p1a: Landorus\n|move|p1a: Landorus|Supersonic Skystrike|p2a: Polteageist|[zeffect]\n|-enditem|p2a: Polteageist|Focus Sash\n|-damage|p2a: Polteageist|1\/100\n|-ability|p2a: Polteageist|Weak Armor|boost\n|-unboost|p2a: Polteageist|def|1\n|-boost|p2a: Polteageist|spe|2\n|\n|upkeep\n|turn|3\n|\n|t:|1700745447\n|move|p2a: Polteageist|Stored Power|p1a: Landorus\n|-damage|p1a: Landorus|0 fnt\n|faint|p1a: Landorus\n|\n|upkeep\n|\n|t:|1700745453\n|switch|p1a: Lapras|Lapras, M, shiny|100\/100\n|turn|4\n|\n|t:|1700745458\n|move|p2a: Polteageist|Stored Power|p1a: Lapras\n|-damage|p1a: Lapras|8\/100\n|move|p1a: Lapras|Freeze-Dry|p2a: Polteageist\n|-damage|p2a: Polteageist|0 fnt\n|faint|p2a: Polteageist\n|\n|-heal|p1a: Lapras|14\/100|[from] item: Leftovers\n|upkeep\n|c|\u2606jujibalaoshi001|\u8fd9\u4e48\u6709\u5b9e\u529b\u7684\u5417\n|\n|t:|1700745484\n|switch|p2a: Sneasler|Sneasler, F|100\/100\n|-enditem|p2a: Sneasler|Psychic Seed\n|-boost|p2a: Sneasler|spd|1|[from] item: Psychic Seed\n|turn|5\n|\n|t:|1700745491\n|move|p2a: Sneasler|Dire Claw|p1a: Lapras\n|-damage|p1a: Lapras|0 fnt\n|faint|p1a: Lapras\n|\n|upkeep\n|\n|t:|1700745495\n|switch|p1a: \u5929\u707e|Torkoal, M|100\/100\n|-weather|SunnyDay|[from] ability: Drought|[of] p1a: \u5929\u707e\n|turn|6\n|\n|t:|1700745506\n|move|p2a: Sneasler|Dire Claw|p1a: \u5929\u707e\n|-damage|p1a: \u5929\u707e|73\/100\n|move|p1a: \u5929\u707e|Will-O-Wisp|p2a: Sneasler\n|-status|p2a: Sneasler|brn\n|\n|-weather|SunnyDay|[upkeep]\n|-damage|p2a: Sneasler|95\/100 brn|[from] brn\n|upkeep\n|turn|7\n|\n|t:|1700745517\n|switch|p2a: Hatterene|Hatterene, F|100\/100\n|move|p1a: \u5929\u707e|Flamethrower|p2a: Hatterene\n|-damage|p2a: Hatterene|61\/100\n|\n|-weather|SunnyDay|[upkeep]\n|-heal|p2a: Hatterene|67\/100|[from] item: Leftovers\n|upkeep\n|turn|8\n|\n|t:|1700745524\n|switch|p1a: Typhlosion|Typhlosion, F|100\/100\n|move|p2a: Hatterene|Calm Mind|p2a: Hatterene\n|-boost|p2a: Hatterene|spa|1\n|-boost|p2a: Hatterene|spd|1\n|\n|-weather|SunnyDay|[upkeep]\n|-heal|p2a: Hatterene|73\/100|[from] item: Leftovers\n|-fieldend|move: Psychic Terrain\n|upkeep\n|turn|9\n|\n|t:|1700745543\n|-terastallize|p2a: Hatterene|Water\n|move|p1a: Typhlosion|Eruption|p2a: Hatterene\n|-resisted|p2a: Hatterene\n|-damage|p2a: Hatterene|38\/100\n|move|p2a: Hatterene|Calm Mind|p2a: Hatterene\n|-boost|p2a: Hatterene|spa|1\n|-boost|p2a: Hatterene|spd|1\n|\n|-weather|SunnyDay|[upkeep]\n|-heal|p2a: Hatterene|44\/100|[from] item: Leftovers\n|upkeep\n|turn|10\n|\n|t:|1700745555\n|-terastallize|p1a: Typhlosion|Fire\n|move|p1a: Typhlosion|Eruption|p2a: Hatterene\n|-resisted|p2a: Hatterene\n|-damage|p2a: Hatterene|6\/100\n|move|p2a: Hatterene|Psyshock|p1a: Typhlosion\n|-damage|p1a: Typhlosion|8\/100\n|\n|-weather|SunnyDay|[upkeep]\n|-heal|p2a: Hatterene|12\/100|[from] item: Leftovers\n|upkeep\n|turn|11\n|\n|t:|1700745569\n|switch|p2a: Sneasler|Sneasler, F|95\/100 brn\n|move|p1a: Typhlosion|Eruption|p2a: Sneasler\n|-damage|p2a: Sneasler|81\/100 brn\n|\n|-weather|SunnyDay|[upkeep]\n|-damage|p2a: Sneasler|75\/100 brn|[from] brn\n|upkeep\n|turn|12\n|\n|t:|1700745578\n|switch|p1a: Kartana|Kartana|100\/100\n|move|p2a: Sneasler|Swords Dance|p2a: Sneasler\n|-boost|p2a: Sneasler|atk|2\n|\n|-weather|SunnyDay|[upkeep]\n|-damage|p2a: Sneasler|69\/100 brn|[from] brn\n|upkeep\n|turn|13\n|\n|t:|1700745588\n|move|p1a: Kartana|Smart Strike|p2a: Sneasler\n|-damage|p2a: Sneasler|0 fnt\n|faint|p2a: Sneasler\n|-ability|p1a: Kartana|Beast Boost|boost\n|-boost|p1a: Kartana|atk|1\n|\n|-weather|none\n|upkeep\n|\n|t:|1700745609\n|switch|p2a: Hoopa|Hoopa-Unbound|100\/100\n|turn|14\n|\n|t:|1700745626\n|switch|p1a: \u6c5f\u4e1c\u94c1\u58c1|Dondozo, F, shiny|100\/100\n|move|p2a: Hoopa|Destiny Bond|p2a: Hoopa\n|-singlemove|p2a: Hoopa|Destiny Bond\n|\n|upkeep\n|turn|15\n|\n|t:|1700745633\n|move|p2a: Hoopa|Gunk Shot|p1a: \u6c5f\u4e1c\u94c1\u58c1\n|-damage|p1a: \u6c5f\u4e1c\u94c1\u58c1|75\/100\n|move|p1a: \u6c5f\u4e1c\u94c1\u58c1|Wave Crash|p2a: Hoopa\n|-damage|p2a: Hoopa|25\/100\n|-damage|p1a: \u6c5f\u4e1c\u94c1\u58c1|60\/100|[from] Recoil\n|\n|upkeep\n|turn|16\n|\n|t:|1700745642\n|move|p2a: Hoopa|Destiny Bond|p2a: Hoopa\n|-singlemove|p2a: Hoopa|Destiny Bond\n|move|p1a: \u6c5f\u4e1c\u94c1\u58c1|Wave Crash|p2a: Hoopa\n|-damage|p2a: Hoopa|0 fnt\n|faint|p2a: Hoopa\n|-activate|p2a: Hoopa|move: Destiny Bond\n|faint|p1a: \u6c5f\u4e1c\u94c1\u58c1\n|\n|upkeep\n|\n|t:|1700745648\n|switch|p2a: Tapu Lele|Tapu Lele|100\/100\n|switch|p1a: \u5929\u707e|Torkoal, M|73\/100\n|-fieldstart|move: Psychic Terrain|[from] ability: Psychic Surge|[of] p2a: Tapu Lele\n|-weather|SunnyDay|[from] ability: Drought|[of] p1a: \u5929\u707e\n|turn|17\n|\n|t:|1700745659\n|move|p2a: Tapu Lele|Psychic|p1a: \u5929\u707e\n|-damage|p1a: \u5929\u707e|0 fnt\n|faint|p1a: \u5929\u707e\n|\n|-weather|SunnyDay|[upkeep]\n|upkeep\n|\n|t:|1700745662\n|switch|p1a: Typhlosion|Typhlosion, F, tera:Fire|8\/100\n|turn|18\n|\n|t:|1700745667\n|move|p1a: Typhlosion|Flamethrower|p2a: Tapu Lele\n|-damage|p2a: Tapu Lele|6\/100\n|move|p2a: Tapu Lele|Psychic|p1a: Typhlosion\n|-damage|p1a: Typhlosion|0 fnt\n|faint|p1a: Typhlosion\n|\n|-weather|SunnyDay|[upkeep]\n|upkeep\n|\n|t:|1700745670\n|switch|p1a: Kartana|Kartana|100\/100\n|turn|19\n|\n|t:|1700745679\n|move|p1a: Kartana|Smart Strike|p2a: Tapu Lele\n|-supereffective|p2a: Tapu Lele\n|-damage|p2a: Tapu Lele|0 fnt\n|faint|p2a: Tapu Lele\n|-ability|p1a: Kartana|Beast Boost|boost\n|-boost|p1a: Kartana|atk|1\n|\n|-weather|SunnyDay|[upkeep]\n|upkeep\n|\n|t:|1700745682\n|switch|p2a: Alakazam|Alakazam, F|100\/100\n|turn|20\n|\n|t:|1700745688\n|move|p1a: Kartana|Smart Strike|p2a: Alakazam\n|-enditem|p2a: Alakazam|Focus Sash\n|-damage|p2a: Alakazam|1\/100\n|move|p2a: Alakazam|Expanding Force|p1a: Kartana\n|-resisted|p1a: Kartana\n|-damage|p1a: Kartana|0 fnt\n|faint|p1a: Kartana\n|\n|win|jujibalaoshi001\n|raw|shenqi_awa's rating: 1448 &rarr; <strong>1433<\/strong><br \/>(-15 for losing)\n|raw|jujibalaoshi001's rating: 1538 &rarr; <strong>1553<\/strong><br \/>(+15 for winning)\n|l|\u2606shenqi_awa\n","uploadtime":1700745699,"views":0,"p1id":"shenqiawa","p2id":"jujibalaoshi001","formatid":"gen9nationaldex","rating":1433,"private":0,"password":""}