{"id":"gen9nationaldex-1988311827","p1":"holmesxu","p2":"biezouhaoma","format":"[Gen 9] National Dex","log":"|j|\u2606holmesxu\n|j|\u203dbiezouhaoma\n|t:|1699706570\n|gametype|singles\n|player|p1|holmesxu|unknown|1738\n|player|p2|biezouhaoma|bugcatcher-gen4dp|1823\n|teamsize|p1|6\n|teamsize|p2|6\n|gen|9\n|tier|[Gen 9] National Dex\n|rated|\n|rule|HP Percentage Mod: HP is shown in percentages\n|rule|Endless Battle Clause: Forcing endless battles is banned\n|rule|OHKO Clause: OHKO moves are banned\n|rule|Evasion Clause: Evasion abilities, items, and moves are banned\n|rule|Evasion Abilities Clause: Evasion abilities are banned\n|rule|Evasion Items Clause: Evasion items are banned\n|rule|Evasion Moves Clause: Evasion moves are banned\n|rule|Species Clause: Limit one of each Pok\u00e9mon\n|rule|Sleep Clause Mod: Limit one foe put to sleep\n|clearpoke\n|poke|p1|Greninja-*, M|\n|poke|p1|Swampert, M|\n|poke|p1|Pelipper, M|\n|poke|p1|Ferrothorn, M|\n|poke|p1|Tapu Lele|\n|poke|p1|Zapdos|\n|poke|p2|Pelipper, M|\n|poke|p2|Barraskewda, M|\n|poke|p2|Garganacl, M|\n|poke|p2|Scizor, F|\n|poke|p2|Volcanion|\n|poke|p2|Iron Treads|\n|teampreview\n|inactive|Battle timer is ON: inactive players will automatically lose when time's up. (requested by biezouhaoma)\n|j| Tguutt\n|inactive|holmesxu has 120 seconds left.\n|\n|t:|1699706611\n|start\n|switch|p1a: Tapu Lele|Tapu Lele, shiny|100\/100\n|switch|p2a: Volcanion|Volcanion|100\/100\n|-fieldstart|move: Psychic Terrain|[from] ability: Psychic Surge|[of] p1a: Tapu Lele\n|turn|1\n|\n|t:|1699706615\n|switch|p2a: Scizor|Scizor, F|100\/100\n|move|p1a: Tapu Lele|Psychic|p2a: Scizor\n|-resisted|p2a: Scizor\n|-damage|p2a: Scizor|74\/100\n|-unboost|p2a: Scizor|spd|1\n|\n|upkeep\n|turn|2\n|\n|t:|1699706619\n|detailschange|p2a: Scizor|Scizor-Mega, F\n|-mega|p2a: Scizor|Scizor|Scizorite\n|move|p1a: Tapu Lele|Hidden Power|p2a: Scizor\n|-supereffective|p2a: Scizor\n|-damage|p2a: Scizor|0 fnt\n|faint|p2a: Scizor\n|\n|upkeep\n|\n|t:|1699706626\n|switch|p2a: Barraskewda|Barraskewda, M|100\/100\n|turn|3\n|\n|t:|1699706632\n|move|p2a: Barraskewda|Flip Turn|p1a: Tapu Lele\n|-damage|p1a: Tapu Lele|20\/100\n|\n|t:|1699706635\n|switch|p2a: Iron Treads|Iron Treads|100\/100|[from] Flip Turn\n|move|p1a: Tapu Lele|Psychic|p2a: Iron Treads\n|-resisted|p2a: Iron Treads\n|-damage|p2a: Iron Treads|60\/100\n|\n|upkeep\n|turn|4\n|\n|t:|1699706649\n|switch|p1a: Ferrothorn|Ferrothorn, M|100\/100\n|move|p2a: Iron Treads|Stealth Rock|p1a: Ferrothorn\n|-sidestart|p1: holmesxu|move: Stealth Rock\n|\n|upkeep\n|turn|5\n|\n|t:|1699706654\n|-end|p2a: Iron Treads|Quark Drive|[silent]\n|switch|p2a: Volcanion|Volcanion|100\/100\n|move|p1a: Ferrothorn|Stealth Rock|p2a: Volcanion\n|-sidestart|p2: biezouhaoma|move: Stealth Rock\n|\n|-fieldend|move: Psychic Terrain\n|upkeep\n|turn|6\n|\n|t:|1699706660\n|move|p2a: Volcanion|Steam Eruption|p1a: Ferrothorn\n|-resisted|p1a: Ferrothorn\n|-damage|p1a: Ferrothorn|59\/100\n|move|p1a: Ferrothorn|Leech Seed|p2a: Volcanion\n|-start|p2a: Volcanion|move: Leech Seed\n|\n|-heal|p1a: Ferrothorn|66\/100|[from] item: Leftovers\n|-damage|p2a: Volcanion|88\/100|[from] Leech Seed|[of] p1a: Ferrothorn\n|-heal|p1a: Ferrothorn|76\/100|[silent]\n|upkeep\n|turn|7\n|\n|t:|1699706667\n|switch|p2a: Iron Treads|Iron Treads|60\/100\n|-damage|p2a: Iron Treads|57\/100|[from] Stealth Rock\n|switch|p1a: Pelipper|Pelipper, M|100\/100\n|-damage|p1a: Pelipper|76\/100|[from] Stealth Rock\n|-weather|RainDance|[from] ability: Drizzle|[of] p1a: Pelipper\n|\n|-weather|RainDance|[upkeep]\n|upkeep\n|turn|8\n|\n|t:|1699706672\n|move|p2a: Iron Treads|Rapid Spin|p1a: Pelipper\n|-damage|p1a: Pelipper|65\/100\n|-boost|p2a: Iron Treads|spe|1\n|-sideend|p2: biezouhaoma|Stealth Rock|[from] move: Rapid Spin|[of] p2a: Iron Treads\n|move|p1a: Pelipper|Scald|p2a: Iron Treads\n|-supereffective|p2a: Iron Treads\n|-damage|p2a: Iron Treads|0 fnt\n|faint|p2a: Iron Treads\n|-end|p2a: Iron Treads|Quark Drive|[silent]\n|\n|-weather|RainDance|[upkeep]\n|upkeep\n|\n|t:|1699706675\n|switch|p2a: Volcanion|Volcanion|88\/100\n|turn|9\n|\n|t:|1699706679\n|-terastallize|p2a: Volcanion|Water\n|move|p2a: Volcanion|Steam Eruption|p1a: Pelipper\n|-resisted|p1a: Pelipper\n|-damage|p1a: Pelipper|0 fnt\n|faint|p1a: Pelipper\n|\n|-weather|RainDance|[upkeep]\n|upkeep\n|\n|t:|1699706683\n|switch|p1a: Zapdos|Zapdos|100\/100\n|turn|10\n|\n|t:|1699706686\n|switch|p2a: Garganacl|Garganacl, M|100\/100\n|move|p1a: Zapdos|Thunder|p2a: Garganacl\n|-damage|p2a: Garganacl|68\/100\n|\n|-weather|RainDance|[upkeep]\n|-heal|p2a: Garganacl|74\/100|[from] item: Leftovers\n|upkeep\n|turn|11\n|\n|t:|1699706689\n|move|p1a: Zapdos|Volt Switch|p2a: Garganacl\n|-damage|p2a: Garganacl|52\/100\n|\n|t:|1699706693\n|switch|p1a: Swampert|Swampert, M|100\/100|[from] Volt Switch\n|-damage|p1a: Swampert|94\/100|[from] Stealth Rock\n|move|p2a: Garganacl|Salt Cure|p1a: Swampert\n|-resisted|p1a: Swampert\n|-damage|p1a: Swampert|87\/100\n|-start|p1a: Swampert|Salt Cure\n|\n|-weather|RainDance|[upkeep]\n|-heal|p2a: Garganacl|58\/100|[from] item: Leftovers\n|-damage|p1a: Swampert|62\/100|[from] Salt Cure\n|upkeep\n|turn|12\n|\n|t:|1699706698\n|detailschange|p1a: Swampert|Swampert-Mega, M\n|-mega|p1a: Swampert|Swampert|Swampertite\n|move|p2a: Garganacl|Protect|p2a: Garganacl\n|-singleturn|p2a: Garganacl|Protect\n|move|p1a: Swampert|Earthquake|p2a: Garganacl\n|-activate|p2a: Garganacl|move: Protect\n|\n|-weather|RainDance|[upkeep]\n|-heal|p2a: Garganacl|64\/100|[from] item: Leftovers\n|-damage|p1a: Swampert|37\/100|[from] Salt Cure\n|upkeep\n|turn|13\n|\n|t:|1699706705\n|switch|p2a: Pelipper|Pelipper, M|100\/100\n|move|p1a: Swampert|Earthquake|p2a: Pelipper\n|-immune|p2a: Pelipper\n|\n|-weather|RainDance|[upkeep]\n|-damage|p1a: Swampert|12\/100|[from] Salt Cure\n|upkeep\n|turn|14\n|\n|t:|1699706709\n|move|p1a: Swampert|Flip Turn|p2a: Pelipper\n|-resisted|p2a: Pelipper\n|-damage|p2a: Pelipper|82\/100\n|\n|t:|1699706714\n|switch|p1a: Zapdos|Zapdos|100\/100|[from] Flip Turn\n|move|p2a: Pelipper|U-turn|p1a: Zapdos\n|-resisted|p1a: Zapdos\n|-damage|p1a: Zapdos|96\/100\n|\n|t:|1699706719\n|switch|p2a: Garganacl|Garganacl, M|64\/100|[from] U-turn\n|\n|-weather|none\n|-heal|p2a: Garganacl|71\/100|[from] item: Leftovers\n|upkeep\n|turn|15\n|\n|t:|1699706724\n|move|p1a: Zapdos|Volt Switch|p2a: Garganacl\n|-damage|p2a: Garganacl|48\/100\n|\n|t:|1699706727\n|switch|p1a: Swampert|Swampert-Mega, M|12\/100|[from] Volt Switch\n|-damage|p1a: Swampert|6\/100|[from] Stealth Rock\n|move|p2a: Garganacl|Salt Cure|p1a: Swampert\n|-resisted|p1a: Swampert\n|-damage|p1a: Swampert|0 fnt\n|faint|p1a: Swampert\n|\n|-heal|p2a: Garganacl|54\/100|[from] item: Leftovers\n|upkeep\n|\n|t:|1699706731\n|switch|p1a: Greninja|Greninja, M|100\/100\n|-damage|p1a: Greninja|88\/100|[from] Stealth Rock\n|turn|16\n|\n|t:|1699706736\n|move|p2a: Garganacl|Protect|p2a: Garganacl\n|-singleturn|p2a: Garganacl|Protect\n|move|p1a: Greninja|Grass Knot|p2a: Garganacl\n|-activate|p2a: Garganacl|move: Protect\n|\n|-heal|p2a: Garganacl|60\/100|[from] item: Leftovers\n|upkeep\n|turn|17\n|\n|t:|1699706743\n|switch|p2a: Pelipper|Pelipper, M|82\/100\n|-weather|RainDance|[from] ability: Drizzle|[of] p2a: Pelipper\n|move|p1a: Greninja|Grass Knot|p2a: Pelipper\n|-damage|p2a: Pelipper|50\/100\n|-damage|p1a: Greninja|78\/100|[from] item: Life Orb\n|\n|-weather|RainDance|[upkeep]\n|upkeep\n|turn|18\n|\n|t:|1699706747\n|move|p1a: Greninja|Dark Pulse|p2a: Pelipper\n|-damage|p2a: Pelipper|0 fnt\n|faint|p2a: Pelipper\n|-ability|p1a: Greninja|Battle Bond|boost\n|-boost|p1a: Greninja|atk|1\n|-boost|p1a: Greninja|spa|1\n|-boost|p1a: Greninja|spe|1\n|-activate|p1a: Greninja|ability: Battle Bond\n|-damage|p1a: Greninja|69\/100|[from] item: Life Orb\n|\n|-weather|RainDance|[upkeep]\n|upkeep\n|\n|t:|1699706750\n|switch|p2a: Barraskewda|Barraskewda, M|100\/100\n|turn|19\n|\n|t:|1699706756\n|-terastallize|p1a: Greninja|Water\n|move|p1a: Greninja|Water Shuriken|p2a: Barraskewda\n|-resisted|p2a: Barraskewda\n|-damage|p2a: Barraskewda|70\/100\n|-resisted|p2a: Barraskewda\n|-damage|p2a: Barraskewda|39\/100\n|-hitcount|p2a: Barraskewda|2\n|-damage|p1a: Greninja|59\/100|[from] item: Life Orb\n|move|p2a: Barraskewda|Liquidation|p1a: Greninja\n|-resisted|p1a: Greninja\n|-damage|p1a: Greninja|0 fnt\n|faint|p1a: Greninja\n|\n|-weather|RainDance|[upkeep]\n|upkeep\n|\n|t:|1699706765\n|switch|p1a: Ferrothorn|Ferrothorn, M|76\/100\n|-damage|p1a: Ferrothorn|70\/100|[from] Stealth Rock\n|turn|20\n|\n|t:|1699706769\n|switch|p2a: Volcanion|Volcanion, tera:Water|88\/100\n|move|p1a: Ferrothorn|Leech Seed|p2a: Volcanion\n|-start|p2a: Volcanion|move: Leech Seed\n|\n|-weather|RainDance|[upkeep]\n|-heal|p1a: Ferrothorn|76\/100|[from] item: Leftovers\n|-damage|p2a: Volcanion|76\/100|[from] Leech Seed|[of] p1a: Ferrothorn\n|-heal|p1a: Ferrothorn|87\/100|[silent]\n|upkeep\n|turn|21\n|\n|t:|1699706777\n|switch|p1a: Zapdos|Zapdos|96\/100\n|move|p2a: Volcanion|Steam Eruption|p1a: Zapdos\n|-damage|p1a: Zapdos|0 fnt\n|faint|p1a: Zapdos\n|\n|-weather|RainDance|[upkeep]\n|upkeep\n|\n|t:|1699706785\n|switch|p1a: Tapu Lele|Tapu Lele, shiny|20\/100\n|-damage|p1a: Tapu Lele|8\/100|[from] Stealth Rock\n|-fieldstart|move: Psychic Terrain|[from] ability: Psychic Surge|[of] p1a: Tapu Lele\n|turn|22\n|\n|t:|1699706788\n|switch|p2a: Garganacl|Garganacl, M|60\/100\n|move|p1a: Tapu Lele|Psychic|p2a: Garganacl\n|-damage|p2a: Garganacl|22\/100\n|\n|-weather|RainDance|[upkeep]\n|-heal|p2a: Garganacl|28\/100|[from] item: Leftovers\n|upkeep\n|turn|23\n|\n|t:|1699706792\n|move|p1a: Tapu Lele|Psychic|p2a: Garganacl\n|-damage|p2a: Garganacl|0 fnt\n|faint|p2a: Garganacl\n|\n|-weather|RainDance|[upkeep]\n|upkeep\n|\n|t:|1699706796\n|switch|p2a: Barraskewda|Barraskewda, M|39\/100\n|turn|24\n|\n|t:|1699706800\n|move|p2a: Barraskewda|Flip Turn|p1a: Tapu Lele\n|-damage|p1a: Tapu Lele|0 fnt\n|faint|p1a: Tapu Lele\n|\n|t:|1699706803\n|switch|p2a: Volcanion|Volcanion, tera:Water|76\/100|[from] Flip Turn\n|\n|-weather|none\n|upkeep\n|\n|t:|1699706805\n|switch|p1a: Ferrothorn|Ferrothorn, M|87\/100\n|-damage|p1a: Ferrothorn|80\/100|[from] Stealth Rock\n|turn|25\n|\n|t:|1699706807\n|move|p2a: Volcanion|Overheat|p1a: Ferrothorn\n|-supereffective|p1a: Ferrothorn\n|-damage|p1a: Ferrothorn|0 fnt\n|-unboost|p2a: Volcanion|spa|2\n|faint|p1a: Ferrothorn\n|\n|win|biezouhaoma\n|raw|holmesxu's rating: 1738 &rarr; <strong>1723<\/strong><br \/>(-15 for losing)\n|raw|biezouhaoma's rating: 1823 &rarr; <strong>1838<\/strong><br \/>(+15 for winning)\n|l|\u2606holmesxu\n","uploadtime":1699706820,"views":35,"p1id":"holmesxu","p2id":"biezouhaoma","formatid":"gen9nationaldex","rating":1723,"private":0,"password":""}