{"id":"gen9nationaldex-1993102304","p1":"gangsternutty","p2":"jgjvg","format":"[Gen 9] National Dex","log":"|j|\u2606gangsternutty\n|j|\u2606jgjvg\n|t:|1700265000\n|gametype|singles\n|player|p1|gangsternutty|pokekid|1114\n|player|p2|jgjvg|veteran|1069\n|teamsize|p1|6\n|teamsize|p2|6\n|gen|9\n|tier|[Gen 9] National Dex\n|rated|\n|rule|HP Percentage Mod: HP is shown in percentages\n|rule|Endless Battle Clause: Forcing endless battles is banned\n|rule|OHKO Clause: OHKO moves are banned\n|rule|Evasion Clause: Evasion abilities, items, and moves are banned\n|rule|Evasion Abilities Clause: Evasion abilities are banned\n|rule|Evasion Items Clause: Evasion items are banned\n|rule|Evasion Moves Clause: Evasion moves are banned\n|rule|Species Clause: Limit one of each Pok\u00e9mon\n|rule|Sleep Clause Mod: Limit one foe put to sleep\n|clearpoke\n|poke|p1|Charizard, M|\n|poke|p1|Pangoro, F|\n|poke|p1|Dusclops, M|\n|poke|p1|Kartana|\n|poke|p1|Gyarados, F|\n|poke|p1|Zamazenta-*|\n|poke|p2|Taillow, L1, M|\n|poke|p2|Pineco, L1, M|\n|poke|p2|Togedemaru, L1, M|\n|poke|p2|Cottonee, L1, M|\n|poke|p2|Aron, L1, F|\n|poke|p2|Magnemite, L1|\n|teampreview\n|\n|t:|1700265018\n|start\n|switch|p1a: SANS|Dusclops, M, shiny|100\/100\n|switch|p2a: Pineco|Pineco, L1, M|100\/100\n|-item|p2a: Pineco|Berry Juice|[from] ability: Frisk|[of] p1a: SANS|[identify]\n|turn|1\n|\n|t:|1700265079\n|move|p1a: SANS|Poltergeist|p2a: Pineco|[miss]\n|-miss|p1a: SANS|p2a: Pineco\n|move|p2a: Pineco|Toxic|p1a: SANS\n|-status|p1a: SANS|tox\n|\n|-damage|p1a: SANS|95\/100 tox|[from] psn\n|upkeep\n|turn|2\n|\n|t:|1700265097\n|move|p1a: SANS|Poltergeist|p2a: Pineco\n|-activate|p2a: Pineco|move: Poltergeist|Berry Juice\n|-ability|p2a: Pineco|Sturdy\n|-damage|p2a: Pineco|9\/100\n|-enditem|p2a: Pineco|Berry Juice\n|-heal|p2a: Pineco|100\/100|[from] item: Berry Juice\n|move|p2a: Pineco|Toxic Spikes|p1a: SANS\n|-sidestart|p1: gangsternutty|move: Toxic Spikes\n|\n|-damage|p1a: SANS|83\/100 tox|[from] psn\n|upkeep\n|turn|3\n|\n|t:|1700265113\n|move|p1a: SANS|Will-O-Wisp|p2a: Pineco\n|-status|p2a: Pineco|brn\n|move|p2a: Pineco|Toxic Spikes|p1a: SANS\n|-sidestart|p1: gangsternutty|move: Toxic Spikes\n|\n|-damage|p1a: SANS|65\/100 tox|[from] psn\n|-damage|p2a: Pineco|92\/100 brn|[from] brn\n|upkeep\n|turn|4\n|\n|t:|1700265130\n|move|p1a: SANS|Poltergeist||[still]\n|-fail|p1a: SANS\n|move|p2a: Pineco|Rapid Spin|p1a: SANS\n|-immune|p1a: SANS\n|\n|-damage|p1a: SANS|42\/100 tox|[from] psn\n|-damage|p2a: Pineco|84\/100 brn|[from] brn\n|upkeep\n|turn|5\n|\n|t:|1700265154\n|move|p1a: SANS|Leech Life|p2a: Pineco\n|-damage|p2a: Pineco|0 fnt\n|-heal|p1a: SANS|44\/100 tox|[from] drain|[of] p2a: Pineco\n|faint|p2a: Pineco\n|\n|-damage|p1a: SANS|15\/100 tox|[from] psn\n|upkeep\n|c|\u2606jgjvg|Bro I have no item anymore???\n|\n|t:|1700265167\n|switch|p2a: Togedemaru|Togedemaru, L1, M|100\/100\n|turn|6\n|\n|t:|1700265184\n|switch|p1a: ronin alpha|Kartana, shiny|100\/100\n|move|p2a: Togedemaru|Spiky Shield||[still]\n|-fail|p2a: Togedemaru\n|\n|upkeep\n|turn|7\n|\n|t:|1700265198\n|move|p1a: ronin alpha|Sacred Sword|p2a: Togedemaru\n|-supereffective|p2a: Togedemaru\n|-ability|p2a: Togedemaru|Sturdy\n|-damage|p2a: Togedemaru|9\/100\n|move|p2a: Togedemaru|Endeavor|p1a: ronin alpha\n|-damage|p1a: ronin alpha|1\/100\n|-heal|p2a: Togedemaru|100\/100|[from] item: Shell Bell|[of] p1a: ronin alpha\n|\n|upkeep\n|turn|8\n|\n|t:|1700265225\n|switch|p1a: microwave|Charizard, M|100\/100\n|move|p2a: Togedemaru|Spiky Shield||[still]\n|-fail|p2a: Togedemaru\n|\n|upkeep\n|turn|9\n|\n|t:|1700265248\n|move|p1a: microwave|Air Slash|p2a: Togedemaru\n|-resisted|p2a: Togedemaru\n|-ability|p2a: Togedemaru|Sturdy\n|-damage|p2a: Togedemaru|9\/100\n|move|p2a: Togedemaru|Endeavor|p1a: microwave\n|-damage|p1a: microwave|1\/100\n|-heal|p2a: Togedemaru|100\/100|[from] item: Shell Bell|[of] p1a: microwave\n|\n|upkeep\n|turn|10\n|\n|t:|1700265264\n|switch|p1a: dragon warrior|Pangoro, F|100\/100\n|-status|p1a: dragon warrior|tox\n|switch|p2a: Magnemite|Magnemite, L1|100\/100\n|\n|-damage|p1a: dragon warrior|94\/100 tox|[from] psn\n|upkeep\n|turn|11\n|\n|t:|1700265292\n|move|p1a: dragon warrior|Bullet Punch|p2a: Magnemite\n|-resisted|p2a: Magnemite\n|-ability|p2a: Magnemite|Sturdy\n|-damage|p2a: Magnemite|10\/100\n|-enditem|p2a: Magnemite|Berry Juice\n|-heal|p2a: Magnemite|100\/100|[from] item: Berry Juice\n|-damage|p1a: dragon warrior|85\/100 tox|[from] item: Life Orb\n|move|p2a: Magnemite|Recycle|p2a: Magnemite\n|-item|p2a: Magnemite|Berry Juice|[from] move: Recycle\n|\n|-damage|p1a: dragon warrior|72\/100 tox|[from] psn\n|upkeep\n|turn|12\n|\n|t:|1700265320\n|move|p2a: Magnemite|Protect|p2a: Magnemite\n|-singleturn|p2a: Magnemite|Protect\n|move|p1a: dragon warrior|Bullet Punch|p2a: Magnemite\n|-activate|p2a: Magnemite|move: Protect\n|\n|-damage|p1a: dragon warrior|54\/100 tox|[from] psn\n|upkeep\n|turn|13\n|\n|t:|1700265371\n|move|p1a: dragon warrior|Power-Up Punch|p2a: Magnemite\n|-supereffective|p2a: Magnemite\n|-ability|p2a: Magnemite|Sturdy\n|-damage|p2a: Magnemite|10\/100\n|-boost|p1a: dragon warrior|atk|1\n|-enditem|p2a: Magnemite|Berry Juice\n|-heal|p2a: Magnemite|100\/100|[from] item: Berry Juice\n|-damage|p1a: dragon warrior|44\/100 tox|[from] item: Life Orb\n|move|p2a: Magnemite|Recycle|p2a: Magnemite\n|-item|p2a: Magnemite|Berry Juice|[from] move: Recycle\n|\n|-damage|p1a: dragon warrior|20\/100 tox|[from] psn\n|upkeep\n|turn|14\n|\n|t:|1700265384\n|move|p2a: Magnemite|Protect|p2a: Magnemite\n|-singleturn|p2a: Magnemite|Protect\n|move|p1a: dragon warrior|Power-Up Punch|p2a: Magnemite\n|-activate|p2a: Magnemite|move: Protect\n|\n|-damage|p1a: dragon warrior|0 fnt|[from] psn\n|faint|p1a: dragon warrior\n|upkeep\n|\n|t:|1700265400\n|switch|p1a: SANS|Dusclops, M, shiny|15\/100 tox\n|-item|p2a: Magnemite|Berry Juice|[from] ability: Frisk|[of] p1a: SANS|[identify]\n|turn|15\n|\n|t:|1700265414\n|switch|p2a: Taillow|Taillow, L1, M|100\/100\n|move|p1a: SANS|Will-O-Wisp|p2a: Taillow\n|-status|p2a: Taillow|brn\n|\n|-damage|p1a: SANS|9\/100 tox|[from] psn\n|-damage|p2a: Taillow|92\/100 brn|[from] brn\n|upkeep\n|turn|16\n|\n|t:|1700265442\n|-activate|p1a: SANS|move: Pursuit\n|move|p2a: Taillow|Pursuit|p1a: SANS|[from]Pursuit\n|-supereffective|p1a: SANS\n|-damage|p1a: SANS|8\/100 tox\n|switch|p1a: british lobster|Gyarados, F|100\/100\n|\n|-damage|p2a: Taillow|84\/100 brn|[from] brn\n|upkeep\n|turn|17\n|\n|t:|1700265496\n|move|p1a: british lobster|Waterfall|p2a: Taillow\n|-damage|p2a: Taillow|0 fnt\n|faint|p2a: Taillow\n|-ability|p1a: british lobster|Moxie|boost\n|-boost|p1a: british lobster|atk|1\n|\n|upkeep\n|\n|t:|1700265507\n|switch|p2a: Togedemaru|Togedemaru, L1, M|100\/100\n|turn|18\n|\n|t:|1700265537\n|move|p1a: british lobster|Waterfall|p2a: Togedemaru\n|-ability|p2a: Togedemaru|Sturdy\n|-damage|p2a: Togedemaru|9\/100\n|cant|p2a: Togedemaru|flinch\n|\n|upkeep\n|turn|19\n|\n|t:|1700265571\n|switch|p1a: luna|Zamazenta|100\/100\n|-status|p1a: luna|tox\n|-ability|p1a: luna|Dauntless Shield|boost\n|-boost|p1a: luna|def|1\n|move|p2a: Togedemaru|Endeavor|p1a: luna\n|-damage|p1a: luna|1\/100 tox\n|-heal|p2a: Togedemaru|100\/100|[from] item: Shell Bell|[of] p1a: luna\n|\n|-heal|p1a: luna|7\/100 tox|[from] item: Leftovers\n|-damage|p1a: luna|1\/100 tox|[from] psn\n|upkeep\n|turn|20\n|\n|t:|1700265599\n|switch|p1a: british lobster|Gyarados, F|100\/100\n|move|p2a: Togedemaru|Spiky Shield||[still]\n|-fail|p2a: Togedemaru\n|\n|upkeep\n|turn|21\n|\n|t:|1700265624\n|move|p1a: british lobster|Ice Fang|p2a: Togedemaru\n|-resisted|p2a: Togedemaru\n|-ability|p2a: Togedemaru|Sturdy\n|-damage|p2a: Togedemaru|9\/100\n|move|p2a: Togedemaru|Endeavor|p1a: british lobster\n|-damage|p1a: british lobster|1\/100\n|-heal|p2a: Togedemaru|100\/100|[from] item: Shell Bell|[of] p1a: british lobster\n|\n|upkeep\n|turn|22\n|\n|t:|1700265762\n|move|p2a: Togedemaru|Spiky Shield|p2a: Togedemaru\n|-singleturn|p2a: Togedemaru|move: Protect\n|move|p1a: british lobster|Waterfall|p2a: Togedemaru\n|-activate|p2a: Togedemaru|move: Protect\n|-damage|p1a: british lobster|0 fnt|[from] Spiky Shield|[of] p2a: Togedemaru\n|faint|p1a: british lobster\n|\n|upkeep\n|inactive|Battle timer is ON: inactive players will automatically lose when time's up. (requested by jgjvg)\n|\n|t:|1700265780\n|switch|p1a: SANS|Dusclops, M, shiny|8\/100 tox\n|-item|p2a: Togedemaru|Shell Bell|[from] ability: Frisk|[of] p1a: SANS|[identify]\n|turn|23\n|\n|t:|1700265791\n|switch|p2a: Cottonee|Cottonee, L1, M|100\/100\n|move|p1a: SANS|Will-O-Wisp|p2a: Cottonee\n|-status|p2a: Cottonee|brn\n|\n|-damage|p1a: SANS|2\/100 tox|[from] psn\n|-damage|p2a: Cottonee|92\/100 brn|[from] brn\n|upkeep\n|turn|24\n|\n|t:|1700265811\n|switch|p1a: ronin alpha|Kartana, shiny|1\/100\n|move|p2a: Cottonee|Leech Seed|p1a: ronin alpha\n|-immune|p1a: ronin alpha\n|\n|-damage|p2a: Cottonee|84\/100 brn|[from] brn\n|upkeep\n|turn|25\n|inactive|gangsternutty has 120 seconds left.\n|\n|t:|1700265840\n|switch|p2a: Magnemite|Magnemite, L1|100\/100\n|move|p1a: ronin alpha|Smart Strike|p2a: Magnemite\n|-resisted|p2a: Magnemite\n|-ability|p2a: Magnemite|Sturdy\n|-damage|p2a: Magnemite|10\/100\n|-enditem|p2a: Magnemite|Berry Juice\n|-heal|p2a: Magnemite|100\/100|[from] item: Berry Juice\n|\n|upkeep\n|turn|26\n|inactive|gangsternutty has 120 seconds left.\n|\n|t:|1700265851\n|move|p1a: ronin alpha|Smart Strike|p2a: Magnemite\n|-resisted|p2a: Magnemite\n|-ability|p2a: Magnemite|Sturdy\n|-damage|p2a: Magnemite|10\/100\n|move|p2a: Magnemite|Recycle|p2a: Magnemite\n|-item|p2a: Magnemite|Berry Juice|[from] move: Recycle\n|-enditem|p2a: Magnemite|Berry Juice\n|-heal|p2a: Magnemite|100\/100|[from] item: Berry Juice\n|\n|upkeep\n|turn|27\n|inactive|gangsternutty has 120 seconds left.\n|\n|t:|1700265875\n|switch|p1a: luna|Zamazenta|1\/100 tox\n|move|p2a: Magnemite|Volt Switch|p1a: luna\n|-damage|p1a: luna|0 fnt\n|faint|p1a: luna\n|\n|t:|1700265883\n|switch|p2a: Cottonee|Cottonee, L1, M|84\/100 brn|[from] Volt Switch\n|\n|-damage|p2a: Cottonee|75\/100 brn|[from] brn\n|upkeep\n|inactive|gangsternutty has 90 seconds left.\n|inactive|gangsternutty has 60 seconds left.\n|inactive|gangsternutty has 30 seconds left.\n|\n|t:|1700265971\n|switch|p1a: microwave|Charizard, M|1\/100\n|turn|28\n|inactive|gangsternutty has 30 seconds left.\n|\n|t:|1700265991\n|move|p2a: Cottonee|Leech Seed|p1a: microwave\n|-start|p1a: microwave|move: Leech Seed\n|move|p1a: microwave|Air Slash|p2a: Cottonee\n|-supereffective|p2a: Cottonee\n|-crit|p2a: Cottonee\n|-damage|p2a: Cottonee|0 fnt\n|faint|p2a: Cottonee\n|\n|upkeep\n|\n|t:|1700266004\n|switch|p2a: Magnemite|Magnemite, L1|100\/100\n|turn|29\n|\n|t:|1700266017\n|move|p1a: microwave|Flamethrower|p2a: Magnemite\n|-supereffective|p2a: Magnemite\n|-ability|p2a: Magnemite|Sturdy\n|-damage|p2a: Magnemite|10\/100\n|move|p2a: Magnemite|Recycle|p2a: Magnemite\n|-item|p2a: Magnemite|Berry Juice|[from] move: Recycle\n|-enditem|p2a: Magnemite|Berry Juice\n|-heal|p2a: Magnemite|100\/100|[from] item: Berry Juice\n|\n|-damage|p1a: microwave|0 fnt|[from] Leech Seed|[of] p2a: Magnemite\n|faint|p1a: microwave\n|upkeep\n|inactive|gangsternutty has 30 seconds left.\n|inactive|gangsternutty has 20 seconds left.\n|inactive|gangsternutty has 15 seconds left.\n|inactive|gangsternutty has 10 seconds left.\n|\n|t:|1700266048\n|switch|p1a: SANS|Dusclops, M, shiny|2\/100 tox\n|turn|30\n|inactive|gangsternutty has 20 seconds left this turn.\n|c|\u2606jgjvg|Bro you lost,just finish the game\n|inactive|gangsternutty has 15 seconds left.\n|inactive|gangsternutty has 10 seconds left.\n|\n|t:|1700266061\n|move|p2a: Magnemite|Protect|p2a: Magnemite\n|-singleturn|p2a: Magnemite|Protect\n|move|p1a: SANS|Will-O-Wisp|p2a: Magnemite\n|-activate|p2a: Magnemite|move: Protect\n|\n|-damage|p1a: SANS|0 fnt|[from] psn\n|faint|p1a: SANS\n|upkeep\n|inactive|gangsternutty has 15 seconds left this turn.\n|inactive|gangsternutty has 10 seconds left.\n|\n|t:|1700266070\n|switch|p1a: ronin alpha|Kartana, shiny|1\/100\n|turn|31\n|inactive|gangsternutty has 20 seconds left this turn.\n|inactive|gangsternutty has 15 seconds left.\n|\n|t:|1700266080\n|move|p1a: ronin alpha|Sacred Sword|p2a: Magnemite\n|-supereffective|p2a: Magnemite\n|-ability|p2a: Magnemite|Sturdy\n|-damage|p2a: Magnemite|10\/100\n|move|p2a: Magnemite|Volt Switch|p1a: ronin alpha\n|-resisted|p1a: ronin alpha\n|-crit|p1a: ronin alpha\n|-damage|p1a: ronin alpha|0 fnt\n|faint|p1a: ronin alpha\n|\n|win|jgjvg\n|inactive|gangsternutty has 20 seconds left this turn.\n|raw|gangsternutty's rating: 1114 &rarr; <strong>1086<\/strong><br \/>(-28 for losing)\n|raw|jgjvg's rating: 1069 &rarr; <strong>1102<\/strong><br \/>(+33 for winning)\n|l|\u2606gangsternutty\n","uploadtime":1700266098,"views":5,"p1id":"gangsternutty","p2id":"jgjvg","formatid":"gen9nationaldex","rating":1086,"private":0,"password":""}