{"id":"gen9nationaldex-1998083370","p1":"kitmash","p2":"nncc\u6781\u5149","format":"[Gen 9] National Dex","log":"|html|<div class=\"broadcast-blue\"><strong>[Gen 9] National Dex is currently suspecting Sneasler! For information on how to participate check out the <a href=\"https:\/\/www.smogon.com\/forums\/threads\/sv-national-dex-suspect-8-just-dance.3731534\/\">suspect thread<\/a>.<\/strong><\/div>\n|j|\u2606kitmash\n|j|\u2606nncc\u6781\u5149\n|t:|1700888554\n|gametype|singles\n|player|p1|kitmash|2|1673\n|player|p2|nncc\u6781\u5149|benga|1775\n|teamsize|p1|6\n|teamsize|p2|6\n|gen|9\n|tier|[Gen 9] National Dex\n|rated|\n|rule|HP Percentage Mod: HP is shown in percentages\n|rule|Endless Battle Clause: Forcing endless battles is banned\n|rule|OHKO Clause: OHKO moves are banned\n|rule|Evasion Clause: Evasion abilities, items, and moves are banned\n|rule|Evasion Abilities Clause: Evasion abilities are banned\n|rule|Evasion Items Clause: Evasion items are banned\n|rule|Evasion Moves Clause: Evasion moves are banned\n|rule|Species Clause: Limit one of each Pok\u00e9mon\n|rule|Sleep Clause Mod: Limit one foe put to sleep\n|clearpoke\n|poke|p1|Wo-Chien|\n|poke|p1|Weezing-Galar, F|\n|poke|p1|Alomomola, F|\n|poke|p1|Reuniclus, F|\n|poke|p1|Kleavor, M|\n|poke|p1|Tapu Koko|\n|poke|p2|Alomomola, M|\n|poke|p2|Muk-Alola, M|\n|poke|p2|Skeledirge, M|\n|poke|p2|Mew|\n|poke|p2|Rillaboom, F|\n|poke|p2|Iron Treads|\n|teampreview\n|\n|t:|1700888568\n|start\n|switch|p1a: Tapu Koko|Tapu Koko|100\/100\n|switch|p2a: Iron Treads|Iron Treads|100\/100\n|-fieldstart|move: Electric Terrain|[from] ability: Electric Surge|[of] p1a: Tapu Koko\n|-activate|p2a: Iron Treads|ability: Quark Drive\n|-start|p2a: Iron Treads|quarkdrivespe\n|turn|1\n|\n|t:|1700888578\n|switch|p1a: Alomomola|Alomomola, F|100\/100\n|move|p2a: Iron Treads|Stealth Rock|p1a: Alomomola\n|-sidestart|p1: kitmash|move: Stealth Rock\n|\n|upkeep\n|turn|2\n|\n|t:|1700888588\n|-end|p2a: Iron Treads|Quark Drive|[silent]\n|switch|p2a: Alomomola|Alomomola, M|100\/100\n|move|p1a: Alomomola|Flip Turn|p2a: Alomomola\n|-resisted|p2a: Alomomola\n|-damage|p2a: Alomomola|95\/100\n|-damage|p1a: Alomomola|84\/100|[from] item: Rocky Helmet|[of] p2a: Alomomola\n|\n|t:|1700888597\n|switch|p1a: Wo-Chien|Wo-Chien|100\/100|[from] Flip Turn\n|-damage|p1a: Wo-Chien|88\/100|[from] Stealth Rock\n|-ability|p1a: Wo-Chien|Tablets of Ruin\n|\n|-heal|p1a: Wo-Chien|94\/100|[from] item: Leftovers\n|upkeep\n|turn|3\n|\n|t:|1700888611\n|move|p1a: Wo-Chien|Ruination|p2a: Alomomola\n|-damage|p2a: Alomomola|48\/100\n|move|p2a: Alomomola|Flip Turn|p1a: Wo-Chien\n|-resisted|p1a: Wo-Chien\n|-damage|p1a: Wo-Chien|90\/100\n|\n|t:|1700888614\n|switch|p2a: Muk|Muk-Alola, M|100\/100|[from] Flip Turn\n|\n|-heal|p1a: Wo-Chien|96\/100|[from] item: Leftovers\n|upkeep\n|turn|4\n|\n|t:|1700888621\n|switch|p1a: Weezing|Weezing-Galar, F|100\/100\n|-damage|p1a: Weezing|88\/100|[from] Stealth Rock\n|move|p2a: Muk|Knock Off|p1a: Weezing\n|-resisted|p1a: Weezing\n|-damage|p1a: Weezing|73\/100\n|-enditem|p1a: Weezing|Leftovers|[from] move: Knock Off|[of] p2a: Muk\n|\n|upkeep\n|turn|5\n|\n|t:|1700888637\n|switch|p2a: Skeledirge|Skeledirge, M|100\/100\n|move|p1a: Weezing|Defog|p2a: Skeledirge\n|-unboost|p2a: Skeledirge|evasion|1\n|-sideend|p1: kitmash|Stealth Rock|[from] move: Defog|[of] p1a: Weezing\n|-fieldend|move: Electric Terrain\n|\n|upkeep\n|turn|6\n|j| one eye ding zhen\n|\n|t:|1700888651\n|switch|p1a: Alomomola|Alomomola, F|100\/100\n|move|p2a: Skeledirge|Will-O-Wisp|p1a: Alomomola\n|-status|p1a: Alomomola|brn\n|\n|-damage|p1a: Alomomola|94\/100 brn|[from] brn\n|upkeep\n|turn|7\n|j| YJLF2\n|\n|t:|1700888658\n|switch|p2a: Alomomola|Alomomola, M|81\/100\n|move|p1a: Alomomola|Flip Turn|p2a: Alomomola\n|-resisted|p2a: Alomomola\n|-damage|p2a: Alomomola|78\/100\n|-damage|p1a: Alomomola|78\/100 brn|[from] item: Rocky Helmet|[of] p2a: Alomomola\n|\n|t:|1700888665\n|switch|p1a: Tapu Koko|Tapu Koko|100\/100|[from] Flip Turn\n|-fieldstart|move: Electric Terrain|[from] ability: Electric Surge|[of] p1a: Tapu Koko\n|\n|upkeep\n|turn|8\n|\n|t:|1700888674\n|move|p2a: Alomomola|Protect|p2a: Alomomola\n|-singleturn|p2a: Alomomola|Protect\n|move|p1a: Tapu Koko|U-turn|p2a: Alomomola\n|-activate|p2a: Alomomola|move: Protect\n|\n|upkeep\n|turn|9\n|\n|t:|1700888679\n|switch|p2a: Iron Treads|Iron Treads|100\/100\n|-activate|p2a: Iron Treads|ability: Quark Drive\n|-start|p2a: Iron Treads|quarkdrivespe\n|move|p1a: Tapu Koko|U-turn|p2a: Iron Treads\n|-resisted|p2a: Iron Treads\n|-damage|p2a: Iron Treads|93\/100\n|\n|t:|1700888689\n|switch|p1a: Wo-Chien|Wo-Chien|96\/100|[from] U-turn\n|-ability|p1a: Wo-Chien|Tablets of Ruin\n|\n|-heal|p1a: Wo-Chien|100\/100|[from] item: Leftovers\n|upkeep\n|turn|10\n|j| NDSNEZ rockout\n|\n|t:|1700888703\n|move|p2a: Iron Treads|Stealth Rock|p1a: Wo-Chien\n|-sidestart|p1: kitmash|move: Stealth Rock\n|move|p1a: Wo-Chien|Ruination|p2a: Iron Treads\n|-damage|p2a: Iron Treads|47\/100\n|\n|upkeep\n|turn|11\n|\n|t:|1700888712\n|move|p2a: Iron Treads|Ice Spinner|p1a: Wo-Chien\n|-supereffective|p1a: Wo-Chien\n|-damage|p1a: Wo-Chien|74\/100\n|-fieldend|move: Electric Terrain\n|-end|p2a: Iron Treads|Quark Drive\n|move|p1a: Wo-Chien|Leech Seed|p2a: Iron Treads\n|-start|p2a: Iron Treads|move: Leech Seed\n|\n|-heal|p1a: Wo-Chien|80\/100|[from] item: Leftovers\n|-damage|p2a: Iron Treads|34\/100|[from] Leech Seed|[of] p1a: Wo-Chien\n|-heal|p1a: Wo-Chien|91\/100|[silent]\n|upkeep\n|turn|12\n|\n|t:|1700888721\n|-end|p2a: Iron Treads|Quark Drive|[silent]\n|switch|p2a: Muk|Muk-Alola, M|100\/100\n|move|p1a: Wo-Chien|Ruination|p2a: Muk\n|-damage|p2a: Muk|50\/100\n|\n|-heal|p1a: Wo-Chien|97\/100|[from] item: Leftovers\n|upkeep\n|turn|13\n|j| CavenChen\n|\n|t:|1700888732\n|-activate|p1a: Wo-Chien|move: Pursuit\n|move|p2a: Muk|Pursuit|p1a: Wo-Chien|[from]Pursuit\n|-resisted|p1a: Wo-Chien\n|-damage|p1a: Wo-Chien|88\/100\n|switch|p1a: Alomomola|Alomomola, F|100\/100 brn\n|\n|-damage|p1a: Alomomola|94\/100 brn|[from] brn\n|upkeep\n|turn|14\n|\n|t:|1700888741\n|switch|p2a: Alomomola|Alomomola, M|100\/100\n|move|p1a: Alomomola|Wish|p1a: Alomomola\n|\n|-damage|p1a: Alomomola|88\/100 brn|[from] brn\n|upkeep\n|turn|15\n|\n|t:|1700888746\n|move|p2a: Alomomola|Wish|p2a: Alomomola\n|move|p1a: Alomomola|Flip Turn|p2a: Alomomola\n|-resisted|p2a: Alomomola\n|-damage|p2a: Alomomola|98\/100\n|-damage|p1a: Alomomola|71\/100 brn|[from] item: Rocky Helmet|[of] p2a: Alomomola\n|\n|t:|1700888761\n|switch|p1a: Reuniclus|Reuniclus, F|100\/100|[from] Flip Turn\n|-damage|p1a: Reuniclus|88\/100|[from] Stealth Rock\n|\n|-heal|p1a: Reuniclus|100\/100|[from] move: Wish|[wisher] Alomomola\n|upkeep\n|turn|16\n|\n|t:|1700888785\n|switch|p2a: Muk|Muk-Alola, M|50\/100\n|move|p1a: Reuniclus|Psychic|p2a: Muk\n|-immune|p2a: Muk\n|\n|-heal|p2a: Muk|100\/100|[from] move: Wish|[wisher] Alomomola\n|upkeep\n|turn|17\n|\n|t:|1700888793\n|-activate|p1a: Reuniclus|move: Pursuit\n|move|p2a: Muk|Pursuit|p1a: Reuniclus|[from]Pursuit\n|-supereffective|p1a: Reuniclus\n|-damage|p1a: Reuniclus|18\/100\n|switch|p1a: Alomomola|Alomomola, F|100\/100 brn\n|\n|-damage|p1a: Alomomola|94\/100 brn|[from] brn\n|upkeep\n|turn|18\n|\n|t:|1700888806\n|move|p1a: Alomomola|Flip Turn|p2a: Muk\n|-crit|p2a: Muk\n|-damage|p2a: Muk|86\/100\n|inactive|Battle timer is ON: inactive players will automatically lose when time's up. (requested by nncc\u6781\u5149)\n|\n|t:|1700888809\n|switch|p1a: Weezing|Weezing-Galar, F|73\/100|[from] Flip Turn\n|-damage|p1a: Weezing|61\/100|[from] Stealth Rock\n|move|p2a: Muk|Knock Off|p1a: Weezing\n|-resisted|p1a: Weezing\n|-damage|p1a: Weezing|50\/100\n|\n|upkeep\n|turn|19\n|\n|t:|1700888829\n|switch|p2a: Alomomola|Alomomola, M|100\/100\n|move|p1a: Weezing|Defog|p2a: Alomomola\n|-unboost|p2a: Alomomola|evasion|1\n|-sideend|p1: kitmash|Stealth Rock|[from] move: Defog|[of] p1a: Weezing\n|\n|upkeep\n|turn|20\n|\n|t:|1700888846\n|switch|p1a: Tapu Koko|Tapu Koko|100\/100\n|-fieldstart|move: Electric Terrain|[from] ability: Electric Surge|[of] p1a: Tapu Koko\n|move|p2a: Alomomola|Wish|p2a: Alomomola\n|\n|upkeep\n|turn|21\n|\n|t:|1700888868\n|switch|p2a: Iron Treads|Iron Treads|34\/100\n|-activate|p2a: Iron Treads|ability: Quark Drive\n|-start|p2a: Iron Treads|quarkdrivespe\n|-terastallize|p1a: Tapu Koko|Fairy\n|move|p1a: Tapu Koko|Dazzling Gleam|p2a: Iron Treads\n|-resisted|p2a: Iron Treads\n|-crit|p2a: Iron Treads\n|-damage|p2a: Iron Treads|0 fnt\n|faint|p2a: Iron Treads\n|-end|p2a: Iron Treads|Quark Drive|[silent]\n|\n|upkeep\n|\n|t:|1700888876\n|switch|p2a: Mew|Mew|100\/100\n|turn|22\n|l| one eye ding zhen\n|\n|t:|1700888886\n|switch|p1a: Kleavor|Kleavor, M|100\/100\n|move|p2a: Mew|Cosmic Power|p2a: Mew\n|-boost|p2a: Mew|def|1\n|-boost|p2a: Mew|spd|1\n|\n|upkeep\n|turn|23\n|\n|t:|1700888892\n|-terastallize|p2a: Mew|Poison\n|move|p2a: Mew|Cosmic Power|p2a: Mew\n|-boost|p2a: Mew|def|1\n|-boost|p2a: Mew|spd|1\n|move|p1a: Kleavor|X-Scissor|p2a: Mew\n|-resisted|p2a: Mew\n|-damage|p2a: Mew|77\/100\n|\n|upkeep\n|turn|24\n|\n|t:|1700888903\n|switch|p1a: Wo-Chien|Wo-Chien|88\/100\n|-ability|p1a: Wo-Chien|Tablets of Ruin\n|move|p2a: Mew|Cosmic Power|p2a: Mew\n|-boost|p2a: Mew|def|1\n|-boost|p2a: Mew|spd|1\n|\n|-heal|p1a: Wo-Chien|94\/100|[from] item: Leftovers\n|-fieldend|move: Electric Terrain\n|upkeep\n|turn|25\n|\n|t:|1700888913\n|move|p2a: Mew|Body Press|p1a: Wo-Chien\n|-supereffective|p1a: Wo-Chien\n|-damage|p1a: Wo-Chien|52\/100\n|move|p1a: Wo-Chien|Leech Seed|p2a: Mew\n|-start|p2a: Mew|move: Leech Seed\n|\n|-heal|p1a: Wo-Chien|58\/100|[from] item: Leftovers\n|-damage|p2a: Mew|65\/100|[from] Leech Seed|[of] p1a: Wo-Chien\n|-heal|p1a: Wo-Chien|71\/100|[silent]\n|upkeep\n|turn|26\n|\n|t:|1700888932\n|move|p2a: Mew|Cosmic Power|p2a: Mew\n|-boost|p2a: Mew|def|1\n|-boost|p2a: Mew|spd|1\n|move|p1a: Wo-Chien|Ruination|p2a: Mew\n|-damage|p2a: Mew|33\/100\n|\n|-heal|p1a: Wo-Chien|78\/100|[from] item: Leftovers\n|-damage|p2a: Mew|21\/100|[from] Leech Seed|[of] p1a: Wo-Chien\n|-heal|p1a: Wo-Chien|91\/100|[silent]\n|upkeep\n|turn|27\n|\n|t:|1700888941\n|move|p2a: Mew|Roost|p2a: Mew\n|-heal|p2a: Mew|71\/100\n|move|p1a: Wo-Chien|Ruination|p2a: Mew\n|-damage|p2a: Mew|36\/100\n|\n|-heal|p1a: Wo-Chien|97\/100|[from] item: Leftovers\n|-damage|p2a: Mew|23\/100|[from] Leech Seed|[of] p1a: Wo-Chien\n|-heal|p1a: Wo-Chien|100\/100|[silent]\n|upkeep\n|turn|28\n|\n|t:|1700888949\n|move|p2a: Mew|Roost|p2a: Mew\n|-heal|p2a: Mew|73\/100\n|move|p1a: Wo-Chien|Ruination|p2a: Mew\n|-damage|p2a: Mew|37\/100\n|\n|-damage|p2a: Mew|25\/100|[from] Leech Seed|[of] p1a: Wo-Chien\n|upkeep\n|turn|29\n|\n|t:|1700888956\n|move|p2a: Mew|Roost|p2a: Mew\n|-heal|p2a: Mew|75\/100\n|move|p1a: Wo-Chien|Ruination|p2a: Mew\n|-damage|p2a: Mew|38\/100\n|\n|-damage|p2a: Mew|25\/100|[from] Leech Seed|[of] p1a: Wo-Chien\n|upkeep\n|turn|30\n|\n|t:|1700888964\n|move|p2a: Mew|Roost|p2a: Mew\n|-heal|p2a: Mew|75\/100\n|move|p1a: Wo-Chien|Ruination|p2a: Mew|[miss]\n|-miss|p1a: Wo-Chien|p2a: Mew\n|\n|-damage|p2a: Mew|63\/100|[from] Leech Seed|[of] p1a: Wo-Chien\n|upkeep\n|turn|31\n|\n|t:|1700888971\n|move|p2a: Mew|Body Press|p1a: Wo-Chien\n|-supereffective|p1a: Wo-Chien\n|-damage|p1a: Wo-Chien|45\/100\n|move|p1a: Wo-Chien|Ruination|p2a: Mew\n|-damage|p2a: Mew|32\/100\n|\n|-heal|p1a: Wo-Chien|51\/100|[from] item: Leftovers\n|-damage|p2a: Mew|19\/100|[from] Leech Seed|[of] p1a: Wo-Chien\n|-heal|p1a: Wo-Chien|64\/100|[silent]\n|upkeep\n|turn|32\n|\n|t:|1700888980\n|move|p2a: Mew|Roost|p2a: Mew\n|-heal|p2a: Mew|69\/100\n|move|p1a: Wo-Chien|Ruination|p2a: Mew\n|-damage|p2a: Mew|35\/100\n|\n|-heal|p1a: Wo-Chien|71\/100|[from] item: Leftovers\n|-damage|p2a: Mew|23\/100|[from] Leech Seed|[of] p1a: Wo-Chien\n|-heal|p1a: Wo-Chien|84\/100|[silent]\n|upkeep\n|turn|33\n|\n|t:|1700888988\n|switch|p2a: Muk|Muk-Alola, M|86\/100\n|move|p1a: Wo-Chien|Ruination|p2a: Muk\n|-damage|p2a: Muk|43\/100\n|\n|-heal|p1a: Wo-Chien|90\/100|[from] item: Leftovers\n|upkeep\n|turn|34\n|\n|t:|1700888997\n|-activate|p1a: Wo-Chien|move: Pursuit\n|move|p2a: Muk|Pursuit|p1a: Wo-Chien|[from]Pursuit\n|-resisted|p1a: Wo-Chien\n|-damage|p1a: Wo-Chien|80\/100\n|switch|p1a: Alomomola|Alomomola, F|100\/100 brn\n|\n|-damage|p1a: Alomomola|94\/100 brn|[from] brn\n|upkeep\n|turn|35\n|\n|t:|1700889007\n|switch|p2a: Alomomola|Alomomola, M|100\/100\n|move|p1a: Alomomola|Flip Turn|p2a: Alomomola\n|-resisted|p2a: Alomomola\n|-damage|p2a: Alomomola|98\/100\n|-damage|p1a: Alomomola|78\/100 brn|[from] item: Rocky Helmet|[of] p2a: Alomomola\n|\n|t:|1700889013\n|switch|p1a: Tapu Koko|Tapu Koko, tera:Fairy|100\/100|[from] Flip Turn\n|-fieldstart|move: Electric Terrain|[from] ability: Electric Surge|[of] p1a: Tapu Koko\n|\n|upkeep\n|turn|36\n|\n|t:|1700889019\n|move|p1a: Tapu Koko|Thunderbolt|p2a: Alomomola\n|-supereffective|p2a: Alomomola\n|-damage|p2a: Alomomola|0 fnt\n|faint|p2a: Alomomola\n|\n|upkeep\n|-message|nncc\u6781\u5149 forfeited.\n|\n|win|kitmash\n|raw|kitmash's rating: 1673 &rarr; <strong>1699<\/strong><br \/>(+26 for winning)\n|raw|nncc\u6781\u5149's rating: 1775 &rarr; <strong>1749<\/strong><br \/>(-26 for losing)\n|l|\u2606nncc\u6781\u5149\n|l| YJLF2\n","uploadtime":1700889039,"views":2,"p1id":"kitmash","p2id":"nncc","formatid":"gen9nationaldex","rating":1699,"private":0,"password":""}