{"id":"gen9nationaldex-1997776847","p1":"congpizza","p2":"celax","format":"[Gen 9] National Dex","log":"|html|<div class=\"broadcast-blue\"><strong>[Gen 9] National Dex is currently suspecting Sneasler! For information on how to participate check out the <a href=\"https:\/\/www.smogon.com\/forums\/threads\/sv-national-dex-suspect-8-just-dance.3731534\/\">suspect thread<\/a>.<\/strong><\/div>\n|j|\u2606congpizza\n|j|\u2606celax\n|t:|1700851503\n|gametype|singles\n|player|p1|congpizza|hilbert|1308\n|player|p2|celax|170|1249\n|teamsize|p1|6\n|teamsize|p2|6\n|gen|9\n|tier|[Gen 9] National Dex\n|rated|\n|rule|HP Percentage Mod: HP is shown in percentages\n|rule|Endless Battle Clause: Forcing endless battles is banned\n|rule|OHKO Clause: OHKO moves are banned\n|rule|Evasion Clause: Evasion abilities, items, and moves are banned\n|rule|Evasion Abilities Clause: Evasion abilities are banned\n|rule|Evasion Items Clause: Evasion items are banned\n|rule|Evasion Moves Clause: Evasion moves are banned\n|rule|Species Clause: Limit one of each Pok\u00e9mon\n|rule|Sleep Clause Mod: Limit one foe put to sleep\n|clearpoke\n|poke|p1|Pelipper, M|\n|poke|p1|Greninja-*, M|\n|poke|p1|Swampert, M|\n|poke|p1|Ferrothorn, F|\n|poke|p1|Zapdos|\n|poke|p1|Ogerpon-Wellspring, F|\n|poke|p2|Ceruledge, F|\n|poke|p2|Dragonite, F|\n|poke|p2|Garganacl, M|\n|poke|p2|Garchomp, M|\n|poke|p2|Bronzong|\n|poke|p2|Banette, M|\n|teampreview\n|inactive|Battle timer is ON: inactive players will automatically lose when time's up. (requested by congpizza)\n|inactive|celax has 120 seconds left.\n|\n|t:|1700851565\n|start\n|switch|p1a: \u8349\u94a2|Ferrothorn, F|100\/100\n|switch|p2a: Bronzong|Bronzong|100\/100\n|turn|1\n|\n|t:|1700851574\n|move|p1a: \u8349\u94a2|Stealth Rock|p2a: Bronzong\n|-sidestart|p2: celax|move: Stealth Rock\n|move|p2a: Bronzong|Hypnosis|p1a: \u8349\u94a2\n|-status|p1a: \u8349\u94a2|slp|[from] move: Hypnosis\n|\n|upkeep\n|turn|2\n|\n|t:|1700851583\n|switch|p2a: Banette|Banette, M|100\/100\n|-damage|p2a: Banette|88\/100|[from] Stealth Rock\n|switch|p1a: \u76d6\u9e25\u5361|Pelipper, M|100\/100\n|-weather|RainDance|[from] ability: Drizzle|[of] p1a: \u76d6\u9e25\u5361\n|\n|-weather|RainDance|[upkeep]\n|upkeep\n|turn|3\n|\n|t:|1700851593\n|detailschange|p2a: Banette|Banette-Mega, M\n|-mega|p2a: Banette|Banette|Banettite\n|move|p2a: Banette|Swords Dance|p2a: Banette\n|-boost|p2a: Banette|atk|2\n|move|p1a: \u76d6\u9e25\u5361|U-turn|p2a: Banette\n|-resisted|p2a: Banette\n|-damage|p2a: Banette|82\/100\n|\n|t:|1700851600\n|switch|p1a: \u989d\u554a\u5de8\u6cbc\u5de8\u6cbc|Swampert, M|100\/100|[from] U-turn\n|\n|-weather|RainDance|[upkeep]\n|upkeep\n|turn|4\n|\n|t:|1700851609\n|detailschange|p1a: \u989d\u554a\u5de8\u6cbc\u5de8\u6cbc|Swampert-Mega, M\n|-mega|p1a: \u989d\u554a\u5de8\u6cbc\u5de8\u6cbc|Swampert|Swampertite\n|move|p2a: Banette|Destiny Bond|p2a: Banette\n|-singlemove|p2a: Banette|Destiny Bond\n|move|p1a: \u989d\u554a\u5de8\u6cbc\u5de8\u6cbc|Waterfall|p2a: Banette\n|-damage|p2a: Banette|0 fnt\n|faint|p2a: Banette\n|-activate|p2a: Banette|move: Destiny Bond\n|faint|p1a: \u989d\u554a\u5de8\u6cbc\u5de8\u6cbc\n|\n|-weather|RainDance|[upkeep]\n|upkeep\n|\n|t:|1700851619\n|switch|p2a: Bronzong|Bronzong|100\/100\n|switch|p1a: \u6253\u96f7\u4f55\u65f6\u80fd\u4e2d|Zapdos|100\/100\n|-damage|p2a: Bronzong|94\/100|[from] Stealth Rock\n|turn|5\n|\n|t:|1700851630\n|move|p1a: \u6253\u96f7\u4f55\u65f6\u80fd\u4e2d|Hurricane|p2a: Bronzong\n|-resisted|p2a: Bronzong\n|-damage|p2a: Bronzong|69\/100\n|move|p2a: Bronzong|Hypnosis|p1a: \u6253\u96f7\u4f55\u65f6\u80fd\u4e2d\n|-message|Sleep Clause Mod activated.\n|-hint|Sleep Clause Mod prevents players from putting more than one of their opponent's Pok\u00e9mon to sleep at a time\n|\n|-weather|RainDance|[upkeep]\n|upkeep\n|turn|6\n|\n|t:|1700851644\n|move|p1a: \u6253\u96f7\u4f55\u65f6\u80fd\u4e2d|Thunderbolt|p2a: Bronzong\n|-damage|p2a: Bronzong|28\/100\n|-status|p2a: Bronzong|par\n|move|p2a: Bronzong|Trick|p1a: \u6253\u96f7\u4f55\u65f6\u80fd\u4e2d\n|-activate|p2a: Bronzong|move: Trick|[of] p1a: \u6253\u96f7\u4f55\u65f6\u80fd\u4e2d\n|-item|p1a: \u6253\u96f7\u4f55\u65f6\u80fd\u4e2d|Lagging Tail|[from] move: Trick\n|-item|p2a: Bronzong|Heavy-Duty Boots|[from] move: Trick\n|\n|-weather|RainDance|[upkeep]\n|upkeep\n|turn|7\n|\n|t:|1700851654\n|move|p2a: Bronzong|Explosion|p1a: \u6253\u96f7\u4f55\u65f6\u80fd\u4e2d\n|-damage|p1a: \u6253\u96f7\u4f55\u65f6\u80fd\u4e2d|30\/100\n|faint|p2a: Bronzong\n|move|p1a: \u6253\u96f7\u4f55\u65f6\u80fd\u4e2d|Thunderbolt|p2: Bronzong|[notarget]\n|-fail|p1a: \u6253\u96f7\u4f55\u65f6\u80fd\u4e2d\n|\n|-weather|RainDance|[upkeep]\n|upkeep\n|\n|t:|1700851660\n|switch|p2a: Dragonite|Dragonite, F|100\/100\n|turn|8\n|\n|t:|1700851666\n|switch|p1a: \u8349\u94a2|Ferrothorn, F|100\/100 slp\n|move|p2a: Dragonite|Extreme Speed|p1a: \u8349\u94a2\n|-resisted|p1a: \u8349\u94a2\n|-damage|p1a: \u8349\u94a2|88\/100 slp\n|-damage|p2a: Dragonite|88\/100|[from] ability: Iron Barbs|[of] p1a: \u8349\u94a2\n|\n|-weather|RainDance|[upkeep]\n|upkeep\n|turn|9\n|\n|t:|1700851676\n|move|p2a: Dragonite|Curse|p2a: Dragonite\n|-unboost|p2a: Dragonite|spe|1\n|-boost|p2a: Dragonite|atk|1\n|-boost|p2a: Dragonite|def|1\n|cant|p1a: \u8349\u94a2|slp\n|\n|-weather|none\n|upkeep\n|turn|10\n|\n|t:|1700851683\n|move|p2a: Dragonite|Curse|p2a: Dragonite\n|-unboost|p2a: Dragonite|spe|1\n|-boost|p2a: Dragonite|atk|1\n|-boost|p2a: Dragonite|def|1\n|cant|p1a: \u8349\u94a2|slp\n|\n|upkeep\n|turn|11\n|\n|t:|1700851689\n|move|p2a: Dragonite|Curse|p2a: Dragonite\n|-unboost|p2a: Dragonite|spe|1\n|-boost|p2a: Dragonite|atk|1\n|-boost|p2a: Dragonite|def|1\n|cant|p1a: \u8349\u94a2|slp\n|\n|upkeep\n|turn|12\n|\n|t:|1700851696\n|move|p2a: Dragonite|Earthquake|p1a: \u8349\u94a2\n|-damage|p1a: \u8349\u94a2|11\/100 slp\n|-curestatus|p1a: \u8349\u94a2|slp|[msg]\n|move|p1a: \u8349\u94a2|Gyro Ball|p2a: Dragonite\n|-damage|p2a: Dragonite|82\/100\n|\n|upkeep\n|turn|13\n|\n|t:|1700851703\n|move|p2a: Dragonite|Curse|p2a: Dragonite\n|-unboost|p2a: Dragonite|spe|1\n|-boost|p2a: Dragonite|atk|1\n|-boost|p2a: Dragonite|def|1\n|move|p1a: \u8349\u94a2|Gyro Ball|p2a: Dragonite\n|-damage|p2a: Dragonite|78\/100\n|\n|upkeep\n|turn|14\n|\n|t:|1700851709\n|move|p2a: Dragonite|Earthquake|p1a: \u8349\u94a2\n|-damage|p1a: \u8349\u94a2|0 fnt\n|faint|p1a: \u8349\u94a2\n|\n|upkeep\n|\n|t:|1700851716\n|switch|p1a: \u76d6\u9e25\u5361|Pelipper, M|100\/100\n|-weather|RainDance|[from] ability: Drizzle|[of] p1a: \u76d6\u9e25\u5361\n|turn|15\n|\n|t:|1700851722\n|move|p2a: Dragonite|Extreme Speed|p1a: \u76d6\u9e25\u5361\n|-damage|p1a: \u76d6\u9e25\u5361|0 fnt\n|faint|p1a: \u76d6\u9e25\u5361\n|\n|-weather|RainDance|[upkeep]\n|upkeep\n|\n|t:|1700851725\n|switch|p1a: \u86d9\u54e5\u6c34\u70ae\u4ece\u4e0dmiss|Greninja, M|100\/100\n|turn|16\n|\n|t:|1700851730\n|-terastallize|p1a: \u86d9\u54e5\u6c34\u70ae\u4ece\u4e0dmiss|Ghost\n|move|p2a: Dragonite|Extreme Speed|p1a: \u86d9\u54e5\u6c34\u70ae\u4ece\u4e0dmiss\n|-immune|p1a: \u86d9\u54e5\u6c34\u70ae\u4ece\u4e0dmiss\n|move|p1a: \u86d9\u54e5\u6c34\u70ae\u4ece\u4e0dmiss|Hydro Pump|p2a: Dragonite\n|-resisted|p2a: Dragonite\n|-damage|p2a: Dragonite|30\/100\n|\n|-weather|RainDance|[upkeep]\n|upkeep\n|turn|17\n|\n|t:|1700851750\n|move|p1a: \u86d9\u54e5\u6c34\u70ae\u4ece\u4e0dmiss|Hydro Pump|p2a: Dragonite\n|-resisted|p2a: Dragonite\n|-damage|p2a: Dragonite|0 fnt\n|faint|p2a: Dragonite\n|-ability|p1a: \u86d9\u54e5\u6c34\u70ae\u4ece\u4e0dmiss|Battle Bond|boost\n|-boost|p1a: \u86d9\u54e5\u6c34\u70ae\u4ece\u4e0dmiss|atk|1\n|-boost|p1a: \u86d9\u54e5\u6c34\u70ae\u4ece\u4e0dmiss|spa|1\n|-boost|p1a: \u86d9\u54e5\u6c34\u70ae\u4ece\u4e0dmiss|spe|1\n|-activate|p1a: \u86d9\u54e5\u6c34\u70ae\u4ece\u4e0dmiss|ability: Battle Bond\n|\n|-weather|RainDance|[upkeep]\n|upkeep\n|\n|t:|1700851754\n|switch|p2a: Garganacl|Garganacl, M, shiny|100\/100\n|-damage|p2a: Garganacl|88\/100|[from] Stealth Rock\n|turn|18\n|\n|t:|1700851761\n|-terastallize|p2a: Garganacl|Dragon\n|move|p1a: \u86d9\u54e5\u6c34\u70ae\u4ece\u4e0dmiss|Hydro Pump|p2a: Garganacl\n|-resisted|p2a: Garganacl\n|-damage|p2a: Garganacl|34\/100\n|move|p2a: Garganacl|Salt Cure|p1a: \u86d9\u54e5\u6c34\u70ae\u4ece\u4e0dmiss\n|-damage|p1a: \u86d9\u54e5\u6c34\u70ae\u4ece\u4e0dmiss|79\/100\n|-start|p1a: \u86d9\u54e5\u6c34\u70ae\u4ece\u4e0dmiss|Salt Cure\n|\n|-weather|RainDance|[upkeep]\n|-heal|p2a: Garganacl|40\/100|[from] item: Leftovers\n|-damage|p1a: \u86d9\u54e5\u6c34\u70ae\u4ece\u4e0dmiss|67\/100|[from] Salt Cure\n|upkeep\n|turn|19\n|\n|t:|1700851783\n|switch|p2a: Ceruledge|Ceruledge, F, shiny|100\/100\n|-damage|p2a: Ceruledge|76\/100|[from] Stealth Rock\n|move|p1a: \u86d9\u54e5\u6c34\u70ae\u4ece\u4e0dmiss|Hydro Pump|p2a: Ceruledge\n|-supereffective|p2a: Ceruledge\n|-damage|p2a: Ceruledge|0 fnt\n|faint|p2a: Ceruledge\n|\n|-weather|RainDance|[upkeep]\n|-damage|p1a: \u86d9\u54e5\u6c34\u70ae\u4ece\u4e0dmiss|55\/100|[from] Salt Cure\n|upkeep\n|\n|t:|1700851790\n|switch|p2a: Garganacl|Garganacl, M, shiny, tera:Dragon|40\/100\n|-damage|p2a: Garganacl|28\/100|[from] Stealth Rock\n|turn|20\n|\n|t:|1700851795\n|move|p1a: \u86d9\u54e5\u6c34\u70ae\u4ece\u4e0dmiss|Hydro Pump|p2a: Garganacl\n|-resisted|p2a: Garganacl\n|-damage|p2a: Garganacl|0 fnt\n|faint|p2a: Garganacl\n|\n|-weather|RainDance|[upkeep]\n|-damage|p1a: \u86d9\u54e5\u6c34\u70ae\u4ece\u4e0dmiss|42\/100|[from] Salt Cure\n|upkeep\n|\n|t:|1700851798\n|switch|p2a: Garchomp|Garchomp, M|100\/100\n|-damage|p2a: Garchomp|94\/100|[from] Stealth Rock\n|turn|21\n|\n|t:|1700851806\n|move|p1a: \u86d9\u54e5\u6c34\u70ae\u4ece\u4e0dmiss|Hydro Pump|p2a: Garchomp\n|-damage|p2a: Garchomp|0 fnt\n|faint|p2a: Garchomp\n|\n|win|congpizza\n|raw|congpizza's rating: 1308 &rarr; <strong>1325<\/strong><br \/>(+17 for winning)\n|raw|celax's rating: 1249 &rarr; <strong>1228<\/strong><br \/>(-21 for losing)\n","uploadtime":1700851814,"views":8,"p1id":"congpizza","p2id":"celax","formatid":"gen9nationaldex","rating":1228,"private":0,"password":""}