{"id":"gen9nationaldex-1991291596","p1":"SegaSunnyD","p2":"zaizaipo","format":"[Gen 9] National Dex","log":"|j|\u2606SegaSunnyD\n|j|\u2606zaizaipo\n|t:|1700064833\n|gametype|singles\n|player|p1|SegaSunnyD|caitlin|1215\n|player|p2|zaizaipo|101|1226\n|teamsize|p1|6\n|teamsize|p2|6\n|gen|9\n|tier|[Gen 9] National Dex\n|rated|\n|rule|HP Percentage Mod: HP is shown in percentages\n|rule|Endless Battle Clause: Forcing endless battles is banned\n|rule|OHKO Clause: OHKO moves are banned\n|rule|Evasion Clause: Evasion abilities, items, and moves are banned\n|rule|Evasion Abilities Clause: Evasion abilities are banned\n|rule|Evasion Items Clause: Evasion items are banned\n|rule|Evasion Moves Clause: Evasion moves are banned\n|rule|Species Clause: Limit one of each Pok\u00e9mon\n|rule|Sleep Clause Mod: Limit one foe put to sleep\n|clearpoke\n|poke|p1|Gardevoir, M|\n|poke|p1|Venomoth, F|\n|poke|p1|Gengar, M|\n|poke|p1|Araquanid, M|\n|poke|p1|Lucario, M|\n|poke|p1|Greninja-*, M|\n|poke|p2|Sudowoodo, M|\n|poke|p2|Shiftry, F|\n|poke|p2|Corviknight, F|\n|poke|p2|Swampert, F|\n|poke|p2|Pelipper, M|\n|poke|p2|Ogerpon, F|\n|teampreview\n|\n|t:|1700064840\n|start\n|switch|p1a: Araquanid|Araquanid, M, shiny|100\/100\n|switch|p2a: Sudowoodo|Sudowoodo, M, shiny|100\/100\n|turn|1\n|inactive|Battle timer is ON: inactive players will automatically lose when time's up. (requested by zaizaipo)\n|\n|t:|1700064846\n|-terastallize|p1a: Araquanid|Ground\n|move|p2a: Sudowoodo|Stealth Rock|p1a: Araquanid\n|-sidestart|p1: SegaSunnyD|move: Stealth Rock\n|move|p1a: Araquanid|Liquidation|p2a: Sudowoodo\n|-supereffective|p2a: Sudowoodo\n|-ability|p2a: Sudowoodo|Sturdy\n|-damage|p2a: Sudowoodo|1\/100\n|\n|upkeep\n|turn|2\n|-enditem|p2a: Sudowoodo|Custap Berry|[eat]\n|-activate|p2a: Sudowoodo|item: Custap Berry|[consumed]\n|\n|t:|1700064854\n|move|p2a: Sudowoodo|Explosion|p1a: Araquanid\n|-damage|p1a: Araquanid|12\/100\n|faint|p2a: Sudowoodo\n|move|p1a: Araquanid|Liquidation|p2: Sudowoodo|[notarget]\n|-fail|p1a: Araquanid\n|\n|upkeep\n|\n|t:|1700064861\n|switch|p2a: Shiftry|Shiftry, F, shiny|100\/100\n|turn|3\n|\n|t:|1700064866\n|move|p2a: Shiftry|Knock Off|p1a: Araquanid\n|-damage|p1a: Araquanid|0 fnt\n|-enditem|p1a: Araquanid|Focus Sash|[from] move: Knock Off|[of] p2a: Shiftry\n|faint|p1a: Araquanid\n|\n|upkeep\n|\n|t:|1700064870\n|switch|p1a: Venomoth|Venomoth, F, shiny|100\/100\n|-damage|p1a: Venomoth|76\/100|[from] Stealth Rock\n|turn|4\n|\n|t:|1700064876\n|move|p1a: Venomoth|Bug Buzz|p2a: Shiftry\n|-supereffective|p2a: Shiftry\n|-enditem|p2a: Shiftry|Focus Sash\n|-damage|p2a: Shiftry|1\/100\n|-unboost|p2a: Shiftry|spd|1\n|move|p2a: Shiftry|Tailwind|p2a: Shiftry\n|-sidestart|p2: zaizaipo|move: Tailwind\n|-ability|p2a: Shiftry|Wind Rider|boost\n|-boost|p2a: Shiftry|atk|1\n|\n|upkeep\n|turn|5\n|\n|t:|1700064885\n|move|p2a: Shiftry|Explosion|p1a: Venomoth\n|-damage|p1a: Venomoth|0 fnt\n|faint|p2a: Shiftry\n|faint|p1a: Venomoth\n|\n|upkeep\n|\n|t:|1700064900\n|switch|p1a: Lucario|Lucario, M, shiny|100\/100\n|switch|p2a: Pelipper|Pelipper, M|100\/100\n|-weather|RainDance|[from] ability: Drizzle|[of] p2a: Pelipper\n|-damage|p1a: Lucario|98\/100|[from] Stealth Rock\n|turn|6\n|\n|t:|1700064910\n|move|p2a: Pelipper|U-turn|p1a: Lucario\n|-resisted|p1a: Lucario\n|-damage|p1a: Lucario|94\/100\n|\n|t:|1700064916\n|switch|p2a: Swampert|Swampert, F|100\/100|[from] U-turn\n|move|p1a: Lucario|Close Combat|p2a: Swampert\n|-damage|p2a: Swampert|16\/100\n|-unboost|p1a: Lucario|def|1\n|-unboost|p1a: Lucario|spd|1\n|-damage|p1a: Lucario|84\/100|[from] item: Life Orb\n|\n|-weather|RainDance|[upkeep]\n|upkeep\n|turn|7\n|\n|t:|1700064926\n|detailschange|p2a: Swampert|Swampert-Mega, F\n|-mega|p2a: Swampert|Swampert|Swampertite\n|move|p1a: Lucario|Bullet Punch|p2a: Swampert\n|-resisted|p2a: Swampert\n|-crit|p2a: Swampert\n|-damage|p2a: Swampert|0 fnt\n|faint|p2a: Swampert\n|-damage|p1a: Lucario|75\/100|[from] item: Life Orb\n|\n|-weather|RainDance|[upkeep]\n|-sideend|p2: zaizaipo|move: Tailwind\n|upkeep\n|\n|t:|1700064939\n|switch|p2a: Ogerpon|Ogerpon, F|100\/100\n|turn|8\n|\n|t:|1700064943\n|move|p2a: Ogerpon|Superpower|p1a: Lucario\n|-supereffective|p1a: Lucario\n|-damage|p1a: Lucario|0 fnt\n|-unboost|p2a: Ogerpon|atk|1\n|-unboost|p2a: Ogerpon|def|1\n|faint|p1a: Lucario\n|\n|-weather|RainDance|[upkeep]\n|upkeep\n|\n|t:|1700064947\n|switch|p1a: Gengar|Gengar, M|100\/100\n|-damage|p1a: Gengar|88\/100|[from] Stealth Rock\n|turn|9\n|\n|t:|1700064958\n|move|p2a: Ogerpon|U-turn|p1a: Gengar\n|-resisted|p1a: Gengar\n|-damage|p1a: Gengar|81\/100\n|\n|t:|1700064962\n|switch|p2a: Pelipper|Pelipper, M|100\/100|[from] U-turn\n|move|p1a: Gengar|Shadow Ball|p2a: Pelipper\n|-damage|p2a: Pelipper|19\/100\n|-unboost|p2a: Pelipper|spd|1\n|-damage|p1a: Gengar|71\/100|[from] item: Life Orb\n|\n|-weather|RainDance|[upkeep]\n|upkeep\n|turn|10\n|\n|t:|1700064973\n|move|p1a: Gengar|Shadow Ball|p2a: Pelipper\n|-damage|p2a: Pelipper|0 fnt\n|faint|p2a: Pelipper\n|-damage|p1a: Gengar|61\/100|[from] item: Life Orb\n|\n|-weather|none\n|upkeep\n|\n|t:|1700064981\n|switch|p2a: Ogerpon|Ogerpon, F|100\/100\n|turn|11\n|\n|t:|1700064987\n|-zpower|p2a: Ogerpon\n|move|p2a: Ogerpon|Bloom Doom|p1a: Gengar|[zeffect]\n|-resisted|p1a: Gengar\n|-damage|p1a: Gengar|0 fnt\n|faint|p1a: Gengar\n|\n|upkeep\n|\n|t:|1700064994\n|switch|p1a: Greninja|Greninja, M|100\/100\n|-damage|p1a: Greninja|88\/100|[from] Stealth Rock\n|turn|12\n|\n|t:|1700064999\n|move|p1a: Greninja|Ice Beam|p2a: Ogerpon\n|-supereffective|p2a: Ogerpon\n|-damage|p2a: Ogerpon|2\/100\n|move|p2a: Ogerpon|Ivy Cudgel|p1a: Greninja\n|-supereffective|p1a: Greninja\n|-crit|p1a: Greninja\n|-damage|p1a: Greninja|0 fnt\n|faint|p1a: Greninja\n|\n|upkeep\n|\n|t:|1700065006\n|switch|p1a: Gardevoir|Gardevoir, M, shiny|100\/100\n|-damage|p1a: Gardevoir|88\/100|[from] Stealth Rock\n|turn|13\n|\n|t:|1700065014\n|detailschange|p1a: Gardevoir|Gardevoir-Mega, M, shiny\n|-mega|p1a: Gardevoir|Gardevoir|Gardevoirite\n|move|p2a: Ogerpon|U-turn|p1a: Gardevoir\n|-damage|p1a: Gardevoir|45\/100\n|\n|t:|1700065017\n|switch|p2a: Corviknight|Corviknight, F, shiny|100\/100|[from] U-turn\n|move|p1a: Gardevoir|Hyper Voice|p2a: Corviknight\n|-resisted|p2a: Corviknight\n|-damage|p2a: Corviknight|75\/100\n|\n|upkeep\n|turn|14\n|\n|t:|1700065025\n|-terastallize|p2a: Corviknight|Water\n|move|p1a: Gardevoir|Shadow Ball|p2a: Corviknight\n|-damage|p2a: Corviknight|52\/100\n|move|p2a: Corviknight|Iron Head|p1a: Gardevoir\n|-supereffective|p1a: Gardevoir\n|-damage|p1a: Gardevoir|0 fnt\n|faint|p1a: Gardevoir\n|\n|win|zaizaipo\n|raw|SegaSunnyD's rating: 1215 &rarr; <strong>1191<\/strong><br \/>(-24 for losing)\n|raw|zaizaipo's rating: 1226 &rarr; <strong>1250<\/strong><br \/>(+24 for winning)\n|l|\u2606SegaSunnyD\n","uploadtime":1700065034,"views":4,"p1id":"segasunnyd","p2id":"zaizaipo","formatid":"gen9nationaldex","rating":1191,"private":0,"password":""}