{"id":"gen9nationaldex-1989231786","p1":"gock in my rari","p2":"grottosstuff","format":"[Gen 9] National Dex","log":"|j|\u2606gock in my rari\n|j|\u2606grottosstuff\n|t:|1699826031\n|gametype|singles\n|player|p1|gock in my rari|grusha|\n|player|p2|grottosstuff|170|\n|teamsize|p1|6\n|teamsize|p2|6\n|gen|9\n|tier|[Gen 9] National Dex\n|rule|HP Percentage Mod: HP is shown in percentages\n|rule|Endless Battle Clause: Forcing endless battles is banned\n|rule|OHKO Clause: OHKO moves are banned\n|rule|Evasion Clause: Evasion abilities, items, and moves are banned\n|rule|Evasion Abilities Clause: Evasion abilities are banned\n|rule|Evasion Items Clause: Evasion items are banned\n|rule|Evasion Moves Clause: Evasion moves are banned\n|rule|Species Clause: Limit one of each Pok\u00e9mon\n|rule|Sleep Clause Mod: Limit one foe put to sleep\n|clearpoke\n|poke|p1|Steelix, F|\n|poke|p1|Sandy Shocks|\n|poke|p1|Quagsire, M|\n|poke|p1|Toedscruel, M|\n|poke|p1|Claydol|\n|poke|p1|Blastoise, M|\n|poke|p2|Pidgeot, F|\n|poke|p2|Lilligant, F|\n|poke|p2|Starmie|\n|poke|p2|Charizard, M|\n|poke|p2|Lycanroc, M|\n|poke|p2|Cinccino, M|\n|teampreview\n|inactive|Battle timer is ON: inactive players will automatically lose when time's up. (requested by gock in my rari)\n|j| driftwud\n|l|\u2606grottosstuff\n|inactive|grottosstuff disconnected and has 300 seconds to reconnect!\n|player|p2|\n|inactive|gock in my rari has 270 seconds left.\n|j|\u2606grottosstuff\n|inactive|grottosstuff reconnected.\n|player|p2|grottosstuff|170\n|inactive|gock in my rari has 240 seconds left.\n|c|\u2606grottosstuff|dude if i turned my mic on i\u2019d absolutely be the mexican kid on xbox live\n|inactiveoff|Battle timer is now OFF.\n|j| TurBillongsly\n|c|\u2606grottosstuff|the dog\u2019s going apeshit my uncle is talking with my mom there\u2019s a movie going on lmaooo\n|j| Chisette\n|\n|t:|1699826151\n|start\n|switch|p1a: Blue Bowser|Blastoise, M|100\/100\n|switch|p2a: dr clump|Cinccino, M|100\/100\n|turn|1\n|\n|t:|1699826162\n|switch|p1a: The Girthworm|Steelix, F, shiny|100\/100\n|move|p2a: dr clump|Knock Off|p1a: The Girthworm\n|-crit|p1a: The Girthworm\n|-damage|p1a: The Girthworm|81\/100\n|-damage|p2a: dr clump|91\/100|[from] item: Life Orb\n|\n|upkeep\n|turn|2\n|\n|t:|1699826176\n|detailschange|p1a: The Girthworm|Steelix-Mega, F, shiny\n|-mega|p1a: The Girthworm|Steelix|Steelixite\n|move|p2a: dr clump|U-turn|p1a: The Girthworm\n|-resisted|p1a: The Girthworm\n|-damage|p1a: The Girthworm|75\/100\n|-damage|p2a: dr clump|81\/100|[from] item: Life Orb\n|\n|t:|1699826181\n|switch|p2a: marty party|Charizard, M|100\/100|[from] U-turn\n|move|p1a: The Girthworm|Heavy Slam|p2a: marty party\n|-resisted|p2a: marty party\n|-damage|p2a: marty party|55\/100\n|\n|upkeep\n|turn|3\n|\n|t:|1699826199\n|switch|p1a: Blue Bowser|Blastoise, M|100\/100\n|move|p2a: marty party|Overheat|p1a: Blue Bowser\n|-resisted|p1a: Blue Bowser\n|-damage|p1a: Blue Bowser|69\/100\n|-unboost|p2a: marty party|spa|2\n|\n|upkeep\n|turn|4\n|\n|t:|1699826212\n|switch|p2a: hi phi|Lilligant, F|100\/100\n|move|p1a: Blue Bowser|Flip Turn|p2a: hi phi\n|-resisted|p2a: hi phi\n|-damage|p2a: hi phi|81\/100\n|\n|t:|1699826225\n|switch|p1a: Sleepy Joe|Toedscruel, M|100\/100|[from] Flip Turn\n|\n|upkeep\n|turn|5\n|\n|t:|1699826236\n|move|p2a: hi phi|Pollen Puff|p1a: Sleepy Joe\n|-supereffective|p1a: Sleepy Joe\n|-damage|p1a: Sleepy Joe|64\/100\n|move|p1a: Sleepy Joe|Sludge Bomb|p2a: hi phi\n|-supereffective|p2a: hi phi\n|-damage|p2a: hi phi|3\/100\n|\n|upkeep\n|turn|6\n|\n|t:|1699826251\n|move|p2a: hi phi|Pollen Puff|p1a: Sleepy Joe\n|-supereffective|p1a: Sleepy Joe\n|-damage|p1a: Sleepy Joe|34\/100\n|move|p1a: Sleepy Joe|Giga Drain|p2a: hi phi\n|-resisted|p2a: hi phi\n|-damage|p2a: hi phi|0 fnt\n|-heal|p1a: Sleepy Joe|35\/100|[from] drain|[of] p2a: hi phi\n|faint|p2a: hi phi\n|\n|upkeep\n|\n|t:|1699826270\n|switch|p2a: dr clump|Cinccino, M|81\/100\n|turn|7\n|\n|t:|1699826288\n|move|p2a: dr clump|U-turn|p1a: Sleepy Joe\n|-supereffective|p1a: Sleepy Joe\n|-damage|p1a: Sleepy Joe|0 fnt\n|faint|p1a: Sleepy Joe\n|-damage|p2a: dr clump|71\/100|[from] item: Life Orb\n|\n|t:|1699826294\n|switch|p2a: nb patrick|Starmie|100\/100|[from] U-turn\n|\n|upkeep\n|\n|t:|1699826309\n|switch|p1a: Big Stepper|Sandy Shocks|100\/100\n|turn|8\n|\n|t:|1699826318\n|move|p1a: Big Stepper|Thunderbolt|p2a: nb patrick\n|-supereffective|p2a: nb patrick\n|-damage|p2a: nb patrick|0 fnt\n|faint|p2a: nb patrick\n|\n|upkeep\n|\n|t:|1699826323\n|switch|p2a: sonic adventure 2|Lycanroc, M, shiny|100\/100\n|turn|9\n|\n|t:|1699826346\n|-end|p1a: Big Stepper|Protosynthesis|[silent]\n|switch|p1a: Pretty in Pink|Quagsire, M, shiny|100\/100\n|move|p2a: sonic adventure 2|Stealth Rock|p1a: Pretty in Pink\n|-sidestart|p1: gock in my rari|move: Stealth Rock\n|\n|upkeep\n|turn|10\n|\n|t:|1699826356\n|move|p2a: sonic adventure 2|Endeavor|p1a: Pretty in Pink\n|-damage|p1a: Pretty in Pink|85\/100\n|-damage|p2a: sonic adventure 2|84\/100|[from] item: Rocky Helmet|[of] p1a: Pretty in Pink\n|move|p1a: Pretty in Pink|Yawn|p2a: sonic adventure 2\n|-start|p2a: sonic adventure 2|move: Yawn|[of] p1a: Pretty in Pink\n|\n|upkeep\n|turn|11\n|\n|t:|1699826365\n|switch|p2a: super budgie|Pidgeot, F, shiny|100\/100\n|move|p1a: Pretty in Pink|Spikes|p2a: super budgie\n|-sidestart|p2: grottosstuff|Spikes\n|\n|upkeep\n|turn|12\n|\n|t:|1699826375\n|detailschange|p2a: super budgie|Pidgeot-Mega, F, shiny\n|-mega|p2a: super budgie|Pidgeot|Pidgeotite\n|move|p2a: super budgie|U-turn|p1a: Pretty in Pink\n|-damage|p1a: Pretty in Pink|76\/100\n|-damage|p2a: super budgie|84\/100|[from] item: Rocky Helmet|[of] p1a: Pretty in Pink\n|\n|t:|1699826381\n|switch|p2a: marty party|Charizard, M|55\/100|[from] U-turn\n|move|p1a: Pretty in Pink|Yawn|p2a: marty party\n|-start|p2a: marty party|move: Yawn|[of] p1a: Pretty in Pink\n|\n|upkeep\n|turn|13\n|\n|t:|1699826393\n|move|p2a: marty party|Focus Blast|p1a: Pretty in Pink\n|-damage|p1a: Pretty in Pink|6\/100\n|move|p1a: Pretty in Pink|Recover|p1a: Pretty in Pink\n|-heal|p1a: Pretty in Pink|56\/100\n|\n|-end|p2a: marty party|move: Yawn|[silent]\n|-status|p2a: marty party|slp\n|upkeep\n|turn|14\n|\n|t:|1699826401\n|cant|p2a: marty party|slp\n|move|p1a: Pretty in Pink|Recover|p1a: Pretty in Pink\n|-heal|p1a: Pretty in Pink|100\/100\n|\n|upkeep\n|turn|15\n|\n|t:|1699826407\n|switch|p1a: Blue Bowser|Blastoise, M|69\/100\n|-damage|p1a: Blue Bowser|57\/100|[from] Stealth Rock\n|cant|p2a: marty party|slp\n|\n|upkeep\n|turn|16\n|\n|t:|1699826418\n|cant|p2a: marty party|slp\n|move|p1a: Blue Bowser|Flip Turn|p2a: marty party\n|-supereffective|p2a: marty party\n|-damage|p2a: marty party|0 fnt\n|faint|p2a: marty party\n|\n|t:|1699826424\n|switch|p1a: Arahabaki|Claydol|100\/100|[from] Flip Turn\n|-damage|p1a: Arahabaki|94\/100|[from] Stealth Rock\n|\n|upkeep\n|\n|t:|1699826430\n|switch|p2a: dr clump|Cinccino, M|71\/100\n|-damage|p2a: dr clump|58\/100|[from] Spikes\n|turn|17\n|\n|t:|1699826439\n|move|p2a: dr clump|Bullet Seed|p1a: Arahabaki\n|-supereffective|p1a: Arahabaki\n|-damage|p1a: Arahabaki|74\/100\n|-supereffective|p1a: Arahabaki\n|-damage|p1a: Arahabaki|52\/100\n|-supereffective|p1a: Arahabaki\n|-damage|p1a: Arahabaki|33\/100\n|-supereffective|p1a: Arahabaki\n|-damage|p1a: Arahabaki|13\/100\n|-supereffective|p1a: Arahabaki\n|-damage|p1a: Arahabaki|0 fnt\n|faint|p1a: Arahabaki\n|-hitcount|p1: Arahabaki|5\n|-damage|p2a: dr clump|48\/100|[from] item: Life Orb\n|\n|upkeep\n|\n|t:|1699826454\n|switch|p1a: Big Stepper|Sandy Shocks|100\/100\n|-damage|p1a: Big Stepper|94\/100|[from] Stealth Rock\n|turn|18\n|\n|t:|1699826475\n|switch|p2a: super budgie|Pidgeot-Mega, F, shiny|84\/100\n|move|p1a: Big Stepper|Volt Switch|p2a: super budgie\n|-supereffective|p2a: super budgie\n|-damage|p2a: super budgie|0 fnt\n|faint|p2a: super budgie\n|\n|t:|1699826482\n|-end|p1a: Big Stepper|Protosynthesis|[silent]\n|switch|p1a: The Girthworm|Steelix-Mega, F, shiny|75\/100|[from] Volt Switch\n|-damage|p1a: The Girthworm|72\/100|[from] Stealth Rock\n|\n|upkeep\n|\n|t:|1699826488\n|switch|p2a: sonic adventure 2|Lycanroc, M, shiny|84\/100\n|-damage|p2a: sonic adventure 2|72\/100|[from] Spikes\n|turn|19\n|\n|t:|1699826499\n|move|p2a: sonic adventure 2|Close Combat|p1a: The Girthworm\n|-supereffective|p1a: The Girthworm\n|-crit|p1a: The Girthworm\n|-damage|p1a: The Girthworm|17\/100\n|-unboost|p2a: sonic adventure 2|def|1\n|-unboost|p2a: sonic adventure 2|spd|1\n|move|p1a: The Girthworm|Body Press|p2a: sonic adventure 2\n|-supereffective|p2a: sonic adventure 2\n|-damage|p2a: sonic adventure 2|0 fnt\n|faint|p2a: sonic adventure 2\n|\n|upkeep\n|\n|t:|1699826510\n|switch|p2a: dr clump|Cinccino, M|48\/100\n|-damage|p2a: dr clump|36\/100|[from] Spikes\n|turn|20\n|\n|t:|1699826517\n|move|p2a: dr clump|Tail Slap|p1a: The Girthworm|[miss]\n|-miss|p2a: dr clump|p1a: The Girthworm\n|move|p1a: The Girthworm|Body Press|p2a: dr clump\n|-supereffective|p2a: dr clump\n|-damage|p2a: dr clump|0 fnt\n|faint|p2a: dr clump\n|\n|win|gock in my rari\n","uploadtime":1699826527,"views":8,"p1id":"gockinmyrari","p2id":"grottosstuff","formatid":"gen9nationaldex","rating":0,"private":0,"password":""}