{"id":"gen9nationaldex-1994267188","p1":"Bumpers362","p2":"actualonion","format":"[Gen 9] National Dex","log":"|j|\u2606Bumpers362\n|j|\u2606actualonion\n|t:|1700425207\n|gametype|singles\n|player|p1|Bumpers362|steven|1330\n|player|p2|actualonion|allister|1445\n|teamsize|p1|6\n|teamsize|p2|6\n|gen|9\n|tier|[Gen 9] National Dex\n|rated|\n|rule|HP Percentage Mod: HP is shown in percentages\n|rule|Endless Battle Clause: Forcing endless battles is banned\n|rule|OHKO Clause: OHKO moves are banned\n|rule|Evasion Clause: Evasion abilities, items, and moves are banned\n|rule|Evasion Abilities Clause: Evasion abilities are banned\n|rule|Evasion Items Clause: Evasion items are banned\n|rule|Evasion Moves Clause: Evasion moves are banned\n|rule|Species Clause: Limit one of each Pok\u00e9mon\n|rule|Sleep Clause Mod: Limit one foe put to sleep\n|clearpoke\n|poke|p1|Beedrill, M|\n|poke|p1|Umbreon, M|\n|poke|p1|Grimmsnarl, M|\n|poke|p1|Garganacl, F|\n|poke|p1|Iron Moth|\n|poke|p1|Gliscor, F|\n|poke|p2|Banette, M|\n|poke|p2|Alomomola, F|\n|poke|p2|Hatterene, F|\n|poke|p2|Ting-Lu|\n|poke|p2|Dragonite, M|\n|poke|p2|Kommo-o, M|\n|teampreview\n|inactive|Battle timer is ON: inactive players will automatically lose when time's up. (requested by Bumpers362)\n|inactive|actualonion has 120 seconds left.\n|\n|t:|1700425249\n|start\n|switch|p1a: Umbreon|Umbreon, M, shiny|100\/100\n|switch|p2a: Banette|Banette, M|100\/100\n|turn|1\n|\n|t:|1700425259\n|detailschange|p2a: Banette|Banette-Mega, M\n|-mega|p2a: Banette|Banette|Banettite\n|move|p2a: Banette|Destiny Bond|p2a: Banette\n|-singlemove|p2a: Banette|Destiny Bond\n|move|p1a: Umbreon|Foul Play|p2a: Banette\n|-supereffective|p2a: Banette\n|-damage|p2a: Banette|0 fnt\n|faint|p2a: Banette\n|-activate|p2a: Banette|move: Destiny Bond\n|faint|p1a: Umbreon\n|\n|upkeep\n|\n|t:|1700425274\n|switch|p2a: Ting-Lu|Ting-Lu|100\/100\n|switch|p1a: Gliscor|Gliscor, F|100\/100\n|-ability|p2a: Ting-Lu|Vessel of Ruin\n|turn|2\n|\n|t:|1700425294\n|-terastallize|p2a: Ting-Lu|Poison\n|move|p1a: Gliscor|Toxic|p2a: Ting-Lu\n|-immune|p2a: Ting-Lu\n|move|p2a: Ting-Lu|Stealth Rock|p1a: Gliscor\n|-sidestart|p1: Bumpers362|move: Stealth Rock\n|\n|-status|p1a: Gliscor|tox|[from] item: Toxic Orb\n|upkeep\n|turn|3\n|\n|t:|1700425302\n|move|p1a: Gliscor|Defog|p2a: Ting-Lu\n|-unboost|p2a: Ting-Lu|evasion|1\n|-sideend|p1: Bumpers362|Stealth Rock|[from] move: Defog|[of] p1a: Gliscor\n|move|p2a: Ting-Lu|Whirlwind|p1a: Gliscor\n|drag|p1a: Iron Moth|Iron Moth|100\/100\n|\n|upkeep\n|turn|4\n|\n|t:|1700425309\n|move|p1a: Iron Moth|Psychic|p2a: Ting-Lu\n|-supereffective|p2a: Ting-Lu\n|-damage|p2a: Ting-Lu|63\/100\n|move|p2a: Ting-Lu|Stealth Rock|p1a: Iron Moth\n|-sidestart|p1: Bumpers362|move: Stealth Rock\n|\n|-heal|p2a: Ting-Lu|69\/100|[from] item: Leftovers\n|upkeep\n|turn|5\n|\n|t:|1700425315\n|-end|p1a: Iron Moth|Quark Drive|[silent]\n|switch|p1a: Gliscor|Gliscor, F|100\/100 tox\n|-damage|p1a: Gliscor|88\/100 tox|[from] Stealth Rock\n|move|p2a: Ting-Lu|Whirlwind|p1a: Gliscor\n|drag|p1a: Grimmsnarl|Grimmsnarl, M|100\/100\n|-damage|p1a: Grimmsnarl|88\/100|[from] Stealth Rock\n|\n|-heal|p2a: Ting-Lu|75\/100|[from] item: Leftovers\n|upkeep\n|turn|6\n|\n|t:|1700425325\n|switch|p2a: Hatterene|Hatterene, F|100\/100\n|move|p1a: Grimmsnarl|Thunder Wave|p2a: Hatterene\n|move|p2a: Hatterene|Thunder Wave|p1a: Grimmsnarl|[from]ability: Magic Bounce\n|-status|p1a: Grimmsnarl|par\n|\n|upkeep\n|turn|7\n|\n|t:|1700425336\n|switch|p1a: Gliscor|Gliscor, F|88\/100 tox\n|-damage|p1a: Gliscor|75\/100 tox|[from] Stealth Rock\n|move|p2a: Hatterene|Calm Mind|p2a: Hatterene\n|-boost|p2a: Hatterene|spa|1\n|-boost|p2a: Hatterene|spd|1\n|\n|-heal|p1a: Gliscor|88\/100 tox|[from] ability: Poison Heal\n|upkeep\n|turn|8\n|\n|t:|1700425344\n|move|p1a: Gliscor|Defog|p2a: Hatterene\n|move|p2a: Hatterene|Defog|p1a: Gliscor|[from]ability: Magic Bounce\n|-unboost|p1a: Gliscor|evasion|1\n|-sideend|p1: Bumpers362|Stealth Rock|[from] move: Defog|[of] p2a: Hatterene\n|move|p2a: Hatterene|Calm Mind|p2a: Hatterene\n|-boost|p2a: Hatterene|spa|1\n|-boost|p2a: Hatterene|spd|1\n|\n|-heal|p1a: Gliscor|100\/100 tox|[from] ability: Poison Heal\n|upkeep\n|turn|9\n|\n|t:|1700425358\n|move|p1a: Gliscor|Earthquake|p2a: Hatterene\n|-damage|p2a: Hatterene|73\/100\n|move|p2a: Hatterene|Psyshock|p1a: Gliscor\n|-damage|p1a: Gliscor|50\/100 tox\n|\n|-heal|p2a: Hatterene|79\/100|[from] item: Leftovers\n|-heal|p1a: Gliscor|62\/100 tox|[from] ability: Poison Heal\n|upkeep\n|turn|10\n|\n|t:|1700425366\n|move|p1a: Gliscor|Earthquake|p2a: Hatterene\n|-damage|p2a: Hatterene|53\/100\n|move|p2a: Hatterene|Draining Kiss|p1a: Gliscor\n|-damage|p1a: Gliscor|16\/100 tox\n|-heal|p2a: Hatterene|91\/100|[from] drain|[of] p1a: Gliscor\n|\n|-heal|p2a: Hatterene|97\/100|[from] item: Leftovers\n|-heal|p1a: Gliscor|29\/100 tox|[from] ability: Poison Heal\n|upkeep\n|turn|11\n|\n|t:|1700425375\n|move|p1a: Gliscor|Earthquake|p2a: Hatterene\n|-damage|p2a: Hatterene|67\/100\n|move|p2a: Hatterene|Draining Kiss|p1a: Gliscor\n|-damage|p1a: Gliscor|0 fnt\n|-heal|p2a: Hatterene|91\/100|[from] drain|[of] p1a: Gliscor\n|faint|p1a: Gliscor\n|\n|-heal|p2a: Hatterene|97\/100|[from] item: Leftovers\n|upkeep\n|\n|t:|1700425382\n|switch|p1a: Beedrill|Beedrill, M|100\/100\n|turn|12\n|\n|t:|1700425391\n|switch|p2a: Alomomola|Alomomola, F|100\/100\n|detailschange|p1a: Beedrill|Beedrill-Mega, M\n|-mega|p1a: Beedrill|Beedrill|Beedrillite\n|move|p1a: Beedrill|Poison Jab|p2a: Alomomola\n|-damage|p2a: Alomomola|62\/100\n|\n|upkeep\n|turn|13\n|\n|t:|1700425404\n|move|p1a: Beedrill|U-turn|p2a: Alomomola\n|-damage|p2a: Alomomola|26\/100\n|\n|t:|1700425410\n|switch|p1a: Grimmsnarl|Grimmsnarl, M|88\/100 par|[from] U-turn\n|move|p2a: Alomomola|Flip Turn|p1a: Grimmsnarl\n|-damage|p1a: Grimmsnarl|69\/100 par\n|\n|t:|1700425424\n|switch|p2a: Ting-Lu|Ting-Lu, tera:Poison|75\/100|[from] Flip Turn\n|-ability|p2a: Ting-Lu|Vessel of Ruin\n|\n|-heal|p2a: Ting-Lu|81\/100|[from] item: Leftovers\n|upkeep\n|turn|14\n|\n|t:|1700425431\n|cant|p1a: Grimmsnarl|par\n|move|p2a: Ting-Lu|Stealth Rock|p1a: Grimmsnarl\n|-sidestart|p1: Bumpers362|move: Stealth Rock\n|\n|-heal|p2a: Ting-Lu|88\/100|[from] item: Leftovers\n|upkeep\n|turn|15\n|\n|t:|1700425436\n|switch|p2a: Hatterene|Hatterene, F|97\/100\n|move|p1a: Grimmsnarl|Reflect|p1a: Grimmsnarl\n|-sidestart|p1: Bumpers362|Reflect\n|\n|-heal|p2a: Hatterene|100\/100|[from] item: Leftovers\n|upkeep\n|turn|16\n|\n|t:|1700425444\n|cant|p1a: Grimmsnarl|par\n|move|p2a: Hatterene|Calm Mind|p2a: Hatterene\n|-boost|p2a: Hatterene|spa|1\n|-boost|p2a: Hatterene|spd|1\n|\n|upkeep\n|turn|17\n|\n|t:|1700425449\n|move|p1a: Grimmsnarl|Light Screen|p1a: Grimmsnarl\n|-sidestart|p1: Bumpers362|move: Light Screen\n|move|p2a: Hatterene|Calm Mind|p2a: Hatterene\n|-boost|p2a: Hatterene|spa|1\n|-boost|p2a: Hatterene|spd|1\n|\n|upkeep\n|turn|18\n|\n|t:|1700425457\n|move|p2a: Hatterene|Psyshock|p1a: Grimmsnarl\n|-immune|p1a: Grimmsnarl\n|cant|p1a: Grimmsnarl|par\n|\n|upkeep\n|turn|19\n|\n|t:|1700425468\n|move|p2a: Hatterene|Calm Mind|p2a: Hatterene\n|-boost|p2a: Hatterene|spa|1\n|-boost|p2a: Hatterene|spd|1\n|move|p1a: Grimmsnarl|Spirit Break|p2a: Hatterene\n|-damage|p2a: Hatterene|74\/100\n|-unboost|p2a: Hatterene|spa|1\n|\n|-heal|p2a: Hatterene|80\/100|[from] item: Leftovers\n|upkeep\n|turn|20\n|\n|t:|1700425478\n|move|p2a: Hatterene|Draining Kiss|p1a: Grimmsnarl\n|-supereffective|p1a: Grimmsnarl\n|-damage|p1a: Grimmsnarl|32\/100 par\n|-heal|p2a: Hatterene|100\/100|[from] drain|[of] p1a: Grimmsnarl\n|move|p1a: Grimmsnarl|Spirit Break|p2a: Hatterene\n|-damage|p2a: Hatterene|74\/100\n|-unboost|p2a: Hatterene|spa|1\n|\n|-heal|p2a: Hatterene|80\/100|[from] item: Leftovers\n|upkeep\n|turn|21\n|\n|t:|1700425487\n|move|p2a: Hatterene|Draining Kiss|p1a: Grimmsnarl\n|-supereffective|p1a: Grimmsnarl\n|-damage|p1a: Grimmsnarl|9\/100 par\n|-heal|p2a: Hatterene|100\/100|[from] drain|[of] p1a: Grimmsnarl\n|move|p1a: Grimmsnarl|Spirit Break|p2a: Hatterene\n|-damage|p2a: Hatterene|77\/100\n|-unboost|p2a: Hatterene|spa|1\n|\n|-heal|p2a: Hatterene|83\/100|[from] item: Leftovers\n|upkeep\n|turn|22\n|\n|t:|1700425496\n|move|p2a: Hatterene|Mystical Fire|p1a: Grimmsnarl\n|-damage|p1a: Grimmsnarl|0 fnt\n|faint|p1a: Grimmsnarl\n|\n|-heal|p2a: Hatterene|89\/100|[from] item: Leftovers\n|-sideend|p1: Bumpers362|Reflect\n|upkeep\n|\n|t:|1700425503\n|switch|p1a: Garganacl|Garganacl, F|100\/100\n|-damage|p1a: Garganacl|88\/100|[from] Stealth Rock\n|turn|23\n|\n|t:|1700425524\n|move|p2a: Hatterene|Calm Mind|p2a: Hatterene\n|-boost|p2a: Hatterene|spa|1\n|-boost|p2a: Hatterene|spd|1\n|move|p1a: Garganacl|Salt Cure|p2a: Hatterene\n|-damage|p2a: Hatterene|76\/100\n|-start|p2a: Hatterene|Salt Cure\n|\n|-heal|p2a: Hatterene|82\/100|[from] item: Leftovers\n|-heal|p1a: Garganacl|94\/100|[from] item: Leftovers\n|-damage|p2a: Hatterene|69\/100|[from] Salt Cure\n|upkeep\n|turn|24\n|\n|t:|1700425533\n|move|p2a: Hatterene|Calm Mind|p2a: Hatterene\n|-boost|p2a: Hatterene|spa|1\n|-boost|p2a: Hatterene|spd|1\n|move|p1a: Garganacl|Iron Defense|p1a: Garganacl\n|-boost|p1a: Garganacl|def|2\n|\n|-heal|p2a: Hatterene|75\/100|[from] item: Leftovers\n|-heal|p1a: Garganacl|100\/100|[from] item: Leftovers\n|-damage|p2a: Hatterene|63\/100|[from] Salt Cure\n|-sideend|p1: Bumpers362|move: Light Screen\n|upkeep\n|turn|25\n|\n|t:|1700425542\n|move|p2a: Hatterene|Draining Kiss|p1a: Garganacl\n|-damage|p1a: Garganacl|59\/100\n|-heal|p2a: Hatterene|100\/100|[from] drain|[of] p1a: Garganacl\n|move|p1a: Garganacl|Body Press|p2a: Hatterene\n|-resisted|p2a: Hatterene\n|-damage|p2a: Hatterene|89\/100\n|\n|-heal|p2a: Hatterene|95\/100|[from] item: Leftovers\n|-heal|p1a: Garganacl|65\/100|[from] item: Leftovers\n|-damage|p2a: Hatterene|83\/100|[from] Salt Cure\n|upkeep\n|turn|26\n|\n|t:|1700425552\n|move|p2a: Hatterene|Draining Kiss|p1a: Garganacl\n|-crit|p1a: Garganacl\n|-damage|p1a: Garganacl|5\/100\n|-heal|p2a: Hatterene|100\/100|[from] drain|[of] p1a: Garganacl\n|move|p1a: Garganacl|Recover|p1a: Garganacl\n|-heal|p1a: Garganacl|55\/100\n|\n|-heal|p1a: Garganacl|61\/100|[from] item: Leftovers\n|-damage|p2a: Hatterene|88\/100|[from] Salt Cure\n|upkeep\n|turn|27\n|\n|t:|1700425567\n|move|p2a: Hatterene|Psyshock|p1a: Garganacl\n|-damage|p1a: Garganacl|44\/100\n|move|p1a: Garganacl|Salt Cure|p2a: Hatterene\n|-damage|p2a: Hatterene|76\/100\n|\n|-heal|p2a: Hatterene|82\/100|[from] item: Leftovers\n|-heal|p1a: Garganacl|50\/100|[from] item: Leftovers\n|-damage|p2a: Hatterene|70\/100|[from] Salt Cure\n|upkeep\n|turn|28\n|\n|t:|1700425576\n|move|p2a: Hatterene|Draining Kiss|p1a: Garganacl\n|-damage|p1a: Garganacl|10\/100\n|-heal|p2a: Hatterene|100\/100|[from] drain|[of] p1a: Garganacl\n|move|p1a: Garganacl|Recover|p1a: Garganacl\n|-heal|p1a: Garganacl|60\/100\n|\n|-heal|p1a: Garganacl|66\/100|[from] item: Leftovers\n|-damage|p2a: Hatterene|88\/100|[from] Salt Cure\n|upkeep\n|turn|29\n|\n|t:|1700425585\n|move|p2a: Hatterene|Draining Kiss|p1a: Garganacl\n|-damage|p1a: Garganacl|25\/100\n|-heal|p2a: Hatterene|100\/100|[from] drain|[of] p1a: Garganacl\n|move|p1a: Garganacl|Iron Defense|p1a: Garganacl\n|-boost|p1a: Garganacl|def|2\n|\n|-heal|p1a: Garganacl|31\/100|[from] item: Leftovers\n|-damage|p2a: Hatterene|88\/100|[from] Salt Cure\n|upkeep\n|turn|30\n|\n|t:|1700425593\n|move|p2a: Hatterene|Draining Kiss|p1a: Garganacl\n|-damage|p1a: Garganacl|0 fnt\n|-heal|p2a: Hatterene|100\/100|[from] drain|[of] p1a: Garganacl\n|faint|p1a: Garganacl\n|\n|-damage|p2a: Hatterene|88\/100|[from] Salt Cure\n|upkeep\n|\n|t:|1700425597\n|switch|p1a: Iron Moth|Iron Moth|100\/100\n|-damage|p1a: Iron Moth|76\/100|[from] Stealth Rock\n|turn|31\n|\n|t:|1700425603\n|move|p1a: Iron Moth|Sludge Wave|p2a: Hatterene\n|-supereffective|p2a: Hatterene\n|-damage|p2a: Hatterene|41\/100\n|move|p2a: Hatterene|Psyshock|p1a: Iron Moth\n|-supereffective|p1a: Iron Moth\n|-damage|p1a: Iron Moth|0 fnt\n|faint|p1a: Iron Moth\n|-end|p1a: Iron Moth|Quark Drive|[silent]\n|\n|-heal|p2a: Hatterene|47\/100|[from] item: Leftovers\n|-damage|p2a: Hatterene|35\/100|[from] Salt Cure\n|upkeep\n|\n|t:|1700425608\n|switch|p1a: Beedrill|Beedrill-Mega, M|100\/100\n|-damage|p1a: Beedrill|75\/100|[from] Stealth Rock\n|turn|32\n|\n|t:|1700425616\n|move|p1a: Beedrill|Fell Stinger|p2a: Hatterene\n|-damage|p2a: Hatterene|0 fnt\n|faint|p2a: Hatterene\n|-boost|p1a: Beedrill|atk|3\n|\n|upkeep\n|\n|t:|1700425625\n|switch|p2a: Dragonite|Dragonite, M|100\/100\n|turn|33\n|\n|t:|1700425632\n|move|p1a: Beedrill|Knock Off|p2a: Dragonite\n|-damage|p2a: Dragonite|52\/100\n|-enditem|p2a: Dragonite|Heavy-Duty Boots|[from] move: Knock Off|[of] p1a: Beedrill\n|move|p2a: Dragonite|Earthquake|p1a: Beedrill\n|-damage|p1a: Beedrill|0 fnt\n|faint|p1a: Beedrill\n|\n|win|actualonion\n|raw|Bumpers362's rating: 1330 &rarr; <strong>1316<\/strong><br \/>(-14 for losing)\n|raw|actualonion's rating: 1445 &rarr; <strong>1459<\/strong><br \/>(+14 for winning)\n|l|\u2606actualonion\n|j|\u2606actualonion\n|player|p2|actualonion|allister\n","uploadtime":1700425647,"views":4,"p1id":"bumpers362","p2id":"actualonion","formatid":"gen9nationaldex","rating":1316,"private":0,"password":""}