{"id":"gen9nationaldex-1995473934","p1":"Lindono","p2":"NDSNEZ thb","format":"[Gen 9] National Dex","log":"|html|<div class=\"broadcast-blue\"><strong>[Gen 9] National Dex is currently suspecting Sneasler! For information on how to participate check out the <a href=\"https:\/\/www.smogon.com\/forums\/threads\/sv-national-dex-suspect-8-just-dance.3731534\/\">suspect thread<\/a>.<\/strong><\/div>\n|j|\u2606Lindono\n|j|\u2606NDSNEZ thb\n|t:|1700574793\n|gametype|singles\n|player|p1|Lindono|alder|1181\n|player|p2|NDSNEZ thb|teammagmagruntm-gen3|1124\n|teamsize|p1|6\n|teamsize|p2|6\n|gen|9\n|tier|[Gen 9] National Dex\n|rated|\n|rule|HP Percentage Mod: HP is shown in percentages\n|rule|Endless Battle Clause: Forcing endless battles is banned\n|rule|OHKO Clause: OHKO moves are banned\n|rule|Evasion Clause: Evasion abilities, items, and moves are banned\n|rule|Evasion Abilities Clause: Evasion abilities are banned\n|rule|Evasion Items Clause: Evasion items are banned\n|rule|Evasion Moves Clause: Evasion moves are banned\n|rule|Species Clause: Limit one of each Pok\u00e9mon\n|rule|Sleep Clause Mod: Limit one foe put to sleep\n|clearpoke\n|poke|p1|Iron Valiant|\n|poke|p1|Sceptile, M|\n|poke|p1|Crobat, M|\n|poke|p1|Great Tusk|\n|poke|p1|Slowking-Galar, F|\n|poke|p1|Gliscor, M|\n|poke|p2|Slowbro, F|\n|poke|p2|Ninetales-Alola, M|\n|poke|p2|Garganacl, M|\n|poke|p2|Sneasler, M|\n|poke|p2|Tapu Lele|\n|poke|p2|Gliscor, M|\n|teampreview\n|inactive|Battle timer is ON: inactive players will automatically lose when time's up. (requested by Lindono)\n|\n|t:|1700574809\n|start\n|switch|p1a: Donphan?|Great Tusk|100\/100\n|switch|p2a: Ninetales|Ninetales-Alola, M|100\/100\n|-weather|Snow|[from] ability: Snow Warning|[of] p2a: Ninetales\n|turn|1\n|\n|t:|1700574820\n|move|p2a: Ninetales|Blizzard|p1a: Donphan?\n|-supereffective|p1a: Donphan?\n|-damage|p1a: Donphan?|55\/100\n|move|p1a: Donphan?|Brick Break|p2a: Ninetales\n|-damage|p2a: Ninetales|74\/100\n|\n|-weather|Snow|[upkeep]\n|upkeep\n|turn|2\n|\n|t:|1700574829\n|-end|p1a: Donphan?|Protosynthesis|[silent]\n|switch|p1a: Go poison shiiiu|Slowking-Galar, F|100\/100\n|move|p2a: Ninetales|Draining Kiss|p1a: Go poison shiiiu\n|-resisted|p1a: Go poison shiiiu\n|-damage|p1a: Go poison shiiiu|96\/100\n|-heal|p2a: Ninetales|77\/100|[from] drain|[of] p1a: Go poison shiiiu\n|\n|-weather|Snow|[upkeep]\n|-heal|p1a: Go poison shiiiu|100\/100|[from] item: Leftovers\n|upkeep\n|turn|3\n|\n|t:|1700574839\n|move|p2a: Ninetales|Aurora Veil|p2a: Ninetales\n|-sidestart|p2: NDSNEZ thb|move: Aurora Veil\n|move|p1a: Go poison shiiiu|Thunder Wave|p2a: Ninetales\n|-status|p2a: Ninetales|par\n|\n|-weather|Snow|[upkeep]\n|upkeep\n|turn|4\n|\n|t:|1700574847\n|move|p2a: Ninetales|Encore|p1a: Go poison shiiiu\n|-start|p1a: Go poison shiiiu|Encore\n|move|p1a: Go poison shiiiu|Thunder Wave|p2a: Ninetales\n|-fail|p2a: Ninetales|par\n|\n|-weather|Snow|[upkeep]\n|upkeep\n|turn|5\n|\n|t:|1700574877\n|switch|p2a: Garganacl|Garganacl, M|100\/100\n|switch|p1a: Donphan?|Great Tusk|55\/100\n|\n|-weather|none\n|upkeep\n|turn|6\n|\n|t:|1700574889\n|move|p1a: Donphan?|Earthquake|p2a: Garganacl\n|-supereffective|p2a: Garganacl\n|-damage|p2a: Garganacl|72\/100\n|move|p2a: Garganacl|Iron Defense|p2a: Garganacl\n|-boost|p2a: Garganacl|def|2\n|\n|-heal|p2a: Garganacl|78\/100|[from] item: Leftovers\n|upkeep\n|turn|7\n|\n|t:|1700574897\n|move|p1a: Donphan?|Brick Break|p2a: Garganacl\n|-sideend|p2: NDSNEZ thb|move: Aurora Veil\n|-supereffective|p2a: Garganacl\n|-damage|p2a: Garganacl|54\/100\n|move|p2a: Garganacl|Salt Cure|p1a: Donphan?\n|-resisted|p1a: Donphan?\n|-damage|p1a: Donphan?|53\/100\n|-start|p1a: Donphan?|Salt Cure\n|\n|-heal|p2a: Garganacl|61\/100|[from] item: Leftovers\n|-damage|p1a: Donphan?|41\/100|[from] Salt Cure\n|upkeep\n|turn|8\n|\n|t:|1700574908\n|-end|p1a: Donphan?|Protosynthesis|[silent]\n|switch|p1a: OU banned|Gliscor, M|100\/100\n|move|p2a: Garganacl|Recover|p2a: Garganacl\n|-heal|p2a: Garganacl|100\/100\n|\n|-status|p1a: OU banned|tox|[from] item: Toxic Orb\n|upkeep\n|turn|9\n|\n|t:|1700574916\n|move|p1a: OU banned|Knock Off|p2a: Garganacl\n|-damage|p2a: Garganacl|94\/100\n|-enditem|p2a: Garganacl|Leftovers|[from] move: Knock Off|[of] p1a: OU banned\n|move|p2a: Garganacl|Salt Cure|p1a: OU banned\n|-damage|p1a: OU banned|92\/100 tox\n|-start|p1a: OU banned|Salt Cure\n|\n|-heal|p1a: OU banned|100\/100 tox|[from] ability: Poison Heal\n|-damage|p1a: OU banned|88\/100 tox|[from] Salt Cure\n|upkeep\n|turn|10\n|\n|t:|1700574927\n|move|p1a: OU banned|Earthquake|p2a: Garganacl\n|-supereffective|p2a: Garganacl\n|-damage|p2a: Garganacl|71\/100\n|move|p2a: Garganacl|Iron Defense|p2a: Garganacl\n|-boost|p2a: Garganacl|def|2\n|\n|-heal|p1a: OU banned|100\/100 tox|[from] ability: Poison Heal\n|-damage|p1a: OU banned|88\/100 tox|[from] Salt Cure\n|upkeep\n|turn|11\n|\n|t:|1700574937\n|move|p1a: OU banned|Earthquake|p2a: Garganacl\n|-supereffective|p2a: Garganacl\n|-crit|p2a: Garganacl\n|-damage|p2a: Garganacl|0 fnt\n|faint|p2a: Garganacl\n|\n|-heal|p1a: OU banned|100\/100 tox|[from] ability: Poison Heal\n|-damage|p1a: OU banned|88\/100 tox|[from] Salt Cure\n|upkeep\n|\n|t:|1700574945\n|switch|p2a: Ninetales|Ninetales-Alola, M|77\/100 par\n|-weather|Snow|[from] ability: Snow Warning|[of] p2a: Ninetales\n|turn|12\n|\n|t:|1700574950\n|switch|p1a: Go poison shiiiu|Slowking-Galar, F|100\/100\n|move|p2a: Ninetales|Blizzard|p1a: Go poison shiiiu\n|-damage|p1a: Go poison shiiiu|80\/100\n|\n|-weather|Snow|[upkeep]\n|-heal|p1a: Go poison shiiiu|86\/100|[from] item: Leftovers\n|upkeep\n|turn|13\n|\n|t:|1700574959\n|move|p2a: Ninetales|Aurora Veil|p2a: Ninetales\n|-sidestart|p2: NDSNEZ thb|move: Aurora Veil\n|move|p1a: Go poison shiiiu|Future Sight|p2a: Ninetales\n|-start|p1a: Go poison shiiiu|move: Future Sight\n|\n|-weather|Snow|[upkeep]\n|-heal|p1a: Go poison shiiiu|92\/100|[from] item: Leftovers\n|upkeep\n|turn|14\n|\n|t:|1700574968\n|switch|p2a: Gliscor|Gliscor, M|100\/100\n|switch|p1a: Sweep all the fuck|Iron Valiant|100\/100\n|-enditem|p1a: Sweep all the fuck|Booster Energy\n|-activate|p1a: Sweep all the fuck|ability: Quark Drive|[fromitem]\n|-start|p1a: Sweep all the fuck|quarkdrivespe\n|\n|-weather|Snow|[upkeep]\n|-status|p2a: Gliscor|tox|[from] item: Toxic Orb\n|upkeep\n|turn|15\n|\n|t:|1700574980\n|move|p1a: Sweep all the fuck|Moonblast|p2a: Gliscor\n|-damage|p2a: Gliscor|70\/100 tox\n|move|p2a: Gliscor|Earthquake|p1a: Sweep all the fuck\n|-damage|p1a: Sweep all the fuck|59\/100\n|\n|-weather|Snow|[upkeep]\n|-end|p2a: Gliscor|move: Future Sight\n|-damage|p2a: Gliscor|43\/100 tox\n|-heal|p2a: Gliscor|56\/100 tox|[from] ability: Poison Heal\n|upkeep\n|turn|16\n|\n|t:|1700574993\n|-end|p1a: Sweep all the fuck|Quark Drive|[silent]\n|switch|p1a: Anti-substitute|Crobat, M, shiny|100\/100\n|move|p2a: Gliscor|Earthquake|p1a: Anti-substitute\n|-immune|p1a: Anti-substitute\n|\n|-weather|none\n|-heal|p2a: Gliscor|68\/100 tox|[from] ability: Poison Heal\n|upkeep\n|turn|17\n|\n|t:|1700575003\n|move|p1a: Anti-substitute|Poison Fang|p2a: Gliscor\n|-resisted|p2a: Gliscor\n|-damage|p2a: Gliscor|63\/100 tox\n|move|p2a: Gliscor|U-turn|p1a: Anti-substitute\n|-resisted|p1a: Anti-substitute\n|-crit|p1a: Anti-substitute\n|-damage|p1a: Anti-substitute|94\/100\n|\n|t:|1700575011\n|switch|p2a: Tapu Lele|Tapu Lele|100\/100|[from] U-turn\n|-fieldstart|move: Psychic Terrain|[from] ability: Psychic Surge|[of] p2a: Tapu Lele\n|\n|-heal|p1a: Anti-substitute|100\/100|[from] item: Black Sludge\n|upkeep\n|turn|18\n|\n|t:|1700575032\n|switch|p1a: Go poison shiiiu|Slowking-Galar, F|100\/100\n|move|p2a: Tapu Lele|Psychic|p1a: Go poison shiiiu\n|-damage|p1a: Go poison shiiiu|60\/100\n|\n|-heal|p1a: Go poison shiiiu|66\/100|[from] item: Leftovers\n|upkeep\n|turn|19\n|\n|t:|1700575044\n|switch|p2a: Gliscor|Gliscor, M|63\/100 tox\n|move|p1a: Go poison shiiiu|Sludge Wave|p2a: Gliscor\n|-resisted|p2a: Gliscor\n|-damage|p2a: Gliscor|51\/100 tox\n|\n|-heal|p1a: Go poison shiiiu|72\/100|[from] item: Leftovers\n|-heal|p2a: Gliscor|64\/100 tox|[from] ability: Poison Heal\n|upkeep\n|turn|20\n|\n|t:|1700575055\n|switch|p1a: Donphan?|Great Tusk|41\/100\n|move|p2a: Gliscor|Earthquake|p1a: Donphan?\n|-damage|p1a: Donphan?|23\/100\n|\n|-heal|p2a: Gliscor|76\/100 tox|[from] ability: Poison Heal\n|-sideend|p2: NDSNEZ thb|move: Aurora Veil\n|upkeep\n|turn|21\n|\n|t:|1700575065\n|move|p2a: Gliscor|Protect|p2a: Gliscor\n|-singleturn|p2a: Gliscor|Protect\n|move|p1a: Donphan?|Ice Spinner|p2a: Gliscor\n|-activate|p2a: Gliscor|move: Protect\n|\n|-heal|p2a: Gliscor|89\/100 tox|[from] ability: Poison Heal\n|-fieldend|move: Psychic Terrain\n|upkeep\n|turn|22\n|\n|t:|1700575074\n|switch|p2a: Slowbro|Slowbro, F|100\/100\n|move|p1a: Donphan?|Ice Spinner|p2a: Slowbro\n|-resisted|p2a: Slowbro\n|-damage|p2a: Slowbro|91\/100\n|\n|upkeep\n|turn|23\n|\n|t:|1700575081\n|-end|p1a: Donphan?|Protosynthesis|[silent]\n|switch|p1a: underestimated|Sceptile, M|100\/100\n|move|p2a: Slowbro|Scald|p1a: underestimated\n|-resisted|p1a: underestimated\n|-damage|p1a: underestimated|82\/100\n|\n|upkeep\n|turn|24\n|inactive|NDSNEZ thb has 120 seconds left.\n|\n|t:|1700575117\n|switch|p2a: Gliscor|Gliscor, M|89\/100 tox\n|detailschange|p1a: underestimated|Sceptile-Mega, M\n|-mega|p1a: underestimated|Sceptile|Sceptilite\n|move|p1a: underestimated|Leech Seed|p2a: Gliscor|[miss]\n|-miss|p1a: underestimated|p2a: Gliscor\n|\n|-heal|p2a: Gliscor|100\/100 tox|[from] ability: Poison Heal\n|upkeep\n|turn|25\n|inactive|NDSNEZ thb has 120 seconds left.\n|\n|t:|1700575139\n|switch|p1a: Anti-substitute|Crobat, M, shiny|100\/100\n|move|p2a: Gliscor|Toxic|p1a: Anti-substitute\n|-immune|p1a: Anti-substitute\n|\n|upkeep\n|turn|26\n|\n|t:|1700575149\n|move|p1a: Anti-substitute|Brave Bird|p2a: Gliscor\n|-damage|p2a: Gliscor|73\/100 tox\n|-damage|p1a: Anti-substitute|90\/100|[from] Recoil\n|move|p2a: Gliscor|U-turn|p1a: Anti-substitute\n|-resisted|p1a: Anti-substitute\n|-damage|p1a: Anti-substitute|86\/100\n|\n|t:|1700575156\n|switch|p2a: Tapu Lele|Tapu Lele|100\/100|[from] U-turn\n|-fieldstart|move: Psychic Terrain|[from] ability: Psychic Surge|[of] p2a: Tapu Lele\n|\n|-heal|p1a: Anti-substitute|92\/100|[from] item: Black Sludge\n|upkeep\n|turn|27\n|\n|t:|1700575170\n|switch|p1a: Go poison shiiiu|Slowking-Galar, F|100\/100\n|move|p2a: Tapu Lele|Psyshock|p1a: Go poison shiiiu\n|-damage|p1a: Go poison shiiiu|40\/100\n|\n|-heal|p1a: Go poison shiiiu|46\/100|[from] item: Leftovers\n|upkeep\n|turn|28\n|\n|t:|1700575180\n|switch|p1a: OU banned|Gliscor, M|88\/100 tox\n|move|p2a: Tapu Lele|Psyshock|p1a: OU banned\n|-damage|p1a: OU banned|55\/100 tox\n|\n|-heal|p1a: OU banned|67\/100 tox|[from] ability: Poison Heal\n|upkeep\n|turn|29\n|\n|t:|1700575190\n|switch|p2a: Ninetales|Ninetales-Alola, M|77\/100 par\n|-weather|Snow|[from] ability: Snow Warning|[of] p2a: Ninetales\n|move|p1a: OU banned|Knock Off|p2a: Ninetales\n|-resisted|p2a: Ninetales\n|-damage|p2a: Ninetales|68\/100 par\n|-enditem|p2a: Ninetales|Light Clay|[from] move: Knock Off|[of] p1a: OU banned\n|\n|-weather|Snow|[upkeep]\n|-heal|p1a: OU banned|80\/100 tox|[from] ability: Poison Heal\n|upkeep\n|turn|30\n|\n|t:|1700575203\n|switch|p1a: Go poison shiiiu|Slowking-Galar, F|79\/100\n|cant|p2a: Ninetales|par\n|\n|-weather|Snow|[upkeep]\n|-heal|p1a: Go poison shiiiu|85\/100|[from] item: Leftovers\n|-fieldend|move: Psychic Terrain\n|upkeep\n|turn|31\n|\n|t:|1700575212\n|move|p2a: Ninetales|Aurora Veil|p2a: Ninetales\n|-sidestart|p2: NDSNEZ thb|move: Aurora Veil\n|move|p1a: Go poison shiiiu|Sludge Wave|p2a: Ninetales\n|-supereffective|p2a: Ninetales\n|-damage|p2a: Ninetales|33\/100 par\n|\n|-weather|Snow|[upkeep]\n|-heal|p1a: Go poison shiiiu|91\/100|[from] item: Leftovers\n|upkeep\n|turn|32\n|\n|t:|1700575221\n|move|p2a: Ninetales|Blizzard|p1a: Go poison shiiiu\n|-damage|p1a: Go poison shiiiu|72\/100\n|move|p1a: Go poison shiiiu|Future Sight|p2a: Ninetales\n|-start|p1a: Go poison shiiiu|move: Future Sight\n|\n|-weather|Snow|[upkeep]\n|-heal|p1a: Go poison shiiiu|78\/100|[from] item: Leftovers\n|upkeep\n|turn|33\n|\n|t:|1700575229\n|switch|p2a: Slowbro|Slowbro, F|100\/100\n|move|p1a: Go poison shiiiu|Sludge Wave|p2a: Slowbro\n|-damage|p2a: Slowbro|88\/100\n|\n|-weather|none\n|-heal|p1a: Go poison shiiiu|84\/100|[from] item: Leftovers\n|upkeep\n|turn|34\n|\n|t:|1700575239\n|switch|p1a: underestimated|Sceptile-Mega, M|82\/100\n|move|p2a: Slowbro|Calm Mind|p2a: Slowbro\n|-boost|p2a: Slowbro|spa|1\n|-boost|p2a: Slowbro|spd|1\n|\n|-end|p2a: Slowbro|move: Future Sight\n|-resisted|p2a: Slowbro\n|-damage|p2a: Slowbro|83\/100\n|upkeep\n|turn|35\n|\n|t:|1700575249\n|detailschange|p2a: Slowbro|Slowbro-Mega, F\n|-mega|p2a: Slowbro|Slowbro|Slowbronite\n|move|p1a: underestimated|Leaf Storm|p2a: Slowbro\n|-supereffective|p2a: Slowbro\n|-damage|p2a: Slowbro|47\/100\n|-unboost|p1a: underestimated|spa|2\n|move|p2a: Slowbro|Scald|p1a: underestimated\n|-resisted|p1a: underestimated\n|-damage|p1a: underestimated|66\/100\n|\n|-sideend|p2: NDSNEZ thb|move: Aurora Veil\n|upkeep\n|turn|36\n|\n|t:|1700575264\n|switch|p1a: Go poison shiiiu|Slowking-Galar, F|100\/100\n|move|p2a: Slowbro|Slack Off|p2a: Slowbro\n|-heal|p2a: Slowbro|97\/100\n|\n|upkeep\n|turn|37\n|\n|t:|1700575273\n|move|p2a: Slowbro|Calm Mind|p2a: Slowbro\n|-boost|p2a: Slowbro|spa|1\n|-boost|p2a: Slowbro|spd|1\n|move|p1a: Go poison shiiiu|Thunder Wave|p2a: Slowbro|[miss]\n|-miss|p1a: Go poison shiiiu|p2a: Slowbro\n|\n|upkeep\n|turn|38\n|\n|t:|1700575286\n|move|p1a: Go poison shiiiu|Chilly Reception|p1a: Go poison shiiiu\n|-weather|Snow\n|\n|t:|1700575289\n|switch|p1a: Anti-substitute|Crobat, M, shiny|92\/100|[from] Chilly Reception\n|move|p2a: Slowbro|Calm Mind|p2a: Slowbro\n|-boost|p2a: Slowbro|spa|1\n|-boost|p2a: Slowbro|spd|1\n|\n|-weather|Snow|[upkeep]\n|-heal|p1a: Anti-substitute|99\/100|[from] item: Black Sludge\n|upkeep\n|turn|39\n|\n|t:|1700575299\n|move|p1a: Anti-substitute|Haze|p1a: Anti-substitute\n|-clearallboost\n|move|p2a: Slowbro|Scald|p1a: Anti-substitute\n|-damage|p1a: Anti-substitute|55\/100\n|-status|p1a: Anti-substitute|brn\n|\n|-weather|Snow|[upkeep]\n|-heal|p1a: Anti-substitute|61\/100 brn|[from] item: Black Sludge\n|-damage|p1a: Anti-substitute|55\/100 brn|[from] brn\n|upkeep\n|turn|40\n|\n|t:|1700575311\n|move|p1a: Anti-substitute|Poison Fang|p2a: Slowbro\n|-damage|p2a: Slowbro|92\/100\n|-status|p2a: Slowbro|tox\n|move|p2a: Slowbro|Calm Mind|p2a: Slowbro\n|-boost|p2a: Slowbro|spa|1\n|-boost|p2a: Slowbro|spd|1\n|\n|-weather|Snow|[upkeep]\n|-heal|p1a: Anti-substitute|61\/100 brn|[from] item: Black Sludge\n|-damage|p2a: Slowbro|86\/100 tox|[from] psn\n|-damage|p1a: Anti-substitute|55\/100 brn|[from] brn\n|upkeep\n|turn|41\n|\n|t:|1700575323\n|move|p1a: Anti-substitute|Roost|p1a: Anti-substitute\n|-heal|p1a: Anti-substitute|100\/100 brn\n|-singleturn|p1a: Anti-substitute|move: Roost\n|move|p2a: Slowbro|Scald|p1a: Anti-substitute\n|-damage|p1a: Anti-substitute|26\/100 brn\n|\n|-weather|Snow|[upkeep]\n|-heal|p1a: Anti-substitute|32\/100 brn|[from] item: Black Sludge\n|-damage|p2a: Slowbro|74\/100 tox|[from] psn\n|-damage|p1a: Anti-substitute|26\/100 brn|[from] brn\n|upkeep\n|turn|42\n|\n|t:|1700575340\n|switch|p1a: underestimated|Sceptile-Mega, M|66\/100\n|move|p2a: Slowbro|Scald|p1a: underestimated\n|-resisted|p1a: underestimated\n|-damage|p1a: underestimated|46\/100\n|\n|-weather|none\n|-damage|p2a: Slowbro|56\/100 tox|[from] psn\n|upkeep\n|turn|43\n|\n|t:|1700575349\n|move|p1a: underestimated|Leech Seed|p2a: Slowbro\n|-start|p2a: Slowbro|move: Leech Seed\n|move|p2a: Slowbro|Scald|p1a: underestimated\n|-resisted|p1a: underestimated\n|-damage|p1a: underestimated|29\/100\n|-status|p1a: underestimated|brn\n|\n|-damage|p2a: Slowbro|43\/100 tox|[from] Leech Seed|[of] p1a: underestimated\n|-heal|p1a: underestimated|46\/100 brn|[silent]\n|-damage|p2a: Slowbro|19\/100 tox|[from] psn\n|-damage|p1a: underestimated|40\/100 brn|[from] brn\n|upkeep\n|turn|44\n|\n|t:|1700575365\n|move|p1a: underestimated|Focus Blast|p2a: Slowbro|[miss]\n|-miss|p1a: underestimated|p2a: Slowbro\n|move|p2a: Slowbro|Scald|p1a: underestimated\n|-resisted|p1a: underestimated\n|-damage|p1a: underestimated|22\/100 brn\n|\n|-damage|p2a: Slowbro|6\/100 tox|[from] Leech Seed|[of] p1a: underestimated\n|-heal|p1a: underestimated|40\/100 brn|[silent]\n|-damage|p2a: Slowbro|0 fnt|[from] psn\n|faint|p2a: Slowbro\n|-damage|p1a: underestimated|34\/100 brn|[from] brn\n|upkeep\n|\n|t:|1700575373\n|switch|p2a: Sneasler|Sneasler, M|100\/100\n|turn|45\n|\n|t:|1700575401\n|switch|p1a: OU banned|Gliscor, M|80\/100 tox\n|move|p2a: Sneasler|Close Combat|p1a: OU banned\n|-resisted|p1a: OU banned\n|-damage|p1a: OU banned|57\/100 tox\n|-unboost|p2a: Sneasler|def|1\n|-unboost|p2a: Sneasler|spd|1\n|-enditem|p2a: Sneasler|White Herb\n|-clearnegativeboost|p2a: Sneasler|[silent]\n|\n|-heal|p1a: OU banned|69\/100 tox|[from] ability: Poison Heal\n|upkeep\n|turn|46\n|\n|t:|1700575415\n|-terastallize|p2a: Sneasler|Flying\n|move|p2a: Sneasler|Swords Dance|p2a: Sneasler\n|-boost|p2a: Sneasler|atk|2\n|move|p1a: OU banned|Knock Off|p2a: Sneasler\n|-damage|p2a: Sneasler|75\/100\n|\n|-heal|p1a: OU banned|82\/100 tox|[from] ability: Poison Heal\n|upkeep\n|turn|47\n|\n|t:|1700575426\n|move|p2a: Sneasler|Acrobatics|p1a: OU banned\n|-damage|p1a: OU banned|0 fnt\n|faint|p1a: OU banned\n|\n|upkeep\n|inactive|Lindono has 120 seconds left.\n|\n|t:|1700575461\n|switch|p1a: Sweep all the fuck|Iron Valiant|59\/100\n|turn|48\n|\n|t:|1700575480\n|-terastallize|p1a: Sweep all the fuck|Electric\n|move|p2a: Sneasler|Close Combat|p1a: Sweep all the fuck\n|-damage|p1a: Sweep all the fuck|0 fnt\n|-unboost|p2a: Sneasler|def|1\n|-unboost|p2a: Sneasler|spd|1\n|faint|p1a: Sweep all the fuck\n|-end|p1a: Sweep all the fuck|Quark Drive|[silent]\n|\n|upkeep\n|inactive|Lindono has 120 seconds left.\n|\n|t:|1700575491\n|switch|p1a: Anti-substitute|Crobat, M, shiny|26\/100 brn\n|turn|49\n|\n|t:|1700575499\n|move|p2a: Sneasler|Acrobatics|p1a: Anti-substitute\n|-damage|p1a: Anti-substitute|0 fnt\n|faint|p1a: Anti-substitute\n|\n|upkeep\n|inactive|Lindono has 120 seconds left.\n|\n|t:|1700575517\n|switch|p1a: Donphan?|Great Tusk|23\/100\n|turn|50\n|\n|t:|1700575521\n|move|p2a: Sneasler|Acrobatics|p1a: Donphan?\n|-supereffective|p1a: Donphan?\n|-damage|p1a: Donphan?|0 fnt\n|faint|p1a: Donphan?\n|-end|p1a: Donphan?|Protosynthesis|[silent]\n|\n|upkeep\n|\n|t:|1700575527\n|switch|p1a: underestimated|Sceptile-Mega, M|34\/100 brn\n|turn|51\n|\n|t:|1700575530\n|move|p2a: Sneasler|Acrobatics|p1a: underestimated\n|-supereffective|p1a: underestimated\n|-damage|p1a: underestimated|0 fnt\n|faint|p1a: underestimated\n|\n|upkeep\n|\n|t:|1700575535\n|switch|p1a: Go poison shiiiu|Slowking-Galar, F|100\/100\n|turn|52\n|\n|t:|1700575539\n|move|p2a: Sneasler|Acrobatics|p1a: Go poison shiiiu\n|-damage|p1a: Go poison shiiiu|0 fnt\n|faint|p1a: Go poison shiiiu\n|\n|win|NDSNEZ thb\n|raw|Lindono's rating: 1181 &rarr; <strong>1152<\/strong><br \/>(-29 for losing)\n|raw|NDSNEZ thb's rating: 1124 &rarr; <strong>1153<\/strong><br \/>(+29 for winning)\n|l|\u2606Lindono\n","uploadtime":1700575547,"views":3,"p1id":"lindono","p2id":"ndsnezthb","formatid":"gen9nationaldex","rating":1152,"private":0,"password":""}