{"id":"gen9nationaldex-1987628187","p1":"IceBerryCoffee","p2":"gubes","format":"[Gen 9] National Dex","log":"|j|\u2606IceBerryCoffee\n|j|\u2606gubes\n|t:|1699621480\n|gametype|singles\n|player|p1|IceBerryCoffee|101|1318\n|player|p2|gubes|169|1291\n|teamsize|p1|6\n|teamsize|p2|6\n|gen|9\n|tier|[Gen 9] National Dex\n|rated|\n|rule|HP Percentage Mod: HP is shown in percentages\n|rule|Endless Battle Clause: Forcing endless battles is banned\n|rule|OHKO Clause: OHKO moves are banned\n|rule|Evasion Clause: Evasion abilities, items, and moves are banned\n|rule|Evasion Abilities Clause: Evasion abilities are banned\n|rule|Evasion Items Clause: Evasion items are banned\n|rule|Evasion Moves Clause: Evasion moves are banned\n|rule|Species Clause: Limit one of each Pok\u00e9mon\n|rule|Sleep Clause Mod: Limit one foe put to sleep\n|clearpoke\n|poke|p1|Scizor, F|\n|poke|p1|Great Tusk|\n|poke|p1|Volcarona, F|\n|poke|p1|Landorus-Therian, M|\n|poke|p1|Munkidori, M|\n|poke|p1|Rotom-Wash|\n|poke|p2|Swampert, F|\n|poke|p2|Torkoal, M|\n|poke|p2|Pelipper, M|\n|poke|p2|Venusaur, M|\n|poke|p2|Volcanion|\n|poke|p2|Latias, F|\n|teampreview\n|inactive|Battle timer is ON: inactive players will automatically lose when time's up. (requested by IceBerryCoffee)\n|\n|t:|1699621517\n|start\n|switch|p1a: Rotom|Rotom-Wash|100\/100\n|switch|p2a: Pelipper|Pelipper, M|100\/100\n|-weather|RainDance|[from] ability: Drizzle|[of] p2a: Pelipper\n|turn|1\n|\n|t:|1699621539\n|switch|p2a: Latias|Latias, F|100\/100\n|move|p1a: Rotom|Volt Switch|p2a: Latias\n|-resisted|p2a: Latias\n|-damage|p2a: Latias|90\/100\n|\n|t:|1699621550\n|switch|p1a: Volcarona|Volcarona, F|100\/100|[from] Volt Switch\n|\n|-weather|RainDance|[upkeep]\n|upkeep\n|turn|2\n|inactive|gubes has 120 seconds left.\n|\n|t:|1699621602\n|switch|p2a: Swampert|Swampert, F, shiny|100\/100\n|move|p1a: Volcarona|Quiver Dance|p1a: Volcarona\n|-boost|p1a: Volcarona|spa|1\n|-boost|p1a: Volcarona|spd|1\n|-boost|p1a: Volcarona|spe|1\n|\n|-weather|RainDance|[upkeep]\n|upkeep\n|turn|3\n|\n|t:|1699621618\n|detailschange|p2a: Swampert|Swampert-Mega, F, shiny\n|-mega|p2a: Swampert|Swampert|Swampertite\n|move|p1a: Volcarona|Giga Drain|p2a: Swampert\n|-supereffective|p2a: Swampert\n|-damage|p2a: Swampert|0 fnt\n|faint|p2a: Swampert\n|\n|-weather|RainDance|[upkeep]\n|upkeep\n|\n|t:|1699621636\n|switch|p2a: Volcanion|Volcanion|100\/100\n|turn|4\n|\n|t:|1699621643\n|-terastallize|p1a: Volcarona|Grass\n|move|p1a: Volcarona|Quiver Dance|p1a: Volcarona\n|-boost|p1a: Volcarona|spa|1\n|-boost|p1a: Volcarona|spd|1\n|-boost|p1a: Volcarona|spe|1\n|move|p2a: Volcanion|Steam Eruption|p1a: Volcarona|[miss]\n|-miss|p2a: Volcanion|p1a: Volcarona\n|\n|-weather|RainDance|[upkeep]\n|upkeep\n|turn|5\n|inactive|gubes has 90 seconds left.\n|inactive|gubes has 60 seconds left.\n|\n|t:|1699621718\n|switch|p2a: Torkoal|Torkoal, M|100\/100\n|-weather|SunnyDay|[from] ability: Drought|[of] p2a: Torkoal\n|move|p1a: Volcarona|Quiver Dance|p1a: Volcarona\n|-boost|p1a: Volcarona|spa|1\n|-boost|p1a: Volcarona|spd|1\n|-boost|p1a: Volcarona|spe|1\n|\n|-weather|SunnyDay|[upkeep]\n|upkeep\n|turn|6\n|\n|t:|1699621735\n|move|p1a: Volcarona|Flamethrower|p2a: Torkoal\n|-resisted|p2a: Torkoal\n|-damage|p2a: Torkoal|0 fnt\n|faint|p2a: Torkoal\n|\n|-weather|SunnyDay|[upkeep]\n|upkeep\n|\n|t:|1699621738\n|switch|p2a: Volcanion|Volcanion|100\/100\n|turn|7\n|\n|t:|1699621745\n|move|p1a: Volcarona|Giga Drain|p2a: Volcanion\n|-damage|p2a: Volcanion|0 fnt\n|faint|p2a: Volcanion\n|\n|-weather|SunnyDay|[upkeep]\n|upkeep\n|inactive|gubes has 60 seconds left.\n|\n|t:|1699621779\n|switch|p2a: Venusaur|Venusaur, M|100\/100\n|turn|8\n|\n|t:|1699621782\n|move|p1a: Volcarona|Flamethrower|p2a: Venusaur\n|-supereffective|p2a: Venusaur\n|-damage|p2a: Venusaur|0 fnt\n|faint|p2a: Venusaur\n|\n|-weather|SunnyDay|[upkeep]\n|upkeep\n|inactive|gubes has 30 seconds left.\n|inactive|gubes has 20 seconds left.\n|-message|gubes forfeited.\n|\n|win|IceBerryCoffee\n|inactive|gubes has 25 seconds left this turn.\n|raw|IceBerryCoffee's rating: 1318 &rarr; <strong>1336<\/strong><br \/>(+18 for winning)\n|raw|gubes's rating: 1291 &rarr; <strong>1268<\/strong><br \/>(-23 for losing)\n|l|\u2606gubes\n","uploadtime":1699621831,"views":4,"p1id":"iceberrycoffee","p2id":"gubes","formatid":"gen9nationaldex","rating":1268,"private":0,"password":""}