{"id":"gen9nationaldex-1999924600","p1":"DANTAS-DARK","p2":"pandabot42","format":"[Gen 9] National Dex","log":"|html|<div class=\"broadcast-blue\"><strong>[Gen 9] National Dex is currently suspecting Sneasler! For information on how to participate check out the <a href=\"https:\/\/www.smogon.com\/forums\/threads\/sv-national-dex-suspect-8-just-dance.3731534\/\">suspect thread<\/a>.<\/strong><\/div>\n|j|\u2606DANTAS-DARK\n|j|\u2606pandabot42\n|t:|1701130693\n|gametype|singles\n|player|p1|DANTAS-DARK|silver|1224\n|player|p2|pandabot42|steven|1171\n|teamsize|p1|6\n|teamsize|p2|6\n|gen|9\n|tier|[Gen 9] National Dex\n|rated|\n|rule|HP Percentage Mod: HP is shown in percentages\n|rule|Endless Battle Clause: Forcing endless battles is banned\n|rule|OHKO Clause: OHKO moves are banned\n|rule|Evasion Clause: Evasion abilities, items, and moves are banned\n|rule|Evasion Abilities Clause: Evasion abilities are banned\n|rule|Evasion Items Clause: Evasion items are banned\n|rule|Evasion Moves Clause: Evasion moves are banned\n|rule|Species Clause: Limit one of each Pok\u00e9mon\n|rule|Sleep Clause Mod: Limit one foe put to sleep\n|clearpoke\n|poke|p1|Tyranitar, M|\n|poke|p1|Grimmsnarl, M|\n|poke|p1|Moltres-Galar|\n|poke|p1|Greninja-*, M|\n|poke|p1|Hoopa-Unbound|\n|poke|p1|Meowscarada, F|\n|poke|p2|Sneasler, F|\n|poke|p2|Gliscor, M|\n|poke|p2|Scizor, M|\n|poke|p2|Garganacl, M|\n|poke|p2|Urshifu-*, F|\n|poke|p2|Aegislash, F|\n|teampreview\n|\n|t:|1701130707\n|start\n|switch|p1a: Grimmsnarl|Grimmsnarl, M|100\/100\n|switch|p2a: Gliscor|Gliscor, M|100\/100\n|turn|1\n|inactive|Battle timer is ON: inactive players will automatically lose when time's up. (requested by DANTAS-DARK)\n|\n|t:|1701130712\n|move|p1a: Grimmsnarl|Taunt|p2a: Gliscor\n|-start|p2a: Gliscor|move: Taunt\n|cant|p2a: Gliscor|move: Taunt|Stealth Rock\n|\n|-status|p2a: Gliscor|tox|[from] item: Toxic Orb\n|upkeep\n|turn|2\n|\n|t:|1701130718\n|move|p1a: Grimmsnarl|Reflect|p1a: Grimmsnarl\n|-sidestart|p1: DANTAS-DARK|Reflect\n|move|p2a: Gliscor|Earthquake|p1a: Grimmsnarl\n|-damage|p1a: Grimmsnarl|84\/100\n|\n|upkeep\n|turn|3\n|\n|t:|1701130729\n|switch|p2a: Scizor|Scizor, M|100\/100\n|move|p1a: Grimmsnarl|Light Screen|p1a: Grimmsnarl\n|-sidestart|p1: DANTAS-DARK|move: Light Screen\n|\n|upkeep\n|turn|4\n|\n|t:|1701130736\n|detailschange|p2a: Scizor|Scizor-Mega, M\n|-mega|p2a: Scizor|Scizor|Scizorite\n|move|p1a: Grimmsnarl|Taunt|p2a: Scizor\n|-start|p2a: Scizor|move: Taunt\n|cant|p2a: Scizor|move: Taunt|Swords Dance\n|\n|upkeep\n|turn|5\n|\n|t:|1701130740\n|move|p2a: Scizor|Bullet Punch|p1a: Grimmsnarl\n|-supereffective|p1a: Grimmsnarl\n|-damage|p1a: Grimmsnarl|46\/100\n|move|p1a: Grimmsnarl|Parting Shot|p2a: Scizor\n|-unboost|p2a: Scizor|atk|1\n|-unboost|p2a: Scizor|spa|1\n|\n|t:|1701130744\n|switch|p1a: Moltres|Moltres-Galar|100\/100|[from] Parting Shot\n|\n|upkeep\n|turn|6\n|\n|t:|1701130755\n|switch|p2a: Garganacl|Garganacl, M|100\/100\n|move|p1a: Moltres|Agility|p1a: Moltres\n|-boost|p1a: Moltres|spe|2\n|\n|upkeep\n|turn|7\n|\n|t:|1701130762\n|move|p1a: Moltres|Nasty Plot|p1a: Moltres\n|-boost|p1a: Moltres|spa|2\n|move|p2a: Garganacl|Salt Cure|p1a: Moltres\n|-supereffective|p1a: Moltres\n|-damage|p1a: Moltres|84\/100\n|-start|p1a: Moltres|Salt Cure\n|\n|-damage|p1a: Moltres|72\/100|[from] Salt Cure\n|upkeep\n|turn|8\n|\n|t:|1701130770\n|move|p1a: Moltres|Fiery Wrath|p2a: Garganacl\n|-damage|p2a: Garganacl|43\/100\n|move|p2a: Garganacl|Substitute|p2a: Garganacl\n|-start|p2a: Garganacl|Substitute\n|-damage|p2a: Garganacl|18\/100\n|\n|-heal|p2a: Garganacl|24\/100|[from] item: Leftovers\n|-damage|p1a: Moltres|59\/100|[from] Salt Cure\n|upkeep\n|turn|9\n|\n|t:|1701130777\n|move|p1a: Moltres|Fiery Wrath|p2a: Garganacl\n|-end|p2a: Garganacl|Substitute\n|move|p2a: Garganacl|Recover|p2a: Garganacl\n|-heal|p2a: Garganacl|74\/100\n|\n|-heal|p2a: Garganacl|80\/100|[from] item: Leftovers\n|-damage|p1a: Moltres|47\/100|[from] Salt Cure\n|-sideend|p1: DANTAS-DARK|Reflect\n|upkeep\n|-enditem|p1a: Moltres|Sitrus Berry|[eat]\n|-heal|p1a: Moltres|72\/100|[from] item: Sitrus Berry\n|turn|10\n|\n|t:|1701130785\n|move|p1a: Moltres|Fiery Wrath|p2a: Garganacl\n|-damage|p2a: Garganacl|23\/100\n|move|p2a: Garganacl|Recover|p2a: Garganacl\n|-heal|p2a: Garganacl|73\/100\n|\n|-heal|p2a: Garganacl|79\/100|[from] item: Leftovers\n|-damage|p1a: Moltres|59\/100|[from] Salt Cure\n|-sideend|p1: DANTAS-DARK|move: Light Screen\n|upkeep\n|turn|11\n|\n|t:|1701130792\n|move|p1a: Moltres|Nasty Plot|p1a: Moltres\n|-boost|p1a: Moltres|spa|2\n|move|p2a: Garganacl|Recover|p2a: Garganacl\n|-heal|p2a: Garganacl|100\/100\n|\n|-damage|p1a: Moltres|47\/100|[from] Salt Cure\n|upkeep\n|turn|12\n|\n|t:|1701130797\n|move|p1a: Moltres|Fiery Wrath|p2a: Garganacl\n|-damage|p2a: Garganacl|11\/100\n|move|p2a: Garganacl|Substitute|p2a: Garganacl\n|-fail|p2a: Garganacl|move: Substitute|[weak]\n|\n|-heal|p2a: Garganacl|17\/100|[from] item: Leftovers\n|-damage|p1a: Moltres|34\/100|[from] Salt Cure\n|upkeep\n|turn|13\n|\n|t:|1701130803\n|move|p1a: Moltres|Fiery Wrath|p2a: Garganacl\n|-damage|p2a: Garganacl|0 fnt\n|faint|p2a: Garganacl\n|\n|-damage|p1a: Moltres|22\/100|[from] Salt Cure\n|upkeep\n|\n|t:|1701130815\n|switch|p2a: Scizor|Scizor-Mega, M|100\/100\n|turn|14\n|\n|t:|1701130818\n|move|p2a: Scizor|Bullet Punch|p1a: Moltres\n|-crit|p1a: Moltres\n|-damage|p1a: Moltres|0 fnt\n|faint|p1a: Moltres\n|\n|upkeep\n|\n|t:|1701130823\n|switch|p1a: Grimmsnarl|Grimmsnarl, M|46\/100\n|turn|15\n|\n|t:|1701130826\n|move|p2a: Scizor|Bullet Punch|p1a: Grimmsnarl\n|-supereffective|p1a: Grimmsnarl\n|-damage|p1a: Grimmsnarl|0 fnt\n|faint|p1a: Grimmsnarl\n|\n|upkeep\n|\n|t:|1701130829\n|switch|p1a: Greninja|Greninja, M|100\/100\n|turn|16\n|\n|t:|1701130835\n|move|p1a: Greninja|Hydro Pump|p2a: Scizor\n|-damage|p2a: Scizor|38\/100\n|-damage|p1a: Greninja|91\/100|[from] item: Life Orb\n|move|p2a: Scizor|Bug Bite|p1a: Greninja\n|-supereffective|p1a: Greninja\n|-crit|p1a: Greninja\n|-damage|p1a: Greninja|0 fnt\n|faint|p1a: Greninja\n|\n|upkeep\n|inactive|DANTAS-DARK has 120 seconds left.\n|\n|t:|1701130866\n|switch|p1a: Hoopa|Hoopa-Unbound|100\/100\n|turn|17\n|\n|t:|1701130871\n|move|p1a: Hoopa|Hyperspace Fury|p2a: Scizor\n|-crit|p2a: Scizor\n|-damage|p2a: Scizor|0 fnt\n|-unboost|p1a: Hoopa|def|1\n|faint|p2a: Scizor\n|\n|upkeep\n|\n|t:|1701130881\n|switch|p2a: Sneasler|Sneasler, F|100\/100\n|turn|18\n|\n|t:|1701130894\n|move|p2a: Sneasler|U-turn|p1a: Hoopa\n|-supereffective|p1a: Hoopa\n|-damage|p1a: Hoopa|0 fnt\n|faint|p1a: Hoopa\n|\n|t:|1701130899\n|switch|p2a: Gliscor|Gliscor, M|100\/100 tox|[from] U-turn\n|\n|upkeep\n|\n|t:|1701130906\n|switch|p1a: Tyranitar|Tyranitar, M|100\/100\n|-weather|Sandstorm|[from] ability: Sand Stream|[of] p1a: Tyranitar\n|turn|19\n|\n|t:|1701130910\n|detailschange|p1a: Tyranitar|Tyranitar-Mega, M\n|-mega|p1a: Tyranitar|Tyranitar|Tyranitarite\n|move|p1a: Tyranitar|Dragon Dance|p1a: Tyranitar\n|-boost|p1a: Tyranitar|atk|1\n|-boost|p1a: Tyranitar|spe|1\n|move|p2a: Gliscor|Toxic|p1a: Tyranitar\n|-status|p1a: Tyranitar|tox\n|\n|-weather|Sandstorm|[upkeep]\n|-damage|p1a: Tyranitar|94\/100 tox|[from] psn\n|upkeep\n|turn|20\n|\n|t:|1701130919\n|move|p1a: Tyranitar|Dragon Dance|p1a: Tyranitar\n|-boost|p1a: Tyranitar|atk|1\n|-boost|p1a: Tyranitar|spe|1\n|move|p2a: Gliscor|Stealth Rock|p1a: Tyranitar\n|-sidestart|p1: DANTAS-DARK|move: Stealth Rock\n|\n|-weather|Sandstorm|[upkeep]\n|-damage|p1a: Tyranitar|82\/100 tox|[from] psn\n|upkeep\n|turn|21\n|\n|t:|1701130925\n|move|p1a: Tyranitar|Ice Punch|p2a: Gliscor\n|-supereffective|p2a: Gliscor\n|-damage|p2a: Gliscor|0 fnt\n|faint|p2a: Gliscor\n|\n|-weather|Sandstorm|[upkeep]\n|-damage|p1a: Tyranitar|64\/100 tox|[from] psn\n|upkeep\n|\n|t:|1701130936\n|switch|p2a: Urshifu|Urshifu-Rapid-Strike, F|100\/100\n|turn|22\n|\n|t:|1701130948\n|move|p1a: Tyranitar|Earthquake|p2a: Urshifu\n|-damage|p2a: Urshifu|25\/100\n|-enditem|p2a: Urshifu|Sitrus Berry|[eat]\n|-heal|p2a: Urshifu|50\/100|[from] item: Sitrus Berry\n|move|p2a: Urshifu|Drain Punch|p1a: Tyranitar\n|-supereffective|p1a: Tyranitar\n|-damage|p1a: Tyranitar|0 fnt\n|-heal|p2a: Urshifu|77\/100|[from] drain|[of] p1a: Tyranitar\n|faint|p1a: Tyranitar\n|\n|-weather|Sandstorm|[upkeep]\n|-damage|p2a: Urshifu|70\/100|[from] Sandstorm\n|upkeep\n|\n|t:|1701130951\n|switch|p1a: Meowscarada|Meowscarada, F|100\/100\n|-damage|p1a: Meowscarada|88\/100|[from] Stealth Rock\n|turn|23\n|\n|t:|1701130955\n|move|p1a: Meowscarada|Flower Trick|p2a: Urshifu\n|-start|p1a: Meowscarada|typechange|Grass|[from] ability: Protean\n|-supereffective|p2a: Urshifu\n|-crit|p2a: Urshifu\n|-damage|p2a: Urshifu|0 fnt\n|faint|p2a: Urshifu\n|-damage|p1a: Meowscarada|78\/100|[from] item: Life Orb\n|\n|-weather|none\n|upkeep\n|\n|t:|1701130960\n|switch|p2a: Sneasler|Sneasler, F|100\/100\n|turn|24\n|\n|t:|1701130973\n|-terastallize|p1a: Meowscarada|Fairy\n|move|p2a: Sneasler|Dire Claw|p1a: Meowscarada\n|-supereffective|p1a: Meowscarada\n|-damage|p1a: Meowscarada|0 fnt\n|faint|p1a: Meowscarada\n|\n|win|pandabot42\n|raw|DANTAS-DARK's rating: 1224 &rarr; <strong>1195<\/strong><br \/>(-29 for losing)\n|raw|pandabot42's rating: 1171 &rarr; <strong>1200<\/strong><br \/>(+29 for winning)\n|l|\u2606DANTAS-DARK\n","uploadtime":1701130982,"views":2,"p1id":"dantasdark","p2id":"pandabot42","formatid":"gen9nationaldex","rating":1195,"private":0,"password":""}