{"id":"gen9nationaldex-1994970534","p1":"xenoxFXC","p2":"LeafStormHimNotMe","format":"[Gen 9] National Dex","log":"|html|<div class=\"broadcast-blue\"><strong>[Gen 9] National Dex is currently suspecting Sneasler! For information on how to participate check out the <a href=\"https:\/\/www.smogon.com\/forums\/threads\/sv-national-dex-suspect-8-just-dance.3731534\/\">suspect thread<\/a>.<\/strong><\/div>\n|j|\u2606xenoxFXC\n|j|\u2606LeafStormHimNotMe\n|t:|1700509159\n|gametype|singles\n|player|p1|xenoxFXC|clemont|1070\n|player|p2|LeafStormHimNotMe|furisodegirl-black|1032\n|teamsize|p1|6\n|teamsize|p2|6\n|gen|9\n|tier|[Gen 9] National Dex\n|rated|\n|rule|HP Percentage Mod: HP is shown in percentages\n|rule|Endless Battle Clause: Forcing endless battles is banned\n|rule|OHKO Clause: OHKO moves are banned\n|rule|Evasion Clause: Evasion abilities, items, and moves are banned\n|rule|Evasion Abilities Clause: Evasion abilities are banned\n|rule|Evasion Items Clause: Evasion items are banned\n|rule|Evasion Moves Clause: Evasion moves are banned\n|rule|Species Clause: Limit one of each Pok\u00e9mon\n|rule|Sleep Clause Mod: Limit one foe put to sleep\n|clearpoke\n|poke|p1|Garchomp, M|\n|poke|p1|Corviknight, F|\n|poke|p1|Ceruledge, F|\n|poke|p1|Decidueye, M|\n|poke|p1|Gyarados, M|\n|poke|p1|Tapu Koko|\n|poke|p2|Dragonite, F|\n|poke|p2|Gengar, M|\n|poke|p2|Cloyster, F|\n|poke|p2|Mew|\n|poke|p2|Pidgeot, M|\n|poke|p2|Jolteon, F|\n|teampreview\n|inactive|Battle timer is ON: inactive players will automatically lose when time's up. (requested by xenoxFXC)\n|c|\u2606LeafStormHimNotMe|glhf\n|c|\u2606xenoxFXC|glhf\n|\n|t:|1700509190\n|start\n|switch|p1a: Janitor Joe|Decidueye, M, shiny|100\/100\n|switch|p2a: Jolteon|Jolteon, F|100\/100\n|turn|1\n|\n|t:|1700509195\n|move|p2a: Jolteon|Thunder Wave|p1a: Janitor Joe|[miss]\n|-miss|p2a: Jolteon|p1a: Janitor Joe\n|move|p1a: Janitor Joe|Spirit Shackle|p2a: Jolteon\n|-damage|p2a: Jolteon|26\/100\n|-activate|p2a: Jolteon|trapped\n|\n|upkeep\n|turn|2\n|\n|t:|1700509204\n|switch|p1a: Akainu|Tapu Koko, shiny|100\/100\n|-fieldstart|move: Electric Terrain|[from] ability: Electric Surge|[of] p1a: Akainu\n|-enditem|p1a: Akainu|Electric Seed\n|-boost|p1a: Akainu|def|1|[from] item: Electric Seed\n|move|p2a: Jolteon|Thunder Wave|p1a: Akainu\n|-immune|p1a: Akainu\n|\n|upkeep\n|turn|3\n|c|\u2606LeafStormHimNotMe|game sold me :(\n|\n|t:|1700509214\n|move|p2a: Jolteon|Shadow Ball|p1a: Akainu\n|-damage|p1a: Akainu|52\/100\n|-damage|p2a: Jolteon|16\/100|[from] item: Life Orb\n|move|p1a: Akainu|Calm Mind|p1a: Akainu\n|-boost|p1a: Akainu|spa|1\n|-boost|p1a: Akainu|spd|1\n|\n|upkeep\n|turn|4\n|\n|t:|1700509223\n|move|p2a: Jolteon|Shadow Ball|p1a: Akainu\n|-damage|p1a: Akainu|18\/100\n|-unboost|p1a: Akainu|spd|1\n|-damage|p2a: Jolteon|6\/100|[from] item: Life Orb\n|move|p1a: Akainu|Dazzling Gleam|p2a: Jolteon\n|-damage|p2a: Jolteon|0 fnt\n|faint|p2a: Jolteon\n|\n|upkeep\n|\n|t:|1700509234\n|switch|p2a: Dragonite|Dragonite, F|100\/100\n|turn|5\n|\n|t:|1700509249\n|switch|p1a: Kevin Kut|Ceruledge, F, shiny|100\/100\n|move|p2a: Dragonite|Extreme Speed|p1a: Kevin Kut\n|-immune|p1a: Kevin Kut\n|\n|upkeep\n|turn|6\n|c|\u2606LeafStormHimNotMe|kevin kut\n|c|\u2606xenoxFXC|kevin kut :3\n|\n|t:|1700509273\n|switch|p1a: Shiny Gary|Gyarados, M, shiny|100\/100\n|move|p2a: Dragonite|Dragon Dance|p2a: Dragonite\n|-boost|p2a: Dragonite|atk|1\n|-boost|p2a: Dragonite|spe|1\n|\n|-fieldend|move: Electric Terrain\n|upkeep\n|turn|7\n|c|\u2606LeafStormHimNotMe|moxie?\n|c|\u2606LeafStormHimNotMe|why do that to urself\n|\n|t:|1700509288\n|move|p2a: Dragonite|Dragon Claw|p1a: Shiny Gary\n|-damage|p1a: Shiny Gary|0 fnt\n|faint|p1a: Shiny Gary\n|-damage|p2a: Dragonite|91\/100|[from] item: Life Orb\n|\n|upkeep\n|c|\u2606xenoxFXC|whomp whomp\n|\n|t:|1700509299\n|switch|p1a: Akainu|Tapu Koko, shiny|18\/100\n|-fieldstart|move: Electric Terrain|[from] ability: Electric Surge|[of] p1a: Akainu\n|turn|8\n|c|\u2606LeafStormHimNotMe|WOMP WOMP\n|\n|t:|1700509304\n|move|p2a: Dragonite|Extreme Speed|p1a: Akainu\n|-damage|p1a: Akainu|0 fnt\n|faint|p1a: Akainu\n|-damage|p2a: Dragonite|81\/100|[from] item: Life Orb\n|\n|upkeep\n|c|\u2606xenoxFXC|i lost :0\n|\n|t:|1700509331\n|switch|p1a: Timmy Terror|Garchomp, M, shiny|100\/100\n|turn|9\n|c|\u2606LeafStormHimNotMe|corviknight has this man\n|c|\u2606LeafStormHimNotMe|trust\n|c|\u2606LeafStormHimNotMe|no\n|inactive|xenoxFXC has 120 seconds left.\n|c|\u2606LeafStormHimNotMe|corvitank :(\n|\n|t:|1700509358\n|detailschange|p1a: Timmy Terror|Garchomp-Mega, M, shiny\n|-mega|p1a: Timmy Terror|Garchomp|Garchompite\n|move|p2a: Dragonite|Dragon Claw|p1a: Timmy Terror\n|-supereffective|p1a: Timmy Terror\n|-damage|p1a: Timmy Terror|0 fnt\n|faint|p1a: Timmy Terror\n|-damage|p2a: Dragonite|71\/100|[from] item: Life Orb\n|\n|upkeep\n|\n|t:|1700509363\n|switch|p1a: Steven Seagull|Corviknight, F, shiny|100\/100\n|-ability|p1a: Steven Seagull|Unnerve\n|turn|10\n|c|\u2606LeafStormHimNotMe|TIMMY TERROR NOO\n|\n|t:|1700509372\n|move|p2a: Dragonite|Dragon Claw|p1a: Steven Seagull\n|-resisted|p1a: Steven Seagull\n|-damage|p1a: Steven Seagull|75\/100\n|-damage|p2a: Dragonite|54\/100|[from] item: Rocky Helmet|[of] p1a: Steven Seagull\n|-damage|p2a: Dragonite|44\/100|[from] item: Life Orb\n|move|p1a: Steven Seagull|Iron Defense|p1a: Steven Seagull\n|-boost|p1a: Steven Seagull|def|2\n|\n|upkeep\n|turn|11\n|inactive|xenoxFXC has 120 seconds left.\n|c|\u2606LeafStormHimNotMe|i told you :D\n|\n|t:|1700509383\n|move|p2a: Dragonite|Dragon Claw|p1a: Steven Seagull\n|-resisted|p1a: Steven Seagull\n|-damage|p1a: Steven Seagull|62\/100\n|-damage|p2a: Dragonite|28\/100|[from] item: Rocky Helmet|[of] p1a: Steven Seagull\n|-damage|p2a: Dragonite|18\/100|[from] item: Life Orb\n|move|p1a: Steven Seagull|Iron Defense|p1a: Steven Seagull\n|-boost|p1a: Steven Seagull|def|2\n|\n|upkeep\n|turn|12\n|\n|t:|1700509394\n|move|p2a: Dragonite|Dragon Claw|p1a: Steven Seagull\n|-resisted|p1a: Steven Seagull\n|-damage|p1a: Steven Seagull|53\/100\n|-damage|p2a: Dragonite|2\/100|[from] item: Rocky Helmet|[of] p1a: Steven Seagull\n|-damage|p2a: Dragonite|0 fnt|[from] item: Life Orb\n|faint|p2a: Dragonite\n|move|p1a: Steven Seagull|Roost|p1a: Steven Seagull\n|-heal|p1a: Steven Seagull|100\/100\n|-singleturn|p1a: Steven Seagull|move: Roost\n|\n|-fieldend|move: Electric Terrain\n|upkeep\n|\n|t:|1700509413\n|switch|p2a: Pidgeot|Pidgeot, M|100\/100\n|turn|13\n|\n|t:|1700509428\n|detailschange|p2a: Pidgeot|Pidgeot-Mega, M\n|-mega|p2a: Pidgeot|Pidgeot|Pidgeotite\n|move|p2a: Pidgeot|Heat Wave|p1a: Steven Seagull\n|-supereffective|p1a: Steven Seagull\n|-damage|p1a: Steven Seagull|36\/100\n|move|p1a: Steven Seagull|Brave Bird|p2a: Pidgeot\n|-damage|p2a: Pidgeot|55\/100\n|-damage|p1a: Steven Seagull|25\/100|[from] Recoil\n|\n|upkeep\n|turn|14\n|\n|t:|1700509443\n|move|p2a: Pidgeot|Hurricane|p1a: Steven Seagull\n|-resisted|p1a: Steven Seagull\n|-damage|p1a: Steven Seagull|0 fnt\n|faint|p1a: Steven Seagull\n|\n|upkeep\n|inactive|xenoxFXC has 120 seconds left.\n|c|\u2606xenoxFXC|heat wave is crazy\n|\n|t:|1700509458\n|switch|p1a: Kevin Kut|Ceruledge, F, shiny|100\/100\n|turn|15\n|c|\u2606LeafStormHimNotMe|xD\n|inactive|xenoxFXC has 120 seconds left.\n|\n|t:|1700509476\n|move|p2a: Pidgeot|Hurricane|p1a: Kevin Kut\n|-damage|p1a: Kevin Kut|30\/100\n|move|p1a: Kevin Kut|Bitter Blade|p2a: Pidgeot\n|-damage|p2a: Pidgeot|0 fnt\n|-heal|p1a: Kevin Kut|59\/100|[from] drain|[of] p2a: Pidgeot\n|faint|p2a: Pidgeot\n|\n|upkeep\n|\n|t:|1700509487\n|switch|p2a: Gengar|Gengar, M|100\/100\n|turn|16\n|\n|t:|1700509498\n|move|p1a: Kevin Kut|Shadow Sneak|p2a: Gengar\n|-supereffective|p2a: Gengar\n|-damage|p2a: Gengar|11\/100\n|move|p2a: Gengar|Dark Pulse|p1a: Kevin Kut\n|-supereffective|p1a: Kevin Kut\n|-damage|p1a: Kevin Kut|0 fnt\n|faint|p1a: Kevin Kut\n|\n|upkeep\n|\n|t:|1700509502\n|switch|p1a: Janitor Joe|Decidueye, M, shiny|100\/100\n|turn|17\n|\n|t:|1700509509\n|-terastallize|p1a: Janitor Joe|Grass\n|move|p1a: Janitor Joe|Shadow Sneak|p2a: Gengar\n|-supereffective|p2a: Gengar\n|-damage|p2a: Gengar|0 fnt\n|faint|p2a: Gengar\n|\n|upkeep\n|\n|t:|1700509517\n|switch|p2a: Cloyster|Cloyster, F|100\/100\n|turn|18\n|\n|t:|1700509521\n|move|p2a: Cloyster|Icicle Spear|p1a: Janitor Joe\n|-supereffective|p1a: Janitor Joe\n|-damage|p1a: Janitor Joe|73\/100\n|-supereffective|p1a: Janitor Joe\n|-damage|p1a: Janitor Joe|44\/100\n|-supereffective|p1a: Janitor Joe\n|-damage|p1a: Janitor Joe|15\/100\n|-supereffective|p1a: Janitor Joe\n|-damage|p1a: Janitor Joe|0 fnt\n|faint|p1a: Janitor Joe\n|-hitcount|p1: Janitor Joe|4\n|\n|win|LeafStormHimNotMe\n|raw|xenoxFXC's rating: 1070 &rarr; <strong>1047<\/strong><br \/>(-23 for losing)\n|raw|LeafStormHimNotMe's rating: 1032 &rarr; <strong>1071<\/strong><br \/>(+39 for winning)\n|c|\u2606xenoxFXC|gg\n|c|\u2606LeafStormHimNotMe|gg!\n|c|\u2606xenoxFXC|i added u\n|c|\u2606xenoxFXC|idk y, ur really nice\n|c|\u2606LeafStormHimNotMe|did you? my showdown i slagging\n|c|\u2606xenoxFXC|yeah, it should show up soon, mine is lagging aswell\n|c|\u2606LeafStormHimNotMe|its not letting me accept\n|c|\u2606LeafStormHimNotMe|what da freakk i sent you\n|c|\u2606xenoxFXC|i think it worked i sent it again\n|c|\u2606LeafStormHimNotMe|ohh\n|c|\u2606LeafStormHimNotMe|ik why\n|c|\u2606LeafStormHimNotMe|i just made this account\n|c|\u2606xenoxFXC|ohh\n|c|\u2606LeafStormHimNotMe|it need to have existed for a week\n|c|\u2606LeafStormHimNotMe|add my main WishesArePure\n","uploadtime":1700509536,"views":19,"p1id":"xenoxfxc","p2id":"leafstormhimnotme","formatid":"gen9nationaldex","rating":1047,"private":0,"password":""}