{"id":"gen9nationaldex-1998698661","p1":"immortal_3","p2":"qazserfvgyujnko","format":"[Gen 9] National Dex","log":"|html|<div class=\"broadcast-blue\"><strong>[Gen 9] National Dex is currently suspecting Sneasler! For information on how to participate check out the <a href=\"https:\/\/www.smogon.com\/forums\/threads\/sv-national-dex-suspect-8-just-dance.3731534\/\">suspect thread<\/a>.<\/strong><\/div>\n|j|\u2606immortal_3\n|j|\u2606qazserfvgyujnko\n|t:|1700974216\n|gametype|singles\n|player|p1|immortal_3|marnie-masters3|1322\n|player|p2|qazserfvgyujnko|benga|1301\n|teamsize|p1|6\n|teamsize|p2|6\n|gen|9\n|tier|[Gen 9] National Dex\n|rated|\n|rule|HP Percentage Mod: HP is shown in percentages\n|rule|Endless Battle Clause: Forcing endless battles is banned\n|rule|OHKO Clause: OHKO moves are banned\n|rule|Evasion Clause: Evasion abilities, items, and moves are banned\n|rule|Evasion Abilities Clause: Evasion abilities are banned\n|rule|Evasion Items Clause: Evasion items are banned\n|rule|Evasion Moves Clause: Evasion moves are banned\n|rule|Species Clause: Limit one of each Pok\u00e9mon\n|rule|Sleep Clause Mod: Limit one foe put to sleep\n|clearpoke\n|poke|p1|Volcarona, F|\n|poke|p1|Lopunny, F|\n|poke|p1|Alomomola, F|\n|poke|p1|Hoopa-Unbound|\n|poke|p1|Clodsire, F|\n|poke|p1|Hatterene, F|\n|poke|p2|Hoopa-Unbound|\n|poke|p2|Comfey, F|\n|poke|p2|Lopunny, F|\n|poke|p2|Moltres|\n|poke|p2|Ninetales-Alola, F|\n|poke|p2|Urshifu-*, M|\n|teampreview\n|inactive|Battle timer is ON: inactive players will automatically lose when time's up. (requested by immortal_3)\n|\n|t:|1700974233\n|start\n|switch|p1a: Hatterene|Hatterene, F|100\/100\n|switch|p2a: \u592a\u533b|Comfey, F|100\/100\n|turn|1\n|\n|t:|1700974240\n|move|p2a: \u592a\u533b|Calm Mind|p2a: \u592a\u533b\n|-boost|p2a: \u592a\u533b|spa|1\n|-boost|p2a: \u592a\u533b|spd|1\n|move|p1a: Hatterene|Calm Mind|p1a: Hatterene\n|-boost|p1a: Hatterene|spa|1\n|-boost|p1a: Hatterene|spd|1\n|\n|upkeep\n|turn|2\n|\n|t:|1700974246\n|move|p2a: \u592a\u533b|Calm Mind|p2a: \u592a\u533b\n|-boost|p2a: \u592a\u533b|spa|1\n|-boost|p2a: \u592a\u533b|spd|1\n|move|p1a: Hatterene|Calm Mind|p1a: Hatterene\n|-boost|p1a: Hatterene|spa|1\n|-boost|p1a: Hatterene|spd|1\n|\n|upkeep\n|turn|3\n|\n|t:|1700974251\n|move|p2a: \u592a\u533b|Calm Mind|p2a: \u592a\u533b\n|-boost|p2a: \u592a\u533b|spa|1\n|-boost|p2a: \u592a\u533b|spd|1\n|move|p1a: Hatterene|Calm Mind|p1a: Hatterene\n|-boost|p1a: Hatterene|spa|1\n|-boost|p1a: Hatterene|spd|1\n|\n|upkeep\n|turn|4\n|\n|t:|1700974263\n|move|p2a: \u592a\u533b|Calm Mind|p2a: \u592a\u533b\n|-boost|p2a: \u592a\u533b|spa|1\n|-boost|p2a: \u592a\u533b|spd|1\n|move|p1a: Hatterene|Calm Mind|p1a: Hatterene\n|-boost|p1a: Hatterene|spa|1\n|-boost|p1a: Hatterene|spd|1\n|\n|upkeep\n|turn|5\n|\n|t:|1700974269\n|move|p2a: \u592a\u533b|Calm Mind|p2a: \u592a\u533b\n|-boost|p2a: \u592a\u533b|spa|1\n|-boost|p2a: \u592a\u533b|spd|1\n|move|p1a: Hatterene|Calm Mind|p1a: Hatterene\n|-boost|p1a: Hatterene|spa|1\n|-boost|p1a: Hatterene|spd|1\n|\n|upkeep\n|turn|6\n|\n|t:|1700974275\n|move|p2a: \u592a\u533b|Calm Mind|p2a: \u592a\u533b\n|-boost|p2a: \u592a\u533b|spa|1\n|-boost|p2a: \u592a\u533b|spd|1\n|move|p1a: Hatterene|Calm Mind|p1a: Hatterene\n|-boost|p1a: Hatterene|spa|1\n|-boost|p1a: Hatterene|spd|1\n|\n|upkeep\n|turn|7\n|\n|t:|1700974297\n|move|p2a: \u592a\u533b|Giga Drain|p1a: Hatterene\n|-damage|p1a: Hatterene|76\/100\n|-damage|p2a: \u592a\u533b|91\/100|[from] item: Life Orb\n|move|p1a: Hatterene|Psyshock|p2a: \u592a\u533b\n|-damage|p2a: \u592a\u533b|0 fnt\n|faint|p2a: \u592a\u533b\n|\n|-heal|p1a: Hatterene|82\/100|[from] item: Leftovers\n|upkeep\n|\n|t:|1700974307\n|switch|p2a: \u6715\u7684\u4fa7\u5983|Lopunny, F|100\/100\n|turn|8\n|\n|t:|1700974312\n|detailschange|p2a: \u6715\u7684\u4fa7\u5983|Lopunny-Mega, F\n|-mega|p2a: \u6715\u7684\u4fa7\u5983|Lopunny|Lopunnite\n|move|p2a: \u6715\u7684\u4fa7\u5983|Fake Out|p1a: Hatterene\n|-damage|p1a: Hatterene|64\/100\n|cant|p1a: Hatterene|flinch\n|\n|-heal|p1a: Hatterene|70\/100|[from] item: Leftovers\n|upkeep\n|turn|9\n|\n|t:|1700974322\n|move|p2a: \u6715\u7684\u4fa7\u5983|U-turn|p1a: Hatterene\n|-damage|p1a: Hatterene|49\/100\n|\n|t:|1700974326\n|switch|p2a: Ninetales|Ninetales-Alola, F|100\/100|[from] U-turn\n|-weather|Snow|[from] ability: Snow Warning|[of] p2a: Ninetales\n|move|p1a: Hatterene|Draining Kiss|p2a: Ninetales\n|-damage|p2a: Ninetales|0 fnt\n|-heal|p1a: Hatterene|100\/100|[from] drain|[of] p2a: Ninetales\n|faint|p2a: Ninetales\n|\n|-weather|Snow|[upkeep]\n|upkeep\n|\n|t:|1700974333\n|switch|p2a: \u62a4\u56fd\u5927\u5c06\u519b|Hoopa-Unbound|100\/100\n|turn|10\n|\n|t:|1700974338\n|-terastallize|p1a: Hatterene|Water\n|move|p2a: \u62a4\u56fd\u5927\u5c06\u519b|Gunk Shot|p1a: Hatterene\n|-damage|p1a: Hatterene|39\/100\n|move|p1a: Hatterene|Draining Kiss|p2a: \u62a4\u56fd\u5927\u5c06\u519b\n|-supereffective|p2a: \u62a4\u56fd\u5927\u5c06\u519b\n|-damage|p2a: \u62a4\u56fd\u5927\u5c06\u519b|0 fnt\n|-heal|p1a: Hatterene|100\/100|[from] drain|[of] p2a: \u62a4\u56fd\u5927\u5c06\u519b\n|faint|p2a: \u62a4\u56fd\u5927\u5c06\u519b\n|\n|-weather|Snow|[upkeep]\n|upkeep\n|\n|t:|1700974344\n|switch|p2a: \u6715\u7684\u4fa7\u5983|Lopunny-Mega, F|100\/100\n|turn|11\n|\n|t:|1700974349\n|move|p2a: \u6715\u7684\u4fa7\u5983|Fake Out|p1a: Hatterene\n|-damage|p1a: Hatterene|83\/100\n|cant|p1a: Hatterene|flinch\n|\n|-weather|Snow|[upkeep]\n|-heal|p1a: Hatterene|89\/100|[from] item: Leftovers\n|upkeep\n|turn|12\n|\n|t:|1700974355\n|move|p2a: \u6715\u7684\u4fa7\u5983|Thunder Punch|p1a: Hatterene\n|-supereffective|p1a: Hatterene\n|-damage|p1a: Hatterene|45\/100\n|move|p1a: Hatterene|Draining Kiss|p2a: \u6715\u7684\u4fa7\u5983\n|-supereffective|p2a: \u6715\u7684\u4fa7\u5983\n|-damage|p2a: \u6715\u7684\u4fa7\u5983|0 fnt\n|-heal|p1a: Hatterene|100\/100|[from] drain|[of] p2a: \u6715\u7684\u4fa7\u5983\n|faint|p2a: \u6715\u7684\u4fa7\u5983\n|\n|-weather|Snow|[upkeep]\n|upkeep\n|\n|t:|1700974367\n|switch|p2a: Moltres|Moltres|100\/100\n|turn|13\n|\n|t:|1700974384\n|move|p2a: Moltres|U-turn|p1a: Hatterene\n|-damage|p1a: Hatterene|88\/100\n|\n|t:|1700974387\n|switch|p2a: \u6211\u8981\u6740\u4e86\u592a\u8349\u6676\u5149\u82b1|Urshifu-Rapid-Strike, M|100\/100|[from] U-turn\n|move|p1a: Hatterene|Psyshock|p2a: \u6211\u8981\u6740\u4e86\u592a\u8349\u6676\u5149\u82b1\n|-supereffective|p2a: \u6211\u8981\u6740\u4e86\u592a\u8349\u6676\u5149\u82b1\n|-damage|p2a: \u6211\u8981\u6740\u4e86\u592a\u8349\u6676\u5149\u82b1|0 fnt\n|faint|p2a: \u6211\u8981\u6740\u4e86\u592a\u8349\u6676\u5149\u82b1\n|\n|-weather|none\n|-heal|p1a: Hatterene|94\/100|[from] item: Leftovers\n|upkeep\n|\n|t:|1700974388\n|switch|p2a: Moltres|Moltres|100\/100\n|turn|14\n|\n|t:|1700974396\n|move|p2a: Moltres|U-turn|p1a: Hatterene\n|-damage|p1a: Hatterene|82\/100\n|move|p1a: Hatterene|Psyshock|p2a: Moltres\n|-damage|p2a: Moltres|0 fnt\n|faint|p2a: Moltres\n|\n|win|immortal_3\n|raw|immortal_3's rating: 1322 &rarr; <strong>1341<\/strong><br \/>(+19 for winning)\n|raw|qazserfvgyujnko's rating: 1301 &rarr; <strong>1282<\/strong><br \/>(-19 for losing)\n","uploadtime":1700974405,"views":1,"p1id":"immortal3","p2id":"qazserfvgyujnko","formatid":"gen9nationaldex","rating":1282,"private":0,"password":""}