{"id":"gen9nationaldex-1995041915","p1":"JordanKrst","p2":"Skullmonkey","format":"[Gen 9] National Dex","log":"|html|<div class=\"broadcast-blue\"><strong>[Gen 9] National Dex is currently suspecting Sneasler! For information on how to participate check out the <a href=\"https:\/\/www.smogon.com\/forums\/threads\/sv-national-dex-suspect-8-just-dance.3731534\/\">suspect thread<\/a>.<\/strong><\/div>\n|j|\u2606JordanKrst\n|j|\u2606Skullmonkey\n|t:|1700516309\n|gametype|singles\n|player|p1|JordanKrst|chuck|1521\n|player|p2|Skullmonkey|li|1533\n|teamsize|p1|6\n|teamsize|p2|6\n|gen|9\n|tier|[Gen 9] National Dex\n|rated|\n|rule|HP Percentage Mod: HP is shown in percentages\n|rule|Endless Battle Clause: Forcing endless battles is banned\n|rule|OHKO Clause: OHKO moves are banned\n|rule|Evasion Clause: Evasion abilities, items, and moves are banned\n|rule|Evasion Abilities Clause: Evasion abilities are banned\n|rule|Evasion Items Clause: Evasion items are banned\n|rule|Evasion Moves Clause: Evasion moves are banned\n|rule|Species Clause: Limit one of each Pok\u00e9mon\n|rule|Sleep Clause Mod: Limit one foe put to sleep\n|clearpoke\n|poke|p1|Necrozma|\n|poke|p1|Stakataka|\n|poke|p1|Zapdos|\n|poke|p1|Tapu Fini|\n|poke|p1|Togedemaru, L1, M|\n|poke|p1|Banette, M|\n|poke|p2|Swampert, F|\n|poke|p2|Pelipper, M|\n|poke|p2|Corviknight, F|\n|poke|p2|Clodsire, F|\n|poke|p2|Volcarona, M|\n|poke|p2|Rotom-Wash|\n|teampreview\n|inactive|Battle timer is ON: inactive players will automatically lose when time's up. (requested by JordanKrst)\n|\n|t:|1700516324\n|start\n|switch|p1a: Stakataka|Stakataka|100\/100\n|switch|p2a: Pelipper|Pelipper, M|100\/100\n|-weather|RainDance|[from] ability: Drizzle|[of] p2a: Pelipper\n|turn|1\n|\n|t:|1700516334\n|move|p2a: Pelipper|Scald|p1a: Stakataka\n|-supereffective|p1a: Stakataka\n|-damage|p1a: Stakataka|0 fnt\n|faint|p1a: Stakataka\n|\n|-weather|RainDance|[upkeep]\n|upkeep\n|\n|t:|1700516342\n|switch|p1a: Togedemaru|Togedemaru, L1, M|100\/100\n|turn|2\n|\n|t:|1700516350\n|move|p2a: Pelipper|U-turn|p1a: Togedemaru\n|-resisted|p1a: Togedemaru\n|-ability|p1a: Togedemaru|Sturdy\n|-damage|p1a: Togedemaru|9\/100\n|\n|t:|1700516357\n|switch|p2a: Clodsire|Clodsire, F|100\/100|[from] U-turn\n|move|p1a: Togedemaru|Endeavor|p2a: Clodsire\n|-damage|p2a: Clodsire|1\/100\n|-heal|p1a: Togedemaru|100\/100|[from] item: Shell Bell|[of] p2a: Clodsire\n|\n|-weather|RainDance|[upkeep]\n|-heal|p2a: Clodsire|7\/100|[from] item: Leftovers\n|upkeep\n|turn|3\n|\n|t:|1700516373\n|move|p2a: Clodsire|Recover|p2a: Clodsire\n|-heal|p2a: Clodsire|57\/100\n|move|p1a: Togedemaru|U-turn|p2a: Clodsire\n|-resisted|p2a: Clodsire\n|-damage|p2a: Clodsire|57\/100\n|\n|t:|1700516381\n|switch|p1a: Necrozma|Necrozma|100\/100|[from] U-turn\n|\n|-weather|RainDance|[upkeep]\n|-heal|p2a: Clodsire|63\/100|[from] item: Leftovers\n|upkeep\n|turn|4\n|\n|t:|1700516392\n|move|p1a: Necrozma|Photon Geyser|p2a: Clodsire\n|-supereffective|p2a: Clodsire\n|-damage|p2a: Clodsire|2\/100\n|move|p2a: Clodsire|Stealth Rock|p1a: Necrozma\n|-sidestart|p1: JordanKrst|move: Stealth Rock\n|\n|-weather|RainDance|[upkeep]\n|-heal|p2a: Clodsire|8\/100|[from] item: Leftovers\n|upkeep\n|turn|5\n|\n|t:|1700516402\n|switch|p2a: Swampert|Swampert, F|100\/100\n|move|p1a: Necrozma|Photon Geyser|p2a: Swampert\n|-damage|p2a: Swampert|38\/100\n|\n|-weather|RainDance|[upkeep]\n|upkeep\n|turn|6\n|\n|t:|1700516413\n|switch|p1a: Zapdos|Zapdos|100\/100\n|detailschange|p2a: Swampert|Swampert-Mega, F\n|-mega|p2a: Swampert|Swampert|Swampertite\n|move|p2a: Swampert|Liquidation|p1a: Zapdos\n|-damage|p1a: Zapdos|38\/100\n|-status|p2a: Swampert|par|[from] ability: Static|[of] p1a: Zapdos\n|\n|-weather|RainDance|[upkeep]\n|upkeep\n|turn|7\n|\n|t:|1700516426\n|move|p2a: Swampert|Liquidation|p1a: Zapdos\n|-damage|p1a: Zapdos|0 fnt\n|faint|p1a: Zapdos\n|\n|-weather|RainDance|[upkeep]\n|upkeep\n|\n|t:|1700516433\n|switch|p1a: Tapu Fini|Tapu Fini|100\/100\n|-damage|p1a: Tapu Fini|88\/100|[from] Stealth Rock\n|-fieldstart|move: Misty Terrain|[from] ability: Misty Surge|[of] p1a: Tapu Fini\n|turn|8\n|\n|t:|1700516439\n|cant|p2a: Swampert|par\n|move|p1a: Tapu Fini|Iron Defense|p1a: Tapu Fini\n|-boost|p1a: Tapu Fini|def|2\n|\n|-weather|none\n|-heal|p1a: Tapu Fini|94\/100|[from] item: Leftovers\n|upkeep\n|turn|9\n|\n|t:|1700516448\n|switch|p2a: Rotom|Rotom-Wash, shiny|100\/100\n|move|p1a: Tapu Fini|Calm Mind|p1a: Tapu Fini\n|-boost|p1a: Tapu Fini|spa|1\n|-boost|p1a: Tapu Fini|spd|1\n|\n|-heal|p1a: Tapu Fini|99\/100|[from] item: Leftovers\n|upkeep\n|turn|10\n|\n|t:|1700516460\n|move|p2a: Rotom|Trick|p1a: Tapu Fini\n|-activate|p2a: Rotom|move: Trick|[of] p1a: Tapu Fini\n|-item|p1a: Tapu Fini|Choice Scarf|[from] move: Trick\n|-item|p2a: Rotom|Leftovers|[from] move: Trick\n|move|p1a: Tapu Fini|Calm Mind|p1a: Tapu Fini\n|-boost|p1a: Tapu Fini|spa|1\n|-boost|p1a: Tapu Fini|spd|1\n|\n|upkeep\n|turn|11\n|\n|t:|1700516471\n|switch|p1a: Banette|Banette, M|100\/100\n|-damage|p1a: Banette|88\/100|[from] Stealth Rock\n|-item|p2a: Rotom|Leftovers|[from] ability: Frisk|[of] p1a: Banette|[identify]\n|move|p2a: Rotom|Volt Switch|p1a: Banette\n|-damage|p1a: Banette|43\/100\n|\n|t:|1700516484\n|switch|p2a: Swampert|Swampert-Mega, F|38\/100 par|[from] Volt Switch\n|\n|upkeep\n|turn|12\n|\n|t:|1700516490\n|detailschange|p1a: Banette|Banette-Mega, M\n|-mega|p1a: Banette|Banette|Banettite\n|move|p1a: Banette|Shadow Sneak|p2a: Swampert\n|-damage|p2a: Swampert|11\/100 par\n|move|p2a: Swampert|Flip Turn|p1a: Banette\n|-damage|p1a: Banette|0 fnt\n|faint|p1a: Banette\n|\n|t:|1700516497\n|switch|p2a: Pelipper|Pelipper, M|100\/100|[from] Flip Turn\n|-weather|RainDance|[from] ability: Drizzle|[of] p2a: Pelipper\n|\n|-weather|RainDance|[upkeep]\n|-fieldend|Misty Terrain\n|upkeep\n|\n|t:|1700516506\n|switch|p1a: Necrozma|Necrozma|100\/100\n|-damage|p1a: Necrozma|88\/100|[from] Stealth Rock\n|turn|13\n|\n|t:|1700516514\n|move|p2a: Pelipper|Hurricane|p1a: Necrozma\n|-damage|p1a: Necrozma|42\/100\n|move|p1a: Necrozma|Trick Room|p1a: Necrozma\n|-fieldstart|move: Trick Room|[of] p1a: Necrozma\n|\n|-weather|RainDance|[upkeep]\n|upkeep\n|turn|14\n|\n|t:|1700516523\n|switch|p2a: Corviknight|Corviknight, F|100\/100\n|move|p1a: Necrozma|Photon Geyser|p2a: Corviknight\n|-resisted|p2a: Corviknight\n|-damage|p2a: Corviknight|75\/100\n|\n|-weather|RainDance|[upkeep]\n|upkeep\n|turn|15\n|\n|t:|1700516533\n|move|p1a: Necrozma|Photon Geyser|p2a: Corviknight\n|-resisted|p2a: Corviknight\n|-damage|p2a: Corviknight|48\/100\n|move|p2a: Corviknight|Brave Bird|p1a: Necrozma\n|-damage|p1a: Necrozma|15\/100\n|-damage|p2a: Corviknight|39\/100|[from] Recoil\n|\n|-weather|RainDance|[upkeep]\n|upkeep\n|turn|16\n|\n|t:|1700516545\n|move|p1a: Necrozma|Photon Geyser|p2a: Corviknight\n|-resisted|p2a: Corviknight\n|-damage|p2a: Corviknight|14\/100\n|move|p2a: Corviknight|Roost|p2a: Corviknight\n|-heal|p2a: Corviknight|64\/100\n|-singleturn|p2a: Corviknight|move: Roost\n|\n|-weather|RainDance|[upkeep]\n|upkeep\n|turn|17\n|\n|t:|1700516559\n|move|p1a: Necrozma|Photon Geyser|p2a: Corviknight\n|-resisted|p2a: Corviknight\n|-damage|p2a: Corviknight|38\/100\n|move|p2a: Corviknight|Bulk Up|p2a: Corviknight\n|-boost|p2a: Corviknight|atk|1\n|-boost|p2a: Corviknight|def|1\n|\n|-weather|RainDance|[upkeep]\n|-fieldend|move: Trick Room\n|upkeep\n|turn|18\n|\n|t:|1700516570\n|move|p2a: Corviknight|Brave Bird|p1a: Necrozma\n|-damage|p1a: Necrozma|0 fnt\n|faint|p1a: Necrozma\n|-damage|p2a: Corviknight|33\/100|[from] Recoil\n|\n|-weather|RainDance|[upkeep]\n|upkeep\n|\n|t:|1700516580\n|switch|p1a: Tapu Fini|Tapu Fini|99\/100\n|-damage|p1a: Tapu Fini|88\/100|[from] Stealth Rock\n|-fieldstart|move: Misty Terrain|[from] ability: Misty Surge|[of] p1a: Tapu Fini\n|turn|19\n|-message|JordanKrst forfeited.\n|\n|win|Skullmonkey\n|raw|JordanKrst's rating: 1521 &rarr; <strong>1502<\/strong><br \/>(-19 for losing)\n|raw|Skullmonkey's rating: 1533 &rarr; <strong>1552<\/strong><br \/>(+19 for winning)\n|l|\u2606JordanKrst\n|c|\u2606Skullmonkey|gg\n","uploadtime":1700516588,"views":2,"p1id":"jordankrst","p2id":"skullmonkey","formatid":"gen9nationaldex","rating":1502,"private":0,"password":""}