{"id":"gen9nationaldex-1991021455","p1":"CFgenesis","p2":"scp096isgay","format":"[Gen 9] National Dex","log":"|j|\u2606CFgenesis\n|j|\u2606scp096isgay\n|t:|1700029413\n|gametype|singles\n|player|p1|CFgenesis|lucas|\n|player|p2|scp096isgay|266|\n|teamsize|p1|6\n|teamsize|p2|6\n|gen|9\n|tier|[Gen 9] National Dex\n|rule|HP Percentage Mod: HP is shown in percentages\n|rule|Endless Battle Clause: Forcing endless battles is banned\n|rule|OHKO Clause: OHKO moves are banned\n|rule|Evasion Clause: Evasion abilities, items, and moves are banned\n|rule|Evasion Abilities Clause: Evasion abilities are banned\n|rule|Evasion Items Clause: Evasion items are banned\n|rule|Evasion Moves Clause: Evasion moves are banned\n|rule|Species Clause: Limit one of each Pok\u00e9mon\n|rule|Sleep Clause Mod: Limit one foe put to sleep\n|clearpoke\n|poke|p1|Samurott-Hisui, M|\n|poke|p1|Gliscor, M|\n|poke|p1|Charizard, F|\n|poke|p1|Rillaboom, M|\n|poke|p1|Corviknight, F|\n|poke|p1|Tapu Koko|\n|poke|p2|Ogerpon-Wellspring, F|\n|poke|p2|Ceruledge, F|\n|poke|p2|Dracozolt|\n|poke|p2|Iron Treads|\n|poke|p2|Scizor, M|\n|poke|p2|Ferrothorn, F|\n|teampreview\n|\n|t:|1700029422\n|start\n|switch|p1a: toxic|Gliscor, M|100\/100\n|switch|p2a: Biggest bord|Dracozolt|100\/100\n|turn|1\n|\n|t:|1700029432\n|switch|p2a: P@ssimiun|Ogerpon-Wellspring, F|100\/100\n|move|p1a: toxic|Spikes|p2a: P@ssimiun\n|-sidestart|p2: scp096isgay|Spikes\n|\n|-status|p1a: toxic|tox|[from] item: Toxic Orb\n|upkeep\n|turn|2\n|\n|t:|1700029439\n|switch|p1a: Corviknight|Corviknight, F|100\/100\n|-ability|p1a: Corviknight|Pressure\n|move|p2a: P@ssimiun|Ivy Cudgel|p1a: Corviknight|[anim] Ivy Cudgel Water\n|-damage|p1a: Corviknight|65\/100\n|\n|-heal|p1a: Corviknight|71\/100|[from] item: Leftovers\n|upkeep\n|turn|3\n|\n|t:|1700029459\n|switch|p2a: Anti meme|Ceruledge, F|100\/100\n|-damage|p2a: Anti meme|88\/100|[from] Spikes\n|move|p1a: Corviknight|Brave Bird|p2a: Anti meme\n|-damage|p2a: Anti meme|45\/100\n|-damage|p1a: Corviknight|59\/100|[from] Recoil\n|\n|-heal|p2a: Anti meme|52\/100|[from] item: Leftovers\n|-heal|p1a: Corviknight|65\/100|[from] item: Leftovers\n|upkeep\n|turn|4\n|\n|t:|1700029480\n|move|p2a: Anti meme|Bitter Blade|p1a: Corviknight\n|-supereffective|p1a: Corviknight\n|-damage|p1a: Corviknight|8\/100\n|-heal|p2a: Anti meme|84\/100|[from] drain|[of] p1a: Corviknight\n|move|p1a: Corviknight|Brave Bird|p2a: Anti meme\n|-damage|p2a: Anti meme|41\/100\n|-damage|p1a: Corviknight|0 fnt|[from] Recoil\n|faint|p1a: Corviknight\n|\n|-heal|p2a: Anti meme|47\/100|[from] item: Leftovers\n|upkeep\n|\n|t:|1700029486\n|switch|p1a: Charizard|Charizard, F|100\/100\n|turn|5\n|\n|t:|1700029497\n|detailschange|p1a: Charizard|Charizard-Mega-X, F\n|-mega|p1a: Charizard|Charizard|Charizardite X\n|-terastallize|p2a: Anti meme|Grass\n|move|p2a: Anti meme|Shadow Sneak|p1a: Charizard\n|-damage|p1a: Charizard|75\/100\n|move|p1a: Charizard|Dragon Claw|p2a: Anti meme\n|-damage|p2a: Anti meme|0 fnt\n|faint|p2a: Anti meme\n|\n|upkeep\n|\n|t:|1700029506\n|switch|p2a: Biggest bord|Dracozolt|100\/100\n|-damage|p2a: Biggest bord|88\/100|[from] Spikes\n|turn|6\n|\n|t:|1700029511\n|move|p2a: Biggest bord|Outrage|p1a: Charizard\n|-supereffective|p1a: Charizard\n|-damage|p1a: Charizard|0 fnt\n|faint|p1a: Charizard\n|\n|upkeep\n|c|\u2606CFgenesis|o its fking scarfed\n|\n|t:|1700029527\n|switch|p1a: Tapu Koko|Tapu Koko|100\/100\n|-fieldstart|move: Electric Terrain|[from] ability: Electric Surge|[of] p1a: Tapu Koko\n|turn|7\n|\n|t:|1700029536\n|move|p1a: Tapu Koko|Thunderbolt|p2a: Biggest bord\n|-heal|p2a: Biggest bord|100\/100|[from] ability: Volt Absorb|[of] p1a: Tapu Koko\n|move|p2a: Biggest bord|Outrage|p1a: Tapu Koko|[from]lockedmove\n|-immune|p1a: Tapu Koko\n|-start|p2a: Biggest bord|confusion|[fatigue]\n|\n|upkeep\n|turn|8\n|c|\u2606CFgenesis|o i forgot\n|\n|t:|1700029546\n|switch|p2a: Anti meme (again)|Scizor, M|100\/100\n|-damage|p2a: Anti meme (again)|88\/100|[from] Spikes\n|move|p1a: Tapu Koko|Dazzling Gleam|p2a: Anti meme (again)\n|-resisted|p2a: Anti meme (again)\n|-damage|p2a: Anti meme (again)|67\/100\n|\n|upkeep\n|turn|9\n|\n|t:|1700029551\n|detailschange|p2a: Anti meme (again)|Scizor-Mega, M\n|-mega|p2a: Anti meme (again)|Scizor|Scizorite\n|move|p2a: Anti meme (again)|Bullet Punch|p1a: Tapu Koko\n|-damage|p1a: Tapu Koko|55\/100\n|move|p1a: Tapu Koko|Thunderbolt|p2a: Anti meme (again)\n|-damage|p2a: Anti meme (again)|22\/100\n|\n|-heal|p1a: Tapu Koko|61\/100|[from] item: Leftovers\n|upkeep\n|turn|10\n|\n|t:|1700029561\n|switch|p2a: Matthew|Iron Treads|100\/100\n|-damage|p2a: Matthew|88\/100|[from] Spikes\n|-activate|p2a: Matthew|ability: Quark Drive\n|-start|p2a: Matthew|quarkdrivespe\n|move|p1a: Tapu Koko|Volt Switch|p2a: Matthew\n|-immune|p2a: Matthew\n|\n|-heal|p1a: Tapu Koko|67\/100|[from] item: Leftovers\n|upkeep\n|turn|11\n|\n|t:|1700029566\n|move|p2a: Matthew|Earthquake|p1a: Tapu Koko\n|-supereffective|p1a: Tapu Koko\n|-damage|p1a: Tapu Koko|0 fnt\n|faint|p1a: Tapu Koko\n|\n|-fieldend|move: Electric Terrain\n|-end|p2a: Matthew|Quark Drive\n|upkeep\n|-enditem|p2a: Matthew|Booster Energy\n|-activate|p2a: Matthew|ability: Quark Drive|[fromitem]\n|-start|p2a: Matthew|quarkdrivespe\n|\n|t:|1700029570\n|switch|p1a: Samurott|Samurott-Hisui, M|100\/100\n|turn|12\n|\n|t:|1700029579\n|move|p2a: Matthew|Earthquake|p1a: Samurott\n|-damage|p1a: Samurott|47\/100\n|move|p1a: Samurott|Ceaseless Edge|p2a: Matthew\n|-damage|p2a: Matthew|46\/100\n|-sidestart|p2: scp096isgay|Spikes\n|\n|upkeep\n|turn|13\n|\n|t:|1700029584\n|move|p1a: Samurott|Aqua Jet|p2a: Matthew\n|-supereffective|p2a: Matthew\n|-damage|p2a: Matthew|8\/100\n|move|p2a: Matthew|Earthquake|p1a: Samurott\n|-damage|p1a: Samurott|0 fnt\n|faint|p1a: Samurott\n|\n|upkeep\n|\n|t:|1700029588\n|switch|p1a: Rillaboom|Rillaboom, M|100\/100\n|-fieldstart|move: Grassy Terrain|[from] ability: Grassy Surge|[of] p1a: Rillaboom\n|-enditem|p1a: Rillaboom|Grassy Seed\n|-boost|p1a: Rillaboom|def|1|[from] item: Grassy Seed\n|turn|14\n|\n|t:|1700029609\n|-end|p2a: Matthew|Quark Drive|[silent]\n|switch|p2a: Biggest bord|Dracozolt|100\/100\n|-damage|p2a: Biggest bord|84\/100|[from] Spikes\n|move|p1a: Rillaboom|Earthquake|p2a: Biggest bord\n|-supereffective|p2a: Biggest bord\n|-damage|p2a: Biggest bord|38\/100\n|\n|-heal|p2a: Biggest bord|44\/100|[from] Grassy Terrain\n|upkeep\n|turn|15\n|\n|t:|1700029614\n|move|p2a: Biggest bord|Outrage|p1a: Rillaboom\n|-damage|p1a: Rillaboom|65\/100\n|move|p1a: Rillaboom|Earthquake|p2a: Biggest bord\n|-supereffective|p2a: Biggest bord\n|-damage|p2a: Biggest bord|3\/100\n|\n|-heal|p2a: Biggest bord|9\/100|[from] Grassy Terrain\n|-heal|p1a: Rillaboom|71\/100|[from] Grassy Terrain\n|upkeep\n|turn|16\n|\n|t:|1700029626\n|move|p1a: Rillaboom|Grassy Glide|p2a: Biggest bord\n|-resisted|p2a: Biggest bord\n|-damage|p2a: Biggest bord|0 fnt\n|faint|p2a: Biggest bord\n|\n|-heal|p1a: Rillaboom|77\/100|[from] Grassy Terrain\n|upkeep\n|\n|t:|1700029634\n|switch|p2a: Big metal balls|Ferrothorn, F|100\/100\n|-damage|p2a: Big metal balls|84\/100|[from] Spikes\n|turn|17\n|\n|t:|1700029677\n|move|p1a: Rillaboom|Earthquake|p2a: Big metal balls\n|-damage|p2a: Big metal balls|71\/100\n|move|p2a: Big metal balls|Thunder Wave|p1a: Rillaboom|[miss]\n|-miss|p2a: Big metal balls|p1a: Rillaboom\n|\n|-heal|p1a: Rillaboom|83\/100|[from] Grassy Terrain\n|-heal|p2a: Big metal balls|77\/100|[from] Grassy Terrain\n|-heal|p2a: Big metal balls|83\/100|[from] item: Leftovers\n|upkeep\n|turn|18\n|inactive|Battle timer is ON: inactive players will automatically lose when time's up. (requested by scp096isgay)\n|\n|t:|1700029688\n|move|p1a: Rillaboom|Earthquake|p2a: Big metal balls\n|-damage|p2a: Big metal balls|68\/100\n|move|p2a: Big metal balls|Thunder Wave|p1a: Rillaboom\n|-status|p1a: Rillaboom|par\n|\n|-heal|p1a: Rillaboom|89\/100 par|[from] Grassy Terrain\n|-heal|p2a: Big metal balls|74\/100|[from] Grassy Terrain\n|-heal|p2a: Big metal balls|81\/100|[from] item: Leftovers\n|-fieldend|move: Grassy Terrain\n|upkeep\n|turn|19\n|\n|t:|1700029695\n|cant|p1a: Rillaboom|par\n|move|p2a: Big metal balls|Knock Off|p1a: Rillaboom\n|-damage|p1a: Rillaboom|77\/100 par\n|\n|-heal|p2a: Big metal balls|87\/100|[from] item: Leftovers\n|upkeep\n|turn|20\n|c|\u2606CFgenesis|CRIT\n|\n|t:|1700029721\n|move|p1a: Rillaboom|Earthquake|p2a: Big metal balls\n|-damage|p2a: Big metal balls|59\/100\n|move|p2a: Big metal balls|Power Whip|p1a: Rillaboom\n|-resisted|p1a: Rillaboom\n|-damage|p1a: Rillaboom|63\/100 par\n|\n|-heal|p2a: Big metal balls|65\/100|[from] item: Leftovers\n|upkeep\n|turn|21\n|\n|t:|1700029731\n|switch|p2a: Anti meme (again)|Scizor-Mega, M|22\/100\n|-damage|p2a: Anti meme (again)|5\/100|[from] Spikes\n|cant|p1a: Rillaboom|par\n|\n|upkeep\n|turn|22\n|\n|t:|1700029739\n|move|p2a: Anti meme (again)|Bullet Punch|p1a: Rillaboom\n|-damage|p1a: Rillaboom|40\/100 par\n|move|p1a: Rillaboom|Earthquake|p2a: Anti meme (again)\n|-damage|p2a: Anti meme (again)|0 fnt\n|faint|p2a: Anti meme (again)\n|\n|upkeep\n|\n|t:|1700029744\n|switch|p2a: P@ssimiun|Ogerpon-Wellspring, F|100\/100\n|-damage|p2a: P@ssimiun|84\/100|[from] Spikes\n|turn|23\n|\n|t:|1700029759\n|move|p2a: P@ssimiun|U-turn|p1a: Rillaboom\n|-supereffective|p1a: Rillaboom\n|-damage|p1a: Rillaboom|8\/100 par\n|\n|t:|1700029764\n|switch|p2a: Big metal balls|Ferrothorn, F|65\/100|[from] U-turn\n|-damage|p2a: Big metal balls|49\/100|[from] Spikes\n|cant|p1a: Rillaboom|par\n|\n|-heal|p2a: Big metal balls|55\/100|[from] item: Leftovers\n|upkeep\n|turn|24\n|\n|t:|1700029768\n|switch|p1a: toxic|Gliscor, M|100\/100 tox\n|move|p2a: Big metal balls|Knock Off|p1a: toxic\n|-damage|p1a: toxic|77\/100 tox\n|-enditem|p1a: toxic|Toxic Orb|[from] move: Knock Off|[of] p2a: Big metal balls\n|\n|-heal|p2a: Big metal balls|61\/100|[from] item: Leftovers\n|-heal|p1a: toxic|89\/100 tox|[from] ability: Poison Heal\n|upkeep\n|turn|25\n|c|\u2606CFgenesis|YO CAN I UNPARA\n|c|\u2606CFgenesis|PLS\n|\n|t:|1700029780\n|move|p1a: toxic|Earthquake|p2a: Big metal balls\n|-damage|p2a: Big metal balls|36\/100\n|move|p2a: Big metal balls|Leech Seed|p1a: toxic\n|-start|p1a: toxic|move: Leech Seed\n|\n|-heal|p2a: Big metal balls|43\/100|[from] item: Leftovers\n|-damage|p1a: toxic|77\/100 tox|[from] Leech Seed|[of] p2a: Big metal balls\n|-heal|p2a: Big metal balls|53\/100|[silent]\n|-heal|p1a: toxic|89\/100 tox|[from] ability: Poison Heal\n|upkeep\n|turn|26\n|\n|t:|1700029791\n|move|p1a: toxic|Spikes|p2a: Big metal balls\n|-sidestart|p2: scp096isgay|Spikes\n|move|p2a: Big metal balls|Power Whip|p1a: toxic\n|-damage|p1a: toxic|51\/100 tox\n|\n|-heal|p2a: Big metal balls|59\/100|[from] item: Leftovers\n|-damage|p1a: toxic|39\/100 tox|[from] Leech Seed|[of] p2a: Big metal balls\n|-heal|p2a: Big metal balls|69\/100|[silent]\n|-heal|p1a: toxic|51\/100 tox|[from] ability: Poison Heal\n|upkeep\n|turn|27\n|\n|t:|1700029799\n|move|p1a: toxic|Earthquake|p2a: Big metal balls\n|-damage|p2a: Big metal balls|43\/100\n|move|p2a: Big metal balls|Power Whip|p1a: toxic\n|-damage|p1a: toxic|10\/100 tox\n|\n|-heal|p2a: Big metal balls|50\/100|[from] item: Leftovers\n|-damage|p1a: toxic|0 fnt|[from] Leech Seed|[of] p2a: Big metal balls\n|-heal|p2a: Big metal balls|57\/100|[silent]\n|faint|p1a: toxic\n|upkeep\n|\n|t:|1700029806\n|switch|p1a: Rillaboom|Rillaboom, M|8\/100 par\n|-fieldstart|move: Grassy Terrain|[from] ability: Grassy Surge|[of] p1a: Rillaboom\n|turn|28\n|c|\u2606CFgenesis|ye gg\n|\n|t:|1700029813\n|-terastallize|p1a: Rillaboom|Grass\n|move|p1a: Rillaboom|Grassy Glide|p2a: Big metal balls\n|-resisted|p2a: Big metal balls\n|-damage|p2a: Big metal balls|46\/100\n|-damage|p1a: Rillaboom|0 fnt|[from] ability: Iron Barbs|[of] p2a: Big metal balls\n|faint|p1a: Rillaboom\n|\n|win|scp096isgay\n|l|\u2606CFgenesis\n","uploadtime":1700029847,"views":5,"p1id":"cfgenesis","p2id":"scp096isgay","formatid":"gen9nationaldex","rating":0,"private":0,"password":""}