{"id":"gen9nationaldex-1988258379","p1":"321niuniu123","p2":"hengqiqi","format":"[Gen 9] National Dex","log":"|j|\u2606321niuniu123\n|j|\u2606hengqiqi\n|t:|1699696215\n|gametype|singles\n|player|p1|321niuniu123|acerola-masters|\n|player|p2|hengqiqi|nemona-s|\n|teamsize|p1|6\n|teamsize|p2|6\n|gen|9\n|tier|[Gen 9] National Dex\n|rated|Tournament battle\n|rule|HP Percentage Mod: HP is shown in percentages\n|rule|Endless Battle Clause: Forcing endless battles is banned\n|rule|OHKO Clause: OHKO moves are banned\n|rule|Evasion Clause: Evasion abilities, items, and moves are banned\n|rule|Evasion Abilities Clause: Evasion abilities are banned\n|rule|Evasion Items Clause: Evasion items are banned\n|rule|Evasion Moves Clause: Evasion moves are banned\n|rule|Species Clause: Limit one of each Pok\u00e9mon\n|rule|Sleep Clause Mod: Limit one foe put to sleep\n|clearpoke\n|poke|p1|Tapu Koko|\n|poke|p1|Thundurus-Therian, M|\n|poke|p1|Iron Valiant|\n|poke|p1|Sneasler, M|\n|poke|p1|Lopunny, M|\n|poke|p1|Aegislash, M|\n|poke|p2|Ogerpon-Wellspring, F|\n|poke|p2|Torkoal, F|\n|poke|p2|Darmanitan, M|\n|poke|p2|Moltres|\n|poke|p2|Hatterene, F|\n|poke|p2|Tapu Lele|\n|teampreview\n|inactive|Battle timer is ON: inactive players will automatically lose when time's up. (requested by hengqiqi)\n|\n|t:|1699696229\n|start\n|switch|p1a: Thundurus|Thundurus-Therian, M|100\/100\n|switch|p2a: Torkoal|Torkoal, F|100\/100\n|-weather|SunnyDay|[from] ability: Drought|[of] p2a: Torkoal\n|turn|1\n|\n|t:|1699696234\n|switch|p2a: Hatterene|Hatterene, F|100\/100\n|move|p1a: Thundurus|Nasty Plot|p1a: Thundurus\n|-boost|p1a: Thundurus|spa|2\n|\n|-weather|SunnyDay|[upkeep]\n|upkeep\n|turn|2\n|\n|t:|1699696245\n|move|p1a: Thundurus|Thunderbolt|p2a: Hatterene\n|-damage|p2a: Hatterene|0 fnt\n|faint|p2a: Hatterene\n|\n|-weather|SunnyDay|[upkeep]\n|upkeep\n|\n|t:|1699696251\n|switch|p2a: Moltres|Moltres|100\/100\n|turn|3\n|\n|t:|1699696255\n|-terastallize|p2a: Moltres|Fire\n|move|p2a: Moltres|Burn Up|p1a: Thundurus\n|-damage|p1a: Thundurus|0 fnt\n|-start|p2a: Moltres|typechange|Fire|[from] move: Burn Up\n|faint|p1a: Thundurus\n|\n|-weather|SunnyDay|[upkeep]\n|upkeep\n|j| AGisgood\u82cd\u54cd\u4fa0\n|c|\u2606321niuniu123|awa\uff1f\n|c|\u2606321niuniu123|\u56f4\u5dfe\u7684\uff1f\n|\n|t:|1699696275\n|switch|p1a: Tapu Koko|Tapu Koko|100\/100\n|-fieldstart|move: Electric Terrain|[from] ability: Electric Surge|[of] p1a: Tapu Koko\n|turn|4\n|\n|t:|1699696280\n|move|p2a: Moltres|Burn Up|p1a: Tapu Koko\n|-damage|p1a: Tapu Koko|0 fnt\n|-start|p2a: Moltres|typechange|Fire|[from] move: Burn Up\n|faint|p1a: Tapu Koko\n|\n|-weather|SunnyDay|[upkeep]\n|upkeep\n|c| AGisgood\u82cd\u54cd\u4fa0|\u4f7f\u7528\u65e0\u654c\u7684\u5927\u7ebd\u62c9\u5427\n|\n|t:|1699696301\n|switch|p1a: Iron Valiant|Iron Valiant|100\/100\n|-activate|p1a: Iron Valiant|ability: Quark Drive\n|-start|p1a: Iron Valiant|quarkdrivespe\n|turn|5\n|c|\u2606321niuniu123|\u6765\u4e2a\u9a9a\u7684\n|inactive|321niuniu123 has 120 seconds left.\n|\n|t:|1699696318\n|move|p1a: Iron Valiant|Focus Blast|p2a: Moltres\n|-damage|p2a: Moltres|0 fnt\n|faint|p2a: Moltres\n|\n|-weather|SunnyDay|[upkeep]\n|upkeep\n|c| AGisgood\u82cd\u54cd\u4fa0|\u62cd\u843d\uff01\n|c| AGisgood\u82cd\u54cd\u4fa0|\uff1f\n|c| AGisgood\u82cd\u54cd\u4fa0|\u725b\u903c\n|\n|t:|1699696327\n|switch|p2a: Tapu Lele|Tapu Lele|100\/100\n|-fieldstart|move: Psychic Terrain|[from] ability: Psychic Surge|[of] p2a: Tapu Lele\n|-end|p1a: Iron Valiant|Quark Drive\n|turn|6\n|\n|t:|1699696340\n|switch|p2a: Darmanitan|Darmanitan, M|100\/100\n|-end|p1a: Iron Valiant|Quark Drive|[silent]\n|switch|p1a: Aegislash|Aegislash, M|100\/100\n|\n|-weather|SunnyDay|[upkeep]\n|upkeep\n|turn|7\n|inactive|321niuniu123 has 120 seconds left.\n|\n|t:|1699696356\n|switch|p1a: Lopunny|Lopunny, M|100\/100\n|move|p2a: Darmanitan|Flare Blitz|p1a: Lopunny\n|-damage|p1a: Lopunny|0 fnt\n|faint|p1a: Lopunny\n|-damage|p2a: Darmanitan|75\/100|[from] Recoil\n|\n|-weather|SunnyDay|[upkeep]\n|upkeep\n|inactive|321niuniu123 has 120 seconds left.\n|\n|t:|1699696366\n|switch|p1a: Sneasler|Sneasler, M|100\/100\n|turn|8\n|inactive|321niuniu123 has 120 seconds left.\n|\n|t:|1699696374\n|move|p1a: Sneasler|Dire Claw|p2a: Darmanitan\n|-damage|p2a: Darmanitan|4\/100\n|-status|p2a: Darmanitan|psn\n|move|p2a: Darmanitan|Flare Blitz|p1a: Sneasler\n|-damage|p1a: Sneasler|0 fnt\n|faint|p1a: Sneasler\n|-damage|p2a: Darmanitan|0 fnt|[from] Recoil\n|faint|p2a: Darmanitan\n|\n|-weather|none\n|upkeep\n|inactive|321niuniu123 has 120 seconds left.\n|\n|t:|1699696386\n|switch|p1a: Iron Valiant|Iron Valiant|100\/100\n|switch|p2a: Torkoal|Torkoal, F|100\/100\n|-weather|SunnyDay|[from] ability: Drought|[of] p2a: Torkoal\n|turn|9\n|\n|t:|1699696394\n|-terastallize|p1a: Iron Valiant|Ghost\n|move|p1a: Iron Valiant|Shadow Ball|p2a: Torkoal\n|-damage|p2a: Torkoal|44\/100\n|-unboost|p2a: Torkoal|spd|1\n|move|p2a: Torkoal|Lava Plume|p1a: Iron Valiant\n|-damage|p1a: Iron Valiant|40\/100\n|\n|-weather|SunnyDay|[upkeep]\n|upkeep\n|turn|10\n|\n|t:|1699696399\n|move|p1a: Iron Valiant|Shadow Ball|p2a: Torkoal\n|-damage|p2a: Torkoal|0 fnt\n|faint|p2a: Torkoal\n|\n|-weather|SunnyDay|[upkeep]\n|-fieldend|move: Psychic Terrain\n|upkeep\n|j| A3322\n|c| AGisgood\u82cd\u54cd\u4fa0|\u4e24\u4e2a\u56f4\u5dfe\n|c| AGisgood\u82cd\u54cd\u4fa0|\u529b\u4e86\n|\n|t:|1699696422\n|switch|p2a: Ogerpon|Ogerpon-Wellspring, F|100\/100\n|turn|11\n|\n|t:|1699696430\n|move|p1a: Iron Valiant|Shadow Ball|p2a: Ogerpon\n|-damage|p2a: Ogerpon|31\/100\n|move|p2a: Ogerpon|Horn Leech|p1a: Iron Valiant\n|-damage|p1a: Iron Valiant|0 fnt\n|-heal|p2a: Ogerpon|50\/100|[from] drain|[of] p1a: Iron Valiant\n|faint|p1a: Iron Valiant\n|-end|p1a: Iron Valiant|Quark Drive|[silent]\n|\n|-weather|SunnyDay|[upkeep]\n|upkeep\n|\n|t:|1699696434\n|switch|p1a: Aegislash|Aegislash, M|100\/100\n|turn|12\n|\n|t:|1699696440\n|move|p2a: Ogerpon|Swords Dance|p2a: Ogerpon\n|-boost|p2a: Ogerpon|atk|2\n|move|p1a: Aegislash|Swords Dance|p1a: Aegislash\n|-boost|p1a: Aegislash|atk|2\n|\n|-weather|SunnyDay|[upkeep]\n|upkeep\n|turn|13\n|\n|t:|1699696450\n|-formechange|p1a: Aegislash|Aegislash-Blade||[from] ability: Stance Change\n|move|p1a: Aegislash|Shadow Sneak|p2a: Ogerpon\n|-damage|p2a: Ogerpon|2\/100\n|move|p2a: Ogerpon|Ivy Cudgel|p1a: Aegislash\n|-damage|p1a: Aegislash|1\/100\n|\n|-weather|SunnyDay|[upkeep]\n|upkeep\n|turn|14\n|\n|t:|1699696456\n|move|p1a: Aegislash|Shadow Sneak|p2a: Ogerpon\n|-damage|p2a: Ogerpon|0 fnt\n|faint|p2a: Ogerpon\n|\n|-weather|SunnyDay|[upkeep]\n|upkeep\n|\n|t:|1699696466\n|switch|p2a: Tapu Lele|Tapu Lele|100\/100\n|-fieldstart|move: Psychic Terrain|[from] ability: Psychic Surge|[of] p2a: Tapu Lele\n|turn|15\n|\n|t:|1699696472\n|move|p2a: Tapu Lele|Psychic|p1a: Aegislash\n|-resisted|p1a: Aegislash\n|-damage|p1a: Aegislash|0 fnt\n|faint|p1a: Aegislash\n|\n|win|hengqiqi\n|n|\u2606321niuniu123|321niuniu123\n|n|\u2606hengqiqi|hengqiqi\n|n| AGisgood\u82cd\u54cd\u4fa0|agisgood\n|n| A3322|a3322\n|c| A3322|\u6c34\u78b0\u4ec0\u4e48\u79bb\u8c31\u7269\u8010\n|l|\u2606hengqiqi\n|c| A3322|\u4e0d\u662f\n|c|\u2606321niuniu123|\u554a\u554a\u554a\u554a\u554a\u554a\uff01\uff01\uff01\uff01\uff01\n|l| A3322\n|l|\u2606321niuniu123\n|l| AGisgood\u82cd\u54cd\u4fa0\n|j|\u2606hengqiqi\n|player|p2|hengqiqi|nemona-s\n","uploadtime":1699696912,"views":9,"p1id":"321niuniu123","p2id":"hengqiqi","formatid":"gen9nationaldex","rating":0,"private":0,"password":""}