{"id":"gen9nationaldex-1997207452","p1":"newluka","p2":"nachobz","format":"[Gen 9] National Dex","log":"|html|<div class=\"broadcast-blue\"><strong>[Gen 9] National Dex is currently suspecting Sneasler! For information on how to participate check out the <a href=\"https:\/\/www.smogon.com\/forums\/threads\/sv-national-dex-suspect-8-just-dance.3731534\/\">suspect thread<\/a>.<\/strong><\/div>\n|j|\u2606newluka\n|j|\u2606nachobz\n|t:|1700775623\n|gametype|singles\n|player|p1|newluka|hiker-gen4|\n|player|p2|nachobz|1|\n|teamsize|p1|6\n|teamsize|p2|6\n|gen|9\n|tier|[Gen 9] National Dex\n|rule|HP Percentage Mod: HP is shown in percentages\n|rule|Endless Battle Clause: Forcing endless battles is banned\n|rule|OHKO Clause: OHKO moves are banned\n|rule|Evasion Clause: Evasion abilities, items, and moves are banned\n|rule|Evasion Abilities Clause: Evasion abilities are banned\n|rule|Evasion Items Clause: Evasion items are banned\n|rule|Evasion Moves Clause: Evasion moves are banned\n|rule|Species Clause: Limit one of each Pok\u00e9mon\n|rule|Sleep Clause Mod: Limit one foe put to sleep\n|clearpoke\n|poke|p1|Tyrantrum, M|\n|poke|p1|Noivern, F|\n|poke|p1|Goodra, F|\n|poke|p1|Salamence, F|\n|poke|p1|Flygon, F|\n|poke|p1|Altaria, M|\n|poke|p2|Typhlosion, F|\n|poke|p2|Ampharos, F|\n|poke|p2|Azumarill, F|\n|poke|p2|Espeon, M|\n|poke|p2|Suicune|\n|poke|p2|Scizor, M|\n|teampreview\n|j| Dinumata\n|l|\u2606newluka\n|player|p1|\n|c| Dinumata|DALE BOLIVIAN LOCOOO\n|c| Dinumata|jajaja\n|j|\u2606newluka\n|player|p1|newluka|hiker-gen4\n|j| GonzaloRV10\n|c| Dinumata|te va a ayudar el bot nacho?\n|\n|t:|1700775673\n|start\n|switch|p1a: Noivern|Noivern, F|100\/100\n|switch|p2a: Azumarill|Azumarill, F, shiny|100\/100\n|turn|1\n|\n|t:|1700775686\n|move|p1a: Noivern|U-turn|p2a: Azumarill\n|-resisted|p2a: Azumarill\n|-damage|p2a: Azumarill|95\/100\n|c|\u2606newluka|Azu me coge\n|\n|t:|1700775710\n|switch|p1a: Flygon|Flygon, F|100\/100|[from] U-turn\n|move|p2a: Azumarill|Belly Drum|p2a: Azumarill\n|-damage|p2a: Azumarill|45\/100\n|-setboost|p2a: Azumarill|atk|6|[from] move: Belly Drum\n|-enditem|p2a: Azumarill|Sitrus Berry|[eat]\n|-heal|p2a: Azumarill|70\/100|[from] item: Sitrus Berry\n|\n|upkeep\n|turn|2\n|c| Dinumata|aqua jet fligon muere\n|\n|t:|1700775727\n|move|p2a: Azumarill|Aqua Jet|p1a: Flygon\n|-damage|p1a: Flygon|0 fnt\n|faint|p1a: Flygon\n|\n|upkeep\n|c|\u2606newluka|Cague\n|c| Dinumata|goodra es m\u00e1s rapido?\n|\n|t:|1700775743\n|switch|p1a: Tyrantrum|Tyrantrum, M|100\/100\n|turn|3\n|\n|t:|1700775749\n|-terastallize|p1a: Tyrantrum|Water\n|move|p2a: Azumarill|Aqua Jet|p1a: Tyrantrum\n|-resisted|p1a: Tyrantrum\n|-damage|p1a: Tyrantrum|50\/100\n|move|p1a: Tyrantrum|Head Smash|p2a: Azumarill\n|-damage|p2a: Azumarill|0 fnt\n|faint|p2a: Azumarill\n|\n|upkeep\n|c| Dinumata|ESA ES\n|c|\u2606newluka|Nice\n|\n|t:|1700775768\n|switch|p2a: Ampharos|Ampharos, F, shiny|100\/100\n|turn|4\n|\n|t:|1700775775\n|switch|p1a: Goodra|Goodra, F|100\/100\n|move|p2a: Ampharos|Volt Switch|p1a: Goodra\n|-resisted|p1a: Goodra\n|-damage|p1a: Goodra|95\/100\n|c| Dinumata|va a meter a espeon con z\n|\n|t:|1700775803\n|switch|p2a: D\u00e9dalo|Scizor, M, shiny|100\/100|[from] Volt Switch\n|\n|upkeep\n|turn|5\n|c| Dinumata|dime k tienes lanzallamas\n|c| Dinumata|asi el nacho cambia a typlosion y haces otro ataque de predict\n|\n|t:|1700775845\n|switch|p1a: Tyrantrum|Tyrantrum, M, tera:Water|50\/100\n|detailschange|p2a: D\u00e9dalo|Scizor-Mega, M, shiny\n|-mega|p2a: D\u00e9dalo|Scizor|Scizorite\n|move|p2a: D\u00e9dalo|U-turn|p1a: Tyrantrum\n|-damage|p1a: Tyrantrum|12\/100\n|c|\u2606newluka|Tranca\n|\n|t:|1700775869\n|switch|p2a: Typhlosion|Typhlosion, F, shiny|100\/100|[from] U-turn\n|\n|upkeep\n|turn|6\n|c| Dinumata|ahi lo tienes xd\n|c| Dinumata|te llamo luka?\n|\n|t:|1700775897\n|move|p2a: Typhlosion|Shadow Ball|p1a: Tyrantrum\n|-damage|p1a: Tyrantrum|0 fnt\n|faint|p1a: Tyrantrum\n|\n|upkeep\n|\n|t:|1700775909\n|switch|p1a: Altaria|Altaria, M|100\/100\n|turn|7\n|\n|t:|1700775929\n|switch|p2a: Suicune|Suicune, shiny|100\/100\n|detailschange|p1a: Altaria|Altaria-Mega, M\n|-mega|p1a: Altaria|Altaria|Altarianite\n|move|p1a: Altaria|Earthquake|p2a: Suicune\n|-damage|p2a: Suicune|78\/100\n|\n|upkeep\n|turn|8\n|\n|t:|1700775951\n|move|p1a: Altaria|Dragon Dance|p1a: Altaria\n|-boost|p1a: Altaria|atk|1\n|-boost|p1a: Altaria|spe|1\n|move|p2a: Suicune|Toxic|p1a: Altaria\n|-status|p1a: Altaria|tox\n|\n|-damage|p1a: Altaria|94\/100 tox|[from] psn\n|upkeep\n|turn|9\n|\n|t:|1700775981\n|move|p1a: Altaria|Frustration|p2a: Suicune\n|-damage|p2a: Suicune|19\/100\n|move|p2a: Suicune|Ice Beam|p1a: Altaria\n|-supereffective|p1a: Altaria\n|-damage|p1a: Altaria|50\/100 tox\n|\n|-damage|p1a: Altaria|38\/100 tox|[from] psn\n|upkeep\n|turn|10\n|\n|t:|1700775996\n|move|p1a: Altaria|Roost|p1a: Altaria\n|-heal|p1a: Altaria|88\/100 tox\n|-singleturn|p1a: Altaria|move: Roost\n|move|p2a: Suicune|Ice Beam|p1a: Altaria\n|-supereffective|p1a: Altaria\n|-damage|p1a: Altaria|45\/100 tox\n|\n|-damage|p1a: Altaria|26\/100 tox|[from] psn\n|upkeep\n|turn|11\n|\n|t:|1700776016\n|move|p1a: Altaria|Earthquake|p2a: Suicune\n|-damage|p2a: Suicune|0 fnt\n|faint|p2a: Suicune\n|\n|-damage|p1a: Altaria|1\/100 tox|[from] psn\n|upkeep\n|\n|t:|1700776036\n|switch|p2a: D\u00e9dalo|Scizor-Mega, M, shiny|100\/100\n|turn|12\n|\n|t:|1700776050\n|move|p2a: D\u00e9dalo|Bullet Punch|p1a: Altaria\n|-supereffective|p1a: Altaria\n|-damage|p1a: Altaria|0 fnt\n|faint|p1a: Altaria\n|\n|upkeep\n|\n|t:|1700776052\n|switch|p1a: Noivern|Noivern, F|100\/100\n|turn|13\n|\n|t:|1700776076\n|switch|p2a: Ampharos|Ampharos, F, shiny|100\/100\n|move|p1a: Noivern|Flamethrower|p2a: Ampharos\n|-damage|p2a: Ampharos|57\/100\n|\n|-heal|p2a: Ampharos|63\/100|[from] item: Leftovers\n|upkeep\n|turn|14\n|\n|t:|1700776096\n|switch|p1a: Goodra|Goodra, F|95\/100\n|move|p2a: Ampharos|Volt Switch|p1a: Goodra\n|-resisted|p1a: Goodra\n|-damage|p1a: Goodra|89\/100\n|\n|t:|1700776107\n|switch|p2a: Espeon|Espeon, M|100\/100|[from] Volt Switch\n|\n|upkeep\n|turn|15\n|\n|t:|1700776129\n|move|p2a: Espeon|Yawn|p1a: Goodra\n|-start|p1a: Goodra|move: Yawn|[of] p2a: Espeon\n|move|p1a: Goodra|Knock Off|p2a: Espeon\n|-supereffective|p2a: Espeon\n|-damage|p2a: Espeon|66\/100\n|\n|upkeep\n|turn|16\n|inactive|Battle timer is ON: inactive players will automatically lose when time's up. (requested by nachobz)\n|\n|t:|1700776192\n|switch|p1a: Noivern|Noivern, F|100\/100\n|-zpower|p2a: Espeon\n|move|p2a: Espeon|Z-Celebrate|p2a: Espeon|[anim]Celebrate\n|-boost|p2a: Espeon|atk|1|[zeffect]\n|-boost|p2a: Espeon|def|1|[zeffect]\n|-boost|p2a: Espeon|spa|1|[zeffect]\n|-boost|p2a: Espeon|spd|1|[zeffect]\n|-boost|p2a: Espeon|spe|1|[zeffect]\n|-activate|p2a: Espeon|move: Celebrate\n|\n|upkeep\n|turn|17\n|c|\u2606newluka|!dt espeon\n|raw|<div class=\"message\"><ul class=\"utilichart\"><li class=\"result\"><span class=\"col numcol\">RU<\/span> <span class=\"col iconcol\"><psicon pokemon=\"espeon\"\/><\/span> <span class=\"col pokemonnamecol\" style=\"white-space:nowrap\"><a href=\"https:\/\/dex.pokemonshowdown.com\/pokemon\/espeon\" target=\"_blank\">Espeon<\/a><\/span> <span class=\"col typecol\"><img src=\"https:\/\/play.pokemonshowdown.com\/sprites\/types\/Psychic.png\" alt=\"Psychic\" height=\"14\" width=\"32\"><\/span> <span style=\"float:left;min-height:26px\"><span class=\"col abilitycol\">Synchronize<\/span><span class=\"col abilitycol\"><em>Magic Bounce<\/em><\/span><\/span><span style=\"float:left;min-height:26px\"><span class=\"col statcol\"><em>HP<\/em><br \/>65<\/span> <span class=\"col statcol\"><em>Atk<\/em><br \/>65<\/span> <span class=\"col statcol\"><em>Def<\/em><br \/>60<\/span> <span class=\"col statcol\"><em>SpA<\/em><br \/>130<\/span> <span class=\"col statcol\"><em>SpD<\/em><br \/>95<\/span> <span class=\"col statcol\"><em>Spe<\/em><br \/>110<\/span> <span class=\"col bstcol\"><em>BST<br \/>525<\/em><\/span> <\/span><\/li><li style=\"clear:both\"><\/li><\/ul><\/div>\n|raw|<font size=\"1\"><font color=\"#686868\">Dex#:<\/font> 196&nbsp;|&ThickSpace;<font color=\"#686868\">Gen:<\/font> 2&nbsp;|&ThickSpace;<font color=\"#686868\">Height:<\/font> 0.9 m&nbsp;|&ThickSpace;<font color=\"#686868\">Weight:<\/font> 26.5 kg <em>(60 BP)<\/em>&nbsp;|&ThickSpace;<font color=\"#686868\">Dex Colour:<\/font> Purple&nbsp;|&ThickSpace;<font color=\"#686868\">Egg Group(s):<\/font> Field&nbsp;|&ThickSpace;<font color=\"#686868\">Pre-Evolution:<\/font> Eevee&nbsp;|&ThickSpace;<font color=\"#686868\">Does Not Evolve<\/font><\/font>\n\n|inactive|newluka has 270 seconds left.\n|\n|t:|1700776239\n|move|p2a: Espeon|Psychic|p1a: Noivern\n|-damage|p1a: Noivern|22\/100\n|-unboost|p1a: Noivern|spd|1\n|move|p1a: Noivern|Draco Meteor|p2a: Espeon\n|-damage|p2a: Espeon|5\/100\n|-unboost|p1a: Noivern|spa|2\n|\n|upkeep\n|turn|18\n|inactive|newluka has 270 seconds left.\n|inactive|newluka has 240 seconds left.\n|\n|t:|1700776277\n|move|p2a: Espeon|Psychic|p1a: Noivern\n|-damage|p1a: Noivern|0 fnt\n|faint|p1a: Noivern\n|\n|upkeep\n|\n|t:|1700776278\n|switch|p1a: Goodra|Goodra, F|89\/100\n|turn|19\n|\n|t:|1700776289\n|move|p2a: Espeon|Yawn|p1a: Goodra\n|-start|p1a: Goodra|move: Yawn|[of] p2a: Espeon\n|move|p1a: Goodra|Knock Off|p2a: Espeon\n|-supereffective|p2a: Espeon\n|-damage|p2a: Espeon|0 fnt\n|faint|p2a: Espeon\n|\n|upkeep\n|inactive|nachobz has 270 seconds left.\n|\n|t:|1700776326\n|switch|p2a: Typhlosion|Typhlosion, F, shiny|100\/100\n|turn|20\n|\n|t:|1700776341\n|move|p2a: Typhlosion|Focus Blast|p1a: Goodra\n|-damage|p1a: Goodra|77\/100\n|move|p1a: Goodra|Scald|p2a: Typhlosion\n|-supereffective|p2a: Typhlosion\n|-damage|p2a: Typhlosion|46\/100\n|\n|-end|p1a: Goodra|move: Yawn|[silent]\n|-status|p1a: Goodra|slp\n|upkeep\n|turn|21\n|\n|t:|1700776355\n|switch|p2a: D\u00e9dalo|Scizor-Mega, M, shiny|100\/100\n|switch|p1a: Salamence|Salamence, F|100\/100\n|\n|upkeep\n|turn|22\n|inactive|nachobz has 240 seconds left.\n|inactive|newluka has 240 seconds left.\n|\n|t:|1700776427\n|move|p1a: Salamence|Dual Wingbeat|p2a: D\u00e9dalo\n|-damage|p2a: D\u00e9dalo|81\/100\n|-damage|p2a: D\u00e9dalo|62\/100\n|-hitcount|p2a: D\u00e9dalo|2\n|move|p2a: D\u00e9dalo|Swords Dance|p2a: D\u00e9dalo\n|-boost|p2a: D\u00e9dalo|atk|2\n|\n|upkeep\n|turn|23\n|inactive|nachobz has 240 seconds left.\n|inactive|newluka has 210 seconds left.\n|\n|t:|1700776459\n|move|p1a: Salamence|Dual Wingbeat|p2a: D\u00e9dalo|[miss]\n|-miss|p1a: Salamence|p2a: D\u00e9dalo\n|move|p2a: D\u00e9dalo|Dual Wingbeat|p1a: Salamence|[miss]\n|-miss|p2a: D\u00e9dalo|p1a: Salamence\n|\n|upkeep\n|turn|24\n|j| vertigou\n|inactive|newluka has 180 seconds left.\n|\n|t:|1700776498\n|move|p1a: Salamence|Dual Wingbeat|p2a: D\u00e9dalo\n|-damage|p2a: D\u00e9dalo|42\/100\n|-damage|p2a: D\u00e9dalo|23\/100\n|-hitcount|p2a: D\u00e9dalo|2\n|move|p2a: D\u00e9dalo|Dual Wingbeat|p1a: Salamence|[miss]\n|-miss|p2a: D\u00e9dalo|p1a: Salamence\n|\n|upkeep\n|turn|25\n|\n|t:|1700776514\n|move|p2a: D\u00e9dalo|Bullet Punch|p1a: Salamence\n|-damage|p1a: Salamence|20\/100\n|move|p1a: Salamence|Earthquake|p2a: D\u00e9dalo\n|-damage|p2a: D\u00e9dalo|0 fnt\n|faint|p2a: D\u00e9dalo\n|-ability|p1a: Salamence|Moxie|boost\n|-boost|p1a: Salamence|atk|1\n|\n|upkeep\n|inactive|nachobz has 210 seconds left.\n|\n|t:|1700776530\n|switch|p2a: Typhlosion|Typhlosion, F, shiny|46\/100\n|turn|26\n|inactive|nachobz has 210 seconds left.\n|\n|t:|1700776557\n|switch|p1a: Goodra|Goodra, F|77\/100 slp\n|move|p2a: Typhlosion|Shadow Ball|p1a: Goodra\n|-damage|p1a: Goodra|70\/100 slp\n|\n|upkeep\n|turn|27\n|\n|t:|1700776568\n|switch|p2a: Ampharos|Ampharos, F, shiny|63\/100\n|cant|p1a: Goodra|slp\n|\n|-heal|p2a: Ampharos|70\/100|[from] item: Leftovers\n|upkeep\n|turn|28\n|\n|t:|1700776582\n|cant|p1a: Goodra|slp\n|move|p2a: Ampharos|Cotton Guard|p2a: Ampharos\n|-boost|p2a: Ampharos|def|3\n|\n|-heal|p2a: Ampharos|76\/100|[from] item: Leftovers\n|upkeep\n|turn|29\n|\n|t:|1700776593\n|cant|p1a: Goodra|slp\n|move|p2a: Ampharos|Focus Blast|p1a: Goodra\n|-damage|p1a: Goodra|56\/100 slp\n|\n|-heal|p2a: Ampharos|82\/100|[from] item: Leftovers\n|upkeep\n|turn|30\n|\n|t:|1700776603\n|-curestatus|p1a: Goodra|slp|[msg]\n|move|p1a: Goodra|Knock Off|p2a: Ampharos\n|-damage|p2a: Ampharos|74\/100\n|-enditem|p2a: Ampharos|Leftovers|[from] move: Knock Off|[of] p1a: Goodra\n|move|p2a: Ampharos|Focus Blast|p1a: Goodra\n|-damage|p1a: Goodra|43\/100\n|\n|upkeep\n|turn|31\n|inactive|newluka has 210 seconds left.\n|inactive|newluka has 180 seconds left.\n|c|\u2606newluka|!dt amphafos\nNo Pok\u00e9mon, item, move, ability or nature named 'amphafos' was found. Showing the data of 'Ampharos' instead.\n|raw|<div class=\"message\"><ul class=\"utilichart\"><li class=\"result\"><span class=\"col numcol\">RU<\/span> <span class=\"col iconcol\"><psicon pokemon=\"ampharos\"\/><\/span> <span class=\"col pokemonnamecol\" style=\"white-space:nowrap\"><a href=\"https:\/\/dex.pokemonshowdown.com\/pokemon\/ampharos\" target=\"_blank\">Ampharos<\/a><\/span> <span class=\"col typecol\"><img src=\"https:\/\/play.pokemonshowdown.com\/sprites\/types\/Electric.png\" alt=\"Electric\" height=\"14\" width=\"32\"><\/span> <span style=\"float:left;min-height:26px\"><span class=\"col abilitycol\">Static<\/span><span class=\"col abilitycol\"><em>Plus<\/em><\/span><\/span><span style=\"float:left;min-height:26px\"><span class=\"col statcol\"><em>HP<\/em><br \/>90<\/span> <span class=\"col statcol\"><em>Atk<\/em><br \/>75<\/span> <span class=\"col statcol\"><em>Def<\/em><br \/>85<\/span> <span class=\"col statcol\"><em>SpA<\/em><br \/>115<\/span> <span class=\"col statcol\"><em>SpD<\/em><br \/>90<\/span> <span class=\"col statcol\"><em>Spe<\/em><br \/>55<\/span> <span class=\"col bstcol\"><em>BST<br \/>510<\/em><\/span> <\/span><\/li><li style=\"clear:both\"><\/li><\/ul><\/div>\n|raw|<font size=\"1\"><font color=\"#686868\">Dex#:<\/font> 181&nbsp;|&ThickSpace;<font color=\"#686868\">Gen:<\/font> 2&nbsp;|&ThickSpace;<font color=\"#686868\">Height:<\/font> 1.4 m&nbsp;|&ThickSpace;<font color=\"#686868\">Weight:<\/font> 61.5 kg <em>(80 BP)<\/em>&nbsp;|&ThickSpace;<font color=\"#686868\">Dex Colour:<\/font> Yellow&nbsp;|&ThickSpace;<font color=\"#686868\">Egg Group(s):<\/font> Monster, Field&nbsp;|&ThickSpace;<font color=\"#686868\">Pre-Evolution:<\/font> Flaaffy&nbsp;|&ThickSpace;<font color=\"#686868\">Does Not Evolve<\/font><\/font>\n\n|inactive|newluka has 150 seconds left.\n|\n|t:|1700776670\n|move|p1a: Goodra|Draco Meteor|p2a: Ampharos|[miss]\n|-miss|p1a: Goodra|p2a: Ampharos\n|move|p2a: Ampharos|Focus Blast|p1a: Goodra\n|-damage|p1a: Goodra|30\/100\n|\n|upkeep\n|turn|32\n|inactive|newluka has 150 seconds left.\n|c| Dinumata|podrias fallar un focus blast\n|\n|t:|1700776686\n|move|p1a: Goodra|Draco Meteor|p2a: Ampharos\n|-damage|p2a: Ampharos|26\/100\n|-unboost|p1a: Goodra|spa|2\n|move|p2a: Ampharos|Focus Blast|p1a: Goodra\n|-crit|p1a: Goodra\n|-damage|p1a: Goodra|11\/100\n|\n|upkeep\n|turn|33\n|inactive|newluka has 150 seconds left.\n|inactive|newluka has 120 seconds left.\n|inactive|newluka has 90 seconds left.\n|\n|t:|1700776762\n|move|p1a: Goodra|Draco Meteor|p2a: Ampharos\n|-damage|p2a: Ampharos|0 fnt\n|-unboost|p1a: Goodra|spa|2\n|faint|p2a: Ampharos\n|\n|upkeep\n|\n|t:|1700776771\n|switch|p2a: Typhlosion|Typhlosion, F, shiny|46\/100\n|turn|34\n|inactive|newluka has 90 seconds left.\n|\n|t:|1700776800\n|move|p2a: Typhlosion|Focus Blast|p1a: Goodra\n|-damage|p1a: Goodra|0 fnt\n|faint|p1a: Goodra\n|\n|upkeep\n|\n|t:|1700776803\n|switch|p1a: Salamence|Salamence, F|20\/100\n|turn|35\n|\n|t:|1700776819\n|move|p2a: Typhlosion|Focus Blast|p1a: Salamence\n|-resisted|p1a: Salamence\n|-damage|p1a: Salamence|0 fnt\n|faint|p1a: Salamence\n|\n|win|nachobz\n|l| vertigou\n","uploadtime":1700776842,"views":9,"p1id":"newluka","p2id":"nachobz","formatid":"gen9nationaldex","rating":0,"private":0,"password":""}