{"id":"gen9nationaldex-1994889777","p1":"M7MZM","p2":"dexxit","format":"[Gen 9] National Dex","log":"|html|<div class=\"broadcast-blue\"><strong>[Gen 9] National Dex is currently suspecting Sneasler! For information on how to participate check out the <a href=\"https:\/\/www.smogon.com\/forums\/threads\/sv-national-dex-suspect-8-just-dance.3731534\/\">suspect thread<\/a>.<\/strong><\/div>\n|j|\u2606M7MZM\n|j|\u2606dexxit\n|t:|1700502038\n|gametype|singles\n|player|p1|M7MZM|pokekid|1055\n|player|p2|dexxit|dexio|1006\n|teamsize|p1|6\n|teamsize|p2|6\n|gen|9\n|tier|[Gen 9] National Dex\n|rated|\n|rule|HP Percentage Mod: HP is shown in percentages\n|rule|Endless Battle Clause: Forcing endless battles is banned\n|rule|OHKO Clause: OHKO moves are banned\n|rule|Evasion Clause: Evasion abilities, items, and moves are banned\n|rule|Evasion Abilities Clause: Evasion abilities are banned\n|rule|Evasion Items Clause: Evasion items are banned\n|rule|Evasion Moves Clause: Evasion moves are banned\n|rule|Species Clause: Limit one of each Pok\u00e9mon\n|rule|Sleep Clause Mod: Limit one foe put to sleep\n|clearpoke\n|poke|p1|Banette, F|\n|poke|p1|Pyukumuku, F|\n|poke|p1|Poipole|\n|poke|p1|Combee, F|\n|poke|p1|Zeraora|\n|poke|p1|Tapu Fini|\n|poke|p2|Zoroark-Hisui, M|\n|poke|p2|Fezandipiti, M|\n|poke|p2|Kartana|\n|poke|p2|Grimmsnarl, M|\n|poke|p2|Minior-Blue|\n|poke|p2|Ribombee, F|\n|teampreview\n|c|\u2606M7MZM|scary team\n|\n|t:|1700502050\n|start\n|switch|p1a: bee|Combee, F|100\/100\n|switch|p2a: Rogan|Grimmsnarl, M|100\/100\n|turn|1\n|\n|t:|1700502057\n|move|p2a: Rogan|Taunt|p1a: bee\n|-start|p1a: bee|move: Taunt\n|cant|p1a: bee|move: Taunt|Tailwind\n|\n|upkeep\n|turn|2\n|\n|t:|1700502063\n|move|p2a: Rogan|Thunder Wave|p1a: bee\n|-status|p1a: bee|par\n|move|p1a: bee|Endeavor|p2a: Rogan\n|-damage|p2a: Rogan|52\/100\n|-damage|p1a: bee|84\/100 par|[from] item: Rocky Helmet|[of] p2a: Rogan\n|\n|upkeep\n|turn|3\n|\n|t:|1700502074\n|move|p2a: Rogan|Taunt||[still]\n|-fail|p2a: Rogan\n|move|p1a: bee|Lunge|p2a: Rogan\n|-damage|p2a: Rogan|16\/100\n|-unboost|p2a: Rogan|atk|1\n|-damage|p1a: bee|68\/100 par|[from] item: Rocky Helmet|[of] p2a: Rogan\n|\n|-end|p1a: bee|move: Taunt\n|upkeep\n|turn|4\n|\n|t:|1700502083\n|move|p2a: Rogan|Taunt|p1a: bee\n|-start|p1a: bee|move: Taunt\n|cant|p1a: bee|move: Taunt|Tailwind\n|\n|upkeep\n|turn|5\n|\n|t:|1700502091\n|move|p2a: Rogan|Parting Shot|p1a: bee\n|-unboost|p1a: bee|atk|1\n|-unboost|p1a: bee|spa|1\n|\n|t:|1700502096\n|switch|p2a: Freddy Mercury|Minior-Blue, shiny|100\/100|[from] Parting Shot\n|move|p1a: bee|Lunge|p2a: Freddy Mercury|[miss]\n|-miss|p1a: bee|p2a: Freddy Mercury\n|\n|upkeep\n|turn|6\n|\n|t:|1700502110\n|switch|p1a: muku|Pyukumuku, F|100\/100\n|move|p2a: Freddy Mercury|Hex|p1a: muku\n|-damage|p1a: muku|72\/100\n|-damage|p2a: Freddy Mercury|91\/100|[from] item: Life Orb\n|\n|-heal|p1a: muku|78\/100|[from] item: Leftovers\n|upkeep\n|turn|7\n|j| Topical Rainstorm\n|c| Topical Rainstorm|Freddy mercury\n|\n|t:|1700502132\n|move|p2a: Freddy Mercury|Will-O-Wisp|p1a: muku\n|-status|p1a: muku|brn\n|move|p1a: muku|Block||[still]\n|-fail|p1a: muku\n|\n|-heal|p1a: muku|84\/100 brn|[from] item: Leftovers\n|-damage|p1a: muku|78\/100 brn|[from] brn\n|upkeep\n|turn|8\n|c|\u2606M7MZM|wait what\n|c|\u2606M7MZM|block failed?\n|\n|t:|1700502158\n|move|p2a: Freddy Mercury|Bitter Malice|p1a: muku\n|-damage|p1a: muku|44\/100 brn\n|-unboost|p1a: muku|atk|1\n|-damage|p2a: Freddy Mercury|81\/100|[from] item: Life Orb\n|move|p1a: muku|Mirror Coat|p2a: Freddy Mercury\n|-damage|p2a: Freddy Mercury|0 fnt\n|replace|p2a: Garret|Zoroark-Hisui, M\n|-end|p2a: Garret|Illusion\n|faint|p2a: Garret\n|\n|-heal|p1a: muku|50\/100 brn|[from] item: Leftovers\n|-damage|p1a: muku|44\/100 brn|[from] brn\n|upkeep\n|c|\u2606M7MZM|ah i get it\n|c|\u2606M7MZM|nice bro\n|c|\u2606M7MZM|you got me there\n|c| Topical Rainstorm|What\n|c| Topical Rainstorm|Oh\n|\n|t:|1700502202\n|switch|p2a: Rogan|Grimmsnarl, M|16\/100\n|turn|9\n|\n|t:|1700502212\n|switch|p1a: bee|Combee, F|68\/100 par\n|move|p2a: Rogan|Spirit Break|p1a: bee\n|-damage|p1a: bee|0 fnt\n|faint|p1a: bee\n|\n|upkeep\n|c| Topical Rainstorm|Rip bee\n|c|\u2606M7MZM|wanna see a magic trick?\n|\n|t:|1700502243\n|switch|p1a: dog|Zeraora|100\/100\n|turn|10\n|\n|t:|1700502267\n|move|p1a: dog|Power-Up Punch|p2a: Rogan\n|-damage|p2a: Rogan|0 fnt\n|-boost|p1a: dog|atk|1\n|-damage|p1a: dog|84\/100|[from] item: Rocky Helmet|[of] p2a: Rogan\n|faint|p2a: Rogan\n|-damage|p1a: dog|74\/100|[from] item: Life Orb\n|\n|upkeep\n|\n|t:|1700502273\n|switch|p2a: OOPS NO SPIN?|Ribombee, F|100\/100\n|turn|11\n|c|\u2606M7MZM|prob sash\n|\n|t:|1700502288\n|move|p1a: dog|Power-Up Punch|p2a: OOPS NO SPIN?\n|-resisted|p2a: OOPS NO SPIN?\n|-damage|p2a: OOPS NO SPIN?|87\/100\n|-boost|p1a: dog|atk|1\n|-damage|p1a: dog|65\/100|[from] item: Life Orb\n|move|p2a: OOPS NO SPIN?|Sticky Web|p1a: dog\n|-sidestart|p1: M7MZM|move: Sticky Web\n|\n|upkeep\n|turn|12\n|c| Topical Rainstorm|What is the magic trick\n|c|\u2606M7MZM|atk\n|c| Topical Rainstorm|Oh\n|\n|t:|1700502312\n|move|p1a: dog|Plasma Fists|p2a: OOPS NO SPIN?\n|-damage|p2a: OOPS NO SPIN?|0 fnt\n|-fieldactivate|move: Ion Deluge\n|-hint|Normal-type moves become Electric-type after using Plasma Fists.\n|faint|p2a: OOPS NO SPIN?\n|-damage|p1a: dog|55\/100|[from] item: Life Orb\n|\n|upkeep\n|c| Topical Rainstorm|Its nothing special\n|c|\u2606M7MZM|ok\n|c| Topical Rainstorm|Btw no it was boots\n|c|\u2606M7MZM|ah\n|\n|t:|1700502347\n|switch|p2a: Pez|Fezandipiti, M|100\/100\n|turn|13\n|c|\u2606M7MZM|i think this walls me\n|\n|t:|1700502366\n|-terastallize|p2a: Pez|Ground\n|move|p1a: dog|Plasma Fists|p2a: Pez\n|-immune|p2a: Pez\n|move|p2a: Pez|Tera Blast|p1a: dog|[anim] Tera Blast Ground\n|-supereffective|p1a: dog\n|-damage|p1a: dog|0 fnt\n|faint|p1a: dog\n|\n|upkeep\n|c| Topical Rainstorm|My bird is my only hope\n|c|\u2606M7MZM|.....\n|c| Topical Rainstorm|You never see it coming\n|\n|t:|1700502416\n|switch|p1a: muku|Pyukumuku, F|44\/100 brn\n|-activate|p1a: muku|move: Sticky Web\n|-unboost|p1a: muku|spe|1\n|turn|14\n|\n|t:|1700502422\n|switch|p2a: Ishmaech|Kartana|100\/100\n|-terastallize|p1a: muku|Water\n|move|p1a: muku|Recover|p1a: muku\n|-heal|p1a: muku|94\/100 brn\n|\n|-heal|p1a: muku|100\/100 brn|[from] item: Leftovers\n|-damage|p1a: muku|94\/100 brn|[from] brn\n|upkeep\n|turn|15\n|c|\u2606M7MZM|ahhhhhhh\n|\n|t:|1700502431\n|move|p2a: Ishmaech|Leaf Blade|p1a: muku\n|-supereffective|p1a: muku\n|-damage|p1a: muku|0 fnt\n|faint|p1a: muku\n|-ability|p2a: Ishmaech|Beast Boost|boost\n|-boost|p2a: Ishmaech|atk|1\n|\n|upkeep\n|c| Topical Rainstorm|Ready to lose my kartana\n|c|\u2606M7MZM|yea\n|c| Topical Rainstorm|Oh\n|\n|t:|1700502452\n|switch|p1a: poile|Poipole|100\/100\n|-activate|p1a: poile|move: Sticky Web\n|-unboost|p1a: poile|spe|1\n|turn|16\n|c| Topical Rainstorm|I think kartana may be a little much\n|\n|t:|1700502472\n|switch|p2a: Pez|Fezandipiti, M, tera:Ground|100\/100\n|move|p1a: poile|Hidden Power|p2a: Pez\n|-damage|p2a: Pez|88\/100\n|\n|upkeep\n|turn|17\n|c|\u2606M7MZM|nooo\n|c| Topical Rainstorm|Being super risky\n|\n|t:|1700502493\n|move|p2a: Pez|Swords Dance|p2a: Pez\n|-boost|p2a: Pez|atk|2\n|move|p1a: poile|Nasty Plot|p1a: poile\n|-boost|p1a: poile|spa|2\n|\n|upkeep\n|turn|18\n|\n|t:|1700502499\n|move|p2a: Pez|Tera Blast|p1a: poile|[anim] Tera Blast Ground\n|-supereffective|p1a: poile\n|-damage|p1a: poile|0 fnt\n|faint|p1a: poile\n|\n|upkeep\n|c| Topical Rainstorm|Oh\n|\n|t:|1700502504\n|switch|p1a: fish|Tapu Fini|100\/100\n|-activate|p1a: fish|move: Sticky Web\n|-unboost|p1a: fish|spe|1\n|-fieldstart|move: Misty Terrain|[from] ability: Misty Surge|[of] p1a: fish\n|turn|19\n|c| Topical Rainstorm|Never punished\n|c|\u2606M7MZM|well\n|\n|t:|1700502514\n|move|p2a: Pez|Gunk Shot|p1a: fish|[miss]\n|-miss|p2a: Pez|p1a: fish\n|-enditem|p2a: Pez|Blunder Policy\n|-boost|p2a: Pez|spe|2\n|move|p1a: fish|Hydro Pump|p2a: Pez\n|-supereffective|p2a: Pez\n|-damage|p2a: Pez|29\/100\n|\n|upkeep\n|turn|20\n|c|\u2606M7MZM|.......\n|\n|t:|1700502531\n|move|p2a: Pez|Gunk Shot|p1a: fish\n|-supereffective|p1a: fish\n|-damage|p1a: fish|0 fnt\n|faint|p1a: fish\n|\n|upkeep\n|c| Topical Rainstorm|Blunder plicy is wild on this one\n|c|\u2606M7MZM|shouldve twinkle tackled\n|\n|t:|1700502550\n|switch|p1a: Doll|Banette, F|100\/100\n|-activate|p1a: Doll|move: Sticky Web\n|-unboost|p1a: Doll|spe|1\n|turn|21\n|c| Topical Rainstorm|100%\n|\n|t:|1700502559\n|detailschange|p1a: Doll|Banette-Mega, F\n|-mega|p1a: Doll|Banette|Banettite\n|move|p1a: Doll|Shadow Sneak|p2a: Pez\n|-damage|p2a: Pez|0 fnt\n|faint|p2a: Pez\n|\n|upkeep\n|\n|t:|1700502568\n|switch|p2a: Ishmaech|Kartana|100\/100\n|turn|22\n|c| Topical Rainstorm|I recon yiu win here\n|\n|t:|1700502583\n|move|p1a: Doll|Swords Dance|p1a: Doll\n|-boost|p1a: Doll|atk|2\n|move|p2a: Ishmaech|Knock Off|p1a: Doll\n|-supereffective|p1a: Doll\n|-damage|p1a: Doll|0 fnt\n|faint|p1a: Doll\n|\n|win|dexxit\n|raw|M7MZM's rating: 1055 &rarr; <strong>1034<\/strong><br \/>(-21 for losing)\n|raw|dexxit's rating: 1006 &rarr; <strong>1051<\/strong><br \/>(+45 for winning)\n|c| Topical Rainstorm|Oh\n|c| Topical Rainstorm|Gg\n|c| Topical Rainstorm|Wp\n|c| Topical Rainstorm|I like ur team\n|c|\u2606M7MZM|wp man\n|c| Topical Rainstorm|Ty\n|c| Topical Rainstorm|Gl on ur next bottles\n|c| Topical Rainstorm|Battles*\n|c|\u2606M7MZM|u 2\n|l|\u2606M7MZM\n","uploadtime":1700502623,"views":14,"p1id":"m7mzm","p2id":"dexxit","formatid":"gen9nationaldex","rating":1034,"private":0,"password":""}