{"id":"gen9nationaldex-1995339355","p1":"batmanga","p2":"bubulangte","format":"[Gen 9] National Dex","log":"|html|<div class=\"broadcast-blue\"><strong>[Gen 9] National Dex is currently suspecting Sneasler! For information on how to participate check out the <a href=\"https:\/\/www.smogon.com\/forums\/threads\/sv-national-dex-suspect-8-just-dance.3731534\/\">suspect thread<\/a>.<\/strong><\/div>\n|j|\u2606batmanga\n|j|\u2606bubulangte\n|t:|1700556319\n|gametype|singles\n|player|p1|batmanga|riley|1618\n|player|p2|bubulangte|clair|1720\n|teamsize|p1|6\n|teamsize|p2|6\n|gen|9\n|tier|[Gen 9] National Dex\n|rated|\n|rule|HP Percentage Mod: HP is shown in percentages\n|rule|Endless Battle Clause: Forcing endless battles is banned\n|rule|OHKO Clause: OHKO moves are banned\n|rule|Evasion Clause: Evasion abilities, items, and moves are banned\n|rule|Evasion Abilities Clause: Evasion abilities are banned\n|rule|Evasion Items Clause: Evasion items are banned\n|rule|Evasion Moves Clause: Evasion moves are banned\n|rule|Species Clause: Limit one of each Pok\u00e9mon\n|rule|Sleep Clause Mod: Limit one foe put to sleep\n|clearpoke\n|poke|p1|Slowking, M|\n|poke|p1|Zamazenta-*|\n|poke|p1|Raticate, F|\n|poke|p1|Skeledirge, M|\n|poke|p1|Arctozolt|\n|poke|p1|Iron Treads|\n|poke|p2|Weavile, M|\n|poke|p2|Diancie|\n|poke|p2|Ogerpon-Wellspring, F|\n|poke|p2|Garchomp, M|\n|poke|p2|Moltres|\n|poke|p2|Slowking-Galar, F|\n|teampreview\n|inactive|Battle timer is ON: inactive players will automatically lose when time's up. (requested by bubulangte)\n|\n|t:|1700556330\n|start\n|switch|p1a: Iron Treads|Iron Treads|100\/100\n|switch|p2a: Moltres|Moltres|100\/100\n|-enditem|p1a: Iron Treads|Booster Energy\n|-activate|p1a: Iron Treads|ability: Quark Drive|[fromitem]\n|-start|p1a: Iron Treads|quarkdrivespe\n|turn|1\n|\n|t:|1700556339\n|move|p1a: Iron Treads|Stealth Rock|p2a: Moltres\n|-sidestart|p2: bubulangte|move: Stealth Rock\n|move|p2a: Moltres|Flamethrower|p1a: Iron Treads\n|-supereffective|p1a: Iron Treads\n|-damage|p1a: Iron Treads|0 fnt\n|faint|p1a: Iron Treads\n|-end|p1a: Iron Treads|Quark Drive|[silent]\n|\n|upkeep\n|\n|t:|1700556346\n|switch|p1a: Raticate|Raticate, F|100\/100\n|turn|2\n|l|\u2606bubulangte\n|inactive|bubulangte disconnected and has a minute to reconnect!\n|player|p2|\n|inactive|bubulangte has 30 seconds to reconnect!\n|j|\u2606bubulangte\n|inactive|bubulangte reconnected and has 105 seconds left.\n|player|p2|bubulangte|clair\n|\n|t:|1700556395\n|move|p1a: Raticate|Swords Dance|p1a: Raticate\n|-boost|p1a: Raticate|atk|2\n|move|p2a: Moltres|Defog|p1a: Raticate\n|-unboost|p1a: Raticate|evasion|1\n|-sideend|p2: bubulangte|Stealth Rock|[from] move: Defog|[of] p2a: Moltres\n|\n|-status|p1a: Raticate|brn|[from] item: Flame Orb\n|upkeep\n|turn|3\n|\n|t:|1700556419\n|switch|p2a: Garchomp|Garchomp, M|100\/100\n|move|p1a: Raticate|Facade|p2a: Garchomp\n|-damage|p2a: Garchomp|0 fnt\n|-damage|p1a: Raticate|88\/100 brn|[from] ability: Rough Skin|[of] p2a: Garchomp\n|faint|p2a: Garchomp\n|\n|-damage|p1a: Raticate|82\/100 brn|[from] brn\n|upkeep\n|\n|t:|1700556424\n|switch|p2a: Slowking|Slowking-Galar, F|100\/100\n|turn|4\n|\n|t:|1700556429\n|-terastallize|p2a: Slowking|Steel\n|move|p1a: Raticate|Facade|p2a: Slowking\n|-resisted|p2a: Slowking\n|-damage|p2a: Slowking|15\/100\n|move|p2a: Slowking|Sludge Bomb|p1a: Raticate\n|-damage|p1a: Raticate|24\/100 brn\n|\n|-damage|p1a: Raticate|18\/100 brn|[from] brn\n|upkeep\n|turn|5\n|\n|t:|1700556437\n|move|p1a: Raticate|Facade|p2a: Slowking\n|-resisted|p2a: Slowking\n|-damage|p2a: Slowking|0 fnt\n|faint|p2a: Slowking\n|\n|-damage|p1a: Raticate|12\/100 brn|[from] brn\n|upkeep\n|\n|t:|1700556446\n|switch|p2a: Diancie|Diancie|100\/100\n|turn|6\n|\n|t:|1700556456\n|switch|p1a: Slowking|Slowking, M|100\/100\n|detailschange|p2a: Diancie|Diancie-Mega\n|-mega|p2a: Diancie|Diancie|Diancite\n|move|p2a: Diancie|Diamond Storm|p1a: Slowking\n|-damage|p1a: Slowking|51\/100\n|\n|upkeep\n|turn|7\n|\n|t:|1700556464\n|move|p2a: Diancie|Spikes|p1a: Slowking\n|-sidestart|p1: batmanga|Spikes\n|move|p1a: Slowking|Chilly Reception|p1a: Slowking\n|-weather|Snow\n|\n|t:|1700556469\n|switch|p1a: Arctozolt|Arctozolt|100\/100|[from] Chilly Reception\n|\n|-weather|Snow|[upkeep]\n|upkeep\n|turn|8\n|\n|t:|1700556481\n|-terastallize|p1a: Arctozolt|Electric\n|move|p1a: Arctozolt|Bolt Beak|p2a: Diancie\n|-damage|p2a: Diancie|0 fnt\n|faint|p2a: Diancie\n|\n|-weather|Snow|[upkeep]\n|upkeep\n|inactive|bubulangte has 120 seconds left.\n|\n|t:|1700556506\n|switch|p2a: Moltres|Moltres|100\/100\n|turn|9\n|\n|t:|1700556513\n|switch|p1a: Slowking|Slowking, M|84\/100\n|-damage|p1a: Slowking|72\/100|[from] Spikes\n|move|p2a: Moltres|Flamethrower|p1a: Slowking\n|-resisted|p1a: Slowking\n|-damage|p1a: Slowking|61\/100\n|\n|-weather|Snow|[upkeep]\n|upkeep\n|turn|10\n|\n|t:|1700556519\n|move|p2a: Moltres|U-turn|p1a: Slowking\n|-supereffective|p1a: Slowking\n|-damage|p1a: Slowking|32\/100\n|\n|t:|1700556526\n|switch|p2a: Weavile|Weavile, M|100\/100|[from] U-turn\n|move|p1a: Slowking|Chilly Reception|p1a: Slowking\n|\n|t:|1700556533\n|switch|p1a: Arctozolt|Arctozolt, tera:Electric|100\/100|[from] Chilly Reception\n|\n|-weather|Snow|[upkeep]\n|upkeep\n|turn|11\n|\n|t:|1700556539\n|move|p1a: Arctozolt|Bolt Beak|p2a: Weavile\n|-damage|p2a: Weavile|0 fnt\n|faint|p2a: Weavile\n|\n|-weather|Snow|[upkeep]\n|upkeep\n|\n|t:|1700556552\n|switch|p2a: Moltres|Moltres|100\/100\n|turn|12\n|\n|t:|1700556555\n|move|p1a: Arctozolt|Bolt Beak|p2a: Moltres\n|-supereffective|p2a: Moltres\n|-damage|p2a: Moltres|0 fnt\n|-status|p1a: Arctozolt|brn|[from] ability: Flame Body|[of] p2a: Moltres\n|faint|p2a: Moltres\n|\n|-weather|Snow|[upkeep]\n|-damage|p1a: Arctozolt|94\/100 brn|[from] brn\n|upkeep\n|\n|t:|1700556557\n|switch|p2a: Ogerpon|Ogerpon-Wellspring, F|100\/100\n|turn|13\n|\n|t:|1700556565\n|move|p1a: Arctozolt|Bolt Beak|p2a: Ogerpon\n|-damage|p2a: Ogerpon|26\/100\n|move|p2a: Ogerpon|Horn Leech|p1a: Arctozolt\n|-damage|p1a: Arctozolt|41\/100 brn\n|-heal|p2a: Ogerpon|55\/100|[from] drain|[of] p1a: Arctozolt\n|\n|-weather|Snow|[upkeep]\n|-damage|p1a: Arctozolt|35\/100 brn|[from] brn\n|upkeep\n|turn|14\n|\n|t:|1700556571\n|move|p1a: Arctozolt|Bolt Beak|p2a: Ogerpon\n|-damage|p2a: Ogerpon|0 fnt\n|faint|p2a: Ogerpon\n|\n|win|batmanga\n|raw|batmanga's rating: 1618 &rarr; <strong>1644<\/strong><br \/>(+26 for winning)\n|raw|bubulangte's rating: 1720 &rarr; <strong>1694<\/strong><br \/>(-26 for losing)\n|l|\u2606bubulangte\n","uploadtime":1700556581,"views":11,"p1id":"batmanga","p2id":"bubulangte","formatid":"gen9nationaldex","rating":1644,"private":0,"password":""}