{"id":"gen9nationaldex-1995398814","p1":"Yutou99","p2":"qwqwqqw","format":"[Gen 9] National Dex","log":"|html|<div class=\"broadcast-blue\"><strong>[Gen 9] National Dex is currently suspecting Sneasler! For information on how to participate check out the <a href=\"https:\/\/www.smogon.com\/forums\/threads\/sv-national-dex-suspect-8-just-dance.3731534\/\">suspect thread<\/a>.<\/strong><\/div>\n|j|\u2606Yutou99\n|j|\u2606qwqwqqw\n|t:|1700565568\n|gametype|singles\n|player|p1|Yutou99|shauntal|1602\n|player|p2|qwqwqqw|102|1660\n|teamsize|p1|6\n|teamsize|p2|6\n|gen|9\n|tier|[Gen 9] National Dex\n|rated|\n|rule|HP Percentage Mod: HP is shown in percentages\n|rule|Endless Battle Clause: Forcing endless battles is banned\n|rule|OHKO Clause: OHKO moves are banned\n|rule|Evasion Clause: Evasion abilities, items, and moves are banned\n|rule|Evasion Abilities Clause: Evasion abilities are banned\n|rule|Evasion Items Clause: Evasion items are banned\n|rule|Evasion Moves Clause: Evasion moves are banned\n|rule|Species Clause: Limit one of each Pok\u00e9mon\n|rule|Sleep Clause Mod: Limit one foe put to sleep\n|clearpoke\n|poke|p1|Empoleon, F|\n|poke|p1|Skeledirge, F|\n|poke|p1|Ursaluna, F|\n|poke|p1|Serperior, M|\n|poke|p1|Zapdos|\n|poke|p1|Banette, M|\n|poke|p2|Ribombee, F|\n|poke|p2|Ogerpon-Wellspring, F|\n|poke|p2|Garchomp, M|\n|poke|p2|Heatran, M|\n|poke|p2|Enamorus, F|\n|poke|p2|Pinsir, F|\n|teampreview\n|\n|t:|1700565581\n|start\n|switch|p1a: \u5fa1\u4e09\u5bb6\uff08\u6c34\uff09|Empoleon, F, shiny|100\/100\n|switch|p2a: Garchomp|Garchomp, M|100\/100\n|turn|1\n|\n|t:|1700565590\n|switch|p2a: stickywebQAQ|Ribombee, F|100\/100\n|move|p1a: \u5fa1\u4e09\u5bb6\uff08\u6c34\uff09|Stealth Rock|p2a: stickywebQAQ\n|-sidestart|p2: qwqwqqw|move: Stealth Rock\n|\n|upkeep\n|turn|2\n|\n|t:|1700565601\n|move|p2a: stickywebQAQ|Defog|p1a: \u5fa1\u4e09\u5bb6\uff08\u6c34\uff09\n|-unboost|p1a: \u5fa1\u4e09\u5bb6\uff08\u6c34\uff09|evasion|1\n|-ability|p1a: \u5fa1\u4e09\u5bb6\uff08\u6c34\uff09|Competitive|boost\n|-boost|p1a: \u5fa1\u4e09\u5bb6\uff08\u6c34\uff09|spa|2\n|-sideend|p2: qwqwqqw|Stealth Rock|[from] move: Defog|[of] p2a: stickywebQAQ\n|move|p1a: \u5fa1\u4e09\u5bb6\uff08\u6c34\uff09|Scald|p2a: stickywebQAQ\n|-enditem|p2a: stickywebQAQ|Focus Sash\n|-damage|p2a: stickywebQAQ|1\/100\n|\n|upkeep\n|turn|3\n|\n|t:|1700565605\n|move|p2a: stickywebQAQ|Moonblast|p1a: \u5fa1\u4e09\u5bb6\uff08\u6c34\uff09\n|-resisted|p1a: \u5fa1\u4e09\u5bb6\uff08\u6c34\uff09\n|-damage|p1a: \u5fa1\u4e09\u5bb6\uff08\u6c34\uff09|87\/100\n|move|p1a: \u5fa1\u4e09\u5bb6\uff08\u6c34\uff09|Stealth Rock|p2a: stickywebQAQ\n|-sidestart|p2: qwqwqqw|move: Stealth Rock\n|\n|-heal|p1a: \u5fa1\u4e09\u5bb6\uff08\u6c34\uff09|93\/100|[from] item: Leftovers\n|upkeep\n|turn|4\n|\n|t:|1700565611\n|move|p2a: stickywebQAQ|Defog|p1a: \u5fa1\u4e09\u5bb6\uff08\u6c34\uff09\n|-unboost|p1a: \u5fa1\u4e09\u5bb6\uff08\u6c34\uff09|evasion|1\n|-ability|p1a: \u5fa1\u4e09\u5bb6\uff08\u6c34\uff09|Competitive|boost\n|-boost|p1a: \u5fa1\u4e09\u5bb6\uff08\u6c34\uff09|spa|2\n|-sideend|p2: qwqwqqw|Stealth Rock|[from] move: Defog|[of] p2a: stickywebQAQ\n|move|p1a: \u5fa1\u4e09\u5bb6\uff08\u6c34\uff09|Scald|p2a: stickywebQAQ\n|-damage|p2a: stickywebQAQ|0 fnt\n|faint|p2a: stickywebQAQ\n|\n|-heal|p1a: \u5fa1\u4e09\u5bb6\uff08\u6c34\uff09|99\/100|[from] item: Leftovers\n|upkeep\n|\n|t:|1700565628\n|switch|p2a: Garchomp|Garchomp, M|100\/100\n|turn|5\n|\n|t:|1700565630\n|-terastallize|p1a: \u5fa1\u4e09\u5bb6\uff08\u6c34\uff09|Bug\n|move|p2a: Garchomp|Earthquake|p1a: \u5fa1\u4e09\u5bb6\uff08\u6c34\uff09\n|-resisted|p1a: \u5fa1\u4e09\u5bb6\uff08\u6c34\uff09\n|-damage|p1a: \u5fa1\u4e09\u5bb6\uff08\u6c34\uff09|74\/100\n|move|p1a: \u5fa1\u4e09\u5bb6\uff08\u6c34\uff09|Scald|p2a: Garchomp\n|-crit|p2a: Garchomp\n|-damage|p2a: Garchomp|0 fnt\n|faint|p2a: Garchomp\n|\n|-heal|p1a: \u5fa1\u4e09\u5bb6\uff08\u6c34\uff09|80\/100|[from] item: Leftovers\n|upkeep\n|\n|t:|1700565642\n|switch|p2a: Heatran|Heatran, M|100\/100\n|turn|6\n|\n|t:|1700565645\n|move|p2a: Heatran|Magma Storm|p1a: \u5fa1\u4e09\u5bb6\uff08\u6c34\uff09\n|-supereffective|p1a: \u5fa1\u4e09\u5bb6\uff08\u6c34\uff09\n|-damage|p1a: \u5fa1\u4e09\u5bb6\uff08\u6c34\uff09|23\/100\n|-activate|p1a: \u5fa1\u4e09\u5bb6\uff08\u6c34\uff09|move: Magma Storm|[of] p2a: Heatran\n|move|p1a: \u5fa1\u4e09\u5bb6\uff08\u6c34\uff09|Scald|p2a: Heatran\n|-supereffective|p2a: Heatran\n|-damage|p2a: Heatran|0 fnt\n|faint|p2a: Heatran\n|\n|-heal|p1a: \u5fa1\u4e09\u5bb6\uff08\u6c34\uff09|30\/100|[from] item: Leftovers\n|-end|p1a: \u5fa1\u4e09\u5bb6\uff08\u6c34\uff09|Magma Storm|[partiallytrapped]|[silent]\n|upkeep\n|\n|t:|1700565649\n|switch|p2a: Pinsir|Pinsir, F|100\/100\n|turn|7\n|c|\u2606Yutou99|haha\n|\n|t:|1700565658\n|switch|p1a: \u5bb6\u95e8\u9e1f|Zapdos, shiny|100\/100\n|move|p2a: Pinsir|Frustration|p1a: \u5bb6\u95e8\u9e1f\n|-damage|p1a: \u5bb6\u95e8\u9e1f|75\/100\n|\n|upkeep\n|turn|8\n|\n|t:|1700565684\n|detailschange|p2a: Pinsir|Pinsir-Mega, F\n|-mega|p2a: Pinsir|Pinsir|Pinsirite\n|move|p2a: Pinsir|Swords Dance|p2a: Pinsir\n|-boost|p2a: Pinsir|atk|2\n|move|p1a: \u5bb6\u95e8\u9e1f|Volt Switch|p2a: Pinsir\n|-supereffective|p2a: Pinsir\n|-damage|p2a: Pinsir|16\/100\n|\n|t:|1700565690\n|switch|p1a: Banette|Banette, M|100\/100|[from] Volt Switch\n|\n|upkeep\n|turn|9\n|\n|t:|1700565693\n|detailschange|p1a: Banette|Banette-Mega, M\n|-mega|p1a: Banette|Banette|Banettite\n|move|p2a: Pinsir|Quick Attack|p1a: Banette\n|-damage|p1a: Banette|8\/100\n|move|p1a: Banette|Encore|p2a: Pinsir\n|-start|p2a: Pinsir|Encore\n|\n|upkeep\n|turn|10\n|\n|t:|1700565698\n|switch|p1a: \u5bb6\u95e8\u9e1f|Zapdos, shiny|75\/100\n|move|p2a: Pinsir|Quick Attack|p1a: \u5bb6\u95e8\u9e1f\n|-resisted|p1a: \u5bb6\u95e8\u9e1f\n|-crit|p1a: \u5bb6\u95e8\u9e1f\n|-damage|p1a: \u5bb6\u95e8\u9e1f|42\/100\n|\n|upkeep\n|turn|11\n|\n|t:|1700565704\n|move|p2a: Pinsir|Quick Attack|p1a: \u5bb6\u95e8\u9e1f\n|-resisted|p1a: \u5bb6\u95e8\u9e1f\n|-damage|p1a: \u5bb6\u95e8\u9e1f|23\/100\n|move|p1a: \u5bb6\u95e8\u9e1f|Volt Switch|p2a: Pinsir\n|-supereffective|p2a: Pinsir\n|-damage|p2a: Pinsir|0 fnt\n|faint|p2a: Pinsir\n|\n|t:|1700565717\n|switch|p1a: \u5bb6\u95e8\u72d7|Ursaluna, F, shiny|100\/100|[from] Volt Switch\n|\n|-status|p1a: \u5bb6\u95e8\u72d7|brn|[from] item: Flame Orb\n|upkeep\n|\n|t:|1700565719\n|switch|p2a: Ogerpon|Ogerpon-Wellspring, F|100\/100\n|turn|12\n|\n|t:|1700565721\n|move|p2a: Ogerpon|Ivy Cudgel|p1a: \u5bb6\u95e8\u72d7|[anim] Ivy Cudgel Water\n|-supereffective|p1a: \u5bb6\u95e8\u72d7\n|-crit|p1a: \u5bb6\u95e8\u72d7\n|-damage|p1a: \u5bb6\u95e8\u72d7|0 fnt\n|faint|p1a: \u5bb6\u95e8\u72d7\n|\n|upkeep\n|\n|t:|1700565750\n|switch|p1a: \u5fa1\u4e09\u5bb6\uff08\u8349\uff09|Serperior, M, shiny|100\/100\n|turn|13\n|inactive|Battle timer is ON: inactive players will automatically lose when time's up. (requested by Yutou99)\n|\n|t:|1700565780\n|switch|p2a: Enamorus|Enamorus, F|100\/100\n|move|p1a: \u5fa1\u4e09\u5bb6\uff08\u8349\uff09|Substitute|p1a: \u5fa1\u4e09\u5bb6\uff08\u8349\uff09\n|-start|p1a: \u5fa1\u4e09\u5bb6\uff08\u8349\uff09|Substitute\n|-damage|p1a: \u5fa1\u4e09\u5bb6\uff08\u8349\uff09|75\/100\n|\n|-heal|p1a: \u5fa1\u4e09\u5bb6\uff08\u8349\uff09|82\/100|[from] item: Leftovers\n|upkeep\n|turn|14\n|\n|t:|1700565793\n|move|p1a: \u5fa1\u4e09\u5bb6\uff08\u8349\uff09|Glare|p2a: Enamorus\n|-status|p2a: Enamorus|par\n|move|p2a: Enamorus|Taunt|p1a: \u5fa1\u4e09\u5bb6\uff08\u8349\uff09\n|-start|p1a: \u5fa1\u4e09\u5bb6\uff08\u8349\uff09|move: Taunt\n|\n|-heal|p1a: \u5fa1\u4e09\u5bb6\uff08\u8349\uff09|88\/100|[from] item: Leftovers\n|upkeep\n|turn|15\n|\n|t:|1700565808\n|switch|p1a: \u5fa1\u4e09\u5bb6\uff08\u706b\uff09|Skeledirge, F, shiny|100\/100\n|switch|p2a: Ogerpon|Ogerpon-Wellspring, F|100\/100\n|\n|upkeep\n|turn|16\n|\n|t:|1700565812\n|move|p2a: Ogerpon|Ivy Cudgel|p1a: \u5fa1\u4e09\u5bb6\uff08\u706b\uff09|[anim] Ivy Cudgel Water\n|-supereffective|p1a: \u5fa1\u4e09\u5bb6\uff08\u706b\uff09\n|-damage|p1a: \u5fa1\u4e09\u5bb6\uff08\u706b\uff09|29\/100\n|move|p1a: \u5fa1\u4e09\u5bb6\uff08\u706b\uff09|Will-O-Wisp|p2a: Ogerpon\n|-status|p2a: Ogerpon|brn\n|\n|-damage|p2a: Ogerpon|95\/100 brn|[from] brn\n|upkeep\n|turn|17\n|\n|t:|1700565819\n|move|p2a: Ogerpon|Ivy Cudgel|p1a: \u5fa1\u4e09\u5bb6\uff08\u706b\uff09|[anim] Ivy Cudgel Water\n|-supereffective|p1a: \u5fa1\u4e09\u5bb6\uff08\u706b\uff09\n|-damage|p1a: \u5fa1\u4e09\u5bb6\uff08\u706b\uff09|0 fnt\n|faint|p1a: \u5fa1\u4e09\u5bb6\uff08\u706b\uff09\n|\n|-damage|p2a: Ogerpon|89\/100 brn|[from] brn\n|upkeep\n|\n|t:|1700565825\n|switch|p1a: \u5bb6\u95e8\u9e1f|Zapdos, shiny|23\/100\n|turn|18\n|\n|t:|1700565827\n|move|p2a: Ogerpon|Ivy Cudgel|p1a: \u5bb6\u95e8\u9e1f|[anim] Ivy Cudgel Water\n|-damage|p1a: \u5bb6\u95e8\u9e1f|1\/100\n|move|p1a: \u5bb6\u95e8\u9e1f|Hurricane|p2a: Ogerpon\n|-supereffective|p2a: Ogerpon\n|-damage|p2a: Ogerpon|0 fnt\n|faint|p2a: Ogerpon\n|\n|upkeep\n|\n|t:|1700565829\n|switch|p2a: Enamorus|Enamorus, F|100\/100 par\n|turn|19\n|\n|t:|1700565836\n|move|p1a: \u5bb6\u95e8\u9e1f|Volt Switch|p2a: Enamorus\n|-supereffective|p2a: Enamorus\n|-damage|p2a: Enamorus|17\/100 par\n|\n|t:|1700565838\n|switch|p1a: \u5fa1\u4e09\u5bb6\uff08\u6c34\uff09|Empoleon, F, shiny, tera:Bug|30\/100|[from] Volt Switch\n|cant|p2a: Enamorus|par\n|\n|-heal|p2a: Enamorus|24\/100 par|[from] item: Leftovers\n|-heal|p1a: \u5fa1\u4e09\u5bb6\uff08\u6c34\uff09|36\/100|[from] item: Leftovers\n|upkeep\n|turn|20\n|\n|t:|1700565847\n|move|p2a: Enamorus|Moonblast|p1a: \u5fa1\u4e09\u5bb6\uff08\u6c34\uff09\n|-damage|p1a: \u5fa1\u4e09\u5bb6\uff08\u6c34\uff09|5\/100\n|move|p1a: \u5fa1\u4e09\u5bb6\uff08\u6c34\uff09|Scald|p2a: Enamorus\n|-damage|p2a: Enamorus|0 fnt\n|faint|p2a: Enamorus\n|\n|win|Yutou99\n|raw|Yutou99's rating: 1602 &rarr; <strong>1625<\/strong><br \/>(+23 for winning)\n|raw|qwqwqqw's rating: 1662 &rarr; <strong>1639<\/strong><br \/>(-23 for losing)\n|l|\u2606qwqwqqw\n","uploadtime":1700565862,"views":2,"p1id":"yutou99","p2id":"qwqwqqw","formatid":"gen9nationaldex","rating":1625,"private":0,"password":""}