{"id":"gen9nationaldex-1992432041","p1":"chamuscado144444","p2":"Ezael_Stormblood","format":"[Gen 9] National Dex","log":"|j|\u2606chamuscado144444\n|j|\u2606Ezael_Stormblood\n|t:|1700186866\n|gametype|singles\n|player|p1|chamuscado144444|candice|1207\n|player|p2|Ezael_Stormblood|hiker-gen4|1146\n|teamsize|p1|6\n|teamsize|p2|6\n|gen|9\n|tier|[Gen 9] National Dex\n|rated|\n|rule|HP Percentage Mod: HP is shown in percentages\n|rule|Endless Battle Clause: Forcing endless battles is banned\n|rule|OHKO Clause: OHKO moves are banned\n|rule|Evasion Clause: Evasion abilities, items, and moves are banned\n|rule|Evasion Abilities Clause: Evasion abilities are banned\n|rule|Evasion Items Clause: Evasion items are banned\n|rule|Evasion Moves Clause: Evasion moves are banned\n|rule|Species Clause: Limit one of each Pok\u00e9mon\n|rule|Sleep Clause Mod: Limit one foe put to sleep\n|clearpoke\n|poke|p1|Aegislash, F|\n|poke|p1|Diancie|\n|poke|p1|Great Tusk|\n|poke|p1|Moltres|\n|poke|p1|Toxapex, M|\n|poke|p1|Tapu Bulu|\n|poke|p2|Spiritomb, M|\n|poke|p2|Milotic, F|\n|poke|p2|Lucario, F|\n|poke|p2|Absol, F|\n|poke|p2|Garchomp, F|\n|poke|p2|Togekiss, F|\n|teampreview\n|inactive|Battle timer is ON: inactive players will automatically lose when time's up. (requested by chamuscado144444)\n|\n|t:|1700186871\n|start\n|switch|p1a: Aegislash|Aegislash, F|100\/100\n|switch|p2a: Spiritomb|Spiritomb, M|100\/100\n|turn|1\n|\n|t:|1700186877\n|-formechange|p1a: Aegislash|Aegislash-Blade||[from] ability: Stance Change\n|move|p1a: Aegislash|Shadow Ball|p2a: Spiritomb\n|-damage|p2a: Spiritomb|11\/100\n|-enditem|p2a: Spiritomb|Mago Berry|[eat]\n|-heal|p2a: Spiritomb|44\/100|[from] item: Mago Berry\n|move|p2a: Spiritomb|Poltergeist|p1a: Aegislash\n|-activate|p1a: Aegislash|move: Poltergeist|Choice Specs\n|-supereffective|p1a: Aegislash\n|-damage|p1a: Aegislash|0 fnt\n|faint|p1a: Aegislash\n|\n|upkeep\n|\n|t:|1700186879\n|switch|p1a: Diancie|Diancie|100\/100\n|turn|2\n|\n|t:|1700186893\n|detailschange|p1a: Diancie|Diancie-Mega\n|-mega|p1a: Diancie|Diancie|Diancite\n|move|p1a: Diancie|Moonblast|p2a: Spiritomb\n|-supereffective|p2a: Spiritomb\n|-damage|p2a: Spiritomb|0 fnt\n|faint|p2a: Spiritomb\n|\n|upkeep\n|\n|t:|1700186902\n|switch|p2a: Lucario|Lucario, F|100\/100\n|turn|3\n|\n|t:|1700186908\n|switch|p1a: Toxapex|Toxapex, M|100\/100\n|move|p2a: Lucario|Meteor Mash|p1a: Toxapex\n|-resisted|p1a: Toxapex\n|-damage|p1a: Toxapex|92\/100\n|\n|upkeep\n|turn|4\n|\n|t:|1700186915\n|move|p2a: Lucario|Earthquake|p1a: Toxapex\n|-supereffective|p1a: Toxapex\n|-damage|p1a: Toxapex|65\/100\n|move|p1a: Toxapex|Scald|p2a: Lucario\n|-damage|p2a: Lucario|81\/100\n|-status|p2a: Lucario|brn\n|\n|-damage|p2a: Lucario|75\/100 brn|[from] brn\n|upkeep\n|turn|5\n|\n|t:|1700186929\n|switch|p2a: Togekiss|Togekiss, F|100\/100\n|move|p1a: Toxapex|Scald|p2a: Togekiss\n|-damage|p2a: Togekiss|84\/100\n|\n|upkeep\n|turn|6\n|\n|t:|1700186937\n|switch|p1a: Diancie|Diancie-Mega|100\/100\n|move|p2a: Togekiss|Ancient Power|p1a: Diancie\n|-damage|p1a: Diancie|74\/100\n|-boost|p2a: Togekiss|atk|1\n|-boost|p2a: Togekiss|def|1\n|-boost|p2a: Togekiss|spa|1\n|-boost|p2a: Togekiss|spd|1\n|-boost|p2a: Togekiss|spe|1\n|\n|upkeep\n|turn|7\n|c|\u2606Ezael_Stormblood|pog\n|\n|t:|1700186951\n|move|p2a: Togekiss|Air Slash|p1a: Diancie\n|-resisted|p1a: Diancie\n|-damage|p1a: Diancie|31\/100\n|cant|p1a: Diancie|flinch\n|\n|upkeep\n|turn|8\n|\n|t:|1700186957\n|switch|p1a: Toxapex|Toxapex, M|99\/100\n|move|p2a: Togekiss|Air Slash|p1a: Toxapex\n|-damage|p1a: Toxapex|49\/100\n|\n|upkeep\n|turn|9\n|\n|t:|1700186966\n|switch|p1a: Great Tusk|Great Tusk|100\/100\n|move|p2a: Togekiss|Air Slash|p1a: Great Tusk\n|-supereffective|p1a: Great Tusk\n|-damage|p1a: Great Tusk|0 fnt\n|faint|p1a: Great Tusk\n|-end|p1a: Great Tusk|Protosynthesis|[silent]\n|\n|upkeep\n|\n|t:|1700186967\n|switch|p1a: Toxapex|Toxapex, M|82\/100\n|turn|10\n|\n|t:|1700186978\n|move|p2a: Togekiss|Ancient Power|p1a: Toxapex\n|-damage|p1a: Toxapex|59\/100\n|move|p1a: Toxapex|Haze|p1a: Toxapex\n|-clearallboost\n|\n|upkeep\n|turn|11\n|\n|t:|1700186984\n|switch|p1a: Diancie|Diancie-Mega|31\/100\n|move|p2a: Togekiss|Ancient Power|p1a: Diancie\n|-damage|p1a: Diancie|5\/100\n|\n|upkeep\n|turn|12\n|\n|t:|1700186989\n|move|p1a: Diancie|Diamond Storm|p2a: Togekiss\n|-supereffective|p2a: Togekiss\n|-damage|p2a: Togekiss|0 fnt\n|faint|p2a: Togekiss\n|\n|upkeep\n|\n|t:|1700186992\n|switch|p2a: Garchomp|Garchomp, F|100\/100\n|turn|13\n|\n|t:|1700186999\n|switch|p1a: Tapu Bulu|Tapu Bulu|100\/100\n|-fieldstart|move: Grassy Terrain|[from] ability: Grassy Surge|[of] p1a: Tapu Bulu\n|move|p2a: Garchomp|Poison Jab|p1a: Tapu Bulu\n|-supereffective|p1a: Tapu Bulu\n|-damage|p1a: Tapu Bulu|0 fnt\n|faint|p1a: Tapu Bulu\n|\n|upkeep\n|\n|t:|1700187004\n|switch|p1a: Toxapex|Toxapex, M|92\/100\n|turn|14\n|\n|t:|1700187012\n|move|p2a: Garchomp|Swords Dance|p2a: Garchomp\n|-boost|p2a: Garchomp|atk|2\n|move|p1a: Toxapex|Scald|p2a: Garchomp\n|-damage|p2a: Garchomp|83\/100\n|\n|-heal|p2a: Garchomp|90\/100|[from] Grassy Terrain\n|-heal|p1a: Toxapex|98\/100|[from] Grassy Terrain\n|upkeep\n|turn|15\n|\n|t:|1700187024\n|move|p2a: Garchomp|Dragon Claw|p1a: Toxapex\n|-damage|p1a: Toxapex|43\/100\n|move|p1a: Toxapex|Toxic|p2a: Garchomp\n|-status|p2a: Garchomp|tox\n|\n|-heal|p2a: Garchomp|96\/100 tox|[from] Grassy Terrain\n|-heal|p1a: Toxapex|49\/100|[from] Grassy Terrain\n|-damage|p2a: Garchomp|90\/100 tox|[from] psn\n|upkeep\n|turn|16\n|\n|t:|1700187035\n|switch|p1a: Diancie|Diancie-Mega|5\/100\n|move|p2a: Garchomp|Swords Dance|p2a: Garchomp\n|-boost|p2a: Garchomp|atk|2\n|\n|-heal|p1a: Diancie|11\/100|[from] Grassy Terrain\n|-heal|p2a: Garchomp|96\/100 tox|[from] Grassy Terrain\n|-damage|p2a: Garchomp|83\/100 tox|[from] psn\n|upkeep\n|turn|17\n|\n|t:|1700187044\n|move|p1a: Diancie|Moonblast|p2a: Garchomp\n|-supereffective|p2a: Garchomp\n|-damage|p2a: Garchomp|0 fnt\n|faint|p2a: Garchomp\n|\n|-heal|p1a: Diancie|17\/100|[from] Grassy Terrain\n|-fieldend|move: Grassy Terrain\n|upkeep\n|\n|t:|1700187048\n|switch|p2a: Lucario|Lucario, F|75\/100 brn\n|turn|18\n|\n|t:|1700187055\n|switch|p1a: Toxapex|Toxapex, M|82\/100\n|move|p2a: Lucario|Extreme Speed|p1a: Toxapex\n|-damage|p1a: Toxapex|77\/100\n|\n|-damage|p2a: Lucario|69\/100 brn|[from] brn\n|upkeep\n|turn|19\n|\n|t:|1700187060\n|move|p2a: Lucario|Earthquake|p1a: Toxapex\n|-supereffective|p1a: Toxapex\n|-damage|p1a: Toxapex|64\/100\n|move|p1a: Toxapex|Scald|p2a: Lucario\n|-damage|p2a: Lucario|51\/100 brn\n|\n|-damage|p2a: Lucario|45\/100 brn|[from] brn\n|upkeep\n|turn|20\n|\n|t:|1700187072\n|switch|p2a: Absol|Absol, F|100\/100\n|move|p1a: Toxapex|Recover|p1a: Toxapex\n|-heal|p1a: Toxapex|100\/100\n|\n|upkeep\n|turn|21\n|\n|t:|1700187092\n|detailschange|p2a: Absol|Absol-Mega, F\n|-mega|p2a: Absol|Absol|Absolite\n|move|p2a: Absol|Knock Off|p1a: Toxapex\n|-damage|p1a: Toxapex|64\/100\n|-enditem|p1a: Toxapex|Heavy-Duty Boots|[from] move: Knock Off|[of] p2a: Absol\n|move|p1a: Toxapex|Haze|p1a: Toxapex\n|-clearallboost\n|\n|upkeep\n|turn|22\n|\n|t:|1700187103\n|move|p2a: Absol|Megahorn|p1a: Toxapex\n|-resisted|p1a: Toxapex\n|-damage|p1a: Toxapex|48\/100\n|move|p1a: Toxapex|Scald|p2a: Absol\n|-damage|p2a: Absol|68\/100\n|\n|upkeep\n|turn|23\n|\n|t:|1700187110\n|switch|p1a: Moltres|Moltres|100\/100\n|move|p2a: Absol|Knock Off|p1a: Moltres\n|-damage|p1a: Moltres|56\/100\n|-enditem|p1a: Moltres|Heavy-Duty Boots|[from] move: Knock Off|[of] p2a: Absol\n|\n|upkeep\n|turn|24\n|\n|t:|1700187131\n|move|p2a: Absol|Knock Off|p1a: Moltres\n|-damage|p1a: Moltres|27\/100\n|move|p1a: Moltres|U-turn|p2a: Absol\n|-supereffective|p2a: Absol\n|-damage|p2a: Absol|9\/100\n|\n|t:|1700187134\n|switch|p1a: Toxapex|Toxapex, M|82\/100|[from] U-turn\n|\n|upkeep\n|turn|25\n|\n|t:|1700187136\n|move|p2a: Absol|Knock Off|p1a: Toxapex\n|-crit|p1a: Toxapex\n|-damage|p1a: Toxapex|49\/100\n|move|p1a: Toxapex|Scald|p2a: Absol\n|-damage|p2a: Absol|0 fnt\n|faint|p2a: Absol\n|\n|upkeep\n|\n|t:|1700187139\n|switch|p2a: Milotic|Milotic, F|100\/100\n|turn|26\n|\n|t:|1700187141\n|move|p2a: Milotic|Hypnosis|p1a: Toxapex\n|-status|p1a: Toxapex|slp|[from] move: Hypnosis\n|cant|p1a: Toxapex|slp\n|\n|-status|p2a: Milotic|brn|[from] item: Flame Orb\n|upkeep\n|turn|27\n|\n|t:|1700187150\n|-terastallize|p2a: Milotic|Water\n|move|p2a: Milotic|Scald|p1a: Toxapex\n|-resisted|p1a: Toxapex\n|-damage|p1a: Toxapex|33\/100 slp\n|-curestatus|p1a: Toxapex|slp|[msg]\n|move|p1a: Toxapex|Recover|p1a: Toxapex\n|-heal|p1a: Toxapex|83\/100\n|\n|-damage|p2a: Milotic|94\/100 brn|[from] brn\n|upkeep\n|turn|28\n|\n|t:|1700187159\n|move|p1a: Toxapex|Scald|p2a: Milotic\n|-resisted|p2a: Milotic\n|-crit|p2a: Milotic\n|-damage|p2a: Milotic|87\/100 brn\n|move|p2a: Milotic|Mirror Coat|p1a: Toxapex\n|-damage|p1a: Toxapex|63\/100\n|\n|-damage|p2a: Milotic|80\/100 brn|[from] brn\n|upkeep\n|turn|29\n|c|\u2606chamuscado144444|man can you hurry up like\n|c|\u2606Ezael_Stormblood|nou\n|\n|t:|1700187181\n|move|p2a: Milotic|Scald|p1a: Toxapex\n|-resisted|p1a: Toxapex\n|-damage|p1a: Toxapex|48\/100\n|move|p1a: Toxapex|Scald|p2a: Milotic\n|-resisted|p2a: Milotic\n|-damage|p2a: Milotic|75\/100 brn\n|\n|-damage|p2a: Milotic|69\/100 brn|[from] brn\n|upkeep\n|turn|30\n|\n|t:|1700187186\n|move|p1a: Toxapex|Recover|p1a: Toxapex\n|-heal|p1a: Toxapex|98\/100\n|move|p2a: Milotic|Mirror Coat||[still]\n|-fail|p2a: Milotic\n|\n|-damage|p2a: Milotic|63\/100 brn|[from] brn\n|upkeep\n|turn|31\n|\n|t:|1700187191\n|move|p2a: Milotic|Recover|p2a: Milotic\n|-heal|p2a: Milotic|100\/100 brn\n|move|p1a: Toxapex|Haze|p1a: Toxapex\n|-clearallboost\n|\n|-damage|p2a: Milotic|94\/100 brn|[from] brn\n|upkeep\n|turn|32\n|\n|t:|1700187198\n|move|p1a: Toxapex|Haze|p1a: Toxapex\n|-clearallboost\n|move|p2a: Milotic|Mirror Coat||[still]\n|-fail|p2a: Milotic\n|\n|-damage|p2a: Milotic|88\/100 brn|[from] brn\n|upkeep\n|turn|33\n|\n|t:|1700187201\n|move|p2a: Milotic|Scald|p1a: Toxapex\n|-resisted|p1a: Toxapex\n|-crit|p1a: Toxapex\n|-damage|p1a: Toxapex|73\/100\n|-status|p1a: Toxapex|brn\n|move|p1a: Toxapex|Haze|p1a: Toxapex\n|-clearallboost\n|\n|-damage|p2a: Milotic|82\/100 brn|[from] brn\n|-damage|p1a: Toxapex|67\/100 brn|[from] brn\n|upkeep\n|turn|34\n|\n|t:|1700187211\n|move|p2a: Milotic|Scald|p1a: Toxapex\n|-resisted|p1a: Toxapex\n|-crit|p1a: Toxapex\n|-damage|p1a: Toxapex|43\/100 brn\n|move|p1a: Toxapex|Haze|p1a: Toxapex\n|-clearallboost\n|\n|-damage|p2a: Milotic|76\/100 brn|[from] brn\n|-damage|p1a: Toxapex|37\/100 brn|[from] brn\n|upkeep\n|turn|35\n|\n|t:|1700187219\n|switch|p1a: Diancie|Diancie-Mega|17\/100\n|move|p2a: Milotic|Scald|p1a: Diancie\n|-supereffective|p1a: Diancie\n|-damage|p1a: Diancie|0 fnt\n|faint|p1a: Diancie\n|\n|-damage|p2a: Milotic|70\/100 brn|[from] brn\n|upkeep\n|\n|t:|1700187220\n|switch|p1a: Moltres|Moltres|27\/100\n|turn|36\n|\n|t:|1700187230\n|-terastallize|p1a: Moltres|Water\n|move|p1a: Moltres|Roost|p1a: Moltres\n|-heal|p1a: Moltres|78\/100\n|move|p2a: Milotic|Scald|p1a: Moltres\n|-resisted|p1a: Moltres\n|-damage|p1a: Moltres|62\/100\n|-status|p1a: Moltres|brn\n|\n|-damage|p1a: Moltres|56\/100 brn|[from] brn\n|-damage|p2a: Milotic|64\/100 brn|[from] brn\n|upkeep\n|turn|37\n|\n|t:|1700187246\n|switch|p1a: Toxapex|Toxapex, M|70\/100 brn\n|move|p2a: Milotic|Mirror Coat||[still]\n|-fail|p2a: Milotic\n|\n|-damage|p2a: Milotic|58\/100 brn|[from] brn\n|-damage|p1a: Toxapex|65\/100 brn|[from] brn\n|upkeep\n|turn|38\n|\n|t:|1700187250\n|switch|p1a: Moltres|Moltres, tera:Water|56\/100 brn\n|move|p2a: Milotic|Recover|p2a: Milotic\n|-heal|p2a: Milotic|100\/100 brn\n|\n|-damage|p1a: Moltres|50\/100 brn|[from] brn\n|-damage|p2a: Milotic|94\/100 brn|[from] brn\n|upkeep\n|turn|39\n|\n|t:|1700187257\n|switch|p1a: Toxapex|Toxapex, M|98\/100 brn\n|move|p2a: Milotic|Hypnosis||[still]\n|-fail|p2a: Milotic\n|\n|-damage|p2a: Milotic|88\/100 brn|[from] brn\n|-damage|p1a: Toxapex|92\/100 brn|[from] brn\n|upkeep\n|turn|40\n|\n|t:|1700187266\n|move|p1a: Toxapex|Haze|p1a: Toxapex\n|-clearallboost\n|move|p2a: Milotic|Mirror Coat||[still]\n|-fail|p2a: Milotic\n|\n|-damage|p2a: Milotic|82\/100 brn|[from] brn\n|-damage|p1a: Toxapex|86\/100 brn|[from] brn\n|upkeep\n|turn|41\n|\n|t:|1700187269\n|switch|p1a: Moltres|Moltres, tera:Water|50\/100 brn\n|move|p2a: Milotic|Scald|p1a: Moltres\n|-resisted|p1a: Moltres\n|-damage|p1a: Moltres|33\/100 brn\n|\n|-damage|p1a: Moltres|27\/100 brn|[from] brn\n|-damage|p2a: Milotic|76\/100 brn|[from] brn\n|upkeep\n|turn|42\n|\n|t:|1700187274\n|switch|p2a: Lucario|Lucario, F|45\/100 brn\n|move|p1a: Moltres|Roost|p1a: Moltres\n|-heal|p1a: Moltres|78\/100 brn\n|\n|-damage|p2a: Lucario|39\/100 brn|[from] brn\n|-damage|p1a: Moltres|72\/100 brn|[from] brn\n|upkeep\n|turn|43\n|\n|t:|1700187284\n|move|p2a: Lucario|Meteor Mash|p1a: Moltres\n|-resisted|p1a: Moltres\n|-damage|p1a: Moltres|65\/100 brn\n|move|p1a: Moltres|Flamethrower|p2a: Lucario\n|-supereffective|p2a: Lucario\n|-damage|p2a: Lucario|0 fnt\n|faint|p2a: Lucario\n|\n|-damage|p1a: Moltres|59\/100 brn|[from] brn\n|upkeep\n|\n|t:|1700187289\n|switch|p2a: Milotic|Milotic, F, tera:Water|76\/100 brn\n|turn|44\n|c|\u2606chamuscado144444|yes now can you accepty that i\n|c|\u2606chamuscado144444|have more po\n|c|\u2606chamuscado144444|pp\n|c|\u2606chamuscado144444|and pls ff\n|c|\u2606Ezael_Stormblood|nou\n|c|\u2606chamuscado144444|?\n|c|\u2606chamuscado144444|ah get a life dear god\n|\n|t:|1700187312\n|move|p1a: Moltres|Hurricane|p2a: Milotic\n|-damage|p2a: Milotic|53\/100 brn\n|move|p2a: Milotic|Mirror Coat|p1a: Moltres\n|-damage|p1a: Moltres|11\/100 brn\n|\n|-damage|p1a: Moltres|5\/100 brn|[from] brn\n|-damage|p2a: Milotic|47\/100 brn|[from] brn\n|upkeep\n|turn|45\n|c|\u2606Ezael_Stormblood|nope\n|\n|t:|1700187321\n|move|p1a: Moltres|Roost|p1a: Moltres\n|-heal|p1a: Moltres|55\/100 brn\n|move|p2a: Milotic|Scald|p1a: Moltres\n|-resisted|p1a: Moltres\n|-crit|p1a: Moltres\n|-damage|p1a: Moltres|30\/100 brn\n|\n|-damage|p1a: Moltres|24\/100 brn|[from] brn\n|-damage|p2a: Milotic|41\/100 brn|[from] brn\n|upkeep\n|turn|46\n|\n|t:|1700187333\n|switch|p1a: Toxapex|Toxapex, M|100\/100 brn\n|move|p2a: Milotic|Recover|p2a: Milotic\n|-heal|p2a: Milotic|91\/100 brn\n|\n|-damage|p2a: Milotic|85\/100 brn|[from] brn\n|-damage|p1a: Toxapex|95\/100 brn|[from] brn\n|upkeep\n|turn|47\n|\n|t:|1700187341\n|switch|p1a: Moltres|Moltres, tera:Water|24\/100 brn\n|move|p2a: Milotic|Mirror Coat||[still]\n|-fail|p2a: Milotic\n|\n|-damage|p1a: Moltres|18\/100 brn|[from] brn\n|-damage|p2a: Milotic|79\/100 brn|[from] brn\n|upkeep\n|turn|48\n|\n|t:|1700187344\n|move|p1a: Moltres|Roost|p1a: Moltres\n|-heal|p1a: Moltres|68\/100 brn\n|move|p2a: Milotic|Scald|p1a: Moltres\n|-resisted|p1a: Moltres\n|-damage|p1a: Moltres|51\/100 brn\n|\n|-damage|p1a: Moltres|45\/100 brn|[from] brn\n|-damage|p2a: Milotic|73\/100 brn|[from] brn\n|upkeep\n|turn|49\n|\n|t:|1700187352\n|switch|p1a: Toxapex|Toxapex, M|100\/100 brn\n|move|p2a: Milotic|Hypnosis||[still]\n|-fail|p2a: Milotic\n|\n|-damage|p2a: Milotic|66\/100 brn|[from] brn\n|-damage|p1a: Toxapex|95\/100 brn|[from] brn\n|upkeep\n|turn|50\n|\n|t:|1700187358\n|move|p1a: Toxapex|Haze|p1a: Toxapex\n|-clearallboost\n|move|p2a: Milotic|Mirror Coat||[still]\n|-fail|p2a: Milotic\n|\n|-damage|p2a: Milotic|60\/100 brn|[from] brn\n|-damage|p1a: Toxapex|89\/100 brn|[from] brn\n|upkeep\n|turn|51\n|inactive|chamuscado144444 has 120 seconds left.\n|\n|t:|1700187389\n|move|p2a: Milotic|Hypnosis||[still]\n|-fail|p2a: Milotic\n|move|p1a: Toxapex|Haze|p1a: Toxapex\n|-clearallboost\n|\n|-damage|p2a: Milotic|54\/100 brn|[from] brn\n|-damage|p1a: Toxapex|83\/100 brn|[from] brn\n|upkeep\n|turn|52\n|\n|t:|1700187405\n|move|p1a: Toxapex|Haze|p1a: Toxapex\n|-clearallboost\n|move|p2a: Milotic|Mirror Coat||[still]\n|-fail|p2a: Milotic\n|\n|-damage|p2a: Milotic|48\/100 brn|[from] brn\n|-damage|p1a: Toxapex|77\/100 brn|[from] brn\n|upkeep\n|turn|53\n|\n|t:|1700187413\n|switch|p1a: Moltres|Moltres, tera:Water|45\/100 brn\n|move|p2a: Milotic|Recover|p2a: Milotic\n|-heal|p2a: Milotic|98\/100 brn\n|\n|-damage|p1a: Moltres|39\/100 brn|[from] brn\n|-damage|p2a: Milotic|92\/100 brn|[from] brn\n|upkeep\n|turn|54\n|\n|t:|1700187420\n|switch|p1a: Toxapex|Toxapex, M|100\/100 brn\n|move|p2a: Milotic|Mirror Coat||[still]\n|-fail|p2a: Milotic\n|\n|-damage|p2a: Milotic|86\/100 brn|[from] brn\n|-damage|p1a: Toxapex|95\/100 brn|[from] brn\n|upkeep\n|turn|55\n|inactive|chamuscado144444 has 120 seconds left.\n|\n|t:|1700187457\n|move|p2a: Milotic|Scald|p1a: Toxapex\n|-resisted|p1a: Toxapex\n|-damage|p1a: Toxapex|78\/100 brn\n|move|p1a: Toxapex|Haze|p1a: Toxapex\n|-clearallboost\n|\n|-damage|p2a: Milotic|80\/100 brn|[from] brn\n|-damage|p1a: Toxapex|72\/100 brn|[from] brn\n|upkeep\n|turn|56\n|\n|t:|1700187465\n|move|p2a: Milotic|Scald|p1a: Toxapex\n|-resisted|p1a: Toxapex\n|-damage|p1a: Toxapex|55\/100 brn\n|move|p1a: Toxapex|Haze|p1a: Toxapex\n|-clearallboost\n|\n|-damage|p2a: Milotic|74\/100 brn|[from] brn\n|-damage|p1a: Toxapex|49\/100 brn|[from] brn\n|upkeep\n|turn|57\n|\n|t:|1700187475\n|switch|p1a: Moltres|Moltres, tera:Water|39\/100 brn\n|move|p2a: Milotic|Scald|p1a: Moltres\n|-resisted|p1a: Moltres\n|-damage|p1a: Moltres|22\/100 brn\n|\n|-damage|p1a: Moltres|16\/100 brn|[from] brn\n|-damage|p2a: Milotic|68\/100 brn|[from] brn\n|upkeep\n|turn|58\n|\n|t:|1700187482\n|move|p1a: Moltres|Roost|p1a: Moltres\n|-heal|p1a: Moltres|66\/100 brn\n|move|p2a: Milotic|Scald|p1a: Moltres\n|-resisted|p1a: Moltres\n|-damage|p1a: Moltres|49\/100 brn\n|\n|-damage|p1a: Moltres|43\/100 brn|[from] brn\n|-damage|p2a: Milotic|62\/100 brn|[from] brn\n|upkeep\n|turn|59\n|\n|t:|1700187511\n|switch|p1a: Toxapex|Toxapex, M|82\/100 brn\n|move|p2a: Milotic|Scald|p1a: Toxapex\n|-resisted|p1a: Toxapex\n|-damage|p1a: Toxapex|66\/100 brn\n|\n|-damage|p2a: Milotic|56\/100 brn|[from] brn\n|-damage|p1a: Toxapex|60\/100 brn|[from] brn\n|upkeep\n|turn|60\n|\n|t:|1700187518\n|move|p2a: Milotic|Scald|p1a: Toxapex\n|-resisted|p1a: Toxapex\n|-damage|p1a: Toxapex|43\/100 brn\n|move|p1a: Toxapex|Haze|p1a: Toxapex\n|-clearallboost\n|\n|-damage|p2a: Milotic|49\/100 brn|[from] brn\n|-damage|p1a: Toxapex|37\/100 brn|[from] brn\n|upkeep\n|turn|61\n|inactive|chamuscado144444 has 120 seconds left.\n|\n|t:|1700187549\n|move|p2a: Milotic|Scald|p1a: Toxapex\n|-resisted|p1a: Toxapex\n|-damage|p1a: Toxapex|21\/100 brn\n|move|p1a: Toxapex|Haze|p1a: Toxapex\n|-clearallboost\n|\n|-damage|p2a: Milotic|43\/100 brn|[from] brn\n|-damage|p1a: Toxapex|15\/100 brn|[from] brn\n|upkeep\n|turn|62\n|\n|t:|1700187558\n|switch|p1a: Moltres|Moltres, tera:Water|43\/100 brn\n|move|p2a: Milotic|Scald|p1a: Moltres\n|-resisted|p1a: Moltres\n|-damage|p1a: Moltres|26\/100 brn\n|\n|-damage|p1a: Moltres|20\/100 brn|[from] brn\n|-damage|p2a: Milotic|37\/100 brn|[from] brn\n|upkeep\n|turn|63\n|\n|t:|1700187566\n|move|p1a: Moltres|Hurricane|p2a: Milotic\n|-damage|p2a: Milotic|12\/100 brn\n|move|p2a: Milotic|Scald|p1a: Moltres\n|-resisted|p1a: Moltres\n|-damage|p1a: Moltres|4\/100 brn\n|\n|-damage|p1a: Moltres|0 fnt|[from] brn\n|faint|p1a: Moltres\n|-damage|p2a: Milotic|6\/100 brn|[from] brn\n|upkeep\n|\n|t:|1700187570\n|switch|p1a: Toxapex|Toxapex, M|48\/100 brn\n|turn|64\n|\n|t:|1700187577\n|move|p2a: Milotic|Recover|p2a: Milotic\n|-heal|p2a: Milotic|56\/100 brn\n|move|p1a: Toxapex|Scald|p2a: Milotic\n|-resisted|p2a: Milotic\n|-damage|p2a: Milotic|51\/100 brn\n|\n|-damage|p2a: Milotic|45\/100 brn|[from] brn\n|-damage|p1a: Toxapex|42\/100 brn|[from] brn\n|upkeep\n|turn|65\n|\n|t:|1700187585\n|move|p1a: Toxapex|Recover|p1a: Toxapex\n|-heal|p1a: Toxapex|92\/100 brn\n|move|p2a: Milotic|Mirror Coat||[still]\n|-fail|p2a: Milotic\n|\n|-damage|p2a: Milotic|39\/100 brn|[from] brn\n|-damage|p1a: Toxapex|86\/100 brn|[from] brn\n|upkeep\n|turn|66\n|\n|t:|1700187594\n|move|p1a: Toxapex|Scald|p2a: Milotic\n|-resisted|p2a: Milotic\n|-damage|p2a: Milotic|34\/100 brn\n|move|p2a: Milotic|Mirror Coat|p1a: Toxapex\n|-damage|p1a: Toxapex|74\/100 brn\n|\n|-damage|p2a: Milotic|28\/100 brn|[from] brn\n|-damage|p1a: Toxapex|68\/100 brn|[from] brn\n|upkeep\n|turn|67\n|\n|t:|1700187603\n|move|p2a: Milotic|Recover|p2a: Milotic\n|-heal|p2a: Milotic|78\/100 brn\n|move|p1a: Toxapex|Toxic||[still]\n|-fail|p1a: Toxapex\n|\n|-damage|p2a: Milotic|72\/100 brn|[from] brn\n|-damage|p1a: Toxapex|62\/100 brn|[from] brn\n|upkeep\n|turn|68\n|\n|t:|1700187610\n|move|p2a: Milotic|Hypnosis||[still]\n|-fail|p2a: Milotic\n|move|p1a: Toxapex|Toxic||[still]\n|-fail|p1a: Toxapex\n|\n|-damage|p2a: Milotic|66\/100 brn|[from] brn\n|-damage|p1a: Toxapex|56\/100 brn|[from] brn\n|upkeep\n|turn|69\n|\n|t:|1700187616\n|move|p2a: Milotic|Hypnosis||[still]\n|-fail|p2a: Milotic\n|move|p1a: Toxapex|Toxic||[still]\n|-fail|p1a: Toxapex\n|\n|-damage|p2a: Milotic|60\/100 brn|[from] brn\n|-damage|p1a: Toxapex|50\/100 brn|[from] brn\n|upkeep\n|turn|70\n|\n|t:|1700187624\n|move|p2a: Milotic|Hypnosis|p1a: Toxapex|[miss]\n|-miss|p2a: Milotic|p1a: Toxapex\n|move|p1a: Toxapex|Scald|p2a: Milotic\n|-resisted|p2a: Milotic\n|-damage|p2a: Milotic|55\/100 brn\n|\n|-damage|p2a: Milotic|49\/100 brn|[from] brn\n|-damage|p1a: Toxapex|44\/100 brn|[from] brn\n|upkeep\n|turn|71\n|\n|t:|1700187631\n|move|p1a: Toxapex|Toxic||[still]\n|-fail|p1a: Toxapex\n|move|p2a: Milotic|Mirror Coat||[still]\n|-fail|p2a: Milotic\n|\n|-damage|p2a: Milotic|43\/100 brn|[from] brn\n|-damage|p1a: Toxapex|38\/100 brn|[from] brn\n|upkeep\n|turn|72\n|\n|t:|1700187634\n|move|p1a: Toxapex|Recover|p1a: Toxapex\n|-heal|p1a: Toxapex|88\/100 brn\n|move|p2a: Milotic|Mirror Coat||[still]\n|-fail|p2a: Milotic\n|\n|-damage|p2a: Milotic|37\/100 brn|[from] brn\n|-damage|p1a: Toxapex|82\/100 brn|[from] brn\n|upkeep\n|turn|73\n|\n|t:|1700187640\n|move|p1a: Toxapex|Toxic||[still]\n|-fail|p1a: Toxapex\n|move|p2a: Milotic|Mirror Coat||[still]\n|-fail|p2a: Milotic\n|\n|-damage|p2a: Milotic|31\/100 brn|[from] brn\n|-damage|p1a: Toxapex|76\/100 brn|[from] brn\n|upkeep\n|turn|74\n|\n|t:|1700187646\n|move|p1a: Toxapex|Toxic||[still]\n|-fail|p1a: Toxapex\n|move|p2a: Milotic|Mirror Coat||[still]\n|-fail|p2a: Milotic\n|\n|-damage|p2a: Milotic|25\/100 brn|[from] brn\n|-damage|p1a: Toxapex|70\/100 brn|[from] brn\n|upkeep\n|turn|75\n|\n|t:|1700187649\n|move|p1a: Toxapex|Toxic||[still]\n|-fail|p1a: Toxapex\n|move|p2a: Milotic|Mirror Coat||[still]\n|-fail|p2a: Milotic\n|\n|-damage|p2a: Milotic|19\/100 brn|[from] brn\n|-damage|p1a: Toxapex|65\/100 brn|[from] brn\n|upkeep\n|turn|76\n|\n|t:|1700187653\n|move|p1a: Toxapex|Scald|p2a: Milotic\n|-resisted|p2a: Milotic\n|-damage|p2a: Milotic|14\/100 brn\n|move|p2a: Milotic|Mirror Coat|p1a: Toxapex\n|-damage|p1a: Toxapex|53\/100 brn\n|\n|-damage|p2a: Milotic|8\/100 brn|[from] brn\n|-damage|p1a: Toxapex|47\/100 brn|[from] brn\n|upkeep\n|turn|77\n|\n|t:|1700187662\n|move|p2a: Milotic|Recover|p2a: Milotic\n|-heal|p2a: Milotic|58\/100 brn\n|move|p1a: Toxapex|Scald|p2a: Milotic\n|-resisted|p2a: Milotic\n|-damage|p2a: Milotic|53\/100 brn\n|\n|-damage|p2a: Milotic|47\/100 brn|[from] brn\n|-damage|p1a: Toxapex|41\/100 brn|[from] brn\n|upkeep\n|turn|78\n|\n|t:|1700187673\n|move|p1a: Toxapex|Haze|p1a: Toxapex\n|-clearallboost\n|move|p2a: Milotic|Mirror Coat||[still]\n|-fail|p2a: Milotic\n|\n|-damage|p2a: Milotic|41\/100 brn|[from] brn\n|-damage|p1a: Toxapex|35\/100 brn|[from] brn\n|upkeep\n|turn|79\n|\n|t:|1700187679\n|move|p2a: Milotic|Scald|p1a: Toxapex\n|-resisted|p1a: Toxapex\n|-damage|p1a: Toxapex|18\/100 brn\n|move|p1a: Toxapex|Haze|p1a: Toxapex\n|-clearallboost\n|\n|-damage|p2a: Milotic|35\/100 brn|[from] brn\n|-damage|p1a: Toxapex|12\/100 brn|[from] brn\n|upkeep\n|turn|80\n|\n|t:|1700187693\n|move|p2a: Milotic|Scald|p1a: Toxapex\n|-resisted|p1a: Toxapex\n|-damage|p1a: Toxapex|0 fnt\n|faint|p1a: Toxapex\n|\n|win|Ezael_Stormblood\n|raw|chamuscado144444's rating: 1274 &rarr; <strong>1240<\/strong><br \/>(-34 for losing)\n|raw|Ezael_Stormblood's rating: 1146 &rarr; <strong>1180<\/strong><br \/>(+34 for winning)\n|c|\u2606Ezael_Stormblood|GG\n","uploadtime":1700187704,"views":5,"p1id":"chamuscado144444","p2id":"ezaelstormblood","formatid":"gen9nationaldex","rating":1180,"private":0,"password":""}