{"id":"gen9nationaldex-1990176043","p1":"Leifthrasir","p2":"twiceer","format":"[Gen 9] National Dex","log":"|j|\u2606Leifthrasir\n|j|\u203dtwiceer\n|t:|1699933147\n|gametype|singles\n|player|p1|Leifthrasir|lady-gen4|1383\n|player|p2|twiceer|dawn|1474\n|teamsize|p1|6\n|teamsize|p2|6\n|gen|9\n|tier|[Gen 9] National Dex\n|rated|\n|rule|HP Percentage Mod: HP is shown in percentages\n|rule|Endless Battle Clause: Forcing endless battles is banned\n|rule|OHKO Clause: OHKO moves are banned\n|rule|Evasion Clause: Evasion abilities, items, and moves are banned\n|rule|Evasion Abilities Clause: Evasion abilities are banned\n|rule|Evasion Items Clause: Evasion items are banned\n|rule|Evasion Moves Clause: Evasion moves are banned\n|rule|Species Clause: Limit one of each Pok\u00e9mon\n|rule|Sleep Clause Mod: Limit one foe put to sleep\n|clearpoke\n|poke|p1|Dhelmise|\n|poke|p1|Chandelure, F|\n|poke|p1|Banette, M|\n|poke|p1|Hatterene, F|\n|poke|p1|Victini|\n|poke|p1|Hoopa-Unbound|\n|poke|p2|Banette, F|\n|poke|p2|Urshifu-*, F|\n|poke|p2|Rillaboom, F|\n|poke|p2|Tapu Lele|\n|poke|p2|Sneasler, M|\n|poke|p2|Hatterene, F|\n|teampreview\n|inactive|Battle timer is ON: inactive players will automatically lose when time's up. (requested by Leifthrasir)\n|\n|t:|1699933165\n|start\n|switch|p1a: Hatterene|Hatterene, F|100\/100\n|switch|p2a: Tapu Lele|Tapu Lele|100\/100\n|-fieldstart|move: Psychic Terrain|[from] ability: Psychic Surge|[of] p2a: Tapu Lele\n|turn|1\n|\n|t:|1699933175\n|move|p2a: Tapu Lele|Future Sight|p1a: Hatterene\n|-start|p2a: Tapu Lele|move: Future Sight\n|move|p1a: Hatterene|Trick Room|p1a: Hatterene\n|-fieldstart|move: Trick Room|[of] p1a: Hatterene\n|\n|upkeep\n|turn|2\n|\n|t:|1699933193\n|switch|p1a: Victini|Victini|100\/100\n|switch|p2a: Hatterene|Hatterene, F|100\/100\n|\n|upkeep\n|turn|3\n|\n|t:|1699933201\n|move|p2a: Hatterene|Psyshock|p1a: Victini\n|-resisted|p1a: Victini\n|-damage|p1a: Victini|80\/100\n|move|p1a: Victini|V-create|p2a: Hatterene\n|-damage|p2a: Hatterene|20\/100\n|-unboost|p1a: Victini|spe|1\n|-unboost|p1a: Victini|def|1\n|-unboost|p1a: Victini|spd|1\n|-enditem|p2a: Hatterene|Eject Button\n|\n|t:|1699933214\n|switch|p2a: Tapu Lele|Tapu Lele|100\/100\n|\n|-end|p1a: Victini|move: Future Sight\n|-resisted|p1a: Victini\n|-damage|p1a: Victini|25\/100\n|upkeep\n|turn|4\n|\n|t:|1699933222\n|switch|p2a: Hatterene|Hatterene, F|20\/100\n|move|p1a: Victini|V-create|p2a: Hatterene\n|-damage|p2a: Hatterene|0 fnt\n|-unboost|p1a: Victini|spe|1\n|-unboost|p1a: Victini|def|1\n|-unboost|p1a: Victini|spd|1\n|faint|p2a: Hatterene\n|\n|upkeep\n|\n|t:|1699933225\n|switch|p2a: Rillaboom|Rillaboom, F|100\/100\n|-fieldstart|move: Grassy Terrain|[from] ability: Grassy Surge|[of] p2a: Rillaboom\n|turn|5\n|\n|t:|1699933235\n|move|p2a: Rillaboom|Grassy Glide|p1a: Victini\n|-resisted|p1a: Victini\n|-crit|p1a: Victini\n|-damage|p1a: Victini|0 fnt\n|faint|p1a: Victini\n|\n|-fieldend|move: Trick Room\n|upkeep\n|\n|t:|1699933239\n|switch|p1a: Hatterene|Hatterene, F|100\/100\n|turn|6\n|\n|t:|1699933251\n|move|p2a: Rillaboom|Grassy Glide|p1a: Hatterene\n|-damage|p1a: Hatterene|38\/100\n|move|p1a: Hatterene|Trick Room|p1a: Hatterene\n|-fieldstart|move: Trick Room|[of] p1a: Hatterene\n|\n|-heal|p1a: Hatterene|44\/100|[from] Grassy Terrain\n|upkeep\n|turn|7\n|\n|t:|1699933267\n|switch|p1a: \u6960\u6728\u706f|Chandelure, F, shiny|100\/100\n|move|p2a: Rillaboom|Grassy Glide|p1a: \u6960\u6728\u706f\n|-resisted|p1a: \u6960\u6728\u706f\n|-damage|p1a: \u6960\u6728\u706f|68\/100\n|\n|-heal|p1a: \u6960\u6728\u706f|74\/100|[from] Grassy Terrain\n|upkeep\n|turn|8\n|\n|t:|1699933281\n|switch|p2a: Urshifu|Urshifu-Rapid-Strike, F|100\/100\n|move|p1a: \u6960\u6728\u706f|Overheat|p2a: Urshifu\n|-resisted|p2a: Urshifu\n|-damage|p2a: Urshifu|16\/100\n|-unboost|p1a: \u6960\u6728\u706f|spa|2\n|\n|-heal|p1a: \u6960\u6728\u706f|81\/100|[from] Grassy Terrain\n|-heal|p2a: Urshifu|22\/100|[from] Grassy Terrain\n|upkeep\n|turn|9\n|\n|t:|1699933290\n|switch|p2a: Banette|Banette, F|100\/100\n|move|p1a: \u6960\u6728\u706f|Overheat|p2a: Banette\n|-damage|p2a: Banette|0 fnt\n|-unboost|p1a: \u6960\u6728\u706f|spa|2\n|faint|p2a: Banette\n|\n|-heal|p1a: \u6960\u6728\u706f|87\/100|[from] Grassy Terrain\n|-fieldend|move: Grassy Terrain\n|upkeep\n|\n|t:|1699933305\n|switch|p2a: Urshifu|Urshifu-Rapid-Strike, F|22\/100\n|turn|10\n|\n|t:|1699933308\n|move|p1a: \u6960\u6728\u706f|Overheat|p2a: Urshifu\n|-resisted|p2a: Urshifu\n|-damage|p2a: Urshifu|0 fnt\n|-unboost|p1a: \u6960\u6728\u706f|spa|2\n|faint|p2a: Urshifu\n|\n|-fieldend|move: Trick Room\n|upkeep\n|\n|t:|1699933314\n|switch|p2a: Tapu Lele|Tapu Lele|100\/100\n|-fieldstart|move: Psychic Terrain|[from] ability: Psychic Surge|[of] p2a: Tapu Lele\n|turn|11\n|\n|t:|1699933318\n|switch|p1a: Hatterene|Hatterene, F|44\/100\n|-zpower|p2a: Tapu Lele\n|move|p2a: Tapu Lele|Shattered Psyche|p1a: Hatterene|[zeffect]\n|-resisted|p1a: Hatterene\n|-damage|p1a: Hatterene|0 fnt\n|faint|p1a: Hatterene\n|\n|upkeep\n|\n|t:|1699933333\n|switch|p1a: Hoopa|Hoopa-Unbound|100\/100\n|turn|12\n|\n|t:|1699933336\n|move|p2a: Tapu Lele|Moonblast|p1a: Hoopa\n|-supereffective|p1a: Hoopa\n|-damage|p1a: Hoopa|24\/100\n|move|p1a: Hoopa|Trick Room|p1a: Hoopa\n|-fieldstart|move: Trick Room|[of] p1a: Hoopa\n|\n|upkeep\n|turn|13\n|\n|t:|1699933343\n|move|p1a: Hoopa|Gunk Shot|p2a: Tapu Lele\n|-supereffective|p2a: Tapu Lele\n|-damage|p2a: Tapu Lele|0 fnt\n|faint|p2a: Tapu Lele\n|\n|upkeep\n|\n|t:|1699933345\n|switch|p2a: Rillaboom|Rillaboom, F|100\/100\n|-fieldstart|move: Grassy Terrain|[from] ability: Grassy Surge|[of] p2a: Rillaboom\n|turn|14\n|\n|t:|1699933358\n|-terastallize|p2a: Rillaboom|Grass\n|move|p2a: Rillaboom|Grassy Glide|p1a: Hoopa\n|-damage|p1a: Hoopa|0 fnt\n|faint|p1a: Hoopa\n|\n|upkeep\n|\n|t:|1699933361\n|switch|p1a: \u6960\u6728\u706f|Chandelure, F, shiny|87\/100\n|turn|15\n|\n|t:|1699933363\n|move|p2a: Rillaboom|Grassy Glide|p1a: \u6960\u6728\u706f\n|-resisted|p1a: \u6960\u6728\u706f\n|-damage|p1a: \u6960\u6728\u706f|38\/100\n|move|p1a: \u6960\u6728\u706f|Flamethrower|p2a: Rillaboom\n|-supereffective|p2a: Rillaboom\n|-damage|p2a: Rillaboom|0 fnt\n|faint|p2a: Rillaboom\n|\n|-heal|p1a: \u6960\u6728\u706f|44\/100|[from] Grassy Terrain\n|upkeep\n|\n|t:|1699933366\n|switch|p2a: Sneasler|Sneasler, M|100\/100\n|-enditem|p2a: Sneasler|Grassy Seed\n|-boost|p2a: Sneasler|def|1|[from] item: Grassy Seed\n|turn|16\n|\n|t:|1699933368\n|move|p1a: \u6960\u6728\u706f|Flamethrower|p2a: Sneasler\n|-damage|p2a: Sneasler|0 fnt\n|faint|p2a: Sneasler\n|\n|win|Leifthrasir\n|raw|Leifthrasir's rating: 1383 &rarr; <strong>1408<\/strong><br \/>(+25 for winning)\n|raw|twiceer's rating: 1474 &rarr; <strong>1449<\/strong><br \/>(-25 for losing)\n|l|\u203dtwiceer\n","uploadtime":1699933397,"views":4,"p1id":"leifthrasir","p2id":"twiceer","formatid":"gen9nationaldex","rating":1408,"private":0,"password":""}