{"id":"gen9nationaldex-1990009571","p1":"imbleed","p2":"Socialist Zombie","format":"[Gen 9] National Dex","log":"|j|\u2606imbleed\n|j|\u2606Socialist Zombie\n|t:|1699915003\n|gametype|singles\n|player|p1|imbleed|poppy|1481\n|player|p2|Socialist Zombie|galacticgrunt|1526\n|teamsize|p1|6\n|teamsize|p2|6\n|gen|9\n|tier|[Gen 9] National Dex\n|rated|\n|rule|HP Percentage Mod: HP is shown in percentages\n|rule|Endless Battle Clause: Forcing endless battles is banned\n|rule|OHKO Clause: OHKO moves are banned\n|rule|Evasion Clause: Evasion abilities, items, and moves are banned\n|rule|Evasion Abilities Clause: Evasion abilities are banned\n|rule|Evasion Items Clause: Evasion items are banned\n|rule|Evasion Moves Clause: Evasion moves are banned\n|rule|Species Clause: Limit one of each Pok\u00e9mon\n|rule|Sleep Clause Mod: Limit one foe put to sleep\n|clearpoke\n|poke|p1|Dusclops, M|\n|poke|p1|Arboliva, M|\n|poke|p1|Landorus-Therian, M|\n|poke|p1|Huntail, M|\n|poke|p1|Boltund, M|\n|poke|p1|Ribombee, F|\n|poke|p2|Urshifu-*, M|\n|poke|p2|Iron Valiant|\n|poke|p2|Scizor, M|\n|poke|p2|Rotom-Wash|\n|poke|p2|Corviknight, F|\n|poke|p2|Volcarona, F|\n|teampreview\n|inactive|Battle timer is ON: inactive players will automatically lose when time's up. (requested by Socialist Zombie)\n|j| Lonsol\n|inactive|imbleed has 120 seconds left.\n|j| kung fu pokechu\n|\n|t:|1699915037\n|start\n|switch|p1a: great tusk@home|Landorus-Therian, M|100\/100\n|switch|p2a: Rotom|Rotom-Wash|100\/100\n|-ability|p1a: great tusk@home|Intimidate|boost\n|-unboost|p2a: Rotom|atk|1\n|turn|1\n|\n|t:|1699915042\n|switch|p1a: very slow no?|Arboliva, M|100\/100\n|move|p2a: Rotom|Will-O-Wisp|p1a: very slow no?\n|-status|p1a: very slow no?|brn\n|\n|-damage|p1a: very slow no?|94\/100 brn|[from] brn\n|upkeep\n|turn|2\n|\n|t:|1699915049\n|move|p2a: Rotom|Volt Switch|p1a: very slow no?\n|-resisted|p1a: very slow no?\n|-damage|p1a: very slow no?|84\/100 brn\n|\n|t:|1699915053\n|switch|p2a: Corviknight|Corviknight, F|100\/100|[from] Volt Switch\n|-ability|p2a: Corviknight|Pressure\n|move|p1a: very slow no?|Energy Ball|p2a: Corviknight\n|-resisted|p2a: Corviknight\n|-damage|p2a: Corviknight|90\/100\n|\n|-damage|p1a: very slow no?|78\/100 brn|[from] brn\n|upkeep\n|turn|3\n|\n|t:|1699915057\n|switch|p1a: great tusk@home|Landorus-Therian, M|100\/100\n|-ability|p1a: great tusk@home|Intimidate|boost\n|-unboost|p2a: Corviknight|atk|1\n|move|p2a: Corviknight|Brave Bird|p1a: great tusk@home\n|-damage|p1a: great tusk@home|74\/100\n|-damage|p2a: Corviknight|83\/100|[from] Recoil\n|\n|upkeep\n|turn|4\n|\n|t:|1699915065\n|move|p1a: great tusk@home|Stealth Rock|p2a: Corviknight\n|-sidestart|p2: Socialist Zombie|move: Stealth Rock\n|move|p2a: Corviknight|U-turn|p1a: great tusk@home\n|-resisted|p1a: great tusk@home\n|-damage|p1a: great tusk@home|69\/100\n|\n|t:|1699915068\n|switch|p2a: Rotom|Rotom-Wash|100\/100|[from] U-turn\n|-damage|p2a: Rotom|88\/100|[from] Stealth Rock\n|\n|-heal|p2a: Rotom|94\/100|[from] item: Leftovers\n|upkeep\n|turn|5\n|\n|t:|1699915077\n|move|p1a: great tusk@home|Swords Dance|p1a: great tusk@home\n|-boost|p1a: great tusk@home|atk|2\n|move|p2a: Rotom|Hydro Pump|p1a: great tusk@home\n|-supereffective|p1a: great tusk@home\n|-damage|p1a: great tusk@home|0 fnt\n|faint|p1a: great tusk@home\n|\n|-heal|p2a: Rotom|100\/100|[from] item: Leftovers\n|upkeep\n|\n|t:|1699915093\n|switch|p1a: very slow no?|Arboliva, M|78\/100 brn\n|turn|6\n|\n|t:|1699915100\n|move|p2a: Rotom|Volt Switch|p1a: very slow no?\n|-resisted|p1a: very slow no?\n|-damage|p1a: very slow no?|66\/100 brn\n|\n|t:|1699915102\n|switch|p2a: Corviknight|Corviknight, F|83\/100|[from] Volt Switch\n|-damage|p2a: Corviknight|71\/100|[from] Stealth Rock\n|-ability|p2a: Corviknight|Pressure\n|move|p1a: very slow no?|Energy Ball|p2a: Corviknight\n|-resisted|p2a: Corviknight\n|-damage|p2a: Corviknight|60\/100\n|\n|-damage|p1a: very slow no?|60\/100 brn|[from] brn\n|upkeep\n|turn|7\n|\n|t:|1699915105\n|-terastallize|p1a: very slow no?|Fire\n|move|p2a: Corviknight|Defog|p1a: very slow no?\n|-unboost|p1a: very slow no?|evasion|1\n|-sideend|p2: Socialist Zombie|Stealth Rock|[from] move: Defog|[of] p2a: Corviknight\n|move|p1a: very slow no?|Tera Blast|p2a: Corviknight|[anim] Tera Blast Fire\n|-supereffective|p2a: Corviknight\n|-damage|p2a: Corviknight|0 fnt\n|faint|p2a: Corviknight\n|\n|-damage|p1a: very slow no?|53\/100 brn|[from] brn\n|upkeep\n|\n|t:|1699915113\n|switch|p2a: Urshifu|Urshifu-Rapid-Strike, M|100\/100\n|turn|8\n|\n|t:|1699915119\n|switch|p1a: me clops|Dusclops, M|100\/100\n|-ability|p1a: me clops|Pressure\n|move|p2a: Urshifu|Surging Strikes|p1a: me clops\n|-crit|p1a: me clops\n|-damage|p1a: me clops|87\/100\n|-crit|p1a: me clops\n|-damage|p1a: me clops|74\/100\n|-crit|p1a: me clops\n|-damage|p1a: me clops|61\/100\n|-hitcount|p1a: me clops|3\n|\n|upkeep\n|turn|9\n|\n|t:|1699915130\n|switch|p2a: Rotom|Rotom-Wash|100\/100\n|move|p1a: me clops|Pain Split|p2a: Rotom\n|-sethp|p2a: Rotom|79\/100|[from] move: Pain Split|[silent]\n|-sethp|p1a: me clops|84\/100|[from] move: Pain Split\n|\n|-heal|p2a: Rotom|85\/100|[from] item: Leftovers\n|upkeep\n|turn|10\n|\n|t:|1699915135\n|move|p2a: Rotom|Will-O-Wisp|p1a: me clops|[miss]\n|-miss|p2a: Rotom|p1a: me clops\n|move|p1a: me clops|Toxic|p2a: Rotom\n|-status|p2a: Rotom|tox\n|\n|-heal|p2a: Rotom|91\/100 tox|[from] item: Leftovers\n|-damage|p2a: Rotom|85\/100 tox|[from] psn\n|upkeep\n|turn|11\n|\n|t:|1699915140\n|move|p2a: Rotom|Volt Switch|p1a: me clops\n|-damage|p1a: me clops|71\/100\n|\n|t:|1699915143\n|switch|p2a: Scizor|Scizor, M|100\/100|[from] Volt Switch\n|move|p1a: me clops|Night Shade|p2a: Scizor\n|-damage|p2a: Scizor|71\/100\n|\n|upkeep\n|turn|12\n|\n|t:|1699915150\n|switch|p1a: very slow no?|Arboliva, M, tera:Fire|53\/100 brn\n|detailschange|p2a: Scizor|Scizor-Mega, M\n|-mega|p2a: Scizor|Scizor|Scizorite\n|move|p2a: Scizor|Swords Dance|p2a: Scizor\n|-boost|p2a: Scizor|atk|2\n|\n|-damage|p1a: very slow no?|47\/100 brn|[from] brn\n|upkeep\n|turn|13\n|\n|t:|1699915160\n|switch|p2a: Rotom|Rotom-Wash|85\/100 tox\n|move|p1a: very slow no?|Tera Blast|p2a: Rotom|[anim] Tera Blast Fire\n|-resisted|p2a: Rotom\n|-damage|p2a: Rotom|62\/100 tox\n|\n|-heal|p2a: Rotom|69\/100 tox|[from] item: Leftovers\n|-damage|p2a: Rotom|62\/100 tox|[from] psn\n|-damage|p1a: very slow no?|41\/100 brn|[from] brn\n|upkeep\n|turn|14\n|\n|t:|1699915164\n|move|p2a: Rotom|Volt Switch|p1a: very slow no?\n|-damage|p1a: very slow no?|21\/100 brn\n|\n|t:|1699915168\n|switch|p2a: Urshifu|Urshifu-Rapid-Strike, M|100\/100|[from] Volt Switch\n|move|p1a: very slow no?|Energy Ball|p2a: Urshifu\n|-supereffective|p2a: Urshifu\n|-damage|p2a: Urshifu|0 fnt\n|faint|p2a: Urshifu\n|\n|-damage|p1a: very slow no?|15\/100 brn|[from] brn\n|upkeep\n|\n|t:|1699915172\n|switch|p2a: Scizor|Scizor-Mega, M|71\/100\n|turn|15\n|-enditem|p1a: very slow no?|Custap Berry|[eat]\n|-activate|p1a: very slow no?|item: Custap Berry|[consumed]\n|\n|t:|1699915174\n|move|p2a: Scizor|Bullet Punch|p1a: very slow no?\n|-resisted|p1a: very slow no?\n|-damage|p1a: very slow no?|0 fnt\n|faint|p1a: very slow no?\n|\n|upkeep\n|\n|t:|1699915189\n|switch|p1a: no bee|Ribombee, F|100\/100\n|turn|16\n|\n|t:|1699915193\n|move|p1a: no bee|Stun Spore|p2a: Scizor\n|-status|p2a: Scizor|par\n|cant|p2a: Scizor|par\n|\n|upkeep\n|turn|17\n|\n|t:|1699915197\n|move|p1a: no bee|Sticky Web|p2a: Scizor\n|-sidestart|p2: Socialist Zombie|move: Sticky Web\n|cant|p2a: Scizor|par\n|\n|upkeep\n|turn|18\n|\n|t:|1699915202\n|switch|p1a: dogwater|Boltund, M|100\/100\n|move|p2a: Scizor|Swords Dance|p2a: Scizor\n|-boost|p2a: Scizor|atk|2\n|\n|upkeep\n|turn|19\n|\n|t:|1699915205\n|move|p2a: Scizor|Bullet Punch|p1a: dogwater\n|-resisted|p1a: dogwater\n|-damage|p1a: dogwater|26\/100\n|move|p1a: dogwater|Fire Fang|p2a: Scizor\n|-supereffective|p2a: Scizor\n|-damage|p2a: Scizor|0 fnt\n|faint|p2a: Scizor\n|\n|-heal|p1a: dogwater|32\/100|[from] item: Leftovers\n|upkeep\n|\n|t:|1699915212\n|switch|p2a: Volcarona|Volcarona, F|100\/100\n|turn|20\n|\n|t:|1699915217\n|move|p1a: dogwater|Thunder Fang|p2a: Volcarona|[miss]\n|-miss|p1a: dogwater|p2a: Volcarona\n|move|p2a: Volcarona|Quiver Dance|p2a: Volcarona\n|-boost|p2a: Volcarona|spa|1\n|-boost|p2a: Volcarona|spd|1\n|-boost|p2a: Volcarona|spe|1\n|\n|-heal|p1a: dogwater|38\/100|[from] item: Leftovers\n|upkeep\n|turn|21\n|\n|t:|1699915226\n|switch|p1a: no bee|Ribombee, F|100\/100\n|move|p2a: Volcarona|Flamethrower|p1a: no bee\n|-supereffective|p1a: no bee\n|-enditem|p1a: no bee|Focus Sash\n|-damage|p1a: no bee|1\/100\n|\n|upkeep\n|turn|22\n|\n|t:|1699915234\n|move|p2a: Volcarona|Bug Buzz|p1a: no bee\n|-resisted|p1a: no bee\n|-damage|p1a: no bee|0 fnt\n|faint|p1a: no bee\n|\n|upkeep\n|\n|t:|1699915237\n|switch|p1a: me clops|Dusclops, M|71\/100\n|-ability|p1a: me clops|Pressure\n|turn|23\n|\n|t:|1699915243\n|move|p2a: Volcarona|Quiver Dance|p2a: Volcarona\n|-boost|p2a: Volcarona|spa|1\n|-boost|p2a: Volcarona|spd|1\n|-boost|p2a: Volcarona|spe|1\n|move|p1a: me clops|Haze|p1a: me clops\n|-clearallboost\n|\n|upkeep\n|turn|24\n|\n|t:|1699915246\n|switch|p2a: Rotom|Rotom-Wash|62\/100 tox\n|move|p1a: me clops|Toxic|p2a: Rotom\n|-fail|p2a: Rotom|tox\n|\n|-heal|p2a: Rotom|69\/100 tox|[from] item: Leftovers\n|-damage|p2a: Rotom|62\/100 tox|[from] psn\n|upkeep\n|turn|25\n|\n|t:|1699915253\n|move|p2a: Rotom|Will-O-Wisp|p1a: me clops\n|-status|p1a: me clops|brn\n|move|p1a: me clops|Night Shade|p2a: Rotom\n|-damage|p2a: Rotom|29\/100 tox\n|\n|-heal|p2a: Rotom|36\/100 tox|[from] item: Leftovers\n|-damage|p2a: Rotom|23\/100 tox|[from] psn\n|-damage|p1a: me clops|65\/100 brn|[from] brn\n|upkeep\n|turn|26\n|\n|t:|1699915258\n|move|p2a: Rotom|Pain Split|p1a: me clops\n|-sethp|p1a: me clops|45\/100 brn|[from] move: Pain Split|[silent]\n|-sethp|p2a: Rotom|42\/100 tox|[from] move: Pain Split\n|move|p1a: me clops|Night Shade|p2a: Rotom\n|-damage|p2a: Rotom|9\/100 tox\n|\n|-heal|p2a: Rotom|15\/100 tox|[from] item: Leftovers\n|-damage|p2a: Rotom|0 fnt|[from] psn\n|faint|p2a: Rotom\n|-damage|p1a: me clops|39\/100 brn|[from] brn\n|upkeep\n|\n|t:|1699915262\n|switch|p2a: Iron Valiant|Iron Valiant|100\/100\n|-activate|p2a: Iron Valiant|move: Sticky Web\n|-unboost|p2a: Iron Valiant|spe|1\n|turn|27\n|\n|t:|1699915266\n|move|p2a: Iron Valiant|Knock Off|p1a: me clops\n|-supereffective|p1a: me clops\n|-damage|p1a: me clops|0 fnt\n|-enditem|p1a: me clops|Eviolite|[from] move: Knock Off|[of] p2a: Iron Valiant\n|faint|p1a: me clops\n|\n|upkeep\n|\n|t:|1699915271\n|switch|p1a: very fast yes|Huntail, M|100\/100\n|turn|28\n|\n|t:|1699915275\n|move|p2a: Iron Valiant|Thunderbolt|p1a: very fast yes\n|-supereffective|p1a: very fast yes\n|-enditem|p1a: very fast yes|Focus Sash\n|-damage|p1a: very fast yes|1\/100\n|move|p1a: very fast yes|Shell Smash|p1a: very fast yes\n|-unboost|p1a: very fast yes|def|1\n|-unboost|p1a: very fast yes|spd|1\n|-boost|p1a: very fast yes|atk|2\n|-boost|p1a: very fast yes|spa|2\n|-boost|p1a: very fast yes|spe|2\n|\n|upkeep\n|turn|29\n|\n|t:|1699915283\n|move|p1a: very fast yes|Waterfall|p2a: Iron Valiant\n|-damage|p2a: Iron Valiant|10\/100\n|move|p2a: Iron Valiant|Thunderbolt|p1a: very fast yes\n|-supereffective|p1a: very fast yes\n|-damage|p1a: very fast yes|0 fnt\n|faint|p1a: very fast yes\n|\n|upkeep\n|\n|t:|1699915288\n|switch|p1a: dogwater|Boltund, M|38\/100\n|turn|30\n|\n|t:|1699915291\n|move|p1a: dogwater|Thunder Fang|p2a: Iron Valiant\n|-damage|p2a: Iron Valiant|0 fnt\n|faint|p2a: Iron Valiant\n|-end|p2a: Iron Valiant|Quark Drive|[silent]\n|\n|-heal|p1a: dogwater|45\/100|[from] item: Leftovers\n|upkeep\n|\n|t:|1699915293\n|switch|p2a: Volcarona|Volcarona, F|100\/100\n|turn|31\n|\n|t:|1699915303\n|-terastallize|p2a: Volcarona|Grass\n|move|p1a: dogwater|Thunder Fang|p2a: Volcarona\n|-resisted|p2a: Volcarona\n|-damage|p2a: Volcarona|69\/100\n|move|p2a: Volcarona|Quiver Dance|p2a: Volcarona\n|-boost|p2a: Volcarona|spa|1\n|-boost|p2a: Volcarona|spd|1\n|-boost|p2a: Volcarona|spe|1\n|\n|-heal|p1a: dogwater|51\/100|[from] item: Leftovers\n|upkeep\n|turn|32\n|\n|t:|1699915311\n|move|p2a: Volcarona|Flamethrower|p1a: dogwater\n|-damage|p1a: dogwater|0 fnt\n|faint|p1a: dogwater\n|\n|win|Socialist Zombie\n|raw|imbleed's rating: 1481 &rarr; <strong>1464<\/strong><br \/>(-17 for losing)\n|raw|Socialist Zombie's rating: 1526 &rarr; <strong>1543<\/strong><br \/>(+17 for winning)\n|l|\u2606Socialist Zombie\n","uploadtime":1699915332,"views":7,"p1id":"imbleed","p2id":"socialistzombie","formatid":"gen9nationaldex","rating":1464,"private":0,"password":""}