{"id":"gen9nationaldex-1998406382","p1":"NDSNEZ Tophat","p2":"NDSNEZyedropwhen","format":"[Gen 9] National Dex","log":"|html|<div class=\"broadcast-blue\"><strong>[Gen 9] National Dex is currently suspecting Sneasler! For information on how to participate check out the <a href=\"https:\/\/www.smogon.com\/forums\/threads\/sv-national-dex-suspect-8-just-dance.3731534\/\">suspect thread<\/a>.<\/strong><\/div>\n|j|\u2606NDSNEZ Tophat\n|j|\u2606NDSNEZyedropwhen\n|t:|1700938766\n|gametype|singles\n|player|p1|NDSNEZ Tophat|janitor|1340\n|player|p2|NDSNEZyedropwhen|adaman|1446\n|teamsize|p1|6\n|teamsize|p2|6\n|gen|9\n|tier|[Gen 9] National Dex\n|rated|\n|rule|HP Percentage Mod: HP is shown in percentages\n|rule|Endless Battle Clause: Forcing endless battles is banned\n|rule|OHKO Clause: OHKO moves are banned\n|rule|Evasion Clause: Evasion abilities, items, and moves are banned\n|rule|Evasion Abilities Clause: Evasion abilities are banned\n|rule|Evasion Items Clause: Evasion items are banned\n|rule|Evasion Moves Clause: Evasion moves are banned\n|rule|Species Clause: Limit one of each Pok\u00e9mon\n|rule|Sleep Clause Mod: Limit one foe put to sleep\n|clearpoke\n|poke|p1|Glimmora, M|\n|poke|p1|Tapu Koko|\n|poke|p1|Gyarados, M|\n|poke|p1|Volcarona, F|\n|poke|p1|Sneasler, M|\n|poke|p1|Iron Valiant|\n|poke|p2|Toxapex, F|\n|poke|p2|Dondozo, M|\n|poke|p2|Gliscor, F|\n|poke|p2|Blissey, F|\n|poke|p2|Corviknight, M|\n|poke|p2|Tyranitar, M|\n|teampreview\n|c|\u2606NDSNEZyedropwhen|sneasbro or sneasfoe\n|c|\u2606NDSNEZ Tophat|dont like sneasler\n|c|\u2606NDSNEZyedropwhen|also 20-7 is gonna be rlly hard for you to work with\n|c|\u2606NDSNEZ Tophat|*i know*\n|c|\u2606NDSNEZyedropwhen|iirc one loss before 21 is ideal\n|c|\u2606NDSNEZyedropwhen|same\n|\n|t:|1700938813\n|start\n|switch|p1a: Tapu Koko|Tapu Koko|100\/100\n|switch|p2a: Gliscor|Gliscor, F|100\/100\n|-fieldstart|move: Electric Terrain|[from] ability: Electric Surge|[of] p1a: Tapu Koko\n|turn|1\n|\n|t:|1700938838\n|switch|p1a: Gyarados|Gyarados, M|100\/100\n|-ability|p1a: Gyarados|Intimidate|boost\n|-unboost|p2a: Gliscor|atk|1\n|move|p2a: Gliscor|Protect||[still]\n|-fail|p2a: Gliscor\n|\n|-status|p2a: Gliscor|tox|[from] item: Toxic Orb\n|upkeep\n|turn|2\n|\n|t:|1700938856\n|detailschange|p1a: Gyarados|Gyarados-Mega, M\n|-mega|p1a: Gyarados|Gyarados|Gyaradosite\n|-ability|p1a: Gyarados|Mold Breaker\n|move|p1a: Gyarados|Waterfall|p2a: Gliscor\n|-supereffective|p2a: Gliscor\n|-damage|p2a: Gliscor|45\/100 tox\n|cant|p2a: Gliscor|flinch\n|\n|-heal|p2a: Gliscor|57\/100 tox|[from] ability: Poison Heal\n|upkeep\n|turn|3\n|\n|t:|1700938869\n|switch|p2a: Toxapex|Toxapex, F|100\/100\n|move|p1a: Gyarados|Dragon Dance|p1a: Gyarados\n|-boost|p1a: Gyarados|atk|1\n|-boost|p1a: Gyarados|spe|1\n|\n|upkeep\n|turn|4\n|\n|t:|1700938875\n|move|p1a: Gyarados|Earthquake|p2a: Toxapex\n|-supereffective|p2a: Toxapex\n|-damage|p2a: Toxapex|29\/100\n|move|p2a: Toxapex|Toxic|p1a: Gyarados\n|-status|p1a: Gyarados|tox\n|\n|-damage|p1a: Gyarados|94\/100 tox|[from] psn\n|upkeep\n|turn|5\n|\n|t:|1700938885\n|move|p2a: Toxapex|Baneful Bunker|p2a: Toxapex\n|-singleturn|p2a: Toxapex|move: Protect\n|move|p1a: Gyarados|Crunch|p2a: Toxapex\n|-activate|p2a: Toxapex|move: Protect\n|\n|-damage|p1a: Gyarados|82\/100 tox|[from] psn\n|-fieldend|move: Electric Terrain\n|upkeep\n|turn|6\n|\n|t:|1700938900\n|switch|p2a: Dondozo|Dondozo, M|100\/100\n|move|p1a: Gyarados|Crunch|p2a: Dondozo\n|-damage|p2a: Dondozo|71\/100\n|\n|-damage|p1a: Gyarados|64\/100 tox|[from] psn\n|upkeep\n|turn|7\n|\n|t:|1700938907\n|switch|p1a: Tapu Koko|Tapu Koko|100\/100\n|-fieldstart|move: Electric Terrain|[from] ability: Electric Surge|[of] p1a: Tapu Koko\n|move|p2a: Dondozo|Curse|p2a: Dondozo\n|-unboost|p2a: Dondozo|spe|1\n|-boost|p2a: Dondozo|atk|1\n|-boost|p2a: Dondozo|def|1\n|\n|upkeep\n|turn|8\n|\n|t:|1700938914\n|switch|p2a: Blissey|Blissey, F|100\/100\n|move|p1a: Tapu Koko|Volt Switch|p2a: Blissey\n|-damage|p2a: Blissey|84\/100\n|\n|t:|1700938919\n|switch|p1a: Iron Valiant|Iron Valiant|100\/100|[from] Volt Switch\n|-activate|p1a: Iron Valiant|ability: Quark Drive\n|-start|p1a: Iron Valiant|quarkdrivespe\n|\n|upkeep\n|turn|9\n|\n|t:|1700938930\n|switch|p2a: Gliscor|Gliscor, F|57\/100 tox\n|move|p1a: Iron Valiant|Knock Off|p2a: Gliscor\n|-damage|p2a: Gliscor|37\/100 tox\n|-enditem|p2a: Gliscor|Toxic Orb|[from] move: Knock Off|[of] p1a: Iron Valiant\n|\n|-heal|p2a: Gliscor|50\/100 tox|[from] ability: Poison Heal\n|upkeep\n|turn|10\n|\n|t:|1700938945\n|move|p2a: Gliscor|Protect|p2a: Gliscor\n|-singleturn|p2a: Gliscor|Protect\n|move|p1a: Iron Valiant|Moonblast|p2a: Gliscor\n|-activate|p2a: Gliscor|move: Protect\n|\n|-heal|p2a: Gliscor|62\/100 tox|[from] ability: Poison Heal\n|upkeep\n|turn|11\n|\n|t:|1700938953\n|switch|p2a: Toxapex|Toxapex, F|62\/100\n|move|p1a: Iron Valiant|Encore||[still]\n|-fail|p1a: Iron Valiant\n|\n|-fieldend|move: Electric Terrain\n|-end|p1a: Iron Valiant|Quark Drive\n|upkeep\n|turn|12\n|\n|t:|1700938969\n|-end|p1a: Iron Valiant|Quark Drive|[silent]\n|switch|p1a: Glimmora|Glimmora, M|100\/100\n|move|p2a: Toxapex|Knock Off|p1a: Glimmora\n|-damage|p1a: Glimmora|80\/100\n|-activate|p1a: Glimmora|ability: Toxic Debris\n|-sidestart|p2: NDSNEZyedropwhen|move: Toxic Spikes\n|-enditem|p1a: Glimmora|Focus Sash|[from] move: Knock Off|[of] p2a: Toxapex\n|\n|upkeep\n|turn|13\n|\n|t:|1700938976\n|switch|p2a: Corviknight|Corviknight, M|100\/100\n|-ability|p2a: Corviknight|Pressure\n|move|p1a: Glimmora|Stealth Rock|p2a: Corviknight\n|-sidestart|p2: NDSNEZyedropwhen|move: Stealth Rock\n|\n|upkeep\n|turn|14\n|\n|t:|1700938987\n|switch|p1a: Tapu Koko|Tapu Koko|100\/100\n|-fieldstart|move: Electric Terrain|[from] ability: Electric Surge|[of] p1a: Tapu Koko\n|move|p2a: Corviknight|Defog|p1a: Tapu Koko\n|-unboost|p1a: Tapu Koko|evasion|1\n|-sideend|p2: NDSNEZyedropwhen|Toxic Spikes|[from] move: Defog|[of] p2a: Corviknight\n|-sideend|p2: NDSNEZyedropwhen|Stealth Rock|[from] move: Defog|[of] p2a: Corviknight\n|-fieldend|move: Electric Terrain\n|\n|upkeep\n|turn|15\n|\n|t:|1700938993\n|switch|p2a: Gliscor|Gliscor, F|62\/100 tox\n|move|p1a: Tapu Koko|Volt Switch|p2a: Gliscor\n|-immune|p2a: Gliscor\n|\n|-heal|p2a: Gliscor|75\/100 tox|[from] ability: Poison Heal\n|upkeep\n|turn|16\n|\n|t:|1700939010\n|switch|p1a: Gyarados|Gyarados-Mega, M|64\/100 tox\n|-ability|p1a: Gyarados|Mold Breaker\n|move|p2a: Gliscor|Earthquake|p1a: Gyarados\n|-damage|p1a: Gyarados|30\/100 tox\n|\n|-damage|p1a: Gyarados|24\/100 tox|[from] psn\n|-heal|p2a: Gliscor|87\/100 tox|[from] ability: Poison Heal\n|upkeep\n|turn|17\n|\n|t:|1700939020\n|switch|p2a: Toxapex|Toxapex, F|95\/100\n|move|p1a: Gyarados|Dragon Dance|p1a: Gyarados\n|-boost|p1a: Gyarados|atk|1\n|-boost|p1a: Gyarados|spe|1\n|\n|-damage|p1a: Gyarados|12\/100 tox|[from] psn\n|upkeep\n|turn|18\n|\n|t:|1700939036\n|switch|p1a: Tapu Koko|Tapu Koko|100\/100\n|-fieldstart|move: Electric Terrain|[from] ability: Electric Surge|[of] p1a: Tapu Koko\n|move|p2a: Toxapex|Toxic|p1a: Tapu Koko\n|-status|p1a: Tapu Koko|tox\n|\n|-damage|p1a: Tapu Koko|94\/100 tox|[from] psn\n|upkeep\n|turn|19\n|\n|t:|1700939052\n|switch|p2a: Blissey|Blissey, F|84\/100\n|move|p1a: Tapu Koko|Hidden Power|p2a: Blissey\n|-damage|p2a: Blissey|77\/100\n|\n|-damage|p1a: Tapu Koko|82\/100 tox|[from] psn\n|upkeep\n|turn|20\n|\n|t:|1700939059\n|switch|p1a: Glimmora|Glimmora, M|80\/100\n|move|p2a: Blissey|Stealth Rock|p1a: Glimmora\n|-sidestart|p1: NDSNEZ Tophat|move: Stealth Rock\n|\n|upkeep\n|turn|21\n|\n|t:|1700939087\n|switch|p2a: Gliscor|Gliscor, F|87\/100 tox\n|move|p1a: Glimmora|Stealth Rock|p2a: Gliscor\n|-sidestart|p2: NDSNEZyedropwhen|move: Stealth Rock\n|\n|-heal|p2a: Gliscor|99\/100 tox|[from] ability: Poison Heal\n|upkeep\n|turn|22\n|\n|t:|1700939098\n|move|p1a: Glimmora|Mortal Spin|p2a: Gliscor\n|-resisted|p2a: Gliscor\n|-damage|p2a: Gliscor|98\/100 tox\n|-sideend|p1: NDSNEZ Tophat|Stealth Rock|[from] move: Mortal Spin|[of] p1a: Glimmora\n|move|p2a: Gliscor|Earthquake|p1a: Glimmora\n|-supereffective|p1a: Glimmora\n|-damage|p1a: Glimmora|0 fnt\n|-activate|p1a: Glimmora|ability: Toxic Debris\n|-sidestart|p2: NDSNEZyedropwhen|move: Toxic Spikes\n|faint|p1a: Glimmora\n|\n|-heal|p2a: Gliscor|100\/100 tox|[from] ability: Poison Heal\n|-fieldend|move: Electric Terrain\n|upkeep\n|c|\u2606NDSNEZyedropwhen|what attempt is this for you\n|c|\u2606NDSNEZyedropwhen|for reqs\n|\n|t:|1700939115\n|switch|p1a: Tapu Koko|Tapu Koko|82\/100 tox\n|-fieldstart|move: Electric Terrain|[from] ability: Electric Surge|[of] p1a: Tapu Koko\n|turn|23\n|\n|t:|1700939123\n|move|p2a: Gliscor|Protect|p2a: Gliscor\n|-singleturn|p2a: Gliscor|Protect\n|move|p1a: Tapu Koko|Volt Switch|p2a: Gliscor\n|-activate|p2a: Gliscor|move: Protect\n|\n|-damage|p1a: Tapu Koko|76\/100 tox|[from] psn\n|upkeep\n|turn|24\n|\n|t:|1700939135\n|switch|p1a: Gyarados|Gyarados-Mega, M|12\/100 tox\n|-ability|p1a: Gyarados|Mold Breaker\n|move|p2a: Gliscor|Spikes|p1a: Gyarados\n|-sidestart|p1: NDSNEZ Tophat|Spikes\n|\n|-damage|p1a: Gyarados|6\/100 tox|[from] psn\n|upkeep\n|turn|25\n|c|\u2606NDSNEZ Tophat|2\n|c|\u2606NDSNEZyedropwhen|damn\n|c|\u2606NDSNEZ Tophat|i literally cannot predict for shit thats the problem for me lol\n|c|\u2606NDSNEZyedropwhen|why don't you like sneas\n|c|\u2606NDSNEZyedropwhen|nah ur fine\n|c|\u2606NDSNEZyedropwhen|just play stall lmao\n|c|\u2606NDSNEZ Tophat|since ghold got banned it kinda just got hard to deal with\n|\n|t:|1700939196\n|move|p2a: Gliscor|Protect|p2a: Gliscor\n|-singleturn|p2a: Gliscor|Protect\n|move|p1a: Gyarados|Waterfall|p2a: Gliscor\n|-activate|p2a: Gliscor|move: Protect\n|\n|-damage|p1a: Gyarados|0 fnt|[from] psn\n|faint|p1a: Gyarados\n|upkeep\n|c|\u2606NDSNEZyedropwhen|ye i haven't played in a while but i can see how that may be the case\n|\n|t:|1700939217\n|switch|p1a: Sneasler|Sneasler, M, shiny|100\/100\n|-damage|p1a: Sneasler|88\/100|[from] Spikes\n|-enditem|p1a: Sneasler|Electric Seed\n|-boost|p1a: Sneasler|def|1|[from] item: Electric Seed\n|turn|26\n|\n|t:|1700939234\n|move|p1a: Sneasler|Swords Dance|p1a: Sneasler\n|-boost|p1a: Sneasler|atk|2\n|move|p2a: Gliscor|Earthquake|p1a: Sneasler\n|-supereffective|p1a: Sneasler\n|-damage|p1a: Sneasler|16\/100\n|\n|upkeep\n|turn|27\n|\n|t:|1700939247\n|-terastallize|p1a: Sneasler|Flying\n|move|p1a: Sneasler|Acrobatics|p2a: Gliscor\n|-damage|p2a: Gliscor|23\/100 tox\n|move|p2a: Gliscor|Earthquake|p1a: Sneasler\n|-immune|p1a: Sneasler\n|\n|-heal|p2a: Gliscor|35\/100 tox|[from] ability: Poison Heal\n|-fieldend|move: Electric Terrain\n|upkeep\n|turn|28\n|\n|t:|1700939260\n|move|p2a: Gliscor|Protect|p2a: Gliscor\n|-singleturn|p2a: Gliscor|Protect\n|move|p1a: Sneasler|Close Combat|p2a: Gliscor\n|-activate|p2a: Gliscor|move: Protect\n|\n|-heal|p2a: Gliscor|47\/100 tox|[from] ability: Poison Heal\n|upkeep\n|turn|29\n|\n|t:|1700939266\n|switch|p2a: Dondozo|Dondozo, M|71\/100\n|move|p1a: Sneasler|Acrobatics|p2a: Dondozo\n|-damage|p2a: Dondozo|42\/100\n|\n|upkeep\n|turn|30\n|\n|t:|1700939277\n|move|p1a: Sneasler|Dire Claw|p2a: Dondozo\n|-damage|p2a: Dondozo|23\/100\n|move|p2a: Dondozo|Body Press|p1a: Sneasler\n|-resisted|p1a: Sneasler\n|-damage|p1a: Sneasler|0 fnt\n|faint|p1a: Sneasler\n|\n|upkeep\n|c|\u2606NDSNEZyedropwhen|dire claw hax is always annoying asf\n|c|\u2606NDSNEZ Tophat|true\n|\n|t:|1700939296\n|switch|p1a: Tapu Koko|Tapu Koko|76\/100 tox\n|-damage|p1a: Tapu Koko|64\/100 tox|[from] Spikes\n|-fieldstart|move: Electric Terrain|[from] ability: Electric Surge|[of] p1a: Tapu Koko\n|turn|31\n|\n|t:|1700939304\n|move|p1a: Tapu Koko|Dazzling Gleam|p2a: Dondozo\n|-damage|p2a: Dondozo|0 fnt\n|faint|p2a: Dondozo\n|\n|-damage|p1a: Tapu Koko|58\/100 tox|[from] psn\n|upkeep\n|\n|t:|1700939312\n|switch|p2a: Toxapex|Toxapex, F|100\/100\n|-sideend|p2: NDSNEZyedropwhen|move: Toxic Spikes|[of] p2a: Toxapex\n|turn|32\n|\n|t:|1700939321\n|switch|p1a: Volcarona|Volcarona, F|100\/100\n|move|p2a: Toxapex|Knock Off|p1a: Volcarona\n|-damage|p1a: Volcarona|78\/100\n|-enditem|p1a: Volcarona|Heavy-Duty Boots|[from] move: Knock Off|[of] p2a: Toxapex\n|\n|upkeep\n|turn|33\n|\n|t:|1700939339\n|switch|p1a: Iron Valiant|Iron Valiant|100\/100\n|-damage|p1a: Iron Valiant|88\/100|[from] Spikes\n|-activate|p1a: Iron Valiant|ability: Quark Drive\n|-start|p1a: Iron Valiant|quarkdrivespe\n|move|p2a: Toxapex|Toxic|p1a: Iron Valiant\n|-status|p1a: Iron Valiant|tox\n|\n|-damage|p1a: Iron Valiant|82\/100 tox|[from] psn\n|upkeep\n|turn|34\n|\n|t:|1700939360\n|switch|p2a: Gliscor|Gliscor, F|47\/100 tox\n|-damage|p2a: Gliscor|35\/100 tox|[from] Stealth Rock\n|move|p1a: Iron Valiant|Knock Off|p2a: Gliscor\n|-damage|p2a: Gliscor|22\/100 tox\n|\n|-damage|p1a: Iron Valiant|69\/100 tox|[from] psn\n|-heal|p2a: Gliscor|35\/100 tox|[from] ability: Poison Heal\n|upkeep\n|turn|35\n|\n|t:|1700939366\n|move|p2a: Gliscor|Protect|p2a: Gliscor\n|-singleturn|p2a: Gliscor|Protect\n|move|p1a: Iron Valiant|Moonblast|p2a: Gliscor\n|-activate|p2a: Gliscor|move: Protect\n|\n|-damage|p1a: Iron Valiant|51\/100 tox|[from] psn\n|-heal|p2a: Gliscor|47\/100 tox|[from] ability: Poison Heal\n|-fieldend|move: Electric Terrain\n|-end|p1a: Iron Valiant|Quark Drive\n|upkeep\n|turn|36\n|c|\u2606NDSNEZyedropwhen|gg\n|\n|t:|1700939378\n|switch|p2a: Corviknight|Corviknight, M|100\/100\n|-damage|p2a: Corviknight|88\/100|[from] Stealth Rock\n|-ability|p2a: Corviknight|Pressure\n|move|p1a: Iron Valiant|Moonblast|p2a: Corviknight\n|-resisted|p2a: Corviknight\n|-damage|p2a: Corviknight|74\/100\n|\n|-heal|p2a: Corviknight|81\/100|[from] item: Leftovers\n|-damage|p1a: Iron Valiant|26\/100 tox|[from] psn\n|upkeep\n|turn|37\n|\n|t:|1700939387\n|switch|p2a: Gliscor|Gliscor, F|47\/100 tox\n|-damage|p2a: Gliscor|35\/100 tox|[from] Stealth Rock\n|move|p1a: Iron Valiant|Close Combat|p2a: Gliscor\n|-resisted|p2a: Gliscor\n|-damage|p2a: Gliscor|14\/100 tox\n|-unboost|p1a: Iron Valiant|def|1\n|-unboost|p1a: Iron Valiant|spd|1\n|\n|-damage|p1a: Iron Valiant|0 fnt|[from] psn\n|faint|p1a: Iron Valiant\n|-end|p1a: Iron Valiant|Quark Drive|[silent]\n|-heal|p2a: Gliscor|27\/100 tox|[from] ability: Poison Heal\n|upkeep\n|c|\u2606NDSNEZ Tophat|gg\n|-message|NDSNEZ Tophat forfeited.\n|\n|win|NDSNEZyedropwhen\n|raw|NDSNEZ Tophat's rating: 1340 &rarr; <strong>1326<\/strong><br \/>(-14 for losing)\n|raw|NDSNEZyedropwhen's rating: 1446 &rarr; <strong>1460<\/strong><br \/>(+14 for winning)\n","uploadtime":1700939401,"views":1,"p1id":"ndsneztophat","p2id":"ndsnezyedropwhen","formatid":"gen9nationaldex","rating":1326,"private":0,"password":""}