{"id":"gen9nationaldex-1994665037","p1":"Twinflys","p2":"Oskar Johansson","format":"[Gen 9] National Dex","log":"|html|<div class=\"broadcast-blue\"><strong>[Gen 9] National Dex is currently suspecting Sneasler! For information on how to participate check out the <a href=\"https:\/\/www.smogon.com\/forums\/threads\/sv-national-dex-suspect-8-just-dance.3731534\/\">suspect thread<\/a>.<\/strong><\/div>\n|j|\u2606Twinflys\n|j|\u2606Oskar Johansson\n|t:|1700477810\n|gametype|singles\n|player|p1|Twinflys|unknown|1050\n|player|p2|Oskar Johansson|hugh|1000\n|teamsize|p1|6\n|teamsize|p2|6\n|gen|9\n|tier|[Gen 9] National Dex\n|rated|\n|rule|HP Percentage Mod: HP is shown in percentages\n|rule|Endless Battle Clause: Forcing endless battles is banned\n|rule|OHKO Clause: OHKO moves are banned\n|rule|Evasion Clause: Evasion abilities, items, and moves are banned\n|rule|Evasion Abilities Clause: Evasion abilities are banned\n|rule|Evasion Items Clause: Evasion items are banned\n|rule|Evasion Moves Clause: Evasion moves are banned\n|rule|Species Clause: Limit one of each Pok\u00e9mon\n|rule|Sleep Clause Mod: Limit one foe put to sleep\n|clearpoke\n|poke|p1|Latias, F|\n|poke|p1|Enamorus, F|\n|poke|p1|Tsareena, F|\n|poke|p1|Blissey, F|\n|poke|p1|Lilligant-Hisui, F|\n|poke|p1|Ogerpon, F|\n|poke|p2|Pikachu, M|\n|poke|p2|Staraptor, F|\n|poke|p2|Infernape, M|\n|poke|p2|Torterra, M|\n|poke|p2|Gliscor, M|\n|poke|p2|Heracross, M|\n|teampreview\n|inactive|Battle timer is ON: inactive players will automatically lose when time's up. (requested by Twinflys)\n|\n|t:|1700477818\n|start\n|switch|p1a: Latias|Latias, F|100\/100\n|switch|p2a: Staraptor|Staraptor, F|100\/100\n|-ability|p2a: Staraptor|Intimidate|boost\n|-unboost|p1a: Latias|atk|1\n|turn|1\n|\n|t:|1700477823\n|move|p1a: Latias|Reflect|p1a: Latias\n|-sidestart|p1: Twinflys|Reflect\n|move|p2a: Staraptor|Brave Bird|p1a: Latias\n|-crit|p1a: Latias\n|-damage|p1a: Latias|7\/100\n|-damage|p2a: Staraptor|65\/100|[from] Recoil\n|\n|-heal|p1a: Latias|13\/100|[from] item: Leftovers\n|upkeep\n|turn|2\n|\n|t:|1700477828\n|move|p1a: Latias|Psyshock|p2a: Staraptor\n|-damage|p2a: Staraptor|17\/100\n|-enditem|p2a: Staraptor|Sitrus Berry|[eat]\n|-heal|p2a: Staraptor|42\/100|[from] item: Sitrus Berry\n|move|p2a: Staraptor|U-turn|p1a: Latias\n|-supereffective|p1a: Latias\n|-damage|p1a: Latias|0 fnt\n|faint|p1a: Latias\n|\n|t:|1700477836\n|switch|p2a: Gliscor|Gliscor, M|100\/100|[from] U-turn\n|\n|-status|p2a: Gliscor|tox|[from] item: Toxic Orb\n|upkeep\n|\n|t:|1700477843\n|switch|p1a: Lilligant|Lilligant-Hisui, F|100\/100\n|turn|3\n|\n|t:|1700477850\n|move|p1a: Lilligant|Victory Dance|p1a: Lilligant\n|-boost|p1a: Lilligant|atk|1\n|-boost|p1a: Lilligant|def|1\n|-boost|p1a: Lilligant|spe|1\n|move|p2a: Gliscor|Stealth Rock|p1a: Lilligant\n|-sidestart|p1: Twinflys|move: Stealth Rock\n|\n|upkeep\n|turn|4\n|\n|t:|1700477855\n|move|p1a: Lilligant|Ice Spinner|p2a: Gliscor\n|-supereffective|p2a: Gliscor\n|-damage|p2a: Gliscor|0 fnt\n|faint|p2a: Gliscor\n|\n|upkeep\n|\n|t:|1700477859\n|switch|p2a: Infernape|Infernape, M|100\/100\n|turn|5\n|\n|t:|1700477864\n|move|p1a: Lilligant|Close Combat|p2a: Infernape\n|-damage|p2a: Infernape|0 fnt\n|-unboost|p1a: Lilligant|def|1\n|-unboost|p1a: Lilligant|spd|1\n|faint|p2a: Infernape\n|\n|-sideend|p1: Twinflys|Reflect\n|upkeep\n|\n|t:|1700477870\n|switch|p2a: Pikachu|Pikachu, M|100\/100\n|turn|6\n|\n|t:|1700477873\n|move|p1a: Lilligant|Leaf Blade|p2a: Pikachu\n|-crit|p2a: Pikachu\n|-damage|p2a: Pikachu|0 fnt\n|faint|p2a: Pikachu\n|\n|upkeep\n|\n|t:|1700477879\n|switch|p2a: Staraptor|Staraptor, F|42\/100\n|-ability|p2a: Staraptor|Intimidate|boost\n|-unboost|p1a: Lilligant|atk|1\n|turn|7\n|\n|t:|1700477882\n|move|p1a: Lilligant|Ice Spinner|p2a: Staraptor\n|-supereffective|p2a: Staraptor\n|-damage|p2a: Staraptor|0 fnt\n|faint|p2a: Staraptor\n|\n|upkeep\n|\n|t:|1700477885\n|switch|p2a: Torterra|Torterra, M|100\/100\n|turn|8\n|\n|t:|1700477889\n|move|p1a: Lilligant|Ice Spinner|p2a: Torterra\n|-supereffective|p2a: Torterra\n|-damage|p2a: Torterra|0 fnt\n|faint|p2a: Torterra\n|\n|upkeep\n|\n|t:|1700477891\n|switch|p2a: Heracross|Heracross, M|100\/100\n|turn|9\n|\n|t:|1700477897\n|move|p1a: Lilligant|Ice Spinner|p2a: Heracross\n|-damage|p2a: Heracross|56\/100\n|move|p2a: Heracross|Megahorn|p1a: Lilligant\n|-damage|p1a: Lilligant|0 fnt\n|faint|p1a: Lilligant\n|-ability|p2a: Heracross|Moxie|boost\n|-boost|p2a: Heracross|atk|1\n|\n|upkeep\n|\n|t:|1700477903\n|switch|p1a: Tsareena|Tsareena, F, shiny|100\/100\n|turn|10\n|\n|t:|1700477906\n|detailschange|p2a: Heracross|Heracross-Mega, M\n|-mega|p2a: Heracross|Heracross|Heracronite\n|move|p2a: Heracross|Megahorn|p1a: Tsareena\n|-supereffective|p1a: Tsareena\n|-crit|p1a: Tsareena\n|-damage|p1a: Tsareena|0 fnt\n|faint|p1a: Tsareena\n|\n|upkeep\n|\n|t:|1700477919\n|switch|p1a: Blissey|Blissey, F|100\/100\n|-damage|p1a: Blissey|88\/100|[from] Stealth Rock\n|turn|11\n|\n|t:|1700477923\n|-terastallize|p1a: Blissey|Poison\n|move|p2a: Heracross|Brick Break|p1a: Blissey\n|-resisted|p1a: Blissey\n|-damage|p1a: Blissey|48\/100\n|move|p1a: Blissey|Toxic|p2a: Heracross\n|-status|p2a: Heracross|tox\n|\n|-heal|p1a: Blissey|55\/100|[from] item: Leftovers\n|-damage|p2a: Heracross|50\/100 tox|[from] psn\n|upkeep\n|turn|12\n|\n|t:|1700477927\n|move|p2a: Heracross|Megahorn|p1a: Blissey\n|-resisted|p1a: Blissey\n|-damage|p1a: Blissey|0 fnt\n|faint|p1a: Blissey\n|\n|-damage|p2a: Heracross|38\/100 tox|[from] psn\n|upkeep\n|\n|t:|1700477932\n|switch|p1a: Enamorus|Enamorus, F|100\/100\n|-damage|p1a: Enamorus|76\/100|[from] Stealth Rock\n|turn|13\n|\n|t:|1700477936\n|move|p1a: Enamorus|Superpower|p2a: Heracross\n|-resisted|p2a: Heracross\n|-damage|p2a: Heracross|26\/100 tox\n|-boost|p1a: Enamorus|atk|1\n|-boost|p1a: Enamorus|def|1\n|move|p2a: Heracross|Megahorn|p1a: Enamorus\n|-resisted|p1a: Enamorus\n|-damage|p1a: Enamorus|39\/100\n|\n|-damage|p2a: Heracross|8\/100 tox|[from] psn\n|upkeep\n|turn|14\n|\n|t:|1700477943\n|move|p1a: Enamorus|Moonblast|p2a: Heracross\n|-supereffective|p2a: Heracross\n|-damage|p2a: Heracross|0 fnt\n|faint|p2a: Heracross\n|\n|win|Twinflys\n|raw|Twinflys's rating: 1050 &rarr; <strong>1078<\/strong><br \/>(+28 for winning)\n|raw|Oskar Johansson's rating: 1000 &rarr; <strong>1000<\/strong><br \/>(+0 for losing)\n|c|\u2606Oskar Johansson|gg\n|c|\u2606Twinflys|gg\n","uploadtime":1700477956,"views":2,"p1id":"twinflys","p2id":"oskarjohansson","formatid":"gen9nationaldex","rating":1000,"private":0,"password":""}