{"id":"gen9nationaldex-1996560561","p1":"Luois10124","p2":"jgsemicolong","format":"[Gen 9] National Dex","log":"|html|<div class=\"broadcast-blue\"><strong>[Gen 9] National Dex is currently suspecting Sneasler! For information on how to participate check out the <a href=\"https:\/\/www.smogon.com\/forums\/threads\/sv-national-dex-suspect-8-just-dance.3731534\/\">suspect thread<\/a>.<\/strong><\/div>\n|j|\u2606Luois10124\n|j|\u2606jgsemicolong\n|t:|1700694398\n|gametype|singles\n|player|p1|Luois10124|lyra|1158\n|player|p2|jgsemicolong|artist-gen4|1059\n|teamsize|p1|6\n|teamsize|p2|6\n|gen|9\n|tier|[Gen 9] National Dex\n|rated|\n|rule|HP Percentage Mod: HP is shown in percentages\n|rule|Endless Battle Clause: Forcing endless battles is banned\n|rule|OHKO Clause: OHKO moves are banned\n|rule|Evasion Clause: Evasion abilities, items, and moves are banned\n|rule|Evasion Abilities Clause: Evasion abilities are banned\n|rule|Evasion Items Clause: Evasion items are banned\n|rule|Evasion Moves Clause: Evasion moves are banned\n|rule|Species Clause: Limit one of each Pok\u00e9mon\n|rule|Sleep Clause Mod: Limit one foe put to sleep\n|clearpoke\n|poke|p1|Zoroark, F|\n|poke|p1|Banette, F|\n|poke|p1|Unown-S|\n|poke|p1|Glimmora, F|\n|poke|p1|Kyurem|\n|poke|p1|Blaziken, M|\n|poke|p2|Hippopotas, F|\n|poke|p2|Aron, L1, F|\n|poke|p2|Rattata, L1, F|\n|poke|p2|Donphan, L1, M|\n|poke|p2|Ferrothorn, M|\n|poke|p2|Great Tusk|\n|teampreview\n|inactive|Battle timer is ON: inactive players will automatically lose when time's up. (requested by Luois10124)\n|\n|t:|1700694412\n|start\n|switch|p1a: Unown|Unown-S|100\/100\n|switch|p2a: Hippopotas|Hippopotas, F|100\/100\n|-weather|Sandstorm|[from] ability: Sand Stream|[of] p2a: Hippopotas\n|turn|1\n|\n|t:|1700694426\n|switch|p1a: Glimmora|Glimmora, F|100\/100\n|move|p2a: Hippopotas|Crunch|p1a: Glimmora\n|-damage|p1a: Glimmora|77\/100\n|-activate|p1a: Glimmora|ability: Toxic Debris\n|-sidestart|p2: jgsemicolong|move: Toxic Spikes\n|\n|-weather|Sandstorm|[upkeep]\n|upkeep\n|turn|2\n|\n|t:|1700694445\n|move|p1a: Glimmora|Stealth Rock|p2a: Hippopotas\n|-sidestart|p2: jgsemicolong|move: Stealth Rock\n|move|p2a: Hippopotas|Body Press|p1a: Glimmora\n|-damage|p1a: Glimmora|58\/100\n|-activate|p1a: Glimmora|ability: Toxic Debris\n|-sidestart|p2: jgsemicolong|move: Toxic Spikes\n|\n|-weather|Sandstorm|[upkeep]\n|upkeep\n|turn|3\n|\n|t:|1700694454\n|move|p1a: Glimmora|Energy Ball|p2a: Hippopotas\n|-supereffective|p2a: Hippopotas\n|-enditem|p2a: Hippopotas|Focus Sash\n|-damage|p2a: Hippopotas|1\/100\n|move|p2a: Hippopotas|Body Press|p1a: Glimmora\n|-damage|p1a: Glimmora|41\/100\n|\n|-weather|Sandstorm|[upkeep]\n|upkeep\n|turn|4\n|\n|t:|1700694464\n|move|p1a: Glimmora|Energy Ball|p2a: Hippopotas\n|-supereffective|p2a: Hippopotas\n|-damage|p2a: Hippopotas|0 fnt\n|faint|p2a: Hippopotas\n|\n|-weather|Sandstorm|[upkeep]\n|upkeep\n|\n|t:|1700694471\n|switch|p2a: Great Tusk|Great Tusk|100\/100\n|-status|p2a: Great Tusk|tox\n|-damage|p2a: Great Tusk|98\/100 tox|[from] Stealth Rock\n|turn|5\n|\n|t:|1700694476\n|switch|p1a: Banette|Banette, F|100\/100\n|move|p2a: Great Tusk|Rapid Spin|p1a: Banette\n|-immune|p1a: Banette\n|\n|-weather|none\n|-heal|p2a: Great Tusk|100\/100 tox|[from] item: Leftovers\n|-damage|p2a: Great Tusk|94\/100 tox|[from] psn\n|upkeep\n|turn|6\n|\n|t:|1700694495\n|detailschange|p1a: Banette|Banette-Mega, F\n|-mega|p1a: Banette|Banette|Banettite\n|move|p1a: Banette|Encore|p2a: Great Tusk\n|-start|p2a: Great Tusk|Encore\n|move|p2a: Great Tusk|Rapid Spin|p1a: Banette\n|-immune|p1a: Banette\n|\n|-heal|p2a: Great Tusk|100\/100 tox|[from] item: Leftovers\n|-damage|p2a: Great Tusk|88\/100 tox|[from] psn\n|upkeep\n|turn|7\n|\n|t:|1700694512\n|-end|p2a: Great Tusk|Protosynthesis|[silent]\n|switch|p2a: Ferrothorn|Ferrothorn, M|100\/100\n|-damage|p2a: Ferrothorn|94\/100|[from] Stealth Rock\n|move|p1a: Banette|Poltergeist|p2a: Ferrothorn\n|-activate|p2a: Ferrothorn|move: Poltergeist|Focus Sash\n|-damage|p2a: Ferrothorn|50\/100\n|\n|upkeep\n|turn|8\n|\n|t:|1700694524\n|move|p1a: Banette|Poltergeist|p2a: Ferrothorn\n|-activate|p2a: Ferrothorn|move: Poltergeist|Focus Sash\n|-damage|p2a: Ferrothorn|4\/100\n|move|p2a: Ferrothorn|Energy Ball|p1a: Banette\n|-damage|p1a: Banette|71\/100\n|\n|upkeep\n|turn|9\n|\n|t:|1700694536\n|switch|p1a: Unown|Unown-S|100\/100\n|switch|p2a: Donphan|Donphan, L1, M, shiny|100\/100\n|-status|p2a: Donphan|tox\n|-damage|p2a: Donphan|93\/100 tox|[from] Stealth Rock\n|\n|-damage|p2a: Donphan|85\/100 tox|[from] psn\n|upkeep\n|turn|10\n|\n|t:|1700694550\n|-terastallize|p1a: Unown|Fighting\n|move|p1a: Unown|Hidden Power|p2a: Donphan\n|-damage|p2a: Donphan|0 fnt\n|faint|p2a: Donphan\n|\n|upkeep\n|\n|t:|1700694559\n|switch|p2a: Rattata|Rattata, L1, F|100\/100\n|-status|p2a: Rattata|tox\n|-damage|p2a: Rattata|91\/100 tox|[from] Stealth Rock\n|turn|11\n|\n|t:|1700694564\n|move|p2a: Rattata|Quick Attack|p1a: Unown\n|-damage|p1a: Unown|99\/100\n|move|p1a: Unown|Hidden Power|p2a: Rattata\n|-supereffective|p2a: Rattata\n|-damage|p2a: Rattata|0 fnt\n|faint|p2a: Rattata\n|\n|upkeep\n|\n|t:|1700694566\n|switch|p2a: Aron|Aron, L1, F, shiny|100\/100\n|-damage|p2a: Aron|92\/100|[from] Stealth Rock\n|turn|12\n|\n|t:|1700694570\n|move|p1a: Unown|Hidden Power|p2a: Aron\n|-supereffective|p2a: Aron\n|-damage|p2a: Aron|0 fnt\n|faint|p2a: Aron\n|\n|upkeep\n|\n|t:|1700694571\n|switch|p2a: Great Tusk|Great Tusk|88\/100 tox\n|-damage|p2a: Great Tusk|85\/100 tox|[from] Stealth Rock\n|turn|13\n|\n|t:|1700694573\n|move|p1a: Unown|Hidden Power|p2a: Great Tusk\n|-damage|p2a: Great Tusk|33\/100 tox\n|move|p2a: Great Tusk|Fire Fang|p1a: Unown\n|-damage|p1a: Unown|45\/100\n|\n|-heal|p2a: Great Tusk|39\/100 tox|[from] item: Leftovers\n|-damage|p2a: Great Tusk|33\/100 tox|[from] psn\n|upkeep\n|turn|14\n|\n|t:|1700694578\n|move|p1a: Unown|Hidden Power|p2a: Great Tusk\n|-damage|p2a: Great Tusk|0 fnt\n|faint|p2a: Great Tusk\n|-end|p2a: Great Tusk|Protosynthesis|[silent]\n|\n|upkeep\n|\n|t:|1700694586\n|switch|p2a: Ferrothorn|Ferrothorn, M|4\/100\n|-damage|p2a: Ferrothorn|0 fnt|[from] Stealth Rock\n|faint|p2a: Ferrothorn\n|\n|win|Luois10124\n|raw|Luois10124's rating: 1158 &rarr; <strong>1176<\/strong><br \/>(+18 for winning)\n|raw|jgsemicolong's rating: 1059 &rarr; <strong>1045<\/strong><br \/>(-14 for losing)\n|l|\u2606jgsemicolong\n","uploadtime":1700694591,"views":1,"p1id":"luois10124","p2id":"jgsemicolong","formatid":"gen9nationaldex","rating":1045,"private":0,"password":""}