{"id":"gen9nationaldex-1987865859","p1":"GreninjaFam","p2":"221savage","format":"[Gen 9] National Dex","log":"|j|\u2606GreninjaFam\n|j|\u2606221savage\n|t:|1699644033\n|gametype|singles\n|player|p1|GreninjaFam|hilda|1486\n|player|p2|221savage|1|1377\n|teamsize|p1|6\n|teamsize|p2|6\n|gen|9\n|tier|[Gen 9] National Dex\n|rated|\n|rule|HP Percentage Mod: HP is shown in percentages\n|rule|Endless Battle Clause: Forcing endless battles is banned\n|rule|OHKO Clause: OHKO moves are banned\n|rule|Evasion Clause: Evasion abilities, items, and moves are banned\n|rule|Evasion Abilities Clause: Evasion abilities are banned\n|rule|Evasion Items Clause: Evasion items are banned\n|rule|Evasion Moves Clause: Evasion moves are banned\n|rule|Species Clause: Limit one of each Pok\u00e9mon\n|rule|Sleep Clause Mod: Limit one foe put to sleep\n|clearpoke\n|poke|p1|Great Tusk|\n|poke|p1|Gyarados, M|\n|poke|p1|Scizor, M|\n|poke|p1|Magnezone|\n|poke|p1|Zoroark-Hisui, F|\n|poke|p1|Hatterene, F|\n|poke|p2|Crawdaunt, F|\n|poke|p2|Banette, F|\n|poke|p2|Machamp, M|\n|poke|p2|Darmanitan, M|\n|poke|p2|Xurkitree|\n|poke|p2|Serperior, M|\n|teampreview\n|\n|t:|1699644057\n|start\n|switch|p1a: Hatterene|Hatterene, F|100\/100\n|switch|p2a: Darmanitan|Darmanitan, M|100\/100\n|turn|1\n|\n|t:|1699644064\n|move|p2a: Darmanitan|U-turn|p1a: Hatterene\n|-damage|p1a: Hatterene|71\/100\n|\n|t:|1699644079\n|switch|p2a: Banette|Banette, F|100\/100|[from] U-turn\n|move|p1a: Hatterene|Future Sight|p2a: Banette\n|-start|p1a: Hatterene|move: Future Sight\n|\n|-heal|p1a: Hatterene|77\/100|[from] item: Leftovers\n|upkeep\n|turn|2\n|\n|t:|1699644098\n|-activate|p1a: Hatterene|move: Pursuit\n|detailschange|p2a: Banette|Banette-Mega, F\n|-mega|p2a: Banette|Banette|Banettite\n|move|p2a: Banette|Pursuit|p1a: Hatterene|[from]Pursuit\n|-damage|p1a: Hatterene|35\/100\n|switch|p1a: Gyarados|Gyarados, M|100\/100\n|\n|upkeep\n|turn|3\n|\n|t:|1699644113\n|move|p2a: Banette|Taunt|p1a: Gyarados\n|-start|p1a: Gyarados|move: Taunt\n|move|p1a: Gyarados|Bitter Malice|p2a: Banette\n|-supereffective|p2a: Banette\n|-damage|p2a: Banette|5\/100\n|-unboost|p2a: Banette|atk|1\n|\n|-end|p2a: Banette|move: Future Sight\n|-damage|p2a: Banette|0 fnt\n|faint|p2a: Banette\n|upkeep\n|\n|t:|1699644129\n|switch|p2a: Crawdaunt|Crawdaunt, F|100\/100\n|turn|4\n|\n|t:|1699644135\n|replace|p1a: Zoroark|Zoroark-Hisui, F\n|-end|p1a: Zoroark|Illusion\n|-zpower|p1a: Zoroark\n|move|p1a: Zoroark|Breakneck Blitz|p2a: Crawdaunt|[zeffect]\n|-damage|p2a: Crawdaunt|0 fnt\n|faint|p2a: Crawdaunt\n|\n|upkeep\n|\n|t:|1699644144\n|switch|p2a: Darmanitan|Darmanitan, M|100\/100\n|turn|5\n|\n|t:|1699644148\n|switch|p1a: Gyarados|Gyarados, M|100\/100\n|-ability|p1a: Gyarados|Intimidate|boost\n|-unboost|p2a: Darmanitan|atk|1\n|-terastallize|p2a: Darmanitan|Fire\n|move|p2a: Darmanitan|Flare Blitz|p1a: Gyarados\n|-resisted|p1a: Gyarados\n|-damage|p1a: Gyarados|47\/100\n|-damage|p2a: Darmanitan|84\/100|[from] Recoil\n|\n|upkeep\n|turn|6\n|\n|t:|1699644154\n|move|p2a: Darmanitan|Flare Blitz|p1a: Gyarados\n|-resisted|p1a: Gyarados\n|-damage|p1a: Gyarados|0 fnt\n|faint|p1a: Gyarados\n|-damage|p2a: Darmanitan|70\/100|[from] Recoil\n|\n|upkeep\n|\n|t:|1699644158\n|switch|p1a: Scizor|Scizor, M|100\/100\n|turn|7\n|\n|t:|1699644167\n|move|p2a: Darmanitan|Flare Blitz|p1a: Scizor\n|-damage|p1a: Scizor|0 fnt\n|replace|p1a: Zoroark|Zoroark-Hisui, F\n|-end|p1a: Zoroark|Illusion\n|faint|p1a: Zoroark\n|-damage|p2a: Darmanitan|46\/100|[from] Recoil\n|\n|upkeep\n|\n|t:|1699644176\n|switch|p1a: Great Tusk|Great Tusk|100\/100\n|-enditem|p1a: Great Tusk|Booster Energy\n|-activate|p1a: Great Tusk|ability: Protosynthesis|[fromitem]\n|-start|p1a: Great Tusk|protosynthesisatk\n|turn|8\n|\n|t:|1699644185\n|switch|p2a: Serperior|Serperior, M|100\/100\n|move|p1a: Great Tusk|Rapid Spin|p2a: Serperior\n|-damage|p2a: Serperior|72\/100\n|-boost|p1a: Great Tusk|spe|1\n|\n|-heal|p2a: Serperior|79\/100|[from] item: Leftovers\n|upkeep\n|turn|9\n|\n|t:|1699644197\n|move|p1a: Great Tusk|Ice Spinner|p2a: Serperior\n|-supereffective|p2a: Serperior\n|-damage|p2a: Serperior|0 fnt\n|faint|p2a: Serperior\n|\n|upkeep\n|\n|t:|1699644204\n|switch|p2a: Machamp|Machamp, M|100\/100\n|turn|10\n|\n|t:|1699644209\n|move|p1a: Great Tusk|Earthquake|p2a: Machamp\n|-damage|p2a: Machamp|21\/100\n|move|p2a: Machamp|Dynamic Punch|p1a: Great Tusk\n|-damage|p1a: Great Tusk|61\/100\n|-start|p1a: Great Tusk|confusion\n|\n|upkeep\n|turn|11\n|\n|t:|1699644221\n|-activate|p1a: Great Tusk|confusion\n|-damage|p1a: Great Tusk|51\/100|[from] confusion\n|move|p2a: Machamp|Dynamic Punch|p1a: Great Tusk\n|-damage|p1a: Great Tusk|8\/100\n|\n|upkeep\n|turn|12\n|\n|t:|1699644227\n|move|p2a: Machamp|Bullet Punch|p1a: Great Tusk\n|-damage|p1a: Great Tusk|0 fnt\n|faint|p1a: Great Tusk\n|-end|p1a: Great Tusk|Protosynthesis|[silent]\n|\n|upkeep\n|\n|t:|1699644240\n|switch|p1a: Hatterene|Hatterene, F|35\/100\n|turn|13\n|\n|t:|1699644247\n|-terastallize|p1a: Hatterene|Fire\n|move|p2a: Machamp|Bullet Punch|p1a: Hatterene\n|-resisted|p1a: Hatterene\n|-damage|p1a: Hatterene|28\/100\n|move|p1a: Hatterene|Draining Kiss|p2a: Machamp\n|-supereffective|p2a: Machamp\n|-damage|p2a: Machamp|0 fnt\n|-heal|p1a: Hatterene|46\/100|[from] drain|[of] p2a: Machamp\n|faint|p2a: Machamp\n|\n|-heal|p1a: Hatterene|52\/100|[from] item: Leftovers\n|upkeep\n|\n|t:|1699644255\n|switch|p2a: Xurkitree|Xurkitree|100\/100\n|turn|14\n|\n|t:|1699644261\n|move|p2a: Xurkitree|Thunderbolt|p1a: Hatterene\n|-damage|p1a: Hatterene|0 fnt\n|faint|p1a: Hatterene\n|-ability|p2a: Xurkitree|Beast Boost|boost\n|-boost|p2a: Xurkitree|spa|1\n|\n|upkeep\n|\n|t:|1699644263\n|switch|p1a: Magnezone|Magnezone|100\/100\n|-item|p1a: Magnezone|Air Balloon\n|turn|15\n|\n|t:|1699644274\n|move|p2a: Xurkitree|Tail Glow|p2a: Xurkitree\n|-boost|p2a: Xurkitree|spa|3\n|move|p1a: Magnezone|Tri Attack|p2a: Xurkitree\n|-damage|p2a: Xurkitree|52\/100\n|\n|upkeep\n|turn|16\n|\n|t:|1699644279\n|move|p2a: Xurkitree|Thunderbolt|p1a: Magnezone\n|-resisted|p1a: Magnezone\n|-damage|p1a: Magnezone|0 fnt\n|-enditem|p1a: Magnezone|Air Balloon\n|faint|p1a: Magnezone\n|-ability|p2a: Xurkitree|Beast Boost|boost\n|-boost|p2a: Xurkitree|spa|1\n|\n|upkeep\n|\n|t:|1699644282\n|switch|p1a: Scizor|Scizor, M|100\/100\n|turn|17\n|\n|t:|1699644285\n|detailschange|p1a: Scizor|Scizor-Mega, M\n|-mega|p1a: Scizor|Scizor|Scizorite\n|move|p2a: Xurkitree|Thunderbolt|p1a: Scizor\n|-damage|p1a: Scizor|0 fnt\n|faint|p1a: Scizor\n|\n|win|221savage\n|raw|GreninjaFam's rating: 1486 &rarr; <strong>1460<\/strong><br \/>(-26 for losing)\n|raw|221savage's rating: 1377 &rarr; <strong>1403<\/strong><br \/>(+26 for winning)\n","uploadtime":1699644292,"views":4,"p1id":"greninjafam","p2id":"221savage","formatid":"gen9nationaldex","rating":1403,"private":0,"password":""}