{"id":"gen9nationaldex-1989240569","p1":"rigel509","p2":"WAILORDPLAYSMUCH","format":"[Gen 9] National Dex","log":"|j|\u2606rigel509\n|j|\u2606WAILORDPLAYSMUCH\n|t:|1699826974\n|gametype|singles\n|player|p1|rigel509|policeman|1645\n|player|p2|WAILORDPLAYSMUCH|candice|1664\n|teamsize|p1|6\n|teamsize|p2|6\n|gen|9\n|tier|[Gen 9] National Dex\n|rated|\n|rule|HP Percentage Mod: HP is shown in percentages\n|rule|Endless Battle Clause: Forcing endless battles is banned\n|rule|OHKO Clause: OHKO moves are banned\n|rule|Evasion Clause: Evasion abilities, items, and moves are banned\n|rule|Evasion Abilities Clause: Evasion abilities are banned\n|rule|Evasion Items Clause: Evasion items are banned\n|rule|Evasion Moves Clause: Evasion moves are banned\n|rule|Species Clause: Limit one of each Pok\u00e9mon\n|rule|Sleep Clause Mod: Limit one foe put to sleep\n|clearpoke\n|poke|p1|Marowak-Alola, F|\n|poke|p1|Cresselia, F|\n|poke|p1|Hatterene, F|\n|poke|p1|Porygon-Z|\n|poke|p1|Stakataka|\n|poke|p1|Mew|\n|poke|p2|Ribombee, F|\n|poke|p2|Iron Valiant|\n|poke|p2|Thundurus-Therian, M|\n|poke|p2|Diancie|\n|poke|p2|Ceruledge, F|\n|poke|p2|Volcarona, F|\n|teampreview\n|inactive|Battle timer is ON: inactive players will automatically lose when time's up. (requested by WAILORDPLAYSMUCH)\n|inactive|rigel509 also wants the timer to be on.\n|\n|t:|1699826978\n|start\n|switch|p1a: Mew|Mew|100\/100\n|switch|p2a: VALENTINA|Diancie|100\/100\n|turn|1\n|\n|t:|1699826985\n|detailschange|p2a: VALENTINA|Diancie-Mega\n|-mega|p2a: VALENTINA|Diancie|Diancite\n|move|p2a: VALENTINA|Stealth Rock|p1a: Mew\n|-sidestart|p1: rigel509|move: Stealth Rock\n|move|p1a: Mew|Trick Room|p1a: Mew\n|-fieldstart|move: Trick Room|[of] p1a: Mew\n|\n|upkeep\n|turn|2\n|\n|t:|1699826988\n|move|p1a: Mew|Defog|p2a: VALENTINA\n|move|p2a: VALENTINA|Defog|p1a: Mew|[from]ability: Magic Bounce\n|-unboost|p1a: Mew|evasion|1\n|-sideend|p1: rigel509|Stealth Rock|[from] move: Defog|[of] p2a: VALENTINA\n|move|p2a: VALENTINA|Moonblast|p1a: Mew\n|-damage|p1a: Mew|65\/100\n|-unboost|p1a: Mew|spa|1\n|\n|-heal|p1a: Mew|72\/100|[from] item: Leftovers\n|upkeep\n|turn|3\n|\n|t:|1699826990\n|switch|p1a: Stakataka|Stakataka|100\/100\n|move|p2a: VALENTINA|Stealth Rock|p1a: Stakataka\n|-sidestart|p1: rigel509|move: Stealth Rock\n|\n|upkeep\n|turn|4\n|\n|t:|1699826995\n|switch|p2a: Ribombee|Ribombee, F|100\/100\n|move|p1a: Stakataka|Gyro Ball|p2a: Ribombee\n|-supereffective|p2a: Ribombee\n|-enditem|p2a: Ribombee|Focus Sash\n|-damage|p2a: Ribombee|1\/100\n|-damage|p1a: Stakataka|91\/100|[from] item: Life Orb\n|\n|upkeep\n|turn|5\n|\n|t:|1699827001\n|move|p1a: Stakataka|Earthquake|p2a: Ribombee\n|-resisted|p2a: Ribombee\n|-damage|p2a: Ribombee|0 fnt\n|faint|p2a: Ribombee\n|-ability|p1a: Stakataka|Beast Boost|boost\n|-boost|p1a: Stakataka|atk|1\n|-damage|p1a: Stakataka|81\/100|[from] item: Life Orb\n|\n|-fieldend|move: Trick Room\n|upkeep\n|\n|t:|1699827006\n|switch|p2a: ENZO|Ceruledge, F|100\/100\n|turn|6\n|j| Lilm_mo1\n|\n|t:|1699827009\n|switch|p1a: Mew|Mew|72\/100\n|-damage|p1a: Mew|59\/100|[from] Stealth Rock\n|move|p2a: ENZO|Swords Dance|p2a: ENZO\n|-boost|p2a: ENZO|atk|2\n|\n|-heal|p1a: Mew|65\/100|[from] item: Leftovers\n|upkeep\n|turn|7\n|\n|t:|1699827013\n|move|p2a: ENZO|Poltergeist|p1a: Mew\n|-activate|p1a: Mew|move: Poltergeist|Leftovers\n|-supereffective|p1a: Mew\n|-damage|p1a: Mew|0 fnt\n|faint|p1a: Mew\n|\n|upkeep\n|\n|t:|1699827020\n|switch|p1a: Porygon-Z|Porygon-Z|100\/100\n|-damage|p1a: Porygon-Z|88\/100|[from] Stealth Rock\n|turn|8\n|\n|t:|1699827022\n|move|p2a: ENZO|Close Combat|p1a: Porygon-Z\n|-supereffective|p1a: Porygon-Z\n|-damage|p1a: Porygon-Z|0 fnt\n|-unboost|p2a: ENZO|def|1\n|-unboost|p2a: ENZO|spd|1\n|faint|p1a: Porygon-Z\n|\n|upkeep\n|c|\u2606WAILORDPLAYSMUCH|gg\n|\n|t:|1699827029\n|switch|p1a: Cresselia|Cresselia, F|100\/100\n|-damage|p1a: Cresselia|88\/100|[from] Stealth Rock\n|turn|9\n|\n|t:|1699827032\n|-terastallize|p1a: Cresselia|Dark\n|move|p2a: ENZO|Poltergeist|p1a: Cresselia\n|-activate|p1a: Cresselia|move: Poltergeist|Colbur Berry\n|-resisted|p1a: Cresselia\n|-damage|p1a: Cresselia|49\/100\n|move|p1a: Cresselia|Trick Room|p1a: Cresselia\n|-fieldstart|move: Trick Room|[of] p1a: Cresselia\n|\n|upkeep\n|turn|10\n|\n|t:|1699827041\n|-terastallize|p2a: ENZO|Fire\n|move|p1a: Cresselia|Moonblast|p2a: ENZO\n|-resisted|p2a: ENZO\n|-damage|p2a: ENZO|85\/100\n|move|p2a: ENZO|Bitter Blade|p1a: Cresselia\n|-damage|p1a: Cresselia|0 fnt\n|-heal|p2a: ENZO|100\/100|[from] drain|[of] p1a: Cresselia\n|faint|p1a: Cresselia\n|\n|upkeep\n|\n|t:|1699827046\n|switch|p1a: Marowak|Marowak-Alola, F|100\/100\n|-damage|p1a: Marowak|76\/100|[from] Stealth Rock\n|turn|11\n|\n|t:|1699827049\n|move|p1a: Marowak|Bonemerang|p2a: ENZO\n|-supereffective|p2a: ENZO\n|-enditem|p2a: ENZO|Focus Sash\n|-damage|p2a: ENZO|1\/100\n|-ability|p2a: ENZO|Weak Armor|boost\n|-unboost|p2a: ENZO|def|1\n|-boost|p2a: ENZO|spe|2\n|-supereffective|p2a: ENZO\n|-damage|p2a: ENZO|0 fnt\n|faint|p2a: ENZO\n|-hitcount|p2: ENZO|2\n|\n|upkeep\n|\n|t:|1699827054\n|switch|p2a: VALENTINA|Diancie-Mega|100\/100\n|turn|12\n|\n|t:|1699827059\n|switch|p2a: fuleco|Thundurus-Therian, M|100\/100\n|move|p1a: Marowak|Swords Dance|p1a: Marowak\n|-boost|p1a: Marowak|atk|2\n|\n|upkeep\n|turn|13\n|\n|t:|1699827063\n|switch|p2a: VALENTINA|Diancie-Mega|100\/100\n|move|p1a: Marowak|Poltergeist|p2a: VALENTINA\n|-activate|p2a: VALENTINA|move: Poltergeist|Diancite\n|-damage|p2a: VALENTINA|0 fnt\n|faint|p2a: VALENTINA\n|\n|-fieldend|move: Trick Room\n|upkeep\n|\n|t:|1699827077\n|switch|p2a: Iron Valiant|Iron Valiant|100\/100\n|-enditem|p2a: Iron Valiant|Booster Energy\n|-activate|p2a: Iron Valiant|ability: Quark Drive|[fromitem]\n|-start|p2a: Iron Valiant|quarkdrivespe\n|turn|14\n|\n|t:|1699827083\n|move|p2a: Iron Valiant|Psyshock|p1a: Marowak\n|-crit|p1a: Marowak\n|-damage|p1a: Marowak|36\/100\n|move|p1a: Marowak|Poltergeist||[still]\n|-fail|p1a: Marowak\n|\n|upkeep\n|turn|15\n|\n|t:|1699827087\n|move|p2a: Iron Valiant|Psyshock|p1a: Marowak\n|-damage|p1a: Marowak|9\/100\n|move|p1a: Marowak|Poltergeist||[still]\n|-fail|p1a: Marowak\n|\n|upkeep\n|turn|16\n|\n|t:|1699827093\n|move|p2a: Iron Valiant|Psyshock|p1a: Marowak\n|-damage|p1a: Marowak|0 fnt\n|faint|p1a: Marowak\n|\n|upkeep\n|\n|t:|1699827095\n|switch|p1a: Hatterene|Hatterene, F|100\/100\n|-damage|p1a: Hatterene|88\/100|[from] Stealth Rock\n|turn|17\n|\n|t:|1699827103\n|-end|p2a: Iron Valiant|Quark Drive|[silent]\n|switch|p2a: Volcarona|Volcarona, F|100\/100\n|move|p1a: Hatterene|Trick Room|p1a: Hatterene\n|-fieldstart|move: Trick Room|[of] p1a: Hatterene\n|\n|upkeep\n|turn|18\n|\n|t:|1699827107\n|move|p1a: Hatterene|Nuzzle|p2a: Volcarona\n|-damage|p2a: Volcarona|93\/100\n|-status|p2a: Volcarona|par\n|move|p2a: Volcarona|Giga Drain|p1a: Hatterene\n|-damage|p1a: Hatterene|69\/100\n|-heal|p2a: Volcarona|100\/100 par|[from] drain|[of] p1a: Hatterene\n|\n|upkeep\n|turn|19\n|\n|t:|1699827111\n|switch|p1a: Stakataka|Stakataka|81\/100\n|-damage|p1a: Stakataka|75\/100|[from] Stealth Rock\n|move|p2a: Volcarona|Giga Drain|p1a: Stakataka\n|-damage|p1a: Stakataka|47\/100\n|\n|upkeep\n|turn|20\n|\n|t:|1699827114\n|switch|p2a: Iron Valiant|Iron Valiant|100\/100\n|move|p1a: Stakataka|Stone Edge|p2a: Iron Valiant\n|-resisted|p2a: Iron Valiant\n|-damage|p2a: Iron Valiant|51\/100\n|-damage|p1a: Stakataka|37\/100|[from] item: Life Orb\n|\n|upkeep\n|turn|21\n|\n|t:|1699827119\n|-end|p2a: Iron Valiant|Quark Drive|[silent]\n|switch|p2a: fuleco|Thundurus-Therian, M|100\/100\n|move|p1a: Stakataka|Gyro Ball|p2a: fuleco\n|-resisted|p2a: fuleco\n|-damage|p2a: fuleco|11\/100\n|-damage|p1a: Stakataka|27\/100|[from] item: Life Orb\n|\n|-fieldend|move: Trick Room\n|upkeep\n|turn|22\n|\n|t:|1699827122\n|switch|p1a: Hatterene|Hatterene, F|69\/100\n|-damage|p1a: Hatterene|57\/100|[from] Stealth Rock\n|move|p2a: fuleco|Thunderbolt|p1a: Hatterene\n|-damage|p1a: Hatterene|18\/100\n|\n|upkeep\n|turn|23\n|\n|t:|1699827125\n|move|p2a: fuleco|Thunderbolt|p1a: Hatterene\n|-damage|p1a: Hatterene|0 fnt\n|faint|p1a: Hatterene\n|\n|upkeep\n|-message|rigel509 forfeited.\n|\n|win|WAILORDPLAYSMUCH\n|raw|rigel509's rating: 1645 &rarr; <strong>1627<\/strong><br \/>(-18 for losing)\n|raw|WAILORDPLAYSMUCH's rating: 1677 &rarr; <strong>1695<\/strong><br \/>(+18 for winning)\n|l|\u2606rigel509\n|l| Lilm_mo1\n","uploadtime":1699827949,"views":5,"p1id":"rigel509","p2id":"wailordplaysmuch","formatid":"gen9nationaldex","rating":1627,"private":0,"password":""}