{"id":"gen9nationaldex-1996226761","p1":"yzsddd","p2":"magicgril","format":"[Gen 9] National Dex","log":"|html|<div class=\"broadcast-blue\"><strong>[Gen 9] National Dex is currently suspecting Sneasler! For information on how to participate check out the <a href=\"https:\/\/www.smogon.com\/forums\/threads\/sv-national-dex-suspect-8-just-dance.3731534\/\">suspect thread<\/a>.<\/strong><\/div>\n|j|\u2606yzsddd\n|j|\u2606magicgril\n|t:|1700661449\n|gametype|singles\n|player|p1|yzsddd|dawn|1138\n|player|p2|magicgril|iono|1246\n|teamsize|p1|6\n|teamsize|p2|6\n|gen|9\n|tier|[Gen 9] National Dex\n|rated|\n|rule|HP Percentage Mod: HP is shown in percentages\n|rule|Endless Battle Clause: Forcing endless battles is banned\n|rule|OHKO Clause: OHKO moves are banned\n|rule|Evasion Clause: Evasion abilities, items, and moves are banned\n|rule|Evasion Abilities Clause: Evasion abilities are banned\n|rule|Evasion Items Clause: Evasion items are banned\n|rule|Evasion Moves Clause: Evasion moves are banned\n|rule|Species Clause: Limit one of each Pok\u00e9mon\n|rule|Sleep Clause Mod: Limit one foe put to sleep\n|clearpoke\n|poke|p1|Tentacruel, M|\n|poke|p1|Ferrothorn, M|\n|poke|p1|Pelipper, F|\n|poke|p1|Rotom-Mow|\n|poke|p1|Golisopod, M|\n|poke|p1|Ludicolo, F|\n|poke|p2|Garchomp, M|\n|poke|p2|Ferrothorn, F|\n|poke|p2|Lopunny, M|\n|poke|p2|Moltres|\n|poke|p2|Slowking-Galar, F|\n|poke|p2|Kyurem|\n|teampreview\n|j| 0m3g4 H03nn\n|\n|t:|1700661465\n|start\n|switch|p1a: Ludicolo|Ludicolo, F|100\/100\n|switch|p2a: Lopunny|Lopunny, M|100\/100\n|turn|1\n|\n|t:|1700661469\n|detailschange|p2a: Lopunny|Lopunny-Mega, M\n|-mega|p2a: Lopunny|Lopunny|Lopunnite\n|move|p2a: Lopunny|Fake Out|p1a: Ludicolo\n|-damage|p1a: Ludicolo|66\/100\n|cant|p1a: Ludicolo|flinch\n|\n|upkeep\n|turn|2\n|\n|t:|1700661473\n|switch|p1a: Ferrothorn|Ferrothorn, M|100\/100\n|move|p2a: Lopunny|U-turn|p1a: Ferrothorn\n|-damage|p1a: Ferrothorn|84\/100\n|-damage|p2a: Lopunny|88\/100|[from] ability: Iron Barbs|[of] p1a: Ferrothorn\n|\n|t:|1700661477\n|switch|p2a: Moltres|Moltres|100\/100|[from] U-turn\n|\n|-heal|p1a: Ferrothorn|90\/100|[from] item: Leftovers\n|upkeep\n|turn|3\n|\n|t:|1700661483\n|move|p1a: Ferrothorn|Protect|p1a: Ferrothorn\n|-singleturn|p1a: Ferrothorn|Protect\n|move|p2a: Moltres|Flamethrower|p1a: Ferrothorn\n|-activate|p1a: Ferrothorn|move: Protect\n|\n|-heal|p1a: Ferrothorn|96\/100|[from] item: Leftovers\n|upkeep\n|turn|4\n|\n|t:|1700661492\n|switch|p1a: Pelipper|Pelipper, F|100\/100\n|-weather|RainDance|[from] ability: Drizzle|[of] p1a: Pelipper\n|move|p2a: Moltres|Flamethrower|p1a: Pelipper\n|-resisted|p1a: Pelipper\n|-damage|p1a: Pelipper|88\/100\n|\n|-weather|RainDance|[upkeep]\n|upkeep\n|turn|5\n|\n|t:|1700661505\n|switch|p2a: Kyurem|Kyurem|100\/100\n|-ability|p2a: Kyurem|Pressure\n|move|p1a: Pelipper|Hurricane|p2a: Kyurem\n|-damage|p2a: Kyurem|53\/100\n|\n|-weather|RainDance|[upkeep]\n|upkeep\n|turn|6\n|inactive|Battle timer is ON: inactive players will automatically lose when time's up. (requested by magicgril)\n|\n|t:|1700661515\n|move|p2a: Kyurem|Freeze-Dry|p1a: Pelipper\n|-supereffective|p1a: Pelipper\n|-damage|p1a: Pelipper|0 fnt\n|faint|p1a: Pelipper\n|\n|-weather|RainDance|[upkeep]\n|upkeep\n|\n|t:|1700661523\n|switch|p1a: Ludicolo|Ludicolo, F|66\/100\n|turn|7\n|\n|t:|1700661526\n|move|p1a: Ludicolo|Focus Blast|p2a: Kyurem\n|-supereffective|p2a: Kyurem\n|-damage|p2a: Kyurem|0 fnt\n|faint|p2a: Kyurem\n|\n|-weather|RainDance|[upkeep]\n|upkeep\n|\n|t:|1700661537\n|switch|p2a: Slowking|Slowking-Galar, F|100\/100\n|turn|8\n|\n|t:|1700661548\n|switch|p1a: Golisopod|Golisopod, M|100\/100\n|move|p2a: Slowking|Sludge Bomb|p1a: Golisopod\n|-damage|p1a: Golisopod|62\/100\n|\n|-weather|RainDance|[upkeep]\n|upkeep\n|turn|9\n|\n|t:|1700661557\n|switch|p2a: Ferrothorn|Ferrothorn, F|100\/100\n|move|p1a: Golisopod|First Impression|p2a: Ferrothorn\n|-damage|p2a: Ferrothorn|63\/100\n|-damage|p1a: Golisopod|50\/100|[from] ability: Iron Barbs|[of] p2a: Ferrothorn\n|-activate|p1a: Golisopod|ability: Emergency Exit\n|-damage|p1a: Golisopod|40\/100|[from] item: Life Orb\n|\n|t:|1700661561\n|switch|p1a: Ludicolo|Ludicolo, F|66\/100\n|\n|-weather|RainDance|[upkeep]\n|-heal|p2a: Ferrothorn|69\/100|[from] item: Leftovers\n|upkeep\n|turn|10\n|\n|t:|1700661566\n|move|p1a: Ludicolo|Hydro Pump|p2a: Ferrothorn\n|-resisted|p2a: Ferrothorn\n|-damage|p2a: Ferrothorn|28\/100\n|move|p2a: Ferrothorn|Thunder Wave|p1a: Ludicolo\n|-status|p1a: Ludicolo|par\n|\n|-weather|RainDance|[upkeep]\n|-heal|p2a: Ferrothorn|34\/100|[from] item: Leftovers\n|upkeep\n|turn|11\n|\n|t:|1700661576\n|move|p1a: Ludicolo|Hydro Pump|p2a: Ferrothorn\n|-resisted|p2a: Ferrothorn\n|-damage|p2a: Ferrothorn|0 fnt\n|faint|p2a: Ferrothorn\n|\n|-weather|none\n|upkeep\n|\n|t:|1700661581\n|switch|p2a: Lopunny|Lopunny-Mega, M|88\/100\n|turn|12\n|\n|t:|1700661585\n|switch|p1a: Ferrothorn|Ferrothorn, M|96\/100\n|move|p2a: Lopunny|Fake Out|p1a: Ferrothorn\n|-resisted|p1a: Ferrothorn\n|-damage|p1a: Ferrothorn|89\/100\n|-damage|p2a: Lopunny|76\/100|[from] ability: Iron Barbs|[of] p1a: Ferrothorn\n|\n|-heal|p1a: Ferrothorn|95\/100|[from] item: Leftovers\n|upkeep\n|turn|13\n|\n|t:|1700661590\n|switch|p2a: Moltres|Moltres|100\/100\n|move|p1a: Ferrothorn|Protect||[still]\n|-fail|p1a: Ferrothorn\n|\n|-heal|p1a: Ferrothorn|100\/100|[from] item: Leftovers\n|upkeep\n|turn|14\n|\n|t:|1700661593\n|switch|p1a: Tentacruel|Tentacruel, M|100\/100\n|move|p2a: Moltres|Flamethrower|p1a: Tentacruel\n|-resisted|p1a: Tentacruel\n|-damage|p1a: Tentacruel|86\/100\n|\n|-heal|p1a: Tentacruel|92\/100|[from] item: Black Sludge\n|upkeep\n|turn|15\n|\n|t:|1700661599\n|move|p1a: Tentacruel|Scald|p2a: Moltres\n|-supereffective|p2a: Moltres\n|-damage|p2a: Moltres|56\/100\n|move|p2a: Moltres|Scorching Sands|p1a: Tentacruel\n|-supereffective|p1a: Tentacruel\n|-damage|p1a: Tentacruel|65\/100\n|\n|-heal|p1a: Tentacruel|71\/100|[from] item: Black Sludge\n|upkeep\n|turn|16\n|\n|t:|1700661610\n|switch|p2a: Slowking|Slowking-Galar, F|100\/100\n|move|p1a: Tentacruel|Scald|p2a: Slowking\n|-damage|p2a: Slowking|86\/100\n|\n|-heal|p1a: Tentacruel|77\/100|[from] item: Black Sludge\n|upkeep\n|turn|17\n|\n|t:|1700661617\n|move|p1a: Tentacruel|Protect|p1a: Tentacruel\n|-singleturn|p1a: Tentacruel|Protect\n|move|p2a: Slowking|Future Sight|p1a: Tentacruel\n|-start|p2a: Slowking|move: Future Sight\n|\n|-heal|p1a: Tentacruel|83\/100|[from] item: Black Sludge\n|upkeep\n|turn|18\n|\n|t:|1700661625\n|move|p1a: Tentacruel|Scald|p2a: Slowking\n|-damage|p2a: Slowking|73\/100\n|move|p2a: Slowking|Slack Off|p2a: Slowking\n|-heal|p2a: Slowking|100\/100\n|\n|-heal|p1a: Tentacruel|89\/100|[from] item: Black Sludge\n|upkeep\n|turn|19\n|\n|t:|1700661634\n|switch|p1a: Ferrothorn|Ferrothorn, M|100\/100\n|move|p2a: Slowking|Sludge Bomb|p1a: Ferrothorn\n|-immune|p1a: Ferrothorn\n|\n|-end|p1a: Ferrothorn|move: Future Sight\n|-resisted|p1a: Ferrothorn\n|-damage|p1a: Ferrothorn|84\/100\n|-heal|p1a: Ferrothorn|90\/100|[from] item: Leftovers\n|upkeep\n|turn|20\n|\n|t:|1700661642\n|switch|p2a: Moltres|Moltres|56\/100\n|move|p1a: Ferrothorn|Leech Seed|p2a: Moltres\n|-start|p2a: Moltres|move: Leech Seed\n|\n|-heal|p1a: Ferrothorn|96\/100|[from] item: Leftovers\n|-damage|p2a: Moltres|44\/100|[from] Leech Seed|[of] p1a: Ferrothorn\n|-heal|p1a: Ferrothorn|100\/100|[silent]\n|upkeep\n|turn|21\n|\n|t:|1700661648\n|move|p1a: Ferrothorn|Protect|p1a: Ferrothorn\n|-singleturn|p1a: Ferrothorn|Protect\n|move|p2a: Moltres|Roost|p2a: Moltres\n|-heal|p2a: Moltres|94\/100\n|-singleturn|p2a: Moltres|move: Roost\n|\n|-damage|p2a: Moltres|82\/100|[from] Leech Seed|[of] p1a: Ferrothorn\n|upkeep\n|turn|22\n|\n|t:|1700661652\n|switch|p1a: Tentacruel|Tentacruel, M|89\/100\n|move|p2a: Moltres|Flamethrower|p1a: Tentacruel\n|-resisted|p1a: Tentacruel\n|-damage|p1a: Tentacruel|76\/100\n|\n|-heal|p1a: Tentacruel|82\/100|[from] item: Black Sludge\n|-damage|p2a: Moltres|69\/100|[from] Leech Seed|[of] p1a: Tentacruel\n|-heal|p1a: Tentacruel|95\/100|[silent]\n|upkeep\n|turn|23\n|\n|t:|1700661660\n|switch|p2a: Slowking|Slowking-Galar, F|100\/100\n|move|p1a: Tentacruel|Scald|p2a: Slowking\n|-damage|p2a: Slowking|88\/100\n|-status|p2a: Slowking|brn\n|\n|-heal|p1a: Tentacruel|100\/100|[from] item: Black Sludge\n|-damage|p2a: Slowking|82\/100 brn|[from] brn\n|upkeep\n|turn|24\n|\n|t:|1700661672\n|switch|p1a: Ferrothorn|Ferrothorn, M|100\/100\n|move|p2a: Slowking|Slack Off|p2a: Slowking\n|-heal|p2a: Slowking|100\/100 brn\n|\n|-damage|p2a: Slowking|94\/100 brn|[from] brn\n|upkeep\n|turn|25\n|\n|t:|1700661683\n|switch|p2a: Moltres|Moltres|69\/100\n|move|p1a: Ferrothorn|Gyro Ball|p2a: Moltres\n|-resisted|p2a: Moltres\n|-damage|p2a: Moltres|49\/100\n|-status|p1a: Ferrothorn|brn|[from] ability: Flame Body|[of] p2a: Moltres\n|\n|-damage|p1a: Ferrothorn|94\/100 brn|[from] brn\n|upkeep\n|turn|26\n|l|\u2606magicgril\n|inactive|magicgril disconnected and has a minute to reconnect!\n|player|p2|\n|j|\u2606magicgril\n|inactive|magicgril reconnected and has 125 seconds left.\n|player|p2|magicgril|iono\n|inactive|magicgril has 120 seconds left.\n|\n|t:|1700661731\n|switch|p1a: Tentacruel|Tentacruel, M|100\/100\n|move|p2a: Moltres|Flamethrower|p1a: Tentacruel\n|-resisted|p1a: Tentacruel\n|-damage|p1a: Tentacruel|86\/100\n|\n|-heal|p1a: Tentacruel|92\/100|[from] item: Black Sludge\n|upkeep\n|turn|27\n|\n|t:|1700661744\n|-terastallize|p2a: Moltres|Water\n|move|p1a: Tentacruel|Toxic|p2a: Moltres\n|-status|p2a: Moltres|tox\n|move|p2a: Moltres|Roost|p2a: Moltres\n|-heal|p2a: Moltres|99\/100 tox\n|\n|-heal|p1a: Tentacruel|98\/100|[from] item: Black Sludge\n|-damage|p2a: Moltres|93\/100 tox|[from] psn\n|upkeep\n|turn|28\n|\n|t:|1700661755\n|switch|p1a: Rotom|Rotom-Mow|100\/100\n|switch|p2a: Garchomp|Garchomp, M|100\/100\n|\n|upkeep\n|turn|29\n|inactive|magicgril has 120 seconds left.\n|\n|t:|1700661762\n|move|p2a: Garchomp|Swords Dance|p2a: Garchomp\n|-boost|p2a: Garchomp|atk|2\n|move|p1a: Rotom|Will-O-Wisp|p2a: Garchomp\n|-status|p2a: Garchomp|brn\n|\n|-damage|p2a: Garchomp|94\/100 brn|[from] brn\n|upkeep\n|turn|30\n|\n|t:|1700661767\n|-zpower|p2a: Garchomp\n|move|p2a: Garchomp|Devastating Drake|p1a: Rotom|[zeffect]\n|-damage|p1a: Rotom|0 fnt\n|faint|p1a: Rotom\n|\n|-damage|p2a: Garchomp|88\/100 brn|[from] brn\n|upkeep\n|\n|t:|1700661776\n|switch|p1a: Ludicolo|Ludicolo, F|66\/100 par\n|turn|31\n|\n|t:|1700661783\n|move|p2a: Garchomp|Earthquake|p1a: Ludicolo\n|-resisted|p1a: Ludicolo\n|-damage|p1a: Ludicolo|26\/100 par\n|move|p1a: Ludicolo|Hydro Pump|p2a: Garchomp\n|-damage|p2a: Garchomp|10\/100 brn\n|\n|-damage|p2a: Garchomp|4\/100 brn|[from] brn\n|upkeep\n|turn|32\n|\n|t:|1700661790\n|move|p2a: Garchomp|Earthquake|p1a: Ludicolo\n|-resisted|p1a: Ludicolo\n|-damage|p1a: Ludicolo|0 fnt\n|faint|p1a: Ludicolo\n|\n|-damage|p2a: Garchomp|0 fnt|[from] brn\n|faint|p2a: Garchomp\n|upkeep\n|\n|t:|1700661795\n|switch|p2a: Moltres|Moltres, tera:Water|93\/100 tox\n|switch|p1a: Golisopod|Golisopod, M|40\/100\n|turn|33\n|\n|t:|1700661802\n|move|p1a: Golisopod|First Impression|p2a: Moltres\n|-damage|p2a: Moltres|49\/100 tox\n|-status|p1a: Golisopod|brn|[from] ability: Flame Body|[of] p2a: Moltres\n|-damage|p1a: Golisopod|30\/100 brn|[from] item: Life Orb\n|move|p2a: Moltres|Flamethrower|p1a: Golisopod\n|-damage|p1a: Golisopod|0 fnt\n|faint|p1a: Golisopod\n|\n|-damage|p2a: Moltres|43\/100 tox|[from] psn\n|upkeep\n|\n|t:|1700661808\n|switch|p1a: Ferrothorn|Ferrothorn, M|94\/100 brn\n|turn|34\n|\n|t:|1700661812\n|move|p1a: Ferrothorn|Protect|p1a: Ferrothorn\n|-singleturn|p1a: Ferrothorn|Protect\n|move|p2a: Moltres|Flamethrower|p1a: Ferrothorn\n|-activate|p1a: Ferrothorn|move: Protect\n|\n|-heal|p1a: Ferrothorn|100\/100 brn|[from] item: Leftovers\n|-damage|p2a: Moltres|31\/100 tox|[from] psn\n|-damage|p1a: Ferrothorn|94\/100 brn|[from] brn\n|upkeep\n|turn|35\n|\n|t:|1700661816\n|switch|p1a: Tentacruel|Tentacruel, M|98\/100\n|move|p2a: Moltres|Flamethrower|p1a: Tentacruel\n|-resisted|p1a: Tentacruel\n|-crit|p1a: Tentacruel\n|-damage|p1a: Tentacruel|76\/100\n|\n|-heal|p1a: Tentacruel|82\/100|[from] item: Black Sludge\n|-damage|p2a: Moltres|13\/100 tox|[from] psn\n|upkeep\n|turn|36\n|\n|t:|1700661821\n|move|p1a: Tentacruel|Scald|p2a: Moltres\n|-resisted|p2a: Moltres\n|-damage|p2a: Moltres|0 fnt\n|faint|p2a: Moltres\n|\n|-heal|p1a: Tentacruel|88\/100|[from] item: Black Sludge\n|upkeep\n|\n|t:|1700661824\n|switch|p2a: Lopunny|Lopunny-Mega, M|76\/100\n|turn|37\n|\n|t:|1700661827\n|move|p1a: Tentacruel|Protect|p1a: Tentacruel\n|-singleturn|p1a: Tentacruel|Protect\n|move|p2a: Lopunny|Fake Out|p1a: Tentacruel\n|-activate|p1a: Tentacruel|move: Protect\n|\n|-heal|p1a: Tentacruel|94\/100|[from] item: Black Sludge\n|upkeep\n|turn|38\n|\n|t:|1700661837\n|move|p2a: Lopunny|Close Combat|p1a: Tentacruel\n|-resisted|p1a: Tentacruel\n|-damage|p1a: Tentacruel|61\/100\n|-unboost|p2a: Lopunny|def|1\n|-unboost|p2a: Lopunny|spd|1\n|move|p1a: Tentacruel|Scald|p2a: Lopunny\n|-damage|p2a: Lopunny|30\/100\n|\n|-heal|p1a: Tentacruel|67\/100|[from] item: Black Sludge\n|upkeep\n|turn|39\n|\n|t:|1700661848\n|switch|p1a: Ferrothorn|Ferrothorn, M|94\/100 brn\n|move|p2a: Lopunny|U-turn|p1a: Ferrothorn\n|-damage|p1a: Ferrothorn|77\/100 brn\n|-damage|p2a: Lopunny|18\/100|[from] ability: Iron Barbs|[of] p1a: Ferrothorn\n|\n|t:|1700661855\n|switch|p2a: Slowking|Slowking-Galar, F|100\/100 brn|[from] U-turn\n|\n|-heal|p1a: Ferrothorn|83\/100 brn|[from] item: Leftovers\n|-damage|p2a: Slowking|94\/100 brn|[from] brn\n|-damage|p1a: Ferrothorn|77\/100 brn|[from] brn\n|upkeep\n|turn|40\n|\n|t:|1700661859\n|move|p2a: Slowking|Future Sight|p1a: Ferrothorn\n|-start|p2a: Slowking|move: Future Sight\n|move|p1a: Ferrothorn|Leech Seed|p2a: Slowking\n|-start|p2a: Slowking|move: Leech Seed\n|\n|-heal|p1a: Ferrothorn|83\/100 brn|[from] item: Leftovers\n|-damage|p2a: Slowking|82\/100 brn|[from] Leech Seed|[of] p1a: Ferrothorn\n|-heal|p1a: Ferrothorn|97\/100 brn|[silent]\n|-damage|p2a: Slowking|76\/100 brn|[from] brn\n|-damage|p1a: Ferrothorn|91\/100 brn|[from] brn\n|upkeep\n|turn|41\n|\n|t:|1700661866\n|switch|p2a: Lopunny|Lopunny-Mega, M|18\/100\n|move|p1a: Ferrothorn|Gyro Ball|p2a: Lopunny\n|-damage|p2a: Lopunny|0 fnt\n|faint|p2a: Lopunny\n|\n|-heal|p1a: Ferrothorn|97\/100 brn|[from] item: Leftovers\n|-damage|p1a: Ferrothorn|91\/100 brn|[from] brn\n|upkeep\n|\n|t:|1700661869\n|switch|p2a: Slowking|Slowking-Galar, F|100\/100 brn\n|turn|42\n|-message|magicgril forfeited.\n|\n|win|yzsddd\n|raw|yzsddd's rating: 1138 &rarr; <strong>1171<\/strong><br \/>(+33 for winning)\n|raw|magicgril's rating: 1246 &rarr; <strong>1213<\/strong><br \/>(-33 for losing)\n|l|\u2606magicgril\n","uploadtime":1700661883,"views":21,"p1id":"yzsddd","p2id":"magicgril","formatid":"gen9nationaldex","rating":1171,"private":0,"password":""}