{"id":"gen9nationaldex-1988272436","p1":"Rotviel","p2":"quiteghost","format":"[Gen 9] National Dex","log":"|j|\u2606Rotviel\n|j|\u2606quiteghost\n|t:|1699699173\n|gametype|singles\n|player|p1|Rotviel|policeman-gen4|1290\n|player|p2|quiteghost|caitlin-masters|1462\n|teamsize|p1|6\n|teamsize|p2|6\n|gen|9\n|tier|[Gen 9] National Dex\n|rated|\n|rule|HP Percentage Mod: HP is shown in percentages\n|rule|Endless Battle Clause: Forcing endless battles is banned\n|rule|OHKO Clause: OHKO moves are banned\n|rule|Evasion Clause: Evasion abilities, items, and moves are banned\n|rule|Evasion Abilities Clause: Evasion abilities are banned\n|rule|Evasion Items Clause: Evasion items are banned\n|rule|Evasion Moves Clause: Evasion moves are banned\n|rule|Species Clause: Limit one of each Pok\u00e9mon\n|rule|Sleep Clause Mod: Limit one foe put to sleep\n|clearpoke\n|poke|p1|Blaziken, M|\n|poke|p1|Scizor, M|\n|poke|p1|Hatterene, F|\n|poke|p1|Samurott-Hisui, M|\n|poke|p1|Rotom-Wash|\n|poke|p1|Clodsire, F|\n|poke|p2|Ribombee, F|\n|poke|p2|Gallade, M|\n|poke|p2|Tsareena, F|\n|poke|p2|Kingdra, F|\n|poke|p2|Armaldo, M|\n|poke|p2|Feraligatr, F|\n|teampreview\n|inactive|Battle timer is ON: inactive players will automatically lose when time's up. (requested by Rotviel)\n|\n|t:|1699699178\n|start\n|switch|p1a: Samurott|Samurott-Hisui, M|100\/100\n|switch|p2a: Ribombee|Ribombee, F|100\/100\n|turn|1\n|\n|t:|1699699185\n|switch|p1a: Hatterene|Hatterene, F|100\/100\n|move|p2a: Ribombee|Moonblast|p1a: Hatterene\n|-damage|p1a: Hatterene|60\/100\n|\n|-heal|p1a: Hatterene|66\/100|[from] item: Leftovers\n|upkeep\n|turn|2\n|\n|t:|1699699196\n|move|p2a: Ribombee|Moonblast|p1a: Hatterene\n|-damage|p1a: Hatterene|22\/100\n|-unboost|p1a: Hatterene|spa|1\n|move|p1a: Hatterene|Mystical Fire|p2a: Ribombee\n|-supereffective|p2a: Ribombee\n|-damage|p2a: Ribombee|31\/100\n|-unboost|p2a: Ribombee|spa|1\n|\n|-heal|p1a: Hatterene|28\/100|[from] item: Leftovers\n|upkeep\n|turn|3\n|\n|t:|1699699211\n|switch|p1a: Scizor|Scizor, M|100\/100\n|move|p2a: Ribombee|Moonblast|p1a: Scizor\n|-resisted|p1a: Scizor\n|-damage|p1a: Scizor|83\/100\n|-unboost|p1a: Scizor|spa|1\n|\n|upkeep\n|turn|4\n|\n|t:|1699699221\n|switch|p2a: Feraligatr|Feraligatr, F|100\/100\n|detailschange|p1a: Scizor|Scizor-Mega, M\n|-mega|p1a: Scizor|Scizor|Scizorite\n|move|p1a: Scizor|Bullet Punch|p2a: Feraligatr\n|-resisted|p2a: Feraligatr\n|-damage|p2a: Feraligatr|81\/100\n|\n|upkeep\n|turn|5\n|\n|t:|1699699229\n|move|p2a: Feraligatr|Liquidation|p1a: Scizor\n|-crit|p1a: Scizor\n|-damage|p1a: Scizor|8\/100\n|move|p1a: Scizor|Knock Off|p2a: Feraligatr\n|-damage|p2a: Feraligatr|38\/100\n|-enditem|p2a: Feraligatr|Life Orb|[from] move: Knock Off|[of] p1a: Scizor\n|\n|upkeep\n|turn|6\n|\n|t:|1699699239\n|switch|p1a: Samurott|Samurott-Hisui, M|100\/100\n|move|p2a: Feraligatr|Ice Punch|p1a: Samurott\n|-resisted|p1a: Samurott\n|-damage|p1a: Samurott|82\/100\n|\n|-heal|p1a: Samurott|88\/100|[from] item: Leftovers\n|upkeep\n|turn|7\n|\n|t:|1699699248\n|move|p1a: Samurott|Ceaseless Edge|p2a: Feraligatr\n|-damage|p2a: Feraligatr|0 fnt\n|-sidestart|p2: quiteghost|Spikes\n|faint|p2a: Feraligatr\n|\n|-heal|p1a: Samurott|94\/100|[from] item: Leftovers\n|upkeep\n|l|\u2606quiteghost\n|inactive|quiteghost disconnected and has a minute to reconnect!\n|player|p2|\n|inactive|quiteghost has 30 seconds to reconnect!\n|inactive|quiteghost has 20 seconds to reconnect!\n|j|\u2606quiteghost\n|inactive|quiteghost reconnected and has 90 seconds left.\n|player|p2|quiteghost|caitlin-masters\n|\n|t:|1699699323\n|switch|p2a: Gallade|Gallade, M|100\/100\n|-damage|p2a: Gallade|88\/100|[from] Spikes\n|turn|8\n|\n|t:|1699699333\n|detailschange|p2a: Gallade|Gallade-Mega, M\n|-mega|p2a: Gallade|Gallade|Galladite\n|move|p2a: Gallade|Close Combat|p1a: Samurott\n|-supereffective|p1a: Samurott\n|-damage|p1a: Samurott|0 fnt\n|-unboost|p2a: Gallade|def|1\n|-unboost|p2a: Gallade|spd|1\n|faint|p1a: Samurott\n|\n|upkeep\n|\n|t:|1699699346\n|switch|p1a: Hatterene|Hatterene, F|28\/100\n|turn|9\n|\n|t:|1699699350\n|move|p2a: Gallade|Knock Off|p1a: Hatterene\n|-damage|p1a: Hatterene|0 fnt\n|-enditem|p1a: Hatterene|Leftovers|[from] move: Knock Off|[of] p2a: Gallade\n|faint|p1a: Hatterene\n|\n|upkeep\n|\n|t:|1699699356\n|switch|p1a: Scizor|Scizor-Mega, M|8\/100\n|turn|10\n|\n|t:|1699699360\n|move|p1a: Scizor|Bullet Punch|p2a: Gallade\n|-damage|p2a: Gallade|16\/100\n|move|p2a: Gallade|Knock Off|p1a: Scizor\n|-damage|p1a: Scizor|0 fnt\n|faint|p1a: Scizor\n|\n|upkeep\n|\n|t:|1699699367\n|switch|p1a: Rotom|Rotom-Wash|100\/100\n|turn|11\n|\n|t:|1699699371\n|switch|p2a: Tsareena|Tsareena, F|100\/100\n|move|p1a: Rotom|Volt Switch|p2a: Tsareena\n|-resisted|p2a: Tsareena\n|-damage|p2a: Tsareena|84\/100\n|\n|t:|1699699378\n|switch|p1a: Blaziken|Blaziken, M|100\/100|[from] Volt Switch\n|\n|upkeep\n|turn|12\n|\n|t:|1699699383\n|move|p1a: Blaziken|Swords Dance|p1a: Blaziken\n|-boost|p1a: Blaziken|atk|2\n|move|p2a: Tsareena|High Jump Kick|p1a: Blaziken|[miss]\n|-miss|p2a: Tsareena|p1a: Blaziken\n|-damage|p2a: Tsareena|34\/100|[from] highjumpkick\n|\n|-ability|p1a: Blaziken|Speed Boost|boost\n|-boost|p1a: Blaziken|spe|1\n|upkeep\n|turn|13\n|\n|t:|1699699394\n|move|p1a: Blaziken|Thunder Punch|p2a: Tsareena\n|-resisted|p2a: Tsareena\n|-damage|p2a: Tsareena|2\/100\n|-damage|p1a: Blaziken|91\/100|[from] item: Life Orb\n|move|p2a: Tsareena|High Jump Kick|p1a: Blaziken\n|-damage|p1a: Blaziken|24\/100\n|\n|-ability|p1a: Blaziken|Speed Boost|boost\n|-boost|p1a: Blaziken|spe|1\n|upkeep\n|turn|14\n|\n|t:|1699699404\n|move|p1a: Blaziken|Thunder Punch|p2a: Tsareena\n|-resisted|p2a: Tsareena\n|-damage|p2a: Tsareena|0 fnt\n|faint|p2a: Tsareena\n|-damage|p1a: Blaziken|14\/100|[from] item: Life Orb\n|\n|-ability|p1a: Blaziken|Speed Boost|boost\n|-boost|p1a: Blaziken|spe|1\n|upkeep\n|\n|t:|1699699407\n|switch|p2a: Armaldo|Armaldo, M|100\/100\n|turn|15\n|\n|t:|1699699416\n|move|p1a: Blaziken|Close Combat|p2a: Armaldo\n|-damage|p2a: Armaldo|0 fnt\n|-unboost|p1a: Blaziken|def|1\n|-unboost|p1a: Blaziken|spd|1\n|faint|p2a: Armaldo\n|-damage|p1a: Blaziken|4\/100|[from] item: Life Orb\n|\n|-ability|p1a: Blaziken|Speed Boost|boost\n|-boost|p1a: Blaziken|spe|1\n|upkeep\n|\n|t:|1699699424\n|switch|p2a: Ribombee|Ribombee, F|31\/100\n|-damage|p2a: Ribombee|19\/100|[from] Spikes\n|turn|16\n|\n|t:|1699699431\n|move|p1a: Blaziken|Thunder Punch|p2a: Ribombee\n|-damage|p2a: Ribombee|0 fnt\n|faint|p2a: Ribombee\n|-damage|p1a: Blaziken|0 fnt|[from] item: Life Orb\n|faint|p1a: Blaziken\n|\n|upkeep\n|\n|t:|1699699439\n|switch|p2a: Kingdra|Kingdra, F|100\/100\n|switch|p1a: Clodsire|Clodsire, F|100\/100\n|-damage|p2a: Kingdra|88\/100|[from] Spikes\n|turn|17\n|\n|t:|1699699446\n|-terastallize|p1a: Clodsire|Water\n|move|p2a: Kingdra|Surf|p1a: Clodsire\n|-resisted|p1a: Clodsire\n|-damage|p1a: Clodsire|89\/100\n|move|p1a: Clodsire|Toxic|p2a: Kingdra\n|-status|p2a: Kingdra|tox\n|\n|-heal|p1a: Clodsire|95\/100|[from] item: Leftovers\n|-damage|p2a: Kingdra|82\/100 tox|[from] psn\n|upkeep\n|turn|18\n|\n|t:|1699699459\n|move|p2a: Kingdra|Focus Energy|p2a: Kingdra\n|-start|p2a: Kingdra|move: Focus Energy\n|move|p1a: Clodsire|Earthquake|p2a: Kingdra\n|-damage|p2a: Kingdra|50\/100 tox\n|\n|-heal|p1a: Clodsire|100\/100|[from] item: Leftovers\n|-damage|p2a: Kingdra|37\/100 tox|[from] psn\n|upkeep\n|turn|19\n|\n|t:|1699699468\n|move|p2a: Kingdra|Draco Meteor|p1a: Clodsire\n|-crit|p1a: Clodsire\n|-damage|p1a: Clodsire|33\/100\n|-unboost|p2a: Kingdra|spa|2\n|move|p1a: Clodsire|Gunk Shot|p2a: Kingdra\n|-damage|p2a: Kingdra|0 fnt\n|faint|p2a: Kingdra\n|\n|-heal|p1a: Clodsire|39\/100|[from] item: Leftovers\n|upkeep\n|\n|t:|1699699472\n|switch|p2a: Gallade|Gallade-Mega, M|16\/100\n|-damage|p2a: Gallade|3\/100|[from] Spikes\n|turn|20\n|\n|t:|1699699483\n|move|p2a: Gallade|Close Combat|p1a: Clodsire\n|-damage|p1a: Clodsire|0 fnt\n|-unboost|p2a: Gallade|def|1\n|-unboost|p2a: Gallade|spd|1\n|faint|p1a: Clodsire\n|\n|upkeep\n|\n|t:|1699699490\n|switch|p1a: Rotom|Rotom-Wash|100\/100\n|turn|21\n|\n|t:|1699699493\n|move|p2a: Gallade|Close Combat|p1a: Rotom\n|-damage|p1a: Rotom|0 fnt\n|-unboost|p2a: Gallade|def|1\n|-unboost|p2a: Gallade|spd|1\n|faint|p1a: Rotom\n|\n|win|quiteghost\n|raw|Rotviel's rating: 1290 &rarr; <strong>1276<\/strong><br \/>(-14 for losing)\n|raw|quiteghost's rating: 1462 &rarr; <strong>1473<\/strong><br \/>(+11 for winning)\n","uploadtime":1699699502,"views":7,"p1id":"rotviel","p2id":"quiteghost","formatid":"gen9nationaldex","rating":1276,"private":0,"password":""}