{"id":"gen9nationaldex-1993257077","p1":"Papi Smurfioliette","p2":"coolmanchew666","format":"[Gen 9] National Dex","log":"|j|\u2606Papi Smurfioliette\n|j|\u2606coolmanchew666\n|t:|1700285344\n|gametype|singles\n|player|p1|Papi Smurfioliette|boarder|1160\n|player|p2|coolmanchew666|sabrina|1093\n|teamsize|p1|6\n|teamsize|p2|6\n|gen|9\n|tier|[Gen 9] National Dex\n|rated|\n|rule|HP Percentage Mod: HP is shown in percentages\n|rule|Endless Battle Clause: Forcing endless battles is banned\n|rule|OHKO Clause: OHKO moves are banned\n|rule|Evasion Clause: Evasion abilities, items, and moves are banned\n|rule|Evasion Abilities Clause: Evasion abilities are banned\n|rule|Evasion Items Clause: Evasion items are banned\n|rule|Evasion Moves Clause: Evasion moves are banned\n|rule|Species Clause: Limit one of each Pok\u00e9mon\n|rule|Sleep Clause Mod: Limit one foe put to sleep\n|clearpoke\n|poke|p1|Zoroark-Hisui, F|\n|poke|p1|Spinda, M|\n|poke|p1|Sinistcha|\n|poke|p1|Ceruledge, F|\n|poke|p1|Diancie|\n|poke|p1|Gliscor, F|\n|poke|p2|Golurk|\n|poke|p2|Maushold-Four|\n|poke|p2|Chimecho, F|\n|poke|p2|Ninetales, F|\n|poke|p2|Bellossom, M|\n|poke|p2|Wailord, F|\n|teampreview\n|inactive|Battle timer is ON: inactive players will automatically lose when time's up. (requested by Papi Smurfioliette)\n|\n|t:|1700285350\n|start\n|switch|p1a: Diamond|Diancie|100\/100\n|switch|p2a: Golurk|Golurk|100\/100\n|turn|1\n|\n|t:|1700285359\n|detailschange|p1a: Diamond|Diancie-Mega\n|-mega|p1a: Diamond|Diancie|Diancite\n|move|p2a: Golurk|Magic Coat|p2a: Golurk\n|-singleturn|p2a: Golurk|move: Magic Coat\n|move|p1a: Diamond|Diamond Storm|p2a: Golurk\n|-resisted|p2a: Golurk\n|-damage|p2a: Golurk|73\/100\n|\n|upkeep\n|turn|2\n|\n|t:|1700285369\n|move|p1a: Diamond|Spikes|p2a: Golurk\n|-sidestart|p2: coolmanchew666|Spikes\n|move|p2a: Golurk|Trick||[still]\n|-fail|p2a: Golurk\n|\n|upkeep\n|turn|3\n|\n|t:|1700285374\n|move|p2a: Golurk|Magic Coat|p2a: Golurk\n|-singleturn|p2a: Golurk|move: Magic Coat\n|move|p1a: Diamond|Spikes|p2a: Golurk\n|move|p2a: Golurk|Spikes|p1a: Diamond|[from]Magic Coat\n|-sidestart|p1: Papi Smurfioliette|Spikes\n|\n|upkeep\n|turn|4\n|\n|t:|1700285382\n|move|p2a: Golurk|Magic Coat|p2a: Golurk\n|-singleturn|p2a: Golurk|move: Magic Coat\n|move|p1a: Diamond|Diamond Storm|p2a: Golurk\n|-resisted|p2a: Golurk\n|-damage|p2a: Golurk|46\/100\n|\n|upkeep\n|turn|5\n|\n|t:|1700285388\n|move|p2a: Golurk|Magic Coat|p2a: Golurk\n|-singleturn|p2a: Golurk|move: Magic Coat\n|move|p1a: Diamond|Draining Kiss|p2a: Golurk\n|-damage|p2a: Golurk|26\/100\n|\n|upkeep\n|turn|6\n|\n|t:|1700285392\n|move|p1a: Diamond|Diamond Storm|p2a: Golurk|[miss]\n|-miss|p1a: Diamond|p2a: Golurk\n|move|p2a: Golurk|Shadow Punch|p1a: Diamond\n|-damage|p1a: Diamond|71\/100\n|\n|upkeep\n|turn|7\n|\n|t:|1700285399\n|move|p1a: Diamond|Spikes|p2a: Golurk\n|-sidestart|p2: coolmanchew666|Spikes\n|move|p2a: Golurk|Earthquake|p1a: Diamond\n|-supereffective|p1a: Diamond\n|-damage|p1a: Diamond|0 fnt\n|faint|p1a: Diamond\n|\n|upkeep\n|\n|t:|1700285403\n|switch|p1a: Spinny|Spinda, M|100\/100\n|-damage|p1a: Spinny|88\/100|[from] Spikes\n|turn|8\n|\n|t:|1700285408\n|move|p2a: Golurk|Magic Coat|p2a: Golurk\n|-singleturn|p2a: Golurk|move: Magic Coat\n|move|p1a: Spinny|Psychic|p2a: Golurk\n|-damage|p2a: Golurk|12\/100\n|-heal|p1a: Spinny|91\/100|[from] item: Shell Bell|[of] p2a: Golurk\n|\n|upkeep\n|turn|9\n|\n|t:|1700285414\n|move|p1a: Spinny|Psychic|p2a: Golurk\n|-damage|p2a: Golurk|0 fnt\n|faint|p2a: Golurk\n|-heal|p1a: Spinny|92\/100|[from] item: Shell Bell|[of] p2: Golurk\n|\n|upkeep\n|\n|t:|1700285419\n|switch|p2a: Maushold|Maushold-Four|100\/100\n|-damage|p2a: Maushold|84\/100|[from] Spikes\n|turn|10\n|\n|t:|1700285424\n|move|p2a: Maushold|Protect|p2a: Maushold\n|-singleturn|p2a: Maushold|Protect\n|move|p1a: Spinny|Superpower|p2a: Maushold\n|-activate|p2a: Maushold|move: Protect\n|\n|upkeep\n|turn|11\n|\n|t:|1700285430\n|move|p2a: Maushold|Copycat|p2a: Maushold\n|move|p2a: Maushold|Superpower|p1a: Spinny|[from]move: Copycat\n|-supereffective|p1a: Spinny\n|-damage|p1a: Spinny|0 fnt\n|-unboost|p2a: Maushold|atk|1\n|-unboost|p2a: Maushold|def|1\n|faint|p1a: Spinny\n|\n|upkeep\n|\n|t:|1700285434\n|switch|p1a: Matcha|Sinistcha|100\/100\n|-damage|p1a: Matcha|88\/100|[from] Spikes\n|turn|12\n|\n|t:|1700285440\n|move|p2a: Maushold|Protect|p2a: Maushold\n|-singleturn|p2a: Maushold|Protect\n|move|p1a: Matcha|Matcha Gotcha|p2a: Maushold\n|-activate|p2a: Maushold|move: Protect\n|\n|-heal|p1a: Matcha|94\/100|[from] item: Leftovers\n|upkeep\n|turn|13\n|\n|t:|1700285449\n|move|p2a: Maushold|Population Bomb|p1a: Matcha\n|-immune|p1a: Matcha\n|move|p1a: Matcha|Matcha Gotcha|p2a: Maushold\n|-crit|p2a: Maushold\n|-damage|p2a: Maushold|0 fnt\n|-heal|p1a: Matcha|100\/100|[from] drain|[of] p2a: Maushold\n|faint|p2a: Maushold\n|\n|upkeep\n|\n|t:|1700285459\n|switch|p2a: Ninetales|Ninetales, F|100\/100\n|-damage|p2a: Ninetales|84\/100|[from] Spikes\n|-weather|SunnyDay|[from] ability: Drought|[of] p2a: Ninetales\n|turn|14\n|\n|t:|1700285466\n|move|p2a: Ninetales|Nasty Plot|p2a: Ninetales\n|-boost|p2a: Ninetales|spa|2\n|move|p1a: Matcha|Calm Mind|p1a: Matcha\n|-boost|p1a: Matcha|spa|1\n|-boost|p1a: Matcha|spd|1\n|\n|-weather|SunnyDay|[upkeep]\n|-heal|p2a: Ninetales|90\/100|[from] item: Leftovers\n|upkeep\n|turn|15\n|\n|t:|1700285476\n|move|p2a: Ninetales|Fire Blast|p1a: Matcha\n|-supereffective|p1a: Matcha\n|-damage|p1a: Matcha|0 fnt\n|faint|p1a: Matcha\n|\n|-weather|SunnyDay|[upkeep]\n|-heal|p2a: Ninetales|96\/100|[from] item: Leftovers\n|upkeep\n|\n|t:|1700285482\n|switch|p1a: Sharp|Gliscor, F|100\/100\n|turn|16\n|\n|t:|1700285491\n|-terastallize|p1a: Sharp|Water\n|move|p2a: Ninetales|Solar Beam||[still]\n|-prepare|p2a: Ninetales|Solar Beam\n|-anim|p2a: Ninetales|Solar Beam|p1a: Sharp\n|-supereffective|p1a: Sharp\n|-damage|p1a: Sharp|0 fnt\n|faint|p1a: Sharp\n|\n|-weather|SunnyDay|[upkeep]\n|-heal|p2a: Ninetales|100\/100|[from] item: Leftovers\n|upkeep\n|\n|t:|1700285496\n|switch|p1a: Ceruledge|Ceruledge, F|100\/100\n|-damage|p1a: Ceruledge|88\/100|[from] Spikes\n|turn|17\n|n|!coolmanchew666|coolmanchew666\n|\n|t:|1700285516\n|switch|p2a: Wailord|Wailord, F|100\/100\n|-damage|p2a: Wailord|84\/100|[from] Spikes\n|move|p1a: Ceruledge|Poltergeist|p2a: Wailord\n|-activate|p2a: Wailord|move: Poltergeist|Chesto Berry\n|-damage|p2a: Wailord|12\/100\n|\n|-weather|SunnyDay|[upkeep]\n|upkeep\n|turn|18\n|\n|t:|1700285529\n|move|p1a: Ceruledge|Facade|p2a: Wailord\n|-damage|p2a: Wailord|0 fnt\n|faint|p2a: Wailord\n|\n|-weather|none\n|upkeep\n|\n|t:|1700285533\n|switch|p2a: Chimecho|Chimecho, F|100\/100\n|turn|19\n|\n|t:|1700285536\n|move|p1a: Ceruledge|Poltergeist|p2a: Chimecho\n|-activate|p2a: Chimecho|move: Poltergeist|Focus Sash\n|-supereffective|p2a: Chimecho\n|-enditem|p2a: Chimecho|Focus Sash\n|-damage|p2a: Chimecho|1\/100\n|move|p2a: Chimecho|Yawn|p1a: Ceruledge\n|-start|p1a: Ceruledge|move: Yawn|[of] p2a: Chimecho\n|\n|upkeep\n|turn|20\n|\n|t:|1700285545\n|move|p1a: Ceruledge|Bitter Blade|p2a: Chimecho\n|-damage|p2a: Chimecho|0 fnt\n|-heal|p1a: Ceruledge|88\/100|[from] drain|[of] p2a: Chimecho\n|faint|p2a: Chimecho\n|\n|-end|p1a: Ceruledge|move: Yawn|[silent]\n|-status|p1a: Ceruledge|slp\n|upkeep\n|\n|t:|1700285556\n|switch|p2a: Ninetales|Ninetales, F|100\/100\n|-damage|p2a: Ninetales|84\/100|[from] Spikes\n|-weather|SunnyDay|[from] ability: Drought|[of] p2a: Ninetales\n|turn|21\n|\n|t:|1700285562\n|move|p2a: Ninetales|Fire Blast|p1a: Ceruledge\n|-resisted|p1a: Ceruledge\n|-damage|p1a: Ceruledge|51\/100 slp\n|cant|p1a: Ceruledge|slp\n|\n|-weather|SunnyDay|[upkeep]\n|-heal|p2a: Ninetales|90\/100|[from] item: Leftovers\n|upkeep\n|turn|22\n|\n|t:|1700285569\n|move|p2a: Ninetales|Fire Blast|p1a: Ceruledge\n|-resisted|p1a: Ceruledge\n|-damage|p1a: Ceruledge|15\/100 slp\n|cant|p1a: Ceruledge|slp\n|\n|-weather|SunnyDay|[upkeep]\n|-heal|p2a: Ninetales|96\/100|[from] item: Leftovers\n|upkeep\n|turn|23\n|\n|t:|1700285576\n|move|p2a: Ninetales|Fire Blast|p1a: Ceruledge\n|-resisted|p1a: Ceruledge\n|-damage|p1a: Ceruledge|0 fnt\n|faint|p1a: Ceruledge\n|\n|-weather|SunnyDay|[upkeep]\n|-heal|p2a: Ninetales|100\/100|[from] item: Leftovers\n|upkeep\n|\n|t:|1700285579\n|switch|p1a: Zoroark|Zoroark-Hisui, F|100\/100\n|turn|24\n|\n|t:|1700285585\n|move|p2a: Ninetales|Will-O-Wisp|p1a: Zoroark|[miss]\n|-miss|p2a: Ninetales|p1a: Zoroark\n|move|p1a: Zoroark|Bitter Malice|p2a: Ninetales\n|-damage|p2a: Ninetales|61\/100\n|-unboost|p2a: Ninetales|atk|1\n|\n|-weather|SunnyDay|[upkeep]\n|-heal|p2a: Ninetales|67\/100|[from] item: Leftovers\n|upkeep\n|turn|25\n|\n|t:|1700285595\n|move|p1a: Zoroark|Detect|p1a: Zoroark\n|-singleturn|p1a: Zoroark|Protect\n|move|p2a: Ninetales|Solar Beam||[still]\n|-prepare|p2a: Ninetales|Solar Beam\n|-anim|p2a: Ninetales|Solar Beam|p1a: Zoroark\n|-activate|p1a: Zoroark|move: Protect\n|\n|-weather|none\n|-heal|p2a: Ninetales|73\/100|[from] item: Leftovers\n|upkeep\n|turn|26\n|\n|t:|1700285599\n|move|p2a: Ninetales|Solar Beam||[still]\n|-prepare|p2a: Ninetales|Solar Beam\n|move|p1a: Zoroark|Bitter Malice|p2a: Ninetales\n|-damage|p2a: Ninetales|34\/100\n|-unboost|p2a: Ninetales|atk|1\n|\n|-heal|p2a: Ninetales|40\/100|[from] item: Leftovers\n|upkeep\n|turn|27\n|\n|t:|1700285606\n|move|p2a: Ninetales|Solar Beam|p1a: Zoroark|[from]lockedmove\n|-damage|p1a: Zoroark|37\/100\n|move|p1a: Zoroark|Bitter Malice|p2a: Ninetales\n|-damage|p2a: Ninetales|2\/100\n|-unboost|p2a: Ninetales|atk|1\n|\n|-heal|p2a: Ninetales|8\/100|[from] item: Leftovers\n|upkeep\n|turn|28\n|\n|t:|1700285617\n|move|p2a: Ninetales|Fire Blast|p1a: Zoroark\n|-damage|p1a: Zoroark|0 fnt\n|faint|p1a: Zoroark\n|\n|win|coolmanchew666\n|raw|Papi Smurfioliette's rating: 1160 &rarr; <strong>1130<\/strong><br \/>(-30 for losing)\n|raw|coolmanchew666's rating: 1093 &rarr; <strong>1124<\/strong><br \/>(+31 for winning)\n","uploadtime":1700285502,"views":6,"p1id":"papismurfioliette","p2id":"coolmanchew666","formatid":"gen9nationaldex","rating":1124,"private":0,"password":""}