{"id":"gen9nationaldex-1997617679","p1":"chenym114514","p2":"TPD JOHTO","format":"[Gen 9] National Dex","log":"|html|<div class=\"broadcast-blue\"><strong>[Gen 9] National Dex is currently suspecting Sneasler! For information on how to participate check out the <a href=\"https:\/\/www.smogon.com\/forums\/threads\/sv-national-dex-suspect-8-just-dance.3731534\/\">suspect thread<\/a>.<\/strong><\/div>\n|j|\u2606chenym114514\n|j|\u2606TPD JOHTO\n|t:|1700833594\n|gametype|singles\n|player|p1|chenym114514|wallace|1543\n|player|p2|TPD JOHTO|drayden|1509\n|teamsize|p1|6\n|teamsize|p2|6\n|gen|9\n|tier|[Gen 9] National Dex\n|rated|\n|rule|HP Percentage Mod: HP is shown in percentages\n|rule|Endless Battle Clause: Forcing endless battles is banned\n|rule|OHKO Clause: OHKO moves are banned\n|rule|Evasion Clause: Evasion abilities, items, and moves are banned\n|rule|Evasion Abilities Clause: Evasion abilities are banned\n|rule|Evasion Items Clause: Evasion items are banned\n|rule|Evasion Moves Clause: Evasion moves are banned\n|rule|Species Clause: Limit one of each Pok\u00e9mon\n|rule|Sleep Clause Mod: Limit one foe put to sleep\n|clearpoke\n|poke|p1|Pelipper, F|\n|poke|p1|Swampert, M|\n|poke|p1|Zapdos|\n|poke|p1|Greninja-*, M|\n|poke|p1|Ogerpon-Wellspring, F|\n|poke|p1|Scizor, F|\n|poke|p2|Raikou|\n|poke|p2|Suicune|\n|poke|p2|Entei|\n|poke|p2|Tyranitar, F|\n|poke|p2|Celebi|\n|poke|p2|Skarmory, F|\n|teampreview\n|c|\u2606TPD JOHTO|Glhf\n|inactive|Battle timer is ON: inactive players will automatically lose when time's up. (requested by chenym114514)\n|\n|t:|1700833617\n|start\n|switch|p1a: Pelipper|Pelipper, F, shiny|100\/100\n|switch|p2a: Kubo|Raikou, shiny|100\/100\n|-ability|p2a: Kubo|Pressure\n|-weather|RainDance|[from] ability: Drizzle|[of] p1a: Pelipper\n|turn|1\n|\n|t:|1700833626\n|switch|p1a: Swampert|Swampert, M, shiny|100\/100\n|move|p2a: Kubo|Substitute|p2a: Kubo\n|-start|p2a: Kubo|Substitute\n|-damage|p2a: Kubo|76\/100\n|\n|-weather|RainDance|[upkeep]\n|-heal|p2a: Kubo|82\/100|[from] item: Leftovers\n|upkeep\n|turn|2\n|\n|t:|1700833637\n|detailschange|p1a: Swampert|Swampert-Mega, M, shiny\n|-mega|p1a: Swampert|Swampert|Swampertite\n|move|p2a: Kubo|Protect|p2a: Kubo\n|-singleturn|p2a: Kubo|Protect\n|move|p1a: Swampert|Waterfall|p2a: Kubo\n|-activate|p2a: Kubo|move: Protect\n|\n|-weather|RainDance|[upkeep]\n|-heal|p2a: Kubo|88\/100|[from] item: Leftovers\n|upkeep\n|turn|3\n|\n|t:|1700833648\n|move|p1a: Swampert|Waterfall|p2a: Kubo\n|-end|p2a: Kubo|Substitute\n|move|p2a: Kubo|Substitute|p2a: Kubo\n|-start|p2a: Kubo|Substitute\n|-damage|p2a: Kubo|63\/100\n|\n|-weather|RainDance|[upkeep]\n|-heal|p2a: Kubo|69\/100|[from] item: Leftovers\n|upkeep\n|turn|4\n|\n|t:|1700833654\n|move|p2a: Kubo|Protect|p2a: Kubo\n|-singleturn|p2a: Kubo|Protect\n|move|p1a: Swampert|Waterfall|p2a: Kubo\n|-activate|p2a: Kubo|move: Protect\n|\n|-weather|RainDance|[upkeep]\n|-heal|p2a: Kubo|76\/100|[from] item: Leftovers\n|upkeep\n|turn|5\n|\n|t:|1700833659\n|move|p1a: Swampert|Waterfall|p2a: Kubo\n|-end|p2a: Kubo|Substitute\n|move|p2a: Kubo|Substitute|p2a: Kubo\n|-start|p2a: Kubo|Substitute\n|-damage|p2a: Kubo|51\/100\n|\n|-weather|RainDance|[upkeep]\n|-heal|p2a: Kubo|57\/100|[from] item: Leftovers\n|upkeep\n|turn|6\n|\n|t:|1700833667\n|move|p2a: Kubo|Protect|p2a: Kubo\n|-singleturn|p2a: Kubo|Protect\n|move|p1a: Swampert|Stealth Rock|p2a: Kubo\n|-sidestart|p2: TPD JOHTO|move: Stealth Rock\n|\n|-weather|RainDance|[upkeep]\n|-heal|p2a: Kubo|63\/100|[from] item: Leftovers\n|upkeep\n|turn|7\n|\n|t:|1700833677\n|move|p1a: Swampert|Waterfall|p2a: Kubo\n|-end|p2a: Kubo|Substitute\n|move|p2a: Kubo|Substitute|p2a: Kubo\n|-start|p2a: Kubo|Substitute\n|-damage|p2a: Kubo|38\/100\n|\n|-weather|RainDance|[upkeep]\n|-heal|p2a: Kubo|44\/100|[from] item: Leftovers\n|upkeep\n|turn|8\n|\n|t:|1700833693\n|move|p1a: Swampert|Flip Turn|p2a: Kubo\n|-end|p2a: Kubo|Substitute\n|\n|t:|1700833698\n|switch|p1a: Scizor|Scizor, F|100\/100|[from] Flip Turn\n|move|p2a: Kubo|Scald|p1a: Scizor\n|-damage|p1a: Scizor|60\/100\n|\n|-weather|none\n|-heal|p2a: Kubo|51\/100|[from] item: Leftovers\n|upkeep\n|turn|9\n|\n|t:|1700833708\n|switch|p2a: Scissors|Skarmory, F, shiny|100\/100\n|-damage|p2a: Scissors|88\/100|[from] Stealth Rock\n|move|p1a: Scizor|U-turn|p2a: Scissors\n|-resisted|p2a: Scissors\n|-damage|p2a: Scissors|83\/100\n|-damage|p1a: Scizor|44\/100|[from] item: Rocky Helmet|[of] p2a: Scissors\n|\n|t:|1700833716\n|switch|p1a: Zapdos|Zapdos, shiny|100\/100|[from] U-turn\n|\n|upkeep\n|turn|10\n|\n|t:|1700833740\n|-terastallize|p2a: Scissors|Dragon\n|move|p1a: Zapdos|Thunder|p2a: Scissors|[miss]\n|-miss|p1a: Zapdos|p2a: Scissors\n|move|p2a: Scissors|Defog|p1a: Zapdos\n|-unboost|p1a: Zapdos|evasion|1\n|-sideend|p2: TPD JOHTO|Stealth Rock|[from] move: Defog|[of] p2a: Scissors\n|\n|upkeep\n|turn|11\n|\n|t:|1700833755\n|switch|p2a: Kubo|Raikou, shiny|51\/100\n|-ability|p2a: Kubo|Pressure\n|-terastallize|p1a: Zapdos|Flying\n|move|p1a: Zapdos|Hurricane|p2a: Kubo\n|-resisted|p2a: Kubo\n|-damage|p2a: Kubo|20\/100\n|\n|-heal|p2a: Kubo|26\/100|[from] item: Leftovers\n|upkeep\n|turn|12\n|\n|t:|1700833769\n|switch|p1a: Scizor|Scizor, F|44\/100\n|move|p2a: Kubo|Protect||[still]\n|-fail|p2a: Kubo\n|\n|-heal|p2a: Kubo|33\/100|[from] item: Leftovers\n|upkeep\n|turn|13\n|\n|t:|1700833780\n|switch|p2a: Scissors|Skarmory, F, shiny, tera:Dragon|83\/100\n|move|p1a: Scizor|U-turn|p2a: Scissors\n|-damage|p2a: Scissors|58\/100\n|-damage|p1a: Scizor|27\/100|[from] item: Rocky Helmet|[of] p2a: Scissors\n|\n|t:|1700833785\n|switch|p1a: Greninja|Greninja, M|100\/100|[from] U-turn\n|\n|upkeep\n|turn|14\n|\n|t:|1700833789\n|switch|p2a: Rock|Tyranitar, F, shiny|100\/100\n|-weather|Sandstorm|[from] ability: Sand Stream|[of] p2a: Rock\n|move|p1a: Greninja|Ice Beam|p2a: Rock\n|-damage|p2a: Rock|88\/100\n|-damage|p1a: Greninja|91\/100|[from] item: Life Orb\n|\n|-weather|Sandstorm|[upkeep]\n|-damage|p1a: Greninja|85\/100|[from] Sandstorm\n|-heal|p2a: Rock|94\/100|[from] item: Leftovers\n|upkeep\n|turn|15\n|\n|t:|1700833803\n|switch|p1a: Swampert|Swampert-Mega, M, shiny|100\/100\n|move|p2a: Rock|Stealth Rock|p1a: Swampert\n|-sidestart|p1: chenym114514|move: Stealth Rock\n|\n|-weather|Sandstorm|[upkeep]\n|-heal|p2a: Rock|99\/100|[from] item: Leftovers\n|upkeep\n|turn|16\n|\n|t:|1700833812\n|switch|p2a: Moose|Suicune, shiny|100\/100\n|-ability|p2a: Moose|Pressure\n|move|p1a: Swampert|Waterfall|p2a: Moose\n|-resisted|p2a: Moose\n|-damage|p2a: Moose|86\/100\n|\n|-weather|Sandstorm|[upkeep]\n|-damage|p2a: Moose|80\/100|[from] Sandstorm\n|-heal|p2a: Moose|86\/100|[from] item: Leftovers\n|upkeep\n|turn|17\n|\n|t:|1700833823\n|switch|p2a: Scissors|Skarmory, F, shiny, tera:Dragon|58\/100\n|move|p1a: Swampert|Flip Turn|p2a: Scissors\n|-resisted|p2a: Scissors\n|-damage|p2a: Scissors|46\/100\n|-damage|p1a: Swampert|84\/100|[from] item: Rocky Helmet|[of] p2a: Scissors\n|\n|t:|1700833834\n|switch|p1a: Greninja|Greninja, M|85\/100|[from] Flip Turn\n|-damage|p1a: Greninja|72\/100|[from] Stealth Rock\n|\n|-weather|Sandstorm|[upkeep]\n|-damage|p1a: Greninja|66\/100|[from] Sandstorm\n|-damage|p2a: Scissors|40\/100|[from] Sandstorm\n|upkeep\n|turn|18\n|\n|t:|1700833843\n|switch|p2a: Moose|Suicune, shiny|86\/100\n|-ability|p2a: Moose|Pressure\n|move|p1a: Greninja|Hydro Pump|p2a: Moose\n|-resisted|p2a: Moose\n|-damage|p2a: Moose|64\/100\n|-damage|p1a: Greninja|57\/100|[from] item: Life Orb\n|\n|-weather|none\n|-heal|p2a: Moose|70\/100|[from] item: Leftovers\n|upkeep\n|turn|19\n|\n|t:|1700833861\n|switch|p2a: Rock|Tyranitar, F, shiny|99\/100\n|-weather|Sandstorm|[from] ability: Sand Stream|[of] p2a: Rock\n|move|p1a: Greninja|Dark Pulse|p2a: Rock\n|-resisted|p2a: Rock\n|-damage|p2a: Rock|91\/100\n|-damage|p1a: Greninja|47\/100|[from] item: Life Orb\n|\n|-weather|Sandstorm|[upkeep]\n|-damage|p1a: Greninja|41\/100|[from] Sandstorm\n|-heal|p2a: Rock|97\/100|[from] item: Leftovers\n|upkeep\n|turn|20\n|\n|t:|1700833873\n|move|p1a: Greninja|Hydro Pump|p2a: Rock\n|-supereffective|p2a: Rock\n|-damage|p2a: Rock|41\/100\n|-damage|p1a: Greninja|31\/100|[from] item: Life Orb\n|move|p2a: Rock|Pursuit|p1a: Greninja\n|-resisted|p1a: Greninja\n|-damage|p1a: Greninja|16\/100\n|\n|-weather|Sandstorm|[upkeep]\n|-damage|p1a: Greninja|10\/100|[from] Sandstorm\n|-heal|p2a: Rock|48\/100|[from] item: Leftovers\n|upkeep\n|turn|21\n|\n|t:|1700833886\n|switch|p2a: Moose|Suicune, shiny|70\/100\n|-ability|p2a: Moose|Pressure\n|move|p1a: Greninja|Hydro Pump|p2a: Moose|[miss]\n|-miss|p1a: Greninja|p2a: Moose\n|\n|-weather|Sandstorm|[upkeep]\n|-damage|p1a: Greninja|4\/100|[from] Sandstorm\n|-damage|p2a: Moose|64\/100|[from] Sandstorm\n|-heal|p2a: Moose|70\/100|[from] item: Leftovers\n|upkeep\n|turn|22\n|\n|t:|1700833907\n|move|p1a: Greninja|Dark Pulse|p2a: Moose\n|-damage|p2a: Moose|34\/100\n|-damage|p1a: Greninja|0 fnt|[from] item: Life Orb\n|faint|p1a: Greninja\n|move|p2a: Moose|Rest|p2a: Moose\n|-status|p2a: Moose|slp|[from] move: Rest\n|-heal|p2a: Moose|100\/100 slp|[silent]\n|\n|-weather|Sandstorm|[upkeep]\n|-damage|p2a: Moose|94\/100 slp|[from] Sandstorm\n|-heal|p2a: Moose|100\/100 slp|[from] item: Leftovers\n|upkeep\n|\n|t:|1700833917\n|switch|p1a: Ogerpon|Ogerpon-Wellspring, F|100\/100\n|-damage|p1a: Ogerpon|88\/100|[from] Stealth Rock\n|turn|23\n|\n|t:|1700833924\n|switch|p2a: Scissors|Skarmory, F, shiny, tera:Dragon|40\/100\n|move|p1a: Ogerpon|Swords Dance|p1a: Ogerpon\n|-boost|p1a: Ogerpon|atk|2\n|\n|-weather|none\n|upkeep\n|turn|24\n|\n|t:|1700833935\n|move|p1a: Ogerpon|Ivy Cudgel|p2a: Scissors|[anim] Ivy Cudgel Water\n|-resisted|p2a: Scissors\n|-damage|p2a: Scissors|3\/100\n|move|p2a: Scissors|Whirlwind|p1a: Ogerpon\n|drag|p1a: Swampert|Swampert-Mega, M, shiny|84\/100\n|-damage|p1a: Swampert|78\/100|[from] Stealth Rock\n|\n|upkeep\n|turn|25\n|\n|t:|1700833957\n|move|p1a: Swampert|Earthquake|p2a: Scissors\n|-damage|p2a: Scissors|0 fnt\n|faint|p2a: Scissors\n|\n|upkeep\n|\n|t:|1700833962\n|switch|p2a: Paper|Celebi|100\/100\n|turn|26\n|\n|t:|1700833973\n|move|p1a: Swampert|Flip Turn|p2a: Paper\n|-resisted|p2a: Paper\n|-damage|p2a: Paper|87\/100\n|\n|t:|1700833978\n|switch|p1a: Zapdos|Zapdos, shiny, tera:Flying|100\/100|[from] Flip Turn\n|move|p2a: Paper|Psychic|p1a: Zapdos\n|-damage|p1a: Zapdos|67\/100\n|\n|-heal|p2a: Paper|93\/100|[from] item: Leftovers\n|upkeep\n|turn|27\n|\n|t:|1700833991\n|switch|p2a: Rock|Tyranitar, F, shiny|48\/100\n|-weather|Sandstorm|[from] ability: Sand Stream|[of] p2a: Rock\n|move|p1a: Zapdos|Hurricane|p2a: Rock\n|-resisted|p2a: Rock\n|-damage|p2a: Rock|32\/100\n|\n|-weather|Sandstorm|[upkeep]\n|-damage|p1a: Zapdos|61\/100|[from] Sandstorm\n|-heal|p2a: Rock|38\/100|[from] item: Leftovers\n|upkeep\n|turn|28\n|\n|t:|1700833999\n|switch|p1a: Swampert|Swampert-Mega, M, shiny|78\/100\n|-damage|p1a: Swampert|72\/100|[from] Stealth Rock\n|move|p2a: Rock|Rest|p2a: Rock\n|-status|p2a: Rock|slp|[from] move: Rest\n|-heal|p2a: Rock|100\/100 slp|[silent]\n|\n|-weather|Sandstorm|[upkeep]\n|upkeep\n|turn|29\n|\n|t:|1700834012\n|switch|p2a: Paper|Celebi|93\/100\n|move|p1a: Swampert|Stealth Rock|p2a: Paper\n|-sidestart|p2: TPD JOHTO|move: Stealth Rock\n|\n|-weather|Sandstorm|[upkeep]\n|-damage|p2a: Paper|87\/100|[from] Sandstorm\n|-heal|p2a: Paper|93\/100|[from] item: Leftovers\n|upkeep\n|turn|30\n|\n|t:|1700834020\n|move|p1a: Swampert|Waterfall|p2a: Paper\n|-resisted|p2a: Paper\n|-damage|p2a: Paper|77\/100\n|move|p2a: Paper|Heal Bell|p2a: Paper\n|-activate|p2a: Paper|move: Heal Bell\n|-curestatus|p2: Rock|slp|[msg]\n|-curestatus|p2: Moose|slp|[msg]\n|\n|-weather|Sandstorm|[upkeep]\n|-damage|p2a: Paper|71\/100|[from] Sandstorm\n|-heal|p2a: Paper|77\/100|[from] item: Leftovers\n|upkeep\n|turn|31\n|\n|t:|1700834027\n|move|p1a: Swampert|Flip Turn|p2a: Paper\n|-resisted|p2a: Paper\n|-damage|p2a: Paper|64\/100\n|\n|t:|1700834032\n|switch|p1a: Zapdos|Zapdos, shiny, tera:Flying|61\/100|[from] Flip Turn\n|move|p2a: Paper|Giga Drain|p1a: Zapdos\n|-resisted|p1a: Zapdos\n|-damage|p1a: Zapdos|47\/100\n|-heal|p2a: Paper|70\/100|[from] drain|[of] p1a: Zapdos\n|\n|-weather|none\n|-heal|p2a: Paper|76\/100|[from] item: Leftovers\n|upkeep\n|turn|32\n|\n|t:|1700834040\n|switch|p2a: Rock|Tyranitar, F, shiny|100\/100\n|-damage|p2a: Rock|88\/100|[from] Stealth Rock\n|-weather|Sandstorm|[from] ability: Sand Stream|[of] p2a: Rock\n|move|p1a: Zapdos|Thunder|p2a: Rock|[miss]\n|-miss|p1a: Zapdos|p2a: Rock\n|\n|-weather|Sandstorm|[upkeep]\n|-damage|p1a: Zapdos|41\/100|[from] Sandstorm\n|-heal|p2a: Rock|94\/100|[from] item: Leftovers\n|upkeep\n|turn|33\n|\n|t:|1700834049\n|move|p1a: Zapdos|Thunder|p2a: Rock|[miss]\n|-miss|p1a: Zapdos|p2a: Rock\n|move|p2a: Rock|Pursuit|p1a: Zapdos\n|-damage|p1a: Zapdos|23\/100\n|-status|p2a: Rock|par|[from] ability: Static|[of] p1a: Zapdos\n|\n|-weather|Sandstorm|[upkeep]\n|-damage|p1a: Zapdos|17\/100|[from] Sandstorm\n|-heal|p2a: Rock|100\/100 par|[from] item: Leftovers\n|upkeep\n|turn|34\n|\n|t:|1700834057\n|move|p1a: Zapdos|Thunder|p2a: Rock\n|-damage|p2a: Rock|78\/100 par\n|move|p2a: Rock|Pursuit|p1a: Zapdos\n|-damage|p1a: Zapdos|0 fnt\n|faint|p1a: Zapdos\n|\n|-weather|Sandstorm|[upkeep]\n|-heal|p2a: Rock|84\/100 par|[from] item: Leftovers\n|upkeep\n|\n|t:|1700834068\n|switch|p1a: Ogerpon|Ogerpon-Wellspring, F|88\/100\n|-damage|p1a: Ogerpon|76\/100|[from] Stealth Rock\n|turn|35\n|\n|t:|1700834071\n|move|p1a: Ogerpon|Swords Dance|p1a: Ogerpon\n|-boost|p1a: Ogerpon|atk|2\n|move|p2a: Rock|Roar|p1a: Ogerpon\n|drag|p1a: Pelipper|Pelipper, F, shiny|100\/100\n|-damage|p1a: Pelipper|76\/100|[from] Stealth Rock\n|-weather|RainDance|[from] ability: Drizzle|[of] p1a: Pelipper\n|\n|-weather|RainDance|[upkeep]\n|-heal|p2a: Rock|90\/100 par|[from] item: Leftovers\n|upkeep\n|turn|36\n|\n|t:|1700834086\n|switch|p2a: Kubo|Raikou, shiny|33\/100\n|-damage|p2a: Kubo|20\/100|[from] Stealth Rock\n|-ability|p2a: Kubo|Pressure\n|move|p1a: Pelipper|U-turn|p2a: Kubo\n|-damage|p2a: Kubo|8\/100\n|\n|t:|1700834096\n|switch|p1a: Swampert|Swampert-Mega, M, shiny|72\/100|[from] U-turn\n|-damage|p1a: Swampert|66\/100|[from] Stealth Rock\n|\n|-weather|RainDance|[upkeep]\n|-heal|p2a: Kubo|15\/100|[from] item: Leftovers\n|upkeep\n|turn|37\n|\n|t:|1700834102\n|move|p2a: Kubo|Protect|p2a: Kubo\n|-singleturn|p2a: Kubo|Protect\n|move|p1a: Swampert|Flip Turn|p2a: Kubo\n|-activate|p2a: Kubo|move: Protect\n|\n|-weather|RainDance|[upkeep]\n|-heal|p2a: Kubo|21\/100|[from] item: Leftovers\n|upkeep\n|turn|38\n|\n|t:|1700834116\n|switch|p2a: Paper|Celebi|76\/100\n|-damage|p2a: Paper|64\/100|[from] Stealth Rock\n|move|p1a: Swampert|Flip Turn|p2a: Paper\n|-resisted|p2a: Paper\n|-damage|p2a: Paper|44\/100\n|\n|t:|1700834128\n|switch|p1a: Scizor|Scizor, F|27\/100|[from] Flip Turn\n|-damage|p1a: Scizor|14\/100|[from] Stealth Rock\n|\n|-weather|RainDance|[upkeep]\n|-heal|p2a: Paper|50\/100|[from] item: Leftovers\n|upkeep\n|turn|39\n|\n|t:|1700834141\n|move|p1a: Scizor|Bullet Punch|p2a: Paper\n|-damage|p2a: Paper|26\/100\n|move|p2a: Paper|Psychic|p1a: Scizor\n|-resisted|p1a: Scizor\n|-damage|p1a: Scizor|0 fnt\n|faint|p1a: Scizor\n|\n|-weather|RainDance|[upkeep]\n|-heal|p2a: Paper|32\/100|[from] item: Leftovers\n|upkeep\n|\n|t:|1700834159\n|switch|p1a: Pelipper|Pelipper, F, shiny|76\/100\n|-damage|p1a: Pelipper|51\/100|[from] Stealth Rock\n|turn|40\n|\n|t:|1700834164\n|move|p2a: Paper|Rest|p2a: Paper\n|-status|p2a: Paper|slp|[from] move: Rest\n|-heal|p2a: Paper|100\/100 slp|[silent]\n|move|p1a: Pelipper|U-turn|p2a: Paper\n|-supereffective|p2a: Paper\n|-damage|p2a: Paper|79\/100 slp\n|\n|t:|1700834171\n|switch|p1a: Ogerpon|Ogerpon-Wellspring, F|76\/100|[from] U-turn\n|-damage|p1a: Ogerpon|64\/100|[from] Stealth Rock\n|\n|-weather|RainDance|[upkeep]\n|-heal|p2a: Paper|85\/100 slp|[from] item: Leftovers\n|upkeep\n|turn|41\n|\n|t:|1700834174\n|-curestatus|p2a: Paper|slp|[from] ability: Natural Cure\n|switch|p2a: Rock|Tyranitar, F, shiny|90\/100 par\n|-damage|p2a: Rock|78\/100 par|[from] Stealth Rock\n|-weather|Sandstorm|[from] ability: Sand Stream|[of] p2a: Rock\n|move|p1a: Ogerpon|Swords Dance|p1a: Ogerpon\n|-boost|p1a: Ogerpon|atk|2\n|\n|-weather|Sandstorm|[upkeep]\n|-damage|p1a: Ogerpon|58\/100|[from] Sandstorm\n|-heal|p2a: Rock|84\/100 par|[from] item: Leftovers\n|upkeep\n|turn|42\n|\n|t:|1700834186\n|move|p1a: Ogerpon|Horn Leech|p2a: Rock\n|-supereffective|p2a: Rock\n|-damage|p2a: Rock|0 fnt\n|-heal|p1a: Ogerpon|100\/100|[from] drain|[of] p2a: Rock\n|faint|p2a: Rock\n|\n|-weather|Sandstorm|[upkeep]\n|-damage|p1a: Ogerpon|95\/100|[from] Sandstorm\n|upkeep\n|\n|t:|1700834190\n|switch|p2a: Paper|Celebi|85\/100\n|-damage|p2a: Paper|73\/100|[from] Stealth Rock\n|turn|43\n|\n|t:|1700834197\n|move|p1a: Ogerpon|Ivy Cudgel|p2a: Paper|[anim] Ivy Cudgel Water\n|-resisted|p2a: Paper\n|-damage|p2a: Paper|33\/100\n|move|p2a: Paper|Giga Drain|p1a: Ogerpon\n|-damage|p1a: Ogerpon|66\/100\n|-heal|p2a: Paper|44\/100|[from] drain|[of] p1a: Ogerpon\n|\n|-weather|Sandstorm|[upkeep]\n|-damage|p1a: Ogerpon|60\/100|[from] Sandstorm\n|-damage|p2a: Paper|38\/100|[from] Sandstorm\n|-heal|p2a: Paper|44\/100|[from] item: Leftovers\n|upkeep\n|turn|44\n|\n|t:|1700834204\n|move|p1a: Ogerpon|Ivy Cudgel|p2a: Paper|[anim] Ivy Cudgel Water\n|-resisted|p2a: Paper\n|-damage|p2a: Paper|8\/100\n|move|p2a: Paper|Giga Drain|p1a: Ogerpon\n|-damage|p1a: Ogerpon|28\/100\n|-heal|p2a: Paper|20\/100|[from] drain|[of] p1a: Ogerpon\n|\n|-weather|Sandstorm|[upkeep]\n|-damage|p1a: Ogerpon|22\/100|[from] Sandstorm\n|-damage|p2a: Paper|14\/100|[from] Sandstorm\n|-heal|p2a: Paper|20\/100|[from] item: Leftovers\n|upkeep\n|turn|45\n|\n|t:|1700834210\n|move|p1a: Ogerpon|Ivy Cudgel|p2a: Paper|[anim] Ivy Cudgel Water\n|-resisted|p2a: Paper\n|-damage|p2a: Paper|0 fnt\n|faint|p2a: Paper\n|\n|-weather|none\n|upkeep\n|\n|t:|1700834214\n|switch|p2a: Simba|Entei, shiny|100\/100\n|-damage|p2a: Simba|76\/100|[from] Stealth Rock\n|-ability|p2a: Simba|Pressure\n|turn|46\n|\n|t:|1700834220\n|move|p2a: Simba|Extreme Speed|p1a: Ogerpon\n|-damage|p1a: Ogerpon|0 fnt\n|faint|p1a: Ogerpon\n|\n|-heal|p2a: Simba|82\/100|[from] item: Leftovers\n|upkeep\n|\n|t:|1700834224\n|switch|p1a: Pelipper|Pelipper, F, shiny|51\/100\n|-damage|p1a: Pelipper|26\/100|[from] Stealth Rock\n|-weather|RainDance|[from] ability: Drizzle|[of] p1a: Pelipper\n|turn|47\n|\n|t:|1700834237\n|move|p2a: Simba|Curse|p2a: Simba\n|-unboost|p2a: Simba|spe|1\n|-boost|p2a: Simba|atk|1\n|-boost|p2a: Simba|def|1\n|move|p1a: Pelipper|Weather Ball|p2a: Simba\n|-supereffective|p2a: Simba\n|-damage|p2a: Simba|20\/100\n|\n|-weather|RainDance|[upkeep]\n|-heal|p2a: Simba|26\/100|[from] item: Leftovers\n|upkeep\n|turn|48\n|\n|t:|1700834246\n|move|p2a: Simba|Extreme Speed|p1a: Pelipper\n|-crit|p1a: Pelipper\n|-damage|p1a: Pelipper|0 fnt\n|faint|p1a: Pelipper\n|\n|-weather|RainDance|[upkeep]\n|-heal|p2a: Simba|32\/100|[from] item: Leftovers\n|upkeep\n|\n|t:|1700834250\n|switch|p1a: Swampert|Swampert-Mega, M, shiny|66\/100\n|-damage|p1a: Swampert|59\/100|[from] Stealth Rock\n|turn|49\n|\n|t:|1700834254\n|move|p2a: Simba|Extreme Speed|p1a: Swampert\n|-damage|p1a: Swampert|32\/100\n|move|p1a: Swampert|Earthquake|p2a: Simba\n|-supereffective|p2a: Simba\n|-damage|p2a: Simba|0 fnt\n|faint|p2a: Simba\n|\n|-weather|RainDance|[upkeep]\n|upkeep\n|\n|t:|1700834258\n|switch|p2a: Moose|Suicune, shiny|100\/100\n|-damage|p2a: Moose|88\/100|[from] Stealth Rock\n|-ability|p2a: Moose|Pressure\n|turn|50\n|\n|t:|1700834261\n|move|p1a: Swampert|Earthquake|p2a: Moose\n|-damage|p2a: Moose|54\/100\n|move|p2a: Moose|Scald|p1a: Swampert\n|-damage|p1a: Swampert|0 fnt\n|faint|p1a: Swampert\n|\n|win|TPD JOHTO\n|raw|chenym114514's rating: 1543 &rarr; <strong>1521<\/strong><br \/>(-22 for losing)\n|raw|TPD JOHTO's rating: 1509 &rarr; <strong>1531<\/strong><br \/>(+22 for winning)\n|c|\u2606TPD JOHTO|Gg\n|l|\u2606chenym114514\n","uploadtime":1700834286,"views":1,"p1id":"chenym114514","p2id":"tpdjohto","formatid":"gen9nationaldex","rating":1521,"private":0,"password":""}