{"id":"gen9nationaldex-1999442006","p1":"Ackesh","p2":"Anhkiet","format":"[Gen 9] National Dex","log":"|html|<div class=\"broadcast-blue\"><strong>[Gen 9] National Dex is currently suspecting Sneasler! For information on how to participate check out the <a href=\"https:\/\/www.smogon.com\/forums\/threads\/sv-national-dex-suspect-8-just-dance.3731534\/\">suspect thread<\/a>.<\/strong><\/div>\n|j|\u2606Ackesh\n|j|\u2606Anhkiet\n|t:|1701081142\n|gametype|singles\n|player|p1|Ackesh|silver|1700\n|player|p2|Anhkiet|170|1607\n|teamsize|p1|6\n|teamsize|p2|6\n|gen|9\n|tier|[Gen 9] National Dex\n|rated|\n|rule|HP Percentage Mod: HP is shown in percentages\n|rule|Endless Battle Clause: Forcing endless battles is banned\n|rule|OHKO Clause: OHKO moves are banned\n|rule|Evasion Clause: Evasion abilities, items, and moves are banned\n|rule|Evasion Abilities Clause: Evasion abilities are banned\n|rule|Evasion Items Clause: Evasion items are banned\n|rule|Evasion Moves Clause: Evasion moves are banned\n|rule|Species Clause: Limit one of each Pok\u00e9mon\n|rule|Sleep Clause Mod: Limit one foe put to sleep\n|clearpoke\n|poke|p1|Venusaur, F|\n|poke|p1|Kyurem|\n|poke|p1|Torkoal, M|\n|poke|p1|Landorus-Therian, M|\n|poke|p1|Heatran, M|\n|poke|p1|Victini|\n|poke|p2|Charizard, M|\n|poke|p2|Stakataka|\n|poke|p2|Slowbro-Galar, F|\n|poke|p2|Great Tusk|\n|poke|p2|Torkoal, M|\n|poke|p2|Porygon-Z|\n|teampreview\n|inactive|Battle timer is ON: inactive players will automatically lose when time's up. (requested by Ackesh)\n|\n|t:|1701081153\n|start\n|switch|p1a: Torkoal|Torkoal, M|100\/100\n|switch|p2a: Porygon-Z|Porygon-Z|100\/100\n|-ability|p2a: Porygon-Z|Download|boost\n|-boost|p2a: Porygon-Z|spa|1\n|-weather|SunnyDay|[from] ability: Drought|[of] p1a: Torkoal\n|turn|1\n|\n|t:|1701081169\n|switch|p1a: Heatran|Heatran, M|100\/100\n|-zpower|p2a: Porygon-Z\n|move|p2a: Porygon-Z|Z-Conversion|p2a: Porygon-Z|[anim]Conversion\n|-boost|p2a: Porygon-Z|atk|1|[zeffect]\n|-boost|p2a: Porygon-Z|def|1|[zeffect]\n|-boost|p2a: Porygon-Z|spa|1|[zeffect]\n|-boost|p2a: Porygon-Z|spd|1|[zeffect]\n|-boost|p2a: Porygon-Z|spe|1|[zeffect]\n|-start|p2a: Porygon-Z|typechange|Ghost\n|\n|-weather|SunnyDay|[upkeep]\n|upkeep\n|turn|2\n|c|\u2606Ackesh|That's kinda dope\n|l|\u2606Anhkiet\n|inactive|Anhkiet disconnected and has a minute to reconnect!\n|player|p2|\n|j|\u2606Anhkiet\n|inactive|Anhkiet reconnected and has 115 seconds left.\n|player|p2|Anhkiet|170\n|\n|t:|1701081213\n|switch|p1a: Venusaur|Venusaur, F|100\/100\n|move|p2a: Porygon-Z|Shadow Ball|p1a: Venusaur\n|-damage|p1a: Venusaur|1\/100\n|\n|-weather|SunnyDay|[upkeep]\n|upkeep\n|turn|3\n|\n|t:|1701081219\n|move|p1a: Venusaur|Weather Ball|p2a: Porygon-Z\n|-damage|p2a: Porygon-Z|45\/100\n|-damage|p1a: Venusaur|0 fnt|[from] item: Life Orb\n|faint|p1a: Venusaur\n|move|p2a: Porygon-Z|Shadow Ball|p1: Venusaur|[notarget]\n|-fail|p2a: Porygon-Z\n|\n|-weather|SunnyDay|[upkeep]\n|upkeep\n|\n|t:|1701081224\n|switch|p1a: Victini|Victini|100\/100\n|turn|4\n|inactive|Anhkiet has 120 seconds left.\n|inactive|Anhkiet has 90 seconds left.\n|\n|t:|1701081270\n|move|p1a: Victini|V-create|p2a: Porygon-Z\n|-damage|p2a: Porygon-Z|0 fnt\n|-unboost|p1a: Victini|spe|1\n|-unboost|p1a: Victini|def|1\n|-unboost|p1a: Victini|spd|1\n|faint|p2a: Porygon-Z\n|\n|-weather|SunnyDay|[upkeep]\n|upkeep\n|\n|t:|1701081276\n|switch|p2a: Charizard|Charizard, M|100\/100\n|turn|5\n|\n|t:|1701081295\n|switch|p1a: Landorus|Landorus-Therian, M|100\/100\n|-ability|p1a: Landorus|Intimidate|boost\n|-unboost|p2a: Charizard|atk|1\n|move|p2a: Charizard|Swords Dance|p2a: Charizard\n|-boost|p2a: Charizard|atk|2\n|\n|-weather|SunnyDay|[upkeep]\n|upkeep\n|turn|6\n|\n|t:|1701081305\n|detailschange|p2a: Charizard|Charizard-Mega-X, M\n|-mega|p2a: Charizard|Charizard|Charizardite X\n|move|p2a: Charizard|Flame Charge|p1a: Landorus\n|-damage|p1a: Landorus|32\/100\n|-boost|p2a: Charizard|spe|1\n|move|p1a: Landorus|Smack Down|p2a: Charizard\n|-supereffective|p2a: Charizard\n|-damage|p2a: Charizard|68\/100\n|\n|-weather|SunnyDay|[upkeep]\n|upkeep\n|turn|7\n|\n|t:|1701081315\n|move|p2a: Charizard|Flame Charge|p1a: Landorus\n|-damage|p1a: Landorus|0 fnt\n|-boost|p2a: Charizard|spe|1\n|faint|p1a: Landorus\n|\n|-weather|SunnyDay|[upkeep]\n|upkeep\n|\n|t:|1701081317\n|switch|p1a: Torkoal|Torkoal, M|100\/100\n|turn|8\n|\n|t:|1701081321\n|move|p2a: Charizard|Earthquake|p1a: Torkoal\n|-supereffective|p1a: Torkoal\n|-damage|p1a: Torkoal|45\/100\n|move|p1a: Torkoal|Yawn|p2a: Charizard\n|-start|p2a: Charizard|move: Yawn|[of] p1a: Torkoal\n|\n|-weather|none\n|upkeep\n|turn|9\n|inactive|Anhkiet has 120 seconds left.\n|\n|t:|1701081332\n|switch|p2a: Great Tusk|Great Tusk|100\/100\n|move|p1a: Torkoal|Stealth Rock|p2a: Great Tusk\n|-sidestart|p2: Anhkiet|move: Stealth Rock\n|\n|upkeep\n|turn|10\n|\n|t:|1701081337\n|move|p2a: Great Tusk|Close Combat|p1a: Torkoal\n|-damage|p1a: Torkoal|0 fnt\n|-unboost|p2a: Great Tusk|def|1\n|-unboost|p2a: Great Tusk|spd|1\n|faint|p1a: Torkoal\n|\n|upkeep\n|\n|t:|1701081342\n|switch|p1a: Kyurem|Kyurem|100\/100\n|-ability|p1a: Kyurem|Pressure\n|turn|11\n|\n|t:|1701081346\n|-terastallize|p1a: Kyurem|Ghost\n|move|p1a: Kyurem|Ice Beam|p2a: Great Tusk\n|-supereffective|p2a: Great Tusk\n|-damage|p2a: Great Tusk|0 fnt\n|faint|p2a: Great Tusk\n|-end|p2a: Great Tusk|Protosynthesis|[silent]\n|-damage|p1a: Kyurem|91\/100|[from] item: Life Orb\n|\n|upkeep\n|\n|t:|1701081352\n|switch|p2a: Stakataka|Stakataka|100\/100\n|-damage|p2a: Stakataka|94\/100|[from] Stealth Rock\n|turn|12\n|\n|t:|1701081356\n|move|p1a: Kyurem|Earth Power|p2a: Stakataka\n|-supereffective|p2a: Stakataka\n|-damage|p2a: Stakataka|0 fnt\n|faint|p2a: Stakataka\n|-damage|p1a: Kyurem|81\/100|[from] item: Life Orb\n|\n|upkeep\n|\n|t:|1701081362\n|switch|p2a: Torkoal|Torkoal, M|100\/100\n|-weather|SunnyDay|[from] ability: Drought|[of] p2a: Torkoal\n|turn|13\n|\n|t:|1701081375\n|move|p1a: Kyurem|Earth Power|p2a: Torkoal\n|-supereffective|p2a: Torkoal\n|-crit|p2a: Torkoal\n|-damage|p2a: Torkoal|0 fnt\n|faint|p2a: Torkoal\n|-damage|p1a: Kyurem|71\/100|[from] item: Life Orb\n|\n|-weather|SunnyDay|[upkeep]\n|upkeep\n|\n|t:|1701081379\n|switch|p2a: Slowbro|Slowbro-Galar, F|100\/100\n|-damage|p2a: Slowbro|88\/100|[from] Stealth Rock\n|turn|14\n|\n|t:|1701081383\n|move|p1a: Kyurem|Earth Power|p2a: Slowbro\n|-supereffective|p2a: Slowbro\n|-damage|p2a: Slowbro|0 fnt\n|faint|p2a: Slowbro\n|-damage|p1a: Kyurem|61\/100|[from] item: Life Orb\n|\n|-weather|SunnyDay|[upkeep]\n|upkeep\n|\n|t:|1701081386\n|switch|p2a: Charizard|Charizard-Mega-X, M|68\/100\n|-damage|p2a: Charizard|43\/100|[from] Stealth Rock\n|turn|15\n|\n|t:|1701081399\n|move|p2a: Charizard|Flame Charge|p1a: Kyurem\n|-damage|p1a: Kyurem|13\/100\n|-boost|p2a: Charizard|spe|1\n|move|p1a: Kyurem|Ice Beam|p2a: Charizard\n|-damage|p2a: Charizard|0 fnt\n|faint|p2a: Charizard\n|-damage|p1a: Kyurem|3\/100|[from] item: Life Orb\n|\n|win|Ackesh\n|raw|Ackesh's rating: 1700 &rarr; <strong>1715<\/strong><br \/>(+15 for winning)\n|raw|Anhkiet's rating: 1607 &rarr; <strong>1592<\/strong><br \/>(-15 for losing)\n|l|\u2606Anhkiet\n","uploadtime":1701081416,"views":1,"p1id":"ackesh","p2id":"anhkiet","formatid":"gen9nationaldex","rating":1592,"private":0,"password":""}