{"id":"gen9nationaldex-1988649300","p1":"Asian_Caden","p2":"Fallout 3 Enjoyer","format":"[Gen 9] National Dex","log":"|j|\u2606Asian_Caden\n|j|\u2606Fallout 3 Enjoyer\n|t:|1699746141\n|gametype|singles\n|player|p1|Asian_Caden|1|1102\n|player|p2|Fallout 3 Enjoyer|caitlin|1162\n|teamsize|p1|6\n|teamsize|p2|6\n|gen|9\n|tier|[Gen 9] National Dex\n|rated|\n|rule|HP Percentage Mod: HP is shown in percentages\n|rule|Endless Battle Clause: Forcing endless battles is banned\n|rule|OHKO Clause: OHKO moves are banned\n|rule|Evasion Clause: Evasion abilities, items, and moves are banned\n|rule|Evasion Abilities Clause: Evasion abilities are banned\n|rule|Evasion Items Clause: Evasion items are banned\n|rule|Evasion Moves Clause: Evasion moves are banned\n|rule|Species Clause: Limit one of each Pok\u00e9mon\n|rule|Sleep Clause Mod: Limit one foe put to sleep\n|clearpoke\n|poke|p1|Polteageist|\n|poke|p1|Dragonite, F|\n|poke|p1|Greninja-*, M|\n|poke|p1|Blaziken, M|\n|poke|p1|Zapdos|\n|poke|p1|Scizor, M|\n|poke|p2|Cresselia, F|\n|poke|p2|Zygarde-10%|\n|poke|p2|Grimmsnarl, M|\n|poke|p2|Corsola-Galar, F|\n|poke|p2|Linoone, M|\n|poke|p2|Wishiwashi, F|\n|teampreview\n|inactive|Battle timer is ON: inactive players will automatically lose when time's up. (requested by Fallout 3 Enjoyer)\n|\n|t:|1699746148\n|start\n|switch|p1a: Dragonite|Dragonite, F|100\/100\n|switch|p2a: Tummy Drummy|Linoone, M|100\/100\n|turn|1\n|\n|t:|1699746156\n|move|p2a: Tummy Drummy|Belly Drum|p2a: Tummy Drummy\n|-damage|p2a: Tummy Drummy|50\/100\n|-setboost|p2a: Tummy Drummy|atk|6|[from] move: Belly Drum\n|-enditem|p2a: Tummy Drummy|Salac Berry|[eat]\n|-boost|p2a: Tummy Drummy|spe|1|[from] item: Salac Berry\n|move|p1a: Dragonite|Curse|p1a: Dragonite\n|-unboost|p1a: Dragonite|spe|1\n|-boost|p1a: Dragonite|atk|1\n|-boost|p1a: Dragonite|def|1\n|\n|upkeep\n|turn|2\n|\n|t:|1699746166\n|-terastallize|p2a: Tummy Drummy|Ghost\n|move|p2a: Tummy Drummy|Extreme Speed|p1a: Dragonite\n|-damage|p1a: Dragonite|64\/100\n|move|p1a: Dragonite|Extreme Speed|p2a: Tummy Drummy\n|-immune|p2a: Tummy Drummy\n|\n|-heal|p1a: Dragonite|71\/100|[from] item: Leftovers\n|upkeep\n|turn|3\n|\n|t:|1699746175\n|move|p2a: Tummy Drummy|Extreme Speed|p1a: Dragonite\n|-damage|p1a: Dragonite|0 fnt\n|faint|p1a: Dragonite\n|\n|upkeep\n|\n|t:|1699746179\n|switch|p1a: Blaziken|Blaziken, M|100\/100\n|turn|4\n|\n|t:|1699746186\n|switch|p1a: Polteageist|Polteageist|100\/100\n|move|p2a: Tummy Drummy|Body Slam|p1a: Polteageist\n|-immune|p1a: Polteageist\n|\n|upkeep\n|turn|5\n|\n|t:|1699746192\n|move|p2a: Tummy Drummy|Shadow Claw|p1a: Polteageist\n|-supereffective|p1a: Polteageist\n|-enditem|p1a: Polteageist|Focus Sash\n|-damage|p1a: Polteageist|1\/100\n|-ability|p1a: Polteageist|Weak Armor|boost\n|-unboost|p1a: Polteageist|def|1\n|-boost|p1a: Polteageist|spe|2\n|move|p1a: Polteageist|Shell Smash|p1a: Polteageist\n|-unboost|p1a: Polteageist|def|1\n|-unboost|p1a: Polteageist|spd|1\n|-boost|p1a: Polteageist|atk|2\n|-boost|p1a: Polteageist|spa|2\n|-boost|p1a: Polteageist|spe|2\n|\n|upkeep\n|turn|6\n|\n|t:|1699746204\n|move|p1a: Polteageist|Shadow Ball|p2a: Tummy Drummy\n|-supereffective|p2a: Tummy Drummy\n|-damage|p2a: Tummy Drummy|0 fnt\n|faint|p2a: Tummy Drummy\n|\n|upkeep\n|\n|t:|1699746209\n|switch|p2a: Cresselia|Cresselia, F|100\/100\n|turn|7\n|\n|t:|1699746227\n|move|p1a: Polteageist|Shadow Ball|p2a: Cresselia\n|-supereffective|p2a: Cresselia\n|-damage|p2a: Cresselia|0 fnt\n|faint|p2a: Cresselia\n|\n|upkeep\n|\n|t:|1699746231\n|switch|p2a: Goonsnarl|Grimmsnarl, M|100\/100\n|turn|8\n|\n|t:|1699746240\n|move|p2a: Goonsnarl|Light Screen|p2a: Goonsnarl\n|-sidestart|p2: Fallout 3 Enjoyer|move: Light Screen\n|move|p1a: Polteageist|Shadow Ball|p2a: Goonsnarl\n|-resisted|p2a: Goonsnarl\n|-crit|p2a: Goonsnarl\n|-damage|p2a: Goonsnarl|29\/100\n|\n|upkeep\n|turn|9\n|\n|t:|1699746251\n|move|p1a: Polteageist|Shadow Ball|p2a: Goonsnarl\n|-resisted|p2a: Goonsnarl\n|-damage|p2a: Goonsnarl|6\/100\n|-unboost|p2a: Goonsnarl|spd|1\n|move|p2a: Goonsnarl|Spirit Break|p1a: Polteageist\n|-damage|p1a: Polteageist|0 fnt\n|faint|p1a: Polteageist\n|\n|upkeep\n|\n|t:|1699746261\n|switch|p1a: Greninja|Greninja, M|100\/100\n|turn|10\n|\n|t:|1699746271\n|move|p1a: Greninja|Scald|p2a: Goonsnarl\n|-damage|p2a: Goonsnarl|0 fnt\n|faint|p2a: Goonsnarl\n|-ability|p1a: Greninja|Battle Bond|boost\n|-boost|p1a: Greninja|atk|1\n|-boost|p1a: Greninja|spa|1\n|-boost|p1a: Greninja|spe|1\n|-activate|p1a: Greninja|ability: Battle Bond\n|-damage|p1a: Greninja|91\/100|[from] item: Life Orb\n|\n|upkeep\n|\n|t:|1699746279\n|switch|p2a: SingleCellOrganism|Zygarde-10%|100\/100\n|-ability|p2a: SingleCellOrganism|Aura Break\n|turn|11\n|\n|t:|1699746285\n|move|p2a: SingleCellOrganism|Extreme Speed|p1a: Greninja\n|-damage|p1a: Greninja|26\/100\n|move|p1a: Greninja|Scald|p2a: SingleCellOrganism\n|-damage|p2a: SingleCellOrganism|46\/100\n|-status|p2a: SingleCellOrganism|brn\n|-damage|p1a: Greninja|16\/100|[from] item: Life Orb\n|\n|-damage|p2a: SingleCellOrganism|40\/100 brn|[from] brn\n|upkeep\n|turn|12\n|\n|t:|1699746294\n|move|p2a: SingleCellOrganism|Extreme Speed|p1a: Greninja\n|-damage|p1a: Greninja|0 fnt\n|faint|p1a: Greninja\n|\n|-damage|p2a: SingleCellOrganism|34\/100 brn|[from] brn\n|upkeep\n|\n|t:|1699746308\n|switch|p1a: Zapdos|Zapdos|100\/100\n|turn|13\n|\n|t:|1699746313\n|move|p2a: SingleCellOrganism|Extreme Speed|p1a: Zapdos\n|-damage|p1a: Zapdos|77\/100\n|-damage|p2a: SingleCellOrganism|18\/100 brn|[from] item: Rocky Helmet|[of] p1a: Zapdos\n|move|p1a: Zapdos|Hurricane|p2a: SingleCellOrganism|[miss]\n|-miss|p1a: Zapdos|p2a: SingleCellOrganism\n|\n|-damage|p2a: SingleCellOrganism|12\/100 brn|[from] brn\n|upkeep\n|turn|14\n|\n|t:|1699746321\n|move|p2a: SingleCellOrganism|Extreme Speed|p1a: Zapdos\n|-damage|p1a: Zapdos|54\/100\n|-damage|p2a: SingleCellOrganism|0 fnt|[from] item: Rocky Helmet|[of] p1a: Zapdos\n|faint|p2a: SingleCellOrganism\n|move|p1a: Zapdos|Ancient Power|p2: SingleCellOrganism|[notarget]\n|-fail|p1a: Zapdos\n|\n|upkeep\n|\n|t:|1699746324\n|switch|p2a: Starkist|Wishiwashi, F|100\/100\n|-formechange|p2a: Starkist|Wishiwashi-School||[from] ability: Schooling\n|turn|15\n|\n|t:|1699746332\n|move|p1a: Zapdos|Thunderbolt|p2a: Starkist\n|-supereffective|p2a: Starkist\n|-damage|p2a: Starkist|72\/100\n|move|p2a: Starkist|Ice Beam|p1a: Zapdos\n|-supereffective|p1a: Zapdos\n|-damage|p1a: Zapdos|0 fnt\n|faint|p1a: Zapdos\n|\n|-sideend|p2: Fallout 3 Enjoyer|move: Light Screen\n|upkeep\n|\n|t:|1699746340\n|switch|p1a: Scizor|Scizor, M|100\/100\n|turn|16\n|\n|t:|1699746343\n|detailschange|p1a: Scizor|Scizor-Mega, M\n|-mega|p1a: Scizor|Scizor|Scizorite\n|move|p1a: Scizor|Swords Dance|p1a: Scizor\n|-boost|p1a: Scizor|atk|2\n|move|p2a: Starkist|Scald|p1a: Scizor\n|-damage|p1a: Scizor|54\/100\n|-status|p1a: Scizor|brn\n|\n|-damage|p1a: Scizor|48\/100 brn|[from] brn\n|upkeep\n|turn|17\n|\n|t:|1699746354\n|move|p1a: Scizor|Close Combat|p2a: Starkist\n|-damage|p2a: Starkist|28\/100\n|-unboost|p1a: Scizor|def|1\n|-unboost|p1a: Scizor|spd|1\n|move|p2a: Starkist|Scald|p1a: Scizor\n|-damage|p1a: Scizor|0 fnt\n|faint|p1a: Scizor\n|\n|upkeep\n|\n|t:|1699746361\n|switch|p1a: Blaziken|Blaziken, M|100\/100\n|turn|18\n|\n|t:|1699746364\n|move|p1a: Blaziken|Swords Dance|p1a: Blaziken\n|-boost|p1a: Blaziken|atk|2\n|move|p2a: Starkist|Scald|p1a: Blaziken\n|-supereffective|p1a: Blaziken\n|-enditem|p1a: Blaziken|Focus Sash\n|-damage|p1a: Blaziken|1\/100\n|\n|-ability|p1a: Blaziken|Speed Boost|boost\n|-boost|p1a: Blaziken|spe|1\n|upkeep\n|turn|19\n|\n|t:|1699746373\n|move|p1a: Blaziken|Close Combat|p2a: Starkist\n|-damage|p2a: Starkist|0 fnt\n|-unboost|p1a: Blaziken|def|1\n|-unboost|p1a: Blaziken|spd|1\n|faint|p2a: Starkist\n|\n|-ability|p1a: Blaziken|Speed Boost|boost\n|-boost|p1a: Blaziken|spe|1\n|upkeep\n|\n|t:|1699746376\n|switch|p2a: Coral|Corsola-Galar, F|100\/100\n|turn|20\n|\n|t:|1699746382\n|move|p1a: Blaziken|Protect|p1a: Blaziken\n|-singleturn|p1a: Blaziken|Protect\n|move|p2a: Coral|Night Shade|p1a: Blaziken\n|-activate|p1a: Blaziken|move: Protect\n|\n|-ability|p1a: Blaziken|Speed Boost|boost\n|-boost|p1a: Blaziken|spe|1\n|upkeep\n|turn|21\n|\n|t:|1699746389\n|move|p1a: Blaziken|Blaze Kick|p2a: Coral\n|-damage|p2a: Coral|40\/100\n|move|p2a: Coral|Night Shade|p1a: Blaziken\n|-damage|p1a: Blaziken|0 fnt\n|faint|p1a: Blaziken\n|\n|win|Fallout 3 Enjoyer\n|raw|Asian_Caden's rating: 1102 &rarr; <strong>1081<\/strong><br \/>(-21 for losing)\n|raw|Fallout 3 Enjoyer's rating: 1162 &rarr; <strong>1183<\/strong><br \/>(+21 for winning)\n|c|\u2606Fallout 3 Enjoyer|gg\n","uploadtime":1699746394,"views":4,"p1id":"asiancaden","p2id":"fallout3enjoyer","formatid":"gen9nationaldex","rating":1081,"private":0,"password":""}