{"id":"gen9nationaldex-1995193423","p1":"craftex490gx","p2":"GlouD","format":"[Gen 9] National Dex","log":"|html|<div class=\"broadcast-blue\"><strong>[Gen 9] National Dex is currently suspecting Sneasler! For information on how to participate check out the <a href=\"https:\/\/www.smogon.com\/forums\/threads\/sv-national-dex-suspect-8-just-dance.3731534\/\">suspect thread<\/a>.<\/strong><\/div>\n|j|\u2606craftex490gx\n|j|\u2606GlouD\n|t:|1700533073\n|gametype|singles\n|player|p1|craftex490gx|169|1150\n|player|p2|GlouD|265|1174\n|teamsize|p1|6\n|teamsize|p2|6\n|gen|9\n|tier|[Gen 9] National Dex\n|rated|\n|rule|HP Percentage Mod: HP is shown in percentages\n|rule|Endless Battle Clause: Forcing endless battles is banned\n|rule|OHKO Clause: OHKO moves are banned\n|rule|Evasion Clause: Evasion abilities, items, and moves are banned\n|rule|Evasion Abilities Clause: Evasion abilities are banned\n|rule|Evasion Items Clause: Evasion items are banned\n|rule|Evasion Moves Clause: Evasion moves are banned\n|rule|Species Clause: Limit one of each Pok\u00e9mon\n|rule|Sleep Clause Mod: Limit one foe put to sleep\n|clearpoke\n|poke|p1|Pelipper, F|\n|poke|p1|Meganium, F|\n|poke|p1|Iron Thorns|\n|poke|p1|Excadrill, M|\n|poke|p1|Armarouge, F|\n|poke|p1|Persian-Alola, F|\n|poke|p2|Charizard, M|\n|poke|p2|Aegislash, F|\n|poke|p2|Gengar, F|\n|poke|p2|Gardevoir, M|\n|poke|p2|Magnezone|\n|poke|p2|Metagross|\n|teampreview\n|\n|t:|1700533084\n|start\n|switch|p1a: Persian|Persian-Alola, F|100\/100\n|switch|p2a: Metagross|Metagross|100\/100\n|turn|1\n|\n|t:|1700533089\n|move|p1a: Persian|Thunder Wave|p2a: Metagross\n|-status|p2a: Metagross|par\n|move|p2a: Metagross|Stealth Rock|p1a: Persian\n|-sidestart|p1: craftex490gx|move: Stealth Rock\n|\n|upkeep\n|turn|2\n|\n|t:|1700533095\n|move|p1a: Persian|Parting Shot|p2a: Metagross\n|-fail|p2a: Metagross|unboost|[from] ability: Clear Body|[of] p2a: Metagross\n|move|p2a: Metagross|Power-Up Punch|p1a: Persian\n|-supereffective|p1a: Persian\n|-damage|p1a: Persian|85\/100\n|-boost|p2a: Metagross|atk|1\n|\n|upkeep\n|turn|3\n|\n|t:|1700533105\n|switch|p1a: Pelipper|Pelipper, F|100\/100\n|-damage|p1a: Pelipper|75\/100|[from] Stealth Rock\n|-weather|RainDance|[from] ability: Drizzle|[of] p1a: Pelipper\n|move|p2a: Metagross|Power-Up Punch|p1a: Pelipper\n|-resisted|p1a: Pelipper\n|-damage|p1a: Pelipper|69\/100\n|-boost|p2a: Metagross|atk|1\n|\n|-weather|RainDance|[upkeep]\n|upkeep\n|turn|4\n|\n|t:|1700533115\n|move|p1a: Pelipper|Defog|p2a: Metagross\n|-fail|p2a: Metagross|unboost|[from] ability: Clear Body|[of] p2a: Metagross\n|-sideend|p1: craftex490gx|Stealth Rock|[from] move: Defog|[of] p1a: Pelipper\n|move|p2a: Metagross|Zen Headbutt|p1a: Pelipper\n|-damage|p1a: Pelipper|13\/100\n|\n|-weather|RainDance|[upkeep]\n|upkeep\n|turn|5\n|\n|t:|1700533125\n|move|p1a: Pelipper|Hurricane|p2a: Metagross\n|-resisted|p2a: Metagross\n|-damage|p2a: Metagross|81\/100 par\n|move|p2a: Metagross|Zen Headbutt|p1a: Pelipper\n|-damage|p1a: Pelipper|0 fnt\n|faint|p1a: Pelipper\n|\n|-weather|RainDance|[upkeep]\n|-heal|p2a: Metagross|87\/100 par|[from] item: Leftovers\n|upkeep\n|\n|t:|1700533132\n|switch|p1a: Excadrill|Excadrill, M|100\/100\n|-ability|p1a: Excadrill|Mold Breaker\n|turn|6\n|\n|t:|1700533139\n|move|p1a: Excadrill|Earthquake|p2a: Metagross\n|-supereffective|p2a: Metagross\n|-damage|p2a: Metagross|23\/100 par\n|move|p2a: Metagross|Stealth Rock|p1a: Excadrill\n|-sidestart|p1: craftex490gx|move: Stealth Rock\n|\n|-weather|RainDance|[upkeep]\n|-heal|p2a: Metagross|29\/100 par|[from] item: Leftovers\n|upkeep\n|turn|7\n|\n|t:|1700533146\n|move|p2a: Metagross|Bullet Punch|p1a: Excadrill\n|-resisted|p1a: Excadrill\n|-damage|p1a: Excadrill|75\/100\n|move|p1a: Excadrill|Rapid Spin|p2a: Metagross\n|-resisted|p2a: Metagross\n|-damage|p2a: Metagross|24\/100 par\n|-boost|p1a: Excadrill|spe|1\n|-sideend|p1: craftex490gx|Stealth Rock|[from] move: Rapid Spin|[of] p1a: Excadrill\n|\n|-weather|RainDance|[upkeep]\n|-heal|p2a: Metagross|30\/100 par|[from] item: Leftovers\n|upkeep\n|turn|8\n|\n|t:|1700533156\n|move|p1a: Excadrill|Earthquake|p2a: Metagross\n|-supereffective|p2a: Metagross\n|-damage|p2a: Metagross|0 fnt\n|faint|p2a: Metagross\n|\n|-weather|RainDance|[upkeep]\n|upkeep\n|\n|t:|1700533165\n|switch|p2a: Charizard|Charizard, M|100\/100\n|turn|9\n|\n|t:|1700533175\n|switch|p1a: Persian|Persian-Alola, F|85\/100\n|detailschange|p2a: Charizard|Charizard-Mega-X, M\n|-mega|p2a: Charizard|Charizard|Charizardite X\n|move|p2a: Charizard|Dragon Dance|p2a: Charizard\n|-boost|p2a: Charizard|atk|1\n|-boost|p2a: Charizard|spe|1\n|\n|-weather|RainDance|[upkeep]\n|upkeep\n|turn|10\n|\n|t:|1700533185\n|move|p2a: Charizard|Flare Blitz|p1a: Persian\n|-damage|p1a: Persian|43\/100\n|-damage|p2a: Charizard|88\/100|[from] Recoil\n|move|p1a: Persian|Thunder Wave|p2a: Charizard\n|-status|p2a: Charizard|par\n|\n|-weather|none\n|upkeep\n|turn|11\n|\n|t:|1700533193\n|move|p1a: Persian|Foul Play|p2a: Charizard\n|-damage|p2a: Charizard|14\/100 par\n|move|p2a: Charizard|Flare Blitz|p1a: Persian\n|-damage|p1a: Persian|0 fnt\n|faint|p1a: Persian\n|-damage|p2a: Charizard|1\/100 par|[from] Recoil\n|\n|upkeep\n|\n|t:|1700533202\n|switch|p1a: Armarouge|Armarouge, F|100\/100\n|turn|12\n|\n|t:|1700533206\n|move|p2a: Charizard|Earthquake|p1a: Armarouge\n|-supereffective|p1a: Armarouge\n|-damage|p1a: Armarouge|11\/100\n|-ability|p1a: Armarouge|Weak Armor|boost\n|-unboost|p1a: Armarouge|def|1\n|-boost|p1a: Armarouge|spe|2\n|move|p1a: Armarouge|Calm Mind|p1a: Armarouge\n|-boost|p1a: Armarouge|spa|1\n|-boost|p1a: Armarouge|spd|1\n|\n|upkeep\n|turn|13\n|\n|t:|1700533215\n|move|p1a: Armarouge|Endure|p1a: Armarouge\n|-singleturn|p1a: Armarouge|move: Endure\n|move|p2a: Charizard|Earthquake|p1a: Armarouge\n|-supereffective|p1a: Armarouge\n|-activate|p1a: Armarouge|move: Endure\n|-damage|p1a: Armarouge|1\/100\n|-ability|p1a: Armarouge|Weak Armor|boost\n|-unboost|p1a: Armarouge|def|1\n|-boost|p1a: Armarouge|spe|2\n|\n|upkeep\n|turn|14\n|\n|t:|1700533224\n|move|p1a: Armarouge|Stored Power|p2a: Charizard\n|-damage|p2a: Charizard|0 fnt\n|faint|p2a: Charizard\n|\n|upkeep\n|\n|t:|1700533233\n|switch|p2a: Aegislash|Aegislash, F|100\/100\n|turn|15\n|\n|t:|1700533237\n|move|p1a: Armarouge|Endure|p1a: Armarouge\n|-singleturn|p1a: Armarouge|move: Endure\n|-formechange|p2a: Aegislash|Aegislash-Blade||[from] ability: Stance Change\n|move|p2a: Aegislash|Shadow Sneak|p1a: Armarouge\n|-supereffective|p1a: Armarouge\n|-activate|p1a: Armarouge|move: Endure\n|-damage|p1a: Armarouge|1\/100\n|-ability|p1a: Armarouge|Weak Armor|boost\n|-unboost|p1a: Armarouge|def|1\n|-boost|p1a: Armarouge|spe|2\n|\n|upkeep\n|turn|16\n|\n|t:|1700533248\n|move|p2a: Aegislash|Shadow Sneak|p1a: Armarouge\n|-supereffective|p1a: Armarouge\n|-damage|p1a: Armarouge|0 fnt\n|faint|p1a: Armarouge\n|\n|upkeep\n|\n|t:|1700533251\n|switch|p1a: Excadrill|Excadrill, M|75\/100\n|-ability|p1a: Excadrill|Mold Breaker\n|turn|17\n|\n|t:|1700533261\n|move|p1a: Excadrill|Earthquake|p2a: Aegislash\n|-supereffective|p2a: Aegislash\n|-damage|p2a: Aegislash|0 fnt\n|faint|p2a: Aegislash\n|\n|upkeep\n|\n|t:|1700533272\n|switch|p2a: Magnezone|Magnezone|100\/100\n|turn|18\n|\n|t:|1700533276\n|move|p2a: Magnezone|Steel Beam|p1a: Excadrill\n|-resisted|p1a: Excadrill\n|-damage|p1a: Excadrill|23\/100\n|-damage|p2a: Magnezone|50\/100|[from] steelbeam\n|move|p1a: Excadrill|Earthquake|p2a: Magnezone\n|-supereffective|p2a: Magnezone\n|-damage|p2a: Magnezone|0 fnt\n|faint|p2a: Magnezone\n|\n|upkeep\n|\n|t:|1700533284\n|switch|p2a: Gengar|Gengar, F|100\/100\n|turn|19\n|\n|t:|1700533289\n|move|p2a: Gengar|Energy Ball|p1a: Excadrill\n|-damage|p1a: Excadrill|0 fnt\n|faint|p1a: Excadrill\n|-damage|p2a: Gengar|91\/100|[from] item: Life Orb\n|\n|upkeep\n|\n|t:|1700533292\n|switch|p1a: Iron Thorns|Iron Thorns, shiny|100\/100\n|-enditem|p1a: Iron Thorns|Booster Energy\n|-activate|p1a: Iron Thorns|ability: Quark Drive|[fromitem]\n|-start|p1a: Iron Thorns|quarkdriveatk\n|turn|20\n|\n|t:|1700533302\n|-terastallize|p1a: Iron Thorns|Flying\n|move|p2a: Gengar|Sludge Wave|p1a: Iron Thorns\n|-damage|p1a: Iron Thorns|20\/100\n|-damage|p2a: Gengar|81\/100|[from] item: Life Orb\n|move|p1a: Iron Thorns|Dragon Dance|p1a: Iron Thorns\n|-boost|p1a: Iron Thorns|atk|1\n|-boost|p1a: Iron Thorns|spe|1\n|\n|upkeep\n|turn|21\n|\n|t:|1700533312\n|move|p1a: Iron Thorns|Earthquake|p2a: Gengar\n|-supereffective|p2a: Gengar\n|-damage|p2a: Gengar|0 fnt\n|-start|p1a: Iron Thorns|Disable|Earthquake|[from] ability: Cursed Body|[of] p2a: Gengar\n|faint|p2a: Gengar\n|\n|upkeep\n|\n|t:|1700533318\n|switch|p2a: Gardevoir|Gardevoir, M|100\/100\n|turn|22\n|\n|t:|1700533322\n|move|p1a: Iron Thorns|Wild Charge|p2a: Gardevoir\n|-damage|p2a: Gardevoir|0 fnt\n|faint|p2a: Gardevoir\n|-damage|p1a: Iron Thorns|0 fnt|[from] Recoil\n|faint|p1a: Iron Thorns\n|-end|p1a: Iron Thorns|Quark Drive|[silent]\n|\n|win|craftex490gx\n|raw|craftex490gx's rating: 1150 &rarr; <strong>1177<\/strong><br \/>(+27 for winning)\n|raw|GlouD's rating: 1174 &rarr; <strong>1147<\/strong><br \/>(-27 for losing)\n|l|\u2606GlouD\n","uploadtime":1700533331,"views":2,"p1id":"craftex490gx","p2id":"gloud","formatid":"gen9nationaldex","rating":1147,"private":0,"password":""}