{"id":"gen9nationaldex-1988998572","p1":"HEATRANWEARSHERMES","p2":"ababkkk","format":"[Gen 9] National Dex","log":"|j|\u2606HEATRANWEARSHERMES\n|j|\u2606ababkkk\n|t:|1699800311\n|gametype|singles\n|player|p1|HEATRANWEARSHERMES|169|1497\n|player|p2|ababkkk|dawn|1505\n|teamsize|p1|6\n|teamsize|p2|6\n|gen|9\n|tier|[Gen 9] National Dex\n|rated|\n|rule|HP Percentage Mod: HP is shown in percentages\n|rule|Endless Battle Clause: Forcing endless battles is banned\n|rule|OHKO Clause: OHKO moves are banned\n|rule|Evasion Clause: Evasion abilities, items, and moves are banned\n|rule|Evasion Abilities Clause: Evasion abilities are banned\n|rule|Evasion Items Clause: Evasion items are banned\n|rule|Evasion Moves Clause: Evasion moves are banned\n|rule|Species Clause: Limit one of each Pok\u00e9mon\n|rule|Sleep Clause Mod: Limit one foe put to sleep\n|clearpoke\n|poke|p1|Pelipper, F|\n|poke|p1|Swampert, F|\n|poke|p1|Ferrothorn, F|\n|poke|p1|Basculegion, M|\n|poke|p1|Zapdos|\n|poke|p1|Garchomp, M|\n|poke|p2|Sinistcha|\n|poke|p2|Empoleon, M|\n|poke|p2|Tyranitar, F|\n|poke|p2|Garchomp, F|\n|poke|p2|Iron Moth|\n|poke|p2|Zapdos|\n|teampreview\n|inactive|Battle timer is ON: inactive players will automatically lose when time's up. (requested by HEATRANWEARSHERMES)\n|\n|t:|1699800319\n|start\n|switch|p1a: Garchomp|Garchomp, M|100\/100\n|switch|p2a: Garchomp|Garchomp, F|100\/100\n|turn|1\n|\n|t:|1699800326\n|-zpower|p2a: Garchomp\n|move|p2a: Garchomp|Devastating Drake|p1a: Garchomp|[zeffect]\n|-supereffective|p1a: Garchomp\n|-damage|p1a: Garchomp|0 fnt\n|faint|p1a: Garchomp\n|\n|upkeep\n|\n|t:|1699800336\n|switch|p1a: Pelipper|Pelipper, F|100\/100\n|-weather|RainDance|[from] ability: Drizzle|[of] p1a: Pelipper\n|turn|2\n|\n|t:|1699800349\n|switch|p2a: Empoleon|Empoleon, M|100\/100\n|switch|p1a: Swampert|Swampert, F|100\/100\n|\n|-weather|RainDance|[upkeep]\n|upkeep\n|turn|3\n|\n|t:|1699800359\n|switch|p2a: Sinistcha|Sinistcha|100\/100\n|detailschange|p1a: Swampert|Swampert-Mega, F\n|-mega|p1a: Swampert|Swampert|Swampertite\n|move|p1a: Swampert|Flip Turn|p2a: Sinistcha\n|-resisted|p2a: Sinistcha\n|-damage|p2a: Sinistcha|80\/100\n|\n|t:|1699800364\n|switch|p1a: Zapdos|Zapdos|100\/100|[from] Flip Turn\n|\n|-weather|RainDance|[upkeep]\n|-heal|p2a: Sinistcha|86\/100|[from] item: Leftovers\n|upkeep\n|turn|4\n|\n|t:|1699800373\n|switch|p2a: Tyranitar|Tyranitar, F|100\/100\n|-weather|Sandstorm|[from] ability: Sand Stream|[of] p2a: Tyranitar\n|move|p1a: Zapdos|Weather Ball|p2a: Tyranitar\n|-damage|p2a: Tyranitar|83\/100\n|\n|-weather|Sandstorm|[upkeep]\n|-damage|p1a: Zapdos|94\/100|[from] Sandstorm\n|upkeep\n|turn|5\n|\n|t:|1699800387\n|switch|p1a: Ferrothorn|Ferrothorn, F|100\/100\n|detailschange|p2a: Tyranitar|Tyranitar-Mega, F\n|-mega|p2a: Tyranitar|Tyranitar|Tyranitarite\n|move|p2a: Tyranitar|Knock Off|p1a: Ferrothorn\n|-damage|p1a: Ferrothorn|66\/100\n|-damage|p2a: Tyranitar|71\/100|[from] ability: Iron Barbs|[of] p1a: Ferrothorn\n|-enditem|p1a: Ferrothorn|Leftovers|[from] move: Knock Off|[of] p2a: Tyranitar\n|\n|-weather|Sandstorm|[upkeep]\n|upkeep\n|turn|6\n|\n|t:|1699800399\n|switch|p2a: Sinistcha|Sinistcha|86\/100\n|move|p1a: Ferrothorn|Stealth Rock|p2a: Sinistcha\n|-sidestart|p2: ababkkk|move: Stealth Rock\n|\n|-weather|Sandstorm|[upkeep]\n|-damage|p2a: Sinistcha|80\/100|[from] Sandstorm\n|-heal|p2a: Sinistcha|86\/100|[from] item: Leftovers\n|upkeep\n|turn|7\n|\n|t:|1699800409\n|move|p2a: Sinistcha|Shadow Ball|p1a: Ferrothorn\n|-damage|p1a: Ferrothorn|37\/100\n|-unboost|p1a: Ferrothorn|spd|1\n|move|p1a: Ferrothorn|Spikes|p2a: Sinistcha\n|-sidestart|p2: ababkkk|Spikes\n|\n|-weather|Sandstorm|[upkeep]\n|-damage|p2a: Sinistcha|80\/100|[from] Sandstorm\n|-heal|p2a: Sinistcha|86\/100|[from] item: Leftovers\n|upkeep\n|turn|8\n|\n|t:|1699800420\n|move|p2a: Sinistcha|Shadow Ball|p1a: Ferrothorn\n|-damage|p1a: Ferrothorn|0 fnt\n|faint|p1a: Ferrothorn\n|\n|-weather|none\n|-heal|p2a: Sinistcha|92\/100|[from] item: Leftovers\n|upkeep\n|\n|t:|1699800428\n|switch|p1a: Zapdos|Zapdos|94\/100\n|turn|9\n|\n|t:|1699800433\n|switch|p2a: Tyranitar|Tyranitar-Mega, F|71\/100\n|-damage|p2a: Tyranitar|58\/100|[from] Stealth Rock\n|-damage|p2a: Tyranitar|46\/100|[from] Spikes\n|-weather|Sandstorm|[from] ability: Sand Stream|[of] p2a: Tyranitar\n|move|p1a: Zapdos|Hurricane|p2a: Tyranitar\n|-resisted|p2a: Tyranitar\n|-damage|p2a: Tyranitar|34\/100\n|\n|-weather|Sandstorm|[upkeep]\n|-damage|p1a: Zapdos|88\/100|[from] Sandstorm\n|upkeep\n|turn|10\n|\n|t:|1699800454\n|-activate|p1a: Zapdos|move: Pursuit\n|move|p2a: Tyranitar|Pursuit|p1a: Zapdos|[from]Pursuit\n|-damage|p1a: Zapdos|29\/100\n|-status|p2a: Tyranitar|par|[from] ability: Static|[of] p1a: Zapdos\n|switch|p1a: Pelipper|Pelipper, F|100\/100\n|-weather|RainDance|[from] ability: Drizzle|[of] p1a: Pelipper\n|\n|-weather|RainDance|[upkeep]\n|upkeep\n|turn|11\n|\n|t:|1699800467\n|switch|p2a: Empoleon|Empoleon, M|100\/100\n|-damage|p2a: Empoleon|94\/100|[from] Stealth Rock\n|-damage|p2a: Empoleon|82\/100|[from] Spikes\n|move|p1a: Pelipper|U-turn|p2a: Empoleon\n|-resisted|p2a: Empoleon\n|-damage|p2a: Empoleon|78\/100\n|\n|t:|1699800475\n|switch|p1a: Swampert|Swampert-Mega, F|100\/100|[from] U-turn\n|\n|-weather|RainDance|[upkeep]\n|-heal|p2a: Empoleon|84\/100|[from] item: Leftovers\n|upkeep\n|turn|12\n|\n|t:|1699800484\n|-terastallize|p2a: Empoleon|Flying\n|move|p1a: Swampert|Earthquake|p2a: Empoleon\n|-immune|p2a: Empoleon\n|move|p2a: Empoleon|Defog|p1a: Swampert\n|-unboost|p1a: Swampert|evasion|1\n|-sideend|p2: ababkkk|Spikes|[from] move: Defog|[of] p2a: Empoleon\n|-sideend|p2: ababkkk|Stealth Rock|[from] move: Defog|[of] p2a: Empoleon\n|\n|-weather|RainDance|[upkeep]\n|-heal|p2a: Empoleon|90\/100|[from] item: Leftovers\n|upkeep\n|turn|13\n|\n|t:|1699800496\n|switch|p2a: Sinistcha|Sinistcha|92\/100\n|move|p1a: Swampert|Liquidation|p2a: Sinistcha\n|-resisted|p2a: Sinistcha\n|-damage|p2a: Sinistcha|64\/100\n|\n|-weather|RainDance|[upkeep]\n|-heal|p2a: Sinistcha|70\/100|[from] item: Leftovers\n|upkeep\n|turn|14\n|\n|t:|1699800507\n|move|p1a: Swampert|Flip Turn|p2a: Sinistcha\n|-resisted|p2a: Sinistcha\n|-damage|p2a: Sinistcha|51\/100\n|\n|t:|1699800512\n|switch|p1a: Zapdos|Zapdos|29\/100|[from] Flip Turn\n|move|p2a: Sinistcha|Shadow Ball|p1a: Zapdos\n|-damage|p1a: Zapdos|0 fnt\n|faint|p1a: Zapdos\n|\n|-weather|RainDance|[upkeep]\n|-heal|p2a: Sinistcha|57\/100|[from] item: Leftovers\n|upkeep\n|\n|t:|1699800515\n|switch|p1a: Basculegion|Basculegion, M|100\/100\n|turn|15\n|\n|t:|1699800528\n|switch|p2a: Empoleon|Empoleon, M, tera:Flying|90\/100\n|-terastallize|p1a: Basculegion|Water\n|move|p1a: Basculegion|Wave Crash|p2a: Empoleon\n|-damage|p2a: Empoleon|0 fnt\n|faint|p2a: Empoleon\n|-damage|p1a: Basculegion|72\/100|[from] Recoil\n|\n|-weather|RainDance|[upkeep]\n|upkeep\n|\n|t:|1699800540\n|switch|p2a: Tyranitar|Tyranitar-Mega, F|34\/100 par\n|-weather|Sandstorm|[from] ability: Sand Stream|[of] p2a: Tyranitar\n|turn|16\n|\n|t:|1699800551\n|switch|p2a: Zapdos|Zapdos|100\/100\n|move|p1a: Basculegion|Wave Crash|p2a: Zapdos\n|-damage|p2a: Zapdos|6\/100\n|-damage|p1a: Basculegion|40\/100|[from] Recoil\n|\n|-weather|Sandstorm|[upkeep]\n|-damage|p1a: Basculegion|34\/100|[from] Sandstorm\n|-damage|p2a: Zapdos|0 fnt|[from] Sandstorm\n|faint|p2a: Zapdos\n|upkeep\n|\n|t:|1699800570\n|switch|p2a: Iron Moth|Iron Moth|100\/100\n|-enditem|p2a: Iron Moth|Booster Energy\n|-activate|p2a: Iron Moth|ability: Quark Drive|[fromitem]\n|-start|p2a: Iron Moth|quarkdrivespe\n|turn|17\n|\n|t:|1699800577\n|switch|p1a: Pelipper|Pelipper, F|100\/100\n|-weather|RainDance|[from] ability: Drizzle|[of] p1a: Pelipper\n|move|p2a: Iron Moth|Energy Ball|p1a: Pelipper\n|-damage|p1a: Pelipper|57\/100\n|\n|-weather|RainDance|[upkeep]\n|upkeep\n|turn|18\n|\n|t:|1699800591\n|-end|p2a: Iron Moth|Quark Drive|[silent]\n|switch|p2a: Garchomp|Garchomp, F|100\/100\n|move|p1a: Pelipper|Scald|p2a: Garchomp\n|-damage|p2a: Garchomp|60\/100\n|\n|-weather|RainDance|[upkeep]\n|upkeep\n|turn|19\n|\n|t:|1699800600\n|switch|p1a: Swampert|Swampert-Mega, F|100\/100\n|move|p2a: Garchomp|Outrage|p1a: Swampert\n|-damage|p1a: Swampert|42\/100\n|\n|-weather|RainDance|[upkeep]\n|upkeep\n|turn|20\n|\n|t:|1699800609\n|move|p1a: Swampert|Ice Punch|p2a: Garchomp\n|-supereffective|p2a: Garchomp\n|-damage|p2a: Garchomp|0 fnt\n|-damage|p1a: Swampert|30\/100|[from] ability: Rough Skin|[of] p2a: Garchomp\n|faint|p2a: Garchomp\n|\n|-weather|RainDance|[upkeep]\n|upkeep\n|\n|t:|1699800617\n|switch|p2a: Tyranitar|Tyranitar-Mega, F|34\/100 par\n|-weather|Sandstorm|[from] ability: Sand Stream|[of] p2a: Tyranitar\n|turn|21\n|\n|t:|1699800623\n|switch|p2a: Sinistcha|Sinistcha|57\/100\n|move|p1a: Swampert|Ice Punch|p2a: Sinistcha\n|-supereffective|p2a: Sinistcha\n|-damage|p2a: Sinistcha|14\/100\n|\n|-weather|Sandstorm|[upkeep]\n|-damage|p2a: Sinistcha|8\/100|[from] Sandstorm\n|-heal|p2a: Sinistcha|14\/100|[from] item: Leftovers\n|upkeep\n|turn|22\n|\n|t:|1699800638\n|switch|p2a: Iron Moth|Iron Moth|100\/100\n|move|p1a: Swampert|Earthquake|p2a: Iron Moth\n|-supereffective|p2a: Iron Moth\n|-damage|p2a: Iron Moth|0 fnt\n|faint|p2a: Iron Moth\n|-end|p2a: Iron Moth|Quark Drive|[silent]\n|\n|-weather|Sandstorm|[upkeep]\n|upkeep\n|-message|ababkkk forfeited.\n|\n|win|HEATRANWEARSHERMES\n|raw|HEATRANWEARSHERMES's rating: 1497 &rarr; <strong>1517<\/strong><br \/>(+20 for winning)\n|raw|ababkkk's rating: 1505 &rarr; <strong>1485<\/strong><br \/>(-20 for losing)\n|l|\u2606ababkkk\n","uploadtime":1699800659,"views":19,"p1id":"heatranwearshermes","p2id":"ababkkk","formatid":"gen9nationaldex","rating":1485,"private":0,"password":""}