{"id":"gen9nationaldex-1991134544","p1":"imboredhelp","p2":"Lena The Lesbian","format":"[Gen 9] National Dex","log":"|j|\u203dimboredhelp\n|j|\u2606Lena The Lesbian\n|t:|1700048183\n|gametype|singles\n|player|p1|imboredhelp|colress|1167\n|player|p2|Lena The Lesbian|dawn|1227\n|teamsize|p1|6\n|teamsize|p2|6\n|gen|9\n|tier|[Gen 9] National Dex\n|rated|\n|rule|HP Percentage Mod: HP is shown in percentages\n|rule|Endless Battle Clause: Forcing endless battles is banned\n|rule|OHKO Clause: OHKO moves are banned\n|rule|Evasion Clause: Evasion abilities, items, and moves are banned\n|rule|Evasion Abilities Clause: Evasion abilities are banned\n|rule|Evasion Items Clause: Evasion items are banned\n|rule|Evasion Moves Clause: Evasion moves are banned\n|rule|Species Clause: Limit one of each Pok\u00e9mon\n|rule|Sleep Clause Mod: Limit one foe put to sleep\n|clearpoke\n|poke|p1|Beedrill, F|\n|poke|p1|Ninetales-Alola, F|\n|poke|p1|Arctozolt|\n|poke|p1|Excadrill, M|\n|poke|p1|Kartana|\n|poke|p1|Greninja-*, F|\n|poke|p2|Tangela, F|\n|poke|p2|Piloswine, F|\n|poke|p2|Araquanid, F|\n|poke|p2|Murkrow, F|\n|poke|p2|Nihilego|\n|poke|p2|Slowking, F|\n|teampreview\n|\n|t:|1700048196\n|start\n|switch|p1a: Excadrill|Excadrill, M|100\/100\n|switch|p2a: Charlotte|Araquanid, F, shiny|100\/100\n|-ability|p1a: Excadrill|Mold Breaker\n|turn|1\n|\n|t:|1700048200\n|move|p1a: Excadrill|Rock Tomb|p2a: Charlotte\n|-supereffective|p2a: Charlotte\n|-damage|p2a: Charlotte|52\/100\n|-unboost|p2a: Charlotte|spe|1\n|move|p2a: Charlotte|Liquidation|p1a: Excadrill\n|-supereffective|p1a: Excadrill\n|-enditem|p1a: Excadrill|Focus Sash\n|-damage|p1a: Excadrill|1\/100\n|\n|upkeep\n|turn|2\n|\n|t:|1700048206\n|switch|p2a: Pillow|Piloswine, F, shiny|100\/100\n|move|p1a: Excadrill|Stealth Rock|p2a: Pillow\n|-sidestart|p2: Lena The Lesbian|move: Stealth Rock\n|\n|upkeep\n|turn|3\n|inactive|Battle timer is ON: inactive players will automatically lose when time's up. (requested by Lena The Lesbian)\n|\n|t:|1700048217\n|move|p2a: Pillow|Ice Shard|p1a: Excadrill\n|-damage|p1a: Excadrill|0 fnt\n|faint|p1a: Excadrill\n|\n|upkeep\n|\n|t:|1700048226\n|switch|p1a: Ninetales|Ninetales-Alola, F|100\/100\n|-weather|Snow|[from] ability: Snow Warning|[of] p1a: Ninetales\n|turn|4\n|\n|t:|1700048232\n|-terastallize|p2a: Pillow|Ground\n|move|p1a: Ninetales|Aurora Veil|p1a: Ninetales\n|-sidestart|p1: imboredhelp|move: Aurora Veil\n|move|p2a: Pillow|Earthquake|p1a: Ninetales\n|-damage|p1a: Ninetales|70\/100\n|\n|-weather|Snow|[upkeep]\n|upkeep\n|turn|5\n|\n|t:|1700048241\n|move|p1a: Ninetales|Blizzard|p2a: Pillow\n|-supereffective|p2a: Pillow\n|-damage|p2a: Pillow|62\/100\n|move|p2a: Pillow|Earthquake|p1a: Ninetales\n|-damage|p1a: Ninetales|36\/100\n|\n|-weather|Snow|[upkeep]\n|upkeep\n|turn|6\n|\n|t:|1700048247\n|switch|p1a: Arctozolt|Arctozolt|100\/100\n|move|p2a: Pillow|Earthquake|p1a: Arctozolt\n|-supereffective|p1a: Arctozolt\n|-damage|p1a: Arctozolt|51\/100\n|-enditem|p1a: Arctozolt|Weakness Policy\n|-boost|p1a: Arctozolt|atk|2|[from] item: Weakness Policy\n|-boost|p1a: Arctozolt|spa|2|[from] item: Weakness Policy\n|\n|-weather|Snow|[upkeep]\n|upkeep\n|turn|7\n|\n|t:|1700048255\n|move|p1a: Arctozolt|Icicle Crash|p2a: Pillow\n|-supereffective|p2a: Pillow\n|-damage|p2a: Pillow|14\/100\n|move|p2a: Pillow|Earthquake|p1a: Arctozolt\n|-supereffective|p1a: Arctozolt\n|-damage|p1a: Arctozolt|0 fnt\n|faint|p1a: Arctozolt\n|\n|-weather|Snow|[upkeep]\n|upkeep\n|\n|t:|1700048270\n|switch|p1a: Beedrill|Beedrill, F|100\/100\n|turn|8\n|\n|t:|1700048276\n|detailschange|p1a: Beedrill|Beedrill-Mega, F\n|-mega|p1a: Beedrill|Beedrill|Beedrillite\n|move|p2a: Pillow|Ice Shard|p1a: Beedrill\n|-damage|p1a: Beedrill|75\/100\n|move|p1a: Beedrill|Fell Stinger|p2a: Pillow\n|-damage|p2a: Pillow|0 fnt\n|faint|p2a: Pillow\n|-boost|p1a: Beedrill|atk|3\n|\n|-weather|none\n|upkeep\n|\n|t:|1700048291\n|switch|p2a: Charlotte|Araquanid, F, shiny|52\/100\n|-damage|p2a: Charlotte|27\/100|[from] Stealth Rock\n|turn|9\n|\n|t:|1700048296\n|move|p1a: Beedrill|Poison Jab|p2a: Charlotte\n|-damage|p2a: Charlotte|0 fnt\n|faint|p2a: Charlotte\n|\n|upkeep\n|\n|t:|1700048315\n|switch|p2a: Nimbus|Murkrow, F, shiny|100\/100\n|-damage|p2a: Nimbus|76\/100|[from] Stealth Rock\n|turn|10\n|\n|t:|1700048323\n|move|p2a: Nimbus|Substitute|p2a: Nimbus\n|-start|p2a: Nimbus|Substitute\n|-damage|p2a: Nimbus|51\/100\n|move|p1a: Beedrill|Poison Jab|p2a: Nimbus\n|-end|p2a: Nimbus|Substitute\n|\n|upkeep\n|turn|11\n|\n|t:|1700048329\n|move|p2a: Nimbus|Substitute|p2a: Nimbus\n|-start|p2a: Nimbus|Substitute\n|-damage|p2a: Nimbus|26\/100\n|move|p1a: Beedrill|Poison Jab|p2a: Nimbus\n|-end|p2a: Nimbus|Substitute\n|\n|-sideend|p1: imboredhelp|move: Aurora Veil\n|upkeep\n|turn|12\n|c|\u2606Lena The Lesbian|Its Beedrover.\n|\n|t:|1700048343\n|-zpower|p2a: Nimbus\n|move|p2a: Nimbus|Z-Mirror Move|p1a: Beedrill|[anim]Mirror Move\n|-boost|p2a: Nimbus|atk|2|[zeffect]\n|move|p2a: Nimbus|Acid Downpour|p1a: Beedrill|[from]move: Mirror Move\n|-resisted|p1a: Beedrill\n|-damage|p1a: Beedrill|0 fnt\n|faint|p1a: Beedrill\n|\n|upkeep\n|\n|t:|1700048367\n|switch|p1a: Kartana|Kartana|100\/100\n|turn|13\n|\n|t:|1700048377\n|move|p2a: Nimbus|Substitute|p2a: Nimbus\n|-start|p2a: Nimbus|Substitute\n|-damage|p2a: Nimbus|1\/100\n|move|p1a: Kartana|Sacred Sword|p2a: Nimbus\n|-end|p2a: Nimbus|Substitute\n|\n|upkeep\n|turn|14\n|\n|t:|1700048387\n|move|p2a: Nimbus|Mirror Move|p1a: Kartana\n|move|p2a: Nimbus|Sacred Sword|p1a: Kartana|[from]move: Mirror Move\n|-supereffective|p1a: Kartana\n|-damage|p1a: Kartana|0 fnt\n|faint|p1a: Kartana\n|\n|upkeep\n|\n|t:|1700048393\n|switch|p1a: Ninetales|Ninetales-Alola, F|36\/100\n|-weather|Snow|[from] ability: Snow Warning|[of] p1a: Ninetales\n|turn|15\n|\n|t:|1700048397\n|move|p1a: Ninetales|Freeze-Dry|p2a: Nimbus\n|-supereffective|p2a: Nimbus\n|-damage|p2a: Nimbus|0 fnt\n|faint|p2a: Nimbus\n|\n|-weather|Snow|[upkeep]\n|upkeep\n|\n|t:|1700048401\n|switch|p2a: Noodles Lesbian GF|Nihilego, shiny|100\/100\n|-damage|p2a: Noodles Lesbian GF|88\/100|[from] Stealth Rock\n|turn|16\n|\n|t:|1700048406\n|move|p1a: Ninetales|Aurora Veil|p1a: Ninetales\n|-sidestart|p1: imboredhelp|move: Aurora Veil\n|move|p2a: Noodles Lesbian GF|Sludge Bomb|p1a: Ninetales\n|-supereffective|p1a: Ninetales\n|-damage|p1a: Ninetales|0 fnt\n|faint|p1a: Ninetales\n|-ability|p2a: Noodles Lesbian GF|Beast Boost|boost\n|-boost|p2a: Noodles Lesbian GF|spa|1\n|\n|-weather|Snow|[upkeep]\n|upkeep\n|\n|t:|1700048410\n|switch|p1a: Greninja|Greninja, F|100\/100\n|turn|17\n|\n|t:|1700048423\n|move|p1a: Greninja|Dark Pulse|p2a: Noodles Lesbian GF\n|-start|p1a: Greninja|typechange|Dark|[from] ability: Protean\n|-damage|p2a: Noodles Lesbian GF|62\/100\n|move|p2a: Noodles Lesbian GF|Thunderbolt|p1a: Greninja\n|-damage|p1a: Greninja|62\/100\n|\n|-weather|Snow|[upkeep]\n|upkeep\n|turn|18\n|\n|t:|1700048431\n|move|p1a: Greninja|Dark Pulse|p2a: Noodles Lesbian GF\n|-damage|p2a: Noodles Lesbian GF|37\/100\n|cant|p2a: Noodles Lesbian GF|flinch\n|\n|-weather|Snow|[upkeep]\n|upkeep\n|turn|19\n|inactive|Lena The Lesbian has 120 seconds left.\n|\n|t:|1700048465\n|move|p1a: Greninja|Dark Pulse|p2a: Noodles Lesbian GF\n|-damage|p2a: Noodles Lesbian GF|11\/100\n|cant|p2a: Noodles Lesbian GF|flinch\n|\n|-weather|none\n|upkeep\n|turn|20\n|\n|t:|1700048473\n|move|p1a: Greninja|Dark Pulse|p2a: Noodles Lesbian GF\n|-damage|p2a: Noodles Lesbian GF|0 fnt\n|faint|p2a: Noodles Lesbian GF\n|\n|upkeep\n|\n|t:|1700048474\n|switch|p2a: Noodle|Tangela, F, shiny|100\/100\n|-damage|p2a: Noodle|88\/100|[from] Stealth Rock\n|turn|21\n|\n|t:|1700048479\n|move|p1a: Greninja|Dark Pulse|p2a: Noodle\n|-damage|p2a: Noodle|9\/100\n|move|p2a: Noodle|Giga Drain|p1a: Greninja\n|-damage|p1a: Greninja|33\/100\n|-heal|p2a: Noodle|21\/100|[from] drain|[of] p1a: Greninja\n|\n|upkeep\n|turn|22\n|-message|Lena The Lesbian forfeited.\n|\n|win|imboredhelp\n|raw|imboredhelp's rating: 1167 &rarr; <strong>1196<\/strong><br \/>(+29 for winning)\n|raw|Lena The Lesbian's rating: 1227 &rarr; <strong>1198<\/strong><br \/>(-29 for losing)\n|l|\u2606Lena The Lesbian\n","uploadtime":1700048493,"views":6,"p1id":"imboredhelp","p2id":"lenathelesbian","formatid":"gen9nationaldex","rating":1196,"private":0,"password":""}