{"id":"gen9nationaldex-1987357639","p1":"savagewolf98420","p2":"bananaszn","format":"[Gen 9] National Dex","log":"|j|\u2606savagewolf98420\n|j|\u2606bananaszn\n|t:|1699581366\n|gametype|singles\n|player|p1|savagewolf98420|koga|1000\n|player|p2|bananaszn|brycen|1021\n|teamsize|p1|6\n|teamsize|p2|6\n|gen|9\n|tier|[Gen 9] National Dex\n|rated|\n|rule|HP Percentage Mod: HP is shown in percentages\n|rule|Endless Battle Clause: Forcing endless battles is banned\n|rule|OHKO Clause: OHKO moves are banned\n|rule|Evasion Clause: Evasion abilities, items, and moves are banned\n|rule|Evasion Abilities Clause: Evasion abilities are banned\n|rule|Evasion Items Clause: Evasion items are banned\n|rule|Evasion Moves Clause: Evasion moves are banned\n|rule|Species Clause: Limit one of each Pok\u00e9mon\n|rule|Sleep Clause Mod: Limit one foe put to sleep\n|clearpoke\n|poke|p1|Reuniclus, F|\n|poke|p1|Jirachi|\n|poke|p1|Serperior, F|\n|poke|p1|Togekiss, M|\n|poke|p1|Deoxys-Defense|\n|poke|p1|Kommo-o, M|\n|poke|p2|Ambipom, M|\n|poke|p2|Heracross, M|\n|poke|p2|Cinccino, M|\n|poke|p2|Cloyster, F|\n|poke|p2|Toucannon, F|\n|poke|p2|Charizard, M|\n|teampreview\n|\n|t:|1699581376\n|start\n|switch|p1a: Jirachi|Jirachi|100\/100\n|switch|p2a: Ambipom|Ambipom, M|100\/100\n|turn|1\n|inactive|Battle timer is ON: inactive players will automatically lose when time's up. (requested by savagewolf98420)\n|\n|t:|1699581385\n|move|p2a: Ambipom|Fake Out|p1a: Jirachi\n|-resisted|p1a: Jirachi\n|-damage|p1a: Jirachi|87\/100\n|cant|p1a: Jirachi|flinch\n|\n|upkeep\n|turn|2\n|j| cheezerrat\n|\n|t:|1699581391\n|move|p1a: Jirachi|Iron Head|p2a: Ambipom\n|-damage|p2a: Ambipom|43\/100\n|move|p2a: Ambipom|Hone Claws|p2a: Ambipom\n|-boost|p2a: Ambipom|atk|1\n|-boost|p2a: Ambipom|accuracy|1\n|\n|upkeep\n|turn|3\n|\n|t:|1699581398\n|move|p1a: Jirachi|Iron Head|p2a: Ambipom\n|-damage|p2a: Ambipom|0 fnt\n|faint|p2a: Ambipom\n|\n|upkeep\n|\n|t:|1699581411\n|switch|p2a: Charizard|Charizard, M|100\/100\n|turn|4\n|\n|t:|1699581425\n|switch|p1a: Deoxys|Deoxys-Defense|100\/100\n|-ability|p1a: Deoxys|Pressure\n|move|p2a: Charizard|Dragon Tail|p1a: Deoxys\n|-damage|p1a: Deoxys|89\/100\n|drag|p1a: Jirachi|Jirachi|87\/100\n|\n|upkeep\n|turn|5\n|\n|t:|1699581445\n|move|p1a: Jirachi|Zen Headbutt|p2a: Charizard\n|-damage|p2a: Charizard|48\/100\n|cant|p2a: Charizard|flinch\n|\n|upkeep\n|turn|6\n|\n|t:|1699581457\n|switch|p2a: Cloyster|Cloyster, F|100\/100\n|move|p1a: Jirachi|Zen Headbutt|p2a: Cloyster\n|-damage|p2a: Cloyster|72\/100\n|\n|upkeep\n|turn|7\n|\n|t:|1699581482\n|switch|p1a: Deoxys|Deoxys-Defense|89\/100\n|-ability|p1a: Deoxys|Pressure\n|switch|p2a: Charizard|Charizard, M|48\/100\n|\n|-heal|p1a: Deoxys|95\/100|[from] item: Leftovers\n|upkeep\n|turn|8\n|\n|t:|1699581492\n|move|p2a: Charizard|Flamethrower|p1a: Deoxys\n|-damage|p1a: Deoxys|76\/100\n|move|p1a: Deoxys|Cosmic Power|p1a: Deoxys\n|-boost|p1a: Deoxys|def|1\n|-boost|p1a: Deoxys|spd|1\n|\n|-heal|p1a: Deoxys|83\/100|[from] item: Leftovers\n|upkeep\n|turn|9\n|\n|t:|1699581501\n|move|p1a: Deoxys|Cosmic Power|p1a: Deoxys\n|-boost|p1a: Deoxys|def|1\n|-boost|p1a: Deoxys|spd|1\n|move|p2a: Charizard|Dragon Tail|p1a: Deoxys\n|-damage|p1a: Deoxys|77\/100\n|drag|p1a: Togekiss|Togekiss, M|100\/100\n|\n|upkeep\n|turn|10\n|\n|t:|1699581523\n|move|p2a: Charizard|Defog|p1a: Togekiss\n|-unboost|p1a: Togekiss|evasion|1\n|move|p1a: Togekiss|Air Slash|p2a: Charizard\n|-damage|p2a: Charizard|1\/100\n|\n|upkeep\n|turn|11\n|\n|t:|1699581531\n|move|p2a: Charizard|Flamethrower|p1a: Togekiss\n|-damage|p1a: Togekiss|56\/100\n|move|p1a: Togekiss|Air Slash|p2a: Charizard\n|-damage|p2a: Charizard|0 fnt\n|faint|p2a: Charizard\n|\n|-heal|p1a: Togekiss|62\/100|[from] item: Leftovers\n|upkeep\n|\n|t:|1699581541\n|switch|p2a: Cinccino|Cinccino, M|100\/100\n|turn|12\n|\n|t:|1699581548\n|move|p2a: Cinccino|Rock Blast|p1a: Togekiss\n|-supereffective|p1a: Togekiss\n|-damage|p1a: Togekiss|45\/100\n|-supereffective|p1a: Togekiss\n|-damage|p1a: Togekiss|30\/100\n|-supereffective|p1a: Togekiss\n|-damage|p1a: Togekiss|12\/100\n|-supereffective|p1a: Togekiss\n|-damage|p1a: Togekiss|0 fnt\n|faint|p1a: Togekiss\n|-hitcount|p1: Togekiss|4\n|\n|upkeep\n|\n|t:|1699581559\n|switch|p1a: Jirachi|Jirachi|87\/100\n|turn|13\n|\n|t:|1699581565\n|move|p1a: Jirachi|Iron Head|p2a: Cinccino\n|-damage|p2a: Cinccino|41\/100\n|cant|p2a: Cinccino|flinch\n|\n|upkeep\n|turn|14\n|\n|t:|1699581572\n|move|p1a: Jirachi|Iron Head|p2a: Cinccino\n|-damage|p2a: Cinccino|0 fnt\n|faint|p2a: Cinccino\n|\n|upkeep\n|\n|t:|1699581576\n|switch|p2a: Heracross|Heracross, M|100\/100\n|turn|15\n|\n|t:|1699581583\n|switch|p1a: Serperior|Serperior, F|100\/100\n|detailschange|p2a: Heracross|Heracross-Mega, M\n|-mega|p2a: Heracross|Heracross|Heracronite\n|move|p2a: Heracross|Bulk Up|p2a: Heracross\n|-boost|p2a: Heracross|atk|1\n|-boost|p2a: Heracross|def|1\n|\n|upkeep\n|turn|16\n|\n|t:|1699581606\n|move|p1a: Serperior|Glare|p2a: Heracross\n|-status|p2a: Heracross|par\n|move|p2a: Heracross|Brick Break|p1a: Serperior\n|-crit|p1a: Serperior\n|-damage|p1a: Serperior|0 fnt\n|faint|p1a: Serperior\n|\n|upkeep\n|\n|t:|1699581616\n|switch|p1a: Deoxys|Deoxys-Defense|77\/100\n|-ability|p1a: Deoxys|Pressure\n|turn|17\n|\n|t:|1699581633\n|move|p1a: Deoxys|Cosmic Power|p1a: Deoxys\n|-boost|p1a: Deoxys|def|1\n|-boost|p1a: Deoxys|spd|1\n|cant|p2a: Heracross|par\n|\n|-heal|p1a: Deoxys|83\/100|[from] item: Leftovers\n|upkeep\n|turn|18\n|\n|t:|1699581642\n|move|p1a: Deoxys|Cosmic Power|p1a: Deoxys\n|-boost|p1a: Deoxys|def|1\n|-boost|p1a: Deoxys|spd|1\n|move|p2a: Heracross|Bulk Up|p2a: Heracross\n|-boost|p2a: Heracross|atk|1\n|-boost|p2a: Heracross|def|1\n|\n|-heal|p1a: Deoxys|89\/100|[from] item: Leftovers\n|upkeep\n|turn|19\n|\n|t:|1699581652\n|move|p1a: Deoxys|Cosmic Power|p1a: Deoxys\n|-boost|p1a: Deoxys|def|1\n|-boost|p1a: Deoxys|spd|1\n|cant|p2a: Heracross|par\n|\n|-heal|p1a: Deoxys|96\/100|[from] item: Leftovers\n|upkeep\n|turn|20\n|\n|t:|1699581667\n|move|p1a: Deoxys|Seismic Toss|p2a: Heracross\n|-damage|p2a: Heracross|73\/100 par\n|cant|p2a: Heracross|par\n|\n|-heal|p1a: Deoxys|100\/100|[from] item: Leftovers\n|upkeep\n|turn|21\n|\n|t:|1699581676\n|move|p1a: Deoxys|Seismic Toss|p2a: Heracross\n|-damage|p2a: Heracross|46\/100 par\n|move|p2a: Heracross|Bulk Up|p2a: Heracross\n|-boost|p2a: Heracross|atk|1\n|-boost|p2a: Heracross|def|1\n|\n|upkeep\n|turn|22\n|\n|t:|1699581683\n|move|p1a: Deoxys|Night Shade|p2a: Heracross\n|-damage|p2a: Heracross|18\/100 par\n|move|p2a: Heracross|Bullet Seed|p1a: Deoxys\n|-damage|p1a: Deoxys|90\/100\n|-damage|p1a: Deoxys|81\/100\n|-damage|p1a: Deoxys|71\/100\n|-damage|p1a: Deoxys|61\/100\n|-damage|p1a: Deoxys|51\/100\n|-hitcount|p1a: Deoxys|5\n|\n|-heal|p1a: Deoxys|57\/100|[from] item: Leftovers\n|upkeep\n|turn|23\n|\n|t:|1699581697\n|switch|p2a: Toucannon|Toucannon, F|100\/100\n|move|p1a: Deoxys|Night Shade|p2a: Toucannon\n|-immune|p2a: Toucannon\n|\n|-heal|p1a: Deoxys|64\/100|[from] item: Leftovers\n|upkeep\n|turn|24\n|\n|t:|1699581708\n|move|p1a: Deoxys|Seismic Toss|p2a: Toucannon\n|-damage|p2a: Toucannon|73\/100\n|move|p2a: Toucannon|U-turn|p1a: Deoxys\n|-supereffective|p1a: Deoxys\n|-damage|p1a: Deoxys|40\/100\n|\n|t:|1699581716\n|switch|p2a: Heracross|Heracross-Mega, M|18\/100 par|[from] U-turn\n|\n|-heal|p1a: Deoxys|46\/100|[from] item: Leftovers\n|upkeep\n|turn|25\n|\n|t:|1699581726\n|move|p1a: Deoxys|Recover|p1a: Deoxys\n|-heal|p1a: Deoxys|96\/100\n|cant|p2a: Heracross|par\n|\n|-heal|p1a: Deoxys|100\/100|[from] item: Leftovers\n|upkeep\n|turn|26\n|\n|t:|1699581734\n|move|p1a: Deoxys|Cosmic Power|p1a: Deoxys\n|-boost|p1a: Deoxys|def|1\n|-boost|p1a: Deoxys|spd|1\n|move|p2a: Heracross|Brick Break|p1a: Deoxys\n|-resisted|p1a: Deoxys\n|-damage|p1a: Deoxys|93\/100\n|\n|-heal|p1a: Deoxys|99\/100|[from] item: Leftovers\n|upkeep\n|turn|27\n|\n|t:|1699581744\n|move|p1a: Deoxys|Seismic Toss|p2a: Heracross\n|-damage|p2a: Heracross|0 fnt\n|faint|p2a: Heracross\n|\n|-heal|p1a: Deoxys|100\/100|[from] item: Leftovers\n|upkeep\n|\n|t:|1699581750\n|switch|p2a: Cloyster|Cloyster, F|72\/100\n|turn|28\n|\n|t:|1699581756\n|move|p2a: Cloyster|Shell Smash|p2a: Cloyster\n|-unboost|p2a: Cloyster|def|1\n|-unboost|p2a: Cloyster|spd|1\n|-boost|p2a: Cloyster|atk|2\n|-boost|p2a: Cloyster|spa|2\n|-boost|p2a: Cloyster|spe|2\n|-enditem|p2a: Cloyster|White Herb\n|-clearnegativeboost|p2a: Cloyster|[silent]\n|move|p1a: Deoxys|Night Shade|p2a: Cloyster\n|-damage|p2a: Cloyster|30\/100\n|\n|upkeep\n|turn|29\n|\n|t:|1699581768\n|move|p2a: Cloyster|Icicle Spear|p1a: Deoxys\n|-damage|p1a: Deoxys|94\/100\n|-crit|p1a: Deoxys\n|-damage|p1a: Deoxys|69\/100\n|-damage|p1a: Deoxys|63\/100\n|-damage|p1a: Deoxys|57\/100\n|-damage|p1a: Deoxys|51\/100\n|-hitcount|p1a: Deoxys|5\n|move|p1a: Deoxys|Seismic Toss|p2a: Cloyster\n|-damage|p2a: Cloyster|0 fnt\n|faint|p2a: Cloyster\n|\n|-heal|p1a: Deoxys|57\/100|[from] item: Leftovers\n|upkeep\n|\n|t:|1699581772\n|switch|p2a: Toucannon|Toucannon, F|73\/100\n|turn|30\n|-message|bananaszn forfeited.\n|\n|win|savagewolf98420\n|raw|savagewolf98420's rating: 1000 &rarr; <strong>1042<\/strong><br \/>(+42 for winning)\n|raw|bananaszn's rating: 1021 &rarr; <strong>1007<\/strong><br \/>(-14 for losing)\n|l|\u2606bananaszn\n|l| cheezerrat\n","uploadtime":1699581789,"views":4,"p1id":"savagewolf98420","p2id":"bananaszn","formatid":"gen9nationaldex","rating":1007,"private":0,"password":""}