{"id":"gen9nationaldex-1987108270","p1":"gojo223","p2":"S0A0M0I0","format":"[Gen 9] National Dex","log":"|j|\u2606gojo223\n|j|\u2606S0A0M0I0\n|inactive|Battle timer is ON: inactive players will automatically lose when time's up.\n|t:|1699556719\n|gametype|singles\n|player|p1|gojo223|266|\n|player|p2|S0A0M0I0|unknown|\n|teamsize|p1|6\n|teamsize|p2|6\n|gen|9\n|tier|[Gen 9] National Dex\n|rated|Tournament battle\n|rule|HP Percentage Mod: HP is shown in percentages\n|rule|Endless Battle Clause: Forcing endless battles is banned\n|rule|OHKO Clause: OHKO moves are banned\n|rule|Evasion Clause: Evasion abilities, items, and moves are banned\n|rule|Evasion Abilities Clause: Evasion abilities are banned\n|rule|Evasion Items Clause: Evasion items are banned\n|rule|Evasion Moves Clause: Evasion moves are banned\n|rule|Species Clause: Limit one of each Pok\u00e9mon\n|rule|Sleep Clause Mod: Limit one foe put to sleep\n|clearpoke\n|poke|p1|Lycanroc-Midnight, F|\n|poke|p1|Gliscor, M|\n|poke|p1|Pawmot, F|\n|poke|p1|Samurott, F|\n|poke|p1|Decidueye-Hisui, F|\n|poke|p1|Emboar, F|\n|poke|p2|Garchomp, M|\n|poke|p2|Kartana|\n|poke|p2|Tapu Koko|\n|poke|p2|Iron Valiant|\n|poke|p2|Volcarona, F|\n|poke|p2|Sneasler, M|\n|teampreview\n|c|\u2606gojo223|good luck have fun\n|c|\u2606S0A0M0I0|u2\n|\n|t:|1699556734\n|start\n|switch|p1a: Pawmot|Pawmot, F|100\/100\n|switch|p2a: Tapu Koko|Tapu Koko|100\/100\n|-fieldstart|move: Electric Terrain|[from] ability: Electric Surge|[of] p2a: Tapu Koko\n|turn|1\n|\n|t:|1699556755\n|switch|p1a: Gliscor|Gliscor, M|100\/100\n|move|p2a: Tapu Koko|U-turn|p1a: Gliscor\n|-resisted|p1a: Gliscor\n|-damage|p1a: Gliscor|92\/100\n|\n|t:|1699556779\n|switch|p2a: Sneasler|Sneasler, M|100\/100|[from] U-turn\n|-enditem|p2a: Sneasler|Electric Seed\n|-boost|p2a: Sneasler|def|1|[from] item: Electric Seed\n|\n|-status|p1a: Gliscor|tox|[from] item: Toxic Orb\n|upkeep\n|turn|2\n|\n|t:|1699556795\n|-terastallize|p2a: Sneasler|Flying\n|move|p2a: Sneasler|Swords Dance|p2a: Sneasler\n|-boost|p2a: Sneasler|atk|2\n|move|p1a: Gliscor|Earthquake|p2a: Sneasler\n|-immune|p2a: Sneasler\n|\n|-heal|p1a: Gliscor|100\/100 tox|[from] ability: Poison Heal\n|upkeep\n|turn|3\n|\n|t:|1699556808\n|switch|p1a: Pawmot|Pawmot, F|100\/100\n|move|p2a: Sneasler|Acrobatics|p1a: Pawmot\n|-damage|p1a: Pawmot|0 fnt\n|faint|p1a: Pawmot\n|\n|upkeep\n|\n|t:|1699556817\n|switch|p1a: Lycanroc|Lycanroc-Midnight, F|100\/100\n|turn|4\n|inactive|S0A0M0I0 has 120 seconds left.\n|\n|t:|1699556857\n|move|p2a: Sneasler|Close Combat|p1a: Lycanroc\n|-supereffective|p1a: Lycanroc\n|-damage|p1a: Lycanroc|0 fnt\n|-unboost|p2a: Sneasler|def|1\n|-unboost|p2a: Sneasler|spd|1\n|faint|p1a: Lycanroc\n|\n|upkeep\n|\n|t:|1699556867\n|switch|p1a: Samurott|Samurott, F|100\/100\n|turn|5\n|\n|t:|1699556873\n|-terastallize|p1a: Samurott|Water\n|move|p2a: Sneasler|Acrobatics|p1a: Samurott\n|-damage|p1a: Samurott|0 fnt\n|faint|p1a: Samurott\n|\n|-fieldend|move: Electric Terrain\n|upkeep\n|\n|t:|1699556880\n|switch|p1a: Decidueye|Decidueye-Hisui, F|100\/100\n|turn|6\n|\n|t:|1699556884\n|switch|p1a: Gliscor|Gliscor, M|100\/100 tox\n|move|p2a: Sneasler|Dire Claw|p1a: Gliscor\n|-resisted|p1a: Gliscor\n|-damage|p1a: Gliscor|58\/100 tox\n|\n|-heal|p1a: Gliscor|71\/100 tox|[from] ability: Poison Heal\n|upkeep\n|turn|7\n|\n|t:|1699556891\n|move|p2a: Sneasler|Acrobatics|p1a: Gliscor\n|-damage|p1a: Gliscor|0 fnt\n|faint|p1a: Gliscor\n|\n|upkeep\n|\n|t:|1699556896\n|switch|p1a: Decidueye|Decidueye-Hisui, F|100\/100\n|turn|8\n|\n|t:|1699556899\n|move|p2a: Sneasler|Acrobatics|p1a: Decidueye\n|-supereffective|p1a: Decidueye\n|-damage|p1a: Decidueye|0 fnt\n|faint|p1a: Decidueye\n|\n|upkeep\n|\n|t:|1699556903\n|switch|p1a: Emboar|Emboar, F|100\/100\n|turn|9\n|c|\u2606S0A0M0I0|gg\n|c|\u2606gojo223|gg\n|\n|t:|1699556912\n|move|p2a: Sneasler|Dire Claw|p1a: Emboar\n|-damage|p1a: Emboar|0 fnt\n|faint|p1a: Emboar\n|\n|win|S0A0M0I0\n|n|\u2606gojo223|gojo223\n|n|\u2606S0A0M0I0|s0a0m0i0\n","uploadtime":1699556917,"views":54,"p1id":"gojo223","p2id":"s0a0m0i0","formatid":"gen9nationaldex","rating":0,"private":0,"password":""}