{"id":"gen9nationaldex-1990990391","p1":"burpsicles","p2":"FORDISCRAZYATMATH","format":"[Gen 9] National Dex","log":"|j|\u2606burpsicles\n|j|\u2606FORDISCRAZYATMATH\n|t:|1700024249\n|gametype|singles\n|player|p1|burpsicles|steven-masters3|\n|player|p2|FORDISCRAZYATMATH|lucas|\n|teamsize|p1|6\n|teamsize|p2|6\n|gen|9\n|tier|[Gen 9] National Dex\n|rule|HP Percentage Mod: HP is shown in percentages\n|rule|Endless Battle Clause: Forcing endless battles is banned\n|rule|OHKO Clause: OHKO moves are banned\n|rule|Evasion Clause: Evasion abilities, items, and moves are banned\n|rule|Evasion Abilities Clause: Evasion abilities are banned\n|rule|Evasion Items Clause: Evasion items are banned\n|rule|Evasion Moves Clause: Evasion moves are banned\n|rule|Species Clause: Limit one of each Pok\u00e9mon\n|rule|Sleep Clause Mod: Limit one foe put to sleep\n|clearpoke\n|poke|p1|Weavile, F|\n|poke|p1|Tapu Lele|\n|poke|p1|Ferrothorn, F|\n|poke|p1|Zapdos|\n|poke|p1|Gliscor, M|\n|poke|p1|Ogerpon-Wellspring, F|\n|poke|p2|Pelipper, M|\n|poke|p2|Cinderace, M|\n|poke|p2|Gliscor, F|\n|poke|p2|Scizor, F|\n|poke|p2|Urshifu-*, F|\n|poke|p2|Ninetales-Alola, M|\n|teampreview\n|inactive|Battle timer is ON: inactive players will automatically lose when time's up. (requested by burpsicles)\n|\n|t:|1700024262\n|start\n|switch|p1a: Ferrothorn|Ferrothorn, F|100\/100\n|switch|p2a: Gliscor|Gliscor, F|100\/100\n|turn|1\n|\n|t:|1700024269\n|move|p2a: Gliscor|Brick Break|p1a: Ferrothorn\n|-supereffective|p1a: Ferrothorn\n|-damage|p1a: Ferrothorn|75\/100\n|-damage|p2a: Gliscor|88\/100|[from] ability: Iron Barbs|[of] p1a: Ferrothorn\n|move|p1a: Ferrothorn|Leech Seed|p2a: Gliscor\n|-start|p2a: Gliscor|move: Leech Seed\n|\n|-heal|p1a: Ferrothorn|82\/100|[from] item: Leftovers\n|-damage|p2a: Gliscor|76\/100|[from] Leech Seed|[of] p1a: Ferrothorn\n|-heal|p1a: Ferrothorn|92\/100|[silent]\n|upkeep\n|turn|2\n|\n|t:|1700024286\n|switch|p2a: Cinderace|Cinderace, M|100\/100\n|move|p1a: Ferrothorn|Stealth Rock|p2a: Cinderace\n|-sidestart|p2: FORDISCRAZYATMATH|move: Stealth Rock\n|\n|-heal|p1a: Ferrothorn|98\/100|[from] item: Leftovers\n|upkeep\n|turn|3\n|\n|t:|1700024293\n|switch|p1a: Gliscor|Gliscor, M|100\/100\n|move|p2a: Cinderace|Bulk Up|p2a: Cinderace\n|-start|p2a: Cinderace|typechange|Fighting|[from] ability: Libero\n|-boost|p2a: Cinderace|atk|1\n|-boost|p2a: Cinderace|def|1\n|\n|-status|p1a: Gliscor|tox|[from] item: Toxic Orb\n|upkeep\n|turn|4\n|\n|t:|1700024308\n|switch|p2a: Pelipper|Pelipper, M|100\/100\n|-damage|p2a: Pelipper|76\/100|[from] Stealth Rock\n|-weather|RainDance|[from] ability: Drizzle|[of] p2a: Pelipper\n|move|p1a: Gliscor|Toxic|p2a: Pelipper\n|-status|p2a: Pelipper|tox\n|\n|-weather|RainDance|[upkeep]\n|-damage|p2a: Pelipper|70\/100 tox|[from] psn\n|upkeep\n|turn|5\n|\n|t:|1700024319\n|switch|p1a: Ferrothorn|Ferrothorn, F|98\/100\n|move|p2a: Pelipper|Hydro Pump|p1a: Ferrothorn\n|-resisted|p1a: Ferrothorn\n|-damage|p1a: Ferrothorn|67\/100\n|\n|-weather|RainDance|[upkeep]\n|-heal|p1a: Ferrothorn|73\/100|[from] item: Leftovers\n|-damage|p2a: Pelipper|57\/100 tox|[from] psn\n|upkeep\n|turn|6\n|\n|t:|1700024326\n|switch|p2a: Cinderace|Cinderace, M|100\/100\n|-damage|p2a: Cinderace|76\/100|[from] Stealth Rock\n|move|p1a: Ferrothorn|Knock Off|p2a: Cinderace\n|-damage|p2a: Cinderace|41\/100\n|-enditem|p2a: Cinderace|Focus Sash|[from] move: Knock Off|[of] p1a: Ferrothorn\n|\n|-weather|RainDance|[upkeep]\n|-heal|p1a: Ferrothorn|79\/100|[from] item: Leftovers\n|upkeep\n|turn|7\n|inactive|burpsicles has 270 seconds left.\n|\n|t:|1700024358\n|switch|p1a: Zapdos|Zapdos|100\/100\n|move|p2a: Cinderace|Blaze Kick|p1a: Zapdos\n|-damage|p1a: Zapdos|86\/100\n|\n|-weather|RainDance|[upkeep]\n|upkeep\n|turn|8\n|\n|t:|1700024370\n|switch|p2a: Gliscor|Gliscor, F|76\/100\n|-damage|p2a: Gliscor|63\/100|[from] Stealth Rock\n|move|p1a: Zapdos|Hurricane|p2a: Gliscor\n|-damage|p2a: Gliscor|0 fnt\n|faint|p2a: Gliscor\n|\n|-weather|none\n|upkeep\n|\n|t:|1700024375\n|switch|p2a: Ninetales|Ninetales-Alola, M|100\/100\n|-damage|p2a: Ninetales|76\/100|[from] Stealth Rock\n|-weather|Snow|[from] ability: Snow Warning|[of] p2a: Ninetales\n|turn|9\n|\n|t:|1700024393\n|move|p2a: Ninetales|Disable|p1a: Zapdos\n|-start|p1a: Zapdos|Disable|Hurricane\n|move|p1a: Zapdos|Volt Switch|p2a: Ninetales\n|-damage|p2a: Ninetales|39\/100\n|\n|t:|1700024397\n|switch|p1a: Weavile|Weavile, F|100\/100|[from] Volt Switch\n|-ability|p1a: Weavile|Pressure\n|\n|-weather|Snow|[upkeep]\n|-heal|p2a: Ninetales|45\/100|[from] item: Leftovers\n|upkeep\n|turn|10\n|\n|t:|1700024407\n|-terastallize|p1a: Weavile|Fire\n|move|p1a: Weavile|Tera Blast|p2a: Ninetales|[anim] Tera Blast Fire\n|-supereffective|p2a: Ninetales\n|-damage|p2a: Ninetales|0 fnt\n|faint|p2a: Ninetales\n|\n|-weather|Snow|[upkeep]\n|upkeep\n|\n|t:|1700024410\n|switch|p2a: Urshifu|Urshifu-Rapid-Strike, F|100\/100\n|-damage|p2a: Urshifu|94\/100|[from] Stealth Rock\n|turn|11\n|\n|t:|1700024413\n|switch|p1a: Ogerpon|Ogerpon-Wellspring, F|100\/100\n|move|p2a: Urshifu|Aqua Jet|p1a: Ogerpon\n|-immune|p1a: Ogerpon|[from] ability: Water Absorb\n|\n|-weather|Snow|[upkeep]\n|upkeep\n|turn|12\n|\n|t:|1700024422\n|switch|p2a: Scizor|Scizor, F|100\/100\n|-damage|p2a: Scizor|88\/100|[from] Stealth Rock\n|move|p1a: Ogerpon|Encore||[still]\n|-fail|p1a: Ogerpon\n|\n|-weather|Snow|[upkeep]\n|upkeep\n|turn|13\n|\n|t:|1700024425\n|switch|p1a: Ferrothorn|Ferrothorn, F|79\/100\n|move|p2a: Scizor|Bullet Punch|p1a: Ferrothorn\n|-resisted|p1a: Ferrothorn\n|-damage|p1a: Ferrothorn|72\/100\n|-damage|p2a: Scizor|76\/100|[from] ability: Iron Barbs|[of] p1a: Ferrothorn\n|\n|-weather|none\n|-heal|p1a: Ferrothorn|78\/100|[from] item: Leftovers\n|upkeep\n|turn|14\n|\n|t:|1700024429\n|switch|p2a: Cinderace|Cinderace, M|41\/100\n|-damage|p2a: Cinderace|16\/100|[from] Stealth Rock\n|move|p1a: Ferrothorn|Leech Seed|p2a: Cinderace\n|-start|p2a: Cinderace|move: Leech Seed\n|\n|-heal|p1a: Ferrothorn|84\/100|[from] item: Leftovers\n|-damage|p2a: Cinderace|3\/100|[from] Leech Seed|[of] p1a: Ferrothorn\n|-heal|p1a: Ferrothorn|95\/100|[silent]\n|upkeep\n|turn|15\n|\n|t:|1700024440\n|switch|p1a: Zapdos|Zapdos|86\/100\n|move|p2a: Cinderace|Blaze Kick|p1a: Zapdos\n|-damage|p1a: Zapdos|58\/100\n|\n|-damage|p2a: Cinderace|0 fnt|[from] Leech Seed|[of] p1a: Zapdos\n|-heal|p1a: Zapdos|60\/100|[silent]\n|faint|p2a: Cinderace\n|upkeep\n|\n|t:|1700024444\n|switch|p2a: Urshifu|Urshifu-Rapid-Strike, F|94\/100\n|-damage|p2a: Urshifu|88\/100|[from] Stealth Rock\n|turn|16\n|\n|t:|1700024449\n|switch|p2a: Scizor|Scizor, F|76\/100\n|-damage|p2a: Scizor|64\/100|[from] Stealth Rock\n|move|p1a: Zapdos|Volt Switch|p2a: Scizor\n|-damage|p2a: Scizor|31\/100\n|\n|t:|1700024452\n|switch|p1a: Ogerpon|Ogerpon-Wellspring, F|100\/100|[from] Volt Switch\n|\n|upkeep\n|turn|17\n|\n|t:|1700024459\n|move|p1a: Ogerpon|Ivy Cudgel|p2a: Scizor|[anim] Ivy Cudgel Water\n|-damage|p2a: Scizor|0 fnt\n|faint|p2a: Scizor\n|\n|upkeep\n|\n|t:|1700024461\n|switch|p2a: Pelipper|Pelipper, M|57\/100 tox\n|-damage|p2a: Pelipper|32\/100 tox|[from] Stealth Rock\n|-weather|RainDance|[from] ability: Drizzle|[of] p2a: Pelipper\n|turn|18\n|\n|t:|1700024467\n|move|p1a: Ogerpon|Ivy Cudgel|p2a: Pelipper|[anim] Ivy Cudgel Water\n|-resisted|p2a: Pelipper\n|-damage|p2a: Pelipper|0 fnt\n|faint|p2a: Pelipper\n|\n|-weather|RainDance|[upkeep]\n|upkeep\n|\n|t:|1700024469\n|switch|p2a: Urshifu|Urshifu-Rapid-Strike, F|88\/100\n|-damage|p2a: Urshifu|82\/100|[from] Stealth Rock\n|turn|19\n|\n|t:|1700024484\n|move|p1a: Ogerpon|Horn Leech|p2a: Urshifu\n|-supereffective|p2a: Urshifu\n|-damage|p2a: Urshifu|0 fnt\n|faint|p2a: Urshifu\n|\n|win|burpsicles\n","uploadtime":1700024487,"views":7,"p1id":"burpsicles","p2id":"fordiscrazyatmath","formatid":"gen9nationaldex","rating":0,"private":0,"password":""}