{"id":"gen9nationaldex-1993130330","p1":"Coreslice","p2":"braker89","format":"[Gen 9] National Dex","log":"|j|\u2606Coreslice\n|j|\u2606braker89\n|t:|1700268340\n|gametype|singles\n|player|p1|Coreslice|workerice|1088\n|player|p2|braker89|youngcouple-gen4dp|1112\n|teamsize|p1|6\n|teamsize|p2|6\n|gen|9\n|tier|[Gen 9] National Dex\n|rated|\n|rule|HP Percentage Mod: HP is shown in percentages\n|rule|Endless Battle Clause: Forcing endless battles is banned\n|rule|OHKO Clause: OHKO moves are banned\n|rule|Evasion Clause: Evasion abilities, items, and moves are banned\n|rule|Evasion Abilities Clause: Evasion abilities are banned\n|rule|Evasion Items Clause: Evasion items are banned\n|rule|Evasion Moves Clause: Evasion moves are banned\n|rule|Species Clause: Limit one of each Pok\u00e9mon\n|rule|Sleep Clause Mod: Limit one foe put to sleep\n|clearpoke\n|poke|p1|Raikou|\n|poke|p1|Archeops, F|\n|poke|p1|Corviknight, M|\n|poke|p1|Milotic, F|\n|poke|p1|Sneasler, M|\n|poke|p1|Electrode-Hisui|\n|poke|p2|Tapu Koko|\n|poke|p2|Kommo-o, F|\n|poke|p2|Sceptile, M|\n|poke|p2|Iron Moth|\n|poke|p2|Slowbro, M|\n|poke|p2|Gliscor, F|\n|teampreview\n|\n|t:|1700268358\n|start\n|switch|p1a: Electrode|Electrode-Hisui, shiny|100\/100\n|switch|p2a: Gliscor|Gliscor, F|100\/100\n|turn|1\n|\n|t:|1700268376\n|move|p1a: Electrode|Taunt|p2a: Gliscor\n|-start|p2a: Gliscor|move: Taunt\n|cant|p2a: Gliscor|move: Taunt|Stealth Rock\n|\n|-status|p2a: Gliscor|tox|[from] item: Toxic Orb\n|upkeep\n|turn|2\n|\n|t:|1700268388\n|switch|p1a: Milotic|Milotic, F, shiny|100\/100\n|move|p2a: Gliscor|U-turn|p1a: Milotic\n|-damage|p1a: Milotic|84\/100\n|\n|t:|1700268395\n|switch|p2a: Tapu Koko|Tapu Koko|100\/100|[from] U-turn\n|-fieldstart|move: Electric Terrain|[from] ability: Electric Surge|[of] p2a: Tapu Koko\n|\n|-status|p1a: Milotic|brn|[from] item: Flame Orb\n|upkeep\n|turn|3\n|\n|t:|1700268412\n|switch|p1a: Electrode|Electrode-Hisui, shiny|100\/100\n|move|p2a: Tapu Koko|Taunt|p1a: Electrode\n|-start|p1a: Electrode|move: Taunt\n|\n|upkeep\n|turn|4\n|\n|t:|1700268435\n|switch|p2a: Gliscor|Gliscor, F|100\/100 tox\n|move|p1a: Electrode|Volt Switch|p2a: Gliscor\n|-immune|p2a: Gliscor\n|\n|upkeep\n|turn|5\n|\n|t:|1700268444\n|switch|p1a: Sneasler|Sneasler, M, shiny|100\/100\n|move|p2a: Gliscor|Stealth Rock|p1a: Sneasler\n|-sidestart|p1: Coreslice|move: Stealth Rock\n|\n|upkeep\n|turn|6\n|\n|t:|1700268455\n|move|p1a: Sneasler|Fake Out|p2a: Gliscor\n|-damage|p2a: Gliscor|90\/100 tox\n|cant|p2a: Gliscor|flinch\n|\n|-heal|p2a: Gliscor|100\/100 tox|[from] ability: Poison Heal\n|-fieldend|move: Electric Terrain\n|upkeep\n|turn|7\n|\n|t:|1700268465\n|move|p1a: Sneasler|U-turn|p2a: Gliscor\n|-resisted|p2a: Gliscor\n|-damage|p2a: Gliscor|91\/100 tox\n|inactive|Battle timer is ON: inactive players will automatically lose when time's up. (requested by braker89)\n|\n|t:|1700268485\n|switch|p1a: Corviknight|Corviknight, M, shiny|100\/100|[from] U-turn\n|-ability|p1a: Corviknight|Pressure\n|move|p2a: Gliscor|U-turn|p1a: Corviknight\n|-resisted|p1a: Corviknight\n|-damage|p1a: Corviknight|98\/100\n|\n|t:|1700268498\n|switch|p2a: Tapu Koko|Tapu Koko|100\/100|[from] U-turn\n|-fieldstart|move: Electric Terrain|[from] ability: Electric Surge|[of] p2a: Tapu Koko\n|\n|upkeep\n|turn|8\n|\n|t:|1700268504\n|move|p2a: Tapu Koko|Taunt|p1a: Corviknight\n|-start|p1a: Corviknight|move: Taunt\n|move|p1a: Corviknight|U-turn|p2a: Tapu Koko\n|-resisted|p2a: Tapu Koko\n|-damage|p2a: Tapu Koko|93\/100\n|\n|t:|1700268510\n|switch|p1a: Milotic|Milotic, F, shiny|84\/100 brn|[from] U-turn\n|-damage|p1a: Milotic|72\/100 brn|[from] Stealth Rock\n|\n|-damage|p1a: Milotic|65\/100 brn|[from] brn\n|upkeep\n|turn|9\n|\n|t:|1700268524\n|-terastallize|p1a: Milotic|Dragon\n|move|p2a: Tapu Koko|Taunt|p1a: Milotic\n|-start|p1a: Milotic|move: Taunt\n|move|p1a: Milotic|Flip Turn|p2a: Tapu Koko\n|-damage|p2a: Tapu Koko|86\/100\n|\n|t:|1700268539\n|switch|p1a: Raikou|Raikou, shiny|100\/100|[from] Flip Turn\n|-damage|p1a: Raikou|88\/100|[from] Stealth Rock\n|\n|upkeep\n|turn|10\n|\n|t:|1700268550\n|move|p2a: Tapu Koko|Light Screen|p2a: Tapu Koko\n|-sidestart|p2: braker89|move: Light Screen\n|move|p1a: Raikou|Volt Switch|p2a: Tapu Koko\n|-resisted|p2a: Tapu Koko\n|-damage|p2a: Tapu Koko|73\/100\n|\n|t:|1700268564\n|switch|p1a: Sneasler|Sneasler, M, shiny|100\/100|[from] Volt Switch\n|-damage|p1a: Sneasler|94\/100|[from] Stealth Rock\n|\n|upkeep\n|turn|11\n|\n|t:|1700268579\n|switch|p2a: Gliscor|Gliscor, F|91\/100 tox\n|move|p1a: Sneasler|Fake Out|p2a: Gliscor\n|-damage|p2a: Gliscor|80\/100 tox\n|\n|-heal|p2a: Gliscor|93\/100 tox|[from] ability: Poison Heal\n|-fieldend|move: Electric Terrain\n|upkeep\n|turn|12\n|\n|t:|1700268589\n|move|p1a: Sneasler|U-turn|p2a: Gliscor\n|-resisted|p2a: Gliscor\n|-damage|p2a: Gliscor|83\/100 tox\n|\n|t:|1700268596\n|switch|p1a: Corviknight|Corviknight, M, shiny|98\/100|[from] U-turn\n|-ability|p1a: Corviknight|Pressure\n|move|p2a: Gliscor|U-turn|p1a: Corviknight\n|-resisted|p1a: Corviknight\n|-damage|p1a: Corviknight|96\/100\n|\n|t:|1700268603\n|switch|p2a: Tapu Koko|Tapu Koko|73\/100|[from] U-turn\n|-fieldstart|move: Electric Terrain|[from] ability: Electric Surge|[of] p2a: Tapu Koko\n|\n|upkeep\n|turn|13\n|\n|t:|1700268611\n|switch|p1a: Milotic|Milotic, F, shiny, tera:Dragon|65\/100 brn\n|-damage|p1a: Milotic|53\/100 brn|[from] Stealth Rock\n|move|p2a: Tapu Koko|Taunt|p1a: Milotic\n|-start|p1a: Milotic|move: Taunt\n|\n|-damage|p1a: Milotic|47\/100 brn|[from] brn\n|upkeep\n|turn|14\n|\n|t:|1700268635\n|switch|p2a: Sceptile|Sceptile, M|100\/100\n|-enditem|p2a: Sceptile|Electric Seed\n|-boost|p2a: Sceptile|def|1|[from] item: Electric Seed\n|move|p1a: Milotic|Flip Turn|p2a: Sceptile\n|-resisted|p2a: Sceptile\n|-crit|p2a: Sceptile\n|-damage|p2a: Sceptile|92\/100\n|\n|t:|1700268658\n|switch|p1a: Sneasler|Sneasler, M, shiny|94\/100|[from] Flip Turn\n|-damage|p1a: Sneasler|88\/100|[from] Stealth Rock\n|\n|upkeep\n|turn|15\n|\n|t:|1700268671\n|move|p1a: Sneasler|Fake Out|p2a: Sceptile\n|-damage|p2a: Sceptile|77\/100\n|cant|p2a: Sceptile|flinch\n|\n|upkeep\n|turn|16\n|\n|t:|1700268678\n|move|p2a: Sceptile|Acrobatics|p1a: Sneasler\n|-supereffective|p1a: Sneasler\n|-damage|p1a: Sneasler|0 fnt\n|faint|p1a: Sneasler\n|\n|-fieldend|move: Electric Terrain\n|upkeep\n|\n|t:|1700268692\n|switch|p1a: Corviknight|Corviknight, M, shiny|96\/100\n|-ability|p1a: Corviknight|Pressure\n|turn|17\n|\n|t:|1700268700\n|switch|p2a: Gliscor|Gliscor, F|83\/100 tox\n|move|p1a: Corviknight|Brave Bird|p2a: Gliscor\n|-damage|p2a: Gliscor|52\/100 tox\n|-damage|p1a: Corviknight|87\/100|[from] Recoil\n|\n|-heal|p2a: Gliscor|64\/100 tox|[from] ability: Poison Heal\n|-sideend|p2: braker89|move: Light Screen\n|upkeep\n|turn|18\n|\n|t:|1700268715\n|move|p2a: Gliscor|Spikes|p1a: Corviknight\n|-sidestart|p1: Coreslice|Spikes\n|move|p1a: Corviknight|U-turn|p2a: Gliscor\n|-resisted|p2a: Gliscor\n|-damage|p2a: Gliscor|58\/100 tox\n|\n|t:|1700268725\n|switch|p1a: Milotic|Milotic, F, shiny, tera:Dragon|47\/100 brn|[from] U-turn\n|-damage|p1a: Milotic|35\/100 brn|[from] Stealth Rock\n|-damage|p1a: Milotic|22\/100 brn|[from] Spikes\n|\n|-heal|p2a: Gliscor|71\/100 tox|[from] ability: Poison Heal\n|-damage|p1a: Milotic|16\/100 brn|[from] brn\n|upkeep\n|turn|19\n|\n|t:|1700268744\n|switch|p2a: Slowbro|Slowbro, M|100\/100\n|move|p1a: Milotic|Recover|p1a: Milotic\n|-heal|p1a: Milotic|66\/100 brn\n|\n|-damage|p1a: Milotic|60\/100 brn|[from] brn\n|upkeep\n|turn|20\n|\n|t:|1700268754\n|move|p1a: Milotic|Flip Turn|p2a: Slowbro\n|-resisted|p2a: Slowbro\n|-damage|p2a: Slowbro|99\/100\n|\n|t:|1700268773\n|switch|p1a: Raikou|Raikou, shiny|88\/100|[from] Flip Turn\n|-damage|p1a: Raikou|76\/100|[from] Stealth Rock\n|-damage|p1a: Raikou|63\/100|[from] Spikes\n|move|p2a: Slowbro|Future Sight|p1a: Raikou\n|-start|p2a: Slowbro|move: Future Sight\n|\n|upkeep\n|turn|21\n|\n|t:|1700268793\n|-terastallize|p2a: Slowbro|Steel\n|move|p1a: Raikou|Thunder|p2a: Slowbro|[miss]\n|-miss|p1a: Raikou|p2a: Slowbro\n|move|p2a: Slowbro|Teleport|p2a: Slowbro\n|inactive|braker89 has 120 seconds left.\n|\n|t:|1700268808\n|switch|p2a: Sceptile|Sceptile, M|77\/100|[from] Teleport\n|\n|upkeep\n|turn|22\n|\n|t:|1700268814\n|move|p1a: Raikou|Volt Switch|p2a: Sceptile\n|-resisted|p2a: Sceptile\n|-damage|p2a: Sceptile|54\/100\n|\n|t:|1700268817\n|switch|p1a: Corviknight|Corviknight, M, shiny|87\/100|[from] Volt Switch\n|-ability|p1a: Corviknight|Pressure\n|move|p2a: Sceptile|Swords Dance|p2a: Sceptile\n|-boost|p2a: Sceptile|atk|2\n|\n|-end|p1a: Corviknight|move: Future Sight\n|-resisted|p1a: Corviknight\n|-damage|p1a: Corviknight|66\/100\n|upkeep\n|turn|23\n|\n|t:|1700268831\n|switch|p2a: Gliscor|Gliscor, F|71\/100 tox\n|move|p1a: Corviknight|U-turn|p2a: Gliscor\n|-resisted|p2a: Gliscor\n|-damage|p2a: Gliscor|64\/100 tox\n|\n|t:|1700268838\n|switch|p1a: Archeops|Archeops, F|100\/100|[from] U-turn\n|\n|-heal|p2a: Gliscor|77\/100 tox|[from] ability: Poison Heal\n|upkeep\n|turn|24\n|\n|t:|1700268848\n|move|p1a: Archeops|U-turn|p2a: Gliscor\n|-resisted|p2a: Gliscor\n|-damage|p2a: Gliscor|67\/100 tox\n|\n|t:|1700268854\n|switch|p1a: Electrode|Electrode-Hisui, shiny|100\/100|[from] U-turn\n|-damage|p1a: Electrode|88\/100|[from] Stealth Rock\n|-damage|p1a: Electrode|76\/100|[from] Spikes\n|move|p2a: Gliscor|U-turn|p1a: Electrode\n|-supereffective|p1a: Electrode\n|-damage|p1a: Electrode|24\/100\n|-enditem|p1a: Electrode|Eject Button\n|\n|t:|1700268860\n|switch|p1a: Milotic|Milotic, F, shiny, tera:Dragon|60\/100 brn\n|-damage|p1a: Milotic|47\/100 brn|[from] Stealth Rock\n|-damage|p1a: Milotic|35\/100 brn|[from] Spikes\n|\n|-heal|p2a: Gliscor|80\/100 tox|[from] ability: Poison Heal\n|-damage|p1a: Milotic|29\/100 brn|[from] brn\n|upkeep\n|turn|25\n|\n|t:|1700268879\n|move|p2a: Gliscor|Spikes|p1a: Milotic\n|-sidestart|p1: Coreslice|Spikes\n|move|p1a: Milotic|Scald|p2a: Gliscor\n|-supereffective|p2a: Gliscor\n|-damage|p2a: Gliscor|35\/100 tox\n|\n|-heal|p2a: Gliscor|48\/100 tox|[from] ability: Poison Heal\n|-damage|p1a: Milotic|23\/100 brn|[from] brn\n|upkeep\n|turn|26\n|\n|t:|1700268893\n|move|p2a: Gliscor|U-turn|p1a: Milotic\n|-damage|p1a: Milotic|11\/100 brn\n|\n|t:|1700268905\n|switch|p2a: Kommo-o|Kommo-o, F|100\/100|[from] U-turn\n|move|p1a: Milotic|Recover|p1a: Milotic\n|-heal|p1a: Milotic|61\/100 brn\n|\n|-damage|p1a: Milotic|55\/100 brn|[from] brn\n|upkeep\n|turn|27\n|\n|t:|1700268921\n|move|p2a: Kommo-o|Substitute|p2a: Kommo-o\n|-start|p2a: Kommo-o|Substitute\n|-damage|p2a: Kommo-o|75\/100\n|move|p1a: Milotic|Dragon Tail|p2a: Kommo-o\n|-supereffective|p2a: Kommo-o\n|-activate|p2a: Kommo-o|move: Substitute|[damage]\n|\n|-damage|p1a: Milotic|49\/100 brn|[from] brn\n|upkeep\n|turn|28\n|c|\u2606Coreslice|gg\n|-message|Coreslice forfeited.\n|\n|win|braker89\n|raw|Coreslice's rating: 1088 &rarr; <strong>1066<\/strong><br \/>(-22 for losing)\n|raw|braker89's rating: 1112 &rarr; <strong>1135<\/strong><br \/>(+23 for winning)\n|l|\u2606Coreslice\n","uploadtime":1700269421,"views":6,"p1id":"coreslice","p2id":"braker89","formatid":"gen9nationaldex","rating":1066,"private":0,"password":""}