{"id":"gen9nationaldex-1987241398","p1":"AutumnCookie","p2":"parkle","format":"[Gen 9] National Dex","log":"|j|\u2606AutumnCookie\n|j|\u2606parkle\n|t:|1699568567\n|gametype|singles\n|player|p1|AutumnCookie|barry|\n|player|p2|parkle|bugcatcher-gen4dp|\n|teamsize|p1|6\n|teamsize|p2|4\n|gen|9\n|tier|[Gen 9] National Dex\n|rule|HP Percentage Mod: HP is shown in percentages\n|rule|Endless Battle Clause: Forcing endless battles is banned\n|rule|OHKO Clause: OHKO moves are banned\n|rule|Evasion Clause: Evasion abilities, items, and moves are banned\n|rule|Evasion Abilities Clause: Evasion abilities are banned\n|rule|Evasion Items Clause: Evasion items are banned\n|rule|Evasion Moves Clause: Evasion moves are banned\n|rule|Species Clause: Limit one of each Pok\u00e9mon\n|rule|Sleep Clause Mod: Limit one foe put to sleep\n|clearpoke\n|poke|p1|Infernape, M|\n|poke|p1|Staraptor, M|\n|poke|p1|Floatzel, M|\n|poke|p1|Heracross, M|\n|poke|p1|Snorlax, M|\n|poke|p1|Roserade, M|\n|poke|p2|Dragonite, M|\n|poke|p2|Salamence, F|\n|poke|p2|Haxorus, M|\n|poke|p2|Drampa, F|\n|teampreview\n|l|\u2606AutumnCookie\n|player|p1|\n|j|\u2606AutumnCookie\n|player|p1|AutumnCookie|barry\n|l|\u2606AutumnCookie\n|player|p1|\n|\n|t:|1699568690\n|start\n|switch|p1a: Roserade|Roserade, M|100\/100\n|switch|p2a: Alexander|Haxorus, M|100\/100\n|-ability|p2a: Alexander|Unnerve\n|turn|1\n|j|\u2606AutumnCookie\n|player|p1|AutumnCookie|barry\n|j| kpoc12\n|\n|t:|1699568728\n|move|p2a: Alexander|Swords Dance|p2a: Alexander\n|-boost|p2a: Alexander|atk|2\n|move|p1a: Roserade|Spikes|p2a: Alexander\n|-sidestart|p2: parkle|Spikes\n|\n|upkeep\n|turn|2\n|\n|t:|1699568743\n|move|p2a: Alexander|Shadow Claw|p1a: Roserade\n|-damage|p1a: Roserade|0 fnt\n|faint|p1a: Roserade\n|\n|upkeep\n|\n|t:|1699568761\n|switch|p1a: Floatzel|Floatzel, M|100\/100\n|turn|3\n|c| kpoc12|hold on parkers cjhoking on DICK\n|c|\u2606AutumnCookie|JGJDOTIXKEGJSWZA\n|l|\u2606AutumnCookie\n|player|p1|\n|c|\u2606parkle|okay i think im good\n|c| kpoc12|YEAH\n|\n|t:|1699568882\n|move|p1a: Floatzel|Ice Spinner|p2a: Alexander\n|-supereffective|p2a: Alexander\n|-enditem|p2a: Alexander|Focus Sash\n|-damage|p2a: Alexander|1\/100\n|move|p2a: Alexander|Earthquake|p1a: Floatzel\n|-damage|p1a: Floatzel|0 fnt\n|faint|p1a: Floatzel\n|\n|upkeep\n|c|\u2606parkle|FOCUS SAAASH\n|j|\u2606AutumnCookie\n|player|p1|AutumnCookie|barry\n|\n|t:|1699568972\n|switch|p1a: Heracross|Heracross, M|100\/100\n|turn|4\n|\n|t:|1699569020\n|move|p2a: Alexander|Shadow Claw|p1a: Heracross\n|-damage|p1a: Heracross|18\/100\n|move|p1a: Heracross|Trailblaze|p2a: Alexander\n|-resisted|p2a: Alexander\n|-damage|p2a: Alexander|0 fnt\n|-boost|p1a: Heracross|spe|1\n|faint|p2a: Alexander\n|\n|-status|p1a: Heracross|brn|[from] item: Flame Orb\n|upkeep\n|\n|t:|1699569064\n|switch|p2a: Silver|Salamence, F|100\/100\n|-ability|p2a: Silver|Intimidate|boost\n|-unboost|p1a: Heracross|atk|1\n|turn|5\n|\n|t:|1699569091\n|move|p1a: Heracross|Close Combat|p2a: Silver\n|-resisted|p2a: Silver\n|-damage|p2a: Silver|61\/100\n|-unboost|p1a: Heracross|def|1\n|-unboost|p1a: Heracross|spd|1\n|move|p2a: Silver|Flamethrower|p1a: Heracross\n|-supereffective|p1a: Heracross\n|-damage|p1a: Heracross|0 fnt\n|faint|p1a: Heracross\n|\n|upkeep\n|l|\u2606AutumnCookie\n|player|p1|\n|j|\u2606AutumnCookie\n|player|p1|AutumnCookie|barry\n|\n|t:|1699569122\n|switch|p1a: Snorlax|Snorlax, M|100\/100\n|turn|6\n|l|\u2606AutumnCookie\n|player|p1|\n|j|\u2606AutumnCookie\n|player|p1|AutumnCookie|barry\n|n|\u2606AutumnCookie|autumncookie\n|l|\u2606AutumnCookie\n|player|p1|\n|\n|t:|1699569202\n|move|p2a: Silver|Flamethrower|p1a: Snorlax\n|-damage|p1a: Snorlax|93\/100\n|-status|p1a: Snorlax|brn\n|move|p1a: Snorlax|Curse|p1a: Snorlax\n|-unboost|p1a: Snorlax|spe|1\n|-boost|p1a: Snorlax|atk|1\n|-boost|p1a: Snorlax|def|1\n|\n|-heal|p1a: Snorlax|99\/100 brn|[from] item: Leftovers\n|-damage|p1a: Snorlax|93\/100 brn|[from] brn\n|upkeep\n|turn|7\n|c| kpoc12|CURSE SNORLAX\n|c| kpoc12|MIGHT SWEEP\n|c|\u2606parkle|TERRIFIED\n|j|\u2606AutumnCookie\n|player|p1|AutumnCookie|barry\n|\n|t:|1699569251\n|move|p2a: Silver|Hurricane|p1a: Snorlax\n|-damage|p1a: Snorlax|61\/100 brn\n|move|p1a: Snorlax|Curse|p1a: Snorlax\n|-unboost|p1a: Snorlax|spe|1\n|-boost|p1a: Snorlax|atk|1\n|-boost|p1a: Snorlax|def|1\n|\n|-heal|p1a: Snorlax|67\/100 brn|[from] item: Leftovers\n|-damage|p1a: Snorlax|61\/100 brn|[from] brn\n|upkeep\n|turn|8\n|c|\u2606AutumnCookie|The burn hurts so bad though\n|c| kpoc12|actually burn might bum it\n|c| kpoc12|YEAH\n|\n|t:|1699569280\n|move|p2a: Silver|Roost|p2a: Silver\n|-heal|p2a: Silver|100\/100\n|-singleturn|p2a: Silver|move: Roost\n|move|p1a: Snorlax|Curse|p1a: Snorlax\n|-unboost|p1a: Snorlax|spe|1\n|-boost|p1a: Snorlax|atk|1\n|-boost|p1a: Snorlax|def|1\n|\n|-heal|p1a: Snorlax|67\/100 brn|[from] item: Leftovers\n|-damage|p1a: Snorlax|61\/100 brn|[from] brn\n|upkeep\n|turn|9\n|\n|t:|1699569303\n|move|p2a: Silver|Hurricane|p1a: Snorlax|[miss]\n|-miss|p2a: Silver|p1a: Snorlax\n|move|p1a: Snorlax|Body Slam|p2a: Silver\n|-damage|p2a: Silver|28\/100\n|\n|-heal|p1a: Snorlax|67\/100 brn|[from] item: Leftovers\n|-damage|p1a: Snorlax|61\/100 brn|[from] brn\n|upkeep\n|turn|10\n|\n|t:|1699569318\n|move|p2a: Silver|Roost|p2a: Silver\n|-heal|p2a: Silver|78\/100\n|-singleturn|p2a: Silver|move: Roost\n|move|p1a: Snorlax|Body Slam|p2a: Silver\n|-damage|p2a: Silver|13\/100\n|-status|p2a: Silver|par\n|\n|-heal|p1a: Snorlax|67\/100 brn|[from] item: Leftovers\n|-damage|p1a: Snorlax|61\/100 brn|[from] brn\n|upkeep\n|turn|11\n|c|\u2606parkle|PARALYZE\n|c|\u2606parkle|FUCK\n|\n|t:|1699569333\n|cant|p2a: Silver|par\n|move|p1a: Snorlax|Curse|p1a: Snorlax\n|-unboost|p1a: Snorlax|spe|1\n|-boost|p1a: Snorlax|atk|1\n|-boost|p1a: Snorlax|def|1\n|\n|-heal|p1a: Snorlax|67\/100 brn|[from] item: Leftovers\n|-damage|p1a: Snorlax|61\/100 brn|[from] brn\n|upkeep\n|turn|12\n|c|\u2606AutumnCookie|TEEHEE\n|\n|t:|1699569349\n|move|p2a: Silver|Roost|p2a: Silver\n|-heal|p2a: Silver|64\/100 par\n|-singleturn|p2a: Silver|move: Roost\n|move|p1a: Snorlax|Body Slam|p2a: Silver\n|-damage|p2a: Silver|0 fnt\n|faint|p2a: Silver\n|\n|-heal|p1a: Snorlax|67\/100 brn|[from] item: Leftovers\n|-damage|p1a: Snorlax|61\/100 brn|[from] brn\n|upkeep\n|\n|t:|1699569381\n|switch|p2a: Haneul|Dragonite, M|100\/100\n|turn|13\n|\n|t:|1699569399\n|move|p2a: Haneul|Earthquake|p1a: Snorlax\n|-damage|p1a: Snorlax|49\/100 brn\n|move|p1a: Snorlax|Return|p2a: Haneul\n|-damage|p2a: Haneul|58\/100\n|\n|-heal|p1a: Snorlax|55\/100 brn|[from] item: Leftovers\n|-damage|p1a: Snorlax|49\/100 brn|[from] brn\n|upkeep\n|turn|14\n|\n|t:|1699569413\n|move|p2a: Haneul|Outrage|p1a: Snorlax\n|-crit|p1a: Snorlax\n|-damage|p1a: Snorlax|0 fnt\n|faint|p1a: Snorlax\n|\n|upkeep\n|c|\u2606AutumnCookie|THE CRIT\n|c|\u2606parkle|DAYUUUMMM\n|\n|t:|1699569435\n|switch|p1a: Staraptor|Staraptor, M|100\/100\n|turn|15\n|\n|t:|1699569445\n|move|p1a: Staraptor|Brave Bird|p2a: Haneul\n|-damage|p2a: Haneul|0 fnt\n|faint|p2a: Haneul\n|-damage|p1a: Staraptor|81\/100|[from] Recoil\n|\n|upkeep\n|\n|t:|1699569452\n|switch|p2a: Luci|Drampa, F|100\/100\n|-damage|p2a: Luci|88\/100|[from] Spikes\n|turn|16\n|\n|t:|1699569463\n|move|p1a: Staraptor|Brave Bird|p2a: Luci\n|-damage|p2a: Luci|2\/100\n|-damage|p1a: Staraptor|53\/100|[from] Recoil\n|move|p2a: Luci|Calm Mind|p2a: Luci\n|-boost|p2a: Luci|spa|1\n|-boost|p2a: Luci|spd|1\n|\n|-heal|p2a: Luci|8\/100|[from] item: Leftovers\n|upkeep\n|turn|17\n|c| kpoc12|lucas is so mad\n|\n|t:|1699569477\n|move|p1a: Staraptor|Brave Bird|p2a: Luci\n|-damage|p2a: Luci|0 fnt\n|faint|p2a: Luci\n|-damage|p1a: Staraptor|50\/100|[from] Recoil\n|\n|win|AutumnCookie\n|c|\u2606AutumnCookie|Bye bye Luci\n|c|\u2606parkle|SOOO MAD\n|c|\u2606AutumnCookie|LMAO\n|c|\u2606AutumnCookie|GOOD.\n","uploadtime":1699569485,"views":5,"p1id":"autumncookie","p2id":"parkle","formatid":"gen9nationaldex","rating":0,"private":0,"password":""}