{"id":"gen9nationaldex-1995147677","p1":"Mariaepica","p2":"OrakuloEntediado","format":"[Gen 9] National Dex","log":"|html|<div class=\"broadcast-blue\"><strong>[Gen 9] National Dex is currently suspecting Sneasler! For information on how to participate check out the <a href=\"https:\/\/www.smogon.com\/forums\/threads\/sv-national-dex-suspect-8-just-dance.3731534\/\">suspect thread<\/a>.<\/strong><\/div>\n|j|\u2606Mariaepica\n|j|\u2606OrakuloEntediado\n|t:|1700527889\n|gametype|singles\n|player|p1|Mariaepica|169|\n|player|p2|OrakuloEntediado|169|\n|teamsize|p1|6\n|teamsize|p2|6\n|gen|9\n|tier|[Gen 9] National Dex\n|rule|HP Percentage Mod: HP is shown in percentages\n|rule|Endless Battle Clause: Forcing endless battles is banned\n|rule|OHKO Clause: OHKO moves are banned\n|rule|Evasion Clause: Evasion abilities, items, and moves are banned\n|rule|Evasion Abilities Clause: Evasion abilities are banned\n|rule|Evasion Items Clause: Evasion items are banned\n|rule|Evasion Moves Clause: Evasion moves are banned\n|rule|Species Clause: Limit one of each Pok\u00e9mon\n|rule|Sleep Clause Mod: Limit one foe put to sleep\n|clearpoke\n|poke|p1|Jolteon, L57, M|\n|poke|p1|Electivire, L58, M|\n|poke|p1|Magnezone, L56|\n|poke|p1|Luxray, L57, M|\n|poke|p1|Galvantula, L58, M|\n|poke|p1|Ampharos, L59, F|\n|poke|p2|Quagsire, L56, F|\n|poke|p2|Golurk, L56|\n|poke|p2|Pupitar, L56, M|\n|poke|p2|Espeon, L56, M|\n|poke|p2|Ceruledge, L56, M|\n|poke|p2|Incineroar, L56, F|\n|teampreview\n|\n|t:|1700527902\n|start\n|switch|p1a: Galvantula|Galvantula, L58, M|100\/100\n|switch|p2a: Quagsire|Quagsire, L56, F|100\/100\n|turn|1\n|\n|t:|1700527912\n|move|p1a: Galvantula|Bug Buzz|p2a: Quagsire\n|-damage|p2a: Quagsire|40\/100\n|-damage|p1a: Galvantula|91\/100|[from] item: Life Orb\n|move|p2a: Quagsire|Earthquake|p1a: Galvantula\n|-damage|p1a: Galvantula|38\/100\n|\n|upkeep\n|turn|2\n|\n|t:|1700527926\n|move|p1a: Galvantula|Sticky Web|p2a: Quagsire\n|-sidestart|p2: OrakuloEntediado|move: Sticky Web\n|move|p2a: Quagsire|Recover|p2a: Quagsire\n|-heal|p2a: Quagsire|90\/100\n|\n|upkeep\n|turn|3\n|\n|t:|1700527950\n|move|p1a: Galvantula|Bug Buzz|p2a: Quagsire\n|-damage|p2a: Quagsire|24\/100\n|-damage|p1a: Galvantula|29\/100|[from] item: Life Orb\n|move|p2a: Quagsire|Toxic|p1a: Galvantula\n|-status|p1a: Galvantula|tox\n|\n|-damage|p1a: Galvantula|23\/100 tox|[from] psn\n|upkeep\n|turn|4\n|\n|t:|1700527959\n|move|p1a: Galvantula|Sticky Web||[still]\n|-fail|p1a: Galvantula\n|move|p2a: Quagsire|Earthquake|p1a: Galvantula\n|-damage|p1a: Galvantula|0 fnt\n|faint|p1a: Galvantula\n|\n|upkeep\n|\n|t:|1700527966\n|switch|p1a: Jolteon|Jolteon, L57, M|100\/100\n|turn|5\n|\n|t:|1700527971\n|switch|p2a: Golurk|Golurk, L56|100\/100\n|-activate|p2a: Golurk|move: Sticky Web\n|-unboost|p2a: Golurk|spe|1\n|move|p1a: Jolteon|Yawn|p2a: Golurk\n|-start|p2a: Golurk|move: Yawn|[of] p1a: Jolteon\n|\n|upkeep\n|turn|6\n|\n|t:|1700527980\n|move|p1a: Jolteon|Hidden Power|p2a: Golurk\n|-supereffective|p2a: Golurk\n|-damage|p2a: Golurk|52\/100\n|-damage|p1a: Jolteon|91\/100|[from] item: Life Orb\n|move|p2a: Golurk|Close Combat|p1a: Jolteon\n|-crit|p1a: Jolteon\n|-damage|p1a: Jolteon|2\/100\n|-unboost|p2a: Golurk|def|1\n|-unboost|p2a: Golurk|spd|1\n|\n|-end|p2a: Golurk|move: Yawn|[silent]\n|-status|p2a: Golurk|slp\n|upkeep\n|turn|7\n|\n|t:|1700527991\n|move|p1a: Jolteon|Hidden Power|p2a: Golurk\n|-supereffective|p2a: Golurk\n|-damage|p2a: Golurk|0 fnt\n|faint|p2a: Golurk\n|-damage|p1a: Jolteon|0 fnt|[from] item: Life Orb\n|faint|p1a: Jolteon\n|\n|upkeep\n|\n|t:|1700528002\n|switch|p1a: Luxray|Luxray, L57, M|100\/100\n|switch|p2a: Espeon|Espeon, L56, M|100\/100\n|-activate|p2a: Espeon|move: Sticky Web\n|-unboost|p2a: Espeon|spe|1\n|turn|8\n|\n|t:|1700528015\n|move|p1a: Luxray|Swift|p2a: Espeon\n|-damage|p2a: Espeon|81\/100\n|move|p2a: Espeon|Shadow Ball|p1a: Luxray\n|-damage|p1a: Luxray|67\/100\n|\n|-status|p1a: Luxray|brn|[from] item: Flame Orb\n|upkeep\n|turn|9\n|\n|t:|1700528030\n|move|p1a: Luxray|Wild Charge|p2a: Espeon\n|-damage|p2a: Espeon|0 fnt\n|faint|p2a: Espeon\n|-damage|p1a: Luxray|48\/100 brn|[from] Recoil\n|\n|-damage|p1a: Luxray|43\/100 brn|[from] brn\n|upkeep\n|\n|t:|1700528037\n|switch|p2a: Quagsire|Quagsire, L56, F|24\/100\n|-activate|p2a: Quagsire|move: Sticky Web\n|-unboost|p2a: Quagsire|spe|1\n|turn|10\n|\n|t:|1700528044\n|move|p1a: Luxray|Facade|p2a: Quagsire\n|-damage|p2a: Quagsire|0 fnt\n|faint|p2a: Quagsire\n|\n|-damage|p1a: Luxray|37\/100 brn|[from] brn\n|upkeep\n|\n|t:|1700528050\n|switch|p2a: Pupitar|Pupitar, L56, M|100\/100\n|-activate|p2a: Pupitar|move: Sticky Web\n|-unboost|p2a: Pupitar|spe|1\n|turn|11\n|\n|t:|1700528062\n|move|p1a: Luxray|Swift|p2a: Pupitar\n|-resisted|p2a: Pupitar\n|-damage|p2a: Pupitar|90\/100\n|move|p2a: Pupitar|Earthquake|p1a: Luxray\n|-supereffective|p1a: Luxray\n|-damage|p1a: Luxray|0 fnt\n|faint|p1a: Luxray\n|\n|upkeep\n|\n|t:|1700528069\n|switch|p1a: Electivire|Electivire, L58, M|100\/100\n|turn|12\n|\n|t:|1700528075\n|move|p1a: Electivire|Flamethrower|p2a: Pupitar\n|-resisted|p2a: Pupitar\n|-damage|p2a: Pupitar|71\/100\n|-status|p2a: Pupitar|brn\n|move|p2a: Pupitar|Earthquake|p1a: Electivire\n|-supereffective|p1a: Electivire\n|-damage|p1a: Electivire|59\/100\n|\n|-damage|p2a: Pupitar|65\/100 brn|[from] brn\n|upkeep\n|turn|13\n|\n|t:|1700528088\n|move|p1a: Electivire|Flamethrower|p2a: Pupitar\n|-resisted|p2a: Pupitar\n|-damage|p2a: Pupitar|46\/100 brn\n|move|p2a: Pupitar|Earthquake|p1a: Electivire\n|-supereffective|p1a: Electivire\n|-damage|p1a: Electivire|13\/100\n|\n|-damage|p2a: Pupitar|40\/100 brn|[from] brn\n|upkeep\n|turn|14\n|\n|t:|1700528104\n|move|p1a: Electivire|Flamethrower|p2a: Pupitar\n|-resisted|p2a: Pupitar\n|-damage|p2a: Pupitar|22\/100 brn\n|move|p2a: Pupitar|Stone Edge|p1a: Electivire\n|-damage|p1a: Electivire|0 fnt\n|faint|p1a: Electivire\n|\n|-damage|p2a: Pupitar|16\/100 brn|[from] brn\n|upkeep\n|\n|t:|1700528113\n|switch|p1a: Magnezone|Magnezone, L56|100\/100\n|turn|15\n|\n|t:|1700528117\n|move|p1a: Magnezone|Flash Cannon|p2a: Pupitar\n|-supereffective|p2a: Pupitar\n|-damage|p2a: Pupitar|0 fnt\n|faint|p2a: Pupitar\n|\n|upkeep\n|\n|t:|1700528125\n|switch|p2a: Incineroar|Incineroar, L56, F|100\/100\n|-activate|p2a: Incineroar|move: Sticky Web\n|-unboost|p2a: Incineroar|spe|1\n|-ability|p2a: Incineroar|Intimidate|boost\n|-unboost|p1a: Magnezone|atk|1\n|turn|16\n|\n|t:|1700528136\n|move|p1a: Magnezone|Hidden Power|p2a: Incineroar\n|-resisted|p2a: Incineroar\n|-damage|p2a: Incineroar|90\/100\n|move|p2a: Incineroar|Overheat|p1a: Magnezone|[miss]\n|-miss|p2a: Incineroar|p1a: Magnezone\n|\n|upkeep\n|turn|17\n|\n|t:|1700528145\n|move|p1a: Magnezone|Thunderbolt|p2a: Incineroar\n|-damage|p2a: Incineroar|48\/100\n|move|p2a: Incineroar|Overheat|p1a: Magnezone\n|-supereffective|p1a: Magnezone\n|-damage|p1a: Magnezone|7\/100\n|-unboost|p2a: Incineroar|spa|2\n|\n|upkeep\n|turn|18\n|\n|t:|1700528155\n|move|p1a: Magnezone|Substitute|p1a: Magnezone\n|-fail|p1a: Magnezone|move: Substitute|[weak]\n|move|p2a: Incineroar|U-turn|p1a: Magnezone\n|-resisted|p1a: Magnezone\n|-damage|p1a: Magnezone|0 fnt\n|faint|p1a: Magnezone\n|\n|t:|1700528161\n|switch|p2a: Ceruledge|Ceruledge, L56, M|100\/100|[from] U-turn\n|-activate|p2a: Ceruledge|move: Sticky Web\n|-unboost|p2a: Ceruledge|spe|1\n|\n|upkeep\n|\n|t:|1700528165\n|switch|p1a: Ampharos|Ampharos, L59, F|100\/100\n|turn|19\n|\n|t:|1700528173\n|detailschange|p1a: Ampharos|Ampharos-Mega, L59, F\n|-mega|p1a: Ampharos|Ampharos|Ampharosite\n|-ability|p1a: Ampharos|Mold Breaker\n|move|p2a: Ceruledge|Swords Dance|p2a: Ceruledge\n|-boost|p2a: Ceruledge|atk|2\n|move|p1a: Ampharos|Dragon Pulse|p2a: Ceruledge\n|-damage|p2a: Ceruledge|46\/100\n|\n|upkeep\n|turn|20\n|\n|t:|1700528182\n|move|p2a: Ceruledge|Close Combat|p1a: Ampharos\n|-damage|p1a: Ampharos|42\/100\n|-unboost|p2a: Ceruledge|def|1\n|-unboost|p2a: Ceruledge|spd|1\n|move|p1a: Ampharos|Focus Blast|p2a: Ceruledge\n|-immune|p2a: Ceruledge\n|\n|upkeep\n|turn|21\n|\n|t:|1700528191\n|move|p2a: Ceruledge|Close Combat|p1a: Ampharos\n|-damage|p1a: Ampharos|0 fnt\n|-unboost|p2a: Ceruledge|def|1\n|-unboost|p2a: Ceruledge|spd|1\n|faint|p1a: Ampharos\n|\n|win|OrakuloEntediado\n","uploadtime":1700528201,"views":3,"p1id":"mariaepica","p2id":"orakuloentediado","formatid":"gen9nationaldex","rating":0,"private":0,"password":""}