{"id":"gen9nationaldex-1991012474","p1":"gglao3","p2":"Shay ObsidianEW","format":"[Gen 9] National Dex","log":"|j|\u2606gglao3\n|j|\u2606Shay ObsidianEW\n|t:|1700027819\n|gametype|singles\n|player|p1|gglao3|102|1531\n|player|p2|Shay ObsidianEW|n|1651\n|teamsize|p1|6\n|teamsize|p2|6\n|gen|9\n|tier|[Gen 9] National Dex\n|rated|\n|rule|HP Percentage Mod: HP is shown in percentages\n|rule|Endless Battle Clause: Forcing endless battles is banned\n|rule|OHKO Clause: OHKO moves are banned\n|rule|Evasion Clause: Evasion abilities, items, and moves are banned\n|rule|Evasion Abilities Clause: Evasion abilities are banned\n|rule|Evasion Items Clause: Evasion items are banned\n|rule|Evasion Moves Clause: Evasion moves are banned\n|rule|Species Clause: Limit one of each Pok\u00e9mon\n|rule|Sleep Clause Mod: Limit one foe put to sleep\n|clearpoke\n|poke|p1|Alomomola, M|\n|poke|p1|Zamazenta-*|\n|poke|p1|Ditto|\n|poke|p1|Victini|\n|poke|p1|Gliscor, M|\n|poke|p1|Goodra-Hisui, F|\n|poke|p2|Iron Treads|\n|poke|p2|Ogerpon-Wellspring, F|\n|poke|p2|Corviknight, F|\n|poke|p2|Tapu Lele|\n|poke|p2|Charizard, F|\n|poke|p2|Sneasler, F|\n|teampreview\n|inactive|Battle timer is ON: inactive players will automatically lose when time's up. (requested by gglao3)\n|inactive|Shay ObsidianEW also wants the timer to be on.\n|\n|t:|1700027843\n|start\n|switch|p1a: Alomomola|Alomomola, M|100\/100\n|switch|p2a: Ogerpon|Ogerpon-Wellspring, F|100\/100\n|turn|1\n|\n|t:|1700027848\n|switch|p1a: Zamazenta|Zamazenta|100\/100\n|-ability|p1a: Zamazenta|Dauntless Shield|boost\n|-boost|p1a: Zamazenta|def|1\n|move|p2a: Ogerpon|Swords Dance|p2a: Ogerpon\n|-boost|p2a: Ogerpon|atk|2\n|\n|upkeep\n|turn|2\n|\n|t:|1700027855\n|move|p1a: Zamazenta|Wild Charge|p2a: Ogerpon\n|-damage|p2a: Ogerpon|35\/100\n|-damage|p1a: Zamazenta|85\/100|[from] Recoil\n|move|p2a: Ogerpon|Ivy Cudgel|p1a: Zamazenta|[anim] Ivy Cudgel Water\n|-crit|p1a: Zamazenta\n|-damage|p1a: Zamazenta|0 fnt\n|faint|p1a: Zamazenta\n|\n|upkeep\n|\n|t:|1700027863\n|switch|p1a: Ditto|Ditto|100\/100\n|-transform|p1a: Ditto|p2a: Ogerpon|[from] ability: Imposter\n|turn|3\n|\n|t:|1700027878\n|switch|p2a: Tapu Lele|Tapu Lele, shiny|100\/100\n|-fieldstart|move: Psychic Terrain|[from] ability: Psychic Surge|[of] p2a: Tapu Lele\n|move|p1a: Ditto|Horn Leech|p2a: Tapu Lele\n|-damage|p2a: Tapu Lele|0 fnt\n|faint|p2a: Tapu Lele\n|\n|upkeep\n|\n|t:|1700027886\n|switch|p2a: Charizard|Charizard, F|100\/100\n|turn|4\n|\n|t:|1700027892\n|switch|p1a: Goodra|Goodra-Hisui, F|100\/100\n|detailschange|p2a: Charizard|Charizard-Mega-Y, F\n|-mega|p2a: Charizard|Charizard|Charizardite Y\n|-weather|SunnyDay|[from] ability: Drought|[of] p2a: Charizard\n|move|p2a: Charizard|Weather Ball|p1a: Goodra\n|-damage|p1a: Goodra|63\/100\n|\n|-weather|SunnyDay|[upkeep]\n|upkeep\n|turn|5\n|\n|t:|1700027899\n|move|p2a: Charizard|Weather Ball|p1a: Goodra\n|-damage|p1a: Goodra|22\/100\n|move|p1a: Goodra|Thunderbolt|p2a: Charizard\n|-supereffective|p2a: Charizard\n|-damage|p2a: Charizard|40\/100\n|\n|-weather|SunnyDay|[upkeep]\n|upkeep\n|turn|6\n|\n|t:|1700027907\n|switch|p1a: Ditto|Ditto|100\/100\n|-transform|p1a: Ditto|p2a: Charizard|[from] ability: Imposter\n|move|p2a: Charizard|Scorching Sands|p1a: Ditto\n|-immune|p1a: Ditto\n|\n|-weather|SunnyDay|[upkeep]\n|upkeep\n|turn|7\n|\n|t:|1700027926\n|switch|p2a: Sneasler|Sneasler, F|100\/100\n|-enditem|p2a: Sneasler|Psychic Seed\n|-boost|p2a: Sneasler|spd|1|[from] item: Psychic Seed\n|move|p1a: Ditto|Weather Ball|p2a: Sneasler\n|-damage|p2a: Sneasler|22\/100\n|\n|-weather|SunnyDay|[upkeep]\n|-fieldend|move: Psychic Terrain\n|upkeep\n|turn|8\n|\n|t:|1700027937\n|switch|p1a: Alomomola|Alomomola, M|100\/100\n|move|p2a: Sneasler|Dire Claw|p1a: Alomomola\n|-crit|p1a: Alomomola\n|-damage|p1a: Alomomola|62\/100\n|-damage|p2a: Sneasler|5\/100|[from] item: Rocky Helmet|[of] p1a: Alomomola\n|\n|-weather|none\n|upkeep\n|turn|9\n|\n|t:|1700027950\n|move|p2a: Sneasler|Swords Dance|p2a: Sneasler\n|-boost|p2a: Sneasler|atk|2\n|move|p1a: Alomomola|Wish|p1a: Alomomola\n|\n|upkeep\n|turn|10\n|\n|t:|1700027956\n|move|p2a: Sneasler|Close Combat|p1a: Alomomola\n|-damage|p1a: Alomomola|0 fnt\n|-unboost|p2a: Sneasler|def|1\n|-unboost|p2a: Sneasler|spd|1\n|-damage|p2a: Sneasler|0 fnt|[from] item: Rocky Helmet|[of] p1a: Alomomola\n|faint|p1a: Alomomola\n|faint|p2a: Sneasler\n|\n|upkeep\n|\n|t:|1700027962\n|switch|p2a: Ogerpon|Ogerpon-Wellspring, F|35\/100\n|switch|p1a: Goodra|Goodra-Hisui, F|22\/100\n|turn|11\n|\n|t:|1700027977\n|move|p2a: Ogerpon|Superpower|p1a: Goodra\n|-supereffective|p1a: Goodra\n|-damage|p1a: Goodra|0 fnt\n|-unboost|p2a: Ogerpon|atk|1\n|-unboost|p2a: Ogerpon|def|1\n|faint|p1a: Goodra\n|\n|upkeep\n|\n|t:|1700027983\n|switch|p1a: Victini|Victini|100\/100\n|turn|12\n|\n|t:|1700027992\n|-terastallize|p2a: Ogerpon|Water\n|detailschange|p2a: Ogerpon|Ogerpon-Wellspring-Tera, F, tera:Water\n|-ability|p2a: Ogerpon|Embody Aspect (Wellspring)|boost\n|-boost|p2a: Ogerpon|spd|1\n|move|p1a: Victini|U-turn|p2a: Ogerpon\n|-damage|p2a: Ogerpon|0 fnt\n|faint|p2a: Ogerpon\n|\n|t:|1700028003\n|switch|p1a: Gliscor|Gliscor, M|100\/100|[from] U-turn\n|\n|-status|p1a: Gliscor|tox|[from] item: Toxic Orb\n|upkeep\n|\n|t:|1700028007\n|switch|p2a: Charizard|Charizard-Mega-Y, F|40\/100\n|-weather|SunnyDay|[from] ability: Drought|[of] p2a: Charizard\n|turn|13\n|\n|t:|1700028011\n|move|p2a: Charizard|Weather Ball|p1a: Gliscor\n|-damage|p1a: Gliscor|18\/100 tox\n|move|p1a: Gliscor|U-turn|p2a: Charizard\n|-resisted|p2a: Charizard\n|-damage|p2a: Charizard|35\/100\n|\n|t:|1700028017\n|switch|p1a: Victini|Victini|100\/100|[from] U-turn\n|\n|-weather|SunnyDay|[upkeep]\n|upkeep\n|turn|14\n|\n|t:|1700028025\n|switch|p2a: Corviknight|Corviknight, F|100\/100\n|-ability|p2a: Corviknight|Pressure\n|move|p1a: Victini|V-create|p2a: Corviknight\n|-supereffective|p2a: Corviknight\n|-damage|p2a: Corviknight|0 fnt\n|-unboost|p1a: Victini|spe|1\n|-unboost|p1a: Victini|def|1\n|-unboost|p1a: Victini|spd|1\n|-damage|p1a: Victini|84\/100|[from] item: Rocky Helmet|[of] p2a: Corviknight\n|faint|p2a: Corviknight\n|\n|-weather|SunnyDay|[upkeep]\n|upkeep\n|\n|t:|1700028028\n|switch|p2a: Iron Treads|Iron Treads|100\/100\n|turn|15\n|\n|t:|1700028038\n|switch|p1a: Gliscor|Gliscor, M|18\/100 tox\n|move|p2a: Iron Treads|Earthquake|p1a: Gliscor\n|-immune|p1a: Gliscor\n|\n|-weather|SunnyDay|[upkeep]\n|-heal|p1a: Gliscor|30\/100 tox|[from] ability: Poison Heal\n|upkeep\n|turn|16\n|\n|t:|1700028044\n|move|p2a: Iron Treads|Rapid Spin|p1a: Gliscor\n|-damage|p1a: Gliscor|17\/100 tox\n|-boost|p2a: Iron Treads|spe|1\n|move|p1a: Gliscor|Earthquake|p2a: Iron Treads\n|-supereffective|p2a: Iron Treads\n|-damage|p2a: Iron Treads|15\/100\n|\n|-weather|SunnyDay|[upkeep]\n|-heal|p1a: Gliscor|30\/100 tox|[from] ability: Poison Heal\n|upkeep\n|turn|17\n|\n|t:|1700028052\n|move|p2a: Iron Treads|Stealth Rock|p1a: Gliscor\n|-sidestart|p1: gglao3|move: Stealth Rock\n|move|p1a: Gliscor|Earthquake|p2a: Iron Treads\n|-supereffective|p2a: Iron Treads\n|-crit|p2a: Iron Treads\n|-damage|p2a: Iron Treads|0 fnt\n|faint|p2a: Iron Treads\n|-end|p2a: Iron Treads|Quark Drive|[silent]\n|\n|-weather|none\n|-heal|p1a: Gliscor|42\/100 tox|[from] ability: Poison Heal\n|upkeep\n|\n|t:|1700028054\n|switch|p2a: Charizard|Charizard-Mega-Y, F|35\/100\n|-weather|SunnyDay|[from] ability: Drought|[of] p2a: Charizard\n|turn|18\n|\n|t:|1700028061\n|move|p2a: Charizard|Weather Ball|p1a: Gliscor\n|-damage|p1a: Gliscor|0 fnt\n|faint|p1a: Gliscor\n|\n|-weather|SunnyDay|[upkeep]\n|upkeep\n|\n|t:|1700028063\n|switch|p1a: Victini|Victini|84\/100\n|-damage|p1a: Victini|59\/100|[from] Stealth Rock\n|turn|19\n|\n|t:|1700028069\n|-terastallize|p1a: Victini|Fire\n|move|p1a: Victini|V-create|p2a: Charizard\n|-resisted|p2a: Charizard\n|-damage|p2a: Charizard|0 fnt\n|-unboost|p1a: Victini|spe|1\n|-unboost|p1a: Victini|def|1\n|-unboost|p1a: Victini|spd|1\n|faint|p2a: Charizard\n|\n|win|gglao3\n|raw|gglao3's rating: 1531 &rarr; <strong>1558<\/strong><br \/>(+27 for winning)\n|raw|Shay ObsidianEW's rating: 1651 &rarr; <strong>1624<\/strong><br \/>(-27 for losing)\n|l|\u2606Shay ObsidianEW\n","uploadtime":1700028078,"views":4,"p1id":"gglao3","p2id":"shayobsidianew","formatid":"gen9nationaldex","rating":1558,"private":0,"password":""}