{"id":"gen9nationaldex-1991797275","p1":"RothusTheTraveler","p2":"Tank Tests","format":"[Gen 9] National Dex","log":"|j|\u2606RothusTheTraveler\n|j|\u2606Tank Tests\n|t:|1700119171\n|gametype|singles\n|player|p1|RothusTheTraveler|marley|1351\n|player|p2|Tank Tests|2|1422\n|teamsize|p1|6\n|teamsize|p2|6\n|gen|9\n|tier|[Gen 9] National Dex\n|rated|\n|rule|HP Percentage Mod: HP is shown in percentages\n|rule|Endless Battle Clause: Forcing endless battles is banned\n|rule|OHKO Clause: OHKO moves are banned\n|rule|Evasion Clause: Evasion abilities, items, and moves are banned\n|rule|Evasion Abilities Clause: Evasion abilities are banned\n|rule|Evasion Items Clause: Evasion items are banned\n|rule|Evasion Moves Clause: Evasion moves are banned\n|rule|Species Clause: Limit one of each Pok\u00e9mon\n|rule|Sleep Clause Mod: Limit one foe put to sleep\n|clearpoke\n|poke|p1|Mandibuzz, F|\n|poke|p1|Medicham, M|\n|poke|p1|Skeledirge, M|\n|poke|p1|Toxapex, M|\n|poke|p1|Rotom-Wash|\n|poke|p1|Blaziken, F|\n|poke|p2|Pawmot, F|\n|poke|p2|Rabsca, M|\n|poke|p2|Banette, F|\n|poke|p2|Victini|\n|poke|p2|Dragonite, F|\n|poke|p2|Forretress, M|\n|teampreview\n|inactive|Battle timer is ON: inactive players will automatically lose when time's up. (requested by RothusTheTraveler)\n|\n|t:|1700119180\n|start\n|switch|p1a: Skeledirge|Skeledirge, M|100\/100\n|switch|p2a: Banette|Banette, F|100\/100\n|turn|1\n|\n|t:|1700119184\n|detailschange|p2a: Banette|Banette-Mega, F\n|-mega|p2a: Banette|Banette|Banettite\n|-terastallize|p1a: Skeledirge|Fire\n|move|p2a: Banette|Poltergeist|p1a: Skeledirge\n|-activate|p1a: Skeledirge|move: Poltergeist|Leftovers\n|-damage|p1a: Skeledirge|35\/100\n|move|p1a: Skeledirge|Torch Song|p2a: Banette\n|-damage|p2a: Banette|13\/100\n|-boost|p1a: Skeledirge|spa|1\n|\n|-heal|p1a: Skeledirge|41\/100|[from] item: Leftovers\n|upkeep\n|turn|2\n|\n|t:|1700119195\n|move|p2a: Banette|Poltergeist|p1a: Skeledirge\n|-activate|p1a: Skeledirge|move: Poltergeist|Leftovers\n|-damage|p1a: Skeledirge|0 fnt\n|faint|p1a: Skeledirge\n|\n|upkeep\n|\n|t:|1700119200\n|switch|p1a: Mandibuzz|Mandibuzz, F|100\/100\n|turn|3\n|\n|t:|1700119203\n|move|p2a: Banette|Destiny Bond|p2a: Banette\n|-singlemove|p2a: Banette|Destiny Bond\n|move|p1a: Mandibuzz|Nasty Plot|p1a: Mandibuzz\n|-boost|p1a: Mandibuzz|spa|2\n|\n|upkeep\n|turn|4\n|\n|t:|1700119208\n|move|p2a: Banette|Encore|p1a: Mandibuzz\n|-hint|Since gen 7, Dark is immune to Prankster moves.\n|-immune|p1a: Mandibuzz\n|move|p1a: Mandibuzz|Nasty Plot|p1a: Mandibuzz\n|-boost|p1a: Mandibuzz|spa|2\n|\n|upkeep\n|turn|5\n|\n|t:|1700119215\n|move|p2a: Banette|Destiny Bond|p2a: Banette\n|-singlemove|p2a: Banette|Destiny Bond\n|move|p1a: Mandibuzz|Nasty Plot|p1a: Mandibuzz\n|-boost|p1a: Mandibuzz|spa|2\n|\n|upkeep\n|turn|6\n|\n|t:|1700119219\n|move|p2a: Banette|Destiny Bond||[still]\n|-fail|p2a: Banette\n|move|p1a: Mandibuzz|Dark Pulse|p2a: Banette\n|-supereffective|p2a: Banette\n|-damage|p2a: Banette|0 fnt\n|faint|p2a: Banette\n|\n|upkeep\n|\n|t:|1700119230\n|switch|p2a: Victini|Victini|100\/100\n|turn|7\n|\n|t:|1700119235\n|move|p2a: Victini|Final Gambit|p1a: Mandibuzz\n|-damage|p1a: Mandibuzz|6\/100\n|faint|p2a: Victini\n|move|p1a: Mandibuzz|Dark Pulse|p2: Victini|[notarget]\n|-fail|p1a: Mandibuzz\n|\n|upkeep\n|\n|t:|1700119241\n|switch|p2a: Pawmot|Pawmot, F|100\/100\n|turn|8\n|\n|t:|1700119244\n|move|p2a: Pawmot|Close Combat|p1a: Mandibuzz\n|-damage|p1a: Mandibuzz|0 fnt\n|-unboost|p2a: Pawmot|def|1\n|-unboost|p2a: Pawmot|spd|1\n|faint|p1a: Mandibuzz\n|\n|upkeep\n|\n|t:|1700119247\n|switch|p1a: Blaziken|Blaziken, F|100\/100\n|turn|9\n|\n|t:|1700119251\n|switch|p2a: Forretress|Forretress, M|100\/100\n|move|p1a: Blaziken|Close Combat|p2a: Forretress\n|-damage|p2a: Forretress|51\/100\n|-unboost|p1a: Blaziken|def|1\n|-unboost|p1a: Blaziken|spd|1\n|\n|-ability|p1a: Blaziken|Speed Boost|boost\n|-boost|p1a: Blaziken|spe|1\n|upkeep\n|turn|10\n|\n|t:|1700119254\n|move|p1a: Blaziken|Flare Blitz|p2a: Forretress\n|-supereffective|p2a: Forretress\n|-crit|p2a: Forretress\n|-damage|p2a: Forretress|0 fnt\n|faint|p2a: Forretress\n|-damage|p1a: Blaziken|81\/100|[from] Recoil\n|\n|-ability|p1a: Blaziken|Speed Boost|boost\n|-boost|p1a: Blaziken|spe|1\n|upkeep\n|\n|t:|1700119258\n|switch|p2a: Dragonite|Dragonite, F|100\/100\n|turn|11\n|\n|t:|1700119260\n|switch|p1a: Toxapex|Toxapex, M|100\/100\n|move|p2a: Dragonite|Dragon Dance|p2a: Dragonite\n|-boost|p2a: Dragonite|atk|1\n|-boost|p2a: Dragonite|spe|1\n|\n|upkeep\n|turn|12\n|\n|t:|1700119263\n|move|p2a: Dragonite|Earthquake|p1a: Toxapex\n|-supereffective|p1a: Toxapex\n|-damage|p1a: Toxapex|32\/100\n|move|p1a: Toxapex|Toxic|p2a: Dragonite\n|-status|p2a: Dragonite|tox\n|\n|-heal|p1a: Toxapex|38\/100|[from] item: Leftovers\n|-damage|p2a: Dragonite|94\/100 tox|[from] psn\n|upkeep\n|turn|13\n|\n|t:|1700119267\n|switch|p1a: Rotom|Rotom-Wash|100\/100\n|move|p2a: Dragonite|Earthquake|p1a: Rotom\n|-immune|p1a: Rotom|[from] ability: Levitate\n|\n|-damage|p2a: Dragonite|82\/100 tox|[from] psn\n|upkeep\n|turn|14\n|\n|t:|1700119272\n|move|p2a: Dragonite|Dragon Claw|p1a: Rotom\n|-damage|p1a: Rotom|32\/100\n|move|p1a: Rotom|Volt Switch|p2a: Dragonite\n|-damage|p2a: Dragonite|47\/100 tox\n|\n|t:|1700119275\n|switch|p1a: Toxapex|Toxapex, M|72\/100|[from] Volt Switch\n|\n|-heal|p1a: Toxapex|78\/100|[from] item: Leftovers\n|-damage|p2a: Dragonite|29\/100 tox|[from] psn\n|upkeep\n|turn|15\n|\n|t:|1700119277\n|move|p1a: Toxapex|Baneful Bunker|p1a: Toxapex\n|-singleturn|p1a: Toxapex|move: Protect\n|move|p2a: Dragonite|Dragon Claw|p1a: Toxapex\n|-activate|p1a: Toxapex|move: Protect\n|\n|-heal|p1a: Toxapex|84\/100|[from] item: Leftovers\n|-damage|p2a: Dragonite|4\/100 tox|[from] psn\n|upkeep\n|turn|16\n|\n|t:|1700119284\n|move|p2a: Dragonite|Earthquake|p1a: Toxapex\n|-supereffective|p1a: Toxapex\n|-damage|p1a: Toxapex|14\/100\n|move|p1a: Toxapex|Recover|p1a: Toxapex\n|-heal|p1a: Toxapex|64\/100\n|\n|-heal|p1a: Toxapex|71\/100|[from] item: Leftovers\n|-damage|p2a: Dragonite|0 fnt|[from] psn\n|faint|p2a: Dragonite\n|upkeep\n|\n|t:|1700119288\n|switch|p2a: Rabsca|Rabsca, M|100\/100\n|turn|17\n|\n|t:|1700119291\n|move|p2a: Rabsca|Revival Blessing|p2a: Rabsca\n|-enditem|p2a: Rabsca|Leppa Berry|[eat]\n|-activate|p2a: Rabsca|item: Leppa Berry|Revival Blessing|[consumed]\n|\n|t:|1700119296\n|-heal|p2: Banette|50\/100|[from] move: Revival Blessing\n|move|p1a: Toxapex|Toxic|p2a: Rabsca\n|-status|p2a: Rabsca|tox\n|-activate|p2a: Rabsca|ability: Synchronize\n|-immune|p1a: Toxapex\n|\n|-heal|p1a: Toxapex|77\/100|[from] item: Leftovers\n|-damage|p2a: Rabsca|94\/100 tox|[from] psn\n|upkeep\n|turn|18\n|\n|t:|1700119299\n|switch|p1a: Blaziken|Blaziken, F|81\/100\n|move|p2a: Rabsca|Revival Blessing|p2a: Rabsca\n|\n|t:|1700119302\n|-heal|p2: Victini|50\/100|[from] move: Revival Blessing\n|\n|-damage|p2a: Rabsca|82\/100 tox|[from] psn\n|upkeep\n|turn|19\n|\n|t:|1700119305\n|move|p1a: Blaziken|Flare Blitz|p2a: Rabsca\n|-supereffective|p2a: Rabsca\n|-damage|p2a: Rabsca|0 fnt\n|faint|p2a: Rabsca\n|-damage|p1a: Blaziken|49\/100|[from] Recoil\n|\n|-ability|p1a: Blaziken|Speed Boost|boost\n|-boost|p1a: Blaziken|spe|1\n|upkeep\n|\n|t:|1700119312\n|switch|p2a: Victini|Victini|50\/100\n|turn|20\n|\n|t:|1700119314\n|move|p1a: Blaziken|Protect|p1a: Blaziken\n|-singleturn|p1a: Blaziken|Protect\n|move|p2a: Victini|Zen Headbutt|p1a: Blaziken\n|-activate|p1a: Blaziken|move: Protect\n|\n|-ability|p1a: Blaziken|Speed Boost|boost\n|-boost|p1a: Blaziken|spe|1\n|upkeep\n|turn|21\n|\n|t:|1700119318\n|move|p1a: Blaziken|Close Combat|p2a: Victini\n|-resisted|p2a: Victini\n|-damage|p2a: Victini|18\/100\n|-unboost|p1a: Blaziken|def|1\n|-unboost|p1a: Blaziken|spd|1\n|move|p2a: Victini|Zen Headbutt|p1a: Blaziken\n|-supereffective|p1a: Blaziken\n|-damage|p1a: Blaziken|0 fnt\n|faint|p1a: Blaziken\n|\n|upkeep\n|\n|t:|1700119325\n|switch|p1a: Medicham|Medicham, M|100\/100\n|turn|22\n|\n|t:|1700119329\n|switch|p2a: Banette|Banette-Mega, F|50\/100\n|detailschange|p1a: Medicham|Medicham-Mega, M\n|-mega|p1a: Medicham|Medicham|Medichamite\n|move|p1a: Medicham|Trailblaze|p2a: Banette\n|-damage|p2a: Banette|0 fnt\n|-boost|p1a: Medicham|spe|1\n|faint|p2a: Banette\n|\n|upkeep\n|\n|t:|1700119340\n|switch|p2a: Victini|Victini|18\/100\n|turn|23\n|\n|t:|1700119342\n|move|p1a: Medicham|Trailblaze|p2a: Victini\n|-resisted|p2a: Victini\n|-damage|p2a: Victini|4\/100\n|-boost|p1a: Medicham|spe|1\n|move|p2a: Victini|V-create|p1a: Medicham\n|-damage|p1a: Medicham|0 fnt\n|-unboost|p2a: Victini|spe|1\n|-unboost|p2a: Victini|def|1\n|-unboost|p2a: Victini|spd|1\n|faint|p1a: Medicham\n|\n|upkeep\n|\n|t:|1700119345\n|switch|p1a: Rotom|Rotom-Wash|32\/100\n|turn|24\n|\n|t:|1700119349\n|move|p2a: Victini|V-create|p1a: Rotom\n|-resisted|p1a: Rotom\n|-damage|p1a: Rotom|0 fnt\n|-unboost|p2a: Victini|spe|1\n|-unboost|p2a: Victini|def|1\n|-unboost|p2a: Victini|spd|1\n|faint|p1a: Rotom\n|\n|upkeep\n|\n|t:|1700119351\n|switch|p1a: Toxapex|Toxapex, M|100\/100\n|turn|25\n|\n|t:|1700119354\n|move|p1a: Toxapex|Baneful Bunker|p1a: Toxapex\n|-singleturn|p1a: Toxapex|move: Protect\n|move|p2a: Victini|V-create|p1a: Toxapex\n|-activate|p1a: Toxapex|move: Protect\n|-status|p2a: Victini|psn\n|\n|-damage|p2a: Victini|0 fnt|[from] psn\n|faint|p2a: Victini\n|upkeep\n|\n|t:|1700119356\n|switch|p2a: Pawmot|Pawmot, F|100\/100\n|turn|26\n|\n|t:|1700119358\n|move|p2a: Pawmot|Revival Blessing|p2a: Pawmot\n|-enditem|p2a: Pawmot|Leppa Berry|[eat]\n|-activate|p2a: Pawmot|item: Leppa Berry|Revival Blessing|[consumed]\n|\n|t:|1700119361\n|-heal|p2: Dragonite|50\/100|[from] move: Revival Blessing\n|move|p1a: Toxapex|Toxic|p2a: Pawmot\n|-status|p2a: Pawmot|tox\n|\n|-damage|p2a: Pawmot|94\/100 tox|[from] psn\n|upkeep\n|turn|27\n|\n|t:|1700119368\n|move|p2a: Pawmot|Thunder Wave|p1a: Toxapex\n|-status|p1a: Toxapex|par\n|move|p1a: Toxapex|Scald|p2a: Pawmot\n|-damage|p2a: Pawmot|63\/100 tox\n|\n|-damage|p2a: Pawmot|51\/100 tox|[from] psn\n|upkeep\n|turn|28\n|\n|t:|1700119371\n|move|p2a: Pawmot|Revival Blessing|p2a: Pawmot\n|\n|t:|1700119378\n|-heal|p2: Victini|50\/100|[from] move: Revival Blessing\n|move|p1a: Toxapex|Toxic|p2a: Pawmot\n|-fail|p2a: Pawmot|tox\n|\n|-damage|p2a: Pawmot|33\/100 tox|[from] psn\n|upkeep\n|turn|29\n|\n|t:|1700119381\n|move|p1a: Toxapex|Baneful Bunker|p1a: Toxapex\n|-singleturn|p1a: Toxapex|move: Protect\n|move|p2a: Pawmot|Double Shock|p1a: Toxapex\n|-activate|p1a: Toxapex|move: Protect\n|\n|-damage|p2a: Pawmot|9\/100 tox|[from] psn\n|upkeep\n|turn|30\n|\n|t:|1700119384\n|move|p2a: Pawmot|Double Shock|p1a: Toxapex\n|-supereffective|p1a: Toxapex\n|-crit|p1a: Toxapex\n|-damage|p1a: Toxapex|0 fnt\n|-start|p2a: Pawmot|typechange|???\/Fighting|[from] move: Double Shock\n|faint|p1a: Toxapex\n|\n|win|Tank Tests\n|raw|RothusTheTraveler's rating: 1351 &rarr; <strong>1335<\/strong><br \/>(-16 for losing)\n|raw|Tank Tests's rating: 1422 &rarr; <strong>1438<\/strong><br \/>(+16 for winning)\n|l|\u2606RothusTheTraveler\n|c|\u2606Tank Tests|gg\n","uploadtime":1700119403,"views":20,"p1id":"rothusthetraveler","p2id":"tanktests","formatid":"gen9nationaldex","rating":1335,"private":0,"password":""}