{"id":"gen9nationaldex-1992946537","p1":"Prtbl_Trash","p2":"Hooploops<3","format":"[Gen 9] National Dex","log":"|j|\u2606Prtbl_Trash\n|j|\u2606Hooploops<3\n|t:|1700249247\n|gametype|singles\n|player|p1|Prtbl_Trash|rosa|\n|player|p2|Hooploops<3|rocketgruntf|\n|teamsize|p1|6\n|teamsize|p2|6\n|gen|9\n|tier|[Gen 9] National Dex\n|rule|HP Percentage Mod: HP is shown in percentages\n|rule|Endless Battle Clause: Forcing endless battles is banned\n|rule|OHKO Clause: OHKO moves are banned\n|rule|Evasion Clause: Evasion abilities, items, and moves are banned\n|rule|Evasion Abilities Clause: Evasion abilities are banned\n|rule|Evasion Items Clause: Evasion items are banned\n|rule|Evasion Moves Clause: Evasion moves are banned\n|rule|Species Clause: Limit one of each Pok\u00e9mon\n|rule|Sleep Clause Mod: Limit one foe put to sleep\n|clearpoke\n|poke|p1|Lokix, M|\n|poke|p1|Slowking-Galar, F|\n|poke|p1|Gliscor, F|\n|poke|p1|Empoleon, M|\n|poke|p1|Skeledirge, M|\n|poke|p1|Minior-Green|\n|poke|p2|Lopunny, F|\n|poke|p2|Tsareena, F|\n|poke|p2|Ribombee, F|\n|poke|p2|Gengar, F|\n|poke|p2|Bisharp, F|\n|poke|p2|Togekiss, F|\n|teampreview\n|inactive|Battle timer is ON: inactive players will automatically lose when time's up. (requested by Prtbl_Trash)\n|\n|t:|1700249263\n|start\n|switch|p1a: Slowking|Slowking-Galar, F|100\/100\n|switch|p2a: Lopunny|Lopunny, F, shiny|100\/100\n|turn|1\n|\n|t:|1700249273\n|detailschange|p2a: Lopunny|Lopunny-Mega, F, shiny\n|-mega|p2a: Lopunny|Lopunny|Lopunnite\n|move|p2a: Lopunny|Fake Out|p1a: Slowking\n|-damage|p1a: Slowking|77\/100\n|cant|p1a: Slowking|flinch\n|\n|upkeep\n|turn|2\n|\n|t:|1700249281\n|move|p2a: Lopunny|U-turn|p1a: Slowking\n|-damage|p1a: Slowking|50\/100\n|\n|t:|1700249291\n|switch|p2a: Gengar|Gengar, F, shiny|100\/100|[from] U-turn\n|move|p1a: Slowking|Thunder Wave|p2a: Gengar\n|-status|p2a: Gengar|par\n|\n|upkeep\n|turn|3\n|c|\u2606Hooploops<3|Damn\n|\n|t:|1700249312\n|switch|p1a: Gliscor|Gliscor, F|100\/100\n|move|p2a: Gengar|Focus Blast|p1a: Gliscor\n|-resisted|p1a: Gliscor\n|-damage|p1a: Gliscor|83\/100\n|\n|-status|p1a: Gliscor|tox|[from] item: Toxic Orb\n|upkeep\n|turn|4\n|\n|t:|1700249321\n|switch|p2a: Togekiss|Togekiss, F, shiny|100\/100\n|move|p1a: Gliscor|Stealth Rock|p2a: Togekiss\n|-sidestart|p2: Hooploops<3|move: Stealth Rock\n|\n|-heal|p1a: Gliscor|95\/100 tox|[from] ability: Poison Heal\n|upkeep\n|turn|5\n|\n|t:|1700249329\n|switch|p1a: Empoleon|Empoleon, M|100\/100\n|move|p2a: Togekiss|Defog|p1a: Empoleon\n|-unboost|p1a: Empoleon|evasion|1\n|-ability|p1a: Empoleon|Competitive|boost\n|-boost|p1a: Empoleon|spa|2\n|-sideend|p2: Hooploops<3|Stealth Rock|[from] move: Defog|[of] p2a: Togekiss\n|\n|upkeep\n|turn|6\n|\n|t:|1700249337\n|move|p2a: Togekiss|Thunder Wave|p1a: Empoleon\n|-status|p1a: Empoleon|par\n|move|p1a: Empoleon|Flash Cannon|p2a: Togekiss\n|-supereffective|p2a: Togekiss\n|-damage|p2a: Togekiss|0 fnt\n|faint|p2a: Togekiss\n|\n|upkeep\n|\n|t:|1700249348\n|switch|p2a: Lopunny|Lopunny-Mega, F, shiny|100\/100\n|turn|7\n|\n|t:|1700249353\n|-terastallize|p1a: Empoleon|Bug\n|move|p2a: Lopunny|Fake Out|p1a: Empoleon\n|-damage|p1a: Empoleon|79\/100 par\n|cant|p1a: Empoleon|flinch\n|\n|upkeep\n|turn|8\n|\n|t:|1700249363\n|move|p2a: Lopunny|U-turn|p1a: Empoleon\n|-damage|p1a: Empoleon|52\/100 par\n|\n|t:|1700249369\n|switch|p2a: Bisharp|Bisharp, F, shiny|100\/100|[from] U-turn\n|cant|p1a: Empoleon|par\n|\n|upkeep\n|turn|9\n|\n|t:|1700249378\n|move|p2a: Bisharp|Swords Dance|p2a: Bisharp\n|-boost|p2a: Bisharp|atk|2\n|move|p1a: Empoleon|Scald|p2a: Bisharp\n|-damage|p2a: Bisharp|24\/100\n|-status|p2a: Bisharp|brn\n|\n|-damage|p2a: Bisharp|18\/100 brn|[from] brn\n|upkeep\n|turn|10\n|\n|t:|1700249388\n|move|p2a: Bisharp|Sucker Punch|p1a: Empoleon\n|-damage|p1a: Empoleon|10\/100 par\n|cant|p1a: Empoleon|par\n|\n|-damage|p2a: Bisharp|12\/100 brn|[from] brn\n|upkeep\n|turn|11\n|\n|t:|1700249397\n|move|p2a: Bisharp|Sucker Punch|p1a: Empoleon\n|-damage|p1a: Empoleon|0 fnt\n|faint|p1a: Empoleon\n|\n|-damage|p2a: Bisharp|6\/100 brn|[from] brn\n|upkeep\n|\n|t:|1700249399\n|switch|p1a: Lokix|Lokix, M|100\/100\n|turn|12\n|\n|t:|1700249404\n|move|p1a: Lokix|First Impression|p2a: Bisharp\n|-damage|p2a: Bisharp|0 fnt\n|faint|p2a: Bisharp\n|\n|upkeep\n|\n|t:|1700249413\n|switch|p2a: Ribombee|Ribombee, F, shiny|100\/100\n|turn|13\n|\n|t:|1700249417\n|switch|p1a: Minior|Minior-Green|100\/100\n|-formechange|p1a: Minior|Minior-Meteor||[from] ability: Shields Down\n|move|p2a: Ribombee|Stun Spore|p1a: Minior\n|-immune|p1a: Minior|[from] ability: Shields Down\n|\n|upkeep\n|turn|14\n|\n|t:|1700249428\n|move|p2a: Ribombee|Moonblast|p1a: Minior\n|-damage|p1a: Minior|52\/100\n|move|p1a: Minior|Shell Smash|p1a: Minior\n|-unboost|p1a: Minior|def|1\n|-unboost|p1a: Minior|spd|1\n|-boost|p1a: Minior|atk|2\n|-boost|p1a: Minior|spa|2\n|-boost|p1a: Minior|spe|2\n|-enditem|p1a: Minior|White Herb\n|-clearnegativeboost|p1a: Minior|[silent]\n|\n|upkeep\n|turn|15\n|\n|t:|1700249440\n|move|p1a: Minior|Acrobatics|p2a: Ribombee\n|-supereffective|p2a: Ribombee\n|-enditem|p2a: Ribombee|Focus Sash\n|-damage|p2a: Ribombee|1\/100\n|move|p2a: Ribombee|Moonblast|p1a: Minior\n|-damage|p1a: Minior|0 fnt\n|faint|p1a: Minior\n|\n|upkeep\n|\n|t:|1700249447\n|switch|p1a: Skeledirge|Skeledirge, M|100\/100\n|turn|16\n|\n|t:|1700249450\n|move|p2a: Ribombee|Sticky Web|p1a: Skeledirge\n|-sidestart|p1: Prtbl_Trash|move: Sticky Web\n|move|p1a: Skeledirge|Torch Song|p2a: Ribombee\n|-supereffective|p2a: Ribombee\n|-damage|p2a: Ribombee|0 fnt\n|-boost|p1a: Skeledirge|spa|1\n|faint|p2a: Ribombee\n|\n|upkeep\n|\n|t:|1700249456\n|switch|p2a: Gengar|Gengar, F, shiny|100\/100 par\n|turn|17\n|\n|t:|1700249460\n|move|p2a: Gengar|Shadow Ball|p1a: Skeledirge\n|-supereffective|p1a: Skeledirge\n|-damage|p1a: Skeledirge|10\/100\n|-unboost|p1a: Skeledirge|spd|1\n|move|p1a: Skeledirge|Hex|p2a: Gengar\n|-supereffective|p2a: Gengar\n|-damage|p2a: Gengar|0 fnt\n|faint|p2a: Gengar\n|\n|upkeep\n|\n|t:|1700249470\n|switch|p2a: Lopunny|Lopunny-Mega, F, shiny|100\/100\n|turn|18\n|\n|t:|1700249476\n|switch|p1a: Gliscor|Gliscor, F|95\/100 tox\n|move|p2a: Lopunny|Fake Out|p1a: Gliscor\n|-damage|p1a: Gliscor|77\/100 tox\n|\n|-heal|p1a: Gliscor|89\/100 tox|[from] ability: Poison Heal\n|upkeep\n|turn|19\n|\n|t:|1700249482\n|move|p2a: Lopunny|Return|p1a: Gliscor\n|-damage|p1a: Gliscor|48\/100 tox\n|move|p1a: Gliscor|Defog|p2a: Lopunny\n|-unboost|p2a: Lopunny|evasion|1\n|-sideend|p1: Prtbl_Trash|Sticky Web|[from] move: Defog|[of] p1a: Gliscor\n|\n|-heal|p1a: Gliscor|61\/100 tox|[from] ability: Poison Heal\n|upkeep\n|turn|20\n|\n|t:|1700249492\n|move|p2a: Lopunny|U-turn|p1a: Gliscor\n|-resisted|p1a: Gliscor\n|-damage|p1a: Gliscor|51\/100 tox\n|\n|t:|1700249494\n|switch|p2a: Tsareena|Tsareena, F, shiny|100\/100|[from] U-turn\n|move|p1a: Gliscor|Roost|p1a: Gliscor\n|-heal|p1a: Gliscor|100\/100 tox\n|-singleturn|p1a: Gliscor|move: Roost\n|\n|upkeep\n|turn|21\n|\n|t:|1700249500\n|-zpower|p2a: Tsareena\n|move|p2a: Tsareena|Z-Splash|p2a: Tsareena|[anim]Splash\n|-boost|p2a: Tsareena|atk|3|[zeffect]\n|-nothing\n|move|p1a: Gliscor|Earthquake|p2a: Tsareena\n|-resisted|p2a: Tsareena\n|-damage|p2a: Tsareena|82\/100\n|\n|upkeep\n|turn|22\n|\n|t:|1700249511\n|switch|p1a: Skeledirge|Skeledirge, M|10\/100\n|move|p2a: Tsareena|Triple Axel|p1a: Skeledirge\n|-resisted|p1a: Skeledirge\n|-damage|p1a: Skeledirge|8\/100\n|-resisted|p1a: Skeledirge\n|-damage|p1a: Skeledirge|4\/100\n|-resisted|p1a: Skeledirge\n|-damage|p1a: Skeledirge|0 fnt\n|faint|p1a: Skeledirge\n|-hitcount|p1: Skeledirge|3\n|\n|upkeep\n|\n|t:|1700249518\n|switch|p1a: Lokix|Lokix, M|100\/100\n|turn|23\n|c|\u2606Hooploops<3|Damn\n|\n|t:|1700249530\n|move|p1a: Lokix|U-turn|p2a: Tsareena\n|-supereffective|p2a: Tsareena\n|-damage|p2a: Tsareena|0 fnt\n|faint|p2a: Tsareena\n|c|\u2606Prtbl_Trash|Thought you were gonna rapid spin\n|c|\u2606Prtbl_Trash|Didn\u2019t want you to sweep\n|inactive|Prtbl_Trash has 270 seconds left.\n|\n|t:|1700249566\n|switch|p1a: Gliscor|Gliscor, F|100\/100 tox|[from] U-turn\n|\n|upkeep\n|\n|t:|1700249572\n|switch|p2a: Lopunny|Lopunny-Mega, F, shiny|100\/100\n|turn|24\n|\n|t:|1700249580\n|move|p2a: Lopunny|Fake Out|p1a: Gliscor\n|-damage|p1a: Gliscor|84\/100 tox\n|cant|p1a: Gliscor|flinch\n|\n|-heal|p1a: Gliscor|97\/100 tox|[from] ability: Poison Heal\n|upkeep\n|turn|25\n|\n|t:|1700249586\n|move|p2a: Lopunny|Return|p1a: Gliscor\n|-damage|p1a: Gliscor|53\/100 tox\n|move|p1a: Gliscor|Defog|p2a: Lopunny\n|-unboost|p2a: Lopunny|evasion|1\n|\n|-heal|p1a: Gliscor|65\/100 tox|[from] ability: Poison Heal\n|upkeep\n|turn|26\n|\n|t:|1700249592\n|move|p2a: Lopunny|Return|p1a: Gliscor\n|-damage|p1a: Gliscor|18\/100 tox\n|move|p1a: Gliscor|Earthquake|p2a: Lopunny\n|-damage|p2a: Lopunny|56\/100\n|\n|-heal|p1a: Gliscor|31\/100 tox|[from] ability: Poison Heal\n|upkeep\n|turn|27\n|\n|t:|1700249599\n|move|p2a: Lopunny|Return|p1a: Gliscor\n|-damage|p1a: Gliscor|0 fnt\n|faint|p1a: Gliscor\n|\n|upkeep\n|\n|t:|1700249602\n|switch|p1a: Slowking|Slowking-Galar, F|83\/100\n|turn|28\n|\n|t:|1700249609\n|move|p2a: Lopunny|Return|p1a: Slowking\n|-damage|p1a: Slowking|23\/100\n|move|p1a: Slowking|Sludge Bomb|p2a: Lopunny\n|-damage|p2a: Lopunny|13\/100\n|-status|p2a: Lopunny|psn\n|\n|-damage|p2a: Lopunny|1\/100 psn|[from] psn\n|upkeep\n|turn|29\n|\n|t:|1700249616\n|move|p2a: Lopunny|Return|p1a: Slowking\n|-damage|p1a: Slowking|0 fnt\n|faint|p1a: Slowking\n|\n|-damage|p2a: Lopunny|0 fnt|[from] psn\n|faint|p2a: Lopunny\n|\n|win|Prtbl_Trash\n|upkeep\n|c|\u2606Prtbl_Trash|Gg\n|c|\u2606Hooploops<3|Gg\n|l|\u2606Hooploops<3\n","uploadtime":1700249665,"views":15,"p1id":"prtbltrash","p2id":"hooploops3","formatid":"gen9nationaldex","rating":0,"private":0,"password":""}