{"id":"gen9nationaldex-1991000881","p1":"kiruaru","p2":"Barkwitz","format":"[Gen 9] National Dex","log":"|j|\u2606kiruaru\n|j|\u2606Barkwitz\n|t:|1700025889\n|gametype|singles\n|player|p1|kiruaru|aromalady|1096\n|player|p2|Barkwitz|janitor|1092\n|teamsize|p1|6\n|teamsize|p2|6\n|gen|9\n|tier|[Gen 9] National Dex\n|rated|\n|rule|HP Percentage Mod: HP is shown in percentages\n|rule|Endless Battle Clause: Forcing endless battles is banned\n|rule|OHKO Clause: OHKO moves are banned\n|rule|Evasion Clause: Evasion abilities, items, and moves are banned\n|rule|Evasion Abilities Clause: Evasion abilities are banned\n|rule|Evasion Items Clause: Evasion items are banned\n|rule|Evasion Moves Clause: Evasion moves are banned\n|rule|Species Clause: Limit one of each Pok\u00e9mon\n|rule|Sleep Clause Mod: Limit one foe put to sleep\n|clearpoke\n|poke|p1|Zapdos|\n|poke|p1|Pelipper, F|\n|poke|p1|Swampert, F|\n|poke|p1|Scizor, M|\n|poke|p1|Floatzel, M|\n|poke|p1|Greninja-*, M|\n|poke|p2|Torkoal, M|\n|poke|p2|Eelektross, F|\n|poke|p2|Darmanitan, M|\n|poke|p2|Scrafty, M|\n|poke|p2|Whimsicott, M|\n|poke|p2|Hitmonchan, M|\n|teampreview\n|inactive|Battle timer is ON: inactive players will automatically lose when time's up. (requested by Barkwitz)\n|\n|t:|1700025898\n|start\n|switch|p1a: Swampert|Swampert, F|100\/100\n|switch|p2a: 420\u00b0F|Torkoal, M|100\/100\n|-weather|SunnyDay|[from] ability: Drought|[of] p2a: 420\u00b0F\n|turn|1\n|\n|t:|1700025906\n|detailschange|p1a: Swampert|Swampert-Mega, F\n|-mega|p1a: Swampert|Swampert|Swampertite\n|-terastallize|p2a: 420\u00b0F|Flying\n|move|p1a: Swampert|Earthquake|p2a: 420\u00b0F\n|-immune|p2a: 420\u00b0F\n|move|p2a: 420\u00b0F|Stealth Rock|p1a: Swampert\n|-sidestart|p1: kiruaru|move: Stealth Rock\n|\n|-weather|SunnyDay|[upkeep]\n|upkeep\n|turn|2\n|\n|t:|1700025915\n|switch|p1a: Pelipper|Pelipper, F|100\/100\n|-damage|p1a: Pelipper|76\/100|[from] Stealth Rock\n|-weather|RainDance|[from] ability: Drizzle|[of] p1a: Pelipper\n|switch|p2a: AAAAAHHH|Eelektross, F|100\/100\n|\n|-weather|RainDance|[upkeep]\n|upkeep\n|turn|3\n|\n|t:|1700025931\n|switch|p1a: Swampert|Swampert-Mega, F|100\/100\n|-damage|p1a: Swampert|94\/100|[from] Stealth Rock\n|move|p2a: AAAAAHHH|Dragon Tail|p1a: Swampert\n|-damage|p1a: Swampert|76\/100\n|drag|p1a: Pelipper|Pelipper, F|76\/100\n|-damage|p1a: Pelipper|51\/100|[from] Stealth Rock\n|\n|-weather|RainDance|[upkeep]\n|upkeep\n|turn|4\n|\n|t:|1700025942\n|move|p1a: Pelipper|Defog|p2a: AAAAAHHH\n|-unboost|p2a: AAAAAHHH|evasion|1\n|-sideend|p1: kiruaru|Stealth Rock|[from] move: Defog|[of] p1a: Pelipper\n|move|p2a: AAAAAHHH|Dragon Tail|p1a: Pelipper\n|-damage|p1a: Pelipper|35\/100\n|drag|p1a: Floatzel|Floatzel, M|100\/100\n|\n|-weather|RainDance|[upkeep]\n|upkeep\n|turn|5\n|\n|t:|1700025951\n|-terastallize|p1a: Floatzel|Water\n|move|p1a: Floatzel|Wave Crash|p2a: AAAAAHHH\n|-damage|p2a: AAAAAHHH|0 fnt\n|faint|p2a: AAAAAHHH\n|-damage|p1a: Floatzel|61\/100|[from] Recoil\n|\n|-weather|RainDance|[upkeep]\n|upkeep\n|\n|t:|1700025955\n|switch|p2a: Lil ol guy|Whimsicott, M|100\/100\n|turn|6\n|\n|t:|1700025962\n|switch|p1a: Scizor|Scizor, M|100\/100\n|move|p2a: Lil ol guy|Leech Seed|p1a: Scizor\n|-start|p1a: Scizor|move: Leech Seed\n|\n|-weather|RainDance|[upkeep]\n|-damage|p1a: Scizor|88\/100|[from] Leech Seed|[of] p2a: Lil ol guy\n|upkeep\n|turn|7\n|\n|t:|1700025971\n|move|p2a: Lil ol guy|Cotton Guard|p2a: Lil ol guy\n|-boost|p2a: Lil ol guy|def|3\n|move|p1a: Scizor|Bullet Punch|p2a: Lil ol guy\n|-supereffective|p2a: Lil ol guy\n|-damage|p2a: Lil ol guy|65\/100\n|\n|-weather|RainDance|[upkeep]\n|-heal|p2a: Lil ol guy|71\/100|[from] item: Leftovers\n|-damage|p1a: Scizor|75\/100|[from] Leech Seed|[of] p2a: Lil ol guy\n|-heal|p2a: Lil ol guy|85\/100|[silent]\n|upkeep\n|turn|8\n|\n|t:|1700025980\n|switch|p1a: Zapdos|Zapdos|100\/100\n|move|p2a: Lil ol guy|Cotton Guard|p2a: Lil ol guy\n|-boost|p2a: Lil ol guy|def|3\n|\n|-weather|RainDance|[upkeep]\n|-heal|p2a: Lil ol guy|91\/100|[from] item: Leftovers\n|upkeep\n|turn|9\n|\n|t:|1700025988\n|move|p2a: Lil ol guy|Toxic|p1a: Zapdos\n|-status|p1a: Zapdos|tox\n|move|p1a: Zapdos|Hurricane|p2a: Lil ol guy\n|-supereffective|p2a: Lil ol guy\n|-damage|p2a: Lil ol guy|0 fnt\n|faint|p2a: Lil ol guy\n|\n|-weather|none\n|-damage|p1a: Zapdos|94\/100 tox|[from] psn\n|upkeep\n|\n|t:|1700025993\n|switch|p2a: 420\u00b0F|Torkoal, M, tera:Flying|100\/100\n|-weather|SunnyDay|[from] ability: Drought|[of] p2a: 420\u00b0F\n|turn|10\n|\n|t:|1700026001\n|switch|p1a: Pelipper|Pelipper, F|35\/100\n|-weather|RainDance|[from] ability: Drizzle|[of] p1a: Pelipper\n|move|p2a: 420\u00b0F|Stealth Rock|p1a: Pelipper\n|-sidestart|p1: kiruaru|move: Stealth Rock\n|\n|-weather|RainDance|[upkeep]\n|upkeep\n|turn|11\n|\n|t:|1700026012\n|move|p1a: Pelipper|Roost|p1a: Pelipper\n|-heal|p1a: Pelipper|86\/100\n|-singleturn|p1a: Pelipper|move: Roost\n|move|p2a: 420\u00b0F|Lava Plume|p1a: Pelipper\n|-resisted|p1a: Pelipper\n|-damage|p1a: Pelipper|74\/100\n|-status|p1a: Pelipper|brn\n|\n|-weather|RainDance|[upkeep]\n|-damage|p1a: Pelipper|68\/100 brn|[from] brn\n|upkeep\n|turn|12\n|\n|t:|1700026023\n|move|p1a: Pelipper|Defog|p2a: 420\u00b0F\n|-unboost|p2a: 420\u00b0F|evasion|1\n|-sideend|p1: kiruaru|Stealth Rock|[from] move: Defog|[of] p1a: Pelipper\n|move|p2a: 420\u00b0F|Lava Plume|p1a: Pelipper\n|-resisted|p1a: Pelipper\n|-damage|p1a: Pelipper|55\/100 brn\n|\n|-weather|RainDance|[upkeep]\n|-damage|p1a: Pelipper|48\/100 brn|[from] brn\n|upkeep\n|turn|13\n|\n|t:|1700026031\n|move|p1a: Pelipper|Roost|p1a: Pelipper\n|-heal|p1a: Pelipper|99\/100 brn\n|-singleturn|p1a: Pelipper|move: Roost\n|move|p2a: 420\u00b0F|Stealth Rock|p1a: Pelipper\n|-sidestart|p1: kiruaru|move: Stealth Rock\n|\n|-weather|RainDance|[upkeep]\n|-damage|p1a: Pelipper|92\/100 brn|[from] brn\n|upkeep\n|turn|14\n|\n|t:|1700026039\n|switch|p2a: Zillakami|Scrafty, M|100\/100\n|move|p1a: Pelipper|Defog|p2a: Zillakami\n|-unboost|p2a: Zillakami|evasion|1\n|-sideend|p1: kiruaru|Stealth Rock|[from] move: Defog|[of] p1a: Pelipper\n|\n|-weather|RainDance|[upkeep]\n|-damage|p1a: Pelipper|86\/100 brn|[from] brn\n|upkeep\n|turn|15\n|\n|t:|1700026046\n|switch|p2a: 420\u00b0F|Torkoal, M, tera:Flying|100\/100\n|-weather|SunnyDay|[from] ability: Drought|[of] p2a: 420\u00b0F\n|move|p1a: Pelipper|U-turn|p2a: 420\u00b0F\n|-resisted|p2a: 420\u00b0F\n|-damage|p2a: 420\u00b0F|99\/100\n|\n|t:|1700026060\n|switch|p1a: Swampert|Swampert-Mega, F|76\/100|[from] U-turn\n|\n|-weather|SunnyDay|[upkeep]\n|upkeep\n|turn|16\n|\n|t:|1700026068\n|move|p1a: Swampert|Ice Punch|p2a: 420\u00b0F\n|-supereffective|p2a: 420\u00b0F\n|-damage|p2a: 420\u00b0F|54\/100\n|move|p2a: 420\u00b0F|Stealth Rock|p1a: Swampert\n|-sidestart|p1: kiruaru|move: Stealth Rock\n|\n|-weather|SunnyDay|[upkeep]\n|upkeep\n|turn|17\n|\n|t:|1700026075\n|move|p1a: Swampert|Ice Punch|p2a: 420\u00b0F\n|-supereffective|p2a: 420\u00b0F\n|-damage|p2a: 420\u00b0F|9\/100\n|move|p2a: 420\u00b0F|Lava Plume|p1a: Swampert\n|-resisted|p1a: Swampert\n|-damage|p1a: Swampert|51\/100\n|\n|-weather|SunnyDay|[upkeep]\n|upkeep\n|turn|18\n|\n|t:|1700026082\n|move|p1a: Swampert|Ice Punch|p2a: 420\u00b0F\n|-supereffective|p2a: 420\u00b0F\n|-damage|p2a: 420\u00b0F|0 fnt\n|faint|p2a: 420\u00b0F\n|\n|-weather|SunnyDay|[upkeep]\n|upkeep\n|\n|t:|1700026090\n|switch|p2a: Kaioken x10!!|Darmanitan, M|100\/100\n|turn|19\n|\n|t:|1700026094\n|switch|p1a: Pelipper|Pelipper, F|86\/100 brn\n|-damage|p1a: Pelipper|61\/100 brn|[from] Stealth Rock\n|-weather|RainDance|[from] ability: Drizzle|[of] p1a: Pelipper\n|move|p2a: Kaioken x10!!|U-turn|p1a: Pelipper\n|-resisted|p1a: Pelipper\n|-damage|p1a: Pelipper|52\/100 brn\n|\n|t:|1700026097\n|switch|p2a: Kaioken x5!!|Hitmonchan, M|100\/100|[from] U-turn\n|\n|-weather|RainDance|[upkeep]\n|-damage|p1a: Pelipper|45\/100 brn|[from] brn\n|upkeep\n|turn|20\n|\n|t:|1700026106\n|move|p2a: Kaioken x5!!|Rapid Spin|p1a: Pelipper\n|-damage|p1a: Pelipper|30\/100 brn\n|-boost|p2a: Kaioken x5!!|spe|1\n|-damage|p2a: Kaioken x5!!|91\/100|[from] item: Life Orb\n|move|p1a: Pelipper|Defog|p2a: Kaioken x5!!\n|-unboost|p2a: Kaioken x5!!|evasion|1\n|-sideend|p1: kiruaru|Stealth Rock|[from] move: Defog|[of] p1a: Pelipper\n|\n|-weather|RainDance|[upkeep]\n|-damage|p1a: Pelipper|24\/100 brn|[from] brn\n|upkeep\n|turn|21\n|\n|t:|1700026117\n|move|p2a: Kaioken x5!!|Drain Punch|p1a: Pelipper\n|-resisted|p1a: Pelipper\n|-damage|p1a: Pelipper|4\/100 brn\n|-heal|p2a: Kaioken x5!!|100\/100|[from] drain|[of] p1a: Pelipper\n|-damage|p2a: Kaioken x5!!|91\/100|[from] item: Life Orb\n|move|p1a: Pelipper|Scald|p2a: Kaioken x5!!\n|-damage|p2a: Kaioken x5!!|42\/100\n|\n|-weather|RainDance|[upkeep]\n|-damage|p1a: Pelipper|0 fnt|[from] brn\n|faint|p1a: Pelipper\n|upkeep\n|\n|t:|1700026129\n|switch|p1a: Floatzel|Floatzel, M, tera:Water|61\/100\n|turn|22\n|\n|t:|1700026138\n|move|p1a: Floatzel|Wave Crash|p2a: Kaioken x5!!\n|-damage|p2a: Kaioken x5!!|0 fnt\n|faint|p2a: Kaioken x5!!\n|-damage|p1a: Floatzel|50\/100|[from] Recoil\n|\n|-weather|RainDance|[upkeep]\n|upkeep\n|\n|t:|1700026142\n|switch|p2a: Kaioken x10!!|Darmanitan, M|100\/100\n|turn|23\n|\n|t:|1700026145\n|move|p1a: Floatzel|Wave Crash|p2a: Kaioken x10!!\n|-supereffective|p2a: Kaioken x10!!\n|-damage|p2a: Kaioken x10!!|0 fnt\n|faint|p2a: Kaioken x10!!\n|-damage|p1a: Floatzel|13\/100|[from] Recoil\n|\n|-weather|RainDance|[upkeep]\n|upkeep\n|\n|t:|1700026148\n|switch|p2a: Zillakami|Scrafty, M|100\/100\n|turn|24\n|\n|t:|1700026154\n|move|p1a: Floatzel|Wave Crash|p2a: Zillakami\n|-damage|p2a: Zillakami|0 fnt\n|faint|p2a: Zillakami\n|-damage|p1a: Floatzel|0 fnt|[from] Recoil\n|faint|p1a: Floatzel\n|\n|win|kiruaru\n|raw|kiruaru's rating: 1096 &rarr; <strong>1121<\/strong><br \/>(+25 for winning)\n|raw|Barkwitz's rating: 1092 &rarr; <strong>1068<\/strong><br \/>(-24 for losing)\n|c|\u2606Barkwitz|gg\n","uploadtime":1700026164,"views":4,"p1id":"kiruaru","p2id":"barkwitz","formatid":"gen9nationaldex","rating":1068,"private":0,"password":""}