{"id":"gen9nationaldex-1992480000","p1":"Popzinki","p2":"mtyqjltz5","format":"[Gen 9] National Dex","log":"|j|\u2606Popzinki\n|j|\u2606mtyqjltz5\n|t:|1700192782\n|gametype|singles\n|player|p1|Popzinki|tateandliza-gen6|1450\n|player|p2|mtyqjltz5|elesa|1419\n|teamsize|p1|6\n|teamsize|p2|6\n|gen|9\n|tier|[Gen 9] National Dex\n|rated|\n|rule|HP Percentage Mod: HP is shown in percentages\n|rule|Endless Battle Clause: Forcing endless battles is banned\n|rule|OHKO Clause: OHKO moves are banned\n|rule|Evasion Clause: Evasion abilities, items, and moves are banned\n|rule|Evasion Abilities Clause: Evasion abilities are banned\n|rule|Evasion Items Clause: Evasion items are banned\n|rule|Evasion Moves Clause: Evasion moves are banned\n|rule|Species Clause: Limit one of each Pok\u00e9mon\n|rule|Sleep Clause Mod: Limit one foe put to sleep\n|clearpoke\n|poke|p1|Conkeldurr, M|\n|poke|p1|Excadrill, M|\n|poke|p1|Banette, F|\n|poke|p1|Toxapex, M|\n|poke|p1|Dragonite, M|\n|poke|p1|Hoopa-Unbound|\n|poke|p2|Pidgeot, M|\n|poke|p2|Rotom-Wash|\n|poke|p2|Slowking-Galar, M|\n|poke|p2|Rillaboom, M|\n|poke|p2|Ceruledge, M|\n|poke|p2|Great Tusk|\n|teampreview\n|inactive|Battle timer is ON: inactive players will automatically lose when time's up. (requested by mtyqjltz5)\n|\n|t:|1700192806\n|start\n|switch|p1a: Excadrill|Excadrill, M|100\/100\n|switch|p2a: Pidgeot|Pidgeot, M, shiny|100\/100\n|-ability|p1a: Excadrill|Mold Breaker\n|turn|1\n|\n|t:|1700192814\n|detailschange|p2a: Pidgeot|Pidgeot-Mega, M, shiny\n|-mega|p2a: Pidgeot|Pidgeot|Pidgeotite\n|move|p2a: Pidgeot|U-turn|p1a: Excadrill\n|-resisted|p1a: Excadrill\n|-damage|p1a: Excadrill|91\/100\n|\n|t:|1700192819\n|switch|p2a: Rotom|Rotom-Wash, shiny|100\/100|[from] U-turn\n|move|p1a: Excadrill|Rock Slide|p2a: Rotom\n|-damage|p2a: Rotom|79\/100\n|\n|-heal|p2a: Rotom|85\/100|[from] item: Leftovers\n|upkeep\n|turn|2\n|\n|t:|1700192831\n|move|p1a: Excadrill|Earthquake|p2a: Rotom\n|-supereffective|p2a: Rotom\n|-damage|p2a: Rotom|0 fnt\n|faint|p2a: Rotom\n|\n|upkeep\n|\n|t:|1700192846\n|switch|p2a: Ceruledge|Ceruledge, M|100\/100\n|turn|3\n|\n|t:|1700192854\n|move|p1a: Excadrill|Stealth Rock|p2a: Ceruledge\n|-sidestart|p2: mtyqjltz5|move: Stealth Rock\n|move|p2a: Ceruledge|Swords Dance|p2a: Ceruledge\n|-boost|p2a: Ceruledge|atk|2\n|\n|upkeep\n|turn|4\n|\n|t:|1700192870\n|move|p1a: Excadrill|Earthquake|p2a: Ceruledge\n|-supereffective|p2a: Ceruledge\n|-crit|p2a: Ceruledge\n|-enditem|p2a: Ceruledge|Focus Sash\n|-damage|p2a: Ceruledge|1\/100\n|-ability|p2a: Ceruledge|Weak Armor|boost\n|-unboost|p2a: Ceruledge|def|1\n|-boost|p2a: Ceruledge|spe|2\n|move|p2a: Ceruledge|Swords Dance|p2a: Ceruledge\n|-boost|p2a: Ceruledge|atk|2\n|\n|upkeep\n|turn|5\n|\n|t:|1700192879\n|move|p2a: Ceruledge|Bitter Blade|p1a: Excadrill\n|-supereffective|p1a: Excadrill\n|-damage|p1a: Excadrill|0 fnt\n|-heal|p2a: Ceruledge|57\/100|[from] drain|[of] p1a: Excadrill\n|faint|p1a: Excadrill\n|\n|upkeep\n|\n|t:|1700192882\n|switch|p1a: Banette|Banette, F|100\/100\n|turn|6\n|\n|t:|1700192885\n|detailschange|p1a: Banette|Banette-Mega, F\n|-mega|p1a: Banette|Banette|Banettite\n|move|p2a: Ceruledge|Shadow Sneak|p1a: Banette\n|-supereffective|p1a: Banette\n|-damage|p1a: Banette|0 fnt\n|faint|p1a: Banette\n|\n|upkeep\n|-message|Popzinki forfeited.\n|\n|win|mtyqjltz5\n|raw|Popzinki's rating: 1450 &rarr; <strong>1428<\/strong><br \/>(-22 for losing)\n|raw|mtyqjltz5's rating: 1419 &rarr; <strong>1441<\/strong><br \/>(+22 for winning)\n","uploadtime":1700192901,"views":6,"p1id":"popzinki","p2id":"mtyqjltz5","formatid":"gen9nationaldex","rating":1428,"private":0,"password":""}