{"id":"gen9nationaldex-1988377271","p1":"Fedepoketrainer","p2":"flavitoes","format":"[Gen 9] National Dex","log":"|j|\u2606Fedepoketrainer\n|j|\u2606flavitoes\n|t:|1699715981\n|gametype|singles\n|player|p1|Fedepoketrainer|ash-kalos|\n|player|p2|flavitoes|ethan|\n|teamsize|p1|6\n|teamsize|p2|6\n|gen|9\n|tier|[Gen 9] National Dex\n|rule|HP Percentage Mod: HP is shown in percentages\n|rule|Endless Battle Clause: Forcing endless battles is banned\n|rule|OHKO Clause: OHKO moves are banned\n|rule|Evasion Clause: Evasion abilities, items, and moves are banned\n|rule|Evasion Abilities Clause: Evasion abilities are banned\n|rule|Evasion Items Clause: Evasion items are banned\n|rule|Evasion Moves Clause: Evasion moves are banned\n|rule|Species Clause: Limit one of each Pok\u00e9mon\n|rule|Sleep Clause Mod: Limit one foe put to sleep\n|clearpoke\n|poke|p1|Urshifu-*, F|\n|poke|p1|Kommo-o, M|\n|poke|p1|Corviknight, F|\n|poke|p1|Mienshao, F|\n|poke|p1|Luxray, F|\n|poke|p1|Lycanroc, M|\n|poke|p2|Persian, F|\n|poke|p2|Nidoking, M|\n|poke|p2|Nidoqueen, F|\n|poke|p2|Moltres|\n|poke|p2|Dugtrio, M|\n|poke|p2|Rhyperior, F|\n|teampreview\n|c|\u2606flavitoes|ola\n|\n|t:|1699716011\n|start\n|switch|p1a: Kung Fu Grizz|Urshifu-Rapid-Strike, F|100\/100\n|switch|p2a: Persian|Persian, F|100\/100\n|turn|1\n|\n|t:|1699716016\n|move|p1a: Kung Fu Grizz|Close Combat|p2a: Persian\n|-supereffective|p2a: Persian\n|-enditem|p2a: Persian|Focus Sash\n|-damage|p2a: Persian|1\/100\n|-unboost|p1a: Kung Fu Grizz|def|1\n|-unboost|p1a: Kung Fu Grizz|spd|1\n|move|p2a: Persian|Thunderbolt|p1a: Kung Fu Grizz\n|-supereffective|p1a: Kung Fu Grizz\n|-damage|p1a: Kung Fu Grizz|5\/100\n|\n|upkeep\n|turn|2\n|\n|t:|1699716023\n|switch|p1a: Rocky|Lycanroc, M|100\/100\n|move|p2a: Persian|Thunderbolt|p1a: Rocky\n|-damage|p1a: Rocky|65\/100\n|-status|p1a: Rocky|par\n|\n|upkeep\n|turn|3\n|\n|t:|1699716034\n|switch|p2a: Rhyperior|Rhyperior, F|100\/100\n|move|p1a: Rocky|Accelerock|p2a: Rhyperior\n|-resisted|p2a: Rhyperior\n|-damage|p2a: Rhyperior|94\/100\n|\n|-heal|p2a: Rhyperior|99\/100|[from] item: Leftovers\n|upkeep\n|turn|4\n|\n|t:|1699716046\n|move|p1a: Rocky|Swords Dance|p1a: Rocky\n|-boost|p1a: Rocky|atk|2\n|move|p2a: Rhyperior|Stealth Rock|p1a: Rocky\n|-sidestart|p1: Fedepoketrainer|move: Stealth Rock\n|\n|-heal|p2a: Rhyperior|100\/100|[from] item: Leftovers\n|upkeep\n|turn|5\n|\n|t:|1699716068\n|cant|p1a: Rocky|par\n|move|p2a: Rhyperior|Earthquake|p1a: Rocky\n|-supereffective|p1a: Rocky\n|-damage|p1a: Rocky|0 fnt\n|faint|p1a: Rocky\n|\n|upkeep\n|\n|t:|1699716082\n|switch|p1a: Cuerco|Corviknight, F|100\/100\n|-damage|p1a: Cuerco|88\/100|[from] Stealth Rock\n|-ability|p1a: Cuerco|Pressure\n|turn|6\n|\n|t:|1699716086\n|switch|p2a: Moltres|Moltres|100\/100\n|move|p1a: Cuerco|Bulk Up|p1a: Cuerco\n|-boost|p1a: Cuerco|atk|1\n|-boost|p1a: Cuerco|def|1\n|\n|upkeep\n|turn|7\n|\n|t:|1699716093\n|move|p2a: Moltres|Will-O-Wisp|p1a: Cuerco\n|-status|p1a: Cuerco|brn\n|move|p1a: Cuerco|Brave Bird|p2a: Moltres\n|-damage|p2a: Moltres|80\/100\n|-damage|p1a: Cuerco|82\/100 brn|[from] Recoil\n|\n|-damage|p1a: Cuerco|75\/100 brn|[from] brn\n|upkeep\n|turn|8\n|\n|t:|1699716120\n|move|p2a: Moltres|Flamethrower|p1a: Cuerco\n|-supereffective|p1a: Cuerco\n|-damage|p1a: Cuerco|5\/100 brn\n|move|p1a: Cuerco|Roost|p1a: Cuerco\n|-heal|p1a: Cuerco|55\/100 brn\n|-singleturn|p1a: Cuerco|move: Roost\n|\n|-damage|p1a: Cuerco|49\/100 brn|[from] brn\n|upkeep\n|turn|9\n|\n|t:|1699716140\n|switch|p1a: Double Dragon|Kommo-o, M|100\/100\n|-damage|p1a: Double Dragon|94\/100|[from] Stealth Rock\n|move|p2a: Moltres|Flamethrower|p1a: Double Dragon\n|-resisted|p1a: Double Dragon\n|-damage|p1a: Double Dragon|70\/100\n|\n|upkeep\n|turn|10\n|\n|t:|1699716147\n|-zpower|p1a: Double Dragon\n|move|p1a: Double Dragon|Clangorous Soulblaze|p2a: Moltres|[zeffect]\n|-damage|p2a: Moltres|0 fnt\n|faint|p2a: Moltres\n|-boost|p1a: Double Dragon|atk|1\n|-boost|p1a: Double Dragon|def|1\n|-boost|p1a: Double Dragon|spa|1\n|-boost|p1a: Double Dragon|spd|1\n|-boost|p1a: Double Dragon|spe|1\n|\n|upkeep\n|\n|t:|1699716154\n|switch|p2a: Nidoqueen|Nidoqueen, F|100\/100\n|turn|11\n|\n|t:|1699716161\n|move|p1a: Double Dragon|Clanging Scales|p2a: Nidoqueen\n|-damage|p2a: Nidoqueen|13\/100\n|-unboost|p1a: Double Dragon|def|1\n|move|p2a: Nidoqueen|Sludge Wave|p1a: Double Dragon\n|-damage|p1a: Double Dragon|19\/100\n|\n|upkeep\n|turn|12\n|\n|t:|1699716171\n|move|p1a: Double Dragon|Earthquake|p2a: Nidoqueen\n|-supereffective|p2a: Nidoqueen\n|-damage|p2a: Nidoqueen|0 fnt\n|faint|p2a: Nidoqueen\n|\n|upkeep\n|\n|t:|1699716180\n|switch|p2a: Dugtrio|Dugtrio, M|100\/100\n|turn|13\n|\n|t:|1699716185\n|move|p2a: Dugtrio|Sucker Punch|p1a: Double Dragon\n|-resisted|p1a: Double Dragon\n|-damage|p1a: Double Dragon|6\/100\n|-damage|p2a: Dugtrio|91\/100|[from] item: Life Orb\n|move|p1a: Double Dragon|Clanging Scales|p2a: Dugtrio\n|-damage|p2a: Dugtrio|0 fnt\n|faint|p2a: Dugtrio\n|-unboost|p1a: Double Dragon|def|1\n|\n|upkeep\n|\n|t:|1699716189\n|switch|p2a: Rhyperior|Rhyperior, F|100\/100\n|turn|14\n|\n|t:|1699716198\n|move|p1a: Double Dragon|Clanging Scales|p2a: Rhyperior\n|-damage|p2a: Rhyperior|29\/100\n|-unboost|p1a: Double Dragon|def|1\n|move|p2a: Rhyperior|Earthquake|p1a: Double Dragon\n|-damage|p1a: Double Dragon|0 fnt\n|faint|p1a: Double Dragon\n|\n|-heal|p2a: Rhyperior|35\/100|[from] item: Leftovers\n|upkeep\n|\n|t:|1699716203\n|switch|p1a: Caty|Mienshao, F|100\/100\n|-damage|p1a: Caty|95\/100|[from] Stealth Rock\n|turn|15\n|\n|t:|1699716207\n|move|p1a: Caty|Fake Out|p2a: Rhyperior\n|-resisted|p2a: Rhyperior\n|-damage|p2a: Rhyperior|29\/100\n|-damage|p1a: Caty|85\/100|[from] item: Life Orb\n|cant|p2a: Rhyperior|flinch\n|\n|-heal|p2a: Rhyperior|35\/100|[from] item: Leftovers\n|upkeep\n|turn|16\n|\n|t:|1699716221\n|move|p1a: Caty|Close Combat|p2a: Rhyperior\n|-supereffective|p2a: Rhyperior\n|-damage|p2a: Rhyperior|0 fnt\n|-unboost|p1a: Caty|def|1\n|-unboost|p1a: Caty|spd|1\n|faint|p2a: Rhyperior\n|-damage|p1a: Caty|75\/100|[from] item: Life Orb\n|\n|upkeep\n|\n|t:|1699716228\n|switch|p2a: Persian|Persian, F|1\/100\n|turn|17\n|\n|t:|1699716234\n|switch|p1a: Mufasa|Luxray, F|100\/100\n|-damage|p1a: Mufasa|88\/100|[from] Stealth Rock\n|-ability|p1a: Mufasa|Intimidate|boost\n|-unboost|p2a: Persian|atk|1\n|move|p2a: Persian|Hyper Voice|p1a: Mufasa\n|-damage|p1a: Mufasa|47\/100\n|\n|upkeep\n|turn|18\n|\n|t:|1699716242\n|move|p1a: Mufasa|Crunch|p2a: Persian\n|-damage|p2a: Persian|0 fnt\n|faint|p2a: Persian\n|\n|upkeep\n|\n|t:|1699716244\n|switch|p2a: Nidoking|Nidoking, M|100\/100\n|turn|19\n|\n|t:|1699716247\n|move|p1a: Mufasa|Crunch|p2a: Nidoking\n|-damage|p2a: Nidoking|65\/100\n|move|p2a: Nidoking|Earth Power|p1a: Mufasa\n|-supereffective|p1a: Mufasa\n|-damage|p1a: Mufasa|0 fnt\n|faint|p1a: Mufasa\n|\n|upkeep\n|\n|t:|1699716252\n|switch|p1a: Caty|Mienshao, F|100\/100\n|-damage|p1a: Caty|95\/100|[from] Stealth Rock\n|turn|20\n|\n|t:|1699716257\n|move|p1a: Caty|Fake Out|p2a: Nidoking\n|-damage|p2a: Nidoking|40\/100\n|-damage|p1a: Caty|85\/100|[from] item: Life Orb\n|cant|p2a: Nidoking|flinch\n|\n|upkeep\n|turn|21\n|\n|t:|1699716262\n|move|p1a: Caty|Close Combat|p2a: Nidoking\n|-resisted|p2a: Nidoking\n|-damage|p2a: Nidoking|0 fnt\n|-unboost|p1a: Caty|def|1\n|-unboost|p1a: Caty|spd|1\n|faint|p2a: Nidoking\n|-damage|p1a: Caty|75\/100|[from] item: Life Orb\n|\n|win|Fedepoketrainer\n|c|\u2606flavitoes|gg\n","uploadtime":1699716274,"views":16,"p1id":"fedepoketrainer","p2id":"flavitoes","formatid":"gen9nationaldex","rating":0,"private":0,"password":""}