{"id":"gen9nationaldex-1997862447","p1":"Perpetinal","p2":"drossito pambisito","format":"[Gen 9] National Dex","log":"|html|<div class=\"broadcast-blue\"><strong>[Gen 9] National Dex is currently suspecting Sneasler! For information on how to participate check out the <a href=\"https:\/\/www.smogon.com\/forums\/threads\/sv-national-dex-suspect-8-just-dance.3731534\/\">suspect thread<\/a>.<\/strong><\/div>\n|j|\u2606Perpetinal\n|j|\u2606drossito pambisito\n|t:|1700860964\n|gametype|singles\n|player|p1|Perpetinal|1|1400\n|player|p2|drossito pambisito|265|1408\n|teamsize|p1|6\n|teamsize|p2|6\n|gen|9\n|tier|[Gen 9] National Dex\n|rated|\n|rule|HP Percentage Mod: HP is shown in percentages\n|rule|Endless Battle Clause: Forcing endless battles is banned\n|rule|OHKO Clause: OHKO moves are banned\n|rule|Evasion Clause: Evasion abilities, items, and moves are banned\n|rule|Evasion Abilities Clause: Evasion abilities are banned\n|rule|Evasion Items Clause: Evasion items are banned\n|rule|Evasion Moves Clause: Evasion moves are banned\n|rule|Species Clause: Limit one of each Pok\u00e9mon\n|rule|Sleep Clause Mod: Limit one foe put to sleep\n|clearpoke\n|poke|p1|Swampert, M|\n|poke|p1|Pelipper, F|\n|poke|p1|Clefable, F|\n|poke|p1|Ferrothorn, M|\n|poke|p1|Tapu Lele|\n|poke|p1|Zapdos|\n|poke|p2|Victini|\n|poke|p2|Excadrill, M|\n|poke|p2|Keldeo-Resolute|\n|poke|p2|Serperior, M|\n|poke|p2|Altaria, M|\n|poke|p2|Galvantula, F|\n|teampreview\n|\n|t:|1700860999\n|start\n|switch|p1a: Ferrothorn|Ferrothorn, M|100\/100\n|switch|p2a: Galvantula|Galvantula, F|100\/100\n|turn|1\n|inactive|Battle timer is ON: inactive players will automatically lose when time's up. (requested by drossito pambisito)\n|\n|t:|1700861009\n|move|p2a: Galvantula|Sticky Web|p1a: Ferrothorn\n|-sidestart|p1: Perpetinal|move: Sticky Web\n|move|p1a: Ferrothorn|Stealth Rock|p2a: Galvantula\n|-sidestart|p2: drossito pambisito|move: Stealth Rock\n|\n|upkeep\n|turn|2\n|\n|t:|1700861027\n|move|p2a: Galvantula|Bug Buzz|p1a: Ferrothorn\n|-damage|p1a: Ferrothorn|75\/100\n|-unboost|p1a: Ferrothorn|spd|1\n|move|p1a: Ferrothorn|Knock Off|p2a: Galvantula\n|-damage|p2a: Galvantula|62\/100\n|-enditem|p2a: Galvantula|Focus Sash|[from] move: Knock Off|[of] p1a: Ferrothorn\n|\n|-heal|p1a: Ferrothorn|81\/100|[from] item: Leftovers\n|upkeep\n|turn|3\n|\n|t:|1700861040\n|move|p2a: Galvantula|Bug Buzz|p1a: Ferrothorn\n|-damage|p1a: Ferrothorn|43\/100\n|move|p1a: Ferrothorn|Leech Seed|p2a: Galvantula\n|-start|p2a: Galvantula|move: Leech Seed\n|\n|-heal|p1a: Ferrothorn|50\/100|[from] item: Leftovers\n|-damage|p2a: Galvantula|49\/100|[from] Leech Seed|[of] p1a: Ferrothorn\n|-heal|p1a: Ferrothorn|60\/100|[silent]\n|upkeep\n|turn|4\n|\n|t:|1700861050\n|move|p2a: Galvantula|Bug Buzz|p1a: Ferrothorn\n|-damage|p1a: Ferrothorn|20\/100\n|move|p1a: Ferrothorn|Knock Off|p2a: Galvantula\n|-damage|p2a: Galvantula|23\/100\n|\n|-heal|p1a: Ferrothorn|27\/100|[from] item: Leftovers\n|-damage|p2a: Galvantula|10\/100|[from] Leech Seed|[of] p1a: Ferrothorn\n|-heal|p1a: Ferrothorn|37\/100|[silent]\n|upkeep\n|turn|5\n|\n|t:|1700861061\n|switch|p2a: Excadrill|Excadrill, M|100\/100\n|-damage|p2a: Excadrill|97\/100|[from] Stealth Rock\n|-ability|p2a: Excadrill|Mold Breaker\n|-item|p2a: Excadrill|Air Balloon\n|switch|p1a: Pelipper|Pelipper, F, shiny|100\/100\n|-weather|RainDance|[from] ability: Drizzle|[of] p1a: Pelipper\n|\n|-weather|RainDance|[upkeep]\n|upkeep\n|turn|6\n|\n|t:|1700861072\n|move|p2a: Excadrill|Rapid Spin|p1a: Pelipper\n|-damage|p1a: Pelipper|87\/100\n|-boost|p2a: Excadrill|spe|1\n|-sideend|p2: drossito pambisito|Stealth Rock|[from] move: Rapid Spin|[of] p2a: Excadrill\n|move|p1a: Pelipper|Scald|p2a: Excadrill\n|-supereffective|p2a: Excadrill\n|-damage|p2a: Excadrill|0 fnt\n|-enditem|p2a: Excadrill|Air Balloon\n|faint|p2a: Excadrill\n|\n|-weather|RainDance|[upkeep]\n|upkeep\n|\n|t:|1700861079\n|switch|p2a: Galvantula|Galvantula, F|10\/100\n|turn|7\n|\n|t:|1700861087\n|move|p2a: Galvantula|Giga Drain|p1a: Pelipper\n|-damage|p1a: Pelipper|54\/100\n|-heal|p2a: Galvantula|29\/100|[from] drain|[of] p1a: Pelipper\n|move|p1a: Pelipper|Scald|p2a: Galvantula\n|-damage|p2a: Galvantula|0 fnt\n|faint|p2a: Galvantula\n|\n|-weather|RainDance|[upkeep]\n|upkeep\n|\n|t:|1700861096\n|switch|p2a: Keldeo|Keldeo-Resolute|100\/100\n|turn|8\n|\n|t:|1700861109\n|-terastallize|p2a: Keldeo|Water\n|move|p2a: Keldeo|Scald|p1a: Pelipper\n|-resisted|p1a: Pelipper\n|-damage|p1a: Pelipper|0 fnt\n|faint|p1a: Pelipper\n|\n|-weather|RainDance|[upkeep]\n|upkeep\n|\n|t:|1700861117\n|switch|p1a: Tapu Lele|Tapu Lele, shiny|100\/100\n|-activate|p1a: Tapu Lele|move: Sticky Web\n|-unboost|p1a: Tapu Lele|spe|1\n|-fieldstart|move: Psychic Terrain|[from] ability: Psychic Surge|[of] p1a: Tapu Lele\n|turn|9\n|\n|t:|1700861126\n|-terastallize|p1a: Tapu Lele|Psychic\n|move|p2a: Keldeo|Scald|p1a: Tapu Lele\n|-damage|p1a: Tapu Lele|0 fnt\n|faint|p1a: Tapu Lele\n|\n|-weather|RainDance|[upkeep]\n|upkeep\n|\n|t:|1700861134\n|switch|p1a: Ferrothorn|Ferrothorn, M|37\/100\n|-activate|p1a: Ferrothorn|move: Sticky Web\n|-unboost|p1a: Ferrothorn|spe|1\n|turn|10\n|c|\u2606drossito pambisito|pa q haces eso\n|c|\u2606drossito pambisito|?\n|\n|t:|1700861141\n|move|p2a: Keldeo|Scald|p1a: Ferrothorn\n|-resisted|p1a: Ferrothorn\n|-damage|p1a: Ferrothorn|0 fnt\n|faint|p1a: Ferrothorn\n|\n|-weather|RainDance|[upkeep]\n|upkeep\n|\n|t:|1700861147\n|switch|p1a: Zapdos|Zapdos, shiny|100\/100\n|turn|11\n|\n|t:|1700861155\n|move|p2a: Keldeo|Scald|p1a: Zapdos\n|-damage|p1a: Zapdos|0 fnt\n|faint|p1a: Zapdos\n|\n|-weather|RainDance|[upkeep]\n|upkeep\n|\n|t:|1700861162\n|switch|p1a: Swampert|Swampert, M, shiny|100\/100\n|-activate|p1a: Swampert|move: Sticky Web\n|-unboost|p1a: Swampert|spe|1\n|turn|12\n|\n|t:|1700861167\n|detailschange|p1a: Swampert|Swampert-Mega, M, shiny\n|-mega|p1a: Swampert|Swampert|Swampertite\n|move|p2a: Keldeo|Scald|p1a: Swampert\n|-damage|p1a: Swampert|0 fnt\n|faint|p1a: Swampert\n|\n|-weather|none\n|upkeep\n|\n|t:|1700861174\n|switch|p1a: Clefable|Clefable, F|100\/100\n|-activate|p1a: Clefable|move: Sticky Web\n|-unboost|p1a: Clefable|spe|1\n|turn|13\n|\n|t:|1700861179\n|move|p2a: Keldeo|Scald|p1a: Clefable\n|-damage|p1a: Clefable|27\/100\n|move|p1a: Clefable|Cosmic Power|p1a: Clefable\n|-boost|p1a: Clefable|def|1\n|-boost|p1a: Clefable|spd|1\n|\n|-heal|p1a: Clefable|33\/100|[from] item: Leftovers\n|-fieldend|move: Psychic Terrain\n|upkeep\n|turn|14\n|\n|t:|1700861187\n|move|p2a: Keldeo|Scald|p1a: Clefable\n|-damage|p1a: Clefable|0 fnt\n|faint|p1a: Clefable\n|\n|win|drossito pambisito\n|raw|Perpetinal's rating: 1400 &rarr; <strong>1380<\/strong><br \/>(-20 for losing)\n|raw|drossito pambisito's rating: 1408 &rarr; <strong>1428<\/strong><br \/>(+20 for winning)\n","uploadtime":1700861194,"views":1,"p1id":"perpetinal","p2id":"drossitopambisito","formatid":"gen9nationaldex","rating":1380,"private":0,"password":""}