{"id":"gen9nationaldex-1992729267","p1":"vestkid27","p2":"wopowopo","format":"[Gen 9] National Dex","log":"|j|\u2606vestkid27\n|j|\u2606wopowopo\n|t:|1700229895\n|gametype|singles\n|player|p1|vestkid27|janitor|1564\n|player|p2|wopowopo|170|1584\n|teamsize|p1|6\n|teamsize|p2|6\n|gen|9\n|tier|[Gen 9] National Dex\n|rated|\n|rule|HP Percentage Mod: HP is shown in percentages\n|rule|Endless Battle Clause: Forcing endless battles is banned\n|rule|OHKO Clause: OHKO moves are banned\n|rule|Evasion Clause: Evasion abilities, items, and moves are banned\n|rule|Evasion Abilities Clause: Evasion abilities are banned\n|rule|Evasion Items Clause: Evasion items are banned\n|rule|Evasion Moves Clause: Evasion moves are banned\n|rule|Species Clause: Limit one of each Pok\u00e9mon\n|rule|Sleep Clause Mod: Limit one foe put to sleep\n|clearpoke\n|poke|p1|Steelix, M|\n|poke|p1|Pinsir, F|\n|poke|p1|Victini|\n|poke|p1|Brambleghast, M|\n|poke|p1|Umbreon, M|\n|poke|p1|Druddigon, M|\n|poke|p2|Charizard, M|\n|poke|p2|Zamazenta-*|\n|poke|p2|Bisharp, F|\n|poke|p2|Minior-Violet|\n|poke|p2|Tapu Lele|\n|poke|p2|Glimmora, F|\n|teampreview\n|inactive|Battle timer is ON: inactive players will automatically lose when time's up. (requested by wopowopo)\n|c|\u2606vestkid27|Glhf\n|inactive|vestkid27 has 120 seconds left.\n|\n|t:|1700229926\n|start\n|switch|p1a: Druddigon|Druddigon, M|100\/100\n|switch|p2a: \u6c34\u6676|Glimmora, F|100\/100\n|turn|1\n|\n|t:|1700229937\n|move|p2a: \u6c34\u6676|Power Gem|p1a: Druddigon\n|-damage|p1a: Druddigon|59\/100\n|-zpower|p1a: Druddigon\n|move|p1a: Druddigon|Devastating Drake|p2a: \u6c34\u6676|[zeffect]\n|-crit|p2a: \u6c34\u6676\n|-damage|p2a: \u6c34\u6676|0 fnt\n|-activate|p2a: \u6c34\u6676|ability: Toxic Debris\n|-sidestart|p1: vestkid27|move: Toxic Spikes\n|faint|p2a: \u6c34\u6676\n|\n|upkeep\n|\n|t:|1700229945\n|switch|p2a: \u516c\u4e3b|Tapu Lele|100\/100\n|-fieldstart|move: Psychic Terrain|[from] ability: Psychic Surge|[of] p2a: \u516c\u4e3b\n|turn|2\n|\n|t:|1700229955\n|switch|p1a: Steelix|Steelix, M|100\/100\n|move|p2a: \u516c\u4e3b|Psychic|p1a: Steelix\n|-resisted|p1a: Steelix\n|-damage|p1a: Steelix|55\/100\n|\n|upkeep\n|turn|3\n|\n|t:|1700229965\n|switch|p2a: \u5b88\u536b|Bisharp, F|100\/100\n|move|p1a: Steelix|Rock Slide|p2a: \u5b88\u536b\n|-resisted|p2a: \u5b88\u536b\n|-damage|p2a: \u5b88\u536b|90\/100\n|\n|upkeep\n|turn|4\n|\n|t:|1700229977\n|move|p2a: \u5b88\u536b|Swords Dance|p2a: \u5b88\u536b\n|-boost|p2a: \u5b88\u536b|atk|2\n|move|p1a: Steelix|Earthquake|p2a: \u5b88\u536b\n|-supereffective|p2a: \u5b88\u536b\n|-damage|p2a: \u5b88\u536b|30\/100\n|\n|upkeep\n|turn|5\n|\n|t:|1700229994\n|switch|p1a: Umbreon|Umbreon, M|100\/100\n|-status|p1a: Umbreon|psn\n|move|p2a: \u5b88\u536b|Knock Off|p1a: Umbreon\n|-resisted|p1a: Umbreon\n|-damage|p1a: Umbreon|69\/100 psn\n|-enditem|p1a: Umbreon|Leftovers|[from] move: Knock Off|[of] p2a: \u5b88\u536b\n|\n|-damage|p1a: Umbreon|56\/100 psn|[from] psn\n|upkeep\n|turn|6\n|\n|t:|1700230007\n|move|p2a: \u5b88\u536b|Knock Off|p1a: Umbreon\n|-resisted|p1a: Umbreon\n|-damage|p1a: Umbreon|36\/100 psn\n|move|p1a: Umbreon|Foul Play|p2a: \u5b88\u536b\n|-resisted|p2a: \u5b88\u536b\n|-damage|p2a: \u5b88\u536b|0 fnt\n|faint|p2a: \u5b88\u536b\n|\n|-damage|p1a: Umbreon|23\/100 psn|[from] psn\n|-fieldend|move: Psychic Terrain\n|upkeep\n|\n|t:|1700230026\n|switch|p2a: \u6076\u9f99|Charizard, M|100\/100\n|turn|7\n|\n|t:|1700230040\n|detailschange|p2a: \u6076\u9f99|Charizard-Mega-X, M\n|-mega|p2a: \u6076\u9f99|Charizard|Charizardite X\n|move|p2a: \u6076\u9f99|Earthquake|p1a: Umbreon\n|-damage|p1a: Umbreon|7\/100 psn\n|move|p1a: Umbreon|Foul Play|p2a: \u6076\u9f99\n|-damage|p2a: \u6076\u9f99|59\/100\n|\n|-damage|p1a: Umbreon|0 fnt|[from] psn\n|faint|p1a: Umbreon\n|upkeep\n|inactive|vestkid27 has 120 seconds left.\n|\n|t:|1700230067\n|switch|p1a: Victini|Victini|100\/100\n|-status|p1a: Victini|psn\n|turn|8\n|\n|t:|1700230077\n|switch|p2a: \u6d41\u661f|Minior-Violet|100\/100\n|-formechange|p2a: \u6d41\u661f|Minior-Meteor||[from] ability: Shields Down\n|move|p1a: Victini|Psychic|p2a: \u6d41\u661f\n|-damage|p2a: \u6d41\u661f|24\/100\n|\n|-damage|p1a: Victini|88\/100 psn|[from] psn\n|-formechange|p2a: \u6d41\u661f|Minior-Violet||[from] ability: Shields Down\n|upkeep\n|turn|9\n|\n|t:|1700230087\n|move|p2a: \u6d41\u661f|Earthquake|p1a: Victini\n|-supereffective|p1a: Victini\n|-damage|p1a: Victini|21\/100 psn\n|move|p1a: Victini|Psychic|p2a: \u6d41\u661f\n|-damage|p2a: \u6d41\u661f|0 fnt\n|faint|p2a: \u6d41\u661f\n|\n|-damage|p1a: Victini|9\/100 psn|[from] psn\n|upkeep\n|\n|t:|1700230095\n|switch|p2a: \u9e92\u9e9f|Zamazenta|100\/100\n|-ability|p2a: \u9e92\u9e9f|Dauntless Shield|boost\n|-boost|p2a: \u9e92\u9e9f|def|1\n|turn|10\n|\n|t:|1700230100\n|move|p2a: \u9e92\u9e9f|Protect|p2a: \u9e92\u9e9f\n|-singleturn|p2a: \u9e92\u9e9f|Protect\n|move|p1a: Victini|Psychic|p2a: \u9e92\u9e9f\n|-activate|p2a: \u9e92\u9e9f|move: Protect\n|\n|-damage|p1a: Victini|0 fnt|[from] psn\n|faint|p1a: Victini\n|upkeep\n|\n|t:|1700230109\n|switch|p1a: Brambleghast|Brambleghast, M|100\/100\n|turn|11\n|\n|t:|1700230113\n|move|p2a: \u9e92\u9e9f|Iron Defense|p2a: \u9e92\u9e9f\n|-boost|p2a: \u9e92\u9e9f|def|2\n|move|p1a: Brambleghast|Rapid Spin|p2a: \u9e92\u9e9f\n|-damage|p2a: \u9e92\u9e9f|96\/100\n|-boost|p1a: Brambleghast|spe|1\n|-sideend|p1: vestkid27|Toxic Spikes|[from] move: Rapid Spin|[of] p1a: Brambleghast\n|\n|-heal|p2a: \u9e92\u9e9f|100\/100|[from] item: Leftovers\n|upkeep\n|turn|12\n|inactive|vestkid27 has 120 seconds left.\n|\n|t:|1700230161\n|switch|p2a: \u6076\u9f99|Charizard-Mega-X, M|59\/100\n|move|p1a: Brambleghast|Poltergeist|p2a: \u6076\u9f99\n|-activate|p2a: \u6076\u9f99|move: Poltergeist|Charizardite X\n|-damage|p2a: \u6076\u9f99|7\/100\n|\n|upkeep\n|turn|13\n|\n|t:|1700230172\n|move|p1a: Brambleghast|Poltergeist|p2a: \u6076\u9f99\n|-activate|p2a: \u6076\u9f99|move: Poltergeist|Charizardite X\n|-damage|p2a: \u6076\u9f99|0 fnt\n|faint|p2a: \u6076\u9f99\n|\n|upkeep\n|\n|t:|1700230174\n|switch|p2a: \u516c\u4e3b|Tapu Lele|100\/100\n|-fieldstart|move: Psychic Terrain|[from] ability: Psychic Surge|[of] p2a: \u516c\u4e3b\n|turn|14\n|\n|t:|1700230188\n|switch|p1a: Druddigon|Druddigon, M|59\/100\n|move|p2a: \u516c\u4e3b|Psychic|p1a: Druddigon\n|-damage|p1a: Druddigon|0 fnt\n|faint|p1a: Druddigon\n|\n|upkeep\n|\n|t:|1700230197\n|switch|p1a: Steelix|Steelix, M|55\/100\n|turn|15\n|\n|t:|1700230202\n|-terastallize|p2a: \u516c\u4e3b|Psychic\n|move|p2a: \u516c\u4e3b|Psychic|p1a: Steelix\n|-resisted|p1a: Steelix\n|-crit|p1a: Steelix\n|-damage|p1a: Steelix|0 fnt\n|faint|p1a: Steelix\n|\n|upkeep\n|inactive|vestkid27 has 120 seconds left.\n|\n|t:|1700230215\n|switch|p1a: Brambleghast|Brambleghast, M|100\/100\n|turn|16\n|\n|t:|1700230219\n|move|p2a: \u516c\u4e3b|Psychic|p1a: Brambleghast\n|-damage|p1a: Brambleghast|0 fnt\n|faint|p1a: Brambleghast\n|\n|upkeep\n|\n|t:|1700230224\n|switch|p1a: Pinsir|Pinsir, F|100\/100\n|turn|17\n|\n|t:|1700230233\n|detailschange|p1a: Pinsir|Pinsir-Mega, F\n|-mega|p1a: Pinsir|Pinsir|Pinsirite\n|move|p1a: Pinsir|Return|p2a: \u516c\u4e3b\n|-damage|p2a: \u516c\u4e3b|0 fnt\n|faint|p2a: \u516c\u4e3b\n|\n|upkeep\n|\n|t:|1700230238\n|switch|p2a: \u9e92\u9e9f|Zamazenta|100\/100\n|turn|18\n|\n|t:|1700230249\n|move|p2a: \u9e92\u9e9f|Wild Charge|p1a: Pinsir\n|-supereffective|p1a: Pinsir\n|-damage|p1a: Pinsir|53\/100\n|-damage|p2a: \u9e92\u9e9f|90\/100|[from] Recoil\n|move|p1a: Pinsir|Return|p2a: \u9e92\u9e9f\n|-supereffective|p2a: \u9e92\u9e9f\n|-damage|p2a: \u9e92\u9e9f|0 fnt\n|faint|p2a: \u9e92\u9e9f\n|\n|win|vestkid27\n|raw|vestkid27's rating: 1564 &rarr; <strong>1585<\/strong><br \/>(+21 for winning)\n|raw|wopowopo's rating: 1584 &rarr; <strong>1563<\/strong><br \/>(-21 for losing)\n|l|\u2606wopowopo\n|c|\u2606vestkid27|GG\n","uploadtime":1700230265,"views":6,"p1id":"vestkid27","p2id":"wopowopo","formatid":"gen9nationaldex","rating":1563,"private":0,"password":""}