{"id":"gen9nationaldex-1988377081","p1":"Yaoshi","p2":"Strike Mv","format":"[Gen 9] National Dex","log":"|j|\u2606Yaoshi\n|j|\u2606Strike Mv\n|t:|1699715959\n|gametype|singles\n|player|p1|Yaoshi|steven-masters|1537\n|player|p2|Strike Mv|1|1531\n|teamsize|p1|6\n|teamsize|p2|6\n|gen|9\n|tier|[Gen 9] National Dex\n|rated|\n|rule|HP Percentage Mod: HP is shown in percentages\n|rule|Endless Battle Clause: Forcing endless battles is banned\n|rule|OHKO Clause: OHKO moves are banned\n|rule|Evasion Clause: Evasion abilities, items, and moves are banned\n|rule|Evasion Abilities Clause: Evasion abilities are banned\n|rule|Evasion Items Clause: Evasion items are banned\n|rule|Evasion Moves Clause: Evasion moves are banned\n|rule|Species Clause: Limit one of each Pok\u00e9mon\n|rule|Sleep Clause Mod: Limit one foe put to sleep\n|clearpoke\n|poke|p1|Urshifu-*, F|\n|poke|p1|Slowbro-Galar, F|\n|poke|p1|Milotic, F|\n|poke|p1|Kommo-o, F|\n|poke|p1|Rillaboom, M|\n|poke|p1|Garganacl, M|\n|poke|p2|Swampert, M|\n|poke|p2|Pelipper, F|\n|poke|p2|Zapdos|\n|poke|p2|Iron Valiant|\n|poke|p2|Urshifu-*, F|\n|poke|p2|Greninja-*, M|\n|teampreview\n|\n|t:|1699715971\n|start\n|switch|p1a: Milotic|Milotic, F, shiny|100\/100\n|switch|p2a: Pelipper|Pelipper, F|100\/100\n|-weather|RainDance|[from] ability: Drizzle|[of] p2a: Pelipper\n|turn|1\n|\n|t:|1699715975\n|move|p1a: Milotic|Ice Beam|p2a: Pelipper\n|-damage|p2a: Pelipper|70\/100\n|move|p2a: Pelipper|U-turn|p1a: Milotic\n|-damage|p1a: Milotic|95\/100\n|inactive|Battle timer is ON: inactive players will automatically lose when time's up. (requested by Yaoshi)\n|\n|t:|1699715980\n|switch|p2a: Zapdos|Zapdos|100\/100|[from] U-turn\n|-ability|p2a: Zapdos|Pressure\n|\n|-weather|RainDance|[upkeep]\n|-heal|p1a: Milotic|100\/100|[from] item: Leftovers\n|upkeep\n|turn|2\n|\n|t:|1699715991\n|move|p2a: Zapdos|Volt Switch|p1a: Milotic\n|-supereffective|p1a: Milotic\n|-damage|p1a: Milotic|41\/100\n|\n|t:|1699715996\n|switch|p2a: Swampert|Swampert, M|100\/100|[from] Volt Switch\n|move|p1a: Milotic|Mirror Coat|p2a: Swampert\n|-damage|p2a: Swampert|0 fnt\n|faint|p2a: Swampert\n|\n|-weather|RainDance|[upkeep]\n|-heal|p1a: Milotic|47\/100|[from] item: Leftovers\n|upkeep\n|\n|t:|1699715999\n|switch|p2a: Zapdos|Zapdos|100\/100\n|-ability|p2a: Zapdos|Pressure\n|turn|3\n|\n|t:|1699716003\n|-terastallize|p1a: Milotic|Dragon\n|move|p2a: Zapdos|Volt Switch|p1a: Milotic\n|-resisted|p1a: Milotic\n|-damage|p1a: Milotic|32\/100\n|\n|t:|1699716020\n|switch|p2a: Iron Valiant|Iron Valiant|100\/100|[from] Volt Switch\n|-enditem|p2a: Iron Valiant|Booster Energy\n|-activate|p2a: Iron Valiant|ability: Quark Drive|[fromitem]\n|-start|p2a: Iron Valiant|quarkdrivespe\n|move|p1a: Milotic|Recover|p1a: Milotic\n|-heal|p1a: Milotic|82\/100\n|\n|-weather|RainDance|[upkeep]\n|-heal|p1a: Milotic|88\/100|[from] item: Leftovers\n|upkeep\n|turn|4\n|\n|t:|1699716025\n|-terastallize|p2a: Iron Valiant|Fairy\n|move|p2a: Iron Valiant|Moonblast|p1a: Milotic\n|-supereffective|p1a: Milotic\n|-damage|p1a: Milotic|19\/100\n|move|p1a: Milotic|Mirror Coat|p2a: Iron Valiant\n|-damage|p2a: Iron Valiant|0 fnt\n|faint|p2a: Iron Valiant\n|-end|p2a: Iron Valiant|Quark Drive|[silent]\n|\n|-weather|RainDance|[upkeep]\n|-heal|p1a: Milotic|25\/100|[from] item: Leftovers\n|upkeep\n|\n|t:|1699716035\n|switch|p2a: Greninja|Greninja, M|100\/100\n|turn|5\n|\n|t:|1699716039\n|move|p2a: Greninja|Dark Pulse|p1a: Milotic\n|-damage|p1a: Milotic|0 fnt\n|faint|p1a: Milotic\n|-ability|p2a: Greninja|Battle Bond|boost\n|-boost|p2a: Greninja|atk|1\n|-boost|p2a: Greninja|spa|1\n|-boost|p2a: Greninja|spe|1\n|-activate|p2a: Greninja|ability: Battle Bond\n|-damage|p2a: Greninja|91\/100|[from] item: Life Orb\n|\n|-weather|RainDance|[upkeep]\n|upkeep\n|\n|t:|1699716042\n|switch|p1a: Rillaboom|Rillaboom, M, shiny|100\/100\n|-fieldstart|move: Grassy Terrain|[from] ability: Grassy Surge|[of] p1a: Rillaboom\n|turn|6\n|\n|t:|1699716045\n|switch|p2a: Zapdos|Zapdos|100\/100\n|-ability|p2a: Zapdos|Pressure\n|move|p1a: Rillaboom|Grassy Glide|p2a: Zapdos\n|-resisted|p2a: Zapdos\n|-damage|p2a: Zapdos|74\/100\n|-damage|p1a: Rillaboom|91\/100|[from] item: Life Orb\n|\n|-weather|RainDance|[upkeep]\n|-heal|p1a: Rillaboom|97\/100|[from] Grassy Terrain\n|upkeep\n|turn|7\n|\n|t:|1699716049\n|switch|p1a: Garganacl|Garganacl, M|100\/100\n|move|p2a: Zapdos|Hurricane|p1a: Garganacl\n|-resisted|p1a: Garganacl\n|-damage|p1a: Garganacl|79\/100\n|\n|-weather|RainDance|[upkeep]\n|-heal|p1a: Garganacl|85\/100|[from] Grassy Terrain\n|-heal|p1a: Garganacl|91\/100|[from] item: Leftovers\n|upkeep\n|turn|8\n|\n|t:|1699716052\n|move|p2a: Zapdos|Weather Ball|p1a: Garganacl\n|-supereffective|p1a: Garganacl\n|-damage|p1a: Garganacl|23\/100\n|move|p1a: Garganacl|Salt Cure|p2a: Zapdos\n|-supereffective|p2a: Zapdos\n|-damage|p2a: Zapdos|47\/100\n|-start|p2a: Zapdos|Salt Cure\n|\n|-weather|none\n|-heal|p1a: Garganacl|29\/100|[from] Grassy Terrain\n|-heal|p1a: Garganacl|35\/100|[from] item: Leftovers\n|-damage|p2a: Zapdos|35\/100|[from] Salt Cure\n|upkeep\n|turn|9\n|\n|t:|1699716057\n|move|p2a: Zapdos|Volt Switch|p1a: Garganacl\n|-damage|p1a: Garganacl|7\/100\n|\n|t:|1699716059\n|switch|p2a: Pelipper|Pelipper, F|70\/100|[from] Volt Switch\n|-weather|RainDance|[from] ability: Drizzle|[of] p2a: Pelipper\n|move|p1a: Garganacl|Recover|p1a: Garganacl\n|-heal|p1a: Garganacl|57\/100\n|\n|-weather|RainDance|[upkeep]\n|-heal|p1a: Garganacl|64\/100|[from] Grassy Terrain\n|-heal|p1a: Garganacl|70\/100|[from] item: Leftovers\n|upkeep\n|turn|10\n|\n|t:|1699716063\n|switch|p1a: Rillaboom|Rillaboom, M, shiny|97\/100\n|move|p2a: Pelipper|Surf|p1a: Rillaboom\n|-resisted|p1a: Rillaboom\n|-damage|p1a: Rillaboom|63\/100\n|\n|-weather|RainDance|[upkeep]\n|-heal|p1a: Rillaboom|69\/100|[from] Grassy Terrain\n|-fieldend|move: Grassy Terrain\n|upkeep\n|turn|11\n|\n|t:|1699716066\n|move|p1a: Rillaboom|Grassy Glide|p2a: Pelipper\n|-damage|p2a: Pelipper|24\/100\n|-damage|p1a: Rillaboom|59\/100|[from] item: Life Orb\n|move|p2a: Pelipper|Hurricane|p1a: Rillaboom\n|-supereffective|p1a: Rillaboom\n|-damage|p1a: Rillaboom|0 fnt\n|faint|p1a: Rillaboom\n|\n|-weather|RainDance|[upkeep]\n|upkeep\n|\n|t:|1699716072\n|switch|p1a: Slowbro|Slowbro-Galar, F, shiny|100\/100\n|turn|12\n|\n|t:|1699716078\n|move|p2a: Pelipper|U-turn|p1a: Slowbro\n|-damage|p1a: Slowbro|95\/100\n|\n|t:|1699716082\n|switch|p2a: Urshifu|Urshifu-Rapid-Strike, F|100\/100|[from] U-turn\n|move|p1a: Slowbro|Calm Mind|p1a: Slowbro\n|-boost|p1a: Slowbro|spa|1\n|-boost|p1a: Slowbro|spd|1\n|\n|-weather|RainDance|[upkeep]\n|upkeep\n|turn|13\n|\n|t:|1699716086\n|detailschange|p1a: Slowbro|Slowbro-Mega, F, shiny\n|-mega|p1a: Slowbro|Slowbro|Slowbronite\n|move|p2a: Urshifu|Surging Strikes|p1a: Slowbro\n|-resisted|p1a: Slowbro\n|-damage|p1a: Slowbro|91\/100\n|-resisted|p1a: Slowbro\n|-damage|p1a: Slowbro|87\/100\n|-resisted|p1a: Slowbro\n|-damage|p1a: Slowbro|83\/100\n|-hitcount|p1a: Slowbro|3\n|move|p1a: Slowbro|Calm Mind|p1a: Slowbro\n|-boost|p1a: Slowbro|spa|1\n|-boost|p1a: Slowbro|spd|1\n|\n|-weather|RainDance|[upkeep]\n|upkeep\n|turn|14\n|\n|t:|1699716108\n|switch|p2a: Zapdos|Zapdos|35\/100\n|-ability|p2a: Zapdos|Pressure\n|move|p1a: Slowbro|Calm Mind|p1a: Slowbro\n|-boost|p1a: Slowbro|spa|1\n|-boost|p1a: Slowbro|spd|1\n|\n|-weather|RainDance|[upkeep]\n|upkeep\n|turn|15\n|\n|t:|1699716112\n|move|p2a: Zapdos|Volt Switch|p1a: Slowbro\n|-supereffective|p1a: Slowbro\n|-damage|p1a: Slowbro|49\/100\n|\n|t:|1699716115\n|switch|p2a: Greninja|Greninja, M|91\/100|[from] Volt Switch\n|move|p1a: Slowbro|Slack Off|p1a: Slowbro\n|-heal|p1a: Slowbro|99\/100\n|\n|-weather|RainDance|[upkeep]\n|upkeep\n|turn|16\n|\n|t:|1699716117\n|move|p2a: Greninja|Dark Pulse|p1a: Slowbro\n|-supereffective|p1a: Slowbro\n|-damage|p1a: Slowbro|61\/100\n|-damage|p2a: Greninja|81\/100|[from] item: Life Orb\n|move|p1a: Slowbro|Calm Mind|p1a: Slowbro\n|-boost|p1a: Slowbro|spa|1\n|-boost|p1a: Slowbro|spd|1\n|\n|-weather|none\n|upkeep\n|turn|17\n|\n|t:|1699716120\n|move|p2a: Greninja|Dark Pulse|p1a: Slowbro\n|-supereffective|p1a: Slowbro\n|-damage|p1a: Slowbro|31\/100\n|-damage|p2a: Greninja|71\/100|[from] item: Life Orb\n|move|p1a: Slowbro|Slack Off|p1a: Slowbro\n|-heal|p1a: Slowbro|81\/100\n|\n|upkeep\n|turn|18\n|\n|t:|1699716124\n|move|p2a: Greninja|Dark Pulse|p1a: Slowbro\n|-supereffective|p1a: Slowbro\n|-damage|p1a: Slowbro|46\/100\n|-damage|p2a: Greninja|61\/100|[from] item: Life Orb\n|cant|p1a: Slowbro|flinch\n|\n|upkeep\n|turn|19\n|\n|t:|1699716126\n|move|p2a: Greninja|Dark Pulse|p1a: Slowbro\n|-supereffective|p1a: Slowbro\n|-damage|p1a: Slowbro|14\/100\n|-damage|p2a: Greninja|51\/100|[from] item: Life Orb\n|cant|p1a: Slowbro|flinch\n|\n|upkeep\n|turn|20\n|\n|t:|1699716129\n|move|p2a: Greninja|Dark Pulse|p1a: Slowbro\n|-supereffective|p1a: Slowbro\n|-damage|p1a: Slowbro|0 fnt\n|faint|p1a: Slowbro\n|-damage|p2a: Greninja|42\/100|[from] item: Life Orb\n|\n|upkeep\n|\n|t:|1699716132\n|switch|p1a: Urshifu|Urshifu-Rapid-Strike, F|100\/100\n|turn|21\n|\n|t:|1699716137\n|switch|p2a: Zapdos|Zapdos|35\/100\n|-ability|p2a: Zapdos|Pressure\n|move|p1a: Urshifu|Trailblaze|p2a: Zapdos\n|-resisted|p2a: Zapdos\n|-damage|p2a: Zapdos|28\/100\n|-boost|p1a: Urshifu|spe|1\n|\n|upkeep\n|turn|22\n|\n|t:|1699716140\n|move|p1a: Urshifu|Ice Spinner|p2a: Zapdos\n|-supereffective|p2a: Zapdos\n|-damage|p2a: Zapdos|0 fnt\n|faint|p2a: Zapdos\n|\n|upkeep\n|\n|t:|1699716146\n|switch|p2a: Urshifu|Urshifu-Rapid-Strike, F|100\/100\n|turn|23\n|\n|t:|1699716149\n|move|p2a: Urshifu|Surging Strikes|p1a: Urshifu\n|-resisted|p1a: Urshifu\n|-crit|p1a: Urshifu\n|-damage|p1a: Urshifu|92\/100\n|-resisted|p1a: Urshifu\n|-crit|p1a: Urshifu\n|-damage|p1a: Urshifu|84\/100\n|-resisted|p1a: Urshifu\n|-crit|p1a: Urshifu\n|-damage|p1a: Urshifu|76\/100\n|-hitcount|p1a: Urshifu|3\n|move|p1a: Urshifu|Bulk Up|p1a: Urshifu\n|-boost|p1a: Urshifu|atk|1\n|-boost|p1a: Urshifu|def|1\n|\n|-heal|p1a: Urshifu|82\/100|[from] item: Leftovers\n|upkeep\n|turn|24\n|\n|t:|1699716152\n|move|p2a: Urshifu|Surging Strikes|p1a: Urshifu\n|-resisted|p1a: Urshifu\n|-crit|p1a: Urshifu\n|-damage|p1a: Urshifu|75\/100\n|-resisted|p1a: Urshifu\n|-crit|p1a: Urshifu\n|-damage|p1a: Urshifu|67\/100\n|-resisted|p1a: Urshifu\n|-crit|p1a: Urshifu\n|-damage|p1a: Urshifu|60\/100\n|-hitcount|p1a: Urshifu|3\n|move|p1a: Urshifu|Bulk Up|p1a: Urshifu\n|-boost|p1a: Urshifu|atk|1\n|-boost|p1a: Urshifu|def|1\n|\n|-heal|p1a: Urshifu|66\/100|[from] item: Leftovers\n|upkeep\n|turn|25\n|\n|t:|1699716155\n|switch|p2a: Greninja|Greninja, M|42\/100\n|move|p1a: Urshifu|Trailblaze|p2a: Greninja\n|-supereffective|p2a: Greninja\n|-damage|p2a: Greninja|0 fnt\n|-boost|p1a: Urshifu|spe|1\n|faint|p2a: Greninja\n|\n|-heal|p1a: Urshifu|72\/100|[from] item: Leftovers\n|upkeep\n|\n|t:|1699716159\n|switch|p2a: Pelipper|Pelipper, F|24\/100\n|-weather|RainDance|[from] ability: Drizzle|[of] p2a: Pelipper\n|turn|26\n|\n|t:|1699716161\n|move|p1a: Urshifu|Ice Spinner|p2a: Pelipper\n|-damage|p2a: Pelipper|0 fnt\n|faint|p2a: Pelipper\n|\n|-weather|RainDance|[upkeep]\n|-heal|p1a: Urshifu|78\/100|[from] item: Leftovers\n|upkeep\n|\n|t:|1699716165\n|switch|p2a: Urshifu|Urshifu-Rapid-Strike, F|100\/100\n|turn|27\n|\n|t:|1699716167\n|move|p1a: Urshifu|Bulk Up|p1a: Urshifu\n|-boost|p1a: Urshifu|atk|1\n|-boost|p1a: Urshifu|def|1\n|move|p2a: Urshifu|Thunder Punch|p1a: Urshifu\n|-supereffective|p1a: Urshifu\n|-damage|p1a: Urshifu|60\/100\n|\n|-weather|RainDance|[upkeep]\n|-heal|p1a: Urshifu|67\/100|[from] item: Leftovers\n|upkeep\n|turn|28\n|-message|Strike Mv forfeited.\n|\n|win|Yaoshi\n|raw|Yaoshi's rating: 1537 &rarr; <strong>1557<\/strong><br \/>(+20 for winning)\n|raw|Strike Mv's rating: 1531 &rarr; <strong>1511<\/strong><br \/>(-20 for losing)\n|l|\u2606Strike Mv\n","uploadtime":1699716183,"views":21,"p1id":"yaoshi","p2id":"strikemv","formatid":"gen9nationaldex","rating":1511,"private":0,"password":""}