{"id":"gen9nationaldex-1994728653","p1":"jujibalaoshi001","p2":"Francuz27","format":"[Gen 9] National Dex","log":"|html|<div class=\"broadcast-blue\"><strong>[Gen 9] National Dex is currently suspecting Sneasler! For information on how to participate check out the <a href=\"https:\/\/www.smogon.com\/forums\/threads\/sv-national-dex-suspect-8-just-dance.3731534\/\">suspect thread<\/a>.<\/strong><\/div>\n|j|\u2606jujibalaoshi001\n|j|\u2606Francuz27\n|t:|1700486512\n|gametype|singles\n|player|p1|jujibalaoshi001|hexmaniac-gen6|1516\n|player|p2|Francuz27|102|1715\n|teamsize|p1|6\n|teamsize|p2|6\n|gen|9\n|tier|[Gen 9] National Dex\n|rated|\n|rule|HP Percentage Mod: HP is shown in percentages\n|rule|Endless Battle Clause: Forcing endless battles is banned\n|rule|OHKO Clause: OHKO moves are banned\n|rule|Evasion Clause: Evasion abilities, items, and moves are banned\n|rule|Evasion Abilities Clause: Evasion abilities are banned\n|rule|Evasion Items Clause: Evasion items are banned\n|rule|Evasion Moves Clause: Evasion moves are banned\n|rule|Species Clause: Limit one of each Pok\u00e9mon\n|rule|Sleep Clause Mod: Limit one foe put to sleep\n|clearpoke\n|poke|p1|Tapu Lele|\n|poke|p1|Armarouge, M|\n|poke|p1|Polteageist-Antique|\n|poke|p1|Ribombee, F|\n|poke|p1|Hoopa-Unbound|\n|poke|p1|Sneasler, M|\n|poke|p2|Pelipper, F|\n|poke|p2|Skarmory, M|\n|poke|p2|Swampert, M|\n|poke|p2|Ludicolo, F|\n|poke|p2|Barraskewda, F|\n|poke|p2|Goodra, F|\n|teampreview\n|\n|t:|1700486528\n|start\n|switch|p1a: Ribombee|Ribombee, F|100\/100\n|switch|p2a: Pelipper|Pelipper, F|100\/100\n|-weather|RainDance|[from] ability: Drizzle|[of] p2a: Pelipper\n|turn|1\n|\n|t:|1700486543\n|move|p1a: Ribombee|Sticky Web|p2a: Pelipper\n|-sidestart|p2: Francuz27|move: Sticky Web\n|move|p2a: Pelipper|Hurricane|p1a: Ribombee\n|-supereffective|p1a: Ribombee\n|-enditem|p1a: Ribombee|Focus Sash\n|-damage|p1a: Ribombee|1\/100\n|\n|-weather|RainDance|[upkeep]\n|upkeep\n|turn|2\n|\n|t:|1700486563\n|move|p1a: Ribombee|Stun Spore|p2a: Pelipper|[miss]\n|-miss|p1a: Ribombee|p2a: Pelipper\n|move|p2a: Pelipper|U-turn|p1a: Ribombee\n|-resisted|p1a: Ribombee\n|-damage|p1a: Ribombee|0 fnt\n|faint|p1a: Ribombee\n|\n|t:|1700486573\n|switch|p2a: Barraskewda|Barraskewda, F|100\/100|[from] U-turn\n|-activate|p2a: Barraskewda|move: Sticky Web\n|-unboost|p2a: Barraskewda|spe|1\n|\n|-weather|RainDance|[upkeep]\n|upkeep\n|\n|t:|1700486588\n|switch|p1a: Polteageist|Polteageist-Antique|100\/100\n|turn|3\n|\n|t:|1700486596\n|switch|p2a: Goodra|Goodra, F|100\/100\n|-activate|p2a: Goodra|move: Sticky Web\n|-unboost|p2a: Goodra|spe|1\n|move|p1a: Polteageist|Shell Smash|p1a: Polteageist\n|-unboost|p1a: Polteageist|def|1\n|-unboost|p1a: Polteageist|spd|1\n|-boost|p1a: Polteageist|atk|2\n|-boost|p1a: Polteageist|spa|2\n|-boost|p1a: Polteageist|spe|2\n|\n|-weather|RainDance|[upkeep]\n|upkeep\n|turn|4\n|\n|t:|1700486622\n|move|p1a: Polteageist|Shadow Ball|p2a: Goodra\n|-damage|p2a: Goodra|60\/100\n|move|p2a: Goodra|Thunder|p1a: Polteageist\n|-damage|p1a: Polteageist|39\/100\n|\n|-weather|RainDance|[upkeep]\n|upkeep\n|turn|5\n|\n|t:|1700486631\n|move|p1a: Polteageist|Shadow Ball|p2a: Goodra\n|-damage|p2a: Goodra|20\/100\n|move|p2a: Goodra|Thunder|p1a: Polteageist\n|-damage|p1a: Polteageist|0 fnt\n|faint|p1a: Polteageist\n|\n|-weather|RainDance|[upkeep]\n|upkeep\n|\n|t:|1700486649\n|switch|p1a: Hoopa|Hoopa-Unbound|100\/100\n|turn|6\n|\n|t:|1700486658\n|move|p1a: Hoopa|Psyshock|p2a: Goodra\n|-damage|p2a: Goodra|0 fnt\n|faint|p2a: Goodra\n|\n|-weather|RainDance|[upkeep]\n|upkeep\n|\n|t:|1700486675\n|switch|p2a: Barraskewda|Barraskewda, F|100\/100\n|-activate|p2a: Barraskewda|move: Sticky Web\n|-unboost|p2a: Barraskewda|spe|1\n|turn|7\n|\n|t:|1700486682\n|-terastallize|p2a: Barraskewda|Water\n|move|p2a: Barraskewda|Liquidation|p1a: Hoopa\n|-damage|p1a: Hoopa|0 fnt\n|faint|p1a: Hoopa\n|\n|-weather|RainDance|[upkeep]\n|upkeep\n|\n|t:|1700486695\n|switch|p1a: Armarouge|Armarouge, M|100\/100\n|turn|8\n|\n|t:|1700486703\n|switch|p2a: Skarmory|Skarmory, M|100\/100\n|move|p1a: Armarouge|Endure||[still]\n|-fail|p1a: Armarouge\n|\n|-weather|none\n|upkeep\n|turn|9\n|\n|t:|1700486710\n|move|p1a: Armarouge|Armor Cannon|p2a: Skarmory\n|-supereffective|p2a: Skarmory\n|-ability|p2a: Skarmory|Sturdy\n|-damage|p2a: Skarmory|1\/100\n|-unboost|p1a: Armarouge|def|1\n|-unboost|p1a: Armarouge|spd|1\n|move|p2a: Skarmory|Toxic|p1a: Armarouge\n|-status|p1a: Armarouge|tox\n|\n|-damage|p1a: Armarouge|94\/100 tox|[from] psn\n|upkeep\n|turn|10\n|\n|t:|1700486728\n|move|p1a: Armarouge|Expanding Force|p2a: Skarmory\n|-resisted|p2a: Skarmory\n|-damage|p2a: Skarmory|0 fnt\n|faint|p2a: Skarmory\n|\n|-damage|p1a: Armarouge|82\/100 tox|[from] psn\n|upkeep\n|\n|t:|1700486734\n|switch|p2a: Pelipper|Pelipper, F|100\/100\n|-weather|RainDance|[from] ability: Drizzle|[of] p2a: Pelipper\n|turn|11\n|\n|t:|1700486749\n|move|p1a: Armarouge|Expanding Force|p2a: Pelipper\n|-damage|p2a: Pelipper|38\/100\n|move|p2a: Pelipper|Defog|p1a: Armarouge\n|-unboost|p1a: Armarouge|evasion|1\n|-sideend|p2: Francuz27|Sticky Web|[from] move: Defog|[of] p2a: Pelipper\n|\n|-weather|RainDance|[upkeep]\n|-damage|p1a: Armarouge|64\/100 tox|[from] psn\n|upkeep\n|turn|12\n|\n|t:|1700486757\n|move|p1a: Armarouge|Expanding Force|p2a: Pelipper\n|-damage|p2a: Pelipper|0 fnt\n|faint|p2a: Pelipper\n|\n|-weather|RainDance|[upkeep]\n|-damage|p1a: Armarouge|40\/100 tox|[from] psn\n|upkeep\n|\n|t:|1700486766\n|switch|p2a: Barraskewda|Barraskewda, F, tera:Water|100\/100\n|turn|13\n|\n|t:|1700486771\n|move|p1a: Armarouge|Endure|p1a: Armarouge\n|-singleturn|p1a: Armarouge|move: Endure\n|move|p2a: Barraskewda|Liquidation|p1a: Armarouge\n|-supereffective|p1a: Armarouge\n|-activate|p1a: Armarouge|move: Endure\n|-damage|p1a: Armarouge|1\/100 tox\n|-ability|p1a: Armarouge|Weak Armor|boost\n|-unboost|p1a: Armarouge|def|1\n|-boost|p1a: Armarouge|spe|2\n|-enditem|p1a: Armarouge|Weakness Policy\n|-boost|p1a: Armarouge|atk|2|[from] item: Weakness Policy\n|-boost|p1a: Armarouge|spa|2|[from] item: Weakness Policy\n|\n|-weather|RainDance|[upkeep]\n|-damage|p1a: Armarouge|0 fnt|[from] psn\n|faint|p1a: Armarouge\n|upkeep\n|\n|t:|1700486777\n|switch|p1a: Tapu Lele|Tapu Lele|100\/100\n|-fieldstart|move: Psychic Terrain|[from] ability: Psychic Surge|[of] p1a: Tapu Lele\n|turn|14\n|\n|t:|1700486787\n|move|p2a: Barraskewda|Liquidation|p1a: Tapu Lele\n|-crit|p1a: Tapu Lele\n|-damage|p1a: Tapu Lele|0 fnt\n|faint|p1a: Tapu Lele\n|\n|-weather|RainDance|[upkeep]\n|upkeep\n|\n|t:|1700486790\n|switch|p1a: Sneasler|Sneasler, M|100\/100\n|-enditem|p1a: Sneasler|Psychic Seed\n|-boost|p1a: Sneasler|spd|1|[from] item: Psychic Seed\n|turn|15\n|\n|t:|1700486796\n|move|p2a: Barraskewda|Liquidation|p1a: Sneasler\n|-damage|p1a: Sneasler|0 fnt\n|faint|p1a: Sneasler\n|\n|win|Francuz27\n|raw|jujibalaoshi001's rating: 1516 &rarr; <strong>1506<\/strong><br \/>(-10 for losing)\n|raw|Francuz27's rating: 1715 &rarr; <strong>1725<\/strong><br \/>(+10 for winning)\n|l|\u2606Francuz27\n","uploadtime":1700486803,"views":2,"p1id":"jujibalaoshi001","p2id":"francuz27","formatid":"gen9nationaldex","rating":1506,"private":0,"password":""}