{"id":"gen9nationaldex-1990856978","p1":"Kuzwa","p2":"spylent6","format":"[Gen 9] National Dex","log":"|j|\u2606Kuzwa\n|j|\u2606spylent6\n|t:|1700008183\n|gametype|singles\n|player|p1|Kuzwa|parasollady|1338\n|player|p2|spylent6|palmer|1361\n|teamsize|p1|6\n|teamsize|p2|6\n|gen|9\n|tier|[Gen 9] National Dex\n|rated|\n|rule|HP Percentage Mod: HP is shown in percentages\n|rule|Endless Battle Clause: Forcing endless battles is banned\n|rule|OHKO Clause: OHKO moves are banned\n|rule|Evasion Clause: Evasion abilities, items, and moves are banned\n|rule|Evasion Abilities Clause: Evasion abilities are banned\n|rule|Evasion Items Clause: Evasion items are banned\n|rule|Evasion Moves Clause: Evasion moves are banned\n|rule|Species Clause: Limit one of each Pok\u00e9mon\n|rule|Sleep Clause Mod: Limit one foe put to sleep\n|clearpoke\n|poke|p1|Gallade, M|\n|poke|p1|Kartana|\n|poke|p1|Weavile, M|\n|poke|p1|Ogerpon-Wellspring, F|\n|poke|p1|Zeraora|\n|poke|p1|Glimmora, M|\n|poke|p2|Hatterene, F|\n|poke|p2|Porygon2|\n|poke|p2|Mawile, F|\n|poke|p2|Crawdaunt, F|\n|poke|p2|Cresselia, F|\n|poke|p2|Cursola, F|\n|teampreview\n|inactive|Battle timer is ON: inactive players will automatically lose when time's up. (requested by spylent6)\n|\n|t:|1700008197\n|start\n|switch|p1a: thing|Glimmora, M|100\/100\n|switch|p2a: Porygon2|Porygon2|100\/100\n|-item|p1a: thing|Air Balloon\n|-ability|p2a: Porygon2|Toxic Debris|[from] ability: Trace|[of] p1a: thing\n|turn|1\n|\n|t:|1700008205\n|move|p1a: thing|Earth Power|p2a: Porygon2\n|-damage|p2a: Porygon2|79\/100\n|move|p2a: Porygon2|Ice Beam|p1a: thing\n|-damage|p1a: thing|72\/100\n|-enditem|p1a: thing|Air Balloon\n|\n|upkeep\n|turn|2\n|\n|t:|1700008208\n|move|p1a: thing|Sludge Wave|p2a: Porygon2\n|-damage|p2a: Porygon2|47\/100\n|move|p2a: Porygon2|Trick Room|p2a: Porygon2\n|-fieldstart|move: Trick Room|[of] p2a: Porygon2\n|\n|upkeep\n|turn|3\n|\n|t:|1700008211\n|move|p2a: Porygon2|Recover|p2a: Porygon2\n|-heal|p2a: Porygon2|97\/100\n|move|p1a: thing|Sludge Wave|p2a: Porygon2\n|-damage|p2a: Porygon2|66\/100\n|\n|upkeep\n|turn|4\n|\n|t:|1700008215\n|move|p1a: thing|Sludge Wave|p2a: Porygon2\n|-damage|p2a: Porygon2|37\/100\n|-status|p2a: Porygon2|psn\n|move|p2a: Porygon2|Teleport|p2a: Porygon2\n|\n|t:|1700008217\n|switch|p2a: Cursola|Cursola, F|100\/100|[from] Teleport\n|\n|upkeep\n|turn|5\n|\n|t:|1700008223\n|move|p2a: Cursola|Shadow Ball|p1a: thing\n|-damage|p1a: thing|0 fnt\n|faint|p1a: thing\n|\n|upkeep\n|\n|t:|1700008228\n|switch|p1a: Junpei Iori|Weavile, M, shiny|100\/100\n|turn|6\n|\n|t:|1700008231\n|switch|p2a: Mawile|Mawile, F|100\/100\n|-ability|p2a: Mawile|Intimidate|boost\n|-unboost|p1a: Junpei Iori|atk|1\n|move|p1a: Junpei Iori|Throat Chop|p2a: Mawile\n|-resisted|p2a: Mawile\n|-damage|p2a: Mawile|84\/100\n|-start|p2a: Mawile|Throat Chop|[silent]\n|\n|-fieldend|move: Trick Room\n|upkeep\n|turn|7\n|\n|t:|1700008238\n|detailschange|p2a: Mawile|Mawile-Mega, F\n|-mega|p2a: Mawile|Mawile|Mawilite\n|move|p1a: Junpei Iori|Throat Chop|p2a: Mawile\n|-resisted|p2a: Mawile\n|-damage|p2a: Mawile|72\/100\n|move|p2a: Mawile|Iron Head|p1a: Junpei Iori\n|-supereffective|p1a: Junpei Iori\n|-enditem|p1a: Junpei Iori|Focus Sash\n|-damage|p1a: Junpei Iori|1\/100\n|\n|-end|p2a: Mawile|Throat Chop|[silent]\n|upkeep\n|turn|8\n|\n|t:|1700008241\n|move|p2a: Mawile|Sucker Punch|p1a: Junpei Iori\n|-resisted|p1a: Junpei Iori\n|-crit|p1a: Junpei Iori\n|-damage|p1a: Junpei Iori|0 fnt\n|faint|p1a: Junpei Iori\n|\n|upkeep\n|\n|t:|1700008243\n|switch|p1a: Makoto Yuki|Kartana, shiny|100\/100\n|turn|9\n|\n|t:|1700008267\n|switch|p2a: Cresselia|Cresselia, F|100\/100\n|move|p1a: Makoto Yuki|Smart Strike|p2a: Cresselia\n|-damage|p2a: Cresselia|75\/100\n|\n|upkeep\n|turn|10\n|\n|t:|1700008270\n|move|p1a: Makoto Yuki|Swords Dance|p1a: Makoto Yuki\n|-boost|p1a: Makoto Yuki|atk|2\n|move|p2a: Cresselia|Trick Room|p2a: Cresselia\n|-fieldstart|move: Trick Room|[of] p2a: Cresselia\n|\n|upkeep\n|turn|11\n|\n|t:|1700008276\n|move|p2a: Cresselia|Lunar Dance|p2a: Cresselia\n|faint|p2a: Cresselia\n|move|p1a: Makoto Yuki|Smart Strike|p2: Cresselia|[notarget]\n|-fail|p1a: Makoto Yuki\n|\n|upkeep\n|\n|t:|1700008279\n|switch|p2a: Crawdaunt|Crawdaunt, F, shiny|100\/100\n|turn|12\n|\n|t:|1700008282\n|move|p2a: Crawdaunt|Knock Off|p1a: Makoto Yuki\n|-damage|p1a: Makoto Yuki|5\/100\n|-enditem|p1a: Makoto Yuki|Focus Sash|[from] move: Knock Off|[of] p2a: Crawdaunt\n|-damage|p2a: Crawdaunt|90\/100|[from] item: Life Orb\n|move|p1a: Makoto Yuki|Leaf Blade|p2a: Crawdaunt\n|-supereffective|p2a: Crawdaunt\n|-damage|p2a: Crawdaunt|0 fnt\n|faint|p2a: Crawdaunt\n|-ability|p1a: Makoto Yuki|Beast Boost|boost\n|-boost|p1a: Makoto Yuki|atk|1\n|\n|upkeep\n|\n|t:|1700008288\n|switch|p2a: Cursola|Cursola, F|100\/100\n|-heal|p2a: Cursola|100\/100|[from] move: Lunar Dance\n|turn|13\n|\n|t:|1700008293\n|switch|p1a: Aigis|Ogerpon-Wellspring, F|100\/100\n|move|p2a: Cursola|Shadow Ball|p1a: Aigis\n|-damage|p1a: Aigis|19\/100\n|-unboost|p1a: Aigis|spd|1\n|\n|upkeep\n|turn|14\n|inactive|spylent6 has 120 seconds left.\n|inactive|spylent6 has 90 seconds left.\n|inactive|spylent6 has 60 seconds left.\n|\n|t:|1700008411\n|-terastallize|p2a: Cursola|Ghost\n|move|p2a: Cursola|Shadow Ball|p1a: Aigis\n|-damage|p1a: Aigis|0 fnt\n|faint|p1a: Aigis\n|\n|-fieldend|move: Trick Room\n|upkeep\n|\n|t:|1700008420\n|switch|p1a: Makoto Yuki|Kartana, shiny|5\/100\n|turn|15\n|\n|t:|1700008429\n|switch|p2a: Mawile|Mawile-Mega, F|72\/100\n|move|p1a: Makoto Yuki|Smart Strike|p2a: Mawile\n|-damage|p2a: Mawile|27\/100\n|\n|upkeep\n|turn|16\n|\n|t:|1700008431\n|move|p2a: Mawile|Sucker Punch|p1a: Makoto Yuki\n|-damage|p1a: Makoto Yuki|0 fnt\n|faint|p1a: Makoto Yuki\n|\n|upkeep\n|\n|t:|1700008434\n|switch|p1a: Ken Amada|Zeraora|100\/100\n|turn|17\n|\n|t:|1700008436\n|switch|p2a: Porygon2|Porygon2|37\/100 psn\n|-ability|p2a: Porygon2|Volt Absorb|[from] ability: Trace|[of] p1a: Ken Amada\n|move|p1a: Ken Amada|Fake Out|p2a: Porygon2\n|-damage|p2a: Porygon2|30\/100 psn\n|\n|-damage|p2a: Porygon2|18\/100 psn|[from] psn\n|upkeep\n|turn|18\n|\n|t:|1700008440\n|move|p1a: Ken Amada|Drain Punch|p2a: Porygon2\n|-supereffective|p2a: Porygon2\n|-damage|p2a: Porygon2|0 fnt\n|faint|p2a: Porygon2\n|\n|upkeep\n|\n|t:|1700008446\n|switch|p2a: Hatterene|Hatterene, F|100\/100\n|turn|19\n|\n|t:|1700008451\n|move|p1a: Ken Amada|Bulk Up|p1a: Ken Amada\n|-boost|p1a: Ken Amada|atk|1\n|-boost|p1a: Ken Amada|def|1\n|move|p2a: Hatterene|Trick Room|p2a: Hatterene\n|-fieldstart|move: Trick Room|[of] p2a: Hatterene\n|\n|upkeep\n|turn|20\n|inactive|spylent6 has 90 seconds left.\n|inactive|spylent6 has 60 seconds left.\n|\n|t:|1700008500\n|move|p1a: Ken Amada|Plasma Fists|p2a: Hatterene\n|-damage|p2a: Hatterene|25\/100\n|-fieldactivate|move: Ion Deluge\n|-hint|Normal-type moves become Electric-type after using Plasma Fists.\n|move|p2a: Hatterene|Trick Room|p2a: Hatterene\n|-fieldend|move: Trick Room\n|\n|upkeep\n|turn|21\n|inactive|spylent6 has 60 seconds left.\n|\n|t:|1700008509\n|move|p1a: Ken Amada|Plasma Fists|p2a: Hatterene\n|-damage|p2a: Hatterene|0 fnt\n|-fieldactivate|move: Ion Deluge\n|-hint|Normal-type moves become Electric-type after using Plasma Fists.\n|faint|p2a: Hatterene\n|\n|upkeep\n|\n|t:|1700008513\n|switch|p2a: Mawile|Mawile-Mega, F|27\/100\n|turn|22\n|c|\u2606spylent6|\u6211\u5c3c\u739b\n|\n|t:|1700008520\n|move|p2a: Mawile|Sucker Punch|p1a: Ken Amada\n|-damage|p1a: Ken Amada|56\/100\n|move|p1a: Ken Amada|Plasma Fists|p2a: Mawile\n|-damage|p2a: Mawile|0 fnt\n|-fieldactivate|move: Ion Deluge\n|-hint|Normal-type moves become Electric-type after using Plasma Fists.\n|faint|p2a: Mawile\n|\n|upkeep\n|\n|t:|1700008523\n|switch|p2a: Cursola|Cursola, F, tera:Ghost|100\/100\n|turn|23\n|\n|t:|1700008526\n|move|p1a: Ken Amada|Plasma Fists|p2a: Cursola\n|-damage|p2a: Cursola|0 fnt\n|-fieldactivate|move: Ion Deluge\n|-hint|Normal-type moves become Electric-type after using Plasma Fists.\n|-ability|p2a: Cursola|Perish Body\n|faint|p2a: Cursola\n|\n|win|Kuzwa\n|raw|Kuzwa's rating: 1338 &rarr; <strong>1359<\/strong><br \/>(+21 for winning)\n|raw|spylent6's rating: 1361 &rarr; <strong>1340<\/strong><br \/>(-21 for losing)\n|l|\u2606spylent6\n","uploadtime":1700008531,"views":4,"p1id":"kuzwa","p2id":"spylent6","formatid":"gen9nationaldex","rating":1340,"private":0,"password":""}