{"id":"gen9nationaldex-1995047923","p1":"Aesiro13","p2":"gonza956","format":"[Gen 9] National Dex","log":"|html|<div class=\"broadcast-blue\"><strong>[Gen 9] National Dex is currently suspecting Sneasler! For information on how to participate check out the <a href=\"https:\/\/www.smogon.com\/forums\/threads\/sv-national-dex-suspect-8-just-dance.3731534\/\">suspect thread<\/a>.<\/strong><\/div>\n|j|\u2606Aesiro13\n|j|\u2606gonza956\n|t:|1700516942\n|gametype|singles\n|player|p1|Aesiro13|giacomo|1351\n|player|p2|gonza956|riley|1268\n|teamsize|p1|6\n|teamsize|p2|6\n|gen|9\n|tier|[Gen 9] National Dex\n|rated|\n|rule|HP Percentage Mod: HP is shown in percentages\n|rule|Endless Battle Clause: Forcing endless battles is banned\n|rule|OHKO Clause: OHKO moves are banned\n|rule|Evasion Clause: Evasion abilities, items, and moves are banned\n|rule|Evasion Abilities Clause: Evasion abilities are banned\n|rule|Evasion Items Clause: Evasion items are banned\n|rule|Evasion Moves Clause: Evasion moves are banned\n|rule|Species Clause: Limit one of each Pok\u00e9mon\n|rule|Sleep Clause Mod: Limit one foe put to sleep\n|clearpoke\n|poke|p1|Glimmora, F|\n|poke|p1|Gyarados, M|\n|poke|p1|Landorus-Therian, M|\n|poke|p1|Heatran, M|\n|poke|p1|Nihilego|\n|poke|p1|Gliscor, M|\n|poke|p2|Torkoal, M|\n|poke|p2|Rotom-Heat|\n|poke|p2|Heatran, M|\n|poke|p2|Charizard, M|\n|poke|p2|Arcanine, F|\n|poke|p2|Typhlosion, M|\n|teampreview\n|\n|t:|1700516969\n|start\n|switch|p1a: Nihilego|Nihilego|100\/100\n|switch|p2a: Torkoal|Torkoal, M|100\/100\n|-weather|SunnyDay|[from] ability: Drought|[of] p2a: Torkoal\n|turn|1\n|inactive|Battle timer is ON: inactive players will automatically lose when time's up. (requested by gonza956)\n|\n|t:|1700516977\n|move|p2a: Torkoal|Protect|p2a: Torkoal\n|-singleturn|p2a: Torkoal|Protect\n|move|p1a: Nihilego|Meteor Beam||[still]\n|-prepare|p1a: Nihilego|Meteor Beam\n|-boost|p1a: Nihilego|spa|1\n|-enditem|p1a: Nihilego|Power Herb\n|-anim|p1a: Nihilego|Meteor Beam|p2a: Torkoal\n|-activate|p2a: Torkoal|move: Protect\n|\n|-weather|SunnyDay|[upkeep]\n|upkeep\n|turn|2\n|\n|t:|1700516994\n|switch|p2a: Heatran|Heatran, M|100\/100\n|move|p1a: Nihilego|Power Gem|p2a: Heatran\n|-damage|p2a: Heatran|48\/100\n|\n|-weather|SunnyDay|[upkeep]\n|-heal|p2a: Heatran|54\/100|[from] item: Leftovers\n|upkeep\n|turn|3\n|\n|t:|1700517009\n|move|p1a: Nihilego|Power Gem|p2a: Heatran\n|-damage|p2a: Heatran|6\/100\n|move|p2a: Heatran|Earth Power|p1a: Nihilego\n|-supereffective|p1a: Nihilego\n|-damage|p1a: Nihilego|21\/100\n|\n|-weather|SunnyDay|[upkeep]\n|-heal|p2a: Heatran|12\/100|[from] item: Leftovers\n|upkeep\n|turn|4\n|\n|t:|1700517029\n|move|p1a: Nihilego|Power Gem|p2a: Heatran\n|-damage|p2a: Heatran|0 fnt\n|faint|p2a: Heatran\n|-ability|p1a: Nihilego|Beast Boost|boost\n|-boost|p1a: Nihilego|spa|1\n|\n|-weather|SunnyDay|[upkeep]\n|upkeep\n|\n|t:|1700517037\n|switch|p2a: Typhlosion|Typhlosion, M|100\/100\n|turn|5\n|\n|t:|1700517053\n|move|p2a: Typhlosion|Eruption|p1a: Nihilego\n|-resisted|p1a: Nihilego\n|-damage|p1a: Nihilego|0 fnt\n|faint|p1a: Nihilego\n|\n|-weather|SunnyDay|[upkeep]\n|upkeep\n|\n|t:|1700517063\n|switch|p1a: Heatran|Heatran, M|100\/100\n|turn|6\n|\n|t:|1700517081\n|switch|p2a: Arcanine|Arcanine, F|100\/100\n|-ability|p2a: Arcanine|Intimidate|boost\n|-unboost|p1a: Heatran|atk|1\n|move|p1a: Heatran|Earth Power|p2a: Arcanine\n|-supereffective|p2a: Arcanine\n|-damage|p2a: Arcanine|29\/100\n|\n|-weather|SunnyDay|[upkeep]\n|-heal|p2a: Arcanine|35\/100|[from] item: Leftovers\n|upkeep\n|turn|7\n|\n|t:|1700517093\n|move|p1a: Heatran|Earth Power|p2a: Arcanine\n|-supereffective|p2a: Arcanine\n|-damage|p2a: Arcanine|0 fnt\n|faint|p2a: Arcanine\n|\n|-weather|SunnyDay|[upkeep]\n|upkeep\n|\n|t:|1700517104\n|switch|p2a: Charizard|Charizard, M|100\/100\n|turn|8\n|\n|t:|1700517114\n|switch|p1a: Landorus|Landorus-Therian, M|100\/100\n|-ability|p1a: Landorus|Intimidate|boost\n|-unboost|p2a: Charizard|atk|1\n|detailschange|p2a: Charizard|Charizard-Mega-X, M\n|-mega|p2a: Charizard|Charizard|Charizardite X\n|move|p2a: Charizard|Dragon Dance|p2a: Charizard\n|-boost|p2a: Charizard|atk|1\n|-boost|p2a: Charizard|spe|1\n|\n|-weather|none\n|upkeep\n|turn|9\n|\n|t:|1700517127\n|move|p2a: Charizard|Dragon Dance|p2a: Charizard\n|-boost|p2a: Charizard|atk|1\n|-boost|p2a: Charizard|spe|1\n|move|p1a: Landorus|Earthquake|p2a: Charizard\n|-supereffective|p2a: Charizard\n|-crit|p2a: Charizard\n|-damage|p2a: Charizard|0 fnt\n|faint|p2a: Charizard\n|\n|upkeep\n|-message|gonza956 forfeited.\n|\n|win|Aesiro13\n|raw|Aesiro13's rating: 1351 &rarr; <strong>1366<\/strong><br \/>(+15 for winning)\n|raw|gonza956's rating: 1268 &rarr; <strong>1249<\/strong><br \/>(-19 for losing)\n|l|\u2606gonza956\n","uploadtime":1700517201,"views":2,"p1id":"aesiro13","p2id":"gonza956","formatid":"gen9nationaldex","rating":1249,"private":0,"password":""}