{"id":"gen9nationaldex-1998117917","p1":"violetevera","p2":"QUITE FIGHTER","format":"[Gen 9] National Dex","log":"|html|<div class=\"broadcast-blue\"><strong>[Gen 9] National Dex is currently suspecting Sneasler! For information on how to participate check out the <a href=\"https:\/\/www.smogon.com\/forums\/threads\/sv-national-dex-suspect-8-just-dance.3731534\/\">suspect thread<\/a>.<\/strong><\/div>\n|j|\u203dvioletevera\n|j|\u2606QUITE FIGHTER\n|t:|1700894510\n|gametype|singles\n|player|p1|violetevera|dawn|1150\n|player|p2|QUITE FIGHTER|unknown|1062\n|teamsize|p1|6\n|teamsize|p2|6\n|gen|9\n|tier|[Gen 9] National Dex\n|rated|\n|rule|HP Percentage Mod: HP is shown in percentages\n|rule|Endless Battle Clause: Forcing endless battles is banned\n|rule|OHKO Clause: OHKO moves are banned\n|rule|Evasion Clause: Evasion abilities, items, and moves are banned\n|rule|Evasion Abilities Clause: Evasion abilities are banned\n|rule|Evasion Items Clause: Evasion items are banned\n|rule|Evasion Moves Clause: Evasion moves are banned\n|rule|Species Clause: Limit one of each Pok\u00e9mon\n|rule|Sleep Clause Mod: Limit one foe put to sleep\n|clearpoke\n|poke|p1|Landorus-Therian, M|\n|poke|p1|Ampharos, F|\n|poke|p1|Heatran, F|\n|poke|p1|Sylveon, M|\n|poke|p1|Alomomola, M|\n|poke|p1|Ninetales-Alola, F|\n|poke|p2|Scyther, F|\n|poke|p2|Charizard, M|\n|poke|p2|Galvantula, F|\n|poke|p2|Garchomp, F|\n|poke|p2|Cloyster, F|\n|poke|p2|Ursaluna, F|\n|teampreview\n|inactive|Battle timer is ON: inactive players will automatically lose when time's up. (requested by violetevera)\n|\n|t:|1700894537\n|start\n|switch|p1a: Ninetales|Ninetales-Alola, F|100\/100\n|switch|p2a: Galvantula|Galvantula, F|100\/100\n|-weather|Snow|[from] ability: Snow Warning|[of] p1a: Ninetales\n|turn|1\n|\n|t:|1700894545\n|move|p1a: Ninetales|Aurora Veil|p1a: Ninetales\n|-sidestart|p1: violetevera|move: Aurora Veil\n|move|p2a: Galvantula|Sticky Web|p1a: Ninetales\n|-sidestart|p1: violetevera|move: Sticky Web\n|\n|-weather|Snow|[upkeep]\n|upkeep\n|turn|2\n|\n|t:|1700894552\n|move|p1a: Ninetales|Safeguard|p1a: Ninetales\n|-sidestart|p1: violetevera|Safeguard\n|move|p2a: Galvantula|Thunder Wave|p1a: Ninetales\n|-activate|p1a: Ninetales|move: Safeguard\n|\n|-weather|Snow|[upkeep]\n|upkeep\n|turn|3\n|\n|t:|1700894562\n|switch|p1a: Ampharos|Ampharos, F|100\/100\n|-activate|p1a: Ampharos|move: Sticky Web\n|-unboost|p1a: Ampharos|spe|1\n|move|p2a: Galvantula|Thunder|p1a: Ampharos|[miss]\n|-miss|p2a: Galvantula|p1a: Ampharos\n|\n|-weather|Snow|[upkeep]\n|upkeep\n|turn|4\n|\n|t:|1700894572\n|move|p2a: Galvantula|Return|p1a: Ampharos\n|-damage|p1a: Ampharos|91\/100\n|move|p1a: Ampharos|Curse|p1a: Ampharos\n|-unboost|p1a: Ampharos|spe|1\n|-boost|p1a: Ampharos|atk|1\n|-boost|p1a: Ampharos|def|1\n|\n|-weather|Snow|[upkeep]\n|upkeep\n|turn|5\n|\n|t:|1700894586\n|switch|p2a: Ursaluna|Ursaluna, F|100\/100\n|move|p1a: Ampharos|Curse|p1a: Ampharos\n|-unboost|p1a: Ampharos|spe|1\n|-boost|p1a: Ampharos|atk|1\n|-boost|p1a: Ampharos|def|1\n|\n|-weather|none\n|-status|p2a: Ursaluna|brn|[from] item: Flame Orb\n|upkeep\n|turn|6\n|\n|t:|1700894603\n|detailschange|p1a: Ampharos|Ampharos-Mega, F\n|-mega|p1a: Ampharos|Ampharos|Ampharosite\n|-ability|p1a: Ampharos|Mold Breaker\n|move|p2a: Ursaluna|Facade|p1a: Ampharos\n|-damage|p1a: Ampharos|65\/100\n|move|p1a: Ampharos|Outrage|p2a: Ursaluna\n|-damage|p2a: Ursaluna|14\/100 brn\n|\n|-damage|p2a: Ursaluna|8\/100 brn|[from] brn\n|-sideend|p1: violetevera|Safeguard\n|upkeep\n|turn|7\n|\n|t:|1700894612\n|move|p2a: Ursaluna|Earthquake|p1a: Ampharos\n|-supereffective|p1a: Ampharos\n|-damage|p1a: Ampharos|28\/100\n|move|p1a: Ampharos|Outrage|p2a: Ursaluna|[from]lockedmove\n|-damage|p2a: Ursaluna|0 fnt\n|faint|p2a: Ursaluna\n|\n|upkeep\n|\n|t:|1700894621\n|switch|p2a: Garchomp|Garchomp, F|100\/100\n|turn|8\n|\n|t:|1700894642\n|move|p2a: Garchomp|Dragon Claw|p1a: Ampharos\n|-supereffective|p1a: Ampharos\n|-damage|p1a: Ampharos|8\/100\n|move|p1a: Ampharos|Outrage|p2a: Garchomp|[from]lockedmove\n|-supereffective|p2a: Garchomp\n|-damage|p2a: Garchomp|0 fnt\n|-damage|p1a: Ampharos|0 fnt|[from] ability: Rough Skin|[of] p2a: Garchomp\n|faint|p2a: Garchomp\n|faint|p1a: Ampharos\n|\n|-sideend|p1: violetevera|move: Aurora Veil\n|upkeep\n|inactive|violetevera has 120 seconds left.\n|\n|t:|1700894691\n|switch|p2a: Cloyster|Cloyster, F, shiny|100\/100\n|switch|p1a: Sylveon|Sylveon, M|100\/100\n|-activate|p1a: Sylveon|move: Sticky Web\n|-unboost|p1a: Sylveon|spe|1\n|turn|9\n|\n|t:|1700894704\n|-terastallize|p2a: Cloyster|Water\n|move|p2a: Cloyster|Shell Smash|p2a: Cloyster\n|-unboost|p2a: Cloyster|def|1\n|-unboost|p2a: Cloyster|spd|1\n|-boost|p2a: Cloyster|atk|2\n|-boost|p2a: Cloyster|spa|2\n|-boost|p2a: Cloyster|spe|2\n|move|p1a: Sylveon|Hyper Voice|p2a: Cloyster\n|-enditem|p2a: Cloyster|Focus Sash\n|-damage|p2a: Cloyster|1\/100\n|\n|upkeep\n|turn|10\n|\n|t:|1700894718\n|move|p1a: Sylveon|Quick Attack|p2a: Cloyster\n|-damage|p2a: Cloyster|0 fnt\n|faint|p2a: Cloyster\n|\n|upkeep\n|\n|t:|1700894726\n|switch|p2a: Scyther|Scyther, F|100\/100\n|turn|11\n|\n|t:|1700894732\n|switch|p1a: Heatran|Heatran, F|100\/100\n|-activate|p1a: Heatran|move: Sticky Web\n|-unboost|p1a: Heatran|spe|1\n|move|p2a: Scyther|Swords Dance|p2a: Scyther\n|-boost|p2a: Scyther|atk|2\n|\n|upkeep\n|turn|12\n|\n|t:|1700894744\n|switch|p1a: Landorus|Landorus-Therian, M|100\/100\n|-ability|p1a: Landorus|Intimidate|boost\n|-unboost|p2a: Scyther|atk|1\n|move|p2a: Scyther|Aerial Ace|p1a: Landorus\n|-damage|p1a: Landorus|33\/100\n|\n|upkeep\n|turn|13\n|\n|t:|1700894754\n|move|p1a: Landorus|Stone Edge|p2a: Scyther\n|-supereffective|p2a: Scyther\n|-damage|p2a: Scyther|0 fnt\n|faint|p2a: Scyther\n|\n|upkeep\n|\n|t:|1700894759\n|switch|p2a: Charizard|Charizard, M|100\/100\n|turn|14\n|inactive|violetevera has 120 seconds left.\n|\n|t:|1700894766\n|detailschange|p2a: Charizard|Charizard-Mega-X, M\n|-mega|p2a: Charizard|Charizard|Charizardite X\n|move|p1a: Landorus|Stone Edge|p2a: Charizard\n|-supereffective|p2a: Charizard\n|-damage|p2a: Charizard|27\/100\n|move|p2a: Charizard|Dragon Dance|p2a: Charizard\n|-boost|p2a: Charizard|atk|1\n|-boost|p2a: Charizard|spe|1\n|\n|upkeep\n|turn|15\n|inactive|violetevera has 120 seconds left.\n|\n|t:|1700894789\n|move|p2a: Charizard|Dragon Claw|p1a: Landorus\n|-damage|p1a: Landorus|0 fnt\n|faint|p1a: Landorus\n|\n|upkeep\n|\n|t:|1700894811\n|switch|p1a: Alomomola|Alomomola, M|100\/100\n|turn|16\n|\n|t:|1700894817\n|move|p2a: Charizard|Dragon Claw|p1a: Alomomola\n|-damage|p1a: Alomomola|53\/100\n|move|p1a: Alomomola|Toxic|p2a: Charizard\n|-status|p2a: Charizard|tox\n|\n|-damage|p2a: Charizard|21\/100 tox|[from] psn\n|upkeep\n|turn|17\n|\n|t:|1700894831\n|move|p2a: Charizard|Steel Wing|p1a: Alomomola\n|-resisted|p1a: Alomomola\n|-damage|p1a: Alomomola|39\/100\n|move|p1a: Alomomola|Wish|p1a: Alomomola\n|\n|-damage|p2a: Charizard|9\/100 tox|[from] psn\n|upkeep\n|turn|18\n|inactive|violetevera has 120 seconds left.\n|\n|t:|1700894836\n|move|p1a: Alomomola|Protect|p1a: Alomomola\n|-singleturn|p1a: Alomomola|Protect\n|move|p2a: Charizard|Dragon Claw|p1a: Alomomola\n|-activate|p1a: Alomomola|move: Protect\n|\n|-heal|p1a: Alomomola|89\/100|[from] move: Wish|[wisher] Alomomola\n|-damage|p2a: Charizard|0 fnt|[from] psn\n|faint|p2a: Charizard\n|upkeep\n|\n|t:|1700894839\n|switch|p2a: Galvantula|Galvantula, F|100\/100\n|turn|19\n|\n|t:|1700894842\n|move|p2a: Galvantula|Thunder Wave|p1a: Alomomola\n|-status|p1a: Alomomola|par\n|move|p1a: Alomomola|Flip Turn|p2a: Galvantula\n|-damage|p2a: Galvantula|78\/100\n|\n|t:|1700894847\n|switch|p1a: Heatran|Heatran, F|100\/100|[from] Flip Turn\n|-activate|p1a: Heatran|move: Sticky Web\n|-unboost|p1a: Heatran|spe|1\n|\n|upkeep\n|turn|20\n|inactive|QUITE FIGHTER has 120 seconds left.\n|inactiveoff|Battle timer is now OFF.\n|inactive|Battle timer is ON: inactive players will automatically lose when time's up. (requested by violetevera)\n|inactive|QUITE FIGHTER has 90 seconds left.\n|inactive|QUITE FIGHTER has 60 seconds left.\n|inactive|QUITE FIGHTER has 30 seconds left.\n|inactive|QUITE FIGHTER has 20 seconds left.\n|inactive|QUITE FIGHTER has 15 seconds left.\n|inactive|QUITE FIGHTER has 10 seconds left.\n|inactive|QUITE FIGHTER has 5 seconds left.\n|-message|QUITE FIGHTER lost due to inactivity.\n|\n|win|violetevera\n|raw|violetevera's rating: 1150 &rarr; <strong>1169<\/strong><br \/>(+19 for winning)\n|raw|QUITE FIGHTER's rating: 1062 &rarr; <strong>1047<\/strong><br \/>(-15 for losing)\n","uploadtime":1700895057,"views":2,"p1id":"violetevera","p2id":"quitefighter","formatid":"gen9nationaldex","rating":1047,"private":0,"password":""}