{"id":"gen9nationaldex-1991993488","p1":"kim886","p2":"coolmanbestguy123","format":"[Gen 9] National Dex","log":"|j|\u2606kim886\n|j|\u2606coolmanbestguy123\n|t:|1700145946\n|gametype|singles\n|player|p1|kim886|pokekid|1278\n|player|p2|coolmanbestguy123|diantha|1221\n|teamsize|p1|6\n|teamsize|p2|6\n|gen|9\n|tier|[Gen 9] National Dex\n|rated|\n|rule|HP Percentage Mod: HP is shown in percentages\n|rule|Endless Battle Clause: Forcing endless battles is banned\n|rule|OHKO Clause: OHKO moves are banned\n|rule|Evasion Clause: Evasion abilities, items, and moves are banned\n|rule|Evasion Abilities Clause: Evasion abilities are banned\n|rule|Evasion Items Clause: Evasion items are banned\n|rule|Evasion Moves Clause: Evasion moves are banned\n|rule|Species Clause: Limit one of each Pok\u00e9mon\n|rule|Sleep Clause Mod: Limit one foe put to sleep\n|clearpoke\n|poke|p1|Charizard, F|\n|poke|p1|Corviknight, M|\n|poke|p1|Heatran, F|\n|poke|p1|Mimikyu, F|\n|poke|p1|Dragonite, F|\n|poke|p1|Milotic, F|\n|poke|p2|Jirachi|\n|poke|p2|Ninetales-Alola, F|\n|poke|p2|Sneasler, M|\n|poke|p2|Zapdos|\n|poke|p2|Togekiss, F|\n|poke|p2|Lopunny, F|\n|teampreview\n|inactive|Battle timer is ON: inactive players will automatically lose when time's up. (requested by coolmanbestguy123)\n|\n|t:|1700145957\n|start\n|switch|p1a: Heatran|Heatran, F|100\/100\n|switch|p2a: WhiteKurama|Ninetales-Alola, F|100\/100\n|-weather|Snow|[from] ability: Snow Warning|[of] p2a: WhiteKurama\n|turn|1\n|\n|t:|1700145969\n|move|p2a: WhiteKurama|Aurora Veil|p2a: WhiteKurama\n|-sidestart|p2: coolmanbestguy123|move: Aurora Veil\n|move|p1a: Heatran|Magma Storm|p2a: WhiteKurama\n|-supereffective|p2a: WhiteKurama\n|-damage|p2a: WhiteKurama|46\/100\n|-activate|p2a: WhiteKurama|move: Magma Storm|[of] p1a: Heatran\n|\n|-weather|Snow|[upkeep]\n|-damage|p2a: WhiteKurama|34\/100|[from] move: Magma Storm|[partiallytrapped]\n|upkeep\n|turn|2\n|c|\u2606kim886|\u54c8\u54c8\n|c|\u2606kim886|you have A good name\n|\n|t:|1700145982\n|move|p2a: WhiteKurama|Safeguard|p2a: WhiteKurama\n|-sidestart|p2: coolmanbestguy123|Safeguard\n|move|p1a: Heatran|Magma Storm|p2a: WhiteKurama\n|-supereffective|p2a: WhiteKurama\n|-damage|p2a: WhiteKurama|0 fnt\n|faint|p2a: WhiteKurama\n|\n|-weather|Snow|[upkeep]\n|upkeep\n|\n|t:|1700145991\n|switch|p2a: Lola|Lopunny, F|100\/100\n|turn|3\n|c|\u2606coolmanbestguy123|thanks\n|\n|t:|1700146005\n|detailschange|p2a: Lola|Lopunny-Mega, F\n|-mega|p2a: Lola|Lopunny|Lopunnite\n|move|p2a: Lola|Fake Out|p1a: Heatran\n|-resisted|p1a: Heatran\n|-damage|p1a: Heatran|90\/100\n|cant|p1a: Heatran|flinch\n|\n|-weather|Snow|[upkeep]\n|upkeep\n|turn|4\n|c|\u2606kim886|where are you from\n|\n|t:|1700146018\n|move|p2a: Lola|Close Combat|p1a: Heatran\n|-supereffective|p1a: Heatran\n|-damage|p1a: Heatran|0 fnt\n|-unboost|p2a: Lola|def|1\n|-unboost|p2a: Lola|spd|1\n|faint|p1a: Heatran\n|\n|-weather|Snow|[upkeep]\n|upkeep\n|c|\u2606coolmanbestguy123|the us\n|\n|t:|1700146032\n|switch|p1a: Mimikyu|Mimikyu, F|100\/100\n|turn|5\n|c|\u2606kim886|OK i'm come from China\n|\n|t:|1700146042\n|move|p2a: Lola|U-turn|p1a: Mimikyu\n|-activate|p1a: Mimikyu|ability: Disguise\n|-damage|p1a: Mimikyu|100\/100\n|detailschange|p1a: Mimikyu|Mimikyu-Busted, F\n|-damage|p1a: Mimikyu|88\/100|[from] pokemon: Mimikyu-Busted\n|\n|t:|1700146051\n|switch|p2a: Pain|Togekiss, F|100\/100|[from] U-turn\n|move|p1a: Mimikyu|Swords Dance|p1a: Mimikyu\n|-boost|p1a: Mimikyu|atk|2\n|\n|-weather|none\n|upkeep\n|turn|6\n|c|\u2606coolmanbestguy123|cool\n|c|\u2606kim886|my english is not very good\n|\n|t:|1700146067\n|move|p1a: Mimikyu|Play Rough|p2a: Pain\n|-damage|p2a: Pain|71\/100\n|move|p2a: Pain|Thunder Wave|p1a: Mimikyu\n|-status|p1a: Mimikyu|par\n|\n|-heal|p2a: Pain|77\/100|[from] item: Leftovers\n|-sideend|p2: coolmanbestguy123|Safeguard\n|upkeep\n|turn|7\n|\n|t:|1700146082\n|move|p2a: Pain|Ancient Power|p1a: Mimikyu\n|-damage|p1a: Mimikyu|62\/100 par\n|-boost|p2a: Pain|atk|1\n|-boost|p2a: Pain|def|1\n|-boost|p2a: Pain|spa|1\n|-boost|p2a: Pain|spd|1\n|-boost|p2a: Pain|spe|1\n|cant|p1a: Mimikyu|par\n|\n|-heal|p2a: Pain|83\/100|[from] item: Leftovers\n|upkeep\n|turn|8\n|c|\u2606kim886|you are so lucky\n|inactive|kim886 has 120 seconds left.\n|c|\u2606coolmanbestguy123|indeed i am :)\n|\n|t:|1700146112\n|move|p2a: Pain|Ancient Power|p1a: Mimikyu\n|-damage|p1a: Mimikyu|19\/100 par\n|-zpower|p1a: Mimikyu\n|move|p1a: Mimikyu|Let's Snuggle Forever|p2a: Pain|[zeffect]\n|-damage|p2a: Pain|39\/100\n|\n|-heal|p2a: Pain|45\/100|[from] item: Leftovers\n|-sideend|p2: coolmanbestguy123|move: Aurora Veil\n|upkeep\n|turn|9\n|inactive|kim886 has 120 seconds left.\n|\n|t:|1700146125\n|move|p1a: Mimikyu|Shadow Sneak|p2a: Pain\n|-damage|p2a: Pain|27\/100\n|move|p2a: Pain|Ancient Power|p1a: Mimikyu\n|-damage|p1a: Mimikyu|0 fnt\n|faint|p1a: Mimikyu\n|\n|-heal|p2a: Pain|33\/100|[from] item: Leftovers\n|upkeep\n|inactive|kim886 has 120 seconds left.\n|\n|t:|1700146133\n|switch|p1a: Milotic|Milotic, F, shiny|100\/100\n|turn|10\n|inactive|kim886 has 120 seconds left.\n|\n|t:|1700146149\n|move|p2a: Pain|Thunder Wave|p1a: Milotic\n|-status|p1a: Milotic|par\n|move|p1a: Milotic|Haze|p1a: Milotic\n|-clearallboost\n|\n|-heal|p2a: Pain|39\/100|[from] item: Leftovers\n|upkeep\n|turn|11\n|inactive|kim886 has 120 seconds left.\n|c|\u2606coolmanbestguy123|aww\n|c|\u2606kim886|I thought American  people don't like chinese before\n|\n|t:|1700146170\n|move|p2a: Pain|Air Slash|p1a: Milotic\n|-damage|p1a: Milotic|67\/100 par\n|cant|p1a: Milotic|flinch\n|\n|-heal|p2a: Pain|45\/100|[from] item: Leftovers\n|upkeep\n|turn|12\n|\n|t:|1700146178\n|move|p2a: Pain|Air Slash|p1a: Milotic\n|-damage|p1a: Milotic|38\/100 par\n|cant|p1a: Milotic|flinch\n|\n|-heal|p2a: Pain|52\/100|[from] item: Leftovers\n|upkeep\n|turn|13\n|c|\u2606coolmanbestguy123|thats just some of them\n|c|\u2606kim886|\uff1f\uff1f\uff1f\n|\n|t:|1700146191\n|move|p2a: Pain|Air Slash|p1a: Milotic\n|-damage|p1a: Milotic|5\/100 par\n|move|p1a: Milotic|Ice Beam|p2a: Pain\n|-supereffective|p2a: Pain\n|-damage|p2a: Pain|20\/100\n|\n|-heal|p2a: Pain|26\/100|[from] item: Leftovers\n|upkeep\n|turn|14\n|c|\u2606kim886|oh my god\n|c|\u2606coolmanbestguy123|serene grace\n|\n|t:|1700146205\n|move|p2a: Pain|Air Slash|p1a: Milotic\n|-damage|p1a: Milotic|0 fnt\n|faint|p1a: Milotic\n|\n|-heal|p2a: Pain|32\/100|[from] item: Leftovers\n|upkeep\n|\n|t:|1700146212\n|switch|p1a: Dragonite|Dragonite, F|100\/100\n|turn|15\n|\n|t:|1700146217\n|-terastallize|p1a: Dragonite|Normal\n|move|p2a: Pain|Thunder Wave|p1a: Dragonite\n|-status|p1a: Dragonite|par\n|move|p1a: Dragonite|Dragon Dance|p1a: Dragonite\n|-boost|p1a: Dragonite|atk|1\n|-boost|p1a: Dragonite|spe|1\n|\n|-heal|p2a: Pain|38\/100|[from] item: Leftovers\n|upkeep\n|turn|16\n|inactive|kim886 has 120 seconds left.\n|\n|t:|1700146229\n|move|p1a: Dragonite|Extreme Speed|p2a: Pain\n|-damage|p2a: Pain|0 fnt\n|faint|p2a: Pain\n|-damage|p1a: Dragonite|91\/100 par|[from] item: Life Orb\n|\n|upkeep\n|c|\u2606coolmanbestguy123|rip\n|\n|t:|1700146238\n|switch|p2a: Lola|Lopunny-Mega, F|100\/100\n|turn|17\n|\n|t:|1700146253\n|move|p2a: Lola|Fake Out|p1a: Dragonite\n|-damage|p1a: Dragonite|66\/100 par\n|cant|p1a: Dragonite|flinch\n|\n|upkeep\n|turn|18\n|c|\u2606kim886|I don't know you speak just now\n|inactive|kim886 has 120 seconds left.\n|c|\u2606kim886|I can't understand what about you say just now\n|c|\u2606coolmanbestguy123|oh my bad\n|\n|t:|1700146288\n|move|p1a: Dragonite|Extreme Speed|p2a: Lola\n|-damage|p2a: Lola|0 fnt\n|faint|p2a: Lola\n|-damage|p1a: Dragonite|57\/100 par|[from] item: Life Orb\n|\n|upkeep\n|c|\u2606coolmanbestguy123|i said rip as in\n|c|\u2606coolmanbestguy123|my pokemon fainting\n|c|\u2606kim886|even use some UP to translate\n|\n|t:|1700146300\n|switch|p2a: Sneasler|Sneasler, M|100\/100\n|turn|19\n|\n|t:|1700146317\n|move|p2a: Sneasler|Fake Out|p1a: Dragonite\n|-damage|p1a: Dragonite|43\/100 par\n|cant|p1a: Dragonite|flinch\n|\n|upkeep\n|turn|20\n|\n|t:|1700146327\n|move|p1a: Dragonite|Extreme Speed|p2a: Sneasler\n|-crit|p2a: Sneasler\n|-damage|p2a: Sneasler|0 fnt\n|faint|p2a: Sneasler\n|-damage|p1a: Dragonite|33\/100 par|[from] item: Life Orb\n|\n|upkeep\n|c|\u2606kim886|\u54c8\u54c8\n|\n|t:|1700146336\n|switch|p2a: Zappy|Zapdos|100\/100\n|turn|21\n|c|\u2606kim886|\u6211\u600e\u4e48\u611f\u89c9\u4f60\u6253\u4e0d\u8fc7\u6211\u5462\n|\n|t:|1700146346\n|move|p1a: Dragonite|Extreme Speed|p2a: Zappy\n|-damage|p2a: Zappy|24\/100\n|-damage|p1a: Dragonite|23\/100 par|[from] item: Life Orb\n|move|p2a: Zappy|Volt Switch|p1a: Dragonite\n|-damage|p1a: Dragonite|0 fnt\n|faint|p1a: Dragonite\n|\n|t:|1700146352\n|switch|p2a: Idle Death Gamble|Jirachi|100\/100|[from] Volt Switch\n|\n|upkeep\n|\n|t:|1700146357\n|switch|p1a: Charizard|Charizard, F|100\/100\n|turn|22\n|inactive|kim886 has 120 seconds left.\n|c|\u2606kim886|said I thought I will win\n|\n|t:|1700146401\n|detailschange|p1a: Charizard|Charizard-Mega-Y, F\n|-mega|p1a: Charizard|Charizard|Charizardite Y\n|-weather|SunnyDay|[from] ability: Drought|[of] p1a: Charizard\n|-terastallize|p2a: Idle Death Gamble|Water\n|move|p1a: Charizard|Flamethrower|p2a: Idle Death Gamble\n|-resisted|p2a: Idle Death Gamble\n|-damage|p2a: Idle Death Gamble|66\/100\n|move|p2a: Idle Death Gamble|Body Slam|p1a: Charizard\n|-damage|p1a: Charizard|64\/100\n|\n|-weather|SunnyDay|[upkeep]\n|-heal|p2a: Idle Death Gamble|72\/100|[from] item: Leftovers\n|upkeep\n|turn|23\n|c|\u2606kim886|great\n|inactive|kim886 has 90 seconds left.\n|\n|t:|1700146417\n|switch|p2a: Zappy|Zapdos|24\/100\n|move|p1a: Charizard|Solar Beam||[still]\n|-prepare|p1a: Charizard|Solar Beam\n|-anim|p1a: Charizard|Solar Beam|p2a: Zappy\n|-resisted|p2a: Zappy\n|-damage|p2a: Zappy|0 fnt\n|faint|p2a: Zappy\n|\n|-weather|SunnyDay|[upkeep]\n|upkeep\n|c|\u2606coolmanbestguy123|aww\n|c|\u2606coolmanbestguy123|i lose\n|\n|t:|1700146429\n|switch|p2a: Idle Death Gamble|Jirachi, tera:Water|72\/100\n|turn|24\n|c|\u2606coolmanbestguy123|good game\n|c|\u2606kim886|maybe\n|\n|t:|1700146444\n|move|p1a: Charizard|Solar Beam||[still]\n|-prepare|p1a: Charizard|Solar Beam\n|-anim|p1a: Charizard|Solar Beam|p2a: Idle Death Gamble\n|-supereffective|p2a: Idle Death Gamble\n|-damage|p2a: Idle Death Gamble|0 fnt\n|faint|p2a: Idle Death Gamble\n|\n|win|kim886\n|raw|kim886's rating: 1278 &rarr; <strong>1299<\/strong><br \/>(+21 for winning)\n|raw|coolmanbestguy123's rating: 1221 &rarr; <strong>1200<\/strong><br \/>(-21 for losing)\n|l|\u2606kim886\n","uploadtime":1700146455,"views":4,"p1id":"kim886","p2id":"coolmanbestguy123","formatid":"gen9nationaldex","rating":1200,"private":0,"password":""}