{"id":"gen9nationaldex-1996275948","p1":"just watch jojo","p2":"Mollymiltoast","format":"[Gen 9] National Dex","log":"|html|<div class=\"broadcast-blue\"><strong>[Gen 9] National Dex is currently suspecting Sneasler! For information on how to participate check out the <a href=\"https:\/\/www.smogon.com\/forums\/threads\/sv-national-dex-suspect-8-just-dance.3731534\/\">suspect thread<\/a>.<\/strong><\/div>\n|j|\u2606just watch jojo\n|j|\u2606Mollymiltoast\n|t:|1700666597\n|gametype|singles\n|player|p1|just watch jojo|169|1753\n|player|p2|Mollymiltoast|cyclist|1797\n|teamsize|p1|6\n|teamsize|p2|6\n|gen|9\n|tier|[Gen 9] National Dex\n|rated|\n|rule|HP Percentage Mod: HP is shown in percentages\n|rule|Endless Battle Clause: Forcing endless battles is banned\n|rule|OHKO Clause: OHKO moves are banned\n|rule|Evasion Clause: Evasion abilities, items, and moves are banned\n|rule|Evasion Abilities Clause: Evasion abilities are banned\n|rule|Evasion Items Clause: Evasion items are banned\n|rule|Evasion Moves Clause: Evasion moves are banned\n|rule|Species Clause: Limit one of each Pok\u00e9mon\n|rule|Sleep Clause Mod: Limit one foe put to sleep\n|clearpoke\n|poke|p1|Tapu Lele|\n|poke|p1|Zapdos-Galar|\n|poke|p1|Toxapex, F|\n|poke|p1|Diancie|\n|poke|p1|Landorus-Therian, M|\n|poke|p1|Blaziken, F|\n|poke|p2|Vanilluxe, F|\n|poke|p2|Landorus-Therian, M|\n|poke|p2|Blacephalon|\n|poke|p2|Diancie|\n|poke|p2|Ferrothorn, M|\n|poke|p2|Urshifu-*, M|\n|teampreview\n|inactive|Battle timer is ON: inactive players will automatically lose when time's up. (requested by Mollymiltoast)\n|\n|t:|1700666629\n|start\n|switch|p1a: Diancie|Diancie|100\/100\n|switch|p2a: Urshifu|Urshifu-Rapid-Strike, M|100\/100\n|turn|1\n|\n|t:|1700666640\n|switch|p1a: Toxapex|Toxapex, F|100\/100\n|move|p2a: Urshifu|Thunder Punch|p1a: Toxapex\n|-supereffective|p1a: Toxapex\n|-damage|p1a: Toxapex|64\/100\n|-status|p1a: Toxapex|par\n|-enditem|p1a: Toxapex|Eject Button\n|\n|t:|1700666656\n|switch|p1a: Zapdos|Zapdos-Galar|100\/100\n|\n|upkeep\n|turn|2\n|\n|t:|1700666663\n|switch|p2a: Diancie|Diancie|100\/100\n|move|p1a: Zapdos|Brave Bird|p2a: Diancie\n|-resisted|p2a: Diancie\n|-damage|p2a: Diancie|68\/100\n|-damage|p1a: Zapdos|92\/100|[from] Recoil\n|\n|upkeep\n|turn|3\n|\n|t:|1700666683\n|switch|p1a: Toxapex|Toxapex, F|97\/100 par\n|detailschange|p2a: Diancie|Diancie-Mega\n|-mega|p2a: Diancie|Diancie|Diancite\n|move|p2a: Diancie|Earth Power|p1a: Toxapex\n|-supereffective|p1a: Toxapex\n|-damage|p1a: Toxapex|43\/100 par\n|\n|upkeep\n|turn|4\n|\n|t:|1700666696\n|move|p2a: Diancie|Moonblast|p1a: Toxapex\n|-resisted|p1a: Toxapex\n|-damage|p1a: Toxapex|22\/100 par\n|move|p1a: Toxapex|Scald|p2a: Diancie\n|-supereffective|p2a: Diancie\n|-damage|p2a: Diancie|22\/100\n|\n|upkeep\n|turn|5\n|\n|t:|1700666710\n|switch|p1a: Blaziken|Blaziken, F|100\/100\n|move|p2a: Diancie|Moonblast|p1a: Blaziken\n|-damage|p1a: Blaziken|10\/100\n|\n|upkeep\n|turn|6\n|\n|t:|1700666716\n|move|p1a: Blaziken|Protect|p1a: Blaziken\n|-singleturn|p1a: Blaziken|Protect\n|move|p2a: Diancie|Moonblast|p1a: Blaziken\n|-activate|p1a: Blaziken|move: Protect\n|\n|-ability|p1a: Blaziken|Speed Boost|boost\n|-boost|p1a: Blaziken|spe|1\n|upkeep\n|turn|7\n|\n|t:|1700666728\n|switch|p2a: Landorus|Landorus-Therian, M|100\/100\n|-ability|p2a: Landorus|Intimidate|boost\n|-unboost|p1a: Blaziken|atk|1\n|-zpower|p1a: Blaziken\n|move|p1a: Blaziken|Inferno Overdrive|p2a: Landorus|[zeffect]\n|-damage|p2a: Landorus|51\/100\n|\n|-ability|p1a: Blaziken|Speed Boost|boost\n|-boost|p1a: Blaziken|spe|1\n|upkeep\n|turn|8\n|\n|t:|1700666738\n|move|p1a: Blaziken|Flare Blitz|p2a: Landorus\n|-damage|p2a: Landorus|19\/100\n|-damage|p1a: Blaziken|0 fnt|[from] item: Rocky Helmet|[of] p2a: Landorus\n|faint|p1a: Blaziken\n|move|p2a: Landorus|Stealth Rock|p1: Blaziken\n|-sidestart|p1: just watch jojo|move: Stealth Rock\n|\n|upkeep\n|inactive|just watch jojo has 120 seconds left.\n|\n|t:|1700666760\n|switch|p1a: Landorus|Landorus-Therian, M|100\/100\n|-damage|p1a: Landorus|88\/100|[from] Stealth Rock\n|-ability|p1a: Landorus|Intimidate|boost\n|-unboost|p2a: Landorus|atk|1\n|turn|9\n|\n|t:|1700666763\n|switch|p2a: Urshifu|Urshifu-Rapid-Strike, M|100\/100\n|move|p1a: Landorus|Defog|p2a: Urshifu\n|-unboost|p2a: Urshifu|evasion|1\n|-sideend|p1: just watch jojo|Stealth Rock|[from] move: Defog|[of] p1a: Landorus\n|\n|upkeep\n|turn|10\n|\n|t:|1700666775\n|switch|p1a: Toxapex|Toxapex, F|56\/100 par\n|move|p2a: Urshifu|Surging Strikes|p1a: Toxapex\n|-resisted|p1a: Toxapex\n|-crit|p1a: Toxapex\n|-damage|p1a: Toxapex|48\/100 par\n|-resisted|p1a: Toxapex\n|-crit|p1a: Toxapex\n|-damage|p1a: Toxapex|40\/100 par\n|-resisted|p1a: Toxapex\n|-crit|p1a: Toxapex\n|-damage|p1a: Toxapex|33\/100 par\n|-hitcount|p1a: Toxapex|3\n|\n|upkeep\n|turn|11\n|\n|t:|1700666782\n|switch|p1a: Zapdos|Zapdos-Galar|92\/100\n|move|p2a: Urshifu|Thunder Punch|p1a: Zapdos\n|-supereffective|p1a: Zapdos\n|-damage|p1a: Zapdos|29\/100\n|\n|upkeep\n|turn|12\n|\n|t:|1700666794\n|switch|p2a: Landorus|Landorus-Therian, M|19\/100\n|-ability|p2a: Landorus|Intimidate|boost\n|-unboost|p1a: Zapdos|atk|1\n|-ability|p1a: Zapdos|Defiant|boost\n|-boost|p1a: Zapdos|atk|2\n|move|p1a: Zapdos|Thunderous Kick|p2a: Landorus\n|-resisted|p2a: Landorus\n|-damage|p2a: Landorus|0 fnt\n|faint|p2a: Landorus\n|\n|upkeep\n|\n|t:|1700666797\n|switch|p2a: Blacephalon|Blacephalon|100\/100\n|turn|13\n|\n|t:|1700666805\n|switch|p1a: Diancie|Diancie|100\/100\n|move|p2a: Blacephalon|Shadow Ball|p1a: Diancie\n|-damage|p1a: Diancie|57\/100\n|\n|upkeep\n|turn|14\n|j| Floppy_Bananas\n|\n|t:|1700666820\n|switch|p2a: Ferrothorn|Ferrothorn, M|100\/100\n|move|p1a: Diancie|Mystical Fire|p2a: Ferrothorn\n|-supereffective|p2a: Ferrothorn\n|-damage|p2a: Ferrothorn|48\/100\n|-unboost|p2a: Ferrothorn|spa|1\n|\n|-heal|p2a: Ferrothorn|54\/100|[from] item: Leftovers\n|upkeep\n|turn|15\n|j| Bear233\n|\n|t:|1700666842\n|detailschange|p1a: Diancie|Diancie-Mega\n|-mega|p1a: Diancie|Diancie|Diancite\n|-terastallize|p2a: Ferrothorn|Grass\n|move|p1a: Diancie|Mystical Fire|p2a: Ferrothorn\n|-supereffective|p2a: Ferrothorn\n|-damage|p2a: Ferrothorn|17\/100\n|-unboost|p2a: Ferrothorn|spa|1\n|move|p2a: Ferrothorn|Body Press|p1a: Diancie\n|-damage|p1a: Diancie|26\/100\n|\n|-heal|p2a: Ferrothorn|23\/100|[from] item: Leftovers\n|upkeep\n|turn|16\n|\n|t:|1700666856\n|move|p1a: Diancie|Mystical Fire|p2a: Ferrothorn\n|-supereffective|p2a: Ferrothorn\n|-damage|p2a: Ferrothorn|0 fnt\n|faint|p2a: Ferrothorn\n|\n|upkeep\n|\n|t:|1700666859\n|switch|p2a: Blacephalon|Blacephalon|100\/100\n|turn|17\n|\n|t:|1700666869\n|switch|p1a: Zapdos|Zapdos-Galar|29\/100\n|move|p2a: Blacephalon|Shadow Ball|p1a: Zapdos\n|-damage|p1a: Zapdos|0 fnt\n|faint|p1a: Zapdos\n|-ability|p2a: Blacephalon|Beast Boost|boost\n|-boost|p2a: Blacephalon|spa|1\n|\n|upkeep\n|\n|t:|1700666877\n|switch|p1a: Landorus|Landorus-Therian, M|88\/100\n|-ability|p1a: Landorus|Intimidate|boost\n|-unboost|p2a: Blacephalon|atk|1\n|turn|18\n|\n|t:|1700666881\n|switch|p2a: Diancie|Diancie-Mega|22\/100\n|move|p1a: Landorus|Earthquake|p2a: Diancie\n|-supereffective|p2a: Diancie\n|-damage|p2a: Diancie|0 fnt\n|faint|p2a: Diancie\n|\n|upkeep\n|\n|t:|1700666883\n|switch|p2a: Urshifu|Urshifu-Rapid-Strike, M|100\/100\n|turn|19\n|inactive|just watch jojo has 120 seconds left.\n|\n|t:|1700666927\n|switch|p1a: Toxapex|Toxapex, F|66\/100 par\n|move|p2a: Urshifu|Surging Strikes|p1a: Toxapex\n|-resisted|p1a: Toxapex\n|-crit|p1a: Toxapex\n|-damage|p1a: Toxapex|59\/100 par\n|-resisted|p1a: Toxapex\n|-crit|p1a: Toxapex\n|-damage|p1a: Toxapex|52\/100 par\n|-resisted|p1a: Toxapex\n|-crit|p1a: Toxapex\n|-damage|p1a: Toxapex|45\/100 par\n|-hitcount|p1a: Toxapex|3\n|\n|upkeep\n|turn|20\n|\n|t:|1700666935\n|switch|p1a: Tapu Lele|Tapu Lele|100\/100\n|-fieldstart|move: Psychic Terrain|[from] ability: Psychic Surge|[of] p1a: Tapu Lele\n|-zpower|p2a: Urshifu\n|move|p2a: Urshifu|Gigavolt Havoc|p1a: Tapu Lele|[zeffect]\n|-damage|p1a: Tapu Lele|30\/100\n|\n|upkeep\n|turn|21\n|inactive|just watch jojo has 120 seconds left.\n|\n|t:|1700666948\n|move|p1a: Tapu Lele|Psychic|p2a: Urshifu\n|-supereffective|p2a: Urshifu\n|-damage|p2a: Urshifu|0 fnt\n|faint|p2a: Urshifu\n|\n|upkeep\n|\n|t:|1700666951\n|switch|p2a: Blacephalon|Blacephalon|100\/100\n|turn|22\n|inactive|just watch jojo has 120 seconds left.\n|\n|t:|1700666987\n|move|p2a: Blacephalon|Shadow Ball|p1a: Tapu Lele\n|-supereffective|p1a: Tapu Lele\n|-damage|p1a: Tapu Lele|0 fnt\n|faint|p1a: Tapu Lele\n|-ability|p2a: Blacephalon|Beast Boost|boost\n|-boost|p2a: Blacephalon|spa|1\n|\n|upkeep\n|\n|t:|1700666989\n|switch|p1a: Landorus|Landorus-Therian, M|88\/100\n|-ability|p1a: Landorus|Intimidate|boost\n|-unboost|p2a: Blacephalon|atk|1\n|turn|23\n|\n|t:|1700666997\n|switch|p2a: Vanilluxe|Vanilluxe, F|100\/100\n|-weather|Snow|[from] ability: Snow Warning|[of] p2a: Vanilluxe\n|move|p1a: Landorus|Earthquake|p2a: Vanilluxe\n|-damage|p2a: Vanilluxe|56\/100\n|\n|-weather|Snow|[upkeep]\n|upkeep\n|turn|24\n|\n|t:|1700667003\n|switch|p1a: Toxapex|Toxapex, F|78\/100 par\n|move|p2a: Vanilluxe|Freeze-Dry|p1a: Toxapex\n|-supereffective|p1a: Toxapex\n|-damage|p1a: Toxapex|2\/100 par\n|\n|-weather|Snow|[upkeep]\n|-fieldend|move: Psychic Terrain\n|upkeep\n|turn|25\n|inactive|just watch jojo has 120 seconds left.\n|\n|t:|1700667010\n|move|p2a: Vanilluxe|Freeze-Dry|p1a: Toxapex\n|-supereffective|p1a: Toxapex\n|-damage|p1a: Toxapex|0 fnt\n|faint|p1a: Toxapex\n|\n|-weather|Snow|[upkeep]\n|upkeep\n|\n|t:|1700667013\n|switch|p1a: Diancie|Diancie-Mega|26\/100\n|turn|26\n|\n|t:|1700667026\n|move|p1a: Diancie|Mystical Fire|p2a: Vanilluxe\n|-supereffective|p2a: Vanilluxe\n|-damage|p2a: Vanilluxe|0 fnt\n|faint|p2a: Vanilluxe\n|\n|-weather|Snow|[upkeep]\n|upkeep\n|\n|t:|1700667028\n|switch|p2a: Blacephalon|Blacephalon|100\/100\n|turn|27\n|\n|t:|1700667038\n|move|p1a: Diancie|Protect|p1a: Diancie\n|-singleturn|p1a: Diancie|Protect\n|move|p2a: Blacephalon|Flamethrower|p1a: Diancie\n|-activate|p1a: Diancie|move: Protect\n|\n|-weather|none\n|upkeep\n|turn|28\n|\n|t:|1700667045\n|move|p2a: Blacephalon|Flamethrower|p1a: Diancie\n|-resisted|p1a: Diancie\n|-damage|p1a: Diancie|0 fnt\n|faint|p1a: Diancie\n|-ability|p2a: Blacephalon|Beast Boost|boost\n|-boost|p2a: Blacephalon|spa|1\n|\n|upkeep\n|\n|t:|1700667046\n|switch|p1a: Landorus|Landorus-Therian, M|88\/100\n|-ability|p1a: Landorus|Intimidate|boost\n|-unboost|p2a: Blacephalon|atk|1\n|turn|29\n|\n|t:|1700667049\n|-terastallize|p1a: Landorus|Water\n|move|p2a: Blacephalon|Flamethrower|p1a: Landorus\n|-resisted|p1a: Landorus\n|-damage|p1a: Landorus|43\/100\n|move|p1a: Landorus|Earthquake|p2a: Blacephalon\n|-supereffective|p2a: Blacephalon\n|-damage|p2a: Blacephalon|0 fnt\n|faint|p2a: Blacephalon\n|\n|win|just watch jojo\n|raw|just watch jojo's rating: 1753 &rarr; <strong>1776<\/strong><br \/>(+23 for winning)\n|raw|Mollymiltoast's rating: 1797 &rarr; <strong>1774<\/strong><br \/>(-23 for losing)\n|c|\u2606Mollymiltoast|Gg\n|c|\u2606just watch jojo|gg\n","uploadtime":1700667067,"views":0,"p1id":"justwatchjojo","p2id":"mollymiltoast","formatid":"gen9nationaldex","rating":1774,"private":0,"password":""}