{"id":"gen9nationaldex-1999086716","p1":"King Tarleo","p2":"Joemiga","format":"[Gen 9] National Dex","log":"|html|<div class=\"broadcast-blue\"><strong>[Gen 9] National Dex is currently suspecting Sneasler! For information on how to participate check out the <a href=\"https:\/\/www.smogon.com\/forums\/threads\/sv-national-dex-suspect-8-just-dance.3731534\/\">suspect thread<\/a>.<\/strong><\/div>\n|j|\u2606King Tarleo\n|j|\u2606Joemiga\n|t:|1701031712\n|gametype|singles\n|player|p1|King Tarleo|psychic|1436\n|player|p2|Joemiga|n|1355\n|teamsize|p1|6\n|teamsize|p2|6\n|gen|9\n|tier|[Gen 9] National Dex\n|rated|\n|rule|HP Percentage Mod: HP is shown in percentages\n|rule|Endless Battle Clause: Forcing endless battles is banned\n|rule|OHKO Clause: OHKO moves are banned\n|rule|Evasion Clause: Evasion abilities, items, and moves are banned\n|rule|Evasion Abilities Clause: Evasion abilities are banned\n|rule|Evasion Items Clause: Evasion items are banned\n|rule|Evasion Moves Clause: Evasion moves are banned\n|rule|Species Clause: Limit one of each Pok\u00e9mon\n|rule|Sleep Clause Mod: Limit one foe put to sleep\n|clearpoke\n|poke|p1|Slowking-Galar, M|\n|poke|p1|Enamorus, F|\n|poke|p1|Lilligant-Hisui, F|\n|poke|p1|Scizor, M|\n|poke|p1|Garchomp, F|\n|poke|p1|Ninetales-Alola, F|\n|poke|p2|Iron Hands|\n|poke|p2|Garchomp, M|\n|poke|p2|Iron Valiant|\n|poke|p2|Tapu Koko|\n|poke|p2|Sneasler, M|\n|poke|p2|Greninja-*, M|\n|teampreview\n|inactive|Battle timer is ON: inactive players will automatically lose when time's up. (requested by King Tarleo)\n|\n|t:|1701031728\n|start\n|switch|p1a: Slowking|Slowking-Galar, M, shiny|100\/100\n|switch|p2a: Greninja|Greninja, M|100\/100\n|turn|1\n|\n|t:|1701031733\n|move|p2a: Greninja|Dark Pulse|p1a: Slowking\n|-supereffective|p1a: Slowking\n|-damage|p1a: Slowking|27\/100\n|-damage|p2a: Greninja|91\/100|[from] item: Life Orb\n|cant|p1a: Slowking|flinch\n|\n|-heal|p1a: Slowking|33\/100|[from] item: Leftovers\n|upkeep\n|turn|2\n|\n|t:|1701031744\n|switch|p1a: Shirayuki|Ninetales-Alola, F|100\/100\n|-weather|Snow|[from] ability: Snow Warning|[of] p1a: Shirayuki\n|move|p2a: Greninja|Dark Pulse|p1a: Shirayuki\n|-resisted|p1a: Shirayuki\n|-damage|p1a: Shirayuki|75\/100\n|-damage|p2a: Greninja|81\/100|[from] item: Life Orb\n|\n|-weather|Snow|[upkeep]\n|upkeep\n|turn|3\n|\n|t:|1701031752\n|move|p2a: Greninja|U-turn|p1a: Shirayuki\n|-resisted|p1a: Shirayuki\n|-damage|p1a: Shirayuki|66\/100\n|-damage|p2a: Greninja|71\/100|[from] item: Life Orb\n|\n|t:|1701031757\n|switch|p2a: Tapu Koko|Tapu Koko|100\/100|[from] U-turn\n|-fieldstart|move: Electric Terrain|[from] ability: Electric Surge|[of] p2a: Tapu Koko\n|move|p1a: Shirayuki|Aurora Veil|p1a: Shirayuki\n|-sidestart|p1: King Tarleo|move: Aurora Veil\n|\n|-weather|Snow|[upkeep]\n|upkeep\n|turn|4\n|\n|t:|1701031762\n|switch|p1a: Slowking|Slowking-Galar, M, shiny|66\/100\n|move|p2a: Tapu Koko|Thunderbolt|p1a: Slowking\n|-damage|p1a: Slowking|48\/100\n|\n|-weather|Snow|[upkeep]\n|-heal|p1a: Slowking|54\/100|[from] item: Leftovers\n|upkeep\n|turn|5\n|\n|t:|1701031771\n|move|p2a: Tapu Koko|U-turn|p1a: Slowking\n|-damage|p1a: Slowking|46\/100\n|\n|t:|1701031775\n|switch|p2a: Greninja|Greninja, M|71\/100|[from] U-turn\n|move|p1a: Slowking|Sludge Bomb|p2a: Greninja\n|-damage|p2a: Greninja|7\/100\n|-status|p2a: Greninja|psn\n|\n|-weather|Snow|[upkeep]\n|-heal|p1a: Slowking|52\/100|[from] item: Leftovers\n|-damage|p2a: Greninja|0 fnt|[from] psn\n|faint|p2a: Greninja\n|upkeep\n|\n|t:|1701031783\n|switch|p2a: Garchomp|Garchomp, M|100\/100\n|turn|6\n|\n|t:|1701031794\n|switch|p1a: Lilligant|Lilligant-Hisui, F|100\/100\n|move|p2a: Garchomp|Spikes|p1a: Lilligant\n|-sidestart|p1: King Tarleo|Spikes\n|\n|-weather|none\n|upkeep\n|turn|7\n|\n|t:|1701031802\n|move|p1a: Lilligant|Victory Dance|p1a: Lilligant\n|-boost|p1a: Lilligant|atk|1\n|-boost|p1a: Lilligant|def|1\n|-boost|p1a: Lilligant|spe|1\n|move|p2a: Garchomp|Spikes|p1a: Lilligant\n|-sidestart|p1: King Tarleo|Spikes\n|\n|upkeep\n|turn|8\n|\n|t:|1701031808\n|move|p1a: Lilligant|Encore|p2a: Garchomp\n|-start|p2a: Garchomp|Encore\n|move|p2a: Garchomp|Spikes|p1a: Lilligant\n|-sidestart|p1: King Tarleo|Spikes\n|\n|upkeep\n|turn|9\n|\n|t:|1701031820\n|switch|p2a: Sneasler|Sneasler, M|100\/100\n|-enditem|p2a: Sneasler|Electric Seed\n|-boost|p2a: Sneasler|def|1|[from] item: Electric Seed\n|move|p1a: Lilligant|Victory Dance|p1a: Lilligant\n|-boost|p1a: Lilligant|atk|1\n|-boost|p1a: Lilligant|def|1\n|-boost|p1a: Lilligant|spe|1\n|\n|upkeep\n|turn|10\n|\n|t:|1701031831\n|move|p2a: Sneasler|Acrobatics|p1a: Lilligant\n|-supereffective|p1a: Lilligant\n|-damage|p1a: Lilligant|49\/100\n|move|p1a: Lilligant|Bullet Seed|p2a: Sneasler\n|-resisted|p2a: Sneasler\n|-damage|p2a: Sneasler|89\/100\n|-resisted|p2a: Sneasler\n|-damage|p2a: Sneasler|77\/100\n|-resisted|p2a: Sneasler\n|-damage|p2a: Sneasler|65\/100\n|-resisted|p2a: Sneasler\n|-damage|p2a: Sneasler|54\/100\n|-hitcount|p2a: Sneasler|4\n|\n|-sideend|p1: King Tarleo|move: Aurora Veil\n|-fieldend|move: Electric Terrain\n|upkeep\n|turn|11\n|\n|t:|1701031848\n|switch|p1a: Slowking|Slowking-Galar, M, shiny|86\/100\n|-damage|p1a: Slowking|61\/100|[from] Spikes\n|move|p2a: Sneasler|Swords Dance|p2a: Sneasler\n|-boost|p2a: Sneasler|atk|2\n|\n|-heal|p1a: Slowking|67\/100|[from] item: Leftovers\n|upkeep\n|turn|12\n|\n|t:|1701031855\n|move|p2a: Sneasler|Acrobatics|p1a: Slowking\n|-damage|p1a: Slowking|0 fnt\n|faint|p1a: Slowking\n|\n|upkeep\n|\n|t:|1701031858\n|switch|p1a: Robin|Scizor, M|100\/100\n|-damage|p1a: Robin|75\/100|[from] Spikes\n|turn|13\n|\n|t:|1701031869\n|detailschange|p1a: Robin|Scizor-Mega, M\n|-mega|p1a: Robin|Scizor|Scizorite\n|move|p1a: Robin|Bullet Punch|p2a: Sneasler\n|-damage|p2a: Sneasler|9\/100\n|move|p2a: Sneasler|Close Combat|p1a: Robin\n|-damage|p1a: Robin|0 fnt\n|-unboost|p2a: Sneasler|def|1\n|-unboost|p2a: Sneasler|spd|1\n|faint|p1a: Robin\n|\n|upkeep\n|\n|t:|1701031878\n|switch|p1a: Ravager|Garchomp, F|100\/100\n|-damage|p1a: Ravager|75\/100|[from] Spikes\n|turn|14\n|\n|t:|1701031892\n|move|p2a: Sneasler|Dire Claw|p1a: Ravager\n|-resisted|p1a: Ravager\n|-damage|p1a: Ravager|39\/100\n|-status|p1a: Ravager|psn\n|-damage|p2a: Sneasler|0 fnt|[from] ability: Rough Skin|[of] p1a: Ravager\n|faint|p2a: Sneasler\n|move|p1a: Ravager|Hone Claws|p1a: Ravager\n|-boost|p1a: Ravager|atk|1\n|-boost|p1a: Ravager|accuracy|1\n|\n|-damage|p1a: Ravager|27\/100 psn|[from] psn\n|upkeep\n|\n|t:|1701031905\n|switch|p2a: Tapu Koko|Tapu Koko|100\/100\n|-fieldstart|move: Electric Terrain|[from] ability: Electric Surge|[of] p2a: Tapu Koko\n|turn|15\n|\n|t:|1701031912\n|move|p2a: Tapu Koko|Dazzling Gleam|p1a: Ravager\n|-supereffective|p1a: Ravager\n|-damage|p1a: Ravager|0 fnt\n|faint|p1a: Ravager\n|\n|upkeep\n|\n|t:|1701031917\n|switch|p1a: Shirayuki|Ninetales-Alola, F|66\/100\n|-damage|p1a: Shirayuki|41\/100|[from] Spikes\n|-weather|Snow|[from] ability: Snow Warning|[of] p1a: Shirayuki\n|turn|16\n|\n|t:|1701031922\n|move|p2a: Tapu Koko|Thunderbolt|p1a: Shirayuki\n|-crit|p1a: Shirayuki\n|-damage|p1a: Shirayuki|0 fnt\n|faint|p1a: Shirayuki\n|\n|-weather|Snow|[upkeep]\n|upkeep\n|\n|t:|1701031927\n|switch|p1a: Sakura|Enamorus, F, shiny|100\/100\n|turn|17\n|\n|t:|1701031935\n|-terastallize|p1a: Sakura|Electric\n|move|p1a: Sakura|Earth Power|p2a: Tapu Koko\n|-supereffective|p2a: Tapu Koko\n|-damage|p2a: Tapu Koko|0 fnt\n|faint|p2a: Tapu Koko\n|\n|-weather|Snow|[upkeep]\n|upkeep\n|\n|t:|1701031945\n|switch|p2a: Iron Valiant|Iron Valiant|100\/100\n|-activate|p2a: Iron Valiant|ability: Quark Drive\n|-start|p2a: Iron Valiant|quarkdrivespe\n|turn|18\n|\n|t:|1701031959\n|switch|p1a: Lilligant|Lilligant-Hisui, F|49\/100\n|-damage|p1a: Lilligant|24\/100|[from] Spikes\n|move|p2a: Iron Valiant|Moonblast|p1a: Lilligant\n|-supereffective|p1a: Lilligant\n|-damage|p1a: Lilligant|0 fnt\n|faint|p1a: Lilligant\n|\n|-weather|Snow|[upkeep]\n|upkeep\n|\n|t:|1701031960\n|switch|p1a: Sakura|Enamorus, F, shiny, tera:Electric|100\/100\n|-damage|p1a: Sakura|76\/100|[from] Spikes\n|turn|19\n|\n|t:|1701031975\n|move|p2a: Iron Valiant|Moonblast|p1a: Sakura\n|-damage|p1a: Sakura|13\/100\n|move|p1a: Sakura|Moonblast|p2a: Iron Valiant\n|-supereffective|p2a: Iron Valiant\n|-damage|p2a: Iron Valiant|0 fnt\n|faint|p2a: Iron Valiant\n|-end|p2a: Iron Valiant|Quark Drive|[silent]\n|\n|-weather|Snow|[upkeep]\n|upkeep\n|\n|t:|1701031980\n|switch|p2a: Iron Hands|Iron Hands|100\/100\n|-activate|p2a: Iron Hands|ability: Quark Drive\n|-start|p2a: Iron Hands|quarkdriveatk\n|turn|20\n|\n|t:|1701031985\n|-terastallize|p2a: Iron Hands|Water\n|move|p1a: Sakura|Moonblast|p2a: Iron Hands\n|-damage|p2a: Iron Hands|65\/100\n|move|p2a: Iron Hands|Drain Punch|p1a: Sakura\n|-crit|p1a: Sakura\n|-damage|p1a: Sakura|0 fnt\n|-heal|p2a: Iron Hands|69\/100|[from] drain|[of] p1a: Sakura\n|faint|p1a: Sakura\n|\n|win|Joemiga\n|raw|King Tarleo's rating: 1436 &rarr; <strong>1411<\/strong><br \/>(-25 for losing)\n|raw|Joemiga's rating: 1355 &rarr; <strong>1380<\/strong><br \/>(+25 for winning)\n|c|\u2606King Tarleo|gg\n|l|\u2606King Tarleo\n","uploadtime":1701032035,"views":11,"p1id":"kingtarleo","p2id":"joemiga","formatid":"gen9nationaldex","rating":1380,"private":0,"password":""}