{"id":"gen9nationaldex-1989026326","p1":"draghunt66","p2":"daodanguiTest","format":"[Gen 9] National Dex","log":"|j|\u203ddraghunt66\n|j|\u2606daodanguiTest\n|t:|1699803780\n|gametype|singles\n|player|p1|draghunt66|gambler|1404\n|player|p2|daodanguiTest|101|1494\n|teamsize|p1|6\n|teamsize|p2|6\n|gen|9\n|tier|[Gen 9] National Dex\n|rated|\n|rule|HP Percentage Mod: HP is shown in percentages\n|rule|Endless Battle Clause: Forcing endless battles is banned\n|rule|OHKO Clause: OHKO moves are banned\n|rule|Evasion Clause: Evasion abilities, items, and moves are banned\n|rule|Evasion Abilities Clause: Evasion abilities are banned\n|rule|Evasion Items Clause: Evasion items are banned\n|rule|Evasion Moves Clause: Evasion moves are banned\n|rule|Species Clause: Limit one of each Pok\u00e9mon\n|rule|Sleep Clause Mod: Limit one foe put to sleep\n|clearpoke\n|poke|p1|Tapu Koko|\n|poke|p1|Iron Hands|\n|poke|p1|Iron Valiant|\n|poke|p1|Sneasler, M|\n|poke|p1|Iron Treads|\n|poke|p1|Zapdos|\n|poke|p2|Rillaboom, M|\n|poke|p2|Heatran, F|\n|poke|p2|Banette, M|\n|poke|p2|Slowking, M|\n|poke|p2|Urshifu-*, M|\n|poke|p2|Hippowdon, F|\n|teampreview\n|\n|t:|1699803805\n|start\n|switch|p1a: Tapu Koko|Tapu Koko|100\/100\n|switch|p2a: Urshifu|Urshifu-Rapid-Strike, M|100\/100\n|-fieldstart|move: Electric Terrain|[from] ability: Electric Surge|[of] p1a: Tapu Koko\n|turn|1\n|\n|t:|1699803818\n|switch|p2a: Hippowdon|Hippowdon, F|100\/100\n|-weather|Sandstorm|[from] ability: Sand Stream|[of] p2a: Hippowdon\n|switch|p1a: Zapdos|Zapdos, shiny|100\/100\n|\n|-weather|Sandstorm|[upkeep]\n|-damage|p1a: Zapdos|94\/100|[from] Sandstorm\n|upkeep\n|turn|2\n|\n|t:|1699803840\n|move|p1a: Zapdos|Hurricane|p2a: Hippowdon\n|-damage|p2a: Hippowdon|48\/100\n|move|p2a: Hippowdon|Toxic|p1a: Zapdos\n|-status|p1a: Zapdos|tox\n|\n|-weather|Sandstorm|[upkeep]\n|-damage|p1a: Zapdos|88\/100 tox|[from] Sandstorm\n|-damage|p1a: Zapdos|82\/100 tox|[from] psn\n|upkeep\n|turn|3\n|\n|t:|1699803857\n|switch|p2a: Slowking|Slowking, M|100\/100\n|move|p1a: Zapdos|Hurricane|p2a: Slowking\n|-damage|p2a: Slowking|77\/100\n|\n|-weather|Sandstorm|[upkeep]\n|-damage|p1a: Zapdos|76\/100 tox|[from] Sandstorm\n|-damage|p2a: Slowking|71\/100|[from] Sandstorm\n|-damage|p1a: Zapdos|63\/100 tox|[from] psn\n|upkeep\n|turn|4\n|\n|t:|1699803870\n|switch|p1a: Iron Hands|Iron Hands|100\/100\n|-activate|p1a: Iron Hands|ability: Quark Drive\n|-start|p1a: Iron Hands|quarkdriveatk\n|move|p2a: Slowking|Future Sight|p1a: Iron Hands\n|-start|p2a: Slowking|move: Future Sight\n|\n|-weather|Sandstorm|[upkeep]\n|-damage|p1a: Iron Hands|94\/100|[from] Sandstorm\n|-damage|p2a: Slowking|64\/100|[from] Sandstorm\n|upkeep\n|turn|5\n|\n|t:|1699803892\n|switch|p2a: Hippowdon|Hippowdon, F|48\/100\n|move|p1a: Iron Hands|Swords Dance|p1a: Iron Hands\n|-boost|p1a: Iron Hands|atk|2\n|\n|-weather|none\n|upkeep\n|turn|6\n|\n|t:|1699803901\n|-terastallize|p1a: Iron Hands|Flying\n|move|p1a: Iron Hands|Ice Punch|p2a: Hippowdon\n|-supereffective|p2a: Hippowdon\n|-damage|p2a: Hippowdon|0 fnt\n|faint|p2a: Hippowdon\n|\n|-end|p1a: Iron Hands|move: Future Sight\n|-damage|p1a: Iron Hands|63\/100\n|upkeep\n|\n|t:|1699803921\n|switch|p2a: Heatran|Heatran, F|100\/100\n|turn|7\n|\n|t:|1699803924\n|move|p2a: Heatran|Eruption|p1a: Iron Hands\n|-damage|p1a: Iron Hands|0 fnt\n|faint|p1a: Iron Hands\n|-end|p1a: Iron Hands|Quark Drive|[silent]\n|\n|upkeep\n|\n|t:|1699803968\n|switch|p1a: Iron Treads|Iron Treads|100\/100\n|-activate|p1a: Iron Treads|ability: Quark Drive\n|-start|p1a: Iron Treads|quarkdrivespe\n|turn|8\n|\n|t:|1699803987\n|switch|p2a: Rillaboom|Rillaboom, M|100\/100\n|-fieldstart|move: Grassy Terrain|[from] ability: Grassy Surge|[of] p2a: Rillaboom\n|-end|p1a: Iron Treads|Quark Drive\n|move|p1a: Iron Treads|Knock Off|p2a: Rillaboom\n|-damage|p2a: Rillaboom|71\/100\n|-enditem|p2a: Rillaboom|Choice Band|[from] move: Knock Off|[of] p1a: Iron Treads\n|\n|-heal|p2a: Rillaboom|78\/100|[from] Grassy Terrain\n|upkeep\n|turn|9\n|\n|t:|1699804006\n|-end|p1a: Iron Treads|Quark Drive|[silent]\n|switch|p1a: Zapdos|Zapdos, shiny|63\/100 tox\n|move|p2a: Rillaboom|Superpower|p1a: Zapdos\n|-resisted|p1a: Zapdos\n|-damage|p1a: Zapdos|37\/100 tox\n|-unboost|p2a: Rillaboom|atk|1\n|-unboost|p2a: Rillaboom|def|1\n|\n|-heal|p2a: Rillaboom|84\/100|[from] Grassy Terrain\n|-damage|p1a: Zapdos|31\/100 tox|[from] psn\n|upkeep\n|turn|10\n|\n|t:|1699804019\n|switch|p2a: Slowking|Slowking, M|98\/100\n|move|p1a: Zapdos|Roost|p1a: Zapdos\n|-heal|p1a: Zapdos|81\/100 tox\n|-singleturn|p1a: Zapdos|move: Roost\n|\n|-heal|p1a: Zapdos|87\/100 tox|[from] Grassy Terrain\n|-heal|p2a: Slowking|100\/100|[from] Grassy Terrain\n|-damage|p1a: Zapdos|75\/100 tox|[from] psn\n|upkeep\n|turn|11\n|\n|t:|1699804025\n|switch|p1a: Tapu Koko|Tapu Koko|100\/100\n|-fieldstart|move: Electric Terrain|[from] ability: Electric Surge|[of] p1a: Tapu Koko\n|switch|p2a: Heatran|Heatran, F|100\/100\n|\n|upkeep\n|turn|12\n|\n|t:|1699804035\n|move|p1a: Tapu Koko|U-turn|p2a: Heatran\n|-resisted|p2a: Heatran\n|-damage|p2a: Heatran|97\/100\n|-status|p1a: Tapu Koko|brn|[from] ability: Flame Body|[of] p2a: Heatran\n|\n|t:|1699804048\n|switch|p1a: Iron Treads|Iron Treads|100\/100|[from] U-turn\n|-activate|p1a: Iron Treads|ability: Quark Drive\n|-start|p1a: Iron Treads|quarkdrivespe\n|move|p2a: Heatran|Eruption|p1a: Iron Treads\n|-supereffective|p1a: Iron Treads\n|-damage|p1a: Iron Treads|0 fnt\n|faint|p1a: Iron Treads\n|-end|p1a: Iron Treads|Quark Drive|[silent]\n|\n|upkeep\n|\n|t:|1699804056\n|switch|p1a: Iron Valiant|Iron Valiant|100\/100\n|-activate|p1a: Iron Valiant|ability: Quark Drive\n|-start|p1a: Iron Valiant|quarkdrivespe\n|turn|13\n|\n|t:|1699804062\n|switch|p2a: Slowking|Slowking, M|100\/100\n|move|p1a: Iron Valiant|Calm Mind|p1a: Iron Valiant\n|-boost|p1a: Iron Valiant|spa|1\n|-boost|p1a: Iron Valiant|spd|1\n|\n|upkeep\n|turn|14\n|\n|t:|1699804083\n|switch|p2a: Banette|Banette, M|100\/100\n|-item|p1a: Iron Valiant|Life Orb|[from] ability: Frisk|[of] p2a: Banette|[identify]\n|move|p1a: Iron Valiant|Thunderbolt|p2a: Banette\n|-damage|p2a: Banette|0 fnt\n|faint|p2a: Banette\n|-damage|p1a: Iron Valiant|91\/100|[from] item: Life Orb\n|\n|upkeep\n|\n|t:|1699804093\n|switch|p2a: Rillaboom|Rillaboom, M|84\/100\n|-fieldstart|move: Grassy Terrain|[from] ability: Grassy Surge|[of] p2a: Rillaboom\n|-end|p1a: Iron Valiant|Quark Drive\n|turn|15\n|\n|t:|1699804124\n|move|p2a: Rillaboom|Grassy Glide|p1a: Iron Valiant\n|-damage|p1a: Iron Valiant|39\/100\n|move|p1a: Iron Valiant|Moonblast|p2a: Rillaboom\n|-damage|p2a: Rillaboom|0 fnt\n|faint|p2a: Rillaboom\n|-damage|p1a: Iron Valiant|29\/100|[from] item: Life Orb\n|\n|-heal|p1a: Iron Valiant|35\/100|[from] Grassy Terrain\n|upkeep\n|\n|t:|1699804129\n|switch|p2a: Slowking|Slowking, M|100\/100\n|turn|16\n|\n|t:|1699804141\n|move|p1a: Iron Valiant|Thunderbolt|p2a: Slowking\n|-supereffective|p2a: Slowking\n|-damage|p2a: Slowking|56\/100\n|-damage|p1a: Iron Valiant|26\/100|[from] item: Life Orb\n|move|p2a: Slowking|Surf|p1a: Iron Valiant\n|-damage|p1a: Iron Valiant|0 fnt\n|faint|p1a: Iron Valiant\n|-end|p1a: Iron Valiant|Quark Drive|[silent]\n|\n|-heal|p2a: Slowking|62\/100|[from] Grassy Terrain\n|upkeep\n|\n|t:|1699804153\n|switch|p1a: Tapu Koko|Tapu Koko|100\/100 brn\n|-fieldstart|move: Electric Terrain|[from] ability: Electric Surge|[of] p1a: Tapu Koko\n|turn|17\n|\n|t:|1699804175\n|move|p1a: Tapu Koko|Thunderbolt|p2a: Slowking\n|-supereffective|p2a: Slowking\n|-damage|p2a: Slowking|32\/100\n|move|p2a: Slowking|Earthquake|p1a: Tapu Koko\n|-supereffective|p1a: Tapu Koko\n|-damage|p1a: Tapu Koko|62\/100 brn\n|\n|-damage|p1a: Tapu Koko|56\/100 brn|[from] brn\n|upkeep\n|turn|18\n|\n|t:|1699804187\n|switch|p2a: Heatran|Heatran, F|97\/100\n|move|p1a: Tapu Koko|U-turn|p2a: Heatran\n|-resisted|p2a: Heatran\n|-damage|p2a: Heatran|94\/100\n|\n|t:|1699804193\n|switch|p1a: Sneasler|Sneasler, M|100\/100|[from] U-turn\n|-enditem|p1a: Sneasler|Electric Seed\n|-boost|p1a: Sneasler|def|1|[from] item: Electric Seed\n|\n|upkeep\n|turn|19\n|\n|t:|1699804201\n|move|p1a: Sneasler|Close Combat|p2a: Heatran\n|-supereffective|p2a: Heatran\n|-damage|p2a: Heatran|0 fnt\n|-unboost|p1a: Sneasler|def|1\n|-unboost|p1a: Sneasler|spd|1\n|-status|p1a: Sneasler|brn|[from] ability: Flame Body|[of] p2a: Heatran\n|faint|p2a: Heatran\n|\n|-damage|p1a: Sneasler|95\/100 brn|[from] brn\n|upkeep\n|\n|t:|1699804212\n|switch|p2a: Slowking|Slowking, M|65\/100\n|turn|20\n|\n|t:|1699804218\n|move|p1a: Sneasler|Dire Claw|p2a: Slowking\n|-damage|p2a: Slowking|44\/100\n|move|p2a: Slowking|Dragon Tail|p1a: Sneasler\n|-damage|p1a: Sneasler|75\/100 brn\n|drag|p1a: Tapu Koko|Tapu Koko|56\/100 brn\n|\n|-damage|p1a: Tapu Koko|50\/100 brn|[from] brn\n|upkeep\n|turn|21\n|\n|t:|1699804233\n|move|p1a: Tapu Koko|U-turn|p2a: Slowking\n|-supereffective|p2a: Slowking\n|-damage|p2a: Slowking|29\/100\n|\n|t:|1699804236\n|switch|p1a: Zapdos|Zapdos, shiny|75\/100 tox|[from] U-turn\n|move|p2a: Slowking|Earthquake|p1a: Zapdos\n|-immune|p1a: Zapdos\n|\n|-damage|p1a: Zapdos|68\/100 tox|[from] psn\n|upkeep\n|turn|22\n|\n|t:|1699804242\n|move|p1a: Zapdos|Thunderbolt|p2a: Slowking\n|-supereffective|p2a: Slowking\n|-damage|p2a: Slowking|0 fnt\n|faint|p2a: Slowking\n|\n|-damage|p1a: Zapdos|56\/100 tox|[from] psn\n|upkeep\n|\n|t:|1699804245\n|switch|p2a: Urshifu|Urshifu-Rapid-Strike, M|100\/100\n|turn|23\n|\n|t:|1699804258\n|-terastallize|p2a: Urshifu|Water\n|move|p2a: Urshifu|Surging Strikes|p1a: Zapdos\n|-crit|p1a: Zapdos\n|-damage|p1a: Zapdos|23\/100 tox\n|-crit|p1a: Zapdos\n|-damage|p1a: Zapdos|0 fnt\n|-status|p2a: Urshifu|par|[from] ability: Static|[of] p1a: Zapdos\n|faint|p1a: Zapdos\n|-hitcount|p1: Zapdos|2\n|\n|upkeep\n|\n|t:|1699804270\n|switch|p1a: Sneasler|Sneasler, M|75\/100 brn\n|turn|24\n|\n|t:|1699804275\n|move|p1a: Sneasler|Close Combat|p2a: Urshifu\n|-damage|p2a: Urshifu|67\/100 par\n|-unboost|p1a: Sneasler|def|1\n|-unboost|p1a: Sneasler|spd|1\n|move|p2a: Urshifu|Surging Strikes|p1a: Sneasler\n|-crit|p1a: Sneasler\n|-damage|p1a: Sneasler|7\/100 brn\n|-crit|p1a: Sneasler\n|-damage|p1a: Sneasler|0 fnt\n|faint|p1a: Sneasler\n|-hitcount|p1: Sneasler|2\n|\n|-fieldend|move: Electric Terrain\n|upkeep\n|\n|t:|1699804282\n|switch|p1a: Tapu Koko|Tapu Koko|50\/100 brn\n|-fieldstart|move: Electric Terrain|[from] ability: Electric Surge|[of] p1a: Tapu Koko\n|turn|25\n|\n|t:|1699804287\n|move|p1a: Tapu Koko|Thunderbolt|p2a: Urshifu\n|-supereffective|p2a: Urshifu\n|-damage|p2a: Urshifu|0 fnt\n|faint|p2a: Urshifu\n|\n|win|draghunt66\n|raw|draghunt66's rating: 1404 &rarr; <strong>1429<\/strong><br \/>(+25 for winning)\n|raw|daodanguiTest's rating: 1494 &rarr; <strong>1469<\/strong><br \/>(-25 for losing)\n|l|\u2606daodanguiTest\n","uploadtime":1699804306,"views":7,"p1id":"draghunt66","p2id":"daodanguitest","formatid":"gen9nationaldex","rating":1429,"private":0,"password":""}