{"id":"gen9nationaldex-1999186660","p1":"elPyro","p2":"taki1223","format":"[Gen 9] National Dex","log":"|html|<div class=\"broadcast-blue\"><strong>[Gen 9] National Dex is currently suspecting Sneasler! For information on how to participate check out the <a href=\"https:\/\/www.smogon.com\/forums\/threads\/sv-national-dex-suspect-8-just-dance.3731534\/\">suspect thread<\/a>.<\/strong><\/div>\n|j|\u2606elPyro\n|j|\u2606taki1223\n|t:|1701042940\n|gametype|singles\n|player|p1|elPyro|ingo|\n|player|p2|taki1223|cyclist-gen4|\n|teamsize|p1|6\n|teamsize|p2|6\n|gen|9\n|tier|[Gen 9] National Dex\n|rule|HP Percentage Mod: HP is shown in percentages\n|rule|Endless Battle Clause: Forcing endless battles is banned\n|rule|OHKO Clause: OHKO moves are banned\n|rule|Evasion Clause: Evasion abilities, items, and moves are banned\n|rule|Evasion Abilities Clause: Evasion abilities are banned\n|rule|Evasion Items Clause: Evasion items are banned\n|rule|Evasion Moves Clause: Evasion moves are banned\n|rule|Species Clause: Limit one of each Pok\u00e9mon\n|rule|Sleep Clause Mod: Limit one foe put to sleep\n|clearpoke\n|poke|p1|Mawile, F|\n|poke|p1|Rillaboom, M|\n|poke|p1|Heatran, M|\n|poke|p1|Zapdos|\n|poke|p1|Hatterene, F|\n|poke|p1|Kartana|\n|poke|p2|Scizor, M|\n|poke|p2|Skeledirge, M|\n|poke|p2|Moltres-Galar|\n|poke|p2|Porygon-Z|\n|poke|p2|Grimmsnarl, M|\n|poke|p2|Great Tusk|\n|teampreview\n|c|\u2606taki1223|fue el primer\n|c|\u2606taki1223|equipo\n|c|\u2606taki1223|seguro es random este equipo asi que no esperes nada\n|c|\u2606elPyro|suerte\n|c|\u2606taki1223|xdd\n|c|\u2606taki1223|igualmente\n|\n|t:|1701042982\n|start\n|switch|p1a: Hatterene|Hatterene, F|100\/100\n|switch|p2a: Scizor|Scizor, M|100\/100\n|turn|1\n|\n|t:|1701042990\n|switch|p1a: Zapdos|Zapdos|100\/100\n|detailschange|p2a: Scizor|Scizor-Mega, M\n|-mega|p2a: Scizor|Scizor|Scizorite\n|move|p2a: Scizor|U-turn|p1a: Zapdos\n|-resisted|p1a: Zapdos\n|-damage|p1a: Zapdos|88\/100\n|\n|t:|1701043002\n|switch|p2a: Porygon-Z|Porygon-Z|100\/100|[from] U-turn\n|\n|upkeep\n|turn|2\n|\n|t:|1701043010\n|-zpower|p2a: Porygon-Z\n|move|p2a: Porygon-Z|Breakneck Blitz|p1a: Zapdos|[zeffect]\n|-damage|p1a: Zapdos|0 fnt\n|faint|p1a: Zapdos\n|\n|upkeep\n|c|\u2606taki1223|FIUMBA\n|c|\u2606taki1223|jsjsjs\n|c|\u2606taki1223|ahora ya kgue\n|c|\u2606taki1223|xdd\n|\n|t:|1701043032\n|switch|p1a: Mawile|Mawile, F|100\/100\n|-ability|p1a: Mawile|Intimidate|boost\n|-unboost|p2a: Porygon-Z|atk|1\n|turn|3\n|c|\u2606taki1223|gaste mi z conversion en el tri atack\n|c|\u2606taki1223|ya jodi\n|\n|t:|1701043037\n|detailschange|p1a: Mawile|Mawile-Mega, F\n|-mega|p1a: Mawile|Mawile|Mawilite\n|move|p2a: Porygon-Z|Tri Attack|p1a: Mawile\n|-resisted|p1a: Mawile\n|-damage|p1a: Mawile|66\/100\n|move|p1a: Mawile|Swords Dance|p1a: Mawile\n|-boost|p1a: Mawile|atk|2\n|\n|upkeep\n|turn|4\n|\n|t:|1701043042\n|move|p1a: Mawile|Sucker Punch|p2a: Porygon-Z\n|-damage|p2a: Porygon-Z|0 fnt\n|faint|p2a: Porygon-Z\n|\n|upkeep\n|\n|t:|1701043045\n|switch|p2a: Great Tusk|Great Tusk|100\/100\n|turn|5\n|\n|t:|1701043055\n|switch|p1a: Rillaboom|Rillaboom, M|100\/100\n|-fieldstart|move: Grassy Terrain|[from] ability: Grassy Surge|[of] p1a: Rillaboom\n|move|p2a: Great Tusk|Headlong Rush|p1a: Rillaboom\n|-resisted|p1a: Rillaboom\n|-damage|p1a: Rillaboom|75\/100\n|-unboost|p2a: Great Tusk|def|1\n|-unboost|p2a: Great Tusk|spd|1\n|\n|-heal|p1a: Rillaboom|82\/100|[from] Grassy Terrain\n|upkeep\n|turn|6\n|\n|t:|1701043062\n|-end|p2a: Great Tusk|Protosynthesis|[silent]\n|switch|p2a: Skeledirge|Skeledirge, M|100\/100\n|move|p1a: Rillaboom|Swords Dance|p1a: Rillaboom\n|-boost|p1a: Rillaboom|atk|2\n|\n|-heal|p1a: Rillaboom|88\/100|[from] Grassy Terrain\n|upkeep\n|turn|7\n|\n|t:|1701043071\n|move|p1a: Rillaboom|Knock Off|p2a: Skeledirge\n|-supereffective|p2a: Skeledirge\n|-damage|p2a: Skeledirge|36\/100\n|-enditem|p2a: Skeledirge|Heavy-Duty Boots|[from] move: Knock Off|[of] p1a: Rillaboom\n|-damage|p1a: Rillaboom|78\/100|[from] item: Life Orb\n|move|p2a: Skeledirge|Torch Song|p1a: Rillaboom\n|-supereffective|p1a: Rillaboom\n|-damage|p1a: Rillaboom|4\/100\n|-boost|p2a: Skeledirge|spa|1\n|\n|-heal|p1a: Rillaboom|11\/100|[from] Grassy Terrain\n|-heal|p2a: Skeledirge|42\/100|[from] Grassy Terrain\n|upkeep\n|turn|8\n|\n|t:|1701043080\n|switch|p1a: Heatran|Heatran, M|100\/100\n|-terastallize|p2a: Skeledirge|Water\n|move|p2a: Skeledirge|Slack Off|p2a: Skeledirge\n|-heal|p2a: Skeledirge|92\/100\n|\n|-heal|p2a: Skeledirge|98\/100|[from] Grassy Terrain\n|upkeep\n|turn|9\n|\n|t:|1701043087\n|move|p1a: Heatran|Taunt|p2a: Skeledirge\n|-start|p2a: Skeledirge|move: Taunt\n|move|p2a: Skeledirge|Earth Power|p1a: Heatran\n|-supereffective|p1a: Heatran\n|-damage|p1a: Heatran|21\/100\n|\n|-heal|p1a: Heatran|27\/100|[from] Grassy Terrain\n|-heal|p1a: Heatran|33\/100|[from] item: Leftovers\n|-heal|p2a: Skeledirge|100\/100|[from] Grassy Terrain\n|-fieldend|move: Grassy Terrain\n|upkeep\n|turn|10\n|c|\u2606taki1223|mielda\n|\n|t:|1701043099\n|-terastallize|p1a: Heatran|Grass\n|move|p1a: Heatran|Magma Storm|p2a: Skeledirge\n|-resisted|p2a: Skeledirge\n|-damage|p2a: Skeledirge|84\/100\n|-activate|p2a: Skeledirge|move: Magma Storm|[of] p1a: Heatran\n|move|p2a: Skeledirge|Earth Power|p1a: Heatran\n|-resisted|p1a: Heatran\n|-damage|p1a: Heatran|22\/100\n|-unboost|p1a: Heatran|spd|1\n|\n|-heal|p1a: Heatran|28\/100|[from] item: Leftovers\n|-damage|p2a: Skeledirge|72\/100|[from] move: Magma Storm|[partiallytrapped]\n|upkeep\n|turn|11\n|c|\u2606taki1223|confio\n|\n|t:|1701043106\n|move|p1a: Heatran|Stealth Rock|p2a: Skeledirge\n|-sidestart|p2: taki1223|move: Stealth Rock\n|move|p2a: Skeledirge|Earth Power|p1a: Heatran\n|-resisted|p1a: Heatran\n|-damage|p1a: Heatran|18\/100\n|\n|-heal|p1a: Heatran|24\/100|[from] item: Leftovers\n|-damage|p2a: Skeledirge|59\/100|[from] move: Magma Storm|[partiallytrapped]\n|-end|p2a: Skeledirge|move: Taunt\n|upkeep\n|turn|12\n|\n|t:|1701043113\n|move|p1a: Heatran|Earth Power|p2a: Skeledirge\n|-damage|p2a: Skeledirge|36\/100\n|move|p2a: Skeledirge|Earth Power|p1a: Heatran\n|-resisted|p1a: Heatran\n|-damage|p1a: Heatran|14\/100\n|\n|-heal|p1a: Heatran|20\/100|[from] item: Leftovers\n|-damage|p2a: Skeledirge|24\/100|[from] move: Magma Storm|[partiallytrapped]\n|upkeep\n|turn|13\n|\n|t:|1701043119\n|move|p1a: Heatran|Earth Power|p2a: Skeledirge\n|-damage|p2a: Skeledirge|2\/100\n|move|p2a: Skeledirge|Earth Power|p1a: Heatran\n|-resisted|p1a: Heatran\n|-damage|p1a: Heatran|9\/100\n|\n|-heal|p1a: Heatran|15\/100|[from] item: Leftovers\n|-damage|p2a: Skeledirge|0 fnt|[from] move: Magma Storm|[partiallytrapped]\n|faint|p2a: Skeledirge\n|upkeep\n|\n|t:|1701043126\n|switch|p2a: Scizor|Scizor-Mega, M|100\/100\n|-damage|p2a: Scizor|88\/100|[from] Stealth Rock\n|turn|14\n|\n|t:|1701043130\n|move|p2a: Scizor|Bullet Punch|p1a: Heatran\n|-damage|p1a: Heatran|0 fnt\n|faint|p1a: Heatran\n|\n|upkeep\n|\n|t:|1701043139\n|switch|p1a: Kartana|Kartana|100\/100\n|turn|15\n|\n|t:|1701043156\n|move|p1a: Kartana|Sacred Sword|p2a: Scizor\n|-damage|p2a: Scizor|67\/100\n|move|p2a: Scizor|Roost|p2a: Scizor\n|-heal|p2a: Scizor|100\/100\n|-singleturn|p2a: Scizor|move: Roost\n|\n|upkeep\n|turn|16\n|\n|t:|1701043160\n|switch|p1a: Rillaboom|Rillaboom, M|11\/100\n|-fieldstart|move: Grassy Terrain|[from] ability: Grassy Surge|[of] p1a: Rillaboom\n|move|p2a: Scizor|Swords Dance|p2a: Scizor\n|-boost|p2a: Scizor|atk|2\n|\n|-heal|p1a: Rillaboom|17\/100|[from] Grassy Terrain\n|upkeep\n|turn|17\n|\n|t:|1701043165\n|move|p1a: Rillaboom|Grassy Glide|p2a: Scizor\n|-resisted|p2a: Scizor\n|-damage|p2a: Scizor|94\/100\n|-damage|p1a: Rillaboom|7\/100|[from] item: Life Orb\n|move|p2a: Scizor|Bullet Punch|p1a: Rillaboom\n|-damage|p1a: Rillaboom|0 fnt\n|faint|p1a: Rillaboom\n|\n|-heal|p2a: Scizor|99\/100|[from] Grassy Terrain\n|upkeep\n|\n|t:|1701043171\n|switch|p1a: Hatterene|Hatterene, F|100\/100\n|-enditem|p1a: Hatterene|Grassy Seed\n|-boost|p1a: Hatterene|def|1|[from] item: Grassy Seed\n|turn|18\n|\n|t:|1701043175\n|move|p2a: Scizor|U-turn|p1a: Hatterene\n|-damage|p1a: Hatterene|64\/100\n|\n|t:|1701043178\n|switch|p2a: Grimmsnarl|Grimmsnarl, M|100\/100|[from] U-turn\n|-damage|p2a: Grimmsnarl|88\/100|[from] Stealth Rock\n|move|p1a: Hatterene|Mystical Fire|p2a: Grimmsnarl\n|-damage|p2a: Grimmsnarl|68\/100\n|-unboost|p2a: Grimmsnarl|spa|1\n|\n|-heal|p2a: Grimmsnarl|74\/100|[from] Grassy Terrain\n|-heal|p1a: Hatterene|70\/100|[from] Grassy Terrain\n|upkeep\n|turn|19\n|\n|t:|1701043184\n|move|p2a: Grimmsnarl|Light Screen|p2a: Grimmsnarl\n|-sidestart|p2: taki1223|move: Light Screen\n|move|p1a: Hatterene|Draining Kiss|p2a: Grimmsnarl\n|-supereffective|p2a: Grimmsnarl\n|-damage|p2a: Grimmsnarl|55\/100\n|-heal|p1a: Hatterene|88\/100|[from] drain|[of] p2a: Grimmsnarl\n|\n|-heal|p2a: Grimmsnarl|61\/100|[from] Grassy Terrain\n|-heal|p1a: Hatterene|94\/100|[from] Grassy Terrain\n|upkeep\n|turn|20\n|\n|t:|1701043187\n|move|p2a: Grimmsnarl|Reflect|p2a: Grimmsnarl\n|-sidestart|p2: taki1223|Reflect\n|move|p1a: Hatterene|Calm Mind|p1a: Hatterene\n|-boost|p1a: Hatterene|spa|1\n|-boost|p1a: Hatterene|spd|1\n|\n|-heal|p2a: Grimmsnarl|67\/100|[from] Grassy Terrain\n|-heal|p1a: Hatterene|99\/100|[from] Grassy Terrain\n|-fieldend|move: Grassy Terrain\n|upkeep\n|turn|21\n|c|\u2606taki1223|xdd\n|\n|t:|1701043196\n|move|p2a: Grimmsnarl|Parting Shot|p1a: Hatterene\n|move|p1a: Hatterene|Parting Shot|p2a: Grimmsnarl|[from]ability: Magic Bounce\n|-unboost|p2a: Grimmsnarl|atk|1\n|-unboost|p2a: Grimmsnarl|spa|1\n|c|\u2606taki1223|esto va a ser muy equisde\n|c|\u2606taki1223|pero bueno\n|\n|t:|1701043207\n|switch|p1a: Mawile|Mawile-Mega, F|66\/100|[from] Parting Shot\n|\n|upkeep\n|turn|22\n|\n|t:|1701043209\n|move|p2a: Grimmsnarl|Parting Shot|p1a: Mawile\n|-unboost|p1a: Mawile|atk|1\n|-unboost|p1a: Mawile|spa|1\n|\n|t:|1701043212\n|switch|p2a: Great Tusk|Great Tusk|100\/100|[from] Parting Shot\n|-damage|p2a: Great Tusk|98\/100|[from] Stealth Rock\n|move|p1a: Mawile|Swords Dance|p1a: Mawile\n|-boost|p1a: Mawile|atk|2\n|\n|-heal|p2a: Great Tusk|100\/100|[from] item: Leftovers\n|upkeep\n|turn|23\n|\n|t:|1701043221\n|switch|p1a: Hatterene|Hatterene, F|99\/100\n|move|p2a: Great Tusk|Headlong Rush|p1a: Hatterene\n|-damage|p1a: Hatterene|49\/100\n|-unboost|p2a: Great Tusk|def|1\n|-unboost|p2a: Great Tusk|spd|1\n|\n|upkeep\n|turn|24\n|\n|t:|1701043226\n|move|p2a: Great Tusk|Headlong Rush|p1a: Hatterene\n|-damage|p1a: Hatterene|0 fnt\n|-unboost|p2a: Great Tusk|def|1\n|-unboost|p2a: Great Tusk|spd|1\n|faint|p1a: Hatterene\n|\n|upkeep\n|\n|t:|1701043229\n|switch|p1a: Kartana|Kartana|100\/100\n|turn|25\n|c|\u2606elPyro|en fin, gg\n|c|\u2606taki1223|gg\n|\n|t:|1701043240\n|-end|p2a: Great Tusk|Protosynthesis|[silent]\n|switch|p2a: Scizor|Scizor-Mega, M|99\/100\n|-damage|p2a: Scizor|88\/100|[from] Stealth Rock\n|move|p1a: Kartana|Knock Off|p2a: Scizor\n|-damage|p2a: Scizor|80\/100\n|\n|upkeep\n|turn|26\n|\n|t:|1701043247\n|switch|p1a: Mawile|Mawile-Mega, F|66\/100\n|move|p2a: Scizor|Swords Dance|p2a: Scizor\n|-boost|p2a: Scizor|atk|2\n|\n|-sideend|p2: taki1223|move: Light Screen\n|upkeep\n|turn|27\n|c|\u2606taki1223|aun no termino eh\n|c|\u2606taki1223|xdd\n|\n|t:|1701043255\n|move|p2a: Scizor|Bullet Punch|p1a: Mawile\n|-damage|p1a: Mawile|0 fnt\n|faint|p1a: Mawile\n|\n|-sideend|p2: taki1223|Reflect\n|upkeep\n|\n|t:|1701043257\n|switch|p1a: Kartana|Kartana|100\/100\n|turn|28\n|c|\u2606taki1223|bueno\n|\n|t:|1701043263\n|move|p1a: Kartana|Sacred Sword|p2a: Scizor\n|-damage|p2a: Scizor|58\/100\n|move|p2a: Scizor|Roost|p2a: Scizor\n|-heal|p2a: Scizor|100\/100\n|-singleturn|p2a: Scizor|move: Roost\n|\n|upkeep\n|turn|29\n|\n|t:|1701043266\n|move|p1a: Kartana|Sacred Sword|p2a: Scizor\n|-crit|p2a: Scizor\n|-damage|p2a: Scizor|65\/100\n|move|p2a: Scizor|Swords Dance|p2a: Scizor\n|-boost|p2a: Scizor|atk|2\n|\n|upkeep\n|turn|30\n|\n|t:|1701043268\n|move|p1a: Kartana|Sacred Sword|p2a: Scizor\n|-damage|p2a: Scizor|43\/100\n|move|p2a: Scizor|Roost|p2a: Scizor\n|-heal|p2a: Scizor|93\/100\n|-singleturn|p2a: Scizor|move: Roost\n|\n|upkeep\n|turn|31\n|\n|t:|1701043271\n|move|p1a: Kartana|Sacred Sword|p2a: Scizor\n|-damage|p2a: Scizor|71\/100\n|move|p2a: Scizor|Swords Dance|p2a: Scizor\n|-boost|p2a: Scizor|atk|2\n|\n|upkeep\n|turn|32\n|\n|t:|1701043274\n|move|p1a: Kartana|Sacred Sword|p2a: Scizor\n|-damage|p2a: Scizor|49\/100\n|move|p2a: Scizor|Roost|p2a: Scizor\n|-heal|p2a: Scizor|99\/100\n|-singleturn|p2a: Scizor|move: Roost\n|\n|upkeep\n|turn|33\n|\n|t:|1701043276\n|move|p2a: Scizor|Bullet Punch|p1a: Kartana\n|-resisted|p1a: Kartana\n|-damage|p1a: Kartana|38\/100\n|move|p1a: Kartana|Sacred Sword|p2a: Scizor\n|-damage|p2a: Scizor|77\/100\n|\n|upkeep\n|turn|34\n|\n|t:|1701043278\n|move|p2a: Scizor|Bullet Punch|p1a: Kartana\n|-resisted|p1a: Kartana\n|-crit|p1a: Kartana\n|-damage|p1a: Kartana|0 fnt\n|faint|p1a: Kartana\n|\n|win|taki1223\n|c|\u2606taki1223|gg\n|l|\u2606elPyro\n","uploadtime":1701043282,"views":5,"p1id":"elpyro","p2id":"taki1223","formatid":"gen9nationaldex","rating":0,"private":0,"password":""}