{"id":"gen9nationaldex-1994435220","p1":"MrBearmanchild","p2":"DaAwesomeMiradion","format":"[Gen 9] National Dex","log":"|j|\u2606MrBearmanchild\n|j|\u2606DaAwesomeMiradion\n|t:|1700443615\n|gametype|singles\n|player|p1|MrBearmanchild|1|1102\n|player|p2|DaAwesomeMiradion|blue|1030\n|teamsize|p1|6\n|teamsize|p2|6\n|gen|9\n|tier|[Gen 9] National Dex\n|rated|\n|rule|HP Percentage Mod: HP is shown in percentages\n|rule|Endless Battle Clause: Forcing endless battles is banned\n|rule|OHKO Clause: OHKO moves are banned\n|rule|Evasion Clause: Evasion abilities, items, and moves are banned\n|rule|Evasion Abilities Clause: Evasion abilities are banned\n|rule|Evasion Items Clause: Evasion items are banned\n|rule|Evasion Moves Clause: Evasion moves are banned\n|rule|Species Clause: Limit one of each Pok\u00e9mon\n|rule|Sleep Clause Mod: Limit one foe put to sleep\n|clearpoke\n|poke|p1|Lopunny, F|\n|poke|p1|Ogerpon-Wellspring, F|\n|poke|p1|Ferrothorn, M|\n|poke|p1|Heatran, F|\n|poke|p1|Rotom-Wash|\n|poke|p1|Tornadus-Therian, M|\n|poke|p2|Banette, M|\n|poke|p2|Hoopa-Unbound|\n|poke|p2|Swampert, M|\n|poke|p2|Mew|\n|poke|p2|Electivire, F|\n|poke|p2|Entei|\n|teampreview\n|inactive|Battle timer is ON: inactive players will automatically lose when time's up. (requested by MrBearmanchild)\n|c|\u2606MrBearmanchild|Good luck\n|\n|t:|1700443646\n|start\n|switch|p1a: Ferrothorn|Ferrothorn, M|100\/100\n|switch|p2a: Entei|Entei|100\/100\n|turn|1\n|\n|t:|1700443656\n|switch|p1a: Heatran|Heatran, F|100\/100\n|move|p2a: Entei|Sacred Fire|p1a: Heatran\n|-start|p1a: Heatran|ability: Flash Fire\n|\n|upkeep\n|turn|2\n|\n|t:|1700443668\n|move|p2a: Entei|Extreme Speed|p1a: Heatran\n|-resisted|p1a: Heatran\n|-damage|p1a: Heatran|89\/100\n|move|p1a: Heatran|Earth Power|p2a: Entei\n|-supereffective|p2a: Entei\n|-damage|p2a: Entei|20\/100\n|\n|upkeep\n|turn|3\n|\n|t:|1700443694\n|switch|p2a: Swampert|Swampert, M|100\/100\n|move|p1a: Heatran|Earth Power|p2a: Swampert\n|-damage|p2a: Swampert|73\/100\n|\n|upkeep\n|turn|4\n|inactive|DaAwesomeMiradion has 120 seconds left.\n|\n|t:|1700443718\n|-end|p1a: Heatran|ability: Flash Fire|[silent]\n|switch|p1a: Ogerpon|Ogerpon-Wellspring, F|100\/100\n|move|p2a: Swampert|Earthquake|p1a: Ogerpon\n|-resisted|p1a: Ogerpon\n|-damage|p1a: Ogerpon|71\/100\n|\n|upkeep\n|turn|5\n|inactive|DaAwesomeMiradion has 120 seconds left.\n|\n|t:|1700443728\n|move|p1a: Ogerpon|Swords Dance|p1a: Ogerpon\n|-boost|p1a: Ogerpon|atk|2\n|move|p2a: Swampert|Darkest Lariat|p1a: Ogerpon\n|-damage|p1a: Ogerpon|39\/100\n|\n|upkeep\n|turn|6\n|\n|t:|1700443736\n|switch|p2a: Entei|Entei|20\/100\n|move|p1a: Ogerpon|Horn Leech|p2a: Entei\n|-resisted|p2a: Entei\n|-damage|p2a: Entei|0 fnt\n|-heal|p1a: Ogerpon|51\/100|[from] drain|[of] p2a: Entei\n|faint|p2a: Entei\n|\n|upkeep\n|inactive|DaAwesomeMiradion has 120 seconds left.\n|\n|t:|1700443749\n|switch|p2a: Banette|Banette, M|100\/100\n|-item|p1a: Ogerpon|Wellspring Mask|[from] ability: Frisk|[of] p2a: Banette|[identify]\n|turn|7\n|\n|t:|1700443757\n|-terastallize|p1a: Ogerpon|Water\n|detailschange|p1a: Ogerpon|Ogerpon-Wellspring-Tera, F, tera:Water\n|-ability|p1a: Ogerpon|Embody Aspect (Wellspring)|boost\n|-boost|p1a: Ogerpon|spd|1\n|move|p1a: Ogerpon|Horn Leech|p2a: Banette\n|-damage|p2a: Banette|0 fnt\n|-heal|p1a: Ogerpon|96\/100|[from] drain|[of] p2a: Banette\n|faint|p2a: Banette\n|\n|upkeep\n|inactive|DaAwesomeMiradion has 120 seconds left.\n|\n|t:|1700443768\n|switch|p2a: Hoopa|Hoopa-Unbound|100\/100\n|turn|8\n|inactive|DaAwesomeMiradion has 120 seconds left.\n|\n|t:|1700443795\n|move|p1a: Ogerpon|Ivy Cudgel|p2a: Hoopa|[anim] Ivy Cudgel Water\n|-damage|p2a: Hoopa|0 fnt\n|faint|p2a: Hoopa\n|\n|upkeep\n|\n|t:|1700443800\n|switch|p2a: Electivire|Electivire, F, shiny|100\/100\n|turn|9\n|\n|t:|1700443810\n|-terastallize|p2a: Electivire|Electric\n|move|p1a: Ogerpon|Ivy Cudgel|p2a: Electivire|[anim] Ivy Cudgel Water\n|-damage|p2a: Electivire|0 fnt\n|faint|p2a: Electivire\n|\n|upkeep\n|\n|t:|1700443817\n|switch|p2a: Mew|Mew|100\/100\n|turn|10\n|\n|t:|1700443824\n|move|p1a: Ogerpon|Knock Off|p2a: Mew\n|-supereffective|p2a: Mew\n|-damage|p2a: Mew|0 fnt\n|faint|p2a: Mew\n|\n|upkeep\n|\n|t:|1700443828\n|switch|p2a: Swampert|Swampert, M|73\/100\n|turn|11\n|inactive|DaAwesomeMiradion has 120 seconds left.\n|n|!DaAwesomeMiradion|daawesomemiradion\n|\n|t:|1700443853\n|detailschange|p2a: Swampert|Swampert-Mega, M\n|-mega|p2a: Swampert|Swampert|Swampertite\n|move|p1a: Ogerpon|Horn Leech|p2a: Swampert\n|-supereffective|p2a: Swampert\n|-damage|p2a: Swampert|0 fnt\n|-heal|p1a: Ogerpon|100\/100|[from] drain|[of] p2a: Swampert\n|faint|p2a: Swampert\n|\n|win|MrBearmanchild\n|raw|MrBearmanchild's rating: 1102 &rarr; <strong>1122<\/strong><br \/>(+20 for winning)\n|raw|DaAwesomeMiradion's rating: 1030 &rarr; <strong>1018<\/strong><br \/>(-12 for losing)\n|l|!DaAwesomeMiradion\n","uploadtime":1700443841,"views":4,"p1id":"mrbearmanchild","p2id":"daawesomemiradion","formatid":"gen9nationaldex","rating":1018,"private":0,"password":""}