{"id":"gen9nationaldex-1988672372","p1":"MMQZA6","p2":"kom.moom","format":"[Gen 9] National Dex","log":"|j|\u2606MMQZA6\n|j|\u2606kom.moom\n|t:|1699748867\n|gametype|singles\n|player|p1|MMQZA6|169|1540\n|player|p2|kom.moom|169|1459\n|teamsize|p1|6\n|teamsize|p2|6\n|gen|9\n|tier|[Gen 9] National Dex\n|rated|\n|rule|HP Percentage Mod: HP is shown in percentages\n|rule|Endless Battle Clause: Forcing endless battles is banned\n|rule|OHKO Clause: OHKO moves are banned\n|rule|Evasion Clause: Evasion abilities, items, and moves are banned\n|rule|Evasion Abilities Clause: Evasion abilities are banned\n|rule|Evasion Items Clause: Evasion items are banned\n|rule|Evasion Moves Clause: Evasion moves are banned\n|rule|Species Clause: Limit one of each Pok\u00e9mon\n|rule|Sleep Clause Mod: Limit one foe put to sleep\n|clearpoke\n|poke|p1|Hatterene, F|\n|poke|p1|Ninetales-Alola, M|\n|poke|p1|Garchomp, F|\n|poke|p1|Glimmora, M|\n|poke|p1|Volcarona, F|\n|poke|p1|Zamazenta-*|\n|poke|p2|Beedrill, F|\n|poke|p2|Honchkrow, F|\n|poke|p2|Sableye, F|\n|poke|p2|Zapdos-Galar|\n|poke|p2|Komala, M|\n|poke|p2|Tentacruel, F|\n|teampreview\n|inactive|Battle timer is ON: inactive players will automatically lose when time's up. (requested by kom.moom)\n|\n|t:|1699748883\n|start\n|switch|p1a: Glimmora|Glimmora, M|100\/100\n|switch|p2a: Beedrill|Beedrill, F|100\/100\n|turn|1\n|\n|t:|1699748889\n|detailschange|p2a: Beedrill|Beedrill-Mega, F\n|-mega|p2a: Beedrill|Beedrill|Beedrillite\n|move|p2a: Beedrill|Drill Run|p1a: Glimmora\n|-supereffective|p1a: Glimmora\n|-enditem|p1a: Glimmora|Focus Sash\n|-damage|p1a: Glimmora|1\/100\n|-activate|p1a: Glimmora|ability: Toxic Debris\n|-sidestart|p2: kom.moom|move: Toxic Spikes\n|move|p1a: Glimmora|Stealth Rock|p2a: Beedrill\n|-sidestart|p2: kom.moom|move: Stealth Rock\n|\n|upkeep\n|turn|2\n|\n|t:|1699748899\n|move|p2a: Beedrill|Poison Jab|p1a: Glimmora\n|-resisted|p1a: Glimmora\n|-damage|p1a: Glimmora|0 fnt\n|-activate|p1a: Glimmora|ability: Toxic Debris\n|-sidestart|p2: kom.moom|move: Toxic Spikes\n|faint|p1a: Glimmora\n|\n|upkeep\n|\n|t:|1699748918\n|switch|p1a: Garchomp|Garchomp, F|100\/100\n|turn|3\n|\n|t:|1699748935\n|move|p2a: Beedrill|U-turn|p1a: Garchomp\n|-damage|p1a: Garchomp|43\/100\n|-damage|p2a: Beedrill|88\/100|[from] ability: Rough Skin|[of] p1a: Garchomp\n|\n|t:|1699748942\n|switch|p2a: Zapdos|Zapdos-Galar|100\/100|[from] U-turn\n|-damage|p2a: Zapdos|88\/100|[from] Stealth Rock\n|move|p1a: Garchomp|Swords Dance|p1a: Garchomp\n|-boost|p1a: Garchomp|atk|2\n|\n|-heal|p2a: Zapdos|94\/100|[from] item: Leftovers\n|upkeep\n|turn|4\n|\n|t:|1699748951\n|move|p1a: Garchomp|Scale Shot|p2a: Zapdos\n|-damage|p2a: Zapdos|75\/100\n|-damage|p2a: Zapdos|53\/100\n|-damage|p2a: Zapdos|34\/100\n|-damage|p2a: Zapdos|13\/100\n|-damage|p2a: Zapdos|0 fnt\n|faint|p2a: Zapdos\n|-hitcount|p2: Zapdos|5\n|-unboost|p1a: Garchomp|def|1\n|-boost|p1a: Garchomp|spe|1\n|\n|upkeep\n|\n|t:|1699748966\n|switch|p2a: Tentacruel|Tentacruel, F|100\/100\n|-sideend|p2: kom.moom|move: Toxic Spikes|[of] p2a: Tentacruel\n|-damage|p2a: Tentacruel|88\/100|[from] Stealth Rock\n|turn|5\n|\n|t:|1699748976\n|move|p1a: Garchomp|Earthquake|p2a: Tentacruel\n|-supereffective|p2a: Tentacruel\n|-damage|p2a: Tentacruel|0 fnt\n|faint|p2a: Tentacruel\n|\n|upkeep\n|\n|t:|1699748978\n|switch|p2a: Sableye|Sableye, F|100\/100\n|-damage|p2a: Sableye|88\/100|[from] Stealth Rock\n|turn|6\n|\n|t:|1699748991\n|move|p2a: Sableye|Will-O-Wisp|p1a: Garchomp\n|-status|p1a: Garchomp|brn\n|move|p1a: Garchomp|Scale Shot|p2a: Sableye\n|-damage|p2a: Sableye|71\/100\n|-damage|p2a: Sableye|52\/100\n|-damage|p2a: Sableye|36\/100\n|-damage|p2a: Sableye|18\/100\n|-damage|p2a: Sableye|0 fnt\n|faint|p2a: Sableye\n|-hitcount|p2: Sableye|5\n|-unboost|p1a: Garchomp|def|1\n|-boost|p1a: Garchomp|spe|1\n|\n|-damage|p1a: Garchomp|37\/100 brn|[from] brn\n|upkeep\n|\n|t:|1699748999\n|switch|p2a: Komala|Komala, M|100\/100\n|-damage|p2a: Komala|88\/100|[from] Stealth Rock\n|-ability|p2a: Komala|Comatose\n|turn|7\n|\n|t:|1699749003\n|move|p1a: Garchomp|Scale Shot|p2a: Komala\n|-damage|p2a: Komala|70\/100\n|-damage|p2a: Komala|52\/100\n|-crit|p2a: Komala\n|-damage|p2a: Komala|25\/100\n|-damage|p2a: Komala|7\/100\n|-hitcount|p2a: Komala|4\n|-unboost|p1a: Garchomp|def|1\n|-boost|p1a: Garchomp|spe|1\n|move|p2a: Komala|Sleep Talk|p2a: Komala\n|move|p2a: Komala|Last Resort|p1a: Garchomp|[from]move: Sleep Talk\n|-damage|p1a: Garchomp|0 fnt\n|-damage|p2a: Komala|0 fnt|[from] ability: Rough Skin|[of] p1a: Garchomp\n|faint|p1a: Garchomp\n|faint|p2a: Komala\n|\n|upkeep\n|\n|t:|1699749030\n|switch|p1a: Ninetales|Ninetales-Alola, M|100\/100\n|switch|p2a: Beedrill|Beedrill-Mega, F|88\/100\n|-damage|p2a: Beedrill|64\/100|[from] Stealth Rock\n|-weather|Snow|[from] ability: Snow Warning|[of] p1a: Ninetales\n|turn|8\n|\n|t:|1699749034\n|-terastallize|p1a: Ninetales|Water\n|move|p2a: Beedrill|Poison Jab|p1a: Ninetales\n|-damage|p1a: Ninetales|19\/100\n|move|p1a: Ninetales|Aurora Veil|p1a: Ninetales\n|-sidestart|p1: MMQZA6|move: Aurora Veil\n|\n|-weather|Snow|[upkeep]\n|upkeep\n|turn|9\n|\n|t:|1699749040\n|move|p2a: Beedrill|Brick Break|p1a: Ninetales\n|-sideend|p1: MMQZA6|move: Aurora Veil\n|-damage|p1a: Ninetales|0 fnt\n|faint|p1a: Ninetales\n|\n|-weather|Snow|[upkeep]\n|upkeep\n|\n|t:|1699749059\n|switch|p1a: Zamazenta|Zamazenta|100\/100\n|-ability|p1a: Zamazenta|Dauntless Shield|boost\n|-boost|p1a: Zamazenta|def|1\n|turn|10\n|\n|t:|1699749071\n|move|p2a: Beedrill|U-turn|p1a: Zamazenta\n|-resisted|p1a: Zamazenta\n|-damage|p1a: Zamazenta|82\/100\n|\n|t:|1699749074\n|switch|p2a: Honchkrow|Honchkrow, F|100\/100|[from] U-turn\n|-damage|p2a: Honchkrow|76\/100|[from] Stealth Rock\n|move|p1a: Zamazenta|Iron Head|p2a: Honchkrow\n|-damage|p2a: Honchkrow|24\/100\n|\n|-weather|Snow|[upkeep]\n|upkeep\n|turn|11\n|\n|t:|1699749079\n|-terastallize|p2a: Honchkrow|Flying\n|move|p1a: Zamazenta|Iron Head|p2a: Honchkrow\n|-damage|p2a: Honchkrow|0 fnt\n|faint|p2a: Honchkrow\n|\n|-weather|Snow|[upkeep]\n|upkeep\n|\n|t:|1699749082\n|switch|p2a: Beedrill|Beedrill-Mega, F|64\/100\n|-damage|p2a: Beedrill|39\/100|[from] Stealth Rock\n|turn|12\n|\n|t:|1699749085\n|move|p2a: Beedrill|Poison Jab|p1a: Zamazenta\n|-damage|p1a: Zamazenta|46\/100\n|-status|p1a: Zamazenta|psn\n|-zpower|p1a: Zamazenta\n|move|p1a: Zamazenta|Black Hole Eclipse|p2a: Beedrill|[zeffect]\n|-damage|p2a: Beedrill|0 fnt\n|faint|p2a: Beedrill\n|\n|win|MMQZA6\n|raw|MMQZA6's rating: 1540 &rarr; <strong>1555<\/strong><br \/>(+15 for winning)\n|raw|kom.moom's rating: 1459 &rarr; <strong>1444<\/strong><br \/>(-15 for losing)\n|l|\u2606kom.moom\n","uploadtime":1699749097,"views":4,"p1id":"mmqza6","p2id":"kommoom","formatid":"gen9nationaldex","rating":1444,"private":0,"password":""}