{"id":"gen9nationaldex-1999538613","p1":"gen4>gen1","p2":"chuyuejd","format":"[Gen 9] National Dex","log":"|html|<div class=\"broadcast-blue\"><strong>[Gen 9] National Dex is currently suspecting Sneasler! For information on how to participate check out the <a href=\"https:\/\/www.smogon.com\/forums\/threads\/sv-national-dex-suspect-8-just-dance.3731534\/\">suspect thread<\/a>.<\/strong><\/div>\n|j|\u2606gen4>gen1\n|j|\u2606chuyuejd\n|t:|1701093956\n|gametype|singles\n|player|p1|gen4>gen1|lucas|1169\n|player|p2|chuyuejd|ingo|1260\n|teamsize|p1|6\n|teamsize|p2|6\n|gen|9\n|tier|[Gen 9] National Dex\n|rated|\n|rule|HP Percentage Mod: HP is shown in percentages\n|rule|Endless Battle Clause: Forcing endless battles is banned\n|rule|OHKO Clause: OHKO moves are banned\n|rule|Evasion Clause: Evasion abilities, items, and moves are banned\n|rule|Evasion Abilities Clause: Evasion abilities are banned\n|rule|Evasion Items Clause: Evasion items are banned\n|rule|Evasion Moves Clause: Evasion moves are banned\n|rule|Species Clause: Limit one of each Pok\u00e9mon\n|rule|Sleep Clause Mod: Limit one foe put to sleep\n|clearpoke\n|poke|p1|Rillaboom, F|\n|poke|p1|Garchomp, F|\n|poke|p1|Salamence, M|\n|poke|p1|Kartana|\n|poke|p1|Grimmsnarl, M|\n|poke|p1|Cinderace, M|\n|poke|p2|Gliscor, F|\n|poke|p2|Alomomola, M|\n|poke|p2|Garganacl, F|\n|poke|p2|Aegislash, M|\n|poke|p2|Scizor, M|\n|poke|p2|Skeledirge, F|\n|teampreview\n|inactive|Battle timer is ON: inactive players will automatically lose when time's up. (requested by gen4>gen1)\n|\n|t:|1701093969\n|start\n|switch|p1a: Rillaboom|Rillaboom, F|100\/100\n|switch|p2a: Garganacl|Garganacl, F|100\/100\n|-fieldstart|move: Grassy Terrain|[from] ability: Grassy Surge|[of] p1a: Rillaboom\n|turn|1\n|\n|t:|1701093980\n|-terastallize|p2a: Garganacl|Ghost\n|move|p1a: Rillaboom|Wood Hammer|p2a: Garganacl\n|-damage|p2a: Garganacl|29\/100\n|-damage|p1a: Rillaboom|74\/100|[from] Recoil\n|move|p2a: Garganacl|Stealth Rock|p1a: Rillaboom\n|-sidestart|p1: gen4>gen1|move: Stealth Rock\n|\n|-heal|p1a: Rillaboom|80\/100|[from] Grassy Terrain\n|-heal|p2a: Garganacl|35\/100|[from] Grassy Terrain\n|upkeep\n|turn|2\n|\n|t:|1701093996\n|switch|p2a: Scizor|Scizor, M|100\/100\n|move|p1a: Rillaboom|Wood Hammer|p2a: Scizor\n|-resisted|p2a: Scizor\n|-damage|p2a: Scizor|75\/100\n|-damage|p1a: Rillaboom|71\/100|[from] Recoil\n|\n|-heal|p1a: Rillaboom|77\/100|[from] Grassy Terrain\n|-heal|p2a: Scizor|81\/100|[from] Grassy Terrain\n|upkeep\n|turn|3\n|\n|t:|1701094006\n|switch|p1a: Cinderace|Cinderace, M|100\/100\n|-damage|p1a: Cinderace|76\/100|[from] Stealth Rock\n|detailschange|p2a: Scizor|Scizor-Mega, M\n|-mega|p2a: Scizor|Scizor|Scizorite\n|move|p2a: Scizor|Knock Off|p1a: Cinderace\n|-damage|p1a: Cinderace|27\/100\n|-enditem|p1a: Cinderace|Scope Lens|[from] move: Knock Off|[of] p2a: Scizor\n|\n|-heal|p1a: Cinderace|33\/100|[from] Grassy Terrain\n|-heal|p2a: Scizor|87\/100|[from] Grassy Terrain\n|upkeep\n|turn|4\n|\n|t:|1701094021\n|move|p2a: Scizor|Bullet Punch|p1a: Cinderace\n|-resisted|p1a: Cinderace\n|-damage|p1a: Cinderace|11\/100\n|move|p1a: Cinderace|Blaze Kick|p2a: Scizor\n|-supereffective|p2a: Scizor\n|-damage|p2a: Scizor|0 fnt\n|faint|p2a: Scizor\n|\n|-heal|p1a: Cinderace|17\/100|[from] Grassy Terrain\n|upkeep\n|\n|t:|1701094031\n|switch|p2a: Skeledirge|Skeledirge, F|100\/100\n|turn|5\n|\n|t:|1701094044\n|switch|p2a: Gliscor|Gliscor, F|100\/100\n|move|p1a: Cinderace|Sucker Punch||[still]\n|-fail|p1a: Cinderace\n|\n|-heal|p1a: Cinderace|23\/100|[from] Grassy Terrain\n|-fieldend|move: Grassy Terrain\n|-status|p2a: Gliscor|tox|[from] item: Toxic Orb\n|upkeep\n|turn|6\n|\n|t:|1701094054\n|-terastallize|p1a: Cinderace|Fire\n|move|p1a: Cinderace|Blaze Kick|p2a: Gliscor\n|-damage|p2a: Gliscor|60\/100 tox\n|move|p2a: Gliscor|Spikes|p1a: Cinderace\n|-sidestart|p1: gen4>gen1|Spikes\n|\n|-heal|p2a: Gliscor|73\/100 tox|[from] ability: Poison Heal\n|upkeep\n|turn|7\n|\n|t:|1701094067\n|move|p1a: Cinderace|Blaze Kick|p2a: Gliscor\n|-crit|p2a: Gliscor\n|-damage|p2a: Gliscor|3\/100 tox\n|move|p2a: Gliscor|Spikes|p1a: Cinderace\n|-sidestart|p1: gen4>gen1|Spikes\n|\n|-heal|p2a: Gliscor|16\/100 tox|[from] ability: Poison Heal\n|upkeep\n|turn|8\n|\n|t:|1701094073\n|move|p2a: Gliscor|Protect|p2a: Gliscor\n|-singleturn|p2a: Gliscor|Protect\n|move|p1a: Cinderace|Blaze Kick|p2a: Gliscor\n|-activate|p2a: Gliscor|move: Protect\n|\n|-heal|p2a: Gliscor|28\/100 tox|[from] ability: Poison Heal\n|upkeep\n|turn|9\n|\n|t:|1701094079\n|switch|p2a: Alomomola|Alomomola, M|100\/100\n|move|p1a: Cinderace|Pyro Ball|p2a: Alomomola\n|-resisted|p2a: Alomomola\n|-damage|p2a: Alomomola|80\/100\n|\n|upkeep\n|turn|10\n|\n|t:|1701094087\n|move|p1a: Cinderace|Blaze Kick|p2a: Alomomola\n|-resisted|p2a: Alomomola\n|-damage|p2a: Alomomola|65\/100\n|move|p2a: Alomomola|Wish|p2a: Alomomola\n|\n|upkeep\n|turn|11\n|\n|t:|1701094092\n|move|p1a: Cinderace|Blaze Kick|p2a: Alomomola\n|-resisted|p2a: Alomomola\n|-damage|p2a: Alomomola|52\/100\n|move|p2a: Alomomola|Toxic|p1a: Cinderace\n|-status|p1a: Cinderace|tox\n|\n|-heal|p2a: Alomomola|100\/100|[from] move: Wish|[wisher] Alomomola\n|-damage|p1a: Cinderace|17\/100 tox|[from] psn\n|upkeep\n|turn|12\n|\n|t:|1701094099\n|move|p1a: Cinderace|Blaze Kick|p2a: Alomomola\n|-resisted|p2a: Alomomola\n|-damage|p2a: Alomomola|86\/100\n|move|p2a: Alomomola|Wish|p2a: Alomomola\n|\n|-damage|p1a: Cinderace|5\/100 tox|[from] psn\n|upkeep\n|turn|13\n|\n|t:|1701094104\n|move|p1a: Cinderace|Blaze Kick|p2a: Alomomola\n|-resisted|p2a: Alomomola\n|-damage|p2a: Alomomola|72\/100\n|move|p2a: Alomomola|Flip Turn|p1a: Cinderace\n|-supereffective|p1a: Cinderace\n|-damage|p1a: Cinderace|0 fnt\n|faint|p1a: Cinderace\n|\n|t:|1701094124\n|switch|p2a: Garganacl|Garganacl, F, tera:Ghost|35\/100|[from] Flip Turn\n|\n|-heal|p2a: Garganacl|100\/100|[from] move: Wish|[wisher] Alomomola\n|upkeep\n|\n|t:|1701094130\n|switch|p1a: Rillaboom|Rillaboom, F|77\/100\n|-damage|p1a: Rillaboom|65\/100|[from] Stealth Rock\n|-damage|p1a: Rillaboom|49\/100|[from] Spikes\n|-fieldstart|move: Grassy Terrain|[from] ability: Grassy Surge|[of] p1a: Rillaboom\n|turn|14\n|\n|t:|1701094136\n|move|p1a: Rillaboom|Wood Hammer|p2a: Garganacl\n|-damage|p2a: Garganacl|24\/100\n|-damage|p1a: Rillaboom|20\/100|[from] Recoil\n|move|p2a: Garganacl|Iron Defense|p2a: Garganacl\n|-boost|p2a: Garganacl|def|2\n|\n|-heal|p1a: Rillaboom|26\/100|[from] Grassy Terrain\n|-heal|p2a: Garganacl|30\/100|[from] Grassy Terrain\n|upkeep\n|turn|15\n|\n|t:|1701094154\n|switch|p2a: Skeledirge|Skeledirge, F|100\/100\n|move|p1a: Rillaboom|Wood Hammer|p2a: Skeledirge\n|-resisted|p2a: Skeledirge\n|-damage|p2a: Skeledirge|53\/100\n|-damage|p1a: Rillaboom|7\/100|[from] Recoil\n|\n|-heal|p1a: Rillaboom|13\/100|[from] Grassy Terrain\n|-heal|p2a: Skeledirge|59\/100|[from] Grassy Terrain\n|upkeep\n|turn|16\n|\n|t:|1701094161\n|move|p1a: Rillaboom|Wood Hammer|p2a: Skeledirge\n|-resisted|p2a: Skeledirge\n|-damage|p2a: Skeledirge|7\/100\n|-damage|p1a: Rillaboom|0 fnt|[from] Recoil\n|faint|p1a: Rillaboom\n|move|p2a: Skeledirge|Slack Off|p2a: Skeledirge\n|-heal|p2a: Skeledirge|58\/100\n|\n|-heal|p2a: Skeledirge|64\/100|[from] Grassy Terrain\n|upkeep\n|\n|t:|1701094179\n|switch|p1a: Salamence|Salamence, M|100\/100\n|-damage|p1a: Salamence|76\/100|[from] Stealth Rock\n|turn|17\n|\n|t:|1701094185\n|move|p1a: Salamence|Earthquake|p2a: Skeledirge\n|-supereffective|p2a: Skeledirge\n|-damage|p2a: Skeledirge|34\/100\n|move|p2a: Skeledirge|Will-O-Wisp|p1a: Salamence\n|-status|p1a: Salamence|brn\n|\n|-heal|p2a: Skeledirge|40\/100|[from] Grassy Terrain\n|-damage|p1a: Salamence|70\/100 brn|[from] brn\n|upkeep\n|turn|18\n|\n|t:|1701094192\n|move|p1a: Salamence|Earthquake|p2a: Skeledirge\n|-supereffective|p2a: Skeledirge\n|-damage|p2a: Skeledirge|24\/100\n|move|p2a: Skeledirge|Slack Off|p2a: Skeledirge\n|-heal|p2a: Skeledirge|74\/100\n|\n|-heal|p2a: Skeledirge|80\/100|[from] Grassy Terrain\n|-damage|p1a: Salamence|64\/100 brn|[from] brn\n|-fieldend|move: Grassy Terrain\n|upkeep\n|turn|19\n|\n|t:|1701094197\n|move|p1a: Salamence|Earthquake|p2a: Skeledirge\n|-supereffective|p2a: Skeledirge\n|-damage|p2a: Skeledirge|50\/100\n|move|p2a: Skeledirge|Hex|p1a: Salamence\n|-damage|p1a: Salamence|2\/100 brn\n|\n|-damage|p1a: Salamence|0 fnt|[from] brn\n|faint|p1a: Salamence\n|upkeep\n|\n|t:|1701094200\n|switch|p1a: Garchomp|Garchomp, F|100\/100\n|-damage|p1a: Garchomp|94\/100|[from] Stealth Rock\n|-damage|p1a: Garchomp|78\/100|[from] Spikes\n|turn|20\n|\n|t:|1701094206\n|move|p1a: Garchomp|Scale Shot|p2a: Skeledirge\n|-damage|p2a: Skeledirge|39\/100\n|-damage|p2a: Skeledirge|29\/100\n|-damage|p2a: Skeledirge|18\/100\n|-damage|p2a: Skeledirge|5\/100\n|-damage|p2a: Skeledirge|0 fnt\n|faint|p2a: Skeledirge\n|-hitcount|p2: Skeledirge|5\n|-unboost|p1a: Garchomp|def|1\n|-boost|p1a: Garchomp|spe|1\n|\n|upkeep\n|\n|t:|1701094216\n|switch|p2a: Alomomola|Alomomola, M|100\/100\n|turn|21\n|\n|t:|1701094221\n|move|p1a: Garchomp|Scale Shot|p2a: Alomomola\n|-damage|p2a: Alomomola|93\/100\n|-damage|p2a: Alomomola|85\/100\n|-damage|p2a: Alomomola|78\/100\n|-crit|p2a: Alomomola\n|-damage|p2a: Alomomola|67\/100\n|-damage|p2a: Alomomola|60\/100\n|-hitcount|p2a: Alomomola|5\n|-unboost|p1a: Garchomp|def|1\n|-boost|p1a: Garchomp|spe|1\n|move|p2a: Alomomola|Toxic|p1a: Garchomp\n|-status|p1a: Garchomp|tox\n|\n|-damage|p1a: Garchomp|72\/100 tox|[from] psn\n|upkeep\n|turn|22\n|\n|t:|1701094228\n|move|p2a: Alomomola|Protect|p2a: Alomomola\n|-singleturn|p2a: Alomomola|Protect\n|move|p1a: Garchomp|Earthquake|p2a: Alomomola\n|-activate|p2a: Alomomola|move: Protect\n|\n|-damage|p1a: Garchomp|59\/100 tox|[from] psn\n|upkeep\n|turn|23\n|\n|t:|1701094236\n|move|p1a: Garchomp|Earthquake|p2a: Alomomola\n|-damage|p2a: Alomomola|31\/100\n|move|p2a: Alomomola|Wish|p2a: Alomomola\n|\n|-damage|p1a: Garchomp|41\/100 tox|[from] psn\n|upkeep\n|turn|24\n|\n|t:|1701094241\n|move|p2a: Alomomola|Protect|p2a: Alomomola\n|-singleturn|p2a: Alomomola|Protect\n|move|p1a: Garchomp|Earthquake|p2a: Alomomola\n|-activate|p2a: Alomomola|move: Protect\n|\n|-heal|p2a: Alomomola|81\/100|[from] move: Wish|[wisher] Alomomola\n|-damage|p1a: Garchomp|16\/100 tox|[from] psn\n|upkeep\n|turn|25\n|\n|t:|1701094248\n|move|p1a: Garchomp|Earthquake|p2a: Alomomola\n|-damage|p2a: Alomomola|51\/100\n|move|p2a: Alomomola|Wish|p2a: Alomomola\n|\n|-damage|p1a: Garchomp|0 fnt|[from] psn\n|faint|p1a: Garchomp\n|upkeep\n|c|\u2606gen4>gen1|ur such a fucking loser its insane\n|\n|t:|1701094253\n|switch|p1a: Kartana|Kartana|100\/100\n|-damage|p1a: Kartana|94\/100|[from] Stealth Rock\n|-damage|p1a: Kartana|78\/100|[from] Spikes\n|turn|26\n|\n|t:|1701094271\n|switch|p2a: Gliscor|Gliscor, F|28\/100 tox\n|move|p1a: Kartana|Knock Off|p2a: Gliscor\n|-damage|p2a: Gliscor|0 fnt\n|-enditem|p2a: Gliscor|Toxic Orb|[from] move: Knock Off|[of] p1a: Kartana\n|faint|p2a: Gliscor\n|-ability|p1a: Kartana|Beast Boost|boost\n|-boost|p1a: Kartana|atk|1\n|\n|upkeep\n|\n|t:|1701094280\n|switch|p2a: Garganacl|Garganacl, F, tera:Ghost|30\/100\n|turn|27\n|\n|t:|1701094284\n|move|p1a: Kartana|Knock Off|p2a: Garganacl\n|-supereffective|p2a: Garganacl\n|-damage|p2a: Garganacl|0 fnt\n|-enditem|p2a: Garganacl|Heavy-Duty Boots|[from] move: Knock Off|[of] p1a: Kartana\n|faint|p2a: Garganacl\n|-ability|p1a: Kartana|Beast Boost|boost\n|-boost|p1a: Kartana|atk|1\n|\n|upkeep\n|\n|t:|1701094292\n|switch|p2a: Alomomola|Alomomola, M|84\/100\n|turn|28\n|-message|chuyuejd forfeited.\n|\n|win|gen4>gen1\n|raw|gen4&gt;gen1's rating: 1169 &rarr; <strong>1200<\/strong><br \/>(+31 for winning)\n|raw|chuyuejd's rating: 1260 &rarr; <strong>1229<\/strong><br \/>(-31 for losing)\n|l|\u2606chuyuejd\n","uploadtime":1701094251,"views":1,"p1id":"gen4gen1","p2id":"chuyuejd","formatid":"gen9nationaldex","rating":1200,"private":0,"password":""}