{"id":"gen9nationaldex-1994562429","p1":"NDSNEZ Ranko","p2":"sleeply snorlax","format":"[Gen 9] National Dex","log":"|html|<div class=\"broadcast-blue\"><strong>[Gen 9] National Dex is currently suspecting Sneasler! For information on how to participate check out the <a href=\"https:\/\/www.smogon.com\/forums\/threads\/sv-national-dex-suspect-8-just-dance.3731534\/\">suspect thread<\/a>.<\/strong><\/div>\n|j|\u2606NDSNEZ Ranko\n|j|\u2606sleeply snorlax\n|t:|1700460324\n|gametype|singles\n|player|p1|NDSNEZ Ranko|hexmaniac-gen6|1320\n|player|p2|sleeply snorlax|barry|1335\n|teamsize|p1|6\n|teamsize|p2|6\n|gen|9\n|tier|[Gen 9] National Dex\n|rated|\n|rule|HP Percentage Mod: HP is shown in percentages\n|rule|Endless Battle Clause: Forcing endless battles is banned\n|rule|OHKO Clause: OHKO moves are banned\n|rule|Evasion Clause: Evasion abilities, items, and moves are banned\n|rule|Evasion Abilities Clause: Evasion abilities are banned\n|rule|Evasion Items Clause: Evasion items are banned\n|rule|Evasion Moves Clause: Evasion moves are banned\n|rule|Species Clause: Limit one of each Pok\u00e9mon\n|rule|Sleep Clause Mod: Limit one foe put to sleep\n|clearpoke\n|poke|p1|Toxapex, F|\n|poke|p1|Dondozo, F|\n|poke|p1|Gliscor, M|\n|poke|p1|Blissey, F|\n|poke|p1|Corviknight, F|\n|poke|p1|Tyranitar, M|\n|poke|p2|Pelipper, F|\n|poke|p2|Swampert, M|\n|poke|p2|Ferrothorn, M|\n|poke|p2|Zapdos|\n|poke|p2|Greninja-*, M|\n|poke|p2|Toxapex, M|\n|teampreview\n|inactive|Battle timer is ON: inactive players will automatically lose when time's up. (requested by NDSNEZ Ranko)\n|\n|t:|1700460330\n|start\n|switch|p1a: Gliscor|Gliscor, M|100\/100\n|switch|p2a: \u94c1\u76d8\u575a\u679c|Ferrothorn, M|100\/100\n|turn|1\n|\n|t:|1700460337\n|move|p1a: Gliscor|Spikes|p2a: \u94c1\u76d8\u575a\u679c\n|-sidestart|p2: sleeply snorlax|Spikes\n|move|p2a: \u94c1\u76d8\u575a\u679c|Knock Off|p1a: Gliscor\n|-damage|p1a: Gliscor|87\/100\n|-enditem|p1a: Gliscor|Toxic Orb|[from] move: Knock Off|[of] p2a: \u94c1\u76d8\u575a\u679c\n|\n|upkeep\n|turn|2\n|\n|t:|1700460344\n|move|p1a: Gliscor|Spikes|p2a: \u94c1\u76d8\u575a\u679c\n|-sidestart|p2: sleeply snorlax|Spikes\n|move|p2a: \u94c1\u76d8\u575a\u679c|Leech Seed|p1a: Gliscor\n|-start|p1a: Gliscor|move: Leech Seed\n|\n|-damage|p1a: Gliscor|75\/100|[from] Leech Seed|[of] p2a: \u94c1\u76d8\u575a\u679c\n|upkeep\n|turn|3\n|\n|t:|1700460352\n|move|p1a: Gliscor|Spikes|p2a: \u94c1\u76d8\u575a\u679c\n|-sidestart|p2: sleeply snorlax|Spikes\n|move|p2a: \u94c1\u76d8\u575a\u679c|Spikes|p1a: Gliscor\n|-sidestart|p1: NDSNEZ Ranko|Spikes\n|\n|-damage|p1a: Gliscor|62\/100|[from] Leech Seed|[of] p2a: \u94c1\u76d8\u575a\u679c\n|upkeep\n|turn|4\n|\n|t:|1700460359\n|switch|p1a: Corviknight|Corviknight, F|100\/100\n|-ability|p1a: Corviknight|Pressure\n|move|p2a: \u94c1\u76d8\u575a\u679c|Knock Off|p1a: Corviknight\n|-damage|p1a: Corviknight|83\/100\n|-enditem|p1a: Corviknight|Leftovers|[from] move: Knock Off|[of] p2a: \u94c1\u76d8\u575a\u679c\n|\n|upkeep\n|turn|5\n|\n|t:|1700460367\n|switch|p1a: Toxapex|Toxapex, F|100\/100\n|move|p2a: \u94c1\u76d8\u575a\u679c|Leech Seed|p1a: Toxapex\n|-start|p1a: Toxapex|move: Leech Seed\n|\n|-damage|p1a: Toxapex|88\/100|[from] Leech Seed|[of] p2a: \u94c1\u76d8\u575a\u679c\n|upkeep\n|turn|6\n|\n|t:|1700460375\n|switch|p1a: Corviknight|Corviknight, F|83\/100\n|-ability|p1a: Corviknight|Pressure\n|move|p2a: \u94c1\u76d8\u575a\u679c|Knock Off|p1a: Corviknight\n|-damage|p1a: Corviknight|72\/100\n|\n|upkeep\n|turn|7\n|\n|t:|1700460383\n|switch|p1a: Toxapex|Toxapex, F|100\/100\n|move|p2a: \u94c1\u76d8\u575a\u679c|Knock Off|p1a: Toxapex\n|-damage|p1a: Toxapex|86\/100\n|-enditem|p1a: Toxapex|Heavy-Duty Boots|[from] move: Knock Off|[of] p2a: \u94c1\u76d8\u575a\u679c\n|\n|upkeep\n|turn|8\n|\n|t:|1700460392\n|switch|p1a: Corviknight|Corviknight, F|72\/100\n|-ability|p1a: Corviknight|Pressure\n|move|p2a: \u94c1\u76d8\u575a\u679c|Leech Seed|p1a: Corviknight\n|-start|p1a: Corviknight|move: Leech Seed\n|\n|-damage|p1a: Corviknight|60\/100|[from] Leech Seed|[of] p2a: \u94c1\u76d8\u575a\u679c\n|upkeep\n|turn|9\n|\n|t:|1700460402\n|move|p1a: Corviknight|Roost|p1a: Corviknight\n|-heal|p1a: Corviknight|100\/100\n|-singleturn|p1a: Corviknight|move: Roost\n|move|p2a: \u94c1\u76d8\u575a\u679c|Spikes|p1a: Corviknight\n|-sidestart|p1: NDSNEZ Ranko|Spikes\n|\n|-damage|p1a: Corviknight|88\/100|[from] Leech Seed|[of] p2a: \u94c1\u76d8\u575a\u679c\n|upkeep\n|turn|10\n|\n|t:|1700460410\n|switch|p1a: Toxapex|Toxapex, F|100\/100\n|-damage|p1a: Toxapex|84\/100|[from] Spikes\n|move|p2a: \u94c1\u76d8\u575a\u679c|Spikes|p1a: Toxapex\n|-sidestart|p1: NDSNEZ Ranko|Spikes\n|\n|upkeep\n|turn|11\n|\n|t:|1700460419\n|switch|p1a: Corviknight|Corviknight, F|88\/100\n|-ability|p1a: Corviknight|Pressure\n|move|p2a: \u94c1\u76d8\u575a\u679c|Knock Off|p1a: Corviknight\n|-damage|p1a: Corviknight|76\/100\n|\n|upkeep\n|turn|12\n|\n|t:|1700460428\n|switch|p2a: \u76d6\u9e25\u5361|Pelipper, F|100\/100\n|-weather|RainDance|[from] ability: Drizzle|[of] p2a: \u76d6\u9e25\u5361\n|move|p1a: Corviknight|Protect||[still]\n|-fail|p1a: Corviknight\n|\n|-weather|RainDance|[upkeep]\n|upkeep\n|turn|13\n|\n|t:|1700460438\n|move|p1a: Corviknight|Protect|p1a: Corviknight\n|-singleturn|p1a: Corviknight|Protect\n|move|p2a: \u76d6\u9e25\u5361|U-turn|p1a: Corviknight\n|-activate|p1a: Corviknight|move: Protect\n|\n|-weather|RainDance|[upkeep]\n|upkeep\n|turn|14\n|\n|t:|1700460445\n|move|p2a: \u76d6\u9e25\u5361|Scald|p1a: Corviknight\n|-damage|p1a: Corviknight|46\/100\n|-status|p1a: Corviknight|brn\n|move|p1a: Corviknight|Iron Head|p2a: \u76d6\u9e25\u5361\n|-resisted|p2a: \u76d6\u9e25\u5361\n|-damage|p2a: \u76d6\u9e25\u5361|94\/100\n|\n|-weather|RainDance|[upkeep]\n|-damage|p1a: Corviknight|40\/100 brn|[from] brn\n|upkeep\n|turn|15\n|\n|t:|1700460456\n|move|p2a: \u76d6\u9e25\u5361|Scald|p1a: Corviknight\n|-damage|p1a: Corviknight|11\/100 brn\n|move|p1a: Corviknight|Roost|p1a: Corviknight\n|-heal|p1a: Corviknight|61\/100 brn\n|-singleturn|p1a: Corviknight|move: Roost\n|\n|-weather|RainDance|[upkeep]\n|-damage|p1a: Corviknight|55\/100 brn|[from] brn\n|upkeep\n|turn|16\n|\n|t:|1700460466\n|switch|p1a: Tyranitar|Tyranitar, M|100\/100\n|-damage|p1a: Tyranitar|75\/100|[from] Spikes\n|-weather|Sandstorm|[from] ability: Sand Stream|[of] p1a: Tyranitar\n|move|p2a: \u76d6\u9e25\u5361|U-turn|p1a: Tyranitar\n|-supereffective|p1a: Tyranitar\n|-crit|p1a: Tyranitar\n|-damage|p1a: Tyranitar|56\/100\n|\n|t:|1700460475\n|switch|p2a: \u94c1\u76d8\u575a\u679c|Ferrothorn, M|100\/100|[from] U-turn\n|-damage|p2a: \u94c1\u76d8\u575a\u679c|75\/100|[from] Spikes\n|\n|-weather|Sandstorm|[upkeep]\n|-heal|p2a: \u94c1\u76d8\u575a\u679c|82\/100|[from] item: Leftovers\n|upkeep\n|turn|17\n|\n|t:|1700460483\n|detailschange|p1a: Tyranitar|Tyranitar-Mega, M\n|-mega|p1a: Tyranitar|Tyranitar|Tyranitarite\n|move|p1a: Tyranitar|Knock Off|p2a: \u94c1\u76d8\u575a\u679c\n|-damage|p2a: \u94c1\u76d8\u575a\u679c|47\/100\n|-damage|p1a: Tyranitar|43\/100|[from] ability: Iron Barbs|[of] p2a: \u94c1\u76d8\u575a\u679c\n|-enditem|p2a: \u94c1\u76d8\u575a\u679c|Leftovers|[from] move: Knock Off|[of] p1a: Tyranitar\n|move|p2a: \u94c1\u76d8\u575a\u679c|Leech Seed|p1a: Tyranitar\n|-start|p1a: Tyranitar|move: Leech Seed\n|\n|-weather|Sandstorm|[upkeep]\n|-damage|p1a: Tyranitar|31\/100|[from] Leech Seed|[of] p2a: \u94c1\u76d8\u575a\u679c\n|-heal|p2a: \u94c1\u76d8\u575a\u679c|61\/100|[silent]\n|upkeep\n|turn|18\n|\n|t:|1700460497\n|switch|p1a: Corviknight|Corviknight, F|55\/100 brn\n|-ability|p1a: Corviknight|Pressure\n|move|p2a: \u94c1\u76d8\u575a\u679c|Leech Seed|p1a: Corviknight\n|-start|p1a: Corviknight|move: Leech Seed\n|\n|-weather|Sandstorm|[upkeep]\n|-damage|p1a: Corviknight|42\/100 brn|[from] Leech Seed|[of] p2a: \u94c1\u76d8\u575a\u679c\n|-heal|p2a: \u94c1\u76d8\u575a\u679c|75\/100|[silent]\n|-damage|p1a: Corviknight|36\/100 brn|[from] brn\n|upkeep\n|turn|19\n|\n|t:|1700460508\n|switch|p2a: \u76d6\u9e25\u5361|Pelipper, F|94\/100\n|-weather|RainDance|[from] ability: Drizzle|[of] p2a: \u76d6\u9e25\u5361\n|move|p1a: Corviknight|Roost|p1a: Corviknight\n|-heal|p1a: Corviknight|86\/100 brn\n|-singleturn|p1a: Corviknight|move: Roost\n|\n|-weather|RainDance|[upkeep]\n|-damage|p1a: Corviknight|73\/100 brn|[from] Leech Seed|[of] p2a: \u76d6\u9e25\u5361\n|-heal|p2a: \u76d6\u9e25\u5361|100\/100|[silent]\n|-damage|p1a: Corviknight|67\/100 brn|[from] brn\n|upkeep\n|turn|20\n|\n|t:|1700460522\n|switch|p2a: \u95ea\u7535\u53ea\u56e0|Zapdos|100\/100\n|move|p1a: Corviknight|Defog|p2a: \u95ea\u7535\u53ea\u56e0\n|-unboost|p2a: \u95ea\u7535\u53ea\u56e0|evasion|1\n|-sideend|p2: sleeply snorlax|Spikes|[from] move: Defog|[of] p1a: Corviknight\n|-sideend|p1: NDSNEZ Ranko|Spikes|[from] move: Defog|[of] p1a: Corviknight\n|\n|-weather|RainDance|[upkeep]\n|-damage|p1a: Corviknight|55\/100 brn|[from] Leech Seed|[of] p2a: \u95ea\u7535\u53ea\u56e0\n|-damage|p1a: Corviknight|48\/100 brn|[from] brn\n|upkeep\n|turn|21\n|\n|t:|1700460533\n|switch|p1a: Blissey|Blissey, F|100\/100\n|move|p2a: \u95ea\u7535\u53ea\u56e0|Thunder|p1a: Blissey\n|-damage|p1a: Blissey|85\/100\n|\n|-weather|RainDance|[upkeep]\n|upkeep\n|turn|22\n|\n|t:|1700460542\n|switch|p2a: \u574f\u574f|Toxapex, M|100\/100\n|move|p1a: Blissey|Stealth Rock|p2a: \u574f\u574f\n|-sidestart|p2: sleeply snorlax|move: Stealth Rock\n|\n|-weather|RainDance|[upkeep]\n|upkeep\n|turn|23\n|\n|t:|1700460550\n|switch|p1a: Tyranitar|Tyranitar-Mega, M|31\/100\n|-weather|Sandstorm|[from] ability: Sand Stream|[of] p1a: Tyranitar\n|move|p2a: \u574f\u574f|Toxic|p1a: Tyranitar\n|-status|p1a: Tyranitar|tox\n|\n|-weather|Sandstorm|[upkeep]\n|-damage|p2a: \u574f\u574f|94\/100|[from] Sandstorm\n|-heal|p2a: \u574f\u574f|100\/100|[from] item: Leftovers\n|-damage|p1a: Tyranitar|25\/100 tox|[from] psn\n|upkeep\n|turn|24\n|\n|t:|1700460562\n|move|p2a: \u574f\u574f|Baneful Bunker|p2a: \u574f\u574f\n|-singleturn|p2a: \u574f\u574f|move: Protect\n|move|p1a: Tyranitar|Rest|p1a: Tyranitar\n|-status|p1a: Tyranitar|slp|[from] move: Rest\n|-heal|p1a: Tyranitar|100\/100 slp|[silent]\n|\n|-weather|Sandstorm|[upkeep]\n|-damage|p2a: \u574f\u574f|94\/100|[from] Sandstorm\n|-heal|p2a: \u574f\u574f|100\/100|[from] item: Leftovers\n|upkeep\n|turn|25\n|\n|t:|1700460576\n|-activate|p2a: \u574f\u574f|move: Pursuit\n|cant|p1a: Tyranitar|slp\n|switch|p2a: \u76d6\u9e25\u5361|Pelipper, F|100\/100\n|-damage|p2a: \u76d6\u9e25\u5361|76\/100|[from] Stealth Rock\n|-weather|RainDance|[from] ability: Drizzle|[of] p2a: \u76d6\u9e25\u5361\n|\n|-weather|RainDance|[upkeep]\n|upkeep\n|turn|26\n|\n|t:|1700460587\n|switch|p1a: Toxapex|Toxapex, F|100\/100\n|move|p2a: \u76d6\u9e25\u5361|Scald|p1a: Toxapex\n|-resisted|p1a: Toxapex\n|-damage|p1a: Toxapex|85\/100\n|-status|p1a: Toxapex|brn\n|\n|-weather|RainDance|[upkeep]\n|-damage|p1a: Toxapex|79\/100 brn|[from] brn\n|upkeep\n|turn|27\n|\n|t:|1700460598\n|switch|p2a: \u94c1\u76d8\u575a\u679c|Ferrothorn, M|75\/100\n|-damage|p2a: \u94c1\u76d8\u575a\u679c|69\/100|[from] Stealth Rock\n|move|p1a: Toxapex|Baneful Bunker||[still]\n|-fail|p1a: Toxapex\n|\n|-weather|RainDance|[upkeep]\n|-damage|p1a: Toxapex|73\/100 brn|[from] brn\n|upkeep\n|turn|28\n|\n|t:|1700460607\n|switch|p1a: Corviknight|Corviknight, F|48\/100 brn\n|-ability|p1a: Corviknight|Pressure\n|move|p2a: \u94c1\u76d8\u575a\u679c|Leech Seed|p1a: Corviknight\n|-start|p1a: Corviknight|move: Leech Seed\n|\n|-weather|RainDance|[upkeep]\n|-damage|p1a: Corviknight|36\/100 brn|[from] Leech Seed|[of] p2a: \u94c1\u76d8\u575a\u679c\n|-heal|p2a: \u94c1\u76d8\u575a\u679c|83\/100|[silent]\n|-damage|p1a: Corviknight|30\/100 brn|[from] brn\n|upkeep\n|turn|29\n|\n|t:|1700460618\n|switch|p2a: \u95ea\u7535\u53ea\u56e0|Zapdos|100\/100\n|move|p1a: Corviknight|Roost|p1a: Corviknight\n|-heal|p1a: Corviknight|80\/100 brn\n|-singleturn|p1a: Corviknight|move: Roost\n|\n|-weather|RainDance|[upkeep]\n|-damage|p1a: Corviknight|67\/100 brn|[from] Leech Seed|[of] p2a: \u95ea\u7535\u53ea\u56e0\n|-damage|p1a: Corviknight|61\/100 brn|[from] brn\n|upkeep\n|turn|30\n|\n|t:|1700460630\n|switch|p1a: Blissey|Blissey, F|85\/100\n|move|p2a: \u95ea\u7535\u53ea\u56e0|Defog|p1a: Blissey\n|-unboost|p1a: Blissey|evasion|1\n|-sideend|p2: sleeply snorlax|Stealth Rock|[from] move: Defog|[of] p2a: \u95ea\u7535\u53ea\u56e0\n|\n|-weather|RainDance|[upkeep]\n|upkeep\n|turn|31\n|\n|t:|1700460640\n|switch|p2a: \u94c1\u76d8\u575a\u679c|Ferrothorn, M|83\/100\n|move|p1a: Blissey|Seismic Toss|p2a: \u94c1\u76d8\u575a\u679c\n|-damage|p2a: \u94c1\u76d8\u575a\u679c|54\/100\n|-damage|p1a: Blissey|73\/100|[from] ability: Iron Barbs|[of] p2a: \u94c1\u76d8\u575a\u679c\n|\n|-weather|RainDance|[upkeep]\n|upkeep\n|turn|32\n|\n|t:|1700460649\n|switch|p1a: Corviknight|Corviknight, F|61\/100 brn\n|-ability|p1a: Corviknight|Pressure\n|move|p2a: \u94c1\u76d8\u575a\u679c|Leech Seed|p1a: Corviknight\n|-start|p1a: Corviknight|move: Leech Seed\n|\n|-weather|none\n|-damage|p1a: Corviknight|48\/100 brn|[from] Leech Seed|[of] p2a: \u94c1\u76d8\u575a\u679c\n|-heal|p2a: \u94c1\u76d8\u575a\u679c|69\/100|[silent]\n|-damage|p1a: Corviknight|42\/100 brn|[from] brn\n|upkeep\n|turn|33\n|\n|t:|1700460660\n|move|p1a: Corviknight|Roost|p1a: Corviknight\n|-heal|p1a: Corviknight|92\/100 brn\n|-singleturn|p1a: Corviknight|move: Roost\n|move|p2a: \u94c1\u76d8\u575a\u679c|Spikes|p1a: Corviknight\n|-sidestart|p1: NDSNEZ Ranko|Spikes\n|\n|-damage|p1a: Corviknight|80\/100 brn|[from] Leech Seed|[of] p2a: \u94c1\u76d8\u575a\u679c\n|-heal|p2a: \u94c1\u76d8\u575a\u679c|83\/100|[silent]\n|-damage|p1a: Corviknight|73\/100 brn|[from] brn\n|upkeep\n|turn|34\n|\n|t:|1700460670\n|move|p1a: Corviknight|Defog|p2a: \u94c1\u76d8\u575a\u679c\n|-unboost|p2a: \u94c1\u76d8\u575a\u679c|evasion|1\n|-sideend|p1: NDSNEZ Ranko|Spikes|[from] move: Defog|[of] p1a: Corviknight\n|move|p2a: \u94c1\u76d8\u575a\u679c|Spikes|p1a: Corviknight\n|-sidestart|p1: NDSNEZ Ranko|Spikes\n|\n|-damage|p1a: Corviknight|61\/100 brn|[from] Leech Seed|[of] p2a: \u94c1\u76d8\u575a\u679c\n|-heal|p2a: \u94c1\u76d8\u575a\u679c|97\/100|[silent]\n|-damage|p1a: Corviknight|55\/100 brn|[from] brn\n|upkeep\n|turn|35\n|\n|t:|1700460674\n|move|p1a: Corviknight|Defog|p2a: \u94c1\u76d8\u575a\u679c\n|-unboost|p2a: \u94c1\u76d8\u575a\u679c|evasion|1\n|-sideend|p1: NDSNEZ Ranko|Spikes|[from] move: Defog|[of] p1a: Corviknight\n|move|p2a: \u94c1\u76d8\u575a\u679c|Spikes|p1a: Corviknight\n|-sidestart|p1: NDSNEZ Ranko|Spikes\n|\n|-damage|p1a: Corviknight|42\/100 brn|[from] Leech Seed|[of] p2a: \u94c1\u76d8\u575a\u679c\n|-heal|p2a: \u94c1\u76d8\u575a\u679c|100\/100|[silent]\n|-damage|p1a: Corviknight|36\/100 brn|[from] brn\n|upkeep\n|turn|36\n|\n|t:|1700460684\n|move|p1a: Corviknight|Roost|p1a: Corviknight\n|-heal|p1a: Corviknight|86\/100 brn\n|-singleturn|p1a: Corviknight|move: Roost\n|move|p2a: \u94c1\u76d8\u575a\u679c|Spikes|p1a: Corviknight\n|-sidestart|p1: NDSNEZ Ranko|Spikes\n|\n|-damage|p1a: Corviknight|73\/100 brn|[from] Leech Seed|[of] p2a: \u94c1\u76d8\u575a\u679c\n|-damage|p1a: Corviknight|67\/100 brn|[from] brn\n|upkeep\n|turn|37\n|\n|t:|1700460694\n|move|p1a: Corviknight|Defog|p2a: \u94c1\u76d8\u575a\u679c\n|-unboost|p2a: \u94c1\u76d8\u575a\u679c|evasion|1\n|-sideend|p1: NDSNEZ Ranko|Spikes|[from] move: Defog|[of] p1a: Corviknight\n|move|p2a: \u94c1\u76d8\u575a\u679c|Spikes|p1a: Corviknight\n|-sidestart|p1: NDSNEZ Ranko|Spikes\n|\n|-damage|p1a: Corviknight|55\/100 brn|[from] Leech Seed|[of] p2a: \u94c1\u76d8\u575a\u679c\n|-damage|p1a: Corviknight|48\/100 brn|[from] brn\n|upkeep\n|turn|38\n|\n|t:|1700460704\n|move|p1a: Corviknight|Defog|p2a: \u94c1\u76d8\u575a\u679c\n|-unboost|p2a: \u94c1\u76d8\u575a\u679c|evasion|1\n|-sideend|p1: NDSNEZ Ranko|Spikes|[from] move: Defog|[of] p1a: Corviknight\n|move|p2a: \u94c1\u76d8\u575a\u679c|Spikes|p1a: Corviknight\n|-sidestart|p1: NDSNEZ Ranko|Spikes\n|\n|-damage|p1a: Corviknight|36\/100 brn|[from] Leech Seed|[of] p2a: \u94c1\u76d8\u575a\u679c\n|-damage|p1a: Corviknight|30\/100 brn|[from] brn\n|upkeep\n|turn|39\n|\n|t:|1700460726\n|move|p1a: Corviknight|Roost|p1a: Corviknight\n|-heal|p1a: Corviknight|80\/100 brn\n|-singleturn|p1a: Corviknight|move: Roost\n|move|p2a: \u94c1\u76d8\u575a\u679c|Spikes|p1a: Corviknight\n|-sidestart|p1: NDSNEZ Ranko|Spikes\n|\n|-damage|p1a: Corviknight|67\/100 brn|[from] Leech Seed|[of] p2a: \u94c1\u76d8\u575a\u679c\n|-damage|p1a: Corviknight|61\/100 brn|[from] brn\n|upkeep\n|turn|40\n|\n|t:|1700460739\n|move|p1a: Corviknight|Defog|p2a: \u94c1\u76d8\u575a\u679c\n|-unboost|p2a: \u94c1\u76d8\u575a\u679c|evasion|1\n|-sideend|p1: NDSNEZ Ranko|Spikes|[from] move: Defog|[of] p1a: Corviknight\n|move|p2a: \u94c1\u76d8\u575a\u679c|Spikes|p1a: Corviknight\n|-sidestart|p1: NDSNEZ Ranko|Spikes\n|\n|-damage|p1a: Corviknight|48\/100 brn|[from] Leech Seed|[of] p2a: \u94c1\u76d8\u575a\u679c\n|-damage|p1a: Corviknight|42\/100 brn|[from] brn\n|upkeep\n|turn|41\n|\n|t:|1700460748\n|move|p1a: Corviknight|Defog|p2a: \u94c1\u76d8\u575a\u679c\n|-unboost|p2a: \u94c1\u76d8\u575a\u679c|evasion|1\n|-sideend|p1: NDSNEZ Ranko|Spikes|[from] move: Defog|[of] p1a: Corviknight\n|move|p2a: \u94c1\u76d8\u575a\u679c|Spikes|p1a: Corviknight\n|-sidestart|p1: NDSNEZ Ranko|Spikes\n|\n|-damage|p1a: Corviknight|30\/100 brn|[from] Leech Seed|[of] p2a: \u94c1\u76d8\u575a\u679c\n|-damage|p1a: Corviknight|23\/100 brn|[from] brn\n|upkeep\n|turn|42\n|\n|t:|1700460765\n|move|p1a: Corviknight|Roost|p1a: Corviknight\n|-heal|p1a: Corviknight|73\/100 brn\n|-singleturn|p1a: Corviknight|move: Roost\n|move|p2a: \u94c1\u76d8\u575a\u679c|Spikes|p1a: Corviknight\n|-sidestart|p1: NDSNEZ Ranko|Spikes\n|\n|-damage|p1a: Corviknight|61\/100 brn|[from] Leech Seed|[of] p2a: \u94c1\u76d8\u575a\u679c\n|-damage|p1a: Corviknight|55\/100 brn|[from] brn\n|upkeep\n|turn|43\n|\n|t:|1700460776\n|move|p1a: Corviknight|Defog|p2a: \u94c1\u76d8\u575a\u679c\n|-unboost|p2a: \u94c1\u76d8\u575a\u679c|evasion|0\n|-sideend|p1: NDSNEZ Ranko|Spikes|[from] move: Defog|[of] p1a: Corviknight\n|move|p2a: \u94c1\u76d8\u575a\u679c|Spikes|p1a: Corviknight\n|-sidestart|p1: NDSNEZ Ranko|Spikes\n|\n|-damage|p1a: Corviknight|42\/100 brn|[from] Leech Seed|[of] p2a: \u94c1\u76d8\u575a\u679c\n|-damage|p1a: Corviknight|36\/100 brn|[from] brn\n|upkeep\n|turn|44\n|\n|t:|1700460786\n|move|p2a: \u94c1\u76d8\u575a\u679c|Protect|p2a: \u94c1\u76d8\u575a\u679c\n|-singleturn|p2a: \u94c1\u76d8\u575a\u679c|Protect\n|move|p1a: Corviknight|Defog|p2a: \u94c1\u76d8\u575a\u679c\n|-activate|p2a: \u94c1\u76d8\u575a\u679c|move: Protect\n|\n|-damage|p1a: Corviknight|23\/100 brn|[from] Leech Seed|[of] p2a: \u94c1\u76d8\u575a\u679c\n|-damage|p1a: Corviknight|17\/100 brn|[from] brn\n|upkeep\n|turn|45\n|\n|t:|1700460797\n|move|p1a: Corviknight|Defog|p2a: \u94c1\u76d8\u575a\u679c\n|-unboost|p2a: \u94c1\u76d8\u575a\u679c|evasion|0\n|-sideend|p1: NDSNEZ Ranko|Spikes|[from] move: Defog|[of] p1a: Corviknight\n|move|p2a: \u94c1\u76d8\u575a\u679c|Spikes|p1a: Corviknight\n|-sidestart|p1: NDSNEZ Ranko|Spikes\n|\n|-damage|p1a: Corviknight|5\/100 brn|[from] Leech Seed|[of] p2a: \u94c1\u76d8\u575a\u679c\n|-damage|p1a: Corviknight|0 fnt|[from] brn\n|faint|p1a: Corviknight\n|upkeep\n|\n|t:|1700460803\n|switch|p1a: Gliscor|Gliscor, M|62\/100\n|turn|46\n|\n|t:|1700460810\n|move|p1a: Gliscor|Protect|p1a: Gliscor\n|-singleturn|p1a: Gliscor|Protect\n|move|p2a: \u94c1\u76d8\u575a\u679c|Leech Seed|p1a: Gliscor\n|-activate|p1a: Gliscor|move: Protect\n|\n|upkeep\n|turn|47\n|\n|t:|1700460816\n|move|p1a: Gliscor|Spikes|p2a: \u94c1\u76d8\u575a\u679c\n|-sidestart|p2: sleeply snorlax|Spikes\n|move|p2a: \u94c1\u76d8\u575a\u679c|Leech Seed|p1a: Gliscor\n|-start|p1a: Gliscor|move: Leech Seed\n|\n|-damage|p1a: Gliscor|50\/100|[from] Leech Seed|[of] p2a: \u94c1\u76d8\u575a\u679c\n|upkeep\n|turn|48\n|\n|t:|1700460824\n|switch|p2a: \u76d6\u9e25\u5361|Pelipper, F|76\/100\n|-weather|RainDance|[from] ability: Drizzle|[of] p2a: \u76d6\u9e25\u5361\n|move|p1a: Gliscor|Spikes|p2a: \u76d6\u9e25\u5361\n|-sidestart|p2: sleeply snorlax|Spikes\n|\n|-weather|RainDance|[upkeep]\n|-damage|p1a: Gliscor|37\/100|[from] Leech Seed|[of] p2a: \u76d6\u9e25\u5361\n|-heal|p2a: \u76d6\u9e25\u5361|92\/100|[silent]\n|upkeep\n|turn|49\n|\n|t:|1700460834\n|switch|p1a: Toxapex|Toxapex, F|100\/100 brn\n|-damage|p1a: Toxapex|88\/100 brn|[from] Spikes\n|move|p2a: \u76d6\u9e25\u5361|U-turn|p1a: Toxapex\n|-resisted|p1a: Toxapex\n|-damage|p1a: Toxapex|86\/100 brn\n|\n|t:|1700460846\n|switch|p2a: \u95ea\u7535\u53ea\u56e0|Zapdos|100\/100|[from] U-turn\n|\n|-weather|RainDance|[upkeep]\n|-damage|p1a: Toxapex|80\/100 brn|[from] brn\n|upkeep\n|turn|50\n|\n|t:|1700460859\n|switch|p2a: \u574f\u574f|Toxapex, M|100\/100\n|-damage|p2a: \u574f\u574f|84\/100|[from] Spikes\n|switch|p1a: Blissey|Blissey, F|73\/100\n|\n|-weather|RainDance|[upkeep]\n|-heal|p2a: \u574f\u574f|90\/100|[from] item: Leftovers\n|upkeep\n|turn|51\n|\n|t:|1700460871\n|move|p2a: \u574f\u574f|Baneful Bunker|p2a: \u574f\u574f\n|-singleturn|p2a: \u574f\u574f|move: Protect\n|move|p1a: Blissey|Stealth Rock|p2a: \u574f\u574f\n|-sidestart|p2: sleeply snorlax|move: Stealth Rock\n|\n|-weather|RainDance|[upkeep]\n|-heal|p2a: \u574f\u574f|97\/100|[from] item: Leftovers\n|upkeep\n|turn|52\n|\n|t:|1700460879\n|move|p1a: Blissey|Seismic Toss|p2a: \u574f\u574f\n|-damage|p2a: \u574f\u574f|64\/100\n|move|p2a: \u574f\u574f|Toxic|p1a: Blissey\n|-status|p1a: Blissey|tox\n|\n|-weather|RainDance|[upkeep]\n|-heal|p2a: \u574f\u574f|70\/100|[from] item: Leftovers\n|-damage|p1a: Blissey|67\/100 tox|[from] psn\n|upkeep\n|turn|53\n|\n|t:|1700460891\n|switch|p2a: \u95ea\u7535\u53ea\u56e0|Zapdos|100\/100\n|move|p1a: Blissey|Soft-Boiled|p1a: Blissey\n|-heal|p1a: Blissey|100\/100 tox\n|\n|-weather|RainDance|[upkeep]\n|-damage|p1a: Blissey|88\/100 tox|[from] psn\n|upkeep\n|turn|54\n|\n|t:|1700460901\n|switch|p2a: \u94c1\u76d8\u575a\u679c|Ferrothorn, M|100\/100\n|-damage|p2a: \u94c1\u76d8\u575a\u679c|84\/100|[from] Spikes\n|-damage|p2a: \u94c1\u76d8\u575a\u679c|78\/100|[from] Stealth Rock\n|move|p1a: Blissey|Seismic Toss|p2a: \u94c1\u76d8\u575a\u679c\n|-damage|p2a: \u94c1\u76d8\u575a\u679c|49\/100\n|-damage|p1a: Blissey|76\/100 tox|[from] ability: Iron Barbs|[of] p2a: \u94c1\u76d8\u575a\u679c\n|\n|-weather|RainDance|[upkeep]\n|-damage|p1a: Blissey|58\/100 tox|[from] psn\n|upkeep\n|turn|55\n|\n|t:|1700460914\n|-curestatus|p1a: Blissey|tox|[from] ability: Natural Cure\n|switch|p1a: Gliscor|Gliscor, M|37\/100\n|move|p2a: \u94c1\u76d8\u575a\u679c|Knock Off|p1a: Gliscor\n|-damage|p1a: Gliscor|29\/100\n|\n|-weather|none\n|upkeep\n|turn|56\n|\n|t:|1700460923\n|switch|p2a: \u95ea\u7535\u53ea\u56e0|Zapdos|100\/100\n|move|p1a: Gliscor|Protect||[still]\n|-fail|p1a: Gliscor\n|\n|upkeep\n|turn|57\n|\n|t:|1700460929\n|switch|p1a: Blissey|Blissey, F|58\/100\n|move|p2a: \u95ea\u7535\u53ea\u56e0|Defog|p1a: Blissey\n|-unboost|p1a: Blissey|evasion|1\n|-sideend|p1: NDSNEZ Ranko|Spikes|[from] move: Defog|[of] p2a: \u95ea\u7535\u53ea\u56e0\n|-sideend|p2: sleeply snorlax|Spikes|[from] move: Defog|[of] p2a: \u95ea\u7535\u53ea\u56e0\n|-sideend|p2: sleeply snorlax|Stealth Rock|[from] move: Defog|[of] p2a: \u95ea\u7535\u53ea\u56e0\n|\n|upkeep\n|turn|58\n|\n|t:|1700460937\n|switch|p2a: \u94c1\u76d8\u575a\u679c|Ferrothorn, M|49\/100\n|move|p1a: Blissey|Seismic Toss|p2a: \u94c1\u76d8\u575a\u679c\n|-damage|p2a: \u94c1\u76d8\u575a\u679c|21\/100\n|-damage|p1a: Blissey|45\/100|[from] ability: Iron Barbs|[of] p2a: \u94c1\u76d8\u575a\u679c\n|\n|upkeep\n|turn|59\n|\n|t:|1700460949\n|-terastallize|p2a: \u94c1\u76d8\u575a\u679c|Ghost\n|move|p1a: Blissey|Soft-Boiled|p1a: Blissey\n|-heal|p1a: Blissey|95\/100\n|move|p2a: \u94c1\u76d8\u575a\u679c|Leech Seed|p1a: Blissey\n|-start|p1a: Blissey|move: Leech Seed\n|\n|-damage|p1a: Blissey|83\/100|[from] Leech Seed|[of] p2a: \u94c1\u76d8\u575a\u679c\n|-heal|p2a: \u94c1\u76d8\u575a\u679c|46\/100|[silent]\n|upkeep\n|turn|60\n|\n|t:|1700460960\n|switch|p1a: Toxapex|Toxapex, F|100\/100 brn\n|switch|p2a: \u76d6\u9e25\u5361|Pelipper, F|92\/100\n|-weather|RainDance|[from] ability: Drizzle|[of] p2a: \u76d6\u9e25\u5361\n|\n|-weather|RainDance|[upkeep]\n|-damage|p1a: Toxapex|95\/100 brn|[from] brn\n|upkeep\n|turn|61\n|\n|t:|1700460970\n|move|p1a: Toxapex|Baneful Bunker|p1a: Toxapex\n|-singleturn|p1a: Toxapex|move: Protect\n|move|p2a: \u76d6\u9e25\u5361|U-turn|p1a: Toxapex\n|-activate|p1a: Toxapex|move: Protect\n|-status|p2a: \u76d6\u9e25\u5361|psn\n|\n|-weather|RainDance|[upkeep]\n|-damage|p2a: \u76d6\u9e25\u5361|80\/100 psn|[from] psn\n|-damage|p1a: Toxapex|89\/100 brn|[from] brn\n|upkeep\n|turn|62\n|\n|t:|1700460981\n|move|p2a: \u76d6\u9e25\u5361|U-turn|p1a: Toxapex\n|-resisted|p1a: Toxapex\n|-damage|p1a: Toxapex|86\/100 brn\n|\n|t:|1700460984\n|switch|p2a: \u94c1\u76d8\u575a\u679c|Ferrothorn, M, tera:Ghost|46\/100|[from] U-turn\n|move|p1a: Toxapex|Knock Off|p2a: \u94c1\u76d8\u575a\u679c\n|-supereffective|p2a: \u94c1\u76d8\u575a\u679c\n|-damage|p2a: \u94c1\u76d8\u575a\u679c|39\/100\n|-damage|p1a: Toxapex|74\/100 brn|[from] ability: Iron Barbs|[of] p2a: \u94c1\u76d8\u575a\u679c\n|\n|-weather|RainDance|[upkeep]\n|-damage|p1a: Toxapex|68\/100 brn|[from] brn\n|upkeep\n|turn|63\n|\n|t:|1700460996\n|move|p1a: Toxapex|Toxic|p2a: \u94c1\u76d8\u575a\u679c\n|-status|p2a: \u94c1\u76d8\u575a\u679c|tox\n|move|p2a: \u94c1\u76d8\u575a\u679c|Knock Off|p1a: Toxapex\n|-damage|p1a: Toxapex|59\/100 brn\n|\n|-weather|RainDance|[upkeep]\n|-damage|p2a: \u94c1\u76d8\u575a\u679c|32\/100 tox|[from] psn\n|-damage|p1a: Toxapex|53\/100 brn|[from] brn\n|upkeep\n|turn|64\n|\n|t:|1700461006\n|switch|p1a: Dondozo|Dondozo, F|100\/100\n|move|p2a: \u94c1\u76d8\u575a\u679c|Leech Seed|p1a: Dondozo\n|-start|p1a: Dondozo|move: Leech Seed\n|\n|-weather|RainDance|[upkeep]\n|-damage|p1a: Dondozo|88\/100|[from] Leech Seed|[of] p2a: \u94c1\u76d8\u575a\u679c\n|-heal|p2a: \u94c1\u76d8\u575a\u679c|50\/100 tox|[silent]\n|-damage|p2a: \u94c1\u76d8\u575a\u679c|38\/100 tox|[from] psn\n|upkeep\n|turn|65\n|\n|t:|1700461016\n|switch|p1a: Tyranitar|Tyranitar-Mega, M|100\/100 slp\n|-weather|Sandstorm|[from] ability: Sand Stream|[of] p1a: Tyranitar\n|move|p2a: \u94c1\u76d8\u575a\u679c|Knock Off|p1a: Tyranitar\n|-resisted|p1a: Tyranitar\n|-damage|p1a: Tyranitar|96\/100 slp\n|\n|-weather|Sandstorm|[upkeep]\n|-damage|p2a: \u94c1\u76d8\u575a\u679c|31\/100 tox|[from] Sandstorm\n|-damage|p2a: \u94c1\u76d8\u575a\u679c|13\/100 tox|[from] psn\n|upkeep\n|turn|66\n|\n|t:|1700461028\n|-activate|p2a: \u94c1\u76d8\u575a\u679c|move: Pursuit\n|cant|p1a: Tyranitar|slp\n|switch|p2a: \u76d6\u9e25\u5361|Pelipper, F|80\/100 psn\n|-weather|RainDance|[from] ability: Drizzle|[of] p2a: \u76d6\u9e25\u5361\n|\n|-weather|RainDance|[upkeep]\n|-damage|p2a: \u76d6\u9e25\u5361|68\/100 psn|[from] psn\n|upkeep\n|turn|67\n|\n|t:|1700461038\n|switch|p1a: Toxapex|Toxapex, F|87\/100 brn\n|move|p2a: \u76d6\u9e25\u5361|U-turn|p1a: Toxapex\n|-resisted|p1a: Toxapex\n|-crit|p1a: Toxapex\n|-damage|p1a: Toxapex|82\/100 brn\n|\n|t:|1700461044\n|switch|p2a: \u5de8\u6cbc|Swampert, M|100\/100|[from] U-turn\n|\n|-weather|RainDance|[upkeep]\n|-damage|p1a: Toxapex|76\/100 brn|[from] brn\n|upkeep\n|turn|68\n|\n|t:|1700461051\n|switch|p1a: Dondozo|Dondozo, F|88\/100\n|detailschange|p2a: \u5de8\u6cbc|Swampert-Mega, M\n|-mega|p2a: \u5de8\u6cbc|Swampert|Swampertite\n|move|p2a: \u5de8\u6cbc|Ice Punch|p1a: Dondozo\n|-resisted|p1a: Dondozo\n|-damage|p1a: Dondozo|81\/100\n|\n|-weather|RainDance|[upkeep]\n|-heal|p1a: Dondozo|88\/100|[from] item: Leftovers\n|upkeep\n|turn|69\n|\n|t:|1700461063\n|switch|p2a: \u94c1\u76d8\u575a\u679c|Ferrothorn, M, tera:Ghost|13\/100 tox\n|move|p1a: Dondozo|Body Press|p2a: \u94c1\u76d8\u575a\u679c\n|-immune|p2a: \u94c1\u76d8\u575a\u679c\n|\n|-weather|RainDance|[upkeep]\n|-heal|p1a: Dondozo|94\/100|[from] item: Leftovers\n|-damage|p2a: \u94c1\u76d8\u575a\u679c|6\/100 tox|[from] psn\n|upkeep\n|turn|70\n|\n|t:|1700461074\n|switch|p1a: Tyranitar|Tyranitar-Mega, M|96\/100 slp\n|-weather|Sandstorm|[from] ability: Sand Stream|[of] p1a: Tyranitar\n|move|p2a: \u94c1\u76d8\u575a\u679c|Leech Seed|p1a: Tyranitar|[miss]\n|-miss|p2a: \u94c1\u76d8\u575a\u679c|p1a: Tyranitar\n|\n|-weather|Sandstorm|[upkeep]\n|-damage|p2a: \u94c1\u76d8\u575a\u679c|0 fnt|[from] Sandstorm\n|faint|p2a: \u94c1\u76d8\u575a\u679c\n|upkeep\n|\n|t:|1700461085\n|switch|p2a: \u76d6\u9e25\u5361|Pelipper, F|68\/100 psn\n|-weather|RainDance|[from] ability: Drizzle|[of] p2a: \u76d6\u9e25\u5361\n|turn|71\n|\n|t:|1700461099\n|switch|p1a: Toxapex|Toxapex, F|100\/100 brn\n|move|p2a: \u76d6\u9e25\u5361|Hurricane|p1a: Toxapex\n|-damage|p1a: Toxapex|71\/100 brn\n|\n|-weather|RainDance|[upkeep]\n|-damage|p2a: \u76d6\u9e25\u5361|56\/100 psn|[from] psn\n|-damage|p1a: Toxapex|66\/100 brn|[from] brn\n|upkeep\n|turn|72\n|\n|t:|1700461109\n|move|p2a: \u76d6\u9e25\u5361|U-turn|p1a: Toxapex\n|-resisted|p1a: Toxapex\n|-damage|p1a: Toxapex|63\/100 brn\n|\n|t:|1700461120\n|switch|p2a: \u95ea\u7535\u53ea\u56e0|Zapdos|100\/100|[from] U-turn\n|move|p1a: Toxapex|Knock Off|p2a: \u95ea\u7535\u53ea\u56e0\n|-crit|p2a: \u95ea\u7535\u53ea\u56e0\n|-damage|p2a: \u95ea\u7535\u53ea\u56e0|88\/100\n|-enditem|p2a: \u95ea\u7535\u53ea\u56e0|Heavy-Duty Boots|[from] move: Knock Off|[of] p1a: Toxapex\n|\n|-weather|RainDance|[upkeep]\n|-damage|p1a: Toxapex|57\/100 brn|[from] brn\n|upkeep\n|turn|73\n|\n|t:|1700461133\n|switch|p2a: \u574f\u574f|Toxapex, M|100\/100\n|switch|p1a: Blissey|Blissey, F|83\/100\n|\n|-weather|RainDance|[upkeep]\n|upkeep\n|turn|74\n|\n|t:|1700461141\n|switch|p1a: Gliscor|Gliscor, M|29\/100\n|move|p2a: \u574f\u574f|Toxic|p1a: Gliscor\n|-status|p1a: Gliscor|tox\n|\n|-weather|RainDance|[upkeep]\n|-heal|p1a: Gliscor|41\/100 tox|[from] ability: Poison Heal\n|upkeep\n|turn|75\n|\n|t:|1700461146\n|switch|p2a: \u5de8\u6cbc|Swampert-Mega, M|100\/100\n|move|p1a: Gliscor|Protect||[still]\n|-fail|p1a: Gliscor\n|\n|-weather|RainDance|[upkeep]\n|-heal|p1a: Gliscor|54\/100 tox|[from] ability: Poison Heal\n|upkeep\n|turn|76\n|\n|t:|1700461149\n|switch|p1a: Dondozo|Dondozo, F|94\/100\n|move|p2a: \u5de8\u6cbc|Stealth Rock|p1a: Dondozo\n|-sidestart|p1: NDSNEZ Ranko|move: Stealth Rock\n|\n|-weather|RainDance|[upkeep]\n|-heal|p1a: Dondozo|99\/100|[from] item: Leftovers\n|upkeep\n|turn|77\n|\n|t:|1700461157\n|switch|p2a: \u95ea\u7535\u53ea\u56e0|Zapdos|88\/100\n|move|p1a: Dondozo|Body Press|p2a: \u95ea\u7535\u53ea\u56e0\n|-resisted|p2a: \u95ea\u7535\u53ea\u56e0\n|-crit|p2a: \u95ea\u7535\u53ea\u56e0\n|-damage|p2a: \u95ea\u7535\u53ea\u56e0|64\/100\n|\n|-weather|RainDance|[upkeep]\n|-heal|p1a: Dondozo|100\/100|[from] item: Leftovers\n|upkeep\n|turn|78\n|\n|t:|1700461163\n|switch|p1a: Tyranitar|Tyranitar-Mega, M|96\/100 slp\n|-damage|p1a: Tyranitar|84\/100 slp|[from] Stealth Rock\n|-weather|Sandstorm|[from] ability: Sand Stream|[of] p1a: Tyranitar\n|move|p2a: \u95ea\u7535\u53ea\u56e0|Hurricane|p1a: Tyranitar\n|-resisted|p1a: Tyranitar\n|-damage|p1a: Tyranitar|74\/100 slp\n|\n|-weather|Sandstorm|[upkeep]\n|-damage|p2a: \u95ea\u7535\u53ea\u56e0|58\/100|[from] Sandstorm\n|upkeep\n|turn|79\n|\n|t:|1700461168\n|switch|p2a: \u76d6\u9e25\u5361|Pelipper, F|56\/100 psn\n|-weather|RainDance|[from] ability: Drizzle|[of] p2a: \u76d6\u9e25\u5361\n|-curestatus|p1a: Tyranitar|slp|[msg]\n|move|p1a: Tyranitar|Knock Off|p2a: \u76d6\u9e25\u5361\n|-damage|p2a: \u76d6\u9e25\u5361|0 fnt\n|-enditem|p2a: \u76d6\u9e25\u5361|Damp Rock|[from] move: Knock Off|[of] p1a: Tyranitar\n|faint|p2a: \u76d6\u9e25\u5361\n|\n|-weather|RainDance|[upkeep]\n|upkeep\n|\n|t:|1700461173\n|switch|p2a: \u6ca1\u6709\u7f81\u7eca|Greninja, M|100\/100\n|turn|80\n|\n|t:|1700461177\n|switch|p1a: Blissey|Blissey, F|83\/100\n|move|p2a: \u6ca1\u6709\u7f81\u7eca|Grass Knot|p1a: Blissey\n|-damage|p1a: Blissey|75\/100\n|-damage|p2a: \u6ca1\u6709\u7f81\u7eca|91\/100|[from] item: Life Orb\n|\n|-weather|RainDance|[upkeep]\n|upkeep\n|turn|81\n|\n|t:|1700461180\n|move|p2a: \u6ca1\u6709\u7f81\u7eca|Hydro Pump|p1a: Blissey\n|-damage|p1a: Blissey|47\/100\n|-damage|p2a: \u6ca1\u6709\u7f81\u7eca|81\/100|[from] item: Life Orb\n|move|p1a: Blissey|Stealth Rock|p2a: \u6ca1\u6709\u7f81\u7eca\n|-sidestart|p2: sleeply snorlax|move: Stealth Rock\n|\n|-weather|RainDance|[upkeep]\n|upkeep\n|turn|82\n|-message|sleeply snorlax forfeited.\n|\n|win|NDSNEZ Ranko\n|raw|NDSNEZ Ranko's rating: 1320 &rarr; <strong>1341<\/strong><br \/>(+21 for winning)\n|raw|sleeply snorlax's rating: 1335 &rarr; <strong>1314<\/strong><br \/>(-21 for losing)\n|l|\u2606sleeply snorlax\n","uploadtime":1700461194,"views":16,"p1id":"ndsnezranko","p2id":"sleeplysnorlax","formatid":"gen9nationaldex","rating":1314,"private":0,"password":""}