{"id":"gen9nationaldex-1998557852","p1":"qingxiaqin","p2":"howtoplay11","format":"[Gen 9] National Dex","log":"|html|<div class=\"broadcast-blue\"><strong>[Gen 9] National Dex is currently suspecting Sneasler! For information on how to participate check out the <a href=\"https:\/\/www.smogon.com\/forums\/threads\/sv-national-dex-suspect-8-just-dance.3731534\/\">suspect thread<\/a>.<\/strong><\/div>\n|j|\u2606qingxiaqin\n|j|\u2606howtoplay11\n|t:|1700956109\n|gametype|singles\n|player|p1|qingxiaqin|266|1332\n|player|p2|howtoplay11|elesa|1377\n|teamsize|p1|6\n|teamsize|p2|6\n|gen|9\n|tier|[Gen 9] National Dex\n|rated|\n|rule|HP Percentage Mod: HP is shown in percentages\n|rule|Endless Battle Clause: Forcing endless battles is banned\n|rule|OHKO Clause: OHKO moves are banned\n|rule|Evasion Clause: Evasion abilities, items, and moves are banned\n|rule|Evasion Abilities Clause: Evasion abilities are banned\n|rule|Evasion Items Clause: Evasion items are banned\n|rule|Evasion Moves Clause: Evasion moves are banned\n|rule|Species Clause: Limit one of each Pok\u00e9mon\n|rule|Sleep Clause Mod: Limit one foe put to sleep\n|clearpoke\n|poke|p1|Swellow, M|\n|poke|p1|Charizard, M|\n|poke|p1|Volcanion|\n|poke|p1|Garchomp, M|\n|poke|p1|Leavanny, F|\n|poke|p1|Furret, F|\n|poke|p2|Garchomp, M|\n|poke|p2|Rillaboom, M|\n|poke|p2|Sneasler, M|\n|poke|p2|Tapu Koko|\n|poke|p2|Scizor, M|\n|poke|p2|Heatran, M|\n|teampreview\n|inactive|Battle timer is ON: inactive players will automatically lose when time's up. (requested by qingxiaqin)\n|\n|t:|1700956116\n|start\n|switch|p1a: Leavanny|Leavanny, F|100\/100\n|switch|p2a: Heatran|Heatran, M|100\/100\n|turn|1\n|\n|t:|1700956121\n|move|p1a: Leavanny|Sticky Web|p2a: Heatran\n|-sidestart|p2: howtoplay11|move: Sticky Web\n|move|p2a: Heatran|Stealth Rock|p1a: Leavanny\n|-sidestart|p1: qingxiaqin|move: Stealth Rock\n|\n|upkeep\n|turn|2\n|\n|t:|1700956125\n|move|p1a: Leavanny|Knock Off|p2a: Heatran\n|-damage|p2a: Heatran|75\/100\n|-enditem|p2a: Heatran|Leftovers|[from] move: Knock Off|[of] p1a: Leavanny\n|move|p2a: Heatran|Magma Storm|p1a: Leavanny\n|-supereffective|p1a: Leavanny\n|-enditem|p1a: Leavanny|Focus Sash\n|-damage|p1a: Leavanny|1\/100\n|-activate|p1a: Leavanny|move: Magma Storm|[of] p2a: Heatran\n|\n|-damage|p1a: Leavanny|0 fnt|[from] move: Magma Storm|[partiallytrapped]\n|faint|p1a: Leavanny\n|upkeep\n|\n|t:|1700956135\n|switch|p1a: Garchomp|Garchomp, M|100\/100\n|-damage|p1a: Garchomp|94\/100|[from] Stealth Rock\n|turn|3\n|\n|t:|1700956147\n|switch|p2a: Rillaboom|Rillaboom, M|100\/100\n|-activate|p2a: Rillaboom|move: Sticky Web\n|-unboost|p2a: Rillaboom|spe|1\n|-fieldstart|move: Grassy Terrain|[from] ability: Grassy Surge|[of] p2a: Rillaboom\n|move|p1a: Garchomp|Earthquake|p2a: Rillaboom\n|-resisted|p2a: Rillaboom\n|-damage|p2a: Rillaboom|86\/100\n|\n|-heal|p1a: Garchomp|100\/100|[from] Grassy Terrain\n|-heal|p2a: Rillaboom|93\/100|[from] Grassy Terrain\n|upkeep\n|turn|4\n|inactive|qingxiaqin has 120 seconds left.\n|\n|t:|1700956191\n|-terastallize|p1a: Garchomp|Fire\n|move|p1a: Garchomp|Tera Blast|p2a: Rillaboom|[anim] Tera Blast Fire\n|-supereffective|p2a: Rillaboom\n|-damage|p2a: Rillaboom|0 fnt\n|faint|p2a: Rillaboom\n|\n|upkeep\n|\n|t:|1700956200\n|switch|p2a: Heatran|Heatran, M|75\/100\n|-activate|p2a: Heatran|move: Sticky Web\n|-unboost|p2a: Heatran|spe|1\n|turn|5\n|inactive|qingxiaqin has 120 seconds left.\n|\n|t:|1700956209\n|switch|p1a: Swellow|Swellow, M|100\/100\n|-damage|p1a: Swellow|76\/100|[from] Stealth Rock\n|-terastallize|p2a: Heatran|Grass\n|move|p2a: Heatran|Toxic|p1a: Swellow\n|-status|p1a: Swellow|tox\n|\n|-heal|p2a: Heatran|81\/100|[from] Grassy Terrain\n|-damage|p1a: Swellow|69\/100 tox|[from] psn\n|upkeep\n|turn|6\n|inactive|qingxiaqin has 120 seconds left.\n|\n|t:|1700956220\n|switch|p2a: Scizor|Scizor, M|100\/100\n|-activate|p2a: Scizor|move: Sticky Web\n|-unboost|p2a: Scizor|spe|1\n|move|p1a: Swellow|Facade|p2a: Scizor\n|-resisted|p2a: Scizor\n|-damage|p2a: Scizor|66\/100\n|\n|-heal|p2a: Scizor|72\/100|[from] Grassy Terrain\n|-damage|p1a: Swellow|57\/100 tox|[from] psn\n|upkeep\n|turn|7\n|\n|t:|1700956231\n|detailschange|p2a: Scizor|Scizor-Mega, M\n|-mega|p2a: Scizor|Scizor|Scizorite\n|move|p1a: Swellow|U-turn|p2a: Scizor\n|-resisted|p2a: Scizor\n|-damage|p2a: Scizor|63\/100\n|\n|t:|1700956242\n|switch|p1a: Volcanion|Volcanion|100\/100|[from] U-turn\n|-damage|p1a: Volcanion|76\/100|[from] Stealth Rock\n|move|p2a: Scizor|Roost|p2a: Scizor\n|-heal|p2a: Scizor|100\/100\n|-singleturn|p2a: Scizor|move: Roost\n|\n|-heal|p1a: Volcanion|82\/100|[from] Grassy Terrain\n|-fieldend|move: Grassy Terrain\n|upkeep\n|turn|8\n|\n|t:|1700956254\n|switch|p2a: Heatran|Heatran, M, tera:Grass|81\/100\n|-activate|p2a: Heatran|move: Sticky Web\n|-unboost|p2a: Heatran|spe|1\n|move|p1a: Volcanion|Sludge Wave|p2a: Heatran\n|-supereffective|p2a: Heatran\n|-damage|p2a: Heatran|37\/100\n|\n|upkeep\n|turn|9\n|\n|t:|1700956274\n|switch|p2a: Garchomp|Garchomp, M|100\/100\n|-activate|p2a: Garchomp|move: Sticky Web\n|-unboost|p2a: Garchomp|spe|1\n|move|p1a: Volcanion|Sludge Wave|p2a: Garchomp\n|-resisted|p2a: Garchomp\n|-damage|p2a: Garchomp|82\/100\n|-status|p2a: Garchomp|psn\n|\n|-damage|p2a: Garchomp|70\/100 psn|[from] psn\n|upkeep\n|turn|10\n|\n|t:|1700956287\n|switch|p1a: Swellow|Swellow, M|57\/100 tox\n|-damage|p1a: Swellow|32\/100 tox|[from] Stealth Rock\n|move|p2a: Garchomp|Scale Shot|p1a: Swellow|[miss]\n|-miss|p2a: Garchomp|p1a: Swellow\n|\n|-damage|p1a: Swellow|26\/100 tox|[from] psn\n|-damage|p2a: Garchomp|58\/100 psn|[from] psn\n|upkeep\n|turn|11\n|inactive|howtoplay11 has 120 seconds left.\n|\n|t:|1700956314\n|move|p1a: Swellow|Facade|p2a: Garchomp\n|-damage|p2a: Garchomp|0 fnt\n|-damage|p1a: Swellow|14\/100 tox|[from] ability: Rough Skin|[of] p2a: Garchomp\n|faint|p2a: Garchomp\n|\n|-damage|p1a: Swellow|2\/100 tox|[from] psn\n|upkeep\n|inactive|howtoplay11 has 120 seconds left.\n|\n|t:|1700956344\n|switch|p2a: Scizor|Scizor-Mega, M|100\/100\n|-activate|p2a: Scizor|move: Sticky Web\n|-unboost|p2a: Scizor|spe|1\n|turn|12\n|\n|t:|1700956349\n|move|p2a: Scizor|Bullet Punch|p1a: Swellow\n|-damage|p1a: Swellow|0 fnt\n|faint|p1a: Swellow\n|\n|upkeep\n|\n|t:|1700956377\n|switch|p1a: Garchomp|Garchomp, M, tera:Fire|100\/100\n|-damage|p1a: Garchomp|76\/100|[from] Stealth Rock\n|turn|13\n|inactive|howtoplay11 has 120 seconds left.\n|\n|t:|1700956397\n|move|p1a: Garchomp|Tera Blast|p2a: Scizor|[anim] Tera Blast Fire\n|-supereffective|p2a: Scizor\n|-damage|p2a: Scizor|0 fnt\n|faint|p2a: Scizor\n|\n|-heal|p1a: Garchomp|82\/100|[from] item: Leftovers\n|upkeep\n|\n|t:|1700956403\n|switch|p2a: Heatran|Heatran, M, tera:Grass|37\/100\n|-activate|p2a: Heatran|move: Sticky Web\n|-unboost|p2a: Heatran|spe|1\n|turn|14\n|\n|t:|1700956413\n|move|p1a: Garchomp|Scale Shot|p2a: Heatran\n|-damage|p2a: Heatran|26\/100\n|-damage|p2a: Heatran|16\/100\n|-hitcount|p2a: Heatran|2\n|-unboost|p1a: Garchomp|def|1\n|-boost|p1a: Garchomp|spe|1\n|move|p2a: Heatran|Toxic|p1a: Garchomp\n|-status|p1a: Garchomp|tox\n|\n|-heal|p1a: Garchomp|88\/100 tox|[from] item: Leftovers\n|-damage|p1a: Garchomp|82\/100 tox|[from] psn\n|upkeep\n|turn|15\n|inactive|qingxiaqin has 120 seconds left.\n|inactive|howtoplay11 has 90 seconds left.\n|\n|t:|1700956454\n|switch|p2a: Tapu Koko|Tapu Koko|100\/100\n|-fieldstart|move: Electric Terrain|[from] ability: Electric Surge|[of] p2a: Tapu Koko\n|move|p1a: Garchomp|Earthquake|p2a: Tapu Koko\n|-supereffective|p2a: Tapu Koko\n|-damage|p2a: Tapu Koko|0 fnt\n|faint|p2a: Tapu Koko\n|\n|-heal|p1a: Garchomp|88\/100 tox|[from] item: Leftovers\n|-damage|p1a: Garchomp|76\/100 tox|[from] psn\n|upkeep\n|inactive|howtoplay11 has 90 seconds left.\n|\n|t:|1700956465\n|switch|p2a: Sneasler|Sneasler, M|100\/100\n|-activate|p2a: Sneasler|move: Sticky Web\n|-unboost|p2a: Sneasler|spe|1\n|-enditem|p2a: Sneasler|Electric Seed\n|-boost|p2a: Sneasler|def|1|[from] item: Electric Seed\n|turn|16\n|inactive|howtoplay11 has 90 seconds left.\n|inactive|qingxiaqin has 120 seconds left.\n|\n|t:|1700956484\n|move|p1a: Garchomp|Earthquake|p2a: Sneasler\n|-supereffective|p2a: Sneasler\n|-damage|p2a: Sneasler|0 fnt\n|faint|p2a: Sneasler\n|\n|-heal|p1a: Garchomp|82\/100 tox|[from] item: Leftovers\n|-damage|p1a: Garchomp|63\/100 tox|[from] psn\n|upkeep\n|\n|t:|1700956491\n|switch|p2a: Heatran|Heatran, M, tera:Grass|16\/100\n|-activate|p2a: Heatran|move: Sticky Web\n|-unboost|p2a: Heatran|spe|1\n|turn|17\n|\n|t:|1700956499\n|move|p1a: Garchomp|Scale Shot|p2a: Heatran|[miss]\n|-miss|p1a: Garchomp|p2a: Heatran\n|move|p2a: Heatran|Earth Power|p1a: Garchomp\n|-supereffective|p1a: Garchomp\n|-damage|p1a: Garchomp|7\/100 tox\n|\n|-heal|p1a: Garchomp|13\/100 tox|[from] item: Leftovers\n|-damage|p1a: Garchomp|0 fnt|[from] psn\n|faint|p1a: Garchomp\n|upkeep\n|\n|t:|1700956502\n|switch|p1a: Volcanion|Volcanion|82\/100\n|-damage|p1a: Volcanion|57\/100|[from] Stealth Rock\n|turn|18\n|inactive|howtoplay11 has 90 seconds left.\n|\n|t:|1700956515\n|move|p1a: Volcanion|Sludge Wave|p2a: Heatran\n|-supereffective|p2a: Heatran\n|-damage|p2a: Heatran|0 fnt\n|faint|p2a: Heatran\n|\n|win|qingxiaqin\n|raw|qingxiaqin's rating: 1332 &rarr; <strong>1355<\/strong><br \/>(+23 for winning)\n|raw|howtoplay11's rating: 1377 &rarr; <strong>1354<\/strong><br \/>(-23 for losing)\n","uploadtime":1700956522,"views":2,"p1id":"qingxiaqin","p2id":"howtoplay11","formatid":"gen9nationaldex","rating":1354,"private":0,"password":""}