{"id":"gen9nationaldex-1996598788","p1":"Th3K1ng123","p2":"qwe Hdm","format":"[Gen 9] National Dex","log":"|html|<div class=\"broadcast-blue\"><strong>[Gen 9] National Dex is currently suspecting Sneasler! For information on how to participate check out the <a href=\"https:\/\/www.smogon.com\/forums\/threads\/sv-national-dex-suspect-8-just-dance.3731534\/\">suspect thread<\/a>.<\/strong><\/div>\n|j|\u2606Th3K1ng123\n|j|\u2606qwe Hdm\n|t:|1700698909\n|gametype|singles\n|player|p1|Th3K1ng123|turo|1242\n|player|p2|qwe Hdm|roxie|1171\n|teamsize|p1|6\n|teamsize|p2|6\n|gen|9\n|tier|[Gen 9] National Dex\n|rated|\n|rule|HP Percentage Mod: HP is shown in percentages\n|rule|Endless Battle Clause: Forcing endless battles is banned\n|rule|OHKO Clause: OHKO moves are banned\n|rule|Evasion Clause: Evasion abilities, items, and moves are banned\n|rule|Evasion Abilities Clause: Evasion abilities are banned\n|rule|Evasion Items Clause: Evasion items are banned\n|rule|Evasion Moves Clause: Evasion moves are banned\n|rule|Species Clause: Limit one of each Pok\u00e9mon\n|rule|Sleep Clause Mod: Limit one foe put to sleep\n|clearpoke\n|poke|p1|Dragonite, M|\n|poke|p1|Garchomp, M|\n|poke|p1|Salamence, M|\n|poke|p1|Kyurem|\n|poke|p1|Kommo-o, M|\n|poke|p1|Latias, F|\n|poke|p2|Cinderace, M|\n|poke|p2|Great Tusk|\n|poke|p2|Mawile, F|\n|poke|p2|Tyranitar, M|\n|poke|p2|Tapu Lele|\n|poke|p2|Nidoking, M|\n|teampreview\n|inactive|Battle timer is ON: inactive players will automatically lose when time's up. (requested by Th3K1ng123)\n|\n|t:|1700698937\n|start\n|switch|p1a: Gibby|Garchomp, M, shiny|100\/100\n|switch|p2a: Nidoking|Nidoking, M|100\/100\n|turn|1\n|\n|t:|1700698948\n|-terastallize|p1a: Gibby|Steel\n|move|p1a: Gibby|Swords Dance|p1a: Gibby\n|-boost|p1a: Gibby|atk|2\n|move|p2a: Nidoking|Avalanche|p1a: Gibby\n|-resisted|p1a: Gibby\n|-damage|p1a: Gibby|90\/100\n|-damage|p2a: Nidoking|88\/100|[from] ability: Rough Skin|[of] p1a: Gibby\n|\n|upkeep\n|turn|2\n|j| GGwebas\n|l| GGwebas\n|inactive|qwe Hdm has 120 seconds left.\n|\n|t:|1700698982\n|move|p1a: Gibby|Scale Shot|p2a: Nidoking\n|-damage|p2a: Nidoking|45\/100\n|-damage|p2a: Nidoking|3\/100\n|-damage|p2a: Nidoking|0 fnt\n|faint|p2a: Nidoking\n|-hitcount|p2: Nidoking|3\n|-unboost|p1a: Gibby|def|1\n|-boost|p1a: Gibby|spe|1\n|\n|upkeep\n|inactive|qwe Hdm has 120 seconds left.\n|\n|t:|1700698992\n|switch|p2a: Tapu Lele|Tapu Lele|100\/100\n|-fieldstart|move: Psychic Terrain|[from] ability: Psychic Surge|[of] p2a: Tapu Lele\n|turn|3\n|inactive|qwe Hdm has 120 seconds left.\n|\n|t:|1700699009\n|move|p1a: Gibby|Iron Head|p2a: Tapu Lele\n|-supereffective|p2a: Tapu Lele\n|-damage|p2a: Tapu Lele|0 fnt\n|faint|p2a: Tapu Lele\n|\n|upkeep\n|\n|t:|1700699016\n|switch|p2a: Cinderace|Cinderace, M|100\/100\n|turn|4\n|\n|t:|1700699036\n|move|p2a: Cinderace|Pyro Ball|p1a: Gibby|[miss]\n|-miss|p2a: Cinderace|p1a: Gibby\n|move|p1a: Gibby|Earthquake|p2a: Cinderace\n|-supereffective|p2a: Cinderace\n|-damage|p2a: Cinderace|0 fnt\n|faint|p2a: Cinderace\n|\n|upkeep\n|\n|t:|1700699042\n|switch|p2a: Great Tusk|Great Tusk|100\/100\n|turn|5\n|\n|t:|1700699060\n|switch|p1a: Thiccems|Latias, F, shiny|100\/100\n|-terastallize|p2a: Great Tusk|Poison\n|move|p2a: Great Tusk|Headlong Rush|p1a: Thiccems\n|-immune|p1a: Thiccems|[from] ability: Levitate\n|\n|upkeep\n|turn|6\n|\n|t:|1700699076\n|detailschange|p1a: Thiccems|Latias-Mega, F, shiny\n|-mega|p1a: Thiccems|Latias|Latiasite\n|move|p1a: Thiccems|Calm Mind|p1a: Thiccems\n|-boost|p1a: Thiccems|spa|1\n|-boost|p1a: Thiccems|spd|1\n|move|p2a: Great Tusk|Ice Spinner|p1a: Thiccems\n|-supereffective|p1a: Thiccems\n|-damage|p1a: Thiccems|61\/100\n|-fieldend|move: Psychic Terrain\n|\n|upkeep\n|turn|7\n|\n|t:|1700699090\n|-end|p2a: Great Tusk|Protosynthesis|[silent]\n|switch|p2a: \u5927\u5634|Mawile, F|100\/100\n|-ability|p2a: \u5927\u5634|Intimidate|boost\n|-unboost|p1a: Thiccems|atk|1\n|move|p1a: Thiccems|Thunderbolt|p2a: \u5927\u5634\n|-damage|p2a: \u5927\u5634|22\/100\n|\n|upkeep\n|turn|8\n|\n|t:|1700699107\n|detailschange|p2a: \u5927\u5634|Mawile-Mega, F\n|-mega|p2a: \u5927\u5634|Mawile|Mawilite\n|move|p2a: \u5927\u5634|Sucker Punch|p1a: Thiccems\n|-supereffective|p1a: Thiccems\n|-damage|p1a: Thiccems|2\/100\n|move|p1a: Thiccems|Thunderbolt|p2a: \u5927\u5634\n|-damage|p2a: \u5927\u5634|0 fnt\n|faint|p2a: \u5927\u5634\n|\n|upkeep\n|\n|t:|1700699110\n|switch|p2a: Tyranitar|Tyranitar, M|100\/100\n|-weather|Sandstorm|[from] ability: Sand Stream|[of] p2a: Tyranitar\n|turn|9\n|\n|t:|1700699123\n|switch|p1a: Salsa|Kommo-o, M, shiny|100\/100\n|switch|p2a: Great Tusk|Great Tusk, tera:Poison|100\/100\n|\n|-weather|Sandstorm|[upkeep]\n|-damage|p2a: Great Tusk|94\/100|[from] Sandstorm\n|-heal|p2a: Great Tusk|100\/100|[from] item: Leftovers\n|upkeep\n|turn|10\n|\n|t:|1700699136\n|-zpower|p1a: Salsa\n|move|p1a: Salsa|Clangorous Soulblaze|p2a: Great Tusk|[zeffect]\n|-damage|p2a: Great Tusk|0 fnt\n|faint|p2a: Great Tusk\n|-end|p2a: Great Tusk|Protosynthesis|[silent]\n|-boost|p1a: Salsa|atk|1\n|-boost|p1a: Salsa|def|1\n|-boost|p1a: Salsa|spa|1\n|-boost|p1a: Salsa|spd|1\n|-boost|p1a: Salsa|spe|1\n|\n|-weather|Sandstorm|[upkeep]\n|upkeep\n|\n|t:|1700699139\n|switch|p2a: Tyranitar|Tyranitar, M|100\/100\n|turn|11\n|\n|t:|1700699149\n|move|p1a: Salsa|Aura Sphere|p2a: Tyranitar\n|-supereffective|p2a: Tyranitar\n|-enditem|p2a: Tyranitar|Focus Sash\n|-damage|p2a: Tyranitar|1\/100\n|move|p2a: Tyranitar|Knock Off|p1a: Salsa\n|-resisted|p1a: Salsa\n|-damage|p1a: Salsa|89\/100\n|\n|-weather|Sandstorm|[upkeep]\n|upkeep\n|turn|12\n|\n|t:|1700699157\n|move|p1a: Salsa|Aura Sphere|p2a: Tyranitar\n|-supereffective|p2a: Tyranitar\n|-damage|p2a: Tyranitar|0 fnt\n|faint|p2a: Tyranitar\n|\n|win|Th3K1ng123\n|raw|Th3K1ng123's rating: 1242 &rarr; <strong>1262<\/strong><br \/>(+20 for winning)\n|raw|qwe Hdm's rating: 1171 &rarr; <strong>1151<\/strong><br \/>(-20 for losing)\n","uploadtime":1700699163,"views":6,"p1id":"th3k1ng123","p2id":"qwehdm","formatid":"gen9nationaldex","rating":1151,"private":0,"password":""}