{"id":"gen9nationaldex-1994821300","p1":"Primarinaso","p2":"How To Beat Lance","format":"[Gen 9] National Dex","log":"|html|<div class=\"broadcast-blue\"><strong>[Gen 9] National Dex is currently suspecting Sneasler! For information on how to participate check out the <a href=\"https:\/\/www.smogon.com\/forums\/threads\/sv-national-dex-suspect-8-just-dance.3731534\/\">suspect thread<\/a>.<\/strong><\/div>\n|j|\u2606Primarinaso\n|j|\u2606How To Beat Lance\n|t:|1700495915\n|gametype|singles\n|player|p1|Primarinaso|burnet|1052\n|player|p2|How To Beat Lance|lance|1119\n|teamsize|p1|6\n|teamsize|p2|6\n|gen|9\n|tier|[Gen 9] National Dex\n|rated|\n|rule|HP Percentage Mod: HP is shown in percentages\n|rule|Endless Battle Clause: Forcing endless battles is banned\n|rule|OHKO Clause: OHKO moves are banned\n|rule|Evasion Clause: Evasion abilities, items, and moves are banned\n|rule|Evasion Abilities Clause: Evasion abilities are banned\n|rule|Evasion Items Clause: Evasion items are banned\n|rule|Evasion Moves Clause: Evasion moves are banned\n|rule|Species Clause: Limit one of each Pok\u00e9mon\n|rule|Sleep Clause Mod: Limit one foe put to sleep\n|clearpoke\n|poke|p1|Zapdos-Galar|\n|poke|p1|Skeledirge, F|\n|poke|p1|Okidogi, M|\n|poke|p1|Gastrodon-East, F|\n|poke|p1|Gligar, M|\n|poke|p1|Muk-Alola, M|\n|poke|p2|Buzzwole|\n|poke|p2|Mew|\n|poke|p2|Iron Treads|\n|poke|p2|Meowscarada, M|\n|poke|p2|Tyranitar, F|\n|poke|p2|Zoroark-Hisui, F|\n|teampreview\n|inactive|Battle timer is ON: inactive players will automatically lose when time's up. (requested by Primarinaso)\n|c|\u2606How To Beat Lance|glhf\n|c|\u2606Primarinaso|you too\n|\n|t:|1700495943\n|start\n|switch|p1a: Kanto Mon|Zapdos-Galar, shiny|100\/100\n|switch|p2a: Mew|Mew|100\/100\n|turn|1\n|\n|t:|1700495952\n|move|p2a: Mew|Shadow Ball|p1a: Kanto Mon\n|-damage|p1a: Kanto Mon|33\/100\n|move|p1a: Kanto Mon|U-turn|p2a: Mew\n|-resisted|p2a: Mew\n|-damage|p2a: Mew|68\/100\n|replace|p2a: Zoroark|Zoroark-Hisui, F\n|-end|p2a: Zoroark|Illusion\n|-damage|p1a: Kanto Mon|23\/100|[from] item: Life Orb\n|\n|t:|1700495964\n|switch|p1a: Kum|Muk-Alola, M|100\/100|[from] U-turn\n|\n|upkeep\n|turn|2\n|\n|t:|1700495973\n|switch|p2a: Iron Treads|Iron Treads|100\/100\n|-enditem|p2a: Iron Treads|Booster Energy\n|-activate|p2a: Iron Treads|ability: Quark Drive|[fromitem]\n|-start|p2a: Iron Treads|quarkdrivespe\n|move|p1a: Kum|Crunch|p2a: Iron Treads\n|-damage|p2a: Iron Treads|67\/100\n|\n|upkeep\n|turn|3\n|c|\u2606Primarinaso|i always fall for zoroark its insane\n|\n|t:|1700495987\n|switch|p1a: Schneckerich|Gastrodon-East, F, shiny|100\/100\n|move|p2a: Iron Treads|Stealth Rock|p1a: Schneckerich\n|-sidestart|p1: Primarinaso|move: Stealth Rock\n|\n|upkeep\n|turn|4\n|c|\u2606How To Beat Lance|same\n|\n|t:|1700495993\n|move|p2a: Iron Treads|Earthquake|p1a: Schneckerich\n|-damage|p1a: Schneckerich|59\/100\n|move|p1a: Schneckerich|Earth Power|p2a: Iron Treads\n|-supereffective|p2a: Iron Treads\n|-damage|p2a: Iron Treads|0 fnt\n|faint|p2a: Iron Treads\n|-end|p2a: Iron Treads|Quark Drive|[silent]\n|\n|upkeep\n|\n|t:|1700496020\n|switch|p2a: Meowscarada|Meowscarada, M|100\/100\n|turn|5\n|\n|t:|1700496026\n|switch|p1a: Fliegerle|Gligar, M, shiny|100\/100\n|-damage|p1a: Fliegerle|88\/100|[from] Stealth Rock\n|move|p2a: Meowscarada|U-turn|p1a: Fliegerle\n|-start|p2a: Meowscarada|typechange|Bug|[from] ability: Protean\n|-resisted|p1a: Fliegerle\n|-crit|p1a: Fliegerle\n|-damage|p1a: Fliegerle|71\/100\n|\n|t:|1700496034\n|switch|p2a: Mew|Mew|68\/100|[from] U-turn\n|\n|upkeep\n|turn|6\n|\n|t:|1700496042\n|move|p2a: Mew|Flamethrower|p1a: Fliegerle\n|-crit|p1a: Fliegerle\n|-damage|p1a: Fliegerle|1\/100\n|move|p1a: Fliegerle|Knock Off|p2a: Mew\n|-supereffective|p2a: Mew\n|-damage|p2a: Mew|0 fnt\n|replace|p2a: Zoroark|Zoroark-Hisui, F\n|-end|p2a: Zoroark|Illusion\n|-enditem|p2a: Zoroark|Choice Specs|[from] move: Knock Off|[of] p1a: Fliegerle\n|faint|p2a: Zoroark\n|\n|upkeep\n|c|\u2606How To Beat Lance|ah\n|\n|t:|1700496054\n|switch|p2a: Buzzwole|Buzzwole|100\/100\n|turn|7\n|\n|t:|1700496060\n|move|p1a: Fliegerle|Defog|p2a: Buzzwole\n|-unboost|p2a: Buzzwole|evasion|1\n|-sideend|p1: Primarinaso|Stealth Rock|[from] move: Defog|[of] p1a: Fliegerle\n|move|p2a: Buzzwole|Leech Life|p1a: Fliegerle\n|-resisted|p1a: Fliegerle\n|-damage|p1a: Fliegerle|0 fnt\n|faint|p1a: Fliegerle\n|-ability|p2a: Buzzwole|Beast Boost|boost\n|-boost|p2a: Buzzwole|atk|1\n|\n|upkeep\n|\n|t:|1700496065\n|switch|p1a: Kanto Mon|Zapdos-Galar, shiny|23\/100\n|turn|8\n|\n|t:|1700496077\n|switch|p2a: Mew|Mew|100\/100\n|move|p1a: Kanto Mon|Drill Peck|p2a: Mew\n|-damage|p2a: Mew|60\/100\n|-damage|p1a: Kanto Mon|13\/100|[from] item: Life Orb\n|\n|-heal|p2a: Mew|66\/100|[from] item: Leftovers\n|upkeep\n|turn|9\n|\n|t:|1700496085\n|move|p2a: Mew|Volt Switch|p1a: Kanto Mon\n|-supereffective|p1a: Kanto Mon\n|-damage|p1a: Kanto Mon|0 fnt\n|faint|p1a: Kanto Mon\n|\n|t:|1700496096\n|switch|p2a: Meowscarada|Meowscarada, M|100\/100|[from] Volt Switch\n|\n|upkeep\n|\n|t:|1700496100\n|switch|p1a: Juan|Skeledirge, F|100\/100\n|turn|10\n|\n|t:|1700496106\n|move|p2a: Meowscarada|Knock Off|p1a: Juan\n|-start|p2a: Meowscarada|typechange|Dark|[from] ability: Protean\n|-supereffective|p1a: Juan\n|-damage|p1a: Juan|0 fnt\n|-enditem|p1a: Juan|Leftovers|[from] move: Knock Off|[of] p2a: Meowscarada\n|faint|p1a: Juan\n|\n|upkeep\n|\n|t:|1700496112\n|switch|p1a: Hond|Okidogi, M|100\/100\n|turn|11\n|\n|t:|1700496120\n|switch|p2a: Mew|Mew|66\/100\n|move|p1a: Hond|Bulk Up|p1a: Hond\n|-boost|p1a: Hond|atk|1\n|-boost|p1a: Hond|def|1\n|\n|-heal|p2a: Mew|72\/100|[from] item: Leftovers\n|upkeep\n|turn|12\n|\n|t:|1700496124\n|move|p2a: Mew|Psychic|p1a: Hond\n|-supereffective|p1a: Hond\n|-damage|p1a: Hond|0 fnt\n|faint|p1a: Hond\n|\n|-heal|p2a: Mew|78\/100|[from] item: Leftovers\n|upkeep\n|\n|t:|1700496128\n|switch|p1a: Kum|Muk-Alola, M|100\/100\n|turn|13\n|\n|t:|1700496139\n|move|p2a: Mew|Volt Switch|p1a: Kum\n|-damage|p1a: Kum|92\/100\n|\n|t:|1700496143\n|switch|p2a: Tyranitar|Tyranitar, F|100\/100|[from] Volt Switch\n|-weather|Sandstorm|[from] ability: Sand Stream|[of] p2a: Tyranitar\n|move|p1a: Kum|Crunch|p2a: Tyranitar\n|-resisted|p2a: Tyranitar\n|-damage|p2a: Tyranitar|84\/100\n|\n|-weather|Sandstorm|[upkeep]\n|-damage|p1a: Kum|86\/100|[from] Sandstorm\n|upkeep\n|turn|14\n|\n|t:|1700496160\n|detailschange|p2a: Tyranitar|Tyranitar-Mega, F\n|-mega|p2a: Tyranitar|Tyranitar|Tyranitarite\n|move|p2a: Tyranitar|Earthquake|p1a: Kum\n|-supereffective|p1a: Kum\n|-damage|p1a: Kum|0 fnt\n|faint|p1a: Kum\n|\n|-weather|Sandstorm|[upkeep]\n|upkeep\n|\n|t:|1700496163\n|switch|p1a: Schneckerich|Gastrodon-East, F, shiny|59\/100\n|turn|15\n|\n|t:|1700496169\n|move|p2a: Tyranitar|Crunch|p1a: Schneckerich\n|-damage|p1a: Schneckerich|0 fnt\n|faint|p1a: Schneckerich\n|\n|win|How To Beat Lance\n|raw|Primarinaso's rating: 1052 &rarr; <strong>1038<\/strong><br \/>(-14 for losing)\n|raw|How To Beat Lance's rating: 1119 &rarr; <strong>1139<\/strong><br \/>(+20 for winning)\n|c|\u2606How To Beat Lance|gg\n|c|\u2606Primarinaso|ggg\n|l|\u2606Primarinaso\n","uploadtime":1700496178,"views":1,"p1id":"primarinaso","p2id":"howtobeatlance","formatid":"gen9nationaldex","rating":1038,"private":0,"password":""}