{"id":"gen9nationaldex-1998418264","p1":"Goober Eats","p2":"Crescentia","format":"[Gen 9] National Dex","log":"|html|<div class=\"broadcast-blue\"><strong>[Gen 9] National Dex is currently suspecting Sneasler! For information on how to participate check out the <a href=\"https:\/\/www.smogon.com\/forums\/threads\/sv-national-dex-suspect-8-just-dance.3731534\/\">suspect thread<\/a>.<\/strong><\/div>\n|j|\u2606Goober Eats\n|j|\u2606Crescentia\n|t:|1700940105\n|gametype|singles\n|player|p1|Goober Eats|shadowtriad|\n|player|p2|Crescentia|101|\n|teamsize|p1|6\n|teamsize|p2|6\n|gen|9\n|tier|[Gen 9] National Dex\n|rule|HP Percentage Mod: HP is shown in percentages\n|rule|Endless Battle Clause: Forcing endless battles is banned\n|rule|OHKO Clause: OHKO moves are banned\n|rule|Evasion Clause: Evasion abilities, items, and moves are banned\n|rule|Evasion Abilities Clause: Evasion abilities are banned\n|rule|Evasion Items Clause: Evasion items are banned\n|rule|Evasion Moves Clause: Evasion moves are banned\n|rule|Species Clause: Limit one of each Pok\u00e9mon\n|rule|Sleep Clause Mod: Limit one foe put to sleep\n|clearpoke\n|poke|p1|Urshifu-*, F|\n|poke|p1|Mawile, M|\n|poke|p1|Tapu Koko|\n|poke|p1|Landorus-Therian, M|\n|poke|p1|Kyurem|\n|poke|p1|Blaziken, F|\n|poke|p2|Tapu Koko|\n|poke|p2|Iron Valiant|\n|poke|p2|Iron Moth|\n|poke|p2|Landorus-Therian, M|\n|poke|p2|Lopunny, F|\n|poke|p2|Tapu Lele|\n|teampreview\n|\n|t:|1700940113\n|start\n|switch|p1a: Tapu Koko|Tapu Koko|100\/100\n|switch|p2a: Good Boye|Landorus-Therian, M, shiny|100\/100\n|-fieldstart|move: Electric Terrain|[from] ability: Electric Surge|[of] p1a: Tapu Koko\n|-ability|p2a: Good Boye|Intimidate|boost\n|-unboost|p1a: Tapu Koko|atk|1\n|turn|1\n|\n|t:|1700940126\n|switch|p1a: Landorus|Landorus-Therian, M|100\/100\n|-ability|p1a: Landorus|Intimidate|boost\n|-unboost|p2a: Good Boye|atk|1\n|move|p2a: Good Boye|Stealth Rock|p1a: Landorus\n|-sidestart|p1: Goober Eats|move: Stealth Rock\n|\n|upkeep\n|turn|2\n|\n|t:|1700940138\n|move|p1a: Landorus|Toxic|p2a: Good Boye\n|-status|p2a: Good Boye|tox\n|move|p2a: Good Boye|Toxic|p1a: Landorus\n|-status|p1a: Landorus|tox\n|\n|-damage|p1a: Landorus|94\/100 tox|[from] psn\n|-damage|p2a: Good Boye|94\/100 tox|[from] psn\n|upkeep\n|turn|3\n|\n|t:|1700940150\n|move|p2a: Good Boye|U-turn|p1a: Landorus\n|-resisted|p1a: Landorus\n|-damage|p1a: Landorus|90\/100 tox\n|-damage|p2a: Good Boye|78\/100 tox|[from] item: Rocky Helmet|[of] p1a: Landorus\n|\n|t:|1700940161\n|switch|p2a: Strawberry|Lopunny, F, shiny|100\/100|[from] U-turn\n|move|p1a: Landorus|Defog|p2a: Strawberry\n|-unboost|p2a: Strawberry|evasion|1\n|-sideend|p1: Goober Eats|Stealth Rock|[from] move: Defog|[of] p1a: Landorus\n|-fieldend|move: Electric Terrain\n|\n|-damage|p1a: Landorus|78\/100 tox|[from] psn\n|upkeep\n|turn|4\n|\n|t:|1700940170\n|switch|p1a: Mawile|Mawile, M, shiny|100\/100\n|-ability|p1a: Mawile|Intimidate|boost\n|-unboost|p2a: Strawberry|atk|1\n|detailschange|p2a: Strawberry|Lopunny-Mega, F, shiny\n|-mega|p2a: Strawberry|Lopunny|Lopunnite\n|move|p2a: Strawberry|Fake Out|p1a: Mawile\n|-resisted|p1a: Mawile\n|-damage|p1a: Mawile|91\/100\n|\n|upkeep\n|turn|5\n|\n|t:|1700940198\n|switch|p2a: Good Boye|Landorus-Therian, M, shiny|78\/100 tox\n|-ability|p2a: Good Boye|Intimidate|boost\n|-unboost|p1a: Mawile|atk|1\n|detailschange|p1a: Mawile|Mawile-Mega, M, shiny\n|-mega|p1a: Mawile|Mawile|Mawilite\n|move|p1a: Mawile|Play Rough|p2a: Good Boye\n|-damage|p2a: Good Boye|38\/100 tox\n|\n|-heal|p2a: Good Boye|44\/100 tox|[from] item: Leftovers\n|-damage|p2a: Good Boye|38\/100 tox|[from] psn\n|upkeep\n|turn|6\n|\n|t:|1700940210\n|switch|p1a: Landorus|Landorus-Therian, M|78\/100 tox\n|-ability|p1a: Landorus|Intimidate|boost\n|-unboost|p2a: Good Boye|atk|1\n|move|p2a: Good Boye|Earthquake|p1a: Landorus\n|-immune|p1a: Landorus\n|\n|-heal|p2a: Good Boye|44\/100 tox|[from] item: Leftovers\n|-damage|p1a: Landorus|72\/100 tox|[from] psn\n|-damage|p2a: Good Boye|32\/100 tox|[from] psn\n|upkeep\n|turn|7\n|\n|t:|1700940237\n|switch|p1a: Urshifu|Urshifu-Rapid-Strike, F|100\/100\n|move|p2a: Good Boye|Toxic|p1a: Urshifu\n|-status|p1a: Urshifu|tox\n|\n|-heal|p2a: Good Boye|38\/100 tox|[from] item: Leftovers\n|-damage|p1a: Urshifu|94\/100 tox|[from] psn\n|-damage|p2a: Good Boye|20\/100 tox|[from] psn\n|upkeep\n|turn|8\n|\n|t:|1700940247\n|move|p1a: Urshifu|Surging Strikes|p2a: Good Boye\n|-supereffective|p2a: Good Boye\n|-crit|p2a: Good Boye\n|-damage|p2a: Good Boye|0 fnt\n|faint|p2a: Good Boye\n|-hitcount|p2: Good Boye|1\n|\n|-damage|p1a: Urshifu|82\/100 tox|[from] psn\n|upkeep\n|\n|t:|1700940259\n|switch|p2a: Tap|Tapu Koko, shiny|100\/100\n|-fieldstart|move: Electric Terrain|[from] ability: Electric Surge|[of] p2a: Tap\n|turn|9\n|\n|t:|1700940280\n|switch|p1a: Landorus|Landorus-Therian, M|72\/100 tox\n|-ability|p1a: Landorus|Intimidate|boost\n|-unboost|p2a: Tap|atk|1\n|move|p2a: Tap|U-turn|p1a: Landorus\n|-resisted|p1a: Landorus\n|-damage|p1a: Landorus|68\/100 tox\n|-damage|p2a: Tap|84\/100|[from] item: Rocky Helmet|[of] p1a: Landorus\n|\n|t:|1700940304\n|switch|p2a: Mothra|Iron Moth, shiny|100\/100|[from] U-turn\n|-activate|p2a: Mothra|ability: Quark Drive\n|-start|p2a: Mothra|quarkdrivespa\n|\n|-damage|p1a: Landorus|62\/100 tox|[from] psn\n|upkeep\n|turn|10\n|\n|t:|1700940325\n|move|p2a: Mothra|Psychic|p1a: Landorus\n|-damage|p1a: Landorus|14\/100 tox\n|move|p1a: Landorus|Earthquake|p2a: Mothra\n|-supereffective|p2a: Mothra\n|-crit|p2a: Mothra\n|-damage|p2a: Mothra|0 fnt\n|faint|p2a: Mothra\n|-end|p2a: Mothra|Quark Drive|[silent]\n|\n|-damage|p1a: Landorus|2\/100 tox|[from] psn\n|upkeep\n|\n|t:|1700940371\n|switch|p2a: Strawberry|Lopunny-Mega, F, shiny|100\/100\n|turn|11\n|\n|t:|1700940376\n|move|p2a: Strawberry|U-turn|p1a: Landorus\n|-resisted|p1a: Landorus\n|-damage|p1a: Landorus|0 fnt\n|-damage|p2a: Strawberry|84\/100|[from] item: Rocky Helmet|[of] p1a: Landorus\n|faint|p1a: Landorus\n|\n|t:|1700940399\n|switch|p2a: Tapu Lele|Tapu Lele|100\/100|[from] U-turn\n|-fieldstart|move: Psychic Terrain|[from] ability: Psychic Surge|[of] p2a: Tapu Lele\n|\n|upkeep\n|\n|t:|1700940407\n|switch|p1a: Tapu Koko|Tapu Koko|100\/100\n|-fieldstart|move: Electric Terrain|[from] ability: Electric Surge|[of] p1a: Tapu Koko\n|turn|12\n|\n|t:|1700940433\n|-terastallize|p1a: Tapu Koko|Electric\n|move|p2a: Tapu Lele|Psychic|p1a: Tapu Koko\n|-damage|p1a: Tapu Koko|22\/100\n|move|p1a: Tapu Koko|Thunderbolt|p2a: Tapu Lele\n|-damage|p2a: Tapu Lele|1\/100\n|-status|p2a: Tapu Lele|par\n|\n|upkeep\n|turn|13\n|c|\u2606Crescentia|f\n|\n|t:|1700940456\n|move|p1a: Tapu Koko|Thunderbolt|p2a: Tapu Lele\n|-damage|p2a: Tapu Lele|0 fnt\n|faint|p2a: Tapu Lele\n|\n|upkeep\n|c|\u2606Goober Eats|ye brutal rng\n|\n|t:|1700940463\n|switch|p2a: Strawberry|Lopunny-Mega, F, shiny|84\/100\n|turn|14\n|c|\u2606Crescentia|lol\n|c|\u2606Crescentia|c'est la vie\n|c|\u2606Goober Eats|too true\n|\n|t:|1700940482\n|switch|p1a: Urshifu|Urshifu-Rapid-Strike, F|82\/100 tox\n|move|p2a: Strawberry|Frustration|p1a: Urshifu\n|-damage|p1a: Urshifu|24\/100 tox\n|\n|-damage|p1a: Urshifu|18\/100 tox|[from] psn\n|upkeep\n|turn|15\n|\n|t:|1700940493\n|move|p1a: Urshifu|Aqua Jet|p2a: Strawberry\n|-damage|p2a: Strawberry|40\/100\n|move|p2a: Strawberry|Frustration|p1a: Urshifu\n|-damage|p1a: Urshifu|0 fnt\n|faint|p1a: Urshifu\n|\n|upkeep\n|\n|t:|1700940504\n|switch|p1a: Blaziken|Blaziken, F|100\/100\n|turn|16\n|\n|t:|1700940529\n|switch|p2a: Valkyrie|Iron Valiant, shiny|100\/100\n|-activate|p2a: Valkyrie|ability: Quark Drive\n|-start|p2a: Valkyrie|quarkdrivespe\n|move|p1a: Blaziken|Detect||[still]\n|-fail|p1a: Blaziken\n|\n|-fieldend|move: Electric Terrain\n|-end|p2a: Valkyrie|Quark Drive\n|-ability|p1a: Blaziken|Speed Boost|boost\n|-boost|p1a: Blaziken|spe|1\n|upkeep\n|turn|17\n|\n|t:|1700940541\n|-end|p2a: Valkyrie|Quark Drive|[silent]\n|switch|p2a: Tap|Tapu Koko, shiny|84\/100\n|-fieldstart|move: Electric Terrain|[from] ability: Electric Surge|[of] p2a: Tap\n|move|p1a: Blaziken|Detect||[still]\n|-fail|p1a: Blaziken\n|\n|-ability|p1a: Blaziken|Speed Boost|boost\n|-boost|p1a: Blaziken|spe|1\n|upkeep\n|turn|18\n|\n|t:|1700940548\n|move|p1a: Blaziken|Flare Blitz|p2a: Tap\n|-damage|p2a: Tap|0 fnt\n|faint|p2a: Tap\n|-damage|p1a: Blaziken|75\/100|[from] Recoil\n|-damage|p1a: Blaziken|65\/100|[from] item: Life Orb\n|\n|-ability|p1a: Blaziken|Speed Boost|boost\n|-boost|p1a: Blaziken|spe|1\n|upkeep\n|\n|t:|1700940552\n|switch|p2a: Valkyrie|Iron Valiant, shiny|100\/100\n|-activate|p2a: Valkyrie|ability: Quark Drive\n|-start|p2a: Valkyrie|quarkdrivespe\n|turn|19\n|\n|t:|1700940557\n|move|p1a: Blaziken|Flare Blitz|p2a: Valkyrie\n|-damage|p2a: Valkyrie|0 fnt\n|faint|p2a: Valkyrie\n|-end|p2a: Valkyrie|Quark Drive|[silent]\n|-damage|p1a: Blaziken|33\/100|[from] Recoil\n|-damage|p1a: Blaziken|23\/100|[from] item: Life Orb\n|\n|-ability|p1a: Blaziken|Speed Boost|boost\n|-boost|p1a: Blaziken|spe|1\n|upkeep\n|\n|t:|1700940559\n|switch|p2a: Strawberry|Lopunny-Mega, F, shiny|40\/100\n|turn|20\n|\n|t:|1700940561\n|move|p1a: Blaziken|Detect|p1a: Blaziken\n|-singleturn|p1a: Blaziken|Protect\n|move|p2a: Strawberry|Frustration|p1a: Blaziken\n|-activate|p1a: Blaziken|move: Protect\n|\n|-ability|p1a: Blaziken|Speed Boost|boost\n|-boost|p1a: Blaziken|spe|1\n|upkeep\n|turn|21\n|c|\u2606Goober Eats|gg\n|c|\u2606Crescentia|gg\n|\n|t:|1700940570\n|move|p1a: Blaziken|Close Combat|p2a: Strawberry\n|-supereffective|p2a: Strawberry\n|-damage|p2a: Strawberry|0 fnt\n|-unboost|p1a: Blaziken|def|1\n|-unboost|p1a: Blaziken|spd|1\n|faint|p2a: Strawberry\n|-damage|p1a: Blaziken|13\/100|[from] item: Life Orb\n|\n|win|Goober Eats\n","uploadtime":1700940573,"views":13,"p1id":"goobereats","p2id":"crescentia","formatid":"gen9nationaldex","rating":0,"private":0,"password":""}