{"id":"gen9nationaldex-1998557950","p1":"callmaybe","p2":"ErikGS31","format":"[Gen 9] National Dex","log":"|html|<div class=\"broadcast-blue\"><strong>[Gen 9] National Dex is currently suspecting Sneasler! For information on how to participate check out the <a href=\"https:\/\/www.smogon.com\/forums\/threads\/sv-national-dex-suspect-8-just-dance.3731534\/\">suspect thread<\/a>.<\/strong><\/div>\n|j|\u2606callmaybe\n|j|\u2606ErikGS31\n|t:|1700956121\n|gametype|singles\n|player|p1|callmaybe|gardenia|1281\n|player|p2|ErikGS31|pokemonranger-gen4|1210\n|teamsize|p1|6\n|teamsize|p2|6\n|gen|9\n|tier|[Gen 9] National Dex\n|rated|\n|rule|HP Percentage Mod: HP is shown in percentages\n|rule|Endless Battle Clause: Forcing endless battles is banned\n|rule|OHKO Clause: OHKO moves are banned\n|rule|Evasion Clause: Evasion abilities, items, and moves are banned\n|rule|Evasion Abilities Clause: Evasion abilities are banned\n|rule|Evasion Items Clause: Evasion items are banned\n|rule|Evasion Moves Clause: Evasion moves are banned\n|rule|Species Clause: Limit one of each Pok\u00e9mon\n|rule|Sleep Clause Mod: Limit one foe put to sleep\n|clearpoke\n|poke|p1|Mawile, F|\n|poke|p1|Tapu Lele|\n|poke|p1|Ogerpon-Wellspring, F|\n|poke|p1|Zamazenta-*|\n|poke|p1|Landorus-Therian, M|\n|poke|p1|Heatran, M|\n|poke|p2|Espeon, F|\n|poke|p2|Venusaur, F|\n|poke|p2|Golem, M|\n|poke|p2|Ampharos, F|\n|poke|p2|Arcanine, M|\n|poke|p2|Azumarill, M|\n|teampreview\n|\n|t:|1700956131\n|start\n|switch|p1a: Ogerpon|Ogerpon-Wellspring, F|100\/100\n|switch|p2a: Pietro|Golem, M|100\/100\n|turn|1\n|inactive|Battle timer is ON: inactive players will automatically lose when time's up. (requested by ErikGS31)\n|\n|t:|1700956141\n|move|p1a: Ogerpon|Ivy Cudgel|p2a: Pietro|[anim] Ivy Cudgel Water\n|-supereffective|p2a: Pietro\n|-ability|p2a: Pietro|Sturdy\n|-damage|p2a: Pietro|1\/100\n|-enditem|p2a: Pietro|Weakness Policy\n|-boost|p2a: Pietro|atk|2|[from] item: Weakness Policy\n|-boost|p2a: Pietro|spa|2|[from] item: Weakness Policy\n|move|p2a: Pietro|Explosion|p1a: Ogerpon\n|-damage|p1a: Ogerpon|0 fnt\n|faint|p2a: Pietro\n|faint|p1a: Ogerpon\n|\n|upkeep\n|\n|t:|1700956162\n|switch|p1a: Zamazenta|Zamazenta|100\/100\n|switch|p2a: Passiflora|Venusaur, F|100\/100\n|-ability|p1a: Zamazenta|Dauntless Shield|boost\n|-boost|p1a: Zamazenta|def|1\n|turn|2\n|\n|t:|1700956171\n|detailschange|p2a: Passiflora|Venusaur-Mega, F\n|-mega|p2a: Passiflora|Venusaur|Venusaurite\n|move|p1a: Zamazenta|Ice Fang|p2a: Passiflora\n|-supereffective|p2a: Passiflora\n|-damage|p2a: Passiflora|86\/100\n|move|p2a: Passiflora|Sleep Powder|p1a: Zamazenta\n|-status|p1a: Zamazenta|slp|[from] move: Sleep Powder\n|\n|upkeep\n|turn|3\n|\n|t:|1700956184\n|switch|p1a: Tapu Lele|Tapu Lele|100\/100\n|-fieldstart|move: Psychic Terrain|[from] ability: Psychic Surge|[of] p1a: Tapu Lele\n|move|p2a: Passiflora|Leech Seed|p1a: Tapu Lele\n|-start|p1a: Tapu Lele|move: Leech Seed\n|\n|-damage|p1a: Tapu Lele|88\/100|[from] Leech Seed|[of] p2a: Passiflora\n|-heal|p2a: Passiflora|95\/100|[silent]\n|upkeep\n|turn|4\n|\n|t:|1700956200\n|switch|p2a: Centella|Ampharos, F|100\/100\n|move|p1a: Tapu Lele|Psychic|p2a: Centella\n|-damage|p2a: Centella|46\/100\n|-unboost|p2a: Centella|spd|1\n|\n|-heal|p2a: Centella|52\/100|[from] item: Leftovers\n|-damage|p1a: Tapu Lele|76\/100|[from] Leech Seed|[of] p2a: Centella\n|-heal|p2a: Centella|63\/100|[silent]\n|upkeep\n|turn|5\n|\n|t:|1700956210\n|switch|p1a: Landorus|Landorus-Therian, M, shiny|100\/100\n|-ability|p1a: Landorus|Intimidate|boost\n|-unboost|p2a: Centella|atk|1\n|move|p2a: Centella|Toxic|p1a: Landorus\n|-status|p1a: Landorus|tox\n|\n|-heal|p2a: Centella|69\/100|[from] item: Leftovers\n|-damage|p1a: Landorus|94\/100 tox|[from] psn\n|upkeep\n|turn|6\n|\n|t:|1700956219\n|-terastallize|p2a: Centella|Flying\n|move|p1a: Landorus|Earthquake|p2a: Centella\n|-immune|p2a: Centella\n|move|p2a: Centella|Magnetic Flux|p2a: Centella\n|-boost|p2a: Centella|def|1\n|-boost|p2a: Centella|spd|1\n|\n|-heal|p1a: Landorus|100\/100 tox|[from] item: Leftovers\n|-heal|p2a: Centella|76\/100|[from] item: Leftovers\n|-damage|p1a: Landorus|88\/100 tox|[from] psn\n|upkeep\n|turn|7\n|\n|t:|1700956228\n|move|p1a: Landorus|U-turn|p2a: Centella\n|-resisted|p2a: Centella\n|-damage|p2a: Centella|69\/100\n|\n|t:|1700956243\n|switch|p1a: Mawile|Mawile, F, shiny|100\/100|[from] U-turn\n|move|p2a: Centella|Magnetic Flux|p2a: Centella\n|-boost|p2a: Centella|def|1\n|-boost|p2a: Centella|spd|1\n|\n|-heal|p2a: Centella|75\/100|[from] item: Leftovers\n|-fieldend|move: Psychic Terrain\n|upkeep\n|turn|8\n|\n|t:|1700956261\n|detailschange|p1a: Mawile|Mawile-Mega, F, shiny\n|-mega|p1a: Mawile|Mawile|Mawilite\n|move|p1a: Mawile|Knock Off|p2a: Centella\n|-damage|p2a: Centella|43\/100\n|-enditem|p2a: Centella|Leftovers|[from] move: Knock Off|[of] p1a: Mawile\n|move|p2a: Centella|Magnetic Flux|p2a: Centella\n|-boost|p2a: Centella|def|1\n|-boost|p2a: Centella|spd|1\n|\n|upkeep\n|turn|9\n|\n|t:|1700956271\n|move|p1a: Mawile|Play Rough|p2a: Centella\n|-damage|p2a: Centella|10\/100\n|move|p2a: Centella|Thunderbolt|p1a: Mawile\n|-damage|p1a: Mawile|45\/100\n|\n|upkeep\n|turn|10\n|\n|t:|1700956278\n|move|p1a: Mawile|Ice Punch|p2a: Centella\n|-supereffective|p2a: Centella\n|-damage|p2a: Centella|0 fnt\n|faint|p2a: Centella\n|\n|upkeep\n|\n|t:|1700956294\n|switch|p2a: Fogonazo|Arcanine, M|100\/100\n|-ability|p2a: Fogonazo|Intimidate|boost\n|-unboost|p1a: Mawile|atk|1\n|turn|11\n|\n|t:|1700956300\n|switch|p1a: Heatran|Heatran, M, shiny|100\/100\n|move|p2a: Fogonazo|Close Combat|p1a: Heatran\n|-supereffective|p1a: Heatran\n|-damage|p1a: Heatran|35\/100\n|-unboost|p2a: Fogonazo|def|1\n|-unboost|p2a: Fogonazo|spd|1\n|\n|-heal|p1a: Heatran|41\/100|[from] item: Leftovers\n|upkeep\n|turn|12\n|\n|t:|1700956309\n|switch|p1a: Landorus|Landorus-Therian, M, shiny|88\/100 tox\n|-ability|p1a: Landorus|Intimidate|boost\n|-unboost|p2a: Fogonazo|atk|1\n|move|p2a: Fogonazo|Close Combat|p1a: Landorus\n|-resisted|p1a: Landorus\n|-crit|p1a: Landorus\n|-damage|p1a: Landorus|67\/100 tox\n|-unboost|p2a: Fogonazo|def|1\n|-unboost|p2a: Fogonazo|spd|1\n|\n|-heal|p1a: Landorus|73\/100 tox|[from] item: Leftovers\n|-damage|p1a: Landorus|67\/100 tox|[from] psn\n|upkeep\n|turn|13\n|\n|t:|1700956321\n|switch|p2a: Caspio|Azumarill, M|100\/100\n|move|p1a: Landorus|Earthquake|p2a: Caspio\n|-damage|p2a: Caspio|58\/100\n|\n|-heal|p1a: Landorus|73\/100 tox|[from] item: Leftovers\n|-damage|p1a: Landorus|61\/100 tox|[from] psn\n|upkeep\n|turn|14\n|\n|t:|1700956331\n|move|p1a: Landorus|Taunt|p2a: Caspio\n|-start|p2a: Caspio|move: Taunt\n|-zpower|p2a: Caspio\n|move|p2a: Caspio|Z-Belly Drum|p2a: Caspio|[anim]Belly Drum\n|-heal|p2a: Caspio|100\/100|[zeffect]\n|-damage|p2a: Caspio|50\/100\n|-setboost|p2a: Caspio|atk|6|[from] move: Belly Drum\n|\n|-heal|p1a: Landorus|67\/100 tox|[from] item: Leftovers\n|-damage|p1a: Landorus|49\/100 tox|[from] psn\n|upkeep\n|turn|15\n|\n|t:|1700956359\n|switch|p1a: Zamazenta|Zamazenta|100\/100 slp\n|move|p2a: Caspio|Aqua Jet|p1a: Zamazenta\n|-damage|p1a: Zamazenta|38\/100 slp\n|\n|upkeep\n|turn|16\n|\n|t:|1700956364\n|move|p2a: Caspio|Aqua Jet|p1a: Zamazenta\n|-damage|p1a: Zamazenta|0 fnt\n|faint|p1a: Zamazenta\n|\n|-end|p2a: Caspio|move: Taunt\n|upkeep\n|\n|t:|1700956367\n|switch|p1a: Tapu Lele|Tapu Lele|76\/100\n|-fieldstart|move: Psychic Terrain|[from] ability: Psychic Surge|[of] p1a: Tapu Lele\n|turn|17\n|\n|t:|1700956393\n|move|p1a: Tapu Lele|Psychic|p2a: Caspio\n|-damage|p2a: Caspio|1\/100\n|move|p2a: Caspio|Ice Spinner|p1a: Tapu Lele\n|-damage|p1a: Tapu Lele|0 fnt\n|-fieldend|move: Psychic Terrain\n|faint|p1a: Tapu Lele\n|\n|upkeep\n|\n|t:|1700956397\n|switch|p1a: Mawile|Mawile-Mega, F, shiny|45\/100\n|turn|18\n|\n|t:|1700956402\n|move|p1a: Mawile|Sucker Punch|p2a: Caspio\n|-resisted|p2a: Caspio\n|-damage|p2a: Caspio|0 fnt\n|faint|p2a: Caspio\n|\n|upkeep\n|\n|t:|1700956411\n|switch|p2a: Fogonazo|Arcanine, M|100\/100\n|-ability|p2a: Fogonazo|Intimidate|boost\n|-unboost|p1a: Mawile|atk|1\n|turn|19\n|\n|t:|1700956418\n|switch|p1a: Landorus|Landorus-Therian, M, shiny|49\/100 tox\n|-ability|p1a: Landorus|Intimidate|boost\n|-unboost|p2a: Fogonazo|atk|1\n|move|p2a: Fogonazo|Close Combat|p1a: Landorus\n|-resisted|p1a: Landorus\n|-damage|p1a: Landorus|40\/100 tox\n|-unboost|p2a: Fogonazo|def|1\n|-unboost|p2a: Fogonazo|spd|1\n|\n|-heal|p1a: Landorus|46\/100 tox|[from] item: Leftovers\n|-damage|p1a: Landorus|40\/100 tox|[from] psn\n|upkeep\n|turn|20\n|\n|t:|1700956430\n|switch|p2a: Passiflora|Venusaur-Mega, F|95\/100\n|move|p1a: Landorus|Earthquake|p2a: Passiflora\n|-damage|p2a: Passiflora|63\/100\n|\n|-heal|p1a: Landorus|46\/100 tox|[from] item: Leftovers\n|-damage|p1a: Landorus|34\/100 tox|[from] psn\n|upkeep\n|turn|21\n|\n|t:|1700956437\n|move|p2a: Passiflora|Leech Seed|p1a: Landorus\n|-start|p1a: Landorus|move: Leech Seed\n|move|p1a: Landorus|U-turn|p2a: Passiflora\n|-damage|p2a: Passiflora|48\/100\n|\n|t:|1700956450\n|switch|p1a: Heatran|Heatran, M, shiny|41\/100|[from] U-turn\n|\n|-heal|p1a: Heatran|47\/100|[from] item: Leftovers\n|upkeep\n|turn|22\n|\n|t:|1700956456\n|move|p2a: Passiflora|Leech Seed|p1a: Heatran\n|-start|p1a: Heatran|move: Leech Seed\n|move|p1a: Heatran|Magma Storm|p2a: Passiflora\n|-supereffective|p2a: Passiflora\n|-damage|p2a: Passiflora|10\/100\n|-activate|p2a: Passiflora|move: Magma Storm|[of] p1a: Heatran\n|\n|-heal|p1a: Heatran|53\/100|[from] item: Leftovers\n|-damage|p1a: Heatran|41\/100|[from] Leech Seed|[of] p2a: Passiflora\n|-heal|p2a: Passiflora|23\/100|[silent]\n|-damage|p2a: Passiflora|11\/100|[from] move: Magma Storm|[partiallytrapped]\n|upkeep\n|turn|23\n|\n|t:|1700956472\n|switch|p1a: Mawile|Mawile-Mega, F, shiny|45\/100\n|move|p2a: Passiflora|Sleep Powder|p1a: Mawile|[miss]\n|-miss|p2a: Passiflora|p1a: Mawile\n|\n|-end|p2a: Passiflora|Magma Storm|[partiallytrapped]|[silent]\n|upkeep\n|turn|24\n|\n|t:|1700956483\n|move|p2a: Passiflora|Leech Seed|p1a: Mawile\n|-start|p1a: Mawile|move: Leech Seed\n|move|p1a: Mawile|Ice Punch|p2a: Passiflora\n|-supereffective|p2a: Passiflora\n|-damage|p2a: Passiflora|0 fnt\n|faint|p2a: Passiflora\n|\n|upkeep\n|\n|t:|1700956489\n|switch|p2a: Fogonazo|Arcanine, M|100\/100\n|-ability|p2a: Fogonazo|Intimidate|boost\n|-unboost|p1a: Mawile|atk|1\n|turn|25\n|\n|t:|1700956512\n|switch|p1a: Landorus|Landorus-Therian, M, shiny|34\/100 tox\n|-ability|p1a: Landorus|Intimidate|boost\n|-unboost|p2a: Fogonazo|atk|1\n|move|p2a: Fogonazo|Flare Blitz|p1a: Landorus\n|-damage|p1a: Landorus|4\/100 tox\n|-damage|p2a: Fogonazo|91\/100|[from] Recoil\n|\n|-heal|p1a: Landorus|10\/100 tox|[from] item: Leftovers\n|-damage|p1a: Landorus|4\/100 tox|[from] psn\n|upkeep\n|turn|26\n|\n|t:|1700956521\n|move|p2a: Fogonazo|Extreme Speed|p1a: Landorus\n|-damage|p1a: Landorus|0 fnt\n|faint|p1a: Landorus\n|\n|upkeep\n|\n|t:|1700956526\n|switch|p1a: Heatran|Heatran, M, shiny|41\/100\n|turn|27\n|\n|t:|1700956530\n|move|p2a: Fogonazo|Close Combat|p1a: Heatran\n|-supereffective|p1a: Heatran\n|-damage|p1a: Heatran|0 fnt\n|-unboost|p2a: Fogonazo|def|1\n|-unboost|p2a: Fogonazo|spd|1\n|faint|p1a: Heatran\n|\n|upkeep\n|\n|t:|1700956533\n|switch|p1a: Mawile|Mawile-Mega, F, shiny|45\/100\n|turn|28\n|\n|t:|1700956538\n|move|p1a: Mawile|Sucker Punch|p2a: Fogonazo\n|-damage|p2a: Fogonazo|16\/100\n|move|p2a: Fogonazo|Flare Blitz|p1a: Mawile\n|-supereffective|p1a: Mawile\n|-damage|p1a: Mawile|0 fnt\n|faint|p1a: Mawile\n|-damage|p2a: Fogonazo|6\/100|[from] Recoil\n|\n|win|ErikGS31\n|raw|callmaybe's rating: 1281 &rarr; <strong>1251<\/strong><br \/>(-30 for losing)\n|raw|ErikGS31's rating: 1210 &rarr; <strong>1240<\/strong><br \/>(+30 for winning)\n|c|\u2606ErikGS31|GG\n|l|\u2606callmaybe\n","uploadtime":1700956552,"views":12,"p1id":"callmaybe","p2id":"erikgs31","formatid":"gen9nationaldex","rating":1240,"private":0,"password":""}