{"id":"gen9nationaldex-1987075715","p1":"halpu","p2":"heavylever","format":"[Gen 9] National Dex","log":"|j|\u2606halpu\n|j|\u2606heavylever\n|t:|1699554081\n|gametype|singles\n|player|p1|halpu|cynthia-masters|1527\n|player|p2|heavylever|ash-unova|1570\n|teamsize|p1|6\n|teamsize|p2|6\n|gen|9\n|tier|[Gen 9] National Dex\n|rated|\n|rule|HP Percentage Mod: HP is shown in percentages\n|rule|Endless Battle Clause: Forcing endless battles is banned\n|rule|OHKO Clause: OHKO moves are banned\n|rule|Evasion Clause: Evasion abilities, items, and moves are banned\n|rule|Evasion Abilities Clause: Evasion abilities are banned\n|rule|Evasion Items Clause: Evasion items are banned\n|rule|Evasion Moves Clause: Evasion moves are banned\n|rule|Species Clause: Limit one of each Pok\u00e9mon\n|rule|Sleep Clause Mod: Limit one foe put to sleep\n|clearpoke\n|poke|p1|Kartana|\n|poke|p1|Blacephalon|\n|poke|p1|Alomomola, F|\n|poke|p1|Slowking-Galar, F|\n|poke|p1|Zapdos|\n|poke|p1|Serperior, M|\n|poke|p2|Dondozo, F|\n|poke|p2|Charizard, F|\n|poke|p2|Rillaboom, F|\n|poke|p2|Garganacl, F|\n|poke|p2|Tyranitar, F|\n|poke|p2|Landorus-Therian, M|\n|teampreview\n|\n|t:|1699554086\n|start\n|switch|p1a: Kartana|Kartana|100\/100\n|switch|p2a: Charizard|Charizard, F|100\/100\n|turn|1\n|inactive|Battle timer is ON: inactive players will automatically lose when time's up. (requested by heavylever)\n|\n|t:|1699554091\n|switch|p1a: Slowking|Slowking-Galar, F|100\/100\n|detailschange|p2a: Charizard|Charizard-Mega-Y, F\n|-mega|p2a: Charizard|Charizard|Charizardite Y\n|-weather|SunnyDay|[from] ability: Drought|[of] p2a: Charizard\n|move|p2a: Charizard|Overheat|p1a: Slowking\n|-crit|p1a: Slowking\n|-damage|p1a: Slowking|21\/100\n|-unboost|p2a: Charizard|spa|2\n|\n|-weather|SunnyDay|[upkeep]\n|upkeep\n|turn|2\n|c|\u2606halpu|ofc\n|\n|t:|1699554099\n|switch|p1a: Alomomola|Alomomola, F|100\/100\n|move|p2a: Charizard|Overheat|p1a: Alomomola\n|-resisted|p1a: Alomomola\n|-damage|p1a: Alomomola|66\/100\n|-unboost|p2a: Charizard|spa|2\n|\n|-weather|SunnyDay|[upkeep]\n|-heal|p1a: Alomomola|72\/100|[from] item: Leftovers\n|upkeep\n|turn|3\n|\n|t:|1699554105\n|switch|p2a: Rillaboom|Rillaboom, F|100\/100\n|-fieldstart|move: Grassy Terrain|[from] ability: Grassy Surge|[of] p2a: Rillaboom\n|switch|p1a: Slowking|Slowking-Galar, F|54\/100\n|\n|-weather|SunnyDay|[upkeep]\n|-heal|p1a: Slowking|61\/100|[from] Grassy Terrain\n|upkeep\n|turn|4\n|\n|t:|1699554110\n|move|p2a: Rillaboom|Knock Off|p1a: Slowking\n|-supereffective|p1a: Slowking\n|-damage|p1a: Slowking|0 fnt\n|-enditem|p1a: Slowking|Assault Vest|[from] move: Knock Off|[of] p2a: Rillaboom\n|faint|p1a: Slowking\n|\n|-weather|SunnyDay|[upkeep]\n|upkeep\n|\n|t:|1699554117\n|switch|p1a: Zapdos|Zapdos|100\/100\n|turn|5\n|\n|t:|1699554121\n|switch|p2a: Tyranitar|Tyranitar, F|100\/100\n|-weather|Sandstorm|[from] ability: Sand Stream|[of] p2a: Tyranitar\n|move|p1a: Zapdos|Heat Wave|p2a: Tyranitar\n|-resisted|p2a: Tyranitar\n|-damage|p2a: Tyranitar|93\/100\n|\n|-weather|Sandstorm|[upkeep]\n|-damage|p1a: Zapdos|94\/100|[from] Sandstorm\n|-heal|p2a: Tyranitar|99\/100|[from] Grassy Terrain\n|upkeep\n|turn|6\n|\n|t:|1699554132\n|move|p1a: Zapdos|Volt Switch|p2a: Tyranitar\n|-damage|p2a: Tyranitar|83\/100\n|\n|t:|1699554135\n|switch|p1a: Alomomola|Alomomola, F|100\/100|[from] Volt Switch\n|move|p2a: Tyranitar|Stone Edge|p1a: Alomomola\n|-damage|p1a: Alomomola|57\/100\n|\n|-weather|Sandstorm|[upkeep]\n|-damage|p1a: Alomomola|51\/100|[from] Sandstorm\n|-heal|p1a: Alomomola|57\/100|[from] Grassy Terrain\n|-heal|p1a: Alomomola|63\/100|[from] item: Leftovers\n|-heal|p2a: Tyranitar|89\/100|[from] Grassy Terrain\n|upkeep\n|turn|7\n|\n|t:|1699554143\n|switch|p2a: Charizard|Charizard-Mega-Y, F|100\/100\n|-weather|SunnyDay|[from] ability: Drought|[of] p2a: Charizard\n|move|p1a: Alomomola|Flip Turn|p2a: Charizard\n|-supereffective|p2a: Charizard\n|-damage|p2a: Charizard|78\/100\n|\n|t:|1699554147\n|switch|p1a: Blacephalon|Blacephalon|100\/100|[from] Flip Turn\n|\n|-weather|SunnyDay|[upkeep]\n|-fieldend|move: Grassy Terrain\n|upkeep\n|turn|8\n|\n|t:|1699554153\n|move|p1a: Blacephalon|Shadow Ball|p2a: Charizard\n|-damage|p2a: Charizard|29\/100\n|move|p2a: Charizard|Scorching Sands|p1a: Blacephalon\n|-supereffective|p1a: Blacephalon\n|-damage|p1a: Blacephalon|11\/100\n|\n|-weather|SunnyDay|[upkeep]\n|upkeep\n|turn|9\n|\n|t:|1699554157\n|switch|p2a: Tyranitar|Tyranitar, F|89\/100\n|-weather|Sandstorm|[from] ability: Sand Stream|[of] p2a: Tyranitar\n|move|p1a: Blacephalon|Shadow Ball|p2a: Tyranitar\n|-resisted|p2a: Tyranitar\n|-damage|p2a: Tyranitar|75\/100\n|\n|-weather|Sandstorm|[upkeep]\n|-damage|p1a: Blacephalon|5\/100|[from] Sandstorm\n|upkeep\n|turn|10\n|\n|t:|1699554160\n|-activate|p1a: Blacephalon|move: Pursuit\n|move|p2a: Tyranitar|Pursuit|p1a: Blacephalon|[from]Pursuit\n|-supereffective|p1a: Blacephalon\n|-damage|p1a: Blacephalon|0 fnt\n|faint|p1a: Blacephalon\n|-hint|A Pokemon can't switch between when it runs out of HP and when it faints\n|\n|-weather|Sandstorm|[upkeep]\n|upkeep\n|\n|t:|1699554161\n|switch|p1a: Kartana|Kartana|100\/100\n|turn|11\n|\n|t:|1699554170\n|switch|p2a: Landorus|Landorus-Therian, M|100\/100\n|-ability|p2a: Landorus|Intimidate|boost\n|-unboost|p1a: Kartana|atk|1\n|move|p1a: Kartana|Leaf Blade|p2a: Landorus\n|-damage|p2a: Landorus|36\/100\n|\n|-weather|Sandstorm|[upkeep]\n|upkeep\n|turn|12\n|\n|t:|1699554188\n|move|p2a: Landorus|U-turn|p1a: Kartana\n|-damage|p1a: Kartana|70\/100\n|\n|t:|1699554192\n|switch|p2a: Charizard|Charizard-Mega-Y, F|29\/100|[from] U-turn\n|-weather|SunnyDay|[from] ability: Drought|[of] p2a: Charizard\n|move|p1a: Kartana|Leaf Blade|p2a: Charizard\n|-resisted|p2a: Charizard\n|-damage|p2a: Charizard|9\/100\n|\n|-weather|SunnyDay|[upkeep]\n|upkeep\n|turn|13\n|\n|t:|1699554199\n|switch|p2a: Landorus|Landorus-Therian, M|36\/100\n|-ability|p2a: Landorus|Intimidate|boost\n|-unboost|p1a: Kartana|atk|1\n|move|p1a: Kartana|Leaf Blade|p2a: Landorus\n|-damage|p2a: Landorus|0 fnt\n|faint|p2a: Landorus\n|-ability|p1a: Kartana|Beast Boost|boost\n|-boost|p1a: Kartana|atk|1\n|\n|-weather|SunnyDay|[upkeep]\n|upkeep\n|\n|t:|1699554215\n|switch|p2a: Dondizzy|Dondozo, F, shiny|100\/100\n|turn|14\n|\n|t:|1699554221\n|switch|p1a: Alomomola|Alomomola, F|97\/100\n|-terastallize|p2a: Dondizzy|Fighting\n|move|p2a: Dondizzy|Curse|p2a: Dondizzy\n|-unboost|p2a: Dondizzy|spe|1\n|-boost|p2a: Dondizzy|atk|1\n|-boost|p2a: Dondizzy|def|1\n|\n|-weather|SunnyDay|[upkeep]\n|-heal|p1a: Alomomola|100\/100|[from] item: Leftovers\n|upkeep\n|turn|15\n|\n|t:|1699554228\n|move|p1a: Alomomola|Toxic|p2a: Dondizzy\n|-status|p2a: Dondizzy|tox\n|move|p2a: Dondizzy|Curse|p2a: Dondizzy\n|-unboost|p2a: Dondizzy|spe|1\n|-boost|p2a: Dondizzy|atk|1\n|-boost|p2a: Dondizzy|def|1\n|\n|-weather|SunnyDay|[upkeep]\n|-damage|p2a: Dondizzy|94\/100 tox|[from] psn\n|upkeep\n|turn|16\n|\n|t:|1699554232\n|move|p1a: Alomomola|Wish|p1a: Alomomola\n|move|p2a: Dondizzy|Body Press|p1a: Alomomola\n|-damage|p1a: Alomomola|57\/100\n|\n|-weather|none\n|-heal|p1a: Alomomola|63\/100|[from] item: Leftovers\n|-heal|p2a: Dondizzy|100\/100 tox|[from] item: Leftovers\n|-damage|p2a: Dondizzy|88\/100 tox|[from] psn\n|upkeep\n|turn|17\n|\n|t:|1699554237\n|move|p1a: Alomomola|Protect|p1a: Alomomola\n|-singleturn|p1a: Alomomola|Protect\n|move|p2a: Dondizzy|Body Press|p1a: Alomomola\n|-activate|p1a: Alomomola|move: Protect\n|\n|-heal|p1a: Alomomola|100\/100|[from] move: Wish|[wisher] Alomomola\n|-heal|p2a: Dondizzy|94\/100 tox|[from] item: Leftovers\n|-damage|p2a: Dondizzy|76\/100 tox|[from] psn\n|upkeep\n|turn|18\n|\n|t:|1699554239\n|move|p1a: Alomomola|Wish|p1a: Alomomola\n|move|p2a: Dondizzy|Curse|p2a: Dondizzy\n|-unboost|p2a: Dondizzy|spe|1\n|-boost|p2a: Dondizzy|atk|1\n|-boost|p2a: Dondizzy|def|1\n|\n|-heal|p2a: Dondizzy|82\/100 tox|[from] item: Leftovers\n|-damage|p2a: Dondizzy|57\/100 tox|[from] psn\n|upkeep\n|turn|19\n|\n|t:|1699554241\n|move|p1a: Alomomola|Flip Turn|p2a: Dondizzy\n|-crit|p2a: Dondizzy\n|-damage|p2a: Dondizzy|47\/100 tox\n|\n|t:|1699554244\n|switch|p1a: Zapdos|Zapdos|94\/100|[from] Flip Turn\n|move|p2a: Dondizzy|Curse|p2a: Dondizzy\n|-unboost|p2a: Dondizzy|spe|1\n|-boost|p2a: Dondizzy|atk|1\n|-boost|p2a: Dondizzy|def|1\n|\n|-heal|p1a: Zapdos|100\/100|[from] move: Wish|[wisher] Alomomola\n|-heal|p2a: Dondizzy|53\/100 tox|[from] item: Leftovers\n|-damage|p2a: Dondizzy|23\/100 tox|[from] psn\n|upkeep\n|turn|20\n|\n|t:|1699554256\n|move|p1a: Zapdos|Volt Switch|p2a: Dondizzy\n|-damage|p2a: Dondizzy|0 fnt\n|faint|p2a: Dondizzy\n|\n|t:|1699554263\n|switch|p1a: Serperior|Serperior, M|100\/100|[from] Volt Switch\n|\n|upkeep\n|\n|t:|1699554271\n|switch|p2a: Tyranitar|Tyranitar, F|75\/100\n|-weather|Sandstorm|[from] ability: Sand Stream|[of] p2a: Tyranitar\n|turn|21\n|\n|t:|1699554276\n|move|p1a: Serperior|Protect|p1a: Serperior\n|-singleturn|p1a: Serperior|Protect\n|move|p2a: Tyranitar|Fire Punch|p1a: Serperior\n|-activate|p1a: Serperior|move: Protect\n|\n|-weather|Sandstorm|[upkeep]\n|-damage|p1a: Serperior|94\/100|[from] Sandstorm\n|upkeep\n|turn|22\n|\n|t:|1699554280\n|switch|p1a: Alomomola|Alomomola, F|100\/100\n|move|p2a: Tyranitar|Fire Punch|p1a: Alomomola\n|-resisted|p1a: Alomomola\n|-damage|p1a: Alomomola|89\/100\n|\n|-weather|Sandstorm|[upkeep]\n|-damage|p1a: Alomomola|82\/100|[from] Sandstorm\n|-heal|p1a: Alomomola|89\/100|[from] item: Leftovers\n|upkeep\n|turn|23\n|\n|t:|1699554284\n|switch|p2a: Charizard|Charizard-Mega-Y, F|9\/100\n|-weather|SunnyDay|[from] ability: Drought|[of] p2a: Charizard\n|move|p1a: Alomomola|Flip Turn|p2a: Charizard\n|-supereffective|p2a: Charizard\n|-damage|p2a: Charizard|0 fnt\n|faint|p2a: Charizard\n|\n|t:|1699554295\n|switch|p1a: Serperior|Serperior, M|94\/100|[from] Flip Turn\n|\n|-weather|SunnyDay|[upkeep]\n|upkeep\n|\n|t:|1699554299\n|switch|p2a: Rillaboom|Rillaboom, F|100\/100\n|-fieldstart|move: Grassy Terrain|[from] ability: Grassy Surge|[of] p2a: Rillaboom\n|turn|24\n|\n|t:|1699554301\n|move|p1a: Serperior|Protect|p1a: Serperior\n|-singleturn|p1a: Serperior|Protect\n|move|p2a: Rillaboom|U-turn|p1a: Serperior\n|-activate|p1a: Serperior|move: Protect\n|\n|-weather|SunnyDay|[upkeep]\n|-heal|p1a: Serperior|100\/100|[from] Grassy Terrain\n|upkeep\n|turn|25\n|\n|t:|1699554305\n|switch|p1a: Zapdos|Zapdos|100\/100\n|move|p2a: Rillaboom|U-turn|p1a: Zapdos\n|-resisted|p1a: Zapdos\n|-damage|p1a: Zapdos|86\/100\n|-status|p2a: Rillaboom|par|[from] ability: Static|[of] p1a: Zapdos\n|\n|t:|1699554307\n|switch|p2a: Tyranitar|Tyranitar, F|75\/100|[from] U-turn\n|-weather|Sandstorm|[from] ability: Sand Stream|[of] p2a: Tyranitar\n|\n|-weather|Sandstorm|[upkeep]\n|-damage|p1a: Zapdos|79\/100|[from] Sandstorm\n|-heal|p2a: Tyranitar|82\/100|[from] Grassy Terrain\n|upkeep\n|turn|26\n|\n|t:|1699554314\n|-terastallize|p1a: Zapdos|Electric\n|move|p1a: Zapdos|Volt Switch|p2a: Tyranitar\n|-damage|p2a: Tyranitar|59\/100\n|\n|t:|1699554318\n|switch|p1a: Alomomola|Alomomola, F|100\/100|[from] Volt Switch\n|move|p2a: Tyranitar|Stone Edge|p1a: Alomomola|[miss]\n|-miss|p2a: Tyranitar|p1a: Alomomola\n|\n|-weather|Sandstorm|[upkeep]\n|-damage|p1a: Alomomola|94\/100|[from] Sandstorm\n|-heal|p1a: Alomomola|100\/100|[from] Grassy Terrain\n|-heal|p2a: Tyranitar|65\/100|[from] Grassy Terrain\n|upkeep\n|turn|27\n|\n|t:|1699554322\n|move|p1a: Alomomola|Toxic|p2a: Tyranitar\n|-status|p2a: Tyranitar|tox\n|move|p2a: Tyranitar|Stone Edge|p1a: Alomomola\n|-crit|p1a: Alomomola\n|-damage|p1a: Alomomola|36\/100\n|\n|-weather|Sandstorm|[upkeep]\n|-damage|p1a: Alomomola|30\/100|[from] Sandstorm\n|-heal|p1a: Alomomola|36\/100|[from] Grassy Terrain\n|-heal|p1a: Alomomola|42\/100|[from] item: Leftovers\n|-heal|p2a: Tyranitar|71\/100 tox|[from] Grassy Terrain\n|-damage|p2a: Tyranitar|65\/100 tox|[from] psn\n|upkeep\n|turn|28\n|\n|t:|1699554325\n|move|p1a: Alomomola|Protect|p1a: Alomomola\n|-singleturn|p1a: Alomomola|Protect\n|move|p2a: Tyranitar|Stone Edge|p1a: Alomomola\n|-activate|p1a: Alomomola|move: Protect\n|\n|-weather|Sandstorm|[upkeep]\n|-damage|p1a: Alomomola|36\/100|[from] Sandstorm\n|-heal|p1a: Alomomola|42\/100|[from] Grassy Terrain\n|-heal|p1a: Alomomola|48\/100|[from] item: Leftovers\n|-heal|p2a: Tyranitar|71\/100 tox|[from] Grassy Terrain\n|-damage|p2a: Tyranitar|59\/100 tox|[from] psn\n|-fieldend|move: Grassy Terrain\n|upkeep\n|turn|29\n|\n|t:|1699554328\n|move|p1a: Alomomola|Wish|p1a: Alomomola\n|move|p2a: Tyranitar|Stone Edge|p1a: Alomomola|[miss]\n|-miss|p2a: Tyranitar|p1a: Alomomola\n|\n|-weather|none\n|-heal|p1a: Alomomola|54\/100|[from] item: Leftovers\n|-damage|p2a: Tyranitar|40\/100 tox|[from] psn\n|upkeep\n|turn|30\n|\n|t:|1699554331\n|move|p1a: Alomomola|Protect|p1a: Alomomola\n|-singleturn|p1a: Alomomola|Protect\n|move|p2a: Tyranitar|Stone Edge|p1a: Alomomola\n|-activate|p1a: Alomomola|move: Protect\n|\n|-heal|p1a: Alomomola|100\/100|[from] move: Wish|[wisher] Alomomola\n|-damage|p2a: Tyranitar|15\/100 tox|[from] psn\n|upkeep\n|turn|31\n|-message|heavylever forfeited.\n|\n|win|halpu\n|raw|halpu's rating: 1527 &rarr; <strong>1549<\/strong><br \/>(+22 for winning)\n|raw|heavylever's rating: 1570 &rarr; <strong>1548<\/strong><br \/>(-22 for losing)\n|l|\u2606heavylever\n","uploadtime":1699554337,"views":5,"p1id":"halpu","p2id":"heavylever","formatid":"gen9nationaldex","rating":1548,"private":0,"password":""}