{"id":"gen9nationaldex-1987060973","p1":"WarGoddessMinerva","p2":"heinousactszx","format":"[Gen 9] National Dex","log":"|j|\u2606WarGoddessMinerva\n|j|\u2606heinousactszx\n|t:|1699552880\n|gametype|singles\n|player|p1|WarGoddessMinerva|acetrainersnowf|\n|player|p2|heinousactszx|169|\n|teamsize|p1|6\n|teamsize|p2|6\n|gen|9\n|tier|[Gen 9] National Dex\n|rule|HP Percentage Mod: HP is shown in percentages\n|rule|Endless Battle Clause: Forcing endless battles is banned\n|rule|OHKO Clause: OHKO moves are banned\n|rule|Evasion Clause: Evasion abilities, items, and moves are banned\n|rule|Evasion Abilities Clause: Evasion abilities are banned\n|rule|Evasion Items Clause: Evasion items are banned\n|rule|Evasion Moves Clause: Evasion moves are banned\n|rule|Species Clause: Limit one of each Pok\u00e9mon\n|rule|Sleep Clause Mod: Limit one foe put to sleep\n|clearpoke\n|poke|p1|Tyranitar, M|\n|poke|p1|Roserade, M|\n|poke|p1|Reuniclus, M|\n|poke|p1|Celesteela|\n|poke|p1|Minior-Green|\n|poke|p1|Cyclizar, F|\n|poke|p2|Torkoal, M|\n|poke|p2|Shiftry, M|\n|poke|p2|Kleavor, F|\n|poke|p2|Garganacl, F|\n|poke|p2|Volcanion|\n|poke|p2|Hitmontop, M|\n|teampreview\n|\n|t:|1699552885\n|start\n|switch|p1a: Shooting Star|Minior-Green|100\/100\n|switch|p2a: Edelgard|Kleavor, F|100\/100\n|-formechange|p1a: Shooting Star|Minior-Meteor||[from] ability: Shields Down\n|turn|1\n|\n|t:|1699552898\n|move|p2a: Edelgard|Stone Axe|p1a: Shooting Star\n|-supereffective|p1a: Shooting Star\n|-damage|p1a: Shooting Star|0 fnt\n|-sidestart|p1: WarGoddessMinerva|move: Stealth Rock\n|faint|p1a: Shooting Star\n|\n|upkeep\n|\n|t:|1699552914\n|switch|p1a: Sidewinder|Cyclizar, F|100\/100\n|turn|2\n|\n|t:|1699552938\n|switch|p2a: Turtle Power|Torkoal, M|100\/100\n|-weather|SunnyDay|[from] ability: Drought|[of] p2a: Turtle Power\n|move|p1a: Sidewinder|Rapid Spin|p2a: Turtle Power\n|-crit|p2a: Turtle Power\n|-damage|p2a: Turtle Power|83\/100\n|-boost|p1a: Sidewinder|spe|1\n|-sideend|p1: WarGoddessMinerva|Stealth Rock|[from] move: Rapid Spin|[of] p1a: Sidewinder\n|\n|-weather|SunnyDay|[upkeep]\n|upkeep\n|turn|3\n|\n|t:|1699552952\n|move|p2a: Turtle Power|Stealth Rock|p1a: Sidewinder\n|-sidestart|p1: WarGoddessMinerva|move: Stealth Rock\n|move|p1a: Sidewinder|Dragon Tail|p2a: Turtle Power\n|-damage|p2a: Turtle Power|70\/100\n|drag|p2a: Edelgard|Kleavor, F|100\/100\n|\n|-weather|SunnyDay|[upkeep]\n|upkeep\n|turn|4\n|\n|t:|1699552964\n|move|p1a: Sidewinder|Rapid Spin|p2a: Edelgard\n|-resisted|p2a: Edelgard\n|-damage|p2a: Edelgard|92\/100\n|-boost|p1a: Sidewinder|spe|1\n|-sideend|p1: WarGoddessMinerva|Stealth Rock|[from] move: Rapid Spin|[of] p1a: Sidewinder\n|move|p2a: Edelgard|Close Combat|p1a: Sidewinder\n|-supereffective|p1a: Sidewinder\n|-damage|p1a: Sidewinder|0 fnt\n|-unboost|p2a: Edelgard|def|1\n|-unboost|p2a: Edelgard|spd|1\n|faint|p1a: Sidewinder\n|\n|-weather|SunnyDay|[upkeep]\n|upkeep\n|\n|t:|1699552979\n|switch|p1a: Grand Pillar|Celesteela|100\/100\n|turn|5\n|\n|t:|1699552998\n|-terastallize|p1a: Grand Pillar|Steel\n|move|p2a: Edelgard|Close Combat|p1a: Grand Pillar\n|-supereffective|p1a: Grand Pillar\n|-damage|p1a: Grand Pillar|13\/100\n|-unboost|p2a: Edelgard|def|1\n|-unboost|p2a: Edelgard|spd|1\n|move|p1a: Grand Pillar|Autotomize|p1a: Grand Pillar\n|-boost|p1a: Grand Pillar|spe|2\n|-start|p1a: Grand Pillar|Autotomize\n|\n|-weather|SunnyDay|[upkeep]\n|upkeep\n|turn|6\n|\n|t:|1699553011\n|move|p2a: Edelgard|Close Combat|p1a: Grand Pillar\n|-supereffective|p1a: Grand Pillar\n|-damage|p1a: Grand Pillar|0 fnt\n|-unboost|p2a: Edelgard|def|1\n|-unboost|p2a: Edelgard|spd|1\n|faint|p1a: Grand Pillar\n|\n|-weather|SunnyDay|[upkeep]\n|upkeep\n|c|\u2606WarGoddessMinerva|Conceding here\n|\n|t:|1699553035\n|switch|p1a: Desert Rose|Roserade, M|100\/100\n|turn|7\n|c|\u2606WarGoddessMinerva|I just fucked up bad\n|c|\u2606heinousactszx|so what do we do then?\n|c|\u2606WarGoddessMinerva|I have no idea how to surrender so we gotta play it out i guess\n|c|\u2606WarGoddessMinerva|god\n|c|\u2606WarGoddessMinerva|I hate this sit\n|c|\u2606WarGoddessMinerva|site\n|c|\u2606heinousactszx|i guess we could activate the timer and just let it drain?\n|c|\u2606heinousactszx|let me google it\n|c|\u2606WarGoddessMinerva|eh its fine\n|\n|t:|1699553092\n|switch|p2a: Vile|Volcanion|100\/100\n|move|p1a: Desert Rose|Giga Drain|p2a: Vile\n|-crit|p2a: Vile\n|-damage|p2a: Vile|50\/100\n|\n|-weather|SunnyDay|[upkeep]\n|upkeep\n|turn|8\n|\n|t:|1699553118\n|move|p1a: Desert Rose|Giga Drain|p2a: Vile\n|-damage|p2a: Vile|16\/100\n|move|p2a: Vile|Weather Ball|p1a: Desert Rose\n|-supereffective|p1a: Desert Rose\n|-damage|p1a: Desert Rose|0 fnt\n|faint|p1a: Desert Rose\n|\n|-weather|SunnyDay|[upkeep]\n|upkeep\n|\n|t:|1699553126\n|switch|p1a: Looming Storm|Tyranitar, M|100\/100\n|-weather|Sandstorm|[from] ability: Sand Stream|[of] p1a: Looming Storm\n|turn|9\n|\n|t:|1699553130\n|switch|p2a: Carlton|Hitmontop, M|100\/100\n|switch|p1a: Mirage|Reuniclus, M|100\/100\n|\n|-weather|Sandstorm|[upkeep]\n|-damage|p2a: Carlton|95\/100|[from] Sandstorm\n|upkeep\n|turn|10\n|\n|t:|1699553140\n|switch|p2a: Edelgard|Kleavor, F|92\/100\n|move|p1a: Mirage|Psychic|p2a: Edelgard\n|-damage|p2a: Edelgard|51\/100\n|\n|-weather|Sandstorm|[upkeep]\n|upkeep\n|turn|11\n|\n|t:|1699553147\n|-terastallize|p2a: Edelgard|Bug\n|move|p2a: Edelgard|X-Scissor|p1a: Mirage\n|-supereffective|p1a: Mirage\n|-damage|p1a: Mirage|0 fnt\n|faint|p1a: Mirage\n|\n|-weather|Sandstorm|[upkeep]\n|-damage|p2a: Edelgard|45\/100|[from] Sandstorm\n|upkeep\n|\n|t:|1699553155\n|switch|p1a: Looming Storm|Tyranitar, M|100\/100\n|turn|12\n|\n|t:|1699553160\n|move|p2a: Edelgard|X-Scissor|p1a: Looming Storm\n|-supereffective|p1a: Looming Storm\n|-damage|p1a: Looming Storm|0 fnt\n|faint|p1a: Looming Storm\n|\n|win|heinousactszx\n","uploadtime":1699553167,"views":31,"p1id":"wargoddessminerva","p2id":"heinousactszx","formatid":"gen9nationaldex","rating":0,"private":0,"password":""}