{"id":"gen9nationaldex-1991670640","p1":"Jarl_jake","p2":"wuvesi","format":"[Gen 9] National Dex","log":"|j|\u2606Jarl_jake\n|j|\u2606wuvesi\n|t:|1700100778\n|gametype|singles\n|player|p1|Jarl_jake|red|1507\n|player|p2|wuvesi|102|1408\n|teamsize|p1|6\n|teamsize|p2|6\n|gen|9\n|tier|[Gen 9] National Dex\n|rated|\n|rule|HP Percentage Mod: HP is shown in percentages\n|rule|Endless Battle Clause: Forcing endless battles is banned\n|rule|OHKO Clause: OHKO moves are banned\n|rule|Evasion Clause: Evasion abilities, items, and moves are banned\n|rule|Evasion Abilities Clause: Evasion abilities are banned\n|rule|Evasion Items Clause: Evasion items are banned\n|rule|Evasion Moves Clause: Evasion moves are banned\n|rule|Species Clause: Limit one of each Pok\u00e9mon\n|rule|Sleep Clause Mod: Limit one foe put to sleep\n|clearpoke\n|poke|p1|Ninetales-Alola, F|\n|poke|p1|Serperior, F|\n|poke|p1|Salamence, M|\n|poke|p1|Blaziken, M|\n|poke|p1|Blastoise, F|\n|poke|p1|Grimmsnarl, M|\n|poke|p2|Pelipper, F|\n|poke|p2|Swampert, M|\n|poke|p2|Floatzel, M|\n|poke|p2|Zapdos|\n|poke|p2|Ferrothorn, F|\n|poke|p2|Urshifu-*, M|\n|teampreview\n|\n|t:|1700100785\n|start\n|switch|p1a: Chicharron|Blaziken, M, shiny|100\/100\n|switch|p2a: Pelipper|Pelipper, F|100\/100\n|-weather|RainDance|[from] ability: Drizzle|[of] p2a: Pelipper\n|turn|1\n|\n|t:|1700100797\n|switch|p2a: Swampert|Swampert, M|100\/100\n|-terastallize|p1a: Chicharron|Electric\n|move|p1a: Chicharron|Thunder Punch|p2a: Swampert\n|-immune|p2a: Swampert\n|\n|-weather|RainDance|[upkeep]\n|-ability|p1a: Chicharron|Speed Boost|boost\n|-boost|p1a: Chicharron|spe|1\n|upkeep\n|turn|2\n|\n|t:|1700100813\n|switch|p1a: Kurama|Ninetales-Alola, F, shiny|100\/100\n|-weather|Snow|[from] ability: Snow Warning|[of] p1a: Kurama\n|detailschange|p2a: Swampert|Swampert-Mega, M\n|-mega|p2a: Swampert|Swampert|Swampertite\n|move|p2a: Swampert|Flip Turn|p1a: Kurama\n|-damage|p1a: Kurama|65\/100\n|\n|t:|1700100816\n|switch|p2a: Pelipper|Pelipper, F|100\/100|[from] Flip Turn\n|-weather|RainDance|[from] ability: Drizzle|[of] p2a: Pelipper\n|\n|-weather|RainDance|[upkeep]\n|upkeep\n|turn|3\n|\n|t:|1700100829\n|switch|p2a: Swampert|Swampert-Mega, M|100\/100\n|move|p1a: Kurama|Moonblast|p2a: Swampert\n|-damage|p2a: Swampert|69\/100\n|\n|-weather|RainDance|[upkeep]\n|upkeep\n|turn|4\n|\n|t:|1700100850\n|switch|p1a: Paarthurnax|Salamence, M, shiny|100\/100\n|move|p2a: Swampert|Liquidation|p1a: Paarthurnax\n|-resisted|p1a: Paarthurnax\n|-damage|p1a: Paarthurnax|52\/100\n|-unboost|p1a: Paarthurnax|def|1\n|\n|-weather|RainDance|[upkeep]\n|upkeep\n|turn|5\n|\n|t:|1700100863\n|move|p2a: Swampert|Liquidation|p1a: Paarthurnax\n|-resisted|p1a: Paarthurnax\n|-damage|p1a: Paarthurnax|0 fnt\n|faint|p1a: Paarthurnax\n|\n|-weather|RainDance|[upkeep]\n|upkeep\n|\n|t:|1700100870\n|switch|p1a: Grendel|Grimmsnarl, M, shiny|100\/100\n|turn|6\n|\n|t:|1700100877\n|move|p1a: Grendel|Parting Shot|p2a: Swampert\n|-unboost|p2a: Swampert|atk|1\n|-unboost|p2a: Swampert|spa|1\n|\n|t:|1700100881\n|switch|p1a: Kurama|Ninetales-Alola, F, shiny|65\/100|[from] Parting Shot\n|-weather|Snow|[from] ability: Snow Warning|[of] p1a: Kurama\n|move|p2a: Swampert|Liquidation|p1a: Kurama\n|-damage|p1a: Kurama|34\/100\n|\n|-weather|Snow|[upkeep]\n|upkeep\n|turn|7\n|\n|t:|1700100891\n|switch|p2a: Pelipper|Pelipper, F|100\/100\n|-weather|RainDance|[from] ability: Drizzle|[of] p2a: Pelipper\n|move|p1a: Kurama|Moonblast|p2a: Pelipper\n|-damage|p2a: Pelipper|53\/100\n|\n|-weather|RainDance|[upkeep]\n|upkeep\n|turn|8\n|\n|t:|1700100914\n|switch|p1a: Fat Girl|Blastoise, F, shiny|100\/100\n|switch|p2a: Floatzel|Floatzel, M|100\/100\n|\n|-weather|RainDance|[upkeep]\n|upkeep\n|turn|9\n|\n|t:|1700100934\n|-terastallize|p2a: Floatzel|Water\n|move|p2a: Floatzel|Wave Crash|p1a: Fat Girl\n|-resisted|p1a: Fat Girl\n|-damage|p1a: Fat Girl|8\/100\n|-damage|p2a: Floatzel|68\/100|[from] Recoil\n|move|p1a: Fat Girl|Dark Pulse|p2a: Floatzel\n|-damage|p2a: Floatzel|25\/100\n|\n|-weather|RainDance|[upkeep]\n|upkeep\n|turn|10\n|\n|t:|1700100948\n|move|p2a: Floatzel|Wave Crash|p1a: Fat Girl\n|-resisted|p1a: Fat Girl\n|-damage|p1a: Fat Girl|0 fnt\n|faint|p1a: Fat Girl\n|-damage|p2a: Floatzel|22\/100|[from] Recoil\n|\n|-weather|RainDance|[upkeep]\n|upkeep\n|\n|t:|1700100957\n|switch|p1a: Grendel|Grimmsnarl, M, shiny|100\/100\n|turn|11\n|\n|t:|1700100960\n|move|p1a: Grendel|Sucker Punch|p2a: Floatzel\n|-damage|p2a: Floatzel|0 fnt\n|faint|p2a: Floatzel\n|\n|-weather|RainDance|[upkeep]\n|upkeep\n|\n|t:|1700100965\n|switch|p2a: Swampert|Swampert-Mega, M|69\/100\n|turn|12\n|\n|t:|1700100971\n|move|p1a: Grendel|Sucker Punch|p2a: Swampert\n|-damage|p2a: Swampert|37\/100\n|move|p2a: Swampert|Flip Turn|p1a: Grendel\n|-damage|p1a: Grendel|47\/100\n|\n|t:|1700100980\n|switch|p2a: Zapdos|Zapdos|100\/100|[from] Flip Turn\n|\n|-weather|RainDance|[upkeep]\n|upkeep\n|turn|13\n|\n|t:|1700100991\n|-zpower|p1a: Grendel\n|move|p1a: Grendel|Z-Parting Shot|p2a: Zapdos|[anim]Parting Shot\n|-activate|p1a: Grendel|healreplacement\n|-unboost|p2a: Zapdos|atk|1\n|-unboost|p2a: Zapdos|spa|1\n|\n|t:|1700100997\n|switch|p1a: Kurama|Ninetales-Alola, F, shiny|34\/100|[from] Parting Shot\n|-heal|p1a: Kurama|100\/100|[from] move: Parting Shot|[zeffect]\n|-weather|Snow|[from] ability: Snow Warning|[of] p1a: Kurama\n|move|p2a: Zapdos|Hurricane|p1a: Kurama|[miss]\n|-miss|p2a: Zapdos|p1a: Kurama\n|\n|-weather|Snow|[upkeep]\n|upkeep\n|turn|14\n|\n|t:|1700101008\n|switch|p2a: Ferrothorn|Ferrothorn, F|100\/100\n|move|p1a: Kurama|Moonblast|p2a: Ferrothorn\n|-resisted|p2a: Ferrothorn\n|-damage|p2a: Ferrothorn|86\/100\n|\n|-weather|Snow|[upkeep]\n|-heal|p2a: Ferrothorn|92\/100|[from] item: Leftovers\n|upkeep\n|turn|15\n|\n|t:|1700101018\n|switch|p1a: Lady Oscar|Serperior, F, shiny|100\/100\n|move|p2a: Ferrothorn|Leech Seed|p1a: Lady Oscar\n|-immune|p1a: Lady Oscar\n|\n|-weather|Snow|[upkeep]\n|-heal|p2a: Ferrothorn|99\/100|[from] item: Leftovers\n|upkeep\n|turn|16\n|\n|t:|1700101027\n|switch|p2a: Pelipper|Pelipper, F|53\/100\n|-weather|RainDance|[from] ability: Drizzle|[of] p2a: Pelipper\n|move|p1a: Lady Oscar|Leaf Storm|p2a: Pelipper\n|-damage|p2a: Pelipper|0 fnt\n|-boost|p1a: Lady Oscar|spa|2\n|faint|p2a: Pelipper\n|-damage|p1a: Lady Oscar|91\/100|[from] item: Life Orb\n|\n|-weather|RainDance|[upkeep]\n|upkeep\n|\n|t:|1700101031\n|switch|p2a: Swampert|Swampert-Mega, M|37\/100\n|turn|17\n|\n|t:|1700101044\n|switch|p1a: Kurama|Ninetales-Alola, F, shiny|100\/100\n|-weather|Snow|[from] ability: Snow Warning|[of] p1a: Kurama\n|move|p2a: Swampert|Ice Punch|p1a: Kurama\n|-resisted|p1a: Kurama\n|-damage|p1a: Kurama|85\/100\n|\n|-weather|Snow|[upkeep]\n|upkeep\n|turn|18\n|-message|wuvesi forfeited.\n|\n|win|Jarl_jake\n|raw|Jarl_jake's rating: 1507 &rarr; <strong>1521<\/strong><br \/>(+14 for winning)\n|raw|wuvesi's rating: 1408 &rarr; <strong>1394<\/strong><br \/>(-14 for losing)\n|l|\u2606wuvesi\n","uploadtime":1700101058,"views":23,"p1id":"jarljake","p2id":"wuvesi","formatid":"gen9nationaldex","rating":1394,"private":0,"password":""}