{"id":"gen9nationaldex-1992406626","p1":"Stealth 25","p2":"MorthDaMooth","format":"[Gen 9] National Dex","log":"|j|\u2606Stealth 25\n|j|\u2606MorthDaMooth\n|t:|1700183904\n|gametype|singles\n|player|p1|Stealth 25|sonia-masters|\n|player|p2|MorthDaMooth|101|\n|teamsize|p1|6\n|teamsize|p2|6\n|gen|9\n|tier|[Gen 9] National Dex\n|rule|HP Percentage Mod: HP is shown in percentages\n|rule|Endless Battle Clause: Forcing endless battles is banned\n|rule|OHKO Clause: OHKO moves are banned\n|rule|Evasion Clause: Evasion abilities, items, and moves are banned\n|rule|Evasion Abilities Clause: Evasion abilities are banned\n|rule|Evasion Items Clause: Evasion items are banned\n|rule|Evasion Moves Clause: Evasion moves are banned\n|rule|Species Clause: Limit one of each Pok\u00e9mon\n|rule|Sleep Clause Mod: Limit one foe put to sleep\n|clearpoke\n|poke|p1|Greninja-*, M|\n|poke|p1|Shuckle, M|\n|poke|p1|Charizard, M|\n|poke|p1|Tapu Koko|\n|poke|p1|Iron Valiant|\n|poke|p1|Sceptile, M|\n|poke|p2|Serperior, M|\n|poke|p2|Noivern, M|\n|poke|p2|Tinkaton, F|\n|poke|p2|Slither Wing|\n|poke|p2|Milotic, F|\n|poke|p2|Clodsire, M|\n|teampreview\n|\n|t:|1700183926\n|start\n|switch|p1a: Hot Koko|Tapu Koko, shiny|100\/100\n|switch|p2a: Marvel|Milotic, F|100\/100\n|-fieldstart|move: Electric Terrain|[from] ability: Electric Surge|[of] p1a: Hot Koko\n|turn|1\n|\n|t:|1700183938\n|move|p1a: Hot Koko|Thunderbolt|p2a: Marvel\n|-supereffective|p2a: Marvel\n|-damage|p2a: Marvel|36\/100\n|move|p2a: Marvel|Ice Beam|p1a: Hot Koko\n|-damage|p1a: Hot Koko|55\/100\n|\n|upkeep\n|turn|2\n|\n|t:|1700183949\n|switch|p2a: The Lad!|Clodsire, M|100\/100\n|move|p1a: Hot Koko|Thunderbolt|p2a: The Lad!\n|-immune|p2a: The Lad!\n|\n|upkeep\n|turn|3\n|\n|t:|1700183954\n|move|p1a: Hot Koko|Taunt|p2a: The Lad!\n|-start|p2a: The Lad!|move: Taunt\n|move|p2a: The Lad!|Earthquake|p1a: Hot Koko\n|-supereffective|p1a: Hot Koko\n|-damage|p1a: Hot Koko|0 fnt\n|faint|p1a: Hot Koko\n|\n|upkeep\n|\n|t:|1700183959\n|switch|p1a: Spartan|Iron Valiant, shiny|100\/100\n|-activate|p1a: Spartan|ability: Quark Drive\n|-start|p1a: Spartan|quarkdrivespe\n|turn|4\n|\n|t:|1700183963\n|move|p1a: Spartan|Encore|p2a: The Lad!\n|-start|p2a: The Lad!|Encore\n|move|p2a: The Lad!|Earthquake|p1a: Spartan\n|-damage|p1a: Spartan|64\/100\n|\n|upkeep\n|turn|5\n|\n|t:|1700183969\n|-end|p1a: Spartan|Quark Drive|[silent]\n|switch|p1a: Dark Wing|Charizard, M, shiny|100\/100\n|move|p2a: The Lad!|Earthquake|p1a: Dark Wing\n|-immune|p1a: Dark Wing\n|\n|-end|p2a: The Lad!|move: Taunt\n|upkeep\n|turn|6\n|\n|t:|1700183981\n|switch|p2a: Marvel|Milotic, F|36\/100\n|move|p1a: Dark Wing|Dragon Dance|p1a: Dark Wing\n|-boost|p1a: Dark Wing|atk|1\n|-boost|p1a: Dark Wing|spe|1\n|\n|upkeep\n|turn|7\n|\n|t:|1700183988\n|detailschange|p1a: Dark Wing|Charizard-Mega-X, M, shiny\n|-mega|p1a: Dark Wing|Charizard|Charizardite X\n|move|p1a: Dark Wing|Dragon Dance|p1a: Dark Wing\n|-boost|p1a: Dark Wing|atk|1\n|-boost|p1a: Dark Wing|spe|1\n|move|p2a: Marvel|Hydro Pump|p1a: Dark Wing\n|-damage|p1a: Dark Wing|28\/100\n|\n|upkeep\n|turn|8\n|\n|t:|1700183996\n|move|p1a: Dark Wing|Dragon Claw|p2a: Marvel\n|-damage|p2a: Marvel|0 fnt\n|faint|p2a: Marvel\n|\n|-fieldend|move: Electric Terrain\n|upkeep\n|\n|t:|1700184002\n|switch|p2a: Reverb|Noivern, M, shiny|100\/100\n|turn|9\n|\n|t:|1700184006\n|move|p1a: Dark Wing|Dragon Claw|p2a: Reverb\n|-supereffective|p2a: Reverb\n|-damage|p2a: Reverb|0 fnt\n|faint|p2a: Reverb\n|\n|upkeep\n|\n|t:|1700184013\n|switch|p2a: Da Snoove!|Serperior, M|100\/100\n|turn|10\n|\n|t:|1700184018\n|-terastallize|p2a: Da Snoove!|Fire\n|move|p1a: Dark Wing|Fire Punch|p2a: Da Snoove!\n|-resisted|p2a: Da Snoove!\n|-damage|p2a: Da Snoove!|35\/100\n|move|p2a: Da Snoove!|Dragon Pulse|p1a: Dark Wing\n|-supereffective|p1a: Dark Wing\n|-damage|p1a: Dark Wing|0 fnt\n|faint|p1a: Dark Wing\n|\n|-heal|p2a: Da Snoove!|41\/100|[from] item: Leftovers\n|upkeep\n|\n|t:|1700184021\n|switch|p1a: Stealth|Greninja, M|100\/100\n|turn|11\n|\n|t:|1700184035\n|switch|p2a: Floof Mooth|Slither Wing|100\/100\n|move|p1a: Stealth|Surf|p2a: Floof Mooth\n|-damage|p2a: Floof Mooth|55\/100\n|\n|upkeep\n|turn|12\n|\n|t:|1700184046\n|switch|p1a: Spartan|Iron Valiant, shiny|64\/100\n|-enditem|p1a: Spartan|Booster Energy\n|-activate|p1a: Spartan|ability: Quark Drive|[fromitem]\n|-start|p1a: Spartan|quarkdrivespe\n|move|p2a: Floof Mooth|First Impression|p1a: Spartan\n|-resisted|p1a: Spartan\n|-damage|p1a: Spartan|48\/100\n|\n|upkeep\n|turn|13\n|\n|t:|1700184058\n|move|p1a: Spartan|Close Combat|p2a: Floof Mooth\n|-resisted|p2a: Floof Mooth\n|-damage|p2a: Floof Mooth|17\/100\n|-unboost|p1a: Spartan|def|1\n|-unboost|p1a: Spartan|spd|1\n|move|p2a: Floof Mooth|Will-O-Wisp|p1a: Spartan\n|-status|p1a: Spartan|brn\n|\n|-damage|p1a: Spartan|42\/100 brn|[from] brn\n|upkeep\n|turn|14\n|\n|t:|1700184073\n|-end|p2a: Floof Mooth|Protosynthesis|[silent]\n|switch|p2a: The Lad!|Clodsire, M|100\/100\n|move|p1a: Spartan|Close Combat|p2a: The Lad!\n|-resisted|p2a: The Lad!\n|-damage|p2a: The Lad!|83\/100\n|-unboost|p1a: Spartan|def|1\n|-unboost|p1a: Spartan|spd|1\n|\n|-damage|p1a: Spartan|35\/100 brn|[from] brn\n|upkeep\n|turn|15\n|\n|t:|1700184081\n|move|p1a: Spartan|Encore||[still]\n|-fail|p1a: Spartan\n|move|p2a: The Lad!|Earthquake|p1a: Spartan\n|-damage|p1a: Spartan|0 fnt\n|faint|p1a: Spartan\n|-end|p1a: Spartan|Quark Drive|[silent]\n|\n|upkeep\n|\n|t:|1700184088\n|switch|p1a: Shuckster|Shuckle, M, shiny|100\/100\n|turn|16\n|\n|t:|1700184093\n|move|p2a: The Lad!|Stealth Rock|p1a: Shuckster\n|-sidestart|p1: Stealth 25|move: Stealth Rock\n|move|p1a: Shuckster|Sticky Web|p2a: The Lad!\n|-sidestart|p2: MorthDaMooth|move: Sticky Web\n|\n|upkeep\n|turn|17\n|\n|t:|1700184100\n|switch|p2a: Da Snoove!|Serperior, M, tera:Fire|41\/100\n|-activate|p2a: Da Snoove!|move: Sticky Web\n|-boost|p2a: Da Snoove!|spe|1\n|move|p1a: Shuckster|Encore||[still]\n|-fail|p1a: Shuckster\n|\n|-heal|p2a: Da Snoove!|48\/100|[from] item: Leftovers\n|upkeep\n|turn|18\n|\n|t:|1700184108\n|switch|p2a: Whamma Slam!|Tinkaton, F|100\/100\n|-activate|p2a: Whamma Slam!|move: Sticky Web\n|-unboost|p2a: Whamma Slam!|spe|1\n|-ability|p2a: Whamma Slam!|Mold Breaker\n|move|p1a: Shuckster|Toxic|p2a: Whamma Slam!\n|-immune|p2a: Whamma Slam!\n|\n|upkeep\n|turn|19\n|\n|t:|1700184116\n|switch|p1a: Jungle Claw|Sceptile, M, shiny|100\/100\n|-damage|p1a: Jungle Claw|88\/100|[from] Stealth Rock\n|move|p2a: Whamma Slam!|Knock Off|p1a: Jungle Claw\n|-damage|p1a: Jungle Claw|46\/100\n|-enditem|p1a: Jungle Claw|Electric Seed|[from] move: Knock Off|[of] p2a: Whamma Slam!\n|\n|upkeep\n|turn|20\n|\n|t:|1700184130\n|move|p1a: Jungle Claw|Acrobatics|p2a: Whamma Slam!\n|-resisted|p2a: Whamma Slam!\n|-damage|p2a: Whamma Slam!|78\/100\n|move|p2a: Whamma Slam!|Gigaton Hammer|p1a: Jungle Claw\n|-damage|p1a: Jungle Claw|0 fnt\n|faint|p1a: Jungle Claw\n|\n|-heal|p2a: Whamma Slam!|84\/100|[from] item: Leftovers\n|upkeep\n|\n|t:|1700184134\n|switch|p1a: Shuckster|Shuckle, M, shiny|100\/100\n|-damage|p1a: Shuckster|76\/100|[from] Stealth Rock\n|turn|21\n|\n|t:|1700184143\n|move|p2a: Whamma Slam!|Swords Dance|p2a: Whamma Slam!\n|-boost|p2a: Whamma Slam!|atk|2\n|move|p1a: Shuckster|Stealth Rock|p2a: Whamma Slam!\n|-sidestart|p2: MorthDaMooth|move: Stealth Rock\n|\n|-heal|p2a: Whamma Slam!|90\/100|[from] item: Leftovers\n|upkeep\n|turn|22\n|\n|t:|1700184170\n|move|p2a: Whamma Slam!|Knock Off|p1a: Shuckster\n|-damage|p1a: Shuckster|43\/100\n|-enditem|p1a: Shuckster|Aguav Berry|[from] move: Knock Off|[of] p2a: Whamma Slam!\n|move|p1a: Shuckster|Encore|p2a: Whamma Slam!\n|-start|p2a: Whamma Slam!|Encore\n|\n|-heal|p2a: Whamma Slam!|96\/100|[from] item: Leftovers\n|upkeep\n|turn|23\n|\n|t:|1700184179\n|move|p2a: Whamma Slam!|Knock Off|p1a: Shuckster\n|-damage|p1a: Shuckster|23\/100\n|move|p1a: Shuckster|Stealth Rock||[still]\n|-fail|p1a: Shuckster\n|\n|-heal|p2a: Whamma Slam!|100\/100|[from] item: Leftovers\n|upkeep\n|turn|24\n|\n|t:|1700184188\n|switch|p2a: Da Snoove!|Serperior, M, tera:Fire|48\/100\n|-activate|p2a: Da Snoove!|move: Sticky Web\n|-boost|p2a: Da Snoove!|spe|1\n|-damage|p2a: Da Snoove!|23\/100|[from] Stealth Rock\n|move|p1a: Shuckster|Encore||[still]\n|-fail|p1a: Shuckster\n|\n|-heal|p2a: Da Snoove!|29\/100|[from] item: Leftovers\n|upkeep\n|turn|25\n|\n|t:|1700184196\n|move|p2a: Da Snoove!|Leaf Storm|p1a: Shuckster\n|-damage|p1a: Shuckster|0 fnt\n|-boost|p2a: Da Snoove!|spa|2\n|faint|p1a: Shuckster\n|\n|-heal|p2a: Da Snoove!|35\/100|[from] item: Leftovers\n|upkeep\n|\n|t:|1700184200\n|switch|p1a: Stealth|Greninja, M|100\/100\n|-damage|p1a: Stealth|88\/100|[from] Stealth Rock\n|turn|26\n|\n|t:|1700184205\n|-terastallize|p1a: Stealth|Electric\n|move|p2a: Da Snoove!|Leaf Storm|p1a: Stealth\n|-damage|p1a: Stealth|0 fnt\n|-boost|p2a: Da Snoove!|spa|2\n|faint|p1a: Stealth\n|\n|win|MorthDaMooth\n","uploadtime":1700184219,"views":6,"p1id":"stealth25","p2id":"morthdamooth","formatid":"gen9nationaldex","rating":0,"private":0,"password":""}