{"id":"gen9nationaldex-1987150335","p1":"Chris47MA","p2":"ItsMarMol","format":"[Gen 9] National Dex","log":"|j|\u2606Chris47MA\n|j|\u2606ItsMarMol\n|t:|1699560247\n|gametype|singles\n|player|p1|Chris47MA|colress|\n|player|p2|ItsMarMol|hugh|\n|teamsize|p1|6\n|teamsize|p2|6\n|gen|9\n|tier|[Gen 9] National Dex\n|rule|HP Percentage Mod: HP is shown in percentages\n|rule|Endless Battle Clause: Forcing endless battles is banned\n|rule|OHKO Clause: OHKO moves are banned\n|rule|Evasion Clause: Evasion abilities, items, and moves are banned\n|rule|Evasion Abilities Clause: Evasion abilities are banned\n|rule|Evasion Items Clause: Evasion items are banned\n|rule|Evasion Moves Clause: Evasion moves are banned\n|rule|Species Clause: Limit one of each Pok\u00e9mon\n|rule|Sleep Clause Mod: Limit one foe put to sleep\n|clearpoke\n|poke|p1|Hawlucha, M|\n|poke|p1|Aurorus, M|\n|poke|p1|Tyrantrum, M|\n|poke|p1|Gourgeist-*, M|\n|poke|p1|Goodra, M|\n|poke|p1|Gardevoir, M|\n|poke|p2|Iron Valiant|\n|poke|p2|Iron Moth|\n|poke|p2|Iron Treads|\n|poke|p2|Iron Hands|\n|poke|p2|Iron Jugulis|\n|poke|p2|Iron Thorns|\n|teampreview\n|c|\u2606ItsMarMol|gl hf\n|\n|t:|1699560274\n|start\n|switch|p1a: Goodra|Goodra, M, shiny|100\/100\n|switch|p2a: Iron Treads|Iron Treads|100\/100\n|turn|1\n|\n|t:|1699560283\n|move|p2a: Iron Treads|Stealth Rock|p1a: Goodra\n|-sidestart|p1: Chris47MA|move: Stealth Rock\n|move|p1a: Goodra|Flamethrower|p2a: Iron Treads\n|-supereffective|p2a: Iron Treads\n|-damage|p2a: Iron Treads|16\/100\n|\n|-heal|p2a: Iron Treads|23\/100|[from] item: Leftovers\n|upkeep\n|turn|2\n|\n|t:|1699560292\n|move|p2a: Iron Treads|Electric Terrain|p2a: Iron Treads\n|-fieldstart|move: Electric Terrain\n|-activate|p2a: Iron Treads|ability: Quark Drive\n|-start|p2a: Iron Treads|quarkdrivespe\n|move|p1a: Goodra|Flamethrower|p2a: Iron Treads\n|-supereffective|p2a: Iron Treads\n|-damage|p2a: Iron Treads|0 fnt\n|faint|p2a: Iron Treads\n|-end|p2a: Iron Treads|Quark Drive|[silent]\n|\n|upkeep\n|\n|t:|1699560309\n|switch|p2a: Iron Hands|Iron Hands|100\/100\n|-activate|p2a: Iron Hands|ability: Quark Drive\n|-start|p2a: Iron Hands|quarkdriveatk\n|turn|3\n|\n|t:|1699560319\n|move|p1a: Goodra|Flamethrower|p2a: Iron Hands\n|-damage|p2a: Iron Hands|82\/100\n|-status|p2a: Iron Hands|brn\n|move|p2a: Iron Hands|Play Rough|p1a: Goodra\n|-supereffective|p1a: Goodra\n|-damage|p1a: Goodra|52\/100\n|-ability|p1a: Goodra|Gooey\n|-unboost|p2a: Iron Hands|spe|1\n|\n|-damage|p2a: Iron Hands|76\/100 brn|[from] brn\n|upkeep\n|turn|4\n|c|\u2606ItsMarMol|damn\n|j| Jose307505\n|\n|t:|1699560336\n|move|p1a: Goodra|Flamethrower|p2a: Iron Hands\n|-damage|p2a: Iron Hands|58\/100 brn\n|move|p2a: Iron Hands|Play Rough|p1a: Goodra\n|-supereffective|p1a: Goodra\n|-damage|p1a: Goodra|10\/100\n|-ability|p1a: Goodra|Gooey\n|-unboost|p2a: Iron Hands|spe|1\n|\n|-damage|p2a: Iron Hands|52\/100 brn|[from] brn\n|upkeep\n|turn|5\n|\n|t:|1699560345\n|move|p1a: Goodra|Flamethrower|p2a: Iron Hands\n|-damage|p2a: Iron Hands|34\/100 brn\n|move|p2a: Iron Hands|Play Rough|p1a: Goodra\n|-supereffective|p1a: Goodra\n|-damage|p1a: Goodra|0 fnt\n|-ability|p1a: Goodra|Gooey\n|-unboost|p2a: Iron Hands|spe|1\n|faint|p1a: Goodra\n|\n|-damage|p2a: Iron Hands|28\/100 brn|[from] brn\n|upkeep\n|\n|t:|1699560352\n|switch|p1a: Hawlucha|Hawlucha, M|100\/100\n|-damage|p1a: Hawlucha|88\/100|[from] Stealth Rock\n|turn|6\n|\n|t:|1699560356\n|move|p1a: Hawlucha|Acrobatics|p2a: Iron Hands\n|-damage|p2a: Iron Hands|13\/100 brn\n|move|p2a: Iron Hands|Wild Charge|p1a: Hawlucha\n|-supereffective|p1a: Hawlucha\n|-damage|p1a: Hawlucha|0 fnt\n|faint|p1a: Hawlucha\n|-damage|p2a: Iron Hands|0 fnt|[from] Recoil\n|faint|p2a: Iron Hands\n|-end|p2a: Iron Hands|Quark Drive|[silent]\n|\n|-fieldend|move: Electric Terrain\n|upkeep\n|\n|t:|1699560383\n|switch|p1a: Gardevoir|Gardevoir, M, shiny|100\/100\n|switch|p2a: Iron Jugulis|Iron Jugulis|100\/100\n|-damage|p1a: Gardevoir|88\/100|[from] Stealth Rock\n|-enditem|p2a: Iron Jugulis|Booster Energy\n|-activate|p2a: Iron Jugulis|ability: Quark Drive|[fromitem]\n|-start|p2a: Iron Jugulis|quarkdrivespe\n|turn|7\n|\n|t:|1699560395\n|detailschange|p1a: Gardevoir|Gardevoir-Mega, M, shiny\n|-mega|p1a: Gardevoir|Gardevoir|Gardevoirite\n|move|p2a: Iron Jugulis|Dark Pulse|p1a: Gardevoir\n|-damage|p1a: Gardevoir|52\/100\n|move|p1a: Gardevoir|Moonblast|p2a: Iron Jugulis\n|-supereffective|p2a: Iron Jugulis\n|-damage|p2a: Iron Jugulis|0 fnt\n|faint|p2a: Iron Jugulis\n|-end|p2a: Iron Jugulis|Quark Drive|[silent]\n|\n|upkeep\n|\n|t:|1699560406\n|switch|p2a: Iron Moth|Iron Moth|100\/100\n|turn|8\n|\n|t:|1699560411\n|move|p2a: Iron Moth|Sludge Wave|p1a: Gardevoir\n|-supereffective|p1a: Gardevoir\n|-crit|p1a: Gardevoir\n|-damage|p1a: Gardevoir|0 fnt\n|faint|p1a: Gardevoir\n|\n|upkeep\n|\n|t:|1699560419\n|switch|p1a: Tyrantrum|Tyrantrum, M, shiny|100\/100\n|-damage|p1a: Tyrantrum|88\/100|[from] Stealth Rock\n|turn|9\n|\n|t:|1699560422\n|move|p2a: Iron Moth|Sludge Wave|p1a: Tyrantrum\n|-resisted|p1a: Tyrantrum\n|-crit|p1a: Tyrantrum\n|-damage|p1a: Tyrantrum|15\/100\n|move|p1a: Tyrantrum|Head Smash|p2a: Iron Moth\n|-supereffective|p2a: Iron Moth\n|-damage|p2a: Iron Moth|0 fnt\n|faint|p2a: Iron Moth\n|-end|p2a: Iron Moth|Quark Drive|[silent]\n|-damage|p1a: Tyrantrum|5\/100|[from] item: Life Orb\n|\n|upkeep\n|\n|t:|1699560431\n|switch|p2a: Iron Valiant|Iron Valiant|100\/100\n|-enditem|p2a: Iron Valiant|Booster Energy\n|-activate|p2a: Iron Valiant|ability: Quark Drive|[fromitem]\n|-start|p2a: Iron Valiant|quarkdrivespe\n|turn|10\n|\n|t:|1699560436\n|move|p2a: Iron Valiant|Spirit Break|p1a: Tyrantrum\n|-supereffective|p1a: Tyrantrum\n|-damage|p1a: Tyrantrum|0 fnt\n|faint|p1a: Tyrantrum\n|\n|upkeep\n|\n|t:|1699560443\n|switch|p1a: Gourgeist|Gourgeist, M|100\/100\n|-damage|p1a: Gourgeist|88\/100|[from] Stealth Rock\n|turn|11\n|\n|t:|1699560455\n|move|p2a: Iron Valiant|Spirit Break|p1a: Gourgeist\n|-damage|p1a: Gourgeist|47\/100\n|-unboost|p1a: Gourgeist|spa|1\n|-zpower|p1a: Gourgeist\n|move|p1a: Gourgeist|Z-Trick-or-Treat|p2a: Iron Valiant|[anim]Trick-or-Treat\n|-boost|p1a: Gourgeist|atk|1|[zeffect]\n|-boost|p1a: Gourgeist|def|1|[zeffect]\n|-boost|p1a: Gourgeist|spa|1|[zeffect]\n|-boost|p1a: Gourgeist|spd|1|[zeffect]\n|-boost|p1a: Gourgeist|spe|1|[zeffect]\n|-start|p2a: Iron Valiant|typeadd|Ghost|[from] move: Trick-or-Treat\n|\n|upkeep\n|turn|12\n|\n|t:|1699560474\n|move|p2a: Iron Valiant|Spirit Break|p1a: Gourgeist\n|-damage|p1a: Gourgeist|21\/100\n|-unboost|p1a: Gourgeist|spa|1\n|move|p1a: Gourgeist|Poltergeist||[still]\n|-fail|p1a: Gourgeist\n|\n|upkeep\n|turn|13\n|\n|t:|1699560485\n|move|p2a: Iron Valiant|Spirit Break|p1a: Gourgeist\n|-damage|p1a: Gourgeist|0 fnt\n|faint|p1a: Gourgeist\n|\n|upkeep\n|\n|t:|1699560489\n|switch|p1a: Aurorus|Aurorus, M|100\/100\n|-damage|p1a: Aurorus|76\/100|[from] Stealth Rock\n|-weather|Snow|[from] ability: Snow Warning|[of] p1a: Aurorus\n|turn|14\n|\n|t:|1699560493\n|-terastallize|p1a: Aurorus|Psychic\n|move|p2a: Iron Valiant|Close Combat|p1a: Aurorus\n|-resisted|p1a: Aurorus\n|-damage|p1a: Aurorus|47\/100\n|-unboost|p2a: Iron Valiant|def|1\n|-unboost|p2a: Iron Valiant|spd|1\n|move|p1a: Aurorus|Psychic|p2a: Iron Valiant\n|-supereffective|p2a: Iron Valiant\n|-damage|p2a: Iron Valiant|0 fnt\n|faint|p2a: Iron Valiant\n|-end|p2a: Iron Valiant|Quark Drive|[silent]\n|\n|-weather|Snow|[upkeep]\n|-heal|p1a: Aurorus|53\/100|[from] item: Leftovers\n|upkeep\n|\n|t:|1699560499\n|switch|p2a: Iron Thorns|Iron Thorns|100\/100\n|-enditem|p2a: Iron Thorns|Booster Energy\n|-activate|p2a: Iron Thorns|ability: Quark Drive|[fromitem]\n|-start|p2a: Iron Thorns|quarkdriveatk\n|turn|15\n|\n|t:|1699560511\n|move|p2a: Iron Thorns|Wild Charge|p1a: Aurorus\n|-damage|p1a: Aurorus|0 fnt\n|faint|p1a: Aurorus\n|-damage|p2a: Iron Thorns|84\/100|[from] Recoil\n|\n|win|ItsMarMol\n|c|\u2606ItsMarMol|ggs\n|l|\u2606Chris47MA\n|l| Jose307505\n","uploadtime":1699560524,"views":13,"p1id":"chris47ma","p2id":"itsmarmol","formatid":"gen9nationaldex","rating":0,"private":0,"password":""}