{"id":"gen9nationaldex-1997054013","p1":"jdkgbdj","p2":"jpbgators","format":"[Gen 9] National Dex","log":"|html|<div class=\"broadcast-blue\"><strong>[Gen 9] National Dex is currently suspecting Sneasler! For information on how to participate check out the <a href=\"https:\/\/www.smogon.com\/forums\/threads\/sv-national-dex-suspect-8-just-dance.3731534\/\">suspect thread<\/a>.<\/strong><\/div>\n|j|\u2606jdkgbdj\n|j|\u2606jpbgators\n|t:|1700759870\n|gametype|singles\n|player|p1|jdkgbdj|102|1174\n|player|p2|jpbgators|101|1220\n|teamsize|p1|6\n|teamsize|p2|6\n|gen|9\n|tier|[Gen 9] National Dex\n|rated|\n|rule|HP Percentage Mod: HP is shown in percentages\n|rule|Endless Battle Clause: Forcing endless battles is banned\n|rule|OHKO Clause: OHKO moves are banned\n|rule|Evasion Clause: Evasion abilities, items, and moves are banned\n|rule|Evasion Abilities Clause: Evasion abilities are banned\n|rule|Evasion Items Clause: Evasion items are banned\n|rule|Evasion Moves Clause: Evasion moves are banned\n|rule|Species Clause: Limit one of each Pok\u00e9mon\n|rule|Sleep Clause Mod: Limit one foe put to sleep\n|clearpoke\n|poke|p1|Skeledirge, F|\n|poke|p1|Amoonguss, F|\n|poke|p1|Araquanid, M|\n|poke|p1|Manectric, M|\n|poke|p1|Clodsire, F|\n|poke|p1|Tapu Lele|\n|poke|p2|Okidogi, M|\n|poke|p2|Ogerpon-Wellspring, F|\n|poke|p2|Grimmsnarl, M|\n|poke|p2|Ceruledge, F|\n|poke|p2|Latias, F|\n|poke|p2|Skarmory, F|\n|teampreview\n|\n|t:|1700759913\n|start\n|switch|p1a: Araquanid|Araquanid, M|100\/100\n|switch|p2a: Red Wing|Skarmory, F|100\/100\n|turn|1\n|\n|t:|1700759927\n|move|p2a: Red Wing|Stealth Rock|p1a: Araquanid\n|-sidestart|p1: jdkgbdj|move: Stealth Rock\n|move|p1a: Araquanid|Sticky Web|p2a: Red Wing\n|-sidestart|p2: jpbgators|move: Sticky Web\n|\n|upkeep\n|turn|2\n|\n|t:|1700759935\n|move|p1a: Araquanid|Liquidation|p2a: Red Wing\n|-damage|p2a: Red Wing|64\/100\n|-damage|p1a: Araquanid|84\/100|[from] item: Rocky Helmet|[of] p2a: Red Wing\n|move|p2a: Red Wing|Whirlwind|p1a: Araquanid\n|drag|p1a: Manectric|Manectric, M|100\/100\n|-damage|p1a: Manectric|88\/100|[from] Stealth Rock\n|\n|upkeep\n|turn|3\n|\n|t:|1700759956\n|switch|p2a: Goyle|Grimmsnarl, M, shiny|100\/100\n|-activate|p2a: Goyle|move: Sticky Web\n|-unboost|p2a: Goyle|spe|1\n|detailschange|p1a: Manectric|Manectric-Mega, M\n|-mega|p1a: Manectric|Manectric|Manectite\n|-ability|p1a: Manectric|Intimidate|boost\n|-unboost|p2a: Goyle|atk|1\n|move|p1a: Manectric|Volt Switch|p2a: Goyle\n|-damage|p2a: Goyle|74\/100\n|\n|t:|1700760002\n|switch|p1a: Tapu Lele|Tapu Lele|100\/100|[from] Volt Switch\n|-damage|p1a: Tapu Lele|88\/100|[from] Stealth Rock\n|-fieldstart|move: Psychic Terrain|[from] ability: Psychic Surge|[of] p1a: Tapu Lele\n|\n|upkeep\n|turn|4\n|\n|t:|1700760037\n|move|p2a: Goyle|Light Screen|p2a: Goyle\n|-sidestart|p2: jpbgators|move: Light Screen\n|move|p1a: Tapu Lele|Moonblast|p2a: Goyle\n|-supereffective|p2a: Goyle\n|-damage|p2a: Goyle|35\/100\n|\n|upkeep\n|turn|5\n|\n|t:|1700760044\n|move|p2a: Goyle|Parting Shot|p1a: Tapu Lele\n|-activate|p1a: Tapu Lele|move: Psychic Terrain\n|move|p1a: Tapu Lele|Moonblast|p2a: Goyle\n|-supereffective|p2a: Goyle\n|-damage|p2a: Goyle|0 fnt\n|faint|p2a: Goyle\n|\n|upkeep\n|\n|t:|1700760055\n|switch|p2a: Ceruledge|Ceruledge, F|100\/100\n|turn|6\n|\n|t:|1700760067\n|switch|p1a: Clodsire|Clodsire, F|100\/100\n|-damage|p1a: Clodsire|94\/100|[from] Stealth Rock\n|move|p2a: Ceruledge|Swords Dance|p2a: Ceruledge\n|-boost|p2a: Ceruledge|atk|2\n|\n|-heal|p1a: Clodsire|100\/100|[from] item: Black Sludge\n|upkeep\n|turn|7\n|\n|t:|1700760086\n|move|p2a: Ceruledge|Swords Dance|p2a: Ceruledge\n|-boost|p2a: Ceruledge|atk|2\n|move|p1a: Clodsire|Earthquake|p2a: Ceruledge\n|-supereffective|p2a: Ceruledge\n|-damage|p2a: Ceruledge|0 fnt\n|faint|p2a: Ceruledge\n|\n|-fieldend|move: Psychic Terrain\n|upkeep\n|\n|t:|1700760094\n|switch|p2a: Puke|Latias, F, shiny|100\/100\n|turn|8\n|\n|t:|1700760125\n|detailschange|p2a: Puke|Latias-Mega, F, shiny\n|-mega|p2a: Puke|Latias|Latiasite\n|move|p2a: Puke|Calm Mind|p2a: Puke\n|-boost|p2a: Puke|spa|1\n|-boost|p2a: Puke|spd|1\n|move|p1a: Clodsire|Yawn|p2a: Puke\n|-start|p2a: Puke|move: Yawn|[of] p1a: Clodsire\n|\n|upkeep\n|turn|9\n|\n|t:|1700760144\n|move|p2a: Puke|Psychic|p1a: Clodsire\n|-supereffective|p1a: Clodsire\n|-crit|p1a: Clodsire\n|-damage|p1a: Clodsire|15\/100\n|move|p1a: Clodsire|Stealth Rock|p2a: Puke\n|-sidestart|p2: jpbgators|move: Stealth Rock\n|\n|-heal|p1a: Clodsire|21\/100|[from] item: Black Sludge\n|-end|p2a: Puke|move: Yawn|[silent]\n|-status|p2a: Puke|slp\n|upkeep\n|turn|10\n|\n|t:|1700760154\n|switch|p1a: Skeledirge|Skeledirge, F|100\/100\n|-damage|p1a: Skeledirge|76\/100|[from] Stealth Rock\n|cant|p2a: Puke|slp\n|\n|-heal|p1a: Skeledirge|82\/100|[from] item: Leftovers\n|upkeep\n|turn|11\n|\n|t:|1700760163\n|cant|p2a: Puke|slp\n|move|p1a: Skeledirge|Torch Song|p2a: Puke\n|-resisted|p2a: Puke\n|-damage|p2a: Puke|95\/100 slp\n|-boost|p1a: Skeledirge|spa|1\n|\n|-heal|p1a: Skeledirge|88\/100|[from] item: Leftovers\n|-sideend|p2: jpbgators|move: Light Screen\n|upkeep\n|turn|12\n|\n|t:|1700760175\n|cant|p2a: Puke|slp\n|move|p1a: Skeledirge|Shadow Ball|p2a: Puke\n|-supereffective|p2a: Puke\n|-damage|p2a: Puke|31\/100 slp\n|\n|-heal|p1a: Skeledirge|94\/100|[from] item: Leftovers\n|upkeep\n|turn|13\n|\n|t:|1700760183\n|-curestatus|p2a: Puke|slp|[msg]\n|move|p2a: Puke|Psychic|p1a: Skeledirge\n|-damage|p1a: Skeledirge|24\/100\n|move|p1a: Skeledirge|Shadow Ball|p2a: Puke\n|-supereffective|p2a: Puke\n|-damage|p2a: Puke|0 fnt\n|faint|p2a: Puke\n|\n|-heal|p1a: Skeledirge|30\/100|[from] item: Leftovers\n|upkeep\n|\n|t:|1700760194\n|switch|p2a: The Mask|Ogerpon-Wellspring, F|100\/100\n|-activate|p2a: The Mask|move: Sticky Web\n|-unboost|p2a: The Mask|spe|1\n|-damage|p2a: The Mask|88\/100|[from] Stealth Rock\n|turn|14\n|\n|t:|1700760204\n|-terastallize|p2a: The Mask|Water\n|detailschange|p2a: The Mask|Ogerpon-Wellspring-Tera, F, tera:Water\n|-ability|p2a: The Mask|Embody Aspect (Wellspring)|boost\n|-boost|p2a: The Mask|spd|1\n|move|p2a: The Mask|Ivy Cudgel|p1a: Skeledirge|[anim] Ivy Cudgel Water\n|-supereffective|p1a: Skeledirge\n|-damage|p1a: Skeledirge|0 fnt\n|faint|p1a: Skeledirge\n|\n|upkeep\n|\n|t:|1700760230\n|switch|p1a: Araquanid|Araquanid, M|84\/100\n|-damage|p1a: Araquanid|59\/100|[from] Stealth Rock\n|turn|15\n|\n|t:|1700760240\n|move|p2a: The Mask|Horn Leech|p1a: Araquanid\n|-damage|p1a: Araquanid|11\/100\n|-heal|p2a: The Mask|100\/100|[from] drain|[of] p1a: Araquanid\n|move|p1a: Araquanid|Leech Life|p2a: The Mask\n|-damage|p2a: The Mask|57\/100\n|-heal|p1a: Araquanid|30\/100|[from] drain|[of] p2a: The Mask\n|\n|-heal|p1a: Araquanid|36\/100|[from] item: Leftovers\n|upkeep\n|turn|16\n|\n|t:|1700760253\n|move|p2a: The Mask|Horn Leech|p1a: Araquanid\n|-damage|p1a: Araquanid|0 fnt\n|-heal|p2a: The Mask|77\/100|[from] drain|[of] p1a: Araquanid\n|faint|p1a: Araquanid\n|\n|upkeep\n|\n|t:|1700760259\n|switch|p1a: Amoonguss|Amoonguss, F|100\/100\n|-damage|p1a: Amoonguss|88\/100|[from] Stealth Rock\n|turn|17\n|\n|t:|1700760267\n|move|p2a: The Mask|U-turn|p1a: Amoonguss\n|-damage|p1a: Amoonguss|60\/100\n|-damage|p2a: The Mask|60\/100|[from] item: Rocky Helmet|[of] p1a: Amoonguss\n|\n|t:|1700760271\n|switch|p2a: Red Wing|Skarmory, F|64\/100|[from] U-turn\n|-damage|p2a: Red Wing|51\/100|[from] Stealth Rock\n|move|p1a: Amoonguss|Giga Drain|p2a: Red Wing\n|-resisted|p2a: Red Wing\n|-damage|p2a: Red Wing|40\/100\n|-heal|p1a: Amoonguss|64\/100|[from] drain|[of] p2a: Red Wing\n|\n|upkeep\n|turn|18\n|\n|t:|1700760282\n|switch|p1a: Clodsire|Clodsire, F|21\/100\n|-damage|p1a: Clodsire|15\/100|[from] Stealth Rock\n|move|p2a: Red Wing|Defog|p1a: Clodsire\n|-unboost|p1a: Clodsire|evasion|1\n|-sideend|p1: jdkgbdj|Stealth Rock|[from] move: Defog|[of] p2a: Red Wing\n|-sideend|p2: jpbgators|Stealth Rock|[from] move: Defog|[of] p2a: Red Wing\n|-sideend|p2: jpbgators|Sticky Web|[from] move: Defog|[of] p2a: Red Wing\n|\n|-heal|p1a: Clodsire|21\/100|[from] item: Black Sludge\n|upkeep\n|turn|19\n|\n|t:|1700760294\n|move|p2a: Red Wing|Stealth Rock|p1a: Clodsire\n|-sidestart|p1: jdkgbdj|move: Stealth Rock\n|move|p1a: Clodsire|Yawn|p2a: Red Wing\n|-start|p2a: Red Wing|move: Yawn|[of] p1a: Clodsire\n|\n|-heal|p1a: Clodsire|28\/100|[from] item: Black Sludge\n|upkeep\n|turn|20\n|\n|t:|1700760302\n|move|p1a: Clodsire|Stealth Rock|p2a: Red Wing\n|-sidestart|p2: jpbgators|move: Stealth Rock\n|move|p2a: Red Wing|Whirlwind|p1a: Clodsire\n|drag|p1a: Tapu Lele|Tapu Lele|88\/100\n|-damage|p1a: Tapu Lele|76\/100|[from] Stealth Rock\n|-fieldstart|move: Psychic Terrain|[from] ability: Psychic Surge|[of] p1a: Tapu Lele\n|\n|-end|p2a: Red Wing|move: Yawn|[silent]\n|-status|p2a: Red Wing|slp\n|upkeep\n|turn|21\n|\n|t:|1700760320\n|move|p1a: Tapu Lele|Psychic|p2a: Red Wing\n|-resisted|p2a: Red Wing\n|-damage|p2a: Red Wing|1\/100 slp\n|cant|p2a: Red Wing|slp\n|\n|upkeep\n|turn|22\n|\n|t:|1700760326\n|move|p1a: Tapu Lele|Psychic|p2a: Red Wing\n|-resisted|p2a: Red Wing\n|-damage|p2a: Red Wing|0 fnt\n|faint|p2a: Red Wing\n|\n|upkeep\n|\n|t:|1700760331\n|switch|p2a: The Mask|Ogerpon-Wellspring-Tera, F, tera:Water|60\/100\n|-damage|p2a: The Mask|48\/100|[from] Stealth Rock\n|-ability|p2a: The Mask|Embody Aspect (Wellspring)|boost\n|-boost|p2a: The Mask|spd|1\n|turn|23\n|\n|t:|1700760337\n|move|p1a: Tapu Lele|Psychic|p2a: The Mask\n|-damage|p2a: The Mask|0 fnt\n|faint|p2a: The Mask\n|\n|upkeep\n|\n|t:|1700760346\n|switch|p2a: UGA|Okidogi, M|100\/100\n|-damage|p2a: UGA|95\/100|[from] Stealth Rock\n|turn|24\n|\n|t:|1700760351\n|move|p1a: Tapu Lele|Psychic|p2a: UGA\n|-supereffective|p2a: UGA\n|-damage|p2a: UGA|0 fnt\n|faint|p2a: UGA\n|\n|win|jdkgbdj\n|raw|jdkgbdj's rating: 1174 &rarr; <strong>1202<\/strong><br \/>(+28 for winning)\n|raw|jpbgators's rating: 1220 &rarr; <strong>1192<\/strong><br \/>(-28 for losing)\n|l|\u2606jpbgators\n","uploadtime":1700760359,"views":3,"p1id":"jdkgbdj","p2id":"jpbgators","formatid":"gen9nationaldex","rating":1192,"private":0,"password":""}