{"id":"gen9nationaldex-1993275133","p1":"XxBlazefirexX","p2":"The power of ROCK","format":"[Gen 9] National Dex","log":"|j|\u2606XxBlazefirexX\n|j|\u2606The power of ROCK\n|t:|1700288456\n|gametype|singles\n|player|p1|XxBlazefirexX|ash|\n|player|p2|The power of ROCK|roark|\n|teamsize|p1|6\n|teamsize|p2|6\n|gen|9\n|tier|[Gen 9] National Dex\n|rule|HP Percentage Mod: HP is shown in percentages\n|rule|Endless Battle Clause: Forcing endless battles is banned\n|rule|OHKO Clause: OHKO moves are banned\n|rule|Evasion Clause: Evasion abilities, items, and moves are banned\n|rule|Evasion Abilities Clause: Evasion abilities are banned\n|rule|Evasion Items Clause: Evasion items are banned\n|rule|Evasion Moves Clause: Evasion moves are banned\n|rule|Species Clause: Limit one of each Pok\u00e9mon\n|rule|Sleep Clause Mod: Limit one foe put to sleep\n|clearpoke\n|poke|p1|Pikachu-Original, M|\n|poke|p1|Talonflame, M|\n|poke|p1|Greninja-*, M|\n|poke|p1|Hawlucha, F|\n|poke|p1|Noivern, M|\n|poke|p1|Goodra, F|\n|poke|p2|Tyranitar, M|\n|poke|p2|Garganacl, M|\n|poke|p2|Aggron, M|\n|poke|p2|Cradily, M|\n|poke|p2|Glimmora, M|\n|poke|p2|Avalugg-Hisui, F|\n|teampreview\n|c|\u2606The power of ROCK|Welcome to the ROCK gym\n|\n|t:|1700288476\n|start\n|switch|p1a: Pikachu|Pikachu-Original, M|100\/100\n|switch|p2a: Glimmora|Glimmora, M|100\/100\n|turn|1\n|c|\u2606XxBlazefirexX|its me ash ketchum\n|c|\u2606The power of ROCK|: )\n|c|\u2606XxBlazefirexX|remebr when i was last here\n|\n|t:|1700288492\n|move|p2a: Glimmora|Earth Power|p1a: Pikachu\n|-supereffective|p1a: Pikachu\n|-damage|p1a: Pikachu|0 fnt\n|faint|p1a: Pikachu\n|\n|upkeep\n|\n|t:|1700288498\n|switch|p1a: Greninja|Greninja, M|100\/100\n|turn|2\n|\n|t:|1700288507\n|switch|p2a: Cradily|Cradily, M|100\/100\n|move|p1a: Greninja|Water Shuriken|p2a: Cradily\n|-ability|p2a: Cradily|Storm Drain|boost\n|-boost|p2a: Cradily|spa|1\n|\n|upkeep\n|turn|3\n|c|\u2606XxBlazefirexX|i beat brock here\n|\n|t:|1700288523\n|move|p1a: Greninja|Ice Beam|p2a: Cradily\n|-supereffective|p2a: Cradily\n|-crit|p2a: Cradily\n|-damage|p2a: Cradily|20\/100\n|-status|p2a: Cradily|frz\n|cant|p2a: Cradily|frz\n|\n|upkeep\n|turn|4\n|\n|t:|1700288532\n|switch|p2a: Tyranitar|Tyranitar, M|100\/100\n|-weather|Sandstorm|[from] ability: Sand Stream|[of] p2a: Tyranitar\n|move|p1a: Greninja|Dark Pulse|p2a: Tyranitar\n|-resisted|p2a: Tyranitar\n|-damage|p2a: Tyranitar|95\/100\n|\n|-weather|Sandstorm|[upkeep]\n|-damage|p1a: Greninja|95\/100|[from] Sandstorm\n|upkeep\n|turn|5\n|c|\u2606The power of ROCK|nice power\n|c|\u2606XxBlazefirexX|thx\n|c|\u2606The power of ROCK|but you'll need more than luck to defeat me\n|c|\u2606The power of ROCK|show me your true power!\n|\n|t:|1700288555\n|move|p1a: Greninja|Hydro Pump|p2a: Tyranitar\n|-supereffective|p2a: Tyranitar\n|-damage|p2a: Tyranitar|66\/100\n|move|p2a: Tyranitar|Rock Blast|p1a: Greninja\n|-damage|p1a: Greninja|75\/100\n|-damage|p1a: Greninja|56\/100\n|-hitcount|p1a: Greninja|2\n|\n|-weather|Sandstorm|[upkeep]\n|-damage|p1a: Greninja|50\/100|[from] Sandstorm\n|upkeep\n|turn|6\n|\n|t:|1700288567\n|move|p1a: Greninja|Water Shuriken|p2a: Tyranitar\n|-supereffective|p2a: Tyranitar\n|-damage|p2a: Tyranitar|62\/100\n|-supereffective|p2a: Tyranitar\n|-damage|p2a: Tyranitar|57\/100\n|-supereffective|p2a: Tyranitar\n|-damage|p2a: Tyranitar|53\/100\n|-supereffective|p2a: Tyranitar\n|-damage|p2a: Tyranitar|49\/100\n|-supereffective|p2a: Tyranitar\n|-damage|p2a: Tyranitar|44\/100\n|-hitcount|p2a: Tyranitar|5\n|move|p2a: Tyranitar|Rock Blast|p1a: Greninja\n|-damage|p1a: Greninja|31\/100\n|-damage|p1a: Greninja|11\/100\n|-hitcount|p1a: Greninja|2\n|\n|-weather|Sandstorm|[upkeep]\n|-damage|p1a: Greninja|5\/100|[from] Sandstorm\n|upkeep\n|turn|7\n|c|\u2606The power of ROCK|your greninja is holding back\n|c|\u2606The power of ROCK|i want to see its full power\n|\n|t:|1700288596\n|switch|p1a: Goodra|Goodra, F|100\/100\n|switch|p2a: Cradily|Cradily, M|20\/100 frz\n|\n|-weather|Sandstorm|[upkeep]\n|-damage|p1a: Goodra|94\/100|[from] Sandstorm\n|upkeep\n|turn|8\n|c|\u2606XxBlazefirexX|its dying\n|\n|t:|1700288604\n|switch|p1a: Greninja|Greninja, M|5\/100\n|switch|p2a: Garganacl|Garganacl, M|100\/100\n|\n|-weather|none\n|upkeep\n|turn|9\n|\n|t:|1700288615\n|switch|p2a: Cradily|Cradily, M|20\/100 frz\n|move|p1a: Greninja|Hydro Pump|p2a: Cradily\n|-ability|p2a: Cradily|Storm Drain|boost\n|-boost|p2a: Cradily|spa|1\n|\n|upkeep\n|turn|10\n|\n|t:|1700288621\n|move|p1a: Greninja|Ice Beam|p2a: Cradily\n|-supereffective|p2a: Cradily\n|-damage|p2a: Cradily|0 fnt\n|faint|p2a: Cradily\n|-ability|p1a: Greninja|Battle Bond|boost\n|-boost|p1a: Greninja|atk|1\n|-boost|p1a: Greninja|spa|1\n|-boost|p1a: Greninja|spe|1\n|-activate|p1a: Greninja|ability: Battle Bond\n|\n|upkeep\n|c|\u2606The power of ROCK|good\n|c|\u2606The power of ROCK|now the real battle starts\n|\n|t:|1700288646\n|switch|p2a: Tyranitar|Tyranitar, M|44\/100\n|-weather|Sandstorm|[from] ability: Sand Stream|[of] p2a: Tyranitar\n|turn|11\n|\n|t:|1700288652\n|move|p1a: Greninja|Water Shuriken|p2a: Tyranitar\n|-supereffective|p2a: Tyranitar\n|-damage|p2a: Tyranitar|38\/100\n|-supereffective|p2a: Tyranitar\n|-damage|p2a: Tyranitar|31\/100\n|-supereffective|p2a: Tyranitar\n|-damage|p2a: Tyranitar|25\/100\n|-supereffective|p2a: Tyranitar\n|-damage|p2a: Tyranitar|19\/100\n|-supereffective|p2a: Tyranitar\n|-damage|p2a: Tyranitar|12\/100\n|-hitcount|p2a: Tyranitar|5\n|move|p2a: Tyranitar|Pursuit|p1a: Greninja\n|-resisted|p1a: Greninja\n|-damage|p1a: Greninja|0 fnt\n|faint|p1a: Greninja\n|\n|-weather|Sandstorm|[upkeep]\n|upkeep\n|\n|t:|1700288666\n|switch|p1a: Goodra|Goodra, F|94\/100\n|turn|12\n|\n|t:|1700288673\n|switch|p2a: Garganacl|Garganacl, M|100\/100\n|move|p1a: Goodra|Sludge Wave|p2a: Garganacl\n|-resisted|p2a: Garganacl\n|-damage|p2a: Garganacl|94\/100\n|-enditem|p2a: Garganacl|Maranga Berry|[eat]\n|-boost|p2a: Garganacl|spd|1|[from] item: Maranga Berry\n|\n|-weather|Sandstorm|[upkeep]\n|-damage|p1a: Goodra|88\/100|[from] Sandstorm\n|upkeep\n|turn|13\n|\n|t:|1700288686\n|move|p1a: Goodra|Flamethrower|p2a: Garganacl\n|-resisted|p2a: Garganacl\n|-damage|p2a: Garganacl|89\/100\n|move|p2a: Garganacl|Iron Defense|p2a: Garganacl\n|-boost|p2a: Garganacl|def|2\n|\n|-weather|Sandstorm|[upkeep]\n|-damage|p1a: Goodra|82\/100|[from] Sandstorm\n|upkeep\n|turn|14\n|\n|t:|1700288705\n|move|p1a: Goodra|Sludge Wave|p2a: Garganacl\n|-resisted|p2a: Garganacl\n|-damage|p2a: Garganacl|85\/100\n|move|p2a: Garganacl|Iron Defense|p2a: Garganacl\n|-boost|p2a: Garganacl|def|2\n|\n|-weather|Sandstorm|[upkeep]\n|-damage|p1a: Goodra|76\/100|[from] Sandstorm\n|upkeep\n|turn|15\n|\n|t:|1700288717\n|switch|p1a: Hawlucha|Hawlucha, F|100\/100\n|move|p2a: Garganacl|Iron Defense|p2a: Garganacl\n|-boost|p2a: Garganacl|def|2\n|\n|-weather|none\n|upkeep\n|turn|16\n|\n|t:|1700288724\n|move|p1a: Hawlucha|Drain Punch|p2a: Garganacl\n|-supereffective|p2a: Garganacl\n|-damage|p2a: Garganacl|72\/100\n|move|p2a: Garganacl|Salt Cure|p1a: Hawlucha\n|-damage|p1a: Hawlucha|81\/100\n|-start|p1a: Hawlucha|Salt Cure\n|\n|-damage|p1a: Hawlucha|69\/100|[from] Salt Cure\n|upkeep\n|turn|17\n|\n|t:|1700288732\n|move|p1a: Hawlucha|Drain Punch|p2a: Garganacl\n|-supereffective|p2a: Garganacl\n|-damage|p2a: Garganacl|61\/100\n|-heal|p1a: Hawlucha|76\/100|[from] drain|[of] p2a: Garganacl\n|move|p2a: Garganacl|Recover|p2a: Garganacl\n|-heal|p2a: Garganacl|100\/100\n|\n|-damage|p1a: Hawlucha|63\/100|[from] Salt Cure\n|upkeep\n|turn|18\n|c|\u2606XxBlazefirexX|i really want to make an alola team\n|c|\u2606XxBlazefirexX|but my ash greninja wont activate\n|\n|t:|1700288766\n|move|p1a: Hawlucha|Drain Punch|p2a: Garganacl\n|-supereffective|p2a: Garganacl\n|-damage|p2a: Garganacl|89\/100\n|-heal|p1a: Hawlucha|70\/100|[from] drain|[of] p2a: Garganacl\n|move|p2a: Garganacl|Body Press|p1a: Hawlucha\n|-resisted|p1a: Hawlucha\n|-damage|p1a: Hawlucha|14\/100\n|\n|-damage|p1a: Hawlucha|1\/100|[from] Salt Cure\n|upkeep\n|turn|19\n|c|\u2606The power of ROCK|thats because it needs to get a kill first\n|c|\u2606The power of ROCK|oh wait\n|c|\u2606The power of ROCK|i know what you mean\n|c|\u2606The power of ROCK|it will activiate but NOT in gen 9\n|c|\u2606XxBlazefirexX|aw man\n|c|\u2606The power of ROCK|only in gen 6 and 7\n|\n|t:|1700288812\n|move|p1a: Hawlucha|Roost|p1a: Hawlucha\n|-heal|p1a: Hawlucha|51\/100\n|-singleturn|p1a: Hawlucha|move: Roost\n|move|p2a: Garganacl|Body Press|p1a: Hawlucha\n|-damage|p1a: Hawlucha|0 fnt\n|faint|p1a: Hawlucha\n|\n|upkeep\n|c|\u2606XxBlazefirexX|i tried\n|\n|t:|1700288824\n|switch|p1a: Goodra|Goodra, F|76\/100\n|turn|20\n|\n|t:|1700288832\n|move|p1a: Goodra|Sludge Wave|p2a: Garganacl\n|-resisted|p2a: Garganacl\n|-damage|p2a: Garganacl|81\/100\n|move|p2a: Garganacl|Body Press|p1a: Goodra\n|-damage|p1a: Goodra|0 fnt\n|-ability|p1a: Goodra|Gooey\n|-unboost|p2a: Garganacl|spe|1\n|faint|p1a: Goodra\n|\n|upkeep\n|\n|t:|1700288841\n|switch|p1a: Noivern|Noivern, M|100\/100\n|turn|21\n|\n|t:|1700288845\n|move|p1a: Noivern|Hurricane|p2a: Garganacl\n|-resisted|p2a: Garganacl\n|-damage|p2a: Garganacl|67\/100\n|-start|p2a: Garganacl|confusion\n|-damage|p1a: Noivern|91\/100|[from] item: Life Orb\n|-activate|p2a: Garganacl|confusion\n|move|p2a: Garganacl|Salt Cure|p1a: Noivern\n|-supereffective|p1a: Noivern\n|-damage|p1a: Noivern|52\/100\n|-start|p1a: Noivern|Salt Cure\n|\n|-damage|p1a: Noivern|40\/100|[from] Salt Cure\n|upkeep\n|turn|22\n|c|\u2606The power of ROCK|garg is my ace\n|\n|t:|1700288858\n|move|p1a: Noivern|Hurricane|p2a: Garganacl|[miss]\n|-miss|p1a: Noivern|p2a: Garganacl\n|-end|p2a: Garganacl|confusion\n|move|p2a: Garganacl|Recover|p2a: Garganacl\n|-heal|p2a: Garganacl|100\/100\n|\n|-damage|p1a: Noivern|28\/100|[from] Salt Cure\n|upkeep\n|turn|23\n|c|\u2606The power of ROCK|my strongest ROCK\n|c|\u2606The power of ROCK|our bond is strong\n|c|\u2606XxBlazefirexX|i oughy it was aggron or avalugg\n|c|\u2606The power of ROCK|nope\n|\n|t:|1700288889\n|move|p1a: Noivern|Hurricane|p2a: Garganacl|[miss]\n|-miss|p1a: Noivern|p2a: Garganacl\n|move|p2a: Garganacl|Salt Cure|p1a: Noivern\n|-supereffective|p1a: Noivern\n|-damage|p1a: Noivern|0 fnt\n|faint|p1a: Noivern\n|\n|upkeep\n|\n|t:|1700288896\n|switch|p1a: Talonflame|Talonflame, M|100\/100\n|turn|24\n|c|\u2606XxBlazefirexX|welp gg\n|c|\u2606The power of ROCK|gg : )\n|\n|t:|1700288905\n|move|p1a: Talonflame|Flame Charge|p2a: Garganacl\n|-resisted|p2a: Garganacl\n|-damage|p2a: Garganacl|99\/100\n|-boost|p1a: Talonflame|spe|1\n|move|p2a: Garganacl|Salt Cure|p1a: Talonflame\n|-supereffective|p1a: Talonflame\n|-damage|p1a: Talonflame|20\/100\n|-start|p1a: Talonflame|Salt Cure\n|\n|-damage|p1a: Talonflame|8\/100|[from] Salt Cure\n|upkeep\n|turn|25\n|\n|t:|1700288916\n|move|p1a: Talonflame|Brave Bird|p2a: Garganacl\n|-resisted|p2a: Garganacl\n|-damage|p2a: Garganacl|95\/100\n|-damage|p1a: Talonflame|6\/100|[from] Recoil\n|move|p2a: Garganacl|Salt Cure|p1a: Talonflame\n|-supereffective|p1a: Talonflame\n|-damage|p1a: Talonflame|0 fnt\n|faint|p1a: Talonflame\n|\n|win|The power of ROCK\n","uploadtime":1700288921,"views":7,"p1id":"xxblazefirexx","p2id":"thepowerofrock","formatid":"gen9nationaldex","rating":0,"private":0,"password":""}