{"id":"gen9nationaldex-1991212509","p1":"FlyingSudowoodo","p2":"88NASSULLY","format":"[Gen 9] National Dex","log":"|j|\u2606FlyingSudowoodo\n|j|\u260688NASSULLY\n|t:|1700057712\n|gametype|singles\n|player|p1|FlyingSudowoodo|juan|1456\n|player|p2|88NASSULLY|flint|1392\n|teamsize|p1|6\n|teamsize|p2|6\n|gen|9\n|tier|[Gen 9] National Dex\n|rated|\n|rule|HP Percentage Mod: HP is shown in percentages\n|rule|Endless Battle Clause: Forcing endless battles is banned\n|rule|OHKO Clause: OHKO moves are banned\n|rule|Evasion Clause: Evasion abilities, items, and moves are banned\n|rule|Evasion Abilities Clause: Evasion abilities are banned\n|rule|Evasion Items Clause: Evasion items are banned\n|rule|Evasion Moves Clause: Evasion moves are banned\n|rule|Species Clause: Limit one of each Pok\u00e9mon\n|rule|Sleep Clause Mod: Limit one foe put to sleep\n|clearpoke\n|poke|p1|Ceruledge, F|\n|poke|p1|Bisharp, F|\n|poke|p1|Diancie|\n|poke|p1|Clodsire, F|\n|poke|p1|Alomomola, M|\n|poke|p1|Celesteela|\n|poke|p2|Gliscor, M|\n|poke|p2|Volcanion|\n|poke|p2|Zeraora|\n|poke|p2|Gallade, M|\n|poke|p2|Porygon-Z|\n|poke|p2|Mawile, F|\n|teampreview\n|\n|t:|1700057725\n|start\n|switch|p1a: Bisharp|Bisharp, F|100\/100\n|switch|p2a: My Boy Got Banned|Gliscor, M|100\/100\n|turn|1\n|inactive|Battle timer is ON: inactive players will automatically lose when time's up. (requested by FlyingSudowoodo)\n|\n|t:|1700057731\n|move|p1a: Bisharp|Knock Off|p2a: My Boy Got Banned\n|-damage|p2a: My Boy Got Banned|59\/100\n|-enditem|p2a: My Boy Got Banned|Toxic Orb|[from] move: Knock Off|[of] p1a: Bisharp\n|move|p2a: My Boy Got Banned|Taunt|p1a: Bisharp\n|-start|p1a: Bisharp|move: Taunt\n|\n|upkeep\n|turn|2\n|\n|t:|1700057751\n|move|p1a: Bisharp|Iron Head|p2a: My Boy Got Banned\n|-damage|p2a: My Boy Got Banned|27\/100\n|move|p2a: My Boy Got Banned|Stealth Rock|p1a: Bisharp\n|-sidestart|p1: FlyingSudowoodo|move: Stealth Rock\n|\n|upkeep\n|turn|3\n|\n|t:|1700057759\n|switch|p2a: Fire Stopper|Volcanion|100\/100\n|move|p1a: Bisharp|Knock Off|p2a: Fire Stopper\n|-damage|p2a: Fire Stopper|58\/100\n|-enditem|p2a: Fire Stopper|Heavy-Duty Boots|[from] move: Knock Off|[of] p1a: Bisharp\n|\n|upkeep\n|turn|4\n|\n|t:|1700057768\n|switch|p1a: Clodsire|Clodsire, F|100\/100\n|-damage|p1a: Clodsire|94\/100|[from] Stealth Rock\n|move|p2a: Fire Stopper|Steam Eruption|p1a: Clodsire\n|-heal|p1a: Clodsire|100\/100|[from] ability: Water Absorb|[of] p2a: Fire Stopper\n|\n|upkeep\n|turn|5\n|\n|t:|1700057778\n|switch|p2a: My Boy Got Banned|Gliscor, M|27\/100\n|move|p1a: Clodsire|Stealth Rock|p2a: My Boy Got Banned\n|-sidestart|p2: 88NASSULLY|move: Stealth Rock\n|\n|upkeep\n|turn|6\n|\n|t:|1700057785\n|move|p2a: My Boy Got Banned|Taunt|p1a: Clodsire\n|-start|p1a: Clodsire|move: Taunt\n|move|p1a: Clodsire|Liquidation|p2a: My Boy Got Banned\n|-supereffective|p2a: My Boy Got Banned\n|-damage|p2a: My Boy Got Banned|3\/100\n|\n|upkeep\n|turn|7\n|\n|t:|1700057799\n|switch|p2a: Papercuts|Gallade, M|100\/100\n|-damage|p2a: Papercuts|94\/100|[from] Stealth Rock\n|move|p1a: Clodsire|Liquidation|p2a: Papercuts\n|-damage|p2a: Papercuts|67\/100\n|\n|upkeep\n|turn|8\n|\n|t:|1700057810\n|switch|p1a: Bisharp|Bisharp, F|100\/100\n|-damage|p1a: Bisharp|95\/100|[from] Stealth Rock\n|move|p2a: Papercuts|Trick|p1a: Bisharp\n|-activate|p2a: Papercuts|move: Trick|[of] p1a: Bisharp\n|-item|p1a: Bisharp|Choice Scarf|[from] move: Trick\n|-item|p2a: Papercuts|Eviolite|[from] move: Trick\n|\n|upkeep\n|turn|9\n|\n|t:|1700057821\n|switch|p2a: My Boy Got Banned|Gliscor, M|3\/100\n|-damage|p2a: My Boy Got Banned|0 fnt|[from] Stealth Rock\n|faint|p2a: My Boy Got Banned\n|move|p1a: Bisharp|Iron Head|p2: My Boy Got Banned|[notarget]\n|-fail|p1a: Bisharp\n|\n|upkeep\n|\n|t:|1700057828\n|switch|p2a: Fire Stopper|Volcanion|58\/100\n|-damage|p2a: Fire Stopper|33\/100|[from] Stealth Rock\n|turn|10\n|\n|t:|1700057836\n|switch|p1a: Clodsire|Clodsire, F|100\/100\n|-damage|p1a: Clodsire|94\/100|[from] Stealth Rock\n|move|p2a: Fire Stopper|Earth Power|p1a: Clodsire\n|-supereffective|p1a: Clodsire\n|-damage|p1a: Clodsire|60\/100\n|\n|-heal|p1a: Clodsire|66\/100|[from] item: Leftovers\n|upkeep\n|turn|11\n|\n|t:|1700057851\n|move|p2a: Fire Stopper|Defog|p1a: Clodsire\n|-unboost|p1a: Clodsire|evasion|1\n|-sideend|p1: FlyingSudowoodo|Stealth Rock|[from] move: Defog|[of] p2a: Fire Stopper\n|-sideend|p2: 88NASSULLY|Stealth Rock|[from] move: Defog|[of] p2a: Fire Stopper\n|move|p1a: Clodsire|Earthquake|p2a: Fire Stopper\n|-supereffective|p2a: Fire Stopper\n|-damage|p2a: Fire Stopper|0 fnt\n|faint|p2a: Fire Stopper\n|\n|-heal|p1a: Clodsire|72\/100|[from] item: Leftovers\n|upkeep\n|\n|t:|1700057860\n|switch|p2a: Papercuts|Gallade, M|67\/100\n|turn|12\n|\n|t:|1700057869\n|switch|p1a: Alomomola|Alomomola, M|100\/100\n|move|p2a: Papercuts|Sacred Sword|p1a: Alomomola\n|-crit|p1a: Alomomola\n|-damage|p1a: Alomomola|37\/100\n|\n|upkeep\n|turn|13\n|\n|t:|1700057879\n|move|p1a: Alomomola|Protect|p1a: Alomomola\n|-singleturn|p1a: Alomomola|Protect\n|move|p2a: Papercuts|Leaf Blade|p1a: Alomomola\n|-activate|p1a: Alomomola|move: Protect\n|\n|upkeep\n|turn|14\n|\n|t:|1700057887\n|switch|p1a: Celesteela|Celesteela|100\/100\n|move|p2a: Papercuts|Psycho Cut|p1a: Celesteela\n|-resisted|p1a: Celesteela\n|-damage|p1a: Celesteela|73\/100\n|\n|upkeep\n|turn|15\n|\n|t:|1700057896\n|move|p2a: Papercuts|Trick|p1a: Celesteela\n|-activate|p2a: Papercuts|move: Trick|[of] p1a: Celesteela\n|-item|p1a: Celesteela|Eviolite|[from] move: Trick\n|-item|p2a: Papercuts|Power Herb|[from] move: Trick\n|move|p1a: Celesteela|Autotomize|p1a: Celesteela\n|-boost|p1a: Celesteela|spe|2\n|-start|p1a: Celesteela|Autotomize\n|\n|upkeep\n|turn|16\n|\n|t:|1700057908\n|move|p1a: Celesteela|Air Slash|p2a: Papercuts\n|-supereffective|p2a: Papercuts\n|-damage|p2a: Papercuts|0 fnt\n|faint|p2a: Papercuts\n|-ability|p1a: Celesteela|Beast Boost|boost\n|-boost|p1a: Celesteela|spa|1\n|\n|upkeep\n|\n|t:|1700057914\n|switch|p2a: She Eats|Mawile, F|100\/100\n|-ability|p2a: She Eats|Intimidate|boost\n|-unboost|p1a: Celesteela|atk|1\n|turn|17\n|\n|t:|1700057920\n|detailschange|p2a: She Eats|Mawile-Mega, F\n|-mega|p2a: She Eats|Mawile|Mawilite\n|move|p1a: Celesteela|Fire Blast|p2a: She Eats\n|-supereffective|p2a: She Eats\n|-damage|p2a: She Eats|0 fnt\n|faint|p2a: She Eats\n|-ability|p1a: Celesteela|Beast Boost|boost\n|-boost|p1a: Celesteela|spa|1\n|\n|upkeep\n|-message|88NASSULLY forfeited.\n|\n|win|FlyingSudowoodo\n|raw|FlyingSudowoodo's rating: 1456 &rarr; <strong>1472<\/strong><br \/>(+16 for winning)\n|raw|88NASSULLY's rating: 1392 &rarr; <strong>1376<\/strong><br \/>(-16 for losing)\n|l|\u260688NASSULLY\n","uploadtime":1700057929,"views":4,"p1id":"flyingsudowoodo","p2id":"88nassully","formatid":"gen9nationaldex","rating":1376,"private":0,"password":""}