{"id":"gen9nationaldex-1991659433","p1":"Xoky_Jose Ale 55","p2":"FdePerro28","format":"[Gen 9] National Dex","log":"|j|\u2606Xoky_Jose Ale 55\n|j|\u2606FdePerro28\n|t:|1700099497\n|gametype|singles\n|player|p1|Xoky_Jose Ale 55|red-masters|\n|player|p2|FdePerro28|bugcatcher-gen4dp|\n|teamsize|p1|6\n|teamsize|p2|6\n|gen|9\n|tier|[Gen 9] National Dex\n|rule|HP Percentage Mod: HP is shown in percentages\n|rule|Endless Battle Clause: Forcing endless battles is banned\n|rule|OHKO Clause: OHKO moves are banned\n|rule|Evasion Clause: Evasion abilities, items, and moves are banned\n|rule|Evasion Abilities Clause: Evasion abilities are banned\n|rule|Evasion Items Clause: Evasion items are banned\n|rule|Evasion Moves Clause: Evasion moves are banned\n|rule|Species Clause: Limit one of each Pok\u00e9mon\n|rule|Sleep Clause Mod: Limit one foe put to sleep\n|clearpoke\n|poke|p1|Ferrothorn, M|\n|poke|p1|Heatran, F|\n|poke|p1|Landorus-Therian, M|\n|poke|p1|Tapu Lele|\n|poke|p1|Lopunny, M|\n|poke|p1|Blacephalon|\n|poke|p2|Pelipper, M|\n|poke|p2|Throh, M|\n|poke|p2|Arboliva, F|\n|poke|p2|Shuckle, F|\n|poke|p2|Aerodactyl, F|\n|poke|p2|Iron Treads|\n|teampreview\n|c|\u2606Xoky_Jose Ale 55|Suerte\n|c|\u2606FdePerro28|glhf\n|\n|t:|1700099517\n|start\n|switch|p1a: Landorus|Landorus-Therian, M|100\/100\n|switch|p2a: Saludame al Diablo|Pelipper, M|100\/100\n|-ability|p1a: Landorus|Intimidate|boost\n|-unboost|p2a: Saludame al Diablo|atk|1\n|-weather|RainDance|[from] ability: Drizzle|[of] p2a: Saludame al Diablo\n|turn|1\n|\n|t:|1700099521\n|move|p1a: Landorus|Knock Off|p2a: Saludame al Diablo\n|-damage|p2a: Saludame al Diablo|68\/100\n|-enditem|p2a: Saludame al Diablo|Choice Specs|[from] move: Knock Off|[of] p1a: Landorus\n|move|p2a: Saludame al Diablo|Weather Ball|p1a: Landorus\n|-supereffective|p1a: Landorus\n|-damage|p1a: Landorus|0 fnt\n|faint|p1a: Landorus\n|\n|-weather|RainDance|[upkeep]\n|upkeep\n|\n|t:|1700099532\n|switch|p1a: Tapu Lele|Tapu Lele|100\/100\n|-fieldstart|move: Psychic Terrain|[from] ability: Psychic Surge|[of] p1a: Tapu Lele\n|turn|2\n|\n|t:|1700099539\n|switch|p2a: Peso Pluma|Arboliva, F, shiny|100\/100\n|move|p1a: Tapu Lele|Psychic|p2a: Peso Pluma\n|-damage|p2a: Peso Pluma|67\/100\n|-fieldstart|move: Grassy Terrain|[from] ability: Seed Sower|[of] p2a: Peso Pluma\n|\n|-weather|RainDance|[upkeep]\n|-heal|p2a: Peso Pluma|73\/100|[from] Grassy Terrain\n|upkeep\n|turn|3\n|\n|t:|1700099544\n|switch|p1a: Ferrothorn|Ferrothorn, M|100\/100\n|move|p2a: Peso Pluma|Giga Drain|p1a: Ferrothorn\n|-resisted|p1a: Ferrothorn\n|-damage|p1a: Ferrothorn|90\/100\n|-heal|p2a: Peso Pluma|80\/100|[from] drain|[of] p1a: Ferrothorn\n|\n|-weather|RainDance|[upkeep]\n|-heal|p2a: Peso Pluma|86\/100|[from] Grassy Terrain\n|-heal|p1a: Ferrothorn|96\/100|[from] Grassy Terrain\n|-heal|p1a: Ferrothorn|100\/100|[from] item: Leftovers\n|upkeep\n|turn|4\n|\n|t:|1700099551\n|switch|p2a: Saludame al Diablo|Pelipper, M|68\/100\n|move|p1a: Ferrothorn|Stealth Rock|p2a: Saludame al Diablo\n|-sidestart|p2: FdePerro28|move: Stealth Rock\n|\n|-weather|RainDance|[upkeep]\n|upkeep\n|turn|5\n|\n|t:|1700099556\n|move|p2a: Saludame al Diablo|Hurricane|p1a: Ferrothorn\n|-damage|p1a: Ferrothorn|59\/100\n|move|p1a: Ferrothorn|Leech Seed|p2a: Saludame al Diablo\n|-start|p2a: Saludame al Diablo|move: Leech Seed\n|\n|-weather|none\n|-heal|p1a: Ferrothorn|65\/100|[from] Grassy Terrain\n|-heal|p1a: Ferrothorn|71\/100|[from] item: Leftovers\n|-damage|p2a: Saludame al Diablo|55\/100|[from] Leech Seed|[of] p1a: Ferrothorn\n|-heal|p1a: Ferrothorn|80\/100|[silent]\n|upkeep\n|turn|6\n|\n|t:|1700099565\n|switch|p2a: Buen d\u00eda Benito|Iron Treads|100\/100\n|-damage|p2a: Buen d\u00eda Benito|97\/100|[from] Stealth Rock\n|move|p1a: Ferrothorn|Leech Seed|p2a: Buen d\u00eda Benito\n|-start|p2a: Buen d\u00eda Benito|move: Leech Seed\n|\n|-heal|p2a: Buen d\u00eda Benito|100\/100|[from] Grassy Terrain\n|-heal|p1a: Ferrothorn|87\/100|[from] Grassy Terrain\n|-heal|p1a: Ferrothorn|93\/100|[from] item: Leftovers\n|-damage|p2a: Buen d\u00eda Benito|88\/100|[from] Leech Seed|[of] p1a: Ferrothorn\n|-heal|p1a: Ferrothorn|100\/100|[silent]\n|-fieldend|move: Grassy Terrain\n|upkeep\n|turn|7\n|\n|t:|1700099572\n|switch|p1a: Blacephalon|Blacephalon|100\/100\n|move|p2a: Buen d\u00eda Benito|Rapid Spin|p1a: Blacephalon\n|-immune|p1a: Blacephalon\n|\n|-damage|p2a: Buen d\u00eda Benito|76\/100|[from] Leech Seed|[of] p1a: Blacephalon\n|upkeep\n|turn|8\n|\n|t:|1700099582\n|-end|p2a: Buen d\u00eda Benito|Quark Drive|[silent]\n|switch|p2a: se vino y se fue|Shuckle, F, shiny|100\/100\n|-damage|p2a: se vino y se fue|75\/100|[from] Stealth Rock\n|move|p1a: Blacephalon|Flamethrower|p2a: se vino y se fue\n|-damage|p2a: se vino y se fue|46\/100\n|-status|p2a: se vino y se fue|brn\n|-enditem|p2a: se vino y se fue|Aguav Berry|[eat]\n|-heal|p2a: se vino y se fue|79\/100 brn|[from] item: Aguav Berry\n|\n|-damage|p2a: se vino y se fue|73\/100 brn|[from] brn\n|upkeep\n|turn|9\n|\n|t:|1700099594\n|move|p1a: Blacephalon|Calm Mind|p1a: Blacephalon\n|-boost|p1a: Blacephalon|spa|1\n|-boost|p1a: Blacephalon|spd|1\n|move|p2a: se vino y se fue|Sticky Web|p1a: Blacephalon\n|-sidestart|p1: Xoky_Jose Ale 55|move: Sticky Web\n|\n|-damage|p2a: se vino y se fue|67\/100 brn|[from] brn\n|upkeep\n|turn|10\n|\n|t:|1700099614\n|move|p1a: Blacephalon|Flamethrower|p2a: se vino y se fue\n|-damage|p2a: se vino y se fue|24\/100 brn\n|move|p2a: se vino y se fue|Encore|p1a: Blacephalon\n|-start|p1a: Blacephalon|Encore\n|\n|-damage|p2a: se vino y se fue|18\/100 brn|[from] brn\n|upkeep\n|turn|11\n|\n|t:|1700099618\n|move|p1a: Blacephalon|Flamethrower|p2a: se vino y se fue\n|-damage|p2a: se vino y se fue|0 fnt\n|faint|p2a: se vino y se fue\n|-ability|p1a: Blacephalon|Beast Boost|boost\n|-boost|p1a: Blacephalon|spa|1\n|\n|upkeep\n|\n|t:|1700099621\n|switch|p2a: Saludame al Diablo|Pelipper, M|55\/100\n|-damage|p2a: Saludame al Diablo|31\/100|[from] Stealth Rock\n|-weather|RainDance|[from] ability: Drizzle|[of] p2a: Saludame al Diablo\n|turn|12\n|\n|t:|1700099634\n|switch|p1a: Ferrothorn|Ferrothorn, M|100\/100\n|-activate|p1a: Ferrothorn|move: Sticky Web\n|-unboost|p1a: Ferrothorn|spe|1\n|move|p2a: Saludame al Diablo|Weather Ball|p1a: Ferrothorn\n|-resisted|p1a: Ferrothorn\n|-damage|p1a: Ferrothorn|68\/100\n|\n|-weather|RainDance|[upkeep]\n|-heal|p1a: Ferrothorn|75\/100|[from] item: Leftovers\n|upkeep\n|turn|13\n|\n|t:|1700099645\n|switch|p2a: Buen d\u00eda Benito|Iron Treads|76\/100\n|-damage|p2a: Buen d\u00eda Benito|72\/100|[from] Stealth Rock\n|move|p1a: Ferrothorn|Leech Seed|p2a: Buen d\u00eda Benito\n|-start|p2a: Buen d\u00eda Benito|move: Leech Seed\n|\n|-weather|RainDance|[upkeep]\n|-heal|p1a: Ferrothorn|81\/100|[from] item: Leftovers\n|-damage|p2a: Buen d\u00eda Benito|60\/100|[from] Leech Seed|[of] p1a: Ferrothorn\n|-heal|p1a: Ferrothorn|92\/100|[silent]\n|upkeep\n|turn|14\n|\n|t:|1700099651\n|move|p1a: Ferrothorn|Protect|p1a: Ferrothorn\n|-singleturn|p1a: Ferrothorn|Protect\n|move|p2a: Buen d\u00eda Benito|Rapid Spin|p1a: Ferrothorn\n|-activate|p1a: Ferrothorn|move: Protect\n|\n|-weather|RainDance|[upkeep]\n|-heal|p1a: Ferrothorn|99\/100|[from] item: Leftovers\n|-damage|p2a: Buen d\u00eda Benito|48\/100|[from] Leech Seed|[of] p1a: Ferrothorn\n|-heal|p1a: Ferrothorn|100\/100|[silent]\n|upkeep\n|turn|15\n|\n|t:|1700099656\n|-end|p2a: Buen d\u00eda Benito|Quark Drive|[silent]\n|switch|p2a: T\u00edo Calambres|Throh, M|100\/100\n|-damage|p2a: T\u00edo Calambres|94\/100|[from] Stealth Rock\n|-ability|p2a: T\u00edo Calambres|Mold Breaker\n|move|p1a: Ferrothorn|Gyro Ball|p2a: T\u00edo Calambres\n|-damage|p2a: T\u00edo Calambres|74\/100\n|\n|-weather|RainDance|[upkeep]\n|-heal|p2a: T\u00edo Calambres|80\/100|[from] item: Leftovers\n|upkeep\n|turn|16\n|\n|t:|1700099659\n|move|p2a: T\u00edo Calambres|Knock Off|p1a: Ferrothorn\n|-damage|p1a: Ferrothorn|88\/100\n|-damage|p2a: T\u00edo Calambres|68\/100|[from] ability: Iron Barbs|[of] p1a: Ferrothorn\n|-enditem|p1a: Ferrothorn|Leftovers|[from] move: Knock Off|[of] p2a: T\u00edo Calambres\n|move|p1a: Ferrothorn|Leech Seed|p2a: T\u00edo Calambres\n|-start|p2a: T\u00edo Calambres|move: Leech Seed\n|\n|-weather|none\n|-heal|p2a: T\u00edo Calambres|74\/100|[from] item: Leftovers\n|-damage|p2a: T\u00edo Calambres|61\/100|[from] Leech Seed|[of] p1a: Ferrothorn\n|-heal|p1a: Ferrothorn|100\/100|[silent]\n|upkeep\n|turn|17\n|\n|t:|1700099667\n|move|p2a: T\u00edo Calambres|Storm Throw|p1a: Ferrothorn\n|-supereffective|p1a: Ferrothorn\n|-crit|p1a: Ferrothorn\n|-damage|p1a: Ferrothorn|61\/100\n|-damage|p2a: T\u00edo Calambres|49\/100|[from] ability: Iron Barbs|[of] p1a: Ferrothorn\n|move|p1a: Ferrothorn|Gyro Ball|p2a: T\u00edo Calambres\n|-damage|p2a: T\u00edo Calambres|27\/100\n|\n|-heal|p2a: T\u00edo Calambres|33\/100|[from] item: Leftovers\n|-damage|p2a: T\u00edo Calambres|21\/100|[from] Leech Seed|[of] p1a: Ferrothorn\n|-heal|p1a: Ferrothorn|76\/100|[silent]\n|upkeep\n|turn|18\n|\n|t:|1700099676\n|move|p1a: Ferrothorn|Protect|p1a: Ferrothorn\n|-singleturn|p1a: Ferrothorn|Protect\n|move|p2a: T\u00edo Calambres|Pain Split|p1a: Ferrothorn\n|-activate|p1a: Ferrothorn|move: Protect\n|\n|-heal|p2a: T\u00edo Calambres|27\/100|[from] item: Leftovers\n|-damage|p2a: T\u00edo Calambres|14\/100|[from] Leech Seed|[of] p1a: Ferrothorn\n|-heal|p1a: Ferrothorn|92\/100|[silent]\n|upkeep\n|turn|19\n|\n|t:|1700099683\n|move|p2a: T\u00edo Calambres|Pain Split|p1a: Ferrothorn\n|-sethp|p1a: Ferrothorn|55\/100|[from] move: Pain Split|[silent]\n|-sethp|p2a: T\u00edo Calambres|44\/100|[from] move: Pain Split\n|move|p1a: Ferrothorn|Gyro Ball|p2a: T\u00edo Calambres\n|-damage|p2a: T\u00edo Calambres|22\/100\n|\n|-heal|p2a: T\u00edo Calambres|28\/100|[from] item: Leftovers\n|-damage|p2a: T\u00edo Calambres|16\/100|[from] Leech Seed|[of] p1a: Ferrothorn\n|-heal|p1a: Ferrothorn|71\/100|[silent]\n|upkeep\n|turn|20\n|\n|t:|1700099690\n|move|p2a: T\u00edo Calambres|Pain Split|p1a: Ferrothorn\n|-sethp|p1a: Ferrothorn|45\/100|[from] move: Pain Split|[silent]\n|-sethp|p2a: T\u00edo Calambres|36\/100|[from] move: Pain Split\n|move|p1a: Ferrothorn|Gyro Ball|p2a: T\u00edo Calambres\n|-damage|p2a: T\u00edo Calambres|13\/100\n|\n|-heal|p2a: T\u00edo Calambres|19\/100|[from] item: Leftovers\n|-damage|p2a: T\u00edo Calambres|7\/100|[from] Leech Seed|[of] p1a: Ferrothorn\n|-heal|p1a: Ferrothorn|61\/100|[silent]\n|upkeep\n|turn|21\n|\n|t:|1700099695\n|move|p1a: Ferrothorn|Protect|p1a: Ferrothorn\n|-singleturn|p1a: Ferrothorn|Protect\n|move|p2a: T\u00edo Calambres|Storm Throw|p1a: Ferrothorn\n|-activate|p1a: Ferrothorn|move: Protect\n|\n|-heal|p2a: T\u00edo Calambres|13\/100|[from] item: Leftovers\n|-damage|p2a: T\u00edo Calambres|1\/100|[from] Leech Seed|[of] p1a: Ferrothorn\n|-heal|p1a: Ferrothorn|76\/100|[silent]\n|upkeep\n|turn|22\n|\n|t:|1700099703\n|move|p2a: T\u00edo Calambres|Pain Split|p1a: Ferrothorn\n|-sethp|p1a: Ferrothorn|39\/100|[from] move: Pain Split|[silent]\n|-sethp|p2a: T\u00edo Calambres|31\/100|[from] move: Pain Split\n|move|p1a: Ferrothorn|Gyro Ball|p2a: T\u00edo Calambres\n|-damage|p2a: T\u00edo Calambres|10\/100\n|\n|-heal|p2a: T\u00edo Calambres|16\/100|[from] item: Leftovers\n|-damage|p2a: T\u00edo Calambres|4\/100|[from] Leech Seed|[of] p1a: Ferrothorn\n|-heal|p1a: Ferrothorn|54\/100|[silent]\n|upkeep\n|turn|23\n|\n|t:|1700099710\n|switch|p2a: Buen d\u00eda Benito|Iron Treads|48\/100\n|-damage|p2a: Buen d\u00eda Benito|44\/100|[from] Stealth Rock\n|move|p1a: Ferrothorn|Protect||[still]\n|-fail|p1a: Ferrothorn\n|\n|upkeep\n|turn|24\n|\n|t:|1700099716\n|move|p2a: Buen d\u00eda Benito|Earthquake|p1a: Ferrothorn\n|-damage|p1a: Ferrothorn|23\/100\n|move|p1a: Ferrothorn|Leech Seed|p2a: Buen d\u00eda Benito\n|-start|p2a: Buen d\u00eda Benito|move: Leech Seed\n|\n|-damage|p2a: Buen d\u00eda Benito|32\/100|[from] Leech Seed|[of] p1a: Ferrothorn\n|-heal|p1a: Ferrothorn|35\/100|[silent]\n|upkeep\n|turn|25\n|\n|t:|1700099720\n|move|p1a: Ferrothorn|Protect|p1a: Ferrothorn\n|-singleturn|p1a: Ferrothorn|Protect\n|move|p2a: Buen d\u00eda Benito|Earthquake|p1a: Ferrothorn\n|-activate|p1a: Ferrothorn|move: Protect\n|\n|-damage|p2a: Buen d\u00eda Benito|20\/100|[from] Leech Seed|[of] p1a: Ferrothorn\n|-heal|p1a: Ferrothorn|46\/100|[silent]\n|upkeep\n|turn|26\n|\n|t:|1700099729\n|switch|p1a: Blacephalon|Blacephalon|100\/100\n|-activate|p1a: Blacephalon|move: Sticky Web\n|-unboost|p1a: Blacephalon|spe|1\n|move|p2a: Buen d\u00eda Benito|Earthquake|p1a: Blacephalon\n|-supereffective|p1a: Blacephalon\n|-damage|p1a: Blacephalon|0 fnt\n|faint|p1a: Blacephalon\n|\n|upkeep\n|\n|t:|1700099734\n|switch|p1a: Lopunny|Lopunny, M|100\/100\n|-activate|p1a: Lopunny|move: Sticky Web\n|-unboost|p1a: Lopunny|spe|1\n|turn|27\n|\n|t:|1700099739\n|detailschange|p1a: Lopunny|Lopunny-Mega, M\n|-mega|p1a: Lopunny|Lopunny|Lopunnite\n|move|p1a: Lopunny|Fake Out|p2a: Buen d\u00eda Benito\n|-resisted|p2a: Buen d\u00eda Benito\n|-damage|p2a: Buen d\u00eda Benito|9\/100\n|cant|p2a: Buen d\u00eda Benito|flinch\n|\n|-damage|p2a: Buen d\u00eda Benito|0 fnt|[from] Leech Seed|[of] p1a: Lopunny\n|faint|p2a: Buen d\u00eda Benito\n|-end|p2a: Buen d\u00eda Benito|Quark Drive|[silent]\n|upkeep\n|\n|t:|1700099743\n|switch|p2a: Motherland|Aerodactyl, F|100\/100\n|-damage|p2a: Motherland|76\/100|[from] Stealth Rock\n|turn|28\n|\n|t:|1700099750\n|switch|p1a: Ferrothorn|Ferrothorn, M|46\/100\n|-activate|p1a: Ferrothorn|move: Sticky Web\n|-unboost|p1a: Ferrothorn|spe|1\n|detailschange|p2a: Motherland|Aerodactyl-Mega, F\n|-mega|p2a: Motherland|Aerodactyl|Aerodactylite\n|move|p2a: Motherland|Aerial Ace|p1a: Ferrothorn\n|-damage|p1a: Ferrothorn|20\/100\n|-damage|p2a: Motherland|63\/100|[from] ability: Iron Barbs|[of] p1a: Ferrothorn\n|\n|upkeep\n|turn|29\n|\n|t:|1700099757\n|move|p2a: Motherland|Earthquake|p1a: Ferrothorn\n|-damage|p1a: Ferrothorn|0 fnt\n|faint|p1a: Ferrothorn\n|\n|upkeep\n|\n|t:|1700099764\n|switch|p1a: Tapu Lele|Tapu Lele|100\/100\n|-activate|p1a: Tapu Lele|move: Sticky Web\n|-unboost|p1a: Tapu Lele|spe|1\n|-fieldstart|move: Psychic Terrain|[from] ability: Psychic Surge|[of] p1a: Tapu Lele\n|turn|30\n|\n|t:|1700099772\n|switch|p2a: T\u00edo Calambres|Throh, M|4\/100\n|-damage|p2a: T\u00edo Calambres|0 fnt|[from] Stealth Rock\n|faint|p2a: T\u00edo Calambres\n|move|p1a: Tapu Lele|Psychic|p2: T\u00edo Calambres|[notarget]\n|-fail|p1a: Tapu Lele\n|\n|upkeep\n|\n|t:|1700099774\n|switch|p2a: Peso Pluma|Arboliva, F, shiny|86\/100\n|-damage|p2a: Peso Pluma|73\/100|[from] Stealth Rock\n|turn|31\n|\n|t:|1700099777\n|switch|p1a: Heatran|Heatran, F|100\/100\n|-activate|p1a: Heatran|move: Sticky Web\n|-unboost|p1a: Heatran|spe|1\n|move|p2a: Peso Pluma|Earth Power|p1a: Heatran\n|-supereffective|p1a: Heatran\n|-damage|p1a: Heatran|30\/100\n|\n|-heal|p1a: Heatran|36\/100|[from] item: Leftovers\n|upkeep\n|turn|32\n|\n|t:|1700099793\n|-terastallize|p1a: Heatran|Grass\n|-terastallize|p2a: Peso Pluma|Fire\n|move|p1a: Heatran|Magma Storm|p2a: Peso Pluma\n|-resisted|p2a: Peso Pluma\n|-damage|p2a: Peso Pluma|63\/100\n|-activate|p2a: Peso Pluma|move: Magma Storm|[of] p1a: Heatran\n|-fieldstart|move: Grassy Terrain|[from] ability: Seed Sower|[of] p2a: Peso Pluma\n|move|p2a: Peso Pluma|Earth Power|p1a: Heatran\n|-resisted|p1a: Heatran\n|-damage|p1a: Heatran|27\/100\n|\n|-heal|p1a: Heatran|33\/100|[from] Grassy Terrain\n|-heal|p1a: Heatran|39\/100|[from] item: Leftovers\n|-heal|p2a: Peso Pluma|69\/100|[from] Grassy Terrain\n|-damage|p2a: Peso Pluma|57\/100|[from] move: Magma Storm|[partiallytrapped]\n|upkeep\n|turn|33\n|\n|t:|1700099805\n|move|p1a: Heatran|Earth Power|p2a: Peso Pluma\n|-supereffective|p2a: Peso Pluma\n|-damage|p2a: Peso Pluma|28\/100\n|move|p2a: Peso Pluma|Giga Drain|p1a: Heatran\n|-resisted|p1a: Heatran\n|-damage|p1a: Heatran|23\/100\n|-heal|p2a: Peso Pluma|39\/100|[from] drain|[of] p1a: Heatran\n|\n|-heal|p1a: Heatran|29\/100|[from] Grassy Terrain\n|-heal|p1a: Heatran|35\/100|[from] item: Leftovers\n|-heal|p2a: Peso Pluma|45\/100|[from] Grassy Terrain\n|-damage|p2a: Peso Pluma|32\/100|[from] move: Magma Storm|[partiallytrapped]\n|upkeep\n|turn|34\n|\n|t:|1700099811\n|move|p1a: Heatran|Earth Power|p2a: Peso Pluma\n|-supereffective|p2a: Peso Pluma\n|-damage|p2a: Peso Pluma|5\/100\n|move|p2a: Peso Pluma|Giga Drain|p1a: Heatran\n|-resisted|p1a: Heatran\n|-damage|p1a: Heatran|20\/100\n|-heal|p2a: Peso Pluma|15\/100|[from] drain|[of] p1a: Heatran\n|\n|-heal|p1a: Heatran|26\/100|[from] Grassy Terrain\n|-heal|p1a: Heatran|32\/100|[from] item: Leftovers\n|-heal|p2a: Peso Pluma|21\/100|[from] Grassy Terrain\n|-damage|p2a: Peso Pluma|9\/100|[from] move: Magma Storm|[partiallytrapped]\n|upkeep\n|turn|35\n|\n|t:|1700099816\n|move|p1a: Heatran|Earth Power|p2a: Peso Pluma\n|-supereffective|p2a: Peso Pluma\n|-damage|p2a: Peso Pluma|0 fnt\n|faint|p2a: Peso Pluma\n|\n|-heal|p1a: Heatran|39\/100|[from] Grassy Terrain\n|-heal|p1a: Heatran|45\/100|[from] item: Leftovers\n|upkeep\n|\n|t:|1700099819\n|switch|p2a: Motherland|Aerodactyl-Mega, F|63\/100\n|-damage|p2a: Motherland|38\/100|[from] Stealth Rock\n|turn|36\n|\n|t:|1700099824\n|move|p2a: Motherland|Aerial Ace|p1a: Heatran\n|-supereffective|p1a: Heatran\n|-damage|p1a: Heatran|0 fnt\n|faint|p1a: Heatran\n|\n|-fieldend|move: Grassy Terrain\n|upkeep\n|\n|t:|1700099877\n|switch|p1a: Tapu Lele|Tapu Lele|100\/100\n|-activate|p1a: Tapu Lele|move: Sticky Web\n|-unboost|p1a: Tapu Lele|spe|1\n|-fieldstart|move: Psychic Terrain|[from] ability: Psychic Surge|[of] p1a: Tapu Lele\n|turn|37\n|\n|t:|1700099890\n|move|p2a: Motherland|Aerial Ace|p1a: Tapu Lele\n|-damage|p1a: Tapu Lele|32\/100\n|move|p1a: Tapu Lele|Psychic|p2a: Motherland\n|-damage|p2a: Motherland|0 fnt\n|faint|p2a: Motherland\n|\n|upkeep\n|\n|t:|1700099892\n|switch|p2a: Saludame al Diablo|Pelipper, M|31\/100\n|-damage|p2a: Saludame al Diablo|6\/100|[from] Stealth Rock\n|-weather|RainDance|[from] ability: Drizzle|[of] p2a: Saludame al Diablo\n|turn|38\n|\n|t:|1700099897\n|move|p1a: Tapu Lele|Psychic|p2a: Saludame al Diablo\n|-damage|p2a: Saludame al Diablo|0 fnt\n|faint|p2a: Saludame al Diablo\n|\n|win|Xoky_Jose Ale 55\n|c|\u2606FdePerro28|ggwp\n|c|\u2606Xoky_Jose Ale 55|gg\n","uploadtime":1700099905,"views":13,"p1id":"xokyjoseale55","p2id":"fdeperro28","formatid":"gen9nationaldex","rating":0,"private":0,"password":""}