{"id":"gen9nationaldex-1990949028","p1":"zqtp","p2":"mtyqjltz5","format":"[Gen 9] National Dex","log":"|j|\u2606zqtp\n|j|\u2606mtyqjltz5\n|t:|1700018624\n|gametype|singles\n|player|p1|zqtp|leon|1419\n|player|p2|mtyqjltz5|elesa|1387\n|teamsize|p1|6\n|teamsize|p2|6\n|gen|9\n|tier|[Gen 9] National Dex\n|rated|\n|rule|HP Percentage Mod: HP is shown in percentages\n|rule|Endless Battle Clause: Forcing endless battles is banned\n|rule|OHKO Clause: OHKO moves are banned\n|rule|Evasion Clause: Evasion abilities, items, and moves are banned\n|rule|Evasion Abilities Clause: Evasion abilities are banned\n|rule|Evasion Items Clause: Evasion items are banned\n|rule|Evasion Moves Clause: Evasion moves are banned\n|rule|Species Clause: Limit one of each Pok\u00e9mon\n|rule|Sleep Clause Mod: Limit one foe put to sleep\n|clearpoke\n|poke|p1|Landorus-Therian, M|\n|poke|p1|Pelipper, M|\n|poke|p1|Urshifu-*, F|\n|poke|p1|Barraskewda, M|\n|poke|p1|Ogerpon-Wellspring, F|\n|poke|p1|Sharpedo, M|\n|poke|p2|Pidgeot, M|\n|poke|p2|Weezing-Galar, M|\n|poke|p2|Heatran, M|\n|poke|p2|Rillaboom, M|\n|poke|p2|Urshifu-*, M|\n|poke|p2|Slowking-Galar, F|\n|teampreview\n|inactive|Battle timer is ON: inactive players will automatically lose when time's up. (requested by zqtp)\n|c|\u2606zqtp|cool team\n|c|\u2606zqtp|i love gweezing\n|\n|t:|1700018643\n|start\n|switch|p1a: Pelipper|Pelipper, M|100\/100\n|switch|p2a: Slowking|Slowking-Galar, F|100\/100\n|-weather|RainDance|[from] ability: Drizzle|[of] p1a: Pelipper\n|turn|1\n|inactive|zqtp has 120 seconds left.\n|\n|t:|1700018681\n|move|p1a: Pelipper|U-turn|p2a: Slowking\n|-damage|p2a: Slowking|94\/100\n|c|\u2606mtyqjltz5|haha\n|c|\u2606mtyqjltz5|ty\n|c|\u2606zqtp|uh oh\n|inactive|zqtp has 90 seconds left.\n|\n|t:|1700018712\n|switch|p1a: Landorus|Landorus-Therian, M|100\/100|[from] U-turn\n|-ability|p1a: Landorus|Intimidate|boost\n|-unboost|p2a: Slowking|atk|1\n|move|p2a: Slowking|Chilly Reception|p2a: Slowking\n|-weather|Snow\n|\n|t:|1700018720\n|switch|p2a: Urshifu|Urshifu-Rapid-Strike, M|100\/100|[from] Chilly Reception\n|\n|-weather|Snow|[upkeep]\n|upkeep\n|turn|2\n|inactive|zqtp has 90 seconds left.\n|\n|t:|1700018746\n|move|p2a: Urshifu|Thunder Punch|p1a: Landorus\n|-immune|p1a: Landorus\n|move|p1a: Landorus|Psychic|p2a: Urshifu\n|-supereffective|p2a: Urshifu\n|-damage|p2a: Urshifu|0 fnt\n|faint|p2a: Urshifu\n|\n|-weather|Snow|[upkeep]\n|upkeep\n|c|\u2606zqtp|brave\n|c|\u2606mtyqjltz5|no\u2026\u2026\n|c|\u2606zqtp|make sure to keep psychic lando in the back pocket\n|inactive|mtyqjltz5 has 120 seconds left.\n|inactive|mtyqjltz5 has 90 seconds left.\n|\n|t:|1700018820\n|switch|p2a: Pidgeot|Pidgeot, M, shiny|100\/100\n|turn|3\n|inactive|zqtp has 90 seconds left.\n|\n|t:|1700018825\n|detailschange|p2a: Pidgeot|Pidgeot-Mega, M, shiny\n|-mega|p2a: Pidgeot|Pidgeot|Pidgeotite\n|move|p2a: Pidgeot|Hurricane|p1a: Landorus\n|-damage|p1a: Landorus|23\/100\n|move|p1a: Landorus|Psychic|p2a: Pidgeot\n|-damage|p2a: Pidgeot|42\/100\n|\n|-weather|Snow|[upkeep]\n|upkeep\n|turn|4\n|inactive|zqtp has 90 seconds left.\n|\n|t:|1700018848\n|move|p2a: Pidgeot|Hurricane|p1a: Landorus\n|-damage|p1a: Landorus|0 fnt\n|faint|p1a: Landorus\n|\n|-weather|Snow|[upkeep]\n|upkeep\n|\n|t:|1700018850\n|switch|p1a: Pelipper|Pelipper, M|100\/100\n|-weather|RainDance|[from] ability: Drizzle|[of] p1a: Pelipper\n|turn|5\n|\n|t:|1700018865\n|move|p2a: Pidgeot|Hurricane|p1a: Pelipper\n|-damage|p1a: Pelipper|24\/100\n|-start|p1a: Pelipper|confusion\n|-activate|p1a: Pelipper|confusion\n|-damage|p1a: Pelipper|21\/100|[from] confusion\n|\n|-weather|RainDance|[upkeep]\n|upkeep\n|turn|6\n|\n|t:|1700018873\n|move|p2a: Pidgeot|Hurricane|p1a: Pelipper\n|-damage|p1a: Pelipper|0 fnt\n|faint|p1a: Pelipper\n|\n|-weather|RainDance|[upkeep]\n|upkeep\n|\n|t:|1700018884\n|switch|p1a: Barraskewda|Barraskewda, M|100\/100\n|turn|7\n|\n|t:|1700018907\n|switch|p2a: Heatran|Heatran, M|100\/100\n|move|p1a: Barraskewda|Flip Turn|p2a: Heatran\n|-supereffective|p2a: Heatran\n|-damage|p2a: Heatran|0 fnt\n|faint|p2a: Heatran\n|inactive|zqtp has 90 seconds left.\n|inactive|zqtp has 60 seconds left.\n|\n|t:|1700018954\n|switch|p1a: Urshifu|Urshifu-Rapid-Strike, F|100\/100|[from] Flip Turn\n|\n|-weather|RainDance|[upkeep]\n|upkeep\n|inactive|mtyqjltz5 has 90 seconds left.\n|\n|t:|1700018979\n|switch|p2a: Weezing|Weezing-Galar, M|100\/100\n|turn|8\n|inactive|mtyqjltz5 has 90 seconds left.\n|inactive|zqtp has 60 seconds left.\n|\n|t:|1700019003\n|-terastallize|p1a: Urshifu|Water\n|move|p1a: Urshifu|Swords Dance|p1a: Urshifu\n|-boost|p1a: Urshifu|atk|2\n|move|p2a: Weezing|Will-O-Wisp|p1a: Urshifu\n|-status|p1a: Urshifu|brn\n|\n|-weather|RainDance|[upkeep]\n|-damage|p1a: Urshifu|94\/100 brn|[from] brn\n|upkeep\n|turn|9\n|inactive|zqtp has 60 seconds left.\n|inactive|mtyqjltz5 has 90 seconds left.\n|\n|t:|1700019032\n|switch|p2a: Slowking|Slowking-Galar, F|100\/100\n|move|p1a: Urshifu|Swords Dance|p1a: Urshifu\n|-boost|p1a: Urshifu|atk|2\n|\n|-weather|RainDance|[upkeep]\n|-damage|p1a: Urshifu|88\/100 brn|[from] brn\n|upkeep\n|turn|10\n|\n|t:|1700019043\n|move|p1a: Urshifu|Surging Strikes|p2a: Slowking\n|-crit|p2a: Slowking\n|-damage|p2a: Slowking|49\/100\n|-crit|p2a: Slowking\n|-damage|p2a: Slowking|0 fnt\n|faint|p2a: Slowking\n|-hitcount|p2: Slowking|2\n|\n|-weather|RainDance|[upkeep]\n|-damage|p1a: Urshifu|82\/100 brn|[from] brn\n|upkeep\n|\n|t:|1700019047\n|switch|p2a: Rillaboom|Rillaboom, M|100\/100\n|-fieldstart|move: Grassy Terrain|[from] ability: Grassy Surge|[of] p2a: Rillaboom\n|turn|11\n|\n|t:|1700019053\n|-terastallize|p2a: Rillaboom|Grass\n|move|p2a: Rillaboom|Grassy Glide|p1a: Urshifu\n|-supereffective|p1a: Urshifu\n|-damage|p1a: Urshifu|0 fnt\n|faint|p1a: Urshifu\n|\n|-weather|RainDance|[upkeep]\n|upkeep\n|\n|t:|1700019056\n|switch|p1a: Ogerpon|Ogerpon-Wellspring, F|100\/100\n|turn|12\n|\n|t:|1700019065\n|switch|p2a: Weezing|Weezing-Galar, M|100\/100\n|move|p1a: Ogerpon|Power Whip|p2a: Weezing\n|-resisted|p2a: Weezing\n|-damage|p2a: Weezing|69\/100\n|\n|-weather|none\n|-heal|p2a: Weezing|75\/100|[from] item: Leftovers\n|upkeep\n|turn|13\n|inactive|zqtp has 90 seconds left.\n|\n|t:|1700019071\n|move|p1a: Ogerpon|Substitute|p1a: Ogerpon\n|-start|p1a: Ogerpon|Substitute\n|-damage|p1a: Ogerpon|76\/100\n|move|p2a: Weezing|Will-O-Wisp||[still]\n|-fail|p2a: Weezing\n|\n|-heal|p1a: Ogerpon|82\/100|[from] Grassy Terrain\n|-heal|p2a: Weezing|81\/100|[from] item: Leftovers\n|upkeep\n|turn|14\n|\n|t:|1700019075\n|move|p1a: Ogerpon|Swords Dance|p1a: Ogerpon\n|-boost|p1a: Ogerpon|atk|2\n|move|p2a: Weezing|Strange Steam|p1a: Ogerpon|[miss]\n|-miss|p2a: Weezing|p1a: Ogerpon\n|\n|-heal|p1a: Ogerpon|88\/100|[from] Grassy Terrain\n|-heal|p2a: Weezing|87\/100|[from] item: Leftovers\n|upkeep\n|turn|15\n|c|\u2606zqtp|thanks\n|\n|t:|1700019085\n|move|p1a: Ogerpon|Ivy Cudgel|p2a: Weezing|[anim] Ivy Cudgel Water\n|-damage|p2a: Weezing|10\/100\n|move|p2a: Weezing|Strange Steam|p1a: Ogerpon\n|-end|p1a: Ogerpon|Substitute\n|\n|-heal|p1a: Ogerpon|94\/100|[from] Grassy Terrain\n|-heal|p2a: Weezing|16\/100|[from] item: Leftovers\n|-fieldend|move: Grassy Terrain\n|upkeep\n|turn|16\n|\n|t:|1700019098\n|move|p1a: Ogerpon|Substitute|p1a: Ogerpon\n|-start|p1a: Ogerpon|Substitute\n|-damage|p1a: Ogerpon|69\/100\n|move|p2a: Weezing|Strange Steam|p1a: Ogerpon\n|-end|p1a: Ogerpon|Substitute\n|\n|-heal|p2a: Weezing|22\/100|[from] item: Leftovers\n|upkeep\n|turn|17\n|c|\u2606zqtp|did my best with a 5 water team ig\n|\n|t:|1700019120\n|move|p1a: Ogerpon|Ivy Cudgel|p2a: Weezing|[anim] Ivy Cudgel Water\n|-damage|p2a: Weezing|0 fnt\n|faint|p2a: Weezing\n|\n|upkeep\n|\n|t:|1700019125\n|switch|p2a: Pidgeot|Pidgeot-Mega, M, shiny|42\/100\n|turn|18\n|\n|t:|1700019134\n|move|p2a: Pidgeot|Hurricane|p1a: Ogerpon\n|-supereffective|p1a: Ogerpon\n|-damage|p1a: Ogerpon|0 fnt\n|faint|p1a: Ogerpon\n|\n|upkeep\n|\n|t:|1700019138\n|switch|p1a: Sharpedo|Sharpedo, M|100\/100\n|turn|19\n|\n|t:|1700019142\n|move|p1a: Sharpedo|Protect|p1a: Sharpedo\n|-singleturn|p1a: Sharpedo|Protect\n|move|p2a: Pidgeot|Hurricane|p1a: Sharpedo\n|-activate|p1a: Sharpedo|move: Protect\n|\n|upkeep\n|turn|20\n|c|\u2606zqtp|o dang\n|c|\u2606zqtp|forgot to do ability\n|inactive|zqtp has 120 seconds left.\n|\n|t:|1700019160\n|detailschange|p1a: Sharpedo|Sharpedo-Mega, M\n|-mega|p1a: Sharpedo|Sharpedo|Sharpedonite\n|move|p2a: Pidgeot|Hurricane|p1a: Sharpedo\n|-damage|p1a: Sharpedo|5\/100\n|move|p1a: Sharpedo|Waterfall|p2a: Pidgeot\n|-damage|p2a: Pidgeot|0 fnt\n|faint|p2a: Pidgeot\n|\n|upkeep\n|c|\u2606mtyqjltz5|oh\uff0cits a mistake\n|\n|t:|1700019164\n|switch|p2a: Rillaboom|Rillaboom, M, tera:Grass|100\/100\n|-fieldstart|move: Grassy Terrain|[from] ability: Grassy Surge|[of] p2a: Rillaboom\n|turn|21\n|c|\u2606zqtp|yep\n|\n|t:|1700019169\n|move|p1a: Sharpedo|Protect|p1a: Sharpedo\n|-singleturn|p1a: Sharpedo|Protect\n|move|p2a: Rillaboom|Grassy Glide|p1a: Sharpedo\n|-activate|p1a: Sharpedo|move: Protect\n|\n|-heal|p1a: Sharpedo|11\/100|[from] Grassy Terrain\n|upkeep\n|turn|22\n|\n|t:|1700019176\n|move|p2a: Rillaboom|Grassy Glide|p1a: Sharpedo\n|-supereffective|p1a: Sharpedo\n|-damage|p1a: Sharpedo|0 fnt\n|faint|p1a: Sharpedo\n|\n|upkeep\n|\n|t:|1700019178\n|switch|p1a: Barraskewda|Barraskewda, M|100\/100\n|turn|23\n|\n|t:|1700019185\n|move|p2a: Rillaboom|Grassy Glide|p1a: Barraskewda\n|-supereffective|p1a: Barraskewda\n|-damage|p1a: Barraskewda|0 fnt\n|faint|p1a: Barraskewda\n|\n|win|mtyqjltz5\n|raw|zqtp's rating: 1419 &rarr; <strong>1397<\/strong><br \/>(-22 for losing)\n|raw|mtyqjltz5's rating: 1387 &rarr; <strong>1409<\/strong><br \/>(+22 for winning)\n|c|\u2606mtyqjltz5|gg\uff0cwp\n|l|\u2606zqtp\n","uploadtime":1700019198,"views":4,"p1id":"zqtp","p2id":"mtyqjltz5","formatid":"gen9nationaldex","rating":1397,"private":0,"password":""}