{"id":"gen9nationaldex-1992571499","p1":"Buri369","p2":"eggnthemaster","format":"[Gen 9] National Dex","log":"|j|\u2606Buri369\n|j|\u2606eggnthemaster\n|t:|1700207890\n|gametype|singles\n|player|p1|Buri369|unknown|1382\n|player|p2|eggnthemaster|265|1481\n|teamsize|p1|6\n|teamsize|p2|6\n|gen|9\n|tier|[Gen 9] National Dex\n|rated|\n|rule|HP Percentage Mod: HP is shown in percentages\n|rule|Endless Battle Clause: Forcing endless battles is banned\n|rule|OHKO Clause: OHKO moves are banned\n|rule|Evasion Clause: Evasion abilities, items, and moves are banned\n|rule|Evasion Abilities Clause: Evasion abilities are banned\n|rule|Evasion Items Clause: Evasion items are banned\n|rule|Evasion Moves Clause: Evasion moves are banned\n|rule|Species Clause: Limit one of each Pok\u00e9mon\n|rule|Sleep Clause Mod: Limit one foe put to sleep\n|clearpoke\n|poke|p1|Conkeldurr, M|\n|poke|p1|Alomomola, F|\n|poke|p1|Ferrothorn, M|\n|poke|p1|Chandelure, M|\n|poke|p1|Stunfisk, M|\n|poke|p1|Mandibuzz, F|\n|poke|p2|Lopunny, M|\n|poke|p2|Kommo-o, F|\n|poke|p2|Excadrill, F|\n|poke|p2|Volcarona, F|\n|poke|p2|Serperior, F|\n|poke|p2|Kartana|\n|teampreview\n|inactive|Battle timer is ON: inactive players will automatically lose when time's up. (requested by Buri369)\n|\n|t:|1700207901\n|start\n|switch|p1a: Chandelure|Chandelure, M|100\/100\n|switch|p2a: Volcarona|Volcarona, F|100\/100\n|turn|1\n|\n|t:|1700207906\n|move|p1a: Chandelure|Trick|p2a: Volcarona\n|-activate|p1a: Chandelure|move: Trick|[of] p2a: Volcarona\n|-item|p2a: Volcarona|Choice Scarf|[from] move: Trick\n|-item|p1a: Chandelure|Focus Sash|[from] move: Trick\n|move|p2a: Volcarona|Quiver Dance|p2a: Volcarona\n|-boost|p2a: Volcarona|spa|1\n|-boost|p2a: Volcarona|spd|1\n|-boost|p2a: Volcarona|spe|1\n|\n|upkeep\n|turn|2\n|\n|t:|1700207917\n|switch|p2a: Excadrill|Excadrill, F|100\/100\n|-ability|p2a: Excadrill|Mold Breaker\n|move|p1a: Chandelure|Flamethrower|p2a: Excadrill\n|-supereffective|p2a: Excadrill\n|-enditem|p2a: Excadrill|Focus Sash\n|-damage|p2a: Excadrill|1\/100\n|\n|upkeep\n|turn|3\n|\n|t:|1700207925\n|switch|p1a: Alomomola|Alomomola, F|100\/100\n|move|p2a: Excadrill|Earthquake|p1a: Alomomola\n|-damage|p1a: Alomomola|71\/100\n|\n|upkeep\n|turn|4\n|\n|t:|1700207930\n|move|p2a: Excadrill|Stealth Rock|p1a: Alomomola\n|-sidestart|p1: Buri369|move: Stealth Rock\n|move|p1a: Alomomola|Wish|p1a: Alomomola\n|\n|upkeep\n|turn|5\n|\n|t:|1700207934\n|move|p2a: Excadrill|Rapid Spin|p1a: Alomomola\n|-damage|p1a: Alomomola|61\/100\n|-boost|p2a: Excadrill|spe|1\n|-damage|p2a: Excadrill|0 fnt|[from] item: Rocky Helmet|[of] p1a: Alomomola\n|faint|p2a: Excadrill\n|move|p1a: Alomomola|Scald|p2: Excadrill|[notarget]\n|-fail|p1a: Alomomola\n|\n|-heal|p1a: Alomomola|100\/100|[from] move: Wish|[wisher] Alomomola\n|upkeep\n|\n|t:|1700207941\n|switch|p2a: Serperior|Serperior, F|100\/100\n|turn|6\n|\n|t:|1700207945\n|switch|p1a: Ferrothorn|Ferrothorn, M|100\/100\n|-damage|p1a: Ferrothorn|94\/100|[from] Stealth Rock\n|move|p2a: Serperior|Glare|p1a: Ferrothorn\n|-status|p1a: Ferrothorn|par\n|\n|-heal|p1a: Ferrothorn|100\/100 par|[from] item: Leftovers\n|upkeep\n|turn|7\n|\n|t:|1700207950\n|switch|p2a: Volcarona|Volcarona, F|100\/100\n|cant|p1a: Ferrothorn|par\n|\n|upkeep\n|turn|8\n|\n|t:|1700207956\n|move|p1a: Ferrothorn|Protect|p1a: Ferrothorn\n|-singleturn|p1a: Ferrothorn|Protect\n|move|p2a: Volcarona|Fiery Dance|p1a: Ferrothorn\n|-activate|p1a: Ferrothorn|move: Protect\n|\n|upkeep\n|turn|9\n|\n|t:|1700207973\n|switch|p2a: Kommo-o|Kommo-o, F|100\/100\n|switch|p1a: Alomomola|Alomomola, F|100\/100\n|-damage|p1a: Alomomola|88\/100|[from] Stealth Rock\n|\n|upkeep\n|turn|10\n|\n|t:|1700207979\n|switch|p2a: Serperior|Serperior, F|100\/100\n|move|p1a: Alomomola|Toxic|p2a: Serperior\n|-status|p2a: Serperior|tox\n|\n|-damage|p2a: Serperior|94\/100 tox|[from] psn\n|upkeep\n|turn|11\n|\n|t:|1700207982\n|switch|p1a: Mandibuzz|Mandibuzz, F|100\/100\n|move|p2a: Serperior|Glare|p1a: Mandibuzz\n|-status|p1a: Mandibuzz|par\n|\n|-heal|p2a: Serperior|100\/100 tox|[from] item: Leftovers\n|-damage|p2a: Serperior|88\/100 tox|[from] psn\n|upkeep\n|turn|12\n|\n|t:|1700207990\n|move|p2a: Serperior|Leech Seed|p1a: Mandibuzz\n|-start|p1a: Mandibuzz|move: Leech Seed\n|cant|p1a: Mandibuzz|par\n|\n|-heal|p2a: Serperior|94\/100 tox|[from] item: Leftovers\n|-damage|p1a: Mandibuzz|88\/100 par|[from] Leech Seed|[of] p2a: Serperior\n|-heal|p2a: Serperior|100\/100 tox|[silent]\n|-damage|p2a: Serperior|82\/100 tox|[from] psn\n|upkeep\n|turn|13\n|\n|t:|1700207997\n|switch|p2a: Kommo-o|Kommo-o, F|100\/100\n|move|p1a: Mandibuzz|Defog|p2a: Kommo-o\n|-unboost|p2a: Kommo-o|evasion|1\n|-sideend|p1: Buri369|Stealth Rock|[from] move: Defog|[of] p1a: Mandibuzz\n|\n|-damage|p1a: Mandibuzz|76\/100 par|[from] Leech Seed|[of] p2a: Kommo-o\n|upkeep\n|turn|14\n|\n|t:|1700208001\n|-zpower|p2a: Kommo-o\n|move|p2a: Kommo-o|Clangorous Soulblaze|p1a: Mandibuzz|[zeffect]\n|-damage|p1a: Mandibuzz|10\/100 par\n|-boost|p2a: Kommo-o|atk|1\n|-boost|p2a: Kommo-o|def|1\n|-boost|p2a: Kommo-o|spa|1\n|-boost|p2a: Kommo-o|spd|1\n|-boost|p2a: Kommo-o|spe|1\n|move|p1a: Mandibuzz|Whirlwind|p2a: Kommo-o\n|drag|p2a: Lopunny|Lopunny, M|100\/100\n|\n|-damage|p1a: Mandibuzz|0 fnt|[from] Leech Seed|[of] p2a: Lopunny\n|faint|p1a: Mandibuzz\n|upkeep\n|\n|t:|1700208020\n|switch|p1a: Conkeldurr|Conkeldurr, M|100\/100\n|turn|15\n|\n|t:|1700208025\n|detailschange|p2a: Lopunny|Lopunny-Mega, M\n|-mega|p2a: Lopunny|Lopunny|Lopunnite\n|move|p2a: Lopunny|Fake Out|p1a: Conkeldurr\n|-damage|p1a: Conkeldurr|83\/100\n|cant|p1a: Conkeldurr|flinch\n|\n|upkeep\n|turn|16\n|\n|t:|1700208032\n|switch|p2a: Volcarona|Volcarona, F|100\/100\n|move|p1a: Conkeldurr|Mach Punch|p2a: Volcarona\n|-resisted|p2a: Volcarona\n|-damage|p2a: Volcarona|74\/100\n|\n|upkeep\n|turn|17\n|\n|t:|1700208039\n|switch|p1a: Alomomola|Alomomola, F|100\/100\n|move|p2a: Volcarona|Fiery Dance|p1a: Alomomola\n|-resisted|p1a: Alomomola\n|-damage|p1a: Alomomola|75\/100\n|-boost|p2a: Volcarona|spa|1\n|\n|upkeep\n|turn|18\n|\n|t:|1700208043\n|switch|p2a: Serperior|Serperior, F|82\/100 tox\n|switch|p1a: Chandelure|Chandelure, M|100\/100\n|\n|-heal|p2a: Serperior|88\/100 tox|[from] item: Leftovers\n|-damage|p2a: Serperior|82\/100 tox|[from] psn\n|upkeep\n|turn|19\n|\n|t:|1700208047\n|move|p2a: Serperior|Glare|p1a: Chandelure\n|-status|p1a: Chandelure|par\n|move|p1a: Chandelure|Flamethrower|p2a: Serperior\n|-supereffective|p2a: Serperior\n|-damage|p2a: Serperior|0 fnt\n|faint|p2a: Serperior\n|\n|upkeep\n|\n|t:|1700208057\n|switch|p2a: Kommo-o|Kommo-o, F|100\/100\n|turn|20\n|\n|t:|1700208066\n|switch|p1a: Stunfisk|Stunfisk, M|100\/100\n|move|p2a: Kommo-o|Clanging Scales|p1a: Stunfisk\n|-damage|p1a: Stunfisk|74\/100\n|-unboost|p2a: Kommo-o|def|1\n|\n|upkeep\n|turn|21\n|\n|t:|1700208075\n|switch|p2a: Kartana|Kartana|100\/100\n|move|p1a: Stunfisk|Stealth Rock|p2a: Kartana\n|-sidestart|p2: eggnthemaster|move: Stealth Rock\n|\n|upkeep\n|turn|22\n|\n|t:|1700208081\n|switch|p1a: Ferrothorn|Ferrothorn, M|100\/100 par\n|move|p2a: Kartana|Leaf Blade|p1a: Ferrothorn\n|-resisted|p1a: Ferrothorn\n|-damage|p1a: Ferrothorn|91\/100 par\n|-damage|p2a: Kartana|88\/100|[from] ability: Iron Barbs|[of] p1a: Ferrothorn\n|\n|-heal|p1a: Ferrothorn|97\/100 par|[from] item: Leftovers\n|upkeep\n|turn|23\n|\n|t:|1700208086\n|switch|p2a: Volcarona|Volcarona, F|74\/100\n|-damage|p2a: Volcarona|25\/100|[from] Stealth Rock\n|move|p1a: Ferrothorn|Gyro Ball|p2a: Volcarona\n|-resisted|p2a: Volcarona\n|-damage|p2a: Volcarona|0 fnt\n|faint|p2a: Volcarona\n|\n|-heal|p1a: Ferrothorn|100\/100 par|[from] item: Leftovers\n|upkeep\n|\n|t:|1700208093\n|switch|p2a: Kommo-o|Kommo-o, F|100\/100\n|-damage|p2a: Kommo-o|94\/100|[from] Stealth Rock\n|turn|24\n|\n|t:|1700208096\n|switch|p1a: Alomomola|Alomomola, F|100\/100\n|move|p2a: Kommo-o|Flamethrower|p1a: Alomomola\n|-resisted|p1a: Alomomola\n|-damage|p1a: Alomomola|85\/100\n|\n|upkeep\n|turn|25\n|\n|t:|1700208102\n|switch|p2a: Kartana|Kartana|88\/100\n|-damage|p2a: Kartana|82\/100|[from] Stealth Rock\n|move|p1a: Alomomola|Wish|p1a: Alomomola\n|\n|upkeep\n|turn|26\n|\n|t:|1700208105\n|switch|p1a: Conkeldurr|Conkeldurr, M|83\/100\n|move|p2a: Kartana|Leaf Blade|p1a: Conkeldurr\n|-damage|p1a: Conkeldurr|33\/100\n|\n|-heal|p1a: Conkeldurr|98\/100|[from] move: Wish|[wisher] Alomomola\n|upkeep\n|turn|27\n|\n|t:|1700208124\n|-terastallize|p2a: Kartana|Fighting\n|move|p2a: Kartana|Leaf Blade|p1a: Conkeldurr\n|-damage|p1a: Conkeldurr|46\/100\n|move|p1a: Conkeldurr|Drain Punch|p2a: Kartana\n|-crit|p2a: Kartana\n|-damage|p2a: Kartana|0 fnt\n|-heal|p1a: Conkeldurr|72\/100|[from] drain|[of] p2a: Kartana\n|faint|p2a: Kartana\n|\n|upkeep\n|\n|t:|1700208132\n|switch|p2a: Lopunny|Lopunny-Mega, M|100\/100\n|-damage|p2a: Lopunny|95\/100|[from] Stealth Rock\n|turn|28\n|\n|t:|1700208136\n|switch|p1a: Alomomola|Alomomola, F|100\/100\n|move|p2a: Lopunny|Fake Out|p1a: Alomomola\n|-damage|p1a: Alomomola|89\/100\n|-damage|p2a: Lopunny|78\/100|[from] item: Rocky Helmet|[of] p1a: Alomomola\n|\n|upkeep\n|turn|29\n|\n|t:|1700208139\n|move|p2a: Lopunny|Frustration|p1a: Alomomola\n|-damage|p1a: Alomomola|60\/100\n|-damage|p2a: Lopunny|61\/100|[from] item: Rocky Helmet|[of] p1a: Alomomola\n|move|p1a: Alomomola|Wish|p1a: Alomomola\n|\n|upkeep\n|turn|30\n|\n|t:|1700208144\n|move|p2a: Lopunny|Frustration|p1a: Alomomola\n|-damage|p1a: Alomomola|30\/100\n|-damage|p2a: Lopunny|45\/100|[from] item: Rocky Helmet|[of] p1a: Alomomola\n|move|p1a: Alomomola|Scald|p2a: Lopunny\n|-damage|p2a: Lopunny|27\/100\n|\n|-heal|p1a: Alomomola|80\/100|[from] move: Wish|[wisher] Alomomola\n|upkeep\n|turn|31\n|\n|t:|1700208148\n|move|p2a: Lopunny|Frustration|p1a: Alomomola\n|-damage|p1a: Alomomola|49\/100\n|-damage|p2a: Lopunny|10\/100|[from] item: Rocky Helmet|[of] p1a: Alomomola\n|move|p1a: Alomomola|Wish|p1a: Alomomola\n|\n|upkeep\n|turn|32\n|\n|t:|1700208152\n|move|p1a: Alomomola|Protect|p1a: Alomomola\n|-singleturn|p1a: Alomomola|Protect\n|move|p2a: Lopunny|Frustration|p1a: Alomomola\n|-activate|p1a: Alomomola|move: Protect\n|\n|-heal|p1a: Alomomola|99\/100|[from] move: Wish|[wisher] Alomomola\n|upkeep\n|turn|33\n|\n|t:|1700208155\n|move|p2a: Lopunny|Frustration|p1a: Alomomola\n|-damage|p1a: Alomomola|71\/100\n|-damage|p2a: Lopunny|0 fnt|[from] item: Rocky Helmet|[of] p1a: Alomomola\n|faint|p2a: Lopunny\n|move|p1a: Alomomola|Wish|p1a: Alomomola\n|\n|upkeep\n|\n|t:|1700208157\n|switch|p2a: Kommo-o|Kommo-o, F|94\/100\n|-damage|p2a: Kommo-o|88\/100|[from] Stealth Rock\n|turn|34\n|-message|eggnthemaster forfeited.\n|\n|win|Buri369\n|raw|Buri369's rating: 1382 &rarr; <strong>1408<\/strong><br \/>(+26 for winning)\n|raw|eggnthemaster's rating: 1481 &rarr; <strong>1455<\/strong><br \/>(-26 for losing)\n|l|\u2606Buri369\n","uploadtime":1700208166,"views":6,"p1id":"buri369","p2id":"eggnthemaster","formatid":"gen9nationaldex","rating":1408,"private":0,"password":""}