{"id":"gen9nationaldex-1989280490","p1":"kaiot-adventure509","p2":"Skullmonkey","format":"[Gen 9] National Dex","log":"|j|\u2606kaiot-adventure509\n|j|\u2606Skullmonkey\n|t:|1699831346\n|gametype|singles\n|player|p1|kaiot-adventure509|nate|1559\n|player|p2|Skullmonkey|li|1408\n|teamsize|p1|6\n|teamsize|p2|6\n|gen|9\n|tier|[Gen 9] National Dex\n|rated|\n|rule|HP Percentage Mod: HP is shown in percentages\n|rule|Endless Battle Clause: Forcing endless battles is banned\n|rule|OHKO Clause: OHKO moves are banned\n|rule|Evasion Clause: Evasion abilities, items, and moves are banned\n|rule|Evasion Abilities Clause: Evasion abilities are banned\n|rule|Evasion Items Clause: Evasion items are banned\n|rule|Evasion Moves Clause: Evasion moves are banned\n|rule|Species Clause: Limit one of each Pok\u00e9mon\n|rule|Sleep Clause Mod: Limit one foe put to sleep\n|clearpoke\n|poke|p1|Mandibuzz, F|\n|poke|p1|Mamoswine, F|\n|poke|p1|Tyrantrum, M|\n|poke|p1|Darmanitan, F|\n|poke|p1|Milotic, F|\n|poke|p1|Venusaur, F|\n|poke|p2|Crobat, M|\n|poke|p2|Corviknight, M|\n|poke|p2|Charizard, F|\n|poke|p2|Great Tusk|\n|poke|p2|Clodsire, F|\n|poke|p2|Heatran, M|\n|teampreview\n|\n|t:|1699831361\n|start\n|switch|p1a: Darmanitan|Darmanitan, F|100\/100\n|switch|p2a: Charizard|Charizard, F|100\/100\n|turn|1\n|\n|t:|1699831376\n|switch|p2a: Great Tusk|Great Tusk|100\/100\n|move|p1a: Darmanitan|U-turn|p2a: Great Tusk\n|-resisted|p2a: Great Tusk\n|-damage|p2a: Great Tusk|92\/100\n|\n|t:|1699831379\n|switch|p1a: Venusaur|Venusaur, F|100\/100|[from] U-turn\n|\n|upkeep\n|turn|2\n|\n|t:|1699831386\n|-end|p2a: Great Tusk|Protosynthesis|[silent]\n|switch|p2a: Clodsire|Clodsire, F|100\/100\n|detailschange|p1a: Venusaur|Venusaur-Mega, F\n|-mega|p1a: Venusaur|Venusaur|Venusaurite\n|move|p1a: Venusaur|Leech Seed|p2a: Clodsire\n|-start|p2a: Clodsire|move: Leech Seed\n|\n|-damage|p2a: Clodsire|88\/100|[from] Leech Seed|[of] p1a: Venusaur\n|upkeep\n|turn|3\n|\n|t:|1699831394\n|switch|p1a: Milotic|Milotic, F, shiny|100\/100\n|switch|p2a: Crobat|Crobat, M|100\/100\n|\n|-status|p1a: Milotic|brn|[from] item: Flame Orb\n|upkeep\n|turn|4\n|\n|t:|1699831412\n|switch|p2a: Clodsire|Clodsire, F|88\/100\n|move|p1a: Milotic|Scald|p2a: Clodsire\n|-heal|p2a: Clodsire|100\/100|[from] ability: Water Absorb|[of] p1a: Milotic\n|\n|-damage|p1a: Milotic|94\/100 brn|[from] brn\n|upkeep\n|turn|5\n|\n|t:|1699831421\n|move|p1a: Milotic|Ice Beam|p2a: Clodsire\n|-supereffective|p2a: Clodsire\n|-crit|p2a: Clodsire\n|-damage|p2a: Clodsire|69\/100\n|move|p2a: Clodsire|Stealth Rock|p1a: Milotic\n|-sidestart|p1: kaiot-adventure509|move: Stealth Rock\n|\n|-heal|p2a: Clodsire|75\/100|[from] item: Leftovers\n|-damage|p1a: Milotic|88\/100 brn|[from] brn\n|upkeep\n|turn|6\n|\n|t:|1699831430\n|move|p1a: Milotic|Ice Beam|p2a: Clodsire\n|-supereffective|p2a: Clodsire\n|-damage|p2a: Clodsire|54\/100\n|move|p2a: Clodsire|Earthquake|p1a: Milotic\n|-damage|p1a: Milotic|72\/100 brn\n|\n|-heal|p2a: Clodsire|60\/100|[from] item: Leftovers\n|-damage|p1a: Milotic|66\/100 brn|[from] brn\n|upkeep\n|turn|7\n|\n|t:|1699831438\n|move|p1a: Milotic|Ice Beam|p2a: Clodsire\n|-supereffective|p2a: Clodsire\n|-damage|p2a: Clodsire|37\/100\n|move|p2a: Clodsire|Earthquake|p1a: Milotic\n|-damage|p1a: Milotic|49\/100 brn\n|\n|-heal|p2a: Clodsire|43\/100|[from] item: Leftovers\n|-damage|p1a: Milotic|43\/100 brn|[from] brn\n|upkeep\n|turn|8\n|\n|t:|1699831446\n|move|p1a: Milotic|Recover|p1a: Milotic\n|-heal|p1a: Milotic|93\/100 brn\n|move|p2a: Clodsire|Recover|p2a: Clodsire\n|-heal|p2a: Clodsire|94\/100\n|\n|-heal|p2a: Clodsire|99\/100|[from] item: Leftovers\n|-damage|p1a: Milotic|87\/100 brn|[from] brn\n|upkeep\n|turn|9\n|\n|t:|1699831454\n|move|p1a: Milotic|Ice Beam|p2a: Clodsire\n|-supereffective|p2a: Clodsire\n|-damage|p2a: Clodsire|79\/100\n|move|p2a: Clodsire|Earthquake|p1a: Milotic\n|-damage|p1a: Milotic|72\/100 brn\n|\n|-heal|p2a: Clodsire|85\/100|[from] item: Leftovers\n|-damage|p1a: Milotic|66\/100 brn|[from] brn\n|upkeep\n|turn|10\n|\n|t:|1699831462\n|move|p1a: Milotic|Ice Beam|p2a: Clodsire\n|-supereffective|p2a: Clodsire\n|-crit|p2a: Clodsire\n|-damage|p2a: Clodsire|51\/100\n|move|p2a: Clodsire|Earthquake|p1a: Milotic\n|-damage|p1a: Milotic|52\/100 brn\n|\n|-heal|p2a: Clodsire|57\/100|[from] item: Leftovers\n|-damage|p1a: Milotic|45\/100 brn|[from] brn\n|upkeep\n|turn|11\n|\n|t:|1699831470\n|move|p1a: Milotic|Ice Beam|p2a: Clodsire\n|-supereffective|p2a: Clodsire\n|-damage|p2a: Clodsire|35\/100\n|move|p2a: Clodsire|Earthquake|p1a: Milotic\n|-damage|p1a: Milotic|30\/100 brn\n|\n|-heal|p2a: Clodsire|41\/100|[from] item: Leftovers\n|-damage|p1a: Milotic|24\/100 brn|[from] brn\n|upkeep\n|turn|12\n|\n|t:|1699831484\n|switch|p2a: Charizard|Charizard, F|100\/100\n|move|p1a: Milotic|Recover|p1a: Milotic\n|-heal|p1a: Milotic|74\/100 brn\n|\n|-damage|p1a: Milotic|68\/100 brn|[from] brn\n|upkeep\n|turn|13\n|\n|t:|1699831491\n|switch|p1a: Darmanitan|Darmanitan, F|100\/100\n|-damage|p1a: Darmanitan|76\/100|[from] Stealth Rock\n|detailschange|p2a: Charizard|Charizard-Mega-Y, F\n|-mega|p2a: Charizard|Charizard|Charizardite Y\n|-weather|SunnyDay|[from] ability: Drought|[of] p2a: Charizard\n|move|p2a: Charizard|Solar Beam||[still]\n|-prepare|p2a: Charizard|Solar Beam\n|-anim|p2a: Charizard|Solar Beam|p1a: Darmanitan\n|-resisted|p1a: Darmanitan\n|-damage|p1a: Darmanitan|35\/100\n|\n|-weather|SunnyDay|[upkeep]\n|upkeep\n|turn|14\n|\n|t:|1699831502\n|switch|p2a: Heatran|Heatran, M|100\/100\n|move|p1a: Darmanitan|Flare Blitz|p2a: Heatran\n|-start|p2a: Heatran|ability: Flash Fire\n|\n|-weather|SunnyDay|[upkeep]\n|upkeep\n|turn|15\n|\n|t:|1699831509\n|switch|p1a: Milotic|Milotic, F, shiny|68\/100 brn\n|-damage|p1a: Milotic|55\/100 brn|[from] Stealth Rock\n|move|p2a: Heatran|Eruption|p1a: Milotic\n|-resisted|p1a: Milotic\n|-damage|p1a: Milotic|0 fnt\n|faint|p1a: Milotic\n|\n|-weather|SunnyDay|[upkeep]\n|upkeep\n|\n|t:|1699831514\n|switch|p1a: ryder|Tyrantrum, M|100\/100\n|-damage|p1a: ryder|88\/100|[from] Stealth Rock\n|turn|16\n|inactive|Battle timer is ON: inactive players will automatically lose when time's up. (requested by kaiot-adventure509)\n|\n|t:|1699831522\n|-end|p2a: Heatran|ability: Flash Fire|[silent]\n|switch|p2a: Great Tusk|Great Tusk|92\/100\n|-activate|p2a: Great Tusk|ability: Protosynthesis\n|-start|p2a: Great Tusk|protosynthesisatk\n|move|p1a: ryder|Superpower|p2a: Great Tusk\n|-damage|p2a: Great Tusk|73\/100\n|-unboost|p1a: ryder|atk|1\n|-unboost|p1a: ryder|def|1\n|\n|-weather|SunnyDay|[upkeep]\n|upkeep\n|turn|17\n|\n|t:|1699831534\n|switch|p1a: Mandibuzz|Mandibuzz, F|100\/100\n|move|p2a: Great Tusk|Ice Spinner|p1a: Mandibuzz\n|-supereffective|p1a: Mandibuzz\n|-damage|p1a: Mandibuzz|52\/100\n|\n|-weather|none\n|-end|p2a: Great Tusk|Protosynthesis\n|upkeep\n|turn|18\n|\n|t:|1699831556\n|move|p2a: Great Tusk|Brick Break|p1a: Mandibuzz\n|-damage|p1a: Mandibuzz|27\/100\n|move|p1a: Mandibuzz|Roost|p1a: Mandibuzz\n|-heal|p1a: Mandibuzz|78\/100\n|-singleturn|p1a: Mandibuzz|move: Roost\n|\n|upkeep\n|turn|19\n|\n|t:|1699831574\n|-end|p2a: Great Tusk|Protosynthesis|[silent]\n|switch|p2a: Crobat|Crobat, M|100\/100\n|move|p1a: Mandibuzz|Defog|p2a: Crobat\n|-unboost|p2a: Crobat|evasion|1\n|-sideend|p1: kaiot-adventure509|Stealth Rock|[from] move: Defog|[of] p1a: Mandibuzz\n|\n|upkeep\n|turn|20\n|\n|t:|1699831582\n|switch|p1a: ryder|Tyrantrum, M|88\/100\n|move|p2a: Crobat|Hurricane|p1a: ryder\n|-resisted|p1a: ryder\n|-damage|p1a: ryder|51\/100\n|-damage|p2a: Crobat|91\/100|[from] item: Life Orb\n|\n|upkeep\n|turn|21\n|\n|t:|1699831589\n|switch|p2a: Great Tusk|Great Tusk|73\/100\n|move|p1a: ryder|Head Smash|p2a: Great Tusk\n|-resisted|p2a: Great Tusk\n|-damage|p2a: Great Tusk|63\/100\n|\n|upkeep\n|turn|22\n|\n|t:|1699831595\n|switch|p1a: Mamoswine|Mamoswine, F|100\/100\n|move|p2a: Great Tusk|Brick Break|p1a: Mamoswine\n|-supereffective|p1a: Mamoswine\n|-damage|p1a: Mamoswine|14\/100\n|\n|-heal|p1a: Mamoswine|20\/100|[from] item: Leftovers\n|upkeep\n|turn|23\n|\n|t:|1699831604\n|switch|p1a: Mandibuzz|Mandibuzz, F|78\/100\n|move|p2a: Great Tusk|Brick Break|p1a: Mandibuzz\n|-damage|p1a: Mandibuzz|51\/100\n|\n|upkeep\n|turn|24\n|\n|t:|1699831614\n|-end|p2a: Great Tusk|Protosynthesis|[silent]\n|switch|p2a: Corviknight|Corviknight, M|100\/100\n|move|p1a: Mandibuzz|Roost|p1a: Mandibuzz\n|-heal|p1a: Mandibuzz|100\/100\n|-singleturn|p1a: Mandibuzz|move: Roost\n|\n|upkeep\n|turn|25\n|\n|t:|1699831622\n|move|p1a: Mandibuzz|Foul Play|p2a: Corviknight\n|-damage|p2a: Corviknight|84\/100\n|-damage|p1a: Mandibuzz|84\/100|[from] item: Rocky Helmet|[of] p2a: Corviknight\n|move|p2a: Corviknight|Bulk Up|p2a: Corviknight\n|-boost|p2a: Corviknight|atk|1\n|-boost|p2a: Corviknight|def|1\n|\n|upkeep\n|turn|26\n|\n|t:|1699831629\n|switch|p1a: Darmanitan|Darmanitan, F|35\/100\n|move|p2a: Corviknight|Bulk Up|p2a: Corviknight\n|-boost|p2a: Corviknight|atk|1\n|-boost|p2a: Corviknight|def|1\n|\n|upkeep\n|turn|27\n|\n|t:|1699831639\n|switch|p2a: Heatran|Heatran, M|100\/100\n|move|p1a: Darmanitan|Flare Blitz|p2a: Heatran\n|-start|p2a: Heatran|ability: Flash Fire\n|\n|upkeep\n|turn|28\n|-message|kaiot-adventure509 forfeited.\n|\n|win|Skullmonkey\n|raw|kaiot-adventure509's rating: 1559 &rarr; <strong>1531<\/strong><br \/>(-28 for losing)\n|raw|Skullmonkey's rating: 1408 &rarr; <strong>1436<\/strong><br \/>(+28 for winning)\n|l|\u2606kaiot-adventure509\n|c|\u2606Skullmonkey|GG\n","uploadtime":1699831648,"views":20,"p1id":"kaiotadventure509","p2id":"skullmonkey","formatid":"gen9nationaldex","rating":1436,"private":0,"password":""}