{"id":"gen9nationaldex-1988614322","p1":"asoespresso","p2":"Professor Plex","format":"[Gen 9] National Dex","log":"|j|\u2606asoespresso\n|j|\u2606Professor Plex\n|inactive|Battle timer is ON: inactive players will automatically lose when time's up.\n|t:|1699742124\n|gametype|singles\n|player|p1|asoespresso|bede|\n|player|p2|Professor Plex|psychicf-gen4|\n|teamsize|p1|6\n|teamsize|p2|6\n|gen|9\n|tier|[Gen 9] National Dex\n|rated|Tournament battle\n|rule|HP Percentage Mod: HP is shown in percentages\n|rule|Endless Battle Clause: Forcing endless battles is banned\n|rule|OHKO Clause: OHKO moves are banned\n|rule|Evasion Clause: Evasion abilities, items, and moves are banned\n|rule|Evasion Abilities Clause: Evasion abilities are banned\n|rule|Evasion Items Clause: Evasion items are banned\n|rule|Evasion Moves Clause: Evasion moves are banned\n|rule|Species Clause: Limit one of each Pok\u00e9mon\n|rule|Sleep Clause Mod: Limit one foe put to sleep\n|clearpoke\n|poke|p1|Ogerpon-Wellspring, F|\n|poke|p1|Gliscor, F|\n|poke|p1|Heatran, F|\n|poke|p1|Alomomola, F|\n|poke|p1|Hydreigon, M|\n|poke|p1|Sneasler, F|\n|poke|p2|Gardevoir, F|\n|poke|p2|Tapu Lele|\n|poke|p2|Sneasler, M|\n|poke|p2|Dondozo, F|\n|poke|p2|Ferrothorn, F|\n|poke|p2|Gliscor, M|\n|teampreview\n|j| bageler\n|j| XerneasStan\n|c|\u2606asoespresso|hf\n|c|\u2606Professor Plex|u2\n|inactive|asoespresso has 120 seconds left.\n|\n|t:|1699742156\n|start\n|switch|p1a: connection|Sneasler, F|100\/100\n|switch|p2a: Gardevoir|Gardevoir, F|100\/100\n|turn|1\n|\n|t:|1699742168\n|switch|p2a: Gliscor|Gliscor, M|100\/100\n|move|p1a: connection|U-turn|p2a: Gliscor\n|-resisted|p2a: Gliscor\n|-damage|p2a: Gliscor|93\/100\n|l| bageler\n|\n|t:|1699742175\n|switch|p1a: UAREMYSPECIAL|Gliscor, F|100\/100|[from] U-turn\n|\n|-status|p1a: UAREMYSPECIAL|tox|[from] item: Toxic Orb\n|-status|p2a: Gliscor|tox|[from] item: Toxic Orb\n|upkeep\n|turn|2\n|j| HolyChomper\n|\n|t:|1699742179\n|move|p1a: UAREMYSPECIAL|U-turn|p2a: Gliscor\n|-resisted|p2a: Gliscor\n|-damage|p2a: Gliscor|89\/100 tox\n|\n|t:|1699742187\n|switch|p1a: connection|Sneasler, F|100\/100|[from] U-turn\n|move|p2a: Gliscor|Spikes|p1a: connection\n|-sidestart|p1: asoespresso|Spikes\n|\n|-heal|p2a: Gliscor|100\/100 tox|[from] ability: Poison Heal\n|upkeep\n|turn|3\n|\n|t:|1699742193\n|move|p1a: connection|U-turn|p2a: Gliscor\n|-resisted|p2a: Gliscor\n|-damage|p2a: Gliscor|93\/100 tox\n|\n|t:|1699742197\n|switch|p1a: UAREMYSPECIAL|Gliscor, F|100\/100 tox|[from] U-turn\n|move|p2a: Gliscor|Earthquake|p1a: UAREMYSPECIAL\n|-immune|p1a: UAREMYSPECIAL\n|\n|-heal|p2a: Gliscor|100\/100 tox|[from] ability: Poison Heal\n|upkeep\n|turn|4\n|\n|t:|1699742201\n|move|p1a: UAREMYSPECIAL|Defog|p2a: Gliscor\n|-unboost|p2a: Gliscor|evasion|1\n|-sideend|p1: asoespresso|Spikes|[from] move: Defog|[of] p1a: UAREMYSPECIAL\n|move|p2a: Gliscor|Spikes|p1a: UAREMYSPECIAL\n|-sidestart|p1: asoespresso|Spikes\n|\n|upkeep\n|turn|5\n|\n|t:|1699742205\n|move|p1a: UAREMYSPECIAL|Defog|p2a: Gliscor\n|-unboost|p2a: Gliscor|evasion|1\n|-sideend|p1: asoespresso|Spikes|[from] move: Defog|[of] p1a: UAREMYSPECIAL\n|move|p2a: Gliscor|Spikes|p1a: UAREMYSPECIAL\n|-sidestart|p1: asoespresso|Spikes\n|\n|upkeep\n|turn|6\n|\n|t:|1699742209\n|switch|p1a: WaVyyyyyyy|Ogerpon-Wellspring, F|100\/100\n|-damage|p1a: WaVyyyyyyy|88\/100|[from] Spikes\n|move|p2a: Gliscor|Spikes|p1a: WaVyyyyyyy\n|-sidestart|p1: asoespresso|Spikes\n|\n|upkeep\n|turn|7\n|\n|t:|1699742213\n|switch|p2a: Ferrothorn|Ferrothorn, F|100\/100\n|move|p1a: WaVyyyyyyy|Spikes|p2a: Ferrothorn\n|-sidestart|p2: Professor Plex|Spikes\n|\n|upkeep\n|turn|8\n|\n|t:|1699742218\n|switch|p1a: Amaterasu|Heatran, F|100\/100\n|-damage|p1a: Amaterasu|84\/100|[from] Spikes\n|move|p2a: Ferrothorn|Stealth Rock|p1a: Amaterasu\n|-sidestart|p1: asoespresso|move: Stealth Rock\n|\n|-heal|p1a: Amaterasu|90\/100|[from] item: Leftovers\n|upkeep\n|turn|9\n|\n|t:|1699742224\n|switch|p2a: Gliscor|Gliscor, M|100\/100 tox\n|move|p1a: Amaterasu|Stealth Rock|p2a: Gliscor\n|-sidestart|p2: Professor Plex|move: Stealth Rock\n|\n|-heal|p1a: Amaterasu|96\/100|[from] item: Leftovers\n|upkeep\n|turn|10\n|\n|t:|1699742236\n|switch|p1a: GOD DID|Alomomola, F|100\/100\n|-damage|p1a: GOD DID|84\/100|[from] Spikes\n|-damage|p1a: GOD DID|71\/100|[from] Stealth Rock\n|switch|p2a: Gardevoir|Gardevoir, F|100\/100\n|-damage|p2a: Gardevoir|88\/100|[from] Spikes\n|-damage|p2a: Gardevoir|76\/100|[from] Stealth Rock\n|\n|upkeep\n|turn|11\n|\n|t:|1699742245\n|detailschange|p2a: Gardevoir|Gardevoir-Mega, F\n|-mega|p2a: Gardevoir|Gardevoir|Gardevoirite\n|move|p2a: Gardevoir|Hyper Voice|p1a: GOD DID\n|-damage|p1a: GOD DID|10\/100\n|move|p1a: GOD DID|Flip Turn|p2a: Gardevoir\n|-damage|p2a: Gardevoir|50\/100\n|j| Y Alaben al Sol Y\n|\n|t:|1699742265\n|switch|p1a: WaVyyyyyyy|Ogerpon-Wellspring, F|88\/100|[from] Flip Turn\n|-damage|p1a: WaVyyyyyyy|72\/100|[from] Spikes\n|-damage|p1a: WaVyyyyyyy|59\/100|[from] Stealth Rock\n|\n|upkeep\n|turn|12\n|\n|t:|1699742270\n|switch|p1a: Amaterasu|Heatran, F|96\/100\n|-damage|p1a: Amaterasu|80\/100|[from] Spikes\n|-damage|p1a: Amaterasu|67\/100|[from] Stealth Rock\n|switch|p2a: Ferrothorn|Ferrothorn, F|100\/100\n|-damage|p2a: Ferrothorn|88\/100|[from] Spikes\n|-damage|p2a: Ferrothorn|82\/100|[from] Stealth Rock\n|\n|-heal|p1a: Amaterasu|74\/100|[from] item: Leftovers\n|-heal|p2a: Ferrothorn|88\/100|[from] item: Leftovers\n|upkeep\n|turn|13\n|\n|t:|1699742280\n|switch|p2a: Gliscor|Gliscor, M|100\/100 tox\n|-damage|p2a: Gliscor|88\/100 tox|[from] Stealth Rock\n|move|p1a: Amaterasu|Magma Storm|p2a: Gliscor\n|-damage|p2a: Gliscor|39\/100 tox\n|-activate|p2a: Gliscor|move: Magma Storm|[of] p1a: Amaterasu\n|\n|-heal|p1a: Amaterasu|80\/100|[from] item: Leftovers\n|-heal|p2a: Gliscor|51\/100 tox|[from] ability: Poison Heal\n|-damage|p2a: Gliscor|39\/100 tox|[from] move: Magma Storm|[partiallytrapped]\n|upkeep\n|turn|14\n|\n|t:|1699742289\n|switch|p1a: \ud83d\udc0d3HEADEDSNAKE\ud83d\udc0d|Hydreigon, M|100\/100\n|-damage|p1a: \ud83d\udc0d3HEADEDSNAKE\ud83d\udc0d|88\/100|[from] Stealth Rock\n|move|p2a: Gliscor|Roost|p2a: Gliscor\n|-heal|p2a: Gliscor|89\/100 tox\n|-singleturn|p2a: Gliscor|move: Roost\n|\n|-heal|p2a: Gliscor|100\/100 tox|[from] ability: Poison Heal\n|-end|p2a: Gliscor|Magma Storm|[partiallytrapped]|[silent]\n|upkeep\n|turn|15\n|\n|t:|1699742295\n|switch|p2a: Tapu Lele|Tapu Lele|100\/100\n|-damage|p2a: Tapu Lele|88\/100|[from] Spikes\n|-damage|p2a: Tapu Lele|76\/100|[from] Stealth Rock\n|-fieldstart|move: Psychic Terrain|[from] ability: Psychic Surge|[of] p2a: Tapu Lele\n|move|p1a: \ud83d\udc0d3HEADEDSNAKE\ud83d\udc0d|Dark Pulse|p2a: Tapu Lele\n|-damage|p2a: Tapu Lele|6\/100\n|\n|upkeep\n|turn|16\n|\n|t:|1699742306\n|switch|p1a: Amaterasu|Heatran, F|80\/100\n|-damage|p1a: Amaterasu|63\/100|[from] Spikes\n|-damage|p1a: Amaterasu|51\/100|[from] Stealth Rock\n|move|p2a: Tapu Lele|Moonblast|p1a: Amaterasu\n|-resisted|p1a: Amaterasu\n|-damage|p1a: Amaterasu|40\/100\n|\n|-heal|p1a: Amaterasu|47\/100|[from] item: Leftovers\n|upkeep\n|turn|17\n|\n|t:|1699742322\n|move|p2a: Tapu Lele|Moonblast|p1a: Amaterasu\n|-resisted|p1a: Amaterasu\n|-damage|p1a: Amaterasu|37\/100\n|move|p1a: Amaterasu|Taunt|p2a: Tapu Lele\n|-start|p2a: Tapu Lele|move: Taunt\n|\n|-heal|p1a: Amaterasu|43\/100|[from] item: Leftovers\n|upkeep\n|turn|18\n|\n|t:|1699742328\n|move|p2a: Tapu Lele|Moonblast|p1a: Amaterasu\n|-resisted|p1a: Amaterasu\n|-damage|p1a: Amaterasu|32\/100\n|-unboost|p1a: Amaterasu|spa|1\n|move|p1a: Amaterasu|Earth Power|p2a: Tapu Lele\n|-damage|p2a: Tapu Lele|0 fnt\n|faint|p2a: Tapu Lele\n|\n|-heal|p1a: Amaterasu|38\/100|[from] item: Leftovers\n|upkeep\n|j| XXMurdrXX\n|\n|t:|1699742331\n|switch|p2a: Sneasler|Sneasler, M|100\/100\n|-damage|p2a: Sneasler|88\/100|[from] Spikes\n|-damage|p2a: Sneasler|82\/100|[from] Stealth Rock\n|-enditem|p2a: Sneasler|Psychic Seed\n|-boost|p2a: Sneasler|spd|1|[from] item: Psychic Seed\n|turn|19\n|\n|t:|1699742340\n|move|p2a: Sneasler|Swords Dance|p2a: Sneasler\n|-boost|p2a: Sneasler|atk|2\n|move|p1a: Amaterasu|Magma Storm|p2a: Sneasler\n|-damage|p2a: Sneasler|55\/100\n|-activate|p2a: Sneasler|move: Magma Storm|[of] p1a: Amaterasu\n|\n|-heal|p1a: Amaterasu|44\/100|[from] item: Leftovers\n|-damage|p2a: Sneasler|43\/100|[from] move: Magma Storm|[partiallytrapped]\n|-fieldend|move: Psychic Terrain\n|upkeep\n|turn|20\n|\n|t:|1699742353\n|-terastallize|p2a: Sneasler|Flying\n|move|p2a: Sneasler|Acrobatics|p1a: Amaterasu\n|-resisted|p1a: Amaterasu\n|-damage|p1a: Amaterasu|0 fnt\n|faint|p1a: Amaterasu\n|\n|-end|p2a: Sneasler|Magma Storm|[partiallytrapped]|[silent]\n|upkeep\n|\n|t:|1699742358\n|switch|p1a: GOD DID|Alomomola, F|44\/100\n|-damage|p1a: GOD DID|27\/100|[from] Spikes\n|-damage|p1a: GOD DID|15\/100|[from] Stealth Rock\n|turn|21\n|\n|t:|1699742364\n|switch|p1a: UAREMYSPECIAL|Gliscor, F|100\/100 tox\n|-damage|p1a: UAREMYSPECIAL|88\/100 tox|[from] Stealth Rock\n|move|p2a: Sneasler|Substitute|p2a: Sneasler\n|-start|p2a: Sneasler|Substitute\n|-damage|p2a: Sneasler|18\/100\n|\n|-heal|p1a: UAREMYSPECIAL|100\/100 tox|[from] ability: Poison Heal\n|upkeep\n|turn|22\n|\n|t:|1699742376\n|move|p2a: Sneasler|Acrobatics|p1a: UAREMYSPECIAL\n|-damage|p1a: UAREMYSPECIAL|8\/100 tox\n|move|p1a: UAREMYSPECIAL|U-turn|p2a: Sneasler\n|-resisted|p2a: Sneasler\n|-activate|p2a: Sneasler|move: Substitute|[damage]\n|\n|t:|1699742383\n|switch|p1a: GOD DID|Alomomola, F|48\/100|[from] U-turn\n|-damage|p1a: GOD DID|31\/100|[from] Spikes\n|-damage|p1a: GOD DID|19\/100|[from] Stealth Rock\n|\n|upkeep\n|turn|23\n|\n|t:|1699742388\n|move|p2a: Sneasler|Gunk Shot|p1a: GOD DID\n|-damage|p1a: GOD DID|0 fnt\n|faint|p1a: GOD DID\n|\n|upkeep\n|c|\u2606asoespresso|fck\n|c|\u2606asoespresso|sub is new\n|\n|t:|1699742405\n|switch|p1a: connection|Sneasler, F|100\/100\n|-damage|p1a: connection|84\/100|[from] Spikes\n|-damage|p1a: connection|78\/100|[from] Stealth Rock\n|turn|24\n|\n|t:|1699742409\n|move|p2a: Sneasler|Acrobatics|p1a: connection\n|-supereffective|p1a: connection\n|-damage|p1a: connection|0 fnt\n|faint|p1a: connection\n|\n|upkeep\n|\n|t:|1699742412\n|switch|p1a: WaVyyyyyyy|Ogerpon-Wellspring, F|59\/100\n|-damage|p1a: WaVyyyyyyy|43\/100|[from] Spikes\n|-damage|p1a: WaVyyyyyyy|30\/100|[from] Stealth Rock\n|turn|25\n|\n|t:|1699742415\n|move|p2a: Sneasler|Acrobatics|p1a: WaVyyyyyyy\n|-supereffective|p1a: WaVyyyyyyy\n|-damage|p1a: WaVyyyyyyy|0 fnt\n|faint|p1a: WaVyyyyyyy\n|\n|upkeep\n|\n|t:|1699742419\n|switch|p1a: \ud83d\udc0d3HEADEDSNAKE\ud83d\udc0d|Hydreigon, M|88\/100\n|-damage|p1a: \ud83d\udc0d3HEADEDSNAKE\ud83d\udc0d|76\/100|[from] Stealth Rock\n|turn|26\n|\n|t:|1699742423\n|move|p2a: Sneasler|Acrobatics|p1a: \ud83d\udc0d3HEADEDSNAKE\ud83d\udc0d\n|-damage|p1a: \ud83d\udc0d3HEADEDSNAKE\ud83d\udc0d|0 fnt\n|faint|p1a: \ud83d\udc0d3HEADEDSNAKE\ud83d\udc0d\n|\n|upkeep\n|\n|t:|1699742427\n|switch|p1a: UAREMYSPECIAL|Gliscor, F|8\/100 tox\n|-damage|p1a: UAREMYSPECIAL|0 fnt|[from] Stealth Rock\n|faint|p1a: UAREMYSPECIAL\n|\n|win|Professor Plex\n|n|\u2606asoespresso|asoespresso\n|n|\u2606Professor Plex|professorplex\n|n| XerneasStan|xerneasstan\n|n| HolyChomper|holychomper\n|n| Y Alaben al Sol Y|yalabenalsoly\n|n| XXMurdrXX|xxmurdrxx\n","uploadtime":1699742428,"views":6,"p1id":"asoespresso","p2id":"professorplex","formatid":"gen9nationaldex","rating":0,"private":0,"password":""}