{"id":"gen9nationaldex-1989935588","p1":"wobens613","p2":"pzzs","format":"[Gen 9] National Dex","log":"|j|\u2606wobens613\n|j|\u2606pzzs\n|t:|1699908147\n|gametype|singles\n|player|p1|wobens613|hilda-masters|1545\n|player|p2|pzzs|janine|1506\n|teamsize|p1|6\n|teamsize|p2|6\n|gen|9\n|tier|[Gen 9] National Dex\n|rated|\n|rule|HP Percentage Mod: HP is shown in percentages\n|rule|Endless Battle Clause: Forcing endless battles is banned\n|rule|OHKO Clause: OHKO moves are banned\n|rule|Evasion Clause: Evasion abilities, items, and moves are banned\n|rule|Evasion Abilities Clause: Evasion abilities are banned\n|rule|Evasion Items Clause: Evasion items are banned\n|rule|Evasion Moves Clause: Evasion moves are banned\n|rule|Species Clause: Limit one of each Pok\u00e9mon\n|rule|Sleep Clause Mod: Limit one foe put to sleep\n|clearpoke\n|poke|p1|Gardevoir, M|\n|poke|p1|Blaziken, M|\n|poke|p1|Ting-Lu|\n|poke|p1|Nihilego|\n|poke|p1|Zapdos|\n|poke|p1|Kartana|\n|poke|p2|Zeraora|\n|poke|p2|Azumarill, F|\n|poke|p2|Victini|\n|poke|p2|Iron Moth|\n|poke|p2|Tapu Bulu|\n|poke|p2|Klefki, M|\n|teampreview\n|inactive|Battle timer is ON: inactive players will automatically lose when time's up. (requested by pzzs)\n|\n|t:|1699908154\n|start\n|switch|p1a: Ting-Lu|Ting-Lu|100\/100\n|switch|p2a: Tapu Bulu|Tapu Bulu|100\/100\n|-fieldstart|move: Grassy Terrain|[from] ability: Grassy Surge|[of] p2a: Tapu Bulu\n|-ability|p1a: Ting-Lu|Vessel of Ruin\n|turn|1\n|\n|t:|1699908160\n|move|p2a: Tapu Bulu|Bulk Up|p2a: Tapu Bulu\n|-boost|p2a: Tapu Bulu|atk|1\n|-boost|p2a: Tapu Bulu|def|1\n|move|p1a: Ting-Lu|Stealth Rock|p2a: Tapu Bulu\n|-sidestart|p2: pzzs|move: Stealth Rock\n|\n|upkeep\n|turn|2\n|\n|t:|1699908171\n|-terastallize|p1a: Ting-Lu|Poison\n|move|p2a: Tapu Bulu|Bulk Up|p2a: Tapu Bulu\n|-boost|p2a: Tapu Bulu|atk|1\n|-boost|p2a: Tapu Bulu|def|1\n|move|p1a: Ting-Lu|Whirlwind|p2a: Tapu Bulu\n|drag|p2a: Victini|Victini|100\/100\n|-damage|p2a: Victini|76\/100|[from] Stealth Rock\n|\n|-heal|p2a: Victini|82\/100|[from] Grassy Terrain\n|upkeep\n|turn|3\n|\n|t:|1699908183\n|move|p2a: Victini|Zen Headbutt|p1a: Ting-Lu\n|-supereffective|p1a: Ting-Lu\n|-damage|p1a: Ting-Lu|60\/100\n|move|p1a: Ting-Lu|Whirlwind|p2a: Victini\n|drag|p2a: Iron Moth|Iron Moth|100\/100\n|-damage|p2a: Iron Moth|76\/100|[from] Stealth Rock\n|\n|-heal|p2a: Iron Moth|82\/100|[from] Grassy Terrain\n|-heal|p1a: Ting-Lu|66\/100|[from] Grassy Terrain\n|-heal|p1a: Ting-Lu|72\/100|[from] item: Leftovers\n|upkeep\n|turn|4\n|\n|t:|1699908190\n|move|p2a: Iron Moth|Fiery Dance|p1a: Ting-Lu\n|-damage|p1a: Ting-Lu|53\/100\n|-boost|p2a: Iron Moth|spa|1\n|move|p1a: Ting-Lu|Whirlwind|p2a: Iron Moth\n|-end|p2a: Iron Moth|Quark Drive|[silent]\n|drag|p2a: Klefki|Klefki, M, shiny|100\/100\n|-damage|p2a: Klefki|95\/100|[from] Stealth Rock\n|\n|-heal|p1a: Ting-Lu|59\/100|[from] Grassy Terrain\n|-heal|p1a: Ting-Lu|65\/100|[from] item: Leftovers\n|-heal|p2a: Klefki|100\/100|[from] Grassy Terrain\n|upkeep\n|turn|5\n|\n|t:|1699908198\n|move|p2a: Klefki|Defog|p1a: Ting-Lu\n|-unboost|p1a: Ting-Lu|evasion|1\n|-sideend|p2: pzzs|Stealth Rock|[from] move: Defog|[of] p2a: Klefki\n|-fieldend|move: Grassy Terrain\n|move|p1a: Ting-Lu|Spikes|p2a: Klefki\n|-sidestart|p2: pzzs|Spikes\n|\n|-heal|p1a: Ting-Lu|71\/100|[from] item: Leftovers\n|upkeep\n|turn|6\n|\n|t:|1699908204\n|move|p2a: Klefki|Defog|p1a: Ting-Lu\n|-unboost|p1a: Ting-Lu|evasion|1\n|-sideend|p2: pzzs|Spikes|[from] move: Defog|[of] p2a: Klefki\n|move|p1a: Ting-Lu|Earthquake|p2a: Klefki\n|-supereffective|p2a: Klefki\n|-damage|p2a: Klefki|38\/100\n|\n|-heal|p1a: Ting-Lu|78\/100|[from] item: Leftovers\n|upkeep\n|turn|7\n|\n|t:|1699908212\n|move|p2a: Klefki|Switcheroo|p1a: Ting-Lu\n|-activate|p2a: Klefki|move: Trick|[of] p1a: Ting-Lu\n|-item|p1a: Ting-Lu|Iron Ball|[from] move: Switcheroo\n|-item|p2a: Klefki|Leftovers|[from] move: Switcheroo\n|move|p1a: Ting-Lu|Stealth Rock|p2a: Klefki\n|-sidestart|p2: pzzs|move: Stealth Rock\n|\n|-heal|p2a: Klefki|44\/100|[from] item: Leftovers\n|upkeep\n|turn|8\n|\n|t:|1699908221\n|move|p2a: Klefki|Defog|p1a: Ting-Lu\n|-unboost|p1a: Ting-Lu|evasion|1\n|-sideend|p2: pzzs|Stealth Rock|[from] move: Defog|[of] p2a: Klefki\n|move|p1a: Ting-Lu|Earthquake|p2a: Klefki\n|-supereffective|p2a: Klefki\n|-damage|p2a: Klefki|0 fnt\n|faint|p2a: Klefki\n|\n|upkeep\n|\n|t:|1699908231\n|switch|p2a: Zeraora|Zeraora|100\/100\n|turn|9\n|\n|t:|1699908235\n|move|p2a: Zeraora|Taunt|p1a: Ting-Lu\n|-start|p1a: Ting-Lu|move: Taunt\n|cant|p1a: Ting-Lu|move: Taunt|Stealth Rock\n|\n|upkeep\n|turn|10\n|\n|t:|1699908238\n|move|p2a: Zeraora|Volt Switch|p1a: Ting-Lu\n|-damage|p1a: Ting-Lu|67\/100\n|-damage|p2a: Zeraora|91\/100|[from] item: Life Orb\n|\n|t:|1699908243\n|switch|p2a: Azumarill|Azumarill, F|100\/100|[from] Volt Switch\n|move|p1a: Ting-Lu|Earthquake|p2a: Azumarill\n|-damage|p2a: Azumarill|64\/100\n|\n|upkeep\n|turn|11\n|\n|t:|1699908250\n|move|p2a: Azumarill|Power-Up Punch|p1a: Ting-Lu\n|-resisted|p1a: Ting-Lu\n|-damage|p1a: Ting-Lu|62\/100\n|-boost|p2a: Azumarill|atk|1\n|move|p1a: Ting-Lu|Earthquake|p2a: Azumarill\n|-damage|p2a: Azumarill|24\/100\n|\n|-end|p1a: Ting-Lu|move: Taunt\n|upkeep\n|turn|12\n|\n|t:|1699908257\n|move|p2a: Azumarill|Aqua Jet|p1a: Ting-Lu\n|-damage|p1a: Ting-Lu|43\/100\n|move|p1a: Ting-Lu|Earthquake|p2a: Azumarill\n|-damage|p2a: Azumarill|0 fnt\n|faint|p2a: Azumarill\n|\n|upkeep\n|\n|t:|1699908261\n|switch|p2a: Victini|Victini|82\/100\n|turn|13\n|\n|t:|1699908270\n|switch|p1a: Gardevoir|Gardevoir, M|100\/100\n|-ability|p1a: Gardevoir|Victory Star|[from] ability: Trace|[of] p2a: Victini\n|move|p2a: Victini|Zen Headbutt|p1a: Gardevoir\n|-resisted|p1a: Gardevoir\n|-damage|p1a: Gardevoir|72\/100\n|\n|upkeep\n|turn|14\n|\n|t:|1699908278\n|detailschange|p1a: Gardevoir|Gardevoir-Mega, M\n|-mega|p1a: Gardevoir|Gardevoir|Gardevoirite\n|move|p2a: Victini|V-create|p1a: Gardevoir\n|-damage|p1a: Gardevoir|0 fnt\n|-unboost|p2a: Victini|spe|1\n|-unboost|p2a: Victini|def|1\n|-unboost|p2a: Victini|spd|1\n|faint|p1a: Gardevoir\n|\n|upkeep\n|\n|t:|1699908285\n|switch|p1a: Nihilego|Nihilego|100\/100\n|turn|15\n|\n|t:|1699908300\n|switch|p2a: Zeraora|Zeraora|91\/100\n|move|p1a: Nihilego|Meteor Beam||[still]\n|-prepare|p1a: Nihilego|Meteor Beam\n|-boost|p1a: Nihilego|spa|1\n|-enditem|p1a: Nihilego|Power Herb\n|-anim|p1a: Nihilego|Meteor Beam|p2a: Zeraora\n|-damage|p2a: Zeraora|0 fnt\n|faint|p2a: Zeraora\n|-ability|p1a: Nihilego|Beast Boost|boost\n|-boost|p1a: Nihilego|spe|1\n|\n|upkeep\n|\n|t:|1699908311\n|switch|p2a: Tapu Bulu|Tapu Bulu|100\/100\n|-fieldstart|move: Grassy Terrain|[from] ability: Grassy Surge|[of] p2a: Tapu Bulu\n|turn|16\n|\n|t:|1699908322\n|-terastallize|p2a: Tapu Bulu|Steel\n|move|p1a: Nihilego|Power Gem|p2a: Tapu Bulu\n|-resisted|p2a: Tapu Bulu\n|-damage|p2a: Tapu Bulu|68\/100\n|move|p2a: Tapu Bulu|Zen Headbutt|p1a: Nihilego\n|-supereffective|p1a: Nihilego\n|-damage|p1a: Nihilego|5\/100\n|\n|-heal|p1a: Nihilego|11\/100|[from] Grassy Terrain\n|-heal|p2a: Tapu Bulu|74\/100|[from] Grassy Terrain\n|-heal|p2a: Tapu Bulu|80\/100|[from] item: Leftovers\n|upkeep\n|turn|17\n|\n|t:|1699908332\n|move|p1a: Nihilego|Hidden Power|p2a: Tapu Bulu\n|-supereffective|p2a: Tapu Bulu\n|-damage|p2a: Tapu Bulu|17\/100\n|move|p2a: Tapu Bulu|Zen Headbutt|p1a: Nihilego\n|-supereffective|p1a: Nihilego\n|-damage|p1a: Nihilego|0 fnt\n|faint|p1a: Nihilego\n|\n|-heal|p2a: Tapu Bulu|23\/100|[from] Grassy Terrain\n|-heal|p2a: Tapu Bulu|29\/100|[from] item: Leftovers\n|upkeep\n|\n|t:|1699908337\n|switch|p1a: Kartana|Kartana|100\/100\n|turn|18\n|\n|t:|1699908348\n|switch|p2a: Iron Moth|Iron Moth|82\/100\n|move|p1a: Kartana|Knock Off|p2a: Iron Moth\n|-damage|p2a: Iron Moth|12\/100\n|-enditem|p2a: Iron Moth|Choice Scarf|[from] move: Knock Off|[of] p1a: Kartana\n|\n|-heal|p2a: Iron Moth|18\/100|[from] Grassy Terrain\n|upkeep\n|turn|19\n|\n|t:|1699908356\n|move|p1a: Kartana|Knock Off|p2a: Iron Moth\n|-damage|p2a: Iron Moth|0 fnt\n|faint|p2a: Iron Moth\n|-end|p2a: Iron Moth|Quark Drive|[silent]\n|-ability|p1a: Kartana|Beast Boost|boost\n|-boost|p1a: Kartana|atk|1\n|\n|upkeep\n|\n|t:|1699908363\n|switch|p2a: Victini|Victini|82\/100\n|turn|20\n|\n|t:|1699908369\n|move|p1a: Kartana|Knock Off|p2a: Victini\n|-supereffective|p2a: Victini\n|-damage|p2a: Victini|2\/100\n|-zpower|p2a: Victini\n|move|p2a: Victini|Inferno Overdrive|p1a: Kartana|[zeffect]\n|-supereffective|p1a: Kartana\n|-damage|p1a: Kartana|0 fnt\n|faint|p1a: Kartana\n|\n|-heal|p2a: Victini|8\/100|[from] Grassy Terrain\n|-fieldend|move: Grassy Terrain\n|upkeep\n|\n|t:|1699908376\n|switch|p1a: Blaziken|Blaziken, M|100\/100\n|turn|21\n|\n|t:|1699908385\n|move|p2a: Victini|Zen Headbutt|p1a: Blaziken\n|-supereffective|p1a: Blaziken\n|-damage|p1a: Blaziken|3\/100\n|move|p1a: Blaziken|Flare Blitz|p2a: Victini\n|-resisted|p2a: Victini\n|-damage|p2a: Victini|0 fnt\n|faint|p2a: Victini\n|-damage|p1a: Blaziken|0 fnt|[from] Recoil\n|faint|p1a: Blaziken\n|\n|upkeep\n|\n|t:|1699908393\n|switch|p2a: Tapu Bulu|Tapu Bulu, tera:Steel|29\/100\n|switch|p1a: Zapdos|Zapdos|100\/100\n|-fieldstart|move: Grassy Terrain|[from] ability: Grassy Surge|[of] p2a: Tapu Bulu\n|turn|22\n|\n|t:|1699908400\n|move|p1a: Zapdos|Volt Switch|p2a: Tapu Bulu\n|-damage|p2a: Tapu Bulu|0 fnt\n|faint|p2a: Tapu Bulu\n|\n|win|wobens613\n|raw|wobens613's rating: 1545 &rarr; <strong>1563<\/strong><br \/>(+18 for winning)\n|raw|pzzs's rating: 1506 &rarr; <strong>1488<\/strong><br \/>(-18 for losing)\n|l|\u2606pzzs\n","uploadtime":1699908415,"views":4,"p1id":"wobens613","p2id":"pzzs","formatid":"gen9nationaldex","rating":1488,"private":0,"password":""}