{"id":"gen9nationaldex-1994555107","p1":"aquaman terrestre","p2":"Rinoss","format":"[Gen 9] National Dex","log":"|html|<div class=\"broadcast-blue\"><strong>[Gen 9] National Dex is currently suspecting Sneasler! For information on how to participate check out the <a href=\"https:\/\/www.smogon.com\/forums\/threads\/sv-national-dex-suspect-8-just-dance.3731534\/\">suspect thread<\/a>.<\/strong><\/div>\n|j|\u2606aquaman terrestre\n|j|\u2606Rinoss\n|t:|1700459084\n|gametype|singles\n|player|p1|aquaman terrestre|eusine|1149\n|player|p2|Rinoss|veteranf|1132\n|teamsize|p1|6\n|teamsize|p2|6\n|gen|9\n|tier|[Gen 9] National Dex\n|rated|\n|rule|HP Percentage Mod: HP is shown in percentages\n|rule|Endless Battle Clause: Forcing endless battles is banned\n|rule|OHKO Clause: OHKO moves are banned\n|rule|Evasion Clause: Evasion abilities, items, and moves are banned\n|rule|Evasion Abilities Clause: Evasion abilities are banned\n|rule|Evasion Items Clause: Evasion items are banned\n|rule|Evasion Moves Clause: Evasion moves are banned\n|rule|Species Clause: Limit one of each Pok\u00e9mon\n|rule|Sleep Clause Mod: Limit one foe put to sleep\n|clearpoke\n|poke|p1|Blastoise, M|\n|poke|p1|Magmortar, M|\n|poke|p1|Pidgeot, M|\n|poke|p1|Conkeldurr, M|\n|poke|p1|Tyrantrum, M|\n|poke|p1|Metagross|\n|poke|p2|Scizor, F|\n|poke|p2|Heatran, M|\n|poke|p2|Rillaboom, F|\n|poke|p2|Iron Valiant|\n|poke|p2|Great Tusk|\n|poke|p2|Rotom-Wash|\n|teampreview\n|\n|t:|1700459096\n|start\n|switch|p1a: Tyrantrum|Tyrantrum, M|100\/100\n|switch|p2a: Rotom|Rotom-Wash|100\/100\n|turn|1\n|\n|t:|1700459118\n|move|p1a: Tyrantrum|Scale Shot|p2a: Rotom\n|-damage|p2a: Rotom|91\/100\n|-damage|p2a: Rotom|81\/100\n|-hitcount|p2a: Rotom|2\n|-unboost|p1a: Tyrantrum|def|1\n|-boost|p1a: Tyrantrum|spe|1\n|move|p2a: Rotom|Thunder Wave|p1a: Tyrantrum\n|-status|p1a: Tyrantrum|par\n|-enditem|p1a: Tyrantrum|Lum Berry|[eat]\n|-curestatus|p1a: Tyrantrum|par|[msg]\n|\n|-heal|p2a: Rotom|88\/100|[from] item: Leftovers\n|upkeep\n|turn|2\n|\n|t:|1700459148\n|switch|p1a: Conkeldurr|Conkeldurr, M|100\/100\n|move|p2a: Rotom|Thunder Wave|p1a: Conkeldurr\n|-status|p1a: Conkeldurr|par\n|\n|-heal|p2a: Rotom|94\/100|[from] item: Leftovers\n|upkeep\n|turn|3\n|\n|t:|1700459158\n|move|p2a: Rotom|Pain Split|p1a: Conkeldurr\n|-sethp|p1a: Conkeldurr|91\/100 par|[from] move: Pain Split|[silent]\n|-sethp|p2a: Rotom|100\/100|[from] move: Pain Split\n|move|p1a: Conkeldurr|Bulk Up|p1a: Conkeldurr\n|-boost|p1a: Conkeldurr|atk|1\n|-boost|p1a: Conkeldurr|def|1\n|\n|upkeep\n|turn|4\n|\n|t:|1700459170\n|move|p2a: Rotom|Volt Switch|p1a: Conkeldurr\n|-damage|p1a: Conkeldurr|54\/100 par\n|\n|t:|1700459178\n|switch|p2a: Scizor|Scizor, F|100\/100|[from] Volt Switch\n|cant|p1a: Conkeldurr|par\n|\n|upkeep\n|turn|5\n|\n|t:|1700459184\n|detailschange|p2a: Scizor|Scizor-Mega, F\n|-mega|p2a: Scizor|Scizor|Scizorite\n|move|p2a: Scizor|U-turn|p1a: Conkeldurr\n|-resisted|p1a: Conkeldurr\n|-damage|p1a: Conkeldurr|42\/100 par\n|\n|t:|1700459187\n|switch|p2a: Rillaboom|Rillaboom, F|100\/100|[from] U-turn\n|-fieldstart|move: Grassy Terrain|[from] ability: Grassy Surge|[of] p2a: Rillaboom\n|move|p1a: Conkeldurr|Facade|p2a: Rillaboom\n|-damage|p2a: Rillaboom|0 fnt\n|faint|p2a: Rillaboom\n|\n|-heal|p1a: Conkeldurr|48\/100 par|[from] Grassy Terrain\n|upkeep\n|inactive|Battle timer is ON: inactive players will automatically lose when time's up. (requested by Rinoss)\n|\n|t:|1700459196\n|switch|p2a: Iron Valiant|Iron Valiant|100\/100\n|turn|6\n|\n|t:|1700459203\n|move|p2a: Iron Valiant|Moonblast|p1a: Conkeldurr\n|-supereffective|p1a: Conkeldurr\n|-crit|p1a: Conkeldurr\n|-damage|p1a: Conkeldurr|0 fnt\n|faint|p1a: Conkeldurr\n|\n|upkeep\n|\n|t:|1700459210\n|switch|p1a: Blastoise|Blastoise, M|100\/100\n|turn|7\n|\n|t:|1700459214\n|move|p1a: Blastoise|Fake Out|p2a: Iron Valiant\n|-damage|p2a: Iron Valiant|87\/100\n|cant|p2a: Iron Valiant|flinch\n|\n|-heal|p2a: Iron Valiant|93\/100|[from] Grassy Terrain\n|upkeep\n|turn|8\n|\n|t:|1700459223\n|move|p2a: Iron Valiant|Thunderbolt|p1a: Blastoise\n|-supereffective|p1a: Blastoise\n|-damage|p1a: Blastoise|39\/100\n|move|p1a: Blastoise|Aqua Tail|p2a: Iron Valiant\n|-damage|p2a: Iron Valiant|43\/100\n|\n|-heal|p2a: Iron Valiant|49\/100|[from] Grassy Terrain\n|-heal|p1a: Blastoise|46\/100|[from] Grassy Terrain\n|upkeep\n|turn|9\n|\n|t:|1700459240\n|switch|p1a: Metagross|Metagross|100\/100\n|move|p2a: Iron Valiant|Thunderbolt|p1a: Metagross\n|-damage|p1a: Metagross|72\/100\n|\n|-heal|p2a: Iron Valiant|56\/100|[from] Grassy Terrain\n|-heal|p1a: Metagross|78\/100|[from] Grassy Terrain\n|-heal|p1a: Metagross|84\/100|[from] item: Leftovers\n|-fieldend|move: Grassy Terrain\n|upkeep\n|turn|10\n|\n|t:|1700459250\n|-end|p2a: Iron Valiant|Quark Drive|[silent]\n|switch|p2a: Heatran|Heatran, M|100\/100\n|move|p1a: Metagross|Meteor Mash|p2a: Heatran\n|-resisted|p2a: Heatran\n|-damage|p2a: Heatran|92\/100\n|\n|-heal|p1a: Metagross|90\/100|[from] item: Leftovers\n|-heal|p2a: Heatran|98\/100|[from] item: Leftovers\n|upkeep\n|turn|11\n|\n|t:|1700459260\n|move|p1a: Metagross|Earthquake|p2a: Heatran\n|-supereffective|p2a: Heatran\n|-damage|p2a: Heatran|0 fnt\n|faint|p2a: Heatran\n|\n|-heal|p1a: Metagross|96\/100|[from] item: Leftovers\n|upkeep\n|\n|t:|1700459269\n|switch|p2a: Great Tusk|Great Tusk|100\/100\n|turn|12\n|\n|t:|1700459280\n|move|p2a: Great Tusk|Headlong Rush|p1a: Metagross\n|-supereffective|p1a: Metagross\n|-damage|p1a: Metagross|0 fnt\n|-unboost|p2a: Great Tusk|def|1\n|-unboost|p2a: Great Tusk|spd|1\n|faint|p1a: Metagross\n|\n|upkeep\n|\n|t:|1700459288\n|switch|p1a: Blastoise|Blastoise, M|46\/100\n|turn|13\n|\n|t:|1700459296\n|-end|p2a: Great Tusk|Protosynthesis|[silent]\n|switch|p2a: Rotom|Rotom-Wash|100\/100\n|move|p1a: Blastoise|Fake Out|p2a: Rotom\n|-damage|p2a: Rotom|92\/100\n|\n|-heal|p2a: Rotom|98\/100|[from] item: Leftovers\n|upkeep\n|turn|14\n|\n|t:|1700459308\n|move|p2a: Rotom|Thunder Wave|p1a: Blastoise|[miss]\n|-miss|p2a: Rotom|p1a: Blastoise\n|move|p1a: Blastoise|Rapid Spin|p2a: Rotom\n|-damage|p2a: Rotom|87\/100\n|-boost|p1a: Blastoise|spe|1\n|\n|-heal|p2a: Rotom|93\/100|[from] item: Leftovers\n|upkeep\n|turn|15\n|\n|t:|1700459317\n|move|p1a: Blastoise|Rapid Spin|p2a: Rotom\n|-damage|p2a: Rotom|82\/100\n|-boost|p1a: Blastoise|spe|1\n|move|p2a: Rotom|Thunder Wave|p1a: Blastoise\n|-status|p1a: Blastoise|par\n|\n|-heal|p2a: Rotom|88\/100|[from] item: Leftovers\n|upkeep\n|turn|16\n|\n|t:|1700459326\n|move|p2a: Rotom|Volt Switch|p1a: Blastoise\n|-supereffective|p1a: Blastoise\n|-crit|p1a: Blastoise\n|-damage|p1a: Blastoise|0 fnt\n|faint|p1a: Blastoise\n|\n|t:|1700459336\n|switch|p2a: Great Tusk|Great Tusk|100\/100|[from] Volt Switch\n|\n|upkeep\n|\n|t:|1700459341\n|switch|p1a: Pidgeot|Pidgeot, M|100\/100\n|turn|17\n|\n|t:|1700459351\n|-end|p2a: Great Tusk|Protosynthesis|[silent]\n|switch|p2a: Scizor|Scizor-Mega, F|100\/100\n|detailschange|p1a: Pidgeot|Pidgeot-Mega, M\n|-mega|p1a: Pidgeot|Pidgeot|Pidgeotite\n|move|p1a: Pidgeot|Hurricane|p2a: Scizor\n|-crit|p2a: Scizor\n|-damage|p2a: Scizor|18\/100\n|\n|upkeep\n|turn|18\n|\n|t:|1700459372\n|move|p2a: Scizor|Bullet Punch|p1a: Pidgeot\n|-damage|p1a: Pidgeot|59\/100\n|move|p1a: Pidgeot|Heat Wave|p2a: Scizor\n|-supereffective|p2a: Scizor\n|-damage|p2a: Scizor|0 fnt\n|faint|p2a: Scizor\n|\n|upkeep\n|\n|t:|1700459378\n|switch|p2a: Great Tusk|Great Tusk|100\/100\n|turn|19\n|\n|t:|1700459381\n|-terastallize|p2a: Great Tusk|Water\n|move|p1a: Pidgeot|Hurricane|p2a: Great Tusk\n|-damage|p2a: Great Tusk|18\/100\n|-start|p2a: Great Tusk|confusion\n|-activate|p2a: Great Tusk|confusion\n|-damage|p2a: Great Tusk|7\/100|[from] confusion\n|\n|upkeep\n|turn|20\n|\n|t:|1700459389\n|move|p1a: Pidgeot|Heat Wave|p2a: Great Tusk\n|-resisted|p2a: Great Tusk\n|-damage|p2a: Great Tusk|0 fnt\n|faint|p2a: Great Tusk\n|-end|p2a: Great Tusk|Protosynthesis|[silent]\n|\n|upkeep\n|\n|t:|1700459395\n|switch|p2a: Rotom|Rotom-Wash|88\/100\n|turn|21\n|\n|t:|1700459398\n|move|p1a: Pidgeot|U-turn|p2a: Rotom\n|-damage|p2a: Rotom|79\/100\n|\n|t:|1700459403\n|switch|p1a: Magmortar|Magmortar, M|100\/100|[from] U-turn\n|move|p2a: Rotom|Thunder Wave|p1a: Magmortar\n|-status|p1a: Magmortar|par\n|\n|-heal|p2a: Rotom|85\/100|[from] item: Leftovers\n|upkeep\n|turn|22\n|\n|t:|1700459413\n|move|p2a: Rotom|Hydro Pump|p1a: Magmortar\n|-supereffective|p1a: Magmortar\n|-damage|p1a: Magmortar|12\/100 par\n|move|p1a: Magmortar|Thunderbolt|p2a: Rotom\n|-damage|p2a: Rotom|35\/100\n|\n|-heal|p2a: Rotom|41\/100|[from] item: Leftovers\n|upkeep\n|turn|23\n|\n|t:|1700459422\n|move|p2a: Rotom|Volt Switch|p1a: Magmortar\n|-damage|p1a: Magmortar|0 fnt\n|faint|p1a: Magmortar\n|\n|t:|1700459424\n|switch|p2a: Iron Valiant|Iron Valiant|56\/100|[from] Volt Switch\n|\n|upkeep\n|\n|t:|1700459432\n|switch|p1a: Pidgeot|Pidgeot-Mega, M|59\/100\n|turn|24\n|\n|t:|1700459447\n|move|p1a: Pidgeot|Hurricane|p2a: Iron Valiant\n|-supereffective|p2a: Iron Valiant\n|-crit|p2a: Iron Valiant\n|-damage|p2a: Iron Valiant|0 fnt\n|faint|p2a: Iron Valiant\n|-end|p2a: Iron Valiant|Quark Drive|[silent]\n|\n|upkeep\n|\n|t:|1700459449\n|switch|p2a: Rotom|Rotom-Wash|41\/100\n|turn|25\n|\n|t:|1700459467\n|move|p1a: Pidgeot|Hurricane|p2a: Rotom\n|-resisted|p2a: Rotom\n|-damage|p2a: Rotom|8\/100\n|move|p2a: Rotom|Pain Split|p1a: Pidgeot\n|-sethp|p1a: Pidgeot|34\/100|[from] move: Pain Split|[silent]\n|-sethp|p2a: Rotom|34\/100|[from] move: Pain Split\n|\n|-heal|p2a: Rotom|40\/100|[from] item: Leftovers\n|upkeep\n|turn|26\n|\n|t:|1700459477\n|move|p1a: Pidgeot|Hurricane|p2a: Rotom\n|-resisted|p2a: Rotom\n|-damage|p2a: Rotom|9\/100\n|move|p2a: Rotom|Volt Switch|p1a: Pidgeot\n|-supereffective|p1a: Pidgeot\n|-damage|p1a: Pidgeot|0 fnt\n|faint|p1a: Pidgeot\n|\n|-heal|p2a: Rotom|16\/100|[from] item: Leftovers\n|upkeep\n|inactive|aquaman terrestre has 120 seconds left.\n|\n|t:|1700459506\n|switch|p1a: Tyrantrum|Tyrantrum, M|100\/100\n|turn|27\n|\n|t:|1700459510\n|move|p1a: Tyrantrum|Scale Shot|p2a: Rotom\n|-damage|p2a: Rotom|5\/100\n|-damage|p2a: Rotom|0 fnt\n|faint|p2a: Rotom\n|-hitcount|p2: Rotom|2\n|\n|win|aquaman terrestre\n|raw|aquaman terrestre's rating: 1149 &rarr; <strong>1173<\/strong><br \/>(+24 for winning)\n|raw|Rinoss's rating: 1132 &rarr; <strong>1108<\/strong><br \/>(-24 for losing)\n|l|\u2606Rinoss\n|c|\u2606aquaman terrestre|gg\n","uploadtime":1700459519,"views":5,"p1id":"aquamanterrestre","p2id":"rinoss","formatid":"gen9nationaldex","rating":1108,"private":0,"password":""}