{"id":"gen9nationaldex-1997934104","p1":"Pokeinny","p2":"BetaBros","format":"[Gen 9] National Dex","log":"|html|<div class=\"broadcast-blue\"><strong>[Gen 9] National Dex is currently suspecting Sneasler! For information on how to participate check out the <a href=\"https:\/\/www.smogon.com\/forums\/threads\/sv-national-dex-suspect-8-just-dance.3731534\/\">suspect thread<\/a>.<\/strong><\/div>\n|j|\u2606Pokeinny\n|j|\u2606BetaBros\n|t:|1700869212\n|gametype|singles\n|player|p1|Pokeinny|hilda|1164\n|player|p2|BetaBros|grimsley|1167\n|teamsize|p1|6\n|teamsize|p2|6\n|gen|9\n|tier|[Gen 9] National Dex\n|rated|\n|rule|HP Percentage Mod: HP is shown in percentages\n|rule|Endless Battle Clause: Forcing endless battles is banned\n|rule|OHKO Clause: OHKO moves are banned\n|rule|Evasion Clause: Evasion abilities, items, and moves are banned\n|rule|Evasion Abilities Clause: Evasion abilities are banned\n|rule|Evasion Items Clause: Evasion items are banned\n|rule|Evasion Moves Clause: Evasion moves are banned\n|rule|Species Clause: Limit one of each Pok\u00e9mon\n|rule|Sleep Clause Mod: Limit one foe put to sleep\n|clearpoke\n|poke|p1|Lokix, M|\n|poke|p1|Clodsire, M|\n|poke|p1|Garganacl, M|\n|poke|p1|Azumarill, F|\n|poke|p1|Great Tusk|\n|poke|p1|Charizard, M|\n|poke|p2|Lurantis, M|\n|poke|p2|Swoobat, F|\n|poke|p2|Arctovish|\n|poke|p2|Ninetales-Alola, M|\n|poke|p2|Cloyster, M|\n|poke|p2|Ceruledge, F|\n|teampreview\n|inactive|Battle timer is ON: inactive players will automatically lose when time's up. (requested by BetaBros)\n|\n|t:|1700869220\n|start\n|switch|p1a: Garganacl|Garganacl, M|100\/100\n|switch|p2a: Ninetales|Ninetales-Alola, M|100\/100\n|-weather|Snow|[from] ability: Snow Warning|[of] p2a: Ninetales\n|turn|1\n|\n|t:|1700869233\n|move|p2a: Ninetales|Aurora Veil|p2a: Ninetales\n|-sidestart|p2: BetaBros|move: Aurora Veil\n|move|p1a: Garganacl|Stealth Rock|p2a: Ninetales\n|-sidestart|p2: BetaBros|move: Stealth Rock\n|\n|-weather|Snow|[upkeep]\n|upkeep\n|turn|2\n|\n|t:|1700869252\n|switch|p2a: Arctovish|Arctovish|100\/100\n|-damage|p2a: Arctovish|76\/100|[from] Stealth Rock\n|-terastallize|p1a: Garganacl|Ghost\n|move|p1a: Garganacl|Salt Cure|p2a: Arctovish\n|-supereffective|p2a: Arctovish\n|-damage|p2a: Arctovish|66\/100\n|-start|p2a: Arctovish|Salt Cure\n|\n|-weather|Snow|[upkeep]\n|-heal|p2a: Arctovish|72\/100|[from] item: Leftovers\n|-damage|p2a: Arctovish|47\/100|[from] Salt Cure\n|upkeep\n|turn|3\n|\n|t:|1700869270\n|-terastallize|p2a: Arctovish|Water\n|move|p2a: Arctovish|Fishious Rend|p1a: Garganacl\n|-damage|p1a: Garganacl|53\/100\n|-damage|p2a: Arctovish|31\/100|[from] item: Rocky Helmet|[of] p1a: Garganacl\n|move|p1a: Garganacl|Body Press|p2a: Arctovish\n|-damage|p2a: Arctovish|14\/100\n|\n|-weather|Snow|[upkeep]\n|-heal|p2a: Arctovish|20\/100|[from] item: Leftovers\n|-damage|p2a: Arctovish|0 fnt|[from] Salt Cure\n|faint|p2a: Arctovish\n|upkeep\n|\n|t:|1700869292\n|switch|p2a: Lurantis|Lurantis, M|100\/100\n|-damage|p2a: Lurantis|88\/100|[from] Stealth Rock\n|turn|4\n|\n|t:|1700869305\n|switch|p1a: Clodsire|Clodsire, M|100\/100\n|move|p2a: Lurantis|Knock Off|p1a: Clodsire\n|-damage|p1a: Clodsire|68\/100\n|-enditem|p1a: Clodsire|Leftovers|[from] move: Knock Off|[of] p2a: Lurantis\n|\n|-weather|Snow|[upkeep]\n|-heal|p2a: Lurantis|94\/100|[from] item: Leftovers\n|upkeep\n|turn|5\n|\n|t:|1700869317\n|move|p2a: Lurantis|Superpower|p1a: Clodsire\n|-resisted|p1a: Clodsire\n|-damage|p1a: Clodsire|44\/100\n|-boost|p2a: Lurantis|atk|1\n|-boost|p2a: Lurantis|def|1\n|move|p1a: Clodsire|Recover|p1a: Clodsire\n|-heal|p1a: Clodsire|94\/100\n|\n|-weather|Snow|[upkeep]\n|-heal|p2a: Lurantis|99\/100|[from] item: Leftovers\n|-sideend|p2: BetaBros|move: Aurora Veil\n|upkeep\n|turn|6\n|\n|t:|1700869329\n|move|p2a: Lurantis|Leaf Blade|p1a: Clodsire\n|-crit|p1a: Clodsire\n|-damage|p1a: Clodsire|0 fnt\n|faint|p1a: Clodsire\n|\n|-weather|Snow|[upkeep]\n|-heal|p2a: Lurantis|100\/100|[from] item: Leftovers\n|upkeep\n|\n|t:|1700869341\n|switch|p1a: Charizard|Charizard, M|100\/100\n|turn|7\n|\n|t:|1700869348\n|detailschange|p1a: Charizard|Charizard-Mega-Y, M\n|-mega|p1a: Charizard|Charizard|Charizardite Y\n|-weather|SunnyDay|[from] ability: Drought|[of] p1a: Charizard\n|move|p1a: Charizard|Weather Ball|p2a: Lurantis\n|-supereffective|p2a: Lurantis\n|-damage|p2a: Lurantis|0 fnt\n|faint|p2a: Lurantis\n|\n|-weather|SunnyDay|[upkeep]\n|upkeep\n|\n|t:|1700869360\n|switch|p2a: Ninetales|Ninetales-Alola, M|100\/100\n|-damage|p2a: Ninetales|76\/100|[from] Stealth Rock\n|-weather|Snow|[from] ability: Snow Warning|[of] p2a: Ninetales\n|turn|8\n|\n|t:|1700869375\n|move|p2a: Ninetales|Aurora Veil|p2a: Ninetales\n|-sidestart|p2: BetaBros|move: Aurora Veil\n|move|p1a: Charizard|Weather Ball|p2a: Ninetales\n|-resisted|p2a: Ninetales\n|-damage|p2a: Ninetales|63\/100\n|\n|-weather|Snow|[upkeep]\n|upkeep\n|turn|9\n|\n|t:|1700869393\n|switch|p2a: Swoobat|Swoobat, F|100\/100\n|-damage|p2a: Swoobat|76\/100|[from] Stealth Rock\n|move|p1a: Charizard|Will-O-Wisp|p2a: Swoobat\n|-status|p2a: Swoobat|brn\n|\n|-weather|Snow|[upkeep]\n|-damage|p2a: Swoobat|70\/100 brn|[from] brn\n|upkeep\n|turn|10\n|\n|t:|1700869405\n|move|p2a: Swoobat|Calm Mind|p2a: Swoobat\n|-boost|p2a: Swoobat|spa|2\n|-boost|p2a: Swoobat|spd|2\n|move|p1a: Charizard|Weather Ball|p2a: Swoobat\n|-supereffective|p2a: Swoobat\n|-damage|p2a: Swoobat|30\/100 brn\n|\n|-weather|Snow|[upkeep]\n|-damage|p2a: Swoobat|24\/100 brn|[from] brn\n|upkeep\n|turn|11\n|\n|t:|1700869414\n|move|p2a: Swoobat|Stored Power|p1a: Charizard\n|-damage|p1a: Charizard|25\/100\n|move|p1a: Charizard|Weather Ball|p2a: Swoobat\n|-supereffective|p2a: Swoobat\n|-damage|p2a: Swoobat|0 fnt\n|faint|p2a: Swoobat\n|\n|-weather|Snow|[upkeep]\n|upkeep\n|\n|t:|1700869423\n|switch|p2a: Cloyster|Cloyster, M|100\/100\n|-damage|p2a: Cloyster|76\/100|[from] Stealth Rock\n|turn|12\n|inactive|Pokeinny has 120 seconds left.\n|\n|t:|1700869457\n|switch|p1a: Azumarill|Azumarill, F|100\/100\n|move|p2a: Cloyster|Shell Smash|p2a: Cloyster\n|-unboost|p2a: Cloyster|def|1\n|-unboost|p2a: Cloyster|spd|1\n|-boost|p2a: Cloyster|atk|2\n|-boost|p2a: Cloyster|spa|2\n|-boost|p2a: Cloyster|spe|2\n|-enditem|p2a: Cloyster|White Herb\n|-clearnegativeboost|p2a: Cloyster|[silent]\n|\n|-weather|Snow|[upkeep]\n|-sideend|p2: BetaBros|move: Aurora Veil\n|upkeep\n|turn|13\n|inactive|Pokeinny has 120 seconds left.\n|\n|t:|1700869474\n|move|p2a: Cloyster|Icicle Spear|p1a: Azumarill\n|-resisted|p1a: Azumarill\n|-damage|p1a: Azumarill|89\/100\n|-resisted|p1a: Azumarill\n|-damage|p1a: Azumarill|77\/100\n|-resisted|p1a: Azumarill\n|-crit|p1a: Azumarill\n|-damage|p1a: Azumarill|61\/100\n|-resisted|p1a: Azumarill\n|-damage|p1a: Azumarill|49\/100\n|-resisted|p1a: Azumarill\n|-damage|p1a: Azumarill|37\/100\n|-hitcount|p1a: Azumarill|5\n|move|p1a: Azumarill|Play Rough|p2a: Cloyster\n|-damage|p2a: Cloyster|43\/100\n|\n|-weather|Snow|[upkeep]\n|upkeep\n|turn|14\n|inactive|Pokeinny has 120 seconds left.\n|\n|t:|1700869489\n|move|p1a: Azumarill|Aqua Jet|p2a: Cloyster\n|-resisted|p2a: Cloyster\n|-damage|p2a: Cloyster|35\/100\n|move|p2a: Cloyster|Icicle Spear|p1a: Azumarill\n|-resisted|p1a: Azumarill\n|-damage|p1a: Azumarill|25\/100\n|-resisted|p1a: Azumarill\n|-damage|p1a: Azumarill|14\/100\n|-resisted|p1a: Azumarill\n|-damage|p1a: Azumarill|3\/100\n|-resisted|p1a: Azumarill\n|-damage|p1a: Azumarill|0 fnt\n|faint|p1a: Azumarill\n|-hitcount|p1: Azumarill|4\n|\n|-weather|Snow|[upkeep]\n|upkeep\n|\n|t:|1700869510\n|switch|p1a: Garganacl|Garganacl, M, tera:Ghost|53\/100\n|turn|15\n|\n|t:|1700869514\n|move|p2a: Cloyster|Icicle Spear|p1a: Garganacl\n|-crit|p1a: Garganacl\n|-damage|p1a: Garganacl|34\/100\n|-damage|p1a: Garganacl|23\/100\n|-damage|p1a: Garganacl|12\/100\n|-damage|p1a: Garganacl|0 fnt\n|faint|p1a: Garganacl\n|-hitcount|p1: Garganacl|4\n|\n|-weather|none\n|upkeep\n|\n|t:|1700869526\n|switch|p1a: Great Tusk|Great Tusk|100\/100\n|-enditem|p1a: Great Tusk|Booster Energy\n|-activate|p1a: Great Tusk|ability: Protosynthesis|[fromitem]\n|-start|p1a: Great Tusk|protosynthesisatk\n|turn|16\n|\n|t:|1700869534\n|move|p2a: Cloyster|Icicle Spear|p1a: Great Tusk\n|-supereffective|p1a: Great Tusk\n|-damage|p1a: Great Tusk|68\/100\n|-supereffective|p1a: Great Tusk\n|-damage|p1a: Great Tusk|34\/100\n|-supereffective|p1a: Great Tusk\n|-damage|p1a: Great Tusk|1\/100\n|-supereffective|p1a: Great Tusk\n|-damage|p1a: Great Tusk|0 fnt\n|faint|p1a: Great Tusk\n|-end|p1a: Great Tusk|Protosynthesis|[silent]\n|-hitcount|p1: Great Tusk|4\n|\n|upkeep\n|\n|t:|1700869543\n|switch|p1a: Charizard|Charizard-Mega-Y, M|25\/100\n|-weather|SunnyDay|[from] ability: Drought|[of] p1a: Charizard\n|turn|17\n|\n|t:|1700869551\n|move|p2a: Cloyster|Icicle Spear|p1a: Charizard\n|-damage|p1a: Charizard|0 fnt\n|faint|p1a: Charizard\n|-hitcount|p1: Charizard|1\n|\n|-weather|SunnyDay|[upkeep]\n|upkeep\n|\n|t:|1700869555\n|switch|p1a: Lokix|Lokix, M|100\/100\n|turn|18\n|\n|t:|1700869567\n|move|p1a: Lokix|Sucker Punch|p2a: Cloyster\n|-damage|p2a: Cloyster|9\/100\n|move|p2a: Cloyster|Weather Ball|p1a: Lokix\n|-supereffective|p1a: Lokix\n|-crit|p1a: Lokix\n|-damage|p1a: Lokix|0 fnt\n|faint|p1a: Lokix\n|\n|win|BetaBros\n|raw|Pokeinny's rating: 1164 &rarr; <strong>1139<\/strong><br \/>(-25 for losing)\n|raw|BetaBros's rating: 1167 &rarr; <strong>1192<\/strong><br \/>(+25 for winning)\n|c|\u2606Pokeinny|gg\n","uploadtime":1700869578,"views":4,"p1id":"pokeinny","p2id":"betabros","formatid":"gen9nationaldex","rating":1139,"private":0,"password":""}