{"id":"gen9nationaldex-1991597178","p1":"eaemanin","p2":"Kuzwa","format":"[Gen 9] National Dex","log":"|j|\u2606eaemanin\n|j|\u2606Kuzwa\n|t:|1700092437\n|gametype|singles\n|player|p1|eaemanin|giovanni|1290\n|player|p2|Kuzwa|parasollady|1369\n|teamsize|p1|6\n|teamsize|p2|6\n|gen|9\n|tier|[Gen 9] National Dex\n|rated|\n|rule|HP Percentage Mod: HP is shown in percentages\n|rule|Endless Battle Clause: Forcing endless battles is banned\n|rule|OHKO Clause: OHKO moves are banned\n|rule|Evasion Clause: Evasion abilities, items, and moves are banned\n|rule|Evasion Abilities Clause: Evasion abilities are banned\n|rule|Evasion Items Clause: Evasion items are banned\n|rule|Evasion Moves Clause: Evasion moves are banned\n|rule|Species Clause: Limit one of each Pok\u00e9mon\n|rule|Sleep Clause Mod: Limit one foe put to sleep\n|clearpoke\n|poke|p1|Charizard, M|\n|poke|p1|Weavile, M|\n|poke|p1|Tapu Koko|\n|poke|p1|Kartana|\n|poke|p1|Ogerpon-Wellspring, F|\n|poke|p1|Garchomp, F|\n|poke|p2|Kartana|\n|poke|p2|Weavile, M|\n|poke|p2|Ogerpon-Wellspring, F|\n|poke|p2|Zeraora|\n|poke|p2|Glimmora, M|\n|poke|p2|Blaziken, M|\n|teampreview\n|\n|t:|1700092453\n|start\n|switch|p1a: Tubar\u00e3o na areia|Garchomp, F, shiny|100\/100\n|switch|p2a: thing|Glimmora, M|100\/100\n|-item|p2a: thing|Air Balloon\n|turn|1\n|\n|t:|1700092459\n|move|p1a: Tubar\u00e3o na areia|Swords Dance|p1a: Tubar\u00e3o na areia\n|-boost|p1a: Tubar\u00e3o na areia|atk|2\n|move|p2a: thing|Mortal Spin|p1a: Tubar\u00e3o na areia\n|-resisted|p1a: Tubar\u00e3o na areia\n|-crit|p1a: Tubar\u00e3o na areia\n|-damage|p1a: Tubar\u00e3o na areia|96\/100\n|-status|p1a: Tubar\u00e3o na areia|psn\n|-damage|p2a: thing|88\/100|[from] ability: Rough Skin|[of] p1a: Tubar\u00e3o na areia\n|\n|-damage|p1a: Tubar\u00e3o na areia|84\/100 psn|[from] psn\n|upkeep\n|turn|2\n|\n|t:|1700092469\n|move|p1a: Tubar\u00e3o na areia|Swords Dance|p1a: Tubar\u00e3o na areia\n|-boost|p1a: Tubar\u00e3o na areia|atk|2\n|move|p2a: thing|Sludge Wave|p1a: Tubar\u00e3o na areia\n|-resisted|p1a: Tubar\u00e3o na areia\n|-damage|p1a: Tubar\u00e3o na areia|56\/100 psn\n|\n|-damage|p1a: Tubar\u00e3o na areia|44\/100 psn|[from] psn\n|upkeep\n|turn|3\n|\n|t:|1700092477\n|move|p1a: Tubar\u00e3o na areia|Scale Shot|p2a: thing\n|-damage|p2a: thing|22\/100\n|-activate|p2a: thing|ability: Toxic Debris\n|-sidestart|p1: eaemanin|move: Toxic Spikes\n|-enditem|p2a: thing|Air Balloon\n|-damage|p2a: thing|0 fnt\n|-activate|p2a: thing|ability: Toxic Debris\n|-sidestart|p1: eaemanin|move: Toxic Spikes\n|faint|p2a: thing\n|-hitcount|p2: thing|2\n|-unboost|p1a: Tubar\u00e3o na areia|def|1\n|-boost|p1a: Tubar\u00e3o na areia|spe|1\n|-damage|p1a: Tubar\u00e3o na areia|34\/100 psn|[from] item: Life Orb\n|\n|-damage|p1a: Tubar\u00e3o na areia|22\/100 psn|[from] psn\n|upkeep\n|\n|t:|1700092490\n|switch|p2a: Akihiko Sanada|Blaziken, M, shiny|100\/100\n|turn|4\n|\n|t:|1700092494\n|move|p1a: Tubar\u00e3o na areia|Earthquake|p2a: Akihiko Sanada\n|-supereffective|p2a: Akihiko Sanada\n|-enditem|p2a: Akihiko Sanada|Focus Sash\n|-damage|p2a: Akihiko Sanada|1\/100\n|-damage|p1a: Tubar\u00e3o na areia|12\/100 psn|[from] item: Life Orb\n|move|p2a: Akihiko Sanada|Swords Dance|p2a: Akihiko Sanada\n|-boost|p2a: Akihiko Sanada|atk|2\n|\n|-damage|p1a: Tubar\u00e3o na areia|0 fnt|[from] psn\n|faint|p1a: Tubar\u00e3o na areia\n|-ability|p2a: Akihiko Sanada|Speed Boost|boost\n|-boost|p2a: Akihiko Sanada|spe|1\n|upkeep\n|\n|t:|1700092520\n|switch|p1a: Maskara|Ogerpon-Wellspring, F|100\/100\n|-status|p1a: Maskara|tox\n|turn|5\n|\n|t:|1700092531\n|-terastallize|p1a: Maskara|Water\n|detailschange|p1a: Maskara|Ogerpon-Wellspring-Tera, F, tera:Water\n|-ability|p1a: Maskara|Embody Aspect (Wellspring)|boost\n|-boost|p1a: Maskara|spd|1\n|move|p2a: Akihiko Sanada|Protect|p2a: Akihiko Sanada\n|-singleturn|p2a: Akihiko Sanada|Protect\n|move|p1a: Maskara|Trailblaze|p2a: Akihiko Sanada\n|-activate|p2a: Akihiko Sanada|move: Protect\n|\n|-damage|p1a: Maskara|95\/100 tox|[from] psn\n|-ability|p2a: Akihiko Sanada|Speed Boost|boost\n|-boost|p2a: Akihiko Sanada|spe|1\n|upkeep\n|turn|6\n|\n|t:|1700092547\n|move|p2a: Akihiko Sanada|Close Combat|p1a: Maskara\n|-damage|p1a: Maskara|0 fnt\n|-unboost|p2a: Akihiko Sanada|def|1\n|-unboost|p2a: Akihiko Sanada|spd|1\n|faint|p1a: Maskara\n|\n|-ability|p2a: Akihiko Sanada|Speed Boost|boost\n|-boost|p2a: Akihiko Sanada|spe|1\n|upkeep\n|c|\u2606eaemanin|uh\n|c|\u2606eaemanin|gg\n|l|\u2606Kuzwa\n|player|p2|\n|\n|t:|1700092585\n|switch|p1a: Lizard|Charizard, M|100\/100\n|turn|7\n|inactive|Battle timer is ON: inactive players will automatically lose when time's up. (requested by eaemanin)\n|j|\u2606Kuzwa\n|inactive|Kuzwa reconnected and has 150 seconds left.\n|player|p2|Kuzwa|parasollady\n|\n|t:|1700092630\n|move|p2a: Akihiko Sanada|Close Combat|p1a: Lizard\n|-resisted|p1a: Lizard\n|-damage|p1a: Lizard|9\/100\n|-unboost|p2a: Akihiko Sanada|def|1\n|-unboost|p2a: Akihiko Sanada|spd|1\n|move|p1a: Lizard|Dragon Dance|p1a: Lizard\n|-boost|p1a: Lizard|atk|1\n|-boost|p1a: Lizard|spe|1\n|\n|-ability|p2a: Akihiko Sanada|Speed Boost|boost\n|-boost|p2a: Akihiko Sanada|spe|1\n|upkeep\n|turn|8\n|inactive|eaemanin has 120 seconds left.\n|inactive|eaemanin has 90 seconds left.\n|inactive|eaemanin has 60 seconds left.\n|inactive|eaemanin has 30 seconds left.\n|inactive|eaemanin has 20 seconds left.\n|inactive|eaemanin has 15 seconds left.\n|inactive|eaemanin has 10 seconds left.\n|inactive|eaemanin has 5 seconds left.\n|-message|eaemanin lost due to inactivity.\n|\n|win|Kuzwa\n|raw|eaemanin's rating: 1290 &rarr; <strong>1271<\/strong><br \/>(-19 for losing)\n|raw|Kuzwa's rating: 1369 &rarr; <strong>1385<\/strong><br \/>(+16 for winning)\n","uploadtime":1700092784,"views":4,"p1id":"eaemanin","p2id":"kuzwa","formatid":"gen9nationaldex","rating":1271,"private":0,"password":""}