{"id":"gen9nationaldex-1999353724","p1":"Glados502","p2":"solshines","format":"[Gen 9] National Dex","log":"|html|<div class=\"broadcast-blue\"><strong>[Gen 9] National Dex is currently suspecting Sneasler! For information on how to participate check out the <a href=\"https:\/\/www.smogon.com\/forums\/threads\/sv-national-dex-suspect-8-just-dance.3731534\/\">suspect thread<\/a>.<\/strong><\/div>\n|j|\u2606Glados502\n|j|\u2606solshines\n|t:|1701065386\n|gametype|singles\n|player|p1|Glados502|cheren-gen5bw2|1000\n|player|p2|solshines|alder|1066\n|teamsize|p1|6\n|teamsize|p2|6\n|gen|9\n|tier|[Gen 9] National Dex\n|rated|\n|rule|HP Percentage Mod: HP is shown in percentages\n|rule|Endless Battle Clause: Forcing endless battles is banned\n|rule|OHKO Clause: OHKO moves are banned\n|rule|Evasion Clause: Evasion abilities, items, and moves are banned\n|rule|Evasion Abilities Clause: Evasion abilities are banned\n|rule|Evasion Items Clause: Evasion items are banned\n|rule|Evasion Moves Clause: Evasion moves are banned\n|rule|Species Clause: Limit one of each Pok\u00e9mon\n|rule|Sleep Clause Mod: Limit one foe put to sleep\n|clearpoke\n|poke|p1|Indeedee, M|\n|poke|p1|Zoroark, M|\n|poke|p1|Toxicroak, M|\n|poke|p1|Alcremie-Caramel-Swirl, F|\n|poke|p1|Samurott-Hisui, M|\n|poke|p1|Volcarona, F|\n|poke|p2|Armarouge, F|\n|poke|p2|Luxray, M|\n|poke|p2|Exploud, F|\n|poke|p2|Archeops, M|\n|poke|p2|Clefable, F|\n|poke|p2|Lurantis, M|\n|teampreview\n|inactive|Battle timer is ON: inactive players will automatically lose when time's up. (requested by solshines)\n|inactive|Glados502 has 120 seconds left.\n|\n|t:|1701065437\n|start\n|switch|p1a: Raiden|Toxicroak, M|100\/100\n|switch|p2a: Clefable|Clefable, F|100\/100\n|turn|1\n|\n|t:|1701065467\n|switch|p2a: Archeops|Archeops, M|100\/100\n|move|p1a: Raiden|Trick|p2a: Archeops\n|-activate|p1a: Raiden|move: Trick|[of] p2a: Archeops\n|-item|p2a: Archeops|Focus Sash|[from] move: Trick\n|-item|p1a: Raiden|Power Herb|[from] move: Trick\n|\n|upkeep\n|turn|2\n|\n|t:|1701065479\n|move|p2a: Archeops|Earth Power|p1a: Raiden\n|-damage|p1a: Raiden|43\/100\n|replace|p1a: Facade|Zoroark, M\n|-end|p1a: Facade|Illusion\n|move|p1a: Facade|Toxic|p2a: Archeops\n|-status|p2a: Archeops|tox\n|\n|-damage|p2a: Archeops|94\/100 tox|[from] psn\n|upkeep\n|turn|3\n|inactive|solshines has 120 seconds left.\n|\n|t:|1701065501\n|move|p1a: Facade|Protect|p1a: Facade\n|-singleturn|p1a: Facade|Protect\n|move|p2a: Archeops|Earth Power|p1a: Facade\n|-activate|p1a: Facade|move: Protect\n|\n|-damage|p2a: Archeops|82\/100 tox|[from] psn\n|upkeep\n|turn|4\n|\n|t:|1701065529\n|switch|p1a: Alcremie|Alcremie-Caramel-Swirl, F|100\/100\n|move|p2a: Archeops|Earth Power|p1a: Alcremie\n|-damage|p1a: Alcremie|75\/100\n|\n|-heal|p1a: Alcremie|81\/100|[from] item: Leftovers\n|-damage|p2a: Archeops|63\/100 tox|[from] psn\n|upkeep\n|turn|5\n|inactive|Glados502 has 120 seconds left.\n|inactive|solshines has 120 seconds left.\n|\n|t:|1701065556\n|switch|p2a: Armarouge|Armarouge, F|100\/100\n|move|p1a: Alcremie|Dazzling Gleam|p2a: Armarouge\n|-resisted|p2a: Armarouge\n|-damage|p2a: Armarouge|80\/100\n|\n|-heal|p1a: Alcremie|87\/100|[from] item: Leftovers\n|upkeep\n|turn|6\n|inactive|solshines has 120 seconds left.\n|\n|t:|1701065566\n|move|p2a: Armarouge|Flash Cannon|p1a: Alcremie\n|-supereffective|p1a: Alcremie\n|-damage|p1a: Alcremie|42\/100\n|move|p1a: Alcremie|Mystical Fire|p2a: Armarouge\n|-resisted|p2a: Armarouge\n|-damage|p2a: Armarouge|67\/100\n|-unboost|p2a: Armarouge|spa|1\n|\n|-heal|p1a: Alcremie|48\/100|[from] item: Leftovers\n|upkeep\n|turn|7\n|inactive|Glados502 has 120 seconds left.\n|\n|t:|1701065576\n|move|p2a: Armarouge|Flash Cannon|p1a: Alcremie\n|-supereffective|p1a: Alcremie\n|-damage|p1a: Alcremie|18\/100\n|move|p1a: Alcremie|Recover|p1a: Alcremie\n|-heal|p1a: Alcremie|68\/100\n|\n|-heal|p1a: Alcremie|74\/100|[from] item: Leftovers\n|upkeep\n|turn|8\n|\n|t:|1701065588\n|move|p2a: Armarouge|Armor Cannon|p1a: Alcremie\n|-damage|p1a: Alcremie|36\/100\n|-unboost|p2a: Armarouge|def|1\n|-unboost|p2a: Armarouge|spd|1\n|move|p1a: Alcremie|Mystical Fire|p2a: Armarouge\n|-resisted|p2a: Armarouge\n|-damage|p2a: Armarouge|48\/100\n|-unboost|p2a: Armarouge|spa|1\n|\n|-heal|p1a: Alcremie|42\/100|[from] item: Leftovers\n|upkeep\n|turn|9\n|\n|t:|1701065600\n|move|p2a: Armarouge|Flash Cannon|p1a: Alcremie\n|-supereffective|p1a: Alcremie\n|-damage|p1a: Alcremie|19\/100\n|move|p1a: Alcremie|Recover|p1a: Alcremie\n|-heal|p1a: Alcremie|69\/100\n|\n|-heal|p1a: Alcremie|75\/100|[from] item: Leftovers\n|upkeep\n|turn|10\n|inactive|solshines has 120 seconds left.\n|\n|t:|1701065622\n|move|p2a: Armarouge|Flash Cannon|p1a: Alcremie\n|-supereffective|p1a: Alcremie\n|-damage|p1a: Alcremie|51\/100\n|move|p1a: Alcremie|Mystical Fire|p2a: Armarouge\n|-resisted|p2a: Armarouge\n|-damage|p2a: Armarouge|29\/100\n|-unboost|p2a: Armarouge|spa|1\n|\n|-heal|p1a: Alcremie|57\/100|[from] item: Leftovers\n|upkeep\n|turn|11\n|inactive|solshines has 120 seconds left.\n|\n|t:|1701065634\n|switch|p2a: Exploud|Exploud, F|100\/100\n|move|p1a: Alcremie|Recover|p1a: Alcremie\n|-heal|p1a: Alcremie|100\/100\n|\n|upkeep\n|turn|12\n|inactive|solshines has 120 seconds left.\n|\n|t:|1701065641\n|move|p2a: Exploud|Boomburst|p1a: Alcremie\n|-damage|p1a: Alcremie|47\/100\n|move|p1a: Alcremie|Mystical Fire|p2a: Exploud\n|-damage|p2a: Exploud|84\/100\n|-unboost|p2a: Exploud|spa|1\n|\n|-heal|p1a: Alcremie|53\/100|[from] item: Leftovers\n|upkeep\n|turn|13\n|\n|t:|1701065650\n|move|p2a: Exploud|Boomburst|p1a: Alcremie\n|-damage|p1a: Alcremie|18\/100\n|move|p1a: Alcremie|Mystical Fire|p2a: Exploud\n|-damage|p2a: Exploud|69\/100\n|-unboost|p2a: Exploud|spa|1\n|\n|-heal|p1a: Alcremie|24\/100|[from] item: Leftovers\n|upkeep\n|turn|14\n|\n|t:|1701065677\n|switch|p1a: Indeedee|Indeedee, M|100\/100\n|-fieldstart|move: Psychic Terrain|[from] ability: Psychic Surge|[of] p1a: Indeedee\n|move|p2a: Exploud|Boomburst|p1a: Indeedee\n|-damage|p1a: Indeedee|69\/100\n|\n|upkeep\n|turn|15\n|\n|t:|1701065689\n|-terastallize|p1a: Indeedee|Psychic\n|move|p1a: Indeedee|Expanding Force|p2a: Exploud\n|-damage|p2a: Exploud|0 fnt\n|faint|p2a: Exploud\n|\n|upkeep\n|\n|t:|1701065697\n|switch|p2a: Lurantis|Lurantis, M|100\/100\n|turn|16\n|\n|t:|1701065702\n|move|p1a: Indeedee|Expanding Force|p2a: Lurantis\n|-damage|p2a: Lurantis|0 fnt\n|faint|p2a: Lurantis\n|\n|upkeep\n|inactive|solshines has 120 seconds left.\n|\n|t:|1701065724\n|switch|p2a: Clefable|Clefable, F|100\/100\n|turn|17\n|\n|t:|1701065728\n|move|p1a: Indeedee|Expanding Force|p2a: Clefable\n|-damage|p2a: Clefable|0 fnt\n|faint|p2a: Clefable\n|\n|upkeep\n|\n|t:|1701065737\n|switch|p2a: Armarouge|Armarouge, F|29\/100\n|turn|18\n|\n|t:|1701065742\n|move|p1a: Indeedee|Expanding Force|p2a: Armarouge\n|-resisted|p2a: Armarouge\n|-damage|p2a: Armarouge|0 fnt\n|faint|p2a: Armarouge\n|\n|-fieldend|move: Psychic Terrain\n|upkeep\n|\n|t:|1701065749\n|switch|p2a: Archeops|Archeops, M|63\/100 tox\n|turn|19\n|\n|t:|1701065761\n|switch|p1a: Alcremie|Alcremie-Caramel-Swirl, F|24\/100\n|move|p2a: Archeops|Earth Power|p1a: Alcremie\n|-damage|p1a: Alcremie|0 fnt\n|faint|p1a: Alcremie\n|\n|-damage|p2a: Archeops|57\/100 tox|[from] psn\n|upkeep\n|\n|t:|1701065770\n|switch|p1a: Samurott|Samurott-Hisui, M|100\/100\n|turn|20\n|inactive|solshines has 120 seconds left.\n|\n|t:|1701065801\n|switch|p2a: Luxray|Luxray, M|100\/100\n|move|p1a: Samurott|Sucker Punch||[still]\n|-fail|p1a: Samurott\n|\n|-status|p2a: Luxray|brn|[from] item: Flame Orb\n|upkeep\n|turn|21\n|\n|t:|1701065810\n|move|p1a: Samurott|Sucker Punch|p2a: Luxray\n|-damage|p2a: Luxray|43\/100 brn\n|move|p2a: Luxray|Superpower|p1a: Samurott\n|-supereffective|p1a: Samurott\n|-damage|p1a: Samurott|0 fnt\n|-unboost|p2a: Luxray|atk|1\n|-unboost|p2a: Luxray|def|1\n|faint|p1a: Samurott\n|\n|-damage|p2a: Luxray|37\/100 brn|[from] brn\n|upkeep\n|\n|t:|1701065824\n|switch|p1a: Indeedee|Indeedee, M, tera:Psychic|69\/100\n|-fieldstart|move: Psychic Terrain|[from] ability: Psychic Surge|[of] p1a: Indeedee\n|turn|22\n|\n|t:|1701065830\n|move|p1a: Indeedee|Trick|p2a: Luxray\n|-activate|p1a: Indeedee|move: Trick|[of] p2a: Luxray\n|-item|p2a: Luxray|Choice Specs|[from] move: Trick\n|-item|p1a: Indeedee|Flame Orb|[from] move: Trick\n|move|p2a: Luxray|Facade|p1a: Indeedee\n|-damage|p1a: Indeedee|0 fnt\n|faint|p1a: Indeedee\n|\n|-damage|p2a: Luxray|31\/100 brn|[from] brn\n|upkeep\n|\n|t:|1701065839\n|switch|p1a: Raiden|Toxicroak, M|100\/100\n|turn|23\n|\n|t:|1701065844\n|move|p1a: Raiden|Sucker Punch|p2a: Luxray\n|-activate|p2a: Luxray|move: Psychic Terrain\n|move|p2a: Luxray|Facade|p1a: Raiden\n|-damage|p1a: Raiden|25\/100\n|\n|-heal|p1a: Raiden|31\/100|[from] item: Black Sludge\n|-damage|p2a: Luxray|25\/100 brn|[from] brn\n|upkeep\n|turn|24\n|\n|t:|1701065855\n|move|p1a: Raiden|Drain Punch|p2a: Luxray\n|-damage|p2a: Luxray|0 fnt\n|-heal|p1a: Raiden|43\/100|[from] drain|[of] p2a: Luxray\n|faint|p2a: Luxray\n|\n|-heal|p1a: Raiden|50\/100|[from] item: Black Sludge\n|upkeep\n|\n|t:|1701065862\n|switch|p2a: Archeops|Archeops, M|57\/100 tox\n|turn|25\n|\n|t:|1701065877\n|switch|p1a: Raiden|Toxicroak, M|43\/100\n|move|p2a: Archeops|Earth Power|p1a: Raiden\n|-damage|p1a: Raiden|0 fnt\n|replace|p1a: Facade|Zoroark, M\n|-end|p1a: Facade|Illusion\n|faint|p1a: Facade\n|\n|-damage|p2a: Archeops|51\/100 tox|[from] psn\n|upkeep\n|\n|t:|1701065899\n|switch|p1a: Volcarona|Volcarona, F|100\/100\n|turn|26\n|inactive|Glados502 has 120 seconds left.\n|\n|t:|1701065917\n|move|p2a: Archeops|Meteor Beam||[still]\n|-prepare|p2a: Archeops|Meteor Beam\n|-boost|p2a: Archeops|spa|1\n|move|p1a: Volcarona|Quiver Dance|p1a: Volcarona\n|-boost|p1a: Volcarona|spa|1\n|-boost|p1a: Volcarona|spd|1\n|-boost|p1a: Volcarona|spe|1\n|\n|-damage|p2a: Archeops|39\/100 tox|[from] psn\n|-fieldend|move: Psychic Terrain\n|upkeep\n|turn|27\n|inactive|Glados502 has 120 seconds left.\n|\n|t:|1701065930\n|move|p1a: Volcarona|Fiery Dance|p2a: Archeops\n|-resisted|p2a: Archeops\n|-damage|p2a: Archeops|0 fnt\n|-boost|p1a: Volcarona|spa|1\n|faint|p2a: Archeops\n|-damage|p1a: Volcarona|91\/100|[from] item: Life Orb\n|\n|win|Glados502\n|raw|Glados502's rating: 1000 &rarr; <strong>1048<\/strong><br \/>(+48 for winning)\n|raw|solshines's rating: 1066 &rarr; <strong>1042<\/strong><br \/>(-24 for losing)\n|l|\u2606solshines\n","uploadtime":1701065939,"views":6,"p1id":"glados502","p2id":"solshines","formatid":"gen9nationaldex","rating":1042,"private":0,"password":""}