{"id":"gen9nationaldex-1987594508","p1":"shikeerzhi","p2":"fengfengzuikeai","format":"[Gen 9] National Dex","log":"|j|\u2606shikeerzhi\n|j|\u2606fengfengzuikeai\n|t:|1699617109\n|gametype|singles\n|player|p1|shikeerzhi|giovanni|1691\n|player|p2|fengfengzuikeai|2|1719\n|teamsize|p1|6\n|teamsize|p2|6\n|gen|9\n|tier|[Gen 9] National Dex\n|rated|\n|rule|HP Percentage Mod: HP is shown in percentages\n|rule|Endless Battle Clause: Forcing endless battles is banned\n|rule|OHKO Clause: OHKO moves are banned\n|rule|Evasion Clause: Evasion abilities, items, and moves are banned\n|rule|Evasion Abilities Clause: Evasion abilities are banned\n|rule|Evasion Items Clause: Evasion items are banned\n|rule|Evasion Moves Clause: Evasion moves are banned\n|rule|Species Clause: Limit one of each Pok\u00e9mon\n|rule|Sleep Clause Mod: Limit one foe put to sleep\n|clearpoke\n|poke|p1|Tyranitar, M|\n|poke|p1|Excadrill, M|\n|poke|p1|Toxapex, F|\n|poke|p1|Diancie|\n|poke|p1|Corviknight, M|\n|poke|p1|Magnezone|\n|poke|p2|Urshifu-*, M|\n|poke|p2|Garchomp, F|\n|poke|p2|Zapdos|\n|poke|p2|Blaziken, F|\n|poke|p2|Rillaboom, F|\n|poke|p2|Slowking, F|\n|teampreview\n|\n|t:|1699617131\n|start\n|switch|p1a: Magnezone|Magnezone|100\/100\n|switch|p2a: Urshifu|Urshifu-Rapid-Strike, M|100\/100\n|turn|1\n|\n|t:|1699617141\n|switch|p1a: Toxapex|Toxapex, F|100\/100\n|move|p2a: Urshifu|U-turn|p1a: Toxapex\n|-resisted|p1a: Toxapex\n|-damage|p1a: Toxapex|92\/100\n|\n|t:|1699617144\n|switch|p2a: Garchomp|Garchomp, F|100\/100|[from] U-turn\n|\n|-heal|p1a: Toxapex|98\/100|[from] item: Leftovers\n|upkeep\n|turn|2\n|\n|t:|1699617151\n|detailschange|p2a: Garchomp|Garchomp-Mega, F\n|-mega|p2a: Garchomp|Garchomp|Garchompite\n|move|p2a: Garchomp|Earth Power|p1a: Toxapex\n|-supereffective|p1a: Toxapex\n|-damage|p1a: Toxapex|46\/100\n|move|p1a: Toxapex|Scald|p2a: Garchomp\n|-damage|p2a: Garchomp|86\/100\n|\n|-heal|p1a: Toxapex|52\/100|[from] item: Leftovers\n|upkeep\n|turn|3\n|\n|t:|1699617163\n|switch|p1a: Corviknight|Corviknight, M|100\/100\n|-ability|p1a: Corviknight|Pressure\n|move|p2a: Garchomp|Fire Blast|p1a: Corviknight|[miss]\n|-miss|p2a: Garchomp|p1a: Corviknight\n|\n|upkeep\n|turn|4\n|\n|t:|1699617172\n|move|p2a: Garchomp|Fire Blast|p1a: Corviknight\n|-supereffective|p1a: Corviknight\n|-damage|p1a: Corviknight|35\/100\n|move|p1a: Corviknight|U-turn|p2a: Garchomp\n|-damage|p2a: Garchomp|77\/100\n|\n|t:|1699617177\n|switch|p1a: Diancie|Diancie|100\/100|[from] U-turn\n|\n|upkeep\n|turn|5\n|\n|t:|1699617182\n|switch|p2a: Slowking|Slowking, F|100\/100\n|detailschange|p1a: Diancie|Diancie-Mega\n|-mega|p1a: Diancie|Diancie|Diancite\n|move|p1a: Diancie|Moonblast|p2a: Slowking\n|-damage|p2a: Slowking|68\/100\n|-unboost|p2a: Slowking|spa|1\n|\n|upkeep\n|turn|6\n|\n|t:|1699617185\n|move|p1a: Diancie|Diamond Storm|p2a: Slowking\n|-damage|p2a: Slowking|19\/100\n|move|p2a: Slowking|Chilly Reception|p2a: Slowking\n|-weather|Snow\n|\n|t:|1699617195\n|switch|p2a: Rillaboom|Rillaboom, F|100\/100|[from] Chilly Reception\n|-fieldstart|move: Grassy Terrain|[from] ability: Grassy Surge|[of] p2a: Rillaboom\n|\n|-weather|Snow|[upkeep]\n|upkeep\n|turn|7\n|\n|t:|1699617201\n|switch|p1a: Corviknight|Corviknight, M|35\/100\n|-ability|p1a: Corviknight|Pressure\n|move|p2a: Rillaboom|U-turn|p1a: Corviknight\n|-resisted|p1a: Corviknight\n|-damage|p1a: Corviknight|31\/100\n|\n|t:|1699617208\n|switch|p2a: Garchomp|Garchomp-Mega, F|77\/100|[from] U-turn\n|\n|-weather|Snow|[upkeep]\n|-heal|p2a: Garchomp|83\/100|[from] Grassy Terrain\n|-heal|p1a: Corviknight|38\/100|[from] item: Leftovers\n|upkeep\n|turn|8\n|\n|t:|1699617217\n|switch|p1a: Diancie|Diancie-Mega|100\/100\n|move|p2a: Garchomp|Earth Power|p1a: Diancie\n|-supereffective|p1a: Diancie\n|-damage|p1a: Diancie|0 fnt\n|faint|p1a: Diancie\n|\n|-weather|Snow|[upkeep]\n|-heal|p2a: Garchomp|89\/100|[from] Grassy Terrain\n|upkeep\n|\n|t:|1699617225\n|switch|p1a: Tyranitar|Tyranitar, M, shiny|100\/100\n|-weather|Sandstorm|[from] ability: Sand Stream|[of] p1a: Tyranitar\n|turn|9\n|\n|t:|1699617229\n|move|p2a: Garchomp|Earth Power|p1a: Tyranitar\n|-supereffective|p1a: Tyranitar\n|-damage|p1a: Tyranitar|58\/100\n|move|p1a: Tyranitar|Stealth Rock|p2a: Garchomp\n|-sidestart|p2: fengfengzuikeai|move: Stealth Rock\n|\n|-weather|Sandstorm|[upkeep]\n|-heal|p2a: Garchomp|95\/100|[from] Grassy Terrain\n|-heal|p1a: Tyranitar|65\/100|[from] Grassy Terrain\n|upkeep\n|turn|10\n|\n|t:|1699617236\n|switch|p1a: Corviknight|Corviknight, M|38\/100\n|-ability|p1a: Corviknight|Pressure\n|move|p2a: Garchomp|Earth Power|p1a: Corviknight\n|-immune|p1a: Corviknight\n|\n|-weather|Sandstorm|[upkeep]\n|-heal|p2a: Garchomp|100\/100|[from] Grassy Terrain\n|-heal|p1a: Corviknight|44\/100|[from] item: Leftovers\n|-fieldend|move: Grassy Terrain\n|upkeep\n|turn|11\n|\n|t:|1699617240\n|move|p2a: Garchomp|Fire Blast|p1a: Corviknight\n|-supereffective|p1a: Corviknight\n|-damage|p1a: Corviknight|0 fnt\n|faint|p1a: Corviknight\n|\n|-weather|Sandstorm|[upkeep]\n|upkeep\n|\n|t:|1699617244\n|switch|p1a: Magnezone|Magnezone|100\/100\n|turn|12\n|\n|t:|1699617246\n|-terastallize|p1a: Magnezone|Ice\n|move|p2a: Garchomp|Earth Power|p1a: Magnezone\n|-damage|p1a: Magnezone|35\/100\n|move|p1a: Magnezone|Tera Blast|p2a: Garchomp|[anim] Tera Blast Ice\n|-supereffective|p2a: Garchomp\n|-damage|p2a: Garchomp|0 fnt\n|faint|p2a: Garchomp\n|\n|-weather|Sandstorm|[upkeep]\n|-damage|p1a: Magnezone|29\/100|[from] Sandstorm\n|upkeep\n|\n|t:|1699617259\n|switch|p2a: Blaziken|Blaziken, F|100\/100\n|-damage|p2a: Blaziken|88\/100|[from] Stealth Rock\n|turn|13\n|\n|t:|1699617268\n|switch|p1a: Toxapex|Toxapex, F|85\/100\n|move|p2a: Blaziken|Close Combat|p1a: Toxapex\n|-resisted|p1a: Toxapex\n|-damage|p1a: Toxapex|62\/100\n|-unboost|p2a: Blaziken|def|1\n|-unboost|p2a: Blaziken|spd|1\n|\n|-weather|Sandstorm|[upkeep]\n|-damage|p2a: Blaziken|82\/100|[from] Sandstorm\n|-damage|p1a: Toxapex|56\/100|[from] Sandstorm\n|-heal|p1a: Toxapex|62\/100|[from] item: Leftovers\n|-ability|p2a: Blaziken|Speed Boost|boost\n|-boost|p2a: Blaziken|spe|1\n|upkeep\n|turn|14\n|\n|t:|1699617278\n|switch|p2a: Slowking|Slowking, F|52\/100\n|move|p1a: Toxapex|Recover|p1a: Toxapex\n|-heal|p1a: Toxapex|100\/100\n|\n|-weather|Sandstorm|[upkeep]\n|-damage|p1a: Toxapex|95\/100|[from] Sandstorm\n|-damage|p2a: Slowking|46\/100|[from] Sandstorm\n|-heal|p1a: Toxapex|100\/100|[from] item: Leftovers\n|upkeep\n|turn|15\n|\n|t:|1699617290\n|move|p1a: Toxapex|Toxic|p2a: Slowking\n|-status|p2a: Slowking|tox\n|move|p2a: Slowking|Future Sight|p1a: Toxapex\n|-start|p2a: Slowking|move: Future Sight\n|\n|-weather|Sandstorm|[upkeep]\n|-damage|p1a: Toxapex|95\/100|[from] Sandstorm\n|-damage|p2a: Slowking|40\/100 tox|[from] Sandstorm\n|-heal|p1a: Toxapex|100\/100|[from] item: Leftovers\n|-damage|p2a: Slowking|33\/100 tox|[from] psn\n|upkeep\n|turn|16\n|\n|t:|1699617293\n|switch|p1a: \u7535\u94bb|Excadrill, M, shiny|100\/100\n|move|p2a: Slowking|Chilly Reception|p2a: Slowking\n|-weather|Snow\n|\n|t:|1699617297\n|switch|p2a: Urshifu|Urshifu-Rapid-Strike, M|100\/100|[from] Chilly Reception\n|-damage|p2a: Urshifu|94\/100|[from] Stealth Rock\n|\n|-weather|Snow|[upkeep]\n|upkeep\n|turn|17\n|\n|t:|1699617305\n|switch|p1a: Tyranitar|Tyranitar, M, shiny|65\/100\n|-weather|Sandstorm|[from] ability: Sand Stream|[of] p1a: Tyranitar\n|-terastallize|p2a: Urshifu|Water\n|move|p2a: Urshifu|Surging Strikes|p1a: Tyranitar\n|-supereffective|p1a: Tyranitar\n|-crit|p1a: Tyranitar\n|-damage|p1a: Tyranitar|26\/100\n|-supereffective|p1a: Tyranitar\n|-crit|p1a: Tyranitar\n|-damage|p1a: Tyranitar|0 fnt\n|faint|p1a: Tyranitar\n|-hitcount|p1: Tyranitar|2\n|\n|-weather|Sandstorm|[upkeep]\n|-damage|p2a: Urshifu|88\/100|[from] Sandstorm\n|-hint|Future Sight did not hit because the target is fainted.\n|upkeep\n|\n|t:|1699617312\n|switch|p1a: \u7535\u94bb|Excadrill, M, shiny|100\/100\n|turn|18\n|\n|t:|1699617323\n|switch|p2a: Zapdos|Zapdos|100\/100\n|move|p1a: \u7535\u94bb|Earthquake|p2a: Zapdos\n|-immune|p2a: Zapdos\n|\n|-weather|Sandstorm|[upkeep]\n|-damage|p2a: Zapdos|94\/100|[from] Sandstorm\n|upkeep\n|turn|19\n|\n|t:|1699617326\n|move|p1a: \u7535\u94bb|Swords Dance|p1a: \u7535\u94bb\n|-boost|p1a: \u7535\u94bb|atk|2\n|move|p2a: Zapdos|Defog|p1a: \u7535\u94bb\n|-unboost|p1a: \u7535\u94bb|evasion|1\n|-sideend|p2: fengfengzuikeai|Stealth Rock|[from] move: Defog|[of] p2a: Zapdos\n|\n|-weather|Sandstorm|[upkeep]\n|-damage|p2a: Zapdos|88\/100|[from] Sandstorm\n|upkeep\n|turn|20\n|\n|t:|1699617344\n|switch|p2a: Rillaboom|Rillaboom, F|100\/100\n|-fieldstart|move: Grassy Terrain|[from] ability: Grassy Surge|[of] p2a: Rillaboom\n|move|p1a: \u7535\u94bb|Rapid Spin|p2a: Rillaboom\n|-damage|p2a: Rillaboom|63\/100\n|-boost|p1a: \u7535\u94bb|spe|1\n|\n|-weather|Sandstorm|[upkeep]\n|-damage|p2a: Rillaboom|57\/100|[from] Sandstorm\n|-heal|p2a: Rillaboom|63\/100|[from] Grassy Terrain\n|-heal|p2a: Rillaboom|69\/100|[from] item: Leftovers\n|upkeep\n|turn|21\n|\n|t:|1699617348\n|move|p2a: Rillaboom|Grassy Glide|p1a: \u7535\u94bb\n|-damage|p1a: \u7535\u94bb|46\/100\n|move|p1a: \u7535\u94bb|Iron Head|p2a: Rillaboom\n|-damage|p2a: Rillaboom|0 fnt\n|faint|p2a: Rillaboom\n|\n|-weather|Sandstorm|[upkeep]\n|-heal|p1a: \u7535\u94bb|53\/100|[from] Grassy Terrain\n|upkeep\n|\n|t:|1699617363\n|switch|p2a: Urshifu|Urshifu-Rapid-Strike, M, tera:Water|88\/100\n|turn|22\n|\n|t:|1699617373\n|-zpower|p1a: \u7535\u94bb\n|move|p1a: \u7535\u94bb|Corkscrew Crash|p2a: Urshifu|[zeffect]\n|-resisted|p2a: Urshifu\n|-damage|p2a: Urshifu|2\/100\n|move|p2a: Urshifu|Surging Strikes|p1a: \u7535\u94bb\n|-supereffective|p1a: \u7535\u94bb\n|-crit|p1a: \u7535\u94bb\n|-damage|p1a: \u7535\u94bb|0 fnt\n|faint|p1a: \u7535\u94bb\n|-hitcount|p1: \u7535\u94bb|1\n|\n|-weather|Sandstorm|[upkeep]\n|-damage|p2a: Urshifu|0 fnt|[from] Sandstorm\n|faint|p2a: Urshifu\n|upkeep\n|\n|t:|1699617386\n|switch|p2a: Zapdos|Zapdos|88\/100\n|switch|p1a: Toxapex|Toxapex, F|100\/100\n|turn|23\n|\n|t:|1699617390\n|move|p2a: Zapdos|Volt Switch|p1a: Toxapex\n|-supereffective|p1a: Toxapex\n|-damage|p1a: Toxapex|52\/100\n|\n|t:|1699617392\n|switch|p2a: Slowking|Slowking, F|67\/100 tox|[from] Volt Switch\n|move|p1a: Toxapex|Toxic|p2a: Slowking\n|-fail|p2a: Slowking|tox\n|\n|-weather|Sandstorm|[upkeep]\n|-damage|p1a: Toxapex|46\/100|[from] Sandstorm\n|-damage|p2a: Slowking|61\/100 tox|[from] Sandstorm\n|-heal|p1a: Toxapex|52\/100|[from] Grassy Terrain\n|-heal|p1a: Toxapex|58\/100|[from] item: Leftovers\n|-heal|p2a: Slowking|67\/100 tox|[from] Grassy Terrain\n|-damage|p2a: Slowking|61\/100 tox|[from] psn\n|upkeep\n|turn|24\n|\n|t:|1699617398\n|switch|p1a: Magnezone|Magnezone, tera:Ice|29\/100\n|move|p2a: Slowking|Chilly Reception|p2a: Slowking\n|-weather|Snow\n|\n|t:|1699617400\n|switch|p2a: Zapdos|Zapdos|88\/100|[from] Chilly Reception\n|\n|-weather|Snow|[upkeep]\n|-heal|p1a: Magnezone|35\/100|[from] Grassy Terrain\n|-fieldend|move: Grassy Terrain\n|upkeep\n|turn|25\n|\n|t:|1699617405\n|move|p2a: Zapdos|Volt Switch|p1a: Magnezone\n|-damage|p1a: Magnezone|0 fnt\n|faint|p1a: Magnezone\n|\n|t:|1699617408\n|switch|p2a: Slowking|Slowking, F|94\/100 tox|[from] Volt Switch\n|\n|-weather|Snow|[upkeep]\n|-damage|p2a: Slowking|88\/100 tox|[from] psn\n|upkeep\n|\n|t:|1699617411\n|switch|p1a: Toxapex|Toxapex, F|92\/100\n|turn|26\n|\n|t:|1699617415\n|move|p1a: Toxapex|Scald|p2a: Slowking\n|-resisted|p2a: Slowking\n|-crit|p2a: Slowking\n|-damage|p2a: Slowking|81\/100 tox\n|move|p2a: Slowking|Future Sight|p1a: Toxapex\n|-start|p2a: Slowking|move: Future Sight\n|\n|-weather|Snow|[upkeep]\n|-heal|p1a: Toxapex|98\/100|[from] item: Leftovers\n|-damage|p2a: Slowking|69\/100 tox|[from] psn\n|upkeep\n|turn|27\n|\n|t:|1699617418\n|move|p1a: Toxapex|Scald|p2a: Slowking\n|-resisted|p2a: Slowking\n|-damage|p2a: Slowking|64\/100 tox\n|move|p2a: Slowking|Chilly Reception|p2a: Slowking\n|\n|t:|1699617419\n|switch|p2a: Zapdos|Zapdos|88\/100|[from] Chilly Reception\n|\n|-weather|Snow|[upkeep]\n|-heal|p1a: Toxapex|100\/100|[from] item: Leftovers\n|upkeep\n|turn|28\n|\n|t:|1699617422\n|move|p2a: Zapdos|Volt Switch|p1a: Toxapex\n|-supereffective|p1a: Toxapex\n|-damage|p1a: Toxapex|49\/100\n|\n|t:|1699617424\n|switch|p2a: Slowking|Slowking, F|97\/100 tox|[from] Volt Switch\n|move|p1a: Toxapex|Scald|p2a: Slowking\n|-resisted|p2a: Slowking\n|-damage|p2a: Slowking|92\/100 tox\n|\n|-weather|none\n|-end|p1a: Toxapex|move: Future Sight\n|-supereffective|p1a: Toxapex\n|-damage|p1a: Toxapex|0 fnt\n|faint|p1a: Toxapex\n|\n|win|fengfengzuikeai\n|upkeep\n|raw|shikeerzhi's rating: 1691 &rarr; <strong>1673<\/strong><br \/>(-18 for losing)\n|raw|fengfengzuikeai's rating: 1719 &rarr; <strong>1737<\/strong><br \/>(+18 for winning)\n|l|\u2606shikeerzhi\n","uploadtime":1699617428,"views":10,"p1id":"shikeerzhi","p2id":"fengfengzuikeai","formatid":"gen9nationaldex","rating":1673,"private":0,"password":""}