{"id":"gen9nationaldex-1993573242","p1":"KangWS","p2":"niknak841","format":"[Gen 9] National Dex","log":"|j|\u2606KangWS\n|j|\u2606niknak841\n|t:|1700333217\n|gametype|singles\n|player|p1|KangWS|clerkf|1528\n|player|p2|niknak841|elesa|1506\n|teamsize|p1|6\n|teamsize|p2|6\n|gen|9\n|tier|[Gen 9] National Dex\n|rated|\n|rule|HP Percentage Mod: HP is shown in percentages\n|rule|Endless Battle Clause: Forcing endless battles is banned\n|rule|OHKO Clause: OHKO moves are banned\n|rule|Evasion Clause: Evasion abilities, items, and moves are banned\n|rule|Evasion Abilities Clause: Evasion abilities are banned\n|rule|Evasion Items Clause: Evasion items are banned\n|rule|Evasion Moves Clause: Evasion moves are banned\n|rule|Species Clause: Limit one of each Pok\u00e9mon\n|rule|Sleep Clause Mod: Limit one foe put to sleep\n|clearpoke\n|poke|p1|Banette, M|\n|poke|p1|Goodra-Hisui, F|\n|poke|p1|Urshifu-*, M|\n|poke|p1|Alomomola, F|\n|poke|p1|Slowking-Galar, M|\n|poke|p1|Zapdos|\n|poke|p2|Aerodactyl, F|\n|poke|p2|Kyurem|\n|poke|p2|Magnezone|\n|poke|p2|Clefable, M|\n|poke|p2|Slowbro, M|\n|poke|p2|Gliscor, M|\n|teampreview\n|inactive|Battle timer is ON: inactive players will automatically lose when time's up. (requested by KangWS)\n|inactive|niknak841 also wants the timer to be on.\n|\n|t:|1700333233\n|start\n|switch|p1a: Goodra|Goodra-Hisui, F|100\/100\n|switch|p2a: Magnezone|Magnezone|100\/100\n|turn|1\n|\n|t:|1700333241\n|move|p2a: Magnezone|Volt Switch|p1a: Goodra\n|-resisted|p1a: Goodra\n|-damage|p1a: Goodra|88\/100\n|\n|t:|1700333242\n|switch|p2a: Gliscor|Gliscor, M|100\/100|[from] Volt Switch\n|move|p1a: Goodra|Earthquake|p2a: Gliscor\n|-immune|p2a: Gliscor\n|\n|-status|p2a: Gliscor|tox|[from] item: Toxic Orb\n|upkeep\n|turn|2\n|\n|t:|1700333256\n|switch|p1a: Zapdos|Zapdos, shiny|100\/100\n|move|p2a: Gliscor|Spikes|p1a: Zapdos\n|-sidestart|p1: KangWS|Spikes\n|\n|upkeep\n|turn|3\n|\n|t:|1700333262\n|switch|p2a: Kyurem|Kyurem|100\/100\n|-ability|p2a: Kyurem|Pressure\n|move|p1a: Zapdos|Hurricane|p2a: Kyurem\n|-damage|p2a: Kyurem|56\/100\n|\n|upkeep\n|turn|4\n|\n|t:|1700333277\n|switch|p1a: Alomomola|Alomomola, F, shiny|100\/100\n|-damage|p1a: Alomomola|88\/100|[from] Spikes\n|move|p2a: Kyurem|Draco Meteor|p1a: Alomomola\n|-damage|p1a: Alomomola|0 fnt\n|-unboost|p2a: Kyurem|spa|2\n|faint|p1a: Alomomola\n|\n|upkeep\n|\n|t:|1700333288\n|switch|p1a: Goodra|Goodra-Hisui, F|88\/100\n|-damage|p1a: Goodra|76\/100|[from] Spikes\n|turn|5\n|\n|t:|1700333294\n|switch|p2a: Gliscor|Gliscor, M|100\/100 tox\n|move|p1a: Goodra|Draco Meteor|p2a: Gliscor|[miss]\n|-miss|p1a: Goodra|p2a: Gliscor\n|\n|upkeep\n|turn|6\n|\n|t:|1700333304\n|switch|p1a: Zapdos|Zapdos, shiny|100\/100\n|move|p2a: Gliscor|Spikes|p1a: Zapdos\n|-sidestart|p1: KangWS|Spikes\n|\n|upkeep\n|turn|7\n|\n|t:|1700333310\n|switch|p2a: Magnezone|Magnezone|100\/100\n|move|p1a: Zapdos|Defog|p2a: Magnezone\n|-unboost|p2a: Magnezone|evasion|1\n|-sideend|p1: KangWS|Spikes|[from] move: Defog|[of] p1a: Zapdos\n|\n|upkeep\n|turn|8\n|\n|t:|1700333320\n|switch|p1a: Goodra|Goodra-Hisui, F|76\/100\n|move|p2a: Magnezone|Volt Switch|p1a: Goodra\n|-resisted|p1a: Goodra\n|-damage|p1a: Goodra|62\/100\n|\n|t:|1700333322\n|switch|p2a: Clefable|Clefable, M|100\/100|[from] Volt Switch\n|\n|upkeep\n|turn|9\n|\n|t:|1700333331\n|move|p2a: Clefable|Calm Mind|p2a: Clefable\n|-boost|p2a: Clefable|spa|1\n|-boost|p2a: Clefable|spd|1\n|move|p1a: Goodra|Flash Cannon|p2a: Clefable\n|-supereffective|p2a: Clefable\n|-damage|p2a: Clefable|47\/100\n|\n|upkeep\n|turn|10\n|\n|t:|1700333338\n|-terastallize|p2a: Clefable|Water\n|move|p2a: Clefable|Calm Mind|p2a: Clefable\n|-boost|p2a: Clefable|spa|1\n|-boost|p2a: Clefable|spd|1\n|move|p1a: Goodra|Flash Cannon|p2a: Clefable\n|-resisted|p2a: Clefable\n|-damage|p2a: Clefable|36\/100\n|\n|upkeep\n|turn|11\n|\n|t:|1700333348\n|switch|p1a: Banette|Banette, M|100\/100\n|-item|p2a: Clefable|Life Orb|[from] ability: Frisk|[of] p1a: Banette|[identify]\n|move|p2a: Clefable|Moonlight|p2a: Clefable\n|-heal|p2a: Clefable|86\/100\n|\n|upkeep\n|turn|12\n|\n|t:|1700333356\n|switch|p2a: Magnezone|Magnezone|100\/100\n|detailschange|p1a: Banette|Banette-Mega, M\n|-mega|p1a: Banette|Banette|Banettite\n|move|p1a: Banette|Encore||[still]\n|-fail|p1a: Banette\n|\n|upkeep\n|turn|13\n|\n|t:|1700333366\n|move|p1a: Banette|Poltergeist|p2a: Magnezone\n|-activate|p2a: Magnezone|move: Poltergeist|Choice Specs\n|-damage|p2a: Magnezone|15\/100\n|move|p2a: Magnezone|Volt Switch|p1a: Banette\n|-damage|p1a: Banette|16\/100\n|\n|t:|1700333372\n|switch|p2a: Aerodactyl|Aerodactyl, F|100\/100|[from] Volt Switch\n|\n|upkeep\n|turn|14\n|\n|t:|1700333385\n|switch|p1a: Slowking|Slowking-Galar, M, shiny|100\/100\n|detailschange|p2a: Aerodactyl|Aerodactyl-Mega, F\n|-mega|p2a: Aerodactyl|Aerodactyl|Aerodactylite\n|move|p2a: Aerodactyl|Fire Fang|p1a: Slowking\n|-damage|p1a: Slowking|75\/100\n|\n|-heal|p1a: Slowking|81\/100|[from] item: Leftovers\n|upkeep\n|turn|15\n|\n|t:|1700333396\n|move|p2a: Aerodactyl|Dual Wingbeat|p1a: Slowking|[miss]\n|-miss|p2a: Aerodactyl|p1a: Slowking\n|move|p1a: Slowking|Ice Beam|p2a: Aerodactyl\n|-supereffective|p2a: Aerodactyl\n|-damage|p2a: Aerodactyl|49\/100\n|\n|-heal|p1a: Slowking|88\/100|[from] item: Leftovers\n|upkeep\n|turn|16\n|\n|t:|1700333406\n|switch|p2a: Kyurem|Kyurem|56\/100\n|-ability|p2a: Kyurem|Pressure\n|move|p1a: Slowking|Ice Beam|p2a: Kyurem\n|-damage|p2a: Kyurem|36\/100\n|\n|-heal|p1a: Slowking|94\/100|[from] item: Leftovers\n|upkeep\n|turn|17\n|c|\u2606niknak841|this move is a complete and utter lie\n|c|\u2606niknak841|i have never hit dual wingbeat 9 out of 10 times\n|\n|t:|1700333431\n|move|p2a: Kyurem|Ice Beam|p1a: Slowking\n|-damage|p1a: Slowking|42\/100\n|move|p1a: Slowking|Psyshock|p2a: Kyurem\n|-damage|p2a: Kyurem|8\/100\n|\n|-heal|p1a: Slowking|48\/100|[from] item: Leftovers\n|upkeep\n|turn|18\n|inactive|KangWS has 120 seconds left.\n|\n|t:|1700333477\n|switch|p1a: Goodra|Goodra-Hisui, F|62\/100\n|move|p2a: Kyurem|Ice Beam|p1a: Goodra\n|-damage|p1a: Goodra|33\/100\n|\n|upkeep\n|turn|19\n|\n|t:|1700333489\n|move|p2a: Kyurem|Ice Beam|p1a: Goodra\n|-damage|p1a: Goodra|4\/100\n|move|p1a: Goodra|Flash Cannon|p2a: Kyurem\n|-supereffective|p2a: Kyurem\n|-damage|p2a: Kyurem|0 fnt\n|faint|p2a: Kyurem\n|\n|upkeep\n|\n|t:|1700333494\n|switch|p2a: Magnezone|Magnezone|15\/100\n|turn|20\n|inactive|KangWS has 120 seconds left.\n|\n|t:|1700333503\n|move|p2a: Magnezone|Volt Switch|p1a: Goodra\n|-resisted|p1a: Goodra\n|-damage|p1a: Goodra|0 fnt\n|faint|p1a: Goodra\n|\n|t:|1700333507\n|switch|p2a: Aerodactyl|Aerodactyl-Mega, F|49\/100|[from] Volt Switch\n|\n|upkeep\n|\n|t:|1700333511\n|switch|p1a: Urshifu|Urshifu-Rapid-Strike, M|100\/100\n|turn|21\n|\n|t:|1700333518\n|switch|p2a: Slowbro|Slowbro, M|100\/100\n|move|p1a: Urshifu|Surging Strikes|p2a: Slowbro\n|-resisted|p2a: Slowbro\n|-crit|p2a: Slowbro\n|-damage|p2a: Slowbro|94\/100\n|-damage|p1a: Urshifu|84\/100|[from] item: Rocky Helmet|[of] p2a: Slowbro\n|-resisted|p2a: Slowbro\n|-crit|p2a: Slowbro\n|-damage|p2a: Slowbro|89\/100\n|-damage|p1a: Urshifu|68\/100|[from] item: Rocky Helmet|[of] p2a: Slowbro\n|-resisted|p2a: Slowbro\n|-crit|p2a: Slowbro\n|-damage|p2a: Slowbro|83\/100\n|-damage|p1a: Urshifu|51\/100|[from] item: Rocky Helmet|[of] p2a: Slowbro\n|-hitcount|p2a: Slowbro|3\n|\n|upkeep\n|turn|22\n|\n|t:|1700333536\n|switch|p1a: Slowking|Slowking-Galar, M, shiny|81\/100\n|move|p2a: Slowbro|Future Sight|p1a: Slowking\n|-start|p2a: Slowbro|move: Future Sight\n|\n|-heal|p1a: Slowking|87\/100|[from] item: Leftovers\n|upkeep\n|turn|23\n|\n|t:|1700333550\n|move|p1a: Slowking|Ice Beam|p2a: Slowbro\n|-resisted|p2a: Slowbro\n|-damage|p2a: Slowbro|72\/100\n|move|p2a: Slowbro|Teleport|p2a: Slowbro\n|\n|t:|1700333552\n|switch|p2a: Gliscor|Gliscor, M|100\/100 tox|[from] Teleport\n|\n|-heal|p1a: Slowking|93\/100|[from] item: Leftovers\n|upkeep\n|turn|24\n|\n|t:|1700333561\n|move|p2a: Gliscor|Earthquake|p1a: Slowking\n|-supereffective|p1a: Slowking\n|-damage|p1a: Slowking|41\/100\n|move|p1a: Slowking|Ice Beam|p2a: Gliscor\n|-supereffective|p2a: Gliscor\n|-damage|p2a: Gliscor|23\/100 tox\n|\n|-end|p1a: Slowking|move: Future Sight\n|-damage|p1a: Slowking|6\/100\n|-heal|p1a: Slowking|12\/100|[from] item: Leftovers\n|-heal|p2a: Gliscor|35\/100 tox|[from] ability: Poison Heal\n|upkeep\n|turn|25\n|\n|t:|1700333575\n|switch|p2a: Aerodactyl|Aerodactyl-Mega, F|49\/100\n|switch|p1a: Zapdos|Zapdos, shiny|100\/100\n|\n|upkeep\n|turn|26\n|\n|t:|1700333584\n|move|p2a: Aerodactyl|Stone Edge|p1a: Zapdos|[miss]\n|-miss|p2a: Aerodactyl|p1a: Zapdos\n|move|p1a: Zapdos|Thunderbolt|p2a: Aerodactyl\n|-supereffective|p2a: Aerodactyl\n|-damage|p2a: Aerodactyl|0 fnt\n|faint|p2a: Aerodactyl\n|\n|upkeep\n|\n|t:|1700333589\n|switch|p2a: Clefable|Clefable, M, tera:Water|86\/100\n|turn|27\n|\n|t:|1700333595\n|switch|p2a: Gliscor|Gliscor, M|35\/100 tox\n|move|p1a: Zapdos|Thunderbolt|p2a: Gliscor\n|-immune|p2a: Gliscor\n|\n|-heal|p2a: Gliscor|47\/100 tox|[from] ability: Poison Heal\n|upkeep\n|turn|28\n|c|\u2606niknak841|well gg ig\n|\n|t:|1700333606\n|move|p1a: Zapdos|Hurricane|p2a: Gliscor|[miss]\n|-miss|p1a: Zapdos|p2a: Gliscor\n|move|p2a: Gliscor|Roost|p2a: Gliscor\n|-heal|p2a: Gliscor|97\/100 tox\n|-singleturn|p2a: Gliscor|move: Roost\n|\n|-heal|p2a: Gliscor|100\/100 tox|[from] ability: Poison Heal\n|upkeep\n|turn|29\n|\n|t:|1700333618\n|switch|p1a: Slowking|Slowking-Galar, M, shiny|46\/100\n|move|p2a: Gliscor|Spikes|p1a: Slowking\n|-sidestart|p1: KangWS|Spikes\n|\n|-heal|p1a: Slowking|52\/100|[from] item: Leftovers\n|upkeep\n|turn|30\n|\n|t:|1700333627\n|switch|p1a: Zapdos|Zapdos, shiny|100\/100\n|move|p2a: Gliscor|Earthquake|p1a: Zapdos\n|-immune|p1a: Zapdos\n|\n|upkeep\n|turn|31\n|\n|t:|1700333634\n|move|p1a: Zapdos|Defog|p2a: Gliscor\n|-unboost|p2a: Gliscor|evasion|1\n|-sideend|p1: KangWS|Spikes|[from] move: Defog|[of] p1a: Zapdos\n|move|p2a: Gliscor|Spikes|p1a: Zapdos\n|-sidestart|p1: KangWS|Spikes\n|\n|upkeep\n|turn|32\n|\n|t:|1700333641\n|move|p1a: Zapdos|Hurricane|p2a: Gliscor|[miss]\n|-miss|p1a: Zapdos|p2a: Gliscor\n|move|p2a: Gliscor|Spikes|p1a: Zapdos\n|-sidestart|p1: KangWS|Spikes\n|\n|upkeep\n|turn|33\n|\n|t:|1700333647\n|switch|p2a: Magnezone|Magnezone|15\/100\n|move|p1a: Zapdos|Hurricane|p2a: Magnezone|[miss]\n|-miss|p1a: Zapdos|p2a: Magnezone\n|\n|upkeep\n|turn|34\n|\n|t:|1700333660\n|move|p1a: Zapdos|Defog|p2a: Magnezone\n|-unboost|p2a: Magnezone|evasion|1\n|-sideend|p1: KangWS|Spikes|[from] move: Defog|[of] p1a: Zapdos\n|move|p2a: Magnezone|Volt Switch|p1a: Zapdos\n|-damage|p1a: Zapdos|37\/100\n|\n|t:|1700333664\n|switch|p2a: Gliscor|Gliscor, M|100\/100 tox|[from] Volt Switch\n|\n|upkeep\n|turn|35\n|\n|t:|1700333671\n|switch|p1a: Urshifu|Urshifu-Rapid-Strike, M|51\/100\n|move|p2a: Gliscor|Earthquake|p1a: Urshifu\n|-damage|p1a: Urshifu|20\/100\n|\n|upkeep\n|turn|36\n|\n|t:|1700333682\n|switch|p1a: Slowking|Slowking-Galar, M, shiny|85\/100\n|switch|p2a: Slowbro|Slowbro, M|100\/100\n|\n|-heal|p1a: Slowking|91\/100|[from] item: Leftovers\n|upkeep\n|turn|37\n|\n|t:|1700333691\n|move|p1a: Slowking|Toxic|p2a: Slowbro\n|-status|p2a: Slowbro|tox\n|move|p2a: Slowbro|Teleport|p2a: Slowbro\n|\n|t:|1700333696\n|switch|p2a: Gliscor|Gliscor, M|100\/100 tox|[from] Teleport\n|\n|-heal|p1a: Slowking|97\/100|[from] item: Leftovers\n|upkeep\n|turn|38\n|\n|t:|1700333703\n|move|p2a: Gliscor|Earthquake|p1a: Slowking\n|-supereffective|p1a: Slowking\n|-damage|p1a: Slowking|51\/100\n|move|p1a: Slowking|Ice Beam|p2a: Gliscor\n|-supereffective|p2a: Gliscor\n|-damage|p2a: Gliscor|20\/100 tox\n|\n|-heal|p1a: Slowking|57\/100|[from] item: Leftovers\n|-heal|p2a: Gliscor|33\/100 tox|[from] ability: Poison Heal\n|upkeep\n|turn|39\n|\n|t:|1700333713\n|switch|p2a: Slowbro|Slowbro, M|100\/100 tox\n|move|p1a: Slowking|Ice Beam|p2a: Slowbro\n|-resisted|p2a: Slowbro\n|-damage|p2a: Slowbro|89\/100 tox\n|\n|-heal|p1a: Slowking|64\/100|[from] item: Leftovers\n|-damage|p2a: Slowbro|82\/100 tox|[from] psn\n|upkeep\n|turn|40\n|\n|t:|1700333729\n|move|p2a: Slowbro|Future Sight|p1a: Slowking\n|-start|p2a: Slowbro|move: Future Sight\n|move|p1a: Slowking|Chilly Reception|p1a: Slowking\n|-weather|Snow\n|\n|t:|1700333740\n|switch|p1a: Banette|Banette-Mega, M|16\/100|[from] Chilly Reception\n|\n|-weather|Snow|[upkeep]\n|-damage|p2a: Slowbro|70\/100 tox|[from] psn\n|upkeep\n|turn|41\n|\n|t:|1700333749\n|switch|p2a: Magnezone|Magnezone|15\/100\n|move|p1a: Banette|Poltergeist|p2a: Magnezone\n|-activate|p2a: Magnezone|move: Poltergeist|Choice Specs\n|-damage|p2a: Magnezone|0 fnt\n|faint|p2a: Magnezone\n|\n|-weather|Snow|[upkeep]\n|upkeep\n|\n|t:|1700333752\n|switch|p2a: Gliscor|Gliscor, M|33\/100 tox\n|turn|42\n|\n|t:|1700333762\n|switch|p1a: Slowking|Slowking-Galar, M, shiny|97\/100\n|move|p2a: Gliscor|Earthquake|p1a: Slowking\n|-supereffective|p1a: Slowking\n|-damage|p1a: Slowking|51\/100\n|\n|-weather|Snow|[upkeep]\n|-end|p1a: Slowking|move: Future Sight\n|-damage|p1a: Slowking|21\/100\n|-heal|p1a: Slowking|27\/100|[from] item: Leftovers\n|-heal|p2a: Gliscor|45\/100 tox|[from] ability: Poison Heal\n|upkeep\n|turn|43\n|\n|t:|1700333774\n|switch|p1a: Zapdos|Zapdos, shiny|37\/100\n|move|p2a: Gliscor|Roost|p2a: Gliscor\n|-heal|p2a: Gliscor|95\/100 tox\n|-singleturn|p2a: Gliscor|move: Roost\n|\n|-weather|Snow|[upkeep]\n|-heal|p2a: Gliscor|100\/100 tox|[from] ability: Poison Heal\n|upkeep\n|turn|44\n|\n|t:|1700333786\n|move|p1a: Zapdos|U-turn|p2a: Gliscor\n|-resisted|p2a: Gliscor\n|-damage|p2a: Gliscor|95\/100 tox\n|\n|t:|1700333789\n|switch|p1a: Slowking|Slowking-Galar, M, shiny|60\/100|[from] U-turn\n|move|p2a: Gliscor|Spikes|p1a: Slowking\n|-sidestart|p1: KangWS|Spikes\n|\n|-weather|none\n|-heal|p1a: Slowking|66\/100|[from] item: Leftovers\n|-heal|p2a: Gliscor|100\/100 tox|[from] ability: Poison Heal\n|upkeep\n|turn|45\n|\n|t:|1700333800\n|switch|p1a: Zapdos|Zapdos, shiny|37\/100\n|move|p2a: Gliscor|Earthquake|p1a: Zapdos\n|-immune|p1a: Zapdos\n|\n|upkeep\n|turn|46\n|\n|t:|1700333809\n|move|p1a: Zapdos|Hurricane|p2a: Gliscor\n|-crit|p2a: Gliscor\n|-damage|p2a: Gliscor|39\/100 tox\n|move|p2a: Gliscor|Spikes|p1a: Zapdos\n|-sidestart|p1: KangWS|Spikes\n|\n|-heal|p2a: Gliscor|52\/100 tox|[from] ability: Poison Heal\n|upkeep\n|turn|47\n|\n|t:|1700333817\n|move|p1a: Zapdos|Hurricane|p2a: Gliscor\n|-damage|p2a: Gliscor|16\/100 tox\n|-start|p2a: Gliscor|confusion\n|-activate|p2a: Gliscor|confusion\n|-damage|p2a: Gliscor|8\/100 tox|[from] confusion\n|\n|-heal|p2a: Gliscor|21\/100 tox|[from] ability: Poison Heal\n|upkeep\n|turn|48\n|\n|t:|1700333827\n|switch|p2a: Slowbro|Slowbro, M|100\/100 tox\n|move|p1a: Zapdos|Defog|p2a: Slowbro\n|-unboost|p2a: Slowbro|evasion|1\n|-sideend|p1: KangWS|Spikes|[from] move: Defog|[of] p1a: Zapdos\n|\n|-damage|p2a: Slowbro|94\/100 tox|[from] psn\n|upkeep\n|turn|49\n|\n|t:|1700333837\n|switch|p1a: Slowking|Slowking-Galar, M, shiny|99\/100\n|move|p2a: Slowbro|Future Sight|p1a: Slowking\n|-start|p2a: Slowbro|move: Future Sight\n|\n|-heal|p1a: Slowking|100\/100|[from] item: Leftovers\n|-damage|p2a: Slowbro|82\/100 tox|[from] psn\n|upkeep\n|turn|50\n|\n|t:|1700333846\n|move|p1a: Slowking|Ice Beam|p2a: Slowbro\n|-resisted|p2a: Slowbro\n|-damage|p2a: Slowbro|70\/100 tox\n|move|p2a: Slowbro|Teleport|p2a: Slowbro\n|\n|t:|1700333848\n|switch|p2a: Clefable|Clefable, M, tera:Water|86\/100|[from] Teleport\n|\n|upkeep\n|turn|51\n|\n|t:|1700333854\n|move|p2a: Clefable|Moonblast|p1a: Slowking\n|-resisted|p1a: Slowking\n|-damage|p1a: Slowking|85\/100\n|move|p1a: Slowking|Toxic|p2a: Clefable\n|-status|p2a: Clefable|tox\n|\n|-end|p1a: Slowking|move: Future Sight\n|-damage|p1a: Slowking|49\/100\n|-heal|p1a: Slowking|55\/100|[from] item: Leftovers\n|upkeep\n|turn|52\n|\n|t:|1700333875\n|move|p2a: Clefable|Moonblast|p1a: Slowking\n|-resisted|p1a: Slowking\n|-damage|p1a: Slowking|40\/100\n|-unboost|p1a: Slowking|spa|1\n|move|p1a: Slowking|Chilly Reception|p1a: Slowking\n|-weather|Snow\n|\n|t:|1700333883\n|switch|p1a: Banette|Banette-Mega, M|16\/100|[from] Chilly Reception\n|\n|-weather|Snow|[upkeep]\n|upkeep\n|turn|53\n|\n|t:|1700333889\n|move|p1a: Banette|Destiny Bond|p1a: Banette\n|-singlemove|p1a: Banette|Destiny Bond\n|move|p2a: Clefable|Moonblast|p1a: Banette\n|-damage|p1a: Banette|0 fnt\n|faint|p1a: Banette\n|-activate|p1a: Banette|move: Destiny Bond\n|faint|p2a: Clefable\n|\n|-weather|Snow|[upkeep]\n|upkeep\n|-message|niknak841 forfeited.\n|\n|win|KangWS\n|raw|KangWS's rating: 1528 &rarr; <strong>1547<\/strong><br \/>(+19 for winning)\n|raw|niknak841's rating: 1506 &rarr; <strong>1487<\/strong><br \/>(-19 for losing)\n|l|\u2606niknak841\n","uploadtime":1700333902,"views":6,"p1id":"kangws","p2id":"niknak841","formatid":"gen9nationaldex","rating":1487,"private":0,"password":""}