{"id":"gen9nationaldex-1988038699","p1":"PkmnMasterSylveon","p2":"CMKedo","format":"[Gen 9] National Dex","log":"|j|\u2606PkmnMasterSylveon\n|j|\u2606CMKedo\n|t:|1699662081\n|gametype|singles\n|player|p1|PkmnMasterSylveon|nurse|\n|player|p2|CMKedo|101|\n|teamsize|p1|6\n|teamsize|p2|6\n|gen|9\n|tier|[Gen 9] National Dex\n|rule|HP Percentage Mod: HP is shown in percentages\n|rule|Endless Battle Clause: Forcing endless battles is banned\n|rule|OHKO Clause: OHKO moves are banned\n|rule|Evasion Clause: Evasion abilities, items, and moves are banned\n|rule|Evasion Abilities Clause: Evasion abilities are banned\n|rule|Evasion Items Clause: Evasion items are banned\n|rule|Evasion Moves Clause: Evasion moves are banned\n|rule|Species Clause: Limit one of each Pok\u00e9mon\n|rule|Sleep Clause Mod: Limit one foe put to sleep\n|clearpoke\n|poke|p1|Mimikyu, F|\n|poke|p1|Zeraora|\n|poke|p1|Garchomp, F|\n|poke|p1|Scizor, F|\n|poke|p1|Toxapex, F|\n|poke|p1|Meowscarada, M|\n|poke|p2|Swampert, F|\n|poke|p2|Pelipper, M|\n|poke|p2|Zapdos|\n|poke|p2|Toxapex, M|\n|poke|p2|Barraskewda, M|\n|poke|p2|Scream Tail|\n|teampreview\n|j| AnOddWizardd\n|inactive|Battle timer is ON: inactive players will automatically lose when time's up. (requested by CMKedo)\n|\n|t:|1699662096\n|start\n|switch|p1a: Scizor|Scizor, F|100\/100\n|switch|p2a: Seeky|Pelipper, M|100\/100\n|-weather|RainDance|[from] ability: Drizzle|[of] p2a: Seeky\n|turn|1\n|\n|t:|1699662108\n|switch|p2a: Barry Bird Benson|Zapdos|100\/100\n|-ability|p2a: Barry Bird Benson|Pressure\n|move|p1a: Scizor|Bullet Punch|p2a: Barry Bird Benson\n|-resisted|p2a: Barry Bird Benson\n|-damage|p2a: Barry Bird Benson|79\/100\n|\n|-weather|RainDance|[upkeep]\n|upkeep\n|turn|2\n|\n|t:|1699662116\n|move|p2a: Barry Bird Benson|Hurricane|p1a: Scizor\n|-damage|p1a: Scizor|35\/100\n|move|p1a: Scizor|U-turn|p2a: Barry Bird Benson\n|-resisted|p2a: Barry Bird Benson\n|-damage|p2a: Barry Bird Benson|55\/100\n|\n|t:|1699662127\n|switch|p1a: Meowscarada|Meowscarada, M|100\/100|[from] U-turn\n|\n|-weather|RainDance|[upkeep]\n|upkeep\n|turn|3\n|\n|t:|1699662133\n|move|p2a: Barry Bird Benson|Hurricane|p1a: Meowscarada\n|-supereffective|p1a: Meowscarada\n|-damage|p1a: Meowscarada|0 fnt\n|faint|p1a: Meowscarada\n|\n|-weather|RainDance|[upkeep]\n|upkeep\n|\n|t:|1699662145\n|switch|p1a: Garchomp|Garchomp, F|100\/100\n|turn|4\n|\n|t:|1699662161\n|switch|p2a: Dremunai|Swampert, F|100\/100\n|move|p1a: Garchomp|Dragon Claw|p2a: Dremunai\n|-damage|p2a: Dremunai|51\/100\n|\n|-weather|RainDance|[upkeep]\n|upkeep\n|turn|5\n|l| AnOddWizardd\n|\n|t:|1699662178\n|switch|p1a: Toxapex|Toxapex, F|100\/100\n|detailschange|p2a: Dremunai|Swampert-Mega, F\n|-mega|p2a: Dremunai|Swampert|Swampertite\n|move|p2a: Dremunai|Ice Punch|p1a: Toxapex\n|-resisted|p1a: Toxapex\n|-damage|p1a: Toxapex|90\/100\n|-status|p1a: Toxapex|frz\n|-damage|p2a: Dremunai|35\/100|[from] item: Rocky Helmet|[of] p1a: Toxapex\n|\n|-weather|none\n|upkeep\n|turn|6\n|\n|t:|1699662193\n|switch|p2a: Seeky|Pelipper, M|100\/100\n|-weather|RainDance|[from] ability: Drizzle|[of] p2a: Seeky\n|cant|p1a: Toxapex|frz\n|\n|-weather|RainDance|[upkeep]\n|upkeep\n|turn|7\n|\n|t:|1699662202\n|switch|p2a: Barry Bird Benson|Zapdos|55\/100\n|-ability|p2a: Barry Bird Benson|Pressure\n|cant|p1a: Toxapex|frz\n|\n|-weather|RainDance|[upkeep]\n|upkeep\n|turn|8\n|\n|t:|1699662212\n|switch|p1a: Garchomp|Garchomp, F|100\/100\n|move|p2a: Barry Bird Benson|Thunder|p1a: Garchomp\n|-immune|p1a: Garchomp\n|\n|-weather|RainDance|[upkeep]\n|upkeep\n|turn|9\n|\n|t:|1699662222\n|switch|p2a: Scream Tail|Scream Tail|100\/100\n|move|p1a: Garchomp|Dragon Claw|p2a: Scream Tail\n|-immune|p2a: Scream Tail\n|\n|-weather|RainDance|[upkeep]\n|upkeep\n|turn|10\n|\n|t:|1699662230\n|switch|p1a: Mimikyu|Mimikyu, F|100\/100\n|move|p2a: Scream Tail|Encore||[still]\n|-fail|p2a: Scream Tail\n|\n|-weather|none\n|upkeep\n|turn|11\n|\n|t:|1699662239\n|move|p2a: Scream Tail|Wish|p2a: Scream Tail\n|move|p1a: Mimikyu|Shadow Claw|p2a: Scream Tail\n|-supereffective|p2a: Scream Tail\n|-damage|p2a: Scream Tail|36\/100\n|-damage|p1a: Mimikyu|91\/100|[from] item: Life Orb\n|\n|-heal|p2a: Scream Tail|42\/100|[from] item: Leftovers\n|upkeep\n|turn|12\n|\n|t:|1699662262\n|-end|p2a: Scream Tail|Protosynthesis|[silent]\n|switch|p2a: Peccalo|Toxapex, M|100\/100\n|move|p1a: Mimikyu|Shadow Claw|p2a: Peccalo\n|-damage|p2a: Peccalo|76\/100\n|-damage|p1a: Mimikyu|81\/100|[from] item: Life Orb\n|\n|-heal|p2a: Peccalo|100\/100|[from] move: Wish|[wisher] Scream Tail\n|upkeep\n|turn|13\n|\n|t:|1699662277\n|switch|p1a: Scizor|Scizor, F|35\/100\n|move|p2a: Peccalo|Scald|p1a: Scizor\n|-damage|p1a: Scizor|15\/100\n|\n|upkeep\n|turn|14\n|\n|t:|1699662288\n|move|p1a: Scizor|Hidden Power|p2a: Peccalo\n|-damage|p2a: Peccalo|91\/100\n|move|p2a: Peccalo|Scald|p1a: Scizor\n|-damage|p1a: Scizor|0 fnt\n|faint|p1a: Scizor\n|\n|-heal|p2a: Peccalo|97\/100|[from] item: Leftovers\n|upkeep\n|\n|t:|1699662300\n|switch|p1a: Zeraora|Zeraora|100\/100\n|turn|15\n|\n|t:|1699662306\n|switch|p2a: Seeky|Pelipper, M|100\/100\n|-weather|RainDance|[from] ability: Drizzle|[of] p2a: Seeky\n|move|p1a: Zeraora|Thunder Wave|p2a: Seeky\n|-status|p2a: Seeky|par\n|\n|-weather|RainDance|[upkeep]\n|upkeep\n|turn|16\n|\n|t:|1699662316\n|move|p1a: Zeraora|Plasma Fists|p2a: Seeky\n|-supereffective|p2a: Seeky\n|-damage|p2a: Seeky|0 fnt\n|-fieldactivate|move: Ion Deluge\n|-hint|Normal-type moves become Electric-type after using Plasma Fists.\n|faint|p2a: Seeky\n|\n|-weather|RainDance|[upkeep]\n|upkeep\n|\n|t:|1699662324\n|switch|p2a: Dremunai|Swampert-Mega, F|35\/100\n|turn|17\n|\n|t:|1699662337\n|switch|p1a: Toxapex|Toxapex, F|90\/100 frz\n|move|p2a: Dremunai|Earthquake|p1a: Toxapex\n|-supereffective|p1a: Toxapex\n|-damage|p1a: Toxapex|0 fnt\n|faint|p1a: Toxapex\n|\n|-weather|RainDance|[upkeep]\n|upkeep\n|\n|t:|1699662346\n|switch|p1a: Mimikyu|Mimikyu, F|81\/100\n|turn|18\n|\n|t:|1699662352\n|switch|p2a: Peccalo|Toxapex, M|100\/100\n|move|p1a: Mimikyu|Play Rough|p2a: Peccalo\n|-resisted|p2a: Peccalo\n|-damage|p2a: Peccalo|84\/100\n|-damage|p1a: Mimikyu|71\/100|[from] item: Life Orb\n|\n|-weather|RainDance|[upkeep]\n|-heal|p2a: Peccalo|90\/100|[from] item: Leftovers\n|upkeep\n|turn|19\n|\n|t:|1699662365\n|switch|p1a: Zeraora|Zeraora|100\/100\n|move|p2a: Peccalo|Scald|p1a: Zeraora\n|-damage|p1a: Zeraora|71\/100\n|\n|-weather|none\n|-heal|p2a: Peccalo|96\/100|[from] item: Leftovers\n|upkeep\n|turn|20\n|\n|t:|1699662374\n|move|p2a: Peccalo|Baneful Bunker|p2a: Peccalo\n|-singleturn|p2a: Peccalo|move: Protect\n|move|p1a: Zeraora|Thunder Wave|p2a: Peccalo\n|-activate|p2a: Peccalo|move: Protect\n|\n|-heal|p2a: Peccalo|100\/100|[from] item: Leftovers\n|upkeep\n|turn|21\n|\n|t:|1699662386\n|switch|p2a: Barry Bird Benson|Zapdos|55\/100\n|-ability|p2a: Barry Bird Benson|Pressure\n|move|p1a: Zeraora|Plasma Fists|p2a: Barry Bird Benson\n|-damage|p2a: Barry Bird Benson|2\/100\n|-fieldactivate|move: Ion Deluge\n|-hint|Normal-type moves become Electric-type after using Plasma Fists.\n|\n|upkeep\n|turn|22\n|\n|t:|1699662398\n|move|p2a: Barry Bird Benson|Hurricane|p1a: Zeraora|[miss]\n|-miss|p2a: Barry Bird Benson|p1a: Zeraora\n|move|p1a: Zeraora|Plasma Fists|p2a: Barry Bird Benson\n|-damage|p2a: Barry Bird Benson|0 fnt\n|-fieldactivate|move: Ion Deluge\n|-hint|Normal-type moves become Electric-type after using Plasma Fists.\n|faint|p2a: Barry Bird Benson\n|\n|upkeep\n|\n|t:|1699662426\n|switch|p2a: Peccalo|Toxapex, M|100\/100\n|turn|23\n|\n|t:|1699662431\n|-terastallize|p2a: Peccalo|Steel\n|move|p1a: Zeraora|Thunder Wave|p2a: Peccalo\n|-status|p2a: Peccalo|par\n|move|p2a: Peccalo|Scald|p1a: Zeraora\n|-damage|p1a: Zeraora|47\/100\n|-enditem|p1a: Zeraora|Sitrus Berry|[eat]\n|-heal|p1a: Zeraora|72\/100|[from] item: Sitrus Berry\n|\n|upkeep\n|turn|24\n|\n|t:|1699662440\n|cant|p2a: Peccalo|par\n|move|p1a: Zeraora|Blaze Kick|p2a: Peccalo\n|-supereffective|p2a: Peccalo\n|-damage|p2a: Peccalo|64\/100 par\n|\n|-heal|p2a: Peccalo|71\/100 par|[from] item: Leftovers\n|upkeep\n|turn|25\n|\n|t:|1699662454\n|switch|p1a: Garchomp|Garchomp, F|100\/100\n|move|p2a: Peccalo|Baneful Bunker||[still]\n|-fail|p2a: Peccalo\n|\n|-heal|p2a: Peccalo|77\/100 par|[from] item: Leftovers\n|upkeep\n|turn|26\n|\n|t:|1699662464\n|move|p2a: Peccalo|Baneful Bunker|p2a: Peccalo\n|-singleturn|p2a: Peccalo|move: Protect\n|move|p1a: Garchomp|Earthquake|p2a: Peccalo\n|-activate|p2a: Peccalo|move: Protect\n|\n|-heal|p2a: Peccalo|83\/100 par|[from] item: Leftovers\n|upkeep\n|turn|27\n|\n|t:|1699662473\n|move|p1a: Garchomp|Earthquake|p2a: Peccalo\n|-supereffective|p2a: Peccalo\n|-damage|p2a: Peccalo|6\/100 par\n|move|p2a: Peccalo|Scald|p1a: Garchomp\n|-damage|p1a: Garchomp|88\/100\n|\n|-heal|p2a: Peccalo|12\/100 par|[from] item: Leftovers\n|upkeep\n|turn|28\n|\n|t:|1699662483\n|cant|p2a: Peccalo|par\n|move|p1a: Garchomp|Earthquake|p2a: Peccalo\n|-supereffective|p2a: Peccalo\n|-damage|p2a: Peccalo|0 fnt\n|faint|p2a: Peccalo\n|\n|upkeep\n|\n|t:|1699662489\n|switch|p2a: Scream Tail|Scream Tail|42\/100\n|turn|29\n|\n|t:|1699662495\n|switch|p1a: Mimikyu|Mimikyu, F|71\/100\n|move|p2a: Scream Tail|Protect||[still]\n|-fail|p2a: Scream Tail\n|\n|-heal|p2a: Scream Tail|48\/100|[from] item: Leftovers\n|upkeep\n|turn|30\n|\n|t:|1699662502\n|move|p2a: Scream Tail|Protect|p2a: Scream Tail\n|-singleturn|p2a: Scream Tail|Protect\n|move|p1a: Mimikyu|Will-O-Wisp|p2a: Scream Tail\n|-activate|p2a: Scream Tail|move: Protect\n|\n|-heal|p2a: Scream Tail|54\/100|[from] item: Leftovers\n|upkeep\n|turn|31\n|\n|t:|1699662515\n|move|p2a: Scream Tail|Rain Dance|p2a: Scream Tail\n|-weather|RainDance\n|move|p1a: Mimikyu|Shadow Claw|p2a: Scream Tail\n|-supereffective|p2a: Scream Tail\n|-damage|p2a: Scream Tail|0 fnt\n|faint|p2a: Scream Tail\n|-end|p2a: Scream Tail|Protosynthesis|[silent]\n|-damage|p1a: Mimikyu|61\/100|[from] item: Life Orb\n|\n|-weather|RainDance|[upkeep]\n|upkeep\n|\n|t:|1699662524\n|switch|p2a: Ahrro|Barraskewda, M, shiny|100\/100\n|turn|32\n|\n|t:|1699662530\n|move|p2a: Ahrro|Liquidation|p1a: Mimikyu\n|-activate|p1a: Mimikyu|ability: Disguise\n|-damage|p1a: Mimikyu|61\/100\n|-unboost|p1a: Mimikyu|def|1\n|detailschange|p1a: Mimikyu|Mimikyu-Busted, F\n|-damage|p1a: Mimikyu|48\/100|[from] pokemon: Mimikyu-Busted\n|-damage|p2a: Ahrro|91\/100|[from] item: Life Orb\n|move|p1a: Mimikyu|Will-O-Wisp|p2a: Ahrro\n|-status|p2a: Ahrro|brn\n|\n|-weather|RainDance|[upkeep]\n|-damage|p2a: Ahrro|85\/100 brn|[from] brn\n|upkeep\n|turn|33\n|\n|t:|1699662545\n|switch|p1a: Zeraora|Zeraora|72\/100\n|move|p2a: Ahrro|Liquidation|p1a: Zeraora\n|-damage|p1a: Zeraora|9\/100\n|-damage|p2a: Ahrro|75\/100 brn|[from] item: Life Orb\n|\n|-weather|RainDance|[upkeep]\n|-damage|p2a: Ahrro|69\/100 brn|[from] brn\n|upkeep\n|turn|34\n|\n|t:|1699662557\n|move|p2a: Ahrro|Liquidation|p1a: Zeraora\n|-damage|p1a: Zeraora|0 fnt\n|faint|p1a: Zeraora\n|-damage|p2a: Ahrro|59\/100 brn|[from] item: Life Orb\n|\n|-weather|RainDance|[upkeep]\n|-damage|p2a: Ahrro|53\/100 brn|[from] brn\n|upkeep\n|\n|t:|1699662564\n|switch|p1a: Garchomp|Garchomp, F|88\/100\n|turn|35\n|\n|t:|1699662580\n|move|p2a: Ahrro|Liquidation|p1a: Garchomp\n|-damage|p1a: Garchomp|44\/100\n|-damage|p2a: Ahrro|40\/100 brn|[from] ability: Rough Skin|[of] p1a: Garchomp\n|-damage|p2a: Ahrro|31\/100 brn|[from] item: Life Orb\n|move|p1a: Garchomp|Earthquake|p2a: Ahrro\n|-damage|p2a: Ahrro|0 fnt\n|faint|p2a: Ahrro\n|\n|-weather|none\n|upkeep\n|\n|t:|1699662590\n|switch|p2a: Dremunai|Swampert-Mega, F|35\/100\n|turn|36\n|\n|t:|1699662605\n|move|p1a: Garchomp|Earthquake|p2a: Dremunai\n|-damage|p2a: Dremunai|0 fnt\n|faint|p2a: Dremunai\n|\n|win|PkmnMasterSylveon\n","uploadtime":1699662639,"views":27,"p1id":"pkmnmastersylveon","p2id":"cmkedo","formatid":"gen9nationaldex","rating":0,"private":0,"password":""}