{"id":"gen9nationaldex-1992371839","p1":"SouEuMesmo","p2":"DanielGhosts69","format":"[Gen 9] National Dex","log":"|j|\u2606SouEuMesmo\n|j|\u2606DanielGhosts69\n|t:|1700179912\n|gametype|singles\n|player|p1|SouEuMesmo|gambler|\n|player|p2|DanielGhosts69|gambler|\n|teamsize|p1|6\n|teamsize|p2|6\n|gen|9\n|tier|[Gen 9] National Dex\n|rule|HP Percentage Mod: HP is shown in percentages\n|rule|Endless Battle Clause: Forcing endless battles is banned\n|rule|OHKO Clause: OHKO moves are banned\n|rule|Evasion Clause: Evasion abilities, items, and moves are banned\n|rule|Evasion Abilities Clause: Evasion abilities are banned\n|rule|Evasion Items Clause: Evasion items are banned\n|rule|Evasion Moves Clause: Evasion moves are banned\n|rule|Species Clause: Limit one of each Pok\u00e9mon\n|rule|Sleep Clause Mod: Limit one foe put to sleep\n|clearpoke\n|poke|p1|Volcarona, M|\n|poke|p1|Gliscor, F|\n|poke|p1|Blastoise, M|\n|poke|p1|Weavile, M|\n|poke|p1|Sigilyph, M|\n|poke|p1|Gallade, M|\n|poke|p2|Gliscor, F|\n|poke|p2|Snorlax, F|\n|poke|p2|Electivire, M|\n|poke|p2|Greninja-*, M|\n|poke|p2|Grapploct, F|\n|poke|p2|Magmortar, F|\n|teampreview\n|\n|t:|1700179923\n|start\n|switch|p1a: Gallade|Gallade, M|100\/100\n|switch|p2a: Grapploct|Grapploct, F, shiny|100\/100\n|turn|1\n|\n|t:|1700179931\n|move|p1a: Gallade|Swords Dance|p1a: Gallade\n|-boost|p1a: Gallade|atk|2\n|move|p2a: Grapploct|Drain Punch|p1a: Gallade\n|-resisted|p1a: Gallade\n|-damage|p1a: Gallade|63\/100\n|\n|-heal|p1a: Gallade|69\/100|[from] item: Leftovers\n|upkeep\n|turn|2\n|\n|t:|1700179941\n|move|p1a: Gallade|Psycho Cut|p2a: Grapploct\n|-supereffective|p2a: Grapploct\n|-damage|p2a: Grapploct|0 fnt\n|faint|p2a: Grapploct\n|\n|-heal|p1a: Gallade|76\/100|[from] item: Leftovers\n|upkeep\n|\n|t:|1700179949\n|switch|p2a: Magmortar|Magmortar, F, shiny|100\/100\n|turn|3\n|\n|t:|1700179959\n|move|p1a: Gallade|Drain Punch|p2a: Magmortar\n|-damage|p2a: Magmortar|0 fnt\n|-heal|p1a: Gallade|100\/100|[from] drain|[of] p2a: Magmortar\n|faint|p2a: Magmortar\n|\n|upkeep\n|\n|t:|1700179969\n|switch|p2a: Gliscor|Gliscor, F, shiny|100\/100\n|turn|4\n|\n|t:|1700179975\n|move|p1a: Gallade|Psycho Cut|p2a: Gliscor\n|-damage|p2a: Gliscor|57\/100\n|move|p2a: Gliscor|Swords Dance|p2a: Gliscor\n|-boost|p2a: Gliscor|atk|2\n|\n|-status|p2a: Gliscor|tox|[from] item: Toxic Orb\n|upkeep\n|turn|5\n|\n|t:|1700179985\n|move|p1a: Gallade|Psycho Cut|p2a: Gliscor\n|-damage|p2a: Gliscor|13\/100 tox\n|move|p2a: Gliscor|Facade|p1a: Gallade\n|-damage|p1a: Gallade|0 fnt\n|faint|p1a: Gallade\n|\n|-heal|p2a: Gliscor|25\/100 tox|[from] ability: Poison Heal\n|upkeep\n|\n|t:|1700179995\n|switch|p1a: Blastoise|Blastoise, M|100\/100\n|turn|6\n|\n|t:|1700180002\n|move|p1a: Blastoise|Aqua Jet|p2a: Gliscor\n|-supereffective|p2a: Gliscor\n|-damage|p2a: Gliscor|3\/100 tox\n|move|p2a: Gliscor|Facade|p1a: Blastoise\n|-damage|p1a: Blastoise|29\/100\n|\n|-heal|p2a: Gliscor|16\/100 tox|[from] ability: Poison Heal\n|upkeep\n|turn|7\n|\n|t:|1700180013\n|move|p1a: Blastoise|Aqua Jet|p2a: Gliscor\n|-supereffective|p2a: Gliscor\n|-damage|p2a: Gliscor|0 fnt\n|faint|p2a: Gliscor\n|\n|upkeep\n|\n|t:|1700180020\n|switch|p2a: Greninja|Greninja, M|100\/100\n|turn|8\n|\n|t:|1700180035\n|switch|p1a: Weavile|Weavile, M|100\/100\n|-ability|p1a: Weavile|Pressure\n|move|p2a: Greninja|Dark Pulse|p1a: Weavile\n|-resisted|p1a: Weavile\n|-damage|p1a: Weavile|64\/100\n|\n|upkeep\n|turn|9\n|\n|t:|1700180047\n|switch|p2a: Snorlax|Snorlax, F, shiny|100\/100\n|move|p1a: Weavile|Fake Out|p2a: Snorlax\n|-damage|p2a: Snorlax|81\/100\n|-damage|p1a: Weavile|54\/100|[from] item: Life Orb\n|\n|upkeep\n|turn|10\n|\n|t:|1700180057\n|switch|p1a: Sigilyph|Sigilyph, M|100\/100\n|move|p2a: Snorlax|Earthquake|p1a: Sigilyph\n|-immune|p1a: Sigilyph\n|\n|upkeep\n|turn|11\n|\n|t:|1700180067\n|switch|p2a: Electivire|Electivire, M, shiny|100\/100\n|move|p1a: Sigilyph|Toxic|p2a: Electivire\n|-status|p2a: Electivire|tox\n|\n|-damage|p2a: Electivire|94\/100 tox|[from] psn\n|upkeep\n|turn|12\n|\n|t:|1700180087\n|switch|p1a: Gliscor|Gliscor, F|100\/100\n|move|p2a: Electivire|Wild Charge|p1a: Gliscor\n|-immune|p1a: Gliscor\n|\n|-damage|p2a: Electivire|82\/100 tox|[from] psn\n|-status|p1a: Gliscor|tox|[from] item: Toxic Orb\n|upkeep\n|turn|13\n|\n|t:|1700180098\n|move|p1a: Gliscor|Earthquake|p2a: Electivire\n|-supereffective|p2a: Electivire\n|-damage|p2a: Electivire|0 fnt\n|faint|p2a: Electivire\n|\n|upkeep\n|\n|t:|1700180105\n|switch|p2a: Snorlax|Snorlax, F, shiny|81\/100\n|turn|14\n|\n|t:|1700180111\n|move|p1a: Gliscor|Taunt|p2a: Snorlax\n|-start|p2a: Snorlax|move: Taunt\n|move|p2a: Snorlax|Crunch|p1a: Gliscor\n|-damage|p1a: Gliscor|60\/100 tox\n|\n|-heal|p1a: Gliscor|73\/100 tox|[from] ability: Poison Heal\n|upkeep\n|turn|15\n|\n|t:|1700180121\n|move|p1a: Gliscor|Earthquake|p2a: Snorlax\n|-damage|p2a: Snorlax|37\/100\n|move|p2a: Snorlax|Crunch|p1a: Gliscor\n|-damage|p1a: Gliscor|34\/100 tox\n|\n|-heal|p1a: Gliscor|47\/100 tox|[from] ability: Poison Heal\n|upkeep\n|turn|16\n|\n|t:|1700180132\n|move|p1a: Gliscor|Earthquake|p2a: Snorlax\n|-damage|p2a: Snorlax|0 fnt\n|faint|p2a: Snorlax\n|\n|-heal|p1a: Gliscor|59\/100 tox|[from] ability: Poison Heal\n|upkeep\n|\n|t:|1700180140\n|switch|p2a: Greninja|Greninja, M|100\/100\n|turn|17\n|\n|t:|1700180147\n|move|p2a: Greninja|Water Shuriken|p1a: Gliscor\n|-supereffective|p1a: Gliscor\n|-damage|p1a: Gliscor|27\/100 tox\n|-supereffective|p1a: Gliscor\n|-damage|p1a: Gliscor|0 fnt\n|faint|p1a: Gliscor\n|-ability|p2a: Greninja|Battle Bond|boost\n|-boost|p2a: Greninja|atk|1\n|-boost|p2a: Greninja|spa|1\n|-boost|p2a: Greninja|spe|1\n|-activate|p2a: Greninja|ability: Battle Bond\n|-hitcount|p1: Gliscor|2\n|\n|upkeep\n|\n|t:|1700180166\n|switch|p1a: Weavile|Weavile, M|54\/100\n|-ability|p1a: Weavile|Pressure\n|turn|18\n|\n|t:|1700180172\n|move|p1a: Weavile|Fake Out|p2a: Greninja\n|-damage|p2a: Greninja|71\/100\n|-damage|p1a: Weavile|44\/100|[from] item: Life Orb\n|cant|p2a: Greninja|flinch\n|\n|upkeep\n|turn|19\n|\n|t:|1700180182\n|move|p2a: Greninja|Water Shuriken|p1a: Weavile\n|-damage|p1a: Weavile|22\/100\n|-damage|p1a: Weavile|3\/100\n|-hitcount|p1a: Weavile|2\n|move|p1a: Weavile|Ice Shard|p2a: Greninja\n|-resisted|p2a: Greninja\n|-damage|p2a: Greninja|48\/100\n|-damage|p1a: Weavile|0 fnt|[from] item: Life Orb\n|faint|p1a: Weavile\n|\n|upkeep\n|\n|t:|1700180192\n|switch|p1a: Blastoise|Blastoise, M|29\/100\n|turn|20\n|\n|t:|1700180208\n|move|p2a: Greninja|Water Shuriken|p1a: Blastoise\n|-resisted|p1a: Blastoise\n|-damage|p1a: Blastoise|20\/100\n|-resisted|p1a: Blastoise\n|-damage|p1a: Blastoise|11\/100\n|-resisted|p1a: Blastoise\n|-damage|p1a: Blastoise|4\/100\n|-hitcount|p1a: Blastoise|3\n|move|p1a: Blastoise|Rapid Spin|p2a: Greninja\n|-damage|p2a: Greninja|24\/100\n|-boost|p1a: Blastoise|spe|1\n|\n|upkeep\n|turn|21\n|\n|t:|1700180220\n|move|p2a: Greninja|Water Shuriken|p1a: Blastoise\n|-resisted|p1a: Blastoise\n|-damage|p1a: Blastoise|0 fnt\n|faint|p1a: Blastoise\n|-hitcount|p1: Blastoise|1\n|\n|upkeep\n|\n|t:|1700180223\n|switch|p1a: Volcarona|Volcarona, M|100\/100\n|turn|22\n|\n|t:|1700180233\n|move|p2a: Greninja|Water Shuriken|p1a: Volcarona\n|-supereffective|p1a: Volcarona\n|-crit|p1a: Volcarona\n|-damage|p1a: Volcarona|54\/100\n|-supereffective|p1a: Volcarona\n|-damage|p1a: Volcarona|23\/100\n|-hitcount|p1a: Volcarona|2\n|move|p1a: Volcarona|Bug Buzz|p2a: Greninja\n|-supereffective|p2a: Greninja\n|-damage|p2a: Greninja|0 fnt\n|faint|p2a: Greninja\n|\n|win|SouEuMesmo\n|l|\u2606DanielGhosts69\n","uploadtime":1700180244,"views":5,"p1id":"soueumesmo","p2id":"danielghosts69","formatid":"gen9nationaldex","rating":0,"private":0,"password":""}