{"id":"gen9nationaldex-1998411480","p1":"The power of ROCK","p2":"arianagfan33","format":"[Gen 9] National Dex","log":"|html|<div class=\"broadcast-blue\"><strong>[Gen 9] National Dex is currently suspecting Sneasler! For information on how to participate check out the <a href=\"https:\/\/www.smogon.com\/forums\/threads\/sv-national-dex-suspect-8-just-dance.3731534\/\">suspect thread<\/a>.<\/strong><\/div>\n|j|\u2606The power of ROCK\n|j|\u2606arianagfan33\n|inactive|Battle timer is ON: inactive players will automatically lose when time's up.\n|t:|1700939339\n|gametype|singles\n|player|p1|The power of ROCK|roark|\n|player|p2|arianagfan33|266|\n|teamsize|p1|6\n|teamsize|p2|6\n|gen|9\n|tier|[Gen 9] National Dex\n|rated|Tournament battle\n|rule|HP Percentage Mod: HP is shown in percentages\n|rule|Endless Battle Clause: Forcing endless battles is banned\n|rule|OHKO Clause: OHKO moves are banned\n|rule|Evasion Clause: Evasion abilities, items, and moves are banned\n|rule|Evasion Abilities Clause: Evasion abilities are banned\n|rule|Evasion Items Clause: Evasion items are banned\n|rule|Evasion Moves Clause: Evasion moves are banned\n|rule|Species Clause: Limit one of each Pok\u00e9mon\n|rule|Sleep Clause Mod: Limit one foe put to sleep\n|clearpoke\n|poke|p1|Tyranitar, M|\n|poke|p1|Garganacl, F|\n|poke|p1|Aggron, F|\n|poke|p1|Glimmora, F|\n|poke|p1|Stakataka|\n|poke|p1|Rampardos, M|\n|poke|p2|Serperior, M|\n|poke|p2|Galvantula, M|\n|poke|p2|Bisharp, F|\n|poke|p2|Tapu Lele|\n|poke|p2|Great Tusk|\n|poke|p2|Medicham, F|\n|teampreview\n|c|\u2606The power of ROCK|Welcome to the ROCK gym\n|\n|t:|1700939353\n|start\n|switch|p1a: Stakataka|Stakataka|100\/100\n|switch|p2a: Great Tusk|Great Tusk|100\/100\n|turn|1\n|j| leona misa\n|\n|t:|1700939358\n|move|p2a: Great Tusk|Headlong Rush|p1a: Stakataka\n|-supereffective|p1a: Stakataka\n|-enditem|p1a: Stakataka|Focus Sash\n|-damage|p1a: Stakataka|1\/100\n|-unboost|p2a: Great Tusk|def|1\n|-unboost|p2a: Great Tusk|spd|1\n|move|p1a: Stakataka|Trick Room|p1a: Stakataka\n|-fieldstart|move: Trick Room|[of] p1a: Stakataka\n|\n|upkeep\n|turn|2\n|\n|t:|1700939361\n|move|p1a: Stakataka|Gyro Ball|p2a: Great Tusk\n|-damage|p2a: Great Tusk|8\/100\n|move|p2a: Great Tusk|Rapid Spin|p1a: Stakataka\n|-resisted|p1a: Stakataka\n|-damage|p1a: Stakataka|0 fnt\n|-boost|p2a: Great Tusk|spe|1\n|faint|p1a: Stakataka\n|\n|upkeep\n|\n|t:|1700939365\n|switch|p1a: Rampardos|Rampardos, M|100\/100\n|-ability|p1a: Rampardos|Mold Breaker\n|turn|3\n|\n|t:|1700939375\n|-zpower|p1a: Rampardos\n|move|p1a: Rampardos|Continental Crush|p2a: Great Tusk|[zeffect]\n|-resisted|p2a: Great Tusk\n|-damage|p2a: Great Tusk|0 fnt\n|faint|p2a: Great Tusk\n|-end|p2a: Great Tusk|Protosynthesis|[silent]\n|\n|upkeep\n|\n|t:|1700939383\n|switch|p2a: Galvantula|Galvantula, M|100\/100\n|turn|4\n|\n|t:|1700939390\n|move|p1a: Rampardos|Head Smash|p2a: Galvantula\n|-supereffective|p2a: Galvantula\n|-enditem|p2a: Galvantula|Focus Sash\n|-damage|p2a: Galvantula|1\/100\n|-damage|p1a: Rampardos|59\/100|[from] Recoil\n|move|p2a: Galvantula|Thunder Wave|p1a: Rampardos\n|-status|p1a: Rampardos|par\n|\n|upkeep\n|turn|5\n|\n|t:|1700939397\n|switch|p1a: Tyranitar|Tyranitar, M|100\/100\n|-weather|Sandstorm|[from] ability: Sand Stream|[of] p1a: Tyranitar\n|move|p2a: Galvantula|Thunder|p1a: Tyranitar\n|-damage|p1a: Tyranitar|88\/100\n|-status|p1a: Tyranitar|par\n|\n|-weather|Sandstorm|[upkeep]\n|-damage|p2a: Galvantula|0 fnt|[from] Sandstorm\n|faint|p2a: Galvantula\n|-fieldend|move: Trick Room\n|upkeep\n|\n|t:|1700939406\n|switch|p2a: Serperior|Serperior, M|100\/100\n|turn|6\n|\n|t:|1700939410\n|move|p2a: Serperior|Substitute|p2a: Serperior\n|-start|p2a: Serperior|Substitute\n|-damage|p2a: Serperior|76\/100\n|move|p1a: Tyranitar|Rock Blast|p2a: Serperior\n|-activate|p2a: Serperior|move: Substitute|[damage]\n|-end|p2a: Serperior|Substitute\n|-damage|p2a: Serperior|63\/100\n|-crit|p2a: Serperior\n|-damage|p2a: Serperior|42\/100\n|-hitcount|p2a: Serperior|4\n|\n|-weather|Sandstorm|[upkeep]\n|-damage|p2a: Serperior|36\/100|[from] Sandstorm\n|-heal|p2a: Serperior|42\/100|[from] item: Leftovers\n|upkeep\n|turn|7\n|\n|t:|1700939419\n|move|p2a: Serperior|Leaf Storm|p1a: Tyranitar\n|-supereffective|p1a: Tyranitar\n|-damage|p1a: Tyranitar|64\/100 par\n|-boost|p2a: Serperior|spa|2\n|cant|p1a: Tyranitar|par\n|\n|-weather|Sandstorm|[upkeep]\n|-damage|p2a: Serperior|36\/100|[from] Sandstorm\n|-heal|p2a: Serperior|42\/100|[from] item: Leftovers\n|upkeep\n|turn|8\n|\n|t:|1700939425\n|move|p2a: Serperior|Leaf Storm|p1a: Tyranitar\n|-supereffective|p1a: Tyranitar\n|-damage|p1a: Tyranitar|17\/100 par\n|-boost|p2a: Serperior|spa|2\n|move|p1a: Tyranitar|Rock Blast|p2a: Serperior\n|-damage|p2a: Serperior|28\/100\n|-damage|p2a: Serperior|14\/100\n|-damage|p2a: Serperior|1\/100\n|-damage|p2a: Serperior|0 fnt\n|faint|p2a: Serperior\n|-hitcount|p2: Serperior|4\n|\n|-weather|Sandstorm|[upkeep]\n|upkeep\n|\n|t:|1700939435\n|switch|p2a: Medicham|Medicham, F|100\/100\n|turn|9\n|\n|t:|1700939441\n|switch|p1a: Rampardos|Rampardos, M|59\/100 par\n|-ability|p1a: Rampardos|Mold Breaker\n|detailschange|p2a: Medicham|Medicham-Mega, F\n|-mega|p2a: Medicham|Medicham|Medichamite\n|move|p2a: Medicham|Ice Punch|p1a: Rampardos\n|-damage|p1a: Rampardos|0 fnt\n|faint|p1a: Rampardos\n|\n|-weather|none\n|upkeep\n|\n|t:|1700939448\n|switch|p1a: Aggron|Aggron, F|100\/100\n|turn|10\n|\n|t:|1700939452\n|detailschange|p1a: Aggron|Aggron-Mega, F\n|-mega|p1a: Aggron|Aggron|Aggronite\n|move|p2a: Medicham|Close Combat|p1a: Aggron\n|-supereffective|p1a: Aggron\n|-damage|p1a: Aggron|39\/100\n|-unboost|p2a: Medicham|def|1\n|-unboost|p2a: Medicham|spd|1\n|move|p1a: Aggron|Iron Defense|p1a: Aggron\n|-boost|p1a: Aggron|def|2\n|\n|upkeep\n|turn|11\n|\n|t:|1700939457\n|switch|p2a: Tapu Lele|Tapu Lele|100\/100\n|-fieldstart|move: Psychic Terrain|[from] ability: Psychic Surge|[of] p2a: Tapu Lele\n|move|p1a: Aggron|Body Press|p2a: Tapu Lele\n|-resisted|p2a: Tapu Lele\n|-damage|p2a: Tapu Lele|67\/100\n|\n|upkeep\n|turn|12\n|\n|t:|1700939474\n|switch|p1a: Tyranitar|Tyranitar, M|17\/100 par\n|-weather|Sandstorm|[from] ability: Sand Stream|[of] p1a: Tyranitar\n|move|p2a: Tapu Lele|Focus Blast|p1a: Tyranitar\n|-supereffective|p1a: Tyranitar\n|-damage|p1a: Tyranitar|0 fnt\n|faint|p1a: Tyranitar\n|\n|-weather|Sandstorm|[upkeep]\n|-damage|p2a: Tapu Lele|61\/100|[from] Sandstorm\n|upkeep\n|\n|t:|1700939481\n|switch|p1a: Garganacl|Garganacl, F|100\/100\n|turn|13\n|\n|t:|1700939485\n|-terastallize|p1a: Garganacl|Ghost\n|move|p2a: Tapu Lele|Focus Blast|p1a: Garganacl\n|-immune|p1a: Garganacl\n|move|p1a: Garganacl|Iron Defense|p1a: Garganacl\n|-boost|p1a: Garganacl|def|2\n|\n|-weather|Sandstorm|[upkeep]\n|-damage|p2a: Tapu Lele|55\/100|[from] Sandstorm\n|-damage|p1a: Garganacl|94\/100|[from] Sandstorm\n|upkeep\n|turn|14\n|\n|t:|1700939489\n|switch|p2a: Bisharp|Bisharp, F|100\/100\n|move|p1a: Garganacl|Iron Defense|p1a: Garganacl\n|-boost|p1a: Garganacl|def|2\n|\n|-weather|Sandstorm|[upkeep]\n|-damage|p1a: Garganacl|88\/100|[from] Sandstorm\n|upkeep\n|turn|15\n|\n|t:|1700939501\n|move|p2a: Bisharp|Knock Off|p1a: Garganacl\n|-supereffective|p1a: Garganacl\n|-damage|p1a: Garganacl|53\/100\n|-enditem|p1a: Garganacl|Maranga Berry|[from] move: Knock Off|[of] p2a: Bisharp\n|-damage|p2a: Bisharp|91\/100|[from] item: Life Orb\n|move|p1a: Garganacl|Body Press|p2a: Bisharp\n|-supereffective|p2a: Bisharp\n|-damage|p2a: Bisharp|0 fnt\n|faint|p2a: Bisharp\n|\n|-weather|Sandstorm|[upkeep]\n|-damage|p1a: Garganacl|47\/100|[from] Sandstorm\n|-fieldend|move: Psychic Terrain\n|upkeep\n|\n|t:|1700939505\n|switch|p2a: Tapu Lele|Tapu Lele|55\/100\n|-fieldstart|move: Psychic Terrain|[from] ability: Psychic Surge|[of] p2a: Tapu Lele\n|turn|16\n|\n|t:|1700939508\n|move|p2a: Tapu Lele|Psychic|p1a: Garganacl\n|-damage|p1a: Garganacl|6\/100\n|move|p1a: Garganacl|Recover|p1a: Garganacl\n|-heal|p1a: Garganacl|56\/100\n|\n|-weather|none\n|upkeep\n|turn|17\n|\n|t:|1700939515\n|move|p2a: Tapu Lele|Psychic|p1a: Garganacl\n|-damage|p1a: Garganacl|17\/100\n|move|p1a: Garganacl|Recover|p1a: Garganacl\n|-heal|p1a: Garganacl|67\/100\n|\n|upkeep\n|turn|18\n|\n|t:|1700939518\n|move|p2a: Tapu Lele|Psychic|p1a: Garganacl\n|-damage|p1a: Garganacl|28\/100\n|move|p1a: Garganacl|Recover|p1a: Garganacl\n|-heal|p1a: Garganacl|78\/100\n|\n|upkeep\n|turn|19\n|\n|t:|1700939520\n|move|p2a: Tapu Lele|Psychic|p1a: Garganacl\n|-damage|p1a: Garganacl|37\/100\n|move|p1a: Garganacl|Recover|p1a: Garganacl\n|-heal|p1a: Garganacl|87\/100\n|\n|upkeep\n|turn|20\n|\n|t:|1700939523\n|move|p2a: Tapu Lele|Psychic|p1a: Garganacl\n|-damage|p1a: Garganacl|50\/100\n|-unboost|p1a: Garganacl|spd|1\n|move|p1a: Garganacl|Recover|p1a: Garganacl\n|-heal|p1a: Garganacl|99\/100\n|\n|-fieldend|move: Psychic Terrain\n|upkeep\n|turn|21\n|\n|t:|1700939528\n|move|p2a: Tapu Lele|Psychic|p1a: Garganacl\n|-damage|p1a: Garganacl|53\/100\n|-unboost|p1a: Garganacl|spd|1\n|move|p1a: Garganacl|Salt Cure|p2a: Tapu Lele\n|-damage|p2a: Tapu Lele|34\/100\n|-start|p2a: Tapu Lele|Salt Cure\n|\n|-damage|p2a: Tapu Lele|22\/100|[from] Salt Cure\n|upkeep\n|turn|22\n|\n|t:|1700939531\n|switch|p2a: Medicham|Medicham-Mega, F|100\/100\n|move|p1a: Garganacl|Recover|p1a: Garganacl\n|-heal|p1a: Garganacl|100\/100\n|\n|upkeep\n|turn|23\n|j| fear45\n|\n|t:|1700939537\n|move|p2a: Medicham|Zen Headbutt|p1a: Garganacl\n|-damage|p1a: Garganacl|83\/100\n|move|p1a: Garganacl|Salt Cure|p2a: Medicham\n|-resisted|p2a: Medicham\n|-damage|p2a: Medicham|90\/100\n|-start|p2a: Medicham|Salt Cure\n|\n|-damage|p2a: Medicham|78\/100|[from] Salt Cure\n|upkeep\n|turn|24\n|\n|t:|1700939549\n|move|p2a: Medicham|Zen Headbutt|p1a: Garganacl\n|-damage|p1a: Garganacl|68\/100\n|move|p1a: Garganacl|Salt Cure|p2a: Medicham\n|-resisted|p2a: Medicham\n|-damage|p2a: Medicham|67\/100\n|\n|-damage|p2a: Medicham|55\/100|[from] Salt Cure\n|upkeep\n|turn|25\n|\n|t:|1700939553\n|move|p2a: Medicham|Zen Headbutt|p1a: Garganacl\n|-damage|p1a: Garganacl|53\/100\n|move|p1a: Garganacl|Recover|p1a: Garganacl\n|-heal|p1a: Garganacl|100\/100\n|\n|-damage|p2a: Medicham|43\/100|[from] Salt Cure\n|upkeep\n|turn|26\n|\n|t:|1700939571\n|move|p2a: Medicham|Zen Headbutt|p1a: Garganacl\n|-damage|p1a: Garganacl|84\/100\n|move|p1a: Garganacl|Body Press|p2a: Medicham\n|-resisted|p2a: Medicham\n|-damage|p2a: Medicham|0 fnt\n|faint|p2a: Medicham\n|\n|upkeep\n|\n|t:|1700939576\n|switch|p2a: Tapu Lele|Tapu Lele|22\/100\n|-fieldstart|move: Psychic Terrain|[from] ability: Psychic Surge|[of] p2a: Tapu Lele\n|turn|27\n|\n|t:|1700939579\n|switch|p1a: Aggron|Aggron-Mega, F|39\/100\n|-terastallize|p2a: Tapu Lele|Fairy\n|move|p2a: Tapu Lele|Moonblast|p1a: Aggron\n|-resisted|p1a: Aggron\n|-damage|p1a: Aggron|3\/100\n|\n|upkeep\n|turn|28\n|\n|t:|1700939584\n|move|p2a: Tapu Lele|Moonblast|p1a: Aggron\n|-resisted|p1a: Aggron\n|-damage|p1a: Aggron|0 fnt\n|faint|p1a: Aggron\n|\n|upkeep\n|\n|t:|1700939586\n|switch|p1a: Glimmora|Glimmora, F|100\/100\n|turn|29\n|\n|t:|1700939588\n|move|p2a: Tapu Lele|Moonblast|p1a: Glimmora\n|-resisted|p1a: Glimmora\n|-damage|p1a: Glimmora|53\/100\n|move|p1a: Glimmora|Sludge Wave|p2a: Tapu Lele\n|-supereffective|p2a: Tapu Lele\n|-damage|p2a: Tapu Lele|0 fnt\n|faint|p2a: Tapu Lele\n|\n|win|The power of ROCK\n|n|\u2606The power of ROCK|thepowerofrock\n|n|\u2606arianagfan33|arianagfan33\n|n| leona misa|leonamisa\n|n| fear45|fear45\n|l|\u2606arianagfan33\n|c|\u2606The power of ROCK|gg : )\n","uploadtime":1700939594,"views":1,"p1id":"thepowerofrock","p2id":"arianagfan33","formatid":"gen9nationaldex","rating":0,"private":0,"password":""}