{"id":"gen9nationaldex-1995957572","p1":"IceBerryCoffee","p2":"YuleDaMacaxeira","format":"[Gen 9] National Dex","log":"|html|<div class=\"broadcast-blue\"><strong>[Gen 9] National Dex is currently suspecting Sneasler! For information on how to participate check out the <a href=\"https:\/\/www.smogon.com\/forums\/threads\/sv-national-dex-suspect-8-just-dance.3731534\/\">suspect thread<\/a>.<\/strong><\/div>\n|j|\u2606IceBerryCoffee\n|j|\u2606YuleDaMacaxeira\n|t:|1700621950\n|gametype|singles\n|player|p1|IceBerryCoffee|265|1229\n|player|p2|YuleDaMacaxeira|iris-gen5bw2|1255\n|teamsize|p1|6\n|teamsize|p2|6\n|gen|9\n|tier|[Gen 9] National Dex\n|rated|\n|rule|HP Percentage Mod: HP is shown in percentages\n|rule|Endless Battle Clause: Forcing endless battles is banned\n|rule|OHKO Clause: OHKO moves are banned\n|rule|Evasion Clause: Evasion abilities, items, and moves are banned\n|rule|Evasion Abilities Clause: Evasion abilities are banned\n|rule|Evasion Items Clause: Evasion items are banned\n|rule|Evasion Moves Clause: Evasion moves are banned\n|rule|Species Clause: Limit one of each Pok\u00e9mon\n|rule|Sleep Clause Mod: Limit one foe put to sleep\n|clearpoke\n|poke|p1|Maushold-Four|\n|poke|p1|Empoleon, F|\n|poke|p1|Conkeldurr, M|\n|poke|p1|Typhlosion-Hisui, M|\n|poke|p1|Gyarados, F|\n|poke|p1|Hydreigon, M|\n|poke|p2|Scizor, F|\n|poke|p2|Tornadus-Therian, M|\n|poke|p2|Cinderace, F|\n|poke|p2|Slowking-Galar, F|\n|poke|p2|Kommo-o, F|\n|poke|p2|Ting-Lu|\n|teampreview\n|inactive|Battle timer is ON: inactive players will automatically lose when time's up. (requested by IceBerryCoffee)\n|j| AGAINHOCK13\n|\n|t:|1700621962\n|start\n|switch|p1a: Hydreigon|Hydreigon, M|100\/100\n|switch|p2a: Kommo-o|Kommo-o, F|100\/100\n|turn|1\n|l| AGAINHOCK13\n|\n|t:|1700621985\n|-terastallize|p2a: Kommo-o|Normal\n|move|p1a: Hydreigon|Draco Meteor|p2a: Kommo-o\n|-damage|p2a: Kommo-o|0 fnt\n|-unboost|p1a: Hydreigon|spa|2\n|faint|p2a: Kommo-o\n|\n|upkeep\n|\n|t:|1700621995\n|switch|p2a: Scizor|Scizor, F, shiny|100\/100\n|turn|2\n|\n|t:|1700622011\n|switch|p1a: Empoleon|Empoleon, F|100\/100\n|detailschange|p2a: Scizor|Scizor-Mega, F, shiny\n|-mega|p2a: Scizor|Scizor|Scizorite\n|move|p2a: Scizor|Swords Dance|p2a: Scizor\n|-boost|p2a: Scizor|atk|2\n|\n|upkeep\n|turn|3\n|\n|t:|1700622020\n|move|p2a: Scizor|Swords Dance|p2a: Scizor\n|-boost|p2a: Scizor|atk|2\n|move|p1a: Empoleon|Flip Turn|p2a: Scizor\n|-damage|p2a: Scizor|90\/100\n|\n|t:|1700622029\n|switch|p1a: Typhlosion|Typhlosion-Hisui, M|100\/100|[from] Flip Turn\n|-item|p2a: Scizor|Scizorite|[from] ability: Frisk|[of] p1a: Typhlosion|[identify]\n|\n|upkeep\n|turn|4\n|\n|t:|1700622038\n|move|p2a: Scizor|Bullet Punch|p1a: Typhlosion\n|-resisted|p1a: Typhlosion\n|-damage|p1a: Typhlosion|36\/100\n|move|p1a: Typhlosion|Eruption|p2a: Scizor\n|-supereffective|p2a: Scizor\n|-damage|p2a: Scizor|3\/100\n|\n|upkeep\n|turn|5\n|\n|t:|1700622044\n|move|p2a: Scizor|Bullet Punch|p1a: Typhlosion\n|-resisted|p1a: Typhlosion\n|-damage|p1a: Typhlosion|0 fnt\n|faint|p1a: Typhlosion\n|\n|upkeep\n|\n|t:|1700622049\n|switch|p1a: Conkeldurr|Conkeldurr, M|100\/100\n|turn|6\n|\n|t:|1700622058\n|switch|p2a: Tornadus|Tornadus-Therian, M|100\/100\n|move|p1a: Conkeldurr|Mach Punch|p2a: Tornadus\n|-resisted|p2a: Tornadus\n|-damage|p2a: Tornadus|85\/100\n|\n|-status|p1a: Conkeldurr|brn|[from] item: Flame Orb\n|upkeep\n|turn|7\n|\n|t:|1700622065\n|switch|p1a: Empoleon|Empoleon, F|100\/100\n|-zpower|p2a: Tornadus\n|move|p2a: Tornadus|Supersonic Skystrike|p1a: Empoleon|[zeffect]\n|-resisted|p1a: Empoleon\n|-damage|p1a: Empoleon|72\/100\n|\n|-heal|p1a: Empoleon|78\/100|[from] item: Leftovers\n|upkeep\n|turn|8\n|\n|t:|1700622077\n|move|p2a: Tornadus|Focus Blast|p1a: Empoleon|[miss]\n|-miss|p2a: Tornadus|p1a: Empoleon\n|move|p1a: Empoleon|Surf|p2a: Tornadus\n|-damage|p2a: Tornadus|49\/100\n|\n|-heal|p1a: Empoleon|85\/100|[from] item: Leftovers\n|upkeep\n|turn|9\n|\n|t:|1700622086\n|move|p2a: Tornadus|Focus Blast|p1a: Empoleon\n|-supereffective|p1a: Empoleon\n|-damage|p1a: Empoleon|34\/100\n|move|p1a: Empoleon|Knock Off|p2a: Tornadus\n|-damage|p2a: Tornadus|34\/100\n|\n|-heal|p1a: Empoleon|40\/100|[from] item: Leftovers\n|upkeep\n|turn|10\n|\n|t:|1700622093\n|move|p2a: Tornadus|Focus Blast|p1a: Empoleon|[miss]\n|-miss|p2a: Tornadus|p1a: Empoleon\n|move|p1a: Empoleon|Flip Turn|p2a: Tornadus\n|-damage|p2a: Tornadus|13\/100\n|\n|t:|1700622109\n|switch|p1a: Hydreigon|Hydreigon, M|100\/100|[from] Flip Turn\n|\n|upkeep\n|turn|11\n|\n|t:|1700622122\n|switch|p2a: Ting-Lu|Ting-Lu|100\/100\n|-ability|p2a: Ting-Lu|Vessel of Ruin\n|move|p1a: Hydreigon|Dark Pulse|p2a: Ting-Lu\n|-resisted|p2a: Ting-Lu\n|-damage|p2a: Ting-Lu|87\/100\n|\n|-heal|p2a: Ting-Lu|93\/100|[from] item: Leftovers\n|upkeep\n|turn|12\n|\n|t:|1700622132\n|switch|p1a: Conkeldurr|Conkeldurr, M|100\/100 brn\n|move|p2a: Ting-Lu|Ruination|p1a: Conkeldurr\n|-damage|p1a: Conkeldurr|50\/100 brn\n|\n|-heal|p2a: Ting-Lu|99\/100|[from] item: Leftovers\n|-damage|p1a: Conkeldurr|44\/100 brn|[from] brn\n|upkeep\n|turn|13\n|\n|t:|1700622141\n|switch|p2a: Slowking|Slowking-Galar, F, shiny|100\/100\n|move|p1a: Conkeldurr|Drain Punch|p2a: Slowking\n|-resisted|p2a: Slowking\n|-damage|p2a: Slowking|83\/100\n|-heal|p1a: Conkeldurr|53\/100 brn|[from] drain|[of] p2a: Slowking\n|\n|-damage|p1a: Conkeldurr|47\/100 brn|[from] brn\n|upkeep\n|turn|14\n|\n|t:|1700622150\n|move|p1a: Conkeldurr|Knock Off|p2a: Slowking\n|-supereffective|p2a: Slowking\n|-damage|p2a: Slowking|0 fnt\n|-enditem|p2a: Slowking|Heavy-Duty Boots|[from] move: Knock Off|[of] p1a: Conkeldurr\n|faint|p2a: Slowking\n|\n|-damage|p1a: Conkeldurr|41\/100 brn|[from] brn\n|upkeep\n|\n|t:|1700622160\n|switch|p2a: Cinderace|Cinderace, F|100\/100\n|turn|15\n|\n|t:|1700622165\n|switch|p1a: Empoleon|Empoleon, F|40\/100\n|move|p2a: Cinderace|Pyro Ball|p1a: Empoleon\n|-damage|p1a: Empoleon|0 fnt\n|faint|p1a: Empoleon\n|\n|upkeep\n|\n|t:|1700622181\n|switch|p1a: Gyarados|Gyarados, F|100\/100\n|-ability|p1a: Gyarados|Intimidate|boost\n|-unboost|p2a: Cinderace|atk|1\n|turn|16\n|\n|t:|1700622193\n|detailschange|p1a: Gyarados|Gyarados-Mega, F\n|-mega|p1a: Gyarados|Gyarados|Gyaradosite\n|-ability|p1a: Gyarados|Mold Breaker\n|move|p2a: Cinderace|U-turn|p1a: Gyarados\n|-supereffective|p1a: Gyarados\n|-damage|p1a: Gyarados|78\/100\n|\n|t:|1700622200\n|switch|p2a: Ting-Lu|Ting-Lu|99\/100|[from] U-turn\n|-ability|p2a: Ting-Lu|Vessel of Ruin\n|move|p1a: Gyarados|Substitute|p1a: Gyarados\n|-start|p1a: Gyarados|Substitute\n|-damage|p1a: Gyarados|53\/100\n|\n|-heal|p2a: Ting-Lu|100\/100|[from] item: Leftovers\n|upkeep\n|turn|17\n|\n|t:|1700622212\n|move|p1a: Gyarados|Dragon Dance|p1a: Gyarados\n|-boost|p1a: Gyarados|atk|1\n|-boost|p1a: Gyarados|spe|1\n|move|p2a: Ting-Lu|Earthquake|p1a: Gyarados\n|-end|p1a: Gyarados|Substitute\n|\n|upkeep\n|turn|18\n|\n|t:|1700622218\n|move|p1a: Gyarados|Waterfall|p2a: Ting-Lu\n|-supereffective|p2a: Ting-Lu\n|-damage|p2a: Ting-Lu|27\/100\n|move|p2a: Ting-Lu|Ruination|p1a: Gyarados\n|-damage|p1a: Gyarados|27\/100\n|\n|-heal|p2a: Ting-Lu|34\/100|[from] item: Leftovers\n|upkeep\n|turn|19\n|\n|t:|1700622226\n|move|p1a: Gyarados|Waterfall|p2a: Ting-Lu\n|-supereffective|p2a: Ting-Lu\n|-damage|p2a: Ting-Lu|0 fnt\n|faint|p2a: Ting-Lu\n|\n|upkeep\n|\n|t:|1700622242\n|switch|p2a: Scizor|Scizor-Mega, F, shiny|3\/100\n|turn|20\n|\n|t:|1700622245\n|move|p2a: Scizor|Bullet Punch|p1a: Gyarados\n|-resisted|p1a: Gyarados\n|-damage|p1a: Gyarados|12\/100\n|move|p1a: Gyarados|Waterfall|p2a: Scizor\n|-crit|p2a: Scizor\n|-damage|p2a: Scizor|0 fnt\n|faint|p2a: Scizor\n|\n|upkeep\n|\n|t:|1700622248\n|switch|p2a: Tornadus|Tornadus-Therian, M|46\/100\n|turn|21\n|\n|t:|1700622254\n|move|p1a: Gyarados|Waterfall|p2a: Tornadus\n|-damage|p2a: Tornadus|0 fnt\n|faint|p2a: Tornadus\n|\n|upkeep\n|-message|YuleDaMacaxeira forfeited.\n|\n|win|IceBerryCoffee\n|raw|IceBerryCoffee's rating: 1229 &rarr; <strong>1256<\/strong><br \/>(+27 for winning)\n|raw|YuleDaMacaxeira's rating: 1255 &rarr; <strong>1228<\/strong><br \/>(-27 for losing)\n|l|\u2606YuleDaMacaxeira\n","uploadtime":1700622263,"views":0,"p1id":"iceberrycoffee","p2id":"yuledamacaxeira","formatid":"gen9nationaldex","rating":1228,"private":0,"password":""}