{"id":"gen9nationaldex-1987050788","p1":"DerGallaMan12","p2":"RandoTestAccount","format":"[Gen 9] National Dex","log":"|j|\u2606DerGallaMan12\n|j|\u2606RandoTestAccount\n|t:|1699552057\n|gametype|singles\n|player|p1|DerGallaMan12|pokemaniac|1306\n|player|p2|RandoTestAccount|pokemonrangerf|1310\n|teamsize|p1|6\n|teamsize|p2|6\n|gen|9\n|tier|[Gen 9] National Dex\n|rated|\n|rule|HP Percentage Mod: HP is shown in percentages\n|rule|Endless Battle Clause: Forcing endless battles is banned\n|rule|OHKO Clause: OHKO moves are banned\n|rule|Evasion Clause: Evasion abilities, items, and moves are banned\n|rule|Evasion Abilities Clause: Evasion abilities are banned\n|rule|Evasion Items Clause: Evasion items are banned\n|rule|Evasion Moves Clause: Evasion moves are banned\n|rule|Species Clause: Limit one of each Pok\u00e9mon\n|rule|Sleep Clause Mod: Limit one foe put to sleep\n|clearpoke\n|poke|p1|Slowking-Galar, M|\n|poke|p1|Tapu Lele|\n|poke|p1|Pinsir, M|\n|poke|p1|Xurkitree|\n|poke|p1|Celesteela|\n|poke|p1|Tapu Koko|\n|poke|p2|Umbreon, F|\n|poke|p2|Excadrill, F|\n|poke|p2|Corviknight, F|\n|poke|p2|Tapu Fini|\n|poke|p2|Sableye, F|\n|poke|p2|Dragalge, F|\n|teampreview\n|inactive|Battle timer is ON: inactive players will automatically lose when time's up. (requested by DerGallaMan12)\n|\n|t:|1699552069\n|start\n|switch|p1a: Tapu Koko|Tapu Koko|100\/100\n|switch|p2a: Spectre of Emerald|Sableye, F, shiny|100\/100\n|-fieldstart|move: Electric Terrain|[from] ability: Electric Surge|[of] p1a: Tapu Koko\n|turn|1\n|\n|t:|1699552077\n|detailschange|p2a: Spectre of Emerald|Sableye-Mega, F, shiny\n|-mega|p2a: Spectre of Emerald|Sableye|Sablenite\n|move|p1a: Tapu Koko|U-turn|p2a: Spectre of Emerald\n|-damage|p2a: Spectre of Emerald|89\/100\n|\n|t:|1699552083\n|switch|p1a: Xurkitree|Xurkitree|100\/100|[from] U-turn\n|move|p2a: Spectre of Emerald|Recover|p2a: Spectre of Emerald\n|-heal|p2a: Spectre of Emerald|100\/100\n|\n|upkeep\n|turn|2\n|\n|t:|1699552091\n|switch|p2a: The Droplet Tear|Tapu Fini, shiny|100\/100\n|-fieldstart|move: Misty Terrain|[from] ability: Misty Surge|[of] p2a: The Droplet Tear\n|-terastallize|p1a: Xurkitree|Electric\n|move|p1a: Xurkitree|Thunderbolt|p2a: The Droplet Tear\n|-supereffective|p2a: The Droplet Tear\n|-damage|p2a: The Droplet Tear|0 fnt\n|faint|p2a: The Droplet Tear\n|-ability|p1a: Xurkitree|Beast Boost|boost\n|-boost|p1a: Xurkitree|spa|1\n|\n|upkeep\n|\n|t:|1699552096\n|switch|p2a: Agony Steelheart|Dragalge, F, shiny|100\/100\n|turn|3\n|\n|t:|1699552105\n|move|p1a: Xurkitree|Thunderbolt|p2a: Agony Steelheart\n|-resisted|p2a: Agony Steelheart\n|-damage|p2a: Agony Steelheart|65\/100\n|move|p2a: Agony Steelheart|Acid Spray|p1a: Xurkitree\n|-damage|p1a: Xurkitree|76\/100\n|-unboost|p1a: Xurkitree|spd|2\n|\n|-heal|p2a: Agony Steelheart|71\/100|[from] item: Black Sludge\n|upkeep\n|turn|4\n|\n|t:|1699552118\n|switch|p1a: Slowking|Slowking-Galar, M|100\/100\n|move|p2a: Agony Steelheart|Dragon Pulse|p1a: Slowking\n|-damage|p1a: Slowking|90\/100\n|\n|-heal|p2a: Agony Steelheart|77\/100|[from] item: Black Sludge\n|upkeep\n|turn|5\n|\n|t:|1699552128\n|switch|p2a: Spectre of Emerald|Sableye-Mega, F, shiny|100\/100\n|move|p1a: Slowking|Future Sight|p2a: Spectre of Emerald\n|-start|p1a: Slowking|move: Future Sight\n|\n|upkeep\n|turn|6\n|\n|t:|1699552134\n|move|p1a: Slowking|Scald|p2a: Spectre of Emerald\n|-damage|p2a: Spectre of Emerald|75\/100\n|move|p2a: Spectre of Emerald|Calm Mind|p2a: Spectre of Emerald\n|-boost|p2a: Spectre of Emerald|spa|1\n|-boost|p2a: Spectre of Emerald|spd|1\n|\n|-fieldend|Misty Terrain\n|upkeep\n|turn|7\n|\n|t:|1699552143\n|switch|p1a: Tapu Koko|Tapu Koko|100\/100\n|-fieldstart|move: Electric Terrain|[from] ability: Electric Surge|[of] p1a: Tapu Koko\n|move|p2a: Spectre of Emerald|Calm Mind|p2a: Spectre of Emerald\n|-boost|p2a: Spectre of Emerald|spa|1\n|-boost|p2a: Spectre of Emerald|spd|1\n|\n|-end|p2a: Spectre of Emerald|move: Future Sight\n|-immune|p2a: Spectre of Emerald\n|upkeep\n|turn|8\n|\n|t:|1699552154\n|move|p1a: Tapu Koko|U-turn|p2a: Spectre of Emerald\n|-damage|p2a: Spectre of Emerald|63\/100\n|\n|t:|1699552159\n|switch|p1a: Pinsir|Pinsir, M|100\/100|[from] U-turn\n|move|p2a: Spectre of Emerald|Recover|p2a: Spectre of Emerald\n|-heal|p2a: Spectre of Emerald|100\/100\n|\n|upkeep\n|turn|9\n|\n|t:|1699552166\n|detailschange|p1a: Pinsir|Pinsir-Mega, M\n|-mega|p1a: Pinsir|Pinsir|Pinsirite\n|move|p1a: Pinsir|Swords Dance|p1a: Pinsir\n|-boost|p1a: Pinsir|atk|2\n|move|p2a: Spectre of Emerald|Will-O-Wisp|p1a: Pinsir\n|-status|p1a: Pinsir|brn\n|\n|-damage|p1a: Pinsir|95\/100 brn|[from] brn\n|upkeep\n|turn|10\n|\n|t:|1699552177\n|move|p1a: Pinsir|Swords Dance|p1a: Pinsir\n|-boost|p1a: Pinsir|atk|2\n|move|p2a: Spectre of Emerald|Dark Pulse|p1a: Pinsir\n|-damage|p1a: Pinsir|25\/100 brn\n|\n|-damage|p1a: Pinsir|19\/100 brn|[from] brn\n|upkeep\n|turn|11\n|\n|t:|1699552187\n|move|p1a: Pinsir|Return|p2a: Spectre of Emerald\n|-damage|p2a: Spectre of Emerald|19\/100\n|move|p2a: Spectre of Emerald|Dark Pulse|p1a: Pinsir\n|-damage|p1a: Pinsir|0 fnt\n|faint|p1a: Pinsir\n|\n|upkeep\n|\n|t:|1699552201\n|switch|p1a: Tapu Koko|Tapu Koko|100\/100\n|turn|12\n|\n|t:|1699552204\n|move|p1a: Tapu Koko|U-turn|p2a: Spectre of Emerald\n|-damage|p2a: Spectre of Emerald|8\/100\n|l|\u2606DerGallaMan12\n|inactive|DerGallaMan12 disconnected and has a minute to reconnect!\n|player|p1|\n|inactive|DerGallaMan12 has 30 seconds to reconnect!\n|inactive|DerGallaMan12 has 20 seconds to reconnect!\n|inactive|DerGallaMan12 has 15 seconds to reconnect!\n|inactive|DerGallaMan12 has 10 seconds to reconnect!\n|inactive|DerGallaMan12 has 5 seconds to reconnect!\n|-message|DerGallaMan12 lost due to inactivity.\n|\n|win|RandoTestAccount\n|raw|DerGallaMan12's rating: 1306 &rarr; <strong>1286<\/strong><br \/>(-20 for losing)\n|raw|RandoTestAccount's rating: 1310 &rarr; <strong>1330<\/strong><br \/>(+20 for winning)\n","uploadtime":1699552274,"views":4,"p1id":"dergallaman12","p2id":"randotestaccount","formatid":"gen9nationaldex","rating":1286,"private":0,"password":""}