{"id":"gen9nationaldex-1993628574","p1":"ChefCapuchin","p2":"Chili D Dewd","format":"[Gen 9] National Dex","log":"|j|\u2606ChefCapuchin\n|j|\u2606Chili D Dewd\n|t:|1700339194\n|gametype|singles\n|player|p1|ChefCapuchin|colress|1685\n|player|p2|Chili D Dewd|flint|1772\n|teamsize|p1|6\n|teamsize|p2|6\n|gen|9\n|tier|[Gen 9] National Dex\n|rated|\n|rule|HP Percentage Mod: HP is shown in percentages\n|rule|Endless Battle Clause: Forcing endless battles is banned\n|rule|OHKO Clause: OHKO moves are banned\n|rule|Evasion Clause: Evasion abilities, items, and moves are banned\n|rule|Evasion Abilities Clause: Evasion abilities are banned\n|rule|Evasion Items Clause: Evasion items are banned\n|rule|Evasion Moves Clause: Evasion moves are banned\n|rule|Species Clause: Limit one of each Pok\u00e9mon\n|rule|Sleep Clause Mod: Limit one foe put to sleep\n|clearpoke\n|poke|p1|Tapu Lele|\n|poke|p1|Sneasler, M|\n|poke|p1|Mawile, M|\n|poke|p1|Landorus-Therian, M|\n|poke|p1|Magnezone|\n|poke|p1|Ferrothorn, M|\n|poke|p2|Scovillain, F|\n|poke|p2|Torkoal, F|\n|poke|p2|Great Tusk|\n|poke|p2|Houndoom, F|\n|poke|p2|Tapu Lele|\n|poke|p2|Rotom-Wash|\n|teampreview\n|inactive|Battle timer is ON: inactive players will automatically lose when time's up. (requested by ChefCapuchin)\n|inactive|ChefCapuchin has 120 seconds left.\n|\n|t:|1700339229\n|start\n|switch|p1a: Tapu Lele|Tapu Lele|100\/100\n|switch|p2a: Torkoal|Torkoal, F|100\/100\n|-fieldstart|move: Psychic Terrain|[from] ability: Psychic Surge|[of] p1a: Tapu Lele\n|-weather|SunnyDay|[from] ability: Drought|[of] p2a: Torkoal\n|turn|1\n|\n|t:|1700339245\n|switch|p2a: Tapu Lele|Tapu Lele|100\/100\n|move|p1a: Tapu Lele|Moonblast|p2a: Tapu Lele\n|-damage|p2a: Tapu Lele|47\/100\n|\n|-weather|SunnyDay|[upkeep]\n|upkeep\n|turn|2\n|\n|t:|1700339249\n|move|p1a: Tapu Lele|Moonblast|p2a: Tapu Lele\n|-damage|p2a: Tapu Lele|0 fnt\n|faint|p2a: Tapu Lele\n|\n|-weather|SunnyDay|[upkeep]\n|upkeep\n|\n|t:|1700339253\n|switch|p2a: Houndoom|Houndoom, F|100\/100\n|turn|3\n|inactive|ChefCapuchin has 120 seconds left.\n|\n|t:|1700339289\n|switch|p1a: Ferrothorn|Ferrothorn, M|100\/100\n|detailschange|p2a: Houndoom|Houndoom-Mega, F\n|-mega|p2a: Houndoom|Houndoom|Houndoominite\n|move|p2a: Houndoom|Flamethrower|p1a: Ferrothorn\n|-supereffective|p1a: Ferrothorn\n|-damage|p1a: Ferrothorn|0 fnt\n|faint|p1a: Ferrothorn\n|\n|-weather|SunnyDay|[upkeep]\n|-damage|p2a: Houndoom|88\/100|[from] ability: Solar Power|[of] p2a: Houndoom\n|upkeep\n|\n|t:|1700339304\n|switch|p1a: Landorus|Landorus-Therian, M|100\/100\n|-ability|p1a: Landorus|Intimidate|boost\n|-unboost|p2a: Houndoom|atk|1\n|turn|4\n|\n|t:|1700339308\n|switch|p2a: Rotom|Rotom-Wash|100\/100\n|move|p1a: Landorus|U-turn|p2a: Rotom\n|-damage|p2a: Rotom|78\/100\n|inactive|ChefCapuchin has 120 seconds left.\n|\n|t:|1700339321\n|switch|p1a: Magnezone|Magnezone|100\/100|[from] U-turn\n|\n|-weather|SunnyDay|[upkeep]\n|-heal|p2a: Rotom|84\/100|[from] item: Leftovers\n|upkeep\n|turn|5\n|\n|t:|1700339324\n|move|p1a: Magnezone|Substitute|p1a: Magnezone\n|-start|p1a: Magnezone|Substitute\n|-damage|p1a: Magnezone|75\/100\n|move|p2a: Rotom|Volt Switch|p1a: Magnezone\n|-resisted|p1a: Magnezone\n|-activate|p1a: Magnezone|move: Substitute|[damage]\n|\n|t:|1700339328\n|switch|p2a: Great Tusk|Great Tusk|100\/100|[from] Volt Switch\n|-activate|p2a: Great Tusk|ability: Protosynthesis\n|-start|p2a: Great Tusk|protosynthesisatk\n|\n|-weather|SunnyDay|[upkeep]\n|-fieldend|move: Psychic Terrain\n|upkeep\n|turn|6\n|\n|t:|1700339335\n|move|p2a: Great Tusk|Headlong Rush|p1a: Magnezone\n|-supereffective|p1a: Magnezone\n|-end|p1a: Magnezone|Substitute\n|-unboost|p2a: Great Tusk|def|1\n|-unboost|p2a: Great Tusk|spd|1\n|move|p1a: Magnezone|Flash Cannon|p2a: Great Tusk\n|-damage|p2a: Great Tusk|0 fnt\n|faint|p2a: Great Tusk\n|-end|p2a: Great Tusk|Protosynthesis|[silent]\n|\n|-weather|SunnyDay|[upkeep]\n|upkeep\n|\n|t:|1700339338\n|switch|p2a: Scovillain|Scovillain, F|100\/100\n|turn|7\n|\n|t:|1700339366\n|switch|p1a: Tapu Lele|Tapu Lele|100\/100\n|-fieldstart|move: Psychic Terrain|[from] ability: Psychic Surge|[of] p1a: Tapu Lele\n|move|p2a: Scovillain|Fire Blast|p1a: Tapu Lele\n|-damage|p1a: Tapu Lele|0 fnt\n|faint|p1a: Tapu Lele\n|-damage|p2a: Scovillain|91\/100|[from] item: Life Orb\n|\n|-weather|SunnyDay|[upkeep]\n|upkeep\n|\n|t:|1700339376\n|switch|p1a: Magnezone|Magnezone|75\/100\n|turn|8\n|\n|t:|1700339379\n|move|p2a: Scovillain|Fire Blast|p1a: Magnezone\n|-supereffective|p1a: Magnezone\n|-damage|p1a: Magnezone|0 fnt\n|faint|p1a: Magnezone\n|-damage|p2a: Scovillain|81\/100|[from] item: Life Orb\n|\n|-weather|none\n|upkeep\n|\n|t:|1700339381\n|switch|p1a: Sneasler|Sneasler, M|100\/100\n|-enditem|p1a: Sneasler|Psychic Seed\n|-boost|p1a: Sneasler|spd|1|[from] item: Psychic Seed\n|turn|9\n|\n|t:|1700339388\n|switch|p2a: Torkoal|Torkoal, F|100\/100\n|-weather|SunnyDay|[from] ability: Drought|[of] p2a: Torkoal\n|move|p1a: Sneasler|Swords Dance|p1a: Sneasler\n|-boost|p1a: Sneasler|atk|2\n|\n|-weather|SunnyDay|[upkeep]\n|upkeep\n|turn|10\n|\n|t:|1700339393\n|move|p1a: Sneasler|Gunk Shot|p2a: Torkoal\n|-damage|p2a: Torkoal|21\/100\n|move|p2a: Torkoal|Yawn|p1a: Sneasler\n|-start|p1a: Sneasler|move: Yawn|[of] p2a: Torkoal\n|\n|-weather|SunnyDay|[upkeep]\n|upkeep\n|turn|11\n|\n|t:|1700339403\n|switch|p2a: Rotom|Rotom-Wash|84\/100\n|move|p1a: Sneasler|Close Combat|p2a: Rotom\n|-crit|p2a: Rotom\n|-damage|p2a: Rotom|0 fnt\n|-unboost|p1a: Sneasler|def|1\n|-unboost|p1a: Sneasler|spd|1\n|faint|p2a: Rotom\n|\n|-weather|SunnyDay|[upkeep]\n|-end|p1a: Sneasler|move: Yawn|[silent]\n|-status|p1a: Sneasler|slp\n|-fieldend|move: Psychic Terrain\n|upkeep\n|\n|t:|1700339408\n|switch|p2a: Scovillain|Scovillain, F|81\/100\n|turn|12\n|\n|t:|1700339415\n|cant|p1a: Sneasler|slp\n|move|p2a: Scovillain|Fire Blast|p1a: Sneasler\n|-crit|p1a: Sneasler\n|-damage|p1a: Sneasler|0 fnt\n|faint|p1a: Sneasler\n|-damage|p2a: Scovillain|71\/100|[from] item: Life Orb\n|\n|-weather|SunnyDay|[upkeep]\n|upkeep\n|\n|t:|1700339430\n|switch|p1a: Mawile|Mawile, M|100\/100\n|turn|13\n|\n|t:|1700339433\n|switch|p2a: Houndoom|Houndoom-Mega, F|88\/100\n|detailschange|p1a: Mawile|Mawile-Mega, M\n|-mega|p1a: Mawile|Mawile|Mawilite\n|move|p1a: Mawile|Knock Off|p2a: Houndoom\n|-resisted|p2a: Houndoom\n|-damage|p2a: Houndoom|60\/100\n|\n|-weather|SunnyDay|[upkeep]\n|-damage|p2a: Houndoom|48\/100|[from] ability: Solar Power|[of] p2a: Houndoom\n|upkeep\n|turn|14\n|\n|t:|1700339436\n|move|p2a: Houndoom|Flamethrower|p1a: Mawile\n|-supereffective|p1a: Mawile\n|-damage|p1a: Mawile|0 fnt\n|faint|p1a: Mawile\n|\n|-weather|SunnyDay|[upkeep]\n|-damage|p2a: Houndoom|35\/100|[from] ability: Solar Power|[of] p2a: Houndoom\n|upkeep\n|\n|t:|1700339438\n|switch|p1a: Landorus|Landorus-Therian, M|100\/100\n|-ability|p1a: Landorus|Intimidate|boost\n|-unboost|p2a: Houndoom|atk|1\n|turn|15\n|\n|t:|1700339444\n|-terastallize|p1a: Landorus|Water\n|move|p2a: Houndoom|Flamethrower|p1a: Landorus\n|-resisted|p1a: Landorus\n|-damage|p1a: Landorus|44\/100\n|move|p1a: Landorus|Earthquake|p2a: Houndoom\n|-supereffective|p2a: Houndoom\n|-damage|p2a: Houndoom|0 fnt\n|faint|p2a: Houndoom\n|\n|-weather|SunnyDay|[upkeep]\n|upkeep\n|\n|t:|1700339447\n|switch|p2a: Scovillain|Scovillain, F|71\/100\n|turn|16\n|\n|t:|1700339451\n|move|p2a: Scovillain|Giga Drain|p1a: Landorus\n|-supereffective|p1a: Landorus\n|-damage|p1a: Landorus|0 fnt\n|-heal|p2a: Scovillain|100\/100|[from] drain|[of] p1a: Landorus\n|faint|p1a: Landorus\n|-damage|p2a: Scovillain|91\/100|[from] item: Life Orb\n|\n|win|Chili D Dewd\n|raw|ChefCapuchin's rating: 1685 &rarr; <strong>1670<\/strong><br \/>(-15 for losing)\n|raw|Chili D Dewd's rating: 1772 &rarr; <strong>1787<\/strong><br \/>(+15 for winning)\n|c|\u2606Chili D Dewd|Gg\n|l|\u2606ChefCapuchin\n|l|\u2606Chili D Dewd\n|j|\u2606Chili D Dewd\n|player|p2|Chili D Dewd|flint\n","uploadtime":1700339487,"views":48,"p1id":"chefcapuchin","p2id":"chiliddewd","formatid":"gen9nationaldex","rating":1670,"private":0,"password":""}