{"id":"gen9nationaldex-1990445797","p1":"Ezio de Poketore","p2":"bpmw07112","format":"[Gen 9] National Dex","log":"|j|\u2606Ezio de Poketore\n|j|\u2606bpmw07112\n|t:|1699971712\n|gametype|singles\n|player|p1|Ezio de Poketore|n-masters3|1328\n|player|p2|bpmw07112|lana|1215\n|teamsize|p1|6\n|teamsize|p2|6\n|gen|9\n|tier|[Gen 9] National Dex\n|rated|\n|rule|HP Percentage Mod: HP is shown in percentages\n|rule|Endless Battle Clause: Forcing endless battles is banned\n|rule|OHKO Clause: OHKO moves are banned\n|rule|Evasion Clause: Evasion abilities, items, and moves are banned\n|rule|Evasion Abilities Clause: Evasion abilities are banned\n|rule|Evasion Items Clause: Evasion items are banned\n|rule|Evasion Moves Clause: Evasion moves are banned\n|rule|Species Clause: Limit one of each Pok\u00e9mon\n|rule|Sleep Clause Mod: Limit one foe put to sleep\n|clearpoke\n|poke|p1|Gliscor, F|\n|poke|p1|Tapu Koko|\n|poke|p1|Skeledirge, M|\n|poke|p1|Rotom-Wash|\n|poke|p1|Zamazenta-*|\n|poke|p1|Clodsire, M|\n|poke|p2|Corsola-Galar, F|\n|poke|p2|Charizard, M|\n|poke|p2|Aurorus, M|\n|poke|p2|Great Tusk|\n|poke|p2|Vaporeon, M|\n|poke|p2|Venusaur, F|\n|teampreview\n|inactive|Battle timer is ON: inactive players will automatically lose when time's up. (requested by Ezio de Poketore)\n|c|\u2606Ezio de Poketore|glhf\n|\n|t:|1699971726\n|start\n|switch|p1a: Clodsire|Clodsire, M|100\/100\n|switch|p2a: Great Tusk|Great Tusk|100\/100\n|turn|1\n|c|\u2606bpmw07112|u two\n|\n|t:|1699971746\n|switch|p1a: Gliscor|Gliscor, F, shiny|100\/100\n|move|p2a: Great Tusk|Earthquake|p1a: Gliscor\n|-immune|p1a: Gliscor\n|\n|-status|p1a: Gliscor|tox|[from] item: Toxic Orb\n|upkeep\n|turn|2\n|\n|t:|1699971756\n|move|p2a: Great Tusk|Ice Spinner|p1a: Gliscor\n|-supereffective|p1a: Gliscor\n|-damage|p1a: Gliscor|11\/100 tox\n|move|p1a: Gliscor|Swords Dance|p1a: Gliscor\n|-boost|p1a: Gliscor|atk|2\n|\n|-heal|p1a: Gliscor|23\/100 tox|[from] ability: Poison Heal\n|upkeep\n|turn|3\n|\n|t:|1699971762\n|switch|p1a: Rotom|Rotom-Wash, shiny|100\/100\n|move|p2a: Great Tusk|Ice Spinner|p1a: Rotom\n|-resisted|p1a: Rotom\n|-damage|p1a: Rotom|89\/100\n|\n|-heal|p1a: Rotom|95\/100|[from] item: Leftovers\n|upkeep\n|turn|4\n|\n|t:|1699971778\n|-end|p2a: Great Tusk|Protosynthesis|[silent]\n|switch|p2a: Vaporeon|Vaporeon, M|100\/100\n|move|p1a: Rotom|Hydro Pump|p2a: Vaporeon\n|-immune|p2a: Vaporeon|[from] ability: Water Absorb\n|\n|-heal|p1a: Rotom|100\/100|[from] item: Leftovers\n|upkeep\n|turn|5\n|\n|t:|1699971783\n|switch|p2a: Venusaur|Venusaur, F|100\/100\n|move|p1a: Rotom|Volt Switch|p2a: Venusaur\n|-resisted|p2a: Venusaur\n|-damage|p2a: Venusaur|85\/100\n|\n|t:|1699971788\n|switch|p1a: Skeledirge|Skeledirge, M|100\/100|[from] Volt Switch\n|\n|upkeep\n|turn|6\n|inactive|bpmw07112 has 120 seconds left.\n|\n|t:|1699971821\n|switch|p2a: Charizard|Charizard, M|100\/100\n|move|p1a: Skeledirge|Will-O-Wisp|p2a: Charizard|[miss]\n|-miss|p1a: Skeledirge|p2a: Charizard\n|\n|upkeep\n|turn|7\n|\n|t:|1699971829\n|detailschange|p2a: Charizard|Charizard-Mega-Y, M\n|-mega|p2a: Charizard|Charizard|Charizardite Y\n|-weather|SunnyDay|[from] ability: Drought|[of] p2a: Charizard\n|move|p2a: Charizard|Scorching Sands|p1a: Skeledirge\n|-supereffective|p1a: Skeledirge\n|-damage|p1a: Skeledirge|44\/100\n|move|p1a: Skeledirge|Will-O-Wisp|p2a: Charizard\n|-immune|p2a: Charizard\n|\n|-weather|SunnyDay|[upkeep]\n|upkeep\n|turn|8\n|\n|t:|1699971833\n|move|p2a: Charizard|Scorching Sands|p1a: Skeledirge\n|-supereffective|p1a: Skeledirge\n|-damage|p1a: Skeledirge|0 fnt\n|faint|p1a: Skeledirge\n|\n|-weather|SunnyDay|[upkeep]\n|upkeep\n|\n|t:|1699971837\n|switch|p1a: Tapu Koko|Tapu Koko, shiny|100\/100\n|-fieldstart|move: Electric Terrain|[from] ability: Electric Surge|[of] p1a: Tapu Koko\n|turn|9\n|\n|t:|1699971849\n|switch|p2a: Great Tusk|Great Tusk|100\/100\n|-activate|p2a: Great Tusk|ability: Protosynthesis\n|-start|p2a: Great Tusk|protosynthesisatk\n|move|p1a: Tapu Koko|U-turn|p2a: Great Tusk\n|-resisted|p2a: Great Tusk\n|-damage|p2a: Great Tusk|94\/100\n|\n|t:|1699971859\n|switch|p1a: Zamazenta|Zamazenta|100\/100|[from] U-turn\n|-ability|p1a: Zamazenta|Dauntless Shield|boost\n|-boost|p1a: Zamazenta|def|1\n|\n|-weather|SunnyDay|[upkeep]\n|upkeep\n|turn|10\n|\n|t:|1699971882\n|move|p1a: Zamazenta|Ice Fang|p2a: Great Tusk\n|-supereffective|p2a: Great Tusk\n|-crit|p2a: Great Tusk\n|-damage|p2a: Great Tusk|43\/100\n|move|p2a: Great Tusk|Rapid Spin|p1a: Zamazenta\n|-damage|p1a: Zamazenta|86\/100\n|-boost|p2a: Great Tusk|spe|1\n|\n|-weather|SunnyDay|[upkeep]\n|upkeep\n|turn|11\n|\n|t:|1699971891\n|move|p2a: Great Tusk|Earthquake|p1a: Zamazenta\n|-damage|p1a: Zamazenta|41\/100\n|move|p1a: Zamazenta|Ice Fang|p2a: Great Tusk\n|-supereffective|p2a: Great Tusk\n|-damage|p2a: Great Tusk|11\/100\n|\n|-weather|none\n|-end|p2a: Great Tusk|Protosynthesis\n|upkeep\n|turn|12\n|\n|t:|1699971898\n|move|p2a: Great Tusk|Earthquake|p1a: Zamazenta\n|-damage|p1a: Zamazenta|6\/100\n|move|p1a: Zamazenta|Ice Fang|p2a: Great Tusk\n|-supereffective|p2a: Great Tusk\n|-damage|p2a: Great Tusk|0 fnt\n|faint|p2a: Great Tusk\n|-end|p2a: Great Tusk|Protosynthesis|[silent]\n|\n|upkeep\n|inactive|bpmw07112 has 120 seconds left.\n|\n|t:|1699971924\n|switch|p2a: Vaporeon|Vaporeon, M|100\/100\n|turn|13\n|\n|t:|1699971933\n|-zpower|p1a: Zamazenta\n|move|p1a: Zamazenta|Gigavolt Havoc|p2a: Vaporeon|[zeffect]\n|-supereffective|p2a: Vaporeon\n|-damage|p2a: Vaporeon|0 fnt\n|faint|p2a: Vaporeon\n|\n|-fieldend|move: Electric Terrain\n|upkeep\n|\n|t:|1699971940\n|switch|p2a: Charizard|Charizard-Mega-Y, M|100\/100\n|-weather|SunnyDay|[from] ability: Drought|[of] p2a: Charizard\n|turn|14\n|inactive|bpmw07112 has 120 seconds left.\n|\n|t:|1699971956\n|move|p1a: Zamazenta|Wild Charge|p2a: Charizard\n|-supereffective|p2a: Charizard\n|-damage|p2a: Charizard|18\/100\n|-damage|p1a: Zamazenta|0 fnt|[from] Recoil\n|faint|p1a: Zamazenta\n|move|p2a: Charizard|Solar Beam||[still]\n|-prepare|p2a: Charizard|Solar Beam\n|-anim|p2a: Charizard|Solar Beam|p1: Zamazenta|[notarget]\n|-fail|p2a: Charizard\n|\n|-weather|SunnyDay|[upkeep]\n|upkeep\n|\n|t:|1699971966\n|switch|p1a: Tapu Koko|Tapu Koko, shiny|100\/100\n|-fieldstart|move: Electric Terrain|[from] ability: Electric Surge|[of] p1a: Tapu Koko\n|turn|15\n|\n|t:|1699971974\n|switch|p2a: Venusaur|Venusaur, F|85\/100\n|move|p1a: Tapu Koko|Thunderbolt|p2a: Venusaur\n|-resisted|p2a: Venusaur\n|-damage|p2a: Venusaur|58\/100\n|\n|-weather|SunnyDay|[upkeep]\n|upkeep\n|turn|16\n|\n|t:|1699971978\n|move|p2a: Venusaur|Growth|p2a: Venusaur\n|-boost|p2a: Venusaur|atk|2\n|-boost|p2a: Venusaur|spa|2\n|move|p1a: Tapu Koko|U-turn|p2a: Venusaur\n|-damage|p2a: Venusaur|36\/100\n|\n|t:|1699972003\n|switch|p1a: Clodsire|Clodsire, M|100\/100|[from] U-turn\n|\n|-weather|SunnyDay|[upkeep]\n|upkeep\n|turn|17\n|\n|t:|1699972006\n|move|p2a: Venusaur|Earth Power|p1a: Clodsire\n|-supereffective|p1a: Clodsire\n|-damage|p1a: Clodsire|65\/100\n|-damage|p2a: Venusaur|26\/100|[from] item: Life Orb\n|move|p1a: Clodsire|Toxic|p2a: Venusaur\n|-immune|p2a: Venusaur\n|\n|-weather|SunnyDay|[upkeep]\n|upkeep\n|turn|18\n|\n|t:|1699972025\n|move|p2a: Venusaur|Growth|p2a: Venusaur\n|-boost|p2a: Venusaur|atk|2\n|-boost|p2a: Venusaur|spa|2\n|move|p1a: Clodsire|Earthquake|p2a: Venusaur\n|-damage|p2a: Venusaur|0 fnt\n|faint|p2a: Venusaur\n|\n|-weather|none\n|upkeep\n|\n|t:|1699972036\n|switch|p2a: Aurorus|Aurorus, M|100\/100\n|turn|19\n|\n|t:|1699972048\n|switch|p1a: Rotom|Rotom-Wash, shiny|100\/100\n|move|p2a: Aurorus|Meteor Beam||[still]\n|-prepare|p2a: Aurorus|Meteor Beam\n|-boost|p2a: Aurorus|spa|1\n|-enditem|p2a: Aurorus|Power Herb\n|-anim|p2a: Aurorus|Meteor Beam|p1a: Rotom\n|-damage|p1a: Rotom|17\/100\n|\n|-heal|p1a: Rotom|23\/100|[from] item: Leftovers\n|-fieldend|move: Electric Terrain\n|upkeep\n|turn|20\n|\n|t:|1699972058\n|move|p2a: Aurorus|Rock Polish|p2a: Aurorus\n|-boost|p2a: Aurorus|spe|2\n|move|p1a: Rotom|Pain Split|p2a: Aurorus\n|-sethp|p2a: Aurorus|59\/100|[from] move: Pain Split|[silent]\n|-sethp|p1a: Rotom|75\/100|[from] move: Pain Split\n|\n|-heal|p1a: Rotom|81\/100|[from] item: Leftovers\n|upkeep\n|turn|21\n|\n|t:|1699972068\n|-terastallize|p1a: Rotom|Steel\n|move|p2a: Aurorus|Hyper Voice|p1a: Rotom\n|-resisted|p1a: Rotom\n|-damage|p1a: Rotom|39\/100\n|move|p1a: Rotom|Hydro Pump|p2a: Aurorus\n|-supereffective|p2a: Aurorus\n|-damage|p2a: Aurorus|0 fnt\n|faint|p2a: Aurorus\n|\n|-heal|p1a: Rotom|45\/100|[from] item: Leftovers\n|upkeep\n|\n|t:|1699972070\n|switch|p2a: Corsola|Corsola-Galar, F|100\/100\n|turn|22\n|\n|t:|1699972077\n|switch|p1a: Gliscor|Gliscor, F, shiny|23\/100 tox\n|move|p2a: Corsola|Calm Mind|p2a: Corsola\n|-boost|p2a: Corsola|spa|1\n|-boost|p2a: Corsola|spd|1\n|\n|-heal|p1a: Gliscor|36\/100 tox|[from] ability: Poison Heal\n|upkeep\n|turn|23\n|\n|t:|1699972081\n|move|p1a: Gliscor|Roost|p1a: Gliscor\n|-heal|p1a: Gliscor|86\/100 tox\n|-singleturn|p1a: Gliscor|move: Roost\n|move|p2a: Corsola|Shadow Ball|p1a: Gliscor\n|-damage|p1a: Gliscor|61\/100 tox\n|\n|-heal|p1a: Gliscor|73\/100 tox|[from] ability: Poison Heal\n|upkeep\n|turn|24\n|\n|t:|1699972085\n|move|p1a: Gliscor|Swords Dance|p1a: Gliscor\n|-boost|p1a: Gliscor|atk|2\n|move|p2a: Corsola|Strength Sap|p1a: Gliscor\n|-unboost|p1a: Gliscor|atk|1\n|\n|-heal|p1a: Gliscor|86\/100 tox|[from] ability: Poison Heal\n|upkeep\n|turn|25\n|\n|t:|1699972088\n|move|p1a: Gliscor|Swords Dance|p1a: Gliscor\n|-boost|p1a: Gliscor|atk|2\n|move|p2a: Corsola|Strength Sap|p1a: Gliscor\n|-unboost|p1a: Gliscor|atk|1\n|\n|-heal|p1a: Gliscor|98\/100 tox|[from] ability: Poison Heal\n|upkeep\n|turn|26\n|\n|t:|1699972090\n|move|p1a: Gliscor|Swords Dance|p1a: Gliscor\n|-boost|p1a: Gliscor|atk|2\n|move|p2a: Corsola|Shadow Ball|p1a: Gliscor\n|-damage|p1a: Gliscor|72\/100 tox\n|\n|-heal|p1a: Gliscor|84\/100 tox|[from] ability: Poison Heal\n|upkeep\n|turn|27\n|\n|t:|1699972095\n|move|p1a: Gliscor|Swords Dance|p1a: Gliscor\n|-boost|p1a: Gliscor|atk|2\n|move|p2a: Corsola|Shadow Ball|p1a: Gliscor\n|-damage|p1a: Gliscor|58\/100 tox\n|\n|-heal|p1a: Gliscor|70\/100 tox|[from] ability: Poison Heal\n|upkeep\n|turn|28\n|\n|t:|1699972098\n|move|p1a: Gliscor|Roost|p1a: Gliscor\n|-heal|p1a: Gliscor|100\/100 tox\n|-singleturn|p1a: Gliscor|move: Roost\n|move|p2a: Corsola|Shadow Ball|p1a: Gliscor\n|-damage|p1a: Gliscor|74\/100 tox\n|\n|-heal|p1a: Gliscor|86\/100 tox|[from] ability: Poison Heal\n|upkeep\n|turn|29\n|\n|t:|1699972102\n|move|p1a: Gliscor|Facade|p2a: Corsola\n|-immune|p2a: Corsola\n|move|p2a: Corsola|Calm Mind|p2a: Corsola\n|-boost|p2a: Corsola|spa|1\n|-boost|p2a: Corsola|spd|1\n|\n|-heal|p1a: Gliscor|99\/100 tox|[from] ability: Poison Heal\n|upkeep\n|turn|30\n|\n|t:|1699972105\n|move|p1a: Gliscor|Earthquake|p2a: Corsola\n|-damage|p2a: Corsola|25\/100\n|move|p2a: Corsola|Calm Mind|p2a: Corsola\n|-boost|p2a: Corsola|spa|1\n|-boost|p2a: Corsola|spd|1\n|\n|-heal|p1a: Gliscor|100\/100 tox|[from] ability: Poison Heal\n|upkeep\n|turn|31\n|\n|t:|1699972111\n|move|p1a: Gliscor|Earthquake|p2a: Corsola\n|-damage|p2a: Corsola|0 fnt\n|-start|p1a: Gliscor|Disable|Earthquake|[from] ability: Cursed Body|[of] p2a: Corsola\n|faint|p2a: Corsola\n|\n|upkeep\n|\n|t:|1699972112\n|switch|p2a: Charizard|Charizard-Mega-Y, M|18\/100\n|-weather|SunnyDay|[from] ability: Drought|[of] p2a: Charizard\n|turn|32\n|c|\u2606Ezio de Poketore|gg\n|\n|t:|1699972120\n|move|p2a: Charizard|Roost|p2a: Charizard\n|-heal|p2a: Charizard|69\/100\n|-singleturn|p2a: Charizard|move: Roost\n|move|p1a: Gliscor|Facade|p2a: Charizard\n|-damage|p2a: Charizard|0 fnt\n|faint|p2a: Charizard\n|\n|win|Ezio de Poketore\n|raw|Ezio de Poketore's rating: 1328 &rarr; <strong>1342<\/strong><br \/>(+14 for winning)\n|raw|bpmw07112's rating: 1215 &rarr; <strong>1198<\/strong><br \/>(-17 for losing)\n","uploadtime":1699972126,"views":4,"p1id":"eziodepoketore","p2id":"bpmw07112","formatid":"gen9nationaldex","rating":1198,"private":0,"password":""}