{"id":"gen9nationaldex-1997033562","p1":"DiamondDiancie25","p2":"Kir1ku","format":"[Gen 9] National Dex","log":"|html|<div class=\"broadcast-blue\"><strong>[Gen 9] National Dex is currently suspecting Sneasler! For information on how to participate check out the <a href=\"https:\/\/www.smogon.com\/forums\/threads\/sv-national-dex-suspect-8-just-dance.3731534\/\">suspect thread<\/a>.<\/strong><\/div>\n|j|\u2606DiamondDiancie25\n|j|\u2606Kir1ku\n|t:|1700757783\n|gametype|singles\n|player|p1|DiamondDiancie25|psychic-gen4|1434\n|player|p2|Kir1ku|ethan|1546\n|teamsize|p1|6\n|teamsize|p2|6\n|gen|9\n|tier|[Gen 9] National Dex\n|rated|\n|rule|HP Percentage Mod: HP is shown in percentages\n|rule|Endless Battle Clause: Forcing endless battles is banned\n|rule|OHKO Clause: OHKO moves are banned\n|rule|Evasion Clause: Evasion abilities, items, and moves are banned\n|rule|Evasion Abilities Clause: Evasion abilities are banned\n|rule|Evasion Items Clause: Evasion items are banned\n|rule|Evasion Moves Clause: Evasion moves are banned\n|rule|Species Clause: Limit one of each Pok\u00e9mon\n|rule|Sleep Clause Mod: Limit one foe put to sleep\n|clearpoke\n|poke|p1|Tyranitar, M|\n|poke|p1|Gliscor, F|\n|poke|p1|Iron Valiant|\n|poke|p1|Tapu Koko|\n|poke|p1|Heatran, M|\n|poke|p1|Alomomola, M|\n|poke|p2|Raikou|\n|poke|p2|Suicune|\n|poke|p2|Entei|\n|poke|p2|Mawile, F|\n|poke|p2|Ferrothorn, F|\n|poke|p2|Gliscor, M|\n|teampreview\n|inactive|Battle timer is ON: inactive players will automatically lose when time's up. (requested by Kir1ku)\n|\n|t:|1700757806\n|start\n|switch|p1a: Heatran|Heatran, M|100\/100\n|switch|p2a: Raikou|Raikou|100\/100\n|turn|1\n|\n|t:|1700757812\n|-terastallize|p2a: Raikou|Electric\n|move|p2a: Raikou|Volt Switch|p1a: Heatran\n|-damage|p1a: Heatran|46\/100\n|\n|t:|1700757816\n|switch|p2a: just ain't right|Gliscor, M|100\/100|[from] Volt Switch\n|move|p1a: Heatran|Stealth Rock|p2a: just ain't right\n|-sidestart|p2: Kir1ku|move: Stealth Rock\n|\n|-status|p2a: just ain't right|tox|[from] item: Toxic Orb\n|upkeep\n|turn|2\n|\n|t:|1700757835\n|switch|p1a: Alomomola|Alomomola, M|100\/100\n|move|p2a: just ain't right|Defog|p1a: Alomomola\n|-unboost|p1a: Alomomola|evasion|1\n|-sideend|p2: Kir1ku|Stealth Rock|[from] move: Defog|[of] p2a: just ain't right\n|\n|upkeep\n|turn|3\n|\n|t:|1700757842\n|move|p2a: just ain't right|Toxic|p1a: Alomomola\n|-status|p1a: Alomomola|tox\n|move|p1a: Alomomola|Wish|p1a: Alomomola\n|\n|-damage|p1a: Alomomola|94\/100 tox|[from] psn\n|upkeep\n|turn|4\n|\n|t:|1700757848\n|move|p2a: just ain't right|Earthquake|p1a: Alomomola\n|-damage|p1a: Alomomola|75\/100 tox\n|move|p1a: Alomomola|Flip Turn|p2a: just ain't right\n|-supereffective|p2a: just ain't right\n|-damage|p2a: just ain't right|76\/100 tox\n|\n|t:|1700757853\n|switch|p1a: Heatran|Heatran, M|46\/100|[from] Flip Turn\n|\n|-heal|p1a: Heatran|100\/100|[from] move: Wish|[wisher] Alomomola\n|-heal|p2a: just ain't right|89\/100 tox|[from] ability: Poison Heal\n|upkeep\n|turn|5\n|\n|t:|1700757860\n|switch|p1a: Gliscor|Gliscor, F|100\/100\n|move|p2a: just ain't right|Earthquake|p1a: Gliscor\n|-immune|p1a: Gliscor\n|\n|-heal|p2a: just ain't right|100\/100 tox|[from] ability: Poison Heal\n|-status|p1a: Gliscor|tox|[from] item: Toxic Orb\n|upkeep\n|turn|6\n|\n|t:|1700757875\n|switch|p1a: Alomomola|Alomomola, M|100\/100 tox\n|switch|p2a: it's unnatural|Ferrothorn, F|100\/100\n|\n|-damage|p1a: Alomomola|94\/100 tox|[from] psn\n|upkeep\n|turn|7\n|\n|t:|1700757882\n|move|p1a: Alomomola|Knock Off|p2a: it's unnatural\n|-damage|p2a: it's unnatural|91\/100\n|-damage|p1a: Alomomola|82\/100 tox|[from] ability: Iron Barbs|[of] p2a: it's unnatural\n|-damage|p1a: Alomomola|65\/100 tox|[from] item: Rocky Helmet|[of] p2a: it's unnatural\n|-enditem|p2a: it's unnatural|Rocky Helmet|[from] move: Knock Off|[of] p1a: Alomomola\n|move|p2a: it's unnatural|Stealth Rock|p1a: Alomomola\n|-sidestart|p1: DiamondDiancie25|move: Stealth Rock\n|\n|-damage|p1a: Alomomola|53\/100 tox|[from] psn\n|upkeep\n|turn|8\n|\n|t:|1700757894\n|switch|p1a: Heatran|Heatran, M|100\/100\n|move|p2a: it's unnatural|Power Whip|p1a: Heatran\n|-resisted|p1a: Heatran\n|-damage|p1a: Heatran|92\/100\n|\n|upkeep\n|turn|9\n|\n|t:|1700757903\n|switch|p2a: Entei|Entei|100\/100\n|move|p1a: Heatran|Lava Plume|p2a: Entei\n|-resisted|p2a: Entei\n|-damage|p2a: Entei|73\/100\n|\n|upkeep\n|turn|10\n|\n|t:|1700757909\n|move|p2a: Entei|Stomping Tantrum|p1a: Heatran\n|-supereffective|p1a: Heatran\n|-damage|p1a: Heatran|0 fnt\n|faint|p1a: Heatran\n|-damage|p2a: Entei|63\/100|[from] item: Life Orb\n|\n|upkeep\n|\n|t:|1700757924\n|switch|p1a: Tyranitar|Tyranitar, M|100\/100\n|-damage|p1a: Tyranitar|88\/100|[from] Stealth Rock\n|-weather|Sandstorm|[from] ability: Sand Stream|[of] p1a: Tyranitar\n|turn|11\n|\n|t:|1700757932\n|detailschange|p1a: Tyranitar|Tyranitar-Mega, M\n|-mega|p1a: Tyranitar|Tyranitar|Tyranitarite\n|move|p2a: Entei|Sacred Fire|p1a: Tyranitar\n|-resisted|p1a: Tyranitar\n|-damage|p1a: Tyranitar|65\/100\n|-damage|p2a: Entei|53\/100|[from] item: Life Orb\n|move|p1a: Tyranitar|Dragon Dance|p1a: Tyranitar\n|-boost|p1a: Tyranitar|atk|1\n|-boost|p1a: Tyranitar|spe|1\n|\n|-weather|Sandstorm|[upkeep]\n|-damage|p2a: Entei|46\/100|[from] Sandstorm\n|upkeep\n|turn|12\n|\n|t:|1700757943\n|switch|p2a: it's unnatural|Ferrothorn, F|91\/100\n|move|p1a: Tyranitar|Knock Off|p2a: it's unnatural\n|-crit|p2a: it's unnatural\n|-damage|p2a: it's unnatural|34\/100\n|-damage|p1a: Tyranitar|53\/100|[from] ability: Iron Barbs|[of] p2a: it's unnatural\n|\n|-weather|Sandstorm|[upkeep]\n|upkeep\n|turn|13\n|\n|t:|1700757955\n|move|p1a: Tyranitar|Knock Off|p2a: it's unnatural\n|-damage|p2a: it's unnatural|0 fnt\n|-damage|p1a: Tyranitar|40\/100|[from] ability: Iron Barbs|[of] p2a: it's unnatural\n|faint|p2a: it's unnatural\n|\n|-weather|Sandstorm|[upkeep]\n|upkeep\n|\n|t:|1700757963\n|switch|p2a: just ain't right|Gliscor, M|100\/100 tox\n|turn|14\n|\n|t:|1700757966\n|move|p1a: Tyranitar|Ice Punch|p2a: just ain't right\n|-supereffective|p2a: just ain't right\n|-damage|p2a: just ain't right|0 fnt\n|faint|p2a: just ain't right\n|\n|-weather|Sandstorm|[upkeep]\n|upkeep\n|\n|t:|1700757975\n|switch|p2a: Suicune|Suicune|100\/100\n|-ability|p2a: Suicune|Pressure\n|turn|15\n|\n|t:|1700757981\n|switch|p1a: Alomomola|Alomomola, M|86\/100 tox\n|move|p2a: Suicune|Scald|p1a: Alomomola\n|-resisted|p1a: Alomomola\n|-damage|p1a: Alomomola|72\/100 tox\n|\n|-weather|none\n|-damage|p1a: Alomomola|66\/100 tox|[from] psn\n|upkeep\n|turn|16\n|\n|t:|1700757988\n|switch|p2a: Raikou|Raikou, tera:Electric|100\/100\n|move|p1a: Alomomola|Wish|p1a: Alomomola\n|\n|-damage|p1a: Alomomola|53\/100 tox|[from] psn\n|upkeep\n|turn|17\n|\n|t:|1700757998\n|move|p1a: Alomomola|Protect|p1a: Alomomola\n|-singleturn|p1a: Alomomola|Protect\n|move|p2a: Raikou|Scald|p1a: Alomomola\n|-activate|p1a: Alomomola|move: Protect\n|\n|-heal|p1a: Alomomola|100\/100 tox|[from] move: Wish|[wisher] Alomomola\n|-damage|p1a: Alomomola|82\/100 tox|[from] psn\n|upkeep\n|turn|18\n|\n|t:|1700758006\n|switch|p2a: Maw|Mawile, F, shiny|100\/100\n|-ability|p2a: Maw|Intimidate|boost\n|-unboost|p1a: Alomomola|atk|1\n|move|p1a: Alomomola|Wish|p1a: Alomomola\n|\n|-damage|p1a: Alomomola|57\/100 tox|[from] psn\n|upkeep\n|turn|19\n|\n|t:|1700758012\n|move|p1a: Alomomola|Flip Turn|p2a: Maw\n|-damage|p2a: Maw|87\/100\n|\n|t:|1700758019\n|switch|p1a: Tyranitar|Tyranitar-Mega, M|40\/100|[from] Flip Turn\n|-damage|p1a: Tyranitar|28\/100|[from] Stealth Rock\n|-weather|Sandstorm|[from] ability: Sand Stream|[of] p1a: Tyranitar\n|move|p2a: Maw|Swords Dance|p2a: Maw\n|-boost|p2a: Maw|atk|2\n|\n|-weather|Sandstorm|[upkeep]\n|-heal|p1a: Tyranitar|100\/100|[from] move: Wish|[wisher] Alomomola\n|upkeep\n|turn|20\n|inactive|DiamondDiancie25 has 120 seconds left.\n|\n|t:|1700758052\n|detailschange|p2a: Maw|Mawile-Mega, F, shiny\n|-mega|p2a: Maw|Mawile|Mawilite\n|move|p1a: Tyranitar|Stone Edge|p2a: Maw\n|-resisted|p2a: Maw\n|-damage|p2a: Maw|56\/100\n|move|p2a: Maw|Play Rough|p1a: Tyranitar\n|-supereffective|p1a: Tyranitar\n|-damage|p1a: Tyranitar|0 fnt\n|faint|p1a: Tyranitar\n|\n|-weather|Sandstorm|[upkeep]\n|upkeep\n|inactive|DiamondDiancie25 has 120 seconds left.\n|\n|t:|1700758063\n|switch|p1a: Gliscor|Gliscor, F|100\/100 tox\n|-damage|p1a: Gliscor|88\/100 tox|[from] Stealth Rock\n|turn|21\n|\n|t:|1700758075\n|move|p2a: Maw|Sucker Punch||[still]\n|-fail|p2a: Maw\n|move|p1a: Gliscor|Spikes|p2a: Maw\n|-sidestart|p2: Kir1ku|Spikes\n|\n|-weather|Sandstorm|[upkeep]\n|-heal|p1a: Gliscor|100\/100 tox|[from] ability: Poison Heal\n|upkeep\n|turn|22\n|\n|t:|1700758081\n|move|p1a: Gliscor|Earthquake|p2a: Maw\n|-supereffective|p2a: Maw\n|-damage|p2a: Maw|0 fnt\n|faint|p2a: Maw\n|\n|-weather|Sandstorm|[upkeep]\n|upkeep\n|\n|t:|1700758086\n|switch|p2a: Suicune|Suicune|100\/100\n|-damage|p2a: Suicune|88\/100|[from] Spikes\n|-ability|p2a: Suicune|Pressure\n|turn|23\n|\n|t:|1700758091\n|move|p1a: Gliscor|Toxic|p2a: Suicune\n|-status|p2a: Suicune|tox\n|move|p2a: Suicune|Calm Mind|p2a: Suicune\n|-boost|p2a: Suicune|spa|1\n|-boost|p2a: Suicune|spd|1\n|\n|-weather|none\n|-heal|p2a: Suicune|94\/100 tox|[from] item: Leftovers\n|-damage|p2a: Suicune|88\/100 tox|[from] psn\n|upkeep\n|turn|24\n|\n|t:|1700758100\n|switch|p1a: Alomomola|Alomomola, M|91\/100 tox\n|move|p2a: Suicune|Calm Mind|p2a: Suicune\n|-boost|p2a: Suicune|spa|1\n|-boost|p2a: Suicune|spd|1\n|\n|-heal|p2a: Suicune|94\/100 tox|[from] item: Leftovers\n|-damage|p2a: Suicune|82\/100 tox|[from] psn\n|-damage|p1a: Alomomola|84\/100 tox|[from] psn\n|upkeep\n|turn|25\n|\n|t:|1700758109\n|move|p2a: Suicune|Calm Mind|p2a: Suicune\n|-boost|p2a: Suicune|spa|1\n|-boost|p2a: Suicune|spd|1\n|move|p1a: Alomomola|Knock Off|p2a: Suicune\n|-damage|p2a: Suicune|73\/100 tox\n|-enditem|p2a: Suicune|Leftovers|[from] move: Knock Off|[of] p1a: Alomomola\n|\n|-damage|p2a: Suicune|54\/100 tox|[from] psn\n|-damage|p1a: Alomomola|72\/100 tox|[from] psn\n|upkeep\n|turn|26\n|\n|t:|1700758118\n|move|p2a: Suicune|Rest|p2a: Suicune\n|-status|p2a: Suicune|slp|[from] move: Rest\n|-heal|p2a: Suicune|100\/100 slp|[silent]\n|move|p1a: Alomomola|Flip Turn|p2a: Suicune\n|-resisted|p2a: Suicune\n|-damage|p2a: Suicune|96\/100 slp\n|\n|t:|1700758125\n|switch|p1a: Tapu Koko|Tapu Koko|100\/100|[from] Flip Turn\n|-damage|p1a: Tapu Koko|88\/100|[from] Stealth Rock\n|-fieldstart|move: Electric Terrain|[from] ability: Electric Surge|[of] p1a: Tapu Koko\n|\n|upkeep\n|turn|27\n|\n|t:|1700758132\n|-zpower|p1a: Tapu Koko\n|move|p1a: Tapu Koko|Gigavolt Havoc|p2a: Suicune|[zeffect]\n|-supereffective|p2a: Suicune\n|-damage|p2a: Suicune|34\/100 slp\n|cant|p2a: Suicune|slp\n|move|p2a: Suicune|Sleep Talk|p2a: Suicune\n|move|p2a: Suicune|Rest||[from]move: Sleep Talk|[still]\n|-fail|p2a: Suicune\n|\n|upkeep\n|turn|28\n|\n|t:|1700758142\n|move|p1a: Tapu Koko|Thunderbolt|p2a: Suicune\n|-supereffective|p2a: Suicune\n|-damage|p2a: Suicune|4\/100 slp\n|cant|p2a: Suicune|slp\n|move|p2a: Suicune|Sleep Talk|p2a: Suicune\n|move|p2a: Suicune|Scald|p1a: Tapu Koko|[from]move: Sleep Talk\n|-damage|p1a: Tapu Koko|0 fnt\n|faint|p1a: Tapu Koko\n|\n|upkeep\n|\n|t:|1700758152\n|switch|p1a: Iron Valiant|Iron Valiant|100\/100\n|-damage|p1a: Iron Valiant|94\/100|[from] Stealth Rock\n|-activate|p1a: Iron Valiant|ability: Quark Drive\n|-start|p1a: Iron Valiant|quarkdrivespe\n|turn|29\n|\n|t:|1700758159\n|move|p1a: Iron Valiant|Aura Sphere|p2a: Suicune\n|-damage|p2a: Suicune|0 fnt\n|faint|p2a: Suicune\n|\n|upkeep\n|\n|t:|1700758165\n|switch|p2a: Raikou|Raikou, tera:Electric|100\/100\n|-damage|p2a: Raikou|88\/100|[from] Spikes\n|turn|30\n|\n|t:|1700758171\n|-terastallize|p1a: Iron Valiant|Electric\n|move|p1a: Iron Valiant|Calm Mind|p1a: Iron Valiant\n|-boost|p1a: Iron Valiant|spa|1\n|-boost|p1a: Iron Valiant|spd|1\n|move|p2a: Raikou|Thunderbolt|p1a: Iron Valiant\n|-resisted|p1a: Iron Valiant\n|-damage|p1a: Iron Valiant|28\/100\n|\n|-fieldend|move: Electric Terrain\n|-end|p1a: Iron Valiant|Quark Drive\n|upkeep\n|-enditem|p1a: Iron Valiant|Booster Energy\n|-activate|p1a: Iron Valiant|ability: Quark Drive|[fromitem]\n|-start|p1a: Iron Valiant|quarkdrivespa\n|turn|31\n|\n|t:|1700758183\n|move|p1a: Iron Valiant|Moonblast|p2a: Raikou\n|-damage|p2a: Raikou|0 fnt\n|faint|p2a: Raikou\n|\n|upkeep\n|\n|t:|1700758185\n|switch|p2a: Entei|Entei|46\/100\n|-damage|p2a: Entei|34\/100|[from] Spikes\n|turn|32\n|\n|t:|1700758190\n|move|p2a: Entei|Extreme Speed|p1a: Iron Valiant\n|-damage|p1a: Iron Valiant|0 fnt\n|faint|p1a: Iron Valiant\n|-end|p1a: Iron Valiant|Quark Drive|[silent]\n|-damage|p2a: Entei|24\/100|[from] item: Life Orb\n|\n|upkeep\n|\n|t:|1700758195\n|switch|p1a: Gliscor|Gliscor, F|100\/100 tox\n|-damage|p1a: Gliscor|88\/100 tox|[from] Stealth Rock\n|turn|33\n|-message|Kir1ku forfeited.\n|\n|win|DiamondDiancie25\n|raw|DiamondDiancie25's rating: 1434 &rarr; <strong>1460<\/strong><br \/>(+26 for winning)\n|raw|Kir1ku's rating: 1546 &rarr; <strong>1520<\/strong><br \/>(-26 for losing)\n|l|\u2606Kir1ku\n","uploadtime":1700758237,"views":5,"p1id":"diamonddiancie25","p2id":"kir1ku","formatid":"gen9nationaldex","rating":1460,"private":0,"password":""}