{"id":"gen9nationaldex-1992751580","p1":"lowkeytho","p2":"Jackson4516","format":"[Gen 9] National Dex","log":"|j|\u2606lowkeytho\n|j|\u2606Jackson4516\n|t:|1700232158\n|gametype|singles\n|player|p1|lowkeytho|170|1374\n|player|p2|Jackson4516|veteran|1481\n|teamsize|p1|6\n|teamsize|p2|6\n|gen|9\n|tier|[Gen 9] National Dex\n|rated|\n|rule|HP Percentage Mod: HP is shown in percentages\n|rule|Endless Battle Clause: Forcing endless battles is banned\n|rule|OHKO Clause: OHKO moves are banned\n|rule|Evasion Clause: Evasion abilities, items, and moves are banned\n|rule|Evasion Abilities Clause: Evasion abilities are banned\n|rule|Evasion Items Clause: Evasion items are banned\n|rule|Evasion Moves Clause: Evasion moves are banned\n|rule|Species Clause: Limit one of each Pok\u00e9mon\n|rule|Sleep Clause Mod: Limit one foe put to sleep\n|clearpoke\n|poke|p1|Tapu Koko|\n|poke|p1|Sneasler, M|\n|poke|p1|Cloyster, M|\n|poke|p1|Landorus-Therian, M|\n|poke|p1|Jirachi|\n|poke|p1|Dragonite, M|\n|poke|p2|Tapu Koko|\n|poke|p2|Iron Valiant|\n|poke|p2|Sneasler, F|\n|poke|p2|Iron Moth|\n|poke|p2|Landorus-Therian, M|\n|poke|p2|Scizor, F|\n|teampreview\n|\n|t:|1700232181\n|start\n|switch|p1a: HOMELANDOR|Landorus-Therian, M, shiny|100\/100\n|switch|p2a: Sneasler|Sneasler, F|100\/100\n|-ability|p1a: HOMELANDOR|Intimidate|boost\n|-unboost|p2a: Sneasler|atk|1\n|turn|1\n|\n|t:|1700232189\n|switch|p2a: Landorus|Landorus-Therian, M|100\/100\n|-ability|p2a: Landorus|Intimidate|boost\n|-unboost|p1a: HOMELANDOR|atk|1\n|move|p1a: HOMELANDOR|Stealth Rock|p2a: Landorus\n|-sidestart|p2: Jackson4516|move: Stealth Rock\n|\n|upkeep\n|turn|2\n|\n|t:|1700232199\n|switch|p1a: MAGIC CONCH|Cloyster, M, shiny|100\/100\n|move|p2a: Landorus|Defog|p1a: MAGIC CONCH\n|-unboost|p1a: MAGIC CONCH|evasion|1\n|-sideend|p2: Jackson4516|Stealth Rock|[from] move: Defog|[of] p2a: Landorus\n|\n|upkeep\n|turn|3\n|\n|t:|1700232205\n|move|p2a: Landorus|U-turn|p1a: MAGIC CONCH\n|-damage|p1a: MAGIC CONCH|80\/100\n|\n|t:|1700232208\n|switch|p2a: Scizor|Scizor, F, shiny|100\/100|[from] U-turn\n|move|p1a: MAGIC CONCH|Shell Smash|p1a: MAGIC CONCH\n|-unboost|p1a: MAGIC CONCH|def|1\n|-unboost|p1a: MAGIC CONCH|spd|1\n|-boost|p1a: MAGIC CONCH|atk|2\n|-boost|p1a: MAGIC CONCH|spa|2\n|-boost|p1a: MAGIC CONCH|spe|2\n|\n|upkeep\n|turn|4\n|\n|t:|1700232212\n|detailschange|p2a: Scizor|Scizor-Mega, F, shiny\n|-mega|p2a: Scizor|Scizor|Scizorite\n|move|p1a: MAGIC CONCH|Rock Blast|p2a: Scizor\n|-damage|p2a: Scizor|87\/100\n|-damage|p2a: Scizor|73\/100\n|-damage|p2a: Scizor|59\/100\n|-damage|p2a: Scizor|45\/100\n|-crit|p2a: Scizor\n|-damage|p2a: Scizor|26\/100\n|-hitcount|p2a: Scizor|5\n|move|p2a: Scizor|Swords Dance|p2a: Scizor\n|-boost|p2a: Scizor|atk|2\n|\n|upkeep\n|turn|5\n|\n|t:|1700232237\n|switch|p1a: HOMELANDOR|Landorus-Therian, M, shiny|100\/100\n|-ability|p1a: HOMELANDOR|Intimidate|boost\n|-unboost|p2a: Scizor|atk|1\n|move|p2a: Scizor|Bullet Punch|p1a: HOMELANDOR\n|-damage|p1a: HOMELANDOR|34\/100\n|\n|upkeep\n|turn|6\n|\n|t:|1700232242\n|move|p2a: Scizor|Bullet Punch|p1a: HOMELANDOR\n|-damage|p1a: HOMELANDOR|0 fnt\n|faint|p1a: HOMELANDOR\n|\n|upkeep\n|\n|t:|1700232246\n|switch|p1a: THE MAILMAN|Dragonite, M, shiny|100\/100\n|turn|7\n|\n|t:|1700232251\n|move|p2a: Scizor|Bullet Punch|p1a: THE MAILMAN\n|-damage|p1a: THE MAILMAN|71\/100\n|move|p1a: THE MAILMAN|Dragon Dance|p1a: THE MAILMAN\n|-boost|p1a: THE MAILMAN|atk|1\n|-boost|p1a: THE MAILMAN|spe|1\n|\n|upkeep\n|turn|8\n|\n|t:|1700232273\n|-terastallize|p1a: THE MAILMAN|Normal\n|move|p1a: THE MAILMAN|Extreme Speed|p2a: Scizor\n|-resisted|p2a: Scizor\n|-damage|p2a: Scizor|0 fnt\n|faint|p2a: Scizor\n|\n|upkeep\n|\n|t:|1700232281\n|switch|p2a: Tapu Koko|Tapu Koko|100\/100\n|-fieldstart|move: Electric Terrain|[from] ability: Electric Surge|[of] p2a: Tapu Koko\n|turn|9\n|\n|t:|1700232286\n|switch|p2a: Landorus|Landorus-Therian, M|100\/100\n|-ability|p2a: Landorus|Intimidate|boost\n|-unboost|p1a: THE MAILMAN|atk|1\n|move|p1a: THE MAILMAN|Extreme Speed|p2a: Landorus\n|-damage|p2a: Landorus|57\/100\n|-enditem|p2a: Landorus|Eject Button\n|\n|t:|1700232295\n|switch|p2a: Iron Valiant|Iron Valiant|100\/100\n|-activate|p2a: Iron Valiant|ability: Quark Drive\n|-start|p2a: Iron Valiant|quarkdrivespe\n|\n|upkeep\n|turn|10\n|\n|t:|1700232300\n|move|p1a: THE MAILMAN|Extreme Speed|p2a: Iron Valiant\n|-damage|p2a: Iron Valiant|36\/100\n|move|p2a: Iron Valiant|Aura Sphere|p1a: THE MAILMAN\n|-supereffective|p1a: THE MAILMAN\n|-damage|p1a: THE MAILMAN|0 fnt\n|faint|p1a: THE MAILMAN\n|-damage|p2a: Iron Valiant|26\/100|[from] item: Life Orb\n|\n|upkeep\n|\n|t:|1700232310\n|switch|p1a: HIM|Sneasler, M, shiny|100\/100\n|-enditem|p1a: HIM|Electric Seed\n|-boost|p1a: HIM|def|1|[from] item: Electric Seed\n|turn|11\n|\n|t:|1700232316\n|-end|p2a: Iron Valiant|Quark Drive|[silent]\n|switch|p2a: Landorus|Landorus-Therian, M|57\/100\n|-ability|p2a: Landorus|Intimidate|boost\n|-unboost|p1a: HIM|atk|1\n|move|p1a: HIM|Swords Dance|p1a: HIM\n|-boost|p1a: HIM|atk|2\n|\n|upkeep\n|turn|12\n|\n|t:|1700232323\n|move|p1a: HIM|Acrobatics|p2a: Landorus\n|-damage|p2a: Landorus|0 fnt\n|faint|p2a: Landorus\n|\n|upkeep\n|\n|t:|1700232326\n|switch|p2a: Sneasler|Sneasler, F|100\/100\n|-enditem|p2a: Sneasler|Electric Seed\n|-boost|p2a: Sneasler|def|1|[from] item: Electric Seed\n|turn|13\n|\n|t:|1700232332\n|move|p2a: Sneasler|Acrobatics|p1a: HIM\n|-supereffective|p1a: HIM\n|-damage|p1a: HIM|6\/100\n|move|p1a: HIM|Acrobatics|p2a: Sneasler\n|-supereffective|p2a: Sneasler\n|-damage|p2a: Sneasler|0 fnt\n|faint|p2a: Sneasler\n|\n|upkeep\n|\n|t:|1700232345\n|switch|p2a: Iron Moth|Iron Moth|100\/100\n|-activate|p2a: Iron Moth|ability: Quark Drive\n|-start|p2a: Iron Moth|quarkdrivespe\n|turn|14\n|\n|t:|1700232352\n|move|p1a: HIM|Acrobatics|p2a: Iron Moth\n|-damage|p2a: Iron Moth|8\/100\n|move|p2a: Iron Moth|Fiery Dance|p1a: HIM\n|-damage|p1a: HIM|0 fnt\n|faint|p1a: HIM\n|\n|upkeep\n|\n|t:|1700232358\n|switch|p1a: 4LOKO KOKO|Tapu Koko, shiny|100\/100\n|turn|15\n|\n|t:|1700232364\n|-terastallize|p2a: Iron Moth|Ground\n|move|p2a: Iron Moth|Tera Blast|p1a: 4LOKO KOKO|[anim] Tera Blast Ground\n|-supereffective|p1a: 4LOKO KOKO\n|-enditem|p1a: 4LOKO KOKO|Shuca Berry|[eat]\n|-enditem|p1a: 4LOKO KOKO|Shuca Berry|[weaken]\n|-damage|p1a: 4LOKO KOKO|33\/100\n|move|p1a: 4LOKO KOKO|Volt Switch|p2a: Iron Moth\n|-immune|p2a: Iron Moth\n|\n|upkeep\n|turn|16\n|\n|t:|1700232377\n|switch|p1a: MAGIC CONCH|Cloyster, M, shiny|80\/100\n|move|p2a: Iron Moth|Tera Blast|p1a: MAGIC CONCH|[anim] Tera Blast Ground\n|-damage|p1a: MAGIC CONCH|0 fnt\n|faint|p1a: MAGIC CONCH\n|\n|-fieldend|move: Electric Terrain\n|-end|p2a: Iron Moth|Quark Drive\n|upkeep\n|\n|t:|1700232381\n|switch|p1a: 4LOKO KOKO|Tapu Koko, shiny|33\/100\n|-fieldstart|move: Electric Terrain|[from] ability: Electric Surge|[of] p1a: 4LOKO KOKO\n|-activate|p2a: Iron Moth|ability: Quark Drive\n|-start|p2a: Iron Moth|quarkdrivespe\n|turn|17\n|\n|t:|1700232389\n|move|p2a: Iron Moth|Tera Blast|p1a: 4LOKO KOKO|[anim] Tera Blast Ground\n|-supereffective|p1a: 4LOKO KOKO\n|-damage|p1a: 4LOKO KOKO|0 fnt\n|faint|p1a: 4LOKO KOKO\n|\n|upkeep\n|\n|t:|1700232392\n|switch|p1a: lil baby|Jirachi, shiny|100\/100\n|turn|18\n|\n|t:|1700232398\n|move|p2a: Iron Moth|Fiery Dance|p1a: lil baby\n|-supereffective|p1a: lil baby\n|-damage|p1a: lil baby|24\/100\n|move|p1a: lil baby|Stored Power|p2a: Iron Moth\n|-damage|p2a: Iron Moth|0 fnt\n|faint|p2a: Iron Moth\n|-end|p2a: Iron Moth|Quark Drive|[silent]\n|\n|upkeep\n|-message|lowkeytho forfeited.\n|\n|win|Jackson4516\n|raw|lowkeytho's rating: 1374 &rarr; <strong>1360<\/strong><br \/>(-14 for losing)\n|raw|Jackson4516's rating: 1481 &rarr; <strong>1495<\/strong><br \/>(+14 for winning)\n|l|\u2606lowkeytho\n|c|\u2606Jackson4516|gg\n","uploadtime":1700232414,"views":5,"p1id":"lowkeytho","p2id":"jackson4516","formatid":"gen9nationaldex","rating":1360,"private":0,"password":""}