{"id":"gen9nationaldex-1996039730","p1":"MMQZA8","p2":"dwill16","format":"[Gen 9] National Dex","log":"|html|<div class=\"broadcast-blue\"><strong>[Gen 9] National Dex is currently suspecting Sneasler! For information on how to participate check out the <a href=\"https:\/\/www.smogon.com\/forums\/threads\/sv-national-dex-suspect-8-just-dance.3731534\/\">suspect thread<\/a>.<\/strong><\/div>\n|j|\u2606MMQZA8\n|j|\u2606dwill16\n|t:|1700633686\n|gametype|singles\n|player|p1|MMQZA8|169|1509\n|player|p2|dwill16|lady-gen4|1615\n|teamsize|p1|6\n|teamsize|p2|6\n|gen|9\n|tier|[Gen 9] National Dex\n|rated|\n|rule|HP Percentage Mod: HP is shown in percentages\n|rule|Endless Battle Clause: Forcing endless battles is banned\n|rule|OHKO Clause: OHKO moves are banned\n|rule|Evasion Clause: Evasion abilities, items, and moves are banned\n|rule|Evasion Abilities Clause: Evasion abilities are banned\n|rule|Evasion Items Clause: Evasion items are banned\n|rule|Evasion Moves Clause: Evasion moves are banned\n|rule|Species Clause: Limit one of each Pok\u00e9mon\n|rule|Sleep Clause Mod: Limit one foe put to sleep\n|clearpoke\n|poke|p1|Swellow, M|\n|poke|p1|Tyranitar, M|\n|poke|p1|Urshifu-*, F|\n|poke|p1|Corviknight, M|\n|poke|p1|Clodsire, M|\n|poke|p1|Magnezone|\n|poke|p2|Tapu Lele|\n|poke|p2|Great Tusk|\n|poke|p2|Charizard, M|\n|poke|p2|Garganacl, F|\n|poke|p2|Skarmory, M|\n|poke|p2|Aegislash, F|\n|teampreview\n|inactive|Battle timer is ON: inactive players will automatically lose when time's up. (requested by dwill16)\n|\n|t:|1700633710\n|start\n|switch|p1a: Urshifu|Urshifu-Rapid-Strike, F|100\/100\n|switch|p2a: \u571f\u738b|Garganacl, F|100\/100\n|turn|1\n|\n|t:|1700633719\n|-terastallize|p2a: \u571f\u738b|Dragon\n|move|p1a: Urshifu|U-turn|p2a: \u571f\u738b\n|-crit|p2a: \u571f\u738b\n|-damage|p2a: \u571f\u738b|76\/100\n|l|\u2606MMQZA8\n|inactive|MMQZA8 disconnected and has a minute to reconnect!\n|player|p1|\n|j|\u2606MMQZA8\n|inactive|MMQZA8 reconnected and has 125 seconds left.\n|player|p1|MMQZA8|169\n|inactive|MMQZA8 has 120 seconds left.\n|\n|t:|1700633754\n|switch|p1a: Tyranitar|Tyranitar, M|100\/100|[from] U-turn\n|-weather|Sandstorm|[from] ability: Sand Stream|[of] p1a: Tyranitar\n|move|p2a: \u571f\u738b|Salt Cure|p1a: Tyranitar\n|-damage|p1a: Tyranitar|89\/100\n|-start|p1a: Tyranitar|Salt Cure\n|\n|-weather|Sandstorm|[upkeep]\n|-damage|p2a: \u571f\u738b|70\/100|[from] Sandstorm\n|-heal|p2a: \u571f\u738b|76\/100|[from] item: Leftovers\n|-damage|p1a: Tyranitar|77\/100|[from] Salt Cure\n|upkeep\n|turn|2\n|\n|t:|1700633761\n|detailschange|p1a: Tyranitar|Tyranitar-Mega, M\n|-mega|p1a: Tyranitar|Tyranitar|Tyranitarite\n|move|p2a: \u571f\u738b|Protect|p2a: \u571f\u738b\n|-singleturn|p2a: \u571f\u738b|Protect\n|move|p1a: Tyranitar|Knock Off|p2a: \u571f\u738b\n|-activate|p2a: \u571f\u738b|move: Protect\n|\n|-weather|Sandstorm|[upkeep]\n|-damage|p2a: \u571f\u738b|70\/100|[from] Sandstorm\n|-heal|p2a: \u571f\u738b|76\/100|[from] item: Leftovers\n|-damage|p1a: Tyranitar|64\/100|[from] Salt Cure\n|upkeep\n|turn|3\n|\n|t:|1700633767\n|switch|p2a: \u94c1\u8f99\u8ff9|Great Tusk|100\/100\n|move|p1a: Tyranitar|Knock Off|p2a: \u94c1\u8f99\u8ff9\n|-resisted|p2a: \u94c1\u8f99\u8ff9\n|-damage|p2a: \u94c1\u8f99\u8ff9|88\/100\n|\n|-weather|Sandstorm|[upkeep]\n|-damage|p1a: Tyranitar|52\/100|[from] Salt Cure\n|upkeep\n|turn|4\n|\n|t:|1700633771\n|switch|p1a: Corviknight|Corviknight, M|100\/100\n|-ability|p1a: Corviknight|Pressure\n|move|p2a: \u94c1\u8f99\u8ff9|Rapid Spin|p1a: Corviknight\n|-resisted|p1a: Corviknight\n|-damage|p1a: Corviknight|96\/100\n|-boost|p2a: \u94c1\u8f99\u8ff9|spe|1\n|-damage|p2a: \u94c1\u8f99\u8ff9|71\/100|[from] item: Rocky Helmet|[of] p1a: Corviknight\n|\n|-weather|Sandstorm|[upkeep]\n|upkeep\n|turn|5\n|\n|t:|1700633777\n|-end|p2a: \u94c1\u8f99\u8ff9|Protosynthesis|[silent]\n|switch|p2a: \u571f\u738b|Garganacl, F, tera:Dragon|76\/100\n|move|p1a: Corviknight|U-turn|p2a: \u571f\u738b\n|-damage|p2a: \u571f\u738b|66\/100\n|\n|t:|1700633779\n|switch|p1a: Swellow|Swellow, M|100\/100|[from] U-turn\n|\n|-weather|none\n|-heal|p2a: \u571f\u738b|72\/100|[from] item: Leftovers\n|upkeep\n|turn|6\n|\n|t:|1700633784\n|-terastallize|p1a: Swellow|Normal\n|move|p2a: \u571f\u738b|Protect|p2a: \u571f\u738b\n|-singleturn|p2a: \u571f\u738b|Protect\n|move|p1a: Swellow|Boomburst|p2a: \u571f\u738b\n|-activate|p2a: \u571f\u738b|move: Protect\n|\n|-heal|p2a: \u571f\u738b|78\/100|[from] item: Leftovers\n|upkeep\n|turn|7\n|\n|t:|1700633790\n|switch|p1a: Magnezone|Magnezone|100\/100\n|switch|p2a: \u8d5b\u5bcc\u8c6a|Aegislash, F|100\/100\n|\n|upkeep\n|turn|8\n|\n|t:|1700633803\n|switch|p2a: \u94c1\u8f99\u8ff9|Great Tusk|71\/100\n|move|p1a: Magnezone|Thunderbolt|p2a: \u94c1\u8f99\u8ff9\n|-immune|p2a: \u94c1\u8f99\u8ff9\n|\n|upkeep\n|turn|9\n|\n|t:|1700633812\n|switch|p1a: Corviknight|Corviknight, M|96\/100\n|-ability|p1a: Corviknight|Pressure\n|-end|p2a: \u94c1\u8f99\u8ff9|Protosynthesis|[silent]\n|switch|p2a: \u571f\u738b|Garganacl, F, tera:Dragon|78\/100\n|\n|-heal|p2a: \u571f\u738b|85\/100|[from] item: Leftovers\n|upkeep\n|turn|10\n|\n|t:|1700633815\n|move|p1a: Corviknight|U-turn|p2a: \u571f\u738b\n|-damage|p2a: \u571f\u738b|75\/100\n|\n|t:|1700633825\n|switch|p1a: Tyranitar|Tyranitar-Mega, M|52\/100|[from] U-turn\n|-weather|Sandstorm|[from] ability: Sand Stream|[of] p1a: Tyranitar\n|move|p2a: \u571f\u738b|Salt Cure|p1a: Tyranitar\n|-damage|p1a: Tyranitar|42\/100\n|-start|p1a: Tyranitar|Salt Cure\n|\n|-weather|Sandstorm|[upkeep]\n|-damage|p2a: \u571f\u738b|69\/100|[from] Sandstorm\n|-heal|p2a: \u571f\u738b|75\/100|[from] item: Leftovers\n|-damage|p1a: Tyranitar|29\/100|[from] Salt Cure\n|upkeep\n|turn|11\n|\n|t:|1700633829\n|move|p2a: \u571f\u738b|Protect|p2a: \u571f\u738b\n|-singleturn|p2a: \u571f\u738b|Protect\n|move|p1a: Tyranitar|Stealth Rock|p2a: \u571f\u738b\n|-sidestart|p2: dwill16|move: Stealth Rock\n|\n|-weather|Sandstorm|[upkeep]\n|-damage|p2a: \u571f\u738b|69\/100|[from] Sandstorm\n|-heal|p2a: \u571f\u738b|75\/100|[from] item: Leftovers\n|-damage|p1a: Tyranitar|17\/100|[from] Salt Cure\n|upkeep\n|turn|12\n|inactive|MMQZA8 has 120 seconds left.\n|\n|t:|1700633862\n|switch|p1a: Swellow|Swellow, M, tera:Normal|100\/100\n|switch|p2a: \u94c1\u8f99\u8ff9|Great Tusk|71\/100\n|-damage|p2a: \u94c1\u8f99\u8ff9|68\/100|[from] Stealth Rock\n|\n|-weather|Sandstorm|[upkeep]\n|-damage|p1a: Swellow|94\/100|[from] Sandstorm\n|upkeep\n|turn|13\n|\n|t:|1700633871\n|-end|p2a: \u94c1\u8f99\u8ff9|Protosynthesis|[silent]\n|switch|p2a: \u94a2\u94e0\u9e26|Skarmory, M|100\/100\n|-damage|p2a: \u94a2\u94e0\u9e26|88\/100|[from] Stealth Rock\n|move|p1a: Swellow|U-turn|p2a: \u94a2\u94e0\u9e26\n|-resisted|p2a: \u94a2\u94e0\u9e26\n|-damage|p2a: \u94a2\u94e0\u9e26|86\/100\n|-damage|p1a: Swellow|78\/100|[from] item: Rocky Helmet|[of] p2a: \u94a2\u94e0\u9e26\n|\n|t:|1700633875\n|switch|p1a: Magnezone|Magnezone|100\/100|[from] U-turn\n|\n|-weather|Sandstorm|[upkeep]\n|upkeep\n|turn|14\n|\n|t:|1700633877\n|move|p1a: Magnezone|Thunderbolt|p2a: \u94a2\u94e0\u9e26\n|-supereffective|p2a: \u94a2\u94e0\u9e26\n|-damage|p2a: \u94a2\u94e0\u9e26|0 fnt\n|faint|p2a: \u94a2\u94e0\u9e26\n|\n|-weather|none\n|upkeep\n|\n|t:|1700633880\n|switch|p2a: \u94c1\u8f99\u8ff9|Great Tusk|68\/100\n|-damage|p2a: \u94c1\u8f99\u8ff9|65\/100|[from] Stealth Rock\n|turn|15\n|\n|t:|1700633883\n|switch|p1a: Corviknight|Corviknight, M|96\/100\n|-ability|p1a: Corviknight|Pressure\n|move|p2a: \u94c1\u8f99\u8ff9|Rapid Spin|p1a: Corviknight\n|-resisted|p1a: Corviknight\n|-damage|p1a: Corviknight|91\/100\n|-boost|p2a: \u94c1\u8f99\u8ff9|spe|1\n|-damage|p2a: \u94c1\u8f99\u8ff9|49\/100|[from] item: Rocky Helmet|[of] p1a: Corviknight\n|-sideend|p2: dwill16|Stealth Rock|[from] move: Rapid Spin|[of] p2a: \u94c1\u8f99\u8ff9\n|\n|upkeep\n|turn|16\n|\n|t:|1700633894\n|-zpower|p2a: \u94c1\u8f99\u8ff9\n|move|p2a: \u94c1\u8f99\u8ff9|Subzero Slammer|p1a: Corviknight|[zeffect]\n|-crit|p1a: Corviknight\n|-damage|p1a: Corviknight|46\/100\n|move|p1a: Corviknight|U-turn|p2a: \u94c1\u8f99\u8ff9\n|-resisted|p2a: \u94c1\u8f99\u8ff9\n|-damage|p2a: \u94c1\u8f99\u8ff9|45\/100\n|\n|t:|1700633907\n|switch|p1a: Urshifu|Urshifu-Rapid-Strike, F|100\/100|[from] U-turn\n|\n|upkeep\n|turn|17\n|\n|t:|1700633914\n|-end|p2a: \u94c1\u8f99\u8ff9|Protosynthesis|[silent]\n|switch|p2a: \u571f\u738b|Garganacl, F, tera:Dragon|75\/100\n|move|p1a: Urshifu|Surging Strikes|p2a: \u571f\u738b\n|-resisted|p2a: \u571f\u738b\n|-crit|p2a: \u571f\u738b\n|-damage|p2a: \u571f\u738b|68\/100\n|-resisted|p2a: \u571f\u738b\n|-crit|p2a: \u571f\u738b\n|-damage|p2a: \u571f\u738b|62\/100\n|-resisted|p2a: \u571f\u738b\n|-crit|p2a: \u571f\u738b\n|-damage|p2a: \u571f\u738b|55\/100\n|-hitcount|p2a: \u571f\u738b|3\n|\n|-heal|p2a: \u571f\u738b|61\/100|[from] item: Leftovers\n|upkeep\n|turn|18\n|\n|t:|1700633922\n|switch|p1a: Magnezone|Magnezone|100\/100\n|move|p2a: \u571f\u738b|Salt Cure|p1a: Magnezone\n|-resisted|p1a: Magnezone\n|-damage|p1a: Magnezone|94\/100\n|-start|p1a: Magnezone|Salt Cure\n|\n|-heal|p2a: \u571f\u738b|67\/100|[from] item: Leftovers\n|-damage|p1a: Magnezone|69\/100|[from] Salt Cure\n|upkeep\n|turn|19\n|\n|t:|1700633926\n|move|p1a: Magnezone|Flash Cannon|p2a: \u571f\u738b\n|-damage|p2a: \u571f\u738b|41\/100\n|move|p2a: \u571f\u738b|Recover|p2a: \u571f\u738b\n|-heal|p2a: \u571f\u738b|91\/100\n|\n|-heal|p2a: \u571f\u738b|97\/100|[from] item: Leftovers\n|-damage|p1a: Magnezone|44\/100|[from] Salt Cure\n|upkeep\n|turn|20\n|\n|t:|1700633929\n|move|p1a: Magnezone|Flash Cannon|p2a: \u571f\u738b\n|-damage|p2a: \u571f\u738b|69\/100\n|-unboost|p2a: \u571f\u738b|spd|1\n|move|p2a: \u571f\u738b|Stealth Rock|p1a: Magnezone\n|-sidestart|p1: MMQZA8|move: Stealth Rock\n|\n|-heal|p2a: \u571f\u738b|75\/100|[from] item: Leftovers\n|-damage|p1a: Magnezone|19\/100|[from] Salt Cure\n|upkeep\n|turn|21\n|\n|t:|1700633932\n|move|p1a: Magnezone|Flash Cannon|p2a: \u571f\u738b\n|-damage|p2a: \u571f\u738b|33\/100\n|move|p2a: \u571f\u738b|Salt Cure|p1a: Magnezone\n|-resisted|p1a: Magnezone\n|-damage|p1a: Magnezone|11\/100\n|\n|-heal|p2a: \u571f\u738b|39\/100|[from] item: Leftovers\n|-damage|p1a: Magnezone|0 fnt|[from] Salt Cure\n|faint|p1a: Magnezone\n|upkeep\n|\n|t:|1700633954\n|switch|p1a: Swellow|Swellow, M, tera:Normal|78\/100\n|-damage|p1a: Swellow|66\/100|[from] Stealth Rock\n|turn|22\n|\n|t:|1700633958\n|move|p2a: \u571f\u738b|Protect|p2a: \u571f\u738b\n|-singleturn|p2a: \u571f\u738b|Protect\n|move|p1a: Swellow|Boomburst|p2a: \u571f\u738b\n|-activate|p2a: \u571f\u738b|move: Protect\n|\n|-heal|p2a: \u571f\u738b|46\/100|[from] item: Leftovers\n|upkeep\n|turn|23\n|\n|t:|1700633962\n|switch|p1a: Tyranitar|Tyranitar-Mega, M|17\/100\n|-damage|p1a: Tyranitar|5\/100|[from] Stealth Rock\n|-weather|Sandstorm|[from] ability: Sand Stream|[of] p1a: Tyranitar\n|switch|p2a: \u8d5b\u5bcc\u8c6a|Aegislash, F|100\/100\n|\n|-weather|Sandstorm|[upkeep]\n|upkeep\n|turn|24\n|\n|t:|1700633966\n|move|p2a: \u8d5b\u5bcc\u8c6a|King's Shield|p2a: \u8d5b\u5bcc\u8c6a\n|-singleturn|p2a: \u8d5b\u5bcc\u8c6a|Protect\n|move|p1a: Tyranitar|Pursuit|p2a: \u8d5b\u5bcc\u8c6a\n|-activate|p2a: \u8d5b\u5bcc\u8c6a|move: Protect\n|-unboost|p1a: Tyranitar|atk|1\n|\n|-weather|Sandstorm|[upkeep]\n|upkeep\n|turn|25\n|\n|t:|1700633969\n|move|p1a: Tyranitar|Knock Off|p2a: \u8d5b\u5bcc\u8c6a\n|-supereffective|p2a: \u8d5b\u5bcc\u8c6a\n|-damage|p2a: \u8d5b\u5bcc\u8c6a|41\/100\n|-enditem|p2a: \u8d5b\u5bcc\u8c6a|Covert Cloak|[from] move: Knock Off|[of] p1a: Tyranitar\n|-formechange|p2a: \u8d5b\u5bcc\u8c6a|Aegislash-Blade||[from] ability: Stance Change\n|move|p2a: \u8d5b\u5bcc\u8c6a|Iron Head|p1a: Tyranitar\n|-supereffective|p1a: Tyranitar\n|-damage|p1a: Tyranitar|0 fnt\n|faint|p1a: Tyranitar\n|\n|-weather|Sandstorm|[upkeep]\n|upkeep\n|\n|t:|1700633981\n|switch|p1a: Corviknight|Corviknight, M|46\/100\n|-damage|p1a: Corviknight|34\/100|[from] Stealth Rock\n|-ability|p1a: Corviknight|Pressure\n|turn|26\n|\n|t:|1700633985\n|move|p1a: Corviknight|Roost|p1a: Corviknight\n|-heal|p1a: Corviknight|84\/100\n|-singleturn|p1a: Corviknight|move: Roost\n|move|p2a: \u8d5b\u5bcc\u8c6a|Swords Dance|p2a: \u8d5b\u5bcc\u8c6a\n|-boost|p2a: \u8d5b\u5bcc\u8c6a|atk|2\n|\n|-weather|Sandstorm|[upkeep]\n|upkeep\n|turn|27\n|\n|t:|1700633988\n|move|p1a: Corviknight|Defog|p2a: \u8d5b\u5bcc\u8c6a\n|-unboost|p2a: \u8d5b\u5bcc\u8c6a|evasion|1\n|-sideend|p1: MMQZA8|Stealth Rock|[from] move: Defog|[of] p1a: Corviknight\n|move|p2a: \u8d5b\u5bcc\u8c6a|Shadow Claw|p1a: Corviknight\n|-damage|p1a: Corviknight|46\/100\n|-damage|p2a: \u8d5b\u5bcc\u8c6a|25\/100|[from] item: Rocky Helmet|[of] p1a: Corviknight\n|\n|-weather|none\n|upkeep\n|turn|28\n|\n|t:|1700633991\n|move|p1a: Corviknight|Roost|p1a: Corviknight\n|-heal|p1a: Corviknight|96\/100\n|-singleturn|p1a: Corviknight|move: Roost\n|move|p2a: \u8d5b\u5bcc\u8c6a|Swords Dance|p2a: \u8d5b\u5bcc\u8c6a\n|-boost|p2a: \u8d5b\u5bcc\u8c6a|atk|2\n|\n|upkeep\n|turn|29\n|\n|t:|1700633995\n|move|p1a: Corviknight|U-turn|p2a: \u8d5b\u5bcc\u8c6a\n|-resisted|p2a: \u8d5b\u5bcc\u8c6a\n|-damage|p2a: \u8d5b\u5bcc\u8c6a|20\/100\n|\n|t:|1700633997\n|switch|p1a: Clodsire|Clodsire, M|100\/100|[from] U-turn\n|move|p2a: \u8d5b\u5bcc\u8c6a|Shadow Claw|p1a: Clodsire\n|-damage|p1a: Clodsire|61\/100\n|\n|-heal|p1a: Clodsire|68\/100|[from] item: Leftovers\n|upkeep\n|turn|30\n|\n|t:|1700634002\n|switch|p2a: \u5361\u666e\u9e23\u9e23|Tapu Lele|100\/100\n|-fieldstart|move: Psychic Terrain|[from] ability: Psychic Surge|[of] p2a: \u5361\u666e\u9e23\u9e23\n|move|p1a: Clodsire|Recover|p1a: Clodsire\n|-heal|p1a: Clodsire|100\/100\n|\n|upkeep\n|turn|31\n|\n|t:|1700634018\n|move|p2a: \u5361\u666e\u9e23\u9e23|Psyshock|p1a: Clodsire\n|-supereffective|p1a: Clodsire\n|-damage|p1a: Clodsire|0 fnt\n|faint|p1a: Clodsire\n|\n|upkeep\n|\n|t:|1700634022\n|switch|p1a: Urshifu|Urshifu-Rapid-Strike, F|100\/100\n|turn|32\n|\n|t:|1700634031\n|switch|p2a: \u94c1\u8f99\u8ff9|Great Tusk|45\/100\n|move|p1a: Urshifu|U-turn|p2a: \u94c1\u8f99\u8ff9\n|-resisted|p2a: \u94c1\u8f99\u8ff9\n|-damage|p2a: \u94c1\u8f99\u8ff9|37\/100\n|\n|t:|1700634034\n|switch|p1a: Swellow|Swellow, M, tera:Normal|66\/100|[from] U-turn\n|\n|upkeep\n|turn|33\n|\n|t:|1700634038\n|move|p1a: Swellow|Boomburst|p2a: \u94c1\u8f99\u8ff9\n|-damage|p2a: \u94c1\u8f99\u8ff9|0 fnt\n|faint|p2a: \u94c1\u8f99\u8ff9\n|-end|p2a: \u94c1\u8f99\u8ff9|Protosynthesis|[silent]\n|\n|upkeep\n|\n|t:|1700634047\n|switch|p2a: \u571f\u738b|Garganacl, F, tera:Dragon|46\/100\n|turn|34\n|\n|t:|1700634049\n|move|p2a: \u571f\u738b|Protect|p2a: \u571f\u738b\n|-singleturn|p2a: \u571f\u738b|Protect\n|move|p1a: Swellow|Boomburst|p2a: \u571f\u738b\n|-activate|p2a: \u571f\u738b|move: Protect\n|\n|-heal|p2a: \u571f\u738b|52\/100|[from] item: Leftovers\n|-fieldend|move: Psychic Terrain\n|upkeep\n|turn|35\n|\n|t:|1700634056\n|move|p1a: Swellow|Boomburst|p2a: \u571f\u738b\n|-damage|p2a: \u571f\u738b|0 fnt\n|faint|p2a: \u571f\u738b\n|\n|upkeep\n|\n|t:|1700634060\n|switch|p2a: \u5361\u666e\u9e23\u9e23|Tapu Lele|100\/100\n|-fieldstart|move: Psychic Terrain|[from] ability: Psychic Surge|[of] p2a: \u5361\u666e\u9e23\u9e23\n|turn|36\n|\n|t:|1700634062\n|switch|p1a: Corviknight|Corviknight, M|96\/100\n|-ability|p1a: Corviknight|Pressure\n|move|p2a: \u5361\u666e\u9e23\u9e23|Psyshock|p1a: Corviknight\n|-resisted|p1a: Corviknight\n|-damage|p1a: Corviknight|79\/100\n|\n|upkeep\n|turn|37\n|\n|t:|1700634066\n|switch|p2a: \u55b7\u706b\u9f99X|Charizard, M|100\/100\n|move|p1a: Corviknight|U-turn|p2a: \u55b7\u706b\u9f99X\n|-resisted|p2a: \u55b7\u706b\u9f99X\n|-damage|p2a: \u55b7\u706b\u9f99X|95\/100\n|\n|t:|1700634069\n|switch|p1a: Swellow|Swellow, M, tera:Normal|66\/100|[from] U-turn\n|\n|upkeep\n|turn|38\n|\n|t:|1700634072\n|switch|p2a: \u8d5b\u5bcc\u8c6a|Aegislash, F|20\/100\n|move|p1a: Swellow|Boomburst|p2a: \u8d5b\u5bcc\u8c6a\n|-resisted|p2a: \u8d5b\u5bcc\u8c6a\n|-damage|p2a: \u8d5b\u5bcc\u8c6a|0 fnt\n|faint|p2a: \u8d5b\u5bcc\u8c6a\n|\n|upkeep\n|\n|t:|1700634079\n|switch|p2a: \u55b7\u706b\u9f99X|Charizard, M|95\/100\n|turn|39\n|\n|t:|1700634082\n|detailschange|p2a: \u55b7\u706b\u9f99X|Charizard-Mega-Y, M\n|-mega|p2a: \u55b7\u706b\u9f99X|Charizard|Charizardite Y\n|-weather|SunnyDay|[from] ability: Drought|[of] p2a: \u55b7\u706b\u9f99X\n|move|p1a: Swellow|Boomburst|p2a: \u55b7\u706b\u9f99X\n|-damage|p2a: \u55b7\u706b\u9f99X|0 fnt\n|faint|p2a: \u55b7\u706b\u9f99X\n|\n|-weather|SunnyDay|[upkeep]\n|upkeep\n|\n|t:|1700634087\n|switch|p2a: \u5361\u666e\u9e23\u9e23|Tapu Lele|100\/100\n|turn|40\n|\n|t:|1700634091\n|move|p2a: \u5361\u666e\u9e23\u9e23|Hidden Power|p1a: Swellow\n|-damage|p1a: Swellow|0 fnt\n|faint|p1a: Swellow\n|\n|-weather|SunnyDay|[upkeep]\n|-fieldend|move: Psychic Terrain\n|upkeep\n|\n|t:|1700634102\n|switch|p1a: Corviknight|Corviknight, M|79\/100\n|-ability|p1a: Corviknight|Pressure\n|turn|41\n|\n|t:|1700634105\n|move|p2a: \u5361\u666e\u9e23\u9e23|Hidden Power|p1a: Corviknight\n|-supereffective|p1a: Corviknight\n|-damage|p1a: Corviknight|22\/100\n|move|p1a: Corviknight|U-turn|p2a: \u5361\u666e\u9e23\u9e23\n|-damage|p2a: \u5361\u666e\u9e23\u9e23|76\/100\n|\n|t:|1700634108\n|switch|p1a: Urshifu|Urshifu-Rapid-Strike, F|100\/100|[from] U-turn\n|\n|-weather|SunnyDay|[upkeep]\n|upkeep\n|turn|42\n|\n|t:|1700634111\n|move|p1a: Urshifu|Surging Strikes|p2a: \u5361\u666e\u9e23\u9e23\n|-crit|p2a: \u5361\u666e\u9e23\u9e23\n|-damage|p2a: \u5361\u666e\u9e23\u9e23|61\/100\n|-crit|p2a: \u5361\u666e\u9e23\u9e23\n|-damage|p2a: \u5361\u666e\u9e23\u9e23|47\/100\n|-crit|p2a: \u5361\u666e\u9e23\u9e23\n|-damage|p2a: \u5361\u666e\u9e23\u9e23|31\/100\n|-hitcount|p2a: \u5361\u666e\u9e23\u9e23|3\n|move|p2a: \u5361\u666e\u9e23\u9e23|Hidden Power|p1a: Urshifu\n|-resisted|p1a: Urshifu\n|-damage|p1a: Urshifu|77\/100\n|\n|-weather|SunnyDay|[upkeep]\n|upkeep\n|turn|43\n|\n|t:|1700634117\n|move|p1a: Urshifu|Surging Strikes|p2a: \u5361\u666e\u9e23\u9e23\n|-crit|p2a: \u5361\u666e\u9e23\u9e23\n|-damage|p2a: \u5361\u666e\u9e23\u9e23|15\/100\n|-crit|p2a: \u5361\u666e\u9e23\u9e23\n|-damage|p2a: \u5361\u666e\u9e23\u9e23|1\/100\n|-crit|p2a: \u5361\u666e\u9e23\u9e23\n|-damage|p2a: \u5361\u666e\u9e23\u9e23|0 fnt\n|faint|p2a: \u5361\u666e\u9e23\u9e23\n|-hitcount|p2: \u5361\u666e\u9e23\u9e23|3\n|\n|win|MMQZA8\n|raw|MMQZA8's rating: 1509 &rarr; <strong>1535<\/strong><br \/>(+26 for winning)\n|raw|dwill16's rating: 1615 &rarr; <strong>1589<\/strong><br \/>(-26 for losing)\n|l|\u2606dwill16\n","uploadtime":1700634127,"views":0,"p1id":"mmqza8","p2id":"dwill16","formatid":"gen9nationaldex","rating":1535,"private":0,"password":""}