{"id":"gen9nationaldex-1999376761","p1":"sumperkenny","p2":"SirJay603","format":"[Gen 9] National Dex","log":"|html|<div class=\"broadcast-blue\"><strong>[Gen 9] National Dex is currently suspecting Sneasler! For information on how to participate check out the <a href=\"https:\/\/www.smogon.com\/forums\/threads\/sv-national-dex-suspect-8-just-dance.3731534\/\">suspect thread<\/a>.<\/strong><\/div>\n|j|\u2606sumperkenny\n|j|\u2606SirJay603\n|t:|1701069756\n|gametype|singles\n|player|p1|sumperkenny|fisherman-gen4|1110\n|player|p2|SirJay603|cynthia-gen4|1040\n|teamsize|p1|6\n|teamsize|p2|6\n|gen|9\n|tier|[Gen 9] National Dex\n|rated|\n|rule|HP Percentage Mod: HP is shown in percentages\n|rule|Endless Battle Clause: Forcing endless battles is banned\n|rule|OHKO Clause: OHKO moves are banned\n|rule|Evasion Clause: Evasion abilities, items, and moves are banned\n|rule|Evasion Abilities Clause: Evasion abilities are banned\n|rule|Evasion Items Clause: Evasion items are banned\n|rule|Evasion Moves Clause: Evasion moves are banned\n|rule|Species Clause: Limit one of each Pok\u00e9mon\n|rule|Sleep Clause Mod: Limit one foe put to sleep\n|clearpoke\n|poke|p1|Latias, F|\n|poke|p1|Skeledirge, F|\n|poke|p1|Clefable, F|\n|poke|p1|Ferrothorn, F|\n|poke|p1|Gliscor, M|\n|poke|p1|Tornadus-Therian, M|\n|poke|p2|Spiritomb, M|\n|poke|p2|Porygon-Z|\n|poke|p2|Togekiss, F|\n|poke|p2|Lucario, F|\n|poke|p2|Milotic, F|\n|poke|p2|Garchomp, M|\n|teampreview\n|inactive|Battle timer is ON: inactive players will automatically lose when time's up. (requested by SirJay603)\n|inactive|sumperkenny also wants the timer to be on.\n|\n|t:|1701069762\n|start\n|switch|p1a: Ferrothorn|Ferrothorn, F|100\/100\n|switch|p2a: Spiritomb|Spiritomb, M|100\/100\n|-ability|p2a: Spiritomb|Pressure\n|turn|1\n|\n|t:|1701069772\n|move|p2a: Spiritomb|Will-O-Wisp|p1a: Ferrothorn\n|-status|p1a: Ferrothorn|brn\n|move|p1a: Ferrothorn|Stealth Rock|p2a: Spiritomb\n|-sidestart|p2: SirJay603|move: Stealth Rock\n|\n|-damage|p1a: Ferrothorn|95\/100 brn|[from] brn\n|upkeep\n|turn|2\n|\n|t:|1701069789\n|move|p2a: Spiritomb|Dark Pulse|p1a: Ferrothorn\n|-damage|p1a: Ferrothorn|77\/100 brn\n|cant|p1a: Ferrothorn|flinch\n|\n|-heal|p1a: Ferrothorn|83\/100 brn|[from] item: Leftovers\n|-damage|p1a: Ferrothorn|77\/100 brn|[from] brn\n|upkeep\n|turn|3\n|\n|t:|1701069799\n|move|p2a: Spiritomb|Dark Pulse|p1a: Ferrothorn\n|-damage|p1a: Ferrothorn|62\/100 brn\n|move|p1a: Ferrothorn|Knock Off|p2a: Spiritomb\n|-damage|p2a: Spiritomb|89\/100\n|-enditem|p2a: Spiritomb|Sitrus Berry|[from] move: Knock Off|[of] p1a: Ferrothorn\n|\n|-heal|p1a: Ferrothorn|68\/100 brn|[from] item: Leftovers\n|-damage|p1a: Ferrothorn|62\/100 brn|[from] brn\n|upkeep\n|turn|4\n|\n|t:|1701069807\n|move|p2a: Spiritomb|Dark Pulse|p1a: Ferrothorn\n|-damage|p1a: Ferrothorn|45\/100 brn\n|cant|p1a: Ferrothorn|flinch\n|\n|-heal|p1a: Ferrothorn|51\/100 brn|[from] item: Leftovers\n|-damage|p1a: Ferrothorn|45\/100 brn|[from] brn\n|upkeep\n|turn|5\n|\n|t:|1701069811\n|move|p2a: Spiritomb|Dark Pulse|p1a: Ferrothorn\n|-damage|p1a: Ferrothorn|28\/100 brn\n|move|p1a: Ferrothorn|Leech Seed|p2a: Spiritomb\n|-start|p2a: Spiritomb|move: Leech Seed\n|\n|-heal|p1a: Ferrothorn|34\/100 brn|[from] item: Leftovers\n|-damage|p2a: Spiritomb|77\/100|[from] Leech Seed|[of] p1a: Ferrothorn\n|-heal|p1a: Ferrothorn|44\/100 brn|[silent]\n|-damage|p1a: Ferrothorn|38\/100 brn|[from] brn\n|upkeep\n|turn|6\n|\n|t:|1701069822\n|switch|p1a: Clefable|Clefable, F|100\/100\n|move|p2a: Spiritomb|Dark Pulse|p1a: Clefable\n|-resisted|p1a: Clefable\n|-damage|p1a: Clefable|88\/100\n|\n|-damage|p2a: Spiritomb|65\/100|[from] Leech Seed|[of] p1a: Clefable\n|-heal|p1a: Clefable|97\/100|[silent]\n|upkeep\n|turn|7\n|\n|t:|1701069830\n|move|p1a: Clefable|Calm Mind|p1a: Clefable\n|-boost|p1a: Clefable|spa|1\n|-boost|p1a: Clefable|spd|1\n|move|p2a: Spiritomb|Will-O-Wisp|p1a: Clefable\n|-status|p1a: Clefable|brn\n|\n|-damage|p2a: Spiritomb|52\/100|[from] Leech Seed|[of] p1a: Clefable\n|-heal|p1a: Clefable|100\/100 brn|[silent]\n|upkeep\n|turn|8\n|\n|t:|1701069847\n|switch|p2a: Milotic|Milotic, F|100\/100\n|-damage|p2a: Milotic|88\/100|[from] Stealth Rock\n|move|p1a: Clefable|Calm Mind|p1a: Clefable\n|-boost|p1a: Clefable|spa|1\n|-boost|p1a: Clefable|spd|1\n|\n|-status|p2a: Milotic|brn|[from] item: Flame Orb\n|upkeep\n|turn|9\n|\n|t:|1701069858\n|move|p2a: Milotic|Scald|p1a: Clefable\n|-damage|p1a: Clefable|86\/100 brn\n|move|p1a: Clefable|Calm Mind|p1a: Clefable\n|-boost|p1a: Clefable|spa|1\n|-boost|p1a: Clefable|spd|1\n|\n|-damage|p2a: Milotic|82\/100 brn|[from] brn\n|upkeep\n|turn|10\n|\n|t:|1701069865\n|move|p2a: Milotic|Scald|p1a: Clefable\n|-damage|p1a: Clefable|75\/100 brn\n|move|p1a: Clefable|Calm Mind|p1a: Clefable\n|-boost|p1a: Clefable|spa|1\n|-boost|p1a: Clefable|spd|1\n|\n|-damage|p2a: Milotic|76\/100 brn|[from] brn\n|upkeep\n|turn|11\n|\n|t:|1701069873\n|move|p2a: Milotic|Scald|p1a: Clefable\n|-damage|p1a: Clefable|65\/100 brn\n|move|p1a: Clefable|Soft-Boiled|p1a: Clefable\n|-heal|p1a: Clefable|100\/100 brn\n|\n|-damage|p2a: Milotic|70\/100 brn|[from] brn\n|upkeep\n|turn|12\n|\n|t:|1701069898\n|switch|p2a: Lucario|Lucario, F|100\/100\n|-damage|p2a: Lucario|98\/100|[from] Stealth Rock\n|move|p1a: Clefable|Calm Mind|p1a: Clefable\n|-boost|p1a: Clefable|spa|1\n|-boost|p1a: Clefable|spd|1\n|\n|upkeep\n|turn|13\n|\n|t:|1701069902\n|-terastallize|p1a: Clefable|Water\n|move|p2a: Lucario|Meteor Mash|p1a: Clefable\n|-resisted|p1a: Clefable\n|-damage|p1a: Clefable|85\/100 brn\n|-damage|p2a: Lucario|81\/100|[from] item: Rocky Helmet|[of] p1a: Clefable\n|move|p1a: Clefable|Moonblast|p2a: Lucario\n|-damage|p2a: Lucario|0 fnt\n|faint|p2a: Lucario\n|\n|upkeep\n|\n|t:|1701069907\n|switch|p2a: Milotic|Milotic, F|70\/100 brn\n|-damage|p2a: Milotic|57\/100 brn|[from] Stealth Rock\n|turn|14\n|\n|t:|1701069910\n|move|p1a: Clefable|Moonblast|p2a: Milotic\n|-damage|p2a: Milotic|0 fnt\n|faint|p2a: Milotic\n|\n|upkeep\n|-message|SirJay603 forfeited.\n|\n|win|sumperkenny\n|raw|sumperkenny's rating: 1110 &rarr; <strong>1130<\/strong><br \/>(+20 for winning)\n|raw|SirJay603's rating: 1040 &rarr; <strong>1027<\/strong><br \/>(-13 for losing)\n|l|\u2606SirJay603\n","uploadtime":1701069921,"views":25,"p1id":"sumperkenny","p2id":"sirjay603","formatid":"gen9nationaldex","rating":1027,"private":0,"password":""}