{"id":"gen9nationaldex-1994177683","p1":"IceBerryCoffee","p2":"KireFox","format":"[Gen 9] National Dex","log":"|j|\u2606IceBerryCoffee\n|j|\u2606KireFox\n|t:|1700415743\n|gametype|singles\n|player|p1|IceBerryCoffee|2|1237\n|player|p2|KireFox|swimmerf-gen4dp|1181\n|teamsize|p1|6\n|teamsize|p2|6\n|gen|9\n|tier|[Gen 9] National Dex\n|rated|\n|rule|HP Percentage Mod: HP is shown in percentages\n|rule|Endless Battle Clause: Forcing endless battles is banned\n|rule|OHKO Clause: OHKO moves are banned\n|rule|Evasion Clause: Evasion abilities, items, and moves are banned\n|rule|Evasion Abilities Clause: Evasion abilities are banned\n|rule|Evasion Items Clause: Evasion items are banned\n|rule|Evasion Moves Clause: Evasion moves are banned\n|rule|Species Clause: Limit one of each Pok\u00e9mon\n|rule|Sleep Clause Mod: Limit one foe put to sleep\n|clearpoke\n|poke|p1|Torkoal, F|\n|poke|p1|Buzzwole|\n|poke|p1|Kartana|\n|poke|p1|Blacephalon|\n|poke|p1|Lopunny, M|\n|poke|p1|Krookodile, M|\n|poke|p2|Gyarados, M|\n|poke|p2|Blissey, F|\n|poke|p2|Gengar, F|\n|poke|p2|Serperior, M|\n|poke|p2|Tapu Koko|\n|poke|p2|Forretress, F|\n|teampreview\n|inactive|Battle timer is ON: inactive players will automatically lose when time's up. (requested by IceBerryCoffee)\n|\n|t:|1700415772\n|start\n|switch|p1a: Buzzwole|Buzzwole|100\/100\n|switch|p2a: Forretress|Forretress, F|100\/100\n|turn|1\n|\n|t:|1700415783\n|move|p1a: Buzzwole|Close Combat|p2a: Forretress\n|-damage|p2a: Forretress|60\/100\n|-unboost|p1a: Buzzwole|def|1\n|-unboost|p1a: Buzzwole|spd|1\n|move|p2a: Forretress|Stealth Rock|p1a: Buzzwole\n|-sidestart|p1: IceBerryCoffee|move: Stealth Rock\n|\n|upkeep\n|turn|2\n|inactive|KireFox has 120 seconds left.\n|\n|t:|1700415818\n|switch|p1a: Blacephalon|Blacephalon|100\/100\n|-damage|p1a: Blacephalon|76\/100|[from] Stealth Rock\n|switch|p2a: Tapu Koko|Tapu Koko|100\/100\n|-fieldstart|move: Electric Terrain|[from] ability: Electric Surge|[of] p2a: Tapu Koko\n|\n|upkeep\n|turn|3\n|inactive|KireFox has 120 seconds left.\n|\n|t:|1700415830\n|move|p1a: Blacephalon|Shadow Ball|p2a: Tapu Koko\n|-crit|p2a: Tapu Koko\n|-damage|p2a: Tapu Koko|0 fnt\n|faint|p2a: Tapu Koko\n|-ability|p1a: Blacephalon|Beast Boost|boost\n|-boost|p1a: Blacephalon|spa|1\n|\n|upkeep\n|\n|t:|1700415849\n|switch|p2a: Gyarados|Gyarados, M|100\/100\n|-ability|p2a: Gyarados|Intimidate|boost\n|-unboost|p1a: Blacephalon|atk|1\n|turn|4\n|\n|t:|1700415870\n|detailschange|p2a: Gyarados|Gyarados-Mega, M\n|-mega|p2a: Gyarados|Gyarados|Gyaradosite\n|-ability|p2a: Gyarados|Mold Breaker\n|move|p1a: Blacephalon|Shadow Ball|p2a: Gyarados\n|-resisted|p2a: Gyarados\n|-damage|p2a: Gyarados|71\/100\n|move|p2a: Gyarados|Dragon Dance|p2a: Gyarados\n|-boost|p2a: Gyarados|atk|1\n|-boost|p2a: Gyarados|spe|1\n|\n|upkeep\n|turn|5\n|inactive|KireFox has 90 seconds left.\n|\n|t:|1700415891\n|switch|p1a: Torkoal|Torkoal, F|100\/100\n|-damage|p1a: Torkoal|75\/100|[from] Stealth Rock\n|-weather|SunnyDay|[from] ability: Drought|[of] p1a: Torkoal\n|move|p2a: Gyarados|Waterfall|p1a: Torkoal\n|-supereffective|p1a: Torkoal\n|-damage|p1a: Torkoal|21\/100\n|\n|-weather|SunnyDay|[upkeep]\n|upkeep\n|turn|6\n|inactive|KireFox has 90 seconds left.\n|\n|t:|1700415906\n|move|p2a: Gyarados|Waterfall|p1a: Torkoal\n|-supereffective|p1a: Torkoal\n|-damage|p1a: Torkoal|0 fnt\n|faint|p1a: Torkoal\n|\n|-weather|SunnyDay|[upkeep]\n|-fieldend|move: Electric Terrain\n|upkeep\n|\n|t:|1700415914\n|switch|p1a: Buzzwole|Buzzwole|100\/100\n|-damage|p1a: Buzzwole|88\/100|[from] Stealth Rock\n|turn|7\n|inactive|KireFox has 90 seconds left.\n|\n|t:|1700415945\n|switch|p2a: Gengar|Gengar, F|100\/100\n|move|p1a: Buzzwole|Close Combat|p2a: Gengar\n|-immune|p2a: Gengar\n|\n|-weather|SunnyDay|[upkeep]\n|upkeep\n|turn|8\n|\n|t:|1700415954\n|switch|p1a: Blacephalon|Blacephalon|76\/100\n|-damage|p1a: Blacephalon|51\/100|[from] Stealth Rock\n|move|p2a: Gengar|Hypnosis|p1a: Blacephalon|[miss]\n|-miss|p2a: Gengar|p1a: Blacephalon\n|\n|-weather|SunnyDay|[upkeep]\n|upkeep\n|turn|9\n|inactive|KireFox has 60 seconds left.\n|\n|t:|1700415984\n|switch|p1a: Buzzwole|Buzzwole|88\/100\n|-damage|p1a: Buzzwole|76\/100|[from] Stealth Rock\n|-zpower|p2a: Gengar\n|move|p2a: Gengar|Never-Ending Nightmare|p1a: Buzzwole|[zeffect]\n|-damage|p1a: Buzzwole|0 fnt\n|faint|p1a: Buzzwole\n|\n|-weather|none\n|upkeep\n|\n|t:|1700415995\n|switch|p1a: Lopunny|Lopunny, M|100\/100\n|-damage|p1a: Lopunny|88\/100|[from] Stealth Rock\n|turn|10\n|inactive|KireFox has 60 seconds left.\n|\n|t:|1700416019\n|detailschange|p1a: Lopunny|Lopunny-Mega, M\n|-mega|p1a: Lopunny|Lopunny|Lopunnite\n|move|p1a: Lopunny|Fake Out|p2a: Gengar\n|-damage|p2a: Gengar|56\/100\n|cant|p2a: Gengar|flinch\n|\n|upkeep\n|turn|11\n|\n|t:|1700416026\n|move|p1a: Lopunny|Return|p2a: Gengar\n|-damage|p2a: Gengar|0 fnt\n|faint|p2a: Gengar\n|\n|upkeep\n|inactive|KireFox has 30 seconds left.\n|\n|t:|1700416052\n|switch|p2a: Serperior|Serperior, M|100\/100\n|turn|12\n|\n|t:|1700416057\n|move|p1a: Lopunny|Triple Axel|p2a: Serperior\n|-supereffective|p2a: Serperior\n|-damage|p2a: Serperior|83\/100\n|-supereffective|p2a: Serperior\n|-damage|p2a: Serperior|44\/100\n|-supereffective|p2a: Serperior\n|-damage|p2a: Serperior|0 fnt\n|faint|p2a: Serperior\n|-hitcount|p2: Serperior|3\n|\n|upkeep\n|inactive|KireFox has 30 seconds left.\n|\n|t:|1700416072\n|switch|p2a: Blissey|Blissey, F|100\/100\n|turn|13\n|inactive|KireFox has 30 seconds left.\n|\n|t:|1700416082\n|move|p1a: Lopunny|Close Combat|p2a: Blissey\n|-supereffective|p2a: Blissey\n|-damage|p2a: Blissey|0 fnt\n|-unboost|p1a: Lopunny|def|1\n|-unboost|p1a: Lopunny|spd|1\n|faint|p2a: Blissey\n|\n|upkeep\n|inactive|KireFox has 30 seconds left.\n|\n|t:|1700416089\n|switch|p2a: Gyarados|Gyarados-Mega, M|71\/100\n|-ability|p2a: Gyarados|Mold Breaker\n|turn|14\n|\n|t:|1700416095\n|move|p1a: Lopunny|Close Combat|p2a: Gyarados\n|-supereffective|p2a: Gyarados\n|-damage|p2a: Gyarados|0 fnt\n|-unboost|p1a: Lopunny|def|1\n|-unboost|p1a: Lopunny|spd|1\n|faint|p2a: Gyarados\n|\n|upkeep\n|\n|t:|1700416097\n|switch|p2a: Forretress|Forretress, F|60\/100\n|turn|15\n|\n|t:|1700416103\n|move|p1a: Lopunny|Close Combat|p2a: Forretress\n|-damage|p2a: Forretress|21\/100\n|-unboost|p1a: Lopunny|def|1\n|-unboost|p1a: Lopunny|spd|1\n|move|p2a: Forretress|Gyro Ball|p1a: Lopunny\n|-damage|p1a: Lopunny|0 fnt\n|faint|p1a: Lopunny\n|\n|upkeep\n|\n|t:|1700416111\n|switch|p1a: Blacephalon|Blacephalon|51\/100\n|-damage|p1a: Blacephalon|26\/100|[from] Stealth Rock\n|turn|16\n|c|\u2606KireFox|wtf\n|inactive|KireFox has 60 seconds left.\n|\n|t:|1700416121\n|move|p1a: Blacephalon|Flamethrower|p2a: Forretress\n|-supereffective|p2a: Forretress\n|-damage|p2a: Forretress|0 fnt\n|faint|p2a: Forretress\n|\n|win|IceBerryCoffee\n|raw|IceBerryCoffee's rating: 1237 &rarr; <strong>1258<\/strong><br \/>(+21 for winning)\n|raw|KireFox's rating: 1181 &rarr; <strong>1160<\/strong><br \/>(-21 for losing)\n|l|\u2606KireFox\n","uploadtime":1700416127,"views":5,"p1id":"iceberrycoffee","p2id":"kirefox","formatid":"gen9nationaldex","rating":1160,"private":0,"password":""}