{"id":"gen9nationaldex-1990482077","p1":"Adony3010","p2":"Dark Umbreon 08","format":"[Gen 9] National Dex","log":"|j|\u2606Adony3010\n|j|\u2606Dark Umbreon 08\n|t:|1699974989\n|gametype|singles\n|player|p1|Adony3010|gambler|1088\n|player|p2|Dark Umbreon 08|lass-gen4dp|1000\n|teamsize|p1|6\n|teamsize|p2|1\n|gen|9\n|tier|[Gen 9] National Dex\n|rated|\n|rule|HP Percentage Mod: HP is shown in percentages\n|rule|Endless Battle Clause: Forcing endless battles is banned\n|rule|OHKO Clause: OHKO moves are banned\n|rule|Evasion Clause: Evasion abilities, items, and moves are banned\n|rule|Evasion Abilities Clause: Evasion abilities are banned\n|rule|Evasion Items Clause: Evasion items are banned\n|rule|Evasion Moves Clause: Evasion moves are banned\n|rule|Species Clause: Limit one of each Pok\u00e9mon\n|rule|Sleep Clause Mod: Limit one foe put to sleep\n|clearpoke\n|poke|p1|Empoleon, F|\n|poke|p1|Volcarona, F|\n|poke|p1|Crobat, M|\n|poke|p1|Garchomp, F|\n|poke|p1|Eelektross, F|\n|poke|p1|Aegislash, F|\n|poke|p2|Blaziken, F|\n|teampreview\n|inactive|Battle timer is ON: inactive players will automatically lose when time's up. (requested by Dark Umbreon 08)\n|\n|t:|1699975000\n|start\n|switch|p1a: Garchomp|Garchomp, F|100\/100\n|switch|p2a: Blaziken|Blaziken, F|100\/100\n|turn|1\n|\n|t:|1699975009\n|-terastallize|p2a: Blaziken|Flying\n|move|p1a: Garchomp|Earthquake|p2a: Blaziken\n|-immune|p2a: Blaziken\n|move|p2a: Blaziken|Swagger|p1a: Garchomp\n|-boost|p1a: Garchomp|atk|2\n|-enditem|p2a: Blaziken|Mirror Herb\n|-boost|p2a: Blaziken|atk|2|[from] item: Mirror Herb\n|-start|p1a: Garchomp|confusion\n|\n|-ability|p2a: Blaziken|Speed Boost|boost\n|-boost|p2a: Blaziken|spe|1\n|upkeep\n|turn|2\n|\n|t:|1699975019\n|move|p2a: Blaziken|Focus Energy|p2a: Blaziken\n|-start|p2a: Blaziken|move: Focus Energy\n|-activate|p1a: Garchomp|confusion\n|move|p1a: Garchomp|Swords Dance|p1a: Garchomp\n|-boost|p1a: Garchomp|atk|2\n|\n|-ability|p2a: Blaziken|Speed Boost|boost\n|-boost|p2a: Blaziken|spe|1\n|upkeep\n|turn|3\n|\n|t:|1699975029\n|move|p2a: Blaziken|Close Combat|p1a: Garchomp\n|-damage|p1a: Garchomp|0 fnt\n|-unboost|p2a: Blaziken|def|1\n|-unboost|p2a: Blaziken|spd|1\n|-damage|p2a: Blaziken|88\/100|[from] ability: Rough Skin|[of] p1a: Garchomp\n|-damage|p2a: Blaziken|72\/100|[from] item: Rocky Helmet|[of] p1a: Garchomp\n|faint|p1a: Garchomp\n|\n|-ability|p2a: Blaziken|Speed Boost|boost\n|-boost|p2a: Blaziken|spe|1\n|upkeep\n|\n|t:|1699975043\n|switch|p1a: Empoleon|Empoleon, F|100\/100\n|turn|4\n|\n|t:|1699975049\n|-terastallize|p1a: Empoleon|Flying\n|move|p2a: Blaziken|Blaze Kick|p1a: Empoleon\n|-crit|p1a: Empoleon\n|-damage|p1a: Empoleon|0 fnt\n|faint|p1a: Empoleon\n|\n|-ability|p2a: Blaziken|Speed Boost|boost\n|-boost|p2a: Blaziken|spe|1\n|upkeep\n|\n|t:|1699975056\n|switch|p1a: Eelektross|Eelektross, F|100\/100\n|turn|5\n|\n|t:|1699975064\n|move|p2a: Blaziken|Blaze Kick|p1a: Eelektross\n|-crit|p1a: Eelektross\n|-damage|p1a: Eelektross|0 fnt\n|faint|p1a: Eelektross\n|\n|-ability|p2a: Blaziken|Speed Boost|boost\n|-boost|p2a: Blaziken|spe|1\n|upkeep\n|\n|t:|1699975067\n|switch|p1a: Volcarona|Volcarona, F|100\/100\n|turn|6\n|\n|t:|1699975075\n|move|p2a: Blaziken|Blaze Kick|p1a: Volcarona\n|-crit|p1a: Volcarona\n|-damage|p1a: Volcarona|0 fnt\n|faint|p1a: Volcarona\n|\n|-ability|p2a: Blaziken|Speed Boost|boost\n|-boost|p2a: Blaziken|spe|1\n|upkeep\n|\n|t:|1699975083\n|switch|p1a: Aegislash|Aegislash, F, shiny|100\/100\n|-item|p1a: Aegislash|Air Balloon\n|turn|7\n|\n|t:|1699975102\n|move|p2a: Blaziken|Focus Energy||[still]\n|-fail|p2a: Blaziken\n|move|p1a: Aegislash|Swords Dance|p1a: Aegislash\n|-boost|p1a: Aegislash|atk|2\n|\n|upkeep\n|turn|8\n|\n|t:|1699975119\n|move|p2a: Blaziken|Blaze Kick|p1a: Aegislash\n|-supereffective|p1a: Aegislash\n|-crit|p1a: Aegislash\n|-damage|p1a: Aegislash|0 fnt\n|-enditem|p1a: Aegislash|Air Balloon\n|faint|p1a: Aegislash\n|\n|upkeep\n|\n|t:|1699975122\n|switch|p1a: Crobat|Crobat, M|100\/100\n|turn|9\n|\n|t:|1699975127\n|move|p2a: Blaziken|Blaze Kick|p1a: Crobat\n|-crit|p1a: Crobat\n|-damage|p1a: Crobat|0 fnt\n|faint|p1a: Crobat\n|\n|win|Dark Umbreon 08\n|raw|Adony3010's rating: 1088 &rarr; <strong>1059<\/strong><br \/>(-29 for losing)\n|raw|Dark Umbreon 08's rating: 1000 &rarr; <strong>1050<\/strong><br \/>(+50 for winning)\n","uploadtime":1699975147,"views":4,"p1id":"adony3010","p2id":"darkumbreon08","formatid":"gen9nationaldex","rating":1050,"private":0,"password":""}