{"id":"gen9nationaldex-1996069803","p1":"Adriux15","p2":"zerohydra","format":"[Gen 9] National Dex","log":"|html|<div class=\"broadcast-blue\"><strong>[Gen 9] National Dex is currently suspecting Sneasler! For information on how to participate check out the <a href=\"https:\/\/www.smogon.com\/forums\/threads\/sv-national-dex-suspect-8-just-dance.3731534\/\">suspect thread<\/a>.<\/strong><\/div>\n|j|\u2606Adriux15\n|j|\u2606zerohydra\n|t:|1700639048\n|gametype|singles\n|player|p1|Adriux15|bea|1324\n|player|p2|zerohydra|giovanni|1328\n|teamsize|p1|6\n|teamsize|p2|6\n|gen|9\n|tier|[Gen 9] National Dex\n|rated|\n|rule|HP Percentage Mod: HP is shown in percentages\n|rule|Endless Battle Clause: Forcing endless battles is banned\n|rule|OHKO Clause: OHKO moves are banned\n|rule|Evasion Clause: Evasion abilities, items, and moves are banned\n|rule|Evasion Abilities Clause: Evasion abilities are banned\n|rule|Evasion Items Clause: Evasion items are banned\n|rule|Evasion Moves Clause: Evasion moves are banned\n|rule|Species Clause: Limit one of each Pok\u00e9mon\n|rule|Sleep Clause Mod: Limit one foe put to sleep\n|clearpoke\n|poke|p1|Pelipper, M|\n|poke|p1|Basculegion, M|\n|poke|p1|Gastrodon, F|\n|poke|p1|Thundurus-Therian, M|\n|poke|p1|Urshifu-*, M|\n|poke|p1|Toxapex, F|\n|poke|p2|Lopunny, F|\n|poke|p2|Tornadus-Therian, M|\n|poke|p2|Ferrothorn, F|\n|poke|p2|Tapu Lele|\n|poke|p2|Rotom-Wash|\n|poke|p2|Ting-Lu|\n|teampreview\n|inactive|Battle timer is ON: inactive players will automatically lose when time's up. (requested by Adriux15)\n|\n|t:|1700639057\n|start\n|switch|p1a: Pelipper|Pelipper, M|100\/100\n|switch|p2a: Rotom|Rotom-Wash|100\/100\n|-weather|RainDance|[from] ability: Drizzle|[of] p1a: Pelipper\n|turn|1\n|\n|t:|1700639064\n|switch|p1a: Gastrodon|Gastrodon, F|100\/100\n|move|p2a: Rotom|Volt Switch|p1a: Gastrodon\n|-immune|p1a: Gastrodon\n|\n|-weather|RainDance|[upkeep]\n|upkeep\n|turn|2\n|\n|t:|1700639076\n|switch|p2a: Tornadus|Tornadus-Therian, M|100\/100\n|move|p1a: Gastrodon|Hydro Pump|p2a: Tornadus\n|-damage|p2a: Tornadus|42\/100\n|\n|-weather|RainDance|[upkeep]\n|upkeep\n|turn|3\n|\n|t:|1700639084\n|move|p2a: Tornadus|U-turn|p1a: Gastrodon\n|-damage|p1a: Gastrodon|86\/100\n|\n|t:|1700639087\n|switch|p2a: Ferrothorn|Ferrothorn, F|100\/100|[from] U-turn\n|move|p1a: Gastrodon|Ice Beam|p2a: Ferrothorn\n|-damage|p2a: Ferrothorn|87\/100\n|\n|-weather|RainDance|[upkeep]\n|-heal|p1a: Gastrodon|92\/100|[from] item: Leftovers\n|-heal|p2a: Ferrothorn|93\/100|[from] item: Leftovers\n|upkeep\n|turn|4\n|inactive|Adriux15 has 120 seconds left.\n|\n|t:|1700639131\n|switch|p1a: Thundurus|Thundurus-Therian, M, shiny|100\/100\n|move|p2a: Ferrothorn|Knock Off|p1a: Thundurus\n|-damage|p1a: Thundurus|73\/100\n|-enditem|p1a: Thundurus|Assault Vest|[from] move: Knock Off|[of] p2a: Ferrothorn\n|\n|-weather|RainDance|[upkeep]\n|-heal|p2a: Ferrothorn|99\/100|[from] item: Leftovers\n|upkeep\n|turn|5\n|\n|t:|1700639140\n|switch|p2a: Tapu Lele|Tapu Lele|100\/100\n|-fieldstart|move: Psychic Terrain|[from] ability: Psychic Surge|[of] p2a: Tapu Lele\n|move|p1a: Thundurus|Focus Blast|p2a: Tapu Lele\n|-resisted|p2a: Tapu Lele\n|-damage|p2a: Tapu Lele|88\/100\n|\n|-weather|RainDance|[upkeep]\n|upkeep\n|turn|6\n|inactive|Adriux15 has 120 seconds left.\n|\n|t:|1700639148\n|move|p2a: Tapu Lele|Psychic|p1a: Thundurus\n|-damage|p1a: Thundurus|11\/100\n|move|p1a: Thundurus|Thunder|p2a: Tapu Lele\n|-damage|p2a: Tapu Lele|25\/100\n|-status|p2a: Tapu Lele|par\n|\n|-weather|RainDance|[upkeep]\n|upkeep\n|turn|7\n|\n|t:|1700639157\n|move|p1a: Thundurus|Thunder|p2a: Tapu Lele\n|-crit|p2a: Tapu Lele\n|-damage|p2a: Tapu Lele|0 fnt\n|faint|p2a: Tapu Lele\n|\n|-weather|RainDance|[upkeep]\n|upkeep\n|\n|t:|1700639164\n|switch|p2a: Lopunny|Lopunny, F|100\/100\n|turn|8\n|\n|t:|1700639167\n|switch|p1a: Basculegion|Basculegion, M, shiny|100\/100\n|detailschange|p2a: Lopunny|Lopunny-Mega, F\n|-mega|p2a: Lopunny|Lopunny|Lopunnite\n|move|p2a: Lopunny|Frustration|p1a: Basculegion\n|-damage|p1a: Basculegion|27\/100\n|\n|-weather|none\n|upkeep\n|turn|9\n|\n|t:|1700639179\n|switch|p1a: Pelipper|Pelipper, M|100\/100\n|-weather|RainDance|[from] ability: Drizzle|[of] p1a: Pelipper\n|move|p2a: Lopunny|Frustration|p1a: Pelipper\n|-damage|p1a: Pelipper|38\/100\n|\n|-weather|RainDance|[upkeep]\n|-fieldend|move: Psychic Terrain\n|upkeep\n|turn|10\n|\n|t:|1700639190\n|switch|p1a: Thundurus|Thundurus-Therian, M, shiny|11\/100\n|move|p2a: Lopunny|Frustration|p1a: Thundurus\n|-damage|p1a: Thundurus|0 fnt\n|faint|p1a: Thundurus\n|\n|-weather|RainDance|[upkeep]\n|upkeep\n|\n|t:|1700639197\n|switch|p1a: Basculegion|Basculegion, M, shiny|27\/100\n|turn|11\n|\n|t:|1700639200\n|switch|p2a: Ferrothorn|Ferrothorn, F|99\/100\n|move|p1a: Basculegion|Wave Crash|p2a: Ferrothorn\n|-resisted|p2a: Ferrothorn\n|-damage|p2a: Ferrothorn|53\/100\n|-damage|p1a: Basculegion|15\/100|[from] ability: Iron Barbs|[of] p2a: Ferrothorn\n|-damage|p1a: Basculegion|1\/100|[from] Recoil\n|-damage|p1a: Basculegion|0 fnt|[from] item: Life Orb\n|faint|p1a: Basculegion\n|\n|-weather|RainDance|[upkeep]\n|-heal|p2a: Ferrothorn|60\/100|[from] item: Leftovers\n|upkeep\n|\n|t:|1700639211\n|switch|p1a: Urshifu|Urshifu-Rapid-Strike, M|100\/100\n|turn|12\n|\n|t:|1700639216\n|switch|p2a: Tornadus|Tornadus-Therian, M|76\/100\n|move|p1a: Urshifu|Close Combat|p2a: Tornadus\n|-resisted|p2a: Tornadus\n|-damage|p2a: Tornadus|39\/100\n|-unboost|p1a: Urshifu|def|1\n|-unboost|p1a: Urshifu|spd|1\n|\n|-weather|RainDance|[upkeep]\n|upkeep\n|turn|13\n|\n|t:|1700639233\n|-terastallize|p1a: Urshifu|Water\n|move|p1a: Urshifu|Aqua Jet|p2a: Tornadus\n|-damage|p2a: Tornadus|0 fnt\n|faint|p2a: Tornadus\n|\n|-weather|RainDance|[upkeep]\n|upkeep\n|\n|t:|1700639238\n|switch|p2a: Rotom|Rotom-Wash|100\/100\n|turn|14\n|\n|t:|1700639243\n|switch|p1a: Gastrodon|Gastrodon, F|92\/100\n|move|p2a: Rotom|Will-O-Wisp|p1a: Gastrodon|[miss]\n|-miss|p2a: Rotom|p1a: Gastrodon\n|\n|-weather|RainDance|[upkeep]\n|-heal|p1a: Gastrodon|98\/100|[from] item: Leftovers\n|upkeep\n|turn|15\n|\n|t:|1700639249\n|switch|p2a: Ferrothorn|Ferrothorn, F|60\/100\n|move|p1a: Gastrodon|Hydro Pump|p2a: Ferrothorn\n|-resisted|p2a: Ferrothorn\n|-damage|p2a: Ferrothorn|39\/100\n|\n|-weather|RainDance|[upkeep]\n|-heal|p1a: Gastrodon|100\/100|[from] item: Leftovers\n|-heal|p2a: Ferrothorn|46\/100|[from] item: Leftovers\n|upkeep\n|turn|16\n|\n|t:|1700639258\n|move|p1a: Gastrodon|Earth Power|p2a: Ferrothorn\n|-damage|p2a: Ferrothorn|23\/100\n|move|p2a: Ferrothorn|Leech Seed|p1a: Gastrodon|[miss]\n|-miss|p2a: Ferrothorn|p1a: Gastrodon\n|\n|-weather|none\n|-heal|p2a: Ferrothorn|29\/100|[from] item: Leftovers\n|upkeep\n|turn|17\n|\n|t:|1700639268\n|move|p1a: Gastrodon|Earth Power|p2a: Ferrothorn\n|-damage|p2a: Ferrothorn|5\/100\n|move|p2a: Ferrothorn|Leech Seed|p1a: Gastrodon\n|-start|p1a: Gastrodon|move: Leech Seed\n|\n|-heal|p2a: Ferrothorn|11\/100|[from] item: Leftovers\n|-damage|p1a: Gastrodon|88\/100|[from] Leech Seed|[of] p2a: Ferrothorn\n|-heal|p2a: Ferrothorn|24\/100|[silent]\n|upkeep\n|turn|18\n|\n|t:|1700639276\n|switch|p2a: Rotom|Rotom-Wash|100\/100\n|move|p1a: Gastrodon|Earth Power|p2a: Rotom\n|-immune|p2a: Rotom|[from] ability: Levitate\n|\n|-heal|p1a: Gastrodon|94\/100|[from] item: Leftovers\n|-damage|p1a: Gastrodon|82\/100|[from] Leech Seed|[of] p2a: Rotom\n|upkeep\n|turn|19\n|\n|t:|1700639284\n|switch|p1a: Pelipper|Pelipper, M|38\/100\n|-weather|RainDance|[from] ability: Drizzle|[of] p1a: Pelipper\n|move|p2a: Rotom|Will-O-Wisp|p1a: Pelipper\n|-status|p1a: Pelipper|brn\n|\n|-weather|RainDance|[upkeep]\n|-damage|p1a: Pelipper|32\/100 brn|[from] brn\n|upkeep\n|turn|20\n|\n|t:|1700639293\n|move|p2a: Rotom|Volt Switch|p1a: Pelipper\n|-supereffective|p1a: Pelipper\n|-damage|p1a: Pelipper|0 fnt\n|faint|p1a: Pelipper\n|\n|t:|1700639304\n|switch|p2a: Ferrothorn|Ferrothorn, F|24\/100|[from] Volt Switch\n|\n|-weather|RainDance|[upkeep]\n|-heal|p2a: Ferrothorn|30\/100|[from] item: Leftovers\n|upkeep\n|\n|t:|1700639309\n|switch|p1a: Urshifu|Urshifu-Rapid-Strike, M, tera:Water|100\/100\n|turn|21\n|\n|t:|1700639312\n|-terastallize|p2a: Ferrothorn|Ghost\n|move|p1a: Urshifu|Close Combat|p2a: Ferrothorn\n|-immune|p2a: Ferrothorn\n|move|p2a: Ferrothorn|Leech Seed|p1a: Urshifu\n|-start|p1a: Urshifu|move: Leech Seed\n|\n|-weather|RainDance|[upkeep]\n|-heal|p2a: Ferrothorn|37\/100|[from] item: Leftovers\n|-damage|p1a: Urshifu|88\/100|[from] Leech Seed|[of] p2a: Ferrothorn\n|-heal|p2a: Ferrothorn|49\/100|[silent]\n|upkeep\n|turn|22\n|\n|t:|1700639324\n|switch|p1a: Toxapex|Toxapex, F, shiny|100\/100\n|switch|p2a: Rotom|Rotom-Wash|100\/100\n|\n|-weather|RainDance|[upkeep]\n|upkeep\n|turn|23\n|\n|t:|1700639330\n|move|p2a: Rotom|Volt Switch|p1a: Toxapex\n|-supereffective|p1a: Toxapex\n|-damage|p1a: Toxapex|54\/100\n|\n|t:|1700639335\n|switch|p2a: Ting-Lu|Ting-Lu|100\/100|[from] Volt Switch\n|-ability|p2a: Ting-Lu|Vessel of Ruin\n|move|p1a: Toxapex|Toxic|p2a: Ting-Lu\n|-status|p2a: Ting-Lu|tox\n|\n|-weather|RainDance|[upkeep]\n|-heal|p1a: Toxapex|60\/100|[from] item: Leftovers\n|-damage|p2a: Ting-Lu|94\/100 tox|[from] psn\n|upkeep\n|turn|24\n|\n|t:|1700639344\n|move|p2a: Ting-Lu|Earthquake|p1a: Toxapex\n|-supereffective|p1a: Toxapex\n|-damage|p1a: Toxapex|0 fnt\n|faint|p1a: Toxapex\n|\n|-weather|RainDance|[upkeep]\n|-heal|p2a: Ting-Lu|100\/100 tox|[from] item: Leftovers\n|-damage|p2a: Ting-Lu|88\/100 tox|[from] psn\n|upkeep\n|\n|t:|1700639352\n|switch|p1a: Urshifu|Urshifu-Rapid-Strike, M, tera:Water|88\/100\n|turn|25\n|\n|t:|1700639359\n|move|p1a: Urshifu|Surging Strikes|p2a: Ting-Lu\n|-supereffective|p2a: Ting-Lu\n|-crit|p2a: Ting-Lu\n|-damage|p2a: Ting-Lu|29\/100 tox\n|-supereffective|p2a: Ting-Lu\n|-crit|p2a: Ting-Lu\n|-damage|p2a: Ting-Lu|0 fnt\n|faint|p2a: Ting-Lu\n|-hitcount|p2: Ting-Lu|2\n|\n|-weather|RainDance|[upkeep]\n|upkeep\n|\n|t:|1700639361\n|switch|p2a: Rotom|Rotom-Wash|100\/100\n|turn|26\n|\n|t:|1700639370\n|switch|p1a: Gastrodon|Gastrodon, F|82\/100\n|move|p2a: Rotom|Volt Switch|p1a: Gastrodon\n|-immune|p1a: Gastrodon\n|\n|-weather|none\n|-heal|p1a: Gastrodon|88\/100|[from] item: Leftovers\n|upkeep\n|turn|27\n|\n|t:|1700639378\n|move|p2a: Rotom|Will-O-Wisp|p1a: Gastrodon\n|-status|p1a: Gastrodon|brn\n|move|p1a: Gastrodon|Earth Power|p2a: Rotom\n|-immune|p2a: Rotom|[from] ability: Levitate\n|\n|-heal|p1a: Gastrodon|94\/100 brn|[from] item: Leftovers\n|-damage|p1a: Gastrodon|88\/100 brn|[from] brn\n|upkeep\n|turn|28\n|\n|t:|1700639386\n|move|p2a: Rotom|Hydro Pump|p1a: Gastrodon\n|-ability|p1a: Gastrodon|Storm Drain|boost\n|-boost|p1a: Gastrodon|spa|1\n|move|p1a: Gastrodon|Hydro Pump|p2a: Rotom\n|-resisted|p2a: Rotom\n|-crit|p2a: Rotom\n|-damage|p2a: Rotom|55\/100\n|\n|-heal|p2a: Rotom|61\/100|[from] item: Leftovers\n|-heal|p1a: Gastrodon|94\/100 brn|[from] item: Leftovers\n|-damage|p1a: Gastrodon|88\/100 brn|[from] brn\n|upkeep\n|turn|29\n|\n|t:|1700639396\n|move|p2a: Rotom|Pain Split|p1a: Gastrodon\n|-sethp|p1a: Gastrodon|69\/100 brn|[from] move: Pain Split|[silent]\n|-sethp|p2a: Rotom|85\/100|[from] move: Pain Split\n|move|p1a: Gastrodon|Hydro Pump|p2a: Rotom\n|-resisted|p2a: Rotom\n|-damage|p2a: Rotom|54\/100\n|\n|-heal|p2a: Rotom|60\/100|[from] item: Leftovers\n|-heal|p1a: Gastrodon|75\/100 brn|[from] item: Leftovers\n|-damage|p1a: Gastrodon|69\/100 brn|[from] brn\n|upkeep\n|turn|30\n|\n|t:|1700639406\n|move|p2a: Rotom|Pain Split|p1a: Gastrodon\n|-sethp|p1a: Gastrodon|59\/100 brn|[from] move: Pain Split|[silent]\n|-sethp|p2a: Rotom|72\/100|[from] move: Pain Split\n|move|p1a: Gastrodon|Hydro Pump|p2a: Rotom\n|-resisted|p2a: Rotom\n|-damage|p2a: Rotom|40\/100\n|\n|-heal|p2a: Rotom|46\/100|[from] item: Leftovers\n|-heal|p1a: Gastrodon|65\/100 brn|[from] item: Leftovers\n|-damage|p1a: Gastrodon|59\/100 brn|[from] brn\n|upkeep\n|turn|31\n|\n|t:|1700639416\n|move|p2a: Rotom|Pain Split|p1a: Gastrodon\n|-sethp|p1a: Gastrodon|48\/100 brn|[from] move: Pain Split|[silent]\n|-sethp|p2a: Rotom|59\/100|[from] move: Pain Split\n|move|p1a: Gastrodon|Hydro Pump|p2a: Rotom\n|-resisted|p2a: Rotom\n|-damage|p2a: Rotom|26\/100\n|\n|-heal|p2a: Rotom|32\/100|[from] item: Leftovers\n|-heal|p1a: Gastrodon|54\/100 brn|[from] item: Leftovers\n|-damage|p1a: Gastrodon|48\/100 brn|[from] brn\n|upkeep\n|turn|32\n|\n|t:|1700639426\n|move|p2a: Rotom|Pain Split|p1a: Gastrodon\n|-sethp|p1a: Gastrodon|37\/100 brn|[from] move: Pain Split|[silent]\n|-sethp|p2a: Rotom|45\/100|[from] move: Pain Split\n|move|p1a: Gastrodon|Hydro Pump|p2a: Rotom\n|-resisted|p2a: Rotom\n|-damage|p2a: Rotom|15\/100\n|\n|-heal|p2a: Rotom|21\/100|[from] item: Leftovers\n|-heal|p1a: Gastrodon|43\/100 brn|[from] item: Leftovers\n|-damage|p1a: Gastrodon|37\/100 brn|[from] brn\n|upkeep\n|turn|33\n|\n|t:|1700639437\n|move|p2a: Rotom|Pain Split|p1a: Gastrodon\n|-sethp|p1a: Gastrodon|27\/100 brn|[from] move: Pain Split|[silent]\n|-sethp|p2a: Rotom|33\/100|[from] move: Pain Split\n|move|p1a: Gastrodon|Hydro Pump|p2a: Rotom\n|-resisted|p2a: Rotom\n|-damage|p2a: Rotom|1\/100\n|\n|-heal|p2a: Rotom|7\/100|[from] item: Leftovers\n|-heal|p1a: Gastrodon|33\/100 brn|[from] item: Leftovers\n|-damage|p1a: Gastrodon|27\/100 brn|[from] brn\n|upkeep\n|turn|34\n|\n|t:|1700639447\n|move|p2a: Rotom|Pain Split|p1a: Gastrodon\n|-sethp|p1a: Gastrodon|16\/100 brn|[from] move: Pain Split|[silent]\n|-sethp|p2a: Rotom|20\/100|[from] move: Pain Split\n|move|p1a: Gastrodon|Ice Beam|p2a: Rotom\n|-resisted|p2a: Rotom\n|-damage|p2a: Rotom|2\/100\n|\n|-heal|p2a: Rotom|8\/100|[from] item: Leftovers\n|-heal|p1a: Gastrodon|22\/100 brn|[from] item: Leftovers\n|-damage|p1a: Gastrodon|16\/100 brn|[from] brn\n|upkeep\n|turn|35\n|\n|t:|1700639459\n|switch|p2a: Ferrothorn|Ferrothorn, F, tera:Ghost|49\/100\n|move|p1a: Gastrodon|Ice Beam|p2a: Ferrothorn\n|-damage|p2a: Ferrothorn|28\/100\n|\n|-heal|p1a: Gastrodon|22\/100 brn|[from] item: Leftovers\n|-heal|p2a: Ferrothorn|34\/100|[from] item: Leftovers\n|-damage|p1a: Gastrodon|16\/100 brn|[from] brn\n|upkeep\n|turn|36\n|\n|t:|1700639468\n|move|p1a: Gastrodon|Earth Power|p2a: Ferrothorn\n|-damage|p2a: Ferrothorn|0 fnt\n|faint|p2a: Ferrothorn\n|\n|-heal|p1a: Gastrodon|22\/100 brn|[from] item: Leftovers\n|-damage|p1a: Gastrodon|16\/100 brn|[from] brn\n|upkeep\n|\n|t:|1700639471\n|switch|p2a: Lopunny|Lopunny-Mega, F|100\/100\n|turn|37\n|\n|t:|1700639478\n|move|p2a: Lopunny|Fake Out|p1a: Gastrodon\n|-damage|p1a: Gastrodon|0 fnt\n|faint|p1a: Gastrodon\n|\n|upkeep\n|\n|t:|1700639482\n|switch|p1a: Urshifu|Urshifu-Rapid-Strike, M, tera:Water|88\/100\n|turn|38\n|\n|t:|1700639484\n|move|p2a: Lopunny|Close Combat|p1a: Urshifu\n|-damage|p1a: Urshifu|25\/100\n|-unboost|p2a: Lopunny|def|1\n|-unboost|p2a: Lopunny|spd|1\n|move|p1a: Urshifu|Surging Strikes|p2a: Lopunny\n|-crit|p2a: Lopunny\n|-damage|p2a: Lopunny|35\/100\n|-crit|p2a: Lopunny\n|-damage|p2a: Lopunny|0 fnt\n|faint|p2a: Lopunny\n|-hitcount|p2: Lopunny|2\n|\n|upkeep\n|\n|t:|1700639491\n|switch|p2a: Rotom|Rotom-Wash|8\/100\n|turn|39\n|\n|t:|1700639496\n|move|p1a: Urshifu|Aqua Jet|p2a: Rotom\n|-resisted|p2a: Rotom\n|-damage|p2a: Rotom|0 fnt\n|faint|p2a: Rotom\n|\n|win|Adriux15\n|raw|Adriux15's rating: 1324 &rarr; <strong>1344<\/strong><br \/>(+20 for winning)\n|raw|zerohydra's rating: 1328 &rarr; <strong>1308<\/strong><br \/>(-20 for losing)\n|c|\u2606zerohydra|\u8349\n|c|\u2606Adriux15|GG\n|l|\u2606zerohydra\n","uploadtime":1700639530,"views":11,"p1id":"adriux15","p2id":"zerohydra","formatid":"gen9nationaldex","rating":1308,"private":0,"password":""}