{"id":"gen9nationaldex-1989873630","p1":"RichRSRJ","p2":"SpecsGastr0","format":"[Gen 9] National Dex","log":"|j|\u2606RichRSRJ\n|j|\u2606SpecsGastr0\n|t:|1699902879\n|gametype|singles\n|player|p1|RichRSRJ|gardenia|1067\n|player|p2|SpecsGastr0|colress|1135\n|teamsize|p1|6\n|teamsize|p2|6\n|gen|9\n|tier|[Gen 9] National Dex\n|rated|\n|rule|HP Percentage Mod: HP is shown in percentages\n|rule|Endless Battle Clause: Forcing endless battles is banned\n|rule|OHKO Clause: OHKO moves are banned\n|rule|Evasion Clause: Evasion abilities, items, and moves are banned\n|rule|Evasion Abilities Clause: Evasion abilities are banned\n|rule|Evasion Items Clause: Evasion items are banned\n|rule|Evasion Moves Clause: Evasion moves are banned\n|rule|Species Clause: Limit one of each Pok\u00e9mon\n|rule|Sleep Clause Mod: Limit one foe put to sleep\n|clearpoke\n|poke|p1|Roserade, F|\n|poke|p1|Carnivine, M|\n|poke|p1|Cherrim, F|\n|poke|p1|Tangrowth, M|\n|poke|p1|Leafeon, M|\n|poke|p1|Torterra, M|\n|poke|p2|Golisopod, M|\n|poke|p2|Lucario, M|\n|poke|p2|Hitmontop, M|\n|poke|p2|Obstagoon, M|\n|poke|p2|Torterra, M|\n|poke|p2|Jellicent, M|\n|teampreview\n|inactive|Battle timer is ON: inactive players will automatically lose when time's up. (requested by RichRSRJ)\n|\n|t:|1699902895\n|start\n|switch|p1a: Cherrim|Cherrim, F|100\/100\n|switch|p2a: Allegations|Lucario, M|100\/100\n|turn|1\n|\n|t:|1699902900\n|move|p2a: Allegations|Nasty Plot|p2a: Allegations\n|-boost|p2a: Allegations|spa|2\n|move|p1a: Cherrim|Sunny Day|p1a: Cherrim\n|-weather|SunnyDay\n|-formechange|p1a: Cherrim|Cherrim-Sunshine|[msg]|[from] ability: Flower Gift\n|\n|-weather|SunnyDay|[upkeep]\n|upkeep\n|turn|2\n|\n|t:|1699902908\n|move|p2a: Allegations|Flash Cannon|p1a: Cherrim\n|-damage|p1a: Cherrim|28\/100\n|move|p1a: Cherrim|Weather Ball|p2a: Allegations\n|-supereffective|p2a: Allegations\n|-damage|p2a: Allegations|0 fnt\n|faint|p2a: Allegations\n|\n|-weather|SunnyDay|[upkeep]\n|upkeep\n|\n|t:|1699902919\n|switch|p2a: Sensei's Divining|Hitmontop, M|100\/100\n|-ability|p2a: Sensei's Divining|Intimidate|boost\n|-unboost|p1a: Cherrim|atk|1\n|turn|3\n|\n|t:|1699902925\n|move|p2a: Sensei's Divining|Fake Out|p1a: Cherrim\n|-damage|p1a: Cherrim|7\/100\n|cant|p1a: Cherrim|flinch\n|\n|-weather|SunnyDay|[upkeep]\n|upkeep\n|turn|4\n|\n|t:|1699902935\n|move|p1a: Cherrim|Energy Ball|p2a: Sensei's Divining\n|-damage|p2a: Sensei's Divining|65\/100\n|move|p2a: Sensei's Divining|Rapid Spin|p1a: Cherrim\n|-damage|p1a: Cherrim|0 fnt\n|-boost|p2a: Sensei's Divining|spe|1\n|faint|p1a: Cherrim\n|\n|-weather|SunnyDay|[upkeep]\n|upkeep\n|\n|t:|1699902957\n|switch|p1a: Carnivine|Carnivine, M|100\/100\n|turn|5\n|\n|t:|1699902960\n|move|p2a: Sensei's Divining|Triple Axel|p1a: Carnivine\n|-supereffective|p1a: Carnivine\n|-damage|p1a: Carnivine|81\/100\n|-supereffective|p1a: Carnivine\n|-damage|p1a: Carnivine|45\/100\n|-supereffective|p1a: Carnivine\n|-damage|p1a: Carnivine|0 fnt\n|faint|p1a: Carnivine\n|-hitcount|p1: Carnivine|3\n|\n|-weather|SunnyDay|[upkeep]\n|upkeep\n|\n|t:|1699902971\n|switch|p1a: Leafeon|Leafeon, M|100\/100\n|turn|6\n|\n|t:|1699902981\n|move|p1a: Leafeon|Leaf Blade|p2a: Sensei's Divining\n|-damage|p2a: Sensei's Divining|0 fnt\n|faint|p2a: Sensei's Divining\n|-damage|p1a: Leafeon|91\/100|[from] item: Life Orb\n|\n|-weather|SunnyDay|[upkeep]\n|upkeep\n|\n|t:|1699903002\n|switch|p2a: Wild Cherry|Obstagoon, M, shiny|100\/100\n|turn|7\n|\n|t:|1699903009\n|move|p1a: Leafeon|Leaf Blade|p2a: Wild Cherry\n|-damage|p2a: Wild Cherry|43\/100\n|-damage|p1a: Leafeon|81\/100|[from] item: Life Orb\n|move|p2a: Wild Cherry|Knock Off|p1a: Leafeon\n|-damage|p1a: Leafeon|44\/100\n|-enditem|p1a: Leafeon|Life Orb|[from] move: Knock Off|[of] p2a: Wild Cherry\n|\n|-weather|SunnyDay|[upkeep]\n|-status|p2a: Wild Cherry|brn|[from] item: Flame Orb\n|upkeep\n|turn|8\n|\n|t:|1699903022\n|move|p1a: Leafeon|Leaf Blade|p2a: Wild Cherry\n|-damage|p2a: Wild Cherry|0 fnt\n|faint|p2a: Wild Cherry\n|\n|-weather|none\n|upkeep\n|\n|t:|1699903033\n|switch|p2a: Brave Sir Robin|Golisopod, M|100\/100\n|turn|9\n|\n|t:|1699903037\n|-terastallize|p2a: Brave Sir Robin|Bug\n|move|p1a: Leafeon|Leaf Blade|p2a: Brave Sir Robin\n|-resisted|p2a: Brave Sir Robin\n|-damage|p2a: Brave Sir Robin|85\/100\n|move|p2a: Brave Sir Robin|Leech Life|p1a: Leafeon\n|-supereffective|p1a: Leafeon\n|-damage|p1a: Leafeon|0 fnt\n|-heal|p2a: Brave Sir Robin|100\/100|[from] drain|[of] p1a: Leafeon\n|faint|p1a: Leafeon\n|\n|upkeep\n|\n|t:|1699903048\n|switch|p1a: Tangrowth|Tangrowth, M|100\/100\n|turn|10\n|\n|t:|1699903053\n|move|p1a: Tangrowth|Knock Off|p2a: Brave Sir Robin\n|-damage|p2a: Brave Sir Robin|77\/100\n|-enditem|p2a: Brave Sir Robin|Choice Band|[from] move: Knock Off|[of] p1a: Tangrowth\n|move|p2a: Brave Sir Robin|Leech Life|p1a: Tangrowth\n|-supereffective|p1a: Tangrowth\n|-damage|p1a: Tangrowth|18\/100\n|-heal|p2a: Brave Sir Robin|100\/100|[from] drain|[of] p1a: Tangrowth\n|\n|upkeep\n|turn|11\n|\n|t:|1699903063\n|move|p1a: Tangrowth|Earthquake|p2a: Brave Sir Robin\n|-resisted|p2a: Brave Sir Robin\n|-damage|p2a: Brave Sir Robin|88\/100\n|move|p2a: Brave Sir Robin|Leech Life|p1a: Tangrowth\n|-supereffective|p1a: Tangrowth\n|-damage|p1a: Tangrowth|0 fnt\n|-heal|p2a: Brave Sir Robin|98\/100|[from] drain|[of] p1a: Tangrowth\n|faint|p1a: Tangrowth\n|\n|upkeep\n|\n|t:|1699903065\n|switch|p1a: Torterra|Torterra, M|100\/100\n|turn|12\n|\n|t:|1699903073\n|move|p1a: Torterra|Leech Seed|p2a: Brave Sir Robin\n|-start|p2a: Brave Sir Robin|move: Leech Seed\n|move|p2a: Brave Sir Robin|Leech Life|p1a: Torterra\n|-supereffective|p1a: Torterra\n|-damage|p1a: Torterra|1\/100\n|-heal|p2a: Brave Sir Robin|100\/100|[from] drain|[of] p1a: Torterra\n|-enditem|p1a: Torterra|Sitrus Berry|[eat]\n|-heal|p1a: Torterra|26\/100|[from] item: Sitrus Berry\n|\n|-damage|p2a: Brave Sir Robin|88\/100|[from] Leech Seed|[of] p1a: Torterra\n|-heal|p1a: Torterra|37\/100|[silent]\n|upkeep\n|turn|13\n|\n|t:|1699903083\n|move|p1a: Torterra|Crunch|p2a: Brave Sir Robin\n|-damage|p2a: Brave Sir Robin|69\/100\n|move|p2a: Brave Sir Robin|Leech Life|p1a: Torterra\n|-supereffective|p1a: Torterra\n|-damage|p1a: Torterra|0 fnt\n|-heal|p2a: Brave Sir Robin|89\/100|[from] drain|[of] p1a: Torterra\n|faint|p1a: Torterra\n|\n|upkeep\n|\n|t:|1699903088\n|switch|p1a: Roserade|Roserade, F|100\/100\n|turn|14\n|\n|t:|1699903093\n|move|p1a: Roserade|Sludge Bomb|p2a: Brave Sir Robin\n|-damage|p2a: Brave Sir Robin|41\/100\n|-status|p2a: Brave Sir Robin|psn\n|-activate|p2a: Brave Sir Robin|ability: Emergency Exit\n|\n|t:|1699903100\n|switch|p2a: Turbo|Torterra, M|100\/100\n|\n|upkeep\n|turn|15\n|\n|t:|1699903104\n|move|p1a: Roserade|Sludge Bomb|p2a: Turbo\n|-damage|p2a: Turbo|51\/100\n|move|p2a: Turbo|Shell Smash|p2a: Turbo\n|-unboost|p2a: Turbo|def|1\n|-unboost|p2a: Turbo|spd|1\n|-boost|p2a: Turbo|atk|2\n|-boost|p2a: Turbo|spa|2\n|-boost|p2a: Turbo|spe|2\n|-enditem|p2a: Turbo|White Herb\n|-clearnegativeboost|p2a: Turbo|[silent]\n|\n|upkeep\n|turn|16\n|\n|t:|1699903112\n|move|p2a: Turbo|Earthquake|p1a: Roserade\n|-damage|p1a: Roserade|0 fnt\n|faint|p1a: Roserade\n|\n|win|SpecsGastr0\n|raw|RichRSRJ's rating: 1067 &rarr; <strong>1051<\/strong><br \/>(-16 for losing)\n|raw|SpecsGastr0's rating: 1135 &rarr; <strong>1155<\/strong><br \/>(+20 for winning)\n|l|\u2606RichRSRJ\n","uploadtime":1699903120,"views":6,"p1id":"richrsrj","p2id":"specsgastr0","formatid":"gen9nationaldex","rating":1051,"private":0,"password":""}