{"id":"gen9nationaldex-1991398896","p1":"Blake-Mamba","p2":"0d000721","format":"[Gen 9] National Dex","log":"|j|\u2606Blake-Mamba\n|j|\u26060d000721\n|t:|1700073812\n|gametype|singles\n|player|p1|Blake-Mamba|juan|1387\n|player|p2|0d000721|birdkeeper-gen4dp|1474\n|teamsize|p1|6\n|teamsize|p2|6\n|gen|9\n|tier|[Gen 9] National Dex\n|rated|\n|rule|HP Percentage Mod: HP is shown in percentages\n|rule|Endless Battle Clause: Forcing endless battles is banned\n|rule|OHKO Clause: OHKO moves are banned\n|rule|Evasion Clause: Evasion abilities, items, and moves are banned\n|rule|Evasion Abilities Clause: Evasion abilities are banned\n|rule|Evasion Items Clause: Evasion items are banned\n|rule|Evasion Moves Clause: Evasion moves are banned\n|rule|Species Clause: Limit one of each Pok\u00e9mon\n|rule|Sleep Clause Mod: Limit one foe put to sleep\n|clearpoke\n|poke|p1|Galvantula, M|\n|poke|p1|Serperior, F|\n|poke|p1|Volcarona, M|\n|poke|p1|Carracosta, F|\n|poke|p1|Archeops, F|\n|poke|p1|Golurk|\n|poke|p2|Lopunny, M|\n|poke|p2|Mew|\n|poke|p2|Landorus-Therian, M|\n|poke|p2|Rillaboom, F|\n|poke|p2|Empoleon, F|\n|poke|p2|Volcarona, M|\n|teampreview\n|inactive|Battle timer is ON: inactive players will automatically lose when time's up. (requested by 0d000721)\n|\n|t:|1700073824\n|start\n|switch|p1a: Volcarona|Volcarona, M|100\/100\n|switch|p2a: Mew|Mew|100\/100\n|turn|1\n|\n|t:|1700073835\n|move|p2a: Mew|Cosmic Power|p2a: Mew\n|-boost|p2a: Mew|def|1\n|-boost|p2a: Mew|spd|1\n|move|p1a: Volcarona|Quiver Dance|p1a: Volcarona\n|-boost|p1a: Volcarona|spa|1\n|-boost|p1a: Volcarona|spd|1\n|-boost|p1a: Volcarona|spe|1\n|\n|upkeep\n|turn|2\n|\n|t:|1700073843\n|move|p1a: Volcarona|Quiver Dance|p1a: Volcarona\n|-boost|p1a: Volcarona|spa|1\n|-boost|p1a: Volcarona|spd|1\n|-boost|p1a: Volcarona|spe|1\n|move|p2a: Mew|Cosmic Power|p2a: Mew\n|-boost|p2a: Mew|def|1\n|-boost|p2a: Mew|spd|1\n|\n|upkeep\n|turn|3\n|\n|t:|1700073850\n|-terastallize|p2a: Mew|Poison\n|move|p1a: Volcarona|Quiver Dance|p1a: Volcarona\n|-boost|p1a: Volcarona|spa|1\n|-boost|p1a: Volcarona|spd|1\n|-boost|p1a: Volcarona|spe|1\n|move|p2a: Mew|Cosmic Power|p2a: Mew\n|-boost|p2a: Mew|def|1\n|-boost|p2a: Mew|spd|1\n|\n|upkeep\n|turn|4\n|\n|t:|1700073860\n|move|p1a: Volcarona|Fiery Dance|p2a: Mew\n|-damage|p2a: Mew|59\/100\n|move|p2a: Mew|Cosmic Power|p2a: Mew\n|-boost|p2a: Mew|def|1\n|-boost|p2a: Mew|spd|1\n|\n|upkeep\n|turn|5\n|\n|t:|1700073874\n|move|p1a: Volcarona|Fiery Dance|p2a: Mew\n|-damage|p2a: Mew|27\/100\n|-boost|p1a: Volcarona|spa|1\n|move|p2a: Mew|Stored Power|p1a: Volcarona\n|-damage|p1a: Volcarona|79\/100\n|\n|upkeep\n|turn|6\n|\n|t:|1700073882\n|move|p1a: Volcarona|Fiery Dance|p2a: Mew\n|-damage|p2a: Mew|0 fnt\n|faint|p2a: Mew\n|\n|upkeep\n|\n|t:|1700073884\n|switch|p2a: Lopunny|Lopunny, M|100\/100\n|turn|7\n|\n|t:|1700073889\n|detailschange|p2a: Lopunny|Lopunny-Mega, M\n|-mega|p2a: Lopunny|Lopunny|Lopunnite\n|move|p2a: Lopunny|Fake Out|p1a: Volcarona\n|-damage|p1a: Volcarona|52\/100\n|cant|p1a: Volcarona|flinch\n|\n|upkeep\n|turn|8\n|\n|t:|1700073898\n|switch|p2a: Empoleon|Empoleon, F|100\/100\n|-terastallize|p1a: Volcarona|Grass\n|move|p1a: Volcarona|Giga Drain|p2a: Empoleon\n|-crit|p2a: Empoleon\n|-damage|p2a: Empoleon|0 fnt\n|-heal|p1a: Volcarona|100\/100|[from] drain|[of] p2a: Empoleon\n|faint|p2a: Empoleon\n|\n|upkeep\n|-message|0d000721 forfeited.\n|\n|win|Blake-Mamba\n|raw|Blake-Mamba's rating: 1387 &rarr; <strong>1412<\/strong><br \/>(+25 for winning)\n|raw|0d000721's rating: 1474 &rarr; <strong>1449<\/strong><br \/>(-25 for losing)\n|l|\u26060d000721\n","uploadtime":1700073943,"views":4,"p1id":"blakemamba","p2id":"0d000721","formatid":"gen9nationaldex","rating":1412,"private":0,"password":""}