{"id":"gen9nationaldex-1995167072","p1":"dhebjdudhebs","p2":"spooky ahh","format":"[Gen 9] National Dex","log":"|html|<div class=\"broadcast-blue\"><strong>[Gen 9] National Dex is currently suspecting Sneasler! For information on how to participate check out the <a href=\"https:\/\/www.smogon.com\/forums\/threads\/sv-national-dex-suspect-8-just-dance.3731534\/\">suspect thread<\/a>.<\/strong><\/div>\n|j|\u2606dhebjdudhebs\n|j|\u2606spooky ahh\n|t:|1700530081\n|gametype|singles\n|player|p1|dhebjdudhebs|hilda|1084\n|player|p2|spooky ahh|2|1072\n|teamsize|p1|6\n|teamsize|p2|6\n|gen|9\n|tier|[Gen 9] National Dex\n|rated|\n|rule|HP Percentage Mod: HP is shown in percentages\n|rule|Endless Battle Clause: Forcing endless battles is banned\n|rule|OHKO Clause: OHKO moves are banned\n|rule|Evasion Clause: Evasion abilities, items, and moves are banned\n|rule|Evasion Abilities Clause: Evasion abilities are banned\n|rule|Evasion Items Clause: Evasion items are banned\n|rule|Evasion Moves Clause: Evasion moves are banned\n|rule|Species Clause: Limit one of each Pok\u00e9mon\n|rule|Sleep Clause Mod: Limit one foe put to sleep\n|clearpoke\n|poke|p1|Aggron, F|\n|poke|p1|Deoxys-Defense|\n|poke|p1|Nidoking, M|\n|poke|p1|Hydreigon, M|\n|poke|p1|Drampa, F|\n|poke|p1|Absol, F|\n|poke|p2|Pelipper, M|\n|poke|p2|Ting-Lu|\n|poke|p2|Avalugg, M|\n|poke|p2|Manaphy|\n|poke|p2|Swampert, F|\n|poke|p2|Thundurus-Therian, M|\n|teampreview\n|\n|t:|1700530095\n|start\n|switch|p1a: Drampa|Drampa, F|100\/100\n|switch|p2a: Manaphy|Manaphy|100\/100\n|turn|1\n|\n|t:|1700530105\n|move|p2a: Manaphy|Take Heart|p2a: Manaphy\n|-boost|p2a: Manaphy|spa|1\n|-boost|p2a: Manaphy|spd|1\n|move|p1a: Drampa|Hyper Voice|p2a: Manaphy\n|-damage|p2a: Manaphy|77\/100\n|\n|-heal|p2a: Manaphy|84\/100|[from] item: Leftovers\n|upkeep\n|turn|2\n|\n|t:|1700530116\n|move|p2a: Manaphy|Take Heart|p2a: Manaphy\n|-boost|p2a: Manaphy|spa|1\n|-boost|p2a: Manaphy|spd|1\n|move|p1a: Drampa|Hyper Voice|p2a: Manaphy\n|-damage|p2a: Manaphy|67\/100\n|\n|-heal|p2a: Manaphy|74\/100|[from] item: Leftovers\n|upkeep\n|turn|3\n|\n|t:|1700530127\n|move|p2a: Manaphy|Acid Armor|p2a: Manaphy\n|-boost|p2a: Manaphy|def|2\n|move|p1a: Drampa|Hyper Voice|p2a: Manaphy\n|-damage|p2a: Manaphy|58\/100\n|\n|-heal|p2a: Manaphy|65\/100|[from] item: Leftovers\n|upkeep\n|turn|4\n|\n|t:|1700530136\n|move|p2a: Manaphy|Take Heart|p2a: Manaphy\n|-boost|p2a: Manaphy|spa|1\n|-boost|p2a: Manaphy|spd|1\n|move|p1a: Drampa|Hyper Voice|p2a: Manaphy\n|-crit|p2a: Manaphy\n|-damage|p2a: Manaphy|20\/100\n|\n|-heal|p2a: Manaphy|26\/100|[from] item: Leftovers\n|upkeep\n|turn|5\n|\n|t:|1700530145\n|move|p2a: Manaphy|Rest|p2a: Manaphy\n|-status|p2a: Manaphy|slp|[from] move: Rest\n|-heal|p2a: Manaphy|100\/100 slp|[silent]\n|move|p1a: Drampa|Hyper Voice|p2a: Manaphy\n|-damage|p2a: Manaphy|88\/100 slp\n|\n|-heal|p2a: Manaphy|95\/100 slp|[from] item: Leftovers\n|upkeep\n|turn|6\n|\n|t:|1700530158\n|-terastallize|p1a: Drampa|Normal\n|cant|p2a: Manaphy|slp\n|move|p1a: Drampa|Hyper Voice|p2a: Manaphy\n|-damage|p2a: Manaphy|75\/100 slp\n|\n|-heal|p2a: Manaphy|81\/100 slp|[from] item: Leftovers\n|upkeep\n|turn|7\n|\n|t:|1700530168\n|cant|p2a: Manaphy|slp\n|move|p1a: Drampa|Hyper Voice|p2a: Manaphy\n|-damage|p2a: Manaphy|63\/100 slp\n|\n|-heal|p2a: Manaphy|69\/100 slp|[from] item: Leftovers\n|upkeep\n|turn|8\n|\n|t:|1700530176\n|-curestatus|p2a: Manaphy|slp|[msg]\n|move|p2a: Manaphy|Take Heart|p2a: Manaphy\n|-boost|p2a: Manaphy|spa|1\n|-boost|p2a: Manaphy|spd|1\n|move|p1a: Drampa|Hyper Voice|p2a: Manaphy\n|-crit|p2a: Manaphy\n|-damage|p2a: Manaphy|8\/100\n|\n|-heal|p2a: Manaphy|15\/100|[from] item: Leftovers\n|upkeep\n|turn|9\n|\n|t:|1700530190\n|move|p2a: Manaphy|Rest|p2a: Manaphy\n|-status|p2a: Manaphy|slp|[from] move: Rest\n|-heal|p2a: Manaphy|100\/100 slp|[silent]\n|move|p1a: Drampa|Hyper Voice|p2a: Manaphy\n|-crit|p2a: Manaphy\n|-damage|p2a: Manaphy|40\/100 slp\n|\n|-heal|p2a: Manaphy|46\/100 slp|[from] item: Leftovers\n|upkeep\n|turn|10\n|\n|t:|1700530200\n|cant|p2a: Manaphy|slp\n|move|p1a: Drampa|Hyper Voice|p2a: Manaphy\n|-damage|p2a: Manaphy|30\/100 slp\n|\n|-heal|p2a: Manaphy|37\/100 slp|[from] item: Leftovers\n|upkeep\n|turn|11\n|\n|t:|1700530210\n|cant|p2a: Manaphy|slp\n|move|p1a: Drampa|Hyper Voice|p2a: Manaphy\n|-damage|p2a: Manaphy|21\/100 slp\n|\n|-heal|p2a: Manaphy|27\/100 slp|[from] item: Leftovers\n|upkeep\n|turn|12\n|\n|t:|1700530218\n|-curestatus|p2a: Manaphy|slp|[msg]\n|move|p2a: Manaphy|Rest|p2a: Manaphy\n|-status|p2a: Manaphy|slp|[from] move: Rest\n|-heal|p2a: Manaphy|100\/100 slp|[silent]\n|move|p1a: Drampa|Extrasensory|p2a: Manaphy\n|-damage|p2a: Manaphy|94\/100 slp\n|\n|-heal|p2a: Manaphy|99\/100 slp|[from] item: Leftovers\n|upkeep\n|turn|13\n|\n|t:|1700530230\n|cant|p2a: Manaphy|slp\n|move|p1a: Drampa|Hyper Voice|p2a: Manaphy\n|-damage|p2a: Manaphy|84\/100 slp\n|\n|-heal|p2a: Manaphy|91\/100 slp|[from] item: Leftovers\n|upkeep\n|turn|14\n|\n|t:|1700530239\n|cant|p2a: Manaphy|slp\n|move|p1a: Drampa|Hyper Voice|p2a: Manaphy\n|-damage|p2a: Manaphy|76\/100 slp\n|\n|-heal|p2a: Manaphy|82\/100 slp|[from] item: Leftovers\n|upkeep\n|turn|15\n|\n|t:|1700530248\n|-curestatus|p2a: Manaphy|slp|[msg]\n|move|p2a: Manaphy|Take Heart|p2a: Manaphy\n|-boost|p2a: Manaphy|spa|1\n|-boost|p2a: Manaphy|spd|1\n|move|p1a: Drampa|Hyper Voice|p2a: Manaphy\n|-damage|p2a: Manaphy|70\/100\n|\n|-heal|p2a: Manaphy|76\/100|[from] item: Leftovers\n|upkeep\n|turn|16\n|\n|t:|1700530259\n|move|p2a: Manaphy|Take Heart|p2a: Manaphy\n|-boost|p2a: Manaphy|spa|1\n|-boost|p2a: Manaphy|spd|1\n|move|p1a: Drampa|Hyper Voice|p2a: Manaphy\n|-damage|p2a: Manaphy|66\/100\n|\n|-heal|p2a: Manaphy|72\/100|[from] item: Leftovers\n|upkeep\n|turn|17\n|\n|t:|1700530268\n|move|p2a: Manaphy|Acid Armor|p2a: Manaphy\n|-boost|p2a: Manaphy|def|2\n|move|p1a: Drampa|Hyper Voice|p2a: Manaphy\n|-crit|p2a: Manaphy\n|-damage|p2a: Manaphy|11\/100\n|\n|-heal|p2a: Manaphy|17\/100|[from] item: Leftovers\n|upkeep\n|turn|18\n|\n|t:|1700530281\n|move|p2a: Manaphy|Rest|p2a: Manaphy\n|-status|p2a: Manaphy|slp|[from] move: Rest\n|-heal|p2a: Manaphy|100\/100 slp|[silent]\n|move|p1a: Drampa|Dragon Pulse|p2a: Manaphy\n|-damage|p2a: Manaphy|92\/100 slp\n|\n|-heal|p2a: Manaphy|98\/100 slp|[from] item: Leftovers\n|upkeep\n|turn|19\n|\n|t:|1700530295\n|cant|p2a: Manaphy|slp\n|move|p1a: Drampa|Dragon Pulse|p2a: Manaphy\n|-damage|p2a: Manaphy|90\/100 slp\n|\n|-heal|p2a: Manaphy|96\/100 slp|[from] item: Leftovers\n|upkeep\n|turn|20\n|\n|t:|1700530305\n|cant|p2a: Manaphy|slp\n|move|p1a: Drampa|Dragon Pulse|p2a: Manaphy\n|-damage|p2a: Manaphy|88\/100 slp\n|\n|-heal|p2a: Manaphy|94\/100 slp|[from] item: Leftovers\n|upkeep\n|turn|21\n|\n|t:|1700530314\n|-curestatus|p2a: Manaphy|slp|[msg]\n|move|p2a: Manaphy|Acid Armor|p2a: Manaphy\n|-boost|p2a: Manaphy|def|2\n|move|p1a: Drampa|Dragon Pulse|p2a: Manaphy\n|-damage|p2a: Manaphy|86\/100\n|\n|-heal|p2a: Manaphy|92\/100|[from] item: Leftovers\n|upkeep\n|turn|22\n|\n|t:|1700530324\n|move|p2a: Manaphy|Scald|p1a: Drampa\n|-damage|p1a: Drampa|0 fnt\n|faint|p1a: Drampa\n|\n|-heal|p2a: Manaphy|98\/100|[from] item: Leftovers\n|upkeep\n|\n|t:|1700530334\n|switch|p1a: Hydreigon|Hydreigon, M|100\/100\n|turn|23\n|c|\u2606spooky ahh|i think my mcnuggets have arrived\n|\n|t:|1700530341\n|move|p1a: Hydreigon|Dark Pulse|p2a: Manaphy\n|-damage|p2a: Manaphy|91\/100\n|move|p2a: Manaphy|Scald|p1a: Hydreigon\n|-resisted|p1a: Hydreigon\n|-damage|p1a: Hydreigon|36\/100\n|-status|p1a: Hydreigon|brn\n|\n|-heal|p2a: Manaphy|97\/100|[from] item: Leftovers\n|-damage|p1a: Hydreigon|30\/100 brn|[from] brn\n|upkeep\n|turn|24\n|c|\u2606spooky ahh|move quick please \ud83d\ude4f\n|\n|t:|1700530357\n|move|p1a: Hydreigon|Dark Pulse|p2a: Manaphy\n|-crit|p2a: Manaphy\n|-damage|p2a: Manaphy|49\/100\n|cant|p2a: Manaphy|flinch\n|\n|-heal|p2a: Manaphy|55\/100|[from] item: Leftovers\n|-damage|p1a: Hydreigon|24\/100 brn|[from] brn\n|upkeep\n|turn|25\n|\n|t:|1700530373\n|move|p1a: Hydreigon|Dark Pulse|p2a: Manaphy\n|-damage|p2a: Manaphy|46\/100\n|move|p2a: Manaphy|Scald|p1a: Hydreigon\n|-resisted|p1a: Hydreigon\n|-damage|p1a: Hydreigon|0 fnt\n|faint|p1a: Hydreigon\n|\n|-heal|p2a: Manaphy|52\/100|[from] item: Leftovers\n|upkeep\n|\n|t:|1700530387\n|switch|p1a: Deoxys|Deoxys-Defense|100\/100\n|-ability|p1a: Deoxys|Pressure\n|turn|26\n|\n|t:|1700530399\n|move|p2a: Manaphy|Scald|p1a: Deoxys\n|-damage|p1a: Deoxys|23\/100\n|move|p1a: Deoxys|Psycho Boost|p2a: Manaphy\n|-damage|p2a: Manaphy|43\/100\n|-unboost|p1a: Deoxys|spa|2\n|\n|-heal|p2a: Manaphy|50\/100|[from] item: Leftovers\n|-heal|p1a: Deoxys|29\/100|[from] item: Leftovers\n|upkeep\n|turn|27\n|\n|t:|1700530413\n|move|p2a: Manaphy|Scald|p1a: Deoxys\n|-crit|p1a: Deoxys\n|-damage|p1a: Deoxys|0 fnt\n|faint|p1a: Deoxys\n|\n|-heal|p2a: Manaphy|56\/100|[from] item: Leftovers\n|upkeep\n|\n|t:|1700530425\n|switch|p1a: Absol|Absol, F|100\/100\n|turn|28\n|\n|t:|1700530431\n|detailschange|p1a: Absol|Absol-Mega, F\n|-mega|p1a: Absol|Absol|Absolite\n|move|p1a: Absol|Knock Off|p2a: Manaphy\n|-damage|p2a: Manaphy|42\/100\n|-enditem|p2a: Manaphy|Leftovers|[from] move: Knock Off|[of] p1a: Absol\n|move|p2a: Manaphy|Scald|p1a: Absol\n|-damage|p1a: Absol|0 fnt\n|faint|p1a: Absol\n|\n|upkeep\n|\n|t:|1700530445\n|switch|p1a: Nidoking|Nidoking, M|100\/100\n|turn|29\n|\n|t:|1700530451\n|move|p2a: Manaphy|Scald|p1a: Nidoking\n|-supereffective|p1a: Nidoking\n|-damage|p1a: Nidoking|0 fnt\n|faint|p1a: Nidoking\n|\n|upkeep\n|inactive|Battle timer is ON: inactive players will automatically lose when time's up. (requested by spooky ahh)\n|c|\u2606spooky ahh|my mcnuggets are getting stale\n|c|\u2606spooky ahh|imma start eating now\n|inactive|dhebjdudhebs has 120 seconds left.\n|inactive|dhebjdudhebs has 90 seconds left.\n|inactive|dhebjdudhebs has 60 seconds left.\n|inactive|dhebjdudhebs has 30 seconds left.\n|c|\u2606spooky ahh|why stall man\n|inactive|dhebjdudhebs has 20 seconds left.\n|c|\u2606spooky ahh|my phone got greasy trying to tell you\n|inactive|dhebjdudhebs has 15 seconds left.\n|c|\u2606spooky ahh|oh well\n|inactive|dhebjdudhebs has 10 seconds left.\n|inactive|dhebjdudhebs has 5 seconds left.\n|-message|dhebjdudhebs lost due to inactivity.\n|\n|win|spooky ahh\n|raw|dhebjdudhebs's rating: 1084 &rarr; <strong>1061<\/strong><br \/>(-23 for losing)\n|raw|spooky ahh's rating: 1072 &rarr; <strong>1102<\/strong><br \/>(+30 for winning)\n","uploadtime":1700530648,"views":3,"p1id":"dhebjdudhebs","p2id":"spookyahh","formatid":"gen9nationaldex","rating":1061,"private":0,"password":""}