{"id":"gen9nationaldex-1998051079","p1":"jzhuc1841","p2":"zibuyu","format":"[Gen 9] National Dex","log":"|html|<div class=\"broadcast-blue\"><strong>[Gen 9] National Dex is currently suspecting Sneasler! For information on how to participate check out the <a href=\"https:\/\/www.smogon.com\/forums\/threads\/sv-national-dex-suspect-8-just-dance.3731534\/\">suspect thread<\/a>.<\/strong><\/div>\n|j|\u2606jzhuc1841\n|j|\u2606zibuyu\n|t:|1700883930\n|gametype|singles\n|player|p1|jzhuc1841|hilbert-wonderlauncher|1580\n|player|p2|zibuyu|101|1587\n|teamsize|p1|6\n|teamsize|p2|6\n|gen|9\n|tier|[Gen 9] National Dex\n|rated|\n|rule|HP Percentage Mod: HP is shown in percentages\n|rule|Endless Battle Clause: Forcing endless battles is banned\n|rule|OHKO Clause: OHKO moves are banned\n|rule|Evasion Clause: Evasion abilities, items, and moves are banned\n|rule|Evasion Abilities Clause: Evasion abilities are banned\n|rule|Evasion Items Clause: Evasion items are banned\n|rule|Evasion Moves Clause: Evasion moves are banned\n|rule|Species Clause: Limit one of each Pok\u00e9mon\n|rule|Sleep Clause Mod: Limit one foe put to sleep\n|clearpoke\n|poke|p1|Zamazenta-*|\n|poke|p1|Banette, F|\n|poke|p1|Heatran, M|\n|poke|p1|Zapdos|\n|poke|p1|Urshifu-*, M|\n|poke|p1|Iron Valiant|\n|poke|p2|Banette, F|\n|poke|p2|Hoopa-Unbound|\n|poke|p2|Heatran, M|\n|poke|p2|Alomomola, F|\n|poke|p2|Kommo-o, F|\n|poke|p2|Great Tusk|\n|teampreview\n|j| MashedPotat0\n|\n|t:|1700883948\n|start\n|switch|p1a: Urshifu|Urshifu-Rapid-Strike, M|100\/100\n|switch|p2a: Banette|Banette, F|100\/100\n|-item|p1a: Urshifu|Choice Scarf|[from] ability: Frisk|[of] p2a: Banette|[identify]\n|turn|1\n|\n|t:|1700883957\n|detailschange|p2a: Banette|Banette-Mega, F\n|-mega|p2a: Banette|Banette|Banettite\n|move|p1a: Urshifu|U-turn|p2a: Banette\n|-resisted|p2a: Banette\n|-damage|p2a: Banette|82\/100\n|\n|t:|1700883967\n|switch|p1a: Heatran|Heatran, M|100\/100|[from] U-turn\n|move|p2a: Banette|Poltergeist|p1a: Heatran\n|-activate|p1a: Heatran|move: Poltergeist|Leftovers\n|-damage|p1a: Heatran|54\/100\n|\n|-heal|p1a: Heatran|61\/100|[from] item: Leftovers\n|upkeep\n|turn|2\n|\n|t:|1700883976\n|move|p2a: Banette|Poltergeist|p1a: Heatran\n|-activate|p1a: Heatran|move: Poltergeist|Leftovers\n|-damage|p1a: Heatran|12\/100\n|move|p1a: Heatran|Magma Storm|p2a: Banette\n|-damage|p2a: Banette|17\/100\n|-activate|p2a: Banette|move: Magma Storm|[of] p1a: Heatran\n|\n|-heal|p1a: Heatran|19\/100|[from] item: Leftovers\n|-damage|p2a: Banette|5\/100|[from] move: Magma Storm|[partiallytrapped]\n|upkeep\n|turn|3\n|\n|t:|1700883989\n|move|p1a: Heatran|Protect|p1a: Heatran\n|-singleturn|p1a: Heatran|Protect\n|move|p2a: Banette|Poltergeist|p1a: Heatran\n|-activate|p1a: Heatran|move: Protect\n|\n|-heal|p1a: Heatran|25\/100|[from] item: Leftovers\n|-damage|p2a: Banette|0 fnt|[from] move: Magma Storm|[partiallytrapped]\n|faint|p2a: Banette\n|upkeep\n|\n|t:|1700884001\n|switch|p2a: Hoopa|Hoopa-Unbound|100\/100\n|turn|4\n|\n|t:|1700884006\n|move|p2a: Hoopa|Psyshock|p1a: Heatran\n|-resisted|p1a: Heatran\n|-damage|p1a: Heatran|12\/100\n|move|p1a: Heatran|Magma Storm|p2a: Hoopa\n|-crit|p2a: Hoopa\n|-damage|p2a: Hoopa|35\/100\n|-activate|p2a: Hoopa|move: Magma Storm|[of] p1a: Heatran\n|\n|-heal|p1a: Heatran|18\/100|[from] item: Leftovers\n|-damage|p2a: Hoopa|22\/100|[from] move: Magma Storm|[partiallytrapped]\n|upkeep\n|turn|5\n|\n|t:|1700884016\n|move|p1a: Heatran|Protect|p1a: Heatran\n|-singleturn|p1a: Heatran|Protect\n|move|p2a: Hoopa|Nasty Plot|p2a: Hoopa\n|-boost|p2a: Hoopa|spa|2\n|\n|-heal|p1a: Heatran|24\/100|[from] item: Leftovers\n|-damage|p2a: Hoopa|10\/100|[from] move: Magma Storm|[partiallytrapped]\n|upkeep\n|turn|6\n|\n|t:|1700884024\n|move|p2a: Hoopa|Psyshock|p1a: Heatran\n|-resisted|p1a: Heatran\n|-damage|p1a: Heatran|0 fnt\n|faint|p1a: Heatran\n|\n|-end|p2a: Hoopa|Magma Storm|[partiallytrapped]|[silent]\n|upkeep\n|\n|t:|1700884030\n|switch|p1a: Urshifu|Urshifu-Rapid-Strike, M|100\/100\n|turn|7\n|\n|t:|1700884036\n|switch|p2a: Alomomola|Alomomola, F|100\/100\n|move|p1a: Urshifu|U-turn|p2a: Alomomola\n|-damage|p2a: Alomomola|85\/100\n|-damage|p1a: Urshifu|84\/100|[from] item: Rocky Helmet|[of] p2a: Alomomola\n|\n|t:|1700884041\n|switch|p1a: Zapdos|Zapdos|100\/100|[from] U-turn\n|\n|upkeep\n|turn|8\n|\n|t:|1700884049\n|switch|p2a: Heatran|Heatran, M|100\/100\n|move|p1a: Zapdos|Hurricane|p2a: Heatran\n|-resisted|p2a: Heatran\n|-damage|p2a: Heatran|81\/100\n|\n|-heal|p2a: Heatran|87\/100|[from] item: Leftovers\n|upkeep\n|turn|9\n|\n|t:|1700884054\n|move|p1a: Zapdos|Volt Switch|p2a: Heatran\n|-damage|p2a: Heatran|64\/100\n|\n|t:|1700884058\n|switch|p1a: Urshifu|Urshifu-Rapid-Strike, M|84\/100|[from] Volt Switch\n|move|p2a: Heatran|Stealth Rock|p1a: Urshifu\n|-sidestart|p1: jzhuc1841|move: Stealth Rock\n|\n|-heal|p2a: Heatran|70\/100|[from] item: Leftovers\n|upkeep\n|turn|10\n|\n|t:|1700884066\n|switch|p2a: Alomomola|Alomomola, F|100\/100\n|move|p1a: Urshifu|Close Combat|p2a: Alomomola\n|-crit|p2a: Alomomola\n|-damage|p2a: Alomomola|48\/100\n|-unboost|p1a: Urshifu|def|1\n|-unboost|p1a: Urshifu|spd|1\n|-damage|p1a: Urshifu|67\/100|[from] item: Rocky Helmet|[of] p2a: Alomomola\n|\n|upkeep\n|turn|11\n|\n|t:|1700884082\n|switch|p1a: Zapdos|Zapdos|100\/100\n|switch|p2a: Great Tusk|Great Tusk|100\/100\n|\n|upkeep\n|turn|12\n|\n|t:|1700884088\n|move|p1a: Zapdos|Hurricane|p2a: Great Tusk\n|-supereffective|p2a: Great Tusk\n|-damage|p2a: Great Tusk|45\/100\n|-start|p2a: Great Tusk|confusion\n|-activate|p2a: Great Tusk|confusion\n|move|p2a: Great Tusk|Ice Spinner|p1a: Zapdos\n|-supereffective|p1a: Zapdos\n|-damage|p1a: Zapdos|67\/100\n|-status|p2a: Great Tusk|par|[from] ability: Static|[of] p1a: Zapdos\n|\n|upkeep\n|turn|13\n|\n|t:|1700884100\n|-end|p2a: Great Tusk|Protosynthesis|[silent]\n|switch|p2a: Heatran|Heatran, M|70\/100\n|move|p1a: Zapdos|Hurricane|p2a: Heatran|[miss]\n|-miss|p1a: Zapdos|p2a: Heatran\n|\n|-heal|p2a: Heatran|76\/100|[from] item: Leftovers\n|upkeep\n|turn|14\n|\n|t:|1700884109\n|move|p1a: Zapdos|Volt Switch|p2a: Heatran\n|-damage|p2a: Heatran|52\/100\n|\n|t:|1700884115\n|switch|p1a: Urshifu|Urshifu-Rapid-Strike, M|67\/100|[from] Volt Switch\n|-damage|p1a: Urshifu|61\/100|[from] Stealth Rock\n|move|p2a: Heatran|Magma Storm|p1a: Urshifu|[miss]\n|-miss|p2a: Heatran|p1a: Urshifu\n|\n|-heal|p2a: Heatran|58\/100|[from] item: Leftovers\n|upkeep\n|turn|15\n|\n|t:|1700884123\n|switch|p2a: Alomomola|Alomomola, F|81\/100\n|move|p1a: Urshifu|U-turn|p2a: Alomomola\n|-damage|p2a: Alomomola|65\/100\n|-damage|p1a: Urshifu|44\/100|[from] item: Rocky Helmet|[of] p2a: Alomomola\n|\n|t:|1700884130\n|switch|p1a: Banette|Banette, F|100\/100|[from] U-turn\n|-damage|p1a: Banette|88\/100|[from] Stealth Rock\n|\n|upkeep\n|turn|16\n|\n|t:|1700884139\n|detailschange|p1a: Banette|Banette-Mega, F\n|-mega|p1a: Banette|Banette|Banettite\n|move|p1a: Banette|Poltergeist|p2a: Alomomola\n|-activate|p2a: Alomomola|move: Poltergeist|Rocky Helmet\n|-damage|p2a: Alomomola|23\/100\n|move|p2a: Alomomola|Wish|p2a: Alomomola\n|\n|upkeep\n|turn|17\n|\n|t:|1700884152\n|move|p2a: Alomomola|Protect|p2a: Alomomola\n|-singleturn|p2a: Alomomola|Protect\n|move|p1a: Banette|Encore|p2a: Alomomola\n|-activate|p2a: Alomomola|move: Protect\n|\n|-heal|p2a: Alomomola|73\/100|[from] move: Wish|[wisher] Alomomola\n|upkeep\n|turn|18\n|\n|t:|1700884159\n|switch|p2a: Great Tusk|Great Tusk|45\/100 par\n|move|p1a: Banette|Poltergeist|p2a: Great Tusk\n|-activate|p2a: Great Tusk|move: Poltergeist|Assault Vest\n|-damage|p2a: Great Tusk|0 fnt\n|faint|p2a: Great Tusk\n|-end|p2a: Great Tusk|Protosynthesis|[silent]\n|\n|upkeep\n|\n|t:|1700884162\n|switch|p2a: Kommo-o|Kommo-o, F|100\/100\n|turn|19\n|\n|t:|1700884170\n|move|p1a: Banette|Destiny Bond|p1a: Banette\n|-singlemove|p1a: Banette|Destiny Bond\n|move|p2a: Kommo-o|Earthquake|p1a: Banette\n|-damage|p1a: Banette|43\/100\n|\n|upkeep\n|turn|20\n|\n|t:|1700884183\n|switch|p2a: Alomomola|Alomomola, F|100\/100\n|move|p1a: Banette|Poltergeist|p2a: Alomomola\n|-activate|p2a: Alomomola|move: Poltergeist|Rocky Helmet\n|-damage|p2a: Alomomola|55\/100\n|\n|upkeep\n|turn|21\n|\n|t:|1700884191\n|move|p1a: Banette|Poltergeist|p2a: Alomomola\n|-activate|p2a: Alomomola|move: Poltergeist|Rocky Helmet\n|-damage|p2a: Alomomola|9\/100\n|move|p2a: Alomomola|Flip Turn|p1a: Banette\n|-damage|p1a: Banette|21\/100\n|\n|t:|1700884195\n|switch|p2a: Hoopa|Hoopa-Unbound|10\/100|[from] Flip Turn\n|\n|upkeep\n|turn|22\n|\n|t:|1700884201\n|move|p1a: Banette|Shadow Sneak|p2a: Hoopa\n|-damage|p2a: Hoopa|0 fnt\n|faint|p2a: Hoopa\n|\n|upkeep\n|-message|zibuyu forfeited.\n|\n|win|jzhuc1841\n|raw|jzhuc1841's rating: 1580 &rarr; <strong>1600<\/strong><br \/>(+20 for winning)\n|raw|zibuyu's rating: 1587 &rarr; <strong>1567<\/strong><br \/>(-20 for losing)\n|l|\u2606zibuyu\n","uploadtime":1700884214,"views":1,"p1id":"jzhuc1841","p2id":"zibuyu","formatid":"gen9nationaldex","rating":1567,"private":0,"password":""}