{"id":"gen9nationaldex-1988631927","p1":"dedgoat","p2":"ManoLuc4s","format":"[Gen 9] National Dex","log":"|j|\u2606dedgoat\n|j|\u2606ManoLuc4s\n|t:|1699744138\n|gametype|singles\n|player|p1|dedgoat|dawn-gen4pt|1060\n|player|p2|ManoLuc4s|cynthia-gen4|1064\n|teamsize|p1|6\n|teamsize|p2|6\n|gen|9\n|tier|[Gen 9] National Dex\n|rated|\n|rule|HP Percentage Mod: HP is shown in percentages\n|rule|Endless Battle Clause: Forcing endless battles is banned\n|rule|OHKO Clause: OHKO moves are banned\n|rule|Evasion Clause: Evasion abilities, items, and moves are banned\n|rule|Evasion Abilities Clause: Evasion abilities are banned\n|rule|Evasion Items Clause: Evasion items are banned\n|rule|Evasion Moves Clause: Evasion moves are banned\n|rule|Species Clause: Limit one of each Pok\u00e9mon\n|rule|Sleep Clause Mod: Limit one foe put to sleep\n|clearpoke\n|poke|p1|Empoleon, M|\n|poke|p1|Mamoswine, F|\n|poke|p1|Pachirisu, F|\n|poke|p1|Typhlosion, M|\n|poke|p1|Togekiss, M|\n|poke|p1|Ambipom, M|\n|poke|p2|Greninja-*, M|\n|poke|p2|Staraptor, F|\n|poke|p2|Gallade, M|\n|poke|p2|Mimikyu, F|\n|poke|p2|Krookodile, M|\n|poke|p2|Flapple, F|\n|teampreview\n|inactive|Battle timer is ON: inactive players will automatically lose when time's up. (requested by ManoLuc4s)\n|\n|t:|1699744165\n|start\n|switch|p1a: Togekiss|Togekiss, M|100\/100\n|switch|p2a: Greninja|Greninja, M|100\/100\n|turn|1\n|\n|t:|1699744173\n|move|p2a: Greninja|Ice Beam|p1a: Togekiss\n|-start|p2a: Greninja|typechange|Ice|[from] ability: Protean\n|-supereffective|p1a: Togekiss\n|-damage|p1a: Togekiss|19\/100\n|move|p1a: Togekiss|Thunder Wave|p2a: Greninja\n|-status|p2a: Greninja|par\n|\n|upkeep\n|turn|2\n|\n|t:|1699744185\n|move|p1a: Togekiss|Air Slash|p2a: Greninja\n|-damage|p2a: Greninja|34\/100 par\n|cant|p2a: Greninja|flinch\n|\n|upkeep\n|turn|3\n|\n|t:|1699744192\n|move|p1a: Togekiss|Air Slash|p2a: Greninja\n|-crit|p2a: Greninja\n|-damage|p2a: Greninja|0 fnt\n|faint|p2a: Greninja\n|\n|upkeep\n|\n|t:|1699744200\n|switch|p2a: Staraptor|Staraptor, F|100\/100\n|turn|4\n|\n|t:|1699744225\n|move|p2a: Staraptor|Aerial Ace|p1a: Togekiss\n|-damage|p1a: Togekiss|0 fnt\n|faint|p1a: Togekiss\n|\n|upkeep\n|\n|t:|1699744232\n|switch|p1a: Ambipom|Ambipom, M|100\/100\n|turn|5\n|\n|t:|1699744236\n|move|p1a: Ambipom|Fake Out|p2a: Staraptor\n|-damage|p2a: Staraptor|64\/100\n|cant|p2a: Staraptor|flinch\n|\n|upkeep\n|turn|6\n|\n|t:|1699744242\n|move|p1a: Ambipom|Double Slap|p2a: Staraptor\n|-damage|p2a: Staraptor|49\/100\n|-damage|p2a: Staraptor|35\/100\n|-damage|p2a: Staraptor|20\/100\n|-damage|p2a: Staraptor|6\/100\n|-crit|p2a: Staraptor\n|-damage|p2a: Staraptor|0 fnt\n|faint|p2a: Staraptor\n|-hitcount|p2: Staraptor|5\n|\n|upkeep\n|n|!ManoLuc4s|manoluc4s\n|\n|t:|1699744267\n|switch|p2a: Gallade|Gallade, M|100\/100\n|turn|7\n|\n|t:|1699744275\n|move|p1a: Ambipom|Double Slap|p2a: Gallade\n|-damage|p2a: Gallade|82\/100\n|-damage|p2a: Gallade|65\/100\n|-damage|p2a: Gallade|48\/100\n|-damage|p2a: Gallade|31\/100\n|-hitcount|p2a: Gallade|4\n|move|p2a: Gallade|Close Combat|p1a: Ambipom\n|-supereffective|p1a: Ambipom\n|-damage|p1a: Ambipom|0 fnt\n|-unboost|p2a: Gallade|def|1\n|-unboost|p2a: Gallade|spd|1\n|faint|p1a: Ambipom\n|\n|upkeep\n|\n|t:|1699744293\n|switch|p1a: Typhlosion|Typhlosion, M|100\/100\n|turn|8\n|\n|t:|1699744298\n|detailschange|p2a: Gallade|Gallade-Mega, M\n|-mega|p2a: Gallade|Gallade|Galladite\n|move|p2a: Gallade|Drain Punch|p1a: Typhlosion\n|-damage|p1a: Typhlosion|36\/100\n|-heal|p2a: Gallade|66\/100|[from] drain|[of] p1a: Typhlosion\n|move|p1a: Typhlosion|Eruption|p2a: Gallade\n|-damage|p2a: Gallade|6\/100\n|\n|upkeep\n|turn|9\n|\n|t:|1699744308\n|move|p2a: Gallade|Drain Punch|p1a: Typhlosion\n|-damage|p1a: Typhlosion|0 fnt\n|-heal|p2a: Gallade|25\/100|[from] drain|[of] p1a: Typhlosion\n|faint|p1a: Typhlosion\n|\n|upkeep\n|\n|t:|1699744321\n|switch|p1a: Empoleon|Empoleon, M|100\/100\n|turn|10\n|\n|t:|1699744328\n|move|p1a: Empoleon|Hydro Pump|p2a: Gallade\n|-damage|p2a: Gallade|0 fnt\n|faint|p2a: Gallade\n|\n|upkeep\n|\n|t:|1699744335\n|switch|p2a: Flapple|Flapple, F|100\/100\n|turn|11\n|\n|t:|1699744340\n|switch|p1a: Pachirisu|Pachirisu, F|100\/100\n|move|p2a: Flapple|Giga Drain|p1a: Pachirisu\n|-damage|p1a: Pachirisu|67\/100\n|\n|upkeep\n|turn|12\n|\n|t:|1699744349\n|move|p1a: Pachirisu|Nuzzle|p2a: Flapple\n|-resisted|p2a: Flapple\n|-crit|p2a: Flapple\n|-damage|p2a: Flapple|98\/100\n|-status|p2a: Flapple|par\n|move|p2a: Flapple|Dragon Dance|p2a: Flapple\n|-boost|p2a: Flapple|atk|1\n|-boost|p2a: Flapple|spe|1\n|\n|-heal|p2a: Flapple|100\/100 par|[from] item: Leftovers\n|upkeep\n|turn|13\n|\n|t:|1699744359\n|move|p1a: Pachirisu|Super Fang|p2a: Flapple\n|-damage|p2a: Flapple|50\/100 par\n|cant|p2a: Flapple|par\n|\n|-heal|p2a: Flapple|57\/100 par|[from] item: Leftovers\n|upkeep\n|turn|14\n|\n|t:|1699744366\n|move|p1a: Pachirisu|Super Fang|p2a: Flapple\n|-damage|p2a: Flapple|29\/100 par\n|move|p2a: Flapple|Draco Meteor|p1a: Pachirisu\n|-crit|p1a: Pachirisu\n|-damage|p1a: Pachirisu|0 fnt\n|-unboost|p2a: Flapple|spa|2\n|faint|p1a: Pachirisu\n|\n|-heal|p2a: Flapple|35\/100 par|[from] item: Leftovers\n|upkeep\n|\n|t:|1699744377\n|switch|p1a: Empoleon|Empoleon, M|100\/100\n|turn|15\n|\n|t:|1699744380\n|move|p1a: Empoleon|Blizzard|p2a: Flapple\n|-supereffective|p2a: Flapple\n|-damage|p2a: Flapple|0 fnt\n|faint|p2a: Flapple\n|\n|upkeep\n|\n|t:|1699744385\n|switch|p2a: Mimikyu|Mimikyu, F|100\/100\n|turn|16\n|\n|t:|1699744392\n|move|p1a: Empoleon|Blizzard|p2a: Mimikyu\n|-activate|p2a: Mimikyu|ability: Disguise\n|-damage|p2a: Mimikyu|100\/100\n|detailschange|p2a: Mimikyu|Mimikyu-Busted, F\n|-damage|p2a: Mimikyu|88\/100|[from] pokemon: Mimikyu-Busted\n|-zpower|p2a: Mimikyu\n|move|p2a: Mimikyu|Let's Snuggle Forever|p1a: Empoleon|[zeffect]\n|-resisted|p1a: Empoleon\n|-crit|p1a: Empoleon\n|-damage|p1a: Empoleon|16\/100\n|\n|upkeep\n|turn|17\n|\n|t:|1699744410\n|move|p1a: Empoleon|Blizzard|p2a: Mimikyu\n|-damage|p2a: Mimikyu|41\/100\n|move|p2a: Mimikyu|X-Scissor|p1a: Empoleon\n|-resisted|p1a: Empoleon\n|-damage|p1a: Empoleon|1\/100\n|\n|upkeep\n|turn|18\n|\n|t:|1699744419\n|move|p1a: Empoleon|Blizzard|p2a: Mimikyu\n|-damage|p2a: Mimikyu|0 fnt\n|faint|p2a: Mimikyu\n|\n|upkeep\n|\n|t:|1699744423\n|switch|p2a: Krookodile|Krookodile, M|100\/100\n|turn|19\n|\n|t:|1699744428\n|move|p1a: Empoleon|Blizzard|p2a: Krookodile\n|-supereffective|p2a: Krookodile\n|-crit|p2a: Krookodile\n|-damage|p2a: Krookodile|0 fnt\n|faint|p2a: Krookodile\n|\n|win|dedgoat\n|raw|dedgoat's rating: 1060 &rarr; <strong>1091<\/strong><br \/>(+31 for winning)\n|raw|ManoLuc4s's rating: 1064 &rarr; <strong>1044<\/strong><br \/>(-20 for losing)\n","uploadtime":1699744260,"views":4,"p1id":"dedgoat","p2id":"manoluc4s","formatid":"gen9nationaldex","rating":1044,"private":0,"password":""}