{"id":"gen9nationaldex-1999368304","p1":"xiaozhubuaida","p2":"psng","format":"[Gen 9] National Dex","log":"|html|<div class=\"broadcast-blue\"><strong>[Gen 9] National Dex is currently suspecting Sneasler! For information on how to participate check out the <a href=\"https:\/\/www.smogon.com\/forums\/threads\/sv-national-dex-suspect-8-just-dance.3731534\/\">suspect thread<\/a>.<\/strong><\/div>\n|j|\u2606xiaozhubuaida\n|j|\u2606psng\n|t:|1701068135\n|gametype|singles\n|player|p1|xiaozhubuaida|steven|1382\n|player|p2|psng|wallace|1475\n|teamsize|p1|6\n|teamsize|p2|6\n|gen|9\n|tier|[Gen 9] National Dex\n|rated|\n|rule|HP Percentage Mod: HP is shown in percentages\n|rule|Endless Battle Clause: Forcing endless battles is banned\n|rule|OHKO Clause: OHKO moves are banned\n|rule|Evasion Clause: Evasion abilities, items, and moves are banned\n|rule|Evasion Abilities Clause: Evasion abilities are banned\n|rule|Evasion Items Clause: Evasion items are banned\n|rule|Evasion Moves Clause: Evasion moves are banned\n|rule|Species Clause: Limit one of each Pok\u00e9mon\n|rule|Sleep Clause Mod: Limit one foe put to sleep\n|clearpoke\n|poke|p1|Pelipper, F|\n|poke|p1|Swampert, M|\n|poke|p1|Zapdos|\n|poke|p1|Ferrothorn, M|\n|poke|p1|Kingdra, F|\n|poke|p1|Drednaw, M|\n|poke|p2|Pelipper, M|\n|poke|p2|Tapu Lele|\n|poke|p2|Swampert, F|\n|poke|p2|Greninja-*, M|\n|poke|p2|Zapdos|\n|poke|p2|Ferrothorn, M|\n|teampreview\n|inactive|Battle timer is ON: inactive players will automatically lose when time's up. (requested by psng)\n|\n|t:|1701068154\n|start\n|switch|p1a: Ferrothorn|Ferrothorn, M|100\/100\n|switch|p2a: Zapdos|Zapdos, shiny|100\/100\n|turn|1\n|\n|t:|1701068164\n|move|p2a: Zapdos|Rain Dance|p2a: Zapdos\n|-weather|RainDance\n|move|p1a: Ferrothorn|Stealth Rock|p2a: Zapdos\n|-sidestart|p2: psng|move: Stealth Rock\n|\n|-weather|RainDance|[upkeep]\n|upkeep\n|turn|2\n|\n|t:|1701068177\n|move|p2a: Zapdos|Hurricane|p1a: Ferrothorn\n|-damage|p1a: Ferrothorn|60\/100\n|move|p1a: Ferrothorn|Knock Off|p2a: Zapdos\n|-damage|p2a: Zapdos|90\/100\n|-status|p1a: Ferrothorn|par|[from] ability: Static|[of] p2a: Zapdos\n|\n|-weather|RainDance|[upkeep]\n|-heal|p1a: Ferrothorn|66\/100 par|[from] item: Leftovers\n|upkeep\n|turn|3\n|\n|t:|1701068191\n|move|p2a: Zapdos|Hurricane|p1a: Ferrothorn\n|-damage|p1a: Ferrothorn|29\/100 par\n|move|p1a: Ferrothorn|Leech Seed|p2a: Zapdos|[miss]\n|-miss|p1a: Ferrothorn|p2a: Zapdos\n|\n|-weather|RainDance|[upkeep]\n|-heal|p1a: Ferrothorn|36\/100 par|[from] item: Leftovers\n|upkeep\n|turn|4\n|\n|t:|1701068197\n|switch|p1a: Drednaw|Drednaw, M|100\/100\n|move|p2a: Zapdos|Hurricane|p1a: Drednaw\n|-resisted|p1a: Drednaw\n|-damage|p1a: Drednaw|66\/100\n|-start|p1a: Drednaw|confusion\n|\n|-weather|RainDance|[upkeep]\n|upkeep\n|turn|5\n|\n|t:|1701068219\n|-terastallize|p1a: Drednaw|Steel\n|-activate|p1a: Drednaw|confusion\n|-damage|p1a: Drednaw|51\/100|[from] confusion\n|move|p2a: Zapdos|Thunder|p1a: Drednaw\n|-damage|p1a: Drednaw|0 fnt\n|faint|p1a: Drednaw\n|\n|-weather|none\n|upkeep\n|\n|t:|1701068230\n|switch|p1a: Zapdos|Zapdos|100\/100\n|turn|6\n|\n|t:|1701068245\n|-zpower|p1a: Zapdos\n|move|p1a: Zapdos|Z-Rain Dance|p1a: Zapdos|[anim]Rain Dance\n|-boost|p1a: Zapdos|spe|1|[zeffect]\n|-weather|RainDance\n|move|p2a: Zapdos|U-turn|p1a: Zapdos\n|-resisted|p1a: Zapdos\n|-damage|p1a: Zapdos|92\/100\n|\n|t:|1701068252\n|switch|p2a: Ferrothorn|Ferrothorn, M, shiny|100\/100|[from] U-turn\n|-damage|p2a: Ferrothorn|95\/100|[from] Stealth Rock\n|\n|-weather|RainDance|[upkeep]\n|-heal|p2a: Ferrothorn|100\/100|[from] item: Leftovers\n|upkeep\n|turn|7\n|\n|t:|1701068257\n|move|p1a: Zapdos|Hurricane|p2a: Ferrothorn\n|-damage|p2a: Ferrothorn|64\/100\n|-start|p2a: Ferrothorn|confusion\n|-activate|p2a: Ferrothorn|confusion\n|move|p2a: Ferrothorn|Stealth Rock|p1a: Zapdos\n|-sidestart|p1: xiaozhubuaida|move: Stealth Rock\n|\n|-weather|RainDance|[upkeep]\n|-heal|p2a: Ferrothorn|70\/100|[from] item: Leftovers\n|upkeep\n|turn|8\n|\n|t:|1701068273\n|-end|p2a: Ferrothorn|confusion\n|move|p2a: Ferrothorn|Protect|p2a: Ferrothorn\n|-singleturn|p2a: Ferrothorn|Protect\n|move|p1a: Zapdos|Hurricane|p2a: Ferrothorn\n|-activate|p2a: Ferrothorn|move: Protect\n|\n|-weather|RainDance|[upkeep]\n|-heal|p2a: Ferrothorn|76\/100|[from] item: Leftovers\n|upkeep\n|turn|9\n|inactive|psng has 120 seconds left.\n|\n|t:|1701068318\n|move|p1a: Zapdos|Hurricane|p2a: Ferrothorn\n|-damage|p2a: Ferrothorn|41\/100\n|move|p2a: Ferrothorn|Leech Seed|p1a: Zapdos\n|-start|p1a: Zapdos|move: Leech Seed\n|\n|-weather|RainDance|[upkeep]\n|-heal|p2a: Ferrothorn|47\/100|[from] item: Leftovers\n|-damage|p1a: Zapdos|79\/100|[from] Leech Seed|[of] p2a: Ferrothorn\n|-heal|p2a: Ferrothorn|59\/100|[silent]\n|upkeep\n|turn|10\n|\n|t:|1701068342\n|switch|p1a: Pelipper|Pelipper, F|100\/100\n|-damage|p1a: Pelipper|76\/100|[from] Stealth Rock\n|move|p2a: Ferrothorn|Protect||[still]\n|-fail|p2a: Ferrothorn\n|\n|-weather|none\n|-heal|p2a: Ferrothorn|65\/100|[from] item: Leftovers\n|upkeep\n|turn|11\n|l|\u2606psng\n|inactive|psng disconnected and has a minute to reconnect!\n|player|p2|\n|inactive|psng has 30 seconds to reconnect!\n|inactive|psng has 20 seconds to reconnect!\n|j|\u2606psng\n|inactive|psng reconnected and has 70 seconds left.\n|player|p2|psng|wallace\n|inactive|psng has 60 seconds left.\n|\n|t:|1701068394\n|switch|p2a: Zapdos|Zapdos, shiny|90\/100\n|-damage|p2a: Zapdos|66\/100|[from] Stealth Rock\n|move|p1a: Pelipper|Defog|p2a: Zapdos\n|-unboost|p2a: Zapdos|evasion|1\n|-sideend|p2: psng|Stealth Rock|[from] move: Defog|[of] p1a: Pelipper\n|-sideend|p1: xiaozhubuaida|Stealth Rock|[from] move: Defog|[of] p1a: Pelipper\n|\n|upkeep\n|turn|12\n|\n|t:|1701068404\n|switch|p1a: Swampert|Swampert, M|100\/100\n|move|p2a: Zapdos|U-turn|p1a: Swampert\n|-damage|p1a: Swampert|86\/100\n|inactive|psng has 60 seconds left.\n|\n|t:|1701068416\n|switch|p2a: Tapu Lele|Tapu Lele, shiny|100\/100|[from] U-turn\n|-fieldstart|move: Psychic Terrain|[from] ability: Psychic Surge|[of] p2a: Tapu Lele\n|\n|upkeep\n|turn|13\n|\n|t:|1701068424\n|switch|p1a: Pelipper|Pelipper, F|76\/100\n|-weather|RainDance|[from] ability: Drizzle|[of] p1a: Pelipper\n|move|p2a: Tapu Lele|Energy Ball|p1a: Pelipper\n|-damage|p1a: Pelipper|31\/100\n|\n|-weather|RainDance|[upkeep]\n|upkeep\n|turn|14\n|\n|t:|1701068440\n|switch|p2a: Ferrothorn|Ferrothorn, M, shiny|65\/100\n|switch|p1a: Ferrothorn|Ferrothorn, M|36\/100 par\n|\n|-weather|RainDance|[upkeep]\n|-heal|p2a: Ferrothorn|71\/100|[from] item: Leftovers\n|-heal|p1a: Ferrothorn|42\/100 par|[from] item: Leftovers\n|upkeep\n|turn|15\n|\n|t:|1701068449\n|switch|p2a: Zapdos|Zapdos, shiny|66\/100\n|move|p1a: Ferrothorn|Stealth Rock|p2a: Zapdos\n|-sidestart|p2: psng|move: Stealth Rock\n|\n|-weather|RainDance|[upkeep]\n|-heal|p1a: Ferrothorn|48\/100 par|[from] item: Leftovers\n|upkeep\n|turn|16\n|\n|t:|1701068457\n|-zpower|p2a: Zapdos\n|move|p2a: Zapdos|Supersonic Skystrike|p1a: Ferrothorn|[zeffect]\n|-damage|p1a: Ferrothorn|0 fnt\n|faint|p1a: Ferrothorn\n|\n|-weather|RainDance|[upkeep]\n|-fieldend|move: Psychic Terrain\n|upkeep\n|\n|t:|1701068466\n|switch|p1a: Swampert|Swampert, M|86\/100\n|turn|17\n|\n|t:|1701068482\n|detailschange|p1a: Swampert|Swampert-Mega, M\n|-mega|p1a: Swampert|Swampert|Swampertite\n|move|p1a: Swampert|Ice Punch|p2a: Zapdos\n|-supereffective|p2a: Zapdos\n|-damage|p2a: Zapdos|21\/100\n|-status|p1a: Swampert|par|[from] ability: Static|[of] p2a: Zapdos\n|move|p2a: Zapdos|U-turn|p1a: Swampert\n|-damage|p1a: Swampert|74\/100 par\n|inactive|psng has 90 seconds left.\n|\n|t:|1701068492\n|switch|p2a: Ferrothorn|Ferrothorn, M, shiny|71\/100|[from] U-turn\n|-damage|p2a: Ferrothorn|65\/100|[from] Stealth Rock\n|\n|-weather|RainDance|[upkeep]\n|-heal|p2a: Ferrothorn|71\/100|[from] item: Leftovers\n|upkeep\n|turn|18\n|\n|t:|1701068500\n|move|p1a: Swampert|Flip Turn|p2a: Ferrothorn\n|-resisted|p2a: Ferrothorn\n|-damage|p2a: Ferrothorn|50\/100\n|-damage|p1a: Swampert|62\/100 par|[from] ability: Iron Barbs|[of] p2a: Ferrothorn\n|\n|t:|1701068505\n|switch|p1a: Zapdos|Zapdos|79\/100|[from] Flip Turn\n|move|p2a: Ferrothorn|Stealth Rock|p1a: Zapdos\n|-sidestart|p1: xiaozhubuaida|move: Stealth Rock\n|\n|-weather|RainDance|[upkeep]\n|-heal|p2a: Ferrothorn|55\/100|[from] item: Leftovers\n|upkeep\n|turn|19\n|\n|t:|1701068513\n|move|p1a: Zapdos|Hurricane|p2a: Ferrothorn\n|-damage|p2a: Ferrothorn|20\/100\n|move|p2a: Ferrothorn|Leech Seed|p1a: Zapdos\n|-start|p1a: Zapdos|move: Leech Seed\n|\n|-weather|RainDance|[upkeep]\n|-heal|p2a: Ferrothorn|26\/100|[from] item: Leftovers\n|-damage|p1a: Zapdos|67\/100|[from] Leech Seed|[of] p2a: Ferrothorn\n|-heal|p2a: Ferrothorn|37\/100|[silent]\n|upkeep\n|turn|20\n|\n|t:|1701068529\n|move|p2a: Ferrothorn|Protect|p2a: Ferrothorn\n|-singleturn|p2a: Ferrothorn|Protect\n|move|p1a: Zapdos|Weather Ball|p2a: Ferrothorn\n|-activate|p2a: Ferrothorn|move: Protect\n|\n|-weather|none\n|-heal|p2a: Ferrothorn|43\/100|[from] item: Leftovers\n|-damage|p1a: Zapdos|54\/100|[from] Leech Seed|[of] p2a: Ferrothorn\n|-heal|p2a: Ferrothorn|54\/100|[silent]\n|upkeep\n|turn|21\n|inactive|psng has 120 seconds left.\n|\n|t:|1701068537\n|switch|p1a: Pelipper|Pelipper, F|31\/100\n|-damage|p1a: Pelipper|6\/100|[from] Stealth Rock\n|-weather|RainDance|[from] ability: Drizzle|[of] p1a: Pelipper\n|move|p2a: Ferrothorn|Leech Seed|p1a: Pelipper\n|-start|p1a: Pelipper|move: Leech Seed\n|\n|-weather|RainDance|[upkeep]\n|-heal|p2a: Ferrothorn|60\/100|[from] item: Leftovers\n|-damage|p1a: Pelipper|0 fnt|[from] Leech Seed|[of] p2a: Ferrothorn\n|-heal|p2a: Ferrothorn|65\/100|[silent]\n|faint|p1a: Pelipper\n|upkeep\n|\n|t:|1701068546\n|switch|p1a: Kingdra|Kingdra, F|100\/100\n|-damage|p1a: Kingdra|88\/100|[from] Stealth Rock\n|turn|22\n|\n|t:|1701068555\n|move|p2a: Ferrothorn|Protect|p2a: Ferrothorn\n|-singleturn|p2a: Ferrothorn|Protect\n|move|p1a: Kingdra|Draco Meteor|p2a: Ferrothorn\n|-activate|p2a: Ferrothorn|move: Protect\n|\n|-weather|RainDance|[upkeep]\n|-heal|p2a: Ferrothorn|71\/100|[from] item: Leftovers\n|upkeep\n|turn|23\n|-message|xiaozhubuaida forfeited.\n|\n|win|psng\n|raw|xiaozhubuaida's rating: 1382 &rarr; <strong>1367<\/strong><br \/>(-15 for losing)\n|raw|psng's rating: 1475 &rarr; <strong>1490<\/strong><br \/>(+15 for winning)\n|l|\u2606xiaozhubuaida\n","uploadtime":1701068562,"views":9,"p1id":"xiaozhubuaida","p2id":"psng","formatid":"gen9nationaldex","rating":1367,"private":0,"password":""}