{"id":"gen9nationaldex-1997494823","p1":"sarahstevens2004","p2":"emeth2159","format":"[Gen 9] National Dex","log":"|html|<div class=\"broadcast-blue\"><strong>[Gen 9] National Dex is currently suspecting Sneasler! For information on how to participate check out the <a href=\"https:\/\/www.smogon.com\/forums\/threads\/sv-national-dex-suspect-8-just-dance.3731534\/\">suspect thread<\/a>.<\/strong><\/div>\n|j|\u2606sarahstevens2004\n|j|\u2606emeth2159\n|t:|1700815196\n|gametype|singles\n|player|p1|sarahstevens2004|falkner|1043\n|player|p2|emeth2159|worker|1087\n|teamsize|p1|6\n|teamsize|p2|6\n|gen|9\n|tier|[Gen 9] National Dex\n|rated|\n|rule|HP Percentage Mod: HP is shown in percentages\n|rule|Endless Battle Clause: Forcing endless battles is banned\n|rule|OHKO Clause: OHKO moves are banned\n|rule|Evasion Clause: Evasion abilities, items, and moves are banned\n|rule|Evasion Abilities Clause: Evasion abilities are banned\n|rule|Evasion Items Clause: Evasion items are banned\n|rule|Evasion Moves Clause: Evasion moves are banned\n|rule|Species Clause: Limit one of each Pok\u00e9mon\n|rule|Sleep Clause Mod: Limit one foe put to sleep\n|clearpoke\n|poke|p1|Ribombee, F|\n|poke|p1|Tapu Fini|\n|poke|p1|Zamazenta-*|\n|poke|p1|Sneasler, F|\n|poke|p1|Iron Valiant|\n|poke|p1|Scizor, M|\n|poke|p2|Dhelmise|\n|poke|p2|Alomomola, M|\n|poke|p2|Hoopa-Unbound|\n|poke|p2|Great Tusk|\n|poke|p2|Cinderace, F|\n|poke|p2|Tapu Lele|\n|teampreview\n|\n|t:|1700815207\n|start\n|switch|p1a: Scizor|Scizor, M|100\/100\n|switch|p2a: Hoopa|Hoopa-Unbound|100\/100\n|turn|1\n|\n|t:|1700815219\n|switch|p2a: Alomomola|Alomomola, M|100\/100\n|move|p1a: Scizor|Swords Dance|p1a: Scizor\n|-boost|p1a: Scizor|atk|2\n|\n|upkeep\n|turn|2\n|\n|t:|1700815229\n|move|p1a: Scizor|Knock Off|p2a: Alomomola\n|-damage|p2a: Alomomola|59\/100\n|-enditem|p2a: Alomomola|Heavy-Duty Boots|[from] move: Knock Off|[of] p1a: Scizor\n|move|p2a: Alomomola|Flip Turn|p1a: Scizor\n|-damage|p1a: Scizor|80\/100\n|\n|t:|1700815232\n|switch|p2a: Tapu Lele|Tapu Lele|100\/100|[from] Flip Turn\n|-fieldstart|move: Psychic Terrain|[from] ability: Psychic Surge|[of] p2a: Tapu Lele\n|\n|upkeep\n|turn|3\n|\n|t:|1700815244\n|move|p1a: Scizor|Bullet Punch|p2a: Tapu Lele\n|-activate|p2a: Tapu Lele|move: Psychic Terrain\n|-zpower|p2a: Tapu Lele\n|move|p2a: Tapu Lele|All-Out Pummeling|p1a: Scizor|[zeffect]\n|-damage|p1a: Scizor|0 fnt\n|faint|p1a: Scizor\n|\n|upkeep\n|\n|t:|1700815255\n|switch|p1a: Tapu Fini|Tapu Fini, shiny|100\/100\n|-fieldstart|move: Misty Terrain|[from] ability: Misty Surge|[of] p1a: Tapu Fini\n|turn|4\n|\n|t:|1700815263\n|switch|p1a: Iron Valiant|Iron Valiant|100\/100\n|-enditem|p1a: Iron Valiant|Booster Energy\n|-activate|p1a: Iron Valiant|ability: Quark Drive|[fromitem]\n|-start|p1a: Iron Valiant|quarkdrivespe\n|move|p2a: Tapu Lele|Calm Mind|p2a: Tapu Lele\n|-boost|p2a: Tapu Lele|spa|1\n|-boost|p2a: Tapu Lele|spd|1\n|\n|upkeep\n|turn|5\n|\n|t:|1700815276\n|move|p1a: Iron Valiant|Encore|p2a: Tapu Lele\n|-start|p2a: Tapu Lele|Encore\n|move|p2a: Tapu Lele|Calm Mind|p2a: Tapu Lele\n|-boost|p2a: Tapu Lele|spa|1\n|-boost|p2a: Tapu Lele|spd|1\n|\n|upkeep\n|turn|6\n|\n|t:|1700815281\n|move|p1a: Iron Valiant|Calm Mind|p1a: Iron Valiant\n|-boost|p1a: Iron Valiant|spa|1\n|-boost|p1a: Iron Valiant|spd|1\n|move|p2a: Tapu Lele|Calm Mind|p2a: Tapu Lele\n|-boost|p2a: Tapu Lele|spa|1\n|-boost|p2a: Tapu Lele|spd|1\n|\n|upkeep\n|turn|7\n|\n|t:|1700815283\n|move|p1a: Iron Valiant|Calm Mind|p1a: Iron Valiant\n|-boost|p1a: Iron Valiant|spa|1\n|-boost|p1a: Iron Valiant|spd|1\n|move|p2a: Tapu Lele|Calm Mind|p2a: Tapu Lele\n|-boost|p2a: Tapu Lele|spa|1\n|-boost|p2a: Tapu Lele|spd|1\n|\n|-end|p2a: Tapu Lele|Encore\n|upkeep\n|turn|8\n|\n|t:|1700815285\n|move|p1a: Iron Valiant|Encore|p2a: Tapu Lele\n|-start|p2a: Tapu Lele|Encore\n|move|p2a: Tapu Lele|Calm Mind|p2a: Tapu Lele\n|-boost|p2a: Tapu Lele|spa|1\n|-boost|p2a: Tapu Lele|spd|1\n|\n|-fieldend|Misty Terrain\n|upkeep\n|turn|9\n|\n|t:|1700815288\n|move|p1a: Iron Valiant|Calm Mind|p1a: Iron Valiant\n|-boost|p1a: Iron Valiant|spa|1\n|-boost|p1a: Iron Valiant|spd|1\n|move|p2a: Tapu Lele|Calm Mind|p2a: Tapu Lele\n|-boost|p2a: Tapu Lele|spa|1\n|-boost|p2a: Tapu Lele|spd|1\n|\n|upkeep\n|turn|10\n|\n|t:|1700815293\n|move|p1a: Iron Valiant|Calm Mind|p1a: Iron Valiant\n|-boost|p1a: Iron Valiant|spa|1\n|-boost|p1a: Iron Valiant|spd|1\n|move|p2a: Tapu Lele|Calm Mind|p2a: Tapu Lele\n|-boost|p2a: Tapu Lele|spa|0\n|-boost|p2a: Tapu Lele|spd|0\n|\n|-end|p2a: Tapu Lele|Encore\n|upkeep\n|turn|11\n|\n|t:|1700815296\n|move|p1a: Iron Valiant|Encore|p2a: Tapu Lele\n|-start|p2a: Tapu Lele|Encore\n|move|p2a: Tapu Lele|Calm Mind|p2a: Tapu Lele\n|-boost|p2a: Tapu Lele|spa|0\n|-boost|p2a: Tapu Lele|spd|0\n|\n|upkeep\n|turn|12\n|\n|t:|1700815299\n|move|p1a: Iron Valiant|Calm Mind|p1a: Iron Valiant\n|-boost|p1a: Iron Valiant|spa|1\n|-boost|p1a: Iron Valiant|spd|1\n|move|p2a: Tapu Lele|Calm Mind|p2a: Tapu Lele\n|-boost|p2a: Tapu Lele|spa|0\n|-boost|p2a: Tapu Lele|spd|0\n|\n|upkeep\n|turn|13\n|\n|t:|1700815302\n|move|p1a: Iron Valiant|Calm Mind|p1a: Iron Valiant\n|-boost|p1a: Iron Valiant|spa|1\n|-boost|p1a: Iron Valiant|spd|1\n|move|p2a: Tapu Lele|Calm Mind|p2a: Tapu Lele\n|-boost|p2a: Tapu Lele|spa|0\n|-boost|p2a: Tapu Lele|spd|0\n|\n|-end|p2a: Tapu Lele|Encore\n|upkeep\n|turn|14\n|\n|t:|1700815306\n|move|p1a: Iron Valiant|Encore|p2a: Tapu Lele\n|-start|p2a: Tapu Lele|Encore\n|move|p2a: Tapu Lele|Calm Mind|p2a: Tapu Lele\n|-boost|p2a: Tapu Lele|spa|0\n|-boost|p2a: Tapu Lele|spd|0\n|\n|upkeep\n|turn|15\n|\n|t:|1700815313\n|move|p1a: Iron Valiant|Thunderbolt|p2a: Tapu Lele\n|-damage|p2a: Tapu Lele|66\/100\n|move|p2a: Tapu Lele|Calm Mind|p2a: Tapu Lele\n|-boost|p2a: Tapu Lele|spa|0\n|-boost|p2a: Tapu Lele|spd|0\n|\n|upkeep\n|turn|16\n|\n|t:|1700815316\n|move|p1a: Iron Valiant|Thunderbolt|p2a: Tapu Lele\n|-damage|p2a: Tapu Lele|33\/100\n|move|p2a: Tapu Lele|Calm Mind|p2a: Tapu Lele\n|-boost|p2a: Tapu Lele|spa|0\n|-boost|p2a: Tapu Lele|spd|0\n|\n|-end|p2a: Tapu Lele|Encore\n|upkeep\n|turn|17\n|\n|t:|1700815320\n|move|p1a: Iron Valiant|Encore|p2a: Tapu Lele\n|-start|p2a: Tapu Lele|Encore\n|move|p2a: Tapu Lele|Calm Mind|p2a: Tapu Lele\n|-boost|p2a: Tapu Lele|spa|0\n|-boost|p2a: Tapu Lele|spd|0\n|\n|upkeep\n|turn|18\n|\n|t:|1700815325\n|switch|p2a: Great Tusk|Great Tusk|100\/100\n|move|p1a: Iron Valiant|Thunderbolt|p2a: Great Tusk\n|-immune|p2a: Great Tusk\n|\n|upkeep\n|turn|19\n|\n|t:|1700815329\n|move|p1a: Iron Valiant|Moonblast|p2a: Great Tusk\n|-supereffective|p2a: Great Tusk\n|-damage|p2a: Great Tusk|0 fnt\n|faint|p2a: Great Tusk\n|-end|p2a: Great Tusk|Protosynthesis|[silent]\n|\n|upkeep\n|\n|t:|1700815342\n|switch|p2a: Hoopa|Hoopa-Unbound|100\/100\n|turn|20\n|\n|t:|1700815349\n|move|p1a: Iron Valiant|Moonblast|p2a: Hoopa\n|-supereffective|p2a: Hoopa\n|-damage|p2a: Hoopa|0 fnt\n|faint|p2a: Hoopa\n|\n|upkeep\n|-message|emeth2159 forfeited.\n|\n|win|sarahstevens2004\n|raw|sarahstevens2004's rating: 1043 &rarr; <strong>1081<\/strong><br \/>(+38 for winning)\n|raw|emeth2159's rating: 1087 &rarr; <strong>1061<\/strong><br \/>(-26 for losing)\n|l|\u2606emeth2159\n","uploadtime":1700815361,"views":6,"p1id":"sarahstevens2004","p2id":"emeth2159","formatid":"gen9nationaldex","rating":1061,"private":0,"password":""}