{"id":"gen9nationaldex-1998418614","p1":"PWA Wright","p2":"logdropper11","format":"[Gen 9] National Dex","log":"|html|<div class=\"broadcast-blue\"><strong>[Gen 9] National Dex is currently suspecting Sneasler! For information on how to participate check out the <a href=\"https:\/\/www.smogon.com\/forums\/threads\/sv-national-dex-suspect-8-just-dance.3731534\/\">suspect thread<\/a>.<\/strong><\/div>\n|j|\u2606PWA Wright\n|j|\u2606logdropper11\n|t:|1700940142\n|gametype|singles\n|player|p1|PWA Wright|cynthia|1691\n|player|p2|logdropper11|musician|1630\n|teamsize|p1|6\n|teamsize|p2|6\n|gen|9\n|tier|[Gen 9] National Dex\n|rated|\n|rule|HP Percentage Mod: HP is shown in percentages\n|rule|Endless Battle Clause: Forcing endless battles is banned\n|rule|OHKO Clause: OHKO moves are banned\n|rule|Evasion Clause: Evasion abilities, items, and moves are banned\n|rule|Evasion Abilities Clause: Evasion abilities are banned\n|rule|Evasion Items Clause: Evasion items are banned\n|rule|Evasion Moves Clause: Evasion moves are banned\n|rule|Species Clause: Limit one of each Pok\u00e9mon\n|rule|Sleep Clause Mod: Limit one foe put to sleep\n|clearpoke\n|poke|p1|Garchomp, M|\n|poke|p1|Dondozo, M|\n|poke|p1|Tyranitar, F|\n|poke|p1|Charizard, F|\n|poke|p1|Clodsire, F|\n|poke|p1|Corviknight, M|\n|poke|p2|Manaphy|\n|poke|p2|Ferrothorn, F|\n|poke|p2|Lopunny, F|\n|poke|p2|Landorus-Therian, M|\n|poke|p2|Tapu Koko|\n|poke|p2|Iron Moth|\n|teampreview\n|\n|t:|1700940158\n|start\n|switch|p1a: Charizard|Charizard, F|100\/100\n|switch|p2a: Lopunny|Lopunny, F|100\/100\n|turn|1\n|\n|t:|1700940162\n|switch|p1a: Corviknight|Corviknight, M|100\/100\n|-ability|p1a: Corviknight|Pressure\n|detailschange|p2a: Lopunny|Lopunny-Mega, F\n|-mega|p2a: Lopunny|Lopunny|Lopunnite\n|move|p2a: Lopunny|Fake Out|p1a: Corviknight\n|-resisted|p1a: Corviknight\n|-damage|p1a: Corviknight|94\/100\n|-damage|p2a: Lopunny|84\/100|[from] item: Rocky Helmet|[of] p1a: Corviknight\n|\n|upkeep\n|turn|2\n|\n|t:|1700940169\n|switch|p2a: Tapu Koko|Tapu Koko|100\/100\n|-fieldstart|move: Electric Terrain|[from] ability: Electric Surge|[of] p2a: Tapu Koko\n|move|p1a: Corviknight|U-turn|p2a: Tapu Koko\n|-resisted|p2a: Tapu Koko\n|-damage|p2a: Tapu Koko|91\/100\n|\n|t:|1700940171\n|switch|p1a: Clodsire|Clodsire, F|100\/100|[from] U-turn\n|\n|upkeep\n|turn|3\n|\n|t:|1700940177\n|switch|p2a: Ferrothorn|Ferrothorn, F|100\/100\n|move|p1a: Clodsire|Toxic|p2a: Ferrothorn\n|-immune|p2a: Ferrothorn\n|\n|upkeep\n|turn|4\n|\n|t:|1700940183\n|move|p1a: Clodsire|Stealth Rock|p2a: Ferrothorn\n|-sidestart|p2: logdropper11|move: Stealth Rock\n|move|p2a: Ferrothorn|Knock Off|p1a: Clodsire\n|-crit|p1a: Clodsire\n|-damage|p1a: Clodsire|62\/100\n|-enditem|p1a: Clodsire|Leftovers|[from] move: Knock Off|[of] p2a: Ferrothorn\n|\n|upkeep\n|turn|5\n|\n|t:|1700940187\n|switch|p1a: Charizard|Charizard, F|100\/100\n|move|p2a: Ferrothorn|Spikes|p1a: Charizard\n|-sidestart|p1: PWA Wright|Spikes\n|\n|upkeep\n|turn|6\n|\n|t:|1700940198\n|switch|p2a: Iron Moth|Iron Moth|100\/100\n|-activate|p2a: Iron Moth|ability: Quark Drive\n|-start|p2a: Iron Moth|quarkdrivespa\n|detailschange|p1a: Charizard|Charizard-Mega-Y, F\n|-mega|p1a: Charizard|Charizard|Charizardite Y\n|-weather|SunnyDay|[from] ability: Drought|[of] p1a: Charizard\n|move|p1a: Charizard|Weather Ball|p2a: Iron Moth\n|-resisted|p2a: Iron Moth\n|-damage|p2a: Iron Moth|52\/100\n|\n|-weather|SunnyDay|[upkeep]\n|-fieldend|move: Electric Terrain\n|-end|p2a: Iron Moth|Quark Drive\n|upkeep\n|turn|7\n|\n|t:|1700940204\n|move|p2a: Iron Moth|Sludge Wave|p1a: Charizard\n|-damage|p1a: Charizard|44\/100\n|move|p1a: Charizard|Scorching Sands|p2a: Iron Moth\n|-supereffective|p2a: Iron Moth\n|-damage|p2a: Iron Moth|0 fnt\n|faint|p2a: Iron Moth\n|-end|p2a: Iron Moth|Quark Drive|[silent]\n|\n|-weather|SunnyDay|[upkeep]\n|upkeep\n|\n|t:|1700940208\n|switch|p2a: Lopunny|Lopunny-Mega, F|84\/100\n|-damage|p2a: Lopunny|78\/100|[from] Stealth Rock\n|turn|8\n|\n|t:|1700940211\n|switch|p1a: Corviknight|Corviknight, M|94\/100\n|-ability|p1a: Corviknight|Pressure\n|move|p2a: Lopunny|Frustration|p1a: Corviknight\n|-resisted|p1a: Corviknight\n|-damage|p1a: Corviknight|77\/100\n|-damage|p2a: Lopunny|61\/100|[from] item: Rocky Helmet|[of] p1a: Corviknight\n|\n|-weather|SunnyDay|[upkeep]\n|upkeep\n|turn|9\n|\n|t:|1700940215\n|switch|p2a: Tapu Koko|Tapu Koko|91\/100\n|-damage|p2a: Tapu Koko|79\/100|[from] Stealth Rock\n|-fieldstart|move: Electric Terrain|[from] ability: Electric Surge|[of] p2a: Tapu Koko\n|move|p1a: Corviknight|Defog|p2a: Tapu Koko\n|-unboost|p2a: Tapu Koko|evasion|1\n|-sideend|p2: logdropper11|Stealth Rock|[from] move: Defog|[of] p1a: Corviknight\n|-sideend|p1: PWA Wright|Spikes|[from] move: Defog|[of] p1a: Corviknight\n|-fieldend|move: Electric Terrain\n|\n|-weather|SunnyDay|[upkeep]\n|upkeep\n|turn|10\n|\n|t:|1700940220\n|switch|p1a: Clodsire|Clodsire, F|62\/100\n|move|p2a: Tapu Koko|Hidden Power|p1a: Clodsire\n|-supereffective|p1a: Clodsire\n|-damage|p1a: Clodsire|34\/100\n|\n|-weather|none\n|upkeep\n|turn|11\n|\n|t:|1700940225\n|switch|p2a: Landorus|Landorus-Therian, M|100\/100\n|-ability|p2a: Landorus|Intimidate|boost\n|-unboost|p1a: Clodsire|atk|1\n|move|p1a: Clodsire|Recover|p1a: Clodsire\n|-heal|p1a: Clodsire|84\/100\n|\n|upkeep\n|turn|12\n|\n|t:|1700940227\n|switch|p1a: Corviknight|Corviknight, M|77\/100\n|-ability|p1a: Corviknight|Pressure\n|move|p2a: Landorus|Stealth Rock|p1a: Corviknight\n|-sidestart|p1: PWA Wright|move: Stealth Rock\n|\n|upkeep\n|turn|13\n|\n|t:|1700940244\n|switch|p2a: Ferrothorn|Ferrothorn, F|100\/100\n|move|p1a: Corviknight|Defog|p2a: Ferrothorn\n|-unboost|p2a: Ferrothorn|evasion|1\n|-sideend|p1: PWA Wright|Stealth Rock|[from] move: Defog|[of] p1a: Corviknight\n|\n|upkeep\n|turn|14\n|\n|t:|1700940251\n|switch|p1a: Charizard|Charizard-Mega-Y, F|44\/100\n|-weather|SunnyDay|[from] ability: Drought|[of] p1a: Charizard\n|move|p2a: Ferrothorn|Knock Off|p1a: Charizard\n|-damage|p1a: Charizard|22\/100\n|\n|-weather|SunnyDay|[upkeep]\n|upkeep\n|turn|15\n|\n|t:|1700940268\n|-terastallize|p2a: Ferrothorn|Fire\n|move|p1a: Charizard|Weather Ball|p2a: Ferrothorn\n|-resisted|p2a: Ferrothorn\n|-damage|p2a: Ferrothorn|70\/100\n|move|p2a: Ferrothorn|Gyro Ball|p1a: Charizard\n|-resisted|p1a: Charizard\n|-damage|p1a: Charizard|0 fnt\n|faint|p1a: Charizard\n|\n|-weather|SunnyDay|[upkeep]\n|-heal|p2a: Ferrothorn|76\/100|[from] item: Leftovers\n|upkeep\n|\n|t:|1700940272\n|switch|p1a: Garchomp|Garchomp, M|100\/100\n|turn|16\n|\n|t:|1700940283\n|switch|p2a: Landorus|Landorus-Therian, M|100\/100\n|-ability|p2a: Landorus|Intimidate|boost\n|-unboost|p1a: Garchomp|atk|1\n|move|p1a: Garchomp|Scale Shot|p2a: Landorus\n|-damage|p2a: Landorus|94\/100\n|-damage|p2a: Landorus|88\/100\n|-damage|p2a: Landorus|82\/100\n|-damage|p2a: Landorus|76\/100\n|-hitcount|p2a: Landorus|4\n|-unboost|p1a: Garchomp|def|1\n|-boost|p1a: Garchomp|spe|1\n|\n|-weather|SunnyDay|[upkeep]\n|upkeep\n|turn|17\n|\n|t:|1700940288\n|switch|p1a: Corviknight|Corviknight, M|77\/100\n|-ability|p1a: Corviknight|Pressure\n|move|p2a: Landorus|Earthquake|p1a: Corviknight\n|-immune|p1a: Corviknight\n|\n|-weather|SunnyDay|[upkeep]\n|upkeep\n|turn|18\n|\n|t:|1700940291\n|move|p2a: Landorus|Stealth Rock|p1a: Corviknight\n|-sidestart|p1: PWA Wright|move: Stealth Rock\n|move|p1a: Corviknight|Defog|p2a: Landorus\n|-unboost|p2a: Landorus|evasion|1\n|-sideend|p1: PWA Wright|Stealth Rock|[from] move: Defog|[of] p1a: Corviknight\n|\n|-weather|none\n|upkeep\n|turn|19\n|\n|t:|1700940294\n|move|p2a: Landorus|Stealth Rock|p1a: Corviknight\n|-sidestart|p1: PWA Wright|move: Stealth Rock\n|move|p1a: Corviknight|Defog|p2a: Landorus\n|-unboost|p2a: Landorus|evasion|1\n|-sideend|p1: PWA Wright|Stealth Rock|[from] move: Defog|[of] p1a: Corviknight\n|\n|upkeep\n|turn|20\n|\n|t:|1700940297\n|move|p2a: Landorus|Stealth Rock|p1a: Corviknight\n|-sidestart|p1: PWA Wright|move: Stealth Rock\n|move|p1a: Corviknight|Defog|p2a: Landorus\n|-unboost|p2a: Landorus|evasion|1\n|-sideend|p1: PWA Wright|Stealth Rock|[from] move: Defog|[of] p1a: Corviknight\n|\n|upkeep\n|turn|21\n|\n|t:|1700940301\n|move|p2a: Landorus|Stealth Rock|p1a: Corviknight\n|-sidestart|p1: PWA Wright|move: Stealth Rock\n|move|p1a: Corviknight|Defog|p2a: Landorus\n|-unboost|p2a: Landorus|evasion|1\n|-sideend|p1: PWA Wright|Stealth Rock|[from] move: Defog|[of] p1a: Corviknight\n|\n|upkeep\n|turn|22\n|\n|t:|1700940306\n|move|p2a: Landorus|Stealth Rock|p1a: Corviknight\n|-sidestart|p1: PWA Wright|move: Stealth Rock\n|move|p1a: Corviknight|Defog|p2a: Landorus\n|-unboost|p2a: Landorus|evasion|1\n|-sideend|p1: PWA Wright|Stealth Rock|[from] move: Defog|[of] p1a: Corviknight\n|\n|upkeep\n|turn|23\n|\n|t:|1700940309\n|switch|p2a: Tapu Koko|Tapu Koko|79\/100\n|-fieldstart|move: Electric Terrain|[from] ability: Electric Surge|[of] p2a: Tapu Koko\n|move|p1a: Corviknight|Defog|p2a: Tapu Koko\n|-unboost|p2a: Tapu Koko|evasion|1\n|-fieldend|move: Electric Terrain\n|\n|upkeep\n|turn|24\n|\n|t:|1700940312\n|switch|p1a: Clodsire|Clodsire, F|84\/100\n|move|p2a: Tapu Koko|Volt Switch|p1a: Clodsire\n|-immune|p1a: Clodsire\n|\n|upkeep\n|turn|25\n|\n|t:|1700940320\n|switch|p2a: Ferrothorn|Ferrothorn, F, tera:Fire|76\/100\n|move|p1a: Clodsire|Toxic|p2a: Ferrothorn\n|-status|p2a: Ferrothorn|tox\n|\n|-heal|p2a: Ferrothorn|82\/100 tox|[from] item: Leftovers\n|-damage|p2a: Ferrothorn|76\/100 tox|[from] psn\n|upkeep\n|turn|26\n|\n|t:|1700940327\n|switch|p1a: Garchomp|Garchomp, M|100\/100\n|move|p2a: Ferrothorn|Leech Seed|p1a: Garchomp\n|-start|p1a: Garchomp|move: Leech Seed\n|\n|-heal|p2a: Ferrothorn|82\/100 tox|[from] item: Leftovers\n|-damage|p1a: Garchomp|88\/100|[from] Leech Seed|[of] p2a: Ferrothorn\n|-heal|p2a: Ferrothorn|95\/100 tox|[silent]\n|-damage|p2a: Ferrothorn|83\/100 tox|[from] psn\n|upkeep\n|turn|27\n|\n|t:|1700940335\n|switch|p2a: Landorus|Landorus-Therian, M|76\/100\n|-ability|p2a: Landorus|Intimidate|boost\n|-unboost|p1a: Garchomp|atk|1\n|move|p1a: Garchomp|Earthquake|p2a: Landorus\n|-immune|p2a: Landorus\n|\n|-damage|p1a: Garchomp|76\/100|[from] Leech Seed|[of] p2a: Landorus\n|-heal|p2a: Landorus|88\/100|[silent]\n|upkeep\n|turn|28\n|\n|t:|1700940344\n|switch|p1a: Corviknight|Corviknight, M|77\/100\n|-ability|p1a: Corviknight|Pressure\n|move|p2a: Landorus|Stealth Rock|p1a: Corviknight\n|-sidestart|p1: PWA Wright|move: Stealth Rock\n|\n|upkeep\n|turn|29\n|\n|t:|1700940347\n|switch|p2a: Ferrothorn|Ferrothorn, F, tera:Fire|83\/100 tox\n|move|p1a: Corviknight|Defog|p2a: Ferrothorn\n|-unboost|p2a: Ferrothorn|evasion|1\n|-sideend|p1: PWA Wright|Stealth Rock|[from] move: Defog|[of] p1a: Corviknight\n|\n|-heal|p2a: Ferrothorn|89\/100 tox|[from] item: Leftovers\n|-damage|p2a: Ferrothorn|83\/100 tox|[from] psn\n|upkeep\n|turn|30\n|\n|t:|1700940354\n|switch|p1a: Garchomp|Garchomp, M|76\/100\n|move|p2a: Ferrothorn|Leech Seed|p1a: Garchomp\n|-start|p1a: Garchomp|move: Leech Seed\n|\n|-heal|p2a: Ferrothorn|89\/100 tox|[from] item: Leftovers\n|-damage|p1a: Garchomp|64\/100|[from] Leech Seed|[of] p2a: Ferrothorn\n|-heal|p2a: Ferrothorn|100\/100 tox|[silent]\n|-damage|p2a: Ferrothorn|89\/100 tox|[from] psn\n|upkeep\n|turn|31\n|\n|t:|1700940358\n|move|p1a: Garchomp|Scale Shot|p2a: Ferrothorn\n|-damage|p2a: Ferrothorn|79\/100 tox\n|-damage|p2a: Ferrothorn|68\/100 tox\n|-damage|p2a: Ferrothorn|58\/100 tox\n|-crit|p2a: Ferrothorn\n|-damage|p2a: Ferrothorn|41\/100 tox\n|-damage|p2a: Ferrothorn|31\/100 tox\n|-hitcount|p2a: Ferrothorn|5\n|-unboost|p1a: Garchomp|def|1\n|-boost|p1a: Garchomp|spe|1\n|move|p2a: Ferrothorn|Knock Off|p1a: Garchomp\n|-damage|p1a: Garchomp|29\/100\n|-damage|p2a: Ferrothorn|19\/100 tox|[from] ability: Rough Skin|[of] p1a: Garchomp\n|-enditem|p1a: Garchomp|Loaded Dice|[from] move: Knock Off|[of] p2a: Ferrothorn\n|\n|-heal|p2a: Ferrothorn|25\/100 tox|[from] item: Leftovers\n|-damage|p1a: Garchomp|17\/100|[from] Leech Seed|[of] p2a: Ferrothorn\n|-heal|p2a: Ferrothorn|37\/100 tox|[silent]\n|-damage|p2a: Ferrothorn|19\/100 tox|[from] psn\n|upkeep\n|turn|32\n|\n|t:|1700940375\n|switch|p2a: Landorus|Landorus-Therian, M|88\/100\n|-ability|p2a: Landorus|Intimidate|boost\n|-unboost|p1a: Garchomp|atk|1\n|move|p1a: Garchomp|Scale Shot|p2a: Landorus\n|-damage|p2a: Landorus|81\/100\n|-damage|p2a: Landorus|76\/100\n|-hitcount|p2a: Landorus|2\n|-unboost|p1a: Garchomp|def|1\n|-boost|p1a: Garchomp|spe|1\n|\n|-damage|p1a: Garchomp|4\/100|[from] Leech Seed|[of] p2a: Landorus\n|-heal|p2a: Landorus|87\/100|[silent]\n|upkeep\n|turn|33\n|\n|t:|1700940380\n|switch|p1a: Corviknight|Corviknight, M|77\/100\n|-ability|p1a: Corviknight|Pressure\n|move|p2a: Landorus|U-turn|p1a: Corviknight\n|-resisted|p1a: Corviknight\n|-damage|p1a: Corviknight|73\/100\n|-damage|p2a: Landorus|71\/100|[from] item: Rocky Helmet|[of] p1a: Corviknight\n|\n|t:|1700940383\n|switch|p2a: Tapu Koko|Tapu Koko|79\/100|[from] U-turn\n|-fieldstart|move: Electric Terrain|[from] ability: Electric Surge|[of] p2a: Tapu Koko\n|\n|upkeep\n|turn|34\n|\n|t:|1700940385\n|switch|p1a: Clodsire|Clodsire, F|84\/100\n|move|p2a: Tapu Koko|Hidden Power|p1a: Clodsire\n|-supereffective|p1a: Clodsire\n|-damage|p1a: Clodsire|58\/100\n|\n|upkeep\n|turn|35\n|\n|t:|1700940392\n|switch|p2a: Ferrothorn|Ferrothorn, F, tera:Fire|19\/100 tox\n|move|p1a: Clodsire|Toxic|p2a: Ferrothorn\n|-fail|p2a: Ferrothorn|tox\n|\n|-heal|p2a: Ferrothorn|25\/100 tox|[from] item: Leftovers\n|-damage|p2a: Ferrothorn|19\/100 tox|[from] psn\n|upkeep\n|turn|36\n|\n|t:|1700940396\n|move|p1a: Clodsire|Earthquake|p2a: Ferrothorn\n|-supereffective|p2a: Ferrothorn\n|-crit|p2a: Ferrothorn\n|-damage|p2a: Ferrothorn|0 fnt\n|faint|p2a: Ferrothorn\n|\n|upkeep\n|\n|t:|1700940400\n|switch|p2a: Landorus|Landorus-Therian, M|71\/100\n|-ability|p2a: Landorus|Intimidate|boost\n|-unboost|p1a: Clodsire|atk|1\n|turn|37\n|\n|t:|1700940404\n|switch|p1a: Corviknight|Corviknight, M|73\/100\n|-ability|p1a: Corviknight|Pressure\n|move|p2a: Landorus|U-turn|p1a: Corviknight\n|-resisted|p1a: Corviknight\n|-damage|p1a: Corviknight|70\/100\n|-damage|p2a: Landorus|54\/100|[from] item: Rocky Helmet|[of] p1a: Corviknight\n|\n|t:|1700940409\n|switch|p2a: Manaphy|Manaphy|100\/100|[from] U-turn\n|\n|-fieldend|move: Electric Terrain\n|upkeep\n|turn|38\n|\n|t:|1700940415\n|move|p2a: Manaphy|Tail Glow|p2a: Manaphy\n|-boost|p2a: Manaphy|spa|3\n|move|p1a: Corviknight|U-turn|p2a: Manaphy\n|-damage|p2a: Manaphy|86\/100\n|\n|t:|1700940418\n|switch|p1a: Dondozo|Dondozo, M|100\/100|[from] U-turn\n|\n|-heal|p2a: Manaphy|93\/100|[from] item: Leftovers\n|upkeep\n|turn|39\n|\n|t:|1700940449\n|-terastallize|p1a: Dondozo|Ghost\n|move|p2a: Manaphy|Acid Armor|p2a: Manaphy\n|-boost|p2a: Manaphy|def|2\n|move|p1a: Dondozo|Curse|p2a: Manaphy\n|-start|p2a: Manaphy|Curse|[of] p1a: Dondozo\n|-damage|p1a: Dondozo|51\/100\n|\n|-heal|p2a: Manaphy|99\/100|[from] item: Leftovers\n|-damage|p2a: Manaphy|74\/100|[from] Curse\n|upkeep\n|turn|40\n|\n|t:|1700940459\n|move|p2a: Manaphy|Stored Power|p1a: Dondozo\n|-damage|p1a: Dondozo|16\/100\n|move|p1a: Dondozo|Rest|p1a: Dondozo\n|-status|p1a: Dondozo|slp|[from] move: Rest\n|-heal|p1a: Dondozo|100\/100 slp|[silent]\n|\n|-heal|p2a: Manaphy|80\/100|[from] item: Leftovers\n|-damage|p2a: Manaphy|55\/100|[from] Curse\n|upkeep\n|turn|41\n|\n|t:|1700940465\n|switch|p2a: Lopunny|Lopunny-Mega, F|61\/100\n|switch|p1a: Tyranitar|Tyranitar, F|100\/100\n|-weather|Sandstorm|[from] ability: Sand Stream|[of] p1a: Tyranitar\n|\n|-weather|Sandstorm|[upkeep]\n|-damage|p2a: Lopunny|55\/100|[from] Sandstorm\n|upkeep\n|turn|42\n|\n|t:|1700940472\n|switch|p1a: Dondozo|Dondozo, M, tera:Ghost|100\/100 slp\n|move|p2a: Lopunny|Close Combat|p1a: Dondozo\n|-damage|p1a: Dondozo|72\/100 slp\n|-unboost|p2a: Lopunny|def|1\n|-unboost|p2a: Lopunny|spd|1\n|-damage|p2a: Lopunny|39\/100|[from] item: Rocky Helmet|[of] p1a: Dondozo\n|\n|-weather|Sandstorm|[upkeep]\n|-damage|p2a: Lopunny|33\/100|[from] Sandstorm\n|-damage|p1a: Dondozo|66\/100 slp|[from] Sandstorm\n|upkeep\n|turn|43\n|\n|t:|1700940481\n|switch|p2a: Tapu Koko|Tapu Koko|79\/100\n|-fieldstart|move: Electric Terrain|[from] ability: Electric Surge|[of] p2a: Tapu Koko\n|switch|p1a: Garchomp|Garchomp, M|4\/100\n|\n|-weather|Sandstorm|[upkeep]\n|-damage|p2a: Tapu Koko|73\/100|[from] Sandstorm\n|upkeep\n|turn|44\n|\n|t:|1700940490\n|switch|p1a: Tyranitar|Tyranitar, F|100\/100\n|move|p2a: Tapu Koko|Hidden Power|p1a: Tyranitar\n|-damage|p1a: Tyranitar|94\/100\n|\n|-weather|Sandstorm|[upkeep]\n|-damage|p2a: Tapu Koko|67\/100|[from] Sandstorm\n|upkeep\n|turn|45\n|\n|t:|1700940499\n|-activate|p2a: Tapu Koko|move: Pursuit\n|move|p1a: Tyranitar|Pursuit|p2a: Tapu Koko|[from]Pursuit\n|-resisted|p2a: Tapu Koko\n|-damage|p2a: Tapu Koko|43\/100\n|switch|p2a: Landorus|Landorus-Therian, M|54\/100\n|-ability|p2a: Landorus|Intimidate|boost\n|-unboost|p1a: Tyranitar|atk|1\n|\n|-weather|none\n|upkeep\n|turn|46\n|\n|t:|1700940504\n|switch|p1a: Corviknight|Corviknight, M|70\/100\n|-ability|p1a: Corviknight|Pressure\n|move|p2a: Landorus|Stealth Rock|p1a: Corviknight\n|-sidestart|p1: PWA Wright|move: Stealth Rock\n|\n|upkeep\n|turn|47\n|\n|t:|1700940511\n|switch|p2a: Tapu Koko|Tapu Koko|43\/100\n|move|p1a: Corviknight|Defog|p2a: Tapu Koko\n|-unboost|p2a: Tapu Koko|evasion|1\n|-sideend|p1: PWA Wright|Stealth Rock|[from] move: Defog|[of] p1a: Corviknight\n|-fieldend|move: Electric Terrain\n|\n|upkeep\n|turn|48\n|\n|t:|1700940523\n|switch|p2a: Landorus|Landorus-Therian, M|54\/100\n|-ability|p2a: Landorus|Intimidate|boost\n|-unboost|p1a: Corviknight|atk|1\n|switch|p1a: Garchomp|Garchomp, M|4\/100\n|\n|upkeep\n|turn|49\n|inactive|Battle timer is ON: inactive players will automatically lose when time's up. (requested by logdropper11)\n|\n|t:|1700940533\n|switch|p1a: Corviknight|Corviknight, M|70\/100\n|-ability|p1a: Corviknight|Pressure\n|switch|p2a: Tapu Koko|Tapu Koko|43\/100\n|-fieldstart|move: Electric Terrain|[from] ability: Electric Surge|[of] p2a: Tapu Koko\n|\n|upkeep\n|turn|50\n|\n|t:|1700940540\n|switch|p1a: Tyranitar|Tyranitar, F|94\/100\n|-weather|Sandstorm|[from] ability: Sand Stream|[of] p1a: Tyranitar\n|move|p2a: Tapu Koko|Volt Switch|p1a: Tyranitar\n|-damage|p1a: Tyranitar|78\/100\n|\n|t:|1700940551\n|switch|p2a: Lopunny|Lopunny-Mega, F|33\/100|[from] Volt Switch\n|\n|-weather|Sandstorm|[upkeep]\n|-damage|p2a: Lopunny|27\/100|[from] Sandstorm\n|upkeep\n|turn|51\n|\n|t:|1700940560\n|switch|p2a: Landorus|Landorus-Therian, M|54\/100\n|-ability|p2a: Landorus|Intimidate|boost\n|-unboost|p1a: Tyranitar|atk|1\n|switch|p1a: Corviknight|Corviknight, M|70\/100\n|-ability|p1a: Corviknight|Pressure\n|\n|-weather|Sandstorm|[upkeep]\n|upkeep\n|turn|52\n|\n|t:|1700940567\n|move|p2a: Landorus|Stealth Rock|p1a: Corviknight\n|-sidestart|p1: PWA Wright|move: Stealth Rock\n|move|p1a: Corviknight|Body Press|p2a: Landorus\n|-resisted|p2a: Landorus\n|-damage|p2a: Landorus|45\/100\n|-damage|p1a: Corviknight|54\/100|[from] item: Rocky Helmet|[of] p2a: Landorus\n|\n|-weather|Sandstorm|[upkeep]\n|upkeep\n|turn|53\n|\n|t:|1700940579\n|move|p2a: Landorus|Earthquake|p1a: Corviknight\n|-immune|p1a: Corviknight\n|move|p1a: Corviknight|Defog|p2a: Landorus\n|-unboost|p2a: Landorus|evasion|1\n|-sideend|p1: PWA Wright|Stealth Rock|[from] move: Defog|[of] p1a: Corviknight\n|-fieldend|move: Electric Terrain\n|\n|-weather|Sandstorm|[upkeep]\n|upkeep\n|turn|54\n|\n|t:|1700940588\n|move|p2a: Landorus|Stealth Rock|p1a: Corviknight\n|-sidestart|p1: PWA Wright|move: Stealth Rock\n|move|p1a: Corviknight|Roost|p1a: Corviknight\n|-heal|p1a: Corviknight|100\/100\n|-singleturn|p1a: Corviknight|move: Roost\n|\n|-weather|none\n|upkeep\n|turn|55\n|\n|t:|1700940591\n|switch|p2a: Tapu Koko|Tapu Koko|43\/100\n|-fieldstart|move: Electric Terrain|[from] ability: Electric Surge|[of] p2a: Tapu Koko\n|move|p1a: Corviknight|Defog|p2a: Tapu Koko\n|-unboost|p2a: Tapu Koko|evasion|1\n|-sideend|p1: PWA Wright|Stealth Rock|[from] move: Defog|[of] p1a: Corviknight\n|-fieldend|move: Electric Terrain\n|\n|upkeep\n|turn|56\n|\n|t:|1700940604\n|switch|p1a: Clodsire|Clodsire, F|58\/100\n|move|p2a: Tapu Koko|Hidden Power|p1a: Clodsire\n|-supereffective|p1a: Clodsire\n|-damage|p1a: Clodsire|29\/100\n|\n|upkeep\n|turn|57\n|\n|t:|1700940617\n|switch|p2a: Landorus|Landorus-Therian, M|45\/100\n|-ability|p2a: Landorus|Intimidate|boost\n|-unboost|p1a: Clodsire|atk|1\n|move|p1a: Clodsire|Recover|p1a: Clodsire\n|-heal|p1a: Clodsire|80\/100\n|\n|upkeep\n|turn|58\n|\n|t:|1700940624\n|switch|p1a: Corviknight|Corviknight, M|100\/100\n|-ability|p1a: Corviknight|Pressure\n|move|p2a: Landorus|Earthquake|p1a: Corviknight\n|-immune|p1a: Corviknight\n|\n|upkeep\n|turn|59\n|\n|t:|1700940633\n|move|p2a: Landorus|Stealth Rock|p1a: Corviknight\n|-sidestart|p1: PWA Wright|move: Stealth Rock\n|move|p1a: Corviknight|Body Press|p2a: Landorus\n|-resisted|p2a: Landorus\n|-damage|p2a: Landorus|36\/100\n|-damage|p1a: Corviknight|84\/100|[from] item: Rocky Helmet|[of] p2a: Landorus\n|\n|upkeep\n|turn|60\n|\n|t:|1700940641\n|switch|p2a: Tapu Koko|Tapu Koko|43\/100\n|-fieldstart|move: Electric Terrain|[from] ability: Electric Surge|[of] p2a: Tapu Koko\n|move|p1a: Corviknight|Defog|p2a: Tapu Koko\n|-unboost|p2a: Tapu Koko|evasion|1\n|-sideend|p1: PWA Wright|Stealth Rock|[from] move: Defog|[of] p1a: Corviknight\n|-fieldend|move: Electric Terrain\n|\n|upkeep\n|turn|61\n|\n|t:|1700940651\n|switch|p1a: Clodsire|Clodsire, F|80\/100\n|move|p2a: Tapu Koko|Hidden Power|p1a: Clodsire\n|-supereffective|p1a: Clodsire\n|-damage|p1a: Clodsire|54\/100\n|\n|upkeep\n|turn|62\n|\n|t:|1700940656\n|move|p2a: Tapu Koko|Hidden Power|p1a: Clodsire\n|-supereffective|p1a: Clodsire\n|-damage|p1a: Clodsire|25\/100\n|move|p1a: Clodsire|Toxic|p2a: Tapu Koko\n|-status|p2a: Tapu Koko|tox\n|\n|-damage|p2a: Tapu Koko|37\/100 tox|[from] psn\n|upkeep\n|turn|63\n|\n|t:|1700940660\n|switch|p1a: Tyranitar|Tyranitar, F|78\/100\n|-weather|Sandstorm|[from] ability: Sand Stream|[of] p1a: Tyranitar\n|move|p2a: Tapu Koko|Hidden Power|p1a: Tyranitar\n|-damage|p1a: Tyranitar|72\/100\n|\n|-weather|Sandstorm|[upkeep]\n|-damage|p2a: Tapu Koko|31\/100 tox|[from] Sandstorm\n|-damage|p2a: Tapu Koko|19\/100 tox|[from] psn\n|upkeep\n|turn|64\n|\n|t:|1700940664\n|-activate|p2a: Tapu Koko|move: Pursuit\n|move|p1a: Tyranitar|Pursuit|p2a: Tapu Koko|[from]Pursuit\n|-resisted|p2a: Tapu Koko\n|-damage|p2a: Tapu Koko|0 fnt\n|faint|p2a: Tapu Koko\n|-hint|A Pokemon can't switch between when it runs out of HP and when it faints\n|\n|-weather|Sandstorm|[upkeep]\n|upkeep\n|\n|t:|1700940666\n|switch|p2a: Lopunny|Lopunny-Mega, F|27\/100\n|turn|65\n|\n|t:|1700940687\n|switch|p2a: Manaphy|Manaphy|55\/100\n|switch|p1a: Corviknight|Corviknight, M|84\/100\n|-ability|p1a: Corviknight|Pressure\n|\n|-weather|Sandstorm|[upkeep]\n|-damage|p2a: Manaphy|49\/100|[from] Sandstorm\n|-heal|p2a: Manaphy|55\/100|[from] item: Leftovers\n|upkeep\n|turn|66\n|\n|t:|1700940693\n|move|p2a: Manaphy|Acid Armor|p2a: Manaphy\n|-boost|p2a: Manaphy|def|2\n|move|p1a: Corviknight|U-turn|p2a: Manaphy\n|-damage|p2a: Manaphy|47\/100\n|\n|t:|1700940699\n|switch|p1a: Clodsire|Clodsire, F|25\/100|[from] U-turn\n|\n|-weather|Sandstorm|[upkeep]\n|-damage|p2a: Manaphy|41\/100|[from] Sandstorm\n|-heal|p2a: Manaphy|47\/100|[from] item: Leftovers\n|upkeep\n|turn|67\n|\n|t:|1700940704\n|move|p2a: Manaphy|Stored Power|p1a: Clodsire\n|-supereffective|p1a: Clodsire\n|-damage|p1a: Clodsire|6\/100\n|move|p1a: Clodsire|Toxic|p2a: Manaphy\n|-status|p2a: Manaphy|tox\n|\n|-weather|none\n|-heal|p2a: Manaphy|54\/100 tox|[from] item: Leftovers\n|-damage|p2a: Manaphy|47\/100 tox|[from] psn\n|upkeep\n|turn|68\n|-message|logdropper11 forfeited.\n|\n|win|PWA Wright\n|raw|PWA Wright's rating: 1691 &rarr; <strong>1708<\/strong><br \/>(+17 for winning)\n|raw|logdropper11's rating: 1630 &rarr; <strong>1613<\/strong><br \/>(-17 for losing)\n|l|\u2606logdropper11\n|c|\u2606PWA Wright|:)\n","uploadtime":1700940715,"views":2,"p1id":"pwawright","p2id":"logdropper11","formatid":"gen9nationaldex","rating":1613,"private":0,"password":""}