{"id":"gen9nationaldex-1988825643","p1":"joetan","p2":"ABCDialzza","format":"[Gen 9] National Dex","log":"|j|\u2606joetan\n|j|\u2606ABCDialzza\n|t:|1699768919\n|gametype|singles\n|player|p1|joetan|1|1331\n|player|p2|ABCDialzza|102|1260\n|teamsize|p1|6\n|teamsize|p2|6\n|gen|9\n|tier|[Gen 9] National Dex\n|rated|\n|rule|HP Percentage Mod: HP is shown in percentages\n|rule|Endless Battle Clause: Forcing endless battles is banned\n|rule|OHKO Clause: OHKO moves are banned\n|rule|Evasion Clause: Evasion abilities, items, and moves are banned\n|rule|Evasion Abilities Clause: Evasion abilities are banned\n|rule|Evasion Items Clause: Evasion items are banned\n|rule|Evasion Moves Clause: Evasion moves are banned\n|rule|Species Clause: Limit one of each Pok\u00e9mon\n|rule|Sleep Clause Mod: Limit one foe put to sleep\n|clearpoke\n|poke|p1|Ogerpon-Wellspring, F|\n|poke|p1|Gardevoir, M|\n|poke|p1|Grimmsnarl, M|\n|poke|p1|Gengar, M|\n|poke|p1|Rabsca, F|\n|poke|p1|Hitmonlee, M|\n|poke|p2|Great Tusk|\n|poke|p2|Ogerpon-Wellspring, F|\n|poke|p2|Tornadus-Therian, M|\n|poke|p2|Skeledirge, M|\n|poke|p2|Ninetales-Alola, F|\n|poke|p2|Garganacl, M|\n|teampreview\n|\n|t:|1699768935\n|start\n|switch|p1a: Gengar|Gengar, M|100\/100\n|switch|p2a: Ogerpon|Ogerpon-Wellspring, F|100\/100\n|turn|1\n|\n|t:|1699768946\n|move|p2a: Ogerpon|Ivy Cudgel|p1a: Gengar\n|-enditem|p1a: Gengar|Focus Sash\n|-damage|p1a: Gengar|1\/100\n|move|p1a: Gengar|Sludge Wave|p2a: Ogerpon\n|-supereffective|p2a: Ogerpon\n|-damage|p2a: Ogerpon|0 fnt\n|faint|p2a: Ogerpon\n|\n|upkeep\n|\n|t:|1699768965\n|switch|p2a: Great Tusk|Great Tusk|100\/100\n|-enditem|p2a: Great Tusk|Booster Energy\n|-activate|p2a: Great Tusk|ability: Protosynthesis|[fromitem]\n|-start|p2a: Great Tusk|protosynthesisspe\n|turn|2\n|\n|t:|1699768970\n|move|p2a: Great Tusk|Headlong Rush|p1a: Gengar\n|-supereffective|p1a: Gengar\n|-damage|p1a: Gengar|0 fnt\n|-unboost|p2a: Great Tusk|def|1\n|-unboost|p2a: Great Tusk|spd|1\n|-start|p2a: Great Tusk|Disable|Headlong Rush|[from] ability: Cursed Body|[of] p1a: Gengar\n|faint|p1a: Gengar\n|\n|upkeep\n|inactive|Battle timer is ON: inactive players will automatically lose when time's up. (requested by ABCDialzza)\n|inactive|joetan has 120 seconds left.\n|\n|t:|1699769026\n|switch|p1a: Grimmsnarl|Grimmsnarl, M|100\/100\n|turn|3\n|\n|t:|1699769033\n|move|p1a: Grimmsnarl|Parting Shot|p2a: Great Tusk\n|-unboost|p2a: Great Tusk|atk|1\n|-unboost|p2a: Great Tusk|spa|1\n|\n|t:|1699769053\n|switch|p1a: Rabsca|Rabsca, F|100\/100|[from] Parting Shot\n|move|p2a: Great Tusk|Close Combat|p1a: Rabsca\n|-resisted|p1a: Rabsca\n|-crit|p1a: Rabsca\n|-damage|p1a: Rabsca|86\/100\n|-unboost|p2a: Great Tusk|def|1\n|-unboost|p2a: Great Tusk|spd|1\n|\n|upkeep\n|turn|4\n|\n|t:|1699769061\n|move|p2a: Great Tusk|Bulk Up|p2a: Great Tusk\n|-boost|p2a: Great Tusk|atk|1\n|-boost|p2a: Great Tusk|def|1\n|move|p1a: Rabsca|Calm Mind|p1a: Rabsca\n|-boost|p1a: Rabsca|spa|1\n|-boost|p1a: Rabsca|spd|1\n|\n|upkeep\n|turn|5\n|\n|t:|1699769068\n|move|p2a: Great Tusk|Bulk Up|p2a: Great Tusk\n|-boost|p2a: Great Tusk|atk|1\n|-boost|p2a: Great Tusk|def|1\n|move|p1a: Rabsca|Calm Mind|p1a: Rabsca\n|-boost|p1a: Rabsca|spa|1\n|-boost|p1a: Rabsca|spd|1\n|\n|-end|p2a: Great Tusk|Disable\n|upkeep\n|turn|6\n|\n|t:|1699769081\n|move|p2a: Great Tusk|Stone Edge|p1a: Rabsca\n|-supereffective|p1a: Rabsca\n|-damage|p1a: Rabsca|19\/100\n|move|p1a: Rabsca|Stored Power|p2a: Great Tusk\n|-supereffective|p2a: Great Tusk\n|-damage|p2a: Great Tusk|0 fnt\n|faint|p2a: Great Tusk\n|-end|p2a: Great Tusk|Protosynthesis|[silent]\n|\n|upkeep\n|\n|t:|1699769104\n|switch|p2a: Tornadus|Tornadus-Therian, M|100\/100\n|turn|7\n|\n|t:|1699769116\n|move|p2a: Tornadus|Knock Off|p1a: Rabsca\n|-supereffective|p1a: Rabsca\n|-damage|p1a: Rabsca|0 fnt\n|-enditem|p1a: Rabsca|Heavy-Duty Boots|[from] move: Knock Off|[of] p2a: Tornadus\n|faint|p1a: Rabsca\n|\n|upkeep\n|\n|t:|1699769132\n|switch|p1a: Grimmsnarl|Grimmsnarl, M|100\/100\n|turn|8\n|inactive|ABCDialzza has 120 seconds left.\n|\n|t:|1699769152\n|move|p1a: Grimmsnarl|Reflect|p1a: Grimmsnarl\n|-sidestart|p1: joetan|Reflect\n|move|p2a: Tornadus|Knock Off|p1a: Grimmsnarl\n|-resisted|p1a: Grimmsnarl\n|-damage|p1a: Grimmsnarl|96\/100\n|-enditem|p1a: Grimmsnarl|Light Clay|[from] move: Knock Off|[of] p2a: Tornadus\n|\n|upkeep\n|turn|9\n|\n|t:|1699769158\n|move|p1a: Grimmsnarl|Light Screen|p1a: Grimmsnarl\n|-sidestart|p1: joetan|move: Light Screen\n|move|p2a: Tornadus|U-turn|p1a: Grimmsnarl\n|-damage|p1a: Grimmsnarl|82\/100\n|\n|t:|1699769162\n|switch|p2a: Garganacl|Garganacl, M|100\/100|[from] U-turn\n|\n|upkeep\n|turn|10\n|\n|t:|1699769167\n|move|p1a: Grimmsnarl|Parting Shot|p2a: Garganacl\n|-unboost|p2a: Garganacl|atk|1\n|-unboost|p2a: Garganacl|spa|1\n|\n|t:|1699769175\n|switch|p1a: Ogerpon|Ogerpon-Wellspring, F|100\/100|[from] Parting Shot\n|move|p2a: Garganacl|Salt Cure|p1a: Ogerpon\n|-damage|p1a: Ogerpon|95\/100\n|-start|p1a: Ogerpon|Salt Cure\n|\n|-damage|p1a: Ogerpon|70\/100|[from] Salt Cure\n|upkeep\n|turn|11\n|\n|t:|1699769188\n|switch|p1a: Gardevoir|Gardevoir, M|100\/100\n|move|p2a: Garganacl|Protect||[still]\n|-fail|p2a: Garganacl\n|\n|upkeep\n|turn|12\n|\n|t:|1699769203\n|detailschange|p1a: Gardevoir|Gardevoir-Mega, M\n|-mega|p1a: Gardevoir|Gardevoir|Gardevoirite\n|move|p1a: Gardevoir|Hyper Voice|p2a: Garganacl\n|-damage|p2a: Garganacl|56\/100\n|move|p2a: Garganacl|Salt Cure|p1a: Gardevoir\n|-damage|p1a: Gardevoir|93\/100\n|-start|p1a: Gardevoir|Salt Cure\n|\n|-heal|p2a: Garganacl|63\/100|[from] item: Leftovers\n|-damage|p1a: Gardevoir|81\/100|[from] Salt Cure\n|upkeep\n|turn|13\n|\n|t:|1699769217\n|move|p1a: Gardevoir|Calm Mind|p1a: Gardevoir\n|-boost|p1a: Gardevoir|spa|1\n|-boost|p1a: Gardevoir|spd|1\n|move|p2a: Garganacl|Recover|p2a: Garganacl\n|-heal|p2a: Garganacl|100\/100\n|\n|-damage|p1a: Gardevoir|68\/100|[from] Salt Cure\n|-sideend|p1: joetan|move: Light Screen\n|upkeep\n|turn|14\n|inactive|ABCDialzza has 120 seconds left.\n|inactive|ABCDialzza has 90 seconds left.\n|inactive|ABCDialzza has 60 seconds left.\n|inactive|ABCDialzza has 30 seconds left.\n|inactive|ABCDialzza has 20 seconds left.\n|\n|t:|1699769352\n|-terastallize|p2a: Garganacl|Ghost\n|move|p1a: Gardevoir|Hyper Voice|p2a: Garganacl\n|-damage|p2a: Garganacl|39\/100\n|move|p2a: Garganacl|Salt Cure|p1a: Gardevoir\n|-damage|p1a: Gardevoir|60\/100\n|\n|-heal|p2a: Garganacl|46\/100|[from] item: Leftovers\n|-damage|p1a: Gardevoir|48\/100|[from] Salt Cure\n|upkeep\n|turn|15\n|inactive|ABCDialzza has 30 seconds left this turn.\n|\n|t:|1699769361\n|move|p2a: Garganacl|Protect|p2a: Garganacl\n|-singleturn|p2a: Garganacl|Protect\n|move|p1a: Gardevoir|Hyper Voice|p2a: Garganacl\n|-activate|p2a: Garganacl|move: Protect\n|\n|-heal|p2a: Garganacl|52\/100|[from] item: Leftovers\n|-damage|p1a: Gardevoir|36\/100|[from] Salt Cure\n|-sideend|p1: joetan|Reflect\n|upkeep\n|turn|16\n|inactive|ABCDialzza has 30 seconds left.\n|\n|t:|1699769370\n|move|p1a: Gardevoir|Hyper Voice|p2a: Garganacl\n|-damage|p2a: Garganacl|0 fnt\n|faint|p2a: Garganacl\n|\n|-damage|p1a: Gardevoir|23\/100|[from] Salt Cure\n|upkeep\n|inactive|ABCDialzza has 30 seconds left.\n|\n|t:|1699769380\n|switch|p2a: Skeledirge|Skeledirge, M|100\/100\n|turn|17\n|inactive|ABCDialzza has 30 seconds left.\n|\n|t:|1699769393\n|switch|p1a: Grimmsnarl|Grimmsnarl, M|82\/100\n|move|p2a: Skeledirge|Torch Song|p1a: Grimmsnarl\n|-damage|p1a: Grimmsnarl|60\/100\n|-boost|p2a: Skeledirge|spa|1\n|\n|upkeep\n|turn|18\n|\n|t:|1699769402\n|move|p1a: Grimmsnarl|Light Screen|p1a: Grimmsnarl\n|-sidestart|p1: joetan|move: Light Screen\n|move|p2a: Skeledirge|Torch Song|p1a: Grimmsnarl\n|-damage|p1a: Grimmsnarl|42\/100\n|-boost|p2a: Skeledirge|spa|1\n|\n|upkeep\n|turn|19\n|\n|t:|1699769412\n|move|p1a: Grimmsnarl|Parting Shot|p2a: Skeledirge\n|-unboost|p2a: Skeledirge|atk|1\n|-unboost|p2a: Skeledirge|spa|1\n|\n|t:|1699769415\n|switch|p1a: Hitmonlee|Hitmonlee, M|100\/100|[from] Parting Shot\n|move|p2a: Skeledirge|Torch Song|p1a: Hitmonlee\n|-damage|p1a: Hitmonlee|69\/100\n|-boost|p2a: Skeledirge|spa|1\n|\n|upkeep\n|turn|20\n|\n|t:|1699769423\n|move|p1a: Hitmonlee|Curse|p1a: Hitmonlee\n|-unboost|p1a: Hitmonlee|spe|1\n|-boost|p1a: Hitmonlee|atk|1\n|-boost|p1a: Hitmonlee|def|1\n|-enditem|p1a: Hitmonlee|White Herb\n|-clearnegativeboost|p1a: Hitmonlee|[silent]\n|move|p2a: Skeledirge|Will-O-Wisp|p1a: Hitmonlee|[miss]\n|-miss|p2a: Skeledirge|p1a: Hitmonlee\n|\n|upkeep\n|turn|21\n|\n|t:|1699769431\n|move|p1a: Hitmonlee|Knock Off|p2a: Skeledirge\n|-supereffective|p2a: Skeledirge\n|-damage|p2a: Skeledirge|47\/100\n|-enditem|p2a: Skeledirge|Heavy-Duty Boots|[from] move: Knock Off|[of] p1a: Hitmonlee\n|move|p2a: Skeledirge|Will-O-Wisp|p1a: Hitmonlee\n|-status|p1a: Hitmonlee|brn\n|\n|-damage|p1a: Hitmonlee|62\/100 brn|[from] brn\n|upkeep\n|turn|22\n|inactive|ABCDialzza has 60 seconds left.\n|\n|t:|1699769439\n|switch|p1a: Ogerpon|Ogerpon-Wellspring, F|70\/100\n|move|p2a: Skeledirge|Torch Song|p1a: Ogerpon\n|-damage|p1a: Ogerpon|34\/100\n|-boost|p2a: Skeledirge|spa|1\n|\n|-sideend|p1: joetan|move: Light Screen\n|upkeep\n|turn|23\n|inactive|ABCDialzza has 60 seconds left.\n|\n|t:|1699769463\n|move|p1a: Ogerpon|Ivy Cudgel|p2a: Skeledirge\n|-supereffective|p2a: Skeledirge\n|-crit|p2a: Skeledirge\n|-damage|p2a: Skeledirge|0 fnt\n|faint|p2a: Skeledirge\n|\n|upkeep\n|\n|t:|1699769467\n|switch|p2a: Tornadus|Tornadus-Therian, M|100\/100\n|turn|24\n|inactive|ABCDialzza has 60 seconds left.\n|\n|t:|1699769480\n|move|p1a: Ogerpon|Spiky Shield|p1a: Ogerpon\n|-singleturn|p1a: Ogerpon|move: Protect\n|move|p2a: Tornadus|Acrobatics|p1a: Ogerpon\n|-activate|p1a: Ogerpon|move: Protect\n|-damage|p2a: Tornadus|88\/100|[from] Spiky Shield|[of] p1a: Ogerpon\n|\n|upkeep\n|turn|25\n|\n|t:|1699769489\n|switch|p1a: Hitmonlee|Hitmonlee, M|62\/100 brn\n|move|p2a: Tornadus|Acrobatics|p1a: Hitmonlee\n|-supereffective|p1a: Hitmonlee\n|-damage|p1a: Hitmonlee|0 fnt\n|faint|p1a: Hitmonlee\n|\n|upkeep\n|\n|t:|1699769497\n|switch|p1a: Grimmsnarl|Grimmsnarl, M|42\/100\n|turn|26\n|\n|t:|1699769500\n|move|p1a: Grimmsnarl|Reflect|p1a: Grimmsnarl\n|-sidestart|p1: joetan|Reflect\n|move|p2a: Tornadus|U-turn|p1a: Grimmsnarl\n|-crit|p1a: Grimmsnarl\n|-damage|p1a: Grimmsnarl|3\/100\n|\n|t:|1699769517\n|switch|p2a: Ninetales|Ninetales-Alola, F|100\/100|[from] U-turn\n|-weather|Snow|[from] ability: Snow Warning|[of] p2a: Ninetales\n|\n|-weather|Snow|[upkeep]\n|upkeep\n|turn|27\n|\n|t:|1699769527\n|move|p1a: Grimmsnarl|Light Screen|p1a: Grimmsnarl\n|-sidestart|p1: joetan|move: Light Screen\n|move|p2a: Ninetales|Aurora Veil|p2a: Ninetales\n|-sidestart|p2: ABCDialzza|move: Aurora Veil\n|\n|-weather|Snow|[upkeep]\n|upkeep\n|turn|28\n|\n|t:|1699769540\n|move|p1a: Grimmsnarl|Sucker Punch|p2a: Ninetales\n|-resisted|p2a: Ninetales\n|-damage|p2a: Ninetales|94\/100\n|move|p2a: Ninetales|Blizzard|p1a: Grimmsnarl\n|-damage|p1a: Grimmsnarl|0 fnt\n|faint|p1a: Grimmsnarl\n|\n|-weather|Snow|[upkeep]\n|upkeep\n|\n|t:|1699769546\n|switch|p1a: Gardevoir|Gardevoir-Mega, M|23\/100\n|turn|29\n|inactive|ABCDialzza has 60 seconds left.\n|\n|t:|1699769598\n|move|p2a: Ninetales|Blizzard|p1a: Gardevoir\n|-damage|p1a: Gardevoir|7\/100\n|-status|p1a: Gardevoir|frz\n|-curestatus|p1a: Gardevoir|frz|[msg]\n|move|p1a: Gardevoir|Calm Mind|p1a: Gardevoir\n|-boost|p1a: Gardevoir|spa|1\n|-boost|p1a: Gardevoir|spd|1\n|\n|-weather|Snow|[upkeep]\n|upkeep\n|turn|30\n|\n|t:|1699769607\n|move|p2a: Ninetales|Blizzard|p1a: Gardevoir\n|-damage|p1a: Gardevoir|0 fnt\n|faint|p1a: Gardevoir\n|\n|-weather|none\n|-sideend|p1: joetan|Reflect\n|upkeep\n|\n|t:|1699769611\n|switch|p1a: Ogerpon|Ogerpon-Wellspring, F|34\/100\n|turn|31\n|\n|t:|1699769618\n|-terastallize|p1a: Ogerpon|Water\n|detailschange|p1a: Ogerpon|Ogerpon-Wellspring-Tera, F, tera:Water\n|-ability|p1a: Ogerpon|Embody Aspect (Wellspring)|boost\n|-boost|p1a: Ogerpon|spd|1\n|move|p1a: Ogerpon|Horn Leech|p2a: Ninetales\n|-damage|p2a: Ninetales|63\/100\n|-heal|p1a: Ogerpon|51\/100|[from] drain|[of] p2a: Ninetales\n|move|p2a: Ninetales|Freeze-Dry|p1a: Ogerpon\n|-supereffective|p1a: Ogerpon\n|-damage|p1a: Ogerpon|33\/100\n|\n|-sideend|p1: joetan|move: Light Screen\n|upkeep\n|turn|32\n|inactive|ABCDialzza has 60 seconds left.\n|\n|t:|1699769639\n|move|p1a: Ogerpon|Horn Leech|p2a: Ninetales\n|-damage|p2a: Ninetales|32\/100\n|-heal|p1a: Ogerpon|49\/100|[from] drain|[of] p2a: Ninetales\n|move|p2a: Ninetales|Aurora Veil||[still]\n|-fail|p2a: Ninetales\n|\n|upkeep\n|turn|33\n|inactive|ABCDialzza has 60 seconds left.\n|\n|t:|1699769656\n|move|p1a: Ogerpon|Ivy Cudgel|p2a: Ninetales\n|-damage|p2a: Ninetales|0 fnt\n|faint|p2a: Ninetales\n|\n|upkeep\n|\n|t:|1699769661\n|switch|p2a: Tornadus|Tornadus-Therian, M|100\/100\n|turn|34\n|\n|t:|1699769666\n|move|p1a: Ogerpon|Spiky Shield|p1a: Ogerpon\n|-singleturn|p1a: Ogerpon|move: Protect\n|move|p2a: Tornadus|Acrobatics|p1a: Ogerpon\n|-activate|p1a: Ogerpon|move: Protect\n|-damage|p2a: Tornadus|88\/100|[from] Spiky Shield|[of] p1a: Ogerpon\n|\n|-sideend|p2: ABCDialzza|move: Aurora Veil\n|upkeep\n|turn|35\n|\n|t:|1699769673\n|move|p1a: Ogerpon|Ivy Cudgel|p2a: Tornadus\n|-damage|p2a: Tornadus|0 fnt\n|faint|p2a: Tornadus\n|\n|win|joetan\n|raw|joetan's rating: 1331 &rarr; <strong>1347<\/strong><br \/>(+16 for winning)\n|raw|ABCDialzza's rating: 1260 &rarr; <strong>1240<\/strong><br \/>(-20 for losing)\n|l|\u2606ABCDialzza\n","uploadtime":1699769685,"views":4,"p1id":"joetan","p2id":"abcdialzza","formatid":"gen9nationaldex","rating":1240,"private":0,"password":""}