{"id":"gen9nationaldex-1995813241","p1":"Foulest","p2":"hackilla15","format":"[Gen 9] National Dex","log":"|html|<div class=\"broadcast-blue\"><strong>[Gen 9] National Dex is currently suspecting Sneasler! For information on how to participate check out the <a href=\"https:\/\/www.smogon.com\/forums\/threads\/sv-national-dex-suspect-8-just-dance.3731534\/\">suspect thread<\/a>.<\/strong><\/div>\n|j|\u2606Foulest\n|j|\u2606hackilla15\n|t:|1700605644\n|gametype|singles\n|player|p1|Foulest|170|1368\n|player|p2|hackilla15|ethan|1398\n|teamsize|p1|6\n|teamsize|p2|6\n|gen|9\n|tier|[Gen 9] National Dex\n|rated|\n|rule|HP Percentage Mod: HP is shown in percentages\n|rule|Endless Battle Clause: Forcing endless battles is banned\n|rule|OHKO Clause: OHKO moves are banned\n|rule|Evasion Clause: Evasion abilities, items, and moves are banned\n|rule|Evasion Abilities Clause: Evasion abilities are banned\n|rule|Evasion Items Clause: Evasion items are banned\n|rule|Evasion Moves Clause: Evasion moves are banned\n|rule|Species Clause: Limit one of each Pok\u00e9mon\n|rule|Sleep Clause Mod: Limit one foe put to sleep\n|clearpoke\n|poke|p1|Cobalion|\n|poke|p1|Ferrothorn, M|\n|poke|p1|Volcanion|\n|poke|p1|Mew|\n|poke|p1|Banette, F|\n|poke|p1|Gliscor, F|\n|poke|p2|Zoroark-Hisui, F|\n|poke|p2|Venusaur, F|\n|poke|p2|Ceruledge, M|\n|poke|p2|Muk-Alola, F|\n|poke|p2|Corviknight, M|\n|poke|p2|Dragonite, M|\n|teampreview\n|inactive|Battle timer is ON: inactive players will automatically lose when time's up. (requested by Foulest)\n|\n|t:|1700605664\n|start\n|switch|p1a: Cobalion|Cobalion|100\/100\n|switch|p2a: BIG BERTHA|Muk-Alola, F|100\/100\n|turn|1\n|\n|t:|1700605672\n|move|p2a: BIG BERTHA|Flamethrower|p1a: Cobalion\n|-supereffective|p1a: Cobalion\n|-damage|p1a: Cobalion|9\/100\n|move|p1a: Cobalion|Taunt|p2a: BIG BERTHA\n|-start|p2a: BIG BERTHA|move: Taunt\n|\n|upkeep\n|turn|2\n|\n|t:|1700605678\n|switch|p1a: Volcanion|Volcanion|100\/100\n|move|p2a: BIG BERTHA|Flamethrower|p1a: Volcanion\n|-resisted|p1a: Volcanion\n|-damage|p1a: Volcanion|95\/100\n|\n|upkeep\n|turn|3\n|\n|t:|1700605693\n|switch|p2a: Lancelot|Corviknight, M, shiny|100\/100\n|move|p1a: Volcanion|Earth Power|p2a: Lancelot\n|-immune|p2a: Lancelot\n|\n|upkeep\n|turn|4\n|\n|t:|1700605696\n|move|p1a: Volcanion|Fire Blast|p2a: Lancelot\n|-supereffective|p2a: Lancelot\n|-damage|p2a: Lancelot|0 fnt\n|faint|p2a: Lancelot\n|\n|upkeep\n|\n|t:|1700605698\n|switch|p2a: M.J. Watson|Venusaur, F, shiny|100\/100\n|turn|5\n|\n|t:|1700605701\n|detailschange|p2a: M.J. Watson|Venusaur-Mega, F, shiny\n|-mega|p2a: M.J. Watson|Venusaur|Venusaurite\n|move|p2a: M.J. Watson|Leech Seed|p1a: Volcanion\n|-start|p1a: Volcanion|move: Leech Seed\n|move|p1a: Volcanion|Fire Blast|p2a: M.J. Watson\n|-supereffective|p2a: M.J. Watson\n|-damage|p2a: M.J. Watson|56\/100\n|\n|-damage|p1a: Volcanion|83\/100|[from] Leech Seed|[of] p2a: M.J. Watson\n|-heal|p2a: M.J. Watson|69\/100|[silent]\n|upkeep\n|turn|6\n|\n|t:|1700605713\n|switch|p1a: Mew|Mew|100\/100\n|move|p2a: M.J. Watson|Giga Drain|p1a: Mew\n|-damage|p1a: Mew|64\/100\n|-heal|p2a: M.J. Watson|87\/100|[from] drain|[of] p1a: Mew\n|\n|-heal|p1a: Mew|70\/100|[from] item: Leftovers\n|upkeep\n|turn|7\n|\n|t:|1700605726\n|move|p1a: Mew|Psychic|p2a: M.J. Watson\n|-supereffective|p2a: M.J. Watson\n|-damage|p2a: M.J. Watson|30\/100\n|move|p2a: M.J. Watson|Leech Seed|p1a: Mew\n|-start|p1a: Mew|move: Leech Seed\n|\n|-heal|p1a: Mew|76\/100|[from] item: Leftovers\n|-damage|p1a: Mew|64\/100|[from] Leech Seed|[of] p2a: M.J. Watson\n|-heal|p2a: M.J. Watson|42\/100|[silent]\n|upkeep\n|turn|8\n|\n|t:|1700605749\n|switch|p2a: BIG BERTHA|Muk-Alola, F|100\/100\n|move|p1a: Mew|Psychic|p2a: BIG BERTHA\n|-immune|p2a: BIG BERTHA\n|\n|-heal|p1a: Mew|70\/100|[from] item: Leftovers\n|-damage|p1a: Mew|57\/100|[from] Leech Seed|[of] p2a: BIG BERTHA\n|upkeep\n|turn|9\n|\n|t:|1700605758\n|move|p1a: Mew|Draining Kiss|p2a: BIG BERTHA\n|-damage|p2a: BIG BERTHA|88\/100\n|-heal|p1a: Mew|69\/100|[from] drain|[of] p2a: BIG BERTHA\n|move|p2a: BIG BERTHA|Knock Off|p1a: Mew\n|-supereffective|p1a: Mew\n|-damage|p1a: Mew|0 fnt\n|-enditem|p1a: Mew|Leftovers|[from] move: Knock Off|[of] p2a: BIG BERTHA\n|faint|p1a: Mew\n|\n|upkeep\n|\n|t:|1700605770\n|switch|p1a: Cobalion|Cobalion|9\/100\n|turn|10\n|\n|t:|1700605774\n|move|p1a: Cobalion|Stealth Rock|p2a: BIG BERTHA\n|-sidestart|p2: hackilla15|move: Stealth Rock\n|move|p2a: BIG BERTHA|Drain Punch|p1a: Cobalion\n|-supereffective|p1a: Cobalion\n|-damage|p1a: Cobalion|0 fnt\n|-heal|p2a: BIG BERTHA|91\/100|[from] drain|[of] p1a: Cobalion\n|faint|p1a: Cobalion\n|\n|upkeep\n|\n|t:|1700605796\n|switch|p1a: Gliscor|Gliscor, F|100\/100\n|turn|11\n|\n|t:|1700605800\n|move|p1a: Gliscor|Earthquake|p2a: BIG BERTHA\n|-supereffective|p2a: BIG BERTHA\n|-damage|p2a: BIG BERTHA|0 fnt\n|faint|p2a: BIG BERTHA\n|\n|-status|p1a: Gliscor|tox|[from] item: Toxic Orb\n|upkeep\n|\n|t:|1700605809\n|switch|p2a: M.J. Watson|Venusaur-Mega, F, shiny|42\/100\n|-damage|p2a: M.J. Watson|30\/100|[from] Stealth Rock\n|turn|12\n|\n|t:|1700605812\n|move|p1a: Gliscor|Earthquake|p2a: M.J. Watson\n|-damage|p2a: M.J. Watson|0 fnt\n|faint|p2a: M.J. Watson\n|\n|upkeep\n|\n|t:|1700605815\n|switch|p2a: Moody Edge|Ceruledge, M, shiny|100\/100\n|-damage|p2a: Moody Edge|75\/100|[from] Stealth Rock\n|turn|13\n|\n|t:|1700605822\n|-terastallize|p2a: Moody Edge|Fighting\n|move|p2a: Moody Edge|Swords Dance|p2a: Moody Edge\n|-boost|p2a: Moody Edge|atk|2\n|move|p1a: Gliscor|Earthquake|p2a: Moody Edge\n|-damage|p2a: Moody Edge|9\/100\n|-ability|p2a: Moody Edge|Weak Armor|boost\n|-unboost|p2a: Moody Edge|def|1\n|-boost|p2a: Moody Edge|spe|2\n|\n|upkeep\n|turn|14\n|\n|t:|1700605829\n|switch|p1a: Ferrothorn|Ferrothorn, M|100\/100\n|move|p2a: Moody Edge|Bitter Blade|p1a: Ferrothorn\n|-supereffective|p1a: Ferrothorn\n|-damage|p1a: Ferrothorn|0 fnt\n|-heal|p2a: Moody Edge|69\/100|[from] drain|[of] p1a: Ferrothorn\n|-damage|p2a: Moody Edge|57\/100|[from] ability: Iron Barbs|[of] p1a: Ferrothorn\n|faint|p1a: Ferrothorn\n|\n|upkeep\n|\n|t:|1700605834\n|switch|p1a: Banette|Banette, F|100\/100\n|turn|15\n|\n|t:|1700605839\n|detailschange|p1a: Banette|Banette-Mega, F\n|-mega|p1a: Banette|Banette|Banettite\n|move|p1a: Banette|Destiny Bond|p1a: Banette\n|-singlemove|p1a: Banette|Destiny Bond\n|move|p2a: Moody Edge|Swords Dance|p2a: Moody Edge\n|-boost|p2a: Moody Edge|atk|2\n|\n|upkeep\n|turn|16\n|\n|t:|1700605848\n|move|p2a: Moody Edge|Bitter Blade|p1a: Banette\n|-damage|p1a: Banette|0 fnt\n|-heal|p2a: Moody Edge|100\/100|[from] drain|[of] p1a: Banette\n|faint|p1a: Banette\n|-activate|p1a: Banette|move: Destiny Bond\n|faint|p2a: Moody Edge\n|\n|upkeep\n|\n|t:|1700605853\n|switch|p2a: Alduin|Dragonite, M|100\/100\n|switch|p1a: Volcanion|Volcanion|83\/100\n|-damage|p2a: Alduin|88\/100|[from] Stealth Rock\n|turn|17\n|\n|t:|1700605870\n|move|p2a: Alduin|Bitter Malice|p1a: Volcanion\n|-damage|p1a: Volcanion|56\/100\n|-unboost|p1a: Volcanion|atk|1\n|move|p1a: Volcanion|Steam Eruption|p2a: Alduin\n|-damage|p2a: Alduin|0 fnt\n|replace|p2a: Amaterasu|Zoroark-Hisui, F, shiny\n|-end|p2a: Amaterasu|Illusion\n|faint|p2a: Amaterasu\n|\n|upkeep\n|\n|t:|1700605873\n|switch|p2a: Alduin|Dragonite, M|100\/100\n|-damage|p2a: Alduin|76\/100|[from] Stealth Rock\n|turn|18\n|\n|t:|1700605881\n|move|p2a: Alduin|Curse|p2a: Alduin\n|-unboost|p2a: Alduin|spe|1\n|-boost|p2a: Alduin|atk|1\n|-boost|p2a: Alduin|def|1\n|move|p1a: Volcanion|Steam Eruption|p2a: Alduin\n|-resisted|p2a: Alduin\n|-damage|p2a: Alduin|52\/100\n|\n|upkeep\n|turn|19\n|\n|t:|1700605886\n|move|p1a: Volcanion|Steam Eruption|p2a: Alduin\n|-resisted|p2a: Alduin\n|-damage|p2a: Alduin|28\/100\n|move|p2a: Alduin|Roost|p2a: Alduin\n|-heal|p2a: Alduin|78\/100\n|-singleturn|p2a: Alduin|move: Roost\n|\n|upkeep\n|turn|20\n|\n|t:|1700605891\n|switch|p1a: Gliscor|Gliscor, F|100\/100 tox\n|move|p2a: Alduin|Earthquake|p1a: Gliscor\n|-immune|p1a: Gliscor\n|\n|upkeep\n|turn|21\n|\n|t:|1700605894\n|move|p2a: Alduin|Extreme Speed|p1a: Gliscor\n|-damage|p1a: Gliscor|68\/100 tox\n|move|p1a: Gliscor|Stone Edge|p2a: Alduin\n|-supereffective|p2a: Alduin\n|-damage|p2a: Alduin|42\/100\n|-enditem|p2a: Alduin|Weakness Policy\n|-boost|p2a: Alduin|atk|2|[from] item: Weakness Policy\n|-boost|p2a: Alduin|spa|2|[from] item: Weakness Policy\n|\n|-heal|p1a: Gliscor|81\/100 tox|[from] ability: Poison Heal\n|upkeep\n|turn|22\n|\n|t:|1700605901\n|move|p1a: Gliscor|Stone Edge|p2a: Alduin\n|-supereffective|p2a: Alduin\n|-damage|p2a: Alduin|5\/100\n|move|p2a: Alduin|Roost|p2a: Alduin\n|-heal|p2a: Alduin|55\/100\n|-singleturn|p2a: Alduin|move: Roost\n|\n|-heal|p1a: Gliscor|93\/100 tox|[from] ability: Poison Heal\n|upkeep\n|turn|23\n|\n|t:|1700605906\n|move|p1a: Gliscor|Stone Edge|p2a: Alduin|[miss]\n|-miss|p1a: Gliscor|p2a: Alduin\n|move|p2a: Alduin|Roost|p2a: Alduin\n|-heal|p2a: Alduin|100\/100\n|-singleturn|p2a: Alduin|move: Roost\n|\n|-heal|p1a: Gliscor|100\/100 tox|[from] ability: Poison Heal\n|upkeep\n|turn|24\n|\n|t:|1700605911\n|move|p1a: Gliscor|Stone Edge|p2a: Alduin|[miss]\n|-miss|p1a: Gliscor|p2a: Alduin\n|move|p2a: Alduin|Curse|p2a: Alduin\n|-unboost|p2a: Alduin|spe|1\n|-boost|p2a: Alduin|atk|1\n|-boost|p2a: Alduin|def|1\n|\n|upkeep\n|turn|25\n|\n|t:|1700605918\n|move|p2a: Alduin|Extreme Speed|p1a: Gliscor\n|-damage|p1a: Gliscor|38\/100 tox\n|move|p1a: Gliscor|Stone Edge|p2a: Alduin\n|-supereffective|p2a: Alduin\n|-damage|p2a: Alduin|87\/100\n|\n|-heal|p1a: Gliscor|50\/100 tox|[from] ability: Poison Heal\n|upkeep\n|turn|26\n|\n|t:|1700605930\n|move|p2a: Alduin|Extreme Speed|p1a: Gliscor\n|-damage|p1a: Gliscor|0 fnt\n|faint|p1a: Gliscor\n|\n|upkeep\n|\n|t:|1700605932\n|switch|p1a: Volcanion|Volcanion|56\/100\n|turn|27\n|-message|Foulest forfeited.\n|\n|win|hackilla15\n|raw|Foulest's rating: 1368 &rarr; <strong>1350<\/strong><br \/>(-18 for losing)\n|raw|hackilla15's rating: 1398 &rarr; <strong>1416<\/strong><br \/>(+18 for winning)\n|l|\u2606Foulest\n","uploadtime":1700605944,"views":9,"p1id":"foulest","p2id":"hackilla15","formatid":"gen9nationaldex","rating":1350,"private":0,"password":""}