{"id":"gen9nationaldex-1991607324","p1":"zsrony","p2":"Zaynzito","format":"[Gen 9] National Dex","log":"|j|\u2606zsrony\n|j|\u2606Zaynzito\n|t:|1700093592\n|gametype|singles\n|player|p1|zsrony|chili|\n|player|p2|Zaynzito|hugh|\n|teamsize|p1|6\n|teamsize|p2|4\n|gen|9\n|tier|[Gen 9] National Dex\n|rule|HP Percentage Mod: HP is shown in percentages\n|rule|Endless Battle Clause: Forcing endless battles is banned\n|rule|OHKO Clause: OHKO moves are banned\n|rule|Evasion Clause: Evasion abilities, items, and moves are banned\n|rule|Evasion Abilities Clause: Evasion abilities are banned\n|rule|Evasion Items Clause: Evasion items are banned\n|rule|Evasion Moves Clause: Evasion moves are banned\n|rule|Species Clause: Limit one of each Pok\u00e9mon\n|rule|Sleep Clause Mod: Limit one foe put to sleep\n|clearpoke\n|poke|p1|Pichu, L10, M|\n|poke|p1|Pikipek, L10, F|\n|poke|p1|Zorua-Hisui, L10, F|\n|poke|p1|Rockruff, L10, M|\n|poke|p1|Growlithe, L10, F|\n|poke|p1|Squirtle, L10, M|\n|poke|p2|Smeargle, L10, F|\n|poke|p2|Yungoos, L10, F|\n|poke|p2|Komala, L10, M|\n|poke|p2|Helioptile, L10, F|\n|teampreview\n|\n|t:|1700093662\n|start\n|switch|p1a: Big Magro|Rockruff, L10, M|100\/100\n|switch|p2a: Smeargle|Smeargle, L10, F|100\/100\n|turn|1\n|\n|t:|1700093677\n|move|p2a: Smeargle|Scald|p1a: Big Magro\n|-supereffective|p1a: Big Magro\n|-damage|p1a: Big Magro|32\/100\n|move|p1a: Big Magro|Stone Edge|p2a: Smeargle\n|-damage|p2a: Smeargle|0 fnt\n|faint|p2a: Smeargle\n|-damage|p1a: Big Magro|25\/100|[from] item: Life Orb\n|\n|upkeep\n|\n|t:|1700093691\n|switch|p2a: Yungoos|Yungoos, L10, F|100\/100\n|turn|2\n|\n|t:|1700093699\n|move|p2a: Yungoos|Psychic Fangs|p1a: Big Magro\n|-damage|p1a: Big Magro|0 fnt\n|faint|p1a: Big Magro\n|\n|upkeep\n|\n|t:|1700093710\n|switch|p1a: Pikipek|Pikipek, L10, F|100\/100\n|turn|3\n|\n|t:|1700093716\n|move|p2a: Yungoos|Psychic Fangs|p1a: Pikipek\n|-damage|p1a: Pikipek|7\/100\n|move|p1a: Pikipek|Brick Break|p2a: Yungoos\n|-supereffective|p2a: Yungoos\n|-damage|p2a: Yungoos|0 fnt\n|faint|p2a: Yungoos\n|\n|upkeep\n|\n|t:|1700093721\n|switch|p2a: Helioptile|Helioptile, L10, F|100\/100\n|turn|4\n|\n|t:|1700093725\n|move|p2a: Helioptile|Volt Switch|p1a: Pikipek\n|-supereffective|p1a: Pikipek\n|-damage|p1a: Pikipek|0 fnt\n|faint|p1a: Pikipek\n|\n|t:|1700093729\n|switch|p2a: Komala|Komala, L10, M|100\/100|[from] Volt Switch\n|-ability|p2a: Komala|Comatose\n|\n|upkeep\n|\n|t:|1700093735\n|switch|p1a: Zuluz\u00e3o|Growlithe, L10, F|100\/100\n|turn|5\n|\n|t:|1700093740\n|move|p1a: Zuluz\u00e3o|Will-O-Wisp|p2a: Komala\n|-immune|p2a: Komala|[from] ability: Comatose\n|move|p2a: Komala|Yawn|p1a: Zuluz\u00e3o\n|-start|p1a: Zuluz\u00e3o|move: Yawn|[of] p2a: Komala\n|\n|upkeep\n|turn|6\n|\n|t:|1700093749\n|switch|p1a: Jotap\u00ea|Squirtle, L10, M|100\/100\n|move|p2a: Komala|Knock Off|p1a: Jotap\u00ea\n|-damage|p1a: Jotap\u00ea|65\/100\n|-enditem|p1a: Jotap\u00ea|Eviolite|[from] move: Knock Off|[of] p2a: Komala\n|\n|upkeep\n|turn|7\n|\n|t:|1700093754\n|move|p1a: Jotap\u00ea|Fake Out|p2a: Komala\n|-damage|p2a: Komala|87\/100\n|cant|p2a: Komala|flinch\n|\n|upkeep\n|turn|8\n|\n|t:|1700093759\n|move|p2a: Komala|Body Slam|p1a: Jotap\u00ea\n|-damage|p1a: Jotap\u00ea|0 fnt\n|faint|p1a: Jotap\u00ea\n|\n|upkeep\n|\n|t:|1700093763\n|switch|p1a: Lino|Pichu, L10, M|100\/100\n|turn|9\n|\n|t:|1700093767\n|move|p1a: Lino|Fake Out|p2a: Komala\n|-damage|p2a: Komala|73\/100\n|cant|p2a: Komala|flinch\n|\n|upkeep\n|turn|10\n|\n|t:|1700093773\n|move|p1a: Lino|Volt Tackle|p2a: Komala\n|-damage|p2a: Komala|12\/100\n|-damage|p1a: Lino|75\/100|[from] Recoil\n|move|p2a: Komala|Body Slam|p1a: Lino\n|-damage|p1a: Lino|0 fnt\n|faint|p1a: Lino\n|\n|upkeep\n|\n|t:|1700093792\n|switch|p1a: Zuluz\u00e3o|Growlithe, L10, F|100\/100\n|turn|11\n|\n|t:|1700093800\n|move|p1a: Zuluz\u00e3o|Dark Pulse|p2a: Komala\n|-damage|p2a: Komala|0 fnt\n|faint|p2a: Komala\n|\n|upkeep\n|\n|t:|1700093802\n|switch|p2a: Helioptile|Helioptile, L10, F|100\/100\n|turn|12\n|\n|t:|1700093806\n|move|p2a: Helioptile|Thunderbolt|p1a: Zuluz\u00e3o\n|-damage|p1a: Zuluz\u00e3o|37\/100\n|replace|p1a: Zorua|Zorua-Hisui, L10, F\n|-end|p1a: Zorua|Illusion\n|move|p1a: Zorua|Will-O-Wisp|p2a: Helioptile\n|-status|p2a: Helioptile|brn\n|\n|-damage|p2a: Helioptile|97\/100 brn|[from] brn\n|upkeep\n|turn|13\n|\n|t:|1700093810\n|move|p2a: Helioptile|Thunderbolt|p1a: Zorua\n|-damage|p1a: Zorua|0 fnt\n|faint|p1a: Zorua\n|\n|-damage|p2a: Helioptile|94\/100 brn|[from] brn\n|upkeep\n|\n|t:|1700093812\n|switch|p1a: Zuluz\u00e3o|Growlithe, L10, F|100\/100\n|-ability|p1a: Zuluz\u00e3o|Intimidate|boost\n|-unboost|p2a: Helioptile|atk|1\n|turn|14\n|\n|t:|1700093820\n|-terastallize|p1a: Zuluz\u00e3o|Grass\n|move|p2a: Helioptile|Thunderbolt|p1a: Zuluz\u00e3o\n|-resisted|p1a: Zuluz\u00e3o\n|-damage|p1a: Zuluz\u00e3o|75\/100\n|move|p1a: Zuluz\u00e3o|Flare Blitz|p2a: Helioptile\n|-damage|p2a: Helioptile|0 fnt\n|faint|p2a: Helioptile\n|-damage|p1a: Zuluz\u00e3o|48\/100|[from] Recoil\n|\n|win|zsrony\n|c|\u2606Zaynzito|que\n|c|\u2606Zaynzito|n pode tera n\n","uploadtime":1700093830,"views":7,"p1id":"zsrony","p2id":"zaynzito","formatid":"gen9nationaldex","rating":0,"private":0,"password":""}