{"id":"gen9nationaldex-1993038863","p1":"AkiraD","p2":"SirioDStar","format":"[Gen 9] National Dex","log":"|j|\u2606AkiraD\n|j|\u2606SirioDStar\n|t:|1700258045\n|gametype|singles\n|player|p1|AkiraD|266|\n|player|p2|SirioDStar|hugh|\n|teamsize|p1|6\n|teamsize|p2|6\n|gen|9\n|tier|[Gen 9] National Dex\n|rule|HP Percentage Mod: HP is shown in percentages\n|rule|Endless Battle Clause: Forcing endless battles is banned\n|rule|OHKO Clause: OHKO moves are banned\n|rule|Evasion Clause: Evasion abilities, items, and moves are banned\n|rule|Evasion Abilities Clause: Evasion abilities are banned\n|rule|Evasion Items Clause: Evasion items are banned\n|rule|Evasion Moves Clause: Evasion moves are banned\n|rule|Species Clause: Limit one of each Pok\u00e9mon\n|rule|Sleep Clause Mod: Limit one foe put to sleep\n|clearpoke\n|poke|p1|Zoroark-Hisui, F|\n|poke|p1|Ceruledge, F|\n|poke|p1|Gallade, M|\n|poke|p1|Pelipper, M|\n|poke|p1|Ferrothorn, M|\n|poke|p1|Swampert, F|\n|poke|p2|Armarouge, M|\n|poke|p2|Empoleon, M|\n|poke|p2|Tsareena, F|\n|poke|p2|Pawmot, F|\n|poke|p2|Togekiss, M|\n|poke|p2|Flygon, M|\n|teampreview\n|inactive|Battle timer is ON: inactive players will automatically lose when time's up. (requested by SirioDStar)\n|\n|t:|1700258065\n|start\n|switch|p1a: Swampert|Swampert, F|100\/100\n|switch|p2a: Empoleon|Empoleon, M|100\/100\n|turn|1\n|\n|t:|1700258076\n|move|p1a: Swampert|U-turn|p2a: Empoleon\n|-resisted|p2a: Empoleon\n|-damage|p2a: Empoleon|93\/100\n|\n|t:|1700258080\n|switch|p1a: Swampert|Swampert, F|100\/100|[from] U-turn\n|move|p2a: Empoleon|Stealth Rock|p1a: Swampert\n|-sidestart|p1: AkiraD|move: Stealth Rock\n|\n|-heal|p2a: Empoleon|99\/100|[from] item: Leftovers\n|upkeep\n|turn|2\n|\n|t:|1700258093\n|move|p1a: Swampert|Bulk Up|p1a: Swampert\n|-boost|p1a: Swampert|atk|1\n|-boost|p1a: Swampert|def|1\n|move|p2a: Empoleon|Flip Turn|p1a: Swampert\n|-damage|p1a: Swampert|91\/100\n|\n|t:|1700258103\n|switch|p2a: Tsareena|Tsareena, F|100\/100|[from] Flip Turn\n|\n|-heal|p1a: Swampert|97\/100|[from] item: Leftovers\n|upkeep\n|turn|3\n|\n|t:|1700258114\n|move|p2a: Tsareena|Power Whip|p1a: Swampert\n|-supereffective|p1a: Swampert\n|-damage|p1a: Swampert|0 fnt\n|faint|p1a: Swampert\n|\n|upkeep\n|\n|t:|1700258120\n|switch|p1a: Ceruledge|Ceruledge, F|100\/100\n|turn|4\n|\n|t:|1700258133\n|move|p1a: Ceruledge|Swords Dance|p1a: Ceruledge\n|-boost|p1a: Ceruledge|atk|2\n|move|p2a: Tsareena|Acrobatics|p1a: Ceruledge\n|-damage|p1a: Ceruledge|72\/100\n|-ability|p1a: Ceruledge|Weak Armor|boost\n|-unboost|p1a: Ceruledge|def|1\n|-boost|p1a: Ceruledge|spe|2\n|\n|upkeep\n|turn|5\n|\n|t:|1700258145\n|move|p1a: Ceruledge|Bitter Blade|p2a: Tsareena\n|-supereffective|p2a: Tsareena\n|-enditem|p2a: Tsareena|Focus Sash\n|-damage|p2a: Tsareena|1\/100\n|-heal|p1a: Ceruledge|100\/100|[from] drain|[of] p2a: Tsareena\n|move|p2a: Tsareena|Acrobatics|p1a: Ceruledge\n|-damage|p1a: Ceruledge|17\/100\n|-ability|p1a: Ceruledge|Weak Armor|boost\n|-unboost|p1a: Ceruledge|def|1\n|-boost|p1a: Ceruledge|spe|2\n|\n|upkeep\n|turn|6\n|\n|t:|1700258161\n|move|p1a: Ceruledge|Shadow Sneak||[still]\n|cant|p2a: Tsareena|ability: Queenly Majesty|Shadow Sneak|[of] p1a: Ceruledge\n|move|p2a: Tsareena|Acrobatics|p1a: Ceruledge\n|-damage|p1a: Ceruledge|0 fnt\n|faint|p1a: Ceruledge\n|\n|upkeep\n|c|\u2606SirioDStar|XD\n|c|\u2606AkiraD|a\n|\n|t:|1700258181\n|switch|p1a: Pelipper|Pelipper, M|100\/100\n|-damage|p1a: Pelipper|75\/100|[from] Stealth Rock\n|-weather|RainDance|[from] ability: Drizzle|[of] p1a: Pelipper\n|turn|7\n|c|\u2606SirioDStar|La habilidad de Tsarena no permite los movimientos de prioridad\n|c|\u2606AkiraD|Candela\n|c|\u2606AkiraD|No sabia xd\n|\n|t:|1700258205\n|move|p2a: Tsareena|Power Whip|p1a: Pelipper\n|-damage|p1a: Pelipper|1\/100\n|move|p1a: Pelipper|Defog|p2a: Tsareena\n|-unboost|p2a: Tsareena|evasion|1\n|-sideend|p1: AkiraD|Stealth Rock|[from] move: Defog|[of] p1a: Pelipper\n|\n|-weather|RainDance|[upkeep]\n|-heal|p1a: Pelipper|8\/100|[from] item: Leftovers\n|upkeep\n|turn|8\n|\n|t:|1700258218\n|switch|p1a: Ferrothorn|Ferrothorn, M|100\/100\n|move|p2a: Tsareena|Trailblaze|p1a: Ferrothorn\n|-resisted|p1a: Ferrothorn\n|-damage|p1a: Ferrothorn|96\/100\n|-boost|p2a: Tsareena|spe|1\n|-damage|p2a: Tsareena|0 fnt|[from] ability: Iron Barbs|[of] p1a: Ferrothorn\n|faint|p2a: Tsareena\n|\n|-weather|RainDance|[upkeep]\n|upkeep\n|\n|t:|1700258226\n|switch|p2a: Togekiss|Togekiss, M|100\/100\n|turn|9\n|\n|t:|1700258241\n|move|p2a: Togekiss|Thunder Wave|p1a: Ferrothorn|[miss]\n|-miss|p2a: Togekiss|p1a: Ferrothorn\n|move|p1a: Ferrothorn|Leech Seed|p2a: Togekiss\n|-start|p2a: Togekiss|move: Leech Seed\n|\n|-weather|RainDance|[upkeep]\n|-damage|p2a: Togekiss|88\/100|[from] Leech Seed|[of] p1a: Ferrothorn\n|-heal|p1a: Ferrothorn|100\/100|[silent]\n|upkeep\n|turn|10\n|\n|t:|1700258252\n|switch|p2a: Flygon|Flygon, M|100\/100\n|move|p1a: Ferrothorn|Toxic|p2a: Flygon|[miss]\n|-miss|p1a: Ferrothorn|p2a: Flygon\n|\n|-weather|RainDance|[upkeep]\n|upkeep\n|turn|11\n|\n|t:|1700258263\n|move|p2a: Flygon|U-turn|p1a: Ferrothorn\n|-damage|p1a: Ferrothorn|85\/100\n|-damage|p2a: Flygon|88\/100|[from] ability: Iron Barbs|[of] p1a: Ferrothorn\n|-damage|p2a: Flygon|72\/100|[from] item: Rocky Helmet|[of] p1a: Ferrothorn\n|\n|t:|1700258275\n|switch|p2a: Empoleon|Empoleon, M|99\/100|[from] U-turn\n|move|p1a: Ferrothorn|Leech Seed|p2a: Empoleon\n|-start|p2a: Empoleon|move: Leech Seed\n|\n|-weather|none\n|-heal|p2a: Empoleon|100\/100|[from] item: Leftovers\n|-damage|p2a: Empoleon|88\/100|[from] Leech Seed|[of] p1a: Ferrothorn\n|-heal|p1a: Ferrothorn|99\/100|[silent]\n|upkeep\n|turn|12\n|\n|t:|1700258285\n|move|p2a: Empoleon|Stealth Rock|p1a: Ferrothorn\n|-sidestart|p1: AkiraD|move: Stealth Rock\n|move|p1a: Ferrothorn|Spikes|p2a: Empoleon\n|-sidestart|p2: SirioDStar|Spikes\n|\n|-heal|p2a: Empoleon|94\/100|[from] item: Leftovers\n|-damage|p2a: Empoleon|82\/100|[from] Leech Seed|[of] p1a: Ferrothorn\n|-heal|p1a: Ferrothorn|100\/100|[silent]\n|upkeep\n|turn|13\n|\n|t:|1700258294\n|move|p2a: Empoleon|Flip Turn|p1a: Ferrothorn\n|-resisted|p1a: Ferrothorn\n|-damage|p1a: Ferrothorn|95\/100\n|-damage|p2a: Empoleon|70\/100|[from] ability: Iron Barbs|[of] p1a: Ferrothorn\n|-damage|p2a: Empoleon|53\/100|[from] item: Rocky Helmet|[of] p1a: Ferrothorn\n|\n|t:|1700258300\n|switch|p2a: Pawmot|Pawmot, F|100\/100|[from] Flip Turn\n|-damage|p2a: Pawmot|88\/100|[from] Spikes\n|move|p1a: Ferrothorn|Spikes|p2a: Pawmot\n|-sidestart|p2: SirioDStar|Spikes\n|\n|upkeep\n|turn|14\n|\n|t:|1700258311\n|move|p2a: Pawmot|Revival Blessing|p2a: Pawmot\n|\n|t:|1700258314\n|-heal|p2: Tsareena|50\/100|[from] move: Revival Blessing\n|move|p1a: Ferrothorn|Toxic|p2a: Pawmot\n|-status|p2a: Pawmot|tox\n|\n|-damage|p2a: Pawmot|82\/100 tox|[from] psn\n|upkeep\n|turn|15\n|\n|t:|1700258328\n|switch|p1a: Pelipper|Pelipper, M|8\/100\n|-damage|p1a: Pelipper|0 fnt|[from] Stealth Rock\n|faint|p1a: Pelipper\n|move|p2a: Pawmot|Double Shock|p1: Pelipper|[notarget]\n|-fail|p2a: Pawmot\n|\n|-damage|p2a: Pawmot|70\/100 tox|[from] psn\n|upkeep\n|c|\u2606AkiraD|Bruh\n|\n|t:|1700258341\n|switch|p1a: Gallade|Gallade, M|100\/100\n|-damage|p1a: Gallade|94\/100|[from] Stealth Rock\n|turn|16\n|\n|t:|1700258354\n|switch|p2a: Empoleon|Empoleon, M|53\/100\n|-damage|p2a: Empoleon|36\/100|[from] Spikes\n|move|p1a: Gallade|Swords Dance|p1a: Gallade\n|-boost|p1a: Gallade|atk|2\n|\n|-heal|p2a: Empoleon|42\/100|[from] item: Leftovers\n|upkeep\n|turn|17\n|\n|t:|1700258364\n|-terastallize|p2a: Empoleon|Fairy\n|move|p1a: Gallade|Sacred Sword|p2a: Empoleon\n|-resisted|p2a: Empoleon\n|-damage|p2a: Empoleon|0 fnt\n|faint|p2a: Empoleon\n|\n|upkeep\n|\n|t:|1700258377\n|switch|p2a: Flygon|Flygon, M|72\/100\n|turn|18\n|\n|t:|1700258384\n|move|p2a: Flygon|Outrage|p1a: Gallade\n|-damage|p1a: Gallade|0 fnt\n|faint|p1a: Gallade\n|\n|upkeep\n|\n|t:|1700258389\n|switch|p1a: Ferrothorn|Ferrothorn, M|100\/100\n|-damage|p1a: Ferrothorn|88\/100|[from] Stealth Rock\n|turn|19\n|c|\u2606SirioDStar|Ese es Zoroark\n|c|\u2606SirioDStar|XD\n|\n|t:|1700258402\n|move|p1a: Ferrothorn|Shadow Ball|p2a: Flygon\n|-damage|p2a: Flygon|15\/100\n|move|p2a: Flygon|Outrage|p1a: Ferrothorn|[from]lockedmove\n|-damage|p1a: Ferrothorn|0 fnt\n|replace|p1a: Zoroark|Zoroark-Hisui, F\n|-end|p1a: Zoroark|Illusion\n|faint|p1a: Zoroark\n|\n|upkeep\n|\n|t:|1700258410\n|switch|p1a: Ferrothorn|Ferrothorn, M|95\/100\n|-damage|p1a: Ferrothorn|89\/100|[from] Stealth Rock\n|turn|20\n|\n|t:|1700258415\n|move|p2a: Flygon|Outrage|p1a: Ferrothorn|[from]lockedmove\n|-resisted|p1a: Ferrothorn\n|-damage|p1a: Ferrothorn|69\/100\n|-damage|p2a: Flygon|3\/100|[from] ability: Iron Barbs|[of] p1a: Ferrothorn\n|-damage|p2a: Flygon|0 fnt|[from] item: Rocky Helmet|[of] p1a: Ferrothorn\n|faint|p2a: Flygon\n|move|p1a: Ferrothorn|Toxic|p2: Flygon|[notarget]\n|-fail|p1a: Ferrothorn\n|\n|upkeep\n|\n|t:|1700258426\n|switch|p2a: Armarouge|Armarouge, M|100\/100\n|-damage|p2a: Armarouge|84\/100|[from] Spikes\n|turn|21\n|\n|t:|1700258433\n|move|p2a: Armarouge|Armor Cannon|p1a: Ferrothorn\n|-supereffective|p1a: Ferrothorn\n|-damage|p1a: Ferrothorn|0 fnt\n|-unboost|p2a: Armarouge|def|1\n|-unboost|p2a: Armarouge|spd|1\n|faint|p1a: Ferrothorn\n|\n|win|SirioDStar\n|c|\u2606SirioDStar|Gg\n|c|\u2606AkiraD|Gg\n","uploadtime":1700258450,"views":10,"p1id":"akirad","p2id":"siriodstar","formatid":"gen9nationaldex","rating":0,"private":0,"password":""}