{"id":"gen9nationaldex-1988508731","p1":"AjoFC","p2":"lolowtf09","format":"[Gen 9] National Dex","log":"|j|\u2606AjoFC\n|j|\u2606lolowtf09\n|t:|1699730486\n|gametype|singles\n|player|p1|AjoFC|juggler|\n|player|p2|lolowtf09|viola|\n|teamsize|p1|6\n|teamsize|p2|6\n|gen|9\n|tier|[Gen 9] National Dex\n|rule|HP Percentage Mod: HP is shown in percentages\n|rule|Endless Battle Clause: Forcing endless battles is banned\n|rule|OHKO Clause: OHKO moves are banned\n|rule|Evasion Clause: Evasion abilities, items, and moves are banned\n|rule|Evasion Abilities Clause: Evasion abilities are banned\n|rule|Evasion Items Clause: Evasion items are banned\n|rule|Evasion Moves Clause: Evasion moves are banned\n|rule|Species Clause: Limit one of each Pok\u00e9mon\n|rule|Sleep Clause Mod: Limit one foe put to sleep\n|clearpoke\n|poke|p1|Dondozo, M|\n|poke|p1|Maushold-Four|\n|poke|p1|Iron Valiant|\n|poke|p1|Iron Moth|\n|poke|p1|Sinistcha|\n|poke|p1|Garganacl, F|\n|poke|p2|Goodra-Hisui, F|\n|poke|p2|Meowstic, M|\n|poke|p2|Aegislash, M|\n|poke|p2|Sylveon, F|\n|poke|p2|Slurpuff, F|\n|poke|p2|Volcanion|\n|teampreview\n|inactive|Battle timer is ON: inactive players will automatically lose when time's up. (requested by AjoFC)\n|j| Sylveon(404)\n|l| Sylveon(404)\n|j| Sylveon(404)\n|j| el p4n4\n|j| PeppsiAsiEs\n|\n|t:|1699730515\n|start\n|switch|p1a: Jijijija|Sinistcha|100\/100\n|switch|p2a: Irvinng|Meowstic, M|100\/100\n|turn|1\n|j| ericmont\n|c| PeppsiAsiEs|SUERTE EN EL DESEMPATE!!!\n|c|\u2606lolowtf09|no tengo nada para el dondozo\n|c|\u2606lolowtf09|asi que gg\n|\n|t:|1699730530\n|move|p2a: Irvinng|Thunder Wave|p1a: Jijijija\n|-status|p1a: Jijijija|par\n|move|p1a: Jijijija|Calm Mind|p1a: Jijijija\n|-boost|p1a: Jijijija|spa|1\n|-boost|p1a: Jijijija|spd|1\n|\n|upkeep\n|turn|2\n|j| WSoldat\n|\n|t:|1699730549\n|switch|p2a: Babousa|Goodra-Hisui, F|100\/100\n|move|p1a: Jijijija|Shadow Ball|p2a: Babousa\n|-damage|p2a: Babousa|77\/100\n|\n|upkeep\n|turn|3\n|\n|t:|1699730562\n|move|p2a: Babousa|Knock Off|p1a: Jijijija\n|-supereffective|p1a: Jijijija\n|-damage|p1a: Jijijija|69\/100 par\n|-damage|p2a: Babousa|61\/100|[from] item: Rocky Helmet|[of] p1a: Jijijija\n|-enditem|p1a: Jijijija|Rocky Helmet|[from] move: Knock Off|[of] p2a: Babousa\n|move|p1a: Jijijija|Matcha Gotcha|p2a: Babousa\n|-ability|p2a: Babousa|Sap Sipper|boost\n|-boost|p2a: Babousa|atk|1\n|\n|upkeep\n|turn|4\n|j| Fabrizio8\n|\n|t:|1699730570\n|move|p2a: Babousa|Knock Off|p1a: Jijijija\n|-supereffective|p1a: Jijijija\n|-damage|p1a: Jijijija|33\/100 par\n|move|p1a: Jijijija|Shadow Ball|p2a: Babousa\n|-damage|p2a: Babousa|40\/100\n|\n|upkeep\n|turn|5\n|\n|t:|1699730579\n|move|p2a: Babousa|Knock Off|p1a: Jijijija\n|-supereffective|p1a: Jijijija\n|-crit|p1a: Jijijija\n|-damage|p1a: Jijijija|0 fnt\n|faint|p1a: Jijijija\n|\n|upkeep\n|c| el p4n4|ajooo vengameee\n|\n|t:|1699730586\n|switch|p1a: Poli Cibernetica|Iron Moth|100\/100\n|-enditem|p1a: Poli Cibernetica|Booster Energy\n|-activate|p1a: Poli Cibernetica|ability: Quark Drive|[fromitem]\n|-start|p1a: Poli Cibernetica|quarkdrivespa\n|turn|6\n|\n|t:|1699730596\n|move|p1a: Poli Cibernetica|Fiery Dance|p2a: Babousa\n|-damage|p2a: Babousa|16\/100\n|move|p2a: Babousa|Draco Meteor|p1a: Poli Cibernetica\n|-damage|p1a: Poli Cibernetica|34\/100\n|-unboost|p2a: Babousa|spa|2\n|\n|upkeep\n|turn|7\n|\n|t:|1699730615\n|move|p1a: Poli Cibernetica|Fiery Dance|p2a: Babousa\n|-damage|p2a: Babousa|0 fnt\n|-boost|p1a: Poli Cibernetica|spa|1\n|faint|p2a: Babousa\n|\n|upkeep\n|\n|t:|1699730623\n|switch|p2a: Tulalash|Aegislash, M|100\/100\n|turn|8\n|\n|t:|1699730635\n|-formechange|p2a: Tulalash|Aegislash-Blade||[from] ability: Stance Change\n|move|p2a: Tulalash|Shadow Sneak|p1a: Poli Cibernetica\n|-damage|p1a: Poli Cibernetica|0 fnt\n|faint|p1a: Poli Cibernetica\n|-end|p1a: Poli Cibernetica|Quark Drive|[silent]\n|-damage|p2a: Tulalash|91\/100|[from] item: Life Orb\n|\n|upkeep\n|\n|t:|1699730645\n|switch|p1a: Hola|Dondozo, M|100\/100\n|turn|9\n|\n|t:|1699730656\n|switch|p2a: Irvinng|Meowstic, M|100\/100\n|move|p1a: Hola|Curse|p1a: Hola\n|-unboost|p1a: Hola|spe|1\n|-boost|p1a: Hola|atk|1\n|-boost|p1a: Hola|def|1\n|\n|upkeep\n|turn|10\n|c| ericmont|NO\n|c| ericmont|NO\n|\n|t:|1699730664\n|move|p2a: Irvinng|Thunder Wave|p1a: Hola\n|-status|p1a: Hola|par\n|cant|p1a: Hola|par\n|\n|upkeep\n|turn|11\n|c| ericmont|ELOY\n|c| ericmont|NO\n|c|\u2606lolowtf09|no que\n|c|\u2606lolowtf09|dejame\n|c| ericmont|Nada.\n|c|\u2606lolowtf09|tu ya perdiste\n|c| ericmont|Te estoy vigilando\n|inactive|lolowtf09 has 270 seconds left.\n|c| Fabrizio8|eloy chupala\n|l|\u2606AjoFC\n|inactive|AjoFC disconnected and has 300 seconds to reconnect!\n|player|p1|\n|\n|t:|1699730699\n|switch|p2a: Leafeon pero feo|Sylveon, F|100\/100\n|move|p1a: Hola|Curse|p1a: Hola\n|-unboost|p1a: Hola|spe|1\n|-boost|p1a: Hola|atk|1\n|-boost|p1a: Hola|def|1\n|\n|upkeep\n|turn|12\n|l| Fabrizio8\n|j| Fabrizio8\n|inactive|AjoFC has 270 seconds to reconnect!\n|c|\u2606lolowtf09|el timer\n|c|\u2606lolowtf09|gano por timer\n|inactive|AjoFC has 240 seconds to reconnect!\n|c| ericmont|Que\n|c|\u2606lolowtf09|se le quito\n|c| ericmont|Quita el timer lolo\n|c|\u2606lolowtf09|ya quite\n|c| ericmont|lo puso el?\n|j|\u2606AjoFC\n|inactive|AjoFC reconnected and has 300 seconds left.\n|player|p1|AjoFC|juggler\n|\n|t:|1699730804\n|move|p2a: Leafeon pero feo|Hyper Voice|p1a: Hola\n|-damage|p1a: Hola|64\/100 par\n|-enditem|p2a: Leafeon pero feo|Throat Spray\n|-boost|p2a: Leafeon pero feo|spa|1|[from] item: Throat Spray\n|cant|p1a: Hola|par\n|\n|-heal|p1a: Hola|70\/100 par|[from] item: Leftovers\n|upkeep\n|turn|13\n|c| ericmont|DALEEE\n|inactive|AjoFC has 270 seconds left.\n|c|\u2606lolowtf09|no eric\n|c|\u2606lolowtf09|este es mi fin\n|\n|t:|1699730832\n|move|p2a: Leafeon pero feo|Hyper Voice|p1a: Hola\n|-damage|p1a: Hola|35\/100 par\n|cant|p1a: Hola|par\n|\n|-heal|p1a: Hola|41\/100 par|[from] item: Leftovers\n|upkeep\n|turn|14\n|c|\u2606lolowtf09|un pez chef japones\n|inactive|AjoFC has 270 seconds left.\n|\n|t:|1699730840\n|move|p2a: Leafeon pero feo|Hyper Voice|p1a: Hola\n|-damage|p1a: Hola|8\/100 par\n|move|p1a: Hola|Rest|p1a: Hola\n|-status|p1a: Hola|slp|[from] move: Rest\n|-heal|p1a: Hola|100\/100 slp|[silent]\n|\n|upkeep\n|turn|15\n|c| ericmont|por favor\n|c| ericmont|igual\n|\n|t:|1699730849\n|switch|p2a: Irvinng|Meowstic, M|100\/100\n|cant|p1a: Hola|slp\n|move|p1a: Hola|Sleep Talk|p1a: Hola\n|move|p1a: Hola|Body Press|p2a: Irvinng|[from]move: Sleep Talk\n|-resisted|p2a: Irvinng\n|-damage|p2a: Irvinng|75\/100\n|\n|upkeep\n|turn|16\n|\n|t:|1699730859\n|move|p2a: Irvinng|Reflect|p2a: Irvinng\n|-sidestart|p2: lolowtf09|Reflect\n|cant|p1a: Hola|slp\n|move|p1a: Hola|Sleep Talk|p1a: Hola\n|move|p1a: Hola|Curse|p1a: Hola|[from]move: Sleep Talk\n|-unboost|p1a: Hola|spe|1\n|-boost|p1a: Hola|atk|1\n|-boost|p1a: Hola|def|1\n|\n|upkeep\n|turn|17\n|\n|t:|1699730869\n|move|p2a: Irvinng|Psychic|p1a: Hola\n|-damage|p1a: Hola|82\/100 slp\n|-curestatus|p1a: Hola|slp|[msg]\n|move|p1a: Hola|Curse|p1a: Hola\n|-unboost|p1a: Hola|spe|1\n|-boost|p1a: Hola|atk|1\n|-boost|p1a: Hola|def|1\n|\n|-heal|p1a: Hola|88\/100|[from] item: Leftovers\n|upkeep\n|turn|18\n|\n|t:|1699730880\n|move|p2a: Irvinng|Thunder Wave|p1a: Hola\n|-status|p1a: Hola|par\n|cant|p1a: Hola|par\n|\n|-heal|p1a: Hola|94\/100 par|[from] item: Leftovers\n|upkeep\n|turn|19\n|\n|t:|1699730889\n|move|p2a: Irvinng|Psychic|p1a: Hola\n|-damage|p1a: Hola|76\/100 par\n|cant|p1a: Hola|par\n|\n|-heal|p1a: Hola|82\/100 par|[from] item: Leftovers\n|upkeep\n|turn|20\n|c|\u2606lolowtf09|bajale la especial defense mierda\n|\n|t:|1699730899\n|move|p2a: Irvinng|Psychic|p1a: Hola\n|-damage|p1a: Hola|64\/100 par\n|move|p1a: Hola|Curse|p1a: Hola\n|-unboost|p1a: Hola|spe|1\n|-boost|p1a: Hola|atk|1\n|-boost|p1a: Hola|def|1\n|\n|-heal|p1a: Hola|70\/100 par|[from] item: Leftovers\n|upkeep\n|turn|21\n|\n|t:|1699730912\n|move|p2a: Irvinng|Psychic|p1a: Hola\n|-damage|p1a: Hola|52\/100 par\n|move|p1a: Hola|Curse|p1a: Hola\n|-unboost|p1a: Hola|spe|1\n|-boost|p1a: Hola|atk|1\n|-boost|p1a: Hola|def|1\n|\n|-heal|p1a: Hola|59\/100 par|[from] item: Leftovers\n|upkeep\n|turn|22\n|\n|t:|1699730921\n|move|p2a: Irvinng|Psychic|p1a: Hola\n|-damage|p1a: Hola|42\/100 par\n|-unboost|p1a: Hola|spd|1\n|move|p1a: Hola|Body Press|p2a: Irvinng\n|-resisted|p2a: Irvinng\n|-damage|p2a: Irvinng|50\/100\n|\n|-heal|p1a: Hola|48\/100 par|[from] item: Leftovers\n|upkeep\n|turn|23\n|c| ericmont|Nice deop\n|c| ericmont|Drop\n|\n|t:|1699730931\n|move|p2a: Irvinng|Psychic|p1a: Hola\n|-damage|p1a: Hola|22\/100 par\n|move|p1a: Hola|Rest|p1a: Hola\n|-status|p1a: Hola|slp|[from] move: Rest\n|-heal|p1a: Hola|100\/100 slp|[silent]\n|\n|-sideend|p2: lolowtf09|Reflect\n|upkeep\n|turn|24\n|\n|t:|1699730940\n|move|p2a: Irvinng|Reflect|p2a: Irvinng\n|-sidestart|p2: lolowtf09|Reflect\n|cant|p1a: Hola|slp\n|move|p1a: Hola|Sleep Talk|p1a: Hola\n|move|p1a: Hola|Rest||[from]move: Sleep Talk|[still]\n|-fail|p1a: Hola\n|\n|upkeep\n|turn|25\n|c| ericmont|Dropeale\n|\n|t:|1699730947\n|move|p2a: Irvinng|Psychic|p1a: Hola\n|-damage|p1a: Hola|74\/100 slp\n|cant|p1a: Hola|slp\n|move|p1a: Hola|Sleep Talk|p1a: Hola\n|move|p1a: Hola|Body Press|p2a: Irvinng|[from]move: Sleep Talk\n|-resisted|p2a: Irvinng\n|-damage|p2a: Irvinng|24\/100\n|\n|-heal|p1a: Hola|80\/100 slp|[from] item: Leftovers\n|upkeep\n|turn|26\n|c| ericmont|si afecta, lo que no afectan son los cambios rivales\n|c| el p4n4|a\n|inactive|AjoFC has 270 seconds left.\n|c|\u2606lolowtf09|si no la bajada de speed no haria nada\n|\n|t:|1699730983\n|switch|p1a: DonValiente|Iron Valiant|100\/100\n|-enditem|p1a: DonValiente|Booster Energy\n|-activate|p1a: DonValiente|ability: Quark Drive|[fromitem]\n|-start|p1a: DonValiente|quarkdrivespe\n|move|p2a: Irvinng|Psychic|p1a: DonValiente\n|-supereffective|p1a: DonValiente\n|-damage|p1a: DonValiente|7\/100\n|\n|upkeep\n|turn|27\n|inactive|AjoFC has 270 seconds left.\n|c| PeppsiAsiEs|no bueno\n|\n|t:|1699730992\n|move|p1a: DonValiente|Shadow Sneak|p2a: Irvinng\n|-supereffective|p2a: Irvinng\n|-damage|p2a: Irvinng|6\/100\n|move|p2a: Irvinng|Thunder Wave|p1a: DonValiente\n|-status|p1a: DonValiente|par\n|\n|upkeep\n|turn|28\n|\n|t:|1699731000\n|move|p1a: DonValiente|Shadow Sneak|p2a: Irvinng\n|-supereffective|p2a: Irvinng\n|-damage|p2a: Irvinng|0 fnt\n|faint|p2a: Irvinng\n|\n|upkeep\n|c| ericmont|QQQ\n|\n|t:|1699731004\n|switch|p2a: Tulalash|Aegislash, M|91\/100\n|turn|29\n|c| ericmont|QQQ\n|c|\u2606AjoFC|Miss click xD\n|\n|t:|1699731017\n|-end|p1a: DonValiente|Quark Drive|[silent]\n|switch|p1a: Hola|Dondozo, M|80\/100 slp\n|-formechange|p2a: Tulalash|Aegislash-Blade||[from] ability: Stance Change\n|move|p2a: Tulalash|Shadow Sneak|p1a: Hola\n|-damage|p1a: Hola|61\/100 slp\n|-damage|p2a: Tulalash|81\/100|[from] item: Life Orb\n|\n|-heal|p1a: Hola|67\/100 slp|[from] item: Leftovers\n|upkeep\n|turn|30\n|\n|t:|1699731030\n|move|p2a: Tulalash|Iron Head|p1a: Hola\n|-resisted|p1a: Hola\n|-damage|p1a: Hola|47\/100 slp\n|-damage|p2a: Tulalash|71\/100|[from] item: Life Orb\n|-curestatus|p1a: Hola|slp|[msg]\n|move|p1a: Hola|Curse|p1a: Hola\n|-unboost|p1a: Hola|spe|1\n|-boost|p1a: Hola|atk|1\n|-boost|p1a: Hola|def|1\n|\n|-heal|p1a: Hola|53\/100|[from] item: Leftovers\n|upkeep\n|turn|31\n|c|\u2606lolowtf09|solo tiene body slam\n|\n|t:|1699731045\n|move|p2a: Tulalash|Iron Head|p1a: Hola\n|-resisted|p1a: Hola\n|-damage|p1a: Hola|41\/100\n|-damage|p2a: Tulalash|61\/100|[from] item: Life Orb\n|move|p1a: Hola|Curse|p1a: Hola\n|-unboost|p1a: Hola|spe|1\n|-boost|p1a: Hola|atk|1\n|-boost|p1a: Hola|def|1\n|\n|-heal|p1a: Hola|47\/100|[from] item: Leftovers\n|-sideend|p2: lolowtf09|Reflect\n|upkeep\n|turn|32\n|c| PeppsiAsiEs|sacale los pp de rest lolo\n|\n|t:|1699731057\n|move|p2a: Tulalash|Iron Head|p1a: Hola\n|-resisted|p1a: Hola\n|-damage|p1a: Hola|37\/100\n|-damage|p2a: Tulalash|51\/100|[from] item: Life Orb\n|cant|p1a: Hola|flinch\n|\n|-heal|p1a: Hola|43\/100|[from] item: Leftovers\n|upkeep\n|turn|33\n|c| ericmont|Pero que haces\n|\n|t:|1699731066\n|move|p2a: Tulalash|Iron Head|p1a: Hola\n|-resisted|p1a: Hola\n|-damage|p1a: Hola|35\/100\n|-damage|p2a: Tulalash|41\/100|[from] item: Life Orb\n|cant|p1a: Hola|flinch\n|\n|-heal|p1a: Hola|41\/100|[from] item: Leftovers\n|upkeep\n|turn|34\n|c|\u2606lolowtf09|critico bb\n|c| ericmont|si eres lo\n|c| ericmont|wt\n|c| ericmont|FF\n|\n|t:|1699731084\n|move|p2a: Tulalash|Iron Head|p1a: Hola\n|-resisted|p1a: Hola\n|-crit|p1a: Hola\n|-damage|p1a: Hola|15\/100\n|-damage|p2a: Tulalash|31\/100|[from] item: Life Orb\n|move|p1a: Hola|Rest|p1a: Hola\n|-status|p1a: Hola|slp|[from] move: Rest\n|-heal|p1a: Hola|100\/100 slp|[silent]\n|\n|upkeep\n|turn|35\n|c| PeppsiAsiEs|NOOOOO\n|c| el p4n4|dale ajooooo\n|c| ericmont|Dale por favor\n|inactive|lolowtf09 has 270 seconds left.\n|\n|t:|1699731113\n|move|p2a: Tulalash|Iron Head|p1a: Hola\n|-resisted|p1a: Hola\n|-crit|p1a: Hola\n|-damage|p1a: Hola|71\/100 slp\n|-damage|p2a: Tulalash|21\/100|[from] item: Life Orb\n|cant|p1a: Hola|slp\n|move|p1a: Hola|Sleep Talk|p1a: Hola\n|move|p1a: Hola|Body Press|p2a: Tulalash|[from]move: Sleep Talk\n|-immune|p2a: Tulalash\n|\n|-heal|p1a: Hola|77\/100 slp|[from] item: Leftovers\n|upkeep\n|turn|36\n|\n|t:|1699731126\n|move|p2a: Tulalash|Iron Head|p1a: Hola\n|-resisted|p1a: Hola\n|-damage|p1a: Hola|67\/100 slp\n|-damage|p2a: Tulalash|12\/100|[from] item: Life Orb\n|cant|p1a: Hola|slp\n|move|p1a: Hola|Sleep Talk|p1a: Hola\n|move|p1a: Hola|Rest||[from]move: Sleep Talk|[still]\n|-fail|p1a: Hola\n|\n|-heal|p1a: Hola|74\/100 slp|[from] item: Leftovers\n|upkeep\n|turn|37\n|\n|t:|1699731138\n|move|p2a: Tulalash|Iron Head|p1a: Hola\n|-resisted|p1a: Hola\n|-damage|p1a: Hola|64\/100 slp\n|-damage|p2a: Tulalash|2\/100|[from] item: Life Orb\n|-curestatus|p1a: Hola|slp|[msg]\n|move|p1a: Hola|Curse|p1a: Hola\n|-unboost|p1a: Hola|spe|1\n|-boost|p1a: Hola|atk|1\n|-boost|p1a: Hola|def|1\n|\n|-heal|p1a: Hola|70\/100|[from] item: Leftovers\n|upkeep\n|turn|38\n|\n|t:|1699731150\n|move|p2a: Tulalash|Iron Head|p1a: Hola\n|-resisted|p1a: Hola\n|-damage|p1a: Hola|63\/100\n|-damage|p2a: Tulalash|0 fnt|[from] item: Life Orb\n|faint|p2a: Tulalash\n|move|p1a: Hola|Curse|p1a: Hola\n|-unboost|p1a: Hola|spe|1\n|-boost|p1a: Hola|atk|1\n|-boost|p1a: Hola|def|1\n|\n|-heal|p1a: Hola|69\/100|[from] item: Leftovers\n|upkeep\n|c|\u2606lolowtf09|nah\n|c|\u2606lolowtf09|gg creo\n|\n|t:|1699731170\n|switch|p2a: Leafeon pero feo|Sylveon, F|100\/100\n|turn|39\n|c| Sylveon(404)|ggs\n|c| ericmont|Queda al crit\n|c|\u2606lolowtf09|no creo\n|\n|t:|1699731187\n|move|p2a: Leafeon pero feo|Hyper Voice|p1a: Hola\n|-damage|p1a: Hola|34\/100\n|move|p1a: Hola|Rest|p1a: Hola\n|-status|p1a: Hola|slp|[from] move: Rest\n|-heal|p1a: Hola|100\/100 slp|[silent]\n|\n|upkeep\n|turn|40\n|c| ericmont|Espera\n|\n|t:|1699731194\n|move|p2a: Leafeon pero feo|Hyper Voice|p1a: Hola\n|-damage|p1a: Hola|68\/100 slp\n|cant|p1a: Hola|slp\n|move|p1a: Hola|Sleep Talk|p1a: Hola\n|move|p1a: Hola|Curse|p1a: Hola|[from]move: Sleep Talk\n|-unboost|p1a: Hola|spe|1\n|-boost|p1a: Hola|atk|1\n|-boost|p1a: Hola|def|1\n|\n|-heal|p1a: Hola|74\/100 slp|[from] item: Leftovers\n|upkeep\n|turn|41\n|c| ericmont|DROP\n|c| ericmont|Ah no olvida\n|c| PeppsiAsiEs|SE PUEDE\n|\n|t:|1699731208\n|move|p2a: Leafeon pero feo|Hyper Voice|p1a: Hola\n|-damage|p1a: Hola|38\/100 slp\n|cant|p1a: Hola|slp\n|move|p1a: Hola|Sleep Talk|p1a: Hola\n|move|p1a: Hola|Curse|p1a: Hola|[from]move: Sleep Talk\n|-unboost|p1a: Hola|spe|1\n|-boost|p1a: Hola|atk|1\n|-boost|p1a: Hola|def|1\n|\n|-heal|p1a: Hola|44\/100 slp|[from] item: Leftovers\n|upkeep\n|turn|42\n|c| ericmont|Tiene restos\n|c| Sylveon(404)|pega como madre con chancla\n|c| ericmont|EH\n|\n|t:|1699731221\n|move|p2a: Leafeon pero feo|Hyper Voice|p1a: Hola\n|-damage|p1a: Hola|10\/100 slp\n|-curestatus|p1a: Hola|slp|[msg]\n|move|p1a: Hola|Rest|p1a: Hola\n|-status|p1a: Hola|slp|[from] move: Rest\n|-heal|p1a: Hola|100\/100 slp|[silent]\n|\n|upkeep\n|turn|43\n|\n|t:|1699731230\n|move|p2a: Leafeon pero feo|Hyper Voice|p1a: Hola\n|-crit|p1a: Hola\n|-damage|p1a: Hola|51\/100 slp\n|cant|p1a: Hola|slp\n|move|p1a: Hola|Sleep Talk|p1a: Hola\n|move|p1a: Hola|Curse|p1a: Hola|[from]move: Sleep Talk\n|\n|-heal|p1a: Hola|58\/100 slp|[from] item: Leftovers\n|upkeep\n|turn|44\n|c| ericmont|Dep\n|l| Fabrizio8\n|c| PeppsiAsiEs|OJO\n|c| PeppsiAsiEs|OJO\n|c| Sylveon(404)|OJOO\n|j| Fabrizio8\n|c|\u2606lolowtf09|leafeon feo hazlo\n|\n|t:|1699731242\n|move|p2a: Leafeon pero feo|Hyper Voice|p1a: Hola\n|-damage|p1a: Hola|24\/100 slp\n|cant|p1a: Hola|slp\n|move|p1a: Hola|Sleep Talk|p1a: Hola\n|move|p1a: Hola|Curse|p1a: Hola|[from]move: Sleep Talk\n|\n|-heal|p1a: Hola|30\/100 slp|[from] item: Leftovers\n|upkeep\n|turn|45\n|c| el p4n4|nooo\n|c| ericmont|QUE NO SALGA\n|c| ericmont|PRESS\n|c| PeppsiAsiEs|OJO\n|c| Sylveon(404)|esa sylveon pega como mama enojada\n|\n|t:|1699731262\n|switch|p1a: DonValiente|Iron Valiant|7\/100 par\n|move|p2a: Leafeon pero feo|Hyper Voice|p1a: DonValiente\n|-supereffective|p1a: DonValiente\n|-damage|p1a: DonValiente|0 fnt\n|faint|p1a: DonValiente\n|-end|p1a: DonValiente|Quark Drive|[silent]\n|\n|upkeep\n|c|\u2606lolowtf09|uy\n|c| ericmont|Uy\n|\n|t:|1699731272\n|switch|p1a: Tebar|Garganacl, F|100\/100\n|turn|46\n|c| ericmont|eh\n|\n|t:|1699731282\n|-terastallize|p2a: Leafeon pero feo|Ground\n|move|p2a: Leafeon pero feo|Tera Blast|p1a: Tebar|[anim] Tera Blast Ground\n|-supereffective|p1a: Tebar\n|-damage|p1a: Tebar|38\/100\n|move|p1a: Tebar|Salt Cure|p2a: Leafeon pero feo\n|-resisted|p2a: Leafeon pero feo\n|-damage|p2a: Leafeon pero feo|91\/100\n|-start|p2a: Leafeon pero feo|Salt Cure\n|\n|-heal|p1a: Tebar|44\/100|[from] item: Leftovers\n|-damage|p2a: Leafeon pero feo|79\/100|[from] Salt Cure\n|upkeep\n|turn|47\n|c| ericmont|OJO\n|c| PeppsiAsiEs|OSTIA\n|\n|t:|1699731295\n|move|p1a: Tebar|Protect|p1a: Tebar\n|-singleturn|p1a: Tebar|Protect\n|move|p2a: Leafeon pero feo|Hyper Voice|p1a: Tebar\n|-activate|p1a: Tebar|move: Protect\n|\n|-heal|p1a: Tebar|50\/100|[from] item: Leftovers\n|-damage|p2a: Leafeon pero feo|66\/100|[from] Salt Cure\n|upkeep\n|turn|48\n|c| ericmont|Ah nada\n|c| ericmont|el maushold gana\n|c|\u2606lolowtf09|no creas\n|\n|t:|1699731319\n|move|p1a: Tebar|Protect||[still]\n|-fail|p1a: Tebar\n|move|p2a: Leafeon pero feo|Tera Blast|p1a: Tebar|[anim] Tera Blast Ground\n|-supereffective|p1a: Tebar\n|-damage|p1a: Tebar|0 fnt\n|faint|p1a: Tebar\n|\n|-damage|p2a: Leafeon pero feo|54\/100|[from] Salt Cure\n|upkeep\n|c| ericmont|Shhh\n|c|\u2606lolowtf09|confio en que mi gorda aguanta al maushold\n|inactive|AjoFC has 270 seconds left.\n|\n|t:|1699731335\n|switch|p1a: Hola|Dondozo, M|30\/100 slp\n|turn|49\n|c| ericmont|No creo\n|\n|t:|1699731341\n|move|p2a: Leafeon pero feo|Hyper Voice|p1a: Hola\n|-damage|p1a: Hola|0 fnt\n|faint|p1a: Hola\n|\n|-damage|p2a: Leafeon pero feo|42\/100|[from] Salt Cure\n|upkeep\n|\n|t:|1699731347\n|switch|p1a: Reproducci\u00f3n|Maushold-Four|100\/100\n|turn|50\n|c|\u2606lolowtf09|francia demostrando barrio\n|c| Sylveon(404)|ni a palo gana lolo\n|inactive|AjoFC has 270 seconds left.\n|c| ericmont|ya esta eloy\n|c| ericmont|Perdimos\n|c|\u2606lolowtf09|seguro\n|c| ericmont|98%\n|\n|t:|1699731382\n|move|p2a: Leafeon pero feo|Quick Attack|p1a: Reproducci\u00f3n\n|-crit|p1a: Reproducci\u00f3n\n|-damage|p1a: Reproducci\u00f3n|70\/100\n|move|p1a: Reproducci\u00f3n|Tidy Up|p1a: Reproducci\u00f3n\n|-boost|p1a: Reproducci\u00f3n|atk|1\n|-boost|p1a: Reproducci\u00f3n|spe|1\n|\n|-damage|p2a: Leafeon pero feo|29\/100|[from] Salt Cure\n|upkeep\n|turn|51\n|c| ericmont|creo\n|c|\u2606lolowtf09|dejame intentar algo\n|c| ericmont|que\n|\n|t:|1699731393\n|move|p2a: Leafeon pero feo|Quick Attack|p1a: Reproducci\u00f3n\n|-damage|p1a: Reproducci\u00f3n|53\/100\n|move|p1a: Reproducci\u00f3n|Population Bomb|p2a: Leafeon pero feo\n|-damage|p2a: Leafeon pero feo|8\/100\n|-damage|p2a: Leafeon pero feo|0 fnt\n|faint|p2a: Leafeon pero feo\n|-hitcount|p2: Leafeon pero feo|2\n|\n|upkeep\n|\n|t:|1699731398\n|switch|p2a: GordiBuena|Slurpuff, F, shiny|100\/100\n|turn|52\n|c| ericmont|AH\n|c| ericmont|SI\n|c|\u2606lolowtf09|solo por si\n|\n|t:|1699731410\n|move|p1a: Reproducci\u00f3n|Population Bomb|p2a: GordiBuena\n|-damage|p2a: GordiBuena|81\/100\n|-damage|p2a: GordiBuena|59\/100\n|-damage|p2a: GordiBuena|38\/100\n|-enditem|p2a: GordiBuena|Sitrus Berry|[eat]\n|-heal|p2a: GordiBuena|63\/100|[from] item: Sitrus Berry\n|-damage|p2a: GordiBuena|41\/100\n|-damage|p2a: GordiBuena|20\/100\n|-damage|p2a: GordiBuena|1\/100\n|-crit|p2a: GordiBuena\n|-damage|p2a: GordiBuena|0 fnt\n|faint|p2a: GordiBuena\n|-hitcount|p2: GordiBuena|7\n|\n|upkeep\n|c|\u2606lolowtf09|no\n|c| ericmont|Ah no\n|c| ericmont|sad\n|c| el p4n4|BIEEEN\n|c|\u2606lolowtf09|ggg\n|\n|t:|1699731424\n|switch|p2a: Volcanion|Volcanion|100\/100\n|turn|53\n|c| Sylveon(404)|YESSSSSSSSSSS\n|\n|t:|1699731428\n|move|p1a: Reproducci\u00f3n|Population Bomb|p2a: Volcanion\n|-damage|p2a: Volcanion|86\/100\n|-crit|p2a: Volcanion\n|-damage|p2a: Volcanion|66\/100\n|-damage|p2a: Volcanion|51\/100\n|-damage|p2a: Volcanion|38\/100\n|-damage|p2a: Volcanion|24\/100\n|-crit|p2a: Volcanion\n|-damage|p2a: Volcanion|5\/100\n|-damage|p2a: Volcanion|0 fnt\n|faint|p2a: Volcanion\n|-hitcount|p2: Volcanion|7\n|\n|win|AjoFC\n|c| ericmont|Era tirar hyper voice\n|c|\u2606lolowtf09|ya se\n|c| el p4n4|BIEEEEN\n|l| Sylveon(404)\n|c| ericmont|si tirabas hyper voice ganabas siempre\n|c| ericmont|bueno\n|c| ericmont|gg\n","uploadtime":1699731447,"views":7,"p1id":"ajofc","p2id":"lolowtf09","formatid":"gen9nationaldex","rating":0,"private":0,"password":""}