{"id":"gen9nationaldex-1998259169","p1":"bonzay","p2":"poetlv","format":"[Gen 9] National Dex","log":"|html|<div class=\"broadcast-blue\"><strong>[Gen 9] National Dex is currently suspecting Sneasler! For information on how to participate check out the <a href=\"https:\/\/www.smogon.com\/forums\/threads\/sv-national-dex-suspect-8-just-dance.3731534\/\">suspect thread<\/a>.<\/strong><\/div>\n|j|\u2606bonzay\n|j|\u2606poetlv\n|t:|1700921145\n|gametype|singles\n|player|p1|bonzay|102|1528\n|player|p2|poetlv|steven|1584\n|teamsize|p1|6\n|teamsize|p2|6\n|gen|9\n|tier|[Gen 9] National Dex\n|rated|\n|rule|HP Percentage Mod: HP is shown in percentages\n|rule|Endless Battle Clause: Forcing endless battles is banned\n|rule|OHKO Clause: OHKO moves are banned\n|rule|Evasion Clause: Evasion abilities, items, and moves are banned\n|rule|Evasion Abilities Clause: Evasion abilities are banned\n|rule|Evasion Items Clause: Evasion items are banned\n|rule|Evasion Moves Clause: Evasion moves are banned\n|rule|Species Clause: Limit one of each Pok\u00e9mon\n|rule|Sleep Clause Mod: Limit one foe put to sleep\n|clearpoke\n|poke|p1|Mawile, M|\n|poke|p1|Blacephalon|\n|poke|p1|Celesteela|\n|poke|p1|Porygon-Z|\n|poke|p1|Great Tusk|\n|poke|p1|Barraskewda, F|\n|poke|p2|Mawile, M|\n|poke|p2|Marowak-Alola, F|\n|poke|p2|Hatterene, F|\n|poke|p2|Cresselia, F|\n|poke|p2|Porygon2|\n|poke|p2|Ursaluna, M|\n|teampreview\n|inactive|Battle timer is ON: inactive players will automatically lose when time's up. (requested by bonzay)\n|\n|t:|1700921161\n|start\n|switch|p1a: Barraskewda|Barraskewda, F|100\/100\n|switch|p2a: Hatterene|Hatterene, F|100\/100\n|turn|1\n|\n|t:|1700921170\n|move|p1a: Barraskewda|Flip Turn|p2a: Hatterene\n|-damage|p2a: Hatterene|47\/100\n|\n|t:|1700921172\n|switch|p1a: Great Tusk|Great Tusk|100\/100|[from] Flip Turn\n|move|p2a: Hatterene|Trick Room|p2a: Hatterene\n|-fieldstart|move: Trick Room|[of] p2a: Hatterene\n|\n|upkeep\n|turn|2\n|\n|t:|1700921180\n|-end|p1a: Great Tusk|Protosynthesis|[silent]\n|switch|p1a: Celesteela|Celesteela|100\/100\n|move|p2a: Hatterene|Misty Explosion|p1a: Celesteela\n|-resisted|p1a: Celesteela\n|-damage|p1a: Celesteela|70\/100\n|faint|p2a: Hatterene\n|\n|upkeep\n|\n|t:|1700921194\n|switch|p2a: Marowak|Marowak-Alola, F|100\/100\n|turn|3\n|\n|t:|1700921206\n|switch|p1a: Great Tusk|Great Tusk|100\/100\n|move|p2a: Marowak|Flare Blitz|p1a: Great Tusk\n|-damage|p1a: Great Tusk|44\/100\n|-damage|p2a: Marowak|84\/100|[from] item: Rocky Helmet|[of] p1a: Great Tusk\n|\n|upkeep\n|turn|4\n|\n|t:|1700921214\n|-terastallize|p1a: Great Tusk|Water\n|move|p2a: Marowak|Flare Blitz|p1a: Great Tusk\n|-resisted|p1a: Great Tusk\n|-damage|p1a: Great Tusk|18\/100\n|-status|p1a: Great Tusk|brn\n|-damage|p2a: Marowak|67\/100|[from] item: Rocky Helmet|[of] p1a: Great Tusk\n|move|p1a: Great Tusk|Earthquake|p2a: Marowak\n|-supereffective|p2a: Marowak\n|-damage|p2a: Marowak|16\/100\n|\n|-damage|p1a: Great Tusk|12\/100 brn|[from] brn\n|upkeep\n|turn|5\n|\n|t:|1700921225\n|move|p2a: Marowak|Flare Blitz|p1a: Great Tusk\n|-resisted|p1a: Great Tusk\n|-damage|p1a: Great Tusk|0 fnt\n|-damage|p2a: Marowak|0 fnt|[from] item: Rocky Helmet|[of] p1a: Great Tusk\n|faint|p1a: Great Tusk\n|-end|p1a: Great Tusk|Protosynthesis|[silent]\n|faint|p2a: Marowak\n|\n|-fieldend|move: Trick Room\n|upkeep\n|\n|t:|1700921244\n|switch|p1a: Mawile|Mawile, M|100\/100\n|switch|p2a: Porygon2|Porygon2|100\/100\n|-ability|p1a: Mawile|Intimidate|boost\n|-unboost|p2a: Porygon2|atk|1\n|-ability|p2a: Porygon2|Intimidate|boost\n|-unboost|p1a: Mawile|atk|1\n|-ability|p2a: Porygon2|Intimidate|[from] ability: Trace|[of] p1a: Mawile\n|turn|6\n|\n|t:|1700921255\n|detailschange|p1a: Mawile|Mawile-Mega, M\n|-mega|p1a: Mawile|Mawile|Mawilite\n|move|p1a: Mawile|Swords Dance|p1a: Mawile\n|-boost|p1a: Mawile|atk|2\n|move|p2a: Porygon2|Trick Room|p2a: Porygon2\n|-fieldstart|move: Trick Room|[of] p2a: Porygon2\n|\n|upkeep\n|turn|7\n|\n|t:|1700921263\n|move|p1a: Mawile|Swords Dance|p1a: Mawile\n|-boost|p1a: Mawile|atk|2\n|move|p2a: Porygon2|Teleport|p2a: Porygon2\n|\n|t:|1700921274\n|switch|p2a: Ursaluna|Ursaluna, M|100\/100|[from] Teleport\n|\n|-status|p2a: Ursaluna|brn|[from] item: Flame Orb\n|upkeep\n|turn|8\n|\n|t:|1700921286\n|move|p1a: Mawile|Sucker Punch|p2a: Ursaluna\n|-damage|p2a: Ursaluna|26\/100 brn\n|move|p2a: Ursaluna|Earthquake|p1a: Mawile\n|-supereffective|p1a: Mawile\n|-damage|p1a: Mawile|0 fnt\n|faint|p1a: Mawile\n|\n|-damage|p2a: Ursaluna|20\/100 brn|[from] brn\n|upkeep\n|\n|t:|1700921292\n|switch|p1a: Celesteela|Celesteela|70\/100\n|turn|9\n|\n|t:|1700921300\n|move|p2a: Ursaluna|Fire Punch|p1a: Celesteela\n|-supereffective|p1a: Celesteela\n|-damage|p1a: Celesteela|0 fnt\n|faint|p1a: Celesteela\n|\n|-damage|p2a: Ursaluna|14\/100 brn|[from] brn\n|upkeep\n|\n|t:|1700921308\n|switch|p1a: Porygon-Z|Porygon-Z|100\/100\n|turn|10\n|\n|t:|1700921320\n|move|p2a: Ursaluna|Facade|p1a: Porygon-Z\n|-damage|p1a: Porygon-Z|0 fnt\n|faint|p1a: Porygon-Z\n|\n|-damage|p2a: Ursaluna|8\/100 brn|[from] brn\n|-fieldend|move: Trick Room\n|upkeep\n|\n|t:|1700921323\n|switch|p1a: Barraskewda|Barraskewda, F|100\/100\n|turn|11\n|\n|t:|1700921342\n|switch|p2a: Mawile|Mawile, M|100\/100\n|-ability|p2a: Mawile|Intimidate|boost\n|-unboost|p1a: Barraskewda|atk|1\n|move|p1a: Barraskewda|Flip Turn|p2a: Mawile\n|-damage|p2a: Mawile|59\/100\n|\n|t:|1700921344\n|switch|p1a: Blacephalon|Blacephalon|100\/100|[from] Flip Turn\n|\n|upkeep\n|turn|12\n|\n|t:|1700921351\n|switch|p1a: Barraskewda|Barraskewda, F|100\/100\n|detailschange|p2a: Mawile|Mawile-Mega, M\n|-mega|p2a: Mawile|Mawile|Mawilite\n|move|p2a: Mawile|Sucker Punch||[still]\n|-fail|p2a: Mawile\n|\n|upkeep\n|turn|13\n|\n|t:|1700921355\n|move|p2a: Mawile|Sucker Punch|p1a: Barraskewda\n|-damage|p1a: Barraskewda|3\/100\n|move|p1a: Barraskewda|Liquidation|p2a: Mawile\n|-damage|p2a: Mawile|0 fnt\n|faint|p2a: Mawile\n|\n|upkeep\n|\n|t:|1700921365\n|switch|p2a: Porygon2|Porygon2|100\/100\n|-ability|p2a: Porygon2|Swift Swim|[from] ability: Trace|[of] p1a: Barraskewda\n|turn|14\n|\n|t:|1700921375\n|move|p1a: Barraskewda|Liquidation|p2a: Porygon2\n|-damage|p2a: Porygon2|66\/100\n|move|p2a: Porygon2|Trick Room|p2a: Porygon2\n|-fieldstart|move: Trick Room|[of] p2a: Porygon2\n|\n|upkeep\n|turn|15\n|\n|t:|1700921385\n|move|p2a: Porygon2|Thunderbolt|p1a: Barraskewda\n|-supereffective|p1a: Barraskewda\n|-damage|p1a: Barraskewda|0 fnt\n|faint|p1a: Barraskewda\n|\n|upkeep\n|\n|t:|1700921387\n|switch|p1a: Blacephalon|Blacephalon|100\/100\n|turn|16\n|\n|t:|1700921395\n|move|p1a: Blacephalon|Flamethrower|p2a: Porygon2\n|-damage|p2a: Porygon2|34\/100\n|move|p2a: Porygon2|Teleport|p2a: Porygon2\n|-message|bonzay forfeited.\n|\n|win|poetlv\n|raw|bonzay's rating: 1528 &rarr; <strong>1511<\/strong><br \/>(-17 for losing)\n|raw|poetlv's rating: 1584 &rarr; <strong>1601<\/strong><br \/>(+17 for winning)\n|l|\u2606bonzay\n","uploadtime":1700921403,"views":0,"p1id":"bonzay","p2id":"poetlv","formatid":"gen9nationaldex","rating":1511,"private":0,"password":""}