{"id":"gen9nationaldex-1992681380","p1":"kingski438","p2":"dahu\u306eai","format":"[Gen 9] National Dex","log":"|j|\u2606kingski438\n|j|\u2606dahu\u306eai\n|t:|1700224590\n|gametype|singles\n|player|p1|kingski438|camper|1232\n|player|p2|dahu\u306eai|cynthia-anime2|1165\n|teamsize|p1|6\n|teamsize|p2|6\n|gen|9\n|tier|[Gen 9] National Dex\n|rated|\n|rule|HP Percentage Mod: HP is shown in percentages\n|rule|Endless Battle Clause: Forcing endless battles is banned\n|rule|OHKO Clause: OHKO moves are banned\n|rule|Evasion Clause: Evasion abilities, items, and moves are banned\n|rule|Evasion Abilities Clause: Evasion abilities are banned\n|rule|Evasion Items Clause: Evasion items are banned\n|rule|Evasion Moves Clause: Evasion moves are banned\n|rule|Species Clause: Limit one of each Pok\u00e9mon\n|rule|Sleep Clause Mod: Limit one foe put to sleep\n|clearpoke\n|poke|p1|Toxapex, M|\n|poke|p1|Serperior, M|\n|poke|p1|Ferrothorn, F|\n|poke|p1|Charizard, M|\n|poke|p1|Great Tusk|\n|poke|p1|Samurott-Hisui, M|\n|poke|p2|Garchomp, M|\n|poke|p2|Lucario, M|\n|poke|p2|Milotic, F|\n|poke|p2|Spiritomb, M|\n|poke|p2|Togekiss, F|\n|poke|p2|Roserade, F|\n|teampreview\n|\n|t:|1700224610\n|start\n|switch|p1a: Samurott|Samurott-Hisui, M|100\/100\n|switch|p2a: Roserade|Roserade, F|100\/100\n|turn|1\n|inactive|Battle timer is ON: inactive players will automatically lose when time's up. (requested by dahu\u306eai)\n|\n|t:|1700224623\n|switch|p1a: Ferrothorn|Ferrothorn, F|100\/100\n|move|p2a: Roserade|Energy Ball|p1a: Ferrothorn\n|-resisted|p1a: Ferrothorn\n|-damage|p1a: Ferrothorn|91\/100\n|-unboost|p1a: Ferrothorn|spd|1\n|\n|-heal|p1a: Ferrothorn|98\/100|[from] item: Leftovers\n|upkeep\n|turn|2\n|\n|t:|1700224642\n|switch|p2a: Togekiss|Togekiss, F|100\/100\n|move|p1a: Ferrothorn|Knock Off|p2a: Togekiss\n|-resisted|p2a: Togekiss\n|-damage|p2a: Togekiss|89\/100\n|-enditem|p2a: Togekiss|Choice Specs|[from] move: Knock Off|[of] p1a: Ferrothorn\n|\n|-heal|p1a: Ferrothorn|100\/100|[from] item: Leftovers\n|upkeep\n|turn|3\n|\n|t:|1700224655\n|move|p2a: Togekiss|Trick|p1a: Ferrothorn\n|-activate|p2a: Togekiss|move: Trick|[of] p1a: Ferrothorn\n|-enditem|p1a: Ferrothorn|Leftovers|[silent]|[from] move: Trick\n|-item|p2a: Togekiss|Leftovers|[from] move: Trick\n|move|p1a: Ferrothorn|Leech Seed|p2a: Togekiss\n|-start|p2a: Togekiss|move: Leech Seed\n|\n|-heal|p2a: Togekiss|95\/100|[from] item: Leftovers\n|-damage|p2a: Togekiss|83\/100|[from] Leech Seed|[of] p1a: Ferrothorn\n|upkeep\n|turn|4\n|\n|t:|1700224666\n|move|p2a: Togekiss|Air Slash|p1a: Ferrothorn\n|-damage|p1a: Ferrothorn|54\/100\n|cant|p1a: Ferrothorn|flinch\n|\n|-heal|p2a: Togekiss|89\/100|[from] item: Leftovers\n|-damage|p2a: Togekiss|76\/100|[from] Leech Seed|[of] p1a: Ferrothorn\n|-heal|p1a: Ferrothorn|66\/100|[silent]\n|upkeep\n|turn|5\n|\n|t:|1700224679\n|switch|p1a: Samurott|Samurott-Hisui, M|100\/100\n|move|p2a: Togekiss|Air Slash|p1a: Samurott\n|-damage|p1a: Samurott|50\/100\n|\n|-heal|p1a: Samurott|56\/100|[from] item: Leftovers\n|-heal|p2a: Togekiss|83\/100|[from] item: Leftovers\n|-damage|p2a: Togekiss|70\/100|[from] Leech Seed|[of] p1a: Samurott\n|-heal|p1a: Samurott|69\/100|[silent]\n|upkeep\n|turn|6\n|\n|t:|1700224699\n|switch|p2a: Milotic|Milotic, F|100\/100\n|move|p1a: Samurott|Razor Shell|p2a: Milotic\n|-resisted|p2a: Milotic\n|-damage|p2a: Milotic|73\/100\n|-unboost|p2a: Milotic|def|1\n|\n|-heal|p1a: Samurott|75\/100|[from] item: Leftovers\n|-status|p2a: Milotic|brn|[from] item: Flame Orb\n|upkeep\n|turn|7\n|\n|t:|1700224714\n|move|p1a: Samurott|Ceaseless Edge|p2a: Milotic|[miss]\n|-miss|p1a: Samurott|p2a: Milotic\n|move|p2a: Milotic|Recover|p2a: Milotic\n|-heal|p2a: Milotic|100\/100 brn\n|\n|-heal|p1a: Samurott|81\/100|[from] item: Leftovers\n|-damage|p2a: Milotic|94\/100 brn|[from] brn\n|upkeep\n|turn|8\n|\n|t:|1700224725\n|move|p1a: Samurott|Ceaseless Edge|p2a: Milotic\n|-damage|p2a: Milotic|45\/100 brn\n|-sidestart|p2: dahu\u306eai|Spikes\n|move|p2a: Milotic|Toxic|p1a: Samurott\n|-status|p1a: Samurott|tox\n|\n|-heal|p1a: Samurott|87\/100 tox|[from] item: Leftovers\n|-damage|p1a: Samurott|81\/100 tox|[from] psn\n|-damage|p2a: Milotic|39\/100 brn|[from] brn\n|upkeep\n|turn|9\n|\n|t:|1700224738\n|switch|p2a: Spiritomb|Spiritomb, M|100\/100\n|-ability|p2a: Spiritomb|Pressure\n|move|p1a: Samurott|Ceaseless Edge|p2a: Spiritomb\n|-crit|p2a: Spiritomb\n|-damage|p2a: Spiritomb|51\/100\n|-sidestart|p2: dahu\u306eai|Spikes\n|\n|-heal|p1a: Samurott|87\/100 tox|[from] item: Leftovers\n|-damage|p1a: Samurott|75\/100 tox|[from] psn\n|upkeep\n|turn|10\n|\n|t:|1700224754\n|move|p1a: Samurott|Ceaseless Edge|p2a: Spiritomb\n|-damage|p2a: Spiritomb|14\/100\n|-sidestart|p2: dahu\u306eai|Spikes\n|move|p2a: Spiritomb|Dark Pulse|p1a: Samurott\n|-resisted|p1a: Samurott\n|-damage|p1a: Samurott|56\/100 tox\n|\n|-heal|p1a: Samurott|62\/100 tox|[from] item: Leftovers\n|-damage|p1a: Samurott|44\/100 tox|[from] psn\n|upkeep\n|turn|11\n|\n|t:|1700224765\n|move|p1a: Samurott|Ceaseless Edge|p2a: Spiritomb\n|-damage|p2a: Spiritomb|0 fnt\n|faint|p2a: Spiritomb\n|\n|-heal|p1a: Samurott|50\/100 tox|[from] item: Leftovers\n|-damage|p1a: Samurott|25\/100 tox|[from] psn\n|upkeep\n|inactive|dahu\u306eai has 120 seconds left.\n|\n|t:|1700224781\n|switch|p2a: Roserade|Roserade, F|100\/100\n|-damage|p2a: Roserade|76\/100|[from] Spikes\n|turn|12\n|inactive|dahu\u306eai has 120 seconds left.\n|\n|t:|1700224792\n|switch|p1a: Charizard|Charizard, M|100\/100\n|move|p2a: Roserade|Hidden Power|p1a: Charizard\n|-damage|p1a: Charizard|61\/100\n|\n|upkeep\n|turn|13\n|inactive|dahu\u306eai has 120 seconds left.\n|\n|t:|1700224827\n|switch|p2a: Milotic|Milotic, F|39\/100 brn\n|-damage|p2a: Milotic|14\/100 brn|[from] Spikes\n|detailschange|p1a: Charizard|Charizard-Mega-Y, M\n|-mega|p1a: Charizard|Charizard|Charizardite Y\n|-weather|SunnyDay|[from] ability: Drought|[of] p1a: Charizard\n|move|p1a: Charizard|Weather Ball|p2a: Milotic\n|-resisted|p2a: Milotic\n|-damage|p2a: Milotic|0 fnt\n|faint|p2a: Milotic\n|\n|-weather|SunnyDay|[upkeep]\n|upkeep\n|inactive|dahu\u306eai has 90 seconds left.\n|\n|t:|1700224841\n|switch|p2a: Roserade|Roserade, F|76\/100\n|-damage|p2a: Roserade|51\/100|[from] Spikes\n|turn|14\n|\n|t:|1700224848\n|move|p2a: Roserade|Sludge Bomb|p1a: Charizard\n|-damage|p1a: Charizard|17\/100\n|move|p1a: Charizard|Weather Ball|p2a: Roserade\n|-supereffective|p2a: Roserade\n|-damage|p2a: Roserade|0 fnt\n|faint|p2a: Roserade\n|\n|-weather|SunnyDay|[upkeep]\n|upkeep\n|\n|t:|1700224858\n|switch|p2a: Garchomp|Garchomp, M|100\/100\n|-damage|p2a: Garchomp|76\/100|[from] Spikes\n|turn|15\n|\n|t:|1700224866\n|move|p2a: Garchomp|Scale Shot|p1a: Charizard\n|-damage|p1a: Charizard|0 fnt\n|faint|p1a: Charizard\n|-hitcount|p1: Charizard|1\n|-unboost|p2a: Garchomp|def|1\n|-boost|p2a: Garchomp|spe|1\n|\n|-weather|SunnyDay|[upkeep]\n|upkeep\n|\n|t:|1700224872\n|switch|p1a: Samurott|Samurott-Hisui, M|25\/100 tox\n|turn|16\n|\n|t:|1700224879\n|move|p2a: Garchomp|Earthquake|p1a: Samurott\n|-damage|p1a: Samurott|0 fnt\n|faint|p1a: Samurott\n|\n|-weather|SunnyDay|[upkeep]\n|upkeep\n|\n|t:|1700224884\n|switch|p1a: Serperior|Serperior, M|100\/100\n|turn|17\n|inactive|dahu\u306eai has 120 seconds left.\n|\n|t:|1700224892\n|detailschange|p2a: Garchomp|Garchomp-Mega, M\n|-mega|p2a: Garchomp|Garchomp|Garchompite\n|move|p2a: Garchomp|Fire Fang|p1a: Serperior\n|-supereffective|p1a: Serperior\n|-damage|p1a: Serperior|0 fnt\n|faint|p1a: Serperior\n|\n|-weather|none\n|upkeep\n|\n|t:|1700224897\n|switch|p1a: Great Tusk|Great Tusk|100\/100\n|turn|18\n|\n|t:|1700224907\n|switch|p2a: Togekiss|Togekiss, F|70\/100\n|move|p1a: Great Tusk|Rock Slide|p2a: Togekiss\n|-supereffective|p2a: Togekiss\n|-damage|p2a: Togekiss|24\/100\n|\n|-heal|p2a: Togekiss|30\/100|[from] item: Leftovers\n|upkeep\n|turn|19\n|\n|t:|1700224919\n|move|p2a: Togekiss|Roost|p2a: Togekiss\n|-heal|p2a: Togekiss|80\/100\n|-singleturn|p2a: Togekiss|move: Roost\n|move|p1a: Great Tusk|Rock Slide|p2a: Togekiss\n|-damage|p2a: Togekiss|55\/100\n|\n|-heal|p2a: Togekiss|61\/100|[from] item: Leftovers\n|upkeep\n|turn|20\n|\n|t:|1700224930\n|-end|p1a: Great Tusk|Protosynthesis|[silent]\n|switch|p1a: Toxapex|Toxapex, M|100\/100\n|move|p2a: Togekiss|Roost|p2a: Togekiss\n|-heal|p2a: Togekiss|100\/100\n|-singleturn|p2a: Togekiss|move: Roost\n|\n|upkeep\n|turn|21\n|\n|t:|1700224938\n|move|p2a: Togekiss|Defog|p1a: Toxapex\n|-unboost|p1a: Toxapex|evasion|1\n|-sideend|p2: dahu\u306eai|Spikes|[from] move: Defog|[of] p2a: Togekiss\n|move|p1a: Toxapex|Toxic|p2a: Togekiss\n|-status|p2a: Togekiss|tox\n|\n|-damage|p2a: Togekiss|94\/100 tox|[from] psn\n|upkeep\n|turn|22\n|\n|t:|1700224947\n|move|p2a: Togekiss|Air Slash|p1a: Toxapex\n|-damage|p1a: Toxapex|71\/100\n|cant|p1a: Toxapex|flinch\n|\n|-heal|p2a: Togekiss|100\/100 tox|[from] item: Leftovers\n|-heal|p1a: Toxapex|77\/100|[from] item: Black Sludge\n|-damage|p2a: Togekiss|88\/100 tox|[from] psn\n|upkeep\n|turn|23\n|\n|t:|1700224962\n|move|p2a: Togekiss|Air Slash|p1a: Toxapex\n|-damage|p1a: Toxapex|48\/100\n|cant|p1a: Toxapex|flinch\n|\n|-heal|p2a: Togekiss|94\/100 tox|[from] item: Leftovers\n|-heal|p1a: Toxapex|54\/100|[from] item: Black Sludge\n|-damage|p2a: Togekiss|76\/100 tox|[from] psn\n|upkeep\n|turn|24\n|\n|t:|1700224979\n|move|p1a: Toxapex|Baneful Bunker|p1a: Toxapex\n|-singleturn|p1a: Toxapex|move: Protect\n|move|p2a: Togekiss|Air Slash|p1a: Toxapex\n|-activate|p1a: Toxapex|move: Protect\n|\n|-heal|p2a: Togekiss|82\/100 tox|[from] item: Leftovers\n|-heal|p1a: Toxapex|60\/100|[from] item: Black Sludge\n|-damage|p2a: Togekiss|57\/100 tox|[from] psn\n|upkeep\n|turn|25\n|\n|t:|1700224992\n|switch|p1a: Ferrothorn|Ferrothorn, F|66\/100\n|move|p2a: Togekiss|Air Slash|p1a: Ferrothorn\n|-damage|p1a: Ferrothorn|35\/100\n|\n|-heal|p2a: Togekiss|64\/100 tox|[from] item: Leftovers\n|-damage|p2a: Togekiss|33\/100 tox|[from] psn\n|upkeep\n|turn|26\n|\n|t:|1700225008\n|move|p2a: Togekiss|Air Slash|p1a: Ferrothorn\n|-damage|p1a: Ferrothorn|7\/100\n|move|p1a: Ferrothorn|Leech Seed|p2a: Togekiss\n|-start|p2a: Togekiss|move: Leech Seed\n|\n|-heal|p2a: Togekiss|39\/100 tox|[from] item: Leftovers\n|-damage|p2a: Togekiss|27\/100 tox|[from] Leech Seed|[of] p1a: Ferrothorn\n|-heal|p1a: Ferrothorn|18\/100|[silent]\n|-damage|p2a: Togekiss|0 fnt|[from] psn\n|faint|p2a: Togekiss\n|upkeep\n|\n|t:|1700225027\n|switch|p2a: Lucario|Lucario, M|100\/100\n|turn|27\n|\n|t:|1700225041\n|move|p2a: Lucario|Swagger|p1a: Ferrothorn\n|-boost|p1a: Ferrothorn|atk|2\n|-enditem|p2a: Lucario|Mirror Herb\n|-boost|p2a: Lucario|atk|2|[from] item: Mirror Herb\n|-start|p1a: Ferrothorn|confusion\n|-activate|p1a: Ferrothorn|confusion\n|-damage|p1a: Ferrothorn|7\/100|[from] confusion\n|\n|upkeep\n|turn|28\n|\n|t:|1700225066\n|move|p2a: Lucario|Extreme Speed|p1a: Ferrothorn\n|-resisted|p1a: Ferrothorn\n|-damage|p1a: Ferrothorn|0 fnt\n|-damage|p2a: Lucario|88\/100|[from] ability: Iron Barbs|[of] p1a: Ferrothorn\n|faint|p1a: Ferrothorn\n|\n|upkeep\n|\n|t:|1700225071\n|switch|p1a: Toxapex|Toxapex, M|94\/100\n|turn|29\n|\n|t:|1700225078\n|-terastallize|p2a: Lucario|Normal\n|move|p2a: Lucario|Close Combat|p1a: Toxapex\n|-resisted|p1a: Toxapex\n|-damage|p1a: Toxapex|56\/100\n|-unboost|p2a: Lucario|def|1\n|-unboost|p2a: Lucario|spd|1\n|move|p1a: Toxapex|Toxic|p2a: Lucario\n|-status|p2a: Lucario|tox\n|\n|-heal|p1a: Toxapex|62\/100|[from] item: Black Sludge\n|-damage|p2a: Lucario|82\/100 tox|[from] psn\n|upkeep\n|turn|30\n|\n|t:|1700225096\n|move|p2a: Lucario|Extreme Speed|p1a: Toxapex\n|-damage|p1a: Toxapex|13\/100\n|move|p1a: Toxapex|Toxic Spikes|p2a: Lucario\n|-sidestart|p2: dahu\u306eai|move: Toxic Spikes\n|\n|-heal|p1a: Toxapex|19\/100|[from] item: Black Sludge\n|-damage|p2a: Lucario|70\/100 tox|[from] psn\n|upkeep\n|turn|31\n|\n|t:|1700225107\n|move|p1a: Toxapex|Baneful Bunker|p1a: Toxapex\n|-singleturn|p1a: Toxapex|move: Protect\n|move|p2a: Lucario|Extreme Speed|p1a: Toxapex\n|-activate|p1a: Toxapex|move: Protect\n|\n|-heal|p1a: Toxapex|25\/100|[from] item: Black Sludge\n|-damage|p2a: Lucario|52\/100 tox|[from] psn\n|upkeep\n|turn|32\n|\n|t:|1700225120\n|switch|p1a: Great Tusk|Great Tusk|100\/100\n|move|p2a: Lucario|Extreme Speed|p1a: Great Tusk\n|-damage|p1a: Great Tusk|62\/100\n|-damage|p2a: Lucario|35\/100 tox|[from] item: Rocky Helmet|[of] p1a: Great Tusk\n|\n|-damage|p2a: Lucario|11\/100 tox|[from] psn\n|upkeep\n|turn|33\n|\n|t:|1700225131\n|move|p2a: Lucario|Extreme Speed|p1a: Great Tusk\n|-damage|p1a: Great Tusk|25\/100\n|-damage|p2a: Lucario|0 fnt|[from] item: Rocky Helmet|[of] p1a: Great Tusk\n|faint|p2a: Lucario\n|move|p1a: Great Tusk|Stealth Rock|p2: Lucario\n|-sidestart|p2: dahu\u306eai|move: Stealth Rock\n|\n|upkeep\n|\n|t:|1700225139\n|switch|p2a: Garchomp|Garchomp-Mega, M|76\/100\n|-status|p2a: Garchomp|psn\n|-damage|p2a: Garchomp|69\/100 psn|[from] Stealth Rock\n|turn|34\n|\n|t:|1700225146\n|move|p2a: Garchomp|Scale Shot|p1a: Great Tusk\n|-damage|p1a: Great Tusk|17\/100\n|-damage|p1a: Great Tusk|9\/100\n|-hitcount|p1a: Great Tusk|2\n|-unboost|p2a: Garchomp|def|1\n|-boost|p2a: Garchomp|spe|1\n|move|p1a: Great Tusk|Rapid Spin|p2a: Garchomp\n|-damage|p2a: Garchomp|50\/100 psn\n|-boost|p1a: Great Tusk|spe|1\n|\n|-damage|p2a: Garchomp|37\/100 psn|[from] psn\n|upkeep\n|turn|35\n|\n|t:|1700225161\n|move|p2a: Garchomp|Earthquake|p1a: Great Tusk\n|-damage|p1a: Great Tusk|0 fnt\n|faint|p1a: Great Tusk\n|-end|p1a: Great Tusk|Protosynthesis|[silent]\n|\n|-damage|p2a: Garchomp|25\/100 psn|[from] psn\n|upkeep\n|\n|t:|1700225164\n|switch|p1a: Toxapex|Toxapex, M|58\/100\n|turn|36\n|\n|t:|1700225171\n|move|p1a: Toxapex|Baneful Bunker|p1a: Toxapex\n|-singleturn|p1a: Toxapex|move: Protect\n|move|p2a: Garchomp|Earthquake|p1a: Toxapex\n|-activate|p1a: Toxapex|move: Protect\n|\n|-heal|p1a: Toxapex|64\/100|[from] item: Black Sludge\n|-damage|p2a: Garchomp|13\/100 psn|[from] psn\n|upkeep\n|turn|37\n|\n|t:|1700225184\n|move|p2a: Garchomp|Earthquake|p1a: Toxapex\n|-supereffective|p1a: Toxapex\n|-damage|p1a: Toxapex|0 fnt\n|faint|p1a: Toxapex\n|\n|win|dahu\u306eai\n|raw|kingski438's rating: 1232 &rarr; <strong>1202<\/strong><br \/>(-30 for losing)\n|raw|dahu\u306eai's rating: 1165 &rarr; <strong>1195<\/strong><br \/>(+30 for winning)\n|l|\u2606kingski438\n","uploadtime":1700225201,"views":6,"p1id":"kingski438","p2id":"dahuai","formatid":"gen9nationaldex","rating":1195,"private":0,"password":""}