{"id":"gen9nationaldex-1989789104","p1":"Genchirou Sanada","p2":"super9800","format":"[Gen 9] National Dex","log":"|j|\u2606Genchirou Sanada\n|j|\u2606super9800\n|t:|1699895873\n|gametype|singles\n|player|p1|Genchirou Sanada|cynthia|1322\n|player|p2|super9800|n|1221\n|teamsize|p1|6\n|teamsize|p2|6\n|gen|9\n|tier|[Gen 9] National Dex\n|rated|\n|rule|HP Percentage Mod: HP is shown in percentages\n|rule|Endless Battle Clause: Forcing endless battles is banned\n|rule|OHKO Clause: OHKO moves are banned\n|rule|Evasion Clause: Evasion abilities, items, and moves are banned\n|rule|Evasion Abilities Clause: Evasion abilities are banned\n|rule|Evasion Items Clause: Evasion items are banned\n|rule|Evasion Moves Clause: Evasion moves are banned\n|rule|Species Clause: Limit one of each Pok\u00e9mon\n|rule|Sleep Clause Mod: Limit one foe put to sleep\n|clearpoke\n|poke|p1|Kommo-o, F|\n|poke|p1|Garganacl, M|\n|poke|p1|Lopunny, F|\n|poke|p1|Tapu Koko|\n|poke|p1|Greninja-*, M|\n|poke|p1|Gliscor, F|\n|poke|p2|Volcanion|\n|poke|p2|Ogerpon-Wellspring, F|\n|poke|p2|Volbeat, M|\n|poke|p2|Diancie|\n|poke|p2|Honchkrow, M|\n|poke|p2|Urshifu-*, M|\n|teampreview\n|inactive|Battle timer is ON: inactive players will automatically lose when time's up. (requested by Genchirou Sanada)\n|\n|t:|1699895880\n|start\n|switch|p1a: Kommo-o|Kommo-o, F, shiny|100\/100\n|switch|p2a: Volbeat|Volbeat, M|100\/100\n|turn|1\n|\n|t:|1699895885\n|move|p2a: Volbeat|Taunt|p1a: Kommo-o\n|-start|p1a: Kommo-o|move: Taunt\n|cant|p1a: Kommo-o|move: Taunt|Clangorous Soul\n|\n|upkeep\n|turn|2\n|\n|t:|1699895895\n|move|p2a: Volbeat|Thunder Wave|p1a: Kommo-o\n|-status|p1a: Kommo-o|par\n|move|p1a: Kommo-o|Clanging Scales|p2a: Volbeat\n|-damage|p2a: Volbeat|65\/100\n|-unboost|p1a: Kommo-o|def|1\n|\n|upkeep\n|turn|3\n|\n|t:|1699895905\n|move|p2a: Volbeat|Encore|p1a: Kommo-o\n|-start|p1a: Kommo-o|Encore\n|cant|p1a: Kommo-o|par\n|\n|-end|p1a: Kommo-o|move: Taunt\n|upkeep\n|turn|4\n|\n|t:|1699895913\n|switch|p2a: Diancie|Diancie|100\/100\n|move|p1a: Kommo-o|Clanging Scales|p2a: Diancie\n|-immune|p2a: Diancie\n|\n|upkeep\n|turn|5\n|\n|t:|1699895923\n|switch|p1a: Gliscor|Gliscor, F, shiny|100\/100\n|detailschange|p2a: Diancie|Diancie-Mega\n|-mega|p2a: Diancie|Diancie|Diancite\n|move|p2a: Diancie|Moonblast|p1a: Gliscor\n|-damage|p1a: Gliscor|51\/100\n|\n|-status|p1a: Gliscor|tox|[from] item: Toxic Orb\n|upkeep\n|turn|6\n|\n|t:|1699895935\n|move|p2a: Diancie|Diamond Storm|p1a: Gliscor\n|-damage|p1a: Gliscor|14\/100 tox\n|move|p1a: Gliscor|Earthquake|p2a: Diancie\n|-supereffective|p2a: Diancie\n|-damage|p2a: Diancie|8\/100\n|\n|-heal|p1a: Gliscor|26\/100 tox|[from] ability: Poison Heal\n|upkeep\n|turn|7\n|\n|t:|1699895939\n|move|p1a: Gliscor|Protect|p1a: Gliscor\n|-singleturn|p1a: Gliscor|Protect\n|move|p2a: Diancie|Diamond Storm|p1a: Gliscor\n|-activate|p1a: Gliscor|move: Protect\n|\n|-heal|p1a: Gliscor|39\/100 tox|[from] ability: Poison Heal\n|upkeep\n|turn|8\n|\n|t:|1699895950\n|move|p2a: Diancie|Diamond Storm|p1a: Gliscor\n|-damage|p1a: Gliscor|0 fnt\n|-boost|p2a: Diancie|def|2\n|faint|p1a: Gliscor\n|\n|upkeep\n|\n|t:|1699895961\n|switch|p1a: Lopunny|Lopunny, F|100\/100\n|turn|9\n|\n|t:|1699895977\n|detailschange|p1a: Lopunny|Lopunny-Mega, F\n|-mega|p1a: Lopunny|Lopunny|Lopunnite\n|move|p1a: Lopunny|Drain Punch|p2a: Diancie\n|-damage|p2a: Diancie|0 fnt\n|faint|p2a: Diancie\n|\n|upkeep\n|\n|t:|1699895981\n|switch|p2a: Honchkrow|Honchkrow, M|100\/100\n|turn|10\n|\n|t:|1699895988\n|move|p1a: Lopunny|Triple Axel|p2a: Honchkrow\n|-supereffective|p2a: Honchkrow\n|-damage|p2a: Honchkrow|75\/100\n|-supereffective|p2a: Honchkrow\n|-damage|p2a: Honchkrow|30\/100\n|-supereffective|p2a: Honchkrow\n|-damage|p2a: Honchkrow|0 fnt\n|faint|p2a: Honchkrow\n|-hitcount|p2: Honchkrow|3\n|\n|upkeep\n|\n|t:|1699895995\n|switch|p2a: Ogerpon|Ogerpon-Wellspring, F|100\/100\n|turn|11\n|\n|t:|1699896020\n|move|p1a: Lopunny|Triple Axel|p2a: Ogerpon\n|-damage|p2a: Ogerpon|92\/100\n|-hitcount|p2a: Ogerpon|1\n|move|p2a: Ogerpon|Ivy Cudgel|p1a: Lopunny\n|-damage|p1a: Lopunny|28\/100\n|\n|upkeep\n|turn|12\n|\n|t:|1699896027\n|move|p2a: Ogerpon|Spiky Shield|p2a: Ogerpon\n|-singleturn|p2a: Ogerpon|move: Protect\n|move|p1a: Lopunny|Drain Punch|p2a: Ogerpon\n|-activate|p2a: Ogerpon|move: Protect\n|-damage|p1a: Lopunny|15\/100|[from] Spiky Shield|[of] p2a: Ogerpon\n|\n|upkeep\n|turn|13\n|\n|t:|1699896041\n|move|p1a: Lopunny|Drain Punch|p2a: Ogerpon\n|-damage|p2a: Ogerpon|40\/100\n|-heal|p1a: Lopunny|44\/100|[from] drain|[of] p2a: Ogerpon\n|move|p2a: Ogerpon|Horn Leech|p1a: Lopunny\n|-damage|p1a: Lopunny|0 fnt\n|-heal|p2a: Ogerpon|60\/100|[from] drain|[of] p1a: Lopunny\n|faint|p1a: Lopunny\n|\n|upkeep\n|\n|t:|1699896050\n|switch|p1a: Tapu Koko|Tapu Koko|100\/100\n|-fieldstart|move: Electric Terrain|[from] ability: Electric Surge|[of] p1a: Tapu Koko\n|turn|14\n|\n|t:|1699896064\n|switch|p2a: Volbeat|Volbeat, M|65\/100\n|move|p1a: Tapu Koko|Thunderbolt|p2a: Volbeat\n|-damage|p2a: Volbeat|14\/100\n|-damage|p1a: Tapu Koko|91\/100|[from] item: Life Orb\n|\n|upkeep\n|turn|15\n|\n|t:|1699896075\n|move|p2a: Volbeat|Tailwind|p2a: Volbeat\n|-sidestart|p2: super9800|move: Tailwind\n|move|p1a: Tapu Koko|Thunderbolt|p2a: Volbeat\n|-damage|p2a: Volbeat|0 fnt\n|faint|p2a: Volbeat\n|-damage|p1a: Tapu Koko|81\/100|[from] item: Life Orb\n|\n|upkeep\n|\n|t:|1699896095\n|switch|p2a: Ogerpon|Ogerpon-Wellspring, F|60\/100\n|turn|16\n|\n|t:|1699896109\n|switch|p1a: Kommo-o|Kommo-o, F, shiny|100\/100 par\n|-terastallize|p2a: Ogerpon|Water\n|detailschange|p2a: Ogerpon|Ogerpon-Wellspring-Tera, F, tera:Water\n|-ability|p2a: Ogerpon|Embody Aspect (Wellspring)|boost\n|-boost|p2a: Ogerpon|spd|1\n|move|p2a: Ogerpon|Ivy Cudgel|p1a: Kommo-o\n|-resisted|p1a: Kommo-o\n|-damage|p1a: Kommo-o|68\/100 par\n|\n|-heal|p1a: Kommo-o|74\/100 par|[from] item: Leftovers\n|upkeep\n|turn|17\n|\n|t:|1699896119\n|move|p2a: Ogerpon|Swords Dance|p2a: Ogerpon\n|-boost|p2a: Ogerpon|atk|2\n|move|p1a: Kommo-o|Clanging Scales|p2a: Ogerpon\n|-damage|p2a: Ogerpon|25\/100\n|-unboost|p1a: Kommo-o|def|1\n|\n|-heal|p1a: Kommo-o|80\/100 par|[from] item: Leftovers\n|upkeep\n|turn|18\n|\n|t:|1699896124\n|move|p2a: Ogerpon|Horn Leech|p1a: Kommo-o\n|-resisted|p1a: Kommo-o\n|-damage|p1a: Kommo-o|19\/100 par\n|-heal|p2a: Ogerpon|56\/100|[from] drain|[of] p1a: Kommo-o\n|move|p1a: Kommo-o|Clanging Scales|p2a: Ogerpon\n|-damage|p2a: Ogerpon|22\/100\n|-unboost|p1a: Kommo-o|def|1\n|\n|-heal|p1a: Kommo-o|25\/100 par|[from] item: Leftovers\n|-sideend|p2: super9800|move: Tailwind\n|-fieldend|move: Electric Terrain\n|upkeep\n|turn|19\n|\n|t:|1699896128\n|move|p2a: Ogerpon|Horn Leech|p1a: Kommo-o\n|-resisted|p1a: Kommo-o\n|-damage|p1a: Kommo-o|0 fnt\n|-heal|p2a: Ogerpon|34\/100|[from] drain|[of] p1a: Kommo-o\n|faint|p1a: Kommo-o\n|\n|upkeep\n|\n|t:|1699896133\n|switch|p1a: Tapu Koko|Tapu Koko|81\/100\n|-fieldstart|move: Electric Terrain|[from] ability: Electric Surge|[of] p1a: Tapu Koko\n|turn|20\n|\n|t:|1699896152\n|move|p1a: Tapu Koko|Wild Charge|p2a: Ogerpon\n|-supereffective|p2a: Ogerpon\n|-damage|p2a: Ogerpon|0 fnt\n|faint|p2a: Ogerpon\n|-damage|p1a: Tapu Koko|71\/100|[from] Recoil\n|-damage|p1a: Tapu Koko|61\/100|[from] item: Life Orb\n|\n|upkeep\n|\n|t:|1699896156\n|switch|p2a: Volcanion|Volcanion|100\/100\n|turn|21\n|\n|t:|1699896166\n|move|p1a: Tapu Koko|Thunderbolt|p2a: Volcanion\n|-supereffective|p2a: Volcanion\n|-damage|p2a: Volcanion|15\/100\n|-damage|p1a: Tapu Koko|51\/100|[from] item: Life Orb\n|move|p2a: Volcanion|Earth Power|p1a: Tapu Koko\n|-supereffective|p1a: Tapu Koko\n|-damage|p1a: Tapu Koko|0 fnt\n|faint|p1a: Tapu Koko\n|\n|upkeep\n|\n|t:|1699896172\n|switch|p1a: Garganacl|Garganacl, M, shiny|100\/100\n|turn|22\n|\n|t:|1699896189\n|move|p2a: Volcanion|Steam Eruption|p1a: Garganacl\n|-supereffective|p1a: Garganacl\n|-damage|p1a: Garganacl|16\/100\n|move|p1a: Garganacl|Salt Cure|p2a: Volcanion\n|-supereffective|p2a: Volcanion\n|-damage|p2a: Volcanion|0 fnt\n|faint|p2a: Volcanion\n|\n|-heal|p1a: Garganacl|22\/100|[from] item: Leftovers\n|upkeep\n|\n|t:|1699896193\n|switch|p2a: Urshifu|Urshifu-Rapid-Strike, M|100\/100\n|turn|23\n|\n|t:|1699896209\n|move|p2a: Urshifu|Surging Strikes|p1a: Garganacl\n|-supereffective|p1a: Garganacl\n|-crit|p1a: Garganacl\n|-damage|p1a: Garganacl|0 fnt\n|faint|p1a: Garganacl\n|-hitcount|p1: Garganacl|1\n|-damage|p2a: Urshifu|91\/100|[from] item: Life Orb\n|\n|upkeep\n|\n|t:|1699896212\n|switch|p1a: Greninja|Greninja, M|100\/100\n|turn|24\n|inactive|Genchirou Sanada has 120 seconds left.\n|inactive|Genchirou Sanada has 90 seconds left.\n|\n|t:|1699896274\n|-terastallize|p1a: Greninja|Water\n|move|p1a: Greninja|Surf|p2a: Urshifu\n|-resisted|p2a: Urshifu\n|-damage|p2a: Urshifu|30\/100\n|move|p2a: Urshifu|Close Combat|p1a: Greninja\n|-damage|p1a: Greninja|0 fnt\n|-unboost|p2a: Urshifu|def|1\n|-unboost|p2a: Urshifu|spd|1\n|faint|p1a: Greninja\n|-damage|p2a: Urshifu|20\/100|[from] item: Life Orb\n|\n|win|super9800\n|raw|Genchirou Sanada's rating: 1322 &rarr; <strong>1296<\/strong><br \/>(-26 for losing)\n|raw|super9800's rating: 1221 &rarr; <strong>1253<\/strong><br \/>(+32 for winning)\n|c|\u2606super9800|o my god\n|c|\u2606super9800|gg\n|c|\u2606super9800|gg\n|c|\u2606super9800|g\n|c|\u2606super9800|g\n|c|\u2606super9800|g\n|c|\u2606super9800|g\n|c|\u2606super9800|g\n|c|\u2606super9800|g\n|c|\u2606super9800|gg\n|c|\u2606Genchirou Sanada|gg\n|l|\u2606Genchirou Sanada\n|c|\u2606super9800|bytiful fight\n","uploadtime":1699896298,"views":15,"p1id":"genchirousanada","p2id":"super9800","formatid":"gen9nationaldex","rating":1253,"private":0,"password":""}