{"id":"gen9nationaldex-1992535180","p1":"Sprocket0835","p2":"Niko5392","format":"[Gen 9] National Dex","log":"|j|\u2606Sprocket0835\n|j|\u2606Niko5392\n|t:|1700201280\n|gametype|singles\n|player|p1|Sprocket0835|hilbert|1451\n|player|p2|Niko5392|shadowtriad|1546\n|teamsize|p1|6\n|teamsize|p2|6\n|gen|9\n|tier|[Gen 9] National Dex\n|rated|\n|rule|HP Percentage Mod: HP is shown in percentages\n|rule|Endless Battle Clause: Forcing endless battles is banned\n|rule|OHKO Clause: OHKO moves are banned\n|rule|Evasion Clause: Evasion abilities, items, and moves are banned\n|rule|Evasion Abilities Clause: Evasion abilities are banned\n|rule|Evasion Items Clause: Evasion items are banned\n|rule|Evasion Moves Clause: Evasion moves are banned\n|rule|Species Clause: Limit one of each Pok\u00e9mon\n|rule|Sleep Clause Mod: Limit one foe put to sleep\n|clearpoke\n|poke|p1|Tyranitar, F|\n|poke|p1|Excadrill, F|\n|poke|p1|Garchomp, F|\n|poke|p1|Gliscor, F|\n|poke|p1|Iron Valiant|\n|poke|p1|Ogerpon-Wellspring, F|\n|poke|p2|Lopunny, F|\n|poke|p2|Heatran, F|\n|poke|p2|Dragonite, F|\n|poke|p2|Toxapex, M|\n|poke|p2|Ferrothorn, F|\n|poke|p2|Gliscor, F|\n|teampreview\n|inactive|Battle timer is ON: inactive players will automatically lose when time's up. (requested by Niko5392)\n|c|\u2606Niko5392|gl hf\n|\n|t:|1700201306\n|start\n|switch|p1a: Gliscor|Gliscor, F|100\/100\n|switch|p2a: Lopunny|Lopunny, F|100\/100\n|turn|1\n|\n|t:|1700201315\n|switch|p1a: Tyranitar|Tyranitar, F|100\/100\n|-weather|Sandstorm|[from] ability: Sand Stream|[of] p1a: Tyranitar\n|detailschange|p2a: Lopunny|Lopunny-Mega, F\n|-mega|p2a: Lopunny|Lopunny|Lopunnite\n|move|p2a: Lopunny|Ice Punch|p1a: Tyranitar\n|-damage|p1a: Tyranitar|81\/100\n|\n|-weather|Sandstorm|[upkeep]\n|-damage|p2a: Lopunny|95\/100|[from] Sandstorm\n|-heal|p1a: Tyranitar|87\/100|[from] item: Leftovers\n|upkeep\n|turn|2\n|inactive|Sprocket0835 has 120 seconds left.\n|\n|t:|1700201351\n|-terastallize|p1a: Tyranitar|Fairy\n|move|p2a: Lopunny|Close Combat|p1a: Tyranitar\n|-resisted|p1a: Tyranitar\n|-damage|p1a: Tyranitar|63\/100\n|-unboost|p2a: Lopunny|def|1\n|-unboost|p2a: Lopunny|spd|1\n|move|p1a: Tyranitar|Toxic|p2a: Lopunny\n|-status|p2a: Lopunny|tox\n|\n|-weather|Sandstorm|[upkeep]\n|-damage|p2a: Lopunny|89\/100 tox|[from] Sandstorm\n|-damage|p1a: Tyranitar|57\/100|[from] Sandstorm\n|-heal|p1a: Tyranitar|63\/100|[from] item: Leftovers\n|-damage|p2a: Lopunny|83\/100 tox|[from] psn\n|upkeep\n|turn|3\n|inactive|Sprocket0835 has 120 seconds left.\n|\n|t:|1700201368\n|switch|p2a: Gliscor|Gliscor, F|100\/100\n|move|p1a: Tyranitar|Stealth Rock|p2a: Gliscor\n|-sidestart|p2: Niko5392|move: Stealth Rock\n|\n|-weather|Sandstorm|[upkeep]\n|-damage|p1a: Tyranitar|57\/100|[from] Sandstorm\n|-heal|p1a: Tyranitar|63\/100|[from] item: Leftovers\n|-status|p2a: Gliscor|tox|[from] item: Toxic Orb\n|upkeep\n|turn|4\n|inactive|Sprocket0835 has 120 seconds left.\n|\n|t:|1700201377\n|switch|p1a: Gliscor|Gliscor, F|100\/100\n|move|p2a: Gliscor|Swords Dance|p2a: Gliscor\n|-boost|p2a: Gliscor|atk|2\n|\n|-weather|Sandstorm|[upkeep]\n|-status|p1a: Gliscor|tox|[from] item: Toxic Orb\n|upkeep\n|turn|5\n|inactive|Sprocket0835 has 120 seconds left.\n|\n|t:|1700201407\n|switch|p1a: Ogerpon|Ogerpon-Wellspring, F|100\/100\n|move|p2a: Gliscor|Knock Off|p1a: Ogerpon\n|-damage|p1a: Ogerpon|65\/100\n|\n|-weather|none\n|upkeep\n|turn|6\n|\n|t:|1700201415\n|-terastallize|p2a: Gliscor|Water\n|move|p1a: Ogerpon|Encore|p2a: Gliscor\n|-start|p2a: Gliscor|Encore\n|move|p2a: Gliscor|Knock Off|p1a: Ogerpon\n|-damage|p1a: Ogerpon|25\/100\n|\n|upkeep\n|turn|7\n|\n|t:|1700201421\n|move|p1a: Ogerpon|Horn Leech|p2a: Gliscor\n|-supereffective|p2a: Gliscor\n|-damage|p2a: Gliscor|48\/100 tox\n|-heal|p1a: Ogerpon|56\/100|[from] drain|[of] p2a: Gliscor\n|move|p2a: Gliscor|Knock Off|p1a: Ogerpon\n|-damage|p1a: Ogerpon|17\/100\n|\n|-heal|p2a: Gliscor|60\/100 tox|[from] ability: Poison Heal\n|upkeep\n|turn|8\n|\n|t:|1700201429\n|move|p1a: Ogerpon|Horn Leech|p2a: Gliscor\n|-supereffective|p2a: Gliscor\n|-damage|p2a: Gliscor|6\/100 tox\n|-heal|p1a: Ogerpon|49\/100|[from] drain|[of] p2a: Gliscor\n|move|p2a: Gliscor|Knock Off|p1a: Ogerpon\n|-damage|p1a: Ogerpon|9\/100\n|\n|-heal|p2a: Gliscor|18\/100 tox|[from] ability: Poison Heal\n|-end|p2a: Gliscor|Encore\n|upkeep\n|turn|9\n|\n|t:|1700201439\n|move|p1a: Ogerpon|Horn Leech|p2a: Gliscor\n|-supereffective|p2a: Gliscor\n|-damage|p2a: Gliscor|0 fnt\n|-heal|p1a: Ogerpon|19\/100|[from] drain|[of] p2a: Gliscor\n|faint|p2a: Gliscor\n|\n|upkeep\n|\n|t:|1700201445\n|switch|p2a: Lopunny|Lopunny-Mega, F|83\/100 tox\n|-damage|p2a: Lopunny|77\/100 tox|[from] Stealth Rock\n|turn|10\n|\n|t:|1700201449\n|switch|p1a: Tyranitar|Tyranitar, F, tera:Fairy|63\/100\n|-weather|Sandstorm|[from] ability: Sand Stream|[of] p1a: Tyranitar\n|move|p2a: Lopunny|Return|p1a: Tyranitar\n|-damage|p1a: Tyranitar|17\/100\n|\n|-weather|Sandstorm|[upkeep]\n|-damage|p2a: Lopunny|71\/100 tox|[from] Sandstorm\n|-damage|p1a: Tyranitar|10\/100|[from] Sandstorm\n|-heal|p1a: Tyranitar|17\/100|[from] item: Leftovers\n|-damage|p2a: Lopunny|65\/100 tox|[from] psn\n|upkeep\n|turn|11\n|\n|t:|1700201471\n|switch|p1a: Excadrill|Excadrill, F|100\/100\n|move|p2a: Lopunny|Ice Punch|p1a: Excadrill\n|-damage|p1a: Excadrill|64\/100\n|\n|-weather|Sandstorm|[upkeep]\n|-damage|p2a: Lopunny|59\/100 tox|[from] Sandstorm\n|-heal|p1a: Excadrill|70\/100|[from] item: Leftovers\n|-damage|p2a: Lopunny|47\/100 tox|[from] psn\n|upkeep\n|turn|12\n|\n|t:|1700201481\n|switch|p2a: Ferrothorn|Ferrothorn, F|100\/100\n|-damage|p2a: Ferrothorn|94\/100|[from] Stealth Rock\n|move|p1a: Excadrill|Iron Head|p2a: Ferrothorn\n|-resisted|p2a: Ferrothorn\n|-damage|p2a: Ferrothorn|79\/100\n|-damage|p1a: Excadrill|58\/100|[from] ability: Iron Barbs|[of] p2a: Ferrothorn\n|\n|-weather|Sandstorm|[upkeep]\n|-heal|p1a: Excadrill|64\/100|[from] item: Leftovers\n|-heal|p2a: Ferrothorn|86\/100|[from] item: Leftovers\n|upkeep\n|turn|13\n|\n|t:|1700201504\n|switch|p1a: Garchomp|Garchomp, F|100\/100\n|move|p2a: Ferrothorn|Leech Seed|p1a: Garchomp\n|-start|p1a: Garchomp|move: Leech Seed\n|\n|-weather|Sandstorm|[upkeep]\n|-heal|p2a: Ferrothorn|92\/100|[from] item: Leftovers\n|-damage|p1a: Garchomp|88\/100|[from] Leech Seed|[of] p2a: Ferrothorn\n|-heal|p2a: Ferrothorn|100\/100|[silent]\n|upkeep\n|turn|14\n|\n|t:|1700201516\n|detailschange|p1a: Garchomp|Garchomp-Mega, F\n|-mega|p1a: Garchomp|Garchomp|Garchompite\n|move|p1a: Garchomp|Swords Dance|p1a: Garchomp\n|-boost|p1a: Garchomp|atk|2\n|move|p2a: Ferrothorn|Spikes|p1a: Garchomp\n|-sidestart|p1: Sprocket0835|Spikes\n|\n|-weather|none\n|-damage|p1a: Garchomp|76\/100|[from] Leech Seed|[of] p2a: Ferrothorn\n|upkeep\n|turn|15\n|\n|t:|1700201523\n|move|p1a: Garchomp|Fire Fang|p2a: Ferrothorn\n|-supereffective|p2a: Ferrothorn\n|-damage|p2a: Ferrothorn|0 fnt\n|-damage|p1a: Garchomp|64\/100|[from] ability: Iron Barbs|[of] p2a: Ferrothorn\n|faint|p2a: Ferrothorn\n|\n|upkeep\n|\n|t:|1700201529\n|switch|p2a: Lopunny|Lopunny-Mega, F|47\/100 tox\n|-damage|p2a: Lopunny|41\/100 tox|[from] Stealth Rock\n|turn|16\n|\n|t:|1700201541\n|switch|p1a: Iron Valiant|Iron Valiant|100\/100\n|-damage|p1a: Iron Valiant|88\/100|[from] Spikes\n|-enditem|p1a: Iron Valiant|Booster Energy\n|-activate|p1a: Iron Valiant|ability: Quark Drive|[fromitem]\n|-start|p1a: Iron Valiant|quarkdrivespe\n|move|p2a: Lopunny|Ice Punch|p1a: Iron Valiant\n|-damage|p1a: Iron Valiant|52\/100\n|\n|-damage|p2a: Lopunny|36\/100 tox|[from] psn\n|upkeep\n|turn|17\n|\n|t:|1700201553\n|move|p1a: Iron Valiant|Moonblast|p2a: Lopunny\n|-supereffective|p2a: Lopunny\n|-damage|p2a: Lopunny|0 fnt\n|faint|p2a: Lopunny\n|\n|upkeep\n|\n|t:|1700201559\n|switch|p2a: Dragonite|Dragonite, F|100\/100\n|-damage|p2a: Dragonite|76\/100|[from] Stealth Rock\n|turn|18\n|\n|t:|1700201581\n|-end|p1a: Iron Valiant|Quark Drive|[silent]\n|switch|p1a: Tyranitar|Tyranitar, F, tera:Fairy|17\/100\n|-damage|p1a: Tyranitar|4\/100|[from] Spikes\n|-weather|Sandstorm|[from] ability: Sand Stream|[of] p1a: Tyranitar\n|move|p2a: Dragonite|Extreme Speed|p1a: Tyranitar\n|-damage|p1a: Tyranitar|0 fnt\n|faint|p1a: Tyranitar\n|\n|-weather|Sandstorm|[upkeep]\n|-damage|p2a: Dragonite|70\/100|[from] Sandstorm\n|upkeep\n|\n|t:|1700201588\n|switch|p1a: Excadrill|Excadrill, F|64\/100\n|-damage|p1a: Excadrill|51\/100|[from] Spikes\n|turn|19\n|\n|t:|1700201596\n|move|p2a: Dragonite|Extreme Speed|p1a: Excadrill\n|-resisted|p1a: Excadrill\n|-damage|p1a: Excadrill|27\/100\n|move|p1a: Excadrill|Toxic|p2a: Dragonite\n|-status|p2a: Dragonite|tox\n|\n|-weather|Sandstorm|[upkeep]\n|-damage|p2a: Dragonite|63\/100 tox|[from] Sandstorm\n|-heal|p1a: Excadrill|33\/100|[from] item: Leftovers\n|-damage|p2a: Dragonite|57\/100 tox|[from] psn\n|upkeep\n|turn|20\n|\n|t:|1700201605\n|move|p2a: Dragonite|Extreme Speed|p1a: Excadrill\n|-resisted|p1a: Excadrill\n|-damage|p1a: Excadrill|12\/100\n|move|p1a: Excadrill|Iron Head|p2a: Dragonite\n|-damage|p2a: Dragonite|3\/100 tox\n|\n|-weather|Sandstorm|[upkeep]\n|-damage|p2a: Dragonite|0 fnt|[from] Sandstorm\n|faint|p2a: Dragonite\n|-heal|p1a: Excadrill|19\/100|[from] item: Leftovers\n|upkeep\n|\n|t:|1700201614\n|switch|p2a: Heatran|Heatran, F|100\/100\n|-damage|p2a: Heatran|88\/100|[from] Stealth Rock\n|turn|21\n|\n|t:|1700201618\n|move|p1a: Excadrill|Earthquake|p2a: Heatran\n|-supereffective|p2a: Heatran\n|-damage|p2a: Heatran|0 fnt\n|faint|p2a: Heatran\n|\n|-weather|Sandstorm|[upkeep]\n|-heal|p1a: Excadrill|25\/100|[from] item: Leftovers\n|upkeep\n|\n|t:|1700201624\n|switch|p2a: Toxapex|Toxapex, M|100\/100\n|-damage|p2a: Toxapex|88\/100|[from] Stealth Rock\n|turn|22\n|\n|t:|1700201628\n|move|p1a: Excadrill|Earthquake|p2a: Toxapex\n|-supereffective|p2a: Toxapex\n|-damage|p2a: Toxapex|3\/100\n|move|p2a: Toxapex|Scald|p1a: Excadrill\n|-supereffective|p1a: Excadrill\n|-damage|p1a: Excadrill|0 fnt\n|faint|p1a: Excadrill\n|\n|-weather|none\n|-heal|p2a: Toxapex|9\/100|[from] item: Leftovers\n|upkeep\n|\n|t:|1700201636\n|switch|p1a: Garchomp|Garchomp-Mega, F|64\/100\n|-damage|p1a: Garchomp|51\/100|[from] Spikes\n|turn|23\n|\n|t:|1700201640\n|move|p1a: Garchomp|Earthquake|p2a: Toxapex\n|-supereffective|p2a: Toxapex\n|-damage|p2a: Toxapex|0 fnt\n|faint|p2a: Toxapex\n|\n|win|Sprocket0835\n|raw|Sprocket0835's rating: 1451 &rarr; <strong>1476<\/strong><br \/>(+25 for winning)\n|raw|Niko5392's rating: 1546 &rarr; <strong>1521<\/strong><br \/>(-25 for losing)\n|l|\u2606Niko5392\n","uploadtime":1700201655,"views":5,"p1id":"sprocket0835","p2id":"niko5392","formatid":"gen9nationaldex","rating":1476,"private":0,"password":""}