{"id":"gen9nationaldex-1988135018","p1":"Abrar83","p2":"jiuyuansi_Z","format":"[Gen 9] National Dex","log":"|j|\u2606Abrar83\n|j|\u203djiuyuansi_Z\n|t:|1699673954\n|gametype|singles\n|player|p1|Abrar83|morty-masters|1562\n|player|p2|jiuyuansi_Z|170|1609\n|teamsize|p1|6\n|teamsize|p2|6\n|gen|9\n|tier|[Gen 9] National Dex\n|rated|\n|rule|HP Percentage Mod: HP is shown in percentages\n|rule|Endless Battle Clause: Forcing endless battles is banned\n|rule|OHKO Clause: OHKO moves are banned\n|rule|Evasion Clause: Evasion abilities, items, and moves are banned\n|rule|Evasion Abilities Clause: Evasion abilities are banned\n|rule|Evasion Items Clause: Evasion items are banned\n|rule|Evasion Moves Clause: Evasion moves are banned\n|rule|Species Clause: Limit one of each Pok\u00e9mon\n|rule|Sleep Clause Mod: Limit one foe put to sleep\n|clearpoke\n|poke|p1|Gardevoir, F|\n|poke|p1|Arcanine-Hisui, M|\n|poke|p1|Dragonite, F|\n|poke|p1|Bisharp, F|\n|poke|p1|Zapdos|\n|poke|p1|Great Tusk|\n|poke|p2|Tyranitar, F|\n|poke|p2|Iron Valiant|\n|poke|p2|Moltres|\n|poke|p2|Volcanion|\n|poke|p2|Dragonite, F|\n|poke|p2|Runerigus, M|\n|teampreview\n|inactive|Battle timer is ON: inactive players will automatically lose when time's up. (requested by Abrar83)\n|\n|t:|1699673968\n|start\n|switch|p1a: Zapdos|Zapdos|100\/100\n|switch|p2a: Iron Valiant|Iron Valiant, shiny|100\/100\n|turn|1\n|\n|t:|1699673978\n|move|p2a: Iron Valiant|Moonblast|p1a: Zapdos\n|-damage|p1a: Zapdos|35\/100\n|move|p1a: Zapdos|Discharge|p2a: Iron Valiant\n|-damage|p2a: Iron Valiant|23\/100\n|\n|upkeep\n|turn|2\n|\n|t:|1699673988\n|switch|p1a: YLIA|Gardevoir, F|100\/100\n|move|p2a: Iron Valiant|Moonblast|p1a: YLIA\n|-damage|p1a: YLIA|29\/100\n|\n|upkeep\n|turn|3\n|\n|t:|1699673996\n|detailschange|p1a: YLIA|Gardevoir-Mega, F\n|-mega|p1a: YLIA|Gardevoir|Gardevoirite\n|move|p2a: Iron Valiant|Moonblast|p1a: YLIA\n|-damage|p1a: YLIA|0 fnt\n|faint|p1a: YLIA\n|\n|upkeep\n|\n|t:|1699674001\n|switch|p1a: Arcanine|Arcanine-Hisui, M|100\/100\n|turn|4\n|\n|t:|1699674003\n|-end|p2a: Iron Valiant|Quark Drive|[silent]\n|switch|p2a: Runerigus|Runerigus, M|100\/100\n|move|p1a: Arcanine|Flare Blitz|p2a: Runerigus\n|-damage|p2a: Runerigus|52\/100\n|-activate|p2a: Runerigus|ability: Wandering Spirit|Rock Head|Wandering Spirit|[of] p1a: Arcanine\n|-damage|p1a: Arcanine|85\/100|[from] Recoil\n|\n|-heal|p2a: Runerigus|59\/100|[from] item: Leftovers\n|upkeep\n|turn|5\n|\n|t:|1699674008\n|switch|p1a: Zapdos|Zapdos|35\/100\n|move|p2a: Runerigus|Stealth Rock|p1a: Zapdos\n|-sidestart|p1: Abrar83|move: Stealth Rock\n|\n|-heal|p2a: Runerigus|65\/100|[from] item: Leftovers\n|upkeep\n|turn|6\n|\n|t:|1699674013\n|-zpower|p1a: Zapdos\n|move|p1a: Zapdos|Supersonic Skystrike|p2a: Runerigus|[zeffect]\n|-damage|p2a: Runerigus|0 fnt\n|faint|p2a: Runerigus\n|\n|upkeep\n|\n|t:|1699674024\n|switch|p2a: Iron Valiant|Iron Valiant, shiny|23\/100\n|turn|7\n|\n|t:|1699674028\n|move|p2a: Iron Valiant|Moonblast|p1a: Zapdos\n|-damage|p1a: Zapdos|0 fnt\n|faint|p1a: Zapdos\n|\n|upkeep\n|\n|t:|1699674031\n|switch|p1a: Arcanine|Arcanine-Hisui, M|85\/100\n|-damage|p1a: Arcanine|60\/100|[from] Stealth Rock\n|turn|8\n|\n|t:|1699674037\n|-end|p2a: Iron Valiant|Quark Drive|[silent]\n|switch|p2a: Tyranitar|Tyranitar, F|100\/100\n|-weather|Sandstorm|[from] ability: Sand Stream|[of] p2a: Tyranitar\n|move|p1a: Arcanine|Head Smash|p2a: Tyranitar\n|-damage|p2a: Tyranitar|49\/100\n|\n|-weather|Sandstorm|[upkeep]\n|upkeep\n|turn|9\n|\n|t:|1699674045\n|detailschange|p2a: Tyranitar|Tyranitar-Mega, F\n|-mega|p2a: Tyranitar|Tyranitar|Tyranitarite\n|move|p1a: Arcanine|Head Smash|p2a: Tyranitar\n|-damage|p2a: Tyranitar|5\/100\n|move|p2a: Tyranitar|Earthquake|p1a: Arcanine\n|-supereffective|p1a: Arcanine\n|-crit|p1a: Arcanine\n|-damage|p1a: Arcanine|0 fnt\n|faint|p1a: Arcanine\n|\n|-weather|Sandstorm|[upkeep]\n|upkeep\n|\n|t:|1699674053\n|switch|p1a: Great Tusk|Great Tusk|100\/100\n|-damage|p1a: Great Tusk|98\/100|[from] Stealth Rock\n|-enditem|p1a: Great Tusk|Booster Energy\n|-activate|p1a: Great Tusk|ability: Protosynthesis|[fromitem]\n|-start|p1a: Great Tusk|protosynthesisatk\n|turn|10\n|\n|t:|1699674058\n|move|p1a: Great Tusk|Rapid Spin|p2a: Tyranitar\n|-resisted|p2a: Tyranitar\n|-damage|p2a: Tyranitar|0 fnt\n|-boost|p1a: Great Tusk|spe|1\n|-sideend|p1: Abrar83|Stealth Rock|[from] move: Rapid Spin|[of] p1a: Great Tusk\n|faint|p2a: Tyranitar\n|\n|-weather|Sandstorm|[upkeep]\n|upkeep\n|\n|t:|1699674061\n|switch|p2a: Moltres|Moltres|100\/100\n|turn|11\n|\n|t:|1699674067\n|move|p1a: Great Tusk|Ice Spinner|p2a: Moltres\n|-damage|p2a: Moltres|73\/100\n|move|p2a: Moltres|Will-O-Wisp|p1a: Great Tusk\n|-status|p1a: Great Tusk|brn\n|\n|-weather|Sandstorm|[upkeep]\n|-damage|p2a: Moltres|67\/100|[from] Sandstorm\n|-damage|p1a: Great Tusk|91\/100 brn|[from] brn\n|upkeep\n|turn|12\n|\n|t:|1699674073\n|move|p1a: Great Tusk|Ice Spinner|p2a: Moltres\n|-crit|p2a: Moltres\n|-damage|p2a: Moltres|47\/100\n|move|p2a: Moltres|Flamethrower|p1a: Great Tusk\n|-crit|p1a: Great Tusk\n|-damage|p1a: Great Tusk|4\/100 brn\n|\n|-weather|none\n|-damage|p1a: Great Tusk|0 fnt|[from] brn\n|faint|p1a: Great Tusk\n|-end|p1a: Great Tusk|Protosynthesis|[silent]\n|upkeep\n|\n|t:|1699674086\n|switch|p1a: Bisharp|Bisharp, F|100\/100\n|turn|13\n|\n|t:|1699674091\n|move|p2a: Moltres|Will-O-Wisp|p1a: Bisharp\n|-status|p1a: Bisharp|brn\n|move|p1a: Bisharp|Knock Off|p2a: Moltres\n|-damage|p2a: Moltres|28\/100\n|-enditem|p2a: Moltres|Heavy-Duty Boots|[from] move: Knock Off|[of] p1a: Bisharp\n|\n|-damage|p1a: Bisharp|95\/100 brn|[from] brn\n|upkeep\n|turn|14\n|\n|t:|1699674099\n|move|p2a: Moltres|Flamethrower|p1a: Bisharp\n|-supereffective|p1a: Bisharp\n|-damage|p1a: Bisharp|24\/100 brn\n|move|p1a: Bisharp|Knock Off|p2a: Moltres\n|-damage|p2a: Moltres|15\/100\n|\n|-damage|p1a: Bisharp|18\/100 brn|[from] brn\n|upkeep\n|turn|15\n|\n|t:|1699674104\n|move|p1a: Bisharp|Sucker Punch|p2a: Moltres\n|-damage|p2a: Moltres|2\/100\n|move|p2a: Moltres|Flamethrower|p1a: Bisharp\n|-supereffective|p1a: Bisharp\n|-damage|p1a: Bisharp|0 fnt\n|faint|p1a: Bisharp\n|\n|upkeep\n|\n|t:|1699674106\n|switch|p1a: Dragonite|Dragonite, F|100\/100\n|turn|16\n|\n|t:|1699674109\n|move|p1a: Dragonite|Extreme Speed|p2a: Moltres\n|-damage|p2a: Moltres|0 fnt\n|faint|p2a: Moltres\n|\n|upkeep\n|\n|t:|1699674112\n|switch|p2a: Dragonite|Dragonite, F|100\/100\n|turn|17\n|\n|t:|1699674116\n|-terastallize|p1a: Dragonite|Normal\n|move|p2a: Dragonite|Ice Spinner|p1a: Dragonite\n|-damage|p1a: Dragonite|77\/100\n|move|p1a: Dragonite|Curse|p1a: Dragonite\n|-unboost|p1a: Dragonite|spe|1\n|-boost|p1a: Dragonite|atk|1\n|-boost|p1a: Dragonite|def|1\n|\n|-heal|p1a: Dragonite|84\/100|[from] item: Leftovers\n|upkeep\n|turn|18\n|\n|t:|1699674125\n|switch|p2a: Volcanion|Volcanion|100\/100\n|move|p1a: Dragonite|Curse|p1a: Dragonite\n|-unboost|p1a: Dragonite|spe|1\n|-boost|p1a: Dragonite|atk|1\n|-boost|p1a: Dragonite|def|1\n|\n|-heal|p1a: Dragonite|90\/100|[from] item: Leftovers\n|upkeep\n|turn|19\n|\n|t:|1699674131\n|move|p2a: Volcanion|Steam Eruption|p1a: Dragonite\n|-damage|p1a: Dragonite|49\/100\n|move|p1a: Dragonite|Roost|p1a: Dragonite\n|-heal|p1a: Dragonite|99\/100\n|\n|-heal|p1a: Dragonite|100\/100|[from] item: Leftovers\n|upkeep\n|turn|20\n|\n|t:|1699674138\n|move|p2a: Volcanion|Steam Eruption|p1a: Dragonite|[miss]\n|-miss|p2a: Volcanion|p1a: Dragonite\n|move|p1a: Dragonite|Curse|p1a: Dragonite\n|-unboost|p1a: Dragonite|spe|1\n|-boost|p1a: Dragonite|atk|1\n|-boost|p1a: Dragonite|def|1\n|\n|upkeep\n|turn|21\n|\n|t:|1699674140\n|move|p2a: Volcanion|Steam Eruption|p1a: Dragonite\n|-damage|p1a: Dragonite|79\/100\n|move|p1a: Dragonite|Earthquake|p2a: Volcanion\n|-supereffective|p2a: Volcanion\n|-damage|p2a: Volcanion|0 fnt\n|faint|p2a: Volcanion\n|\n|-heal|p1a: Dragonite|85\/100|[from] item: Leftovers\n|upkeep\n|\n|t:|1699674148\n|switch|p2a: Iron Valiant|Iron Valiant, shiny|23\/100\n|turn|22\n|\n|t:|1699674151\n|-terastallize|p2a: Iron Valiant|Steel\n|move|p1a: Dragonite|Extreme Speed|p2a: Iron Valiant\n|-resisted|p2a: Iron Valiant\n|-damage|p2a: Iron Valiant|0 fnt\n|faint|p2a: Iron Valiant\n|-end|p2a: Iron Valiant|Quark Drive|[silent]\n|\n|-heal|p1a: Dragonite|92\/100|[from] item: Leftovers\n|upkeep\n|-message|jiuyuansi_Z forfeited.\n|\n|win|Abrar83\n|raw|Abrar83's rating: 1562 &rarr; <strong>1585<\/strong><br \/>(+23 for winning)\n|raw|jiuyuansi_Z's rating: 1609 &rarr; <strong>1586<\/strong><br \/>(-23 for losing)\n|l|\u203djiuyuansi_Z\n","uploadtime":1699674159,"views":18,"p1id":"abrar83","p2id":"jiuyuansiz","formatid":"gen9nationaldex","rating":1585,"private":0,"password":""}