{"id":"gen9nationaldex-1988805213","p1":"Arlo Ghost","p2":"matu 1402","format":"[Gen 9] National Dex","log":"|j|\u2606Arlo Ghost\n|j|\u2606matu 1402\n|t:|1699765680\n|gametype|singles\n|player|p1|Arlo Ghost|mars|\n|player|p2|matu 1402|cheren-gen5bw2|\n|teamsize|p1|6\n|teamsize|p2|6\n|gen|9\n|tier|[Gen 9] National Dex\n|rule|HP Percentage Mod: HP is shown in percentages\n|rule|Endless Battle Clause: Forcing endless battles is banned\n|rule|OHKO Clause: OHKO moves are banned\n|rule|Evasion Clause: Evasion abilities, items, and moves are banned\n|rule|Evasion Abilities Clause: Evasion abilities are banned\n|rule|Evasion Items Clause: Evasion items are banned\n|rule|Evasion Moves Clause: Evasion moves are banned\n|rule|Species Clause: Limit one of each Pok\u00e9mon\n|rule|Sleep Clause Mod: Limit one foe put to sleep\n|clearpoke\n|poke|p1|Mandibuzz, F|\n|poke|p1|Greninja-*, M|\n|poke|p1|Tyranitar, M|\n|poke|p1|Muk-Alola, M|\n|poke|p1|Grimmsnarl, M|\n|poke|p1|Hydreigon, M|\n|poke|p2|Slowbro, M|\n|poke|p2|Chansey, F|\n|poke|p2|Noivern, F|\n|poke|p2|Tapu Koko|\n|poke|p2|Sneasler, M|\n|poke|p2|Kartana|\n|teampreview\n|inactive|Battle timer is ON: inactive players will automatically lose when time's up. (requested by matu 1402)\n|c|\u2606Arlo Ghost|https:\/\/www.youtube.com\/watch?v=35pUQDrKy5A\n|c|\u2606Arlo Ghost|suerte\n|inactive|matu 1402 has 270 seconds left.\n|c|\u2606matu 1402|Por qu\u00e9 te bajas el cierre? :0\n|j| Sai4rr\n|\n|t:|1699765728\n|start\n|switch|p1a: El Cumbia Ninja|Greninja, M|100\/100\n|switch|p2a: Chansey|Chansey, F|100\/100\n|turn|1\n|\n|t:|1699765735\n|move|p1a: El Cumbia Ninja|Gunk Shot|p2a: Chansey|[miss]\n|-start|p1a: El Cumbia Ninja|typechange|Poison|[from] ability: Protean\n|-miss|p1a: El Cumbia Ninja|p2a: Chansey\n|move|p2a: Chansey|Stealth Rock|p1a: El Cumbia Ninja\n|-sidestart|p1: Arlo Ghost|move: Stealth Rock\n|\n|upkeep\n|turn|2\n|\n|t:|1699765742\n|switch|p1a: Sherkemo|Grimmsnarl, M|100\/100\n|-damage|p1a: Sherkemo|88\/100|[from] Stealth Rock\n|switch|p2a: Kartana|Kartana|100\/100\n|\n|upkeep\n|turn|3\n|\n|t:|1699765751\n|move|p1a: Sherkemo|Parting Shot|p2a: Kartana\n|-unboost|p2a: Kartana|atk|1\n|-unboost|p2a: Kartana|spa|1\n|\n|t:|1699765753\n|switch|p1a: Winona|Mandibuzz, F|100\/100|[from] Parting Shot\n|-damage|p1a: Winona|76\/100|[from] Stealth Rock\n|move|p2a: Kartana|Knock Off|p1a: Winona\n|-resisted|p1a: Winona\n|-damage|p1a: Winona|67\/100\n|-damage|p2a: Kartana|84\/100|[from] item: Rocky Helmet|[of] p1a: Winona\n|-enditem|p1a: Winona|Rocky Helmet|[from] move: Knock Off|[of] p2a: Kartana\n|\n|upkeep\n|turn|4\n|c|\u2606matu 1402|Ya me habia asustado xd\n|c|\u2606matu 1402|Crei que le baje todo eso con el desarmw\n|\n|t:|1699765782\n|switch|p2a: Chansey|Chansey, F|100\/100\n|move|p1a: Winona|Defog|p2a: Chansey\n|-unboost|p2a: Chansey|evasion|1\n|-sideend|p1: Arlo Ghost|Stealth Rock|[from] move: Defog|[of] p1a: Winona\n|\n|upkeep\n|turn|5\n|c| Sai4rr|Siniestro?\n|c|\u2606matu 1402|Si\n|inactive|matu 1402 has 270 seconds left.\n|\n|t:|1699765798\n|switch|p1a: Marijuano|Muk-Alola, M|100\/100\n|move|p2a: Chansey|Toxic|p1a: Marijuano\n|-immune|p1a: Marijuano\n|\n|upkeep\n|turn|6\n|\n|t:|1699765808\n|switch|p2a: Kartana|Kartana|84\/100\n|move|p1a: Marijuano|Knock Off|p2a: Kartana\n|-damage|p2a: Kartana|48\/100\n|-enditem|p2a: Kartana|Choice Scarf|[from] move: Knock Off|[of] p1a: Marijuano\n|\n|upkeep\n|turn|7\n|\n|t:|1699765816\n|move|p2a: Kartana|Sacred Sword|p1a: Marijuano\n|-damage|p1a: Marijuano|61\/100\n|move|p1a: Marijuano|Fire Punch|p2a: Kartana\n|-supereffective|p2a: Kartana\n|-damage|p2a: Kartana|0 fnt\n|faint|p2a: Kartana\n|\n|upkeep\n|\n|t:|1699765825\n|switch|p2a: Sneasler|Sneasler, M|100\/100\n|turn|8\n|c| Sai4rr|Muk te est\u00e1 haciendo mierda\n|\n|t:|1699765831\n|move|p2a: Sneasler|Close Combat|p1a: Marijuano\n|-damage|p1a: Marijuano|0 fnt\n|-unboost|p2a: Sneasler|def|1\n|-unboost|p2a: Sneasler|spd|1\n|faint|p1a: Marijuano\n|\n|upkeep\n|\n|t:|1699765835\n|switch|p1a: El Cumbia Ninja|Greninja, M|100\/100\n|turn|9\n|c| Sai4rr|Ya no\n|\n|t:|1699765845\n|switch|p2a: Slowbro|Slowbro, M, shiny|100\/100\n|move|p1a: El Cumbia Ninja|U-turn|p2a: Slowbro\n|-start|p1a: El Cumbia Ninja|typechange|Bug|[from] ability: Protean\n|-supereffective|p2a: Slowbro\n|-damage|p2a: Slowbro|67\/100\n|\n|t:|1699765850\n|switch|p1a: Hydrarlo|Hydreigon, M|100\/100|[from] U-turn\n|\n|upkeep\n|turn|10\n|c|\u2606matu 1402|Au\n|\n|t:|1699765860\n|switch|p1a: Sherkemo|Grimmsnarl, M|88\/100\n|switch|p2a: Tapu Koko|Tapu Koko|100\/100\n|-fieldstart|move: Electric Terrain|[from] ability: Electric Surge|[of] p2a: Tapu Koko\n|\n|upkeep\n|turn|11\n|\n|t:|1699765868\n|move|p1a: Sherkemo|Light Screen|p1a: Sherkemo\n|-sidestart|p1: Arlo Ghost|move: Light Screen\n|move|p2a: Tapu Koko|U-turn|p1a: Sherkemo\n|-damage|p1a: Sherkemo|70\/100\n|\n|t:|1699765880\n|switch|p2a: Chansey|Chansey, F|100\/100|[from] U-turn\n|\n|upkeep\n|turn|12\n|\n|t:|1699765886\n|move|p1a: Sherkemo|Reflect|p1a: Sherkemo\n|-sidestart|p1: Arlo Ghost|Reflect\n|move|p2a: Chansey|Seismic Toss|p1a: Sherkemo\n|-damage|p1a: Sherkemo|44\/100\n|\n|upkeep\n|turn|13\n|\n|t:|1699765903\n|switch|p1a: Rockzilla|Tyranitar, M, shiny|100\/100\n|-weather|Sandstorm|[from] ability: Sand Stream|[of] p1a: Rockzilla\n|move|p2a: Chansey|Stealth Rock|p1a: Rockzilla\n|-sidestart|p1: Arlo Ghost|move: Stealth Rock\n|\n|-weather|Sandstorm|[upkeep]\n|-damage|p2a: Chansey|94\/100|[from] Sandstorm\n|upkeep\n|turn|14\n|\n|t:|1699765911\n|detailschange|p1a: Rockzilla|Tyranitar-Mega, M, shiny\n|-mega|p1a: Rockzilla|Tyranitar|Tyranitarite\n|move|p1a: Rockzilla|Earthquake|p2a: Chansey\n|-damage|p2a: Chansey|30\/100\n|move|p2a: Chansey|Toxic|p1a: Rockzilla\n|-status|p1a: Rockzilla|tox\n|\n|-weather|Sandstorm|[upkeep]\n|-damage|p2a: Chansey|24\/100|[from] Sandstorm\n|-damage|p1a: Rockzilla|94\/100 tox|[from] psn\n|-fieldend|move: Electric Terrain\n|upkeep\n|turn|15\n|\n|t:|1699765923\n|switch|p2a: Slowbro|Slowbro, M, shiny|99\/100\n|move|p1a: Rockzilla|Rock Slide|p2a: Slowbro\n|-damage|p2a: Slowbro|74\/100\n|\n|-weather|Sandstorm|[upkeep]\n|-damage|p2a: Slowbro|68\/100|[from] Sandstorm\n|-damage|p1a: Rockzilla|82\/100 tox|[from] psn\n|upkeep\n|turn|16\n|\n|t:|1699765935\n|switch|p1a: Hydrarlo|Hydreigon, M|100\/100\n|-damage|p1a: Hydrarlo|88\/100|[from] Stealth Rock\n|detailschange|p2a: Slowbro|Slowbro-Mega, M, shiny\n|-mega|p2a: Slowbro|Slowbro|Slowbronite\n|move|p2a: Slowbro|Slack Off|p2a: Slowbro\n|-heal|p2a: Slowbro|100\/100\n|\n|-weather|Sandstorm|[upkeep]\n|-damage|p1a: Hydrarlo|82\/100|[from] Sandstorm\n|-damage|p2a: Slowbro|94\/100|[from] Sandstorm\n|-heal|p1a: Hydrarlo|88\/100|[from] item: Leftovers\n|upkeep\n|turn|17\n|\n|t:|1699765941\n|move|p1a: Hydrarlo|Nasty Plot|p1a: Hydrarlo\n|-boost|p1a: Hydrarlo|spa|2\n|move|p2a: Slowbro|Body Press|p1a: Hydrarlo\n|-supereffective|p1a: Hydrarlo\n|-damage|p1a: Hydrarlo|46\/100\n|\n|-weather|none\n|-heal|p1a: Hydrarlo|52\/100|[from] item: Leftovers\n|upkeep\n|turn|18\n|\n|t:|1699765954\n|switch|p2a: Chansey|Chansey, F|24\/100\n|move|p1a: Hydrarlo|Dark Pulse|p2a: Chansey\n|-crit|p2a: Chansey\n|-damage|p2a: Chansey|0 fnt\n|faint|p2a: Chansey\n|\n|-heal|p1a: Hydrarlo|58\/100|[from] item: Leftovers\n|-sideend|p1: Arlo Ghost|move: Light Screen\n|upkeep\n|\n|t:|1699765960\n|switch|p2a: Tapu Koko|Tapu Koko|100\/100\n|-fieldstart|move: Electric Terrain|[from] ability: Electric Surge|[of] p2a: Tapu Koko\n|turn|19\n|\n|t:|1699765968\n|-terastallize|p1a: Hydrarlo|Steel\n|move|p2a: Tapu Koko|Discharge|p1a: Hydrarlo\n|-damage|p1a: Hydrarlo|12\/100\n|-status|p1a: Hydrarlo|par\n|move|p1a: Hydrarlo|Flash Cannon|p2a: Tapu Koko\n|-damage|p2a: Tapu Koko|0 fnt\n|faint|p2a: Tapu Koko\n|\n|-heal|p1a: Hydrarlo|18\/100 par|[from] item: Leftovers\n|-sideend|p1: Arlo Ghost|Reflect\n|upkeep\n|\n|t:|1699765980\n|switch|p2a: Sneasler|Sneasler, M|100\/100\n|-enditem|p2a: Sneasler|Electric Seed\n|-boost|p2a: Sneasler|def|1|[from] item: Electric Seed\n|turn|20\n|c|\u2606matu 1402|Que lindo con su animaci\u00f3n\n|\n|t:|1699766002\n|move|p2a: Sneasler|Night Slash|p1a: Hydrarlo\n|-damage|p1a: Hydrarlo|0 fnt\n|faint|p1a: Hydrarlo\n|\n|upkeep\n|\n|t:|1699766005\n|switch|p1a: Sherkemo|Grimmsnarl, M|44\/100\n|-damage|p1a: Sherkemo|32\/100|[from] Stealth Rock\n|turn|21\n|\n|t:|1699766018\n|move|p1a: Sherkemo|Reflect|p1a: Sherkemo\n|-sidestart|p1: Arlo Ghost|Reflect\n|move|p2a: Sneasler|Swords Dance|p2a: Sneasler\n|-boost|p2a: Sneasler|atk|2\n|\n|upkeep\n|turn|22\n|\n|t:|1699766025\n|move|p2a: Sneasler|Swords Dance|p2a: Sneasler\n|-boost|p2a: Sneasler|atk|2\n|move|p1a: Sherkemo|Spirit Break|p2a: Sneasler\n|-damage|p2a: Sneasler|65\/100\n|-unboost|p2a: Sneasler|spa|1\n|\n|upkeep\n|turn|23\n|\n|t:|1699766031\n|move|p2a: Sneasler|Acrobatics|p1a: Sherkemo\n|-damage|p1a: Sherkemo|0 fnt\n|faint|p1a: Sherkemo\n|\n|-fieldend|move: Electric Terrain\n|upkeep\n|\n|t:|1699766032\n|switch|p1a: Winona|Mandibuzz, F|67\/100\n|-damage|p1a: Winona|43\/100|[from] Stealth Rock\n|turn|24\n|c| Sai4rr|Vamos koichi tengo f\u00e9 en ti\n|\n|t:|1699766048\n|move|p2a: Sneasler|Close Combat|p1a: Winona\n|-damage|p1a: Winona|0 fnt\n|-unboost|p2a: Sneasler|def|1\n|-unboost|p2a: Sneasler|spd|1\n|faint|p1a: Winona\n|\n|upkeep\n|\n|t:|1699766051\n|switch|p1a: El Cumbia Ninja|Greninja, M|100\/100\n|-damage|p1a: El Cumbia Ninja|88\/100|[from] Stealth Rock\n|turn|25\n|\n|t:|1699766057\n|move|p2a: Sneasler|Close Combat|p1a: El Cumbia Ninja\n|-supereffective|p1a: El Cumbia Ninja\n|-damage|p1a: El Cumbia Ninja|0 fnt\n|-unboost|p2a: Sneasler|def|1\n|-unboost|p2a: Sneasler|spd|1\n|faint|p1a: El Cumbia Ninja\n|\n|upkeep\n|\n|t:|1699766059\n|switch|p1a: Rockzilla|Tyranitar-Mega, M, shiny|82\/100 tox\n|-damage|p1a: Rockzilla|69\/100 tox|[from] Stealth Rock\n|-weather|Sandstorm|[from] ability: Sand Stream|[of] p1a: Rockzilla\n|turn|26\n|c|\u2606matu 1402|Gg\n|\n|t:|1699766064\n|move|p2a: Sneasler|Close Combat|p1a: Rockzilla\n|-supereffective|p1a: Rockzilla\n|-damage|p1a: Rockzilla|0 fnt\n|-unboost|p2a: Sneasler|def|1\n|-unboost|p2a: Sneasler|spd|1\n|faint|p1a: Rockzilla\n|\n|win|matu 1402\n|c|\u2606Arlo Ghost|gg\n|c|\u2606matu 1402|Buena Arlo\n|l| Sai4rr\n","uploadtime":1699766084,"views":5,"p1id":"arloghost","p2id":"matu1402","formatid":"gen9nationaldex","rating":0,"private":0,"password":""}