{"id":"gen9nationaldex-1987492485","p1":"Andrews Finn2","p2":"XKD4life","format":"[Gen 9] National Dex","log":"|j|\u2606Andrews Finn2\n|j|\u2606XKD4life\n|t:|1699600852\n|gametype|singles\n|player|p1|Andrews Finn2|steven|1198\n|player|p2|XKD4life|jasmine|1117\n|teamsize|p1|6\n|teamsize|p2|6\n|gen|9\n|tier|[Gen 9] National Dex\n|rated|\n|rule|HP Percentage Mod: HP is shown in percentages\n|rule|Endless Battle Clause: Forcing endless battles is banned\n|rule|OHKO Clause: OHKO moves are banned\n|rule|Evasion Clause: Evasion abilities, items, and moves are banned\n|rule|Evasion Abilities Clause: Evasion abilities are banned\n|rule|Evasion Items Clause: Evasion items are banned\n|rule|Evasion Moves Clause: Evasion moves are banned\n|rule|Species Clause: Limit one of each Pok\u00e9mon\n|rule|Sleep Clause Mod: Limit one foe put to sleep\n|clearpoke\n|poke|p1|Hydreigon, F|\n|poke|p1|Heracross, F|\n|poke|p1|Corviknight, F|\n|poke|p1|Glimmora, M|\n|poke|p1|Ceruledge, M|\n|poke|p1|Ferrothorn, F|\n|poke|p2|Mienshao, M|\n|poke|p2|Cyclizar, F|\n|poke|p2|Tornadus-Therian, M|\n|poke|p2|Alomomola, M|\n|poke|p2|Slowbro, M|\n|poke|p2|Reuniclus, F|\n|teampreview\n|\n|t:|1699600864\n|start\n|switch|p1a: Glimmora|Glimmora, M|100\/100\n|switch|p2a: Slowbro|Slowbro, M|100\/100\n|turn|1\n|l|\u2606XKD4life\n|player|p2|\n|j|\u2606XKD4life\n|player|p2|XKD4life|jasmine\n|\n|t:|1699600888\n|switch|p1a: Hydreigon|Hydreigon, F|100\/100\n|move|p2a: Slowbro|Psyshock|p1a: Hydreigon\n|-immune|p1a: Hydreigon\n|\n|upkeep\n|turn|2\n|\n|t:|1699600894\n|move|p1a: Hydreigon|U-turn|p2a: Slowbro\n|-supereffective|p2a: Slowbro\n|-damage|p2a: Slowbro|76\/100\n|\n|t:|1699600898\n|switch|p1a: Ferrothorn|Ferrothorn, F|100\/100|[from] U-turn\n|move|p2a: Slowbro|Teleport|p2a: Slowbro\n|\n|t:|1699600910\n|switch|p2a: Alomomola|Alomomola, M|100\/100|[from] Teleport\n|\n|upkeep\n|turn|3\n|\n|t:|1699600914\n|move|p2a: Alomomola|Flip Turn|p1a: Ferrothorn\n|-resisted|p1a: Ferrothorn\n|-damage|p1a: Ferrothorn|94\/100\n|-damage|p2a: Alomomola|88\/100|[from] ability: Iron Barbs|[of] p1a: Ferrothorn\n|\n|t:|1699600918\n|switch|p2a: Slowbro|Slowbro, M|100\/100|[from] Flip Turn\n|move|p1a: Ferrothorn|Thunder Wave|p2a: Slowbro\n|-status|p2a: Slowbro|par\n|\n|-heal|p1a: Ferrothorn|99\/100|[from] item: Leftovers\n|upkeep\n|turn|4\n|\n|t:|1699600927\n|move|p1a: Ferrothorn|Spikes|p2a: Slowbro\n|-sidestart|p2: XKD4life|Spikes\n|move|p2a: Slowbro|Flamethrower|p1a: Ferrothorn\n|-supereffective|p1a: Ferrothorn\n|-damage|p1a: Ferrothorn|20\/100\n|-status|p1a: Ferrothorn|brn\n|\n|-heal|p1a: Ferrothorn|27\/100 brn|[from] item: Leftovers\n|-damage|p1a: Ferrothorn|20\/100 brn|[from] brn\n|upkeep\n|turn|5\n|\n|t:|1699600935\n|move|p1a: Ferrothorn|Knock Off|p2a: Slowbro\n|-supereffective|p2a: Slowbro\n|-damage|p2a: Slowbro|83\/100 par\n|-enditem|p2a: Slowbro|Twisted Spoon|[from] move: Knock Off|[of] p1a: Ferrothorn\n|move|p2a: Slowbro|Scald|p1a: Ferrothorn\n|-resisted|p1a: Ferrothorn\n|-damage|p1a: Ferrothorn|7\/100 brn\n|\n|-heal|p1a: Ferrothorn|13\/100 brn|[from] item: Leftovers\n|-damage|p1a: Ferrothorn|7\/100 brn|[from] brn\n|upkeep\n|turn|6\n|\n|t:|1699600942\n|move|p1a: Ferrothorn|Power Whip|p2a: Slowbro\n|-supereffective|p2a: Slowbro\n|-damage|p2a: Slowbro|51\/100 par\n|move|p2a: Slowbro|Psyshock|p1a: Ferrothorn\n|-resisted|p1a: Ferrothorn\n|-damage|p1a: Ferrothorn|0 fnt\n|faint|p1a: Ferrothorn\n|\n|upkeep\n|\n|t:|1699600951\n|switch|p1a: Hydreigon|Hydreigon, F|100\/100\n|turn|7\n|\n|t:|1699600960\n|switch|p2a: Tornadus|Tornadus-Therian, M|100\/100\n|move|p1a: Hydreigon|Dark Pulse|p2a: Tornadus\n|-damage|p2a: Tornadus|45\/100\n|\n|upkeep\n|turn|8\n|\n|t:|1699600967\n|move|p1a: Hydreigon|Dark Pulse|p2a: Tornadus\n|-damage|p2a: Tornadus|0 fnt\n|faint|p2a: Tornadus\n|\n|upkeep\n|\n|t:|1699600973\n|switch|p2a: Cyclizar|Cyclizar, F|100\/100\n|turn|9\n|\n|t:|1699600977\n|switch|p1a: Corviknight|Corviknight, F|100\/100\n|-ability|p1a: Corviknight|Pressure\n|move|p2a: Cyclizar|Rapid Spin|p1a: Corviknight\n|-resisted|p1a: Corviknight\n|-damage|p1a: Corviknight|94\/100\n|-boost|p2a: Cyclizar|spe|1\n|-damage|p2a: Cyclizar|84\/100|[from] item: Rocky Helmet|[of] p1a: Corviknight\n|-sideend|p2: XKD4life|Spikes|[from] move: Rapid Spin|[of] p2a: Cyclizar\n|\n|upkeep\n|turn|10\n|\n|t:|1699600985\n|move|p2a: Cyclizar|Knock Off|p1a: Corviknight\n|-damage|p1a: Corviknight|79\/100\n|-damage|p2a: Cyclizar|68\/100|[from] item: Rocky Helmet|[of] p1a: Corviknight\n|-enditem|p1a: Corviknight|Rocky Helmet|[from] move: Knock Off|[of] p2a: Cyclizar\n|move|p1a: Corviknight|Body Press|p2a: Cyclizar\n|-supereffective|p2a: Cyclizar\n|-damage|p2a: Cyclizar|0 fnt\n|faint|p2a: Cyclizar\n|\n|upkeep\n|\n|t:|1699600993\n|switch|p2a: Slowbro|Slowbro, M|84\/100 par\n|turn|11\n|\n|t:|1699600996\n|move|p1a: Corviknight|U-turn|p2a: Slowbro\n|-supereffective|p2a: Slowbro\n|-damage|p2a: Slowbro|61\/100 par\n|\n|t:|1699601003\n|switch|p1a: Hydreigon|Hydreigon, F|100\/100|[from] U-turn\n|cant|p2a: Slowbro|par\n|\n|upkeep\n|turn|12\n|\n|t:|1699601012\n|move|p1a: Hydreigon|Dark Pulse|p2a: Slowbro\n|-supereffective|p2a: Slowbro\n|-crit|p2a: Slowbro\n|-damage|p2a: Slowbro|0 fnt\n|faint|p2a: Slowbro\n|\n|upkeep\n|\n|t:|1699601014\n|switch|p2a: Reuniclus|Reuniclus, F|100\/100\n|turn|13\n|\n|t:|1699601019\n|move|p1a: Hydreigon|Dark Pulse|p2a: Reuniclus\n|-supereffective|p2a: Reuniclus\n|-damage|p2a: Reuniclus|25\/100\n|cant|p2a: Reuniclus|flinch\n|\n|-heal|p2a: Reuniclus|32\/100|[from] item: Leftovers\n|upkeep\n|turn|14\n|\n|t:|1699601024\n|switch|p2a: Alomomola|Alomomola, M|100\/100\n|move|p1a: Hydreigon|Dark Pulse|p2a: Alomomola\n|-damage|p2a: Alomomola|49\/100\n|\n|upkeep\n|turn|15\n|\n|t:|1699601030\n|move|p1a: Hydreigon|Dark Pulse|p2a: Alomomola\n|-damage|p2a: Alomomola|0 fnt\n|faint|p2a: Alomomola\n|\n|upkeep\n|\n|t:|1699601031\n|switch|p2a: Mienshao|Mienshao, M|100\/100\n|turn|16\n|\n|t:|1699601035\n|switch|p1a: Glimmora|Glimmora, M|100\/100\n|move|p2a: Mienshao|Fake Out|p1a: Glimmora\n|-resisted|p1a: Glimmora\n|-damage|p1a: Glimmora|92\/100\n|-activate|p1a: Glimmora|ability: Toxic Debris\n|-sidestart|p2: XKD4life|move: Toxic Spikes\n|-enditem|p1a: Glimmora|Red Card|[of] p2a: Mienshao\n|drag|p2a: Reuniclus|Reuniclus, F|65\/100\n|-status|p2a: Reuniclus|psn\n|\n|-heal|p2a: Reuniclus|71\/100 psn|[from] item: Leftovers\n|-damage|p2a: Reuniclus|59\/100 psn|[from] psn\n|upkeep\n|turn|17\n|\n|t:|1699601048\n|move|p1a: Glimmora|Stealth Rock|p2a: Reuniclus\n|-sidestart|p2: XKD4life|move: Stealth Rock\n|move|p2a: Reuniclus|Trick Room|p2a: Reuniclus\n|-fieldstart|move: Trick Room|[of] p2a: Reuniclus\n|\n|-heal|p2a: Reuniclus|65\/100 psn|[from] item: Leftovers\n|-damage|p2a: Reuniclus|52\/100 psn|[from] psn\n|upkeep\n|turn|18\n|\n|t:|1699601058\n|move|p2a: Reuniclus|Calm Mind|p2a: Reuniclus\n|-boost|p2a: Reuniclus|spa|1\n|-boost|p2a: Reuniclus|spd|1\n|move|p1a: Glimmora|Dazzling Gleam|p2a: Reuniclus\n|-damage|p2a: Reuniclus|34\/100 psn\n|\n|-heal|p2a: Reuniclus|40\/100 psn|[from] item: Leftovers\n|-damage|p2a: Reuniclus|27\/100 psn|[from] psn\n|upkeep\n|turn|19\n|\n|t:|1699601067\n|move|p2a: Reuniclus|Psychic|p1a: Glimmora\n|-supereffective|p1a: Glimmora\n|-damage|p1a: Glimmora|0 fnt\n|faint|p1a: Glimmora\n|\n|-heal|p2a: Reuniclus|33\/100 psn|[from] item: Leftovers\n|-damage|p2a: Reuniclus|21\/100 psn|[from] psn\n|upkeep\n|\n|t:|1699601074\n|switch|p1a: Ceruledge|Ceruledge, M|100\/100\n|turn|20\n|\n|t:|1699601076\n|move|p1a: Ceruledge|Shadow Sneak|p2a: Reuniclus\n|-supereffective|p2a: Reuniclus\n|-damage|p2a: Reuniclus|0 fnt\n|faint|p2a: Reuniclus\n|\n|upkeep\n|l|\u2606XKD4life\n|player|p2|\n|inactive|Battle timer is ON: inactive players will automatically lose when time's up. (requested by Andrews Finn2)\n|c|\u2606Andrews Finn2|stall aint tall\n|inactive|XKD4life has 30 seconds to reconnect!\n|inactive|XKD4life has 20 seconds to reconnect!\n|inactive|XKD4life has 15 seconds to reconnect!\n|inactive|XKD4life has 10 seconds to reconnect!\n|inactive|XKD4life has 5 seconds to reconnect!\n|-message|XKD4life lost due to inactivity.\n|\n|win|Andrews Finn2\n|raw|Andrews Finn2's rating: 1198 &rarr; <strong>1217<\/strong><br \/>(+19 for winning)\n|raw|XKD4life's rating: 1117 &rarr; <strong>1098<\/strong><br \/>(-19 for losing)\n","uploadtime":1699601161,"views":7,"p1id":"andrewsfinn2","p2id":"xkd4life","formatid":"gen9nationaldex","rating":1098,"private":0,"password":""}