{"id":"gen9nationaldex-1989235786","p1":"Durszlak101","p2":"Squishy27","format":"[Gen 9] National Dex","log":"|j|\u2606Durszlak101\n|j|\u2606Squishy27\n|t:|1699826460\n|gametype|singles\n|player|p1|Durszlak101|norman|1130\n|player|p2|Squishy27|backpacker|1000\n|teamsize|p1|6\n|teamsize|p2|4\n|gen|9\n|tier|[Gen 9] National Dex\n|rated|\n|rule|HP Percentage Mod: HP is shown in percentages\n|rule|Endless Battle Clause: Forcing endless battles is banned\n|rule|OHKO Clause: OHKO moves are banned\n|rule|Evasion Clause: Evasion abilities, items, and moves are banned\n|rule|Evasion Abilities Clause: Evasion abilities are banned\n|rule|Evasion Items Clause: Evasion items are banned\n|rule|Evasion Moves Clause: Evasion moves are banned\n|rule|Species Clause: Limit one of each Pok\u00e9mon\n|rule|Sleep Clause Mod: Limit one foe put to sleep\n|clearpoke\n|poke|p1|Slaking, F|\n|poke|p1|Bibarel, M|\n|poke|p1|Bouffalant, M|\n|poke|p1|Kecleon, M|\n|poke|p1|Snorlax, F|\n|poke|p1|Wyrdeer, F|\n|poke|p2|Shuckle, M|\n|poke|p2|Krookodile, M|\n|poke|p2|Lilligant, F|\n|poke|p2|Regice|\n|teampreview\n|inactive|Battle timer is ON: inactive players will automatically lose when time's up. (requested by Durszlak101)\n|\n|t:|1699826466\n|start\n|switch|p1a: Bibarel|Bibarel, M|100\/100\n|switch|p2a: Shuckle|Shuckle, M, shiny|100\/100\n|turn|1\n|\n|t:|1699826480\n|move|p1a: Bibarel|Stealth Rock|p2a: Shuckle\n|-sidestart|p2: Squishy27|move: Stealth Rock\n|move|p2a: Shuckle|Sticky Web|p1a: Bibarel\n|-sidestart|p1: Durszlak101|move: Sticky Web\n|\n|upkeep\n|turn|2\n|\n|t:|1699826492\n|move|p1a: Bibarel|Swords Dance|p1a: Bibarel\n|-boost|p1a: Bibarel|atk|2\n|move|p2a: Shuckle|Toxic|p1a: Bibarel\n|-status|p1a: Bibarel|tox\n|\n|-damage|p1a: Bibarel|94\/100 tox|[from] psn\n|upkeep\n|turn|3\n|\n|t:|1699826498\n|move|p1a: Bibarel|Swords Dance|p1a: Bibarel\n|-boost|p1a: Bibarel|atk|2\n|move|p2a: Shuckle|Stealth Rock|p1a: Bibarel\n|-sidestart|p1: Durszlak101|move: Stealth Rock\n|\n|-damage|p1a: Bibarel|82\/100 tox|[from] psn\n|upkeep\n|turn|4\n|\n|t:|1699826507\n|move|p1a: Bibarel|Swords Dance|p1a: Bibarel\n|-boost|p1a: Bibarel|atk|2\n|move|p2a: Shuckle|Sticky Web||[still]\n|-fail|p2a: Shuckle\n|\n|-damage|p1a: Bibarel|64\/100 tox|[from] psn\n|upkeep\n|turn|5\n|\n|t:|1699826513\n|move|p1a: Bibarel|Super Fang|p2a: Shuckle|[miss]\n|-miss|p1a: Bibarel|p2a: Shuckle\n|move|p2a: Shuckle|Toxic|p1a: Bibarel\n|-fail|p1a: Bibarel|tox\n|\n|-damage|p1a: Bibarel|40\/100 tox|[from] psn\n|upkeep\n|turn|6\n|\n|t:|1699826520\n|move|p1a: Bibarel|Aqua Jet|p2a: Shuckle\n|-supereffective|p2a: Shuckle\n|-ability|p2a: Shuckle|Sturdy\n|-damage|p2a: Shuckle|1\/100\n|-damage|p1a: Bibarel|31\/100 tox|[from] item: Life Orb\n|move|p2a: Shuckle|Toxic|p1a: Bibarel\n|-fail|p1a: Bibarel|tox\n|\n|-heal|p2a: Shuckle|7\/100|[from] item: Leftovers\n|-damage|p1a: Bibarel|0 fnt|[from] psn\n|faint|p1a: Bibarel\n|upkeep\n|\n|t:|1699826540\n|switch|p1a: Wyrdeer|Wyrdeer, F|100\/100\n|-activate|p1a: Wyrdeer|move: Sticky Web\n|-unboost|p1a: Wyrdeer|spe|1\n|-damage|p1a: Wyrdeer|88\/100|[from] Stealth Rock\n|-ability|p1a: Wyrdeer|Intimidate|boost\n|-unboost|p2a: Shuckle|atk|1\n|turn|7\n|\n|t:|1699826550\n|move|p2a: Shuckle|Protect|p2a: Shuckle\n|-singleturn|p2a: Shuckle|Protect\n|move|p1a: Wyrdeer|Trailblaze|p2a: Shuckle\n|-activate|p2a: Shuckle|move: Protect\n|\n|-heal|p2a: Shuckle|13\/100|[from] item: Leftovers\n|upkeep\n|turn|8\n|\n|t:|1699826558\n|move|p1a: Wyrdeer|Psyshield Bash|p2a: Shuckle|[miss]\n|-miss|p1a: Wyrdeer|p2a: Shuckle\n|move|p2a: Shuckle|Toxic|p1a: Wyrdeer\n|-status|p1a: Wyrdeer|tox\n|\n|-heal|p2a: Shuckle|19\/100|[from] item: Leftovers\n|-damage|p1a: Wyrdeer|82\/100 tox|[from] psn\n|upkeep\n|turn|9\n|\n|t:|1699826565\n|move|p2a: Shuckle|Protect|p2a: Shuckle\n|-singleturn|p2a: Shuckle|Protect\n|move|p1a: Wyrdeer|Psyshield Bash|p2a: Shuckle\n|-activate|p2a: Shuckle|move: Protect\n|\n|-heal|p2a: Shuckle|25\/100|[from] item: Leftovers\n|-damage|p1a: Wyrdeer|70\/100 tox|[from] psn\n|upkeep\n|turn|10\n|\n|t:|1699826572\n|move|p1a: Wyrdeer|Trailblaze|p2a: Shuckle\n|-damage|p2a: Shuckle|13\/100\n|-boost|p1a: Wyrdeer|spe|1\n|move|p2a: Shuckle|Stealth Rock||[still]\n|-fail|p2a: Shuckle\n|\n|-heal|p2a: Shuckle|19\/100|[from] item: Leftovers\n|-damage|p1a: Wyrdeer|51\/100 tox|[from] psn\n|upkeep\n|turn|11\n|\n|t:|1699826581\n|move|p2a: Shuckle|Protect|p2a: Shuckle\n|-singleturn|p2a: Shuckle|Protect\n|move|p1a: Wyrdeer|Trailblaze|p2a: Shuckle\n|-activate|p2a: Shuckle|move: Protect\n|\n|-heal|p2a: Shuckle|25\/100|[from] item: Leftovers\n|-damage|p1a: Wyrdeer|27\/100 tox|[from] psn\n|upkeep\n|turn|12\n|\n|t:|1699826590\n|move|p1a: Wyrdeer|Double-Edge|p2a: Shuckle\n|-resisted|p2a: Shuckle\n|-damage|p2a: Shuckle|4\/100\n|-damage|p1a: Wyrdeer|24\/100 tox|[from] Recoil\n|move|p2a: Shuckle|Toxic|p1a: Wyrdeer\n|-fail|p1a: Wyrdeer|tox\n|\n|-heal|p2a: Shuckle|10\/100|[from] item: Leftovers\n|-damage|p1a: Wyrdeer|0 fnt|[from] psn\n|faint|p1a: Wyrdeer\n|upkeep\n|\n|t:|1699826601\n|switch|p1a: Slaking|Slaking, F|100\/100\n|-activate|p1a: Slaking|move: Sticky Web\n|-unboost|p1a: Slaking|spe|1\n|-damage|p1a: Slaking|88\/100|[from] Stealth Rock\n|turn|13\n|\n|t:|1699826607\n|move|p2a: Shuckle|Protect|p2a: Shuckle\n|-singleturn|p2a: Shuckle|Protect\n|move|p1a: Slaking|Retaliate|p2a: Shuckle\n|-activate|p2a: Shuckle|move: Protect\n|\n|-heal|p1a: Slaking|94\/100|[from] item: Leftovers\n|-heal|p2a: Shuckle|16\/100|[from] item: Leftovers\n|upkeep\n|turn|14\n|\n|t:|1699826615\n|switch|p1a: Snorlax|Snorlax, F|100\/100\n|-activate|p1a: Snorlax|move: Sticky Web\n|-unboost|p1a: Snorlax|spe|1\n|-damage|p1a: Snorlax|88\/100|[from] Stealth Rock\n|move|p2a: Shuckle|Toxic|p1a: Snorlax\n|-status|p1a: Snorlax|tox\n|\n|-heal|p2a: Shuckle|22\/100|[from] item: Leftovers\n|-damage|p1a: Snorlax|82\/100 tox|[from] psn\n|upkeep\n|turn|15\n|\n|t:|1699826626\n|move|p1a: Snorlax|Darkest Lariat|p2a: Shuckle\n|-damage|p2a: Shuckle|0 fnt\n|faint|p2a: Shuckle\n|\n|-damage|p1a: Snorlax|70\/100 tox|[from] psn\n|upkeep\n|\n|t:|1699826642\n|switch|p2a: Krookodile|Krookodile, M, shiny|100\/100\n|-damage|p2a: Krookodile|94\/100|[from] Stealth Rock\n|turn|16\n|\n|t:|1699826649\n|move|p2a: Krookodile|Bulk Up|p2a: Krookodile\n|-boost|p2a: Krookodile|atk|1\n|-boost|p2a: Krookodile|def|1\n|move|p1a: Snorlax|Rest|p1a: Snorlax\n|-status|p1a: Snorlax|slp|[from] move: Rest\n|-heal|p1a: Snorlax|100\/100 slp|[silent]\n|-enditem|p1a: Snorlax|Chesto Berry|[eat]\n|-curestatus|p1a: Snorlax|slp|[msg]\n|\n|upkeep\n|turn|17\n|\n|t:|1699826660\n|move|p2a: Krookodile|Bulk Up|p2a: Krookodile\n|-boost|p2a: Krookodile|atk|1\n|-boost|p2a: Krookodile|def|1\n|move|p1a: Snorlax|Body Slam|p2a: Krookodile\n|-damage|p2a: Krookodile|72\/100\n|\n|upkeep\n|turn|18\n|\n|t:|1699826666\n|move|p2a: Krookodile|Bulk Up|p2a: Krookodile\n|-boost|p2a: Krookodile|atk|1\n|-boost|p2a: Krookodile|def|1\n|move|p1a: Snorlax|Body Slam|p2a: Krookodile\n|-damage|p2a: Krookodile|56\/100\n|\n|upkeep\n|turn|19\n|\n|t:|1699826673\n|-terastallize|p2a: Krookodile|Dark\n|move|p2a: Krookodile|Power Trip|p1a: Snorlax\n|-damage|p1a: Snorlax|0 fnt\n|faint|p1a: Snorlax\n|-ability|p2a: Krookodile|Moxie|boost\n|-boost|p2a: Krookodile|atk|1\n|\n|upkeep\n|\n|t:|1699826687\n|switch|p1a: Bouffalant|Bouffalant, M|100\/100\n|-activate|p1a: Bouffalant|move: Sticky Web\n|-unboost|p1a: Bouffalant|spe|1\n|-damage|p1a: Bouffalant|88\/100|[from] Stealth Rock\n|turn|20\n|\n|t:|1699826692\n|move|p2a: Krookodile|Power Trip|p1a: Bouffalant\n|-damage|p1a: Bouffalant|0 fnt\n|-damage|p2a: Krookodile|40\/100|[from] item: Rocky Helmet|[of] p1a: Bouffalant\n|faint|p1a: Bouffalant\n|-ability|p2a: Krookodile|Moxie|boost\n|-boost|p2a: Krookodile|atk|1\n|\n|upkeep\n|-message|Durszlak101 forfeited.\n|\n|win|Squishy27\n|raw|Durszlak101's rating: 1130 &rarr; <strong>1096<\/strong><br \/>(-34 for losing)\n|raw|Squishy27's rating: 1000 &rarr; <strong>1054<\/strong><br \/>(+54 for winning)\n|l|\u2606Durszlak101\n","uploadtime":1699826701,"views":6,"p1id":"durszlak101","p2id":"squishy27","formatid":"gen9nationaldex","rating":1054,"private":0,"password":""}