{"id":"gen9nationaldex-1999950500","p1":"Zk_007","p2":"EvaroTheFox","format":"[Gen 9] National Dex","log":"|html|<div class=\"broadcast-blue\"><strong>[Gen 9] National Dex is currently suspecting Sneasler! For information on how to participate check out the <a href=\"https:\/\/www.smogon.com\/forums\/threads\/sv-national-dex-suspect-8-just-dance.3731534\/\">suspect thread<\/a>.<\/strong><\/div>\n|j|\u2606Zk_007\n|j|\u2606EvaroTheFox\n|t:|1701133683\n|gametype|singles\n|player|p1|Zk_007|cynthia-gen4|1025\n|player|p2|EvaroTheFox|preschooler|1043\n|teamsize|p1|6\n|teamsize|p2|6\n|gen|9\n|tier|[Gen 9] National Dex\n|rated|\n|rule|HP Percentage Mod: HP is shown in percentages\n|rule|Endless Battle Clause: Forcing endless battles is banned\n|rule|OHKO Clause: OHKO moves are banned\n|rule|Evasion Clause: Evasion abilities, items, and moves are banned\n|rule|Evasion Abilities Clause: Evasion abilities are banned\n|rule|Evasion Items Clause: Evasion items are banned\n|rule|Evasion Moves Clause: Evasion moves are banned\n|rule|Species Clause: Limit one of each Pok\u00e9mon\n|rule|Sleep Clause Mod: Limit one foe put to sleep\n|clearpoke\n|poke|p1|Galvantula, F|\n|poke|p1|Uxie|\n|poke|p1|Altaria, M|\n|poke|p1|Garganacl, F|\n|poke|p1|Skeledirge, F|\n|poke|p1|Greninja-*, M|\n|poke|p2|Smeargle, M|\n|poke|p2|Azumarill, M|\n|poke|p2|Leafeon, M|\n|poke|p2|Ninetales, F|\n|poke|p2|Reuniclus, M|\n|poke|p2|Honchkrow, M|\n|teampreview\n|\n|t:|1701133695\n|start\n|switch|p1a: Spydar|Galvantula, F|100\/100\n|switch|p2a: Smeargle|Smeargle, M|100\/100\n|turn|1\n|\n|t:|1701133704\n|move|p1a: Spydar|Thunder|p2a: Smeargle\n|-damage|p2a: Smeargle|13\/100\n|move|p2a: Smeargle|Spore|p1a: Spydar\n|-status|p1a: Spydar|slp|[from] move: Spore\n|\n|-heal|p2a: Smeargle|19\/100|[from] item: Leftovers\n|upkeep\n|turn|2\n|\n|t:|1701133714\n|cant|p1a: Spydar|slp\n|move|p2a: Smeargle|Victory Dance|p2a: Smeargle\n|-boost|p2a: Smeargle|atk|1\n|-boost|p2a: Smeargle|def|1\n|-boost|p2a: Smeargle|spe|1\n|\n|-heal|p2a: Smeargle|25\/100|[from] item: Leftovers\n|upkeep\n|turn|3\n|\n|t:|1701133723\n|move|p2a: Smeargle|Substitute|p2a: Smeargle\n|-fail|p2a: Smeargle|move: Substitute|[weak]\n|cant|p1a: Spydar|slp\n|\n|-heal|p2a: Smeargle|31\/100|[from] item: Leftovers\n|upkeep\n|turn|4\n|\n|t:|1701133731\n|move|p2a: Smeargle|Substitute|p2a: Smeargle\n|-start|p2a: Smeargle|Substitute\n|-damage|p2a: Smeargle|7\/100\n|cant|p1a: Spydar|slp\n|\n|-heal|p2a: Smeargle|13\/100|[from] item: Leftovers\n|upkeep\n|turn|5\n|\n|t:|1701133744\n|move|p2a: Smeargle|Victory Dance|p2a: Smeargle\n|-boost|p2a: Smeargle|atk|1\n|-boost|p2a: Smeargle|def|1\n|-boost|p2a: Smeargle|spe|1\n|-curestatus|p1a: Spydar|slp|[msg]\n|move|p1a: Spydar|Thunder|p2a: Smeargle|[miss]\n|-miss|p1a: Spydar|p2a: Smeargle\n|\n|-heal|p2a: Smeargle|19\/100|[from] item: Leftovers\n|upkeep\n|turn|6\n|\n|t:|1701133761\n|move|p2a: Smeargle|Spore|p1a: Spydar\n|-status|p1a: Spydar|slp|[from] move: Spore\n|cant|p1a: Spydar|slp\n|\n|-heal|p2a: Smeargle|25\/100|[from] item: Leftovers\n|upkeep\n|turn|7\n|\n|t:|1701133783\n|move|p2a: Smeargle|Victory Dance|p2a: Smeargle\n|-boost|p2a: Smeargle|atk|1\n|-boost|p2a: Smeargle|def|1\n|-boost|p2a: Smeargle|spe|1\n|cant|p1a: Spydar|slp\n|\n|-heal|p2a: Smeargle|31\/100|[from] item: Leftovers\n|upkeep\n|turn|8\n|\n|t:|1701133792\n|move|p2a: Smeargle|Victory Dance|p2a: Smeargle\n|-boost|p2a: Smeargle|atk|1\n|-boost|p2a: Smeargle|def|1\n|-boost|p2a: Smeargle|spe|1\n|-curestatus|p1a: Spydar|slp|[msg]\n|move|p1a: Spydar|Sticky Web|p2a: Smeargle\n|-sidestart|p2: EvaroTheFox|move: Sticky Web\n|\n|-heal|p2a: Smeargle|37\/100|[from] item: Leftovers\n|upkeep\n|turn|9\n|\n|t:|1701133805\n|move|p2a: Smeargle|Spore|p1a: Spydar\n|-status|p1a: Spydar|slp|[from] move: Spore\n|cant|p1a: Spydar|slp\n|\n|-heal|p2a: Smeargle|43\/100|[from] item: Leftovers\n|upkeep\n|turn|10\n|\n|t:|1701133814\n|move|p2a: Smeargle|Victory Dance|p2a: Smeargle\n|-boost|p2a: Smeargle|atk|1\n|-boost|p2a: Smeargle|def|1\n|-boost|p2a: Smeargle|spe|1\n|cant|p1a: Spydar|slp\n|\n|-heal|p2a: Smeargle|49\/100|[from] item: Leftovers\n|upkeep\n|turn|11\n|\n|t:|1701133823\n|move|p2a: Smeargle|Victory Dance|p2a: Smeargle\n|-boost|p2a: Smeargle|atk|1\n|-boost|p2a: Smeargle|def|1\n|-boost|p2a: Smeargle|spe|1\n|cant|p1a: Spydar|slp\n|\n|-heal|p2a: Smeargle|55\/100|[from] item: Leftovers\n|upkeep\n|turn|12\n|\n|t:|1701133833\n|move|p2a: Smeargle|Power Trip|p1a: Spydar\n|-enditem|p1a: Spydar|Focus Sash\n|-damage|p1a: Spydar|1\/100 slp\n|-curestatus|p1a: Spydar|slp|[msg]\n|move|p1a: Spydar|Thunder|p2a: Smeargle\n|-end|p2a: Smeargle|Substitute\n|\n|-heal|p2a: Smeargle|61\/100|[from] item: Leftovers\n|upkeep\n|turn|13\n|\n|t:|1701133845\n|move|p2a: Smeargle|Spore|p1a: Spydar\n|-status|p1a: Spydar|slp|[from] move: Spore\n|cant|p1a: Spydar|slp\n|\n|-heal|p2a: Smeargle|67\/100|[from] item: Leftovers\n|upkeep\n|turn|14\n|\n|t:|1701133853\n|move|p2a: Smeargle|Substitute|p2a: Smeargle\n|-start|p2a: Smeargle|Substitute\n|-damage|p2a: Smeargle|42\/100\n|cant|p1a: Spydar|slp\n|\n|-heal|p2a: Smeargle|48\/100|[from] item: Leftovers\n|upkeep\n|turn|15\n|\n|t:|1701133862\n|move|p2a: Smeargle|Power Trip|p1a: Spydar\n|-damage|p1a: Spydar|0 fnt\n|faint|p1a: Spydar\n|\n|-heal|p2a: Smeargle|54\/100|[from] item: Leftovers\n|upkeep\n|\n|t:|1701133875\n|switch|p1a: Gargle on me|Garganacl, F|100\/100\n|turn|16\n|\n|t:|1701133881\n|move|p2a: Smeargle|Power Trip|p1a: Gargle on me\n|-damage|p1a: Gargle on me|42\/100\n|move|p1a: Gargle on me|Iron Defense|p1a: Gargle on me\n|-boost|p1a: Gargle on me|def|2\n|\n|-heal|p2a: Smeargle|60\/100|[from] item: Leftovers\n|-heal|p1a: Gargle on me|48\/100|[from] item: Leftovers\n|upkeep\n|turn|17\n|\n|t:|1701133892\n|move|p2a: Smeargle|Power Trip|p1a: Gargle on me\n|-damage|p1a: Gargle on me|20\/100\n|move|p1a: Gargle on me|Recover|p1a: Gargle on me\n|-heal|p1a: Gargle on me|70\/100\n|\n|-heal|p2a: Smeargle|66\/100|[from] item: Leftovers\n|-heal|p1a: Gargle on me|76\/100|[from] item: Leftovers\n|upkeep\n|turn|18\n|\n|t:|1701133903\n|move|p2a: Smeargle|Power Trip|p1a: Gargle on me\n|-damage|p1a: Gargle on me|48\/100\n|move|p1a: Gargle on me|Body Press|p2a: Smeargle\n|-supereffective|p2a: Smeargle\n|-end|p2a: Smeargle|Substitute\n|\n|-heal|p2a: Smeargle|72\/100|[from] item: Leftovers\n|-heal|p1a: Gargle on me|54\/100|[from] item: Leftovers\n|upkeep\n|turn|19\n|\n|t:|1701133916\n|-terastallize|p2a: Smeargle|Ghost\n|move|p2a: Smeargle|Power Trip|p1a: Gargle on me\n|-damage|p1a: Gargle on me|24\/100\n|move|p1a: Gargle on me|Body Press|p2a: Smeargle\n|-immune|p2a: Smeargle\n|\n|-heal|p2a: Smeargle|79\/100|[from] item: Leftovers\n|-heal|p1a: Gargle on me|30\/100|[from] item: Leftovers\n|upkeep\n|turn|20\n|\n|t:|1701133928\n|move|p2a: Smeargle|Power Trip|p1a: Gargle on me\n|-damage|p1a: Gargle on me|3\/100\n|move|p1a: Gargle on me|Salt Cure|p2a: Smeargle\n|-damage|p2a: Smeargle|70\/100\n|-start|p2a: Smeargle|Salt Cure\n|\n|-heal|p2a: Smeargle|76\/100|[from] item: Leftovers\n|-heal|p1a: Gargle on me|9\/100|[from] item: Leftovers\n|-damage|p2a: Smeargle|64\/100|[from] Salt Cure\n|upkeep\n|turn|21\n|\n|t:|1701133940\n|move|p2a: Smeargle|Power Trip|p1a: Gargle on me\n|-damage|p1a: Gargle on me|0 fnt\n|faint|p1a: Gargle on me\n|\n|-heal|p2a: Smeargle|70\/100|[from] item: Leftovers\n|-damage|p2a: Smeargle|57\/100|[from] Salt Cure\n|upkeep\n|\n|t:|1701133967\n|switch|p1a: Donkey Brains|Greninja, M|100\/100\n|turn|22\n|\n|t:|1701133973\n|move|p2a: Smeargle|Spore|p1a: Donkey Brains\n|-status|p1a: Donkey Brains|slp|[from] move: Spore\n|cant|p1a: Donkey Brains|slp\n|\n|-heal|p2a: Smeargle|63\/100|[from] item: Leftovers\n|-damage|p2a: Smeargle|51\/100|[from] Salt Cure\n|upkeep\n|turn|23\n|\n|t:|1701133982\n|move|p2a: Smeargle|Power Trip|p1a: Donkey Brains\n|-resisted|p1a: Donkey Brains\n|-damage|p1a: Donkey Brains|7\/100 slp\n|-curestatus|p1a: Donkey Brains|slp|[msg]\n|move|p1a: Donkey Brains|Dark Pulse|p2a: Smeargle\n|-supereffective|p2a: Smeargle\n|-damage|p2a: Smeargle|0 fnt\n|faint|p2a: Smeargle\n|-ability|p1a: Donkey Brains|Battle Bond|boost\n|-boost|p1a: Donkey Brains|atk|1\n|-boost|p1a: Donkey Brains|spa|1\n|-boost|p1a: Donkey Brains|spe|1\n|-activate|p1a: Donkey Brains|ability: Battle Bond\n|-damage|p1a: Donkey Brains|0 fnt|[from] item: Life Orb\n|faint|p1a: Donkey Brains\n|\n|upkeep\n|\n|t:|1701134000\n|switch|p1a: Dundee|Skeledirge, F|100\/100\n|switch|p2a: Honchkrow|Honchkrow, M|100\/100\n|turn|24\n|\n|t:|1701134024\n|switch|p1a: -5IQ|Uxie|100\/100\n|-zpower|p2a: Honchkrow\n|move|p2a: Honchkrow|Z-Tailwind|p2a: Honchkrow|[anim]Tailwind\n|-start|p2a: Honchkrow|move: Focus Energy|[zeffect]\n|-sidestart|p2: EvaroTheFox|move: Tailwind\n|\n|upkeep\n|turn|25\n|\n|t:|1701134040\n|move|p1a: -5IQ|Thunder Wave|p2a: Honchkrow\n|-status|p2a: Honchkrow|par\n|move|p2a: Honchkrow|Acrobatics|p1a: -5IQ\n|-crit|p1a: -5IQ\n|-damage|p1a: -5IQ|71\/100\n|\n|upkeep\n|turn|26\n|\n|t:|1701134052\n|switch|p1a: High AF|Altaria, M|100\/100\n|move|p2a: Honchkrow|Acrobatics|p1a: High AF\n|-crit|p1a: High AF\n|-damage|p1a: High AF|59\/100\n|\n|upkeep\n|turn|27\n|\n|t:|1701134065\n|move|p1a: High AF|Return|p2a: Honchkrow\n|-damage|p2a: Honchkrow|61\/100 par\n|move|p2a: Honchkrow|Acrobatics|p1a: High AF\n|-damage|p1a: High AF|27\/100\n|\n|-sideend|p2: EvaroTheFox|move: Tailwind\n|upkeep\n|turn|28\n|\n|t:|1701134074\n|detailschange|p1a: High AF|Altaria-Mega, M\n|-mega|p1a: High AF|Altaria|Altarianite\n|move|p1a: High AF|Return|p2a: Honchkrow\n|-supereffective|p2a: Honchkrow\n|-damage|p2a: Honchkrow|0 fnt\n|faint|p2a: Honchkrow\n|\n|upkeep\n|\n|t:|1701134087\n|switch|p2a: Azumarill|Azumarill, M, shiny|100\/100\n|-activate|p2a: Azumarill|move: Sticky Web\n|-unboost|p2a: Azumarill|spe|1\n|turn|29\n|\n|t:|1701134098\n|switch|p1a: -5IQ|Uxie|71\/100\n|move|p2a: Azumarill|Play Rough|p1a: -5IQ|[miss]\n|-miss|p2a: Azumarill|p1a: -5IQ\n|\n|upkeep\n|turn|30\n|\n|t:|1701134107\n|move|p1a: -5IQ|Memento|p2a: Azumarill\n|-unboost|p2a: Azumarill|atk|2\n|-unboost|p2a: Azumarill|spa|2\n|faint|p1a: -5IQ\n|move|p2a: Azumarill|Knock Off|p1: -5IQ|[notarget]\n|-fail|p2a: Azumarill\n|\n|upkeep\n|\n|t:|1701134115\n|switch|p1a: Dundee|Skeledirge, F|100\/100\n|turn|31\n|\n|t:|1701134124\n|-terastallize|p1a: Dundee|Grass\n|move|p1a: Dundee|Tera Blast|p2a: Azumarill|[anim] Tera Blast Grass\n|-supereffective|p2a: Azumarill\n|-damage|p2a: Azumarill|32\/100\n|-enditem|p2a: Azumarill|Sitrus Berry|[eat]\n|-heal|p2a: Azumarill|57\/100|[from] item: Sitrus Berry\n|move|p2a: Azumarill|Knock Off|p1a: Dundee\n|-damage|p1a: Dundee|79\/100\n|-enditem|p1a: Dundee|Assault Vest|[from] move: Knock Off|[of] p2a: Azumarill\n|\n|upkeep\n|turn|32\n|\n|t:|1701134139\n|move|p1a: Dundee|Tera Blast|p2a: Azumarill|[anim] Tera Blast Grass\n|-supereffective|p2a: Azumarill\n|-damage|p2a: Azumarill|0 fnt\n|faint|p2a: Azumarill\n|\n|upkeep\n|\n|t:|1701134144\n|switch|p2a: Ninetales|Ninetales, F|100\/100\n|-activate|p2a: Ninetales|move: Sticky Web\n|-unboost|p2a: Ninetales|spe|1\n|-weather|SunnyDay|[from] ability: Drought|[of] p2a: Ninetales\n|turn|33\n|\n|t:|1701134158\n|move|p2a: Ninetales|Flamethrower|p1a: Dundee\n|-supereffective|p1a: Dundee\n|-damage|p1a: Dundee|0 fnt\n|faint|p1a: Dundee\n|\n|-weather|SunnyDay|[upkeep]\n|upkeep\n|\n|t:|1701134163\n|switch|p1a: High AF|Altaria-Mega, M|27\/100\n|turn|34\n|\n|t:|1701134173\n|move|p1a: High AF|Earthquake|p2a: Ninetales\n|-supereffective|p2a: Ninetales\n|-damage|p2a: Ninetales|4\/100\n|-enditem|p2a: Ninetales|Aguav Berry|[eat]\n|-heal|p2a: Ninetales|38\/100|[from] item: Aguav Berry\n|move|p2a: Ninetales|Flamethrower|p1a: High AF\n|-resisted|p1a: High AF\n|-damage|p1a: High AF|0 fnt\n|faint|p1a: High AF\n|\n|win|EvaroTheFox\n|raw|Zk_007's rating: 1025 &rarr; <strong>1012<\/strong><br \/>(-13 for losing)\n|raw|EvaroTheFox's rating: 1043 &rarr; <strong>1075<\/strong><br \/>(+32 for winning)\n|c|\u2606Zk_007|gg\n|l|\u2606Zk_007\n","uploadtime":1701134186,"views":5,"p1id":"zk007","p2id":"evarothefox","formatid":"gen9nationaldex","rating":1012,"private":0,"password":""}