{"id":"gen9nationaldex-1989456766","p1":"yunhaiyue","p2":"landiwosh","format":"[Gen 9] National Dex","log":"|j|\u2606yunhaiyue\n|j|\u2606landiwosh\n|t:|1699853347\n|gametype|singles\n|player|p1|yunhaiyue|ghetsis-gen5bw|1509\n|player|p2|landiwosh|steven|1671\n|teamsize|p1|6\n|teamsize|p2|6\n|gen|9\n|tier|[Gen 9] National Dex\n|rated|\n|rule|HP Percentage Mod: HP is shown in percentages\n|rule|Endless Battle Clause: Forcing endless battles is banned\n|rule|OHKO Clause: OHKO moves are banned\n|rule|Evasion Clause: Evasion abilities, items, and moves are banned\n|rule|Evasion Abilities Clause: Evasion abilities are banned\n|rule|Evasion Items Clause: Evasion items are banned\n|rule|Evasion Moves Clause: Evasion moves are banned\n|rule|Species Clause: Limit one of each Pok\u00e9mon\n|rule|Sleep Clause Mod: Limit one foe put to sleep\n|clearpoke\n|poke|p1|Alomomola, M|\n|poke|p1|Chansey, F|\n|poke|p1|Sableye, M|\n|poke|p1|Slowking-Galar, M|\n|poke|p1|Garganacl, F|\n|poke|p1|Corviknight, M|\n|poke|p2|Zapdos|\n|poke|p2|Lopunny, F|\n|poke|p2|Mandibuzz, F|\n|poke|p2|Volcanion|\n|poke|p2|Tapu Koko|\n|poke|p2|Sneasler, M|\n|teampreview\n|inactive|Battle timer is ON: inactive players will automatically lose when time's up. (requested by yunhaiyue)\n|\n|t:|1699853363\n|start\n|switch|p1a: Sableye|Sableye, M|100\/100\n|switch|p2a: Volcanion|Volcanion|100\/100\n|turn|1\n|\n|t:|1699853370\n|switch|p1a: Chansey|Chansey, F|100\/100\n|move|p2a: Volcanion|Taunt|p1a: Chansey\n|-start|p1a: Chansey|move: Taunt\n|\n|upkeep\n|turn|2\n|\n|t:|1699853387\n|switch|p2a: Mandibuzz|Mandibuzz, F|100\/100\n|switch|p1a: Slowking|Slowking-Galar, M|100\/100\n|\n|upkeep\n|turn|3\n|\n|t:|1699853404\n|move|p2a: Mandibuzz|Foul Play|p1a: Slowking\n|-supereffective|p1a: Slowking\n|-damage|p1a: Slowking|62\/100\n|move|p1a: Slowking|Chilly Reception|p1a: Slowking\n|-weather|Snow\n|\n|t:|1699853407\n|switch|p1a: Sableye|Sableye, M|100\/100|[from] Chilly Reception\n|\n|-weather|Snow|[upkeep]\n|upkeep\n|turn|4\n|\n|t:|1699853412\n|detailschange|p1a: Sableye|Sableye-Mega, M\n|-mega|p1a: Sableye|Sableye|Sablenite\n|move|p2a: Mandibuzz|Toxic|p1a: Sableye\n|move|p1a: Sableye|Toxic|p2a: Mandibuzz|[from]ability: Magic Bounce\n|-status|p2a: Mandibuzz|tox\n|move|p1a: Sableye|Knock Off|p2a: Mandibuzz\n|-resisted|p2a: Mandibuzz\n|-damage|p2a: Mandibuzz|92\/100 tox\n|-enditem|p2a: Mandibuzz|Heavy-Duty Boots|[from] move: Knock Off|[of] p1a: Sableye\n|\n|-weather|Snow|[upkeep]\n|-damage|p2a: Mandibuzz|86\/100 tox|[from] psn\n|upkeep\n|turn|5\n|\n|t:|1699853430\n|switch|p2a: Lopunny|Lopunny, F|100\/100\n|switch|p1a: Chansey|Chansey, F|100\/100\n|\n|-weather|Snow|[upkeep]\n|upkeep\n|turn|6\n|\n|t:|1699853437\n|switch|p2a: Volcanion|Volcanion|100\/100\n|switch|p1a: Alomomola|Alomomola, M|100\/100\n|\n|-weather|Snow|[upkeep]\n|upkeep\n|turn|7\n|\n|t:|1699853442\n|move|p1a: Alomomola|Protect|p1a: Alomomola\n|-singleturn|p1a: Alomomola|Protect\n|move|p2a: Volcanion|Taunt|p1a: Alomomola\n|-activate|p1a: Alomomola|move: Protect\n|\n|-weather|none\n|upkeep\n|turn|8\n|\n|t:|1699853447\n|switch|p1a: Sableye|Sableye-Mega, M|100\/100\n|move|p2a: Volcanion|Taunt|p1a: Sableye\n|move|p1a: Sableye|Taunt|p2a: Volcanion|[from]ability: Magic Bounce\n|-start|p2a: Volcanion|move: Taunt\n|\n|upkeep\n|turn|9\n|\n|t:|1699853458\n|switch|p2a: Tapu Koko|Tapu Koko|100\/100\n|-fieldstart|move: Electric Terrain|[from] ability: Electric Surge|[of] p2a: Tapu Koko\n|switch|p1a: Chansey|Chansey, F|100\/100\n|\n|upkeep\n|turn|10\n|\n|t:|1699853462\n|move|p2a: Tapu Koko|U-turn|p1a: Chansey\n|-damage|p1a: Chansey|90\/100\n|\n|t:|1699853483\n|switch|p2a: Sneasler|Sneasler, M|100\/100|[from] U-turn\n|-enditem|p2a: Sneasler|Electric Seed\n|-boost|p2a: Sneasler|def|1|[from] item: Electric Seed\n|move|p1a: Chansey|Stealth Rock|p2a: Sneasler\n|-sidestart|p2: landiwosh|move: Stealth Rock\n|\n|upkeep\n|turn|11\n|\n|t:|1699853493\n|switch|p1a: Sableye|Sableye-Mega, M|100\/100\n|move|p2a: Sneasler|Swords Dance|p2a: Sneasler\n|-boost|p2a: Sneasler|atk|2\n|\n|upkeep\n|turn|12\n|\n|t:|1699853509\n|switch|p2a: Volcanion|Volcanion|100\/100\n|move|p1a: Sableye|Will-O-Wisp|p2a: Volcanion\n|-immune|p2a: Volcanion\n|\n|upkeep\n|turn|13\n|\n|t:|1699853523\n|switch|p1a: Slowking|Slowking-Galar, M|96\/100\n|move|p2a: Volcanion|Steam Eruption|p1a: Slowking\n|-damage|p1a: Slowking|56\/100\n|\n|-fieldend|move: Electric Terrain\n|upkeep\n|turn|14\n|\n|t:|1699853533\n|move|p2a: Volcanion|Taunt|p1a: Slowking\n|-start|p1a: Slowking|move: Taunt\n|move|p1a: Slowking|Sludge Wave|p2a: Volcanion\n|-damage|p2a: Volcanion|57\/100\n|\n|upkeep\n|turn|15\n|\n|t:|1699853546\n|switch|p1a: Chansey|Chansey, F|90\/100\n|move|p2a: Volcanion|Earth Power|p1a: Chansey\n|-damage|p1a: Chansey|79\/100\n|\n|upkeep\n|turn|16\n|\n|t:|1699853556\n|switch|p2a: Mandibuzz|Mandibuzz, F|86\/100 tox\n|-damage|p2a: Mandibuzz|61\/100 tox|[from] Stealth Rock\n|switch|p1a: Alomomola|Alomomola, M|100\/100\n|\n|-damage|p2a: Mandibuzz|55\/100 tox|[from] psn\n|upkeep\n|turn|17\n|\n|t:|1699853563\n|switch|p1a: Sableye|Sableye-Mega, M|100\/100\n|move|p2a: Mandibuzz|Roost|p2a: Mandibuzz\n|-heal|p2a: Mandibuzz|100\/100 tox\n|-singleturn|p2a: Mandibuzz|move: Roost\n|\n|-damage|p2a: Mandibuzz|88\/100 tox|[from] psn\n|upkeep\n|turn|18\n|\n|t:|1699853571\n|move|p2a: Mandibuzz|Defog|p1a: Sableye\n|move|p1a: Sableye|Defog|p2a: Mandibuzz|[from]ability: Magic Bounce\n|-unboost|p2a: Mandibuzz|evasion|1\n|-sideend|p2: landiwosh|Stealth Rock|[from] move: Defog|[of] p1a: Sableye\n|move|p1a: Sableye|Knock Off|p2a: Mandibuzz\n|-resisted|p2a: Mandibuzz\n|-damage|p2a: Mandibuzz|83\/100 tox\n|\n|-damage|p2a: Mandibuzz|64\/100 tox|[from] psn\n|upkeep\n|turn|19\n|\n|t:|1699853591\n|switch|p2a: Tapu Koko|Tapu Koko|100\/100\n|-fieldstart|move: Electric Terrain|[from] ability: Electric Surge|[of] p2a: Tapu Koko\n|move|p1a: Sableye|Knock Off|p2a: Tapu Koko\n|-resisted|p2a: Tapu Koko\n|-damage|p2a: Tapu Koko|80\/100\n|-enditem|p2a: Tapu Koko|Choice Specs|[from] move: Knock Off|[of] p1a: Sableye\n|\n|upkeep\n|turn|20\n|\n|t:|1699853598\n|switch|p1a: Chansey|Chansey, F|79\/100\n|move|p2a: Tapu Koko|Dazzling Gleam|p1a: Chansey\n|-damage|p1a: Chansey|68\/100\n|\n|upkeep\n|turn|21\n|\n|t:|1699853601\n|move|p2a: Tapu Koko|U-turn|p1a: Chansey\n|-damage|p1a: Chansey|57\/100\n|\n|t:|1699853621\n|switch|p2a: Sneasler|Sneasler, M|100\/100|[from] U-turn\n|move|p1a: Chansey|Stealth Rock|p2a: Sneasler\n|-sidestart|p2: landiwosh|move: Stealth Rock\n|\n|upkeep\n|turn|22\n|\n|t:|1699853628\n|switch|p1a: Alomomola|Alomomola, M|100\/100\n|move|p2a: Sneasler|Acrobatics|p1a: Alomomola\n|-damage|p1a: Alomomola|80\/100\n|-damage|p2a: Sneasler|84\/100|[from] item: Rocky Helmet|[of] p1a: Alomomola\n|\n|upkeep\n|turn|23\n|\n|t:|1699853636\n|move|p2a: Sneasler|Swords Dance|p2a: Sneasler\n|-boost|p2a: Sneasler|atk|2\n|move|p1a: Alomomola|Knock Off|p2a: Sneasler\n|-resisted|p2a: Sneasler\n|-damage|p2a: Sneasler|74\/100\n|\n|-fieldend|move: Electric Terrain\n|upkeep\n|turn|24\n|\n|t:|1699853647\n|move|p2a: Sneasler|Swords Dance|p2a: Sneasler\n|-boost|p2a: Sneasler|atk|2\n|move|p1a: Alomomola|Flip Turn|p2a: Sneasler\n|-damage|p2a: Sneasler|47\/100\n|\n|t:|1699853656\n|switch|p1a: Sableye|Sableye-Mega, M|100\/100|[from] Flip Turn\n|\n|upkeep\n|turn|25\n|\n|t:|1699853659\n|-terastallize|p2a: Sneasler|Flying\n|move|p2a: Sneasler|Acrobatics|p1a: Sableye\n|-damage|p1a: Sableye|0 fnt\n|faint|p1a: Sableye\n|\n|upkeep\n|\n|t:|1699853677\n|switch|p1a: Garganacl|Garganacl, F|100\/100\n|turn|26\n|\n|t:|1699853684\n|-terastallize|p1a: Garganacl|Ghost\n|move|p2a: Sneasler|Acrobatics|p1a: Garganacl\n|-damage|p1a: Garganacl|0 fnt\n|faint|p1a: Garganacl\n|\n|upkeep\n|-message|yunhaiyue forfeited.\n|\n|win|landiwosh\n|raw|yunhaiyue's rating: 1509 &rarr; <strong>1498<\/strong><br \/>(-11 for losing)\n|raw|landiwosh's rating: 1671 &rarr; <strong>1682<\/strong><br \/>(+11 for winning)\n|l|\u2606yunhaiyue\n","uploadtime":1699853698,"views":4,"p1id":"yunhaiyue","p2id":"landiwosh","formatid":"gen9nationaldex","rating":1498,"private":0,"password":""}