{"id":"gen9nationaldex-1995471073","p1":"mirosmarmiro","p2":"NDSNEZ thb","format":"[Gen 9] National Dex","log":"|html|<div class=\"broadcast-blue\"><strong>[Gen 9] National Dex is currently suspecting Sneasler! For information on how to participate check out the <a href=\"https:\/\/www.smogon.com\/forums\/threads\/sv-national-dex-suspect-8-just-dance.3731534\/\">suspect thread<\/a>.<\/strong><\/div>\n|j|\u2606mirosmarmiro\n|j|\u2606NDSNEZ thb\n|t:|1700574490\n|gametype|singles\n|player|p1|mirosmarmiro|cynthia|1082\n|player|p2|NDSNEZ thb|teammagmagruntm-gen3|1100\n|teamsize|p1|6\n|teamsize|p2|6\n|gen|9\n|tier|[Gen 9] National Dex\n|rated|\n|rule|HP Percentage Mod: HP is shown in percentages\n|rule|Endless Battle Clause: Forcing endless battles is banned\n|rule|OHKO Clause: OHKO moves are banned\n|rule|Evasion Clause: Evasion abilities, items, and moves are banned\n|rule|Evasion Abilities Clause: Evasion abilities are banned\n|rule|Evasion Items Clause: Evasion items are banned\n|rule|Evasion Moves Clause: Evasion moves are banned\n|rule|Species Clause: Limit one of each Pok\u00e9mon\n|rule|Sleep Clause Mod: Limit one foe put to sleep\n|clearpoke\n|poke|p1|Dragonite, M|\n|poke|p1|Gliscor, M|\n|poke|p1|Mienshao, F|\n|poke|p1|Magnezone|\n|poke|p1|Rotom-Wash|\n|poke|p1|Staraptor, F|\n|poke|p2|Slowbro, F|\n|poke|p2|Ninetales-Alola, M|\n|poke|p2|Garganacl, M|\n|poke|p2|Sneasler, M|\n|poke|p2|Tapu Lele|\n|poke|p2|Gliscor, M|\n|teampreview\n|\n|t:|1700574512\n|start\n|switch|p1a: Magnezone|Magnezone|100\/100\n|switch|p2a: Ninetales|Ninetales-Alola, M|100\/100\n|-weather|Snow|[from] ability: Snow Warning|[of] p2a: Ninetales\n|turn|1\n|\n|t:|1700574520\n|switch|p2a: Gliscor|Gliscor, M|100\/100\n|move|p1a: Magnezone|Flash Cannon|p2a: Gliscor\n|-damage|p2a: Gliscor|12\/100\n|\n|-weather|Snow|[upkeep]\n|-status|p2a: Gliscor|tox|[from] item: Toxic Orb\n|upkeep\n|turn|2\n|\n|t:|1700574536\n|switch|p1a: Staraptor|Staraptor, F|100\/100\n|move|p2a: Gliscor|Earthquake|p1a: Staraptor\n|-immune|p1a: Staraptor\n|\n|-weather|Snow|[upkeep]\n|-heal|p2a: Gliscor|24\/100 tox|[from] ability: Poison Heal\n|upkeep\n|turn|3\n|\n|t:|1700574553\n|move|p2a: Gliscor|Protect|p2a: Gliscor\n|-singleturn|p2a: Gliscor|Protect\n|move|p1a: Staraptor|Brave Bird|p2a: Gliscor\n|-activate|p2a: Gliscor|move: Protect\n|\n|-weather|Snow|[upkeep]\n|-heal|p2a: Gliscor|36\/100 tox|[from] ability: Poison Heal\n|upkeep\n|turn|4\n|\n|t:|1700574566\n|move|p1a: Staraptor|Brave Bird|p2a: Gliscor\n|-damage|p2a: Gliscor|0 fnt\n|faint|p2a: Gliscor\n|-damage|p1a: Staraptor|87\/100|[from] Recoil\n|\n|-weather|Snow|[upkeep]\n|upkeep\n|\n|t:|1700574569\n|switch|p2a: Garganacl|Garganacl, M|100\/100\n|turn|5\n|\n|t:|1700574580\n|switch|p1a: Rotom|Rotom-Wash, shiny|100\/100\n|move|p2a: Garganacl|Salt Cure|p1a: Rotom\n|-damage|p1a: Rotom|84\/100\n|-start|p1a: Rotom|Salt Cure\n|\n|-weather|none\n|-heal|p1a: Rotom|90\/100|[from] item: Leftovers\n|-damage|p1a: Rotom|65\/100|[from] Salt Cure\n|upkeep\n|turn|6\n|\n|t:|1700574602\n|switch|p2a: Ninetales|Ninetales-Alola, M|100\/100\n|-weather|Snow|[from] ability: Snow Warning|[of] p2a: Ninetales\n|move|p1a: Rotom|Hydro Pump|p2a: Ninetales|[miss]\n|-miss|p1a: Rotom|p2a: Ninetales\n|\n|-weather|Snow|[upkeep]\n|-heal|p1a: Rotom|71\/100|[from] item: Leftovers\n|-damage|p1a: Rotom|46\/100|[from] Salt Cure\n|upkeep\n|turn|7\n|\n|t:|1700574615\n|move|p2a: Ninetales|Aurora Veil|p2a: Ninetales\n|-sidestart|p2: NDSNEZ thb|move: Aurora Veil\n|move|p1a: Rotom|Light Screen|p1a: Rotom\n|-sidestart|p1: mirosmarmiro|move: Light Screen\n|\n|-weather|Snow|[upkeep]\n|-heal|p1a: Rotom|52\/100|[from] item: Leftovers\n|-damage|p1a: Rotom|27\/100|[from] Salt Cure\n|upkeep\n|turn|8\n|\n|t:|1700574621\n|move|p2a: Ninetales|Blizzard|p1a: Rotom\n|-resisted|p1a: Rotom\n|-crit|p1a: Rotom\n|-damage|p1a: Rotom|0 fnt\n|faint|p1a: Rotom\n|\n|-weather|Snow|[upkeep]\n|upkeep\n|\n|t:|1700574627\n|switch|p1a: Magnezone|Magnezone|100\/100\n|turn|9\n|\n|t:|1700574635\n|switch|p2a: Slowbro|Slowbro, F|100\/100\n|move|p1a: Magnezone|Flash Cannon|p2a: Slowbro\n|-resisted|p2a: Slowbro\n|-damage|p2a: Slowbro|89\/100\n|\n|-weather|Snow|[upkeep]\n|upkeep\n|turn|10\n|\n|t:|1700574649\n|move|p1a: Magnezone|Flash Cannon|p2a: Slowbro\n|-resisted|p2a: Slowbro\n|-damage|p2a: Slowbro|77\/100\n|move|p2a: Slowbro|Calm Mind|p2a: Slowbro\n|-boost|p2a: Slowbro|spa|1\n|-boost|p2a: Slowbro|spd|1\n|\n|-weather|none\n|upkeep\n|turn|11\n|\n|t:|1700574662\n|switch|p1a: Gliscor|Gliscor, M, shiny|100\/100\n|move|p2a: Slowbro|Iron Defense|p2a: Slowbro\n|-boost|p2a: Slowbro|def|2\n|\n|-sideend|p1: mirosmarmiro|move: Light Screen\n|-status|p1a: Gliscor|tox|[from] item: Toxic Orb\n|upkeep\n|turn|12\n|\n|t:|1700574670\n|detailschange|p2a: Slowbro|Slowbro-Mega, F\n|-mega|p2a: Slowbro|Slowbro|Slowbronite\n|move|p1a: Gliscor|Taunt|p2a: Slowbro\n|-start|p2a: Slowbro|move: Taunt\n|move|p2a: Slowbro|Scald|p1a: Gliscor\n|-supereffective|p1a: Gliscor\n|-damage|p1a: Gliscor|0 fnt\n|faint|p1a: Gliscor\n|\n|upkeep\n|\n|t:|1700574682\n|switch|p1a: Magnezone|Magnezone|100\/100\n|turn|13\n|\n|t:|1700574688\n|-terastallize|p1a: Magnezone|Electric\n|move|p1a: Magnezone|Thunderbolt|p2a: Slowbro\n|-supereffective|p2a: Slowbro\n|-damage|p2a: Slowbro|25\/100\n|move|p2a: Slowbro|Scald|p1a: Magnezone\n|-crit|p1a: Magnezone\n|-damage|p1a: Magnezone|3\/100\n|-status|p1a: Magnezone|brn\n|\n|-damage|p1a: Magnezone|0 fnt|[from] brn\n|faint|p1a: Magnezone\n|upkeep\n|\n|t:|1700574701\n|switch|p1a: Mienshao|Mienshao, F, shiny|100\/100\n|turn|14\n|\n|t:|1700574704\n|move|p1a: Mienshao|Fake Out|p2a: Slowbro\n|-damage|p2a: Slowbro|23\/100\n|cant|p2a: Slowbro|flinch\n|\n|-end|p2a: Slowbro|move: Taunt\n|-sideend|p2: NDSNEZ thb|move: Aurora Veil\n|upkeep\n|turn|15\n|\n|t:|1700574721\n|move|p1a: Mienshao|U-turn|p2a: Slowbro\n|-supereffective|p2a: Slowbro\n|-damage|p2a: Slowbro|10\/100\n|\n|t:|1700574732\n|switch|p1a: Staraptor|Staraptor, F|87\/100|[from] U-turn\n|move|p2a: Slowbro|Slack Off|p2a: Slowbro\n|-heal|p2a: Slowbro|60\/100\n|\n|upkeep\n|turn|16\n|\n|t:|1700574743\n|move|p1a: Staraptor|U-turn|p2a: Slowbro\n|-supereffective|p2a: Slowbro\n|-damage|p2a: Slowbro|46\/100\n|\n|t:|1700574747\n|switch|p1a: Mienshao|Mienshao, F, shiny|100\/100|[from] U-turn\n|move|p2a: Slowbro|Scald|p1a: Mienshao\n|-damage|p1a: Mienshao|34\/100\n|\n|upkeep\n|turn|17\n|\n|t:|1700574754\n|move|p1a: Mienshao|Close Combat|p2a: Slowbro\n|-resisted|p2a: Slowbro\n|-damage|p2a: Slowbro|37\/100\n|-unboost|p1a: Mienshao|def|1\n|-unboost|p1a: Mienshao|spd|1\n|move|p2a: Slowbro|Scald|p1a: Mienshao\n|-damage|p1a: Mienshao|0 fnt\n|faint|p1a: Mienshao\n|\n|upkeep\n|\n|t:|1700574764\n|switch|p1a: Staraptor|Staraptor, F|87\/100\n|turn|18\n|\n|t:|1700574768\n|move|p1a: Staraptor|Brave Bird|p2a: Slowbro\n|-damage|p2a: Slowbro|16\/100\n|-damage|p1a: Staraptor|78\/100|[from] Recoil\n|move|p2a: Slowbro|Slack Off|p2a: Slowbro\n|-heal|p2a: Slowbro|66\/100\n|\n|upkeep\n|turn|19\n|-message|mirosmarmiro forfeited.\n|\n|win|NDSNEZ thb\n|raw|mirosmarmiro's rating: 1082 &rarr; <strong>1061<\/strong><br \/>(-21 for losing)\n|raw|NDSNEZ thb's rating: 1100 &rarr; <strong>1124<\/strong><br \/>(+24 for winning)\n|l|\u2606mirosmarmiro\n","uploadtime":1700574781,"views":0,"p1id":"mirosmarmiro","p2id":"ndsnezthb","formatid":"gen9nationaldex","rating":1061,"private":0,"password":""}