{"id":"gen9nationaldex-1998505105","p1":"chilldrake110","p2":"PanaMomos","format":"[Gen 9] National Dex","log":"|html|<div class=\"broadcast-blue\"><strong>[Gen 9] National Dex is currently suspecting Sneasler! For information on how to participate check out the <a href=\"https:\/\/www.smogon.com\/forums\/threads\/sv-national-dex-suspect-8-just-dance.3731534\/\">suspect thread<\/a>.<\/strong><\/div>\n|j|\u2606chilldrake110\n|j|\u2606PanaMomos\n|t:|1700949917\n|gametype|singles\n|player|p1|chilldrake110|169|\n|player|p2|PanaMomos|2|\n|teamsize|p1|6\n|teamsize|p2|6\n|gen|9\n|tier|[Gen 9] National Dex\n|rule|HP Percentage Mod: HP is shown in percentages\n|rule|Endless Battle Clause: Forcing endless battles is banned\n|rule|OHKO Clause: OHKO moves are banned\n|rule|Evasion Clause: Evasion abilities, items, and moves are banned\n|rule|Evasion Abilities Clause: Evasion abilities are banned\n|rule|Evasion Items Clause: Evasion items are banned\n|rule|Evasion Moves Clause: Evasion moves are banned\n|rule|Species Clause: Limit one of each Pok\u00e9mon\n|rule|Sleep Clause Mod: Limit one foe put to sleep\n|clearpoke\n|poke|p1|Wyrdeer, M|\n|poke|p1|Sneasler, F|\n|poke|p1|Enamorus, F|\n|poke|p1|Typhlosion-Hisui, F|\n|poke|p1|Zoroark-Hisui, M|\n|poke|p1|Arcanine-Hisui, F|\n|poke|p2|Volcarona, M|\n|poke|p2|Conkeldurr, F|\n|poke|p2|Krookodile, F|\n|poke|p2|Druddigon, F|\n|poke|p2|Chandelure, M|\n|poke|p2|Bouffalant, M|\n|teampreview\n|\n|t:|1700949925\n|start\n|switch|p1a: Wyrdeer|Wyrdeer, M, shiny|100\/100\n|switch|p2a: Volcarona|Volcarona, M|100\/100\n|-ability|p1a: Wyrdeer|Intimidate|boost\n|-unboost|p2a: Volcarona|atk|1\n|turn|1\n|inactive|Battle timer is ON: inactive players will automatically lose when time's up. (requested by PanaMomos)\n|\n|t:|1700949963\n|switch|p1a: Typhlosion|Typhlosion-Hisui, F, shiny|100\/100\n|-item|p2a: Volcarona|Heavy-Duty Boots|[from] ability: Frisk|[of] p1a: Typhlosion|[identify]\n|move|p2a: Volcarona|Quiver Dance|p2a: Volcarona\n|-boost|p2a: Volcarona|spa|1\n|-boost|p2a: Volcarona|spd|1\n|-boost|p2a: Volcarona|spe|1\n|\n|upkeep\n|turn|2\n|\n|t:|1700949969\n|move|p2a: Volcarona|Fiery Dance|p1a: Typhlosion\n|-resisted|p1a: Typhlosion\n|-damage|p1a: Typhlosion|54\/100\n|-boost|p2a: Volcarona|spa|1\n|move|p1a: Typhlosion|Focus Blast|p2a: Volcarona\n|-resisted|p2a: Volcarona\n|-damage|p2a: Volcarona|86\/100\n|\n|upkeep\n|turn|3\n|\n|t:|1700949978\n|switch|p1a: Arcanine|Arcanine-Hisui, F, shiny|100\/100\n|move|p2a: Volcarona|Fiery Dance|p1a: Arcanine\n|-enditem|p1a: Arcanine|Focus Sash\n|-damage|p1a: Arcanine|1\/100\n|replace|p1a: Zoroark|Zoroark-Hisui, M, shiny\n|-end|p1a: Zoroark|Illusion\n|\n|upkeep\n|turn|4\n|\n|t:|1700949984\n|move|p2a: Volcarona|Fiery Dance|p1a: Zoroark\n|-damage|p1a: Zoroark|0 fnt\n|faint|p1a: Zoroark\n|\n|upkeep\n|\n|t:|1700949986\n|switch|p1a: Sneasler|Sneasler, F, shiny|100\/100\n|turn|5\n|j| Jose307505\n|\n|t:|1700949990\n|move|p2a: Volcarona|Fiery Dance|p1a: Sneasler\n|-damage|p1a: Sneasler|0 fnt\n|faint|p1a: Sneasler\n|\n|upkeep\n|\n|t:|1700949994\n|switch|p1a: Enamorus|Enamorus, F, shiny|100\/100\n|turn|6\n|\n|t:|1700949999\n|-terastallize|p2a: Volcarona|Fairy\n|move|p2a: Volcarona|Tera Blast|p1a: Enamorus|[anim] Tera Blast Fairy\n|-damage|p1a: Enamorus|0 fnt\n|faint|p1a: Enamorus\n|\n|upkeep\n|\n|t:|1700950003\n|switch|p1a: Arcanine|Arcanine-Hisui, F, shiny|100\/100\n|turn|7\n|\n|t:|1700950020\n|move|p2a: Volcarona|Giga Drain|p1a: Arcanine\n|-damage|p1a: Arcanine|37\/100\n|-heal|p2a: Volcarona|100\/100|[from] drain|[of] p1a: Arcanine\n|move|p1a: Arcanine|Wild Charge|p2a: Volcarona\n|-damage|p2a: Volcarona|53\/100\n|\n|upkeep\n|turn|8\n|\n|t:|1700950038\n|switch|p1a: Wyrdeer|Wyrdeer, M, shiny|100\/100\n|-ability|p1a: Wyrdeer|Intimidate|boost\n|-unboost|p2a: Volcarona|atk|1\n|move|p2a: Volcarona|Giga Drain|p1a: Wyrdeer\n|-damage|p1a: Wyrdeer|46\/100\n|-heal|p2a: Volcarona|87\/100|[from] drain|[of] p1a: Wyrdeer\n|\n|-heal|p1a: Wyrdeer|52\/100|[from] item: Leftovers\n|upkeep\n|turn|9\n|inactive|chilldrake110 has 270 seconds left.\n|\n|t:|1700950058\n|move|p2a: Volcarona|Fiery Dance|p1a: Wyrdeer\n|-damage|p1a: Wyrdeer|0 fnt\n|-boost|p2a: Volcarona|spa|1\n|faint|p1a: Wyrdeer\n|\n|upkeep\n|inactive|chilldrake110 has 270 seconds left.\n|\n|t:|1700950075\n|switch|p1a: Arcanine|Arcanine-Hisui, F, shiny|37\/100\n|turn|10\n|j| newluka\n|c|\u2606PanaMomos|1 quiver\n|\n|t:|1700950082\n|move|p2a: Volcarona|Giga Drain|p1a: Arcanine\n|-damage|p1a: Arcanine|0 fnt\n|-heal|p2a: Volcarona|100\/100|[from] drain|[of] p1a: Arcanine\n|faint|p1a: Arcanine\n|\n|upkeep\n|\n|t:|1700950085\n|switch|p1a: Typhlosion|Typhlosion-Hisui, F, shiny|54\/100\n|-item|p2a: Volcarona|Heavy-Duty Boots|[from] ability: Frisk|[of] p1a: Typhlosion|[identify]\n|turn|11\n|inactive|chilldrake110 has 270 seconds left.\n|c|\u2606PanaMomos|Luka pasa play\n|\n|t:|1700950107\n|move|p2a: Volcarona|Tera Blast|p1a: Typhlosion|[anim] Tera Blast Fairy\n|-resisted|p1a: Typhlosion\n|-damage|p1a: Typhlosion|0 fnt\n|faint|p1a: Typhlosion\n|\n|win|PanaMomos\n|c|\u2606PanaMomos|De nada chicos\n|l| Jose307505\n","uploadtime":1700950117,"views":5,"p1id":"chilldrake110","p2id":"panamomos","formatid":"gen9nationaldex","rating":0,"private":0,"password":""}