{"id":"gen9nationaldex-1988876105","p1":"Dr Allen Hu","p2":"jxjsjfdoso","format":"[Gen 9] National Dex","log":"|j|\u2606Dr Allen Hu\n|j|\u2606jxjsjfdoso\n|t:|1699779053\n|gametype|singles\n|player|p1|Dr Allen Hu|265|1021\n|player|p2|jxjsjfdoso|101|1104\n|teamsize|p1|6\n|teamsize|p2|6\n|gen|9\n|tier|[Gen 9] National Dex\n|rated|\n|rule|HP Percentage Mod: HP is shown in percentages\n|rule|Endless Battle Clause: Forcing endless battles is banned\n|rule|OHKO Clause: OHKO moves are banned\n|rule|Evasion Clause: Evasion abilities, items, and moves are banned\n|rule|Evasion Abilities Clause: Evasion abilities are banned\n|rule|Evasion Items Clause: Evasion items are banned\n|rule|Evasion Moves Clause: Evasion moves are banned\n|rule|Species Clause: Limit one of each Pok\u00e9mon\n|rule|Sleep Clause Mod: Limit one foe put to sleep\n|clearpoke\n|poke|p1|Umbreon, M|\n|poke|p1|Ferrothorn, F|\n|poke|p1|Slowbro, F|\n|poke|p1|Venusaur, F|\n|poke|p1|Alomomola, M|\n|poke|p1|Toedscruel, M|\n|poke|p2|Mawile, F|\n|poke|p2|Volcarona, M|\n|poke|p2|Landorus-Therian, M|\n|poke|p2|Umbreon, F|\n|poke|p2|Samurott-Hisui, M|\n|poke|p2|Gengar, M|\n|teampreview\n|inactive|Battle timer is ON: inactive players will automatically lose when time's up. (requested by Dr Allen Hu)\n|inactive|Dr Allen Hu has 120 seconds left.\n|inactive|Dr Allen Hu has 90 seconds left.\n|\n|t:|1699779116\n|start\n|switch|p1a: Ferrothorn|Ferrothorn, F|100\/100\n|switch|p2a: Samurott|Samurott-Hisui, M|100\/100\n|turn|1\n|\n|t:|1699779123\n|move|p2a: Samurott|Ceaseless Edge|p1a: Ferrothorn\n|-damage|p1a: Ferrothorn|76\/100\n|-damage|p2a: Samurott|88\/100|[from] ability: Iron Barbs|[of] p1a: Ferrothorn\n|-sidestart|p1: Dr Allen Hu|Spikes\n|move|p1a: Ferrothorn|Leech Seed|p2a: Samurott|[miss]\n|-miss|p1a: Ferrothorn|p2a: Samurott\n|\n|-heal|p1a: Ferrothorn|82\/100|[from] item: Leftovers\n|upkeep\n|turn|2\n|\n|t:|1699779129\n|move|p2a: Samurott|Ceaseless Edge|p1a: Ferrothorn\n|-crit|p1a: Ferrothorn\n|-damage|p1a: Ferrothorn|46\/100\n|-damage|p2a: Samurott|76\/100|[from] ability: Iron Barbs|[of] p1a: Ferrothorn\n|-sidestart|p1: Dr Allen Hu|Spikes\n|move|p1a: Ferrothorn|Toxic|p2a: Samurott\n|-status|p2a: Samurott|tox\n|\n|-heal|p1a: Ferrothorn|52\/100|[from] item: Leftovers\n|-damage|p2a: Samurott|69\/100 tox|[from] psn\n|upkeep\n|turn|3\n|\n|t:|1699779138\n|move|p2a: Samurott|Ceaseless Edge|p1a: Ferrothorn\n|-damage|p1a: Ferrothorn|26\/100\n|-damage|p2a: Samurott|57\/100 tox|[from] ability: Iron Barbs|[of] p1a: Ferrothorn\n|-sidestart|p1: Dr Allen Hu|Spikes\n|move|p1a: Ferrothorn|Stealth Rock|p2a: Samurott\n|-sidestart|p2: jxjsjfdoso|move: Stealth Rock\n|\n|-heal|p1a: Ferrothorn|32\/100|[from] item: Leftovers\n|-damage|p2a: Samurott|44\/100 tox|[from] psn\n|upkeep\n|turn|4\n|\n|t:|1699779151\n|switch|p1a: Alomomola|Alomomola, M|100\/100\n|-damage|p1a: Alomomola|76\/100|[from] Spikes\n|move|p2a: Samurott|Ceaseless Edge|p1a: Alomomola\n|-damage|p1a: Alomomola|52\/100\n|\n|-heal|p1a: Alomomola|58\/100|[from] item: Leftovers\n|-damage|p2a: Samurott|26\/100 tox|[from] psn\n|upkeep\n|turn|5\n|\n|t:|1699779157\n|move|p2a: Samurott|Ceaseless Edge|p1a: Alomomola\n|-damage|p1a: Alomomola|34\/100\n|move|p1a: Alomomola|Wish|p1a: Alomomola\n|\n|-heal|p1a: Alomomola|40\/100|[from] item: Leftovers\n|-damage|p2a: Samurott|1\/100 tox|[from] psn\n|upkeep\n|turn|6\n|\n|t:|1699779162\n|move|p2a: Samurott|Ceaseless Edge|p1a: Alomomola\n|-damage|p1a: Alomomola|15\/100\n|move|p1a: Alomomola|Flip Turn|p2a: Samurott\n|-resisted|p2a: Samurott\n|-damage|p2a: Samurott|0 fnt\n|faint|p2a: Samurott\n|\n|t:|1699779166\n|switch|p1a: Ferrothorn|Ferrothorn, F|32\/100|[from] Flip Turn\n|-damage|p1a: Ferrothorn|7\/100|[from] Spikes\n|\n|-heal|p1a: Ferrothorn|83\/100|[from] move: Wish|[wisher] Alomomola\n|-heal|p1a: Ferrothorn|89\/100|[from] item: Leftovers\n|upkeep\n|\n|t:|1699779177\n|switch|p2a: Gengar|Gengar, M|100\/100\n|-damage|p2a: Gengar|88\/100|[from] Stealth Rock\n|turn|7\n|\n|t:|1699779186\n|move|p2a: Gengar|Nasty Plot|p2a: Gengar\n|-boost|p2a: Gengar|spa|2\n|move|p1a: Ferrothorn|Leech Seed|p2a: Gengar\n|-start|p2a: Gengar|move: Leech Seed\n|\n|-heal|p1a: Ferrothorn|95\/100|[from] item: Leftovers\n|-damage|p2a: Gengar|76\/100|[from] Leech Seed|[of] p1a: Ferrothorn\n|-heal|p1a: Ferrothorn|100\/100|[silent]\n|upkeep\n|turn|8\n|\n|t:|1699779191\n|move|p2a: Gengar|Shadow Ball|p1a: Ferrothorn\n|-damage|p1a: Ferrothorn|2\/100\n|-damage|p2a: Gengar|66\/100|[from] item: Life Orb\n|move|p1a: Ferrothorn|Knock Off|p2a: Gengar\n|-supereffective|p2a: Gengar\n|-damage|p2a: Gengar|0 fnt\n|-enditem|p2a: Gengar|Life Orb|[from] move: Knock Off|[of] p1a: Ferrothorn\n|faint|p2a: Gengar\n|\n|-heal|p1a: Ferrothorn|8\/100|[from] item: Leftovers\n|upkeep\n|\n|t:|1699779198\n|switch|p2a: Mawile|Mawile, F|100\/100\n|-damage|p2a: Mawile|95\/100|[from] Stealth Rock\n|-ability|p2a: Mawile|Intimidate|boost\n|-unboost|p1a: Ferrothorn|atk|1\n|turn|9\n|\n|t:|1699779209\n|switch|p1a: Alomomola|Alomomola, M|49\/100\n|-damage|p1a: Alomomola|24\/100|[from] Spikes\n|detailschange|p2a: Mawile|Mawile-Mega, F\n|-mega|p2a: Mawile|Mawile|Mawilite\n|move|p2a: Mawile|Swords Dance|p2a: Mawile\n|-boost|p2a: Mawile|atk|2\n|\n|-heal|p1a: Alomomola|30\/100|[from] item: Leftovers\n|upkeep\n|turn|10\n|\n|t:|1699779225\n|switch|p1a: Venusaur|Venusaur, F|100\/100\n|-damage|p1a: Venusaur|75\/100|[from] Spikes\n|move|p2a: Mawile|Swords Dance|p2a: Mawile\n|-boost|p2a: Mawile|atk|2\n|\n|upkeep\n|turn|11\n|\n|t:|1699779234\n|detailschange|p1a: Venusaur|Venusaur-Mega, F\n|-mega|p1a: Venusaur|Venusaur|Venusaurite\n|move|p1a: Venusaur|Leech Seed|p2a: Mawile\n|-start|p2a: Mawile|move: Leech Seed\n|move|p2a: Mawile|Iron Head|p1a: Venusaur\n|-damage|p1a: Venusaur|0 fnt\n|faint|p1a: Venusaur\n|\n|upkeep\n|\n|t:|1699779243\n|switch|p1a: Slowbro|Slowbro, F|100\/100\n|-damage|p1a: Slowbro|76\/100|[from] Spikes\n|turn|12\n|\n|t:|1699779247\n|move|p2a: Mawile|Play Rough|p1a: Slowbro\n|-damage|p1a: Slowbro|0 fnt\n|faint|p1a: Slowbro\n|\n|upkeep\n|\n|t:|1699779252\n|switch|p1a: Umbreon|Umbreon, M, shiny|100\/100\n|-damage|p1a: Umbreon|76\/100|[from] Spikes\n|turn|13\n|\n|t:|1699779261\n|-terastallize|p1a: Umbreon|Ghost\n|move|p1a: Umbreon|Foul Play|p2a: Mawile\n|-resisted|p2a: Mawile\n|-damage|p2a: Mawile|31\/100\n|move|p2a: Mawile|Play Rough|p1a: Umbreon\n|-damage|p1a: Umbreon|0 fnt\n|faint|p1a: Umbreon\n|\n|upkeep\n|-message|Dr Allen Hu forfeited.\n|\n|win|jxjsjfdoso\n|raw|Dr Allen Hu's rating: 1021 &rarr; <strong>1011<\/strong><br \/>(-10 for losing)\n|raw|jxjsjfdoso's rating: 1104 &rarr; <strong>1123<\/strong><br \/>(+19 for winning)\n|l|\u2606Dr Allen Hu\n","uploadtime":1699779293,"views":12,"p1id":"drallenhu","p2id":"jxjsjfdoso","formatid":"gen9nationaldex","rating":1011,"private":0,"password":""}