{"id":"gen9nationaldex-1992192927","p1":"LRR121","p2":"abigolname","format":"[Gen 9] National Dex","log":"|j|\u2606LRR121\n|j|\u2606abigolname\n|t:|1700162692\n|gametype|singles\n|player|p1|LRR121|blue|1490\n|player|p2|abigolname|ingo|1536\n|teamsize|p1|6\n|teamsize|p2|6\n|gen|9\n|tier|[Gen 9] National Dex\n|rated|\n|rule|HP Percentage Mod: HP is shown in percentages\n|rule|Endless Battle Clause: Forcing endless battles is banned\n|rule|OHKO Clause: OHKO moves are banned\n|rule|Evasion Clause: Evasion abilities, items, and moves are banned\n|rule|Evasion Abilities Clause: Evasion abilities are banned\n|rule|Evasion Items Clause: Evasion items are banned\n|rule|Evasion Moves Clause: Evasion moves are banned\n|rule|Species Clause: Limit one of each Pok\u00e9mon\n|rule|Sleep Clause Mod: Limit one foe put to sleep\n|clearpoke\n|poke|p1|Clodsire, M|\n|poke|p1|Corviknight, M|\n|poke|p1|Dragonite, F|\n|poke|p1|Medicham, M|\n|poke|p1|Skeledirge, F|\n|poke|p1|Bisharp, F|\n|poke|p2|Thundurus-Therian, M|\n|poke|p2|Alomomola, M|\n|poke|p2|Urshifu-*, F|\n|poke|p2|Breloom, M|\n|poke|p2|Garganacl, M|\n|poke|p2|Skeledirge, M|\n|teampreview\n|\n|t:|1700162703\n|start\n|switch|p1a: Medicham|Medicham, M|100\/100\n|switch|p2a: Breloom|Breloom, M|100\/100\n|turn|1\n|\n|t:|1700162709\n|detailschange|p1a: Medicham|Medicham-Mega, M\n|-mega|p1a: Medicham|Medicham|Medichamite\n|move|p2a: Breloom|Protect|p2a: Breloom\n|-singleturn|p2a: Breloom|Protect\n|move|p1a: Medicham|Fake Out|p2a: Breloom\n|-activate|p2a: Breloom|move: Protect\n|\n|-status|p2a: Breloom|tox|[from] item: Toxic Orb\n|upkeep\n|turn|2\n|\n|t:|1700162726\n|switch|p2a: Skeledirge|Skeledirge, M|100\/100\n|move|p1a: Medicham|Zen Headbutt|p2a: Skeledirge\n|-damage|p2a: Skeledirge|47\/100\n|\n|upkeep\n|turn|3\n|\n|t:|1700162736\n|switch|p2a: Alomomola|Alomomola, M|100\/100\n|move|p1a: Medicham|Zen Headbutt|p2a: Alomomola|[miss]\n|-miss|p1a: Medicham|p2a: Alomomola\n|\n|upkeep\n|turn|4\n|\n|t:|1700162751\n|switch|p1a: Bisharp|Bisharp, F|100\/100\n|move|p2a: Alomomola|Toxic|p1a: Bisharp\n|-immune|p1a: Bisharp\n|\n|upkeep\n|turn|5\n|\n|t:|1700162756\n|move|p1a: Bisharp|Knock Off|p2a: Alomomola\n|-damage|p2a: Alomomola|67\/100\n|-enditem|p2a: Alomomola|Eject Button|[from] move: Knock Off|[of] p1a: Bisharp\n|move|p2a: Alomomola|Scald|p1a: Bisharp\n|-damage|p1a: Bisharp|90\/100\n|\n|upkeep\n|turn|6\n|inactive|Battle timer is ON: inactive players will automatically lose when time's up. (requested by abigolname)\n|\n|t:|1700162771\n|move|p1a: Bisharp|Knock Off|p2a: Alomomola\n|-damage|p2a: Alomomola|46\/100\n|move|p2a: Alomomola|Scald|p1a: Bisharp\n|-damage|p1a: Bisharp|79\/100\n|\n|upkeep\n|turn|7\n|\n|t:|1700162778\n|move|p1a: Bisharp|Knock Off|p2a: Alomomola\n|-damage|p2a: Alomomola|23\/100\n|move|p2a: Alomomola|Wish|p2a: Alomomola\n|\n|upkeep\n|turn|8\n|\n|t:|1700162784\n|move|p1a: Bisharp|Knock Off|p2a: Alomomola\n|-damage|p2a: Alomomola|3\/100\n|move|p2a: Alomomola|Scald|p1a: Bisharp\n|-damage|p1a: Bisharp|68\/100\n|\n|-heal|p2a: Alomomola|53\/100|[from] move: Wish|[wisher] Alomomola\n|upkeep\n|turn|9\n|\n|t:|1700162797\n|switch|p1a: Medicham|Medicham-Mega, M|100\/100\n|move|p2a: Alomomola|Wish|p2a: Alomomola\n|\n|upkeep\n|turn|10\n|\n|t:|1700162813\n|move|p1a: Medicham|Fake Out|p2a: Alomomola\n|-damage|p2a: Alomomola|40\/100\n|cant|p2a: Alomomola|flinch\n|\n|-heal|p2a: Alomomola|90\/100|[from] move: Wish|[wisher] Alomomola\n|upkeep\n|turn|11\n|\n|t:|1700162825\n|move|p1a: Medicham|Zen Headbutt|p2a: Alomomola\n|-damage|p2a: Alomomola|46\/100\n|move|p2a: Alomomola|Scald|p1a: Medicham\n|-damage|p1a: Medicham|81\/100\n|-status|p1a: Medicham|brn\n|\n|-damage|p1a: Medicham|75\/100 brn|[from] brn\n|upkeep\n|turn|12\n|\n|t:|1700162834\n|move|p1a: Medicham|Zen Headbutt|p2a: Alomomola\n|-damage|p2a: Alomomola|25\/100\n|move|p2a: Alomomola|Wish|p2a: Alomomola\n|\n|-damage|p1a: Medicham|69\/100 brn|[from] brn\n|upkeep\n|turn|13\n|\n|t:|1700162838\n|switch|p2a: Skeledirge|Skeledirge, M|47\/100\n|move|p1a: Medicham|Zen Headbutt|p2a: Skeledirge\n|-damage|p2a: Skeledirge|18\/100\n|\n|-heal|p2a: Skeledirge|83\/100|[from] move: Wish|[wisher] Alomomola\n|-damage|p1a: Medicham|63\/100 brn|[from] brn\n|upkeep\n|turn|14\n|\n|t:|1700162847\n|move|p1a: Medicham|Zen Headbutt|p2a: Skeledirge\n|-damage|p2a: Skeledirge|54\/100\n|move|p2a: Skeledirge|Torch Song|p1a: Medicham\n|-damage|p1a: Medicham|18\/100 brn\n|-boost|p2a: Skeledirge|spa|1\n|\n|-damage|p1a: Medicham|12\/100 brn|[from] brn\n|upkeep\n|turn|15\n|\n|t:|1700162852\n|move|p1a: Medicham|Zen Headbutt|p2a: Skeledirge\n|-damage|p2a: Skeledirge|25\/100\n|move|p2a: Skeledirge|Slack Off|p2a: Skeledirge\n|-heal|p2a: Skeledirge|75\/100\n|\n|-damage|p1a: Medicham|5\/100 brn|[from] brn\n|upkeep\n|turn|16\n|\n|t:|1700162861\n|move|p1a: Medicham|Zen Headbutt|p2a: Skeledirge|[miss]\n|-miss|p1a: Medicham|p2a: Skeledirge\n|move|p2a: Skeledirge|Slack Off|p2a: Skeledirge\n|-heal|p2a: Skeledirge|100\/100\n|\n|-damage|p1a: Medicham|0 fnt|[from] brn\n|faint|p1a: Medicham\n|upkeep\n|\n|t:|1700162864\n|switch|p1a: Clodsire|Clodsire, M|100\/100\n|turn|17\n|\n|t:|1700162886\n|switch|p2a: Breloom|Breloom, M|100\/100 tox\n|move|p1a: Clodsire|Stealth Rock|p2a: Breloom\n|-sidestart|p2: abigolname|move: Stealth Rock\n|\n|upkeep\n|turn|18\n|\n|t:|1700162892\n|switch|p1a: Skeledirge|Skeledirge, F|100\/100\n|move|p2a: Breloom|Spore|p1a: Skeledirge\n|-status|p1a: Skeledirge|slp|[from] move: Spore\n|\n|upkeep\n|turn|19\n|\n|t:|1700162898\n|switch|p2a: Urshifu|Urshifu-Rapid-Strike, F|100\/100\n|-damage|p2a: Urshifu|94\/100|[from] Stealth Rock\n|cant|p1a: Skeledirge|slp\n|\n|upkeep\n|turn|20\n|\n|t:|1700162904\n|-terastallize|p1a: Skeledirge|Water\n|move|p2a: Urshifu|Surging Strikes|p1a: Skeledirge\n|-resisted|p1a: Skeledirge\n|-crit|p1a: Skeledirge\n|-damage|p1a: Skeledirge|94\/100 slp\n|-resisted|p1a: Skeledirge\n|-crit|p1a: Skeledirge\n|-damage|p1a: Skeledirge|88\/100 slp\n|-resisted|p1a: Skeledirge\n|-crit|p1a: Skeledirge\n|-damage|p1a: Skeledirge|82\/100 slp\n|-hitcount|p1a: Skeledirge|3\n|-curestatus|p1a: Skeledirge|slp|[msg]\n|move|p1a: Skeledirge|Will-O-Wisp|p2a: Urshifu\n|-status|p2a: Urshifu|brn\n|\n|-damage|p2a: Urshifu|88\/100 brn|[from] brn\n|upkeep\n|turn|21\n|\n|t:|1700162921\n|move|p2a: Urshifu|Surging Strikes|p1a: Skeledirge\n|-resisted|p1a: Skeledirge\n|-crit|p1a: Skeledirge\n|-damage|p1a: Skeledirge|79\/100\n|-resisted|p1a: Skeledirge\n|-crit|p1a: Skeledirge\n|-damage|p1a: Skeledirge|76\/100\n|-resisted|p1a: Skeledirge\n|-crit|p1a: Skeledirge\n|-damage|p1a: Skeledirge|73\/100\n|-hitcount|p1a: Skeledirge|3\n|move|p1a: Skeledirge|Hex|p2a: Urshifu\n|-damage|p2a: Urshifu|14\/100 brn\n|\n|-damage|p2a: Urshifu|8\/100 brn|[from] brn\n|upkeep\n|turn|22\n|\n|t:|1700162926\n|move|p2a: Urshifu|Surging Strikes|p1a: Skeledirge\n|-resisted|p1a: Skeledirge\n|-crit|p1a: Skeledirge\n|-damage|p1a: Skeledirge|71\/100\n|-resisted|p1a: Skeledirge\n|-crit|p1a: Skeledirge\n|-damage|p1a: Skeledirge|68\/100\n|-resisted|p1a: Skeledirge\n|-crit|p1a: Skeledirge\n|-damage|p1a: Skeledirge|64\/100\n|-hitcount|p1a: Skeledirge|3\n|move|p1a: Skeledirge|Slack Off|p1a: Skeledirge\n|-heal|p1a: Skeledirge|100\/100\n|\n|-damage|p2a: Urshifu|2\/100 brn|[from] brn\n|upkeep\n|turn|23\n|\n|t:|1700162937\n|move|p2a: Urshifu|Surging Strikes|p1a: Skeledirge\n|-resisted|p1a: Skeledirge\n|-crit|p1a: Skeledirge\n|-damage|p1a: Skeledirge|98\/100\n|-resisted|p1a: Skeledirge\n|-crit|p1a: Skeledirge\n|-damage|p1a: Skeledirge|95\/100\n|-resisted|p1a: Skeledirge\n|-crit|p1a: Skeledirge\n|-damage|p1a: Skeledirge|91\/100\n|-hitcount|p1a: Skeledirge|3\n|move|p1a: Skeledirge|Torch Song|p2a: Urshifu\n|-resisted|p2a: Urshifu\n|-damage|p2a: Urshifu|0 fnt\n|-boost|p1a: Skeledirge|spa|1\n|faint|p2a: Urshifu\n|\n|upkeep\n|\n|t:|1700162940\n|switch|p2a: Thundurus|Thundurus-Therian, M|100\/100\n|turn|24\n|\n|t:|1700162944\n|switch|p1a: Clodsire|Clodsire, M|100\/100\n|move|p2a: Thundurus|Nasty Plot|p2a: Thundurus\n|-boost|p2a: Thundurus|spa|2\n|\n|upkeep\n|turn|25\n|\n|t:|1700162950\n|-terastallize|p2a: Thundurus|Ice\n|move|p2a: Thundurus|Tera Blast|p1a: Clodsire|[anim] Tera Blast Ice\n|-supereffective|p1a: Clodsire\n|-damage|p1a: Clodsire|52\/100\n|move|p1a: Clodsire|Toxic|p2a: Thundurus\n|-status|p2a: Thundurus|tox\n|\n|-heal|p1a: Clodsire|58\/100|[from] item: Black Sludge\n|-damage|p2a: Thundurus|94\/100 tox|[from] psn\n|upkeep\n|turn|26\n|\n|t:|1700162958\n|switch|p2a: Breloom|Breloom, M|100\/100 tox\n|-damage|p2a: Breloom|94\/100 tox|[from] Stealth Rock\n|move|p1a: Clodsire|Recover|p1a: Clodsire\n|-heal|p1a: Clodsire|100\/100\n|\n|-heal|p2a: Breloom|100\/100 tox|[from] ability: Poison Heal\n|upkeep\n|turn|27\n|\n|t:|1700162963\n|switch|p1a: Skeledirge|Skeledirge, F, tera:Water|91\/100\n|move|p2a: Breloom|Spore|p1a: Skeledirge\n|-status|p1a: Skeledirge|slp|[from] move: Spore\n|\n|upkeep\n|turn|28\n|\n|t:|1700162969\n|switch|p2a: Thundurus|Thundurus-Therian, M, tera:Ice|94\/100 tox\n|cant|p1a: Skeledirge|slp\n|\n|-damage|p2a: Thundurus|88\/100 tox|[from] psn\n|upkeep\n|turn|29\n|\n|t:|1700162976\n|switch|p1a: Clodsire|Clodsire, M|100\/100\n|move|p2a: Thundurus|Thunderbolt|p1a: Clodsire\n|-immune|p1a: Clodsire\n|\n|-damage|p2a: Thundurus|76\/100 tox|[from] psn\n|upkeep\n|turn|30\n|\n|t:|1700162986\n|switch|p2a: Breloom|Breloom, M|100\/100 tox\n|-damage|p2a: Breloom|94\/100 tox|[from] Stealth Rock\n|move|p1a: Clodsire|Recover||[still]\n|-fail|p1a: Clodsire|heal\n|\n|-heal|p2a: Breloom|100\/100 tox|[from] ability: Poison Heal\n|upkeep\n|turn|31\n|\n|t:|1700162992\n|switch|p1a: Skeledirge|Skeledirge, F, tera:Water|91\/100 slp\n|move|p2a: Breloom|Substitute|p2a: Breloom\n|-start|p2a: Breloom|Substitute\n|-damage|p2a: Breloom|75\/100 tox\n|\n|-heal|p2a: Breloom|88\/100 tox|[from] ability: Poison Heal\n|upkeep\n|turn|32\n|\n|t:|1700163000\n|-singleturn|p2a: Breloom|move: Focus Punch\n|cant|p1a: Skeledirge|slp\n|move|p2a: Breloom|Focus Punch|p1a: Skeledirge\n|-damage|p1a: Skeledirge|39\/100 slp\n|\n|-heal|p2a: Breloom|99\/100 tox|[from] ability: Poison Heal\n|upkeep\n|turn|33\n|\n|t:|1700163006\n|switch|p1a: Corviknight|Corviknight, M|100\/100\n|-ability|p1a: Corviknight|Pressure\n|-singleturn|p2a: Breloom|move: Focus Punch\n|move|p2a: Breloom|Focus Punch|p1a: Corviknight\n|-damage|p1a: Corviknight|50\/100\n|\n|-heal|p1a: Corviknight|57\/100|[from] item: Leftovers\n|-heal|p2a: Breloom|100\/100 tox|[from] ability: Poison Heal\n|upkeep\n|turn|34\n|\n|t:|1700163019\n|-singleturn|p2a: Breloom|move: Focus Punch\n|move|p1a: Corviknight|Iron Defense|p1a: Corviknight\n|-boost|p1a: Corviknight|def|2\n|move|p2a: Breloom|Focus Punch|p1a: Corviknight\n|-damage|p1a: Corviknight|29\/100\n|\n|-heal|p1a: Corviknight|36\/100|[from] item: Leftovers\n|upkeep\n|turn|35\n|\n|t:|1700163026\n|switch|p2a: Thundurus|Thundurus-Therian, M, tera:Ice|76\/100 tox\n|move|p1a: Corviknight|Roost|p1a: Corviknight\n|-heal|p1a: Corviknight|86\/100\n|-singleturn|p1a: Corviknight|move: Roost\n|\n|-heal|p1a: Corviknight|92\/100|[from] item: Leftovers\n|-damage|p2a: Thundurus|70\/100 tox|[from] psn\n|upkeep\n|turn|36\n|\n|t:|1700163032\n|switch|p1a: Clodsire|Clodsire, M|100\/100\n|move|p2a: Thundurus|Thunderbolt|p1a: Clodsire\n|-immune|p1a: Clodsire\n|\n|-damage|p2a: Thundurus|58\/100 tox|[from] psn\n|upkeep\n|turn|37\n|\n|t:|1700163040\n|move|p2a: Thundurus|Tera Blast|p1a: Clodsire|[anim] Tera Blast Ice\n|-supereffective|p1a: Clodsire\n|-damage|p1a: Clodsire|52\/100\n|move|p1a: Clodsire|Earthquake|p2a: Thundurus\n|-damage|p2a: Thundurus|16\/100 tox\n|\n|-heal|p1a: Clodsire|58\/100|[from] item: Black Sludge\n|-damage|p2a: Thundurus|0 fnt|[from] psn\n|faint|p2a: Thundurus\n|upkeep\n|\n|t:|1700163050\n|switch|p2a: Garganacl|Garganacl, M|100\/100\n|-damage|p2a: Garganacl|88\/100|[from] Stealth Rock\n|turn|38\n|\n|t:|1700163060\n|move|p2a: Garganacl|Salt Cure|p1a: Clodsire\n|-resisted|p1a: Clodsire\n|-damage|p1a: Clodsire|51\/100\n|-start|p1a: Clodsire|Salt Cure\n|move|p1a: Clodsire|Recover|p1a: Clodsire\n|-heal|p1a: Clodsire|100\/100\n|\n|-heal|p2a: Garganacl|94\/100|[from] item: Leftovers\n|-damage|p1a: Clodsire|88\/100|[from] Salt Cure\n|upkeep\n|turn|39\n|\n|t:|1700163070\n|switch|p1a: Skeledirge|Skeledirge, F, tera:Water|39\/100 slp\n|move|p2a: Garganacl|Iron Defense|p2a: Garganacl\n|-boost|p2a: Garganacl|def|2\n|\n|-heal|p2a: Garganacl|100\/100|[from] item: Leftovers\n|upkeep\n|turn|40\n|\n|t:|1700163075\n|-curestatus|p1a: Skeledirge|slp|[msg]\n|move|p1a: Skeledirge|Slack Off|p1a: Skeledirge\n|-heal|p1a: Skeledirge|89\/100\n|move|p2a: Garganacl|Salt Cure|p1a: Skeledirge\n|-damage|p1a: Skeledirge|79\/100\n|-start|p1a: Skeledirge|Salt Cure\n|\n|-damage|p1a: Skeledirge|55\/100|[from] Salt Cure\n|upkeep\n|turn|41\n|\n|t:|1700163079\n|move|p1a: Skeledirge|Slack Off|p1a: Skeledirge\n|-heal|p1a: Skeledirge|100\/100\n|move|p2a: Garganacl|Body Press|p1a: Skeledirge\n|-damage|p1a: Skeledirge|86\/100\n|\n|-damage|p1a: Skeledirge|61\/100|[from] Salt Cure\n|upkeep\n|turn|42\n|\n|t:|1700163083\n|move|p1a: Skeledirge|Slack Off|p1a: Skeledirge\n|-heal|p1a: Skeledirge|100\/100\n|move|p2a: Garganacl|Body Press|p1a: Skeledirge\n|-damage|p1a: Skeledirge|87\/100\n|\n|-damage|p1a: Skeledirge|62\/100|[from] Salt Cure\n|upkeep\n|turn|43\n|\n|t:|1700163091\n|switch|p1a: Bisharp|Bisharp, F|68\/100\n|move|p2a: Garganacl|Body Press|p1a: Bisharp\n|-supereffective|p1a: Bisharp\n|-damage|p1a: Bisharp|0 fnt\n|faint|p1a: Bisharp\n|\n|upkeep\n|\n|t:|1700163106\n|switch|p1a: Corviknight|Corviknight, M|92\/100\n|-ability|p1a: Corviknight|Pressure\n|turn|44\n|\n|t:|1700163111\n|move|p1a: Corviknight|Iron Defense|p1a: Corviknight\n|-boost|p1a: Corviknight|def|2\n|move|p2a: Garganacl|Salt Cure|p1a: Corviknight\n|-damage|p1a: Corviknight|88\/100\n|-start|p1a: Corviknight|Salt Cure\n|\n|-heal|p1a: Corviknight|94\/100|[from] item: Leftovers\n|-damage|p1a: Corviknight|69\/100|[from] Salt Cure\n|upkeep\n|turn|45\n|\n|t:|1700163122\n|move|p1a: Corviknight|Iron Defense|p1a: Corviknight\n|-boost|p1a: Corviknight|def|2\n|move|p2a: Garganacl|Body Press|p1a: Corviknight\n|-damage|p1a: Corviknight|61\/100\n|\n|-heal|p1a: Corviknight|67\/100|[from] item: Leftovers\n|-damage|p1a: Corviknight|42\/100|[from] Salt Cure\n|upkeep\n|turn|46\n|\n|t:|1700163132\n|move|p1a: Corviknight|Roost|p1a: Corviknight\n|-heal|p1a: Corviknight|92\/100\n|-singleturn|p1a: Corviknight|move: Roost\n|move|p2a: Garganacl|Iron Defense|p2a: Garganacl\n|-boost|p2a: Garganacl|def|2\n|\n|-heal|p1a: Corviknight|98\/100|[from] item: Leftovers\n|-damage|p1a: Corviknight|73\/100|[from] Salt Cure\n|upkeep\n|turn|47\n|\n|t:|1700163139\n|switch|p1a: Skeledirge|Skeledirge, F, tera:Water|62\/100\n|move|p2a: Garganacl|Body Press|p1a: Skeledirge\n|-damage|p1a: Skeledirge|47\/100\n|\n|upkeep\n|turn|48\n|\n|t:|1700163145\n|move|p1a: Skeledirge|Slack Off|p1a: Skeledirge\n|-heal|p1a: Skeledirge|97\/100\n|move|p2a: Garganacl|Salt Cure|p1a: Skeledirge\n|-damage|p1a: Skeledirge|88\/100\n|-start|p1a: Skeledirge|Salt Cure\n|\n|-damage|p1a: Skeledirge|63\/100|[from] Salt Cure\n|upkeep\n|turn|49\n|\n|t:|1700163149\n|switch|p1a: Corviknight|Corviknight, M|73\/100\n|-ability|p1a: Corviknight|Pressure\n|move|p2a: Garganacl|Salt Cure|p1a: Corviknight\n|-damage|p1a: Corviknight|64\/100\n|-start|p1a: Corviknight|Salt Cure\n|\n|-heal|p1a: Corviknight|70\/100|[from] item: Leftovers\n|-damage|p1a: Corviknight|45\/100|[from] Salt Cure\n|upkeep\n|turn|50\n|\n|t:|1700163154\n|move|p1a: Corviknight|Roost|p1a: Corviknight\n|-heal|p1a: Corviknight|95\/100\n|-singleturn|p1a: Corviknight|move: Roost\n|move|p2a: Garganacl|Salt Cure|p1a: Corviknight\n|-resisted|p1a: Corviknight\n|-damage|p1a: Corviknight|91\/100\n|\n|-heal|p1a: Corviknight|97\/100|[from] item: Leftovers\n|-damage|p1a: Corviknight|72\/100|[from] Salt Cure\n|upkeep\n|turn|51\n|\n|t:|1700163163\n|switch|p1a: Clodsire|Clodsire, M|88\/100\n|move|p2a: Garganacl|Salt Cure|p1a: Clodsire\n|-resisted|p1a: Clodsire\n|-damage|p1a: Clodsire|80\/100\n|-start|p1a: Clodsire|Salt Cure\n|\n|-heal|p1a: Clodsire|86\/100|[from] item: Black Sludge\n|-damage|p1a: Clodsire|74\/100|[from] Salt Cure\n|upkeep\n|turn|52\n|\n|t:|1700163173\n|switch|p2a: Breloom|Breloom, M|100\/100 tox\n|-damage|p2a: Breloom|94\/100 tox|[from] Stealth Rock\n|switch|p1a: Corviknight|Corviknight, M|72\/100\n|-ability|p1a: Corviknight|Pressure\n|\n|-heal|p1a: Corviknight|78\/100|[from] item: Leftovers\n|-heal|p2a: Breloom|100\/100 tox|[from] ability: Poison Heal\n|upkeep\n|turn|53\n|\n|t:|1700163185\n|move|p2a: Breloom|Spore|p1a: Corviknight\n|-status|p1a: Corviknight|slp|[from] move: Spore\n|cant|p1a: Corviknight|slp\n|\n|-heal|p1a: Corviknight|84\/100 slp|[from] item: Leftovers\n|upkeep\n|turn|54\n|\n|t:|1700163198\n|-singleturn|p2a: Breloom|move: Focus Punch\n|cant|p1a: Corviknight|slp\n|move|p2a: Breloom|Focus Punch|p1a: Corviknight\n|-damage|p1a: Corviknight|37\/100 slp\n|\n|-heal|p1a: Corviknight|43\/100 slp|[from] item: Leftovers\n|upkeep\n|turn|55\n|\n|t:|1700163205\n|switch|p1a: Dragonite|Dragonite, F|100\/100\n|-singleturn|p2a: Breloom|move: Focus Punch\n|move|p2a: Breloom|Focus Punch|p1a: Dragonite\n|-resisted|p1a: Dragonite\n|-damage|p1a: Dragonite|82\/100\n|\n|upkeep\n|turn|56\n|\n|t:|1700163214\n|switch|p1a: Corviknight|Corviknight, M|43\/100 slp\n|-ability|p1a: Corviknight|Pressure\n|move|p2a: Breloom|Substitute|p2a: Breloom\n|-start|p2a: Breloom|Substitute\n|-damage|p2a: Breloom|75\/100 tox\n|\n|-heal|p1a: Corviknight|49\/100 slp|[from] item: Leftovers\n|-heal|p2a: Breloom|88\/100 tox|[from] ability: Poison Heal\n|upkeep\n|turn|57\n|\n|t:|1700163226\n|switch|p1a: Dragonite|Dragonite, F|82\/100\n|-singleturn|p2a: Breloom|move: Focus Punch\n|move|p2a: Breloom|Focus Punch|p1a: Dragonite\n|-resisted|p1a: Dragonite\n|-damage|p1a: Dragonite|43\/100\n|\n|-heal|p2a: Breloom|99\/100 tox|[from] ability: Poison Heal\n|upkeep\n|turn|58\n|\n|t:|1700163241\n|-singleturn|p2a: Breloom|move: Focus Punch\n|move|p1a: Dragonite|Roost|p1a: Dragonite\n|-heal|p1a: Dragonite|93\/100\n|-singleturn|p1a: Dragonite|move: Roost\n|move|p2a: Breloom|Focus Punch|p1a: Dragonite\n|-damage|p1a: Dragonite|16\/100\n|\n|-heal|p2a: Breloom|100\/100 tox|[from] ability: Poison Heal\n|upkeep\n|turn|59\n|\n|t:|1700163251\n|-singleturn|p2a: Breloom|move: Focus Punch\n|move|p1a: Dragonite|Roost|p1a: Dragonite\n|-heal|p1a: Dragonite|66\/100\n|-singleturn|p1a: Dragonite|move: Roost\n|move|p2a: Breloom|Focus Punch|p1a: Dragonite\n|-damage|p1a: Dragonite|0 fnt\n|faint|p1a: Dragonite\n|\n|upkeep\n|\n|t:|1700163263\n|switch|p1a: Skeledirge|Skeledirge, F, tera:Water|63\/100\n|turn|60\n|\n|t:|1700163269\n|-singleturn|p2a: Breloom|move: Focus Punch\n|move|p1a: Skeledirge|Torch Song|p2a: Breloom\n|-supereffective|p2a: Breloom\n|-damage|p2a: Breloom|0 fnt\n|-boost|p1a: Skeledirge|spa|1\n|faint|p2a: Breloom\n|\n|upkeep\n|\n|t:|1700163275\n|switch|p2a: Garganacl|Garganacl, M|100\/100\n|-damage|p2a: Garganacl|88\/100|[from] Stealth Rock\n|turn|61\n|\n|t:|1700163282\n|move|p1a: Skeledirge|Will-O-Wisp|p2a: Garganacl|[miss]\n|-miss|p1a: Skeledirge|p2a: Garganacl\n|move|p2a: Garganacl|Salt Cure|p1a: Skeledirge\n|-damage|p1a: Skeledirge|53\/100\n|-start|p1a: Skeledirge|Salt Cure\n|\n|-heal|p2a: Garganacl|94\/100|[from] item: Leftovers\n|-damage|p1a: Skeledirge|28\/100|[from] Salt Cure\n|upkeep\n|turn|62\n|\n|t:|1700163292\n|move|p1a: Skeledirge|Slack Off|p1a: Skeledirge\n|-heal|p1a: Skeledirge|78\/100\n|move|p2a: Garganacl|Salt Cure|p1a: Skeledirge\n|-damage|p1a: Skeledirge|70\/100\n|\n|-heal|p2a: Garganacl|100\/100|[from] item: Leftovers\n|-damage|p1a: Skeledirge|45\/100|[from] Salt Cure\n|upkeep\n|turn|63\n|\n|t:|1700163297\n|switch|p1a: Clodsire|Clodsire, M|74\/100\n|move|p2a: Garganacl|Salt Cure|p1a: Clodsire\n|-resisted|p1a: Clodsire\n|-damage|p1a: Clodsire|66\/100\n|-start|p1a: Clodsire|Salt Cure\n|\n|-heal|p1a: Clodsire|72\/100|[from] item: Black Sludge\n|-damage|p1a: Clodsire|60\/100|[from] Salt Cure\n|upkeep\n|turn|64\n|\n|t:|1700163307\n|switch|p2a: Alomomola|Alomomola, M|59\/100\n|-damage|p2a: Alomomola|46\/100|[from] Stealth Rock\n|move|p1a: Clodsire|Recover|p1a: Clodsire\n|-heal|p1a: Clodsire|100\/100\n|\n|-damage|p1a: Clodsire|88\/100|[from] Salt Cure\n|upkeep\n|turn|65\n|\n|t:|1700163321\n|switch|p1a: Corviknight|Corviknight, M|49\/100 slp\n|-ability|p1a: Corviknight|Pressure\n|move|p2a: Alomomola|Scald|p1a: Corviknight\n|-damage|p1a: Corviknight|36\/100 slp\n|\n|-heal|p1a: Corviknight|42\/100 slp|[from] item: Leftovers\n|upkeep\n|turn|66\n|\n|t:|1700163335\n|-curestatus|p1a: Corviknight|slp|[msg]\n|move|p1a: Corviknight|Roost|p1a: Corviknight\n|-heal|p1a: Corviknight|92\/100\n|-singleturn|p1a: Corviknight|move: Roost\n|move|p2a: Alomomola|Wish|p2a: Alomomola\n|\n|-heal|p1a: Corviknight|98\/100|[from] item: Leftovers\n|upkeep\n|turn|67\n|\n|t:|1700163340\n|switch|p1a: Skeledirge|Skeledirge, F, tera:Water|45\/100\n|move|p2a: Alomomola|Scald|p1a: Skeledirge\n|-resisted|p1a: Skeledirge\n|-damage|p1a: Skeledirge|38\/100\n|\n|-heal|p2a: Alomomola|96\/100|[from] move: Wish|[wisher] Alomomola\n|upkeep\n|turn|68\n|\n|t:|1700163344\n|move|p1a: Skeledirge|Slack Off|p1a: Skeledirge\n|-heal|p1a: Skeledirge|88\/100\n|move|p2a: Alomomola|Toxic|p1a: Skeledirge\n|-status|p1a: Skeledirge|tox\n|\n|-damage|p1a: Skeledirge|82\/100 tox|[from] psn\n|upkeep\n|turn|69\n|\n|t:|1700163351\n|move|p1a: Skeledirge|Will-O-Wisp|p2a: Alomomola\n|-status|p2a: Alomomola|brn\n|move|p2a: Alomomola|Scald|p1a: Skeledirge\n|-resisted|p1a: Skeledirge\n|-damage|p1a: Skeledirge|75\/100 tox\n|\n|-damage|p1a: Skeledirge|63\/100 tox|[from] psn\n|-damage|p2a: Alomomola|90\/100 brn|[from] brn\n|upkeep\n|turn|70\n|\n|t:|1700163355\n|move|p1a: Skeledirge|Hex|p2a: Alomomola\n|-damage|p2a: Alomomola|33\/100 brn\n|move|p2a: Alomomola|Scald|p1a: Skeledirge\n|-resisted|p1a: Skeledirge\n|-damage|p1a: Skeledirge|56\/100 tox\n|\n|-damage|p1a: Skeledirge|38\/100 tox|[from] psn\n|-damage|p2a: Alomomola|27\/100 brn|[from] brn\n|upkeep\n|turn|71\n|\n|t:|1700163362\n|switch|p1a: Corviknight|Corviknight, M|98\/100\n|-ability|p1a: Corviknight|Pressure\n|switch|p2a: Garganacl|Garganacl, M|100\/100\n|-damage|p2a: Garganacl|88\/100|[from] Stealth Rock\n|\n|-heal|p1a: Corviknight|100\/100|[from] item: Leftovers\n|-heal|p2a: Garganacl|94\/100|[from] item: Leftovers\n|upkeep\n|turn|72\n|\n|t:|1700163370\n|move|p1a: Corviknight|Body Press|p2a: Garganacl\n|-supereffective|p2a: Garganacl\n|-damage|p2a: Garganacl|56\/100\n|move|p2a: Garganacl|Salt Cure|p1a: Corviknight\n|-damage|p1a: Corviknight|92\/100\n|-start|p1a: Corviknight|Salt Cure\n|\n|-heal|p1a: Corviknight|98\/100|[from] item: Leftovers\n|-heal|p2a: Garganacl|62\/100|[from] item: Leftovers\n|-damage|p1a: Corviknight|73\/100|[from] Salt Cure\n|upkeep\n|turn|73\n|\n|t:|1700163376\n|switch|p1a: Clodsire|Clodsire, M|88\/100\n|move|p2a: Garganacl|Recover|p2a: Garganacl\n|-heal|p2a: Garganacl|100\/100\n|\n|-heal|p1a: Clodsire|94\/100|[from] item: Black Sludge\n|upkeep\n|turn|74\n|\n|t:|1700163383\n|move|p2a: Garganacl|Salt Cure|p1a: Clodsire\n|-resisted|p1a: Clodsire\n|-damage|p1a: Clodsire|86\/100\n|-start|p1a: Clodsire|Salt Cure\n|move|p1a: Clodsire|Earthquake|p2a: Garganacl\n|-supereffective|p2a: Garganacl\n|-damage|p2a: Garganacl|65\/100\n|\n|-heal|p2a: Garganacl|71\/100|[from] item: Leftovers\n|-heal|p1a: Clodsire|92\/100|[from] item: Black Sludge\n|-damage|p1a: Clodsire|80\/100|[from] Salt Cure\n|upkeep\n|turn|75\n|\n|t:|1700163388\n|switch|p1a: Corviknight|Corviknight, M|73\/100\n|-ability|p1a: Corviknight|Pressure\n|move|p2a: Garganacl|Iron Defense|p2a: Garganacl\n|-boost|p2a: Garganacl|def|2\n|\n|-heal|p1a: Corviknight|79\/100|[from] item: Leftovers\n|-heal|p2a: Garganacl|77\/100|[from] item: Leftovers\n|upkeep\n|turn|76\n|\n|t:|1700163397\n|move|p1a: Corviknight|Body Press|p2a: Garganacl\n|-supereffective|p2a: Garganacl\n|-damage|p2a: Garganacl|59\/100\n|move|p2a: Garganacl|Iron Defense|p2a: Garganacl\n|-boost|p2a: Garganacl|def|2\n|\n|-heal|p1a: Corviknight|86\/100|[from] item: Leftovers\n|-heal|p2a: Garganacl|66\/100|[from] item: Leftovers\n|upkeep\n|turn|77\n|\n|t:|1700163405\n|move|p1a: Corviknight|Iron Defense|p1a: Corviknight\n|-boost|p1a: Corviknight|def|2\n|move|p2a: Garganacl|Recover|p2a: Garganacl\n|-heal|p2a: Garganacl|100\/100\n|\n|-heal|p1a: Corviknight|92\/100|[from] item: Leftovers\n|upkeep\n|turn|78\n|\n|t:|1700163408\n|switch|p2a: Skeledirge|Skeledirge, M|100\/100\n|move|p1a: Corviknight|Iron Defense|p1a: Corviknight\n|-boost|p1a: Corviknight|def|2\n|\n|-heal|p1a: Corviknight|98\/100|[from] item: Leftovers\n|upkeep\n|turn|79\n|\n|t:|1700163413\n|switch|p1a: Clodsire|Clodsire, M|80\/100\n|move|p2a: Skeledirge|Torch Song|p1a: Clodsire\n|-damage|p1a: Clodsire|64\/100\n|-boost|p2a: Skeledirge|spa|1\n|\n|-heal|p1a: Clodsire|70\/100|[from] item: Black Sludge\n|upkeep\n|turn|80\n|\n|t:|1700163418\n|switch|p2a: Alomomola|Alomomola, M|60\/100 brn\n|-damage|p2a: Alomomola|48\/100 brn|[from] Stealth Rock\n|move|p1a: Clodsire|Toxic||[still]\n|-fail|p1a: Clodsire\n|\n|-heal|p1a: Clodsire|76\/100|[from] item: Black Sludge\n|-damage|p2a: Alomomola|42\/100 brn|[from] brn\n|upkeep\n|turn|81\n|\n|t:|1700163430\n|switch|p1a: Skeledirge|Skeledirge, F, tera:Water|38\/100 tox\n|move|p2a: Alomomola|Scald|p1a: Skeledirge\n|-resisted|p1a: Skeledirge\n|-damage|p1a: Skeledirge|30\/100 tox\n|\n|-damage|p1a: Skeledirge|24\/100 tox|[from] psn\n|-damage|p2a: Alomomola|36\/100 brn|[from] brn\n|upkeep\n|turn|82\n|\n|t:|1700163435\n|move|p1a: Skeledirge|Slack Off|p1a: Skeledirge\n|-heal|p1a: Skeledirge|74\/100 tox\n|move|p2a: Alomomola|Wish|p2a: Alomomola\n|\n|-damage|p1a: Skeledirge|62\/100 tox|[from] psn\n|-damage|p2a: Alomomola|30\/100 brn|[from] brn\n|upkeep\n|turn|83\n|\n|t:|1700163445\n|switch|p2a: Garganacl|Garganacl, M|100\/100\n|-damage|p2a: Garganacl|88\/100|[from] Stealth Rock\n|move|p1a: Skeledirge|Hex|p2a: Garganacl\n|-damage|p2a: Garganacl|81\/100\n|\n|-heal|p2a: Garganacl|100\/100|[from] move: Wish|[wisher] Alomomola\n|-damage|p1a: Skeledirge|44\/100 tox|[from] psn\n|upkeep\n|turn|84\n|\n|t:|1700163455\n|switch|p1a: Corviknight|Corviknight, M|98\/100\n|-ability|p1a: Corviknight|Pressure\n|move|p2a: Garganacl|Iron Defense|p2a: Garganacl\n|-boost|p2a: Garganacl|def|2\n|\n|-heal|p1a: Corviknight|100\/100|[from] item: Leftovers\n|upkeep\n|turn|85\n|\n|t:|1700163462\n|switch|p2a: Skeledirge|Skeledirge, M|100\/100\n|move|p1a: Corviknight|Body Press|p2a: Skeledirge\n|-immune|p2a: Skeledirge\n|\n|upkeep\n|turn|86\n|\n|t:|1700163468\n|switch|p1a: Clodsire|Clodsire, M|76\/100\n|move|p2a: Skeledirge|Torch Song|p1a: Clodsire\n|-damage|p1a: Clodsire|61\/100\n|-boost|p2a: Skeledirge|spa|1\n|\n|-heal|p1a: Clodsire|68\/100|[from] item: Black Sludge\n|upkeep\n|turn|87\n|\n|t:|1700163479\n|switch|p2a: Alomomola|Alomomola, M|63\/100 brn\n|-damage|p2a: Alomomola|50\/100 brn|[from] Stealth Rock\n|move|p1a: Clodsire|Earthquake|p2a: Alomomola\n|-damage|p2a: Alomomola|35\/100 brn\n|\n|-heal|p1a: Clodsire|74\/100|[from] item: Black Sludge\n|-damage|p2a: Alomomola|28\/100 brn|[from] brn\n|upkeep\n|turn|88\n|\n|t:|1700163491\n|switch|p1a: Skeledirge|Skeledirge, F, tera:Water|44\/100 tox\n|move|p2a: Alomomola|Scald|p1a: Skeledirge\n|-resisted|p1a: Skeledirge\n|-damage|p1a: Skeledirge|37\/100 tox\n|\n|-damage|p1a: Skeledirge|31\/100 tox|[from] psn\n|-damage|p2a: Alomomola|22\/100 brn|[from] brn\n|upkeep\n|turn|89\n|\n|t:|1700163500\n|switch|p1a: Corviknight|Corviknight, M|100\/100\n|-ability|p1a: Corviknight|Pressure\n|switch|p2a: Garganacl|Garganacl, M|100\/100\n|-damage|p2a: Garganacl|88\/100|[from] Stealth Rock\n|\n|-heal|p2a: Garganacl|94\/100|[from] item: Leftovers\n|upkeep\n|turn|90\n|\n|t:|1700163510\n|switch|p2a: Skeledirge|Skeledirge, M|100\/100\n|move|p1a: Corviknight|Body Press|p2a: Skeledirge\n|-immune|p2a: Skeledirge\n|\n|upkeep\n|turn|91\n|\n|t:|1700163516\n|switch|p1a: Clodsire|Clodsire, M|74\/100\n|move|p2a: Skeledirge|Torch Song|p1a: Clodsire\n|-damage|p1a: Clodsire|58\/100\n|-boost|p2a: Skeledirge|spa|1\n|\n|-heal|p1a: Clodsire|65\/100|[from] item: Black Sludge\n|upkeep\n|turn|92\n|\n|t:|1700163523\n|switch|p2a: Alomomola|Alomomola, M|56\/100 brn\n|-damage|p2a: Alomomola|43\/100 brn|[from] Stealth Rock\n|move|p1a: Clodsire|Earthquake|p2a: Alomomola\n|-damage|p2a: Alomomola|28\/100 brn\n|\n|-heal|p1a: Clodsire|71\/100|[from] item: Black Sludge\n|-damage|p2a: Alomomola|22\/100 brn|[from] brn\n|upkeep\n|turn|93\n|\n|t:|1700163543\n|switch|p1a: Skeledirge|Skeledirge, F, tera:Water|31\/100 tox\n|move|p2a: Alomomola|Scald|p1a: Skeledirge\n|-resisted|p1a: Skeledirge\n|-damage|p1a: Skeledirge|24\/100 tox\n|\n|-damage|p1a: Skeledirge|18\/100 tox|[from] psn\n|-damage|p2a: Alomomola|16\/100 brn|[from] brn\n|upkeep\n|turn|94\n|\n|t:|1700163547\n|switch|p2a: Garganacl|Garganacl, M|94\/100\n|-damage|p2a: Garganacl|82\/100|[from] Stealth Rock\n|move|p1a: Skeledirge|Torch Song|p2a: Garganacl\n|-resisted|p2a: Garganacl\n|-damage|p2a: Garganacl|72\/100\n|-boost|p1a: Skeledirge|spa|1\n|\n|-heal|p2a: Garganacl|78\/100|[from] item: Leftovers\n|-damage|p1a: Skeledirge|6\/100 tox|[from] psn\n|upkeep\n|turn|95\n|\n|t:|1700163560\n|switch|p1a: Corviknight|Corviknight, M|100\/100\n|-ability|p1a: Corviknight|Pressure\n|move|p2a: Garganacl|Iron Defense|p2a: Garganacl\n|-boost|p2a: Garganacl|def|2\n|\n|-heal|p2a: Garganacl|84\/100|[from] item: Leftovers\n|upkeep\n|turn|96\n|\n|t:|1700163568\n|switch|p2a: Skeledirge|Skeledirge, M|100\/100\n|move|p1a: Corviknight|Body Press|p2a: Skeledirge\n|-immune|p2a: Skeledirge\n|\n|upkeep\n|turn|97\n|\n|t:|1700163575\n|switch|p1a: Clodsire|Clodsire, M|71\/100\n|move|p2a: Skeledirge|Earth Power|p1a: Clodsire\n|-supereffective|p1a: Clodsire\n|-damage|p1a: Clodsire|49\/100\n|\n|-heal|p1a: Clodsire|55\/100|[from] item: Black Sludge\n|upkeep\n|turn|98\n|\n|t:|1700163585\n|move|p2a: Skeledirge|Will-O-Wisp|p1a: Clodsire\n|-status|p1a: Clodsire|brn\n|move|p1a: Clodsire|Earthquake|p2a: Skeledirge\n|-supereffective|p2a: Skeledirge\n|-damage|p2a: Skeledirge|78\/100\n|\n|-heal|p1a: Clodsire|61\/100 brn|[from] item: Black Sludge\n|-damage|p1a: Clodsire|55\/100 brn|[from] brn\n|upkeep\n|turn|99\n|\n|t:|1700163595\n|switch|p2a: Alomomola|Alomomola, M|49\/100 brn\n|-damage|p2a: Alomomola|37\/100 brn|[from] Stealth Rock\n|move|p1a: Clodsire|Earthquake|p2a: Alomomola\n|-damage|p2a: Alomomola|28\/100 brn\n|\n|-heal|p1a: Clodsire|61\/100 brn|[from] item: Black Sludge\n|-damage|p2a: Alomomola|22\/100 brn|[from] brn\n|-damage|p1a: Clodsire|55\/100 brn|[from] brn\n|upkeep\n|turn|100\n|\n|t:|1700163607\n|move|p2a: Alomomola|Wish|p2a: Alomomola\n|move|p1a: Clodsire|Recover|p1a: Clodsire\n|-heal|p1a: Clodsire|100\/100 brn\n|\n|-damage|p2a: Alomomola|16\/100 brn|[from] brn\n|-damage|p1a: Clodsire|94\/100 brn|[from] brn\n|upkeep\n|turn|101\n|\n|t:|1700163619\n|switch|p2a: Garganacl|Garganacl, M|84\/100\n|-damage|p2a: Garganacl|72\/100|[from] Stealth Rock\n|move|p1a: Clodsire|Earthquake|p2a: Garganacl\n|-supereffective|p2a: Garganacl\n|-damage|p2a: Garganacl|52\/100\n|\n|-heal|p2a: Garganacl|100\/100|[from] move: Wish|[wisher] Alomomola\n|-heal|p1a: Clodsire|100\/100 brn|[from] item: Black Sludge\n|-damage|p1a: Clodsire|94\/100 brn|[from] brn\n|upkeep\n|turn|102\n|inactive|abigolname has 120 seconds left.\n|\n|t:|1700163633\n|move|p2a: Garganacl|Salt Cure|p1a: Clodsire\n|-resisted|p1a: Clodsire\n|-damage|p1a: Clodsire|87\/100 brn\n|-start|p1a: Clodsire|Salt Cure\n|move|p1a: Clodsire|Earthquake|p2a: Garganacl\n|-supereffective|p2a: Garganacl\n|-damage|p2a: Garganacl|83\/100\n|\n|-heal|p2a: Garganacl|89\/100|[from] item: Leftovers\n|-heal|p1a: Clodsire|93\/100 brn|[from] item: Black Sludge\n|-damage|p1a: Clodsire|87\/100 brn|[from] brn\n|-damage|p1a: Clodsire|75\/100 brn|[from] Salt Cure\n|upkeep\n|turn|103\n|\n|t:|1700163637\n|switch|p1a: Corviknight|Corviknight, M|100\/100\n|-ability|p1a: Corviknight|Pressure\n|move|p2a: Garganacl|Iron Defense|p2a: Garganacl\n|-boost|p2a: Garganacl|def|2\n|\n|-heal|p2a: Garganacl|95\/100|[from] item: Leftovers\n|upkeep\n|turn|104\n|\n|t:|1700163646\n|move|p1a: Corviknight|Iron Defense|p1a: Corviknight\n|-boost|p1a: Corviknight|def|2\n|move|p2a: Garganacl|Body Press|p1a: Corviknight\n|-damage|p1a: Corviknight|87\/100\n|\n|-heal|p1a: Corviknight|94\/100|[from] item: Leftovers\n|-heal|p2a: Garganacl|100\/100|[from] item: Leftovers\n|upkeep\n|turn|105\n|\n|t:|1700163656\n|switch|p2a: Skeledirge|Skeledirge, M|78\/100\n|move|p1a: Corviknight|Iron Defense|p1a: Corviknight\n|-boost|p1a: Corviknight|def|2\n|\n|-heal|p1a: Corviknight|99\/100|[from] item: Leftovers\n|upkeep\n|turn|106\n|\n|t:|1700163660\n|switch|p1a: Clodsire|Clodsire, M|75\/100 brn\n|move|p2a: Skeledirge|Torch Song|p1a: Clodsire\n|-damage|p1a: Clodsire|59\/100 brn\n|-boost|p2a: Skeledirge|spa|1\n|\n|-heal|p1a: Clodsire|65\/100 brn|[from] item: Black Sludge\n|-damage|p1a: Clodsire|59\/100 brn|[from] brn\n|upkeep\n|turn|107\n|\n|t:|1700163671\n|switch|p2a: Alomomola|Alomomola, M|49\/100 brn\n|-damage|p2a: Alomomola|37\/100 brn|[from] Stealth Rock\n|move|p1a: Clodsire|Recover|p1a: Clodsire\n|-heal|p1a: Clodsire|100\/100 brn\n|\n|-damage|p2a: Alomomola|31\/100 brn|[from] brn\n|-damage|p1a: Clodsire|94\/100 brn|[from] brn\n|upkeep\n|turn|108\n|\n|t:|1700163685\n|switch|p2a: Garganacl|Garganacl, M|100\/100\n|-damage|p2a: Garganacl|88\/100|[from] Stealth Rock\n|move|p1a: Clodsire|Earthquake|p2a: Garganacl\n|-supereffective|p2a: Garganacl\n|-damage|p2a: Garganacl|71\/100\n|\n|-heal|p2a: Garganacl|77\/100|[from] item: Leftovers\n|-heal|p1a: Clodsire|100\/100 brn|[from] item: Black Sludge\n|-damage|p1a: Clodsire|94\/100 brn|[from] brn\n|upkeep\n|turn|109\n|inactive|abigolname has 120 seconds left.\n|\n|t:|1700163698\n|move|p2a: Garganacl|Iron Defense|p2a: Garganacl\n|-boost|p2a: Garganacl|def|2\n|move|p1a: Clodsire|Toxic|p2a: Garganacl\n|-immune|p2a: Garganacl|[from] ability: Purifying Salt\n|\n|-heal|p2a: Garganacl|83\/100|[from] item: Leftovers\n|-heal|p1a: Clodsire|100\/100 brn|[from] item: Black Sludge\n|-damage|p1a: Clodsire|94\/100 brn|[from] brn\n|upkeep\n|turn|110\n|inactive|abigolname has 120 seconds left.\n|\n|t:|1700163706\n|switch|p1a: Corviknight|Corviknight, M|99\/100\n|-ability|p1a: Corviknight|Pressure\n|move|p2a: Garganacl|Body Press|p1a: Corviknight\n|-damage|p1a: Corviknight|71\/100\n|\n|-heal|p1a: Corviknight|77\/100|[from] item: Leftovers\n|-heal|p2a: Garganacl|90\/100|[from] item: Leftovers\n|upkeep\n|turn|111\n|inactive|abigolname has 120 seconds left.\n|\n|t:|1700163716\n|move|p1a: Corviknight|Iron Defense|p1a: Corviknight\n|-boost|p1a: Corviknight|def|2\n|move|p2a: Garganacl|Iron Defense|p2a: Garganacl\n|-boost|p2a: Garganacl|def|2\n|\n|-heal|p1a: Corviknight|83\/100|[from] item: Leftovers\n|-heal|p2a: Garganacl|96\/100|[from] item: Leftovers\n|upkeep\n|turn|112\n|\n|t:|1700163720\n|switch|p2a: Skeledirge|Skeledirge, M|78\/100\n|move|p1a: Corviknight|Iron Defense|p1a: Corviknight\n|-boost|p1a: Corviknight|def|2\n|\n|-heal|p1a: Corviknight|89\/100|[from] item: Leftovers\n|upkeep\n|turn|113\n|inactive|abigolname has 120 seconds left.\n|\n|t:|1700163731\n|switch|p1a: Clodsire|Clodsire, M|94\/100 brn\n|move|p2a: Skeledirge|Earth Power|p1a: Clodsire\n|-supereffective|p1a: Clodsire\n|-damage|p1a: Clodsire|68\/100 brn\n|\n|-heal|p1a: Clodsire|75\/100 brn|[from] item: Black Sludge\n|-damage|p1a: Clodsire|68\/100 brn|[from] brn\n|upkeep\n|turn|114\n|inactive|abigolname has 120 seconds left.\n|\n|t:|1700163740\n|switch|p2a: Alomomola|Alomomola, M|64\/100 brn\n|-damage|p2a: Alomomola|52\/100 brn|[from] Stealth Rock\n|move|p1a: Clodsire|Toxic||[still]\n|-fail|p1a: Clodsire\n|\n|-heal|p1a: Clodsire|75\/100 brn|[from] item: Black Sludge\n|-damage|p2a: Alomomola|46\/100 brn|[from] brn\n|-damage|p1a: Clodsire|68\/100 brn|[from] brn\n|upkeep\n|turn|115\n|inactive|abigolname has 120 seconds left.\n|\n|t:|1700163750\n|move|p2a: Alomomola|Wish|p2a: Alomomola\n|move|p1a: Clodsire|Earthquake|p2a: Alomomola\n|-damage|p2a: Alomomola|38\/100 brn\n|\n|-heal|p1a: Clodsire|75\/100 brn|[from] item: Black Sludge\n|-damage|p2a: Alomomola|32\/100 brn|[from] brn\n|-damage|p1a: Clodsire|68\/100 brn|[from] brn\n|upkeep\n|turn|116\n|\n|t:|1700163757\n|move|p2a: Alomomola|Scald|p1a: Clodsire\n|-supereffective|p1a: Clodsire\n|-damage|p1a: Clodsire|54\/100 brn\n|move|p1a: Clodsire|Earthquake|p2a: Alomomola\n|-damage|p2a: Alomomola|24\/100 brn\n|\n|-heal|p2a: Alomomola|74\/100 brn|[from] move: Wish|[wisher] Alomomola\n|-heal|p1a: Clodsire|60\/100 brn|[from] item: Black Sludge\n|-damage|p2a: Alomomola|68\/100 brn|[from] brn\n|-damage|p1a: Clodsire|54\/100 brn|[from] brn\n|upkeep\n|turn|117\n|\n|t:|1700163764\n|move|p2a: Alomomola|Wish|p2a: Alomomola\n|move|p1a: Clodsire|Recover|p1a: Clodsire\n|-heal|p1a: Clodsire|100\/100 brn\n|\n|-damage|p2a: Alomomola|62\/100 brn|[from] brn\n|-damage|p1a: Clodsire|94\/100 brn|[from] brn\n|upkeep\n|turn|118\n|inactive|abigolname has 120 seconds left.\n|\n|t:|1700163775\n|move|p2a: Alomomola|Scald|p1a: Clodsire\n|-supereffective|p1a: Clodsire\n|-damage|p1a: Clodsire|80\/100 brn\n|move|p1a: Clodsire|Earthquake|p2a: Alomomola\n|-damage|p2a: Alomomola|54\/100 brn\n|\n|-heal|p2a: Alomomola|100\/100 brn|[from] move: Wish|[wisher] Alomomola\n|-heal|p1a: Clodsire|86\/100 brn|[from] item: Black Sludge\n|-damage|p2a: Alomomola|94\/100 brn|[from] brn\n|-damage|p1a: Clodsire|80\/100 brn|[from] brn\n|upkeep\n|turn|119\n|inactive|abigolname has 120 seconds left.\n|\n|t:|1700163781\n|move|p2a: Alomomola|Scald|p1a: Clodsire\n|-supereffective|p1a: Clodsire\n|-damage|p1a: Clodsire|67\/100 brn\n|move|p1a: Clodsire|Earthquake|p2a: Alomomola\n|-damage|p2a: Alomomola|87\/100 brn\n|\n|-heal|p1a: Clodsire|73\/100 brn|[from] item: Black Sludge\n|-damage|p2a: Alomomola|81\/100 brn|[from] brn\n|-damage|p1a: Clodsire|67\/100 brn|[from] brn\n|upkeep\n|turn|120\n|\n|t:|1700163790\n|switch|p1a: Corviknight|Corviknight, M|89\/100\n|-ability|p1a: Corviknight|Pressure\n|move|p2a: Alomomola|Scald|p1a: Corviknight\n|-damage|p1a: Corviknight|77\/100\n|\n|-heal|p1a: Corviknight|83\/100|[from] item: Leftovers\n|-damage|p2a: Alomomola|75\/100 brn|[from] brn\n|upkeep\n|turn|121\n|\n|t:|1700163798\n|move|p1a: Corviknight|Body Press|p2a: Alomomola\n|-damage|p2a: Alomomola|59\/100 brn\n|move|p2a: Alomomola|Scald|p1a: Corviknight\n|-damage|p1a: Corviknight|70\/100\n|\n|-heal|p1a: Corviknight|77\/100|[from] item: Leftovers\n|-damage|p2a: Alomomola|53\/100 brn|[from] brn\n|upkeep\n|turn|122\n|\n|t:|1700163808\n|move|p1a: Corviknight|Iron Defense|p1a: Corviknight\n|-boost|p1a: Corviknight|def|2\n|move|p2a: Alomomola|Wish|p2a: Alomomola\n|\n|-heal|p1a: Corviknight|83\/100|[from] item: Leftovers\n|-damage|p2a: Alomomola|47\/100 brn|[from] brn\n|upkeep\n|turn|123\n|\n|t:|1700163812\n|switch|p2a: Skeledirge|Skeledirge, M|78\/100\n|move|p1a: Corviknight|Body Press|p2a: Skeledirge\n|-immune|p2a: Skeledirge\n|\n|-heal|p2a: Skeledirge|100\/100|[from] move: Wish|[wisher] Alomomola\n|-heal|p1a: Corviknight|89\/100|[from] item: Leftovers\n|upkeep\n|turn|124\n|\n|t:|1700163819\n|switch|p1a: Clodsire|Clodsire, M|67\/100 brn\n|move|p2a: Skeledirge|Earth Power|p1a: Clodsire\n|-supereffective|p1a: Clodsire\n|-damage|p1a: Clodsire|41\/100 brn\n|\n|-heal|p1a: Clodsire|47\/100 brn|[from] item: Black Sludge\n|-damage|p1a: Clodsire|41\/100 brn|[from] brn\n|upkeep\n|turn|125\n|\n|t:|1700163827\n|switch|p2a: Alomomola|Alomomola, M|80\/100 brn\n|-damage|p2a: Alomomola|68\/100 brn|[from] Stealth Rock\n|move|p1a: Clodsire|Recover|p1a: Clodsire\n|-heal|p1a: Clodsire|91\/100 brn\n|\n|-heal|p1a: Clodsire|97\/100 brn|[from] item: Black Sludge\n|-damage|p2a: Alomomola|62\/100 brn|[from] brn\n|-damage|p1a: Clodsire|91\/100 brn|[from] brn\n|upkeep\n|turn|126\n|\n|t:|1700163831\n|switch|p1a: Corviknight|Corviknight, M|89\/100\n|-ability|p1a: Corviknight|Pressure\n|move|p2a: Alomomola|Wish|p2a: Alomomola\n|\n|-heal|p1a: Corviknight|95\/100|[from] item: Leftovers\n|-damage|p2a: Alomomola|56\/100 brn|[from] brn\n|upkeep\n|turn|127\n|\n|t:|1700163842\n|move|p1a: Corviknight|Iron Defense|p1a: Corviknight\n|-boost|p1a: Corviknight|def|2\n|move|p2a: Alomomola|Toxic|p1a: Corviknight\n|-immune|p1a: Corviknight\n|\n|-heal|p2a: Alomomola|100\/100 brn|[from] move: Wish|[wisher] Alomomola\n|-heal|p1a: Corviknight|100\/100|[from] item: Leftovers\n|-damage|p2a: Alomomola|94\/100 brn|[from] brn\n|upkeep\n|turn|128\n|\n|t:|1700163853\n|switch|p2a: Skeledirge|Skeledirge, M|100\/100\n|move|p1a: Corviknight|Iron Defense|p1a: Corviknight\n|-boost|p1a: Corviknight|def|2\n|\n|upkeep\n|turn|129\n|\n|t:|1700163858\n|move|p1a: Corviknight|Iron Defense|p1a: Corviknight\n|-boost|p1a: Corviknight|def|2\n|move|p2a: Skeledirge|Earth Power|p1a: Corviknight\n|-immune|p1a: Corviknight\n|\n|upkeep\n|turn|130\n|\n|t:|1700163863\n|switch|p1a: Clodsire|Clodsire, M|91\/100 brn\n|move|p2a: Skeledirge|Torch Song|p1a: Clodsire\n|-damage|p1a: Clodsire|74\/100 brn\n|-boost|p2a: Skeledirge|spa|1\n|\n|-heal|p1a: Clodsire|80\/100 brn|[from] item: Black Sludge\n|-damage|p1a: Clodsire|74\/100 brn|[from] brn\n|upkeep\n|turn|131\n|\n|t:|1700163870\n|switch|p2a: Alomomola|Alomomola, M|100\/100 brn\n|-damage|p2a: Alomomola|88\/100 brn|[from] Stealth Rock\n|move|p1a: Clodsire|Earthquake|p2a: Alomomola\n|-damage|p2a: Alomomola|80\/100 brn\n|\n|-heal|p1a: Clodsire|80\/100 brn|[from] item: Black Sludge\n|-damage|p2a: Alomomola|74\/100 brn|[from] brn\n|-damage|p1a: Clodsire|74\/100 brn|[from] brn\n|upkeep\n|turn|132\n|\n|t:|1700163885\n|switch|p1a: Corviknight|Corviknight, M|100\/100\n|-ability|p1a: Corviknight|Pressure\n|move|p2a: Alomomola|Scald|p1a: Corviknight\n|-damage|p1a: Corviknight|87\/100\n|\n|-heal|p1a: Corviknight|93\/100|[from] item: Leftovers\n|-damage|p2a: Alomomola|68\/100 brn|[from] brn\n|upkeep\n|turn|133\n|\n|t:|1700163900\n|move|p1a: Corviknight|Iron Defense|p1a: Corviknight\n|-boost|p1a: Corviknight|def|2\n|move|p2a: Alomomola|Wish|p2a: Alomomola\n|\n|-heal|p1a: Corviknight|99\/100|[from] item: Leftovers\n|-damage|p2a: Alomomola|62\/100 brn|[from] brn\n|upkeep\n|turn|134\n|\n|t:|1700163913\n|switch|p2a: Skeledirge|Skeledirge, M|100\/100\n|move|p1a: Corviknight|Body Press|p2a: Skeledirge\n|-immune|p2a: Skeledirge\n|\n|-heal|p1a: Corviknight|100\/100|[from] item: Leftovers\n|upkeep\n|turn|135\n|\n|t:|1700163919\n|switch|p1a: Skeledirge|Skeledirge, F, tera:Water|6\/100 tox\n|move|p2a: Skeledirge|Torch Song|p1a: Skeledirge\n|-resisted|p1a: Skeledirge\n|-damage|p1a: Skeledirge|0 fnt\n|-boost|p2a: Skeledirge|spa|1\n|faint|p1a: Skeledirge\n|\n|upkeep\n|\n|t:|1700163926\n|switch|p1a: Clodsire|Clodsire, M|74\/100 brn\n|turn|136\n|\n|t:|1700163935\n|switch|p2a: Garganacl|Garganacl, M|96\/100\n|-damage|p2a: Garganacl|83\/100|[from] Stealth Rock\n|move|p1a: Clodsire|Toxic|p2a: Garganacl\n|-immune|p2a: Garganacl|[from] ability: Purifying Salt\n|\n|-heal|p2a: Garganacl|90\/100|[from] item: Leftovers\n|-heal|p1a: Clodsire|80\/100 brn|[from] item: Black Sludge\n|-damage|p1a: Clodsire|74\/100 brn|[from] brn\n|upkeep\n|turn|137\n|\n|t:|1700163946\n|switch|p1a: Corviknight|Corviknight, M|100\/100\n|-ability|p1a: Corviknight|Pressure\n|move|p2a: Garganacl|Salt Cure|p1a: Corviknight\n|-crit|p1a: Corviknight\n|-damage|p1a: Corviknight|87\/100\n|-start|p1a: Corviknight|Salt Cure\n|\n|-heal|p1a: Corviknight|94\/100|[from] item: Leftovers\n|-heal|p2a: Garganacl|96\/100|[from] item: Leftovers\n|-damage|p1a: Corviknight|69\/100|[from] Salt Cure\n|upkeep\n|turn|138\n|\n|t:|1700163952\n|switch|p1a: Clodsire|Clodsire, M|74\/100 brn\n|move|p2a: Garganacl|Iron Defense|p2a: Garganacl\n|-boost|p2a: Garganacl|def|2\n|\n|-heal|p2a: Garganacl|100\/100|[from] item: Leftovers\n|-heal|p1a: Clodsire|80\/100 brn|[from] item: Black Sludge\n|-damage|p1a: Clodsire|74\/100 brn|[from] brn\n|upkeep\n|turn|139\n|\n|t:|1700163957\n|switch|p1a: Corviknight|Corviknight, M|69\/100\n|-ability|p1a: Corviknight|Pressure\n|move|p2a: Garganacl|Salt Cure|p1a: Corviknight\n|-damage|p1a: Corviknight|60\/100\n|-start|p1a: Corviknight|Salt Cure\n|\n|-heal|p1a: Corviknight|66\/100|[from] item: Leftovers\n|-damage|p1a: Corviknight|41\/100|[from] Salt Cure\n|upkeep\n|turn|140\n|\n|t:|1700163963\n|move|p1a: Corviknight|Roost|p1a: Corviknight\n|-heal|p1a: Corviknight|91\/100\n|-singleturn|p1a: Corviknight|move: Roost\n|move|p2a: Garganacl|Body Press|p1a: Corviknight\n|-supereffective|p1a: Corviknight\n|-damage|p1a: Corviknight|36\/100\n|\n|-heal|p1a: Corviknight|42\/100|[from] item: Leftovers\n|-damage|p1a: Corviknight|17\/100|[from] Salt Cure\n|upkeep\n|turn|141\n|\n|t:|1700163975\n|switch|p1a: Clodsire|Clodsire, M|74\/100 brn\n|move|p2a: Garganacl|Body Press|p1a: Clodsire\n|-resisted|p1a: Clodsire\n|-damage|p1a: Clodsire|61\/100 brn\n|\n|-heal|p1a: Clodsire|68\/100 brn|[from] item: Black Sludge\n|-damage|p1a: Clodsire|61\/100 brn|[from] brn\n|upkeep\n|turn|142\n|\n|t:|1700163984\n|move|p2a: Garganacl|Salt Cure|p1a: Clodsire\n|-resisted|p1a: Clodsire\n|-damage|p1a: Clodsire|53\/100 brn\n|-start|p1a: Clodsire|Salt Cure\n|move|p1a: Clodsire|Earthquake|p2a: Garganacl\n|-supereffective|p2a: Garganacl\n|-damage|p2a: Garganacl|82\/100\n|\n|-heal|p2a: Garganacl|88\/100|[from] item: Leftovers\n|-heal|p1a: Clodsire|60\/100 brn|[from] item: Black Sludge\n|-damage|p1a: Clodsire|53\/100 brn|[from] brn\n|-damage|p1a: Clodsire|41\/100 brn|[from] Salt Cure\n|upkeep\n|turn|143\n|\n|t:|1700163994\n|switch|p1a: Corviknight|Corviknight, M|17\/100\n|-ability|p1a: Corviknight|Pressure\n|move|p2a: Garganacl|Iron Defense|p2a: Garganacl\n|-boost|p2a: Garganacl|def|2\n|\n|-heal|p1a: Corviknight|23\/100|[from] item: Leftovers\n|-heal|p2a: Garganacl|94\/100|[from] item: Leftovers\n|upkeep\n|turn|144\n|-message|LRR121 forfeited.\n|\n|win|abigolname\n|raw|LRR121's rating: 1490 &rarr; <strong>1473<\/strong><br \/>(-17 for losing)\n|raw|abigolname's rating: 1536 &rarr; <strong>1553<\/strong><br \/>(+17 for winning)\n|l|\u2606LRR121\n|c|\u2606abigolname|worth\n","uploadtime":1700164012,"views":18,"p1id":"lrr121","p2id":"abigolname","formatid":"gen9nationaldex","rating":1473,"private":0,"password":""}