{"id":"gen9nationaldex-1988332326","p1":"chenyilin666","p2":"chenyilin","format":"[Gen 9] National Dex","log":"|j|\u2606chenyilin666\n|j|\u2606chenyilin\n|t:|1699709862\n|gametype|singles\n|player|p1|chenyilin666|265|\n|player|p2|chenyilin|266|\n|teamsize|p1|6\n|teamsize|p2|6\n|gen|9\n|tier|[Gen 9] National Dex\n|rule|HP Percentage Mod: HP is shown in percentages\n|rule|Endless Battle Clause: Forcing endless battles is banned\n|rule|OHKO Clause: OHKO moves are banned\n|rule|Evasion Clause: Evasion abilities, items, and moves are banned\n|rule|Evasion Abilities Clause: Evasion abilities are banned\n|rule|Evasion Items Clause: Evasion items are banned\n|rule|Evasion Moves Clause: Evasion moves are banned\n|rule|Species Clause: Limit one of each Pok\u00e9mon\n|rule|Sleep Clause Mod: Limit one foe put to sleep\n|clearpoke\n|poke|p1|Rattata, F|\n|poke|p1|Scizor, M|\n|poke|p1|Glastrier|\n|poke|p1|Great Tusk|\n|poke|p1|Bewear, M|\n|poke|p1|Dodrio, M|\n|poke|p2|Rattata, M|\n|poke|p2|Dodrio, M|\n|poke|p2|Persian, M|\n|poke|p2|Beedrill, M|\n|poke|p2|Heatran, F|\n|poke|p2|Regigigas|\n|teampreview\n|inactive|Battle timer is ON: inactive players will automatically lose when time's up. (requested by chenyilin666)\n|\n|t:|1699709877\n|start\n|switch|p1a: Scizor|Scizor, M|100\/100\n|switch|p2a: Heatran|Heatran, F|100\/100\n|-item|p2a: Heatran|Air Balloon\n|turn|1\n|\n|t:|1699709887\n|detailschange|p1a: Scizor|Scizor-Mega, M\n|-mega|p1a: Scizor|Scizor|Scizorite\n|move|p1a: Scizor|Close Combat|p2a: Heatran\n|-supereffective|p2a: Heatran\n|-damage|p2a: Heatran|11\/100\n|-unboost|p1a: Scizor|def|1\n|-unboost|p1a: Scizor|spd|1\n|-enditem|p2a: Heatran|Air Balloon\n|move|p2a: Heatran|Stealth Rock|p1a: Scizor\n|-sidestart|p1: chenyilin666|move: Stealth Rock\n|\n|upkeep\n|turn|2\n|\n|t:|1699709906\n|move|p1a: Scizor|Close Combat|p2a: Heatran\n|-supereffective|p2a: Heatran\n|-damage|p2a: Heatran|0 fnt\n|-unboost|p1a: Scizor|def|1\n|-unboost|p1a: Scizor|spd|1\n|faint|p2a: Heatran\n|\n|upkeep\n|\n|t:|1699709916\n|switch|p2a: Persian|Persian, M|100\/100\n|turn|3\n|\n|t:|1699709932\n|switch|p1a: Great Tusk|Great Tusk|100\/100\n|move|p2a: Persian|Dark Pulse|p1a: Great Tusk\n|-resisted|p1a: Great Tusk\n|-damage|p1a: Great Tusk|82\/100\n|-damage|p2a: Persian|91\/100|[from] item: Life Orb\n|\n|upkeep\n|turn|4\n|\n|t:|1699709940\n|move|p2a: Persian|Nasty Plot|p2a: Persian\n|-boost|p2a: Persian|spa|2\n|move|p1a: Great Tusk|Rapid Spin|p2a: Persian\n|-damage|p2a: Persian|55\/100\n|-boost|p1a: Great Tusk|spe|1\n|-sideend|p1: chenyilin666|Stealth Rock|[from] move: Rapid Spin|[of] p1a: Great Tusk\n|\n|upkeep\n|turn|5\n|\n|t:|1699709944\n|move|p1a: Great Tusk|Close Combat|p2a: Persian\n|-supereffective|p2a: Persian\n|-damage|p2a: Persian|0 fnt\n|-unboost|p1a: Great Tusk|def|1\n|-unboost|p1a: Great Tusk|spd|1\n|faint|p2a: Persian\n|\n|upkeep\n|\n|t:|1699709948\n|switch|p2a: Dodrio|Dodrio, M|100\/100\n|turn|6\n|\n|t:|1699709952\n|-terastallize|p1a: Great Tusk|Water\n|move|p2a: Dodrio|Brave Bird|p1a: Great Tusk\n|-damage|p1a: Great Tusk|20\/100\n|-damage|p2a: Dodrio|71\/100|[from] Recoil\n|move|p1a: Great Tusk|Head Smash|p2a: Dodrio\n|-supereffective|p2a: Dodrio\n|-damage|p2a: Dodrio|0 fnt\n|faint|p2a: Dodrio\n|-damage|p1a: Great Tusk|0 fnt|[from] Recoil\n|faint|p1a: Great Tusk\n|-end|p1a: Great Tusk|Protosynthesis|[silent]\n|\n|upkeep\n|\n|t:|1699709966\n|switch|p2a: Rattata|Rattata, M|100\/100\n|switch|p1a: Scizor|Scizor-Mega, M|100\/100\n|turn|7\n|\n|t:|1699709979\n|move|p2a: Rattata|Flame Wheel|p1a: Scizor\n|-supereffective|p1a: Scizor\n|-damage|p1a: Scizor|44\/100\n|move|p1a: Scizor|U-turn|p2a: Rattata\n|-enditem|p2a: Rattata|Focus Sash\n|-damage|p2a: Rattata|1\/100\n|\n|t:|1699709987\n|switch|p1a: Dodrio|Dodrio, M|100\/100|[from] U-turn\n|\n|upkeep\n|turn|8\n|\n|t:|1699709993\n|move|p1a: Dodrio|Knock Off|p2a: Rattata\n|-damage|p2a: Rattata|0 fnt\n|faint|p2a: Rattata\n|-damage|p1a: Dodrio|91\/100|[from] item: Life Orb\n|\n|upkeep\n|\n|t:|1699709998\n|switch|p2a: Beedrill|Beedrill, M|100\/100\n|turn|9\n|\n|t:|1699710008\n|detailschange|p2a: Beedrill|Beedrill-Mega, M\n|-mega|p2a: Beedrill|Beedrill|Beedrillite\n|move|p2a: Beedrill|U-turn|p1a: Dodrio\n|-resisted|p1a: Dodrio\n|-damage|p1a: Dodrio|41\/100\n|\n|t:|1699710013\n|switch|p2a: Regigigas|Regigigas|100\/100|[from] U-turn\n|-start|p2a: Regigigas|ability: Slow Start\n|move|p1a: Dodrio|Brave Bird|p2a: Regigigas\n|-damage|p2a: Regigigas|43\/100\n|-damage|p1a: Dodrio|11\/100|[from] Recoil\n|-damage|p1a: Dodrio|1\/100|[from] item: Life Orb\n|\n|-heal|p2a: Regigigas|50\/100|[from] item: Leftovers\n|upkeep\n|turn|10\n|\n|t:|1699710028\n|move|p1a: Dodrio|Jump Kick|p2a: Regigigas\n|-supereffective|p2a: Regigigas\n|-damage|p2a: Regigigas|0 fnt\n|faint|p2a: Regigigas\n|-end|p2a: Regigigas|Slow Start|[silent]\n|-damage|p1a: Dodrio|0 fnt|[from] item: Life Orb\n|faint|p1a: Dodrio\n|\n|upkeep\n|\n|t:|1699710035\n|switch|p1a: \u9646\u5730\u306e\u795e|Rattata, F|100\/100\n|switch|p2a: Beedrill|Beedrill-Mega, M|100\/100\n|turn|11\n|\n|t:|1699710044\n|move|p2a: Beedrill|Poison Jab|p1a: \u9646\u5730\u306e\u795e\n|-enditem|p1a: \u9646\u5730\u306e\u795e|Focus Sash\n|-damage|p1a: \u9646\u5730\u306e\u795e|1\/100\n|move|p1a: \u9646\u5730\u306e\u795e|Endeavor|p2a: Beedrill\n|-damage|p2a: Beedrill|1\/100\n|\n|upkeep\n|turn|12\n|\n|t:|1699710052\n|move|p1a: \u9646\u5730\u306e\u795e|Quick Attack|p2a: Beedrill\n|-damage|p2a: Beedrill|0 fnt\n|faint|p2a: Beedrill\n|\n|win|chenyilin666\n|l|\u2606chenyilin\n","uploadtime":1699710062,"views":4,"p1id":"chenyilin666","p2id":"chenyilin","formatid":"gen9nationaldex","rating":0,"private":0,"password":""}