{"id":"gen9nationaldex-1988410018","p1":"WRLD_Endu","p2":"KFRecorder","format":"[Gen 9] National Dex","log":"|j|\u203dWRLD_Endu\n|j|\u2606KFRecorder\n|t:|1699719856\n|gametype|singles\n|player|p1|WRLD_Endu|shadowtriad|1252\n|player|p2|KFRecorder|swimmerf|1186\n|teamsize|p1|6\n|teamsize|p2|6\n|gen|9\n|tier|[Gen 9] National Dex\n|rated|\n|rule|HP Percentage Mod: HP is shown in percentages\n|rule|Endless Battle Clause: Forcing endless battles is banned\n|rule|OHKO Clause: OHKO moves are banned\n|rule|Evasion Clause: Evasion abilities, items, and moves are banned\n|rule|Evasion Abilities Clause: Evasion abilities are banned\n|rule|Evasion Items Clause: Evasion items are banned\n|rule|Evasion Moves Clause: Evasion moves are banned\n|rule|Species Clause: Limit one of each Pok\u00e9mon\n|rule|Sleep Clause Mod: Limit one foe put to sleep\n|clearpoke\n|poke|p1|Scizor, F|\n|poke|p1|Serperior, M|\n|poke|p1|Zapdos|\n|poke|p1|Volcarona, M|\n|poke|p1|Urshifu-*, M|\n|poke|p1|Bisharp, M|\n|poke|p2|Great Tusk|\n|poke|p2|Samurott-Hisui, F|\n|poke|p2|Scizor, F|\n|poke|p2|Tapu Lele|\n|poke|p2|Heatran, F|\n|poke|p2|Ferrothorn, F|\n|teampreview\n|inactive|Battle timer is ON: inactive players will automatically lose when time's up. (requested by WRLD_Endu)\n|\n|t:|1699719872\n|start\n|switch|p1a: Scizor|Scizor, F, shiny|100\/100\n|switch|p2a: Ferrothorn|Ferrothorn, F, shiny|100\/100\n|turn|1\n|\n|t:|1699719878\n|detailschange|p1a: Scizor|Scizor-Mega, F, shiny\n|-mega|p1a: Scizor|Scizor|Scizorite\n|move|p1a: Scizor|U-turn|p2a: Ferrothorn\n|-damage|p2a: Ferrothorn|74\/100\n|-damage|p1a: Scizor|88\/100|[from] ability: Iron Barbs|[of] p2a: Ferrothorn\n|\n|t:|1699719886\n|switch|p1a: Volcarona|Volcarona, M, shiny|100\/100|[from] U-turn\n|move|p2a: Ferrothorn|Leech Seed|p1a: Volcarona\n|-start|p1a: Volcarona|move: Leech Seed\n|\n|-heal|p2a: Ferrothorn|80\/100|[from] item: Leftovers\n|-damage|p1a: Volcarona|88\/100|[from] Leech Seed|[of] p2a: Ferrothorn\n|-heal|p2a: Ferrothorn|91\/100|[silent]\n|upkeep\n|turn|2\n|\n|t:|1699719897\n|switch|p1a: Urshifu|Urshifu-Rapid-Strike, M|100\/100\n|switch|p2a: Samurott|Samurott-Hisui, F, shiny|100\/100\n|\n|upkeep\n|turn|3\n|\n|t:|1699719909\n|switch|p2a: Scizor|Scizor, F|100\/100\n|move|p1a: Urshifu|Close Combat|p2a: Scizor\n|-damage|p2a: Scizor|25\/100\n|-unboost|p1a: Urshifu|def|1\n|-unboost|p1a: Urshifu|spd|1\n|\n|upkeep\n|turn|4\n|\n|t:|1699719920\n|switch|p2a: Great Tusk|Great Tusk|100\/100\n|move|p1a: Urshifu|Close Combat|p2a: Great Tusk\n|-damage|p2a: Great Tusk|56\/100\n|-unboost|p1a: Urshifu|def|1\n|-unboost|p1a: Urshifu|spd|1\n|\n|-heal|p2a: Great Tusk|62\/100|[from] item: Leftovers\n|upkeep\n|turn|5\n|\n|t:|1699719927\n|switch|p1a: Zapdos|Zapdos, shiny|100\/100\n|-terastallize|p2a: Great Tusk|Water\n|move|p2a: Great Tusk|Earthquake|p1a: Zapdos\n|-immune|p1a: Zapdos\n|\n|-heal|p2a: Great Tusk|68\/100|[from] item: Leftovers\n|upkeep\n|turn|6\n|\n|t:|1699719937\n|-end|p2a: Great Tusk|Protosynthesis|[silent]\n|switch|p2a: Heatran|Heatran, F|100\/100\n|move|p1a: Zapdos|U-turn|p2a: Heatran\n|-resisted|p2a: Heatran\n|-damage|p2a: Heatran|98\/100\n|\n|t:|1699719942\n|switch|p1a: Urshifu|Urshifu-Rapid-Strike, M|100\/100|[from] U-turn\n|\n|-heal|p2a: Heatran|100\/100|[from] item: Leftovers\n|upkeep\n|turn|7\n|\n|t:|1699719957\n|switch|p2a: Ferrothorn|Ferrothorn, F, shiny|91\/100\n|move|p1a: Urshifu|Close Combat|p2a: Ferrothorn\n|-supereffective|p2a: Ferrothorn\n|-damage|p2a: Ferrothorn|0 fnt\n|-unboost|p1a: Urshifu|def|1\n|-unboost|p1a: Urshifu|spd|1\n|-damage|p1a: Urshifu|88\/100|[from] ability: Iron Barbs|[of] p2a: Ferrothorn\n|faint|p2a: Ferrothorn\n|\n|upkeep\n|\n|t:|1699719964\n|switch|p2a: Scizor|Scizor, F|25\/100\n|turn|8\n|\n|t:|1699719991\n|switch|p1a: Zapdos|Zapdos, shiny|100\/100\n|switch|p2a: Great Tusk|Great Tusk, tera:Water|68\/100\n|\n|-heal|p2a: Great Tusk|75\/100|[from] item: Leftovers\n|upkeep\n|turn|9\n|\n|t:|1699719999\n|move|p1a: Zapdos|Discharge|p2a: Great Tusk\n|-supereffective|p2a: Great Tusk\n|-damage|p2a: Great Tusk|0 fnt\n|faint|p2a: Great Tusk\n|-end|p2a: Great Tusk|Protosynthesis|[silent]\n|\n|upkeep\n|\n|t:|1699720007\n|switch|p2a: Tapu Lele|Tapu Lele|100\/100\n|-fieldstart|move: Psychic Terrain|[from] ability: Psychic Surge|[of] p2a: Tapu Lele\n|turn|10\n|\n|t:|1699720013\n|switch|p2a: Heatran|Heatran, F|100\/100\n|switch|p1a: Scizor|Scizor-Mega, F, shiny|88\/100\n|\n|upkeep\n|turn|11\n|\n|t:|1699720021\n|switch|p1a: Urshifu|Urshifu-Rapid-Strike, M|88\/100\n|move|p2a: Heatran|Magma Storm|p1a: Urshifu\n|-resisted|p1a: Urshifu\n|-damage|p1a: Urshifu|56\/100\n|-activate|p1a: Urshifu|move: Magma Storm|[of] p2a: Heatran\n|\n|-damage|p1a: Urshifu|43\/100|[from] move: Magma Storm|[partiallytrapped]\n|upkeep\n|turn|12\n|\n|t:|1699720031\n|switch|p2a: Scizor|Scizor, F|25\/100\n|move|p1a: Urshifu|Surging Strikes|p2a: Scizor\n|-crit|p2a: Scizor\n|-damage|p2a: Scizor|1\/100\n|-crit|p2a: Scizor\n|-damage|p2a: Scizor|0 fnt\n|faint|p2a: Scizor\n|-hitcount|p2: Scizor|2\n|\n|-end|p1a: Urshifu|Magma Storm|[partiallytrapped]|[silent]\n|upkeep\n|\n|t:|1699720037\n|switch|p2a: Samurott|Samurott-Hisui, F, shiny|100\/100\n|turn|13\n|\n|t:|1699720045\n|move|p2a: Samurott|Razor Shell|p1a: Urshifu\n|-resisted|p1a: Urshifu\n|-damage|p1a: Urshifu|16\/100\n|move|p1a: Urshifu|Surging Strikes|p2a: Samurott\n|-resisted|p2a: Samurott\n|-crit|p2a: Samurott\n|-damage|p2a: Samurott|82\/100\n|-resisted|p2a: Samurott\n|-crit|p2a: Samurott\n|-damage|p2a: Samurott|64\/100\n|-resisted|p2a: Samurott\n|-crit|p2a: Samurott\n|-damage|p2a: Samurott|45\/100\n|-hitcount|p2a: Samurott|3\n|\n|upkeep\n|turn|14\n|\n|t:|1699720052\n|switch|p1a: Scizor|Scizor-Mega, F, shiny|88\/100\n|move|p2a: Samurott|Razor Shell|p1a: Scizor\n|-damage|p1a: Scizor|54\/100\n|-unboost|p1a: Scizor|def|1\n|\n|-fieldend|move: Psychic Terrain\n|upkeep\n|turn|15\n|\n|t:|1699720061\n|switch|p2a: Heatran|Heatran, F|100\/100\n|move|p1a: Scizor|U-turn|p2a: Heatran\n|-resisted|p2a: Heatran\n|-damage|p2a: Heatran|92\/100\n|\n|t:|1699720064\n|switch|p1a: Urshifu|Urshifu-Rapid-Strike, M|16\/100|[from] U-turn\n|\n|-heal|p2a: Heatran|99\/100|[from] item: Leftovers\n|upkeep\n|turn|16\n|\n|t:|1699720071\n|switch|p2a: Samurott|Samurott-Hisui, F, shiny|45\/100\n|move|p1a: Urshifu|Surging Strikes|p2a: Samurott\n|-resisted|p2a: Samurott\n|-crit|p2a: Samurott\n|-damage|p2a: Samurott|26\/100\n|-resisted|p2a: Samurott\n|-crit|p2a: Samurott\n|-damage|p2a: Samurott|7\/100\n|-resisted|p2a: Samurott\n|-crit|p2a: Samurott\n|-damage|p2a: Samurott|0 fnt\n|faint|p2a: Samurott\n|-hitcount|p2: Samurott|3\n|\n|upkeep\n|\n|t:|1699720075\n|switch|p2a: Tapu Lele|Tapu Lele|100\/100\n|-fieldstart|move: Psychic Terrain|[from] ability: Psychic Surge|[of] p2a: Tapu Lele\n|turn|17\n|\n|t:|1699720081\n|move|p2a: Tapu Lele|Psychic|p1a: Urshifu\n|-supereffective|p1a: Urshifu\n|-damage|p1a: Urshifu|0 fnt\n|faint|p1a: Urshifu\n|\n|upkeep\n|\n|t:|1699720085\n|switch|p1a: Volcarona|Volcarona, M, shiny|88\/100\n|turn|18\n|\n|t:|1699720089\n|switch|p2a: Heatran|Heatran, F|99\/100\n|-terastallize|p1a: Volcarona|Steel\n|move|p1a: Volcarona|Quiver Dance|p1a: Volcarona\n|-boost|p1a: Volcarona|spa|1\n|-boost|p1a: Volcarona|spd|1\n|-boost|p1a: Volcarona|spe|1\n|\n|-heal|p1a: Volcarona|94\/100|[from] item: Leftovers\n|-heal|p2a: Heatran|100\/100|[from] item: Leftovers\n|upkeep\n|turn|19\n|\n|t:|1699720094\n|switch|p1a: Zapdos|Zapdos, shiny|100\/100\n|move|p2a: Heatran|Magma Storm|p1a: Zapdos\n|-damage|p1a: Zapdos|51\/100\n|-activate|p1a: Zapdos|move: Magma Storm|[of] p2a: Heatran\n|\n|-damage|p1a: Zapdos|39\/100|[from] move: Magma Storm|[partiallytrapped]\n|upkeep\n|turn|20\n|\n|t:|1699720100\n|move|p1a: Zapdos|Discharge|p2a: Heatran\n|-damage|p2a: Heatran|82\/100\n|move|p2a: Heatran|Power Gem|p1a: Zapdos\n|-supereffective|p1a: Zapdos\n|-damage|p1a: Zapdos|0 fnt\n|faint|p1a: Zapdos\n|\n|-heal|p2a: Heatran|88\/100|[from] item: Leftovers\n|upkeep\n|\n|t:|1699720128\n|switch|p1a: Bisharp|Bisharp, M, shiny|100\/100\n|turn|21\n|\n|t:|1699720134\n|move|p1a: Bisharp|Sucker Punch|p2a: Heatran\n|-activate|p2a: Heatran|move: Psychic Terrain\n|move|p2a: Heatran|Magma Storm|p1a: Bisharp|[miss]\n|-miss|p2a: Heatran|p1a: Bisharp\n|\n|-heal|p2a: Heatran|94\/100|[from] item: Leftovers\n|-fieldend|move: Psychic Terrain\n|upkeep\n|turn|22\n|\n|t:|1699720140\n|switch|p2a: Tapu Lele|Tapu Lele|100\/100\n|-fieldstart|move: Psychic Terrain|[from] ability: Psychic Surge|[of] p2a: Tapu Lele\n|move|p1a: Bisharp|Stone Edge|p2a: Tapu Lele\n|-damage|p2a: Tapu Lele|20\/100\n|-damage|p1a: Bisharp|91\/100|[from] item: Life Orb\n|\n|upkeep\n|turn|23\n|\n|t:|1699720151\n|move|p2a: Tapu Lele|Moonblast|p1a: Bisharp\n|-crit|p1a: Bisharp\n|-damage|p1a: Bisharp|0 fnt\n|faint|p1a: Bisharp\n|\n|upkeep\n|\n|t:|1699720161\n|switch|p1a: Serperior|Serperior, M, shiny|100\/100\n|turn|24\n|\n|t:|1699720167\n|move|p2a: Tapu Lele|Moonblast|p1a: Serperior\n|-damage|p1a: Serperior|39\/100\n|move|p1a: Serperior|Substitute|p1a: Serperior\n|-start|p1a: Serperior|Substitute\n|-damage|p1a: Serperior|14\/100\n|\n|-heal|p1a: Serperior|20\/100|[from] item: Leftovers\n|upkeep\n|turn|25\n|\n|t:|1699720171\n|move|p2a: Tapu Lele|Moonblast|p1a: Serperior\n|-end|p1a: Serperior|Substitute\n|move|p1a: Serperior|Leaf Storm|p2a: Tapu Lele\n|-damage|p2a: Tapu Lele|0 fnt\n|-boost|p1a: Serperior|spa|2\n|faint|p2a: Tapu Lele\n|\n|-heal|p1a: Serperior|26\/100|[from] item: Leftovers\n|upkeep\n|\n|t:|1699720174\n|switch|p2a: Heatran|Heatran, F|94\/100\n|turn|26\n|inactive|WRLD_Endu has 120 seconds left.\n|\n|t:|1699720206\n|move|p1a: Serperior|Leech Seed|p2a: Heatran|[miss]\n|-miss|p1a: Serperior|p2a: Heatran\n|move|p2a: Heatran|Magma Storm|p1a: Serperior\n|-supereffective|p1a: Serperior\n|-damage|p1a: Serperior|0 fnt\n|faint|p1a: Serperior\n|\n|-heal|p2a: Heatran|99\/100|[from] item: Leftovers\n|-fieldend|move: Psychic Terrain\n|upkeep\n|inactive|WRLD_Endu has 120 seconds left.\n|\n|t:|1699720216\n|switch|p1a: Volcarona|Volcarona, M, shiny, tera:Steel|94\/100\n|turn|27\n|\n|t:|1699720219\n|move|p1a: Volcarona|Quiver Dance|p1a: Volcarona\n|-boost|p1a: Volcarona|spa|1\n|-boost|p1a: Volcarona|spd|1\n|-boost|p1a: Volcarona|spe|1\n|move|p2a: Heatran|Magma Storm|p1a: Volcarona|[miss]\n|-miss|p2a: Heatran|p1a: Volcarona\n|\n|-heal|p1a: Volcarona|100\/100|[from] item: Leftovers\n|-heal|p2a: Heatran|100\/100|[from] item: Leftovers\n|upkeep\n|turn|28\n|\n|t:|1699720225\n|move|p1a: Volcarona|Quiver Dance|p1a: Volcarona\n|-boost|p1a: Volcarona|spa|1\n|-boost|p1a: Volcarona|spd|1\n|-boost|p1a: Volcarona|spe|1\n|move|p2a: Heatran|Magma Storm|p1a: Volcarona\n|-supereffective|p1a: Volcarona\n|-damage|p1a: Volcarona|57\/100\n|-activate|p1a: Volcarona|move: Magma Storm|[of] p2a: Heatran\n|\n|-heal|p1a: Volcarona|64\/100|[from] item: Leftovers\n|-damage|p1a: Volcarona|51\/100|[from] move: Magma Storm|[partiallytrapped]\n|upkeep\n|turn|29\n|\n|t:|1699720235\n|move|p1a: Volcarona|Quiver Dance|p1a: Volcarona\n|-boost|p1a: Volcarona|spa|1\n|-boost|p1a: Volcarona|spd|1\n|-boost|p1a: Volcarona|spe|1\n|move|p2a: Heatran|Magma Storm|p1a: Volcarona\n|-supereffective|p1a: Volcarona\n|-damage|p1a: Volcarona|17\/100\n|\n|-heal|p1a: Volcarona|23\/100|[from] item: Leftovers\n|-damage|p1a: Volcarona|10\/100|[from] move: Magma Storm|[partiallytrapped]\n|upkeep\n|turn|30\n|\n|t:|1699720244\n|move|p1a: Volcarona|Bug Buzz|p2a: Heatran\n|-resisted|p2a: Heatran\n|-damage|p2a: Heatran|85\/100\n|move|p2a: Heatran|Earth Power|p1a: Volcarona\n|-supereffective|p1a: Volcarona\n|-damage|p1a: Volcarona|0 fnt\n|faint|p1a: Volcarona\n|\n|-heal|p2a: Heatran|91\/100|[from] item: Leftovers\n|upkeep\n|\n|t:|1699720248\n|switch|p1a: Scizor|Scizor-Mega, F, shiny|54\/100\n|turn|31\n|\n|t:|1699720250\n|move|p2a: Heatran|Magma Storm|p1a: Scizor\n|-supereffective|p1a: Scizor\n|-damage|p1a: Scizor|0 fnt\n|faint|p1a: Scizor\n|\n|win|KFRecorder\n|raw|WRLD_Endu's rating: 1252 &rarr; <strong>1222<\/strong><br \/>(-30 for losing)\n|raw|KFRecorder's rating: 1186 &rarr; <strong>1216<\/strong><br \/>(+30 for winning)\n|l|\u203dWRLD_Endu\n","uploadtime":1699720256,"views":4,"p1id":"wrldendu","p2id":"kfrecorder","formatid":"gen9nationaldex","rating":1216,"private":0,"password":""}