{"id":"gen9nationaldex-1997081909","p1":"LeafStormHimNotMe","p2":"dannybew","format":"[Gen 9] National Dex","log":"|html|<div class=\"broadcast-blue\"><strong>[Gen 9] National Dex is currently suspecting Sneasler! For information on how to participate check out the <a href=\"https:\/\/www.smogon.com\/forums\/threads\/sv-national-dex-suspect-8-just-dance.3731534\/\">suspect thread<\/a>.<\/strong><\/div>\n|j|\u2606LeafStormHimNotMe\n|j|\u2606dannybew\n|t:|1700762645\n|gametype|singles\n|player|p1|LeafStormHimNotMe|skierf|1161\n|player|p2|dannybew|ingo|1212\n|teamsize|p1|6\n|teamsize|p2|6\n|gen|9\n|tier|[Gen 9] National Dex\n|rated|\n|rule|HP Percentage Mod: HP is shown in percentages\n|rule|Endless Battle Clause: Forcing endless battles is banned\n|rule|OHKO Clause: OHKO moves are banned\n|rule|Evasion Clause: Evasion abilities, items, and moves are banned\n|rule|Evasion Abilities Clause: Evasion abilities are banned\n|rule|Evasion Items Clause: Evasion items are banned\n|rule|Evasion Moves Clause: Evasion moves are banned\n|rule|Species Clause: Limit one of each Pok\u00e9mon\n|rule|Sleep Clause Mod: Limit one foe put to sleep\n|clearpoke\n|poke|p1|Cloyster, M|\n|poke|p1|Blastoise, M|\n|poke|p1|Shuckle, M|\n|poke|p1|Polteageist|\n|poke|p1|Barbaracle, M|\n|poke|p1|Gorebyss, F|\n|poke|p2|Iron Moth|\n|poke|p2|Hydreigon, F|\n|poke|p2|Clefable, M|\n|poke|p2|Alomomola, F|\n|poke|p2|Scizor, M|\n|poke|p2|Great Tusk|\n|teampreview\n|\n|t:|1700762662\n|start\n|switch|p1a: Gorebyss|Gorebyss, F|100\/100\n|switch|p2a: Great Tusk|Great Tusk|100\/100\n|turn|1\n|\n|t:|1700762674\n|-end|p2a: Great Tusk|Protosynthesis|[silent]\n|switch|p2a: Clefable|Clefable, M|100\/100\n|move|p1a: Gorebyss|Shell Smash|p1a: Gorebyss\n|-unboost|p1a: Gorebyss|def|1\n|-unboost|p1a: Gorebyss|spd|1\n|-boost|p1a: Gorebyss|atk|2\n|-boost|p1a: Gorebyss|spa|2\n|-boost|p1a: Gorebyss|spe|2\n|\n|upkeep\n|turn|2\n|\n|t:|1700762681\n|move|p1a: Gorebyss|Scald|p2a: Clefable\n|-damage|p2a: Clefable|37\/100\n|move|p2a: Clefable|Moonblast|p1a: Gorebyss\n|-damage|p1a: Gorebyss|22\/100\n|\n|-heal|p2a: Clefable|43\/100|[from] item: Leftovers\n|upkeep\n|turn|3\n|\n|t:|1700762693\n|move|p1a: Gorebyss|Scald|p2a: Clefable\n|-damage|p2a: Clefable|0 fnt\n|faint|p2a: Clefable\n|\n|upkeep\n|\n|t:|1700762695\n|switch|p2a: Scizor|Scizor, M|100\/100\n|turn|4\n|\n|t:|1700762712\n|switch|p1a: Barbaracle|Barbaracle, M|100\/100\n|detailschange|p2a: Scizor|Scizor-Mega, M\n|-mega|p2a: Scizor|Scizor|Scizorite\n|move|p2a: Scizor|Bullet Punch|p1a: Barbaracle\n|-damage|p1a: Barbaracle|68\/100\n|\n|upkeep\n|turn|5\n|\n|t:|1700762720\n|move|p1a: Barbaracle|Shell Smash|p1a: Barbaracle\n|-unboost|p1a: Barbaracle|def|1\n|-unboost|p1a: Barbaracle|spd|1\n|-boost|p1a: Barbaracle|atk|2\n|-boost|p1a: Barbaracle|spa|2\n|-boost|p1a: Barbaracle|spe|2\n|-enditem|p1a: Barbaracle|White Herb\n|-clearnegativeboost|p1a: Barbaracle|[silent]\n|move|p2a: Scizor|U-turn|p1a: Barbaracle\n|-damage|p1a: Barbaracle|32\/100\n|\n|t:|1700762734\n|switch|p2a: Alomomola|Alomomola, F|100\/100|[from] U-turn\n|\n|upkeep\n|turn|6\n|c|\u2606dannybew|Are these ALL shell smash pokemon\n|c|\u2606LeafStormHimNotMe|yes\n|c|\u2606LeafStormHimNotMe|LOL\n|\n|t:|1700762746\n|move|p1a: Barbaracle|Stone Edge|p2a: Alomomola|[miss]\n|-miss|p1a: Barbaracle|p2a: Alomomola\n|move|p2a: Alomomola|Scald|p1a: Barbaracle\n|-damage|p1a: Barbaracle|12\/100\n|-status|p1a: Barbaracle|brn\n|\n|-damage|p1a: Barbaracle|6\/100 brn|[from] brn\n|upkeep\n|turn|7\n|c|\u2606LeafStormHimNotMe|im making a video\n|c|\u2606LeafStormHimNotMe|A\n|c|\u2606dannybew|Ohh okay\n|c|\u2606dannybew|good luck with it\n|\n|t:|1700762764\n|move|p1a: Barbaracle|Brick Break|p2a: Alomomola\n|-damage|p2a: Alomomola|83\/100\n|-damage|p1a: Barbaracle|0 fnt|[from] item: Rocky Helmet|[of] p2a: Alomomola\n|faint|p1a: Barbaracle\n|move|p2a: Alomomola|Flip Turn|p1: Barbaracle|[notarget]\n|-fail|p2a: Alomomola\n|\n|upkeep\n|\n|t:|1700762778\n|switch|p1a: Shuckle|Shuckle, M|100\/100\n|turn|8\n|\n|t:|1700762783\n|move|p2a: Alomomola|Flip Turn|p1a: Shuckle\n|-supereffective|p1a: Shuckle\n|-damage|p1a: Shuckle|77\/100\n|\n|t:|1700762788\n|switch|p2a: Hydreigon|Hydreigon, F|100\/100|[from] Flip Turn\n|move|p1a: Shuckle|Toxic|p2a: Hydreigon\n|-status|p2a: Hydreigon|tox\n|\n|-damage|p2a: Hydreigon|94\/100 tox|[from] psn\n|upkeep\n|turn|9\n|\n|t:|1700762795\n|move|p2a: Hydreigon|Surf|p1a: Shuckle\n|-supereffective|p1a: Shuckle\n|-damage|p1a: Shuckle|38\/100\n|move|p1a: Shuckle|Shell Smash|p1a: Shuckle\n|-boost|p1a: Shuckle|def|1\n|-boost|p1a: Shuckle|spd|1\n|-unboost|p1a: Shuckle|atk|2\n|-unboost|p1a: Shuckle|spa|2\n|-unboost|p1a: Shuckle|spe|2\n|\n|-damage|p2a: Hydreigon|82\/100 tox|[from] psn\n|upkeep\n|turn|10\n|\n|t:|1700762800\n|move|p1a: Shuckle|Protect|p1a: Shuckle\n|-singleturn|p1a: Shuckle|Protect\n|move|p2a: Hydreigon|Surf|p1a: Shuckle\n|-activate|p1a: Shuckle|move: Protect\n|\n|-damage|p2a: Hydreigon|64\/100 tox|[from] psn\n|upkeep\n|turn|11\n|\n|t:|1700762805\n|move|p2a: Hydreigon|Surf|p1a: Shuckle\n|-supereffective|p1a: Shuckle\n|-damage|p1a: Shuckle|12\/100\n|move|p1a: Shuckle|Rest|p1a: Shuckle\n|-status|p1a: Shuckle|slp|[from] move: Rest\n|-heal|p1a: Shuckle|100\/100 slp|[silent]\n|-enditem|p1a: Shuckle|Chesto Berry|[eat]\n|-curestatus|p1a: Shuckle|slp|[msg]\n|\n|-damage|p2a: Hydreigon|39\/100 tox|[from] psn\n|upkeep\n|turn|12\n|\n|t:|1700762813\n|switch|p2a: Alomomola|Alomomola, F|100\/100\n|move|p1a: Shuckle|Protect||[still]\n|-fail|p1a: Shuckle\n|\n|upkeep\n|turn|13\n|\n|t:|1700762821\n|switch|p2a: Scizor|Scizor-Mega, M|100\/100\n|move|p1a: Shuckle|Toxic|p2a: Scizor\n|-immune|p2a: Scizor\n|\n|upkeep\n|turn|14\n|\n|t:|1700762825\n|move|p2a: Scizor|Knock Off|p1a: Shuckle\n|-damage|p1a: Shuckle|90\/100\n|move|p1a: Shuckle|Shell Smash|p1a: Shuckle\n|-boost|p1a: Shuckle|def|1\n|-boost|p1a: Shuckle|spd|1\n|-unboost|p1a: Shuckle|atk|2\n|-unboost|p1a: Shuckle|spa|2\n|-unboost|p1a: Shuckle|spe|2\n|\n|upkeep\n|turn|15\n|\n|t:|1700762833\n|move|p2a: Scizor|Bullet Punch|p1a: Shuckle\n|-supereffective|p1a: Shuckle\n|-damage|p1a: Shuckle|68\/100\n|move|p1a: Shuckle|Shell Smash|p1a: Shuckle\n|-boost|p1a: Shuckle|def|1\n|-boost|p1a: Shuckle|spd|1\n|-unboost|p1a: Shuckle|atk|2\n|-unboost|p1a: Shuckle|spa|2\n|-unboost|p1a: Shuckle|spe|2\n|\n|upkeep\n|turn|16\n|\n|t:|1700762837\n|move|p2a: Scizor|Bullet Punch|p1a: Shuckle\n|-supereffective|p1a: Shuckle\n|-damage|p1a: Shuckle|50\/100\n|move|p1a: Shuckle|Shell Smash|p1a: Shuckle\n|-boost|p1a: Shuckle|def|1\n|-boost|p1a: Shuckle|spd|1\n|-unboost|p1a: Shuckle|atk|0\n|-unboost|p1a: Shuckle|spa|0\n|-unboost|p1a: Shuckle|spe|0\n|\n|upkeep\n|turn|17\n|\n|t:|1700762839\n|move|p2a: Scizor|Bullet Punch|p1a: Shuckle\n|-supereffective|p1a: Shuckle\n|-damage|p1a: Shuckle|35\/100\n|move|p1a: Shuckle|Shell Smash|p1a: Shuckle\n|-boost|p1a: Shuckle|def|1\n|-boost|p1a: Shuckle|spd|1\n|-unboost|p1a: Shuckle|atk|0\n|-unboost|p1a: Shuckle|spa|0\n|-unboost|p1a: Shuckle|spe|0\n|\n|upkeep\n|turn|18\n|\n|t:|1700762842\n|move|p2a: Scizor|Bullet Punch|p1a: Shuckle\n|-supereffective|p1a: Shuckle\n|-damage|p1a: Shuckle|23\/100\n|move|p1a: Shuckle|Shell Smash|p1a: Shuckle\n|-boost|p1a: Shuckle|def|1\n|-boost|p1a: Shuckle|spd|1\n|-unboost|p1a: Shuckle|atk|0\n|-unboost|p1a: Shuckle|spa|0\n|-unboost|p1a: Shuckle|spe|0\n|\n|upkeep\n|turn|19\n|\n|t:|1700762845\n|move|p2a: Scizor|Bullet Punch|p1a: Shuckle\n|-supereffective|p1a: Shuckle\n|-damage|p1a: Shuckle|12\/100\n|move|p1a: Shuckle|Rest|p1a: Shuckle\n|-status|p1a: Shuckle|slp|[from] move: Rest\n|-heal|p1a: Shuckle|100\/100 slp|[silent]\n|\n|upkeep\n|turn|20\n|\n|t:|1700762850\n|cant|p1a: Shuckle|slp\n|move|p2a: Scizor|Bullet Punch|p1a: Shuckle\n|-supereffective|p1a: Shuckle\n|-damage|p1a: Shuckle|90\/100 slp\n|\n|upkeep\n|turn|21\n|\n|t:|1700762852\n|cant|p1a: Shuckle|slp\n|move|p2a: Scizor|Bullet Punch|p1a: Shuckle\n|-supereffective|p1a: Shuckle\n|-damage|p1a: Shuckle|79\/100 slp\n|\n|upkeep\n|turn|22\n|\n|t:|1700762855\n|move|p2a: Scizor|Bullet Punch|p1a: Shuckle\n|-supereffective|p1a: Shuckle\n|-damage|p1a: Shuckle|69\/100 slp\n|-curestatus|p1a: Shuckle|slp|[msg]\n|move|p1a: Shuckle|Toxic|p2a: Scizor\n|-immune|p2a: Scizor\n|\n|upkeep\n|turn|23\n|\n|t:|1700762864\n|move|p2a: Scizor|U-turn|p1a: Shuckle\n|-damage|p1a: Shuckle|63\/100\n|\n|t:|1700762867\n|switch|p2a: Great Tusk|Great Tusk|100\/100|[from] U-turn\n|move|p1a: Shuckle|Shell Smash|p1a: Shuckle\n|-boost|p1a: Shuckle|def|0\n|-boost|p1a: Shuckle|spd|0\n|-unboost|p1a: Shuckle|atk|0\n|-unboost|p1a: Shuckle|spa|0\n|-unboost|p1a: Shuckle|spe|0\n|\n|upkeep\n|turn|24\n|\n|t:|1700762871\n|-terastallize|p2a: Great Tusk|Steel\n|move|p2a: Great Tusk|Bulk Up|p2a: Great Tusk\n|-boost|p2a: Great Tusk|atk|1\n|-boost|p2a: Great Tusk|def|1\n|move|p1a: Shuckle|Toxic|p2a: Great Tusk\n|-immune|p2a: Great Tusk\n|\n|upkeep\n|turn|25\n|c|\u2606LeafStormHimNotMe|A\n|c|\u2606LeafStormHimNotMe|uh oh\n|\n|t:|1700762880\n|switch|p1a: Gorebyss|Gorebyss, F|22\/100\n|move|p2a: Great Tusk|Bulk Up|p2a: Great Tusk\n|-boost|p2a: Great Tusk|atk|1\n|-boost|p2a: Great Tusk|def|1\n|\n|upkeep\n|turn|26\n|\n|t:|1700762884\n|move|p2a: Great Tusk|Rapid Spin|p1a: Gorebyss\n|-damage|p1a: Gorebyss|0 fnt\n|-boost|p2a: Great Tusk|spe|1\n|faint|p1a: Gorebyss\n|\n|upkeep\n|\n|t:|1700762891\n|switch|p1a: Polteageist|Polteageist|100\/100\n|turn|27\n|\n|t:|1700762895\n|-terastallize|p1a: Polteageist|Fighting\n|move|p2a: Great Tusk|Earthquake|p1a: Polteageist\n|-enditem|p1a: Polteageist|Focus Sash\n|-damage|p1a: Polteageist|1\/100\n|-ability|p1a: Polteageist|Weak Armor|boost\n|-unboost|p1a: Polteageist|def|1\n|-boost|p1a: Polteageist|spe|2\n|move|p1a: Polteageist|Tera Blast|p2a: Great Tusk|[anim] Tera Blast Fighting\n|-supereffective|p2a: Great Tusk\n|-damage|p2a: Great Tusk|0 fnt\n|faint|p2a: Great Tusk\n|-end|p2a: Great Tusk|Protosynthesis|[silent]\n|\n|upkeep\n|\n|t:|1700762902\n|switch|p2a: Scizor|Scizor-Mega, M|100\/100\n|turn|28\n|c|\u2606dannybew|uh oh\n|\n|t:|1700762910\n|move|p2a: Scizor|Bullet Punch|p1a: Polteageist\n|-damage|p1a: Polteageist|0 fnt\n|faint|p1a: Polteageist\n|\n|upkeep\n|\n|t:|1700762913\n|switch|p1a: Blastoise|Blastoise, M|100\/100\n|turn|29\n|\n|t:|1700762920\n|move|p1a: Blastoise|Liquidation|p2a: Scizor\n|-damage|p2a: Scizor|78\/100\n|move|p2a: Scizor|Knock Off|p1a: Blastoise\n|-crit|p1a: Blastoise\n|-damage|p1a: Blastoise|47\/100\n|-enditem|p1a: Blastoise|Focus Sash|[from] move: Knock Off|[of] p2a: Scizor\n|\n|upkeep\n|turn|30\n|c|\u2606LeafStormHimNotMe|:(\n|c|\u2606LeafStormHimNotMe|crit\n|\n|t:|1700762931\n|move|p1a: Blastoise|Liquidation|p2a: Scizor\n|-damage|p2a: Scizor|56\/100\n|move|p2a: Scizor|U-turn|p1a: Blastoise\n|-damage|p1a: Blastoise|10\/100\n|\n|t:|1700762937\n|switch|p2a: Hydreigon|Hydreigon, F|39\/100 tox|[from] U-turn\n|\n|-damage|p2a: Hydreigon|33\/100 tox|[from] psn\n|upkeep\n|turn|31\n|\n|t:|1700762940\n|move|p2a: Hydreigon|Dark Pulse|p1a: Blastoise\n|-crit|p1a: Blastoise\n|-damage|p1a: Blastoise|0 fnt\n|faint|p1a: Blastoise\n|\n|-damage|p2a: Hydreigon|20\/100 tox|[from] psn\n|upkeep\n|\n|t:|1700762948\n|switch|p1a: Cloyster|Cloyster, M|100\/100\n|turn|32\n|c|\u2606dannybew|another crit lol\n|\n|t:|1700762953\n|switch|p1a: Shuckle|Shuckle, M|63\/100\n|move|p2a: Hydreigon|Dark Pulse|p1a: Shuckle\n|-damage|p1a: Shuckle|33\/100\n|\n|-damage|p2a: Hydreigon|2\/100 tox|[from] psn\n|upkeep\n|turn|33\n|\n|t:|1700762961\n|switch|p2a: Scizor|Scizor-Mega, M|56\/100\n|move|p1a: Shuckle|Protect||[still]\n|-fail|p1a: Shuckle\n|\n|upkeep\n|turn|34\n|\n|t:|1700762963\n|move|p2a: Scizor|Roost|p2a: Scizor\n|-heal|p2a: Scizor|100\/100\n|-singleturn|p2a: Scizor|move: Roost\n|move|p1a: Shuckle|Rest|p1a: Shuckle\n|-status|p1a: Shuckle|slp|[from] move: Rest\n|-heal|p1a: Shuckle|100\/100 slp|[silent]\n|\n|upkeep\n|turn|35\n|c|\u2606LeafStormHimNotMe|i think tia sgg\n|c|\u2606LeafStormHimNotMe|priority just\n|c|\u2606LeafStormHimNotMe|murders me\n|\n|t:|1700762978\n|switch|p1a: Cloyster|Cloyster, M|100\/100\n|move|p2a: Scizor|Bullet Punch|p1a: Cloyster\n|-damage|p1a: Cloyster|76\/100\n|\n|upkeep\n|turn|36\n|\n|t:|1700762985\n|move|p1a: Cloyster|Rock Blast|p2a: Scizor\n|-damage|p2a: Scizor|96\/100\n|-damage|p2a: Scizor|92\/100\n|-damage|p2a: Scizor|87\/100\n|-crit|p2a: Scizor\n|-damage|p2a: Scizor|80\/100\n|-damage|p2a: Scizor|75\/100\n|-hitcount|p2a: Scizor|5\n|move|p2a: Scizor|U-turn|p1a: Cloyster\n|-damage|p1a: Cloyster|45\/100\n|\n|t:|1700762991\n|switch|p2a: Iron Moth|Iron Moth|100\/100|[from] U-turn\n|\n|upkeep\n|turn|37\n|\n|t:|1700762995\n|move|p2a: Iron Moth|Energy Ball|p1a: Cloyster\n|-supereffective|p1a: Cloyster\n|-damage|p1a: Cloyster|0 fnt\n|faint|p1a: Cloyster\n|\n|upkeep\n|-message|LeafStormHimNotMe forfeited.\n|\n|win|dannybew\n|raw|LeafStormHimNotMe's rating: 1161 &rarr; <strong>1140<\/strong><br \/>(-21 for losing)\n|raw|dannybew's rating: 1212 &rarr; <strong>1233<\/strong><br \/>(+21 for winning)\n|l|\u2606LeafStormHimNotMe\n|c|\u2606dannybew|gg\n","uploadtime":1700763009,"views":9,"p1id":"leafstormhimnotme","p2id":"dannybew","formatid":"gen9nationaldex","rating":1140,"private":0,"password":""}