{"id":"gen9nationaldex-2000302369","p1":"wopowopo","p2":"Saftig auf SD","format":"[Gen 9] National Dex","log":"|html|<div class=\"broadcast-blue\"><strong>[Gen 9] National Dex is currently suspecting Sneasler! For information on how to participate check out the <a href=\"https:\/\/www.smogon.com\/forums\/threads\/sv-national-dex-suspect-8-just-dance.3731534\/\">suspect thread<\/a>.<\/strong><\/div>\n|j|\u2606wopowopo\n|j|\u2606Saftig auf SD\n|t:|1701182989\n|gametype|singles\n|player|p1|wopowopo|101|1466\n|player|p2|Saftig auf SD|brycen|1368\n|teamsize|p1|6\n|teamsize|p2|6\n|gen|9\n|tier|[Gen 9] National Dex\n|rated|\n|rule|HP Percentage Mod: HP is shown in percentages\n|rule|Endless Battle Clause: Forcing endless battles is banned\n|rule|OHKO Clause: OHKO moves are banned\n|rule|Evasion Clause: Evasion abilities, items, and moves are banned\n|rule|Evasion Abilities Clause: Evasion abilities are banned\n|rule|Evasion Items Clause: Evasion items are banned\n|rule|Evasion Moves Clause: Evasion moves are banned\n|rule|Species Clause: Limit one of each Pok\u00e9mon\n|rule|Sleep Clause Mod: Limit one foe put to sleep\n|clearpoke\n|poke|p1|Zamazenta-*|\n|poke|p1|Garganacl, M|\n|poke|p1|Tapu Lele|\n|poke|p1|Ribombee, M|\n|poke|p1|Magikarp, M|\n|poke|p1|Pelipper, M|\n|poke|p2|Ting-Lu|\n|poke|p2|Sableye, F|\n|poke|p2|Victini|\n|poke|p2|Toxapex, F|\n|poke|p2|Gliscor, F|\n|poke|p2|Enamorus, F|\n|teampreview\n|inactive|Battle timer is ON: inactive players will automatically lose when time's up. (requested by Saftig auf SD)\n|inactive|wopowopo also wants the timer to be on.\n|\n|t:|1701183002\n|start\n|switch|p1a: \u866b\u7f51\u5de5\u5177\u4eba|Ribombee, M|100\/100\n|switch|p2a: Sableye|Sableye, F|100\/100\n|turn|1\n|\n|t:|1701183017\n|detailschange|p2a: Sableye|Sableye-Mega, F\n|-mega|p2a: Sableye|Sableye|Sablenite\n|move|p1a: \u866b\u7f51\u5de5\u5177\u4eba|Sticky Web|p2a: Sableye\n|move|p2a: Sableye|Sticky Web|p1a: \u866b\u7f51\u5de5\u5177\u4eba|[from]ability: Magic Bounce\n|-sidestart|p1: wopowopo|move: Sticky Web\n|move|p2a: Sableye|Toxic|p1a: \u866b\u7f51\u5de5\u5177\u4eba\n|-status|p1a: \u866b\u7f51\u5de5\u5177\u4eba|tox\n|\n|-damage|p1a: \u866b\u7f51\u5de5\u5177\u4eba|94\/100 tox|[from] psn\n|upkeep\n|turn|2\n|\n|t:|1701183027\n|switch|p2a: Toxapex|Toxapex, F|100\/100\n|move|p1a: \u866b\u7f51\u5de5\u5177\u4eba|Moonblast|p2a: Toxapex\n|-resisted|p2a: Toxapex\n|-damage|p2a: Toxapex|88\/100\n|\n|-heal|p2a: Toxapex|94\/100|[from] item: Black Sludge\n|-damage|p1a: \u866b\u7f51\u5de5\u5177\u4eba|82\/100 tox|[from] psn\n|upkeep\n|turn|3\n|\n|t:|1701183031\n|switch|p2a: Sableye|Sableye-Mega, F|100\/100\n|move|p1a: \u866b\u7f51\u5de5\u5177\u4eba|Moonblast|p2a: Sableye\n|-supereffective|p2a: Sableye\n|-damage|p2a: Sableye|39\/100\n|\n|-damage|p1a: \u866b\u7f51\u5de5\u5177\u4eba|64\/100 tox|[from] psn\n|upkeep\n|turn|4\n|\n|t:|1701183040\n|switch|p2a: Toxapex|Toxapex, F|100\/100\n|move|p1a: \u866b\u7f51\u5de5\u5177\u4eba|Sticky Web|p2a: Toxapex\n|-sidestart|p2: Saftig auf SD|move: Sticky Web\n|\n|-damage|p1a: \u866b\u7f51\u5de5\u5177\u4eba|39\/100 tox|[from] psn\n|upkeep\n|turn|5\n|\n|t:|1701183049\n|move|p2a: Toxapex|Baneful Bunker|p2a: Toxapex\n|-singleturn|p2a: Toxapex|move: Protect\n|move|p1a: \u866b\u7f51\u5de5\u5177\u4eba|Bug Buzz|p2a: Toxapex\n|-activate|p2a: Toxapex|move: Protect\n|\n|-damage|p1a: \u866b\u7f51\u5de5\u5177\u4eba|9\/100 tox|[from] psn\n|upkeep\n|turn|6\n|\n|t:|1701183052\n|switch|p2a: Sableye|Sableye-Mega, F|39\/100\n|-activate|p2a: Sableye|move: Sticky Web\n|-unboost|p2a: Sableye|spe|1\n|move|p1a: \u866b\u7f51\u5de5\u5177\u4eba|Bug Buzz|p2a: Sableye\n|-damage|p2a: Sableye|13\/100\n|\n|-damage|p1a: \u866b\u7f51\u5de5\u5177\u4eba|0 fnt|[from] psn\n|faint|p1a: \u866b\u7f51\u5de5\u5177\u4eba\n|upkeep\n|\n|t:|1701183058\n|switch|p1a: \u96e8\u5929\u5de5\u5177\u4eba|Pelipper, M|100\/100\n|-weather|RainDance|[from] ability: Drizzle|[of] p1a: \u96e8\u5929\u5de5\u5177\u4eba\n|turn|7\n|\n|t:|1701183061\n|move|p1a: \u96e8\u5929\u5de5\u5177\u4eba|Brine|p2a: Sableye\n|-damage|p2a: Sableye|0 fnt\n|faint|p2a: Sableye\n|\n|-weather|RainDance|[upkeep]\n|upkeep\n|\n|t:|1701183066\n|switch|p2a: Toxapex|Toxapex, F|100\/100\n|-activate|p2a: Toxapex|move: Sticky Web\n|-unboost|p2a: Toxapex|spe|1\n|turn|8\n|\n|t:|1701183071\n|switch|p1a: \u5927\u51f6\u6b8b|Magikarp, M|100\/100\n|-activate|p1a: \u5927\u51f6\u6b8b|move: Sticky Web\n|-unboost|p1a: \u5927\u51f6\u6b8b|spe|1\n|move|p2a: Toxapex|Toxic|p1a: \u5927\u51f6\u6b8b\n|-status|p1a: \u5927\u51f6\u6b8b|tox\n|\n|-weather|RainDance|[upkeep]\n|-damage|p1a: \u5927\u51f6\u6b8b|94\/100 tox|[from] psn\n|upkeep\n|turn|9\n|\n|t:|1701183076\n|move|p2a: Toxapex|Baneful Bunker|p2a: Toxapex\n|-singleturn|p2a: Toxapex|move: Protect\n|move|p1a: \u5927\u51f6\u6b8b|Splash|p1a: \u5927\u51f6\u6b8b\n|-nothing\n|\n|-weather|RainDance|[upkeep]\n|-damage|p1a: \u5927\u51f6\u6b8b|82\/100 tox|[from] psn\n|upkeep\n|turn|10\n|\n|t:|1701183081\n|switch|p2a: Ting-Lu|Ting-Lu|100\/100\n|-activate|p2a: Ting-Lu|move: Sticky Web\n|-unboost|p2a: Ting-Lu|spe|1\n|-ability|p2a: Ting-Lu|Vessel of Ruin\n|-zpower|p1a: \u5927\u51f6\u6b8b\n|move|p1a: \u5927\u51f6\u6b8b|Hydro Vortex|p2a: Ting-Lu|[zeffect]\n|-supereffective|p2a: Ting-Lu\n|-damage|p2a: Ting-Lu|25\/100\n|\n|-weather|RainDance|[upkeep]\n|-heal|p2a: Ting-Lu|31\/100|[from] item: Leftovers\n|-damage|p1a: \u5927\u51f6\u6b8b|64\/100 tox|[from] psn\n|upkeep\n|turn|11\n|\n|t:|1701183095\n|move|p1a: \u5927\u51f6\u6b8b|Hydro Pump|p2a: Ting-Lu\n|-supereffective|p2a: Ting-Lu\n|-damage|p2a: Ting-Lu|0 fnt\n|faint|p2a: Ting-Lu\n|\n|-weather|none\n|-damage|p1a: \u5927\u51f6\u6b8b|40\/100 tox|[from] psn\n|upkeep\n|\n|t:|1701183119\n|switch|p2a: Gliscor|Gliscor, F|100\/100\n|turn|12\n|\n|t:|1701183122\n|move|p2a: Gliscor|Earthquake|p1a: \u5927\u51f6\u6b8b\n|-damage|p1a: \u5927\u51f6\u6b8b|0 fnt\n|faint|p1a: \u5927\u51f6\u6b8b\n|\n|-status|p2a: Gliscor|tox|[from] item: Toxic Orb\n|upkeep\n|\n|t:|1701183127\n|switch|p1a: \u96e8\u5929\u5de5\u5177\u4eba|Pelipper, M|100\/100\n|-weather|RainDance|[from] ability: Drizzle|[of] p1a: \u96e8\u5929\u5de5\u5177\u4eba\n|turn|13\n|\n|t:|1701183135\n|move|p1a: \u96e8\u5929\u5de5\u5177\u4eba|Weather Ball|p2a: Gliscor\n|-supereffective|p2a: Gliscor\n|-damage|p2a: Gliscor|0 fnt\n|faint|p2a: Gliscor\n|\n|-weather|RainDance|[upkeep]\n|upkeep\n|\n|t:|1701183139\n|switch|p2a: Toxapex|Toxapex, F|100\/100\n|-activate|p2a: Toxapex|move: Sticky Web\n|-unboost|p2a: Toxapex|spe|1\n|turn|14\n|\n|t:|1701183142\n|switch|p1a: \u6bcd\u7231\u7ba1\u4e8b|Tapu Lele|100\/100\n|-activate|p1a: \u6bcd\u7231\u7ba1\u4e8b|move: Sticky Web\n|-unboost|p1a: \u6bcd\u7231\u7ba1\u4e8b|spe|1\n|-fieldstart|move: Psychic Terrain|[from] ability: Psychic Surge|[of] p1a: \u6bcd\u7231\u7ba1\u4e8b\n|move|p2a: Toxapex|Scald|p1a: \u6bcd\u7231\u7ba1\u4e8b\n|-damage|p1a: \u6bcd\u7231\u7ba1\u4e8b|72\/100\n|\n|-weather|RainDance|[upkeep]\n|upkeep\n|turn|15\n|\n|t:|1701183146\n|-terastallize|p1a: \u6bcd\u7231\u7ba1\u4e8b|Psychic\n|move|p2a: Toxapex|Baneful Bunker|p2a: Toxapex\n|-singleturn|p2a: Toxapex|move: Protect\n|move|p1a: \u6bcd\u7231\u7ba1\u4e8b|Psychic|p2a: Toxapex\n|-activate|p2a: Toxapex|move: Protect\n|\n|-weather|RainDance|[upkeep]\n|upkeep\n|turn|16\n|\n|t:|1701183152\n|switch|p2a: Victini|Victini|100\/100\n|-activate|p2a: Victini|move: Sticky Web\n|-unboost|p2a: Victini|spe|1\n|move|p1a: \u6bcd\u7231\u7ba1\u4e8b|Psychic|p2a: Victini\n|-resisted|p2a: Victini\n|-damage|p2a: Victini|29\/100\n|\n|-weather|RainDance|[upkeep]\n|upkeep\n|turn|17\n|\n|t:|1701183159\n|switch|p1a: \u96e8\u5929\u5de5\u5177\u4eba|Pelipper, M|100\/100\n|move|p2a: Victini|V-create|p1a: \u96e8\u5929\u5de5\u5177\u4eba\n|-resisted|p1a: \u96e8\u5929\u5de5\u5177\u4eba\n|-damage|p1a: \u96e8\u5929\u5de5\u5177\u4eba|59\/100\n|-unboost|p2a: Victini|spe|1\n|-unboost|p2a: Victini|def|1\n|-unboost|p2a: Victini|spd|1\n|\n|-weather|none\n|upkeep\n|turn|18\n|\n|t:|1701183166\n|switch|p2a: Toxapex|Toxapex, F|100\/100\n|-activate|p2a: Toxapex|move: Sticky Web\n|-unboost|p2a: Toxapex|spe|1\n|move|p1a: \u96e8\u5929\u5de5\u5177\u4eba|U-turn|p2a: Toxapex\n|-resisted|p2a: Toxapex\n|-damage|p2a: Toxapex|97\/100\n|\n|t:|1701183168\n|switch|p1a: \u6bcd\u7231\u7ba1\u4e8b|Tapu Lele, tera:Psychic|72\/100|[from] U-turn\n|-activate|p1a: \u6bcd\u7231\u7ba1\u4e8b|move: Sticky Web\n|-unboost|p1a: \u6bcd\u7231\u7ba1\u4e8b|spe|1\n|\n|-heal|p2a: Toxapex|100\/100|[from] item: Black Sludge\n|-fieldend|move: Psychic Terrain\n|upkeep\n|turn|19\n|\n|t:|1701183172\n|move|p2a: Toxapex|Baneful Bunker|p2a: Toxapex\n|-singleturn|p2a: Toxapex|move: Protect\n|move|p1a: \u6bcd\u7231\u7ba1\u4e8b|Psychic|p2a: Toxapex\n|-activate|p2a: Toxapex|move: Protect\n|\n|upkeep\n|turn|20\n|\n|t:|1701183176\n|move|p1a: \u6bcd\u7231\u7ba1\u4e8b|Psychic|p2a: Toxapex\n|-supereffective|p2a: Toxapex\n|-damage|p2a: Toxapex|0 fnt\n|faint|p2a: Toxapex\n|\n|upkeep\n|\n|t:|1701183178\n|switch|p2a: Enamorus|Enamorus, F|100\/100\n|turn|21\n|\n|t:|1701183186\n|move|p2a: Enamorus|Moonblast|p1a: \u6bcd\u7231\u7ba1\u4e8b\n|-damage|p1a: \u6bcd\u7231\u7ba1\u4e8b|0 fnt\n|faint|p1a: \u6bcd\u7231\u7ba1\u4e8b\n|\n|upkeep\n|\n|t:|1701183191\n|switch|p1a: \u94c1\u58c1\u5657\u53fd2|Garganacl, M|100\/100\n|-activate|p1a: \u94c1\u58c1\u5657\u53fd2|move: Sticky Web\n|-unboost|p1a: \u94c1\u58c1\u5657\u53fd2|spe|1\n|turn|22\n|\n|t:|1701183198\n|move|p2a: Enamorus|Moonblast|p1a: \u94c1\u58c1\u5657\u53fd2\n|-damage|p1a: \u94c1\u58c1\u5657\u53fd2|42\/100\n|move|p1a: \u94c1\u58c1\u5657\u53fd2|Salt Cure|p2a: Enamorus\n|-supereffective|p2a: Enamorus\n|-damage|p2a: Enamorus|56\/100\n|-start|p2a: Enamorus|Salt Cure\n|\n|-heal|p1a: \u94c1\u58c1\u5657\u53fd2|48\/100|[from] item: Leftovers\n|-damage|p2a: Enamorus|44\/100|[from] Salt Cure\n|upkeep\n|turn|23\n|\n|t:|1701183220\n|move|p2a: Enamorus|Moonblast|p1a: \u94c1\u58c1\u5657\u53fd2\n|-damage|p1a: \u94c1\u58c1\u5657\u53fd2|0 fnt\n|faint|p1a: \u94c1\u58c1\u5657\u53fd2\n|\n|-damage|p2a: Enamorus|31\/100|[from] Salt Cure\n|upkeep\n|\n|t:|1701183224\n|switch|p1a: \u96e8\u5929\u5de5\u5177\u4eba|Pelipper, M|59\/100\n|-weather|RainDance|[from] ability: Drizzle|[of] p1a: \u96e8\u5929\u5de5\u5177\u4eba\n|turn|24\n|\n|t:|1701183231\n|switch|p2a: Victini|Victini|29\/100\n|-activate|p2a: Victini|move: Sticky Web\n|-unboost|p2a: Victini|spe|1\n|move|p1a: \u96e8\u5929\u5de5\u5177\u4eba|Brine|p2a: Victini\n|-supereffective|p2a: Victini\n|-damage|p2a: Victini|0 fnt\n|faint|p2a: Victini\n|\n|-weather|RainDance|[upkeep]\n|upkeep\n|\n|t:|1701183233\n|switch|p2a: Enamorus|Enamorus, F|31\/100\n|turn|25\n|\n|t:|1701183235\n|-terastallize|p2a: Enamorus|Ground\n|move|p1a: \u96e8\u5929\u5de5\u5177\u4eba|Brine|p2a: Enamorus\n|-supereffective|p2a: Enamorus\n|-damage|p2a: Enamorus|0 fnt\n|faint|p2a: Enamorus\n|\n|win|wopowopo\n|raw|wopowopo's rating: 1466 &rarr; <strong>1481<\/strong><br \/>(+15 for winning)\n|raw|Saftig auf SD's rating: 1368 &rarr; <strong>1353<\/strong><br \/>(-15 for losing)\n|l|\u2606Saftig auf SD\n","uploadtime":1701183242,"views":8,"p1id":"wopowopo","p2id":"saftigaufsd","formatid":"gen9nationaldex","rating":1353,"private":0,"password":""}