{"id":"gen9nationaldex-1987193672","p1":"captainpuff123","p2":"kunnari1000","format":"[Gen 9] National Dex","log":"|j|\u2606captainpuff123\n|j|\u2606kunnari1000\n|t:|1699564045\n|gametype|singles\n|player|p1|captainpuff123|265|1119\n|player|p2|kunnari1000|1|1205\n|teamsize|p1|6\n|teamsize|p2|6\n|gen|9\n|tier|[Gen 9] National Dex\n|rated|\n|rule|HP Percentage Mod: HP is shown in percentages\n|rule|Endless Battle Clause: Forcing endless battles is banned\n|rule|OHKO Clause: OHKO moves are banned\n|rule|Evasion Clause: Evasion abilities, items, and moves are banned\n|rule|Evasion Abilities Clause: Evasion abilities are banned\n|rule|Evasion Items Clause: Evasion items are banned\n|rule|Evasion Moves Clause: Evasion moves are banned\n|rule|Species Clause: Limit one of each Pok\u00e9mon\n|rule|Sleep Clause Mod: Limit one foe put to sleep\n|clearpoke\n|poke|p1|Ferrothorn, M|\n|poke|p1|Urshifu-*, F|\n|poke|p1|Iron Hands|\n|poke|p1|Landorus-Therian, M|\n|poke|p1|Garchomp, F|\n|poke|p1|Rillaboom, F|\n|poke|p2|Samurott-Hisui, M|\n|poke|p2|Clawitzer, F|\n|poke|p2|Inteleon, M|\n|poke|p2|Slowbro-Galar, M|\n|poke|p2|Blastoise, M|\n|poke|p2|Gyarados, M|\n|teampreview\n|inactive|Battle timer is ON: inactive players will automatically lose when time's up. (requested by kunnari1000)\n|inactive|captainpuff123 also wants the timer to be on.\n|\n|t:|1699564057\n|start\n|switch|p1a: Dk|Rillaboom, F|100\/100\n|switch|p2a: Slowbro|Slowbro-Galar, M|100\/100\n|-fieldstart|move: Grassy Terrain|[from] ability: Grassy Surge|[of] p1a: Dk\n|turn|1\n|c|\u2606captainpuff123|I think you got kind of hard countered\n|c|\u2606captainpuff123|Oh there\u2019s one on water\n|c|\u2606captainpuff123|Non\n|inactive|captainpuff123 has 120 seconds left.\n|-activate|p2a: Slowbro|ability: Quick Draw\n|\n|t:|1699564094\n|move|p2a: Slowbro|Fire Blast|p1a: Dk\n|-supereffective|p1a: Dk\n|-damage|p1a: Dk|22\/100\n|move|p1a: Dk|Swords Dance|p1a: Dk\n|-boost|p1a: Dk|atk|2\n|\n|-heal|p1a: Dk|28\/100|[from] Grassy Terrain\n|-heal|p1a: Dk|34\/100|[from] item: Leftovers\n|upkeep\n|turn|2\n|inactive|captainpuff123 has 120 seconds left.\n|\n|t:|1699564106\n|move|p1a: Dk|Knock Off|p2a: Slowbro\n|-supereffective|p2a: Slowbro\n|-damage|p2a: Slowbro|20\/100\n|move|p2a: Slowbro|Shell Side Arm|p1a: Dk|[anim] Shell Side Arm Special\n|-supereffective|p1a: Dk\n|-damage|p1a: Dk|0 fnt\n|-hint|Special Shell Side Arm\n|faint|p1a: Dk\n|\n|-heal|p2a: Slowbro|26\/100|[from] Grassy Terrain\n|upkeep\n|inactive|captainpuff123 has 120 seconds left.\n|\n|t:|1699564120\n|switch|p1a: RU next gen|Landorus-Therian, M|100\/100\n|-ability|p1a: RU next gen|Intimidate|boost\n|-unboost|p2a: Slowbro|atk|1\n|turn|3\n|c|\u2606kunnari1000|Slowbro is water\n|\n|t:|1699564129\n|detailschange|p2a: Slowbro|Slowbro-Mega, M\n|-mega|p2a: Slowbro|Slowbro|Slowbronite\n|move|p1a: RU next gen|U-turn|p2a: Slowbro\n|-supereffective|p2a: Slowbro\n|-damage|p2a: Slowbro|2\/100\n|inactive|captainpuff123 has 120 seconds left.\n|\n|t:|1699564140\n|switch|p1a: Mr UU|Garchomp, F|100\/100|[from] U-turn\n|move|p2a: Slowbro|Psyshock|p1a: Mr UU\n|-damage|p1a: Mr UU|56\/100\n|\n|-heal|p1a: Mr UU|62\/100|[from] Grassy Terrain\n|-heal|p2a: Slowbro|8\/100|[from] Grassy Terrain\n|upkeep\n|turn|4\n|inactive|captainpuff123 has 120 seconds left.\n|\n|t:|1699564153\n|move|p1a: Mr UU|Earthquake|p2a: Slowbro\n|-damage|p2a: Slowbro|0 fnt\n|faint|p2a: Slowbro\n|\n|-heal|p1a: Mr UU|68\/100|[from] Grassy Terrain\n|upkeep\n|\n|t:|1699564179\n|switch|p2a: Inteleon|Inteleon, M|100\/100\n|turn|5\n|c|\u2606captainpuff123|You made him water\n|inactive|captainpuff123 has 120 seconds left.\n|\n|t:|1699564195\n|move|p2a: Inteleon|Snipe Shot|p1a: Mr UU\n|-crit|p1a: Mr UU\n|-damage|p1a: Mr UU|0 fnt\n|faint|p1a: Mr UU\n|\n|-fieldend|move: Grassy Terrain\n|upkeep\n|inactive|captainpuff123 has 120 seconds left.\n|\n|t:|1699564203\n|switch|p1a: Mr homophobia|Ferrothorn, M|100\/100\n|turn|6\n|\n|t:|1699564208\n|move|p2a: Inteleon|Snipe Shot|p1a: Mr homophobia\n|-resisted|p1a: Mr homophobia\n|-crit|p1a: Mr homophobia\n|-damage|p1a: Mr homophobia|59\/100\n|move|p1a: Mr homophobia|Leech Seed|p2a: Inteleon\n|-start|p2a: Inteleon|move: Leech Seed\n|\n|-heal|p1a: Mr homophobia|66\/100|[from] item: Leftovers\n|-damage|p2a: Inteleon|88\/100|[from] Leech Seed|[of] p1a: Mr homophobia\n|-heal|p1a: Mr homophobia|75\/100|[silent]\n|upkeep\n|turn|7\n|c|\u2606captainpuff123|Time to get gay with it\n|inactive|kunnari1000 has 120 seconds left.\n|\n|t:|1699564243\n|switch|p2a: Clawitzer|Clawitzer, F|100\/100\n|move|p1a: Mr homophobia|Curse|p1a: Mr homophobia\n|-unboost|p1a: Mr homophobia|spe|1\n|-boost|p1a: Mr homophobia|atk|1\n|-boost|p1a: Mr homophobia|def|1\n|\n|-heal|p1a: Mr homophobia|82\/100|[from] item: Leftovers\n|upkeep\n|turn|8\n|inactive|kunnari1000 has 120 seconds left.\n|\n|t:|1699564252\n|-terastallize|p1a: Mr homophobia|Water\n|move|p2a: Clawitzer|Aura Sphere|p1a: Mr homophobia\n|-damage|p1a: Mr homophobia|46\/100\n|move|p1a: Mr homophobia|Gyro Ball|p2a: Clawitzer\n|-resisted|p2a: Clawitzer\n|-damage|p2a: Clawitzer|58\/100\n|\n|-heal|p1a: Mr homophobia|52\/100|[from] item: Leftovers\n|upkeep\n|turn|9\n|c|\u2606kunnari1000|Damn gayyy\n|inactive|kunnari1000 has 120 seconds left.\n|\n|t:|1699564264\n|move|p2a: Clawitzer|Hidden Power|p1a: Mr homophobia\n|-supereffective|p1a: Mr homophobia\n|-damage|p1a: Mr homophobia|18\/100\n|move|p1a: Mr homophobia|Power Whip|p2a: Clawitzer|[miss]\n|-miss|p1a: Mr homophobia|p2a: Clawitzer\n|\n|-heal|p1a: Mr homophobia|24\/100|[from] item: Leftovers\n|upkeep\n|turn|10\n|\n|t:|1699564272\n|move|p2a: Clawitzer|Hidden Power|p1a: Mr homophobia\n|-supereffective|p1a: Mr homophobia\n|-damage|p1a: Mr homophobia|0 fnt\n|faint|p1a: Mr homophobia\n|\n|upkeep\n|\n|t:|1699564276\n|switch|p1a: Ragnar|Urshifu-Rapid-Strike, F|100\/100\n|turn|11\n|\n|t:|1699564289\n|move|p1a: Ragnar|Close Combat|p2a: Clawitzer\n|-damage|p2a: Clawitzer|0 fnt\n|-unboost|p1a: Ragnar|def|1\n|-unboost|p1a: Ragnar|spd|1\n|faint|p2a: Clawitzer\n|\n|upkeep\n|\n|t:|1699564299\n|switch|p2a: Gyarados|Gyarados, M|100\/100\n|-ability|p2a: Gyarados|Intimidate|boost\n|-unboost|p1a: Ragnar|atk|1\n|turn|12\n|\n|t:|1699564304\n|switch|p1a: RU next gen|Landorus-Therian, M|100\/100\n|-ability|p1a: RU next gen|Intimidate|boost\n|-unboost|p2a: Gyarados|atk|1\n|move|p2a: Gyarados|Dragon Dance|p2a: Gyarados\n|-boost|p2a: Gyarados|atk|1\n|-boost|p2a: Gyarados|spe|1\n|\n|upkeep\n|turn|13\n|\n|t:|1699564315\n|move|p2a: Gyarados|Dragon Dance|p2a: Gyarados\n|-boost|p2a: Gyarados|atk|1\n|-boost|p2a: Gyarados|spe|1\n|move|p1a: RU next gen|Toxic|p2a: Gyarados\n|-status|p2a: Gyarados|tox\n|\n|-damage|p2a: Gyarados|94\/100 tox|[from] psn\n|upkeep\n|turn|14\n|\n|t:|1699564323\n|move|p2a: Gyarados|Waterfall|p1a: RU next gen\n|-supereffective|p1a: RU next gen\n|-damage|p1a: RU next gen|0 fnt\n|-damage|p2a: Gyarados|78\/100 tox|[from] item: Rocky Helmet|[of] p1a: RU next gen\n|faint|p1a: RU next gen\n|\n|-damage|p2a: Gyarados|66\/100 tox|[from] psn\n|upkeep\n|\n|t:|1699564328\n|switch|p1a: Ragnar|Urshifu-Rapid-Strike, F|100\/100\n|turn|15\n|\n|t:|1699564349\n|move|p2a: Gyarados|Power Whip|p1a: Ragnar\n|-supereffective|p1a: Ragnar\n|-damage|p1a: Ragnar|0 fnt\n|faint|p1a: Ragnar\n|\n|-damage|p2a: Gyarados|48\/100 tox|[from] psn\n|upkeep\n|\n|t:|1699564353\n|switch|p1a: Mr handy|Iron Hands|100\/100\n|-enditem|p1a: Mr handy|Booster Energy\n|-activate|p1a: Mr handy|ability: Quark Drive|[fromitem]\n|-start|p1a: Mr handy|quarkdriveatk\n|turn|16\n|\n|t:|1699564359\n|move|p2a: Gyarados|Earthquake|p1a: Mr handy\n|-supereffective|p1a: Mr handy\n|-damage|p1a: Mr handy|16\/100\n|move|p1a: Mr handy|Thunder Punch|p2a: Gyarados\n|-supereffective|p2a: Gyarados\n|-damage|p2a: Gyarados|0 fnt\n|faint|p2a: Gyarados\n|\n|upkeep\n|\n|t:|1699564368\n|switch|p2a: Inteleon|Inteleon, M|88\/100\n|turn|17\n|\n|t:|1699564372\n|move|p2a: Inteleon|Snipe Shot|p1a: Mr handy\n|-crit|p1a: Mr handy\n|-damage|p1a: Mr handy|0 fnt\n|faint|p1a: Mr handy\n|-end|p1a: Mr handy|Quark Drive|[silent]\n|\n|win|kunnari1000\n|raw|captainpuff123's rating: 1119 &rarr; <strong>1100<\/strong><br \/>(-19 for losing)\n|raw|kunnari1000's rating: 1205 &rarr; <strong>1224<\/strong><br \/>(+19 for winning)\n","uploadtime":1699564260,"views":4,"p1id":"captainpuff123","p2id":"kunnari1000","formatid":"gen9nationaldex","rating":1100,"private":0,"password":""}