{"id":"gen9nationaldex-2000036165","p1":"FuniPlagueMan","p2":"BossTheStar","format":"[Gen 9] National Dex","log":"|html|<div class=\"broadcast-blue\"><strong>[Gen 9] National Dex is currently suspecting Sneasler! For information on how to participate check out the <a href=\"https:\/\/www.smogon.com\/forums\/threads\/sv-national-dex-suspect-8-just-dance.3731534\/\">suspect thread<\/a>.<\/strong><\/div>\n|j|\u2606FuniPlagueMan\n|j|\u2606BossTheStar\n|t:|1701144152\n|gametype|singles\n|player|p1|FuniPlagueMan|roxie|\n|player|p2|BossTheStar|101|\n|teamsize|p1|6\n|teamsize|p2|6\n|gen|9\n|tier|[Gen 9] National Dex\n|rule|HP Percentage Mod: HP is shown in percentages\n|rule|Endless Battle Clause: Forcing endless battles is banned\n|rule|OHKO Clause: OHKO moves are banned\n|rule|Evasion Clause: Evasion abilities, items, and moves are banned\n|rule|Evasion Abilities Clause: Evasion abilities are banned\n|rule|Evasion Items Clause: Evasion items are banned\n|rule|Evasion Moves Clause: Evasion moves are banned\n|rule|Species Clause: Limit one of each Pok\u00e9mon\n|rule|Sleep Clause Mod: Limit one foe put to sleep\n|clearpoke\n|poke|p1|Sneasler, M|\n|poke|p1|Banette, M|\n|poke|p1|Tapu Koko|\n|poke|p1|Iron Valiant|\n|poke|p1|Iron Leaves|\n|poke|p1|Iron Moth|\n|poke|p2|Salazzle, F|\n|poke|p2|Jynx, F|\n|poke|p2|Mawile, F|\n|poke|p2|Gardevoir, F|\n|poke|p2|Unfezant, F|\n|poke|p2|Lopunny, F|\n|teampreview\n|inactive|Battle timer is ON: inactive players will automatically lose when time's up. (requested by FuniPlagueMan)\n|\n|t:|1701144172\n|start\n|switch|p1a: Tapu Koko|Tapu Koko|100\/100\n|switch|p2a: Salazzle|Salazzle, F|100\/100\n|-fieldstart|move: Electric Terrain|[from] ability: Electric Surge|[of] p1a: Tapu Koko\n|turn|1\n|\n|t:|1701144184\n|move|p1a: Tapu Koko|Volt Switch|p2a: Salazzle\n|-damage|p2a: Salazzle|44\/100\n|\n|t:|1701144198\n|switch|p1a: Sneasler|Sneasler, M|100\/100|[from] Volt Switch\n|-enditem|p1a: Sneasler|Electric Seed\n|-boost|p1a: Sneasler|def|1|[from] item: Electric Seed\n|move|p2a: Salazzle|Toxic|p1a: Sneasler\n|-status|p1a: Sneasler|tox\n|\n|-heal|p2a: Salazzle|50\/100|[from] item: Leftovers\n|-damage|p1a: Sneasler|95\/100 tox|[from] psn\n|upkeep\n|turn|2\n|c|\u2606BossTheStar|IM SCREWED UR TEAM IS GENDERLESS\n|\n|t:|1701144216\n|-terastallize|p1a: Sneasler|Flying\n|move|p1a: Sneasler|Acrobatics|p2a: Salazzle\n|-damage|p2a: Salazzle|0 fnt\n|faint|p2a: Salazzle\n|\n|-damage|p1a: Sneasler|83\/100 tox|[from] psn\n|upkeep\n|inactive|BossTheStar has 270 seconds left.\n|\n|t:|1701144258\n|switch|p2a: Mawile|Mawile, F|100\/100\n|turn|3\n|\n|t:|1701144265\n|move|p1a: Sneasler|Swords Dance|p1a: Sneasler\n|-boost|p1a: Sneasler|atk|2\n|move|p2a: Mawile|Attract|p1a: Sneasler\n|-start|p1a: Sneasler|Attract\n|\n|-damage|p1a: Sneasler|65\/100 tox|[from] psn\n|upkeep\n|turn|4\n|\n|t:|1701144286\n|-activate|p1a: Sneasler|move: Attract|[of] p2a: Mawile\n|move|p1a: Sneasler|Close Combat|p2a: Mawile\n|-damage|p2a: Mawile|0 fnt\n|-unboost|p1a: Sneasler|def|1\n|-unboost|p1a: Sneasler|spd|1\n|faint|p2a: Mawile\n|-end|p1a: Sneasler|Attract|[silent]\n|\n|-damage|p1a: Sneasler|41\/100 tox|[from] psn\n|upkeep\n|inactive|BossTheStar has 240 seconds left.\n|\n|t:|1701144303\n|switch|p2a: Unfezant|Unfezant, F|100\/100\n|turn|5\n|\n|t:|1701144307\n|move|p1a: Sneasler|Dire Claw|p2a: Unfezant\n|-damage|p2a: Unfezant|0 fnt\n|faint|p2a: Unfezant\n|\n|-damage|p1a: Sneasler|11\/100 tox|[from] psn\n|upkeep\n|\n|t:|1701144318\n|switch|p2a: Lopunny|Lopunny, F|100\/100\n|turn|6\n|\n|t:|1701144322\n|move|p2a: Lopunny|Fake Out|p1a: Sneasler\n|-damage|p1a: Sneasler|0 fnt\n|faint|p1a: Sneasler\n|\n|upkeep\n|\n|t:|1701144325\n|switch|p1a: Banette|Banette, M, shiny|100\/100\n|-item|p2a: Lopunny|Leftovers|[from] ability: Frisk|[of] p1a: Banette|[identify]\n|turn|7\n|\n|t:|1701144343\n|detailschange|p1a: Banette|Banette-Mega, M, shiny\n|-mega|p1a: Banette|Banette|Banettite\n|move|p1a: Banette|Encore|p2a: Lopunny\n|-start|p2a: Lopunny|Encore\n|move|p2a: Lopunny|Fake Out||[still]\n|-hint|Fake Out only works on your first turn out.\n|-fail|p2a: Lopunny\n|\n|upkeep\n|turn|8\n|\n|t:|1701144355\n|switch|p1a: Iron Valiant|Iron Valiant|100\/100\n|-activate|p1a: Iron Valiant|ability: Quark Drive\n|-start|p1a: Iron Valiant|quarkdrivespe\n|move|p2a: Lopunny|Fake Out||[still]\n|-hint|Fake Out only works on your first turn out.\n|-fail|p2a: Lopunny\n|\n|-fieldend|move: Electric Terrain\n|-end|p1a: Iron Valiant|Quark Drive\n|upkeep\n|turn|9\n|\n|t:|1701144363\n|move|p2a: Lopunny|Fake Out||[still]\n|-hint|Fake Out only works on your first turn out.\n|-fail|p2a: Lopunny\n|move|p1a: Iron Valiant|Swords Dance|p1a: Iron Valiant\n|-boost|p1a: Iron Valiant|atk|2\n|\n|-end|p2a: Lopunny|Encore\n|upkeep\n|turn|10\n|\n|t:|1701144378\n|move|p1a: Iron Valiant|Close Combat|p2a: Lopunny\n|-supereffective|p2a: Lopunny\n|-damage|p2a: Lopunny|0 fnt\n|-unboost|p1a: Iron Valiant|def|1\n|-unboost|p1a: Iron Valiant|spd|1\n|faint|p2a: Lopunny\n|\n|upkeep\n|\n|t:|1701144387\n|switch|p2a: Gardevoir|Gardevoir, F|100\/100\n|turn|11\n|\n|t:|1701144400\n|move|p2a: Gardevoir|Moonblast|p1a: Iron Valiant\n|-supereffective|p1a: Iron Valiant\n|-damage|p1a: Iron Valiant|0 fnt\n|faint|p1a: Iron Valiant\n|-end|p1a: Iron Valiant|Quark Drive|[silent]\n|\n|upkeep\n|\n|t:|1701144403\n|switch|p1a: Tapu Koko|Tapu Koko|100\/100\n|-fieldstart|move: Electric Terrain|[from] ability: Electric Surge|[of] p2a: Gardevoir\n|-ability|p2a: Gardevoir|Electric Surge|[from] ability: Trace|[of] p1a: Tapu Koko\n|turn|12\n|\n|t:|1701144409\n|move|p2a: Gardevoir|Moonblast|p1a: Tapu Koko\n|-damage|p1a: Tapu Koko|21\/100\n|move|p1a: Tapu Koko|Thunderbolt|p2a: Gardevoir\n|-damage|p2a: Gardevoir|42\/100\n|\n|upkeep\n|turn|13\n|\n|t:|1701144419\n|switch|p1a: Iron Leaves|Iron Leaves|100\/100\n|-activate|p1a: Iron Leaves|ability: Quark Drive\n|-start|p1a: Iron Leaves|quarkdrivespe\n|move|p2a: Gardevoir|Moonblast|p1a: Iron Leaves\n|-damage|p1a: Iron Leaves|58\/100\n|\n|upkeep\n|turn|14\n|\n|t:|1701144425\n|move|p1a: Iron Leaves|Night Slash|p2a: Gardevoir\n|-crit|p2a: Gardevoir\n|-damage|p2a: Gardevoir|0 fnt\n|faint|p2a: Gardevoir\n|\n|upkeep\n|\n|t:|1701144430\n|switch|p2a: Jynx|Jynx, F|100\/100\n|turn|15\n|\n|t:|1701144433\n|move|p1a: Iron Leaves|Night Slash|p2a: Jynx\n|-supereffective|p2a: Jynx\n|-damage|p2a: Jynx|0 fnt\n|faint|p2a: Jynx\n|\n|win|FuniPlagueMan\n|l|\u2606FuniPlagueMan\n|j|\u2606FuniPlagueMan\n|player|p1|FuniPlagueMan|roxie\n","uploadtime":1701144441,"views":3,"p1id":"funiplagueman","p2id":"bossthestar","formatid":"gen9nationaldex","rating":0,"private":0,"password":""}