{"id":"gen9nationaldex-1992486498","p1":"FFVHGTH","p2":"Link_I_Guess","format":"[Gen 9] National Dex","log":"|j|\u2606FFVHGTH\n|j|\u2606Link_I_Guess\n|t:|1700193663\n|gametype|singles\n|player|p1|FFVHGTH|266|1134\n|player|p2|Link_I_Guess|102|1051\n|teamsize|p1|6\n|teamsize|p2|6\n|gen|9\n|tier|[Gen 9] National Dex\n|rated|\n|rule|HP Percentage Mod: HP is shown in percentages\n|rule|Endless Battle Clause: Forcing endless battles is banned\n|rule|OHKO Clause: OHKO moves are banned\n|rule|Evasion Clause: Evasion abilities, items, and moves are banned\n|rule|Evasion Abilities Clause: Evasion abilities are banned\n|rule|Evasion Items Clause: Evasion items are banned\n|rule|Evasion Moves Clause: Evasion moves are banned\n|rule|Species Clause: Limit one of each Pok\u00e9mon\n|rule|Sleep Clause Mod: Limit one foe put to sleep\n|clearpoke\n|poke|p1|Tyrantrum, M|\n|poke|p1|Incineroar, M|\n|poke|p1|Porygon-Z|\n|poke|p1|Rillaboom, F|\n|poke|p1|Metagross|\n|poke|p1|Noivern, M|\n|poke|p2|Pelipper, F|\n|poke|p2|Swampert, F|\n|poke|p2|Scizor, F|\n|poke|p2|Blissey, F|\n|poke|p2|Dragonite, F|\n|poke|p2|Garchomp, M|\n|teampreview\n|\n|t:|1700193675\n|start\n|switch|p1a: Noivern|Noivern, M|100\/100\n|switch|p2a: Pelipper|Pelipper, F|100\/100\n|-item|p2a: Pelipper|Leftovers|[from] ability: Frisk|[of] p1a: Noivern|[identify]\n|-weather|RainDance|[from] ability: Drizzle|[of] p2a: Pelipper\n|turn|1\n|\n|t:|1700193685\n|switch|p2a: Swampert|Swampert, F|100\/100\n|move|p1a: Noivern|Taunt|p2a: Swampert\n|-start|p2a: Swampert|move: Taunt\n|\n|-weather|RainDance|[upkeep]\n|upkeep\n|turn|2\n|\n|t:|1700193691\n|move|p1a: Noivern|Tailwind|p1a: Noivern\n|-sidestart|p1: FFVHGTH|move: Tailwind\n|move|p2a: Swampert|Avalanche|p1a: Noivern\n|-supereffective|p1a: Noivern\n|-damage|p1a: Noivern|9\/100\n|\n|-weather|RainDance|[upkeep]\n|upkeep\n|turn|3\n|\n|t:|1700193699\n|move|p1a: Noivern|Draco Meteor|p2a: Swampert\n|-damage|p2a: Swampert|70\/100\n|-unboost|p1a: Noivern|spa|2\n|move|p2a: Swampert|Avalanche|p1a: Noivern\n|-supereffective|p1a: Noivern\n|-damage|p1a: Noivern|0 fnt\n|faint|p1a: Noivern\n|\n|-weather|RainDance|[upkeep]\n|-end|p2a: Swampert|move: Taunt\n|upkeep\n|\n|t:|1700193706\n|switch|p1a: Rillaboom|Rillaboom, F|100\/100\n|-fieldstart|move: Grassy Terrain|[from] ability: Grassy Surge|[of] p1a: Rillaboom\n|turn|4\n|\n|t:|1700193718\n|switch|p2a: Dragonite|Dragonite, F, shiny|100\/100\n|move|p1a: Rillaboom|Grassy Glide|p2a: Dragonite\n|-resisted|p2a: Dragonite\n|-crit|p2a: Dragonite\n|-damage|p2a: Dragonite|90\/100\n|\n|-weather|RainDance|[upkeep]\n|upkeep\n|turn|5\n|\n|t:|1700193746\n|switch|p1a: Tyrantrum|Tyrantrum, M|100\/100\n|move|p2a: Dragonite|Dragon Dance|p2a: Dragonite\n|-boost|p2a: Dragonite|atk|1\n|-boost|p2a: Dragonite|spe|1\n|\n|-weather|none\n|-sideend|p1: FFVHGTH|move: Tailwind\n|upkeep\n|turn|6\n|\n|t:|1700193756\n|move|p2a: Dragonite|Earthquake|p1a: Tyrantrum\n|-supereffective|p1a: Tyrantrum\n|-damage|p1a: Tyrantrum|46\/100\n|move|p1a: Tyrantrum|Head Smash|p2a: Dragonite|[miss]\n|-miss|p1a: Tyrantrum|p2a: Dragonite\n|\n|-heal|p1a: Tyrantrum|52\/100|[from] Grassy Terrain\n|upkeep\n|turn|7\n|\n|t:|1700193768\n|switch|p1a: Rillaboom|Rillaboom, F|100\/100\n|move|p2a: Dragonite|Dragon Claw|p1a: Rillaboom\n|-damage|p1a: Rillaboom|36\/100\n|\n|-heal|p1a: Rillaboom|42\/100|[from] Grassy Terrain\n|upkeep\n|turn|8\n|\n|t:|1700193777\n|move|p1a: Rillaboom|Grassy Glide|p2a: Dragonite\n|-resisted|p2a: Dragonite\n|-crit|p2a: Dragonite\n|-damage|p2a: Dragonite|70\/100\n|move|p2a: Dragonite|Dragon Claw|p1a: Rillaboom\n|-damage|p1a: Rillaboom|0 fnt\n|faint|p1a: Rillaboom\n|\n|-fieldend|move: Grassy Terrain\n|upkeep\n|j| PrimalTable\n|\n|t:|1700193782\n|switch|p1a: Incineroar|Incineroar, M|100\/100\n|-ability|p1a: Incineroar|Intimidate|boost\n|-unboost|p2a: Dragonite|atk|1\n|turn|9\n|\n|t:|1700193789\n|switch|p2a: Pelipper|Pelipper, F|100\/100\n|-weather|RainDance|[from] ability: Drizzle|[of] p2a: Pelipper\n|move|p1a: Incineroar|Fake Out|p2a: Pelipper\n|-damage|p2a: Pelipper|91\/100\n|\n|-weather|RainDance|[upkeep]\n|-heal|p2a: Pelipper|97\/100|[from] item: Leftovers\n|upkeep\n|turn|10\n|\n|t:|1700193809\n|switch|p1a: Porygon-Z|Porygon-Z|100\/100\n|move|p2a: Pelipper|Stockpile|p2a: Pelipper\n|-start|p2a: Pelipper|stockpile1\n|-boost|p2a: Pelipper|def|1\n|-boost|p2a: Pelipper|spd|1\n|\n|-weather|RainDance|[upkeep]\n|-heal|p2a: Pelipper|100\/100|[from] item: Leftovers\n|upkeep\n|turn|11\n|l| PrimalTable\n|\n|t:|1700193820\n|switch|p2a: Swampert|Swampert, F|70\/100\n|move|p1a: Porygon-Z|Thunderbolt|p2a: Swampert\n|-immune|p2a: Swampert\n|\n|-weather|RainDance|[upkeep]\n|upkeep\n|turn|12\n|\n|t:|1700193827\n|move|p1a: Porygon-Z|Tri Attack|p2a: Swampert\n|-damage|p2a: Swampert|34\/100\n|-damage|p1a: Porygon-Z|91\/100|[from] item: Life Orb\n|move|p2a: Swampert|Brick Break|p1a: Porygon-Z\n|-supereffective|p1a: Porygon-Z\n|-damage|p1a: Porygon-Z|33\/100\n|\n|-weather|RainDance|[upkeep]\n|upkeep\n|turn|13\n|\n|t:|1700193853\n|switch|p2a: Scizor|Scizor, F|100\/100\n|move|p1a: Porygon-Z|Tri Attack|p2a: Scizor\n|-resisted|p2a: Scizor\n|-damage|p2a: Scizor|35\/100\n|-damage|p1a: Porygon-Z|23\/100|[from] item: Life Orb\n|\n|-weather|none\n|upkeep\n|turn|14\n|\n|t:|1700193866\n|switch|p1a: Metagross|Metagross|100\/100\n|move|p2a: Scizor|Bullet Punch|p1a: Metagross\n|-resisted|p1a: Metagross\n|-damage|p1a: Metagross|88\/100\n|\n|upkeep\n|turn|15\n|j| Pwapled\n|l| Pwapled\n|\n|t:|1700193879\n|move|p2a: Scizor|Detect|p2a: Scizor\n|-singleturn|p2a: Scizor|Protect\n|move|p1a: Metagross|Earthquake|p2a: Scizor\n|-activate|p2a: Scizor|move: Protect\n|\n|upkeep\n|turn|16\n|\n|t:|1700193895\n|switch|p2a: Garchomp|Garchomp, M|100\/100\n|move|p1a: Metagross|Iron Head|p2a: Garchomp\n|-damage|p2a: Garchomp|53\/100\n|-damage|p1a: Metagross|75\/100|[from] ability: Rough Skin|[of] p2a: Garchomp\n|\n|upkeep\n|turn|17\n|\n|t:|1700193906\n|move|p2a: Garchomp|Earthquake|p1a: Metagross\n|-supereffective|p1a: Metagross\n|-damage|p1a: Metagross|0 fnt\n|faint|p1a: Metagross\n|-damage|p2a: Garchomp|43\/100|[from] item: Life Orb\n|\n|upkeep\n|\n|t:|1700193910\n|switch|p1a: Incineroar|Incineroar, M|100\/100\n|-ability|p1a: Incineroar|Intimidate|boost\n|-unboost|p2a: Garchomp|atk|1\n|turn|18\n|\n|t:|1700193938\n|switch|p2a: Blissey|Blissey, F|100\/100\n|move|p1a: Incineroar|Fake Out|p2a: Blissey\n|-damage|p2a: Blissey|81\/100\n|\n|-heal|p2a: Blissey|87\/100|[from] item: Leftovers\n|upkeep\n|turn|19\n|\n|t:|1700193946\n|move|p2a: Blissey|Protect|p2a: Blissey\n|-singleturn|p2a: Blissey|Protect\n|move|p1a: Incineroar|Flare Blitz|p2a: Blissey\n|-activate|p2a: Blissey|move: Protect\n|\n|-heal|p2a: Blissey|93\/100|[from] item: Leftovers\n|upkeep\n|turn|20\n|\n|t:|1700193958\n|move|p1a: Incineroar|Flare Blitz|p2a: Blissey\n|-damage|p2a: Blissey|0 fnt\n|faint|p2a: Blissey\n|-damage|p1a: Incineroar|49\/100|[from] Recoil\n|\n|upkeep\n|\n|t:|1700193964\n|switch|p2a: Pelipper|Pelipper, F|100\/100\n|-weather|RainDance|[from] ability: Drizzle|[of] p2a: Pelipper\n|turn|21\n|n|\u2606FFVHGTH|ffvhgth\n|\n|t:|1700193976\n|move|p1a: Incineroar|Parting Shot|p2a: Pelipper\n|-unboost|p2a: Pelipper|atk|1\n|-unboost|p2a: Pelipper|spa|1\n|\n|t:|1700193980\n|switch|p1a: Tyrantrum|Tyrantrum, M|52\/100|[from] Parting Shot\n|move|p2a: Pelipper|U-turn|p1a: Tyrantrum\n|-damage|p1a: Tyrantrum|46\/100\n|\n|t:|1700193988\n|switch|p2a: Scizor|Scizor, F|35\/100|[from] U-turn\n|\n|-weather|RainDance|[upkeep]\n|upkeep\n|turn|22\n|\n|t:|1700194017\n|move|p2a: Scizor|Detect|p2a: Scizor\n|-singleturn|p2a: Scizor|Protect\n|move|p1a: Tyrantrum|Outrage|p2a: Scizor\n|-activate|p2a: Scizor|move: Protect\n|\n|-weather|RainDance|[upkeep]\n|upkeep\n|turn|23\n|n|!FFVHGTH|ffvhgth\n|\n|t:|1700194043\n|-terastallize|p2a: Scizor|Steel\n|move|p2a: Scizor|Bullet Punch|p1a: Tyrantrum\n|-supereffective|p1a: Tyrantrum\n|-damage|p1a: Tyrantrum|0 fnt\n|faint|p1a: Tyrantrum\n|\n|-weather|RainDance|[upkeep]\n|upkeep\n|-message|FFVHGTH forfeited.\n|\n|win|Link_I_Guess\n|raw|FFVHGTH's rating: 1134 &rarr; <strong>1103<\/strong><br \/>(-31 for losing)\n|raw|Link_I_Guess's rating: 1051 &rarr; <strong>1091<\/strong><br \/>(+40 for winning)\n","uploadtime":1700194040,"views":4,"p1id":"ffvhgth","p2id":"linkiguess","formatid":"gen9nationaldex","rating":1091,"private":0,"password":""}