{"id":"gen9nationaldex-1989992542","p1":"SpecsGastr0","p2":"AspiringGymLeader","format":"[Gen 9] National Dex","log":"|j|\u2606SpecsGastr0\n|j|\u2606AspiringGymLeader\n|t:|1699913347\n|gametype|singles\n|player|p1|SpecsGastr0|colress|1154\n|player|p2|AspiringGymLeader|silver|1232\n|teamsize|p1|6\n|teamsize|p2|6\n|gen|9\n|tier|[Gen 9] National Dex\n|rated|\n|rule|HP Percentage Mod: HP is shown in percentages\n|rule|Endless Battle Clause: Forcing endless battles is banned\n|rule|OHKO Clause: OHKO moves are banned\n|rule|Evasion Clause: Evasion abilities, items, and moves are banned\n|rule|Evasion Abilities Clause: Evasion abilities are banned\n|rule|Evasion Items Clause: Evasion items are banned\n|rule|Evasion Moves Clause: Evasion moves are banned\n|rule|Species Clause: Limit one of each Pok\u00e9mon\n|rule|Sleep Clause Mod: Limit one foe put to sleep\n|clearpoke\n|poke|p1|Golisopod, M|\n|poke|p1|Lucario, M|\n|poke|p1|Hitmontop, M|\n|poke|p1|Torterra, M|\n|poke|p1|Samurott-Hisui, M|\n|poke|p1|Flygon, F|\n|poke|p2|Tapu Lele|\n|poke|p2|Gallade, M|\n|poke|p2|Skeledirge, M|\n|poke|p2|Rotom-Wash|\n|poke|p2|Ribombee, M|\n|poke|p2|Mr. Rime, F|\n|teampreview\n|\n|t:|1699913359\n|start\n|switch|p1a: Sensei's Divining|Hitmontop, M|100\/100\n|switch|p2a: Ribombee|Ribombee, M|100\/100\n|-ability|p1a: Sensei's Divining|Intimidate|boost\n|-unboost|p2a: Ribombee|atk|1\n|turn|1\n|inactive|Battle timer is ON: inactive players will automatically lose when time's up. (requested by AspiringGymLeader)\n|\n|t:|1699913388\n|move|p2a: Ribombee|Moonblast|p1a: Sensei's Divining\n|-supereffective|p1a: Sensei's Divining\n|-damage|p1a: Sensei's Divining|11\/100\n|move|p1a: Sensei's Divining|Triple Axel|p2a: Ribombee\n|-damage|p2a: Ribombee|88\/100\n|-damage|p2a: Ribombee|61\/100\n|-damage|p2a: Ribombee|25\/100\n|-hitcount|p2a: Ribombee|3\n|\n|upkeep\n|turn|2\n|inactive|SpecsGastr0 has 120 seconds left.\n|\n|t:|1699913425\n|move|p2a: Ribombee|Sticky Web|p1a: Sensei's Divining\n|-sidestart|p1: SpecsGastr0|move: Sticky Web\n|move|p1a: Sensei's Divining|Rapid Spin|p2a: Ribombee\n|-damage|p2a: Ribombee|0 fnt\n|-boost|p1a: Sensei's Divining|spe|1\n|-sideend|p1: SpecsGastr0|Sticky Web|[from] move: Rapid Spin|[of] p1a: Sensei's Divining\n|faint|p2a: Ribombee\n|\n|upkeep\n|\n|t:|1699913430\n|switch|p2a: Rotom|Rotom-Wash|100\/100\n|turn|3\n|inactive|SpecsGastr0 has 120 seconds left.\n|\n|t:|1699913442\n|move|p2a: Rotom|Volt Switch|p1a: Sensei's Divining\n|-damage|p1a: Sensei's Divining|0 fnt\n|faint|p1a: Sensei's Divining\n|\n|t:|1699913446\n|switch|p2a: Tapu Lele|Tapu Lele|100\/100|[from] Volt Switch\n|-fieldstart|move: Psychic Terrain|[from] ability: Psychic Surge|[of] p2a: Tapu Lele\n|\n|upkeep\n|inactive|SpecsGastr0 has 120 seconds left.\n|\n|t:|1699913481\n|switch|p1a: Turbo|Torterra, M|100\/100\n|turn|4\n|\n|t:|1699913487\n|move|p2a: Tapu Lele|Moonblast|p1a: Turbo\n|-damage|p1a: Turbo|41\/100\n|move|p1a: Turbo|Shell Smash|p1a: Turbo\n|-unboost|p1a: Turbo|def|1\n|-unboost|p1a: Turbo|spd|1\n|-boost|p1a: Turbo|atk|2\n|-boost|p1a: Turbo|spa|2\n|-boost|p1a: Turbo|spe|2\n|-enditem|p1a: Turbo|White Herb\n|-clearnegativeboost|p1a: Turbo|[silent]\n|\n|upkeep\n|turn|5\n|\n|t:|1699913497\n|move|p1a: Turbo|Earthquake|p2a: Tapu Lele\n|-damage|p2a: Tapu Lele|0 fnt\n|faint|p2a: Tapu Lele\n|\n|upkeep\n|\n|t:|1699913500\n|switch|p2a: Skeledirge|Skeledirge, M|100\/100\n|turn|6\n|inactive|SpecsGastr0 has 120 seconds left.\n|\n|t:|1699913510\n|-terastallize|p2a: Skeledirge|Fairy\n|move|p1a: Turbo|Earthquake|p2a: Skeledirge\n|-damage|p2a: Skeledirge|65\/100\n|move|p2a: Skeledirge|Will-O-Wisp|p1a: Turbo\n|-status|p1a: Turbo|brn\n|\n|-damage|p1a: Turbo|35\/100 brn|[from] brn\n|upkeep\n|turn|7\n|inactive|SpecsGastr0 has 120 seconds left.\n|inactive|SpecsGastr0 has 90 seconds left.\n|\n|t:|1699913556\n|switch|p1a: 25 Turns|Samurott-Hisui, M|100\/100\n|move|p2a: Skeledirge|Torch Song|p1a: 25 Turns\n|-resisted|p1a: 25 Turns\n|-damage|p1a: 25 Turns|79\/100\n|-boost|p2a: Skeledirge|spa|1\n|\n|-fieldend|move: Psychic Terrain\n|upkeep\n|turn|8\n|inactive|SpecsGastr0 has 90 seconds left.\n|\n|t:|1699913566\n|move|p1a: 25 Turns|Razor Shell|p2a: Skeledirge\n|-damage|p2a: Skeledirge|25\/100\n|-unboost|p2a: Skeledirge|def|1\n|move|p2a: Skeledirge|Will-O-Wisp|p1a: 25 Turns|[miss]\n|-miss|p2a: Skeledirge|p1a: 25 Turns\n|\n|upkeep\n|turn|9\n|inactive|SpecsGastr0 has 90 seconds left.\n|\n|t:|1699913573\n|switch|p2a: Rotom|Rotom-Wash|100\/100\n|move|p1a: 25 Turns|Razor Shell|p2a: Rotom\n|-resisted|p2a: Rotom\n|-damage|p2a: Rotom|74\/100\n|-unboost|p2a: Rotom|def|1\n|\n|upkeep\n|turn|10\n|\n|t:|1699913589\n|switch|p1a: Gumi|Flygon, F|100\/100\n|move|p2a: Rotom|Will-O-Wisp|p1a: Gumi\n|-status|p1a: Gumi|brn\n|\n|-damage|p1a: Gumi|95\/100 brn|[from] brn\n|upkeep\n|turn|11\n|\n|t:|1699913601\n|switch|p2a: Skeledirge|Skeledirge, M, tera:Fairy|25\/100\n|move|p1a: Gumi|Draco Meteor|p2a: Skeledirge\n|-immune|p2a: Skeledirge\n|\n|-damage|p1a: Gumi|89\/100 brn|[from] brn\n|upkeep\n|turn|12\n|inactive|SpecsGastr0 has 90 seconds left.\n|\n|t:|1699913616\n|switch|p1a: Turbo|Torterra, M|35\/100 brn\n|move|p2a: Skeledirge|Slack Off|p2a: Skeledirge\n|-heal|p2a: Skeledirge|75\/100\n|\n|-damage|p1a: Turbo|29\/100 brn|[from] brn\n|upkeep\n|turn|13\n|inactive|SpecsGastr0 has 90 seconds left.\n|\n|t:|1699913627\n|move|p1a: Turbo|Earthquake|p2a: Skeledirge\n|-damage|p2a: Skeledirge|55\/100\n|move|p2a: Skeledirge|Torch Song|p1a: Turbo\n|-supereffective|p1a: Turbo\n|-damage|p1a: Turbo|0 fnt\n|-boost|p2a: Skeledirge|spa|1\n|faint|p1a: Turbo\n|\n|upkeep\n|inactive|SpecsGastr0 has 90 seconds left.\n|\n|t:|1699913642\n|switch|p1a: Allegations|Lucario, M|100\/100\n|turn|14\n|inactive|SpecsGastr0 has 90 seconds left.\n|\n|t:|1699913649\n|move|p1a: Allegations|Flash Cannon|p2a: Skeledirge\n|-supereffective|p2a: Skeledirge\n|-damage|p2a: Skeledirge|0 fnt\n|faint|p2a: Skeledirge\n|\n|upkeep\n|\n|t:|1699913659\n|switch|p2a: Rotom|Rotom-Wash|74\/100\n|turn|15\n|\n|t:|1699913666\n|move|p2a: Rotom|Volt Switch|p1a: Allegations\n|-damage|p1a: Allegations|59\/100\n|\n|t:|1699913670\n|switch|p2a: Mr. Rime|Mr. Rime, F|100\/100|[from] Volt Switch\n|move|p1a: Allegations|Nasty Plot|p1a: Allegations\n|-boost|p1a: Allegations|spa|2\n|\n|upkeep\n|turn|16\n|\n|t:|1699913678\n|move|p1a: Allegations|Flash Cannon|p2a: Mr. Rime\n|-supereffective|p2a: Mr. Rime\n|-damage|p2a: Mr. Rime|0 fnt\n|faint|p2a: Mr. Rime\n|\n|upkeep\n|\n|t:|1699913681\n|switch|p2a: Rotom|Rotom-Wash|74\/100\n|turn|17\n|inactive|SpecsGastr0 has 120 seconds left.\n|\n|t:|1699913698\n|move|p2a: Rotom|Hydro Pump|p1a: Allegations\n|-damage|p1a: Allegations|0 fnt\n|faint|p1a: Allegations\n|\n|upkeep\n|\n|t:|1699913718\n|switch|p1a: 25 Turns|Samurott-Hisui, M|79\/100\n|turn|18\n|\n|t:|1699913723\n|move|p2a: Rotom|Hydro Pump|p1a: 25 Turns\n|-resisted|p1a: 25 Turns\n|-damage|p1a: 25 Turns|48\/100\n|move|p1a: 25 Turns|Ceaseless Edge|p2a: Rotom\n|-damage|p2a: Rotom|26\/100\n|-sidestart|p2: AspiringGymLeader|Spikes\n|\n|upkeep\n|turn|19\n|\n|t:|1699913729\n|move|p2a: Rotom|Hydro Pump|p1a: 25 Turns\n|-resisted|p1a: 25 Turns\n|-damage|p1a: 25 Turns|20\/100\n|move|p1a: 25 Turns|Ceaseless Edge|p2a: Rotom\n|-damage|p2a: Rotom|0 fnt\n|-sidestart|p2: AspiringGymLeader|Spikes\n|faint|p2a: Rotom\n|\n|upkeep\n|\n|t:|1699913731\n|switch|p2a: Gallade|Gallade, M|100\/100\n|-damage|p2a: Gallade|84\/100|[from] Spikes\n|turn|20\n|\n|t:|1699913740\n|detailschange|p2a: Gallade|Gallade-Mega, M\n|-mega|p2a: Gallade|Gallade|Galladite\n|move|p1a: 25 Turns|Ceaseless Edge|p2a: Gallade\n|-damage|p2a: Gallade|27\/100\n|-sidestart|p2: AspiringGymLeader|Spikes\n|move|p2a: Gallade|Knock Off|p1a: 25 Turns\n|-resisted|p1a: 25 Turns\n|-damage|p1a: 25 Turns|0 fnt\n|-enditem|p1a: 25 Turns|Choice Scarf|[from] move: Knock Off|[of] p2a: Gallade\n|faint|p1a: 25 Turns\n|\n|upkeep\n|\n|t:|1699913749\n|switch|p1a: Gumi|Flygon, F|89\/100 brn\n|turn|21\n|\n|t:|1699913756\n|move|p2a: Gallade|Zen Headbutt|p1a: Gumi\n|-damage|p1a: Gumi|26\/100 brn\n|cant|p1a: Gumi|flinch\n|\n|-damage|p1a: Gumi|20\/100 brn|[from] brn\n|upkeep\n|turn|22\n|\n|t:|1699913762\n|move|p2a: Gallade|Knock Off|p1a: Gumi\n|-damage|p1a: Gumi|0 fnt\n|-enditem|p1a: Gumi|Choice Specs|[from] move: Knock Off|[of] p2a: Gallade\n|faint|p1a: Gumi\n|\n|upkeep\n|\n|t:|1699913766\n|switch|p1a: Brave Sir Robin|Golisopod, M|100\/100\n|turn|23\n|\n|t:|1699913776\n|move|p1a: Brave Sir Robin|First Impression|p2a: Gallade\n|-damage|p2a: Gallade|0 fnt\n|faint|p2a: Gallade\n|\n|win|SpecsGastr0\n|raw|SpecsGastr0's rating: 1154 &rarr; <strong>1185<\/strong><br \/>(+31 for winning)\n|raw|AspiringGymLeader's rating: 1232 &rarr; <strong>1201<\/strong><br \/>(-31 for losing)\n|l|\u2606AspiringGymLeader\n","uploadtime":1699913784,"views":5,"p1id":"specsgastr0","p2id":"aspiringgymleader","formatid":"gen9nationaldex","rating":1185,"private":0,"password":""}