{"id":"gen9nationaldex-1994569997","p1":"yanami-go","p2":"TheGrassKing1","format":"[Gen 9] National Dex","log":"|html|<div class=\"broadcast-blue\"><strong>[Gen 9] National Dex is currently suspecting Sneasler! For information on how to participate check out the <a href=\"https:\/\/www.smogon.com\/forums\/threads\/sv-national-dex-suspect-8-just-dance.3731534\/\">suspect thread<\/a>.<\/strong><\/div>\n|j|\u2606yanami-go\n|j|\u2606TheGrassKing1\n|t:|1700461632\n|gametype|singles\n|player|p1|yanami-go|dawn-masters3|1671\n|player|p2|TheGrassKing1|morty-masters2|1779\n|teamsize|p1|6\n|teamsize|p2|6\n|gen|9\n|tier|[Gen 9] National Dex\n|rated|\n|rule|HP Percentage Mod: HP is shown in percentages\n|rule|Endless Battle Clause: Forcing endless battles is banned\n|rule|OHKO Clause: OHKO moves are banned\n|rule|Evasion Clause: Evasion abilities, items, and moves are banned\n|rule|Evasion Abilities Clause: Evasion abilities are banned\n|rule|Evasion Items Clause: Evasion items are banned\n|rule|Evasion Moves Clause: Evasion moves are banned\n|rule|Species Clause: Limit one of each Pok\u00e9mon\n|rule|Sleep Clause Mod: Limit one foe put to sleep\n|clearpoke\n|poke|p1|Tapu Koko|\n|poke|p1|Ditto|\n|poke|p1|Great Tusk|\n|poke|p1|Heatran, M|\n|poke|p1|Dragonite, F|\n|poke|p1|Sinistcha-Masterpiece|\n|poke|p2|Torkoal, F|\n|poke|p2|Leafeon, F|\n|poke|p2|Landorus-Therian, M|\n|poke|p2|Heatran, M|\n|poke|p2|Scizor, F|\n|poke|p2|Victini|\n|teampreview\n|\n|t:|1700461654\n|start\n|switch|p1a: Great Tusk|Great Tusk|100\/100\n|switch|p2a: Scizor|Scizor, F|100\/100\n|turn|1\n|inactive|Battle timer is ON: inactive players will automatically lose when time's up. (requested by TheGrassKing1)\n|\n|t:|1700461691\n|detailschange|p2a: Scizor|Scizor-Mega, F\n|-mega|p2a: Scizor|Scizor|Scizorite\n|move|p1a: Great Tusk|Stealth Rock|p2a: Scizor\n|-sidestart|p2: TheGrassKing1|move: Stealth Rock\n|move|p2a: Scizor|Swords Dance|p2a: Scizor\n|-boost|p2a: Scizor|atk|2\n|\n|upkeep\n|turn|2\n|\n|t:|1700461705\n|-end|p1a: Great Tusk|Protosynthesis|[silent]\n|switch|p1a: Heatran|Heatran, M|100\/100\n|move|p2a: Scizor|U-turn|p1a: Heatran\n|-resisted|p1a: Heatran\n|-damage|p1a: Heatran|86\/100\n|\n|t:|1700461710\n|switch|p2a: Landorus|Landorus-Therian, M|100\/100|[from] U-turn\n|-damage|p2a: Landorus|88\/100|[from] Stealth Rock\n|-ability|p2a: Landorus|Intimidate|boost\n|-unboost|p1a: Heatran|atk|1\n|\n|-heal|p1a: Heatran|92\/100|[from] item: Leftovers\n|upkeep\n|turn|3\n|\n|t:|1700461716\n|switch|p1a: Great Tusk|Great Tusk|100\/100\n|move|p2a: Landorus|Defog|p1a: Great Tusk\n|-unboost|p1a: Great Tusk|evasion|1\n|-sideend|p2: TheGrassKing1|Stealth Rock|[from] move: Defog|[of] p2a: Landorus\n|\n|upkeep\n|turn|4\n|\n|t:|1700461720\n|move|p2a: Landorus|Toxic|p1a: Great Tusk\n|-status|p1a: Great Tusk|tox\n|move|p1a: Great Tusk|Ice Spinner|p2a: Landorus\n|-supereffective|p2a: Landorus\n|-damage|p2a: Landorus|0 fnt\n|faint|p2a: Landorus\n|\n|-damage|p1a: Great Tusk|94\/100 tox|[from] psn\n|upkeep\n|j| YJLF2\n|inactive|TheGrassKing1 has 120 seconds left.\n|j| KoKohs\n|\n|t:|1700461757\n|switch|p2a: Heatran|Heatran, M|100\/100\n|-item|p2a: Heatran|Air Balloon\n|turn|5\n|inactive|TheGrassKing1 has 120 seconds left.\n|\n|t:|1700461766\n|-end|p1a: Great Tusk|Protosynthesis|[silent]\n|switch|p1a: Heatran|Heatran, M|92\/100\n|move|p2a: Heatran|Magma Storm|p1a: Heatran\n|-start|p1a: Heatran|ability: Flash Fire\n|\n|-heal|p1a: Heatran|98\/100|[from] item: Leftovers\n|upkeep\n|turn|6\n|\n|t:|1700461780\n|-terastallize|p1a: Heatran|Grass\n|move|p2a: Heatran|Stealth Rock|p1a: Heatran\n|-sidestart|p1: yanami-go|move: Stealth Rock\n|move|p1a: Heatran|Stealth Rock|p2a: Heatran\n|-sidestart|p2: TheGrassKing1|move: Stealth Rock\n|\n|-heal|p1a: Heatran|100\/100|[from] item: Leftovers\n|upkeep\n|turn|7\n|inactive|yanami-go has 120 seconds left.\n|\n|t:|1700461813\n|-end|p1a: Heatran|ability: Flash Fire|[silent]\n|switch|p1a: Dragonite|Dragonite, F|100\/100\n|move|p2a: Heatran|Toxic|p1a: Dragonite\n|-status|p1a: Dragonite|tox\n|\n|-damage|p1a: Dragonite|94\/100 tox|[from] psn\n|upkeep\n|turn|8\n|\n|t:|1700461821\n|switch|p2a: Scizor|Scizor-Mega, F|100\/100\n|-damage|p2a: Scizor|88\/100|[from] Stealth Rock\n|move|p1a: Dragonite|Extreme Speed|p2a: Scizor\n|-resisted|p2a: Scizor\n|-damage|p2a: Scizor|79\/100\n|\n|-damage|p1a: Dragonite|82\/100 tox|[from] psn\n|upkeep\n|turn|9\n|\n|t:|1700461830\n|switch|p1a: Great Tusk|Great Tusk|94\/100 tox\n|-damage|p1a: Great Tusk|91\/100 tox|[from] Stealth Rock\n|move|p2a: Scizor|U-turn|p1a: Great Tusk\n|-resisted|p1a: Great Tusk\n|-damage|p1a: Great Tusk|82\/100 tox\n|\n|t:|1700461840\n|switch|p2a: Victini|Victini|100\/100|[from] U-turn\n|-damage|p2a: Victini|76\/100|[from] Stealth Rock\n|\n|-heal|p1a: Great Tusk|88\/100 tox|[from] item: Leftovers\n|-damage|p1a: Great Tusk|82\/100 tox|[from] psn\n|upkeep\n|turn|10\n|\n|t:|1700461852\n|-terastallize|p2a: Victini|Fire\n|move|p2a: Victini|V-create|p1a: Great Tusk\n|-damage|p1a: Great Tusk|0 fnt\n|-unboost|p2a: Victini|spe|1\n|-unboost|p2a: Victini|def|1\n|-unboost|p2a: Victini|spd|1\n|faint|p1a: Great Tusk\n|-end|p1a: Great Tusk|Protosynthesis|[silent]\n|\n|upkeep\n|\n|t:|1700461866\n|switch|p1a: Tapu Koko|Tapu Koko|100\/100\n|-damage|p1a: Tapu Koko|88\/100|[from] Stealth Rock\n|-fieldstart|move: Electric Terrain|[from] ability: Electric Surge|[of] p1a: Tapu Koko\n|turn|11\n|\n|t:|1700461881\n|switch|p2a: Torkoal|Torkoal, F|100\/100\n|-damage|p2a: Torkoal|76\/100|[from] Stealth Rock\n|-weather|SunnyDay|[from] ability: Drought|[of] p2a: Torkoal\n|-zpower|p1a: Tapu Koko\n|move|p1a: Tapu Koko|Gigavolt Havoc|p2a: Torkoal|[zeffect]\n|-damage|p2a: Torkoal|0 fnt\n|faint|p2a: Torkoal\n|\n|-weather|SunnyDay|[upkeep]\n|upkeep\n|\n|t:|1700461887\n|switch|p2a: Leafeon|Leafeon, F|100\/100\n|-damage|p2a: Leafeon|88\/100|[from] Stealth Rock\n|turn|12\n|\n|t:|1700461893\n|switch|p1a: Sinistcha|Sinistcha-Masterpiece|100\/100\n|-damage|p1a: Sinistcha|88\/100|[from] Stealth Rock\n|move|p2a: Leafeon|Swords Dance|p2a: Leafeon\n|-boost|p2a: Leafeon|atk|2\n|\n|-weather|SunnyDay|[upkeep]\n|-heal|p1a: Sinistcha|94\/100|[from] item: Leftovers\n|upkeep\n|turn|13\n|\n|t:|1700461898\n|move|p2a: Leafeon|Knock Off|p1a: Sinistcha\n|-supereffective|p1a: Sinistcha\n|-damage|p1a: Sinistcha|0 fnt\n|-enditem|p1a: Sinistcha|Leftovers|[from] move: Knock Off|[of] p2a: Leafeon\n|faint|p1a: Sinistcha\n|-damage|p2a: Leafeon|78\/100|[from] item: Life Orb\n|\n|-weather|SunnyDay|[upkeep]\n|upkeep\n|\n|t:|1700461908\n|switch|p1a: Ditto|Ditto|100\/100\n|-damage|p1a: Ditto|88\/100|[from] Stealth Rock\n|-transform|p1a: Ditto|p2a: Leafeon|[from] ability: Imposter\n|turn|14\n|\n|t:|1700461937\n|move|p1a: Ditto|Knock Off|p2a: Leafeon\n|-damage|p2a: Leafeon|15\/100\n|-enditem|p2a: Leafeon|Life Orb|[from] move: Knock Off|[of] p1a: Ditto\n|move|p2a: Leafeon|Knock Off|p1a: Ditto\n|-damage|p1a: Ditto|23\/100\n|-enditem|p1a: Ditto|Choice Scarf|[from] move: Knock Off|[of] p2a: Leafeon\n|\n|-weather|SunnyDay|[upkeep]\n|upkeep\n|turn|15\n|\n|t:|1700461945\n|move|p1a: Ditto|Knock Off|p2a: Leafeon\n|-damage|p2a: Leafeon|0 fnt\n|faint|p2a: Leafeon\n|\n|-weather|SunnyDay|[upkeep]\n|-fieldend|move: Electric Terrain\n|upkeep\n|\n|t:|1700461948\n|switch|p2a: Scizor|Scizor-Mega, F|79\/100\n|-damage|p2a: Scizor|66\/100|[from] Stealth Rock\n|turn|16\n|\n|t:|1700461957\n|switch|p1a: Heatran|Heatran, M, tera:Grass|100\/100\n|-damage|p1a: Heatran|88\/100|[from] Stealth Rock\n|move|p2a: Scizor|Roost|p2a: Scizor\n|-heal|p2a: Scizor|100\/100\n|-singleturn|p2a: Scizor|move: Roost\n|\n|-weather|SunnyDay|[upkeep]\n|-heal|p1a: Heatran|94\/100|[from] item: Leftovers\n|upkeep\n|turn|17\n|\n|t:|1700461967\n|switch|p1a: Tapu Koko|Tapu Koko|88\/100\n|-damage|p1a: Tapu Koko|76\/100|[from] Stealth Rock\n|-fieldstart|move: Electric Terrain|[from] ability: Electric Surge|[of] p1a: Tapu Koko\n|move|p2a: Scizor|U-turn|p1a: Tapu Koko\n|-resisted|p1a: Tapu Koko\n|-damage|p1a: Tapu Koko|52\/100\n|\n|t:|1700461979\n|switch|p2a: Heatran|Heatran, M|100\/100|[from] U-turn\n|-damage|p2a: Heatran|88\/100|[from] Stealth Rock\n|-item|p2a: Heatran|Air Balloon\n|\n|-weather|SunnyDay|[upkeep]\n|upkeep\n|turn|18\n|\n|t:|1700461992\n|switch|p2a: Scizor|Scizor-Mega, F|100\/100\n|-damage|p2a: Scizor|88\/100|[from] Stealth Rock\n|move|p1a: Tapu Koko|Volt Switch|p2a: Scizor\n|-damage|p2a: Scizor|55\/100\n|\n|t:|1700461997\n|switch|p1a: Heatran|Heatran, M, tera:Grass|94\/100|[from] Volt Switch\n|-damage|p1a: Heatran|82\/100|[from] Stealth Rock\n|\n|-weather|none\n|-heal|p1a: Heatran|88\/100|[from] item: Leftovers\n|upkeep\n|turn|19\n|\n|t:|1700462005\n|switch|p2a: Heatran|Heatran, M|88\/100\n|-damage|p2a: Heatran|76\/100|[from] Stealth Rock\n|-item|p2a: Heatran|Air Balloon\n|move|p1a: Heatran|Earth Power|p2a: Heatran\n|-immune|p2a: Heatran\n|\n|-heal|p1a: Heatran|94\/100|[from] item: Leftovers\n|upkeep\n|turn|20\n|\n|t:|1700462020\n|switch|p1a: Dragonite|Dragonite, F|82\/100 tox\n|move|p2a: Heatran|Earth Power|p1a: Dragonite\n|-immune|p1a: Dragonite\n|\n|-damage|p1a: Dragonite|76\/100 tox|[from] psn\n|upkeep\n|turn|21\n|\n|t:|1700462032\n|switch|p2a: Victini|Victini, tera:Fire|76\/100\n|-damage|p2a: Victini|51\/100|[from] Stealth Rock\n|move|p1a: Dragonite|Extreme Speed|p2a: Victini\n|-damage|p2a: Victini|20\/100\n|\n|-damage|p1a: Dragonite|63\/100 tox|[from] psn\n|-fieldend|move: Electric Terrain\n|upkeep\n|turn|22\n|\n|t:|1700462041\n|move|p1a: Dragonite|Extreme Speed|p2a: Victini\n|-damage|p2a: Victini|0 fnt\n|faint|p2a: Victini\n|\n|-damage|p1a: Dragonite|45\/100 tox|[from] psn\n|upkeep\n|\n|t:|1700462043\n|switch|p2a: Scizor|Scizor-Mega, F|55\/100\n|-damage|p2a: Scizor|42\/100|[from] Stealth Rock\n|turn|23\n|\n|t:|1700462047\n|move|p1a: Dragonite|Roost|p1a: Dragonite\n|-heal|p1a: Dragonite|95\/100 tox\n|-singleturn|p1a: Dragonite|move: Roost\n|move|p2a: Scizor|Roost|p2a: Scizor\n|-heal|p2a: Scizor|93\/100\n|-singleturn|p2a: Scizor|move: Roost\n|\n|-damage|p1a: Dragonite|70\/100 tox|[from] psn\n|upkeep\n|turn|24\n|\n|t:|1700462059\n|switch|p1a: Ditto|Ditto|23\/100\n|-damage|p1a: Ditto|11\/100|[from] Stealth Rock\n|-transform|p1a: Ditto|p2a: Scizor|[from] ability: Imposter\n|move|p2a: Scizor|U-turn|p1a: Ditto\n|-resisted|p1a: Ditto\n|-damage|p1a: Ditto|0 fnt\n|faint|p1a: Ditto\n|\n|t:|1700462064\n|switch|p2a: Heatran|Heatran, M|76\/100|[from] U-turn\n|-damage|p2a: Heatran|63\/100|[from] Stealth Rock\n|-item|p2a: Heatran|Air Balloon\n|\n|upkeep\n|\n|t:|1700462066\n|switch|p1a: Tapu Koko|Tapu Koko|52\/100\n|-damage|p1a: Tapu Koko|40\/100|[from] Stealth Rock\n|-fieldstart|move: Electric Terrain|[from] ability: Electric Surge|[of] p1a: Tapu Koko\n|turn|25\n|\n|t:|1700462070\n|switch|p2a: Scizor|Scizor-Mega, F|93\/100\n|-damage|p2a: Scizor|80\/100|[from] Stealth Rock\n|move|p1a: Tapu Koko|Thunderbolt|p2a: Scizor\n|-damage|p2a: Scizor|40\/100\n|\n|upkeep\n|turn|26\n|\n|t:|1700462078\n|move|p1a: Tapu Koko|Thunderbolt|p2a: Scizor\n|-damage|p2a: Scizor|0 fnt\n|faint|p2a: Scizor\n|\n|upkeep\n|\n|t:|1700462081\n|switch|p2a: Heatran|Heatran, M|63\/100\n|-damage|p2a: Heatran|51\/100|[from] Stealth Rock\n|-item|p2a: Heatran|Air Balloon\n|turn|27\n|\n|t:|1700462088\n|move|p1a: Tapu Koko|Thunderbolt|p2a: Heatran\n|-damage|p2a: Heatran|3\/100\n|-enditem|p2a: Heatran|Air Balloon\n|move|p2a: Heatran|Earth Power|p1a: Tapu Koko\n|-supereffective|p1a: Tapu Koko\n|-damage|p1a: Tapu Koko|0 fnt\n|faint|p1a: Tapu Koko\n|\n|upkeep\n|\n|t:|1700462090\n|switch|p1a: Heatran|Heatran, M, tera:Grass|94\/100\n|-damage|p1a: Heatran|82\/100|[from] Stealth Rock\n|turn|28\n|\n|t:|1700462093\n|move|p2a: Heatran|Toxic|p1a: Heatran\n|-status|p1a: Heatran|tox\n|move|p1a: Heatran|Earth Power|p2a: Heatran\n|-supereffective|p2a: Heatran\n|-damage|p2a: Heatran|0 fnt\n|faint|p2a: Heatran\n|\n|win|yanami-go\n|raw|yanami-go's rating: 1671 &rarr; <strong>1697<\/strong><br \/>(+26 for winning)\n|raw|TheGrassKing1's rating: 1779 &rarr; <strong>1753<\/strong><br \/>(-26 for losing)\n|l|\u2606TheGrassKing1\n|l| YJLF2\n|l| KoKohs\n","uploadtime":1700462276,"views":7,"p1id":"yanamigo","p2id":"thegrassking1","formatid":"gen9nationaldex","rating":1697,"private":0,"password":""}