{"id":"gen9nationaldex-1999799597","p1":"famus123","p2":"Greedy Monarch","format":"[Gen 9] National Dex","log":"|html|<div class=\"broadcast-blue\"><strong>[Gen 9] National Dex is currently suspecting Sneasler! For information on how to participate check out the <a href=\"https:\/\/www.smogon.com\/forums\/threads\/sv-national-dex-suspect-8-just-dance.3731534\/\">suspect thread<\/a>.<\/strong><\/div>\n|j|\u2606famus123\n|j|\u2606Greedy Monarch\n|t:|1701117791\n|gametype|singles\n|player|p1|famus123|kukui|1253\n|player|p2|Greedy Monarch|266|1303\n|teamsize|p1|6\n|teamsize|p2|6\n|gen|9\n|tier|[Gen 9] National Dex\n|rated|\n|rule|HP Percentage Mod: HP is shown in percentages\n|rule|Endless Battle Clause: Forcing endless battles is banned\n|rule|OHKO Clause: OHKO moves are banned\n|rule|Evasion Clause: Evasion abilities, items, and moves are banned\n|rule|Evasion Abilities Clause: Evasion abilities are banned\n|rule|Evasion Items Clause: Evasion items are banned\n|rule|Evasion Moves Clause: Evasion moves are banned\n|rule|Species Clause: Limit one of each Pok\u00e9mon\n|rule|Sleep Clause Mod: Limit one foe put to sleep\n|clearpoke\n|poke|p1|Tyranitar, F|\n|poke|p1|Alomomola, F|\n|poke|p1|Moltres|\n|poke|p1|Excadrill, F|\n|poke|p1|Celesteela|\n|poke|p1|Ogerpon-Cornerstone, F|\n|poke|p2|Kleavor, M|\n|poke|p2|Scolipede, M|\n|poke|p2|Scizor, M|\n|poke|p2|Volcarona, F|\n|poke|p2|Buzzwole|\n|poke|p2|Vikavolt, M|\n|teampreview\n|\n|t:|1701117826\n|start\n|switch|p1a: stardust|Alomomola, F, shiny|100\/100\n|switch|p2a: West-Nile|Buzzwole|100\/100\n|turn|1\n|\n|t:|1701117831\n|move|p2a: West-Nile|Power-Up Punch|p1a: stardust\n|-damage|p1a: stardust|87\/100\n|-boost|p2a: West-Nile|atk|1\n|move|p1a: stardust|Toxic|p2a: West-Nile|[miss]\n|-miss|p1a: stardust|p2a: West-Nile\n|\n|upkeep\n|turn|2\n|\n|t:|1701117837\n|-terastallize|p2a: West-Nile|Electric\n|move|p2a: West-Nile|Thunder Punch|p1a: stardust\n|-supereffective|p1a: stardust\n|-damage|p1a: stardust|13\/100\n|move|p1a: stardust|Toxic|p2a: West-Nile\n|-status|p2a: West-Nile|tox\n|\n|-damage|p2a: West-Nile|94\/100 tox|[from] psn\n|upkeep\n|turn|3\n|\n|t:|1701117846\n|switch|p1a: spin or eq ?|Excadrill, F|100\/100\n|move|p2a: West-Nile|Power-Up Punch|p1a: spin or eq ?\n|-supereffective|p1a: spin or eq ?\n|-damage|p1a: spin or eq ?|0 fnt\n|-boost|p2a: West-Nile|atk|1\n|faint|p1a: spin or eq ?\n|-ability|p2a: West-Nile|Beast Boost|boost\n|-boost|p2a: West-Nile|atk|1\n|\n|-damage|p2a: West-Nile|82\/100 tox|[from] psn\n|upkeep\n|\n|t:|1701117857\n|switch|p1a: Celesteela|Celesteela|100\/100\n|turn|4\n|\n|t:|1701117862\n|-terastallize|p1a: Celesteela|Ground\n|move|p2a: West-Nile|Thunder Punch|p1a: Celesteela\n|-immune|p1a: Celesteela\n|move|p1a: Celesteela|Leech Seed|p2a: West-Nile\n|-start|p2a: West-Nile|move: Leech Seed\n|\n|-damage|p2a: West-Nile|70\/100 tox|[from] Leech Seed|[of] p1a: Celesteela\n|-damage|p2a: West-Nile|51\/100 tox|[from] psn\n|upkeep\n|turn|5\n|\n|t:|1701117867\n|move|p1a: Celesteela|Protect|p1a: Celesteela\n|-singleturn|p1a: Celesteela|Protect\n|move|p2a: West-Nile|Ice Punch|p1a: Celesteela\n|-activate|p1a: Celesteela|move: Protect\n|\n|-damage|p2a: West-Nile|39\/100 tox|[from] Leech Seed|[of] p1a: Celesteela\n|-damage|p2a: West-Nile|14\/100 tox|[from] psn\n|upkeep\n|turn|6\n|\n|t:|1701117872\n|switch|p1a: stardust|Alomomola, F, shiny|46\/100\n|move|p2a: West-Nile|Drain Punch|p1a: stardust\n|-crit|p1a: stardust\n|-damage|p1a: stardust|0 fnt\n|-heal|p2a: West-Nile|48\/100 tox|[from] drain|[of] p1a: stardust\n|faint|p1a: stardust\n|-ability|p2a: West-Nile|Beast Boost|boost\n|-boost|p2a: West-Nile|atk|1\n|\n|-damage|p2a: West-Nile|17\/100 tox|[from] psn\n|upkeep\n|\n|t:|1701117875\n|switch|p1a: Celesteela|Celesteela, tera:Ground|100\/100\n|turn|7\n|\n|t:|1701117876\n|move|p1a: Celesteela|Protect|p1a: Celesteela\n|-singleturn|p1a: Celesteela|Protect\n|move|p2a: West-Nile|Drain Punch|p1a: Celesteela\n|-activate|p1a: Celesteela|move: Protect\n|\n|-damage|p2a: West-Nile|4\/100 tox|[from] Leech Seed|[of] p1a: Celesteela\n|-damage|p2a: West-Nile|0 fnt|[from] psn\n|faint|p2a: West-Nile\n|upkeep\n|\n|t:|1701117886\n|switch|p2a: Vesta|Volcarona, F|100\/100\n|turn|8\n|\n|t:|1701117890\n|move|p2a: Vesta|Quiver Dance|p2a: Vesta\n|-boost|p2a: Vesta|spa|1\n|-boost|p2a: Vesta|spd|1\n|-boost|p2a: Vesta|spe|1\n|move|p1a: Celesteela|Leech Seed|p2a: Vesta\n|-start|p2a: Vesta|move: Leech Seed\n|\n|-damage|p2a: Vesta|88\/100|[from] Leech Seed|[of] p1a: Celesteela\n|upkeep\n|turn|9\n|\n|t:|1701117896\n|switch|p1a: oxxo|Tyranitar, F|100\/100\n|-weather|Sandstorm|[from] ability: Sand Stream|[of] p1a: oxxo\n|move|p2a: Vesta|Quiver Dance|p2a: Vesta\n|-boost|p2a: Vesta|spa|1\n|-boost|p2a: Vesta|spd|1\n|-boost|p2a: Vesta|spe|1\n|\n|-weather|Sandstorm|[upkeep]\n|-damage|p2a: Vesta|82\/100|[from] Sandstorm\n|-damage|p2a: Vesta|70\/100|[from] Leech Seed|[of] p1a: oxxo\n|upkeep\n|turn|10\n|\n|t:|1701117902\n|detailschange|p1a: oxxo|Tyranitar-Mega, F\n|-mega|p1a: oxxo|Tyranitar|Tyranitarite\n|move|p2a: Vesta|Bug Buzz|p1a: oxxo\n|-supereffective|p1a: oxxo\n|-damage|p1a: oxxo|0 fnt\n|faint|p1a: oxxo\n|\n|-weather|Sandstorm|[upkeep]\n|-damage|p2a: Vesta|64\/100|[from] Sandstorm\n|upkeep\n|-message|famus123 forfeited.\n|\n|win|Greedy Monarch\n|raw|famus123's rating: 1253 &rarr; <strong>1232<\/strong><br \/>(-21 for losing)\n|raw|Greedy Monarch's rating: 1303 &rarr; <strong>1320<\/strong><br \/>(+17 for winning)\n|l|\u2606famus123\n","uploadtime":1701117916,"views":2,"p1id":"famus123","p2id":"greedymonarch","formatid":"gen9nationaldex","rating":1232,"private":0,"password":""}