{"id":"gen9nationaldex-1993807121","p1":"RKN3522","p2":"mtyqjltz6","format":"[Gen 9] National Dex","log":"|j|\u2606RKN3522\n|j|\u2606mtyqjltz6\n|t:|1700359662\n|gametype|singles\n|player|p1|RKN3522|265|1302\n|player|p2|mtyqjltz6|elesa|1296\n|teamsize|p1|6\n|teamsize|p2|6\n|gen|9\n|tier|[Gen 9] National Dex\n|rated|\n|rule|HP Percentage Mod: HP is shown in percentages\n|rule|Endless Battle Clause: Forcing endless battles is banned\n|rule|OHKO Clause: OHKO moves are banned\n|rule|Evasion Clause: Evasion abilities, items, and moves are banned\n|rule|Evasion Abilities Clause: Evasion abilities are banned\n|rule|Evasion Items Clause: Evasion items are banned\n|rule|Evasion Moves Clause: Evasion moves are banned\n|rule|Species Clause: Limit one of each Pok\u00e9mon\n|rule|Sleep Clause Mod: Limit one foe put to sleep\n|clearpoke\n|poke|p1|Swoobat, M|\n|poke|p1|Ninetales-Alola, M|\n|poke|p1|Lopunny, M|\n|poke|p1|Indeedee-F, F|\n|poke|p1|Glimmora, M|\n|poke|p1|Kartana|\n|poke|p2|Raticate, M|\n|poke|p2|Slowking-Galar, M|\n|poke|p2|Diancie|\n|poke|p2|Rillaboom, M|\n|poke|p2|Zapdos|\n|poke|p2|Blacephalon|\n|teampreview\n|inactive|Battle timer is ON: inactive players will automatically lose when time's up. (requested by mtyqjltz6)\n|\n|t:|1700359677\n|start\n|switch|p1a: Lopunny|Lopunny, M|100\/100\n|switch|p2a: Slowking|Slowking-Galar, M, shiny|100\/100\n|turn|1\n|\n|t:|1700359681\n|switch|p2a: Zapdos|Zapdos|100\/100\n|detailschange|p1a: Lopunny|Lopunny-Mega, M\n|-mega|p1a: Lopunny|Lopunny|Lopunnite\n|move|p1a: Lopunny|Fake Out|p2a: Zapdos\n|-damage|p2a: Zapdos|86\/100\n|\n|upkeep\n|turn|2\n|\n|t:|1700359697\n|switch|p1a: Glimmora|Glimmora, M|100\/100\n|move|p2a: Zapdos|Volt Switch|p1a: Glimmora\n|-damage|p1a: Glimmora|61\/100\n|\n|t:|1700359719\n|switch|p2a: Diancie|Diancie, shiny|100\/100|[from] Volt Switch\n|\n|upkeep\n|turn|3\n|\n|t:|1700359727\n|detailschange|p2a: Diancie|Diancie-Mega, shiny\n|-mega|p2a: Diancie|Diancie|Diancite\n|move|p2a: Diancie|Earth Power|p1a: Glimmora\n|-supereffective|p1a: Glimmora\n|-damage|p1a: Glimmora|0 fnt\n|faint|p1a: Glimmora\n|\n|upkeep\n|\n|t:|1700359739\n|switch|p1a: Kartana|Kartana|100\/100\n|turn|4\n|\n|t:|1700359741\n|switch|p2a: Zapdos|Zapdos|86\/100\n|move|p1a: Kartana|Smart Strike|p2a: Zapdos\n|-resisted|p2a: Zapdos\n|-damage|p2a: Zapdos|69\/100\n|\n|upkeep\n|turn|5\n|\n|t:|1700359751\n|switch|p1a: Ninetales|Ninetales-Alola, M|100\/100\n|-weather|Snow|[from] ability: Snow Warning|[of] p1a: Ninetales\n|move|p2a: Zapdos|Volt Switch|p1a: Ninetales\n|-damage|p1a: Ninetales|65\/100\n|\n|t:|1700359761\n|switch|p2a: Blacephalon|Blacephalon|100\/100|[from] Volt Switch\n|\n|-weather|Snow|[upkeep]\n|upkeep\n|turn|6\n|\n|t:|1700359766\n|move|p2a: Blacephalon|Flamethrower|p1a: Ninetales\n|-supereffective|p1a: Ninetales\n|-damage|p1a: Ninetales|0 fnt\n|faint|p1a: Ninetales\n|-ability|p2a: Blacephalon|Beast Boost|boost\n|-boost|p2a: Blacephalon|spa|1\n|\n|-weather|Snow|[upkeep]\n|upkeep\n|\n|t:|1700359772\n|switch|p1a: Lopunny|Lopunny-Mega, M|100\/100\n|turn|7\n|\n|t:|1700359780\n|move|p2a: Blacephalon|Flamethrower|p1a: Lopunny\n|-damage|p1a: Lopunny|4\/100\n|-status|p1a: Lopunny|brn\n|move|p1a: Lopunny|Return|p2a: Blacephalon\n|-damage|p2a: Blacephalon|40\/100\n|\n|-weather|Snow|[upkeep]\n|-damage|p1a: Lopunny|0 fnt|[from] brn\n|faint|p1a: Lopunny\n|upkeep\n|\n|t:|1700359789\n|switch|p1a: Indeedee|Indeedee-F, F|100\/100\n|-fieldstart|move: Psychic Terrain|[from] ability: Psychic Surge|[of] p1a: Indeedee\n|turn|8\n|\n|t:|1700359800\n|move|p2a: Blacephalon|Flamethrower|p1a: Indeedee\n|-damage|p1a: Indeedee|8\/100\n|-status|p1a: Indeedee|brn\n|move|p1a: Indeedee|Expanding Force|p2a: Blacephalon\n|-crit|p2a: Blacephalon\n|-damage|p2a: Blacephalon|0 fnt\n|faint|p2a: Blacephalon\n|\n|-weather|Snow|[upkeep]\n|-damage|p1a: Indeedee|2\/100 brn|[from] brn\n|upkeep\n|\n|t:|1700359815\n|switch|p2a: Diancie|Diancie-Mega, shiny|100\/100\n|turn|9\n|\n|t:|1700359819\n|move|p1a: Indeedee|Expanding Force|p2a: Diancie\n|-damage|p2a: Diancie|8\/100\n|move|p2a: Diancie|Moonblast|p1a: Indeedee\n|-damage|p1a: Indeedee|0 fnt\n|faint|p1a: Indeedee\n|\n|-weather|none\n|upkeep\n|\n|t:|1700359823\n|switch|p1a: Kartana|Kartana|100\/100\n|turn|10\n|\n|t:|1700359834\n|switch|p2a: Zapdos|Zapdos|69\/100\n|move|p1a: Kartana|Psycho Cut|p2a: Zapdos\n|-damage|p2a: Zapdos|42\/100\n|\n|upkeep\n|turn|11\n|\n|t:|1700359839\n|move|p1a: Kartana|Psycho Cut|p2a: Zapdos\n|-damage|p2a: Zapdos|15\/100\n|move|p2a: Zapdos|Roost|p2a: Zapdos\n|-heal|p2a: Zapdos|65\/100\n|-singleturn|p2a: Zapdos|move: Roost\n|\n|upkeep\n|turn|12\n|\n|t:|1700359844\n|move|p1a: Kartana|Psycho Cut|p2a: Zapdos\n|-damage|p2a: Zapdos|35\/100\n|move|p2a: Zapdos|Roost|p2a: Zapdos\n|-heal|p2a: Zapdos|85\/100\n|-singleturn|p2a: Zapdos|move: Roost\n|\n|-fieldend|move: Psychic Terrain\n|upkeep\n|turn|13\n|\n|t:|1700359850\n|move|p1a: Kartana|Psycho Cut|p2a: Zapdos\n|-crit|p2a: Zapdos\n|-damage|p2a: Zapdos|54\/100\n|move|p2a: Zapdos|Hurricane|p1a: Kartana\n|-damage|p1a: Kartana|12\/100\n|\n|upkeep\n|turn|14\n|\n|t:|1700359857\n|move|p1a: Kartana|Psycho Cut|p2a: Zapdos\n|-damage|p2a: Zapdos|30\/100\n|move|p2a: Zapdos|Roost|p2a: Zapdos\n|-heal|p2a: Zapdos|80\/100\n|-singleturn|p2a: Zapdos|move: Roost\n|\n|upkeep\n|turn|15\n|-message|RKN3522 forfeited.\n|\n|win|mtyqjltz6\n|raw|RKN3522's rating: 1302 &rarr; <strong>1282<\/strong><br \/>(-20 for losing)\n|raw|mtyqjltz6's rating: 1296 &rarr; <strong>1321<\/strong><br \/>(+25 for winning)\n|l|\u2606RKN3522\n","uploadtime":1700359865,"views":7,"p1id":"rkn3522","p2id":"mtyqjltz6","formatid":"gen9nationaldex","rating":1282,"private":0,"password":""}