{"id":"gen9nationaldex-2000321534","p1":"Derpynugget08","p2":"Costulo","format":"[Gen 9] National Dex","log":"|html|<div class=\"broadcast-blue\"><strong>[Gen 9] National Dex is currently suspecting Sneasler! For information on how to participate check out the <a href=\"https:\/\/www.smogon.com\/forums\/threads\/sv-national-dex-suspect-8-just-dance.3731534\/\">suspect thread<\/a>.<\/strong><\/div>\n|j|\u2606Derpynugget08\n|j|\u2606Costulo\n|t:|1701184778\n|gametype|singles\n|player|p1|Derpynugget08|blaine|1075\n|player|p2|Costulo|102|1112\n|teamsize|p1|6\n|teamsize|p2|6\n|gen|9\n|tier|[Gen 9] National Dex\n|rated|\n|rule|HP Percentage Mod: HP is shown in percentages\n|rule|Endless Battle Clause: Forcing endless battles is banned\n|rule|OHKO Clause: OHKO moves are banned\n|rule|Evasion Clause: Evasion abilities, items, and moves are banned\n|rule|Evasion Abilities Clause: Evasion abilities are banned\n|rule|Evasion Items Clause: Evasion items are banned\n|rule|Evasion Moves Clause: Evasion moves are banned\n|rule|Species Clause: Limit one of each Pok\u00e9mon\n|rule|Sleep Clause Mod: Limit one foe put to sleep\n|clearpoke\n|poke|p1|Haxorus, F|\n|poke|p1|Serperior, F|\n|poke|p1|Volcarona, M|\n|poke|p1|Simipour, M|\n|poke|p1|Krookodile, M|\n|poke|p1|Klinklang|\n|poke|p2|Cinderace, M|\n|poke|p2|Volcarona, F|\n|poke|p2|Vikavolt, M|\n|poke|p2|Flygon, M|\n|poke|p2|Torkoal, M|\n|poke|p2|Togekiss, F|\n|teampreview\n|\n|t:|1701184799\n|start\n|switch|p1a: Klinklang|Klinklang, shiny|100\/100\n|switch|p2a: Beardo|Vikavolt, M|100\/100\n|turn|1\n|\n|t:|1701184812\n|move|p1a: Klinklang|Shift Gear|p1a: Klinklang\n|-boost|p1a: Klinklang|spe|2\n|-boost|p1a: Klinklang|atk|1\n|move|p2a: Beardo|Volt Switch|p1a: Klinklang\n|-damage|p1a: Klinklang|52\/100\n|\n|t:|1701184818\n|switch|p2a: Sam|Torkoal, M|100\/100|[from] Volt Switch\n|-weather|SunnyDay|[from] ability: Drought|[of] p2a: Sam\n|\n|-weather|SunnyDay|[upkeep]\n|upkeep\n|turn|2\n|\n|t:|1701184830\n|move|p1a: Klinklang|Gear Grind|p2a: Sam|[miss]\n|-miss|p1a: Klinklang|p2a: Sam\n|move|p2a: Sam|Flamethrower|p1a: Klinklang\n|-supereffective|p1a: Klinklang\n|-damage|p1a: Klinklang|0 fnt\n|faint|p1a: Klinklang\n|\n|-weather|SunnyDay|[upkeep]\n|upkeep\n|\n|t:|1701184849\n|switch|p1a: Simipour|Simipour, M|100\/100\n|turn|3\n|\n|t:|1701184854\n|switch|p2a: Kitty|Volcarona, F|100\/100\n|move|p1a: Simipour|Hydro Pump|p2a: Kitty\n|-supereffective|p2a: Kitty\n|-damage|p2a: Kitty|46\/100\n|\n|-weather|SunnyDay|[upkeep]\n|upkeep\n|turn|4\n|\n|t:|1701184862\n|move|p2a: Kitty|Giga Drain|p1a: Simipour\n|-supereffective|p1a: Simipour\n|-damage|p1a: Simipour|17\/100\n|-heal|p2a: Kitty|86\/100|[from] drain|[of] p1a: Simipour\n|move|p1a: Simipour|Scald|p2a: Kitty\n|-supereffective|p2a: Kitty\n|-damage|p2a: Kitty|26\/100\n|\n|-weather|SunnyDay|[upkeep]\n|-heal|p1a: Simipour|23\/100|[from] item: Leftovers\n|upkeep\n|turn|5\n|\n|t:|1701184885\n|move|p2a: Kitty|Giga Drain|p1a: Simipour\n|-supereffective|p1a: Simipour\n|-damage|p1a: Simipour|0 fnt\n|-heal|p2a: Kitty|37\/100|[from] drain|[of] p1a: Simipour\n|faint|p1a: Simipour\n|\n|-weather|none\n|upkeep\n|\n|t:|1701184892\n|switch|p1a: Serperior|Serperior, F, shiny|100\/100\n|turn|6\n|\n|t:|1701184896\n|move|p1a: Serperior|Substitute|p1a: Serperior\n|-start|p1a: Serperior|Substitute\n|-damage|p1a: Serperior|75\/100\n|move|p2a: Kitty|Quiver Dance|p2a: Kitty\n|-boost|p2a: Kitty|spa|1\n|-boost|p2a: Kitty|spd|1\n|-boost|p2a: Kitty|spe|1\n|\n|upkeep\n|turn|7\n|\n|t:|1701184910\n|move|p2a: Kitty|Flamethrower|p1a: Serperior\n|-supereffective|p1a: Serperior\n|-end|p1a: Serperior|Substitute\n|move|p1a: Serperior|Leaf Storm|p2a: Kitty\n|-resisted|p2a: Kitty\n|-damage|p2a: Kitty|29\/100\n|-boost|p1a: Serperior|spa|2\n|\n|upkeep\n|turn|8\n|\n|t:|1701184924\n|move|p2a: Kitty|Flamethrower|p1a: Serperior\n|-supereffective|p1a: Serperior\n|-damage|p1a: Serperior|0 fnt\n|faint|p1a: Serperior\n|\n|upkeep\n|\n|t:|1701184930\n|switch|p1a: Krookodile|Krookodile, M|100\/100\n|-ability|p1a: Krookodile|Intimidate|boost\n|-unboost|p2a: Kitty|atk|1\n|turn|9\n|\n|t:|1701184946\n|move|p2a: Kitty|Giga Drain|p1a: Krookodile\n|-supereffective|p1a: Krookodile\n|-damage|p1a: Krookodile|26\/100\n|-heal|p2a: Kitty|69\/100|[from] drain|[of] p1a: Krookodile\n|move|p1a: Krookodile|Darkest Lariat|p2a: Kitty\n|-damage|p2a: Kitty|0 fnt\n|-status|p1a: Krookodile|brn|[from] ability: Flame Body|[of] p2a: Kitty\n|faint|p2a: Kitty\n|\n|-damage|p1a: Krookodile|20\/100 brn|[from] brn\n|upkeep\n|\n|t:|1701184957\n|switch|p2a: Beardo|Vikavolt, M|100\/100\n|turn|10\n|\n|t:|1701184963\n|move|p1a: Krookodile|Earthquake|p2a: Beardo\n|-immune|p2a: Beardo|[from] ability: Levitate\n|move|p2a: Beardo|Energy Ball|p1a: Krookodile\n|-supereffective|p1a: Krookodile\n|-damage|p1a: Krookodile|0 fnt\n|faint|p1a: Krookodile\n|\n|upkeep\n|\n|t:|1701184972\n|switch|p1a: Haxorus|Haxorus, F, shiny|100\/100\n|-ability|p1a: Haxorus|Mold Breaker\n|turn|11\n|\n|t:|1701184976\n|move|p1a: Haxorus|Earthquake|p2a: Beardo\n|-damage|p2a: Beardo|56\/100\n|move|p2a: Beardo|Thunder Wave|p1a: Haxorus\n|-status|p1a: Haxorus|par\n|\n|upkeep\n|turn|12\n|\n|t:|1701184984\n|move|p2a: Beardo|Sticky Web|p1a: Haxorus\n|-sidestart|p1: Derpynugget08|move: Sticky Web\n|move|p1a: Haxorus|Earthquake|p2a: Beardo\n|-damage|p2a: Beardo|7\/100\n|\n|upkeep\n|turn|13\n|\n|t:|1701184993\n|move|p2a: Beardo|Energy Ball|p1a: Haxorus\n|-resisted|p1a: Haxorus\n|-damage|p1a: Haxorus|78\/100 par\n|move|p1a: Haxorus|Substitute|p1a: Haxorus\n|-start|p1a: Haxorus|Substitute\n|-damage|p1a: Haxorus|53\/100 par\n|\n|-heal|p1a: Haxorus|59\/100 par|[from] item: Leftovers\n|upkeep\n|turn|14\n|\n|t:|1701185003\n|move|p2a: Beardo|Energy Ball|p1a: Haxorus\n|-resisted|p1a: Haxorus\n|-crit|p1a: Haxorus\n|-end|p1a: Haxorus|Substitute\n|move|p1a: Haxorus|Earthquake|p2a: Beardo\n|-damage|p2a: Beardo|0 fnt\n|faint|p2a: Beardo\n|\n|-heal|p1a: Haxorus|65\/100 par|[from] item: Leftovers\n|upkeep\n|\n|t:|1701185012\n|switch|p2a: Josee|Togekiss, F|100\/100\n|turn|15\n|\n|t:|1701185036\n|switch|p1a: Volcarona|Volcarona, M|100\/100\n|-activate|p1a: Volcarona|move: Sticky Web\n|-unboost|p1a: Volcarona|spe|1\n|move|p2a: Josee|Dazzling Gleam|p1a: Volcarona\n|-resisted|p1a: Volcarona\n|-damage|p1a: Volcarona|81\/100\n|\n|upkeep\n|turn|16\n|\n|t:|1701185047\n|-terastallize|p1a: Volcarona|Bug\n|move|p2a: Josee|Air Slash|p1a: Volcarona\n|-supereffective|p1a: Volcarona\n|-damage|p1a: Volcarona|0 fnt\n|faint|p1a: Volcarona\n|\n|upkeep\n|\n|t:|1701185053\n|switch|p1a: Haxorus|Haxorus, F, shiny|65\/100 par\n|-activate|p1a: Haxorus|move: Sticky Web\n|-unboost|p1a: Haxorus|spe|1\n|-ability|p1a: Haxorus|Mold Breaker\n|turn|17\n|\n|t:|1701185062\n|move|p2a: Josee|Dazzling Gleam|p1a: Haxorus\n|-supereffective|p1a: Haxorus\n|-damage|p1a: Haxorus|0 fnt\n|faint|p1a: Haxorus\n|\n|win|Costulo\n|raw|Derpynugget08's rating: 1075 &rarr; <strong>1056<\/strong><br \/>(-19 for losing)\n|raw|Costulo's rating: 1112 &rarr; <strong>1134<\/strong><br \/>(+22 for winning)\n","uploadtime":1701185068,"views":5,"p1id":"derpynugget08","p2id":"costulo","formatid":"gen9nationaldex","rating":1056,"private":0,"password":""}