{"id":"gen9nationaldex-1992761782","p1":"DreamFreedom","p2":"mytwistedtas","format":"[Gen 9] National Dex","log":"|j|\u2606DreamFreedom\n|j|\u2606mytwistedtas\n|t:|1700233132\n|gametype|singles\n|player|p1|DreamFreedom|bianca|1595\n|player|p2|mytwistedtas|2|1515\n|teamsize|p1|6\n|teamsize|p2|6\n|gen|9\n|tier|[Gen 9] National Dex\n|rated|\n|rule|HP Percentage Mod: HP is shown in percentages\n|rule|Endless Battle Clause: Forcing endless battles is banned\n|rule|OHKO Clause: OHKO moves are banned\n|rule|Evasion Clause: Evasion abilities, items, and moves are banned\n|rule|Evasion Abilities Clause: Evasion abilities are banned\n|rule|Evasion Items Clause: Evasion items are banned\n|rule|Evasion Moves Clause: Evasion moves are banned\n|rule|Species Clause: Limit one of each Pok\u00e9mon\n|rule|Sleep Clause Mod: Limit one foe put to sleep\n|clearpoke\n|poke|p1|Kyurem|\n|poke|p1|Moltres|\n|poke|p1|Garchomp, M|\n|poke|p1|Tapu Lele|\n|poke|p1|Sneasler, F|\n|poke|p1|Ogerpon-Wellspring, F|\n|poke|p2|Dragonite, M|\n|poke|p2|Volcarona, M|\n|poke|p2|Scizor, M|\n|poke|p2|Rotom-Wash|\n|poke|p2|Zamazenta-*|\n|poke|p2|Landorus-Therian, M|\n|teampreview\n|\n|t:|1700233138\n|start\n|switch|p1a: Kyurem|Kyurem|100\/100\n|switch|p2a: Landorus|Landorus-Therian, M|100\/100\n|-ability|p1a: Kyurem|Pressure\n|-ability|p2a: Landorus|Intimidate|boost\n|-unboost|p1a: Kyurem|atk|1\n|turn|1\n|\n|t:|1700233151\n|move|p1a: Kyurem|Freeze-Dry|p2a: Landorus\n|-supereffective|p2a: Landorus\n|-damage|p2a: Landorus|0 fnt\n|faint|p2a: Landorus\n|-damage|p1a: Kyurem|91\/100|[from] item: Life Orb\n|\n|upkeep\n|\n|t:|1700233154\n|switch|p2a: Volcarona|Volcarona, M|100\/100\n|turn|2\n|\n|t:|1700233157\n|move|p1a: Kyurem|Draco Meteor|p2a: Volcarona\n|-damage|p2a: Volcarona|0 fnt\n|-unboost|p1a: Kyurem|spa|2\n|faint|p2a: Volcarona\n|-damage|p1a: Kyurem|81\/100|[from] item: Life Orb\n|\n|upkeep\n|inactive|Battle timer is ON: inactive players will automatically lose when time's up. (requested by DreamFreedom)\n|\n|t:|1700233182\n|switch|p2a: Dragonite|Dragonite, M|100\/100\n|turn|3\n|\n|t:|1700233188\n|-terastallize|p2a: Dragonite|Normal\n|move|p1a: Kyurem|Freeze-Dry|p2a: Dragonite\n|-damage|p2a: Dragonite|87\/100\n|-damage|p1a: Kyurem|71\/100|[from] item: Life Orb\n|move|p2a: Dragonite|Dragon Dance|p2a: Dragonite\n|-boost|p2a: Dragonite|atk|1\n|-boost|p2a: Dragonite|spe|1\n|\n|upkeep\n|turn|4\n|\n|t:|1700233192\n|switch|p1a: Garchomp|Garchomp, M|100\/100\n|move|p2a: Dragonite|Dragon Dance|p2a: Dragonite\n|-boost|p2a: Dragonite|atk|1\n|-boost|p2a: Dragonite|spe|1\n|\n|upkeep\n|turn|5\n|\n|t:|1700233198\n|move|p2a: Dragonite|Extreme Speed|p1a: Garchomp\n|-damage|p1a: Garchomp|48\/100\n|-damage|p2a: Dragonite|75\/100|[from] ability: Rough Skin|[of] p1a: Garchomp\n|-damage|p2a: Dragonite|58\/100|[from] item: Rocky Helmet|[of] p1a: Garchomp\n|move|p1a: Garchomp|Dragon Tail|p2a: Dragonite\n|-damage|p2a: Dragonite|31\/100\n|drag|p2a: Scizor|Scizor, M|100\/100\n|\n|upkeep\n|turn|6\n|\n|t:|1700233206\n|detailschange|p2a: Scizor|Scizor-Mega, M\n|-mega|p2a: Scizor|Scizor|Scizorite\n|move|p1a: Garchomp|Stealth Rock|p2a: Scizor\n|-sidestart|p2: mytwistedtas|move: Stealth Rock\n|move|p2a: Scizor|Bug Bite|p1a: Garchomp\n|-damage|p1a: Garchomp|12\/100\n|-damage|p2a: Scizor|88\/100|[from] ability: Rough Skin|[of] p1a: Garchomp\n|-damage|p2a: Scizor|72\/100|[from] item: Rocky Helmet|[of] p1a: Garchomp\n|\n|upkeep\n|turn|7\n|\n|t:|1700233211\n|move|p2a: Scizor|Bullet Punch|p1a: Garchomp\n|-damage|p1a: Garchomp|0 fnt\n|-damage|p2a: Scizor|59\/100|[from] ability: Rough Skin|[of] p1a: Garchomp\n|-damage|p2a: Scizor|43\/100|[from] item: Rocky Helmet|[of] p1a: Garchomp\n|faint|p1a: Garchomp\n|\n|upkeep\n|\n|t:|1700233218\n|switch|p1a: Moltres|Moltres|100\/100\n|turn|8\n|\n|t:|1700233221\n|switch|p2a: Rotom|Rotom-Wash|100\/100\n|-damage|p2a: Rotom|88\/100|[from] Stealth Rock\n|move|p1a: Moltres|U-turn|p2a: Rotom\n|-damage|p2a: Rotom|73\/100\n|\n|t:|1700233225\n|switch|p1a: Kyurem|Kyurem|71\/100|[from] U-turn\n|-ability|p1a: Kyurem|Pressure\n|\n|-heal|p2a: Rotom|79\/100|[from] item: Leftovers\n|upkeep\n|turn|9\n|\n|t:|1700233230\n|move|p1a: Kyurem|Freeze-Dry|p2a: Rotom\n|-supereffective|p2a: Rotom\n|-damage|p2a: Rotom|0 fnt\n|faint|p2a: Rotom\n|-damage|p1a: Kyurem|61\/100|[from] item: Life Orb\n|\n|upkeep\n|\n|t:|1700233233\n|switch|p2a: Dragonite|Dragonite, M, tera:Normal|31\/100\n|turn|10\n|\n|t:|1700233236\n|move|p2a: Dragonite|Extreme Speed|p1a: Kyurem\n|-damage|p1a: Kyurem|17\/100\n|move|p1a: Kyurem|Roost|p1a: Kyurem\n|-heal|p1a: Kyurem|67\/100\n|-singleturn|p1a: Kyurem|move: Roost\n|\n|upkeep\n|turn|11\n|l|\u2606mytwistedtas\n|inactive|mytwistedtas disconnected and has a minute to reconnect!\n|player|p2|\n|inactive|mytwistedtas has 30 seconds to reconnect!\n|inactive|mytwistedtas has 20 seconds to reconnect!\n|inactive|mytwistedtas has 15 seconds to reconnect!\n|inactive|mytwistedtas has 10 seconds to reconnect!\n|inactive|mytwistedtas has 5 seconds to reconnect!\n|-message|mytwistedtas lost due to inactivity.\n|\n|win|DreamFreedom\n|raw|DreamFreedom's rating: 1595 &rarr; <strong>1610<\/strong><br \/>(+15 for winning)\n|raw|mytwistedtas's rating: 1515 &rarr; <strong>1500<\/strong><br \/>(-15 for losing)\n","uploadtime":1700233318,"views":7,"p1id":"dreamfreedom","p2id":"mytwistedtas","formatid":"gen9nationaldex","rating":1500,"private":0,"password":""}