{"id":"gen9nationaldex-1995054750","p1":"RakzoTR","p2":"Ji-Day","format":"[Gen 9] National Dex","log":"|html|<div class=\"broadcast-blue\"><strong>[Gen 9] National Dex is currently suspecting Sneasler! For information on how to participate check out the <a href=\"https:\/\/www.smogon.com\/forums\/threads\/sv-national-dex-suspect-8-just-dance.3731534\/\">suspect thread<\/a>.<\/strong><\/div>\n|j|\u2606RakzoTR\n|j|\u2606Ji-Day\n|t:|1700517660\n|gametype|singles\n|player|p1|RakzoTR|gambler|1437\n|player|p2|Ji-Day|1|1378\n|teamsize|p1|6\n|teamsize|p2|6\n|gen|9\n|tier|[Gen 9] National Dex\n|rated|\n|rule|HP Percentage Mod: HP is shown in percentages\n|rule|Endless Battle Clause: Forcing endless battles is banned\n|rule|OHKO Clause: OHKO moves are banned\n|rule|Evasion Clause: Evasion abilities, items, and moves are banned\n|rule|Evasion Abilities Clause: Evasion abilities are banned\n|rule|Evasion Items Clause: Evasion items are banned\n|rule|Evasion Moves Clause: Evasion moves are banned\n|rule|Species Clause: Limit one of each Pok\u00e9mon\n|rule|Sleep Clause Mod: Limit one foe put to sleep\n|clearpoke\n|poke|p1|Goodra-Hisui, F|\n|poke|p1|Ogerpon-Wellspring, F|\n|poke|p1|Donphan, M|\n|poke|p1|Zamazenta-*|\n|poke|p1|Cinderace, M|\n|poke|p1|Zapdos|\n|poke|p2|Jolteon, M|\n|poke|p2|Machamp, M|\n|poke|p2|Venusaur, M|\n|poke|p2|Steelix, F|\n|poke|p2|Goodra, F|\n|poke|p2|Talonflame, M|\n|teampreview\n|\n|t:|1700517693\n|start\n|switch|p1a: Zip-Zap-Dos|Zapdos|100\/100\n|switch|p2a: Machamp|Machamp, M|100\/100\n|turn|1\n|\n|t:|1700517700\n|move|p1a: Zip-Zap-Dos|Hurricane|p2a: Machamp\n|-supereffective|p2a: Machamp\n|-damage|p2a: Machamp|0 fnt\n|faint|p2a: Machamp\n|\n|upkeep\n|\n|t:|1700517708\n|switch|p2a: Steelix|Steelix, F|100\/100\n|turn|2\n|inactive|Battle timer is ON: inactive players will automatically lose when time's up. (requested by Ji-Day)\n|\n|t:|1700517715\n|move|p1a: Zip-Zap-Dos|Heat Wave|p2a: Steelix\n|-supereffective|p2a: Steelix\n|-damage|p2a: Steelix|11\/100\n|move|p2a: Steelix|Stealth Rock|p1a: Zip-Zap-Dos\n|-sidestart|p1: RakzoTR|move: Stealth Rock\n|\n|-heal|p2a: Steelix|17\/100|[from] item: Leftovers\n|upkeep\n|turn|3\n|\n|t:|1700517724\n|switch|p2a: Jolteon|Jolteon, M|100\/100\n|move|p1a: Zip-Zap-Dos|Heat Wave|p2a: Jolteon\n|-damage|p2a: Jolteon|53\/100\n|-status|p2a: Jolteon|brn\n|\n|-damage|p2a: Jolteon|47\/100 brn|[from] brn\n|upkeep\n|turn|4\n|\n|t:|1700517734\n|switch|p1a: Rhaenyra|Goodra-Hisui, F|100\/100\n|-damage|p1a: Rhaenyra|94\/100|[from] Stealth Rock\n|move|p2a: Jolteon|Hidden Power|p1a: Rhaenyra\n|-damage|p1a: Rhaenyra|82\/100\n|\n|-damage|p2a: Jolteon|41\/100 brn|[from] brn\n|upkeep\n|turn|5\n|inactive|RakzoTR has 120 seconds left.\n|\n|t:|1700517768\n|switch|p2a: Talonflame|Talonflame, M|100\/100\n|move|p1a: Rhaenyra|Draco Meteor|p2a: Talonflame\n|-damage|p2a: Talonflame|6\/100\n|-unboost|p1a: Rhaenyra|spa|2\n|\n|upkeep\n|turn|6\n|\n|t:|1700517777\n|move|p2a: Talonflame|Flare Blitz|p1a: Rhaenyra\n|-damage|p1a: Rhaenyra|41\/100\n|-damage|p2a: Talonflame|0 fnt|[from] Recoil\n|faint|p2a: Talonflame\n|move|p1a: Rhaenyra|Earthquake|p2: Talonflame|[notarget]\n|-fail|p1a: Rhaenyra\n|\n|upkeep\n|\n|t:|1700517789\n|switch|p2a: Venusaur|Venusaur, M|100\/100\n|turn|7\n|\n|t:|1700517796\n|detailschange|p2a: Venusaur|Venusaur-Mega, M\n|-mega|p2a: Venusaur|Venusaur|Venusaurite\n|move|p2a: Venusaur|Earth Power|p1a: Rhaenyra\n|-supereffective|p1a: Rhaenyra\n|-damage|p1a: Rhaenyra|12\/100\n|move|p1a: Rhaenyra|Draco Meteor|p2a: Venusaur\n|-damage|p2a: Venusaur|70\/100\n|-unboost|p1a: Rhaenyra|spa|2\n|\n|upkeep\n|turn|8\n|\n|t:|1700517811\n|move|p2a: Venusaur|Hidden Power|p1a: Rhaenyra\n|-damage|p1a: Rhaenyra|2\/100\n|move|p1a: Rhaenyra|Draco Meteor|p2a: Venusaur\n|-damage|p2a: Venusaur|48\/100\n|-unboost|p1a: Rhaenyra|spa|2\n|\n|upkeep\n|turn|9\n|\n|t:|1700517823\n|move|p2a: Venusaur|Earth Power|p1a: Rhaenyra\n|-supereffective|p1a: Rhaenyra\n|-damage|p1a: Rhaenyra|0 fnt\n|faint|p1a: Rhaenyra\n|\n|upkeep\n|\n|t:|1700517835\n|switch|p1a: Zip-Zap-Dos|Zapdos|100\/100\n|-damage|p1a: Zip-Zap-Dos|76\/100|[from] Stealth Rock\n|turn|10\n|\n|t:|1700517843\n|switch|p2a: Goodra|Goodra, F|100\/100\n|move|p1a: Zip-Zap-Dos|Hurricane|p2a: Goodra|[miss]\n|-miss|p1a: Zip-Zap-Dos|p2a: Goodra\n|\n|upkeep\n|turn|11\n|\n|t:|1700517856\n|move|p1a: Zip-Zap-Dos|Volt Switch|p2a: Goodra\n|-resisted|p2a: Goodra\n|-damage|p2a: Goodra|92\/100\n|\n|t:|1700517859\n|switch|p1a: Rammot|Cinderace, M|100\/100|[from] Volt Switch\n|move|p2a: Goodra|Ice Beam|p1a: Rammot\n|-resisted|p1a: Rammot\n|-damage|p1a: Rammot|83\/100\n|\n|upkeep\n|turn|12\n|\n|t:|1700517869\n|move|p1a: Rammot|Court Change|p1a: Rammot\n|-swapsideconditions\n|-activate|p1a: Rammot|move: Court Change\n|move|p2a: Goodra|Draco Meteor|p1a: Rammot\n|-crit|p1a: Rammot\n|-damage|p1a: Rammot|0 fnt\n|-unboost|p2a: Goodra|spa|2\n|faint|p1a: Rammot\n|\n|upkeep\n|\n|t:|1700517890\n|switch|p1a: Ogo|Ogerpon-Wellspring, F|100\/100\n|turn|13\n|\n|t:|1700517907\n|move|p1a: Ogo|Substitute|p1a: Ogo\n|-start|p1a: Ogo|Substitute\n|-damage|p1a: Ogo|76\/100\n|move|p2a: Goodra|Sludge Bomb|p1a: Ogo\n|-supereffective|p1a: Ogo\n|-end|p1a: Ogo|Substitute\n|\n|upkeep\n|turn|14\n|\n|t:|1700517915\n|switch|p1a: Kandula|Donphan, M|100\/100\n|move|p2a: Goodra|Sludge Bomb|p1a: Kandula\n|-resisted|p1a: Kandula\n|-damage|p1a: Kandula|89\/100\n|\n|upkeep\n|turn|15\n|\n|t:|1700517927\n|move|p1a: Kandula|Earthquake|p2a: Goodra\n|-damage|p2a: Goodra|29\/100\n|move|p2a: Goodra|Ice Beam|p1a: Kandula\n|-supereffective|p1a: Kandula\n|-damage|p1a: Kandula|41\/100\n|\n|upkeep\n|turn|16\n|inactive|RakzoTR has 120 seconds left.\n|\n|t:|1700517965\n|switch|p2a: Steelix|Steelix, F|17\/100\n|-damage|p2a: Steelix|14\/100|[from] Stealth Rock\n|move|p1a: Kandula|Earthquake|p2a: Steelix\n|-supereffective|p2a: Steelix\n|-damage|p2a: Steelix|0 fnt\n|faint|p2a: Steelix\n|\n|upkeep\n|\n|t:|1700517978\n|switch|p2a: Venusaur|Venusaur-Mega, M|48\/100\n|-damage|p2a: Venusaur|36\/100|[from] Stealth Rock\n|turn|17\n|\n|t:|1700517986\n|move|p2a: Venusaur|Giga Drain|p1a: Kandula\n|-supereffective|p1a: Kandula\n|-damage|p1a: Kandula|0 fnt\n|-heal|p2a: Venusaur|58\/100|[from] drain|[of] p1a: Kandula\n|faint|p1a: Kandula\n|\n|upkeep\n|\n|t:|1700517988\n|switch|p1a: Zip-Zap-Dos|Zapdos|76\/100\n|turn|18\n|\n|t:|1700517999\n|switch|p2a: Goodra|Goodra, F|29\/100\n|-damage|p2a: Goodra|17\/100|[from] Stealth Rock\n|move|p1a: Zip-Zap-Dos|Hurricane|p2a: Goodra\n|-crit|p2a: Goodra\n|-damage|p2a: Goodra|0 fnt\n|faint|p2a: Goodra\n|\n|upkeep\n|\n|t:|1700518010\n|switch|p2a: Jolteon|Jolteon, M|41\/100 brn\n|-damage|p2a: Jolteon|29\/100 brn|[from] Stealth Rock\n|turn|19\n|\n|t:|1700518020\n|switch|p1a: WhatTheDogDoing?|Zamazenta|100\/100\n|-ability|p1a: WhatTheDogDoing?|Dauntless Shield|boost\n|-boost|p1a: WhatTheDogDoing?|def|1\n|move|p2a: Jolteon|Thunderbolt|p1a: WhatTheDogDoing?\n|-damage|p1a: WhatTheDogDoing?|38\/100\n|-status|p1a: WhatTheDogDoing?|par\n|\n|-damage|p2a: Jolteon|23\/100 brn|[from] brn\n|upkeep\n|turn|20\n|\n|t:|1700518031\n|move|p2a: Jolteon|Thunderbolt|p1a: WhatTheDogDoing?\n|-damage|p1a: WhatTheDogDoing?|0 fnt\n|faint|p1a: WhatTheDogDoing?\n|\n|-damage|p2a: Jolteon|17\/100 brn|[from] brn\n|upkeep\n|\n|t:|1700518035\n|switch|p1a: Ogo|Ogerpon-Wellspring, F|76\/100\n|turn|21\n|\n|t:|1700518042\n|switch|p2a: Venusaur|Venusaur-Mega, M|58\/100\n|-damage|p2a: Venusaur|46\/100|[from] Stealth Rock\n|move|p1a: Ogo|Ivy Cudgel|p2a: Venusaur|[anim] Ivy Cudgel Water\n|-resisted|p2a: Venusaur\n|-damage|p2a: Venusaur|19\/100\n|\n|upkeep\n|turn|22\n|c|\u2606RakzoTR|Your luck\n|c|\u2606RakzoTR|Bro\n|\n|t:|1700518050\n|move|p1a: Ogo|Zen Headbutt|p2a: Venusaur\n|-supereffective|p2a: Venusaur\n|-damage|p2a: Venusaur|0 fnt\n|faint|p2a: Venusaur\n|\n|upkeep\n|\n|t:|1700518056\n|switch|p2a: Jolteon|Jolteon, M|17\/100 brn\n|-damage|p2a: Jolteon|5\/100 brn|[from] Stealth Rock\n|turn|23\n|\n|t:|1700518061\n|move|p2a: Jolteon|Thunderbolt|p1a: Ogo\n|-damage|p1a: Ogo|8\/100\n|move|p1a: Ogo|Ivy Cudgel|p2a: Jolteon|[anim] Ivy Cudgel Water\n|-damage|p2a: Jolteon|0 fnt\n|faint|p2a: Jolteon\n|\n|win|RakzoTR\n|raw|RakzoTR's rating: 1466 &rarr; <strong>1481<\/strong><br \/>(+15 for winning)\n|raw|Ji-Day's rating: 1378 &rarr; <strong>1363<\/strong><br \/>(-15 for losing)\n|l|\u2606Ji-Day\n","uploadtime":1700519060,"views":1,"p1id":"rakzotr","p2id":"jiday","formatid":"gen9nationaldex","rating":1363,"private":0,"password":""}