{"id":"gen9nationaldex-1997959373","p1":"Adementia","p2":"crash&coco159","format":"[Gen 9] National Dex","log":"|html|<div class=\"broadcast-blue\"><strong>[Gen 9] National Dex is currently suspecting Sneasler! For information on how to participate check out the <a href=\"https:\/\/www.smogon.com\/forums\/threads\/sv-national-dex-suspect-8-just-dance.3731534\/\">suspect thread<\/a>.<\/strong><\/div>\n|j|\u2606Adementia\n|j|\u2606crash&coco159\n|t:|1700872299\n|gametype|singles\n|player|p1|Adementia|265|1613\n|player|p2|crash&coco159|102|1577\n|teamsize|p1|6\n|teamsize|p2|6\n|gen|9\n|tier|[Gen 9] National Dex\n|rated|\n|rule|HP Percentage Mod: HP is shown in percentages\n|rule|Endless Battle Clause: Forcing endless battles is banned\n|rule|OHKO Clause: OHKO moves are banned\n|rule|Evasion Clause: Evasion abilities, items, and moves are banned\n|rule|Evasion Abilities Clause: Evasion abilities are banned\n|rule|Evasion Items Clause: Evasion items are banned\n|rule|Evasion Moves Clause: Evasion moves are banned\n|rule|Species Clause: Limit one of each Pok\u00e9mon\n|rule|Sleep Clause Mod: Limit one foe put to sleep\n|clearpoke\n|poke|p1|Iron Hands|\n|poke|p1|Tyranitar, F|\n|poke|p1|Enamorus, F|\n|poke|p1|Great Tusk|\n|poke|p1|Slowking-Galar, F|\n|poke|p1|Kartana|\n|poke|p2|Garchomp, F|\n|poke|p2|Glimmora, M|\n|poke|p2|Celesteela|\n|poke|p2|Lopunny, F|\n|poke|p2|Iron Valiant|\n|poke|p2|Skeledirge, M|\n|teampreview\n|j| ourat\n|l| ourat\n|\n|t:|1700872329\n|start\n|switch|p1a: trademark usa|Great Tusk|100\/100\n|switch|p2a: Celesteela|Celesteela|100\/100\n|turn|1\n|\n|t:|1700872338\n|-end|p1a: trademark usa|Protosynthesis|[silent]\n|switch|p1a: durag activity|Slowking-Galar, F|100\/100\n|move|p2a: Celesteela|Air Slash|p1a: durag activity\n|-damage|p1a: durag activity|72\/100\n|\n|upkeep\n|turn|2\n|\n|t:|1700872347\n|switch|p2a: Glimmora|Glimmora, M|100\/100\n|move|p1a: durag activity|Thunder Wave|p2a: Glimmora\n|-status|p2a: Glimmora|par\n|\n|upkeep\n|turn|3\n|\n|t:|1700872352\n|move|p2a: Glimmora|Stealth Rock|p1a: durag activity\n|-sidestart|p1: Adementia|move: Stealth Rock\n|move|p1a: durag activity|Future Sight|p2a: Glimmora\n|-start|p1a: durag activity|move: Future Sight\n|\n|upkeep\n|turn|4\n|\n|t:|1700872359\n|switch|p2a: Celesteela|Celesteela|100\/100\n|switch|p1a: trademark usa|Great Tusk|100\/100\n|-damage|p1a: trademark usa|98\/100|[from] Stealth Rock\n|\n|-heal|p1a: trademark usa|100\/100|[from] item: Leftovers\n|upkeep\n|turn|5\n|\n|t:|1700872367\n|move|p1a: trademark usa|Rapid Spin|p2a: Celesteela\n|-resisted|p2a: Celesteela\n|-damage|p2a: Celesteela|93\/100\n|-boost|p1a: trademark usa|spe|1\n|-sideend|p1: Adementia|Stealth Rock|[from] move: Rapid Spin|[of] p1a: trademark usa\n|move|p2a: Celesteela|Air Slash|p1a: trademark usa\n|-supereffective|p1a: trademark usa\n|-damage|p1a: trademark usa|0 fnt\n|faint|p1a: trademark usa\n|-end|p1a: trademark usa|Protosynthesis|[silent]\n|-ability|p2a: Celesteela|Beast Boost|boost\n|-boost|p2a: Celesteela|spa|1\n|\n|-end|p2a: Celesteela|move: Future Sight\n|-resisted|p2a: Celesteela\n|-damage|p2a: Celesteela|74\/100\n|-heal|p2a: Celesteela|80\/100|[from] item: Leftovers\n|upkeep\n|\n|t:|1700872372\n|switch|p1a: booman|Iron Hands|100\/100\n|turn|6\n|\n|t:|1700872383\n|switch|p2a: Glimmora|Glimmora, M|100\/100 par\n|move|p1a: booman|Ice Punch|p2a: Glimmora\n|-damage|p2a: Glimmora|78\/100 par\n|-activate|p2a: Glimmora|ability: Toxic Debris\n|-sidestart|p1: Adementia|move: Toxic Spikes\n|\n|-heal|p2a: Glimmora|84\/100 par|[from] item: Leftovers\n|upkeep\n|turn|7\n|\n|t:|1700872392\n|move|p1a: booman|Drain Punch|p2a: Glimmora\n|-damage|p2a: Glimmora|54\/100 par\n|-activate|p2a: Glimmora|ability: Toxic Debris\n|-sidestart|p1: Adementia|move: Toxic Spikes\n|move|p2a: Glimmora|Stealth Rock|p1a: booman\n|-sidestart|p1: Adementia|move: Stealth Rock\n|\n|-heal|p2a: Glimmora|60\/100 par|[from] item: Leftovers\n|upkeep\n|turn|8\n|\n|t:|1700872401\n|move|p1a: booman|Drain Punch|p2a: Glimmora\n|-damage|p2a: Glimmora|29\/100 par\n|move|p2a: Glimmora|Earth Power|p1a: booman\n|-supereffective|p1a: booman\n|-damage|p1a: booman|64\/100\n|\n|-heal|p1a: booman|71\/100|[from] item: Leftovers\n|-heal|p2a: Glimmora|35\/100 par|[from] item: Leftovers\n|upkeep\n|turn|9\n|\n|t:|1700872410\n|move|p1a: booman|Drain Punch|p2a: Glimmora\n|-damage|p2a: Glimmora|0 fnt\n|-heal|p1a: booman|85\/100|[from] drain|[of] p2a: Glimmora\n|faint|p2a: Glimmora\n|\n|-heal|p1a: booman|91\/100|[from] item: Leftovers\n|upkeep\n|\n|t:|1700872423\n|switch|p2a: Skeledirge|Skeledirge, M|100\/100\n|turn|10\n|\n|t:|1700872437\n|-end|p1a: booman|Quark Drive|[silent]\n|switch|p1a: south africa|Tyranitar, F|100\/100\n|-status|p1a: south africa|tox\n|-damage|p1a: south africa|88\/100 tox|[from] Stealth Rock\n|-weather|Sandstorm|[from] ability: Sand Stream|[of] p1a: south africa\n|move|p2a: Skeledirge|Will-O-Wisp||[still]\n|-fail|p2a: Skeledirge\n|\n|-weather|Sandstorm|[upkeep]\n|-damage|p2a: Skeledirge|94\/100|[from] Sandstorm\n|-heal|p2a: Skeledirge|100\/100|[from] item: Leftovers\n|-damage|p1a: south africa|82\/100 tox|[from] psn\n|upkeep\n|turn|11\n|\n|t:|1700872450\n|switch|p2a: Celesteela|Celesteela|80\/100\n|detailschange|p1a: south africa|Tyranitar-Mega, F\n|-mega|p1a: south africa|Tyranitar|Tyranitarite\n|move|p1a: south africa|Knock Off|p2a: Celesteela\n|-damage|p2a: Celesteela|26\/100\n|-enditem|p2a: Celesteela|Leftovers|[from] move: Knock Off|[of] p1a: south africa\n|\n|-weather|Sandstorm|[upkeep]\n|-damage|p1a: south africa|69\/100 tox|[from] psn\n|upkeep\n|turn|12\n|\n|t:|1700872460\n|move|p1a: south africa|Knock Off|p2a: Celesteela\n|-damage|p2a: Celesteela|0 fnt\n|faint|p2a: Celesteela\n|\n|-weather|Sandstorm|[upkeep]\n|-damage|p1a: south africa|51\/100 tox|[from] psn\n|upkeep\n|\n|t:|1700872466\n|switch|p2a: Garchomp|Garchomp, F|100\/100\n|turn|13\n|\n|t:|1700872471\n|move|p2a: Garchomp|Iron Head|p1a: south africa\n|-supereffective|p1a: south africa\n|-damage|p1a: south africa|19\/100 tox\n|move|p1a: south africa|Stealth Rock|p2a: Garchomp\n|-sidestart|p2: crash&coco159|move: Stealth Rock\n|\n|-weather|Sandstorm|[upkeep]\n|-damage|p1a: south africa|0 fnt|[from] psn\n|faint|p1a: south africa\n|upkeep\n|\n|t:|1700872476\n|switch|p1a: durag activity|Slowking-Galar, F|100\/100\n|-sideend|p1: Adementia|move: Toxic Spikes|[of] p1a: durag activity\n|turn|14\n|\n|t:|1700872481\n|move|p2a: Garchomp|Earthquake|p1a: durag activity\n|-supereffective|p1a: durag activity\n|-damage|p1a: durag activity|27\/100\n|move|p1a: durag activity|Future Sight|p2a: Garchomp\n|-start|p1a: durag activity|move: Future Sight\n|\n|-weather|none\n|upkeep\n|turn|15\n|\n|t:|1700872489\n|switch|p1a: scars|Kartana|100\/100\n|-damage|p1a: scars|94\/100|[from] Stealth Rock\n|move|p2a: Garchomp|Iron Head|p1a: scars\n|-resisted|p1a: scars\n|-damage|p1a: scars|79\/100\n|\n|upkeep\n|turn|16\n|\n|t:|1700872499\n|switch|p1a: gorgeous|Enamorus, F|100\/100\n|-damage|p1a: gorgeous|76\/100|[from] Stealth Rock\n|move|p2a: Garchomp|Earthquake|p1a: gorgeous\n|-immune|p1a: gorgeous\n|\n|-end|p2a: Garchomp|move: Future Sight\n|-damage|p2a: Garchomp|49\/100\n|upkeep\n|turn|17\n|\n|t:|1700872511\n|move|p1a: gorgeous|Moonblast|p2a: Garchomp\n|-supereffective|p2a: Garchomp\n|-damage|p2a: Garchomp|0 fnt\n|faint|p2a: Garchomp\n|\n|upkeep\n|\n|t:|1700872519\n|switch|p2a: Lopunny|Lopunny, F|100\/100\n|-damage|p2a: Lopunny|88\/100|[from] Stealth Rock\n|turn|18\n|\n|t:|1700872527\n|switch|p1a: scars|Kartana|79\/100\n|-damage|p1a: scars|73\/100|[from] Stealth Rock\n|detailschange|p2a: Lopunny|Lopunny-Mega, F\n|-mega|p2a: Lopunny|Lopunny|Lopunnite\n|move|p2a: Lopunny|Fake Out|p1a: scars\n|-resisted|p1a: scars\n|-damage|p1a: scars|61\/100\n|\n|upkeep\n|turn|19\n|\n|t:|1700872536\n|switch|p2a: Skeledirge|Skeledirge, M|100\/100\n|-damage|p2a: Skeledirge|76\/100|[from] Stealth Rock\n|move|p1a: scars|Sacred Sword|p2a: Skeledirge\n|-immune|p2a: Skeledirge\n|\n|-heal|p2a: Skeledirge|82\/100|[from] item: Leftovers\n|upkeep\n|turn|20\n|\n|t:|1700872546\n|switch|p1a: durag activity|Slowking-Galar, F|60\/100\n|move|p2a: Skeledirge|Torch Song|p1a: durag activity\n|-damage|p1a: durag activity|34\/100\n|-boost|p2a: Skeledirge|spa|1\n|\n|-heal|p2a: Skeledirge|88\/100|[from] item: Leftovers\n|upkeep\n|turn|21\n|\n|t:|1700872555\n|move|p2a: Skeledirge|Hex|p1a: durag activity\n|-supereffective|p1a: durag activity\n|-crit|p1a: durag activity\n|-damage|p1a: durag activity|0 fnt\n|faint|p1a: durag activity\n|\n|-heal|p2a: Skeledirge|94\/100|[from] item: Leftovers\n|upkeep\n|\n|t:|1700872562\n|switch|p1a: gorgeous|Enamorus, F|76\/100\n|-damage|p1a: gorgeous|51\/100|[from] Stealth Rock\n|turn|22\n|\n|t:|1700872567\n|move|p1a: gorgeous|Earth Power|p2a: Skeledirge\n|-supereffective|p2a: Skeledirge\n|-damage|p2a: Skeledirge|45\/100\n|move|p2a: Skeledirge|Torch Song|p1a: gorgeous\n|-damage|p1a: gorgeous|0 fnt\n|-boost|p2a: Skeledirge|spa|1\n|faint|p1a: gorgeous\n|\n|-heal|p2a: Skeledirge|51\/100|[from] item: Leftovers\n|upkeep\n|\n|t:|1700872573\n|switch|p1a: scars|Kartana|61\/100\n|-damage|p1a: scars|55\/100|[from] Stealth Rock\n|turn|23\n|\n|t:|1700872581\n|-terastallize|p2a: Skeledirge|Fairy\n|move|p1a: scars|Knock Off|p2a: Skeledirge\n|-resisted|p2a: Skeledirge\n|-damage|p2a: Skeledirge|33\/100\n|-enditem|p2a: Skeledirge|Leftovers|[from] move: Knock Off|[of] p1a: scars\n|move|p2a: Skeledirge|Torch Song|p1a: scars\n|-supereffective|p1a: scars\n|-damage|p1a: scars|0 fnt\n|-boost|p2a: Skeledirge|spa|1\n|faint|p1a: scars\n|\n|upkeep\n|\n|t:|1700872587\n|switch|p1a: booman|Iron Hands|91\/100\n|-damage|p1a: booman|85\/100|[from] Stealth Rock\n|turn|24\n|\n|t:|1700872595\n|move|p2a: Skeledirge|Torch Song|p1a: booman\n|-damage|p1a: booman|33\/100\n|-boost|p2a: Skeledirge|spa|1\n|move|p1a: booman|Thunder Punch|p2a: Skeledirge\n|-damage|p2a: Skeledirge|1\/100\n|\n|-heal|p1a: booman|40\/100|[from] item: Leftovers\n|upkeep\n|turn|25\n|\n|t:|1700872603\n|move|p2a: Skeledirge|Torch Song|p1a: booman\n|-damage|p1a: booman|0 fnt\n|-boost|p2a: Skeledirge|spa|1\n|faint|p1a: booman\n|-end|p1a: booman|Quark Drive|[silent]\n|\n|win|crash&coco159\n|raw|Adementia's rating: 1613 &rarr; <strong>1591<\/strong><br \/>(-22 for losing)\n|raw|crash&amp;coco159's rating: 1577 &rarr; <strong>1599<\/strong><br \/>(+22 for winning)\n|l|\u2606Adementia\n","uploadtime":1700872743,"views":31,"p1id":"adementia","p2id":"crashcoco159","formatid":"gen9nationaldex","rating":1591,"private":0,"password":""}