{"id":"gen9nationaldex-1990900575","p1":"Africanwarrior20","p2":"PWA Wright","format":"[Gen 9] National Dex","log":"|j|\u2606Africanwarrior20\n|j|\u2606PWA Wright\n|t:|1700013013\n|gametype|singles\n|player|p1|Africanwarrior20|alder|1651\n|player|p2|PWA Wright|cynthia|1749\n|teamsize|p1|6\n|teamsize|p2|6\n|gen|9\n|tier|[Gen 9] National Dex\n|rated|\n|rule|HP Percentage Mod: HP is shown in percentages\n|rule|Endless Battle Clause: Forcing endless battles is banned\n|rule|OHKO Clause: OHKO moves are banned\n|rule|Evasion Clause: Evasion abilities, items, and moves are banned\n|rule|Evasion Abilities Clause: Evasion abilities are banned\n|rule|Evasion Items Clause: Evasion items are banned\n|rule|Evasion Moves Clause: Evasion moves are banned\n|rule|Species Clause: Limit one of each Pok\u00e9mon\n|rule|Sleep Clause Mod: Limit one foe put to sleep\n|clearpoke\n|poke|p1|Torkoal, F|\n|poke|p1|Moltres|\n|poke|p1|Hatterene, F|\n|poke|p1|Alomomola, F|\n|poke|p1|Sharpedo, M|\n|poke|p1|Landorus-Therian, M|\n|poke|p2|Garchomp, M|\n|poke|p2|Dondozo, M|\n|poke|p2|Tyranitar, F|\n|poke|p2|Charizard, F|\n|poke|p2|Clodsire, F|\n|poke|p2|Corviknight, M|\n|teampreview\n|inactive|Battle timer is ON: inactive players will automatically lose when time's up. (requested by Africanwarrior20)\n|\n|t:|1700013031\n|start\n|switch|p1a: Torkoal|Torkoal, F|100\/100\n|switch|p2a: Charizard|Charizard, F|100\/100\n|-weather|SunnyDay|[from] ability: Drought|[of] p1a: Torkoal\n|turn|1\n|c|\u2606Africanwarrior20|wat is this\n|\n|t:|1700013039\n|detailschange|p2a: Charizard|Charizard-Mega-Y, F\n|-mega|p2a: Charizard|Charizard|Charizardite Y\n|move|p2a: Charizard|Scorching Sands|p1a: Torkoal\n|-supereffective|p1a: Torkoal\n|-damage|p1a: Torkoal|24\/100\n|move|p1a: Torkoal|Stealth Rock|p2a: Charizard\n|-sidestart|p2: PWA Wright|move: Stealth Rock\n|\n|-weather|SunnyDay|[upkeep]\n|upkeep\n|turn|2\n|\n|t:|1700013047\n|switch|p1a: Hatterene|Hatterene, F|100\/100\n|move|p2a: Charizard|Solar Beam||[still]\n|-prepare|p2a: Charizard|Solar Beam\n|-anim|p2a: Charizard|Solar Beam|p1a: Hatterene\n|-damage|p1a: Hatterene|67\/100\n|-enditem|p1a: Hatterene|Eject Button\n|c|\u2606PWA Wright|Charizard.\n|\n|t:|1700013064\n|switch|p1a: Landorus|Landorus-Therian, M|100\/100\n|-ability|p1a: Landorus|Intimidate|boost\n|-unboost|p2a: Charizard|atk|1\n|\n|-weather|SunnyDay|[upkeep]\n|upkeep\n|turn|3\n|\n|t:|1700013071\n|move|p2a: Charizard|Weather Ball|p1a: Landorus\n|-damage|p1a: Landorus|36\/100\n|-zpower|p1a: Landorus\n|move|p1a: Landorus|Supersonic Skystrike|p2a: Charizard|[zeffect]\n|-damage|p2a: Charizard|0 fnt\n|faint|p2a: Charizard\n|\n|-weather|SunnyDay|[upkeep]\n|upkeep\n|c|\u2606Africanwarrior20|woah\n|\n|t:|1700013075\n|switch|p2a: Corviknight|Corviknight, M|100\/100\n|-damage|p2a: Corviknight|88\/100|[from] Stealth Rock\n|-ability|p2a: Corviknight|Pressure\n|turn|4\n|\n|t:|1700013080\n|switch|p1a: Moltres|Moltres|100\/100\n|move|p2a: Corviknight|Defog|p1a: Moltres\n|-unboost|p1a: Moltres|evasion|1\n|-sideend|p2: PWA Wright|Stealth Rock|[from] move: Defog|[of] p2a: Corviknight\n|\n|-weather|SunnyDay|[upkeep]\n|upkeep\n|turn|5\n|\n|t:|1700013087\n|switch|p2a: Clodsire|Clodsire, F|100\/100\n|move|p1a: Moltres|U-turn|p2a: Clodsire\n|-resisted|p2a: Clodsire\n|-damage|p2a: Clodsire|91\/100\n|\n|t:|1700013094\n|switch|p1a: Alomomola|Alomomola, F|100\/100|[from] U-turn\n|\n|-weather|SunnyDay|[upkeep]\n|-heal|p2a: Clodsire|97\/100|[from] item: Leftovers\n|upkeep\n|turn|6\n|\n|t:|1700013098\n|switch|p1a: Hatterene|Hatterene, F|67\/100\n|move|p2a: Clodsire|Stealth Rock|p1a: Hatterene\n|move|p1a: Hatterene|Stealth Rock|p2a: Clodsire|[from]ability: Magic Bounce\n|-sidestart|p2: PWA Wright|move: Stealth Rock\n|\n|-weather|SunnyDay|[upkeep]\n|-heal|p2a: Clodsire|100\/100|[from] item: Leftovers\n|upkeep\n|turn|7\n|\n|t:|1700013106\n|switch|p2a: Tyranitar|Tyranitar, F|100\/100\n|-damage|p2a: Tyranitar|88\/100|[from] Stealth Rock\n|-weather|Sandstorm|[from] ability: Sand Stream|[of] p2a: Tyranitar\n|move|p1a: Hatterene|Nuzzle|p2a: Tyranitar\n|-damage|p2a: Tyranitar|85\/100\n|-status|p2a: Tyranitar|par\n|\n|-weather|Sandstorm|[upkeep]\n|-damage|p1a: Hatterene|61\/100|[from] Sandstorm\n|upkeep\n|turn|8\n|\n|t:|1700013110\n|-activate|p1a: Hatterene|move: Pursuit\n|move|p2a: Tyranitar|Pursuit|p1a: Hatterene|[from]Pursuit\n|-damage|p1a: Hatterene|19\/100\n|switch|p1a: Alomomola|Alomomola, F|100\/100\n|\n|-weather|Sandstorm|[upkeep]\n|-damage|p1a: Alomomola|94\/100|[from] Sandstorm\n|upkeep\n|turn|9\n|\n|t:|1700013118\n|switch|p2a: Corviknight|Corviknight, M|88\/100\n|-damage|p2a: Corviknight|76\/100|[from] Stealth Rock\n|-ability|p2a: Corviknight|Pressure\n|move|p1a: Alomomola|Flip Turn|p2a: Corviknight\n|-damage|p2a: Corviknight|65\/100\n|-damage|p1a: Alomomola|78\/100|[from] item: Rocky Helmet|[of] p2a: Corviknight\n|\n|t:|1700013120\n|switch|p1a: Torkoal|Torkoal, F|24\/100|[from] Flip Turn\n|-weather|SunnyDay|[from] ability: Drought|[of] p1a: Torkoal\n|\n|-weather|SunnyDay|[upkeep]\n|upkeep\n|turn|10\n|\n|t:|1700013122\n|switch|p1a: Moltres|Moltres|100\/100\n|move|p2a: Corviknight|U-turn|p1a: Moltres\n|-resisted|p1a: Moltres\n|-damage|p1a: Moltres|96\/100\n|-status|p2a: Corviknight|brn|[from] ability: Flame Body|[of] p1a: Moltres\n|\n|t:|1700013127\n|switch|p2a: Clodsire|Clodsire, F|100\/100|[from] U-turn\n|-damage|p2a: Clodsire|94\/100|[from] Stealth Rock\n|\n|-weather|SunnyDay|[upkeep]\n|-heal|p2a: Clodsire|100\/100|[from] item: Leftovers\n|upkeep\n|turn|11\n|\n|t:|1700013131\n|-terastallize|p1a: Moltres|Fire\n|move|p1a: Moltres|Burn Up|p2a: Clodsire\n|-damage|p2a: Clodsire|31\/100\n|-start|p1a: Moltres|typechange|Fire|[from] move: Burn Up\n|move|p2a: Clodsire|Toxic|p1a: Moltres\n|-status|p1a: Moltres|tox\n|\n|-weather|SunnyDay|[upkeep]\n|-heal|p2a: Clodsire|37\/100|[from] item: Leftovers\n|-damage|p1a: Moltres|90\/100 tox|[from] psn\n|upkeep\n|turn|12\n|\n|t:|1700013138\n|switch|p2a: Tyranitar|Tyranitar, F|85\/100 par\n|-damage|p2a: Tyranitar|73\/100 par|[from] Stealth Rock\n|-weather|Sandstorm|[from] ability: Sand Stream|[of] p2a: Tyranitar\n|move|p1a: Moltres|Burn Up|p2a: Tyranitar\n|-resisted|p2a: Tyranitar\n|-damage|p2a: Tyranitar|60\/100 par\n|-start|p1a: Moltres|typechange|Fire|[from] move: Burn Up\n|\n|-weather|Sandstorm|[upkeep]\n|-damage|p1a: Moltres|84\/100 tox|[from] Sandstorm\n|-damage|p1a: Moltres|72\/100 tox|[from] psn\n|upkeep\n|turn|13\n|\n|t:|1700013153\n|switch|p1a: Alomomola|Alomomola, F|100\/100\n|move|p2a: Tyranitar|Stone Edge|p1a: Alomomola\n|-crit|p1a: Alomomola\n|-damage|p1a: Alomomola|66\/100\n|\n|-weather|Sandstorm|[upkeep]\n|-damage|p1a: Alomomola|60\/100|[from] Sandstorm\n|upkeep\n|turn|14\n|\n|t:|1700013157\n|switch|p2a: Clodsire|Clodsire, F|37\/100\n|-damage|p2a: Clodsire|31\/100|[from] Stealth Rock\n|move|p1a: Alomomola|Wish|p1a: Alomomola\n|\n|-weather|Sandstorm|[upkeep]\n|-damage|p1a: Alomomola|54\/100|[from] Sandstorm\n|-heal|p2a: Clodsire|37\/100|[from] item: Leftovers\n|upkeep\n|turn|15\n|\n|t:|1700013163\n|switch|p1a: Hatterene|Hatterene, F|19\/100\n|move|p2a: Clodsire|Earthquake|p1a: Hatterene\n|-damage|p1a: Hatterene|0 fnt\n|faint|p1a: Hatterene\n|\n|-weather|Sandstorm|[upkeep]\n|-heal|p2a: Clodsire|43\/100|[from] item: Leftovers\n|upkeep\n|\n|t:|1700013170\n|switch|p1a: Moltres|Moltres, tera:Fire|72\/100 tox\n|turn|16\n|\n|t:|1700013179\n|switch|p2a: Tyranitar|Tyranitar, F|60\/100 par\n|-damage|p2a: Tyranitar|48\/100 par|[from] Stealth Rock\n|move|p1a: Moltres|Burn Up|p2a: Tyranitar\n|-resisted|p2a: Tyranitar\n|-damage|p2a: Tyranitar|36\/100 par\n|-start|p1a: Moltres|typechange|Fire|[from] move: Burn Up\n|\n|-weather|none\n|-damage|p1a: Moltres|65\/100 tox|[from] psn\n|upkeep\n|turn|17\n|\n|t:|1700013188\n|switch|p1a: Alomomola|Alomomola, F|87\/100\n|move|p2a: Tyranitar|Stone Edge|p1a: Alomomola\n|-damage|p1a: Alomomola|62\/100\n|\n|upkeep\n|turn|18\n|\n|t:|1700013191\n|switch|p1a: Torkoal|Torkoal, F|24\/100\n|-weather|SunnyDay|[from] ability: Drought|[of] p1a: Torkoal\n|switch|p2a: Corviknight|Corviknight, M|65\/100 brn\n|-damage|p2a: Corviknight|53\/100 brn|[from] Stealth Rock\n|-ability|p2a: Corviknight|Pressure\n|\n|-weather|SunnyDay|[upkeep]\n|-damage|p2a: Corviknight|47\/100 brn|[from] brn\n|upkeep\n|turn|19\n|\n|t:|1700013195\n|switch|p1a: Moltres|Moltres, tera:Fire|65\/100 tox\n|move|p2a: Corviknight|U-turn|p1a: Moltres\n|-resisted|p1a: Moltres\n|-damage|p1a: Moltres|62\/100 tox\n|\n|t:|1700013202\n|switch|p2a: Garchomp|Garchomp, M|100\/100|[from] U-turn\n|-damage|p2a: Garchomp|94\/100|[from] Stealth Rock\n|\n|-weather|SunnyDay|[upkeep]\n|-damage|p1a: Moltres|55\/100 tox|[from] psn\n|upkeep\n|turn|20\n|\n|t:|1700013206\n|move|p1a: Moltres|U-turn|p2a: Garchomp\n|-damage|p2a: Garchomp|79\/100\n|-damage|p1a: Moltres|43\/100 tox|[from] ability: Rough Skin|[of] p2a: Garchomp\n|\n|t:|1700013208\n|switch|p1a: Alomomola|Alomomola, F|96\/100|[from] U-turn\n|move|p2a: Garchomp|Swords Dance|p2a: Garchomp\n|-boost|p2a: Garchomp|atk|2\n|\n|-weather|SunnyDay|[upkeep]\n|upkeep\n|turn|21\n|\n|t:|1700013213\n|move|p2a: Garchomp|Swords Dance|p2a: Garchomp\n|-boost|p2a: Garchomp|atk|2\n|move|p1a: Alomomola|Flip Turn|p2a: Garchomp\n|-damage|p2a: Garchomp|72\/100\n|-damage|p1a: Alomomola|83\/100|[from] ability: Rough Skin|[of] p2a: Garchomp\n|\n|t:|1700013217\n|switch|p1a: Moltres|Moltres, tera:Fire|43\/100 tox|[from] Flip Turn\n|\n|-weather|SunnyDay|[upkeep]\n|-damage|p1a: Moltres|37\/100 tox|[from] psn\n|upkeep\n|turn|22\n|\n|t:|1700013221\n|-terastallize|p2a: Garchomp|Fire\n|move|p1a: Moltres|Burn Up|p2a: Garchomp\n|-resisted|p2a: Garchomp\n|-damage|p2a: Garchomp|0 fnt\n|-start|p1a: Moltres|typechange|Fire|[from] move: Burn Up\n|faint|p2a: Garchomp\n|\n|-weather|SunnyDay|[upkeep]\n|-damage|p1a: Moltres|24\/100 tox|[from] psn\n|upkeep\n|c|\u2606Africanwarrior20|uh\n|c|\u2606PWA Wright|ow\n|c|\u2606PWA Wright|yeah gg\n|c|\u2606Africanwarrior20|gg\n|-message|PWA Wright forfeited.\n|\n|win|Africanwarrior20\n|raw|Africanwarrior20's rating: 1651 &rarr; <strong>1676<\/strong><br \/>(+25 for winning)\n|raw|PWA Wright's rating: 1749 &rarr; <strong>1724<\/strong><br \/>(-25 for losing)\n|l|\u2606PWA Wright\n","uploadtime":1700013246,"views":28,"p1id":"africanwarrior20","p2id":"pwawright","formatid":"gen9nationaldex","rating":1676,"private":0,"password":""}