{"id":"gen9nationaldex-1988915519","p1":"Souravgotthepkmn1","p2":"Wehoo12000","format":"[Gen 9] National Dex","log":"|j|\u2606Souravgotthepkmn1\n|j|\u2606Wehoo12000\n|t:|1699787035\n|gametype|singles\n|player|p1|Souravgotthepkmn1|gambler|1121\n|player|p2|Wehoo12000|pokemaniac|1128\n|teamsize|p1|6\n|teamsize|p2|6\n|gen|9\n|tier|[Gen 9] National Dex\n|rated|\n|rule|HP Percentage Mod: HP is shown in percentages\n|rule|Endless Battle Clause: Forcing endless battles is banned\n|rule|OHKO Clause: OHKO moves are banned\n|rule|Evasion Clause: Evasion abilities, items, and moves are banned\n|rule|Evasion Abilities Clause: Evasion abilities are banned\n|rule|Evasion Items Clause: Evasion items are banned\n|rule|Evasion Moves Clause: Evasion moves are banned\n|rule|Species Clause: Limit one of each Pok\u00e9mon\n|rule|Sleep Clause Mod: Limit one foe put to sleep\n|clearpoke\n|poke|p1|Mawile, M|\n|poke|p1|Sneasler, M|\n|poke|p1|Rillaboom, F|\n|poke|p1|Kingdra, M|\n|poke|p1|Dracozolt|\n|poke|p1|Skeledirge, M|\n|poke|p2|Banette, M|\n|poke|p2|Tapu Lele|\n|poke|p2|Gliscor, M|\n|poke|p2|Samurott-Hisui, M|\n|poke|p2|Volcarona, F|\n|poke|p2|Hoopa-Unbound|\n|teampreview\n|\n|t:|1699787040\n|start\n|switch|p1a: Dracozolt|Dracozolt|100\/100\n|switch|p2a: Daz Boner|Samurott-Hisui, M|100\/100\n|turn|1\n|inactive|Battle timer is ON: inactive players will automatically lose when time's up. (requested by Souravgotthepkmn1)\n|inactiveoff|Battle timer is now OFF.\n|\n|t:|1699787065\n|-terastallize|p1a: Dracozolt|Electric\n|move|p1a: Dracozolt|Bolt Beak|p2a: Daz Boner\n|-supereffective|p2a: Daz Boner\n|-enditem|p2a: Daz Boner|Focus Sash\n|-damage|p2a: Daz Boner|1\/100\n|move|p2a: Daz Boner|Ceaseless Edge|p1a: Dracozolt\n|-damage|p1a: Dracozolt|50\/100\n|-sidestart|p1: Souravgotthepkmn1|Spikes\n|\n|upkeep\n|turn|2\n|\n|t:|1699787081\n|-terastallize|p2a: Daz Boner|Dark\n|move|p2a: Daz Boner|Sucker Punch|p1a: Dracozolt\n|-crit|p1a: Dracozolt\n|-damage|p1a: Dracozolt|0 fnt\n|faint|p1a: Dracozolt\n|\n|upkeep\n|\n|t:|1699787091\n|switch|p1a: Rillaboom|Rillaboom, F|100\/100\n|-damage|p1a: Rillaboom|88\/100|[from] Spikes\n|-fieldstart|move: Grassy Terrain|[from] ability: Grassy Surge|[of] p1a: Rillaboom\n|turn|3\n|inactive|Battle timer is ON: inactive players will automatically lose when time's up. (requested by Souravgotthepkmn1)\n|\n|t:|1699787105\n|move|p2a: Daz Boner|Sucker Punch|p1a: Rillaboom\n|-damage|p1a: Rillaboom|40\/100\n|move|p1a: Rillaboom|Grassy Glide|p2a: Daz Boner\n|-damage|p2a: Daz Boner|0 fnt\n|faint|p2a: Daz Boner\n|\n|-heal|p1a: Rillaboom|46\/100|[from] Grassy Terrain\n|upkeep\n|\n|t:|1699787117\n|switch|p2a: Vajayjay bug|Volcarona, F|100\/100\n|turn|4\n|\n|t:|1699787126\n|move|p1a: Rillaboom|Grassy Glide|p2a: Vajayjay bug\n|-resisted|p2a: Vajayjay bug\n|-damage|p2a: Vajayjay bug|87\/100\n|move|p2a: Vajayjay bug|Quiver Dance|p2a: Vajayjay bug\n|-boost|p2a: Vajayjay bug|spa|1\n|-boost|p2a: Vajayjay bug|spd|1\n|-boost|p2a: Vajayjay bug|spe|1\n|\n|-heal|p2a: Vajayjay bug|93\/100|[from] Grassy Terrain\n|-heal|p1a: Rillaboom|52\/100|[from] Grassy Terrain\n|upkeep\n|turn|5\n|\n|t:|1699787138\n|move|p2a: Vajayjay bug|Quiver Dance|p2a: Vajayjay bug\n|-boost|p2a: Vajayjay bug|spa|1\n|-boost|p2a: Vajayjay bug|spd|1\n|-boost|p2a: Vajayjay bug|spe|1\n|move|p1a: Rillaboom|Earthquake|p2a: Vajayjay bug\n|-crit|p2a: Vajayjay bug\n|-damage|p2a: Vajayjay bug|52\/100\n|\n|-heal|p2a: Vajayjay bug|58\/100|[from] Grassy Terrain\n|-heal|p1a: Rillaboom|58\/100|[from] Grassy Terrain\n|upkeep\n|turn|6\n|\n|t:|1699787151\n|move|p2a: Vajayjay bug|Fiery Dance|p1a: Rillaboom\n|-supereffective|p1a: Rillaboom\n|-damage|p1a: Rillaboom|0 fnt\n|-boost|p2a: Vajayjay bug|spa|1\n|faint|p1a: Rillaboom\n|\n|-heal|p2a: Vajayjay bug|64\/100|[from] Grassy Terrain\n|upkeep\n|\n|t:|1699787161\n|switch|p1a: Sneasler|Sneasler, M|100\/100\n|-damage|p1a: Sneasler|88\/100|[from] Spikes\n|-enditem|p1a: Sneasler|Grassy Seed\n|-boost|p1a: Sneasler|def|1|[from] item: Grassy Seed\n|turn|7\n|\n|t:|1699787172\n|move|p1a: Sneasler|Acrobatics|p2a: Vajayjay bug\n|-supereffective|p2a: Vajayjay bug\n|-damage|p2a: Vajayjay bug|0 fnt\n|faint|p2a: Vajayjay bug\n|\n|-heal|p1a: Sneasler|94\/100|[from] Grassy Terrain\n|upkeep\n|\n|t:|1699787182\n|switch|p2a: Snoob|Gliscor, M|100\/100\n|turn|8\n|\n|t:|1699787188\n|move|p1a: Sneasler|Swords Dance|p1a: Sneasler\n|-boost|p1a: Sneasler|atk|2\n|move|p2a: Snoob|Earthquake|p1a: Sneasler\n|-supereffective|p1a: Sneasler\n|-damage|p1a: Sneasler|54\/100\n|\n|-heal|p1a: Sneasler|60\/100|[from] Grassy Terrain\n|-status|p2a: Snoob|tox|[from] item: Toxic Orb\n|upkeep\n|turn|9\n|\n|t:|1699787201\n|move|p1a: Sneasler|Acrobatics|p2a: Snoob\n|-damage|p2a: Snoob|38\/100 tox\n|move|p2a: Snoob|Earthquake|p1a: Sneasler\n|-supereffective|p1a: Sneasler\n|-damage|p1a: Sneasler|21\/100\n|\n|-heal|p1a: Sneasler|27\/100|[from] Grassy Terrain\n|-heal|p2a: Snoob|50\/100 tox|[from] ability: Poison Heal\n|upkeep\n|turn|10\n|\n|t:|1699787212\n|move|p1a: Sneasler|Acrobatics|p2a: Snoob\n|-damage|p2a: Snoob|0 fnt\n|faint|p2a: Snoob\n|\n|-heal|p1a: Sneasler|33\/100|[from] Grassy Terrain\n|-fieldend|move: Grassy Terrain\n|upkeep\n|\n|t:|1699787215\n|switch|p2a: Issues|Banette, M|100\/100\n|turn|11\n|\n|t:|1699787236\n|detailschange|p2a: Issues|Banette-Mega, M\n|-mega|p2a: Issues|Banette|Banettite\n|move|p2a: Issues|Destiny Bond|p2a: Issues\n|-singlemove|p2a: Issues|Destiny Bond\n|move|p1a: Sneasler|Acrobatics|p2a: Issues\n|-damage|p2a: Issues|0 fnt\n|faint|p2a: Issues\n|-activate|p2a: Issues|move: Destiny Bond\n|faint|p1a: Sneasler\n|\n|upkeep\n|\n|t:|1699787254\n|switch|p1a: Mawile|Mawile, M|100\/100\n|switch|p2a: Is it pink?|Tapu Lele|100\/100\n|-fieldstart|move: Psychic Terrain|[from] ability: Psychic Surge|[of] p2a: Is it pink?\n|-enditem|p2a: Is it pink?|Psychic Seed\n|-boost|p2a: Is it pink?|spd|1|[from] item: Psychic Seed\n|-damage|p1a: Mawile|88\/100|[from] Spikes\n|turn|12\n|c|\u2606Souravgotthepkmn1|It is pink\n|inactive|Souravgotthepkmn1 has 120 seconds left.\n|\n|t:|1699787288\n|detailschange|p1a: Mawile|Mawile-Mega, M\n|-mega|p1a: Mawile|Mawile|Mawilite\n|move|p2a: Is it pink?|Iron Defense|p2a: Is it pink?\n|-boost|p2a: Is it pink?|def|2\n|move|p1a: Mawile|Swords Dance|p1a: Mawile\n|-boost|p1a: Mawile|atk|2\n|\n|upkeep\n|turn|13\n|\n|t:|1699787305\n|move|p2a: Is it pink?|Iron Defense|p2a: Is it pink?\n|-boost|p2a: Is it pink?|def|2\n|move|p1a: Mawile|Iron Head|p2a: Is it pink?\n|-supereffective|p2a: Is it pink?\n|-damage|p2a: Is it pink?|0 fnt\n|faint|p2a: Is it pink?\n|\n|upkeep\n|\n|t:|1699787309\n|switch|p2a: Blackbeard|Hoopa-Unbound|100\/100\n|turn|14\n|\n|t:|1699787321\n|move|p2a: Blackbeard|Hyperspace Fury|p1a: Mawile\n|-resisted|p1a: Mawile\n|-damage|p1a: Mawile|56\/100\n|-unboost|p2a: Blackbeard|def|1\n|move|p1a: Mawile|Play Rough|p2a: Blackbeard\n|-supereffective|p2a: Blackbeard\n|-damage|p2a: Blackbeard|0 fnt\n|faint|p2a: Blackbeard\n|\n|win|Souravgotthepkmn1\n|raw|Souravgotthepkmn1's rating: 1121 &rarr; <strong>1147<\/strong><br \/>(+26 for winning)\n|raw|Wehoo12000's rating: 1128 &rarr; <strong>1102<\/strong><br \/>(-26 for losing)\n|l|\u2606Wehoo12000\n|c|\u2606Souravgotthepkmn1|!dt magician\n|raw|<ul class=\"utilichart\"><li class=\"result\"><span class=\"col namecol\"><a href=\"https:\/\/dex.pokemonshowdown.com\/abilities\/magician\">Magician<\/a><\/span> <span class=\"col abilitydesccol\">If this Pokemon has no item, it steals the item off a Pokemon it hits with an attack.<\/span> <\/li><li style=\"clear:both\"><\/li><\/ul>\n|raw|<font size=\"1\"><font color=\"#686868\">Gen:<\/font> 6<\/font>\n\n","uploadtime":1699787815,"views":4,"p1id":"souravgotthepkmn1","p2id":"wehoo12000","formatid":"gen9nationaldex","rating":1102,"private":0,"password":""}