{"id":"gen9nationaldex-1990076634","p1":"Z-Bean","p2":"Koichilover","format":"[Gen 9] National Dex","log":"|j|\u2606Z-Bean\n|j|\u2606Koichilover\n|t:|1699922018\n|gametype|singles\n|player|p1|Z-Bean|crasherwake|1258\n|player|p2|Koichilover|n|1160\n|teamsize|p1|6\n|teamsize|p2|6\n|gen|9\n|tier|[Gen 9] National Dex\n|rated|\n|rule|HP Percentage Mod: HP is shown in percentages\n|rule|Endless Battle Clause: Forcing endless battles is banned\n|rule|OHKO Clause: OHKO moves are banned\n|rule|Evasion Clause: Evasion abilities, items, and moves are banned\n|rule|Evasion Abilities Clause: Evasion abilities are banned\n|rule|Evasion Items Clause: Evasion items are banned\n|rule|Evasion Moves Clause: Evasion moves are banned\n|rule|Species Clause: Limit one of each Pok\u00e9mon\n|rule|Sleep Clause Mod: Limit one foe put to sleep\n|clearpoke\n|poke|p1|Golisopod, M|\n|poke|p1|Rotom-Wash|\n|poke|p1|Slowking-Galar, F|\n|poke|p1|Great Tusk|\n|poke|p1|Corviknight, F|\n|poke|p1|Arctozolt|\n|poke|p2|Froslass, F|\n|poke|p2|Arcanine-Hisui, F|\n|poke|p2|Gliscor, F|\n|poke|p2|Beedrill, F|\n|poke|p2|Goodra-Hisui, F|\n|poke|p2|Serperior, M|\n|teampreview\n|\n|t:|1699922035\n|start\n|switch|p1a: Rotom|Rotom-Wash|100\/100\n|switch|p2a: Froslass|Froslass, F, shiny|100\/100\n|turn|1\n|\n|t:|1699922039\n|move|p1a: Rotom|Volt Switch|p2a: Froslass\n|-damage|p2a: Froslass|53\/100\n|\n|t:|1699922042\n|switch|p1a: Corviknight|Corviknight, F|100\/100|[from] Volt Switch\n|-ability|p1a: Corviknight|Pressure\n|move|p2a: Froslass|Taunt|p1a: Corviknight\n|-start|p1a: Corviknight|move: Taunt\n|\n|upkeep\n|turn|2\n|\n|t:|1699922054\n|move|p2a: Froslass|Destiny Bond|p2a: Froslass\n|-singlemove|p2a: Froslass|Destiny Bond\n|move|p1a: Corviknight|U-turn|p2a: Froslass\n|-resisted|p2a: Froslass\n|-damage|p2a: Froslass|41\/100\n|-start|p1a: Corviknight|Disable|U-turn|[from] ability: Cursed Body|[of] p2a: Froslass\n|\n|t:|1699922061\n|switch|p1a: Slowking|Slowking-Galar, F|100\/100|[from] U-turn\n|\n|upkeep\n|turn|3\n|\n|t:|1699922083\n|switch|p2a: Goodra|Goodra-Hisui, F|100\/100\n|move|p1a: Slowking|Future Sight|p2a: Goodra\n|-start|p1a: Slowking|move: Future Sight\n|\n|upkeep\n|turn|4\n|\n|t:|1699922103\n|move|p2a: Goodra|Flash Cannon|p1a: Slowking\n|-damage|p1a: Slowking|78\/100\n|move|p1a: Slowking|Flamethrower|p2a: Goodra\n|-damage|p2a: Goodra|91\/100\n|\n|-heal|p1a: Slowking|84\/100|[from] item: Leftovers\n|upkeep\n|turn|5\n|\n|t:|1699922126\n|move|p2a: Goodra|Fire Blast|p1a: Slowking|[miss]\n|-miss|p2a: Goodra|p1a: Slowking\n|move|p1a: Slowking|Flamethrower|p2a: Goodra\n|-damage|p2a: Goodra|82\/100\n|\n|-end|p2a: Goodra|move: Future Sight\n|-resisted|p2a: Goodra\n|-crit|p2a: Goodra\n|-damage|p2a: Goodra|67\/100\n|-heal|p1a: Slowking|91\/100|[from] item: Leftovers\n|upkeep\n|turn|6\n|\n|t:|1699922131\n|move|p2a: Goodra|Ice Beam|p1a: Slowking\n|-damage|p1a: Slowking|75\/100\n|move|p1a: Slowking|Chilly Reception|p1a: Slowking\n|-weather|Snow\n|\n|t:|1699922134\n|switch|p1a: Great Tusk|Great Tusk|100\/100|[from] Chilly Reception\n|\n|-weather|Snow|[upkeep]\n|upkeep\n|turn|7\n|\n|t:|1699922145\n|switch|p2a: Gliscor|Gliscor, F, shiny|100\/100\n|move|p1a: Great Tusk|Close Combat|p2a: Gliscor\n|-resisted|p2a: Gliscor\n|-damage|p2a: Gliscor|77\/100\n|-unboost|p1a: Great Tusk|def|1\n|-unboost|p1a: Great Tusk|spd|1\n|\n|-weather|Snow|[upkeep]\n|-status|p2a: Gliscor|tox|[from] item: Toxic Orb\n|upkeep\n|turn|8\n|\n|t:|1699922156\n|move|p1a: Great Tusk|Stealth Rock|p2a: Gliscor\n|-sidestart|p2: Koichilover|move: Stealth Rock\n|move|p2a: Gliscor|Earthquake|p1a: Great Tusk\n|-damage|p1a: Great Tusk|57\/100\n|\n|-weather|Snow|[upkeep]\n|-heal|p1a: Great Tusk|63\/100|[from] item: Leftovers\n|-heal|p2a: Gliscor|89\/100 tox|[from] ability: Poison Heal\n|upkeep\n|turn|9\n|\n|t:|1699922165\n|-end|p1a: Great Tusk|Protosynthesis|[silent]\n|switch|p1a: Rotom|Rotom-Wash|100\/100\n|move|p2a: Gliscor|Defog|p1a: Rotom\n|-unboost|p1a: Rotom|evasion|1\n|-sideend|p2: Koichilover|Stealth Rock|[from] move: Defog|[of] p2a: Gliscor\n|\n|-weather|Snow|[upkeep]\n|-heal|p2a: Gliscor|100\/100 tox|[from] ability: Poison Heal\n|upkeep\n|turn|10\n|\n|t:|1699922182\n|switch|p2a: Serperior|Serperior, M, shiny|100\/100\n|-terastallize|p1a: Rotom|Poison\n|move|p1a: Rotom|Trick|p2a: Serperior\n|-activate|p1a: Rotom|move: Trick|[of] p2a: Serperior\n|-item|p2a: Serperior|Choice Scarf|[from] move: Trick\n|-item|p1a: Rotom|Life Orb|[from] move: Trick\n|\n|-weather|none\n|upkeep\n|turn|11\n|inactive|Battle timer is ON: inactive players will automatically lose when time's up. (requested by Z-Bean)\n|\n|t:|1699922226\n|switch|p2a: Froslass|Froslass, F, shiny|41\/100\n|move|p1a: Rotom|Volt Switch|p2a: Froslass\n|-damage|p2a: Froslass|0 fnt\n|faint|p2a: Froslass\n|-damage|p1a: Rotom|91\/100|[from] item: Life Orb\n|\n|t:|1699922236\n|switch|p1a: Great Tusk|Great Tusk|63\/100|[from] Volt Switch\n|\n|-heal|p1a: Great Tusk|69\/100|[from] item: Leftovers\n|upkeep\n|\n|t:|1699922261\n|switch|p2a: Serperior|Serperior, M, shiny|100\/100\n|turn|12\n|\n|t:|1699922266\n|-end|p1a: Great Tusk|Protosynthesis|[silent]\n|switch|p1a: Rotom|Rotom-Wash, tera:Poison|91\/100\n|move|p2a: Serperior|Leaf Storm|p1a: Rotom\n|-resisted|p1a: Rotom\n|-damage|p1a: Rotom|62\/100\n|-boost|p2a: Serperior|spa|2\n|\n|upkeep\n|turn|13\n|\n|t:|1699922273\n|move|p2a: Serperior|Leaf Storm|p1a: Rotom\n|-resisted|p1a: Rotom\n|-damage|p1a: Rotom|0 fnt\n|-boost|p2a: Serperior|spa|2\n|faint|p1a: Rotom\n|\n|upkeep\n|\n|t:|1699922275\n|switch|p1a: Golisopod|Golisopod, M|100\/100\n|turn|14\n|\n|t:|1699922294\n|move|p1a: Golisopod|First Impression|p2a: Serperior\n|-supereffective|p2a: Serperior\n|-damage|p2a: Serperior|0 fnt\n|faint|p2a: Serperior\n|\n|upkeep\n|\n|t:|1699922302\n|switch|p2a: Arcanine|Arcanine-Hisui, F, shiny|100\/100\n|turn|15\n|\n|t:|1699922308\n|switch|p1a: Great Tusk|Great Tusk|69\/100\n|move|p2a: Arcanine|Head Smash|p1a: Great Tusk\n|-resisted|p1a: Great Tusk\n|-crit|p1a: Great Tusk\n|-damage|p1a: Great Tusk|48\/100\n|\n|-heal|p1a: Great Tusk|54\/100|[from] item: Leftovers\n|upkeep\n|turn|16\n|\n|t:|1699922312\n|switch|p2a: Gliscor|Gliscor, F, shiny|100\/100 tox\n|move|p1a: Great Tusk|Headlong Rush|p2a: Gliscor\n|-immune|p2a: Gliscor\n|\n|-heal|p1a: Great Tusk|60\/100|[from] item: Leftovers\n|upkeep\n|turn|17\n|\n|t:|1699922318\n|move|p1a: Great Tusk|Stealth Rock|p2a: Gliscor\n|-sidestart|p2: Koichilover|move: Stealth Rock\n|move|p2a: Gliscor|Knock Off|p1a: Great Tusk\n|-resisted|p1a: Great Tusk\n|-damage|p1a: Great Tusk|51\/100\n|-enditem|p1a: Great Tusk|Leftovers|[from] move: Knock Off|[of] p2a: Gliscor\n|\n|upkeep\n|turn|18\n|\n|t:|1699922322\n|-end|p1a: Great Tusk|Protosynthesis|[silent]\n|switch|p1a: Corviknight|Corviknight, F|100\/100\n|-ability|p1a: Corviknight|Pressure\n|move|p2a: Gliscor|Defog|p1a: Corviknight\n|-unboost|p1a: Corviknight|evasion|1\n|-sideend|p2: Koichilover|Stealth Rock|[from] move: Defog|[of] p2a: Gliscor\n|\n|upkeep\n|turn|19\n|\n|t:|1699922327\n|move|p2a: Gliscor|Knock Off|p1a: Corviknight\n|-damage|p1a: Corviknight|85\/100\n|-enditem|p1a: Corviknight|Leftovers|[from] move: Knock Off|[of] p2a: Gliscor\n|move|p1a: Corviknight|Brave Bird|p2a: Gliscor\n|-damage|p2a: Gliscor|72\/100 tox\n|-damage|p1a: Corviknight|77\/100|[from] Recoil\n|\n|-heal|p2a: Gliscor|84\/100 tox|[from] ability: Poison Heal\n|upkeep\n|turn|20\n|\n|t:|1699922336\n|move|p2a: Gliscor|Knock Off|p1a: Corviknight\n|-damage|p1a: Corviknight|65\/100\n|move|p1a: Corviknight|Brave Bird|p2a: Gliscor\n|-damage|p2a: Gliscor|59\/100 tox\n|-damage|p1a: Corviknight|58\/100|[from] Recoil\n|\n|-heal|p2a: Gliscor|71\/100 tox|[from] ability: Poison Heal\n|upkeep\n|turn|21\n|\n|t:|1699922340\n|move|p2a: Gliscor|Knock Off|p1a: Corviknight\n|-damage|p1a: Corviknight|48\/100\n|move|p1a: Corviknight|U-turn|p2a: Gliscor\n|-resisted|p2a: Gliscor\n|-damage|p2a: Gliscor|66\/100 tox\n|\n|t:|1699922344\n|switch|p1a: Golisopod|Golisopod, M|100\/100|[from] U-turn\n|\n|-heal|p2a: Gliscor|78\/100 tox|[from] ability: Poison Heal\n|upkeep\n|turn|22\n|\n|t:|1699922349\n|move|p2a: Gliscor|Protect|p2a: Gliscor\n|-singleturn|p2a: Gliscor|Protect\n|move|p1a: Golisopod|Liquidation|p2a: Gliscor\n|-activate|p2a: Gliscor|move: Protect\n|\n|-heal|p2a: Gliscor|91\/100 tox|[from] ability: Poison Heal\n|upkeep\n|turn|23\n|\n|t:|1699922361\n|move|p2a: Gliscor|Knock Off|p1a: Golisopod\n|-damage|p1a: Golisopod|82\/100\n|-enditem|p1a: Golisopod|Heavy-Duty Boots|[from] move: Knock Off|[of] p2a: Gliscor\n|move|p1a: Golisopod|Knock Off|p2a: Gliscor\n|-damage|p2a: Gliscor|64\/100 tox\n|-enditem|p2a: Gliscor|Toxic Orb|[from] move: Knock Off|[of] p1a: Golisopod\n|\n|-heal|p2a: Gliscor|76\/100 tox|[from] ability: Poison Heal\n|upkeep\n|turn|24\n|\n|t:|1699922390\n|move|p2a: Gliscor|Protect|p2a: Gliscor\n|-singleturn|p2a: Gliscor|Protect\n|move|p1a: Golisopod|Liquidation|p2a: Gliscor\n|-activate|p2a: Gliscor|move: Protect\n|\n|-heal|p2a: Gliscor|88\/100 tox|[from] ability: Poison Heal\n|upkeep\n|turn|25\n|\n|t:|1699922394\n|move|p2a: Gliscor|Earthquake|p1a: Golisopod\n|-resisted|p1a: Golisopod\n|-damage|p1a: Golisopod|66\/100\n|move|p1a: Golisopod|Liquidation|p2a: Gliscor\n|-supereffective|p2a: Gliscor\n|-damage|p2a: Gliscor|18\/100 tox\n|\n|-heal|p2a: Gliscor|30\/100 tox|[from] ability: Poison Heal\n|upkeep\n|turn|26\n|\n|t:|1699922402\n|move|p2a: Gliscor|Protect|p2a: Gliscor\n|-singleturn|p2a: Gliscor|Protect\n|move|p1a: Golisopod|Liquidation|p2a: Gliscor\n|-activate|p2a: Gliscor|move: Protect\n|\n|-heal|p2a: Gliscor|43\/100 tox|[from] ability: Poison Heal\n|upkeep\n|turn|27\n|\n|t:|1699922415\n|switch|p2a: Goodra|Goodra-Hisui, F|67\/100\n|move|p1a: Golisopod|Liquidation|p2a: Goodra\n|-resisted|p2a: Goodra\n|-damage|p2a: Goodra|43\/100\n|-unboost|p2a: Goodra|def|1\n|\n|upkeep\n|turn|28\n|\n|t:|1699922421\n|move|p2a: Goodra|Draco Meteor|p1a: Golisopod\n|-damage|p1a: Golisopod|17\/100\n|-unboost|p2a: Goodra|spa|2\n|-activate|p1a: Golisopod|ability: Emergency Exit\n|\n|t:|1699922430\n|switch|p1a: Slowking|Slowking-Galar, F|100\/100\n|\n|upkeep\n|turn|29\n|\n|t:|1699922457\n|switch|p2a: Beedrill|Beedrill, F|100\/100\n|move|p1a: Slowking|Future Sight|p2a: Beedrill\n|-start|p1a: Slowking|move: Future Sight\n|\n|upkeep\n|turn|30\n|\n|t:|1699922464\n|detailschange|p2a: Beedrill|Beedrill-Mega, F\n|-mega|p2a: Beedrill|Beedrill|Beedrillite\n|move|p2a: Beedrill|Drill Run|p1a: Slowking\n|-supereffective|p1a: Slowking\n|-damage|p1a: Slowking|20\/100\n|move|p1a: Slowking|Flamethrower|p2a: Beedrill\n|-supereffective|p2a: Beedrill\n|-damage|p2a: Beedrill|12\/100\n|\n|-heal|p1a: Slowking|26\/100|[from] item: Leftovers\n|upkeep\n|turn|31\n|\n|t:|1699922480\n|switch|p1a: Corviknight|Corviknight, F|48\/100\n|-ability|p1a: Corviknight|Pressure\n|move|p2a: Beedrill|U-turn|p1a: Corviknight\n|-resisted|p1a: Corviknight\n|-damage|p1a: Corviknight|40\/100\n|\n|t:|1699922495\n|switch|p2a: Arcanine|Arcanine-Hisui, F, shiny|100\/100|[from] U-turn\n|\n|-end|p2a: Arcanine|move: Future Sight\n|-damage|p2a: Arcanine|36\/100\n|upkeep\n|turn|32\n|\n|t:|1699922503\n|move|p2a: Arcanine|Flare Blitz|p1a: Corviknight\n|-supereffective|p1a: Corviknight\n|-damage|p1a: Corviknight|0 fnt\n|faint|p1a: Corviknight\n|\n|upkeep\n|\n|t:|1699922508\n|switch|p1a: Great Tusk|Great Tusk|51\/100\n|turn|33\n|\n|t:|1699922517\n|switch|p2a: Gliscor|Gliscor, F, shiny|43\/100 tox\n|move|p1a: Great Tusk|Stealth Rock|p2a: Gliscor\n|-sidestart|p2: Koichilover|move: Stealth Rock\n|\n|-heal|p2a: Gliscor|55\/100 tox|[from] ability: Poison Heal\n|upkeep\n|turn|34\n|\n|t:|1699922524\n|move|p1a: Great Tusk|Stealth Rock||[still]\n|-fail|p1a: Great Tusk\n|move|p2a: Gliscor|Knock Off|p1a: Great Tusk\n|-resisted|p1a: Great Tusk\n|-damage|p1a: Great Tusk|44\/100\n|\n|-heal|p2a: Gliscor|67\/100 tox|[from] ability: Poison Heal\n|upkeep\n|turn|35\n|\n|t:|1699922527\n|-end|p1a: Great Tusk|Protosynthesis|[silent]\n|switch|p1a: Slowking|Slowking-Galar, F|59\/100\n|move|p2a: Gliscor|Earthquake|p1a: Slowking\n|-supereffective|p1a: Slowking\n|-damage|p1a: Slowking|0 fnt\n|faint|p1a: Slowking\n|\n|-heal|p2a: Gliscor|80\/100 tox|[from] ability: Poison Heal\n|upkeep\n|\n|t:|1699922532\n|switch|p1a: Arctozolt|Arctozolt|100\/100\n|turn|36\n|\n|t:|1699922536\n|move|p2a: Gliscor|Protect|p2a: Gliscor\n|-singleturn|p2a: Gliscor|Protect\n|move|p1a: Arctozolt|Icicle Crash|p2a: Gliscor\n|-activate|p2a: Gliscor|move: Protect\n|\n|-heal|p2a: Gliscor|92\/100 tox|[from] ability: Poison Heal\n|upkeep\n|turn|37\n|\n|t:|1699922556\n|switch|p2a: Goodra|Goodra-Hisui, F|43\/100\n|-damage|p2a: Goodra|37\/100|[from] Stealth Rock\n|move|p1a: Arctozolt|Icicle Crash|p2a: Goodra\n|-damage|p2a: Goodra|0 fnt\n|faint|p2a: Goodra\n|-damage|p1a: Arctozolt|91\/100|[from] item: Life Orb\n|\n|upkeep\n|\n|t:|1699922560\n|switch|p2a: Arcanine|Arcanine-Hisui, F, shiny|36\/100\n|-damage|p2a: Arcanine|11\/100|[from] Stealth Rock\n|turn|38\n|\n|t:|1699922570\n|switch|p1a: Great Tusk|Great Tusk|44\/100\n|move|p2a: Arcanine|Flare Blitz|p1a: Great Tusk\n|-damage|p1a: Great Tusk|0 fnt\n|faint|p1a: Great Tusk\n|-end|p1a: Great Tusk|Protosynthesis|[silent]\n|\n|upkeep\n|\n|t:|1699922572\n|switch|p1a: Golisopod|Golisopod, M|17\/100\n|turn|39\n|\n|t:|1699922577\n|move|p1a: Golisopod|First Impression|p2a: Arcanine\n|-resisted|p2a: Arcanine\n|-damage|p2a: Arcanine|0 fnt\n|faint|p2a: Arcanine\n|\n|upkeep\n|\n|t:|1699922588\n|switch|p2a: Gliscor|Gliscor, F, shiny|92\/100 tox\n|-damage|p2a: Gliscor|80\/100 tox|[from] Stealth Rock\n|turn|40\n|\n|t:|1699922608\n|move|p2a: Gliscor|Defog|p1a: Golisopod\n|-unboost|p1a: Golisopod|evasion|1\n|-sideend|p2: Koichilover|Stealth Rock|[from] move: Defog|[of] p2a: Gliscor\n|move|p1a: Golisopod|Liquidation|p2a: Gliscor\n|-supereffective|p2a: Gliscor\n|-damage|p2a: Gliscor|16\/100 tox\n|\n|-heal|p2a: Gliscor|28\/100 tox|[from] ability: Poison Heal\n|upkeep\n|turn|41\n|\n|t:|1699922613\n|move|p2a: Gliscor|Protect|p2a: Gliscor\n|-singleturn|p2a: Gliscor|Protect\n|move|p1a: Golisopod|Liquidation|p2a: Gliscor\n|-activate|p2a: Gliscor|move: Protect\n|\n|-heal|p2a: Gliscor|40\/100 tox|[from] ability: Poison Heal\n|upkeep\n|turn|42\n|\n|t:|1699922623\n|move|p2a: Gliscor|Knock Off|p1a: Golisopod\n|-damage|p1a: Golisopod|3\/100\n|move|p1a: Golisopod|Liquidation|p2a: Gliscor\n|-supereffective|p2a: Gliscor\n|-damage|p2a: Gliscor|0 fnt\n|faint|p2a: Gliscor\n|\n|upkeep\n|\n|t:|1699922630\n|switch|p2a: Beedrill|Beedrill-Mega, F|12\/100\n|turn|43\n|\n|t:|1699922633\n|switch|p1a: Arctozolt|Arctozolt|91\/100\n|move|p2a: Beedrill|Fell Stinger|p1a: Arctozolt\n|-damage|p1a: Arctozolt|47\/100\n|\n|upkeep\n|turn|44\n|\n|t:|1699922637\n|move|p2a: Beedrill|Poison Jab|p1a: Arctozolt\n|-damage|p1a: Arctozolt|0 fnt\n|faint|p1a: Arctozolt\n|\n|upkeep\n|\n|t:|1699922639\n|switch|p1a: Golisopod|Golisopod, M|3\/100\n|turn|45\n|\n|t:|1699922643\n|move|p1a: Golisopod|First Impression|p2a: Beedrill\n|-resisted|p2a: Beedrill\n|-damage|p2a: Beedrill|0 fnt\n|faint|p2a: Beedrill\n|\n|win|Z-Bean\n|raw|Z-Bean's rating: 1258 &rarr; <strong>1276<\/strong><br \/>(+18 for winning)\n|raw|Koichilover's rating: 1160 &rarr; <strong>1142<\/strong><br \/>(-18 for losing)\n|c|\u2606Koichilover|Gg\n","uploadtime":1699922653,"views":4,"p1id":"zbean","p2id":"koichilover","formatid":"gen9nationaldex","rating":1142,"private":0,"password":""}