{"id":"gen9nationaldex-1999979915","p1":"cgbxxdf ny","p2":"eusoufael","format":"[Gen 9] National Dex","log":"|html|<div class=\"broadcast-blue\"><strong>[Gen 9] National Dex is currently suspecting Sneasler! For information on how to participate check out the <a href=\"https:\/\/www.smogon.com\/forums\/threads\/sv-national-dex-suspect-8-just-dance.3731534\/\">suspect thread<\/a>.<\/strong><\/div>\n|j|\u2606cgbxxdf ny\n|j|\u2606eusoufael\n|t:|1701137146\n|gametype|singles\n|player|p1|cgbxxdf ny|170|1046\n|player|p2|eusoufael|ethan|1000\n|teamsize|p1|6\n|teamsize|p2|6\n|gen|9\n|tier|[Gen 9] National Dex\n|rated|\n|rule|HP Percentage Mod: HP is shown in percentages\n|rule|Endless Battle Clause: Forcing endless battles is banned\n|rule|OHKO Clause: OHKO moves are banned\n|rule|Evasion Clause: Evasion abilities, items, and moves are banned\n|rule|Evasion Abilities Clause: Evasion abilities are banned\n|rule|Evasion Items Clause: Evasion items are banned\n|rule|Evasion Moves Clause: Evasion moves are banned\n|rule|Species Clause: Limit one of each Pok\u00e9mon\n|rule|Sleep Clause Mod: Limit one foe put to sleep\n|clearpoke\n|poke|p1|Ferrothorn, F|\n|poke|p1|Samurott-Hisui, F|\n|poke|p1|Hawlucha, F|\n|poke|p1|Exploud, F|\n|poke|p1|Carracosta, F|\n|poke|p1|Orbeetle, F|\n|poke|p2|Electivire, F|\n|poke|p2|Charizard, F|\n|poke|p2|Torterra, M|\n|poke|p2|Gengar, M|\n|poke|p2|Dragonite, F|\n|poke|p2|Lucario, F|\n|teampreview\n|\n|t:|1701137153\n|start\n|switch|p1a: Ferrothorn|Ferrothorn, F|100\/100\n|switch|p2a: Torterra|Torterra, M|100\/100\n|turn|1\n|\n|t:|1701137160\n|move|p2a: Torterra|Stealth Rock|p1a: Ferrothorn\n|-sidestart|p1: cgbxxdf ny|move: Stealth Rock\n|move|p1a: Ferrothorn|Spikes|p2a: Torterra\n|-sidestart|p2: eusoufael|Spikes\n|\n|upkeep\n|turn|2\n|\n|t:|1701137172\n|move|p2a: Torterra|Earthquake|p1a: Ferrothorn\n|-damage|p1a: Ferrothorn|79\/100\n|move|p1a: Ferrothorn|Stealth Rock|p2a: Torterra\n|-sidestart|p2: eusoufael|move: Stealth Rock\n|\n|upkeep\n|turn|3\n|\n|t:|1701137182\n|switch|p2a: Dragonite|Dragonite, F|100\/100\n|-damage|p2a: Dragonite|76\/100|[from] Stealth Rock\n|move|p1a: Ferrothorn|Spikes|p2a: Dragonite\n|-sidestart|p2: eusoufael|Spikes\n|\n|upkeep\n|turn|4\n|\n|t:|1701137190\n|move|p2a: Dragonite|Defog|p1a: Ferrothorn\n|-unboost|p1a: Ferrothorn|evasion|1\n|-sideend|p1: cgbxxdf ny|Stealth Rock|[from] move: Defog|[of] p2a: Dragonite\n|-sideend|p2: eusoufael|Spikes|[from] move: Defog|[of] p2a: Dragonite\n|-sideend|p2: eusoufael|Stealth Rock|[from] move: Defog|[of] p2a: Dragonite\n|move|p1a: Ferrothorn|Iron Defense|p1a: Ferrothorn\n|-boost|p1a: Ferrothorn|def|2\n|\n|upkeep\n|turn|5\n|\n|t:|1701137197\n|move|p2a: Dragonite|Roost|p2a: Dragonite\n|-heal|p2a: Dragonite|100\/100\n|-singleturn|p2a: Dragonite|move: Roost\n|move|p1a: Ferrothorn|Body Press|p2a: Dragonite\n|-damage|p2a: Dragonite|71\/100\n|-damage|p1a: Ferrothorn|62\/100|[from] item: Rocky Helmet|[of] p2a: Dragonite\n|\n|upkeep\n|turn|6\n|\n|t:|1701137207\n|switch|p2a: Charizard|Charizard, F|100\/100\n|move|p1a: Ferrothorn|Iron Defense|p1a: Ferrothorn\n|-boost|p1a: Ferrothorn|def|2\n|\n|upkeep\n|turn|7\n|\n|t:|1701137213\n|detailschange|p2a: Charizard|Charizard-Mega-Y, F\n|-mega|p2a: Charizard|Charizard|Charizardite Y\n|-weather|SunnyDay|[from] ability: Drought|[of] p2a: Charizard\n|move|p2a: Charizard|Flamethrower|p1a: Ferrothorn\n|-supereffective|p1a: Ferrothorn\n|-damage|p1a: Ferrothorn|0 fnt\n|faint|p1a: Ferrothorn\n|\n|-weather|SunnyDay|[upkeep]\n|upkeep\n|\n|t:|1701137228\n|switch|p1a: Carracosta|Carracosta, F|100\/100\n|turn|8\n|\n|t:|1701137234\n|move|p2a: Charizard|Solar Beam||[still]\n|-prepare|p2a: Charizard|Solar Beam\n|-anim|p2a: Charizard|Solar Beam|p1a: Carracosta\n|-supereffective|p1a: Carracosta\n|-damage|p1a: Carracosta|0 fnt\n|faint|p1a: Carracosta\n|\n|-weather|SunnyDay|[upkeep]\n|upkeep\n|\n|t:|1701137242\n|switch|p1a: Samurott|Samurott-Hisui, F, shiny|100\/100\n|turn|9\n|\n|t:|1701137246\n|move|p2a: Charizard|Solar Beam||[still]\n|-prepare|p2a: Charizard|Solar Beam\n|-anim|p2a: Charizard|Solar Beam|p1a: Samurott\n|-supereffective|p1a: Samurott\n|-damage|p1a: Samurott|0 fnt\n|faint|p1a: Samurott\n|\n|-weather|SunnyDay|[upkeep]\n|upkeep\n|\n|t:|1701137256\n|switch|p1a: Exploud|Exploud, F|100\/100\n|turn|10\n|\n|t:|1701137260\n|move|p2a: Charizard|Flamethrower|p1a: Exploud\n|-damage|p1a: Exploud|18\/100\n|-status|p1a: Exploud|brn\n|move|p1a: Exploud|Boomburst|p2a: Charizard\n|-damage|p2a: Charizard|41\/100\n|-enditem|p1a: Exploud|Throat Spray\n|-boost|p1a: Exploud|spa|1|[from] item: Throat Spray\n|\n|-weather|SunnyDay|[upkeep]\n|-damage|p1a: Exploud|12\/100 brn|[from] brn\n|upkeep\n|turn|11\n|\n|t:|1701137272\n|move|p2a: Charizard|Air Slash|p1a: Exploud\n|-damage|p1a: Exploud|0 fnt\n|faint|p1a: Exploud\n|\n|-weather|none\n|upkeep\n|\n|t:|1701137278\n|switch|p1a: Hawlucha|Hawlucha, F|100\/100\n|turn|12\n|\n|t:|1701137284\n|-singleturn|p1a: Hawlucha|move: Focus Punch\n|move|p2a: Charizard|Thunder Punch|p1a: Hawlucha\n|-supereffective|p1a: Hawlucha\n|-damage|p1a: Hawlucha|50\/100\n|cant|p1a: Hawlucha|Focus Punch|Focus Punch\n|\n|upkeep\n|turn|13\n|\n|t:|1701137299\n|move|p1a: Hawlucha|Cross Chop|p2a: Charizard\n|-resisted|p2a: Charizard\n|-damage|p2a: Charizard|11\/100\n|move|p2a: Charizard|Thunder Punch|p1a: Hawlucha\n|-supereffective|p1a: Hawlucha\n|-damage|p1a: Hawlucha|0 fnt\n|faint|p1a: Hawlucha\n|\n|upkeep\n|\n|t:|1701137307\n|switch|p1a: Orbeetle|Orbeetle, F, shiny|100\/100\n|turn|14\n|\n|t:|1701137316\n|-terastallize|p1a: Orbeetle|Fairy\n|move|p2a: Charizard|Flamethrower|p1a: Orbeetle\n|-damage|p1a: Orbeetle|50\/100\n|move|p1a: Orbeetle|Bug Buzz|p2a: Charizard\n|-resisted|p2a: Charizard\n|-damage|p2a: Charizard|3\/100\n|\n|upkeep\n|turn|15\n|\n|t:|1701137324\n|move|p2a: Charizard|Flamethrower|p1a: Orbeetle\n|-damage|p1a: Orbeetle|0 fnt\n|faint|p1a: Orbeetle\n|\n|win|eusoufael\n|raw|cgbxxdf ny's rating: 1046 &rarr; <strong>1027<\/strong><br \/>(-19 for losing)\n|raw|eusoufael's rating: 1000 &rarr; <strong>1045<\/strong><br \/>(+45 for winning)\n","uploadtime":1701137329,"views":1,"p1id":"cgbxxdfny","p2id":"eusoufael","formatid":"gen9nationaldex","rating":1027,"private":0,"password":""}