{"id":"gen9nationaldex-1995609094","p1":"Kybushi+","p2":"A-fishing-kobold","format":"[Gen 9] National Dex","log":"|html|<div class=\"broadcast-blue\"><strong>[Gen 9] National Dex is currently suspecting Sneasler! For information on how to participate check out the <a href=\"https:\/\/www.smogon.com\/forums\/threads\/sv-national-dex-suspect-8-just-dance.3731534\/\">suspect thread<\/a>.<\/strong><\/div>\n|j|\u2606Kybushi+\n|j|\u2606A-fishing-kobold\n|t:|1700587175\n|gametype|singles\n|player|p1|Kybushi+|pokemonbreederf|\n|player|p2|A-fishing-kobold|fisherman|\n|teamsize|p1|6\n|teamsize|p2|6\n|gen|9\n|tier|[Gen 9] National Dex\n|rule|HP Percentage Mod: HP is shown in percentages\n|rule|Endless Battle Clause: Forcing endless battles is banned\n|rule|OHKO Clause: OHKO moves are banned\n|rule|Evasion Clause: Evasion abilities, items, and moves are banned\n|rule|Evasion Abilities Clause: Evasion abilities are banned\n|rule|Evasion Items Clause: Evasion items are banned\n|rule|Evasion Moves Clause: Evasion moves are banned\n|rule|Species Clause: Limit one of each Pok\u00e9mon\n|rule|Sleep Clause Mod: Limit one foe put to sleep\n|clearpoke\n|poke|p1|Morpeko, M|\n|poke|p1|Scizor, F|\n|poke|p1|Moltres|\n|poke|p1|Slowking, F|\n|poke|p1|Great Tusk|\n|poke|p1|Tapu Koko|\n|poke|p2|Mandibuzz, F|\n|poke|p2|Tapu Koko|\n|poke|p2|Ferrothorn, F|\n|poke|p2|Skeledirge, M|\n|poke|p2|Okidogi, M|\n|poke|p2|Alomomola, F|\n|teampreview\n|inactive|Battle timer is ON: inactive players will automatically lose when time's up. (requested by A-fishing-kobold)\n|inactive|Kybushi+ also wants the timer to be on.\n|c|\u2606A-fishing-kobold|Hello\n|c|\u2606A-fishing-kobold|Is that banded morpeko\n|c|\u2606Kybushi+|yep\n|c|\u2606A-fishing-kobold|Based\n|inactive|Kybushi+ has 270 seconds left.\n|\n|t:|1700587207\n|start\n|switch|p1a: Morpeko|Morpeko, M|100\/100\n|switch|p2a: Tapu Koko|Tapu Koko, shiny|100\/100\n|-fieldstart|move: Electric Terrain|[from] ability: Electric Surge|[of] p2a: Tapu Koko\n|turn|1\n|\n|t:|1700587215\n|switch|p1a: Slowking|Slowking, F|100\/100\n|move|p2a: Tapu Koko|Dazzling Gleam|p1a: Slowking\n|-damage|p1a: Slowking|74\/100\n|-damage|p2a: Tapu Koko|91\/100|[from] item: Life Orb\n|\n|upkeep\n|turn|2\n|\n|t:|1700587222\n|move|p2a: Tapu Koko|Thunderbolt|p1a: Slowking\n|-supereffective|p1a: Slowking\n|-damage|p1a: Slowking|0 fnt\n|faint|p1a: Slowking\n|-damage|p2a: Tapu Koko|81\/100|[from] item: Life Orb\n|\n|upkeep\n|\n|t:|1700587226\n|switch|p1a: Scizor|Scizor, F|100\/100\n|turn|3\n|\n|t:|1700587230\n|switch|p2a: The dirge|Skeledirge, M|100\/100\n|detailschange|p1a: Scizor|Scizor-Mega, F\n|-mega|p1a: Scizor|Scizor|Scizorite\n|move|p1a: Scizor|Swords Dance|p1a: Scizor\n|-boost|p1a: Scizor|atk|2\n|\n|upkeep\n|turn|4\n|\n|t:|1700587239\n|move|p1a: Scizor|Dual Wingbeat|p2a: The dirge\n|-damage|p2a: The dirge|78\/100\n|-damage|p2a: The dirge|57\/100\n|-hitcount|p2a: The dirge|2\n|move|p2a: The dirge|Will-O-Wisp|p1a: Scizor\n|-status|p1a: Scizor|brn\n|\n|-heal|p2a: The dirge|63\/100|[from] item: Leftovers\n|-damage|p1a: Scizor|94\/100 brn|[from] brn\n|upkeep\n|turn|5\n|\n|t:|1700587249\n|switch|p1a: Morpeko|Morpeko, M|100\/100\n|move|p2a: The dirge|Slack Off|p2a: The dirge\n|-heal|p2a: The dirge|100\/100\n|\n|-fieldend|move: Electric Terrain\n|-formechange|p1a: Morpeko|Morpeko-Hangry||[from] ability: Hunger Switch\n|upkeep\n|turn|6\n|c|\u2606Kybushi+|AURA WHEEL\n|\n|t:|1700587258\n|-terastallize|p2a: The dirge|Fairy\n|move|p1a: Morpeko|Aura Wheel|p2a: The dirge\n|-resisted|p2a: The dirge\n|-damage|p2a: The dirge|80\/100\n|-boost|p1a: Morpeko|spe|1\n|move|p2a: The dirge|Will-O-Wisp|p1a: Morpeko\n|-status|p1a: Morpeko|brn\n|\n|-heal|p2a: The dirge|86\/100|[from] item: Leftovers\n|-damage|p1a: Morpeko|94\/100 brn|[from] brn\n|-formechange|p1a: Morpeko|Morpeko||[from] ability: Hunger Switch\n|upkeep\n|turn|7\n|c|\u2606Kybushi+|AURA WHEEL\n|c|\u2606Kybushi+|AURA WHEEL\n|c|\u2606Kybushi+|AURA WHEEL\n|c|\u2606A-fishing-kobold|Denied\n|c|\u2606Kybushi+|thats annoying\n|c|\u2606Kybushi+|anyways\n|\n|t:|1700587272\n|move|p1a: Morpeko|Parting Shot|p2a: The dirge\n|-unboost|p2a: The dirge|atk|1\n|-unboost|p2a: The dirge|spa|1\n|c|\u2606Kybushi+|AURA WHEEL\n|c|\u2606Kybushi+|AURA WHEEL\n|c|\u2606Kybushi+|AURA WHEEL\n|\n|t:|1700587286\n|switch|p1a: Moltres|Moltres|100\/100|[from] Parting Shot\n|-ability|p1a: Moltres|Pressure\n|move|p2a: The dirge|Torch Song|p1a: Moltres\n|-resisted|p1a: Moltres\n|-damage|p1a: Moltres|91\/100\n|-boost|p2a: The dirge|spa|1\n|\n|-heal|p2a: The dirge|92\/100|[from] item: Leftovers\n|upkeep\n|turn|8\n|\n|t:|1700587293\n|switch|p2a: Alomomola|Alomomola, F, shiny|100\/100\n|move|p1a: Moltres|Flamethrower|p2a: Alomomola\n|-resisted|p2a: Alomomola\n|-damage|p2a: Alomomola|85\/100\n|\n|-heal|p2a: Alomomola|91\/100|[from] item: Leftovers\n|upkeep\n|turn|9\n|\n|t:|1700587297\n|move|p1a: Moltres|U-turn|p2a: Alomomola\n|-damage|p2a: Alomomola|81\/100\n|\n|t:|1700587301\n|switch|p1a: Morpeko|Morpeko, M|94\/100 brn|[from] U-turn\n|move|p2a: Alomomola|Toxic||[still]\n|-fail|p2a: Alomomola\n|\n|-heal|p1a: Morpeko|100\/100 brn|[from] item: Leftovers\n|-heal|p2a: Alomomola|88\/100|[from] item: Leftovers\n|-damage|p1a: Morpeko|94\/100 brn|[from] brn\n|-formechange|p1a: Morpeko|Morpeko-Hangry||[from] ability: Hunger Switch\n|upkeep\n|turn|10\n|\n|t:|1700587307\n|switch|p2a: Tapu Koko|Tapu Koko, shiny|81\/100\n|-fieldstart|move: Electric Terrain|[from] ability: Electric Surge|[of] p2a: Tapu Koko\n|move|p1a: Morpeko|Knock Off|p2a: Tapu Koko\n|-resisted|p2a: Tapu Koko\n|-damage|p2a: Tapu Koko|67\/100\n|-enditem|p2a: Tapu Koko|Life Orb|[from] move: Knock Off|[of] p1a: Morpeko\n|\n|-heal|p1a: Morpeko|100\/100 brn|[from] item: Leftovers\n|-damage|p1a: Morpeko|94\/100 brn|[from] brn\n|-formechange|p1a: Morpeko|Morpeko||[from] ability: Hunger Switch\n|upkeep\n|turn|11\n|\n|t:|1700587313\n|move|p2a: Tapu Koko|Dazzling Gleam|p1a: Morpeko\n|-supereffective|p1a: Morpeko\n|-damage|p1a: Morpeko|0 fnt\n|faint|p1a: Morpeko\n|\n|upkeep\n|\n|t:|1700587316\n|switch|p1a: Tapu Koko|Tapu Koko|100\/100\n|turn|12\n|\n|t:|1700587320\n|move|p1a: Tapu Koko|Calm Mind|p1a: Tapu Koko\n|-boost|p1a: Tapu Koko|spa|1\n|-boost|p1a: Tapu Koko|spd|1\n|move|p2a: Tapu Koko|Roost|p2a: Tapu Koko\n|-heal|p2a: Tapu Koko|100\/100\n|-singleturn|p2a: Tapu Koko|move: Roost\n|\n|upkeep\n|turn|13\n|\n|t:|1700587326\n|switch|p2a: The dirge|Skeledirge, M, tera:Fairy|92\/100\n|move|p1a: Tapu Koko|Calm Mind|p1a: Tapu Koko\n|-boost|p1a: Tapu Koko|spa|1\n|-boost|p1a: Tapu Koko|spd|1\n|\n|-heal|p2a: The dirge|98\/100|[from] item: Leftovers\n|upkeep\n|turn|14\n|c|\u2606Kybushi+|keep doing that\n|\n|t:|1700587334\n|move|p1a: Tapu Koko|Dazzling Gleam|p2a: The dirge\n|-damage|p2a: The dirge|75\/100\n|move|p2a: The dirge|Will-O-Wisp|p1a: Tapu Koko\n|-status|p1a: Tapu Koko|brn\n|\n|-heal|p2a: The dirge|81\/100|[from] item: Leftovers\n|-damage|p1a: Tapu Koko|94\/100 brn|[from] brn\n|-fieldend|move: Electric Terrain\n|upkeep\n|turn|15\n|c|\u2606A-fishing-kobold|Burn\n|\n|t:|1700587344\n|move|p1a: Tapu Koko|Dazzling Gleam|p2a: The dirge\n|-damage|p2a: The dirge|55\/100\n|move|p2a: The dirge|Torch Song|p1a: Tapu Koko\n|-damage|p1a: Tapu Koko|46\/100 brn\n|-boost|p2a: The dirge|spa|1\n|\n|-heal|p2a: The dirge|61\/100|[from] item: Leftovers\n|-damage|p1a: Tapu Koko|40\/100 brn|[from] brn\n|upkeep\n|turn|16\n|c|\u2606Kybushi+|yep\n|\n|t:|1700587356\n|move|p1a: Tapu Koko|Volt Switch|p2a: The dirge\n|-damage|p2a: The dirge|40\/100\n|\n|t:|1700587360\n|switch|p1a: Moltres|Moltres|91\/100|[from] Volt Switch\n|-ability|p1a: Moltres|Pressure\n|move|p2a: The dirge|Shadow Ball|p1a: Moltres\n|-damage|p1a: Moltres|48\/100\n|\n|-heal|p2a: The dirge|46\/100|[from] item: Leftovers\n|upkeep\n|turn|17\n|c|\u2606Kybushi+|I dont have a good dirge counter\n|\n|t:|1700587370\n|move|p1a: Moltres|Flamethrower|p2a: The dirge\n|-damage|p2a: The dirge|17\/100\n|move|p2a: The dirge|Slack Off|p2a: The dirge\n|-heal|p2a: The dirge|67\/100\n|\n|-heal|p2a: The dirge|73\/100|[from] item: Leftovers\n|upkeep\n|turn|18\n|c|\u2606Kybushi+|I mean I do\n|c|\u2606Kybushi+|I jsut dont want to bring tit out\n|c|\u2606Kybushi+|hes a bit shy\n|\n|t:|1700587378\n|move|p1a: Moltres|Roost|p1a: Moltres\n|-heal|p1a: Moltres|98\/100\n|-singleturn|p1a: Moltres|move: Roost\n|move|p2a: The dirge|Shadow Ball|p1a: Moltres\n|-damage|p1a: Moltres|50\/100\n|\n|-heal|p2a: The dirge|79\/100|[from] item: Leftovers\n|upkeep\n|turn|19\n|c|\u2606A-fishing-kobold|GET THAT TUSKY BOI OUT HERE\n|\n|t:|1700587389\n|switch|p1a: Scizor|Scizor-Mega, F|94\/100 brn\n|move|p2a: The dirge|Torch Song|p1a: Scizor\n|-supereffective|p1a: Scizor\n|-damage|p1a: Scizor|0 fnt\n|-boost|p2a: The dirge|spa|1\n|faint|p1a: Scizor\n|\n|-heal|p2a: The dirge|85\/100|[from] item: Leftovers\n|upkeep\n|\n|t:|1700587392\n|switch|p1a: Great Tusk|Great Tusk|100\/100\n|turn|20\n|\n|t:|1700587400\n|move|p1a: Great Tusk|Headlong Rush|p2a: The dirge\n|-damage|p2a: The dirge|35\/100\n|-unboost|p1a: Great Tusk|def|1\n|-unboost|p1a: Great Tusk|spd|1\n|move|p2a: The dirge|Will-O-Wisp|p1a: Great Tusk\n|-status|p1a: Great Tusk|brn\n|\n|-heal|p2a: The dirge|41\/100|[from] item: Leftovers\n|-damage|p1a: Great Tusk|94\/100 brn|[from] brn\n|upkeep\n|turn|21\n|\n|t:|1700587411\n|move|p1a: Great Tusk|Headlong Rush|p2a: The dirge\n|-damage|p2a: The dirge|16\/100\n|-unboost|p1a: Great Tusk|def|1\n|-unboost|p1a: Great Tusk|spd|1\n|move|p2a: The dirge|Slack Off|p2a: The dirge\n|-heal|p2a: The dirge|66\/100\n|\n|-heal|p2a: The dirge|72\/100|[from] item: Leftovers\n|-damage|p1a: Great Tusk|88\/100 brn|[from] brn\n|upkeep\n|turn|22\n|\n|t:|1700587421\n|move|p1a: Great Tusk|Headlong Rush|p2a: The dirge\n|-damage|p2a: The dirge|47\/100\n|-unboost|p1a: Great Tusk|def|1\n|-unboost|p1a: Great Tusk|spd|1\n|move|p2a: The dirge|Slack Off|p2a: The dirge\n|-heal|p2a: The dirge|97\/100\n|\n|-heal|p2a: The dirge|100\/100|[from] item: Leftovers\n|-damage|p1a: Great Tusk|82\/100 brn|[from] brn\n|upkeep\n|turn|23\n|\n|t:|1700587437\n|move|p1a: Great Tusk|Headlong Rush|p2a: The dirge\n|-damage|p2a: The dirge|73\/100\n|-unboost|p1a: Great Tusk|def|1\n|-unboost|p1a: Great Tusk|spd|1\n|move|p2a: The dirge|Torch Song|p1a: Great Tusk\n|-damage|p1a: Great Tusk|0 fnt\n|-boost|p2a: The dirge|spa|1\n|faint|p1a: Great Tusk\n|-end|p1a: Great Tusk|Protosynthesis|[silent]\n|\n|-heal|p2a: The dirge|79\/100|[from] item: Leftovers\n|upkeep\n|\n|t:|1700587441\n|switch|p1a: Moltres|Moltres|50\/100\n|-ability|p1a: Moltres|Pressure\n|turn|24\n|-message|Kybushi+ forfeited.\n|\n|win|A-fishing-kobold\n|l|\u2606Kybushi+\n|c|\u2606A-fishing-kobold|Gg\n","uploadtime":1700587498,"views":0,"p1id":"kybushi","p2id":"afishingkobold","formatid":"gen9nationaldex","rating":0,"private":0,"password":""}