{"id":"gen9nationaldex-1993763044","p1":"RARMolina","p2":"bgileguy","format":"[Gen 9] National Dex","log":"|j|\u2606RARMolina\n|j|\u2606bgileguy\n|t:|1700354334\n|gametype|singles\n|player|p1|RARMolina|phorus-unite|1238\n|player|p2|bgileguy|koga|1277\n|teamsize|p1|6\n|teamsize|p2|6\n|gen|9\n|tier|[Gen 9] National Dex\n|rated|\n|rule|HP Percentage Mod: HP is shown in percentages\n|rule|Endless Battle Clause: Forcing endless battles is banned\n|rule|OHKO Clause: OHKO moves are banned\n|rule|Evasion Clause: Evasion abilities, items, and moves are banned\n|rule|Evasion Abilities Clause: Evasion abilities are banned\n|rule|Evasion Items Clause: Evasion items are banned\n|rule|Evasion Moves Clause: Evasion moves are banned\n|rule|Species Clause: Limit one of each Pok\u00e9mon\n|rule|Sleep Clause Mod: Limit one foe put to sleep\n|clearpoke\n|poke|p1|Empoleon, M|\n|poke|p1|Garchomp, M|\n|poke|p1|Pelipper, M|\n|poke|p1|Jellicent, F|\n|poke|p1|Golisopod, M|\n|poke|p1|Swampert, F|\n|poke|p2|Raticate, M|\n|poke|p2|Blastoise, M|\n|poke|p2|Torkoal, M|\n|poke|p2|Torterra, M|\n|poke|p2|Diancie|\n|poke|p2|Drednaw, M|\n|teampreview\n|\n|t:|1700354344\n|start\n|switch|p1a: Weater report|Pelipper, M|100\/100\n|switch|p2a: April O'Neill|Diancie|100\/100\n|-weather|RainDance|[from] ability: Drizzle|[of] p1a: Weater report\n|turn|1\n|\n|t:|1700354357\n|switch|p1a: Jatziri|Swampert, F|100\/100\n|detailschange|p2a: April O'Neill|Diancie-Mega\n|-mega|p2a: April O'Neill|Diancie|Diancite\n|move|p2a: April O'Neill|Light Screen|p2a: April O'Neill\n|-sidestart|p2: bgileguy|move: Light Screen\n|\n|-weather|RainDance|[upkeep]\n|upkeep\n|turn|2\n|\n|t:|1700354381\n|switch|p2a: Donatello|Blastoise, M, shiny|100\/100\n|detailschange|p1a: Jatziri|Swampert-Mega, F\n|-mega|p1a: Jatziri|Swampert|Swampertite\n|move|p1a: Jatziri|Waterfall|p2a: Donatello\n|-resisted|p2a: Donatello\n|-damage|p2a: Donatello|61\/100\n|\n|-weather|RainDance|[upkeep]\n|upkeep\n|turn|3\n|\n|t:|1700354389\n|move|p1a: Jatziri|Earthquake|p2a: Donatello\n|-damage|p2a: Donatello|0 fnt\n|faint|p2a: Donatello\n|\n|-weather|RainDance|[upkeep]\n|upkeep\n|\n|t:|1700354400\n|switch|p2a: Master Splinter|Raticate, M|100\/100\n|turn|4\n|\n|t:|1700354404\n|move|p2a: Master Splinter|Protect|p2a: Master Splinter\n|-singleturn|p2a: Master Splinter|Protect\n|move|p1a: Jatziri|Earthquake|p2a: Master Splinter\n|-activate|p2a: Master Splinter|move: Protect\n|\n|-weather|RainDance|[upkeep]\n|-status|p2a: Master Splinter|brn|[from] item: Flame Orb\n|upkeep\n|turn|5\n|\n|t:|1700354414\n|switch|p2a: Michelangelo|Torterra, M|100\/100\n|move|p1a: Jatziri|Flip Turn|p2a: Michelangelo\n|-damage|p2a: Michelangelo|46\/100\n|\n|t:|1700354419\n|switch|p1a: Shredder|Golisopod, M|100\/100|[from] Flip Turn\n|\n|-weather|RainDance|[upkeep]\n|-sideend|p2: bgileguy|move: Light Screen\n|upkeep\n|turn|6\n|\n|t:|1700354431\n|switch|p2a: Raphael|Torkoal, M|100\/100\n|move|p1a: Shredder|First Impression|p2a: Raphael\n|-resisted|p2a: Raphael\n|-damage|p2a: Raphael|83\/100\n|\n|-weather|RainDance|[upkeep]\n|upkeep\n|turn|7\n|\n|t:|1700354443\n|move|p1a: Shredder|Razor Shell|p2a: Raphael\n|-supereffective|p2a: Raphael\n|-damage|p2a: Raphael|0 fnt\n|faint|p2a: Raphael\n|\n|-weather|RainDance|[upkeep]\n|upkeep\n|\n|t:|1700354451\n|switch|p2a: Master Splinter|Raticate, M|100\/100 brn\n|turn|8\n|\n|t:|1700354458\n|switch|p1a: Srta. Tess|Jellicent, F|100\/100\n|move|p2a: Master Splinter|Facade|p1a: Srta. Tess\n|-immune|p1a: Srta. Tess\n|\n|-weather|none\n|-damage|p2a: Master Splinter|95\/100 brn|[from] brn\n|upkeep\n|turn|9\n|\n|t:|1700354467\n|move|p2a: Master Splinter|Swords Dance|p2a: Master Splinter\n|-boost|p2a: Master Splinter|atk|2\n|move|p1a: Srta. Tess|Scald|p2a: Master Splinter\n|-damage|p2a: Master Splinter|53\/100 brn\n|\n|-damage|p2a: Master Splinter|48\/100 brn|[from] brn\n|upkeep\n|turn|10\n|\n|t:|1700354475\n|move|p2a: Master Splinter|Sucker Punch|p1a: Srta. Tess\n|-supereffective|p1a: Srta. Tess\n|-damage|p1a: Srta. Tess|3\/100\n|move|p1a: Srta. Tess|Scald|p2a: Master Splinter\n|-damage|p2a: Master Splinter|7\/100 brn\n|\n|-heal|p1a: Srta. Tess|9\/100|[from] item: Leftovers\n|-damage|p2a: Master Splinter|1\/100 brn|[from] brn\n|upkeep\n|turn|11\n|\n|t:|1700354486\n|switch|p2a: April O'Neill|Diancie-Mega|100\/100\n|move|p1a: Srta. Tess|Recover|p1a: Srta. Tess\n|-heal|p1a: Srta. Tess|59\/100\n|\n|-heal|p1a: Srta. Tess|66\/100|[from] item: Leftovers\n|upkeep\n|turn|12\n|\n|t:|1700354492\n|move|p2a: April O'Neill|Diamond Storm|p1a: Srta. Tess\n|-damage|p1a: Srta. Tess|21\/100\n|-boost|p2a: April O'Neill|def|2\n|-start|p2a: April O'Neill|Disable|Diamond Storm|[from] ability: Cursed Body|[of] p1a: Srta. Tess\n|move|p1a: Srta. Tess|Taunt|p2a: April O'Neill\n|move|p2a: April O'Neill|Taunt|p1a: Srta. Tess|[from]ability: Magic Bounce\n|-start|p1a: Srta. Tess|move: Taunt\n|\n|-heal|p1a: Srta. Tess|27\/100|[from] item: Leftovers\n|upkeep\n|turn|13\n|c|\u2606bgileguy|lol\n|\n|t:|1700354504\n|switch|p1a: Weater report|Pelipper, M|100\/100\n|-weather|RainDance|[from] ability: Drizzle|[of] p1a: Weater report\n|move|p2a: April O'Neill|Moonblast|p1a: Weater report\n|-damage|p1a: Weater report|28\/100\n|-unboost|p1a: Weater report|spa|1\n|\n|-weather|RainDance|[upkeep]\n|upkeep\n|turn|14\n|\n|t:|1700354512\n|switch|p1a: Jatziri|Swampert-Mega, F|100\/100\n|move|p2a: April O'Neill|Reflect|p2a: April O'Neill\n|-sidestart|p2: bgileguy|Reflect\n|\n|-weather|RainDance|[upkeep]\n|upkeep\n|turn|15\n|\n|t:|1700354518\n|move|p1a: Jatziri|Waterfall|p2a: April O'Neill\n|-supereffective|p2a: April O'Neill\n|-damage|p2a: April O'Neill|60\/100\n|move|p2a: April O'Neill|Moonblast|p1a: Jatziri\n|-damage|p1a: Jatziri|58\/100\n|\n|-weather|RainDance|[upkeep]\n|-end|p2a: April O'Neill|Disable\n|upkeep\n|turn|16\n|\n|t:|1700354527\n|move|p1a: Jatziri|Waterfall|p2a: April O'Neill\n|-supereffective|p2a: April O'Neill\n|-damage|p2a: April O'Neill|19\/100\n|move|p2a: April O'Neill|Diamond Storm|p1a: Jatziri\n|-resisted|p1a: Jatziri\n|-damage|p1a: Jatziri|34\/100\n|-boost|p2a: April O'Neill|def|2\n|\n|-weather|RainDance|[upkeep]\n|upkeep\n|turn|17\n|\n|t:|1700354537\n|switch|p2a: Michelangelo|Torterra, M|46\/100\n|move|p1a: Jatziri|Earthquake|p2a: Michelangelo\n|-resisted|p2a: Michelangelo\n|-damage|p2a: Michelangelo|31\/100\n|\n|-weather|RainDance|[upkeep]\n|upkeep\n|turn|18\n|\n|t:|1700354550\n|move|p1a: Jatziri|Ice Punch|p2a: Michelangelo\n|-supereffective|p2a: Michelangelo\n|-damage|p2a: Michelangelo|0 fnt\n|faint|p2a: Michelangelo\n|\n|-weather|RainDance|[upkeep]\n|-sideend|p2: bgileguy|Reflect\n|upkeep\n|\n|t:|1700354557\n|switch|p2a: Master Splinter|Raticate, M|1\/100 brn\n|turn|19\n|\n|t:|1700354563\n|switch|p1a: Shredder|Golisopod, M|100\/100\n|switch|p2a: April O'Neill|Diancie-Mega|19\/100\n|\n|-weather|RainDance|[upkeep]\n|upkeep\n|turn|20\n|\n|t:|1700354580\n|switch|p2a: Leonardo|Drednaw, M|100\/100\n|-terastallize|p1a: Shredder|Steel\n|move|p1a: Shredder|Razor Shell|p2a: Leonardo\n|-damage|p2a: Leonardo|29\/100\n|\n|-weather|none\n|upkeep\n|turn|21\n|\n|t:|1700354592\n|move|p1a: Shredder|Sucker Punch|p2a: Leonardo\n|-damage|p2a: Leonardo|1\/100\n|move|p2a: Leonardo|Liquidation|p1a: Shredder\n|-damage|p1a: Shredder|64\/100\n|\n|upkeep\n|turn|22\n|\n|t:|1700354599\n|move|p1a: Shredder|Sucker Punch||[still]\n|-fail|p1a: Shredder\n|move|p2a: Leonardo|Shell Smash|p2a: Leonardo\n|-unboost|p2a: Leonardo|def|1\n|-unboost|p2a: Leonardo|spd|1\n|-boost|p2a: Leonardo|atk|2\n|-boost|p2a: Leonardo|spa|2\n|-boost|p2a: Leonardo|spe|2\n|-enditem|p2a: Leonardo|White Herb\n|-clearnegativeboost|p2a: Leonardo|[silent]\n|\n|upkeep\n|turn|23\n|\n|t:|1700354608\n|move|p1a: Shredder|Sucker Punch||[still]\n|-fail|p1a: Shredder\n|move|p2a: Leonardo|Shell Smash|p2a: Leonardo\n|-unboost|p2a: Leonardo|def|1\n|-unboost|p2a: Leonardo|spd|1\n|-boost|p2a: Leonardo|atk|2\n|-boost|p2a: Leonardo|spa|2\n|-boost|p2a: Leonardo|spe|2\n|\n|upkeep\n|turn|24\n|\n|t:|1700354616\n|move|p1a: Shredder|Sucker Punch|p2a: Leonardo\n|-damage|p2a: Leonardo|0 fnt\n|faint|p2a: Leonardo\n|\n|upkeep\n|\n|t:|1700354622\n|switch|p2a: Master Splinter|Raticate, M|1\/100 brn\n|turn|25\n|\n|t:|1700354627\n|switch|p1a: Weater report|Pelipper, M|28\/100\n|-weather|RainDance|[from] ability: Drizzle|[of] p1a: Weater report\n|-terastallize|p2a: Master Splinter|Dark\n|move|p2a: Master Splinter|Sucker Punch||[still]\n|-fail|p2a: Master Splinter\n|\n|-weather|RainDance|[upkeep]\n|-damage|p2a: Master Splinter|0 fnt|[from] brn\n|faint|p2a: Master Splinter\n|upkeep\n|-message|bgileguy forfeited.\n|\n|win|RARMolina\n|raw|RARMolina's rating: 1238 &rarr; <strong>1266<\/strong><br \/>(+28 for winning)\n|raw|bgileguy's rating: 1277 &rarr; <strong>1249<\/strong><br \/>(-28 for losing)\n|l|\u2606bgileguy\n|c|\u2606RARMolina|Gg\n","uploadtime":1700354636,"views":22,"p1id":"rarmolina","p2id":"bgileguy","formatid":"gen9nationaldex","rating":1249,"private":0,"password":""}