{"id":"gen9nationaldex-1993220209","p1":"DreamFreedom","p2":"GoYouSureYeahGetit","format":"[Gen 9] National Dex","log":"|j|\u2606DreamFreedom\n|j|\u2606GoYouSureYeahGetit\n|t:|1700279818\n|gametype|singles\n|player|p1|DreamFreedom|bianca|1587\n|player|p2|GoYouSureYeahGetit|bea|1574\n|teamsize|p1|6\n|teamsize|p2|6\n|gen|9\n|tier|[Gen 9] National Dex\n|rated|\n|rule|HP Percentage Mod: HP is shown in percentages\n|rule|Endless Battle Clause: Forcing endless battles is banned\n|rule|OHKO Clause: OHKO moves are banned\n|rule|Evasion Clause: Evasion abilities, items, and moves are banned\n|rule|Evasion Abilities Clause: Evasion abilities are banned\n|rule|Evasion Items Clause: Evasion items are banned\n|rule|Evasion Moves Clause: Evasion moves are banned\n|rule|Species Clause: Limit one of each Pok\u00e9mon\n|rule|Sleep Clause Mod: Limit one foe put to sleep\n|clearpoke\n|poke|p1|Kyurem|\n|poke|p1|Moltres|\n|poke|p1|Garchomp, F|\n|poke|p1|Tapu Lele|\n|poke|p1|Sneasler, M|\n|poke|p1|Ogerpon-Wellspring, F|\n|poke|p2|Xurkitree|\n|poke|p2|Zapdos-Galar|\n|poke|p2|Landorus-Therian, M|\n|poke|p2|Alomomola, F|\n|poke|p2|Chansey, F|\n|poke|p2|Rillaboom, M|\n|teampreview\n|c|\u2606GoYouSureYeahGetit|gl hf\n|\n|t:|1700279825\n|start\n|switch|p1a: Kyurem|Kyurem|100\/100\n|switch|p2a: Xurkitree|Xurkitree, shiny|100\/100\n|-ability|p1a: Kyurem|Pressure\n|turn|1\n|\n|t:|1700279831\n|switch|p2a: Chansey|Chansey, F, shiny|100\/100\n|move|p1a: Kyurem|Draco Meteor|p2a: Chansey\n|-damage|p2a: Chansey|75\/100\n|-unboost|p1a: Kyurem|spa|2\n|-damage|p1a: Kyurem|91\/100|[from] item: Life Orb\n|\n|upkeep\n|turn|2\n|inactive|Battle timer is ON: inactive players will automatically lose when time's up. (requested by GoYouSureYeahGetit)\n|\n|t:|1700279838\n|switch|p1a: Garchomp|Garchomp, F|100\/100\n|move|p2a: Chansey|Teleport|p2a: Chansey\n|\n|t:|1700279843\n|switch|p2a: Xurkitree|Xurkitree, shiny|100\/100|[from] Teleport\n|\n|upkeep\n|turn|3\n|\n|t:|1700279845\n|-terastallize|p2a: Xurkitree|Grass\n|-terastallize|p1a: Garchomp|Fairy\n|move|p2a: Xurkitree|Hidden Power|p1a: Garchomp\n|-damage|p1a: Garchomp|76\/100\n|move|p1a: Garchomp|Earthquake|p2a: Xurkitree\n|-resisted|p2a: Xurkitree\n|-damage|p2a: Xurkitree|66\/100\n|\n|upkeep\n|turn|4\n|\n|t:|1700279851\n|move|p2a: Xurkitree|Zap Cannon|p1a: Garchomp|[miss]\n|-miss|p2a: Xurkitree|p1a: Garchomp\n|-enditem|p2a: Xurkitree|Blunder Policy\n|-boost|p2a: Xurkitree|spe|2\n|move|p1a: Garchomp|Stealth Rock|p2a: Xurkitree\n|-sidestart|p2: GoYouSureYeahGetit|move: Stealth Rock\n|\n|upkeep\n|turn|5\n|\n|t:|1700279857\n|move|p2a: Xurkitree|Zap Cannon|p1a: Garchomp|[miss]\n|-miss|p2a: Xurkitree|p1a: Garchomp\n|move|p1a: Garchomp|Dragon Tail|p2a: Xurkitree\n|-damage|p2a: Xurkitree|28\/100\n|drag|p2a: Rillaboom|Rillaboom, M|100\/100\n|-damage|p2a: Rillaboom|88\/100|[from] Stealth Rock\n|-fieldstart|move: Grassy Terrain|[from] ability: Grassy Surge|[of] p2a: Rillaboom\n|\n|-heal|p1a: Garchomp|83\/100|[from] Grassy Terrain\n|-heal|p2a: Rillaboom|94\/100|[from] Grassy Terrain\n|upkeep\n|turn|6\n|\n|t:|1700279866\n|switch|p1a: Moltres|Moltres|100\/100\n|move|p2a: Rillaboom|Wood Hammer|p1a: Moltres\n|-resisted|p1a: Moltres\n|-damage|p1a: Moltres|80\/100\n|-status|p2a: Rillaboom|brn|[from] ability: Flame Body|[of] p1a: Moltres\n|-damage|p2a: Rillaboom|88\/100 brn|[from] Recoil\n|\n|-heal|p2a: Rillaboom|94\/100 brn|[from] Grassy Terrain\n|-damage|p2a: Rillaboom|88\/100 brn|[from] brn\n|upkeep\n|turn|7\n|\n|t:|1700279876\n|switch|p2a: Alomomola|Alomomola, F, shiny|100\/100\n|-damage|p2a: Alomomola|88\/100|[from] Stealth Rock\n|move|p1a: Moltres|U-turn|p2a: Alomomola\n|-damage|p2a: Alomomola|80\/100\n|-damage|p1a: Moltres|64\/100|[from] item: Rocky Helmet|[of] p2a: Alomomola\n|\n|t:|1700279882\n|switch|p1a: Tapu Lele|Tapu Lele|100\/100|[from] U-turn\n|-fieldstart|move: Psychic Terrain|[from] ability: Psychic Surge|[of] p1a: Tapu Lele\n|\n|upkeep\n|turn|8\n|\n|t:|1700279885\n|switch|p2a: Chansey|Chansey, F, shiny|75\/100\n|-damage|p2a: Chansey|63\/100|[from] Stealth Rock\n|move|p1a: Tapu Lele|Psyshock|p2a: Chansey\n|-damage|p2a: Chansey|11\/100\n|\n|upkeep\n|turn|9\n|\n|t:|1700279890\n|move|p1a: Tapu Lele|Psyshock|p2a: Chansey\n|-damage|p2a: Chansey|0 fnt\n|faint|p2a: Chansey\n|\n|upkeep\n|\n|t:|1700279895\n|switch|p2a: Zapdos|Zapdos-Galar, shiny|100\/100\n|-damage|p2a: Zapdos|88\/100|[from] Stealth Rock\n|turn|10\n|\n|t:|1700279900\n|switch|p1a: Garchomp|Garchomp, F, tera:Fairy|83\/100\n|move|p2a: Zapdos|Brave Bird|p1a: Garchomp\n|-damage|p1a: Garchomp|45\/100\n|-damage|p2a: Zapdos|76\/100|[from] ability: Rough Skin|[of] p1a: Garchomp\n|-damage|p2a: Zapdos|59\/100|[from] item: Rocky Helmet|[of] p1a: Garchomp\n|-damage|p2a: Zapdos|43\/100|[from] Recoil\n|\n|upkeep\n|turn|11\n|\n|t:|1700279907\n|move|p2a: Zapdos|Brave Bird|p1a: Garchomp\n|-damage|p1a: Garchomp|9\/100\n|-damage|p2a: Zapdos|30\/100|[from] ability: Rough Skin|[of] p1a: Garchomp\n|-damage|p2a: Zapdos|14\/100|[from] item: Rocky Helmet|[of] p1a: Garchomp\n|-damage|p2a: Zapdos|0 fnt|[from] Recoil\n|faint|p2a: Zapdos\n|move|p1a: Garchomp|Dragon Tail|p2: Zapdos|[notarget]\n|-fail|p1a: Garchomp\n|\n|-fieldend|move: Psychic Terrain\n|upkeep\n|\n|t:|1700279912\n|switch|p2a: Landorus|Landorus-Therian, M, shiny|100\/100\n|-damage|p2a: Landorus|88\/100|[from] Stealth Rock\n|-ability|p2a: Landorus|Intimidate|boost\n|-unboost|p1a: Garchomp|atk|1\n|turn|12\n|\n|t:|1700279915\n|move|p2a: Landorus|Stealth Rock|p1a: Garchomp\n|-sidestart|p1: DreamFreedom|move: Stealth Rock\n|move|p1a: Garchomp|Toxic|p2a: Landorus|[miss]\n|-miss|p1a: Garchomp|p2a: Landorus\n|\n|upkeep\n|turn|13\n|\n|t:|1700279919\n|move|p2a: Landorus|Earthquake|p1a: Garchomp\n|-damage|p1a: Garchomp|0 fnt\n|faint|p1a: Garchomp\n|\n|upkeep\n|\n|t:|1700279924\n|switch|p1a: Ogerpon|Ogerpon-Wellspring, F|100\/100\n|-damage|p1a: Ogerpon|88\/100|[from] Stealth Rock\n|turn|14\n|\n|t:|1700279927\n|switch|p2a: Rillaboom|Rillaboom, M|88\/100 brn\n|-damage|p2a: Rillaboom|75\/100 brn|[from] Stealth Rock\n|-fieldstart|move: Grassy Terrain|[from] ability: Grassy Surge|[of] p2a: Rillaboom\n|move|p1a: Ogerpon|U-turn|p2a: Rillaboom\n|-supereffective|p2a: Rillaboom\n|-damage|p2a: Rillaboom|22\/100 brn\n|\n|t:|1700279930\n|switch|p1a: Tapu Lele|Tapu Lele|100\/100|[from] U-turn\n|-damage|p1a: Tapu Lele|88\/100|[from] Stealth Rock\n|-fieldstart|move: Psychic Terrain|[from] ability: Psychic Surge|[of] p1a: Tapu Lele\n|\n|-damage|p2a: Rillaboom|16\/100 brn|[from] brn\n|upkeep\n|turn|15\n|\n|t:|1700279937\n|move|p1a: Tapu Lele|Psychic|p2a: Rillaboom\n|-damage|p2a: Rillaboom|0 fnt\n|faint|p2a: Rillaboom\n|\n|upkeep\n|\n|t:|1700279941\n|switch|p2a: Xurkitree|Xurkitree, shiny, tera:Grass|28\/100\n|-damage|p2a: Xurkitree|16\/100|[from] Stealth Rock\n|turn|16\n|\n|t:|1700279944\n|move|p1a: Tapu Lele|Psychic|p2a: Xurkitree\n|-damage|p2a: Xurkitree|0 fnt\n|faint|p2a: Xurkitree\n|\n|upkeep\n|c|\u2606GoYouSureYeahGetit|gg\n|-message|GoYouSureYeahGetit forfeited.\n|\n|win|DreamFreedom\n|raw|DreamFreedom's rating: 1587 &rarr; <strong>1606<\/strong><br \/>(+19 for winning)\n|raw|GoYouSureYeahGetit's rating: 1574 &rarr; <strong>1555<\/strong><br \/>(-19 for losing)\n|l|\u2606GoYouSureYeahGetit\n","uploadtime":1700279976,"views":14,"p1id":"dreamfreedom","p2id":"goyousureyeahgetit","formatid":"gen9nationaldex","rating":1555,"private":0,"password":""}