{"id":"gen9nationaldex-1992729539","p1":"Malv de Coolio","p2":"Xionggezuishuai","format":"[Gen 9] National Dex","log":"|j|\u2606Malv de Coolio\n|j|\u2606Xionggezuishuai\n|t:|1700229923\n|gametype|singles\n|player|p1|Malv de Coolio|waitress-gen4|1147\n|player|p2|Xionggezuishuai|ingo|1197\n|teamsize|p1|6\n|teamsize|p2|6\n|gen|9\n|tier|[Gen 9] National Dex\n|rated|\n|rule|HP Percentage Mod: HP is shown in percentages\n|rule|Endless Battle Clause: Forcing endless battles is banned\n|rule|OHKO Clause: OHKO moves are banned\n|rule|Evasion Clause: Evasion abilities, items, and moves are banned\n|rule|Evasion Abilities Clause: Evasion abilities are banned\n|rule|Evasion Items Clause: Evasion items are banned\n|rule|Evasion Moves Clause: Evasion moves are banned\n|rule|Species Clause: Limit one of each Pok\u00e9mon\n|rule|Sleep Clause Mod: Limit one foe put to sleep\n|clearpoke\n|poke|p1|Serperior, M|\n|poke|p1|Ferrothorn, M|\n|poke|p1|Greninja-*, M|\n|poke|p1|Garchomp, M|\n|poke|p1|Heatran, M|\n|poke|p1|Clefable, M|\n|poke|p2|Alcremie, F|\n|poke|p2|Chandelure, M|\n|poke|p2|Slurpuff, M|\n|poke|p2|Kartana|\n|poke|p2|Cloyster, M|\n|poke|p2|Blaziken, M|\n|teampreview\n|\n|t:|1700229945\n|start\n|switch|p1a: Khalid|Garchomp, M|100\/100\n|switch|p2a: \u714e\u56e7\u7684\u86cb\u7cd52|Slurpuff, M|100\/100\n|turn|1\n|\n|t:|1700229951\n|detailschange|p1a: Khalid|Garchomp-Mega, M\n|-mega|p1a: Khalid|Garchomp|Garchompite\n|move|p1a: Khalid|Substitute|p1a: Khalid\n|-start|p1a: Khalid|Substitute\n|-damage|p1a: Khalid|76\/100\n|move|p2a: \u714e\u56e7\u7684\u86cb\u7cd52|Sticky Web|p1a: Khalid\n|-sidestart|p1: Malv de Coolio|move: Sticky Web\n|\n|upkeep\n|turn|2\n|\n|t:|1700229974\n|switch|p2a: \u714e\u56e7\u7684\u86cb\u7cd51|Alcremie, F|100\/100\n|move|p1a: Khalid|Swords Dance|p1a: Khalid\n|-boost|p1a: Khalid|atk|2\n|\n|upkeep\n|turn|3\n|\n|t:|1700229981\n|move|p1a: Khalid|Earthquake|p2a: \u714e\u56e7\u7684\u86cb\u7cd51\n|-damage|p2a: \u714e\u56e7\u7684\u86cb\u7cd51|0 fnt\n|faint|p2a: \u714e\u56e7\u7684\u86cb\u7cd51\n|\n|upkeep\n|\n|t:|1700230003\n|switch|p2a: \u5764\u56e7\u7684\u5764|Blaziken, M|100\/100\n|turn|4\n|\n|t:|1700230009\n|move|p2a: \u5764\u56e7\u7684\u5764|Protect|p2a: \u5764\u56e7\u7684\u5764\n|-singleturn|p2a: \u5764\u56e7\u7684\u5764|Protect\n|move|p1a: Khalid|Earthquake|p2a: \u5764\u56e7\u7684\u5764\n|-activate|p2a: \u5764\u56e7\u7684\u5764|move: Protect\n|\n|-ability|p2a: \u5764\u56e7\u7684\u5764|Speed Boost|boost\n|-boost|p2a: \u5764\u56e7\u7684\u5764|spe|1\n|upkeep\n|turn|5\n|\n|t:|1700230020\n|move|p2a: \u5764\u56e7\u7684\u5764|Close Combat|p1a: Khalid\n|-end|p1a: Khalid|Substitute\n|-unboost|p2a: \u5764\u56e7\u7684\u5764|def|1\n|-unboost|p2a: \u5764\u56e7\u7684\u5764|spd|1\n|move|p1a: Khalid|Earthquake|p2a: \u5764\u56e7\u7684\u5764\n|-supereffective|p2a: \u5764\u56e7\u7684\u5764\n|-damage|p2a: \u5764\u56e7\u7684\u5764|0 fnt\n|faint|p2a: \u5764\u56e7\u7684\u5764\n|\n|upkeep\n|\n|t:|1700230028\n|switch|p2a: \u714e\u56e7\u7684\u5251|Kartana, shiny|100\/100\n|turn|6\n|\n|t:|1700230042\n|-terastallize|p2a: \u714e\u56e7\u7684\u5251|Fighting\n|move|p2a: \u714e\u56e7\u7684\u5251|Sacred Sword|p1a: Khalid\n|-damage|p1a: Khalid|20\/100\n|move|p1a: Khalid|Earthquake|p2a: \u714e\u56e7\u7684\u5251\n|-damage|p2a: \u714e\u56e7\u7684\u5251|0 fnt\n|faint|p2a: \u714e\u56e7\u7684\u5251\n|\n|upkeep\n|\n|t:|1700230056\n|switch|p2a: \u56e7\u4e8e\u51fa\u6765\u5566|Cloyster, M, shiny|100\/100\n|turn|7\n|\n|t:|1700230066\n|move|p1a: Khalid|Outrage|p2a: \u56e7\u4e8e\u51fa\u6765\u5566\n|-damage|p2a: \u56e7\u4e8e\u51fa\u6765\u5566|0 fnt\n|faint|p2a: \u56e7\u4e8e\u51fa\u6765\u5566\n|\n|upkeep\n|\n|t:|1700230072\n|switch|p2a: \u714e\u56e7\u7684\u86cb\u7cd52|Slurpuff, M|100\/100\n|turn|8\n|\n|t:|1700230076\n|move|p1a: Khalid|Outrage|p2a: \u714e\u56e7\u7684\u86cb\u7cd52|[from]lockedmove\n|-immune|p2a: \u714e\u56e7\u7684\u86cb\u7cd52\n|move|p2a: \u714e\u56e7\u7684\u86cb\u7cd52|Toxic|p1a: Khalid\n|-status|p1a: Khalid|tox\n|\n|-damage|p1a: Khalid|14\/100 tox|[from] psn\n|upkeep\n|turn|9\n|\n|t:|1700230091\n|move|p1a: Khalid|Earthquake|p2a: \u714e\u56e7\u7684\u86cb\u7cd52\n|-damage|p2a: \u714e\u56e7\u7684\u86cb\u7cd52|4\/100\n|move|p2a: \u714e\u56e7\u7684\u86cb\u7cd52|Toxic|p1a: Khalid\n|-fail|p1a: Khalid|tox\n|\n|-damage|p1a: Khalid|2\/100 tox|[from] psn\n|upkeep\n|turn|10\n|\n|t:|1700230103\n|move|p1a: Khalid|Earthquake|p2a: \u714e\u56e7\u7684\u86cb\u7cd52\n|-damage|p2a: \u714e\u56e7\u7684\u86cb\u7cd52|0 fnt\n|faint|p2a: \u714e\u56e7\u7684\u86cb\u7cd52\n|\n|-damage|p1a: Khalid|0 fnt|[from] psn\n|faint|p1a: Khalid\n|upkeep\n|\n|t:|1700230132\n|switch|p1a: Shady|Serperior, M|100\/100\n|switch|p2a: \u86cb\u7cd5\u4e0a\u7684\u8721\u70db|Chandelure, M, shiny|100\/100\n|-activate|p1a: Shady|move: Sticky Web\n|-boost|p1a: Shady|spe|1\n|turn|11\n|\n|t:|1700230153\n|-terastallize|p1a: Shady|Rock\n|move|p1a: Shady|Glare|p2a: \u86cb\u7cd5\u4e0a\u7684\u8721\u70db\n|-status|p2a: \u86cb\u7cd5\u4e0a\u7684\u8721\u70db|par\n|cant|p2a: \u86cb\u7cd5\u4e0a\u7684\u8721\u70db|par\n|\n|upkeep\n|turn|12\n|\n|t:|1700230160\n|move|p1a: Shady|Leaf Storm|p2a: \u86cb\u7cd5\u4e0a\u7684\u8721\u70db\n|-resisted|p2a: \u86cb\u7cd5\u4e0a\u7684\u8721\u70db\n|-damage|p2a: \u86cb\u7cd5\u4e0a\u7684\u8721\u70db|73\/100 par\n|-boost|p1a: Shady|spa|2\n|move|p2a: \u86cb\u7cd5\u4e0a\u7684\u8721\u70db|Will-O-Wisp|p1a: Shady|[miss]\n|-miss|p2a: \u86cb\u7cd5\u4e0a\u7684\u8721\u70db|p1a: Shady\n|\n|upkeep\n|turn|13\n|\n|t:|1700230167\n|move|p1a: Shady|Hidden Power|p2a: \u86cb\u7cd5\u4e0a\u7684\u8721\u70db\n|-supereffective|p2a: \u86cb\u7cd5\u4e0a\u7684\u8721\u70db\n|-damage|p2a: \u86cb\u7cd5\u4e0a\u7684\u8721\u70db|0 fnt\n|faint|p2a: \u86cb\u7cd5\u4e0a\u7684\u8721\u70db\n|\n|win|Malv de Coolio\n|raw|Malv de Coolio's rating: 1147 &rarr; <strong>1176<\/strong><br \/>(+29 for winning)\n|raw|Xionggezuishuai's rating: 1197 &rarr; <strong>1168<\/strong><br \/>(-29 for losing)\n|l|\u2606Xionggezuishuai\n","uploadtime":1700230173,"views":6,"p1id":"malvdecoolio","p2id":"xionggezuishuai","formatid":"gen9nationaldex","rating":1168,"private":0,"password":""}