{"id":"gen9nationaldex-1997202087","p1":"seixtei","p2":"kurdeveia","format":"[Gen 9] National Dex","log":"|html|<div class=\"broadcast-blue\"><strong>[Gen 9] National Dex is currently suspecting Sneasler! For information on how to participate check out the <a href=\"https:\/\/www.smogon.com\/forums\/threads\/sv-national-dex-suspect-8-just-dance.3731534\/\">suspect thread<\/a>.<\/strong><\/div>\n|j|\u2606seixtei\n|j|\u2606kurdeveia\n|t:|1700775051\n|gametype|singles\n|player|p1|seixtei|palmer|1000\n|player|p2|kurdeveia|ghetsis-gen5bw|1045\n|teamsize|p1|6\n|teamsize|p2|6\n|gen|9\n|tier|[Gen 9] National Dex\n|rated|\n|rule|HP Percentage Mod: HP is shown in percentages\n|rule|Endless Battle Clause: Forcing endless battles is banned\n|rule|OHKO Clause: OHKO moves are banned\n|rule|Evasion Clause: Evasion abilities, items, and moves are banned\n|rule|Evasion Abilities Clause: Evasion abilities are banned\n|rule|Evasion Items Clause: Evasion items are banned\n|rule|Evasion Moves Clause: Evasion moves are banned\n|rule|Species Clause: Limit one of each Pok\u00e9mon\n|rule|Sleep Clause Mod: Limit one foe put to sleep\n|clearpoke\n|poke|p1|Amoonguss, F|\n|poke|p1|Quaquaval, F|\n|poke|p1|Lokix, M|\n|poke|p1|Samurott-Hisui, F|\n|poke|p1|Skeledirge, M|\n|poke|p1|Sceptile, F|\n|poke|p2|Gardevoir, F|\n|poke|p2|Sceptile, M|\n|poke|p2|Hariyama, F|\n|poke|p2|Aggron, M|\n|poke|p2|Flygon, M|\n|poke|p2|Sharpedo, F|\n|teampreview\n|inactive|Battle timer is ON: inactive players will automatically lose when time's up. (requested by kurdeveia)\n|\n|t:|1700775080\n|start\n|switch|p1a: hold dez balls|Amoonguss, F|100\/100\n|switch|p2a: Hariyama|Hariyama, F|100\/100\n|turn|1\n|\n|t:|1700775096\n|switch|p2a: Sceptile|Sceptile, M|100\/100\n|switch|p1a: Sceptile|Sceptile, F|100\/100\n|\n|upkeep\n|turn|2\n|\n|t:|1700775116\n|detailschange|p2a: Sceptile|Sceptile-Mega, M\n|-mega|p2a: Sceptile|Sceptile|Sceptilite\n|detailschange|p1a: Sceptile|Sceptile-Mega, F\n|-mega|p1a: Sceptile|Sceptile|Sceptilite\n|move|p2a: Sceptile|X-Scissor|p1a: Sceptile\n|-supereffective|p1a: Sceptile\n|-damage|p1a: Sceptile|19\/100\n|move|p1a: Sceptile|Dragon Pulse|p2a: Sceptile\n|-supereffective|p2a: Sceptile\n|-damage|p2a: Sceptile|0 fnt\n|faint|p2a: Sceptile\n|\n|upkeep\n|\n|t:|1700775127\n|switch|p2a: Gardevoir|Gardevoir, F|100\/100\n|turn|3\n|\n|t:|1700775147\n|move|p1a: Sceptile|Dragon Pulse|p2a: Gardevoir\n|-immune|p2a: Gardevoir\n|move|p2a: Gardevoir|Shadow Ball|p1a: Sceptile\n|-damage|p1a: Sceptile|0 fnt\n|faint|p1a: Sceptile\n|\n|upkeep\n|inactive|seixtei has 120 seconds left.\n|\n|t:|1700775169\n|switch|p1a: my dad left|Samurott-Hisui, F|100\/100\n|turn|4\n|inactive|seixtei has 120 seconds left.\n|\n|t:|1700775183\n|switch|p2a: Aggron|Aggron, M|100\/100\n|move|p1a: my dad left|Ceaseless Edge|p2a: Aggron\n|-damage|p2a: Aggron|73\/100\n|-sidestart|p2: kurdeveia|Spikes\n|\n|upkeep\n|turn|5\n|\n|t:|1700775190\n|move|p1a: my dad left|Razor Shell|p2a: Aggron\n|-supereffective|p2a: Aggron\n|-damage|p2a: Aggron|9\/100\n|move|p2a: Aggron|Body Press|p1a: my dad left\n|-supereffective|p1a: my dad left\n|-damage|p1a: my dad left|6\/100\n|\n|upkeep\n|turn|6\n|\n|t:|1700775198\n|move|p1a: my dad left|Ceaseless Edge|p2a: Aggron\n|-damage|p2a: Aggron|0 fnt\n|-sidestart|p2: kurdeveia|Spikes\n|faint|p2a: Aggron\n|\n|upkeep\n|\n|t:|1700775207\n|switch|p2a: Sharpedo|Sharpedo, F|100\/100\n|-damage|p2a: Sharpedo|84\/100|[from] Spikes\n|turn|7\n|\n|t:|1700775217\n|switch|p1a: hold dez balls|Amoonguss, F|100\/100\n|move|p2a: Sharpedo|Protect||[still]\n|-fail|p2a: Sharpedo\n|\n|-ability|p2a: Sharpedo|Speed Boost|boost\n|-boost|p2a: Sharpedo|spe|1\n|upkeep\n|turn|8\n|\n|t:|1700775228\n|move|p2a: Sharpedo|Psychic Fangs|p1a: hold dez balls\n|-supereffective|p1a: hold dez balls\n|-damage|p1a: hold dez balls|36\/100\n|-damage|p2a: Sharpedo|68\/100|[from] item: Rocky Helmet|[of] p1a: hold dez balls\n|move|p1a: hold dez balls|Spore|p2a: Sharpedo\n|-status|p2a: Sharpedo|slp|[from] move: Spore\n|\n|-ability|p2a: Sharpedo|Speed Boost|boost\n|-boost|p2a: Sharpedo|spe|1\n|upkeep\n|turn|9\n|\n|t:|1700775244\n|cant|p2a: Sharpedo|slp\n|move|p1a: hold dez balls|Giga Drain|p2a: Sharpedo\n|-supereffective|p2a: Sharpedo\n|-damage|p2a: Sharpedo|0 fnt\n|-heal|p1a: hold dez balls|58\/100|[from] drain|[of] p2a: Sharpedo\n|faint|p2a: Sharpedo\n|\n|upkeep\n|\n|t:|1700775251\n|switch|p2a: Gardevoir|Gardevoir, F|100\/100\n|-damage|p2a: Gardevoir|84\/100|[from] Spikes\n|turn|10\n|\n|t:|1700775268\n|-terastallize|p1a: hold dez balls|Grass\n|move|p2a: Gardevoir|Moonblast|p1a: hold dez balls\n|-damage|p1a: hold dez balls|6\/100\n|-unboost|p1a: hold dez balls|spa|1\n|move|p1a: hold dez balls|Sludge Bomb|p2a: Gardevoir\n|-supereffective|p2a: Gardevoir\n|-damage|p2a: Gardevoir|29\/100\n|\n|upkeep\n|turn|11\n|\n|t:|1700775284\n|switch|p1a: hot godzilla|Skeledirge, M|100\/100\n|move|p2a: Gardevoir|Moonblast|p1a: hot godzilla\n|-resisted|p1a: hot godzilla\n|-damage|p1a: hot godzilla|82\/100\n|\n|upkeep\n|turn|12\n|\n|t:|1700775290\n|switch|p2a: Flygon|Flygon, M|100\/100\n|move|p1a: hot godzilla|Torch Song|p2a: Flygon\n|-resisted|p2a: Flygon\n|-damage|p2a: Flygon|79\/100\n|-boost|p1a: hot godzilla|spa|1\n|\n|upkeep\n|turn|13\n|\n|t:|1700775299\n|move|p2a: Flygon|Dragon Dance|p2a: Flygon\n|-boost|p2a: Flygon|atk|1\n|-boost|p2a: Flygon|spe|1\n|move|p1a: hot godzilla|Torch Song|p2a: Flygon\n|-resisted|p2a: Flygon\n|-damage|p2a: Flygon|47\/100\n|-boost|p1a: hot godzilla|spa|1\n|\n|upkeep\n|turn|14\n|\n|t:|1700775306\n|move|p2a: Flygon|Dragon Dance|p2a: Flygon\n|-boost|p2a: Flygon|atk|1\n|-boost|p2a: Flygon|spe|1\n|move|p1a: hot godzilla|Torch Song|p2a: Flygon\n|-resisted|p2a: Flygon\n|-damage|p2a: Flygon|7\/100\n|-boost|p1a: hot godzilla|spa|1\n|\n|upkeep\n|turn|15\n|\n|t:|1700775314\n|move|p2a: Flygon|Dragon Claw|p1a: hot godzilla\n|-damage|p1a: hot godzilla|55\/100\n|move|p1a: hot godzilla|Torch Song|p2a: Flygon\n|-resisted|p2a: Flygon\n|-damage|p2a: Flygon|0 fnt\n|-boost|p1a: hot godzilla|spa|1\n|faint|p2a: Flygon\n|\n|upkeep\n|\n|t:|1700775319\n|switch|p2a: Gardevoir|Gardevoir, F|29\/100\n|-damage|p2a: Gardevoir|12\/100|[from] Spikes\n|turn|16\n|\n|t:|1700775328\n|move|p2a: Gardevoir|Shadow Ball|p1a: hot godzilla\n|-supereffective|p1a: hot godzilla\n|-damage|p1a: hot godzilla|11\/100\n|move|p1a: hot godzilla|Torch Song|p2a: Gardevoir\n|-damage|p2a: Gardevoir|0 fnt\n|-boost|p1a: hot godzilla|spa|1\n|faint|p2a: Gardevoir\n|\n|upkeep\n|\n|t:|1700775337\n|switch|p2a: Hariyama|Hariyama, F|100\/100\n|-damage|p2a: Hariyama|84\/100|[from] Spikes\n|turn|17\n|\n|t:|1700775343\n|move|p2a: Hariyama|Bullet Punch|p1a: hot godzilla\n|-resisted|p1a: hot godzilla\n|-damage|p1a: hot godzilla|3\/100\n|-damage|p2a: Hariyama|74\/100|[from] item: Life Orb\n|move|p1a: hot godzilla|Torch Song|p2a: Hariyama\n|-damage|p2a: Hariyama|0 fnt\n|-boost|p1a: hot godzilla|spa|1\n|faint|p2a: Hariyama\n|\n|win|seixtei\n|raw|seixtei's rating: 1000 &rarr; <strong>1045<\/strong><br \/>(+45 for winning)\n|raw|kurdeveia's rating: 1045 &rarr; <strong>1026<\/strong><br \/>(-19 for losing)\n|l|\u2606kurdeveia\n","uploadtime":1700775359,"views":15,"p1id":"seixtei","p2id":"kurdeveia","formatid":"gen9nationaldex","rating":1026,"private":0,"password":""}