{"id":"gen9nationaldex-1988864427","p1":"DestroyPhoenixguy","p2":"yinglun","format":"[Gen 9] National Dex","log":"|j|\u2606DestroyPhoenixguy\n|j|\u2606yinglun\n|t:|1699776525\n|gametype|singles\n|player|p1|DestroyPhoenixguy|cynthia-masters3|1506\n|player|p2|yinglun|volkner|1650\n|teamsize|p1|6\n|teamsize|p2|6\n|gen|9\n|tier|[Gen 9] National Dex\n|rated|\n|rule|HP Percentage Mod: HP is shown in percentages\n|rule|Endless Battle Clause: Forcing endless battles is banned\n|rule|OHKO Clause: OHKO moves are banned\n|rule|Evasion Clause: Evasion abilities, items, and moves are banned\n|rule|Evasion Abilities Clause: Evasion abilities are banned\n|rule|Evasion Items Clause: Evasion items are banned\n|rule|Evasion Moves Clause: Evasion moves are banned\n|rule|Species Clause: Limit one of each Pok\u00e9mon\n|rule|Sleep Clause Mod: Limit one foe put to sleep\n|clearpoke\n|poke|p1|Tapu Lele|\n|poke|p1|Sneasler, F|\n|poke|p1|Rillaboom, M|\n|poke|p1|Alomomola, F|\n|poke|p1|Slowking-Galar, F|\n|poke|p1|Ting-Lu|\n|poke|p2|Tapu Lele|\n|poke|p2|Heatran, F|\n|poke|p2|Corviknight, M|\n|poke|p2|Great Tusk|\n|poke|p2|Sneasler, F|\n|poke|p2|Urshifu-*, M|\n|teampreview\n|\n|t:|1699776548\n|start\n|switch|p1a: Ting-Lu|Ting-Lu|100\/100\n|switch|p2a: Great Tusk|Great Tusk|100\/100\n|-ability|p1a: Ting-Lu|Vessel of Ruin\n|turn|1\n|inactive|Battle timer is ON: inactive players will automatically lose when time's up. (requested by DestroyPhoenixguy)\n|l|\u2606DestroyPhoenixguy\n|inactive|DestroyPhoenixguy disconnected and has a minute to reconnect!\n|player|p1|\n|j|\u2606DestroyPhoenixguy\n|inactive|DestroyPhoenixguy reconnected and has 120 seconds left.\n|player|p1|DestroyPhoenixguy|cynthia-masters3\n|\n|t:|1699776609\n|move|p2a: Great Tusk|Close Combat|p1a: Ting-Lu\n|-supereffective|p1a: Ting-Lu\n|-damage|p1a: Ting-Lu|36\/100\n|-unboost|p2a: Great Tusk|def|1\n|-unboost|p2a: Great Tusk|spd|1\n|move|p1a: Ting-Lu|Stealth Rock|p2a: Great Tusk\n|-sidestart|p2: yinglun|move: Stealth Rock\n|\n|-heal|p1a: Ting-Lu|43\/100|[from] item: Leftovers\n|upkeep\n|turn|2\n|\n|t:|1699776622\n|switch|p1a: Tapu Lele|Tapu Lele|100\/100\n|-fieldstart|move: Psychic Terrain|[from] ability: Psychic Surge|[of] p1a: Tapu Lele\n|move|p2a: Great Tusk|Rapid Spin|p1a: Tapu Lele\n|-damage|p1a: Tapu Lele|74\/100\n|-boost|p2a: Great Tusk|spe|1\n|-sideend|p2: yinglun|Stealth Rock|[from] move: Rapid Spin|[of] p2a: Great Tusk\n|\n|upkeep\n|turn|3\n|\n|t:|1699776633\n|move|p2a: Great Tusk|Headlong Rush|p1a: Tapu Lele\n|-damage|p1a: Tapu Lele|0 fnt\n|-unboost|p2a: Great Tusk|def|1\n|-unboost|p2a: Great Tusk|spd|1\n|faint|p1a: Tapu Lele\n|\n|upkeep\n|\n|t:|1699776642\n|switch|p1a: Sneasler|Sneasler, F|100\/100\n|-enditem|p1a: Sneasler|Psychic Seed\n|-boost|p1a: Sneasler|spd|1|[from] item: Psychic Seed\n|turn|4\n|\n|t:|1699776655\n|-terastallize|p1a: Sneasler|Ghost\n|move|p1a: Sneasler|Close Combat|p2a: Great Tusk\n|-damage|p2a: Great Tusk|0 fnt\n|-unboost|p1a: Sneasler|def|1\n|-unboost|p1a: Sneasler|spd|1\n|faint|p2a: Great Tusk\n|-end|p2a: Great Tusk|Protosynthesis|[silent]\n|\n|upkeep\n|\n|t:|1699776665\n|switch|p2a: Sneasler|Sneasler, F|100\/100\n|-enditem|p2a: Sneasler|Psychic Seed\n|-boost|p2a: Sneasler|spd|1|[from] item: Psychic Seed\n|turn|5\n|\n|t:|1699776675\n|-terastallize|p2a: Sneasler|Flying\n|move|p1a: Sneasler|Shadow Claw|p2a: Sneasler\n|-damage|p2a: Sneasler|36\/100\n|move|p2a: Sneasler|Acrobatics|p1a: Sneasler\n|-damage|p1a: Sneasler|0 fnt\n|faint|p1a: Sneasler\n|\n|upkeep\n|\n|t:|1699776691\n|switch|p1a: Alomomola|Alomomola, F|100\/100\n|turn|6\n|\n|t:|1699776695\n|move|p2a: Sneasler|Swords Dance|p2a: Sneasler\n|-boost|p2a: Sneasler|atk|2\n|move|p1a: Alomomola|Flip Turn|p2a: Sneasler\n|-crit|p2a: Sneasler\n|-damage|p2a: Sneasler|0 fnt\n|faint|p2a: Sneasler\n|\n|t:|1699776705\n|switch|p1a: Ting-Lu|Ting-Lu|43\/100|[from] Flip Turn\n|-ability|p1a: Ting-Lu|Vessel of Ruin\n|\n|-heal|p1a: Ting-Lu|49\/100|[from] item: Leftovers\n|-fieldend|move: Psychic Terrain\n|upkeep\n|c|\u2606yinglun|wtf\n|\n|t:|1699776713\n|switch|p2a: Tapu Lele|Tapu Lele|100\/100\n|-fieldstart|move: Psychic Terrain|[from] ability: Psychic Surge|[of] p2a: Tapu Lele\n|turn|7\n|\n|t:|1699776719\n|switch|p1a: Slowking|Slowking-Galar, F|100\/100\n|move|p2a: Tapu Lele|Moonblast|p1a: Slowking\n|-resisted|p1a: Slowking\n|-damage|p1a: Slowking|77\/100\n|\n|upkeep\n|turn|8\n|\n|t:|1699776728\n|switch|p2a: Heatran|Heatran, F|100\/100\n|move|p1a: Slowking|Future Sight|p2a: Heatran\n|-start|p1a: Slowking|move: Future Sight\n|\n|upkeep\n|turn|9\n|\n|t:|1699776741\n|move|p2a: Heatran|Magma Storm|p1a: Slowking|[miss]\n|-miss|p2a: Heatran|p1a: Slowking\n|move|p1a: Slowking|Chilly Reception|p1a: Slowking\n|-weather|Snow\n|\n|t:|1699776748\n|switch|p1a: Ting-Lu|Ting-Lu|49\/100|[from] Chilly Reception\n|-ability|p1a: Ting-Lu|Vessel of Ruin\n|\n|-weather|Snow|[upkeep]\n|-heal|p1a: Ting-Lu|55\/100|[from] item: Leftovers\n|upkeep\n|turn|10\n|\n|t:|1699776758\n|switch|p2a: Corviknight|Corviknight, M|100\/100\n|move|p1a: Ting-Lu|Whirlwind|p2a: Corviknight\n|drag|p2a: Urshifu|Urshifu-Rapid-Strike, M|100\/100\n|\n|-weather|Snow|[upkeep]\n|-end|p2a: Urshifu|move: Future Sight\n|-supereffective|p2a: Urshifu\n|-damage|p2a: Urshifu|0 fnt\n|faint|p2a: Urshifu\n|-heal|p1a: Ting-Lu|61\/100|[from] item: Leftovers\n|upkeep\n|\n|t:|1699776766\n|switch|p2a: Tapu Lele|Tapu Lele|100\/100\n|turn|11\n|\n|t:|1699776773\n|switch|p1a: Slowking|Slowking-Galar, F|100\/100\n|move|p2a: Tapu Lele|Moonblast|p1a: Slowking\n|-resisted|p1a: Slowking\n|-damage|p1a: Slowking|78\/100\n|-unboost|p1a: Slowking|spa|1\n|\n|-weather|Snow|[upkeep]\n|-fieldend|move: Psychic Terrain\n|upkeep\n|turn|12\n|\n|t:|1699776782\n|switch|p2a: Heatran|Heatran, F|100\/100\n|move|p1a: Slowking|Future Sight|p2a: Heatran\n|-start|p1a: Slowking|move: Future Sight\n|\n|-weather|Snow|[upkeep]\n|upkeep\n|turn|13\n|\n|t:|1699776789\n|move|p2a: Heatran|Magma Storm|p1a: Slowking\n|-damage|p1a: Slowking|50\/100\n|-activate|p1a: Slowking|move: Magma Storm|[of] p2a: Heatran\n|move|p1a: Slowking|Chilly Reception|p1a: Slowking\n|\n|t:|1699776803\n|switch|p1a: Alomomola|Alomomola, F|100\/100|[from] Chilly Reception\n|\n|-weather|none\n|upkeep\n|turn|14\n|\n|t:|1699776811\n|move|p2a: Heatran|Stealth Rock|p1a: Alomomola\n|-sidestart|p1: DestroyPhoenixguy|move: Stealth Rock\n|move|p1a: Alomomola|Flip Turn|p2a: Heatran\n|-supereffective|p2a: Heatran\n|-damage|p2a: Heatran|72\/100\n|\n|t:|1699776818\n|switch|p1a: Slowking|Slowking-Galar, F|83\/100|[from] Flip Turn\n|\n|-end|p2a: Heatran|move: Future Sight\n|-resisted|p2a: Heatran\n|-damage|p2a: Heatran|58\/100\n|-heal|p2a: Heatran|64\/100|[from] item: Leftovers\n|upkeep\n|turn|15\n|\n|t:|1699776829\n|move|p2a: Heatran|Earth Power|p1a: Slowking\n|-supereffective|p1a: Slowking\n|-damage|p1a: Slowking|55\/100\n|move|p1a: Slowking|Future Sight|p2a: Heatran\n|-start|p1a: Slowking|move: Future Sight\n|\n|-heal|p2a: Heatran|71\/100|[from] item: Leftovers\n|upkeep\n|turn|16\n|\n|t:|1699776837\n|move|p2a: Heatran|Magma Storm|p1a: Slowking\n|-damage|p1a: Slowking|27\/100\n|-activate|p1a: Slowking|move: Magma Storm|[of] p2a: Heatran\n|move|p1a: Slowking|Chilly Reception|p1a: Slowking\n|-weather|Snow\n|\n|t:|1699776844\n|switch|p1a: Ting-Lu|Ting-Lu|61\/100|[from] Chilly Reception\n|-damage|p1a: Ting-Lu|55\/100|[from] Stealth Rock\n|-ability|p1a: Ting-Lu|Vessel of Ruin\n|\n|-weather|Snow|[upkeep]\n|-heal|p2a: Heatran|77\/100|[from] item: Leftovers\n|-heal|p1a: Ting-Lu|61\/100|[from] item: Leftovers\n|upkeep\n|turn|17\n|\n|t:|1699776858\n|move|p2a: Heatran|Protect|p2a: Heatran\n|-singleturn|p2a: Heatran|Protect\n|move|p1a: Ting-Lu|Stealth Rock|p2a: Heatran\n|-sidestart|p2: yinglun|move: Stealth Rock\n|\n|-weather|Snow|[upkeep]\n|-end|p2a: Heatran|move: Future Sight\n|-resisted|p2a: Heatran\n|-damage|p2a: Heatran|67\/100\n|-heal|p2a: Heatran|73\/100|[from] item: Leftovers\n|-heal|p1a: Ting-Lu|67\/100|[from] item: Leftovers\n|upkeep\n|turn|18\n|\n|t:|1699776869\n|switch|p2a: Corviknight|Corviknight, M|100\/100\n|-damage|p2a: Corviknight|88\/100|[from] Stealth Rock\n|move|p1a: Ting-Lu|Spikes|p2a: Corviknight\n|-sidestart|p2: yinglun|Spikes\n|\n|-weather|Snow|[upkeep]\n|-heal|p1a: Ting-Lu|74\/100|[from] item: Leftovers\n|upkeep\n|turn|19\n|\n|t:|1699776882\n|move|p2a: Corviknight|Body Press|p1a: Ting-Lu\n|-supereffective|p1a: Ting-Lu\n|-crit|p1a: Ting-Lu\n|-damage|p1a: Ting-Lu|30\/100\n|move|p1a: Ting-Lu|Spikes|p2a: Corviknight\n|-sidestart|p2: yinglun|Spikes\n|\n|-weather|Snow|[upkeep]\n|-heal|p1a: Ting-Lu|37\/100|[from] item: Leftovers\n|upkeep\n|turn|20\n|\n|t:|1699776892\n|switch|p1a: Slowking|Slowking-Galar, F|60\/100\n|move|p2a: Corviknight|Iron Defense|p2a: Corviknight\n|-boost|p2a: Corviknight|def|2\n|\n|-weather|none\n|upkeep\n|turn|21\n|\n|t:|1699776899\n|move|p2a: Corviknight|Body Press|p1a: Slowking\n|-resisted|p1a: Slowking\n|-crit|p1a: Slowking\n|-damage|p1a: Slowking|42\/100\n|move|p1a: Slowking|Flamethrower|p2a: Corviknight\n|-supereffective|p2a: Corviknight\n|-damage|p2a: Corviknight|46\/100\n|-status|p2a: Corviknight|brn\n|\n|-damage|p2a: Corviknight|40\/100 brn|[from] brn\n|upkeep\n|turn|22\n|\n|t:|1699776910\n|move|p2a: Corviknight|Roost|p2a: Corviknight\n|-heal|p2a: Corviknight|90\/100 brn\n|-singleturn|p2a: Corviknight|move: Roost\n|move|p1a: Slowking|Chilly Reception|p1a: Slowking\n|-weather|Snow\n|\n|t:|1699776920\n|switch|p1a: Alomomola|Alomomola, F|100\/100|[from] Chilly Reception\n|\n|-weather|Snow|[upkeep]\n|-damage|p2a: Corviknight|84\/100 brn|[from] brn\n|upkeep\n|turn|23\n|\n|t:|1699776936\n|move|p2a: Corviknight|Body Press|p1a: Alomomola\n|-damage|p1a: Alomomola|83\/100\n|move|p1a: Alomomola|Flip Turn|p2a: Corviknight\n|-damage|p2a: Corviknight|79\/100 brn\n|-damage|p1a: Alomomola|66\/100|[from] item: Rocky Helmet|[of] p2a: Corviknight\n|\n|t:|1699776945\n|switch|p1a: Slowking|Slowking-Galar, F|75\/100|[from] Flip Turn\n|\n|-weather|Snow|[upkeep]\n|-damage|p2a: Corviknight|73\/100 brn|[from] brn\n|upkeep\n|turn|24\n|\n|t:|1699776952\n|move|p2a: Corviknight|U-turn|p1a: Slowking\n|-damage|p1a: Slowking|68\/100\n|\n|t:|1699776955\n|switch|p2a: Heatran|Heatran, F|73\/100|[from] U-turn\n|-damage|p2a: Heatran|61\/100|[from] Stealth Rock\n|-damage|p2a: Heatran|44\/100|[from] Spikes\n|move|p1a: Slowking|Flamethrower|p2a: Heatran\n|-start|p2a: Heatran|ability: Flash Fire\n|\n|-weather|Snow|[upkeep]\n|-heal|p2a: Heatran|50\/100|[from] item: Leftovers\n|upkeep\n|turn|25\n|\n|t:|1699776968\n|move|p2a: Heatran|Magma Storm|p1a: Slowking\n|-damage|p1a: Slowking|26\/100\n|-activate|p1a: Slowking|move: Magma Storm|[of] p2a: Heatran\n|move|p1a: Slowking|Chilly Reception|p1a: Slowking\n|\n|t:|1699776975\n|switch|p1a: Alomomola|Alomomola, F|99\/100|[from] Chilly Reception\n|\n|-weather|Snow|[upkeep]\n|-heal|p2a: Heatran|57\/100|[from] item: Leftovers\n|upkeep\n|turn|26\n|\n|t:|1699776983\n|move|p2a: Heatran|Protect|p2a: Heatran\n|-singleturn|p2a: Heatran|Protect\n|move|p1a: Alomomola|Wish|p1a: Alomomola\n|\n|-weather|none\n|-heal|p2a: Heatran|63\/100|[from] item: Leftovers\n|upkeep\n|turn|27\n|\n|t:|1699776990\n|move|p2a: Heatran|Magma Storm|p1a: Alomomola\n|-resisted|p1a: Alomomola\n|-damage|p1a: Alomomola|72\/100\n|-activate|p1a: Alomomola|move: Magma Storm|[of] p2a: Heatran\n|move|p1a: Alomomola|Flip Turn|p2a: Heatran\n|-supereffective|p2a: Heatran\n|-damage|p2a: Heatran|36\/100\n|\n|t:|1699776998\n|switch|p1a: Ting-Lu|Ting-Lu|37\/100|[from] Flip Turn\n|-damage|p1a: Ting-Lu|30\/100|[from] Stealth Rock\n|-ability|p1a: Ting-Lu|Vessel of Ruin\n|\n|-heal|p1a: Ting-Lu|81\/100|[from] move: Wish|[wisher] Alomomola\n|-heal|p2a: Heatran|42\/100|[from] item: Leftovers\n|-heal|p1a: Ting-Lu|87\/100|[from] item: Leftovers\n|upkeep\n|turn|28\n|\n|t:|1699777015\n|move|p2a: Heatran|Magma Storm|p1a: Ting-Lu|[miss]\n|-miss|p2a: Heatran|p1a: Ting-Lu\n|move|p1a: Ting-Lu|Whirlwind|p2a: Heatran\n|-end|p2a: Heatran|ability: Flash Fire|[silent]\n|drag|p2a: Tapu Lele|Tapu Lele|100\/100\n|-damage|p2a: Tapu Lele|88\/100|[from] Stealth Rock\n|-damage|p2a: Tapu Lele|72\/100|[from] Spikes\n|-fieldstart|move: Psychic Terrain|[from] ability: Psychic Surge|[of] p2a: Tapu Lele\n|\n|-heal|p1a: Ting-Lu|93\/100|[from] item: Leftovers\n|upkeep\n|turn|29\n|\n|t:|1699777036\n|move|p2a: Tapu Lele|Moonblast|p1a: Ting-Lu\n|-supereffective|p1a: Ting-Lu\n|-damage|p1a: Ting-Lu|34\/100\n|move|p1a: Ting-Lu|Earthquake|p2a: Tapu Lele\n|-damage|p2a: Tapu Lele|17\/100\n|\n|-heal|p1a: Ting-Lu|40\/100|[from] item: Leftovers\n|upkeep\n|turn|30\n|\n|t:|1699777045\n|switch|p1a: Slowking|Slowking-Galar, F|60\/100\n|move|p2a: Tapu Lele|Moonblast|p1a: Slowking\n|-resisted|p1a: Slowking\n|-damage|p1a: Slowking|38\/100\n|\n|upkeep\n|turn|31\n|\n|t:|1699777054\n|switch|p2a: Heatran|Heatran, F|42\/100\n|-damage|p2a: Heatran|30\/100|[from] Stealth Rock\n|-damage|p2a: Heatran|13\/100|[from] Spikes\n|move|p1a: Slowking|Chilly Reception|p1a: Slowking\n|-weather|Snow\n|\n|t:|1699777065\n|switch|p1a: Alomomola|Alomomola, F|100\/100|[from] Chilly Reception\n|\n|-weather|Snow|[upkeep]\n|-heal|p2a: Heatran|19\/100|[from] item: Leftovers\n|upkeep\n|turn|32\n|\n|t:|1699777073\n|move|p2a: Heatran|Earth Power|p1a: Alomomola\n|-damage|p1a: Alomomola|80\/100\n|move|p1a: Alomomola|Wish|p1a: Alomomola\n|\n|-weather|Snow|[upkeep]\n|-heal|p2a: Heatran|26\/100|[from] item: Leftovers\n|-fieldend|move: Psychic Terrain\n|upkeep\n|turn|33\n|\n|t:|1699777081\n|move|p2a: Heatran|Earth Power|p1a: Alomomola\n|-damage|p1a: Alomomola|58\/100\n|-unboost|p1a: Alomomola|spd|1\n|move|p1a: Alomomola|Flip Turn|p2a: Heatran\n|-supereffective|p2a: Heatran\n|-damage|p2a: Heatran|0 fnt\n|faint|p2a: Heatran\n|\n|t:|1699777090\n|switch|p1a: Ting-Lu|Ting-Lu|40\/100|[from] Flip Turn\n|-damage|p1a: Ting-Lu|34\/100|[from] Stealth Rock\n|-ability|p1a: Ting-Lu|Vessel of Ruin\n|\n|-weather|Snow|[upkeep]\n|-heal|p1a: Ting-Lu|84\/100|[from] move: Wish|[wisher] Alomomola\n|-heal|p1a: Ting-Lu|90\/100|[from] item: Leftovers\n|upkeep\n|-message|yinglun forfeited.\n|\n|win|DestroyPhoenixguy\n|raw|DestroyPhoenixguy's rating: 1506 &rarr; <strong>1534<\/strong><br \/>(+28 for winning)\n|raw|yinglun's rating: 1650 &rarr; <strong>1622<\/strong><br \/>(-28 for losing)\n|l|\u2606yinglun\n","uploadtime":1699777118,"views":8,"p1id":"destroyphoenixguy","p2id":"yinglun","formatid":"gen9nationaldex","rating":1534,"private":0,"password":""}