{"id":"gen9nationaldex-1988233964","p1":"Powerbo","p2":"Gesrptile","format":"[Gen 9] National Dex","log":"|j|\u2606Powerbo\n|j|\u2606Gesrptile\n|t:|1699690846\n|gametype|singles\n|player|p1|Powerbo|ninjaboy|1260\n|player|p2|Gesrptile|169|1234\n|teamsize|p1|6\n|teamsize|p2|6\n|gen|9\n|tier|[Gen 9] National Dex\n|rated|\n|rule|HP Percentage Mod: HP is shown in percentages\n|rule|Endless Battle Clause: Forcing endless battles is banned\n|rule|OHKO Clause: OHKO moves are banned\n|rule|Evasion Clause: Evasion abilities, items, and moves are banned\n|rule|Evasion Abilities Clause: Evasion abilities are banned\n|rule|Evasion Items Clause: Evasion items are banned\n|rule|Evasion Moves Clause: Evasion moves are banned\n|rule|Species Clause: Limit one of each Pok\u00e9mon\n|rule|Sleep Clause Mod: Limit one foe put to sleep\n|clearpoke\n|poke|p1|Weavile, M|\n|poke|p1|Tornadus-Therian, M|\n|poke|p1|Iron Treads|\n|poke|p1|Garganacl, F|\n|poke|p1|Sinistcha|\n|poke|p1|Lopunny, F|\n|poke|p2|Ditto|\n|poke|p2|Mew|\n|poke|p2|Zoroark-Hisui, M|\n|poke|p2|Sudowoodo, M|\n|poke|p2|Kecleon, M|\n|poke|p2|Smeargle, F|\n|teampreview\n|\n|t:|1699690854\n|start\n|switch|p1a: Garganacl|Garganacl, F|100\/100\n|switch|p2a: Sudowoodo|Sudowoodo, M, shiny|100\/100\n|turn|1\n|\n|t:|1699690863\n|move|p2a: Sudowoodo|Stealth Rock|p1a: Garganacl\n|-sidestart|p1: Powerbo|move: Stealth Rock\n|move|p1a: Garganacl|Iron Defense|p1a: Garganacl\n|-boost|p1a: Garganacl|def|2\n|\n|upkeep\n|turn|2\n|\n|t:|1699690872\n|switch|p2a: Smeargle|Smeargle, F, shiny|100\/100\n|-item|p2a: Smeargle|Air Balloon\n|move|p1a: Garganacl|Body Press|p2a: Smeargle\n|-supereffective|p2a: Smeargle\n|-damage|p2a: Smeargle|0 fnt\n|-enditem|p2a: Smeargle|Air Balloon\n|faint|p2a: Smeargle\n|\n|upkeep\n|\n|t:|1699690881\n|switch|p2a: Sudowoodo|Sudowoodo, M, shiny|100\/100\n|turn|3\n|\n|t:|1699690885\n|replace|p2a: Zoroark|Zoroark-Hisui, M\n|-end|p2a: Zoroark|Illusion\n|-zpower|p2a: Zoroark\n|move|p2a: Zoroark|Z-Happy Hour|p2a: Zoroark|[anim]Happy Hour\n|-boost|p2a: Zoroark|atk|1|[zeffect]\n|-boost|p2a: Zoroark|def|1|[zeffect]\n|-boost|p2a: Zoroark|spa|1|[zeffect]\n|-boost|p2a: Zoroark|spd|1|[zeffect]\n|-boost|p2a: Zoroark|spe|1|[zeffect]\n|move|p1a: Garganacl|Body Press|p2a: Zoroark\n|-immune|p2a: Zoroark\n|\n|upkeep\n|turn|4\n|\n|t:|1699690891\n|move|p2a: Zoroark|Focus Blast|p1a: Garganacl\n|-supereffective|p1a: Garganacl\n|-damage|p1a: Garganacl|17\/100\n|move|p1a: Garganacl|Salt Cure|p2a: Zoroark\n|-damage|p2a: Zoroark|81\/100\n|-start|p2a: Zoroark|Salt Cure\n|\n|-heal|p1a: Garganacl|24\/100|[from] item: Leftovers\n|-damage|p2a: Zoroark|69\/100|[from] Salt Cure\n|upkeep\n|turn|5\n|\n|t:|1699690907\n|switch|p1a: Iron Treads|Iron Treads|100\/100\n|-damage|p1a: Iron Treads|98\/100|[from] Stealth Rock\n|move|p2a: Zoroark|Shadow Ball|p1a: Iron Treads\n|-damage|p1a: Iron Treads|31\/100\n|\n|-heal|p1a: Iron Treads|37\/100|[from] item: Leftovers\n|-damage|p2a: Zoroark|56\/100|[from] Salt Cure\n|upkeep\n|turn|6\n|\n|t:|1699690913\n|move|p2a: Zoroark|Shadow Ball|p1a: Iron Treads\n|-damage|p1a: Iron Treads|0 fnt\n|faint|p1a: Iron Treads\n|-end|p1a: Iron Treads|Quark Drive|[silent]\n|\n|-damage|p2a: Zoroark|44\/100|[from] Salt Cure\n|upkeep\n|\n|t:|1699690921\n|switch|p1a: Weavile|Weavile, M|100\/100\n|-damage|p1a: Weavile|76\/100|[from] Stealth Rock\n|turn|7\n|\n|t:|1699690927\n|move|p2a: Zoroark|Hyper Voice|p1a: Weavile\n|-damage|p1a: Weavile|0 fnt\n|faint|p1a: Weavile\n|\n|-damage|p2a: Zoroark|32\/100|[from] Salt Cure\n|upkeep\n|\n|t:|1699690936\n|switch|p1a: Lopunny|Lopunny, F|100\/100\n|-damage|p1a: Lopunny|88\/100|[from] Stealth Rock\n|turn|8\n|\n|t:|1699690938\n|detailschange|p1a: Lopunny|Lopunny-Mega, F\n|-mega|p1a: Lopunny|Lopunny|Lopunnite\n|move|p1a: Lopunny|Fake Out|p2a: Zoroark\n|-crit|p2a: Zoroark\n|-damage|p2a: Zoroark|0 fnt\n|faint|p2a: Zoroark\n|\n|upkeep\n|\n|t:|1699690943\n|switch|p2a: Sudowoodo|Sudowoodo, M, shiny|100\/100\n|turn|9\n|\n|t:|1699690945\n|move|p1a: Lopunny|Close Combat|p2a: Sudowoodo\n|-supereffective|p2a: Sudowoodo\n|-ability|p2a: Sudowoodo|Sturdy\n|-damage|p2a: Sudowoodo|1\/100\n|-unboost|p1a: Lopunny|def|1\n|-unboost|p1a: Lopunny|spd|1\n|move|p2a: Sudowoodo|Counter|p1a: Lopunny\n|-damage|p1a: Lopunny|0 fnt\n|faint|p1a: Lopunny\n|\n|upkeep\n|\n|t:|1699690951\n|switch|p1a: Sinistcha|Sinistcha|100\/100\n|-damage|p1a: Sinistcha|88\/100|[from] Stealth Rock\n|turn|10\n|-enditem|p2a: Sudowoodo|Custap Berry|[eat]\n|-activate|p2a: Sudowoodo|item: Custap Berry|[consumed]\n|\n|t:|1699690954\n|move|p2a: Sudowoodo|Rock Tomb|p1a: Sinistcha\n|-damage|p1a: Sinistcha|68\/100\n|-unboost|p1a: Sinistcha|spe|1\n|move|p1a: Sinistcha|Strength Sap|p2a: Sudowoodo\n|-unboost|p2a: Sudowoodo|atk|1\n|-heal|p1a: Sinistcha|100\/100\n|\n|upkeep\n|turn|11\n|\n|t:|1699690962\n|move|p2a: Sudowoodo|Rock Tomb|p1a: Sinistcha\n|-damage|p1a: Sinistcha|88\/100\n|-unboost|p1a: Sinistcha|spe|1\n|move|p1a: Sinistcha|Calm Mind|p1a: Sinistcha\n|-boost|p1a: Sinistcha|spa|1\n|-boost|p1a: Sinistcha|spd|1\n|\n|-heal|p1a: Sinistcha|94\/100|[from] item: Leftovers\n|upkeep\n|turn|12\n|\n|t:|1699690972\n|move|p2a: Sudowoodo|Rock Tomb|p1a: Sinistcha\n|-damage|p1a: Sinistcha|82\/100\n|-unboost|p1a: Sinistcha|spe|1\n|move|p1a: Sinistcha|Calm Mind|p1a: Sinistcha\n|-boost|p1a: Sinistcha|spa|1\n|-boost|p1a: Sinistcha|spd|1\n|\n|-heal|p1a: Sinistcha|88\/100|[from] item: Leftovers\n|upkeep\n|turn|13\n|\n|t:|1699690977\n|move|p2a: Sudowoodo|Rock Tomb|p1a: Sinistcha|[miss]\n|-miss|p2a: Sudowoodo|p1a: Sinistcha\n|move|p1a: Sinistcha|Matcha Gotcha|p2a: Sudowoodo\n|-supereffective|p2a: Sudowoodo\n|-damage|p2a: Sudowoodo|0 fnt\n|-heal|p1a: Sinistcha|88\/100|[from] drain|[of] p2a: Sudowoodo\n|faint|p2a: Sudowoodo\n|\n|-heal|p1a: Sinistcha|94\/100|[from] item: Leftovers\n|upkeep\n|\n|t:|1699690981\n|switch|p2a: Kecleon|Kecleon, M, shiny|100\/100\n|turn|14\n|\n|t:|1699690987\n|move|p2a: Kecleon|Knock Off|p1a: Sinistcha\n|-start|p2a: Kecleon|typechange|Dark|[from] ability: Protean\n|-supereffective|p1a: Sinistcha\n|-damage|p1a: Sinistcha|35\/100\n|-enditem|p1a: Sinistcha|Leftovers|[from] move: Knock Off|[of] p2a: Kecleon\n|move|p1a: Sinistcha|Matcha Gotcha|p2a: Kecleon\n|-damage|p2a: Kecleon|63\/100\n|-heal|p1a: Sinistcha|52\/100|[from] drain|[of] p2a: Kecleon\n|\n|upkeep\n|turn|15\n|\n|t:|1699691001\n|move|p2a: Kecleon|Sucker Punch||[still]\n|-fail|p2a: Kecleon\n|move|p1a: Sinistcha|Strength Sap|p2a: Kecleon\n|-unboost|p2a: Kecleon|atk|1\n|-heal|p1a: Sinistcha|100\/100\n|\n|upkeep\n|turn|16\n|\n|t:|1699691010\n|move|p2a: Kecleon|Knock Off|p1a: Sinistcha\n|-supereffective|p1a: Sinistcha\n|-damage|p1a: Sinistcha|70\/100\n|move|p1a: Sinistcha|Matcha Gotcha|p2a: Kecleon|[miss]\n|-miss|p1a: Sinistcha|p2a: Kecleon\n|\n|upkeep\n|turn|17\n|\n|t:|1699691017\n|move|p2a: Kecleon|Knock Off|p1a: Sinistcha\n|-supereffective|p1a: Sinistcha\n|-damage|p1a: Sinistcha|40\/100\n|move|p1a: Sinistcha|Strength Sap|p2a: Kecleon\n|-unboost|p2a: Kecleon|atk|1\n|-heal|p1a: Sinistcha|99\/100\n|\n|upkeep\n|turn|18\n|\n|t:|1699691020\n|move|p2a: Kecleon|Knock Off|p1a: Sinistcha\n|-supereffective|p1a: Sinistcha\n|-damage|p1a: Sinistcha|78\/100\n|move|p1a: Sinistcha|Matcha Gotcha|p2a: Kecleon\n|-damage|p2a: Kecleon|22\/100\n|-heal|p1a: Sinistcha|98\/100|[from] drain|[of] p2a: Kecleon\n|\n|upkeep\n|turn|19\n|\n|t:|1699691023\n|move|p2a: Kecleon|Knock Off|p1a: Sinistcha\n|-supereffective|p1a: Sinistcha\n|-damage|p1a: Sinistcha|75\/100\n|move|p1a: Sinistcha|Matcha Gotcha|p2a: Kecleon\n|-damage|p2a: Kecleon|0 fnt\n|-heal|p1a: Sinistcha|85\/100|[from] drain|[of] p2a: Kecleon\n|faint|p2a: Kecleon\n|\n|upkeep\n|\n|t:|1699691030\n|switch|p2a: Ditto|Ditto, shiny|100\/100\n|-transform|p2a: Ditto|p1a: Sinistcha|[from] ability: Imposter\n|turn|20\n|\n|t:|1699691056\n|move|p2a: Ditto|Shadow Ball|p1a: Sinistcha\n|-supereffective|p1a: Sinistcha\n|-damage|p1a: Sinistcha|12\/100\n|-unboost|p1a: Sinistcha|spd|1\n|move|p1a: Sinistcha|Shadow Ball|p2a: Ditto\n|-supereffective|p2a: Ditto\n|-crit|p2a: Ditto\n|-damage|p2a: Ditto|0 fnt\n|faint|p2a: Ditto\n|\n|upkeep\n|\n|t:|1699691070\n|switch|p2a: Mew|Mew, shiny|100\/100\n|turn|21\n|\n|t:|1699691079\n|move|p2a: Mew|Cosmic Power|p2a: Mew\n|-boost|p2a: Mew|def|1\n|-boost|p2a: Mew|spd|1\n|move|p1a: Sinistcha|Shadow Ball|p2a: Mew\n|-supereffective|p2a: Mew\n|-damage|p2a: Mew|24\/100\n|\n|upkeep\n|turn|22\n|\n|t:|1699691084\n|-terastallize|p2a: Mew|Poison\n|move|p2a: Mew|Roost|p2a: Mew\n|-heal|p2a: Mew|74\/100\n|move|p1a: Sinistcha|Shadow Ball|p2a: Mew\n|-damage|p2a: Mew|37\/100\n|\n|upkeep\n|turn|23\n|\n|t:|1699691092\n|move|p2a: Mew|Roost|p2a: Mew\n|-heal|p2a: Mew|87\/100\n|move|p1a: Sinistcha|Strength Sap|p2a: Mew\n|-unboost|p2a: Mew|atk|1\n|-heal|p1a: Sinistcha|74\/100\n|\n|upkeep\n|turn|24\n|\n|t:|1699691100\n|move|p2a: Mew|Cosmic Power|p2a: Mew\n|-boost|p2a: Mew|def|1\n|-boost|p2a: Mew|spd|1\n|move|p1a: Sinistcha|Calm Mind|p1a: Sinistcha\n|-boost|p1a: Sinistcha|spa|1\n|-boost|p1a: Sinistcha|spd|1\n|\n|upkeep\n|turn|25\n|\n|t:|1699691106\n|move|p2a: Mew|Cosmic Power|p2a: Mew\n|-boost|p2a: Mew|def|1\n|-boost|p2a: Mew|spd|1\n|move|p1a: Sinistcha|Calm Mind|p1a: Sinistcha\n|-boost|p1a: Sinistcha|spa|1\n|-boost|p1a: Sinistcha|spd|1\n|\n|upkeep\n|turn|26\n|\n|t:|1699691113\n|move|p2a: Mew|Cosmic Power|p2a: Mew\n|-boost|p2a: Mew|def|1\n|-boost|p2a: Mew|spd|1\n|move|p1a: Sinistcha|Matcha Gotcha|p2a: Mew\n|-resisted|p2a: Mew\n|-damage|p2a: Mew|72\/100\n|-heal|p1a: Sinistcha|82\/100|[from] drain|[of] p2a: Mew\n|\n|upkeep\n|turn|27\n|\n|t:|1699691116\n|move|p2a: Mew|Cosmic Power|p2a: Mew\n|-boost|p2a: Mew|def|1\n|-boost|p2a: Mew|spd|1\n|move|p1a: Sinistcha|Calm Mind|p1a: Sinistcha\n|-boost|p1a: Sinistcha|spa|1\n|-boost|p1a: Sinistcha|spd|1\n|\n|upkeep\n|turn|28\n|\n|t:|1699691119\n|move|p2a: Mew|Cosmic Power|p2a: Mew\n|-boost|p2a: Mew|def|1\n|-boost|p2a: Mew|spd|1\n|move|p1a: Sinistcha|Calm Mind|p1a: Sinistcha\n|-boost|p1a: Sinistcha|spa|1\n|-boost|p1a: Sinistcha|spd|1\n|\n|upkeep\n|turn|29\n|\n|t:|1699691122\n|move|p2a: Mew|Stored Power|p1a: Sinistcha\n|-damage|p1a: Sinistcha|55\/100\n|move|p1a: Sinistcha|Calm Mind|p1a: Sinistcha\n|-boost|p1a: Sinistcha|spa|0\n|-boost|p1a: Sinistcha|spd|1\n|\n|upkeep\n|turn|30\n|\n|t:|1699691125\n|move|p2a: Mew|Stored Power|p1a: Sinistcha\n|-damage|p1a: Sinistcha|33\/100\n|move|p1a: Sinistcha|Strength Sap|p2a: Mew\n|-unboost|p2a: Mew|atk|1\n|-heal|p1a: Sinistcha|73\/100\n|\n|upkeep\n|turn|31\n|\n|t:|1699691132\n|move|p2a: Mew|Stored Power|p1a: Sinistcha\n|-damage|p1a: Sinistcha|49\/100\n|move|p1a: Sinistcha|Shadow Ball|p2a: Mew\n|-damage|p2a: Mew|45\/100\n|\n|upkeep\n|turn|32\n|\n|t:|1699691136\n|move|p2a: Mew|Roost|p2a: Mew\n|-heal|p2a: Mew|95\/100\n|move|p1a: Sinistcha|Strength Sap|p2a: Mew\n|-unboost|p2a: Mew|atk|1\n|-heal|p1a: Sinistcha|79\/100\n|\n|upkeep\n|turn|33\n|\n|t:|1699691140\n|move|p2a: Mew|Stored Power|p1a: Sinistcha\n|-damage|p1a: Sinistcha|57\/100\n|move|p1a: Sinistcha|Shadow Ball|p2a: Mew\n|-crit|p2a: Mew\n|-damage|p2a: Mew|0 fnt\n|faint|p2a: Mew\n|\n|win|Powerbo\n|raw|Powerbo's rating: 1260 &rarr; <strong>1283<\/strong><br \/>(+23 for winning)\n|raw|Gesrptile's rating: 1234 &rarr; <strong>1211<\/strong><br \/>(-23 for losing)\n|l|\u2606Gesrptile\n|c|\u2606Powerbo|Gg\n","uploadtime":1699691153,"views":6,"p1id":"powerbo","p2id":"gesrptile","formatid":"gen9nationaldex","rating":1211,"private":0,"password":""}