{"id":"gen9nationaldex-1986967196","p1":"Square K","p2":"yumizuozhou","format":"[Gen 9] National Dex","log":"|j|\u2606Square K\n|j|\u2606yumizuozhou\n|t:|1699545188\n|gametype|singles\n|player|p1|Square K|chuck|1342\n|player|p2|yumizuozhou|101|1287\n|teamsize|p1|6\n|teamsize|p2|6\n|gen|9\n|tier|[Gen 9] National Dex\n|rated|\n|rule|HP Percentage Mod: HP is shown in percentages\n|rule|Endless Battle Clause: Forcing endless battles is banned\n|rule|OHKO Clause: OHKO moves are banned\n|rule|Evasion Clause: Evasion abilities, items, and moves are banned\n|rule|Evasion Abilities Clause: Evasion abilities are banned\n|rule|Evasion Items Clause: Evasion items are banned\n|rule|Evasion Moves Clause: Evasion moves are banned\n|rule|Species Clause: Limit one of each Pok\u00e9mon\n|rule|Sleep Clause Mod: Limit one foe put to sleep\n|clearpoke\n|poke|p1|Landorus-Therian, M|\n|poke|p1|Heatran, F|\n|poke|p1|Toxapex, F|\n|poke|p1|Lopunny, M|\n|poke|p1|Urshifu-*, M|\n|poke|p1|Corviknight, F|\n|poke|p2|Ninetales-Alola, F|\n|poke|p2|Blaziken, F|\n|poke|p2|Gyarados, F|\n|poke|p2|Baxcalibur, F|\n|poke|p2|Celesteela|\n|poke|p2|Iron Treads|\n|teampreview\n|\n|t:|1699545210\n|start\n|switch|p1a: \u5154\u5973\u90ce|Lopunny, M|100\/100\n|switch|p2a: Gyarados|Gyarados, F, shiny|100\/100\n|-ability|p2a: Gyarados|Intimidate|boost\n|-unboost|p1a: \u5154\u5973\u90ce|atk|1\n|turn|1\n|\n|t:|1699545226\n|detailschange|p1a: \u5154\u5973\u90ce|Lopunny-Mega, M\n|-mega|p1a: \u5154\u5973\u90ce|Lopunny|Lopunnite\n|move|p1a: \u5154\u5973\u90ce|Fake Out|p2a: Gyarados\n|-damage|p2a: Gyarados|79\/100\n|cant|p2a: Gyarados|flinch\n|\n|upkeep\n|turn|2\n|\n|t:|1699545238\n|switch|p1a: Toxapex|Toxapex, F|100\/100\n|move|p2a: Gyarados|Dragon Dance|p2a: Gyarados\n|-boost|p2a: Gyarados|atk|1\n|-boost|p2a: Gyarados|spe|1\n|\n|upkeep\n|turn|3\n|\n|t:|1699545243\n|move|p1a: Toxapex|Baneful Bunker|p1a: Toxapex\n|-singleturn|p1a: Toxapex|move: Protect\n|move|p2a: Gyarados|Taunt|p1a: Toxapex\n|-activate|p1a: Toxapex|move: Protect\n|\n|upkeep\n|turn|4\n|\n|t:|1699545251\n|switch|p1a: \u571f\u732b|Landorus-Therian, M|100\/100\n|-ability|p1a: \u571f\u732b|Intimidate|boost\n|-unboost|p2a: Gyarados|atk|1\n|move|p2a: Gyarados|Taunt|p1a: \u571f\u732b\n|-start|p1a: \u571f\u732b|move: Taunt\n|\n|upkeep\n|turn|5\n|\n|t:|1699545254\n|move|p2a: Gyarados|Dragon Dance|p2a: Gyarados\n|-boost|p2a: Gyarados|atk|1\n|-boost|p2a: Gyarados|spe|1\n|-zpower|p1a: \u571f\u732b\n|move|p1a: \u571f\u732b|Continental Crush|p2a: Gyarados|[zeffect]\n|-supereffective|p2a: Gyarados\n|-damage|p2a: Gyarados|0 fnt\n|faint|p2a: Gyarados\n|\n|upkeep\n|\n|t:|1699545263\n|switch|p2a: Baxcalibur|Baxcalibur, F|100\/100\n|turn|6\n|\n|t:|1699545268\n|move|p1a: \u571f\u732b|U-turn|p2a: Baxcalibur\n|-damage|p2a: Baxcalibur|77\/100\n|\n|t:|1699545273\n|switch|p1a: \u5929\u7a7a\u9a91\u58eb|Corviknight, F|100\/100|[from] U-turn\n|move|p2a: Baxcalibur|Dragon Dance|p2a: Baxcalibur\n|-boost|p2a: Baxcalibur|atk|1\n|-boost|p2a: Baxcalibur|spe|1\n|\n|upkeep\n|turn|7\n|\n|t:|1699545277\n|move|p2a: Baxcalibur|Icicle Spear|p1a: \u5929\u7a7a\u9a91\u58eb\n|-damage|p1a: \u5929\u7a7a\u9a91\u58eb|80\/100\n|-damage|p1a: \u5929\u7a7a\u9a91\u58eb|61\/100\n|-damage|p1a: \u5929\u7a7a\u9a91\u58eb|42\/100\n|-damage|p1a: \u5929\u7a7a\u9a91\u58eb|22\/100\n|-hitcount|p1a: \u5929\u7a7a\u9a91\u58eb|4\n|move|p1a: \u5929\u7a7a\u9a91\u58eb|Iron Defense|p1a: \u5929\u7a7a\u9a91\u58eb\n|-boost|p1a: \u5929\u7a7a\u9a91\u58eb|def|2\n|\n|upkeep\n|turn|8\n|\n|t:|1699545283\n|move|p2a: Baxcalibur|Icicle Spear|p1a: \u5929\u7a7a\u9a91\u58eb\n|-damage|p1a: \u5929\u7a7a\u9a91\u58eb|12\/100\n|-damage|p1a: \u5929\u7a7a\u9a91\u58eb|3\/100\n|-damage|p1a: \u5929\u7a7a\u9a91\u58eb|0 fnt\n|faint|p1a: \u5929\u7a7a\u9a91\u58eb\n|-hitcount|p1: \u5929\u7a7a\u9a91\u58eb|3\n|\n|upkeep\n|\n|t:|1699545286\n|switch|p1a: \u5154\u5973\u90ce|Lopunny-Mega, M|100\/100\n|turn|9\n|\n|t:|1699545295\n|move|p1a: \u5154\u5973\u90ce|Fake Out|p2a: Baxcalibur\n|-damage|p2a: Baxcalibur|54\/100\n|cant|p2a: Baxcalibur|flinch\n|\n|upkeep\n|turn|10\n|\n|t:|1699545301\n|switch|p1a: Toxapex|Toxapex, F|100\/100\n|move|p2a: Baxcalibur|Icicle Spear|p1a: Toxapex\n|-resisted|p1a: Toxapex\n|-damage|p1a: Toxapex|92\/100\n|-resisted|p1a: Toxapex\n|-damage|p1a: Toxapex|84\/100\n|-resisted|p1a: Toxapex\n|-damage|p1a: Toxapex|76\/100\n|-resisted|p1a: Toxapex\n|-damage|p1a: Toxapex|69\/100\n|-hitcount|p1a: Toxapex|4\n|\n|-heal|p1a: Toxapex|75\/100|[from] item: Black Sludge\n|upkeep\n|turn|11\n|\n|t:|1699545307\n|move|p2a: Baxcalibur|Earthquake|p1a: Toxapex\n|-supereffective|p1a: Toxapex\n|-damage|p1a: Toxapex|0 fnt\n|faint|p1a: Toxapex\n|\n|upkeep\n|\n|t:|1699545312\n|switch|p1a: \u5154\u5973\u90ce|Lopunny-Mega, M|100\/100\n|turn|12\n|\n|t:|1699545318\n|move|p1a: \u5154\u5973\u90ce|Fake Out|p2a: Baxcalibur\n|-damage|p2a: Baxcalibur|31\/100\n|cant|p2a: Baxcalibur|flinch\n|\n|upkeep\n|turn|13\n|\n|t:|1699545325\n|move|p1a: \u5154\u5973\u90ce|Protect|p1a: \u5154\u5973\u90ce\n|-singleturn|p1a: \u5154\u5973\u90ce|Protect\n|move|p2a: Baxcalibur|Icicle Spear|p1a: \u5154\u5973\u90ce\n|-activate|p1a: \u5154\u5973\u90ce|move: Protect\n|\n|upkeep\n|turn|14\n|\n|t:|1699545334\n|switch|p1a: \u706b\u521a|Heatran, F|100\/100\n|move|p2a: Baxcalibur|Icicle Spear|p1a: \u706b\u521a\n|-resisted|p1a: \u706b\u521a\n|-damage|p1a: \u706b\u521a|96\/100\n|-resisted|p1a: \u706b\u521a\n|-damage|p1a: \u706b\u521a|91\/100\n|-resisted|p1a: \u706b\u521a\n|-damage|p1a: \u706b\u521a|86\/100\n|-resisted|p1a: \u706b\u521a\n|-damage|p1a: \u706b\u521a|81\/100\n|-resisted|p1a: \u706b\u521a\n|-damage|p1a: \u706b\u521a|76\/100\n|-hitcount|p1a: \u706b\u521a|5\n|\n|-heal|p1a: \u706b\u521a|82\/100|[from] item: Leftovers\n|upkeep\n|turn|15\n|\n|t:|1699545341\n|-terastallize|p1a: \u706b\u521a|Grass\n|move|p2a: Baxcalibur|Earthquake|p1a: \u706b\u521a\n|-resisted|p1a: \u706b\u521a\n|-damage|p1a: \u706b\u521a|56\/100\n|move|p1a: \u706b\u521a|Earth Power|p2a: Baxcalibur\n|-damage|p2a: Baxcalibur|0 fnt\n|faint|p2a: Baxcalibur\n|\n|-heal|p1a: \u706b\u521a|62\/100|[from] item: Leftovers\n|upkeep\n|\n|t:|1699545350\n|switch|p2a: Celesteela|Celesteela, shiny|100\/100\n|turn|16\n|\n|t:|1699545354\n|move|p2a: Celesteela|Air Slash|p1a: \u706b\u521a\n|-supereffective|p1a: \u706b\u521a\n|-damage|p1a: \u706b\u521a|4\/100\n|move|p1a: \u706b\u521a|Heat Wave|p2a: Celesteela\n|-supereffective|p2a: Celesteela\n|-damage|p2a: Celesteela|1\/100\n|\n|-heal|p1a: \u706b\u521a|10\/100|[from] item: Leftovers\n|upkeep\n|turn|17\n|\n|t:|1699545359\n|move|p1a: \u706b\u521a|Protect|p1a: \u706b\u521a\n|-singleturn|p1a: \u706b\u521a|Protect\n|move|p2a: Celesteela|Air Slash|p1a: \u706b\u521a\n|-activate|p1a: \u706b\u521a|move: Protect\n|\n|-heal|p1a: \u706b\u521a|16\/100|[from] item: Leftovers\n|upkeep\n|turn|18\n|\n|t:|1699545369\n|switch|p1a: \u571f\u732b|Landorus-Therian, M|100\/100\n|-ability|p1a: \u571f\u732b|Intimidate|boost\n|-unboost|p2a: Celesteela|atk|1\n|move|p2a: Celesteela|Air Slash|p1a: \u571f\u732b\n|-damage|p1a: \u571f\u732b|54\/100\n|\n|upkeep\n|turn|19\n|\n|t:|1699545385\n|switch|p2a: Ninetales|Ninetales-Alola, F|100\/100\n|-weather|Snow|[from] ability: Snow Warning|[of] p2a: Ninetales\n|move|p1a: \u571f\u732b|U-turn|p2a: Ninetales\n|-resisted|p2a: Ninetales\n|-damage|p2a: Ninetales|89\/100\n|\n|t:|1699545390\n|switch|p1a: \u5154\u5973\u90ce|Lopunny-Mega, M|100\/100|[from] U-turn\n|\n|-weather|Snow|[upkeep]\n|upkeep\n|turn|20\n|\n|t:|1699545395\n|move|p1a: \u5154\u5973\u90ce|Fake Out|p2a: Ninetales\n|-damage|p2a: Ninetales|69\/100\n|cant|p2a: Ninetales|flinch\n|\n|-weather|Snow|[upkeep]\n|upkeep\n|turn|21\n|\n|t:|1699545398\n|move|p1a: \u5154\u5973\u90ce|Close Combat|p2a: Ninetales\n|-damage|p2a: Ninetales|14\/100\n|-unboost|p1a: \u5154\u5973\u90ce|def|1\n|-unboost|p1a: \u5154\u5973\u90ce|spd|1\n|move|p2a: Ninetales|Aurora Veil|p2a: Ninetales\n|-sidestart|p2: yumizuozhou|move: Aurora Veil\n|\n|-weather|Snow|[upkeep]\n|upkeep\n|turn|22\n|\n|t:|1699545406\n|switch|p2a: Celesteela|Celesteela, shiny|1\/100\n|move|p1a: \u5154\u5973\u90ce|Quick Attack|p2a: Celesteela\n|-resisted|p2a: Celesteela\n|-damage|p2a: Celesteela|0 fnt\n|faint|p2a: Celesteela\n|\n|-weather|Snow|[upkeep]\n|upkeep\n|\n|t:|1699545413\n|switch|p2a: Blaziken|Blaziken, F, shiny|100\/100\n|turn|23\n|\n|t:|1699545418\n|switch|p1a: \u571f\u732b|Landorus-Therian, M|54\/100\n|-ability|p1a: \u571f\u732b|Intimidate|boost\n|-unboost|p2a: Blaziken|atk|1\n|move|p2a: Blaziken|Protect||[still]\n|-fail|p2a: Blaziken\n|\n|-weather|none\n|-ability|p2a: Blaziken|Speed Boost|boost\n|-boost|p2a: Blaziken|spe|1\n|upkeep\n|turn|24\n|\n|t:|1699545429\n|-zpower|p2a: Blaziken\n|move|p2a: Blaziken|Inferno Overdrive|p1a: \u571f\u732b|[zeffect]\n|-damage|p1a: \u571f\u732b|0 fnt\n|faint|p1a: \u571f\u732b\n|\n|-ability|p2a: Blaziken|Speed Boost|boost\n|-boost|p2a: Blaziken|spe|1\n|upkeep\n|\n|t:|1699545435\n|switch|p1a: \u5154\u5973\u90ce|Lopunny-Mega, M|100\/100\n|turn|25\n|\n|t:|1699545442\n|move|p2a: Blaziken|Protect|p2a: Blaziken\n|-singleturn|p2a: Blaziken|Protect\n|move|p1a: \u5154\u5973\u90ce|Fake Out|p2a: Blaziken\n|-activate|p2a: Blaziken|move: Protect\n|\n|-ability|p2a: Blaziken|Speed Boost|boost\n|-boost|p2a: Blaziken|spe|1\n|upkeep\n|turn|26\n|\n|t:|1699545452\n|move|p1a: \u5154\u5973\u90ce|Protect|p1a: \u5154\u5973\u90ce\n|-singleturn|p1a: \u5154\u5973\u90ce|Protect\n|move|p2a: Blaziken|Close Combat|p1a: \u5154\u5973\u90ce\n|-activate|p1a: \u5154\u5973\u90ce|move: Protect\n|\n|-ability|p2a: Blaziken|Speed Boost|boost\n|-boost|p2a: Blaziken|spe|1\n|upkeep\n|turn|27\n|\n|t:|1699545460\n|switch|p1a: \u706b\u521a|Heatran, F, tera:Grass|16\/100\n|move|p2a: Blaziken|Close Combat|p1a: \u706b\u521a\n|-crit|p1a: \u706b\u521a\n|-damage|p1a: \u706b\u521a|0 fnt\n|-unboost|p2a: Blaziken|def|1\n|-unboost|p2a: Blaziken|spd|1\n|faint|p1a: \u706b\u521a\n|\n|-ability|p2a: Blaziken|Speed Boost|boost\n|-boost|p2a: Blaziken|spe|1\n|upkeep\n|\n|t:|1699545465\n|switch|p1a: Urshifu|Urshifu-Rapid-Strike, M|100\/100\n|turn|28\n|\n|t:|1699545479\n|switch|p2a: Ninetales|Ninetales-Alola, F|14\/100\n|-weather|Snow|[from] ability: Snow Warning|[of] p2a: Ninetales\n|move|p1a: Urshifu|Surging Strikes|p2a: Ninetales\n|-crit|p2a: Ninetales\n|-damage|p2a: Ninetales|0 fnt\n|faint|p2a: Ninetales\n|-hitcount|p2: Ninetales|1\n|\n|-weather|Snow|[upkeep]\n|-sideend|p2: yumizuozhou|move: Aurora Veil\n|upkeep\n|\n|t:|1699545481\n|switch|p2a: Iron Treads|Iron Treads|100\/100\n|turn|29\n|\n|t:|1699545493\n|-terastallize|p2a: Iron Treads|Ghost\n|move|p1a: Urshifu|Surging Strikes|p2a: Iron Treads\n|-crit|p2a: Iron Treads\n|-damage|p2a: Iron Treads|73\/100\n|-crit|p2a: Iron Treads\n|-damage|p2a: Iron Treads|48\/100\n|-crit|p2a: Iron Treads\n|-damage|p2a: Iron Treads|22\/100\n|-hitcount|p2a: Iron Treads|3\n|move|p2a: Iron Treads|Endeavor|p1a: Urshifu\n|-damage|p1a: Urshifu|18\/100\n|\n|-weather|Snow|[upkeep]\n|upkeep\n|turn|30\n|\n|t:|1699545504\n|move|p1a: Urshifu|Surging Strikes|p2a: Iron Treads\n|-crit|p2a: Iron Treads\n|-damage|p2a: Iron Treads|0 fnt\n|faint|p2a: Iron Treads\n|-end|p2a: Iron Treads|Quark Drive|[silent]\n|-hitcount|p2: Iron Treads|1\n|\n|-weather|Snow|[upkeep]\n|upkeep\n|\n|t:|1699545507\n|switch|p2a: Blaziken|Blaziken, F, shiny|100\/100\n|turn|31\n|\n|t:|1699545510\n|move|p1a: Urshifu|Surging Strikes|p2a: Blaziken\n|-supereffective|p2a: Blaziken\n|-crit|p2a: Blaziken\n|-damage|p2a: Blaziken|41\/100\n|-supereffective|p2a: Blaziken\n|-crit|p2a: Blaziken\n|-damage|p2a: Blaziken|0 fnt\n|faint|p2a: Blaziken\n|-hitcount|p2: Blaziken|2\n|\n|win|Square K\n|raw|Square K's rating: 1342 &rarr; <strong>1359<\/strong><br \/>(+17 for winning)\n|raw|yumizuozhou's rating: 1287 &rarr; <strong>1266<\/strong><br \/>(-21 for losing)\n|l|\u2606yumizuozhou\n","uploadtime":1699545515,"views":4,"p1id":"squarek","p2id":"yumizuozhou","formatid":"gen9nationaldex","rating":1266,"private":0,"password":""}