{"id":"gen9nationaldex-1987921444","p1":"nidokingphysical3","p2":"DoloMsolo","format":"[Gen 9] National Dex","log":"|j|\u2606nidokingphysical3\n|j|\u2606DoloMsolo\n|t:|1699649362\n|gametype|singles\n|player|p1|nidokingphysical3|beauty|1304\n|player|p2|DoloMsolo|unknown|1310\n|teamsize|p1|6\n|teamsize|p2|6\n|gen|9\n|tier|[Gen 9] National Dex\n|rated|\n|rule|HP Percentage Mod: HP is shown in percentages\n|rule|Endless Battle Clause: Forcing endless battles is banned\n|rule|OHKO Clause: OHKO moves are banned\n|rule|Evasion Clause: Evasion abilities, items, and moves are banned\n|rule|Evasion Abilities Clause: Evasion abilities are banned\n|rule|Evasion Items Clause: Evasion items are banned\n|rule|Evasion Moves Clause: Evasion moves are banned\n|rule|Species Clause: Limit one of each Pok\u00e9mon\n|rule|Sleep Clause Mod: Limit one foe put to sleep\n|clearpoke\n|poke|p1|Pinsir, M|\n|poke|p1|Magnezone|\n|poke|p1|Hatterene, F|\n|poke|p1|Gliscor, M|\n|poke|p1|Keldeo-Resolute|\n|poke|p1|Slowking-Galar, F|\n|poke|p2|Iron Moth|\n|poke|p2|Iron Jugulis|\n|poke|p2|Tapu Koko|\n|poke|p2|Dewgong, F|\n|poke|p2|Dondozo, M|\n|poke|p2|Landorus-Therian, M|\n|teampreview\n|inactive|Battle timer is ON: inactive players will automatically lose when time's up. (requested by DoloMsolo)\n|c|\u2606nidokingphysical3|gl\n|\n|t:|1699649377\n|start\n|switch|p1a: Keldeo|Keldeo-Resolute|100\/100\n|switch|p2a: Dewgong|Dewgong, F|100\/100\n|turn|1\n|\n|t:|1699649380\n|move|p1a: Keldeo|Secret Sword|p2a: Dewgong\n|-supereffective|p2a: Dewgong\n|-damage|p2a: Dewgong|19\/100\n|move|p2a: Dewgong|Whirlpool|p1a: Keldeo\n|-resisted|p1a: Keldeo\n|-damage|p1a: Keldeo|96\/100\n|-activate|p1a: Keldeo|move: Whirlpool|[of] p2a: Dewgong\n|\n|-heal|p2a: Dewgong|25\/100|[from] item: Leftovers\n|-damage|p1a: Keldeo|84\/100|[from] move: Whirlpool|[partiallytrapped]\n|upkeep\n|turn|2\n|\n|t:|1699649385\n|move|p2a: Dewgong|Protect|p2a: Dewgong\n|-singleturn|p2a: Dewgong|Protect\n|move|p1a: Keldeo|Secret Sword|p2a: Dewgong\n|-activate|p2a: Dewgong|move: Protect\n|\n|-heal|p2a: Dewgong|31\/100|[from] item: Leftovers\n|-damage|p1a: Keldeo|71\/100|[from] move: Whirlpool|[partiallytrapped]\n|upkeep\n|turn|3\n|\n|t:|1699649395\n|move|p2a: Dewgong|Protect||[still]\n|-fail|p2a: Dewgong\n|move|p1a: Keldeo|Secret Sword|p2a: Dewgong\n|-supereffective|p2a: Dewgong\n|-damage|p2a: Dewgong|0 fnt\n|faint|p2a: Dewgong\n|\n|-end|p1a: Keldeo|Whirlpool|[partiallytrapped]|[silent]\n|upkeep\n|\n|t:|1699649402\n|switch|p2a: TapThaKoKo|Tapu Koko|100\/100\n|-fieldstart|move: Electric Terrain|[from] ability: Electric Surge|[of] p2a: TapThaKoKo\n|turn|4\n|\n|t:|1699649406\n|switch|p1a: Gliscor|Gliscor, M|100\/100\n|move|p2a: TapThaKoKo|Thunderbolt|p1a: Gliscor\n|-immune|p1a: Gliscor\n|\n|-status|p1a: Gliscor|tox|[from] item: Toxic Orb\n|upkeep\n|turn|5\n|\n|t:|1699649419\n|move|p2a: TapThaKoKo|Hidden Power|p1a: Gliscor\n|-supereffective|p1a: Gliscor\n|-damage|p1a: Gliscor|25\/100 tox\n|move|p1a: Gliscor|Toxic|p2a: TapThaKoKo\n|-status|p2a: TapThaKoKo|tox\n|\n|-damage|p2a: TapThaKoKo|94\/100 tox|[from] psn\n|-heal|p1a: Gliscor|37\/100 tox|[from] ability: Poison Heal\n|upkeep\n|turn|6\n|\n|t:|1699649430\n|switch|p1a: Hatterene|Hatterene, F|100\/100\n|move|p2a: TapThaKoKo|Hidden Power|p1a: Hatterene\n|-damage|p1a: Hatterene|81\/100\n|\n|-heal|p1a: Hatterene|87\/100|[from] item: Leftovers\n|-damage|p2a: TapThaKoKo|82\/100 tox|[from] psn\n|upkeep\n|turn|7\n|\n|t:|1699649435\n|move|p2a: TapThaKoKo|Volt Switch|p1a: Hatterene\n|-damage|p1a: Hatterene|49\/100\n|\n|t:|1699649463\n|switch|p2a: Land-hoe|Landorus-Therian, M|100\/100|[from] Volt Switch\n|-ability|p2a: Land-hoe|Intimidate|boost\n|-unboost|p1a: Hatterene|atk|1\n|move|p1a: Hatterene|Calm Mind|p1a: Hatterene\n|-boost|p1a: Hatterene|spa|1\n|-boost|p1a: Hatterene|spd|1\n|\n|-heal|p1a: Hatterene|55\/100|[from] item: Leftovers\n|upkeep\n|turn|8\n|\n|t:|1699649467\n|move|p2a: Land-hoe|Earthquake|p1a: Hatterene\n|-damage|p1a: Hatterene|17\/100\n|move|p1a: Hatterene|Draining Kiss|p2a: Land-hoe\n|-damage|p2a: Land-hoe|53\/100\n|-heal|p1a: Hatterene|53\/100|[from] drain|[of] p2a: Land-hoe\n|-damage|p1a: Hatterene|36\/100|[from] item: Rocky Helmet|[of] p2a: Land-hoe\n|\n|-heal|p1a: Hatterene|42\/100|[from] item: Leftovers\n|-fieldend|move: Electric Terrain\n|upkeep\n|turn|9\n|\n|t:|1699649470\n|move|p2a: Land-hoe|Earthquake|p1a: Hatterene\n|-damage|p1a: Hatterene|0 fnt\n|faint|p1a: Hatterene\n|\n|upkeep\n|c|\u2606nidokingphysical3|that's an insane roll\n|\n|t:|1699649483\n|switch|p1a: Keldeo|Keldeo-Resolute|71\/100\n|turn|10\n|\n|t:|1699649491\n|move|p1a: Keldeo|Hydro Pump|p2a: Land-hoe\n|-supereffective|p2a: Land-hoe\n|-damage|p2a: Land-hoe|0 fnt\n|faint|p2a: Land-hoe\n|\n|upkeep\n|\n|t:|1699649497\n|switch|p2a: TapThaKoKo|Tapu Koko|82\/100 tox\n|-fieldstart|move: Electric Terrain|[from] ability: Electric Surge|[of] p2a: TapThaKoKo\n|turn|11\n|inactive|nidokingphysical3 has 120 seconds left.\n|l|\u2606DoloMsolo\n|inactive|DoloMsolo disconnected and has a minute to reconnect!\n|player|p2|\n|\n|t:|1699649532\n|move|p1a: Keldeo|Hydro Pump|p2a: TapThaKoKo|[miss]\n|-miss|p1a: Keldeo|p2a: TapThaKoKo\n|move|p2a: TapThaKoKo|Hidden Power|p1a: Keldeo\n|-resisted|p1a: Keldeo\n|-damage|p1a: Keldeo|62\/100\n|\n|-damage|p2a: TapThaKoKo|76\/100 tox|[from] psn\n|upkeep\n|turn|12\n|j|\u2606DoloMsolo\n|inactive|DoloMsolo reconnected and has 145 seconds left.\n|player|p2|DoloMsolo|unknown\n|\n|t:|1699649540\n|move|p1a: Keldeo|Hydro Pump|p2a: TapThaKoKo\n|-damage|p2a: TapThaKoKo|0 fnt\n|faint|p2a: TapThaKoKo\n|\n|upkeep\n|\n|t:|1699649550\n|switch|p2a: BakeAWake|Iron Jugulis|100\/100\n|-activate|p2a: BakeAWake|ability: Quark Drive\n|-start|p2a: BakeAWake|quarkdrivespe\n|turn|13\n|\n|t:|1699649577\n|switch|p1a: Slowking|Slowking-Galar, F|100\/100\n|move|p2a: BakeAWake|Earth Power|p1a: Slowking\n|-supereffective|p1a: Slowking\n|-damage|p1a: Slowking|66\/100\n|\n|upkeep\n|turn|14\n|inactive|DoloMsolo has 120 seconds left.\n|\n|t:|1699649599\n|move|p2a: BakeAWake|Dark Pulse|p1a: Slowking\n|-supereffective|p1a: Slowking\n|-damage|p1a: Slowking|24\/100\n|cant|p1a: Slowking|flinch\n|\n|upkeep\n|turn|15\n|\n|t:|1699649610\n|switch|p1a: Gliscor|Gliscor, M|37\/100 tox\n|move|p2a: BakeAWake|Dark Pulse|p1a: Gliscor\n|-damage|p1a: Gliscor|0 fnt\n|faint|p1a: Gliscor\n|\n|-fieldend|move: Electric Terrain\n|-end|p2a: BakeAWake|Quark Drive\n|upkeep\n|\n|t:|1699649611\n|switch|p1a: Magnezone|Magnezone, shiny|100\/100\n|turn|16\n|\n|t:|1699649621\n|-terastallize|p1a: Magnezone|Electric\n|move|p1a: Magnezone|Thunderbolt|p2a: BakeAWake\n|-supereffective|p2a: BakeAWake\n|-damage|p2a: BakeAWake|0 fnt\n|faint|p2a: BakeAWake\n|-end|p2a: BakeAWake|Quark Drive|[silent]\n|\n|upkeep\n|\n|t:|1699649630\n|switch|p2a: DntBugMe|Iron Moth|100\/100\n|turn|17\n|\n|t:|1699649634\n|move|p1a: Magnezone|Thunderbolt|p2a: DntBugMe\n|-crit|p2a: DntBugMe\n|-damage|p2a: DntBugMe|10\/100\n|move|p2a: DntBugMe|Fiery Dance|p1a: Magnezone\n|-damage|p1a: Magnezone|47\/100\n|\n|upkeep\n|turn|18\n|\n|t:|1699649645\n|move|p1a: Magnezone|Thunderbolt|p2a: DntBugMe\n|-crit|p2a: DntBugMe\n|-damage|p2a: DntBugMe|0 fnt\n|faint|p2a: DntBugMe\n|-end|p2a: DntBugMe|Quark Drive|[silent]\n|\n|upkeep\n|\n|t:|1699649651\n|switch|p2a: Donbozo|Dondozo, M, shiny|100\/100\n|turn|19\n|\n|t:|1699649655\n|-terastallize|p2a: Donbozo|Grass\n|move|p1a: Magnezone|Thunderbolt|p2a: Donbozo\n|-resisted|p2a: Donbozo\n|-damage|p2a: Donbozo|77\/100\n|move|p2a: Donbozo|Curse|p2a: Donbozo\n|-unboost|p2a: Donbozo|spe|1\n|-boost|p2a: Donbozo|atk|1\n|-boost|p2a: Donbozo|def|1\n|\n|-heal|p2a: Donbozo|83\/100|[from] item: Leftovers\n|upkeep\n|turn|20\n|c|\u2606nidokingphysical3|gg\n|\n|t:|1699649664\n|switch|p1a: Pinsir|Pinsir, M, shiny|100\/100\n|move|p2a: Donbozo|Curse|p2a: Donbozo\n|-unboost|p2a: Donbozo|spe|1\n|-boost|p2a: Donbozo|atk|1\n|-boost|p2a: Donbozo|def|1\n|\n|-heal|p2a: Donbozo|90\/100|[from] item: Leftovers\n|upkeep\n|turn|21\n|\n|t:|1699649677\n|detailschange|p1a: Pinsir|Pinsir-Mega, M, shiny\n|-mega|p1a: Pinsir|Pinsir|Pinsirite\n|move|p1a: Pinsir|Frustration|p2a: Donbozo\n|-supereffective|p2a: Donbozo\n|-damage|p2a: Donbozo|52\/100\n|move|p2a: Donbozo|Curse|p2a: Donbozo\n|-unboost|p2a: Donbozo|spe|1\n|-boost|p2a: Donbozo|atk|1\n|-boost|p2a: Donbozo|def|1\n|\n|-heal|p2a: Donbozo|59\/100|[from] item: Leftovers\n|upkeep\n|turn|22\n|\n|t:|1699649684\n|move|p1a: Pinsir|Frustration|p2a: Donbozo\n|-supereffective|p2a: Donbozo\n|-damage|p2a: Donbozo|24\/100\n|move|p2a: Donbozo|Rest|p2a: Donbozo\n|-status|p2a: Donbozo|slp|[from] move: Rest\n|-heal|p2a: Donbozo|100\/100 slp|[silent]\n|\n|upkeep\n|turn|23\n|\n|t:|1699649689\n|move|p1a: Pinsir|Frustration|p2a: Donbozo\n|-supereffective|p2a: Donbozo\n|-damage|p2a: Donbozo|66\/100 slp\n|cant|p2a: Donbozo|slp\n|move|p2a: Donbozo|Sleep Talk|p2a: Donbozo\n|move|p2a: Donbozo|Body Press|p1a: Pinsir|[from]move: Sleep Talk\n|-resisted|p1a: Pinsir\n|-damage|p1a: Pinsir|84\/100\n|\n|-heal|p2a: Donbozo|73\/100 slp|[from] item: Leftovers\n|upkeep\n|turn|24\n|\n|t:|1699649704\n|move|p1a: Pinsir|Frustration|p2a: Donbozo\n|-supereffective|p2a: Donbozo\n|-damage|p2a: Donbozo|41\/100 slp\n|cant|p2a: Donbozo|slp\n|move|p2a: Donbozo|Sleep Talk|p2a: Donbozo\n|move|p2a: Donbozo|Curse|p2a: Donbozo|[from]move: Sleep Talk\n|-unboost|p2a: Donbozo|spe|1\n|-boost|p2a: Donbozo|atk|1\n|-boost|p2a: Donbozo|def|1\n|\n|-heal|p2a: Donbozo|47\/100 slp|[from] item: Leftovers\n|upkeep\n|turn|25\n|\n|t:|1699649708\n|move|p1a: Pinsir|Frustration|p2a: Donbozo\n|-supereffective|p2a: Donbozo\n|-damage|p2a: Donbozo|20\/100 slp\n|-curestatus|p2a: Donbozo|slp|[msg]\n|move|p2a: Donbozo|Rest|p2a: Donbozo\n|-status|p2a: Donbozo|slp|[from] move: Rest\n|-heal|p2a: Donbozo|100\/100 slp|[silent]\n|\n|upkeep\n|turn|26\n|\n|t:|1699649711\n|move|p1a: Pinsir|Frustration|p2a: Donbozo\n|-supereffective|p2a: Donbozo\n|-damage|p2a: Donbozo|71\/100 slp\n|cant|p2a: Donbozo|slp\n|move|p2a: Donbozo|Sleep Talk|p2a: Donbozo\n|move|p2a: Donbozo|Curse|p2a: Donbozo|[from]move: Sleep Talk\n|-unboost|p2a: Donbozo|spe|1\n|-boost|p2a: Donbozo|atk|1\n|-boost|p2a: Donbozo|def|1\n|\n|-heal|p2a: Donbozo|78\/100 slp|[from] item: Leftovers\n|upkeep\n|turn|27\n|\n|t:|1699649714\n|move|p1a: Pinsir|Frustration|p2a: Donbozo\n|-supereffective|p2a: Donbozo\n|-damage|p2a: Donbozo|53\/100 slp\n|cant|p2a: Donbozo|slp\n|move|p2a: Donbozo|Sleep Talk|p2a: Donbozo\n|move|p2a: Donbozo|Rest||[from]move: Sleep Talk|[still]\n|-fail|p2a: Donbozo\n|\n|-heal|p2a: Donbozo|59\/100 slp|[from] item: Leftovers\n|upkeep\n|turn|28\n|\n|t:|1699649724\n|move|p1a: Pinsir|Frustration|p2a: Donbozo\n|-supereffective|p2a: Donbozo\n|-damage|p2a: Donbozo|37\/100 slp\n|-curestatus|p2a: Donbozo|slp|[msg]\n|move|p2a: Donbozo|Rest|p2a: Donbozo\n|-status|p2a: Donbozo|slp|[from] move: Rest\n|-heal|p2a: Donbozo|100\/100 slp|[silent]\n|\n|upkeep\n|turn|29\n|c|\u2606nidokingphysical3|no cries is insane\n|\n|t:|1699649730\n|move|p1a: Pinsir|Frustration|p2a: Donbozo\n|-supereffective|p2a: Donbozo\n|-damage|p2a: Donbozo|78\/100 slp\n|cant|p2a: Donbozo|slp\n|move|p2a: Donbozo|Sleep Talk|p2a: Donbozo\n|move|p2a: Donbozo|Body Press|p1a: Pinsir|[from]move: Sleep Talk\n|-resisted|p1a: Pinsir\n|-damage|p1a: Pinsir|59\/100\n|\n|-heal|p2a: Donbozo|84\/100 slp|[from] item: Leftovers\n|upkeep\n|turn|30\n|c|\u2606nidokingphysical3|one critic surely\n|\n|t:|1699649740\n|move|p1a: Pinsir|Frustration|p2a: Donbozo\n|-supereffective|p2a: Donbozo\n|-damage|p2a: Donbozo|61\/100 slp\n|cant|p2a: Donbozo|slp\n|move|p2a: Donbozo|Sleep Talk|p2a: Donbozo\n|move|p2a: Donbozo|Rest||[from]move: Sleep Talk|[still]\n|-fail|p2a: Donbozo\n|\n|-heal|p2a: Donbozo|67\/100 slp|[from] item: Leftovers\n|upkeep\n|turn|31\n|\n|t:|1699649749\n|move|p1a: Pinsir|Frustration|p2a: Donbozo\n|-supereffective|p2a: Donbozo\n|-damage|p2a: Donbozo|44\/100 slp\n|-curestatus|p2a: Donbozo|slp|[msg]\n|move|p2a: Donbozo|Rest|p2a: Donbozo\n|-status|p2a: Donbozo|slp|[from] move: Rest\n|-heal|p2a: Donbozo|100\/100 slp|[silent]\n|\n|upkeep\n|turn|32\n|\n|t:|1699649758\n|move|p1a: Pinsir|Frustration|p2a: Donbozo\n|-supereffective|p2a: Donbozo\n|-damage|p2a: Donbozo|76\/100 slp\n|cant|p2a: Donbozo|slp\n|move|p2a: Donbozo|Sleep Talk|p2a: Donbozo\n|move|p2a: Donbozo|Body Press|p1a: Pinsir|[from]move: Sleep Talk\n|-resisted|p1a: Pinsir\n|-damage|p1a: Pinsir|36\/100\n|\n|-heal|p2a: Donbozo|82\/100 slp|[from] item: Leftovers\n|upkeep\n|turn|33\n|\n|t:|1699649778\n|move|p1a: Pinsir|Frustration|p2a: Donbozo\n|-supereffective|p2a: Donbozo\n|-damage|p2a: Donbozo|57\/100 slp\n|cant|p2a: Donbozo|slp\n|move|p2a: Donbozo|Sleep Talk|p2a: Donbozo\n|move|p2a: Donbozo|Curse|p2a: Donbozo|[from]move: Sleep Talk\n|-unboost|p2a: Donbozo|spe|1\n|-boost|p2a: Donbozo|atk|1\n|-boost|p2a: Donbozo|def|1\n|\n|-heal|p2a: Donbozo|63\/100 slp|[from] item: Leftovers\n|upkeep\n|turn|34\n|\n|t:|1699649792\n|move|p1a: Pinsir|Frustration|p2a: Donbozo\n|-supereffective|p2a: Donbozo\n|-damage|p2a: Donbozo|43\/100 slp\n|-curestatus|p2a: Donbozo|slp|[msg]\n|move|p2a: Donbozo|Rest|p2a: Donbozo\n|-status|p2a: Donbozo|slp|[from] move: Rest\n|-heal|p2a: Donbozo|100\/100 slp|[silent]\n|\n|upkeep\n|turn|35\n|\n|t:|1699649797\n|move|p1a: Pinsir|Frustration|p2a: Donbozo\n|-supereffective|p2a: Donbozo\n|-damage|p2a: Donbozo|80\/100 slp\n|cant|p2a: Donbozo|slp\n|move|p2a: Donbozo|Sleep Talk|p2a: Donbozo\n|move|p2a: Donbozo|Rest||[from]move: Sleep Talk|[still]\n|-fail|p2a: Donbozo\n|\n|-heal|p2a: Donbozo|86\/100 slp|[from] item: Leftovers\n|upkeep\n|turn|36\n|c|\u2606nidokingphysical3|wtf is going on\n|\n|t:|1699649805\n|move|p1a: Pinsir|Frustration|p2a: Donbozo\n|-supereffective|p2a: Donbozo\n|-damage|p2a: Donbozo|65\/100 slp\n|cant|p2a: Donbozo|slp\n|move|p2a: Donbozo|Sleep Talk|p2a: Donbozo\n|move|p2a: Donbozo|Rest||[from]move: Sleep Talk|[still]\n|-fail|p2a: Donbozo\n|\n|-heal|p2a: Donbozo|71\/100 slp|[from] item: Leftovers\n|upkeep\n|turn|37\n|\n|t:|1699649811\n|move|p1a: Pinsir|Frustration|p2a: Donbozo\n|-supereffective|p2a: Donbozo\n|-damage|p2a: Donbozo|52\/100 slp\n|-curestatus|p2a: Donbozo|slp|[msg]\n|move|p2a: Donbozo|Body Press|p1a: Pinsir\n|-resisted|p1a: Pinsir\n|-damage|p1a: Pinsir|9\/100\n|\n|-heal|p2a: Donbozo|58\/100|[from] item: Leftovers\n|upkeep\n|turn|38\n|\n|t:|1699649817\n|move|p1a: Pinsir|Frustration|p2a: Donbozo\n|-supereffective|p2a: Donbozo\n|-damage|p2a: Donbozo|38\/100\n|move|p2a: Donbozo|Rest|p2a: Donbozo\n|-status|p2a: Donbozo|slp|[from] move: Rest\n|-heal|p2a: Donbozo|100\/100 slp|[silent]\n|\n|upkeep\n|turn|39\n|\n|t:|1699649832\n|move|p1a: Pinsir|Frustration|p2a: Donbozo\n|-supereffective|p2a: Donbozo\n|-damage|p2a: Donbozo|81\/100 slp\n|cant|p2a: Donbozo|slp\n|move|p2a: Donbozo|Sleep Talk|p2a: Donbozo\n|move|p2a: Donbozo|Body Press|p1a: Pinsir|[from]move: Sleep Talk\n|-resisted|p1a: Pinsir\n|-damage|p1a: Pinsir|0 fnt\n|faint|p1a: Pinsir\n|\n|-heal|p2a: Donbozo|87\/100 slp|[from] item: Leftovers\n|upkeep\n|c|\u2606nidokingphysical3|wtf\n|\n|t:|1699649843\n|switch|p1a: Keldeo|Keldeo-Resolute|62\/100\n|turn|40\n|\n|t:|1699649870\n|move|p1a: Keldeo|Hidden Power|p2a: Donbozo\n|-supereffective|p2a: Donbozo\n|-damage|p2a: Donbozo|52\/100 slp\n|cant|p2a: Donbozo|slp\n|move|p2a: Donbozo|Sleep Talk|p2a: Donbozo\n|move|p2a: Donbozo|Rest||[from]move: Sleep Talk|[still]\n|-fail|p2a: Donbozo\n|\n|-heal|p2a: Donbozo|58\/100 slp|[from] item: Leftovers\n|upkeep\n|turn|41\n|\n|t:|1699649876\n|move|p1a: Keldeo|Hidden Power|p2a: Donbozo\n|-supereffective|p2a: Donbozo\n|-damage|p2a: Donbozo|25\/100 slp\n|-curestatus|p2a: Donbozo|slp|[msg]\n|move|p2a: Donbozo|Body Press|p1a: Keldeo\n|-damage|p1a: Keldeo|0 fnt\n|faint|p1a: Keldeo\n|\n|-heal|p2a: Donbozo|31\/100|[from] item: Leftovers\n|upkeep\n|\n|t:|1699649878\n|switch|p1a: Magnezone|Magnezone, shiny, tera:Electric|47\/100\n|turn|42\n|\n|t:|1699649885\n|move|p1a: Magnezone|Flash Cannon|p2a: Donbozo\n|-damage|p2a: Donbozo|0 fnt\n|faint|p2a: Donbozo\n|\n|win|nidokingphysical3\n|raw|nidokingphysical3's rating: 1304 &rarr; <strong>1324<\/strong><br \/>(+20 for winning)\n|raw|DoloMsolo's rating: 1310 &rarr; <strong>1290<\/strong><br \/>(-20 for losing)\n|c|\u2606nidokingphysical3|than\n","uploadtime":1699649890,"views":7,"p1id":"nidokingphysical3","p2id":"dolomsolo","formatid":"gen9nationaldex","rating":1290,"private":0,"password":""}