{"id":"gen9nationaldex-2000378569","p1":"BrrFrostbyte","p2":"SwallowButterfly","format":"[Gen 9] National Dex","log":"|html|<div class=\"broadcast-blue\"><strong>[Gen 9] National Dex is currently suspecting Sneasler! For information on how to participate check out the <a href=\"https:\/\/www.smogon.com\/forums\/threads\/sv-national-dex-suspect-8-just-dance.3731534\/\">suspect thread<\/a>.<\/strong><\/div>\n|j|\u2606BrrFrostbyte\n|j|\u2606SwallowButterfly\n|t:|1701189805\n|gametype|singles\n|player|p1|BrrFrostbyte|richboy-gen4|1118\n|player|p2|SwallowButterfly|bugsy|1028\n|teamsize|p1|6\n|teamsize|p2|6\n|gen|9\n|tier|[Gen 9] National Dex\n|rated|\n|rule|HP Percentage Mod: HP is shown in percentages\n|rule|Endless Battle Clause: Forcing endless battles is banned\n|rule|OHKO Clause: OHKO moves are banned\n|rule|Evasion Clause: Evasion abilities, items, and moves are banned\n|rule|Evasion Abilities Clause: Evasion abilities are banned\n|rule|Evasion Items Clause: Evasion items are banned\n|rule|Evasion Moves Clause: Evasion moves are banned\n|rule|Species Clause: Limit one of each Pok\u00e9mon\n|rule|Sleep Clause Mod: Limit one foe put to sleep\n|clearpoke\n|poke|p1|Swampert, M|\n|poke|p1|Mightyena, M|\n|poke|p1|Gardevoir, F|\n|poke|p1|Manectric, M|\n|poke|p1|Cradily, M|\n|poke|p1|Walrein, M|\n|poke|p2|Centiskorch, F|\n|poke|p2|Rabsca, F|\n|poke|p2|Volcarona, M|\n|poke|p2|Araquanid, F|\n|poke|p2|Vivillon-Marine, F|\n|poke|p2|Beedrill, M|\n|teampreview\n|c|\u2606SwallowButterfly|gl!\n|\n|t:|1701189826\n|start\n|switch|p1a: Mightyena|Mightyena, M|100\/100\n|switch|p2a: Rabsca|Rabsca, F|100\/100\n|-ability|p1a: Mightyena|Intimidate|boost\n|-unboost|p2a: Rabsca|atk|1\n|turn|1\n|\n|t:|1701189837\n|switch|p2a: Vivillon|Vivillon-Marine, F|100\/100\n|move|p1a: Mightyena|Crunch|p2a: Vivillon\n|-damage|p2a: Vivillon|39\/100\n|-unboost|p2a: Vivillon|def|1\n|\n|-heal|p2a: Vivillon|45\/100|[from] item: Leftovers\n|upkeep\n|turn|2\n|\n|t:|1701189847\n|move|p2a: Vivillon|Sleep Powder|p1a: Mightyena\n|-status|p1a: Mightyena|slp|[from] move: Sleep Powder\n|cant|p1a: Mightyena|slp\n|\n|-heal|p2a: Vivillon|51\/100|[from] item: Leftovers\n|upkeep\n|turn|3\n|\n|t:|1701189862\n|move|p2a: Vivillon|Quiver Dance|p2a: Vivillon\n|-boost|p2a: Vivillon|spa|1\n|-boost|p2a: Vivillon|spd|1\n|-boost|p2a: Vivillon|spe|1\n|cant|p1a: Mightyena|slp\n|\n|-heal|p2a: Vivillon|57\/100|[from] item: Leftovers\n|upkeep\n|turn|4\n|\n|t:|1701189874\n|move|p2a: Vivillon|Bug Buzz|p1a: Mightyena\n|-supereffective|p1a: Mightyena\n|-damage|p1a: Mightyena|0 fnt\n|faint|p1a: Mightyena\n|\n|-heal|p2a: Vivillon|63\/100|[from] item: Leftovers\n|upkeep\n|\n|t:|1701189879\n|switch|p1a: Manectric|Manectric, M|100\/100\n|turn|5\n|\n|t:|1701189886\n|move|p2a: Vivillon|Sleep Powder|p1a: Manectric\n|-status|p1a: Manectric|slp|[from] move: Sleep Powder\n|cant|p1a: Manectric|slp\n|\n|-heal|p2a: Vivillon|69\/100|[from] item: Leftovers\n|upkeep\n|turn|6\n|\n|t:|1701189894\n|move|p2a: Vivillon|Bug Buzz|p1a: Manectric\n|-damage|p1a: Manectric|0 fnt\n|faint|p1a: Manectric\n|\n|-heal|p2a: Vivillon|75\/100|[from] item: Leftovers\n|upkeep\n|\n|t:|1701189898\n|switch|p1a: Swampert|Swampert, M|100\/100\n|turn|7\n|\n|t:|1701189904\n|move|p2a: Vivillon|Sleep Powder|p1a: Swampert\n|-status|p1a: Swampert|slp|[from] move: Sleep Powder\n|cant|p1a: Swampert|slp\n|\n|-heal|p2a: Vivillon|81\/100|[from] item: Leftovers\n|upkeep\n|turn|8\n|\n|t:|1701189913\n|move|p2a: Vivillon|Hurricane|p1a: Swampert\n|-damage|p1a: Swampert|31\/100 slp\n|-start|p1a: Swampert|confusion\n|-curestatus|p1a: Swampert|slp|[msg]\n|-activate|p1a: Swampert|confusion\n|move|p1a: Swampert|Ice Beam|p2a: Vivillon\n|-supereffective|p2a: Vivillon\n|-damage|p2a: Vivillon|36\/100\n|\n|-heal|p2a: Vivillon|42\/100|[from] item: Leftovers\n|upkeep\n|turn|9\n|\n|t:|1701189925\n|move|p2a: Vivillon|Bug Buzz|p1a: Swampert\n|-damage|p1a: Swampert|0 fnt\n|faint|p1a: Swampert\n|\n|-heal|p2a: Vivillon|48\/100|[from] item: Leftovers\n|upkeep\n|\n|t:|1701189927\n|switch|p1a: Walrein|Walrein, M|100\/100\n|turn|10\n|\n|t:|1701189934\n|move|p2a: Vivillon|Sleep Powder|p1a: Walrein\n|-status|p1a: Walrein|slp|[from] move: Sleep Powder\n|cant|p1a: Walrein|slp\n|\n|-heal|p2a: Vivillon|54\/100|[from] item: Leftovers\n|upkeep\n|turn|11\n|\n|t:|1701189944\n|move|p2a: Vivillon|Hurricane|p1a: Walrein\n|-damage|p1a: Walrein|39\/100 slp\n|cant|p1a: Walrein|slp\n|\n|-heal|p2a: Vivillon|60\/100|[from] item: Leftovers\n|upkeep\n|turn|12\n|\n|t:|1701189956\n|move|p2a: Vivillon|Hurricane|p1a: Walrein|[miss]\n|-miss|p2a: Vivillon|p1a: Walrein\n|cant|p1a: Walrein|slp\n|\n|-heal|p2a: Vivillon|66\/100|[from] item: Leftovers\n|upkeep\n|turn|13\n|\n|t:|1701189964\n|move|p2a: Vivillon|Hurricane|p1a: Walrein\n|-damage|p1a: Walrein|0 fnt\n|faint|p1a: Walrein\n|\n|-heal|p2a: Vivillon|72\/100|[from] item: Leftovers\n|upkeep\n|\n|t:|1701189967\n|switch|p1a: Gardevoir|Gardevoir, F|100\/100\n|turn|14\n|\n|t:|1701189975\n|detailschange|p1a: Gardevoir|Gardevoir-Mega, F\n|-mega|p1a: Gardevoir|Gardevoir|Gardevoirite\n|move|p2a: Vivillon|Sleep Powder|p1a: Gardevoir\n|-status|p1a: Gardevoir|slp|[from] move: Sleep Powder\n|cant|p1a: Gardevoir|slp\n|\n|-heal|p2a: Vivillon|78\/100|[from] item: Leftovers\n|upkeep\n|turn|15\n|\n|t:|1701189985\n|move|p2a: Vivillon|Bug Buzz|p1a: Gardevoir\n|-damage|p1a: Gardevoir|40\/100 slp\n|-curestatus|p1a: Gardevoir|slp|[msg]\n|move|p1a: Gardevoir|Psychic|p2a: Vivillon\n|-damage|p2a: Vivillon|6\/100\n|\n|-heal|p2a: Vivillon|12\/100|[from] item: Leftovers\n|upkeep\n|turn|16\n|\n|t:|1701189994\n|move|p2a: Vivillon|Bug Buzz|p1a: Gardevoir\n|-damage|p1a: Gardevoir|0 fnt\n|faint|p1a: Gardevoir\n|\n|-heal|p2a: Vivillon|18\/100|[from] item: Leftovers\n|upkeep\n|\n|t:|1701189997\n|switch|p1a: Cradily|Cradily, M|100\/100\n|turn|17\n|\n|t:|1701190005\n|move|p2a: Vivillon|Sleep Powder|p1a: Cradily\n|-immune|p1a: Cradily\n|move|p1a: Cradily|Ancient Power|p2a: Vivillon\n|-supereffective|p2a: Vivillon\n|-damage|p2a: Vivillon|0 fnt\n|faint|p2a: Vivillon\n|\n|upkeep\n|\n|t:|1701190013\n|switch|p2a: Araquanid|Araquanid, F|100\/100\n|turn|18\n|\n|t:|1701190026\n|-terastallize|p2a: Araquanid|Water\n|move|p2a: Araquanid|Scald|p1a: Cradily\n|-ability|p1a: Cradily|Storm Drain|boost\n|-boost|p1a: Cradily|spa|1\n|move|p1a: Cradily|Ancient Power|p2a: Araquanid\n|-damage|p2a: Araquanid|72\/100\n|\n|-heal|p2a: Araquanid|78\/100|[from] item: Leftovers\n|upkeep\n|turn|19\n|\n|t:|1701190037\n|move|p2a: Araquanid|Infestation|p1a: Cradily\n|-supereffective|p1a: Cradily\n|-damage|p1a: Cradily|90\/100\n|-activate|p1a: Cradily|move: Infestation|[of] p2a: Araquanid\n|move|p1a: Cradily|Energy Ball|p2a: Araquanid\n|-supereffective|p2a: Araquanid\n|-damage|p2a: Araquanid|0 fnt\n|faint|p2a: Araquanid\n|\n|-end|p1a: Cradily|Infestation|[partiallytrapped]|[silent]\n|upkeep\n|\n|t:|1701190053\n|switch|p2a: Centiskorch|Centiskorch, F|100\/100\n|turn|20\n|\n|t:|1701190059\n|move|p2a: Centiskorch|Fire Lash|p1a: Cradily\n|-damage|p1a: Cradily|50\/100\n|-unboost|p1a: Cradily|def|1\n|move|p1a: Cradily|Ancient Power|p2a: Centiskorch\n|-supereffective|p2a: Centiskorch\n|-damage|p2a: Centiskorch|0 fnt\n|faint|p2a: Centiskorch\n|\n|upkeep\n|\n|t:|1701190068\n|switch|p2a: Volcarona|Volcarona, M|100\/100\n|turn|21\n|\n|t:|1701190074\n|move|p2a: Volcarona|Giga Drain|p1a: Cradily\n|-damage|p1a: Cradily|25\/100\n|move|p1a: Cradily|Ancient Power|p2a: Volcarona\n|-supereffective|p2a: Volcarona\n|-damage|p2a: Volcarona|0 fnt\n|faint|p2a: Volcarona\n|\n|upkeep\n|\n|t:|1701190082\n|switch|p2a: Beedrill|Beedrill, M|100\/100\n|turn|22\n|\n|t:|1701190086\n|detailschange|p2a: Beedrill|Beedrill-Mega, M\n|-mega|p2a: Beedrill|Beedrill|Beedrillite\n|-terastallize|p1a: Cradily|Rock\n|move|p2a: Beedrill|Drill Run|p1a: Cradily\n|-supereffective|p1a: Cradily\n|-damage|p1a: Cradily|0 fnt\n|faint|p1a: Cradily\n|\n|win|SwallowButterfly\n|raw|BrrFrostbyte's rating: 1118 &rarr; <strong>1087<\/strong><br \/>(-31 for losing)\n|raw|SwallowButterfly's rating: 1028 &rarr; <strong>1073<\/strong><br \/>(+45 for winning)\n|l|\u2606BrrFrostbyte\n|l|\u2606SwallowButterfly\n|j|\u2606SwallowButterfly\n|player|p2|SwallowButterfly|bugsy\n","uploadtime":1701190411,"views":1,"p1id":"brrfrostbyte","p2id":"swallowbutterfly","formatid":"gen9nationaldex","rating":1073,"private":0,"password":""}