{"id":"gen9nationaldex-1988672557","p1":"45635789qaz","p2":"leon lp","format":"[Gen 9] National Dex","log":"|j|\u260645635789qaz\n|j|\u2606leon lp\n|t:|1699748888\n|gametype|singles\n|player|p1|45635789qaz|steven|1250\n|player|p2|leon lp|2|1206\n|teamsize|p1|6\n|teamsize|p2|6\n|gen|9\n|tier|[Gen 9] National Dex\n|rated|\n|rule|HP Percentage Mod: HP is shown in percentages\n|rule|Endless Battle Clause: Forcing endless battles is banned\n|rule|OHKO Clause: OHKO moves are banned\n|rule|Evasion Clause: Evasion abilities, items, and moves are banned\n|rule|Evasion Abilities Clause: Evasion abilities are banned\n|rule|Evasion Items Clause: Evasion items are banned\n|rule|Evasion Moves Clause: Evasion moves are banned\n|rule|Species Clause: Limit one of each Pok\u00e9mon\n|rule|Sleep Clause Mod: Limit one foe put to sleep\n|clearpoke\n|poke|p1|Victini|\n|poke|p1|Mimikyu, F|\n|poke|p1|Banette, M|\n|poke|p1|Pawmot, F|\n|poke|p1|Landorus-Therian, M|\n|poke|p1|Amoonguss, F|\n|poke|p2|Urshifu-*, M|\n|poke|p2|Goodra-Hisui, M|\n|poke|p2|Charizard, F|\n|poke|p2|Hoopa-Unbound|\n|poke|p2|Hitmonlee, M|\n|poke|p2|Gourgeist-*, F|\n|teampreview\n|inactive|Battle timer is ON: inactive players will automatically lose when time's up. (requested by 45635789qaz)\n|\n|t:|1699748903\n|start\n|switch|p1a: \u767d\u65e0\u5e38|Victini|100\/100\n|switch|p2a: Hitmonlee|Hitmonlee, M|100\/100\n|turn|1\n|\n|t:|1699748909\n|move|p2a: Hitmonlee|Fake Out|p1a: \u767d\u65e0\u5e38\n|-enditem|p2a: Hitmonlee|Normal Gem|[from] gem\n|-damage|p1a: \u767d\u65e0\u5e38|87\/100\n|cant|p1a: \u767d\u65e0\u5e38|flinch\n|\n|upkeep\n|turn|2\n|\n|t:|1699748914\n|move|p2a: Hitmonlee|Knock Off|p1a: \u767d\u65e0\u5e38\n|-supereffective|p1a: \u767d\u65e0\u5e38\n|-damage|p1a: \u767d\u65e0\u5e38|30\/100\n|-enditem|p1a: \u767d\u65e0\u5e38|Choice Scarf|[from] move: Knock Off|[of] p2a: Hitmonlee\n|move|p1a: \u767d\u65e0\u5e38|Final Gambit|p2a: Hitmonlee\n|-damage|p2a: Hitmonlee|51\/100\n|faint|p1a: \u767d\u65e0\u5e38\n|\n|upkeep\n|\n|t:|1699748924\n|switch|p1a: Landorus|Landorus-Therian, M|100\/100\n|-ability|p1a: Landorus|Intimidate|boost\n|-unboost|p2a: Hitmonlee|atk|1\n|turn|3\n|\n|t:|1699748932\n|switch|p2a: chalenger 123|Charizard, F|100\/100\n|move|p1a: Landorus|U-turn|p2a: chalenger 123\n|-resisted|p2a: chalenger 123\n|-damage|p2a: chalenger 123|90\/100\n|\n|t:|1699748938\n|switch|p1a: \u9ed1\u65e0\u5e38|Banette, M|100\/100|[from] U-turn\n|-item|p2a: chalenger 123|Charizardite Y|[from] ability: Frisk|[of] p1a: \u9ed1\u65e0\u5e38|[identify]\n|\n|upkeep\n|turn|4\n|\n|t:|1699748944\n|switch|p2a: Urshifu|Urshifu-Rapid-Strike, M|100\/100\n|detailschange|p1a: \u9ed1\u65e0\u5e38|Banette-Mega, M\n|-mega|p1a: \u9ed1\u65e0\u5e38|Banette|Banettite\n|move|p1a: \u9ed1\u65e0\u5e38|Destiny Bond|p1a: \u9ed1\u65e0\u5e38\n|-singlemove|p1a: \u9ed1\u65e0\u5e38|Destiny Bond\n|\n|upkeep\n|turn|5\n|\n|t:|1699748954\n|switch|p2a: chalenger 123|Charizard, F|90\/100\n|move|p1a: \u9ed1\u65e0\u5e38|Poltergeist|p2a: chalenger 123\n|-activate|p2a: chalenger 123|move: Poltergeist|Charizardite Y\n|-damage|p2a: chalenger 123|0 fnt\n|faint|p2a: chalenger 123\n|\n|upkeep\n|\n|t:|1699748962\n|switch|p2a: Urshifu|Urshifu-Rapid-Strike, M|100\/100\n|turn|6\n|\n|t:|1699748967\n|switch|p2a: Hoopa|Hoopa-Unbound|100\/100\n|move|p1a: \u9ed1\u65e0\u5e38|Destiny Bond|p1a: \u9ed1\u65e0\u5e38\n|-singlemove|p1a: \u9ed1\u65e0\u5e38|Destiny Bond\n|\n|upkeep\n|turn|7\n|\n|t:|1699748974\n|switch|p2a: Urshifu|Urshifu-Rapid-Strike, M|100\/100\n|move|p1a: \u9ed1\u65e0\u5e38|Poltergeist|p2a: Urshifu\n|-activate|p2a: Urshifu|move: Poltergeist|Choice Band\n|-damage|p2a: Urshifu|22\/100\n|\n|upkeep\n|turn|8\n|\n|t:|1699748981\n|move|p1a: \u9ed1\u65e0\u5e38|Destiny Bond|p1a: \u9ed1\u65e0\u5e38\n|-singlemove|p1a: \u9ed1\u65e0\u5e38|Destiny Bond\n|move|p2a: Urshifu|Surging Strikes|p1a: \u9ed1\u65e0\u5e38\n|-crit|p1a: \u9ed1\u65e0\u5e38\n|-damage|p1a: \u9ed1\u65e0\u5e38|56\/100\n|-crit|p1a: \u9ed1\u65e0\u5e38\n|-damage|p1a: \u9ed1\u65e0\u5e38|9\/100\n|-crit|p1a: \u9ed1\u65e0\u5e38\n|-damage|p1a: \u9ed1\u65e0\u5e38|0 fnt\n|faint|p1a: \u9ed1\u65e0\u5e38\n|-activate|p1a: \u9ed1\u65e0\u5e38|move: Destiny Bond\n|faint|p2a: Urshifu\n|-hitcount|p1: \u9ed1\u65e0\u5e38|3\n|\n|upkeep\n|c|\u2606leon lp|cringe\n|\n|t:|1699748997\n|switch|p2a: Hitmonlee|Hitmonlee, M|51\/100\n|switch|p1a: Amoonguss|Amoonguss, F|100\/100\n|turn|9\n|\n|t:|1699749003\n|move|p2a: Hitmonlee|Fake Out|p1a: Amoonguss\n|-damage|p1a: Amoonguss|90\/100\n|-damage|p2a: Hitmonlee|35\/100|[from] item: Rocky Helmet|[of] p1a: Amoonguss\n|cant|p1a: Amoonguss|flinch\n|\n|upkeep\n|turn|10\n|\n|t:|1699749010\n|switch|p2a: Candy|Gourgeist-Small, F|100\/100\n|-item|p1a: Amoonguss|Rocky Helmet|[from] ability: Frisk|[of] p2a: Candy|[identify]\n|move|p1a: Amoonguss|Spore|p2a: Candy\n|-immune|p2a: Candy\n|\n|upkeep\n|turn|11\n|\n|t:|1699749021\n|-zpower|p2a: Candy\n|move|p2a: Candy|Z-Trick-or-Treat|p1a: Amoonguss|[anim]Trick-or-Treat\n|-boost|p2a: Candy|atk|1|[zeffect]\n|-boost|p2a: Candy|def|1|[zeffect]\n|-boost|p2a: Candy|spa|1|[zeffect]\n|-boost|p2a: Candy|spd|1|[zeffect]\n|-boost|p2a: Candy|spe|1|[zeffect]\n|-start|p1a: Amoonguss|typeadd|Ghost|[from] move: Trick-or-Treat\n|move|p1a: Amoonguss|Toxic|p2a: Candy\n|-status|p2a: Candy|tox\n|\n|-damage|p2a: Candy|95\/100 tox|[from] psn\n|upkeep\n|turn|12\n|\n|t:|1699749040\n|switch|p1a: \u725b\u5934|Mimikyu, F|100\/100\n|move|p2a: Candy|Trick-or-Treat||[still]\n|-fail|p2a: Candy\n|\n|-damage|p2a: Candy|83\/100 tox|[from] psn\n|upkeep\n|turn|13\n|\n|t:|1699749047\n|move|p2a: Candy|Destiny Bond|p2a: Candy\n|-singlemove|p2a: Candy|Destiny Bond\n|move|p1a: \u725b\u5934|Infestation|p2a: Candy\n|-damage|p2a: Candy|80\/100 tox\n|-activate|p2a: Candy|move: Infestation|[of] p1a: \u725b\u5934\n|\n|-damage|p2a: Candy|62\/100 tox|[from] psn\n|-damage|p2a: Candy|50\/100 tox|[from] move: Infestation|[partiallytrapped]\n|upkeep\n|turn|14\n|\n|t:|1699749055\n|move|p2a: Candy|Poltergeist|p1a: \u725b\u5934\n|-activate|p1a: \u725b\u5934|move: Poltergeist|Custap Berry\n|-activate|p1a: \u725b\u5934|ability: Disguise\n|-damage|p1a: \u725b\u5934|100\/100\n|detailschange|p1a: \u725b\u5934|Mimikyu-Busted, F\n|-damage|p1a: \u725b\u5934|88\/100|[from] pokemon: Mimikyu-Busted\n|move|p1a: \u725b\u5934|Curse|p2a: Candy\n|-start|p2a: Candy|Curse|[of] p1a: \u725b\u5934\n|-damage|p1a: \u725b\u5934|38\/100\n|\n|-damage|p2a: Candy|26\/100 tox|[from] psn\n|-damage|p2a: Candy|1\/100 tox|[from] Curse\n|-damage|p2a: Candy|0 fnt|[from] move: Infestation|[partiallytrapped]\n|faint|p2a: Candy\n|upkeep\n|\n|t:|1699749072\n|switch|p2a: Hitmonlee|Hitmonlee, M|35\/100\n|turn|15\n|\n|t:|1699749083\n|move|p1a: \u725b\u5934|Endure|p1a: \u725b\u5934\n|-singleturn|p1a: \u725b\u5934|move: Endure\n|move|p2a: Hitmonlee|Earthquake|p1a: \u725b\u5934\n|-activate|p1a: \u725b\u5934|move: Endure\n|-damage|p1a: \u725b\u5934|1\/100\n|\n|upkeep\n|turn|16\n|-enditem|p1a: \u725b\u5934|Custap Berry|[eat]\n|-activate|p1a: \u725b\u5934|item: Custap Berry|[consumed]\n|\n|t:|1699749090\n|move|p1a: \u725b\u5934|Destiny Bond|p1a: \u725b\u5934\n|-singlemove|p1a: \u725b\u5934|Destiny Bond\n|move|p2a: Hitmonlee|Knock Off|p1a: \u725b\u5934\n|-damage|p1a: \u725b\u5934|0 fnt\n|faint|p1a: \u725b\u5934\n|-activate|p1a: \u725b\u5934|move: Destiny Bond\n|faint|p2a: Hitmonlee\n|\n|upkeep\n|c|\u2606leon lp|!dt custab berry\nNo Pok\u00e9mon, item, move, ability or nature named 'custab berry' was found. Showing the data of 'Custap Berry' instead.\n|raw|<ul class=\"utilichart\"><li class=\"result\"><span class=\"col itemiconcol\"><psicon item=\"custapberry\"><\/span> <span class=\"col namecol\"><a href=\"https:\/\/dex.pokemonshowdown.com\/items\/custapberry\">Custap Berry<\/a><\/span> <span class=\"col itemdesccol\">Holder moves first in its priority bracket when at 1\/4 max HP or less. Single use.<\/span> <\/li><li style=\"clear:both\"><\/li><\/ul>\n|raw|<font size=\"1\"><font color=\"#686868\">Gen:<\/font> 4&nbsp;|&ThickSpace;<font color=\"#686868\">Fling Base Power:<\/font> 10&nbsp;|&ThickSpace;<font color=\"#686868\">Fling Effect:<\/font> Activates the Berry's effect on the target.&nbsp;|&ThickSpace;<font color=\"#686868\">Natural Gift Type:<\/font> Ghost&nbsp;|&ThickSpace;<font color=\"#686868\">Natural Gift Base Power:<\/font> 100<\/font>\n\n|inactive|leon lp has 120 seconds left.\n|\n|t:|1699749124\n|switch|p1a: Pawmot|Pawmot, F|100\/100\n|switch|p2a: Goodra|Goodra-Hisui, M|100\/100\n|turn|17\n|\n|t:|1699749132\n|move|p1a: Pawmot|Revival Blessing|p1a: Pawmot\n|\n|t:|1699749135\n|-heal|p1: \u9ed1\u65e0\u5e38|50\/100|[from] move: Revival Blessing\n|move|p2a: Goodra|Draco Meteor|p1a: Pawmot|[miss]\n|-miss|p2a: Goodra|p1a: Pawmot\n|\n|upkeep\n|turn|18\n|c|\u2606leon lp|two revives :Skull:\n|\n|t:|1699749150\n|move|p1a: Pawmot|Nuzzle|p2a: Goodra\n|-resisted|p2a: Goodra\n|-damage|p2a: Goodra|97\/100\n|-status|p2a: Goodra|par\n|move|p2a: Goodra|Draco Meteor|p1a: Pawmot\n|-damage|p1a: Pawmot|21\/100\n|-unboost|p2a: Goodra|spa|2\n|\n|-heal|p2a: Goodra|100\/100 par|[from] item: Leftovers\n|upkeep\n|turn|19\n|\n|t:|1699749161\n|move|p1a: Pawmot|Wish|p1a: Pawmot\n|move|p2a: Goodra|Flash Cannon|p1a: Pawmot\n|-resisted|p1a: Pawmot\n|-damage|p1a: Pawmot|10\/100\n|\n|upkeep\n|turn|20\n|\n|t:|1699749175\n|move|p1a: Pawmot|Volt Switch|p2a: Goodra\n|-resisted|p2a: Goodra\n|-damage|p2a: Goodra|96\/100 par\n|\n|t:|1699749180\n|switch|p1a: Amoonguss|Amoonguss, F|100\/100|[from] Volt Switch\n|cant|p2a: Goodra|par\n|\n|-heal|p2a: Goodra|100\/100 par|[from] item: Leftovers\n|upkeep\n|turn|21\n|\n|t:|1699749191\n|switch|p1a: Pawmot|Pawmot, F|10\/100\n|move|p2a: Goodra|Flamethrower|p1a: Pawmot\n|-damage|p1a: Pawmot|0 fnt\n|faint|p1a: Pawmot\n|\n|upkeep\n|\n|t:|1699749201\n|switch|p1a: \u9ed1\u65e0\u5e38|Banette-Mega, M|50\/100\n|turn|22\n|\n|t:|1699749205\n|move|p1a: \u9ed1\u65e0\u5e38|Destiny Bond|p1a: \u9ed1\u65e0\u5e38\n|-singlemove|p1a: \u9ed1\u65e0\u5e38|Destiny Bond\n|move|p2a: Goodra|Draco Meteor|p1a: \u9ed1\u65e0\u5e38|[miss]\n|-miss|p2a: Goodra|p1a: \u9ed1\u65e0\u5e38\n|\n|upkeep\n|turn|23\n|\n|t:|1699749212\n|move|p1a: \u9ed1\u65e0\u5e38|Poltergeist|p2a: Goodra\n|-activate|p2a: Goodra|move: Poltergeist|Leftovers\n|-damage|p2a: Goodra|33\/100 par\n|cant|p2a: Goodra|par\n|\n|-heal|p2a: Goodra|39\/100 par|[from] item: Leftovers\n|upkeep\n|turn|24\n|\n|t:|1699749219\n|move|p1a: \u9ed1\u65e0\u5e38|Poltergeist|p2a: Goodra\n|-activate|p2a: Goodra|move: Poltergeist|Leftovers\n|-damage|p2a: Goodra|0 fnt\n|faint|p2a: Goodra\n|\n|upkeep\n|\n|t:|1699749225\n|switch|p2a: Hoopa|Hoopa-Unbound|100\/100\n|turn|25\n|\n|t:|1699749234\n|-terastallize|p2a: Hoopa|Psychic\n|move|p1a: \u9ed1\u65e0\u5e38|Destiny Bond|p1a: \u9ed1\u65e0\u5e38\n|-singlemove|p1a: \u9ed1\u65e0\u5e38|Destiny Bond\n|move|p2a: Hoopa|Zen Headbutt|p1a: \u9ed1\u65e0\u5e38\n|-damage|p1a: \u9ed1\u65e0\u5e38|0 fnt\n|faint|p1a: \u9ed1\u65e0\u5e38\n|-activate|p1a: \u9ed1\u65e0\u5e38|move: Destiny Bond\n|faint|p2a: Hoopa\n|\n|win|45635789qaz\n|raw|45635789qaz's rating: 1250 &rarr; <strong>1272<\/strong><br \/>(+22 for winning)\n|raw|leon lp's rating: 1206 &rarr; <strong>1184<\/strong><br \/>(-22 for losing)\n|l|\u260645635789qaz\n","uploadtime":1699749268,"views":5,"p1id":"45635789qaz","p2id":"leonlp","formatid":"gen9nationaldex","rating":1184,"private":0,"password":""}