{"id":"gen9nationaldex-1990960642","p1":"Kir1ku","p2":"mtyqjltz5","format":"[Gen 9] National Dex","log":"|j|\u2606Kir1ku\n|j|\u2606mtyqjltz5\n|t:|1700020100\n|gametype|singles\n|player|p1|Kir1ku|ethan|1411\n|player|p2|mtyqjltz5|elesa|1411\n|teamsize|p1|6\n|teamsize|p2|6\n|gen|9\n|tier|[Gen 9] National Dex\n|rated|\n|rule|HP Percentage Mod: HP is shown in percentages\n|rule|Endless Battle Clause: Forcing endless battles is banned\n|rule|OHKO Clause: OHKO moves are banned\n|rule|Evasion Clause: Evasion abilities, items, and moves are banned\n|rule|Evasion Abilities Clause: Evasion abilities are banned\n|rule|Evasion Items Clause: Evasion items are banned\n|rule|Evasion Moves Clause: Evasion moves are banned\n|rule|Species Clause: Limit one of each Pok\u00e9mon\n|rule|Sleep Clause Mod: Limit one foe put to sleep\n|clearpoke\n|poke|p1|Raikou|\n|poke|p1|Suicune|\n|poke|p1|Entei|\n|poke|p1|Zamazenta-*|\n|poke|p1|Umbreon, M|\n|poke|p1|Corviknight, F|\n|poke|p2|Pidgeot, M|\n|poke|p2|Weezing-Galar, M|\n|poke|p2|Heatran, M|\n|poke|p2|Rillaboom, M|\n|poke|p2|Urshifu-*, M|\n|poke|p2|Slowking-Galar, F|\n|teampreview\n|inactive|Battle timer is ON: inactive players will automatically lose when time's up. (requested by Kir1ku)\n|\n|t:|1700020129\n|start\n|switch|p1a: Raikou|Raikou|100\/100\n|switch|p2a: Pidgeot|Pidgeot, M, shiny|100\/100\n|turn|1\n|\n|t:|1700020153\n|switch|p2a: Heatran|Heatran, M|100\/100\n|move|p1a: Raikou|Volt Switch|p2a: Heatran\n|-damage|p2a: Heatran|69\/100\n|\n|t:|1700020161\n|switch|p1a: Entei|Entei|100\/100|[from] Volt Switch\n|\n|-heal|p2a: Heatran|75\/100|[from] item: Leftovers\n|upkeep\n|turn|2\n|\n|t:|1700020189\n|-terastallize|p2a: Heatran|Grass\n|move|p1a: Entei|Stomping Tantrum|p2a: Heatran\n|-resisted|p2a: Heatran\n|-damage|p2a: Heatran|61\/100\n|-damage|p1a: Entei|91\/100|[from] item: Life Orb\n|move|p2a: Heatran|Earth Power|p1a: Entei\n|-supereffective|p1a: Entei\n|-damage|p1a: Entei|25\/100\n|\n|-heal|p2a: Heatran|67\/100|[from] item: Leftovers\n|upkeep\n|turn|3\n|inactive|mtyqjltz5 has 120 seconds left.\n|\n|t:|1700020219\n|switch|p1a: Spike|Umbreon, M|100\/100\n|switch|p2a: Weezing|Weezing-Galar, M|100\/100\n|\n|upkeep\n|turn|4\n|\n|t:|1700020226\n|move|p1a: Spike|Wish|p1a: Spike\n|move|p2a: Weezing|Strange Steam|p1a: Spike\n|-supereffective|p1a: Spike\n|-damage|p1a: Spike|71\/100\n|\n|-heal|p1a: Spike|77\/100|[from] item: Leftovers\n|upkeep\n|turn|5\n|inactive|mtyqjltz5 has 120 seconds left.\n|\n|t:|1700020241\n|switch|p1a: Entei|Entei|25\/100\n|move|p2a: Weezing|Toxic Spikes|p1a: Entei\n|-sidestart|p1: Kir1ku|move: Toxic Spikes\n|\n|-heal|p1a: Entei|78\/100|[from] move: Wish|[wisher] Spike\n|upkeep\n|turn|6\n|inactive|mtyqjltz5 has 120 seconds left.\n|\n|t:|1700020254\n|move|p1a: Entei|Sacred Fire|p2a: Weezing\n|-damage|p2a: Weezing|63\/100\n|-status|p2a: Weezing|brn\n|-damage|p1a: Entei|68\/100|[from] item: Life Orb\n|move|p2a: Weezing|Toxic Spikes|p1a: Entei\n|-sidestart|p1: Kir1ku|move: Toxic Spikes\n|\n|-heal|p2a: Weezing|69\/100 brn|[from] item: Leftovers\n|-damage|p2a: Weezing|63\/100 brn|[from] brn\n|upkeep\n|turn|7\n|inactive|mtyqjltz5 has 120 seconds left.\n|\n|t:|1700020266\n|switch|p1a: Lucia|Corviknight, F|100\/100\n|-ability|p1a: Lucia|Pressure\n|switch|p2a: Slowking|Slowking-Galar, F|100\/100\n|\n|upkeep\n|turn|8\n|inactive|mtyqjltz5 has 120 seconds left.\n|\n|t:|1700020276\n|switch|p2a: Pidgeot|Pidgeot, M, shiny|100\/100\n|move|p1a: Lucia|Defog|p2a: Pidgeot\n|-unboost|p2a: Pidgeot|evasion|1\n|-sideend|p1: Kir1ku|Toxic Spikes|[from] move: Defog|[of] p1a: Lucia\n|\n|upkeep\n|turn|9\n|\n|t:|1700020283\n|detailschange|p2a: Pidgeot|Pidgeot-Mega, M, shiny\n|-mega|p2a: Pidgeot|Pidgeot|Pidgeotite\n|move|p2a: Pidgeot|Hurricane|p1a: Lucia\n|-resisted|p1a: Lucia\n|-damage|p1a: Lucia|74\/100\n|-start|p1a: Lucia|confusion\n|-activate|p1a: Lucia|confusion\n|move|p1a: Lucia|U-turn|p2a: Pidgeot\n|-resisted|p2a: Pidgeot\n|-damage|p2a: Pidgeot|91\/100\n|\n|t:|1700020291\n|switch|p1a: Zamazenta|Zamazenta|100\/100|[from] U-turn\n|-ability|p1a: Zamazenta|Dauntless Shield|boost\n|-boost|p1a: Zamazenta|def|1\n|\n|upkeep\n|turn|10\n|\n|t:|1700020300\n|switch|p2a: Slowking|Slowking-Galar, F|100\/100\n|move|p1a: Zamazenta|Wild Charge|p2a: Slowking\n|-damage|p2a: Slowking|64\/100\n|-damage|p1a: Zamazenta|89\/100|[from] Recoil\n|\n|upkeep\n|turn|11\n|\n|t:|1700020310\n|switch|p1a: Lucia|Corviknight, F|74\/100\n|-ability|p1a: Lucia|Pressure\n|move|p2a: Slowking|Future Sight|p1a: Lucia\n|-start|p2a: Slowking|move: Future Sight\n|\n|upkeep\n|turn|12\n|\n|t:|1700020324\n|move|p1a: Lucia|U-turn|p2a: Slowking\n|-damage|p2a: Slowking|52\/100\n|\n|t:|1700020326\n|switch|p1a: Raikou|Raikou|100\/100|[from] U-turn\n|move|p2a: Slowking|Thunder Wave|p1a: Raikou\n|-immune|p1a: Raikou\n|\n|upkeep\n|turn|13\n|\n|t:|1700020343\n|-terastallize|p1a: Raikou|Electric\n|move|p1a: Raikou|Volt Switch|p2a: Slowking\n|-damage|p2a: Slowking|5\/100\n|\n|t:|1700020348\n|switch|p1a: Spike|Umbreon, M|77\/100|[from] Volt Switch\n|move|p2a: Slowking|Chilly Reception|p2a: Slowking\n|-weather|Snow\n|\n|t:|1700020352\n|switch|p2a: Urshifu|Urshifu-Rapid-Strike, M|100\/100|[from] Chilly Reception\n|\n|-weather|Snow|[upkeep]\n|-end|p1a: Spike|move: Future Sight\n|-immune|p1a: Spike\n|-heal|p1a: Spike|83\/100|[from] item: Leftovers\n|upkeep\n|turn|14\n|\n|t:|1700020363\n|switch|p1a: Suicune|Suicune|100\/100\n|-ability|p1a: Suicune|Pressure\n|move|p2a: Urshifu|Close Combat|p1a: Suicune\n|-damage|p1a: Suicune|67\/100\n|-unboost|p2a: Urshifu|def|1\n|-unboost|p2a: Urshifu|spd|1\n|\n|-weather|Snow|[upkeep]\n|-heal|p1a: Suicune|73\/100|[from] item: Leftovers\n|upkeep\n|turn|15\n|\n|t:|1700020367\n|switch|p2a: Heatran|Heatran, M, tera:Grass|67\/100\n|move|p1a: Suicune|Scald|p2a: Heatran\n|-resisted|p2a: Heatran\n|-damage|p2a: Heatran|59\/100\n|-status|p2a: Heatran|brn\n|\n|-weather|Snow|[upkeep]\n|-heal|p1a: Suicune|79\/100|[from] item: Leftovers\n|-heal|p2a: Heatran|65\/100 brn|[from] item: Leftovers\n|-damage|p2a: Heatran|59\/100 brn|[from] brn\n|upkeep\n|turn|16\n|\n|t:|1700020379\n|switch|p1a: Spike|Umbreon, M|83\/100\n|move|p2a: Heatran|Taunt|p1a: Spike\n|-start|p1a: Spike|move: Taunt\n|\n|-weather|Snow|[upkeep]\n|-heal|p2a: Heatran|65\/100 brn|[from] item: Leftovers\n|-heal|p1a: Spike|89\/100|[from] item: Leftovers\n|-damage|p2a: Heatran|59\/100 brn|[from] brn\n|upkeep\n|turn|17\n|\n|t:|1700020390\n|move|p2a: Heatran|Magma Storm|p1a: Spike|[miss]\n|-miss|p2a: Heatran|p1a: Spike\n|move|p1a: Spike|Foul Play|p2a: Heatran\n|-damage|p2a: Heatran|40\/100 brn\n|\n|-weather|none\n|-heal|p2a: Heatran|46\/100 brn|[from] item: Leftovers\n|-heal|p1a: Spike|95\/100|[from] item: Leftovers\n|-damage|p2a: Heatran|40\/100 brn|[from] brn\n|upkeep\n|turn|18\n|\n|t:|1700020396\n|move|p2a: Heatran|Stealth Rock|p1a: Spike\n|-sidestart|p1: Kir1ku|move: Stealth Rock\n|move|p1a: Spike|Foul Play|p2a: Heatran\n|-damage|p2a: Heatran|20\/100 brn\n|\n|-heal|p2a: Heatran|27\/100 brn|[from] item: Leftovers\n|-heal|p1a: Spike|100\/100|[from] item: Leftovers\n|-damage|p2a: Heatran|20\/100 brn|[from] brn\n|-end|p1a: Spike|move: Taunt\n|upkeep\n|turn|19\n|\n|t:|1700020418\n|switch|p2a: Urshifu|Urshifu-Rapid-Strike, M|100\/100\n|move|p1a: Spike|Wish|p1a: Spike\n|\n|upkeep\n|turn|20\n|\n|t:|1700020435\n|switch|p1a: Suicune|Suicune|79\/100\n|-damage|p1a: Suicune|67\/100|[from] Stealth Rock\n|-ability|p1a: Suicune|Pressure\n|move|p2a: Urshifu|Thunder Punch|p1a: Suicune\n|-supereffective|p1a: Suicune\n|-damage|p1a: Suicune|37\/100\n|\n|-heal|p1a: Suicune|86\/100|[from] move: Wish|[wisher] Spike\n|-heal|p1a: Suicune|92\/100|[from] item: Leftovers\n|upkeep\n|turn|21\n|\n|t:|1700020447\n|switch|p2a: Slowking|Slowking-Galar, F|38\/100\n|move|p1a: Suicune|Scald|p2a: Slowking\n|-damage|p2a: Slowking|21\/100\n|\n|-heal|p1a: Suicune|99\/100|[from] item: Leftovers\n|upkeep\n|turn|22\n|\n|t:|1700020457\n|move|p1a: Suicune|Scald|p2a: Slowking\n|-damage|p2a: Slowking|4\/100\n|move|p2a: Slowking|Chilly Reception|p2a: Slowking\n|-weather|Snow\n|\n|t:|1700020463\n|switch|p2a: Rillaboom|Rillaboom, M|100\/100|[from] Chilly Reception\n|-fieldstart|move: Grassy Terrain|[from] ability: Grassy Surge|[of] p2a: Rillaboom\n|\n|-weather|Snow|[upkeep]\n|-heal|p1a: Suicune|100\/100|[from] Grassy Terrain\n|upkeep\n|turn|23\n|\n|t:|1700020467\n|switch|p1a: Lucia|Corviknight, F|74\/100\n|-damage|p1a: Lucia|61\/100|[from] Stealth Rock\n|-ability|p1a: Lucia|Pressure\n|move|p2a: Rillaboom|Knock Off|p1a: Lucia\n|-damage|p1a: Lucia|34\/100\n|-damage|p2a: Rillaboom|84\/100|[from] item: Rocky Helmet|[of] p1a: Lucia\n|-enditem|p1a: Lucia|Rocky Helmet|[from] move: Knock Off|[of] p2a: Rillaboom\n|\n|-weather|Snow|[upkeep]\n|-heal|p2a: Rillaboom|90\/100|[from] Grassy Terrain\n|upkeep\n|turn|24\n|\n|t:|1700020484\n|switch|p2a: Pidgeot|Pidgeot-Mega, M, shiny|91\/100\n|move|p1a: Lucia|Roost|p1a: Lucia\n|-heal|p1a: Lucia|84\/100\n|-singleturn|p1a: Lucia|move: Roost\n|\n|-weather|Snow|[upkeep]\n|-heal|p1a: Lucia|90\/100|[from] Grassy Terrain\n|upkeep\n|turn|25\n|\n|t:|1700020489\n|move|p2a: Pidgeot|Heat Wave|p1a: Lucia\n|-supereffective|p1a: Lucia\n|-damage|p1a: Lucia|27\/100\n|move|p1a: Lucia|Defog|p2a: Pidgeot\n|-unboost|p2a: Pidgeot|evasion|1\n|-sideend|p1: Kir1ku|Stealth Rock|[from] move: Defog|[of] p1a: Lucia\n|-fieldend|move: Grassy Terrain\n|\n|-weather|Snow|[upkeep]\n|upkeep\n|turn|26\n|\n|t:|1700020497\n|switch|p1a: Suicune|Suicune|100\/100\n|-ability|p1a: Suicune|Pressure\n|move|p2a: Pidgeot|Hurricane|p1a: Suicune\n|-damage|p1a: Suicune|53\/100\n|\n|-weather|none\n|-heal|p1a: Suicune|60\/100|[from] item: Leftovers\n|upkeep\n|turn|27\n|\n|t:|1700020507\n|switch|p1a: Spike|Umbreon, M|100\/100\n|move|p2a: Pidgeot|Hurricane|p1a: Spike\n|-damage|p1a: Spike|68\/100\n|\n|-heal|p1a: Spike|74\/100|[from] item: Leftovers\n|upkeep\n|turn|28\n|\n|t:|1700020513\n|move|p2a: Pidgeot|U-turn|p1a: Spike\n|-supereffective|p1a: Spike\n|-damage|p1a: Spike|55\/100\n|\n|t:|1700020519\n|switch|p2a: Rillaboom|Rillaboom, M|90\/100|[from] U-turn\n|-fieldstart|move: Grassy Terrain|[from] ability: Grassy Surge|[of] p2a: Rillaboom\n|move|p1a: Spike|Wish|p1a: Spike\n|\n|-heal|p2a: Rillaboom|96\/100|[from] Grassy Terrain\n|-heal|p1a: Spike|61\/100|[from] Grassy Terrain\n|-heal|p1a: Spike|67\/100|[from] item: Leftovers\n|upkeep\n|turn|29\n|\n|t:|1700020531\n|switch|p1a: Lucia|Corviknight, F|27\/100\n|-ability|p1a: Lucia|Pressure\n|move|p2a: Rillaboom|Wood Hammer|p1a: Lucia\n|-resisted|p1a: Lucia\n|-damage|p1a: Lucia|11\/100\n|-damage|p2a: Rillaboom|90\/100|[from] Recoil\n|\n|-heal|p1a: Lucia|60\/100|[from] move: Wish|[wisher] Spike\n|-heal|p2a: Rillaboom|96\/100|[from] Grassy Terrain\n|upkeep\n|turn|30\n|\n|t:|1700020554\n|switch|p2a: Pidgeot|Pidgeot-Mega, M, shiny|91\/100\n|move|p1a: Lucia|U-turn|p2a: Pidgeot\n|-resisted|p2a: Pidgeot\n|-damage|p2a: Pidgeot|81\/100\n|\n|t:|1700020557\n|switch|p1a: Zamazenta|Zamazenta|89\/100|[from] U-turn\n|\n|-heal|p1a: Zamazenta|96\/100|[from] Grassy Terrain\n|upkeep\n|turn|31\n|inactive|mtyqjltz5 has 120 seconds left.\n|\n|t:|1700020612\n|switch|p2a: Heatran|Heatran, M, tera:Grass|20\/100 brn\n|move|p1a: Zamazenta|Close Combat|p2a: Heatran\n|-damage|p2a: Heatran|0 fnt\n|-unboost|p1a: Zamazenta|def|1\n|-unboost|p1a: Zamazenta|spd|1\n|faint|p2a: Heatran\n|\n|-heal|p1a: Zamazenta|100\/100|[from] Grassy Terrain\n|upkeep\n|\n|t:|1700020617\n|switch|p2a: Weezing|Weezing-Galar, M|63\/100 brn\n|turn|32\n|\n|t:|1700020628\n|switch|p1a: Lucia|Corviknight, F|60\/100\n|-ability|p1a: Lucia|Pressure\n|move|p2a: Weezing|Will-O-Wisp|p1a: Lucia\n|-status|p1a: Lucia|brn\n|\n|-heal|p2a: Weezing|69\/100 brn|[from] item: Leftovers\n|-damage|p1a: Lucia|54\/100 brn|[from] brn\n|-damage|p2a: Weezing|63\/100 brn|[from] brn\n|-fieldend|move: Grassy Terrain\n|upkeep\n|turn|33\n|\n|t:|1700020639\n|move|p1a: Lucia|Roost|p1a: Lucia\n|-heal|p1a: Lucia|100\/100 brn\n|-singleturn|p1a: Lucia|move: Roost\n|move|p2a: Weezing|Toxic Spikes|p1a: Lucia\n|-sidestart|p1: Kir1ku|move: Toxic Spikes\n|\n|-heal|p2a: Weezing|69\/100 brn|[from] item: Leftovers\n|-damage|p1a: Lucia|94\/100 brn|[from] brn\n|-damage|p2a: Weezing|63\/100 brn|[from] brn\n|upkeep\n|turn|34\n|\n|t:|1700020643\n|move|p1a: Lucia|Defog|p2a: Weezing\n|-unboost|p2a: Weezing|evasion|1\n|-sideend|p1: Kir1ku|Toxic Spikes|[from] move: Defog|[of] p1a: Lucia\n|move|p2a: Weezing|Toxic Spikes|p1a: Lucia\n|-sidestart|p1: Kir1ku|move: Toxic Spikes\n|\n|-heal|p2a: Weezing|69\/100 brn|[from] item: Leftovers\n|-damage|p1a: Lucia|88\/100 brn|[from] brn\n|-damage|p2a: Weezing|63\/100 brn|[from] brn\n|upkeep\n|turn|35\n|\n|t:|1700020652\n|switch|p2a: Pidgeot|Pidgeot-Mega, M, shiny|81\/100\n|move|p1a: Lucia|U-turn|p2a: Pidgeot\n|-resisted|p2a: Pidgeot\n|-damage|p2a: Pidgeot|76\/100\n|\n|t:|1700020656\n|switch|p1a: Zamazenta|Zamazenta|100\/100|[from] U-turn\n|-status|p1a: Zamazenta|psn\n|\n|-damage|p1a: Zamazenta|88\/100 psn|[from] psn\n|upkeep\n|turn|36\n|\n|t:|1700020662\n|switch|p2a: Weezing|Weezing-Galar, M|63\/100 brn\n|move|p1a: Zamazenta|Wild Charge|p2a: Weezing\n|-damage|p2a: Weezing|36\/100 brn\n|-damage|p1a: Zamazenta|81\/100 psn|[from] Recoil\n|\n|-heal|p2a: Weezing|42\/100 brn|[from] item: Leftovers\n|-damage|p1a: Zamazenta|69\/100 psn|[from] psn\n|-damage|p2a: Weezing|36\/100 brn|[from] brn\n|upkeep\n|turn|37\n|inactive|mtyqjltz5 has 120 seconds left.\n|\n|t:|1700020686\n|switch|p1a: Lucia|Corviknight, F|88\/100 brn\n|-ability|p1a: Lucia|Pressure\n|switch|p2a: Urshifu|Urshifu-Rapid-Strike, M|100\/100\n|\n|-damage|p1a: Lucia|82\/100 brn|[from] brn\n|upkeep\n|turn|38\n|inactive|mtyqjltz5 has 120 seconds left.\n|\n|t:|1700020696\n|move|p2a: Urshifu|Thunder Punch|p1a: Lucia\n|-supereffective|p1a: Lucia\n|-damage|p1a: Lucia|52\/100 brn\n|move|p1a: Lucia|Brave Bird|p2a: Urshifu\n|-supereffective|p2a: Urshifu\n|-damage|p2a: Urshifu|65\/100\n|-damage|p1a: Lucia|42\/100 brn|[from] Recoil\n|\n|-damage|p1a: Lucia|36\/100 brn|[from] brn\n|upkeep\n|turn|39\n|inactive|mtyqjltz5 has 120 seconds left.\n|\n|t:|1700020704\n|move|p2a: Urshifu|Thunder Punch|p1a: Lucia\n|-supereffective|p1a: Lucia\n|-damage|p1a: Lucia|2\/100 brn\n|move|p1a: Lucia|Roost|p1a: Lucia\n|-heal|p1a: Lucia|52\/100 brn\n|-singleturn|p1a: Lucia|move: Roost\n|\n|-damage|p1a: Lucia|46\/100 brn|[from] brn\n|upkeep\n|turn|40\n|\n|t:|1700020710\n|move|p2a: Urshifu|Thunder Punch|p1a: Lucia\n|-supereffective|p1a: Lucia\n|-damage|p1a: Lucia|14\/100 brn\n|move|p1a: Lucia|Roost|p1a: Lucia\n|-heal|p1a: Lucia|64\/100 brn\n|-singleturn|p1a: Lucia|move: Roost\n|\n|-damage|p1a: Lucia|58\/100 brn|[from] brn\n|upkeep\n|turn|41\n|\n|t:|1700020715\n|move|p2a: Urshifu|Thunder Punch|p1a: Lucia\n|-supereffective|p1a: Lucia\n|-damage|p1a: Lucia|25\/100 brn\n|move|p1a: Lucia|Roost|p1a: Lucia\n|-heal|p1a: Lucia|75\/100 brn\n|-singleturn|p1a: Lucia|move: Roost\n|\n|-damage|p1a: Lucia|69\/100 brn|[from] brn\n|upkeep\n|turn|42\n|\n|t:|1700020720\n|move|p2a: Urshifu|Thunder Punch|p1a: Lucia\n|-supereffective|p1a: Lucia\n|-damage|p1a: Lucia|38\/100 brn\n|move|p1a: Lucia|Roost|p1a: Lucia\n|-heal|p1a: Lucia|88\/100 brn\n|-singleturn|p1a: Lucia|move: Roost\n|\n|-damage|p1a: Lucia|82\/100 brn|[from] brn\n|upkeep\n|turn|43\n|\n|t:|1700020726\n|move|p2a: Urshifu|Thunder Punch|p1a: Lucia\n|-supereffective|p1a: Lucia\n|-damage|p1a: Lucia|53\/100 brn\n|move|p1a: Lucia|Brave Bird|p2a: Urshifu\n|-supereffective|p2a: Urshifu\n|-damage|p2a: Urshifu|31\/100\n|-damage|p1a: Lucia|44\/100 brn|[from] Recoil\n|\n|-damage|p1a: Lucia|38\/100 brn|[from] brn\n|upkeep\n|turn|44\n|\n|t:|1700020734\n|move|p2a: Urshifu|Thunder Punch|p1a: Lucia\n|-supereffective|p1a: Lucia\n|-damage|p1a: Lucia|8\/100 brn\n|move|p1a: Lucia|Roost|p1a: Lucia\n|-heal|p1a: Lucia|58\/100 brn\n|-singleturn|p1a: Lucia|move: Roost\n|\n|-damage|p1a: Lucia|52\/100 brn|[from] brn\n|upkeep\n|turn|45\n|\n|t:|1700020748\n|move|p2a: Urshifu|Thunder Punch|p1a: Lucia\n|-supereffective|p1a: Lucia\n|-damage|p1a: Lucia|21\/100 brn\n|move|p1a: Lucia|Roost|p1a: Lucia\n|-heal|p1a: Lucia|71\/100 brn\n|-singleturn|p1a: Lucia|move: Roost\n|\n|-damage|p1a: Lucia|65\/100 brn|[from] brn\n|upkeep\n|turn|46\n|\n|t:|1700020756\n|switch|p2a: Pidgeot|Pidgeot-Mega, M, shiny|76\/100\n|move|p1a: Lucia|Brave Bird|p2a: Pidgeot\n|-damage|p2a: Pidgeot|51\/100\n|-damage|p1a: Lucia|58\/100 brn|[from] Recoil\n|\n|-damage|p1a: Lucia|52\/100 brn|[from] brn\n|upkeep\n|turn|47\n|\n|t:|1700020765\n|switch|p1a: Spike|Umbreon, M|67\/100\n|-status|p1a: Spike|psn\n|move|p2a: Pidgeot|Heat Wave|p1a: Spike\n|-damage|p1a: Spike|49\/100 psn\n|\n|-heal|p1a: Spike|55\/100 psn|[from] item: Leftovers\n|-damage|p1a: Spike|42\/100 psn|[from] psn\n|upkeep\n|turn|48\n|\n|t:|1700020768\n|move|p1a: Spike|Protect|p1a: Spike\n|-singleturn|p1a: Spike|Protect\n|move|p2a: Pidgeot|Hurricane|p1a: Spike\n|-activate|p1a: Spike|move: Protect\n|\n|-heal|p1a: Spike|48\/100 psn|[from] item: Leftovers\n|-damage|p1a: Spike|36\/100 psn|[from] psn\n|upkeep\n|turn|49\n|\n|t:|1700020773\n|move|p2a: Pidgeot|Hurricane|p1a: Spike\n|-damage|p1a: Spike|3\/100 psn\n|move|p1a: Spike|Wish|p1a: Spike\n|\n|-heal|p1a: Spike|9\/100 psn|[from] item: Leftovers\n|-damage|p1a: Spike|0 fnt|[from] psn\n|faint|p1a: Spike\n|upkeep\n|\n|t:|1700020776\n|switch|p1a: Zamazenta|Zamazenta|69\/100 psn\n|turn|50\n|\n|t:|1700020790\n|switch|p2a: Rillaboom|Rillaboom, M|96\/100\n|-fieldstart|move: Grassy Terrain|[from] ability: Grassy Surge|[of] p2a: Rillaboom\n|move|p1a: Zamazenta|Heavy Slam|p2a: Rillaboom\n|-damage|p2a: Rillaboom|66\/100\n|\n|-heal|p1a: Zamazenta|100\/100 psn|[from] move: Wish|[wisher] Spike\n|-heal|p2a: Rillaboom|72\/100|[from] Grassy Terrain\n|-damage|p1a: Zamazenta|88\/100 psn|[from] psn\n|upkeep\n|turn|51\n|\n|t:|1700020807\n|switch|p1a: Lucia|Corviknight, F|52\/100 brn\n|-ability|p1a: Lucia|Pressure\n|move|p2a: Rillaboom|U-turn|p1a: Lucia\n|-resisted|p1a: Lucia\n|-damage|p1a: Lucia|47\/100 brn\n|\n|t:|1700020817\n|switch|p2a: Pidgeot|Pidgeot-Mega, M, shiny|51\/100|[from] U-turn\n|\n|-damage|p1a: Lucia|41\/100 brn|[from] brn\n|upkeep\n|turn|52\n|\n|t:|1700020823\n|move|p2a: Pidgeot|Heat Wave|p1a: Lucia\n|-supereffective|p1a: Lucia\n|-damage|p1a: Lucia|0 fnt\n|faint|p1a: Lucia\n|\n|upkeep\n|\n|t:|1700020835\n|switch|p1a: Zamazenta|Zamazenta|88\/100 psn\n|turn|53\n|\n|t:|1700020856\n|switch|p2a: Weezing|Weezing-Galar, M|36\/100 brn\n|move|p1a: Zamazenta|Close Combat|p2a: Weezing\n|-resisted|p2a: Weezing\n|-damage|p2a: Weezing|23\/100 brn\n|-unboost|p1a: Zamazenta|def|1\n|-unboost|p1a: Zamazenta|spd|1\n|\n|-heal|p1a: Zamazenta|94\/100 psn|[from] Grassy Terrain\n|-heal|p2a: Weezing|29\/100 brn|[from] item: Leftovers\n|-damage|p1a: Zamazenta|82\/100 psn|[from] psn\n|-damage|p2a: Weezing|23\/100 brn|[from] brn\n|upkeep\n|turn|54\n|\n|t:|1700020870\n|switch|p1a: Raikou|Raikou, tera:Electric|100\/100\n|-status|p1a: Raikou|psn\n|move|p2a: Weezing|Toxic Spikes|p1a: Raikou\n|-sidestart|p1: Kir1ku|move: Toxic Spikes\n|\n|-heal|p2a: Weezing|29\/100 brn|[from] item: Leftovers\n|-damage|p1a: Raikou|88\/100 psn|[from] psn\n|-damage|p2a: Weezing|23\/100 brn|[from] brn\n|-fieldend|move: Grassy Terrain\n|upkeep\n|turn|55\n|inactive|mtyqjltz5 has 120 seconds left.\n|\n|t:|1700020895\n|move|p1a: Raikou|Volt Switch|p2a: Weezing\n|-damage|p2a: Weezing|0 fnt\n|faint|p2a: Weezing\n|\n|t:|1700020910\n|switch|p1a: Entei|Entei|68\/100|[from] Volt Switch\n|-status|p1a: Entei|tox\n|\n|-damage|p1a: Entei|62\/100 tox|[from] psn\n|upkeep\n|inactive|mtyqjltz5 has 120 seconds left.\n|inactive|mtyqjltz5 has 90 seconds left.\n|\n|t:|1700020950\n|switch|p2a: Slowking|Slowking-Galar, F|37\/100\n|turn|56\n|inactive|mtyqjltz5 has 90 seconds left.\n|\n|t:|1700020982\n|move|p1a: Entei|Sacred Fire|p2a: Slowking\n|-damage|p2a: Slowking|0 fnt\n|faint|p2a: Slowking\n|-damage|p1a: Entei|52\/100 tox|[from] item: Life Orb\n|\n|-damage|p1a: Entei|39\/100 tox|[from] psn\n|upkeep\n|\n|t:|1700020992\n|switch|p2a: Urshifu|Urshifu-Rapid-Strike, M|31\/100\n|turn|57\n|\n|t:|1700020994\n|move|p1a: Entei|Extreme Speed|p2a: Urshifu\n|-damage|p2a: Urshifu|0 fnt\n|faint|p2a: Urshifu\n|-damage|p1a: Entei|30\/100 tox|[from] item: Life Orb\n|\n|-damage|p1a: Entei|11\/100 tox|[from] psn\n|upkeep\n|\n|t:|1700021001\n|switch|p2a: Rillaboom|Rillaboom, M|72\/100\n|-fieldstart|move: Grassy Terrain|[from] ability: Grassy Surge|[of] p2a: Rillaboom\n|turn|58\n|\n|t:|1700021006\n|move|p1a: Entei|Extreme Speed|p2a: Rillaboom\n|-damage|p2a: Rillaboom|35\/100\n|-damage|p1a: Entei|1\/100 tox|[from] item: Life Orb\n|move|p2a: Rillaboom|U-turn|p1a: Entei\n|-resisted|p1a: Entei\n|-crit|p1a: Entei\n|-damage|p1a: Entei|0 fnt\n|faint|p1a: Entei\n|\n|t:|1700021009\n|switch|p2a: Pidgeot|Pidgeot-Mega, M, shiny|51\/100|[from] U-turn\n|\n|upkeep\n|\n|t:|1700021020\n|switch|p1a: Zamazenta|Zamazenta|82\/100 psn\n|turn|59\n|inactive|mtyqjltz5 has 90 seconds left.\n|\n|t:|1700021048\n|move|p1a: Zamazenta|Close Combat|p2a: Pidgeot\n|-damage|p2a: Pidgeot|0 fnt\n|-unboost|p1a: Zamazenta|def|1\n|-unboost|p1a: Zamazenta|spd|1\n|faint|p2a: Pidgeot\n|\n|-heal|p1a: Zamazenta|88\/100 psn|[from] Grassy Terrain\n|-damage|p1a: Zamazenta|76\/100 psn|[from] psn\n|upkeep\n|\n|t:|1700021051\n|switch|p2a: Rillaboom|Rillaboom, M|35\/100\n|turn|60\n|\n|t:|1700021057\n|switch|p1a: Suicune|Suicune|60\/100\n|-status|p1a: Suicune|tox\n|-ability|p1a: Suicune|Pressure\n|move|p2a: Rillaboom|Grassy Glide|p1a: Suicune\n|-supereffective|p1a: Suicune\n|-damage|p1a: Suicune|0 fnt\n|faint|p1a: Suicune\n|\n|-heal|p2a: Rillaboom|41\/100|[from] Grassy Terrain\n|upkeep\n|\n|t:|1700021069\n|switch|p1a: Zamazenta|Zamazenta|76\/100 psn\n|turn|61\n|\n|t:|1700021073\n|move|p2a: Rillaboom|Grassy Glide|p1a: Zamazenta\n|-damage|p1a: Zamazenta|28\/100 psn\n|move|p1a: Zamazenta|Close Combat|p2a: Rillaboom\n|-damage|p2a: Rillaboom|0 fnt\n|-unboost|p1a: Zamazenta|def|1\n|-unboost|p1a: Zamazenta|spd|1\n|faint|p2a: Rillaboom\n|\n|win|Kir1ku\n|raw|Kir1ku's rating: 1411 &rarr; <strong>1431<\/strong><br \/>(+20 for winning)\n|raw|mtyqjltz5's rating: 1411 &rarr; <strong>1391<\/strong><br \/>(-20 for losing)\n|c|\u2606Kir1ku|Gg\n|c|\u2606mtyqjltz5|gg\n","uploadtime":1700021087,"views":4,"p1id":"kir1ku","p2id":"mtyqjltz5","formatid":"gen9nationaldex","rating":1391,"private":0,"password":""}