{"id":"gen9nationaldex-1991532046","p1":"Jarl_jake","p2":"Blrrrd","format":"[Gen 9] National Dex","log":"|j|\u2606Jarl_jake\n|j|\u2606Blrrrd\n|t:|1700085611\n|gametype|singles\n|player|p1|Jarl_jake|red|1412\n|player|p2|Blrrrd|leon|1330\n|teamsize|p1|6\n|teamsize|p2|6\n|gen|9\n|tier|[Gen 9] National Dex\n|rated|\n|rule|HP Percentage Mod: HP is shown in percentages\n|rule|Endless Battle Clause: Forcing endless battles is banned\n|rule|OHKO Clause: OHKO moves are banned\n|rule|Evasion Clause: Evasion abilities, items, and moves are banned\n|rule|Evasion Abilities Clause: Evasion abilities are banned\n|rule|Evasion Items Clause: Evasion items are banned\n|rule|Evasion Moves Clause: Evasion moves are banned\n|rule|Species Clause: Limit one of each Pok\u00e9mon\n|rule|Sleep Clause Mod: Limit one foe put to sleep\n|clearpoke\n|poke|p1|Gyarados, M|\n|poke|p1|Latios, M|\n|poke|p1|Venusaur, F|\n|poke|p1|Volcarona, F|\n|poke|p1|Shuckle, F|\n|poke|p1|Great Tusk|\n|poke|p2|Skeledirge, F|\n|poke|p2|Zarude|\n|poke|p2|Toxapex, M|\n|poke|p2|Garganacl, M|\n|poke|p2|Beedrill, F|\n|poke|p2|Sandy Shocks|\n|teampreview\n|inactive|Battle timer is ON: inactive players will automatically lose when time's up. (requested by Blrrrd)\n|inactive|Blrrrd has 120 seconds left.\n|\n|t:|1700085648\n|start\n|switch|p1a: Shuckie|Shuckle, F, shiny|100\/100\n|switch|p2a: Zarude|Zarude|100\/100\n|turn|1\n|\n|t:|1700085654\n|switch|p2a: Skeledirge|Skeledirge, F|100\/100\n|move|p1a: Shuckie|Sticky Web|p2a: Skeledirge\n|-sidestart|p2: Blrrrd|move: Sticky Web\n|\n|upkeep\n|turn|2\n|\n|t:|1700085660\n|move|p2a: Skeledirge|Curse|p1a: Shuckie\n|-start|p1a: Shuckie|Curse|[of] p2a: Skeledirge\n|-damage|p2a: Skeledirge|50\/100\n|move|p1a: Shuckie|Power Split|p2a: Skeledirge\n|-activate|p1a: Shuckie|move: Power Split|[of] p2a: Skeledirge\n|\n|-heal|p2a: Skeledirge|57\/100|[from] item: Leftovers\n|-damage|p1a: Shuckie|75\/100|[from] Curse\n|upkeep\n|turn|3\n|\n|t:|1700085672\n|move|p2a: Skeledirge|Torch Song|p1a: Shuckie\n|-damage|p1a: Shuckie|65\/100\n|-boost|p2a: Skeledirge|spa|1\n|-enditem|p1a: Shuckie|Red Card|[of] p2a: Skeledirge\n|drag|p2a: Garganacl|Garganacl, M|100\/100\n|-activate|p2a: Garganacl|move: Sticky Web\n|-unboost|p2a: Garganacl|spe|1\n|move|p1a: Shuckie|Rock Tomb|p2a: Garganacl\n|-damage|p2a: Garganacl|97\/100\n|-unboost|p2a: Garganacl|spe|1\n|\n|-heal|p2a: Garganacl|100\/100|[from] item: Leftovers\n|-damage|p1a: Shuckie|40\/100|[from] Curse\n|upkeep\n|turn|4\n|\n|t:|1700085687\n|move|p2a: Garganacl|Salt Cure|p1a: Shuckie\n|-supereffective|p1a: Shuckie\n|-damage|p1a: Shuckie|23\/100\n|-start|p1a: Shuckie|Salt Cure\n|move|p1a: Shuckie|Mud-Slap|p2a: Garganacl\n|-supereffective|p2a: Garganacl\n|-damage|p2a: Garganacl|95\/100\n|-unboost|p2a: Garganacl|accuracy|1\n|\n|-heal|p2a: Garganacl|100\/100|[from] item: Leftovers\n|-damage|p1a: Shuckie|0 fnt|[from] Curse\n|faint|p1a: Shuckie\n|upkeep\n|\n|t:|1700085698\n|switch|p1a: Thunder Smash|Venusaur, F, shiny|100\/100\n|turn|5\n|\n|t:|1700085722\n|switch|p2a: Skeledirge|Skeledirge, F|57\/100\n|-activate|p2a: Skeledirge|move: Sticky Web\n|-unboost|p2a: Skeledirge|spe|1\n|detailschange|p1a: Thunder Smash|Venusaur-Mega, F, shiny\n|-mega|p1a: Thunder Smash|Venusaur|Venusaurite\n|move|p1a: Thunder Smash|Earth Power|p2a: Skeledirge\n|-supereffective|p2a: Skeledirge\n|-damage|p2a: Skeledirge|16\/100\n|-unboost|p2a: Skeledirge|spd|1\n|\n|-heal|p2a: Skeledirge|22\/100|[from] item: Leftovers\n|upkeep\n|turn|6\n|\n|t:|1700085736\n|move|p1a: Thunder Smash|Earth Power|p2a: Skeledirge\n|-supereffective|p2a: Skeledirge\n|-damage|p2a: Skeledirge|0 fnt\n|faint|p2a: Skeledirge\n|\n|upkeep\n|\n|t:|1700085750\n|switch|p2a: Garganacl|Garganacl, M|100\/100\n|-activate|p2a: Garganacl|move: Sticky Web\n|-unboost|p2a: Garganacl|spe|1\n|turn|7\n|\n|t:|1700085755\n|-terastallize|p2a: Garganacl|Flying\n|move|p1a: Thunder Smash|Leech Seed|p2a: Garganacl\n|-start|p2a: Garganacl|move: Leech Seed\n|move|p2a: Garganacl|Salt Cure|p1a: Thunder Smash\n|-damage|p1a: Thunder Smash|91\/100\n|-start|p1a: Thunder Smash|Salt Cure\n|\n|-damage|p2a: Garganacl|88\/100|[from] Leech Seed|[of] p1a: Thunder Smash\n|-heal|p1a: Thunder Smash|100\/100|[silent]\n|-damage|p1a: Thunder Smash|88\/100|[from] Salt Cure\n|upkeep\n|turn|8\n|\n|t:|1700085777\n|move|p1a: Thunder Smash|Sludge Bomb|p2a: Garganacl\n|-damage|p2a: Garganacl|46\/100\n|move|p2a: Garganacl|Iron Defense|p2a: Garganacl\n|-boost|p2a: Garganacl|def|2\n|\n|-heal|p2a: Garganacl|52\/100|[from] item: Leftovers\n|-damage|p2a: Garganacl|40\/100|[from] Leech Seed|[of] p1a: Thunder Smash\n|-heal|p1a: Thunder Smash|100\/100|[silent]\n|-damage|p1a: Thunder Smash|88\/100|[from] Salt Cure\n|upkeep\n|turn|9\n|l|\u2606Blrrrd\n|inactive|Blrrrd disconnected and has a minute to reconnect!\n|player|p2|\n|j|\u2606Blrrrd\n|inactive|Blrrrd reconnected and has 130 seconds left.\n|player|p2|Blrrrd|leon\n|\n|t:|1700085800\n|move|p1a: Thunder Smash|Sludge Bomb|p2a: Garganacl\n|-damage|p2a: Garganacl|3\/100\n|move|p2a: Garganacl|Recover|p2a: Garganacl\n|-heal|p2a: Garganacl|53\/100\n|\n|-heal|p2a: Garganacl|59\/100|[from] item: Leftovers\n|-damage|p2a: Garganacl|47\/100|[from] Leech Seed|[of] p1a: Thunder Smash\n|-heal|p1a: Thunder Smash|100\/100|[silent]\n|-damage|p1a: Thunder Smash|88\/100|[from] Salt Cure\n|upkeep\n|turn|10\n|inactive|Blrrrd has 120 seconds left.\n|\n|t:|1700085821\n|move|p1a: Thunder Smash|Sludge Bomb|p2a: Garganacl\n|-damage|p2a: Garganacl|5\/100\n|move|p2a: Garganacl|Recover|p2a: Garganacl\n|-heal|p2a: Garganacl|55\/100\n|\n|-heal|p2a: Garganacl|62\/100|[from] item: Leftovers\n|-damage|p2a: Garganacl|49\/100|[from] Leech Seed|[of] p1a: Thunder Smash\n|-heal|p1a: Thunder Smash|100\/100|[silent]\n|-damage|p1a: Thunder Smash|88\/100|[from] Salt Cure\n|upkeep\n|turn|11\n|\n|t:|1700085833\n|move|p1a: Thunder Smash|Sludge Bomb|p2a: Garganacl\n|-damage|p2a: Garganacl|13\/100\n|move|p2a: Garganacl|Body Press|p1a: Thunder Smash\n|-resisted|p1a: Thunder Smash\n|-damage|p1a: Thunder Smash|66\/100\n|\n|-heal|p2a: Garganacl|19\/100|[from] item: Leftovers\n|-damage|p2a: Garganacl|7\/100|[from] Leech Seed|[of] p1a: Thunder Smash\n|-heal|p1a: Thunder Smash|79\/100|[silent]\n|-damage|p1a: Thunder Smash|67\/100|[from] Salt Cure\n|upkeep\n|turn|12\n|\n|t:|1700085849\n|switch|p2a: Beedrill|Beedrill, F|100\/100\n|-activate|p2a: Beedrill|move: Sticky Web\n|-unboost|p2a: Beedrill|spe|1\n|move|p1a: Thunder Smash|Giga Drain|p2a: Beedrill\n|-resisted|p2a: Beedrill\n|-damage|p2a: Beedrill|86\/100\n|-heal|p1a: Thunder Smash|72\/100|[from] drain|[of] p2a: Beedrill\n|\n|-damage|p1a: Thunder Smash|60\/100|[from] Salt Cure\n|upkeep\n|turn|13\n|inactive|Jarl_jake has 120 seconds left.\n|\n|t:|1700085872\n|switch|p1a: Unga Bunga|Great Tusk, shiny|100\/100\n|-enditem|p1a: Unga Bunga|Booster Energy\n|-activate|p1a: Unga Bunga|ability: Protosynthesis|[fromitem]\n|-start|p1a: Unga Bunga|protosynthesisatk\n|detailschange|p2a: Beedrill|Beedrill-Mega, F\n|-mega|p2a: Beedrill|Beedrill|Beedrillite\n|move|p2a: Beedrill|Poison Jab|p1a: Unga Bunga\n|-resisted|p1a: Unga Bunga\n|-damage|p1a: Unga Bunga|79\/100\n|\n|upkeep\n|turn|14\n|inactive|Jarl_jake has 120 seconds left.\n|\n|t:|1700085890\n|switch|p2a: Zarude|Zarude|100\/100\n|-activate|p2a: Zarude|move: Sticky Web\n|-unboost|p2a: Zarude|spe|1\n|move|p1a: Unga Bunga|Headlong Rush|p2a: Zarude\n|-resisted|p2a: Zarude\n|-damage|p2a: Zarude|60\/100\n|-unboost|p1a: Unga Bunga|def|1\n|-unboost|p1a: Unga Bunga|spd|1\n|\n|-heal|p2a: Zarude|66\/100|[from] item: Leftovers\n|upkeep\n|turn|15\n|inactive|Jarl_jake has 120 seconds left.\n|\n|t:|1700085901\n|move|p1a: Unga Bunga|Close Combat|p2a: Zarude\n|-supereffective|p2a: Zarude\n|-damage|p2a: Zarude|0 fnt\n|-unboost|p1a: Unga Bunga|def|1\n|-unboost|p1a: Unga Bunga|spd|1\n|faint|p2a: Zarude\n|\n|upkeep\n|-message|Blrrrd forfeited.\n|\n|win|Jarl_jake\n|raw|Jarl_jake's rating: 1412 &rarr; <strong>1427<\/strong><br \/>(+15 for winning)\n|raw|Blrrrd's rating: 1330 &rarr; <strong>1315<\/strong><br \/>(-15 for losing)\n|l|\u2606Blrrrd\n","uploadtime":1700085915,"views":10,"p1id":"jarljake","p2id":"blrrrd","formatid":"gen9nationaldex","rating":1315,"private":0,"password":""}