{"id":"gen9nationaldex-1990249825","p1":"WyattMilllll","p2":"meizhishi","format":"[Gen 9] National Dex","log":"|j|\u2606WyattMilllll\n|j|\u2606meizhishi\n|t:|1699944502\n|gametype|singles\n|player|p1|WyattMilllll|pokemonranger-gen4|1354\n|player|p2|meizhishi|1|1437\n|teamsize|p1|6\n|teamsize|p2|6\n|gen|9\n|tier|[Gen 9] National Dex\n|rated|\n|rule|HP Percentage Mod: HP is shown in percentages\n|rule|Endless Battle Clause: Forcing endless battles is banned\n|rule|OHKO Clause: OHKO moves are banned\n|rule|Evasion Clause: Evasion abilities, items, and moves are banned\n|rule|Evasion Abilities Clause: Evasion abilities are banned\n|rule|Evasion Items Clause: Evasion items are banned\n|rule|Evasion Moves Clause: Evasion moves are banned\n|rule|Species Clause: Limit one of each Pok\u00e9mon\n|rule|Sleep Clause Mod: Limit one foe put to sleep\n|clearpoke\n|poke|p1|Pelipper, M|\n|poke|p1|Greninja-*, M|\n|poke|p1|Floatzel, M|\n|poke|p1|Zapdos|\n|poke|p1|Ferrothorn, M|\n|poke|p1|Swampert, M|\n|poke|p2|Charizard, M|\n|poke|p2|Galvantula, M|\n|poke|p2|Great Tusk|\n|poke|p2|Garchomp, F|\n|poke|p2|Bisharp, M|\n|poke|p2|Rillaboom, F|\n|teampreview\n|inactive|Battle timer is ON: inactive players will automatically lose when time's up. (requested by WyattMilllll)\n|\n|t:|1699944520\n|start\n|switch|p1a: Pelipper|Pelipper, M|100\/100\n|switch|p2a: Charizard|Charizard, M|100\/100\n|-weather|RainDance|[from] ability: Drizzle|[of] p1a: Pelipper\n|turn|1\n|\n|t:|1699944528\n|switch|p1a: Zapdos|Zapdos|100\/100\n|detailschange|p2a: Charizard|Charizard-Mega-Y, M\n|-mega|p2a: Charizard|Charizard|Charizardite Y\n|-weather|SunnyDay|[from] ability: Drought|[of] p2a: Charizard\n|move|p2a: Charizard|Fire Blast|p1a: Zapdos\n|-damage|p1a: Zapdos|0 fnt\n|faint|p1a: Zapdos\n|\n|-weather|SunnyDay|[upkeep]\n|upkeep\n|\n|t:|1699944534\n|switch|p1a: Pelipper|Pelipper, M|100\/100\n|-weather|RainDance|[from] ability: Drizzle|[of] p1a: Pelipper\n|turn|2\n|\n|t:|1699944541\n|switch|p2a: Rillaboom|Rillaboom, F|100\/100\n|-fieldstart|move: Grassy Terrain|[from] ability: Grassy Surge|[of] p2a: Rillaboom\n|move|p1a: Pelipper|U-turn|p2a: Rillaboom\n|-supereffective|p2a: Rillaboom\n|-damage|p2a: Rillaboom|82\/100\n|\n|t:|1699944548\n|switch|p1a: Ferrothorn|Ferrothorn, M|100\/100|[from] U-turn\n|\n|-weather|RainDance|[upkeep]\n|-heal|p2a: Rillaboom|88\/100|[from] Grassy Terrain\n|upkeep\n|turn|3\n|\n|t:|1699944554\n|switch|p2a: Charizard|Charizard-Mega-Y, M|100\/100\n|-weather|SunnyDay|[from] ability: Drought|[of] p2a: Charizard\n|move|p1a: Ferrothorn|Stealth Rock|p2a: Charizard\n|-sidestart|p2: meizhishi|move: Stealth Rock\n|\n|-weather|SunnyDay|[upkeep]\n|upkeep\n|turn|4\n|\n|t:|1699944560\n|switch|p1a: Pelipper|Pelipper, M|100\/100\n|-weather|RainDance|[from] ability: Drizzle|[of] p1a: Pelipper\n|move|p2a: Charizard|Fire Blast|p1a: Pelipper\n|-resisted|p1a: Pelipper\n|-damage|p1a: Pelipper|77\/100\n|\n|-weather|RainDance|[upkeep]\n|upkeep\n|turn|5\n|\n|t:|1699944575\n|move|p2a: Charizard|Scorching Sands|p1a: Pelipper\n|-immune|p1a: Pelipper\n|move|p1a: Pelipper|U-turn|p2a: Charizard\n|-resisted|p2a: Charizard\n|-damage|p2a: Charizard|97\/100\n|\n|t:|1699944602\n|switch|p1a: Swampert|Swampert, M|100\/100|[from] U-turn\n|\n|-weather|RainDance|[upkeep]\n|upkeep\n|turn|6\n|\n|t:|1699944611\n|switch|p2a: Rillaboom|Rillaboom, F|88\/100\n|-damage|p2a: Rillaboom|76\/100|[from] Stealth Rock\n|detailschange|p1a: Swampert|Swampert-Mega, M\n|-mega|p1a: Swampert|Swampert|Swampertite\n|move|p1a: Swampert|Waterfall|p2a: Rillaboom\n|-resisted|p2a: Rillaboom\n|-damage|p2a: Rillaboom|35\/100\n|\n|-weather|RainDance|[upkeep]\n|-heal|p2a: Rillaboom|41\/100|[from] Grassy Terrain\n|-fieldend|move: Grassy Terrain\n|upkeep\n|turn|7\n|\n|t:|1699944631\n|switch|p2a: Bisharp|Bisharp, M|100\/100\n|-damage|p2a: Bisharp|95\/100|[from] Stealth Rock\n|move|p1a: Swampert|Ice Punch|p2a: Bisharp\n|-resisted|p2a: Bisharp\n|-damage|p2a: Bisharp|82\/100\n|\n|-weather|RainDance|[upkeep]\n|upkeep\n|turn|8\n|\n|t:|1699944644\n|move|p2a: Bisharp|Sucker Punch|p1a: Swampert\n|-damage|p1a: Swampert|65\/100\n|move|p1a: Swampert|Waterfall|p2a: Bisharp\n|-damage|p2a: Bisharp|26\/100\n|\n|-weather|RainDance|[upkeep]\n|upkeep\n|turn|9\n|\n|t:|1699944649\n|move|p1a: Swampert|Flip Turn|p2a: Bisharp\n|-damage|p2a: Bisharp|0 fnt\n|faint|p2a: Bisharp\n|\n|t:|1699944660\n|switch|p1a: Floatzel|Floatzel, M|100\/100|[from] Flip Turn\n|\n|-weather|RainDance|[upkeep]\n|upkeep\n|\n|t:|1699944665\n|switch|p2a: Rillaboom|Rillaboom, F|41\/100\n|-damage|p2a: Rillaboom|28\/100|[from] Stealth Rock\n|-fieldstart|move: Grassy Terrain|[from] ability: Grassy Surge|[of] p2a: Rillaboom\n|turn|10\n|\n|t:|1699944670\n|switch|p1a: Ferrothorn|Ferrothorn, M|100\/100\n|move|p2a: Rillaboom|U-turn|p1a: Ferrothorn\n|-damage|p1a: Ferrothorn|73\/100\n|-damage|p2a: Rillaboom|16\/100|[from] ability: Iron Barbs|[of] p1a: Ferrothorn\n|-damage|p2a: Rillaboom|0 fnt|[from] item: Rocky Helmet|[of] p1a: Ferrothorn\n|faint|p2a: Rillaboom\n|\n|-weather|RainDance|[upkeep]\n|-heal|p1a: Ferrothorn|79\/100|[from] Grassy Terrain\n|upkeep\n|\n|t:|1699944672\n|switch|p2a: Great Tusk|Great Tusk|100\/100\n|-damage|p2a: Great Tusk|98\/100|[from] Stealth Rock\n|turn|11\n|\n|t:|1699944676\n|move|p2a: Great Tusk|Rapid Spin|p1a: Ferrothorn\n|-resisted|p1a: Ferrothorn\n|-damage|p1a: Ferrothorn|72\/100\n|-boost|p2a: Great Tusk|spe|1\n|-damage|p2a: Great Tusk|85\/100|[from] ability: Iron Barbs|[of] p1a: Ferrothorn\n|-damage|p2a: Great Tusk|69\/100|[from] item: Rocky Helmet|[of] p1a: Ferrothorn\n|-sideend|p2: meizhishi|Stealth Rock|[from] move: Rapid Spin|[of] p2a: Great Tusk\n|move|p1a: Ferrothorn|Power Whip|p2a: Great Tusk\n|-supereffective|p2a: Great Tusk\n|-damage|p2a: Great Tusk|0 fnt\n|faint|p2a: Great Tusk\n|-end|p2a: Great Tusk|Protosynthesis|[silent]\n|\n|-weather|none\n|-heal|p1a: Ferrothorn|78\/100|[from] Grassy Terrain\n|upkeep\n|\n|t:|1699944699\n|switch|p2a: Garchomp|Garchomp, F|100\/100\n|turn|12\n|\n|t:|1699944710\n|switch|p1a: Greninja|Greninja, M|100\/100\n|move|p2a: Garchomp|Swords Dance|p2a: Garchomp\n|-boost|p2a: Garchomp|atk|2\n|\n|upkeep\n|turn|13\n|\n|t:|1699944717\n|-terastallize|p2a: Garchomp|Steel\n|move|p1a: Greninja|Dark Pulse|p2a: Garchomp\n|-damage|p2a: Garchomp|52\/100\n|-damage|p1a: Greninja|91\/100|[from] item: Life Orb\n|cant|p2a: Garchomp|flinch\n|\n|-heal|p1a: Greninja|97\/100|[from] Grassy Terrain\n|-heal|p2a: Garchomp|58\/100|[from] Grassy Terrain\n|upkeep\n|turn|14\n|\n|t:|1699944725\n|move|p1a: Greninja|Surf|p2a: Garchomp\n|-damage|p2a: Garchomp|2\/100\n|-damage|p1a: Greninja|87\/100|[from] item: Life Orb\n|move|p2a: Garchomp|Scale Shot|p1a: Greninja\n|-damage|p1a: Greninja|46\/100\n|-damage|p1a: Greninja|0 fnt\n|faint|p1a: Greninja\n|-hitcount|p1: Greninja|2\n|-unboost|p2a: Garchomp|def|1\n|-boost|p2a: Garchomp|spe|1\n|\n|-heal|p2a: Garchomp|8\/100|[from] Grassy Terrain\n|-fieldend|move: Grassy Terrain\n|upkeep\n|\n|t:|1699944733\n|switch|p1a: Floatzel|Floatzel, M|100\/100\n|turn|15\n|\n|t:|1699944741\n|switch|p2a: Charizard|Charizard-Mega-Y, M|97\/100\n|-weather|SunnyDay|[from] ability: Drought|[of] p2a: Charizard\n|move|p1a: Floatzel|Aqua Jet|p2a: Charizard\n|-supereffective|p2a: Charizard\n|-damage|p2a: Charizard|61\/100\n|\n|-weather|SunnyDay|[upkeep]\n|upkeep\n|turn|16\n|\n|t:|1699944748\n|switch|p1a: Ferrothorn|Ferrothorn, M|78\/100\n|switch|p2a: Galvantula|Galvantula, M|100\/100\n|\n|-weather|SunnyDay|[upkeep]\n|upkeep\n|turn|17\n|\n|t:|1699944754\n|switch|p2a: Charizard|Charizard-Mega-Y, M|61\/100\n|move|p1a: Ferrothorn|Gyro Ball|p2a: Charizard\n|-resisted|p2a: Charizard\n|-damage|p2a: Charizard|24\/100\n|\n|-weather|SunnyDay|[upkeep]\n|upkeep\n|turn|18\n|\n|t:|1699944759\n|move|p2a: Charizard|Roost|p2a: Charizard\n|-heal|p2a: Charizard|74\/100\n|-singleturn|p2a: Charizard|move: Roost\n|move|p1a: Ferrothorn|Stealth Rock|p2a: Charizard\n|-sidestart|p2: meizhishi|move: Stealth Rock\n|\n|-weather|SunnyDay|[upkeep]\n|upkeep\n|turn|19\n|\n|t:|1699944763\n|move|p2a: Charizard|Fire Blast|p1a: Ferrothorn\n|-supereffective|p1a: Ferrothorn\n|-damage|p1a: Ferrothorn|0 fnt\n|faint|p1a: Ferrothorn\n|\n|-weather|none\n|upkeep\n|\n|t:|1699944766\n|switch|p1a: Pelipper|Pelipper, M|77\/100\n|-weather|RainDance|[from] ability: Drizzle|[of] p1a: Pelipper\n|turn|20\n|\n|t:|1699944778\n|move|p2a: Charizard|Roost|p2a: Charizard\n|-heal|p2a: Charizard|100\/100\n|-singleturn|p2a: Charizard|move: Roost\n|move|p1a: Pelipper|U-turn|p2a: Charizard\n|-resisted|p2a: Charizard\n|-damage|p2a: Charizard|95\/100\n|\n|t:|1699944786\n|switch|p1a: Floatzel|Floatzel, M|100\/100|[from] U-turn\n|\n|-weather|RainDance|[upkeep]\n|upkeep\n|turn|21\n|\n|t:|1699944789\n|switch|p2a: Garchomp|Garchomp, F, tera:Steel|8\/100\n|-damage|p2a: Garchomp|2\/100|[from] Stealth Rock\n|move|p1a: Floatzel|Wave Crash|p2a: Garchomp\n|-damage|p2a: Garchomp|0 fnt\n|-damage|p1a: Floatzel|88\/100|[from] ability: Rough Skin|[of] p2a: Garchomp\n|faint|p2a: Garchomp\n|-damage|p1a: Floatzel|88\/100|[from] Recoil\n|\n|-weather|RainDance|[upkeep]\n|upkeep\n|\n|t:|1699944793\n|switch|p2a: Charizard|Charizard-Mega-Y, M|95\/100\n|-damage|p2a: Charizard|45\/100|[from] Stealth Rock\n|-weather|SunnyDay|[from] ability: Drought|[of] p2a: Charizard\n|turn|22\n|\n|t:|1699944798\n|move|p1a: Floatzel|Wave Crash|p2a: Charizard\n|-supereffective|p2a: Charizard\n|-damage|p2a: Charizard|0 fnt\n|faint|p2a: Charizard\n|-damage|p1a: Floatzel|73\/100|[from] Recoil\n|\n|-weather|SunnyDay|[upkeep]\n|upkeep\n|-message|meizhishi forfeited.\n|\n|win|WyattMilllll\n|raw|WyattMilllll's rating: 1354 &rarr; <strong>1379<\/strong><br \/>(+25 for winning)\n|raw|meizhishi's rating: 1437 &rarr; <strong>1412<\/strong><br \/>(-25 for losing)\n|l|\u2606meizhishi\n|c|\u2606WyattMilllll|Gg\n","uploadtime":1699944809,"views":4,"p1id":"wyattmilllll","p2id":"meizhishi","formatid":"gen9nationaldex","rating":1379,"private":0,"password":""}