{"id":"gen9nationaldex-1996873323","p1":"From The T0p","p2":"Anwim","format":"[Gen 9] National Dex","log":"|html|<div class=\"broadcast-blue\"><strong>[Gen 9] National Dex is currently suspecting Sneasler! For information on how to participate check out the <a href=\"https:\/\/www.smogon.com\/forums\/threads\/sv-national-dex-suspect-8-just-dance.3731534\/\">suspect thread<\/a>.<\/strong><\/div>\n|j|\u2606From The T0p\n|j|\u2606Anwim\n|t:|1700738568\n|gametype|singles\n|player|p1|From The T0p|wallace|1280\n|player|p2|Anwim|collector|1366\n|teamsize|p1|6\n|teamsize|p2|6\n|gen|9\n|tier|[Gen 9] National Dex\n|rated|\n|rule|HP Percentage Mod: HP is shown in percentages\n|rule|Endless Battle Clause: Forcing endless battles is banned\n|rule|OHKO Clause: OHKO moves are banned\n|rule|Evasion Clause: Evasion abilities, items, and moves are banned\n|rule|Evasion Abilities Clause: Evasion abilities are banned\n|rule|Evasion Items Clause: Evasion items are banned\n|rule|Evasion Moves Clause: Evasion moves are banned\n|rule|Species Clause: Limit one of each Pok\u00e9mon\n|rule|Sleep Clause Mod: Limit one foe put to sleep\n|clearpoke\n|poke|p1|Iron Moth|\n|poke|p1|Iron Valiant|\n|poke|p1|Iron Hands|\n|poke|p1|Iron Treads|\n|poke|p1|Iron Jugulis|\n|poke|p1|Tapu Koko|\n|poke|p2|Charizard, F|\n|poke|p2|Serperior, F|\n|poke|p2|Tyranitar, F|\n|poke|p2|Great Tusk|\n|poke|p2|Doublade, F|\n|poke|p2|Alomomola, M|\n|teampreview\n|inactive|Battle timer is ON: inactive players will automatically lose when time's up. (requested by From The T0p)\n|\n|t:|1700738588\n|start\n|switch|p1a: Tapu Koko|Tapu Koko|100\/100\n|switch|p2a: Charizard|Charizard, F, shiny|100\/100\n|-fieldstart|move: Electric Terrain|[from] ability: Electric Surge|[of] p1a: Tapu Koko\n|turn|1\n|c|\u2606From The T0p|Lol your zard is dead\n|\n|t:|1700738628\n|switch|p2a: Tyranitar|Tyranitar, F|100\/100\n|-weather|Sandstorm|[from] ability: Sand Stream|[of] p2a: Tyranitar\n|move|p1a: Tapu Koko|Dazzling Gleam|p2a: Tyranitar\n|-supereffective|p2a: Tyranitar\n|-damage|p2a: Tyranitar|65\/100\n|\n|-weather|Sandstorm|[upkeep]\n|-damage|p1a: Tapu Koko|94\/100|[from] Sandstorm\n|upkeep\n|turn|2\n|inactive|Anwim has 120 seconds left.\n|c|\u2606From The T0p|Oh\n|\n|t:|1700738671\n|switch|p2a: Alomomola|Alomomola, M|100\/100\n|move|p1a: Tapu Koko|Volt Switch|p2a: Alomomola\n|-supereffective|p2a: Alomomola\n|-damage|p2a: Alomomola|15\/100\n|\n|t:|1700738682\n|switch|p1a: Iron Moth|Iron Moth|100\/100|[from] Volt Switch\n|-activate|p1a: Iron Moth|ability: Quark Drive\n|-start|p1a: Iron Moth|quarkdrivespe\n|\n|-weather|Sandstorm|[upkeep]\n|-damage|p1a: Iron Moth|95\/100|[from] Sandstorm\n|-damage|p2a: Alomomola|9\/100|[from] Sandstorm\n|upkeep\n|turn|3\n|\n|t:|1700738691\n|move|p1a: Iron Moth|Fiery Dance|p2a: Alomomola\n|-resisted|p2a: Alomomola\n|-damage|p2a: Alomomola|0 fnt\n|-boost|p1a: Iron Moth|spa|1\n|faint|p2a: Alomomola\n|\n|-weather|Sandstorm|[upkeep]\n|-damage|p1a: Iron Moth|89\/100|[from] Sandstorm\n|upkeep\n|\n|t:|1700738701\n|switch|p2a: Charizard|Charizard, F, shiny|100\/100\n|turn|4\n|\n|t:|1700738711\n|detailschange|p2a: Charizard|Charizard-Mega-Y, F, shiny\n|-mega|p2a: Charizard|Charizard|Charizardite Y\n|-weather|SunnyDay|[from] ability: Drought|[of] p2a: Charizard\n|move|p1a: Iron Moth|Fiery Dance|p2a: Charizard\n|-resisted|p2a: Charizard\n|-damage|p2a: Charizard|33\/100\n|move|p2a: Charizard|Scorching Sands|p1a: Iron Moth\n|-supereffective|p1a: Iron Moth\n|-damage|p1a: Iron Moth|0 fnt\n|faint|p1a: Iron Moth\n|-end|p1a: Iron Moth|Quark Drive|[silent]\n|\n|-weather|SunnyDay|[upkeep]\n|upkeep\n|\n|t:|1700738718\n|switch|p1a: Iron Hands|Iron Hands|100\/100\n|-activate|p1a: Iron Hands|ability: Quark Drive\n|-start|p1a: Iron Hands|quarkdriveatk\n|turn|5\n|\n|t:|1700738729\n|switch|p2a: Doublade|Doublade, F, shiny|100\/100\n|move|p1a: Iron Hands|Fake Out|p2a: Doublade\n|-immune|p2a: Doublade\n|\n|-weather|SunnyDay|[upkeep]\n|upkeep\n|turn|6\n|\n|t:|1700738738\n|move|p1a: Iron Hands|Heavy Slam|p2a: Doublade\n|-resisted|p2a: Doublade\n|-damage|p2a: Doublade|84\/100\n|move|p2a: Doublade|Shadow Claw|p1a: Iron Hands\n|-damage|p1a: Iron Hands|79\/100\n|\n|-weather|SunnyDay|[upkeep]\n|upkeep\n|turn|7\n|inactive|Anwim has 120 seconds left.\n|\n|t:|1700738748\n|move|p1a: Iron Hands|Wild Charge|p2a: Doublade\n|-damage|p2a: Doublade|39\/100\n|-damage|p1a: Iron Hands|72\/100|[from] Recoil\n|move|p2a: Doublade|Gyro Ball|p1a: Iron Hands\n|-resisted|p1a: Iron Hands\n|-damage|p1a: Iron Hands|64\/100\n|\n|-weather|SunnyDay|[upkeep]\n|upkeep\n|turn|8\n|inactive|Anwim has 120 seconds left.\n|\n|t:|1700738759\n|switch|p2a: Great Tusk|Great Tusk, shiny|100\/100\n|-activate|p2a: Great Tusk|ability: Protosynthesis\n|-start|p2a: Great Tusk|protosynthesisatk\n|move|p1a: Iron Hands|Wild Charge|p2a: Great Tusk\n|-immune|p2a: Great Tusk\n|\n|-weather|none\n|-end|p2a: Great Tusk|Protosynthesis\n|-fieldend|move: Electric Terrain\n|-end|p1a: Iron Hands|Quark Drive\n|upkeep\n|turn|9\n|inactive|Anwim has 120 seconds left.\n|\n|t:|1700738770\n|-end|p1a: Iron Hands|Quark Drive|[silent]\n|switch|p1a: Iron Jugulis|Iron Jugulis|100\/100\n|-zpower|p2a: Great Tusk\n|move|p2a: Great Tusk|Continental Crush|p1a: Iron Jugulis|[zeffect]\n|-supereffective|p1a: Iron Jugulis\n|-damage|p1a: Iron Jugulis|0 fnt\n|faint|p1a: Iron Jugulis\n|-end|p1a: Iron Jugulis|Quark Drive|[silent]\n|\n|upkeep\n|\n|t:|1700738778\n|switch|p1a: Tapu Koko|Tapu Koko|94\/100\n|-fieldstart|move: Electric Terrain|[from] ability: Electric Surge|[of] p1a: Tapu Koko\n|turn|10\n|inactive|Anwim has 120 seconds left.\n|c|\u2606From The T0p|Bye bye koko\n|c|\u2606From The T0p|I guess\n|\n|t:|1700738806\n|-end|p2a: Great Tusk|Protosynthesis|[silent]\n|switch|p2a: Tyranitar|Tyranitar, F|65\/100\n|-weather|Sandstorm|[from] ability: Sand Stream|[of] p2a: Tyranitar\n|-terastallize|p1a: Tapu Koko|Flying\n|move|p1a: Tapu Koko|Dazzling Gleam|p2a: Tyranitar\n|-supereffective|p2a: Tyranitar\n|-damage|p2a: Tyranitar|28\/100\n|\n|-weather|Sandstorm|[upkeep]\n|-damage|p1a: Tapu Koko|88\/100|[from] Sandstorm\n|upkeep\n|turn|11\n|\n|t:|1700738828\n|-terastallize|p2a: Tyranitar|Flying\n|move|p1a: Tapu Koko|Dazzling Gleam|p2a: Tyranitar\n|-damage|p2a: Tyranitar|0 fnt\n|faint|p2a: Tyranitar\n|\n|-weather|Sandstorm|[upkeep]\n|-damage|p1a: Tapu Koko|82\/100|[from] Sandstorm\n|upkeep\n|\n|t:|1700738839\n|switch|p2a: Serperior|Serperior, F|100\/100\n|turn|12\n|\n|t:|1700738843\n|move|p1a: Tapu Koko|Volt Switch|p2a: Serperior\n|-resisted|p2a: Serperior\n|-damage|p2a: Serperior|82\/100\n|\n|t:|1700738849\n|switch|p1a: Iron Treads|Iron Treads|100\/100|[from] Volt Switch\n|-activate|p1a: Iron Treads|ability: Quark Drive\n|-start|p1a: Iron Treads|quarkdrivespe\n|move|p2a: Serperior|Glare|p1a: Iron Treads\n|-status|p1a: Iron Treads|par\n|\n|-weather|Sandstorm|[upkeep]\n|-damage|p2a: Serperior|76\/100|[from] Sandstorm\n|-heal|p2a: Serperior|82\/100|[from] item: Leftovers\n|upkeep\n|turn|13\n|\n|t:|1700738865\n|move|p2a: Serperior|Substitute|p2a: Serperior\n|-start|p2a: Serperior|Substitute\n|-damage|p2a: Serperior|58\/100\n|move|p1a: Iron Treads|Ice Spinner|p2a: Serperior\n|-supereffective|p2a: Serperior\n|-end|p2a: Serperior|Substitute\n|-fieldend|move: Electric Terrain\n|-end|p1a: Iron Treads|Quark Drive\n|-damage|p1a: Iron Treads|91\/100 par|[from] item: Life Orb\n|\n|-weather|Sandstorm|[upkeep]\n|-damage|p2a: Serperior|51\/100|[from] Sandstorm\n|-heal|p2a: Serperior|58\/100|[from] item: Leftovers\n|upkeep\n|turn|14\n|\n|t:|1700738886\n|move|p2a: Serperior|Substitute|p2a: Serperior\n|-start|p2a: Serperior|Substitute\n|-damage|p2a: Serperior|33\/100\n|move|p1a: Iron Treads|Ice Spinner|p2a: Serperior\n|-supereffective|p2a: Serperior\n|-end|p2a: Serperior|Substitute\n|-damage|p1a: Iron Treads|81\/100 par|[from] item: Life Orb\n|\n|-weather|none\n|-heal|p2a: Serperior|39\/100|[from] item: Leftovers\n|upkeep\n|turn|15\n|c|\u2606From The T0p|Come on\n|c|\u2606From The T0p|Come on\n|inactive|Anwim has 90 seconds left.\n|\n|t:|1700738901\n|move|p2a: Serperior|Substitute|p2a: Serperior\n|-start|p2a: Serperior|Substitute\n|-damage|p2a: Serperior|14\/100\n|move|p1a: Iron Treads|Ice Spinner|p2a: Serperior\n|-supereffective|p2a: Serperior\n|-end|p2a: Serperior|Substitute\n|-damage|p1a: Iron Treads|71\/100 par|[from] item: Life Orb\n|\n|-heal|p2a: Serperior|20\/100|[from] item: Leftovers\n|upkeep\n|turn|16\n|inactive|Anwim has 90 seconds left.\n|\n|t:|1700738913\n|-end|p1a: Iron Treads|Quark Drive|[silent]\n|switch|p1a: Iron Hands|Iron Hands|64\/100\n|move|p2a: Serperior|Leaf Storm|p1a: Iron Hands\n|-damage|p1a: Iron Hands|39\/100\n|-boost|p2a: Serperior|spa|2\n|\n|-heal|p2a: Serperior|26\/100|[from] item: Leftovers\n|upkeep\n|turn|17\n|c|\u2606From The T0p|Perfect\n|inactive|Anwim has 90 seconds left.\n|\n|t:|1700738925\n|move|p1a: Iron Hands|Fake Out|p2a: Serperior\n|-damage|p2a: Serperior|9\/100\n|cant|p2a: Serperior|flinch\n|\n|-heal|p2a: Serperior|15\/100|[from] item: Leftovers\n|upkeep\n|turn|18\n|\n|t:|1700738933\n|-end|p1a: Iron Hands|Quark Drive|[silent]\n|switch|p1a: Tapu Koko|Tapu Koko, tera:Flying|82\/100\n|-fieldstart|move: Electric Terrain|[from] ability: Electric Surge|[of] p1a: Tapu Koko\n|move|p2a: Serperior|Leaf Storm|p1a: Tapu Koko\n|-resisted|p1a: Tapu Koko\n|-damage|p1a: Tapu Koko|10\/100\n|-boost|p2a: Serperior|spa|2\n|\n|-heal|p2a: Serperior|21\/100|[from] item: Leftovers\n|upkeep\n|turn|19\n|\n|t:|1700738948\n|move|p1a: Tapu Koko|Dazzling Gleam|p2a: Serperior\n|-damage|p2a: Serperior|0 fnt\n|faint|p2a: Serperior\n|\n|upkeep\n|\n|t:|1700738953\n|switch|p2a: Doublade|Doublade, F, shiny|39\/100\n|turn|20\n|\n|t:|1700738958\n|move|p2a: Doublade|Shadow Sneak|p1a: Tapu Koko\n|-damage|p1a: Tapu Koko|0 fnt\n|faint|p1a: Tapu Koko\n|\n|upkeep\n|\n|t:|1700738962\n|switch|p1a: Iron Treads|Iron Treads|71\/100 par\n|-activate|p1a: Iron Treads|ability: Quark Drive\n|-start|p1a: Iron Treads|quarkdrivespe\n|turn|21\n|\n|t:|1700738971\n|move|p1a: Iron Treads|Earthquake|p2a: Doublade\n|-supereffective|p2a: Doublade\n|-damage|p2a: Doublade|0 fnt\n|faint|p2a: Doublade\n|-damage|p1a: Iron Treads|61\/100 par|[from] item: Life Orb\n|\n|upkeep\n|\n|t:|1700738984\n|switch|p2a: Great Tusk|Great Tusk, shiny|100\/100\n|turn|22\n|\n|t:|1700738990\n|move|p2a: Great Tusk|Rapid Spin|p1a: Iron Treads\n|-resisted|p1a: Iron Treads\n|-damage|p1a: Iron Treads|52\/100 par\n|-boost|p2a: Great Tusk|spe|1\n|move|p1a: Iron Treads|Ice Spinner|p2a: Great Tusk\n|-supereffective|p2a: Great Tusk\n|-damage|p2a: Great Tusk|57\/100\n|-fieldend|move: Electric Terrain\n|-end|p1a: Iron Treads|Quark Drive\n|-damage|p1a: Iron Treads|42\/100 par|[from] item: Life Orb\n|\n|upkeep\n|turn|23\n|inactive|Anwim has 120 seconds left.\n|\n|t:|1700739003\n|move|p2a: Great Tusk|Headlong Rush|p1a: Iron Treads\n|-supereffective|p1a: Iron Treads\n|-damage|p1a: Iron Treads|0 fnt\n|-unboost|p2a: Great Tusk|def|1\n|-unboost|p2a: Great Tusk|spd|1\n|faint|p1a: Iron Treads\n|-end|p1a: Iron Treads|Quark Drive|[silent]\n|\n|upkeep\n|\n|t:|1700739008\n|switch|p1a: Iron Hands|Iron Hands|39\/100\n|turn|24\n|c|\u2606Anwim|bye\n|inactive|Anwim has 120 seconds left.\n|\n|t:|1700739018\n|move|p1a: Iron Hands|Fake Out|p2a: Great Tusk\n|-damage|p2a: Great Tusk|40\/100\n|cant|p2a: Great Tusk|flinch\n|\n|upkeep\n|turn|25\n|\n|t:|1700739028\n|-end|p1a: Iron Hands|Quark Drive|[silent]\n|switch|p1a: Iron Valiant|Iron Valiant|100\/100\n|move|p2a: Great Tusk|Headlong Rush|p1a: Iron Valiant\n|-damage|p1a: Iron Valiant|26\/100\n|-unboost|p2a: Great Tusk|def|1\n|-unboost|p2a: Great Tusk|spd|1\n|\n|upkeep\n|turn|26\n|\n|t:|1700739037\n|move|p2a: Great Tusk|Headlong Rush|p1a: Iron Valiant\n|-damage|p1a: Iron Valiant|0 fnt\n|-unboost|p2a: Great Tusk|def|1\n|-unboost|p2a: Great Tusk|spd|1\n|faint|p1a: Iron Valiant\n|-end|p1a: Iron Valiant|Quark Drive|[silent]\n|\n|upkeep\n|\n|t:|1700739039\n|switch|p1a: Iron Hands|Iron Hands|39\/100\n|turn|27\n|c|\u2606Anwim|wow\n|\n|t:|1700739055\n|move|p1a: Iron Hands|Fake Out|p2a: Great Tusk\n|-damage|p2a: Great Tusk|12\/100\n|cant|p2a: Great Tusk|flinch\n|\n|upkeep\n|turn|28\n|\n|t:|1700739060\n|move|p1a: Iron Hands|Fake Out||[still]\n|-hint|Fake Out only works on your first turn out.\n|-fail|p1a: Iron Hands\n|move|p2a: Great Tusk|Headlong Rush|p1a: Iron Hands\n|-supereffective|p1a: Iron Hands\n|-damage|p1a: Iron Hands|0 fnt\n|-unboost|p2a: Great Tusk|def|1\n|-unboost|p2a: Great Tusk|spd|1\n|faint|p1a: Iron Hands\n|-end|p1a: Iron Hands|Quark Drive|[silent]\n|\n|win|Anwim\n|raw|From The T0p's rating: 1280 &rarr; <strong>1261<\/strong><br \/>(-19 for losing)\n|raw|Anwim's rating: 1366 &rarr; <strong>1381<\/strong><br \/>(+15 for winning)\n|c|\u2606From The T0p|Gg\n|l|\u2606From The T0p\n","uploadtime":1700739081,"views":0,"p1id":"fromthet0p","p2id":"anwim","formatid":"gen9nationaldex","rating":1261,"private":0,"password":""}