{"id":"gen9nationaldex-1993640785","p1":"derfred","p2":"Dancing Roach","format":"[Gen 9] National Dex","log":"|j|\u2606derfred\n|j|\u2606Dancing Roach\n|t:|1700340525\n|gametype|singles\n|player|p1|derfred|1|1336\n|player|p2|Dancing Roach|juan|1445\n|teamsize|p1|6\n|teamsize|p2|6\n|gen|9\n|tier|[Gen 9] National Dex\n|rated|\n|rule|HP Percentage Mod: HP is shown in percentages\n|rule|Endless Battle Clause: Forcing endless battles is banned\n|rule|OHKO Clause: OHKO moves are banned\n|rule|Evasion Clause: Evasion abilities, items, and moves are banned\n|rule|Evasion Abilities Clause: Evasion abilities are banned\n|rule|Evasion Items Clause: Evasion items are banned\n|rule|Evasion Moves Clause: Evasion moves are banned\n|rule|Species Clause: Limit one of each Pok\u00e9mon\n|rule|Sleep Clause Mod: Limit one foe put to sleep\n|clearpoke\n|poke|p1|Aerodactyl, F|\n|poke|p1|Charizard, M|\n|poke|p1|Clefable, F|\n|poke|p1|Heatran, M|\n|poke|p1|Dragonite, M|\n|poke|p1|Jirachi|\n|poke|p2|Gyarados, M|\n|poke|p2|Zapdos|\n|poke|p2|Ninetales-Alola, F|\n|poke|p2|Gliscor, M|\n|poke|p2|Iron Valiant|\n|poke|p2|Heatran, M|\n|teampreview\n|inactive|Battle timer is ON: inactive players will automatically lose when time's up. (requested by derfred)\n|\n|t:|1700340550\n|start\n|switch|p1a: Aerodactyl|Aerodactyl, F|100\/100\n|switch|p2a: Gyarados|Gyarados, M|100\/100\n|-ability|p2a: Gyarados|Intimidate|boost\n|-unboost|p1a: Aerodactyl|atk|1\n|turn|1\n|\n|t:|1700340563\n|switch|p2a: Gliscor|Gliscor, M|100\/100\n|move|p1a: Aerodactyl|Taunt|p2a: Gliscor\n|-start|p2a: Gliscor|move: Taunt\n|\n|-status|p2a: Gliscor|tox|[from] item: Toxic Orb\n|upkeep\n|turn|2\n|\n|t:|1700340579\n|switch|p1a: Charizard|Charizard, M|100\/100\n|switch|p2a: Gyarados|Gyarados, M|100\/100\n|-ability|p2a: Gyarados|Intimidate|boost\n|-unboost|p1a: Charizard|atk|1\n|\n|upkeep\n|turn|3\n|\n|t:|1700340594\n|switch|p1a: Clefable|Clefable, F|100\/100\n|detailschange|p2a: Gyarados|Gyarados-Mega, M\n|-mega|p2a: Gyarados|Gyarados|Gyaradosite\n|-ability|p2a: Gyarados|Mold Breaker\n|move|p2a: Gyarados|Dragon Dance|p2a: Gyarados\n|-boost|p2a: Gyarados|atk|1\n|-boost|p2a: Gyarados|spe|1\n|\n|upkeep\n|turn|4\n|\n|t:|1700340608\n|move|p2a: Gyarados|Waterfall|p1a: Clefable\n|-damage|p1a: Clefable|14\/100\n|move|p1a: Clefable|Sing|p2a: Gyarados\n|-status|p2a: Gyarados|slp|[from] move: Sing\n|\n|-heal|p1a: Clefable|20\/100|[from] item: Leftovers\n|upkeep\n|turn|5\n|\n|t:|1700340614\n|cant|p2a: Gyarados|slp\n|move|p1a: Clefable|Soft-Boiled|p1a: Clefable\n|-heal|p1a: Clefable|70\/100\n|\n|-heal|p1a: Clefable|76\/100|[from] item: Leftovers\n|upkeep\n|turn|6\n|\n|t:|1700340621\n|cant|p2a: Gyarados|slp\n|move|p1a: Clefable|Cosmic Power|p1a: Clefable\n|-boost|p1a: Clefable|def|1\n|-boost|p1a: Clefable|spd|1\n|\n|-heal|p1a: Clefable|82\/100|[from] item: Leftovers\n|upkeep\n|turn|7\n|\n|t:|1700340627\n|cant|p2a: Gyarados|slp\n|move|p1a: Clefable|Cosmic Power|p1a: Clefable\n|-boost|p1a: Clefable|def|1\n|-boost|p1a: Clefable|spd|1\n|\n|-heal|p1a: Clefable|88\/100|[from] item: Leftovers\n|upkeep\n|turn|8\n|\n|t:|1700340630\n|-curestatus|p2a: Gyarados|slp|[msg]\n|move|p2a: Gyarados|Substitute|p2a: Gyarados\n|-start|p2a: Gyarados|Substitute\n|-damage|p2a: Gyarados|76\/100\n|move|p1a: Clefable|Cosmic Power|p1a: Clefable\n|-boost|p1a: Clefable|def|1\n|-boost|p1a: Clefable|spd|1\n|\n|-heal|p1a: Clefable|94\/100|[from] item: Leftovers\n|upkeep\n|turn|9\n|c|\u2606Dancing Roach|nice set\n|-message|derfred forfeited.\n|\n|win|Dancing Roach\n|raw|derfred's rating: 1336 &rarr; <strong>1322<\/strong><br \/>(-14 for losing)\n|raw|Dancing Roach's rating: 1445 &rarr; <strong>1459<\/strong><br \/>(+14 for winning)\n|l|\u2606derfred\n","uploadtime":1700340648,"views":7,"p1id":"derfred","p2id":"dancingroach","formatid":"gen9nationaldex","rating":1322,"private":0,"password":""}