{"id":"gen9nationaldex-1998527934","p1":"IFDCOACH","p2":"HypernovaFr","format":"[Gen 9] National Dex","log":"|html|<div class=\"broadcast-blue\"><strong>[Gen 9] National Dex is currently suspecting Sneasler! For information on how to participate check out the <a href=\"https:\/\/www.smogon.com\/forums\/threads\/sv-national-dex-suspect-8-just-dance.3731534\/\">suspect thread<\/a>.<\/strong><\/div>\n|j|\u2606IFDCOACH\n|j|\u2606HypernovaFr\n|t:|1700952551\n|gametype|singles\n|player|p1|IFDCOACH|170|1348\n|player|p2|HypernovaFr|ingo|1414\n|teamsize|p1|6\n|teamsize|p2|6\n|gen|9\n|tier|[Gen 9] National Dex\n|rated|\n|rule|HP Percentage Mod: HP is shown in percentages\n|rule|Endless Battle Clause: Forcing endless battles is banned\n|rule|OHKO Clause: OHKO moves are banned\n|rule|Evasion Clause: Evasion abilities, items, and moves are banned\n|rule|Evasion Abilities Clause: Evasion abilities are banned\n|rule|Evasion Items Clause: Evasion items are banned\n|rule|Evasion Moves Clause: Evasion moves are banned\n|rule|Species Clause: Limit one of each Pok\u00e9mon\n|rule|Sleep Clause Mod: Limit one foe put to sleep\n|clearpoke\n|poke|p1|Gliscor, F|\n|poke|p1|Tyranitar, F|\n|poke|p1|Rillaboom, F|\n|poke|p1|Alakazam, F|\n|poke|p1|Tornadus-Therian, M|\n|poke|p1|Excadrill, F|\n|poke|p2|Gastrodon, F|\n|poke|p2|Magnezone|\n|poke|p2|Xatu, F|\n|poke|p2|Scizor, M|\n|poke|p2|Greninja-*, F|\n|poke|p2|Incineroar, M|\n|teampreview\n|c|\u2606HypernovaFr|gl\n|\n|t:|1700952566\n|start\n|switch|p1a: Tornadus|Tornadus-Therian, M|100\/100\n|switch|p2a: Beep Boop|Magnezone, shiny|100\/100\n|turn|1\n|\n|t:|1700952575\n|move|p1a: Tornadus|U-turn|p2a: Beep Boop\n|-resisted|p2a: Beep Boop\n|-damage|p2a: Beep Boop|92\/100\n|\n|t:|1700952579\n|switch|p1a: Gliscor|Gliscor, F, shiny|100\/100|[from] U-turn\n|move|p2a: Beep Boop|Volt Switch|p1a: Gliscor\n|-immune|p1a: Gliscor\n|\n|-status|p1a: Gliscor|tox|[from] item: Toxic Orb\n|upkeep\n|turn|2\n|\n|t:|1700952588\n|switch|p2a: kesk j'foula|Xatu, F, shiny|100\/100\n|move|p1a: Gliscor|Knock Off|p2a: kesk j'foula\n|-supereffective|p2a: kesk j'foula\n|-damage|p2a: kesk j'foula|60\/100\n|-enditem|p2a: kesk j'foula|Leftovers|[from] move: Knock Off|[of] p1a: Gliscor\n|\n|upkeep\n|turn|3\n|\n|t:|1700952600\n|switch|p1a: Tyranitar|Tyranitar, F, shiny|100\/100\n|-weather|Sandstorm|[from] ability: Sand Stream|[of] p1a: Tyranitar\n|move|p2a: kesk j'foula|Roost|p2a: kesk j'foula\n|-heal|p2a: kesk j'foula|100\/100\n|-singleturn|p2a: kesk j'foula|move: Roost\n|\n|-weather|Sandstorm|[upkeep]\n|-damage|p2a: kesk j'foula|95\/100|[from] Sandstorm\n|upkeep\n|turn|4\n|\n|t:|1700952614\n|move|p2a: kesk j'foula|Toxic|p1a: Tyranitar\n|-status|p1a: Tyranitar|tox\n|move|p1a: Tyranitar|Rock Blast|p2a: kesk j'foula\n|-supereffective|p2a: kesk j'foula\n|-damage|p2a: kesk j'foula|69\/100\n|-supereffective|p2a: kesk j'foula\n|-damage|p2a: kesk j'foula|42\/100\n|-supereffective|p2a: kesk j'foula\n|-damage|p2a: kesk j'foula|18\/100\n|-supereffective|p2a: kesk j'foula\n|-crit|p2a: kesk j'foula\n|-damage|p2a: kesk j'foula|0 fnt\n|faint|p2a: kesk j'foula\n|-hitcount|p2: kesk j'foula|4\n|\n|-weather|Sandstorm|[upkeep]\n|-damage|p1a: Tyranitar|94\/100 tox|[from] psn\n|upkeep\n|\n|t:|1700952621\n|switch|p2a: Burritos|Incineroar, M, shiny|100\/100\n|-ability|p2a: Burritos|Intimidate|boost\n|-unboost|p1a: Tyranitar|atk|1\n|turn|5\n|\n|t:|1700952632\n|switch|p1a: Gliscor|Gliscor, F, shiny|100\/100 tox\n|move|p2a: Burritos|Close Combat|p1a: Gliscor\n|-resisted|p1a: Gliscor\n|-damage|p1a: Gliscor|86\/100 tox\n|-unboost|p2a: Burritos|def|1\n|-unboost|p2a: Burritos|spd|1\n|\n|-weather|Sandstorm|[upkeep]\n|-damage|p2a: Burritos|94\/100|[from] Sandstorm\n|-heal|p1a: Gliscor|98\/100 tox|[from] ability: Poison Heal\n|upkeep\n|turn|6\n|\n|t:|1700952646\n|switch|p2a: Battle Bond|Greninja, F, shiny|100\/100\n|move|p1a: Gliscor|Spikes|p2a: Battle Bond\n|-sidestart|p2: HypernovaFr|Spikes\n|\n|-weather|Sandstorm|[upkeep]\n|-damage|p2a: Battle Bond|95\/100|[from] Sandstorm\n|-heal|p1a: Gliscor|100\/100 tox|[from] ability: Poison Heal\n|upkeep\n|turn|7\n|\n|t:|1700952656\n|move|p1a: Gliscor|Protect|p1a: Gliscor\n|-singleturn|p1a: Gliscor|Protect\n|move|p2a: Battle Bond|U-turn|p1a: Gliscor\n|-start|p2a: Battle Bond|typechange|Bug|[from] ability: Protean\n|-activate|p1a: Gliscor|move: Protect\n|\n|-weather|none\n|upkeep\n|turn|8\n|c|\u2606HypernovaFr|:)\n|\n|t:|1700952681\n|move|p2a: Battle Bond|U-turn|p1a: Gliscor\n|-resisted|p1a: Gliscor\n|-damage|p1a: Gliscor|88\/100 tox\n|\n|t:|1700952685\n|switch|p2a: Diarrh\u00e9e|Gastrodon, F, shiny|100\/100|[from] U-turn\n|-damage|p2a: Diarrh\u00e9e|88\/100|[from] Spikes\n|move|p1a: Gliscor|Knock Off|p2a: Diarrh\u00e9e\n|-damage|p2a: Diarrh\u00e9e|71\/100\n|-enditem|p2a: Diarrh\u00e9e|Leftovers|[from] move: Knock Off|[of] p1a: Gliscor\n|\n|-heal|p1a: Gliscor|100\/100 tox|[from] ability: Poison Heal\n|upkeep\n|turn|9\n|\n|t:|1700952700\n|switch|p1a: Tyranitar|Tyranitar, F, shiny|94\/100 tox\n|-weather|Sandstorm|[from] ability: Sand Stream|[of] p1a: Tyranitar\n|move|p2a: Diarrh\u00e9e|Scald|p1a: Tyranitar\n|-supereffective|p1a: Tyranitar\n|-damage|p1a: Tyranitar|78\/100 tox\n|\n|-weather|Sandstorm|[upkeep]\n|-damage|p1a: Tyranitar|72\/100 tox|[from] psn\n|upkeep\n|turn|10\n|\n|t:|1700952712\n|move|p2a: Diarrh\u00e9e|Earthquake|p1a: Tyranitar\n|-supereffective|p1a: Tyranitar\n|-damage|p1a: Tyranitar|29\/100 tox\n|move|p1a: Tyranitar|Dragon Tail|p2a: Diarrh\u00e9e\n|-damage|p2a: Diarrh\u00e9e|55\/100\n|drag|p2a: Lemon|Scizor, M, shiny|100\/100\n|-damage|p2a: Lemon|88\/100|[from] Spikes\n|\n|-weather|Sandstorm|[upkeep]\n|-damage|p1a: Tyranitar|16\/100 tox|[from] psn\n|upkeep\n|turn|11\n|\n|t:|1700952729\n|switch|p1a: Gliscor|Gliscor, F, shiny|100\/100 tox\n|detailschange|p2a: Lemon|Scizor-Mega, M, shiny\n|-mega|p2a: Lemon|Scizor|Scizorite\n|move|p2a: Lemon|Bullet Punch|p1a: Gliscor\n|-damage|p1a: Gliscor|72\/100 tox\n|\n|-weather|Sandstorm|[upkeep]\n|-heal|p1a: Gliscor|84\/100 tox|[from] ability: Poison Heal\n|upkeep\n|turn|12\n|inactive|Battle timer is ON: inactive players will automatically lose when time's up. (requested by IFDCOACH)\n|\n|t:|1700952744\n|move|p1a: Gliscor|Earthquake|p2a: Lemon\n|-damage|p2a: Lemon|58\/100\n|move|p2a: Lemon|Dual Wingbeat|p1a: Gliscor\n|-damage|p1a: Gliscor|64\/100 tox\n|-damage|p1a: Gliscor|44\/100 tox\n|-hitcount|p1a: Gliscor|2\n|\n|-weather|Sandstorm|[upkeep]\n|-heal|p1a: Gliscor|56\/100 tox|[from] ability: Poison Heal\n|upkeep\n|turn|13\n|\n|t:|1700952764\n|move|p1a: Gliscor|Earthquake|p2a: Lemon\n|-damage|p2a: Lemon|28\/100\n|move|p2a: Lemon|Dual Wingbeat|p1a: Gliscor\n|-damage|p1a: Gliscor|36\/100 tox\n|-damage|p1a: Gliscor|14\/100 tox\n|-hitcount|p1a: Gliscor|2\n|\n|-weather|none\n|-heal|p1a: Gliscor|27\/100 tox|[from] ability: Poison Heal\n|upkeep\n|turn|14\n|\n|t:|1700952776\n|move|p1a: Gliscor|Protect|p1a: Gliscor\n|-singleturn|p1a: Gliscor|Protect\n|move|p2a: Lemon|Pursuit|p1a: Gliscor\n|-activate|p1a: Gliscor|move: Protect\n|\n|-heal|p1a: Gliscor|39\/100 tox|[from] ability: Poison Heal\n|upkeep\n|turn|15\n|\n|t:|1700952784\n|move|p1a: Gliscor|Earthquake|p2a: Lemon\n|-damage|p2a: Lemon|0 fnt\n|faint|p2a: Lemon\n|\n|-heal|p1a: Gliscor|52\/100 tox|[from] ability: Poison Heal\n|upkeep\n|\n|t:|1700952789\n|switch|p2a: Beep Boop|Magnezone, shiny|92\/100\n|-damage|p2a: Beep Boop|79\/100|[from] Spikes\n|turn|16\n|c|\u2606HypernovaFr|:\n|c|\u2606HypernovaFr|:0\n|\n|t:|1700952803\n|move|p1a: Gliscor|Protect|p1a: Gliscor\n|-singleturn|p1a: Gliscor|Protect\n|move|p2a: Beep Boop|Hidden Power|p1a: Gliscor\n|-activate|p1a: Gliscor|move: Protect\n|\n|-heal|p1a: Gliscor|64\/100 tox|[from] ability: Poison Heal\n|upkeep\n|turn|17\n|\n|t:|1700952813\n|-terastallize|p1a: Gliscor|Water\n|move|p2a: Beep Boop|Hidden Power|p1a: Gliscor\n|-resisted|p1a: Gliscor\n|-damage|p1a: Gliscor|51\/100 tox\n|move|p1a: Gliscor|Earthquake|p2a: Beep Boop\n|-supereffective|p2a: Beep Boop\n|-damage|p2a: Beep Boop|0 fnt\n|faint|p2a: Beep Boop\n|\n|-heal|p1a: Gliscor|63\/100 tox|[from] ability: Poison Heal\n|upkeep\n|\n|t:|1700952820\n|switch|p2a: Diarrh\u00e9e|Gastrodon, F, shiny|55\/100\n|-damage|p2a: Diarrh\u00e9e|42\/100|[from] Spikes\n|turn|18\n|\n|t:|1700952830\n|move|p1a: Gliscor|Earthquake|p2a: Diarrh\u00e9e\n|-damage|p2a: Diarrh\u00e9e|16\/100\n|move|p2a: Diarrh\u00e9e|Recover|p2a: Diarrh\u00e9e\n|-heal|p2a: Diarrh\u00e9e|66\/100\n|\n|-heal|p1a: Gliscor|76\/100 tox|[from] ability: Poison Heal\n|upkeep\n|turn|19\n|\n|t:|1700952845\n|move|p1a: Gliscor|Earthquake|p2a: Diarrh\u00e9e\n|-damage|p2a: Diarrh\u00e9e|40\/100\n|move|p2a: Diarrh\u00e9e|Earthquake|p1a: Gliscor\n|-damage|p1a: Gliscor|51\/100 tox\n|\n|-heal|p1a: Gliscor|64\/100 tox|[from] ability: Poison Heal\n|upkeep\n|turn|20\n|c|\u2606HypernovaFr|use 3 pokemon to defeated me ...\n|\n|t:|1700952871\n|switch|p1a: Rillaboom|Rillaboom, F, shiny|100\/100\n|-fieldstart|move: Grassy Terrain|[from] ability: Grassy Surge|[of] p1a: Rillaboom\n|move|p2a: Diarrh\u00e9e|Recover|p2a: Diarrh\u00e9e\n|-heal|p2a: Diarrh\u00e9e|90\/100\n|\n|-heal|p2a: Diarrh\u00e9e|96\/100|[from] Grassy Terrain\n|upkeep\n|turn|21\n|\n|t:|1700952887\n|switch|p2a: Burritos|Incineroar, M, shiny|94\/100\n|-ability|p2a: Burritos|Intimidate|boost\n|-unboost|p1a: Rillaboom|atk|1\n|move|p1a: Rillaboom|U-turn|p2a: Burritos\n|-damage|p2a: Burritos|64\/100\n|\n|t:|1700952899\n|switch|p1a: Alakazam|Alakazam, F, shiny|100\/100|[from] U-turn\n|\n|-heal|p2a: Burritos|70\/100|[from] Grassy Terrain\n|upkeep\n|turn|22\n|\n|t:|1700952908\n|-terastallize|p2a: Burritos|Fighting\n|move|p1a: Alakazam|Dazzling Gleam|p2a: Burritos\n|-supereffective|p2a: Burritos\n|-damage|p2a: Burritos|0 fnt\n|faint|p2a: Burritos\n|\n|upkeep\n|c|\u2606HypernovaFr|;__\n|\n|t:|1700952919\n|switch|p2a: Battle Bond|Greninja, F, shiny|95\/100\n|-damage|p2a: Battle Bond|82\/100|[from] Spikes\n|turn|23\n|\n|t:|1700952925\n|move|p2a: Battle Bond|U-turn|p1a: Alakazam\n|-start|p2a: Battle Bond|typechange|Bug|[from] ability: Protean\n|-supereffective|p1a: Alakazam\n|-damage|p1a: Alakazam|0 fnt\n|faint|p1a: Alakazam\n|\n|t:|1700952927\n|switch|p2a: Diarrh\u00e9e|Gastrodon, F, shiny|96\/100|[from] U-turn\n|-damage|p2a: Diarrh\u00e9e|84\/100|[from] Spikes\n|\n|-heal|p2a: Diarrh\u00e9e|90\/100|[from] Grassy Terrain\n|upkeep\n|\n|t:|1700952938\n|switch|p1a: Rillaboom|Rillaboom, F, shiny|100\/100\n|turn|24\n|\n|t:|1700952941\n|move|p1a: Rillaboom|Grassy Glide|p2a: Diarrh\u00e9e\n|-supereffective|p2a: Diarrh\u00e9e\n|-damage|p2a: Diarrh\u00e9e|0 fnt\n|faint|p2a: Diarrh\u00e9e\n|\n|-fieldend|move: Grassy Terrain\n|upkeep\n|\n|t:|1700952944\n|switch|p2a: Battle Bond|Greninja, F, shiny|82\/100\n|-damage|p2a: Battle Bond|70\/100|[from] Spikes\n|turn|25\n|\n|t:|1700952952\n|switch|p1a: Tornadus|Tornadus-Therian, M|100\/100\n|move|p2a: Battle Bond|Ice Beam|p1a: Tornadus\n|-start|p2a: Battle Bond|typechange|Ice|[from] ability: Protean\n|-supereffective|p1a: Tornadus\n|-damage|p1a: Tornadus|29\/100\n|-status|p1a: Tornadus|frz\n|\n|upkeep\n|turn|26\n|\n|t:|1700952963\n|move|p2a: Battle Bond|Ice Beam|p1a: Tornadus\n|-supereffective|p1a: Tornadus\n|-damage|p1a: Tornadus|0 fnt\n|faint|p1a: Tornadus\n|\n|upkeep\n|\n|t:|1700952986\n|switch|p1a: Rillaboom|Rillaboom, F, shiny|100\/100\n|-fieldstart|move: Grassy Terrain|[from] ability: Grassy Surge|[of] p1a: Rillaboom\n|turn|27\n|\n|t:|1700952990\n|move|p1a: Rillaboom|Grassy Glide|p2a: Battle Bond\n|-crit|p2a: Battle Bond\n|-damage|p2a: Battle Bond|0 fnt\n|faint|p2a: Battle Bond\n|\n|win|IFDCOACH\n|raw|IFDCOACH's rating: 1348 &rarr; <strong>1372<\/strong><br \/>(+24 for winning)\n|raw|HypernovaFr's rating: 1414 &rarr; <strong>1390<\/strong><br \/>(-24 for losing)\n|l|\u2606HypernovaFr\n","uploadtime":1700953011,"views":13,"p1id":"ifdcoach","p2id":"hypernovafr","formatid":"gen9nationaldex","rating":1372,"private":0,"password":""}