{"id":"gen9nationaldex-1992604207","p1":"tartagliazhongli","p2":"Yuanshen61\u6211\u8981\u73a9\u539f\u795e","format":"[Gen 9] National Dex","log":"|j|\u2606tartagliazhongli\n|j|\u2606Yuanshen61\u6211\u8981\u73a9\u539f\u795e\n|t:|1700213327\n|gametype|singles\n|player|p1|tartagliazhongli|169|1573\n|player|p2|Yuanshen61\u6211\u8981\u73a9\u539f\u795e|dawn-contest|1522\n|teamsize|p1|6\n|teamsize|p2|6\n|gen|9\n|tier|[Gen 9] National Dex\n|rated|\n|rule|HP Percentage Mod: HP is shown in percentages\n|rule|Endless Battle Clause: Forcing endless battles is banned\n|rule|OHKO Clause: OHKO moves are banned\n|rule|Evasion Clause: Evasion abilities, items, and moves are banned\n|rule|Evasion Abilities Clause: Evasion abilities are banned\n|rule|Evasion Items Clause: Evasion items are banned\n|rule|Evasion Moves Clause: Evasion moves are banned\n|rule|Species Clause: Limit one of each Pok\u00e9mon\n|rule|Sleep Clause Mod: Limit one foe put to sleep\n|clearpoke\n|poke|p1|Aerodactyl, F|\n|poke|p1|Volcarona, M|\n|poke|p1|Ninetales-Alola, F|\n|poke|p1|Hatterene, F|\n|poke|p1|Landorus-Therian, M|\n|poke|p1|Hoopa-Unbound|\n|poke|p2|Garchomp, F|\n|poke|p2|Rillaboom, M|\n|poke|p2|Sneasler, F|\n|poke|p2|Scizor, F|\n|poke|p2|Moltres|\n|poke|p2|Iron Valiant|\n|teampreview\n|inactive|Battle timer is ON: inactive players will automatically lose when time's up. (requested by Yuanshen61\u6211\u8981\u73a9\u539f\u795e)\n|\n|t:|1700213334\n|start\n|switch|p1a: Aerodactyl|Aerodactyl, F|100\/100\n|switch|p2a: \u5854\u4f0a\u5179\u80b2\u7f57\u65af|Scizor, F|100\/100\n|-ability|p1a: Aerodactyl|Unnerve\n|turn|1\n|\n|t:|1700213336\n|switch|p1a: Volcarona|Volcarona, M|100\/100\n|detailschange|p2a: \u5854\u4f0a\u5179\u80b2\u7f57\u65af|Scizor-Mega, F\n|-mega|p2a: \u5854\u4f0a\u5179\u80b2\u7f57\u65af|Scizor|Scizorite\n|move|p2a: \u5854\u4f0a\u5179\u80b2\u7f57\u65af|Bullet Punch|p1a: Volcarona\n|-resisted|p1a: Volcarona\n|-damage|p1a: Volcarona|85\/100\n|\n|upkeep\n|turn|2\n|\n|t:|1700213349\n|switch|p1a: Aerodactyl|Aerodactyl, F|100\/100\n|-ability|p1a: Aerodactyl|Unnerve\n|switch|p2a: Garchomp|Garchomp, F|100\/100\n|\n|upkeep\n|turn|3\n|\n|t:|1700213358\n|switch|p1a: Hatterene|Hatterene, F|100\/100\n|move|p2a: Garchomp|Stealth Rock|p1a: Hatterene\n|move|p1a: Hatterene|Stealth Rock|p2a: Garchomp|[from]ability: Magic Bounce\n|-sidestart|p2: Yuanshen61\u6211\u8981\u73a9\u539f\u795e|move: Stealth Rock\n|\n|upkeep\n|turn|4\n|\n|t:|1700213367\n|switch|p1a: Landorus|Landorus-Therian, M|100\/100\n|-ability|p1a: Landorus|Intimidate|boost\n|-unboost|p2a: Garchomp|atk|1\n|move|p2a: Garchomp|Poison Jab|p1a: Landorus\n|-resisted|p1a: Landorus\n|-crit|p1a: Landorus\n|-damage|p1a: Landorus|85\/100\n|\n|upkeep\n|turn|5\n|\n|t:|1700213375\n|move|p2a: Garchomp|Swords Dance|p2a: Garchomp\n|-boost|p2a: Garchomp|atk|2\n|-zpower|p1a: Landorus\n|move|p1a: Landorus|Supersonic Skystrike|p2a: Garchomp|[zeffect]\n|-damage|p2a: Garchomp|7\/100\n|\n|upkeep\n|turn|6\n|\n|t:|1700213383\n|switch|p1a: Hatterene|Hatterene, F|100\/100\n|-zpower|p2a: Garchomp\n|move|p2a: Garchomp|Devastating Drake|p1a: Hatterene|[zeffect]\n|-immune|p1a: Hatterene\n|\n|upkeep\n|turn|7\n|\n|t:|1700213387\n|switch|p1a: Landorus|Landorus-Therian, M|85\/100\n|-ability|p1a: Landorus|Intimidate|boost\n|-unboost|p2a: Garchomp|atk|1\n|move|p2a: Garchomp|Poison Jab|p1a: Landorus\n|-resisted|p1a: Landorus\n|-damage|p1a: Landorus|73\/100\n|\n|upkeep\n|turn|8\n|\n|t:|1700213390\n|move|p2a: Garchomp|Outrage|p1a: Landorus\n|-damage|p1a: Landorus|26\/100\n|move|p1a: Landorus|U-turn|p2a: Garchomp\n|-damage|p2a: Garchomp|0 fnt\n|-damage|p1a: Landorus|14\/100|[from] ability: Rough Skin|[of] p2a: Garchomp\n|faint|p2a: Garchomp\n|j| xuxiansheng\n|j| oldoguy\n|\n|t:|1700213411\n|switch|p1a: Ninetales|Ninetales-Alola, F|100\/100|[from] U-turn\n|-weather|Snow|[from] ability: Snow Warning|[of] p1a: Ninetales\n|\n|-weather|Snow|[upkeep]\n|upkeep\n|\n|t:|1700213415\n|switch|p2a: \u5854\u4f0a\u5179\u80b2\u7f57\u65af|Scizor-Mega, F|100\/100\n|-damage|p2a: \u5854\u4f0a\u5179\u80b2\u7f57\u65af|88\/100|[from] Stealth Rock\n|turn|9\n|\n|t:|1700213422\n|switch|p1a: Volcarona|Volcarona, M|85\/100\n|move|p2a: \u5854\u4f0a\u5179\u80b2\u7f57\u65af|U-turn|p1a: Volcarona\n|-resisted|p1a: Volcarona\n|-damage|p1a: Volcarona|68\/100\n|\n|t:|1700213430\n|switch|p2a: \u4e39\u6052\u00b7\u996e\u6708|Iron Valiant|100\/100|[from] U-turn\n|-damage|p2a: \u4e39\u6052\u00b7\u996e\u6708|94\/100|[from] Stealth Rock\n|-enditem|p2a: \u4e39\u6052\u00b7\u996e\u6708|Booster Energy\n|-activate|p2a: \u4e39\u6052\u00b7\u996e\u6708|ability: Quark Drive|[fromitem]\n|-start|p2a: \u4e39\u6052\u00b7\u996e\u6708|quarkdrivespe\n|\n|-weather|Snow|[upkeep]\n|upkeep\n|turn|10\n|c|\u2606tartagliazhongli|\u6211\u8d85\n|c|\u2606tartagliazhongli|\u539f\n|inactive|tartagliazhongli has 120 seconds left.\n|\n|t:|1700213464\n|move|p2a: \u4e39\u6052\u00b7\u996e\u6708|Thunderbolt|p1a: Volcarona\n|-damage|p1a: Volcarona|40\/100\n|move|p1a: Volcarona|Quiver Dance|p1a: Volcarona\n|-boost|p1a: Volcarona|spa|1\n|-boost|p1a: Volcarona|spd|1\n|-boost|p1a: Volcarona|spe|1\n|\n|-weather|Snow|[upkeep]\n|upkeep\n|turn|11\n|\n|t:|1700213469\n|move|p2a: \u4e39\u6052\u00b7\u996e\u6708|Calm Mind|p2a: \u4e39\u6052\u00b7\u996e\u6708\n|-boost|p2a: \u4e39\u6052\u00b7\u996e\u6708|spa|1\n|-boost|p2a: \u4e39\u6052\u00b7\u996e\u6708|spd|1\n|move|p1a: Volcarona|Quiver Dance|p1a: Volcarona\n|-boost|p1a: Volcarona|spa|1\n|-boost|p1a: Volcarona|spd|1\n|-boost|p1a: Volcarona|spe|1\n|\n|-weather|Snow|[upkeep]\n|upkeep\n|turn|12\n|\n|t:|1700213473\n|move|p2a: \u4e39\u6052\u00b7\u996e\u6708|Thunderbolt|p1a: Volcarona\n|-damage|p1a: Volcarona|20\/100\n|move|p1a: Volcarona|Fiery Dance|p2a: \u4e39\u6052\u00b7\u996e\u6708\n|-damage|p2a: \u4e39\u6052\u00b7\u996e\u6708|7\/100\n|-boost|p1a: Volcarona|spa|1\n|\n|-weather|none\n|upkeep\n|turn|13\n|\n|t:|1700213487\n|move|p2a: \u4e39\u6052\u00b7\u996e\u6708|Thunderbolt|p1a: Volcarona\n|-damage|p1a: Volcarona|0 fnt\n|faint|p1a: Volcarona\n|\n|upkeep\n|\n|t:|1700213491\n|switch|p1a: Hoopa|Hoopa-Unbound|100\/100\n|turn|14\n|c| xuxiansheng|\u539f\u795e  \u542f\u52a8\uff01\n|l|\u2606Yuanshen61\u6211\u8981\u73a9\u539f\u795e\n|inactive|Yuanshen61\u6211\u8981\u73a9\u539f\u795e disconnected and has a minute to reconnect!\n|player|p2|\n|inactive|Yuanshen61\u6211\u8981\u73a9\u539f\u795e has 30 seconds to reconnect!\n|j|\u2606Yuanshen61\u6211\u8981\u73a9\u539f\u795e\n|inactive|Yuanshen61\u6211\u8981\u73a9\u539f\u795e reconnected and has 95 seconds left.\n|player|p2|Yuanshen61\u6211\u8981\u73a9\u539f\u795e|dawn-contest\n|\n|t:|1700213549\n|-terastallize|p1a: Hoopa|Poison\n|move|p2a: \u4e39\u6052\u00b7\u996e\u6708|Moonblast|p1a: Hoopa\n|-resisted|p1a: Hoopa\n|-damage|p1a: Hoopa|71\/100\n|move|p1a: Hoopa|Psychic|p2a: \u4e39\u6052\u00b7\u996e\u6708\n|-supereffective|p2a: \u4e39\u6052\u00b7\u996e\u6708\n|-damage|p2a: \u4e39\u6052\u00b7\u996e\u6708|0 fnt\n|faint|p2a: \u4e39\u6052\u00b7\u996e\u6708\n|-end|p2a: \u4e39\u6052\u00b7\u996e\u6708|Quark Drive|[silent]\n|\n|upkeep\n|inactive|Yuanshen61\u6211\u8981\u73a9\u539f\u795e has 90 seconds left.\n|\n|t:|1700213561\n|switch|p2a: \u5854\u4f0a\u5179\u80b2\u7f57\u65af|Scizor-Mega, F|88\/100\n|-damage|p2a: \u5854\u4f0a\u5179\u80b2\u7f57\u65af|76\/100|[from] Stealth Rock\n|turn|15\n|\n|t:|1700213571\n|switch|p1a: Landorus|Landorus-Therian, M|14\/100\n|-ability|p1a: Landorus|Intimidate|boost\n|-unboost|p2a: \u5854\u4f0a\u5179\u80b2\u7f57\u65af|atk|1\n|move|p2a: \u5854\u4f0a\u5179\u80b2\u7f57\u65af|Bullet Punch|p1a: Landorus\n|-damage|p1a: Landorus|0 fnt\n|faint|p1a: Landorus\n|\n|upkeep\n|\n|t:|1700213583\n|switch|p1a: Hatterene|Hatterene, F|100\/100\n|turn|16\n|c|\u2606Yuanshen61\u6211\u8981\u73a9\u539f\u795e|\u539f\u795e\u771f\u597d\u73a9\n|\n|t:|1700213594\n|move|p2a: \u5854\u4f0a\u5179\u80b2\u7f57\u65af|U-turn|p1a: Hatterene\n|-damage|p1a: Hatterene|75\/100\n|\n|t:|1700213596\n|switch|p2a: \u706b\u6f02\u6d6e\u7075|Moltres|100\/100|[from] U-turn\n|move|p1a: Hatterene|Mystical Fire|p2a: \u706b\u6f02\u6d6e\u7075\n|-resisted|p2a: \u706b\u6f02\u6d6e\u7075\n|-damage|p2a: \u706b\u6f02\u6d6e\u7075|89\/100\n|-unboost|p2a: \u706b\u6f02\u6d6e\u7075|spa|1\n|\n|-heal|p1a: Hatterene|81\/100|[from] item: Leftovers\n|upkeep\n|turn|17\n|\n|t:|1700213606\n|switch|p1a: Hoopa|Hoopa-Unbound, tera:Poison|71\/100\n|move|p2a: \u706b\u6f02\u6d6e\u7075|Defog|p1a: Hoopa\n|-unboost|p1a: Hoopa|evasion|1\n|-sideend|p2: Yuanshen61\u6211\u8981\u73a9\u539f\u795e|Stealth Rock|[from] move: Defog|[of] p2a: \u706b\u6f02\u6d6e\u7075\n|-enditem|p1a: Hoopa|White Herb\n|-clearnegativeboost|p1a: Hoopa|[silent]\n|\n|upkeep\n|turn|18\n|\n|t:|1700213610\n|move|p1a: Hoopa|Psychic|p2a: \u706b\u6f02\u6d6e\u7075\n|-damage|p2a: \u706b\u6f02\u6d6e\u7075|45\/100\n|-item|p1a: Hoopa|Heavy-Duty Boots|[from] ability: Magician|[of] p2a: \u706b\u6f02\u6d6e\u7075\n|move|p2a: \u706b\u6f02\u6d6e\u7075|U-turn|p1a: Hoopa\n|-resisted|p1a: Hoopa\n|-damage|p1a: Hoopa|61\/100\n|\n|t:|1700213614\n|switch|p2a: \u5854\u4f0a\u5179\u80b2\u7f57\u65af|Scizor-Mega, F|76\/100|[from] U-turn\n|\n|upkeep\n|turn|19\n|\n|t:|1700213632\n|switch|p1a: Ninetales|Ninetales-Alola, F|100\/100\n|-weather|Snow|[from] ability: Snow Warning|[of] p1a: Ninetales\n|move|p2a: \u5854\u4f0a\u5179\u80b2\u7f57\u65af|Bullet Punch|p1a: Ninetales\n|-supereffective|p1a: Ninetales\n|-damage|p1a: Ninetales|3\/100\n|\n|-weather|Snow|[upkeep]\n|upkeep\n|turn|20\n|\n|t:|1700213637\n|move|p2a: \u5854\u4f0a\u5179\u80b2\u7f57\u65af|Bullet Punch|p1a: Ninetales\n|-supereffective|p1a: Ninetales\n|-damage|p1a: Ninetales|0 fnt\n|faint|p1a: Ninetales\n|\n|-weather|Snow|[upkeep]\n|upkeep\n|\n|t:|1700213640\n|switch|p1a: Hatterene|Hatterene, F|81\/100\n|turn|21\n|\n|t:|1700213648\n|switch|p1a: Aerodactyl|Aerodactyl, F|100\/100\n|-ability|p1a: Aerodactyl|Unnerve\n|move|p2a: \u5854\u4f0a\u5179\u80b2\u7f57\u65af|U-turn|p1a: Aerodactyl\n|-resisted|p1a: Aerodactyl\n|-damage|p1a: Aerodactyl|73\/100\n|\n|t:|1700213650\n|switch|p2a: \u4e30\u9976\u7075\u517d\u00b7\u957f\u53f3|Rillaboom, M|100\/100|[from] U-turn\n|-fieldstart|move: Grassy Terrain|[from] ability: Grassy Surge|[of] p2a: \u4e30\u9976\u7075\u517d\u00b7\u957f\u53f3\n|\n|-weather|Snow|[upkeep]\n|upkeep\n|turn|22\n|\n|t:|1700213656\n|switch|p1a: Hoopa|Hoopa-Unbound, tera:Poison|61\/100\n|move|p2a: \u4e30\u9976\u7075\u517d\u00b7\u957f\u53f3|Wood Hammer|p1a: Hoopa\n|-resisted|p1a: Hoopa\n|-damage|p1a: Hoopa|0 fnt\n|faint|p1a: Hoopa\n|-damage|p2a: \u4e30\u9976\u7075\u517d\u00b7\u957f\u53f3|80\/100|[from] Recoil\n|\n|-weather|Snow|[upkeep]\n|-heal|p2a: \u4e30\u9976\u7075\u517d\u00b7\u957f\u53f3|86\/100|[from] Grassy Terrain\n|upkeep\n|\n|t:|1700213663\n|switch|p1a: Aerodactyl|Aerodactyl, F|73\/100\n|-ability|p1a: Aerodactyl|Unnerve\n|turn|23\n|c|\u2606Yuanshen61\u6211\u8981\u73a9\u539f\u795e|\u733f\u795e\u771f\u597d\u73a9\n|\n|t:|1700213677\n|detailschange|p1a: Aerodactyl|Aerodactyl-Mega, F\n|-mega|p1a: Aerodactyl|Aerodactyl|Aerodactylite\n|move|p1a: Aerodactyl|Dual Wingbeat|p2a: \u4e30\u9976\u7075\u517d\u00b7\u957f\u53f3\n|-supereffective|p2a: \u4e30\u9976\u7075\u517d\u00b7\u957f\u53f3\n|-damage|p2a: \u4e30\u9976\u7075\u517d\u00b7\u957f\u53f3|27\/100\n|-supereffective|p2a: \u4e30\u9976\u7075\u517d\u00b7\u957f\u53f3\n|-damage|p2a: \u4e30\u9976\u7075\u517d\u00b7\u957f\u53f3|0 fnt\n|faint|p2a: \u4e30\u9976\u7075\u517d\u00b7\u957f\u53f3\n|-hitcount|p2: \u4e30\u9976\u7075\u517d\u00b7\u957f\u53f3|2\n|\n|-weather|none\n|upkeep\n|\n|t:|1700213684\n|switch|p2a: \u5854\u4f0a\u5179\u80b2\u7f57\u65af|Scizor-Mega, F|76\/100\n|turn|24\n|\n|t:|1700213689\n|move|p1a: Aerodactyl|Dual Wingbeat|p2a: \u5854\u4f0a\u5179\u80b2\u7f57\u65af\n|-damage|p2a: \u5854\u4f0a\u5179\u80b2\u7f57\u65af|60\/100\n|-damage|p2a: \u5854\u4f0a\u5179\u80b2\u7f57\u65af|44\/100\n|-hitcount|p2a: \u5854\u4f0a\u5179\u80b2\u7f57\u65af|2\n|move|p2a: \u5854\u4f0a\u5179\u80b2\u7f57\u65af|Swords Dance|p2a: \u5854\u4f0a\u5179\u80b2\u7f57\u65af\n|-boost|p2a: \u5854\u4f0a\u5179\u80b2\u7f57\u65af|atk|2\n|\n|-heal|p2a: \u5854\u4f0a\u5179\u80b2\u7f57\u65af|50\/100|[from] Grassy Terrain\n|upkeep\n|turn|25\n|-message|tartagliazhongli forfeited.\n|\n|win|Yuanshen61\u6211\u8981\u73a9\u539f\u795e\n|raw|tartagliazhongli's rating: 1573 &rarr; <strong>1550<\/strong><br \/>(-23 for losing)\n|raw|Yuanshen61\u6211\u8981\u73a9\u539f\u795e's rating: 1522 &rarr; <strong>1545<\/strong><br \/>(+23 for winning)\n|l|\u2606tartagliazhongli\n","uploadtime":1700213697,"views":8,"p1id":"tartagliazhongli","p2id":"yuanshen61","formatid":"gen9nationaldex","rating":1545,"private":0,"password":""}