{"id":"gen9nationaldex-1995534106","p1":"Gatodeplomo","p2":"wobushidongnai","format":"[Gen 9] National Dex","log":"|html|<div class=\"broadcast-blue\"><strong>[Gen 9] National Dex is currently suspecting Sneasler! For information on how to participate check out the <a href=\"https:\/\/www.smogon.com\/forums\/threads\/sv-national-dex-suspect-8-just-dance.3731534\/\">suspect thread<\/a>.<\/strong><\/div>\n|j|\u2606Gatodeplomo\n|j|\u2606wobushidongnai\n|t:|1700580605\n|gametype|singles\n|player|p1|Gatodeplomo|hiker-gen4|1319\n|player|p2|wobushidongnai|265|1254\n|teamsize|p1|6\n|teamsize|p2|6\n|gen|9\n|tier|[Gen 9] National Dex\n|rated|\n|rule|HP Percentage Mod: HP is shown in percentages\n|rule|Endless Battle Clause: Forcing endless battles is banned\n|rule|OHKO Clause: OHKO moves are banned\n|rule|Evasion Clause: Evasion abilities, items, and moves are banned\n|rule|Evasion Abilities Clause: Evasion abilities are banned\n|rule|Evasion Items Clause: Evasion items are banned\n|rule|Evasion Moves Clause: Evasion moves are banned\n|rule|Species Clause: Limit one of each Pok\u00e9mon\n|rule|Sleep Clause Mod: Limit one foe put to sleep\n|clearpoke\n|poke|p1|Chansey, F|\n|poke|p1|Salamence, F|\n|poke|p1|Corviknight, M|\n|poke|p1|Toxapex, M|\n|poke|p1|Toxtricity, F|\n|poke|p1|Tyranitar, F|\n|poke|p2|Whimsicott, F|\n|poke|p2|Sylveon, F|\n|poke|p2|Scizor, M|\n|poke|p2|Salamence, M|\n|poke|p2|Aegislash, M|\n|poke|p2|Greninja-*, M|\n|teampreview\n|\n|t:|1700580620\n|start\n|switch|p1a: Toxapex|Toxapex, M|100\/100\n|switch|p2a: Whimsicott|Whimsicott, F, shiny|100\/100\n|turn|1\n|\n|t:|1700580627\n|move|p2a: Whimsicott|Energy Ball|p1a: Toxapex\n|-damage|p1a: Toxapex|77\/100\n|-unboost|p1a: Toxapex|spd|1\n|move|p1a: Toxapex|Toxic|p2a: Whimsicott\n|-status|p2a: Whimsicott|tox\n|\n|-heal|p1a: Toxapex|83\/100|[from] item: Black Sludge\n|-damage|p2a: Whimsicott|95\/100 tox|[from] psn\n|upkeep\n|turn|2\n|inactive|Battle timer is ON: inactive players will automatically lose when time's up. (requested by Gatodeplomo)\n|\n|t:|1700580633\n|move|p1a: Toxapex|Baneful Bunker|p1a: Toxapex\n|-singleturn|p1a: Toxapex|move: Protect\n|move|p2a: Whimsicott|Fake Tears|p1a: Toxapex\n|-activate|p1a: Toxapex|move: Protect\n|\n|-heal|p1a: Toxapex|89\/100|[from] item: Black Sludge\n|-damage|p2a: Whimsicott|83\/100 tox|[from] psn\n|upkeep\n|turn|3\n|\n|t:|1700580648\n|move|p2a: Whimsicott|Fake Tears|p1a: Toxapex\n|-unboost|p1a: Toxapex|spd|2\n|move|p1a: Toxapex|Scald|p2a: Whimsicott\n|-resisted|p2a: Whimsicott\n|-damage|p2a: Whimsicott|70\/100 tox\n|\n|-heal|p1a: Toxapex|95\/100|[from] item: Black Sludge\n|-damage|p2a: Whimsicott|52\/100 tox|[from] psn\n|upkeep\n|turn|4\n|\n|t:|1700580656\n|switch|p1a: Chansey|Chansey, F|100\/100\n|move|p2a: Whimsicott|Tailwind|p2a: Whimsicott\n|-sidestart|p2: wobushidongnai|move: Tailwind\n|\n|-damage|p2a: Whimsicott|29\/100 tox|[from] psn\n|upkeep\n|turn|5\n|\n|t:|1700580664\n|switch|p2a: Aegislash|Aegislash, M, shiny|100\/100\n|move|p1a: Chansey|Seismic Toss|p2a: Aegislash\n|-immune|p2a: Aegislash\n|\n|upkeep\n|turn|6\n|\n|t:|1700580672\n|switch|p1a: Toxapex|Toxapex, M|100\/100\n|-formechange|p2a: Aegislash|Aegislash-Blade||[from] ability: Stance Change\n|move|p2a: Aegislash|Sacred Sword|p1a: Toxapex\n|-resisted|p1a: Toxapex\n|-damage|p1a: Toxapex|88\/100\n|\n|-heal|p1a: Toxapex|94\/100|[from] item: Black Sludge\n|upkeep\n|turn|7\n|\n|t:|1700580676\n|-formechange|p2a: Aegislash|Aegislash||[from] ability: Stance Change\n|move|p2a: Aegislash|King's Shield|p2a: Aegislash\n|-singleturn|p2a: Aegislash|Protect\n|move|p1a: Toxapex|Scald|p2a: Aegislash\n|-activate|p2a: Aegislash|move: Protect\n|\n|-heal|p1a: Toxapex|99\/100|[from] item: Black Sludge\n|-sideend|p2: wobushidongnai|move: Tailwind\n|upkeep\n|turn|8\n|\n|t:|1700580688\n|switch|p2a: Salamence|Salamence, M|100\/100\n|-ability|p2a: Salamence|Intimidate|boost\n|-unboost|p1a: Toxapex|atk|1\n|move|p1a: Toxapex|Scald|p2a: Salamence\n|-resisted|p2a: Salamence\n|-damage|p2a: Salamence|91\/100\n|\n|-heal|p1a: Toxapex|100\/100|[from] item: Black Sludge\n|upkeep\n|turn|9\n|\n|t:|1700580698\n|-terastallize|p2a: Salamence|Flying\n|move|p2a: Salamence|Tera Blast|p1a: Toxapex|[anim] Tera Blast Flying\n|-crit|p1a: Toxapex\n|-damage|p1a: Toxapex|37\/100\n|move|p1a: Toxapex|Scald|p2a: Salamence\n|-damage|p2a: Salamence|74\/100\n|-status|p2a: Salamence|brn\n|\n|-heal|p1a: Toxapex|43\/100|[from] item: Black Sludge\n|-damage|p2a: Salamence|68\/100 brn|[from] brn\n|upkeep\n|turn|10\n|\n|t:|1700580703\n|move|p1a: Toxapex|Baneful Bunker|p1a: Toxapex\n|-singleturn|p1a: Toxapex|move: Protect\n|move|p2a: Salamence|Tera Blast|p1a: Toxapex|[anim] Tera Blast Flying\n|-activate|p1a: Toxapex|move: Protect\n|\n|-heal|p1a: Toxapex|49\/100|[from] item: Black Sludge\n|-damage|p2a: Salamence|62\/100 brn|[from] brn\n|upkeep\n|turn|11\n|\n|t:|1700580713\n|switch|p1a: Corviknight|Corviknight, M|100\/100\n|-ability|p1a: Corviknight|Pressure\n|move|p2a: Salamence|Tera Blast|p1a: Corviknight|[anim] Tera Blast Flying\n|-resisted|p1a: Corviknight\n|-damage|p1a: Corviknight|79\/100\n|\n|-heal|p1a: Corviknight|85\/100|[from] item: Leftovers\n|-damage|p2a: Salamence|56\/100 brn|[from] brn\n|upkeep\n|turn|12\n|\n|t:|1700580718\n|move|p2a: Salamence|Flamethrower|p1a: Corviknight\n|-supereffective|p1a: Corviknight\n|-damage|p1a: Corviknight|36\/100\n|move|p1a: Corviknight|Iron Defense|p1a: Corviknight\n|-boost|p1a: Corviknight|def|2\n|\n|-heal|p1a: Corviknight|43\/100|[from] item: Leftovers\n|-damage|p2a: Salamence|50\/100 brn|[from] brn\n|upkeep\n|turn|13\n|\n|t:|1700580724\n|switch|p1a: Toxapex|Toxapex, M|82\/100\n|move|p2a: Salamence|Roost|p2a: Salamence\n|-heal|p2a: Salamence|99\/100 brn\n|-hint|If a Flying Terastallized Pokemon uses Roost, it remains Flying-type.\n|\n|-heal|p1a: Toxapex|88\/100|[from] item: Black Sludge\n|-damage|p2a: Salamence|94\/100 brn|[from] brn\n|upkeep\n|turn|14\n|\n|t:|1700580728\n|move|p2a: Salamence|Tera Blast|p1a: Toxapex|[anim] Tera Blast Flying\n|-damage|p1a: Toxapex|50\/100\n|move|p1a: Toxapex|Scald|p2a: Salamence\n|-damage|p2a: Salamence|74\/100 brn\n|\n|-heal|p1a: Toxapex|56\/100|[from] item: Black Sludge\n|-damage|p2a: Salamence|68\/100 brn|[from] brn\n|upkeep\n|turn|15\n|\n|t:|1700580732\n|move|p1a: Toxapex|Baneful Bunker|p1a: Toxapex\n|-singleturn|p1a: Toxapex|move: Protect\n|move|p2a: Salamence|Tera Blast|p1a: Toxapex|[anim] Tera Blast Flying\n|-activate|p1a: Toxapex|move: Protect\n|\n|-heal|p1a: Toxapex|62\/100|[from] item: Black Sludge\n|-damage|p2a: Salamence|62\/100 brn|[from] brn\n|upkeep\n|turn|16\n|\n|t:|1700580744\n|switch|p1a: Tyranitar|Tyranitar, F|100\/100\n|-weather|Sandstorm|[from] ability: Sand Stream|[of] p1a: Tyranitar\n|move|p2a: Salamence|Tera Blast|p1a: Tyranitar|[anim] Tera Blast Flying\n|-resisted|p1a: Tyranitar\n|-damage|p1a: Tyranitar|92\/100\n|\n|-weather|Sandstorm|[upkeep]\n|-damage|p2a: Salamence|56\/100 brn|[from] Sandstorm\n|-damage|p2a: Salamence|50\/100 brn|[from] brn\n|upkeep\n|turn|17\n|\n|t:|1700580750\n|-activate|p2a: Salamence|move: Pursuit\n|move|p1a: Tyranitar|Pursuit|p2a: Salamence|[from]Pursuit\n|-damage|p2a: Salamence|4\/100 brn\n|switch|p2a: Whimsicott|Whimsicott, F, shiny|29\/100 tox\n|\n|-weather|Sandstorm|[upkeep]\n|-damage|p2a: Whimsicott|23\/100 tox|[from] Sandstorm\n|-damage|p2a: Whimsicott|17\/100 tox|[from] psn\n|upkeep\n|turn|18\n|\n|t:|1700580759\n|switch|p1a: Chansey|Chansey, F|100\/100\n|move|p2a: Whimsicott|Tailwind|p2a: Whimsicott\n|-sidestart|p2: wobushidongnai|move: Tailwind\n|\n|-weather|Sandstorm|[upkeep]\n|-damage|p2a: Whimsicott|11\/100 tox|[from] Sandstorm\n|-damage|p1a: Chansey|94\/100|[from] Sandstorm\n|-damage|p2a: Whimsicott|0 fnt|[from] psn\n|faint|p2a: Whimsicott\n|upkeep\n|\n|t:|1700580767\n|switch|p2a: Salamence|Salamence, M, tera:Flying|4\/100 brn\n|-ability|p2a: Salamence|Intimidate|boost\n|-unboost|p1a: Chansey|atk|1\n|turn|19\n|\n|t:|1700580773\n|switch|p1a: Toxapex|Toxapex, M|95\/100\n|move|p2a: Salamence|Roost|p2a: Salamence\n|-heal|p2a: Salamence|54\/100 brn\n|-hint|If a Flying Terastallized Pokemon uses Roost, it remains Flying-type.\n|\n|-weather|Sandstorm|[upkeep]\n|-damage|p2a: Salamence|48\/100 brn|[from] Sandstorm\n|-damage|p1a: Toxapex|89\/100|[from] Sandstorm\n|-heal|p1a: Toxapex|95\/100|[from] item: Black Sludge\n|-damage|p2a: Salamence|42\/100 brn|[from] brn\n|upkeep\n|turn|20\n|\n|t:|1700580778\n|switch|p1a: Tyranitar|Tyranitar, F|92\/100\n|move|p2a: Salamence|Roost|p2a: Salamence\n|-heal|p2a: Salamence|92\/100 brn\n|-hint|If a Flying Terastallized Pokemon uses Roost, it remains Flying-type.\n|\n|-weather|none\n|-damage|p2a: Salamence|86\/100 brn|[from] brn\n|upkeep\n|turn|21\n|\n|t:|1700580787\n|switch|p2a: Sylveon|Sylveon, F|100\/100\n|move|p1a: Tyranitar|Stone Edge|p2a: Sylveon\n|-damage|p2a: Sylveon|47\/100\n|\n|-sideend|p2: wobushidongnai|move: Tailwind\n|upkeep\n|turn|22\n|\n|t:|1700580795\n|switch|p1a: Toxapex|Toxapex, M|100\/100\n|move|p2a: Sylveon|Wish|p2a: Sylveon\n|\n|upkeep\n|turn|23\n|\n|t:|1700580801\n|move|p2a: Sylveon|Shadow Ball|p1a: Toxapex\n|-damage|p1a: Toxapex|79\/100\n|-unboost|p1a: Toxapex|spd|1\n|move|p1a: Toxapex|Scald|p2a: Sylveon\n|-damage|p2a: Sylveon|34\/100\n|-status|p2a: Sylveon|brn\n|\n|-heal|p2a: Sylveon|84\/100 brn|[from] move: Wish|[wisher] Sylveon\n|-heal|p1a: Toxapex|85\/100|[from] item: Black Sludge\n|-damage|p2a: Sylveon|78\/100 brn|[from] brn\n|upkeep\n|turn|24\n|\n|t:|1700580809\n|move|p1a: Toxapex|Baneful Bunker|p1a: Toxapex\n|-singleturn|p1a: Toxapex|move: Protect\n|move|p2a: Sylveon|Wish|p2a: Sylveon\n|\n|-heal|p1a: Toxapex|91\/100|[from] item: Black Sludge\n|-damage|p2a: Sylveon|72\/100 brn|[from] brn\n|upkeep\n|turn|25\n|\n|t:|1700580817\n|switch|p1a: Chansey|Chansey, F|94\/100\n|move|p2a: Sylveon|Shadow Ball|p1a: Chansey\n|-immune|p1a: Chansey\n|\n|-heal|p2a: Sylveon|100\/100 brn|[from] move: Wish|[wisher] Sylveon\n|-damage|p2a: Sylveon|94\/100 brn|[from] brn\n|upkeep\n|turn|26\n|\n|t:|1700580821\n|move|p2a: Sylveon|Wish|p2a: Sylveon\n|move|p1a: Chansey|Seismic Toss|p2a: Sylveon\n|-damage|p2a: Sylveon|66\/100 brn\n|\n|-damage|p2a: Sylveon|60\/100 brn|[from] brn\n|upkeep\n|turn|27\n|\n|t:|1700580825\n|switch|p2a: Greninja|Greninja, M|100\/100\n|move|p1a: Chansey|Seismic Toss|p2a: Greninja\n|-damage|p2a: Greninja|65\/100\n|\n|-heal|p2a: Greninja|100\/100|[from] move: Wish|[wisher] Sylveon\n|upkeep\n|turn|28\n|\n|t:|1700580831\n|move|p2a: Greninja|Dark Pulse|p1a: Chansey\n|-damage|p1a: Chansey|81\/100\n|-damage|p2a: Greninja|91\/100|[from] item: Life Orb\n|cant|p1a: Chansey|flinch\n|\n|upkeep\n|turn|29\n|\n|t:|1700580837\n|switch|p2a: Sylveon|Sylveon, F|60\/100 brn\n|move|p1a: Chansey|Toxic||[still]\n|-fail|p1a: Chansey\n|\n|-damage|p2a: Sylveon|54\/100 brn|[from] brn\n|upkeep\n|turn|30\n|\n|t:|1700580841\n|move|p2a: Sylveon|Wish|p2a: Sylveon\n|move|p1a: Chansey|Seismic Toss|p2a: Sylveon\n|-damage|p2a: Sylveon|26\/100 brn\n|\n|-damage|p2a: Sylveon|20\/100 brn|[from] brn\n|upkeep\n|turn|31\n|\n|t:|1700580852\n|switch|p1a: Toxtricity|Toxtricity, F|100\/100\n|move|p2a: Sylveon|Quick Attack|p1a: Toxtricity\n|-resisted|p1a: Toxtricity\n|-damage|p1a: Toxtricity|96\/100\n|\n|-heal|p2a: Sylveon|70\/100 brn|[from] move: Wish|[wisher] Sylveon\n|-damage|p2a: Sylveon|64\/100 brn|[from] brn\n|upkeep\n|turn|32\n|\n|t:|1700580861\n|switch|p2a: Aegislash|Aegislash, M, shiny|100\/100\n|move|p1a: Toxtricity|Boomburst|p2a: Aegislash\n|-immune|p2a: Aegislash\n|\n|upkeep\n|turn|33\n|\n|t:|1700580871\n|move|p1a: Toxtricity|Nuzzle|p2a: Aegislash\n|-damage|p2a: Aegislash|95\/100\n|-status|p2a: Aegislash|par\n|-formechange|p2a: Aegislash|Aegislash-Blade||[from] ability: Stance Change\n|move|p2a: Aegislash|Iron Head|p1a: Toxtricity\n|-resisted|p1a: Toxtricity\n|-damage|p1a: Toxtricity|57\/100\n|\n|-heal|p2a: Aegislash|100\/100 par|[from] item: Leftovers\n|upkeep\n|turn|34\n|\n|t:|1700580881\n|switch|p1a: Toxapex|Toxapex, M|100\/100\n|-formechange|p2a: Aegislash|Aegislash||[from] ability: Stance Change\n|move|p2a: Aegislash|King's Shield||[still]\n|-fail|p2a: Aegislash\n|\n|upkeep\n|turn|35\n|\n|t:|1700580887\n|switch|p2a: Sylveon|Sylveon, F|64\/100 brn\n|move|p1a: Toxapex|Scald|p2a: Sylveon\n|-damage|p2a: Sylveon|50\/100 brn\n|\n|-damage|p2a: Sylveon|44\/100 brn|[from] brn\n|upkeep\n|turn|36\n|\n|t:|1700580897\n|switch|p1a: Chansey|Chansey, F|81\/100\n|move|p2a: Sylveon|Wish|p2a: Sylveon\n|\n|-damage|p2a: Sylveon|38\/100 brn|[from] brn\n|upkeep\n|turn|37\n|\n|t:|1700580902\n|switch|p1a: Toxtricity|Toxtricity, F|57\/100\n|move|p2a: Sylveon|Quick Attack|p1a: Toxtricity\n|-resisted|p1a: Toxtricity\n|-crit|p1a: Toxtricity\n|-damage|p1a: Toxtricity|50\/100\n|\n|-heal|p2a: Sylveon|88\/100 brn|[from] move: Wish|[wisher] Sylveon\n|-damage|p2a: Sylveon|82\/100 brn|[from] brn\n|upkeep\n|turn|38\n|\n|t:|1700580908\n|switch|p2a: Aegislash|Aegislash, M, shiny|100\/100 par\n|move|p1a: Toxtricity|Overdrive|p2a: Aegislash\n|-damage|p2a: Aegislash|56\/100 par\n|-enditem|p1a: Toxtricity|Throat Spray\n|-boost|p1a: Toxtricity|spa|1|[from] item: Throat Spray\n|\n|-heal|p2a: Aegislash|62\/100 par|[from] item: Leftovers\n|upkeep\n|turn|39\n|\n|t:|1700580917\n|cant|p2a: Aegislash|par\n|move|p1a: Toxtricity|Overdrive|p2a: Aegislash\n|-damage|p2a: Aegislash|0 fnt\n|faint|p2a: Aegislash\n|\n|upkeep\n|\n|t:|1700580929\n|switch|p2a: Greninja|Greninja, M|91\/100\n|turn|40\n|\n|t:|1700580938\n|switch|p1a: Toxapex|Toxapex, M|100\/100\n|move|p2a: Greninja|Surf|p1a: Toxapex\n|-resisted|p1a: Toxapex\n|-damage|p1a: Toxapex|80\/100\n|-damage|p2a: Greninja|81\/100|[from] item: Life Orb\n|\n|-heal|p1a: Toxapex|86\/100|[from] item: Black Sludge\n|upkeep\n|turn|41\n|\n|t:|1700580945\n|switch|p2a: Sylveon|Sylveon, F|82\/100 brn\n|switch|p1a: Tyranitar|Tyranitar, F|92\/100\n|-weather|Sandstorm|[from] ability: Sand Stream|[of] p1a: Tyranitar\n|\n|-weather|Sandstorm|[upkeep]\n|-damage|p2a: Sylveon|76\/100 brn|[from] Sandstorm\n|-damage|p2a: Sylveon|69\/100 brn|[from] brn\n|upkeep\n|turn|42\n|\n|t:|1700580950\n|switch|p1a: Toxapex|Toxapex, M|100\/100\n|move|p2a: Sylveon|Hyper Voice|p1a: Toxapex\n|-resisted|p1a: Toxapex\n|-damage|p1a: Toxapex|80\/100\n|-enditem|p2a: Sylveon|Throat Spray\n|-boost|p2a: Sylveon|spa|1|[from] item: Throat Spray\n|\n|-weather|Sandstorm|[upkeep]\n|-damage|p2a: Sylveon|63\/100 brn|[from] Sandstorm\n|-damage|p1a: Toxapex|74\/100|[from] Sandstorm\n|-heal|p1a: Toxapex|80\/100|[from] item: Black Sludge\n|-damage|p2a: Sylveon|57\/100 brn|[from] brn\n|upkeep\n|turn|43\n|\n|t:|1700580957\n|move|p2a: Sylveon|Wish|p2a: Sylveon\n|move|p1a: Toxapex|Scald|p2a: Sylveon\n|-damage|p2a: Sylveon|45\/100 brn\n|\n|-weather|Sandstorm|[upkeep]\n|-damage|p2a: Sylveon|38\/100 brn|[from] Sandstorm\n|-damage|p1a: Toxapex|74\/100|[from] Sandstorm\n|-heal|p1a: Toxapex|80\/100|[from] item: Black Sludge\n|-damage|p2a: Sylveon|32\/100 brn|[from] brn\n|upkeep\n|turn|44\n|\n|t:|1700580969\n|move|p2a: Sylveon|Hyper Voice|p1a: Toxapex\n|-resisted|p1a: Toxapex\n|-damage|p1a: Toxapex|50\/100\n|move|p1a: Toxapex|Scald|p2a: Sylveon\n|-damage|p2a: Sylveon|19\/100 brn\n|\n|-weather|Sandstorm|[upkeep]\n|-damage|p2a: Sylveon|13\/100 brn|[from] Sandstorm\n|-damage|p1a: Toxapex|44\/100|[from] Sandstorm\n|-heal|p2a: Sylveon|63\/100 brn|[from] move: Wish|[wisher] Sylveon\n|-heal|p1a: Toxapex|50\/100|[from] item: Black Sludge\n|-damage|p2a: Sylveon|57\/100 brn|[from] brn\n|upkeep\n|turn|45\n|\n|t:|1700580975\n|move|p1a: Toxapex|Baneful Bunker|p1a: Toxapex\n|-singleturn|p1a: Toxapex|move: Protect\n|move|p2a: Sylveon|Hyper Voice|p1a: Toxapex\n|-activate|p1a: Toxapex|move: Protect\n|\n|-weather|none\n|-heal|p1a: Toxapex|56\/100|[from] item: Black Sludge\n|-damage|p2a: Sylveon|50\/100 brn|[from] brn\n|upkeep\n|turn|46\n|\n|t:|1700580978\n|switch|p1a: Chansey|Chansey, F|81\/100\n|move|p2a: Sylveon|Wish|p2a: Sylveon\n|\n|-damage|p2a: Sylveon|44\/100 brn|[from] brn\n|upkeep\n|turn|47\n|\n|t:|1700580981\n|move|p2a: Sylveon|Quick Attack|p1a: Chansey\n|-damage|p1a: Chansey|77\/100\n|move|p1a: Chansey|Seismic Toss|p2a: Sylveon\n|-damage|p2a: Sylveon|16\/100 brn\n|\n|-heal|p2a: Sylveon|66\/100 brn|[from] move: Wish|[wisher] Sylveon\n|-damage|p2a: Sylveon|60\/100 brn|[from] brn\n|upkeep\n|turn|48\n|\n|t:|1700580986\n|switch|p1a: Toxtricity|Toxtricity, F|50\/100\n|move|p2a: Sylveon|Wish|p2a: Sylveon\n|\n|-damage|p2a: Sylveon|54\/100 brn|[from] brn\n|upkeep\n|turn|49\n|\n|t:|1700580996\n|move|p1a: Toxtricity|Boomburst|p2a: Sylveon\n|-damage|p2a: Sylveon|4\/100 brn\n|move|p2a: Sylveon|Hyper Voice|p1a: Toxtricity\n|-resisted|p1a: Toxtricity\n|-damage|p1a: Toxtricity|17\/100\n|\n|-heal|p2a: Sylveon|54\/100 brn|[from] move: Wish|[wisher] Sylveon\n|-damage|p2a: Sylveon|47\/100 brn|[from] brn\n|upkeep\n|turn|50\n|\n|t:|1700581003\n|-terastallize|p1a: Toxtricity|Normal\n|move|p2a: Sylveon|Quick Attack|p1a: Toxtricity\n|-damage|p1a: Toxtricity|6\/100\n|move|p1a: Toxtricity|Boomburst|p2a: Sylveon\n|-damage|p2a: Sylveon|0 fnt\n|faint|p2a: Sylveon\n|\n|upkeep\n|\n|t:|1700581008\n|switch|p2a: Scizor|Scizor, M|100\/100\n|turn|51\n|\n|t:|1700581014\n|switch|p1a: Corviknight|Corviknight, M|43\/100\n|-ability|p1a: Corviknight|Pressure\n|detailschange|p2a: Scizor|Scizor-Mega, M\n|-mega|p2a: Scizor|Scizor|Scizorite\n|move|p2a: Scizor|Dual Wingbeat|p1a: Corviknight\n|-resisted|p1a: Corviknight\n|-damage|p1a: Corviknight|34\/100\n|-resisted|p1a: Corviknight\n|-damage|p1a: Corviknight|25\/100\n|-hitcount|p1a: Corviknight|2\n|\n|-heal|p1a: Corviknight|31\/100|[from] item: Leftovers\n|upkeep\n|turn|52\n|\n|t:|1700581017\n|move|p2a: Scizor|Close Combat|p1a: Corviknight\n|-damage|p1a: Corviknight|0 fnt\n|-unboost|p2a: Scizor|def|1\n|-unboost|p2a: Scizor|spd|1\n|faint|p1a: Corviknight\n|\n|upkeep\n|\n|t:|1700581021\n|switch|p1a: Salamence|Salamence, F|100\/100\n|turn|53\n|\n|t:|1700581026\n|switch|p2a: Salamence|Salamence, M, tera:Flying|86\/100 brn\n|-ability|p2a: Salamence|Intimidate|boost\n|-unboost|p1a: Salamence|atk|1\n|move|p1a: Salamence|Dragon Dance|p1a: Salamence\n|-boost|p1a: Salamence|atk|1\n|-boost|p1a: Salamence|spe|1\n|\n|-damage|p2a: Salamence|80\/100 brn|[from] brn\n|upkeep\n|turn|54\n|\n|t:|1700581035\n|move|p1a: Salamence|Dragon Dance|p1a: Salamence\n|-boost|p1a: Salamence|atk|1\n|-boost|p1a: Salamence|spe|1\n|move|p2a: Salamence|Tera Blast|p1a: Salamence|[anim] Tera Blast Flying\n|-damage|p1a: Salamence|40\/100\n|\n|-damage|p2a: Salamence|74\/100 brn|[from] brn\n|upkeep\n|turn|55\n|\n|t:|1700581039\n|-zpower|p1a: Salamence\n|move|p1a: Salamence|Supersonic Skystrike|p2a: Salamence|[zeffect]\n|-damage|p2a: Salamence|0 fnt\n|faint|p2a: Salamence\n|-ability|p1a: Salamence|Moxie|boost\n|-boost|p1a: Salamence|atk|1\n|\n|upkeep\n|\n|t:|1700581045\n|switch|p2a: Scizor|Scizor-Mega, M|100\/100\n|turn|56\n|\n|t:|1700581049\n|move|p2a: Scizor|Bullet Punch|p1a: Salamence\n|-damage|p1a: Salamence|0 fnt\n|faint|p1a: Salamence\n|\n|upkeep\n|\n|t:|1700581055\n|switch|p1a: Tyranitar|Tyranitar, F|92\/100\n|-weather|Sandstorm|[from] ability: Sand Stream|[of] p1a: Tyranitar\n|turn|57\n|\n|t:|1700581059\n|move|p2a: Scizor|Close Combat|p1a: Tyranitar\n|-supereffective|p1a: Tyranitar\n|-damage|p1a: Tyranitar|0 fnt\n|-unboost|p2a: Scizor|def|1\n|-unboost|p2a: Scizor|spd|1\n|faint|p1a: Tyranitar\n|\n|-weather|Sandstorm|[upkeep]\n|upkeep\n|\n|t:|1700581063\n|switch|p1a: Toxapex|Toxapex, M|89\/100\n|turn|58\n|\n|t:|1700581069\n|switch|p2a: Greninja|Greninja, M|81\/100\n|move|p1a: Toxapex|Scald|p2a: Greninja\n|-resisted|p2a: Greninja\n|-damage|p2a: Greninja|68\/100\n|-status|p2a: Greninja|brn\n|\n|-weather|Sandstorm|[upkeep]\n|-damage|p2a: Greninja|62\/100 brn|[from] Sandstorm\n|-damage|p1a: Toxapex|83\/100|[from] Sandstorm\n|-heal|p1a: Toxapex|89\/100|[from] item: Black Sludge\n|-damage|p2a: Greninja|56\/100 brn|[from] brn\n|upkeep\n|turn|59\n|\n|t:|1700581075\n|move|p2a: Greninja|Dark Pulse|p1a: Toxapex\n|-damage|p1a: Toxapex|52\/100\n|-damage|p2a: Greninja|46\/100 brn|[from] item: Life Orb\n|move|p1a: Toxapex|Scald|p2a: Greninja\n|-resisted|p2a: Greninja\n|-damage|p2a: Greninja|34\/100 brn\n|\n|-weather|Sandstorm|[upkeep]\n|-damage|p2a: Greninja|28\/100 brn|[from] Sandstorm\n|-damage|p1a: Toxapex|46\/100|[from] Sandstorm\n|-heal|p1a: Toxapex|52\/100|[from] item: Black Sludge\n|-damage|p2a: Greninja|22\/100 brn|[from] brn\n|upkeep\n|turn|60\n|\n|t:|1700581079\n|move|p1a: Toxapex|Baneful Bunker|p1a: Toxapex\n|-singleturn|p1a: Toxapex|move: Protect\n|move|p2a: Greninja|Dark Pulse|p1a: Toxapex\n|-activate|p1a: Toxapex|move: Protect\n|\n|-weather|Sandstorm|[upkeep]\n|-damage|p2a: Greninja|16\/100 brn|[from] Sandstorm\n|-damage|p1a: Toxapex|46\/100|[from] Sandstorm\n|-heal|p1a: Toxapex|52\/100|[from] item: Black Sludge\n|-damage|p2a: Greninja|10\/100 brn|[from] brn\n|upkeep\n|turn|61\n|\n|t:|1700581082\n|switch|p1a: Chansey|Chansey, F|77\/100\n|move|p2a: Greninja|Dark Pulse|p1a: Chansey\n|-damage|p1a: Chansey|62\/100\n|-damage|p2a: Greninja|0 fnt|[from] item: Life Orb\n|faint|p2a: Greninja\n|\n|-weather|none\n|upkeep\n|\n|t:|1700581085\n|switch|p2a: Scizor|Scizor-Mega, M|100\/100\n|turn|62\n|\n|t:|1700581091\n|switch|p1a: Toxtricity|Toxtricity, F, tera:Normal|6\/100\n|move|p2a: Scizor|Dual Wingbeat|p1a: Toxtricity\n|-damage|p1a: Toxtricity|0 fnt\n|faint|p1a: Toxtricity\n|-hitcount|p1: Toxtricity|1\n|\n|upkeep\n|\n|t:|1700581094\n|switch|p1a: Toxapex|Toxapex, M|85\/100\n|turn|63\n|\n|t:|1700581097\n|move|p2a: Scizor|Dual Wingbeat|p1a: Toxapex\n|-damage|p1a: Toxapex|69\/100\n|-damage|p1a: Toxapex|52\/100\n|-hitcount|p1a: Toxapex|2\n|move|p1a: Toxapex|Scald|p2a: Scizor\n|-damage|p2a: Scizor|83\/100\n|\n|-heal|p1a: Toxapex|58\/100|[from] item: Black Sludge\n|upkeep\n|turn|64\n|\n|t:|1700581100\n|move|p1a: Toxapex|Baneful Bunker|p1a: Toxapex\n|-singleturn|p1a: Toxapex|move: Protect\n|move|p2a: Scizor|Dual Wingbeat|p1a: Toxapex\n|-activate|p1a: Toxapex|move: Protect\n|\n|-heal|p1a: Toxapex|64\/100|[from] item: Black Sludge\n|upkeep\n|turn|65\n|\n|t:|1700581104\n|move|p2a: Scizor|Bullet Punch|p1a: Toxapex\n|-resisted|p1a: Toxapex\n|-damage|p1a: Toxapex|51\/100\n|move|p1a: Toxapex|Scald|p2a: Scizor\n|-damage|p2a: Scizor|68\/100\n|\n|-heal|p1a: Toxapex|57\/100|[from] item: Black Sludge\n|upkeep\n|turn|66\n|\n|t:|1700581108\n|move|p1a: Toxapex|Baneful Bunker|p1a: Toxapex\n|-singleturn|p1a: Toxapex|move: Protect\n|move|p2a: Scizor|Dual Wingbeat|p1a: Toxapex\n|-activate|p1a: Toxapex|move: Protect\n|\n|-heal|p1a: Toxapex|63\/100|[from] item: Black Sludge\n|upkeep\n|turn|67\n|\n|t:|1700581111\n|move|p2a: Scizor|Dual Wingbeat|p1a: Toxapex\n|-damage|p1a: Toxapex|45\/100\n|-damage|p1a: Toxapex|28\/100\n|-hitcount|p1a: Toxapex|2\n|move|p1a: Toxapex|Scald|p2a: Scizor\n|-damage|p2a: Scizor|52\/100\n|\n|-heal|p1a: Toxapex|34\/100|[from] item: Black Sludge\n|upkeep\n|turn|68\n|\n|t:|1700581115\n|move|p1a: Toxapex|Baneful Bunker|p1a: Toxapex\n|-singleturn|p1a: Toxapex|move: Protect\n|move|p2a: Scizor|Roost|p2a: Scizor\n|-heal|p2a: Scizor|100\/100\n|-singleturn|p2a: Scizor|move: Roost\n|\n|-heal|p1a: Toxapex|40\/100|[from] item: Black Sludge\n|upkeep\n|turn|69\n|\n|t:|1700581117\n|switch|p1a: Chansey|Chansey, F|62\/100\n|move|p2a: Scizor|Dual Wingbeat|p1a: Chansey\n|-damage|p1a: Chansey|46\/100\n|-damage|p1a: Chansey|29\/100\n|-hitcount|p1a: Chansey|2\n|\n|upkeep\n|turn|70\n|\n|t:|1700581120\n|switch|p1a: Toxapex|Toxapex, M|73\/100\n|move|p2a: Scizor|Dual Wingbeat|p1a: Toxapex\n|-damage|p1a: Toxapex|54\/100\n|-damage|p1a: Toxapex|38\/100\n|-hitcount|p1a: Toxapex|2\n|\n|-heal|p1a: Toxapex|44\/100|[from] item: Black Sludge\n|upkeep\n|turn|71\n|\n|t:|1700581124\n|move|p1a: Toxapex|Baneful Bunker|p1a: Toxapex\n|-singleturn|p1a: Toxapex|move: Protect\n|move|p2a: Scizor|Dual Wingbeat|p1a: Toxapex\n|-activate|p1a: Toxapex|move: Protect\n|\n|-heal|p1a: Toxapex|50\/100|[from] item: Black Sludge\n|upkeep\n|turn|72\n|\n|t:|1700581125\n|move|p2a: Scizor|Dual Wingbeat|p1a: Toxapex\n|-damage|p1a: Toxapex|32\/100\n|-damage|p1a: Toxapex|16\/100\n|-hitcount|p1a: Toxapex|2\n|move|p1a: Toxapex|Scald|p2a: Scizor\n|-crit|p2a: Scizor\n|-damage|p2a: Scizor|78\/100\n|\n|-heal|p1a: Toxapex|22\/100|[from] item: Black Sludge\n|upkeep\n|turn|73\n|\n|t:|1700581129\n|move|p1a: Toxapex|Baneful Bunker|p1a: Toxapex\n|-singleturn|p1a: Toxapex|move: Protect\n|move|p2a: Scizor|Dual Wingbeat|p1a: Toxapex\n|-activate|p1a: Toxapex|move: Protect\n|\n|-heal|p1a: Toxapex|28\/100|[from] item: Black Sludge\n|upkeep\n|turn|74\n|\n|t:|1700581131\n|move|p2a: Scizor|Dual Wingbeat|p1a: Toxapex\n|-damage|p1a: Toxapex|10\/100\n|-damage|p1a: Toxapex|0 fnt\n|faint|p1a: Toxapex\n|-hitcount|p1: Toxapex|2\n|\n|upkeep\n|\n|t:|1700581135\n|switch|p1a: Chansey|Chansey, F|29\/100\n|turn|75\n|-message|Gatodeplomo forfeited.\n|\n|win|wobushidongnai\n|raw|Gatodeplomo's rating: 1319 &rarr; <strong>1295<\/strong><br \/>(-24 for losing)\n|raw|wobushidongnai's rating: 1254 &rarr; <strong>1284<\/strong><br \/>(+30 for winning)\n|l|\u2606Gatodeplomo\n","uploadtime":1700581149,"views":8,"p1id":"gatodeplomo","p2id":"wobushidongnai","formatid":"gen9nationaldex","rating":1284,"private":0,"password":""}