{"id":"gen9nationaldex-1996532003","p1":"Mr.dinguery","p2":"UUbers Vesp","format":"[Gen 9] National Dex","log":"|html|<div class=\"broadcast-blue\"><strong>[Gen 9] National Dex is currently suspecting Sneasler! For information on how to participate check out the <a href=\"https:\/\/www.smogon.com\/forums\/threads\/sv-national-dex-suspect-8-just-dance.3731534\/\">suspect thread<\/a>.<\/strong><\/div>\n|j|\u2606Mr.dinguery\n|j|\u2606UUbers Vesp\n|t:|1700691307\n|gametype|singles\n|player|p1|Mr.dinguery|cynthia|1381\n|player|p2|UUbers Vesp|juggler|1430\n|teamsize|p1|6\n|teamsize|p2|6\n|gen|9\n|tier|[Gen 9] National Dex\n|rated|\n|rule|HP Percentage Mod: HP is shown in percentages\n|rule|Endless Battle Clause: Forcing endless battles is banned\n|rule|OHKO Clause: OHKO moves are banned\n|rule|Evasion Clause: Evasion abilities, items, and moves are banned\n|rule|Evasion Abilities Clause: Evasion abilities are banned\n|rule|Evasion Items Clause: Evasion items are banned\n|rule|Evasion Moves Clause: Evasion moves are banned\n|rule|Species Clause: Limit one of each Pok\u00e9mon\n|rule|Sleep Clause Mod: Limit one foe put to sleep\n|clearpoke\n|poke|p1|Sandaconda, F|\n|poke|p1|Excadrill, M|\n|poke|p1|Hippowdon, M|\n|poke|p1|Tyranitar, F|\n|poke|p1|Garchomp, M|\n|poke|p1|Dracozolt|\n|poke|p2|Ursaluna, F|\n|poke|p2|Alomomola, M|\n|poke|p2|Iron Valiant|\n|poke|p2|Scizor, F|\n|poke|p2|Zapdos|\n|poke|p2|Garchomp, F|\n|teampreview\n|inactive|Battle timer is ON: inactive players will automatically lose when time's up. (requested by Mr.dinguery)\n|\n|t:|1700691321\n|start\n|switch|p1a: Sandaconda|Sandaconda, F|100\/100\n|switch|p2a: Garchomp|Garchomp, F|100\/100\n|turn|1\n|\n|t:|1700691325\n|move|p2a: Garchomp|Stealth Rock|p1a: Sandaconda\n|-sidestart|p1: Mr.dinguery|move: Stealth Rock\n|move|p1a: Sandaconda|Glare|p2a: Garchomp\n|-status|p2a: Garchomp|par\n|\n|upkeep\n|turn|2\n|\n|t:|1700691335\n|switch|p2a: Ursaluna|Ursaluna, F|100\/100\n|move|p1a: Sandaconda|Coil|p1a: Sandaconda\n|-boost|p1a: Sandaconda|atk|1\n|-boost|p1a: Sandaconda|def|1\n|-boost|p1a: Sandaconda|accuracy|1\n|\n|-status|p2a: Ursaluna|brn|[from] item: Flame Orb\n|upkeep\n|turn|3\n|\n|t:|1700691338\n|-terastallize|p2a: Ursaluna|Normal\n|move|p1a: Sandaconda|Coil|p1a: Sandaconda\n|-boost|p1a: Sandaconda|atk|1\n|-boost|p1a: Sandaconda|def|1\n|-boost|p1a: Sandaconda|accuracy|1\n|move|p2a: Ursaluna|Facade|p1a: Sandaconda\n|-damage|p1a: Sandaconda|42\/100\n|-weather|Sandstorm|[from] ability: Sand Spit|[of] p1a: Sandaconda\n|\n|-weather|Sandstorm|[upkeep]\n|-damage|p2a: Ursaluna|94\/100 brn|[from] Sandstorm\n|-damage|p2a: Ursaluna|88\/100 brn|[from] brn\n|upkeep\n|turn|4\n|\n|t:|1700691341\n|move|p1a: Sandaconda|Body Press|p2a: Ursaluna\n|-supereffective|p2a: Ursaluna\n|-damage|p2a: Ursaluna|13\/100 brn\n|move|p2a: Ursaluna|Facade|p1a: Sandaconda\n|-damage|p1a: Sandaconda|0 fnt\n|faint|p1a: Sandaconda\n|\n|-weather|Sandstorm|[upkeep]\n|-damage|p2a: Ursaluna|7\/100 brn|[from] Sandstorm\n|-damage|p2a: Ursaluna|1\/100 brn|[from] brn\n|upkeep\n|\n|t:|1700691351\n|switch|p1a: Hippowdon|Hippowdon, M|100\/100\n|-damage|p1a: Hippowdon|94\/100|[from] Stealth Rock\n|turn|5\n|\n|t:|1700691354\n|move|p2a: Ursaluna|Facade|p1a: Hippowdon\n|-damage|p1a: Hippowdon|22\/100\n|move|p1a: Hippowdon|Stealth Rock|p2a: Ursaluna\n|-sidestart|p2: UUbers Vesp|move: Stealth Rock\n|\n|-weather|Sandstorm|[upkeep]\n|-damage|p2a: Ursaluna|0 fnt|[from] Sandstorm\n|faint|p2a: Ursaluna\n|-heal|p1a: Hippowdon|28\/100|[from] item: Leftovers\n|upkeep\n|\n|t:|1700691360\n|switch|p2a: Iron Valiant|Iron Valiant|100\/100\n|-damage|p2a: Iron Valiant|94\/100|[from] Stealth Rock\n|turn|6\n|\n|t:|1700691363\n|move|p2a: Iron Valiant|Moonblast|p1a: Hippowdon\n|-damage|p1a: Hippowdon|0 fnt\n|faint|p1a: Hippowdon\n|\n|-weather|Sandstorm|[upkeep]\n|-damage|p2a: Iron Valiant|88\/100|[from] Sandstorm\n|upkeep\n|\n|t:|1700691373\n|switch|p1a: Dracozolt|Dracozolt|100\/100\n|-damage|p1a: Dracozolt|88\/100|[from] Stealth Rock\n|turn|7\n|\n|t:|1700691377\n|-end|p2a: Iron Valiant|Quark Drive|[silent]\n|switch|p2a: Garchomp|Garchomp, F|100\/100 par\n|-damage|p2a: Garchomp|94\/100 par|[from] Stealth Rock\n|move|p1a: Dracozolt|Bolt Beak|p2a: Garchomp\n|-immune|p2a: Garchomp\n|\n|-weather|Sandstorm|[upkeep]\n|upkeep\n|turn|8\n|\n|t:|1700691382\n|switch|p2a: Iron Valiant|Iron Valiant|88\/100\n|-damage|p2a: Iron Valiant|82\/100|[from] Stealth Rock\n|move|p1a: Dracozolt|Dragon Claw|p2a: Iron Valiant\n|-immune|p2a: Iron Valiant\n|\n|-weather|Sandstorm|[upkeep]\n|-damage|p2a: Iron Valiant|76\/100|[from] Sandstorm\n|upkeep\n|turn|9\n|\n|t:|1700691387\n|-end|p2a: Iron Valiant|Quark Drive|[silent]\n|switch|p2a: Zapdos|Zapdos|100\/100\n|move|p1a: Dracozolt|Earthquake|p2a: Zapdos\n|-immune|p2a: Zapdos\n|\n|-weather|Sandstorm|[upkeep]\n|-damage|p2a: Zapdos|94\/100|[from] Sandstorm\n|upkeep\n|turn|10\n|\n|t:|1700691395\n|switch|p2a: Scizor|Scizor, F|100\/100\n|-damage|p2a: Scizor|88\/100|[from] Stealth Rock\n|move|p1a: Dracozolt|Bolt Beak|p2a: Scizor\n|-damage|p2a: Scizor|6\/100\n|-damage|p1a: Dracozolt|78\/100|[from] item: Life Orb\n|\n|-weather|none\n|upkeep\n|turn|11\n|\n|t:|1700691399\n|switch|p1a: Tyranitar|Tyranitar, F|100\/100\n|-damage|p1a: Tyranitar|88\/100|[from] Stealth Rock\n|-weather|Sandstorm|[from] ability: Sand Stream|[of] p1a: Tyranitar\n|detailschange|p2a: Scizor|Scizor-Mega, F\n|-mega|p2a: Scizor|Scizor|Scizorite\n|move|p2a: Scizor|U-turn|p1a: Tyranitar\n|-supereffective|p1a: Tyranitar\n|-damage|p1a: Tyranitar|34\/100\n|\n|t:|1700691409\n|switch|p2a: Iron Valiant|Iron Valiant|76\/100|[from] U-turn\n|-damage|p2a: Iron Valiant|69\/100|[from] Stealth Rock\n|\n|-weather|Sandstorm|[upkeep]\n|-damage|p2a: Iron Valiant|63\/100|[from] Sandstorm\n|upkeep\n|turn|12\n|\n|t:|1700691413\n|move|p2a: Iron Valiant|Moonblast|p1a: Tyranitar\n|-supereffective|p1a: Tyranitar\n|-damage|p1a: Tyranitar|0 fnt\n|faint|p1a: Tyranitar\n|\n|-weather|Sandstorm|[upkeep]\n|-damage|p2a: Iron Valiant|57\/100|[from] Sandstorm\n|upkeep\n|\n|t:|1700691416\n|switch|p1a: Excadrill|Excadrill, M|100\/100\n|-damage|p1a: Excadrill|97\/100|[from] Stealth Rock\n|turn|13\n|\n|t:|1700691420\n|-end|p2a: Iron Valiant|Quark Drive|[silent]\n|switch|p2a: Alomomola|Alomomola, M|100\/100\n|move|p1a: Excadrill|Rock Slide|p2a: Alomomola\n|-damage|p2a: Alomomola|82\/100\n|\n|-weather|Sandstorm|[upkeep]\n|-damage|p2a: Alomomola|76\/100|[from] Sandstorm\n|upkeep\n|turn|14\n|\n|t:|1700691423\n|move|p1a: Excadrill|Rock Slide|p2a: Alomomola\n|-damage|p2a: Alomomola|59\/100\n|move|p2a: Alomomola|Flip Turn|p1a: Excadrill\n|-supereffective|p1a: Excadrill\n|-damage|p1a: Excadrill|52\/100\n|\n|t:|1700691430\n|switch|p2a: Garchomp|Garchomp, F|94\/100 par|[from] Flip Turn\n|-damage|p2a: Garchomp|88\/100 par|[from] Stealth Rock\n|\n|-weather|Sandstorm|[upkeep]\n|upkeep\n|turn|15\n|\n|t:|1700691435\n|switch|p1a: Garchomp|Garchomp, M|100\/100\n|-damage|p1a: Garchomp|94\/100|[from] Stealth Rock\n|switch|p2a: Scizor|Scizor-Mega, F|6\/100\n|-damage|p2a: Scizor|0 fnt|[from] Stealth Rock\n|faint|p2a: Scizor\n|\n|-weather|Sandstorm|[upkeep]\n|upkeep\n|\n|t:|1700691437\n|switch|p2a: Iron Valiant|Iron Valiant|57\/100\n|-damage|p2a: Iron Valiant|51\/100|[from] Stealth Rock\n|turn|16\n|\n|t:|1700691446\n|detailschange|p1a: Garchomp|Garchomp-Mega, M\n|-mega|p1a: Garchomp|Garchomp|Garchompite\n|move|p2a: Iron Valiant|Moonblast|p1a: Garchomp\n|-supereffective|p1a: Garchomp\n|-damage|p1a: Garchomp|0 fnt\n|faint|p1a: Garchomp\n|\n|-weather|Sandstorm|[upkeep]\n|-damage|p2a: Iron Valiant|44\/100|[from] Sandstorm\n|upkeep\n|\n|t:|1700691452\n|switch|p1a: Dracozolt|Dracozolt|78\/100\n|-damage|p1a: Dracozolt|66\/100|[from] Stealth Rock\n|turn|17\n|\n|t:|1700691456\n|-end|p2a: Iron Valiant|Quark Drive|[silent]\n|switch|p2a: Garchomp|Garchomp, F|88\/100 par\n|-damage|p2a: Garchomp|82\/100 par|[from] Stealth Rock\n|move|p1a: Dracozolt|Bolt Beak|p2a: Garchomp\n|-immune|p2a: Garchomp\n|\n|-weather|Sandstorm|[upkeep]\n|upkeep\n|turn|18\n|\n|t:|1700691462\n|move|p1a: Dracozolt|Bolt Beak|p2a: Garchomp\n|-immune|p2a: Garchomp\n|move|p2a: Garchomp|Earthquake|p1a: Dracozolt\n|-supereffective|p1a: Dracozolt\n|-damage|p1a: Dracozolt|0 fnt\n|faint|p1a: Dracozolt\n|\n|-weather|none\n|upkeep\n|\n|t:|1700691465\n|switch|p1a: Excadrill|Excadrill, M|52\/100\n|-damage|p1a: Excadrill|49\/100|[from] Stealth Rock\n|turn|19\n|-message|Mr.dinguery forfeited.\n|\n|win|UUbers Vesp\n|raw|Mr.dinguery's rating: 1381 &rarr; <strong>1364<\/strong><br \/>(-17 for losing)\n|raw|UUbers Vesp's rating: 1430 &rarr; <strong>1447<\/strong><br \/>(+17 for winning)\n|l|\u2606Mr.dinguery\n|c|\u2606UUbers Vesp|Lmao dzolt got wooped\n","uploadtime":1700691477,"views":13,"p1id":"mrdinguery","p2id":"uubersvesp","formatid":"gen9nationaldex","rating":1364,"private":0,"password":""}