{"id":"gen9nationaldex-1991427286","p1":"PSPRadii","p2":"RazberDlaPolski","format":"[Gen 9] National Dex","log":"|j|\u2606PSPRadii\n|j|\u2606RazberDlaPolski\n|t:|1700076209\n|gametype|singles\n|player|p1|PSPRadii|rancher|\n|player|p2|RazberDlaPolski|supernerd|\n|teamsize|p1|6\n|teamsize|p2|6\n|gen|9\n|tier|[Gen 9] National Dex\n|rule|HP Percentage Mod: HP is shown in percentages\n|rule|Endless Battle Clause: Forcing endless battles is banned\n|rule|OHKO Clause: OHKO moves are banned\n|rule|Evasion Clause: Evasion abilities, items, and moves are banned\n|rule|Evasion Abilities Clause: Evasion abilities are banned\n|rule|Evasion Items Clause: Evasion items are banned\n|rule|Evasion Moves Clause: Evasion moves are banned\n|rule|Species Clause: Limit one of each Pok\u00e9mon\n|rule|Sleep Clause Mod: Limit one foe put to sleep\n|clearpoke\n|poke|p1|Iron Valiant|\n|poke|p1|Rotom-Frost|\n|poke|p1|Bronzong|\n|poke|p1|Arbok, F|\n|poke|p1|Togetic, F|\n|poke|p1|Ampharos, F|\n|poke|p2|Vaporeon, F|\n|poke|p2|Gliscor, M|\n|poke|p2|Ariados, F|\n|poke|p2|Rotom-Frost|\n|poke|p2|Zoroark, F|\n|poke|p2|Iron Valiant|\n|teampreview\n|\n|t:|1700076245\n|start\n|switch|p1a: Arbok|Arbok, F|100\/100\n|switch|p2a: Ariados|Ariados, F|100\/100\n|turn|1\n|\n|t:|1700076259\n|move|p2a: Ariados|Taunt|p1a: Arbok\n|-start|p1a: Arbok|move: Taunt\n|cant|p1a: Arbok|move: Taunt|Coil\n|\n|upkeep\n|turn|2\n|\n|t:|1700076271\n|move|p2a: Ariados|U-turn|p1a: Arbok\n|-resisted|p1a: Arbok\n|-damage|p1a: Arbok|88\/100\n|c|\u2606PSPRadii|sk\u0105d wiedzia\u0142e\u015b\n|\n|t:|1700076289\n|switch|p2a: Rotom|Rotom-Frost|100\/100|[from] U-turn\n|move|p1a: Arbok|Crunch|p2a: Rotom\n|-damage|p2a: Rotom|77\/100\n|\n|upkeep\n|turn|3\n|c|\u2606RazberDlaPolski|jestem madry\n|\n|t:|1700076308\n|switch|p1a: Bronzong|Bronzong|100\/100\n|move|p2a: Rotom|Will-O-Wisp|p1a: Bronzong\n|-status|p1a: Bronzong|brn\n|\n|-damage|p1a: Bronzong|94\/100 brn|[from] brn\n|upkeep\n|turn|4\n|\n|t:|1700076331\n|switch|p2a: Ariados|Ariados, F|100\/100\n|move|p1a: Bronzong|Light Screen|p1a: Bronzong\n|-sidestart|p1: PSPRadii|move: Light Screen\n|\n|-damage|p1a: Bronzong|88\/100 brn|[from] brn\n|upkeep\n|turn|5\n|\n|t:|1700076347\n|move|p2a: Ariados|Sticky Web|p1a: Bronzong\n|-sidestart|p1: PSPRadii|move: Sticky Web\n|move|p1a: Bronzong|Reflect|p1a: Bronzong\n|-sidestart|p1: PSPRadii|Reflect\n|\n|-damage|p1a: Bronzong|82\/100 brn|[from] brn\n|upkeep\n|turn|6\n|\n|t:|1700076358\n|-activate|p1a: Bronzong|move: Pursuit\n|move|p2a: Ariados|Pursuit|p1a: Bronzong|[from]Pursuit\n|-supereffective|p1a: Bronzong\n|-damage|p1a: Bronzong|68\/100 brn\n|switch|p1a: Ampharos|Ampharos, F|100\/100\n|-activate|p1a: Ampharos|move: Sticky Web\n|-unboost|p1a: Ampharos|spe|1\n|\n|upkeep\n|turn|7\n|\n|t:|1700076376\n|switch|p2a: Gliscor|Gliscor, M|100\/100\n|detailschange|p1a: Ampharos|Ampharos-Mega, F\n|-mega|p1a: Ampharos|Ampharos|Ampharosite\n|-ability|p1a: Ampharos|Mold Breaker\n|move|p1a: Ampharos|Substitute|p1a: Ampharos\n|-start|p1a: Ampharos|Substitute\n|-damage|p1a: Ampharos|75\/100\n|\n|-status|p2a: Gliscor|tox|[from] item: Toxic Orb\n|upkeep\n|turn|8\n|\n|t:|1700076394\n|move|p2a: Gliscor|Facade|p1a: Ampharos\n|-activate|p1a: Ampharos|move: Substitute|[damage]\n|move|p1a: Ampharos|Dragon Pulse|p2a: Gliscor\n|-damage|p2a: Gliscor|26\/100 tox\n|\n|-heal|p2a: Gliscor|38\/100 tox|[from] ability: Poison Heal\n|upkeep\n|turn|9\n|\n|t:|1700076417\n|move|p2a: Gliscor|Protect|p2a: Gliscor\n|-singleturn|p2a: Gliscor|Protect\n|move|p1a: Ampharos|Dragon Pulse|p2a: Gliscor\n|-activate|p2a: Gliscor|move: Protect\n|\n|-heal|p2a: Gliscor|51\/100 tox|[from] ability: Poison Heal\n|upkeep\n|turn|10\n|\n|t:|1700076443\n|move|p2a: Gliscor|Roost|p2a: Gliscor\n|-heal|p2a: Gliscor|100\/100 tox\n|-singleturn|p2a: Gliscor|move: Roost\n|move|p1a: Ampharos|Dragon Pulse|p2a: Gliscor\n|-damage|p2a: Gliscor|35\/100 tox\n|\n|-heal|p2a: Gliscor|48\/100 tox|[from] ability: Poison Heal\n|upkeep\n|turn|11\n|\n|t:|1700076459\n|move|p2a: Gliscor|Protect|p2a: Gliscor\n|-singleturn|p2a: Gliscor|Protect\n|move|p1a: Ampharos|Dragon Pulse|p2a: Gliscor\n|-activate|p2a: Gliscor|move: Protect\n|\n|-heal|p2a: Gliscor|60\/100 tox|[from] ability: Poison Heal\n|-sideend|p1: PSPRadii|move: Light Screen\n|upkeep\n|turn|12\n|c|\u2606PSPRadii|ale sleeper tactic\n|c|\u2606PSPRadii|\ud83d\ude2a\ud83d\ude2a\n|\n|t:|1700076507\n|switch|p2a: Iron Valiant|Iron Valiant|100\/100\n|move|p1a: Ampharos|Dragon Pulse|p2a: Iron Valiant\n|-immune|p2a: Iron Valiant\n|\n|-sideend|p1: PSPRadii|Reflect\n|upkeep\n|turn|13\n|\n|t:|1700076525\n|-end|p2a: Iron Valiant|Quark Drive|[silent]\n|switch|p2a: Gliscor|Gliscor, M|60\/100 tox\n|move|p1a: Ampharos|Thunderbolt|p2a: Gliscor\n|-immune|p2a: Gliscor\n|\n|-heal|p2a: Gliscor|73\/100 tox|[from] ability: Poison Heal\n|upkeep\n|turn|14\n|\n|t:|1700076538\n|move|p2a: Gliscor|Protect|p2a: Gliscor\n|-singleturn|p2a: Gliscor|Protect\n|move|p1a: Ampharos|Dragon Pulse|p2a: Gliscor\n|-activate|p2a: Gliscor|move: Protect\n|\n|-heal|p2a: Gliscor|85\/100 tox|[from] ability: Poison Heal\n|upkeep\n|turn|15\n|\n|t:|1700076578\n|move|p2a: Gliscor|Facade|p1a: Ampharos\n|-end|p1a: Ampharos|Substitute\n|move|p1a: Ampharos|Dragon Pulse|p2a: Gliscor\n|-damage|p2a: Gliscor|15\/100 tox\n|\n|-heal|p2a: Gliscor|28\/100 tox|[from] ability: Poison Heal\n|upkeep\n|turn|16\n|j| Elite four lai\n|c| Elite four lai|Ale nudy\n|c| Elite four lai|Wychodze\n|\n|t:|1700076604\n|switch|p1a: Bronzong|Bronzong|68\/100 brn\n|move|p2a: Gliscor|Protect||[still]\n|-fail|p2a: Gliscor\n|\n|-heal|p2a: Gliscor|40\/100 tox|[from] ability: Poison Heal\n|-damage|p1a: Bronzong|61\/100 brn|[from] brn\n|upkeep\n|turn|17\n|l| Elite four lai\n|\n|t:|1700076640\n|move|p2a: Gliscor|Toxic Spikes|p1a: Bronzong\n|-sidestart|p1: PSPRadii|move: Toxic Spikes\n|move|p1a: Bronzong|Reflect|p1a: Bronzong\n|-sidestart|p1: PSPRadii|Reflect\n|\n|-heal|p2a: Gliscor|52\/100 tox|[from] ability: Poison Heal\n|-damage|p1a: Bronzong|55\/100 brn|[from] brn\n|upkeep\n|turn|18\n|\n|t:|1700076666\n|move|p2a: Gliscor|Toxic Spikes|p1a: Bronzong\n|-sidestart|p1: PSPRadii|move: Toxic Spikes\n|move|p1a: Bronzong|Light Screen|p1a: Bronzong\n|-sidestart|p1: PSPRadii|move: Light Screen\n|\n|-heal|p2a: Gliscor|65\/100 tox|[from] ability: Poison Heal\n|-damage|p1a: Bronzong|49\/100 brn|[from] brn\n|upkeep\n|turn|19\n|c|\u2606RazberDlaPolski|i mam spike'i\n|\n|t:|1700076697\n|switch|p1a: Togetic|Togetic, F|100\/100\n|move|p2a: Gliscor|Roost|p2a: Gliscor\n|-heal|p2a: Gliscor|100\/100 tox\n|-singleturn|p2a: Gliscor|move: Roost\n|\n|upkeep\n|turn|20\n|\n|t:|1700076719\n|switch|p2a: Rotom|Rotom-Frost|77\/100\n|move|p1a: Togetic|Wish|p1a: Togetic\n|\n|upkeep\n|turn|21\n|\n|t:|1700076733\n|switch|p1a: Bronzong|Bronzong|49\/100 brn\n|move|p2a: Rotom|Volt Switch|p1a: Bronzong\n|-damage|p1a: Bronzong|39\/100 brn\n|\n|t:|1700076757\n|switch|p2a: Gliscor|Gliscor, M|100\/100 tox|[from] Volt Switch\n|\n|-heal|p1a: Bronzong|85\/100 brn|[from] move: Wish|[wisher] Togetic\n|-damage|p1a: Bronzong|79\/100 brn|[from] brn\n|upkeep\n|turn|22\n|\n|t:|1700076779\n|switch|p1a: Rotom|Rotom-Frost|100\/100\n|move|p2a: Gliscor|Facade|p1a: Rotom\n|-damage|p1a: Rotom|82\/100\n|\n|upkeep\n|turn|23\n|\n|t:|1700076850\n|switch|p2a: Vaporeon|Vaporeon, F|100\/100\n|move|p1a: Rotom|Nasty Plot|p1a: Rotom\n|-boost|p1a: Rotom|spa|2\n|\n|upkeep\n|turn|24\n|\n|t:|1700076889\n|switch|p2a: Rotom|Rotom-Frost|100\/100\n|move|p1a: Rotom|Blizzard|p2a: Rotom|[miss]\n|-miss|p1a: Rotom|p2a: Rotom\n|-enditem|p1a: Rotom|Blunder Policy\n|-boost|p1a: Rotom|spe|2\n|\n|-sideend|p1: PSPRadii|Reflect\n|upkeep\n|turn|25\n|\n|t:|1700076912\n|switch|p2a: Vaporeon|Vaporeon, F|100\/100\n|move|p1a: Rotom|Thunderbolt|p2a: Vaporeon\n|-supereffective|p2a: Vaporeon\n|-damage|p2a: Vaporeon|0 fnt\n|faint|p2a: Vaporeon\n|\n|-sideend|p1: PSPRadii|move: Light Screen\n|upkeep\n|\n|t:|1700076934\n|switch|p2a: Ariados|Ariados, F|100\/100\n|turn|26\n|c|\u2606PSPRadii|25 tura w ko\u0144cu co\u015b pad\u0142o xd\n|\n|t:|1700076960\n|move|p1a: Rotom|Thunderbolt|p2a: Ariados\n|-damage|p2a: Ariados|0 fnt\n|faint|p2a: Ariados\n|\n|upkeep\n|\n|t:|1700077017\n|switch|p2a: Gliscor|Gliscor, M|100\/100 tox\n|turn|27\n|\n|t:|1700077045\n|move|p2a: Gliscor|Protect|p2a: Gliscor\n|-singleturn|p2a: Gliscor|Protect\n|move|p1a: Rotom|Blizzard|p2a: Gliscor\n|-activate|p2a: Gliscor|move: Protect\n|\n|upkeep\n|turn|28\n|\n|t:|1700077110\n|move|p1a: Rotom|Blizzard|p2a: Gliscor\n|-supereffective|p2a: Gliscor\n|-damage|p2a: Gliscor|0 fnt\n|faint|p2a: Gliscor\n|\n|upkeep\n|\n|t:|1700077142\n|switch|p2a: Iron Valiant|Iron Valiant|100\/100\n|turn|29\n|\n|t:|1700077156\n|move|p1a: Rotom|Thunderbolt|p2a: Iron Valiant\n|-damage|p2a: Iron Valiant|0 fnt\n|faint|p2a: Iron Valiant\n|-end|p2a: Iron Valiant|Quark Drive|[silent]\n|\n|upkeep\n|c|\u2606RazberDlaPolski|spoko\n|\n|t:|1700077170\n|switch|p2a: Rotom|Rotom-Frost|100\/100\n|turn|30\n|c|\u2606PSPRadii|spoko mordo\n|\n|t:|1700077187\n|move|p1a: Rotom|Blizzard|p2a: Rotom|[miss]\n|-miss|p1a: Rotom|p2a: Rotom\n|move|p2a: Rotom|Dark Pulse|p1a: Rotom\n|-damage|p1a: Rotom|25\/100\n|\n|upkeep\n|turn|31\n|\n|t:|1700077200\n|move|p1a: Rotom|Thunderbolt|p2a: Rotom\n|-damage|p2a: Rotom|0 fnt\n|replace|p2a: Zoroark|Zoroark, F\n|-end|p2a: Zoroark|Illusion\n|faint|p2a: Zoroark\n|\n|upkeep\n|\n|t:|1700077239\n|switch|p2a: Rotom|Rotom-Frost|77\/100\n|turn|32\n|\n|t:|1700077252\n|move|p1a: Rotom|Pain Split|p2a: Rotom\n|-sethp|p2a: Rotom|49\/100|[from] move: Pain Split|[silent]\n|-sethp|p1a: Rotom|61\/100|[from] move: Pain Split\n|move|p2a: Rotom|Pain Split|p1a: Rotom\n|-sethp|p1a: Rotom|61\/100|[from] move: Pain Split|[silent]\n|-sethp|p2a: Rotom|49\/100|[from] move: Pain Split\n|\n|upkeep\n|turn|33\n|\n|t:|1700077266\n|move|p1a: Rotom|Thunderbolt|p2a: Rotom\n|-resisted|p2a: Rotom\n|-damage|p2a: Rotom|0 fnt\n|faint|p2a: Rotom\n|\n|win|PSPRadii\n|c|\u2606PSPRadii|dobra gra\n|c|\u2606RazberDlaPolski|dobra gra\n","uploadtime":1700077301,"views":21,"p1id":"pspradii","p2id":"razberdlapolski","formatid":"gen9nationaldex","rating":0,"private":0,"password":""}