{"id":"gen9nationaldex-1998512436","p1":"Garry97","p2":"marcolalenda","format":"[Gen 9] National Dex","log":"|html|<div class=\"broadcast-blue\"><strong>[Gen 9] National Dex is currently suspecting Sneasler! For information on how to participate check out the <a href=\"https:\/\/www.smogon.com\/forums\/threads\/sv-national-dex-suspect-8-just-dance.3731534\/\">suspect thread<\/a>.<\/strong><\/div>\n|j|\u2606Garry97\n|j|\u2606marcolalenda\n|t:|1700950757\n|gametype|singles\n|player|p1|Garry97|eri|1385\n|player|p2|marcolalenda|kiawe|1436\n|teamsize|p1|6\n|teamsize|p2|6\n|gen|9\n|tier|[Gen 9] National Dex\n|rated|\n|rule|HP Percentage Mod: HP is shown in percentages\n|rule|Endless Battle Clause: Forcing endless battles is banned\n|rule|OHKO Clause: OHKO moves are banned\n|rule|Evasion Clause: Evasion abilities, items, and moves are banned\n|rule|Evasion Abilities Clause: Evasion abilities are banned\n|rule|Evasion Items Clause: Evasion items are banned\n|rule|Evasion Moves Clause: Evasion moves are banned\n|rule|Species Clause: Limit one of each Pok\u00e9mon\n|rule|Sleep Clause Mod: Limit one foe put to sleep\n|clearpoke\n|poke|p1|Rhyperior, M|\n|poke|p1|Venusaur, M|\n|poke|p1|Garchomp, M|\n|poke|p1|Dusknoir, M|\n|poke|p1|Gyarados, M|\n|poke|p1|Houndoom, M|\n|poke|p2|Tapu Koko|\n|poke|p2|Iron Valiant|\n|poke|p2|Volcarona, F|\n|poke|p2|Aegislash, F|\n|poke|p2|Gyarados, M|\n|poke|p2|Sneasler, F|\n|teampreview\n|inactive|Battle timer is ON: inactive players will automatically lose when time's up. (requested by Garry97)\n|inactive|marcolalenda also wants the timer to be on.\n|\n|t:|1700950775\n|start\n|switch|p1a: Antonio del Rocio|Venusaur, M|100\/100\n|switch|p2a: Tapu Koko|Tapu Koko|100\/100\n|-fieldstart|move: Electric Terrain|[from] ability: Electric Surge|[of] p2a: Tapu Koko\n|turn|1\n|\n|t:|1700950790\n|detailschange|p1a: Antonio del Rocio|Venusaur-Mega, M\n|-mega|p1a: Antonio del Rocio|Venusaur|Venusaurite\n|move|p2a: Tapu Koko|Light Screen|p2a: Tapu Koko\n|-sidestart|p2: marcolalenda|move: Light Screen\n|move|p1a: Antonio del Rocio|Leech Seed|p2a: Tapu Koko\n|-start|p2a: Tapu Koko|move: Leech Seed\n|\n|-damage|p2a: Tapu Koko|88\/100|[from] Leech Seed|[of] p1a: Antonio del Rocio\n|upkeep\n|turn|2\n|\n|t:|1700950798\n|move|p2a: Tapu Koko|Reflect|p2a: Tapu Koko\n|-sidestart|p2: marcolalenda|Reflect\n|move|p1a: Antonio del Rocio|Sludge Bomb|p2a: Tapu Koko\n|-supereffective|p2a: Tapu Koko\n|-damage|p2a: Tapu Koko|44\/100\n|\n|-damage|p2a: Tapu Koko|32\/100|[from] Leech Seed|[of] p1a: Antonio del Rocio\n|upkeep\n|turn|3\n|\n|t:|1700950806\n|move|p2a: Tapu Koko|U-turn|p1a: Antonio del Rocio\n|-damage|p1a: Antonio del Rocio|87\/100\n|\n|t:|1700950808\n|switch|p2a: Aegislash|Aegislash, F|100\/100|[from] U-turn\n|move|p1a: Antonio del Rocio|Leech Seed|p2a: Aegislash\n|-start|p2a: Aegislash|move: Leech Seed\n|\n|-damage|p2a: Aegislash|88\/100|[from] Leech Seed|[of] p1a: Antonio del Rocio\n|-heal|p1a: Antonio del Rocio|98\/100|[silent]\n|upkeep\n|turn|4\n|\n|t:|1700950817\n|switch|p1a: Whore|Houndoom, M|100\/100\n|move|p2a: Aegislash|Swords Dance|p2a: Aegislash\n|-boost|p2a: Aegislash|atk|2\n|\n|-heal|p2a: Aegislash|94\/100|[from] item: Leftovers\n|-damage|p2a: Aegislash|82\/100|[from] Leech Seed|[of] p1a: Whore\n|upkeep\n|turn|5\n|\n|t:|1700950833\n|move|p1a: Whore|Fire Blast|p2a: Aegislash\n|-supereffective|p2a: Aegislash\n|-damage|p2a: Aegislash|36\/100\n|-formechange|p2a: Aegislash|Aegislash-Blade||[from] ability: Stance Change\n|move|p2a: Aegislash|Iron Head|p1a: Whore\n|-resisted|p1a: Whore\n|-damage|p1a: Whore|7\/100\n|\n|-heal|p2a: Aegislash|42\/100|[from] item: Leftovers\n|-damage|p2a: Aegislash|30\/100|[from] Leech Seed|[of] p1a: Whore\n|-heal|p1a: Whore|21\/100|[silent]\n|-fieldend|move: Electric Terrain\n|upkeep\n|turn|6\n|\n|t:|1700950846\n|switch|p1a: Horny|Rhyperior, M|100\/100\n|move|p2a: Aegislash|Shadow Sneak|p1a: Horny\n|-damage|p1a: Horny|78\/100\n|-damage|p2a: Aegislash|13\/100|[from] item: Rocky Helmet|[of] p1a: Horny\n|\n|-heal|p2a: Aegislash|20\/100|[from] item: Leftovers\n|-damage|p2a: Aegislash|7\/100|[from] Leech Seed|[of] p1a: Horny\n|-heal|p1a: Horny|87\/100|[silent]\n|upkeep\n|turn|7\n|\n|t:|1700950859\n|move|p2a: Aegislash|Iron Head|p1a: Horny\n|-supereffective|p1a: Horny\n|-damage|p1a: Horny|15\/100\n|-damage|p2a: Aegislash|0 fnt|[from] item: Rocky Helmet|[of] p1a: Horny\n|faint|p2a: Aegislash\n|cant|p1a: Horny|flinch\n|\n|upkeep\n|\n|t:|1700950864\n|switch|p2a: Gyarados|Gyarados, M, shiny|100\/100\n|-ability|p2a: Gyarados|Intimidate|boost\n|-unboost|p1a: Horny|atk|1\n|turn|8\n|\n|t:|1700950874\n|detailschange|p2a: Gyarados|Gyarados-Mega, M, shiny\n|-mega|p2a: Gyarados|Gyarados|Gyaradosite\n|-ability|p2a: Gyarados|Mold Breaker\n|move|p2a: Gyarados|Substitute|p2a: Gyarados\n|-start|p2a: Gyarados|Substitute\n|-damage|p2a: Gyarados|76\/100\n|move|p1a: Horny|Stone Edge|p2a: Gyarados\n|-crit|p2a: Gyarados\n|-end|p2a: Gyarados|Substitute\n|\n|-sideend|p2: marcolalenda|move: Light Screen\n|upkeep\n|turn|9\n|\n|t:|1700950885\n|move|p2a: Gyarados|Dragon Dance|p2a: Gyarados\n|-boost|p2a: Gyarados|atk|1\n|-boost|p2a: Gyarados|spe|1\n|move|p1a: Horny|Earthquake|p2a: Gyarados\n|-damage|p2a: Gyarados|61\/100\n|\n|-sideend|p2: marcolalenda|Reflect\n|upkeep\n|turn|10\n|\n|t:|1700950893\n|move|p2a: Gyarados|Dragon Dance|p2a: Gyarados\n|-boost|p2a: Gyarados|atk|1\n|-boost|p2a: Gyarados|spe|1\n|move|p1a: Horny|Earthquake|p2a: Gyarados\n|-damage|p2a: Gyarados|29\/100\n|\n|upkeep\n|turn|11\n|\n|t:|1700950900\n|move|p2a: Gyarados|Waterfall|p1a: Horny\n|-supereffective|p1a: Horny\n|-damage|p1a: Horny|0 fnt\n|-damage|p2a: Gyarados|13\/100|[from] item: Rocky Helmet|[of] p1a: Horny\n|faint|p1a: Horny\n|\n|upkeep\n|\n|t:|1700950913\n|switch|p1a: Kaido|Gyarados, M|100\/100\n|-ability|p1a: Kaido|Intimidate|boost\n|-unboost|p2a: Gyarados|atk|1\n|turn|12\n|\n|t:|1700950919\n|move|p2a: Gyarados|Crunch|p1a: Kaido\n|-damage|p1a: Kaido|8\/100\n|move|p1a: Kaido|Waterfall|p2a: Gyarados\n|-resisted|p2a: Gyarados\n|-damage|p2a: Gyarados|0 fnt\n|faint|p2a: Gyarados\n|\n|upkeep\n|\n|t:|1700950927\n|switch|p2a: Tapu Koko|Tapu Koko|32\/100\n|-fieldstart|move: Electric Terrain|[from] ability: Electric Surge|[of] p2a: Tapu Koko\n|turn|13\n|\n|t:|1700950934\n|move|p2a: Tapu Koko|U-turn|p1a: Kaido\n|-resisted|p1a: Kaido\n|-damage|p1a: Kaido|0 fnt\n|faint|p1a: Kaido\n|\n|t:|1700950945\n|switch|p2a: Iron Valiant|Iron Valiant|100\/100|[from] U-turn\n|-activate|p2a: Iron Valiant|ability: Quark Drive\n|-start|p2a: Iron Valiant|quarkdrivespe\n|\n|upkeep\n|\n|t:|1700950951\n|switch|p1a: Antonio del Rocio|Venusaur-Mega, M|98\/100\n|turn|14\n|\n|t:|1700950956\n|move|p2a: Iron Valiant|Psychic|p1a: Antonio del Rocio\n|-supereffective|p1a: Antonio del Rocio\n|-damage|p1a: Antonio del Rocio|51\/100\n|move|p1a: Antonio del Rocio|Sludge Bomb|p2a: Iron Valiant\n|-supereffective|p2a: Iron Valiant\n|-damage|p2a: Iron Valiant|0 fnt\n|faint|p2a: Iron Valiant\n|-end|p2a: Iron Valiant|Quark Drive|[silent]\n|\n|upkeep\n|\n|t:|1700950962\n|switch|p2a: Sneasler|Sneasler, F|100\/100\n|-enditem|p2a: Sneasler|Electric Seed\n|-boost|p2a: Sneasler|def|1|[from] item: Electric Seed\n|turn|15\n|\n|t:|1700950969\n|-terastallize|p2a: Sneasler|Flying\n|move|p2a: Sneasler|Swords Dance|p2a: Sneasler\n|-boost|p2a: Sneasler|atk|2\n|move|p1a: Antonio del Rocio|Leech Seed|p2a: Sneasler\n|-start|p2a: Sneasler|move: Leech Seed\n|\n|-damage|p2a: Sneasler|88\/100|[from] Leech Seed|[of] p1a: Antonio del Rocio\n|-heal|p1a: Antonio del Rocio|62\/100|[silent]\n|upkeep\n|turn|16\n|\n|t:|1700950980\n|switch|p1a: Whore|Houndoom, M|21\/100\n|move|p2a: Sneasler|Acrobatics|p1a: Whore\n|-damage|p1a: Whore|0 fnt\n|faint|p1a: Whore\n|\n|upkeep\n|\n|t:|1700950994\n|switch|p1a: El Gusi|Dusknoir, M|100\/100\n|-ability|p1a: El Gusi|Pressure\n|turn|17\n|\n|t:|1700951000\n|move|p2a: Sneasler|Gunk Shot|p1a: El Gusi\n|-resisted|p1a: El Gusi\n|-damage|p1a: El Gusi|47\/100\n|move|p1a: El Gusi|Will-O-Wisp|p2a: Sneasler\n|-status|p2a: Sneasler|brn\n|\n|-heal|p1a: El Gusi|53\/100|[from] item: Leftovers\n|-damage|p2a: Sneasler|76\/100 brn|[from] Leech Seed|[of] p1a: El Gusi\n|-heal|p1a: El Gusi|66\/100|[silent]\n|-damage|p2a: Sneasler|70\/100 brn|[from] brn\n|-fieldend|move: Electric Terrain\n|upkeep\n|turn|18\n|\n|t:|1700951013\n|move|p2a: Sneasler|Acrobatics|p1a: El Gusi\n|-damage|p1a: El Gusi|19\/100\n|move|p1a: El Gusi|Pain Split|p2a: Sneasler\n|-sethp|p2a: Sneasler|44\/100 brn|[from] move: Pain Split|[silent]\n|-sethp|p1a: El Gusi|46\/100|[from] move: Pain Split\n|\n|-heal|p1a: El Gusi|52\/100|[from] item: Leftovers\n|-damage|p2a: Sneasler|32\/100 brn|[from] Leech Seed|[of] p1a: El Gusi\n|-heal|p1a: El Gusi|64\/100|[silent]\n|-damage|p2a: Sneasler|26\/100 brn|[from] brn\n|upkeep\n|turn|19\n|\n|t:|1700951026\n|move|p1a: El Gusi|Sucker Punch|p2a: Sneasler\n|-crit|p2a: Sneasler\n|-damage|p2a: Sneasler|0 fnt\n|faint|p2a: Sneasler\n|\n|-heal|p1a: El Gusi|70\/100|[from] item: Leftovers\n|upkeep\n|\n|t:|1700951031\n|switch|p2a: bala|Volcarona, F|100\/100\n|turn|20\n|\n|t:|1700951042\n|move|p2a: bala|Quiver Dance|p2a: bala\n|-boost|p2a: bala|spa|1\n|-boost|p2a: bala|spd|1\n|-boost|p2a: bala|spe|1\n|move|p1a: El Gusi|Poltergeist|p2a: bala\n|-activate|p2a: bala|move: Poltergeist|Heavy-Duty Boots\n|-damage|p2a: bala|37\/100\n|\n|-heal|p1a: El Gusi|77\/100|[from] item: Leftovers\n|upkeep\n|turn|21\n|\n|t:|1700951054\n|move|p2a: bala|Giga Drain|p1a: El Gusi\n|-damage|p1a: El Gusi|45\/100\n|-heal|p2a: bala|52\/100|[from] drain|[of] p1a: El Gusi\n|move|p1a: El Gusi|Poltergeist|p2a: bala\n|-activate|p2a: bala|move: Poltergeist|Heavy-Duty Boots\n|-damage|p2a: bala|0 fnt\n|faint|p2a: bala\n|\n|-heal|p1a: El Gusi|51\/100|[from] item: Leftovers\n|upkeep\n|-message|marcolalenda forfeited.\n|\n|win|Garry97\n|raw|Garry97's rating: 1385 &rarr; <strong>1408<\/strong><br \/>(+23 for winning)\n|raw|marcolalenda's rating: 1436 &rarr; <strong>1413<\/strong><br \/>(-23 for losing)\n|l|\u2606marcolalenda\n","uploadtime":1700951073,"views":16,"p1id":"garry97","p2id":"marcolalenda","formatid":"gen9nationaldex","rating":1408,"private":0,"password":""}