{"id":"gen9nationaldex-1991476706","p1":"SlowySlow","p2":"sev100","format":"[Gen 9] National Dex","log":"|j|\u2606SlowySlow\n|j|\u2606sev100\n|t:|1700080484\n|gametype|singles\n|player|p1|SlowySlow|ash|1105\n|player|p2|sev100|266|1000\n|teamsize|p1|6\n|teamsize|p2|6\n|gen|9\n|tier|[Gen 9] National Dex\n|rated|\n|rule|HP Percentage Mod: HP is shown in percentages\n|rule|Endless Battle Clause: Forcing endless battles is banned\n|rule|OHKO Clause: OHKO moves are banned\n|rule|Evasion Clause: Evasion abilities, items, and moves are banned\n|rule|Evasion Abilities Clause: Evasion abilities are banned\n|rule|Evasion Items Clause: Evasion items are banned\n|rule|Evasion Moves Clause: Evasion moves are banned\n|rule|Species Clause: Limit one of each Pok\u00e9mon\n|rule|Sleep Clause Mod: Limit one foe put to sleep\n|clearpoke\n|poke|p1|Beedrill, M|\n|poke|p1|Slurpuff, F|\n|poke|p1|Gyarados, F|\n|poke|p1|Cinderace, F|\n|poke|p1|Kartana|\n|poke|p1|Xurkitree|\n|poke|p2|Infernape, M|\n|poke|p2|Greninja-*, F|\n|poke|p2|Rillaboom, M|\n|poke|p2|Landorus-Therian, M|\n|poke|p2|Garganacl, M|\n|poke|p2|Tornadus, M|\n|teampreview\n|inactive|Battle timer is ON: inactive players will automatically lose when time's up. (requested by SlowySlow)\n|\n|t:|1700080503\n|start\n|switch|p1a: Slurpuff|Slurpuff, F|100\/100\n|switch|p2a: Infernape|Infernape, M|100\/100\n|turn|1\n|\n|t:|1700080513\n|move|p2a: Infernape|Power-Up Punch|p1a: Slurpuff\n|-resisted|p1a: Slurpuff\n|-damage|p1a: Slurpuff|83\/100\n|-boost|p2a: Infernape|atk|1\n|move|p1a: Slurpuff|Belly Drum|p1a: Slurpuff\n|-damage|p1a: Slurpuff|33\/100\n|-setboost|p1a: Slurpuff|atk|6|[from] move: Belly Drum\n|-enditem|p1a: Slurpuff|Sitrus Berry|[eat]\n|-heal|p1a: Slurpuff|58\/100|[from] item: Sitrus Berry\n|\n|upkeep\n|turn|2\n|\n|t:|1700080531\n|move|p1a: Slurpuff|Play Rough|p2a: Infernape\n|-damage|p2a: Infernape|0 fnt\n|faint|p2a: Infernape\n|\n|upkeep\n|\n|t:|1700080539\n|switch|p2a: Garganacl|Garganacl, M|100\/100\n|turn|3\n|\n|t:|1700080543\n|move|p1a: Slurpuff|Drain Punch|p2a: Garganacl\n|-supereffective|p2a: Garganacl\n|-damage|p2a: Garganacl|7\/100\n|-heal|p1a: Slurpuff|100\/100|[from] drain|[of] p2a: Garganacl\n|move|p2a: Garganacl|Salt Cure|p1a: Slurpuff\n|-damage|p1a: Slurpuff|83\/100\n|-start|p1a: Slurpuff|Salt Cure\n|\n|-heal|p2a: Garganacl|13\/100|[from] item: Leftovers\n|-damage|p1a: Slurpuff|70\/100|[from] Salt Cure\n|upkeep\n|turn|4\n|\n|t:|1700080554\n|switch|p2a: Rillaboom|Rillaboom, M|100\/100\n|-fieldstart|move: Grassy Terrain|[from] ability: Grassy Surge|[of] p2a: Rillaboom\n|move|p1a: Slurpuff|Drain Punch|p2a: Rillaboom\n|-damage|p2a: Rillaboom|23\/100\n|-heal|p1a: Slurpuff|100\/100|[from] drain|[of] p2a: Rillaboom\n|\n|-heal|p2a: Rillaboom|29\/100|[from] Grassy Terrain\n|-damage|p1a: Slurpuff|88\/100|[from] Salt Cure\n|upkeep\n|turn|5\n|\n|t:|1700080568\n|move|p2a: Rillaboom|Fake Out|p1a: Slurpuff\n|-damage|p1a: Slurpuff|68\/100\n|cant|p1a: Slurpuff|flinch\n|\n|-heal|p1a: Slurpuff|75\/100|[from] Grassy Terrain\n|-heal|p2a: Rillaboom|35\/100|[from] Grassy Terrain\n|-damage|p1a: Slurpuff|62\/100|[from] Salt Cure\n|upkeep\n|turn|6\n|\n|t:|1700080579\n|move|p2a: Rillaboom|Grassy Glide|p1a: Slurpuff\n|-damage|p1a: Slurpuff|11\/100\n|move|p1a: Slurpuff|Drain Punch|p2a: Rillaboom\n|-damage|p2a: Rillaboom|0 fnt\n|-heal|p1a: Slurpuff|33\/100|[from] drain|[of] p2a: Rillaboom\n|faint|p2a: Rillaboom\n|\n|-heal|p1a: Slurpuff|39\/100|[from] Grassy Terrain\n|-damage|p1a: Slurpuff|27\/100|[from] Salt Cure\n|upkeep\n|\n|t:|1700080593\n|switch|p2a: Landorus|Landorus-Therian, M|100\/100\n|-ability|p2a: Landorus|Intimidate|boost\n|-unboost|p1a: Slurpuff|atk|1\n|turn|7\n|\n|t:|1700080602\n|move|p1a: Slurpuff|Play Rough|p2a: Landorus\n|-damage|p2a: Landorus|0 fnt\n|faint|p2a: Landorus\n|\n|-heal|p1a: Slurpuff|33\/100|[from] Grassy Terrain\n|-damage|p1a: Slurpuff|20\/100|[from] Salt Cure\n|upkeep\n|\n|t:|1700080612\n|switch|p2a: Tornadus|Tornadus, M|100\/100\n|turn|8\n|\n|t:|1700080617\n|move|p1a: Slurpuff|Play Rough|p2a: Tornadus\n|-damage|p2a: Tornadus|0 fnt\n|faint|p2a: Tornadus\n|\n|-heal|p1a: Slurpuff|27\/100|[from] Grassy Terrain\n|-damage|p1a: Slurpuff|14\/100|[from] Salt Cure\n|-fieldend|move: Grassy Terrain\n|upkeep\n|\n|t:|1700080624\n|switch|p2a: Greninja|Greninja, F|100\/100\n|turn|9\n|c|\u2606SlowySlow|Unburden + Belly Drum go crazy\n|\n|t:|1700080634\n|-terastallize|p2a: Greninja|Poison\n|move|p1a: Slurpuff|Drain Punch|p2a: Greninja\n|-resisted|p2a: Greninja\n|-damage|p2a: Greninja|49\/100\n|-heal|p1a: Slurpuff|38\/100|[from] drain|[of] p2a: Greninja\n|move|p2a: Greninja|Hydro Pump|p1a: Slurpuff|[miss]\n|-miss|p2a: Greninja|p1a: Slurpuff\n|\n|-damage|p1a: Slurpuff|26\/100|[from] Salt Cure\n|upkeep\n|turn|10\n|\n|t:|1700080645\n|move|p1a: Slurpuff|Drain Punch|p2a: Greninja\n|-resisted|p2a: Greninja\n|-damage|p2a: Greninja|0 fnt\n|-heal|p1a: Slurpuff|49\/100|[from] drain|[of] p2a: Greninja\n|faint|p2a: Greninja\n|\n|-damage|p1a: Slurpuff|36\/100|[from] Salt Cure\n|upkeep\n|\n|t:|1700080656\n|switch|p2a: Garganacl|Garganacl, M|13\/100\n|turn|11\n|-message|sev100 forfeited.\n|\n|win|SlowySlow\n|raw|SlowySlow's rating: 1105 &rarr; <strong>1123<\/strong><br \/>(+18 for winning)\n|raw|sev100's rating: 1000 &rarr; <strong>1000<\/strong><br \/>(+0 for losing)\n|l|\u2606sev100\n","uploadtime":1700080665,"views":6,"p1id":"slowyslow","p2id":"sev100","formatid":"gen9nationaldex","rating":1000,"private":0,"password":""}