{"id":"gen9nationaldex-1992715442","p1":"ManiacMilk","p2":"Wolf31415","format":"[Gen 9] National Dex","log":"|j|\u2606ManiacMilk\n|j|\u2606Wolf31415\n|t:|1700228434\n|gametype|singles\n|player|p1|ManiacMilk|kimonogirl|1350\n|player|p2|Wolf31415|psychic|1302\n|teamsize|p1|6\n|teamsize|p2|6\n|gen|9\n|tier|[Gen 9] National Dex\n|rated|\n|rule|HP Percentage Mod: HP is shown in percentages\n|rule|Endless Battle Clause: Forcing endless battles is banned\n|rule|OHKO Clause: OHKO moves are banned\n|rule|Evasion Clause: Evasion abilities, items, and moves are banned\n|rule|Evasion Abilities Clause: Evasion abilities are banned\n|rule|Evasion Items Clause: Evasion items are banned\n|rule|Evasion Moves Clause: Evasion moves are banned\n|rule|Species Clause: Limit one of each Pok\u00e9mon\n|rule|Sleep Clause Mod: Limit one foe put to sleep\n|clearpoke\n|poke|p1|Garganacl, F|\n|poke|p1|Landorus-Therian, M|\n|poke|p1|Ferrothorn, F|\n|poke|p1|Skeledirge, F|\n|poke|p1|Glimmora, M|\n|poke|p1|Ogerpon-Wellspring, F|\n|poke|p2|Blaziken, M|\n|poke|p2|Weavile, M|\n|poke|p2|Gliscor, F|\n|poke|p2|Scizor, M|\n|poke|p2|Tapu Lele|\n|poke|p2|Blissey, F|\n|teampreview\n|inactive|Battle timer is ON: inactive players will automatically lose when time's up. (requested by Wolf31415)\n|inactive|ManiacMilk also wants the timer to be on.\n|\n|t:|1700228444\n|start\n|switch|p1a: Garganacl|Garganacl, F|100\/100\n|switch|p2a: Blaziken|Blaziken, M|100\/100\n|turn|1\n|\n|t:|1700228449\n|switch|p1a: Landorus|Landorus-Therian, M|100\/100\n|-ability|p1a: Landorus|Intimidate|boost\n|-unboost|p2a: Blaziken|atk|1\n|move|p2a: Blaziken|Protect||[still]\n|-fail|p2a: Blaziken\n|\n|-ability|p2a: Blaziken|Speed Boost|boost\n|-boost|p2a: Blaziken|spe|1\n|upkeep\n|turn|2\n|\n|t:|1700228454\n|move|p2a: Blaziken|Protect|p2a: Blaziken\n|-singleturn|p2a: Blaziken|Protect\n|move|p1a: Landorus|Toxic|p2a: Blaziken\n|-activate|p2a: Blaziken|move: Protect\n|\n|-ability|p2a: Blaziken|Speed Boost|boost\n|-boost|p2a: Blaziken|spe|1\n|upkeep\n|turn|3\n|\n|t:|1700228460\n|switch|p2a: Gliscor|Gliscor, F|100\/100\n|move|p1a: Landorus|Earthquake|p2a: Gliscor\n|-immune|p2a: Gliscor\n|\n|-status|p2a: Gliscor|tox|[from] item: Toxic Orb\n|upkeep\n|turn|4\n|\n|t:|1700228465\n|switch|p1a: Ferrothorn|Ferrothorn, F, shiny|100\/100\n|move|p2a: Gliscor|Toxic|p1a: Ferrothorn\n|-immune|p1a: Ferrothorn\n|\n|upkeep\n|turn|5\n|\n|t:|1700228470\n|switch|p2a: Scizor|Scizor, M|100\/100\n|move|p1a: Ferrothorn|Leech Seed|p2a: Scizor\n|-start|p2a: Scizor|move: Leech Seed\n|\n|-damage|p2a: Scizor|88\/100|[from] Leech Seed|[of] p1a: Ferrothorn\n|upkeep\n|turn|6\n|\n|t:|1700228478\n|detailschange|p2a: Scizor|Scizor-Mega, M\n|-mega|p2a: Scizor|Scizor|Scizorite\n|move|p2a: Scizor|Swords Dance|p2a: Scizor\n|-boost|p2a: Scizor|atk|2\n|move|p1a: Ferrothorn|Spikes|p2a: Scizor\n|-sidestart|p2: Wolf31415|Spikes\n|\n|-damage|p2a: Scizor|76\/100|[from] Leech Seed|[of] p1a: Ferrothorn\n|upkeep\n|turn|7\n|\n|t:|1700228486\n|move|p2a: Scizor|Swords Dance|p2a: Scizor\n|-boost|p2a: Scizor|atk|2\n|move|p1a: Ferrothorn|Spikes|p2a: Scizor\n|-sidestart|p2: Wolf31415|Spikes\n|\n|-damage|p2a: Scizor|64\/100|[from] Leech Seed|[of] p1a: Ferrothorn\n|upkeep\n|turn|8\n|\n|t:|1700228493\n|move|p2a: Scizor|Swords Dance|p2a: Scizor\n|-boost|p2a: Scizor|atk|2\n|move|p1a: Ferrothorn|Gyro Ball|p2a: Scizor\n|-resisted|p2a: Scizor\n|-damage|p2a: Scizor|51\/100\n|\n|-damage|p2a: Scizor|38\/100|[from] Leech Seed|[of] p1a: Ferrothorn\n|upkeep\n|turn|9\n|\n|t:|1700228495\n|move|p2a: Scizor|U-turn|p1a: Ferrothorn\n|-damage|p1a: Ferrothorn|20\/100\n|-damage|p2a: Scizor|26\/100|[from] ability: Iron Barbs|[of] p1a: Ferrothorn\n|-damage|p2a: Scizor|10\/100|[from] item: Rocky Helmet|[of] p1a: Ferrothorn\n|\n|t:|1700228499\n|switch|p2a: Gliscor|Gliscor, F|100\/100 tox|[from] U-turn\n|move|p1a: Ferrothorn|Gyro Ball|p2a: Gliscor\n|-damage|p2a: Gliscor|62\/100 tox\n|\n|-heal|p2a: Gliscor|74\/100 tox|[from] ability: Poison Heal\n|upkeep\n|turn|10\n|\n|t:|1700228504\n|move|p2a: Gliscor|Defog|p1a: Ferrothorn\n|-unboost|p1a: Ferrothorn|evasion|1\n|-sideend|p2: Wolf31415|Spikes|[from] move: Defog|[of] p2a: Gliscor\n|move|p1a: Ferrothorn|Leech Seed|p2a: Gliscor\n|-start|p2a: Gliscor|move: Leech Seed\n|\n|-damage|p2a: Gliscor|62\/100 tox|[from] Leech Seed|[of] p1a: Ferrothorn\n|-heal|p1a: Ferrothorn|33\/100|[silent]\n|-heal|p2a: Gliscor|74\/100 tox|[from] ability: Poison Heal\n|upkeep\n|turn|11\n|\n|t:|1700228509\n|move|p2a: Gliscor|Earthquake|p1a: Ferrothorn\n|-damage|p1a: Ferrothorn|15\/100\n|move|p1a: Ferrothorn|Spikes|p2a: Gliscor\n|-sidestart|p2: Wolf31415|Spikes\n|\n|-damage|p2a: Gliscor|62\/100 tox|[from] Leech Seed|[of] p1a: Ferrothorn\n|-heal|p1a: Ferrothorn|27\/100|[silent]\n|-heal|p2a: Gliscor|74\/100 tox|[from] ability: Poison Heal\n|upkeep\n|turn|12\n|\n|t:|1700228512\n|switch|p1a: Landorus|Landorus-Therian, M|100\/100\n|-ability|p1a: Landorus|Intimidate|boost\n|-unboost|p2a: Gliscor|atk|1\n|move|p2a: Gliscor|Earthquake|p1a: Landorus\n|-immune|p1a: Landorus\n|\n|-damage|p2a: Gliscor|62\/100 tox|[from] Leech Seed|[of] p1a: Landorus\n|-heal|p2a: Gliscor|74\/100 tox|[from] ability: Poison Heal\n|upkeep\n|turn|13\n|\n|t:|1700228521\n|switch|p1a: Ferrothorn|Ferrothorn, F, shiny|27\/100\n|move|p2a: Gliscor|Defog|p1a: Ferrothorn\n|-unboost|p1a: Ferrothorn|evasion|1\n|-sideend|p2: Wolf31415|Spikes|[from] move: Defog|[of] p2a: Gliscor\n|\n|-damage|p2a: Gliscor|62\/100 tox|[from] Leech Seed|[of] p1a: Ferrothorn\n|-heal|p1a: Ferrothorn|40\/100|[silent]\n|-heal|p2a: Gliscor|74\/100 tox|[from] ability: Poison Heal\n|upkeep\n|turn|14\n|\n|t:|1700228528\n|switch|p2a: Scizor|Scizor-Mega, M|10\/100\n|move|p1a: Ferrothorn|Gyro Ball|p2a: Scizor\n|-resisted|p2a: Scizor\n|-damage|p2a: Scizor|0 fnt\n|faint|p2a: Scizor\n|\n|upkeep\n|\n|t:|1700228532\n|switch|p2a: Blaziken|Blaziken, M|100\/100\n|turn|15\n|\n|t:|1700228536\n|switch|p1a: Landorus|Landorus-Therian, M|100\/100\n|-ability|p1a: Landorus|Intimidate|boost\n|-unboost|p2a: Blaziken|atk|1\n|move|p2a: Blaziken|Swords Dance|p2a: Blaziken\n|-boost|p2a: Blaziken|atk|2\n|\n|-ability|p2a: Blaziken|Speed Boost|boost\n|-boost|p2a: Blaziken|spe|1\n|upkeep\n|turn|16\n|\n|t:|1700228540\n|move|p2a: Blaziken|Protect|p2a: Blaziken\n|-singleturn|p2a: Blaziken|Protect\n|move|p1a: Landorus|Earthquake|p2a: Blaziken\n|-activate|p2a: Blaziken|move: Protect\n|\n|-ability|p2a: Blaziken|Speed Boost|boost\n|-boost|p2a: Blaziken|spe|1\n|upkeep\n|turn|17\n|\n|t:|1700228546\n|move|p2a: Blaziken|Blaze Kick|p1a: Landorus|[miss]\n|-miss|p2a: Blaziken|p1a: Landorus\n|move|p1a: Landorus|U-turn|p2a: Blaziken\n|-resisted|p2a: Blaziken\n|-damage|p2a: Blaziken|93\/100\n|\n|t:|1700228550\n|switch|p1a: Skeledirge|Skeledirge, F|100\/100|[from] U-turn\n|\n|-ability|p2a: Blaziken|Speed Boost|boost\n|-boost|p2a: Blaziken|spe|1\n|upkeep\n|turn|18\n|\n|t:|1700228555\n|switch|p2a: Blissey|Blissey, F|100\/100\n|move|p1a: Skeledirge|Hex|p2a: Blissey\n|-immune|p2a: Blissey\n|\n|upkeep\n|turn|19\n|\n|t:|1700228564\n|switch|p1a: Garganacl|Garganacl, F|100\/100\n|move|p2a: Blissey|Wish|p2a: Blissey\n|\n|upkeep\n|turn|20\n|\n|t:|1700228568\n|switch|p2a: Blaziken|Blaziken, M|93\/100\n|move|p1a: Garganacl|Substitute|p1a: Garganacl\n|-start|p1a: Garganacl|Substitute\n|-damage|p1a: Garganacl|75\/100\n|\n|-heal|p2a: Blaziken|100\/100|[from] move: Wish|[wisher] Blissey\n|-heal|p1a: Garganacl|82\/100|[from] item: Leftovers\n|upkeep\n|turn|21\n|\n|t:|1700228575\n|move|p2a: Blaziken|Protect|p2a: Blaziken\n|-singleturn|p2a: Blaziken|Protect\n|move|p1a: Garganacl|Salt Cure|p2a: Blaziken\n|-activate|p2a: Blaziken|move: Protect\n|\n|-heal|p1a: Garganacl|88\/100|[from] item: Leftovers\n|-ability|p2a: Blaziken|Speed Boost|boost\n|-boost|p2a: Blaziken|spe|1\n|upkeep\n|turn|22\n|\n|t:|1700228582\n|move|p2a: Blaziken|Swords Dance|p2a: Blaziken\n|-boost|p2a: Blaziken|atk|2\n|move|p1a: Garganacl|Salt Cure|p2a: Blaziken\n|-damage|p2a: Blaziken|80\/100\n|-start|p2a: Blaziken|Salt Cure\n|\n|-heal|p1a: Garganacl|94\/100|[from] item: Leftovers\n|-damage|p2a: Blaziken|68\/100|[from] Salt Cure\n|-ability|p2a: Blaziken|Speed Boost|boost\n|-boost|p2a: Blaziken|spe|1\n|upkeep\n|turn|23\n|\n|t:|1700228586\n|move|p1a: Garganacl|Protect|p1a: Garganacl\n|-singleturn|p1a: Garganacl|Protect\n|move|p2a: Blaziken|Close Combat|p1a: Garganacl\n|-activate|p1a: Garganacl|move: Protect\n|\n|-heal|p1a: Garganacl|99\/100|[from] item: Leftovers\n|-damage|p2a: Blaziken|56\/100|[from] Salt Cure\n|-ability|p2a: Blaziken|Speed Boost|boost\n|-boost|p2a: Blaziken|spe|1\n|upkeep\n|turn|24\n|\n|t:|1700228591\n|move|p2a: Blaziken|Close Combat|p1a: Garganacl\n|-supereffective|p1a: Garganacl\n|-end|p1a: Garganacl|Substitute\n|-unboost|p2a: Blaziken|def|1\n|-unboost|p2a: Blaziken|spd|1\n|move|p1a: Garganacl|Salt Cure|p2a: Blaziken\n|-damage|p2a: Blaziken|21\/100\n|\n|-heal|p1a: Garganacl|100\/100|[from] item: Leftovers\n|-damage|p2a: Blaziken|9\/100|[from] Salt Cure\n|-ability|p2a: Blaziken|Speed Boost|boost\n|-boost|p2a: Blaziken|spe|1\n|upkeep\n|turn|25\n|\n|t:|1700228601\n|switch|p2a: Blissey|Blissey, F|100\/100\n|move|p1a: Garganacl|Protect||[still]\n|-fail|p1a: Garganacl\n|\n|upkeep\n|turn|26\n|\n|t:|1700228604\n|move|p2a: Blissey|Wish|p2a: Blissey\n|move|p1a: Garganacl|Substitute|p1a: Garganacl\n|-start|p1a: Garganacl|Substitute\n|-damage|p1a: Garganacl|75\/100\n|\n|-heal|p1a: Garganacl|82\/100|[from] item: Leftovers\n|upkeep\n|turn|27\n|\n|t:|1700228611\n|move|p2a: Blissey|Seismic Toss|p1a: Garganacl\n|-activate|p1a: Garganacl|move: Substitute|[damage]\n|move|p1a: Garganacl|Salt Cure|p2a: Blissey\n|-damage|p2a: Blissey|88\/100\n|-start|p2a: Blissey|Salt Cure\n|\n|-heal|p2a: Blissey|100\/100|[from] move: Wish|[wisher] Blissey\n|-heal|p1a: Garganacl|88\/100|[from] item: Leftovers\n|-damage|p2a: Blissey|88\/100|[from] Salt Cure\n|upkeep\n|turn|28\n|\n|t:|1700228620\n|move|p2a: Blissey|Seismic Toss|p1a: Garganacl\n|-end|p1a: Garganacl|Substitute\n|move|p1a: Garganacl|Salt Cure|p2a: Blissey\n|-crit|p2a: Blissey\n|-damage|p2a: Blissey|70\/100\n|\n|-heal|p2a: Blissey|76\/100|[from] item: Leftovers\n|-heal|p1a: Garganacl|94\/100|[from] item: Leftovers\n|-damage|p2a: Blissey|64\/100|[from] Salt Cure\n|upkeep\n|turn|29\n|\n|t:|1700228630\n|switch|p1a: Glimmora|Glimmora, M|100\/100\n|move|p2a: Blissey|Wish|p2a: Blissey\n|\n|-heal|p2a: Blissey|70\/100|[from] item: Leftovers\n|-damage|p2a: Blissey|57\/100|[from] Salt Cure\n|upkeep\n|turn|30\n|\n|t:|1700228635\n|switch|p2a: Blaziken|Blaziken, M|9\/100\n|move|p1a: Glimmora|Stealth Rock|p2a: Blaziken\n|-sidestart|p2: Wolf31415|move: Stealth Rock\n|\n|-heal|p2a: Blaziken|100\/100|[from] move: Wish|[wisher] Blissey\n|upkeep\n|turn|31\n|\n|t:|1700228643\n|move|p1a: Glimmora|Power Gem|p2a: Blaziken\n|-damage|p2a: Blaziken|33\/100\n|move|p2a: Blaziken|Swords Dance|p2a: Blaziken\n|-boost|p2a: Blaziken|atk|2\n|\n|-ability|p2a: Blaziken|Speed Boost|boost\n|-boost|p2a: Blaziken|spe|1\n|upkeep\n|turn|32\n|\n|t:|1700228649\n|move|p2a: Blaziken|Close Combat|p1a: Glimmora\n|-enditem|p1a: Glimmora|Focus Sash\n|-damage|p1a: Glimmora|1\/100\n|-unboost|p2a: Blaziken|def|1\n|-unboost|p2a: Blaziken|spd|1\n|-activate|p1a: Glimmora|ability: Toxic Debris\n|-sidestart|p2: Wolf31415|move: Toxic Spikes\n|move|p1a: Glimmora|Power Gem|p2a: Blaziken\n|-damage|p2a: Blaziken|0 fnt\n|faint|p2a: Blaziken\n|\n|upkeep\n|\n|t:|1700228653\n|switch|p2a: Gliscor|Gliscor, F|74\/100 tox\n|-damage|p2a: Gliscor|62\/100 tox|[from] Stealth Rock\n|turn|33\n|\n|t:|1700228661\n|switch|p1a: Ferrothorn|Ferrothorn, F, shiny|40\/100\n|move|p2a: Gliscor|Defog|p1a: Ferrothorn\n|-unboost|p1a: Ferrothorn|evasion|1\n|-sideend|p2: Wolf31415|Toxic Spikes|[from] move: Defog|[of] p2a: Gliscor\n|-sideend|p2: Wolf31415|Stealth Rock|[from] move: Defog|[of] p2a: Gliscor\n|\n|-heal|p2a: Gliscor|74\/100 tox|[from] ability: Poison Heal\n|upkeep\n|turn|34\n|\n|t:|1700228674\n|switch|p2a: Weavile|Weavile, M|100\/100\n|-ability|p2a: Weavile|Pressure\n|move|p1a: Ferrothorn|Leech Seed|p2a: Weavile\n|-start|p2a: Weavile|move: Leech Seed\n|\n|-damage|p2a: Weavile|88\/100|[from] Leech Seed|[of] p1a: Ferrothorn\n|-heal|p1a: Ferrothorn|50\/100|[silent]\n|upkeep\n|turn|35\n|\n|t:|1700228682\n|move|p2a: Weavile|Triple Axel|p1a: Ferrothorn\n|-damage|p1a: Ferrothorn|42\/100\n|-damage|p2a: Weavile|76\/100|[from] ability: Iron Barbs|[of] p1a: Ferrothorn\n|-damage|p2a: Weavile|59\/100|[from] item: Rocky Helmet|[of] p1a: Ferrothorn\n|-damage|p1a: Ferrothorn|25\/100\n|-damage|p2a: Weavile|47\/100|[from] ability: Iron Barbs|[of] p1a: Ferrothorn\n|-damage|p2a: Weavile|30\/100|[from] item: Rocky Helmet|[of] p1a: Ferrothorn\n|-damage|p1a: Ferrothorn|0 fnt\n|-damage|p2a: Weavile|18\/100|[from] ability: Iron Barbs|[of] p1a: Ferrothorn\n|-damage|p2a: Weavile|2\/100|[from] item: Rocky Helmet|[of] p1a: Ferrothorn\n|faint|p1a: Ferrothorn\n|-hitcount|p1: Ferrothorn|3\n|\n|upkeep\n|inactive|ManiacMilk has 120 seconds left.\n|\n|t:|1700228713\n|switch|p1a: Skeledirge|Skeledirge, F|100\/100\n|turn|36\n|\n|t:|1700228717\n|switch|p2a: Blissey|Blissey, F|57\/100\n|move|p1a: Skeledirge|Torch Song|p2a: Blissey\n|-damage|p2a: Blissey|46\/100\n|-boost|p1a: Skeledirge|spa|1\n|\n|-heal|p2a: Blissey|52\/100|[from] item: Leftovers\n|upkeep\n|turn|37\n|\n|t:|1700228728\n|switch|p1a: Glimmora|Glimmora, M|1\/100\n|move|p2a: Blissey|Soft-Boiled|p2a: Blissey\n|-heal|p2a: Blissey|100\/100\n|\n|upkeep\n|turn|38\n|\n|t:|1700228732\n|move|p1a: Glimmora|Stealth Rock|p2a: Blissey\n|-sidestart|p2: Wolf31415|move: Stealth Rock\n|move|p2a: Blissey|Wish|p2a: Blissey\n|\n|upkeep\n|turn|39\n|\n|t:|1700228740\n|switch|p1a: Garganacl|Garganacl, F|94\/100\n|switch|p2a: Gliscor|Gliscor, F|74\/100 tox\n|-damage|p2a: Gliscor|62\/100 tox|[from] Stealth Rock\n|\n|-heal|p2a: Gliscor|100\/100 tox|[from] move: Wish|[wisher] Blissey\n|-heal|p1a: Garganacl|99\/100|[from] item: Leftovers\n|upkeep\n|turn|40\n|\n|t:|1700228748\n|move|p2a: Gliscor|Defog|p1a: Garganacl\n|-unboost|p1a: Garganacl|evasion|1\n|-sideend|p2: Wolf31415|Stealth Rock|[from] move: Defog|[of] p2a: Gliscor\n|move|p1a: Garganacl|Substitute|p1a: Garganacl\n|-start|p1a: Garganacl|Substitute\n|-damage|p1a: Garganacl|75\/100\n|\n|-heal|p1a: Garganacl|81\/100|[from] item: Leftovers\n|upkeep\n|turn|41\n|\n|t:|1700228755\n|move|p2a: Gliscor|Earthquake|p1a: Garganacl\n|-supereffective|p1a: Garganacl\n|-end|p1a: Garganacl|Substitute\n|move|p1a: Garganacl|Salt Cure|p2a: Gliscor\n|-damage|p2a: Gliscor|90\/100 tox\n|-start|p2a: Gliscor|Salt Cure\n|\n|-heal|p1a: Garganacl|88\/100|[from] item: Leftovers\n|-heal|p2a: Gliscor|100\/100 tox|[from] ability: Poison Heal\n|-damage|p2a: Gliscor|88\/100 tox|[from] Salt Cure\n|upkeep\n|turn|42\n|\n|t:|1700228762\n|move|p2a: Gliscor|Earthquake|p1a: Garganacl\n|-supereffective|p1a: Garganacl\n|-damage|p1a: Garganacl|46\/100\n|move|p1a: Garganacl|Substitute|p1a: Garganacl\n|-start|p1a: Garganacl|Substitute\n|-damage|p1a: Garganacl|21\/100\n|\n|-heal|p1a: Garganacl|27\/100|[from] item: Leftovers\n|-heal|p2a: Gliscor|100\/100 tox|[from] ability: Poison Heal\n|-damage|p2a: Gliscor|88\/100 tox|[from] Salt Cure\n|upkeep\n|turn|43\n|\n|t:|1700228769\n|move|p2a: Gliscor|Earthquake|p1a: Garganacl\n|-supereffective|p1a: Garganacl\n|-crit|p1a: Garganacl\n|-end|p1a: Garganacl|Substitute\n|move|p1a: Garganacl|Recover|p1a: Garganacl\n|-heal|p1a: Garganacl|77\/100\n|\n|-heal|p1a: Garganacl|83\/100|[from] item: Leftovers\n|-heal|p2a: Gliscor|100\/100 tox|[from] ability: Poison Heal\n|-damage|p2a: Gliscor|88\/100 tox|[from] Salt Cure\n|upkeep\n|turn|44\n|\n|t:|1700228776\n|move|p1a: Garganacl|Protect|p1a: Garganacl\n|-singleturn|p1a: Garganacl|Protect\n|move|p2a: Gliscor|Toxic|p1a: Garganacl\n|-activate|p1a: Garganacl|move: Protect\n|\n|-heal|p1a: Garganacl|89\/100|[from] item: Leftovers\n|-heal|p2a: Gliscor|100\/100 tox|[from] ability: Poison Heal\n|-damage|p2a: Gliscor|88\/100 tox|[from] Salt Cure\n|upkeep\n|turn|45\n|\n|t:|1700228782\n|move|p2a: Gliscor|Toxic|p1a: Garganacl\n|-immune|p1a: Garganacl|[from] ability: Purifying Salt\n|move|p1a: Garganacl|Substitute|p1a: Garganacl\n|-start|p1a: Garganacl|Substitute\n|-damage|p1a: Garganacl|64\/100\n|\n|-heal|p1a: Garganacl|70\/100|[from] item: Leftovers\n|-heal|p2a: Gliscor|100\/100 tox|[from] ability: Poison Heal\n|-damage|p2a: Gliscor|88\/100 tox|[from] Salt Cure\n|upkeep\n|turn|46\n|\n|t:|1700228786\n|move|p2a: Gliscor|Earthquake|p1a: Garganacl\n|-supereffective|p1a: Garganacl\n|-end|p1a: Garganacl|Substitute\n|move|p1a: Garganacl|Salt Cure|p2a: Gliscor\n|-damage|p2a: Gliscor|77\/100 tox\n|\n|-heal|p1a: Garganacl|76\/100|[from] item: Leftovers\n|-heal|p2a: Gliscor|90\/100 tox|[from] ability: Poison Heal\n|-damage|p2a: Gliscor|77\/100 tox|[from] Salt Cure\n|upkeep\n|turn|47\n|\n|t:|1700228790\n|move|p2a: Gliscor|Earthquake|p1a: Garganacl\n|-supereffective|p1a: Garganacl\n|-damage|p1a: Garganacl|30\/100\n|move|p1a: Garganacl|Substitute|p1a: Garganacl\n|-start|p1a: Garganacl|Substitute\n|-damage|p1a: Garganacl|5\/100\n|\n|-heal|p1a: Garganacl|11\/100|[from] item: Leftovers\n|-heal|p2a: Gliscor|90\/100 tox|[from] ability: Poison Heal\n|-damage|p2a: Gliscor|77\/100 tox|[from] Salt Cure\n|upkeep\n|turn|48\n|\n|t:|1700228799\n|switch|p1a: Landorus|Landorus-Therian, M|100\/100\n|-ability|p1a: Landorus|Intimidate|boost\n|-unboost|p2a: Gliscor|atk|1\n|move|p2a: Gliscor|Earthquake|p1a: Landorus\n|-immune|p1a: Landorus\n|\n|-heal|p2a: Gliscor|90\/100 tox|[from] ability: Poison Heal\n|-damage|p2a: Gliscor|77\/100 tox|[from] Salt Cure\n|upkeep\n|turn|49\n|\n|t:|1700228808\n|switch|p2a: Tapu Lele|Tapu Lele|100\/100\n|-fieldstart|move: Psychic Terrain|[from] ability: Psychic Surge|[of] p2a: Tapu Lele\n|move|p1a: Landorus|Stealth Rock|p2a: Tapu Lele\n|-sidestart|p2: Wolf31415|move: Stealth Rock\n|\n|upkeep\n|turn|50\n|\n|t:|1700228815\n|move|p2a: Tapu Lele|Psychic|p1a: Landorus\n|-damage|p1a: Landorus|33\/100\n|move|p1a: Landorus|U-turn|p2a: Tapu Lele\n|-damage|p2a: Tapu Lele|66\/100\n|\n|t:|1700228822\n|switch|p1a: Skeledirge|Skeledirge, F|100\/100|[from] U-turn\n|\n|upkeep\n|turn|51\n|\n|t:|1700228827\n|switch|p2a: Blissey|Blissey, F|100\/100\n|-damage|p2a: Blissey|88\/100|[from] Stealth Rock\n|move|p1a: Skeledirge|Hex|p2a: Blissey\n|-immune|p2a: Blissey\n|\n|-heal|p2a: Blissey|94\/100|[from] item: Leftovers\n|upkeep\n|turn|52\n|\n|t:|1700228836\n|move|p1a: Skeledirge|Torch Song|p2a: Blissey\n|-damage|p2a: Blissey|84\/100\n|-boost|p1a: Skeledirge|spa|1\n|move|p2a: Blissey|Soft-Boiled|p2a: Blissey\n|-heal|p2a: Blissey|100\/100\n|\n|upkeep\n|turn|53\n|\n|t:|1700228846\n|move|p1a: Skeledirge|Torch Song|p2a: Blissey\n|-damage|p2a: Blissey|85\/100\n|-boost|p1a: Skeledirge|spa|1\n|move|p2a: Blissey|Wish|p2a: Blissey\n|\n|-heal|p2a: Blissey|91\/100|[from] item: Leftovers\n|-fieldend|move: Psychic Terrain\n|upkeep\n|turn|54\n|\n|t:|1700228850\n|switch|p1a: Ogerpon|Ogerpon-Wellspring, F|100\/100\n|switch|p2a: Gliscor|Gliscor, F|77\/100 tox\n|-damage|p2a: Gliscor|65\/100 tox|[from] Stealth Rock\n|\n|-heal|p2a: Gliscor|100\/100 tox|[from] move: Wish|[wisher] Blissey\n|upkeep\n|turn|55\n|\n|t:|1700228861\n|-terastallize|p1a: Ogerpon|Water\n|detailschange|p1a: Ogerpon|Ogerpon-Wellspring-Tera, F, tera:Water\n|-ability|p1a: Ogerpon|Embody Aspect (Wellspring)|boost\n|-boost|p1a: Ogerpon|spd|1\n|-terastallize|p2a: Gliscor|Fairy\n|move|p1a: Ogerpon|Ivy Cudgel|p2a: Gliscor|[anim] Ivy Cudgel Water\n|-damage|p2a: Gliscor|40\/100 tox\n|move|p2a: Gliscor|Toxic|p1a: Ogerpon\n|-status|p1a: Ogerpon|tox\n|\n|-damage|p1a: Ogerpon|95\/100 tox|[from] psn\n|-heal|p2a: Gliscor|52\/100 tox|[from] ability: Poison Heal\n|upkeep\n|turn|56\n|\n|t:|1700228881\n|switch|p2a: Blissey|Blissey, F|91\/100\n|-damage|p2a: Blissey|79\/100|[from] Stealth Rock\n|move|p1a: Ogerpon|Ivy Cudgel|p2a: Blissey|[anim] Ivy Cudgel Water\n|-damage|p2a: Blissey|11\/100\n|\n|-heal|p2a: Blissey|17\/100|[from] item: Leftovers\n|-damage|p1a: Ogerpon|83\/100 tox|[from] psn\n|upkeep\n|turn|57\n|\n|t:|1700228888\n|move|p1a: Ogerpon|Ivy Cudgel|p2a: Blissey|[anim] Ivy Cudgel Water\n|-damage|p2a: Blissey|0 fnt\n|faint|p2a: Blissey\n|\n|-damage|p1a: Ogerpon|65\/100 tox|[from] psn\n|upkeep\n|\n|t:|1700228896\n|switch|p2a: Tapu Lele|Tapu Lele|66\/100\n|-damage|p2a: Tapu Lele|54\/100|[from] Stealth Rock\n|-fieldstart|move: Psychic Terrain|[from] ability: Psychic Surge|[of] p2a: Tapu Lele\n|turn|58\n|\n|t:|1700228902\n|move|p2a: Tapu Lele|Psyshock|p1a: Ogerpon\n|-damage|p1a: Ogerpon|0 fnt\n|faint|p1a: Ogerpon\n|\n|upkeep\n|\n|t:|1700228910\n|switch|p1a: Skeledirge|Skeledirge, F|100\/100\n|turn|59\n|\n|t:|1700228913\n|move|p2a: Tapu Lele|Psyshock|p1a: Skeledirge\n|-damage|p1a: Skeledirge|70\/100\n|move|p1a: Skeledirge|Hex|p2a: Tapu Lele\n|-supereffective|p2a: Tapu Lele\n|-crit|p2a: Tapu Lele\n|-damage|p2a: Tapu Lele|0 fnt\n|faint|p2a: Tapu Lele\n|\n|upkeep\n|\n|t:|1700228918\n|switch|p2a: Gliscor|Gliscor, F, tera:Fairy|52\/100 tox\n|-damage|p2a: Gliscor|40\/100 tox|[from] Stealth Rock\n|turn|60\n|\n|t:|1700228920\n|move|p2a: Gliscor|Defog|p1a: Skeledirge\n|-unboost|p1a: Skeledirge|evasion|1\n|-sideend|p2: Wolf31415|Stealth Rock|[from] move: Defog|[of] p2a: Gliscor\n|-fieldend|move: Psychic Terrain\n|move|p1a: Skeledirge|Hex|p2a: Gliscor\n|-crit|p2a: Gliscor\n|-damage|p2a: Gliscor|0 fnt\n|faint|p2a: Gliscor\n|\n|upkeep\n|\n|t:|1700228926\n|switch|p2a: Weavile|Weavile, M|2\/100\n|-ability|p2a: Weavile|Pressure\n|turn|61\n|\n|t:|1700228930\n|switch|p1a: Landorus|Landorus-Therian, M|33\/100\n|-ability|p1a: Landorus|Intimidate|boost\n|-unboost|p2a: Weavile|atk|1\n|move|p2a: Weavile|Knock Off|p1a: Landorus\n|-damage|p1a: Landorus|0 fnt\n|-enditem|p1a: Landorus|Leftovers|[from] move: Knock Off|[of] p2a: Weavile\n|faint|p1a: Landorus\n|\n|upkeep\n|\n|t:|1700228938\n|switch|p1a: Garganacl|Garganacl, F|11\/100\n|turn|62\n|\n|t:|1700228942\n|move|p2a: Weavile|Knock Off|p1a: Garganacl\n|-damage|p1a: Garganacl|0 fnt\n|-enditem|p1a: Garganacl|Leftovers|[from] move: Knock Off|[of] p2a: Weavile\n|faint|p1a: Garganacl\n|\n|upkeep\n|\n|t:|1700228944\n|switch|p1a: Glimmora|Glimmora, M|1\/100\n|turn|63\n|\n|t:|1700228947\n|move|p2a: Weavile|Knock Off|p1a: Glimmora\n|-damage|p1a: Glimmora|0 fnt\n|-activate|p1a: Glimmora|ability: Toxic Debris\n|-sidestart|p2: Wolf31415|move: Toxic Spikes\n|faint|p1a: Glimmora\n|\n|upkeep\n|\n|t:|1700228948\n|switch|p1a: Skeledirge|Skeledirge, F|70\/100\n|turn|64\n|\n|t:|1700228950\n|move|p2a: Weavile|Knock Off|p1a: Skeledirge\n|-supereffective|p1a: Skeledirge\n|-damage|p1a: Skeledirge|0 fnt\n|-enditem|p1a: Skeledirge|Heavy-Duty Boots|[from] move: Knock Off|[of] p2a: Weavile\n|faint|p1a: Skeledirge\n|\n|win|Wolf31415\n|raw|ManiacMilk's rating: 1350 &rarr; <strong>1327<\/strong><br \/>(-23 for losing)\n|raw|Wolf31415's rating: 1302 &rarr; <strong>1325<\/strong><br \/>(+23 for winning)\n|c|\u2606ManiacMilk|ggwp\n","uploadtime":1700228963,"views":29,"p1id":"maniacmilk","p2id":"wolf31415","formatid":"gen9nationaldex","rating":1325,"private":0,"password":""}