{"id":"gen9nationaldex-1991911105","p1":"mzznc","p2":"greatdog1290","format":"[Gen 9] National Dex","log":"|j|\u2606mzznc\n|j|\u2606greatdog1290\n|t:|1700137118\n|gametype|singles\n|player|p1|mzznc|101|1098\n|player|p2|greatdog1290|2|1242\n|teamsize|p1|6\n|teamsize|p2|6\n|gen|9\n|tier|[Gen 9] National Dex\n|rated|\n|rule|HP Percentage Mod: HP is shown in percentages\n|rule|Endless Battle Clause: Forcing endless battles is banned\n|rule|OHKO Clause: OHKO moves are banned\n|rule|Evasion Clause: Evasion abilities, items, and moves are banned\n|rule|Evasion Abilities Clause: Evasion abilities are banned\n|rule|Evasion Items Clause: Evasion items are banned\n|rule|Evasion Moves Clause: Evasion moves are banned\n|rule|Species Clause: Limit one of each Pok\u00e9mon\n|rule|Sleep Clause Mod: Limit one foe put to sleep\n|clearpoke\n|poke|p1|Clodsire, F|\n|poke|p1|Empoleon, F|\n|poke|p1|Gliscor, M|\n|poke|p1|Swellow, F|\n|poke|p1|Nidoking, M|\n|poke|p1|Medicham, M|\n|poke|p2|Moltres|\n|poke|p2|Scizor, M|\n|poke|p2|Tapu Koko|\n|poke|p2|Sneasler, M|\n|poke|p2|Iron Valiant|\n|poke|p2|Heatran, F|\n|teampreview\n|\n|t:|1700137149\n|start\n|switch|p1a: \u571f\u2198\u738b\u2197|Clodsire, F|100\/100\n|switch|p2a: Tapu Koko|Tapu Koko|100\/100\n|-fieldstart|move: Electric Terrain|[from] ability: Electric Surge|[of] p2a: Tapu Koko\n|turn|1\n|\n|t:|1700137161\n|move|p2a: Tapu Koko|Taunt|p1a: \u571f\u2198\u738b\u2197\n|-start|p1a: \u571f\u2198\u738b\u2197|move: Taunt\n|cant|p1a: \u571f\u2198\u738b\u2197|move: Taunt|Toxic\n|\n|upkeep\n|turn|2\n|\n|t:|1700137170\n|switch|p2a: Sneasler|Sneasler, M|100\/100\n|-enditem|p2a: Sneasler|Electric Seed\n|-boost|p2a: Sneasler|def|1|[from] item: Electric Seed\n|switch|p1a: \u636e\u8bf4\u6e05\u84b8\u597d\u5403\uff0c\u8bf4\u7684\u4eba\u5df2\u7ecf1\u5468\u5c81\u4e86|Gliscor, M|100\/100\n|\n|-status|p1a: \u636e\u8bf4\u6e05\u84b8\u597d\u5403\uff0c\u8bf4\u7684\u4eba\u5df2\u7ecf1\u5468\u5c81\u4e86|tox|[from] item: Toxic Orb\n|upkeep\n|turn|3\n|\n|t:|1700137182\n|move|p2a: Sneasler|Swords Dance|p2a: Sneasler\n|-boost|p2a: Sneasler|atk|2\n|move|p1a: \u636e\u8bf4\u6e05\u84b8\u597d\u5403\uff0c\u8bf4\u7684\u4eba\u5df2\u7ecf1\u5468\u5c81\u4e86|Rock Tomb|p2a: Sneasler\n|-resisted|p2a: Sneasler\n|-damage|p2a: Sneasler|94\/100\n|-unboost|p2a: Sneasler|spe|1\n|\n|upkeep\n|turn|4\n|\n|t:|1700137193\n|-terastallize|p2a: Sneasler|Flying\n|move|p2a: Sneasler|Acrobatics|p1a: \u636e\u8bf4\u6e05\u84b8\u597d\u5403\uff0c\u8bf4\u7684\u4eba\u5df2\u7ecf1\u5468\u5c81\u4e86\n|-damage|p1a: \u636e\u8bf4\u6e05\u84b8\u597d\u5403\uff0c\u8bf4\u7684\u4eba\u5df2\u7ecf1\u5468\u5c81\u4e86|0 fnt\n|faint|p1a: \u636e\u8bf4\u6e05\u84b8\u597d\u5403\uff0c\u8bf4\u7684\u4eba\u5df2\u7ecf1\u5468\u5c81\u4e86\n|\n|upkeep\n|\n|t:|1700137206\n|switch|p1a: \u5927\u738b\u71d5\u4f60\u50cf\u4e2a\u5927\u738b\u5417|Swellow, F|100\/100\n|turn|5\n|\n|t:|1700137214\n|-terastallize|p1a: \u5927\u738b\u71d5\u4f60\u50cf\u4e2a\u5927\u738b\u5417|Normal\n|move|p1a: \u5927\u738b\u71d5\u4f60\u50cf\u4e2a\u5927\u738b\u5417|Boomburst|p2a: Sneasler\n|-damage|p2a: Sneasler|0 fnt\n|faint|p2a: Sneasler\n|\n|-fieldend|move: Electric Terrain\n|upkeep\n|\n|t:|1700137228\n|switch|p2a: Tapu Koko|Tapu Koko|100\/100\n|-fieldstart|move: Electric Terrain|[from] ability: Electric Surge|[of] p2a: Tapu Koko\n|turn|6\n|\n|t:|1700137234\n|switch|p1a: \u4eba\u5230\u4e2d\u5e74\u8d58\u8089\u96be\u514d|Nidoking, M|100\/100\n|move|p2a: Tapu Koko|Reflect|p2a: Tapu Koko\n|-sidestart|p2: greatdog1290|Reflect\n|\n|upkeep\n|turn|7\n|\n|t:|1700137248\n|move|p2a: Tapu Koko|Light Screen|p2a: Tapu Koko\n|-sidestart|p2: greatdog1290|move: Light Screen\n|move|p1a: \u4eba\u5230\u4e2d\u5e74\u8d58\u8089\u96be\u514d|Earth Power|p2a: Tapu Koko\n|-supereffective|p2a: Tapu Koko\n|-damage|p2a: Tapu Koko|27\/100\n|\n|upkeep\n|turn|8\n|\n|t:|1700137255\n|move|p2a: Tapu Koko|U-turn|p1a: \u4eba\u5230\u4e2d\u5e74\u8d58\u8089\u96be\u514d\n|-resisted|p1a: \u4eba\u5230\u4e2d\u5e74\u8d58\u8089\u96be\u514d\n|-damage|p1a: \u4eba\u5230\u4e2d\u5e74\u8d58\u8089\u96be\u514d|88\/100\n|\n|t:|1700137259\n|switch|p2a: Iron Valiant|Iron Valiant|100\/100|[from] U-turn\n|-activate|p2a: Iron Valiant|ability: Quark Drive\n|-start|p2a: Iron Valiant|quarkdrivespe\n|move|p1a: \u4eba\u5230\u4e2d\u5e74\u8d58\u8089\u96be\u514d|Ice Beam|p2a: Iron Valiant\n|-damage|p2a: Iron Valiant|67\/100\n|\n|upkeep\n|turn|9\n|\n|t:|1700137283\n|switch|p1a: \u571f\u2198\u738b\u2197|Clodsire, F|100\/100\n|move|p2a: Iron Valiant|Psyshock|p1a: \u571f\u2198\u738b\u2197\n|-supereffective|p1a: \u571f\u2198\u738b\u2197\n|-damage|p1a: \u571f\u2198\u738b\u2197|44\/100\n|\n|-heal|p1a: \u571f\u2198\u738b\u2197|50\/100|[from] item: Leftovers\n|upkeep\n|turn|10\n|\n|t:|1700137300\n|switch|p1a: \u738b\u51a0\u5361\u4f4f\u4e86\uff0c\u6551\u547d|Empoleon, F|100\/100\n|move|p2a: Iron Valiant|Psyshock|p1a: \u738b\u51a0\u5361\u4f4f\u4e86\uff0c\u6551\u547d\n|-resisted|p1a: \u738b\u51a0\u5361\u4f4f\u4e86\uff0c\u6551\u547d\n|-damage|p1a: \u738b\u51a0\u5361\u4f4f\u4e86\uff0c\u6551\u547d|82\/100\n|\n|-fieldend|move: Electric Terrain\n|-end|p2a: Iron Valiant|Quark Drive\n|upkeep\n|turn|11\n|\n|t:|1700137318\n|-end|p2a: Iron Valiant|Quark Drive|[silent]\n|switch|p2a: Scizor|Scizor, M, shiny|100\/100\n|switch|p1a: \u571f\u2198\u738b\u2197|Clodsire, F|50\/100\n|\n|-heal|p1a: \u571f\u2198\u738b\u2197|56\/100|[from] item: Leftovers\n|upkeep\n|turn|12\n|\n|t:|1700137329\n|switch|p1a: \u5927\u738b\u71d5\u4f60\u50cf\u4e2a\u5927\u738b\u5417|Swellow, F, tera:Normal|100\/100\n|detailschange|p2a: Scizor|Scizor-Mega, M, shiny\n|-mega|p2a: Scizor|Scizor|Scizorite\n|move|p2a: Scizor|Knock Off|p1a: \u5927\u738b\u71d5\u4f60\u50cf\u4e2a\u5927\u738b\u5417\n|-damage|p1a: \u5927\u738b\u71d5\u4f60\u50cf\u4e2a\u5927\u738b\u5417|34\/100\n|-enditem|p1a: \u5927\u738b\u71d5\u4f60\u50cf\u4e2a\u5927\u738b\u5417|Choice Scarf|[from] move: Knock Off|[of] p2a: Scizor\n|\n|upkeep\n|turn|13\n|\n|t:|1700137354\n|switch|p1a: \u738b\u51a0\u5361\u4f4f\u4e86\uff0c\u6551\u547d|Empoleon, F|82\/100\n|move|p2a: Scizor|Bullet Punch|p1a: \u738b\u51a0\u5361\u4f4f\u4e86\uff0c\u6551\u547d\n|-resisted|p1a: \u738b\u51a0\u5361\u4f4f\u4e86\uff0c\u6551\u547d\n|-damage|p1a: \u738b\u51a0\u5361\u4f4f\u4e86\uff0c\u6551\u547d|75\/100\n|\n|-sideend|p2: greatdog1290|Reflect\n|upkeep\n|turn|14\n|\n|t:|1700137365\n|move|p2a: Scizor|Knock Off|p1a: \u738b\u51a0\u5361\u4f4f\u4e86\uff0c\u6551\u547d\n|-damage|p1a: \u738b\u51a0\u5361\u4f4f\u4e86\uff0c\u6551\u547d|43\/100\n|-enditem|p1a: \u738b\u51a0\u5361\u4f4f\u4e86\uff0c\u6551\u547d|Assault Vest|[from] move: Knock Off|[of] p2a: Scizor\n|move|p1a: \u738b\u51a0\u5361\u4f4f\u4e86\uff0c\u6551\u547d|Hydro Pump|p2a: Scizor|[miss]\n|-miss|p1a: \u738b\u51a0\u5361\u4f4f\u4e86\uff0c\u6551\u547d|p2a: Scizor\n|\n|-sideend|p2: greatdog1290|move: Light Screen\n|upkeep\n|turn|15\n|\n|t:|1700137388\n|move|p2a: Scizor|U-turn|p1a: \u738b\u51a0\u5361\u4f4f\u4e86\uff0c\u6551\u547d\n|-resisted|p1a: \u738b\u51a0\u5361\u4f4f\u4e86\uff0c\u6551\u547d\n|-damage|p1a: \u738b\u51a0\u5361\u4f4f\u4e86\uff0c\u6551\u547d|25\/100\n|\n|t:|1700137397\n|switch|p2a: Tapu Koko|Tapu Koko|27\/100|[from] U-turn\n|-fieldstart|move: Electric Terrain|[from] ability: Electric Surge|[of] p2a: Tapu Koko\n|move|p1a: \u738b\u51a0\u5361\u4f4f\u4e86\uff0c\u6551\u547d|Hydro Pump|p2a: Tapu Koko\n|-damage|p2a: Tapu Koko|0 fnt\n|faint|p2a: Tapu Koko\n|\n|upkeep\n|\n|t:|1700137404\n|switch|p2a: Iron Valiant|Iron Valiant|67\/100\n|-activate|p2a: Iron Valiant|ability: Quark Drive\n|-start|p2a: Iron Valiant|quarkdrivespe\n|turn|16\n|\n|t:|1700137439\n|move|p2a: Iron Valiant|Moonblast|p1a: \u738b\u51a0\u5361\u4f4f\u4e86\uff0c\u6551\u547d\n|-resisted|p1a: \u738b\u51a0\u5361\u4f4f\u4e86\uff0c\u6551\u547d\n|-damage|p1a: \u738b\u51a0\u5361\u4f4f\u4e86\uff0c\u6551\u547d|0 fnt\n|faint|p1a: \u738b\u51a0\u5361\u4f4f\u4e86\uff0c\u6551\u547d\n|\n|upkeep\n|\n|t:|1700137459\n|switch|p1a: \u571f\u2198\u738b\u2197|Clodsire, F|56\/100\n|turn|17\n|\n|t:|1700137472\n|-end|p2a: Iron Valiant|Quark Drive|[silent]\n|switch|p2a: Heatran|Heatran, F|100\/100\n|move|p1a: \u571f\u2198\u738b\u2197|Recover|p1a: \u571f\u2198\u738b\u2197\n|-heal|p1a: \u571f\u2198\u738b\u2197|100\/100\n|\n|upkeep\n|turn|18\n|\n|t:|1700137492\n|switch|p2a: Moltres|Moltres|100\/100\n|move|p1a: \u571f\u2198\u738b\u2197|Stealth Rock|p2a: Moltres\n|-sidestart|p2: greatdog1290|move: Stealth Rock\n|\n|upkeep\n|turn|19\n|\n|t:|1700137500\n|move|p2a: Moltres|Defog|p1a: \u571f\u2198\u738b\u2197\n|-unboost|p1a: \u571f\u2198\u738b\u2197|evasion|1\n|-sideend|p2: greatdog1290|Stealth Rock|[from] move: Defog|[of] p2a: Moltres\n|-fieldend|move: Electric Terrain\n|move|p1a: \u571f\u2198\u738b\u2197|Toxic|p2a: Moltres\n|-status|p2a: Moltres|tox\n|\n|-damage|p2a: Moltres|94\/100 tox|[from] psn\n|upkeep\n|turn|20\n|\n|t:|1700137510\n|move|p2a: Moltres|U-turn|p1a: \u571f\u2198\u738b\u2197\n|-resisted|p1a: \u571f\u2198\u738b\u2197\n|-damage|p1a: \u571f\u2198\u738b\u2197|95\/100\n|\n|t:|1700137514\n|switch|p2a: Heatran|Heatran, F|100\/100|[from] U-turn\n|move|p1a: \u571f\u2198\u738b\u2197|Stealth Rock|p2a: Heatran\n|-sidestart|p2: greatdog1290|move: Stealth Rock\n|\n|-heal|p1a: \u571f\u2198\u738b\u2197|100\/100|[from] item: Leftovers\n|upkeep\n|turn|21\n|\n|t:|1700137535\n|switch|p1a: \u7ec3\u5b8c\u745c\u4f3d\u8fdb\u533b\u9662\u8eba\u4e86\u4e09\u5929|Medicham, M|100\/100\n|move|p2a: Heatran|Taunt|p1a: \u7ec3\u5b8c\u745c\u4f3d\u8fdb\u533b\u9662\u8eba\u4e86\u4e09\u5929\n|-start|p1a: \u7ec3\u5b8c\u745c\u4f3d\u8fdb\u533b\u9662\u8eba\u4e86\u4e09\u5929|move: Taunt\n|\n|upkeep\n|turn|22\n|\n|t:|1700137549\n|switch|p2a: Moltres|Moltres|94\/100 tox\n|detailschange|p1a: \u7ec3\u5b8c\u745c\u4f3d\u8fdb\u533b\u9662\u8eba\u4e86\u4e09\u5929|Medicham-Mega, M\n|-mega|p1a: \u7ec3\u5b8c\u745c\u4f3d\u8fdb\u533b\u9662\u8eba\u4e86\u4e09\u5929|Medicham|Medichamite\n|move|p1a: \u7ec3\u5b8c\u745c\u4f3d\u8fdb\u533b\u9662\u8eba\u4e86\u4e09\u5929|Drain Punch|p2a: Moltres\n|-resisted|p2a: Moltres\n|-damage|p2a: Moltres|76\/100 tox\n|\n|-damage|p2a: Moltres|70\/100 tox|[from] psn\n|upkeep\n|turn|23\n|\n|t:|1700137566\n|switch|p1a: \u571f\u2198\u738b\u2197|Clodsire, F|100\/100\n|switch|p2a: Iron Valiant|Iron Valiant|67\/100\n|-damage|p2a: Iron Valiant|61\/100|[from] Stealth Rock\n|\n|upkeep\n|turn|24\n|\n|t:|1700137574\n|move|p2a: Iron Valiant|Psyshock|p1a: \u571f\u2198\u738b\u2197\n|-supereffective|p1a: \u571f\u2198\u738b\u2197\n|-damage|p1a: \u571f\u2198\u738b\u2197|45\/100\n|move|p1a: \u571f\u2198\u738b\u2197|Toxic|p2a: Iron Valiant\n|-status|p2a: Iron Valiant|tox\n|\n|-heal|p1a: \u571f\u2198\u738b\u2197|51\/100|[from] item: Leftovers\n|-damage|p2a: Iron Valiant|54\/100 tox|[from] psn\n|upkeep\n|turn|25\n|\n|t:|1700137613\n|switch|p1a: \u5927\u738b\u71d5\u4f60\u50cf\u4e2a\u5927\u738b\u5417|Swellow, F, tera:Normal|34\/100\n|move|p2a: Iron Valiant|Psyshock|p1a: \u5927\u738b\u71d5\u4f60\u50cf\u4e2a\u5927\u738b\u5417\n|-damage|p1a: \u5927\u738b\u71d5\u4f60\u50cf\u4e2a\u5927\u738b\u5417|0 fnt\n|faint|p1a: \u5927\u738b\u71d5\u4f60\u50cf\u4e2a\u5927\u738b\u5417\n|\n|-damage|p2a: Iron Valiant|42\/100 tox|[from] psn\n|upkeep\n|\n|t:|1700137631\n|switch|p1a: \u4eba\u5230\u4e2d\u5e74\u8d58\u8089\u96be\u514d|Nidoking, M|88\/100\n|turn|26\n|\n|t:|1700137642\n|move|p2a: Iron Valiant|Psyshock|p1a: \u4eba\u5230\u4e2d\u5e74\u8d58\u8089\u96be\u514d\n|-supereffective|p1a: \u4eba\u5230\u4e2d\u5e74\u8d58\u8089\u96be\u514d\n|-damage|p1a: \u4eba\u5230\u4e2d\u5e74\u8d58\u8089\u96be\u514d|0 fnt\n|faint|p1a: \u4eba\u5230\u4e2d\u5e74\u8d58\u8089\u96be\u514d\n|\n|-damage|p2a: Iron Valiant|23\/100 tox|[from] psn\n|upkeep\n|\n|t:|1700137650\n|switch|p1a: \u7ec3\u5b8c\u745c\u4f3d\u8fdb\u533b\u9662\u8eba\u4e86\u4e09\u5929|Medicham-Mega, M|100\/100\n|turn|27\n|\n|t:|1700137654\n|-end|p2a: Iron Valiant|Quark Drive|[silent]\n|switch|p2a: Moltres|Moltres|70\/100 tox\n|switch|p1a: \u571f\u2198\u738b\u2197|Clodsire, F|51\/100\n|\n|-heal|p1a: \u571f\u2198\u738b\u2197|57\/100|[from] item: Leftovers\n|-damage|p2a: Moltres|64\/100 tox|[from] psn\n|upkeep\n|turn|28\n|\n|t:|1700137675\n|move|p2a: Moltres|U-turn|p1a: \u571f\u2198\u738b\u2197\n|-resisted|p1a: \u571f\u2198\u738b\u2197\n|-damage|p1a: \u571f\u2198\u738b\u2197|52\/100\n|\n|t:|1700137678\n|switch|p2a: Heatran|Heatran, F|100\/100|[from] U-turn\n|-damage|p2a: Heatran|88\/100|[from] Stealth Rock\n|move|p1a: \u571f\u2198\u738b\u2197|Recover|p1a: \u571f\u2198\u738b\u2197\n|-heal|p1a: \u571f\u2198\u738b\u2197|100\/100\n|\n|-heal|p2a: Heatran|94\/100|[from] item: Leftovers\n|upkeep\n|turn|29\n|\n|t:|1700137691\n|switch|p1a: \u7ec3\u5b8c\u745c\u4f3d\u8fdb\u533b\u9662\u8eba\u4e86\u4e09\u5929|Medicham-Mega, M|100\/100\n|move|p2a: Heatran|Magma Storm|p1a: \u7ec3\u5b8c\u745c\u4f3d\u8fdb\u533b\u9662\u8eba\u4e86\u4e09\u5929|[miss]\n|-miss|p2a: Heatran|p1a: \u7ec3\u5b8c\u745c\u4f3d\u8fdb\u533b\u9662\u8eba\u4e86\u4e09\u5929\n|\n|-heal|p2a: Heatran|100\/100|[from] item: Leftovers\n|upkeep\n|turn|30\n|\n|t:|1700137705\n|switch|p2a: Moltres|Moltres|64\/100 tox\n|move|p1a: \u7ec3\u5b8c\u745c\u4f3d\u8fdb\u533b\u9662\u8eba\u4e86\u4e09\u5929|Trailblaze|p2a: Moltres\n|-resisted|p2a: Moltres\n|-damage|p2a: Moltres|61\/100 tox\n|-boost|p1a: \u7ec3\u5b8c\u745c\u4f3d\u8fdb\u533b\u9662\u8eba\u4e86\u4e09\u5929|spe|1\n|\n|-damage|p2a: Moltres|55\/100 tox|[from] psn\n|upkeep\n|turn|31\n|\n|t:|1700137716\n|move|p1a: \u7ec3\u5b8c\u745c\u4f3d\u8fdb\u533b\u9662\u8eba\u4e86\u4e09\u5929|Acupressure|p1a: \u7ec3\u5b8c\u745c\u4f3d\u8fdb\u533b\u9662\u8eba\u4e86\u4e09\u5929\n|-boost|p1a: \u7ec3\u5b8c\u745c\u4f3d\u8fdb\u533b\u9662\u8eba\u4e86\u4e09\u5929|spd|2\n|move|p2a: Moltres|Flamethrower|p1a: \u7ec3\u5b8c\u745c\u4f3d\u8fdb\u533b\u9662\u8eba\u4e86\u4e09\u5929\n|-damage|p1a: \u7ec3\u5b8c\u745c\u4f3d\u8fdb\u533b\u9662\u8eba\u4e86\u4e09\u5929|79\/100\n|\n|-damage|p2a: Moltres|43\/100 tox|[from] psn\n|upkeep\n|turn|32\n|\n|t:|1700137725\n|move|p1a: \u7ec3\u5b8c\u745c\u4f3d\u8fdb\u533b\u9662\u8eba\u4e86\u4e09\u5929|Acupressure|p1a: \u7ec3\u5b8c\u745c\u4f3d\u8fdb\u533b\u9662\u8eba\u4e86\u4e09\u5929\n|-boost|p1a: \u7ec3\u5b8c\u745c\u4f3d\u8fdb\u533b\u9662\u8eba\u4e86\u4e09\u5929|spa|2\n|move|p2a: Moltres|Roost|p2a: Moltres\n|-heal|p2a: Moltres|93\/100 tox\n|-singleturn|p2a: Moltres|move: Roost\n|\n|-damage|p2a: Moltres|75\/100 tox|[from] psn\n|upkeep\n|turn|33\n|\n|t:|1700137746\n|move|p1a: \u7ec3\u5b8c\u745c\u4f3d\u8fdb\u533b\u9662\u8eba\u4e86\u4e09\u5929|Acupressure|p1a: \u7ec3\u5b8c\u745c\u4f3d\u8fdb\u533b\u9662\u8eba\u4e86\u4e09\u5929\n|-boost|p1a: \u7ec3\u5b8c\u745c\u4f3d\u8fdb\u533b\u9662\u8eba\u4e86\u4e09\u5929|spa|2\n|move|p2a: Moltres|Flamethrower|p1a: \u7ec3\u5b8c\u745c\u4f3d\u8fdb\u533b\u9662\u8eba\u4e86\u4e09\u5929\n|-damage|p1a: \u7ec3\u5b8c\u745c\u4f3d\u8fdb\u533b\u9662\u8eba\u4e86\u4e09\u5929|58\/100\n|\n|-damage|p2a: Moltres|51\/100 tox|[from] psn\n|upkeep\n|turn|34\n|\n|t:|1700137757\n|move|p1a: \u7ec3\u5b8c\u745c\u4f3d\u8fdb\u533b\u9662\u8eba\u4e86\u4e09\u5929|Recover|p1a: \u7ec3\u5b8c\u745c\u4f3d\u8fdb\u533b\u9662\u8eba\u4e86\u4e09\u5929\n|-heal|p1a: \u7ec3\u5b8c\u745c\u4f3d\u8fdb\u533b\u9662\u8eba\u4e86\u4e09\u5929|100\/100\n|move|p2a: Moltres|Roost|p2a: Moltres\n|-heal|p2a: Moltres|100\/100 tox\n|-singleturn|p2a: Moltres|move: Roost\n|\n|-damage|p2a: Moltres|70\/100 tox|[from] psn\n|upkeep\n|turn|35\n|-message|greatdog1290 forfeited.\n|\n|win|mzznc\n|raw|mzznc's rating: 1098 &rarr; <strong>1133<\/strong><br \/>(+35 for winning)\n|raw|greatdog1290's rating: 1242 &rarr; <strong>1207<\/strong><br \/>(-35 for losing)\n|l|\u2606greatdog1290\n","uploadtime":1700137778,"views":4,"p1id":"mzznc","p2id":"greatdog1290","formatid":"gen9nationaldex","rating":1133,"private":0,"password":""}