{"id":"gen9nationaldex-1991505090","p1":"abigolname","p2":"llampis98","format":"[Gen 9] National Dex","log":"|j|\u2606abigolname\n|j|\u2606llampis98\n|t:|1700083073\n|gametype|singles\n|player|p1|abigolname|102|1485\n|player|p2|llampis98|guzma|1543\n|teamsize|p1|6\n|teamsize|p2|6\n|gen|9\n|tier|[Gen 9] National Dex\n|rated|\n|rule|HP Percentage Mod: HP is shown in percentages\n|rule|Endless Battle Clause: Forcing endless battles is banned\n|rule|OHKO Clause: OHKO moves are banned\n|rule|Evasion Clause: Evasion abilities, items, and moves are banned\n|rule|Evasion Abilities Clause: Evasion abilities are banned\n|rule|Evasion Items Clause: Evasion items are banned\n|rule|Evasion Moves Clause: Evasion moves are banned\n|rule|Species Clause: Limit one of each Pok\u00e9mon\n|rule|Sleep Clause Mod: Limit one foe put to sleep\n|clearpoke\n|poke|p1|Zapdos|\n|poke|p1|Toxapex, M|\n|poke|p1|Urshifu-*, M|\n|poke|p1|Breloom, M|\n|poke|p1|Ninetales-Alola, M|\n|poke|p1|Garganacl, M|\n|poke|p2|Pelipper, M|\n|poke|p2|Basculegion-F, F|\n|poke|p2|Urshifu-*, F|\n|poke|p2|Zapdos|\n|poke|p2|Ferrothorn, F|\n|poke|p2|Sceptile, M|\n|teampreview\n|\n|t:|1700083086\n|start\n|switch|p1a: Garganacl|Garganacl, M|100\/100\n|switch|p2a: Ferrothorn|Ferrothorn, F|100\/100\n|turn|1\n|\n|t:|1700083093\n|-terastallize|p1a: Garganacl|Ghost\n|move|p1a: Garganacl|Salt Cure|p2a: Ferrothorn\n|-resisted|p2a: Ferrothorn\n|-damage|p2a: Ferrothorn|95\/100\n|-start|p2a: Ferrothorn|Salt Cure\n|move|p2a: Ferrothorn|Leech Seed|p1a: Garganacl\n|-start|p1a: Garganacl|move: Leech Seed\n|\n|-heal|p2a: Ferrothorn|100\/100|[from] item: Leftovers\n|-damage|p1a: Garganacl|88\/100|[from] Leech Seed|[of] p2a: Ferrothorn\n|-damage|p2a: Ferrothorn|75\/100|[from] Salt Cure\n|upkeep\n|turn|2\n|\n|t:|1700083102\n|switch|p1a: Breloom|Breloom, M|100\/100\n|switch|p2a: Pelipper|Pelipper, M|100\/100\n|-weather|RainDance|[from] ability: Drizzle|[of] p2a: Pelipper\n|\n|-weather|RainDance|[upkeep]\n|-status|p1a: Breloom|tox|[from] item: Toxic Orb\n|upkeep\n|turn|3\n|\n|t:|1700083109\n|switch|p2a: Sceptile|Sceptile, M|100\/100\n|move|p1a: Breloom|Protect||[still]\n|-fail|p1a: Breloom\n|\n|-weather|RainDance|[upkeep]\n|upkeep\n|turn|4\n|\n|t:|1700083117\n|detailschange|p2a: Sceptile|Sceptile-Mega, M\n|-mega|p2a: Sceptile|Sceptile|Sceptilite\n|move|p2a: Sceptile|Dragon Pulse|p1a: Breloom\n|-damage|p1a: Breloom|28\/100 tox\n|move|p1a: Breloom|Substitute|p1a: Breloom\n|-start|p1a: Breloom|Substitute\n|-damage|p1a: Breloom|3\/100 tox\n|\n|-weather|RainDance|[upkeep]\n|-heal|p1a: Breloom|16\/100 tox|[from] ability: Poison Heal\n|upkeep\n|turn|5\n|\n|t:|1700083123\n|-singleturn|p1a: Breloom|move: Focus Punch\n|move|p2a: Sceptile|Dragon Pulse|p1a: Breloom\n|-end|p1a: Breloom|Substitute\n|move|p1a: Breloom|Focus Punch|p2a: Sceptile\n|-damage|p2a: Sceptile|0 fnt\n|faint|p2a: Sceptile\n|\n|-weather|RainDance|[upkeep]\n|-heal|p1a: Breloom|28\/100 tox|[from] ability: Poison Heal\n|upkeep\n|\n|t:|1700083133\n|switch|p2a: Urshifu|Urshifu-Rapid-Strike, F|100\/100\n|turn|6\n|\n|t:|1700083140\n|switch|p1a: Toxapex|Toxapex, M|100\/100\n|move|p2a: Urshifu|Surging Strikes|p1a: Toxapex\n|-resisted|p1a: Toxapex\n|-crit|p1a: Toxapex\n|-damage|p1a: Toxapex|89\/100\n|-resisted|p1a: Toxapex\n|-crit|p1a: Toxapex\n|-damage|p1a: Toxapex|77\/100\n|-resisted|p1a: Toxapex\n|-crit|p1a: Toxapex\n|-damage|p1a: Toxapex|65\/100\n|-hitcount|p1a: Toxapex|3\n|-enditem|p1a: Toxapex|Eject Button\n|\n|t:|1700083155\n|switch|p1a: Garganacl|Garganacl, M, tera:Ghost|88\/100\n|\n|-weather|RainDance|[upkeep]\n|-heal|p1a: Garganacl|94\/100|[from] item: Leftovers\n|upkeep\n|turn|7\n|\n|t:|1700083161\n|-terastallize|p2a: Urshifu|Water\n|move|p2a: Urshifu|Surging Strikes|p1a: Garganacl\n|-crit|p1a: Garganacl\n|-damage|p1a: Garganacl|63\/100\n|-crit|p1a: Garganacl\n|-damage|p1a: Garganacl|28\/100\n|-crit|p1a: Garganacl\n|-damage|p1a: Garganacl|0 fnt\n|faint|p1a: Garganacl\n|-hitcount|p1: Garganacl|3\n|\n|-weather|RainDance|[upkeep]\n|upkeep\n|\n|t:|1700083172\n|switch|p1a: Toxapex|Toxapex, M|98\/100\n|turn|8\n|\n|t:|1700083175\n|move|p2a: Urshifu|Swords Dance|p2a: Urshifu\n|-boost|p2a: Urshifu|atk|2\n|move|p1a: Toxapex|Scald|p2a: Urshifu\n|-resisted|p2a: Urshifu\n|-damage|p2a: Urshifu|83\/100\n|-status|p2a: Urshifu|brn\n|\n|-weather|RainDance|[upkeep]\n|-damage|p2a: Urshifu|76\/100 brn|[from] brn\n|upkeep\n|turn|9\n|\n|t:|1700083184\n|move|p2a: Urshifu|Surging Strikes|p1a: Toxapex\n|-resisted|p1a: Toxapex\n|-crit|p1a: Toxapex\n|-damage|p1a: Toxapex|84\/100\n|-resisted|p1a: Toxapex\n|-crit|p1a: Toxapex\n|-damage|p1a: Toxapex|69\/100\n|-resisted|p1a: Toxapex\n|-crit|p1a: Toxapex\n|-damage|p1a: Toxapex|55\/100\n|-hitcount|p1a: Toxapex|3\n|move|p1a: Toxapex|Haze|p1a: Toxapex\n|-clearallboost\n|\n|-weather|none\n|-damage|p2a: Urshifu|70\/100 brn|[from] brn\n|upkeep\n|turn|10\n|\n|t:|1700083195\n|switch|p2a: Zapdos|Zapdos|100\/100\n|move|p1a: Toxapex|Toxic|p2a: Zapdos\n|-status|p2a: Zapdos|tox\n|\n|-damage|p2a: Zapdos|94\/100 tox|[from] psn\n|upkeep\n|turn|11\n|\n|t:|1700083202\n|switch|p1a: Zapdos|Zapdos|100\/100\n|move|p2a: Zapdos|Volt Switch|p1a: Zapdos\n|-damage|p1a: Zapdos|56\/100\n|\n|t:|1700083209\n|switch|p2a: Ferrothorn|Ferrothorn, F|75\/100|[from] Volt Switch\n|\n|-heal|p2a: Ferrothorn|82\/100|[from] item: Leftovers\n|upkeep\n|turn|12\n|\n|t:|1700083215\n|move|p1a: Zapdos|Volt Switch|p2a: Ferrothorn\n|-resisted|p2a: Ferrothorn\n|-damage|p2a: Ferrothorn|70\/100\n|\n|t:|1700083216\n|switch|p1a: Ninetales|Ninetales-Alola, M|100\/100|[from] Volt Switch\n|-weather|Snow|[from] ability: Snow Warning|[of] p1a: Ninetales\n|move|p2a: Ferrothorn|Gyro Ball|p1a: Ninetales\n|-supereffective|p1a: Ninetales\n|-damage|p1a: Ninetales|0 fnt\n|faint|p1a: Ninetales\n|\n|-weather|Snow|[upkeep]\n|-heal|p2a: Ferrothorn|76\/100|[from] item: Leftovers\n|upkeep\n|\n|t:|1700083225\n|switch|p1a: Breloom|Breloom, M|28\/100 tox\n|turn|13\n|\n|t:|1700083228\n|move|p1a: Breloom|Substitute|p1a: Breloom\n|-start|p1a: Breloom|Substitute\n|-damage|p1a: Breloom|3\/100 tox\n|move|p2a: Ferrothorn|Stealth Rock|p1a: Breloom\n|-sidestart|p1: abigolname|move: Stealth Rock\n|\n|-weather|Snow|[upkeep]\n|-heal|p2a: Ferrothorn|82\/100|[from] item: Leftovers\n|-heal|p1a: Breloom|15\/100 tox|[from] ability: Poison Heal\n|upkeep\n|turn|14\n|\n|t:|1700083241\n|switch|p2a: Basculegion|Basculegion-F, F|100\/100\n|move|p1a: Breloom|Protect||[still]\n|-fail|p1a: Breloom\n|\n|-weather|Snow|[upkeep]\n|-heal|p1a: Breloom|28\/100 tox|[from] ability: Poison Heal\n|upkeep\n|turn|15\n|\n|t:|1700083252\n|move|p2a: Basculegion|Surf|p1a: Breloom\n|-resisted|p1a: Breloom\n|-end|p1a: Breloom|Substitute\n|move|p1a: Breloom|Spore|p2a: Basculegion\n|-status|p2a: Basculegion|slp|[from] move: Spore\n|\n|-weather|Snow|[upkeep]\n|-heal|p1a: Breloom|40\/100 tox|[from] ability: Poison Heal\n|upkeep\n|turn|16\n|\n|t:|1700083255\n|cant|p2a: Basculegion|slp\n|move|p1a: Breloom|Substitute|p1a: Breloom\n|-start|p1a: Breloom|Substitute\n|-damage|p1a: Breloom|15\/100 tox\n|\n|-weather|none\n|-heal|p1a: Breloom|27\/100 tox|[from] ability: Poison Heal\n|upkeep\n|turn|17\n|\n|t:|1700083268\n|-singleturn|p1a: Breloom|move: Focus Punch\n|cant|p2a: Basculegion|slp\n|move|p1a: Breloom|Focus Punch|p2a: Basculegion\n|-immune|p2a: Basculegion\n|\n|-heal|p1a: Breloom|40\/100 tox|[from] ability: Poison Heal\n|upkeep\n|turn|18\n|\n|t:|1700083276\n|-curestatus|p2a: Basculegion|slp|[msg]\n|move|p2a: Basculegion|Surf|p1a: Breloom\n|-resisted|p1a: Breloom\n|-end|p1a: Breloom|Substitute\n|move|p1a: Breloom|Spore|p2a: Basculegion\n|-status|p2a: Basculegion|slp|[from] move: Spore\n|\n|-heal|p1a: Breloom|52\/100 tox|[from] ability: Poison Heal\n|upkeep\n|turn|19\n|\n|t:|1700083288\n|switch|p1a: Urshifu|Urshifu-Rapid-Strike, M|100\/100\n|-damage|p1a: Urshifu|94\/100|[from] Stealth Rock\n|cant|p2a: Basculegion|slp\n|\n|upkeep\n|turn|20\n|\n|t:|1700083294\n|move|p1a: Urshifu|Swords Dance|p1a: Urshifu\n|-boost|p1a: Urshifu|atk|2\n|-curestatus|p2a: Basculegion|slp|[msg]\n|move|p2a: Basculegion|Surf|p1a: Urshifu\n|-resisted|p1a: Urshifu\n|-damage|p1a: Urshifu|47\/100\n|\n|upkeep\n|turn|21\n|\n|t:|1700083299\n|move|p1a: Urshifu|Surging Strikes|p2a: Basculegion\n|-resisted|p2a: Basculegion\n|-crit|p2a: Basculegion\n|-damage|p2a: Basculegion|72\/100\n|-resisted|p2a: Basculegion\n|-crit|p2a: Basculegion\n|-damage|p2a: Basculegion|44\/100\n|-resisted|p2a: Basculegion\n|-crit|p2a: Basculegion\n|-damage|p2a: Basculegion|18\/100\n|-hitcount|p2a: Basculegion|3\n|move|p2a: Basculegion|Surf|p1a: Urshifu\n|-resisted|p1a: Urshifu\n|-damage|p1a: Urshifu|0 fnt\n|faint|p1a: Urshifu\n|\n|upkeep\n|\n|t:|1700083312\n|switch|p1a: Zapdos|Zapdos|56\/100\n|turn|22\n|\n|t:|1700083317\n|switch|p2a: Ferrothorn|Ferrothorn, F|82\/100\n|move|p1a: Zapdos|Volt Switch|p2a: Ferrothorn\n|-resisted|p2a: Ferrothorn\n|-damage|p2a: Ferrothorn|69\/100\n|\n|t:|1700083321\n|switch|p1a: Breloom|Breloom, M|52\/100 tox|[from] Volt Switch\n|-damage|p1a: Breloom|46\/100 tox|[from] Stealth Rock\n|\n|-heal|p2a: Ferrothorn|75\/100|[from] item: Leftovers\n|-heal|p1a: Breloom|58\/100 tox|[from] ability: Poison Heal\n|upkeep\n|turn|23\n|\n|t:|1700083328\n|move|p1a: Breloom|Protect|p1a: Breloom\n|-singleturn|p1a: Breloom|Protect\n|move|p2a: Ferrothorn|Gyro Ball|p1a: Breloom\n|-activate|p1a: Breloom|move: Protect\n|\n|-heal|p2a: Ferrothorn|81\/100|[from] item: Leftovers\n|-heal|p1a: Breloom|71\/100 tox|[from] ability: Poison Heal\n|upkeep\n|turn|24\n|\n|t:|1700083336\n|move|p1a: Breloom|Substitute|p1a: Breloom\n|-start|p1a: Breloom|Substitute\n|-damage|p1a: Breloom|46\/100 tox\n|move|p2a: Ferrothorn|Gyro Ball|p1a: Breloom\n|-end|p1a: Breloom|Substitute\n|\n|-heal|p2a: Ferrothorn|88\/100|[from] item: Leftovers\n|-heal|p1a: Breloom|58\/100 tox|[from] ability: Poison Heal\n|upkeep\n|turn|25\n|\n|t:|1700083343\n|move|p1a: Breloom|Protect|p1a: Breloom\n|-singleturn|p1a: Breloom|Protect\n|move|p2a: Ferrothorn|Gyro Ball|p1a: Breloom\n|-activate|p1a: Breloom|move: Protect\n|\n|-heal|p2a: Ferrothorn|94\/100|[from] item: Leftovers\n|-heal|p1a: Breloom|70\/100 tox|[from] ability: Poison Heal\n|upkeep\n|turn|26\n|\n|t:|1700083346\n|switch|p1a: Zapdos|Zapdos|56\/100\n|move|p2a: Ferrothorn|Gyro Ball|p1a: Zapdos\n|-resisted|p1a: Zapdos\n|-damage|p1a: Zapdos|26\/100\n|-status|p2a: Ferrothorn|par|[from] ability: Static|[of] p1a: Zapdos\n|\n|-heal|p2a: Ferrothorn|99\/100 par|[from] item: Leftovers\n|upkeep\n|turn|27\n|\n|t:|1700083349\n|move|p1a: Zapdos|Roost|p1a: Zapdos\n|-heal|p1a: Zapdos|76\/100\n|-singleturn|p1a: Zapdos|move: Roost\n|move|p2a: Ferrothorn|Leech Seed|p1a: Zapdos\n|-start|p1a: Zapdos|move: Leech Seed\n|\n|-heal|p2a: Ferrothorn|100\/100 par|[from] item: Leftovers\n|-damage|p1a: Zapdos|64\/100|[from] Leech Seed|[of] p2a: Ferrothorn\n|upkeep\n|turn|28\n|\n|t:|1700083358\n|switch|p2a: Zapdos|Zapdos|94\/100 tox\n|move|p1a: Zapdos|Defog|p2a: Zapdos\n|-unboost|p2a: Zapdos|evasion|1\n|-sideend|p1: abigolname|Stealth Rock|[from] move: Defog|[of] p1a: Zapdos\n|\n|-damage|p1a: Zapdos|52\/100|[from] Leech Seed|[of] p2a: Zapdos\n|-heal|p2a: Zapdos|100\/100 tox|[silent]\n|-damage|p2a: Zapdos|94\/100 tox|[from] psn\n|upkeep\n|turn|29\n|\n|t:|1700083364\n|move|p2a: Zapdos|Volt Switch|p1a: Zapdos\n|-damage|p1a: Zapdos|8\/100\n|\n|t:|1700083376\n|switch|p2a: Basculegion|Basculegion-F, F|18\/100|[from] Volt Switch\n|move|p1a: Zapdos|Roost|p1a: Zapdos\n|-heal|p1a: Zapdos|58\/100\n|-singleturn|p1a: Zapdos|move: Roost\n|\n|-damage|p1a: Zapdos|46\/100|[from] Leech Seed|[of] p2a: Basculegion\n|-heal|p2a: Basculegion|30\/100|[silent]\n|upkeep\n|turn|30\n|\n|t:|1700083390\n|move|p1a: Zapdos|Volt Switch|p2a: Basculegion\n|-supereffective|p2a: Basculegion\n|-damage|p2a: Basculegion|0 fnt\n|faint|p2a: Basculegion\n|\n|t:|1700083398\n|switch|p1a: Breloom|Breloom, M|70\/100 tox|[from] Volt Switch\n|\n|-heal|p1a: Breloom|83\/100 tox|[from] ability: Poison Heal\n|upkeep\n|\n|t:|1700083401\n|switch|p2a: Pelipper|Pelipper, M|100\/100\n|-weather|RainDance|[from] ability: Drizzle|[of] p2a: Pelipper\n|turn|31\n|\n|t:|1700083406\n|switch|p2a: Ferrothorn|Ferrothorn, F|100\/100 par\n|move|p1a: Breloom|Substitute|p1a: Breloom\n|-start|p1a: Breloom|Substitute\n|-damage|p1a: Breloom|58\/100 tox\n|\n|-weather|RainDance|[upkeep]\n|-heal|p1a: Breloom|70\/100 tox|[from] ability: Poison Heal\n|upkeep\n|turn|32\n|\n|t:|1700083409\n|-singleturn|p1a: Breloom|move: Focus Punch\n|cant|p2a: Ferrothorn|par\n|move|p1a: Breloom|Focus Punch|p2a: Ferrothorn\n|-supereffective|p2a: Ferrothorn\n|-damage|p2a: Ferrothorn|0 fnt\n|-damage|p1a: Breloom|58\/100 tox|[from] ability: Iron Barbs|[of] p2a: Ferrothorn\n|faint|p2a: Ferrothorn\n|\n|-weather|RainDance|[upkeep]\n|-heal|p1a: Breloom|70\/100 tox|[from] ability: Poison Heal\n|upkeep\n|\n|t:|1700083411\n|switch|p2a: Urshifu|Urshifu-Rapid-Strike, F, tera:Water|70\/100 brn\n|turn|33\n|\n|t:|1700083423\n|-singleturn|p1a: Breloom|move: Focus Punch\n|move|p2a: Urshifu|Surging Strikes|p1a: Breloom\n|-resisted|p1a: Breloom\n|-crit|p1a: Breloom\n|-activate|p1a: Breloom|move: Substitute|[damage]\n|-resisted|p1a: Breloom\n|-crit|p1a: Breloom\n|-end|p1a: Breloom|Substitute\n|-resisted|p1a: Breloom\n|-crit|p1a: Breloom\n|-damage|p1a: Breloom|55\/100 tox\n|-hitcount|p1a: Breloom|3\n|cant|p1a: Breloom|Focus Punch|Focus Punch\n|\n|-weather|RainDance|[upkeep]\n|-heal|p1a: Breloom|67\/100 tox|[from] ability: Poison Heal\n|-damage|p2a: Urshifu|64\/100 brn|[from] brn\n|upkeep\n|turn|34\n|\n|t:|1700083447\n|switch|p1a: Toxapex|Toxapex, M|89\/100\n|move|p2a: Urshifu|Surging Strikes|p1a: Toxapex\n|-resisted|p1a: Toxapex\n|-crit|p1a: Toxapex\n|-damage|p1a: Toxapex|81\/100\n|-resisted|p1a: Toxapex\n|-crit|p1a: Toxapex\n|-damage|p1a: Toxapex|74\/100\n|-resisted|p1a: Toxapex\n|-crit|p1a: Toxapex\n|-damage|p1a: Toxapex|67\/100\n|-hitcount|p1a: Toxapex|3\n|\n|-weather|RainDance|[upkeep]\n|-damage|p2a: Urshifu|58\/100 brn|[from] brn\n|upkeep\n|turn|35\n|\n|t:|1700083458\n|switch|p2a: Zapdos|Zapdos|94\/100 tox\n|move|p1a: Toxapex|Scald|p2a: Zapdos\n|-damage|p2a: Zapdos|66\/100 tox\n|\n|-weather|RainDance|[upkeep]\n|-damage|p2a: Zapdos|60\/100 tox|[from] psn\n|upkeep\n|turn|36\n|\n|t:|1700083471\n|move|p2a: Zapdos|Hurricane|p1a: Toxapex\n|-damage|p1a: Toxapex|21\/100\n|-start|p1a: Toxapex|confusion\n|-activate|p1a: Toxapex|confusion\n|move|p1a: Toxapex|Recover|p1a: Toxapex\n|-heal|p1a: Toxapex|71\/100\n|\n|-weather|RainDance|[upkeep]\n|-damage|p2a: Zapdos|48\/100 tox|[from] psn\n|upkeep\n|turn|37\n|\n|t:|1700083476\n|switch|p1a: Zapdos|Zapdos|46\/100\n|move|p2a: Zapdos|Thunder|p1a: Zapdos\n|-damage|p1a: Zapdos|0 fnt\n|faint|p1a: Zapdos\n|\n|-weather|RainDance|[upkeep]\n|-damage|p2a: Zapdos|29\/100 tox|[from] psn\n|upkeep\n|\n|t:|1700083494\n|switch|p1a: Breloom|Breloom, M|67\/100 tox\n|turn|38\n|\n|t:|1700083497\n|move|p1a: Breloom|Protect|p1a: Breloom\n|-singleturn|p1a: Breloom|Protect\n|move|p2a: Zapdos|Hurricane|p1a: Breloom\n|-activate|p1a: Breloom|move: Protect\n|\n|-weather|none\n|-damage|p2a: Zapdos|4\/100 tox|[from] psn\n|-heal|p1a: Breloom|79\/100 tox|[from] ability: Poison Heal\n|upkeep\n|turn|39\n|\n|t:|1700083501\n|switch|p1a: Toxapex|Toxapex, M|100\/100\n|move|p2a: Zapdos|Hurricane|p1a: Toxapex\n|-damage|p1a: Toxapex|53\/100\n|\n|-damage|p2a: Zapdos|0 fnt|[from] psn\n|faint|p2a: Zapdos\n|upkeep\n|-message|llampis98 forfeited.\n|\n|win|abigolname\n|raw|abigolname's rating: 1485 &rarr; <strong>1508<\/strong><br \/>(+23 for winning)\n|raw|llampis98's rating: 1543 &rarr; <strong>1520<\/strong><br \/>(-23 for losing)\n|l|\u2606llampis98\n","uploadtime":1700083512,"views":8,"p1id":"abigolname","p2id":"llampis98","formatid":"gen9nationaldex","rating":1508,"private":0,"password":""}