{"id":"gen9nationaldex-1987231155","p1":"Thom.zip","p2":"destinyorbiter","format":"[Gen 9] National Dex","log":"|j|\u2606Thom.zip\n|j|\u2606destinyorbiter\n|t:|1699567553\n|gametype|singles\n|player|p1|Thom.zip|acetrainer-gen4|1000\n|player|p2|destinyorbiter|n|1076\n|teamsize|p1|6\n|teamsize|p2|6\n|gen|9\n|tier|[Gen 9] National Dex\n|rated|\n|rule|HP Percentage Mod: HP is shown in percentages\n|rule|Endless Battle Clause: Forcing endless battles is banned\n|rule|OHKO Clause: OHKO moves are banned\n|rule|Evasion Clause: Evasion abilities, items, and moves are banned\n|rule|Evasion Abilities Clause: Evasion abilities are banned\n|rule|Evasion Items Clause: Evasion items are banned\n|rule|Evasion Moves Clause: Evasion moves are banned\n|rule|Species Clause: Limit one of each Pok\u00e9mon\n|rule|Sleep Clause Mod: Limit one foe put to sleep\n|clearpoke\n|poke|p1|Sceptile, M|\n|poke|p1|Aggron, M|\n|poke|p1|Manectric, M|\n|poke|p1|Torkoal, M|\n|poke|p1|Milotic, F|\n|poke|p1|Salamence, M|\n|poke|p2|Tapu Koko|\n|poke|p2|Iron Valiant|\n|poke|p2|Exeggutor-Alola, F|\n|poke|p2|Ceruledge, F|\n|poke|p2|Iron Hands|\n|poke|p2|Samurott-Hisui, M|\n|teampreview\n|inactive|Battle timer is ON: inactive players will automatically lose when time's up. (requested by destinyorbiter)\n|inactive|Thom.zip also wants the timer to be on.\n|\n|t:|1699567560\n|start\n|switch|p1a: Sceptile|Sceptile, M|100\/100\n|switch|p2a: Tapu Koko|Tapu Koko, shiny|100\/100\n|-fieldstart|move: Electric Terrain|[from] ability: Electric Surge|[of] p2a: Tapu Koko\n|turn|1\n|c|\u2606destinyorbiter|Cool gen 3 team\n|c|\u2606destinyorbiter|Glhf\n|\n|t:|1699567577\n|move|p2a: Tapu Koko|Dazzling Gleam|p1a: Sceptile\n|-damage|p1a: Sceptile|58\/100\n|move|p1a: Sceptile|Swords Dance|p1a: Sceptile\n|-boost|p1a: Sceptile|atk|2\n|\n|upkeep\n|turn|2\n|\n|t:|1699567589\n|move|p2a: Tapu Koko|Dazzling Gleam|p1a: Sceptile\n|-damage|p1a: Sceptile|7\/100\n|-enditem|p1a: Sceptile|Sitrus Berry|[eat]\n|-heal|p1a: Sceptile|32\/100|[from] item: Sitrus Berry\n|move|p1a: Sceptile|Leaf Blade|p2a: Tapu Koko\n|-damage|p2a: Tapu Koko|0 fnt\n|faint|p2a: Tapu Koko\n|\n|upkeep\n|\n|t:|1699567599\n|switch|p2a: Iron Hands|Iron Hands|100\/100\n|-activate|p2a: Iron Hands|ability: Quark Drive\n|-start|p2a: Iron Hands|quarkdriveatk\n|turn|3\n|\n|t:|1699567604\n|move|p2a: Iron Hands|Fake Out|p1a: Sceptile\n|-damage|p1a: Sceptile|0 fnt\n|faint|p1a: Sceptile\n|\n|upkeep\n|\n|t:|1699567619\n|switch|p1a: Manectric|Manectric, M|100\/100\n|turn|4\n|\n|t:|1699567627\n|detailschange|p1a: Manectric|Manectric-Mega, M\n|-mega|p1a: Manectric|Manectric|Manectite\n|-ability|p1a: Manectric|Intimidate|boost\n|-unboost|p2a: Iron Hands|atk|1\n|move|p1a: Manectric|Thunderbolt|p2a: Iron Hands\n|-resisted|p2a: Iron Hands\n|-damage|p2a: Iron Hands|81\/100\n|move|p2a: Iron Hands|Earthquake|p1a: Manectric\n|-supereffective|p1a: Manectric\n|-damage|p1a: Manectric|0 fnt\n|faint|p1a: Manectric\n|\n|upkeep\n|\n|t:|1699567638\n|switch|p1a: Aggron|Aggron, M|100\/100\n|-item|p1a: Aggron|Air Balloon\n|turn|5\n|\n|t:|1699567647\n|move|p2a: Iron Hands|Drain Punch|p1a: Aggron\n|-supereffective|p1a: Aggron\n|-damage|p1a: Aggron|12\/100\n|-heal|p2a: Iron Hands|100\/100|[from] drain|[of] p1a: Aggron\n|-enditem|p1a: Aggron|Air Balloon\n|move|p1a: Aggron|Earthquake|p2a: Iron Hands\n|-supereffective|p2a: Iron Hands\n|-damage|p2a: Iron Hands|57\/100\n|\n|-fieldend|move: Electric Terrain\n|-end|p2a: Iron Hands|Quark Drive\n|upkeep\n|turn|6\n|\n|t:|1699567659\n|move|p1a: Aggron|Earthquake|p2a: Iron Hands\n|-supereffective|p2a: Iron Hands\n|-damage|p2a: Iron Hands|13\/100\n|move|p2a: Iron Hands|Drain Punch|p1a: Aggron\n|-supereffective|p1a: Aggron\n|-crit|p1a: Aggron\n|-damage|p1a: Aggron|0 fnt\n|-heal|p2a: Iron Hands|17\/100|[from] drain|[of] p1a: Aggron\n|faint|p1a: Aggron\n|\n|upkeep\n|\n|t:|1699567666\n|switch|p1a: Salamence|Salamence, M|100\/100\n|-ability|p1a: Salamence|Intimidate|boost\n|-unboost|p2a: Iron Hands|atk|1\n|turn|7\n|\n|t:|1699567681\n|-end|p2a: Iron Hands|Quark Drive|[silent]\n|switch|p2a: Ceruledge|Ceruledge, F|100\/100\n|move|p1a: Salamence|Dual Wingbeat|p2a: Ceruledge\n|-damage|p2a: Ceruledge|62\/100\n|-ability|p2a: Ceruledge|Weak Armor|boost\n|-unboost|p2a: Ceruledge|def|1\n|-boost|p2a: Ceruledge|spe|2\n|-damage|p2a: Ceruledge|9\/100\n|-ability|p2a: Ceruledge|Weak Armor|boost\n|-unboost|p2a: Ceruledge|def|1\n|-boost|p2a: Ceruledge|spe|2\n|-hitcount|p2a: Ceruledge|2\n|-damage|p1a: Salamence|91\/100|[from] item: Life Orb\n|\n|upkeep\n|turn|8\n|inactive|destinyorbiter has 120 seconds left.\n|j| TuskAct100\n|inactive|destinyorbiter has 90 seconds left.\n|\n|t:|1699567738\n|move|p2a: Ceruledge|Shadow Claw|p1a: Salamence\n|-damage|p1a: Salamence|40\/100\n|move|p1a: Salamence|Crunch|p2a: Ceruledge\n|-supereffective|p2a: Ceruledge\n|-damage|p2a: Ceruledge|0 fnt\n|faint|p2a: Ceruledge\n|-damage|p1a: Salamence|30\/100|[from] item: Life Orb\n|\n|upkeep\n|inactive|destinyorbiter has 90 seconds left.\n|\n|t:|1699567751\n|switch|p2a: Iron Valiant|Iron Valiant|100\/100\n|turn|9\n|inactive|destinyorbiter has 90 seconds left.\n|\n|t:|1699567775\n|-terastallize|p2a: Iron Valiant|Fairy\n|move|p2a: Iron Valiant|Calm Mind|p2a: Iron Valiant\n|-boost|p2a: Iron Valiant|spa|1\n|-boost|p2a: Iron Valiant|spd|1\n|move|p1a: Salamence|Dual Wingbeat|p2a: Iron Valiant\n|-damage|p2a: Iron Valiant|60\/100\n|-damage|p2a: Iron Valiant|21\/100\n|-hitcount|p2a: Iron Valiant|2\n|-damage|p1a: Salamence|20\/100|[from] item: Life Orb\n|\n|upkeep\n|turn|10\n|inactive|destinyorbiter has 90 seconds left.\n|\n|t:|1699567787\n|move|p2a: Iron Valiant|Moonblast|p1a: Salamence\n|-supereffective|p1a: Salamence\n|-damage|p1a: Salamence|0 fnt\n|faint|p1a: Salamence\n|-damage|p2a: Iron Valiant|11\/100|[from] item: Life Orb\n|\n|upkeep\n|\n|t:|1699567798\n|switch|p1a: Milotic|Milotic, F|100\/100\n|turn|11\n|\n|t:|1699567803\n|move|p2a: Iron Valiant|Thunderbolt|p1a: Milotic\n|-supereffective|p1a: Milotic\n|-damage|p1a: Milotic|40\/100\n|-damage|p2a: Iron Valiant|1\/100|[from] item: Life Orb\n|move|p1a: Milotic|Ice Beam|p2a: Iron Valiant\n|-damage|p2a: Iron Valiant|0 fnt\n|faint|p2a: Iron Valiant\n|-end|p2a: Iron Valiant|Quark Drive|[silent]\n|\n|-status|p1a: Milotic|brn|[from] item: Flame Orb\n|upkeep\n|\n|t:|1699567816\n|switch|p2a: Iron Hands|Iron Hands|17\/100\n|turn|12\n|\n|t:|1699567838\n|-terastallize|p1a: Milotic|Fairy\n|move|p2a: Iron Hands|Fake Out|p1a: Milotic\n|-damage|p1a: Milotic|28\/100 brn\n|cant|p1a: Milotic|flinch\n|\n|-damage|p1a: Milotic|22\/100 brn|[from] brn\n|upkeep\n|turn|13\n|\n|t:|1699567848\n|move|p1a: Milotic|Recover|p1a: Milotic\n|-heal|p1a: Milotic|72\/100 brn\n|move|p2a: Iron Hands|Wild Charge|p1a: Milotic\n|-damage|p1a: Milotic|30\/100 brn\n|-damage|p2a: Iron Hands|9\/100|[from] Recoil\n|\n|-damage|p1a: Milotic|24\/100 brn|[from] brn\n|upkeep\n|turn|14\n|\n|t:|1699567857\n|move|p1a: Milotic|Recover|p1a: Milotic\n|-heal|p1a: Milotic|74\/100 brn\n|move|p2a: Iron Hands|Wild Charge|p1a: Milotic\n|-damage|p1a: Milotic|33\/100 brn\n|-damage|p2a: Iron Hands|1\/100|[from] Recoil\n|\n|-damage|p1a: Milotic|27\/100 brn|[from] brn\n|upkeep\n|turn|15\n|\n|t:|1699567867\n|move|p1a: Milotic|Recover|p1a: Milotic\n|-heal|p1a: Milotic|77\/100 brn\n|move|p2a: Iron Hands|Wild Charge|p1a: Milotic\n|-damage|p1a: Milotic|39\/100 brn\n|-damage|p2a: Iron Hands|0 fnt|[from] Recoil\n|faint|p2a: Iron Hands\n|-end|p2a: Iron Hands|Quark Drive|[silent]\n|\n|-damage|p1a: Milotic|32\/100 brn|[from] brn\n|upkeep\n|\n|t:|1699567878\n|switch|p2a: Exeggutor|Exeggutor-Alola, F|100\/100\n|turn|16\n|\n|t:|1699567883\n|move|p1a: Milotic|Ice Beam|p2a: Exeggutor\n|-supereffective|p2a: Exeggutor\n|-damage|p2a: Exeggutor|12\/100\n|-status|p2a: Exeggutor|frz\n|-enditem|p2a: Exeggutor|Sitrus Berry|[eat]\n|-heal|p2a: Exeggutor|37\/100 frz|[from] item: Sitrus Berry\n|cant|p2a: Exeggutor|frz\n|\n|-damage|p1a: Milotic|26\/100 brn|[from] brn\n|-item|p2a: Exeggutor|Sitrus Berry|[from] ability: Harvest\n|upkeep\n|-enditem|p2a: Exeggutor|Sitrus Berry|[eat]\n|-heal|p2a: Exeggutor|62\/100 frz|[from] item: Sitrus Berry\n|turn|17\n|inactive|destinyorbiter has 120 seconds left.\n|\n|t:|1699567899\n|cant|p2a: Exeggutor|frz\n|move|p1a: Milotic|Recover|p1a: Milotic\n|-heal|p1a: Milotic|76\/100 brn\n|\n|-damage|p1a: Milotic|70\/100 brn|[from] brn\n|upkeep\n|turn|18\n|\n|t:|1699567908\n|move|p1a: Milotic|Ice Beam|p2a: Exeggutor\n|-supereffective|p2a: Exeggutor\n|-crit|p2a: Exeggutor\n|-damage|p2a: Exeggutor|0 fnt\n|faint|p2a: Exeggutor\n|\n|-damage|p1a: Milotic|64\/100 brn|[from] brn\n|upkeep\n|\n|t:|1699567915\n|switch|p2a: Samurott|Samurott-Hisui, M|100\/100\n|turn|19\n|inactive|destinyorbiter has 120 seconds left.\n|\n|t:|1699567924\n|move|p2a: Samurott|Ceaseless Edge|p1a: Milotic\n|-resisted|p1a: Milotic\n|-damage|p1a: Milotic|43\/100 brn\n|-sidestart|p1: Thom.zip|Spikes\n|-damage|p2a: Samurott|91\/100|[from] item: Life Orb\n|move|p1a: Milotic|Toxic|p2a: Samurott\n|-status|p2a: Samurott|tox\n|\n|-damage|p2a: Samurott|84\/100 tox|[from] psn\n|-damage|p1a: Milotic|37\/100 brn|[from] brn\n|upkeep\n|turn|20\n|inactive|destinyorbiter has 120 seconds left.\n|\n|t:|1699567937\n|move|p2a: Samurott|Aqua Cutter|p1a: Milotic\n|-damage|p1a: Milotic|0 fnt\n|faint|p1a: Milotic\n|-damage|p2a: Samurott|74\/100 tox|[from] item: Life Orb\n|\n|-damage|p2a: Samurott|62\/100 tox|[from] psn\n|upkeep\n|\n|t:|1699567940\n|switch|p1a: Torkoal|Torkoal, M|100\/100\n|-damage|p1a: Torkoal|88\/100|[from] Spikes\n|-weather|SunnyDay|[from] ability: Drought|[of] p1a: Torkoal\n|turn|21\n|\n|t:|1699567950\n|move|p2a: Samurott|Aqua Cutter|p1a: Torkoal\n|-supereffective|p1a: Torkoal\n|-damage|p1a: Torkoal|29\/100\n|-damage|p2a: Samurott|52\/100 tox|[from] item: Life Orb\n|move|p1a: Torkoal|Solar Beam||[still]\n|-prepare|p1a: Torkoal|Solar Beam\n|-anim|p1a: Torkoal|Solar Beam|p2a: Samurott\n|-supereffective|p2a: Samurott\n|-damage|p2a: Samurott|0 fnt\n|faint|p2a: Samurott\n|\n|win|Thom.zip\n|raw|Thom.zip's rating: 1045 &rarr; <strong>1081<\/strong><br \/>(+36 for winning)\n|raw|destinyorbiter's rating: 1076 &rarr; <strong>1053<\/strong><br \/>(-23 for losing)\n|l|\u2606destinyorbiter\n|l| TuskAct100\n","uploadtime":1699567965,"views":9,"p1id":"thomzip","p2id":"destinyorbiter","formatid":"gen9nationaldex","rating":1053,"private":0,"password":""}