{"id":"gen9nationaldex-1988104914","p1":"cb der","p2":"donniebrasco1","format":"[Gen 9] National Dex","log":"|j|\u2606cb der\n|j|\u2606donniebrasco1\n|t:|1699670109\n|gametype|singles\n|player|p1|cb der|iono|1211\n|player|p2|donniebrasco1|lucas|1258\n|teamsize|p1|6\n|teamsize|p2|6\n|gen|9\n|tier|[Gen 9] National Dex\n|rated|\n|rule|HP Percentage Mod: HP is shown in percentages\n|rule|Endless Battle Clause: Forcing endless battles is banned\n|rule|OHKO Clause: OHKO moves are banned\n|rule|Evasion Clause: Evasion abilities, items, and moves are banned\n|rule|Evasion Abilities Clause: Evasion abilities are banned\n|rule|Evasion Items Clause: Evasion items are banned\n|rule|Evasion Moves Clause: Evasion moves are banned\n|rule|Species Clause: Limit one of each Pok\u00e9mon\n|rule|Sleep Clause Mod: Limit one foe put to sleep\n|clearpoke\n|poke|p1|Stunfisk, F|\n|poke|p1|Dipplin, F|\n|poke|p1|Lopunny, M|\n|poke|p1|Lickilicky, M|\n|poke|p1|Mew|\n|poke|p1|Unfezant, M|\n|poke|p2|Pelipper, F|\n|poke|p2|Swampert, F|\n|poke|p2|Greninja-*, M|\n|poke|p2|Ferrothorn, M|\n|poke|p2|Zapdos|\n|poke|p2|Enamorus, F|\n|teampreview\n|inactive|Battle timer is ON: inactive players will automatically lose when time's up. (requested by cb der)\n|\n|t:|1699670133\n|start\n|switch|p1a: Lopunny|Lopunny, M|100\/100\n|switch|p2a: Pelipper|Pelipper, F|100\/100\n|-weather|RainDance|[from] ability: Drizzle|[of] p2a: Pelipper\n|turn|1\n|\n|t:|1699670151\n|switch|p2a: Swampert|Swampert, F|100\/100\n|detailschange|p1a: Lopunny|Lopunny-Mega, M\n|-mega|p1a: Lopunny|Lopunny|Lopunnite\n|move|p1a: Lopunny|Fake Out|p2a: Swampert\n|-damage|p2a: Swampert|76\/100\n|\n|-weather|RainDance|[upkeep]\n|upkeep\n|turn|2\n|\n|t:|1699670155\n|switch|p1a: Lickilicky|Lickilicky, M|100\/100\n|-ability|p1a: Lickilicky|Cloud Nine\n|detailschange|p2a: Swampert|Swampert-Mega, F\n|-mega|p2a: Swampert|Swampert|Swampertite\n|move|p2a: Swampert|Liquidation|p1a: Lickilicky\n|-damage|p1a: Lickilicky|69\/100\n|-damage|p2a: Swampert|60\/100|[from] item: Rocky Helmet|[of] p1a: Lickilicky\n|\n|-weather|RainDance|[upkeep]\n|upkeep\n|turn|3\n|\n|t:|1699670167\n|switch|p2a: Pelipper|Pelipper, F|100\/100\n|move|p1a: Lickilicky|Wish|p1a: Lickilicky\n|\n|-weather|RainDance|[upkeep]\n|upkeep\n|turn|4\n|\n|t:|1699670184\n|switch|p2a: Zapdos|Zapdos|100\/100\n|move|p1a: Lickilicky|Toxic|p2a: Zapdos\n|-status|p2a: Zapdos|tox\n|\n|-weather|RainDance|[upkeep]\n|-heal|p1a: Lickilicky|100\/100|[from] move: Wish|[wisher] Lickilicky\n|-damage|p2a: Zapdos|94\/100 tox|[from] psn\n|upkeep\n|turn|5\n|\n|t:|1699670191\n|move|p1a: Lickilicky|Protect|p1a: Lickilicky\n|-singleturn|p1a: Lickilicky|Protect\n|move|p2a: Zapdos|Tailwind|p2a: Zapdos\n|-sidestart|p2: donniebrasco1|move: Tailwind\n|\n|-weather|RainDance|[upkeep]\n|-damage|p2a: Zapdos|82\/100 tox|[from] psn\n|upkeep\n|turn|6\n|\n|t:|1699670207\n|move|p2a: Zapdos|Volt Switch|p1a: Lickilicky\n|-damage|p1a: Lickilicky|74\/100\n|\n|t:|1699670217\n|switch|p2a: Greninja|Greninja, M|100\/100|[from] Volt Switch\n|move|p1a: Lickilicky|Body Press|p2a: Greninja\n|-supereffective|p2a: Greninja\n|-damage|p2a: Greninja|25\/100\n|\n|-weather|RainDance|[upkeep]\n|upkeep\n|turn|7\n|\n|t:|1699670237\n|move|p1a: Lickilicky|Protect|p1a: Lickilicky\n|-singleturn|p1a: Lickilicky|Protect\n|-zpower|p2a: Greninja\n|move|p2a: Greninja|Hydro Vortex|p1a: Lickilicky|[zeffect]\n|-zbroken|p1a: Lickilicky\n|-damage|p1a: Lickilicky|56\/100\n|\n|-weather|RainDance|[upkeep]\n|upkeep\n|turn|8\n|\n|t:|1699670252\n|move|p2a: Greninja|Hydro Pump|p1a: Lickilicky\n|-damage|p1a: Lickilicky|15\/100\n|move|p1a: Lickilicky|Wish|p1a: Lickilicky\n|\n|-weather|none\n|-sideend|p2: donniebrasco1|move: Tailwind\n|upkeep\n|turn|9\n|\n|t:|1699670260\n|move|p1a: Lickilicky|Protect|p1a: Lickilicky\n|-singleturn|p1a: Lickilicky|Protect\n|move|p2a: Greninja|Water Shuriken|p1a: Lickilicky\n|-activate|p1a: Lickilicky|move: Protect\n|\n|-heal|p1a: Lickilicky|65\/100|[from] move: Wish|[wisher] Lickilicky\n|upkeep\n|turn|10\n|\n|t:|1699670270\n|move|p2a: Greninja|Dark Pulse|p1a: Lickilicky\n|-damage|p1a: Lickilicky|38\/100\n|move|p1a: Lickilicky|Body Press|p2a: Greninja\n|-supereffective|p2a: Greninja\n|-damage|p2a: Greninja|0 fnt\n|faint|p2a: Greninja\n|\n|upkeep\n|\n|t:|1699670284\n|switch|p2a: Enamorus|Enamorus, F|100\/100\n|turn|11\n|\n|t:|1699670289\n|move|p1a: Lickilicky|Protect|p1a: Lickilicky\n|-singleturn|p1a: Lickilicky|Protect\n|move|p2a: Enamorus|Moonblast|p1a: Lickilicky\n|-activate|p1a: Lickilicky|move: Protect\n|\n|upkeep\n|turn|12\n|\n|t:|1699670297\n|switch|p1a: Stunfisk|Stunfisk, F|100\/100\n|move|p2a: Enamorus|Moonblast|p1a: Stunfisk\n|-damage|p1a: Stunfisk|78\/100\n|\n|upkeep\n|turn|13\n|\n|t:|1699670304\n|switch|p2a: Pelipper|Pelipper, F|100\/100\n|-weather|RainDance|[from] ability: Drizzle|[of] p2a: Pelipper\n|move|p1a: Stunfisk|Discharge|p2a: Pelipper\n|-supereffective|p2a: Pelipper\n|-damage|p2a: Pelipper|0 fnt\n|faint|p2a: Pelipper\n|\n|-weather|RainDance|[upkeep]\n|upkeep\n|\n|t:|1699670307\n|switch|p2a: Swampert|Swampert-Mega, F|60\/100\n|turn|14\n|\n|t:|1699670319\n|switch|p1a: Dipplin|Dipplin, F|100\/100\n|move|p2a: Swampert|Liquidation|p1a: Dipplin\n|-resisted|p1a: Dipplin\n|-damage|p1a: Dipplin|88\/100\n|\n|-weather|RainDance|[upkeep]\n|-heal|p1a: Dipplin|94\/100|[from] item: Leftovers\n|upkeep\n|turn|15\n|\n|t:|1699670327\n|move|p2a: Swampert|Ice Punch|p1a: Dipplin\n|-supereffective|p1a: Dipplin\n|-damage|p1a: Dipplin|14\/100\n|move|p1a: Dipplin|Syrup Bomb|p2a: Swampert\n|-supereffective|p2a: Swampert\n|-damage|p2a: Swampert|0 fnt\n|faint|p2a: Swampert\n|\n|-weather|RainDance|[upkeep]\n|-heal|p1a: Dipplin|20\/100|[from] item: Leftovers\n|upkeep\n|\n|t:|1699670335\n|switch|p2a: Zapdos|Zapdos|82\/100 tox\n|turn|16\n|\n|t:|1699670343\n|move|p2a: Zapdos|Tailwind|p2a: Zapdos\n|-sidestart|p2: donniebrasco1|move: Tailwind\n|move|p1a: Dipplin|Recover|p1a: Dipplin\n|-heal|p1a: Dipplin|70\/100\n|\n|-weather|RainDance|[upkeep]\n|-heal|p1a: Dipplin|76\/100|[from] item: Leftovers\n|-damage|p2a: Zapdos|75\/100 tox|[from] psn\n|upkeep\n|turn|17\n|\n|t:|1699670349\n|move|p2a: Zapdos|Hurricane|p1a: Dipplin\n|-supereffective|p1a: Dipplin\n|-damage|p1a: Dipplin|0 fnt\n|faint|p1a: Dipplin\n|\n|-weather|RainDance|[upkeep]\n|-damage|p2a: Zapdos|63\/100 tox|[from] psn\n|upkeep\n|\n|t:|1699670357\n|switch|p1a: Stunfisk|Stunfisk, F|78\/100\n|turn|18\n|\n|t:|1699670369\n|switch|p2a: Enamorus|Enamorus, F|100\/100\n|move|p1a: Stunfisk|Discharge|p2a: Enamorus\n|-supereffective|p2a: Enamorus\n|-damage|p2a: Enamorus|35\/100\n|-status|p2a: Enamorus|par\n|\n|-weather|RainDance|[upkeep]\n|upkeep\n|turn|19\n|\n|t:|1699670378\n|move|p2a: Enamorus|Grass Knot|p1a: Stunfisk\n|-supereffective|p1a: Stunfisk\n|-damage|p1a: Stunfisk|65\/100\n|move|p1a: Stunfisk|Discharge|p2a: Enamorus\n|-supereffective|p2a: Enamorus\n|-damage|p2a: Enamorus|0 fnt\n|faint|p2a: Enamorus\n|\n|-weather|RainDance|[upkeep]\n|-sideend|p2: donniebrasco1|move: Tailwind\n|upkeep\n|-message|donniebrasco1 forfeited.\n|\n|win|cb der\n|raw|cb der's rating: 1211 &rarr; <strong>1239<\/strong><br \/>(+28 for winning)\n|raw|donniebrasco1's rating: 1258 &rarr; <strong>1230<\/strong><br \/>(-28 for losing)\n|l|\u2606donniebrasco1\n","uploadtime":1699670394,"views":8,"p1id":"cbder","p2id":"donniebrasco1","formatid":"gen9nationaldex","rating":1230,"private":0,"password":""}