{"id":"gen9nationaldex-1994572800","p1":"yaokai233","p2":"runeatest","format":"[Gen 9] National Dex","log":"|html|<div class=\"broadcast-blue\"><strong>[Gen 9] National Dex is currently suspecting Sneasler! For information on how to participate check out the <a href=\"https:\/\/www.smogon.com\/forums\/threads\/sv-national-dex-suspect-8-just-dance.3731534\/\">suspect thread<\/a>.<\/strong><\/div>\n|j|\u2606yaokai233\n|j|\u2606runeatest\n|t:|1700462147\n|gametype|singles\n|player|p1|yaokai233|wattson|1268\n|player|p2|runeatest|fisherman-gen4|1174\n|teamsize|p1|6\n|teamsize|p2|6\n|gen|9\n|tier|[Gen 9] National Dex\n|rated|\n|rule|HP Percentage Mod: HP is shown in percentages\n|rule|Endless Battle Clause: Forcing endless battles is banned\n|rule|OHKO Clause: OHKO moves are banned\n|rule|Evasion Clause: Evasion abilities, items, and moves are banned\n|rule|Evasion Abilities Clause: Evasion abilities are banned\n|rule|Evasion Items Clause: Evasion items are banned\n|rule|Evasion Moves Clause: Evasion moves are banned\n|rule|Species Clause: Limit one of each Pok\u00e9mon\n|rule|Sleep Clause Mod: Limit one foe put to sleep\n|clearpoke\n|poke|p1|Garganacl, F|\n|poke|p1|Pelipper, M|\n|poke|p1|Swampert, F|\n|poke|p1|Heatran, F|\n|poke|p1|Barraskewda, F|\n|poke|p1|Greninja-*, M|\n|poke|p2|Glaceon, M|\n|poke|p2|Flygon, M|\n|poke|p2|Emolga, M|\n|poke|p2|Marowak-Alola, M|\n|poke|p2|Sirfetch\u2019d, M|\n|poke|p2|Lapras, M|\n|teampreview\n|inactive|Battle timer is ON: inactive players will automatically lose when time's up. (requested by yaokai233)\n|\n|t:|1700462165\n|start\n|switch|p1a: Pelipper|Pelipper, M|100\/100\n|switch|p2a: Marowak|Marowak-Alola, M|100\/100\n|-weather|RainDance|[from] ability: Drizzle|[of] p1a: Pelipper\n|turn|1\n|\n|t:|1700462171\n|switch|p2a: Lapras|Lapras, M|100\/100\n|move|p1a: Pelipper|Hydro Pump|p2a: Lapras\n|-immune|p2a: Lapras|[from] ability: Water Absorb\n|\n|-weather|RainDance|[upkeep]\n|upkeep\n|turn|2\n|\n|t:|1700462180\n|move|p1a: Pelipper|U-turn|p2a: Lapras\n|-damage|p2a: Lapras|93\/100\n|\n|t:|1700462187\n|switch|p1a: Barraskewda|Barraskewda, F|100\/100|[from] U-turn\n|move|p2a: Lapras|Thunderbolt|p1a: Barraskewda\n|-supereffective|p1a: Barraskewda\n|-damage|p1a: Barraskewda|0 fnt\n|faint|p1a: Barraskewda\n|\n|-weather|RainDance|[upkeep]\n|-heal|p2a: Lapras|99\/100|[from] item: Leftovers\n|upkeep\n|\n|t:|1700462196\n|switch|p1a: Garganacl|Garganacl, F, shiny|100\/100\n|turn|3\n|\n|t:|1700462200\n|-terastallize|p1a: Garganacl|Fighting\n|move|p2a: Lapras|Sparkling Aria|p1a: Garganacl\n|-damage|p1a: Garganacl|53\/100\n|move|p1a: Garganacl|Iron Defense|p1a: Garganacl\n|-boost|p1a: Garganacl|def|2\n|\n|-weather|RainDance|[upkeep]\n|-heal|p2a: Lapras|100\/100|[from] item: Leftovers\n|-heal|p1a: Garganacl|59\/100|[from] item: Leftovers\n|upkeep\n|turn|4\n|\n|t:|1700462210\n|switch|p2a: Emolga|Emolga, M|100\/100\n|move|p1a: Garganacl|Body Press|p2a: Emolga\n|-resisted|p2a: Emolga\n|-damage|p2a: Emolga|5\/100\n|\n|-weather|RainDance|[upkeep]\n|-heal|p1a: Garganacl|65\/100|[from] item: Leftovers\n|upkeep\n|turn|5\n|\n|t:|1700462221\n|move|p2a: Emolga|Air Slash|p1a: Garganacl\n|-supereffective|p1a: Garganacl\n|-damage|p1a: Garganacl|13\/100\n|move|p1a: Garganacl|Recover|p1a: Garganacl\n|-heal|p1a: Garganacl|63\/100\n|\n|-weather|RainDance|[upkeep]\n|-heal|p1a: Garganacl|69\/100|[from] item: Leftovers\n|upkeep\n|turn|6\n|\n|t:|1700462228\n|move|p2a: Emolga|Air Slash|p1a: Garganacl\n|-supereffective|p1a: Garganacl\n|-damage|p1a: Garganacl|21\/100\n|move|p1a: Garganacl|Salt Cure|p2a: Emolga\n|-supereffective|p2a: Emolga\n|-damage|p2a: Emolga|0 fnt\n|faint|p2a: Emolga\n|\n|-weather|RainDance|[upkeep]\n|-heal|p1a: Garganacl|27\/100|[from] item: Leftovers\n|upkeep\n|\n|t:|1700462237\n|switch|p2a: Sirfetch\u2019d|Sirfetch\u2019d, M|100\/100\n|turn|7\n|\n|t:|1700462241\n|move|p2a: Sirfetch\u2019d|Dual Wingbeat|p1a: Garganacl\n|-supereffective|p1a: Garganacl\n|-crit|p1a: Garganacl\n|-damage|p1a: Garganacl|4\/100\n|-supereffective|p1a: Garganacl\n|-damage|p1a: Garganacl|0 fnt\n|faint|p1a: Garganacl\n|-hitcount|p1: Garganacl|2\n|\n|-weather|RainDance|[upkeep]\n|upkeep\n|\n|t:|1700462249\n|switch|p1a: Pelipper|Pelipper, M|100\/100\n|turn|8\n|\n|t:|1700462255\n|switch|p2a: Lapras|Lapras, M|100\/100\n|move|p1a: Pelipper|Hurricane|p2a: Lapras\n|-damage|p2a: Lapras|63\/100\n|\n|-weather|none\n|-heal|p2a: Lapras|69\/100|[from] item: Leftovers\n|upkeep\n|turn|9\n|\n|t:|1700462262\n|move|p1a: Pelipper|U-turn|p2a: Lapras\n|-damage|p2a: Lapras|62\/100\n|\n|t:|1700462265\n|switch|p1a: Swampert|Swampert, F|100\/100|[from] U-turn\n|move|p2a: Lapras|Freeze-Dry|p1a: Swampert\n|-supereffective|p1a: Swampert\n|-damage|p1a: Swampert|0 fnt\n|faint|p1a: Swampert\n|\n|-heal|p2a: Lapras|68\/100|[from] item: Leftovers\n|upkeep\n|\n|t:|1700462281\n|switch|p1a: Greninja|Greninja, M|100\/100\n|turn|10\n|\n|t:|1700462285\n|move|p1a: Greninja|Dark Pulse|p2a: Lapras\n|-damage|p2a: Lapras|31\/100\n|-damage|p1a: Greninja|91\/100|[from] item: Life Orb\n|cant|p2a: Lapras|flinch\n|\n|-heal|p2a: Lapras|37\/100|[from] item: Leftovers\n|upkeep\n|turn|11\n|\n|t:|1700462304\n|switch|p2a: Glaceon|Glaceon, M|100\/100\n|move|p1a: Greninja|Dark Pulse|p2a: Glaceon\n|-damage|p2a: Glaceon|68\/100\n|-damage|p1a: Greninja|81\/100|[from] item: Life Orb\n|\n|upkeep\n|turn|12\n|\n|t:|1700462314\n|switch|p1a: Heatran|Heatran, F|100\/100\n|move|p2a: Glaceon|Hidden Power|p1a: Heatran\n|-resisted|p1a: Heatran\n|-damage|p1a: Heatran|97\/100\n|\n|-heal|p1a: Heatran|100\/100|[from] item: Leftovers\n|upkeep\n|turn|13\n|\n|t:|1700462321\n|switch|p2a: Marowak|Marowak-Alola, M|100\/100\n|move|p1a: Heatran|Magma Storm|p2a: Marowak\n|-resisted|p2a: Marowak\n|-damage|p2a: Marowak|72\/100\n|-activate|p2a: Marowak|move: Magma Storm|[of] p1a: Heatran\n|\n|-damage|p2a: Marowak|60\/100|[from] move: Magma Storm|[partiallytrapped]\n|upkeep\n|turn|14\n|\n|t:|1700462329\n|move|p1a: Heatran|Toxic|p2a: Marowak\n|-status|p2a: Marowak|tox\n|move|p2a: Marowak|Bonemerang|p1a: Heatran\n|-supereffective|p1a: Heatran\n|-damage|p1a: Heatran|10\/100\n|-supereffective|p1a: Heatran\n|-damage|p1a: Heatran|0 fnt\n|faint|p1a: Heatran\n|-hitcount|p1: Heatran|2\n|\n|-damage|p2a: Marowak|54\/100 tox|[from] psn\n|-end|p2a: Marowak|Magma Storm|[partiallytrapped]|[silent]\n|upkeep\n|\n|t:|1700462337\n|switch|p1a: Greninja|Greninja, M|81\/100\n|turn|15\n|\n|t:|1700462340\n|switch|p2a: Lapras|Lapras, M|37\/100\n|move|p1a: Greninja|Water Shuriken|p2a: Lapras\n|-heal|p2a: Lapras|62\/100|[from] ability: Water Absorb|[of] p1a: Greninja\n|\n|-heal|p2a: Lapras|68\/100|[from] item: Leftovers\n|upkeep\n|turn|16\n|\n|t:|1700462347\n|move|p1a: Greninja|Gunk Shot|p2a: Lapras|[miss]\n|-miss|p1a: Greninja|p2a: Lapras\n|move|p2a: Lapras|Freeze-Dry|p1a: Greninja\n|-supereffective|p1a: Greninja\n|-damage|p1a: Greninja|0 fnt\n|faint|p1a: Greninja\n|\n|-heal|p2a: Lapras|74\/100|[from] item: Leftovers\n|upkeep\n|-message|yaokai233 forfeited.\n|\n|win|runeatest\n|raw|yaokai233's rating: 1268 &rarr; <strong>1236<\/strong><br \/>(-32 for losing)\n|raw|runeatest's rating: 1174 &rarr; <strong>1206<\/strong><br \/>(+32 for winning)\n|l|\u2606yaokai233\n","uploadtime":1700462359,"views":4,"p1id":"yaokai233","p2id":"runeatest","formatid":"gen9nationaldex","rating":1206,"private":0,"password":""}