{"id":"gen9nationaldex-1993994868","p1":"test111111111","p2":"TaeYangI","format":"[Gen 9] National Dex","log":"|j|\u2606test111111111\n|j|\u2606TaeYangI\n|t:|1700390170\n|gametype|singles\n|player|p1|test111111111|hilbert|1419\n|player|p2|TaeYangI|cynthia|1338\n|teamsize|p1|6\n|teamsize|p2|6\n|gen|9\n|tier|[Gen 9] National Dex\n|rated|\n|rule|HP Percentage Mod: HP is shown in percentages\n|rule|Endless Battle Clause: Forcing endless battles is banned\n|rule|OHKO Clause: OHKO moves are banned\n|rule|Evasion Clause: Evasion abilities, items, and moves are banned\n|rule|Evasion Abilities Clause: Evasion abilities are banned\n|rule|Evasion Items Clause: Evasion items are banned\n|rule|Evasion Moves Clause: Evasion moves are banned\n|rule|Species Clause: Limit one of each Pok\u00e9mon\n|rule|Sleep Clause Mod: Limit one foe put to sleep\n|clearpoke\n|poke|p1|Scizor, M|\n|poke|p1|Heatran, M|\n|poke|p1|Zapdos|\n|poke|p1|Samurott-Hisui, M|\n|poke|p1|Tapu Lele|\n|poke|p1|Urshifu-*, M|\n|poke|p2|Lopunny, F|\n|poke|p2|Alomomola, M|\n|poke|p2|Celesteela|\n|poke|p2|Toxapex, M|\n|poke|p2|Clodsire, F|\n|poke|p2|Garganacl, F|\n|teampreview\n|inactive|Battle timer is ON: inactive players will automatically lose when time's up. (requested by test111111111)\n|\n|t:|1700390184\n|start\n|switch|p1a: Samurott|Samurott-Hisui, M|100\/100\n|switch|p2a: Toxapex|Toxapex, M, shiny|100\/100\n|turn|1\n|\n|t:|1700390205\n|move|p1a: Samurott|Ceaseless Edge|p2a: Toxapex\n|-damage|p2a: Toxapex|67\/100\n|-sidestart|p2: TaeYangI|Spikes\n|move|p2a: Toxapex|Toxic Spikes|p1a: Samurott\n|-sidestart|p1: test111111111|move: Toxic Spikes\n|\n|-heal|p2a: Toxapex|73\/100|[from] item: Leftovers\n|upkeep\n|turn|2\n|\n|t:|1700390212\n|move|p1a: Samurott|Ceaseless Edge|p2a: Toxapex\n|-damage|p2a: Toxapex|38\/100\n|-sidestart|p2: TaeYangI|Spikes\n|move|p2a: Toxapex|Toxic Spikes|p1a: Samurott\n|-sidestart|p1: test111111111|move: Toxic Spikes\n|\n|-heal|p2a: Toxapex|44\/100|[from] item: Leftovers\n|upkeep\n|turn|3\n|\n|t:|1700390233\n|move|p1a: Samurott|Ceaseless Edge|p2a: Toxapex\n|-damage|p2a: Toxapex|9\/100\n|-sidestart|p2: TaeYangI|Spikes\n|move|p2a: Toxapex|Recover|p2a: Toxapex\n|-heal|p2a: Toxapex|59\/100\n|\n|-heal|p2a: Toxapex|65\/100|[from] item: Leftovers\n|upkeep\n|turn|4\n|\n|t:|1700390246\n|switch|p1a: Zapdos|Zapdos|100\/100\n|switch|p2a: Alomomola|Alomomola, M, shiny|100\/100\n|-damage|p2a: Alomomola|76\/100|[from] Spikes\n|\n|upkeep\n|turn|5\n|\n|t:|1700390254\n|move|p1a: Zapdos|Defog|p2a: Alomomola\n|-unboost|p2a: Alomomola|evasion|1\n|-sideend|p2: TaeYangI|Spikes|[from] move: Defog|[of] p1a: Zapdos\n|-sideend|p1: test111111111|Toxic Spikes|[from] move: Defog|[of] p1a: Zapdos\n|move|p2a: Alomomola|Flip Turn|p1a: Zapdos\n|-damage|p1a: Zapdos|87\/100\n|-status|p2a: Alomomola|par|[from] ability: Static|[of] p1a: Zapdos\n|\n|t:|1700390263\n|switch|p2a: Garganacl|Garganacl, F, shiny|100\/100|[from] Flip Turn\n|\n|upkeep\n|turn|6\n|\n|t:|1700390271\n|move|p1a: Zapdos|Volt Switch|p2a: Garganacl\n|-damage|p2a: Garganacl|72\/100\n|\n|t:|1700390278\n|switch|p1a: Tapu Lele|Tapu Lele|100\/100|[from] Volt Switch\n|-fieldstart|move: Psychic Terrain|[from] ability: Psychic Surge|[of] p1a: Tapu Lele\n|move|p2a: Garganacl|Substitute|p2a: Garganacl\n|-start|p2a: Garganacl|Substitute\n|-damage|p2a: Garganacl|47\/100\n|\n|-heal|p2a: Garganacl|53\/100|[from] item: Leftovers\n|upkeep\n|turn|7\n|\n|t:|1700390287\n|move|p1a: Tapu Lele|Moonblast|p2a: Garganacl\n|-end|p2a: Garganacl|Substitute\n|move|p2a: Garganacl|Salt Cure|p1a: Tapu Lele\n|-damage|p1a: Tapu Lele|80\/100\n|-start|p1a: Tapu Lele|Salt Cure\n|\n|-heal|p2a: Garganacl|60\/100|[from] item: Leftovers\n|-damage|p1a: Tapu Lele|67\/100|[from] Salt Cure\n|upkeep\n|turn|8\n|\n|t:|1700390313\n|-terastallize|p2a: Garganacl|Ghost\n|move|p1a: Tapu Lele|Moonblast|p2a: Garganacl\n|-damage|p2a: Garganacl|10\/100\n|move|p2a: Garganacl|Recover|p2a: Garganacl\n|-heal|p2a: Garganacl|60\/100\n|\n|-heal|p2a: Garganacl|66\/100|[from] item: Leftovers\n|-damage|p1a: Tapu Lele|55\/100|[from] Salt Cure\n|upkeep\n|turn|9\n|\n|t:|1700390323\n|move|p1a: Tapu Lele|Moonblast|p2a: Garganacl\n|-damage|p2a: Garganacl|20\/100\n|move|p2a: Garganacl|Substitute|p2a: Garganacl\n|-fail|p2a: Garganacl|move: Substitute|[weak]\n|\n|-heal|p2a: Garganacl|26\/100|[from] item: Leftovers\n|-damage|p1a: Tapu Lele|42\/100|[from] Salt Cure\n|upkeep\n|turn|10\n|\n|t:|1700390333\n|switch|p2a: Clodsire|Clodsire, F, shiny|100\/100\n|move|p1a: Tapu Lele|Moonblast|p2a: Clodsire\n|-resisted|p2a: Clodsire\n|-damage|p2a: Clodsire|88\/100\n|-unboost|p2a: Clodsire|spa|1\n|\n|-heal|p2a: Clodsire|94\/100|[from] item: Leftovers\n|-damage|p1a: Tapu Lele|30\/100|[from] Salt Cure\n|-fieldend|move: Psychic Terrain\n|upkeep\n|turn|11\n|\n|t:|1700390347\n|switch|p1a: Heatran|Heatran, M|100\/100\n|move|p2a: Clodsire|Toxic|p1a: Heatran\n|-immune|p1a: Heatran\n|\n|-heal|p2a: Clodsire|99\/100|[from] item: Leftovers\n|upkeep\n|turn|12\n|\n|t:|1700390354\n|move|p1a: Heatran|Earth Power|p2a: Clodsire\n|-supereffective|p2a: Clodsire\n|-damage|p2a: Clodsire|73\/100\n|move|p2a: Clodsire|Earthquake|p1a: Heatran\n|-supereffective|p1a: Heatran\n|-damage|p1a: Heatran|7\/100\n|\n|-heal|p1a: Heatran|13\/100|[from] item: Leftovers\n|-heal|p2a: Clodsire|79\/100|[from] item: Leftovers\n|upkeep\n|turn|13\n|\n|t:|1700390363\n|move|p1a: Heatran|Stealth Rock|p2a: Clodsire\n|-sidestart|p2: TaeYangI|move: Stealth Rock\n|move|p2a: Clodsire|Toxic|p1a: Heatran\n|-immune|p1a: Heatran\n|\n|-heal|p1a: Heatran|20\/100|[from] item: Leftovers\n|-heal|p2a: Clodsire|85\/100|[from] item: Leftovers\n|upkeep\n|turn|14\n|\n|t:|1700390375\n|-terastallize|p1a: Heatran|Grass\n|move|p1a: Heatran|Magma Storm|p2a: Clodsire\n|-damage|p2a: Clodsire|60\/100\n|-activate|p2a: Clodsire|move: Magma Storm|[of] p1a: Heatran\n|move|p2a: Clodsire|Earthquake|p1a: Heatran\n|-resisted|p1a: Heatran\n|-damage|p1a: Heatran|9\/100\n|\n|-heal|p1a: Heatran|15\/100|[from] item: Leftovers\n|-heal|p2a: Clodsire|66\/100|[from] item: Leftovers\n|-damage|p2a: Clodsire|54\/100|[from] move: Magma Storm|[partiallytrapped]\n|upkeep\n|turn|15\n|\n|t:|1700390389\n|move|p1a: Heatran|Magma Storm|p2a: Clodsire|[miss]\n|-miss|p1a: Heatran|p2a: Clodsire\n|move|p2a: Clodsire|Recover|p2a: Clodsire\n|-heal|p2a: Clodsire|100\/100\n|\n|-heal|p1a: Heatran|21\/100|[from] item: Leftovers\n|-damage|p2a: Clodsire|88\/100|[from] move: Magma Storm|[partiallytrapped]\n|upkeep\n|turn|16\n|\n|t:|1700390397\n|move|p1a: Heatran|Earth Power|p2a: Clodsire\n|-supereffective|p2a: Clodsire\n|-damage|p2a: Clodsire|61\/100\n|move|p2a: Clodsire|Curse|p2a: Clodsire\n|-unboost|p2a: Clodsire|spe|1\n|-boost|p2a: Clodsire|atk|1\n|-boost|p2a: Clodsire|def|1\n|\n|-heal|p1a: Heatran|27\/100|[from] item: Leftovers\n|-heal|p2a: Clodsire|67\/100|[from] item: Leftovers\n|-damage|p2a: Clodsire|55\/100|[from] move: Magma Storm|[partiallytrapped]\n|upkeep\n|turn|17\n|\n|t:|1700390408\n|move|p1a: Heatran|Earth Power|p2a: Clodsire\n|-supereffective|p2a: Clodsire\n|-damage|p2a: Clodsire|26\/100\n|-unboost|p2a: Clodsire|spd|1\n|move|p2a: Clodsire|Recover|p2a: Clodsire\n|-heal|p2a: Clodsire|76\/100\n|\n|-heal|p1a: Heatran|34\/100|[from] item: Leftovers\n|-heal|p2a: Clodsire|82\/100|[from] item: Leftovers\n|-damage|p2a: Clodsire|70\/100|[from] move: Magma Storm|[partiallytrapped]\n|upkeep\n|turn|18\n|\n|t:|1700390421\n|move|p1a: Heatran|Earth Power|p2a: Clodsire\n|-supereffective|p2a: Clodsire\n|-damage|p2a: Clodsire|28\/100\n|move|p2a: Clodsire|Toxic|p1a: Heatran\n|-status|p1a: Heatran|tox\n|\n|-heal|p1a: Heatran|40\/100 tox|[from] item: Leftovers\n|-heal|p2a: Clodsire|34\/100|[from] item: Leftovers\n|-damage|p1a: Heatran|34\/100 tox|[from] psn\n|-end|p2a: Clodsire|Magma Storm|[partiallytrapped]\n|upkeep\n|turn|19\n|\n|t:|1700390431\n|move|p1a: Heatran|Earth Power|p2a: Clodsire\n|-supereffective|p2a: Clodsire\n|-damage|p2a: Clodsire|0 fnt\n|faint|p2a: Clodsire\n|\n|-heal|p1a: Heatran|40\/100 tox|[from] item: Leftovers\n|-damage|p1a: Heatran|27\/100 tox|[from] psn\n|upkeep\n|\n|t:|1700390455\n|switch|p2a: Alomomola|Alomomola, M, shiny|100\/100 par\n|-damage|p2a: Alomomola|88\/100 par|[from] Stealth Rock\n|turn|20\n|\n|t:|1700390463\n|move|p1a: Heatran|Magma Storm|p2a: Alomomola|[miss]\n|-miss|p1a: Heatran|p2a: Alomomola\n|move|p2a: Alomomola|Wish|p2a: Alomomola\n|\n|-heal|p1a: Heatran|34\/100 tox|[from] item: Leftovers\n|-damage|p1a: Heatran|15\/100 tox|[from] psn\n|upkeep\n|turn|21\n|\n|t:|1700390469\n|move|p1a: Heatran|Earth Power|p2a: Alomomola\n|-damage|p2a: Alomomola|59\/100 par\n|move|p2a: Alomomola|Flip Turn|p1a: Heatran\n|-resisted|p1a: Heatran\n|-damage|p1a: Heatran|9\/100 tox\n|\n|t:|1700390475\n|switch|p2a: Garganacl|Garganacl, F, shiny, tera:Ghost|26\/100|[from] Flip Turn\n|-damage|p2a: Garganacl|14\/100|[from] Stealth Rock\n|\n|-heal|p2a: Garganacl|80\/100|[from] move: Wish|[wisher] Alomomola\n|-heal|p1a: Heatran|15\/100 tox|[from] item: Leftovers\n|-heal|p2a: Garganacl|86\/100|[from] item: Leftovers\n|-damage|p1a: Heatran|0 fnt|[from] psn\n|faint|p1a: Heatran\n|upkeep\n|\n|t:|1700390480\n|switch|p1a: Samurott|Samurott-Hisui, M|100\/100\n|turn|22\n|\n|t:|1700390489\n|move|p1a: Samurott|Ceaseless Edge|p2a: Garganacl\n|-supereffective|p2a: Garganacl\n|-damage|p2a: Garganacl|29\/100\n|-sidestart|p2: TaeYangI|Spikes\n|move|p2a: Garganacl|Salt Cure|p1a: Samurott\n|-damage|p1a: Samurott|82\/100\n|-start|p1a: Samurott|Salt Cure\n|\n|-heal|p2a: Garganacl|35\/100|[from] item: Leftovers\n|-damage|p1a: Samurott|58\/100|[from] Salt Cure\n|upkeep\n|turn|23\n|\n|t:|1700390511\n|switch|p2a: Alomomola|Alomomola, M, shiny|92\/100 par\n|-damage|p2a: Alomomola|80\/100 par|[from] Stealth Rock\n|-damage|p2a: Alomomola|67\/100 par|[from] Spikes\n|move|p1a: Samurott|Ceaseless Edge|p2a: Alomomola\n|-damage|p2a: Alomomola|41\/100 par\n|-damage|p1a: Samurott|41\/100|[from] item: Rocky Helmet|[of] p2a: Alomomola\n|-sidestart|p2: TaeYangI|Spikes\n|\n|-damage|p1a: Samurott|16\/100|[from] Salt Cure\n|upkeep\n|turn|24\n|\n|t:|1700390524\n|switch|p1a: Zapdos|Zapdos|87\/100\n|move|p2a: Alomomola|Wish|p2a: Alomomola\n|\n|upkeep\n|turn|25\n|\n|t:|1700390535\n|move|p2a: Alomomola|Protect|p2a: Alomomola\n|-singleturn|p2a: Alomomola|Protect\n|-zpower|p1a: Zapdos\n|move|p1a: Zapdos|Supersonic Skystrike|p2a: Alomomola|[zeffect]\n|-zbroken|p2a: Alomomola\n|-damage|p2a: Alomomola|18\/100 par\n|\n|-heal|p2a: Alomomola|68\/100 par|[from] move: Wish|[wisher] Alomomola\n|upkeep\n|turn|26\n|\n|t:|1700390554\n|move|p1a: Zapdos|Volt Switch|p2a: Alomomola\n|-supereffective|p2a: Alomomola\n|-damage|p2a: Alomomola|0 fnt\n|faint|p2a: Alomomola\n|\n|t:|1700390560\n|switch|p1a: Samurott|Samurott-Hisui, M|16\/100|[from] Volt Switch\n|\n|upkeep\n|\n|t:|1700390565\n|switch|p2a: \uc5ec\uc790\uce5c\uad6c|Lopunny, F, shiny|100\/100\n|-damage|p2a: \uc5ec\uc790\uce5c\uad6c|88\/100|[from] Stealth Rock\n|-damage|p2a: \uc5ec\uc790\uce5c\uad6c|72\/100|[from] Spikes\n|turn|27\n|\n|t:|1700390578\n|switch|p1a: Zapdos|Zapdos|87\/100\n|detailschange|p2a: \uc5ec\uc790\uce5c\uad6c|Lopunny-Mega, F, shiny\n|-mega|p2a: \uc5ec\uc790\uce5c\uad6c|Lopunny|Lopunnite\n|move|p2a: \uc5ec\uc790\uce5c\uad6c|Fake Out|p1a: Zapdos\n|-damage|p1a: Zapdos|70\/100\n|\n|upkeep\n|turn|28\n|\n|t:|1700390598\n|switch|p2a: Garganacl|Garganacl, F, shiny, tera:Ghost|35\/100\n|-damage|p2a: Garganacl|23\/100|[from] Stealth Rock\n|-damage|p2a: Garganacl|6\/100|[from] Spikes\n|move|p1a: Zapdos|Hurricane|p2a: Garganacl\n|-damage|p2a: Garganacl|0 fnt\n|faint|p2a: Garganacl\n|\n|upkeep\n|inactive|TaeYangI has 120 seconds left.\n|\n|t:|1700390621\n|switch|p2a: \uc5ec\uc790\uce5c\uad6c|Lopunny-Mega, F, shiny|72\/100\n|-damage|p2a: \uc5ec\uc790\uce5c\uad6c|66\/100|[from] Stealth Rock\n|-damage|p2a: \uc5ec\uc790\uce5c\uad6c|49\/100|[from] Spikes\n|turn|29\n|\n|t:|1700390626\n|move|p2a: \uc5ec\uc790\uce5c\uad6c|Substitute|p2a: \uc5ec\uc790\uce5c\uad6c\n|-start|p2a: \uc5ec\uc790\uce5c\uad6c|Substitute\n|-damage|p2a: \uc5ec\uc790\uce5c\uad6c|24\/100\n|move|p1a: Zapdos|Hurricane|p2a: \uc5ec\uc790\uce5c\uad6c\n|-supereffective|p2a: \uc5ec\uc790\uce5c\uad6c\n|-end|p2a: \uc5ec\uc790\uce5c\uad6c|Substitute\n|\n|upkeep\n|turn|30\n|inactive|TaeYangI has 120 seconds left.\n|\n|t:|1700390641\n|switch|p2a: Celesteela|Celesteela, shiny|100\/100\n|-damage|p2a: Celesteela|88\/100|[from] Stealth Rock\n|move|p1a: Zapdos|Hurricane|p2a: Celesteela\n|-resisted|p2a: Celesteela\n|-damage|p2a: Celesteela|69\/100\n|-start|p2a: Celesteela|confusion\n|\n|-heal|p2a: Celesteela|75\/100|[from] item: Leftovers\n|upkeep\n|turn|31\n|inactive|TaeYangI has 120 seconds left.\n|\n|t:|1700390653\n|move|p1a: Zapdos|Volt Switch|p2a: Celesteela\n|-supereffective|p2a: Celesteela\n|-damage|p2a: Celesteela|31\/100\n|\n|t:|1700390659\n|switch|p1a: Samurott|Samurott-Hisui, M|16\/100|[from] Volt Switch\n|-activate|p2a: Celesteela|confusion\n|move|p2a: Celesteela|Leech Seed|p1a: Samurott\n|-start|p1a: Samurott|move: Leech Seed\n|\n|-heal|p2a: Celesteela|38\/100|[from] item: Leftovers\n|-damage|p1a: Samurott|4\/100|[from] Leech Seed|[of] p2a: Celesteela\n|-heal|p2a: Celesteela|48\/100|[silent]\n|upkeep\n|turn|32\n|\n|t:|1700390669\n|-end|p2a: Celesteela|confusion\n|move|p2a: Celesteela|Protect|p2a: Celesteela\n|-singleturn|p2a: Celesteela|Protect\n|move|p1a: Samurott|Razor Shell|p2a: Celesteela\n|-activate|p2a: Celesteela|move: Protect\n|\n|-heal|p2a: Celesteela|54\/100|[from] item: Leftovers\n|-damage|p1a: Samurott|0 fnt|[from] Leech Seed|[of] p2a: Celesteela\n|-heal|p2a: Celesteela|56\/100|[silent]\n|faint|p1a: Samurott\n|upkeep\n|\n|t:|1700390682\n|switch|p1a: Urshifu|Urshifu-Rapid-Strike, M|100\/100\n|turn|33\n|\n|t:|1700390688\n|move|p1a: Urshifu|Surging Strikes|p2a: Celesteela\n|-crit|p2a: Celesteela\n|-damage|p2a: Celesteela|42\/100\n|-crit|p2a: Celesteela\n|-damage|p2a: Celesteela|28\/100\n|-crit|p2a: Celesteela\n|-damage|p2a: Celesteela|16\/100\n|-hitcount|p2a: Celesteela|3\n|move|p2a: Celesteela|Leech Seed|p1a: Urshifu\n|-start|p1a: Urshifu|move: Leech Seed\n|\n|-heal|p2a: Celesteela|22\/100|[from] item: Leftovers\n|-damage|p1a: Urshifu|88\/100|[from] Leech Seed|[of] p2a: Celesteela\n|-heal|p2a: Celesteela|32\/100|[silent]\n|upkeep\n|turn|34\n|\n|t:|1700390699\n|move|p2a: Celesteela|Protect|p2a: Celesteela\n|-singleturn|p2a: Celesteela|Protect\n|move|p1a: Urshifu|Surging Strikes|p2a: Celesteela\n|-crit|p2a: Celesteela\n|-damage|p2a: Celesteela|20\/100\n|-crit|p2a: Celesteela\n|-damage|p2a: Celesteela|7\/100\n|-crit|p2a: Celesteela\n|-damage|p2a: Celesteela|0 fnt\n|faint|p2a: Celesteela\n|-hitcount|p2: Celesteela|3\n|\n|upkeep\n|\n|t:|1700390713\n|switch|p2a: \uc5ec\uc790\uce5c\uad6c|Lopunny-Mega, F, shiny|24\/100\n|-damage|p2a: \uc5ec\uc790\uce5c\uad6c|19\/100|[from] Stealth Rock\n|-damage|p2a: \uc5ec\uc790\uce5c\uad6c|2\/100|[from] Spikes\n|turn|35\n|c|\u2606test111111111|unseen fist\uff01\n|\n|t:|1700390719\n|switch|p1a: Zapdos|Zapdos|70\/100\n|move|p2a: \uc5ec\uc790\uce5c\uad6c|Fake Out|p1a: Zapdos\n|-damage|p1a: Zapdos|54\/100\n|\n|upkeep\n|turn|36\n|\n|t:|1700390724\n|move|p2a: \uc5ec\uc790\uce5c\uad6c|Return|p1a: Zapdos\n|-damage|p1a: Zapdos|7\/100\n|move|p1a: Zapdos|Volt Switch|p2a: \uc5ec\uc790\uce5c\uad6c\n|-damage|p2a: \uc5ec\uc790\uce5c\uad6c|0 fnt\n|faint|p2a: \uc5ec\uc790\uce5c\uad6c\n|-message|TaeYangI forfeited.\n|\n|win|test111111111\n|raw|test111111111's rating: 1419 &rarr; <strong>1434<\/strong><br \/>(+15 for winning)\n|raw|TaeYangI's rating: 1338 &rarr; <strong>1323<\/strong><br \/>(-15 for losing)\n|l|\u2606TaeYangI\n","uploadtime":1700390741,"views":13,"p1id":"test111111111","p2id":"taeyangi","formatid":"gen9nationaldex","rating":1323,"private":0,"password":""}