{"id":"gen9nationaldex-1999764091","p1":"derikfrimaio0","p2":"ManicManwith","format":"[Gen 9] National Dex","log":"|html|<div class=\"broadcast-blue\"><strong>[Gen 9] National Dex is currently suspecting Sneasler! For information on how to participate check out the <a href=\"https:\/\/www.smogon.com\/forums\/threads\/sv-national-dex-suspect-8-just-dance.3731534\/\">suspect thread<\/a>.<\/strong><\/div>\n|j|\u2606derikfrimaio0\n|j|\u2606ManicManwith\n|t:|1701114567\n|gametype|singles\n|player|p1|derikfrimaio0|lance|1076\n|player|p2|ManicManwith|tate-masters|1064\n|teamsize|p1|6\n|teamsize|p2|6\n|gen|9\n|tier|[Gen 9] National Dex\n|rated|\n|rule|HP Percentage Mod: HP is shown in percentages\n|rule|Endless Battle Clause: Forcing endless battles is banned\n|rule|OHKO Clause: OHKO moves are banned\n|rule|Evasion Clause: Evasion abilities, items, and moves are banned\n|rule|Evasion Abilities Clause: Evasion abilities are banned\n|rule|Evasion Items Clause: Evasion items are banned\n|rule|Evasion Moves Clause: Evasion moves are banned\n|rule|Species Clause: Limit one of each Pok\u00e9mon\n|rule|Sleep Clause Mod: Limit one foe put to sleep\n|clearpoke\n|poke|p1|Garchomp, F|\n|poke|p1|Iron Valiant|\n|poke|p1|Eelektross, M|\n|poke|p1|Charizard, F|\n|poke|p1|Landorus-Therian, M|\n|poke|p1|Hoopa-Unbound|\n|poke|p2|Sneasler, M|\n|poke|p2|Ferrothorn, M|\n|poke|p2|Gardevoir, F|\n|poke|p2|Glimmora, M|\n|poke|p2|Morpeko, F|\n|poke|p2|Keldeo-Resolute|\n|teampreview\n|inactive|Battle timer is ON: inactive players will automatically lose when time's up. (requested by ManicManwith)\n|\n|t:|1701114584\n|start\n|switch|p1a: Charizard|Charizard, F|100\/100\n|switch|p2a: Glimmora|Glimmora, M|100\/100\n|-item|p2a: Glimmora|Air Balloon\n|turn|1\n|\n|t:|1701114601\n|detailschange|p1a: Charizard|Charizard-Mega-X, F\n|-mega|p1a: Charizard|Charizard|Charizardite X\n|move|p2a: Glimmora|Stealth Rock|p1a: Charizard\n|-sidestart|p1: derikfrimaio0|move: Stealth Rock\n|move|p1a: Charizard|Flamethrower|p2a: Glimmora\n|-resisted|p2a: Glimmora\n|-damage|p2a: Glimmora|81\/100\n|-enditem|p2a: Glimmora|Air Balloon\n|\n|upkeep\n|turn|2\n|\n|t:|1701114613\n|move|p2a: Glimmora|Toxic Spikes|p1a: Charizard\n|-sidestart|p1: derikfrimaio0|move: Toxic Spikes\n|move|p1a: Charizard|Earthquake|p2a: Glimmora\n|-supereffective|p2a: Glimmora\n|-damage|p2a: Glimmora|0 fnt\n|-activate|p2a: Glimmora|ability: Toxic Debris\n|-sidestart|p1: derikfrimaio0|move: Toxic Spikes\n|faint|p2a: Glimmora\n|\n|upkeep\n|c|\u2606derikfrimaio0|Faz o L\n|\n|t:|1701114629\n|switch|p2a: hangy >=(|Morpeko, F|100\/100\n|turn|3\n|\n|t:|1701114641\n|switch|p1a: Garchomp|Garchomp, F|100\/100\n|-damage|p1a: Garchomp|94\/100|[from] Stealth Rock\n|-status|p1a: Garchomp|tox\n|move|p2a: hangy >=(|Aura Wheel|p1a: Garchomp\n|-immune|p1a: Garchomp\n|\n|-damage|p1a: Garchomp|88\/100 tox|[from] psn\n|-formechange|p2a: hangy >=(|Morpeko-Hangry||[from] ability: Hunger Switch\n|upkeep\n|turn|4\n|\n|t:|1701114655\n|move|p2a: hangy >=(|Aura Wheel|p1a: Garchomp\n|-damage|p1a: Garchomp|38\/100 tox\n|-boost|p2a: hangy >=(|spe|1\n|move|p1a: Garchomp|Earthquake|p2a: hangy >=(\n|-supereffective|p2a: hangy >=(\n|-damage|p2a: hangy >=(|0 fnt\n|faint|p2a: hangy >=(\n|\n|-damage|p1a: Garchomp|25\/100 tox|[from] psn\n|upkeep\n|\n|t:|1701114669\n|switch|p2a: smash|Gardevoir, F, shiny|100\/100\n|turn|5\n|\n|t:|1701114683\n|switch|p1a: Eelektross|Eelektross, M|100\/100\n|-damage|p1a: Eelektross|88\/100|[from] Stealth Rock\n|move|p2a: smash|Dazzling Gleam|p1a: Eelektross\n|-damage|p1a: Eelektross|44\/100\n|-enditem|p1a: Eelektross|Sitrus Berry|[eat]\n|-heal|p1a: Eelektross|69\/100|[from] item: Sitrus Berry\n|\n|upkeep\n|turn|6\n|\n|t:|1701114694\n|detailschange|p2a: smash|Gardevoir-Mega, F, shiny\n|-mega|p2a: smash|Gardevoir|Gardevoirite\n|-terastallize|p1a: Eelektross|Steel\n|move|p2a: smash|Calm Mind|p2a: smash\n|-boost|p2a: smash|spa|1\n|-boost|p2a: smash|spd|1\n|move|p1a: Eelektross|Thunder Punch|p2a: smash\n|-crit|p2a: smash\n|-damage|p2a: smash|29\/100\n|\n|upkeep\n|turn|7\n|\n|t:|1701114710\n|move|p2a: smash|Psychic|p1a: Eelektross\n|-resisted|p1a: Eelektross\n|-damage|p1a: Eelektross|24\/100\n|move|p1a: Eelektross|Thunder Punch|p2a: smash\n|-damage|p2a: smash|0 fnt\n|faint|p2a: smash\n|\n|upkeep\n|\n|t:|1701114720\n|switch|p2a: ferocious thorn|Ferrothorn, M|100\/100\n|turn|8\n|\n|t:|1701114726\n|switch|p1a: Charizard|Charizard-Mega-X, F|100\/100\n|-damage|p1a: Charizard|76\/100|[from] Stealth Rock\n|-status|p1a: Charizard|tox\n|move|p2a: ferocious thorn|Leech Seed|p1a: Charizard\n|-start|p1a: Charizard|move: Leech Seed\n|\n|-damage|p1a: Charizard|63\/100 tox|[from] Leech Seed|[of] p2a: ferocious thorn\n|-damage|p1a: Charizard|57\/100 tox|[from] psn\n|upkeep\n|turn|9\n|\n|t:|1701114738\n|switch|p2a: fancy unicorn|Keldeo-Resolute|100\/100\n|move|p1a: Charizard|Flamethrower|p2a: fancy unicorn\n|-resisted|p2a: fancy unicorn\n|-damage|p2a: fancy unicorn|78\/100\n|\n|-damage|p1a: Charizard|45\/100 tox|[from] Leech Seed|[of] p2a: fancy unicorn\n|-heal|p2a: fancy unicorn|92\/100|[silent]\n|-damage|p1a: Charizard|33\/100 tox|[from] psn\n|upkeep\n|turn|10\n|\n|t:|1701114753\n|switch|p1a: Eelektross|Eelektross, M, tera:Steel|24\/100\n|-damage|p1a: Eelektross|18\/100|[from] Stealth Rock\n|move|p2a: fancy unicorn|Stone Edge|p1a: Eelektross|[miss]\n|-miss|p2a: fancy unicorn|p1a: Eelektross\n|\n|upkeep\n|turn|11\n|\n|t:|1701114764\n|switch|p1a: Hoopa|Hoopa-Unbound|100\/100\n|-damage|p1a: Hoopa|88\/100|[from] Stealth Rock\n|-status|p1a: Hoopa|tox\n|move|p2a: fancy unicorn|Stone Edge|p1a: Hoopa\n|-damage|p1a: Hoopa|57\/100 tox\n|\n|-damage|p1a: Hoopa|51\/100 tox|[from] psn\n|upkeep\n|turn|12\n|\n|t:|1701114775\n|move|p2a: fancy unicorn|Stone Edge|p1a: Hoopa|[miss]\n|-miss|p2a: fancy unicorn|p1a: Hoopa\n|move|p1a: Hoopa|Zen Headbutt|p2a: fancy unicorn\n|-supereffective|p2a: fancy unicorn\n|-damage|p2a: fancy unicorn|0 fnt\n|faint|p2a: fancy unicorn\n|\n|-damage|p1a: Hoopa|39\/100 tox|[from] psn\n|upkeep\n|\n|t:|1701114786\n|switch|p2a: hawlucha 2.0|Sneasler, M|100\/100\n|turn|13\n|\n|t:|1701114813\n|move|p2a: hawlucha 2.0|Brick Break|p1a: Hoopa\n|-damage|p1a: Hoopa|0 fnt\n|faint|p1a: Hoopa\n|\n|upkeep\n|\n|t:|1701114820\n|switch|p1a: Landorus|Landorus-Therian, M|100\/100\n|-damage|p1a: Landorus|88\/100|[from] Stealth Rock\n|-ability|p1a: Landorus|Intimidate|boost\n|-unboost|p2a: hawlucha 2.0|atk|1\n|turn|14\n|\n|t:|1701114832\n|move|p2a: hawlucha 2.0|Dire Claw|p1a: Landorus\n|-resisted|p1a: Landorus\n|-damage|p1a: Landorus|69\/100\n|move|p1a: Landorus|Earthquake|p2a: hawlucha 2.0\n|-supereffective|p2a: hawlucha 2.0\n|-damage|p2a: hawlucha 2.0|0 fnt\n|faint|p2a: hawlucha 2.0\n|\n|upkeep\n|\n|t:|1701114838\n|switch|p2a: ferocious thorn|Ferrothorn, M|100\/100\n|turn|15\n|\n|t:|1701114842\n|switch|p1a: Charizard|Charizard-Mega-X, F|33\/100 tox\n|-damage|p1a: Charizard|8\/100 tox|[from] Stealth Rock\n|move|p2a: ferocious thorn|Leech Seed|p1a: Charizard\n|-start|p1a: Charizard|move: Leech Seed\n|\n|-damage|p1a: Charizard|0 fnt|[from] Leech Seed|[of] p2a: ferocious thorn\n|faint|p1a: Charizard\n|upkeep\n|\n|t:|1701114851\n|switch|p1a: Landorus|Landorus-Therian, M|69\/100\n|-damage|p1a: Landorus|57\/100|[from] Stealth Rock\n|-ability|p1a: Landorus|Intimidate|boost\n|-unboost|p2a: ferocious thorn|atk|1\n|turn|16\n|\n|t:|1701114857\n|move|p1a: Landorus|Earthquake|p2a: ferocious thorn\n|-damage|p2a: ferocious thorn|67\/100\n|move|p2a: ferocious thorn|Leech Seed|p1a: Landorus\n|-start|p1a: Landorus|move: Leech Seed\n|\n|-heal|p2a: ferocious thorn|73\/100|[from] item: Leftovers\n|-damage|p1a: Landorus|44\/100|[from] Leech Seed|[of] p2a: ferocious thorn\n|-heal|p2a: ferocious thorn|84\/100|[silent]\n|upkeep\n|turn|17\n|\n|t:|1701114867\n|move|p1a: Landorus|Fly||[still]\n|-prepare|p1a: Landorus|Fly\n|move|p2a: ferocious thorn|Curse|p2a: ferocious thorn\n|-unboost|p2a: ferocious thorn|spe|1\n|-boost|p2a: ferocious thorn|atk|1\n|-boost|p2a: ferocious thorn|def|1\n|\n|-heal|p2a: ferocious thorn|90\/100|[from] item: Leftovers\n|-damage|p1a: Landorus|32\/100|[from] Leech Seed|[of] p2a: ferocious thorn\n|-heal|p2a: ferocious thorn|100\/100|[silent]\n|upkeep\n|turn|18\n|\n|t:|1701114877\n|move|p1a: Landorus|Fly|p2a: ferocious thorn|[from]lockedmove\n|-damage|p2a: ferocious thorn|79\/100\n|-damage|p1a: Landorus|20\/100|[from] ability: Iron Barbs|[of] p2a: ferocious thorn\n|move|p2a: ferocious thorn|Curse|p2a: ferocious thorn\n|-unboost|p2a: ferocious thorn|spe|1\n|-boost|p2a: ferocious thorn|atk|1\n|-boost|p2a: ferocious thorn|def|1\n|\n|-heal|p2a: ferocious thorn|85\/100|[from] item: Leftovers\n|-damage|p1a: Landorus|8\/100|[from] Leech Seed|[of] p2a: ferocious thorn\n|-heal|p2a: ferocious thorn|96\/100|[silent]\n|upkeep\n|turn|19\n|\n|t:|1701114890\n|switch|p1a: Iron Valiant|Iron Valiant|100\/100\n|-damage|p1a: Iron Valiant|94\/100|[from] Stealth Rock\n|-status|p1a: Iron Valiant|tox\n|move|p2a: ferocious thorn|Curse|p2a: ferocious thorn\n|-unboost|p2a: ferocious thorn|spe|1\n|-boost|p2a: ferocious thorn|atk|1\n|-boost|p2a: ferocious thorn|def|1\n|\n|-heal|p2a: ferocious thorn|100\/100|[from] item: Leftovers\n|-damage|p1a: Iron Valiant|88\/100 tox|[from] psn\n|upkeep\n|turn|20\n|\n|t:|1701114904\n|move|p1a: Iron Valiant|Close Combat|p2a: ferocious thorn\n|-supereffective|p2a: ferocious thorn\n|-damage|p2a: ferocious thorn|70\/100\n|-unboost|p1a: Iron Valiant|def|1\n|-unboost|p1a: Iron Valiant|spd|1\n|-damage|p1a: Iron Valiant|76\/100 tox|[from] ability: Iron Barbs|[of] p2a: ferocious thorn\n|move|p2a: ferocious thorn|Leech Seed|p1a: Iron Valiant\n|-start|p1a: Iron Valiant|move: Leech Seed\n|\n|-heal|p2a: ferocious thorn|76\/100|[from] item: Leftovers\n|-damage|p1a: Iron Valiant|63\/100 tox|[from] Leech Seed|[of] p2a: ferocious thorn\n|-heal|p2a: ferocious thorn|86\/100|[silent]\n|-damage|p1a: Iron Valiant|51\/100 tox|[from] psn\n|upkeep\n|turn|21\n|\n|t:|1701114917\n|move|p1a: Iron Valiant|Moonblast|p2a: ferocious thorn\n|-resisted|p2a: ferocious thorn\n|-damage|p2a: ferocious thorn|72\/100\n|move|p2a: ferocious thorn|Curse|p2a: ferocious thorn\n|-unboost|p2a: ferocious thorn|spe|1\n|-boost|p2a: ferocious thorn|atk|1\n|-boost|p2a: ferocious thorn|def|1\n|\n|-heal|p2a: ferocious thorn|78\/100|[from] item: Leftovers\n|-damage|p1a: Iron Valiant|38\/100 tox|[from] Leech Seed|[of] p2a: ferocious thorn\n|-heal|p2a: ferocious thorn|88\/100|[silent]\n|-damage|p1a: Iron Valiant|20\/100 tox|[from] psn\n|upkeep\n|-enditem|p1a: Iron Valiant|Sitrus Berry|[eat]\n|-heal|p1a: Iron Valiant|44\/100 tox|[from] item: Sitrus Berry\n|turn|22\n|\n|t:|1701114937\n|-end|p1a: Iron Valiant|Quark Drive|[silent]\n|switch|p1a: Garchomp|Garchomp, F|25\/100 tox\n|-damage|p1a: Garchomp|19\/100 tox|[from] Stealth Rock\n|move|p2a: ferocious thorn|Curse|p2a: ferocious thorn\n|-unboost|p2a: ferocious thorn|spe|1\n|-boost|p2a: ferocious thorn|atk|1\n|-boost|p2a: ferocious thorn|def|1\n|\n|-heal|p2a: ferocious thorn|94\/100|[from] item: Leftovers\n|-damage|p1a: Garchomp|13\/100 tox|[from] psn\n|upkeep\n|turn|23\n|\n|t:|1701114951\n|move|p1a: Garchomp|Earthquake|p2a: ferocious thorn\n|-crit|p2a: ferocious thorn\n|-damage|p2a: ferocious thorn|45\/100\n|move|p2a: ferocious thorn|Leech Seed|p1a: Garchomp|[miss]\n|-miss|p2a: ferocious thorn|p1a: Garchomp\n|\n|-heal|p2a: ferocious thorn|51\/100|[from] item: Leftovers\n|-damage|p1a: Garchomp|1\/100 tox|[from] psn\n|upkeep\n|turn|24\n|\n|t:|1701114962\n|move|p1a: Garchomp|Earthquake|p2a: ferocious thorn\n|-damage|p2a: ferocious thorn|43\/100\n|move|p2a: ferocious thorn|Curse|p2a: ferocious thorn\n|-unboost|p2a: ferocious thorn|spe|1\n|-boost|p2a: ferocious thorn|atk|1\n|-boost|p2a: ferocious thorn|def|1\n|\n|-heal|p2a: ferocious thorn|49\/100|[from] item: Leftovers\n|-damage|p1a: Garchomp|0 fnt|[from] psn\n|faint|p1a: Garchomp\n|upkeep\n|\n|t:|1701114973\n|switch|p1a: Landorus|Landorus-Therian, M|8\/100\n|-damage|p1a: Landorus|0 fnt|[from] Stealth Rock\n|faint|p1a: Landorus\n|\n|t:|1701114979\n|switch|p1a: Iron Valiant|Iron Valiant|44\/100 tox\n|-damage|p1a: Iron Valiant|38\/100 tox|[from] Stealth Rock\n|turn|25\n|\n|t:|1701114990\n|move|p1a: Iron Valiant|Close Combat|p2a: ferocious thorn\n|-supereffective|p2a: ferocious thorn\n|-damage|p2a: ferocious thorn|28\/100\n|-unboost|p1a: Iron Valiant|def|1\n|-unboost|p1a: Iron Valiant|spd|1\n|-damage|p1a: Iron Valiant|26\/100 tox|[from] ability: Iron Barbs|[of] p2a: ferocious thorn\n|move|p2a: ferocious thorn|Power Whip|p1a: Iron Valiant\n|-crit|p1a: Iron Valiant\n|-damage|p1a: Iron Valiant|0 fnt\n|faint|p1a: Iron Valiant\n|-end|p1a: Iron Valiant|Quark Drive|[silent]\n|\n|-heal|p2a: ferocious thorn|34\/100|[from] item: Leftovers\n|upkeep\n|\n|t:|1701115001\n|switch|p1a: Eelektross|Eelektross, M, tera:Steel|18\/100\n|-damage|p1a: Eelektross|12\/100|[from] Stealth Rock\n|turn|26\n|\n|t:|1701115007\n|move|p1a: Eelektross|Thunder Punch|p2a: ferocious thorn\n|-resisted|p2a: ferocious thorn\n|-crit|p2a: ferocious thorn\n|-damage|p2a: ferocious thorn|20\/100\n|-damage|p1a: Eelektross|0 fnt|[from] ability: Iron Barbs|[of] p2a: ferocious thorn\n|faint|p1a: Eelektross\n|\n|win|ManicManwith\n|raw|derikfrimaio0's rating: 1076 &rarr; <strong>1054<\/strong><br \/>(-22 for losing)\n|raw|ManicManwith's rating: 1064 &rarr; <strong>1095<\/strong><br \/>(+31 for winning)\n","uploadtime":1701115014,"views":3,"p1id":"derikfrimaio0","p2id":"manicmanwith","formatid":"gen9nationaldex","rating":1054,"private":0,"password":""}