{"id":"gen9nationaldex-1997976956","p1":"SrPorquet","p2":"chaomeishe","format":"[Gen 9] National Dex","log":"|html|<div class=\"broadcast-blue\"><strong>[Gen 9] National Dex is currently suspecting Sneasler! For information on how to participate check out the <a href=\"https:\/\/www.smogon.com\/forums\/threads\/sv-national-dex-suspect-8-just-dance.3731534\/\">suspect thread<\/a>.<\/strong><\/div>\n|j|\u203dSrPorquet\n|j|\u2606chaomeishe\n|t:|1700874449\n|gametype|singles\n|player|p1|SrPorquet|falkner|1289\n|player|p2|chaomeishe|1|1403\n|teamsize|p1|6\n|teamsize|p2|6\n|gen|9\n|tier|[Gen 9] National Dex\n|rated|\n|rule|HP Percentage Mod: HP is shown in percentages\n|rule|Endless Battle Clause: Forcing endless battles is banned\n|rule|OHKO Clause: OHKO moves are banned\n|rule|Evasion Clause: Evasion abilities, items, and moves are banned\n|rule|Evasion Abilities Clause: Evasion abilities are banned\n|rule|Evasion Items Clause: Evasion items are banned\n|rule|Evasion Moves Clause: Evasion moves are banned\n|rule|Species Clause: Limit one of each Pok\u00e9mon\n|rule|Sleep Clause Mod: Limit one foe put to sleep\n|clearpoke\n|poke|p1|Pidgeot, M|\n|poke|p1|Magmortar, M|\n|poke|p1|Raichu, F|\n|poke|p1|Clefable, M|\n|poke|p1|Vileplume, M|\n|poke|p1|Politoed, M|\n|poke|p2|Pelipper, M|\n|poke|p2|Swampert, F|\n|poke|p2|Barraskewda, F|\n|poke|p2|Greninja-*, M|\n|poke|p2|Ferrothorn, F|\n|poke|p2|Manaphy|\n|teampreview\n|\n|t:|1700874459\n|start\n|switch|p1a: Magmortar|Magmortar, M|100\/100\n|switch|p2a: Pelipper|Pelipper, M|100\/100\n|-weather|RainDance|[from] ability: Drizzle|[of] p2a: Pelipper\n|turn|1\n|inactive|Battle timer is ON: inactive players will automatically lose when time's up. (requested by chaomeishe)\n|\n|t:|1700874465\n|switch|p2a: Manaphy|Manaphy|100\/100\n|move|p1a: Magmortar|Thunderbolt|p2a: Manaphy\n|-supereffective|p2a: Manaphy\n|-damage|p2a: Manaphy|64\/100\n|\n|-weather|RainDance|[upkeep]\n|upkeep\n|turn|2\n|\n|t:|1700874474\n|switch|p1a: Raichu|Raichu, F|100\/100\n|move|p2a: Manaphy|Tail Glow|p2a: Manaphy\n|-boost|p2a: Manaphy|spa|3\n|\n|-weather|RainDance|[upkeep]\n|upkeep\n|turn|3\n|\n|t:|1700874488\n|move|p1a: Raichu|Volt Tackle|p2a: Manaphy\n|-supereffective|p2a: Manaphy\n|-damage|p2a: Manaphy|0 fnt\n|faint|p2a: Manaphy\n|-damage|p1a: Raichu|69\/100|[from] Recoil\n|-damage|p1a: Raichu|60\/100|[from] item: Life Orb\n|\n|-weather|RainDance|[upkeep]\n|upkeep\n|\n|t:|1700874492\n|switch|p2a: Swampert|Swampert, F|100\/100\n|turn|4\n|\n|t:|1700874498\n|switch|p1a: Pidgeot|Pidgeot, M|100\/100\n|detailschange|p2a: Swampert|Swampert-Mega, F\n|-mega|p2a: Swampert|Swampert|Swampertite\n|move|p2a: Swampert|Flip Turn|p1a: Pidgeot\n|-damage|p1a: Pidgeot|17\/100\n|\n|t:|1700874503\n|switch|p2a: Greninja|Greninja, M|100\/100|[from] Flip Turn\n|\n|-weather|RainDance|[upkeep]\n|upkeep\n|turn|5\n|\n|t:|1700874506\n|switch|p1a: Politoed|Politoed, M|100\/100\n|move|p2a: Greninja|Weather Ball|p1a: Politoed\n|-immune|p1a: Politoed|[from] ability: Water Absorb\n|\n|-weather|RainDance|[upkeep]\n|upkeep\n|turn|6\n|\n|t:|1700874516\n|move|p2a: Greninja|Dark Pulse|p1a: Politoed\n|-damage|p1a: Politoed|59\/100\n|-damage|p2a: Greninja|91\/100|[from] item: Life Orb\n|move|p1a: Politoed|Earth Power|p2a: Greninja\n|-damage|p2a: Greninja|52\/100\n|\n|-weather|RainDance|[upkeep]\n|-heal|p1a: Politoed|65\/100|[from] item: Leftovers\n|upkeep\n|turn|7\n|\n|t:|1700874524\n|switch|p2a: Ferrothorn|Ferrothorn, F|100\/100\n|switch|p1a: Clefable|Clefable, M|100\/100\n|\n|-weather|RainDance|[upkeep]\n|upkeep\n|turn|8\n|\n|t:|1700874527\n|move|p1a: Clefable|Calm Mind|p1a: Clefable\n|-boost|p1a: Clefable|spa|1\n|-boost|p1a: Clefable|spd|1\n|move|p2a: Ferrothorn|Leech Seed|p1a: Clefable\n|-start|p1a: Clefable|move: Leech Seed\n|\n|-weather|none\n|upkeep\n|turn|9\n|\n|t:|1700874534\n|move|p1a: Clefable|Flamethrower|p2a: Ferrothorn\n|-supereffective|p2a: Ferrothorn\n|-damage|p2a: Ferrothorn|0 fnt\n|faint|p2a: Ferrothorn\n|\n|upkeep\n|\n|t:|1700874541\n|switch|p2a: Greninja|Greninja, M|52\/100\n|turn|10\n|\n|t:|1700874546\n|move|p2a: Greninja|Ice Beam|p1a: Clefable\n|-damage|p1a: Clefable|79\/100\n|-damage|p2a: Greninja|42\/100|[from] item: Life Orb\n|move|p1a: Clefable|Moonblast|p2a: Greninja\n|-supereffective|p2a: Greninja\n|-damage|p2a: Greninja|0 fnt\n|faint|p2a: Greninja\n|\n|upkeep\n|\n|t:|1700874550\n|switch|p2a: Pelipper|Pelipper, M|100\/100\n|-weather|RainDance|[from] ability: Drizzle|[of] p2a: Pelipper\n|turn|11\n|\n|t:|1700874554\n|move|p2a: Pelipper|U-turn|p1a: Clefable\n|-resisted|p1a: Clefable\n|-damage|p1a: Clefable|75\/100\n|\n|t:|1700874557\n|switch|p2a: Swampert|Swampert-Mega, F|100\/100|[from] U-turn\n|move|p1a: Clefable|Moonblast|p2a: Swampert\n|-damage|p2a: Swampert|40\/100\n|\n|-weather|RainDance|[upkeep]\n|upkeep\n|turn|12\n|\n|t:|1700874561\n|move|p2a: Swampert|Waterfall|p1a: Clefable\n|-damage|p1a: Clefable|2\/100\n|move|p1a: Clefable|Moonblast|p2a: Swampert\n|-crit|p2a: Swampert\n|-damage|p2a: Swampert|0 fnt\n|faint|p2a: Swampert\n|\n|-weather|RainDance|[upkeep]\n|upkeep\n|\n|t:|1700874564\n|switch|p2a: Barraskewda|Barraskewda, F|100\/100\n|turn|13\n|\n|t:|1700874568\n|-terastallize|p2a: Barraskewda|Water\n|move|p2a: Barraskewda|Liquidation|p1a: Clefable\n|-damage|p1a: Clefable|0 fnt\n|faint|p1a: Clefable\n|\n|-weather|RainDance|[upkeep]\n|upkeep\n|\n|t:|1700874581\n|switch|p1a: Politoed|Politoed, M|65\/100\n|turn|14\n|\n|t:|1700874586\n|switch|p2a: Pelipper|Pelipper, M|100\/100\n|-terastallize|p1a: Politoed|Ground\n|move|p1a: Politoed|Earth Power|p2a: Pelipper\n|-immune|p2a: Pelipper\n|\n|-weather|RainDance|[upkeep]\n|-heal|p1a: Politoed|71\/100|[from] item: Leftovers\n|upkeep\n|turn|15\n|\n|t:|1700874591\n|move|p1a: Politoed|Ice Beam|p2a: Pelipper\n|-damage|p2a: Pelipper|73\/100\n|move|p2a: Pelipper|Hurricane|p1a: Politoed\n|-damage|p1a: Politoed|38\/100\n|-start|p1a: Politoed|confusion\n|\n|-weather|RainDance|[upkeep]\n|-heal|p1a: Politoed|44\/100|[from] item: Leftovers\n|upkeep\n|turn|16\n|\n|t:|1700874596\n|switch|p1a: Pidgeot|Pidgeot, M|17\/100\n|move|p2a: Pelipper|Hydro Pump|p1a: Pidgeot\n|-damage|p1a: Pidgeot|0 fnt\n|faint|p1a: Pidgeot\n|\n|-weather|RainDance|[upkeep]\n|upkeep\n|\n|t:|1700874599\n|switch|p1a: Magmortar|Magmortar, M|100\/100\n|turn|17\n|\n|t:|1700874605\n|move|p1a: Magmortar|Thunderbolt|p2a: Pelipper\n|-supereffective|p2a: Pelipper\n|-damage|p2a: Pelipper|0 fnt\n|faint|p2a: Pelipper\n|\n|-weather|RainDance|[upkeep]\n|upkeep\n|\n|t:|1700874608\n|switch|p2a: Barraskewda|Barraskewda, F, tera:Water|100\/100\n|turn|18\n|j| MikazukiRex_\n|\n|t:|1700874610\n|move|p2a: Barraskewda|Liquidation|p1a: Magmortar\n|-supereffective|p1a: Magmortar\n|-damage|p1a: Magmortar|0 fnt\n|faint|p1a: Magmortar\n|\n|-weather|none\n|upkeep\n|\n|t:|1700874615\n|switch|p1a: Vileplume|Vileplume, M|100\/100\n|turn|19\n|-message|chaomeishe forfeited.\n|\n|win|SrPorquet\n|raw|SrPorquet's rating: 1289 &rarr; <strong>1322<\/strong><br \/>(+33 for winning)\n|raw|chaomeishe's rating: 1403 &rarr; <strong>1377<\/strong><br \/>(-26 for losing)\n|l|\u2606chaomeishe\n","uploadtime":1700874628,"views":16,"p1id":"srporquet","p2id":"chaomeishe","formatid":"gen9nationaldex","rating":1322,"private":0,"password":""}