{"id":"gen9nationaldex-1990652084","p1":"Garchompbestpsuedo","p2":"Adrian Banister","format":"[Gen 9] National Dex","log":"|j|\u2606Garchompbestpsuedo\n|j|\u2606Adrian Banister\n|t:|1699988906\n|gametype|singles\n|player|p1|Garchompbestpsuedo|lyra|1049\n|player|p2|Adrian Banister|2|1079\n|teamsize|p1|6\n|teamsize|p2|6\n|gen|9\n|tier|[Gen 9] National Dex\n|rated|\n|rule|HP Percentage Mod: HP is shown in percentages\n|rule|Endless Battle Clause: Forcing endless battles is banned\n|rule|OHKO Clause: OHKO moves are banned\n|rule|Evasion Clause: Evasion abilities, items, and moves are banned\n|rule|Evasion Abilities Clause: Evasion abilities are banned\n|rule|Evasion Items Clause: Evasion items are banned\n|rule|Evasion Moves Clause: Evasion moves are banned\n|rule|Species Clause: Limit one of each Pok\u00e9mon\n|rule|Sleep Clause Mod: Limit one foe put to sleep\n|clearpoke\n|poke|p1|Samurott-Hisui, M|\n|poke|p1|Breloom, M|\n|poke|p1|Rapidash, F|\n|poke|p1|Staraptor, F|\n|poke|p1|Crabominable, M|\n|poke|p1|Electivire, M|\n|poke|p2|Hitmonlee, M|\n|poke|p2|Raichu, F|\n|poke|p2|Persian, M|\n|poke|p2|Noivern, M|\n|poke|p2|Kabutops, M|\n|poke|p2|Charizard, F|\n|teampreview\n|c|\u2606Adrian Banister|glhf\n|\n|t:|1699988920\n|start\n|switch|p1a: Samurott|Samurott-Hisui, M|100\/100\n|switch|p2a: Kabutops|Kabutops, M|100\/100\n|turn|1\n|inactive|Battle timer is ON: inactive players will automatically lose when time's up. (requested by Adrian Banister)\n|\n|t:|1699988933\n|move|p1a: Samurott|Swords Dance|p1a: Samurott\n|-boost|p1a: Samurott|atk|2\n|move|p2a: Kabutops|Iron Defense|p2a: Kabutops\n|-boost|p2a: Kabutops|def|2\n|\n|upkeep\n|turn|2\n|\n|t:|1699988946\n|move|p1a: Samurott|Ceaseless Edge|p2a: Kabutops\n|-damage|p2a: Kabutops|59\/100\n|-ability|p2a: Kabutops|Weak Armor|boost\n|-unboost|p2a: Kabutops|def|1\n|-boost|p2a: Kabutops|spe|2\n|-sidestart|p2: Adrian Banister|Spikes\n|move|p2a: Kabutops|Iron Defense|p2a: Kabutops\n|-boost|p2a: Kabutops|def|2\n|\n|upkeep\n|turn|3\n|\n|t:|1699988956\n|move|p2a: Kabutops|Leech Life|p1a: Samurott\n|-supereffective|p1a: Samurott\n|-damage|p1a: Samurott|32\/100\n|-heal|p2a: Kabutops|100\/100|[from] drain|[of] p1a: Samurott\n|move|p1a: Samurott|Sacred Sword|p2a: Kabutops\n|-supereffective|p2a: Kabutops\n|-damage|p2a: Kabutops|0 fnt\n|faint|p2a: Kabutops\n|\n|-heal|p1a: Samurott|38\/100|[from] item: Leftovers\n|upkeep\n|\n|t:|1699988969\n|switch|p2a: Hitmonlee|Hitmonlee, M|100\/100\n|turn|4\n|\n|t:|1699988977\n|switch|p1a: Staraptor|Staraptor, F|100\/100\n|move|p2a: Hitmonlee|Rapid Spin|p1a: Staraptor\n|-damage|p1a: Staraptor|72\/100\n|-boost|p2a: Hitmonlee|spe|1\n|-sideend|p2: Adrian Banister|Spikes|[from] move: Rapid Spin|[of] p2a: Hitmonlee\n|\n|-heal|p1a: Staraptor|78\/100|[from] item: Leftovers\n|upkeep\n|turn|5\n|\n|t:|1699988989\n|move|p2a: Hitmonlee|Blaze Kick|p1a: Staraptor\n|-crit|p1a: Staraptor\n|-damage|p1a: Staraptor|8\/100\n|move|p1a: Staraptor|Brave Bird|p2a: Hitmonlee\n|-supereffective|p2a: Hitmonlee\n|-damage|p2a: Hitmonlee|0 fnt\n|faint|p2a: Hitmonlee\n|-damage|p1a: Staraptor|0 fnt|[from] Recoil\n|faint|p1a: Staraptor\n|\n|upkeep\n|\n|t:|1699989002\n|switch|p1a: Samurott|Samurott-Hisui, M|38\/100\n|switch|p2a: Persian|Persian, M|100\/100\n|turn|6\n|\n|t:|1699989008\n|move|p2a: Persian|Fake Out|p1a: Samurott\n|-enditem|p2a: Persian|Normal Gem|[from] gem\n|-damage|p1a: Samurott|1\/100\n|cant|p1a: Samurott|flinch\n|\n|-heal|p1a: Samurott|8\/100|[from] item: Leftovers\n|upkeep\n|turn|7\n|\n|t:|1699989018\n|move|p2a: Persian|Covet|p1a: Samurott\n|-damage|p1a: Samurott|0 fnt\n|-item|p2a: Persian|Leftovers|[from] move: Covet|[of] p1a: Samurott\n|faint|p1a: Samurott\n|\n|upkeep\n|\n|t:|1699989028\n|switch|p1a: Breloom|Breloom, M|100\/100\n|turn|8\n|\n|t:|1699989034\n|move|p2a: Persian|Thunder Wave|p1a: Breloom\n|-status|p1a: Breloom|par\n|move|p1a: Breloom|Close Combat|p2a: Persian\n|-supereffective|p2a: Persian\n|-damage|p2a: Persian|0 fnt\n|-unboost|p1a: Breloom|def|1\n|-unboost|p1a: Breloom|spd|1\n|faint|p2a: Persian\n|\n|upkeep\n|\n|t:|1699989043\n|switch|p2a: Charizard|Charizard, F, shiny|100\/100\n|turn|9\n|\n|t:|1699989051\n|switch|p1a: Rapidash|Rapidash, F|100\/100\n|detailschange|p2a: Charizard|Charizard-Mega-Y, F, shiny\n|-mega|p2a: Charizard|Charizard|Charizardite Y\n|-weather|SunnyDay|[from] ability: Drought|[of] p2a: Charizard\n|move|p2a: Charizard|Weather Ball|p1a: Rapidash\n|-start|p1a: Rapidash|ability: Flash Fire\n|\n|-weather|SunnyDay|[upkeep]\n|upkeep\n|turn|10\n|\n|t:|1699989064\n|move|p2a: Charizard|Ancient Power|p1a: Rapidash\n|-supereffective|p1a: Rapidash\n|-damage|p1a: Rapidash|34\/100\n|move|p1a: Rapidash|Flare Blitz|p2a: Charizard\n|-resisted|p2a: Charizard\n|-damage|p2a: Charizard|19\/100\n|-damage|p1a: Rapidash|5\/100|[from] Recoil\n|\n|-weather|SunnyDay|[upkeep]\n|-heal|p1a: Rapidash|11\/100|[from] item: Leftovers\n|upkeep\n|turn|11\n|\n|t:|1699989076\n|move|p2a: Charizard|Ancient Power|p1a: Rapidash\n|-supereffective|p1a: Rapidash\n|-damage|p1a: Rapidash|0 fnt\n|faint|p1a: Rapidash\n|\n|-weather|SunnyDay|[upkeep]\n|upkeep\n|\n|t:|1699989089\n|switch|p1a: Electivire|Electivire, M|100\/100\n|turn|12\n|\n|t:|1699989113\n|-terastallize|p1a: Electivire|Fighting\n|move|p2a: Charizard|Weather Ball|p1a: Electivire\n|-damage|p1a: Electivire|7\/100\n|move|p1a: Electivire|Thunderbolt|p2a: Charizard\n|-supereffective|p2a: Charizard\n|-damage|p2a: Charizard|0 fnt\n|faint|p2a: Charizard\n|\n|-weather|SunnyDay|[upkeep]\n|-heal|p1a: Electivire|13\/100|[from] item: Leftovers\n|upkeep\n|\n|t:|1699989132\n|switch|p2a: Noivern|Noivern, M|100\/100\n|-item|p1a: Electivire|Leftovers|[from] ability: Frisk|[of] p2a: Noivern|[identify]\n|turn|13\n|\n|t:|1699989138\n|move|p2a: Noivern|Boomburst|p1a: Electivire\n|-damage|p1a: Electivire|0 fnt\n|faint|p1a: Electivire\n|-enditem|p2a: Noivern|Throat Spray\n|-boost|p2a: Noivern|spa|1|[from] item: Throat Spray\n|\n|-weather|none\n|upkeep\n|\n|t:|1699989146\n|switch|p1a: Crabominable|Crabominable, M|100\/100\n|turn|14\n|\n|t:|1699989152\n|move|p2a: Noivern|Dark Pulse|p1a: Crabominable\n|-resisted|p1a: Crabominable\n|-damage|p1a: Crabominable|80\/100\n|move|p1a: Crabominable|Ice Hammer|p2a: Noivern\n|-supereffective|p2a: Noivern\n|-damage|p2a: Noivern|0 fnt\n|-unboost|p1a: Crabominable|spe|1\n|faint|p2a: Noivern\n|\n|-heal|p1a: Crabominable|86\/100|[from] item: Leftovers\n|upkeep\n|\n|t:|1699989162\n|switch|p2a: Raichu|Raichu, F, shiny|100\/100\n|turn|15\n|\n|t:|1699989167\n|move|p2a: Raichu|Fake Out|p1a: Crabominable\n|-damage|p1a: Crabominable|72\/100\n|cant|p1a: Crabominable|flinch\n|\n|-heal|p1a: Crabominable|78\/100|[from] item: Leftovers\n|upkeep\n|turn|16\n|\n|t:|1699989185\n|move|p2a: Raichu|Nuzzle|p1a: Crabominable\n|-crit|p1a: Crabominable\n|-damage|p1a: Crabominable|64\/100\n|-status|p1a: Crabominable|par\n|cant|p1a: Crabominable|par\n|\n|-heal|p1a: Crabominable|70\/100 par|[from] item: Leftovers\n|upkeep\n|turn|17\n|\n|t:|1699989195\n|move|p2a: Raichu|Thunder Punch|p1a: Crabominable\n|-damage|p1a: Crabominable|35\/100 par\n|move|p1a: Crabominable|Close Combat|p2a: Raichu\n|-enditem|p2a: Raichu|Focus Sash\n|-damage|p2a: Raichu|1\/100\n|-unboost|p1a: Crabominable|def|1\n|-unboost|p1a: Crabominable|spd|1\n|\n|-heal|p1a: Crabominable|40\/100 par|[from] item: Leftovers\n|upkeep\n|turn|18\n|\n|t:|1699989207\n|move|p2a: Raichu|Thunder Punch|p1a: Crabominable\n|-damage|p1a: Crabominable|0 fnt\n|faint|p1a: Crabominable\n|\n|upkeep\n|\n|t:|1699989212\n|switch|p1a: Breloom|Breloom, M|100\/100 par\n|turn|19\n|\n|t:|1699989237\n|-terastallize|p2a: Raichu|Normal\n|move|p2a: Raichu|Extreme Speed|p1a: Breloom\n|-damage|p1a: Breloom|52\/100 par\n|move|p1a: Breloom|Seed Bomb|p2a: Raichu\n|-damage|p2a: Raichu|0 fnt\n|faint|p2a: Raichu\n|\n|win|Garchompbestpsuedo\n|raw|Garchompbestpsuedo's rating: 1049 &rarr; <strong>1084<\/strong><br \/>(+35 for winning)\n|raw|Adrian Banister's rating: 1079 &rarr; <strong>1055<\/strong><br \/>(-24 for losing)\n|c|\u2606Adrian Banister|ggwp\n|l|\u2606Adrian Banister\n","uploadtime":1699989252,"views":10,"p1id":"garchompbestpsuedo","p2id":"adrianbanister","formatid":"gen9nationaldex","rating":1055,"private":0,"password":""}