{"id":"gen9nationaldex-1995129192","p1":"suuugg","p2":"X1sum4","format":"[Gen 9] National Dex","log":"|html|<div class=\"broadcast-blue\"><strong>[Gen 9] National Dex is currently suspecting Sneasler! For information on how to participate check out the <a href=\"https:\/\/www.smogon.com\/forums\/threads\/sv-national-dex-suspect-8-just-dance.3731534\/\">suspect thread<\/a>.<\/strong><\/div>\n|j|\u2606suuugg\n|j|\u2606X1sum4\n|t:|1700525795\n|gametype|singles\n|player|p1|suuugg|2|1023\n|player|p2|X1sum4|rosa|1000\n|teamsize|p1|6\n|teamsize|p2|5\n|gen|9\n|tier|[Gen 9] National Dex\n|rated|\n|rule|HP Percentage Mod: HP is shown in percentages\n|rule|Endless Battle Clause: Forcing endless battles is banned\n|rule|OHKO Clause: OHKO moves are banned\n|rule|Evasion Clause: Evasion abilities, items, and moves are banned\n|rule|Evasion Abilities Clause: Evasion abilities are banned\n|rule|Evasion Items Clause: Evasion items are banned\n|rule|Evasion Moves Clause: Evasion moves are banned\n|rule|Species Clause: Limit one of each Pok\u00e9mon\n|rule|Sleep Clause Mod: Limit one foe put to sleep\n|clearpoke\n|poke|p1|Audino, F|\n|poke|p1|Tornadus, M|\n|poke|p1|Jirachi|\n|poke|p1|Toxapex, M|\n|poke|p1|Rillaboom, F|\n|poke|p1|Great Tusk|\n|poke|p2|Magnemite, L1|\n|poke|p2|Cottonee, L1, M|\n|poke|p2|Alomomola, M|\n|poke|p2|Jirachi|\n|poke|p2|Poliwag, M|\n|teampreview\n|\n|t:|1700525806\n|start\n|switch|p1a: Tornadus|Tornadus, M|100\/100\n|switch|p2a: Magnemite|Magnemite, L1|100\/100\n|turn|1\n|c|\u2606X1sum4|dont ask\n|\n|t:|1700525815\n|move|p1a: Tornadus|Tailwind|p1a: Tornadus\n|-sidestart|p1: suuugg|move: Tailwind\n|move|p2a: Magnemite|Toxic|p1a: Tornadus\n|-status|p1a: Tornadus|tox\n|\n|-damage|p1a: Tornadus|94\/100 tox|[from] psn\n|upkeep\n|turn|2\n|c|\u2606suuugg|i will not\n|\n|t:|1700525832\n|switch|p1a: Jirachi|Jirachi|100\/100\n|move|p2a: Magnemite|Gyro Ball|p1a: Jirachi\n|-resisted|p1a: Jirachi\n|-damage|p1a: Jirachi|99\/100\n|\n|-heal|p1a: Jirachi|100\/100|[from] item: Leftovers\n|upkeep\n|turn|3\n|c|\u2606X1sum4|lol\n|\n|t:|1700525845\n|move|p2a: Magnemite|Protect|p2a: Magnemite\n|-singleturn|p2a: Magnemite|Protect\n|move|p1a: Jirachi|Ancient Power|p2a: Magnemite\n|-activate|p2a: Magnemite|move: Protect\n|\n|upkeep\n|turn|4\n|\n|t:|1700525854\n|move|p1a: Jirachi|Ancient Power|p2a: Magnemite\n|-resisted|p2a: Magnemite\n|-ability|p2a: Magnemite|Sturdy\n|-damage|p2a: Magnemite|9\/100\n|move|p2a: Magnemite|Gyro Ball|p1a: Jirachi\n|-resisted|p1a: Jirachi\n|-damage|p1a: Jirachi|99\/100\n|\n|-heal|p1a: Jirachi|100\/100|[from] item: Leftovers\n|-sideend|p1: suuugg|move: Tailwind\n|upkeep\n|turn|5\n|\n|t:|1700525861\n|move|p2a: Magnemite|Endure|p2a: Magnemite\n|-singleturn|p2a: Magnemite|move: Endure\n|move|p1a: Jirachi|Ancient Power|p2a: Magnemite\n|-resisted|p2a: Magnemite\n|-activate|p2a: Magnemite|move: Endure\n|-damage|p2a: Magnemite|9\/100\n|\n|upkeep\n|turn|6\n|\n|t:|1700525869\n|move|p2a: Magnemite|Protect||[still]\n|-fail|p2a: Magnemite\n|move|p1a: Jirachi|Ancient Power|p2a: Magnemite\n|-resisted|p2a: Magnemite\n|-damage|p2a: Magnemite|0 fnt\n|faint|p2a: Magnemite\n|\n|upkeep\n|\n|t:|1700525875\n|switch|p2a: Cottonee|Cottonee, L1, M|100\/100\n|turn|7\n|\n|t:|1700525884\n|move|p2a: Cottonee|Leech Seed|p1a: Jirachi\n|-start|p1a: Jirachi|move: Leech Seed\n|move|p1a: Jirachi|Ancient Power|p2a: Cottonee\n|-crit|p2a: Cottonee\n|-enditem|p2a: Cottonee|Focus Sash\n|-damage|p2a: Cottonee|9\/100\n|\n|-damage|p1a: Jirachi|88\/100|[from] Leech Seed|[of] p2a: Cottonee\n|-heal|p2a: Cottonee|100\/100|[silent]\n|upkeep\n|turn|8\n|\n|t:|1700525895\n|move|p1a: Jirachi|Ancient Power|p2a: Cottonee\n|-damage|p2a: Cottonee|0 fnt\n|faint|p2a: Cottonee\n|\n|-heal|p1a: Jirachi|94\/100|[from] item: Leftovers\n|upkeep\n|\n|t:|1700525906\n|switch|p2a: Alomomola|Alomomola, M|100\/100\n|turn|9\n|\n|t:|1700525912\n|move|p1a: Jirachi|Body Slam|p2a: Alomomola\n|-crit|p2a: Alomomola\n|-damage|p2a: Alomomola|80\/100\n|-status|p2a: Alomomola|par\n|move|p2a: Alomomola|Whirlpool|p1a: Jirachi\n|-damage|p1a: Jirachi|88\/100\n|-activate|p1a: Jirachi|move: Whirlpool|[of] p2a: Alomomola\n|\n|-heal|p1a: Jirachi|94\/100|[from] item: Leftovers\n|-damage|p1a: Jirachi|82\/100|[from] Leech Seed|[of] p2a: Alomomola\n|-heal|p2a: Alomomola|88\/100 par|[silent]\n|-damage|p1a: Jirachi|70\/100|[from] move: Whirlpool|[partiallytrapped]\n|upkeep\n|turn|10\n|inactive|Battle timer is ON: inactive players will automatically lose when time's up. (requested by X1sum4)\n|c|\u2606X1sum4|u good???\n|inactive|suuugg has 120 seconds left.\n|inactive|suuugg has 90 seconds left.\n|c|\u2606suuugg|yeah i was on a call with my grandma\n|inactive|suuugg has 60 seconds left.\n|\n|t:|1700526063\n|move|p2a: Alomomola|Aqua Jet|p1a: Jirachi\n|-damage|p1a: Jirachi|58\/100\n|move|p1a: Jirachi|Ancient Power|p2a: Alomomola\n|-damage|p2a: Alomomola|69\/100 par\n|\n|-heal|p1a: Jirachi|64\/100|[from] item: Leftovers\n|-damage|p1a: Jirachi|52\/100|[from] Leech Seed|[of] p2a: Alomomola\n|-heal|p2a: Alomomola|77\/100 par|[silent]\n|-damage|p1a: Jirachi|40\/100|[from] move: Whirlpool|[partiallytrapped]\n|upkeep\n|turn|11\n|c|\u2606X1sum4|oh ok\n|\n|t:|1700526074\n|move|p1a: Jirachi|Ancient Power|p2a: Alomomola\n|-damage|p2a: Alomomola|58\/100 par\n|-boost|p1a: Jirachi|atk|1\n|-boost|p1a: Jirachi|def|1\n|-boost|p1a: Jirachi|spa|1\n|-boost|p1a: Jirachi|spd|1\n|-boost|p1a: Jirachi|spe|1\n|move|p2a: Alomomola|Whirlpool|p1a: Jirachi\n|-crit|p1a: Jirachi\n|-damage|p1a: Jirachi|30\/100\n|\n|-heal|p1a: Jirachi|36\/100|[from] item: Leftovers\n|-damage|p1a: Jirachi|24\/100|[from] Leech Seed|[of] p2a: Alomomola\n|-heal|p2a: Alomomola|66\/100 par|[silent]\n|-damage|p1a: Jirachi|11\/100|[from] move: Whirlpool|[partiallytrapped]\n|upkeep\n|turn|12\n|\n|t:|1700526082\n|move|p1a: Jirachi|Body Slam|p2a: Alomomola\n|-damage|p2a: Alomomola|47\/100 par\n|move|p2a: Alomomola|Wish|p2a: Alomomola\n|\n|-heal|p1a: Jirachi|18\/100|[from] item: Leftovers\n|-damage|p1a: Jirachi|5\/100|[from] Leech Seed|[of] p2a: Alomomola\n|-heal|p2a: Alomomola|55\/100 par|[silent]\n|-damage|p1a: Jirachi|0 fnt|[from] move: Whirlpool|[partiallytrapped]\n|faint|p1a: Jirachi\n|upkeep\n|\n|t:|1700526090\n|switch|p1a: Audino|Audino, F|100\/100\n|turn|13\n|\n|t:|1700526100\n|detailschange|p1a: Audino|Audino-Mega, F\n|-mega|p1a: Audino|Audino|Audinite\n|move|p1a: Audino|Calm Mind|p1a: Audino\n|-boost|p1a: Audino|spa|1\n|-boost|p1a: Audino|spd|1\n|move|p2a: Alomomola|Ice Beam|p1a: Audino\n|-damage|p1a: Audino|95\/100\n|\n|-heal|p2a: Alomomola|100\/100 par|[from] move: Wish|[wisher] Alomomola\n|upkeep\n|turn|14\n|\n|t:|1700526110\n|move|p1a: Audino|Calm Mind|p1a: Audino\n|-boost|p1a: Audino|spa|1\n|-boost|p1a: Audino|spd|1\n|move|p2a: Alomomola|Whirlpool|p1a: Audino\n|-damage|p1a: Audino|93\/100\n|-activate|p1a: Audino|move: Whirlpool|[of] p2a: Alomomola\n|\n|-damage|p1a: Audino|80\/100|[from] move: Whirlpool|[partiallytrapped]\n|upkeep\n|turn|15\n|\n|t:|1700526123\n|move|p1a: Audino|Draining Kiss|p2a: Alomomola\n|-damage|p2a: Alomomola|47\/100 par\n|-heal|p1a: Audino|100\/100|[from] drain|[of] p2a: Alomomola\n|move|p2a: Alomomola|Ice Beam|p1a: Audino\n|-damage|p1a: Audino|97\/100\n|-status|p1a: Audino|frz\n|\n|-damage|p1a: Audino|84\/100 frz|[from] move: Whirlpool|[partiallytrapped]\n|upkeep\n|turn|16\n|c|\u2606X1sum4|OHHH\n|\n|t:|1700526136\n|move|p2a: Alomomola|Aqua Jet|p1a: Audino\n|-damage|p1a: Audino|76\/100 frz\n|cant|p1a: Audino|frz\n|\n|-damage|p1a: Audino|64\/100 frz|[from] move: Whirlpool|[partiallytrapped]\n|upkeep\n|turn|17\n|c|\u2606X1sum4|LETS GOO\n|inactive|suuugg has 120 seconds left.\n|\n|t:|1700526188\n|-curestatus|p1a: Audino|frz|[msg]\n|move|p1a: Audino|Draining Kiss|p2a: Alomomola\n|-damage|p2a: Alomomola|0 fnt\n|-heal|p1a: Audino|100\/100|[from] drain|[of] p2a: Alomomola\n|faint|p2a: Alomomola\n|\n|-end|p1a: Audino|Whirlpool|[partiallytrapped]|[silent]\n|upkeep\n|\n|t:|1700526196\n|switch|p2a: Poliwag|Poliwag, M|100\/100\n|turn|18\n|inactive|suuugg has 90 seconds left.\n|c|\u2606suuugg|how did it take me soo long to get a omniboost with sereene grace acient power but in 2 turns you get  freeze with ice beam\n|\n|t:|1700526230\n|move|p2a: Poliwag|Curse|p2a: Poliwag\n|-unboost|p2a: Poliwag|spe|1\n|-boost|p2a: Poliwag|atk|1\n|-boost|p2a: Poliwag|def|1\n|move|p1a: Audino|Draining Kiss|p2a: Poliwag\n|-enditem|p2a: Poliwag|Focus Sash\n|-damage|p2a: Poliwag|1\/100\n|\n|upkeep\n|turn|19\n|c|\u2606X1sum4|idk lol\n|inactive|suuugg has 90 seconds left.\n|\n|t:|1700526243\n|move|p2a: Poliwag|Endeavor|p1a: Audino\n|-damage|p1a: Audino|1\/100\n|move|p1a: Audino|Draining Kiss|p2a: Poliwag\n|-damage|p2a: Poliwag|0 fnt\n|-heal|p1a: Audino|1\/100|[from] drain|[of] p2a: Poliwag\n|faint|p2a: Poliwag\n|\n|upkeep\n|\n|t:|1700526248\n|switch|p2a: Jirachi|Jirachi|100\/100\n|turn|20\n|\n|t:|1700526253\n|move|p2a: Jirachi|Ancient Power|p1a: Audino\n|-damage|p1a: Audino|0 fnt\n|faint|p1a: Audino\n|\n|upkeep\n|\n|t:|1700526259\n|switch|p1a: Rillaboom|Rillaboom, F|100\/100\n|-fieldstart|move: Grassy Terrain|[from] ability: Grassy Surge|[of] p1a: Rillaboom\n|turn|21\n|\n|t:|1700526264\n|move|p2a: Jirachi|Fire Punch|p1a: Rillaboom\n|-supereffective|p1a: Rillaboom\n|-damage|p1a: Rillaboom|52\/100\n|-status|p1a: Rillaboom|brn\n|move|p1a: Rillaboom|Swords Dance|p1a: Rillaboom\n|-boost|p1a: Rillaboom|atk|2\n|\n|-heal|p1a: Rillaboom|58\/100 brn|[from] Grassy Terrain\n|-heal|p1a: Rillaboom|64\/100 brn|[from] item: Leftovers\n|-damage|p1a: Rillaboom|58\/100 brn|[from] brn\n|upkeep\n|turn|22\n|\n|t:|1700526276\n|switch|p1a: Great Tusk|Great Tusk|100\/100\n|move|p2a: Jirachi|Fire Punch|p1a: Great Tusk\n|-damage|p1a: Great Tusk|84\/100\n|-status|p1a: Great Tusk|brn\n|\n|-heal|p1a: Great Tusk|90\/100 brn|[from] Grassy Terrain\n|-damage|p1a: Great Tusk|84\/100 brn|[from] brn\n|upkeep\n|turn|23\n|c|\u2606suuugg|damn\n|\n|t:|1700526288\n|move|p2a: Jirachi|Iron Head|p1a: Great Tusk\n|-damage|p1a: Great Tusk|57\/100 brn\n|move|p1a: Great Tusk|Headlong Rush|p2a: Jirachi\n|-supereffective|p2a: Jirachi\n|-damage|p2a: Jirachi|32\/100\n|-unboost|p1a: Great Tusk|def|1\n|-unboost|p1a: Great Tusk|spd|1\n|\n|-heal|p2a: Jirachi|39\/100|[from] Grassy Terrain\n|-heal|p2a: Jirachi|45\/100|[from] item: Leftovers\n|-heal|p1a: Great Tusk|64\/100 brn|[from] Grassy Terrain\n|-damage|p1a: Great Tusk|57\/100 brn|[from] brn\n|upkeep\n|turn|24\n|\n|t:|1700526297\n|move|p2a: Jirachi|Iron Head|p1a: Great Tusk\n|-damage|p1a: Great Tusk|20\/100 brn\n|cant|p1a: Great Tusk|flinch\n|\n|-heal|p2a: Jirachi|51\/100|[from] Grassy Terrain\n|-heal|p2a: Jirachi|57\/100|[from] item: Leftovers\n|-heal|p1a: Great Tusk|26\/100 brn|[from] Grassy Terrain\n|-damage|p1a: Great Tusk|20\/100 brn|[from] brn\n|upkeep\n|turn|25\n|\n|t:|1700526303\n|move|p2a: Jirachi|Iron Head|p1a: Great Tusk\n|-damage|p1a: Great Tusk|0 fnt\n|faint|p1a: Great Tusk\n|-end|p1a: Great Tusk|Protosynthesis|[silent]\n|\n|-heal|p2a: Jirachi|63\/100|[from] Grassy Terrain\n|-heal|p2a: Jirachi|69\/100|[from] item: Leftovers\n|-fieldend|move: Grassy Terrain\n|upkeep\n|\n|t:|1700526310\n|switch|p1a: Tornadus|Tornadus, M|94\/100 tox\n|turn|26\n|c|\u2606X1sum4|it was closer t han i thought it would be\n|\n|t:|1700526318\n|move|p2a: Jirachi|Ancient Power|p1a: Tornadus\n|-supereffective|p1a: Tornadus\n|-damage|p1a: Tornadus|71\/100 tox\n|-boost|p2a: Jirachi|atk|1\n|-boost|p2a: Jirachi|def|1\n|-boost|p2a: Jirachi|spa|1\n|-boost|p2a: Jirachi|spd|1\n|-boost|p2a: Jirachi|spe|1\n|move|p1a: Tornadus|U-turn|p2a: Jirachi\n|-damage|p2a: Jirachi|57\/100\n|c|\u2606suuugg|ill brb\n|c|\u2606X1sum4|OOH\n|inactive|suuugg has 120 seconds left.\n|inactive|suuugg has 90 seconds left.\n|\n|t:|1700526362\n|switch|p1a: Rillaboom|Rillaboom, F|58\/100 brn|[from] U-turn\n|-fieldstart|move: Grassy Terrain|[from] ability: Grassy Surge|[of] p1a: Rillaboom\n|\n|-heal|p2a: Jirachi|63\/100|[from] Grassy Terrain\n|-heal|p2a: Jirachi|69\/100|[from] item: Leftovers\n|-heal|p1a: Rillaboom|64\/100 brn|[from] Grassy Terrain\n|-heal|p1a: Rillaboom|70\/100 brn|[from] item: Leftovers\n|-damage|p1a: Rillaboom|64\/100 brn|[from] brn\n|upkeep\n|turn|27\n|inactive|suuugg has 90 seconds left.\n|c|\u2606suuugg|when did tornadus get toxiced\n|c|\u2606X1sum4|cottonee\n|inactive|suuugg has 60 seconds left.\n|c|\u2606suuugg|ohhhh yeah\n|\n|t:|1700526406\n|move|p2a: Jirachi|Stored Power|p1a: Rillaboom\n|-damage|p1a: Rillaboom|0 fnt\n|faint|p1a: Rillaboom\n|\n|-heal|p2a: Jirachi|75\/100|[from] Grassy Terrain\n|-heal|p2a: Jirachi|81\/100|[from] item: Leftovers\n|upkeep\n|inactive|suuugg has 60 seconds left.\n|c|\u2606suuugg|holy shit\n|c|\u2606X1sum4|lol\n|c|\u2606suuugg|i might lose\n|\n|t:|1700526427\n|switch|p1a: Tornadus|Tornadus, M|71\/100 tox\n|turn|28\n|c|\u2606X1sum4|plsss\n|\n|t:|1700526436\n|move|p2a: Jirachi|Ancient Power|p1a: Tornadus\n|-supereffective|p1a: Tornadus\n|-damage|p1a: Tornadus|37\/100 tox\n|-boost|p2a: Jirachi|atk|1\n|-boost|p2a: Jirachi|def|1\n|-boost|p2a: Jirachi|spa|1\n|-boost|p2a: Jirachi|spd|1\n|-boost|p2a: Jirachi|spe|1\n|move|p1a: Tornadus|Air Slash|p2a: Jirachi\n|-resisted|p2a: Jirachi\n|-damage|p2a: Jirachi|73\/100\n|\n|-heal|p2a: Jirachi|79\/100|[from] Grassy Terrain\n|-heal|p2a: Jirachi|85\/100|[from] item: Leftovers\n|-damage|p1a: Tornadus|31\/100 tox|[from] psn\n|upkeep\n|turn|29\n|c|\u2606X1sum4|so clooose\n|inactive|suuugg has 60 seconds left.\n|c|\u2606X1sum4|LETS GOO\n|\n|t:|1700526447\n|move|p2a: Jirachi|Stored Power|p1a: Tornadus\n|-damage|p1a: Tornadus|0 fnt\n|faint|p1a: Tornadus\n|\n|-heal|p2a: Jirachi|91\/100|[from] Grassy Terrain\n|-heal|p2a: Jirachi|98\/100|[from] item: Leftovers\n|upkeep\n|c|\u2606X1sum4|GG\n|\n|t:|1700526451\n|switch|p1a: Toxapex|Toxapex, M|100\/100\n|turn|30\n|\n|t:|1700526458\n|move|p2a: Jirachi|Stored Power|p1a: Toxapex\n|-supereffective|p1a: Toxapex\n|-damage|p1a: Toxapex|0 fnt\n|faint|p1a: Toxapex\n|\n|win|X1sum4\n|raw|suuugg's rating: 1023 &rarr; <strong>1009<\/strong><br \/>(-14 for losing)\n|raw|X1sum4's rating: 1000 &rarr; <strong>1043<\/strong><br \/>(+43 for winning)\n|c|\u2606X1sum4|LETS GOOO OMG\n|c|\u2606suuugg|rng was not my friend\n|c|\u2606X1sum4|i got so lucky\n|c|\u2606X1sum4|saving that lol\n|c|\u2606suuugg|that freeze was so lucky\n|c|\u2606suuugg|you have every right to\n|c|\u2606X1sum4|yaa\n|l|\u2606suuugg\n","uploadtime":1700526562,"views":13,"p1id":"suuugg","p2id":"x1sum4","formatid":"gen9nationaldex","rating":1009,"private":0,"password":""}