{"id":"gen9nationaldex-1995201395","p1":"Jeyley","p2":"FlyingSudowoodo","format":"[Gen 9] National Dex","log":"|html|<div class=\"broadcast-blue\"><strong>[Gen 9] National Dex is currently suspecting Sneasler! For information on how to participate check out the <a href=\"https:\/\/www.smogon.com\/forums\/threads\/sv-national-dex-suspect-8-just-dance.3731534\/\">suspect thread<\/a>.<\/strong><\/div>\n|j|\u2606Jeyley\n|j|\u2606FlyingSudowoodo\n|t:|1700533976\n|gametype|singles\n|player|p1|Jeyley|silver|1284\n|player|p2|FlyingSudowoodo|cheren|1396\n|teamsize|p1|6\n|teamsize|p2|6\n|gen|9\n|tier|[Gen 9] National Dex\n|rated|\n|rule|HP Percentage Mod: HP is shown in percentages\n|rule|Endless Battle Clause: Forcing endless battles is banned\n|rule|OHKO Clause: OHKO moves are banned\n|rule|Evasion Clause: Evasion abilities, items, and moves are banned\n|rule|Evasion Abilities Clause: Evasion abilities are banned\n|rule|Evasion Items Clause: Evasion items are banned\n|rule|Evasion Moves Clause: Evasion moves are banned\n|rule|Species Clause: Limit one of each Pok\u00e9mon\n|rule|Sleep Clause Mod: Limit one foe put to sleep\n|clearpoke\n|poke|p1|Venusaur, M|\n|poke|p1|Gyarados, M|\n|poke|p1|Heracross, M|\n|poke|p1|Flygon, M|\n|poke|p1|Bisharp, M|\n|poke|p1|Talonflame, M|\n|poke|p2|Medicham, M|\n|poke|p2|Alomomola, F|\n|poke|p2|Clodsire, M|\n|poke|p2|Glimmora, F|\n|poke|p2|Tapu Lele|\n|poke|p2|Hawlucha, M|\n|teampreview\n|inactive|Battle timer is ON: inactive players will automatically lose when time's up. (requested by Jeyley)\n|\n|t:|1700533991\n|start\n|switch|p1a: Hercules|Heracross, M|100\/100\n|switch|p2a: Medicham|Medicham, M|100\/100\n|turn|1\n|\n|t:|1700533998\n|switch|p1a: Fenix|Talonflame, M, shiny|100\/100\n|detailschange|p2a: Medicham|Medicham-Mega, M\n|-mega|p2a: Medicham|Medicham|Medichamite\n|move|p2a: Medicham|Fake Out|p1a: Fenix\n|-damage|p1a: Fenix|68\/100\n|\n|upkeep\n|turn|2\n|\n|t:|1700534014\n|switch|p2a: Alomomola|Alomomola, F|100\/100\n|move|p1a: Fenix|Swords Dance|p1a: Fenix\n|-boost|p1a: Fenix|atk|2\n|\n|upkeep\n|turn|3\n|\n|t:|1700534026\n|switch|p1a: Hercules|Heracross, M|100\/100\n|move|p2a: Alomomola|Toxic|p1a: Hercules\n|-status|p1a: Hercules|tox\n|\n|-damage|p1a: Hercules|95\/100 tox|[from] psn\n|upkeep\n|turn|4\n|\n|t:|1700534034\n|move|p1a: Hercules|Lunge|p2a: Alomomola\n|-damage|p2a: Alomomola|62\/100\n|-unboost|p2a: Alomomola|atk|1\n|move|p2a: Alomomola|Flip Turn|p1a: Hercules\n|-damage|p1a: Hercules|79\/100 tox\n|\n|t:|1700534043\n|switch|p2a: Glimmora|Glimmora, F|100\/100|[from] Flip Turn\n|-item|p2a: Glimmora|Air Balloon\n|\n|-damage|p1a: Hercules|67\/100 tox|[from] psn\n|upkeep\n|turn|5\n|\n|t:|1700534052\n|move|p2a: Glimmora|Power Gem|p1a: Hercules\n|-damage|p1a: Hercules|21\/100 tox\n|move|p1a: Hercules|Rock Tomb|p2a: Glimmora\n|-damage|p2a: Glimmora|66\/100\n|-unboost|p2a: Glimmora|spe|1\n|-activate|p2a: Glimmora|ability: Toxic Debris\n|-sidestart|p1: Jeyley|move: Toxic Spikes\n|-enditem|p2a: Glimmora|Air Balloon\n|\n|-damage|p1a: Hercules|3\/100 tox|[from] psn\n|upkeep\n|turn|6\n|inactive|Jeyley has 120 seconds left.\n|\n|t:|1700534095\n|move|p1a: Hercules|Rock Tomb|p2a: Glimmora\n|-damage|p2a: Glimmora|26\/100\n|-unboost|p2a: Glimmora|spe|1\n|-activate|p2a: Glimmora|ability: Toxic Debris\n|-sidestart|p1: Jeyley|move: Toxic Spikes\n|move|p2a: Glimmora|Mortal Spin|p1a: Hercules\n|-damage|p1a: Hercules|0 fnt\n|faint|p1a: Hercules\n|\n|upkeep\n|\n|t:|1700534106\n|switch|p1a: Leviatan|Gyarados, M, shiny|100\/100\n|turn|7\n|\n|t:|1700534113\n|move|p1a: Leviatan|Dragon Dance|p1a: Leviatan\n|-boost|p1a: Leviatan|atk|1\n|-boost|p1a: Leviatan|spe|1\n|move|p2a: Glimmora|Power Gem|p1a: Leviatan\n|-supereffective|p1a: Leviatan\n|-damage|p1a: Leviatan|13\/100\n|\n|-heal|p1a: Leviatan|19\/100|[from] item: Leftovers\n|upkeep\n|turn|8\n|inactive|Jeyley has 120 seconds left.\n|\n|t:|1700534124\n|move|p1a: Leviatan|Earthquake|p2a: Glimmora\n|-supereffective|p2a: Glimmora\n|-damage|p2a: Glimmora|0 fnt\n|faint|p2a: Glimmora\n|-ability|p1a: Leviatan|Moxie|boost\n|-boost|p1a: Leviatan|atk|1\n|\n|-heal|p1a: Leviatan|25\/100|[from] item: Leftovers\n|upkeep\n|\n|t:|1700534131\n|switch|p2a: Medicham|Medicham-Mega, M|100\/100\n|turn|9\n|\n|t:|1700534135\n|move|p2a: Medicham|Fake Out|p1a: Leviatan\n|-damage|p1a: Leviatan|0 fnt\n|faint|p1a: Leviatan\n|\n|upkeep\n|\n|t:|1700534141\n|switch|p1a: Fenix|Talonflame, M, shiny|68\/100\n|turn|10\n|\n|t:|1700534144\n|switch|p2a: Alomomola|Alomomola, F|96\/100\n|move|p1a: Fenix|Dual Wingbeat|p2a: Alomomola\n|-damage|p2a: Alomomola|87\/100\n|-damage|p2a: Alomomola|79\/100\n|-hitcount|p2a: Alomomola|2\n|\n|upkeep\n|turn|11\n|\n|t:|1700534154\n|switch|p1a: Saur|Venusaur, M|100\/100\n|-sideend|p1: Jeyley|move: Toxic Spikes|[of] p1a: Saur\n|move|p2a: Alomomola|Flip Turn|p1a: Saur\n|-resisted|p1a: Saur\n|-damage|p1a: Saur|89\/100\n|\n|t:|1700534160\n|switch|p2a: Tapu Lele|Tapu Lele|100\/100|[from] Flip Turn\n|-fieldstart|move: Psychic Terrain|[from] ability: Psychic Surge|[of] p2a: Tapu Lele\n|\n|upkeep\n|turn|12\n|\n|t:|1700534167\n|switch|p1a: Flash|Bisharp, M|100\/100\n|-terastallize|p2a: Tapu Lele|Psychic\n|move|p2a: Tapu Lele|Psychic|p1a: Flash\n|-immune|p1a: Flash\n|\n|upkeep\n|turn|13\n|\n|t:|1700534176\n|switch|p2a: Alomomola|Alomomola, F|100\/100\n|move|p1a: Flash|Iron Head|p2a: Alomomola\n|-resisted|p2a: Alomomola\n|-damage|p2a: Alomomola|89\/100\n|\n|upkeep\n|turn|14\n|\n|t:|1700534186\n|switch|p1a: Saur|Venusaur, M|89\/100\n|move|p2a: Alomomola|Flip Turn|p1a: Saur\n|-resisted|p1a: Saur\n|-damage|p1a: Saur|78\/100\n|\n|t:|1700534192\n|switch|p2a: Hawlucha|Hawlucha, M|100\/100|[from] Flip Turn\n|-enditem|p2a: Hawlucha|Psychic Seed\n|-boost|p2a: Hawlucha|spd|1|[from] item: Psychic Seed\n|\n|upkeep\n|turn|15\n|\n|t:|1700534199\n|switch|p1a: Fenix|Talonflame, M, shiny|68\/100\n|move|p2a: Hawlucha|Acrobatics|p1a: Fenix\n|-damage|p1a: Fenix|0 fnt\n|-status|p2a: Hawlucha|brn|[from] ability: Flame Body|[of] p1a: Fenix\n|faint|p1a: Fenix\n|\n|-damage|p2a: Hawlucha|94\/100 brn|[from] brn\n|-fieldend|move: Psychic Terrain\n|upkeep\n|\n|t:|1700534210\n|switch|p1a: Flash|Bisharp, M|100\/100\n|turn|16\n|\n|t:|1700534214\n|move|p2a: Hawlucha|Close Combat|p1a: Flash\n|-supereffective|p1a: Flash\n|-enditem|p1a: Flash|Focus Sash\n|-damage|p1a: Flash|1\/100\n|-unboost|p2a: Hawlucha|def|1\n|-unboost|p2a: Hawlucha|spd|1\n|move|p1a: Flash|Psycho Cut|p2a: Hawlucha\n|-supereffective|p2a: Hawlucha\n|-damage|p2a: Hawlucha|12\/100 brn\n|\n|-damage|p2a: Hawlucha|6\/100 brn|[from] brn\n|upkeep\n|turn|17\n|\n|t:|1700534231\n|switch|p2a: Alomomola|Alomomola, F|100\/100\n|move|p1a: Flash|Sucker Punch||[still]\n|-fail|p1a: Flash\n|\n|upkeep\n|turn|18\n|\n|t:|1700534251\n|move|p1a: Flash|Sucker Punch|p2a: Alomomola\n|-damage|p2a: Alomomola|80\/100\n|move|p2a: Alomomola|Flip Turn|p1a: Flash\n|-damage|p1a: Flash|0 fnt\n|faint|p1a: Flash\n|\n|t:|1700534258\n|switch|p2a: Medicham|Medicham-Mega, M|100\/100|[from] Flip Turn\n|\n|upkeep\n|\n|t:|1700534262\n|switch|p1a: Dragonfly|Flygon, M, shiny|100\/100\n|turn|19\n|\n|t:|1700534276\n|move|p2a: Medicham|Fake Out|p1a: Dragonfly\n|-damage|p1a: Dragonfly|69\/100\n|cant|p1a: Dragonfly|flinch\n|\n|-heal|p1a: Dragonfly|75\/100|[from] item: Leftovers\n|upkeep\n|turn|20\n|\n|t:|1700534284\n|-terastallize|p1a: Dragonfly|Steel\n|move|p1a: Dragonfly|Dragon Dance|p1a: Dragonfly\n|-boost|p1a: Dragonfly|atk|1\n|-boost|p1a: Dragonfly|spe|1\n|move|p2a: Medicham|Close Combat|p1a: Dragonfly\n|-supereffective|p1a: Dragonfly\n|-damage|p1a: Dragonfly|0 fnt\n|-unboost|p2a: Medicham|def|1\n|-unboost|p2a: Medicham|spd|1\n|faint|p1a: Dragonfly\n|\n|upkeep\n|\n|t:|1700534295\n|switch|p1a: Saur|Venusaur, M|78\/100\n|turn|21\n|\n|t:|1700534300\n|detailschange|p1a: Saur|Venusaur-Mega, M\n|-mega|p1a: Saur|Venusaur|Venusaurite\n|move|p2a: Medicham|Zen Headbutt|p1a: Saur\n|-supereffective|p1a: Saur\n|-damage|p1a: Saur|0 fnt\n|faint|p1a: Saur\n|\n|win|FlyingSudowoodo\n|raw|Jeyley's rating: 1284 &rarr; <strong>1267<\/strong><br \/>(-17 for losing)\n|raw|FlyingSudowoodo's rating: 1396 &rarr; <strong>1410<\/strong><br \/>(+14 for winning)\n","uploadtime":1700534307,"views":1,"p1id":"jeyley","p2id":"flyingsudowoodo","formatid":"gen9nationaldex","rating":1267,"private":0,"password":""}