{"id":"gen9nationaldex-1999245826","p1":"PhantomXenos","p2":"Venathe","format":"[Gen 9] National Dex","log":"|html|<div class=\"broadcast-blue\"><strong>[Gen 9] National Dex is currently suspecting Sneasler! For information on how to participate check out the <a href=\"https:\/\/www.smogon.com\/forums\/threads\/sv-national-dex-suspect-8-just-dance.3731534\/\">suspect thread<\/a>.<\/strong><\/div>\n|j|\u2606PhantomXenos\n|j|\u2606Venathe\n|t:|1701050186\n|gametype|singles\n|player|p1|PhantomXenos|biker-gen4|\n|player|p2|Venathe|silver|\n|teamsize|p1|6\n|teamsize|p2|6\n|gen|9\n|tier|[Gen 9] National Dex\n|rule|HP Percentage Mod: HP is shown in percentages\n|rule|Endless Battle Clause: Forcing endless battles is banned\n|rule|OHKO Clause: OHKO moves are banned\n|rule|Evasion Clause: Evasion abilities, items, and moves are banned\n|rule|Evasion Abilities Clause: Evasion abilities are banned\n|rule|Evasion Items Clause: Evasion items are banned\n|rule|Evasion Moves Clause: Evasion moves are banned\n|rule|Species Clause: Limit one of each Pok\u00e9mon\n|rule|Sleep Clause Mod: Limit one foe put to sleep\n|clearpoke\n|poke|p1|Sneasler, M|\n|poke|p1|Greninja-*, M|\n|poke|p1|Dragonite, M|\n|poke|p1|Corviknight, M|\n|poke|p1|Medicham, F|\n|poke|p1|Volcarona, M|\n|poke|p2|Hydreigon, M|\n|poke|p2|Dragonite, F|\n|poke|p2|Garchomp, M|\n|poke|p2|Dragalge, F|\n|poke|p2|Salamence, F|\n|poke|p2|Kommo-o, M|\n|teampreview\n|\n|t:|1701050201\n|start\n|switch|p1a: Dragonite|Dragonite, M|100\/100\n|switch|p2a: Hydreigon|Hydreigon, M|100\/100\n|turn|1\n|\n|t:|1701050208\n|move|p2a: Hydreigon|U-turn|p1a: Dragonite\n|-resisted|p1a: Dragonite\n|-damage|p1a: Dragonite|97\/100\n|\n|t:|1701050224\n|switch|p2a: Kommo-o|Kommo-o, M|100\/100|[from] U-turn\n|move|p1a: Dragonite|Dragon Claw|p2a: Kommo-o\n|-supereffective|p2a: Kommo-o\n|-damage|p2a: Kommo-o|14\/100\n|\n|upkeep\n|turn|2\n|\n|t:|1701050233\n|move|p2a: Kommo-o|Clanging Scales|p1a: Dragonite\n|-supereffective|p1a: Dragonite\n|-damage|p1a: Dragonite|21\/100\n|-unboost|p2a: Kommo-o|def|1\n|move|p1a: Dragonite|Dragon Claw|p2a: Kommo-o\n|-supereffective|p2a: Kommo-o\n|-damage|p2a: Kommo-o|0 fnt\n|faint|p2a: Kommo-o\n|\n|upkeep\n|\n|t:|1701050260\n|switch|p2a: Salamence|Salamence, F|100\/100\n|turn|3\n|\n|t:|1701050265\n|switch|p1a: Volcarona|Volcarona, M, shiny|100\/100\n|move|p2a: Salamence|Outrage|p1a: Volcarona\n|-damage|p1a: Volcarona|0 fnt\n|-status|p2a: Salamence|brn|[from] ability: Flame Body|[of] p1a: Volcarona\n|faint|p1a: Volcarona\n|-ability|p2a: Salamence|Moxie|boost\n|-boost|p2a: Salamence|atk|1\n|-damage|p2a: Salamence|91\/100 brn|[from] item: Life Orb\n|\n|-damage|p2a: Salamence|84\/100 brn|[from] brn\n|upkeep\n|\n|t:|1701050269\n|switch|p1a: Medicham|Medicham, F, shiny|100\/100\n|turn|4\n|\n|t:|1701050273\n|move|p1a: Medicham|Fake Out|p2a: Salamence\n|-damage|p2a: Salamence|64\/100 brn\n|cant|p2a: Salamence|flinch\n|\n|-damage|p2a: Salamence|58\/100 brn|[from] brn\n|-start|p2a: Salamence|confusion|[fatigue]\n|upkeep\n|turn|5\n|\n|t:|1701050306\n|switch|p1a: Corviknight|Corviknight, M, shiny|100\/100\n|-ability|p1a: Corviknight|Pressure\n|-activate|p2a: Salamence|confusion\n|move|p2a: Salamence|Outrage|p1a: Corviknight\n|-resisted|p1a: Corviknight\n|-damage|p1a: Corviknight|80\/100\n|-damage|p2a: Salamence|48\/100 brn|[from] item: Life Orb\n|\n|-heal|p1a: Corviknight|86\/100|[from] item: Leftovers\n|-damage|p2a: Salamence|42\/100 brn|[from] brn\n|upkeep\n|turn|6\n|\n|t:|1701050314\n|-activate|p2a: Salamence|confusion\n|move|p2a: Salamence|Outrage|p1a: Corviknight|[from]lockedmove\n|-resisted|p1a: Corviknight\n|-damage|p1a: Corviknight|66\/100\n|-damage|p2a: Salamence|32\/100 brn|[from] item: Life Orb\n|move|p1a: Corviknight|Brave Bird|p2a: Salamence\n|-damage|p2a: Salamence|0 fnt\n|faint|p2a: Salamence\n|-damage|p1a: Corviknight|57\/100|[from] Recoil\n|\n|-heal|p1a: Corviknight|63\/100|[from] item: Leftovers\n|upkeep\n|\n|t:|1701050318\n|switch|p2a: Hydreigon|Hydreigon, M|100\/100\n|turn|7\n|\n|t:|1701050321\n|move|p2a: Hydreigon|Flamethrower|p1a: Corviknight\n|-supereffective|p1a: Corviknight\n|-damage|p1a: Corviknight|4\/100\n|move|p1a: Corviknight|Roost|p1a: Corviknight\n|-heal|p1a: Corviknight|54\/100\n|-singleturn|p1a: Corviknight|move: Roost\n|\n|-heal|p1a: Corviknight|60\/100|[from] item: Leftovers\n|upkeep\n|turn|8\n|\n|t:|1701050326\n|move|p2a: Hydreigon|Flamethrower|p1a: Corviknight\n|-supereffective|p1a: Corviknight\n|-damage|p1a: Corviknight|4\/100\n|move|p1a: Corviknight|U-turn|p2a: Hydreigon\n|-supereffective|p2a: Hydreigon\n|-damage|p2a: Hydreigon|66\/100\n|\n|t:|1701050330\n|switch|p1a: Medicham|Medicham, F, shiny|100\/100|[from] U-turn\n|\n|upkeep\n|turn|9\n|\n|t:|1701050341\n|switch|p2a: Dragalge|Dragalge, F|100\/100\n|move|p1a: Medicham|Fake Out|p2a: Dragalge\n|-crit|p2a: Dragalge\n|-damage|p2a: Dragalge|72\/100\n|\n|upkeep\n|turn|10\n|\n|t:|1701050347\n|move|p1a: Medicham|Zen Headbutt|p2a: Dragalge|[miss]\n|-miss|p1a: Medicham|p2a: Dragalge\n|move|p2a: Dragalge|Toxic Spikes|p1a: Medicham\n|-sidestart|p1: PhantomXenos|move: Toxic Spikes\n|\n|upkeep\n|turn|11\n|\n|t:|1701050376\n|switch|p2a: Garchomp|Garchomp, M|100\/100\n|move|p1a: Medicham|Zen Headbutt|p2a: Garchomp\n|-damage|p2a: Garchomp|45\/100\n|-damage|p1a: Medicham|88\/100|[from] ability: Rough Skin|[of] p2a: Garchomp\n|-damage|p1a: Medicham|72\/100|[from] item: Rocky Helmet|[of] p2a: Garchomp\n|\n|upkeep\n|turn|12\n|\n|t:|1701050389\n|switch|p1a: Corviknight|Corviknight, M, shiny|4\/100\n|-ability|p1a: Corviknight|Pressure\n|move|p2a: Garchomp|Earthquake|p1a: Corviknight\n|-immune|p1a: Corviknight\n|\n|-heal|p1a: Corviknight|10\/100|[from] item: Leftovers\n|upkeep\n|turn|13\n|\n|t:|1701050395\n|move|p1a: Corviknight|Roost|p1a: Corviknight\n|-heal|p1a: Corviknight|60\/100\n|-singleturn|p1a: Corviknight|move: Roost\n|move|p2a: Garchomp|Dragon Tail|p1a: Corviknight\n|-resisted|p1a: Corviknight\n|-damage|p1a: Corviknight|52\/100\n|drag|p1a: Greninja|Greninja, M|100\/100\n|-status|p1a: Greninja|psn\n|\n|-damage|p1a: Greninja|88\/100 psn|[from] psn\n|upkeep\n|turn|14\n|\n|t:|1701050416\n|switch|p2a: Dragalge|Dragalge, F|72\/100\n|move|p1a: Greninja|Ice Beam|p2a: Dragalge\n|-supereffective|p2a: Dragalge\n|-damage|p2a: Dragalge|12\/100\n|-damage|p1a: Greninja|78\/100 psn|[from] item: Life Orb\n|\n|-damage|p1a: Greninja|66\/100 psn|[from] psn\n|upkeep\n|turn|15\n|\n|t:|1701050425\n|move|p1a: Greninja|Ice Beam|p2a: Dragalge\n|-supereffective|p2a: Dragalge\n|-damage|p2a: Dragalge|0 fnt\n|faint|p2a: Dragalge\n|-ability|p1a: Greninja|Battle Bond|boost\n|-boost|p1a: Greninja|atk|1\n|-boost|p1a: Greninja|spa|1\n|-boost|p1a: Greninja|spe|1\n|-activate|p1a: Greninja|ability: Battle Bond\n|-damage|p1a: Greninja|56\/100 psn|[from] item: Life Orb\n|\n|-damage|p1a: Greninja|44\/100 psn|[from] psn\n|upkeep\n|\n|t:|1701050429\n|switch|p2a: Hydreigon|Hydreigon, M|66\/100\n|turn|16\n|\n|t:|1701050433\n|move|p1a: Greninja|Ice Beam|p2a: Hydreigon\n|-supereffective|p2a: Hydreigon\n|-damage|p2a: Hydreigon|0 fnt\n|faint|p2a: Hydreigon\n|-damage|p1a: Greninja|34\/100 psn|[from] item: Life Orb\n|\n|-damage|p1a: Greninja|22\/100 psn|[from] psn\n|upkeep\n|\n|t:|1701050439\n|switch|p2a: Dragonite|Dragonite, F|100\/100\n|turn|17\n|\n|t:|1701050449\n|move|p1a: Greninja|Ice Beam|p2a: Dragonite\n|-supereffective|p2a: Dragonite\n|-damage|p2a: Dragonite|0 fnt\n|faint|p2a: Dragonite\n|-damage|p1a: Greninja|12\/100 psn|[from] item: Life Orb\n|\n|-damage|p1a: Greninja|0 fnt|[from] psn\n|faint|p1a: Greninja\n|upkeep\n|\n|t:|1701050456\n|switch|p1a: Sneasler|Sneasler, M|100\/100\n|switch|p2a: Garchomp|Garchomp, M|45\/100\n|-sideend|p1: PhantomXenos|move: Toxic Spikes|[of] p1a: Sneasler\n|turn|18\n|\n|t:|1701050466\n|move|p1a: Sneasler|Close Combat|p2a: Garchomp\n|-damage|p2a: Garchomp|0 fnt\n|-unboost|p1a: Sneasler|def|1\n|-unboost|p1a: Sneasler|spd|1\n|-damage|p1a: Sneasler|88\/100|[from] ability: Rough Skin|[of] p2a: Garchomp\n|-damage|p1a: Sneasler|72\/100|[from] item: Rocky Helmet|[of] p2a: Garchomp\n|faint|p2a: Garchomp\n|\n|win|PhantomXenos\n","uploadtime":1701050475,"views":19,"p1id":"phantomxenos","p2id":"venathe","formatid":"gen9nationaldex","rating":0,"private":0,"password":""}