{"id":"gen9nationaldex-1999986722","p1":"eileenr","p2":"cgbxxdf ny","format":"[Gen 9] National Dex","log":"|html|<div class=\"broadcast-blue\"><strong>[Gen 9] National Dex is currently suspecting Sneasler! For information on how to participate check out the <a href=\"https:\/\/www.smogon.com\/forums\/threads\/sv-national-dex-suspect-8-just-dance.3731534\/\">suspect thread<\/a>.<\/strong><\/div>\n|j|\u2606eileenr\n|j|\u2606cgbxxdf ny\n|t:|1701137946\n|gametype|singles\n|player|p1|eileenr|maid|1179\n|player|p2|cgbxxdf ny|170|1002\n|teamsize|p1|6\n|teamsize|p2|6\n|gen|9\n|tier|[Gen 9] National Dex\n|rated|\n|rule|HP Percentage Mod: HP is shown in percentages\n|rule|Endless Battle Clause: Forcing endless battles is banned\n|rule|OHKO Clause: OHKO moves are banned\n|rule|Evasion Clause: Evasion abilities, items, and moves are banned\n|rule|Evasion Abilities Clause: Evasion abilities are banned\n|rule|Evasion Items Clause: Evasion items are banned\n|rule|Evasion Moves Clause: Evasion moves are banned\n|rule|Species Clause: Limit one of each Pok\u00e9mon\n|rule|Sleep Clause Mod: Limit one foe put to sleep\n|clearpoke\n|poke|p1|Dhelmise|\n|poke|p1|Druddigon, M|\n|poke|p1|Stunfisk, F|\n|poke|p1|Crawdaunt, F|\n|poke|p1|Espeon, M|\n|poke|p1|Noivern, F|\n|poke|p2|Blaziken, F|\n|poke|p2|Crustle, M|\n|poke|p2|Avalugg, M|\n|poke|p2|Chandelure, M|\n|poke|p2|Skeledirge, M|\n|poke|p2|Poliwrath, M|\n|teampreview\n|inactive|Battle timer is ON: inactive players will automatically lose when time's up. (requested by eileenr)\n|\n|t:|1701137961\n|start\n|switch|p1a: Druddigon|Druddigon, M|100\/100\n|switch|p2a: Skeledirge|Skeledirge, M|100\/100\n|turn|1\n|\n|t:|1701137967\n|move|p2a: Skeledirge|Torch Song|p1a: Druddigon\n|-resisted|p1a: Druddigon\n|-damage|p1a: Druddigon|80\/100\n|-boost|p2a: Skeledirge|spa|1\n|-enditem|p2a: Skeledirge|Throat Spray\n|-boost|p2a: Skeledirge|spa|1|[from] item: Throat Spray\n|move|p1a: Druddigon|Stealth Rock|p2a: Skeledirge\n|-sidestart|p2: cgbxxdf ny|move: Stealth Rock\n|\n|upkeep\n|turn|2\n|\n|t:|1701137978\n|move|p2a: Skeledirge|Hyper Voice|p1a: Druddigon\n|-damage|p1a: Druddigon|22\/100\n|move|p1a: Druddigon|Dragon Tail|p2a: Skeledirge\n|-crit|p2a: Skeledirge\n|-damage|p2a: Skeledirge|60\/100\n|drag|p2a: Poliwrath|Poliwrath, M|100\/100\n|-damage|p2a: Poliwrath|94\/100|[from] Stealth Rock\n|\n|upkeep\n|turn|3\n|\n|t:|1701137989\n|move|p2a: Poliwrath|Circle Throw|p1a: Druddigon\n|-damage|p1a: Druddigon|0 fnt\n|-damage|p2a: Poliwrath|78\/100|[from] item: Rocky Helmet|[of] p1a: Druddigon\n|faint|p1a: Druddigon\n|-damage|p2a: Poliwrath|68\/100|[from] item: Life Orb\n|\n|upkeep\n|\n|t:|1701137994\n|switch|p1a: Espeon|Espeon, M|100\/100\n|turn|4\n|inactive|cgbxxdf ny has 120 seconds left.\n|\n|t:|1701138025\n|move|p1a: Espeon|Psychic|p2a: Poliwrath\n|-supereffective|p2a: Poliwrath\n|-damage|p2a: Poliwrath|0 fnt\n|faint|p2a: Poliwrath\n|\n|upkeep\n|inactive|cgbxxdf ny has 120 seconds left.\n|\n|t:|1701138034\n|switch|p2a: Skeledirge|Skeledirge, M|60\/100\n|-damage|p2a: Skeledirge|35\/100|[from] Stealth Rock\n|turn|5\n|\n|t:|1701138040\n|move|p1a: Espeon|Psychic|p2a: Skeledirge\n|-damage|p2a: Skeledirge|0 fnt\n|faint|p2a: Skeledirge\n|\n|upkeep\n|\n|t:|1701138046\n|switch|p2a: Chandelure|Chandelure, M, shiny|100\/100\n|-damage|p2a: Chandelure|75\/100|[from] Stealth Rock\n|turn|6\n|\n|t:|1701138051\n|move|p1a: Espeon|Psychic|p2a: Chandelure\n|-damage|p2a: Chandelure|0 fnt\n|faint|p2a: Chandelure\n|\n|upkeep\n|\n|t:|1701138057\n|switch|p2a: Blaziken|Blaziken, F, shiny|100\/100\n|turn|7\n|\n|t:|1701138067\n|-terastallize|p2a: Blaziken|Water\n|move|p1a: Espeon|Psychic|p2a: Blaziken\n|-damage|p2a: Blaziken|15\/100\n|-unboost|p2a: Blaziken|spd|1\n|move|p2a: Blaziken|Blaze Kick|p1a: Espeon\n|-damage|p1a: Espeon|18\/100\n|\n|-ability|p2a: Blaziken|Speed Boost|boost\n|-boost|p2a: Blaziken|spe|1\n|upkeep\n|turn|8\n|\n|t:|1701138077\n|move|p1a: Espeon|Psychic|p2a: Blaziken\n|-damage|p2a: Blaziken|0 fnt\n|faint|p2a: Blaziken\n|\n|upkeep\n|\n|t:|1701138087\n|switch|p2a: Avalugg|Avalugg, M, shiny|100\/100\n|-damage|p2a: Avalugg|75\/100|[from] Stealth Rock\n|turn|9\n|\n|t:|1701138093\n|-terastallize|p1a: Espeon|Psychic\n|move|p1a: Espeon|Psychic|p2a: Avalugg\n|-damage|p2a: Avalugg|0 fnt\n|faint|p2a: Avalugg\n|\n|upkeep\n|\n|t:|1701138099\n|switch|p2a: Crustle|Crustle, M|100\/100\n|-damage|p2a: Crustle|76\/100|[from] Stealth Rock\n|turn|10\n|\n|t:|1701138109\n|move|p1a: Espeon|Psychic|p2a: Crustle\n|-damage|p2a: Crustle|0 fnt\n|faint|p2a: Crustle\n|\n|win|eileenr\n|raw|eileenr's rating: 1179 &rarr; <strong>1192<\/strong><br \/>(+13 for winning)\n|raw|cgbxxdf ny's rating: 1002 &rarr; <strong>1000<\/strong><br \/>(-2 for losing)\n|l|\u2606cgbxxdf ny\n","uploadtime":1701138117,"views":3,"p1id":"eileenr","p2id":"cgbxxdfny","formatid":"gen9nationaldex","rating":1000,"private":0,"password":""}