{"id":"gen9nationaldex-1998923256","p1":"john681","p2":"Skye32","format":"[Gen 9] National Dex","log":"|html|<div class=\"broadcast-blue\"><strong>[Gen 9] National Dex is currently suspecting Sneasler! For information on how to participate check out the <a href=\"https:\/\/www.smogon.com\/forums\/threads\/sv-national-dex-suspect-8-just-dance.3731534\/\">suspect thread<\/a>.<\/strong><\/div>\n|j|\u2606john681\n|j|\u2606Skye32\n|t:|1701013561\n|gametype|singles\n|player|p1|john681|lusamine-nihilego|\n|player|p2|Skye32|2|\n|teamsize|p1|6\n|teamsize|p2|6\n|gen|9\n|tier|[Gen 9] National Dex\n|rule|HP Percentage Mod: HP is shown in percentages\n|rule|Endless Battle Clause: Forcing endless battles is banned\n|rule|OHKO Clause: OHKO moves are banned\n|rule|Evasion Clause: Evasion abilities, items, and moves are banned\n|rule|Evasion Abilities Clause: Evasion abilities are banned\n|rule|Evasion Items Clause: Evasion items are banned\n|rule|Evasion Moves Clause: Evasion moves are banned\n|rule|Species Clause: Limit one of each Pok\u00e9mon\n|rule|Sleep Clause Mod: Limit one foe put to sleep\n|clearpoke\n|poke|p1|Urshifu-*, M|\n|poke|p1|Pelipper, M|\n|poke|p1|Swampert, M|\n|poke|p1|Floatzel, M|\n|poke|p1|Rotom-Wash|\n|poke|p1|Samurott-Hisui, F|\n|poke|p2|Ogerpon-Cornerstone, F|\n|poke|p2|Tyranitar, F|\n|poke|p2|Glimmora, M|\n|poke|p2|Garganacl, M|\n|poke|p2|Minior-Violet|\n|poke|p2|Excadrill, M|\n|teampreview\n|inactive|Battle timer is ON: inactive players will automatically lose when time's up. (requested by john681)\n|inactive|Skye32 has 270 seconds left.\n|inactiveoff|Battle timer is now OFF.\n|\n|t:|1701013608\n|start\n|switch|p1a: Pelipper|Pelipper, M|100\/100\n|switch|p2a: Ogerpon|Ogerpon-Cornerstone, F|100\/100\n|-weather|RainDance|[from] ability: Drizzle|[of] p1a: Pelipper\n|turn|1\n|\n|t:|1701013620\n|move|p2a: Ogerpon|Trailblaze|p1a: Pelipper\n|-damage|p1a: Pelipper|70\/100\n|-boost|p2a: Ogerpon|spe|1\n|move|p1a: Pelipper|Ice Beam|p2a: Ogerpon\n|-supereffective|p2a: Ogerpon\n|-damage|p2a: Ogerpon|40\/100\n|-status|p2a: Ogerpon|frz\n|\n|-weather|RainDance|[upkeep]\n|upkeep\n|turn|2\n|c|\u2606john681|oh damn\n|c|\u2606Skye32|Welp\n|\n|t:|1701013647\n|cant|p2a: Ogerpon|frz\n|move|p1a: Pelipper|U-turn|p2a: Ogerpon\n|-supereffective|p2a: Ogerpon\n|-damage|p2a: Ogerpon|18\/100 frz\n|\n|t:|1701013650\n|switch|p1a: Urshifu|Urshifu-Rapid-Strike, M|100\/100|[from] U-turn\n|\n|-weather|RainDance|[upkeep]\n|upkeep\n|turn|3\n|\n|t:|1701013664\n|cant|p2a: Ogerpon|frz\n|move|p1a: Urshifu|Surging Strikes|p2a: Ogerpon\n|-crit|p2a: Ogerpon\n|-damage|p2a: Ogerpon|0 fnt\n|faint|p2a: Ogerpon\n|-hitcount|p2: Ogerpon|1\n|\n|-weather|RainDance|[upkeep]\n|upkeep\n|\n|t:|1701013703\n|switch|p2a: Tyranitar|Tyranitar, F|100\/100\n|-weather|Sandstorm|[from] ability: Sand Stream|[of] p2a: Tyranitar\n|turn|4\n|\n|t:|1701013710\n|switch|p1a: Pelipper|Pelipper, M|70\/100\n|-weather|RainDance|[from] ability: Drizzle|[of] p1a: Pelipper\n|switch|p2a: Glimmora|Glimmora, M|100\/100\n|\n|-weather|RainDance|[upkeep]\n|upkeep\n|turn|5\n|\n|t:|1701013727\n|move|p2a: Glimmora|Sludge Wave|p1a: Pelipper\n|-damage|p1a: Pelipper|0 fnt\n|faint|p1a: Pelipper\n|\n|-weather|RainDance|[upkeep]\n|upkeep\n|\n|t:|1701013732\n|switch|p1a: Urshifu|Urshifu-Rapid-Strike, M|100\/100\n|turn|6\n|\n|t:|1701013736\n|move|p2a: Glimmora|Sludge Wave|p1a: Urshifu\n|-damage|p1a: Urshifu|22\/100\n|move|p1a: Urshifu|Surging Strikes|p2a: Glimmora\n|-supereffective|p2a: Glimmora\n|-crit|p2a: Glimmora\n|-damage|p2a: Glimmora|0 fnt\n|-activate|p2a: Glimmora|ability: Toxic Debris\n|-sidestart|p1: john681|move: Toxic Spikes\n|faint|p2a: Glimmora\n|-hitcount|p2: Glimmora|1\n|\n|-weather|RainDance|[upkeep]\n|upkeep\n|\n|t:|1701013751\n|switch|p2a: Garganacl|Garganacl, M|100\/100\n|turn|7\n|\n|t:|1701013753\n|-terastallize|p2a: Garganacl|Grass\n|move|p1a: Urshifu|Surging Strikes|p2a: Garganacl\n|-resisted|p2a: Garganacl\n|-crit|p2a: Garganacl\n|-damage|p2a: Garganacl|85\/100\n|-resisted|p2a: Garganacl\n|-crit|p2a: Garganacl\n|-damage|p2a: Garganacl|69\/100\n|-resisted|p2a: Garganacl\n|-crit|p2a: Garganacl\n|-damage|p2a: Garganacl|53\/100\n|-hitcount|p2a: Garganacl|3\n|move|p2a: Garganacl|Salt Cure|p1a: Urshifu\n|-resisted|p1a: Urshifu\n|-damage|p1a: Urshifu|15\/100\n|-start|p1a: Urshifu|Salt Cure\n|\n|-weather|RainDance|[upkeep]\n|-heal|p2a: Garganacl|59\/100|[from] item: Leftovers\n|-damage|p1a: Urshifu|0 fnt|[from] Salt Cure\n|faint|p1a: Urshifu\n|upkeep\n|c|\u2606john681|ahhhh urshifu\n|\n|t:|1701013761\n|switch|p1a: Floatzel|Floatzel, M|100\/100\n|-status|p1a: Floatzel|psn\n|turn|8\n|\n|t:|1701013769\n|move|p1a: Floatzel|Taunt|p2a: Garganacl\n|-start|p2a: Garganacl|move: Taunt\n|cant|p2a: Garganacl|move: Taunt|Recover\n|\n|-weather|none\n|-heal|p2a: Garganacl|65\/100|[from] item: Leftovers\n|-damage|p1a: Floatzel|88\/100 psn|[from] psn\n|upkeep\n|turn|9\n|\n|t:|1701013805\n|switch|p1a: Rotom|Rotom-Wash|100\/100\n|move|p2a: Garganacl|Salt Cure|p1a: Rotom\n|-damage|p1a: Rotom|80\/100\n|-start|p1a: Rotom|Salt Cure\n|\n|-heal|p2a: Garganacl|72\/100|[from] item: Leftovers\n|-damage|p1a: Rotom|55\/100|[from] Salt Cure\n|upkeep\n|turn|10\n|\n|t:|1701013827\n|move|p1a: Rotom|Dark Pulse|p2a: Garganacl\n|-damage|p2a: Garganacl|55\/100\n|move|p2a: Garganacl|Body Press|p1a: Rotom\n|-damage|p1a: Rotom|25\/100\n|\n|-heal|p2a: Garganacl|61\/100|[from] item: Leftovers\n|-damage|p1a: Rotom|0 fnt|[from] Salt Cure\n|faint|p1a: Rotom\n|-end|p2a: Garganacl|move: Taunt\n|upkeep\n|\n|t:|1701013837\n|switch|p1a: Floatzel|Floatzel, M|88\/100 psn\n|turn|11\n|\n|t:|1701013842\n|move|p1a: Floatzel|Taunt|p2a: Garganacl\n|-start|p2a: Garganacl|move: Taunt\n|move|p2a: Garganacl|Salt Cure|p1a: Floatzel\n|-damage|p1a: Floatzel|63\/100 psn\n|-start|p1a: Floatzel|Salt Cure\n|\n|-heal|p2a: Garganacl|67\/100|[from] item: Leftovers\n|-damage|p1a: Floatzel|51\/100 psn|[from] psn\n|-damage|p1a: Floatzel|26\/100 psn|[from] Salt Cure\n|upkeep\n|turn|12\n|\n|t:|1701013879\n|switch|p1a: Samurott|Samurott-Hisui, F|100\/100\n|-status|p1a: Samurott|psn\n|switch|p2a: Minior|Minior-Violet|100\/100\n|-formechange|p2a: Minior|Minior-Meteor||[from] ability: Shields Down\n|\n|-damage|p1a: Samurott|88\/100 psn|[from] psn\n|upkeep\n|turn|13\n|\n|t:|1701013888\n|move|p1a: Samurott|Razor Shell|p2a: Minior\n|-supereffective|p2a: Minior\n|-damage|p2a: Minior|0 fnt\n|faint|p2a: Minior\n|\n|-heal|p1a: Samurott|94\/100 psn|[from] item: Leftovers\n|-damage|p1a: Samurott|82\/100 psn|[from] psn\n|upkeep\n|\n|t:|1701013893\n|switch|p2a: Garganacl|Garganacl, M, tera:Grass|67\/100\n|turn|14\n|\n|t:|1701013896\n|move|p1a: Samurott|Ceaseless Edge|p2a: Garganacl\n|-damage|p2a: Garganacl|38\/100\n|-sidestart|p2: Skye32|Spikes\n|move|p2a: Garganacl|Recover|p2a: Garganacl\n|-heal|p2a: Garganacl|88\/100\n|\n|-heal|p1a: Samurott|88\/100 psn|[from] item: Leftovers\n|-heal|p2a: Garganacl|94\/100|[from] item: Leftovers\n|-damage|p1a: Samurott|76\/100 psn|[from] psn\n|upkeep\n|turn|15\n|\n|t:|1701013900\n|move|p1a: Samurott|Ceaseless Edge|p2a: Garganacl\n|-damage|p2a: Garganacl|66\/100\n|-sidestart|p2: Skye32|Spikes\n|move|p2a: Garganacl|Iron Defense|p2a: Garganacl\n|-boost|p2a: Garganacl|def|2\n|\n|-heal|p1a: Samurott|82\/100 psn|[from] item: Leftovers\n|-heal|p2a: Garganacl|72\/100|[from] item: Leftovers\n|-damage|p1a: Samurott|69\/100 psn|[from] psn\n|upkeep\n|turn|16\n|\n|t:|1701013903\n|move|p1a: Samurott|Ceaseless Edge|p2a: Garganacl\n|-damage|p2a: Garganacl|56\/100\n|-sidestart|p2: Skye32|Spikes\n|move|p2a: Garganacl|Iron Defense|p2a: Garganacl\n|-boost|p2a: Garganacl|def|2\n|\n|-heal|p1a: Samurott|76\/100 psn|[from] item: Leftovers\n|-heal|p2a: Garganacl|62\/100|[from] item: Leftovers\n|-damage|p1a: Samurott|63\/100 psn|[from] psn\n|upkeep\n|turn|17\n|\n|t:|1701013908\n|move|p1a: Samurott|Protect|p1a: Samurott\n|-singleturn|p1a: Samurott|Protect\n|move|p2a: Garganacl|Recover|p2a: Garganacl\n|-heal|p2a: Garganacl|100\/100\n|\n|-heal|p1a: Samurott|69\/100 psn|[from] item: Leftovers\n|-damage|p1a: Samurott|57\/100 psn|[from] psn\n|upkeep\n|turn|18\n|\n|t:|1701013913\n|move|p1a: Samurott|Ceaseless Edge|p2a: Garganacl|[miss]\n|-miss|p1a: Samurott|p2a: Garganacl\n|move|p2a: Garganacl|Salt Cure|p1a: Samurott\n|-damage|p1a: Samurott|39\/100 psn\n|-start|p1a: Samurott|Salt Cure\n|\n|-heal|p1a: Samurott|45\/100 psn|[from] item: Leftovers\n|-damage|p1a: Samurott|33\/100 psn|[from] psn\n|-damage|p1a: Samurott|8\/100 psn|[from] Salt Cure\n|upkeep\n|turn|19\n|\n|t:|1701013920\n|move|p1a: Samurott|Ceaseless Edge|p2a: Garganacl|[miss]\n|-miss|p1a: Samurott|p2a: Garganacl\n|move|p2a: Garganacl|Iron Defense|p2a: Garganacl\n|-boost|p2a: Garganacl|def|2\n|\n|-heal|p1a: Samurott|14\/100 psn|[from] item: Leftovers\n|-damage|p1a: Samurott|1\/100 psn|[from] psn\n|-damage|p1a: Samurott|0 fnt|[from] Salt Cure\n|faint|p1a: Samurott\n|upkeep\n|\n|t:|1701013921\n|switch|p1a: Swampert|Swampert, M|100\/100\n|-status|p1a: Swampert|psn\n|turn|20\n|\n|t:|1701013924\n|detailschange|p1a: Swampert|Swampert-Mega, M\n|-mega|p1a: Swampert|Swampert|Swampertite\n|move|p1a: Swampert|Dynamic Punch|p2a: Garganacl\n|-damage|p2a: Garganacl|94\/100\n|-start|p2a: Garganacl|confusion\n|-activate|p2a: Garganacl|confusion\n|move|p2a: Garganacl|Salt Cure|p1a: Swampert\n|-resisted|p1a: Swampert\n|-damage|p1a: Swampert|94\/100 psn\n|-start|p1a: Swampert|Salt Cure\n|\n|-heal|p2a: Garganacl|99\/100|[from] item: Leftovers\n|-damage|p1a: Swampert|82\/100 psn|[from] psn\n|-damage|p1a: Swampert|57\/100 psn|[from] Salt Cure\n|upkeep\n|turn|21\n|\n|t:|1701013932\n|move|p1a: Swampert|Darkest Lariat|p2a: Garganacl\n|-damage|p2a: Garganacl|73\/100\n|-activate|p2a: Garganacl|confusion\n|move|p2a: Garganacl|Body Press|p1a: Swampert\n|-crit|p1a: Swampert\n|-damage|p1a: Swampert|0 fnt\n|faint|p1a: Swampert\n|\n|-heal|p2a: Garganacl|79\/100|[from] item: Leftovers\n|upkeep\n|\n|t:|1701013936\n|switch|p1a: Floatzel|Floatzel, M|26\/100 psn\n|turn|22\n|\n|t:|1701013939\n|-terastallize|p1a: Floatzel|Water\n|move|p1a: Floatzel|Wave Crash|p2a: Garganacl\n|-resisted|p2a: Garganacl\n|-damage|p2a: Garganacl|70\/100\n|-damage|p1a: Floatzel|22\/100 psn|[from] Recoil\n|-activate|p2a: Garganacl|confusion\n|-damage|p2a: Garganacl|68\/100|[from] confusion\n|\n|-heal|p2a: Garganacl|75\/100|[from] item: Leftovers\n|-damage|p1a: Floatzel|10\/100 psn|[from] psn\n|upkeep\n|turn|23\n|\n|t:|1701013950\n|move|p1a: Floatzel|Wave Crash|p2a: Garganacl\n|-resisted|p2a: Garganacl\n|-damage|p2a: Garganacl|64\/100\n|-damage|p1a: Floatzel|5\/100 psn|[from] Recoil\n|-end|p2a: Garganacl|confusion\n|move|p2a: Garganacl|Salt Cure|p1a: Floatzel\n|-damage|p1a: Floatzel|0 fnt\n|faint|p1a: Floatzel\n|\n|win|Skye32\n|c|\u2606john681|ggwp\n|c|\u2606Skye32|Gg wp\n","uploadtime":1701013969,"views":7,"p1id":"john681","p2id":"skye32","formatid":"gen9nationaldex","rating":0,"private":0,"password":""}