{"id":"gen9nationaldex-1988859691","p1":"hgxvvv","p2":"Hihohihohohh","format":"[Gen 9] National Dex","log":"|j|\u2606hgxvvv\n|j|\u2606Hihohihohohh\n|t:|1699775532\n|gametype|singles\n|player|p1|hgxvvv|1|1065\n|player|p2|Hihohihohohh|265|1000\n|teamsize|p1|6\n|teamsize|p2|6\n|gen|9\n|tier|[Gen 9] National Dex\n|rated|\n|rule|HP Percentage Mod: HP is shown in percentages\n|rule|Endless Battle Clause: Forcing endless battles is banned\n|rule|OHKO Clause: OHKO moves are banned\n|rule|Evasion Clause: Evasion abilities, items, and moves are banned\n|rule|Evasion Abilities Clause: Evasion abilities are banned\n|rule|Evasion Items Clause: Evasion items are banned\n|rule|Evasion Moves Clause: Evasion moves are banned\n|rule|Species Clause: Limit one of each Pok\u00e9mon\n|rule|Sleep Clause Mod: Limit one foe put to sleep\n|clearpoke\n|poke|p1|Greninja-*, M|\n|poke|p1|Samurott-Hisui, M|\n|poke|p1|Garganacl, M|\n|poke|p1|Dragonite, F|\n|poke|p1|Ferrothorn, M|\n|poke|p1|Pelipper, M|\n|poke|p2|Corviknight, M|\n|poke|p2|Garchomp, M|\n|poke|p2|Maushold|\n|poke|p2|Meowscarada, M|\n|poke|p2|Quaquaval, M|\n|poke|p2|Iron Hands|\n|teampreview\n|inactive|Battle timer is ON: inactive players will automatically lose when time's up. (requested by Hihohihohohh)\n|\n|t:|1699775536\n|start\n|switch|p1a: \u5384\u8be1\u692a|Samurott-Hisui, M|100\/100\n|switch|p2a: Corviknight|Corviknight, M|100\/100\n|-ability|p2a: Corviknight|Unnerve\n|turn|1\n|\n|t:|1699775545\n|move|p1a: \u5384\u8be1\u692a|Ceaseless Edge|p2a: Corviknight\n|-damage|p2a: Corviknight|65\/100\n|-sidestart|p2: Hihohihohohh|Spikes\n|move|p2a: Corviknight|Tailwind|p2a: Corviknight\n|-sidestart|p2: Hihohihohohh|move: Tailwind\n|\n|-heal|p2a: Corviknight|71\/100|[from] item: Leftovers\n|upkeep\n|turn|2\n|\n|t:|1699775552\n|switch|p2a: Meowscarada|Meowscarada, M|100\/100\n|-damage|p2a: Meowscarada|88\/100|[from] Spikes\n|move|p1a: \u5384\u8be1\u692a|Ceaseless Edge|p2a: Meowscarada|[miss]\n|-miss|p1a: \u5384\u8be1\u692a|p2a: Meowscarada\n|\n|upkeep\n|turn|3\n|\n|t:|1699775566\n|switch|p1a: \u79cd\u5b50\u94c1\u7403|Ferrothorn, M|100\/100\n|move|p2a: Meowscarada|Flower Trick|p1a: \u79cd\u5b50\u94c1\u7403\n|-start|p2a: Meowscarada|typechange|Grass|[from] ability: Protean\n|-resisted|p1a: \u79cd\u5b50\u94c1\u7403\n|-crit|p1a: \u79cd\u5b50\u94c1\u7403\n|-damage|p1a: \u79cd\u5b50\u94c1\u7403|89\/100\n|-damage|p2a: Meowscarada|78\/100|[from] item: Life Orb\n|\n|-heal|p1a: \u79cd\u5b50\u94c1\u7403|96\/100|[from] item: Leftovers\n|upkeep\n|turn|4\n|\n|t:|1699775579\n|move|p2a: Meowscarada|Knock Off|p1a: \u79cd\u5b50\u94c1\u7403\n|-damage|p1a: \u79cd\u5b50\u94c1\u7403|67\/100\n|-damage|p2a: Meowscarada|66\/100|[from] ability: Iron Barbs|[of] p1a: \u79cd\u5b50\u94c1\u7403\n|-enditem|p1a: \u79cd\u5b50\u94c1\u7403|Leftovers|[from] move: Knock Off|[of] p2a: Meowscarada\n|-damage|p2a: Meowscarada|56\/100|[from] item: Life Orb\n|move|p1a: \u79cd\u5b50\u94c1\u7403|Gyro Ball|p2a: Meowscarada\n|-damage|p2a: Meowscarada|0 fnt\n|faint|p2a: Meowscarada\n|\n|-sideend|p2: Hihohihohohh|move: Tailwind\n|upkeep\n|\n|t:|1699775585\n|switch|p2a: Garchomp|Garchomp, M|100\/100\n|-damage|p2a: Garchomp|88\/100|[from] Spikes\n|turn|5\n|\n|t:|1699775589\n|move|p2a: Garchomp|Earthquake|p1a: \u79cd\u5b50\u94c1\u7403\n|-damage|p1a: \u79cd\u5b50\u94c1\u7403|15\/100\n|-damage|p2a: Garchomp|78\/100|[from] item: Life Orb\n|move|p1a: \u79cd\u5b50\u94c1\u7403|Leech Seed|p2a: Garchomp\n|-start|p2a: Garchomp|move: Leech Seed\n|\n|-damage|p2a: Garchomp|66\/100|[from] Leech Seed|[of] p1a: \u79cd\u5b50\u94c1\u7403\n|-heal|p1a: \u79cd\u5b50\u94c1\u7403|27\/100|[silent]\n|upkeep\n|turn|6\n|\n|t:|1699775597\n|switch|p1a: \u5657|Pelipper, M|100\/100\n|-weather|RainDance|[from] ability: Drizzle|[of] p1a: \u5657\n|move|p2a: Garchomp|Earthquake|p1a: \u5657\n|-immune|p1a: \u5657\n|\n|-weather|RainDance|[upkeep]\n|-damage|p2a: Garchomp|54\/100|[from] Leech Seed|[of] p1a: \u5657\n|upkeep\n|turn|7\n|\n|t:|1699775610\n|switch|p2a: Iron Hands|Iron Hands|100\/100\n|-damage|p2a: Iron Hands|88\/100|[from] Spikes\n|-enditem|p2a: Iron Hands|Booster Energy\n|-activate|p2a: Iron Hands|ability: Quark Drive|[fromitem]\n|-start|p2a: Iron Hands|quarkdriveatk\n|switch|p1a: \u79cd\u5b50\u94c1\u7403|Ferrothorn, M|27\/100\n|\n|-weather|RainDance|[upkeep]\n|upkeep\n|turn|8\n|\n|t:|1699775625\n|move|p2a: Iron Hands|Thunder Punch|p1a: \u79cd\u5b50\u94c1\u7403\n|-resisted|p1a: \u79cd\u5b50\u94c1\u7403\n|-damage|p1a: \u79cd\u5b50\u94c1\u7403|3\/100\n|-damage|p2a: Iron Hands|76\/100|[from] ability: Iron Barbs|[of] p1a: \u79cd\u5b50\u94c1\u7403\n|move|p1a: \u79cd\u5b50\u94c1\u7403|Leech Seed|p2a: Iron Hands\n|-start|p2a: Iron Hands|move: Leech Seed\n|\n|-weather|RainDance|[upkeep]\n|-damage|p2a: Iron Hands|64\/100|[from] Leech Seed|[of] p1a: \u79cd\u5b50\u94c1\u7403\n|-heal|p1a: \u79cd\u5b50\u94c1\u7403|21\/100|[silent]\n|upkeep\n|turn|9\n|\n|t:|1699775643\n|switch|p1a: \u5657|Pelipper, M|100\/100\n|move|p2a: Iron Hands|Thunder Punch|p1a: \u5657\n|-supereffective|p1a: \u5657\n|-damage|p1a: \u5657|0 fnt\n|faint|p1a: \u5657\n|\n|-weather|RainDance|[upkeep]\n|upkeep\n|\n|t:|1699775649\n|switch|p1a: \u683c\u6797\u5c3c\u4e9a|Greninja, M|100\/100\n|turn|10\n|\n|t:|1699775664\n|-terastallize|p1a: \u683c\u6797\u5c3c\u4e9a|Water\n|move|p1a: \u683c\u6797\u5c3c\u4e9a|Hydro Pump|p2a: Iron Hands\n|-damage|p2a: Iron Hands|0 fnt\n|faint|p2a: Iron Hands\n|-end|p2a: Iron Hands|Quark Drive|[silent]\n|-ability|p1a: \u683c\u6797\u5c3c\u4e9a|Battle Bond|boost\n|-boost|p1a: \u683c\u6797\u5c3c\u4e9a|atk|1\n|-boost|p1a: \u683c\u6797\u5c3c\u4e9a|spa|1\n|-boost|p1a: \u683c\u6797\u5c3c\u4e9a|spe|1\n|-activate|p1a: \u683c\u6797\u5c3c\u4e9a|ability: Battle Bond\n|-damage|p1a: \u683c\u6797\u5c3c\u4e9a|91\/100|[from] item: Life Orb\n|\n|-weather|RainDance|[upkeep]\n|upkeep\n|\n|t:|1699775671\n|switch|p2a: Maushold|Maushold|100\/100\n|-damage|p2a: Maushold|88\/100|[from] Spikes\n|turn|11\n|\n|t:|1699775683\n|-terastallize|p2a: Maushold|Normal\n|move|p1a: \u683c\u6797\u5c3c\u4e9a|Water Shuriken|p2a: Maushold\n|-damage|p2a: Maushold|46\/100\n|-damage|p2a: Maushold|0 fnt\n|faint|p2a: Maushold\n|-hitcount|p2: Maushold|2\n|-damage|p1a: \u683c\u6797\u5c3c\u4e9a|81\/100|[from] item: Life Orb\n|\n|-weather|RainDance|[upkeep]\n|upkeep\n|\n|t:|1699775689\n|switch|p2a: Quaquaval|Quaquaval, M|100\/100\n|-damage|p2a: Quaquaval|88\/100|[from] Spikes\n|turn|12\n|\n|t:|1699775698\n|move|p1a: \u683c\u6797\u5c3c\u4e9a|Hydro Pump|p2a: Quaquaval\n|-resisted|p2a: Quaquaval\n|-crit|p2a: Quaquaval\n|-damage|p2a: Quaquaval|0 fnt\n|faint|p2a: Quaquaval\n|-damage|p1a: \u683c\u6797\u5c3c\u4e9a|71\/100|[from] item: Life Orb\n|\n|-weather|RainDance|[upkeep]\n|upkeep\n|-message|Hihohihohohh forfeited.\n|\n|win|hgxvvv\n|raw|hgxvvv's rating: 1093 &rarr; <strong>1112<\/strong><br \/>(+19 for winning)\n|raw|Hihohihohohh's rating: 1000 &rarr; <strong>1000<\/strong><br \/>(+0 for losing)\n|l|\u2606Hihohihohohh\n","uploadtime":1699775716,"views":9,"p1id":"hgxvvv","p2id":"hihohihohohh","formatid":"gen9nationaldex","rating":1000,"private":0,"password":""}