{"id":"gen9nationaldex-1993282105","p1":"lonelan","p2":"OBirdO","format":"[Gen 9] National Dex","log":"|j|\u2606lonelan\n|j|\u2606OBirdO\n|t:|1700289736\n|gametype|singles\n|player|p1|lonelan|swimmer|\n|player|p2|OBirdO|2|\n|teamsize|p1|6\n|teamsize|p2|6\n|gen|9\n|tier|[Gen 9] National Dex\n|rule|HP Percentage Mod: HP is shown in percentages\n|rule|Endless Battle Clause: Forcing endless battles is banned\n|rule|OHKO Clause: OHKO moves are banned\n|rule|Evasion Clause: Evasion abilities, items, and moves are banned\n|rule|Evasion Abilities Clause: Evasion abilities are banned\n|rule|Evasion Items Clause: Evasion items are banned\n|rule|Evasion Moves Clause: Evasion moves are banned\n|rule|Species Clause: Limit one of each Pok\u00e9mon\n|rule|Sleep Clause Mod: Limit one foe put to sleep\n|clearpoke\n|poke|p1|Porygon2|\n|poke|p1|Gliscor, F|\n|poke|p1|Starmie|\n|poke|p1|Dragonite, M|\n|poke|p1|Scizor, F|\n|poke|p1|Amoonguss, F|\n|poke|p2|Gallade, M|\n|poke|p2|Weezing, F|\n|poke|p2|Ferrothorn, F|\n|poke|p2|Rotom-Wash|\n|poke|p2|Cofagrigus, M|\n|poke|p2|Mienshao, M|\n|teampreview\n|\n|t:|1700289753\n|start\n|switch|p1a: Starmie|Starmie|100\/100\n|switch|p2a: Mienshao|Mienshao, M|100\/100\n|turn|1\n|\n|t:|1700289767\n|move|p2a: Mienshao|Fake Out|p1a: Starmie\n|-damage|p1a: Starmie|73\/100\n|-damage|p2a: Mienshao|91\/100|[from] item: Life Orb\n|cant|p1a: Starmie|flinch\n|\n|-heal|p1a: Starmie|79\/100|[from] item: Leftovers\n|upkeep\n|turn|2\n|\n|t:|1700289804\n|switch|p1a: Dragonite|Dragonite, M|100\/100\n|switch|p2a: Cofagrigus|Cofagrigus, M|100\/100\n|\n|upkeep\n|turn|3\n|\n|t:|1700289818\n|switch|p1a: Amoonguss|Amoonguss, F|100\/100\n|move|p2a: Cofagrigus|Will-O-Wisp|p1a: Amoonguss\n|-status|p1a: Amoonguss|brn\n|\n|-damage|p1a: Amoonguss|94\/100 brn|[from] brn\n|upkeep\n|turn|4\n|\n|t:|1700289824\n|move|p2a: Cofagrigus|Toxic Spikes|p1a: Amoonguss\n|-sidestart|p1: lonelan|move: Toxic Spikes\n|move|p1a: Amoonguss|Hidden Power|p2a: Cofagrigus\n|-damage|p2a: Cofagrigus|87\/100\n|\n|-heal|p2a: Cofagrigus|93\/100|[from] item: Leftovers\n|-heal|p1a: Amoonguss|100\/100 brn|[from] item: Black Sludge\n|-damage|p1a: Amoonguss|94\/100 brn|[from] brn\n|upkeep\n|turn|5\n|\n|t:|1700289828\n|move|p1a: Amoonguss|Spore|p2a: Cofagrigus\n|-status|p2a: Cofagrigus|slp|[from] move: Spore\n|cant|p2a: Cofagrigus|slp\n|\n|-heal|p2a: Cofagrigus|99\/100 slp|[from] item: Leftovers\n|-heal|p1a: Amoonguss|100\/100 brn|[from] item: Black Sludge\n|-damage|p1a: Amoonguss|94\/100 brn|[from] brn\n|upkeep\n|turn|6\n|\n|t:|1700289834\n|-curestatus|p2a: Cofagrigus|slp|[msg]\n|move|p2a: Cofagrigus|Toxic Spikes|p1a: Amoonguss\n|-sidestart|p1: lonelan|move: Toxic Spikes\n|move|p1a: Amoonguss|Giga Drain|p2a: Cofagrigus\n|-damage|p2a: Cofagrigus|76\/100\n|-heal|p1a: Amoonguss|100\/100 brn|[from] drain|[of] p2a: Cofagrigus\n|\n|-heal|p2a: Cofagrigus|82\/100|[from] item: Leftovers\n|-damage|p1a: Amoonguss|94\/100 brn|[from] brn\n|upkeep\n|turn|7\n|\n|t:|1700289850\n|switch|p2a: Weezing|Weezing, F|100\/100\n|switch|p1a: Gliscor|Gliscor, F|100\/100\n|\n|-status|p1a: Gliscor|tox|[from] item: Toxic Orb\n|upkeep\n|turn|8\n|\n|t:|1700289867\n|move|p1a: Gliscor|U-turn|p2a: Weezing\n|-resisted|p2a: Weezing\n|-damage|p2a: Weezing|95\/100\n|\n|t:|1700289872\n|switch|p1a: Amoonguss|Amoonguss, F|100\/100 brn|[from] U-turn\n|-sideend|p1: lonelan|move: Toxic Spikes|[of] p1a: Amoonguss\n|move|p2a: Weezing|Fire Blast|p1a: Amoonguss|[miss]\n|-miss|p2a: Weezing|p1a: Amoonguss\n|\n|-heal|p2a: Weezing|100\/100|[from] item: Black Sludge\n|-damage|p1a: Amoonguss|94\/100 brn|[from] brn\n|upkeep\n|turn|9\n|\n|t:|1700289885\n|move|p2a: Weezing|Fire Blast|p1a: Amoonguss\n|-supereffective|p1a: Amoonguss\n|-crit|p1a: Amoonguss\n|-damage|p1a: Amoonguss|41\/100 brn\n|move|p1a: Amoonguss|Spore|p2a: Weezing\n|-status|p2a: Weezing|slp|[from] move: Spore\n|\n|-heal|p1a: Amoonguss|47\/100 brn|[from] item: Black Sludge\n|-damage|p1a: Amoonguss|41\/100 brn|[from] brn\n|upkeep\n|turn|10\n|\n|t:|1700289902\n|switch|p1a: Gliscor|Gliscor, F|100\/100 tox\n|cant|p2a: Weezing|slp\n|\n|upkeep\n|turn|11\n|\n|t:|1700289907\n|move|p1a: Gliscor|Stealth Rock|p2a: Weezing\n|-sidestart|p2: OBirdO|move: Stealth Rock\n|-curestatus|p2a: Weezing|slp|[msg]\n|move|p2a: Weezing|Gyro Ball|p1a: Gliscor\n|-damage|p1a: Gliscor|95\/100 tox\n|\n|-heal|p1a: Gliscor|100\/100 tox|[from] ability: Poison Heal\n|upkeep\n|turn|12\n|\n|t:|1700289918\n|move|p1a: Gliscor|U-turn|p2a: Weezing\n|-resisted|p2a: Weezing\n|-damage|p2a: Weezing|95\/100\n|\n|t:|1700289920\n|switch|p1a: Amoonguss|Amoonguss, F|74\/100 brn|[from] U-turn\n|move|p2a: Weezing|Will-O-Wisp|p1a: Amoonguss\n|-fail|p1a: Amoonguss|brn\n|\n|-heal|p2a: Weezing|100\/100|[from] item: Black Sludge\n|-heal|p1a: Amoonguss|80\/100 brn|[from] item: Black Sludge\n|-damage|p1a: Amoonguss|74\/100 brn|[from] brn\n|upkeep\n|turn|13\n|\n|t:|1700289925\n|move|p2a: Weezing|Fire Blast|p1a: Amoonguss\n|-supereffective|p1a: Amoonguss\n|-damage|p1a: Amoonguss|38\/100 brn\n|move|p1a: Amoonguss|Spore|p2a: Weezing\n|-status|p2a: Weezing|slp|[from] move: Spore\n|\n|-heal|p1a: Amoonguss|44\/100 brn|[from] item: Black Sludge\n|-damage|p1a: Amoonguss|38\/100 brn|[from] brn\n|upkeep\n|turn|14\n|\n|t:|1700289931\n|switch|p1a: Starmie|Starmie|79\/100\n|cant|p2a: Weezing|slp\n|\n|-heal|p1a: Starmie|85\/100|[from] item: Leftovers\n|upkeep\n|turn|15\n|\n|t:|1700289951\n|switch|p1a: Amoonguss|Amoonguss, F|71\/100 brn\n|switch|p2a: Rotom|Rotom-Wash|100\/100\n|-damage|p2a: Rotom|88\/100|[from] Stealth Rock\n|\n|-heal|p2a: Rotom|94\/100|[from] item: Leftovers\n|-heal|p1a: Amoonguss|77\/100 brn|[from] item: Black Sludge\n|-damage|p1a: Amoonguss|71\/100 brn|[from] brn\n|upkeep\n|turn|16\n|\n|t:|1700289964\n|move|p2a: Rotom|Defog|p1a: Amoonguss\n|-unboost|p1a: Amoonguss|evasion|1\n|-sideend|p2: OBirdO|Stealth Rock|[from] move: Defog|[of] p2a: Rotom\n|move|p1a: Amoonguss|Giga Drain|p2a: Rotom\n|-supereffective|p2a: Rotom\n|-damage|p2a: Rotom|56\/100\n|-heal|p1a: Amoonguss|84\/100 brn|[from] drain|[of] p2a: Rotom\n|\n|-heal|p2a: Rotom|62\/100|[from] item: Leftovers\n|-heal|p1a: Amoonguss|90\/100 brn|[from] item: Black Sludge\n|-damage|p1a: Amoonguss|84\/100 brn|[from] brn\n|upkeep\n|turn|17\n|\n|t:|1700289973\n|move|p2a: Rotom|Volt Switch|p1a: Amoonguss\n|-resisted|p1a: Amoonguss\n|-damage|p1a: Amoonguss|75\/100 brn\n|\n|t:|1700289994\n|switch|p2a: Gallade|Gallade, M|100\/100|[from] Volt Switch\n|move|p1a: Amoonguss|Giga Drain|p2a: Gallade\n|-damage|p2a: Gallade|76\/100\n|-heal|p1a: Amoonguss|83\/100 brn|[from] drain|[of] p2a: Gallade\n|\n|-heal|p1a: Amoonguss|89\/100 brn|[from] item: Black Sludge\n|-damage|p1a: Amoonguss|83\/100 brn|[from] brn\n|upkeep\n|turn|18\n|\n|t:|1700290003\n|switch|p1a: Gliscor|Gliscor, F|100\/100 tox\n|move|p2a: Gallade|Psycho Cut|p1a: Gliscor\n|-damage|p1a: Gliscor|75\/100 tox\n|\n|-heal|p1a: Gliscor|88\/100 tox|[from] ability: Poison Heal\n|upkeep\n|turn|19\n|\n|t:|1700290010\n|switch|p2a: Weezing|Weezing, F|100\/100 slp\n|move|p1a: Gliscor|Protect||[still]\n|-fail|p1a: Gliscor\n|\n|-heal|p1a: Gliscor|99\/100 tox|[from] ability: Poison Heal\n|upkeep\n|turn|20\n|\n|t:|1700290019\n|move|p1a: Gliscor|Stealth Rock|p2a: Weezing\n|-sidestart|p2: OBirdO|move: Stealth Rock\n|-curestatus|p2a: Weezing|slp|[msg]\n|move|p2a: Weezing|Fire Blast|p1a: Gliscor\n|-damage|p1a: Gliscor|70\/100 tox\n|\n|-heal|p1a: Gliscor|82\/100 tox|[from] ability: Poison Heal\n|upkeep\n|turn|21\n|\n|t:|1700290027\n|move|p1a: Gliscor|Protect|p1a: Gliscor\n|-singleturn|p1a: Gliscor|Protect\n|move|p2a: Weezing|Will-O-Wisp|p1a: Gliscor\n|-activate|p1a: Gliscor|move: Protect\n|\n|-heal|p1a: Gliscor|95\/100 tox|[from] ability: Poison Heal\n|upkeep\n|turn|22\n|\n|t:|1700290035\n|move|p1a: Gliscor|U-turn|p2a: Weezing\n|-resisted|p2a: Weezing\n|-damage|p2a: Weezing|95\/100\n|\n|t:|1700290038\n|switch|p1a: Amoonguss|Amoonguss, F|100\/100 brn|[from] U-turn\n|move|p2a: Weezing|Fire Blast|p1a: Amoonguss\n|-supereffective|p1a: Amoonguss\n|-damage|p1a: Amoonguss|69\/100 brn\n|\n|-heal|p2a: Weezing|100\/100|[from] item: Black Sludge\n|-heal|p1a: Amoonguss|75\/100 brn|[from] item: Black Sludge\n|-damage|p1a: Amoonguss|69\/100 brn|[from] brn\n|upkeep\n|turn|23\n|\n|t:|1700290059\n|switch|p2a: Cofagrigus|Cofagrigus, M|82\/100\n|-damage|p2a: Cofagrigus|69\/100|[from] Stealth Rock\n|move|p1a: Amoonguss|Spore|p2a: Cofagrigus\n|-status|p2a: Cofagrigus|slp|[from] move: Spore\n|\n|-heal|p2a: Cofagrigus|76\/100 slp|[from] item: Leftovers\n|-heal|p1a: Amoonguss|75\/100 brn|[from] item: Black Sludge\n|-damage|p1a: Amoonguss|69\/100 brn|[from] brn\n|upkeep\n|turn|24\n|\n|t:|1700290091\n|switch|p1a: Gliscor|Gliscor, F|95\/100 tox\n|cant|p2a: Cofagrigus|slp\n|\n|-heal|p2a: Cofagrigus|82\/100 slp|[from] item: Leftovers\n|-heal|p1a: Gliscor|100\/100 tox|[from] ability: Poison Heal\n|upkeep\n|turn|25\n|\n|t:|1700290096\n|move|p1a: Gliscor|Earthquake|p2a: Cofagrigus\n|-damage|p2a: Cofagrigus|54\/100 slp\n|-curestatus|p2a: Cofagrigus|slp|[msg]\n|move|p2a: Cofagrigus|Will-O-Wisp||[still]\n|-fail|p2a: Cofagrigus\n|\n|-heal|p2a: Cofagrigus|60\/100|[from] item: Leftovers\n|upkeep\n|turn|26\n|\n|t:|1700290106\n|move|p1a: Gliscor|Earthquake|p2a: Cofagrigus\n|-damage|p2a: Cofagrigus|35\/100\n|move|p2a: Cofagrigus|Pain Split|p1a: Gliscor\n|-sethp|p1a: Gliscor|64\/100 tox|[from] move: Pain Split|[silent]\n|-sethp|p2a: Cofagrigus|83\/100|[from] move: Pain Split\n|\n|-heal|p2a: Cofagrigus|89\/100|[from] item: Leftovers\n|-heal|p1a: Gliscor|76\/100 tox|[from] ability: Poison Heal\n|upkeep\n|turn|27\n|\n|t:|1700290127\n|move|p1a: Gliscor|Earthquake|p2a: Cofagrigus\n|-damage|p2a: Cofagrigus|61\/100\n|move|p2a: Cofagrigus|Hex|p1a: Gliscor\n|-damage|p1a: Gliscor|22\/100 tox\n|\n|-heal|p2a: Cofagrigus|67\/100|[from] item: Leftovers\n|-heal|p1a: Gliscor|34\/100 tox|[from] ability: Poison Heal\n|upkeep\n|turn|28\n|\n|t:|1700290136\n|move|p1a: Gliscor|Protect|p1a: Gliscor\n|-singleturn|p1a: Gliscor|Protect\n|move|p2a: Cofagrigus|Hex|p1a: Gliscor\n|-activate|p1a: Gliscor|move: Protect\n|\n|-heal|p2a: Cofagrigus|73\/100|[from] item: Leftovers\n|-heal|p1a: Gliscor|47\/100 tox|[from] ability: Poison Heal\n|upkeep\n|turn|29\n|\n|t:|1700290143\n|move|p1a: Gliscor|U-turn|p2a: Cofagrigus\n|-resisted|p2a: Cofagrigus\n|-damage|p2a: Cofagrigus|67\/100\n|-activate|p2a: Cofagrigus|ability: Mummy|Poison Heal|[of] p1a: Gliscor\n|\n|t:|1700290150\n|switch|p1a: Amoonguss|Amoonguss, F|100\/100 brn|[from] U-turn\n|move|p2a: Cofagrigus|Hex|p1a: Amoonguss\n|-damage|p1a: Amoonguss|70\/100 brn\n|\n|-heal|p2a: Cofagrigus|73\/100|[from] item: Leftovers\n|-heal|p1a: Amoonguss|76\/100 brn|[from] item: Black Sludge\n|-damage|p1a: Amoonguss|70\/100 brn|[from] brn\n|upkeep\n|turn|30\n|\n|t:|1700290166\n|switch|p2a: Ferrothorn|Ferrothorn, F|100\/100\n|-damage|p2a: Ferrothorn|95\/100|[from] Stealth Rock\n|move|p1a: Amoonguss|Spore|p2a: Ferrothorn\n|-immune|p2a: Ferrothorn\n|\n|-heal|p1a: Amoonguss|76\/100 brn|[from] item: Black Sludge\n|-damage|p1a: Amoonguss|70\/100 brn|[from] brn\n|upkeep\n|turn|31\n|\n|t:|1700290174\n|switch|p2a: Gallade|Gallade, M|76\/100\n|-damage|p2a: Gallade|70\/100|[from] Stealth Rock\n|move|p1a: Amoonguss|Hidden Power|p2a: Gallade\n|-damage|p2a: Gallade|58\/100\n|\n|-heal|p1a: Amoonguss|76\/100 brn|[from] item: Black Sludge\n|-damage|p1a: Amoonguss|70\/100 brn|[from] brn\n|upkeep\n|turn|32\n|\n|t:|1700290181\n|switch|p1a: Scizor|Scizor, F|100\/100\n|move|p2a: Gallade|Ice Punch|p1a: Scizor\n|-resisted|p1a: Scizor\n|-damage|p1a: Scizor|87\/100\n|\n|upkeep\n|turn|33\n|\n|t:|1700290191\n|-activate|p2a: Gallade|move: Pursuit\n|move|p1a: Scizor|Pursuit|p2a: Gallade|[from]Pursuit\n|-damage|p2a: Gallade|0 fnt\n|faint|p2a: Gallade\n|-hint|A Pokemon can't switch between when it runs out of HP and when it faints\n|\n|upkeep\n|\n|t:|1700290198\n|switch|p2a: Rotom|Rotom-Wash|62\/100\n|-damage|p2a: Rotom|50\/100|[from] Stealth Rock\n|turn|34\n|\n|t:|1700290205\n|move|p2a: Rotom|Defog|p1a: Scizor\n|-unboost|p1a: Scizor|evasion|1\n|-sideend|p2: OBirdO|Stealth Rock|[from] move: Defog|[of] p2a: Rotom\n|move|p1a: Scizor|Pursuit|p2a: Rotom\n|-damage|p2a: Rotom|11\/100\n|\n|-heal|p2a: Rotom|17\/100|[from] item: Leftovers\n|upkeep\n|turn|35\n|\n|t:|1700290220\n|switch|p1a: Amoonguss|Amoonguss, F|100\/100 brn\n|move|p2a: Rotom|Volt Switch|p1a: Amoonguss\n|-resisted|p1a: Amoonguss\n|-damage|p1a: Amoonguss|91\/100 brn\n|\n|t:|1700290248\n|switch|p2a: Mienshao|Mienshao, M|100\/100|[from] Volt Switch\n|\n|-heal|p1a: Amoonguss|97\/100 brn|[from] item: Black Sludge\n|-damage|p1a: Amoonguss|91\/100 brn|[from] brn\n|upkeep\n|turn|36\n|\n|t:|1700290257\n|move|p2a: Mienshao|Fake Out|p1a: Amoonguss\n|-damage|p1a: Amoonguss|75\/100 brn\n|-damage|p2a: Mienshao|91\/100|[from] item: Life Orb\n|cant|p1a: Amoonguss|flinch\n|\n|-heal|p1a: Amoonguss|81\/100 brn|[from] item: Black Sludge\n|-damage|p1a: Amoonguss|75\/100 brn|[from] brn\n|upkeep\n|turn|37\n|\n|t:|1700290269\n|move|p2a: Mienshao|U-turn|p1a: Amoonguss\n|-damage|p1a: Amoonguss|45\/100 brn\n|-damage|p2a: Mienshao|81\/100|[from] item: Life Orb\n|\n|t:|1700290274\n|switch|p2a: Ferrothorn|Ferrothorn, F|95\/100|[from] U-turn\n|move|p1a: Amoonguss|Spore|p2a: Ferrothorn\n|-immune|p2a: Ferrothorn\n|\n|-heal|p1a: Amoonguss|51\/100 brn|[from] item: Black Sludge\n|-damage|p1a: Amoonguss|45\/100 brn|[from] brn\n|upkeep\n|turn|38\n|\n|t:|1700290281\n|move|p1a: Amoonguss|Hidden Power|p2a: Ferrothorn\n|-supereffective|p2a: Ferrothorn\n|-damage|p2a: Ferrothorn|52\/100\n|move|p2a: Ferrothorn|Stealth Rock|p1a: Amoonguss\n|-sidestart|p1: lonelan|move: Stealth Rock\n|\n|-heal|p1a: Amoonguss|51\/100 brn|[from] item: Black Sludge\n|-damage|p1a: Amoonguss|45\/100 brn|[from] brn\n|upkeep\n|turn|39\n|\n|t:|1700290297\n|switch|p2a: Weezing|Weezing, F|100\/100\n|move|p1a: Amoonguss|Spore|p2a: Weezing\n|-status|p2a: Weezing|slp|[from] move: Spore\n|\n|-heal|p1a: Amoonguss|51\/100 brn|[from] item: Black Sludge\n|-damage|p1a: Amoonguss|45\/100 brn|[from] brn\n|upkeep\n|turn|40\n|\n|t:|1700290308\n|switch|p2a: Mienshao|Mienshao, M|100\/100\n|switch|p1a: Gliscor|Gliscor, F|47\/100 tox\n|-damage|p1a: Gliscor|34\/100 tox|[from] Stealth Rock\n|\n|-heal|p1a: Gliscor|47\/100 tox|[from] ability: Poison Heal\n|upkeep\n|turn|41\n|\n|t:|1700290314\n|move|p1a: Gliscor|Protect|p1a: Gliscor\n|-singleturn|p1a: Gliscor|Protect\n|move|p2a: Mienshao|Fake Out|p1a: Gliscor\n|-activate|p1a: Gliscor|move: Protect\n|\n|-heal|p1a: Gliscor|59\/100 tox|[from] ability: Poison Heal\n|upkeep\n|turn|42\n|\n|t:|1700290319\n|move|p2a: Mienshao|U-turn|p1a: Gliscor\n|-resisted|p1a: Gliscor\n|-damage|p1a: Gliscor|50\/100 tox\n|-damage|p2a: Mienshao|91\/100|[from] item: Life Orb\n|\n|t:|1700290323\n|switch|p2a: Weezing|Weezing, F|100\/100 slp|[from] U-turn\n|move|p1a: Gliscor|Stealth Rock|p2a: Weezing\n|-sidestart|p2: OBirdO|move: Stealth Rock\n|\n|-heal|p1a: Gliscor|62\/100 tox|[from] ability: Poison Heal\n|upkeep\n|turn|43\n|\n|t:|1700290331\n|move|p1a: Gliscor|Protect|p1a: Gliscor\n|-singleturn|p1a: Gliscor|Protect\n|cant|p2a: Weezing|slp\n|\n|-heal|p1a: Gliscor|75\/100 tox|[from] ability: Poison Heal\n|upkeep\n|turn|44\n|\n|t:|1700290360\n|move|p1a: Gliscor|U-turn|p2a: Weezing\n|-resisted|p2a: Weezing\n|-damage|p2a: Weezing|95\/100 slp\n|\n|t:|1700290366\n|switch|p1a: Starmie|Starmie|85\/100|[from] U-turn\n|-damage|p1a: Starmie|73\/100|[from] Stealth Rock\n|-curestatus|p2a: Weezing|slp|[msg]\n|move|p2a: Weezing|Will-O-Wisp|p1a: Starmie|[miss]\n|-miss|p2a: Weezing|p1a: Starmie\n|\n|-heal|p1a: Starmie|79\/100|[from] item: Leftovers\n|-heal|p2a: Weezing|100\/100|[from] item: Black Sludge\n|upkeep\n|turn|45\n|\n|t:|1700290378\n|switch|p2a: Ferrothorn|Ferrothorn, F|52\/100\n|-damage|p2a: Ferrothorn|46\/100|[from] Stealth Rock\n|move|p1a: Starmie|Psychic|p2a: Ferrothorn\n|-resisted|p2a: Ferrothorn\n|-damage|p2a: Ferrothorn|31\/100\n|\n|-heal|p1a: Starmie|85\/100|[from] item: Leftovers\n|upkeep\n|turn|46\n|\n|t:|1700290408\n|move|p1a: Starmie|Ice Beam|p2a: Ferrothorn\n|-damage|p2a: Ferrothorn|7\/100\n|move|p2a: Ferrothorn|Leech Seed|p1a: Starmie\n|-start|p1a: Starmie|move: Leech Seed\n|\n|-heal|p1a: Starmie|91\/100|[from] item: Leftovers\n|-damage|p1a: Starmie|79\/100|[from] Leech Seed|[of] p2a: Ferrothorn\n|-heal|p2a: Ferrothorn|16\/100|[silent]\n|upkeep\n|turn|47\n|\n|t:|1700290421\n|move|p1a: Starmie|Ice Beam|p2a: Ferrothorn\n|-damage|p2a: Ferrothorn|0 fnt\n|faint|p2a: Ferrothorn\n|\n|-heal|p1a: Starmie|85\/100|[from] item: Leftovers\n|upkeep\n|\n|t:|1700290431\n|switch|p2a: Cofagrigus|Cofagrigus, M|73\/100\n|-damage|p2a: Cofagrigus|60\/100|[from] Stealth Rock\n|turn|48\n|\n|t:|1700290444\n|switch|p1a: Porygon2|Porygon2|100\/100\n|-damage|p1a: Porygon2|88\/100|[from] Stealth Rock\n|-ability|p1a: Porygon2|Mummy|[from] ability: Trace|[of] p2a: Cofagrigus\n|move|p2a: Cofagrigus|Hex|p1a: Porygon2\n|-immune|p1a: Porygon2\n|\n|-heal|p2a: Cofagrigus|67\/100|[from] item: Leftovers\n|upkeep\n|turn|49\n|\n|t:|1700290450\n|move|p1a: Porygon2|Thunderbolt|p2a: Cofagrigus\n|-damage|p2a: Cofagrigus|45\/100\n|move|p2a: Cofagrigus|Will-O-Wisp|p1a: Porygon2|[miss]\n|-miss|p2a: Cofagrigus|p1a: Porygon2\n|\n|-heal|p2a: Cofagrigus|51\/100|[from] item: Leftovers\n|upkeep\n|turn|50\n|\n|t:|1700290455\n|move|p1a: Porygon2|Thunderbolt|p2a: Cofagrigus\n|-damage|p2a: Cofagrigus|30\/100\n|move|p2a: Cofagrigus|Will-O-Wisp|p1a: Porygon2\n|-status|p1a: Porygon2|brn\n|\n|-heal|p2a: Cofagrigus|36\/100|[from] item: Leftovers\n|-damage|p1a: Porygon2|82\/100 brn|[from] brn\n|upkeep\n|turn|51\n|\n|t:|1700290460\n|move|p1a: Porygon2|Thunderbolt|p2a: Cofagrigus\n|-damage|p2a: Cofagrigus|15\/100\n|move|p2a: Cofagrigus|Pain Split|p1a: Porygon2\n|-sethp|p1a: Porygon2|46\/100 brn|[from] move: Pain Split|[silent]\n|-sethp|p2a: Cofagrigus|67\/100|[from] move: Pain Split\n|\n|-heal|p2a: Cofagrigus|73\/100|[from] item: Leftovers\n|-damage|p1a: Porygon2|40\/100 brn|[from] brn\n|upkeep\n|turn|52\n|\n|t:|1700290469\n|move|p1a: Porygon2|Recover|p1a: Porygon2\n|-heal|p1a: Porygon2|90\/100 brn\n|move|p2a: Cofagrigus|Toxic Spikes|p1a: Porygon2\n|-sidestart|p1: lonelan|move: Toxic Spikes\n|\n|-heal|p2a: Cofagrigus|79\/100|[from] item: Leftovers\n|-damage|p1a: Porygon2|84\/100 brn|[from] brn\n|upkeep\n|turn|53\n|\n|t:|1700290475\n|move|p1a: Porygon2|Thunderbolt|p2a: Cofagrigus\n|-damage|p2a: Cofagrigus|58\/100\n|move|p2a: Cofagrigus|Will-O-Wisp|p1a: Porygon2|[miss]\n|-miss|p2a: Cofagrigus|p1a: Porygon2\n|\n|-heal|p2a: Cofagrigus|65\/100|[from] item: Leftovers\n|-damage|p1a: Porygon2|78\/100 brn|[from] brn\n|upkeep\n|turn|54\n|\n|t:|1700290488\n|move|p1a: Porygon2|Thunderbolt|p2a: Cofagrigus\n|-damage|p2a: Cofagrigus|42\/100\n|move|p2a: Cofagrigus|Toxic Spikes|p1a: Porygon2\n|-sidestart|p1: lonelan|move: Toxic Spikes\n|\n|-heal|p2a: Cofagrigus|48\/100|[from] item: Leftovers\n|-damage|p1a: Porygon2|71\/100 brn|[from] brn\n|upkeep\n|turn|55\n|\n|t:|1700290494\n|move|p1a: Porygon2|Thunderbolt|p2a: Cofagrigus\n|-damage|p2a: Cofagrigus|25\/100\n|move|p2a: Cofagrigus|Pain Split|p1a: Porygon2\n|-sethp|p1a: Porygon2|44\/100 brn|[from] move: Pain Split|[silent]\n|-sethp|p2a: Cofagrigus|64\/100|[from] move: Pain Split\n|\n|-heal|p2a: Cofagrigus|71\/100|[from] item: Leftovers\n|-damage|p1a: Porygon2|38\/100 brn|[from] brn\n|upkeep\n|turn|56\n|\n|t:|1700290498\n|switch|p2a: Weezing|Weezing, F|100\/100\n|-damage|p2a: Weezing|88\/100|[from] Stealth Rock\n|move|p1a: Porygon2|Recover|p1a: Porygon2\n|-heal|p1a: Porygon2|88\/100 brn\n|\n|-heal|p2a: Weezing|94\/100|[from] item: Black Sludge\n|-damage|p1a: Porygon2|82\/100 brn|[from] brn\n|upkeep\n|turn|57\n|\n|t:|1700290507\n|move|p1a: Porygon2|Thunderbolt|p2a: Weezing\n|-damage|p2a: Weezing|66\/100\n|move|p2a: Weezing|Fire Blast|p1a: Porygon2\n|-damage|p1a: Porygon2|70\/100 brn\n|\n|-heal|p2a: Weezing|72\/100|[from] item: Black Sludge\n|-damage|p1a: Porygon2|64\/100 brn|[from] brn\n|upkeep\n|turn|58\n|\n|t:|1700290529\n|move|p1a: Porygon2|Recover|p1a: Porygon2\n|-heal|p1a: Porygon2|100\/100 brn\n|move|p2a: Weezing|Pain Split|p1a: Porygon2\n|-sethp|p1a: Porygon2|82\/100 brn|[from] move: Pain Split|[silent]\n|-sethp|p2a: Weezing|92\/100|[from] move: Pain Split\n|\n|-heal|p2a: Weezing|98\/100|[from] item: Black Sludge\n|-damage|p1a: Porygon2|76\/100 brn|[from] brn\n|upkeep\n|turn|59\n|\n|t:|1700290536\n|move|p2a: Weezing|Gyro Ball|p1a: Porygon2\n|-damage|p1a: Porygon2|72\/100 brn\n|-activate|p1a: Porygon2|ability: Mummy|Levitate|[of] p2a: Weezing\n|move|p1a: Porygon2|Teleport|p1a: Porygon2\n|\n|t:|1700290549\n|switch|p1a: Starmie|Starmie|85\/100|[from] Teleport\n|-damage|p1a: Starmie|73\/100|[from] Stealth Rock\n|-status|p1a: Starmie|tox\n|\n|-heal|p1a: Starmie|79\/100 tox|[from] item: Leftovers\n|-heal|p2a: Weezing|100\/100|[from] item: Black Sludge\n|-damage|p1a: Starmie|73\/100 tox|[from] psn\n|upkeep\n|turn|60\n|\n|t:|1700290558\n|switch|p2a: Rotom|Rotom-Wash|17\/100\n|-damage|p2a: Rotom|5\/100|[from] Stealth Rock\n|move|p1a: Starmie|Psychic|p2a: Rotom\n|-damage|p2a: Rotom|0 fnt\n|faint|p2a: Rotom\n|\n|-heal|p1a: Starmie|79\/100 tox|[from] item: Leftovers\n|-damage|p1a: Starmie|66\/100 tox|[from] psn\n|upkeep\n|\n|t:|1700290563\n|switch|p2a: Cofagrigus|Cofagrigus, M|71\/100\n|-damage|p2a: Cofagrigus|58\/100|[from] Stealth Rock\n|turn|61\n|\n|t:|1700290567\n|-curestatus|p1a: Starmie|tox|[from] ability: Natural Cure\n|switch|p1a: Porygon2|Porygon2|72\/100 brn\n|-damage|p1a: Porygon2|60\/100 brn|[from] Stealth Rock\n|-ability|p1a: Porygon2|Mummy|[from] ability: Trace|[of] p2a: Cofagrigus\n|move|p2a: Cofagrigus|Hex|p1a: Porygon2\n|-immune|p1a: Porygon2\n|\n|-heal|p2a: Cofagrigus|64\/100|[from] item: Leftovers\n|-damage|p1a: Porygon2|54\/100 brn|[from] brn\n|upkeep\n|turn|62\n|\n|t:|1700290574\n|move|p1a: Porygon2|Ice Beam|p2a: Cofagrigus\n|-damage|p2a: Cofagrigus|40\/100\n|move|p2a: Cofagrigus|Pain Split|p1a: Porygon2\n|-sethp|p1a: Porygon2|41\/100 brn|[from] move: Pain Split|[silent]\n|-sethp|p2a: Cofagrigus|59\/100|[from] move: Pain Split\n|\n|-heal|p2a: Cofagrigus|65\/100|[from] item: Leftovers\n|-damage|p1a: Porygon2|35\/100 brn|[from] brn\n|upkeep\n|turn|63\n|\n|t:|1700290584\n|switch|p2a: Mienshao|Mienshao, M|100\/100\n|-damage|p2a: Mienshao|95\/100|[from] Stealth Rock\n|move|p1a: Porygon2|Recover|p1a: Porygon2\n|-heal|p1a: Porygon2|85\/100 brn\n|\n|-damage|p1a: Porygon2|79\/100 brn|[from] brn\n|upkeep\n|turn|64\n|\n|t:|1700290592\n|switch|p1a: Gliscor|Gliscor, F|75\/100 tox\n|-damage|p1a: Gliscor|62\/100 tox|[from] Stealth Rock\n|move|p2a: Mienshao|Close Combat|p1a: Gliscor\n|-resisted|p1a: Gliscor\n|-damage|p1a: Gliscor|38\/100 tox\n|-unboost|p2a: Mienshao|def|1\n|-unboost|p2a: Mienshao|spd|1\n|-damage|p2a: Mienshao|85\/100|[from] item: Life Orb\n|\n|-heal|p1a: Gliscor|50\/100 tox|[from] ability: Poison Heal\n|upkeep\n|turn|65\n|\n|t:|1700290609\n|switch|p2a: Cofagrigus|Cofagrigus, M|65\/100\n|-damage|p2a: Cofagrigus|53\/100|[from] Stealth Rock\n|move|p1a: Gliscor|Earthquake|p2a: Cofagrigus\n|-damage|p2a: Cofagrigus|25\/100\n|\n|-heal|p2a: Cofagrigus|31\/100|[from] item: Leftovers\n|-heal|p1a: Gliscor|63\/100 tox|[from] ability: Poison Heal\n|upkeep\n|turn|66\n|\n|t:|1700290618\n|move|p1a: Gliscor|Protect|p1a: Gliscor\n|-singleturn|p1a: Gliscor|Protect\n|move|p2a: Cofagrigus|Pain Split|p1a: Gliscor\n|-activate|p1a: Gliscor|move: Protect\n|\n|-heal|p2a: Cofagrigus|37\/100|[from] item: Leftovers\n|-heal|p1a: Gliscor|75\/100 tox|[from] ability: Poison Heal\n|upkeep\n|turn|67\n|\n|t:|1700290636\n|move|p1a: Gliscor|U-turn|p2a: Cofagrigus\n|-resisted|p2a: Cofagrigus\n|-damage|p2a: Cofagrigus|31\/100\n|-activate|p2a: Cofagrigus|ability: Mummy|Poison Heal|[of] p1a: Gliscor\n|\n|t:|1700290638\n|switch|p1a: Scizor|Scizor, F|87\/100|[from] U-turn\n|-damage|p1a: Scizor|75\/100|[from] Stealth Rock\n|move|p2a: Cofagrigus|Pain Split|p1a: Scizor\n|-sethp|p1a: Scizor|49\/100|[from] move: Pain Split|[silent]\n|-sethp|p2a: Cofagrigus|65\/100|[from] move: Pain Split\n|\n|-heal|p2a: Cofagrigus|72\/100|[from] item: Leftovers\n|upkeep\n|turn|68\n|\n|t:|1700290647\n|move|p1a: Scizor|Pursuit|p2a: Cofagrigus\n|-supereffective|p2a: Cofagrigus\n|-damage|p2a: Cofagrigus|20\/100\n|-activate|p2a: Cofagrigus|ability: Mummy|Technician|[of] p1a: Scizor\n|move|p2a: Cofagrigus|Will-O-Wisp|p1a: Scizor\n|-status|p1a: Scizor|brn\n|\n|-heal|p2a: Cofagrigus|27\/100|[from] item: Leftovers\n|-damage|p1a: Scizor|43\/100 brn|[from] brn\n|upkeep\n|turn|69\n|\n|t:|1700290674\n|move|p1a: Scizor|Pursuit|p2a: Cofagrigus\n|-supereffective|p2a: Cofagrigus\n|-damage|p2a: Cofagrigus|11\/100\n|move|p2a: Cofagrigus|Pain Split|p1a: Scizor\n|-sethp|p1a: Scizor|25\/100 brn|[from] move: Pain Split|[silent]\n|-sethp|p2a: Cofagrigus|34\/100|[from] move: Pain Split\n|\n|-heal|p2a: Cofagrigus|40\/100|[from] item: Leftovers\n|-damage|p1a: Scizor|19\/100 brn|[from] brn\n|upkeep\n|turn|70\n|\n|t:|1700290687\n|move|p1a: Scizor|Pursuit|p2a: Cofagrigus\n|-supereffective|p2a: Cofagrigus\n|-damage|p2a: Cofagrigus|22\/100\n|move|p2a: Cofagrigus|Hex|p1a: Scizor\n|-damage|p1a: Scizor|0 fnt\n|faint|p1a: Scizor\n|\n|-heal|p2a: Cofagrigus|28\/100|[from] item: Leftovers\n|upkeep\n|\n|t:|1700290693\n|switch|p1a: Dragonite|Dragonite, M|100\/100\n|-damage|p1a: Dragonite|75\/100|[from] Stealth Rock\n|turn|71\n|\n|t:|1700290700\n|move|p1a: Dragonite|Dragon Claw|p2a: Cofagrigus\n|-damage|p2a: Cofagrigus|0 fnt\n|-activate|p2a: Cofagrigus|ability: Mummy|Multiscale|[of] p1a: Dragonite\n|faint|p2a: Cofagrigus\n|\n|-heal|p1a: Dragonite|82\/100|[from] item: Leftovers\n|upkeep\n|\n|t:|1700290707\n|switch|p2a: Mienshao|Mienshao, M|100\/100\n|-damage|p2a: Mienshao|95\/100|[from] Stealth Rock\n|turn|72\n|\n|t:|1700290728\n|switch|p1a: Gliscor|Gliscor, F|75\/100 tox\n|-damage|p1a: Gliscor|63\/100 tox|[from] Stealth Rock\n|move|p2a: Mienshao|Stone Edge|p1a: Gliscor\n|-crit|p1a: Gliscor\n|-damage|p1a: Gliscor|25\/100 tox\n|-damage|p2a: Mienshao|85\/100|[from] item: Life Orb\n|\n|-heal|p1a: Gliscor|37\/100 tox|[from] ability: Poison Heal\n|upkeep\n|turn|73\n|\n|t:|1700290738\n|switch|p2a: Weezing|Weezing, F|100\/100\n|-damage|p2a: Weezing|88\/100|[from] Stealth Rock\n|move|p1a: Gliscor|Protect||[still]\n|-fail|p1a: Gliscor\n|\n|-heal|p2a: Weezing|94\/100|[from] item: Black Sludge\n|-heal|p1a: Gliscor|50\/100 tox|[from] ability: Poison Heal\n|upkeep\n|turn|74\n|\n|t:|1700290748\n|move|p1a: Gliscor|Protect|p1a: Gliscor\n|-singleturn|p1a: Gliscor|Protect\n|move|p2a: Weezing|Fire Blast|p1a: Gliscor\n|-activate|p1a: Gliscor|move: Protect\n|\n|-heal|p2a: Weezing|99\/100|[from] item: Black Sludge\n|-heal|p1a: Gliscor|62\/100 tox|[from] ability: Poison Heal\n|upkeep\n|turn|75\n|\n|t:|1700290761\n|move|p1a: Gliscor|U-turn|p2a: Weezing\n|-resisted|p2a: Weezing\n|-damage|p2a: Weezing|94\/100\n|\n|t:|1700290764\n|switch|p1a: Starmie|Starmie|66\/100|[from] U-turn\n|-damage|p1a: Starmie|54\/100|[from] Stealth Rock\n|-status|p1a: Starmie|tox\n|move|p2a: Weezing|Fire Blast|p1a: Starmie\n|-resisted|p1a: Starmie\n|-damage|p1a: Starmie|38\/100 tox\n|\n|-heal|p1a: Starmie|45\/100 tox|[from] item: Leftovers\n|-heal|p2a: Weezing|99\/100|[from] item: Black Sludge\n|-damage|p1a: Starmie|38\/100 tox|[from] psn\n|upkeep\n|turn|76\n|\n|t:|1700290768\n|move|p1a: Starmie|Rapid Spin|p2a: Weezing\n|-damage|p2a: Weezing|95\/100\n|-boost|p1a: Starmie|spe|1\n|-sideend|p1: lonelan|Toxic Spikes|[from] move: Rapid Spin|[of] p1a: Starmie\n|-sideend|p1: lonelan|Stealth Rock|[from] move: Rapid Spin|[of] p1a: Starmie\n|move|p2a: Weezing|Gyro Ball|p1a: Starmie\n|-resisted|p1a: Starmie\n|-damage|p1a: Starmie|23\/100 tox\n|\n|-heal|p1a: Starmie|30\/100 tox|[from] item: Leftovers\n|-heal|p2a: Weezing|100\/100|[from] item: Black Sludge\n|-damage|p1a: Starmie|17\/100 tox|[from] psn\n|upkeep\n|turn|77\n|\n|t:|1700290782\n|-curestatus|p1a: Starmie|tox|[from] ability: Natural Cure\n|switch|p1a: Porygon2|Porygon2|79\/100 brn\n|-ability|p1a: Porygon2|Levitate|[from] ability: Trace|[of] p2a: Weezing\n|move|p2a: Weezing|Gyro Ball|p1a: Porygon2\n|-damage|p1a: Porygon2|75\/100 brn\n|\n|-damage|p1a: Porygon2|69\/100 brn|[from] brn\n|upkeep\n|turn|78\n|\n|t:|1700290796\n|move|p1a: Porygon2|Thunderbolt|p2a: Weezing\n|-damage|p2a: Weezing|73\/100\n|move|p2a: Weezing|Gyro Ball|p1a: Porygon2\n|-damage|p1a: Porygon2|65\/100 brn\n|\n|-heal|p2a: Weezing|79\/100|[from] item: Black Sludge\n|-damage|p1a: Porygon2|59\/100 brn|[from] brn\n|upkeep\n|turn|79\n|\n|t:|1700290809\n|switch|p2a: Mienshao|Mienshao, M|100\/100\n|-damage|p2a: Mienshao|95\/100|[from] Stealth Rock\n|move|p1a: Porygon2|Thunderbolt|p2a: Mienshao\n|-damage|p2a: Mienshao|51\/100\n|\n|-damage|p1a: Porygon2|53\/100 brn|[from] brn\n|upkeep\n|turn|80\n|\n|t:|1700290814\n|switch|p1a: Gliscor|Gliscor, F|62\/100 tox\n|move|p2a: Mienshao|Close Combat|p1a: Gliscor\n|-resisted|p1a: Gliscor\n|-damage|p1a: Gliscor|35\/100 tox\n|-unboost|p2a: Mienshao|def|1\n|-unboost|p2a: Mienshao|spd|1\n|-damage|p2a: Mienshao|41\/100|[from] item: Life Orb\n|\n|-heal|p1a: Gliscor|48\/100 tox|[from] ability: Poison Heal\n|upkeep\n|turn|81\n|\n|t:|1700290819\n|move|p2a: Mienshao|Stone Edge|p1a: Gliscor\n|-crit|p1a: Gliscor\n|-damage|p1a: Gliscor|3\/100 tox\n|-damage|p2a: Mienshao|31\/100|[from] item: Life Orb\n|move|p1a: Gliscor|U-turn|p2a: Mienshao\n|-resisted|p2a: Mienshao\n|-damage|p2a: Mienshao|8\/100\n|\n|t:|1700290823\n|switch|p1a: Dragonite|Dragonite, M|82\/100|[from] U-turn\n|\n|-heal|p1a: Dragonite|88\/100|[from] item: Leftovers\n|upkeep\n|turn|82\n|\n|t:|1700290831\n|move|p1a: Dragonite|Extreme Speed|p2a: Mienshao\n|-damage|p2a: Mienshao|0 fnt\n|faint|p2a: Mienshao\n|\n|-heal|p1a: Dragonite|94\/100|[from] item: Leftovers\n|upkeep\n|\n|t:|1700290833\n|switch|p2a: Weezing|Weezing, F|79\/100\n|-damage|p2a: Weezing|67\/100|[from] Stealth Rock\n|turn|83\n|\n|t:|1700290848\n|move|p1a: Dragonite|Dragon Claw|p2a: Weezing\n|-damage|p2a: Weezing|35\/100\n|move|p2a: Weezing|Will-O-Wisp|p1a: Dragonite\n|-status|p1a: Dragonite|brn\n|\n|-heal|p1a: Dragonite|99\/100 brn|[from] item: Leftovers\n|-heal|p2a: Weezing|41\/100|[from] item: Black Sludge\n|-damage|p1a: Dragonite|94\/100 brn|[from] brn\n|upkeep\n|turn|84\n|\n|t:|1700290852\n|move|p1a: Dragonite|Dragon Claw|p2a: Weezing\n|-damage|p2a: Weezing|25\/100\n|move|p2a: Weezing|Pain Split|p1a: Dragonite\n|-sethp|p1a: Dragonite|60\/100 brn|[from] move: Pain Split|[silent]\n|-sethp|p2a: Weezing|58\/100|[from] move: Pain Split\n|\n|-heal|p1a: Dragonite|66\/100 brn|[from] item: Leftovers\n|-heal|p2a: Weezing|64\/100|[from] item: Black Sludge\n|-damage|p1a: Dragonite|60\/100 brn|[from] brn\n|upkeep\n|turn|85\n|\n|t:|1700290856\n|move|p1a: Dragonite|Dragon Claw|p2a: Weezing\n|-damage|p2a: Weezing|49\/100\n|move|p2a: Weezing|Gyro Ball|p1a: Dragonite\n|-damage|p1a: Dragonite|50\/100 brn\n|\n|-heal|p1a: Dragonite|56\/100 brn|[from] item: Leftovers\n|-heal|p2a: Weezing|55\/100|[from] item: Black Sludge\n|-damage|p1a: Dragonite|50\/100 brn|[from] brn\n|upkeep\n|turn|86\n|\n|t:|1700290860\n|move|p1a: Dragonite|Dragon Claw|p2a: Weezing\n|-damage|p2a: Weezing|39\/100\n|move|p2a: Weezing|Gyro Ball|p1a: Dragonite\n|-crit|p1a: Dragonite\n|-damage|p1a: Dragonite|33\/100 brn\n|\n|-heal|p1a: Dragonite|39\/100 brn|[from] item: Leftovers\n|-heal|p2a: Weezing|45\/100|[from] item: Black Sludge\n|-damage|p1a: Dragonite|33\/100 brn|[from] brn\n|upkeep\n|turn|87\n|\n|t:|1700290866\n|move|p1a: Dragonite|Dragon Dance|p1a: Dragonite\n|-boost|p1a: Dragonite|atk|1\n|-boost|p1a: Dragonite|spe|1\n|move|p2a: Weezing|Gyro Ball|p1a: Dragonite\n|-damage|p1a: Dragonite|16\/100 brn\n|\n|-heal|p1a: Dragonite|22\/100 brn|[from] item: Leftovers\n|-heal|p2a: Weezing|51\/100|[from] item: Black Sludge\n|-damage|p1a: Dragonite|16\/100 brn|[from] brn\n|upkeep\n|turn|88\n|\n|t:|1700290872\n|move|p1a: Dragonite|Dragon Claw|p2a: Weezing\n|-damage|p2a: Weezing|27\/100\n|move|p2a: Weezing|Pain Split|p1a: Dragonite\n|-sethp|p1a: Dragonite|22\/100 brn|[from] move: Pain Split|[silent]\n|-sethp|p2a: Weezing|21\/100|[from] move: Pain Split\n|\n|-heal|p1a: Dragonite|28\/100 brn|[from] item: Leftovers\n|-heal|p2a: Weezing|27\/100|[from] item: Black Sludge\n|-damage|p1a: Dragonite|22\/100 brn|[from] brn\n|upkeep\n|turn|89\n|\n|t:|1700290878\n|move|p1a: Dragonite|Dragon Claw|p2a: Weezing\n|-damage|p2a: Weezing|5\/100\n|move|p2a: Weezing|Pain Split|p1a: Dragonite\n|-sethp|p1a: Dragonite|13\/100 brn|[from] move: Pain Split|[silent]\n|-sethp|p2a: Weezing|13\/100|[from] move: Pain Split\n|\n|-heal|p1a: Dragonite|20\/100 brn|[from] item: Leftovers\n|-heal|p2a: Weezing|19\/100|[from] item: Black Sludge\n|-damage|p1a: Dragonite|13\/100 brn|[from] brn\n|upkeep\n|turn|90\n|\n|t:|1700290885\n|move|p1a: Dragonite|Dragon Claw|p2a: Weezing\n|-damage|p2a: Weezing|0 fnt\n|faint|p2a: Weezing\n|\n|win|lonelan\n|l|\u2606OBirdO\n","uploadtime":1700290894,"views":6,"p1id":"lonelan","p2id":"obirdo","formatid":"gen9nationaldex","rating":0,"private":0,"password":""}