{"id":"gen9nationaldex-1998725903","p1":"Glados501","p2":"SoulEdge1217","format":"[Gen 9] National Dex","log":"|html|<div class=\"broadcast-blue\"><strong>[Gen 9] National Dex is currently suspecting Sneasler! For information on how to participate check out the <a href=\"https:\/\/www.smogon.com\/forums\/threads\/sv-national-dex-suspect-8-just-dance.3731534\/\">suspect thread<\/a>.<\/strong><\/div>\n|j|\u2606Glados501\n|j|\u2606SoulEdge1217\n|t:|1700978519\n|gametype|singles\n|player|p1|Glados501|cheren-gen5bw2|1035\n|player|p2|SoulEdge1217|roxie|1062\n|teamsize|p1|6\n|teamsize|p2|6\n|gen|9\n|tier|[Gen 9] National Dex\n|rated|\n|rule|HP Percentage Mod: HP is shown in percentages\n|rule|Endless Battle Clause: Forcing endless battles is banned\n|rule|OHKO Clause: OHKO moves are banned\n|rule|Evasion Clause: Evasion abilities, items, and moves are banned\n|rule|Evasion Abilities Clause: Evasion abilities are banned\n|rule|Evasion Items Clause: Evasion items are banned\n|rule|Evasion Moves Clause: Evasion moves are banned\n|rule|Species Clause: Limit one of each Pok\u00e9mon\n|rule|Sleep Clause Mod: Limit one foe put to sleep\n|clearpoke\n|poke|p1|Audino, F|\n|poke|p1|Scolipede, M|\n|poke|p1|Delphox, F|\n|poke|p1|Krookodile, M|\n|poke|p1|Aegislash, M|\n|poke|p1|Ditto|\n|poke|p2|Pidgeot, F|\n|poke|p2|Staraptor, F|\n|poke|p2|Toucannon, M|\n|poke|p2|Noctowl, F|\n|poke|p2|Swellow, M|\n|poke|p2|Chatot, M|\n|teampreview\n|\n|t:|1700978538\n|start\n|switch|p1a: Lemonade|Delphox, F|100\/100\n|switch|p2a: Chatot|Chatot, M|100\/100\n|turn|1\n|\n|t:|1700978545\n|-terastallize|p1a: Lemonade|Psychic\n|move|p1a: Lemonade|Trick|p2a: Chatot\n|-activate|p1a: Lemonade|move: Trick|[of] p2a: Chatot\n|-item|p2a: Chatot|Choice Scarf|[from] move: Trick\n|-item|p1a: Lemonade|Focus Sash|[from] move: Trick\n|move|p2a: Chatot|Tailwind|p2a: Chatot\n|-sidestart|p2: SoulEdge1217|move: Tailwind\n|\n|upkeep\n|turn|2\n|\n|t:|1700978558\n|switch|p2a: Noctowl|Noctowl, F|100\/100\n|move|p1a: Lemonade|Skill Swap|p2a: Noctowl\n|-activate|p1a: Lemonade|move: Skill Swap|Tinted Lens|Blaze|[of] p2a: Noctowl\n|\n|upkeep\n|turn|3\n|\n|t:|1700978577\n|move|p2a: Noctowl|Hyper Voice|p1a: Lemonade\n|-damage|p1a: Lemonade|57\/100\n|move|p1a: Lemonade|Fire Blast|p2a: Noctowl\n|-damage|p2a: Noctowl|54\/100\n|\n|upkeep\n|turn|4\n|\n|t:|1700978587\n|switch|p1a: Courtesy Call|Audino, F|100\/100\n|move|p2a: Noctowl|Hurricane|p1a: Courtesy Call|[miss]\n|-miss|p2a: Noctowl|p1a: Courtesy Call\n|\n|-sideend|p2: SoulEdge1217|move: Tailwind\n|upkeep\n|turn|5\n|\n|t:|1700978594\n|move|p2a: Noctowl|Nasty Plot|p2a: Noctowl\n|-boost|p2a: Noctowl|spa|2\n|move|p1a: Courtesy Call|Yawn|p2a: Noctowl\n|-start|p2a: Noctowl|move: Yawn|[of] p1a: Courtesy Call\n|\n|upkeep\n|turn|6\n|\n|t:|1700978603\n|move|p2a: Noctowl|Hurricane|p1a: Courtesy Call\n|-damage|p1a: Courtesy Call|41\/100\n|move|p1a: Courtesy Call|Calm Mind|p1a: Courtesy Call\n|-boost|p1a: Courtesy Call|spa|1\n|-boost|p1a: Courtesy Call|spd|1\n|\n|-heal|p1a: Courtesy Call|47\/100|[from] item: Leftovers\n|-end|p2a: Noctowl|move: Yawn|[silent]\n|-status|p2a: Noctowl|slp\n|upkeep\n|turn|7\n|\n|t:|1700978616\n|switch|p2a: Staraptor|Staraptor, F|100\/100\n|move|p1a: Courtesy Call|Draining Kiss|p2a: Staraptor\n|-damage|p2a: Staraptor|82\/100\n|-heal|p1a: Courtesy Call|58\/100|[from] drain|[of] p2a: Staraptor\n|\n|-heal|p1a: Courtesy Call|64\/100|[from] item: Leftovers\n|upkeep\n|turn|8\n|\n|t:|1700978628\n|move|p2a: Staraptor|Brave Bird|p1a: Courtesy Call\n|-damage|p1a: Courtesy Call|0 fnt\n|faint|p1a: Courtesy Call\n|-damage|p2a: Staraptor|55\/100|[from] Recoil\n|\n|upkeep\n|\n|t:|1700978634\n|switch|p1a: This u?|Ditto|100\/100\n|-transform|p1a: This u?|p2a: Staraptor|[from] ability: Imposter\n|turn|9\n|\n|t:|1700978653\n|-terastallize|p2a: Staraptor|Steel\n|move|p1a: This u?|Brave Bird|p2a: Staraptor\n|-resisted|p2a: Staraptor\n|-damage|p2a: Staraptor|4\/100\n|-damage|p1a: This u?|83\/100|[from] Recoil\n|move|p2a: Staraptor|Brave Bird|p1a: This u?\n|-damage|p1a: This u?|0 fnt\n|faint|p1a: This u?\n|-damage|p2a: Staraptor|0 fnt|[from] Recoil\n|faint|p2a: Staraptor\n|\n|upkeep\n|\n|t:|1700978667\n|switch|p2a: Chatot|Chatot, M|100\/100\n|switch|p1a: Acid Chloride|Scolipede, M|100\/100\n|turn|10\n|\n|t:|1700978677\n|move|p2a: Chatot|Heat Wave|p1a: Acid Chloride\n|-supereffective|p1a: Acid Chloride\n|-damage|p1a: Acid Chloride|9\/100\n|move|p1a: Acid Chloride|Rock Slide|p2a: Chatot|[miss]\n|-miss|p1a: Acid Chloride|p2a: Chatot\n|\n|-ability|p1a: Acid Chloride|Speed Boost|boost\n|-boost|p1a: Acid Chloride|spe|1\n|upkeep\n|turn|11\n|\n|t:|1700978685\n|move|p1a: Acid Chloride|Rock Slide|p2a: Chatot\n|-supereffective|p2a: Chatot\n|-damage|p2a: Chatot|4\/100\n|move|p2a: Chatot|Heat Wave|p1a: Acid Chloride\n|-supereffective|p1a: Acid Chloride\n|-damage|p1a: Acid Chloride|0 fnt\n|faint|p1a: Acid Chloride\n|\n|upkeep\n|\n|t:|1700978693\n|switch|p1a: Eye Sword|Aegislash, M|100\/100\n|turn|12\n|\n|t:|1700978701\n|move|p2a: Chatot|Heat Wave|p1a: Eye Sword\n|-supereffective|p1a: Eye Sword\n|-damage|p1a: Eye Sword|49\/100\n|-enditem|p1a: Eye Sword|Weakness Policy\n|-boost|p1a: Eye Sword|atk|2|[from] item: Weakness Policy\n|-boost|p1a: Eye Sword|spa|2|[from] item: Weakness Policy\n|-formechange|p1a: Eye Sword|Aegislash-Blade||[from] ability: Stance Change\n|move|p1a: Eye Sword|Iron Head|p2a: Chatot\n|-damage|p2a: Chatot|0 fnt\n|faint|p2a: Chatot\n|\n|upkeep\n|\n|t:|1700978733\n|switch|p2a: Toucannon|Toucannon, M, shiny|100\/100\n|turn|13\n|\n|t:|1700978743\n|switch|p2a: Swellow|Swellow, M|100\/100\n|-formechange|p1a: Eye Sword|Aegislash||[from] ability: Stance Change\n|move|p1a: Eye Sword|King's Shield||[still]\n|-fail|p1a: Eye Sword\n|\n|-status|p2a: Swellow|brn|[from] item: Flame Orb\n|upkeep\n|turn|14\n|\n|t:|1700978773\n|move|p2a: Swellow|Brave Bird|p1a: Eye Sword\n|-resisted|p1a: Eye Sword\n|-damage|p1a: Eye Sword|14\/100\n|-damage|p2a: Swellow|89\/100 brn|[from] Recoil\n|-formechange|p1a: Eye Sword|Aegislash-Blade||[from] ability: Stance Change\n|move|p1a: Eye Sword|Iron Head|p2a: Swellow\n|-damage|p2a: Swellow|0 fnt\n|faint|p2a: Swellow\n|\n|upkeep\n|\n|t:|1700978782\n|switch|p2a: Noctowl|Noctowl, F|54\/100 slp\n|turn|15\n|\n|t:|1700978793\n|move|p1a: Eye Sword|Iron Head|p2a: Noctowl\n|-damage|p2a: Noctowl|0 fnt\n|faint|p2a: Noctowl\n|\n|upkeep\n|\n|t:|1700978795\n|switch|p2a: Pidgeot|Pidgeot, F, shiny|100\/100\n|turn|16\n|\n|t:|1700978802\n|detailschange|p2a: Pidgeot|Pidgeot-Mega, F, shiny\n|-mega|p2a: Pidgeot|Pidgeot|Pidgeotite\n|-formechange|p1a: Eye Sword|Aegislash||[from] ability: Stance Change\n|move|p1a: Eye Sword|King's Shield|p1a: Eye Sword\n|-singleturn|p1a: Eye Sword|Protect\n|move|p2a: Pidgeot|Heat Wave|p1a: Eye Sword\n|-activate|p1a: Eye Sword|move: Protect\n|\n|upkeep\n|turn|17\n|\n|t:|1700978825\n|switch|p1a: Lemonade|Delphox, F, tera:Psychic|57\/100\n|move|p2a: Pidgeot|Heat Wave|p1a: Lemonade\n|-damage|p1a: Lemonade|18\/100\n|\n|upkeep\n|turn|18\n|-message|Glados501 forfeited.\n|\n|win|SoulEdge1217\n|raw|Glados501's rating: 1035 &rarr; <strong>1021<\/strong><br \/>(-14 for losing)\n|raw|SoulEdge1217's rating: 1062 &rarr; <strong>1090<\/strong><br \/>(+28 for winning)\n|l|\u2606Glados501\n","uploadtime":1700978846,"views":19,"p1id":"glados501","p2id":"souledge1217","formatid":"gen9nationaldex","rating":1021,"private":0,"password":""}