{"id":"gen9nationaldex-1997921103","p1":"ShadowFan134","p2":"Onlymanever","format":"[Gen 9] National Dex","log":"|html|<div class=\"broadcast-blue\"><strong>[Gen 9] National Dex is currently suspecting Sneasler! For information on how to participate check out the <a href=\"https:\/\/www.smogon.com\/forums\/threads\/sv-national-dex-suspect-8-just-dance.3731534\/\">suspect thread<\/a>.<\/strong><\/div>\n|j|\u2606ShadowFan134\n|j|\u203dOnlymanever\n|t:|1700867665\n|gametype|singles\n|player|p1|ShadowFan134|marlon|1018\n|player|p2|Onlymanever|lyra|1053\n|teamsize|p1|6\n|teamsize|p2|6\n|gen|9\n|tier|[Gen 9] National Dex\n|rated|\n|rule|HP Percentage Mod: HP is shown in percentages\n|rule|Endless Battle Clause: Forcing endless battles is banned\n|rule|OHKO Clause: OHKO moves are banned\n|rule|Evasion Clause: Evasion abilities, items, and moves are banned\n|rule|Evasion Abilities Clause: Evasion abilities are banned\n|rule|Evasion Items Clause: Evasion items are banned\n|rule|Evasion Moves Clause: Evasion moves are banned\n|rule|Species Clause: Limit one of each Pok\u00e9mon\n|rule|Sleep Clause Mod: Limit one foe put to sleep\n|clearpoke\n|poke|p1|Pincurchin, F|\n|poke|p1|Lanturn, F|\n|poke|p1|Vikavolt, M|\n|poke|p1|Toxtricity, M|\n|poke|p1|Dracozolt|\n|poke|p1|Boltund, M|\n|poke|p2|Chesnaught, F|\n|poke|p2|Mr. Mime, F|\n|poke|p2|Staraptor, F|\n|poke|p2|Basculegion, M|\n|poke|p2|Arcanine, F|\n|poke|p2|Electivire, F|\n|teampreview\n|\n|t:|1700867690\n|start\n|switch|p1a: Pincurchin|Pincurchin, F|100\/100\n|switch|p2a: Electivire|Electivire, F|100\/100\n|-fieldstart|move: Electric Terrain|[from] ability: Electric Surge|[of] p1a: Pincurchin\n|turn|1\n|\n|t:|1700867706\n|move|p2a: Electivire|Meditate|p2a: Electivire\n|-boost|p2a: Electivire|atk|1\n|move|p1a: Pincurchin|Zing Zap|p2a: Electivire\n|-ability|p2a: Electivire|Motor Drive|boost\n|-boost|p2a: Electivire|spe|1\n|\n|upkeep\n|turn|2\n|\n|t:|1700867713\n|move|p2a: Electivire|Meditate|p2a: Electivire\n|-boost|p2a: Electivire|atk|1\n|move|p1a: Pincurchin|Self-Destruct|p2a: Electivire\n|-damage|p2a: Electivire|20\/100\n|faint|p1a: Pincurchin\n|\n|-heal|p2a: Electivire|27\/100|[from] item: Leftovers\n|upkeep\n|\n|t:|1700867720\n|switch|p1a: Vikavolt|Vikavolt, M|100\/100\n|turn|3\n|\n|t:|1700867728\n|move|p2a: Electivire|Thunder Punch|p1a: Vikavolt\n|-resisted|p1a: Vikavolt\n|-damage|p1a: Vikavolt|50\/100\n|-damage|p2a: Electivire|10\/100|[from] item: Rocky Helmet|[of] p1a: Vikavolt\n|move|p1a: Vikavolt|Sticky Web|p2a: Electivire\n|-sidestart|p2: Onlymanever|move: Sticky Web\n|\n|-heal|p2a: Electivire|16\/100|[from] item: Leftovers\n|upkeep\n|turn|4\n|\n|t:|1700867746\n|move|p2a: Electivire|Thunder Punch|p1a: Vikavolt\n|-resisted|p1a: Vikavolt\n|-damage|p1a: Vikavolt|0 fnt\n|-damage|p2a: Electivire|0 fnt|[from] item: Rocky Helmet|[of] p1a: Vikavolt\n|faint|p1a: Vikavolt\n|faint|p2a: Electivire\n|\n|upkeep\n|\n|t:|1700867759\n|switch|p2a: Staraptor|Staraptor, F|100\/100\n|switch|p1a: Dracozolt|Dracozolt|100\/100\n|turn|5\n|\n|t:|1700867779\n|-terastallize|p2a: Staraptor|Fighting\n|move|p2a: Staraptor|Close Combat|p1a: Dracozolt\n|-damage|p1a: Dracozolt|44\/100\n|-unboost|p2a: Staraptor|def|1\n|-unboost|p2a: Staraptor|spd|1\n|move|p1a: Dracozolt|Fire Spin|p2a: Staraptor\n|-damage|p2a: Staraptor|89\/100\n|-activate|p2a: Staraptor|move: Fire Spin|[of] p1a: Dracozolt\n|\n|-heal|p2a: Staraptor|95\/100|[from] item: Leftovers\n|-damage|p2a: Staraptor|78\/100|[from] move: Fire Spin|[partiallytrapped]\n|upkeep\n|turn|6\n|\n|t:|1700867805\n|move|p2a: Staraptor|Close Combat|p1a: Dracozolt\n|-damage|p1a: Dracozolt|0 fnt\n|-unboost|p2a: Staraptor|def|1\n|-unboost|p2a: Staraptor|spd|1\n|faint|p1a: Dracozolt\n|\n|-heal|p2a: Staraptor|84\/100|[from] item: Leftovers\n|-end|p2a: Staraptor|Fire Spin|[partiallytrapped]|[silent]\n|upkeep\n|\n|t:|1700867814\n|switch|p1a: Boltund|Boltund, M|100\/100\n|turn|7\n|\n|t:|1700867824\n|switch|p2a: Chesnaught|Chesnaught, F|100\/100\n|-activate|p2a: Chesnaught|move: Sticky Web\n|-unboost|p2a: Chesnaught|spe|1\n|move|p1a: Boltund|Psychic Fangs|p2a: Chesnaught\n|-supereffective|p2a: Chesnaught\n|-damage|p2a: Chesnaught|34\/100\n|\n|-heal|p2a: Chesnaught|40\/100|[from] item: Leftovers\n|upkeep\n|turn|8\n|\n|t:|1700867834\n|move|p1a: Boltund|Psychic Fangs|p2a: Chesnaught\n|-supereffective|p2a: Chesnaught\n|-damage|p2a: Chesnaught|0 fnt\n|faint|p2a: Chesnaught\n|\n|-fieldend|move: Electric Terrain\n|upkeep\n|\n|t:|1700867840\n|switch|p2a: Arcanine|Arcanine, F|100\/100\n|-activate|p2a: Arcanine|move: Sticky Web\n|-unboost|p2a: Arcanine|spe|1\n|turn|9\n|\n|t:|1700867846\n|move|p1a: Boltund|Psychic Fangs|p2a: Arcanine\n|-crit|p2a: Arcanine\n|-damage|p2a: Arcanine|38\/100\n|move|p2a: Arcanine|Flare Blitz|p1a: Boltund\n|-damage|p1a: Boltund|0 fnt\n|faint|p1a: Boltund\n|-damage|p2a: Arcanine|10\/100|[from] Recoil\n|\n|-heal|p2a: Arcanine|16\/100|[from] item: Leftovers\n|upkeep\n|inactive|Battle timer is ON: inactive players will automatically lose when time's up. (requested by Onlymanever)\n|\n|t:|1700867855\n|switch|p1a: Lanturn|Lanturn, F|100\/100\n|turn|10\n|\n|t:|1700867863\n|move|p2a: Arcanine|Close Combat|p1a: Lanturn\n|-damage|p1a: Lanturn|58\/100\n|-unboost|p2a: Arcanine|def|1\n|-unboost|p2a: Arcanine|spd|1\n|move|p1a: Lanturn|Scald|p2a: Arcanine\n|-supereffective|p2a: Arcanine\n|-damage|p2a: Arcanine|0 fnt\n|faint|p2a: Arcanine\n|\n|upkeep\n|\n|t:|1700867873\n|switch|p2a: Staraptor|Staraptor, F, tera:Fighting|84\/100\n|-activate|p2a: Staraptor|move: Sticky Web\n|-unboost|p2a: Staraptor|spe|1\n|turn|11\n|\n|t:|1700867881\n|move|p1a: Lanturn|Whirlpool|p2a: Staraptor\n|-damage|p2a: Staraptor|67\/100\n|-activate|p2a: Staraptor|move: Whirlpool|[of] p1a: Lanturn\n|move|p2a: Staraptor|Close Combat|p1a: Lanturn\n|-damage|p1a: Lanturn|0 fnt\n|-unboost|p2a: Staraptor|def|1\n|-unboost|p2a: Staraptor|spd|1\n|faint|p1a: Lanturn\n|\n|-heal|p2a: Staraptor|73\/100|[from] item: Leftovers\n|-end|p2a: Staraptor|Whirlpool|[partiallytrapped]|[silent]\n|upkeep\n|\n|t:|1700867891\n|switch|p1a: Toxtricity|Toxtricity, M|100\/100\n|turn|12\n|\n|t:|1700867909\n|move|p1a: Toxtricity|Hyper Voice|p2a: Staraptor\n|-damage|p2a: Staraptor|6\/100\n|move|p2a: Staraptor|Close Combat|p1a: Toxtricity\n|-resisted|p1a: Toxtricity\n|-damage|p1a: Toxtricity|63\/100\n|-unboost|p2a: Staraptor|def|1\n|-unboost|p2a: Staraptor|spd|1\n|\n|-heal|p1a: Toxtricity|69\/100|[from] item: Black Sludge\n|-heal|p2a: Staraptor|12\/100|[from] item: Leftovers\n|upkeep\n|turn|13\n|\n|t:|1700867922\n|move|p1a: Toxtricity|Overdrive|p2a: Staraptor\n|-damage|p2a: Staraptor|0 fnt\n|faint|p2a: Staraptor\n|\n|-heal|p1a: Toxtricity|76\/100|[from] item: Black Sludge\n|upkeep\n|\n|t:|1700867929\n|switch|p2a: Mr. Mime|Mr. Mime, F|100\/100\n|-activate|p2a: Mr. Mime|move: Sticky Web\n|-unboost|p2a: Mr. Mime|spe|1\n|turn|14\n|\n|t:|1700867934\n|move|p1a: Toxtricity|Sludge Bomb|p2a: Mr. Mime\n|-supereffective|p2a: Mr. Mime\n|-damage|p2a: Mr. Mime|29\/100\n|move|p2a: Mr. Mime|Psychic|p1a: Toxtricity\n|-supereffective|p1a: Toxtricity\n|-damage|p1a: Toxtricity|0 fnt\n|faint|p1a: Toxtricity\n|\n|win|Onlymanever\n|raw|ShadowFan134's rating: 1018 &rarr; <strong>1007<\/strong><br \/>(-11 for losing)\n|raw|Onlymanever's rating: 1053 &rarr; <strong>1082<\/strong><br \/>(+29 for winning)\n|c|\u2606ShadowFan134|gg\n|l|\u2606ShadowFan134\n|l|\u203dOnlymanever\n|j|\u203dOnlymanever\n|player|p2|Onlymanever|lyra\n|n|\u203dOnlymanever|onlymanever\n|n|\u203dOnlymanever|onlymanever\n|n|\u203dOnlymanever|onlymanever\n|n|\u203dOnlymanever|onlymanever\n|n|\u203dOnlymanever|onlymanever\n|n|\u203dOnlymanever|onlymanever\n|n|\u203dOnlymanever|onlymanever\n|n|\u203dOnlymanever|onlymanever\n|n|\u203dOnlymanever|onlymanever\n|n|\u203dOnlymanever|onlymanever\n|n|\u203dOnlymanever|onlymanever\n|n|\u203dOnlymanever|onlymanever\n|n|\u203dOnlymanever|onlymanever\n|n|\u203dOnlymanever|onlymanever\n|n|\u203dOnlymanever|onlymanever\n|n|\u203dOnlymanever|onlymanever\n|n|\u203dOnlymanever|onlymanever\n|n|\u203dOnlymanever|onlymanever\n|n|\u203dOnlymanever|onlymanever\n|n|\u203dOnlymanever|onlymanever\n","uploadtime":1700867947,"views":12,"p1id":"shadowfan134","p2id":"onlymanever","formatid":"gen9nationaldex","rating":1007,"private":0,"password":""}