{"id":"gen9nationaldex-1987598150","p1":"Escaliburito","p2":"readingwin","format":"[Gen 9] National Dex","log":"|j|\u2606Escaliburito\n|j|\u2606readingwin\n|t:|1699617612\n|gametype|singles\n|player|p1|Escaliburito|170|1218\n|player|p2|readingwin|101|1146\n|teamsize|p1|6\n|teamsize|p2|6\n|gen|9\n|tier|[Gen 9] National Dex\n|rated|\n|rule|HP Percentage Mod: HP is shown in percentages\n|rule|Endless Battle Clause: Forcing endless battles is banned\n|rule|OHKO Clause: OHKO moves are banned\n|rule|Evasion Clause: Evasion abilities, items, and moves are banned\n|rule|Evasion Abilities Clause: Evasion abilities are banned\n|rule|Evasion Items Clause: Evasion items are banned\n|rule|Evasion Moves Clause: Evasion moves are banned\n|rule|Species Clause: Limit one of each Pok\u00e9mon\n|rule|Sleep Clause Mod: Limit one foe put to sleep\n|clearpoke\n|poke|p1|Sceptile, M|\n|poke|p1|Gallade, M|\n|poke|p1|Dragonite, M|\n|poke|p1|Iron Moth|\n|poke|p1|Rotom-Wash|\n|poke|p1|Kleavor, F|\n|poke|p2|Pelipper, M|\n|poke|p2|Barraskewda, M|\n|poke|p2|Swampert, M|\n|poke|p2|Moltres|\n|poke|p2|Kingdra, F|\n|poke|p2|Aegislash, F|\n|teampreview\n|inactive|Battle timer is ON: inactive players will automatically lose when time's up. (requested by readingwin)\n|\n|t:|1699617622\n|start\n|switch|p1a: Sceptile|Sceptile, M|100\/100\n|switch|p2a: Barraskewda|Barraskewda, M, shiny|100\/100\n|turn|1\n|\n|t:|1699617628\n|detailschange|p1a: Sceptile|Sceptile-Mega, M\n|-mega|p1a: Sceptile|Sceptile|Sceptilite\n|move|p1a: Sceptile|Leaf Storm|p2a: Barraskewda\n|-supereffective|p2a: Barraskewda\n|-damage|p2a: Barraskewda|0 fnt\n|-unboost|p1a: Sceptile|spa|2\n|faint|p2a: Barraskewda\n|\n|upkeep\n|\n|t:|1699617638\n|switch|p2a: Aegislash|Aegislash, F|100\/100\n|turn|2\n|inactive|Escaliburito has 120 seconds left.\n|\n|t:|1699617669\n|switch|p1a: Iron Moth|Iron Moth|100\/100\n|-enditem|p1a: Iron Moth|Booster Energy\n|-activate|p1a: Iron Moth|ability: Quark Drive|[fromitem]\n|-start|p1a: Iron Moth|quarkdrivespa\n|-formechange|p2a: Aegislash|Aegislash-Blade||[from] ability: Stance Change\n|move|p2a: Aegislash|Shadow Ball|p1a: Iron Moth\n|-damage|p1a: Iron Moth|50\/100\n|\n|upkeep\n|turn|3\n|inactive|Escaliburito has 120 seconds left.\n|\n|t:|1699617685\n|switch|p2a: Pelipper|Pelipper, M|100\/100\n|-weather|RainDance|[from] ability: Drizzle|[of] p2a: Pelipper\n|-terastallize|p1a: Iron Moth|Fire\n|move|p1a: Iron Moth|Fiery Dance|p2a: Pelipper\n|-resisted|p2a: Pelipper\n|-damage|p2a: Pelipper|76\/100\n|-boost|p1a: Iron Moth|spa|1\n|\n|-weather|RainDance|[upkeep]\n|upkeep\n|turn|4\n|inactive|Escaliburito has 120 seconds left.\n|\n|t:|1699617697\n|-end|p1a: Iron Moth|Quark Drive|[silent]\n|switch|p1a: Rotom|Rotom-Wash|100\/100\n|move|p2a: Pelipper|U-turn|p1a: Rotom\n|-damage|p1a: Rotom|88\/100\n|\n|t:|1699617703\n|switch|p2a: Kingdra|Kingdra, F|100\/100|[from] U-turn\n|\n|-weather|RainDance|[upkeep]\n|-heal|p1a: Rotom|95\/100|[from] item: Leftovers\n|upkeep\n|turn|5\n|\n|t:|1699617715\n|switch|p1a: Dragonite|Dragonite, M|100\/100\n|move|p2a: Kingdra|Draco Meteor|p1a: Dragonite\n|-supereffective|p1a: Dragonite\n|-damage|p1a: Dragonite|45\/100\n|-unboost|p2a: Kingdra|spa|2\n|\n|-weather|RainDance|[upkeep]\n|upkeep\n|turn|6\n|\n|t:|1699617727\n|switch|p2a: Aegislash|Aegislash, F|100\/100\n|move|p1a: Dragonite|Outrage|p2a: Aegislash\n|-resisted|p2a: Aegislash\n|-damage|p2a: Aegislash|75\/100\n|\n|-weather|RainDance|[upkeep]\n|-heal|p2a: Aegislash|81\/100|[from] item: Leftovers\n|upkeep\n|turn|7\n|\n|t:|1699617737\n|move|p2a: Aegislash|King's Shield|p2a: Aegislash\n|-singleturn|p2a: Aegislash|Protect\n|move|p1a: Dragonite|Outrage|p2a: Aegislash|[from]lockedmove\n|-activate|p2a: Aegislash|move: Protect\n|-unboost|p1a: Dragonite|atk|1\n|\n|-weather|RainDance|[upkeep]\n|-heal|p2a: Aegislash|87\/100|[from] item: Leftovers\n|upkeep\n|turn|8\n|inactive|Escaliburito has 120 seconds left.\n|\n|t:|1699617754\n|switch|p1a: Gallade|Gallade, M|100\/100\n|move|p2a: Aegislash|Substitute|p2a: Aegislash\n|-start|p2a: Aegislash|Substitute\n|-damage|p2a: Aegislash|62\/100\n|\n|-weather|RainDance|[upkeep]\n|-heal|p2a: Aegislash|68\/100|[from] item: Leftovers\n|upkeep\n|turn|9\n|inactive|Escaliburito has 120 seconds left.\n|\n|t:|1699617768\n|move|p1a: Gallade|Earthquake|p2a: Aegislash\n|-supereffective|p2a: Aegislash\n|-end|p2a: Aegislash|Substitute\n|-formechange|p2a: Aegislash|Aegislash-Blade||[from] ability: Stance Change\n|move|p2a: Aegislash|Shadow Ball|p1a: Gallade\n|-supereffective|p1a: Gallade\n|-damage|p1a: Gallade|0 fnt\n|faint|p1a: Gallade\n|\n|-weather|RainDance|[upkeep]\n|-heal|p2a: Aegislash|75\/100|[from] item: Leftovers\n|upkeep\n|inactive|Escaliburito has 120 seconds left.\n|\n|t:|1699617794\n|switch|p1a: Iron Moth|Iron Moth, tera:Fire|50\/100\n|turn|10\n|\n|t:|1699617807\n|switch|p2a: Kingdra|Kingdra, F|100\/100\n|move|p1a: Iron Moth|Fiery Dance|p2a: Kingdra\n|-resisted|p2a: Kingdra\n|-damage|p2a: Kingdra|92\/100\n|\n|-weather|none\n|upkeep\n|turn|11\n|\n|t:|1699617818\n|move|p1a: Iron Moth|Dazzling Gleam|p2a: Kingdra\n|-supereffective|p2a: Kingdra\n|-damage|p2a: Kingdra|23\/100\n|move|p2a: Kingdra|Surf|p1a: Iron Moth\n|-supereffective|p1a: Iron Moth\n|-damage|p1a: Iron Moth|0 fnt\n|faint|p1a: Iron Moth\n|-end|p1a: Iron Moth|Quark Drive|[silent]\n|\n|upkeep\n|inactive|Escaliburito has 90 seconds left.\n|\n|t:|1699617843\n|switch|p1a: Kleavor|Kleavor, F|100\/100\n|turn|12\n|inactive|Escaliburito has 90 seconds left.\n|\n|t:|1699617855\n|switch|p2a: Aegislash|Aegislash, F|75\/100\n|move|p1a: Kleavor|Lunge|p2a: Aegislash\n|-resisted|p2a: Aegislash\n|-damage|p2a: Aegislash|67\/100\n|-unboost|p2a: Aegislash|atk|1\n|\n|-heal|p2a: Aegislash|73\/100|[from] item: Leftovers\n|upkeep\n|turn|13\n|inactive|Escaliburito has 90 seconds left.\n|\n|t:|1699617875\n|switch|p1a: Rotom|Rotom-Wash|95\/100\n|move|p2a: Aegislash|King's Shield||[still]\n|-fail|p2a: Aegislash\n|\n|-heal|p1a: Rotom|100\/100|[from] item: Leftovers\n|-heal|p2a: Aegislash|79\/100|[from] item: Leftovers\n|upkeep\n|turn|14\n|\n|t:|1699617885\n|switch|p2a: Swampert|Swampert, M|100\/100\n|move|p1a: Rotom|Hydro Pump|p2a: Swampert\n|-damage|p2a: Swampert|44\/100\n|\n|upkeep\n|turn|15\n|\n|t:|1699617897\n|detailschange|p2a: Swampert|Swampert-Mega, M\n|-mega|p2a: Swampert|Swampert|Swampertite\n|move|p1a: Rotom|Hydro Pump|p2a: Swampert\n|-damage|p2a: Swampert|0 fnt\n|faint|p2a: Swampert\n|\n|upkeep\n|\n|t:|1699617904\n|switch|p2a: Pelipper|Pelipper, M|76\/100\n|-weather|RainDance|[from] ability: Drizzle|[of] p2a: Pelipper\n|turn|16\n|inactive|Escaliburito has 90 seconds left.\n|\n|t:|1699617910\n|move|p1a: Rotom|Thunderbolt|p2a: Pelipper\n|-supereffective|p2a: Pelipper\n|-damage|p2a: Pelipper|0 fnt\n|faint|p2a: Pelipper\n|\n|-weather|RainDance|[upkeep]\n|upkeep\n|\n|t:|1699617916\n|switch|p2a: Kingdra|Kingdra, F|23\/100\n|turn|17\n|\n|t:|1699617929\n|move|p2a: Kingdra|Draco Meteor|p1a: Rotom\n|-damage|p1a: Rotom|0 fnt\n|-unboost|p2a: Kingdra|spa|2\n|faint|p1a: Rotom\n|\n|-weather|RainDance|[upkeep]\n|upkeep\n|inactive|Escaliburito has 90 seconds left.\n|c|\u2606Escaliburito|did u boost the speed or what\n|\n|t:|1699617958\n|switch|p1a: Sceptile|Sceptile-Mega, M|100\/100\n|turn|18\n|\n|t:|1699617968\n|move|p2a: Kingdra|Draco Meteor|p1a: Sceptile\n|-supereffective|p1a: Sceptile\n|-damage|p1a: Sceptile|0 fnt\n|-unboost|p2a: Kingdra|spa|2\n|faint|p1a: Sceptile\n|\n|-weather|RainDance|[upkeep]\n|upkeep\n|c|\u2606Escaliburito|wtf is this\n|\n|t:|1699617978\n|switch|p1a: Dragonite|Dragonite, M|45\/100\n|turn|19\n|\n|t:|1699617981\n|move|p1a: Dragonite|Extreme Speed|p2a: Kingdra\n|-damage|p2a: Kingdra|0 fnt\n|faint|p2a: Kingdra\n|\n|-weather|RainDance|[upkeep]\n|upkeep\n|\n|t:|1699617986\n|switch|p2a: Aegislash|Aegislash, F|79\/100\n|turn|20\n|\n|t:|1699617993\n|move|p1a: Dragonite|Earthquake|p2a: Aegislash\n|-supereffective|p2a: Aegislash\n|-damage|p2a: Aegislash|21\/100\n|move|p2a: Aegislash|Substitute|p2a: Aegislash\n|-fail|p2a: Aegislash|move: Substitute|[weak]\n|\n|-weather|RainDance|[upkeep]\n|-heal|p2a: Aegislash|27\/100|[from] item: Leftovers\n|upkeep\n|turn|21\n|\n|t:|1699618001\n|switch|p2a: Moltres|Moltres|100\/100\n|move|p1a: Dragonite|Earthquake|p2a: Moltres\n|-immune|p2a: Moltres\n|\n|-weather|RainDance|[upkeep]\n|upkeep\n|turn|22\n|\n|t:|1699618017\n|move|p1a: Dragonite|Extreme Speed|p2a: Moltres\n|-damage|p2a: Moltres|81\/100\n|move|p2a: Moltres|Hurricane|p1a: Dragonite\n|-damage|p1a: Dragonite|16\/100\n|\n|-weather|RainDance|[upkeep]\n|upkeep\n|turn|23\n|\n|t:|1699618024\n|move|p1a: Dragonite|Extreme Speed|p2a: Moltres\n|-damage|p2a: Moltres|57\/100\n|move|p2a: Moltres|Roost|p2a: Moltres\n|-heal|p2a: Moltres|100\/100\n|-singleturn|p2a: Moltres|move: Roost\n|\n|-weather|none\n|upkeep\n|turn|24\n|\n|t:|1699618032\n|move|p1a: Dragonite|Extreme Speed|p2a: Moltres\n|-damage|p2a: Moltres|78\/100\n|move|p2a: Moltres|Hurricane|p1a: Dragonite\n|-damage|p1a: Dragonite|0 fnt\n|faint|p1a: Dragonite\n|\n|upkeep\n|\n|t:|1699618038\n|switch|p1a: Kleavor|Kleavor, F|100\/100\n|turn|25\n|\n|t:|1699618053\n|-terastallize|p2a: Moltres|Water\n|move|p1a: Kleavor|Stone Axe|p2a: Moltres\n|-damage|p2a: Moltres|43\/100\n|-sidestart|p2: readingwin|move: Stealth Rock\n|move|p2a: Moltres|Toxic|p1a: Kleavor\n|-status|p1a: Kleavor|tox\n|\n|-damage|p1a: Kleavor|94\/100 tox|[from] psn\n|upkeep\n|turn|26\n|\n|t:|1699618064\n|move|p1a: Kleavor|Stone Axe|p2a: Moltres\n|-damage|p2a: Moltres|4\/100\n|move|p2a: Moltres|Roost|p2a: Moltres\n|-heal|p2a: Moltres|54\/100\n|\n|-damage|p1a: Kleavor|82\/100 tox|[from] psn\n|upkeep\n|turn|27\n|\n|t:|1699618072\n|move|p1a: Kleavor|Stone Axe|p2a: Moltres\n|-crit|p2a: Moltres\n|-damage|p2a: Moltres|0 fnt\n|faint|p2a: Moltres\n|\n|-damage|p1a: Kleavor|64\/100 tox|[from] psn\n|upkeep\n|\n|t:|1699618078\n|switch|p2a: Aegislash|Aegislash, F|27\/100\n|-damage|p2a: Aegislash|21\/100|[from] Stealth Rock\n|turn|28\n|\n|t:|1699618085\n|move|p2a: Aegislash|King's Shield|p2a: Aegislash\n|-singleturn|p2a: Aegislash|Protect\n|move|p1a: Kleavor|Stone Axe|p2a: Aegislash\n|-activate|p2a: Aegislash|move: Protect\n|-unboost|p1a: Kleavor|atk|1\n|\n|-heal|p2a: Aegislash|27\/100|[from] item: Leftovers\n|-damage|p1a: Kleavor|40\/100 tox|[from] psn\n|upkeep\n|turn|29\n|\n|t:|1699618094\n|move|p1a: Kleavor|Stone Axe|p2a: Aegislash\n|-resisted|p2a: Aegislash\n|-damage|p2a: Aegislash|13\/100\n|-formechange|p2a: Aegislash|Aegislash-Blade||[from] ability: Stance Change\n|move|p2a: Aegislash|Shadow Ball|p1a: Kleavor\n|-damage|p1a: Kleavor|0 fnt\n|faint|p1a: Kleavor\n|\n|win|readingwin\n|raw|Escaliburito's rating: 1218 &rarr; <strong>1188<\/strong><br \/>(-30 for losing)\n|raw|readingwin's rating: 1146 &rarr; <strong>1176<\/strong><br \/>(+30 for winning)\n|c|\u2606Escaliburito|gg\n|c|\u2606Escaliburito|almost\n|l|\u2606Escaliburito\n|c|\u2606readingwin|thanks\n","uploadtime":1699618151,"views":9,"p1id":"escaliburito","p2id":"readingwin","formatid":"gen9nationaldex","rating":1176,"private":0,"password":""}