{"id":"gen9nationaldex-1988443682","p1":"FossGz","p2":"NoMercyNoretreat","format":"[Gen 9] National Dex","log":"|j|\u2606FossGz\n|j|\u2606NoMercyNoretreat\n|t:|1699723531\n|gametype|singles\n|player|p1|FossGz|swimmer-gen4dp|1017\n|player|p2|NoMercyNoretreat|drayden|1000\n|teamsize|p1|6\n|teamsize|p2|6\n|gen|9\n|tier|[Gen 9] National Dex\n|rated|\n|rule|HP Percentage Mod: HP is shown in percentages\n|rule|Endless Battle Clause: Forcing endless battles is banned\n|rule|OHKO Clause: OHKO moves are banned\n|rule|Evasion Clause: Evasion abilities, items, and moves are banned\n|rule|Evasion Abilities Clause: Evasion abilities are banned\n|rule|Evasion Items Clause: Evasion items are banned\n|rule|Evasion Moves Clause: Evasion moves are banned\n|rule|Species Clause: Limit one of each Pok\u00e9mon\n|rule|Sleep Clause Mod: Limit one foe put to sleep\n|clearpoke\n|poke|p1|Mamoswine, F|\n|poke|p1|Ninetales-Alola, F|\n|poke|p1|Frosmoth, F|\n|poke|p1|Keldeo-Resolute|\n|poke|p1|Rotom-Heat|\n|poke|p1|Arctozolt|\n|poke|p2|Dragonite, M|\n|poke|p2|Zapdos|\n|poke|p2|Glimmora, M|\n|poke|p2|Charizard, M|\n|poke|p2|Gyarados, M|\n|poke|p2|Sneasler, M|\n|teampreview\n|inactive|Battle timer is ON: inactive players will automatically lose when time's up. (requested by NoMercyNoretreat)\n|inactive|FossGz has 120 seconds left.\n|\n|t:|1699723569\n|start\n|switch|p1a: Arctozolt|Arctozolt|100\/100\n|switch|p2a: Glimmora|Glimmora, M|100\/100\n|turn|1\n|\n|t:|1699723571\n|move|p2a: Glimmora|Stealth Rock|p1a: Arctozolt\n|-sidestart|p1: FossGz|move: Stealth Rock\n|move|p1a: Arctozolt|Substitute|p1a: Arctozolt\n|-start|p1a: Arctozolt|Substitute\n|-damage|p1a: Arctozolt|76\/100\n|\n|upkeep\n|turn|2\n|\n|t:|1699723578\n|move|p2a: Glimmora|Power Gem|p1a: Arctozolt\n|-supereffective|p1a: Arctozolt\n|-end|p1a: Arctozolt|Substitute\n|move|p1a: Arctozolt|Low Kick|p2a: Glimmora\n|-damage|p2a: Glimmora|81\/100\n|-activate|p2a: Glimmora|ability: Toxic Debris\n|-sidestart|p1: FossGz|move: Toxic Spikes\n|\n|upkeep\n|turn|3\n|\n|t:|1699723593\n|switch|p1a: Rotom|Rotom-Heat|100\/100\n|move|p2a: Glimmora|Power Gem|p1a: Rotom\n|-supereffective|p1a: Rotom\n|-damage|p1a: Rotom|19\/100\n|\n|upkeep\n|turn|4\n|\n|t:|1699723598\n|move|p1a: Rotom|Defog|p2a: Glimmora\n|-unboost|p2a: Glimmora|evasion|1\n|-sideend|p1: FossGz|Toxic Spikes|[from] move: Defog|[of] p1a: Rotom\n|-sideend|p1: FossGz|Stealth Rock|[from] move: Defog|[of] p1a: Rotom\n|move|p2a: Glimmora|Power Gem|p1a: Rotom\n|-supereffective|p1a: Rotom\n|-damage|p1a: Rotom|0 fnt\n|faint|p1a: Rotom\n|\n|upkeep\n|\n|t:|1699723606\n|switch|p1a: mamo|Mamoswine, F|100\/100\n|turn|5\n|\n|t:|1699723608\n|move|p1a: mamo|Earthquake|p2a: Glimmora\n|-supereffective|p2a: Glimmora\n|-damage|p2a: Glimmora|0 fnt\n|-activate|p2a: Glimmora|ability: Toxic Debris\n|-sidestart|p1: FossGz|move: Toxic Spikes\n|faint|p2a: Glimmora\n|\n|upkeep\n|\n|t:|1699723614\n|switch|p2a: Charizard|Charizard, M|100\/100\n|turn|6\n|\n|t:|1699723620\n|switch|p1a: Keldeo|Keldeo-Resolute|100\/100\n|-status|p1a: Keldeo|psn\n|detailschange|p2a: Charizard|Charizard-Mega-Y, M\n|-mega|p2a: Charizard|Charizard|Charizardite Y\n|-weather|SunnyDay|[from] ability: Drought|[of] p2a: Charizard\n|move|p2a: Charizard|Weather Ball|p1a: Keldeo\n|-resisted|p1a: Keldeo\n|-damage|p1a: Keldeo|51\/100 psn\n|\n|-weather|SunnyDay|[upkeep]\n|-damage|p1a: Keldeo|39\/100 psn|[from] psn\n|upkeep\n|turn|7\n|\n|t:|1699723633\n|move|p1a: Keldeo|Flip Turn|p2a: Charizard\n|-supereffective|p2a: Charizard\n|-damage|p2a: Charizard|80\/100\n|\n|t:|1699723639\n|switch|p1a: todasputas|Ninetales-Alola, F|100\/100|[from] Flip Turn\n|-status|p1a: todasputas|psn\n|-weather|Snow|[from] ability: Snow Warning|[of] p1a: todasputas\n|move|p2a: Charizard|Weather Ball|p1a: todasputas\n|-resisted|p1a: todasputas\n|-damage|p1a: todasputas|79\/100 psn\n|\n|-weather|Snow|[upkeep]\n|-damage|p1a: todasputas|67\/100 psn|[from] psn\n|upkeep\n|turn|8\n|\n|t:|1699723649\n|switch|p2a: Zapdos|Zapdos|100\/100\n|move|p1a: todasputas|Aurora Veil|p1a: todasputas\n|-sidestart|p1: FossGz|move: Aurora Veil\n|\n|-weather|Snow|[upkeep]\n|-damage|p1a: todasputas|55\/100 psn|[from] psn\n|upkeep\n|turn|9\n|\n|t:|1699723655\n|move|p1a: todasputas|Freeze-Dry|p2a: Zapdos\n|-supereffective|p2a: Zapdos\n|-damage|p2a: Zapdos|54\/100\n|move|p2a: Zapdos|Defog|p1a: todasputas\n|-unboost|p1a: todasputas|evasion|1\n|-sideend|p1: FossGz|move: Aurora Veil\n|-sideend|p1: FossGz|Toxic Spikes|[from] move: Defog|[of] p2a: Zapdos\n|\n|-weather|Snow|[upkeep]\n|-heal|p2a: Zapdos|60\/100|[from] item: Leftovers\n|-damage|p1a: todasputas|42\/100 psn|[from] psn\n|upkeep\n|turn|10\n|\n|t:|1699723663\n|switch|p2a: Charizard|Charizard-Mega-Y, M|80\/100\n|-weather|SunnyDay|[from] ability: Drought|[of] p2a: Charizard\n|move|p1a: todasputas|Freeze-Dry|p2a: Charizard\n|-damage|p2a: Charizard|61\/100\n|\n|-weather|SunnyDay|[upkeep]\n|-damage|p1a: todasputas|30\/100 psn|[from] psn\n|upkeep\n|turn|11\n|\n|t:|1699723669\n|switch|p1a: Keldeo|Keldeo-Resolute|39\/100 psn\n|move|p2a: Charizard|Weather Ball|p1a: Keldeo\n|-resisted|p1a: Keldeo\n|-damage|p1a: Keldeo|0 fnt\n|faint|p1a: Keldeo\n|\n|-weather|SunnyDay|[upkeep]\n|upkeep\n|\n|t:|1699723676\n|switch|p1a: todasputas|Ninetales-Alola, F|30\/100 psn\n|-weather|Snow|[from] ability: Snow Warning|[of] p1a: todasputas\n|turn|12\n|\n|t:|1699723686\n|move|p1a: todasputas|Aurora Veil|p1a: todasputas\n|-sidestart|p1: FossGz|move: Aurora Veil\n|move|p2a: Charizard|Ancient Power|p1a: todasputas\n|-supereffective|p1a: todasputas\n|-damage|p1a: todasputas|6\/100 psn\n|\n|-weather|Snow|[upkeep]\n|-damage|p1a: todasputas|0 fnt|[from] psn\n|faint|p1a: todasputas\n|upkeep\n|\n|t:|1699723694\n|switch|p1a: Arctozolt|Arctozolt|76\/100\n|turn|13\n|\n|t:|1699723699\n|move|p1a: Arctozolt|Bolt Beak|p2a: Charizard\n|-supereffective|p2a: Charizard\n|-damage|p2a: Charizard|0 fnt\n|faint|p2a: Charizard\n|\n|-weather|Snow|[upkeep]\n|upkeep\n|\n|t:|1699723702\n|switch|p2a: Sneasler|Sneasler, M|100\/100\n|turn|14\n|c|\u2606FossGz|uwu\n|c|\u2606FossGz|gg\n|\n|t:|1699723721\n|move|p2a: Sneasler|Fake Out|p1a: Arctozolt\n|-enditem|p2a: Sneasler|Normal Gem|[from] gem\n|-damage|p1a: Arctozolt|68\/100\n|cant|p1a: Arctozolt|flinch\n|\n|-weather|Snow|[upkeep]\n|upkeep\n|turn|15\n|\n|t:|1699723725\n|move|p2a: Sneasler|Close Combat|p1a: Arctozolt\n|-supereffective|p1a: Arctozolt\n|-damage|p1a: Arctozolt|11\/100\n|-unboost|p2a: Sneasler|def|1\n|-unboost|p2a: Sneasler|spd|1\n|move|p1a: Arctozolt|Bolt Beak|p2a: Sneasler\n|-damage|p2a: Sneasler|9\/100\n|\n|-weather|Snow|[upkeep]\n|upkeep\n|turn|16\n|\n|t:|1699723747\n|switch|p1a: revientaanos2000|Frosmoth, F, shiny|100\/100\n|move|p2a: Sneasler|Close Combat|p1a: revientaanos2000\n|-damage|p1a: revientaanos2000|69\/100\n|-unboost|p2a: Sneasler|def|1\n|-unboost|p2a: Sneasler|spd|1\n|\n|-weather|none\n|upkeep\n|turn|17\n|\n|t:|1699723756\n|move|p2a: Sneasler|Dire Claw|p1a: revientaanos2000\n|-damage|p1a: revientaanos2000|32\/100\n|-status|p1a: revientaanos2000|par\n|move|p1a: revientaanos2000|Quiver Dance|p1a: revientaanos2000\n|-boost|p1a: revientaanos2000|spa|1\n|-boost|p1a: revientaanos2000|spd|1\n|-boost|p1a: revientaanos2000|spe|1\n|\n|upkeep\n|turn|18\n|\n|t:|1699723766\n|move|p2a: Sneasler|Dire Claw|p1a: revientaanos2000\n|-damage|p1a: revientaanos2000|0 fnt\n|faint|p1a: revientaanos2000\n|\n|upkeep\n|\n|t:|1699723770\n|switch|p1a: mamo|Mamoswine, F|100\/100\n|turn|19\n|\n|t:|1699723788\n|move|p2a: Sneasler|Close Combat|p1a: mamo\n|-supereffective|p1a: mamo\n|-damage|p1a: mamo|21\/100\n|-unboost|p2a: Sneasler|def|1\n|-unboost|p2a: Sneasler|spd|1\n|move|p1a: mamo|Stone Edge|p2a: Sneasler|[miss]\n|-miss|p1a: mamo|p2a: Sneasler\n|\n|-sideend|p1: FossGz|move: Aurora Veil\n|upkeep\n|turn|20\n|\n|t:|1699723797\n|switch|p1a: Arctozolt|Arctozolt|11\/100\n|move|p2a: Sneasler|Close Combat|p1a: Arctozolt\n|-supereffective|p1a: Arctozolt\n|-damage|p1a: Arctozolt|0 fnt\n|-unboost|p2a: Sneasler|def|1\n|-unboost|p2a: Sneasler|spd|1\n|faint|p1a: Arctozolt\n|\n|upkeep\n|\n|t:|1699723800\n|switch|p1a: mamo|Mamoswine, F|21\/100\n|turn|21\n|\n|t:|1699723804\n|move|p1a: mamo|Ice Shard|p2a: Sneasler\n|-damage|p2a: Sneasler|0 fnt\n|faint|p2a: Sneasler\n|\n|upkeep\n|\n|t:|1699723807\n|switch|p2a: Dragonite|Dragonite, M|100\/100\n|turn|22\n|-message|FossGz forfeited.\n|\n|win|NoMercyNoretreat\n|raw|FossGz's rating: 1017 &rarr; <strong>1004<\/strong><br \/>(-13 for losing)\n|raw|NoMercyNoretreat's rating: 1000 &rarr; <strong>1042<\/strong><br \/>(+42 for winning)\n|l|\u2606FossGz\n|l|\u2606NoMercyNoretreat\n|j|\u2606NoMercyNoretreat\n|player|p2|NoMercyNoretreat|drayden\n","uploadtime":1699723839,"views":12,"p1id":"fossgz","p2id":"nomercynoretreat","formatid":"gen9nationaldex","rating":1004,"private":0,"password":""}