{"id":"gen9nationaldex-1991770698","p1":"Lu Lu Zhu","p2":"xiezhouqun","format":"[Gen 9] National Dex","log":"|j|\u2606Lu Lu Zhu\n|j|\u2606xiezhouqun\n|t:|1700114244\n|gametype|singles\n|player|p1|Lu Lu Zhu|elesa|1718\n|player|p2|xiezhouqun|fisherman-gen4|1725\n|teamsize|p1|6\n|teamsize|p2|6\n|gen|9\n|tier|[Gen 9] National Dex\n|rated|\n|rule|HP Percentage Mod: HP is shown in percentages\n|rule|Endless Battle Clause: Forcing endless battles is banned\n|rule|OHKO Clause: OHKO moves are banned\n|rule|Evasion Clause: Evasion abilities, items, and moves are banned\n|rule|Evasion Abilities Clause: Evasion abilities are banned\n|rule|Evasion Items Clause: Evasion items are banned\n|rule|Evasion Moves Clause: Evasion moves are banned\n|rule|Species Clause: Limit one of each Pok\u00e9mon\n|rule|Sleep Clause Mod: Limit one foe put to sleep\n|clearpoke\n|poke|p1|Scizor, F|\n|poke|p1|Iron Valiant|\n|poke|p1|Sneasler, M|\n|poke|p1|Ceruledge, M|\n|poke|p1|Gliscor, F|\n|poke|p1|Tapu Koko|\n|poke|p2|Iron Valiant|\n|poke|p2|Rillaboom, M|\n|poke|p2|Banette, F|\n|poke|p2|Sneasler, M|\n|poke|p2|Hawlucha, M|\n|poke|p2|Aegislash, F|\n|teampreview\n|inactive|Battle timer is ON: inactive players will automatically lose when time's up. (requested by Lu Lu Zhu)\n|j| YJLF\n|j| KoKohs\n|\n|t:|1700114256\n|start\n|switch|p1a: Tapu Koko|Tapu Koko|100\/100\n|switch|p2a: Banette|Banette, F|100\/100\n|-fieldstart|move: Electric Terrain|[from] ability: Electric Surge|[of] p1a: Tapu Koko\n|turn|1\n|\n|t:|1700114266\n|detailschange|p2a: Banette|Banette-Mega, F\n|-mega|p2a: Banette|Banette|Banettite\n|move|p1a: Tapu Koko|Volt Switch|p2a: Banette\n|-damage|p2a: Banette|16\/100\n|\n|t:|1700114272\n|switch|p1a: Scizor|Scizor, F|100\/100|[from] Volt Switch\n|move|p2a: Banette|Poltergeist|p1a: Scizor\n|-activate|p1a: Scizor|move: Poltergeist|Scizorite\n|-damage|p1a: Scizor|40\/100\n|\n|upkeep\n|turn|2\n|j| cheese miestro\n|\n|t:|1700114281\n|detailschange|p1a: Scizor|Scizor-Mega, F\n|-mega|p1a: Scizor|Scizor|Scizorite\n|move|p2a: Banette|Destiny Bond|p2a: Banette\n|-singlemove|p2a: Banette|Destiny Bond\n|move|p1a: Scizor|Roost|p1a: Scizor\n|-heal|p1a: Scizor|90\/100\n|-singleturn|p1a: Scizor|move: Roost\n|\n|upkeep\n|turn|3\n|\n|t:|1700114290\n|move|p2a: Banette|Poltergeist|p1a: Scizor\n|-activate|p1a: Scizor|move: Poltergeist|Scizorite\n|-damage|p1a: Scizor|43\/100\n|move|p1a: Scizor|Swords Dance|p1a: Scizor\n|-boost|p1a: Scizor|atk|2\n|\n|upkeep\n|turn|4\n|\n|t:|1700114299\n|move|p2a: Banette|Destiny Bond|p2a: Banette\n|-singlemove|p2a: Banette|Destiny Bond\n|move|p1a: Scizor|Bullet Punch|p2a: Banette\n|-damage|p2a: Banette|0 fnt\n|faint|p2a: Banette\n|-activate|p2a: Banette|move: Destiny Bond\n|faint|p1a: Scizor\n|\n|upkeep\n|\n|t:|1700114325\n|switch|p2a: Aegislash|Aegislash, F|100\/100\n|switch|p1a: Gliscor|Gliscor, F|100\/100\n|turn|5\n|\n|t:|1700114330\n|move|p1a: Gliscor|Stealth Rock|p2a: Aegislash\n|-sidestart|p2: xiezhouqun|move: Stealth Rock\n|move|p2a: Aegislash|Swords Dance|p2a: Aegislash\n|-boost|p2a: Aegislash|atk|2\n|\n|-fieldend|move: Electric Terrain\n|-status|p1a: Gliscor|tox|[from] item: Toxic Orb\n|upkeep\n|turn|6\n|\n|t:|1700114339\n|move|p1a: Gliscor|Earthquake|p2a: Aegislash\n|-supereffective|p2a: Aegislash\n|-damage|p2a: Aegislash|40\/100\n|-enditem|p2a: Aegislash|Weakness Policy\n|-boost|p2a: Aegislash|atk|2|[from] item: Weakness Policy\n|-boost|p2a: Aegislash|spa|2|[from] item: Weakness Policy\n|-formechange|p2a: Aegislash|Aegislash-Blade||[from] ability: Stance Change\n|move|p2a: Aegislash|Iron Head|p1a: Gliscor\n|-damage|p1a: Gliscor|1\/100 tox\n|\n|-heal|p1a: Gliscor|13\/100 tox|[from] ability: Poison Heal\n|upkeep\n|turn|7\n|\n|t:|1700114351\n|move|p2a: Aegislash|Shadow Sneak|p1a: Gliscor\n|-damage|p1a: Gliscor|0 fnt\n|faint|p1a: Gliscor\n|\n|upkeep\n|\n|t:|1700114366\n|switch|p1a: Tapu Koko|Tapu Koko|100\/100\n|-fieldstart|move: Electric Terrain|[from] ability: Electric Surge|[of] p1a: Tapu Koko\n|turn|8\n|\n|t:|1700114371\n|move|p2a: Aegislash|Shadow Sneak|p1a: Tapu Koko\n|-damage|p1a: Tapu Koko|3\/100\n|move|p1a: Tapu Koko|Volt Switch|p2a: Aegislash\n|-damage|p2a: Aegislash|0 fnt\n|faint|p2a: Aegislash\n|j| Tsubasa\u7ffcTsubasa\n|\n|t:|1700114387\n|switch|p1a: Iron Valiant|Iron Valiant|100\/100|[from] Volt Switch\n|-activate|p1a: Iron Valiant|ability: Quark Drive\n|-start|p1a: Iron Valiant|quarkdrivespe\n|\n|upkeep\n|\n|t:|1700114400\n|switch|p2a: Rillaboom|Rillaboom, M|100\/100\n|-damage|p2a: Rillaboom|88\/100|[from] Stealth Rock\n|-fieldstart|move: Grassy Terrain|[from] ability: Grassy Surge|[of] p2a: Rillaboom\n|-end|p1a: Iron Valiant|Quark Drive\n|turn|9\n|\n|t:|1700114412\n|move|p2a: Rillaboom|Grassy Glide|p1a: Iron Valiant\n|-damage|p1a: Iron Valiant|49\/100\n|move|p1a: Iron Valiant|Moonblast|p2a: Rillaboom\n|-damage|p2a: Rillaboom|8\/100\n|-unboost|p2a: Rillaboom|spa|1\n|\n|-heal|p1a: Iron Valiant|56\/100|[from] Grassy Terrain\n|-heal|p2a: Rillaboom|14\/100|[from] Grassy Terrain\n|-heal|p2a: Rillaboom|20\/100|[from] item: Leftovers\n|upkeep\n|turn|10\n|\n|t:|1700114434\n|-terastallize|p2a: Rillaboom|Grass\n|move|p2a: Rillaboom|Grassy Glide|p1a: Iron Valiant\n|-damage|p1a: Iron Valiant|0 fnt\n|faint|p1a: Iron Valiant\n|-end|p1a: Iron Valiant|Quark Drive|[silent]\n|\n|-heal|p2a: Rillaboom|26\/100|[from] Grassy Terrain\n|-heal|p2a: Rillaboom|32\/100|[from] item: Leftovers\n|upkeep\n|\n|t:|1700114439\n|switch|p1a: Tapu Koko|Tapu Koko|3\/100\n|-fieldstart|move: Electric Terrain|[from] ability: Electric Surge|[of] p1a: Tapu Koko\n|turn|11\n|\n|t:|1700114448\n|switch|p2a: Iron Valiant|Iron Valiant|100\/100\n|-damage|p2a: Iron Valiant|94\/100|[from] Stealth Rock\n|-activate|p2a: Iron Valiant|ability: Quark Drive\n|-start|p2a: Iron Valiant|quarkdrivespe\n|move|p1a: Tapu Koko|Dazzling Gleam|p2a: Iron Valiant\n|-supereffective|p2a: Iron Valiant\n|-damage|p2a: Iron Valiant|0 fnt\n|faint|p2a: Iron Valiant\n|-end|p2a: Iron Valiant|Quark Drive|[silent]\n|\n|upkeep\n|\n|t:|1700114460\n|switch|p2a: Rillaboom|Rillaboom, M, tera:Grass|32\/100\n|-damage|p2a: Rillaboom|20\/100|[from] Stealth Rock\n|-fieldstart|move: Grassy Terrain|[from] ability: Grassy Surge|[of] p2a: Rillaboom\n|turn|12\n|\n|t:|1700114467\n|switch|p1a: Sneasler|Sneasler, M|100\/100\n|move|p2a: Rillaboom|U-turn|p1a: Sneasler\n|-resisted|p1a: Sneasler\n|-damage|p1a: Sneasler|93\/100\n|\n|t:|1700114473\n|switch|p2a: Hawlucha|Hawlucha, M, shiny|100\/100|[from] U-turn\n|-damage|p2a: Hawlucha|88\/100|[from] Stealth Rock\n|-enditem|p2a: Hawlucha|Grassy Seed\n|-boost|p2a: Hawlucha|def|1|[from] item: Grassy Seed\n|\n|-heal|p1a: Sneasler|99\/100|[from] Grassy Terrain\n|upkeep\n|turn|13\n|\n|t:|1700114484\n|-terastallize|p1a: Sneasler|Flying\n|move|p2a: Hawlucha|Acrobatics|p1a: Sneasler\n|-damage|p1a: Sneasler|40\/100\n|move|p1a: Sneasler|Acrobatics|p2a: Hawlucha\n|-supereffective|p2a: Hawlucha\n|-damage|p2a: Hawlucha|23\/100\n|\n|upkeep\n|turn|14\n|\n|t:|1700114513\n|switch|p1a: Tapu Koko|Tapu Koko|3\/100\n|-fieldstart|move: Electric Terrain|[from] ability: Electric Surge|[of] p1a: Tapu Koko\n|move|p2a: Hawlucha|Acrobatics|p1a: Tapu Koko\n|-resisted|p1a: Tapu Koko\n|-damage|p1a: Tapu Koko|0 fnt\n|faint|p1a: Tapu Koko\n|\n|upkeep\n|inactive|Lu Lu Zhu has 120 seconds left.\n|\n|t:|1700114525\n|switch|p1a: Sneasler|Sneasler, M, tera:Flying|40\/100\n|-enditem|p1a: Sneasler|Electric Seed\n|-boost|p1a: Sneasler|def|1|[from] item: Electric Seed\n|turn|15\n|\n|t:|1700114533\n|move|p2a: Hawlucha|Acrobatics|p1a: Sneasler\n|-damage|p1a: Sneasler|0 fnt\n|faint|p1a: Sneasler\n|\n|upkeep\n|\n|t:|1700114537\n|switch|p1a: Ceruledge|Ceruledge, M|100\/100\n|turn|16\n|\n|t:|1700114541\n|move|p2a: Hawlucha|Acrobatics|p1a: Ceruledge\n|-crit|p1a: Ceruledge\n|-damage|p1a: Ceruledge|28\/100\n|move|p1a: Ceruledge|Bitter Blade|p2a: Hawlucha\n|-damage|p2a: Hawlucha|0 fnt\n|-heal|p1a: Ceruledge|37\/100|[from] drain|[of] p2a: Hawlucha\n|faint|p2a: Hawlucha\n|\n|upkeep\n|\n|t:|1700114551\n|switch|p2a: Rillaboom|Rillaboom, M, tera:Grass|20\/100\n|-damage|p2a: Rillaboom|8\/100|[from] Stealth Rock\n|-fieldstart|move: Grassy Terrain|[from] ability: Grassy Surge|[of] p2a: Rillaboom\n|turn|17\n|\n|t:|1700114558\n|move|p2a: Rillaboom|Grassy Glide|p1a: Ceruledge\n|-resisted|p1a: Ceruledge\n|-damage|p1a: Ceruledge|8\/100\n|move|p1a: Ceruledge|Bitter Blade|p2a: Rillaboom\n|-supereffective|p2a: Rillaboom\n|-damage|p2a: Rillaboom|0 fnt\n|-heal|p1a: Ceruledge|12\/100|[from] drain|[of] p2a: Rillaboom\n|faint|p2a: Rillaboom\n|\n|-heal|p1a: Ceruledge|18\/100|[from] Grassy Terrain\n|upkeep\n|\n|t:|1700114570\n|switch|p2a: Sneasler|Sneasler, M|100\/100\n|-damage|p2a: Sneasler|95\/100|[from] Stealth Rock\n|-enditem|p2a: Sneasler|Grassy Seed\n|-boost|p2a: Sneasler|def|1|[from] item: Grassy Seed\n|turn|18\n|-message|Lu Lu Zhu forfeited.\n|\n|win|xiezhouqun\n|raw|Lu Lu Zhu's rating: 1718 &rarr; <strong>1698<\/strong><br \/>(-20 for losing)\n|raw|xiezhouqun's rating: 1725 &rarr; <strong>1745<\/strong><br \/>(+20 for winning)\n|l|\u2606Lu Lu Zhu\n|l| Tsubasa\u7ffcTsubasa\n|l| YJLF\n","uploadtime":1700114593,"views":4,"p1id":"luluzhu","p2id":"xiezhouqun","formatid":"gen9nationaldex","rating":1698,"private":0,"password":""}