{"id":"gen9nationaldex-1993306630","p1":"Miku Nakano ily","p2":"Serena1111\u805a\u6c14\u5384\u9b3c\u692a","format":"[Gen 9] National Dex","log":"|j|\u2606Miku Nakano ily\n|j|\u2606Serena1111\u805a\u6c14\u5384\u9b3c\u692a\n|inactive|Battle timer is ON: inactive players will automatically lose when time's up.\n|t:|1700294707\n|gametype|singles\n|player|p1|Miku Nakano ily|169|\n|player|p2|Serena1111\u805a\u6c14\u5384\u9b3c\u692a|serena|\n|teamsize|p1|6\n|teamsize|p2|6\n|gen|9\n|tier|[Gen 9] National Dex\n|rated|Tournament battle\n|rule|HP Percentage Mod: HP is shown in percentages\n|rule|Endless Battle Clause: Forcing endless battles is banned\n|rule|OHKO Clause: OHKO moves are banned\n|rule|Evasion Clause: Evasion abilities, items, and moves are banned\n|rule|Evasion Abilities Clause: Evasion abilities are banned\n|rule|Evasion Items Clause: Evasion items are banned\n|rule|Evasion Moves Clause: Evasion moves are banned\n|rule|Species Clause: Limit one of each Pok\u00e9mon\n|rule|Sleep Clause Mod: Limit one foe put to sleep\n|clearpoke\n|poke|p1|Charizard, F|\n|poke|p1|Alomomola, M|\n|poke|p1|Slowking-Galar, F|\n|poke|p1|Iron Valiant|\n|poke|p1|Landorus-Therian, M|\n|poke|p1|Cinderace, F|\n|poke|p2|Chansey, F|\n|poke|p2|Dondozo, F|\n|poke|p2|Ditto|\n|poke|p2|Alomomola, F|\n|poke|p2|Ogerpon-Wellspring, F|\n|poke|p2|Whimsicott, F|\n|teampreview\n|inactive|Serena1111\u805a\u6c14\u5384\u9b3c\u692a also wants the timer to be on.\n|c|\u2606Miku Nakano ily|Hf\n|c|\u2606Serena1111\u805a\u6c14\u5384\u9b3c\u692a|glhf\n|\n|t:|1700294720\n|start\n|switch|p1a: Landorus|Landorus-Therian, M|100\/100\n|switch|p2a: \u5c0f\u667a\u518d\u4e5f\u4e0d\u7528\u62c5\u5fc3\u6211\u4e0d\u77e5\u9053\u5bf9\u65b9\u62db\u5f0f\u4e86|Ditto|100\/100\n|-ability|p1a: Landorus|Intimidate|boost\n|-unboost|p2a: \u5c0f\u667a\u518d\u4e5f\u4e0d\u7528\u62c5\u5fc3\u6211\u4e0d\u77e5\u9053\u5bf9\u65b9\u62db\u5f0f\u4e86|atk|1\n|-transform|p2a: \u5c0f\u667a\u518d\u4e5f\u4e0d\u7528\u62c5\u5fc3\u6211\u4e0d\u77e5\u9053\u5bf9\u65b9\u62db\u5f0f\u4e86|p1a: Landorus|[from] ability: Imposter\n|-ability|p2a: \u5c0f\u667a\u518d\u4e5f\u4e0d\u7528\u62c5\u5fc3\u6211\u4e0d\u77e5\u9053\u5bf9\u65b9\u62db\u5f0f\u4e86|Intimidate|boost\n|-unboost|p1a: Landorus|atk|1\n|turn|1\n|\n|t:|1700294733\n|switch|p2a: \u5403\u543c\u9738\u7684\u53cd\u5f3a\u5316\u7269\u8bed|Dondozo, F|100\/100\n|move|p1a: Landorus|Knock Off|p2a: \u5403\u543c\u9738\u7684\u53cd\u5f3a\u5316\u7269\u8bed\n|-damage|p2a: \u5403\u543c\u9738\u7684\u53cd\u5f3a\u5316\u7269\u8bed|87\/100\n|-enditem|p2a: \u5403\u543c\u9738\u7684\u53cd\u5f3a\u5316\u7269\u8bed|Leftovers|[from] move: Knock Off|[of] p1a: Landorus\n|\n|upkeep\n|turn|2\n|\n|t:|1700294737\n|move|p1a: Landorus|Taunt|p2a: \u5403\u543c\u9738\u7684\u53cd\u5f3a\u5316\u7269\u8bed\n|-start|p2a: \u5403\u543c\u9738\u7684\u53cd\u5f3a\u5316\u7269\u8bed|move: Taunt\n|cant|p2a: \u5403\u543c\u9738\u7684\u53cd\u5f3a\u5316\u7269\u8bed|move: Taunt|Curse\n|\n|upkeep\n|turn|3\n|\n|t:|1700294742\n|switch|p1a: Alomomola|Alomomola, M|100\/100\n|move|p2a: \u5403\u543c\u9738\u7684\u53cd\u5f3a\u5316\u7269\u8bed|Wave Crash|p1a: Alomomola\n|-resisted|p1a: Alomomola\n|-damage|p1a: Alomomola|90\/100\n|-damage|p2a: \u5403\u543c\u9738\u7684\u53cd\u5f3a\u5316\u7269\u8bed|84\/100|[from] Recoil\n|\n|upkeep\n|turn|4\n|\n|t:|1700294749\n|switch|p2a: \u5c0f\u667a\u518d\u4e5f\u4e0d\u7528\u62c5\u5fc3\u6211\u4e0d\u77e5\u9053\u5bf9\u65b9\u62db\u5f0f\u4e86|Ditto|100\/100\n|-transform|p2a: \u5c0f\u667a\u518d\u4e5f\u4e0d\u7528\u62c5\u5fc3\u6211\u4e0d\u77e5\u9053\u5bf9\u65b9\u62db\u5f0f\u4e86|p1a: Alomomola|[from] ability: Imposter\n|move|p1a: Alomomola|Toxic|p2a: \u5c0f\u667a\u518d\u4e5f\u4e0d\u7528\u62c5\u5fc3\u6211\u4e0d\u77e5\u9053\u5bf9\u65b9\u62db\u5f0f\u4e86\n|-status|p2a: \u5c0f\u667a\u518d\u4e5f\u4e0d\u7528\u62c5\u5fc3\u6211\u4e0d\u77e5\u9053\u5bf9\u65b9\u62db\u5f0f\u4e86|tox\n|\n|-damage|p2a: \u5c0f\u667a\u518d\u4e5f\u4e0d\u7528\u62c5\u5fc3\u6211\u4e0d\u77e5\u9053\u5bf9\u65b9\u62db\u5f0f\u4e86|94\/100 tox|[from] psn\n|upkeep\n|turn|5\n|\n|t:|1700294760\n|switch|p1a: Slowking|Slowking-Galar, F|100\/100\n|move|p2a: \u5c0f\u667a\u518d\u4e5f\u4e0d\u7528\u62c5\u5fc3\u6211\u4e0d\u77e5\u9053\u5bf9\u65b9\u62db\u5f0f\u4e86|Toxic|p1a: Slowking|[miss]\n|-miss|p2a: \u5c0f\u667a\u518d\u4e5f\u4e0d\u7528\u62c5\u5fc3\u6211\u4e0d\u77e5\u9053\u5bf9\u65b9\u62db\u5f0f\u4e86|p1a: Slowking\n|\n|-damage|p2a: \u5c0f\u667a\u518d\u4e5f\u4e0d\u7528\u62c5\u5fc3\u6211\u4e0d\u77e5\u9053\u5bf9\u65b9\u62db\u5f0f\u4e86|82\/100 tox|[from] psn\n|upkeep\n|turn|6\n|\n|t:|1700294769\n|switch|p2a: \u6e05\u6f88\u7684\u53cc\u773c \u53ef\u7231\u7684\u8138\u5e9e|Chansey, F|100\/100\n|move|p1a: Slowking|Future Sight|p2a: \u6e05\u6f88\u7684\u53cc\u773c \u53ef\u7231\u7684\u8138\u5e9e\n|-start|p1a: Slowking|move: Future Sight\n|\n|upkeep\n|turn|7\n|\n|t:|1700294775\n|move|p2a: \u6e05\u6f88\u7684\u53cc\u773c \u53ef\u7231\u7684\u8138\u5e9e|Thunder Wave|p1a: Slowking\n|-status|p1a: Slowking|par\n|cant|p1a: Slowking|par\n|\n|upkeep\n|turn|8\n|\n|t:|1700294779\n|move|p2a: \u6e05\u6f88\u7684\u53cc\u773c \u53ef\u7231\u7684\u8138\u5e9e|Seismic Toss|p1a: Slowking\n|-damage|p1a: Slowking|75\/100 par\n|cant|p1a: Slowking|par\n|\n|-end|p2a: \u6e05\u6f88\u7684\u53cc\u773c \u53ef\u7231\u7684\u8138\u5e9e|move: Future Sight\n|-damage|p2a: \u6e05\u6f88\u7684\u53cc\u773c \u53ef\u7231\u7684\u8138\u5e9e|86\/100\n|-heal|p1a: Slowking|81\/100 par|[from] item: Leftovers\n|upkeep\n|turn|9\n|\n|t:|1700294784\n|move|p2a: \u6e05\u6f88\u7684\u53cc\u773c \u53ef\u7231\u7684\u8138\u5e9e|Seismic Toss|p1a: Slowking\n|-damage|p1a: Slowking|56\/100 par\n|move|p1a: Slowking|Chilly Reception|p1a: Slowking\n|-weather|Snow\n|\n|t:|1700294792\n|switch|p1a: Cinderace|Cinderace, F|100\/100|[from] Chilly Reception\n|\n|-weather|Snow|[upkeep]\n|upkeep\n|turn|10\n|\n|t:|1700294805\n|switch|p2a: \u5403\u543c\u9738\u7684\u53cd\u5f3a\u5316\u7269\u8bed|Dondozo, F|84\/100\n|move|p1a: Cinderace|High Jump Kick|p2a: \u5403\u543c\u9738\u7684\u53cd\u5f3a\u5316\u7269\u8bed|[miss]\n|-start|p1a: Cinderace|typechange|Fighting|[from] ability: Libero\n|-miss|p1a: Cinderace|p2a: \u5403\u543c\u9738\u7684\u53cd\u5f3a\u5316\u7269\u8bed\n|-damage|p1a: Cinderace|51\/100|[from] highjumpkick\n|\n|-weather|Snow|[upkeep]\n|upkeep\n|turn|11\n|\n|t:|1700294816\n|move|p1a: Cinderace|U-turn|p2a: \u5403\u543c\u9738\u7684\u53cd\u5f3a\u5316\u7269\u8bed\n|-damage|p2a: \u5403\u543c\u9738\u7684\u53cd\u5f3a\u5316\u7269\u8bed|75\/100\n|\n|t:|1700294818\n|switch|p1a: Alomomola|Alomomola, M|100\/100|[from] U-turn\n|move|p2a: \u5403\u543c\u9738\u7684\u53cd\u5f3a\u5316\u7269\u8bed|Curse|p2a: \u5403\u543c\u9738\u7684\u53cd\u5f3a\u5316\u7269\u8bed\n|-unboost|p2a: \u5403\u543c\u9738\u7684\u53cd\u5f3a\u5316\u7269\u8bed|spe|1\n|-boost|p2a: \u5403\u543c\u9738\u7684\u53cd\u5f3a\u5316\u7269\u8bed|atk|1\n|-boost|p2a: \u5403\u543c\u9738\u7684\u53cd\u5f3a\u5316\u7269\u8bed|def|1\n|\n|-weather|Snow|[upkeep]\n|upkeep\n|turn|12\n|\n|t:|1700294824\n|move|p2a: \u5403\u543c\u9738\u7684\u53cd\u5f3a\u5316\u7269\u8bed|Curse|p2a: \u5403\u543c\u9738\u7684\u53cd\u5f3a\u5316\u7269\u8bed\n|-unboost|p2a: \u5403\u543c\u9738\u7684\u53cd\u5f3a\u5316\u7269\u8bed|spe|1\n|-boost|p2a: \u5403\u543c\u9738\u7684\u53cd\u5f3a\u5316\u7269\u8bed|atk|1\n|-boost|p2a: \u5403\u543c\u9738\u7684\u53cd\u5f3a\u5316\u7269\u8bed|def|1\n|move|p1a: Alomomola|Toxic|p2a: \u5403\u543c\u9738\u7684\u53cd\u5f3a\u5316\u7269\u8bed\n|-status|p2a: \u5403\u543c\u9738\u7684\u53cd\u5f3a\u5316\u7269\u8bed|tox\n|\n|-weather|Snow|[upkeep]\n|-damage|p2a: \u5403\u543c\u9738\u7684\u53cd\u5f3a\u5316\u7269\u8bed|68\/100 tox|[from] psn\n|upkeep\n|turn|13\n|\n|t:|1700294833\n|move|p1a: Alomomola|Wish|p1a: Alomomola\n|move|p2a: \u5403\u543c\u9738\u7684\u53cd\u5f3a\u5316\u7269\u8bed|Wave Crash|p1a: Alomomola\n|-resisted|p1a: Alomomola\n|-damage|p1a: Alomomola|80\/100\n|-damage|p2a: \u5403\u543c\u9738\u7684\u53cd\u5f3a\u5316\u7269\u8bed|61\/100 tox|[from] Recoil\n|\n|-weather|none\n|-damage|p2a: \u5403\u543c\u9738\u7684\u53cd\u5f3a\u5316\u7269\u8bed|49\/100 tox|[from] psn\n|upkeep\n|turn|14\n|\n|t:|1700294847\n|move|p1a: Alomomola|Toxic|p2a: \u5403\u543c\u9738\u7684\u53cd\u5f3a\u5316\u7269\u8bed\n|-fail|p2a: \u5403\u543c\u9738\u7684\u53cd\u5f3a\u5316\u7269\u8bed|tox\n|move|p2a: \u5403\u543c\u9738\u7684\u53cd\u5f3a\u5316\u7269\u8bed|Rest|p2a: \u5403\u543c\u9738\u7684\u53cd\u5f3a\u5316\u7269\u8bed\n|-status|p2a: \u5403\u543c\u9738\u7684\u53cd\u5f3a\u5316\u7269\u8bed|slp|[from] move: Rest\n|-heal|p2a: \u5403\u543c\u9738\u7684\u53cd\u5f3a\u5316\u7269\u8bed|100\/100 slp|[silent]\n|\n|-heal|p1a: Alomomola|100\/100|[from] move: Wish|[wisher] Alomomola\n|upkeep\n|turn|15\n|\n|t:|1700294857\n|move|p1a: Alomomola|Flip Turn|p2a: \u5403\u543c\u9738\u7684\u53cd\u5f3a\u5316\u7269\u8bed\n|-resisted|p2a: \u5403\u543c\u9738\u7684\u53cd\u5f3a\u5316\u7269\u8bed\n|-damage|p2a: \u5403\u543c\u9738\u7684\u53cd\u5f3a\u5316\u7269\u8bed|99\/100 slp\n|\n|t:|1700294860\n|switch|p1a: Charizard|Charizard, F|100\/100|[from] Flip Turn\n|cant|p2a: \u5403\u543c\u9738\u7684\u53cd\u5f3a\u5316\u7269\u8bed|slp\n|move|p2a: \u5403\u543c\u9738\u7684\u53cd\u5f3a\u5316\u7269\u8bed|Sleep Talk|p2a: \u5403\u543c\u9738\u7684\u53cd\u5f3a\u5316\u7269\u8bed\n|move|p2a: \u5403\u543c\u9738\u7684\u53cd\u5f3a\u5316\u7269\u8bed|Curse|p2a: \u5403\u543c\u9738\u7684\u53cd\u5f3a\u5316\u7269\u8bed|[from]move: Sleep Talk\n|-unboost|p2a: \u5403\u543c\u9738\u7684\u53cd\u5f3a\u5316\u7269\u8bed|spe|1\n|-boost|p2a: \u5403\u543c\u9738\u7684\u53cd\u5f3a\u5316\u7269\u8bed|atk|1\n|-boost|p2a: \u5403\u543c\u9738\u7684\u53cd\u5f3a\u5316\u7269\u8bed|def|1\n|\n|upkeep\n|turn|16\n|\n|t:|1700294872\n|detailschange|p1a: Charizard|Charizard-Mega-Y, F\n|-mega|p1a: Charizard|Charizard|Charizardite Y\n|-weather|SunnyDay|[from] ability: Drought|[of] p1a: Charizard\n|move|p1a: Charizard|Solar Beam||[still]\n|-prepare|p1a: Charizard|Solar Beam\n|-anim|p1a: Charizard|Solar Beam|p2a: \u5403\u543c\u9738\u7684\u53cd\u5f3a\u5316\u7269\u8bed\n|-supereffective|p2a: \u5403\u543c\u9738\u7684\u53cd\u5f3a\u5316\u7269\u8bed\n|-damage|p2a: \u5403\u543c\u9738\u7684\u53cd\u5f3a\u5316\u7269\u8bed|8\/100 slp\n|cant|p2a: \u5403\u543c\u9738\u7684\u53cd\u5f3a\u5316\u7269\u8bed|slp\n|\n|-weather|SunnyDay|[upkeep]\n|upkeep\n|turn|17\n|\n|t:|1700294885\n|switch|p2a: \u5c0f\u667a\u518d\u4e5f\u4e0d\u7528\u62c5\u5fc3\u6211\u4e0d\u77e5\u9053\u5bf9\u65b9\u62db\u5f0f\u4e86|Ditto|100\/100 tox\n|-transform|p2a: \u5c0f\u667a\u518d\u4e5f\u4e0d\u7528\u62c5\u5fc3\u6211\u4e0d\u77e5\u9053\u5bf9\u65b9\u62db\u5f0f\u4e86|p1a: Charizard|[from] ability: Imposter\n|move|p1a: Charizard|Weather Ball|p2a: \u5c0f\u667a\u518d\u4e5f\u4e0d\u7528\u62c5\u5fc3\u6211\u4e0d\u77e5\u9053\u5bf9\u65b9\u62db\u5f0f\u4e86\n|-resisted|p2a: \u5c0f\u667a\u518d\u4e5f\u4e0d\u7528\u62c5\u5fc3\u6211\u4e0d\u77e5\u9053\u5bf9\u65b9\u62db\u5f0f\u4e86\n|-damage|p2a: \u5c0f\u667a\u518d\u4e5f\u4e0d\u7528\u62c5\u5fc3\u6211\u4e0d\u77e5\u9053\u5bf9\u65b9\u62db\u5f0f\u4e86|52\/100 tox\n|\n|-weather|SunnyDay|[upkeep]\n|-damage|p2a: \u5c0f\u667a\u518d\u4e5f\u4e0d\u7528\u62c5\u5fc3\u6211\u4e0d\u77e5\u9053\u5bf9\u65b9\u62db\u5f0f\u4e86|46\/100 tox|[from] psn\n|upkeep\n|turn|18\n|\n|t:|1700294896\n|switch|p2a: \u6e05\u6f88\u7684\u53cc\u773c \u53ef\u7231\u7684\u8138\u5e9e|Chansey, F|86\/100\n|move|p1a: Charizard|Air Slash|p2a: \u6e05\u6f88\u7684\u53cc\u773c \u53ef\u7231\u7684\u8138\u5e9e|[miss]\n|-miss|p1a: Charizard|p2a: \u6e05\u6f88\u7684\u53cc\u773c \u53ef\u7231\u7684\u8138\u5e9e\n|\n|-weather|SunnyDay|[upkeep]\n|upkeep\n|turn|19\n|\n|t:|1700294902\n|switch|p1a: Slowking|Slowking-Galar, F|89\/100 par\n|move|p2a: \u6e05\u6f88\u7684\u53cc\u773c \u53ef\u7231\u7684\u8138\u5e9e|Thunder Wave|p1a: Slowking\n|-fail|p1a: Slowking|par\n|\n|-weather|SunnyDay|[upkeep]\n|-heal|p1a: Slowking|95\/100 par|[from] item: Leftovers\n|upkeep\n|turn|20\n|\n|t:|1700294906\n|move|p2a: \u6e05\u6f88\u7684\u53cc\u773c \u53ef\u7231\u7684\u8138\u5e9e|Seismic Toss|p1a: Slowking\n|-damage|p1a: Slowking|70\/100 par\n|move|p1a: Slowking|Chilly Reception|p1a: Slowking\n|-weather|Snow\n|\n|t:|1700294911\n|switch|p1a: Landorus|Landorus-Therian, M|100\/100|[from] Chilly Reception\n|-ability|p1a: Landorus|Intimidate|boost\n|-unboost|p2a: \u6e05\u6f88\u7684\u53cc\u773c \u53ef\u7231\u7684\u8138\u5e9e|atk|1\n|\n|-weather|Snow|[upkeep]\n|upkeep\n|turn|21\n|\n|t:|1700294919\n|switch|p2a: \u4fdd\u59c6\u9c7c|Alomomola, F|100\/100\n|move|p1a: Landorus|Knock Off|p2a: \u4fdd\u59c6\u9c7c\n|-damage|p2a: \u4fdd\u59c6\u9c7c|83\/100\n|-enditem|p2a: \u4fdd\u59c6\u9c7c|Heavy-Duty Boots|[from] move: Knock Off|[of] p1a: Landorus\n|\n|-weather|Snow|[upkeep]\n|upkeep\n|turn|22\n|\n|t:|1700294925\n|move|p1a: Landorus|Taunt|p2a: \u4fdd\u59c6\u9c7c\n|-start|p2a: \u4fdd\u59c6\u9c7c|move: Taunt\n|cant|p2a: \u4fdd\u59c6\u9c7c|move: Taunt|Toxic\n|\n|-weather|Snow|[upkeep]\n|upkeep\n|turn|23\n|\n|t:|1700294933\n|move|p1a: Landorus|Earthquake|p2a: \u4fdd\u59c6\u9c7c\n|-damage|p2a: \u4fdd\u59c6\u9c7c|57\/100\n|move|p2a: \u4fdd\u59c6\u9c7c|Flip Turn|p1a: Landorus\n|-supereffective|p1a: Landorus\n|-damage|p1a: Landorus|74\/100\n|\n|t:|1700294939\n|switch|p2a: \u810f\u4e1c\u897f|Whimsicott, F|100\/100|[from] Flip Turn\n|\n|-weather|Snow|[upkeep]\n|-heal|p1a: Landorus|80\/100|[from] item: Leftovers\n|upkeep\n|turn|24\n|\n|t:|1700294945\n|switch|p1a: Charizard|Charizard-Mega-Y, F|100\/100\n|-weather|SunnyDay|[from] ability: Drought|[of] p1a: Charizard\n|move|p2a: \u810f\u4e1c\u897f|Toxic|p1a: Charizard\n|-status|p1a: Charizard|tox\n|\n|-weather|SunnyDay|[upkeep]\n|-damage|p1a: Charizard|94\/100 tox|[from] psn\n|upkeep\n|turn|25\n|\n|t:|1700294952\n|switch|p2a: \u6e05\u6f88\u7684\u53cc\u773c \u53ef\u7231\u7684\u8138\u5e9e|Chansey, F|86\/100\n|move|p1a: Charizard|Weather Ball|p2a: \u6e05\u6f88\u7684\u53cc\u773c \u53ef\u7231\u7684\u8138\u5e9e\n|-crit|p2a: \u6e05\u6f88\u7684\u53cc\u773c \u53ef\u7231\u7684\u8138\u5e9e\n|-damage|p2a: \u6e05\u6f88\u7684\u53cc\u773c \u53ef\u7231\u7684\u8138\u5e9e|43\/100\n|\n|-weather|SunnyDay|[upkeep]\n|-damage|p1a: Charizard|82\/100 tox|[from] psn\n|upkeep\n|turn|26\n|\n|t:|1700294958\n|move|p1a: Charizard|Air Slash|p2a: \u6e05\u6f88\u7684\u53cc\u773c \u53ef\u7231\u7684\u8138\u5e9e\n|-damage|p2a: \u6e05\u6f88\u7684\u53cc\u773c \u53ef\u7231\u7684\u8138\u5e9e|29\/100\n|cant|p2a: \u6e05\u6f88\u7684\u53cc\u773c \u53ef\u7231\u7684\u8138\u5e9e|flinch\n|\n|-weather|SunnyDay|[upkeep]\n|-damage|p1a: Charizard|64\/100 tox|[from] psn\n|upkeep\n|turn|27\n|\n|t:|1700294963\n|move|p1a: Charizard|Weather Ball|p2a: \u6e05\u6f88\u7684\u53cc\u773c \u53ef\u7231\u7684\u8138\u5e9e\n|-damage|p2a: \u6e05\u6f88\u7684\u53cc\u773c \u53ef\u7231\u7684\u8138\u5e9e|1\/100\n|move|p2a: \u6e05\u6f88\u7684\u53cc\u773c \u53ef\u7231\u7684\u8138\u5e9e|Soft-Boiled|p2a: \u6e05\u6f88\u7684\u53cc\u773c \u53ef\u7231\u7684\u8138\u5e9e\n|-heal|p2a: \u6e05\u6f88\u7684\u53cc\u773c \u53ef\u7231\u7684\u8138\u5e9e|51\/100\n|\n|-weather|SunnyDay|[upkeep]\n|-damage|p1a: Charizard|40\/100 tox|[from] psn\n|upkeep\n|turn|28\n|j| walpurgisnuit\n|\n|t:|1700294970\n|switch|p1a: Landorus|Landorus-Therian, M|80\/100\n|-ability|p1a: Landorus|Intimidate|boost\n|-unboost|p2a: \u6e05\u6f88\u7684\u53cc\u773c \u53ef\u7231\u7684\u8138\u5e9e|atk|1\n|move|p2a: \u6e05\u6f88\u7684\u53cc\u773c \u53ef\u7231\u7684\u8138\u5e9e|Soft-Boiled|p2a: \u6e05\u6f88\u7684\u53cc\u773c \u53ef\u7231\u7684\u8138\u5e9e\n|-heal|p2a: \u6e05\u6f88\u7684\u53cc\u773c \u53ef\u7231\u7684\u8138\u5e9e|100\/100\n|\n|-weather|none\n|-heal|p1a: Landorus|86\/100|[from] item: Leftovers\n|upkeep\n|turn|29\n|\n|t:|1700294986\n|switch|p1a: Alomomola|Alomomola, M|100\/100\n|switch|p2a: \u4fdd\u59c6\u9c7c|Alomomola, F|90\/100\n|\n|upkeep\n|turn|30\n|\n|t:|1700294998\n|move|p1a: Alomomola|Protect|p1a: Alomomola\n|-singleturn|p1a: Alomomola|Protect\n|move|p2a: \u4fdd\u59c6\u9c7c|Wish|p2a: \u4fdd\u59c6\u9c7c\n|\n|upkeep\n|turn|31\n|\n|t:|1700295013\n|move|p2a: \u4fdd\u59c6\u9c7c|Flip Turn|p1a: Alomomola\n|-resisted|p1a: Alomomola\n|-damage|p1a: Alomomola|96\/100\n|\n|t:|1700295017\n|switch|p2a: \u5403\u543c\u9738\u7684\u53cd\u5f3a\u5316\u7269\u8bed|Dondozo, F|8\/100 slp|[from] Flip Turn\n|move|p1a: Alomomola|Flip Turn|p2a: \u5403\u543c\u9738\u7684\u53cd\u5f3a\u5316\u7269\u8bed\n|-resisted|p2a: \u5403\u543c\u9738\u7684\u53cd\u5f3a\u5316\u7269\u8bed\n|-damage|p2a: \u5403\u543c\u9738\u7684\u53cd\u5f3a\u5316\u7269\u8bed|4\/100 slp\n|\n|t:|1700295021\n|switch|p1a: Charizard|Charizard-Mega-Y, F|40\/100 tox|[from] Flip Turn\n|-weather|SunnyDay|[from] ability: Drought|[of] p1a: Charizard\n|\n|-weather|SunnyDay|[upkeep]\n|-heal|p2a: \u5403\u543c\u9738\u7684\u53cd\u5f3a\u5316\u7269\u8bed|57\/100 slp|[from] move: Wish|[wisher] \u4fdd\u59c6\u9c7c\n|-damage|p1a: Charizard|34\/100 tox|[from] psn\n|upkeep\n|turn|32\n|\n|t:|1700295031\n|switch|p1a: Alomomola|Alomomola, M|100\/100\n|switch|p2a: \u6e05\u6f88\u7684\u53cc\u773c \u53ef\u7231\u7684\u8138\u5e9e|Chansey, F|100\/100\n|\n|-weather|SunnyDay|[upkeep]\n|upkeep\n|turn|33\n|\n|t:|1700295038\n|switch|p2a: \u810f\u4e1c\u897f|Whimsicott, F|100\/100\n|move|p1a: Alomomola|Wish|p1a: Alomomola\n|\n|-weather|SunnyDay|[upkeep]\n|upkeep\n|turn|34\n|\n|t:|1700295045\n|switch|p1a: Charizard|Charizard-Mega-Y, F|34\/100 tox\n|move|p2a: \u810f\u4e1c\u897f|Encore||[still]\n|-fail|p2a: \u810f\u4e1c\u897f\n|\n|-weather|SunnyDay|[upkeep]\n|-heal|p1a: Charizard|100\/100 tox|[from] move: Wish|[wisher] Alomomola\n|-damage|p1a: Charizard|94\/100 tox|[from] psn\n|upkeep\n|turn|35\n|\n|t:|1700295053\n|switch|p1a: Cinderace|Cinderace, F|51\/100\n|switch|p2a: \u6e05\u6f88\u7684\u53cc\u773c \u53ef\u7231\u7684\u8138\u5e9e|Chansey, F|100\/100\n|\n|-weather|none\n|upkeep\n|turn|36\n|\n|t:|1700295060\n|switch|p2a: \u4fdd\u59c6\u9c7c|Alomomola, F|100\/100\n|move|p1a: Cinderace|High Jump Kick|p2a: \u4fdd\u59c6\u9c7c|[miss]\n|-start|p1a: Cinderace|typechange|Fighting|[from] ability: Libero\n|-miss|p1a: Cinderace|p2a: \u4fdd\u59c6\u9c7c\n|-damage|p1a: Cinderace|1\/100|[from] highjumpkick\n|\n|upkeep\n|turn|37\n|c|\u2606Serena1111\u805a\u6c14\u5384\u9b3c\u692a|loooooool\n|c|\u2606Miku Nakano ily|How\n|\n|t:|1700295071\n|move|p1a: Cinderace|U-turn|p2a: \u4fdd\u59c6\u9c7c\n|-damage|p2a: \u4fdd\u59c6\u9c7c|89\/100\n|\n|t:|1700295076\n|switch|p1a: Slowking|Slowking-Galar, F|100\/100 par|[from] U-turn\n|move|p2a: \u4fdd\u59c6\u9c7c|Toxic||[still]\n|-fail|p2a: \u4fdd\u59c6\u9c7c\n|\n|upkeep\n|turn|38\n|inactive|Serena1111\u805a\u6c14\u5384\u9b3c\u692a has 120 seconds left.\n|\n|t:|1700295113\n|move|p2a: \u4fdd\u59c6\u9c7c|Flip Turn|p1a: Slowking\n|-damage|p1a: Slowking|85\/100 par\n|\n|t:|1700295116\n|switch|p2a: \u6e05\u6f88\u7684\u53cc\u773c \u53ef\u7231\u7684\u8138\u5e9e|Chansey, F|100\/100|[from] Flip Turn\n|move|p1a: Slowking|Future Sight|p2a: \u6e05\u6f88\u7684\u53cc\u773c \u53ef\u7231\u7684\u8138\u5e9e\n|-start|p1a: Slowking|move: Future Sight\n|\n|-heal|p1a: Slowking|91\/100 par|[from] item: Leftovers\n|upkeep\n|turn|39\n|inactive|Serena1111\u805a\u6c14\u5384\u9b3c\u692a has 120 seconds left.\n|\n|t:|1700295126\n|move|p2a: \u6e05\u6f88\u7684\u53cc\u773c \u53ef\u7231\u7684\u8138\u5e9e|Seismic Toss|p1a: Slowking\n|-damage|p1a: Slowking|66\/100 par\n|cant|p1a: Slowking|par\n|\n|-heal|p1a: Slowking|72\/100 par|[from] item: Leftovers\n|upkeep\n|turn|40\n|inactive|Serena1111\u805a\u6c14\u5384\u9b3c\u692a has 120 seconds left.\n|\n|t:|1700295144\n|move|p2a: \u6e05\u6f88\u7684\u53cc\u773c \u53ef\u7231\u7684\u8138\u5e9e|Seismic Toss|p1a: Slowking\n|-damage|p1a: Slowking|46\/100 par\n|move|p1a: Slowking|Chilly Reception|p1a: Slowking\n|-weather|Snow\n|\n|t:|1700295153\n|switch|p1a: Landorus|Landorus-Therian, M|86\/100|[from] Chilly Reception\n|-ability|p1a: Landorus|Intimidate|boost\n|-unboost|p2a: \u6e05\u6f88\u7684\u53cc\u773c \u53ef\u7231\u7684\u8138\u5e9e|atk|1\n|\n|-weather|Snow|[upkeep]\n|-end|p2a: \u6e05\u6f88\u7684\u53cc\u773c \u53ef\u7231\u7684\u8138\u5e9e|move: Future Sight\n|-damage|p2a: \u6e05\u6f88\u7684\u53cc\u773c \u53ef\u7231\u7684\u8138\u5e9e|87\/100\n|-heal|p1a: Landorus|92\/100|[from] item: Leftovers\n|upkeep\n|turn|41\n|\n|t:|1700295160\n|switch|p2a: \u624b \u81c2 \u7ec8 \u7ed3 \u8005|Ogerpon-Wellspring, F|100\/100\n|move|p1a: Landorus|Taunt|p2a: \u624b \u81c2 \u7ec8 \u7ed3 \u8005\n|-start|p2a: \u624b \u81c2 \u7ec8 \u7ed3 \u8005|move: Taunt\n|\n|-weather|Snow|[upkeep]\n|-heal|p1a: Landorus|98\/100|[from] item: Leftovers\n|upkeep\n|turn|42\n|inactive|Serena1111\u805a\u6c14\u5384\u9b3c\u692a has 120 seconds left.\n|\n|t:|1700295175\n|switch|p2a: \u4fdd\u59c6\u9c7c|Alomomola, F|100\/100\n|switch|p1a: Alomomola|Alomomola, M|100\/100\n|\n|-weather|Snow|[upkeep]\n|upkeep\n|turn|43\n|\n|t:|1700295185\n|move|p1a: Alomomola|Protect|p1a: Alomomola\n|-singleturn|p1a: Alomomola|Protect\n|move|p2a: \u4fdd\u59c6\u9c7c|Wish|p2a: \u4fdd\u59c6\u9c7c\n|\n|-weather|Snow|[upkeep]\n|upkeep\n|turn|44\n|inactive|Miku Nakano ily has 120 seconds left.\n|\n|t:|1700295216\n|move|p2a: \u4fdd\u59c6\u9c7c|Flip Turn|p1a: Alomomola\n|-resisted|p1a: Alomomola\n|-damage|p1a: Alomomola|96\/100\n|\n|t:|1700295220\n|switch|p2a: \u5c0f\u667a\u518d\u4e5f\u4e0d\u7528\u62c5\u5fc3\u6211\u4e0d\u77e5\u9053\u5bf9\u65b9\u62db\u5f0f\u4e86|Ditto|46\/100 tox|[from] Flip Turn\n|-transform|p2a: \u5c0f\u667a\u518d\u4e5f\u4e0d\u7528\u62c5\u5fc3\u6211\u4e0d\u77e5\u9053\u5bf9\u65b9\u62db\u5f0f\u4e86|p1a: Alomomola|[from] ability: Imposter\n|move|p1a: Alomomola|Flip Turn|p2a: \u5c0f\u667a\u518d\u4e5f\u4e0d\u7528\u62c5\u5fc3\u6211\u4e0d\u77e5\u9053\u5bf9\u65b9\u62db\u5f0f\u4e86\n|-resisted|p2a: \u5c0f\u667a\u518d\u4e5f\u4e0d\u7528\u62c5\u5fc3\u6211\u4e0d\u77e5\u9053\u5bf9\u65b9\u62db\u5f0f\u4e86\n|-damage|p2a: \u5c0f\u667a\u518d\u4e5f\u4e0d\u7528\u62c5\u5fc3\u6211\u4e0d\u77e5\u9053\u5bf9\u65b9\u62db\u5f0f\u4e86|38\/100 tox\n|\n|t:|1700295226\n|switch|p1a: Charizard|Charizard-Mega-Y, F|94\/100 tox|[from] Flip Turn\n|-weather|SunnyDay|[from] ability: Drought|[of] p1a: Charizard\n|\n|-weather|SunnyDay|[upkeep]\n|-heal|p2a: \u5c0f\u667a\u518d\u4e5f\u4e0d\u7528\u62c5\u5fc3\u6211\u4e0d\u77e5\u9053\u5bf9\u65b9\u62db\u5f0f\u4e86|100\/100 tox|[from] move: Wish|[wisher] \u4fdd\u59c6\u9c7c\n|-damage|p1a: Charizard|88\/100 tox|[from] psn\n|-damage|p2a: \u5c0f\u667a\u518d\u4e5f\u4e0d\u7528\u62c5\u5fc3\u6211\u4e0d\u77e5\u9053\u5bf9\u65b9\u62db\u5f0f\u4e86|94\/100 tox|[from] psn\n|upkeep\n|turn|45\n|\n|t:|1700295233\n|switch|p2a: \u6e05\u6f88\u7684\u53cc\u773c \u53ef\u7231\u7684\u8138\u5e9e|Chansey, F|87\/100\n|move|p1a: Charizard|Weather Ball|p2a: \u6e05\u6f88\u7684\u53cc\u773c \u53ef\u7231\u7684\u8138\u5e9e\n|-damage|p2a: \u6e05\u6f88\u7684\u53cc\u773c \u53ef\u7231\u7684\u8138\u5e9e|58\/100\n|\n|-weather|SunnyDay|[upkeep]\n|-damage|p1a: Charizard|76\/100 tox|[from] psn\n|upkeep\n|turn|46\n|inactive|Miku Nakano ily has 120 seconds left.\n|\n|t:|1700295263\n|switch|p1a: Slowking|Slowking-Galar, F|80\/100 par\n|move|p2a: \u6e05\u6f88\u7684\u53cc\u773c \u53ef\u7231\u7684\u8138\u5e9e|Soft-Boiled|p2a: \u6e05\u6f88\u7684\u53cc\u773c \u53ef\u7231\u7684\u8138\u5e9e\n|-heal|p2a: \u6e05\u6f88\u7684\u53cc\u773c \u53ef\u7231\u7684\u8138\u5e9e|100\/100\n|\n|-weather|SunnyDay|[upkeep]\n|-heal|p1a: Slowking|86\/100 par|[from] item: Leftovers\n|upkeep\n|turn|47\n|\n|t:|1700295269\n|move|p2a: \u6e05\u6f88\u7684\u53cc\u773c \u53ef\u7231\u7684\u8138\u5e9e|Seismic Toss|p1a: Slowking\n|-damage|p1a: Slowking|60\/100 par\n|cant|p1a: Slowking|par\n|\n|-weather|SunnyDay|[upkeep]\n|-heal|p1a: Slowking|66\/100 par|[from] item: Leftovers\n|upkeep\n|turn|48\n|\n|t:|1700295275\n|move|p2a: \u6e05\u6f88\u7684\u53cc\u773c \u53ef\u7231\u7684\u8138\u5e9e|Seismic Toss|p1a: Slowking\n|-damage|p1a: Slowking|41\/100 par\n|move|p1a: Slowking|Chilly Reception|p1a: Slowking\n|-weather|Snow\n|\n|t:|1700295277\n|switch|p1a: Alomomola|Alomomola, M|100\/100|[from] Chilly Reception\n|\n|-weather|Snow|[upkeep]\n|upkeep\n|turn|49\n|\n|t:|1700295288\n|switch|p2a: \u624b \u81c2 \u7ec8 \u7ed3 \u8005|Ogerpon-Wellspring, F|100\/100\n|switch|p1a: Landorus|Landorus-Therian, M|98\/100\n|-ability|p1a: Landorus|Intimidate|boost\n|-unboost|p2a: \u624b \u81c2 \u7ec8 \u7ed3 \u8005|atk|1\n|\n|-weather|Snow|[upkeep]\n|-heal|p1a: Landorus|100\/100|[from] item: Leftovers\n|upkeep\n|turn|50\n|\n|t:|1700295297\n|switch|p1a: Alomomola|Alomomola, M|100\/100\n|move|p2a: \u624b \u81c2 \u7ec8 \u7ed3 \u8005|Focus Energy|p2a: \u624b \u81c2 \u7ec8 \u7ed3 \u8005\n|-start|p2a: \u624b \u81c2 \u7ec8 \u7ed3 \u8005|move: Focus Energy\n|\n|-weather|Snow|[upkeep]\n|upkeep\n|turn|51\n|\n|t:|1700295302\n|move|p2a: \u624b \u81c2 \u7ec8 \u7ed3 \u8005|Swords Dance|p2a: \u624b \u81c2 \u7ec8 \u7ed3 \u8005\n|-boost|p2a: \u624b \u81c2 \u7ec8 \u7ed3 \u8005|atk|2\n|move|p1a: Alomomola|Toxic|p2a: \u624b \u81c2 \u7ec8 \u7ed3 \u8005\n|-status|p2a: \u624b \u81c2 \u7ec8 \u7ed3 \u8005|tox\n|\n|-weather|Snow|[upkeep]\n|-damage|p2a: \u624b \u81c2 \u7ec8 \u7ed3 \u8005|95\/100 tox|[from] psn\n|upkeep\n|turn|52\n|\n|t:|1700295311\n|-terastallize|p2a: \u624b \u81c2 \u7ec8 \u7ed3 \u8005|Water\n|detailschange|p2a: \u624b \u81c2 \u7ec8 \u7ed3 \u8005|Ogerpon-Wellspring-Tera, F, tera:Water\n|-ability|p2a: \u624b \u81c2 \u7ec8 \u7ed3 \u8005|Embody Aspect (Wellspring)|boost\n|-boost|p2a: \u624b \u81c2 \u7ec8 \u7ed3 \u8005|spd|1\n|move|p1a: Alomomola|Protect|p1a: Alomomola\n|-singleturn|p1a: Alomomola|Protect\n|move|p2a: \u624b \u81c2 \u7ec8 \u7ed3 \u8005|Horn Leech|p1a: Alomomola\n|-activate|p1a: Alomomola|move: Protect\n|\n|-weather|none\n|-damage|p2a: \u624b \u81c2 \u7ec8 \u7ed3 \u8005|83\/100 tox|[from] psn\n|upkeep\n|turn|53\n|\n|t:|1700295319\n|switch|p1a: Slowking|Slowking-Galar, F|74\/100 par\n|move|p2a: \u624b \u81c2 \u7ec8 \u7ed3 \u8005|Horn Leech|p1a: Slowking\n|-resisted|p1a: Slowking\n|-crit|p1a: Slowking\n|-damage|p1a: Slowking|27\/100 par\n|-heal|p2a: \u624b \u81c2 \u7ec8 \u7ed3 \u8005|100\/100 tox|[from] drain|[of] p1a: Slowking\n|\n|-heal|p1a: Slowking|33\/100 par|[from] item: Leftovers\n|-damage|p2a: \u624b \u81c2 \u7ec8 \u7ed3 \u8005|83\/100 tox|[from] psn\n|upkeep\n|turn|54\n|\n|t:|1700295338\n|switch|p1a: Alomomola|Alomomola, M|100\/100\n|move|p2a: \u624b \u81c2 \u7ec8 \u7ed3 \u8005|Ivy Cudgel|p1a: Alomomola|[anim] Ivy Cudgel Water\n|-resisted|p1a: Alomomola\n|-crit|p1a: Alomomola\n|-damage|p1a: Alomomola|53\/100\n|\n|-damage|p2a: \u624b \u81c2 \u7ec8 \u7ed3 \u8005|59\/100 tox|[from] psn\n|upkeep\n|turn|55\n|\n|t:|1700295346\n|move|p1a: Alomomola|Protect|p1a: Alomomola\n|-singleturn|p1a: Alomomola|Protect\n|move|p2a: \u624b \u81c2 \u7ec8 \u7ed3 \u8005|Horn Leech|p1a: Alomomola\n|-activate|p1a: Alomomola|move: Protect\n|\n|-damage|p2a: \u624b \u81c2 \u7ec8 \u7ed3 \u8005|29\/100 tox|[from] psn\n|upkeep\n|turn|56\n|j| LucksmanDMormon\n|c| LucksmanDMormon|FIFTY SIX?\n|\n|t:|1700295364\n|switch|p2a: \u4fdd\u59c6\u9c7c|Alomomola, F|100\/100\n|switch|p1a: Landorus|Landorus-Therian, M|100\/100\n|-ability|p1a: Landorus|Intimidate|boost\n|-unboost|p2a: \u4fdd\u59c6\u9c7c|atk|1\n|\n|upkeep\n|turn|57\n|\n|t:|1700295371\n|move|p1a: Landorus|Taunt|p2a: \u4fdd\u59c6\u9c7c\n|-start|p2a: \u4fdd\u59c6\u9c7c|move: Taunt\n|cant|p2a: \u4fdd\u59c6\u9c7c|move: Taunt|Wish\n|\n|upkeep\n|turn|58\n|c| LucksmanDMormon|The whole tournament's getting held up for this lmao\n|\n|t:|1700295380\n|move|p1a: Landorus|Knock Off|p2a: \u4fdd\u59c6\u9c7c\n|-damage|p2a: \u4fdd\u59c6\u9c7c|90\/100\n|move|p2a: \u4fdd\u59c6\u9c7c|Flip Turn|p1a: Landorus\n|-supereffective|p1a: Landorus\n|-damage|p1a: Landorus|80\/100\n|\n|t:|1700295395\n|switch|p2a: \u5403\u543c\u9738\u7684\u53cd\u5f3a\u5316\u7269\u8bed|Dondozo, F|57\/100 slp|[from] Flip Turn\n|\n|-heal|p1a: Landorus|86\/100|[from] item: Leftovers\n|upkeep\n|turn|59\n|\n|t:|1700295402\n|move|p1a: Landorus|Taunt|p2a: \u5403\u543c\u9738\u7684\u53cd\u5f3a\u5316\u7269\u8bed\n|-start|p2a: \u5403\u543c\u9738\u7684\u53cd\u5f3a\u5316\u7269\u8bed|move: Taunt\n|-curestatus|p2a: \u5403\u543c\u9738\u7684\u53cd\u5f3a\u5316\u7269\u8bed|slp|[msg]\n|cant|p2a: \u5403\u543c\u9738\u7684\u53cd\u5f3a\u5316\u7269\u8bed|move: Taunt|Rest\n|\n|-heal|p1a: Landorus|92\/100|[from] item: Leftovers\n|upkeep\n|turn|60\n|\n|t:|1700295409\n|move|p1a: Landorus|Earthquake|p2a: \u5403\u543c\u9738\u7684\u53cd\u5f3a\u5316\u7269\u8bed\n|-damage|p2a: \u5403\u543c\u9738\u7684\u53cd\u5f3a\u5316\u7269\u8bed|37\/100\n|move|p2a: \u5403\u543c\u9738\u7684\u53cd\u5f3a\u5316\u7269\u8bed|Wave Crash|p1a: Landorus\n|-supereffective|p1a: Landorus\n|-damage|p1a: Landorus|19\/100\n|-damage|p2a: \u5403\u543c\u9738\u7684\u53cd\u5f3a\u5316\u7269\u8bed|19\/100|[from] Recoil\n|\n|-heal|p1a: Landorus|25\/100|[from] item: Leftovers\n|upkeep\n|turn|61\n|j| Loserest Testing\n|c|\u2606Miku Nakano ily|Not my fault\n|\n|t:|1700295426\n|switch|p2a: \u4fdd\u59c6\u9c7c|Alomomola, F|100\/100\n|move|p1a: Landorus|Earthquake|p2a: \u4fdd\u59c6\u9c7c\n|-damage|p2a: \u4fdd\u59c6\u9c7c|73\/100\n|\n|-heal|p1a: Landorus|31\/100|[from] item: Leftovers\n|upkeep\n|turn|62\n|\n|t:|1700295434\n|move|p1a: Landorus|Taunt|p2a: \u4fdd\u59c6\u9c7c\n|-start|p2a: \u4fdd\u59c6\u9c7c|move: Taunt\n|cant|p2a: \u4fdd\u59c6\u9c7c|move: Taunt|Wish\n|\n|-heal|p1a: Landorus|37\/100|[from] item: Leftovers\n|upkeep\n|turn|63\n|l| Loserest Testing\n|\n|t:|1700295446\n|move|p1a: Landorus|Earthquake|p2a: \u4fdd\u59c6\u9c7c\n|-damage|p2a: \u4fdd\u59c6\u9c7c|49\/100\n|move|p2a: \u4fdd\u59c6\u9c7c|Flip Turn|p1a: Landorus\n|-supereffective|p1a: Landorus\n|-damage|p1a: Landorus|7\/100\n|\n|t:|1700295454\n|switch|p2a: \u5c0f\u667a\u518d\u4e5f\u4e0d\u7528\u62c5\u5fc3\u6211\u4e0d\u77e5\u9053\u5bf9\u65b9\u62db\u5f0f\u4e86|Ditto|100\/100 tox|[from] Flip Turn\n|-transform|p2a: \u5c0f\u667a\u518d\u4e5f\u4e0d\u7528\u62c5\u5fc3\u6211\u4e0d\u77e5\u9053\u5bf9\u65b9\u62db\u5f0f\u4e86|p1a: Landorus|[from] ability: Imposter\n|-ability|p2a: \u5c0f\u667a\u518d\u4e5f\u4e0d\u7528\u62c5\u5fc3\u6211\u4e0d\u77e5\u9053\u5bf9\u65b9\u62db\u5f0f\u4e86|Intimidate|boost\n|-unboost|p1a: Landorus|atk|1\n|\n|-heal|p1a: Landorus|13\/100|[from] item: Leftovers\n|-damage|p2a: \u5c0f\u667a\u518d\u4e5f\u4e0d\u7528\u62c5\u5fc3\u6211\u4e0d\u77e5\u9053\u5bf9\u65b9\u62db\u5f0f\u4e86|94\/100 tox|[from] psn\n|upkeep\n|turn|64\n|j| The power of ROCK\n|j| Darkortex\n|\n|t:|1700295464\n|switch|p1a: Charizard|Charizard-Mega-Y, F|76\/100 tox\n|-weather|SunnyDay|[from] ability: Drought|[of] p1a: Charizard\n|move|p2a: \u5c0f\u667a\u518d\u4e5f\u4e0d\u7528\u62c5\u5fc3\u6211\u4e0d\u77e5\u9053\u5bf9\u65b9\u62db\u5f0f\u4e86|Knock Off|p1a: Charizard\n|-damage|p1a: Charizard|46\/100 tox\n|\n|-weather|SunnyDay|[upkeep]\n|-damage|p1a: Charizard|40\/100 tox|[from] psn\n|-damage|p2a: \u5c0f\u667a\u518d\u4e5f\u4e0d\u7528\u62c5\u5fc3\u6211\u4e0d\u77e5\u9053\u5bf9\u65b9\u62db\u5f0f\u4e86|82\/100 tox|[from] psn\n|upkeep\n|turn|65\n|\n|t:|1700295479\n|switch|p1a: Landorus|Landorus-Therian, M|13\/100\n|-ability|p1a: Landorus|Intimidate|boost\n|-unboost|p2a: \u5c0f\u667a\u518d\u4e5f\u4e0d\u7528\u62c5\u5fc3\u6211\u4e0d\u77e5\u9053\u5bf9\u65b9\u62db\u5f0f\u4e86|atk|1\n|switch|p2a: \u6e05\u6f88\u7684\u53cc\u773c \u53ef\u7231\u7684\u8138\u5e9e|Chansey, F|100\/100\n|\n|-weather|SunnyDay|[upkeep]\n|-heal|p1a: Landorus|19\/100|[from] item: Leftovers\n|upkeep\n|turn|66\n|\n|t:|1700295489\n|switch|p2a: \u4fdd\u59c6\u9c7c|Alomomola, F|83\/100\n|move|p1a: Landorus|Knock Off|p2a: \u4fdd\u59c6\u9c7c\n|-damage|p2a: \u4fdd\u59c6\u9c7c|72\/100\n|\n|-weather|SunnyDay|[upkeep]\n|-heal|p1a: Landorus|25\/100|[from] item: Leftovers\n|upkeep\n|turn|67\n|\n|t:|1700295495\n|move|p1a: Landorus|Taunt|p2a: \u4fdd\u59c6\u9c7c\n|-start|p2a: \u4fdd\u59c6\u9c7c|move: Taunt\n|move|p2a: \u4fdd\u59c6\u9c7c|Flip Turn|p1a: Landorus\n|-supereffective|p1a: Landorus\n|-damage|p1a: Landorus|12\/100\n|\n|t:|1700295510\n|switch|p2a: \u810f\u4e1c\u897f|Whimsicott, F|100\/100|[from] Flip Turn\n|\n|-weather|SunnyDay|[upkeep]\n|-heal|p1a: Landorus|18\/100|[from] item: Leftovers\n|upkeep\n|turn|68\n|\n|t:|1700295521\n|switch|p1a: Slowking|Slowking-Galar, F|66\/100 par\n|move|p2a: \u810f\u4e1c\u897f|Toxic||[still]\n|-fail|p2a: \u810f\u4e1c\u897f\n|\n|-weather|none\n|-heal|p1a: Slowking|72\/100 par|[from] item: Leftovers\n|upkeep\n|turn|69\n|\n|t:|1700295526\n|switch|p2a: \u6e05\u6f88\u7684\u53cc\u773c \u53ef\u7231\u7684\u8138\u5e9e|Chansey, F|100\/100\n|move|p1a: Slowking|Chilly Reception|p1a: Slowking\n|-weather|Snow\n|\n|t:|1700295534\n|switch|p1a: Alomomola|Alomomola, M|87\/100|[from] Chilly Reception\n|\n|-weather|Snow|[upkeep]\n|upkeep\n|turn|70\n|\n|t:|1700295539\n|switch|p2a: \u4fdd\u59c6\u9c7c|Alomomola, F|100\/100\n|move|p1a: Alomomola|Wish|p1a: Alomomola\n|\n|-weather|Snow|[upkeep]\n|upkeep\n|turn|71\n|\n|t:|1700295546\n|move|p2a: \u4fdd\u59c6\u9c7c|Wish|p2a: \u4fdd\u59c6\u9c7c\n|move|p1a: Alomomola|Flip Turn|p2a: \u4fdd\u59c6\u9c7c\n|-resisted|p2a: \u4fdd\u59c6\u9c7c\n|-damage|p2a: \u4fdd\u59c6\u9c7c|96\/100\n|\n|t:|1700295548\n|switch|p1a: Cinderace|Cinderace, F|1\/100|[from] Flip Turn\n|\n|-weather|Snow|[upkeep]\n|-heal|p1a: Cinderace|90\/100|[from] move: Wish|[wisher] Alomomola\n|upkeep\n|turn|72\n|\n|t:|1700295558\n|move|p1a: Cinderace|U-turn|p2a: \u4fdd\u59c6\u9c7c\n|-start|p1a: Cinderace|typechange|Bug|[from] ability: Libero\n|-damage|p2a: \u4fdd\u59c6\u9c7c|78\/100\n|\n|t:|1700295579\n|switch|p1a: Alomomola|Alomomola, M|100\/100|[from] U-turn\n|move|p2a: \u4fdd\u59c6\u9c7c|Flip Turn|p1a: Alomomola\n|-resisted|p1a: Alomomola\n|-damage|p1a: Alomomola|96\/100\n|\n|t:|1700295587\n|switch|p2a: \u624b \u81c2 \u7ec8 \u7ed3 \u8005|Ogerpon-Wellspring-Tera, F, tera:Water|29\/100 tox|[from] Flip Turn\n|-ability|p2a: \u624b \u81c2 \u7ec8 \u7ed3 \u8005|Embody Aspect (Wellspring)|boost\n|-boost|p2a: \u624b \u81c2 \u7ec8 \u7ed3 \u8005|spd|1\n|\n|-weather|Snow|[upkeep]\n|-heal|p2a: \u624b \u81c2 \u7ec8 \u7ed3 \u8005|100\/100 tox|[from] move: Wish|[wisher] \u4fdd\u59c6\u9c7c\n|-damage|p2a: \u624b \u81c2 \u7ec8 \u7ed3 \u8005|95\/100 tox|[from] psn\n|upkeep\n|turn|73\n|\n|t:|1700295603\n|move|p2a: \u624b \u81c2 \u7ec8 \u7ed3 \u8005|Focus Energy|p2a: \u624b \u81c2 \u7ec8 \u7ed3 \u8005\n|-start|p2a: \u624b \u81c2 \u7ec8 \u7ed3 \u8005|move: Focus Energy\n|move|p1a: Alomomola|Flip Turn|p2a: \u624b \u81c2 \u7ec8 \u7ed3 \u8005\n|-resisted|p2a: \u624b \u81c2 \u7ec8 \u7ed3 \u8005\n|-damage|p2a: \u624b \u81c2 \u7ec8 \u7ed3 \u8005|85\/100 tox\n|j| Loserest Testing\n|j| supig\n|c| supig|\u5543\u4ed6p\u56fa\uff01\n|\n|t:|1700295626\n|switch|p1a: Landorus|Landorus-Therian, M|18\/100|[from] Flip Turn\n|-ability|p1a: Landorus|Intimidate|boost\n|-unboost|p2a: \u624b \u81c2 \u7ec8 \u7ed3 \u8005|atk|1\n|\n|-weather|none\n|-heal|p1a: Landorus|24\/100|[from] item: Leftovers\n|-damage|p2a: \u624b \u81c2 \u7ec8 \u7ed3 \u8005|73\/100 tox|[from] psn\n|upkeep\n|turn|74\n|\n|t:|1700295634\n|switch|p1a: Alomomola|Alomomola, M|100\/100\n|move|p2a: \u624b \u81c2 \u7ec8 \u7ed3 \u8005|Ivy Cudgel|p1a: Alomomola|[anim] Ivy Cudgel Water\n|-resisted|p1a: Alomomola\n|-crit|p1a: Alomomola\n|-damage|p1a: Alomomola|67\/100\n|\n|-damage|p2a: \u624b \u81c2 \u7ec8 \u7ed3 \u8005|55\/100 tox|[from] psn\n|upkeep\n|turn|75\n|\n|t:|1700295650\n|switch|p2a: \u6e05\u6f88\u7684\u53cc\u773c \u53ef\u7231\u7684\u8138\u5e9e|Chansey, F|100\/100\n|move|p1a: Alomomola|Protect||[still]\n|-fail|p1a: Alomomola\n|\n|upkeep\n|turn|76\n|j| bdhsjs\u4e0d\u6025\n|\n|t:|1700295662\n|switch|p2a: \u4fdd\u59c6\u9c7c|Alomomola, F|100\/100\n|switch|p1a: Landorus|Landorus-Therian, M|24\/100\n|-ability|p1a: Landorus|Intimidate|boost\n|-unboost|p2a: \u4fdd\u59c6\u9c7c|atk|1\n|\n|-heal|p1a: Landorus|30\/100|[from] item: Leftovers\n|upkeep\n|turn|77\n|\n|t:|1700295675\n|move|p1a: Landorus|Taunt|p2a: \u4fdd\u59c6\u9c7c\n|-start|p2a: \u4fdd\u59c6\u9c7c|move: Taunt\n|move|p2a: \u4fdd\u59c6\u9c7c|Flip Turn|p1a: Landorus\n|-supereffective|p1a: Landorus\n|-damage|p1a: Landorus|10\/100\n|\n|t:|1700295683\n|switch|p2a: \u810f\u4e1c\u897f|Whimsicott, F|100\/100|[from] Flip Turn\n|\n|-heal|p1a: Landorus|16\/100|[from] item: Leftovers\n|upkeep\n|turn|78\n|\n|t:|1700295690\n|switch|p1a: Slowking|Slowking-Galar, F|100\/100 par\n|move|p2a: \u810f\u4e1c\u897f|Leech Seed|p1a: Slowking\n|-start|p1a: Slowking|move: Leech Seed\n|\n|-damage|p1a: Slowking|88\/100 par|[from] Leech Seed|[of] p2a: \u810f\u4e1c\u897f\n|upkeep\n|turn|79\n|\n|t:|1700295706\n|switch|p2a: \u4fdd\u59c6\u9c7c|Alomomola, F|100\/100\n|move|p1a: Slowking|Chilly Reception|p1a: Slowking\n|-weather|Snow\n|\n|t:|1700295711\n|switch|p1a: Alomomola|Alomomola, M|100\/100|[from] Chilly Reception\n|\n|-weather|Snow|[upkeep]\n|upkeep\n|turn|80\n|j| Potatofromsinnoh\n|\n|t:|1700295717\n|move|p2a: \u4fdd\u59c6\u9c7c|Wish|p2a: \u4fdd\u59c6\u9c7c\n|move|p1a: Alomomola|Toxic|p2a: \u4fdd\u59c6\u9c7c\n|-status|p2a: \u4fdd\u59c6\u9c7c|tox\n|\n|-weather|Snow|[upkeep]\n|-damage|p2a: \u4fdd\u59c6\u9c7c|94\/100 tox|[from] psn\n|upkeep\n|turn|81\n|\n|t:|1700295723\n|switch|p1a: Slowking|Slowking-Galar, F|100\/100 par\n|move|p2a: \u4fdd\u59c6\u9c7c|Flip Turn|p1a: Slowking\n|-damage|p1a: Slowking|84\/100 par\n|\n|t:|1700295728\n|switch|p2a: \u5403\u543c\u9738\u7684\u53cd\u5f3a\u5316\u7269\u8bed|Dondozo, F|19\/100|[from] Flip Turn\n|\n|-weather|Snow|[upkeep]\n|-heal|p2a: \u5403\u543c\u9738\u7684\u53cd\u5f3a\u5316\u7269\u8bed|72\/100|[from] move: Wish|[wisher] \u4fdd\u59c6\u9c7c\n|-heal|p1a: Slowking|90\/100 par|[from] item: Leftovers\n|upkeep\n|turn|82\n|c| Potatofromsinnoh|how can games go on for such a wretched length of time\n|\n|t:|1700295741\n|switch|p2a: \u6e05\u6f88\u7684\u53cc\u773c \u53ef\u7231\u7684\u8138\u5e9e|Chansey, F|100\/100\n|cant|p1a: Slowking|par\n|\n|-weather|Snow|[upkeep]\n|-heal|p1a: Slowking|96\/100 par|[from] item: Leftovers\n|upkeep\n|turn|83\n|n| Kaminari NO Kokqyu|loseresttesting\n|\n|t:|1700295759\n|move|p2a: \u6e05\u6f88\u7684\u53cc\u773c \u53ef\u7231\u7684\u8138\u5e9e|Seismic Toss|p1a: Slowking\n|-damage|p1a: Slowking|71\/100 par\n|move|p1a: Slowking|Chilly Reception|p1a: Slowking\n|c| Darkortex|Potatofromsinnoh: first time?\n|\n|t:|1700295766\n|switch|p1a: Alomomola|Alomomola, M|100\/100|[from] Chilly Reception\n|\n|-weather|none\n|upkeep\n|turn|84\n|l| supig\n|c| Potatofromsinnoh|no ive pushed games to almost 200 before\n|\n|t:|1700295779\n|move|p2a: \u6e05\u6f88\u7684\u53cc\u773c \u53ef\u7231\u7684\u8138\u5e9e|Thunder Wave|p1a: Alomomola\n|-status|p1a: Alomomola|par\n|cant|p1a: Alomomola|par\n|\n|upkeep\n|turn|85\n|c| Potatofromsinnoh|but not without a kill around turn 40 minimum\n|c| Darkortex|People loathed gen 8 in its heyday for this reason\n|c| Darkortex|Wishport clef bleh\n|inactive|Serena1111\u805a\u6c14\u5384\u9b3c\u692a has 120 seconds left.\n|\n|t:|1700295805\n|switch|p2a: \u4fdd\u59c6\u9c7c|Alomomola, F|100\/100 tox\n|move|p1a: Alomomola|Wish|p1a: Alomomola\n|\n|-damage|p2a: \u4fdd\u59c6\u9c7c|94\/100 tox|[from] psn\n|upkeep\n|turn|86\n|inactive|Serena1111\u805a\u6c14\u5384\u9b3c\u692a has 120 seconds left.\n|\n|t:|1700295811\n|move|p2a: \u4fdd\u59c6\u9c7c|Wish|p2a: \u4fdd\u59c6\u9c7c\n|move|p1a: Alomomola|Flip Turn|p2a: \u4fdd\u59c6\u9c7c\n|-resisted|p2a: \u4fdd\u59c6\u9c7c\n|-damage|p2a: \u4fdd\u59c6\u9c7c|90\/100 tox\n|\n|t:|1700295815\n|switch|p1a: Landorus|Landorus-Therian, M|16\/100|[from] Flip Turn\n|-ability|p1a: Landorus|Intimidate|boost\n|-unboost|p2a: \u4fdd\u59c6\u9c7c|atk|1\n|\n|-heal|p1a: Landorus|86\/100|[from] move: Wish|[wisher] Alomomola\n|-heal|p1a: Landorus|92\/100|[from] item: Leftovers\n|-damage|p2a: \u4fdd\u59c6\u9c7c|77\/100 tox|[from] psn\n|upkeep\n|turn|87\n|c| Potatofromsinnoh|then they found out you could use poison moves\n|inactive|Serena1111\u805a\u6c14\u5384\u9b3c\u692a has 120 seconds left.\n|\n|t:|1700295825\n|switch|p1a: Alomomola|Alomomola, M|100\/100 par\n|move|p2a: \u4fdd\u59c6\u9c7c|Flip Turn|p1a: Alomomola\n|-resisted|p1a: Alomomola\n|-damage|p1a: Alomomola|98\/100 par\n|inactive|Serena1111\u805a\u6c14\u5384\u9b3c\u692a has 120 seconds left.\n|\n|t:|1700295831\n|switch|p2a: \u624b \u81c2 \u7ec8 \u7ed3 \u8005|Ogerpon-Wellspring-Tera, F, tera:Water|55\/100 tox|[from] Flip Turn\n|-ability|p2a: \u624b \u81c2 \u7ec8 \u7ed3 \u8005|Embody Aspect (Wellspring)|boost\n|-boost|p2a: \u624b \u81c2 \u7ec8 \u7ed3 \u8005|spd|1\n|\n|-heal|p2a: \u624b \u81c2 \u7ec8 \u7ed3 \u8005|100\/100 tox|[from] move: Wish|[wisher] \u4fdd\u59c6\u9c7c\n|-damage|p2a: \u624b \u81c2 \u7ec8 \u7ed3 \u8005|95\/100 tox|[from] psn\n|upkeep\n|turn|88\n|inactive|Serena1111\u805a\u6c14\u5384\u9b3c\u692a has 120 seconds left.\n|\n|t:|1700295840\n|switch|p2a: \u6e05\u6f88\u7684\u53cc\u773c \u53ef\u7231\u7684\u8138\u5e9e|Chansey, F|100\/100\n|move|p1a: Alomomola|Wish|p1a: Alomomola\n|\n|upkeep\n|turn|89\n|c| Darkortex|Switching exists\n|\n|t:|1700295845\n|move|p2a: \u6e05\u6f88\u7684\u53cc\u773c \u53ef\u7231\u7684\u8138\u5e9e|Aromatherapy|p2a: \u6e05\u6f88\u7684\u53cc\u773c \u53ef\u7231\u7684\u8138\u5e9e\n|-activate|p2a: \u6e05\u6f88\u7684\u53cc\u773c \u53ef\u7231\u7684\u8138\u5e9e|move: Aromatherapy\n|-curestatus|p2: \u5c0f\u667a\u518d\u4e5f\u4e0d\u7528\u62c5\u5fc3\u6211\u4e0d\u77e5\u9053\u5bf9\u65b9\u62db\u5f0f\u4e86|tox|[msg]\n|-curestatus|p2: \u4fdd\u59c6\u9c7c|tox|[msg]\n|-curestatus|p2: \u624b \u81c2 \u7ec8 \u7ed3 \u8005|tox|[msg]\n|move|p1a: Alomomola|Flip Turn|p2a: \u6e05\u6f88\u7684\u53cc\u773c \u53ef\u7231\u7684\u8138\u5e9e\n|-damage|p2a: \u6e05\u6f88\u7684\u53cc\u773c \u53ef\u7231\u7684\u8138\u5e9e|90\/100\n|\n|t:|1700295854\n|switch|p1a: Cinderace|Cinderace, F|90\/100|[from] Flip Turn\n|\n|-heal|p1a: Cinderace|100\/100|[from] move: Wish|[wisher] Alomomola\n|upkeep\n|turn|90\n|\n|t:|1700295861\n|switch|p2a: \u4fdd\u59c6\u9c7c|Alomomola, F|100\/100\n|move|p1a: Cinderace|High Jump Kick|p2a: \u4fdd\u59c6\u9c7c\n|-start|p1a: Cinderace|typechange|Fighting|[from] ability: Libero\n|-damage|p2a: \u4fdd\u59c6\u9c7c|66\/100\n|\n|upkeep\n|turn|91\n|\n|t:|1700295869\n|move|p1a: Cinderace|U-turn|p2a: \u4fdd\u59c6\u9c7c\n|-damage|p2a: \u4fdd\u59c6\u9c7c|55\/100\n|\n|t:|1700295873\n|switch|p1a: Alomomola|Alomomola, M|100\/100 par|[from] U-turn\n|move|p2a: \u4fdd\u59c6\u9c7c|Wish|p2a: \u4fdd\u59c6\u9c7c\n|\n|upkeep\n|turn|92\n|\n|t:|1700295885\n|switch|p2a: \u624b \u81c2 \u7ec8 \u7ed3 \u8005|Ogerpon-Wellspring-Tera, F, tera:Water|95\/100\n|-ability|p2a: \u624b \u81c2 \u7ec8 \u7ed3 \u8005|Embody Aspect (Wellspring)|boost\n|-boost|p2a: \u624b \u81c2 \u7ec8 \u7ed3 \u8005|spd|1\n|move|p1a: Alomomola|Toxic|p2a: \u624b \u81c2 \u7ec8 \u7ed3 \u8005\n|-status|p2a: \u624b \u81c2 \u7ec8 \u7ed3 \u8005|tox\n|\n|-heal|p2a: \u624b \u81c2 \u7ec8 \u7ed3 \u8005|100\/100 tox|[from] move: Wish|[wisher] \u4fdd\u59c6\u9c7c\n|-damage|p2a: \u624b \u81c2 \u7ec8 \u7ed3 \u8005|95\/100 tox|[from] psn\n|upkeep\n|turn|93\n|c| Potatofromsinnoh|UHHHHHHHH\n|c| Potatofromsinnoh|FUCK\n|\n|t:|1700295905\n|move|p2a: \u624b \u81c2 \u7ec8 \u7ed3 \u8005|Focus Energy|p2a: \u624b \u81c2 \u7ec8 \u7ed3 \u8005\n|-start|p2a: \u624b \u81c2 \u7ec8 \u7ed3 \u8005|move: Focus Energy\n|move|p1a: Alomomola|Flip Turn|p2a: \u624b \u81c2 \u7ec8 \u7ed3 \u8005\n|-resisted|p2a: \u624b \u81c2 \u7ec8 \u7ed3 \u8005\n|-damage|p2a: \u624b \u81c2 \u7ec8 \u7ed3 \u8005|84\/100 tox\n|\n|t:|1700295909\n|switch|p1a: Cinderace|Cinderace, F|100\/100|[from] Flip Turn\n|\n|-damage|p2a: \u624b \u81c2 \u7ec8 \u7ed3 \u8005|72\/100 tox|[from] psn\n|upkeep\n|turn|94\n|c| Potatofromsinnoh|oh hell nah focus energy is terrifying\n|inactive|Serena1111\u805a\u6c14\u5384\u9b3c\u692a has 120 seconds left.\n|\n|t:|1700295925\n|switch|p2a: \u4fdd\u59c6\u9c7c|Alomomola, F|88\/100\n|move|p1a: Cinderace|High Jump Kick|p2a: \u4fdd\u59c6\u9c7c\n|-start|p1a: Cinderace|typechange|Fighting|[from] ability: Libero\n|-damage|p2a: \u4fdd\u59c6\u9c7c|57\/100\n|\n|upkeep\n|turn|95\n|inactive|Serena1111\u805a\u6c14\u5384\u9b3c\u692a has 120 seconds left.\n|\n|t:|1700295936\n|move|p1a: Cinderace|High Jump Kick|p2a: \u4fdd\u59c6\u9c7c\n|-damage|p2a: \u4fdd\u59c6\u9c7c|21\/100\n|move|p2a: \u4fdd\u59c6\u9c7c|Toxic|p1a: Cinderace|[miss]\n|-miss|p2a: \u4fdd\u59c6\u9c7c|p1a: Cinderace\n|\n|upkeep\n|turn|96\n|\n|t:|1700295949\n|switch|p2a: \u5403\u543c\u9738\u7684\u53cd\u5f3a\u5316\u7269\u8bed|Dondozo, F|72\/100\n|move|p1a: Cinderace|High Jump Kick|p2a: \u5403\u543c\u9738\u7684\u53cd\u5f3a\u5316\u7269\u8bed\n|-damage|p2a: \u5403\u543c\u9738\u7684\u53cd\u5f3a\u5316\u7269\u8bed|42\/100\n|\n|upkeep\n|turn|97\n|\n|t:|1700295965\n|move|p1a: Cinderace|U-turn|p2a: \u5403\u543c\u9738\u7684\u53cd\u5f3a\u5316\u7269\u8bed\n|-damage|p2a: \u5403\u543c\u9738\u7684\u53cd\u5f3a\u5316\u7269\u8bed|31\/100\n|\n|t:|1700295968\n|switch|p1a: Alomomola|Alomomola, M|100\/100 par|[from] U-turn\n|move|p2a: \u5403\u543c\u9738\u7684\u53cd\u5f3a\u5316\u7269\u8bed|Rest|p2a: \u5403\u543c\u9738\u7684\u53cd\u5f3a\u5316\u7269\u8bed\n|-status|p2a: \u5403\u543c\u9738\u7684\u53cd\u5f3a\u5316\u7269\u8bed|slp|[from] move: Rest\n|-heal|p2a: \u5403\u543c\u9738\u7684\u53cd\u5f3a\u5316\u7269\u8bed|100\/100 slp|[silent]\n|\n|upkeep\n|turn|98\n|\n|t:|1700295976\n|switch|p2a: \u4fdd\u59c6\u9c7c|Alomomola, F|54\/100\n|cant|p1a: Alomomola|par\n|\n|upkeep\n|turn|99\n|\n|t:|1700295982\n|move|p2a: \u4fdd\u59c6\u9c7c|Wish|p2a: \u4fdd\u59c6\u9c7c\n|move|p1a: Alomomola|Flip Turn|p2a: \u4fdd\u59c6\u9c7c\n|-resisted|p2a: \u4fdd\u59c6\u9c7c\n|-damage|p2a: \u4fdd\u59c6\u9c7c|50\/100\n|\n|t:|1700295984\n|switch|p1a: Charizard|Charizard-Mega-Y, F|40\/100 tox|[from] Flip Turn\n|-weather|SunnyDay|[from] ability: Drought|[of] p1a: Charizard\n|\n|-weather|SunnyDay|[upkeep]\n|-damage|p1a: Charizard|33\/100 tox|[from] psn\n|upkeep\n|turn|100\n|inactive|Serena1111\u805a\u6c14\u5384\u9b3c\u692a has 120 seconds left.\n|\n|t:|1700295997\n|switch|p1a: Alomomola|Alomomola, M|100\/100 par\n|switch|p2a: \u6e05\u6f88\u7684\u53cc\u773c \u53ef\u7231\u7684\u8138\u5e9e|Chansey, F|90\/100\n|\n|-weather|SunnyDay|[upkeep]\n|-heal|p2a: \u6e05\u6f88\u7684\u53cc\u773c \u53ef\u7231\u7684\u8138\u5e9e|100\/100|[from] move: Wish|[wisher] \u4fdd\u59c6\u9c7c\n|upkeep\n|turn|101\n|\n|t:|1700296008\n|move|p2a: \u6e05\u6f88\u7684\u53cc\u773c \u53ef\u7231\u7684\u8138\u5e9e|Seismic Toss|p1a: Alomomola\n|-damage|p1a: Alomomola|82\/100 par\n|cant|p1a: Alomomola|par\n|\n|-weather|SunnyDay|[upkeep]\n|upkeep\n|turn|102\n|\n|t:|1700296021\n|switch|p2a: \u5c0f\u667a\u518d\u4e5f\u4e0d\u7528\u62c5\u5fc3\u6211\u4e0d\u77e5\u9053\u5bf9\u65b9\u62db\u5f0f\u4e86|Ditto|82\/100\n|-transform|p2a: \u5c0f\u667a\u518d\u4e5f\u4e0d\u7528\u62c5\u5fc3\u6211\u4e0d\u77e5\u9053\u5bf9\u65b9\u62db\u5f0f\u4e86|p1a: Alomomola|[from] ability: Imposter\n|move|p1a: Alomomola|Wish|p1a: Alomomola\n|\n|-weather|SunnyDay|[upkeep]\n|upkeep\n|turn|103\n|\n|t:|1700296035\n|move|p2a: \u5c0f\u667a\u518d\u4e5f\u4e0d\u7528\u62c5\u5fc3\u6211\u4e0d\u77e5\u9053\u5bf9\u65b9\u62db\u5f0f\u4e86|Wish|p2a: \u5c0f\u667a\u518d\u4e5f\u4e0d\u7528\u62c5\u5fc3\u6211\u4e0d\u77e5\u9053\u5bf9\u65b9\u62db\u5f0f\u4e86\n|cant|p1a: Alomomola|par\n|\n|-weather|none\n|-heal|p1a: Alomomola|100\/100 par|[from] move: Wish|[wisher] Alomomola\n|upkeep\n|turn|104\n|\n|t:|1700296044\n|switch|p2a: \u810f\u4e1c\u897f|Whimsicott, F|100\/100\n|move|p1a: Alomomola|Wish|p1a: Alomomola\n|\n|upkeep\n|turn|105\n|c| walpurgisnuit|\/\/offerdraw\n|j|#Sulo\n|\n|t:|1700296050\n|switch|p1a: Charizard|Charizard-Mega-Y, F|33\/100 tox\n|-weather|SunnyDay|[from] ability: Drought|[of] p1a: Charizard\n|move|p2a: \u810f\u4e1c\u897f|Leech Seed|p1a: Charizard\n|-start|p1a: Charizard|move: Leech Seed\n|\n|-weather|SunnyDay|[upkeep]\n|-heal|p1a: Charizard|100\/100 tox|[from] move: Wish|[wisher] Alomomola\n|-damage|p1a: Charizard|88\/100 tox|[from] Leech Seed|[of] p2a: \u810f\u4e1c\u897f\n|-damage|p1a: Charizard|82\/100 tox|[from] psn\n|upkeep\n|turn|106\n|\n|t:|1700296061\n|switch|p1a: Landorus|Landorus-Therian, M|92\/100\n|-ability|p1a: Landorus|Intimidate|boost\n|-unboost|p2a: \u810f\u4e1c\u897f|atk|1\n|switch|p2a: \u6e05\u6f88\u7684\u53cc\u773c \u53ef\u7231\u7684\u8138\u5e9e|Chansey, F|100\/100\n|\n|-weather|SunnyDay|[upkeep]\n|-heal|p1a: Landorus|98\/100|[from] item: Leftovers\n|upkeep\n|turn|107\n|inactive|Serena1111\u805a\u6c14\u5384\u9b3c\u692a has 90 seconds left.\n|\n|t:|1700296075\n|switch|p2a: \u4fdd\u59c6\u9c7c|Alomomola, F|83\/100\n|move|p1a: Landorus|Knock Off|p2a: \u4fdd\u59c6\u9c7c\n|-damage|p2a: \u4fdd\u59c6\u9c7c|71\/100\n|\n|-weather|SunnyDay|[upkeep]\n|-heal|p1a: Landorus|100\/100|[from] item: Leftovers\n|upkeep\n|turn|108\n|c| Potatofromsinnoh|KILL IT\n|inactive|Serena1111\u805a\u6c14\u5384\u9b3c\u692a has 90 seconds left.\n|\n|t:|1700296083\n|move|p1a: Landorus|Taunt|p2a: \u4fdd\u59c6\u9c7c\n|-start|p2a: \u4fdd\u59c6\u9c7c|move: Taunt\n|move|p2a: \u4fdd\u59c6\u9c7c|Flip Turn|p1a: Landorus\n|-supereffective|p1a: Landorus\n|-damage|p1a: Landorus|87\/100\n|c| Potatofromsinnoh|fuck\n|inactive|Serena1111\u805a\u6c14\u5384\u9b3c\u692a has 90 seconds left.\n|\n|t:|1700296091\n|switch|p2a: \u5403\u543c\u9738\u7684\u53cd\u5f3a\u5316\u7269\u8bed|Dondozo, F|100\/100 slp|[from] Flip Turn\n|\n|-weather|SunnyDay|[upkeep]\n|-heal|p1a: Landorus|93\/100|[from] item: Leftovers\n|upkeep\n|turn|109\n|c|#Sulo|literally no one is attempting to make progress it seems\n|inactive|Serena1111\u805a\u6c14\u5384\u9b3c\u692a has 90 seconds left.\n|\n|t:|1700296098\n|switch|p1a: Charizard|Charizard-Mega-Y, F|82\/100 tox\n|cant|p2a: \u5403\u543c\u9738\u7684\u53cd\u5f3a\u5316\u7269\u8bed|slp\n|move|p2a: \u5403\u543c\u9738\u7684\u53cd\u5f3a\u5316\u7269\u8bed|Sleep Talk|p2a: \u5403\u543c\u9738\u7684\u53cd\u5f3a\u5316\u7269\u8bed\n|move|p2a: \u5403\u543c\u9738\u7684\u53cd\u5f3a\u5316\u7269\u8bed|Curse|p2a: \u5403\u543c\u9738\u7684\u53cd\u5f3a\u5316\u7269\u8bed|[from]move: Sleep Talk\n|-unboost|p2a: \u5403\u543c\u9738\u7684\u53cd\u5f3a\u5316\u7269\u8bed|spe|1\n|-boost|p2a: \u5403\u543c\u9738\u7684\u53cd\u5f3a\u5316\u7269\u8bed|atk|1\n|-boost|p2a: \u5403\u543c\u9738\u7684\u53cd\u5f3a\u5316\u7269\u8bed|def|1\n|\n|-weather|none\n|-damage|p1a: Charizard|76\/100 tox|[from] psn\n|upkeep\n|turn|110\n|c| LucksmanDMormon|Wait why the frick is Lando-T back at full, that sucker was the closest to dead\n|inactive|Serena1111\u805a\u6c14\u5384\u9b3c\u692a has 90 seconds left.\n|c|#Sulo|wish\n|c| Potatofromsinnoh|wish passing\n|c|\u2606Serena1111\u805a\u6c14\u5384\u9b3c\u692a|wish\n|\n|t:|1700296118\n|switch|p1a: Alomomola|Alomomola, M|100\/100 par\n|cant|p2a: \u5403\u543c\u9738\u7684\u53cd\u5f3a\u5316\u7269\u8bed|slp\n|move|p2a: \u5403\u543c\u9738\u7684\u53cd\u5f3a\u5316\u7269\u8bed|Sleep Talk|p2a: \u5403\u543c\u9738\u7684\u53cd\u5f3a\u5316\u7269\u8bed\n|move|p2a: \u5403\u543c\u9738\u7684\u53cd\u5f3a\u5316\u7269\u8bed|Curse|p2a: \u5403\u543c\u9738\u7684\u53cd\u5f3a\u5316\u7269\u8bed|[from]move: Sleep Talk\n|-unboost|p2a: \u5403\u543c\u9738\u7684\u53cd\u5f3a\u5316\u7269\u8bed|spe|1\n|-boost|p2a: \u5403\u543c\u9738\u7684\u53cd\u5f3a\u5316\u7269\u8bed|atk|1\n|-boost|p2a: \u5403\u543c\u9738\u7684\u53cd\u5f3a\u5316\u7269\u8bed|def|1\n|\n|upkeep\n|turn|111\n|\n|t:|1700296137\n|-curestatus|p2a: \u5403\u543c\u9738\u7684\u53cd\u5f3a\u5316\u7269\u8bed|slp|[msg]\n|move|p2a: \u5403\u543c\u9738\u7684\u53cd\u5f3a\u5316\u7269\u8bed|Curse|p2a: \u5403\u543c\u9738\u7684\u53cd\u5f3a\u5316\u7269\u8bed\n|-unboost|p2a: \u5403\u543c\u9738\u7684\u53cd\u5f3a\u5316\u7269\u8bed|spe|1\n|-boost|p2a: \u5403\u543c\u9738\u7684\u53cd\u5f3a\u5316\u7269\u8bed|atk|1\n|-boost|p2a: \u5403\u543c\u9738\u7684\u53cd\u5f3a\u5316\u7269\u8bed|def|1\n|move|p1a: Alomomola|Toxic|p2a: \u5403\u543c\u9738\u7684\u53cd\u5f3a\u5316\u7269\u8bed\n|-status|p2a: \u5403\u543c\u9738\u7684\u53cd\u5f3a\u5316\u7269\u8bed|tox\n|\n|-damage|p2a: \u5403\u543c\u9738\u7684\u53cd\u5f3a\u5316\u7269\u8bed|94\/100 tox|[from] psn\n|upkeep\n|turn|112\n|\n|t:|1700296146\n|move|p2a: \u5403\u543c\u9738\u7684\u53cd\u5f3a\u5316\u7269\u8bed|Curse|p2a: \u5403\u543c\u9738\u7684\u53cd\u5f3a\u5316\u7269\u8bed\n|-unboost|p2a: \u5403\u543c\u9738\u7684\u53cd\u5f3a\u5316\u7269\u8bed|spe|1\n|-boost|p2a: \u5403\u543c\u9738\u7684\u53cd\u5f3a\u5316\u7269\u8bed|atk|1\n|-boost|p2a: \u5403\u543c\u9738\u7684\u53cd\u5f3a\u5316\u7269\u8bed|def|1\n|move|p1a: Alomomola|Flip Turn|p2a: \u5403\u543c\u9738\u7684\u53cd\u5f3a\u5316\u7269\u8bed\n|-resisted|p2a: \u5403\u543c\u9738\u7684\u53cd\u5f3a\u5316\u7269\u8bed\n|-damage|p2a: \u5403\u543c\u9738\u7684\u53cd\u5f3a\u5316\u7269\u8bed|93\/100 tox\n|\n|t:|1700296149\n|switch|p1a: Charizard|Charizard-Mega-Y, F|76\/100 tox|[from] Flip Turn\n|-weather|SunnyDay|[from] ability: Drought|[of] p1a: Charizard\n|\n|-weather|SunnyDay|[upkeep]\n|-damage|p1a: Charizard|70\/100 tox|[from] psn\n|-damage|p2a: \u5403\u543c\u9738\u7684\u53cd\u5f3a\u5316\u7269\u8bed|81\/100 tox|[from] psn\n|upkeep\n|turn|113\n|\n|t:|1700296159\n|switch|p2a: \u6e05\u6f88\u7684\u53cc\u773c \u53ef\u7231\u7684\u8138\u5e9e|Chansey, F|100\/100\n|move|p1a: Charizard|Solar Beam||[still]\n|-prepare|p1a: Charizard|Solar Beam\n|-anim|p1a: Charizard|Solar Beam|p2a: \u6e05\u6f88\u7684\u53cc\u773c \u53ef\u7231\u7684\u8138\u5e9e\n|-damage|p2a: \u6e05\u6f88\u7684\u53cc\u773c \u53ef\u7231\u7684\u8138\u5e9e|87\/100\n|\n|-weather|SunnyDay|[upkeep]\n|-damage|p1a: Charizard|58\/100 tox|[from] psn\n|upkeep\n|turn|114\n|c| Potatofromsinnoh|kill it for the love of god\n|\n|t:|1700296171\n|switch|p1a: Alomomola|Alomomola, M|100\/100 par\n|move|p2a: \u6e05\u6f88\u7684\u53cc\u773c \u53ef\u7231\u7684\u8138\u5e9e|Seismic Toss|p1a: Alomomola\n|-damage|p1a: Alomomola|82\/100 par\n|\n|-weather|SunnyDay|[upkeep]\n|upkeep\n|turn|115\n|c|#Sulo|if we had rocks\n|c|#Sulo|this would probs end faster\n|c| LucksmanDMormon|Bro Sulo can't you just hack the game and put rocks on both sides\n|inactive|Serena1111\u805a\u6c14\u5384\u9b3c\u692a has 60 seconds left.\n|\n|t:|1700296192\n|switch|p2a: \u810f\u4e1c\u897f|Whimsicott, F|100\/100\n|move|p1a: Alomomola|Flip Turn|p2a: \u810f\u4e1c\u897f\n|-resisted|p2a: \u810f\u4e1c\u897f\n|-damage|p2a: \u810f\u4e1c\u897f|97\/100\n|c| Potatofromsinnoh|true\n|c|#Sulo|right but thats a mistake in the builder on both parts\n|c| Potatofromsinnoh|sulo make ever attacking stat be at plus two\n|\n|t:|1700296216\n|switch|p1a: Charizard|Charizard-Mega-Y, F|58\/100 tox|[from] Flip Turn\n|\n|-weather|SunnyDay|[upkeep]\n|-damage|p1a: Charizard|52\/100 tox|[from] psn\n|upkeep\n|turn|116\n|c| Darkortex|Miku\n|c|#Sulo|cant do that sorry...\n|inactive|Serena1111\u805a\u6c14\u5384\u9b3c\u692a has 60 seconds left.\n|c| Darkortex|Cinderace + future sight\n|c| Potatofromsinnoh|and make everything infiltrator\n|c|#Sulo|what i can do is force win if this goes on too long\n|\n|t:|1700296233\n|switch|p2a: \u6e05\u6f88\u7684\u53cc\u773c \u53ef\u7231\u7684\u8138\u5e9e|Chansey, F|87\/100\n|move|p1a: Charizard|Weather Ball|p2a: \u6e05\u6f88\u7684\u53cc\u773c \u53ef\u7231\u7684\u8138\u5e9e\n|-damage|p2a: \u6e05\u6f88\u7684\u53cc\u773c \u53ef\u7231\u7684\u8138\u5e9e|57\/100\n|\n|-weather|none\n|-damage|p1a: Charizard|40\/100 tox|[from] psn\n|upkeep\n|turn|117\n|n| Loserest Test|kaminarinokokqyu\n|c| LucksmanDMormon|Who wins if you do that?\n|inactive|Miku Nakano ily has 120 seconds left.\n|c| Potatofromsinnoh|that charizard's feelings are hurting\n|c| Darkortex|Sulo I'm not in this tour and even I want that to happen\n|\n|t:|1700296257\n|switch|p1a: Alomomola|Alomomola, M|100\/100 par\n|move|p2a: \u6e05\u6f88\u7684\u53cc\u773c \u53ef\u7231\u7684\u8138\u5e9e|Seismic Toss|p1a: Alomomola\n|-damage|p1a: Alomomola|82\/100 par\n|\n|upkeep\n|turn|118\n|c|#Sulo|whoever i decide is just wasting the others time\n|c| Darkortex|Who tf brings stall to a room tour\n|c| LucksmanDMormon|That's both of them\n|c| Darkortex|Wut\n|inactive|Serena1111\u805a\u6c14\u5384\u9b3c\u692a has 30 seconds left.\n|\n|t:|1700296275\n|switch|p2a: \u5c0f\u667a\u518d\u4e5f\u4e0d\u7528\u62c5\u5fc3\u6211\u4e0d\u77e5\u9053\u5bf9\u65b9\u62db\u5f0f\u4e86|Ditto|100\/100\n|-transform|p2a: \u5c0f\u667a\u518d\u4e5f\u4e0d\u7528\u62c5\u5fc3\u6211\u4e0d\u77e5\u9053\u5bf9\u65b9\u62db\u5f0f\u4e86|p1a: Alomomola|[from] ability: Imposter\n|move|p1a: Alomomola|Flip Turn|p2a: \u5c0f\u667a\u518d\u4e5f\u4e0d\u7528\u62c5\u5fc3\u6211\u4e0d\u77e5\u9053\u5bf9\u65b9\u62db\u5f0f\u4e86\n|-resisted|p2a: \u5c0f\u667a\u518d\u4e5f\u4e0d\u7528\u62c5\u5fc3\u6211\u4e0d\u77e5\u9053\u5bf9\u65b9\u62db\u5f0f\u4e86\n|-damage|p2a: \u5c0f\u667a\u518d\u4e5f\u4e0d\u7528\u62c5\u5fc3\u6211\u4e0d\u77e5\u9053\u5bf9\u65b9\u62db\u5f0f\u4e86|93\/100\n|\n|t:|1700296281\n|switch|p1a: Slowking|Slowking-Galar, F|100\/100 par|[from] Flip Turn\n|\n|upkeep\n|turn|119\n|\n|t:|1700296285\n|move|p2a: \u5c0f\u667a\u518d\u4e5f\u4e0d\u7528\u62c5\u5fc3\u6211\u4e0d\u77e5\u9053\u5bf9\u65b9\u62db\u5f0f\u4e86|Flip Turn|p1a: Slowking\n|-damage|p1a: Slowking|84\/100 par\n|\n|t:|1700296292\n|switch|p2a: \u4fdd\u59c6\u9c7c|Alomomola, F|100\/100|[from] Flip Turn\n|move|p1a: Slowking|Future Sight|p2a: \u4fdd\u59c6\u9c7c\n|-start|p1a: Slowking|move: Future Sight\n|\n|-heal|p1a: Slowking|90\/100 par|[from] item: Leftovers\n|upkeep\n|turn|120\n|j| Balazs1102\n|\n|t:|1700296301\n|switch|p2a: \u5c0f\u667a\u518d\u4e5f\u4e0d\u7528\u62c5\u5fc3\u6211\u4e0d\u77e5\u9053\u5bf9\u65b9\u62db\u5f0f\u4e86|Ditto|100\/100\n|-transform|p2a: \u5c0f\u667a\u518d\u4e5f\u4e0d\u7528\u62c5\u5fc3\u6211\u4e0d\u77e5\u9053\u5bf9\u65b9\u62db\u5f0f\u4e86|p1a: Slowking|[from] ability: Imposter\n|move|p1a: Slowking|Chilly Reception|p1a: Slowking\n|-weather|Snow\n|c| Darkortex|dew it\n|c| Balazs1102|damb, stall be like\n|inactive|Miku Nakano ily has 120 seconds left.\n|\n|t:|1700296309\n|switch|p1a: Landorus|Landorus-Therian, M|93\/100|[from] Chilly Reception\n|-ability|p1a: Landorus|Intimidate|boost\n|-unboost|p2a: \u5c0f\u667a\u518d\u4e5f\u4e0d\u7528\u62c5\u5fc3\u6211\u4e0d\u77e5\u9053\u5bf9\u65b9\u62db\u5f0f\u4e86|atk|1\n|\n|-weather|Snow|[upkeep]\n|-heal|p1a: Landorus|99\/100|[from] item: Leftovers\n|upkeep\n|turn|121\n|c| Potatofromsinnoh|KILL\n|c| LucksmanDMormon|Tournament footage btw\n|c| Darkortex|SONIC QUAKE\n|\n|t:|1700296324\n|switch|p2a: \u5403\u543c\u9738\u7684\u53cd\u5f3a\u5316\u7269\u8bed|Dondozo, F|81\/100 tox\n|move|p1a: Landorus|Defog|p2a: \u5403\u543c\u9738\u7684\u53cd\u5f3a\u5316\u7269\u8bed\n|-unboost|p2a: \u5403\u543c\u9738\u7684\u53cd\u5f3a\u5316\u7269\u8bed|evasion|1\n|\n|-weather|Snow|[upkeep]\n|-end|p2a: \u5403\u543c\u9738\u7684\u53cd\u5f3a\u5316\u7269\u8bed|move: Future Sight\n|-damage|p2a: \u5403\u543c\u9738\u7684\u53cd\u5f3a\u5316\u7269\u8bed|39\/100 tox\n|-heal|p1a: Landorus|100\/100|[from] item: Leftovers\n|-damage|p2a: \u5403\u543c\u9738\u7684\u53cd\u5f3a\u5316\u7269\u8bed|32\/100 tox|[from] psn\n|upkeep\n|turn|122\n|c| LucksmanDMormon|We had one game end in 16 I think\n|c| Darkortex|bro wtf why\n|c| Potatofromsinnoh|USE A SPIRIT BOMB\n|\n|t:|1700296334\n|move|p1a: Landorus|Earthquake|p2a: \u5403\u543c\u9738\u7684\u53cd\u5f3a\u5316\u7269\u8bed\n|-damage|p2a: \u5403\u543c\u9738\u7684\u53cd\u5f3a\u5316\u7269\u8bed|10\/100 tox\n|move|p2a: \u5403\u543c\u9738\u7684\u53cd\u5f3a\u5316\u7269\u8bed|Rest|p2a: \u5403\u543c\u9738\u7684\u53cd\u5f3a\u5316\u7269\u8bed\n|-status|p2a: \u5403\u543c\u9738\u7684\u53cd\u5f3a\u5316\u7269\u8bed|slp|[from] move: Rest\n|-heal|p2a: \u5403\u543c\u9738\u7684\u53cd\u5f3a\u5316\u7269\u8bed|100\/100 slp|[silent]\n|\n|-weather|Snow|[upkeep]\n|upkeep\n|turn|123\n|c|\u2606Miku Nakano ily|Misclick\n|c| Potatofromsinnoh|why would you defog\n|c| LucksmanDMormon|SERENA YOU RAT\n|c| Darkortex|why bro\n|\n|t:|1700296343\n|switch|p1a: Alomomola|Alomomola, M|100\/100 par\n|cant|p2a: \u5403\u543c\u9738\u7684\u53cd\u5f3a\u5316\u7269\u8bed|slp\n|move|p2a: \u5403\u543c\u9738\u7684\u53cd\u5f3a\u5316\u7269\u8bed|Sleep Talk|p2a: \u5403\u543c\u9738\u7684\u53cd\u5f3a\u5316\u7269\u8bed\n|move|p2a: \u5403\u543c\u9738\u7684\u53cd\u5f3a\u5316\u7269\u8bed|Rest||[from]move: Sleep Talk|[still]\n|-fail|p2a: \u5403\u543c\u9738\u7684\u53cd\u5f3a\u5316\u7269\u8bed\n|\n|-weather|Snow|[upkeep]\n|upkeep\n|turn|124\n|c| Darkortex|why\n|c| Potatofromsinnoh|i am literally seething with rage\n|\n|t:|1700296353\n|switch|p2a: \u810f\u4e1c\u897f|Whimsicott, F|97\/100\n|cant|p1a: Alomomola|par\n|\n|-weather|none\n|upkeep\n|turn|125\n|c| Darkortex|Miku\n|c|#Sulo|miku nakano ily do u rlly think u can still win\n|c| Darkortex|You could have scored the freest kill in the world\n|\n|t:|1700296364\n|switch|p2a: \u6e05\u6f88\u7684\u53cc\u773c \u53ef\u7231\u7684\u8138\u5e9e|Chansey, F|57\/100\n|move|p1a: Alomomola|Wish|p1a: Alomomola\n|\n|upkeep\n|turn|126\n|c|#Sulo|they just pp stall you\n|inactive|Serena1111\u805a\u6c14\u5384\u9b3c\u692a has 30 seconds left.\n|\n|t:|1700296376\n|switch|p2a: \u4fdd\u59c6\u9c7c|Alomomola, F|100\/100\n|switch|p1a: Charizard|Charizard-Mega-Y, F|40\/100 tox\n|-weather|SunnyDay|[from] ability: Drought|[of] p1a: Charizard\n|\n|-weather|SunnyDay|[upkeep]\n|-heal|p1a: Charizard|100\/100 tox|[from] move: Wish|[wisher] Alomomola\n|-damage|p1a: Charizard|94\/100 tox|[from] psn\n|upkeep\n|turn|127\n|c| LucksmanDMormon|Ha, PP\n|c| Potatofromsinnoh|my life is forever altered by that turn\n|inactive|Serena1111\u805a\u6c14\u5384\u9b3c\u692a has 30 seconds left.\n|c|#Sulo|atp im gonna force win regardless\n|c| Potatofromsinnoh|haha\n|c| Potatofromsinnoh|pp\n|c| Darkortex|Miku can win with future port + cinderace \/ lando\n|inactive|Serena1111\u805a\u6c14\u5384\u9b3c\u692a has 20 seconds left.\n|\n|t:|1700296391\n|switch|p2a: \u810f\u4e1c\u897f|Whimsicott, F|97\/100\n|move|p1a: Charizard|Weather Ball|p2a: \u810f\u4e1c\u897f\n|-supereffective|p2a: \u810f\u4e1c\u897f\n|-damage|p2a: \u810f\u4e1c\u897f|0 fnt\n|faint|p2a: \u810f\u4e1c\u897f\n|\n|-weather|SunnyDay|[upkeep]\n|-damage|p1a: Charizard|82\/100 tox|[from] psn\n|upkeep\n|inactive|Serena1111\u805a\u6c14\u5384\u9b3c\u692a has 25 seconds left this turn.\n|inactive|Serena1111\u805a\u6c14\u5384\u9b3c\u692a has 20 seconds left.\n|c| Potatofromsinnoh|OOOOOOOOOO\n|inactive|Serena1111\u805a\u6c14\u5384\u9b3c\u692a has 15 seconds left.\n|c|#Sulo|one down\n|\n|t:|1700296402\n|switch|p2a: \u6e05\u6f88\u7684\u53cc\u773c \u53ef\u7231\u7684\u8138\u5e9e|Chansey, F|57\/100\n|turn|128\n|inactive|Serena1111\u805a\u6c14\u5384\u9b3c\u692a has 20 seconds left this turn.\n|inactive|Serena1111\u805a\u6c14\u5384\u9b3c\u692a has 15 seconds left.\n|l| Balazs1102\n|\n|t:|1700296414\n|switch|p1a: Slowking|Slowking-Galar, F|100\/100 par\n|move|p2a: \u6e05\u6f88\u7684\u53cc\u773c \u53ef\u7231\u7684\u8138\u5e9e|Soft-Boiled|p2a: \u6e05\u6f88\u7684\u53cc\u773c \u53ef\u7231\u7684\u8138\u5e9e\n|-heal|p2a: \u6e05\u6f88\u7684\u53cc\u773c \u53ef\u7231\u7684\u8138\u5e9e|100\/100\n|\n|-weather|SunnyDay|[upkeep]\n|upkeep\n|turn|129\n|inactive|Serena1111\u805a\u6c14\u5384\u9b3c\u692a has 20 seconds left this turn.\n|\n|t:|1700296419\n|move|p2a: \u6e05\u6f88\u7684\u53cc\u773c \u53ef\u7231\u7684\u8138\u5e9e|Seismic Toss|p1a: Slowking\n|-damage|p1a: Slowking|75\/100 par\n|move|p1a: Slowking|Future Sight|p2a: \u6e05\u6f88\u7684\u53cc\u773c \u53ef\u7231\u7684\u8138\u5e9e\n|-start|p1a: Slowking|move: Future Sight\n|\n|-weather|SunnyDay|[upkeep]\n|-heal|p1a: Slowking|81\/100 par|[from] item: Leftovers\n|upkeep\n|turn|130\n|inactive|Serena1111\u805a\u6c14\u5384\u9b3c\u692a has 25 seconds left this turn.\n|j| Oculars\u2655\n|l| bdhsjs\u4e0d\u6025\n|\n|t:|1700296432\n|move|p2a: \u6e05\u6f88\u7684\u53cc\u773c \u53ef\u7231\u7684\u8138\u5e9e|Seismic Toss|p1a: Slowking\n|-damage|p1a: Slowking|56\/100 par\n|cant|p1a: Slowking|par\n|\n|-weather|none\n|-heal|p1a: Slowking|62\/100 par|[from] item: Leftovers\n|upkeep\n|turn|131\n|inactive|Serena1111\u805a\u6c14\u5384\u9b3c\u692a has 30 seconds left this turn.\n|\n|t:|1700296440\n|move|p2a: \u6e05\u6f88\u7684\u53cc\u773c \u53ef\u7231\u7684\u8138\u5e9e|Aromatherapy|p2a: \u6e05\u6f88\u7684\u53cc\u773c \u53ef\u7231\u7684\u8138\u5e9e\n|-activate|p2a: \u6e05\u6f88\u7684\u53cc\u773c \u53ef\u7231\u7684\u8138\u5e9e|move: Aromatherapy\n|-curestatus|p2: \u5403\u543c\u9738\u7684\u53cd\u5f3a\u5316\u7269\u8bed|slp|[msg]\n|-curestatus|p2: \u624b \u81c2 \u7ec8 \u7ed3 \u8005|tox|[msg]\n|cant|p1a: Slowking|par\n|\n|-end|p2a: \u6e05\u6f88\u7684\u53cc\u773c \u53ef\u7231\u7684\u8138\u5e9e|move: Future Sight\n|-damage|p2a: \u6e05\u6f88\u7684\u53cc\u773c \u53ef\u7231\u7684\u8138\u5e9e|86\/100\n|-heal|p1a: Slowking|68\/100 par|[from] item: Leftovers\n|upkeep\n|turn|132\n|inactive|Serena1111\u805a\u6c14\u5384\u9b3c\u692a has 30 seconds left this turn.\n|\n|t:|1700296448\n|switch|p2a: \u4fdd\u59c6\u9c7c|Alomomola, F|100\/100\n|move|p1a: Slowking|Future Sight|p2a: \u4fdd\u59c6\u9c7c\n|-start|p1a: Slowking|move: Future Sight\n|\n|-heal|p1a: Slowking|74\/100 par|[from] item: Leftovers\n|upkeep\n|turn|133\n|inactive|Serena1111\u805a\u6c14\u5384\u9b3c\u692a has 30 seconds left this turn.\n|c| Potatofromsinnoh|horrid\n|\n|t:|1700296454\n|move|p2a: \u4fdd\u59c6\u9c7c|Wish|p2a: \u4fdd\u59c6\u9c7c\n|cant|p1a: Slowking|par\n|\n|-heal|p1a: Slowking|80\/100 par|[from] item: Leftovers\n|upkeep\n|turn|134\n|inactive|Serena1111\u805a\u6c14\u5384\u9b3c\u692a has 30 seconds left this turn.\n|c| Potatofromsinnoh|bro\n|\n|t:|1700296460\n|move|p2a: \u4fdd\u59c6\u9c7c|Flip Turn|p1a: Slowking\n|-damage|p1a: Slowking|62\/100 par\n|inactive|Serena1111\u805a\u6c14\u5384\u9b3c\u692a has 30 seconds left this turn.\n|\n|t:|1700296463\n|switch|p2a: \u624b \u81c2 \u7ec8 \u7ed3 \u8005|Ogerpon-Wellspring-Tera, F, tera:Water|72\/100|[from] Flip Turn\n|-ability|p2a: \u624b \u81c2 \u7ec8 \u7ed3 \u8005|Embody Aspect (Wellspring)|boost\n|-boost|p2a: \u624b \u81c2 \u7ec8 \u7ed3 \u8005|spd|1\n|move|p1a: Slowking|Ice Beam|p2a: \u624b \u81c2 \u7ec8 \u7ed3 \u8005\n|-resisted|p2a: \u624b \u81c2 \u7ec8 \u7ed3 \u8005\n|-damage|p2a: \u624b \u81c2 \u7ec8 \u7ed3 \u8005|62\/100\n|\n|-end|p2a: \u624b \u81c2 \u7ec8 \u7ed3 \u8005|move: Future Sight\n|-damage|p2a: \u624b \u81c2 \u7ec8 \u7ed3 \u8005|29\/100\n|-heal|p2a: \u624b \u81c2 \u7ec8 \u7ed3 \u8005|100\/100|[from] move: Wish|[wisher] \u4fdd\u59c6\u9c7c\n|-heal|p1a: Slowking|69\/100 par|[from] item: Leftovers\n|upkeep\n|turn|135\n|inactive|Serena1111\u805a\u6c14\u5384\u9b3c\u692a has 30 seconds left.\n|c| Potatofromsinnoh|AAAAAAAA\n|inactive|Miku Nakano ily has 120 seconds left.\n|inactive|Serena1111\u805a\u6c14\u5384\u9b3c\u692a has 20 seconds left.\n|c| LucksmanDMormon|Actually just pull the plug Sulo\n|inactive|Serena1111\u805a\u6c14\u5384\u9b3c\u692a no longer wants the timer on, but the timer is staying on because staff still does.\n|\n|t:|1700296487\n|switch|p1a: Alomomola|Alomomola, M|100\/100 par\n|move|p2a: \u624b \u81c2 \u7ec8 \u7ed3 \u8005|Ivy Cudgel|p1a: Alomomola|[anim] Ivy Cudgel Water\n|-resisted|p1a: Alomomola\n|-damage|p1a: Alomomola|79\/100 par\n|\n|upkeep\n|turn|136\n|inactive|Serena1111\u805a\u6c14\u5384\u9b3c\u692a has 25 seconds left this turn.\n|inactive|Serena1111\u805a\u6c14\u5384\u9b3c\u692a has 20 seconds left.\n|\n|t:|1700296493\n|move|p2a: \u624b \u81c2 \u7ec8 \u7ed3 \u8005|Focus Energy|p2a: \u624b \u81c2 \u7ec8 \u7ed3 \u8005\n|-start|p2a: \u624b \u81c2 \u7ec8 \u7ed3 \u8005|move: Focus Energy\n|move|p1a: Alomomola|Toxic|p2a: \u624b \u81c2 \u7ec8 \u7ed3 \u8005\n|-status|p2a: \u624b \u81c2 \u7ec8 \u7ed3 \u8005|tox\n|\n|-damage|p2a: \u624b \u81c2 \u7ec8 \u7ed3 \u8005|95\/100 tox|[from] psn\n|upkeep\n|turn|137\n|inactive|Serena1111\u805a\u6c14\u5384\u9b3c\u692a has 25 seconds left this turn.\n|inactive|Serena1111\u805a\u6c14\u5384\u9b3c\u692a has 20 seconds left.\n|\n|t:|1700296499\n|move|p2a: \u624b \u81c2 \u7ec8 \u7ed3 \u8005|Swords Dance|p2a: \u624b \u81c2 \u7ec8 \u7ed3 \u8005\n|-boost|p2a: \u624b \u81c2 \u7ec8 \u7ed3 \u8005|atk|2\n|move|p1a: Alomomola|Flip Turn|p2a: \u624b \u81c2 \u7ec8 \u7ed3 \u8005\n|-resisted|p2a: \u624b \u81c2 \u7ec8 \u7ed3 \u8005\n|-damage|p2a: \u624b \u81c2 \u7ec8 \u7ed3 \u8005|83\/100 tox\n|inactive|Serena1111\u805a\u6c14\u5384\u9b3c\u692a has 25 seconds left this turn.\n|c| Potatofromsinnoh|Dont you turn off that timer boy\n|\n|t:|1700296505\n|switch|p1a: Cinderace|Cinderace, F|100\/100|[from] Flip Turn\n|\n|-damage|p2a: \u624b \u81c2 \u7ec8 \u7ed3 \u8005|71\/100 tox|[from] psn\n|upkeep\n|turn|138\n|inactive|Serena1111\u805a\u6c14\u5384\u9b3c\u692a has 30 seconds left this turn.\n|c| Oculars\u2655|bruh ur allowed to play stall in tours\n|c| Potatofromsinnoh|thats terrifying\n|\n|t:|1700296515\n|switch|p2a: \u5403\u543c\u9738\u7684\u53cd\u5f3a\u5316\u7269\u8bed|Dondozo, F|100\/100\n|move|p1a: Cinderace|U-turn|p2a: \u5403\u543c\u9738\u7684\u53cd\u5f3a\u5316\u7269\u8bed\n|-start|p1a: Cinderace|typechange|Bug|[from] ability: Libero\n|-damage|p2a: \u5403\u543c\u9738\u7684\u53cd\u5f3a\u5316\u7269\u8bed|85\/100\n|inactive|Serena1111\u805a\u6c14\u5384\u9b3c\u692a has 30 seconds left this turn.\n|\n|t:|1700296519\n|switch|p1a: Charizard|Charizard-Mega-Y, F|82\/100 tox|[from] U-turn\n|-weather|SunnyDay|[from] ability: Drought|[of] p1a: Charizard\n|\n|-weather|SunnyDay|[upkeep]\n|-damage|p1a: Charizard|76\/100 tox|[from] psn\n|upkeep\n|turn|139\n|c| Oculars\u2655|Theyre just losing slowly\n|inactive|Serena1111\u805a\u6c14\u5384\u9b3c\u692a has 30 seconds left.\n|\n|t:|1700296526\n|switch|p2a: \u6e05\u6f88\u7684\u53cc\u773c \u53ef\u7231\u7684\u8138\u5e9e|Chansey, F|86\/100\n|move|p1a: Charizard|Solar Beam||[still]\n|-prepare|p1a: Charizard|Solar Beam\n|-anim|p1a: Charizard|Solar Beam|p2a: \u6e05\u6f88\u7684\u53cc\u773c \u53ef\u7231\u7684\u8138\u5e9e\n|-damage|p2a: \u6e05\u6f88\u7684\u53cc\u773c \u53ef\u7231\u7684\u8138\u5e9e|71\/100\n|\n|-weather|SunnyDay|[upkeep]\n|-damage|p1a: Charizard|64\/100 tox|[from] psn\n|upkeep\n|turn|140\n|c| Darkortex|The timer can't be turned off in tour\n|inactive|Serena1111\u805a\u6c14\u5384\u9b3c\u692a has 30 seconds left.\n|c| Darkortex|for good reason\n|inactive|Miku Nakano ily has 120 seconds left.\n|c| LucksmanDMormon|Serena1111\u805a\u6c14\u5384\u9b3c\u692a no longer wants the timer on, but the timer is staying on because staff still does.\n|\n|t:|1700296544\n|switch|p1a: Slowking|Slowking-Galar, F|100\/100 par\n|switch|p2a: \u5c0f\u667a\u518d\u4e5f\u4e0d\u7528\u62c5\u5fc3\u6211\u4e0d\u77e5\u9053\u5bf9\u65b9\u62db\u5f0f\u4e86|Ditto|100\/100\n|-transform|p2a: \u5c0f\u667a\u518d\u4e5f\u4e0d\u7528\u62c5\u5fc3\u6211\u4e0d\u77e5\u9053\u5bf9\u65b9\u62db\u5f0f\u4e86|p1a: Slowking|[from] ability: Imposter\n|\n|-weather|SunnyDay|[upkeep]\n|upkeep\n|turn|141\n|inactive|Serena1111\u805a\u6c14\u5384\u9b3c\u692a has 30 seconds left this turn.\n|\n|t:|1700296551\n|move|p2a: \u5c0f\u667a\u518d\u4e5f\u4e0d\u7528\u62c5\u5fc3\u6211\u4e0d\u77e5\u9053\u5bf9\u65b9\u62db\u5f0f\u4e86|Future Sight|p1a: Slowking\n|-start|p2a: \u5c0f\u667a\u518d\u4e5f\u4e0d\u7528\u62c5\u5fc3\u6211\u4e0d\u77e5\u9053\u5bf9\u65b9\u62db\u5f0f\u4e86|move: Future Sight\n|move|p1a: Slowking|Future Sight|p2a: \u5c0f\u667a\u518d\u4e5f\u4e0d\u7528\u62c5\u5fc3\u6211\u4e0d\u77e5\u9053\u5bf9\u65b9\u62db\u5f0f\u4e86\n|-start|p1a: Slowking|move: Future Sight\n|\n|-weather|SunnyDay|[upkeep]\n|upkeep\n|turn|142\n|inactive|Serena1111\u805a\u6c14\u5384\u9b3c\u692a has 30 seconds left this turn.\n|c| Oculars\u2655|who remembers tiananmen square 1987 june 4th\n|c| Potatofromsinnoh|me\n|c| Potatofromsinnoh|i was there\n|inactive|Serena1111\u805a\u6c14\u5384\u9b3c\u692a has 20 seconds left.\n|c| Oculars\u2655|good times\n|\n|t:|1700296562\n|switch|p2a: \u6e05\u6f88\u7684\u53cc\u773c \u53ef\u7231\u7684\u8138\u5e9e|Chansey, F|71\/100\n|cant|p1a: Slowking|par\n|\n|-weather|none\n|upkeep\n|turn|143\n|inactive|Serena1111\u805a\u6c14\u5384\u9b3c\u692a has 25 seconds left this turn.\n|inactive|Miku Nakano ily has 120 seconds left.\n|inactive|Serena1111\u805a\u6c14\u5384\u9b3c\u692a has 20 seconds left.\n|c| Potatofromsinnoh|truly\n|\n|t:|1700296571\n|move|p2a: \u6e05\u6f88\u7684\u53cc\u773c \u53ef\u7231\u7684\u8138\u5e9e|Seismic Toss|p1a: Slowking\n|-damage|p1a: Slowking|75\/100 par\n|move|p1a: Slowking|Chilly Reception|p1a: Slowking\n|-weather|Snow\n|inactive|Serena1111\u805a\u6c14\u5384\u9b3c\u692a has 25 seconds left this turn.\n|c| LucksmanDMormon|Wait Oculars were you trying to get Serena IP banned\n|inactive|Miku Nakano ily has 120 seconds left.\n|\n|t:|1700296579\n|switch|p1a: Landorus|Landorus-Therian, M|100\/100|[from] Chilly Reception\n|-ability|p1a: Landorus|Intimidate|boost\n|-unboost|p2a: \u6e05\u6f88\u7684\u53cc\u773c \u53ef\u7231\u7684\u8138\u5e9e|atk|1\n|\n|-weather|Snow|[upkeep]\n|-end|p1a: Landorus|move: Future Sight\n|-damage|p1a: Landorus|87\/100\n|-end|p2a: \u6e05\u6f88\u7684\u53cc\u773c \u53ef\u7231\u7684\u8138\u5e9e|move: Future Sight\n|-damage|p2a: \u6e05\u6f88\u7684\u53cc\u773c \u53ef\u7231\u7684\u8138\u5e9e|57\/100\n|-heal|p1a: Landorus|93\/100|[from] item: Leftovers\n|upkeep\n|turn|144\n|inactive|Serena1111\u805a\u6c14\u5384\u9b3c\u692a has 30 seconds left this turn.\n|c| Oculars\u2655|shhhhh\n|inactive|Miku Nakano ily has 120 seconds left.\n|inactive|Serena1111\u805a\u6c14\u5384\u9b3c\u692a has 20 seconds left.\n|\n|t:|1700296590\n|switch|p2a: \u5403\u543c\u9738\u7684\u53cd\u5f3a\u5316\u7269\u8bed|Dondozo, F|85\/100\n|move|p1a: Landorus|Earthquake|p2a: \u5403\u543c\u9738\u7684\u53cd\u5f3a\u5316\u7269\u8bed\n|-damage|p2a: \u5403\u543c\u9738\u7684\u53cd\u5f3a\u5316\u7269\u8bed|64\/100\n|\n|-weather|Snow|[upkeep]\n|-heal|p1a: Landorus|99\/100|[from] item: Leftovers\n|upkeep\n|turn|145\n|inactive|Serena1111\u805a\u6c14\u5384\u9b3c\u692a has 25 seconds left this turn.\n|inactive|Miku Nakano ily has 120 seconds left.\n|inactive|Serena1111\u805a\u6c14\u5384\u9b3c\u692a has 20 seconds left.\n|\n|t:|1700296599\n|switch|p1a: Alomomola|Alomomola, M|100\/100 par\n|move|p2a: \u5403\u543c\u9738\u7684\u53cd\u5f3a\u5316\u7269\u8bed|Wave Crash|p1a: Alomomola\n|-resisted|p1a: Alomomola\n|-damage|p1a: Alomomola|89\/100 par\n|-damage|p2a: \u5403\u543c\u9738\u7684\u53cd\u5f3a\u5316\u7269\u8bed|60\/100|[from] Recoil\n|\n|-weather|Snow|[upkeep]\n|upkeep\n|turn|146\n|inactive|Serena1111\u805a\u6c14\u5384\u9b3c\u692a has 25 seconds left this turn.\n|c| Potatofromsinnoh|jokes on you\n|c| Potatofromsinnoh|hes from taiwan\n|inactive|Serena1111\u805a\u6c14\u5384\u9b3c\u692a has 20 seconds left.\n|inactive|Serena1111\u805a\u6c14\u5384\u9b3c\u692a has 15 seconds left.\n|\n|t:|1700296611\n|switch|p2a: \u5c0f\u667a\u518d\u4e5f\u4e0d\u7528\u62c5\u5fc3\u6211\u4e0d\u77e5\u9053\u5bf9\u65b9\u62db\u5f0f\u4e86|Ditto|100\/100\n|-transform|p2a: \u5c0f\u667a\u518d\u4e5f\u4e0d\u7528\u62c5\u5fc3\u6211\u4e0d\u77e5\u9053\u5bf9\u65b9\u62db\u5f0f\u4e86|p1a: Alomomola|[from] ability: Imposter\n|move|p1a: Alomomola|Toxic|p2a: \u5c0f\u667a\u518d\u4e5f\u4e0d\u7528\u62c5\u5fc3\u6211\u4e0d\u77e5\u9053\u5bf9\u65b9\u62db\u5f0f\u4e86\n|-status|p2a: \u5c0f\u667a\u518d\u4e5f\u4e0d\u7528\u62c5\u5fc3\u6211\u4e0d\u77e5\u9053\u5bf9\u65b9\u62db\u5f0f\u4e86|tox\n|\n|-weather|Snow|[upkeep]\n|-damage|p2a: \u5c0f\u667a\u518d\u4e5f\u4e0d\u7528\u62c5\u5fc3\u6211\u4e0d\u77e5\u9053\u5bf9\u65b9\u62db\u5f0f\u4e86|94\/100 tox|[from] psn\n|upkeep\n|turn|147\n|inactive|Serena1111\u805a\u6c14\u5384\u9b3c\u692a has 20 seconds left this turn.\n|inactive|Serena1111\u805a\u6c14\u5384\u9b3c\u692a has 15 seconds left.\n|inactive|Miku Nakano ily has 120 seconds left.\n|c| walpurgisnuit|damn why are they playing so close to the timer\n|\n|t:|1700296633\n|move|p2a: \u5c0f\u667a\u518d\u4e5f\u4e0d\u7528\u62c5\u5fc3\u6211\u4e0d\u77e5\u9053\u5bf9\u65b9\u62db\u5f0f\u4e86|Wish|p2a: \u5c0f\u667a\u518d\u4e5f\u4e0d\u7528\u62c5\u5fc3\u6211\u4e0d\u77e5\u9053\u5bf9\u65b9\u62db\u5f0f\u4e86\n|move|p1a: Alomomola|Flip Turn|p2a: \u5c0f\u667a\u518d\u4e5f\u4e0d\u7528\u62c5\u5fc3\u6211\u4e0d\u77e5\u9053\u5bf9\u65b9\u62db\u5f0f\u4e86\n|-resisted|p2a: \u5c0f\u667a\u518d\u4e5f\u4e0d\u7528\u62c5\u5fc3\u6211\u4e0d\u77e5\u9053\u5bf9\u65b9\u62db\u5f0f\u4e86\n|-damage|p2a: \u5c0f\u667a\u518d\u4e5f\u4e0d\u7528\u62c5\u5fc3\u6211\u4e0d\u77e5\u9053\u5bf9\u65b9\u62db\u5f0f\u4e86|87\/100 tox\n|inactive|Serena1111\u805a\u6c14\u5384\u9b3c\u692a has 20 seconds left this turn.\n|\n|t:|1700296637\n|switch|p1a: Slowking|Slowking-Galar, F|100\/100 par|[from] Flip Turn\n|\n|-weather|none\n|-damage|p2a: \u5c0f\u667a\u518d\u4e5f\u4e0d\u7528\u62c5\u5fc3\u6211\u4e0d\u77e5\u9053\u5bf9\u65b9\u62db\u5f0f\u4e86|75\/100 tox|[from] psn\n|upkeep\n|turn|148\n|inactive|Serena1111\u805a\u6c14\u5384\u9b3c\u692a has 25 seconds left this turn.\n|inactive|Serena1111\u805a\u6c14\u5384\u9b3c\u692a has 20 seconds left.\n|\n|t:|1700296644\n|switch|p2a: \u624b \u81c2 \u7ec8 \u7ed3 \u8005|Ogerpon-Wellspring-Tera, F, tera:Water|71\/100 tox\n|-ability|p2a: \u624b \u81c2 \u7ec8 \u7ed3 \u8005|Embody Aspect (Wellspring)|boost\n|-boost|p2a: \u624b \u81c2 \u7ec8 \u7ed3 \u8005|spd|1\n|move|p1a: Slowking|Future Sight|p2a: \u624b \u81c2 \u7ec8 \u7ed3 \u8005\n|-start|p1a: Slowking|move: Future Sight\n|\n|-heal|p2a: \u624b \u81c2 \u7ec8 \u7ed3 \u8005|100\/100 tox|[from] move: Wish|[wisher] \u5c0f\u667a\u518d\u4e5f\u4e0d\u7528\u62c5\u5fc3\u6211\u4e0d\u77e5\u9053\u5bf9\u65b9\u62db\u5f0f\u4e86\n|-damage|p2a: \u624b \u81c2 \u7ec8 \u7ed3 \u8005|95\/100 tox|[from] psn\n|upkeep\n|turn|149\n|inactive|Serena1111\u805a\u6c14\u5384\u9b3c\u692a has 25 seconds left this turn.\n|inactive|Miku Nakano ily has 120 seconds left.\n|inactive|Serena1111\u805a\u6c14\u5384\u9b3c\u692a has 20 seconds left.\n|\n|t:|1700296653\n|move|p2a: \u624b \u81c2 \u7ec8 \u7ed3 \u8005|Focus Energy|p2a: \u624b \u81c2 \u7ec8 \u7ed3 \u8005\n|-start|p2a: \u624b \u81c2 \u7ec8 \u7ed3 \u8005|move: Focus Energy\n|cant|p1a: Slowking|par\n|\n|-damage|p2a: \u624b \u81c2 \u7ec8 \u7ed3 \u8005|83\/100 tox|[from] psn\n|upkeep\n|turn|150\n|inactive|Serena1111\u805a\u6c14\u5384\u9b3c\u692a has 25 seconds left this turn.\n|inactive|Serena1111\u805a\u6c14\u5384\u9b3c\u692a has 20 seconds left.\n|\n|t:|1700296659\n|move|p2a: \u624b \u81c2 \u7ec8 \u7ed3 \u8005|Ivy Cudgel|p1a: Slowking|[anim] Ivy Cudgel Water\n|-crit|p1a: Slowking\n|-damage|p1a: Slowking|0 fnt\n|faint|p1a: Slowking\n|\n|-end|p2a: \u624b \u81c2 \u7ec8 \u7ed3 \u8005|move: Future Sight\n|-damage|p2a: \u624b \u81c2 \u7ec8 \u7ed3 \u8005|50\/100 tox\n|-damage|p2a: \u624b \u81c2 \u7ec8 \u7ed3 \u8005|32\/100 tox|[from] psn\n|upkeep\n|inactive|Serena1111\u805a\u6c14\u5384\u9b3c\u692a has 25 seconds left this turn.\n|c| Potatofromsinnoh|fuck\n|\n|t:|1700296666\n|switch|p1a: Cinderace|Cinderace, F|100\/100\n|turn|151\n|inactive|Serena1111\u805a\u6c14\u5384\u9b3c\u692a has 30 seconds left this turn.\n|c|\u2606Serena1111\u805a\u6c14\u5384\u9b3c\u692a|one down\n|c| Darkortex|Miku, forfeit\n|\n|t:|1700296672\n|switch|p2a: \u6e05\u6f88\u7684\u53cc\u773c \u53ef\u7231\u7684\u8138\u5e9e|Chansey, F|57\/100\n|move|p1a: Cinderace|U-turn|p2a: \u6e05\u6f88\u7684\u53cc\u773c \u53ef\u7231\u7684\u8138\u5e9e\n|-start|p1a: Cinderace|typechange|Bug|[from] ability: Libero\n|-damage|p2a: \u6e05\u6f88\u7684\u53cc\u773c \u53ef\u7231\u7684\u8138\u5e9e|34\/100\n|inactive|Serena1111\u805a\u6c14\u5384\u9b3c\u692a has 30 seconds left this turn.\n|\n|t:|1700296674\n|switch|p1a: Charizard|Charizard-Mega-Y, F|64\/100 tox|[from] U-turn\n|-weather|SunnyDay|[from] ability: Drought|[of] p1a: Charizard\n|\n|-weather|SunnyDay|[upkeep]\n|-damage|p1a: Charizard|58\/100 tox|[from] psn\n|upkeep\n|turn|152\n|inactive|Serena1111\u805a\u6c14\u5384\u9b3c\u692a has 30 seconds left.\n|c| Darkortex|wait\n|c| Darkortex|nvm\n|c| Darkortex|im dum\n|\n|t:|1700296689\n|switch|p2a: \u5c0f\u667a\u518d\u4e5f\u4e0d\u7528\u62c5\u5fc3\u6211\u4e0d\u77e5\u9053\u5bf9\u65b9\u62db\u5f0f\u4e86|Ditto|100\/100 tox\n|-transform|p2a: \u5c0f\u667a\u518d\u4e5f\u4e0d\u7528\u62c5\u5fc3\u6211\u4e0d\u77e5\u9053\u5bf9\u65b9\u62db\u5f0f\u4e86|p1a: Charizard|[from] ability: Imposter\n|move|p1a: Charizard|Air Slash|p2a: \u5c0f\u667a\u518d\u4e5f\u4e0d\u7528\u62c5\u5fc3\u6211\u4e0d\u77e5\u9053\u5bf9\u65b9\u62db\u5f0f\u4e86\n|-damage|p2a: \u5c0f\u667a\u518d\u4e5f\u4e0d\u7528\u62c5\u5fc3\u6211\u4e0d\u77e5\u9053\u5bf9\u65b9\u62db\u5f0f\u4e86|57\/100 tox\n|\n|-weather|SunnyDay|[upkeep]\n|-damage|p2a: \u5c0f\u667a\u518d\u4e5f\u4e0d\u7528\u62c5\u5fc3\u6211\u4e0d\u77e5\u9053\u5bf9\u65b9\u62db\u5f0f\u4e86|50\/100 tox|[from] psn\n|-damage|p1a: Charizard|46\/100 tox|[from] psn\n|upkeep\n|turn|153\n|inactive|Serena1111\u805a\u6c14\u5384\u9b3c\u692a has 30 seconds left this turn.\n|inactive|Serena1111\u805a\u6c14\u5384\u9b3c\u692a has 20 seconds left.\n|\n|t:|1700296706\n|switch|p1a: Cinderace|Cinderace, F|100\/100\n|move|p2a: \u5c0f\u667a\u518d\u4e5f\u4e0d\u7528\u62c5\u5fc3\u6211\u4e0d\u77e5\u9053\u5bf9\u65b9\u62db\u5f0f\u4e86|Weather Ball|p1a: Cinderace\n|-resisted|p1a: Cinderace\n|-damage|p1a: Cinderace|37\/100\n|\n|-weather|SunnyDay|[upkeep]\n|-damage|p2a: \u5c0f\u667a\u518d\u4e5f\u4e0d\u7528\u62c5\u5fc3\u6211\u4e0d\u77e5\u9053\u5bf9\u65b9\u62db\u5f0f\u4e86|38\/100 tox|[from] psn\n|upkeep\n|turn|154\n|inactive|Serena1111\u805a\u6c14\u5384\u9b3c\u692a has 20 seconds left this turn.\n|inactive|Miku Nakano ily has 120 seconds left.\n|inactive|Serena1111\u805a\u6c14\u5384\u9b3c\u692a has 15 seconds left.\n|\n|t:|1700296714\n|switch|p2a: \u4fdd\u59c6\u9c7c|Alomomola, F|100\/100\n|switch|p1a: Alomomola|Alomomola, M|100\/100 par\n|\n|-weather|SunnyDay|[upkeep]\n|upkeep\n|turn|155\n|inactive|Serena1111\u805a\u6c14\u5384\u9b3c\u692a has 20 seconds left this turn.\n|l| walpurgisnuit\n|inactive|Serena1111\u805a\u6c14\u5384\u9b3c\u692a has 15 seconds left.\n|\n|t:|1700296720\n|move|p2a: \u4fdd\u59c6\u9c7c|Wish|p2a: \u4fdd\u59c6\u9c7c\n|cant|p1a: Alomomola|par\n|\n|-weather|none\n|upkeep\n|turn|156\n|inactive|Serena1111\u805a\u6c14\u5384\u9b3c\u692a has 15 seconds left this turn.\n|\n|t:|1700296725\n|move|p2a: \u4fdd\u59c6\u9c7c|Flip Turn|p1a: Alomomola\n|-resisted|p1a: Alomomola\n|-damage|p1a: Alomomola|96\/100 par\n|inactive|Serena1111\u805a\u6c14\u5384\u9b3c\u692a has 20 seconds left this turn.\n|c| Potatofromsinnoh|sulo end it\n|inactive|Serena1111\u805a\u6c14\u5384\u9b3c\u692a has 15 seconds left.\n|\n|t:|1700296730\n|switch|p2a: \u5c0f\u667a\u518d\u4e5f\u4e0d\u7528\u62c5\u5fc3\u6211\u4e0d\u77e5\u9053\u5bf9\u65b9\u62db\u5f0f\u4e86|Ditto|38\/100 tox|[from] Flip Turn\n|-transform|p2a: \u5c0f\u667a\u518d\u4e5f\u4e0d\u7528\u62c5\u5fc3\u6211\u4e0d\u77e5\u9053\u5bf9\u65b9\u62db\u5f0f\u4e86|p1a: Alomomola|[from] ability: Imposter\n|cant|p1a: Alomomola|par\n|\n|-heal|p2a: \u5c0f\u667a\u518d\u4e5f\u4e0d\u7528\u62c5\u5fc3\u6211\u4e0d\u77e5\u9053\u5bf9\u65b9\u62db\u5f0f\u4e86|100\/100 tox|[from] move: Wish|[wisher] \u4fdd\u59c6\u9c7c\n|-damage|p2a: \u5c0f\u667a\u518d\u4e5f\u4e0d\u7528\u62c5\u5fc3\u6211\u4e0d\u77e5\u9053\u5bf9\u65b9\u62db\u5f0f\u4e86|94\/100 tox|[from] psn\n|upkeep\n|turn|157\n|inactive|Serena1111\u805a\u6c14\u5384\u9b3c\u692a has 15 seconds left this turn.\n|c| Potatofromsinnoh|i dont care who wins\n|inactive|Serena1111\u805a\u6c14\u5384\u9b3c\u692a has 10 seconds left.\n|\n|t:|1700296737\n|switch|p2a: \u4fdd\u59c6\u9c7c|Alomomola, F|100\/100\n|cant|p1a: Alomomola|par\n|\n|upkeep\n|turn|158\n|inactive|Serena1111\u805a\u6c14\u5384\u9b3c\u692a has 15 seconds left this turn.\n|c|\u2606Miku Nakano ily|Bruh\n|\n|t:|1700296747\n|move|p2a: \u4fdd\u59c6\u9c7c|Wish|p2a: \u4fdd\u59c6\u9c7c\n|move|p1a: Alomomola|Wish|p1a: Alomomola\n|\n|upkeep\n|turn|159\n|inactive|Serena1111\u805a\u6c14\u5384\u9b3c\u692a has 15 seconds left this turn.\n|c| LucksmanDMormon|Sulo literally just flip a coin\n|\n|t:|1700296750\n|move|p2a: \u4fdd\u59c6\u9c7c|Flip Turn|p1a: Alomomola\n|-resisted|p1a: Alomomola\n|-damage|p1a: Alomomola|92\/100 par\n|inactive|Serena1111\u805a\u6c14\u5384\u9b3c\u692a has 20 seconds left this turn.\n|c| Potatofromsinnoh|kill...\n|\n|t:|1700296755\n|switch|p2a: \u6e05\u6f88\u7684\u53cc\u773c \u53ef\u7231\u7684\u8138\u5e9e|Chansey, F|34\/100|[from] Flip Turn\n|move|p1a: Alomomola|Flip Turn|p2a: \u6e05\u6f88\u7684\u53cc\u773c \u53ef\u7231\u7684\u8138\u5e9e\n|-crit|p2a: \u6e05\u6f88\u7684\u53cc\u773c \u53ef\u7231\u7684\u8138\u5e9e\n|-damage|p2a: \u6e05\u6f88\u7684\u53cc\u773c \u53ef\u7231\u7684\u8138\u5e9e|19\/100\n|inactive|Serena1111\u805a\u6c14\u5384\u9b3c\u692a has 20 seconds left this turn.\n|c|\u2606Miku Nakano ily|Triple para is insane\n|\n|t:|1700296762\n|switch|p1a: Cinderace|Cinderace, F|37\/100|[from] Flip Turn\n|\n|-heal|p1a: Cinderace|100\/100|[from] move: Wish|[wisher] Alomomola\n|-heal|p2a: \u6e05\u6f88\u7684\u53cc\u773c \u53ef\u7231\u7684\u8138\u5e9e|57\/100|[from] move: Wish|[wisher] \u4fdd\u59c6\u9c7c\n|upkeep\n|turn|160\n|inactive|Serena1111\u805a\u6c14\u5384\u9b3c\u692a has 25 seconds left this turn.\n|inactive|Serena1111\u805a\u6c14\u5384\u9b3c\u692a has 20 seconds left.\n|c|#Sulo|alright this is holding up the tour\n|\n|t:|1700296771\n|switch|p2a: \u4fdd\u59c6\u9c7c|Alomomola, F|100\/100\n|move|p1a: Cinderace|U-turn|p2a: \u4fdd\u59c6\u9c7c\n|-start|p1a: Cinderace|typechange|Bug|[from] ability: Libero\n|-damage|p2a: \u4fdd\u59c6\u9c7c|82\/100\n|inactive|Serena1111\u805a\u6c14\u5384\u9b3c\u692a has 20 seconds left this turn.\n|c|#Sulo|sorry folks\n|c| LucksmanDMormon|Heads Miku wins, tails Serena wins\n|\n|t:|1700296774\n|switch|p1a: Alomomola|Alomomola, M|100\/100 par|[from] U-turn\n|\n|upkeep\n|turn|161\n|inactive|Serena1111\u805a\u6c14\u5384\u9b3c\u692a has 25 seconds left this turn.\n|inactive|Serena1111\u805a\u6c14\u5384\u9b3c\u692a has 20 seconds left.\n|c|#Sulo|!flip miku, serena\n|error|Error: Pok\u00e9mon 'miku' not found.\n|\n|t:|1700296782\n|move|p2a: \u4fdd\u59c6\u9c7c|Protect|p2a: \u4fdd\u59c6\u9c7c\n|-singleturn|p2a: \u4fdd\u59c6\u9c7c|Protect\n|move|p1a: Alomomola|Flip Turn|p2a: \u4fdd\u59c6\u9c7c\n|-activate|p2a: \u4fdd\u59c6\u9c7c|move: Protect\n|\n|upkeep\n|turn|162\n|inactive|Serena1111\u805a\u6c14\u5384\u9b3c\u692a has 20 seconds left this turn.\n|c|#Sulo|oops\n|inactive|Serena1111\u805a\u6c14\u5384\u9b3c\u692a has 15 seconds left.\n|c|#Sulo|meant to do pick\n|c|\u2606Serena1111\u805a\u6c14\u5384\u9b3c\u692a|use \/pick\n|inactive|Serena1111\u805a\u6c14\u5384\u9b3c\u692a has 10 seconds left.\n|c|#Sulo|!pick miku, serena\n|c|%Sulo|\/raw <div class=\"infobox\"><em>We randomly picked:<\/em> serena<\/div>\n|\n|t:|1700296797\n|move|p2a: \u4fdd\u59c6\u9c7c|Wish|p2a: \u4fdd\u59c6\u9c7c\n|move|p1a: Alomomola|Flip Turn|p2a: \u4fdd\u59c6\u9c7c\n|-resisted|p2a: \u4fdd\u59c6\u9c7c\n|-damage|p2a: \u4fdd\u59c6\u9c7c|78\/100\n|inactive|Serena1111\u805a\u6c14\u5384\u9b3c\u692a has 15 seconds left this turn.\n|c| Potatofromsinnoh|wait\n|c|#Sulo|sorry miku\n|c|\u2606Miku Nakano ily|Man\n|j| walpurgisnuit\n|inactive|Miku Nakano ily has 120 seconds left.\n|c| Potatofromsinnoh|damn\n|c| Potatofromsinnoh|good\n|\n|t:|1700296815\n|switch|p1a: Charizard|Charizard-Mega-Y, F|46\/100 tox|[from] Flip Turn\n|-weather|SunnyDay|[from] ability: Drought|[of] p1a: Charizard\n|\n|-weather|SunnyDay|[upkeep]\n|-damage|p1a: Charizard|40\/100 tox|[from] psn\n|upkeep\n|turn|163\n|inactive|Serena1111\u805a\u6c14\u5384\u9b3c\u692a has 15 seconds left this turn.\n|inactive|Serena1111\u805a\u6c14\u5384\u9b3c\u692a has 10 seconds left.\n|c| Darkortex|UNFORTUNATE DOES NOT BEGI....\n|\n|t:|1700296824\n|switch|p2a: \u6e05\u6f88\u7684\u53cc\u773c \u53ef\u7231\u7684\u8138\u5e9e|Chansey, F|57\/100\n|move|p1a: Charizard|Solar Beam||[still]\n|-prepare|p1a: Charizard|Solar Beam\n|-anim|p1a: Charizard|Solar Beam|p2a: \u6e05\u6f88\u7684\u53cc\u773c \u53ef\u7231\u7684\u8138\u5e9e\n|-damage|p2a: \u6e05\u6f88\u7684\u53cc\u773c \u53ef\u7231\u7684\u8138\u5e9e|43\/100\n|\n|-weather|SunnyDay|[upkeep]\n|-heal|p2a: \u6e05\u6f88\u7684\u53cc\u773c \u53ef\u7231\u7684\u8138\u5e9e|81\/100|[from] move: Wish|[wisher] \u4fdd\u59c6\u9c7c\n|-damage|p1a: Charizard|28\/100 tox|[from] psn\n|upkeep\n|turn|164\n|inactive|Serena1111\u805a\u6c14\u5384\u9b3c\u692a has 15 seconds left this turn.\n|inactive|Serena1111\u805a\u6c14\u5384\u9b3c\u692a has 10 seconds left.\n|\n|t:|1700296830\n|switch|p1a: Alomomola|Alomomola, M|100\/100 par\n|move|p2a: \u6e05\u6f88\u7684\u53cc\u773c \u53ef\u7231\u7684\u8138\u5e9e|Seismic Toss|p1a: Alomomola\n|-damage|p1a: Alomomola|82\/100 par\n|\n|-weather|SunnyDay|[upkeep]\n|upkeep\n|turn|165\n|inactive|Serena1111\u805a\u6c14\u5384\u9b3c\u692a has 10 seconds left this turn.\n|c| LucksmanDMormon|Uhhhhhhh so when does this end\n|\n|t:|1700296833\n|switch|p2a: \u4fdd\u59c6\u9c7c|Alomomola, F|100\/100\n|move|p1a: Alomomola|Wish|p1a: Alomomola\n|\n|-weather|SunnyDay|[upkeep]\n|upkeep\n|turn|166\n|inactive|Serena1111\u805a\u6c14\u5384\u9b3c\u692a has 15 seconds left this turn.\n|inactive|Serena1111\u805a\u6c14\u5384\u9b3c\u692a has 10 seconds left.\n|c| Potatofromsinnoh|never\n|\n|t:|1700296839\n|move|p2a: \u4fdd\u59c6\u9c7c|Wish|p2a: \u4fdd\u59c6\u9c7c\n|move|p1a: Alomomola|Flip Turn|p2a: \u4fdd\u59c6\u9c7c\n|-resisted|p2a: \u4fdd\u59c6\u9c7c\n|-damage|p2a: \u4fdd\u59c6\u9c7c|98\/100\n|inactive|Serena1111\u805a\u6c14\u5384\u9b3c\u692a has 10 seconds left this turn.\n|\n|t:|1700296843\n|switch|p1a: Charizard|Charizard-Mega-Y, F|28\/100 tox|[from] Flip Turn\n|\n|-weather|none\n|-heal|p1a: Charizard|100\/100 tox|[from] move: Wish|[wisher] Alomomola\n|-damage|p1a: Charizard|94\/100 tox|[from] psn\n|upkeep\n|turn|167\n|inactive|Serena1111\u805a\u6c14\u5384\u9b3c\u692a has 15 seconds left this turn.\n|c| Potatofromsinnoh|i am stuck in a nightmare\n|inactive|Serena1111\u805a\u6c14\u5384\u9b3c\u692a has 10 seconds left.\n|c| Darkortex|When Sulo is feeling merciful\n|\n|t:|1700296852\n|switch|p1a: Alomomola|Alomomola, M|100\/100 par\n|move|p2a: \u4fdd\u59c6\u9c7c|Flip Turn|p1a: Alomomola\n|-resisted|p1a: Alomomola\n|-damage|p1a: Alomomola|96\/100 par\n|inactive|Serena1111\u805a\u6c14\u5384\u9b3c\u692a has 10 seconds left this turn.\n|c|\u2606Miku Nakano ily|Guys wait\n|c|\u2606Miku Nakano ily|Maybe the timer\n|inactive|Serena1111\u805a\u6c14\u5384\u9b3c\u692a has 5 seconds left.\n|\n|t:|1700296858\n|switch|p2a: \u624b \u81c2 \u7ec8 \u7ed3 \u8005|Ogerpon-Wellspring-Tera, F, tera:Water|32\/100 tox|[from] Flip Turn\n|-ability|p2a: \u624b \u81c2 \u7ec8 \u7ed3 \u8005|Embody Aspect (Wellspring)|boost\n|-boost|p2a: \u624b \u81c2 \u7ec8 \u7ed3 \u8005|spd|1\n|\n|-heal|p2a: \u624b \u81c2 \u7ec8 \u7ed3 \u8005|100\/100 tox|[from] move: Wish|[wisher] \u4fdd\u59c6\u9c7c\n|-damage|p2a: \u624b \u81c2 \u7ec8 \u7ed3 \u8005|95\/100 tox|[from] psn\n|upkeep\n|turn|168\n|inactive|Serena1111\u805a\u6c14\u5384\u9b3c\u692a has 10 seconds left this turn.\n|inactive|Miku Nakano ily has 120 seconds left.\n|\n|t:|1700296872\n|move|p2a: \u624b \u81c2 \u7ec8 \u7ed3 \u8005|Focus Energy|p2a: \u624b \u81c2 \u7ec8 \u7ed3 \u8005\n|-start|p2a: \u624b \u81c2 \u7ec8 \u7ed3 \u8005|move: Focus Energy\n|move|p1a: Alomomola|Toxic|p2a: \u624b \u81c2 \u7ec8 \u7ed3 \u8005\n|-fail|p2a: \u624b \u81c2 \u7ec8 \u7ed3 \u8005|tox\n|\n|-damage|p2a: \u624b \u81c2 \u7ec8 \u7ed3 \u8005|83\/100 tox|[from] psn\n|upkeep\n|turn|169\n|inactive|Serena1111\u805a\u6c14\u5384\u9b3c\u692a has 10 seconds left this turn.\n|\n|t:|1700296879\n|cant|p1a: Alomomola|par\n|move|p2a: \u624b \u81c2 \u7ec8 \u7ed3 \u8005|Horn Leech|p1a: Alomomola\n|-supereffective|p1a: Alomomola\n|-crit|p1a: Alomomola\n|-damage|p1a: Alomomola|26\/100 par\n|-heal|p2a: \u624b \u81c2 \u7ec8 \u7ed3 \u8005|100\/100 tox|[from] drain|[of] p1a: Alomomola\n|\n|-damage|p2a: \u624b \u81c2 \u7ec8 \u7ed3 \u8005|83\/100 tox|[from] psn\n|upkeep\n|turn|170\n|inactive|Serena1111\u805a\u6c14\u5384\u9b3c\u692a has 15 seconds left this turn.\n|n|\u2606Miku Nakano ily|mikunakanoily\n|n|\u2606Serena1111\u805a\u6c14\u5384\u9b3c\u692a|serena1111\n|n| LucksmanDMormon|lucksmandmormon\n|n| The power of ROCK|thepowerofrock\n|n| Darkortex|darkortex\n|n| Potatofromsinnoh|potatofromsinnoh\n|n|%Sulo|sulo\n|n| Loserest Test|loseresttest\n|n| walpurgisnuit|walpurgisnuit\n|-message|Miku Nakano ily forfeited.\n|\n|win|Serena1111\u805a\u6c14\u5384\u9b3c\u692a\n|inactive|Serena1111\u805a\u6c14\u5384\u9b3c\u692a has 20 seconds left this turn.\n|c|\u2606Serena1111\u805a\u6c14\u5384\u9b3c\u692a|ok\n","uploadtime":1700296641,"views":15,"p1id":"mikunakanoily","p2id":"serena1111","formatid":"gen9nationaldex","rating":0,"private":0,"password":""}