{"id":"gen9nationaldex-1990132471","p1":"Kuzwa","p2":"KingoftheTitans","format":"[Gen 9] National Dex","log":"|j|\u2606Kuzwa\n|j|\u2606KingoftheTitans\n|t:|1699928052\n|gametype|singles\n|player|p1|Kuzwa|parasollady|\n|player|p2|KingoftheTitans|266|\n|teamsize|p1|6\n|teamsize|p2|6\n|gen|9\n|tier|[Gen 9] National Dex\n|rule|HP Percentage Mod: HP is shown in percentages\n|rule|Endless Battle Clause: Forcing endless battles is banned\n|rule|OHKO Clause: OHKO moves are banned\n|rule|Evasion Clause: Evasion abilities, items, and moves are banned\n|rule|Evasion Abilities Clause: Evasion abilities are banned\n|rule|Evasion Items Clause: Evasion items are banned\n|rule|Evasion Moves Clause: Evasion moves are banned\n|rule|Species Clause: Limit one of each Pok\u00e9mon\n|rule|Sleep Clause Mod: Limit one foe put to sleep\n|clearpoke\n|poke|p1|Gallade, M|\n|poke|p1|Kartana|\n|poke|p1|Weavile, M|\n|poke|p1|Ogerpon-Wellspring, F|\n|poke|p1|Zeraora|\n|poke|p1|Glimmora, M|\n|poke|p2|Garchomp, M|\n|poke|p2|Sneasler, M|\n|poke|p2|Tapu Fini|\n|poke|p2|Slowking-Galar, M|\n|poke|p2|Gliscor, M|\n|poke|p2|Great Tusk|\n|teampreview\n|\n|t:|1699928060\n|start\n|switch|p1a: Junpei Iori|Weavile, M, shiny|100\/100\n|switch|p2a: Tapu Fini|Tapu Fini|100\/100\n|-fieldstart|move: Misty Terrain|[from] ability: Misty Surge|[of] p2a: Tapu Fini\n|turn|1\n|\n|t:|1699928066\n|move|p1a: Junpei Iori|Ice Spinner|p2a: Tapu Fini\n|-resisted|p2a: Tapu Fini\n|-damage|p2a: Tapu Fini|79\/100\n|-fieldend|Misty Terrain\n|move|p2a: Tapu Fini|Moonblast|p1a: Junpei Iori\n|-supereffective|p1a: Junpei Iori\n|-enditem|p1a: Junpei Iori|Focus Sash\n|-damage|p1a: Junpei Iori|1\/100\n|-unboost|p1a: Junpei Iori|spa|1\n|\n|-heal|p2a: Tapu Fini|85\/100|[from] item: Leftovers\n|upkeep\n|turn|2\n|\n|t:|1699928079\n|move|p1a: Junpei Iori|Ice Spinner|p2a: Tapu Fini\n|-resisted|p2a: Tapu Fini\n|-damage|p2a: Tapu Fini|63\/100\n|move|p2a: Tapu Fini|Ice Beam|p1a: Junpei Iori\n|-resisted|p1a: Junpei Iori\n|-damage|p1a: Junpei Iori|0 fnt\n|faint|p1a: Junpei Iori\n|\n|-heal|p2a: Tapu Fini|69\/100|[from] item: Leftovers\n|upkeep\n|\n|t:|1699928083\n|switch|p1a: thing|Glimmora, M|100\/100\n|-item|p1a: thing|Air Balloon\n|turn|3\n|c|\u2606KingoftheTitans|No Knock Off?\n|\n|t:|1699928090\n|move|p1a: thing|Sludge Wave|p2a: Tapu Fini\n|-supereffective|p2a: Tapu Fini\n|-damage|p2a: Tapu Fini|0 fnt\n|faint|p2a: Tapu Fini\n|\n|upkeep\n|\n|t:|1699928096\n|switch|p2a: Gliscor|Gliscor, M|100\/100\n|turn|4\n|c|\u2606Kuzwa|Knock off cringe\n|\n|t:|1699928106\n|move|p2a: Gliscor|Stealth Rock|p1a: thing\n|-sidestart|p1: Kuzwa|move: Stealth Rock\n|move|p1a: thing|Power Gem|p2a: Gliscor\n|-damage|p2a: Gliscor|43\/100\n|\n|-status|p2a: Gliscor|tox|[from] item: Toxic Orb\n|upkeep\n|turn|5\n|\n|t:|1699928136\n|switch|p2a: Garchomp|Garchomp, M, shiny|100\/100\n|move|p1a: thing|Power Gem|p2a: Garchomp\n|-resisted|p2a: Garchomp\n|-damage|p2a: Garchomp|79\/100\n|\n|upkeep\n|turn|6\n|\n|t:|1699928142\n|detailschange|p2a: Garchomp|Garchomp-Mega, M, shiny\n|-mega|p2a: Garchomp|Garchomp|Garchompite\n|move|p2a: Garchomp|Swords Dance|p2a: Garchomp\n|-boost|p2a: Garchomp|atk|2\n|move|p1a: thing|Sludge Wave|p2a: Garchomp\n|-resisted|p2a: Garchomp\n|-crit|p2a: Garchomp\n|-damage|p2a: Garchomp|44\/100\n|\n|upkeep\n|turn|7\n|\n|t:|1699928151\n|move|p2a: Garchomp|Scale Shot|p1a: thing\n|-damage|p1a: thing|59\/100\n|-activate|p1a: thing|ability: Toxic Debris\n|-sidestart|p2: KingoftheTitans|move: Toxic Spikes\n|-enditem|p1a: thing|Air Balloon\n|-damage|p1a: thing|21\/100\n|-activate|p1a: thing|ability: Toxic Debris\n|-sidestart|p2: KingoftheTitans|move: Toxic Spikes\n|-damage|p1a: thing|0 fnt\n|faint|p1a: thing\n|-hitcount|p1: thing|3\n|-unboost|p2a: Garchomp|def|1\n|-boost|p2a: Garchomp|spe|1\n|\n|upkeep\n|\n|t:|1699928166\n|switch|p1a: Ken Amada|Zeraora|100\/100\n|-damage|p1a: Ken Amada|88\/100|[from] Stealth Rock\n|turn|8\n|\n|t:|1699928169\n|move|p1a: Ken Amada|Fake Out|p2a: Garchomp\n|-damage|p2a: Garchomp|29\/100\n|cant|p2a: Garchomp|flinch\n|\n|upkeep\n|turn|9\n|\n|t:|1699928175\n|switch|p1a: Makoto Yuki|Kartana, shiny|100\/100\n|-damage|p1a: Makoto Yuki|94\/100|[from] Stealth Rock\n|move|p2a: Garchomp|Earthquake|p1a: Makoto Yuki\n|-damage|p1a: Makoto Yuki|0 fnt\n|faint|p1a: Makoto Yuki\n|\n|upkeep\n|\n|t:|1699928181\n|switch|p1a: Ken Amada|Zeraora|88\/100\n|-damage|p1a: Ken Amada|76\/100|[from] Stealth Rock\n|turn|10\n|\n|t:|1699928185\n|move|p1a: Ken Amada|Fake Out|p2a: Garchomp\n|-damage|p2a: Garchomp|11\/100\n|cant|p2a: Garchomp|flinch\n|\n|upkeep\n|turn|11\n|\n|t:|1699928190\n|-terastallize|p1a: Ken Amada|Flying\n|move|p2a: Garchomp|Scale Shot|p1a: Ken Amada\n|-damage|p1a: Ken Amada|31\/100\n|-damage|p1a: Ken Amada|0 fnt\n|faint|p1a: Ken Amada\n|-hitcount|p1: Ken Amada|2\n|-unboost|p2a: Garchomp|def|1\n|-boost|p2a: Garchomp|spe|1\n|\n|upkeep\n|\n|t:|1699928198\n|switch|p1a: Aigis|Ogerpon-Wellspring, F|100\/100\n|-damage|p1a: Aigis|88\/100|[from] Stealth Rock\n|turn|12\n|\n|t:|1699928203\n|move|p2a: Garchomp|Scale Shot|p1a: Aigis\n|-damage|p1a: Aigis|48\/100\n|-damage|p1a: Aigis|3\/100\n|-damage|p1a: Aigis|0 fnt\n|faint|p1a: Aigis\n|-hitcount|p1: Aigis|3\n|-unboost|p2a: Garchomp|def|1\n|-boost|p2a: Garchomp|spe|1\n|\n|upkeep\n|\n|t:|1699928207\n|switch|p1a: Ryoji Mochizuki|Gallade, M, shiny|100\/100\n|-damage|p1a: Ryoji Mochizuki|94\/100|[from] Stealth Rock\n|turn|13\n|\n|t:|1699928214\n|move|p2a: Garchomp|Earthquake|p1a: Ryoji Mochizuki\n|-damage|p1a: Ryoji Mochizuki|0 fnt\n|faint|p1a: Ryoji Mochizuki\n|\n|win|KingoftheTitans\n|c|\u2606KingoftheTitans|gg\n|c|\u2606Kuzwa|Gg\n|c|\u2606KingoftheTitans|Thank you for the rematch\n","uploadtime":1699928233,"views":32,"p1id":"kuzwa","p2id":"kingofthetitans","formatid":"gen9nationaldex","rating":0,"private":0,"password":""}