{"id":"gen9nationaldex-1990752781","p1":"grassman725","p2":"dexagon","format":"[Gen 9] National Dex","log":"|j|\u2606grassman725\n|j|\u2606dexagon\n|t:|1699997558\n|gametype|singles\n|player|p1|grassman725|lusamine-nihilego|1656\n|player|p2|dexagon|170|1493\n|teamsize|p1|6\n|teamsize|p2|6\n|gen|9\n|tier|[Gen 9] National Dex\n|rated|\n|rule|HP Percentage Mod: HP is shown in percentages\n|rule|Endless Battle Clause: Forcing endless battles is banned\n|rule|OHKO Clause: OHKO moves are banned\n|rule|Evasion Clause: Evasion abilities, items, and moves are banned\n|rule|Evasion Abilities Clause: Evasion abilities are banned\n|rule|Evasion Items Clause: Evasion items are banned\n|rule|Evasion Moves Clause: Evasion moves are banned\n|rule|Species Clause: Limit one of each Pok\u00e9mon\n|rule|Sleep Clause Mod: Limit one foe put to sleep\n|clearpoke\n|poke|p1|Slither Wing|\n|poke|p1|Greninja-*, M|\n|poke|p1|Zapdos|\n|poke|p1|Garganacl, F|\n|poke|p1|Zamazenta-*|\n|poke|p1|Altaria, F|\n|poke|p2|Tyranitar, F|\n|poke|p2|Hippowdon, M|\n|poke|p2|Diancie|\n|poke|p2|Excadrill, M|\n|poke|p2|Dracozolt|\n|poke|p2|Corviknight, F|\n|teampreview\n|\n|t:|1699997564\n|start\n|switch|p1a: Greninja|Greninja, M|100\/100\n|switch|p2a: Hippowdon|Hippowdon, M|100\/100\n|-weather|Sandstorm|[from] ability: Sand Stream|[of] p2a: Hippowdon\n|turn|1\n|inactive|Battle timer is ON: inactive players will automatically lose when time's up. (requested by grassman725)\n|\n|t:|1699997570\n|switch|p2a: Dracozolt|Dracozolt|100\/100\n|move|p1a: Greninja|Hydro Pump|p2a: Dracozolt\n|-resisted|p2a: Dracozolt\n|-damage|p2a: Dracozolt|57\/100\n|-damage|p1a: Greninja|91\/100|[from] item: Life Orb\n|\n|-weather|Sandstorm|[upkeep]\n|-damage|p1a: Greninja|85\/100|[from] Sandstorm\n|upkeep\n|turn|2\n|\n|t:|1699997586\n|switch|p1a: Garganacl|Garganacl, F|100\/100\n|move|p2a: Dracozolt|Bolt Beak|p1a: Garganacl\n|-damage|p1a: Garganacl|28\/100\n|-damage|p2a: Dracozolt|47\/100|[from] item: Life Orb\n|\n|-weather|Sandstorm|[upkeep]\n|-heal|p1a: Garganacl|34\/100|[from] item: Leftovers\n|upkeep\n|turn|3\n|\n|t:|1699997592\n|move|p2a: Dracozolt|Bolt Beak|p1a: Garganacl\n|-damage|p1a: Garganacl|0 fnt\n|faint|p1a: Garganacl\n|-damage|p2a: Dracozolt|37\/100|[from] item: Life Orb\n|\n|-weather|Sandstorm|[upkeep]\n|upkeep\n|\n|t:|1699997596\n|switch|p1a: Zamazenta|Zamazenta|100\/100\n|-ability|p1a: Zamazenta|Dauntless Shield|boost\n|-boost|p1a: Zamazenta|def|1\n|turn|4\n|\n|t:|1699997603\n|switch|p2a: Corviknight|Corviknight, F|100\/100\n|-ability|p2a: Corviknight|Pressure\n|move|p1a: Zamazenta|Ice Fang|p2a: Corviknight\n|-damage|p2a: Corviknight|86\/100\n|\n|-weather|Sandstorm|[upkeep]\n|-damage|p1a: Zamazenta|94\/100|[from] Sandstorm\n|-heal|p2a: Corviknight|92\/100|[from] item: Leftovers\n|upkeep\n|turn|5\n|\n|t:|1699997610\n|move|p1a: Zamazenta|Howl|p1a: Zamazenta\n|-boost|p1a: Zamazenta|atk|1\n|move|p2a: Corviknight|Brave Bird|p1a: Zamazenta\n|-supereffective|p1a: Zamazenta\n|-damage|p1a: Zamazenta|37\/100\n|-damage|p2a: Corviknight|75\/100|[from] Recoil\n|\n|-weather|Sandstorm|[upkeep]\n|-damage|p1a: Zamazenta|31\/100|[from] Sandstorm\n|-heal|p2a: Corviknight|81\/100|[from] item: Leftovers\n|upkeep\n|turn|6\n|\n|t:|1699997616\n|-zpower|p1a: Zamazenta\n|move|p1a: Zamazenta|Gigavolt Havoc|p2a: Corviknight|[zeffect]\n|-supereffective|p2a: Corviknight\n|-damage|p2a: Corviknight|4\/100\n|move|p2a: Corviknight|Brave Bird|p1a: Zamazenta\n|-supereffective|p1a: Zamazenta\n|-damage|p1a: Zamazenta|0 fnt\n|faint|p1a: Zamazenta\n|-damage|p2a: Corviknight|0 fnt|[from] Recoil\n|faint|p2a: Corviknight\n|\n|-weather|Sandstorm|[upkeep]\n|upkeep\n|\n|t:|1699997629\n|switch|p1a: Slither Wing|Slither Wing|100\/100\n|switch|p2a: Dracozolt|Dracozolt|37\/100\n|turn|7\n|\n|t:|1699997635\n|switch|p2a: Hippowdon|Hippowdon, M|100\/100\n|move|p1a: Slither Wing|First Impression|p2a: Hippowdon\n|-damage|p2a: Hippowdon|58\/100\n|\n|-weather|Sandstorm|[upkeep]\n|-damage|p1a: Slither Wing|94\/100|[from] Sandstorm\n|upkeep\n|turn|8\n|\n|t:|1699997646\n|-end|p1a: Slither Wing|Protosynthesis|[silent]\n|switch|p1a: Greninja|Greninja, M|85\/100\n|move|p2a: Hippowdon|Slack Off|p2a: Hippowdon\n|-heal|p2a: Hippowdon|100\/100\n|\n|-weather|none\n|upkeep\n|turn|9\n|\n|t:|1699997651\n|switch|p2a: Tyranitar|Tyranitar, F|100\/100\n|-weather|Sandstorm|[from] ability: Sand Stream|[of] p2a: Tyranitar\n|move|p1a: Greninja|Hydro Pump|p2a: Tyranitar|[miss]\n|-miss|p1a: Greninja|p2a: Tyranitar\n|\n|-weather|Sandstorm|[upkeep]\n|-damage|p1a: Greninja|79\/100|[from] Sandstorm\n|upkeep\n|turn|10\n|\n|t:|1699997664\n|switch|p1a: Slither Wing|Slither Wing|94\/100\n|-terastallize|p2a: Tyranitar|Dark\n|move|p2a: Tyranitar|Power-Up Punch|p1a: Slither Wing\n|-resisted|p1a: Slither Wing\n|-crit|p1a: Slither Wing\n|-damage|p1a: Slither Wing|81\/100\n|-boost|p2a: Tyranitar|atk|1\n|\n|-weather|Sandstorm|[upkeep]\n|-damage|p1a: Slither Wing|75\/100|[from] Sandstorm\n|-damage|p2a: Tyranitar|94\/100|[from] Sandstorm\n|upkeep\n|turn|11\n|\n|t:|1699997671\n|switch|p2a: Hippowdon|Hippowdon, M|100\/100\n|move|p1a: Slither Wing|U-turn|p2a: Hippowdon\n|-damage|p2a: Hippowdon|67\/100\n|\n|t:|1699997673\n|-end|p1a: Slither Wing|Protosynthesis|[silent]\n|switch|p1a: Greninja|Greninja, M|79\/100|[from] U-turn\n|\n|-weather|Sandstorm|[upkeep]\n|-damage|p1a: Greninja|73\/100|[from] Sandstorm\n|upkeep\n|turn|12\n|\n|t:|1699997679\n|switch|p2a: Tyranitar|Tyranitar, F, tera:Dark|94\/100\n|-terastallize|p1a: Greninja|Water\n|move|p1a: Greninja|Hydro Pump|p2a: Tyranitar\n|-damage|p2a: Tyranitar|52\/100\n|-damage|p1a: Greninja|63\/100|[from] item: Life Orb\n|\n|-weather|Sandstorm|[upkeep]\n|-damage|p1a: Greninja|57\/100|[from] Sandstorm\n|-damage|p2a: Tyranitar|45\/100|[from] Sandstorm\n|upkeep\n|turn|13\n|\n|t:|1699997687\n|switch|p1a: Zapdos|Zapdos|100\/100\n|move|p2a: Tyranitar|Stone Edge|p1a: Zapdos|[miss]\n|-miss|p2a: Tyranitar|p1a: Zapdos\n|\n|-weather|none\n|upkeep\n|turn|14\n|\n|t:|1699997693\n|switch|p2a: Hippowdon|Hippowdon, M|67\/100\n|-weather|Sandstorm|[from] ability: Sand Stream|[of] p2a: Hippowdon\n|move|p1a: Zapdos|Hurricane|p2a: Hippowdon|[miss]\n|-miss|p1a: Zapdos|p2a: Hippowdon\n|\n|-weather|Sandstorm|[upkeep]\n|-damage|p1a: Zapdos|94\/100|[from] Sandstorm\n|upkeep\n|turn|15\n|\n|t:|1699997703\n|switch|p1a: Slither Wing|Slither Wing|75\/100\n|switch|p2a: Diancie|Diancie|100\/100\n|\n|-weather|Sandstorm|[upkeep]\n|-damage|p1a: Slither Wing|69\/100|[from] Sandstorm\n|upkeep\n|turn|16\n|\n|t:|1699997709\n|detailschange|p2a: Diancie|Diancie-Mega\n|-mega|p2a: Diancie|Diancie|Diancite\n|move|p2a: Diancie|Diamond Storm|p1a: Slither Wing\n|-crit|p1a: Slither Wing\n|-damage|p1a: Slither Wing|0 fnt\n|faint|p1a: Slither Wing\n|-end|p1a: Slither Wing|Protosynthesis|[silent]\n|\n|-weather|Sandstorm|[upkeep]\n|upkeep\n|\n|t:|1699997710\n|switch|p1a: Greninja|Greninja, M, tera:Water|57\/100\n|turn|17\n|\n|t:|1699997719\n|switch|p2a: Tyranitar|Tyranitar, F, tera:Dark|45\/100\n|move|p1a: Greninja|Hydro Pump|p2a: Tyranitar\n|-damage|p2a: Tyranitar|0 fnt\n|faint|p2a: Tyranitar\n|-ability|p1a: Greninja|Battle Bond|boost\n|-boost|p1a: Greninja|atk|1\n|-boost|p1a: Greninja|spa|1\n|-boost|p1a: Greninja|spe|1\n|-activate|p1a: Greninja|ability: Battle Bond\n|-damage|p1a: Greninja|47\/100|[from] item: Life Orb\n|\n|-weather|Sandstorm|[upkeep]\n|-damage|p1a: Greninja|41\/100|[from] Sandstorm\n|upkeep\n|\n|t:|1699997723\n|switch|p2a: Dracozolt|Dracozolt|37\/100\n|turn|18\n|\n|t:|1699997727\n|move|p1a: Greninja|Water Shuriken|p2a: Dracozolt\n|-resisted|p2a: Dracozolt\n|-damage|p2a: Dracozolt|25\/100\n|-resisted|p2a: Dracozolt\n|-damage|p2a: Dracozolt|12\/100\n|-hitcount|p2a: Dracozolt|2\n|-damage|p1a: Greninja|31\/100|[from] item: Life Orb\n|move|p2a: Dracozolt|Bolt Beak|p1a: Greninja\n|-supereffective|p1a: Greninja\n|-damage|p1a: Greninja|0 fnt\n|faint|p1a: Greninja\n|-damage|p2a: Dracozolt|2\/100|[from] item: Life Orb\n|\n|-weather|Sandstorm|[upkeep]\n|upkeep\n|\n|t:|1699997732\n|switch|p1a: Zapdos|Zapdos|94\/100\n|turn|19\n|\n|t:|1699997735\n|move|p2a: Dracozolt|Bolt Beak|p1a: Zapdos\n|-damage|p1a: Zapdos|9\/100\n|-damage|p2a: Dracozolt|0 fnt|[from] item: Life Orb\n|faint|p2a: Dracozolt\n|move|p1a: Zapdos|Roost|p1a: Zapdos\n|-heal|p1a: Zapdos|59\/100\n|-singleturn|p1a: Zapdos|move: Roost\n|\n|-weather|Sandstorm|[upkeep]\n|-damage|p1a: Zapdos|53\/100|[from] Sandstorm\n|upkeep\n|\n|t:|1699997741\n|switch|p2a: Diancie|Diancie-Mega|100\/100\n|turn|20\n|\n|t:|1699997744\n|move|p2a: Diancie|Moonblast|p1a: Zapdos\n|-damage|p1a: Zapdos|0 fnt\n|faint|p1a: Zapdos\n|\n|-weather|Sandstorm|[upkeep]\n|upkeep\n|\n|t:|1699997745\n|switch|p1a: Altaria|Altaria, F|100\/100\n|turn|21\n|\n|t:|1699997750\n|detailschange|p1a: Altaria|Altaria-Mega, F\n|-mega|p1a: Altaria|Altaria|Altarianite\n|move|p2a: Diancie|Moonblast|p1a: Altaria\n|-supereffective|p1a: Altaria\n|-damage|p1a: Altaria|0 fnt\n|faint|p1a: Altaria\n|\n|win|dexagon\n|raw|grassman725's rating: 1656 &rarr; <strong>1627<\/strong><br \/>(-29 for losing)\n|raw|dexagon's rating: 1493 &rarr; <strong>1522<\/strong><br \/>(+29 for winning)\n|l|\u2606grassman725\n","uploadtime":1699997761,"views":4,"p1id":"grassman725","p2id":"dexagon","formatid":"gen9nationaldex","rating":1522,"private":0,"password":""}