{"id":"gen9nationaldex-1999416536","p1":"Replica1","p2":"DR4N","format":"[Gen 9] National Dex","log":"|html|<div class=\"broadcast-blue\"><strong>[Gen 9] National Dex is currently suspecting Sneasler! For information on how to participate check out the <a href=\"https:\/\/www.smogon.com\/forums\/threads\/sv-national-dex-suspect-8-just-dance.3731534\/\">suspect thread<\/a>.<\/strong><\/div>\n|j|\u2606Replica1\n|j|\u2606DR4N\n|t:|1701076928\n|gametype|singles\n|player|p1|Replica1|lady|1045\n|player|p2|DR4N|lucas-gen4pt|1055\n|teamsize|p1|6\n|teamsize|p2|6\n|gen|9\n|tier|[Gen 9] National Dex\n|rated|\n|rule|HP Percentage Mod: HP is shown in percentages\n|rule|Endless Battle Clause: Forcing endless battles is banned\n|rule|OHKO Clause: OHKO moves are banned\n|rule|Evasion Clause: Evasion abilities, items, and moves are banned\n|rule|Evasion Abilities Clause: Evasion abilities are banned\n|rule|Evasion Items Clause: Evasion items are banned\n|rule|Evasion Moves Clause: Evasion moves are banned\n|rule|Species Clause: Limit one of each Pok\u00e9mon\n|rule|Sleep Clause Mod: Limit one foe put to sleep\n|clearpoke\n|poke|p1|Kommo-o, F|\n|poke|p1|Aegislash, F|\n|poke|p1|Toxapex, F|\n|poke|p1|Tornadus-Therian, M|\n|poke|p1|Tapu Koko|\n|poke|p1|Sneasler, F|\n|poke|p2|Oshawott, M|\n|poke|p2|Lycanroc-Dusk, M|\n|poke|p2|Pawmot, F|\n|poke|p2|Clodsire, M|\n|poke|p2|Gogoat, M|\n|poke|p2|Arcanine, M|\n|teampreview\n|inactive|Battle timer is ON: inactive players will automatically lose when time's up. (requested by Replica1)\n|\n|t:|1701076935\n|start\n|switch|p1a: Tapu Koko|Tapu Koko|100\/100\n|switch|p2a: Goat-Test|Gogoat, M, shiny|100\/100\n|-fieldstart|move: Electric Terrain|[from] ability: Electric Surge|[of] p1a: Tapu Koko\n|turn|1\n|\n|t:|1701076941\n|move|p1a: Tapu Koko|Light Screen|p1a: Tapu Koko\n|-sidestart|p1: Replica1|move: Light Screen\n|move|p2a: Goat-Test|Leech Seed|p1a: Tapu Koko\n|-start|p1a: Tapu Koko|move: Leech Seed\n|\n|-damage|p1a: Tapu Koko|88\/100|[from] Leech Seed|[of] p2a: Goat-Test\n|upkeep\n|turn|2\n|\n|t:|1701076956\n|switch|p2a: Arca-Test|Arcanine, M, shiny|100\/100\n|move|p1a: Tapu Koko|Reflect|p1a: Tapu Koko\n|-sidestart|p1: Replica1|Reflect\n|\n|-damage|p1a: Tapu Koko|75\/100|[from] Leech Seed|[of] p2a: Arca-Test\n|upkeep\n|turn|3\n|\n|t:|1701076973\n|move|p1a: Tapu Koko|Volt Switch|p2a: Arca-Test\n|-damage|p2a: Arca-Test|60\/100\n|\n|t:|1701076977\n|switch|p1a: Sneasler|Sneasler, F|100\/100|[from] Volt Switch\n|-enditem|p1a: Sneasler|Electric Seed\n|-boost|p1a: Sneasler|def|1|[from] item: Electric Seed\n|move|p2a: Arca-Test|Hyper Voice|p1a: Sneasler\n|-damage|p1a: Sneasler|82\/100\n|-enditem|p2a: Arca-Test|Throat Spray\n|-boost|p2a: Arca-Test|spa|1|[from] item: Throat Spray\n|\n|upkeep\n|turn|4\n|\n|t:|1701076989\n|move|p1a: Sneasler|Swords Dance|p1a: Sneasler\n|-boost|p1a: Sneasler|atk|2\n|move|p2a: Arca-Test|Hyper Beam|p1a: Sneasler\n|-damage|p1a: Sneasler|35\/100\n|-mustrecharge|p2a: Arca-Test\n|\n|upkeep\n|turn|5\n|\n|t:|1701076997\n|-terastallize|p1a: Sneasler|Flying\n|move|p1a: Sneasler|Acrobatics|p2a: Arca-Test\n|-damage|p2a: Arca-Test|0 fnt\n|faint|p2a: Arca-Test\n|\n|-fieldend|move: Electric Terrain\n|upkeep\n|\n|t:|1701077008\n|switch|p2a: Osha-Test|Oshawott, M, shiny|100\/100\n|turn|6\n|\n|t:|1701077012\n|move|p1a: Sneasler|Acrobatics|p2a: Osha-Test\n|-enditem|p2a: Osha-Test|Focus Sash\n|-damage|p2a: Osha-Test|1\/100\n|move|p2a: Osha-Test|Avalanche|p1a: Sneasler\n|-supereffective|p1a: Sneasler\n|-damage|p1a: Sneasler|6\/100\n|\n|upkeep\n|turn|7\n|\n|t:|1701077020\n|move|p2a: Osha-Test|Aqua Jet|p1a: Sneasler\n|-damage|p1a: Sneasler|0 fnt\n|faint|p1a: Sneasler\n|\n|upkeep\n|\n|t:|1701077028\n|switch|p1a: Tapu Koko|Tapu Koko|75\/100\n|-fieldstart|move: Electric Terrain|[from] ability: Electric Surge|[of] p1a: Tapu Koko\n|turn|8\n|\n|t:|1701077039\n|switch|p2a: Clod-Test|Clodsire, M, shiny|100\/100\n|move|p1a: Tapu Koko|Volt Switch|p2a: Clod-Test\n|-immune|p2a: Clod-Test\n|\n|-sideend|p1: Replica1|move: Light Screen\n|upkeep\n|turn|9\n|\n|t:|1701077048\n|move|p1a: Tapu Koko|Light Screen|p1a: Tapu Koko\n|-sidestart|p1: Replica1|move: Light Screen\n|move|p2a: Clod-Test|Stealth Rock|p1a: Tapu Koko\n|-sidestart|p1: Replica1|move: Stealth Rock\n|\n|-sideend|p1: Replica1|Reflect\n|upkeep\n|turn|10\n|\n|t:|1701077054\n|move|p1a: Tapu Koko|Reflect|p1a: Tapu Koko\n|-sidestart|p1: Replica1|Reflect\n|move|p2a: Clod-Test|Earthquake|p1a: Tapu Koko\n|-supereffective|p1a: Tapu Koko\n|-damage|p1a: Tapu Koko|45\/100\n|\n|upkeep\n|turn|11\n|\n|t:|1701077063\n|switch|p1a: Tornadus|Tornadus-Therian, M|100\/100\n|-damage|p1a: Tornadus|76\/100|[from] Stealth Rock\n|move|p2a: Clod-Test|Earthquake|p1a: Tornadus\n|-immune|p1a: Tornadus\n|\n|upkeep\n|turn|12\n|\n|t:|1701077078\n|switch|p2a: Goat-Test|Gogoat, M, shiny|100\/100\n|move|p1a: Tornadus|Nasty Plot|p1a: Tornadus\n|-boost|p1a: Tornadus|spa|2\n|\n|-fieldend|move: Electric Terrain\n|upkeep\n|turn|13\n|\n|t:|1701077087\n|move|p1a: Tornadus|Bleakwind Storm|p2a: Goat-Test\n|-supereffective|p2a: Goat-Test\n|-damage|p2a: Goat-Test|0 fnt\n|faint|p2a: Goat-Test\n|\n|upkeep\n|\n|t:|1701077091\n|switch|p2a: Paw-Test|Pawmot, F, shiny|100\/100\n|turn|14\n|\n|t:|1701077100\n|move|p1a: Tornadus|Heat Wave|p2a: Paw-Test\n|-damage|p2a: Paw-Test|20\/100\n|move|p2a: Paw-Test|Nuzzle|p1a: Tornadus\n|-supereffective|p1a: Tornadus\n|-damage|p1a: Tornadus|65\/100\n|-status|p1a: Tornadus|par\n|\n|upkeep\n|turn|15\n|\n|t:|1701077111\n|move|p2a: Paw-Test|Revival Blessing|p2a: Paw-Test\n|\n|t:|1701077113\n|-heal|p2: Arca-Test|50\/100|[from] move: Revival Blessing\n|cant|p1a: Tornadus|par\n|\n|upkeep\n|turn|16\n|\n|t:|1701077118\n|move|p2a: Paw-Test|Rest|p2a: Paw-Test\n|-status|p2a: Paw-Test|slp|[from] move: Rest\n|-heal|p2a: Paw-Test|100\/100 slp|[silent]\n|cant|p1a: Tornadus|par\n|\n|-sideend|p1: Replica1|move: Light Screen\n|upkeep\n|turn|17\n|\n|t:|1701077125\n|cant|p2a: Paw-Test|slp\n|move|p2a: Paw-Test|Sleep Talk|p2a: Paw-Test\n|move|p2a: Paw-Test|Revival Blessing|p2a: Paw-Test|[from]move: Sleep Talk\n|\n|t:|1701077129\n|-heal|p2: Goat-Test|50\/100|[from] move: Revival Blessing\n|cant|p1a: Tornadus|par\n|\n|-sideend|p1: Replica1|Reflect\n|upkeep\n|turn|18\n|\n|t:|1701077135\n|-curestatus|p2a: Paw-Test|slp|[from] ability: Natural Cure\n|switch|p2a: Clod-Test|Clodsire, M, shiny|100\/100\n|move|p1a: Tornadus|Heat Wave|p2a: Clod-Test\n|-damage|p2a: Clod-Test|85\/100\n|\n|-heal|p2a: Clod-Test|91\/100|[from] item: Leftovers\n|upkeep\n|turn|19\n|\n|t:|1701077155\n|switch|p2a: Lycan-Test|Lycanroc-Dusk, M, shiny|100\/100\n|cant|p1a: Tornadus|par\n|\n|upkeep\n|turn|20\n|\n|t:|1701077163\n|move|p2a: Lycan-Test|Accelerock|p1a: Tornadus\n|-supereffective|p1a: Tornadus\n|-damage|p1a: Tornadus|0 fnt\n|faint|p1a: Tornadus\n|-damage|p2a: Lycan-Test|91\/100|[from] item: Life Orb\n|\n|upkeep\n|-message|Replica1 forfeited.\n|\n|win|DR4N\n|raw|Replica1's rating: 1045 &rarr; <strong>1029<\/strong><br \/>(-16 for losing)\n|raw|DR4N's rating: 1055 &rarr; <strong>1086<\/strong><br \/>(+31 for winning)\n|l|\u2606Replica1\n","uploadtime":1701077180,"views":25,"p1id":"replica1","p2id":"dr4n","formatid":"gen9nationaldex","rating":1029,"private":0,"password":""}