{"id":"gen9nationaldex-1988198078","p1":"Dancingfish","p2":"feeeefb","format":"[Gen 9] National Dex","log":"|j|\u2606Dancingfish\n|j|\u2606feeeefb\n|t:|1699683601\n|gametype|singles\n|player|p1|Dancingfish|raihan|1237\n|player|p2|feeeefb|fantina|1257\n|teamsize|p1|6\n|teamsize|p2|6\n|gen|9\n|tier|[Gen 9] National Dex\n|rated|\n|rule|HP Percentage Mod: HP is shown in percentages\n|rule|Endless Battle Clause: Forcing endless battles is banned\n|rule|OHKO Clause: OHKO moves are banned\n|rule|Evasion Clause: Evasion abilities, items, and moves are banned\n|rule|Evasion Abilities Clause: Evasion abilities are banned\n|rule|Evasion Items Clause: Evasion items are banned\n|rule|Evasion Moves Clause: Evasion moves are banned\n|rule|Species Clause: Limit one of each Pok\u00e9mon\n|rule|Sleep Clause Mod: Limit one foe put to sleep\n|clearpoke\n|poke|p1|Heatran, F|\n|poke|p1|Ogerpon-Wellspring, F|\n|poke|p1|Zapdos|\n|poke|p1|Lopunny, F|\n|poke|p1|Garchomp, F|\n|poke|p1|Slowking-Galar, M|\n|poke|p2|Breloom, F|\n|poke|p2|Ribombee, F|\n|poke|p2|Zamazenta-*|\n|poke|p2|Iron Treads|\n|poke|p2|Dragonite, F|\n|poke|p2|Electrode-Hisui|\n|teampreview\n|\n|t:|1699683614\n|start\n|switch|p1a: Ogerpon|Ogerpon-Wellspring, F|100\/100\n|switch|p2a: Zamazenta|Zamazenta|100\/100\n|-ability|p2a: Zamazenta|Dauntless Shield|boost\n|-boost|p2a: Zamazenta|def|1\n|turn|1\n|\n|t:|1699683623\n|switch|p1a: Zapdos|Zapdos|100\/100\n|move|p2a: Zamazenta|Reflect|p2a: Zamazenta\n|-sidestart|p2: feeeefb|Reflect\n|\n|upkeep\n|turn|2\n|inactive|Battle timer is ON: inactive players will automatically lose when time's up. (requested by Dancingfish)\n|\n|t:|1699683653\n|move|p2a: Zamazenta|Light Screen|p2a: Zamazenta\n|-sidestart|p2: feeeefb|move: Light Screen\n|move|p1a: Zapdos|Volt Switch|p2a: Zamazenta\n|-damage|p2a: Zamazenta|89\/100\n|\n|t:|1699683670\n|switch|p1a: Garchomp|Garchomp, F|100\/100|[from] Volt Switch\n|\n|upkeep\n|turn|3\n|\n|t:|1699683673\n|move|p1a: Garchomp|Stealth Rock|p2a: Zamazenta\n|-sidestart|p2: feeeefb|move: Stealth Rock\n|move|p2a: Zamazenta|Body Press|p1a: Garchomp\n|-damage|p1a: Garchomp|47\/100\n|-damage|p2a: Zamazenta|77\/100|[from] ability: Rough Skin|[of] p1a: Garchomp\n|\n|upkeep\n|turn|4\n|\n|t:|1699683680\n|switch|p1a: Zapdos|Zapdos|100\/100\n|move|p2a: Zamazenta|Body Press|p1a: Zapdos\n|-resisted|p1a: Zapdos\n|-damage|p1a: Zapdos|80\/100\n|\n|upkeep\n|turn|5\n|\n|t:|1699683685\n|move|p2a: Zamazenta|Body Press|p1a: Zapdos\n|-resisted|p1a: Zapdos\n|-damage|p1a: Zapdos|58\/100\n|move|p1a: Zapdos|Hurricane|p2a: Zamazenta\n|-supereffective|p2a: Zamazenta\n|-damage|p2a: Zamazenta|46\/100\n|-start|p2a: Zamazenta|confusion\n|\n|upkeep\n|turn|6\n|\n|t:|1699683693\n|-activate|p2a: Zamazenta|confusion\n|-damage|p2a: Zamazenta|40\/100|[from] confusion\n|move|p1a: Zapdos|Roost|p1a: Zapdos\n|-heal|p1a: Zapdos|100\/100\n|-singleturn|p1a: Zapdos|move: Roost\n|\n|upkeep\n|turn|7\n|\n|t:|1699683701\n|-activate|p2a: Zamazenta|confusion\n|move|p2a: Zamazenta|Crunch|p1a: Zapdos\n|-damage|p1a: Zapdos|84\/100\n|move|p1a: Zapdos|Hurricane|p2a: Zamazenta|[miss]\n|-miss|p1a: Zapdos|p2a: Zamazenta\n|\n|upkeep\n|turn|8\n|\n|t:|1699683706\n|-activate|p2a: Zamazenta|confusion\n|move|p2a: Zamazenta|Crunch|p1a: Zapdos\n|-damage|p1a: Zapdos|68\/100\n|move|p1a: Zapdos|Hurricane|p2a: Zamazenta\n|-supereffective|p2a: Zamazenta\n|-damage|p2a: Zamazenta|10\/100\n|\n|-sideend|p2: feeeefb|Reflect\n|upkeep\n|turn|9\n|\n|t:|1699683714\n|-activate|p2a: Zamazenta|confusion\n|-damage|p2a: Zamazenta|4\/100|[from] confusion\n|move|p1a: Zapdos|Volt Switch|p2a: Zamazenta\n|-damage|p2a: Zamazenta|0 fnt\n|faint|p2a: Zamazenta\n|\n|t:|1699683726\n|switch|p1a: Lopunny|Lopunny, F|100\/100|[from] Volt Switch\n|\n|-sideend|p2: feeeefb|move: Light Screen\n|upkeep\n|\n|t:|1699683735\n|switch|p2a: Iron Treads|Iron Treads|100\/100\n|-damage|p2a: Iron Treads|97\/100|[from] Stealth Rock\n|turn|10\n|\n|t:|1699683750\n|detailschange|p1a: Lopunny|Lopunny-Mega, F\n|-mega|p1a: Lopunny|Lopunny|Lopunnite\n|move|p1a: Lopunny|Fake Out|p2a: Iron Treads\n|-resisted|p2a: Iron Treads\n|-damage|p2a: Iron Treads|87\/100\n|cant|p2a: Iron Treads|flinch\n|\n|-heal|p2a: Iron Treads|93\/100|[from] item: Leftovers\n|upkeep\n|turn|11\n|\n|t:|1699683765\n|-terastallize|p2a: Iron Treads|Ground\n|move|p1a: Lopunny|Close Combat|p2a: Iron Treads\n|-damage|p2a: Iron Treads|35\/100\n|-unboost|p1a: Lopunny|def|1\n|-unboost|p1a: Lopunny|spd|1\n|move|p2a: Iron Treads|Earthquake|p1a: Lopunny\n|-damage|p1a: Lopunny|0 fnt\n|faint|p1a: Lopunny\n|\n|-heal|p2a: Iron Treads|41\/100|[from] item: Leftovers\n|upkeep\n|\n|t:|1699683772\n|switch|p1a: Ogerpon|Ogerpon-Wellspring, F|100\/100\n|turn|12\n|\n|t:|1699683777\n|move|p1a: Ogerpon|Trailblaze|p2a: Iron Treads\n|-supereffective|p2a: Iron Treads\n|-damage|p2a: Iron Treads|0 fnt\n|-boost|p1a: Ogerpon|spe|1\n|faint|p2a: Iron Treads\n|-end|p2a: Iron Treads|Quark Drive|[silent]\n|\n|upkeep\n|\n|t:|1699683792\n|switch|p2a: Ribombee|Ribombee, F|100\/100\n|-damage|p2a: Ribombee|76\/100|[from] Stealth Rock\n|turn|13\n|\n|t:|1699683797\n|-terastallize|p1a: Ogerpon|Water\n|detailschange|p1a: Ogerpon|Ogerpon-Wellspring-Tera, F, tera:Water\n|-ability|p1a: Ogerpon|Embody Aspect (Wellspring)|boost\n|-boost|p1a: Ogerpon|spd|1\n|move|p1a: Ogerpon|Ivy Cudgel|p2a: Ribombee\n|-damage|p2a: Ribombee|0 fnt\n|faint|p2a: Ribombee\n|\n|upkeep\n|\n|t:|1699683807\n|switch|p2a: Dragonite|Dragonite, F|100\/100\n|-damage|p2a: Dragonite|75\/100|[from] Stealth Rock\n|turn|14\n|\n|t:|1699683813\n|move|p1a: Ogerpon|Ivy Cudgel|p2a: Dragonite\n|-resisted|p2a: Dragonite\n|-crit|p2a: Dragonite\n|-damage|p2a: Dragonite|9\/100\n|move|p2a: Dragonite|Dragon Dance|p2a: Dragonite\n|-boost|p2a: Dragonite|atk|1\n|-boost|p2a: Dragonite|spe|1\n|\n|upkeep\n|turn|15\n|\n|t:|1699683820\n|move|p1a: Ogerpon|Horn Leech|p2a: Dragonite\n|-resisted|p2a: Dragonite\n|-damage|p2a: Dragonite|0 fnt\n|faint|p2a: Dragonite\n|\n|upkeep\n|c|\u2606feeeefb|gay ass pokemon\n|inactive|feeeefb has 120 seconds left.\n|inactive|feeeefb has 90 seconds left.\n|inactive|feeeefb has 60 seconds left.\n|inactive|feeeefb has 30 seconds left.\n|inactive|feeeefb has 20 seconds left.\n|inactive|feeeefb has 15 seconds left.\n|inactive|feeeefb has 10 seconds left.\n|inactive|feeeefb has 5 seconds left.\n|-message|feeeefb lost due to inactivity.\n|\n|win|Dancingfish\n|raw|Dancingfish's rating: 1237 &rarr; <strong>1263<\/strong><br \/>(+26 for winning)\n|raw|feeeefb's rating: 1257 &rarr; <strong>1231<\/strong><br \/>(-26 for losing)\n","uploadtime":1699683830,"views":8,"p1id":"dancingfish","p2id":"feeeefb","formatid":"gen9nationaldex","rating":1231,"private":0,"password":""}