{"id":"gen9nationaldex-1992533047","p1":"quebecquagsires","p2":"suckybugcatcher","format":"[Gen 9] National Dex","log":"|j|\u2606quebecquagsires\n|j|\u2606suckybugcatcher\n|t:|1700200891\n|gametype|singles\n|player|p1|quebecquagsires|hiker-gen4|1593\n|player|p2|suckybugcatcher|bugcatcher-gen4dp|1772\n|teamsize|p1|6\n|teamsize|p2|6\n|gen|9\n|tier|[Gen 9] National Dex\n|rated|\n|rule|HP Percentage Mod: HP is shown in percentages\n|rule|Endless Battle Clause: Forcing endless battles is banned\n|rule|OHKO Clause: OHKO moves are banned\n|rule|Evasion Clause: Evasion abilities, items, and moves are banned\n|rule|Evasion Abilities Clause: Evasion abilities are banned\n|rule|Evasion Items Clause: Evasion items are banned\n|rule|Evasion Moves Clause: Evasion moves are banned\n|rule|Species Clause: Limit one of each Pok\u00e9mon\n|rule|Sleep Clause Mod: Limit one foe put to sleep\n|clearpoke\n|poke|p1|Alomomola, M|\n|poke|p1|Beedrill, F|\n|poke|p1|Slowking-Galar, F|\n|poke|p1|Hydreigon, M|\n|poke|p1|Landorus-Therian, M|\n|poke|p1|Greninja-*, M|\n|poke|p2|Scizor, M|\n|poke|p2|Volcarona, F|\n|poke|p2|Galvantula, F|\n|poke|p2|Vivillon-Garden, M|\n|poke|p2|Araquanid, M|\n|poke|p2|Forretress, M|\n|teampreview\n|inactive|Battle timer is ON: inactive players will automatically lose when time's up. (requested by quebecquagsires)\n|\n|t:|1700200897\n|start\n|switch|p1a: Landorus|Landorus-Therian, M, shiny|100\/100\n|switch|p2a: Mustardseed|Galvantula, F|100\/100\n|-ability|p1a: Landorus|Intimidate|boost\n|-unboost|p2a: Mustardseed|atk|1\n|turn|1\n|j| Duragonite\n|\n|t:|1700200926\n|move|p2a: Mustardseed|Hidden Power|p1a: Landorus\n|-supereffective|p1a: Landorus\n|-damage|p1a: Landorus|6\/100\n|move|p1a: Landorus|Stealth Rock|p2a: Mustardseed\n|-sidestart|p2: suckybugcatcher|move: Stealth Rock\n|\n|upkeep\n|turn|2\n|\n|t:|1700200934\n|move|p2a: Mustardseed|Bug Buzz|p1a: Landorus\n|-resisted|p1a: Landorus\n|-damage|p1a: Landorus|0 fnt\n|faint|p1a: Landorus\n|\n|upkeep\n|\n|t:|1700200941\n|switch|p1a: Beedrill|Beedrill, F, shiny|100\/100\n|turn|3\n|\n|t:|1700200943\n|switch|p2a: Peaseblossom|Forretress, M|100\/100\n|-damage|p2a: Peaseblossom|88\/100|[from] Stealth Rock\n|detailschange|p1a: Beedrill|Beedrill-Mega, F, shiny\n|-mega|p1a: Beedrill|Beedrill|Beedrillite\n|move|p1a: Beedrill|U-turn|p2a: Peaseblossom\n|-resisted|p2a: Peaseblossom\n|-damage|p2a: Peaseblossom|74\/100\n|\n|t:|1700200950\n|switch|p1a: Hydreigon|Hydreigon, M, shiny|100\/100|[from] U-turn\n|\n|-heal|p2a: Peaseblossom|80\/100|[from] item: Leftovers\n|upkeep\n|turn|4\n|\n|t:|1700200956\n|-terastallize|p2a: Peaseblossom|Dragon\n|move|p1a: Hydreigon|Fire Blast|p2a: Peaseblossom\n|-resisted|p2a: Peaseblossom\n|-damage|p2a: Peaseblossom|52\/100\n|-status|p2a: Peaseblossom|brn\n|move|p2a: Peaseblossom|Rapid Spin|p1a: Hydreigon\n|-damage|p1a: Hydreigon|94\/100\n|-boost|p2a: Peaseblossom|spe|1\n|-sideend|p2: suckybugcatcher|Stealth Rock|[from] move: Rapid Spin|[of] p2a: Peaseblossom\n|\n|-heal|p1a: Hydreigon|100\/100|[from] item: Leftovers\n|-heal|p2a: Peaseblossom|58\/100 brn|[from] item: Leftovers\n|-damage|p2a: Peaseblossom|52\/100 brn|[from] brn\n|upkeep\n|turn|5\n|\n|t:|1700200966\n|move|p1a: Hydreigon|Dark Pulse|p2a: Peaseblossom\n|-damage|p2a: Peaseblossom|0 fnt\n|faint|p2a: Peaseblossom\n|\n|upkeep\n|\n|t:|1700200969\n|switch|p2a: Mustardseed|Galvantula, F|100\/100\n|turn|6\n|\n|t:|1700200972\n|switch|p1a: Slowking|Slowking-Galar, F|100\/100\n|move|p2a: Mustardseed|Sticky Web|p1a: Slowking\n|-sidestart|p1: quebecquagsires|move: Sticky Web\n|\n|upkeep\n|turn|7\n|\n|t:|1700200977\n|switch|p2a: Cobweb|Araquanid, M|100\/100\n|move|p1a: Slowking|Fire Blast|p2a: Cobweb\n|-damage|p2a: Cobweb|93\/100\n|\n|-heal|p2a: Cobweb|99\/100|[from] item: Leftovers\n|upkeep\n|turn|8\n|\n|t:|1700200982\n|move|p2a: Cobweb|Spider Web|p1a: Slowking\n|-activate|p1a: Slowking|trapped\n|move|p1a: Slowking|Sludge Bomb|p2a: Cobweb\n|-damage|p2a: Cobweb|80\/100\n|\n|-heal|p2a: Cobweb|86\/100|[from] item: Leftovers\n|upkeep\n|turn|9\n|\n|t:|1700200986\n|move|p2a: Cobweb|Soak|p1a: Slowking\n|-start|p1a: Slowking|typechange|Water\n|move|p1a: Slowking|Chilly Reception|p1a: Slowking\n|-weather|Snow\n|\n|t:|1700200997\n|switch|p1a: Beedrill|Beedrill-Mega, F, shiny|100\/100|[from] Chilly Reception\n|-activate|p1a: Beedrill|move: Sticky Web\n|-unboost|p1a: Beedrill|spe|1\n|\n|-weather|Snow|[upkeep]\n|-heal|p2a: Cobweb|92\/100|[from] item: Leftovers\n|upkeep\n|turn|10\n|\n|t:|1700201001\n|switch|p2a: Oberon|Scizor, M|100\/100\n|move|p1a: Beedrill|Poison Jab|p2a: Oberon\n|-immune|p2a: Oberon\n|\n|-weather|Snow|[upkeep]\n|upkeep\n|turn|11\n|\n|t:|1700201009\n|detailschange|p2a: Oberon|Scizor-Mega, M\n|-mega|p2a: Oberon|Scizor|Scizorite\n|move|p1a: Beedrill|U-turn|p2a: Oberon\n|-resisted|p2a: Oberon\n|-damage|p2a: Oberon|83\/100\n|\n|t:|1700201018\n|switch|p1a: Slowking|Slowking-Galar, F|100\/100|[from] U-turn\n|-activate|p1a: Slowking|move: Sticky Web\n|-unboost|p1a: Slowking|spe|1\n|move|p2a: Oberon|Swords Dance|p2a: Oberon\n|-boost|p2a: Oberon|atk|2\n|\n|-weather|Snow|[upkeep]\n|upkeep\n|turn|12\n|\n|t:|1700201022\n|move|p2a: Oberon|Knock Off|p1a: Slowking\n|-supereffective|p1a: Slowking\n|-damage|p1a: Slowking|0 fnt\n|-enditem|p1a: Slowking|Leftovers|[from] move: Knock Off|[of] p2a: Oberon\n|faint|p1a: Slowking\n|\n|-weather|Snow|[upkeep]\n|upkeep\n|\n|t:|1700201025\n|switch|p1a: Hydreigon|Hydreigon, M, shiny|100\/100\n|turn|13\n|\n|t:|1700201027\n|switch|p2a: Cobweb|Araquanid, M|92\/100\n|move|p1a: Hydreigon|Fire Blast|p2a: Cobweb\n|-damage|p2a: Cobweb|80\/100\n|\n|-weather|none\n|-heal|p2a: Cobweb|87\/100|[from] item: Leftovers\n|upkeep\n|turn|14\n|\n|t:|1700201037\n|move|p1a: Hydreigon|Defog|p2a: Cobweb\n|-unboost|p2a: Cobweb|evasion|1\n|-sideend|p1: quebecquagsires|Sticky Web|[from] move: Defog|[of] p1a: Hydreigon\n|move|p2a: Cobweb|Toxic|p1a: Hydreigon\n|-status|p1a: Hydreigon|tox\n|\n|-heal|p2a: Cobweb|93\/100|[from] item: Leftovers\n|-damage|p1a: Hydreigon|94\/100 tox|[from] psn\n|upkeep\n|turn|15\n|\n|t:|1700201040\n|switch|p1a: Beedrill|Beedrill-Mega, F, shiny|100\/100\n|move|p2a: Cobweb|Spider Web|p1a: Beedrill\n|-activate|p1a: Beedrill|trapped\n|\n|-heal|p2a: Cobweb|99\/100|[from] item: Leftovers\n|upkeep\n|turn|16\n|\n|t:|1700201047\n|move|p1a: Beedrill|U-turn|p2a: Cobweb\n|-damage|p2a: Cobweb|38\/100\n|\n|t:|1700201059\n|switch|p1a: Greninja|Greninja, M, shiny|100\/100|[from] U-turn\n|move|p2a: Cobweb|Soak|p1a: Greninja\n|-start|p1a: Greninja|typechange|Water\n|\n|-heal|p2a: Cobweb|44\/100|[from] item: Leftovers\n|upkeep\n|turn|17\n|\n|t:|1700201061\n|move|p1a: Greninja|U-turn|p2a: Cobweb\n|-start|p1a: Greninja|typechange|Bug|[from] ability: Protean\n|-damage|p2a: Cobweb|22\/100\n|\n|t:|1700201067\n|switch|p1a: Beedrill|Beedrill-Mega, F, shiny|100\/100|[from] U-turn\n|move|p2a: Cobweb|Rest|p2a: Cobweb\n|-status|p2a: Cobweb|slp|[from] move: Rest\n|-heal|p2a: Cobweb|100\/100 slp|[silent]\n|\n|upkeep\n|turn|18\n|\n|t:|1700201071\n|switch|p2a: Oberon|Scizor-Mega, M|83\/100\n|move|p1a: Beedrill|Poison Jab|p2a: Oberon\n|-immune|p2a: Oberon\n|\n|upkeep\n|turn|19\n|\n|t:|1700201077\n|switch|p1a: Hydreigon|Hydreigon, M, shiny|94\/100 tox\n|move|p2a: Oberon|Knock Off|p1a: Hydreigon\n|-resisted|p1a: Hydreigon\n|-damage|p1a: Hydreigon|71\/100 tox\n|-enditem|p1a: Hydreigon|Leftovers|[from] move: Knock Off|[of] p2a: Oberon\n|\n|-damage|p1a: Hydreigon|64\/100 tox|[from] psn\n|upkeep\n|turn|20\n|\n|t:|1700201079\n|switch|p2a: Cobweb|Araquanid, M|100\/100 slp\n|move|p1a: Hydreigon|Fire Blast|p2a: Cobweb\n|-damage|p2a: Cobweb|88\/100 slp\n|\n|-heal|p2a: Cobweb|94\/100 slp|[from] item: Leftovers\n|-damage|p1a: Hydreigon|52\/100 tox|[from] psn\n|upkeep\n|turn|21\n|\n|t:|1700201083\n|switch|p1a: Beedrill|Beedrill-Mega, F, shiny|100\/100\n|cant|p2a: Cobweb|slp\n|\n|-heal|p2a: Cobweb|100\/100 slp|[from] item: Leftovers\n|upkeep\n|turn|22\n|\n|t:|1700201086\n|switch|p2a: Oberon|Scizor-Mega, M|83\/100\n|move|p1a: Beedrill|U-turn|p2a: Oberon\n|-resisted|p2a: Oberon\n|-crit|p2a: Oberon\n|-damage|p2a: Oberon|58\/100\n|\n|t:|1700201089\n|switch|p1a: Greninja|Greninja, M, shiny|100\/100|[from] U-turn\n|\n|upkeep\n|turn|23\n|\n|t:|1700201092\n|switch|p2a: Cobweb|Araquanid, M|100\/100 slp\n|move|p1a: Greninja|Hydro Pump|p2a: Cobweb\n|-start|p1a: Greninja|typechange|Water|[from] ability: Protean\n|-resisted|p2a: Cobweb\n|-damage|p2a: Cobweb|86\/100 slp\n|\n|-heal|p2a: Cobweb|93\/100 slp|[from] item: Leftovers\n|upkeep\n|turn|24\n|\n|t:|1700201098\n|switch|p1a: Beedrill|Beedrill-Mega, F, shiny|100\/100\n|cant|p2a: Cobweb|slp\n|\n|-heal|p2a: Cobweb|99\/100 slp|[from] item: Leftovers\n|upkeep\n|turn|25\n|\n|t:|1700201108\n|switch|p2a: Mustardseed|Galvantula, F|100\/100\n|move|p1a: Beedrill|U-turn|p2a: Mustardseed\n|-enditem|p2a: Mustardseed|Focus Sash\n|-damage|p2a: Mustardseed|1\/100\n|\n|t:|1700201114\n|switch|p1a: Greninja|Greninja, M, shiny|100\/100|[from] U-turn\n|\n|upkeep\n|turn|26\n|\n|t:|1700201120\n|move|p1a: Greninja|U-turn|p2a: Mustardseed\n|-start|p1a: Greninja|typechange|Bug|[from] ability: Protean\n|-damage|p2a: Mustardseed|0 fnt\n|faint|p2a: Mustardseed\n|\n|t:|1700201123\n|switch|p1a: Beedrill|Beedrill-Mega, F, shiny|100\/100|[from] U-turn\n|\n|upkeep\n|\n|t:|1700201125\n|switch|p2a: Oberon|Scizor-Mega, M|58\/100\n|turn|27\n|\n|t:|1700201128\n|move|p1a: Beedrill|U-turn|p2a: Oberon\n|-resisted|p2a: Oberon\n|-damage|p2a: Oberon|40\/100\n|\n|t:|1700201131\n|switch|p1a: Greninja|Greninja, M, shiny|100\/100|[from] U-turn\n|move|p2a: Oberon|Roost|p2a: Oberon\n|-heal|p2a: Oberon|90\/100\n|-singleturn|p2a: Oberon|move: Roost\n|\n|upkeep\n|turn|28\n|\n|t:|1700201138\n|switch|p2a: Cobweb|Araquanid, M|99\/100 slp\n|move|p1a: Greninja|U-turn|p2a: Cobweb\n|-start|p1a: Greninja|typechange|Bug|[from] ability: Protean\n|-damage|p2a: Cobweb|77\/100 slp\n|\n|t:|1700201145\n|switch|p1a: Beedrill|Beedrill-Mega, F, shiny|100\/100|[from] U-turn\n|\n|-heal|p2a: Cobweb|83\/100 slp|[from] item: Leftovers\n|upkeep\n|turn|29\n|\n|t:|1700201147\n|switch|p2a: Oberon|Scizor-Mega, M|90\/100\n|move|p1a: Beedrill|U-turn|p2a: Oberon\n|-resisted|p2a: Oberon\n|-damage|p2a: Oberon|73\/100\n|\n|t:|1700201151\n|switch|p1a: Greninja|Greninja, M, shiny|100\/100|[from] U-turn\n|\n|upkeep\n|turn|30\n|\n|t:|1700201153\n|move|p1a: Greninja|Hydro Pump|p2a: Oberon\n|-start|p1a: Greninja|typechange|Water|[from] ability: Protean\n|-damage|p2a: Oberon|28\/100\n|move|p2a: Oberon|Knock Off|p1a: Greninja\n|-crit|p1a: Greninja\n|-damage|p1a: Greninja|1\/100\n|-enditem|p1a: Greninja|Choice Scarf|[from] move: Knock Off|[of] p2a: Oberon\n|\n|upkeep\n|turn|31\n|\n|t:|1700201163\n|move|p2a: Oberon|Bullet Punch|p1a: Greninja\n|-resisted|p1a: Greninja\n|-damage|p1a: Greninja|0 fnt\n|faint|p1a: Greninja\n|\n|upkeep\n|\n|t:|1700201166\n|switch|p1a: Hydreigon|Hydreigon, M, shiny|52\/100 tox\n|turn|32\n|\n|t:|1700201167\n|switch|p2a: Cobweb|Araquanid, M|83\/100 slp\n|move|p1a: Hydreigon|Dark Pulse|p2a: Cobweb\n|-damage|p2a: Cobweb|58\/100 slp\n|\n|-heal|p2a: Cobweb|65\/100 slp|[from] item: Leftovers\n|-damage|p1a: Hydreigon|46\/100 tox|[from] psn\n|upkeep\n|turn|33\n|\n|t:|1700201171\n|switch|p1a: Beedrill|Beedrill-Mega, F, shiny|100\/100\n|-curestatus|p2a: Cobweb|slp|[msg]\n|move|p2a: Cobweb|Spider Web|p1a: Beedrill\n|-activate|p1a: Beedrill|trapped\n|\n|-heal|p2a: Cobweb|71\/100|[from] item: Leftovers\n|upkeep\n|turn|34\n|\n|t:|1700201180\n|move|p1a: Beedrill|U-turn|p2a: Cobweb\n|-damage|p2a: Cobweb|9\/100\n|\n|t:|1700201183\n|switch|p1a: Hydreigon|Hydreigon, M, shiny|46\/100 tox|[from] U-turn\n|move|p2a: Cobweb|Soak|p1a: Hydreigon\n|-start|p1a: Hydreigon|typechange|Water\n|\n|-heal|p2a: Cobweb|15\/100|[from] item: Leftovers\n|-damage|p1a: Hydreigon|40\/100 tox|[from] psn\n|upkeep\n|turn|35\n|\n|t:|1700201185\n|move|p1a: Hydreigon|Dark Pulse|p2a: Cobweb\n|-damage|p2a: Cobweb|0 fnt\n|faint|p2a: Cobweb\n|\n|-damage|p1a: Hydreigon|28\/100 tox|[from] psn\n|upkeep\n|\n|t:|1700201190\n|switch|p2a: Puck|Vivillon-Garden, M|100\/100\n|turn|36\n|\n|t:|1700201193\n|move|p1a: Hydreigon|Draco Meteor|p2a: Puck\n|-damage|p2a: Puck|14\/100\n|-unboost|p1a: Hydreigon|spa|2\n|move|p2a: Puck|Quiver Dance|p2a: Puck\n|-boost|p2a: Puck|spa|1\n|-boost|p2a: Puck|spd|1\n|-boost|p2a: Puck|spe|1\n|\n|-damage|p1a: Hydreigon|9\/100 tox|[from] psn\n|upkeep\n|turn|37\n|\n|t:|1700201196\n|move|p2a: Puck|Hurricane|p1a: Hydreigon\n|-damage|p1a: Hydreigon|0 fnt\n|faint|p1a: Hydreigon\n|\n|upkeep\n|\n|t:|1700201198\n|switch|p1a: Alomomola|Alomomola, M, shiny|100\/100\n|turn|38\n|\n|t:|1700201200\n|move|p2a: Puck|Sleep Powder|p1a: Alomomola\n|-status|p1a: Alomomola|slp|[from] move: Sleep Powder\n|cant|p1a: Alomomola|slp\n|\n|upkeep\n|turn|39\n|\n|t:|1700201202\n|move|p2a: Puck|Hurricane|p1a: Alomomola\n|-damage|p1a: Alomomola|24\/100 slp\n|-start|p1a: Alomomola|confusion\n|cant|p1a: Alomomola|slp\n|\n|-heal|p1a: Alomomola|30\/100 slp|[from] item: Leftovers\n|upkeep\n|turn|40\n|\n|t:|1700201205\n|move|p2a: Puck|Hurricane|p1a: Alomomola\n|-crit|p1a: Alomomola\n|-damage|p1a: Alomomola|0 fnt\n|faint|p1a: Alomomola\n|\n|upkeep\n|\n|t:|1700201206\n|switch|p1a: Beedrill|Beedrill-Mega, F, shiny|100\/100\n|turn|41\n|\n|t:|1700201209\n|move|p2a: Puck|Sleep Powder|p1a: Beedrill\n|-status|p1a: Beedrill|slp|[from] move: Sleep Powder\n|cant|p1a: Beedrill|slp\n|\n|upkeep\n|turn|42\n|\n|t:|1700201211\n|move|p2a: Puck|Hurricane|p1a: Beedrill|[miss]\n|-miss|p2a: Puck|p1a: Beedrill\n|cant|p1a: Beedrill|slp\n|\n|upkeep\n|turn|43\n|\n|t:|1700201212\n|move|p2a: Puck|Hurricane|p1a: Beedrill\n|-supereffective|p1a: Beedrill\n|-damage|p1a: Beedrill|0 fnt\n|faint|p1a: Beedrill\n|\n|win|suckybugcatcher\n|raw|quebecquagsires's rating: 1593 &rarr; <strong>1582<\/strong><br \/>(-11 for losing)\n|raw|suckybugcatcher's rating: 1772 &rarr; <strong>1783<\/strong><br \/>(+11 for winning)\n|l|\u2606quebecquagsires\n|l|\u2606suckybugcatcher\n","uploadtime":1700201247,"views":5,"p1id":"quebecquagsires","p2id":"suckybugcatcher","formatid":"gen9nationaldex","rating":1582,"private":0,"password":""}