{"id":"gen9nationaldex-1987435609","p1":"SwellowBirdJesus","p2":"matchatea","format":"[Gen 9] National Dex","log":"|j|\u2606SwellowBirdJesus\n|j|\u2606matchatea\n|t:|1699591180\n|gametype|singles\n|player|p1|SwellowBirdJesus|winona|\n|player|p2|matchatea|1|\n|teamsize|p1|6\n|teamsize|p2|6\n|gen|9\n|tier|[Gen 9] National Dex\n|rule|HP Percentage Mod: HP is shown in percentages\n|rule|Endless Battle Clause: Forcing endless battles is banned\n|rule|OHKO Clause: OHKO moves are banned\n|rule|Evasion Clause: Evasion abilities, items, and moves are banned\n|rule|Evasion Abilities Clause: Evasion abilities are banned\n|rule|Evasion Items Clause: Evasion items are banned\n|rule|Evasion Moves Clause: Evasion moves are banned\n|rule|Species Clause: Limit one of each Pok\u00e9mon\n|rule|Sleep Clause Mod: Limit one foe put to sleep\n|clearpoke\n|poke|p1|Mantine, F|\n|poke|p1|Type: Null|\n|poke|p1|Stufful, M|\n|poke|p1|Weezing-Galar, F|\n|poke|p1|Cacnea, F|\n|poke|p1|Rhyhorn, M|\n|poke|p2|Diancie|\n|poke|p2|Wingull, M|\n|poke|p2|Tyrunt, F|\n|poke|p2|Arrokuda, F|\n|poke|p2|Buneary, M|\n|poke|p2|Stoutland, F|\n|teampreview\n|inactive|Battle timer is ON: inactive players will automatically lose when time's up. (requested by SwellowBirdJesus)\n|\n|t:|1699591204\n|start\n|switch|p1a: Rhyhorn|Rhyhorn, M|100\/100\n|switch|p2a: Wingull|Wingull, M|100\/100\n|turn|1\n|\n|t:|1699591209\n|move|p2a: Wingull|Rain Dance|p2a: Wingull\n|-weather|RainDance\n|move|p1a: Rhyhorn|Stealth Rock|p2a: Wingull\n|-sidestart|p2: matchatea|move: Stealth Rock\n|\n|-weather|RainDance|[upkeep]\n|upkeep\n|turn|2\n|\n|t:|1699591230\n|move|p2a: Wingull|Scald|p1a: Rhyhorn\n|-supereffective|p1a: Rhyhorn\n|-enditem|p1a: Rhyhorn|Focus Sash\n|-damage|p1a: Rhyhorn|1\/100\n|move|p1a: Rhyhorn|Endeavor|p2a: Wingull\n|-damage|p2a: Wingull|1\/100\n|\n|-weather|RainDance|[upkeep]\n|-heal|p2a: Wingull|7\/100|[from] ability: Rain Dish\n|upkeep\n|turn|3\n|\n|t:|1699591239\n|move|p2a: Wingull|Tailwind|p2a: Wingull\n|-sidestart|p2: matchatea|move: Tailwind\n|move|p1a: Rhyhorn|Roar|p2a: Wingull\n|drag|p2a: Diancie|Diancie|100\/100\n|-damage|p2a: Diancie|88\/100|[from] Stealth Rock\n|\n|-weather|RainDance|[upkeep]\n|upkeep\n|turn|4\n|\n|t:|1699591261\n|move|p2a: Diancie|Reflect|p2a: Diancie\n|-sidestart|p2: matchatea|Reflect\n|move|p1a: Rhyhorn|Endeavor|p2a: Diancie\n|-damage|p2a: Diancie|1\/100\n|\n|-weather|RainDance|[upkeep]\n|upkeep\n|turn|5\n|\n|t:|1699591268\n|move|p2a: Diancie|Moonblast|p1a: Rhyhorn\n|-damage|p1a: Rhyhorn|0 fnt\n|faint|p1a: Rhyhorn\n|\n|-weather|RainDance|[upkeep]\n|upkeep\n|inactive|SwellowBirdJesus has 270 seconds left.\n|\n|t:|1699591299\n|switch|p1a: Weezing|Weezing-Galar, F|100\/100\n|-ability|p1a: Weezing|Neutralizing Gas\n|turn|6\n|\n|t:|1699591309\n|move|p2a: Diancie|Diamond Storm|p1a: Weezing|[miss]\n|-miss|p2a: Diancie|p1a: Weezing\n|move|p1a: Weezing|Toxic|p2a: Diancie\n|-status|p2a: Diancie|tox\n|\n|-weather|RainDance|[upkeep]\n|-damage|p2a: Diancie|0 fnt|[from] psn\n|faint|p2a: Diancie\n|-sideend|p2: matchatea|move: Tailwind\n|upkeep\n|\n|t:|1699591315\n|switch|p2a: Arrokuda|Arrokuda, F|100\/100\n|-damage|p2a: Arrokuda|88\/100|[from] Stealth Rock\n|turn|7\n|\n|t:|1699591342\n|move|p2a: Arrokuda|Psychic Fangs|p1a: Weezing\n|-supereffective|p1a: Weezing\n|-damage|p1a: Weezing|69\/100\n|-damage|p2a: Arrokuda|79\/100|[from] item: Life Orb\n|move|p1a: Weezing|Toxic|p2a: Arrokuda\n|-status|p2a: Arrokuda|tox\n|\n|-weather|RainDance|[upkeep]\n|-heal|p1a: Weezing|75\/100|[from] item: Leftovers\n|-damage|p2a: Arrokuda|73\/100 tox|[from] psn\n|upkeep\n|turn|8\n|inactive|matchatea has 270 seconds left.\n|\n|t:|1699591367\n|move|p2a: Arrokuda|Psychic Fangs|p1a: Weezing\n|-supereffective|p1a: Weezing\n|-damage|p1a: Weezing|45\/100\n|-damage|p2a: Arrokuda|63\/100 tox|[from] item: Life Orb\n|move|p1a: Weezing|Strange Steam|p2a: Arrokuda\n|-crit|p2a: Arrokuda\n|-damage|p2a: Arrokuda|0 fnt\n|faint|p2a: Arrokuda\n|\n|-weather|none\n|-heal|p1a: Weezing|51\/100|[from] item: Leftovers\n|upkeep\n|\n|t:|1699591387\n|switch|p2a: Buneary|Buneary, M|100\/100\n|-damage|p2a: Buneary|88\/100|[from] Stealth Rock\n|turn|9\n|\n|t:|1699591409\n|move|p2a: Buneary|Fake Out|p1a: Weezing\n|-damage|p1a: Weezing|42\/100\n|cant|p1a: Weezing|flinch\n|\n|-heal|p1a: Weezing|48\/100|[from] item: Leftovers\n|upkeep\n|turn|10\n|\n|t:|1699591436\n|move|p2a: Buneary|Quick Attack|p1a: Weezing\n|-damage|p1a: Weezing|38\/100\n|move|p1a: Weezing|Strange Steam|p2a: Buneary\n|-damage|p2a: Buneary|32\/100\n|\n|-heal|p1a: Weezing|44\/100|[from] item: Leftovers\n|upkeep\n|turn|11\n|inactive|matchatea has 240 seconds left.\n|\n|t:|1699591465\n|-end|p1a: Weezing|ability: Neutralizing Gas\n|switch|p1a: Cacnea|Cacnea, F|100\/100\n|move|p2a: Buneary|Healing Wish|p2a: Buneary\n|faint|p2a: Buneary\n|\n|-sideend|p2: matchatea|Reflect\n|upkeep\n|\n|t:|1699591471\n|switch|p2a: Wingull|Wingull, M|7\/100\n|-heal|p2a: Wingull|100\/100|[from] move: Healing Wish\n|-damage|p2a: Wingull|76\/100|[from] Stealth Rock\n|turn|12\n|\n|t:|1699591488\n|move|p2a: Wingull|Air Slash|p1a: Cacnea|[miss]\n|-miss|p2a: Wingull|p1a: Cacnea\n|move|p1a: Cacnea|Leech Seed|p2a: Wingull\n|-start|p2a: Wingull|move: Leech Seed\n|\n|-damage|p2a: Wingull|63\/100|[from] Leech Seed|[of] p1a: Cacnea\n|upkeep\n|turn|13\n|inactive|matchatea has 240 seconds left.\n|\n|t:|1699591501\n|switch|p1a: Weezing|Weezing-Galar, F|44\/100\n|-ability|p1a: Weezing|Neutralizing Gas\n|move|p2a: Wingull|Air Slash|p1a: Weezing\n|-damage|p1a: Weezing|9\/100\n|\n|-heal|p1a: Weezing|15\/100|[from] item: Leftovers\n|-damage|p2a: Wingull|51\/100|[from] Leech Seed|[of] p1a: Weezing\n|-heal|p1a: Weezing|23\/100|[silent]\n|upkeep\n|turn|14\n|inactive|matchatea has 240 seconds left.\n|\n|t:|1699591514\n|-end|p1a: Weezing|ability: Neutralizing Gas\n|switch|p1a: Mantine|Mantine, F|100\/100\n|move|p2a: Wingull|Air Slash|p1a: Mantine\n|-damage|p1a: Mantine|83\/100\n|\n|-heal|p1a: Mantine|89\/100|[from] item: Leftovers\n|-damage|p2a: Wingull|39\/100|[from] Leech Seed|[of] p1a: Mantine\n|-heal|p1a: Mantine|96\/100|[silent]\n|upkeep\n|turn|15\n|inactive|matchatea has 240 seconds left.\n|\n|t:|1699591541\n|switch|p2a: Stoutland|Stoutland, F|100\/100\n|-damage|p2a: Stoutland|88\/100|[from] Stealth Rock\n|-ability|p2a: Stoutland|Intimidate|boost\n|-unboost|p1a: Mantine|atk|1\n|move|p1a: Mantine|Scald|p2a: Stoutland\n|-damage|p2a: Stoutland|65\/100\n|\n|-heal|p2a: Stoutland|71\/100|[from] item: Leftovers\n|-heal|p1a: Mantine|100\/100|[from] item: Leftovers\n|upkeep\n|turn|16\n|\n|t:|1699591553\n|move|p2a: Stoutland|Return|p1a: Mantine\n|-damage|p1a: Mantine|58\/100\n|move|p1a: Mantine|Scald|p2a: Stoutland\n|-damage|p2a: Stoutland|48\/100\n|-status|p2a: Stoutland|brn\n|\n|-heal|p2a: Stoutland|54\/100 brn|[from] item: Leftovers\n|-heal|p1a: Mantine|64\/100|[from] item: Leftovers\n|-damage|p2a: Stoutland|48\/100 brn|[from] brn\n|upkeep\n|turn|17\n|\n|t:|1699591562\n|move|p2a: Stoutland|Rest|p2a: Stoutland\n|-status|p2a: Stoutland|slp|[from] move: Rest\n|-heal|p2a: Stoutland|100\/100 slp|[silent]\n|move|p1a: Mantine|Roost|p1a: Mantine\n|-heal|p1a: Mantine|100\/100\n|-singleturn|p1a: Mantine|move: Roost\n|\n|upkeep\n|turn|18\n|inactive|matchatea has 240 seconds left.\n|\n|t:|1699591575\n|switch|p1a: Weezing|Weezing-Galar, F|23\/100\n|-ability|p1a: Weezing|Neutralizing Gas\n|cant|p2a: Stoutland|slp\n|move|p2a: Stoutland|Sleep Talk|p2a: Stoutland\n|move|p2a: Stoutland|Play Rough|p1a: Weezing|[from]move: Sleep Talk\n|-resisted|p1a: Weezing\n|-damage|p1a: Weezing|12\/100\n|\n|-heal|p1a: Weezing|18\/100|[from] item: Leftovers\n|upkeep\n|turn|19\n|inactive|matchatea has 240 seconds left.\n|\n|t:|1699591587\n|cant|p2a: Stoutland|slp\n|move|p2a: Stoutland|Sleep Talk|p2a: Stoutland\n|move|p2a: Stoutland|Play Rough|p1a: Weezing|[from]move: Sleep Talk\n|-resisted|p1a: Weezing\n|-damage|p1a: Weezing|8\/100\n|move|p1a: Weezing|Pain Split|p2a: Stoutland\n|-sethp|p2a: Stoutland|54\/100 slp|[from] move: Pain Split|[silent]\n|-sethp|p1a: Weezing|60\/100|[from] move: Pain Split\n|\n|-heal|p2a: Stoutland|60\/100 slp|[from] item: Leftovers\n|-heal|p1a: Weezing|66\/100|[from] item: Leftovers\n|upkeep\n|turn|20\n|inactive|matchatea has 240 seconds left.\n|\n|t:|1699591605\n|-curestatus|p2a: Stoutland|slp|[msg]\n|move|p2a: Stoutland|Sleep Talk||[still]\n|-fail|p2a: Stoutland\n|move|p1a: Weezing|Strange Steam|p2a: Stoutland\n|-damage|p2a: Stoutland|35\/100\n|-start|p2a: Stoutland|confusion\n|\n|-heal|p2a: Stoutland|41\/100|[from] item: Leftovers\n|-heal|p1a: Weezing|72\/100|[from] item: Leftovers\n|upkeep\n|turn|21\n|\n|t:|1699591614\n|-activate|p2a: Stoutland|confusion\n|-damage|p2a: Stoutland|27\/100|[from] confusion\n|move|p1a: Weezing|Toxic|p2a: Stoutland\n|-status|p2a: Stoutland|tox\n|\n|-heal|p2a: Stoutland|33\/100 tox|[from] item: Leftovers\n|-heal|p1a: Weezing|78\/100|[from] item: Leftovers\n|-damage|p2a: Stoutland|27\/100 tox|[from] psn\n|upkeep\n|turn|22\n|\n|t:|1699591626\n|-activate|p2a: Stoutland|confusion\n|move|p2a: Stoutland|Rest|p2a: Stoutland\n|-status|p2a: Stoutland|slp|[from] move: Rest\n|-heal|p2a: Stoutland|100\/100 slp|[silent]\n|move|p1a: Weezing|Strange Steam|p2a: Stoutland\n|-damage|p2a: Stoutland|73\/100 slp\n|\n|-heal|p2a: Stoutland|79\/100 slp|[from] item: Leftovers\n|-heal|p1a: Weezing|84\/100|[from] item: Leftovers\n|upkeep\n|turn|23\n|\n|t:|1699591636\n|-end|p1a: Weezing|ability: Neutralizing Gas\n|-ability|p2a: Stoutland|Intimidate|boost\n|-unboost|p1a: Weezing|atk|1\n|switch|p1a: Stufful|Stufful, M|100\/100\n|cant|p2a: Stoutland|slp\n|-activate|p2a: Stoutland|confusion\n|move|p2a: Stoutland|Sleep Talk|p2a: Stoutland\n|move|p2a: Stoutland|Play Rough|p1a: Stufful|[from]move: Sleep Talk\n|-supereffective|p1a: Stufful\n|-damage|p1a: Stufful|65\/100\n|\n|-heal|p2a: Stoutland|85\/100 slp|[from] item: Leftovers\n|upkeep\n|turn|24\n|\n|t:|1699591650\n|cant|p2a: Stoutland|slp\n|move|p1a: Stufful|Substitute|p1a: Stufful\n|-start|p1a: Stufful|Substitute\n|-damage|p1a: Stufful|40\/100\n|\n|-heal|p2a: Stoutland|91\/100 slp|[from] item: Leftovers\n|upkeep\n|turn|25\n|\n|t:|1699591657\n|-curestatus|p2a: Stoutland|slp|[msg]\n|-end|p2a: Stoutland|confusion\n|move|p2a: Stoutland|Play Rough|p1a: Stufful\n|-supereffective|p1a: Stufful\n|-end|p1a: Stufful|Substitute\n|move|p1a: Stufful|Bulk Up|p1a: Stufful\n|-boost|p1a: Stufful|atk|1\n|-boost|p1a: Stufful|def|1\n|\n|-heal|p2a: Stoutland|98\/100|[from] item: Leftovers\n|upkeep\n|turn|26\n|\n|t:|1699591672\n|-terastallize|p2a: Stoutland|Normal\n|move|p2a: Stoutland|Return|p1a: Stufful\n|-damage|p1a: Stufful|13\/100\n|move|p1a: Stufful|Pain Split|p2a: Stoutland\n|-sethp|p2a: Stoutland|55\/100|[from] move: Pain Split|[silent]\n|-sethp|p1a: Stufful|60\/100|[from] move: Pain Split\n|\n|-heal|p2a: Stoutland|61\/100|[from] item: Leftovers\n|upkeep\n|turn|27\n|\n|t:|1699591681\n|move|p2a: Stoutland|Return|p1a: Stufful\n|-damage|p1a: Stufful|32\/100\n|move|p1a: Stufful|Bulk Up|p1a: Stufful\n|-boost|p1a: Stufful|atk|1\n|-boost|p1a: Stufful|def|1\n|\n|-heal|p2a: Stoutland|67\/100|[from] item: Leftovers\n|upkeep\n|turn|28\n|\n|t:|1699591697\n|move|p2a: Stoutland|Play Rough|p1a: Stufful\n|-supereffective|p1a: Stufful\n|-damage|p1a: Stufful|14\/100\n|move|p1a: Stufful|Pain Split|p2a: Stoutland\n|-sethp|p2a: Stoutland|40\/100|[from] move: Pain Split|[silent]\n|-sethp|p1a: Stufful|44\/100|[from] move: Pain Split\n|\n|-heal|p2a: Stoutland|46\/100|[from] item: Leftovers\n|upkeep\n|turn|29\n|\n|t:|1699591716\n|move|p2a: Stoutland|Rest|p2a: Stoutland\n|-status|p2a: Stoutland|slp|[from] move: Rest\n|-heal|p2a: Stoutland|100\/100 slp|[silent]\n|move|p1a: Stufful|Substitute|p1a: Stufful\n|-start|p1a: Stufful|Substitute\n|-damage|p1a: Stufful|19\/100\n|\n|upkeep\n|turn|30\n|\n|t:|1699591723\n|cant|p2a: Stoutland|slp\n|move|p2a: Stoutland|Sleep Talk|p2a: Stoutland\n|move|p2a: Stoutland|Play Rough|p1a: Stufful|[from]move: Sleep Talk\n|-supereffective|p1a: Stufful\n|-crit|p1a: Stufful\n|-end|p1a: Stufful|Substitute\n|move|p1a: Stufful|Pain Split|p2a: Stoutland\n|-sethp|p2a: Stoutland|59\/100 slp|[from] move: Pain Split|[silent]\n|-sethp|p1a: Stufful|64\/100|[from] move: Pain Split\n|\n|-heal|p2a: Stoutland|65\/100 slp|[from] item: Leftovers\n|upkeep\n|turn|31\n|\n|t:|1699591735\n|switch|p2a: Tyrunt|Tyrunt, F|100\/100\n|-damage|p2a: Tyrunt|88\/100|[from] Stealth Rock\n|move|p1a: Stufful|Substitute|p1a: Stufful\n|-start|p1a: Stufful|Substitute\n|-damage|p1a: Stufful|39\/100\n|\n|upkeep\n|turn|32\n|\n|t:|1699591751\n|move|p2a: Tyrunt|Rock Slide|p1a: Stufful\n|-resisted|p1a: Stufful\n|-activate|p1a: Stufful|move: Substitute|[damage]\n|-damage|p2a: Tyrunt|78\/100|[from] item: Life Orb\n|move|p1a: Stufful|Rock Slide|p2a: Tyrunt\n|-damage|p2a: Tyrunt|18\/100\n|\n|upkeep\n|turn|33\n|\n|t:|1699591759\n|move|p2a: Tyrunt|Dragon Claw|p1a: Stufful\n|-activate|p1a: Stufful|move: Substitute|[damage]\n|-damage|p2a: Tyrunt|8\/100|[from] item: Life Orb\n|move|p1a: Stufful|Rock Slide|p2a: Tyrunt\n|-damage|p2a: Tyrunt|0 fnt\n|faint|p2a: Tyrunt\n|\n|upkeep\n|\n|t:|1699591774\n|switch|p2a: Wingull|Wingull, M|39\/100\n|-damage|p2a: Wingull|14\/100|[from] Stealth Rock\n|turn|34\n|\n|t:|1699591783\n|move|p2a: Wingull|Scald|p1a: Stufful\n|-end|p1a: Stufful|Substitute\n|move|p1a: Stufful|Rock Slide|p2a: Wingull|[miss]\n|-miss|p1a: Stufful|p2a: Wingull\n|\n|upkeep\n|turn|35\n|\n|t:|1699591790\n|move|p2a: Wingull|Air Slash|p1a: Stufful\n|-supereffective|p1a: Stufful\n|-damage|p1a: Stufful|0 fnt\n|faint|p1a: Stufful\n|\n|upkeep\n|\n|t:|1699591799\n|switch|p1a: Weezing|Weezing-Galar, F|84\/100\n|-ability|p1a: Weezing|Neutralizing Gas\n|turn|36\n|inactive|matchatea has 270 seconds left.\n|\n|t:|1699591807\n|move|p2a: Wingull|Rain Dance|p2a: Wingull\n|-weather|RainDance\n|move|p1a: Weezing|Toxic|p2a: Wingull\n|-status|p2a: Wingull|tox\n|\n|-weather|RainDance|[upkeep]\n|-heal|p1a: Weezing|90\/100|[from] item: Leftovers\n|-damage|p2a: Wingull|8\/100 tox|[from] psn\n|upkeep\n|turn|37\n|inactive|matchatea has 270 seconds left.\n|\n|t:|1699591819\n|-end|p1a: Weezing|ability: Neutralizing Gas\n|switch|p1a: Mantine|Mantine, F|100\/100\n|move|p2a: Wingull|Scald|p1a: Mantine\n|-immune|p1a: Mantine|[from] ability: Water Absorb\n|\n|-weather|RainDance|[upkeep]\n|-heal|p2a: Wingull|14\/100 tox|[from] ability: Rain Dish\n|-damage|p2a: Wingull|2\/100 tox|[from] psn\n|upkeep\n|turn|38\n|inactive|matchatea has 270 seconds left.\n|\n|t:|1699591835\n|switch|p1a: Cacnea|Cacnea, F|100\/100\n|move|p2a: Wingull|Tailwind|p2a: Wingull\n|-sidestart|p2: matchatea|move: Tailwind\n|\n|-weather|RainDance|[upkeep]\n|-heal|p2a: Wingull|8\/100 tox|[from] ability: Rain Dish\n|-damage|p2a: Wingull|0 fnt|[from] psn\n|faint|p2a: Wingull\n|upkeep\n|\n|t:|1699591842\n|switch|p2a: Stoutland|Stoutland, F, tera:Normal|65\/100 slp\n|-damage|p2a: Stoutland|53\/100 slp|[from] Stealth Rock\n|-ability|p2a: Stoutland|Intimidate|boost\n|-unboost|p1a: Cacnea|atk|1\n|turn|39\n|\n|t:|1699591851\n|cant|p2a: Stoutland|slp\n|move|p2a: Stoutland|Sleep Talk|p2a: Stoutland\n|move|p2a: Stoutland|Play Rough|p1a: Cacnea|[from]move: Sleep Talk\n|-damage|p1a: Cacnea|56\/100\n|move|p1a: Cacnea|Leech Seed|p2a: Stoutland\n|-start|p2a: Stoutland|move: Leech Seed\n|\n|-weather|RainDance|[upkeep]\n|-heal|p2a: Stoutland|59\/100 slp|[from] item: Leftovers\n|-damage|p2a: Stoutland|46\/100 slp|[from] Leech Seed|[of] p1a: Cacnea\n|-heal|p1a: Cacnea|71\/100|[silent]\n|upkeep\n|turn|40\n|\n|t:|1699591860\n|-curestatus|p2a: Stoutland|slp|[msg]\n|move|p2a: Stoutland|Sleep Talk||[still]\n|-fail|p2a: Stoutland\n|move|p1a: Cacnea|Disable|p2a: Stoutland\n|-start|p2a: Stoutland|Disable|Sleep Talk\n|\n|-weather|RainDance|[upkeep]\n|-heal|p2a: Stoutland|53\/100|[from] item: Leftovers\n|-damage|p2a: Stoutland|40\/100|[from] Leech Seed|[of] p1a: Cacnea\n|-heal|p1a: Cacnea|87\/100|[silent]\n|upkeep\n|turn|41\n|\n|t:|1699591868\n|move|p2a: Stoutland|Rest|p2a: Stoutland\n|-status|p2a: Stoutland|slp|[from] move: Rest\n|-heal|p2a: Stoutland|100\/100 slp|[silent]\n|move|p1a: Cacnea|Encore|p2a: Stoutland\n|-start|p2a: Stoutland|Encore\n|\n|-weather|RainDance|[upkeep]\n|-damage|p2a: Stoutland|88\/100 slp|[from] Leech Seed|[of] p1a: Cacnea\n|-heal|p1a: Cacnea|100\/100|[silent]\n|-sideend|p2: matchatea|move: Tailwind\n|upkeep\n|turn|42\n|\n|t:|1699591882\n|switch|p1a: Type: Null|Type: Null|100\/100\n|cant|p2a: Stoutland|slp\n|\n|-weather|RainDance|[upkeep]\n|-heal|p2a: Stoutland|94\/100 slp|[from] item: Leftovers\n|-damage|p2a: Stoutland|82\/100 slp|[from] Leech Seed|[of] p1a: Type: Null\n|upkeep\n|turn|43\n|\n|t:|1699591891\n|-terastallize|p1a: Type: Null|Steel\n|cant|p2a: Stoutland|slp\n|move|p1a: Type: Null|Swords Dance|p1a: Type: Null\n|-boost|p1a: Type: Null|atk|2\n|\n|-weather|none\n|-heal|p2a: Stoutland|88\/100 slp|[from] item: Leftovers\n|-damage|p2a: Stoutland|76\/100 slp|[from] Leech Seed|[of] p1a: Type: Null\n|upkeep\n|turn|44\n|\n|t:|1699591901\n|-curestatus|p2a: Stoutland|slp|[msg]\n|move|p2a: Stoutland|Rest|p2a: Stoutland\n|-status|p2a: Stoutland|slp|[from] move: Rest\n|-heal|p2a: Stoutland|100\/100 slp|[silent]\n|move|p1a: Type: Null|Crush Claw|p2a: Stoutland\n|-crit|p2a: Stoutland\n|-damage|p2a: Stoutland|0 fnt\n|faint|p2a: Stoutland\n|\n|win|SwellowBirdJesus\n|l|\u2606matchatea\n","uploadtime":1699592034,"views":11,"p1id":"swellowbirdjesus","p2id":"matchatea","formatid":"gen9nationaldex","rating":0,"private":0,"password":""}