{"id":"gen9nationaldex-1989207588","p1":"PearlHarbor1996","p2":"Kuzwa","format":"[Gen 9] National Dex","log":"|j|\u2606PearlHarbor1996\n|j|\u2606Kuzwa\n|t:|1699823484\n|gametype|singles\n|player|p1|PearlHarbor1996|rocketgrunt|1396\n|player|p2|Kuzwa|parasollady|1342\n|teamsize|p1|6\n|teamsize|p2|6\n|gen|9\n|tier|[Gen 9] National Dex\n|rated|\n|rule|HP Percentage Mod: HP is shown in percentages\n|rule|Endless Battle Clause: Forcing endless battles is banned\n|rule|OHKO Clause: OHKO moves are banned\n|rule|Evasion Clause: Evasion abilities, items, and moves are banned\n|rule|Evasion Abilities Clause: Evasion abilities are banned\n|rule|Evasion Items Clause: Evasion items are banned\n|rule|Evasion Moves Clause: Evasion moves are banned\n|rule|Species Clause: Limit one of each Pok\u00e9mon\n|rule|Sleep Clause Mod: Limit one foe put to sleep\n|clearpoke\n|poke|p1|Gardevoir, F|\n|poke|p1|Hydreigon, M|\n|poke|p1|Skeledirge, M|\n|poke|p1|Roserade, F|\n|poke|p1|Gastrodon, M|\n|poke|p1|Corviknight, F|\n|poke|p2|Gallade, M|\n|poke|p2|Garchomp, M|\n|poke|p2|Kartana|\n|poke|p2|Scizor, M|\n|poke|p2|Weavile, M|\n|poke|p2|Quaquaval, M|\n|teampreview\n|inactive|Battle timer is ON: inactive players will automatically lose when time's up. (requested by PearlHarbor1996)\n|\n|t:|1699823499\n|start\n|switch|p1a: Skeledirge|Skeledirge, M|100\/100\n|switch|p2a: ???|Quaquaval, M|100\/100\n|turn|1\n|\n|t:|1699823502\n|move|p2a: ???|Aqua Step|p1a: Skeledirge\n|-supereffective|p1a: Skeledirge\n|-damage|p1a: Skeledirge|31\/100\n|-boost|p2a: ???|spe|1\n|move|p1a: Skeledirge|Will-O-Wisp|p2a: ???\n|-status|p2a: ???|brn\n|\n|-damage|p2a: ???|94\/100 brn|[from] brn\n|upkeep\n|turn|2\n|\n|t:|1699823515\n|switch|p1a: Gastrodon|Gastrodon, M|100\/100\n|move|p2a: ???|Rapid Spin|p1a: Gastrodon\n|-damage|p1a: Gastrodon|95\/100\n|-boost|p2a: ???|spe|1\n|\n|-heal|p1a: Gastrodon|100\/100|[from] item: Leftovers\n|-damage|p2a: ???|88\/100 brn|[from] brn\n|upkeep\n|turn|3\n|\n|t:|1699823525\n|move|p2a: ???|Brick Break|p1a: Gastrodon\n|-damage|p1a: Gastrodon|88\/100\n|move|p1a: Gastrodon|Scald|p2a: ???\n|-resisted|p2a: ???\n|-damage|p2a: ???|72\/100 brn\n|\n|-heal|p1a: Gastrodon|94\/100|[from] item: Leftovers\n|-damage|p2a: ???|66\/100 brn|[from] brn\n|upkeep\n|turn|4\n|\n|t:|1699823536\n|move|p2a: ???|Brick Break|p1a: Gastrodon\n|-damage|p1a: Gastrodon|80\/100\n|move|p1a: Gastrodon|Curse|p1a: Gastrodon\n|-unboost|p1a: Gastrodon|spe|1\n|-boost|p1a: Gastrodon|atk|1\n|-boost|p1a: Gastrodon|def|1\n|\n|-heal|p1a: Gastrodon|86\/100|[from] item: Leftovers\n|-damage|p2a: ???|60\/100 brn|[from] brn\n|upkeep\n|turn|5\n|\n|t:|1699823546\n|switch|p2a: Makoto Yuki|Kartana, shiny|100\/100\n|move|p1a: Gastrodon|Curse|p1a: Gastrodon\n|-unboost|p1a: Gastrodon|spe|1\n|-boost|p1a: Gastrodon|atk|1\n|-boost|p1a: Gastrodon|def|1\n|\n|-heal|p1a: Gastrodon|93\/100|[from] item: Leftovers\n|upkeep\n|turn|6\n|\n|t:|1699823558\n|-terastallize|p1a: Gastrodon|Poison\n|move|p2a: Makoto Yuki|Swords Dance|p2a: Makoto Yuki\n|-boost|p2a: Makoto Yuki|atk|2\n|move|p1a: Gastrodon|Curse|p1a: Gastrodon\n|-unboost|p1a: Gastrodon|spe|1\n|-boost|p1a: Gastrodon|atk|1\n|-boost|p1a: Gastrodon|def|1\n|\n|-heal|p1a: Gastrodon|99\/100|[from] item: Leftovers\n|upkeep\n|turn|7\n|\n|t:|1699823570\n|move|p2a: Makoto Yuki|Sacred Sword|p1a: Gastrodon\n|-resisted|p1a: Gastrodon\n|-damage|p1a: Gastrodon|69\/100\n|move|p1a: Gastrodon|Scald|p2a: Makoto Yuki\n|-resisted|p2a: Makoto Yuki\n|-damage|p2a: Makoto Yuki|62\/100\n|-status|p2a: Makoto Yuki|brn\n|\n|-heal|p1a: Gastrodon|75\/100|[from] item: Leftovers\n|-damage|p2a: Makoto Yuki|56\/100 brn|[from] brn\n|upkeep\n|turn|8\n|\n|t:|1699823581\n|move|p2a: Makoto Yuki|Swords Dance|p2a: Makoto Yuki\n|-boost|p2a: Makoto Yuki|atk|2\n|move|p1a: Gastrodon|Curse|p1a: Gastrodon\n|-unboost|p1a: Gastrodon|spe|1\n|-boost|p1a: Gastrodon|atk|1\n|-boost|p1a: Gastrodon|def|1\n|\n|-heal|p1a: Gastrodon|81\/100|[from] item: Leftovers\n|-damage|p2a: Makoto Yuki|50\/100 brn|[from] brn\n|upkeep\n|turn|9\n|\n|t:|1699823585\n|move|p2a: Makoto Yuki|Swords Dance|p2a: Makoto Yuki\n|-boost|p2a: Makoto Yuki|atk|2\n|move|p1a: Gastrodon|Curse|p1a: Gastrodon\n|-unboost|p1a: Gastrodon|spe|1\n|-boost|p1a: Gastrodon|atk|1\n|-boost|p1a: Gastrodon|def|1\n|\n|-heal|p1a: Gastrodon|88\/100|[from] item: Leftovers\n|-damage|p2a: Makoto Yuki|44\/100 brn|[from] brn\n|upkeep\n|turn|10\n|\n|t:|1699823588\n|move|p2a: Makoto Yuki|Sacred Sword|p1a: Gastrodon\n|-resisted|p1a: Gastrodon\n|-damage|p1a: Gastrodon|58\/100\n|move|p1a: Gastrodon|Curse|p1a: Gastrodon\n|-unboost|p1a: Gastrodon|spe|1\n|-boost|p1a: Gastrodon|atk|1\n|-boost|p1a: Gastrodon|def|1\n|\n|-heal|p1a: Gastrodon|65\/100|[from] item: Leftovers\n|-damage|p2a: Makoto Yuki|38\/100 brn|[from] brn\n|upkeep\n|turn|11\n|\n|t:|1699823591\n|move|p2a: Makoto Yuki|Sacred Sword|p1a: Gastrodon\n|-resisted|p1a: Gastrodon\n|-damage|p1a: Gastrodon|38\/100\n|move|p1a: Gastrodon|Recover|p1a: Gastrodon\n|-heal|p1a: Gastrodon|88\/100\n|\n|-heal|p1a: Gastrodon|94\/100|[from] item: Leftovers\n|-damage|p2a: Makoto Yuki|31\/100 brn|[from] brn\n|upkeep\n|turn|12\n|\n|t:|1699823594\n|move|p2a: Makoto Yuki|Sacred Sword|p1a: Gastrodon\n|-resisted|p1a: Gastrodon\n|-damage|p1a: Gastrodon|64\/100\n|move|p1a: Gastrodon|Earthquake|p2a: Makoto Yuki\n|-damage|p2a: Makoto Yuki|0 fnt\n|faint|p2a: Makoto Yuki\n|\n|-heal|p1a: Gastrodon|70\/100|[from] item: Leftovers\n|upkeep\n|\n|t:|1699823609\n|switch|p2a: Akihiko Sanada|Garchomp, M|100\/100\n|turn|13\n|\n|t:|1699823613\n|move|p2a: Akihiko Sanada|Swords Dance|p2a: Akihiko Sanada\n|-boost|p2a: Akihiko Sanada|atk|2\n|move|p1a: Gastrodon|Recover|p1a: Gastrodon\n|-heal|p1a: Gastrodon|100\/100\n|\n|upkeep\n|turn|14\n|\n|t:|1699823616\n|move|p2a: Akihiko Sanada|Swords Dance|p2a: Akihiko Sanada\n|-boost|p2a: Akihiko Sanada|atk|2\n|move|p1a: Gastrodon|Earthquake|p2a: Akihiko Sanada\n|-enditem|p2a: Akihiko Sanada|Focus Sash\n|-damage|p2a: Akihiko Sanada|1\/100\n|\n|upkeep\n|turn|15\n|\n|t:|1699823622\n|move|p2a: Akihiko Sanada|Earthquake|p1a: Gastrodon\n|-supereffective|p1a: Gastrodon\n|-damage|p1a: Gastrodon|41\/100\n|move|p1a: Gastrodon|Scald|p2a: Akihiko Sanada\n|-damage|p2a: Akihiko Sanada|0 fnt\n|faint|p2a: Akihiko Sanada\n|\n|-heal|p1a: Gastrodon|47\/100|[from] item: Leftovers\n|upkeep\n|\n|t:|1699823627\n|switch|p2a: Ryoji Mochizuki|Gallade, M, shiny|100\/100\n|turn|16\n|\n|t:|1699823631\n|move|p2a: Ryoji Mochizuki|Swords Dance|p2a: Ryoji Mochizuki\n|-boost|p2a: Ryoji Mochizuki|atk|2\n|move|p1a: Gastrodon|Recover|p1a: Gastrodon\n|-heal|p1a: Gastrodon|97\/100\n|\n|-heal|p1a: Gastrodon|100\/100|[from] item: Leftovers\n|upkeep\n|turn|17\n|\n|t:|1699823634\n|move|p2a: Ryoji Mochizuki|Swords Dance|p2a: Ryoji Mochizuki\n|-boost|p2a: Ryoji Mochizuki|atk|2\n|move|p1a: Gastrodon|Earthquake|p2a: Ryoji Mochizuki\n|-damage|p2a: Ryoji Mochizuki|0 fnt\n|faint|p2a: Ryoji Mochizuki\n|\n|upkeep\n|\n|t:|1699823639\n|switch|p2a: Junpei Iori|Weavile, M, shiny|100\/100\n|turn|18\n|\n|t:|1699823644\n|move|p2a: Junpei Iori|Throat Chop|p1a: Gastrodon\n|-damage|p1a: Gastrodon|93\/100\n|-start|p1a: Gastrodon|Throat Chop|[silent]\n|move|p1a: Gastrodon|Earthquake|p2a: Junpei Iori\n|-enditem|p2a: Junpei Iori|Focus Sash\n|-damage|p2a: Junpei Iori|1\/100\n|\n|-heal|p1a: Gastrodon|99\/100|[from] item: Leftovers\n|upkeep\n|turn|19\n|\n|t:|1699823647\n|move|p2a: Junpei Iori|Psycho Cut|p1a: Gastrodon\n|-supereffective|p1a: Gastrodon\n|-damage|p1a: Gastrodon|90\/100\n|move|p1a: Gastrodon|Scald|p2a: Junpei Iori\n|-damage|p2a: Junpei Iori|0 fnt\n|faint|p2a: Junpei Iori\n|\n|-heal|p1a: Gastrodon|96\/100|[from] item: Leftovers\n|-end|p1a: Gastrodon|Throat Chop|[silent]\n|upkeep\n|\n|t:|1699823652\n|switch|p2a: ???|Quaquaval, M|60\/100 brn\n|turn|20\n|\n|t:|1699823655\n|-zpower|p2a: ???\n|move|p2a: ???|Subzero Slammer|p1a: Gastrodon|[zeffect]\n|-damage|p1a: Gastrodon|91\/100\n|move|p1a: Gastrodon|Earthquake|p2a: ???\n|-damage|p2a: ???|0 fnt\n|faint|p2a: ???\n|\n|-heal|p1a: Gastrodon|97\/100|[from] item: Leftovers\n|upkeep\n|\n|t:|1699823663\n|switch|p2a: Ken Amada|Scizor, M|100\/100\n|turn|21\n|\n|t:|1699823669\n|detailschange|p2a: Ken Amada|Scizor-Mega, M\n|-mega|p2a: Ken Amada|Scizor|Scizorite\n|move|p2a: Ken Amada|Swords Dance|p2a: Ken Amada\n|-boost|p2a: Ken Amada|atk|2\n|move|p1a: Gastrodon|Scald|p2a: Ken Amada\n|-damage|p2a: Ken Amada|76\/100\n|-status|p2a: Ken Amada|brn\n|\n|-heal|p1a: Gastrodon|100\/100|[from] item: Leftovers\n|-damage|p2a: Ken Amada|70\/100 brn|[from] brn\n|upkeep\n|turn|22\n|\n|t:|1699823679\n|move|p2a: Ken Amada|Swords Dance|p2a: Ken Amada\n|-boost|p2a: Ken Amada|atk|2\n|move|p1a: Gastrodon|Earthquake|p2a: Ken Amada\n|-damage|p2a: Ken Amada|0 fnt\n|faint|p2a: Ken Amada\n|\n|win|PearlHarbor1996\n|raw|PearlHarbor1996's rating: 1396 &rarr; <strong>1413<\/strong><br \/>(+17 for winning)\n|raw|Kuzwa's rating: 1342 &rarr; <strong>1325<\/strong><br \/>(-17 for losing)\n|l|\u2606Kuzwa\n|c|\u2606PearlHarbor1996|gg\n","uploadtime":1699823692,"views":36,"p1id":"pearlharbor1996","p2id":"kuzwa","formatid":"gen9nationaldex","rating":1325,"private":0,"password":""}