{"id":"gen9nationaldex-1996434377","p1":"ooohhh yeaauuhhh","p2":"AxolotlNumber2","format":"[Gen 9] National Dex","log":"|html|<div class=\"broadcast-blue\"><strong>[Gen 9] National Dex is currently suspecting Sneasler! For information on how to participate check out the <a href=\"https:\/\/www.smogon.com\/forums\/threads\/sv-national-dex-suspect-8-just-dance.3731534\/\">suspect thread<\/a>.<\/strong><\/div>\n|j|\u203dooohhh yeaauuhhh\n|j|\u2606AxolotlNumber2\n|t:|1700681656\n|gametype|singles\n|player|p1|ooohhh yeaauuhhh|li|1142\n|player|p2|AxolotlNumber2|firebreather|1062\n|teamsize|p1|6\n|teamsize|p2|6\n|gen|9\n|tier|[Gen 9] National Dex\n|rated|\n|rule|HP Percentage Mod: HP is shown in percentages\n|rule|Endless Battle Clause: Forcing endless battles is banned\n|rule|OHKO Clause: OHKO moves are banned\n|rule|Evasion Clause: Evasion abilities, items, and moves are banned\n|rule|Evasion Abilities Clause: Evasion abilities are banned\n|rule|Evasion Items Clause: Evasion items are banned\n|rule|Evasion Moves Clause: Evasion moves are banned\n|rule|Species Clause: Limit one of each Pok\u00e9mon\n|rule|Sleep Clause Mod: Limit one foe put to sleep\n|clearpoke\n|poke|p1|Zygarde-10%|\n|poke|p1|Arbok, F|\n|poke|p1|Rhydon, M|\n|poke|p1|Nidoking, M|\n|poke|p1|Blastoise, F|\n|poke|p1|Nidoqueen, F|\n|poke|p2|Blastoise, M|\n|poke|p2|Azumarill, F|\n|poke|p2|Vivillon-Icy Snow, M|\n|poke|p2|Amoonguss, M|\n|poke|p2|Iron Valiant|\n|poke|p2|Glimmora, M|\n|teampreview\n|inactive|Battle timer is ON: inactive players will automatically lose when time's up. (requested by ooohhh yeaauuhhh)\n|\n|t:|1700681659\n|start\n|switch|p1a: Arbok|Arbok, F, shiny|100\/100\n|switch|p2a: Glimmora|Glimmora, M|100\/100\n|-ability|p1a: Arbok|Intimidate|boost\n|-unboost|p2a: Glimmora|atk|1\n|turn|1\n|c|\u2606AxolotlNumber2|glhf\n|\n|t:|1700681672\n|move|p1a: Arbok|Switcheroo|p2a: Glimmora\n|-activate|p1a: Arbok|move: Trick|[of] p2a: Glimmora\n|-item|p2a: Glimmora|Choice Scarf|[from] move: Switcheroo\n|-item|p1a: Arbok|Focus Sash|[from] move: Switcheroo\n|move|p2a: Glimmora|Earth Power|p1a: Arbok\n|-supereffective|p1a: Arbok\n|-enditem|p1a: Arbok|Focus Sash\n|-damage|p1a: Arbok|1\/100\n|\n|upkeep\n|turn|2\n|\n|t:|1700681688\n|switch|p2a: Vivillon|Vivillon-Icy Snow, M|100\/100\n|move|p1a: Arbok|Scale Shot|p2a: Vivillon\n|-damage|p2a: Vivillon|87\/100\n|-damage|p2a: Vivillon|73\/100\n|-damage|p2a: Vivillon|60\/100\n|-damage|p2a: Vivillon|46\/100\n|-hitcount|p2a: Vivillon|4\n|-unboost|p1a: Arbok|def|1\n|-boost|p1a: Arbok|spe|1\n|\n|upkeep\n|turn|3\n|\n|t:|1700681700\n|move|p1a: Arbok|Gunk Shot|p2a: Vivillon\n|-damage|p2a: Vivillon|0 fnt\n|faint|p2a: Vivillon\n|\n|upkeep\n|\n|t:|1700681705\n|switch|p2a: Azumarill|Azumarill, F|100\/100\n|turn|4\n|\n|t:|1700681709\n|move|p2a: Azumarill|Aqua Jet|p1a: Arbok\n|-damage|p1a: Arbok|0 fnt\n|faint|p1a: Arbok\n|\n|upkeep\n|\n|t:|1700681714\n|switch|p1a: Nidoking|Nidoking, M, shiny|100\/100\n|turn|5\n|\n|t:|1700681723\n|move|p1a: Nidoking|Sludge Wave|p2a: Azumarill\n|-supereffective|p2a: Azumarill\n|-damage|p2a: Azumarill|0 fnt\n|faint|p2a: Azumarill\n|\n|upkeep\n|\n|t:|1700681729\n|switch|p2a: Tortel|Blastoise, M|100\/100\n|turn|6\n|\n|t:|1700681736\n|-terastallize|p1a: Nidoking|Poison\n|move|p1a: Nidoking|Sludge Wave|p2a: Tortel\n|-damage|p2a: Tortel|30\/100\n|move|p2a: Tortel|Shell Smash|p2a: Tortel\n|-unboost|p2a: Tortel|def|1\n|-unboost|p2a: Tortel|spd|1\n|-boost|p2a: Tortel|atk|2\n|-boost|p2a: Tortel|spa|2\n|-boost|p2a: Tortel|spe|2\n|\n|upkeep\n|turn|7\n|\n|t:|1700681749\n|switch|p1a: Nidoqueen|Nidoqueen, F, shiny|100\/100\n|-terastallize|p2a: Tortel|Water\n|move|p2a: Tortel|Brine|p1a: Nidoqueen\n|-supereffective|p1a: Nidoqueen\n|-damage|p1a: Nidoqueen|0 fnt\n|faint|p1a: Nidoqueen\n|\n|upkeep\n|\n|t:|1700681763\n|switch|p1a: Zygarde|Zygarde-10%, shiny|100\/100\n|-ability|p1a: Zygarde|Aura Break\n|turn|8\n|\n|t:|1700681769\n|move|p2a: Tortel|Brine|p1a: Zygarde\n|-enditem|p1a: Zygarde|Focus Sash\n|-damage|p1a: Zygarde|1\/100\n|move|p1a: Zygarde|Thousand Arrows|p2a: Tortel\n|-damage|p2a: Tortel|0 fnt\n|faint|p2a: Tortel\n|\n|upkeep\n|\n|t:|1700681789\n|switch|p2a: Iron Valiant|Iron Valiant|100\/100\n|-enditem|p2a: Iron Valiant|Booster Energy\n|-activate|p2a: Iron Valiant|ability: Quark Drive|[fromitem]\n|-start|p2a: Iron Valiant|quarkdrivespe\n|turn|9\n|\n|t:|1700681804\n|move|p2a: Iron Valiant|Drain Punch|p1a: Zygarde\n|-damage|p1a: Zygarde|0 fnt\n|faint|p1a: Zygarde\n|\n|upkeep\n|\n|t:|1700681807\n|switch|p1a: Rhydon|Rhydon, M, shiny|100\/100\n|turn|10\n|\n|t:|1700681816\n|-end|p2a: Iron Valiant|Quark Drive|[silent]\n|switch|p2a: Amoonguss|Amoonguss, M|100\/100\n|move|p1a: Rhydon|Metal Burst||[still]\n|-fail|p1a: Rhydon\n|\n|upkeep\n|turn|11\n|\n|t:|1700681821\n|switch|p1a: Nidoking|Nidoking, M, shiny, tera:Poison|100\/100\n|move|p2a: Amoonguss|Spore|p1a: Nidoking\n|-status|p1a: Nidoking|slp|[from] move: Spore\n|\n|upkeep\n|turn|12\n|\n|t:|1700681826\n|cant|p1a: Nidoking|slp\n|move|p2a: Amoonguss|Hex|p1a: Nidoking\n|-damage|p1a: Nidoking|50\/100 slp\n|\n|upkeep\n|turn|13\n|\n|t:|1700681832\n|cant|p1a: Nidoking|slp\n|move|p2a: Amoonguss|Hex|p1a: Nidoking\n|-damage|p1a: Nidoking|0 fnt\n|faint|p1a: Nidoking\n|\n|upkeep\n|\n|t:|1700681839\n|switch|p1a: Blastoise|Blastoise, F, shiny|100\/100\n|turn|14\n|\n|t:|1700681843\n|move|p1a: Blastoise|Shell Smash|p1a: Blastoise\n|-unboost|p1a: Blastoise|def|1\n|-unboost|p1a: Blastoise|spd|1\n|-boost|p1a: Blastoise|atk|2\n|-boost|p1a: Blastoise|spa|2\n|-boost|p1a: Blastoise|spe|2\n|-enditem|p1a: Blastoise|White Herb\n|-clearnegativeboost|p1a: Blastoise|[silent]\n|move|p2a: Amoonguss|Spore|p1a: Blastoise\n|-status|p1a: Blastoise|slp|[from] move: Spore\n|\n|upkeep\n|turn|15\n|\n|t:|1700681852\n|cant|p1a: Blastoise|slp\n|move|p2a: Amoonguss|Giga Drain|p1a: Blastoise\n|-supereffective|p1a: Blastoise\n|-damage|p1a: Blastoise|34\/100 slp\n|\n|upkeep\n|turn|16\n|\n|t:|1700681857\n|-curestatus|p1a: Blastoise|slp|[msg]\n|move|p1a: Blastoise|Ice Beam|p2a: Amoonguss\n|-supereffective|p2a: Amoonguss\n|-damage|p2a: Amoonguss|18\/100\n|move|p2a: Amoonguss|Giga Drain|p1a: Blastoise\n|-supereffective|p1a: Blastoise\n|-damage|p1a: Blastoise|0 fnt\n|-heal|p2a: Amoonguss|30\/100|[from] drain|[of] p1a: Blastoise\n|faint|p1a: Blastoise\n|\n|-heal|p2a: Amoonguss|36\/100|[from] item: Leftovers\n|upkeep\n|\n|t:|1700681861\n|switch|p1a: Rhydon|Rhydon, M, shiny|100\/100\n|turn|17\n|\n|t:|1700681870\n|move|p1a: Rhydon|Bulldoze|p2a: Amoonguss\n|-crit|p2a: Amoonguss\n|-damage|p2a: Amoonguss|0 fnt\n|faint|p2a: Amoonguss\n|\n|upkeep\n|\n|t:|1700681875\n|switch|p2a: Glimmora|Glimmora, M|100\/100\n|turn|18\n|\n|t:|1700681879\n|move|p2a: Glimmora|Earth Power|p1a: Rhydon\n|-supereffective|p1a: Rhydon\n|-damage|p1a: Rhydon|62\/100\n|move|p1a: Rhydon|Bulldoze|p2a: Glimmora\n|-supereffective|p2a: Glimmora\n|-damage|p2a: Glimmora|0 fnt\n|-activate|p2a: Glimmora|ability: Toxic Debris\n|-sidestart|p1: ooohhh yeaauuhhh|move: Toxic Spikes\n|faint|p2a: Glimmora\n|\n|upkeep\n|\n|t:|1700681887\n|switch|p2a: Iron Valiant|Iron Valiant|100\/100\n|turn|19\n|\n|t:|1700681890\n|move|p2a: Iron Valiant|Drain Punch|p1a: Rhydon\n|-supereffective|p1a: Rhydon\n|-damage|p1a: Rhydon|27\/100\n|move|p1a: Rhydon|Metal Burst|p2a: Iron Valiant\n|-damage|p2a: Iron Valiant|26\/100\n|\n|upkeep\n|turn|20\n|\n|t:|1700681896\n|move|p2a: Iron Valiant|Drain Punch|p1a: Rhydon\n|-supereffective|p1a: Rhydon\n|-crit|p1a: Rhydon\n|-damage|p1a: Rhydon|0 fnt\n|-heal|p2a: Iron Valiant|45\/100|[from] drain|[of] p1a: Rhydon\n|faint|p1a: Rhydon\n|\n|win|AxolotlNumber2\n|raw|ooohhh yeaauuhhh's rating: 1142 &rarr; <strong>1111<\/strong><br \/>(-31 for losing)\n|raw|AxolotlNumber2's rating: 1062 &rarr; <strong>1100<\/strong><br \/>(+38 for winning)\n|l|\u203dooohhh yeaauuhhh\n","uploadtime":1700681905,"views":0,"p1id":"ooohhhyeaauuhhh","p2id":"axolotlnumber2","formatid":"gen9nationaldex","rating":1100,"private":0,"password":""}