{"id":"gen9nationaldex-1994206868","p1":"0Samuel9","p2":"V0IDSTARRR","format":"[Gen 9] National Dex","log":"|j|\u26060Samuel9\n|j|\u2606V0IDSTARRR\n|t:|1700418897\n|gametype|singles\n|player|p1|0Samuel9|102|1040\n|player|p2|V0IDSTARRR|266|1121\n|teamsize|p1|6\n|teamsize|p2|6\n|gen|9\n|tier|[Gen 9] National Dex\n|rated|\n|rule|HP Percentage Mod: HP is shown in percentages\n|rule|Endless Battle Clause: Forcing endless battles is banned\n|rule|OHKO Clause: OHKO moves are banned\n|rule|Evasion Clause: Evasion abilities, items, and moves are banned\n|rule|Evasion Abilities Clause: Evasion abilities are banned\n|rule|Evasion Items Clause: Evasion items are banned\n|rule|Evasion Moves Clause: Evasion moves are banned\n|rule|Species Clause: Limit one of each Pok\u00e9mon\n|rule|Sleep Clause Mod: Limit one foe put to sleep\n|clearpoke\n|poke|p1|Torterra, F|\n|poke|p1|Overqwil, F|\n|poke|p1|Politoed, F|\n|poke|p1|Stoutland, M|\n|poke|p1|Gigalith, M|\n|poke|p1|Dracozolt|\n|poke|p2|Beedrill, M|\n|poke|p2|Tapu Lele|\n|poke|p2|Espeon, M|\n|poke|p2|Grimmsnarl, M|\n|poke|p2|Garchomp, F|\n|poke|p2|Indeedee, M|\n|teampreview\n|c|\u26060Samuel9|hello there\n|\n|t:|1700418911\n|start\n|switch|p1a: Politoed|Politoed, F|100\/100\n|switch|p2a: Grimmsnarl|Grimmsnarl, M|100\/100\n|turn|1\n|\n|t:|1700418918\n|move|p2a: Grimmsnarl|Light Screen|p2a: Grimmsnarl\n|-sidestart|p2: V0IDSTARRR|move: Light Screen\n|move|p1a: Politoed|Rain Dance|p1a: Politoed\n|-weather|RainDance\n|\n|-weather|RainDance|[upkeep]\n|upkeep\n|turn|2\n|c|\u26060Samuel9|nice beedrill :D\n|\n|t:|1700418933\n|-terastallize|p1a: Politoed|Normal\n|move|p2a: Grimmsnarl|Reflect|p2a: Grimmsnarl\n|-sidestart|p2: V0IDSTARRR|Reflect\n|move|p1a: Politoed|Body Slam|p2a: Grimmsnarl\n|-damage|p2a: Grimmsnarl|88\/100\n|-damage|p1a: Politoed|91\/100|[from] item: Life Orb\n|\n|-weather|RainDance|[upkeep]\n|upkeep\n|turn|3\n|\n|t:|1700418944\n|move|p2a: Grimmsnarl|Parting Shot|p1a: Politoed\n|-unboost|p1a: Politoed|atk|1\n|-unboost|p1a: Politoed|spa|1\n|\n|t:|1700418955\n|switch|p2a: Tapu Lele|Tapu Lele, shiny|100\/100|[from] Parting Shot\n|-fieldstart|move: Psychic Terrain|[from] ability: Psychic Surge|[of] p2a: Tapu Lele\n|move|p1a: Politoed|Water Pulse|p2a: Tapu Lele\n|-damage|p2a: Tapu Lele|83\/100\n|-enditem|p2a: Tapu Lele|Eject Button\n|-damage|p1a: Politoed|81\/100|[from] item: Life Orb\n|\n|t:|1700418959\n|switch|p2a: Garchomp|Garchomp, F|100\/100\n|\n|-weather|RainDance|[upkeep]\n|upkeep\n|turn|4\n|\n|t:|1700418967\n|move|p2a: Garchomp|Swords Dance|p2a: Garchomp\n|-boost|p2a: Garchomp|atk|2\n|move|p1a: Politoed|Rain Dance||[still]\n|-fail|p1a: Politoed\n|\n|-weather|RainDance|[upkeep]\n|upkeep\n|turn|5\n|\n|t:|1700418974\n|move|p2a: Garchomp|Scale Shot|p1a: Politoed\n|-damage|p1a: Politoed|38\/100\n|-damage|p1a: Politoed|1\/100\n|-damage|p1a: Politoed|0 fnt\n|faint|p1a: Politoed\n|-hitcount|p1: Politoed|3\n|-unboost|p2a: Garchomp|def|1\n|-boost|p2a: Garchomp|spe|1\n|\n|-weather|none\n|upkeep\n|\n|t:|1700418985\n|switch|p1a: Overqwil|Overqwil, F|100\/100\n|turn|6\n|\n|t:|1700418990\n|move|p2a: Garchomp|Scale Shot|p1a: Overqwil\n|-damage|p1a: Overqwil|72\/100\n|-crit|p1a: Overqwil\n|-damage|p1a: Overqwil|28\/100\n|-crit|p1a: Overqwil\n|-damage|p1a: Overqwil|0 fnt\n|faint|p1a: Overqwil\n|-hitcount|p1: Overqwil|3\n|-unboost|p2a: Garchomp|def|1\n|-boost|p2a: Garchomp|spe|1\n|\n|upkeep\n|\n|t:|1700419000\n|switch|p1a: Gigalith|Gigalith, M|100\/100\n|-weather|Sandstorm|[from] ability: Sand Stream|[of] p1a: Gigalith\n|turn|7\n|\n|t:|1700419006\n|move|p2a: Garchomp|Earthquake|p1a: Gigalith\n|-supereffective|p1a: Gigalith\n|-damage|p1a: Gigalith|0 fnt\n|faint|p1a: Gigalith\n|\n|-weather|Sandstorm|[upkeep]\n|-fieldend|move: Psychic Terrain\n|upkeep\n|\n|t:|1700419013\n|switch|p1a: Dracozolt|Dracozolt|100\/100\n|turn|8\n|\n|t:|1700419017\n|move|p2a: Garchomp|Scale Shot|p1a: Dracozolt\n|-supereffective|p1a: Dracozolt\n|-damage|p1a: Dracozolt|34\/100\n|-supereffective|p1a: Dracozolt\n|-damage|p1a: Dracozolt|0 fnt\n|faint|p1a: Dracozolt\n|-hitcount|p1: Dracozolt|2\n|-unboost|p2a: Garchomp|def|1\n|-boost|p2a: Garchomp|spe|1\n|\n|-weather|Sandstorm|[upkeep]\n|-sideend|p2: V0IDSTARRR|move: Light Screen\n|upkeep\n|\n|t:|1700419026\n|switch|p1a: Torterra|Torterra, F|100\/100\n|turn|9\n|\n|t:|1700419029\n|-terastallize|p2a: Garchomp|Fire\n|move|p2a: Garchomp|Tera Blast|p1a: Torterra|[anim] Tera Blast Fire\n|-supereffective|p1a: Torterra\n|-damage|p1a: Torterra|0 fnt\n|faint|p1a: Torterra\n|\n|-weather|Sandstorm|[upkeep]\n|-damage|p2a: Garchomp|94\/100|[from] Sandstorm\n|-sideend|p2: V0IDSTARRR|Reflect\n|upkeep\n|\n|t:|1700419037\n|switch|p1a: Stoutland|Stoutland, M|100\/100\n|turn|10\n|\n|t:|1700419042\n|move|p2a: Garchomp|Earthquake|p1a: Stoutland\n|-damage|p1a: Stoutland|0 fnt\n|faint|p1a: Stoutland\n|\n|win|V0IDSTARRR\n|raw|0Samuel9's rating: 1040 &rarr; <strong>1028<\/strong><br \/>(-12 for losing)\n|raw|V0IDSTARRR's rating: 1121 &rarr; <strong>1140<\/strong><br \/>(+19 for winning)\n","uploadtime":1700419046,"views":9,"p1id":"0samuel9","p2id":"v0idstarrr","formatid":"gen9nationaldex","rating":1028,"private":0,"password":""}