{"id":"gen9nationaldex-1991261871","p1":"epicturt","p2":"WynExplode","format":"[Gen 9] National Dex","log":"|j|\u2606epicturt\n|j|\u2606WynExplode\n|t:|1700062286\n|gametype|singles\n|player|p1|epicturt|cameraman|1271\n|player|p2|WynExplode|veteran|1370\n|teamsize|p1|6\n|teamsize|p2|6\n|gen|9\n|tier|[Gen 9] National Dex\n|rated|\n|rule|HP Percentage Mod: HP is shown in percentages\n|rule|Endless Battle Clause: Forcing endless battles is banned\n|rule|OHKO Clause: OHKO moves are banned\n|rule|Evasion Clause: Evasion abilities, items, and moves are banned\n|rule|Evasion Abilities Clause: Evasion abilities are banned\n|rule|Evasion Items Clause: Evasion items are banned\n|rule|Evasion Moves Clause: Evasion moves are banned\n|rule|Species Clause: Limit one of each Pok\u00e9mon\n|rule|Sleep Clause Mod: Limit one foe put to sleep\n|clearpoke\n|poke|p1|Delibird, M|\n|poke|p1|Xurkitree|\n|poke|p1|Sawsbuck-Winter, M|\n|poke|p1|Sudowoodo, M|\n|poke|p1|Abomasnow, M|\n|poke|p1|Cryogonal|\n|poke|p2|Kartana|\n|poke|p2|Pelipper, M|\n|poke|p2|Swampert, M|\n|poke|p2|Zapdos|\n|poke|p2|Urshifu-*, M|\n|poke|p2|Meowscarada, M|\n|teampreview\n|inactive|Battle timer is ON: inactive players will automatically lose when time's up. (requested by WynExplode)\n|\n|t:|1700062294\n|start\n|switch|p1a: O Holy Night|Cryogonal|100\/100\n|switch|p2a: MANDATORY GUZZLER|Pelipper, M|100\/100\n|-weather|RainDance|[from] ability: Drizzle|[of] p2a: MANDATORY GUZZLER\n|turn|1\n|\n|t:|1700062307\n|switch|p2a: TWINK (ME FR)|Meowscarada, M|100\/100\n|move|p1a: O Holy Night|Freeze-Dry|p2a: TWINK (ME FR)\n|-supereffective|p2a: TWINK (ME FR)\n|-damage|p2a: TWINK (ME FR)|32\/100\n|\n|-weather|RainDance|[upkeep]\n|upkeep\n|turn|2\n|\n|t:|1700062317\n|switch|p1a: This Christmas|Sawsbuck-Winter, M|100\/100\n|move|p2a: TWINK (ME FR)|Knock Off|p1a: This Christmas\n|-start|p2a: TWINK (ME FR)|typechange|Dark|[from] ability: Protean\n|-damage|p1a: This Christmas|29\/100\n|-enditem|p1a: This Christmas|Salac Berry|[from] move: Knock Off|[of] p2a: TWINK (ME FR)\n|\n|-weather|RainDance|[upkeep]\n|upkeep\n|turn|3\n|\n|t:|1700062327\n|move|p2a: TWINK (ME FR)|U-turn|p1a: This Christmas\n|-supereffective|p1a: This Christmas\n|-damage|p1a: This Christmas|0 fnt\n|faint|p1a: This Christmas\n|\n|t:|1700062333\n|switch|p2a: xXB0G_L0RDXx|Swampert, M|100\/100|[from] U-turn\n|\n|-weather|RainDance|[upkeep]\n|upkeep\n|\n|t:|1700062336\n|switch|p1a: Snowman|Abomasnow, M, shiny|100\/100\n|-weather|Snow|[from] ability: Snow Warning|[of] p1a: Snowman\n|turn|4\n|\n|t:|1700062343\n|detailschange|p2a: xXB0G_L0RDXx|Swampert-Mega, M\n|-mega|p2a: xXB0G_L0RDXx|Swampert|Swampertite\n|move|p2a: xXB0G_L0RDXx|Flip Turn|p1a: Snowman\n|-resisted|p1a: Snowman\n|-damage|p1a: Snowman|87\/100\n|\n|t:|1700062349\n|switch|p2a: MANDATORY GUZZLER|Pelipper, M|100\/100|[from] Flip Turn\n|-weather|RainDance|[from] ability: Drizzle|[of] p2a: MANDATORY GUZZLER\n|move|p1a: Snowman|Blizzard|p2a: MANDATORY GUZZLER|[miss]\n|-miss|p1a: Snowman|p2a: MANDATORY GUZZLER\n|\n|-weather|RainDance|[upkeep]\n|upkeep\n|turn|5\n|\n|t:|1700062357\n|switch|p2a: TWINK (ME FR)|Meowscarada, M|32\/100\n|switch|p1a: O Holy Night|Cryogonal|100\/100\n|\n|-weather|RainDance|[upkeep]\n|upkeep\n|turn|6\n|\n|t:|1700062366\n|switch|p1a: Feliz Navidad|Delibird, M|100\/100\n|move|p2a: TWINK (ME FR)|Knock Off|p1a: Feliz Navidad\n|-start|p2a: TWINK (ME FR)|typechange|Dark|[from] ability: Protean\n|-damage|p1a: Feliz Navidad|2\/100\n|-enditem|p1a: Feliz Navidad|Heavy-Duty Boots|[from] move: Knock Off|[of] p2a: TWINK (ME FR)\n|\n|-weather|RainDance|[upkeep]\n|upkeep\n|turn|7\n|\n|t:|1700062376\n|move|p2a: TWINK (ME FR)|U-turn|p1a: Feliz Navidad\n|-resisted|p1a: Feliz Navidad\n|-damage|p1a: Feliz Navidad|0 fnt\n|faint|p1a: Feliz Navidad\n|\n|t:|1700062387\n|switch|p2a: THUNDABIRD!!!|Zapdos|100\/100|[from] U-turn\n|\n|-weather|RainDance|[upkeep]\n|upkeep\n|\n|t:|1700062401\n|switch|p1a: Carol of the Bells|Sudowoodo, M|100\/100\n|turn|8\n|c|\u2606epicturt|love ur nicknames\n|\n|t:|1700062407\n|move|p2a: THUNDABIRD!!!|Thunder|p1a: Carol of the Bells\n|-damage|p1a: Carol of the Bells|22\/100\n|-status|p1a: Carol of the Bells|par\n|cant|p1a: Carol of the Bells|par\n|\n|-weather|RainDance|[upkeep]\n|upkeep\n|turn|9\n|c|\u2606WynExplode|Thank you!\n|\n|t:|1700062416\n|move|p2a: THUNDABIRD!!!|Hurricane|p1a: Carol of the Bells\n|-resisted|p1a: Carol of the Bells\n|-damage|p1a: Carol of the Bells|0 fnt\n|faint|p1a: Carol of the Bells\n|\n|-weather|RainDance|[upkeep]\n|upkeep\n|\n|t:|1700062423\n|switch|p1a: Snowman|Abomasnow, M, shiny|87\/100\n|-weather|Snow|[from] ability: Snow Warning|[of] p1a: Snowman\n|turn|10\n|\n|t:|1700062428\n|move|p2a: THUNDABIRD!!!|Hurricane|p1a: Snowman\n|-supereffective|p1a: Snowman\n|-crit|p1a: Snowman\n|-damage|p1a: Snowman|0 fnt\n|faint|p1a: Snowman\n|\n|-weather|Snow|[upkeep]\n|upkeep\n|\n|t:|1700062434\n|switch|p1a: O Holy Night|Cryogonal|100\/100\n|turn|11\n|\n|t:|1700062437\n|move|p1a: O Holy Night|Freeze-Dry|p2a: THUNDABIRD!!!\n|-supereffective|p2a: THUNDABIRD!!!\n|-damage|p2a: THUNDABIRD!!!|52\/100\n|move|p2a: THUNDABIRD!!!|Thunder|p1a: O Holy Night|[miss]\n|-miss|p2a: THUNDABIRD!!!|p1a: O Holy Night\n|\n|-weather|Snow|[upkeep]\n|upkeep\n|turn|12\n|\n|t:|1700062445\n|move|p1a: O Holy Night|Freeze-Dry|p2a: THUNDABIRD!!!\n|-supereffective|p2a: THUNDABIRD!!!\n|-crit|p2a: THUNDABIRD!!!\n|-damage|p2a: THUNDABIRD!!!|0 fnt\n|faint|p2a: THUNDABIRD!!!\n|\n|-weather|Snow|[upkeep]\n|upkeep\n|\n|t:|1700062451\n|switch|p2a: MANDATORY GUZZLER|Pelipper, M|100\/100\n|-weather|RainDance|[from] ability: Drizzle|[of] p2a: MANDATORY GUZZLER\n|turn|13\n|\n|t:|1700062456\n|switch|p2a: TWINK (ME FR)|Meowscarada, M|32\/100\n|move|p1a: O Holy Night|Freeze-Dry|p2a: TWINK (ME FR)\n|-supereffective|p2a: TWINK (ME FR)\n|-damage|p2a: TWINK (ME FR)|0 fnt\n|faint|p2a: TWINK (ME FR)\n|\n|-weather|RainDance|[upkeep]\n|upkeep\n|\n|t:|1700062471\n|switch|p2a: UHM DADDY!?|Urshifu-Rapid-Strike, M|100\/100\n|turn|14\n|c|\u2606epicturt|LMFAO\n|c|\u2606WynExplode|:3c\n|\n|t:|1700062484\n|move|p2a: UHM DADDY!?|Surging Strikes|p1a: O Holy Night\n|-crit|p1a: O Holy Night\n|-damage|p1a: O Holy Night|53\/100\n|-crit|p1a: O Holy Night\n|-damage|p1a: O Holy Night|8\/100\n|-crit|p1a: O Holy Night\n|-damage|p1a: O Holy Night|0 fnt\n|faint|p1a: O Holy Night\n|-hitcount|p1: O Holy Night|3\n|\n|-weather|RainDance|[upkeep]\n|upkeep\n|\n|t:|1700062492\n|switch|p1a: Santa Tell Me|Xurkitree|100\/100\n|turn|15\n|\n|t:|1700062500\n|-terastallize|p1a: Santa Tell Me|Grass\n|move|p2a: UHM DADDY!?|Surging Strikes|p1a: Santa Tell Me\n|-resisted|p1a: Santa Tell Me\n|-crit|p1a: Santa Tell Me\n|-damage|p1a: Santa Tell Me|79\/100\n|-resisted|p1a: Santa Tell Me\n|-crit|p1a: Santa Tell Me\n|-damage|p1a: Santa Tell Me|59\/100\n|-resisted|p1a: Santa Tell Me\n|-crit|p1a: Santa Tell Me\n|-damage|p1a: Santa Tell Me|38\/100\n|-hitcount|p1a: Santa Tell Me|3\n|move|p1a: Santa Tell Me|Energy Ball|p2a: UHM DADDY!?\n|-supereffective|p2a: UHM DADDY!?\n|-damage|p2a: UHM DADDY!?|0 fnt\n|faint|p2a: UHM DADDY!?\n|-ability|p1a: Santa Tell Me|Beast Boost|boost\n|-boost|p1a: Santa Tell Me|spa|1\n|\n|-weather|RainDance|[upkeep]\n|upkeep\n|\n|t:|1700062516\n|switch|p2a: K. KILLA|Kartana, shiny|100\/100\n|turn|16\n|\n|t:|1700062521\n|move|p2a: K. KILLA|Smart Strike|p1a: Santa Tell Me\n|-damage|p1a: Santa Tell Me|0 fnt\n|faint|p1a: Santa Tell Me\n|\n|win|WynExplode\n|raw|epicturt's rating: 1271 &rarr; <strong>1253<\/strong><br \/>(-18 for losing)\n|raw|WynExplode's rating: 1370 &rarr; <strong>1384<\/strong><br \/>(+14 for winning)\n|c|\u2606epicturt|gg\n|c|\u2606WynExplode|gg!!\n|l|\u2606WynExplode\n","uploadtime":1700062538,"views":5,"p1id":"epicturt","p2id":"wynexplode","formatid":"gen9nationaldex","rating":1253,"private":0,"password":""}