{"id":"gen9nationaldex-1995668893","p1":"turtle lover 069","p2":"galladesimp","format":"[Gen 9] National Dex","log":"|html|<div class=\"broadcast-blue\"><strong>[Gen 9] National Dex is currently suspecting Sneasler! For information on how to participate check out the <a href=\"https:\/\/www.smogon.com\/forums\/threads\/sv-national-dex-suspect-8-just-dance.3731534\/\">suspect thread<\/a>.<\/strong><\/div>\n|j|\u2606turtle lover 069\n|j|\u2606galladesimp\n|t:|1700592387\n|gametype|singles\n|player|p1|turtle lover 069|unknown|1326\n|player|p2|galladesimp|elesa-masters2|1285\n|teamsize|p1|6\n|teamsize|p2|6\n|gen|9\n|tier|[Gen 9] National Dex\n|rated|\n|rule|HP Percentage Mod: HP is shown in percentages\n|rule|Endless Battle Clause: Forcing endless battles is banned\n|rule|OHKO Clause: OHKO moves are banned\n|rule|Evasion Clause: Evasion abilities, items, and moves are banned\n|rule|Evasion Abilities Clause: Evasion abilities are banned\n|rule|Evasion Items Clause: Evasion items are banned\n|rule|Evasion Moves Clause: Evasion moves are banned\n|rule|Species Clause: Limit one of each Pok\u00e9mon\n|rule|Sleep Clause Mod: Limit one foe put to sleep\n|clearpoke\n|poke|p1|Zapdos|\n|poke|p1|Gliscor, F|\n|poke|p1|Heatran, F|\n|poke|p1|Tornadus-Therian, M|\n|poke|p1|Ogerpon-Wellspring, F|\n|poke|p1|Scizor, F|\n|poke|p2|Beedrill, F|\n|poke|p2|Mandibuzz, F|\n|poke|p2|Espeon, F|\n|poke|p2|Swampert, M|\n|poke|p2|Darmanitan, F|\n|poke|p2|Celebi|\n|teampreview\n|inactive|Battle timer is ON: inactive players will automatically lose when time's up. (requested by galladesimp)\n|inactive|turtle lover 069 also wants the timer to be on.\n|\n|t:|1700592394\n|start\n|switch|p1a: Tornadus|Tornadus-Therian, M|100\/100\n|switch|p2a: Beedrill|Beedrill, F|100\/100\n|turn|1\n|\n|t:|1700592401\n|detailschange|p2a: Beedrill|Beedrill-Mega, F\n|-mega|p2a: Beedrill|Beedrill|Beedrillite\n|move|p2a: Beedrill|U-turn|p1a: Tornadus\n|-resisted|p1a: Tornadus\n|-damage|p1a: Tornadus|72\/100\n|\n|t:|1700592406\n|switch|p2a: Swampert|Swampert, M|100\/100|[from] U-turn\n|move|p1a: Tornadus|Bleakwind Storm|p2a: Swampert|[miss]\n|-miss|p1a: Tornadus|p2a: Swampert\n|\n|upkeep\n|turn|2\n|\n|t:|1700592412\n|move|p1a: Tornadus|Grass Knot|p2a: Swampert\n|-supereffective|p2a: Swampert\n|-damage|p2a: Swampert|40\/100\n|move|p2a: Swampert|Stealth Rock|p1a: Tornadus\n|-sidestart|p1: turtle lover 069|move: Stealth Rock\n|\n|-heal|p2a: Swampert|46\/100|[from] item: Leftovers\n|upkeep\n|turn|3\n|\n|t:|1700592420\n|switch|p2a: Mandibuzz|Mandibuzz, F|100\/100\n|move|p1a: Tornadus|Bleakwind Storm|p2a: Mandibuzz\n|-damage|p2a: Mandibuzz|67\/100\n|\n|upkeep\n|turn|4\n|\n|t:|1700592426\n|move|p1a: Tornadus|U-turn|p2a: Mandibuzz\n|-damage|p2a: Mandibuzz|58\/100\n|\n|t:|1700592429\n|switch|p1a: Gliscor|Gliscor, F|100\/100|[from] U-turn\n|-damage|p1a: Gliscor|88\/100|[from] Stealth Rock\n|move|p2a: Mandibuzz|Knock Off|p1a: Gliscor\n|-damage|p1a: Gliscor|74\/100\n|-enditem|p1a: Gliscor|Toxic Orb|[from] move: Knock Off|[of] p2a: Mandibuzz\n|\n|upkeep\n|turn|5\n|\n|t:|1700592436\n|move|p1a: Gliscor|Defog|p2a: Mandibuzz\n|-unboost|p2a: Mandibuzz|evasion|1\n|-sideend|p1: turtle lover 069|Stealth Rock|[from] move: Defog|[of] p1a: Gliscor\n|move|p2a: Mandibuzz|Roost|p2a: Mandibuzz\n|-heal|p2a: Mandibuzz|100\/100\n|-singleturn|p2a: Mandibuzz|move: Roost\n|\n|upkeep\n|turn|6\n|\n|t:|1700592440\n|move|p1a: Gliscor|Stealth Rock|p2a: Mandibuzz\n|-sidestart|p2: galladesimp|move: Stealth Rock\n|move|p2a: Mandibuzz|U-turn|p1a: Gliscor\n|-resisted|p1a: Gliscor\n|-damage|p1a: Gliscor|71\/100\n|\n|t:|1700592448\n|switch|p2a: Celebi|Celebi|100\/100|[from] U-turn\n|-damage|p2a: Celebi|88\/100|[from] Stealth Rock\n|\n|-heal|p2a: Celebi|94\/100|[from] item: Leftovers\n|upkeep\n|turn|7\n|\n|t:|1700592450\n|move|p2a: Celebi|U-turn|p1a: Gliscor\n|-resisted|p1a: Gliscor\n|-damage|p1a: Gliscor|67\/100\n|\n|t:|1700592455\n|switch|p2a: Mandibuzz|Mandibuzz, F|100\/100|[from] U-turn\n|move|p1a: Gliscor|U-turn|p2a: Mandibuzz\n|-damage|p2a: Mandibuzz|92\/100\n|\n|t:|1700592463\n|switch|p1a: Zapdos|Zapdos|100\/100|[from] U-turn\n|\n|upkeep\n|turn|8\n|\n|t:|1700592467\n|move|p1a: Zapdos|Hurricane|p2a: Mandibuzz\n|-damage|p2a: Mandibuzz|23\/100\n|move|p2a: Mandibuzz|Defog|p1a: Zapdos\n|-unboost|p1a: Zapdos|evasion|1\n|-sideend|p2: galladesimp|Stealth Rock|[from] move: Defog|[of] p2a: Mandibuzz\n|\n|upkeep\n|turn|9\n|\n|t:|1700592476\n|move|p1a: Zapdos|Hurricane|p2a: Mandibuzz|[miss]\n|-miss|p1a: Zapdos|p2a: Mandibuzz\n|move|p2a: Mandibuzz|Roost|p2a: Mandibuzz\n|-heal|p2a: Mandibuzz|73\/100\n|-singleturn|p2a: Mandibuzz|move: Roost\n|\n|upkeep\n|turn|10\n|\n|t:|1700592490\n|switch|p2a: Swampert|Swampert, M|46\/100\n|move|p1a: Zapdos|Hurricane|p2a: Swampert\n|-damage|p2a: Swampert|0 fnt\n|faint|p2a: Swampert\n|\n|upkeep\n|\n|t:|1700592492\n|switch|p2a: Darmanitan|Darmanitan, F|100\/100\n|turn|11\n|\n|t:|1700592499\n|switch|p1a: Heatran|Heatran, F|100\/100\n|move|p2a: Darmanitan|Earthquake|p1a: Heatran\n|-supereffective|p1a: Heatran\n|-damage|p1a: Heatran|0 fnt\n|faint|p1a: Heatran\n|\n|upkeep\n|\n|t:|1700592506\n|switch|p1a: Ogerpon|Ogerpon-Wellspring, F|100\/100\n|turn|12\n|\n|t:|1700592521\n|switch|p2a: Celebi|Celebi|94\/100\n|-terastallize|p1a: Ogerpon|Water\n|detailschange|p1a: Ogerpon|Ogerpon-Wellspring-Tera, F, tera:Water\n|-ability|p1a: Ogerpon|Embody Aspect (Wellspring)|boost\n|-boost|p1a: Ogerpon|spd|1\n|move|p1a: Ogerpon|Swords Dance|p1a: Ogerpon\n|-boost|p1a: Ogerpon|atk|2\n|\n|-heal|p2a: Celebi|100\/100|[from] item: Leftovers\n|upkeep\n|turn|13\n|\n|t:|1700592529\n|move|p1a: Ogerpon|Ivy Cudgel|p2a: Celebi|[anim] Ivy Cudgel Water\n|-resisted|p2a: Celebi\n|-damage|p2a: Celebi|38\/100\n|move|p2a: Celebi|Leech Seed|p1a: Ogerpon\n|-start|p1a: Ogerpon|move: Leech Seed\n|\n|-heal|p2a: Celebi|44\/100|[from] item: Leftovers\n|-damage|p1a: Ogerpon|88\/100|[from] Leech Seed|[of] p2a: Celebi\n|-heal|p2a: Celebi|53\/100|[silent]\n|upkeep\n|turn|14\n|\n|t:|1700592535\n|move|p1a: Ogerpon|Ivy Cudgel|p2a: Celebi|[anim] Ivy Cudgel Water\n|-resisted|p2a: Celebi\n|-damage|p2a: Celebi|0 fnt\n|faint|p2a: Celebi\n|\n|upkeep\n|\n|t:|1700592543\n|switch|p2a: Beedrill|Beedrill-Mega, F|100\/100\n|turn|15\n|\n|t:|1700592546\n|move|p2a: Beedrill|Poison Jab|p1a: Ogerpon\n|-damage|p1a: Ogerpon|0 fnt\n|faint|p1a: Ogerpon\n|\n|upkeep\n|\n|t:|1700592555\n|switch|p1a: Scizor|Scizor, F|100\/100\n|turn|16\n|\n|t:|1700592562\n|switch|p2a: Mandibuzz|Mandibuzz, F|73\/100\n|detailschange|p1a: Scizor|Scizor-Mega, F\n|-mega|p1a: Scizor|Scizor|Scizorite\n|move|p1a: Scizor|Close Combat|p2a: Mandibuzz\n|-damage|p2a: Mandibuzz|49\/100\n|-unboost|p1a: Scizor|def|1\n|-unboost|p1a: Scizor|spd|1\n|\n|upkeep\n|turn|17\n|\n|t:|1700592571\n|switch|p1a: Zapdos|Zapdos|100\/100\n|move|p2a: Mandibuzz|Roost|p2a: Mandibuzz\n|-heal|p2a: Mandibuzz|99\/100\n|-singleturn|p2a: Mandibuzz|move: Roost\n|\n|upkeep\n|turn|18\n|\n|t:|1700592579\n|switch|p2a: Espeon|Espeon, F|100\/100\n|move|p1a: Zapdos|Thunderbolt|p2a: Espeon\n|-crit|p2a: Espeon\n|-enditem|p2a: Espeon|Focus Sash\n|-damage|p2a: Espeon|1\/100\n|-status|p2a: Espeon|par\n|\n|upkeep\n|turn|19\n|\n|t:|1700592585\n|switch|p1a: Tornadus|Tornadus-Therian, M|100\/100\n|move|p2a: Espeon|Psychic|p1a: Tornadus\n|-damage|p1a: Tornadus|74\/100\n|\n|upkeep\n|turn|20\n|\n|t:|1700592590\n|move|p1a: Tornadus|U-turn|p2a: Espeon\n|-supereffective|p2a: Espeon\n|-damage|p2a: Espeon|0 fnt\n|faint|p2a: Espeon\n|\n|t:|1700592592\n|switch|p1a: Zapdos|Zapdos|100\/100|[from] U-turn\n|\n|upkeep\n|\n|t:|1700592595\n|switch|p2a: Darmanitan|Darmanitan, F|100\/100\n|turn|21\n|\n|t:|1700592599\n|switch|p1a: Gliscor|Gliscor, F|67\/100\n|-terastallize|p2a: Darmanitan|Fire\n|move|p2a: Darmanitan|Flare Blitz|p1a: Gliscor\n|-damage|p1a: Gliscor|0 fnt\n|faint|p1a: Gliscor\n|-damage|p2a: Darmanitan|78\/100|[from] Recoil\n|\n|upkeep\n|\n|t:|1700592613\n|switch|p1a: Zapdos|Zapdos|100\/100\n|turn|22\n|\n|t:|1700592616\n|switch|p1a: Tornadus|Tornadus-Therian, M|100\/100\n|move|p2a: Darmanitan|Flare Blitz|p1a: Tornadus\n|-damage|p1a: Tornadus|0 fnt\n|faint|p1a: Tornadus\n|-damage|p2a: Darmanitan|44\/100|[from] Recoil\n|\n|upkeep\n|\n|t:|1700592620\n|switch|p1a: Zapdos|Zapdos|100\/100\n|turn|23\n|\n|t:|1700592622\n|move|p2a: Darmanitan|Flare Blitz|p1a: Zapdos\n|-damage|p1a: Zapdos|0 fnt\n|-status|p2a: Darmanitan|par|[from] ability: Static|[of] p1a: Zapdos\n|faint|p1a: Zapdos\n|-damage|p2a: Darmanitan|14\/100 par|[from] Recoil\n|\n|upkeep\n|\n|t:|1700592625\n|switch|p1a: Scizor|Scizor-Mega, F|100\/100\n|turn|24\n|\n|t:|1700592633\n|move|p2a: Darmanitan|Flare Blitz|p1a: Scizor\n|-supereffective|p1a: Scizor\n|-damage|p1a: Scizor|0 fnt\n|faint|p1a: Scizor\n|-damage|p2a: Darmanitan|0 fnt|[from] Recoil\n|faint|p2a: Darmanitan\n|\n|win|galladesimp\n|raw|turtle lover 069's rating: 1326 &rarr; <strong>1304<\/strong><br \/>(-22 for losing)\n|raw|galladesimp's rating: 1285 &rarr; <strong>1313<\/strong><br \/>(+28 for winning)\n|l|\u2606turtle lover 069\n","uploadtime":1700592644,"views":5,"p1id":"turtlelover069","p2id":"galladesimp","formatid":"gen9nationaldex","rating":1304,"private":0,"password":""}