{"id":"gen9nationaldex-1994629998","p1":"buyi12137","p2":"Snakeman24","format":"[Gen 9] National Dex","log":"|html|<div class=\"broadcast-blue\"><strong>[Gen 9] National Dex is currently suspecting Sneasler! For information on how to participate check out the <a href=\"https:\/\/www.smogon.com\/forums\/threads\/sv-national-dex-suspect-8-just-dance.3731534\/\">suspect thread<\/a>.<\/strong><\/div>\n|j|\u2606buyi12137\n|j|\u2606Snakeman24\n|t:|1700472232\n|gametype|singles\n|player|p1|buyi12137|firebreather|1497\n|player|p2|Snakeman24|steven|1526\n|teamsize|p1|6\n|teamsize|p2|6\n|gen|9\n|tier|[Gen 9] National Dex\n|rated|\n|rule|HP Percentage Mod: HP is shown in percentages\n|rule|Endless Battle Clause: Forcing endless battles is banned\n|rule|OHKO Clause: OHKO moves are banned\n|rule|Evasion Clause: Evasion abilities, items, and moves are banned\n|rule|Evasion Abilities Clause: Evasion abilities are banned\n|rule|Evasion Items Clause: Evasion items are banned\n|rule|Evasion Moves Clause: Evasion moves are banned\n|rule|Species Clause: Limit one of each Pok\u00e9mon\n|rule|Sleep Clause Mod: Limit one foe put to sleep\n|clearpoke\n|poke|p1|Toxapex, F|\n|poke|p1|Dondozo, F|\n|poke|p1|Garganacl, F|\n|poke|p1|Sableye, M|\n|poke|p1|Clodsire, F|\n|poke|p1|Gliscor, M|\n|poke|p2|Pinsir, M|\n|poke|p2|Chansey, F|\n|poke|p2|Skarmory, M|\n|poke|p2|Hoopa-Unbound|\n|poke|p2|Greninja-*, M|\n|poke|p2|Dondozo, M|\n|teampreview\n|\n|t:|1700472240\n|start\n|switch|p1a: Sableye|Sableye, M|100\/100\n|switch|p2a: Greninja|Greninja, M|100\/100\n|turn|1\n|\n|t:|1700472254\n|switch|p2a: Chansey|Chansey, F|100\/100\n|switch|p1a: Toxapex|Toxapex, F|100\/100\n|\n|upkeep\n|turn|2\n|\n|t:|1700472265\n|move|p1a: Toxapex|Scald|p2a: Chansey\n|-damage|p2a: Chansey|95\/100\n|move|p2a: Chansey|Teleport|p2a: Chansey\n|\n|t:|1700472280\n|switch|p2a: Greninja|Greninja, M|100\/100|[from] Teleport\n|\n|upkeep\n|turn|3\n|\n|t:|1700472289\n|move|p2a: Greninja|U-turn|p1a: Toxapex\n|-start|p2a: Greninja|typechange|Bug|[from] ability: Protean\n|-resisted|p1a: Toxapex\n|-damage|p1a: Toxapex|90\/100\n|\n|t:|1700472294\n|switch|p2a: Chansey|Chansey, F|95\/100|[from] U-turn\n|move|p1a: Toxapex|Toxic|p2a: Chansey\n|-status|p2a: Chansey|tox\n|\n|-damage|p2a: Chansey|89\/100 tox|[from] psn\n|upkeep\n|turn|4\n|\n|t:|1700472304\n|switch|p1a: Garganacl|Garganacl, F|100\/100\n|move|p2a: Chansey|Teleport|p2a: Chansey\n|\n|t:|1700472312\n|-curestatus|p2a: Chansey|tox|[from] ability: Natural Cure\n|switch|p2a: Hoopa|Hoopa-Unbound|100\/100|[from] Teleport\n|\n|upkeep\n|turn|5\n|\n|t:|1700472326\n|-terastallize|p2a: Hoopa|Dark\n|-terastallize|p1a: Garganacl|Water\n|move|p2a: Hoopa|Hyperspace Fury|p1a: Garganacl\n|-damage|p1a: Garganacl|9\/100\n|-unboost|p2a: Hoopa|def|1\n|move|p1a: Garganacl|Salt Cure|p2a: Hoopa\n|-damage|p2a: Hoopa|63\/100\n|-start|p2a: Hoopa|Salt Cure\n|\n|-heal|p1a: Garganacl|15\/100|[from] item: Leftovers\n|-damage|p2a: Hoopa|51\/100|[from] Salt Cure\n|upkeep\n|turn|6\n|\n|t:|1700472343\n|switch|p1a: Clodsire|Clodsire, F|100\/100\n|move|p2a: Hoopa|Hyperspace Fury|p1a: Clodsire\n|-damage|p1a: Clodsire|0 fnt\n|-unboost|p2a: Hoopa|def|1\n|faint|p1a: Clodsire\n|\n|-damage|p2a: Hoopa|39\/100|[from] Salt Cure\n|upkeep\n|\n|t:|1700472354\n|switch|p1a: Sableye|Sableye, M|100\/100\n|turn|7\n|\n|t:|1700472359\n|switch|p2a: Chansey|Chansey, F|89\/100\n|move|p1a: Sableye|Protect||[still]\n|-fail|p1a: Sableye\n|\n|upkeep\n|turn|8\n|\n|t:|1700472369\n|move|p1a: Sableye|Knock Off|p2a: Chansey\n|-damage|p2a: Chansey|73\/100\n|-enditem|p2a: Chansey|Eviolite|[from] move: Knock Off|[of] p1a: Sableye\n|move|p2a: Chansey|Teleport|p2a: Chansey\n|\n|t:|1700472383\n|switch|p2a: Greninja|Greninja, M|100\/100|[from] Teleport\n|\n|upkeep\n|turn|9\n|\n|t:|1700472390\n|move|p1a: Sableye|Will-O-Wisp|p2a: Greninja\n|-hint|Since gen 7, Dark is immune to Prankster moves.\n|-immune|p2a: Greninja\n|move|p2a: Greninja|U-turn|p1a: Sableye\n|-start|p2a: Greninja|typechange|Bug|[from] ability: Protean\n|-damage|p1a: Sableye|78\/100\n|\n|t:|1700472400\n|switch|p2a: Hoopa|Hoopa-Unbound, tera:Dark|39\/100|[from] U-turn\n|\n|upkeep\n|turn|10\n|\n|t:|1700472408\n|detailschange|p1a: Sableye|Sableye-Mega, M\n|-mega|p1a: Sableye|Sableye|Sablenite\n|move|p2a: Hoopa|Hyperspace Fury|p1a: Sableye\n|-damage|p1a: Sableye|0 fnt\n|-unboost|p2a: Hoopa|def|1\n|faint|p1a: Sableye\n|\n|upkeep\n|\n|t:|1700472415\n|switch|p1a: Gliscor|Gliscor, M|100\/100\n|turn|11\n|\n|t:|1700472420\n|switch|p2a: Skarmory|Skarmory, M|100\/100\n|move|p1a: Gliscor|Earthquake|p2a: Skarmory\n|-immune|p2a: Skarmory\n|\n|-status|p1a: Gliscor|tox|[from] item: Toxic Orb\n|upkeep\n|turn|12\n|-message|buyi12137 forfeited.\n|\n|win|Snakeman24\n|raw|buyi12137's rating: 1497 &rarr; <strong>1479<\/strong><br \/>(-18 for losing)\n|raw|Snakeman24's rating: 1526 &rarr; <strong>1544<\/strong><br \/>(+18 for winning)\n|l|\u2606buyi12137\n","uploadtime":1700472438,"views":15,"p1id":"buyi12137","p2id":"snakeman24","formatid":"gen9nationaldex","rating":1479,"private":0,"password":""}