{"id":"gen9nationaldex-1996324154","p1":"aintnolawontheclaw","p2":"Fixxxer_2","format":"[Gen 9] National Dex","log":"|html|<div class=\"broadcast-blue\"><strong>[Gen 9] National Dex is currently suspecting Sneasler! For information on how to participate check out the <a href=\"https:\/\/www.smogon.com\/forums\/threads\/sv-national-dex-suspect-8-just-dance.3731534\/\">suspect thread<\/a>.<\/strong><\/div>\n|j|\u2606aintnolawontheclaw\n|j|\u2606Fixxxer_2\n|t:|1700671202\n|gametype|singles\n|player|p1|aintnolawontheclaw|1|\n|player|p2|Fixxxer_2|winona|\n|teamsize|p1|6\n|teamsize|p2|6\n|gen|9\n|tier|[Gen 9] National Dex\n|rule|HP Percentage Mod: HP is shown in percentages\n|rule|Endless Battle Clause: Forcing endless battles is banned\n|rule|OHKO Clause: OHKO moves are banned\n|rule|Evasion Clause: Evasion abilities, items, and moves are banned\n|rule|Evasion Abilities Clause: Evasion abilities are banned\n|rule|Evasion Items Clause: Evasion items are banned\n|rule|Evasion Moves Clause: Evasion moves are banned\n|rule|Species Clause: Limit one of each Pok\u00e9mon\n|rule|Sleep Clause Mod: Limit one foe put to sleep\n|clearpoke\n|poke|p1|Gengar, M|\n|poke|p1|Infernape, M|\n|poke|p1|Torterra, M|\n|poke|p1|Mimikyu, M|\n|poke|p1|Staraptor, F|\n|poke|p1|Cramorant, M|\n|poke|p2|Swampert, F|\n|poke|p2|Chansey, F|\n|poke|p2|Skarmory, M|\n|poke|p2|Tyranitar, M|\n|poke|p2|Aron, L1, M|\n|poke|p2|Blaziken, F|\n|teampreview\n|\n|t:|1700671221\n|start\n|switch|p1a: Cramorant|Cramorant, M|100\/100\n|switch|p2a: Sanji|Skarmory, M|100\/100\n|turn|1\n|\n|t:|1700671232\n|move|p1a: Cramorant|Surf|p2a: Sanji\n|-formechange|p1a: Cramorant|Cramorant-Gulping|\n|-damage|p2a: Sanji|52\/100\n|move|p2a: Sanji|Spikes|p1a: Cramorant\n|-sidestart|p1: aintnolawontheclaw|Spikes\n|\n|-heal|p2a: Sanji|58\/100|[from] item: Leftovers\n|upkeep\n|turn|2\n|\n|t:|1700671239\n|switch|p2a: Nico Robin|Chansey, F|100\/100\n|move|p1a: Cramorant|Surf|p2a: Nico Robin\n|-damage|p2a: Nico Robin|90\/100\n|\n|upkeep\n|turn|3\n|\n|t:|1700671246\n|switch|p1a: Infernape|Infernape, M, shiny|100\/100\n|-item|p1a: Infernape|Air Balloon\n|move|p2a: Nico Robin|Wish|p2a: Nico Robin\n|\n|upkeep\n|turn|4\n|\n|t:|1700671253\n|switch|p2a: Sanji|Skarmory, M|58\/100\n|move|p1a: Infernape|Close Combat|p2a: Sanji\n|-damage|p2a: Sanji|33\/100\n|-unboost|p1a: Infernape|def|1\n|-unboost|p1a: Infernape|spd|1\n|-ability|p2a: Sanji|Weak Armor|boost\n|-unboost|p2a: Sanji|def|1\n|-boost|p2a: Sanji|spe|2\n|\n|-heal|p2a: Sanji|100\/100|[from] move: Wish|[wisher] Nico Robin\n|upkeep\n|turn|5\n|\n|t:|1700671267\n|move|p2a: Sanji|Spikes|p1a: Infernape\n|-sidestart|p1: aintnolawontheclaw|Spikes\n|move|p1a: Infernape|Fire Punch|p2a: Sanji\n|-supereffective|p2a: Sanji\n|-damage|p2a: Sanji|53\/100\n|-ability|p2a: Sanji|Weak Armor|boost\n|-unboost|p2a: Sanji|def|1\n|-boost|p2a: Sanji|spe|2\n|\n|-heal|p2a: Sanji|59\/100|[from] item: Leftovers\n|upkeep\n|turn|6\n|\n|t:|1700671283\n|switch|p2a: Nico Robin|Chansey, F|90\/100\n|move|p1a: Infernape|Close Combat|p2a: Nico Robin\n|-supereffective|p2a: Nico Robin\n|-damage|p2a: Nico Robin|17\/100\n|-unboost|p1a: Infernape|def|1\n|-unboost|p1a: Infernape|spd|1\n|\n|upkeep\n|turn|7\n|\n|t:|1700671295\n|move|p1a: Infernape|Close Combat|p2a: Nico Robin\n|-supereffective|p2a: Nico Robin\n|-damage|p2a: Nico Robin|0 fnt\n|-unboost|p1a: Infernape|def|1\n|-unboost|p1a: Infernape|spd|1\n|faint|p2a: Nico Robin\n|\n|upkeep\n|\n|t:|1700671302\n|switch|p2a: Aron|Aron, L1, M|100\/100\n|turn|8\n|\n|t:|1700671309\n|move|p1a: Infernape|Blast Burn|p2a: Aron\n|-ability|p2a: Aron|Sturdy\n|-damage|p2a: Aron|9\/100\n|-mustrecharge|p1a: Infernape\n|move|p2a: Aron|Endeavor|p1a: Infernape\n|-damage|p1a: Infernape|1\/100\n|-enditem|p1a: Infernape|Air Balloon\n|-heal|p2a: Aron|100\/100|[from] item: Shell Bell|[of] p1a: Infernape\n|\n|upkeep\n|turn|9\n|\n|t:|1700671320\n|switch|p2a: Sanji|Skarmory, M|59\/100\n|cant|p1a: Infernape|recharge\n|\n|-heal|p2a: Sanji|65\/100|[from] item: Leftovers\n|upkeep\n|turn|10\n|\n|t:|1700671327\n|move|p1a: Infernape|Blast Burn|p2a: Sanji\n|-supereffective|p2a: Sanji\n|-damage|p2a: Sanji|0 fnt\n|-mustrecharge|p1a: Infernape\n|faint|p2a: Sanji\n|\n|upkeep\n|\n|t:|1700671333\n|switch|p2a: Nami|Swampert, F|100\/100\n|turn|11\n|\n|t:|1700671337\n|cant|p1a: Infernape|recharge\n|move|p2a: Nami|Waterfall|p1a: Infernape\n|-supereffective|p1a: Infernape\n|-damage|p1a: Infernape|0 fnt\n|faint|p1a: Infernape\n|\n|upkeep\n|\n|t:|1700671343\n|switch|p1a: Torterra|Torterra, M|100\/100\n|-damage|p1a: Torterra|84\/100|[from] Spikes\n|turn|12\n|\n|t:|1700671369\n|switch|p2a: Monkey D. Luffy|Blaziken, F|100\/100\n|move|p1a: Torterra|Energy Ball|p2a: Monkey D. Luffy\n|-resisted|p2a: Monkey D. Luffy\n|-crit|p2a: Monkey D. Luffy\n|-damage|p2a: Monkey D. Luffy|70\/100\n|\n|upkeep\n|turn|13\n|\n|t:|1700671377\n|switch|p1a: Staraptor|Staraptor, F|100\/100\n|-ability|p1a: Staraptor|Intimidate|boost\n|-unboost|p2a: Monkey D. Luffy|atk|1\n|move|p2a: Monkey D. Luffy|Protect||[still]\n|-fail|p2a: Monkey D. Luffy\n|\n|-ability|p2a: Monkey D. Luffy|Speed Boost|boost\n|-boost|p2a: Monkey D. Luffy|spe|1\n|upkeep\n|turn|14\n|\n|t:|1700671388\n|switch|p1a: Cramorant|Cramorant, M|100\/100\n|move|p2a: Monkey D. Luffy|Flare Blitz|p1a: Cramorant\n|-resisted|p1a: Cramorant\n|-damage|p1a: Cramorant|65\/100\n|-damage|p2a: Monkey D. Luffy|58\/100|[from] Recoil\n|\n|-ability|p2a: Monkey D. Luffy|Speed Boost|boost\n|-boost|p2a: Monkey D. Luffy|spe|1\n|upkeep\n|turn|15\n|\n|t:|1700671397\n|move|p2a: Monkey D. Luffy|Close Combat|p1a: Cramorant\n|-resisted|p1a: Cramorant\n|-damage|p1a: Cramorant|30\/100\n|-unboost|p2a: Monkey D. Luffy|def|1\n|-unboost|p2a: Monkey D. Luffy|spd|1\n|move|p1a: Cramorant|Surf|p2a: Monkey D. Luffy\n|-formechange|p1a: Cramorant|Cramorant-Gorging|\n|-supereffective|p2a: Monkey D. Luffy\n|-damage|p2a: Monkey D. Luffy|0 fnt\n|faint|p2a: Monkey D. Luffy\n|\n|upkeep\n|\n|t:|1700671407\n|switch|p2a: Nami|Swampert, F|100\/100\n|turn|16\n|\n|t:|1700671418\n|switch|p1a: Mimikyu|Mimikyu, M|100\/100\n|-damage|p1a: Mimikyu|84\/100|[from] Spikes\n|move|p2a: Nami|Ice Punch|p1a: Mimikyu\n|-activate|p1a: Mimikyu|ability: Disguise\n|-damage|p1a: Mimikyu|84\/100\n|detailschange|p1a: Mimikyu|Mimikyu-Busted, M\n|-damage|p1a: Mimikyu|72\/100|[from] pokemon: Mimikyu-Busted\n|\n|upkeep\n|turn|17\n|\n|t:|1700671440\n|switch|p1a: Torterra|Torterra, M|84\/100\n|-damage|p1a: Torterra|67\/100|[from] Spikes\n|move|p2a: Nami|Ice Punch|p1a: Torterra\n|-supereffective|p1a: Torterra\n|-damage|p1a: Torterra|0 fnt\n|faint|p1a: Torterra\n|\n|upkeep\n|\n|t:|1700671449\n|switch|p1a: Staraptor|Staraptor, F|100\/100\n|-ability|p1a: Staraptor|Intimidate|boost\n|-unboost|p2a: Nami|atk|1\n|turn|18\n|\n|t:|1700671458\n|move|p1a: Staraptor|Hurricane|p2a: Nami\n|-damage|p2a: Nami|80\/100\n|move|p2a: Nami|Flip Turn|p1a: Staraptor\n|-damage|p1a: Staraptor|71\/100\n|\n|t:|1700671465\n|switch|p2a: Aron|Aron, L1, M|100\/100|[from] Flip Turn\n|\n|upkeep\n|turn|19\n|\n|t:|1700671469\n|move|p1a: Staraptor|Hurricane|p2a: Aron\n|-resisted|p2a: Aron\n|-ability|p2a: Aron|Sturdy\n|-damage|p2a: Aron|9\/100\n|move|p2a: Aron|Endeavor|p1a: Staraptor\n|-damage|p1a: Staraptor|1\/100\n|-heal|p2a: Aron|100\/100|[from] item: Shell Bell|[of] p1a: Staraptor\n|\n|upkeep\n|turn|20\n|\n|t:|1700671479\n|switch|p2a: Nami|Swampert, F|80\/100\n|move|p1a: Staraptor|Hurricane|p2a: Nami\n|-damage|p2a: Nami|61\/100\n|-start|p2a: Nami|confusion\n|\n|upkeep\n|turn|21\n|\n|t:|1700671489\n|move|p1a: Staraptor|Hurricane|p2a: Nami|[miss]\n|-miss|p1a: Staraptor|p2a: Nami\n|-activate|p2a: Nami|confusion\n|move|p2a: Nami|Flip Turn|p1a: Staraptor\n|-damage|p1a: Staraptor|0 fnt\n|faint|p1a: Staraptor\n|\n|t:|1700671496\n|switch|p2a: Aron|Aron, L1, M|100\/100|[from] Flip Turn\n|\n|upkeep\n|\n|t:|1700671501\n|switch|p1a: Cramorant|Cramorant, M|30\/100\n|turn|22\n|\n|t:|1700671505\n|move|p1a: Cramorant|Dive||[still]\n|-formechange|p1a: Cramorant|Cramorant-Gorging|\n|-prepare|p1a: Cramorant|Dive\n|move|p2a: Aron|Endeavor|p1a: Cramorant|[miss]\n|-miss|p2a: Aron|p1a: Cramorant\n|\n|upkeep\n|turn|23\n|\n|t:|1700671516\n|move|p1a: Cramorant|Dive|p2a: Aron|[from]lockedmove\n|-supereffective|p2a: Aron\n|-ability|p2a: Aron|Sturdy\n|-damage|p2a: Aron|9\/100\n|move|p2a: Aron|Endeavor|p1a: Cramorant\n|-damage|p1a: Cramorant|1\/100\n|-damage|p2a: Aron|0 fnt|[from] ability: Gulp Missile|[of] p1a: Cramorant\n|-formechange|p1a: Cramorant|Cramorant|\n|faint|p2a: Aron\n|\n|upkeep\n|\n|t:|1700671533\n|switch|p2a: Nami|Swampert, F|61\/100\n|turn|24\n|\n|t:|1700671538\n|move|p1a: Cramorant|Dive||[still]\n|-formechange|p1a: Cramorant|Cramorant-Gorging|\n|-prepare|p1a: Cramorant|Dive\n|move|p2a: Nami|Flip Turn|p1a: Cramorant|[miss]\n|-miss|p2a: Nami|p1a: Cramorant\n|\n|upkeep\n|turn|25\n|\n|t:|1700671547\n|move|p1a: Cramorant|Dive|p2a: Nami|[from]lockedmove\n|-damage|p2a: Nami|30\/100\n|move|p2a: Nami|Ice Punch|p1a: Cramorant\n|-damage|p1a: Cramorant|0 fnt\n|-damage|p2a: Nami|5\/100|[from] ability: Gulp Missile|[of] p1a: Cramorant\n|-status|p2a: Nami|par\n|-formechange|p1a: Cramorant|Cramorant|\n|faint|p1a: Cramorant\n|\n|upkeep\n|\n|t:|1700671557\n|switch|p1a: Gengar|Gengar, M, shiny|100\/100\n|-damage|p1a: Gengar|84\/100|[from] Spikes\n|turn|26\n|\n|t:|1700671573\n|move|p1a: Gengar|Dark Pulse|p2a: Nami\n|-damage|p2a: Nami|0 fnt\n|faint|p2a: Nami\n|\n|upkeep\n|\n|t:|1700671578\n|switch|p2a: Zoro|Tyranitar, M|100\/100\n|-weather|Sandstorm|[from] ability: Sand Stream|[of] p2a: Zoro\n|turn|27\n|\n|t:|1700671582\n|move|p1a: Gengar|Dark Pulse|p2a: Zoro\n|-resisted|p2a: Zoro\n|-damage|p2a: Zoro|92\/100\n|cant|p2a: Zoro|flinch\n|\n|-weather|Sandstorm|[upkeep]\n|-damage|p1a: Gengar|78\/100|[from] Sandstorm\n|upkeep\n|turn|28\n|\n|t:|1700671590\n|switch|p1a: Mimikyu|Mimikyu-Busted, M|72\/100\n|-damage|p1a: Mimikyu|55\/100|[from] Spikes\n|move|p2a: Zoro|Dragon Dance|p2a: Zoro\n|-boost|p2a: Zoro|atk|1\n|-boost|p2a: Zoro|spe|1\n|\n|-weather|Sandstorm|[upkeep]\n|-damage|p1a: Mimikyu|49\/100|[from] Sandstorm\n|upkeep\n|turn|29\n|\n|t:|1700671601\n|move|p2a: Zoro|Earthquake|p1a: Mimikyu\n|-damage|p1a: Mimikyu|0 fnt\n|faint|p1a: Mimikyu\n|\n|-weather|Sandstorm|[upkeep]\n|upkeep\n|\n|t:|1700671607\n|switch|p1a: Gengar|Gengar, M, shiny|78\/100\n|-damage|p1a: Gengar|61\/100|[from] Spikes\n|turn|30\n|\n|t:|1700671612\n|move|p1a: Gengar|Destiny Bond|p1a: Gengar\n|-singlemove|p1a: Gengar|Destiny Bond\n|move|p2a: Zoro|Earthquake|p1a: Gengar\n|-supereffective|p1a: Gengar\n|-damage|p1a: Gengar|0 fnt\n|faint|p1a: Gengar\n|-activate|p1a: Gengar|move: Destiny Bond\n|faint|p2a: Zoro\n|\n|win|Fixxxer_2\n|l|\u2606aintnolawontheclaw\n","uploadtime":1700671819,"views":1,"p1id":"aintnolawontheclaw","p2id":"fixxxer2","formatid":"gen9nationaldex","rating":0,"private":0,"password":""}