{"id":"gen9nationaldex-1993644440","p1":"830r","p2":"Raiulenx9","format":"[Gen 9] National Dex","log":"|j|\u2606830r\n|j|\u2606Raiulenx9\n|t:|1700340918\n|gametype|singles\n|player|p1|830r|veteran|1236\n|player|p2|Raiulenx9|n|1333\n|teamsize|p1|6\n|teamsize|p2|6\n|gen|9\n|tier|[Gen 9] National Dex\n|rated|\n|rule|HP Percentage Mod: HP is shown in percentages\n|rule|Endless Battle Clause: Forcing endless battles is banned\n|rule|OHKO Clause: OHKO moves are banned\n|rule|Evasion Clause: Evasion abilities, items, and moves are banned\n|rule|Evasion Abilities Clause: Evasion abilities are banned\n|rule|Evasion Items Clause: Evasion items are banned\n|rule|Evasion Moves Clause: Evasion moves are banned\n|rule|Species Clause: Limit one of each Pok\u00e9mon\n|rule|Sleep Clause Mod: Limit one foe put to sleep\n|clearpoke\n|poke|p1|Deoxys-Defense|\n|poke|p1|Celesteela|\n|poke|p1|Cursola, F|\n|poke|p1|Toxapex, F|\n|poke|p1|Banette, F|\n|poke|p1|Clodsire, F|\n|poke|p2|Ceruledge, F|\n|poke|p2|Toxapex, M|\n|poke|p2|Ninetales-Alola, F|\n|poke|p2|Sneasler, M|\n|poke|p2|Gliscor, F|\n|poke|p2|Rotom-Wash|\n|teampreview\n|inactive|Battle timer is ON: inactive players will automatically lose when time's up. (requested by 830r)\n|\n|t:|1700340936\n|start\n|switch|p1a: Cursola|Cursola, F, shiny|100\/100\n|switch|p2a: Ninetales|Ninetales-Alola, F|100\/100\n|-weather|Snow|[from] ability: Snow Warning|[of] p2a: Ninetales\n|turn|1\n|\n|t:|1700340943\n|-terastallize|p1a: Cursola|Fairy\n|move|p2a: Ninetales|Aurora Veil|p2a: Ninetales\n|-sidestart|p2: Raiulenx9|move: Aurora Veil\n|move|p1a: Cursola|Whirlpool|p2a: Ninetales\n|-damage|p2a: Ninetales|95\/100\n|-activate|p2a: Ninetales|move: Whirlpool|[of] p1a: Cursola\n|\n|-weather|Snow|[upkeep]\n|-damage|p2a: Ninetales|82\/100|[from] move: Whirlpool|[partiallytrapped]\n|upkeep\n|turn|2\n|\n|t:|1700340961\n|switch|p1a: Deoxys|Deoxys-Defense|100\/100\n|-ability|p1a: Deoxys|Pressure\n|move|p2a: Ninetales|Freeze-Dry|p1a: Deoxys\n|-damage|p1a: Deoxys|87\/100\n|\n|-weather|Snow|[upkeep]\n|-heal|p1a: Deoxys|94\/100|[from] item: Leftovers\n|-end|p2a: Ninetales|Whirlpool|[partiallytrapped]|[silent]\n|upkeep\n|turn|3\n|\n|t:|1700340975\n|switch|p2a: Sneasler|Sneasler, M|100\/100\n|move|p1a: Deoxys|Thunder Wave|p2a: Sneasler\n|-status|p2a: Sneasler|par\n|\n|-weather|Snow|[upkeep]\n|-heal|p1a: Deoxys|99\/100|[from] item: Leftovers\n|upkeep\n|turn|4\n|\n|t:|1700340988\n|move|p1a: Deoxys|Cosmic Power|p1a: Deoxys\n|-boost|p1a: Deoxys|def|1\n|-boost|p1a: Deoxys|spd|1\n|move|p2a: Sneasler|U-turn|p1a: Deoxys\n|-supereffective|p1a: Deoxys\n|-damage|p1a: Deoxys|68\/100\n|\n|t:|1700340994\n|switch|p2a: Toxapex|Toxapex, M|100\/100|[from] U-turn\n|\n|-weather|Snow|[upkeep]\n|-heal|p1a: Deoxys|74\/100|[from] item: Leftovers\n|upkeep\n|turn|5\n|\n|t:|1700340999\n|move|p1a: Deoxys|Thunder Wave|p2a: Toxapex\n|-status|p2a: Toxapex|par\n|move|p2a: Toxapex|Haze|p2a: Toxapex\n|-clearallboost\n|\n|-weather|none\n|-heal|p1a: Deoxys|80\/100|[from] item: Leftovers\n|upkeep\n|turn|6\n|\n|t:|1700341007\n|move|p1a: Deoxys|Wrap|p2a: Toxapex\n|-crit|p2a: Toxapex\n|-damage|p2a: Toxapex|98\/100 par\n|-activate|p2a: Toxapex|move: Wrap|[of] p1a: Deoxys\n|move|p2a: Toxapex|Toxic Spikes|p1a: Deoxys\n|-sidestart|p1: 830r|move: Toxic Spikes\n|\n|-heal|p1a: Deoxys|86\/100|[from] item: Leftovers\n|-damage|p2a: Toxapex|85\/100 par|[from] move: Wrap|[partiallytrapped]\n|upkeep\n|turn|7\n|\n|t:|1700341016\n|switch|p1a: Toxapex|Toxapex, F, shiny|100\/100\n|-sideend|p1: 830r|move: Toxic Spikes|[of] p1a: Toxapex\n|move|p2a: Toxapex|Toxic Spikes|p1a: Toxapex\n|-sidestart|p1: 830r|move: Toxic Spikes\n|\n|-end|p2a: Toxapex|Wrap|[partiallytrapped]|[silent]\n|upkeep\n|turn|8\n|\n|t:|1700341021\n|move|p1a: Toxapex|Infestation|p2a: Toxapex\n|-resisted|p2a: Toxapex\n|-damage|p2a: Toxapex|85\/100 par\n|-activate|p2a: Toxapex|move: Infestation|[of] p1a: Toxapex\n|move|p2a: Toxapex|Toxic Spikes|p1a: Toxapex\n|-sidestart|p1: 830r|move: Toxic Spikes\n|\n|-damage|p2a: Toxapex|73\/100 par|[from] move: Infestation|[partiallytrapped]\n|-sideend|p2: Raiulenx9|move: Aurora Veil\n|upkeep\n|turn|9\n|c|\u2606Raiulenx9|stall\n|\n|t:|1700341033\n|switch|p1a: Clodsire|Clodsire, F, shiny|100\/100\n|-sideend|p1: 830r|move: Toxic Spikes|[of] p1a: Clodsire\n|move|p2a: Toxapex|Scald|p1a: Clodsire\n|-immune|p1a: Clodsire|[from] ability: Water Absorb\n|\n|-end|p2a: Toxapex|Infestation|[partiallytrapped]|[silent]\n|upkeep\n|turn|10\n|\n|t:|1700341043\n|switch|p2a: Gliscor|Gliscor, F|100\/100\n|move|p1a: Clodsire|Toxic Spikes|p2a: Gliscor\n|-sidestart|p2: Raiulenx9|move: Toxic Spikes\n|\n|-status|p2a: Gliscor|tox|[from] item: Toxic Orb\n|upkeep\n|turn|11\n|\n|t:|1700341054\n|switch|p1a: Cursola|Cursola, F, shiny, tera:Fairy|100\/100\n|move|p2a: Gliscor|Knock Off|p1a: Cursola\n|-resisted|p1a: Cursola\n|-damage|p1a: Cursola|88\/100\n|-ability|p1a: Cursola|Perish Body\n|-enditem|p1a: Cursola|Leftovers|[from] move: Knock Off|[of] p2a: Gliscor\n|\n|-start|p2a: Gliscor|perish3\n|-start|p1a: Cursola|perish3\n|upkeep\n|turn|12\n|\n|t:|1700341068\n|move|p2a: Gliscor|Stealth Rock|p1a: Cursola\n|-sidestart|p1: 830r|move: Stealth Rock\n|move|p1a: Cursola|Ice Beam|p2a: Gliscor\n|-supereffective|p2a: Gliscor\n|-damage|p2a: Gliscor|3\/100 tox\n|\n|-heal|p2a: Gliscor|15\/100 tox|[from] ability: Poison Heal\n|-start|p2a: Gliscor|perish2\n|-start|p1a: Cursola|perish2\n|upkeep\n|turn|13\n|\n|t:|1700341077\n|move|p2a: Gliscor|Protect|p2a: Gliscor\n|-singleturn|p2a: Gliscor|Protect\n|move|p1a: Cursola|Whirlpool|p2a: Gliscor\n|-activate|p2a: Gliscor|move: Protect\n|\n|-heal|p2a: Gliscor|28\/100 tox|[from] ability: Poison Heal\n|-start|p2a: Gliscor|perish1\n|-start|p1a: Cursola|perish1\n|upkeep\n|turn|14\n|\n|t:|1700341087\n|switch|p2a: Toxapex|Toxapex, M|100\/100 par\n|-sideend|p2: Raiulenx9|move: Toxic Spikes|[of] p2a: Toxapex\n|switch|p1a: Deoxys|Deoxys-Defense|86\/100\n|-damage|p1a: Deoxys|74\/100|[from] Stealth Rock\n|-ability|p1a: Deoxys|Pressure\n|\n|-heal|p1a: Deoxys|80\/100|[from] item: Leftovers\n|upkeep\n|turn|15\n|\n|t:|1700341098\n|switch|p1a: Toxapex|Toxapex, F, shiny|100\/100\n|-damage|p1a: Toxapex|88\/100|[from] Stealth Rock\n|move|p2a: Toxapex|Scald|p1a: Toxapex\n|-resisted|p1a: Toxapex\n|-damage|p1a: Toxapex|82\/100\n|\n|-heal|p1a: Toxapex|88\/100|[from] item: Black Sludge\n|upkeep\n|turn|16\n|\n|t:|1700341112\n|switch|p2a: Rotom|Rotom-Wash|100\/100\n|move|p1a: Toxapex|Infestation|p2a: Rotom\n|-damage|p2a: Rotom|97\/100\n|-activate|p2a: Rotom|move: Infestation|[of] p1a: Toxapex\n|\n|-heal|p1a: Toxapex|94\/100|[from] item: Black Sludge\n|-damage|p2a: Rotom|85\/100|[from] move: Infestation|[partiallytrapped]\n|upkeep\n|turn|17\n|\n|t:|1700341121\n|switch|p1a: Clodsire|Clodsire, F, shiny|100\/100\n|-damage|p1a: Clodsire|94\/100|[from] Stealth Rock\n|move|p2a: Rotom|Volt Switch|p1a: Clodsire\n|-immune|p1a: Clodsire\n|\n|-heal|p1a: Clodsire|100\/100|[from] item: Black Sludge\n|-end|p2a: Rotom|Infestation|[partiallytrapped]|[silent]\n|upkeep\n|turn|18\n|\n|t:|1700341132\n|switch|p2a: Sneasler|Sneasler, M|100\/100 par\n|move|p1a: Clodsire|Toxic||[still]\n|-fail|p1a: Clodsire\n|\n|upkeep\n|turn|19\n|\n|t:|1700341138\n|switch|p2a: Rotom|Rotom-Wash|85\/100\n|move|p1a: Clodsire|Toxic Spikes|p2a: Rotom\n|-sidestart|p2: Raiulenx9|move: Toxic Spikes\n|\n|upkeep\n|turn|20\n|\n|t:|1700341145\n|move|p2a: Rotom|Trick|p1a: Clodsire\n|-activate|p2a: Rotom|move: Trick|[of] p1a: Clodsire\n|-item|p1a: Clodsire|Choice Scarf|[from] move: Trick\n|-item|p2a: Rotom|Black Sludge|[from] move: Trick\n|move|p1a: Clodsire|Toxic|p2a: Rotom\n|-status|p2a: Rotom|tox\n|\n|-damage|p2a: Rotom|72\/100 tox|[from] item: Black Sludge\n|-damage|p2a: Rotom|66\/100 tox|[from] psn\n|upkeep\n|turn|21\n|\n|t:|1700341156\n|move|p2a: Rotom|Hydro Pump|p1a: Clodsire\n|-immune|p1a: Clodsire|[from] ability: Water Absorb\n|move|p1a: Clodsire|Toxic|p2a: Rotom\n|-fail|p2a: Rotom|tox\n|\n|-damage|p2a: Rotom|53\/100 tox|[from] item: Black Sludge\n|-damage|p2a: Rotom|41\/100 tox|[from] psn\n|upkeep\n|turn|22\n|\n|t:|1700341166\n|switch|p2a: Gliscor|Gliscor, F|28\/100 tox\n|move|p1a: Clodsire|Toxic|p2a: Gliscor\n|-fail|p2a: Gliscor|tox\n|\n|-heal|p2a: Gliscor|40\/100 tox|[from] ability: Poison Heal\n|upkeep\n|turn|23\n|\n|t:|1700341174\n|switch|p1a: Cursola|Cursola, F, shiny, tera:Fairy|88\/100\n|-damage|p1a: Cursola|75\/100|[from] Stealth Rock\n|move|p2a: Gliscor|Earthquake|p1a: Cursola\n|-damage|p1a: Cursola|37\/100\n|\n|-heal|p2a: Gliscor|53\/100 tox|[from] ability: Poison Heal\n|upkeep\n|turn|24\n|\n|t:|1700341182\n|move|p2a: Gliscor|Protect|p2a: Gliscor\n|-singleturn|p2a: Gliscor|Protect\n|move|p1a: Cursola|Strength Sap|p2a: Gliscor\n|-activate|p2a: Gliscor|move: Protect\n|\n|-heal|p2a: Gliscor|65\/100 tox|[from] ability: Poison Heal\n|upkeep\n|turn|25\n|\n|t:|1700341193\n|switch|p2a: Rotom|Rotom-Wash|41\/100 tox\n|switch|p1a: Celesteela|Celesteela|100\/100\n|-damage|p1a: Celesteela|88\/100|[from] Stealth Rock\n|\n|-damage|p2a: Rotom|28\/100 tox|[from] item: Black Sludge\n|-heal|p1a: Celesteela|94\/100|[from] item: Leftovers\n|-damage|p2a: Rotom|22\/100 tox|[from] psn\n|upkeep\n|turn|26\n|\n|t:|1700341202\n|move|p2a: Rotom|Thunder Wave|p1a: Celesteela\n|-status|p1a: Celesteela|par\n|move|p1a: Celesteela|Substitute|p1a: Celesteela\n|-start|p1a: Celesteela|Substitute\n|-damage|p1a: Celesteela|69\/100 par\n|\n|-damage|p2a: Rotom|10\/100 tox|[from] item: Black Sludge\n|-heal|p1a: Celesteela|75\/100 par|[from] item: Leftovers\n|-damage|p2a: Rotom|0 fnt|[from] psn\n|faint|p2a: Rotom\n|upkeep\n|\n|t:|1700341213\n|switch|p2a: Toxapex|Toxapex, M|100\/100 par\n|-sideend|p2: Raiulenx9|move: Toxic Spikes|[of] p2a: Toxapex\n|turn|27\n|\n|t:|1700341217\n|move|p1a: Celesteela|Leech Seed|p2a: Toxapex\n|-start|p2a: Toxapex|move: Leech Seed\n|cant|p2a: Toxapex|par\n|\n|-heal|p1a: Celesteela|81\/100 par|[from] item: Leftovers\n|-damage|p2a: Toxapex|88\/100 par|[from] Leech Seed|[of] p1a: Celesteela\n|-heal|p1a: Celesteela|91\/100 par|[silent]\n|upkeep\n|turn|28\n|\n|t:|1700341226\n|switch|p2a: Ninetales|Ninetales-Alola, F|82\/100\n|-weather|Snow|[from] ability: Snow Warning|[of] p2a: Ninetales\n|move|p1a: Celesteela|Heavy Slam|p2a: Ninetales\n|-supereffective|p2a: Ninetales\n|-damage|p2a: Ninetales|0 fnt\n|faint|p2a: Ninetales\n|-ability|p1a: Celesteela|Beast Boost|boost\n|-boost|p1a: Celesteela|spd|1\n|\n|-weather|Snow|[upkeep]\n|-heal|p1a: Celesteela|97\/100 par|[from] item: Leftovers\n|upkeep\n|\n|t:|1700341237\n|switch|p2a: Ceruledge|Ceruledge, F|100\/100\n|turn|29\n|\n|t:|1700341242\n|move|p2a: Ceruledge|Swords Dance|p2a: Ceruledge\n|-boost|p2a: Ceruledge|atk|2\n|cant|p1a: Celesteela|par\n|\n|-weather|Snow|[upkeep]\n|-heal|p1a: Celesteela|100\/100 par|[from] item: Leftovers\n|upkeep\n|turn|30\n|\n|t:|1700341248\n|move|p2a: Ceruledge|Bitter Blade|p1a: Celesteela\n|-supereffective|p1a: Celesteela\n|-end|p1a: Celesteela|Substitute\n|cant|p1a: Celesteela|par\n|\n|-weather|Snow|[upkeep]\n|upkeep\n|turn|31\n|\n|t:|1700341254\n|switch|p1a: Cursola|Cursola, F, shiny, tera:Fairy|37\/100\n|-damage|p1a: Cursola|24\/100|[from] Stealth Rock\n|move|p2a: Ceruledge|Bitter Blade|p1a: Cursola\n|-damage|p1a: Cursola|0 fnt\n|-ability|p1a: Cursola|Perish Body\n|faint|p1a: Cursola\n|\n|-weather|Snow|[upkeep]\n|-start|p2a: Ceruledge|perish3\n|upkeep\n|\n|t:|1700341271\n|switch|p1a: Toxapex|Toxapex, F, shiny|100\/100\n|-damage|p1a: Toxapex|88\/100|[from] Stealth Rock\n|turn|32\n|\n|t:|1700341280\n|switch|p2a: Toxapex|Toxapex, M|100\/100 par\n|move|p1a: Toxapex|Infestation|p2a: Toxapex\n|-resisted|p2a: Toxapex\n|-damage|p2a: Toxapex|99\/100 par\n|-activate|p2a: Toxapex|move: Infestation|[of] p1a: Toxapex\n|\n|-weather|none\n|-heal|p1a: Toxapex|94\/100|[from] item: Black Sludge\n|-damage|p2a: Toxapex|87\/100 par|[from] move: Infestation|[partiallytrapped]\n|upkeep\n|turn|33\n|\n|t:|1700341291\n|switch|p1a: Clodsire|Clodsire, F, shiny|100\/100\n|-damage|p1a: Clodsire|94\/100|[from] Stealth Rock\n|move|p2a: Toxapex|Scald|p1a: Clodsire\n|-heal|p1a: Clodsire|100\/100|[from] ability: Water Absorb|[of] p2a: Toxapex\n|\n|-end|p2a: Toxapex|Infestation|[partiallytrapped]|[silent]\n|upkeep\n|turn|34\n|\n|t:|1700341301\n|switch|p2a: Sneasler|Sneasler, M|100\/100 par\n|move|p1a: Clodsire|Toxic Spikes|p2a: Sneasler\n|-sidestart|p2: Raiulenx9|move: Toxic Spikes\n|\n|upkeep\n|turn|35\n|\n|t:|1700341306\n|move|p2a: Sneasler|Dire Claw|p1a: Clodsire\n|-resisted|p1a: Clodsire\n|-damage|p1a: Clodsire|90\/100\n|-status|p1a: Clodsire|par\n|move|p1a: Clodsire|Toxic Spikes|p2a: Sneasler\n|-sidestart|p2: Raiulenx9|move: Toxic Spikes\n|\n|upkeep\n|turn|36\n|\n|t:|1700341313\n|switch|p2a: Toxapex|Toxapex, M|100\/100 par\n|-sideend|p2: Raiulenx9|move: Toxic Spikes|[of] p2a: Toxapex\n|switch|p1a: Toxapex|Toxapex, F, shiny|100\/100\n|-damage|p1a: Toxapex|88\/100|[from] Stealth Rock\n|\n|-heal|p1a: Toxapex|94\/100|[from] item: Black Sludge\n|upkeep\n|turn|37\n|\n|t:|1700341321\n|switch|p2a: Sneasler|Sneasler, M|100\/100 par\n|move|p1a: Toxapex|Infestation|p2a: Sneasler\n|-resisted|p2a: Sneasler\n|-damage|p2a: Sneasler|99\/100 par\n|-activate|p2a: Sneasler|move: Infestation|[of] p1a: Toxapex\n|\n|-heal|p1a: Toxapex|100\/100|[from] item: Black Sludge\n|-damage|p2a: Sneasler|87\/100 par|[from] move: Infestation|[partiallytrapped]\n|upkeep\n|turn|38\n|\n|t:|1700341332\n|move|p1a: Toxapex|Baneful Bunker|p1a: Toxapex\n|-singleturn|p1a: Toxapex|move: Protect\n|move|p2a: Sneasler|Dire Claw|p1a: Toxapex\n|-activate|p1a: Toxapex|move: Protect\n|\n|-damage|p2a: Sneasler|75\/100 par|[from] move: Infestation|[partiallytrapped]\n|upkeep\n|turn|39\n|\n|t:|1700341339\n|move|p2a: Sneasler|Dire Claw|p1a: Toxapex\n|-resisted|p1a: Toxapex\n|-damage|p1a: Toxapex|78\/100\n|move|p1a: Toxapex|Infestation|p2a: Sneasler\n|-resisted|p2a: Sneasler\n|-damage|p2a: Sneasler|74\/100 par\n|\n|-heal|p1a: Toxapex|84\/100|[from] item: Black Sludge\n|-damage|p2a: Sneasler|62\/100 par|[from] move: Infestation|[partiallytrapped]\n|upkeep\n|turn|40\n|\n|t:|1700341347\n|move|p1a: Toxapex|Baneful Bunker|p1a: Toxapex\n|-singleturn|p1a: Toxapex|move: Protect\n|move|p2a: Sneasler|Dire Claw|p1a: Toxapex\n|-activate|p1a: Toxapex|move: Protect\n|\n|-heal|p1a: Toxapex|90\/100|[from] item: Black Sludge\n|-damage|p2a: Sneasler|49\/100 par|[from] move: Infestation|[partiallytrapped]\n|upkeep\n|turn|41\n|\n|t:|1700341357\n|cant|p2a: Sneasler|par\n|move|p1a: Toxapex|Infestation|p2a: Sneasler\n|-resisted|p2a: Sneasler\n|-damage|p2a: Sneasler|48\/100 par\n|\n|-heal|p1a: Toxapex|97\/100|[from] item: Black Sludge\n|-end|p2a: Sneasler|Infestation|[partiallytrapped]\n|upkeep\n|turn|42\n|\n|t:|1700341367\n|move|p2a: Sneasler|Dire Claw|p1a: Toxapex\n|-resisted|p1a: Toxapex\n|-damage|p1a: Toxapex|74\/100\n|move|p1a: Toxapex|Infestation|p2a: Sneasler\n|-resisted|p2a: Sneasler\n|-damage|p2a: Sneasler|47\/100 par\n|-activate|p2a: Sneasler|move: Infestation|[of] p1a: Toxapex\n|\n|-heal|p1a: Toxapex|80\/100|[from] item: Black Sludge\n|-damage|p2a: Sneasler|35\/100 par|[from] move: Infestation|[partiallytrapped]\n|upkeep\n|turn|43\n|\n|t:|1700341376\n|move|p1a: Toxapex|Baneful Bunker|p1a: Toxapex\n|-singleturn|p1a: Toxapex|move: Protect\n|move|p2a: Sneasler|Dire Claw|p1a: Toxapex\n|-activate|p1a: Toxapex|move: Protect\n|\n|-heal|p1a: Toxapex|87\/100|[from] item: Black Sludge\n|-damage|p2a: Sneasler|23\/100 par|[from] move: Infestation|[partiallytrapped]\n|upkeep\n|turn|44\n|\n|t:|1700341384\n|switch|p1a: Celesteela|Celesteela|100\/100 par\n|-damage|p1a: Celesteela|88\/100 par|[from] Stealth Rock\n|move|p2a: Sneasler|Dire Claw|p1a: Celesteela\n|-immune|p1a: Celesteela\n|\n|-heal|p1a: Celesteela|94\/100 par|[from] item: Leftovers\n|-end|p2a: Sneasler|Infestation|[partiallytrapped]|[silent]\n|upkeep\n|turn|45\n|\n|t:|1700341398\n|switch|p2a: Ceruledge|Ceruledge, F|100\/100\n|move|p1a: Celesteela|Heavy Slam|p2a: Ceruledge\n|-resisted|p2a: Ceruledge\n|-damage|p2a: Ceruledge|69\/100\n|-ability|p2a: Ceruledge|Weak Armor|boost\n|-unboost|p2a: Ceruledge|def|1\n|-boost|p2a: Ceruledge|spe|2\n|\n|-heal|p1a: Celesteela|99\/100 par|[from] item: Leftovers\n|upkeep\n|turn|46\n|\n|t:|1700341418\n|switch|p1a: Deoxys|Deoxys-Defense|80\/100\n|-damage|p1a: Deoxys|68\/100|[from] Stealth Rock\n|-ability|p1a: Deoxys|Pressure\n|move|p2a: Ceruledge|Bitter Blade|p1a: Deoxys\n|-damage|p1a: Deoxys|32\/100\n|-heal|p2a: Ceruledge|87\/100|[from] drain|[of] p1a: Deoxys\n|\n|-heal|p1a: Deoxys|38\/100|[from] item: Leftovers\n|upkeep\n|turn|47\n|\n|t:|1700341428\n|move|p2a: Ceruledge|Shadow Sneak|p1a: Deoxys\n|-supereffective|p1a: Deoxys\n|-damage|p1a: Deoxys|8\/100\n|move|p1a: Deoxys|Thunder Wave|p2a: Ceruledge\n|-status|p2a: Ceruledge|par\n|\n|-heal|p1a: Deoxys|15\/100|[from] item: Leftovers\n|upkeep\n|turn|48\n|\n|t:|1700341438\n|switch|p1a: Toxapex|Toxapex, F, shiny|100\/100\n|-damage|p1a: Toxapex|88\/100|[from] Stealth Rock\n|move|p2a: Ceruledge|Shadow Sneak|p1a: Toxapex\n|-damage|p1a: Toxapex|72\/100\n|\n|-heal|p1a: Toxapex|78\/100|[from] item: Black Sludge\n|upkeep\n|turn|49\n|\n|t:|1700341455\n|switch|p2a: Gliscor|Gliscor, F|65\/100 tox\n|move|p1a: Toxapex|Infestation|p2a: Gliscor\n|-resisted|p2a: Gliscor\n|-damage|p2a: Gliscor|64\/100 tox\n|-activate|p2a: Gliscor|move: Infestation|[of] p1a: Toxapex\n|\n|-heal|p1a: Toxapex|84\/100|[from] item: Black Sludge\n|-heal|p2a: Gliscor|77\/100 tox|[from] ability: Poison Heal\n|-damage|p2a: Gliscor|64\/100 tox|[from] move: Infestation|[partiallytrapped]\n|upkeep\n|turn|50\n|\n|t:|1700341465\n|switch|p1a: Deoxys|Deoxys-Defense|15\/100\n|-damage|p1a: Deoxys|2\/100|[from] Stealth Rock\n|-ability|p1a: Deoxys|Pressure\n|move|p2a: Gliscor|Protect||[still]\n|-fail|p2a: Gliscor\n|\n|-heal|p1a: Deoxys|8\/100|[from] item: Leftovers\n|-heal|p2a: Gliscor|77\/100 tox|[from] ability: Poison Heal\n|-end|p2a: Gliscor|Infestation|[partiallytrapped]|[silent]\n|upkeep\n|turn|51\n|\n|t:|1700341476\n|move|p2a: Gliscor|Knock Off|p1a: Deoxys\n|-supereffective|p1a: Deoxys\n|-damage|p1a: Deoxys|0 fnt\n|-enditem|p1a: Deoxys|Leftovers|[from] move: Knock Off|[of] p2a: Gliscor\n|faint|p1a: Deoxys\n|\n|-heal|p2a: Gliscor|89\/100 tox|[from] ability: Poison Heal\n|upkeep\n|\n|t:|1700341493\n|switch|p1a: Banette|Banette, F|100\/100\n|-damage|p1a: Banette|88\/100|[from] Stealth Rock\n|turn|52\n|\n|t:|1700341501\n|detailschange|p1a: Banette|Banette-Mega, F\n|-mega|p1a: Banette|Banette|Banettite\n|move|p1a: Banette|Protect|p1a: Banette\n|-singleturn|p1a: Banette|Protect\n|move|p2a: Gliscor|Protect||[still]\n|-fail|p2a: Gliscor\n|\n|-heal|p2a: Gliscor|100\/100 tox|[from] ability: Poison Heal\n|upkeep\n|turn|53\n|\n|t:|1700341509\n|move|p2a: Gliscor|Protect|p2a: Gliscor\n|-singleturn|p2a: Gliscor|Protect\n|move|p1a: Banette|Destiny Bond|p1a: Banette\n|-singlemove|p1a: Banette|Destiny Bond\n|\n|upkeep\n|turn|54\n|\n|t:|1700341522\n|move|p1a: Banette|Protect|p1a: Banette\n|-singleturn|p1a: Banette|Protect\n|move|p2a: Gliscor|Knock Off|p1a: Banette\n|-activate|p1a: Banette|move: Protect\n|\n|upkeep\n|turn|55\n|\n|t:|1700341534\n|switch|p1a: Celesteela|Celesteela|99\/100 par\n|-damage|p1a: Celesteela|88\/100 par|[from] Stealth Rock\n|move|p2a: Gliscor|Knock Off|p1a: Celesteela\n|-damage|p1a: Celesteela|73\/100 par\n|-enditem|p1a: Celesteela|Leftovers|[from] move: Knock Off|[of] p2a: Gliscor\n|\n|upkeep\n|turn|56\n|\n|t:|1700341548\n|switch|p2a: Ceruledge|Ceruledge, F|87\/100 par\n|move|p1a: Celesteela|Leech Seed|p2a: Ceruledge\n|-start|p2a: Ceruledge|move: Leech Seed\n|\n|-damage|p2a: Ceruledge|75\/100 par|[from] Leech Seed|[of] p1a: Celesteela\n|-heal|p1a: Celesteela|82\/100 par|[silent]\n|upkeep\n|turn|57\n|\n|t:|1700341554\n|switch|p1a: Toxapex|Toxapex, F, shiny|100\/100\n|-damage|p1a: Toxapex|88\/100|[from] Stealth Rock\n|move|p2a: Ceruledge|Bitter Blade|p1a: Toxapex\n|-resisted|p1a: Toxapex\n|-damage|p1a: Toxapex|71\/100\n|-heal|p2a: Ceruledge|84\/100 par|[from] drain|[of] p1a: Toxapex\n|\n|-heal|p1a: Toxapex|77\/100|[from] item: Black Sludge\n|-damage|p2a: Ceruledge|72\/100 par|[from] Leech Seed|[of] p1a: Toxapex\n|-heal|p1a: Toxapex|89\/100|[silent]\n|upkeep\n|turn|58\n|\n|t:|1700341567\n|switch|p2a: Gliscor|Gliscor, F|100\/100 tox\n|move|p1a: Toxapex|Infestation|p2a: Gliscor\n|-resisted|p2a: Gliscor\n|-damage|p2a: Gliscor|99\/100 tox\n|-activate|p2a: Gliscor|move: Infestation|[of] p1a: Toxapex\n|\n|-heal|p1a: Toxapex|96\/100|[from] item: Black Sludge\n|-heal|p2a: Gliscor|100\/100 tox|[from] ability: Poison Heal\n|-damage|p2a: Gliscor|88\/100 tox|[from] move: Infestation|[partiallytrapped]\n|upkeep\n|turn|59\n|\n|t:|1700341588\n|switch|p1a: Celesteela|Celesteela|82\/100 par\n|-damage|p1a: Celesteela|69\/100 par|[from] Stealth Rock\n|move|p2a: Gliscor|Earthquake|p1a: Celesteela\n|-immune|p1a: Celesteela\n|\n|-heal|p2a: Gliscor|100\/100 tox|[from] ability: Poison Heal\n|-end|p2a: Gliscor|Infestation|[partiallytrapped]|[silent]\n|upkeep\n|turn|60\n|\n|t:|1700341601\n|switch|p2a: Ceruledge|Ceruledge, F|72\/100 par\n|cant|p1a: Celesteela|par\n|\n|upkeep\n|turn|61\n|\n|t:|1700341623\n|switch|p2a: Sneasler|Sneasler, M|23\/100 par\n|switch|p1a: Clodsire|Clodsire, F, shiny|90\/100 par\n|-damage|p1a: Clodsire|83\/100 par|[from] Stealth Rock\n|\n|upkeep\n|turn|62\n|\n|t:|1700341642\n|move|p2a: Sneasler|U-turn|p1a: Clodsire\n|-resisted|p1a: Clodsire\n|-damage|p1a: Clodsire|70\/100 par\n|\n|t:|1700341645\n|switch|p2a: Gliscor|Gliscor, F|100\/100 tox|[from] U-turn\n|move|p1a: Clodsire|Recover|p1a: Clodsire\n|-heal|p1a: Clodsire|100\/100 par\n|\n|upkeep\n|turn|63\n|\n|t:|1700341657\n|switch|p1a: Celesteela|Celesteela|69\/100 par\n|-damage|p1a: Celesteela|57\/100 par|[from] Stealth Rock\n|move|p2a: Gliscor|Knock Off|p1a: Celesteela\n|-damage|p1a: Celesteela|46\/100 par\n|\n|upkeep\n|turn|64\n|\n|t:|1700341664\n|switch|p2a: Ceruledge|Ceruledge, F|72\/100 par\n|cant|p1a: Celesteela|par\n|\n|upkeep\n|turn|65\n|\n|t:|1700341670\n|switch|p1a: Toxapex|Toxapex, F, shiny|100\/100\n|-damage|p1a: Toxapex|88\/100|[from] Stealth Rock\n|cant|p2a: Ceruledge|par\n|\n|-heal|p1a: Toxapex|94\/100|[from] item: Black Sludge\n|upkeep\n|turn|66\n|\n|t:|1700341678\n|switch|p2a: Gliscor|Gliscor, F|100\/100 tox\n|move|p1a: Toxapex|Infestation|p2a: Gliscor\n|-resisted|p2a: Gliscor\n|-damage|p2a: Gliscor|99\/100 tox\n|-activate|p2a: Gliscor|move: Infestation|[of] p1a: Toxapex\n|\n|-heal|p1a: Toxapex|100\/100|[from] item: Black Sludge\n|-heal|p2a: Gliscor|100\/100 tox|[from] ability: Poison Heal\n|-damage|p2a: Gliscor|88\/100 tox|[from] move: Infestation|[partiallytrapped]\n|upkeep\n|turn|67\n|\n|t:|1700341698\n|switch|p1a: Celesteela|Celesteela|46\/100 par\n|-damage|p1a: Celesteela|34\/100 par|[from] Stealth Rock\n|move|p2a: Gliscor|Knock Off|p1a: Celesteela\n|-damage|p1a: Celesteela|22\/100 par\n|\n|-heal|p2a: Gliscor|100\/100 tox|[from] ability: Poison Heal\n|-end|p2a: Gliscor|Infestation|[partiallytrapped]|[silent]\n|upkeep\n|turn|68\n|c|\u2606Raiulenx9|i hate you\n|\n|t:|1700341712\n|switch|p2a: Ceruledge|Ceruledge, F|72\/100 par\n|move|p1a: Celesteela|Leech Seed|p2a: Ceruledge|[miss]\n|-miss|p1a: Celesteela|p2a: Ceruledge\n|\n|upkeep\n|turn|69\n|\n|t:|1700341725\n|switch|p2a: Sneasler|Sneasler, M|23\/100 par\n|switch|p1a: Toxapex|Toxapex, F, shiny|100\/100\n|-damage|p1a: Toxapex|88\/100|[from] Stealth Rock\n|\n|-heal|p1a: Toxapex|94\/100|[from] item: Black Sludge\n|upkeep\n|turn|70\n|c|\u2606830r|Why?\n|\n|t:|1700341733\n|cant|p2a: Sneasler|par\n|move|p1a: Toxapex|Infestation|p2a: Sneasler\n|-resisted|p2a: Sneasler\n|-damage|p2a: Sneasler|22\/100 par\n|-activate|p2a: Sneasler|move: Infestation|[of] p1a: Toxapex\n|\n|-heal|p1a: Toxapex|100\/100|[from] item: Black Sludge\n|-damage|p2a: Sneasler|9\/100 par|[from] move: Infestation|[partiallytrapped]\n|upkeep\n|turn|71\n|\n|t:|1700341741\n|move|p1a: Toxapex|Baneful Bunker|p1a: Toxapex\n|-singleturn|p1a: Toxapex|move: Protect\n|move|p2a: Sneasler|Dire Claw|p1a: Toxapex\n|-activate|p1a: Toxapex|move: Protect\n|\n|-damage|p2a: Sneasler|0 fnt|[from] move: Infestation|[partiallytrapped]\n|faint|p2a: Sneasler\n|upkeep\n|\n|t:|1700341751\n|switch|p2a: Gliscor|Gliscor, F|100\/100 tox\n|turn|72\n|\n|t:|1700341755\n|move|p2a: Gliscor|Earthquake|p1a: Toxapex\n|-supereffective|p1a: Toxapex\n|-crit|p1a: Toxapex\n|-damage|p1a: Toxapex|33\/100\n|move|p1a: Toxapex|Infestation|p2a: Gliscor\n|-resisted|p2a: Gliscor\n|-damage|p2a: Gliscor|99\/100 tox\n|-activate|p2a: Gliscor|move: Infestation|[of] p1a: Toxapex\n|\n|-heal|p1a: Toxapex|40\/100|[from] item: Black Sludge\n|-heal|p2a: Gliscor|100\/100 tox|[from] ability: Poison Heal\n|-damage|p2a: Gliscor|88\/100 tox|[from] move: Infestation|[partiallytrapped]\n|upkeep\n|turn|73\n|\n|t:|1700341765\n|move|p1a: Toxapex|Baneful Bunker|p1a: Toxapex\n|-singleturn|p1a: Toxapex|move: Protect\n|move|p2a: Gliscor|Knock Off|p1a: Toxapex\n|-activate|p1a: Toxapex|move: Protect\n|\n|-heal|p1a: Toxapex|46\/100|[from] item: Black Sludge\n|-heal|p2a: Gliscor|100\/100 tox|[from] ability: Poison Heal\n|-damage|p2a: Gliscor|88\/100 tox|[from] move: Infestation|[partiallytrapped]\n|upkeep\n|turn|74\n|\n|t:|1700341775\n|switch|p1a: Celesteela|Celesteela|22\/100 par\n|-damage|p1a: Celesteela|10\/100 par|[from] Stealth Rock\n|move|p2a: Gliscor|Knock Off|p1a: Celesteela\n|-damage|p1a: Celesteela|0 fnt\n|faint|p1a: Celesteela\n|\n|-heal|p2a: Gliscor|100\/100 tox|[from] ability: Poison Heal\n|-end|p2a: Gliscor|Infestation|[partiallytrapped]|[silent]\n|upkeep\n|\n|t:|1700341786\n|switch|p1a: Clodsire|Clodsire, F, shiny|100\/100 par\n|-damage|p1a: Clodsire|94\/100 par|[from] Stealth Rock\n|turn|75\n|\n|t:|1700341795\n|move|p2a: Gliscor|Knock Off|p1a: Clodsire\n|-damage|p1a: Clodsire|79\/100 par\n|-enditem|p1a: Clodsire|Choice Scarf|[from] move: Knock Off|[of] p2a: Gliscor\n|move|p1a: Clodsire|Yawn||[still]\n|-fail|p1a: Clodsire\n|\n|upkeep\n|turn|76\n|\n|t:|1700341803\n|move|p2a: Gliscor|Earthquake|p1a: Clodsire\n|-supereffective|p1a: Clodsire\n|-damage|p1a: Clodsire|28\/100 par\n|cant|p1a: Clodsire|par\n|\n|upkeep\n|turn|77\n|\n|t:|1700341809\n|move|p2a: Gliscor|Earthquake|p1a: Clodsire\n|-supereffective|p1a: Clodsire\n|-damage|p1a: Clodsire|0 fnt\n|faint|p1a: Clodsire\n|\n|upkeep\n|\n|t:|1700341812\n|switch|p1a: Banette|Banette-Mega, F|88\/100\n|-damage|p1a: Banette|76\/100|[from] Stealth Rock\n|turn|78\n|\n|t:|1700341818\n|switch|p2a: Toxapex|Toxapex, M|100\/100 par\n|move|p1a: Banette|Destiny Bond|p1a: Banette\n|-singlemove|p1a: Banette|Destiny Bond\n|\n|upkeep\n|turn|79\n|\n|t:|1700341824\n|switch|p1a: Toxapex|Toxapex, F, shiny|79\/100\n|-damage|p1a: Toxapex|67\/100|[from] Stealth Rock\n|move|p2a: Toxapex|Scald|p1a: Toxapex\n|-resisted|p1a: Toxapex\n|-damage|p1a: Toxapex|60\/100\n|\n|-heal|p1a: Toxapex|67\/100|[from] item: Black Sludge\n|upkeep\n|turn|80\n|\n|t:|1700341833\n|move|p1a: Toxapex|Infestation|p2a: Toxapex\n|-resisted|p2a: Toxapex\n|-crit|p2a: Toxapex\n|-damage|p2a: Toxapex|99\/100 par\n|-activate|p2a: Toxapex|move: Infestation|[of] p1a: Toxapex\n|move|p2a: Toxapex|Scald|p1a: Toxapex\n|-resisted|p1a: Toxapex\n|-damage|p1a: Toxapex|61\/100\n|\n|-heal|p1a: Toxapex|67\/100|[from] item: Black Sludge\n|-damage|p2a: Toxapex|87\/100 par|[from] move: Infestation|[partiallytrapped]\n|upkeep\n|turn|81\n|\n|t:|1700341842\n|move|p1a: Toxapex|Infestation|p2a: Toxapex\n|-resisted|p2a: Toxapex\n|-damage|p2a: Toxapex|86\/100 par\n|move|p2a: Toxapex|Scald|p1a: Toxapex\n|-resisted|p1a: Toxapex\n|-damage|p1a: Toxapex|61\/100\n|\n|-heal|p1a: Toxapex|67\/100|[from] item: Black Sludge\n|-damage|p2a: Toxapex|74\/100 par|[from] move: Infestation|[partiallytrapped]\n|upkeep\n|turn|82\n|\n|t:|1700341850\n|move|p1a: Toxapex|Infestation|p2a: Toxapex\n|-resisted|p2a: Toxapex\n|-damage|p2a: Toxapex|73\/100 par\n|move|p2a: Toxapex|Scald|p1a: Toxapex\n|-resisted|p1a: Toxapex\n|-damage|p1a: Toxapex|61\/100\n|\n|-heal|p1a: Toxapex|67\/100|[from] item: Black Sludge\n|-damage|p2a: Toxapex|61\/100 par|[from] move: Infestation|[partiallytrapped]\n|upkeep\n|turn|83\n|\n|t:|1700341861\n|move|p1a: Toxapex|Toxic||[still]\n|-fail|p1a: Toxapex\n|cant|p2a: Toxapex|par\n|\n|-heal|p1a: Toxapex|74\/100|[from] item: Black Sludge\n|-damage|p2a: Toxapex|48\/100 par|[from] move: Infestation|[partiallytrapped]\n|upkeep\n|turn|84\n|\n|t:|1700341868\n|move|p1a: Toxapex|Infestation|p2a: Toxapex\n|-resisted|p2a: Toxapex\n|-crit|p2a: Toxapex\n|-damage|p2a: Toxapex|47\/100 par\n|move|p2a: Toxapex|Recover|p2a: Toxapex\n|-heal|p2a: Toxapex|97\/100 par\n|\n|-heal|p1a: Toxapex|80\/100|[from] item: Black Sludge\n|-end|p2a: Toxapex|Infestation|[partiallytrapped]\n|upkeep\n|turn|85\n|\n|t:|1700341875\n|move|p1a: Toxapex|Infestation|p2a: Toxapex\n|-resisted|p2a: Toxapex\n|-damage|p2a: Toxapex|96\/100 par\n|-activate|p2a: Toxapex|move: Infestation|[of] p1a: Toxapex\n|move|p2a: Toxapex|Scald|p1a: Toxapex\n|-resisted|p1a: Toxapex\n|-damage|p1a: Toxapex|74\/100\n|\n|-heal|p1a: Toxapex|80\/100|[from] item: Black Sludge\n|-damage|p2a: Toxapex|84\/100 par|[from] move: Infestation|[partiallytrapped]\n|upkeep\n|turn|86\n|\n|t:|1700341884\n|move|p1a: Toxapex|Infestation|p2a: Toxapex\n|-resisted|p2a: Toxapex\n|-damage|p2a: Toxapex|83\/100 par\n|move|p2a: Toxapex|Scald|p1a: Toxapex\n|-resisted|p1a: Toxapex\n|-damage|p1a: Toxapex|75\/100\n|\n|-heal|p1a: Toxapex|81\/100|[from] item: Black Sludge\n|-damage|p2a: Toxapex|71\/100 par|[from] move: Infestation|[partiallytrapped]\n|upkeep\n|turn|87\n|\n|t:|1700341894\n|move|p1a: Toxapex|Toxic||[still]\n|-fail|p1a: Toxapex\n|move|p2a: Toxapex|Scald|p1a: Toxapex\n|-resisted|p1a: Toxapex\n|-damage|p1a: Toxapex|75\/100\n|\n|-heal|p1a: Toxapex|81\/100|[from] item: Black Sludge\n|-damage|p2a: Toxapex|59\/100 par|[from] move: Infestation|[partiallytrapped]\n|upkeep\n|turn|88\n|\n|t:|1700341910\n|move|p1a: Toxapex|Toxic||[still]\n|-fail|p1a: Toxapex\n|move|p2a: Toxapex|Scald|p1a: Toxapex\n|-resisted|p1a: Toxapex\n|-damage|p1a: Toxapex|75\/100\n|\n|-heal|p1a: Toxapex|82\/100|[from] item: Black Sludge\n|-damage|p2a: Toxapex|46\/100 par|[from] move: Infestation|[partiallytrapped]\n|upkeep\n|turn|89\n|\n|t:|1700341918\n|switch|p1a: Banette|Banette-Mega, F|76\/100\n|-damage|p1a: Banette|64\/100|[from] Stealth Rock\n|cant|p2a: Toxapex|par\n|\n|-end|p2a: Toxapex|Infestation|[partiallytrapped]|[silent]\n|upkeep\n|turn|90\n|\n|t:|1700341924\n|move|p1a: Banette|Curse|p2a: Toxapex\n|-start|p2a: Toxapex|Curse|[of] p1a: Banette\n|-damage|p1a: Banette|14\/100\n|cant|p2a: Toxapex|par\n|\n|-damage|p2a: Toxapex|22\/100 par|[from] Curse\n|upkeep\n|turn|91\n|\n|t:|1700341934\n|move|p1a: Banette|Protect|p1a: Banette\n|-singleturn|p1a: Banette|Protect\n|move|p2a: Toxapex|Recover|p2a: Toxapex\n|-heal|p2a: Toxapex|72\/100 par\n|\n|-damage|p2a: Toxapex|47\/100 par|[from] Curse\n|upkeep\n|turn|92\n|inactive|830r has 120 seconds left.\n|\n|t:|1700341960\n|switch|p1a: Toxapex|Toxapex, F, shiny|100\/100\n|-damage|p1a: Toxapex|88\/100|[from] Stealth Rock\n|switch|p2a: Ceruledge|Ceruledge, F|72\/100 par\n|\n|-heal|p1a: Toxapex|94\/100|[from] item: Black Sludge\n|upkeep\n|turn|93\n|inactive|830r has 120 seconds left.\n|\n|t:|1700341968\n|switch|p2a: Toxapex|Toxapex, M|80\/100 par\n|move|p1a: Toxapex|Infestation|p2a: Toxapex\n|-resisted|p2a: Toxapex\n|-damage|p2a: Toxapex|79\/100 par\n|-activate|p2a: Toxapex|move: Infestation|[of] p1a: Toxapex\n|\n|-heal|p1a: Toxapex|100\/100|[from] item: Black Sludge\n|-damage|p2a: Toxapex|67\/100 par|[from] move: Infestation|[partiallytrapped]\n|upkeep\n|turn|94\n|inactive|830r has 120 seconds left.\n|\n|t:|1700341977\n|move|p1a: Toxapex|Toxic||[still]\n|-fail|p1a: Toxapex\n|move|p2a: Toxapex|Scald|p1a: Toxapex\n|-resisted|p1a: Toxapex\n|-damage|p1a: Toxapex|95\/100\n|\n|-heal|p1a: Toxapex|100\/100|[from] item: Black Sludge\n|-damage|p2a: Toxapex|55\/100 par|[from] move: Infestation|[partiallytrapped]\n|upkeep\n|turn|95\n|\n|t:|1700341985\n|move|p1a: Toxapex|Infestation|p2a: Toxapex\n|-resisted|p2a: Toxapex\n|-damage|p2a: Toxapex|54\/100 par\n|cant|p2a: Toxapex|par\n|\n|-damage|p2a: Toxapex|42\/100 par|[from] move: Infestation|[partiallytrapped]\n|upkeep\n|turn|96\n|\n|t:|1700341991\n|move|p1a: Toxapex|Infestation|p2a: Toxapex\n|-resisted|p2a: Toxapex\n|-damage|p2a: Toxapex|41\/100 par\n|move|p2a: Toxapex|Recover|p2a: Toxapex\n|-heal|p2a: Toxapex|91\/100 par\n|\n|-damage|p2a: Toxapex|79\/100 par|[from] move: Infestation|[partiallytrapped]\n|upkeep\n|turn|97\n|\n|t:|1700342001\n|move|p1a: Toxapex|Infestation|p2a: Toxapex\n|-resisted|p2a: Toxapex\n|-damage|p2a: Toxapex|78\/100 par\n|move|p2a: Toxapex|Toxic Spikes|p1a: Toxapex\n|-sidestart|p1: 830r|move: Toxic Spikes\n|\n|-damage|p2a: Toxapex|66\/100 par|[from] move: Infestation|[partiallytrapped]\n|upkeep\n|turn|98\n|\n|t:|1700342010\n|move|p1a: Toxapex|Infestation|p2a: Toxapex\n|-resisted|p2a: Toxapex\n|-damage|p2a: Toxapex|65\/100 par\n|move|p2a: Toxapex|Toxic Spikes|p1a: Toxapex\n|-sidestart|p1: 830r|move: Toxic Spikes\n|\n|-end|p2a: Toxapex|Infestation|[partiallytrapped]\n|upkeep\n|turn|99\n|\n|t:|1700342016\n|switch|p1a: Banette|Banette-Mega, F|14\/100\n|-damage|p1a: Banette|2\/100|[from] Stealth Rock\n|-status|p1a: Banette|tox\n|move|p2a: Toxapex|Scald|p1a: Banette\n|-damage|p1a: Banette|0 fnt\n|faint|p1a: Banette\n|\n|upkeep\n|\n|t:|1700342024\n|switch|p1a: Toxapex|Toxapex, F, shiny|100\/100\n|-damage|p1a: Toxapex|88\/100|[from] Stealth Rock\n|-sideend|p1: 830r|move: Toxic Spikes|[of] p1a: Toxapex\n|turn|100\n|\n|t:|1700342029\n|switch|p2a: Gliscor|Gliscor, F|100\/100 tox\n|move|p1a: Toxapex|Infestation|p2a: Gliscor\n|-resisted|p2a: Gliscor\n|-damage|p2a: Gliscor|99\/100 tox\n|-activate|p2a: Gliscor|move: Infestation|[of] p1a: Toxapex\n|\n|-heal|p1a: Toxapex|94\/100|[from] item: Black Sludge\n|-heal|p2a: Gliscor|100\/100 tox|[from] ability: Poison Heal\n|-damage|p2a: Gliscor|88\/100 tox|[from] move: Infestation|[partiallytrapped]\n|upkeep\n|turn|101\n|\n|t:|1700342039\n|move|p1a: Toxapex|Baneful Bunker|p1a: Toxapex\n|-singleturn|p1a: Toxapex|move: Protect\n|move|p2a: Gliscor|Knock Off|p1a: Toxapex\n|-activate|p1a: Toxapex|move: Protect\n|\n|-heal|p1a: Toxapex|100\/100|[from] item: Black Sludge\n|-heal|p2a: Gliscor|100\/100 tox|[from] ability: Poison Heal\n|-damage|p2a: Gliscor|88\/100 tox|[from] move: Infestation|[partiallytrapped]\n|upkeep\n|turn|102\n|\n|t:|1700342048\n|move|p2a: Gliscor|Knock Off|p1a: Toxapex\n|-damage|p1a: Toxapex|86\/100\n|-enditem|p1a: Toxapex|Black Sludge|[from] move: Knock Off|[of] p2a: Gliscor\n|move|p1a: Toxapex|Infestation|p2a: Gliscor\n|-resisted|p2a: Gliscor\n|-damage|p2a: Gliscor|87\/100 tox\n|\n|-heal|p2a: Gliscor|99\/100 tox|[from] ability: Poison Heal\n|-damage|p2a: Gliscor|87\/100 tox|[from] move: Infestation|[partiallytrapped]\n|upkeep\n|turn|103\n|-message|830r forfeited.\n|\n|win|Raiulenx9\n|raw|830r's rating: 1236 &rarr; <strong>1218<\/strong><br \/>(-18 for losing)\n|raw|Raiulenx9's rating: 1333 &rarr; <strong>1348<\/strong><br \/>(+15 for winning)\n|l|\u2606830r\n","uploadtime":1700342063,"views":32,"p1id":"830r","p2id":"raiulenx9","formatid":"gen9nationaldex","rating":1218,"private":0,"password":""}