{"id":"gen9nationaldex-1994594635","p1":"Marty1010","p2":"JamesRonanC","format":"[Gen 9] National Dex","log":"|html|<div class=\"broadcast-blue\"><strong>[Gen 9] National Dex is currently suspecting Sneasler! For information on how to participate check out the <a href=\"https:\/\/www.smogon.com\/forums\/threads\/sv-national-dex-suspect-8-just-dance.3731534\/\">suspect thread<\/a>.<\/strong><\/div>\n|j|\u2606Marty1010\n|j|\u2606JamesRonanC\n|t:|1700466206\n|gametype|singles\n|player|p1|Marty1010|blackbelt-gen4|1282\n|player|p2|JamesRonanC|265|1191\n|teamsize|p1|6\n|teamsize|p2|6\n|gen|9\n|tier|[Gen 9] National Dex\n|rated|\n|rule|HP Percentage Mod: HP is shown in percentages\n|rule|Endless Battle Clause: Forcing endless battles is banned\n|rule|OHKO Clause: OHKO moves are banned\n|rule|Evasion Clause: Evasion abilities, items, and moves are banned\n|rule|Evasion Abilities Clause: Evasion abilities are banned\n|rule|Evasion Items Clause: Evasion items are banned\n|rule|Evasion Moves Clause: Evasion moves are banned\n|rule|Species Clause: Limit one of each Pok\u00e9mon\n|rule|Sleep Clause Mod: Limit one foe put to sleep\n|clearpoke\n|poke|p1|Charizard, F|\n|poke|p1|Leafeon, M|\n|poke|p1|Ferrothorn, M|\n|poke|p1|Corviknight, F|\n|poke|p1|Garganacl, M|\n|poke|p1|Toxapex, F|\n|poke|p2|Urshifu-*, M|\n|poke|p2|Kartana|\n|poke|p2|Blacephalon|\n|poke|p2|Iron Valiant|\n|poke|p2|Landorus-Therian, M|\n|poke|p2|Diancie|\n|teampreview\n|inactive|Battle timer is ON: inactive players will automatically lose when time's up. (requested by JamesRonanC)\n|\n|t:|1700466214\n|start\n|switch|p1a: Poison|Toxapex, F|100\/100\n|switch|p2a: Landorus|Landorus-Therian, M|100\/100\n|-ability|p2a: Landorus|Intimidate|boost\n|-unboost|p1a: Poison|atk|1\n|turn|1\n|\n|t:|1700466222\n|move|p1a: Poison|Baneful Bunker|p1a: Poison\n|-singleturn|p1a: Poison|move: Protect\n|move|p2a: Landorus|U-turn|p1a: Poison\n|-activate|p1a: Poison|move: Protect\n|-status|p2a: Landorus|psn\n|\n|-damage|p2a: Landorus|88\/100 psn|[from] psn\n|upkeep\n|turn|2\n|\n|t:|1700466230\n|switch|p1a: Spikey|Ferrothorn, M|100\/100\n|move|p2a: Landorus|Stealth Rock|p1a: Spikey\n|-sidestart|p1: Marty1010|move: Stealth Rock\n|\n|-damage|p2a: Landorus|76\/100 psn|[from] psn\n|upkeep\n|turn|3\n|\n|t:|1700466237\n|switch|p2a: Blacephalon|Blacephalon|100\/100\n|move|p1a: Spikey|Stealth Rock|p2a: Blacephalon\n|-sidestart|p2: JamesRonanC|move: Stealth Rock\n|\n|upkeep\n|turn|4\n|\n|t:|1700466242\n|switch|p1a: Poison|Toxapex, F|100\/100\n|-damage|p1a: Poison|88\/100|[from] Stealth Rock\n|move|p2a: Blacephalon|Shadow Ball|p1a: Poison\n|-damage|p1a: Poison|45\/100\n|\n|-heal|p1a: Poison|51\/100|[from] item: Black Sludge\n|upkeep\n|turn|5\n|\n|t:|1700466254\n|move|p1a: Poison|Baneful Bunker|p1a: Poison\n|-singleturn|p1a: Poison|move: Protect\n|move|p2a: Blacephalon|Shadow Ball|p1a: Poison\n|-activate|p1a: Poison|move: Protect\n|\n|-heal|p1a: Poison|57\/100|[from] item: Black Sludge\n|upkeep\n|turn|6\n|\n|t:|1700466262\n|switch|p1a: Spikey|Ferrothorn, M|100\/100\n|-damage|p1a: Spikey|95\/100|[from] Stealth Rock\n|move|p2a: Blacephalon|Shadow Ball|p1a: Spikey\n|-damage|p1a: Spikey|54\/100\n|\n|-heal|p1a: Spikey|60\/100|[from] item: Leftovers\n|upkeep\n|turn|7\n|\n|t:|1700466277\n|switch|p2a: Diancie|Diancie|100\/100\n|-damage|p2a: Diancie|88\/100|[from] Stealth Rock\n|switch|p1a: Garganacl|Garganacl, M|100\/100\n|-damage|p1a: Garganacl|88\/100|[from] Stealth Rock\n|\n|upkeep\n|turn|8\n|\n|t:|1700466288\n|detailschange|p2a: Diancie|Diancie-Mega\n|-mega|p2a: Diancie|Diancie|Diancite\n|move|p2a: Diancie|Substitute|p2a: Diancie\n|-start|p2a: Diancie|Substitute\n|-damage|p2a: Diancie|63\/100\n|move|p1a: Garganacl|Salt Cure|p2a: Diancie\n|-activate|p2a: Diancie|move: Substitute|[damage]\n|\n|upkeep\n|turn|9\n|\n|t:|1700466295\n|move|p2a: Diancie|Moonblast|p1a: Garganacl\n|-crit|p1a: Garganacl\n|-damage|p1a: Garganacl|27\/100\n|move|p1a: Garganacl|Iron Defense|p1a: Garganacl\n|-boost|p1a: Garganacl|def|2\n|\n|upkeep\n|turn|10\n|\n|t:|1700466304\n|switch|p1a: Poison|Toxapex, F|90\/100\n|-damage|p1a: Poison|78\/100|[from] Stealth Rock\n|move|p2a: Diancie|Moonblast|p1a: Poison\n|-resisted|p1a: Poison\n|-damage|p1a: Poison|54\/100\n|\n|-heal|p1a: Poison|60\/100|[from] item: Black Sludge\n|upkeep\n|turn|11\n|\n|t:|1700466312\n|move|p2a: Diancie|Diamond Storm|p1a: Poison\n|-damage|p1a: Poison|31\/100\n|-boost|p2a: Diancie|def|2\n|move|p1a: Poison|Scald|p2a: Diancie\n|-supereffective|p2a: Diancie\n|-end|p2a: Diancie|Substitute\n|\n|-heal|p1a: Poison|37\/100|[from] item: Black Sludge\n|upkeep\n|turn|12\n|\n|t:|1700466328\n|switch|p2a: Iron Valiant|Iron Valiant|100\/100\n|-damage|p2a: Iron Valiant|94\/100|[from] Stealth Rock\n|move|p1a: Poison|Scald|p2a: Iron Valiant\n|-damage|p2a: Iron Valiant|66\/100\n|\n|-heal|p1a: Poison|43\/100|[from] item: Black Sludge\n|upkeep\n|turn|13\n|\n|t:|1700466339\n|switch|p1a: Garganacl|Garganacl, M|27\/100\n|-damage|p1a: Garganacl|15\/100|[from] Stealth Rock\n|move|p2a: Iron Valiant|Thunderbolt|p1a: Garganacl\n|-damage|p1a: Garganacl|0 fnt\n|faint|p1a: Garganacl\n|\n|upkeep\n|\n|t:|1700466346\n|switch|p1a: Spikey|Ferrothorn, M|60\/100\n|-damage|p1a: Spikey|54\/100|[from] Stealth Rock\n|turn|14\n|\n|t:|1700466360\n|-end|p2a: Iron Valiant|Quark Drive|[silent]\n|switch|p2a: Blacephalon|Blacephalon|100\/100\n|-damage|p2a: Blacephalon|75\/100|[from] Stealth Rock\n|move|p1a: Spikey|Leech Seed|p2a: Blacephalon\n|-start|p2a: Blacephalon|move: Leech Seed\n|\n|-heal|p1a: Spikey|60\/100|[from] item: Leftovers\n|-damage|p2a: Blacephalon|63\/100|[from] Leech Seed|[of] p1a: Spikey\n|-heal|p1a: Spikey|69\/100|[silent]\n|upkeep\n|turn|15\n|\n|t:|1700466369\n|switch|p2a: Landorus|Landorus-Therian, M|76\/100 psn\n|-ability|p2a: Landorus|Intimidate|boost\n|-unboost|p1a: Spikey|atk|1\n|switch|p1a: Poison|Toxapex, F|76\/100\n|-damage|p1a: Poison|64\/100|[from] Stealth Rock\n|\n|-heal|p1a: Poison|70\/100|[from] item: Black Sludge\n|-damage|p2a: Landorus|64\/100 psn|[from] psn\n|upkeep\n|turn|16\n|\n|t:|1700466379\n|move|p1a: Poison|Baneful Bunker|p1a: Poison\n|-singleturn|p1a: Poison|move: Protect\n|move|p2a: Landorus|Defog|p1a: Poison\n|-activate|p1a: Poison|move: Protect\n|\n|-heal|p1a: Poison|76\/100|[from] item: Black Sludge\n|-damage|p2a: Landorus|51\/100 psn|[from] psn\n|upkeep\n|turn|17\n|\n|t:|1700466392\n|move|p2a: Landorus|Defog|p1a: Poison\n|-unboost|p1a: Poison|evasion|1\n|-sideend|p1: Marty1010|Stealth Rock|[from] move: Defog|[of] p2a: Landorus\n|-sideend|p2: JamesRonanC|Stealth Rock|[from] move: Defog|[of] p2a: Landorus\n|move|p1a: Poison|Scald|p2a: Landorus\n|-supereffective|p2a: Landorus\n|-damage|p2a: Landorus|14\/100 psn\n|\n|-heal|p1a: Poison|83\/100|[from] item: Black Sludge\n|-damage|p2a: Landorus|2\/100 psn|[from] psn\n|upkeep\n|turn|18\n|\n|t:|1700466409\n|switch|p2a: Kartana|Kartana|100\/100\n|move|p1a: Poison|Toxic Spikes|p2a: Kartana\n|-sidestart|p2: JamesRonanC|move: Toxic Spikes\n|\n|-heal|p1a: Poison|89\/100|[from] item: Black Sludge\n|upkeep\n|turn|19\n|\n|t:|1700466418\n|switch|p1a: Corviknight|Corviknight, F|100\/100\n|-ability|p1a: Corviknight|Pressure\n|move|p2a: Kartana|Substitute|p2a: Kartana\n|-start|p2a: Kartana|Substitute\n|-damage|p2a: Kartana|75\/100\n|\n|-heal|p2a: Kartana|82\/100|[from] item: Leftovers\n|upkeep\n|turn|20\n|\n|t:|1700466425\n|move|p2a: Kartana|Knock Off|p1a: Corviknight\n|-damage|p1a: Corviknight|63\/100\n|-enditem|p1a: Corviknight|Heavy-Duty Boots|[from] move: Knock Off|[of] p2a: Kartana\n|move|p1a: Corviknight|Iron Defense|p1a: Corviknight\n|-boost|p1a: Corviknight|def|2\n|\n|-heal|p2a: Kartana|88\/100|[from] item: Leftovers\n|upkeep\n|turn|21\n|\n|t:|1700466436\n|switch|p2a: Blacephalon|Blacephalon|63\/100\n|-status|p2a: Blacephalon|psn\n|move|p1a: Corviknight|Iron Defense|p1a: Corviknight\n|-boost|p1a: Corviknight|def|2\n|\n|-damage|p2a: Blacephalon|50\/100 psn|[from] psn\n|upkeep\n|turn|22\n|\n|t:|1700466443\n|switch|p1a: Poison|Toxapex, F|100\/100\n|move|p2a: Blacephalon|Flamethrower|p1a: Poison\n|-resisted|p1a: Poison\n|-damage|p1a: Poison|75\/100\n|\n|-heal|p1a: Poison|81\/100|[from] item: Black Sludge\n|-damage|p2a: Blacephalon|38\/100 psn|[from] psn\n|upkeep\n|turn|23\n|\n|t:|1700466458\n|switch|p2a: Iron Valiant|Iron Valiant|66\/100\n|-status|p2a: Iron Valiant|psn\n|move|p1a: Poison|Toxic Spikes|p2a: Iron Valiant\n|-sidestart|p2: JamesRonanC|move: Toxic Spikes\n|\n|-heal|p1a: Poison|88\/100|[from] item: Black Sludge\n|-damage|p2a: Iron Valiant|54\/100 psn|[from] psn\n|upkeep\n|turn|24\n|\n|t:|1700466466\n|move|p1a: Poison|Baneful Bunker|p1a: Poison\n|-singleturn|p1a: Poison|move: Protect\n|move|p2a: Iron Valiant|Psychic|p1a: Poison\n|-activate|p1a: Poison|move: Protect\n|\n|-heal|p1a: Poison|94\/100|[from] item: Black Sludge\n|-damage|p2a: Iron Valiant|42\/100 psn|[from] psn\n|upkeep\n|turn|25\n|\n|t:|1700466474\n|switch|p1a: Spikey|Ferrothorn, M|69\/100\n|move|p2a: Iron Valiant|Thunderbolt|p1a: Spikey\n|-resisted|p1a: Spikey\n|-crit|p1a: Spikey\n|-damage|p1a: Spikey|50\/100\n|\n|-heal|p1a: Spikey|56\/100|[from] item: Leftovers\n|-damage|p2a: Iron Valiant|29\/100 psn|[from] psn\n|upkeep\n|turn|26\n|\n|t:|1700466483\n|-end|p2a: Iron Valiant|Quark Drive|[silent]\n|switch|p2a: Kartana|Kartana|88\/100\n|move|p1a: Spikey|Leech Seed|p2a: Kartana\n|-immune|p2a: Kartana\n|\n|-heal|p2a: Kartana|94\/100|[from] item: Leftovers\n|-heal|p1a: Spikey|62\/100|[from] item: Leftovers\n|upkeep\n|turn|27\n|\n|t:|1700466491\n|switch|p1a: Corviknight|Corviknight, F|63\/100\n|-ability|p1a: Corviknight|Pressure\n|move|p2a: Kartana|Knock Off|p1a: Corviknight\n|-damage|p1a: Corviknight|38\/100\n|\n|-heal|p2a: Kartana|99\/100|[from] item: Leftovers\n|upkeep\n|turn|28\n|\n|t:|1700466500\n|move|p2a: Kartana|Leaf Blade|p1a: Corviknight\n|-resisted|p1a: Corviknight\n|-damage|p1a: Corviknight|25\/100\n|move|p1a: Corviknight|Roost|p1a: Corviknight\n|-heal|p1a: Corviknight|75\/100\n|-singleturn|p1a: Corviknight|move: Roost\n|\n|-heal|p2a: Kartana|100\/100|[from] item: Leftovers\n|upkeep\n|turn|29\n|\n|t:|1700466515\n|switch|p2a: Landorus|Landorus-Therian, M|2\/100 psn\n|-ability|p2a: Landorus|Intimidate|boost\n|-unboost|p1a: Corviknight|atk|1\n|move|p1a: Corviknight|Iron Defense|p1a: Corviknight\n|-boost|p1a: Corviknight|def|2\n|\n|-damage|p2a: Landorus|0 fnt|[from] psn\n|faint|p2a: Landorus\n|upkeep\n|\n|t:|1700466526\n|switch|p2a: Diancie|Diancie-Mega|63\/100\n|-status|p2a: Diancie|tox\n|turn|30\n|\n|t:|1700466531\n|move|p2a: Diancie|Mystical Fire|p1a: Corviknight\n|-supereffective|p1a: Corviknight\n|-damage|p1a: Corviknight|34\/100\n|-unboost|p1a: Corviknight|spa|1\n|move|p1a: Corviknight|Iron Defense|p1a: Corviknight\n|-boost|p1a: Corviknight|def|2\n|\n|-damage|p2a: Diancie|57\/100 tox|[from] psn\n|upkeep\n|turn|31\n|\n|t:|1700466540\n|switch|p1a: Poison|Toxapex, F|100\/100\n|move|p2a: Diancie|Mystical Fire|p1a: Poison\n|-resisted|p1a: Poison\n|-damage|p1a: Poison|88\/100\n|-unboost|p1a: Poison|spa|1\n|\n|-heal|p1a: Poison|94\/100|[from] item: Black Sludge\n|-damage|p2a: Diancie|45\/100 tox|[from] psn\n|upkeep\n|turn|32\n|\n|t:|1700466551\n|switch|p2a: Kartana|Kartana|100\/100\n|move|p1a: Poison|Scald|p2a: Kartana\n|-resisted|p2a: Kartana\n|-damage|p2a: Kartana|84\/100\n|-status|p2a: Kartana|brn\n|\n|-heal|p2a: Kartana|90\/100 brn|[from] item: Leftovers\n|-heal|p1a: Poison|99\/100|[from] item: Black Sludge\n|-damage|p2a: Kartana|84\/100 brn|[from] brn\n|upkeep\n|turn|33\n|\n|t:|1700466562\n|switch|p1a: Spikey|Ferrothorn, M|62\/100\n|move|p2a: Kartana|Knock Off|p1a: Spikey\n|-damage|p1a: Spikey|51\/100\n|-damage|p2a: Kartana|72\/100 brn|[from] ability: Iron Barbs|[of] p1a: Spikey\n|-enditem|p1a: Spikey|Leftovers|[from] move: Knock Off|[of] p2a: Kartana\n|\n|-heal|p2a: Kartana|78\/100 brn|[from] item: Leftovers\n|-damage|p2a: Kartana|72\/100 brn|[from] brn\n|upkeep\n|turn|34\n|-message|JamesRonanC forfeited.\n|\n|win|Marty1010\n|raw|Marty1010's rating: 1282 &rarr; <strong>1301<\/strong><br \/>(+19 for winning)\n|raw|JamesRonanC's rating: 1191 &rarr; <strong>1172<\/strong><br \/>(-19 for losing)\n|l|\u2606JamesRonanC\n","uploadtime":1700466626,"views":12,"p1id":"marty1010","p2id":"jamesronanc","formatid":"gen9nationaldex","rating":1172,"private":0,"password":""}