{"id":"gen9nationaldex-1998933051","p1":"Umbreoniscool103","p2":"RegularFr","format":"[Gen 9] National Dex","log":"|html|<div class=\"broadcast-blue\"><strong>[Gen 9] National Dex is currently suspecting Sneasler! For information on how to participate check out the <a href=\"https:\/\/www.smogon.com\/forums\/threads\/sv-national-dex-suspect-8-just-dance.3731534\/\">suspect thread<\/a>.<\/strong><\/div>\n|j|\u2606Umbreoniscool103\n|j|\u2606RegularFr\n|t:|1701014753\n|gametype|singles\n|player|p1|Umbreoniscool103|nate|\n|player|p2|RegularFr|backpacker|\n|teamsize|p1|6\n|teamsize|p2|6\n|gen|9\n|tier|[Gen 9] National Dex\n|rule|HP Percentage Mod: HP is shown in percentages\n|rule|Endless Battle Clause: Forcing endless battles is banned\n|rule|OHKO Clause: OHKO moves are banned\n|rule|Evasion Clause: Evasion abilities, items, and moves are banned\n|rule|Evasion Abilities Clause: Evasion abilities are banned\n|rule|Evasion Items Clause: Evasion items are banned\n|rule|Evasion Moves Clause: Evasion moves are banned\n|rule|Species Clause: Limit one of each Pok\u00e9mon\n|rule|Sleep Clause Mod: Limit one foe put to sleep\n|clearpoke\n|poke|p1|Torterra, M|\n|poke|p1|Drednaw, M|\n|poke|p1|Pawmot, F|\n|poke|p1|Incineroar, M|\n|poke|p1|Sableye, M|\n|poke|p1|Rattata, L1, M|\n|poke|p2|Scizor, F|\n|poke|p2|Urshifu-*, F|\n|poke|p2|Ninetales-Alola, F|\n|poke|p2|Arcanine-Hisui, F|\n|poke|p2|Druddigon, M|\n|poke|p2|Gliscor, M|\n|teampreview\n|c|\u2606RegularFr|teehee\n|c|\u2606Umbreoniscool103|drew team gaming?\n|c|\u2606RegularFr|this isnt drews team\n|c|\u2606Umbreoniscool103|oh mk\n|c|\u2606RegularFr|also dosent matthew have snuffle\n|c|\u2606Umbreoniscool103|dont ask about the rattata\n|c|\u2606Umbreoniscool103|yh\n|c|\u2606Umbreoniscool103|torterra is replacement\n|c|\u2606Umbreoniscool103|for showdown\n|c|\u2606RegularFr|ohhhh\n|\n|t:|1701014807\n|start\n|switch|p1a: funny wrestler cat|Incineroar, M|100\/100\n|switch|p2a: Arcanine|Arcanine-Hisui, F|100\/100\n|-ability|p1a: funny wrestler cat|Intimidate|boost\n|-unboost|p2a: Arcanine|atk|1\n|turn|1\n|c|\u2606Umbreoniscool103|eh not bad for me you putting in arcanine\n|\n|t:|1701014829\n|move|p2a: Arcanine|Head Smash|p1a: funny wrestler cat\n|-supereffective|p1a: funny wrestler cat\n|-damage|p1a: funny wrestler cat|28\/100\n|move|p1a: funny wrestler cat|Drain Punch|p2a: Arcanine\n|-supereffective|p2a: Arcanine\n|-damage|p2a: Arcanine|50\/100\n|-heal|p1a: funny wrestler cat|51\/100|[from] drain|[of] p2a: Arcanine\n|\n|upkeep\n|turn|2\n|\n|t:|1701014842\n|move|p2a: Arcanine|Head Smash|p1a: funny wrestler cat\n|-supereffective|p1a: funny wrestler cat\n|-damage|p1a: funny wrestler cat|0 fnt\n|faint|p1a: funny wrestler cat\n|\n|upkeep\n|\n|t:|1701014847\n|switch|p1a: i like turtles|Drednaw, M|100\/100\n|turn|3\n|c|\u2606RegularFr|i like turtles\n|\n|t:|1701014858\n|move|p2a: Arcanine|Extreme Speed|p1a: i like turtles\n|-resisted|p1a: i like turtles\n|-damage|p1a: i like turtles|93\/100\n|-damage|p2a: Arcanine|34\/100|[from] item: Rocky Helmet|[of] p1a: i like turtles\n|move|p1a: i like turtles|High Horsepower|p2a: Arcanine\n|-supereffective|p2a: Arcanine\n|-damage|p2a: Arcanine|0 fnt\n|faint|p2a: Arcanine\n|\n|upkeep\n|c|\u2606Umbreoniscool103|yes i do\n|c|\u2606RegularFr|dammit\n|c|\u2606RegularFr|ropclky helmet\n|c|\u2606Umbreoniscool103|put in any of yours . you die.\n|c|\u2606Umbreoniscool103|(i think.)\n|\n|t:|1701014903\n|switch|p2a: Gliscor|Gliscor, M|100\/100\n|turn|4\n|\n|t:|1701014910\n|move|p2a: Gliscor|Earthquake|p1a: i like turtles\n|-supereffective|p1a: i like turtles\n|-damage|p1a: i like turtles|22\/100\n|move|p1a: i like turtles|Blizzard|p2a: Gliscor\n|-supereffective|p2a: Gliscor\n|-damage|p2a: Gliscor|26\/100\n|\n|-status|p2a: Gliscor|tox|[from] item: Toxic Orb\n|upkeep\n|turn|5\n|\n|t:|1701014936\n|-terastallize|p1a: i like turtles|Water\n|move|p2a: Gliscor|Earthquake|p1a: i like turtles\n|-damage|p1a: i like turtles|0 fnt\n|faint|p1a: i like turtles\n|\n|-heal|p2a: Gliscor|39\/100 tox|[from] ability: Poison Heal\n|upkeep\n|c|\u2606Umbreoniscool103|eh\n|\n|t:|1701014952\n|switch|p1a: fear.|Rattata, L1, M|100\/100\n|turn|6\n|\n|t:|1701014959\n|move|p2a: Gliscor|Brick Break|p1a: fear.\n|-supereffective|p1a: fear.\n|-enditem|p1a: fear.|Focus Sash\n|-damage|p1a: fear.|10\/100\n|move|p1a: fear.|Endeavor|p2a: Gliscor\n|-damage|p2a: Gliscor|1\/100 tox\n|\n|-heal|p2a: Gliscor|13\/100 tox|[from] ability: Poison Heal\n|upkeep\n|turn|7\n|c|\u2606RegularFr|oh i this shit isnt it\n|\n|t:|1701014970\n|move|p1a: fear.|Quick Attack|p2a: Gliscor\n|-damage|p2a: Gliscor|13\/100 tox\n|move|p2a: Gliscor|Brick Break|p1a: fear.\n|-supereffective|p1a: fear.\n|-damage|p1a: fear.|0 fnt\n|faint|p1a: fear.\n|\n|-heal|p2a: Gliscor|25\/100 tox|[from] ability: Poison Heal\n|upkeep\n|c|\u2606Umbreoniscool103|oh hell\n|c|\u2606RegularFr|LOL\n|c|\u2606Umbreoniscool103|yes\n|c|\u2606Umbreoniscool103|loll\n|\n|t:|1701014979\n|switch|p1a: deloinkuent|Torterra, M|100\/100\n|turn|8\n|\n|t:|1701014992\n|switch|p2a: Ninetales|Ninetales-Alola, F|100\/100\n|-weather|Snow|[from] ability: Snow Warning|[of] p2a: Ninetales\n|move|p1a: deloinkuent|Superpower|p2a: Ninetales\n|-damage|p2a: Ninetales|67\/100\n|-unboost|p1a: deloinkuent|atk|1\n|-unboost|p1a: deloinkuent|def|1\n|\n|-weather|Snow|[upkeep]\n|upkeep\n|turn|9\n|\n|t:|1701015005\n|switch|p1a: bzzt|Pawmot, F|100\/100\n|move|p2a: Ninetales|Freeze-Dry|p1a: bzzt\n|-damage|p1a: bzzt|62\/100\n|\n|-weather|Snow|[upkeep]\n|-heal|p1a: bzzt|68\/100|[from] item: Leftovers\n|upkeep\n|turn|10\n|c|\u2606RegularFr|booo you switched\n|c|\u2606RegularFr|bzzt?\n|c|\u2606Umbreoniscool103|yh of course bro\n|\n|t:|1701015023\n|move|p1a: bzzt|Revival Blessing|p1a: bzzt\n|\n|t:|1701015030\n|-heal|p1: fear.|46\/100|[from] move: Revival Blessing\n|move|p2a: Ninetales|Moonblast|p1a: bzzt\n|-supereffective|p1a: bzzt\n|-damage|p1a: bzzt|0 fnt\n|faint|p1a: bzzt\n|\n|-weather|Snow|[upkeep]\n|upkeep\n|\n|t:|1701015038\n|switch|p1a: fear.|Rattata, L1, M|46\/100\n|turn|11\n|\n|t:|1701015045\n|move|p2a: Ninetales|Encore||[still]\n|-fail|p2a: Ninetales\n|move|p1a: fear.|Endeavor|p2a: Ninetales\n|-damage|p2a: Ninetales|2\/100\n|\n|-weather|Snow|[upkeep]\n|upkeep\n|turn|12\n|\n|t:|1701015056\n|move|p1a: fear.|Quick Attack|p2a: Ninetales\n|-damage|p2a: Ninetales|2\/100\n|move|p2a: Ninetales|Aurora Veil|p2a: Ninetales\n|-sidestart|p2: RegularFr|move: Aurora Veil\n|\n|-weather|none\n|upkeep\n|turn|13\n|c|\u2606Umbreoniscool103|wait how though\n|\n|t:|1701015064\n|move|p1a: fear.|Quick Attack|p2a: Ninetales\n|-damage|p2a: Ninetales|1\/100\n|move|p2a: Ninetales|Moonblast|p1a: fear.\n|-damage|p1a: fear.|0 fnt\n|faint|p1a: fear.\n|\n|upkeep\n|\n|t:|1701015071\n|switch|p1a: hehe|Sableye, M, shiny|100\/100\n|turn|14\n|\n|t:|1701015080\n|detailschange|p1a: hehe|Sableye-Mega, M, shiny\n|-mega|p1a: hehe|Sableye|Sablenite\n|move|p2a: Ninetales|Moonblast|p1a: hehe\n|-supereffective|p1a: hehe\n|-damage|p1a: hehe|45\/100\n|move|p1a: hehe|Giga Drain|p2a: Ninetales\n|-damage|p2a: Ninetales|0 fnt\n|-heal|p1a: hehe|46\/100|[from] drain|[of] p2a: Ninetales\n|faint|p2a: Ninetales\n|\n|upkeep\n|\n|t:|1701015113\n|switch|p2a: Gliscor|Gliscor, M|25\/100 tox\n|turn|15\n|\n|t:|1701015119\n|move|p2a: Gliscor|Brick Break|p1a: hehe\n|-immune|p1a: hehe\n|move|p1a: hehe|Drain Punch|p2a: Gliscor\n|-resisted|p2a: Gliscor\n|-damage|p2a: Gliscor|22\/100 tox\n|-heal|p1a: hehe|47\/100|[from] drain|[of] p2a: Gliscor\n|\n|-heal|p2a: Gliscor|34\/100 tox|[from] ability: Poison Heal\n|upkeep\n|turn|16\n|\n|t:|1701015131\n|switch|p1a: deloinkuent|Torterra, M|100\/100\n|move|p2a: Gliscor|Earthquake|p1a: deloinkuent\n|-resisted|p1a: deloinkuent\n|-damage|p1a: deloinkuent|87\/100\n|\n|-heal|p2a: Gliscor|47\/100 tox|[from] ability: Poison Heal\n|upkeep\n|turn|17\n|\n|t:|1701015147\n|-terastallize|p2a: Gliscor|Ground\n|move|p2a: Gliscor|Swords Dance|p2a: Gliscor\n|-boost|p2a: Gliscor|atk|2\n|move|p1a: deloinkuent|Rock Blast|p2a: Gliscor\n|-resisted|p2a: Gliscor\n|-damage|p2a: Gliscor|45\/100 tox\n|-resisted|p2a: Gliscor\n|-damage|p2a: Gliscor|43\/100 tox\n|-resisted|p2a: Gliscor\n|-damage|p2a: Gliscor|41\/100 tox\n|-resisted|p2a: Gliscor\n|-damage|p2a: Gliscor|39\/100 tox\n|-hitcount|p2a: Gliscor|4\n|\n|-heal|p2a: Gliscor|52\/100 tox|[from] ability: Poison Heal\n|upkeep\n|turn|18\n|\n|t:|1701015166\n|move|p2a: Gliscor|Brick Break|p1a: deloinkuent\n|-damage|p1a: deloinkuent|57\/100\n|move|p1a: deloinkuent|Giga Drain|p2a: Gliscor\n|-supereffective|p2a: Gliscor\n|-damage|p2a: Gliscor|26\/100 tox\n|-heal|p1a: deloinkuent|68\/100|[from] drain|[of] p2a: Gliscor\n|\n|-heal|p2a: Gliscor|38\/100 tox|[from] ability: Poison Heal\n|upkeep\n|turn|19\n|\n|t:|1701015177\n|move|p2a: Gliscor|Brick Break|p1a: deloinkuent\n|-damage|p1a: deloinkuent|38\/100\n|move|p1a: deloinkuent|Giga Drain|p2a: Gliscor\n|-supereffective|p2a: Gliscor\n|-damage|p2a: Gliscor|15\/100 tox\n|-heal|p1a: deloinkuent|48\/100|[from] drain|[of] p2a: Gliscor\n|\n|-heal|p2a: Gliscor|27\/100 tox|[from] ability: Poison Heal\n|-sideend|p2: RegularFr|move: Aurora Veil\n|upkeep\n|turn|20\n|\n|t:|1701015188\n|move|p2a: Gliscor|Brick Break|p1a: deloinkuent\n|-damage|p1a: deloinkuent|18\/100\n|move|p1a: deloinkuent|Giga Drain|p2a: Gliscor\n|-supereffective|p2a: Gliscor\n|-damage|p2a: Gliscor|0 fnt\n|-heal|p1a: deloinkuent|29\/100|[from] drain|[of] p2a: Gliscor\n|faint|p2a: Gliscor\n|\n|upkeep\n|c|\u2606Umbreoniscool103|ty for tera into ground type bro\n|\n|t:|1701015208\n|switch|p2a: Urshifu|Urshifu-Rapid-Strike, F|100\/100\n|turn|21\n|\n|t:|1701015213\n|move|p2a: Urshifu|Surging Strikes|p1a: deloinkuent\n|-crit|p1a: deloinkuent\n|-damage|p1a: deloinkuent|13\/100\n|-crit|p1a: deloinkuent\n|-damage|p1a: deloinkuent|0 fnt\n|faint|p1a: deloinkuent\n|-hitcount|p1: deloinkuent|2\n|\n|upkeep\n|\n|t:|1701015220\n|switch|p1a: hehe|Sableye-Mega, M, shiny|47\/100\n|turn|22\n|c|\u2606RegularFr|why did you make me do this..\n|c|\u2606RegularFr|YOURE FIGHTING\n|c|\u2606RegularFr|SO YOU CAN WATCH EVERYONE AROUND YOU DIE\n|c|\u2606RegularFr|THINK MARK\n|c|\u2606Umbreoniscool103|meh\n|c|\u2606RegularFr|YOULL OUTLIVE EVERY SINGLE INSILENT BEING\n|c|\u2606RegularFr|YOULL LIVE TO SEE THIS WORLD CRUMBLE TO DUST\n|c|\u2606Umbreoniscool103|ok\n|c|\u2606RegularFr|WHAT WILL YOU HAVE\n|c|\u2606RegularFr|AFTER\n|c|\u2606RegularFr|FIVE\n|c|\u2606RegularFr|HUNDER\n|c|\u2606RegularFr|YEARS!?\n|c|\u2606Umbreoniscool103|everything\n|\n|t:|1701015275\n|move|p2a: Urshifu|Fire Punch|p1a: hehe\n|-damage|p1a: hehe|26\/100\n|move|p1a: hehe|Disable|p2a: Urshifu\n|-start|p2a: Urshifu|Disable|Fire Punch\n|\n|upkeep\n|turn|23\n|\n|t:|1701015282\n|move|p2a: Urshifu|Surging Strikes|p1a: hehe\n|-crit|p1a: hehe\n|-damage|p1a: hehe|8\/100\n|-crit|p1a: hehe\n|-damage|p1a: hehe|0 fnt\n|faint|p1a: hehe\n|-hitcount|p1: hehe|2\n|\n|win|RegularFr\n|c|\u2606RegularFr|g\n|c|\u2606RegularFr|g\n|c|\u2606Umbreoniscool103|rematch frfr\n|l|\u2606Umbreoniscool103\n","uploadtime":1701015303,"views":17,"p1id":"umbreoniscool103","p2id":"regularfr","formatid":"gen9nationaldex","rating":0,"private":0,"password":""}