{"id":"gen9nationaldex-1992625765","p1":"wwaaa","p2":"xiezhouqun","format":"[Gen 9] National Dex","log":"|j|\u2606wwaaa\n|j|\u2606xiezhouqun\n|t:|1700216786\n|gametype|singles\n|player|p1|wwaaa|lillie-masters|1629\n|player|p2|xiezhouqun|fisherman-gen4|1670\n|teamsize|p1|6\n|teamsize|p2|6\n|gen|9\n|tier|[Gen 9] National Dex\n|rated|\n|rule|HP Percentage Mod: HP is shown in percentages\n|rule|Endless Battle Clause: Forcing endless battles is banned\n|rule|OHKO Clause: OHKO moves are banned\n|rule|Evasion Clause: Evasion abilities, items, and moves are banned\n|rule|Evasion Abilities Clause: Evasion abilities are banned\n|rule|Evasion Items Clause: Evasion items are banned\n|rule|Evasion Moves Clause: Evasion moves are banned\n|rule|Species Clause: Limit one of each Pok\u00e9mon\n|rule|Sleep Clause Mod: Limit one foe put to sleep\n|clearpoke\n|poke|p1|Weavile, M|\n|poke|p1|Zamazenta-*|\n|poke|p1|Banette, M|\n|poke|p1|Dragonite, M|\n|poke|p1|Slowking-Galar, M|\n|poke|p1|Ferrothorn, F|\n|poke|p2|Kyurem|\n|poke|p2|Rillaboom, F|\n|poke|p2|Banette, F|\n|poke|p2|Sneasler, M|\n|poke|p2|Jirachi|\n|poke|p2|Alomomola, F|\n|teampreview\n|inactive|Battle timer is ON: inactive players will automatically lose when time's up. (requested by wwaaa)\n|\n|t:|1700216818\n|start\n|switch|p1a: Ferrothorn|Ferrothorn, F|100\/100\n|switch|p2a: Banette|Banette, F|100\/100\n|turn|1\n|\n|t:|1700216825\n|detailschange|p2a: Banette|Banette-Mega, F\n|-mega|p2a: Banette|Banette|Banettite\n|move|p2a: Banette|Poltergeist|p1a: Ferrothorn\n|-activate|p1a: Ferrothorn|move: Poltergeist|Leftovers\n|-damage|p1a: Ferrothorn|50\/100\n|move|p1a: Ferrothorn|Stealth Rock|p2a: Banette\n|-sidestart|p2: xiezhouqun|move: Stealth Rock\n|\n|-heal|p1a: Ferrothorn|56\/100|[from] item: Leftovers\n|upkeep\n|turn|2\n|\n|t:|1700216836\n|switch|p1a: Weavile|Weavile, M|100\/100\n|-ability|p1a: Weavile|Pressure\n|move|p2a: Banette|Poltergeist|p1a: Weavile\n|-activate|p1a: Weavile|move: Poltergeist|Choice Band\n|-resisted|p1a: Weavile\n|-damage|p1a: Weavile|40\/100\n|\n|upkeep\n|turn|3\n|\n|t:|1700216847\n|switch|p2a: Alomomola|Alomomola, F|100\/100\n|-damage|p2a: Alomomola|88\/100|[from] Stealth Rock\n|move|p1a: Weavile|Knock Off|p2a: Alomomola\n|-damage|p2a: Alomomola|52\/100\n|-damage|p1a: Weavile|23\/100|[from] item: Rocky Helmet|[of] p2a: Alomomola\n|-enditem|p2a: Alomomola|Rocky Helmet|[from] move: Knock Off|[of] p1a: Weavile\n|\n|upkeep\n|turn|4\n|\n|t:|1700216859\n|switch|p1a: Slowking|Slowking-Galar, M|100\/100\n|move|p2a: Alomomola|Flip Turn|p1a: Slowking\n|-damage|p1a: Slowking|84\/100\n|\n|t:|1700216866\n|switch|p2a: Banette|Banette-Mega, F|100\/100|[from] Flip Turn\n|-damage|p2a: Banette|88\/100|[from] Stealth Rock\n|\n|upkeep\n|turn|5\n|\n|t:|1700216891\n|move|p2a: Banette|Poltergeist|p1a: Slowking\n|-activate|p1a: Slowking|move: Poltergeist|Heavy-Duty Boots\n|-supereffective|p1a: Slowking\n|-damage|p1a: Slowking|0 fnt\n|faint|p1a: Slowking\n|\n|upkeep\n|\n|t:|1700216894\n|switch|p1a: Weavile|Weavile, M|23\/100\n|-ability|p1a: Weavile|Pressure\n|turn|6\n|\n|t:|1700216909\n|move|p2a: Banette|Destiny Bond|p2a: Banette\n|-singlemove|p2a: Banette|Destiny Bond\n|move|p1a: Weavile|Pursuit|p2a: Banette\n|-supereffective|p2a: Banette\n|-damage|p2a: Banette|0 fnt\n|faint|p2a: Banette\n|-activate|p2a: Banette|move: Destiny Bond\n|faint|p1a: Weavile\n|\n|upkeep\n|\n|t:|1700216936\n|switch|p1a: Banette|Banette, M|100\/100\n|switch|p2a: Rillaboom|Rillaboom, F|100\/100\n|-damage|p2a: Rillaboom|88\/100|[from] Stealth Rock\n|-fieldstart|move: Grassy Terrain|[from] ability: Grassy Surge|[of] p2a: Rillaboom\n|-item|p2a: Rillaboom|Leftovers|[from] ability: Frisk|[of] p1a: Banette|[identify]\n|turn|7\n|\n|t:|1700216948\n|switch|p1a: Dragonite|Dragonite, M|100\/100\n|move|p2a: Rillaboom|Grassy Glide|p1a: Dragonite\n|-resisted|p1a: Dragonite\n|-damage|p1a: Dragonite|95\/100\n|\n|-heal|p2a: Rillaboom|94\/100|[from] Grassy Terrain\n|-heal|p2a: Rillaboom|99\/100|[from] item: Leftovers\n|upkeep\n|turn|8\n|j| Yan Mouren\n|\n|t:|1700216963\n|move|p1a: Dragonite|Roost|p1a: Dragonite\n|-heal|p1a: Dragonite|100\/100\n|-singleturn|p1a: Dragonite|move: Roost\n|move|p2a: Rillaboom|U-turn|p1a: Dragonite\n|-damage|p1a: Dragonite|86\/100\n|\n|t:|1700216970\n|switch|p2a: Alomomola|Alomomola, F|85\/100|[from] U-turn\n|-damage|p2a: Alomomola|73\/100|[from] Stealth Rock\n|\n|-heal|p1a: Dragonite|92\/100|[from] Grassy Terrain\n|-heal|p2a: Alomomola|79\/100|[from] Grassy Terrain\n|upkeep\n|turn|9\n|\n|t:|1700216981\n|switch|p1a: Ferrothorn|Ferrothorn, F|56\/100\n|move|p2a: Alomomola|Toxic|p1a: Ferrothorn\n|-immune|p1a: Ferrothorn\n|\n|-heal|p2a: Alomomola|85\/100|[from] Grassy Terrain\n|-heal|p1a: Ferrothorn|62\/100|[from] Grassy Terrain\n|-heal|p1a: Ferrothorn|69\/100|[from] item: Leftovers\n|upkeep\n|turn|10\n|\n|t:|1700216993\n|move|p2a: Alomomola|Flip Turn|p1a: Ferrothorn\n|-resisted|p1a: Ferrothorn\n|-damage|p1a: Ferrothorn|63\/100\n|-damage|p2a: Alomomola|73\/100|[from] ability: Iron Barbs|[of] p1a: Ferrothorn\n|inactive|xiezhouqun has 120 seconds left.\n|\n|t:|1700217016\n|switch|p2a: Kyurem|Kyurem|100\/100|[from] Flip Turn\n|-damage|p2a: Kyurem|75\/100|[from] Stealth Rock\n|-ability|p2a: Kyurem|Pressure\n|move|p1a: Ferrothorn|Leech Seed|p2a: Kyurem\n|-start|p2a: Kyurem|move: Leech Seed\n|\n|-heal|p2a: Kyurem|82\/100|[from] Grassy Terrain\n|-heal|p2a: Kyurem|88\/100|[from] item: Leftovers\n|-heal|p1a: Ferrothorn|69\/100|[from] Grassy Terrain\n|-heal|p1a: Ferrothorn|75\/100|[from] item: Leftovers\n|-damage|p2a: Kyurem|75\/100|[from] Leech Seed|[of] p1a: Ferrothorn\n|-heal|p1a: Ferrothorn|89\/100|[silent]\n|upkeep\n|turn|11\n|\n|t:|1700217033\n|move|p2a: Kyurem|Ice Beam|p1a: Ferrothorn\n|-damage|p1a: Ferrothorn|58\/100\n|move|p1a: Ferrothorn|Gyro Ball|p2a: Kyurem\n|-supereffective|p2a: Kyurem\n|-damage|p2a: Kyurem|0 fnt\n|faint|p2a: Kyurem\n|\n|-heal|p1a: Ferrothorn|64\/100|[from] Grassy Terrain\n|-heal|p1a: Ferrothorn|70\/100|[from] item: Leftovers\n|-fieldend|move: Grassy Terrain\n|upkeep\n|\n|t:|1700217050\n|switch|p2a: Sneasler|Sneasler, M|100\/100\n|-damage|p2a: Sneasler|95\/100|[from] Stealth Rock\n|turn|12\n|\n|t:|1700217058\n|switch|p1a: Banette|Banette, M|100\/100\n|-item|p2a: Sneasler|Grassy Seed|[from] ability: Frisk|[of] p1a: Banette|[identify]\n|move|p2a: Sneasler|Swords Dance|p2a: Sneasler\n|-boost|p2a: Sneasler|atk|2\n|\n|upkeep\n|turn|13\n|\n|t:|1700217068\n|detailschange|p1a: Banette|Banette-Mega, M\n|-mega|p1a: Banette|Banette|Banettite\n|move|p2a: Sneasler|Dire Claw|p1a: Banette\n|-resisted|p1a: Banette\n|-damage|p1a: Banette|38\/100\n|move|p1a: Banette|Poltergeist|p2a: Sneasler|[miss]\n|-miss|p1a: Banette|p2a: Sneasler\n|\n|upkeep\n|turn|14\n|\n|t:|1700217081\n|switch|p2a: Rillaboom|Rillaboom, F|99\/100\n|-damage|p2a: Rillaboom|88\/100|[from] Stealth Rock\n|-fieldstart|move: Grassy Terrain|[from] ability: Grassy Surge|[of] p2a: Rillaboom\n|move|p1a: Banette|Destiny Bond|p1a: Banette\n|-singlemove|p1a: Banette|Destiny Bond\n|\n|-heal|p1a: Banette|44\/100|[from] Grassy Terrain\n|-heal|p2a: Rillaboom|94\/100|[from] Grassy Terrain\n|-heal|p2a: Rillaboom|99\/100|[from] item: Leftovers\n|upkeep\n|turn|15\n|\n|t:|1700217094\n|switch|p1a: Dragonite|Dragonite, M|92\/100\n|move|p2a: Rillaboom|Grassy Glide|p1a: Dragonite\n|-resisted|p1a: Dragonite\n|-damage|p1a: Dragonite|81\/100\n|\n|-heal|p2a: Rillaboom|100\/100|[from] Grassy Terrain\n|upkeep\n|turn|16\n|\n|t:|1700217103\n|move|p1a: Dragonite|Dragon Dance|p1a: Dragonite\n|-boost|p1a: Dragonite|atk|1\n|-boost|p1a: Dragonite|spe|1\n|move|p2a: Rillaboom|U-turn|p1a: Dragonite\n|-resisted|p1a: Dragonite\n|-damage|p1a: Dragonite|66\/100\n|\n|t:|1700217115\n|switch|p2a: Alomomola|Alomomola, F|100\/100|[from] U-turn\n|-damage|p2a: Alomomola|88\/100|[from] Stealth Rock\n|\n|-heal|p2a: Alomomola|94\/100|[from] Grassy Terrain\n|upkeep\n|turn|17\n|\n|t:|1700217123\n|switch|p1a: Ferrothorn|Ferrothorn, F|70\/100\n|move|p2a: Alomomola|Scald|p1a: Ferrothorn\n|-resisted|p1a: Ferrothorn\n|-damage|p1a: Ferrothorn|66\/100\n|-status|p1a: Ferrothorn|brn\n|\n|-heal|p2a: Alomomola|100\/100|[from] Grassy Terrain\n|-heal|p1a: Ferrothorn|72\/100 brn|[from] Grassy Terrain\n|-heal|p1a: Ferrothorn|78\/100 brn|[from] item: Leftovers\n|-damage|p1a: Ferrothorn|72\/100 brn|[from] brn\n|upkeep\n|turn|18\n|inactive|xiezhouqun has 120 seconds left.\n|l| Yan Mouren\n|\n|t:|1700217136\n|move|p2a: Alomomola|Flip Turn|p1a: Ferrothorn\n|-resisted|p1a: Ferrothorn\n|-damage|p1a: Ferrothorn|66\/100 brn\n|-damage|p2a: Alomomola|88\/100|[from] ability: Iron Barbs|[of] p1a: Ferrothorn\n|\n|t:|1700217145\n|switch|p2a: Rillaboom|Rillaboom, F|100\/100|[from] Flip Turn\n|-damage|p2a: Rillaboom|88\/100|[from] Stealth Rock\n|move|p1a: Ferrothorn|Gyro Ball|p2a: Rillaboom\n|-damage|p2a: Rillaboom|69\/100\n|\n|-heal|p2a: Rillaboom|75\/100|[from] Grassy Terrain\n|-heal|p2a: Rillaboom|81\/100|[from] item: Leftovers\n|-heal|p1a: Ferrothorn|73\/100 brn|[from] Grassy Terrain\n|-heal|p1a: Ferrothorn|79\/100 brn|[from] item: Leftovers\n|-damage|p1a: Ferrothorn|73\/100 brn|[from] brn\n|-fieldend|move: Grassy Terrain\n|upkeep\n|turn|19\n|inactive|xiezhouqun has 120 seconds left.\n|\n|t:|1700217169\n|move|p2a: Rillaboom|Swords Dance|p2a: Rillaboom\n|-boost|p2a: Rillaboom|atk|2\n|move|p1a: Ferrothorn|Leech Seed|p2a: Rillaboom\n|-immune|p2a: Rillaboom\n|\n|-heal|p2a: Rillaboom|87\/100|[from] item: Leftovers\n|-heal|p1a: Ferrothorn|79\/100 brn|[from] item: Leftovers\n|-damage|p1a: Ferrothorn|73\/100 brn|[from] brn\n|upkeep\n|turn|20\n|\n|t:|1700217180\n|switch|p1a: Dragonite|Dragonite, M|66\/100\n|move|p2a: Rillaboom|U-turn|p1a: Dragonite\n|-resisted|p1a: Dragonite\n|-damage|p1a: Dragonite|37\/100\n|\n|t:|1700217187\n|switch|p2a: Sneasler|Sneasler, M|95\/100|[from] U-turn\n|-damage|p2a: Sneasler|89\/100|[from] Stealth Rock\n|\n|upkeep\n|turn|21\n|\n|t:|1700217197\n|move|p2a: Sneasler|Dire Claw|p1a: Dragonite\n|-damage|p1a: Dragonite|0 fnt\n|faint|p1a: Dragonite\n|\n|upkeep\n|\n|t:|1700217217\n|switch|p1a: Zamazenta|Zamazenta|100\/100\n|-ability|p1a: Zamazenta|Dauntless Shield|boost\n|-boost|p1a: Zamazenta|def|1\n|turn|22\n|inactive|xiezhouqun has 120 seconds left.\n|\n|t:|1700217243\n|switch|p2a: Rillaboom|Rillaboom, F|87\/100\n|-damage|p2a: Rillaboom|75\/100|[from] Stealth Rock\n|-fieldstart|move: Grassy Terrain|[from] ability: Grassy Surge|[of] p2a: Rillaboom\n|-terastallize|p1a: Zamazenta|Steel\n|move|p1a: Zamazenta|Iron Defense|p1a: Zamazenta\n|-boost|p1a: Zamazenta|def|2\n|\n|-heal|p2a: Rillaboom|81\/100|[from] Grassy Terrain\n|-heal|p2a: Rillaboom|87\/100|[from] item: Leftovers\n|upkeep\n|turn|23\n|inactive|xiezhouqun has 90 seconds left.\n|\n|t:|1700217271\n|move|p1a: Zamazenta|Iron Defense|p1a: Zamazenta\n|-boost|p1a: Zamazenta|def|2\n|move|p2a: Rillaboom|U-turn|p1a: Zamazenta\n|-resisted|p1a: Zamazenta\n|-damage|p1a: Zamazenta|98\/100\n|inactive|xiezhouqun has 90 seconds left.\n|\n|t:|1700217280\n|switch|p2a: Jirachi|Jirachi, shiny|100\/100|[from] U-turn\n|-damage|p2a: Jirachi|94\/100|[from] Stealth Rock\n|\n|-heal|p1a: Zamazenta|100\/100|[from] Grassy Terrain\n|-heal|p2a: Jirachi|100\/100|[from] Grassy Terrain\n|upkeep\n|turn|24\n|inactive|xiezhouqun has 90 seconds left.\n|\n|t:|1700217292\n|move|p1a: Zamazenta|Body Press|p2a: Jirachi\n|-damage|p2a: Jirachi|0 fnt\n|faint|p2a: Jirachi\n|\n|upkeep\n|inactive|xiezhouqun has 90 seconds left.\n|\n|t:|1700217305\n|switch|p2a: Sneasler|Sneasler, M|89\/100\n|-damage|p2a: Sneasler|83\/100|[from] Stealth Rock\n|-enditem|p2a: Sneasler|Grassy Seed\n|-boost|p2a: Sneasler|def|1|[from] item: Grassy Seed\n|turn|25\n|inactive|xiezhouqun has 90 seconds left.\n|\n|t:|1700217322\n|-terastallize|p2a: Sneasler|Flying\n|move|p2a: Sneasler|Close Combat|p1a: Zamazenta\n|-supereffective|p1a: Zamazenta\n|-damage|p1a: Zamazenta|68\/100\n|-unboost|p2a: Sneasler|def|1\n|-unboost|p2a: Sneasler|spd|1\n|move|p1a: Zamazenta|Body Press|p2a: Sneasler\n|-resisted|p2a: Sneasler\n|-damage|p2a: Sneasler|0 fnt\n|faint|p2a: Sneasler\n|\n|-heal|p1a: Zamazenta|74\/100|[from] Grassy Terrain\n|upkeep\n|\n|t:|1700217337\n|switch|p2a: Rillaboom|Rillaboom, F|87\/100\n|-damage|p2a: Rillaboom|75\/100|[from] Stealth Rock\n|turn|26\n|\n|t:|1700217342\n|switch|p2a: Alomomola|Alomomola, F|100\/100\n|-damage|p2a: Alomomola|88\/100|[from] Stealth Rock\n|move|p1a: Zamazenta|Body Press|p2a: Alomomola\n|-damage|p2a: Alomomola|29\/100\n|\n|-heal|p1a: Zamazenta|80\/100|[from] Grassy Terrain\n|-heal|p2a: Alomomola|35\/100|[from] Grassy Terrain\n|-fieldend|move: Grassy Terrain\n|upkeep\n|turn|27\n|\n|t:|1700217353\n|move|p1a: Zamazenta|Body Press|p2a: Alomomola\n|-damage|p2a: Alomomola|0 fnt\n|faint|p2a: Alomomola\n|\n|upkeep\n|\n|t:|1700217358\n|switch|p2a: Rillaboom|Rillaboom, F|75\/100\n|-damage|p2a: Rillaboom|62\/100|[from] Stealth Rock\n|-fieldstart|move: Grassy Terrain|[from] ability: Grassy Surge|[of] p2a: Rillaboom\n|turn|28\n|\n|t:|1700217365\n|move|p1a: Zamazenta|Body Press|p2a: Rillaboom\n|-damage|p2a: Rillaboom|0 fnt\n|faint|p2a: Rillaboom\n|\n|win|wwaaa\n|raw|wwaaa's rating: 1641 &rarr; <strong>1663<\/strong><br \/>(+22 for winning)\n|raw|xiezhouqun's rating: 1670 &rarr; <strong>1648<\/strong><br \/>(-22 for losing)\n","uploadtime":1700217375,"views":4,"p1id":"wwaaa","p2id":"xiezhouqun","formatid":"gen9nationaldex","rating":1648,"private":0,"password":""}