{"id":"gen9nationaldex-1999044225","p1":"hdolsoapx","p2":"Dark Umbreon 08","format":"[Gen 9] National Dex","log":"|html|<div class=\"broadcast-blue\"><strong>[Gen 9] National Dex is currently suspecting Sneasler! For information on how to participate check out the <a href=\"https:\/\/www.smogon.com\/forums\/threads\/sv-national-dex-suspect-8-just-dance.3731534\/\">suspect thread<\/a>.<\/strong><\/div>\n|j|\u2606hdolsoapx\n|j|\u2606Dark Umbreon 08\n|t:|1701027174\n|gametype|singles\n|player|p1|hdolsoapx|266|1221\n|player|p2|Dark Umbreon 08|lass-gen4dp|1269\n|teamsize|p1|6\n|teamsize|p2|6\n|gen|9\n|tier|[Gen 9] National Dex\n|rated|\n|rule|HP Percentage Mod: HP is shown in percentages\n|rule|Endless Battle Clause: Forcing endless battles is banned\n|rule|OHKO Clause: OHKO moves are banned\n|rule|Evasion Clause: Evasion abilities, items, and moves are banned\n|rule|Evasion Abilities Clause: Evasion abilities are banned\n|rule|Evasion Items Clause: Evasion items are banned\n|rule|Evasion Moves Clause: Evasion moves are banned\n|rule|Species Clause: Limit one of each Pok\u00e9mon\n|rule|Sleep Clause Mod: Limit one foe put to sleep\n|clearpoke\n|poke|p1|Abomasnow, M|\n|poke|p1|Toxapex, M|\n|poke|p1|Alomomola, F|\n|poke|p1|Torterra, F|\n|poke|p1|Landorus-Therian, M|\n|poke|p1|Iron Valiant|\n|poke|p2|Yanmega, F|\n|poke|p2|Feraligatr, F|\n|poke|p2|Eiscue, M|\n|poke|p2|Kecleon, M|\n|poke|p2|Scolipede, F|\n|poke|p2|Staraptor, F|\n|teampreview\n|inactive|Battle timer is ON: inactive players will automatically lose when time's up. (requested by Dark Umbreon 08)\n|inactive|hdolsoapx has 120 seconds left.\n|\n|t:|1701027212\n|start\n|switch|p1a: Landorus|Landorus-Therian, M, shiny|100\/100\n|switch|p2a: Chill Penguin|Eiscue, M|100\/100\n|-ability|p1a: Landorus|Intimidate|boost\n|-unboost|p2a: Chill Penguin|atk|1\n|turn|1\n|\n|t:|1701027235\n|move|p1a: Landorus|U-turn|p2a: Chill Penguin\n|-activate|p2a: Chill Penguin|ability: Ice Face\n|-damage|p2a: Chill Penguin|100\/100\n|detailschange|p2a: Chill Penguin|Eiscue-Noice, M\n|\n|t:|1701027241\n|switch|p1a: Toxapex|Toxapex, M|100\/100|[from] U-turn\n|move|p2a: Chill Penguin|Hail|p2a: Chill Penguin\n|-weather|Hail\n|-activate|p2a: Chill Penguin|ability: Ice Face\n|detailschange|p2a: Chill Penguin|Eiscue, M\n|\n|-weather|Hail|[upkeep]\n|-damage|p1a: Toxapex|94\/100|[from] Hail\n|-heal|p1a: Toxapex|100\/100|[from] item: Leftovers\n|upkeep\n|turn|2\n|\n|t:|1701027251\n|move|p2a: Chill Penguin|Substitute|p2a: Chill Penguin\n|-start|p2a: Chill Penguin|Substitute\n|-damage|p2a: Chill Penguin|75\/100\n|move|p1a: Toxapex|Toxic||[still]\n|-fail|p1a: Toxapex\n|\n|-weather|Hail|[upkeep]\n|-damage|p1a: Toxapex|94\/100|[from] Hail\n|-heal|p1a: Toxapex|100\/100|[from] item: Leftovers\n|upkeep\n|turn|3\n|\n|t:|1701027258\n|move|p2a: Chill Penguin|Belly Drum|p2a: Chill Penguin\n|-damage|p2a: Chill Penguin|25\/100\n|-setboost|p2a: Chill Penguin|atk|6|[from] move: Belly Drum\n|-enditem|p2a: Chill Penguin|Salac Berry|[eat]\n|-boost|p2a: Chill Penguin|spe|1|[from] item: Salac Berry\n|move|p1a: Toxapex|Haze|p1a: Toxapex\n|-clearallboost\n|\n|-weather|Hail|[upkeep]\n|-damage|p1a: Toxapex|94\/100|[from] Hail\n|-heal|p1a: Toxapex|100\/100|[from] item: Leftovers\n|upkeep\n|turn|4\n|\n|t:|1701027273\n|move|p2a: Chill Penguin|Icicle Crash|p1a: Toxapex\n|-resisted|p1a: Toxapex\n|-damage|p1a: Toxapex|87\/100\n|cant|p1a: Toxapex|flinch\n|\n|-weather|Hail|[upkeep]\n|-damage|p1a: Toxapex|81\/100|[from] Hail\n|-heal|p1a: Toxapex|87\/100|[from] item: Leftovers\n|upkeep\n|turn|5\n|\n|t:|1701027291\n|move|p2a: Chill Penguin|Icicle Crash|p1a: Toxapex\n|-resisted|p1a: Toxapex\n|-damage|p1a: Toxapex|73\/100\n|move|p1a: Toxapex|Scald|p2a: Chill Penguin\n|-activate|p2a: Chill Penguin|move: Substitute|[damage]\n|\n|-weather|none\n|-heal|p1a: Toxapex|79\/100|[from] item: Leftovers\n|upkeep\n|turn|6\n|\n|t:|1701027308\n|move|p2a: Chill Penguin|Icicle Crash|p1a: Toxapex|[miss]\n|-miss|p2a: Chill Penguin|p1a: Toxapex\n|move|p1a: Toxapex|Scald|p2a: Chill Penguin\n|-end|p2a: Chill Penguin|Substitute\n|\n|-heal|p1a: Toxapex|86\/100|[from] item: Leftovers\n|upkeep\n|turn|7\n|\n|t:|1701027317\n|switch|p2a: Commander Yammark|Yanmega, F|100\/100\n|move|p1a: Toxapex|Toxic|p2a: Commander Yammark\n|-status|p2a: Commander Yammark|tox\n|\n|-heal|p1a: Toxapex|92\/100|[from] item: Leftovers\n|-damage|p2a: Commander Yammark|94\/100 tox|[from] psn\n|upkeep\n|turn|8\n|\n|t:|1701027325\n|move|p2a: Commander Yammark|Bug Buzz|p1a: Toxapex\n|-resisted|p1a: Toxapex\n|-damage|p1a: Toxapex|57\/100\n|-enditem|p2a: Commander Yammark|Throat Spray\n|-boost|p2a: Commander Yammark|spa|1|[from] item: Throat Spray\n|move|p1a: Toxapex|Scald|p2a: Commander Yammark\n|-damage|p2a: Commander Yammark|67\/100 tox\n|\n|-heal|p1a: Toxapex|63\/100|[from] item: Leftovers\n|-damage|p2a: Commander Yammark|55\/100 tox|[from] psn\n|upkeep\n|turn|9\n|\n|t:|1701027342\n|move|p2a: Commander Yammark|Air Slash|p1a: Toxapex\n|-damage|p1a: Toxapex|22\/100\n|move|p1a: Toxapex|Haze|p1a: Toxapex\n|-clearallboost\n|\n|-heal|p1a: Toxapex|28\/100|[from] item: Leftovers\n|-damage|p2a: Commander Yammark|37\/100 tox|[from] psn\n|upkeep\n|turn|10\n|\n|t:|1701027349\n|switch|p1a: Alomomola|Alomomola, F, shiny|100\/100\n|move|p2a: Commander Yammark|Bug Buzz|p1a: Alomomola\n|-damage|p1a: Alomomola|63\/100\n|\n|-heal|p1a: Alomomola|69\/100|[from] item: Leftovers\n|-damage|p2a: Commander Yammark|13\/100 tox|[from] psn\n|upkeep\n|turn|11\n|\n|t:|1701027359\n|switch|p2a: Magna Centipede|Scolipede, F|100\/100\n|move|p1a: Alomomola|Wish|p1a: Alomomola\n|\n|-heal|p1a: Alomomola|75\/100|[from] item: Leftovers\n|upkeep\n|turn|12\n|\n|t:|1701027369\n|move|p2a: Magna Centipede|Swords Dance|p2a: Magna Centipede\n|-boost|p2a: Magna Centipede|atk|2\n|move|p1a: Alomomola|Knock Off|p2a: Magna Centipede\n|-damage|p2a: Magna Centipede|75\/100\n|-enditem|p2a: Magna Centipede|Focus Sash|[from] move: Knock Off|[of] p1a: Alomomola\n|\n|-heal|p1a: Alomomola|100\/100|[from] move: Wish|[wisher] Alomomola\n|-ability|p2a: Magna Centipede|Speed Boost|boost\n|-boost|p2a: Magna Centipede|spe|1\n|upkeep\n|turn|13\n|\n|t:|1701027379\n|switch|p1a: Landorus|Landorus-Therian, M, shiny|100\/100\n|-ability|p1a: Landorus|Intimidate|boost\n|-unboost|p2a: Magna Centipede|atk|1\n|move|p2a: Magna Centipede|Megahorn|p1a: Landorus\n|-resisted|p1a: Landorus\n|-damage|p1a: Landorus|48\/100\n|\n|-ability|p2a: Magna Centipede|Speed Boost|boost\n|-boost|p2a: Magna Centipede|spe|1\n|upkeep\n|turn|14\n|inactive|hdolsoapx has 120 seconds left.\n|\n|t:|1701027413\n|switch|p1a: Toxapex|Toxapex, M|61\/100\n|move|p2a: Magna Centipede|Megahorn|p1a: Toxapex\n|-resisted|p1a: Toxapex\n|-damage|p1a: Toxapex|28\/100\n|\n|-heal|p1a: Toxapex|35\/100|[from] item: Leftovers\n|-ability|p2a: Magna Centipede|Speed Boost|boost\n|-boost|p2a: Magna Centipede|spe|1\n|upkeep\n|turn|15\n|\n|t:|1701027422\n|move|p2a: Magna Centipede|Swords Dance|p2a: Magna Centipede\n|-boost|p2a: Magna Centipede|atk|2\n|move|p1a: Toxapex|Recover|p1a: Toxapex\n|-heal|p1a: Toxapex|85\/100\n|\n|-heal|p1a: Toxapex|91\/100|[from] item: Leftovers\n|-ability|p2a: Magna Centipede|Speed Boost|boost\n|-boost|p2a: Magna Centipede|spe|1\n|upkeep\n|turn|16\n|\n|t:|1701027430\n|move|p2a: Magna Centipede|Earthquake|p1a: Toxapex\n|-supereffective|p1a: Toxapex\n|-damage|p1a: Toxapex|0 fnt\n|faint|p1a: Toxapex\n|\n|-ability|p2a: Magna Centipede|Speed Boost|boost\n|-boost|p2a: Magna Centipede|spe|1\n|upkeep\n|\n|t:|1701027438\n|switch|p1a: Landorus|Landorus-Therian, M, shiny|48\/100\n|-ability|p1a: Landorus|Intimidate|boost\n|-unboost|p2a: Magna Centipede|atk|1\n|turn|17\n|\n|t:|1701027443\n|move|p2a: Magna Centipede|Megahorn|p1a: Landorus\n|-resisted|p1a: Landorus\n|-damage|p1a: Landorus|0 fnt\n|faint|p1a: Landorus\n|\n|-ability|p2a: Magna Centipede|Speed Boost|boost\n|-boost|p2a: Magna Centipede|spe|1\n|upkeep\n|\n|t:|1701027457\n|switch|p1a: Torterra|Torterra, F|100\/100\n|turn|18\n|-message|hdolsoapx forfeited.\n|\n|win|Dark Umbreon 08\n|raw|hdolsoapx's rating: 1221 &rarr; <strong>1199<\/strong><br \/>(-22 for losing)\n|raw|Dark Umbreon 08's rating: 1269 &rarr; <strong>1291<\/strong><br \/>(+22 for winning)\n|l|\u2606hdolsoapx\n","uploadtime":1701027498,"views":1,"p1id":"hdolsoapx","p2id":"darkumbreon08","formatid":"gen9nationaldex","rating":1199,"private":0,"password":""}