{"id":"gen9nationaldex-1999205047","p1":"Toxic Ariados","p2":"Osgar","format":"[Gen 9] National Dex","log":"|html|<div class=\"broadcast-blue\"><strong>[Gen 9] National Dex is currently suspecting Sneasler! For information on how to participate check out the <a href=\"https:\/\/www.smogon.com\/forums\/threads\/sv-national-dex-suspect-8-just-dance.3731534\/\">suspect thread<\/a>.<\/strong><\/div>\n|j|\u2606Toxic Ariados\n|j|\u2606Osgar\n|t:|1701045181\n|gametype|singles\n|player|p1|Toxic Ariados|lucas|\n|player|p2|Osgar|giovanni|\n|teamsize|p1|6\n|teamsize|p2|6\n|gen|9\n|tier|[Gen 9] National Dex\n|rule|HP Percentage Mod: HP is shown in percentages\n|rule|Endless Battle Clause: Forcing endless battles is banned\n|rule|OHKO Clause: OHKO moves are banned\n|rule|Evasion Clause: Evasion abilities, items, and moves are banned\n|rule|Evasion Abilities Clause: Evasion abilities are banned\n|rule|Evasion Items Clause: Evasion items are banned\n|rule|Evasion Moves Clause: Evasion moves are banned\n|rule|Species Clause: Limit one of each Pok\u00e9mon\n|rule|Sleep Clause Mod: Limit one foe put to sleep\n|clearpoke\n|poke|p1|Ariados, F|\n|poke|p1|Medicham, F|\n|poke|p1|Ting-Lu|\n|poke|p1|Sinistcha-Masterpiece|\n|poke|p1|Great Tusk|\n|poke|p1|Zapdos-Galar|\n|poke|p2|Hatterene, F|\n|poke|p2|Porygon2|\n|poke|p2|Cresselia, F|\n|poke|p2|Ariados, M|\n|poke|p2|Aggron, F|\n|poke|p2|Cursola, M|\n|teampreview\n|c|\u2606Toxic Ariados|yes\n|c|\u2606Toxic Ariados|YES\n|j| XXMurdrXX\n|j| Epicgamergod69\n|l| Epicgamergod69\n|j| Zachary Zorua 7\n|j| Epicgamergod69\n|c| XXMurdrXX|OH SH-\n|c|\u2606Toxic Ariados|alright\n|c|\u2606Toxic Ariados|gl hf\n|c| Zachary Zorua 7|ARIADOS\n|\n|t:|1701045214\n|start\n|switch|p1a: Spinthra|Ariados, F|100\/100\n|switch|p2a: Cursola|Cursola, M|100\/100\n|turn|1\n|l| Epicgamergod69\n|\n|t:|1701045223\n|move|p1a: Spinthra|Toxic Thread|p2a: Cursola\n|-unboost|p2a: Cursola|spe|1\n|-status|p2a: Cursola|psn\n|move|p2a: Cursola|Power Gem|p1a: Spinthra\n|-supereffective|p1a: Spinthra\n|-enditem|p1a: Spinthra|Focus Sash\n|-damage|p1a: Spinthra|1\/100\n|\n|-damage|p2a: Cursola|88\/100 psn|[from] psn\n|upkeep\n|turn|2\n|j| Epicgamergod69\n|j| Slash Death\n|\n|t:|1701045239\n|switch|p1a: Tremor|Ting-Lu|100\/100\n|-ability|p1a: Tremor|Vessel of Ruin\n|move|p2a: Cursola|Shadow Ball|p1a: Tremor\n|-resisted|p1a: Tremor\n|-damage|p1a: Tremor|89\/100\n|\n|-heal|p1a: Tremor|95\/100|[from] item: Leftovers\n|-damage|p2a: Cursola|76\/100 psn|[from] psn\n|upkeep\n|turn|3\n|\n|t:|1701045244\n|switch|p2a: Hatterene|Hatterene, F|100\/100\n|move|p1a: Tremor|Earthquake|p2a: Hatterene\n|-crit|p2a: Hatterene\n|-damage|p2a: Hatterene|20\/100\n|\n|-heal|p1a: Tremor|100\/100|[from] item: Leftovers\n|upkeep\n|turn|4\n|j| Patar136\n|\n|t:|1701045250\n|switch|p2a: Cresselia|Cresselia, F|100\/100\n|move|p1a: Tremor|Rock Slide|p2a: Cresselia\n|-damage|p2a: Cresselia|84\/100\n|\n|-heal|p2a: Cresselia|90\/100|[from] item: Leftovers\n|upkeep\n|turn|5\n|c| XXMurdrXX|two titans...... Have now.......CLASHED\n|\n|t:|1701045256\n|move|p2a: Cresselia|Moonblast|p1a: Tremor\n|-supereffective|p1a: Tremor\n|-damage|p1a: Tremor|83\/100\n|-unboost|p1a: Tremor|spa|1\n|move|p1a: Tremor|Whirlwind|p2a: Cresselia\n|drag|p2a: Porygon2|Porygon2|100\/100\n|-ability|p2a: Porygon2|Vessel of Ruin\n|-ability|p2a: Porygon2|Vessel of Ruin|[from] ability: Trace|[of] p1a: Tremor\n|\n|-heal|p1a: Tremor|90\/100|[from] item: Leftovers\n|upkeep\n|turn|6\n|\n|t:|1701045261\n|move|p2a: Porygon2|Toxic|p1a: Tremor\n|-status|p1a: Tremor|tox\n|move|p1a: Tremor|Stealth Rock|p2a: Porygon2\n|-sidestart|p2: Osgar|move: Stealth Rock\n|\n|-heal|p1a: Tremor|96\/100 tox|[from] item: Leftovers\n|-damage|p1a: Tremor|90\/100 tox|[from] psn\n|upkeep\n|turn|7\n|\n|t:|1701045266\n|switch|p1a: Spinthra|Ariados, F|1\/100\n|move|p2a: Porygon2|Trick Room|p2a: Porygon2\n|-fieldstart|move: Trick Room|[of] p2a: Porygon2\n|\n|upkeep\n|turn|8\n|\n|t:|1701045274\n|switch|p2a: Ariados|Ariados, M, shiny|100\/100\n|-damage|p2a: Ariados|76\/100|[from] Stealth Rock\n|move|p1a: Spinthra|Toxic Thread|p2a: Ariados\n|-unboost|p2a: Ariados|spe|1\n|-immune|p2a: Ariados\n|\n|upkeep\n|turn|9\n|\n|t:|1701045281\n|switch|p1a: Tremor|Ting-Lu|90\/100 tox\n|-ability|p1a: Tremor|Vessel of Ruin\n|move|p2a: Ariados|Swords Dance|p2a: Ariados\n|-boost|p2a: Ariados|atk|2\n|\n|-heal|p1a: Tremor|96\/100 tox|[from] item: Leftovers\n|-damage|p1a: Tremor|90\/100 tox|[from] psn\n|upkeep\n|turn|10\n|j| Huryuijujilo\n|c|\u2606Toxic Ariados|oh boy\n|c| Patar136|oh yeah\n|c| Patar136|Ariados is spiderman\n|j| pokemontrainer456\n|c| Zachary Zorua 7|Go toxic\n|c|\u2606Toxic Ariados|i shall not be usurped\n|\n|t:|1701045322\n|-terastallize|p2a: Ariados|Dark\n|-terastallize|p1a: Tremor|Poison\n|move|p2a: Ariados|Stomping Tantrum|p1a: Tremor\n|-supereffective|p1a: Tremor\n|-damage|p1a: Tremor|26\/100 tox\n|-damage|p2a: Ariados|66\/100|[from] item: Life Orb\n|move|p1a: Tremor|Earthquake|p2a: Ariados\n|-damage|p2a: Ariados|9\/100\n|\n|-heal|p1a: Tremor|32\/100 tox|[from] item: Leftovers\n|-damage|p1a: Tremor|20\/100 tox|[from] psn\n|upkeep\n|turn|11\n|c|\u2606Toxic Ariados|i must use drastic measures\n|c|\u2606Toxic Ariados|OH GOD\n|c|\u2606Toxic Ariados|that read\n|c|\u2606Toxic Ariados|was actually amazing\n|\n|t:|1701045341\n|move|p2a: Ariados|Poison Jab|p1a: Tremor\n|-resisted|p1a: Tremor\n|-damage|p1a: Tremor|0 fnt\n|faint|p1a: Tremor\n|-damage|p2a: Ariados|0 fnt|[from] item: Life Orb\n|faint|p2a: Ariados\n|\n|-fieldend|move: Trick Room\n|upkeep\n|c|\u2606Toxic Ariados|dang\n|c|\u2606Toxic Ariados|ariados claiming my ting lu\n|c| Patar136|It did it\n|\n|t:|1701045360\n|switch|p1a: Flash|Zapdos-Galar|100\/100\n|switch|p2a: Cresselia|Cresselia, F|90\/100\n|-damage|p2a: Cresselia|78\/100|[from] Stealth Rock\n|turn|12\n|\n|t:|1701045365\n|move|p1a: Flash|U-turn|p2a: Cresselia\n|-supereffective|p2a: Cresselia\n|-damage|p2a: Cresselia|46\/100\n|\n|t:|1701045367\n|switch|p1a: Spinthra|Ariados, F|1\/100|[from] U-turn\n|move|p2a: Cresselia|Trick Room|p2a: Cresselia\n|-fieldstart|move: Trick Room|[of] p2a: Cresselia\n|\n|-heal|p2a: Cresselia|52\/100|[from] item: Leftovers\n|upkeep\n|turn|13\n|c| Zachary Zorua 7|What a goated play\n|\n|t:|1701045373\n|move|p1a: Spinthra|Toxic Thread|p2a: Cresselia\n|-unboost|p2a: Cresselia|spe|1\n|-status|p2a: Cresselia|psn\n|move|p2a: Cresselia|Moonblast|p1a: Spinthra\n|-resisted|p1a: Spinthra\n|-damage|p1a: Spinthra|0 fnt\n|faint|p1a: Spinthra\n|\n|-heal|p2a: Cresselia|58\/100 psn|[from] item: Leftovers\n|-damage|p2a: Cresselia|45\/100 psn|[from] psn\n|upkeep\n|\n|t:|1701045378\n|switch|p1a: Artisan|Sinistcha-Masterpiece|100\/100\n|turn|14\n|\n|t:|1701045383\n|move|p2a: Cresselia|Lunar Dance|p2a: Cresselia\n|faint|p2a: Cresselia\n|move|p1a: Artisan|Calm Mind|p1a: Artisan\n|-boost|p1a: Artisan|spa|1\n|-boost|p1a: Artisan|spd|1\n|\n|upkeep\n|c| Epicgamergod69|Sigma\n|c| Epicgamergod69|Skibidi\n|\n|t:|1701045400\n|switch|p2a: Cursola|Cursola, M|76\/100 psn\n|-heal|p2a: Cursola|100\/100|[from] move: Lunar Dance\n|-damage|p2a: Cursola|88\/100|[from] Stealth Rock\n|turn|15\n|c|\u2606Toxic Ariados|welp\n|c| Patar136|Ariados did its purpose\n|c|\u2606Toxic Ariados|somethings dying here\n|c|\u2606Toxic Ariados|and i hate that\n|c| Epicgamergod69|Lol\n|\n|t:|1701045419\n|switch|p1a: Bedrock|Great Tusk|100\/100\n|-zpower|p2a: Cursola\n|move|p2a: Cursola|Never-Ending Nightmare|p1a: Bedrock|[zeffect]\n|-damage|p1a: Bedrock|0 fnt\n|faint|p1a: Bedrock\n|-end|p1a: Bedrock|Protosynthesis|[silent]\n|\n|upkeep\n|c| Zachary Zorua 7|We're practically on even grounds from what i saw, idk i missed 10 turns\n|c| Patar136|both of them did\n|\n|t:|1701045424\n|switch|p1a: Flash|Zapdos-Galar|100\/100\n|turn|16\n|c| Patar136|dead\n|\n|t:|1701045429\n|move|p2a: Cursola|Ice Beam|p1a: Flash\n|-supereffective|p1a: Flash\n|-damage|p1a: Flash|15\/100\n|move|p1a: Flash|Brave Bird|p2a: Cursola\n|-damage|p2a: Cursola|0 fnt\n|faint|p2a: Cursola\n|-damage|p1a: Flash|0 fnt|[from] Recoil\n|faint|p1a: Flash\n|\n|-fieldend|move: Trick Room\n|upkeep\n|j| loch2009\n|\n|t:|1701045441\n|switch|p1a: Yin|Medicham, F|100\/100\n|switch|p2a: Aggron|Aggron, F|100\/100\n|-damage|p2a: Aggron|94\/100|[from] Stealth Rock\n|turn|17\n|\n|t:|1701045444\n|switch|p2a: Hatterene|Hatterene, F|20\/100\n|-damage|p2a: Hatterene|8\/100|[from] Stealth Rock\n|detailschange|p1a: Yin|Medicham-Mega, F\n|-mega|p1a: Yin|Medicham|Medichamite\n|move|p1a: Yin|Close Combat|p2a: Hatterene\n|-resisted|p2a: Hatterene\n|-damage|p2a: Hatterene|0 fnt\n|-unboost|p1a: Yin|def|1\n|-unboost|p1a: Yin|spd|1\n|faint|p2a: Hatterene\n|\n|upkeep\n|c| Zachary Zorua 7|This can be the turning point\n|c|\u2606Toxic Ariados|its 2 on 2\n|\n|t:|1701045458\n|switch|p2a: Aggron|Aggron, F|94\/100\n|-damage|p2a: Aggron|88\/100|[from] Stealth Rock\n|turn|18\n|c|\u2606Toxic Ariados|i dont even know if i kill the aggron\n|c| Zachary Zorua 7|Toxic has a lead\n|\n|t:|1701045465\n|detailschange|p2a: Aggron|Aggron-Mega, F\n|-mega|p2a: Aggron|Aggron|Aggronite\n|move|p1a: Yin|Close Combat|p2a: Aggron\n|-supereffective|p2a: Aggron\n|-damage|p2a: Aggron|12\/100\n|-unboost|p1a: Yin|def|1\n|-unboost|p1a: Yin|spd|1\n|move|p2a: Aggron|Earthquake|p1a: Yin\n|-damage|p1a: Yin|0 fnt\n|faint|p1a: Yin\n|\n|upkeep\n|\n|t:|1701045469\n|switch|p1a: Artisan|Sinistcha-Masterpiece|100\/100\n|turn|19\n|c| loch2009|dang\n|\n|t:|1701045474\n|switch|p2a: Porygon2|Porygon2|100\/100\n|-damage|p2a: Porygon2|88\/100|[from] Stealth Rock\n|-ability|p2a: Porygon2|Heatproof|[from] ability: Trace|[of] p1a: Artisan\n|move|p1a: Artisan|Matcha Gotcha|p2a: Porygon2\n|-damage|p2a: Porygon2|73\/100\n|\n|upkeep\n|turn|20\n|\n|t:|1701045476\n|move|p1a: Artisan|Calm Mind|p1a: Artisan\n|-boost|p1a: Artisan|spa|1\n|-boost|p1a: Artisan|spd|1\n|move|p2a: Porygon2|Toxic|p1a: Artisan\n|-status|p1a: Artisan|tox\n|\n|-damage|p1a: Artisan|94\/100 tox|[from] psn\n|upkeep\n|turn|21\n|c| loch2009|filter\n|\n|t:|1701045479\n|move|p1a: Artisan|Matcha Gotcha|p2a: Porygon2\n|-damage|p2a: Porygon2|49\/100\n|-heal|p1a: Artisan|100\/100 tox|[from] drain|[of] p2a: Porygon2\n|move|p2a: Porygon2|Recover|p2a: Porygon2\n|-heal|p2a: Porygon2|99\/100\n|\n|-damage|p1a: Artisan|88\/100 tox|[from] psn\n|upkeep\n|turn|22\n|c| Patar136|I think this is gg\n|j| Spookycooke\n|c| Zachary Zorua 7|Game set\n|c| XXMurdrXX|which one shall reach as victor\n|c|\u2606Toxic Ariados|NOOOO\n|\n|t:|1701045488\n|move|p1a: Artisan|Calm Mind|p1a: Artisan\n|-boost|p1a: Artisan|spa|1\n|-boost|p1a: Artisan|spd|1\n|move|p2a: Porygon2|Trick Room|p2a: Porygon2\n|-fieldstart|move: Trick Room|[of] p2a: Porygon2\n|\n|-damage|p1a: Artisan|70\/100 tox|[from] psn\n|upkeep\n|turn|23\n|c| Patar136|yeah\n|\n|t:|1701045491\n|move|p1a: Artisan|Calm Mind|p1a: Artisan\n|-boost|p1a: Artisan|spa|1\n|-boost|p1a: Artisan|spd|1\n|move|p2a: Porygon2|Teleport|p2a: Porygon2\n|\n|t:|1701045493\n|switch|p2a: Aggron|Aggron-Mega, F|12\/100|[from] Teleport\n|-damage|p2a: Aggron|6\/100|[from] Stealth Rock\n|\n|-damage|p1a: Artisan|46\/100 tox|[from] psn\n|upkeep\n|turn|24\n|c|\u2606Toxic Ariados|dang thats unfortunate\n|c| loch2009|uh oh\n|c| Patar136|gg\n|\n|t:|1701045499\n|move|p2a: Aggron|Heavy Slam|p1a: Artisan\n|-damage|p1a: Artisan|0 fnt\n|faint|p1a: Artisan\n|\n|win|Osgar\n|c|\u2606Toxic Ariados|gg\n|c|\u2606Osgar|gg\n|l| Zachary Zorua 7\n|c|\u2606Toxic Ariados|ariados tr is actually amazing\n|c| loch2009|gg\n|l| pokemontrainer456\n|c| loch2009|hold on\n|c| loch2009|why did i say gg\n|l| Patar136\n|c|\u2606Toxic Ariados|such a cool team lol\n|l|\u2606Toxic Ariados\n|l| Slash Death\n|c| loch2009|17\n|l| Epicgamergod69\n|c| loch2009|yeah\n|l| loch2009\n|l| Spookycooke\n|j| Slash Death\n|l| Slash Death\n|j| Slash Death\n|l| Slash Death\n|j|\u2606Toxic Ariados\n|player|p1|Toxic Ariados|lucas\n|l|\u2606Toxic Ariados\n|player|p1|\n|l| XXMurdrXX\n|l| Huryuijujilo\n","uploadtime":1701046271,"views":8,"p1id":"toxicariados","p2id":"osgar","formatid":"gen9nationaldex","rating":0,"private":0,"password":""}