{"id":"gen9nationaldex-1994108862","p1":"uMedCuzBed","p2":"InnateAzucarado","format":"[Gen 9] National Dex","log":"|j|\u2606uMedCuzBed\n|j|\u2606InnateAzucarado\n|t:|1700407896\n|gametype|singles\n|player|p1|uMedCuzBed|266|1035\n|player|p2|InnateAzucarado|hilbert|1110\n|teamsize|p1|6\n|teamsize|p2|6\n|gen|9\n|tier|[Gen 9] National Dex\n|rated|\n|rule|HP Percentage Mod: HP is shown in percentages\n|rule|Endless Battle Clause: Forcing endless battles is banned\n|rule|OHKO Clause: OHKO moves are banned\n|rule|Evasion Clause: Evasion abilities, items, and moves are banned\n|rule|Evasion Abilities Clause: Evasion abilities are banned\n|rule|Evasion Items Clause: Evasion items are banned\n|rule|Evasion Moves Clause: Evasion moves are banned\n|rule|Species Clause: Limit one of each Pok\u00e9mon\n|rule|Sleep Clause Mod: Limit one foe put to sleep\n|clearpoke\n|poke|p1|Blacephalon|\n|poke|p1|Landorus-Therian, M|\n|poke|p1|Diancie|\n|poke|p1|Golem-Alola, M|\n|poke|p1|Azelf|\n|poke|p1|Metagross|\n|poke|p2|Forretress, M|\n|poke|p2|Blaziken, M|\n|poke|p2|Swampert, M|\n|poke|p2|Pelipper, M|\n|poke|p2|Murkrow, F|\n|poke|p2|Serperior, F|\n|teampreview\n|\n|t:|1700407903\n|start\n|switch|p1a: Landorus|Landorus-Therian, M|100\/100\n|switch|p2a: Forretress|Forretress, M|100\/100\n|-ability|p1a: Landorus|Intimidate|boost\n|-unboost|p2a: Forretress|atk|1\n|turn|1\n|inactive|Battle timer is ON: inactive players will automatically lose when time's up. (requested by InnateAzucarado)\n|\n|t:|1700407912\n|-terastallize|p1a: Landorus|Normal\n|move|p1a: Landorus|Explosion|p2a: Forretress\n|-resisted|p2a: Forretress\n|-damage|p2a: Forretress|7\/100\n|faint|p1a: Landorus\n|move|p2a: Forretress|Stealth Rock|p1: Landorus\n|-sidestart|p1: uMedCuzBed|move: Stealth Rock\n|\n|upkeep\n|\n|t:|1700407921\n|switch|p1a: Blacephalon|Blacephalon|100\/100\n|-damage|p1a: Blacephalon|75\/100|[from] Stealth Rock\n|turn|2\n|\n|t:|1700407927\n|move|p1a: Blacephalon|Flame Charge|p2a: Forretress\n|-supereffective|p2a: Forretress\n|-damage|p2a: Forretress|0 fnt\n|-boost|p1a: Blacephalon|spe|1\n|faint|p2a: Forretress\n|-ability|p1a: Blacephalon|Beast Boost|boost\n|-boost|p1a: Blacephalon|atk|1\n|\n|upkeep\n|\n|t:|1700407938\n|switch|p2a: Blaziken|Blaziken, M|100\/100\n|turn|3\n|\n|t:|1700407943\n|move|p2a: Blaziken|Protect|p2a: Blaziken\n|-singleturn|p2a: Blaziken|Protect\n|move|p1a: Blacephalon|Flame Charge|p2a: Blaziken\n|-activate|p2a: Blaziken|move: Protect\n|\n|-ability|p2a: Blaziken|Speed Boost|boost\n|-boost|p2a: Blaziken|spe|1\n|upkeep\n|turn|4\n|\n|t:|1700407957\n|move|p1a: Blacephalon|Flame Charge|p2a: Blaziken\n|-resisted|p2a: Blaziken\n|-damage|p2a: Blaziken|56\/100\n|-boost|p1a: Blacephalon|spe|1\n|move|p2a: Blaziken|Rock Slide|p1a: Blacephalon\n|-supereffective|p1a: Blacephalon\n|-damage|p1a: Blacephalon|0 fnt\n|faint|p1a: Blacephalon\n|\n|-ability|p2a: Blaziken|Speed Boost|boost\n|-boost|p2a: Blaziken|spe|1\n|upkeep\n|\n|t:|1700407971\n|switch|p1a: Golem|Golem-Alola, M|100\/100\n|-damage|p1a: Golem|88\/100|[from] Stealth Rock\n|turn|5\n|\n|t:|1700407985\n|switch|p2a: Pelipper|Pelipper, M|100\/100\n|-weather|RainDance|[from] ability: Drizzle|[of] p2a: Pelipper\n|move|p1a: Golem|Body Slam|p2a: Pelipper\n|-supereffective|p2a: Pelipper\n|-enditem|p2a: Pelipper|Focus Sash\n|-damage|p2a: Pelipper|1\/100\n|-status|p2a: Pelipper|par\n|\n|-weather|RainDance|[upkeep]\n|upkeep\n|turn|6\n|\n|t:|1700407998\n|move|p1a: Golem|Body Slam|p2a: Pelipper\n|-supereffective|p2a: Pelipper\n|-damage|p2a: Pelipper|0 fnt\n|faint|p2a: Pelipper\n|\n|-weather|RainDance|[upkeep]\n|upkeep\n|\n|t:|1700408000\n|switch|p2a: Swampert|Swampert, M|100\/100\n|turn|7\n|\n|t:|1700408008\n|switch|p1a: Azelf|Azelf|100\/100\n|-damage|p1a: Azelf|88\/100|[from] Stealth Rock\n|detailschange|p2a: Swampert|Swampert-Mega, M\n|-mega|p2a: Swampert|Swampert|Swampertite\n|move|p2a: Swampert|Earthquake|p1a: Azelf\n|-immune|p1a: Azelf|[from] ability: Levitate\n|\n|-weather|RainDance|[upkeep]\n|upkeep\n|turn|8\n|inactive|InnateAzucarado has 120 seconds left.\n|\n|t:|1700408043\n|move|p2a: Swampert|Waterfall|p1a: Azelf\n|-damage|p1a: Azelf|0 fnt\n|faint|p1a: Azelf\n|\n|-weather|RainDance|[upkeep]\n|upkeep\n|\n|t:|1700408049\n|switch|p1a: Metagross|Metagross|100\/100\n|-damage|p1a: Metagross|94\/100|[from] Stealth Rock\n|turn|9\n|\n|t:|1700408057\n|move|p2a: Swampert|Earthquake|p1a: Metagross\n|-supereffective|p1a: Metagross\n|-damage|p1a: Metagross|4\/100\n|move|p1a: Metagross|Explosion|p2a: Swampert\n|-crit|p2a: Swampert\n|-damage|p2a: Swampert|0 fnt\n|faint|p1a: Metagross\n|faint|p2a: Swampert\n|\n|-weather|none\n|upkeep\n|\n|t:|1700408068\n|switch|p2a: Serperior|Serperior, F|100\/100\n|switch|p1a: Golem|Golem-Alola, M|88\/100\n|-damage|p1a: Golem|76\/100|[from] Stealth Rock\n|turn|10\n|\n|t:|1700408075\n|move|p2a: Serperior|Leaf Storm|p1a: Golem\n|-supereffective|p1a: Golem\n|-damage|p1a: Golem|0 fnt\n|-boost|p2a: Serperior|spa|2\n|faint|p1a: Golem\n|\n|upkeep\n|\n|t:|1700408081\n|switch|p1a: Diancie|Diancie|100\/100\n|-damage|p1a: Diancie|88\/100|[from] Stealth Rock\n|turn|11\n|\n|t:|1700408086\n|detailschange|p1a: Diancie|Diancie-Mega\n|-mega|p1a: Diancie|Diancie|Diancite\n|move|p2a: Serperior|Leaf Storm|p1a: Diancie\n|-supereffective|p1a: Diancie\n|-damage|p1a: Diancie|0 fnt\n|-boost|p2a: Serperior|spa|2\n|faint|p1a: Diancie\n|\n|win|InnateAzucarado\n|raw|uMedCuzBed's rating: 1035 &rarr; <strong>1023<\/strong><br \/>(-12 for losing)\n|raw|InnateAzucarado's rating: 1110 &rarr; <strong>1130<\/strong><br \/>(+20 for winning)\n|l|\u2606uMedCuzBed\n","uploadtime":1700408097,"views":6,"p1id":"umedcuzbed","p2id":"innateazucarado","formatid":"gen9nationaldex","rating":1023,"private":0,"password":""}