{"id":"gen9nationaldex-1996296327","p1":"loch2009","p2":"cold FrostNova","format":"[Gen 9] National Dex","log":"|html|<div class=\"broadcast-blue\"><strong>[Gen 9] National Dex is currently suspecting Sneasler! For information on how to participate check out the <a href=\"https:\/\/www.smogon.com\/forums\/threads\/sv-national-dex-suspect-8-just-dance.3731534\/\">suspect thread<\/a>.<\/strong><\/div>\n|j|\u2606loch2009\n|j|\u2606cold FrostNova\n|t:|1700668575\n|gametype|singles\n|player|p1|loch2009|lance-gen3|1274\n|player|p2|cold FrostNova|hilbert-wonderlauncher|1354\n|teamsize|p1|6\n|teamsize|p2|6\n|gen|9\n|tier|[Gen 9] National Dex\n|rated|\n|rule|HP Percentage Mod: HP is shown in percentages\n|rule|Endless Battle Clause: Forcing endless battles is banned\n|rule|OHKO Clause: OHKO moves are banned\n|rule|Evasion Clause: Evasion abilities, items, and moves are banned\n|rule|Evasion Abilities Clause: Evasion abilities are banned\n|rule|Evasion Items Clause: Evasion items are banned\n|rule|Evasion Moves Clause: Evasion moves are banned\n|rule|Species Clause: Limit one of each Pok\u00e9mon\n|rule|Sleep Clause Mod: Limit one foe put to sleep\n|clearpoke\n|poke|p1|Blaziken, F|\n|poke|p1|Tornadus-Therian, M|\n|poke|p1|Slowbro, M|\n|poke|p1|Ampharos, F|\n|poke|p1|Corviknight, M|\n|poke|p1|Zeraora|\n|poke|p2|Volcarona, F|\n|poke|p2|Serperior, F|\n|poke|p2|Garchomp, M|\n|poke|p2|Scizor, M|\n|poke|p2|Ogerpon-Wellspring, F|\n|poke|p2|Moltres|\n|teampreview\n|inactive|Battle timer is ON: inactive players will automatically lose when time's up. (requested by cold FrostNova)\n|\n|t:|1700668593\n|start\n|switch|p1a: Corviknight|Corviknight, M|100\/100\n|switch|p2a: \u963f\u54ac|Garchomp, M|100\/100\n|turn|1\n|inactive|loch2009 has 120 seconds left.\n|\n|t:|1700668643\n|move|p2a: \u963f\u54ac|Stealth Rock|p1a: Corviknight\n|-sidestart|p1: loch2009|move: Stealth Rock\n|move|p1a: Corviknight|Agility|p1a: Corviknight\n|-boost|p1a: Corviknight|spe|2\n|\n|upkeep\n|turn|2\n|\n|t:|1700668655\n|move|p1a: Corviknight|Bulk Up|p1a: Corviknight\n|-boost|p1a: Corviknight|atk|1\n|-boost|p1a: Corviknight|def|1\n|move|p2a: \u963f\u54ac|Swords Dance|p2a: \u963f\u54ac\n|-boost|p2a: \u963f\u54ac|atk|2\n|\n|upkeep\n|turn|3\n|\n|t:|1700668673\n|move|p1a: Corviknight|Bulk Up|p1a: Corviknight\n|-boost|p1a: Corviknight|atk|1\n|-boost|p1a: Corviknight|def|1\n|move|p2a: \u963f\u54ac|Swords Dance|p2a: \u963f\u54ac\n|-boost|p2a: \u963f\u54ac|atk|2\n|\n|upkeep\n|turn|4\n|\n|t:|1700668680\n|move|p1a: Corviknight|Bulk Up|p1a: Corviknight\n|-boost|p1a: Corviknight|atk|1\n|-boost|p1a: Corviknight|def|1\n|-zpower|p2a: \u963f\u54ac\n|move|p2a: \u963f\u54ac|Devastating Drake|p1a: Corviknight|[zeffect]\n|-resisted|p1a: Corviknight\n|-damage|p1a: Corviknight|54\/100\n|\n|upkeep\n|turn|5\n|inactive|loch2009 has 120 seconds left.\n|\n|t:|1700668692\n|move|p1a: Corviknight|Bulk Up|p1a: Corviknight\n|-boost|p1a: Corviknight|atk|1\n|-boost|p1a: Corviknight|def|1\n|move|p2a: \u963f\u54ac|Outrage|p1a: Corviknight\n|-resisted|p1a: Corviknight\n|-damage|p1a: Corviknight|30\/100\n|\n|upkeep\n|turn|6\n|\n|t:|1700668695\n|move|p1a: Corviknight|Roost|p1a: Corviknight\n|-heal|p1a: Corviknight|80\/100\n|-singleturn|p1a: Corviknight|move: Roost\n|move|p2a: \u963f\u54ac|Outrage|p1a: Corviknight|[from]lockedmove\n|-resisted|p1a: Corviknight\n|-crit|p1a: Corviknight\n|-damage|p1a: Corviknight|0 fnt\n|faint|p1a: Corviknight\n|\n|upkeep\n|c|\u2606loch2009|are you kidding\n|inactive|loch2009 has 120 seconds left.\n|\n|t:|1700668715\n|switch|p1a: Slowbro|Slowbro, M|100\/100\n|-damage|p1a: Slowbro|88\/100|[from] Stealth Rock\n|turn|7\n|inactive|loch2009 has 120 seconds left.\n|c|\u2606cold FrostNova|wow\n|\n|t:|1700668733\n|move|p2a: \u963f\u54ac|Outrage|p1a: Slowbro|[from]lockedmove\n|-damage|p1a: Slowbro|0 fnt\n|-damage|p2a: \u963f\u54ac|84\/100|[from] item: Rocky Helmet|[of] p1a: Slowbro\n|faint|p1a: Slowbro\n|-start|p2a: \u963f\u54ac|confusion|[fatigue]\n|\n|upkeep\n|\n|t:|1700668743\n|switch|p1a: Zeraora|Zeraora|100\/100\n|-damage|p1a: Zeraora|88\/100|[from] Stealth Rock\n|turn|8\n|\n|t:|1700668745\n|move|p1a: Zeraora|Play Rough|p2a: \u963f\u54ac\n|-supereffective|p2a: \u963f\u54ac\n|-damage|p2a: \u963f\u54ac|26\/100\n|-damage|p1a: Zeraora|76\/100|[from] ability: Rough Skin|[of] p2a: \u963f\u54ac\n|-activate|p2a: \u963f\u54ac|confusion\n|move|p2a: \u963f\u54ac|Earthquake|p1a: Zeraora\n|-supereffective|p1a: Zeraora\n|-damage|p1a: Zeraora|0 fnt\n|faint|p1a: Zeraora\n|\n|upkeep\n|inactive|loch2009 has 120 seconds left.\n|\n|t:|1700668755\n|switch|p1a: Tornadus|Tornadus-Therian, M|100\/100\n|turn|9\n|\n|t:|1700668759\n|move|p1a: Tornadus|Hurricane|p2a: \u963f\u54ac\n|-damage|p2a: \u963f\u54ac|0 fnt\n|faint|p2a: \u963f\u54ac\n|\n|upkeep\n|j| ChipsIsGood4U\n|\n|t:|1700668767\n|switch|p2a: Moltres|Moltres|100\/100\n|turn|10\n|j| test account dl\n|\n|t:|1700668772\n|move|p1a: Tornadus|Substitute|p1a: Tornadus\n|-start|p1a: Tornadus|Substitute\n|-damage|p1a: Tornadus|76\/100\n|move|p2a: Moltres|Hurricane|p1a: Tornadus\n|-end|p1a: Tornadus|Substitute\n|\n|upkeep\n|turn|11\n|l| test account dl\n|\n|t:|1700668779\n|move|p1a: Tornadus|Hurricane|p2a: Moltres|[miss]\n|-miss|p1a: Tornadus|p2a: Moltres\n|move|p2a: Moltres|Hurricane|p1a: Tornadus\n|-damage|p1a: Tornadus|22\/100\n|-start|p1a: Tornadus|confusion\n|\n|upkeep\n|turn|12\n|j| Intersecting Lines\n|l| Intersecting Lines\n|c|\u2606loch2009|well that turn proves my luck isnt real\n|\n|t:|1700668803\n|switch|p1a: Ampharos|Ampharos, F|100\/100\n|-damage|p1a: Ampharos|88\/100|[from] Stealth Rock\n|move|p2a: Moltres|U-turn|p1a: Ampharos\n|-damage|p1a: Ampharos|75\/100\n|-status|p2a: Moltres|par|[from] ability: Static|[of] p1a: Ampharos\n|c|\u2606cold FrostNova|lucky\n|\n|t:|1700668822\n|switch|p2a: \u5927\u6251\u68f1\u86fe\u5b50|Volcarona, F|100\/100|[from] U-turn\n|\n|upkeep\n|turn|13\n|c|\u2606loch2009|i missed my hurricane and you hit and confused\n|\n|t:|1700668842\n|detailschange|p1a: Ampharos|Ampharos-Mega, F\n|-mega|p1a: Ampharos|Ampharos|Ampharosite\n|-ability|p1a: Ampharos|Mold Breaker\n|move|p2a: \u5927\u6251\u68f1\u86fe\u5b50|Hidden Power|p1a: Ampharos\n|-supereffective|p1a: Ampharos\n|-crit|p1a: Ampharos\n|-damage|p1a: Ampharos|18\/100\n|move|p1a: Ampharos|Dragon Pulse|p2a: \u5927\u6251\u68f1\u86fe\u5b50\n|-damage|p2a: \u5927\u6251\u68f1\u86fe\u5b50|44\/100\n|\n|upkeep\n|turn|14\n|c|\u2606loch2009|are you kidding\n|c|\u2606loch2009|im in mental pain\n|inactive|cold FrostNova has 120 seconds left.\n|\n|t:|1700668877\n|move|p2a: \u5927\u6251\u68f1\u86fe\u5b50|Fire Blast|p1a: Ampharos|[miss]\n|-miss|p2a: \u5927\u6251\u68f1\u86fe\u5b50|p1a: Ampharos\n|move|p1a: Ampharos|Discharge|p2a: \u5927\u6251\u68f1\u86fe\u5b50\n|-damage|p2a: \u5927\u6251\u68f1\u86fe\u5b50|0 fnt\n|faint|p2a: \u5927\u6251\u68f1\u86fe\u5b50\n|\n|upkeep\n|inactive|cold FrostNova has 120 seconds left.\n|c|\u2606loch2009|ok\n|\n|t:|1700668885\n|switch|p2a: \u7ea2\u8272\u4e09\u500d\u901f|Scizor, M|100\/100\n|turn|15\n|c|\u2606loch2009|my luck is back\n|\n|t:|1700668892\n|detailschange|p2a: \u7ea2\u8272\u4e09\u500d\u901f|Scizor-Mega, M\n|-mega|p2a: \u7ea2\u8272\u4e09\u500d\u901f|Scizor|Scizorite\n|move|p2a: \u7ea2\u8272\u4e09\u500d\u901f|Bullet Punch|p1a: Ampharos\n|-resisted|p1a: Ampharos\n|-damage|p1a: Ampharos|8\/100\n|move|p1a: Ampharos|Discharge|p2a: \u7ea2\u8272\u4e09\u500d\u901f\n|-damage|p2a: \u7ea2\u8272\u4e09\u500d\u901f|60\/100\n|-status|p2a: \u7ea2\u8272\u4e09\u500d\u901f|par\n|\n|upkeep\n|turn|16\n|c|\u2606loch2009|maybe\n|c|\u2606loch2009|ok its back\n|\n|t:|1700668903\n|move|p2a: \u7ea2\u8272\u4e09\u500d\u901f|Bullet Punch|p1a: Ampharos\n|-resisted|p1a: Ampharos\n|-damage|p1a: Ampharos|0 fnt\n|faint|p1a: Ampharos\n|\n|upkeep\n|\n|t:|1700668907\n|switch|p1a: Blaziken|Blaziken, F|100\/100\n|-damage|p1a: Blaziken|88\/100|[from] Stealth Rock\n|turn|17\n|\n|t:|1700668910\n|move|p1a: Blaziken|Substitute|p1a: Blaziken\n|-start|p1a: Blaziken|Substitute\n|-damage|p1a: Blaziken|63\/100\n|move|p2a: \u7ea2\u8272\u4e09\u500d\u901f|Knock Off|p1a: Blaziken\n|-resisted|p1a: Blaziken\n|-activate|p1a: Blaziken|move: Substitute|[damage]\n|\n|-heal|p1a: Blaziken|69\/100|[from] item: Leftovers\n|-ability|p1a: Blaziken|Speed Boost|boost\n|-boost|p1a: Blaziken|spe|1\n|upkeep\n|turn|18\n|\n|t:|1700668918\n|move|p1a: Blaziken|Blaze Kick|p2a: \u7ea2\u8272\u4e09\u500d\u901f\n|-supereffective|p2a: \u7ea2\u8272\u4e09\u500d\u901f\n|-damage|p2a: \u7ea2\u8272\u4e09\u500d\u901f|0 fnt\n|faint|p2a: \u7ea2\u8272\u4e09\u500d\u901f\n|\n|-heal|p1a: Blaziken|75\/100|[from] item: Leftovers\n|-ability|p1a: Blaziken|Speed Boost|boost\n|-boost|p1a: Blaziken|spe|1\n|upkeep\n|\n|t:|1700668925\n|switch|p2a: Moltres|Moltres|100\/100 par\n|turn|19\n|\n|t:|1700668931\n|move|p1a: Blaziken|Stone Edge|p2a: Moltres|[miss]\n|-miss|p1a: Blaziken|p2a: Moltres\n|move|p2a: Moltres|Hurricane|p1a: Blaziken\n|-supereffective|p1a: Blaziken\n|-end|p1a: Blaziken|Substitute\n|\n|-heal|p1a: Blaziken|81\/100|[from] item: Leftovers\n|-ability|p1a: Blaziken|Speed Boost|boost\n|-boost|p1a: Blaziken|spe|1\n|upkeep\n|turn|20\n|c|\u2606loch2009|ahem\n|c|\u2606loch2009|one sec\n|\n|t:|1700668943\n|-terastallize|p2a: Moltres|Ground\n|move|p1a: Blaziken|Substitute|p1a: Blaziken\n|-start|p1a: Blaziken|Substitute\n|-damage|p1a: Blaziken|56\/100\n|cant|p2a: Moltres|par\n|\n|-heal|p1a: Blaziken|62\/100|[from] item: Leftovers\n|-ability|p1a: Blaziken|Speed Boost|boost\n|-boost|p1a: Blaziken|spe|1\n|upkeep\n|turn|21\n|\n|t:|1700668953\n|move|p1a: Blaziken|Close Combat|p2a: Moltres\n|-damage|p2a: Moltres|39\/100 par\n|-unboost|p1a: Blaziken|def|1\n|-unboost|p1a: Blaziken|spd|1\n|cant|p2a: Moltres|par\n|\n|-heal|p1a: Blaziken|68\/100|[from] item: Leftovers\n|-ability|p1a: Blaziken|Speed Boost|boost\n|-boost|p1a: Blaziken|spe|1\n|upkeep\n|turn|22\n|c|\u2606loch2009|rip\n|\n|t:|1700668967\n|move|p1a: Blaziken|Blaze Kick|p2a: Moltres|[miss]\n|-miss|p1a: Blaziken|p2a: Moltres\n|move|p2a: Moltres|Hurricane|p1a: Blaziken|[miss]\n|-miss|p2a: Moltres|p1a: Blaziken\n|\n|-heal|p1a: Blaziken|74\/100|[from] item: Leftovers\n|-ability|p1a: Blaziken|Speed Boost|boost\n|-boost|p1a: Blaziken|spe|1\n|upkeep\n|turn|23\n|c|\u2606loch2009|the amount of bad luck in this battle\n|c|\u2606loch2009|is\n|c|\u2606loch2009|funny\n|\n|t:|1700668980\n|move|p1a: Blaziken|Blaze Kick|p2a: Moltres\n|-damage|p2a: Moltres|0 fnt\n|faint|p2a: Moltres\n|\n|-heal|p1a: Blaziken|80\/100|[from] item: Leftovers\n|upkeep\n|\n|t:|1700668984\n|switch|p2a: \u73e0\u6cea\u54c0\u6b4c \u692a\u692a\u4eba\u9c7c|Ogerpon-Wellspring, F|100\/100\n|turn|24\n|\n|t:|1700668992\n|move|p1a: Blaziken|Close Combat|p2a: \u73e0\u6cea\u54c0\u6b4c \u692a\u692a\u4eba\u9c7c\n|-damage|p2a: \u73e0\u6cea\u54c0\u6b4c \u692a\u692a\u4eba\u9c7c|22\/100\n|-unboost|p1a: Blaziken|def|1\n|-unboost|p1a: Blaziken|spd|1\n|move|p2a: \u73e0\u6cea\u54c0\u6b4c \u692a\u692a\u4eba\u9c7c|Ivy Cudgel|p1a: Blaziken|[anim] Ivy Cudgel Water\n|-supereffective|p1a: Blaziken\n|-end|p1a: Blaziken|Substitute\n|\n|-heal|p1a: Blaziken|86\/100|[from] item: Leftovers\n|upkeep\n|turn|25\n|j| GigaBytes7\n|c|\u2606loch2009|luck is fake\n|\n|t:|1700669004\n|move|p1a: Blaziken|Blaze Kick|p2a: \u73e0\u6cea\u54c0\u6b4c \u692a\u692a\u4eba\u9c7c\n|-damage|p2a: \u73e0\u6cea\u54c0\u6b4c \u692a\u692a\u4eba\u9c7c|0 fnt\n|faint|p2a: \u73e0\u6cea\u54c0\u6b4c \u692a\u692a\u4eba\u9c7c\n|\n|-heal|p1a: Blaziken|92\/100|[from] item: Leftovers\n|upkeep\n|\n|t:|1700669007\n|switch|p2a: \u53e5\u8292|Serperior, F, shiny|100\/100\n|turn|26\n|c|\u2606cold FrostNova|gg\n|c|\u2606loch2009|gg\n|\n|t:|1700669018\n|-terastallize|p1a: Blaziken|Fire\n|move|p1a: Blaziken|Blaze Kick|p2a: \u53e5\u8292\n|-supereffective|p2a: \u53e5\u8292\n|-damage|p2a: \u53e5\u8292|0 fnt\n|faint|p2a: \u53e5\u8292\n|\n|win|loch2009\n|raw|loch2009's rating: 1274 &rarr; <strong>1305<\/strong><br \/>(+31 for winning)\n|raw|cold FrostNova's rating: 1354 &rarr; <strong>1329<\/strong><br \/>(-25 for losing)\n|l| GigaBytes7\n|l|\u2606cold FrostNova\n|j| promasterXXXX\n|j| AesirEcho\n|l| AesirEcho\n|l| promasterXXXX\n","uploadtime":1700669093,"views":0,"p1id":"loch2009","p2id":"coldfrostnova","formatid":"gen9nationaldex","rating":1305,"private":0,"password":""}