{"id":"gen9nationaldex-1999355798","p1":"MMM12341234124","p2":"Richie2016","format":"[Gen 9] National Dex","log":"|html|<div class=\"broadcast-blue\"><strong>[Gen 9] National Dex is currently suspecting Sneasler! For information on how to participate check out the <a href=\"https:\/\/www.smogon.com\/forums\/threads\/sv-national-dex-suspect-8-just-dance.3731534\/\">suspect thread<\/a>.<\/strong><\/div>\n|j|\u2606MMM12341234124\n|j|\u2606Richie2016\n|t:|1701065759\n|gametype|singles\n|player|p1|MMM12341234124|iris|1629\n|player|p2|Richie2016|cynthia|1559\n|teamsize|p1|6\n|teamsize|p2|6\n|gen|9\n|tier|[Gen 9] National Dex\n|rated|\n|rule|HP Percentage Mod: HP is shown in percentages\n|rule|Endless Battle Clause: Forcing endless battles is banned\n|rule|OHKO Clause: OHKO moves are banned\n|rule|Evasion Clause: Evasion abilities, items, and moves are banned\n|rule|Evasion Abilities Clause: Evasion abilities are banned\n|rule|Evasion Items Clause: Evasion items are banned\n|rule|Evasion Moves Clause: Evasion moves are banned\n|rule|Species Clause: Limit one of each Pok\u00e9mon\n|rule|Sleep Clause Mod: Limit one foe put to sleep\n|clearpoke\n|poke|p1|Nihilego|\n|poke|p1|Ting-Lu|\n|poke|p1|Moltres|\n|poke|p1|Scizor, M|\n|poke|p1|Kommo-o, F|\n|poke|p1|Ursaluna, F|\n|poke|p2|Lopunny, F|\n|poke|p2|Alomomola, F|\n|poke|p2|Moltres|\n|poke|p2|Ferrothorn, F|\n|poke|p2|Gliscor, F|\n|poke|p2|Greninja-*, M|\n|teampreview\n|inactive|Battle timer is ON: inactive players will automatically lose when time's up. (requested by MMM12341234124)\n|\n|t:|1701065775\n|start\n|switch|p1a: Moltres|Moltres|100\/100\n|switch|p2a: Gliscor|Gliscor, F, shiny|100\/100\n|turn|1\n|\n|t:|1701065782\n|move|p2a: Gliscor|Toxic|p1a: Moltres\n|-status|p1a: Moltres|tox\n|move|p1a: Moltres|Mystical Fire|p2a: Gliscor\n|-damage|p2a: Gliscor|72\/100\n|-unboost|p2a: Gliscor|spa|1\n|\n|-damage|p1a: Moltres|94\/100 tox|[from] psn\n|-status|p2a: Gliscor|tox|[from] item: Toxic Orb\n|upkeep\n|turn|2\n|\n|t:|1701065789\n|move|p2a: Gliscor|Stealth Rock|p1a: Moltres\n|-sidestart|p1: MMM12341234124|move: Stealth Rock\n|move|p1a: Moltres|Mystical Fire|p2a: Gliscor\n|-damage|p2a: Gliscor|45\/100 tox\n|-unboost|p2a: Gliscor|spa|1\n|\n|-heal|p2a: Gliscor|58\/100 tox|[from] ability: Poison Heal\n|-damage|p1a: Moltres|82\/100 tox|[from] psn\n|upkeep\n|turn|3\n|\n|t:|1701065798\n|switch|p1a: Nihilego|Nihilego, shiny|100\/100\n|-damage|p1a: Nihilego|88\/100|[from] Stealth Rock\n|move|p2a: Gliscor|Earthquake|p1a: Nihilego\n|-supereffective|p1a: Nihilego\n|-damage|p1a: Nihilego|0 fnt\n|faint|p1a: Nihilego\n|\n|-heal|p2a: Gliscor|70\/100 tox|[from] ability: Poison Heal\n|upkeep\n|\n|t:|1701065802\n|switch|p1a: Ursaluna|Ursaluna, F|100\/100\n|-damage|p1a: Ursaluna|94\/100|[from] Stealth Rock\n|turn|4\n|\n|t:|1701065810\n|move|p2a: Gliscor|Toxic|p1a: Ursaluna\n|-status|p1a: Ursaluna|tox\n|move|p1a: Ursaluna|Ice Punch|p2a: Gliscor\n|-supereffective|p2a: Gliscor\n|-damage|p2a: Gliscor|0 fnt\n|faint|p2a: Gliscor\n|\n|-damage|p1a: Ursaluna|88\/100 tox|[from] psn\n|upkeep\n|\n|t:|1701065819\n|switch|p2a: Lopunny|Lopunny, F, shiny|100\/100\n|turn|5\n|\n|t:|1701065823\n|switch|p1a: Moltres|Moltres|82\/100 tox\n|detailschange|p2a: Lopunny|Lopunny-Mega, F, shiny\n|-mega|p2a: Lopunny|Lopunny|Lopunnite\n|move|p2a: Lopunny|Fake Out|p1a: Moltres\n|-damage|p1a: Moltres|66\/100 tox\n|\n|-damage|p1a: Moltres|60\/100 tox|[from] psn\n|upkeep\n|turn|6\n|\n|t:|1701065828\n|switch|p2a: Alomomola|Alomomola, F|100\/100\n|move|p1a: Moltres|Roost|p1a: Moltres\n|-heal|p1a: Moltres|100\/100 tox\n|-singleturn|p1a: Moltres|move: Roost\n|\n|-damage|p1a: Moltres|88\/100 tox|[from] psn\n|upkeep\n|turn|7\n|\n|t:|1701065836\n|move|p1a: Moltres|Toxic|p2a: Alomomola\n|-status|p2a: Alomomola|tox\n|move|p2a: Alomomola|Flip Turn|p1a: Moltres\n|-supereffective|p1a: Moltres\n|-damage|p1a: Moltres|67\/100 tox\n|\n|t:|1701065842\n|switch|p2a: Greninja|Greninja, M|100\/100|[from] Flip Turn\n|\n|-damage|p1a: Moltres|48\/100 tox|[from] psn\n|upkeep\n|turn|8\n|\n|t:|1701065849\n|switch|p1a: \u522b\u73a9\u53d7\u4e86|Kommo-o, F|100\/100\n|-damage|p1a: \u522b\u73a9\u53d7\u4e86|94\/100|[from] Stealth Rock\n|move|p2a: Greninja|Hydro Pump|p1a: \u522b\u73a9\u53d7\u4e86\n|-resisted|p1a: \u522b\u73a9\u53d7\u4e86\n|-damage|p1a: \u522b\u73a9\u53d7\u4e86|55\/100\n|-damage|p2a: Greninja|91\/100|[from] item: Life Orb\n|\n|upkeep\n|turn|9\n|\n|t:|1701065860\n|-terastallize|p2a: Greninja|Water\n|move|p2a: Greninja|Hydro Pump|p1a: \u522b\u73a9\u53d7\u4e86\n|-resisted|p1a: \u522b\u73a9\u53d7\u4e86\n|-damage|p1a: \u522b\u73a9\u53d7\u4e86|12\/100\n|-damage|p2a: Greninja|81\/100|[from] item: Life Orb\n|-zpower|p1a: \u522b\u73a9\u53d7\u4e86\n|move|p1a: \u522b\u73a9\u53d7\u4e86|Clangorous Soulblaze|p2a: Greninja|[zeffect]\n|-damage|p2a: Greninja|0 fnt\n|faint|p2a: Greninja\n|-boost|p1a: \u522b\u73a9\u53d7\u4e86|atk|1\n|-boost|p1a: \u522b\u73a9\u53d7\u4e86|def|1\n|-boost|p1a: \u522b\u73a9\u53d7\u4e86|spa|1\n|-boost|p1a: \u522b\u73a9\u53d7\u4e86|spd|1\n|-boost|p1a: \u522b\u73a9\u53d7\u4e86|spe|1\n|\n|upkeep\n|\n|t:|1701065870\n|switch|p2a: Lopunny|Lopunny-Mega, F, shiny|100\/100\n|turn|10\n|\n|t:|1701065875\n|switch|p1a: Moltres|Moltres|48\/100 tox\n|move|p2a: Lopunny|Fake Out|p1a: Moltres\n|-damage|p1a: Moltres|34\/100 tox\n|-status|p2a: Lopunny|brn|[from] ability: Flame Body|[of] p1a: Moltres\n|\n|-damage|p1a: Moltres|27\/100 tox|[from] psn\n|-damage|p2a: Lopunny|95\/100 brn|[from] brn\n|upkeep\n|turn|11\n|\n|t:|1701065881\n|move|p2a: Lopunny|Frustration|p1a: Moltres\n|-crit|p1a: Moltres\n|-damage|p1a: Moltres|0 fnt\n|faint|p1a: Moltres\n|\n|-damage|p2a: Lopunny|89\/100 brn|[from] brn\n|upkeep\n|\n|t:|1701065887\n|switch|p1a: \u522b\u73a9\u53d7\u4e86|Kommo-o, F|12\/100\n|-damage|p1a: \u522b\u73a9\u53d7\u4e86|6\/100|[from] Stealth Rock\n|turn|12\n|\n|t:|1701065892\n|move|p2a: Lopunny|Frustration|p1a: \u522b\u73a9\u53d7\u4e86\n|-damage|p1a: \u522b\u73a9\u53d7\u4e86|0 fnt\n|faint|p1a: \u522b\u73a9\u53d7\u4e86\n|\n|-damage|p2a: Lopunny|83\/100 brn|[from] brn\n|upkeep\n|\n|t:|1701065896\n|switch|p1a: \u770b\u5230\u53d7\u961f\u5c31\u6295|Ting-Lu|100\/100\n|-damage|p1a: \u770b\u5230\u53d7\u961f\u5c31\u6295|94\/100|[from] Stealth Rock\n|-ability|p1a: \u770b\u5230\u53d7\u961f\u5c31\u6295|Vessel of Ruin\n|turn|13\n|\n|t:|1701065904\n|-terastallize|p1a: \u770b\u5230\u53d7\u961f\u5c31\u6295|Poison\n|move|p2a: Lopunny|U-turn|p1a: \u770b\u5230\u53d7\u961f\u5c31\u6295\n|-resisted|p1a: \u770b\u5230\u53d7\u961f\u5c31\u6295\n|-damage|p1a: \u770b\u5230\u53d7\u961f\u5c31\u6295|91\/100\n|\n|t:|1701065910\n|switch|p2a: Ferrothorn|Ferrothorn, F, shiny|100\/100|[from] U-turn\n|move|p1a: \u770b\u5230\u53d7\u961f\u5c31\u6295|Stealth Rock|p2a: Ferrothorn\n|-sidestart|p2: Richie2016|move: Stealth Rock\n|\n|-heal|p1a: \u770b\u5230\u53d7\u961f\u5c31\u6295|97\/100|[from] item: Leftovers\n|upkeep\n|turn|14\n|\n|t:|1701065916\n|move|p1a: \u770b\u5230\u53d7\u961f\u5c31\u6295|Ruination|p2a: Ferrothorn\n|-damage|p2a: Ferrothorn|50\/100\n|move|p2a: Ferrothorn|Leech Seed|p1a: \u770b\u5230\u53d7\u961f\u5c31\u6295|[miss]\n|-miss|p2a: Ferrothorn|p1a: \u770b\u5230\u53d7\u961f\u5c31\u6295\n|\n|-heal|p1a: \u770b\u5230\u53d7\u961f\u5c31\u6295|100\/100|[from] item: Leftovers\n|-heal|p2a: Ferrothorn|57\/100|[from] item: Leftovers\n|upkeep\n|turn|15\n|\n|t:|1701065921\n|move|p2a: Ferrothorn|Leech Seed|p1a: \u770b\u5230\u53d7\u961f\u5c31\u6295\n|-start|p1a: \u770b\u5230\u53d7\u961f\u5c31\u6295|move: Leech Seed\n|move|p1a: \u770b\u5230\u53d7\u961f\u5c31\u6295|Whirlwind|p2a: Ferrothorn\n|drag|p2a: Moltres|Moltres|100\/100\n|\n|-damage|p1a: \u770b\u5230\u53d7\u961f\u5c31\u6295|88\/100|[from] Leech Seed|[of] p2a: Moltres\n|upkeep\n|turn|16\n|\n|t:|1701065931\n|move|p2a: Moltres|Defog|p1a: \u770b\u5230\u53d7\u961f\u5c31\u6295\n|-unboost|p1a: \u770b\u5230\u53d7\u961f\u5c31\u6295|evasion|1\n|-sideend|p1: MMM12341234124|Stealth Rock|[from] move: Defog|[of] p2a: Moltres\n|-sideend|p2: Richie2016|Stealth Rock|[from] move: Defog|[of] p2a: Moltres\n|move|p1a: \u770b\u5230\u53d7\u961f\u5c31\u6295|Ruination|p2a: Moltres\n|-damage|p2a: Moltres|51\/100\n|\n|-heal|p1a: \u770b\u5230\u53d7\u961f\u5c31\u6295|94\/100|[from] item: Leftovers\n|-damage|p1a: \u770b\u5230\u53d7\u961f\u5c31\u6295|82\/100|[from] Leech Seed|[of] p2a: Moltres\n|-heal|p2a: Moltres|67\/100|[silent]\n|upkeep\n|turn|17\n|\n|t:|1701065938\n|move|p2a: Moltres|Hurricane|p1a: \u770b\u5230\u53d7\u961f\u5c31\u6295|[miss]\n|-miss|p2a: Moltres|p1a: \u770b\u5230\u53d7\u961f\u5c31\u6295\n|move|p1a: \u770b\u5230\u53d7\u961f\u5c31\u6295|Stealth Rock|p2a: Moltres\n|-sidestart|p2: Richie2016|move: Stealth Rock\n|\n|-heal|p1a: \u770b\u5230\u53d7\u961f\u5c31\u6295|88\/100|[from] item: Leftovers\n|-damage|p1a: \u770b\u5230\u53d7\u961f\u5c31\u6295|76\/100|[from] Leech Seed|[of] p2a: Moltres\n|-heal|p2a: Moltres|84\/100|[silent]\n|upkeep\n|turn|18\n|\n|t:|1701065946\n|move|p2a: Moltres|Defog|p1a: \u770b\u5230\u53d7\u961f\u5c31\u6295\n|-unboost|p1a: \u770b\u5230\u53d7\u961f\u5c31\u6295|evasion|1\n|-sideend|p2: Richie2016|Stealth Rock|[from] move: Defog|[of] p2a: Moltres\n|move|p1a: \u770b\u5230\u53d7\u961f\u5c31\u6295|Ruination|p2a: Moltres\n|-damage|p2a: Moltres|42\/100\n|\n|-heal|p1a: \u770b\u5230\u53d7\u961f\u5c31\u6295|82\/100|[from] item: Leftovers\n|-damage|p1a: \u770b\u5230\u53d7\u961f\u5c31\u6295|69\/100|[from] Leech Seed|[of] p2a: Moltres\n|-heal|p2a: Moltres|59\/100|[silent]\n|upkeep\n|turn|19\n|\n|t:|1701065952\n|move|p2a: Moltres|Hurricane|p1a: \u770b\u5230\u53d7\u961f\u5c31\u6295\n|-damage|p1a: \u770b\u5230\u53d7\u961f\u5c31\u6295|50\/100\n|-start|p1a: \u770b\u5230\u53d7\u961f\u5c31\u6295|confusion\n|-activate|p1a: \u770b\u5230\u53d7\u961f\u5c31\u6295|confusion\n|-damage|p1a: \u770b\u5230\u53d7\u961f\u5c31\u6295|45\/100|[from] confusion\n|\n|-heal|p1a: \u770b\u5230\u53d7\u961f\u5c31\u6295|51\/100|[from] item: Leftovers\n|-damage|p1a: \u770b\u5230\u53d7\u961f\u5c31\u6295|39\/100|[from] Leech Seed|[of] p2a: Moltres\n|-heal|p2a: Moltres|76\/100|[silent]\n|upkeep\n|turn|20\n|\n|t:|1701065961\n|switch|p2a: Ferrothorn|Ferrothorn, F, shiny|57\/100\n|-activate|p1a: \u770b\u5230\u53d7\u961f\u5c31\u6295|confusion\n|move|p1a: \u770b\u5230\u53d7\u961f\u5c31\u6295|Whirlwind|p2a: Ferrothorn\n|drag|p2a: Moltres|Moltres|76\/100\n|\n|-heal|p1a: \u770b\u5230\u53d7\u961f\u5c31\u6295|45\/100|[from] item: Leftovers\n|-damage|p1a: \u770b\u5230\u53d7\u961f\u5c31\u6295|32\/100|[from] Leech Seed|[of] p2a: Moltres\n|-heal|p2a: Moltres|92\/100|[silent]\n|upkeep\n|turn|21\n|\n|t:|1701065968\n|switch|p2a: Ferrothorn|Ferrothorn, F, shiny|57\/100\n|-activate|p1a: \u770b\u5230\u53d7\u961f\u5c31\u6295|confusion\n|move|p1a: \u770b\u5230\u53d7\u961f\u5c31\u6295|Ruination|p2a: Ferrothorn|[miss]\n|-miss|p1a: \u770b\u5230\u53d7\u961f\u5c31\u6295|p2a: Ferrothorn\n|\n|-heal|p1a: \u770b\u5230\u53d7\u961f\u5c31\u6295|39\/100|[from] item: Leftovers\n|-heal|p2a: Ferrothorn|63\/100|[from] item: Leftovers\n|-damage|p1a: \u770b\u5230\u53d7\u961f\u5c31\u6295|26\/100|[from] Leech Seed|[of] p2a: Ferrothorn\n|-heal|p2a: Ferrothorn|81\/100|[silent]\n|upkeep\n|turn|22\n|\n|t:|1701065979\n|move|p2a: Ferrothorn|Protect|p2a: Ferrothorn\n|-singleturn|p2a: Ferrothorn|Protect\n|-end|p1a: \u770b\u5230\u53d7\u961f\u5c31\u6295|confusion\n|move|p1a: \u770b\u5230\u53d7\u961f\u5c31\u6295|Ruination|p2a: Ferrothorn\n|-activate|p2a: Ferrothorn|move: Protect\n|\n|-heal|p1a: \u770b\u5230\u53d7\u961f\u5c31\u6295|32\/100|[from] item: Leftovers\n|-heal|p2a: Ferrothorn|87\/100|[from] item: Leftovers\n|-damage|p1a: \u770b\u5230\u53d7\u961f\u5c31\u6295|20\/100|[from] Leech Seed|[of] p2a: Ferrothorn\n|-heal|p2a: Ferrothorn|100\/100|[silent]\n|upkeep\n|turn|23\n|\n|t:|1701065986\n|switch|p2a: Lopunny|Lopunny-Mega, F, shiny|83\/100 brn\n|move|p1a: \u770b\u5230\u53d7\u961f\u5c31\u6295|Ruination|p2a: Lopunny\n|-damage|p2a: Lopunny|42\/100 brn\n|\n|-heal|p1a: \u770b\u5230\u53d7\u961f\u5c31\u6295|26\/100|[from] item: Leftovers\n|-damage|p1a: \u770b\u5230\u53d7\u961f\u5c31\u6295|14\/100|[from] Leech Seed|[of] p2a: Lopunny\n|-heal|p2a: Lopunny|65\/100 brn|[silent]\n|-damage|p2a: Lopunny|60\/100 brn|[from] brn\n|upkeep\n|turn|24\n|\n|t:|1701065993\n|move|p2a: Lopunny|Fake Out|p1a: \u770b\u5230\u53d7\u961f\u5c31\u6295\n|-damage|p1a: \u770b\u5230\u53d7\u961f\u5c31\u6295|8\/100\n|cant|p1a: \u770b\u5230\u53d7\u961f\u5c31\u6295|flinch\n|\n|-heal|p1a: \u770b\u5230\u53d7\u961f\u5c31\u6295|14\/100|[from] item: Leftovers\n|-damage|p1a: \u770b\u5230\u53d7\u961f\u5c31\u6295|2\/100|[from] Leech Seed|[of] p2a: Lopunny\n|-heal|p2a: Lopunny|83\/100 brn|[silent]\n|-damage|p2a: Lopunny|77\/100 brn|[from] brn\n|upkeep\n|turn|25\n|\n|t:|1701065999\n|move|p2a: Lopunny|U-turn|p1a: \u770b\u5230\u53d7\u961f\u5c31\u6295\n|-resisted|p1a: \u770b\u5230\u53d7\u961f\u5c31\u6295\n|-damage|p1a: \u770b\u5230\u53d7\u961f\u5c31\u6295|0 fnt\n|faint|p1a: \u770b\u5230\u53d7\u961f\u5c31\u6295\n|\n|t:|1701066004\n|switch|p2a: Moltres|Moltres|92\/100|[from] U-turn\n|\n|upkeep\n|\n|t:|1701066010\n|switch|p1a: Ursaluna|Ursaluna, F|88\/100 tox\n|turn|26\n|\n|t:|1701066013\n|switch|p2a: Ferrothorn|Ferrothorn, F, shiny|100\/100\n|move|p1a: Ursaluna|Facade|p2a: Ferrothorn\n|-resisted|p2a: Ferrothorn\n|-damage|p2a: Ferrothorn|59\/100\n|-damage|p1a: Ursaluna|75\/100 tox|[from] ability: Iron Barbs|[of] p2a: Ferrothorn\n|\n|-heal|p2a: Ferrothorn|65\/100|[from] item: Leftovers\n|-damage|p1a: Ursaluna|69\/100 tox|[from] psn\n|upkeep\n|turn|27\n|\n|t:|1701066023\n|switch|p2a: Moltres|Moltres|92\/100\n|move|p1a: Ursaluna|Drain Punch|p2a: Moltres\n|-resisted|p2a: Moltres\n|-damage|p2a: Moltres|74\/100\n|-heal|p1a: Ursaluna|77\/100 tox|[from] drain|[of] p2a: Moltres\n|\n|-damage|p1a: Ursaluna|64\/100 tox|[from] psn\n|upkeep\n|turn|28\n|\n|t:|1701066030\n|switch|p2a: Ferrothorn|Ferrothorn, F, shiny|65\/100\n|move|p1a: Ursaluna|Facade|p2a: Ferrothorn\n|-resisted|p2a: Ferrothorn\n|-damage|p2a: Ferrothorn|22\/100\n|-damage|p1a: Ursaluna|52\/100 tox|[from] ability: Iron Barbs|[of] p2a: Ferrothorn\n|\n|-heal|p2a: Ferrothorn|28\/100|[from] item: Leftovers\n|-damage|p1a: Ursaluna|33\/100 tox|[from] psn\n|upkeep\n|turn|29\n|\n|t:|1701066036\n|move|p2a: Ferrothorn|Protect|p2a: Ferrothorn\n|-singleturn|p2a: Ferrothorn|Protect\n|move|p1a: Ursaluna|Facade|p2a: Ferrothorn\n|-activate|p2a: Ferrothorn|move: Protect\n|\n|-heal|p2a: Ferrothorn|34\/100|[from] item: Leftovers\n|-damage|p1a: Ursaluna|8\/100 tox|[from] psn\n|upkeep\n|turn|30\n|\n|t:|1701066042\n|switch|p2a: Lopunny|Lopunny-Mega, F, shiny|77\/100 brn\n|move|p1a: Ursaluna|Facade|p2a: Lopunny\n|-damage|p2a: Lopunny|0 fnt\n|faint|p2a: Lopunny\n|\n|-damage|p1a: Ursaluna|0 fnt|[from] psn\n|faint|p1a: Ursaluna\n|upkeep\n|\n|t:|1701066048\n|switch|p2a: Moltres|Moltres|74\/100\n|switch|p1a: Scizor|Scizor, M|100\/100\n|turn|31\n|\n|t:|1701066054\n|detailschange|p1a: Scizor|Scizor-Mega, M\n|-mega|p1a: Scizor|Scizor|Scizorite\n|move|p2a: Moltres|Mystical Fire|p1a: Scizor\n|-supereffective|p1a: Scizor\n|-damage|p1a: Scizor|0 fnt\n|faint|p1a: Scizor\n|\n|win|Richie2016\n|raw|MMM12341234124's rating: 1629 &rarr; <strong>1605<\/strong><br \/>(-24 for losing)\n|raw|Richie2016's rating: 1559 &rarr; <strong>1583<\/strong><br \/>(+24 for winning)\n|l|\u2606MMM12341234124\n","uploadtime":1701066062,"views":1,"p1id":"mmm12341234124","p2id":"richie2016","formatid":"gen9nationaldex","rating":1583,"private":0,"password":""}