{"id":"gen9nationaldex-1988425798","p1":"Danwithnoplan","p2":"TestFerroTech","format":"[Gen 9] National Dex","log":"|j|\u2606Danwithnoplan\n|j|\u2606TestFerroTech\n|t:|1699721620\n|gametype|singles\n|player|p1|Danwithnoplan|psychic-lgpe|1513\n|player|p2|TestFerroTech|swimmer-gen4dp|1572\n|teamsize|p1|6\n|teamsize|p2|6\n|gen|9\n|tier|[Gen 9] National Dex\n|rated|\n|rule|HP Percentage Mod: HP is shown in percentages\n|rule|Endless Battle Clause: Forcing endless battles is banned\n|rule|OHKO Clause: OHKO moves are banned\n|rule|Evasion Clause: Evasion abilities, items, and moves are banned\n|rule|Evasion Abilities Clause: Evasion abilities are banned\n|rule|Evasion Items Clause: Evasion items are banned\n|rule|Evasion Moves Clause: Evasion moves are banned\n|rule|Species Clause: Limit one of each Pok\u00e9mon\n|rule|Sleep Clause Mod: Limit one foe put to sleep\n|clearpoke\n|poke|p1|Tornadus-Therian, M|\n|poke|p1|Gliscor, M|\n|poke|p1|Samurott-Hisui, F|\n|poke|p1|Heatran, M|\n|poke|p1|Diancie|\n|poke|p1|Rillaboom, M|\n|poke|p2|Golurk|\n|poke|p2|Rillaboom, F|\n|poke|p2|Ogerpon-Cornerstone, F|\n|poke|p2|Great Tusk|\n|poke|p2|Heatran, F|\n|poke|p2|Rotom-Wash|\n|teampreview\n|inactive|Battle timer is ON: inactive players will automatically lose when time's up. (requested by TestFerroTech)\n|\n|t:|1699721634\n|start\n|switch|p1a: Rillaboom|Rillaboom, M|100\/100\n|switch|p2a: The Grass Mass|Ogerpon-Cornerstone, F|100\/100\n|-fieldstart|move: Grassy Terrain|[from] ability: Grassy Surge|[of] p1a: Rillaboom\n|turn|1\n|\n|t:|1699721651\n|switch|p2a: Heatran|Heatran, F|100\/100\n|-terastallize|p1a: Rillaboom|Grass\n|move|p1a: Rillaboom|Grassy Glide|p2a: Heatran\n|-resisted|p2a: Heatran\n|-damage|p2a: Heatran|84\/100\n|\n|-heal|p2a: Heatran|90\/100|[from] Grassy Terrain\n|-heal|p2a: Heatran|97\/100|[from] item: Leftovers\n|upkeep\n|turn|2\n|\n|t:|1699721660\n|switch|p1a: Gliscor|Gliscor, M|100\/100\n|move|p2a: Heatran|Stealth Rock|p1a: Gliscor\n|-sidestart|p1: Danwithnoplan|move: Stealth Rock\n|\n|-heal|p2a: Heatran|100\/100|[from] Grassy Terrain\n|-status|p1a: Gliscor|tox|[from] item: Toxic Orb\n|upkeep\n|turn|3\n|\n|t:|1699721666\n|switch|p1a: Tornadus|Tornadus-Therian, M|100\/100\n|switch|p2a: George-Washington|Rotom-Wash|100\/100\n|\n|upkeep\n|turn|4\n|\n|t:|1699721670\n|move|p1a: Tornadus|Defog|p2a: George-Washington\n|-unboost|p2a: George-Washington|evasion|1\n|-sideend|p1: Danwithnoplan|Stealth Rock|[from] move: Defog|[of] p1a: Tornadus\n|-fieldend|move: Grassy Terrain\n|move|p2a: George-Washington|Volt Switch|p1a: Tornadus\n|-supereffective|p1a: Tornadus\n|-damage|p1a: Tornadus|44\/100\n|\n|t:|1699721676\n|switch|p2a: Golester|Golurk|100\/100|[from] Volt Switch\n|\n|upkeep\n|turn|5\n|\n|t:|1699721680\n|move|p1a: Tornadus|U-turn|p2a: Golester\n|-resisted|p2a: Golester\n|-damage|p2a: Golester|92\/100\n|\n|t:|1699721686\n|switch|p1a: Rillaboom|Rillaboom, M, tera:Grass|100\/100|[from] U-turn\n|-fieldstart|move: Grassy Terrain|[from] ability: Grassy Surge|[of] p1a: Rillaboom\n|move|p2a: Golester|Poltergeist|p1a: Rillaboom\n|-activate|p1a: Rillaboom|move: Poltergeist|Choice Band\n|-damage|p1a: Rillaboom|5\/100\n|\n|-heal|p1a: Rillaboom|12\/100|[from] Grassy Terrain\n|-heal|p2a: Golester|98\/100|[from] Grassy Terrain\n|upkeep\n|turn|6\n|\n|t:|1699721701\n|switch|p2a: George-Washington|Rotom-Wash|100\/100\n|move|p1a: Rillaboom|U-turn|p2a: George-Washington\n|-damage|p2a: George-Washington|71\/100\n|\n|t:|1699721716\n|switch|p1a: Samurott|Samurott-Hisui, F|100\/100|[from] U-turn\n|\n|-heal|p2a: George-Washington|77\/100|[from] item: Leftovers\n|upkeep\n|turn|7\n|\n|t:|1699721723\n|move|p1a: Samurott|Ceaseless Edge|p2a: George-Washington\n|-crit|p2a: George-Washington\n|-damage|p2a: George-Washington|25\/100\n|-sidestart|p2: TestFerroTech|Spikes\n|move|p2a: George-Washington|Volt Switch|p1a: Samurott\n|-supereffective|p1a: Samurott\n|-damage|p1a: Samurott|23\/100\n|\n|t:|1699721731\n|switch|p2a: Rillaboom|Rillaboom, F|100\/100|[from] Volt Switch\n|-damage|p2a: Rillaboom|88\/100|[from] Spikes\n|\n|-heal|p1a: Samurott|29\/100|[from] Grassy Terrain\n|-heal|p2a: Rillaboom|94\/100|[from] Grassy Terrain\n|upkeep\n|turn|8\n|\n|t:|1699721739\n|switch|p1a: Tornadus|Tornadus-Therian, M|77\/100\n|move|p2a: Rillaboom|Knock Off|p1a: Tornadus\n|-damage|p1a: Tornadus|40\/100\n|-enditem|p1a: Tornadus|Heavy-Duty Boots|[from] move: Knock Off|[of] p2a: Rillaboom\n|\n|-heal|p2a: Rillaboom|100\/100|[from] Grassy Terrain\n|upkeep\n|turn|9\n|\n|t:|1699721748\n|switch|p2a: Heatran|Heatran, F|100\/100\n|-damage|p2a: Heatran|88\/100|[from] Spikes\n|move|p1a: Tornadus|U-turn|p2a: Heatran\n|-resisted|p2a: Heatran\n|-damage|p2a: Heatran|85\/100\n|\n|t:|1699721752\n|switch|p1a: Samurott|Samurott-Hisui, F|29\/100|[from] U-turn\n|\n|-heal|p1a: Samurott|36\/100|[from] Grassy Terrain\n|-heal|p2a: Heatran|91\/100|[from] Grassy Terrain\n|-heal|p2a: Heatran|97\/100|[from] item: Leftovers\n|-fieldend|move: Grassy Terrain\n|upkeep\n|turn|10\n|\n|t:|1699721760\n|switch|p2a: Ancient Himothy|Great Tusk|100\/100\n|-damage|p2a: Ancient Himothy|88\/100|[from] Spikes\n|move|p1a: Samurott|Flip Turn|p2a: Ancient Himothy\n|-supereffective|p2a: Ancient Himothy\n|-damage|p2a: Ancient Himothy|49\/100\n|\n|t:|1699721765\n|switch|p1a: Rillaboom|Rillaboom, M, tera:Grass|12\/100|[from] Flip Turn\n|-fieldstart|move: Grassy Terrain|[from] ability: Grassy Surge|[of] p1a: Rillaboom\n|\n|-heal|p2a: Ancient Himothy|55\/100|[from] Grassy Terrain\n|-heal|p1a: Rillaboom|18\/100|[from] Grassy Terrain\n|upkeep\n|turn|11\n|\n|t:|1699721773\n|-end|p2a: Ancient Himothy|Protosynthesis|[silent]\n|switch|p2a: Heatran|Heatran, F|97\/100\n|-damage|p2a: Heatran|85\/100|[from] Spikes\n|move|p1a: Rillaboom|Grassy Glide|p2a: Heatran\n|-resisted|p2a: Heatran\n|-damage|p2a: Heatran|67\/100\n|\n|-heal|p1a: Rillaboom|24\/100|[from] Grassy Terrain\n|-heal|p2a: Heatran|74\/100|[from] Grassy Terrain\n|-heal|p2a: Heatran|80\/100|[from] item: Leftovers\n|upkeep\n|turn|12\n|\n|t:|1699721778\n|switch|p1a: Gliscor|Gliscor, M|100\/100 tox\n|move|p2a: Heatran|Stealth Rock|p1a: Gliscor\n|-sidestart|p1: Danwithnoplan|move: Stealth Rock\n|\n|-heal|p2a: Heatran|86\/100|[from] Grassy Terrain\n|-heal|p2a: Heatran|92\/100|[from] item: Leftovers\n|upkeep\n|turn|13\n|\n|t:|1699721794\n|switch|p2a: George-Washington|Rotom-Wash|25\/100\n|move|p1a: Gliscor|Swords Dance|p1a: Gliscor\n|-boost|p1a: Gliscor|atk|2\n|\n|-heal|p2a: George-Washington|31\/100|[from] item: Leftovers\n|upkeep\n|turn|14\n|\n|t:|1699721799\n|move|p1a: Gliscor|Facade|p2a: George-Washington\n|-damage|p2a: George-Washington|0 fnt\n|faint|p2a: George-Washington\n|\n|-fieldend|move: Grassy Terrain\n|upkeep\n|\n|t:|1699721806\n|switch|p2a: Ancient Himothy|Great Tusk|55\/100\n|-damage|p2a: Ancient Himothy|43\/100|[from] Spikes\n|turn|15\n|\n|t:|1699721811\n|move|p2a: Ancient Himothy|Ice Spinner|p1a: Gliscor\n|-supereffective|p1a: Gliscor\n|-damage|p1a: Gliscor|11\/100 tox\n|move|p1a: Gliscor|Earthquake|p2a: Ancient Himothy\n|-damage|p2a: Ancient Himothy|0 fnt\n|faint|p2a: Ancient Himothy\n|-end|p2a: Ancient Himothy|Protosynthesis|[silent]\n|\n|-heal|p1a: Gliscor|23\/100 tox|[from] ability: Poison Heal\n|upkeep\n|\n|t:|1699721819\n|switch|p2a: The Grass Mass|Ogerpon-Cornerstone, F|100\/100\n|-damage|p2a: The Grass Mass|88\/100|[from] Spikes\n|turn|16\n|\n|t:|1699721823\n|move|p2a: The Grass Mass|Horn Leech|p1a: Gliscor\n|-damage|p1a: Gliscor|0 fnt\n|-heal|p2a: The Grass Mass|100\/100|[from] drain|[of] p1a: Gliscor\n|faint|p1a: Gliscor\n|\n|upkeep\n|\n|t:|1699721829\n|switch|p1a: Rillaboom|Rillaboom, M, tera:Grass|24\/100\n|-damage|p1a: Rillaboom|12\/100|[from] Stealth Rock\n|-fieldstart|move: Grassy Terrain|[from] ability: Grassy Surge|[of] p1a: Rillaboom\n|turn|17\n|\n|t:|1699721834\n|move|p1a: Rillaboom|Grassy Glide|p2a: The Grass Mass\n|-ability|p2a: The Grass Mass|Sturdy\n|-damage|p2a: The Grass Mass|1\/100\n|move|p2a: The Grass Mass|Ivy Cudgel|p1a: Rillaboom\n|-damage|p1a: Rillaboom|0 fnt\n|faint|p1a: Rillaboom\n|\n|-heal|p2a: The Grass Mass|7\/100|[from] Grassy Terrain\n|upkeep\n|\n|t:|1699721842\n|switch|p1a: Samurott|Samurott-Hisui, F|36\/100\n|-damage|p1a: Samurott|23\/100|[from] Stealth Rock\n|turn|18\n|\n|t:|1699721845\n|move|p1a: Samurott|Ceaseless Edge|p2a: The Grass Mass\n|-damage|p2a: The Grass Mass|0 fnt\n|-sidestart|p2: TestFerroTech|Spikes\n|faint|p2a: The Grass Mass\n|\n|-heal|p1a: Samurott|29\/100|[from] Grassy Terrain\n|upkeep\n|\n|t:|1699721849\n|switch|p2a: Rillaboom|Rillaboom, F|100\/100\n|-damage|p2a: Rillaboom|84\/100|[from] Spikes\n|turn|19\n|\n|t:|1699721854\n|switch|p1a: Heatran|Heatran, M|100\/100\n|-damage|p1a: Heatran|88\/100|[from] Stealth Rock\n|move|p2a: Rillaboom|Knock Off|p1a: Heatran\n|-damage|p1a: Heatran|60\/100\n|-enditem|p1a: Heatran|Leftovers|[from] move: Knock Off|[of] p2a: Rillaboom\n|\n|-heal|p2a: Rillaboom|90\/100|[from] Grassy Terrain\n|-heal|p1a: Heatran|66\/100|[from] Grassy Terrain\n|upkeep\n|turn|20\n|\n|t:|1699721859\n|move|p2a: Rillaboom|Superpower|p1a: Heatran\n|-supereffective|p1a: Heatran\n|-damage|p1a: Heatran|0 fnt\n|-unboost|p2a: Rillaboom|atk|1\n|-unboost|p2a: Rillaboom|def|1\n|faint|p1a: Heatran\n|\n|-heal|p2a: Rillaboom|96\/100|[from] Grassy Terrain\n|upkeep\n|\n|t:|1699721863\n|switch|p1a: Tornadus|Tornadus-Therian, M|73\/100\n|-damage|p1a: Tornadus|49\/100|[from] Stealth Rock\n|turn|21\n|\n|t:|1699721868\n|switch|p2a: Heatran|Heatran, F|92\/100\n|-damage|p2a: Heatran|76\/100|[from] Spikes\n|move|p1a: Tornadus|Hurricane|p2a: Heatran|[miss]\n|-miss|p1a: Tornadus|p2a: Heatran\n|\n|-heal|p2a: Heatran|82\/100|[from] Grassy Terrain\n|-heal|p2a: Heatran|88\/100|[from] item: Leftovers\n|-fieldend|move: Grassy Terrain\n|upkeep\n|turn|22\n|\n|t:|1699721873\n|move|p1a: Tornadus|Knock Off|p2a: Heatran\n|-damage|p2a: Heatran|70\/100\n|-enditem|p2a: Heatran|Leftovers|[from] move: Knock Off|[of] p1a: Tornadus\n|move|p2a: Heatran|Earth Power|p1a: Tornadus\n|-immune|p1a: Tornadus\n|\n|upkeep\n|turn|23\n|\n|t:|1699721881\n|move|p1a: Tornadus|U-turn|p2a: Heatran\n|-resisted|p2a: Heatran\n|-damage|p2a: Heatran|67\/100\n|\n|t:|1699721884\n|switch|p1a: Samurott|Samurott-Hisui, F|29\/100|[from] U-turn\n|-damage|p1a: Samurott|17\/100|[from] Stealth Rock\n|move|p2a: Heatran|Magma Storm|p1a: Samurott|[miss]\n|-miss|p2a: Heatran|p1a: Samurott\n|\n|upkeep\n|turn|24\n|\n|t:|1699721897\n|switch|p2a: Rillaboom|Rillaboom, F|96\/100\n|-damage|p2a: Rillaboom|80\/100|[from] Spikes\n|-fieldstart|move: Grassy Terrain|[from] ability: Grassy Surge|[of] p2a: Rillaboom\n|move|p1a: Samurott|Ceaseless Edge|p2a: Rillaboom\n|-damage|p2a: Rillaboom|31\/100\n|-sidestart|p2: TestFerroTech|Spikes\n|\n|-heal|p1a: Samurott|23\/100|[from] Grassy Terrain\n|-heal|p2a: Rillaboom|37\/100|[from] Grassy Terrain\n|upkeep\n|turn|25\n|\n|t:|1699721911\n|-terastallize|p2a: Rillaboom|Grass\n|move|p2a: Rillaboom|Grassy Glide|p1a: Samurott\n|-supereffective|p1a: Samurott\n|-damage|p1a: Samurott|0 fnt\n|faint|p1a: Samurott\n|\n|-heal|p2a: Rillaboom|43\/100|[from] Grassy Terrain\n|upkeep\n|\n|t:|1699721921\n|switch|p1a: Tornadus|Tornadus-Therian, M|82\/100\n|-damage|p1a: Tornadus|57\/100|[from] Stealth Rock\n|turn|26\n|\n|t:|1699721929\n|switch|p2a: Heatran|Heatran, F|67\/100\n|-damage|p2a: Heatran|42\/100|[from] Spikes\n|move|p1a: Tornadus|Hurricane|p2a: Heatran\n|-resisted|p2a: Heatran\n|-damage|p2a: Heatran|29\/100\n|-start|p2a: Heatran|confusion\n|\n|-heal|p2a: Heatran|35\/100|[from] Grassy Terrain\n|upkeep\n|turn|27\n|\n|t:|1699721933\n|move|p1a: Tornadus|U-turn|p2a: Heatran\n|-resisted|p2a: Heatran\n|-damage|p2a: Heatran|32\/100\n|\n|t:|1699721935\n|switch|p1a: Diancie|Diancie|100\/100|[from] U-turn\n|-damage|p1a: Diancie|88\/100|[from] Stealth Rock\n|-activate|p2a: Heatran|confusion\n|-damage|p2a: Heatran|26\/100|[from] confusion\n|\n|-heal|p1a: Diancie|94\/100|[from] Grassy Terrain\n|-heal|p2a: Heatran|32\/100|[from] Grassy Terrain\n|upkeep\n|turn|28\n|\n|t:|1699721952\n|detailschange|p1a: Diancie|Diancie-Mega\n|-mega|p1a: Diancie|Diancie|Diancite\n|move|p1a: Diancie|Diamond Storm|p2a: Heatran\n|-damage|p2a: Heatran|0 fnt\n|-boost|p1a: Diancie|def|2\n|faint|p2a: Heatran\n|\n|-heal|p1a: Diancie|100\/100|[from] Grassy Terrain\n|-fieldend|move: Grassy Terrain\n|upkeep\n|\n|t:|1699721959\n|switch|p2a: Rillaboom|Rillaboom, F, tera:Grass|43\/100\n|-damage|p2a: Rillaboom|18\/100|[from] Spikes\n|-fieldstart|move: Grassy Terrain|[from] ability: Grassy Surge|[of] p2a: Rillaboom\n|turn|29\n|\n|t:|1699721969\n|move|p2a: Rillaboom|Grassy Glide|p1a: Diancie\n|-supereffective|p1a: Diancie\n|-damage|p1a: Diancie|34\/100\n|move|p1a: Diancie|Moonblast|p2a: Rillaboom\n|-damage|p2a: Rillaboom|0 fnt\n|faint|p2a: Rillaboom\n|\n|-heal|p1a: Diancie|40\/100|[from] Grassy Terrain\n|upkeep\n|\n|t:|1699721972\n|switch|p2a: Golester|Golurk|98\/100\n|-damage|p2a: Golester|73\/100|[from] Spikes\n|turn|30\n|\n|t:|1699721981\n|move|p1a: Diancie|Moonblast|p2a: Golester\n|-damage|p2a: Golester|0 fnt\n|faint|p2a: Golester\n|\n|win|Danwithnoplan\n|raw|Danwithnoplan's rating: 1513 &rarr; <strong>1535<\/strong><br \/>(+22 for winning)\n|raw|TestFerroTech's rating: 1549 &rarr; <strong>1527<\/strong><br \/>(-22 for losing)\n|l|\u2606TestFerroTech\n","uploadtime":1699721995,"views":4,"p1id":"danwithnoplan","p2id":"testferrotech","formatid":"gen9nationaldex","rating":1527,"private":0,"password":""}