{"id":"gen9nationaldex-1989718222","p1":"crack10","p2":"Am I leeroy?","format":"[Gen 9] National Dex","log":"|j|\u2606crack10\n|j|\u2606Am I leeroy?\n|t:|1699889740\n|gametype|singles\n|player|p1|crack10|102|1391\n|player|p2|Am I leeroy?|pokemaniac|1336\n|teamsize|p1|6\n|teamsize|p2|6\n|gen|9\n|tier|[Gen 9] National Dex\n|rated|\n|rule|HP Percentage Mod: HP is shown in percentages\n|rule|Endless Battle Clause: Forcing endless battles is banned\n|rule|OHKO Clause: OHKO moves are banned\n|rule|Evasion Clause: Evasion abilities, items, and moves are banned\n|rule|Evasion Abilities Clause: Evasion abilities are banned\n|rule|Evasion Items Clause: Evasion items are banned\n|rule|Evasion Moves Clause: Evasion moves are banned\n|rule|Species Clause: Limit one of each Pok\u00e9mon\n|rule|Sleep Clause Mod: Limit one foe put to sleep\n|clearpoke\n|poke|p1|Chandelure, M|\n|poke|p1|Hawlucha, M|\n|poke|p1|Garchomp, M|\n|poke|p1|Tapu Koko|\n|poke|p1|Moltres-Galar|\n|poke|p1|Scizor, F|\n|poke|p2|Nidoking, M|\n|poke|p2|Ferrothorn, M|\n|poke|p2|Tapu Koko|\n|poke|p2|Rillaboom, F|\n|poke|p2|Moltres|\n|poke|p2|Gyarados, M|\n|teampreview\n|inactive|Battle timer is ON: inactive players will automatically lose when time's up. (requested by Am I leeroy?)\n|\n|t:|1699889750\n|start\n|switch|p1a: Tapu Koko|Tapu Koko|100\/100\n|switch|p2a: Ferrothorn|Ferrothorn, M|100\/100\n|-fieldstart|move: Electric Terrain|[from] ability: Electric Surge|[of] p1a: Tapu Koko\n|turn|1\n|\n|t:|1699889756\n|move|p1a: Tapu Koko|Volt Switch|p2a: Ferrothorn\n|-resisted|p2a: Ferrothorn\n|-damage|p2a: Ferrothorn|77\/100\n|\n|t:|1699889759\n|switch|p1a: Chandelure|Chandelure, M|100\/100|[from] Volt Switch\n|move|p2a: Ferrothorn|Stealth Rock|p1a: Chandelure\n|-sidestart|p1: crack10|move: Stealth Rock\n|\n|upkeep\n|turn|2\n|\n|t:|1699889763\n|switch|p2a: Moltres|Moltres|100\/100\n|move|p1a: Chandelure|Trick|p2a: Moltres\n|-activate|p1a: Chandelure|move: Trick|[of] p2a: Moltres\n|-item|p2a: Moltres|Choice Scarf|[from] move: Trick\n|-item|p1a: Chandelure|Heavy-Duty Boots|[from] move: Trick\n|\n|upkeep\n|turn|3\n|\n|t:|1699889773\n|move|p2a: Moltres|Flamethrower|p1a: Chandelure\n|-start|p1a: Chandelure|ability: Flash Fire\n|move|p1a: Chandelure|Shadow Ball|p2a: Moltres\n|-damage|p2a: Moltres|65\/100\n|\n|upkeep\n|turn|4\n|\n|t:|1699889783\n|switch|p2a: Ferrothorn|Ferrothorn, M|77\/100\n|move|p1a: Chandelure|Trick|p2a: Ferrothorn\n|-activate|p1a: Chandelure|move: Trick|[of] p2a: Ferrothorn\n|-item|p2a: Ferrothorn|Heavy-Duty Boots|[from] move: Trick\n|-item|p1a: Chandelure|Rocky Helmet|[from] move: Trick\n|\n|upkeep\n|turn|5\n|\n|t:|1699889791\n|move|p1a: Chandelure|Flamethrower|p2a: Ferrothorn\n|-supereffective|p2a: Ferrothorn\n|-damage|p2a: Ferrothorn|0 fnt\n|faint|p2a: Ferrothorn\n|\n|-fieldend|move: Electric Terrain\n|upkeep\n|\n|t:|1699889802\n|switch|p2a: Nidoking|Nidoking, M|100\/100\n|turn|6\n|\n|t:|1699889809\n|move|p2a: Nidoking|Sludge Wave|p1a: Chandelure\n|-resisted|p1a: Chandelure\n|-damage|p1a: Chandelure|56\/100\n|move|p1a: Chandelure|Shadow Ball|p2a: Nidoking\n|-damage|p2a: Nidoking|31\/100\n|\n|upkeep\n|turn|7\n|\n|t:|1699889815\n|move|p2a: Nidoking|Earth Power|p1a: Chandelure\n|-supereffective|p1a: Chandelure\n|-crit|p1a: Chandelure\n|-damage|p1a: Chandelure|0 fnt\n|faint|p1a: Chandelure\n|\n|upkeep\n|\n|t:|1699889820\n|switch|p1a: Moltres|Moltres-Galar|100\/100\n|-damage|p1a: Moltres|76\/100|[from] Stealth Rock\n|turn|8\n|\n|t:|1699889825\n|move|p1a: Moltres|Fiery Wrath|p2a: Nidoking\n|-damage|p2a: Nidoking|0 fnt\n|faint|p2a: Nidoking\n|\n|upkeep\n|\n|t:|1699889831\n|switch|p2a: Tapu Koko|Tapu Koko|100\/100\n|-fieldstart|move: Electric Terrain|[from] ability: Electric Surge|[of] p2a: Tapu Koko\n|turn|9\n|\n|t:|1699889845\n|switch|p1a: Scizor|Scizor, F|100\/100\n|-damage|p1a: Scizor|88\/100|[from] Stealth Rock\n|move|p2a: Tapu Koko|Volt Switch|p1a: Scizor\n|-damage|p1a: Scizor|34\/100\n|\n|t:|1699889850\n|switch|p2a: Moltres|Moltres|65\/100|[from] Volt Switch\n|\n|upkeep\n|turn|10\n|\n|t:|1699889866\n|detailschange|p1a: Scizor|Scizor-Mega, F\n|-mega|p1a: Scizor|Scizor|Scizorite\n|move|p1a: Scizor|Bullet Punch|p2a: Moltres\n|-resisted|p2a: Moltres\n|-damage|p2a: Moltres|44\/100\n|move|p2a: Moltres|Flamethrower|p1a: Scizor\n|-supereffective|p1a: Scizor\n|-damage|p1a: Scizor|0 fnt\n|faint|p1a: Scizor\n|\n|upkeep\n|\n|t:|1699889872\n|switch|p1a: Hawlucha|Hawlucha, M|100\/100\n|-damage|p1a: Hawlucha|88\/100|[from] Stealth Rock\n|-enditem|p1a: Hawlucha|Electric Seed\n|-boost|p1a: Hawlucha|def|1|[from] item: Electric Seed\n|turn|11\n|\n|t:|1699889875\n|move|p1a: Hawlucha|Acrobatics|p2a: Moltres\n|-damage|p2a: Moltres|0 fnt\n|faint|p2a: Moltres\n|\n|upkeep\n|\n|t:|1699889879\n|switch|p2a: Tapu Koko|Tapu Koko|100\/100\n|turn|12\n|\n|t:|1699889884\n|-terastallize|p1a: Hawlucha|Fighting\n|move|p1a: Hawlucha|Close Combat|p2a: Tapu Koko\n|-resisted|p2a: Tapu Koko\n|-damage|p2a: Tapu Koko|46\/100\n|-unboost|p1a: Hawlucha|def|1\n|-unboost|p1a: Hawlucha|spd|1\n|move|p2a: Tapu Koko|Dazzling Gleam|p1a: Hawlucha\n|-supereffective|p1a: Hawlucha\n|-damage|p1a: Hawlucha|0 fnt\n|faint|p1a: Hawlucha\n|\n|-heal|p2a: Tapu Koko|52\/100|[from] item: Leftovers\n|upkeep\n|\n|t:|1699889893\n|switch|p1a: Tapu Koko|Tapu Koko|100\/100\n|-damage|p1a: Tapu Koko|88\/100|[from] Stealth Rock\n|turn|13\n|\n|t:|1699889895\n|move|p1a: Tapu Koko|Volt Switch|p2a: Tapu Koko\n|-resisted|p2a: Tapu Koko\n|-damage|p2a: Tapu Koko|7\/100\n|\n|t:|1699889904\n|switch|p1a: Garchomp|Garchomp, M|100\/100|[from] Volt Switch\n|-damage|p1a: Garchomp|94\/100|[from] Stealth Rock\n|move|p2a: Tapu Koko|Roost|p2a: Tapu Koko\n|-heal|p2a: Tapu Koko|57\/100\n|-singleturn|p2a: Tapu Koko|move: Roost\n|\n|-heal|p2a: Tapu Koko|63\/100|[from] item: Leftovers\n|-fieldend|move: Electric Terrain\n|upkeep\n|turn|14\n|\n|t:|1699889909\n|switch|p2a: Gyarados|Gyarados, M|100\/100\n|-ability|p2a: Gyarados|Intimidate|boost\n|-unboost|p1a: Garchomp|atk|1\n|move|p1a: Garchomp|Earthquake|p2a: Gyarados\n|-immune|p2a: Gyarados\n|\n|upkeep\n|turn|15\n|\n|t:|1699889914\n|switch|p1a: Tapu Koko|Tapu Koko|88\/100\n|-damage|p1a: Tapu Koko|76\/100|[from] Stealth Rock\n|-fieldstart|move: Electric Terrain|[from] ability: Electric Surge|[of] p1a: Tapu Koko\n|move|p2a: Gyarados|Dragon Dance|p2a: Gyarados\n|-boost|p2a: Gyarados|atk|1\n|-boost|p2a: Gyarados|spe|1\n|\n|upkeep\n|turn|16\n|\n|t:|1699889917\n|detailschange|p2a: Gyarados|Gyarados-Mega, M\n|-mega|p2a: Gyarados|Gyarados|Gyaradosite\n|-ability|p2a: Gyarados|Mold Breaker\n|move|p1a: Tapu Koko|Volt Switch|p2a: Gyarados\n|-supereffective|p2a: Gyarados\n|-damage|p2a: Gyarados|0 fnt\n|faint|p2a: Gyarados\n|\n|t:|1699889923\n|switch|p1a: Moltres|Moltres-Galar|76\/100|[from] Volt Switch\n|-damage|p1a: Moltres|51\/100|[from] Stealth Rock\n|\n|upkeep\n|\n|t:|1699889925\n|switch|p2a: Tapu Koko|Tapu Koko|63\/100\n|turn|17\n|\n|t:|1699889939\n|move|p2a: Tapu Koko|Dazzling Gleam|p1a: Moltres\n|-supereffective|p1a: Moltres\n|-damage|p1a: Moltres|0 fnt\n|faint|p1a: Moltres\n|\n|-heal|p2a: Tapu Koko|70\/100|[from] item: Leftovers\n|upkeep\n|\n|t:|1699889943\n|switch|p1a: Tapu Koko|Tapu Koko|76\/100\n|-damage|p1a: Tapu Koko|63\/100|[from] Stealth Rock\n|turn|18\n|\n|t:|1699889946\n|move|p1a: Tapu Koko|Dazzling Gleam|p2a: Tapu Koko\n|-crit|p2a: Tapu Koko\n|-damage|p2a: Tapu Koko|0 fnt\n|faint|p2a: Tapu Koko\n|\n|upkeep\n|c|\u2606Am I leeroy?|Damn\n|c|\u2606Am I leeroy?|Ok man\n|\n|t:|1699889956\n|switch|p2a: Rillaboom|Rillaboom, F|100\/100\n|-fieldstart|move: Grassy Terrain|[from] ability: Grassy Surge|[of] p2a: Rillaboom\n|turn|19\n|\n|t:|1699889963\n|-terastallize|p2a: Rillaboom|Grass\n|move|p2a: Rillaboom|Grassy Glide|p1a: Tapu Koko\n|-damage|p1a: Tapu Koko|0 fnt\n|faint|p1a: Tapu Koko\n|\n|upkeep\n|\n|t:|1699889967\n|switch|p1a: Garchomp|Garchomp, M|94\/100\n|-damage|p1a: Garchomp|88\/100|[from] Stealth Rock\n|turn|20\n|\n|t:|1699889970\n|move|p2a: Rillaboom|Grassy Glide|p1a: Garchomp\n|-damage|p1a: Garchomp|14\/100\n|-damage|p2a: Rillaboom|88\/100|[from] ability: Rough Skin|[of] p1a: Garchomp\n|move|p1a: Garchomp|Fire Fang|p2a: Rillaboom\n|-supereffective|p2a: Rillaboom\n|-damage|p2a: Rillaboom|42\/100\n|\n|-heal|p1a: Garchomp|20\/100|[from] Grassy Terrain\n|-heal|p2a: Rillaboom|48\/100|[from] Grassy Terrain\n|upkeep\n|turn|21\n|c|\u2606Am I leeroy?|With all this hax and you still lose\n|c|\u2606Am I leeroy?|You really suck ass at the game huh\n|\n|t:|1699889988\n|move|p2a: Rillaboom|Grassy Glide|p1a: Garchomp\n|-damage|p1a: Garchomp|0 fnt\n|-damage|p2a: Rillaboom|36\/100|[from] ability: Rough Skin|[of] p1a: Garchomp\n|faint|p1a: Garchomp\n|\n|win|Am I leeroy?\n|raw|crack10's rating: 1391 &rarr; <strong>1368<\/strong><br \/>(-23 for losing)\n|raw|Am I leeroy?'s rating: 1336 &rarr; <strong>1359<\/strong><br \/>(+23 for winning)\n","uploadtime":1699889986,"views":9,"p1id":"crack10","p2id":"amileeroy","formatid":"gen9nationaldex","rating":1359,"private":0,"password":""}