{"id":"gen9nationaldex-1989142931","p1":"Alessio0805","p2":"Natsuuw","format":"[Gen 9] National Dex","log":"|j|\u2606Alessio0805\n|j|\u2606Natsuuw\n|t:|1699816805\n|gametype|singles\n|player|p1|Alessio0805|1|\n|player|p2|Natsuuw|wallace|\n|teamsize|p1|6\n|teamsize|p2|6\n|gen|9\n|tier|[Gen 9] National Dex\n|rule|HP Percentage Mod: HP is shown in percentages\n|rule|Endless Battle Clause: Forcing endless battles is banned\n|rule|OHKO Clause: OHKO moves are banned\n|rule|Evasion Clause: Evasion abilities, items, and moves are banned\n|rule|Evasion Abilities Clause: Evasion abilities are banned\n|rule|Evasion Items Clause: Evasion items are banned\n|rule|Evasion Moves Clause: Evasion moves are banned\n|rule|Species Clause: Limit one of each Pok\u00e9mon\n|rule|Sleep Clause Mod: Limit one foe put to sleep\n|clearpoke\n|poke|p1|Tapu Koko|\n|poke|p1|Iron Valiant|\n|poke|p1|Hawlucha, M|\n|poke|p1|Iron Moth|\n|poke|p1|Landorus-Therian, M|\n|poke|p1|Scizor, F|\n|poke|p2|Jirachi|\n|poke|p2|Garchomp, M|\n|poke|p2|Tapu Koko|\n|poke|p2|Sneasler, F|\n|poke|p2|Cloyster, M|\n|poke|p2|Volcarona, F|\n|teampreview\n|inactive|Battle timer is ON: inactive players will automatically lose when time's up. (requested by Natsuuw)\n|inactive|Natsuuw has 270 seconds left.\n|\n|t:|1699816838\n|start\n|switch|p1a: Iron Valiant|Iron Valiant|100\/100\n|switch|p2a: VIRGIL|Volcarona, F|100\/100\n|turn|1\n|\n|t:|1699816849\n|move|p1a: Iron Valiant|Psyshock|p2a: VIRGIL\n|-damage|p2a: VIRGIL|45\/100\n|-damage|p1a: Iron Valiant|91\/100|[from] item: Life Orb\n|move|p2a: VIRGIL|Quiver Dance|p2a: VIRGIL\n|-boost|p2a: VIRGIL|spa|1\n|-boost|p2a: VIRGIL|spd|1\n|-boost|p2a: VIRGIL|spe|1\n|\n|upkeep\n|turn|2\n|\n|t:|1699816865\n|-end|p1a: Iron Valiant|Quark Drive|[silent]\n|switch|p1a: Landorus|Landorus-Therian, M|100\/100\n|-ability|p1a: Landorus|Intimidate|boost\n|-unboost|p2a: VIRGIL|atk|1\n|move|p2a: VIRGIL|Flamethrower|p1a: Landorus\n|-damage|p1a: Landorus|18\/100\n|-enditem|p1a: Landorus|Eject Button\n|\n|t:|1699816871\n|switch|p1a: Tapu Koko|Tapu Koko|100\/100\n|-fieldstart|move: Electric Terrain|[from] ability: Electric Surge|[of] p1a: Tapu Koko\n|\n|upkeep\n|turn|3\n|\n|t:|1699816880\n|move|p2a: VIRGIL|Flamethrower|p1a: Tapu Koko\n|-damage|p1a: Tapu Koko|0 fnt\n|faint|p1a: Tapu Koko\n|\n|upkeep\n|\n|t:|1699816883\n|switch|p1a: Hawlucha|Hawlucha, M|100\/100\n|-enditem|p1a: Hawlucha|Electric Seed\n|-boost|p1a: Hawlucha|def|1|[from] item: Electric Seed\n|turn|4\n|\n|t:|1699816893\n|move|p1a: Hawlucha|Acrobatics|p2a: VIRGIL\n|-supereffective|p2a: VIRGIL\n|-damage|p2a: VIRGIL|0 fnt\n|faint|p2a: VIRGIL\n|\n|upkeep\n|\n|t:|1699816900\n|switch|p2a: Mob Boss Cloy.|Cloyster, M, shiny|100\/100\n|turn|5\n|\n|t:|1699816926\n|-terastallize|p1a: Hawlucha|Steel\n|move|p1a: Hawlucha|Swords Dance|p1a: Hawlucha\n|-boost|p1a: Hawlucha|atk|2\n|move|p2a: Mob Boss Cloy.|Icicle Spear|p1a: Hawlucha\n|-resisted|p1a: Hawlucha\n|-damage|p1a: Hawlucha|96\/100\n|-resisted|p1a: Hawlucha\n|-damage|p1a: Hawlucha|91\/100\n|-resisted|p1a: Hawlucha\n|-damage|p1a: Hawlucha|86\/100\n|-resisted|p1a: Hawlucha\n|-damage|p1a: Hawlucha|82\/100\n|-resisted|p1a: Hawlucha\n|-damage|p1a: Hawlucha|77\/100\n|-hitcount|p1a: Hawlucha|5\n|\n|upkeep\n|turn|6\n|\n|t:|1699816942\n|move|p1a: Hawlucha|Close Combat|p2a: Mob Boss Cloy.\n|-supereffective|p2a: Mob Boss Cloy.\n|-enditem|p2a: Mob Boss Cloy.|Focus Sash\n|-damage|p2a: Mob Boss Cloy.|1\/100\n|-unboost|p1a: Hawlucha|def|1\n|-unboost|p1a: Hawlucha|spd|1\n|move|p2a: Mob Boss Cloy.|Icicle Spear|p1a: Hawlucha\n|-resisted|p1a: Hawlucha\n|-damage|p1a: Hawlucha|70\/100\n|-resisted|p1a: Hawlucha\n|-damage|p1a: Hawlucha|63\/100\n|-resisted|p1a: Hawlucha\n|-damage|p1a: Hawlucha|56\/100\n|-resisted|p1a: Hawlucha\n|-damage|p1a: Hawlucha|49\/100\n|-resisted|p1a: Hawlucha\n|-damage|p1a: Hawlucha|42\/100\n|-hitcount|p1a: Hawlucha|5\n|\n|upkeep\n|turn|7\n|\n|t:|1699816951\n|move|p1a: Hawlucha|Acrobatics|p2a: Mob Boss Cloy.\n|-damage|p2a: Mob Boss Cloy.|0 fnt\n|faint|p2a: Mob Boss Cloy.\n|\n|upkeep\n|\n|t:|1699816954\n|switch|p2a: Sneasler|Sneasler, F|100\/100\n|-enditem|p2a: Sneasler|Electric Seed\n|-boost|p2a: Sneasler|def|1|[from] item: Electric Seed\n|turn|8\n|\n|t:|1699816959\n|move|p2a: Sneasler|Close Combat|p1a: Hawlucha\n|-supereffective|p1a: Hawlucha\n|-damage|p1a: Hawlucha|0 fnt\n|-unboost|p2a: Sneasler|def|1\n|-unboost|p2a: Sneasler|spd|1\n|faint|p1a: Hawlucha\n|\n|upkeep\n|\n|t:|1699816968\n|switch|p1a: Scizor|Scizor, F|100\/100\n|turn|9\n|\n|t:|1699816978\n|detailschange|p1a: Scizor|Scizor-Mega, F\n|-mega|p1a: Scizor|Scizor|Scizorite\n|move|p2a: Sneasler|Swords Dance|p2a: Sneasler\n|-boost|p2a: Sneasler|atk|2\n|move|p1a: Scizor|Swords Dance|p1a: Scizor\n|-boost|p1a: Scizor|atk|2\n|\n|-fieldend|move: Electric Terrain\n|upkeep\n|turn|10\n|\n|t:|1699816985\n|move|p1a: Scizor|Bullet Punch|p2a: Sneasler\n|-damage|p2a: Sneasler|0 fnt\n|faint|p2a: Sneasler\n|\n|upkeep\n|\n|t:|1699816991\n|switch|p2a: King Slime|Tapu Koko|100\/100\n|-fieldstart|move: Electric Terrain|[from] ability: Electric Surge|[of] p2a: King Slime\n|turn|11\n|\n|t:|1699816995\n|move|p1a: Scizor|Bullet Punch|p2a: King Slime\n|-damage|p2a: King Slime|17\/100\n|move|p2a: King Slime|Reflect|p2a: King Slime\n|-sidestart|p2: Natsuuw|Reflect\n|\n|upkeep\n|turn|12\n|\n|t:|1699817000\n|move|p2a: King Slime|Taunt|p1a: Scizor\n|-start|p1a: Scizor|move: Taunt\n|cant|p1a: Scizor|move: Taunt|Swords Dance\n|\n|upkeep\n|turn|13\n|\n|t:|1699817003\n|move|p2a: King Slime|Light Screen|p2a: King Slime\n|-sidestart|p2: Natsuuw|move: Light Screen\n|move|p1a: Scizor|Trailblaze|p2a: King Slime\n|-damage|p2a: King Slime|0 fnt\n|-boost|p1a: Scizor|spe|1\n|faint|p2a: King Slime\n|\n|upkeep\n|\n|t:|1699817025\n|switch|p2a: TERRAFIN|Garchomp, M|100\/100\n|turn|14\n|\n|t:|1699817033\n|detailschange|p2a: TERRAFIN|Garchomp-Mega, M\n|-mega|p2a: TERRAFIN|Garchomp|Garchompite\n|move|p1a: Scizor|Close Combat|p2a: TERRAFIN\n|-damage|p2a: TERRAFIN|56\/100\n|-unboost|p1a: Scizor|def|1\n|-unboost|p1a: Scizor|spd|1\n|move|p2a: TERRAFIN|Swords Dance|p2a: TERRAFIN\n|-boost|p2a: TERRAFIN|atk|2\n|\n|-end|p1a: Scizor|move: Taunt\n|upkeep\n|turn|15\n|\n|t:|1699817046\n|move|p1a: Scizor|Close Combat|p2a: TERRAFIN\n|-damage|p2a: TERRAFIN|16\/100\n|-unboost|p1a: Scizor|def|1\n|-unboost|p1a: Scizor|spd|1\n|move|p2a: TERRAFIN|Substitute|p2a: TERRAFIN\n|-fail|p2a: TERRAFIN|move: Substitute|[weak]\n|\n|-fieldend|move: Electric Terrain\n|upkeep\n|turn|16\n|\n|t:|1699817050\n|move|p1a: Scizor|Close Combat|p2a: TERRAFIN\n|-damage|p2a: TERRAFIN|0 fnt\n|-unboost|p1a: Scizor|def|1\n|-unboost|p1a: Scizor|spd|1\n|faint|p2a: TERRAFIN\n|\n|upkeep\n|\n|t:|1699817053\n|switch|p2a: Rachi Mane|Jirachi, shiny|100\/100\n|turn|17\n|\n|t:|1699817057\n|move|p1a: Scizor|Close Combat|p2a: Rachi Mane\n|-damage|p2a: Rachi Mane|48\/100\n|-unboost|p1a: Scizor|def|1\n|-unboost|p1a: Scizor|spd|1\n|-zpower|p2a: Rachi Mane\n|move|p2a: Rachi Mane|Z-Happy Hour|p2a: Rachi Mane|[anim]Happy Hour\n|-boost|p2a: Rachi Mane|atk|1|[zeffect]\n|-boost|p2a: Rachi Mane|def|1|[zeffect]\n|-boost|p2a: Rachi Mane|spa|1|[zeffect]\n|-boost|p2a: Rachi Mane|spd|1|[zeffect]\n|-boost|p2a: Rachi Mane|spe|1|[zeffect]\n|\n|upkeep\n|turn|18\n|\n|t:|1699817061\n|move|p2a: Rachi Mane|Stored Power|p1a: Scizor\n|-resisted|p1a: Scizor\n|-damage|p1a: Scizor|0 fnt\n|faint|p1a: Scizor\n|\n|-sideend|p2: Natsuuw|Reflect\n|upkeep\n|\n|t:|1699817085\n|switch|p1a: Landorus|Landorus-Therian, M|18\/100\n|-ability|p1a: Landorus|Intimidate|boost\n|-unboost|p2a: Rachi Mane|atk|1\n|turn|19\n|\n|t:|1699817092\n|switch|p1a: Iron Valiant|Iron Valiant|91\/100\n|move|p2a: Rachi Mane|Stored Power|p1a: Iron Valiant\n|-supereffective|p1a: Iron Valiant\n|-damage|p1a: Iron Valiant|0 fnt\n|faint|p1a: Iron Valiant\n|-end|p1a: Iron Valiant|Quark Drive|[silent]\n|\n|upkeep\n|\n|t:|1699817095\n|switch|p1a: Landorus|Landorus-Therian, M|18\/100\n|-ability|p1a: Landorus|Intimidate|boost\n|-unboost|p2a: Rachi Mane|atk|1\n|turn|20\n|\n|t:|1699817098\n|move|p2a: Rachi Mane|Stored Power|p1a: Landorus\n|-damage|p1a: Landorus|0 fnt\n|faint|p1a: Landorus\n|\n|-sideend|p2: Natsuuw|move: Light Screen\n|upkeep\n|\n|t:|1699817099\n|switch|p1a: Iron Moth|Iron Moth|100\/100\n|turn|21\n|\n|t:|1699817104\n|move|p2a: Rachi Mane|Stored Power|p1a: Iron Moth\n|-supereffective|p1a: Iron Moth\n|-damage|p1a: Iron Moth|0 fnt\n|faint|p1a: Iron Moth\n|-end|p1a: Iron Moth|Quark Drive|[silent]\n|\n|win|Natsuuw\n|c|\u2606Natsuuw|gg\n|c|\u2606Alessio0805|xdddd\n","uploadtime":1699817109,"views":38,"p1id":"alessio0805","p2id":"natsuuw","formatid":"gen9nationaldex","rating":0,"private":0,"password":""}