{"id":"gen9nationaldex-1989086484","p1":"ksguh","p2":"GLHF \/\/\/\/\/ GG 1953","format":"[Gen 9] National Dex","log":"|j|\u2606ksguh\n|j|\u2606GLHF \/\/\/\/\/ GG 1953\n|t:|1699810675\n|gametype|singles\n|player|p1|ksguh|265|1000\n|player|p2|GLHF \/\/\/\/\/ GG 1953|plasmagrunt|1052\n|teamsize|p1|6\n|teamsize|p2|6\n|gen|9\n|tier|[Gen 9] National Dex\n|rated|\n|rule|HP Percentage Mod: HP is shown in percentages\n|rule|Endless Battle Clause: Forcing endless battles is banned\n|rule|OHKO Clause: OHKO moves are banned\n|rule|Evasion Clause: Evasion abilities, items, and moves are banned\n|rule|Evasion Abilities Clause: Evasion abilities are banned\n|rule|Evasion Items Clause: Evasion items are banned\n|rule|Evasion Moves Clause: Evasion moves are banned\n|rule|Species Clause: Limit one of each Pok\u00e9mon\n|rule|Sleep Clause Mod: Limit one foe put to sleep\n|clearpoke\n|poke|p1|Cacturne, F|\n|poke|p1|Indeedee, M|\n|poke|p1|Escavalier, F|\n|poke|p1|Tyrantrum, M|\n|poke|p1|Florges-White, F|\n|poke|p1|Raikou|\n|poke|p2|Pyukumuku, F|\n|poke|p2|Ferrothorn, F|\n|poke|p2|Charizard, F|\n|poke|p2|Alomomola, M|\n|poke|p2|Dragonite, M|\n|poke|p2|Rabsca, F|\n|teampreview\n|\n|t:|1699810688\n|start\n|switch|p1a: Raikou|Raikou|100\/100\n|switch|p2a: Ferrothorn|Ferrothorn, F|100\/100\n|-ability|p1a: Raikou|Pressure\n|turn|1\n|inactive|Battle timer is ON: inactive players will automatically lose when time's up. (requested by GLHF \/\/\/\/\/ GG 1953)\n|\n|t:|1699810699\n|move|p1a: Raikou|Volt Switch|p2a: Ferrothorn\n|-resisted|p2a: Ferrothorn\n|-damage|p2a: Ferrothorn|84\/100\n|\n|t:|1699810711\n|switch|p1a: Indeedee|Indeedee, M|100\/100|[from] Volt Switch\n|move|p2a: Ferrothorn|Stealth Rock|p1a: Indeedee\n|-sidestart|p1: ksguh|move: Stealth Rock\n|\n|upkeep\n|turn|2\n|\n|t:|1699810718\n|move|p1a: Indeedee|Mystical Fire|p2a: Ferrothorn\n|-supereffective|p2a: Ferrothorn\n|-damage|p2a: Ferrothorn|3\/100\n|-unboost|p2a: Ferrothorn|spa|1\n|-enditem|p2a: Ferrothorn|Aguav Berry|[eat]\n|-heal|p2a: Ferrothorn|37\/100|[from] item: Aguav Berry\n|move|p2a: Ferrothorn|Spikes|p1a: Indeedee\n|-sidestart|p1: ksguh|Spikes\n|\n|upkeep\n|turn|3\n|\n|t:|1699810727\n|move|p1a: Indeedee|Mystical Fire|p2a: Ferrothorn\n|-supereffective|p2a: Ferrothorn\n|-damage|p2a: Ferrothorn|0 fnt\n|faint|p2a: Ferrothorn\n|\n|upkeep\n|\n|t:|1699810738\n|switch|p2a: Dragonite|Dragonite, M|100\/100\n|turn|4\n|\n|t:|1699810761\n|move|p1a: Indeedee|Psychic|p2a: Dragonite\n|-damage|p2a: Dragonite|84\/100\n|-unboost|p2a: Dragonite|spd|1\n|move|p2a: Dragonite|Whirlpool|p1a: Indeedee|[miss]\n|-miss|p2a: Dragonite|p1a: Indeedee\n|\n|upkeep\n|turn|5\n|\n|t:|1699810774\n|switch|p1a: Raikou|Raikou|100\/100\n|-damage|p1a: Raikou|88\/100|[from] Stealth Rock\n|-damage|p1a: Raikou|76\/100|[from] Spikes\n|-ability|p1a: Raikou|Pressure\n|move|p2a: Dragonite|Whirlpool|p1a: Raikou\n|-damage|p1a: Raikou|67\/100\n|-activate|p1a: Raikou|move: Whirlpool|[of] p2a: Dragonite\n|\n|-damage|p1a: Raikou|51\/100|[from] move: Whirlpool|[partiallytrapped]\n|upkeep\n|turn|6\n|\n|t:|1699810788\n|move|p1a: Raikou|Volt Switch|p2a: Dragonite\n|-damage|p2a: Dragonite|38\/100\n|\n|t:|1699810800\n|switch|p1a: Florges|Florges-White, F|100\/100|[from] Volt Switch\n|-damage|p1a: Florges|88\/100|[from] Stealth Rock\n|-damage|p1a: Florges|76\/100|[from] Spikes\n|move|p2a: Dragonite|Bind|p1a: Florges|[miss]\n|-miss|p2a: Dragonite|p1a: Florges\n|\n|-heal|p1a: Florges|82\/100|[from] item: Leftovers\n|upkeep\n|turn|7\n|\n|t:|1699810812\n|move|p1a: Florges|Moonblast|p2a: Dragonite\n|-supereffective|p2a: Dragonite\n|-damage|p2a: Dragonite|0 fnt\n|faint|p2a: Dragonite\n|\n|-heal|p1a: Florges|88\/100|[from] item: Leftovers\n|upkeep\n|\n|t:|1699810817\n|switch|p2a: Alomomola|Alomomola, M|100\/100\n|turn|8\n|\n|t:|1699810823\n|move|p1a: Florges|Wish|p1a: Florges\n|move|p2a: Alomomola|Knock Off|p1a: Florges\n|-resisted|p1a: Florges\n|-damage|p1a: Florges|81\/100\n|-enditem|p1a: Florges|Leftovers|[from] move: Knock Off|[of] p2a: Alomomola\n|\n|upkeep\n|turn|9\n|\n|t:|1699810833\n|switch|p1a: Raikou|Raikou|51\/100\n|-damage|p1a: Raikou|38\/100|[from] Stealth Rock\n|-damage|p1a: Raikou|26\/100|[from] Spikes\n|-ability|p1a: Raikou|Pressure\n|move|p2a: Alomomola|Wish|p2a: Alomomola\n|\n|-heal|p1a: Raikou|81\/100|[from] move: Wish|[wisher] Florges\n|upkeep\n|turn|10\n|\n|t:|1699810849\n|move|p1a: Raikou|Thunderbolt|p2a: Alomomola\n|-supereffective|p2a: Alomomola\n|-damage|p2a: Alomomola|0 fnt\n|faint|p2a: Alomomola\n|\n|upkeep\n|\n|t:|1699810853\n|switch|p2a: Suicide stall|Pyukumuku, F|100\/100\n|turn|11\n|\n|t:|1699810860\n|move|p1a: Raikou|Thunderbolt|p2a: Suicide stall\n|-supereffective|p2a: Suicide stall\n|-damage|p2a: Suicide stall|3\/100\n|move|p2a: Suicide stall|Toxic|p1a: Raikou\n|-status|p1a: Raikou|tox\n|\n|-damage|p1a: Raikou|75\/100 tox|[from] psn\n|upkeep\n|turn|12\n|\n|t:|1699810867\n|move|p2a: Suicide stall|Protect|p2a: Suicide stall\n|-singleturn|p2a: Suicide stall|Protect\n|move|p1a: Raikou|Thunderbolt|p2a: Suicide stall\n|-activate|p2a: Suicide stall|move: Protect\n|\n|-damage|p1a: Raikou|63\/100 tox|[from] psn\n|upkeep\n|turn|13\n|\n|t:|1699810873\n|move|p1a: Raikou|Thunderbolt|p2a: Suicide stall\n|-supereffective|p2a: Suicide stall\n|-damage|p2a: Suicide stall|0 fnt\n|-damage|p1a: Raikou|60\/100 tox|[from] ability: Innards Out|[of] p2a: Suicide stall\n|faint|p2a: Suicide stall\n|\n|-damage|p1a: Raikou|42\/100 tox|[from] psn\n|upkeep\n|\n|t:|1699810880\n|switch|p2a: Rabsca|Rabsca, F|100\/100\n|turn|14\n|\n|t:|1699810898\n|switch|p1a: Indeedee|Indeedee, M|100\/100\n|-damage|p1a: Indeedee|88\/100|[from] Stealth Rock\n|-damage|p1a: Indeedee|76\/100|[from] Spikes\n|move|p2a: Rabsca|Revival Blessing|p2a: Rabsca\n|-enditem|p2a: Rabsca|Leppa Berry|[eat]\n|-activate|p2a: Rabsca|item: Leppa Berry|Revival Blessing|[consumed]\n|\n|t:|1699810925\n|-heal|p2: Dragonite|50\/100|[from] move: Revival Blessing\n|\n|upkeep\n|turn|15\n|\n|t:|1699810934\n|switch|p2a: Charizard|Charizard, F|100\/100\n|move|p1a: Indeedee|Trick Room|p1a: Indeedee\n|-fieldstart|move: Trick Room|[of] p1a: Indeedee\n|\n|upkeep\n|turn|16\n|\n|t:|1699810944\n|switch|p1a: Tyrantrum|Tyrantrum, M|100\/100\n|-damage|p1a: Tyrantrum|88\/100|[from] Stealth Rock\n|-damage|p1a: Tyrantrum|76\/100|[from] Spikes\n|detailschange|p2a: Charizard|Charizard-Mega-Y, F\n|-mega|p2a: Charizard|Charizard|Charizardite Y\n|-weather|SunnyDay|[from] ability: Drought|[of] p2a: Charizard\n|move|p2a: Charizard|Flamethrower|p1a: Tyrantrum\n|-resisted|p1a: Tyrantrum\n|-damage|p1a: Tyrantrum|40\/100\n|\n|-weather|SunnyDay|[upkeep]\n|upkeep\n|turn|17\n|\n|t:|1699810957\n|switch|p2a: Dragonite|Dragonite, M|50\/100\n|move|p1a: Tyrantrum|Head Smash|p2a: Dragonite\n|-supereffective|p2a: Dragonite\n|-damage|p2a: Dragonite|0 fnt\n|faint|p2a: Dragonite\n|-damage|p1a: Tyrantrum|30\/100|[from] item: Life Orb\n|\n|-weather|SunnyDay|[upkeep]\n|upkeep\n|\n|t:|1699810964\n|switch|p2a: Charizard|Charizard-Mega-Y, F|100\/100\n|turn|18\n|\n|t:|1699810970\n|switch|p2a: Rabsca|Rabsca, F|100\/100\n|move|p1a: Tyrantrum|Head Smash|p2a: Rabsca\n|-supereffective|p2a: Rabsca\n|-damage|p2a: Rabsca|0 fnt\n|faint|p2a: Rabsca\n|-damage|p1a: Tyrantrum|20\/100|[from] item: Life Orb\n|\n|-weather|SunnyDay|[upkeep]\n|upkeep\n|\n|t:|1699810975\n|switch|p2a: Charizard|Charizard-Mega-Y, F|100\/100\n|turn|19\n|\n|t:|1699810980\n|move|p1a: Tyrantrum|Head Smash|p2a: Charizard\n|-supereffective|p2a: Charizard\n|-damage|p2a: Charizard|0 fnt\n|faint|p2a: Charizard\n|-damage|p1a: Tyrantrum|10\/100|[from] item: Life Orb\n|\n|win|ksguh\n|raw|ksguh's rating: 1000 &rarr; <strong>1046<\/strong><br \/>(+46 for winning)\n|raw|GLHF &#x2f;&#x2f;&#x2f;&#x2f;&#x2f; GG 1953's rating: 1052 &rarr; <strong>1032<\/strong><br \/>(-20 for losing)\n|l|\u2606GLHF \/\/\/\/\/ GG 1953\n","uploadtime":1699810994,"views":5,"p1id":"ksguh","p2id":"glhfgg1953","formatid":"gen9nationaldex","rating":1032,"private":0,"password":""}