{"id":"gen9nationaldex-1992010055","p1":"memorylossvictim","p2":"coolmanbestguy123","format":"[Gen 9] National Dex","log":"|j|\u2606memorylossvictim\n|j|\u2606coolmanbestguy123\n|t:|1700147443\n|gametype|singles\n|player|p1|memorylossvictim|nurseryaide|1139\n|player|p2|coolmanbestguy123|diantha|1172\n|teamsize|p1|6\n|teamsize|p2|6\n|gen|9\n|tier|[Gen 9] National Dex\n|rated|\n|rule|HP Percentage Mod: HP is shown in percentages\n|rule|Endless Battle Clause: Forcing endless battles is banned\n|rule|OHKO Clause: OHKO moves are banned\n|rule|Evasion Clause: Evasion abilities, items, and moves are banned\n|rule|Evasion Abilities Clause: Evasion abilities are banned\n|rule|Evasion Items Clause: Evasion items are banned\n|rule|Evasion Moves Clause: Evasion moves are banned\n|rule|Species Clause: Limit one of each Pok\u00e9mon\n|rule|Sleep Clause Mod: Limit one foe put to sleep\n|clearpoke\n|poke|p1|Quagsire, M|\n|poke|p1|Infernape, M|\n|poke|p1|Venusaur, M|\n|poke|p1|Xatu, M|\n|poke|p1|Gliscor, M|\n|poke|p1|Gengar, F|\n|poke|p2|Jirachi|\n|poke|p2|Ninetales-Alola, M|\n|poke|p2|Sneasler, M|\n|poke|p2|Zapdos|\n|poke|p2|Togekiss, F|\n|poke|p2|Lopunny, F|\n|teampreview\n|inactive|Battle timer is ON: inactive players will automatically lose when time's up. (requested by coolmanbestguy123)\n|\n|t:|1700147464\n|start\n|switch|p1a: Gliscor|Gliscor, M|100\/100\n|switch|p2a: WhiteKurama|Ninetales-Alola, M|100\/100\n|-weather|Snow|[from] ability: Snow Warning|[of] p2a: WhiteKurama\n|turn|1\n|\n|t:|1700147471\n|move|p2a: WhiteKurama|Aurora Veil|p2a: WhiteKurama\n|-sidestart|p2: coolmanbestguy123|move: Aurora Veil\n|move|p1a: Gliscor|Stealth Rock|p2a: WhiteKurama\n|-sidestart|p2: coolmanbestguy123|move: Stealth Rock\n|\n|-weather|Snow|[upkeep]\n|-status|p1a: Gliscor|tox|[from] item: Toxic Orb\n|upkeep\n|turn|2\n|\n|t:|1700147485\n|switch|p1a: Xatu|Xatu, M|100\/100\n|move|p2a: WhiteKurama|Safeguard|p2a: WhiteKurama\n|-sidestart|p2: coolmanbestguy123|Safeguard\n|\n|-weather|Snow|[upkeep]\n|upkeep\n|turn|3\n|\n|t:|1700147494\n|switch|p2a: Pain|Togekiss, F|100\/100\n|-damage|p2a: Pain|76\/100|[from] Stealth Rock\n|-terastallize|p1a: Xatu|Psychic\n|move|p1a: Xatu|Cosmic Power|p1a: Xatu\n|-boost|p1a: Xatu|def|1\n|-boost|p1a: Xatu|spd|1\n|\n|-weather|Snow|[upkeep]\n|-heal|p2a: Pain|82\/100|[from] item: Leftovers\n|upkeep\n|turn|4\n|\n|t:|1700147504\n|move|p1a: Xatu|Cosmic Power|p1a: Xatu\n|-boost|p1a: Xatu|def|1\n|-boost|p1a: Xatu|spd|1\n|move|p2a: Pain|Ancient Power|p1a: Xatu\n|-damage|p1a: Xatu|90\/100\n|-boost|p2a: Pain|atk|1\n|-boost|p2a: Pain|def|1\n|-boost|p2a: Pain|spa|1\n|-boost|p2a: Pain|spd|1\n|-boost|p2a: Pain|spe|1\n|\n|-weather|Snow|[upkeep]\n|-heal|p2a: Pain|88\/100|[from] item: Leftovers\n|upkeep\n|turn|5\n|\n|t:|1700147513\n|move|p2a: Pain|Ancient Power|p1a: Xatu\n|-damage|p1a: Xatu|76\/100\n|move|p1a: Xatu|Cosmic Power|p1a: Xatu\n|-boost|p1a: Xatu|def|1\n|-boost|p1a: Xatu|spd|1\n|\n|-weather|none\n|-heal|p2a: Pain|94\/100|[from] item: Leftovers\n|upkeep\n|turn|6\n|\n|t:|1700147520\n|move|p2a: Pain|Ancient Power|p1a: Xatu\n|-damage|p1a: Xatu|63\/100\n|move|p1a: Xatu|Cosmic Power|p1a: Xatu\n|-boost|p1a: Xatu|def|1\n|-boost|p1a: Xatu|spd|1\n|\n|-heal|p2a: Pain|99\/100|[from] item: Leftovers\n|-sideend|p2: coolmanbestguy123|Safeguard\n|upkeep\n|turn|7\n|\n|t:|1700147528\n|move|p2a: Pain|Ancient Power|p1a: Xatu\n|-damage|p1a: Xatu|53\/100\n|move|p1a: Xatu|Roost|p1a: Xatu\n|-heal|p1a: Xatu|100\/100\n|\n|-heal|p2a: Pain|100\/100|[from] item: Leftovers\n|upkeep\n|turn|8\n|\n|t:|1700147540\n|move|p2a: Pain|Air Slash|p1a: Xatu\n|-damage|p1a: Xatu|82\/100\n|cant|p1a: Xatu|flinch\n|\n|-sideend|p2: coolmanbestguy123|move: Aurora Veil\n|upkeep\n|turn|9\n|\n|t:|1700147547\n|move|p2a: Pain|Air Slash|p1a: Xatu\n|-damage|p1a: Xatu|62\/100\n|cant|p1a: Xatu|flinch\n|\n|upkeep\n|turn|10\n|\n|t:|1700147551\n|move|p2a: Pain|Air Slash|p1a: Xatu|[miss]\n|-miss|p2a: Pain|p1a: Xatu\n|move|p1a: Xatu|Air Slash|p2a: Pain\n|-damage|p2a: Pain|87\/100\n|\n|-heal|p2a: Pain|94\/100|[from] item: Leftovers\n|upkeep\n|turn|11\n|\n|t:|1700147555\n|move|p2a: Pain|Air Slash|p1a: Xatu\n|-damage|p1a: Xatu|44\/100\n|cant|p1a: Xatu|flinch\n|\n|-heal|p2a: Pain|99\/100|[from] item: Leftovers\n|upkeep\n|turn|12\n|\n|t:|1700147560\n|move|p2a: Pain|Air Slash|p1a: Xatu\n|-damage|p1a: Xatu|25\/100\n|move|p1a: Xatu|Roost|p1a: Xatu\n|-heal|p1a: Xatu|75\/100\n|\n|-heal|p2a: Pain|100\/100|[from] item: Leftovers\n|upkeep\n|turn|13\n|\n|t:|1700147566\n|move|p2a: Pain|Ancient Power|p1a: Xatu\n|-damage|p1a: Xatu|65\/100\n|-boost|p2a: Pain|atk|1\n|-boost|p2a: Pain|def|1\n|-boost|p2a: Pain|spa|1\n|-boost|p2a: Pain|spd|1\n|-boost|p2a: Pain|spe|1\n|move|p1a: Xatu|Stored Power|p2a: Pain\n|-damage|p2a: Pain|66\/100\n|\n|-heal|p2a: Pain|72\/100|[from] item: Leftovers\n|upkeep\n|turn|14\n|\n|t:|1700147575\n|move|p2a: Pain|Ancient Power|p1a: Xatu\n|-damage|p1a: Xatu|51\/100\n|-boost|p2a: Pain|atk|1\n|-boost|p2a: Pain|def|1\n|-boost|p2a: Pain|spa|1\n|-boost|p2a: Pain|spd|1\n|-boost|p2a: Pain|spe|1\n|move|p1a: Xatu|Stored Power|p2a: Pain\n|-damage|p2a: Pain|45\/100\n|\n|-heal|p2a: Pain|51\/100|[from] item: Leftovers\n|upkeep\n|turn|15\n|\n|t:|1700147584\n|move|p2a: Pain|Air Slash|p1a: Xatu\n|-damage|p1a: Xatu|22\/100\n|cant|p1a: Xatu|flinch\n|\n|-heal|p2a: Pain|57\/100|[from] item: Leftovers\n|upkeep\n|turn|16\n|\n|t:|1700147589\n|move|p2a: Pain|Air Slash|p1a: Xatu\n|-damage|p1a: Xatu|0 fnt\n|faint|p1a: Xatu\n|\n|-heal|p2a: Pain|64\/100|[from] item: Leftovers\n|upkeep\n|\n|t:|1700147592\n|switch|p1a: Quagsire|Quagsire, M, shiny|100\/100\n|turn|17\n|\n|t:|1700147596\n|move|p2a: Pain|Air Slash|p1a: Quagsire\n|-damage|p1a: Quagsire|51\/100\n|move|p1a: Quagsire|Avalanche|p2a: Pain\n|-supereffective|p2a: Pain\n|-damage|p2a: Pain|17\/100\n|\n|-heal|p2a: Pain|23\/100|[from] item: Leftovers\n|-heal|p1a: Quagsire|57\/100|[from] item: Leftovers\n|upkeep\n|turn|18\n|\n|t:|1700147604\n|move|p2a: Pain|Air Slash|p1a: Quagsire\n|-damage|p1a: Quagsire|8\/100\n|cant|p1a: Quagsire|flinch\n|\n|-heal|p2a: Pain|29\/100|[from] item: Leftovers\n|-heal|p1a: Quagsire|14\/100|[from] item: Leftovers\n|upkeep\n|turn|19\n|\n|t:|1700147611\n|move|p2a: Pain|Air Slash|p1a: Quagsire\n|-damage|p1a: Quagsire|0 fnt\n|faint|p1a: Quagsire\n|\n|-heal|p2a: Pain|36\/100|[from] item: Leftovers\n|upkeep\n|\n|t:|1700147612\n|switch|p1a: Gengar|Gengar, F|100\/100\n|-item|p1a: Gengar|Air Balloon\n|turn|20\n|\n|t:|1700147622\n|move|p2a: Pain|Thunder Wave|p1a: Gengar\n|-status|p1a: Gengar|par\n|cant|p1a: Gengar|par\n|\n|-heal|p2a: Pain|42\/100|[from] item: Leftovers\n|upkeep\n|turn|21\n|\n|t:|1700147627\n|move|p2a: Pain|Ancient Power|p1a: Gengar\n|-damage|p1a: Gengar|6\/100 par\n|-enditem|p1a: Gengar|Air Balloon\n|cant|p1a: Gengar|par\n|\n|-heal|p2a: Pain|48\/100|[from] item: Leftovers\n|upkeep\n|turn|22\n|-message|memorylossvictim forfeited.\n|\n|win|coolmanbestguy123\n|raw|memorylossvictim's rating: 1139 &rarr; <strong>1116<\/strong><br \/>(-23 for losing)\n|raw|coolmanbestguy123's rating: 1172 &rarr; <strong>1195<\/strong><br \/>(+23 for winning)\n|l|\u2606memorylossvictim\n|c|\u2606coolmanbestguy123|gg\n","uploadtime":1700147639,"views":5,"p1id":"memorylossvictim","p2id":"coolmanbestguy123","formatid":"gen9nationaldex","rating":1116,"private":0,"password":""}