{"id":"gen9nationaldex-1999164817","p1":"RegiSauce","p2":"Sleepinghhxh","format":"[Gen 9] National Dex","log":"|html|<div class=\"broadcast-blue\"><strong>[Gen 9] National Dex is currently suspecting Sneasler! For information on how to participate check out the <a href=\"https:\/\/www.smogon.com\/forums\/threads\/sv-national-dex-suspect-8-just-dance.3731534\/\">suspect thread<\/a>.<\/strong><\/div>\n|j|\u2606RegiSauce\n|j|\u2606Sleepinghhxh\n|t:|1701040327\n|gametype|singles\n|player|p1|RegiSauce|shadowtriad|1394\n|player|p2|Sleepinghhxh|penny|1387\n|teamsize|p1|6\n|teamsize|p2|6\n|gen|9\n|tier|[Gen 9] National Dex\n|rated|\n|rule|HP Percentage Mod: HP is shown in percentages\n|rule|Endless Battle Clause: Forcing endless battles is banned\n|rule|OHKO Clause: OHKO moves are banned\n|rule|Evasion Clause: Evasion abilities, items, and moves are banned\n|rule|Evasion Abilities Clause: Evasion abilities are banned\n|rule|Evasion Items Clause: Evasion items are banned\n|rule|Evasion Moves Clause: Evasion moves are banned\n|rule|Species Clause: Limit one of each Pok\u00e9mon\n|rule|Sleep Clause Mod: Limit one foe put to sleep\n|clearpoke\n|poke|p1|Tyranitar, M|\n|poke|p1|Togekiss, F|\n|poke|p1|Banette, M|\n|poke|p1|Hoopa|\n|poke|p1|Starmie|\n|poke|p1|Garchomp, F|\n|poke|p2|Zamazenta-*|\n|poke|p2|Zapdos|\n|poke|p2|Ceruledge, M|\n|poke|p2|Ogerpon-Wellspring, F|\n|poke|p2|Banette, F|\n|poke|p2|Hatterene, F|\n|teampreview\n|\n|t:|1701040334\n|start\n|switch|p1a: >:)|Banette, M|100\/100\n|switch|p2a: Hatterene|Hatterene, F, shiny|100\/100\n|-item|p2a: Hatterene|Leftovers|[from] ability: Frisk|[of] p1a: >:)|[identify]\n|turn|1\n|inactive|Battle timer is ON: inactive players will automatically lose when time's up. (requested by RegiSauce)\n|\n|t:|1701040337\n|detailschange|p1a: >:)|Banette-Mega, M\n|-mega|p1a: >:)|Banette|Banettite\n|-terastallize|p2a: Hatterene|Normal\n|move|p1a: >:)|Poltergeist|p2a: Hatterene\n|-immune|p2a: Hatterene\n|move|p2a: Hatterene|Calm Mind|p2a: Hatterene\n|-boost|p2a: Hatterene|spa|1\n|-boost|p2a: Hatterene|spd|1\n|\n|upkeep\n|turn|2\n|\n|t:|1701040343\n|move|p1a: >:)|Taunt|p2a: Hatterene\n|move|p2a: Hatterene|Taunt|p1a: >:)|[from]ability: Magic Bounce\n|-start|p1a: >:)|move: Taunt\n|move|p2a: Hatterene|Calm Mind|p2a: Hatterene\n|-boost|p2a: Hatterene|spa|1\n|-boost|p2a: Hatterene|spd|1\n|\n|upkeep\n|turn|3\n|\n|t:|1701040349\n|switch|p1a: :)|Togekiss, F|100\/100\n|move|p2a: Hatterene|Draining Kiss|p1a: :)\n|-damage|p1a: :)|66\/100\n|\n|-heal|p1a: :)|72\/100|[from] item: Leftovers\n|upkeep\n|turn|4\n|\n|t:|1701040352\n|move|p1a: :)|Air Slash|p2a: Hatterene\n|-damage|p2a: Hatterene|79\/100\n|cant|p2a: Hatterene|flinch\n|\n|-heal|p1a: :)|78\/100|[from] item: Leftovers\n|-heal|p2a: Hatterene|85\/100|[from] item: Leftovers\n|upkeep\n|turn|5\n|\n|t:|1701040357\n|move|p1a: :)|Air Slash|p2a: Hatterene\n|-damage|p2a: Hatterene|62\/100\n|move|p2a: Hatterene|Draining Kiss|p1a: :)\n|-damage|p1a: :)|44\/100\n|-heal|p2a: Hatterene|92\/100|[from] drain|[of] p1a: :)\n|\n|-heal|p1a: :)|50\/100|[from] item: Leftovers\n|-heal|p2a: Hatterene|98\/100|[from] item: Leftovers\n|upkeep\n|turn|6\n|\n|t:|1701040364\n|move|p1a: :)|Air Slash|p2a: Hatterene\n|-damage|p2a: Hatterene|76\/100\n|cant|p2a: Hatterene|flinch\n|\n|-heal|p1a: :)|57\/100|[from] item: Leftovers\n|-heal|p2a: Hatterene|82\/100|[from] item: Leftovers\n|upkeep\n|turn|7\n|\n|t:|1701040366\n|move|p1a: :)|Air Slash|p2a: Hatterene\n|-damage|p2a: Hatterene|59\/100\n|move|p2a: Hatterene|Draining Kiss|p1a: :)\n|-damage|p1a: :)|22\/100\n|-heal|p2a: Hatterene|90\/100|[from] drain|[of] p1a: :)\n|\n|-heal|p1a: :)|28\/100|[from] item: Leftovers\n|-heal|p2a: Hatterene|96\/100|[from] item: Leftovers\n|upkeep\n|turn|8\n|\n|t:|1701040369\n|switch|p1a: >:)|Banette-Mega, M|100\/100\n|move|p2a: Hatterene|Draining Kiss|p1a: >:)\n|-damage|p1a: >:)|44\/100\n|-heal|p2a: Hatterene|100\/100|[from] drain|[of] p1a: >:)\n|\n|upkeep\n|turn|9\n|\n|t:|1701040376\n|switch|p1a: >:(|Tyranitar, M|100\/100\n|-weather|Sandstorm|[from] ability: Sand Stream|[of] p1a: >:(\n|move|p2a: Hatterene|Calm Mind|p2a: Hatterene\n|-boost|p2a: Hatterene|spa|1\n|-boost|p2a: Hatterene|spd|1\n|\n|-weather|Sandstorm|[upkeep]\n|-damage|p2a: Hatterene|95\/100|[from] Sandstorm\n|-heal|p2a: Hatterene|100\/100|[from] item: Leftovers\n|upkeep\n|turn|10\n|\n|t:|1701040378\n|move|p1a: >:(|Rock Slide|p2a: Hatterene\n|-damage|p2a: Hatterene|65\/100\n|move|p2a: Hatterene|Draining Kiss|p1a: >:(\n|-supereffective|p1a: >:(\n|-damage|p1a: >:(|57\/100\n|-heal|p2a: Hatterene|100\/100|[from] drain|[of] p1a: >:(\n|\n|-weather|Sandstorm|[upkeep]\n|-damage|p2a: Hatterene|95\/100|[from] Sandstorm\n|-heal|p2a: Hatterene|100\/100|[from] item: Leftovers\n|upkeep\n|turn|11\n|\n|t:|1701040386\n|move|p1a: >:(|Rock Slide|p2a: Hatterene|[miss]\n|-miss|p1a: >:(|p2a: Hatterene\n|move|p2a: Hatterene|Draining Kiss|p1a: >:(\n|-supereffective|p1a: >:(\n|-damage|p1a: >:(|17\/100\n|\n|-weather|Sandstorm|[upkeep]\n|-damage|p2a: Hatterene|95\/100|[from] Sandstorm\n|-heal|p2a: Hatterene|100\/100|[from] item: Leftovers\n|upkeep\n|turn|12\n|\n|t:|1701040388\n|move|p1a: >:(|Rock Slide|p2a: Hatterene\n|-damage|p2a: Hatterene|66\/100\n|cant|p2a: Hatterene|flinch\n|\n|-weather|Sandstorm|[upkeep]\n|-damage|p2a: Hatterene|60\/100|[from] Sandstorm\n|-heal|p2a: Hatterene|66\/100|[from] item: Leftovers\n|upkeep\n|turn|13\n|\n|t:|1701040392\n|move|p1a: >:(|Rock Slide|p2a: Hatterene\n|-damage|p2a: Hatterene|31\/100\n|move|p2a: Hatterene|Draining Kiss|p1a: >:(\n|-supereffective|p1a: >:(\n|-damage|p1a: >:(|0 fnt\n|-heal|p2a: Hatterene|47\/100|[from] drain|[of] p1a: >:(\n|faint|p1a: >:(\n|\n|-weather|none\n|-heal|p2a: Hatterene|53\/100|[from] item: Leftovers\n|upkeep\n|\n|t:|1701040398\n|switch|p1a: >:D|Hoopa|100\/100\n|turn|14\n|\n|t:|1701040400\n|move|p2a: Hatterene|Draining Kiss|p1a: >:D\n|-damage|p1a: >:D|57\/100\n|-heal|p2a: Hatterene|91\/100|[from] drain|[of] p1a: >:D\n|move|p1a: >:D|Trick Room|p1a: >:D\n|-fieldstart|move: Trick Room|[of] p1a: >:D\n|-enditem|p1a: >:D|Room Service\n|-unboost|p1a: >:D|spe|1|[from] item: Room Service\n|\n|-heal|p2a: Hatterene|97\/100|[from] item: Leftovers\n|upkeep\n|turn|15\n|\n|t:|1701040406\n|move|p1a: >:D|Focus Blast|p2a: Hatterene\n|-supereffective|p2a: Hatterene\n|-damage|p2a: Hatterene|56\/100\n|-item|p1a: >:D|Leftovers|[from] ability: Magician|[of] p2a: Hatterene\n|move|p2a: Hatterene|Draining Kiss|p1a: >:D\n|-damage|p1a: >:D|14\/100\n|-heal|p2a: Hatterene|93\/100|[from] drain|[of] p1a: >:D\n|\n|-heal|p1a: >:D|20\/100|[from] item: Leftovers\n|upkeep\n|turn|16\n|\n|t:|1701040411\n|move|p1a: >:D|Focus Blast|p2a: Hatterene\n|-supereffective|p2a: Hatterene\n|-damage|p2a: Hatterene|49\/100\n|move|p2a: Hatterene|Draining Kiss|p1a: >:D\n|-damage|p1a: >:D|0 fnt\n|-heal|p2a: Hatterene|65\/100|[from] drain|[of] p1a: >:D\n|faint|p1a: >:D\n|\n|upkeep\n|\n|t:|1701040418\n|switch|p1a: :v|Garchomp, F|100\/100\n|turn|17\n|\n|t:|1701040424\n|-terastallize|p1a: :v|Steel\n|move|p2a: Hatterene|Draining Kiss|p1a: :v\n|-resisted|p1a: :v\n|-crit|p1a: :v\n|-damage|p1a: :v|62\/100\n|-heal|p2a: Hatterene|100\/100|[from] drain|[of] p1a: :v\n|-damage|p2a: Hatterene|88\/100|[from] ability: Rough Skin|[of] p1a: :v\n|-damage|p2a: Hatterene|72\/100|[from] item: Rocky Helmet|[of] p1a: :v\n|move|p1a: :v|Earthquake|p2a: Hatterene\n|-damage|p2a: Hatterene|24\/100\n|\n|upkeep\n|turn|18\n|\n|t:|1701040427\n|move|p2a: Hatterene|Mystical Fire|p1a: :v\n|-supereffective|p1a: :v\n|-damage|p1a: :v|0 fnt\n|faint|p1a: :v\n|\n|-fieldend|move: Trick Room\n|upkeep\n|-message|RegiSauce forfeited.\n|\n|win|Sleepinghhxh\n|raw|RegiSauce's rating: 1394 &rarr; <strong>1374<\/strong><br \/>(-20 for losing)\n|raw|Sleepinghhxh's rating: 1387 &rarr; <strong>1407<\/strong><br \/>(+20 for winning)\n|l|\u2606RegiSauce\n","uploadtime":1701040438,"views":5,"p1id":"regisauce","p2id":"sleepinghhxh","formatid":"gen9nationaldex","rating":1374,"private":0,"password":""}