{"id":"gen9nationaldex-1999300421","p1":"Illouri","p2":"drakomai","format":"[Gen 9] National Dex","log":"|html|<div class=\"broadcast-blue\"><strong>[Gen 9] National Dex is currently suspecting Sneasler! For information on how to participate check out the <a href=\"https:\/\/www.smogon.com\/forums\/threads\/sv-national-dex-suspect-8-just-dance.3731534\/\">suspect thread<\/a>.<\/strong><\/div>\n|j|\u2606Illouri\n|j|\u203ddrakomai\n|t:|1701057039\n|gametype|singles\n|player|p1|Illouri|rika|1261\n|player|p2|drakomai|ghetsis|1318\n|teamsize|p1|6\n|teamsize|p2|6\n|gen|9\n|tier|[Gen 9] National Dex\n|rated|\n|rule|HP Percentage Mod: HP is shown in percentages\n|rule|Endless Battle Clause: Forcing endless battles is banned\n|rule|OHKO Clause: OHKO moves are banned\n|rule|Evasion Clause: Evasion abilities, items, and moves are banned\n|rule|Evasion Abilities Clause: Evasion abilities are banned\n|rule|Evasion Items Clause: Evasion items are banned\n|rule|Evasion Moves Clause: Evasion moves are banned\n|rule|Species Clause: Limit one of each Pok\u00e9mon\n|rule|Sleep Clause Mod: Limit one foe put to sleep\n|clearpoke\n|poke|p1|Scizor, M|\n|poke|p1|Heatran, M|\n|poke|p1|Gliscor, M|\n|poke|p1|Samurott-Hisui, F|\n|poke|p1|Iron Valiant|\n|poke|p1|Toxapex, F|\n|poke|p2|Greninja-*, M|\n|poke|p2|Pelipper, F|\n|poke|p2|Moltres|\n|poke|p2|Zapdos|\n|poke|p2|Samurott-Hisui, F|\n|poke|p2|Beedrill, F|\n|teampreview\n|inactive|Battle timer is ON: inactive players will automatically lose when time's up. (requested by drakomai)\n|\n|t:|1701057053\n|start\n|switch|p1a: Iron Valiant|Iron Valiant|100\/100\n|switch|p2a: Beedrill|Beedrill, F|100\/100\n|-enditem|p1a: Iron Valiant|Booster Energy\n|-activate|p1a: Iron Valiant|ability: Quark Drive|[fromitem]\n|-start|p1a: Iron Valiant|quarkdrivespe\n|turn|1\n|\n|t:|1701057062\n|detailschange|p2a: Beedrill|Beedrill-Mega, F\n|-mega|p2a: Beedrill|Beedrill|Beedrillite\n|-terastallize|p1a: Iron Valiant|Steel\n|move|p1a: Iron Valiant|Calm Mind|p1a: Iron Valiant\n|-boost|p1a: Iron Valiant|spa|1\n|-boost|p1a: Iron Valiant|spd|1\n|move|p2a: Beedrill|U-turn|p1a: Iron Valiant\n|-resisted|p1a: Iron Valiant\n|-damage|p1a: Iron Valiant|60\/100\n|\n|t:|1701057071\n|switch|p2a: Pelipper|Pelipper, F|100\/100|[from] U-turn\n|-weather|RainDance|[from] ability: Drizzle|[of] p2a: Pelipper\n|\n|-weather|RainDance|[upkeep]\n|upkeep\n|turn|2\n|\n|t:|1701057075\n|move|p1a: Iron Valiant|Thunderbolt|p2a: Pelipper\n|-supereffective|p2a: Pelipper\n|-damage|p2a: Pelipper|0 fnt\n|faint|p2a: Pelipper\n|\n|-weather|RainDance|[upkeep]\n|upkeep\n|\n|t:|1701057080\n|switch|p2a: Greninja|Greninja, M|100\/100\n|turn|3\n|\n|t:|1701057092\n|-terastallize|p2a: Greninja|Water\n|move|p2a: Greninja|Water Shuriken|p1a: Iron Valiant\n|-damage|p1a: Iron Valiant|42\/100\n|-damage|p1a: Iron Valiant|26\/100\n|-damage|p1a: Iron Valiant|9\/100\n|-damage|p1a: Iron Valiant|0 fnt\n|faint|p1a: Iron Valiant\n|-end|p1a: Iron Valiant|Quark Drive|[silent]\n|-ability|p2a: Greninja|Battle Bond|boost\n|-boost|p2a: Greninja|atk|1\n|-boost|p2a: Greninja|spa|1\n|-boost|p2a: Greninja|spe|1\n|-activate|p2a: Greninja|ability: Battle Bond\n|-hitcount|p1: Iron Valiant|4\n|\n|-weather|RainDance|[upkeep]\n|upkeep\n|\n|t:|1701057111\n|switch|p1a: Toxapex|Toxapex, F|100\/100\n|turn|4\n|\n|t:|1701057116\n|move|p2a: Greninja|Taunt|p1a: Toxapex\n|-start|p1a: Toxapex|move: Taunt\n|cant|p1a: Toxapex|move: Taunt|Haze\n|\n|-weather|RainDance|[upkeep]\n|upkeep\n|turn|5\n|\n|t:|1701057126\n|move|p2a: Greninja|Ice Beam|p1a: Toxapex\n|-resisted|p1a: Toxapex\n|-damage|p1a: Toxapex|83\/100\n|move|p1a: Toxapex|Scald|p2a: Greninja\n|-resisted|p2a: Greninja\n|-damage|p2a: Greninja|81\/100\n|\n|-weather|RainDance|[upkeep]\n|upkeep\n|turn|6\n|\n|t:|1701057132\n|move|p2a: Greninja|Water Shuriken|p1a: Toxapex\n|-resisted|p1a: Toxapex\n|-damage|p1a: Toxapex|73\/100\n|-resisted|p1a: Toxapex\n|-damage|p1a: Toxapex|65\/100\n|-resisted|p1a: Toxapex\n|-damage|p1a: Toxapex|55\/100\n|-resisted|p1a: Toxapex\n|-damage|p1a: Toxapex|45\/100\n|-hitcount|p1a: Toxapex|4\n|move|p1a: Toxapex|Scald|p2a: Greninja\n|-resisted|p2a: Greninja\n|-damage|p2a: Greninja|61\/100\n|\n|-weather|RainDance|[upkeep]\n|-end|p1a: Toxapex|move: Taunt\n|upkeep\n|turn|7\n|inactive|Illouri has 120 seconds left.\n|inactive|Illouri has 90 seconds left.\n|\n|t:|1701057193\n|switch|p1a: Scizor|Scizor, M|100\/100\n|move|p2a: Greninja|Water Shuriken|p1a: Scizor\n|-damage|p1a: Scizor|72\/100\n|-damage|p1a: Scizor|42\/100\n|-damage|p1a: Scizor|14\/100\n|-damage|p1a: Scizor|0 fnt\n|faint|p1a: Scizor\n|-hitcount|p1: Scizor|4\n|\n|-weather|RainDance|[upkeep]\n|upkeep\n|\n|t:|1701057197\n|switch|p1a: Samurott|Samurott-Hisui, F|100\/100\n|turn|8\n|\n|t:|1701057205\n|move|p2a: Greninja|Water Shuriken|p1a: Samurott\n|-resisted|p1a: Samurott\n|-damage|p1a: Samurott|84\/100\n|-resisted|p1a: Samurott\n|-damage|p1a: Samurott|66\/100\n|-resisted|p1a: Samurott\n|-damage|p1a: Samurott|50\/100\n|-resisted|p1a: Samurott\n|-damage|p1a: Samurott|33\/100\n|-resisted|p1a: Samurott\n|-damage|p1a: Samurott|15\/100\n|-hitcount|p1a: Samurott|5\n|move|p1a: Samurott|Sucker Punch||[still]\n|-fail|p1a: Samurott\n|\n|-weather|none\n|upkeep\n|turn|9\n|c|\u2606Illouri|jesus fucking christ\n|inactive|Illouri has 90 seconds left.\n|\n|t:|1701057232\n|switch|p1a: Toxapex|Toxapex, F|78\/100\n|move|p2a: Greninja|Water Shuriken|p1a: Toxapex\n|-resisted|p1a: Toxapex\n|-damage|p1a: Toxapex|72\/100\n|-resisted|p1a: Toxapex\n|-crit|p1a: Toxapex\n|-damage|p1a: Toxapex|62\/100\n|-resisted|p1a: Toxapex\n|-damage|p1a: Toxapex|56\/100\n|-resisted|p1a: Toxapex\n|-damage|p1a: Toxapex|50\/100\n|-hitcount|p1a: Toxapex|4\n|\n|upkeep\n|turn|10\n|-message|Illouri forfeited.\n|\n|win|drakomai\n|raw|Illouri's rating: 1261 &rarr; <strong>1240<\/strong><br \/>(-21 for losing)\n|raw|drakomai's rating: 1318 &rarr; <strong>1335<\/strong><br \/>(+17 for winning)\n","uploadtime":1701057231,"views":3,"p1id":"illouri","p2id":"drakomai","formatid":"gen9nationaldex","rating":1240,"private":0,"password":""}