{"id":"gen9nationaldex-1999683210","p1":"LoganCheckThisOut","p2":"mezmeriz","format":"[Gen 9] National Dex","log":"|html|<div class=\"broadcast-blue\"><strong>[Gen 9] National Dex is currently suspecting Sneasler! For information on how to participate check out the <a href=\"https:\/\/www.smogon.com\/forums\/threads\/sv-national-dex-suspect-8-just-dance.3731534\/\">suspect thread<\/a>.<\/strong><\/div>\n|j|\u2606LoganCheckThisOut\n|j|\u2606mezmeriz\n|t:|1701107488\n|gametype|singles\n|player|p1|LoganCheckThisOut|265|1071\n|player|p2|mezmeriz|1|1063\n|teamsize|p1|6\n|teamsize|p2|6\n|gen|9\n|tier|[Gen 9] National Dex\n|rated|\n|rule|HP Percentage Mod: HP is shown in percentages\n|rule|Endless Battle Clause: Forcing endless battles is banned\n|rule|OHKO Clause: OHKO moves are banned\n|rule|Evasion Clause: Evasion abilities, items, and moves are banned\n|rule|Evasion Abilities Clause: Evasion abilities are banned\n|rule|Evasion Items Clause: Evasion items are banned\n|rule|Evasion Moves Clause: Evasion moves are banned\n|rule|Species Clause: Limit one of each Pok\u00e9mon\n|rule|Sleep Clause Mod: Limit one foe put to sleep\n|clearpoke\n|poke|p1|Keldeo-Resolute|\n|poke|p1|Blacephalon|\n|poke|p1|Tyranitar, M|\n|poke|p1|Zapdos|\n|poke|p1|Clodsire, M|\n|poke|p1|Ogerpon-Wellspring, F|\n|poke|p2|Ferrothorn, F|\n|poke|p2|Garganacl, F|\n|poke|p2|Glimmora, M|\n|poke|p2|Shuckle, M|\n|poke|p2|Clefable, M|\n|poke|p2|Armarouge, F|\n|teampreview\n|inactive|Battle timer is ON: inactive players will automatically lose when time's up. (requested by LoganCheckThisOut)\n|\n|t:|1701107502\n|start\n|switch|p1a: Ogerpon|Ogerpon-Wellspring, F|100\/100\n|switch|p2a: Ferrothorn|Ferrothorn, F|100\/100\n|turn|1\n|\n|t:|1701107517\n|switch|p1a: Keldeo|Keldeo-Resolute|100\/100\n|move|p2a: Ferrothorn|Stealth Rock|p1a: Keldeo\n|-sidestart|p1: LoganCheckThisOut|move: Stealth Rock\n|\n|upkeep\n|turn|2\n|\n|t:|1701107524\n|move|p1a: Keldeo|Substitute|p1a: Keldeo\n|-start|p1a: Keldeo|Substitute\n|-damage|p1a: Keldeo|76\/100\n|move|p2a: Ferrothorn|Toxic||[still]\n|-fail|p2a: Ferrothorn\n|\n|-heal|p1a: Keldeo|82\/100|[from] item: Leftovers\n|upkeep\n|turn|3\n|\n|t:|1701107533\n|move|p1a: Keldeo|Secret Sword|p2a: Ferrothorn\n|-supereffective|p2a: Ferrothorn\n|-damage|p2a: Ferrothorn|40\/100\n|move|p2a: Ferrothorn|Spikes|p1a: Keldeo\n|-sidestart|p1: LoganCheckThisOut|Spikes\n|\n|-heal|p1a: Keldeo|88\/100|[from] item: Leftovers\n|upkeep\n|turn|4\n|\n|t:|1701107542\n|move|p1a: Keldeo|Calm Mind|p1a: Keldeo\n|-boost|p1a: Keldeo|spa|1\n|-boost|p1a: Keldeo|spd|1\n|move|p2a: Ferrothorn|Spikes|p1a: Keldeo\n|-sidestart|p1: LoganCheckThisOut|Spikes\n|\n|-heal|p1a: Keldeo|94\/100|[from] item: Leftovers\n|upkeep\n|turn|5\n|\n|t:|1701107555\n|move|p1a: Keldeo|Calm Mind|p1a: Keldeo\n|-boost|p1a: Keldeo|spa|1\n|-boost|p1a: Keldeo|spd|1\n|move|p2a: Ferrothorn|Spikes|p1a: Keldeo\n|-sidestart|p1: LoganCheckThisOut|Spikes\n|\n|-heal|p1a: Keldeo|100\/100|[from] item: Leftovers\n|upkeep\n|turn|6\n|\n|t:|1701107566\n|move|p1a: Keldeo|Secret Sword|p2a: Ferrothorn\n|-supereffective|p2a: Ferrothorn\n|-damage|p2a: Ferrothorn|0 fnt\n|faint|p2a: Ferrothorn\n|\n|upkeep\n|\n|t:|1701107586\n|switch|p2a: Clefable|Clefable, M|100\/100\n|turn|7\n|\n|t:|1701107592\n|move|p1a: Keldeo|Scald|p2a: Clefable\n|-damage|p2a: Clefable|67\/100\n|move|p2a: Clefable|Seismic Toss|p1a: Keldeo\n|-end|p1a: Keldeo|Substitute\n|\n|-heal|p2a: Clefable|73\/100|[from] item: Leftovers\n|upkeep\n|turn|8\n|\n|t:|1701107610\n|switch|p1a: Zapdos|Zapdos|100\/100\n|move|p2a: Clefable|Seismic Toss|p1a: Zapdos\n|-damage|p1a: Zapdos|74\/100\n|-status|p2a: Clefable|par|[from] ability: Static|[of] p1a: Zapdos\n|\n|-heal|p2a: Clefable|79\/100 par|[from] item: Leftovers\n|upkeep\n|turn|9\n|\n|t:|1701107624\n|switch|p2a: Garganacl|Garganacl, F|100\/100\n|move|p1a: Zapdos|Defog|p2a: Garganacl\n|-unboost|p2a: Garganacl|evasion|1\n|-sideend|p1: LoganCheckThisOut|Spikes|[from] move: Defog|[of] p1a: Zapdos\n|-sideend|p1: LoganCheckThisOut|Stealth Rock|[from] move: Defog|[of] p1a: Zapdos\n|\n|upkeep\n|turn|10\n|\n|t:|1701107635\n|move|p1a: Zapdos|Volt Switch|p2a: Garganacl\n|-damage|p2a: Garganacl|82\/100\n|\n|t:|1701107641\n|switch|p1a: Blacephalon|Blacephalon|100\/100|[from] Volt Switch\n|move|p2a: Garganacl|Salt Cure|p1a: Blacephalon\n|-supereffective|p1a: Blacephalon\n|-damage|p1a: Blacephalon|32\/100\n|-start|p1a: Blacephalon|Salt Cure\n|\n|-heal|p2a: Garganacl|89\/100|[from] item: Leftovers\n|-damage|p1a: Blacephalon|20\/100|[from] Salt Cure\n|upkeep\n|turn|11\n|\n|t:|1701107652\n|move|p2a: Garganacl|Protect|p2a: Garganacl\n|-singleturn|p2a: Garganacl|Protect\n|move|p1a: Blacephalon|Trick|p2a: Garganacl\n|-activate|p2a: Garganacl|move: Protect\n|\n|-heal|p2a: Garganacl|95\/100|[from] item: Leftovers\n|-damage|p1a: Blacephalon|8\/100|[from] Salt Cure\n|upkeep\n|turn|12\n|\n|t:|1701107666\n|move|p1a: Blacephalon|Trick|p2a: Garganacl\n|-activate|p1a: Blacephalon|move: Trick|[of] p2a: Garganacl\n|-item|p2a: Garganacl|Choice Scarf|[from] move: Trick\n|-item|p1a: Blacephalon|Leftovers|[from] move: Trick\n|move|p2a: Garganacl|Salt Cure|p1a: Blacephalon\n|-supereffective|p1a: Blacephalon\n|-damage|p1a: Blacephalon|0 fnt\n|faint|p1a: Blacephalon\n|\n|upkeep\n|\n|t:|1701107676\n|switch|p1a: Tyranitar|Tyranitar, M|100\/100\n|-weather|Sandstorm|[from] ability: Sand Stream|[of] p1a: Tyranitar\n|turn|13\n|\n|t:|1701107685\n|detailschange|p1a: Tyranitar|Tyranitar-Mega, M\n|-mega|p1a: Tyranitar|Tyranitar|Tyranitarite\n|move|p1a: Tyranitar|Dragon Dance|p1a: Tyranitar\n|-boost|p1a: Tyranitar|atk|1\n|-boost|p1a: Tyranitar|spe|1\n|move|p2a: Garganacl|Salt Cure|p1a: Tyranitar\n|-damage|p1a: Tyranitar|91\/100\n|-start|p1a: Tyranitar|Salt Cure\n|\n|-weather|Sandstorm|[upkeep]\n|-damage|p1a: Tyranitar|78\/100|[from] Salt Cure\n|upkeep\n|turn|14\n|\n|t:|1701107700\n|switch|p2a: Armarouge|Armarouge, F|100\/100\n|move|p1a: Tyranitar|Dragon Dance|p1a: Tyranitar\n|-boost|p1a: Tyranitar|atk|1\n|-boost|p1a: Tyranitar|spe|1\n|\n|-weather|Sandstorm|[upkeep]\n|-damage|p2a: Armarouge|94\/100|[from] Sandstorm\n|-damage|p1a: Tyranitar|66\/100|[from] Salt Cure\n|upkeep\n|turn|15\n|\n|t:|1701107716\n|move|p1a: Tyranitar|Knock Off|p2a: Armarouge\n|-supereffective|p2a: Armarouge\n|-damage|p2a: Armarouge|0 fnt\n|-enditem|p2a: Armarouge|Focus Sash|[from] move: Knock Off|[of] p1a: Tyranitar\n|faint|p2a: Armarouge\n|\n|-weather|Sandstorm|[upkeep]\n|-damage|p1a: Tyranitar|53\/100|[from] Salt Cure\n|upkeep\n|\n|t:|1701107726\n|switch|p2a: Clefable|Clefable, M|79\/100 par\n|turn|16\n|\n|t:|1701107734\n|move|p1a: Tyranitar|Stone Edge|p2a: Clefable\n|-damage|p2a: Clefable|18\/100 par\n|move|p2a: Clefable|Moonlight|p2a: Clefable\n|-heal|p2a: Clefable|43\/100 par\n|\n|-weather|Sandstorm|[upkeep]\n|-damage|p2a: Clefable|37\/100 par|[from] Sandstorm\n|-heal|p2a: Clefable|43\/100 par|[from] item: Leftovers\n|-damage|p1a: Tyranitar|41\/100|[from] Salt Cure\n|upkeep\n|turn|17\n|\n|t:|1701107746\n|move|p1a: Tyranitar|Stone Edge|p2a: Clefable\n|-crit|p2a: Clefable\n|-damage|p2a: Clefable|0 fnt\n|faint|p2a: Clefable\n|\n|-weather|none\n|-damage|p1a: Tyranitar|29\/100|[from] Salt Cure\n|upkeep\n|\n|t:|1701107759\n|switch|p2a: Shuckle|Shuckle, M|100\/100\n|turn|18\n|\n|t:|1701107771\n|switch|p1a: Keldeo|Keldeo-Resolute|100\/100\n|move|p2a: Shuckle|Power Split|p1a: Keldeo\n|-activate|p2a: Shuckle|move: Power Split|[of] p1a: Keldeo\n|\n|upkeep\n|turn|19\n|\n|t:|1701107779\n|switch|p1a: Tyranitar|Tyranitar-Mega, M|29\/100\n|-weather|Sandstorm|[from] ability: Sand Stream|[of] p1a: Tyranitar\n|move|p2a: Shuckle|Acupressure|p2a: Shuckle\n|-boost|p2a: Shuckle|atk|2\n|\n|-weather|Sandstorm|[upkeep]\n|upkeep\n|turn|20\n|\n|t:|1701107789\n|move|p1a: Tyranitar|Stone Edge|p2a: Shuckle|[miss]\n|-miss|p1a: Tyranitar|p2a: Shuckle\n|move|p2a: Shuckle|Acupressure|p2a: Shuckle\n|-boost|p2a: Shuckle|spa|2\n|\n|-weather|Sandstorm|[upkeep]\n|upkeep\n|turn|21\n|\n|t:|1701107797\n|move|p1a: Tyranitar|Stone Edge|p2a: Shuckle|[miss]\n|-miss|p1a: Tyranitar|p2a: Shuckle\n|move|p2a: Shuckle|Acupressure|p2a: Shuckle\n|-boost|p2a: Shuckle|spe|2\n|\n|-weather|Sandstorm|[upkeep]\n|upkeep\n|turn|22\n|\n|t:|1701107805\n|move|p1a: Tyranitar|Knock Off|p2a: Shuckle\n|-crit|p2a: Shuckle\n|-damage|p2a: Shuckle|43\/100\n|-enditem|p2a: Shuckle|Leftovers|[from] move: Knock Off|[of] p1a: Tyranitar\n|move|p2a: Shuckle|Acupressure|p2a: Shuckle\n|-boost|p2a: Shuckle|atk|2\n|\n|-weather|Sandstorm|[upkeep]\n|upkeep\n|turn|23\n|\n|t:|1701107817\n|move|p1a: Tyranitar|Stone Edge|p2a: Shuckle|[miss]\n|-miss|p1a: Tyranitar|p2a: Shuckle\n|move|p2a: Shuckle|Sludge Bomb|p1a: Tyranitar\n|-resisted|p1a: Tyranitar\n|-damage|p1a: Tyranitar|19\/100\n|\n|-weather|none\n|upkeep\n|turn|24\n|c|\u2606LoganCheckThisOut|Did you get an Evasion boost and I just can't see it? Or does my Ttar need glasses?\n|\n|t:|1701107836\n|move|p1a: Tyranitar|Stone Edge|p2a: Shuckle\n|-supereffective|p2a: Shuckle\n|-damage|p2a: Shuckle|0 fnt\n|faint|p2a: Shuckle\n|\n|upkeep\n|\n|t:|1701107842\n|switch|p2a: Glimmora|Glimmora, M|100\/100\n|turn|25\n|\n|t:|1701107847\n|move|p2a: Glimmora|Spiky Shield|p2a: Glimmora\n|-singleturn|p2a: Glimmora|move: Protect\n|move|p1a: Tyranitar|Earthquake|p2a: Glimmora\n|-activate|p2a: Glimmora|move: Protect\n|\n|upkeep\n|turn|26\n|\n|t:|1701107854\n|move|p1a: Tyranitar|Earthquake|p2a: Glimmora\n|-supereffective|p2a: Glimmora\n|-damage|p2a: Glimmora|0 fnt\n|-activate|p2a: Glimmora|ability: Toxic Debris\n|-sidestart|p1: LoganCheckThisOut|move: Toxic Spikes\n|faint|p2a: Glimmora\n|\n|upkeep\n|\n|t:|1701107861\n|switch|p2a: Garganacl|Garganacl, F|95\/100\n|turn|27\n|\n|t:|1701107866\n|move|p1a: Tyranitar|Earthquake|p2a: Garganacl\n|-supereffective|p2a: Garganacl\n|-damage|p2a: Garganacl|34\/100\n|move|p2a: Garganacl|Salt Cure|p1a: Tyranitar\n|-damage|p1a: Tyranitar|10\/100\n|-start|p1a: Tyranitar|Salt Cure\n|\n|-damage|p1a: Tyranitar|0 fnt|[from] Salt Cure\n|faint|p1a: Tyranitar\n|upkeep\n|\n|t:|1701107874\n|switch|p1a: Keldeo|Keldeo-Resolute|100\/100\n|-status|p1a: Keldeo|psn\n|turn|28\n|c|\u2606LoganCheckThisOut|gg\n|\n|t:|1701107879\n|move|p1a: Keldeo|Secret Sword|p2a: Garganacl\n|-supereffective|p2a: Garganacl\n|-damage|p2a: Garganacl|0 fnt\n|faint|p2a: Garganacl\n|\n|win|LoganCheckThisOut\n|raw|LoganCheckThisOut's rating: 1071 &rarr; <strong>1100<\/strong><br \/>(+29 for winning)\n|raw|mezmeriz's rating: 1063 &rarr; <strong>1044<\/strong><br \/>(-19 for losing)\n|l|\u2606mezmeriz\n|c|\u2606LoganCheckThisOut|gg\n|c|\u2606LoganCheckThisOut|gg\n","uploadtime":1701107899,"views":4,"p1id":"logancheckthisout","p2id":"mezmeriz","formatid":"gen9nationaldex","rating":1044,"private":0,"password":""}