{"id":"gen9nationaldex-1990228835","p1":"variares DD","p2":"gglao4","format":"[Gen 9] National Dex","log":"|j|\u2606variares DD\n|j|\u2606gglao4\n|t:|1699940819\n|gametype|singles\n|player|p1|variares DD|acetrainercouple|1419\n|player|p2|gglao4|2|1557\n|teamsize|p1|6\n|teamsize|p2|6\n|gen|9\n|tier|[Gen 9] National Dex\n|rated|\n|rule|HP Percentage Mod: HP is shown in percentages\n|rule|Endless Battle Clause: Forcing endless battles is banned\n|rule|OHKO Clause: OHKO moves are banned\n|rule|Evasion Clause: Evasion abilities, items, and moves are banned\n|rule|Evasion Abilities Clause: Evasion abilities are banned\n|rule|Evasion Items Clause: Evasion items are banned\n|rule|Evasion Moves Clause: Evasion moves are banned\n|rule|Species Clause: Limit one of each Pok\u00e9mon\n|rule|Sleep Clause Mod: Limit one foe put to sleep\n|clearpoke\n|poke|p1|Altaria, F|\n|poke|p1|Jirachi|\n|poke|p1|Heatran, F|\n|poke|p1|Landorus-Therian, M|\n|poke|p1|Greninja-*, M|\n|poke|p1|Corviknight, M|\n|poke|p2|Alomomola, M|\n|poke|p2|Zamazenta-*|\n|poke|p2|Ditto|\n|poke|p2|Victini|\n|poke|p2|Gliscor, F|\n|poke|p2|Goodra-Hisui, F|\n|teampreview\n|inactive|Battle timer is ON: inactive players will automatically lose when time's up. (requested by variares DD)\n|inactive|variares DD has 120 seconds left.\n|\n|t:|1699940850\n|start\n|switch|p1a: Greninja|Greninja, M, shiny|100\/100\n|switch|p2a: Victini|Victini|100\/100\n|turn|1\n|\n|t:|1699940861\n|move|p2a: Victini|U-turn|p1a: Greninja\n|-supereffective|p1a: Greninja\n|-damage|p1a: Greninja|27\/100\n|\n|t:|1699940869\n|switch|p2a: Ditto|Ditto|100\/100|[from] U-turn\n|-transform|p2a: Ditto|p1a: Greninja|[from] ability: Imposter\n|move|p1a: Greninja|Spikes|p2a: Ditto\n|-start|p1a: Greninja|typechange|Ground|[from] ability: Protean\n|-sidestart|p2: gglao4|Spikes\n|\n|upkeep\n|turn|2\n|\n|t:|1699940884\n|switch|p1a: Corviknight|Corviknight, M, shiny|100\/100\n|-ability|p1a: Corviknight|Pressure\n|move|p2a: Ditto|Hydro Pump|p1a: Corviknight|[miss]\n|-start|p2a: Ditto|typechange|Water|[from] ability: Protean\n|-miss|p2a: Ditto|p1a: Corviknight\n|\n|upkeep\n|turn|3\n|inactive|variares DD has 120 seconds left.\n|\n|t:|1699940917\n|switch|p2a: Gliscor|Gliscor, F|100\/100\n|switch|p1a: Heatran|Heatran, F|100\/100\n|\n|-status|p2a: Gliscor|tox|[from] item: Toxic Orb\n|upkeep\n|turn|4\n|\n|t:|1699940927\n|switch|p1a: Landorus|Landorus-Therian, M|100\/100\n|-ability|p1a: Landorus|Intimidate|boost\n|-unboost|p2a: Gliscor|atk|1\n|move|p2a: Gliscor|Defog|p1a: Landorus\n|-unboost|p1a: Landorus|evasion|1\n|-sideend|p2: gglao4|Spikes|[from] move: Defog|[of] p2a: Gliscor\n|\n|upkeep\n|turn|5\n|\n|t:|1699940931\n|move|p1a: Landorus|Taunt|p2a: Gliscor\n|-start|p2a: Gliscor|move: Taunt\n|cant|p2a: Gliscor|move: Taunt|Toxic\n|\n|upkeep\n|turn|6\n|\n|t:|1699940939\n|move|p1a: Landorus|Swords Dance|p1a: Landorus\n|-boost|p1a: Landorus|atk|2\n|move|p2a: Gliscor|U-turn|p1a: Landorus\n|-resisted|p1a: Landorus\n|-damage|p1a: Landorus|95\/100\n|-damage|p2a: Gliscor|84\/100 tox|[from] item: Rocky Helmet|[of] p1a: Landorus\n|\n|t:|1699940944\n|switch|p2a: Alomomola|Alomomola, M|100\/100|[from] U-turn\n|\n|upkeep\n|turn|7\n|\n|t:|1699940954\n|move|p1a: Landorus|Earthquake|p2a: Alomomola\n|-damage|p2a: Alomomola|44\/100\n|move|p2a: Alomomola|Toxic|p1a: Landorus\n|-status|p1a: Landorus|tox\n|\n|-damage|p1a: Landorus|89\/100 tox|[from] psn\n|upkeep\n|turn|8\n|\n|t:|1699940965\n|switch|p2a: Gliscor|Gliscor, F|84\/100 tox\n|move|p1a: Landorus|Stone Edge|p2a: Gliscor\n|-damage|p2a: Gliscor|20\/100 tox\n|\n|-damage|p1a: Landorus|77\/100 tox|[from] psn\n|-heal|p2a: Gliscor|32\/100 tox|[from] ability: Poison Heal\n|upkeep\n|turn|9\n|\n|t:|1699940977\n|switch|p2a: Ditto|Ditto|100\/100\n|-transform|p2a: Ditto|p1a: Landorus|[from] ability: Imposter\n|-ability|p2a: Ditto|Intimidate|boost\n|-unboost|p1a: Landorus|atk|1\n|move|p1a: Landorus|Stone Edge|p2a: Ditto\n|-damage|p2a: Ditto|33\/100\n|\n|-damage|p1a: Landorus|59\/100 tox|[from] psn\n|upkeep\n|turn|10\n|\n|t:|1699940986\n|switch|p1a: Corviknight|Corviknight, M, shiny|100\/100\n|-ability|p1a: Corviknight|Pressure\n|move|p2a: Ditto|Stone Edge|p1a: Corviknight\n|-damage|p1a: Corviknight|56\/100\n|\n|-heal|p1a: Corviknight|62\/100|[from] item: Leftovers\n|upkeep\n|turn|11\n|\n|t:|1699941001\n|switch|p2a: Alomomola|Alomomola, M|77\/100\n|move|p1a: Corviknight|Roost|p1a: Corviknight\n|-heal|p1a: Corviknight|100\/100\n|-singleturn|p1a: Corviknight|move: Roost\n|\n|upkeep\n|turn|12\n|\n|t:|1699941010\n|switch|p1a: Jirachi|Jirachi|100\/100\n|move|p2a: Alomomola|Wish|p2a: Alomomola\n|\n|upkeep\n|turn|13\n|\n|t:|1699941020\n|move|p1a: Jirachi|Zen Headbutt|p2a: Alomomola\n|-damage|p2a: Alomomola|58\/100\n|-damage|p1a: Jirachi|84\/100|[from] item: Rocky Helmet|[of] p2a: Alomomola\n|cant|p2a: Alomomola|flinch\n|\n|-heal|p2a: Alomomola|100\/100|[from] move: Wish|[wisher] Alomomola\n|upkeep\n|turn|14\n|\n|t:|1699941030\n|switch|p1a: Heatran|Heatran, F|100\/100\n|move|p2a: Alomomola|Knock Off|p1a: Heatran\n|-damage|p1a: Heatran|85\/100\n|-enditem|p1a: Heatran|Leftovers|[from] move: Knock Off|[of] p2a: Alomomola\n|\n|upkeep\n|turn|15\n|\n|t:|1699941045\n|move|p1a: Heatran|Toxic|p2a: Alomomola\n|-status|p2a: Alomomola|tox\n|move|p2a: Alomomola|Wish|p2a: Alomomola\n|\n|-damage|p2a: Alomomola|94\/100 tox|[from] psn\n|upkeep\n|turn|16\n|\n|t:|1699941048\n|move|p1a: Heatran|Stealth Rock|p2a: Alomomola\n|-sidestart|p2: gglao4|move: Stealth Rock\n|move|p2a: Alomomola|Flip Turn|p1a: Heatran\n|-supereffective|p1a: Heatran\n|-damage|p1a: Heatran|59\/100\n|\n|t:|1699941053\n|switch|p2a: Gliscor|Gliscor, F|32\/100 tox|[from] Flip Turn\n|-damage|p2a: Gliscor|20\/100 tox|[from] Stealth Rock\n|\n|-heal|p2a: Gliscor|95\/100 tox|[from] move: Wish|[wisher] Alomomola\n|-heal|p2a: Gliscor|100\/100 tox|[from] ability: Poison Heal\n|upkeep\n|turn|17\n|inactive|variares DD has 120 seconds left.\n|\n|t:|1699941093\n|switch|p1a: Corviknight|Corviknight, M, shiny|100\/100\n|-ability|p1a: Corviknight|Pressure\n|move|p2a: Gliscor|Defog|p1a: Corviknight\n|-unboost|p1a: Corviknight|evasion|1\n|-sideend|p2: gglao4|Stealth Rock|[from] move: Defog|[of] p2a: Gliscor\n|\n|upkeep\n|turn|18\n|\n|t:|1699941102\n|move|p2a: Gliscor|U-turn|p1a: Corviknight\n|-resisted|p1a: Corviknight\n|-damage|p1a: Corviknight|98\/100\n|\n|t:|1699941106\n|switch|p2a: Alomomola|Alomomola, M|100\/100 tox|[from] U-turn\n|move|p1a: Corviknight|Brave Bird|p2a: Alomomola\n|-damage|p2a: Alomomola|80\/100 tox\n|-damage|p1a: Corviknight|82\/100|[from] item: Rocky Helmet|[of] p2a: Alomomola\n|-damage|p1a: Corviknight|73\/100|[from] Recoil\n|\n|-heal|p1a: Corviknight|79\/100|[from] item: Leftovers\n|-damage|p2a: Alomomola|74\/100 tox|[from] psn\n|upkeep\n|turn|19\n|inactive|variares DD has 120 seconds left.\n|\n|t:|1699941118\n|switch|p1a: Heatran|Heatran, F|59\/100\n|move|p2a: Alomomola|Wish|p2a: Alomomola\n|\n|-damage|p2a: Alomomola|62\/100 tox|[from] psn\n|upkeep\n|turn|20\n|\n|t:|1699941125\n|move|p1a: Heatran|Stealth Rock|p2a: Alomomola\n|-sidestart|p2: gglao4|move: Stealth Rock\n|move|p2a: Alomomola|Flip Turn|p1a: Heatran\n|-supereffective|p1a: Heatran\n|-damage|p1a: Heatran|30\/100\n|\n|t:|1699941129\n|switch|p2a: Ditto|Ditto|33\/100|[from] Flip Turn\n|-damage|p2a: Ditto|21\/100|[from] Stealth Rock\n|-transform|p2a: Ditto|p1a: Heatran|[from] ability: Imposter\n|\n|-heal|p2a: Ditto|100\/100|[from] move: Wish|[wisher] Alomomola\n|upkeep\n|turn|21\n|inactive|variares DD has 120 seconds left.\n|\n|t:|1699941149\n|-terastallize|p1a: Heatran|Grass\n|move|p2a: Ditto|Earth Power|p1a: Heatran\n|-resisted|p1a: Heatran\n|-damage|p1a: Heatran|18\/100\n|move|p1a: Heatran|Earth Power|p2a: Ditto\n|-supereffective|p2a: Ditto\n|-damage|p2a: Ditto|0 fnt\n|faint|p2a: Ditto\n|\n|upkeep\n|\n|t:|1699941155\n|switch|p2a: Gliscor|Gliscor, F|100\/100 tox\n|-damage|p2a: Gliscor|88\/100 tox|[from] Stealth Rock\n|turn|22\n|inactive|variares DD has 120 seconds left.\n|\n|t:|1699941184\n|switch|p1a: Altaria|Altaria, F, shiny|100\/100\n|move|p2a: Gliscor|Defog|p1a: Altaria\n|-unboost|p1a: Altaria|evasion|1\n|-sideend|p2: gglao4|Stealth Rock|[from] move: Defog|[of] p2a: Gliscor\n|\n|-heal|p2a: Gliscor|100\/100 tox|[from] ability: Poison Heal\n|upkeep\n|turn|23\n|\n|t:|1699941191\n|detailschange|p1a: Altaria|Altaria-Mega, F, shiny\n|-mega|p1a: Altaria|Altaria|Altarianite\n|move|p2a: Gliscor|Toxic|p1a: Altaria\n|-status|p1a: Altaria|tox\n|move|p1a: Altaria|Heal Bell|p1a: Altaria\n|-activate|p1a: Altaria|move: Heal Bell\n|-curestatus|p1a: Altaria|tox|[msg]\n|-curestatus|p1: Landorus|tox|[msg]\n|\n|upkeep\n|turn|24\n|inactive|variares DD has 120 seconds left.\n|\n|t:|1699941198\n|switch|p1a: Corviknight|Corviknight, M, shiny|79\/100\n|-ability|p1a: Corviknight|Pressure\n|move|p2a: Gliscor|Toxic|p1a: Corviknight\n|-immune|p1a: Corviknight\n|\n|-heal|p1a: Corviknight|85\/100|[from] item: Leftovers\n|upkeep\n|turn|25\n|\n|t:|1699941203\n|move|p2a: Gliscor|U-turn|p1a: Corviknight\n|-resisted|p1a: Corviknight\n|-damage|p1a: Corviknight|82\/100\n|\n|t:|1699941210\n|switch|p2a: Victini|Victini|100\/100|[from] U-turn\n|move|p1a: Corviknight|Brave Bird|p2a: Victini\n|-damage|p2a: Victini|65\/100\n|-damage|p1a: Corviknight|72\/100|[from] Recoil\n|\n|-heal|p1a: Corviknight|78\/100|[from] item: Leftovers\n|upkeep\n|turn|26\n|inactive|variares DD has 120 seconds left.\n|\n|t:|1699941237\n|switch|p1a: Heatran|Heatran, F, tera:Grass|18\/100\n|move|p2a: Victini|U-turn|p1a: Heatran\n|-supereffective|p1a: Heatran\n|-damage|p1a: Heatran|0 fnt\n|faint|p1a: Heatran\n|\n|t:|1699941246\n|switch|p2a: Alomomola|Alomomola, M|95\/100 tox|[from] U-turn\n|\n|-damage|p2a: Alomomola|89\/100 tox|[from] psn\n|upkeep\n|inactive|variares DD has 120 seconds left.\n|\n|t:|1699941261\n|switch|p1a: Greninja|Greninja, M, shiny|27\/100\n|turn|27\n|inactive|variares DD has 120 seconds left.\n|\n|t:|1699941269\n|switch|p1a: Corviknight|Corviknight, M, shiny|78\/100\n|-ability|p1a: Corviknight|Pressure\n|move|p2a: Alomomola|Flip Turn|p1a: Corviknight\n|-damage|p1a: Corviknight|69\/100\n|\n|t:|1699941276\n|switch|p2a: Victini|Victini|65\/100|[from] Flip Turn\n|\n|-heal|p1a: Corviknight|75\/100|[from] item: Leftovers\n|upkeep\n|turn|28\n|inactive|variares DD has 120 seconds left.\n|\n|t:|1699941300\n|switch|p1a: Altaria|Altaria-Mega, F, shiny|100\/100\n|move|p2a: Victini|V-create|p1a: Altaria\n|-resisted|p1a: Altaria\n|-damage|p1a: Altaria|76\/100\n|-unboost|p2a: Victini|spe|1\n|-unboost|p2a: Victini|def|1\n|-unboost|p2a: Victini|spd|1\n|\n|upkeep\n|turn|29\n|inactive|variares DD has 120 seconds left.\n|\n|t:|1699941309\n|switch|p2a: Alomomola|Alomomola, M|100\/100 tox\n|move|p1a: Altaria|Body Slam|p2a: Alomomola\n|-damage|p2a: Alomomola|80\/100 tox\n|-damage|p1a: Altaria|59\/100|[from] item: Rocky Helmet|[of] p2a: Alomomola\n|\n|-damage|p2a: Alomomola|74\/100 tox|[from] psn\n|upkeep\n|turn|30\n|\n|t:|1699941314\n|move|p1a: Altaria|Roost|p1a: Altaria\n|-heal|p1a: Altaria|100\/100\n|-singleturn|p1a: Altaria|move: Roost\n|move|p2a: Alomomola|Toxic|p1a: Altaria\n|-status|p1a: Altaria|tox\n|\n|-damage|p1a: Altaria|94\/100 tox|[from] psn\n|-damage|p2a: Alomomola|62\/100 tox|[from] psn\n|upkeep\n|turn|31\n|\n|t:|1699941333\n|move|p1a: Altaria|Heal Bell|p1a: Altaria\n|-activate|p1a: Altaria|move: Heal Bell\n|-curestatus|p1a: Altaria|tox|[msg]\n|move|p2a: Alomomola|Flip Turn|p1a: Altaria\n|-resisted|p1a: Altaria\n|-damage|p1a: Altaria|89\/100\n|\n|t:|1699941338\n|switch|p2a: Goodra|Goodra-Hisui, F|100\/100|[from] Flip Turn\n|\n|upkeep\n|turn|32\n|inactive|variares DD has 120 seconds left.\n|\n|t:|1699941364\n|switch|p1a: Corviknight|Corviknight, M, shiny|75\/100\n|-ability|p1a: Corviknight|Pressure\n|move|p2a: Goodra|Ice Beam|p1a: Corviknight\n|-damage|p1a: Corviknight|43\/100\n|\n|-heal|p1a: Corviknight|49\/100|[from] item: Leftovers\n|upkeep\n|turn|33\n|\n|t:|1699941373\n|move|p1a: Corviknight|Roost|p1a: Corviknight\n|-heal|p1a: Corviknight|99\/100\n|-singleturn|p1a: Corviknight|move: Roost\n|move|p2a: Goodra|Thunderbolt|p1a: Corviknight\n|-damage|p1a: Corviknight|68\/100\n|\n|-heal|p1a: Corviknight|74\/100|[from] item: Leftovers\n|upkeep\n|turn|34\n|inactive|variares DD has 120 seconds left.\n|\n|t:|1699941403\n|move|p1a: Corviknight|Body Press|p2a: Goodra\n|-supereffective|p2a: Goodra\n|-crit|p2a: Goodra\n|-damage|p2a: Goodra|28\/100\n|move|p2a: Goodra|Ice Beam|p1a: Corviknight\n|-damage|p1a: Corviknight|46\/100\n|-status|p1a: Corviknight|frz\n|\n|-heal|p1a: Corviknight|53\/100 frz|[from] item: Leftovers\n|upkeep\n|turn|35\n|\n|t:|1699941411\n|switch|p1a: Landorus|Landorus-Therian, M|59\/100\n|-ability|p1a: Landorus|Intimidate|boost\n|-unboost|p2a: Goodra|atk|1\n|switch|p2a: Alomomola|Alomomola, M|95\/100 tox\n|\n|-damage|p2a: Alomomola|89\/100 tox|[from] psn\n|upkeep\n|turn|36\n|\n|t:|1699941420\n|move|p1a: Landorus|Taunt|p2a: Alomomola\n|-start|p2a: Alomomola|move: Taunt\n|cant|p2a: Alomomola|move: Taunt|Wish\n|\n|-damage|p2a: Alomomola|77\/100 tox|[from] psn\n|upkeep\n|turn|37\n|inactive|variares DD has 120 seconds left.\n|\n|t:|1699941435\n|switch|p1a: Altaria|Altaria-Mega, F, shiny|89\/100\n|move|p2a: Alomomola|Flip Turn|p1a: Altaria\n|-resisted|p1a: Altaria\n|-damage|p1a: Altaria|84\/100\n|\n|t:|1699941441\n|switch|p2a: Goodra|Goodra-Hisui, F|28\/100|[from] Flip Turn\n|\n|upkeep\n|turn|38\n|\n|t:|1699941455\n|switch|p1a: Jirachi|Jirachi|84\/100\n|switch|p2a: Alomomola|Alomomola, M|100\/100 tox\n|\n|-damage|p2a: Alomomola|94\/100 tox|[from] psn\n|upkeep\n|turn|39\n|\n|t:|1699941460\n|move|p1a: Jirachi|Zen Headbutt|p2a: Alomomola\n|-damage|p2a: Alomomola|75\/100 tox\n|-damage|p1a: Jirachi|68\/100|[from] item: Rocky Helmet|[of] p2a: Alomomola\n|move|p2a: Alomomola|Wish|p2a: Alomomola\n|\n|-damage|p2a: Alomomola|63\/100 tox|[from] psn\n|upkeep\n|turn|40\n|\n|t:|1699941468\n|switch|p1a: Altaria|Altaria-Mega, F, shiny|84\/100\n|move|p2a: Alomomola|Flip Turn|p1a: Altaria\n|-resisted|p1a: Altaria\n|-damage|p1a: Altaria|78\/100\n|\n|t:|1699941472\n|switch|p2a: Goodra|Goodra-Hisui, F|28\/100|[from] Flip Turn\n|\n|-heal|p2a: Goodra|100\/100|[from] move: Wish|[wisher] Alomomola\n|upkeep\n|turn|41\n|\n|t:|1699941481\n|move|p1a: Altaria|Heal Bell|p1a: Altaria\n|-activate|p1a: Altaria|move: Heal Bell\n|-curestatus|p1: Corviknight|frz|[msg]\n|move|p2a: Goodra|Flash Cannon|p1a: Altaria\n|-supereffective|p1a: Altaria\n|-damage|p1a: Altaria|1\/100\n|\n|upkeep\n|turn|42\n|\n|t:|1699941490\n|move|p1a: Altaria|Roost|p1a: Altaria\n|-heal|p1a: Altaria|51\/100\n|-singleturn|p1a: Altaria|move: Roost\n|move|p2a: Goodra|Flash Cannon|p1a: Altaria\n|-supereffective|p1a: Altaria\n|-damage|p1a: Altaria|0 fnt\n|faint|p1a: Altaria\n|\n|upkeep\n|\n|t:|1699941493\n|switch|p1a: Corviknight|Corviknight, M, shiny|53\/100\n|-ability|p1a: Corviknight|Pressure\n|turn|43\n|\n|t:|1699941499\n|switch|p2a: Alomomola|Alomomola, M|96\/100 tox\n|move|p1a: Corviknight|Body Press|p2a: Alomomola\n|-damage|p2a: Alomomola|82\/100 tox\n|-damage|p1a: Corviknight|36\/100|[from] item: Rocky Helmet|[of] p2a: Alomomola\n|\n|-heal|p1a: Corviknight|42\/100|[from] item: Leftovers\n|-damage|p2a: Alomomola|76\/100 tox|[from] psn\n|upkeep\n|turn|44\n|\n|t:|1699941504\n|move|p1a: Corviknight|Roost|p1a: Corviknight\n|-heal|p1a: Corviknight|92\/100\n|-singleturn|p1a: Corviknight|move: Roost\n|move|p2a: Alomomola|Flip Turn|p1a: Corviknight\n|-damage|p1a: Corviknight|81\/100\n|\n|t:|1699941507\n|switch|p2a: Victini|Victini|65\/100|[from] Flip Turn\n|\n|-heal|p1a: Corviknight|87\/100|[from] item: Leftovers\n|upkeep\n|turn|45\n|\n|t:|1699941517\n|switch|p1a: Landorus|Landorus-Therian, M|59\/100\n|-ability|p1a: Landorus|Intimidate|boost\n|-unboost|p2a: Victini|atk|1\n|-terastallize|p2a: Victini|Fire\n|move|p2a: Victini|V-create|p1a: Landorus\n|-damage|p1a: Landorus|0 fnt\n|-unboost|p2a: Victini|spe|1\n|-unboost|p2a: Victini|def|1\n|-unboost|p2a: Victini|spd|1\n|-damage|p2a: Victini|49\/100|[from] item: Rocky Helmet|[of] p1a: Landorus\n|faint|p1a: Landorus\n|\n|upkeep\n|\n|t:|1699941519\n|switch|p1a: Greninja|Greninja, M, shiny|27\/100\n|turn|46\n|\n|t:|1699941532\n|switch|p2a: Goodra|Goodra-Hisui, F|100\/100\n|move|p1a: Greninja|Spikes|p2a: Goodra\n|-start|p1a: Greninja|typechange|Ground|[from] ability: Protean\n|-sidestart|p2: gglao4|Spikes\n|\n|upkeep\n|turn|47\n|\n|t:|1699941538\n|switch|p1a: Corviknight|Corviknight, M, shiny|87\/100\n|-ability|p1a: Corviknight|Pressure\n|move|p2a: Goodra|Ice Beam|p1a: Corviknight\n|-damage|p1a: Corviknight|57\/100\n|-status|p1a: Corviknight|frz\n|\n|-heal|p1a: Corviknight|63\/100 frz|[from] item: Leftovers\n|upkeep\n|turn|48\n|-message|variares DD forfeited.\n|\n|win|gglao4\n|raw|variares DD's rating: 1406 &rarr; <strong>1394<\/strong><br \/>(-12 for losing)\n|raw|gglao4's rating: 1557 &rarr; <strong>1569<\/strong><br \/>(+12 for winning)\n|l|\u2606variares DD\n","uploadtime":1699941547,"views":4,"p1id":"variaresdd","p2id":"gglao4","formatid":"gen9nationaldex","rating":1394,"private":0,"password":""}