{"id":"gen9nationaldex-1993275307","p1":"mnrch","p2":"blanknight","format":"[Gen 9] National Dex","log":"|j|\u2606mnrch\n|j|\u2606blanknight\n|t:|1700288486\n|gametype|singles\n|player|p1|mnrch|lance|1244\n|player|p2|blanknight|dawn|1299\n|teamsize|p1|6\n|teamsize|p2|6\n|gen|9\n|tier|[Gen 9] National Dex\n|rated|\n|rule|HP Percentage Mod: HP is shown in percentages\n|rule|Endless Battle Clause: Forcing endless battles is banned\n|rule|OHKO Clause: OHKO moves are banned\n|rule|Evasion Clause: Evasion abilities, items, and moves are banned\n|rule|Evasion Abilities Clause: Evasion abilities are banned\n|rule|Evasion Items Clause: Evasion items are banned\n|rule|Evasion Moves Clause: Evasion moves are banned\n|rule|Species Clause: Limit one of each Pok\u00e9mon\n|rule|Sleep Clause Mod: Limit one foe put to sleep\n|clearpoke\n|poke|p1|Charizard, M|\n|poke|p1|Kommo-o, F|\n|poke|p1|Ninetales-Alola, M|\n|poke|p1|Metagross|\n|poke|p1|Serperior, M|\n|poke|p1|Inteleon, M|\n|poke|p2|Charizard, M|\n|poke|p2|Serperior, M|\n|poke|p2|Tyranitar, F|\n|poke|p2|Alomomola, F|\n|poke|p2|Great Tusk|\n|poke|p2|Doublade, F|\n|teampreview\n|inactive|Battle timer is ON: inactive players will automatically lose when time's up. (requested by mnrch)\n|\n|t:|1700288504\n|start\n|switch|p1a: Ninetales|Ninetales-Alola, M|100\/100\n|switch|p2a: Doublade|Doublade, F, shiny|100\/100\n|-weather|Snow|[from] ability: Snow Warning|[of] p1a: Ninetales\n|turn|1\n|\n|t:|1700288507\n|move|p1a: Ninetales|Aurora Veil|p1a: Ninetales\n|-sidestart|p1: mnrch|move: Aurora Veil\n|move|p2a: Doublade|Gyro Ball|p1a: Ninetales\n|-supereffective|p1a: Ninetales\n|-damage|p1a: Ninetales|0 fnt\n|faint|p1a: Ninetales\n|\n|-weather|Snow|[upkeep]\n|upkeep\n|\n|t:|1700288511\n|switch|p1a: Charizard|Charizard, M|100\/100\n|turn|2\n|\n|t:|1700288520\n|switch|p2a: Alomomola|Alomomola, F|100\/100\n|detailschange|p1a: Charizard|Charizard-Mega-Y, M\n|-mega|p1a: Charizard|Charizard|Charizardite Y\n|-weather|SunnyDay|[from] ability: Drought|[of] p1a: Charizard\n|move|p1a: Charizard|Will-O-Wisp|p2a: Alomomola\n|-status|p2a: Alomomola|brn\n|\n|-weather|SunnyDay|[upkeep]\n|-damage|p2a: Alomomola|94\/100 brn|[from] brn\n|upkeep\n|turn|3\n|\n|t:|1700288527\n|move|p1a: Charizard|Solar Beam||[still]\n|-prepare|p1a: Charizard|Solar Beam\n|-anim|p1a: Charizard|Solar Beam|p2a: Alomomola\n|-supereffective|p2a: Alomomola\n|-damage|p2a: Alomomola|0 fnt\n|faint|p2a: Alomomola\n|\n|-weather|SunnyDay|[upkeep]\n|upkeep\n|\n|t:|1700288546\n|switch|p2a: Tyranitar|Tyranitar, F|100\/100\n|-weather|Sandstorm|[from] ability: Sand Stream|[of] p2a: Tyranitar\n|turn|4\n|\n|t:|1700288551\n|switch|p1a: Kommo-o|Kommo-o, F|100\/100\n|move|p2a: Tyranitar|Stealth Rock|p1a: Kommo-o\n|-sidestart|p1: mnrch|move: Stealth Rock\n|\n|-weather|Sandstorm|[upkeep]\n|-damage|p1a: Kommo-o|94\/100|[from] Sandstorm\n|upkeep\n|turn|5\n|\n|t:|1700288563\n|-zpower|p1a: Kommo-o\n|move|p1a: Kommo-o|Clangorous Soulblaze|p2a: Tyranitar|[zeffect]\n|-damage|p2a: Tyranitar|69\/100\n|-boost|p1a: Kommo-o|atk|1\n|-boost|p1a: Kommo-o|def|1\n|-boost|p1a: Kommo-o|spa|1\n|-boost|p1a: Kommo-o|spd|1\n|-boost|p1a: Kommo-o|spe|1\n|move|p2a: Tyranitar|Ice Beam|p1a: Kommo-o\n|-supereffective|p1a: Kommo-o\n|-damage|p1a: Kommo-o|73\/100\n|\n|-weather|Sandstorm|[upkeep]\n|-damage|p1a: Kommo-o|67\/100|[from] Sandstorm\n|-sideend|p1: mnrch|move: Aurora Veil\n|upkeep\n|turn|6\n|\n|t:|1700288575\n|move|p1a: Kommo-o|Close Combat|p2a: Tyranitar\n|-supereffective|p2a: Tyranitar\n|-damage|p2a: Tyranitar|0 fnt\n|-unboost|p1a: Kommo-o|def|1\n|-unboost|p1a: Kommo-o|spd|1\n|faint|p2a: Tyranitar\n|\n|-weather|Sandstorm|[upkeep]\n|-damage|p1a: Kommo-o|61\/100|[from] Sandstorm\n|upkeep\n|\n|t:|1700288582\n|switch|p2a: Charizard|Charizard, M, shiny|100\/100\n|turn|7\n|\n|t:|1700288586\n|detailschange|p2a: Charizard|Charizard-Mega-Y, M, shiny\n|-mega|p2a: Charizard|Charizard|Charizardite Y\n|-weather|SunnyDay|[from] ability: Drought|[of] p2a: Charizard\n|move|p1a: Kommo-o|Outrage|p2a: Charizard\n|-damage|p2a: Charizard|0 fnt\n|faint|p2a: Charizard\n|\n|-weather|SunnyDay|[upkeep]\n|upkeep\n|\n|t:|1700288602\n|switch|p2a: Doublade|Doublade, F, shiny|100\/100\n|turn|8\n|\n|t:|1700288607\n|move|p1a: Kommo-o|Outrage|p2a: Doublade|[from]lockedmove\n|-resisted|p2a: Doublade\n|-crit|p2a: Doublade\n|-damage|p2a: Doublade|66\/100\n|-start|p1a: Kommo-o|confusion|[fatigue]\n|move|p2a: Doublade|Gyro Ball|p1a: Kommo-o\n|-immune|p1a: Kommo-o|[from] ability: Bulletproof\n|\n|-weather|SunnyDay|[upkeep]\n|upkeep\n|turn|9\n|\n|t:|1700288618\n|-activate|p1a: Kommo-o|confusion\n|move|p1a: Kommo-o|Outrage|p2a: Doublade\n|-resisted|p2a: Doublade\n|-crit|p2a: Doublade\n|-damage|p2a: Doublade|33\/100\n|move|p2a: Doublade|Shadow Claw|p1a: Kommo-o\n|-crit|p1a: Kommo-o\n|-damage|p1a: Kommo-o|8\/100\n|\n|-weather|SunnyDay|[upkeep]\n|upkeep\n|turn|10\n|\n|t:|1700288623\n|move|p2a: Doublade|Shadow Sneak|p1a: Kommo-o\n|-damage|p1a: Kommo-o|0 fnt\n|faint|p1a: Kommo-o\n|\n|-weather|SunnyDay|[upkeep]\n|upkeep\n|\n|t:|1700288629\n|switch|p1a: Inteleon|Inteleon, M|100\/100\n|-damage|p1a: Inteleon|88\/100|[from] Stealth Rock\n|turn|11\n|\n|t:|1700288637\n|move|p1a: Inteleon|Snipe Shot|p2a: Doublade\n|-damage|p2a: Doublade|3\/100\n|-damage|p1a: Inteleon|78\/100|[from] item: Life Orb\n|move|p2a: Doublade|Gyro Ball|p1a: Inteleon\n|-resisted|p1a: Inteleon\n|-damage|p1a: Inteleon|21\/100\n|\n|-weather|none\n|upkeep\n|turn|12\n|\n|t:|1700288643\n|move|p2a: Doublade|Shadow Sneak|p1a: Inteleon\n|-damage|p1a: Inteleon|0 fnt\n|faint|p1a: Inteleon\n|\n|upkeep\n|\n|t:|1700288649\n|switch|p1a: Metagross|Metagross|100\/100\n|-damage|p1a: Metagross|95\/100|[from] Stealth Rock\n|turn|13\n|\n|t:|1700288653\n|move|p1a: Metagross|Bullet Punch|p2a: Doublade\n|-resisted|p2a: Doublade\n|-damage|p2a: Doublade|0 fnt\n|faint|p2a: Doublade\n|\n|-heal|p1a: Metagross|100\/100|[from] item: Leftovers\n|upkeep\n|\n|t:|1700288656\n|switch|p2a: Great Tusk|Great Tusk, shiny|100\/100\n|turn|14\n|\n|t:|1700288664\n|move|p2a: Great Tusk|Headlong Rush|p1a: Metagross\n|-supereffective|p1a: Metagross\n|-damage|p1a: Metagross|2\/100\n|-unboost|p2a: Great Tusk|def|1\n|-unboost|p2a: Great Tusk|spd|1\n|move|p1a: Metagross|Psycho Cut|p2a: Great Tusk\n|-supereffective|p2a: Great Tusk\n|-damage|p2a: Great Tusk|2\/100\n|\n|-heal|p1a: Metagross|8\/100|[from] item: Leftovers\n|upkeep\n|turn|15\n|\n|t:|1700288676\n|move|p1a: Metagross|Bullet Punch|p2a: Great Tusk\n|-damage|p2a: Great Tusk|0 fnt\n|faint|p2a: Great Tusk\n|-end|p2a: Great Tusk|Protosynthesis|[silent]\n|\n|-heal|p1a: Metagross|14\/100|[from] item: Leftovers\n|upkeep\n|\n|t:|1700288679\n|switch|p2a: Serperior|Serperior, M, shiny|100\/100\n|turn|16\n|\n|t:|1700288686\n|move|p1a: Metagross|Bullet Punch|p2a: Serperior\n|-damage|p2a: Serperior|75\/100\n|move|p2a: Serperior|Leaf Storm|p1a: Metagross\n|-resisted|p1a: Metagross\n|-damage|p1a: Metagross|0 fnt\n|-boost|p2a: Serperior|spa|2\n|faint|p1a: Metagross\n|\n|-heal|p2a: Serperior|81\/100|[from] item: Leftovers\n|upkeep\n|\n|t:|1700288689\n|switch|p1a: Charizard|Charizard-Mega-Y, M|100\/100\n|-damage|p1a: Charizard|51\/100|[from] Stealth Rock\n|-weather|SunnyDay|[from] ability: Drought|[of] p1a: Charizard\n|turn|17\n|\n|t:|1700288701\n|-terastallize|p2a: Serperior|Fire\n|move|p2a: Serperior|Hidden Power|p1a: Charizard\n|-resisted|p1a: Charizard\n|-damage|p1a: Charizard|18\/100\n|move|p1a: Charizard|Flamethrower|p2a: Serperior\n|-resisted|p2a: Serperior\n|-damage|p2a: Serperior|33\/100\n|\n|-weather|SunnyDay|[upkeep]\n|-heal|p2a: Serperior|39\/100|[from] item: Leftovers\n|upkeep\n|turn|18\n|\n|t:|1700288706\n|move|p2a: Serperior|Hidden Power|p1a: Charizard\n|-resisted|p1a: Charizard\n|-damage|p1a: Charizard|0 fnt\n|faint|p1a: Charizard\n|\n|-weather|SunnyDay|[upkeep]\n|-heal|p2a: Serperior|45\/100|[from] item: Leftovers\n|upkeep\n|\n|t:|1700288710\n|switch|p1a: Serperior|Serperior, M|100\/100\n|-damage|p1a: Serperior|88\/100|[from] Stealth Rock\n|turn|19\n|\n|t:|1700288716\n|move|p2a: Serperior|Hidden Power|p1a: Serperior\n|-supereffective|p1a: Serperior\n|-damage|p1a: Serperior|0 fnt\n|faint|p1a: Serperior\n|\n|win|blanknight\n|raw|mnrch's rating: 1244 &rarr; <strong>1223<\/strong><br \/>(-21 for losing)\n|raw|blanknight's rating: 1299 &rarr; <strong>1320<\/strong><br \/>(+21 for winning)\n|l|\u2606mnrch\n","uploadtime":1700288724,"views":8,"p1id":"mnrch","p2id":"blanknight","formatid":"gen9nationaldex","rating":1223,"private":0,"password":""}