{"id":"gen9nationaldex-1991779020","p1":"hackilla15","p2":"nerdZ","format":"[Gen 9] National Dex","log":"|j|\u2606hackilla15\n|j|\u2606nerdZ\n|t:|1700115735\n|gametype|singles\n|player|p1|hackilla15|ethan|1254\n|player|p2|nerdZ|170|1326\n|teamsize|p1|6\n|teamsize|p2|6\n|gen|9\n|tier|[Gen 9] National Dex\n|rated|\n|rule|HP Percentage Mod: HP is shown in percentages\n|rule|Endless Battle Clause: Forcing endless battles is banned\n|rule|OHKO Clause: OHKO moves are banned\n|rule|Evasion Clause: Evasion abilities, items, and moves are banned\n|rule|Evasion Abilities Clause: Evasion abilities are banned\n|rule|Evasion Items Clause: Evasion items are banned\n|rule|Evasion Moves Clause: Evasion moves are banned\n|rule|Species Clause: Limit one of each Pok\u00e9mon\n|rule|Sleep Clause Mod: Limit one foe put to sleep\n|clearpoke\n|poke|p1|Hitmontop, M|\n|poke|p1|Garganacl, M|\n|poke|p1|Volcarona, F|\n|poke|p1|Ribombee, F|\n|poke|p1|Venusaur, M|\n|poke|p1|Krookodile, M|\n|poke|p2|Garchomp, M|\n|poke|p2|Volcarona, F|\n|poke|p2|Diancie|\n|poke|p2|Corviknight, M|\n|poke|p2|Gastrodon, F|\n|poke|p2|Urshifu-*, M|\n|teampreview\n|inactive|Battle timer is ON: inactive players will automatically lose when time's up. (requested by nerdZ)\n|\n|t:|1700115741\n|start\n|switch|p1a: Ribombee|Ribombee, F, shiny|100\/100\n|switch|p2a: Diancie|Diancie|100\/100\n|turn|1\n|\n|t:|1700115754\n|switch|p1a: Venusaur|Venusaur, M, shiny|100\/100\n|detailschange|p2a: Diancie|Diancie-Mega\n|-mega|p2a: Diancie|Diancie|Diancite\n|move|p2a: Diancie|Diamond Storm|p1a: Venusaur|[miss]\n|-miss|p2a: Diancie|p1a: Venusaur\n|\n|upkeep\n|turn|2\n|\n|t:|1700115761\n|switch|p2a: Corviknight|Corviknight, M|100\/100\n|detailschange|p1a: Venusaur|Venusaur-Mega, M, shiny\n|-mega|p1a: Venusaur|Venusaur|Venusaurite\n|move|p1a: Venusaur|Giga Drain|p2a: Corviknight\n|-resisted|p2a: Corviknight\n|-damage|p2a: Corviknight|93\/100\n|\n|upkeep\n|turn|3\n|\n|t:|1700115767\n|switch|p1a: Hitmontop|Hitmontop, M|100\/100\n|-ability|p1a: Hitmontop|Intimidate|boost\n|-ability|p2a: Corviknight|Mirror Armor\n|-unboost|p1a: Hitmontop|atk|1\n|move|p2a: Corviknight|U-turn|p1a: Hitmontop\n|-resisted|p1a: Hitmontop\n|-damage|p1a: Hitmontop|91\/100\n|\n|t:|1700115773\n|switch|p2a: Diancie|Diancie-Mega|100\/100|[from] U-turn\n|\n|upkeep\n|turn|4\n|\n|t:|1700115784\n|move|p2a: Diancie|Stealth Rock|p1a: Hitmontop\n|-sidestart|p1: hackilla15|move: Stealth Rock\n|move|p1a: Hitmontop|Mud-Slap|p2a: Diancie\n|-supereffective|p2a: Diancie\n|-damage|p2a: Diancie|95\/100\n|-unboost|p2a: Diancie|accuracy|1\n|\n|upkeep\n|turn|5\n|\n|t:|1700115789\n|move|p2a: Diancie|Moonblast|p1a: Hitmontop\n|-supereffective|p1a: Hitmontop\n|-damage|p1a: Hitmontop|0 fnt\n|faint|p1a: Hitmontop\n|\n|upkeep\n|\n|t:|1700115794\n|switch|p1a: Volcarona|Volcarona, F, shiny|100\/100\n|turn|6\n|\n|t:|1700115805\n|switch|p2a: Urshifu|Urshifu-Rapid-Strike, M|100\/100\n|move|p1a: Volcarona|Quiver Dance|p1a: Volcarona\n|-boost|p1a: Volcarona|spa|1\n|-boost|p1a: Volcarona|spd|1\n|-boost|p1a: Volcarona|spe|1\n|\n|upkeep\n|turn|7\n|\n|t:|1700115811\n|-terastallize|p1a: Volcarona|Grass\n|move|p2a: Urshifu|Surging Strikes|p1a: Volcarona\n|-resisted|p1a: Volcarona\n|-crit|p1a: Volcarona\n|-damage|p1a: Volcarona|90\/100\n|-status|p2a: Urshifu|brn|[from] ability: Flame Body|[of] p1a: Volcarona\n|-resisted|p1a: Volcarona\n|-crit|p1a: Volcarona\n|-damage|p1a: Volcarona|85\/100\n|-resisted|p1a: Volcarona\n|-crit|p1a: Volcarona\n|-damage|p1a: Volcarona|81\/100\n|-hitcount|p1a: Volcarona|3\n|move|p1a: Volcarona|Giga Drain|p2a: Urshifu\n|-supereffective|p2a: Urshifu\n|-damage|p2a: Urshifu|0 fnt\n|-heal|p1a: Volcarona|100\/100|[from] drain|[of] p2a: Urshifu\n|faint|p2a: Urshifu\n|\n|upkeep\n|\n|t:|1700115828\n|switch|p2a: Volcarona|Volcarona, F|100\/100\n|turn|8\n|\n|t:|1700115831\n|move|p1a: Volcarona|Fiery Dance|p2a: Volcarona\n|-damage|p2a: Volcarona|35\/100\n|-boost|p1a: Volcarona|spa|1\n|move|p2a: Volcarona|Quiver Dance|p2a: Volcarona\n|-boost|p2a: Volcarona|spa|1\n|-boost|p2a: Volcarona|spd|1\n|-boost|p2a: Volcarona|spe|1\n|\n|upkeep\n|turn|9\n|\n|t:|1700115834\n|move|p2a: Volcarona|Fiery Dance|p1a: Volcarona\n|-supereffective|p1a: Volcarona\n|-damage|p1a: Volcarona|13\/100\n|move|p1a: Volcarona|Fiery Dance|p2a: Volcarona\n|-damage|p2a: Volcarona|0 fnt\n|-boost|p1a: Volcarona|spa|1\n|faint|p2a: Volcarona\n|\n|upkeep\n|\n|t:|1700115840\n|switch|p2a: Garchomp|Garchomp, M|100\/100\n|turn|10\n|\n|t:|1700115842\n|move|p1a: Volcarona|Giga Drain|p2a: Garchomp\n|-damage|p2a: Garchomp|0 fnt\n|-heal|p1a: Volcarona|67\/100|[from] drain|[of] p2a: Garchomp\n|faint|p2a: Garchomp\n|\n|upkeep\n|-message|nerdZ forfeited.\n|\n|win|hackilla15\n|raw|hackilla15's rating: 1254 &rarr; <strong>1284<\/strong><br \/>(+30 for winning)\n|raw|nerdZ's rating: 1326 &rarr; <strong>1302<\/strong><br \/>(-24 for losing)\n|l|\u2606nerdZ\n","uploadtime":1700115860,"views":4,"p1id":"hackilla15","p2id":"nerdz","formatid":"gen9nationaldex","rating":1284,"private":0,"password":""}