{"id":"gen9nationaldex-1991579295","p1":"Garry97","p2":"diggy20","format":"[Gen 9] National Dex","log":"|j|\u203dGarry97\n|j|\u2606diggy20\n|t:|1700090465\n|gametype|singles\n|player|p1|Garry97|eri|1411\n|player|p2|diggy20|102|1574\n|teamsize|p1|6\n|teamsize|p2|6\n|gen|9\n|tier|[Gen 9] National Dex\n|rated|\n|rule|HP Percentage Mod: HP is shown in percentages\n|rule|Endless Battle Clause: Forcing endless battles is banned\n|rule|OHKO Clause: OHKO moves are banned\n|rule|Evasion Clause: Evasion abilities, items, and moves are banned\n|rule|Evasion Abilities Clause: Evasion abilities are banned\n|rule|Evasion Items Clause: Evasion items are banned\n|rule|Evasion Moves Clause: Evasion moves are banned\n|rule|Species Clause: Limit one of each Pok\u00e9mon\n|rule|Sleep Clause Mod: Limit one foe put to sleep\n|clearpoke\n|poke|p1|Bewear, M|\n|poke|p1|Hariyama, M|\n|poke|p1|Kommo-o, M|\n|poke|p1|Gallade, M|\n|poke|p1|Lucario, M|\n|poke|p1|Blaziken, M|\n|poke|p2|Tapu Koko|\n|poke|p2|Iron Valiant|\n|poke|p2|Hawlucha, M|\n|poke|p2|Iron Moth|\n|poke|p2|Landorus-Therian, M|\n|poke|p2|Scizor, F|\n|teampreview\n|\n|t:|1700090475\n|start\n|switch|p1a: Blaziken|Blaziken, M|100\/100\n|switch|p2a: Tapu Koko|Tapu Koko|100\/100\n|-fieldstart|move: Electric Terrain|[from] ability: Electric Surge|[of] p2a: Tapu Koko\n|turn|1\n|\n|t:|1700090485\n|move|p1a: Blaziken|Protect|p1a: Blaziken\n|-singleturn|p1a: Blaziken|Protect\n|move|p2a: Tapu Koko|U-turn|p1a: Blaziken\n|-activate|p1a: Blaziken|move: Protect\n|\n|-ability|p1a: Blaziken|Speed Boost|boost\n|-boost|p1a: Blaziken|spe|1\n|upkeep\n|turn|2\n|\n|t:|1700090497\n|switch|p2a: Landorus|Landorus-Therian, M|100\/100\n|-ability|p2a: Landorus|Intimidate|boost\n|-unboost|p1a: Blaziken|atk|1\n|-terastallize|p1a: Blaziken|Fire\n|move|p1a: Blaziken|Fire Blast|p2a: Landorus\n|-damage|p2a: Landorus|4\/100\n|-enditem|p2a: Landorus|Eject Button\n|-damage|p1a: Blaziken|91\/100|[from] item: Life Orb\n|\n|t:|1700090512\n|switch|p2a: Iron Moth|Iron Moth|100\/100\n|-activate|p2a: Iron Moth|ability: Quark Drive\n|-start|p2a: Iron Moth|quarkdrivespe\n|\n|-ability|p1a: Blaziken|Speed Boost|boost\n|-boost|p1a: Blaziken|spe|1\n|upkeep\n|turn|3\n|\n|t:|1700090520\n|move|p1a: Blaziken|Protect|p1a: Blaziken\n|-singleturn|p1a: Blaziken|Protect\n|move|p2a: Iron Moth|Sludge Wave|p1a: Blaziken\n|-activate|p1a: Blaziken|move: Protect\n|\n|-ability|p1a: Blaziken|Speed Boost|boost\n|-boost|p1a: Blaziken|spe|1\n|upkeep\n|turn|4\n|\n|t:|1700090529\n|move|p1a: Blaziken|Scorching Sands|p2a: Iron Moth\n|-supereffective|p2a: Iron Moth\n|-damage|p2a: Iron Moth|1\/100\n|-damage|p1a: Blaziken|81\/100|[from] item: Life Orb\n|move|p2a: Iron Moth|Sludge Wave|p1a: Blaziken\n|-damage|p1a: Blaziken|12\/100\n|\n|-ability|p1a: Blaziken|Speed Boost|boost\n|-boost|p1a: Blaziken|spe|1\n|upkeep\n|turn|5\n|\n|t:|1700090541\n|move|p1a: Blaziken|Aura Sphere|p2a: Iron Moth\n|-resisted|p2a: Iron Moth\n|-damage|p2a: Iron Moth|0 fnt\n|faint|p2a: Iron Moth\n|-end|p2a: Iron Moth|Quark Drive|[silent]\n|-damage|p1a: Blaziken|2\/100|[from] item: Life Orb\n|\n|-ability|p1a: Blaziken|Speed Boost|boost\n|-boost|p1a: Blaziken|spe|1\n|upkeep\n|\n|t:|1700090545\n|switch|p2a: Scizor|Scizor, F|100\/100\n|turn|6\n|\n|t:|1700090554\n|switch|p1a: Bewear|Bewear, M|100\/100\n|detailschange|p2a: Scizor|Scizor-Mega, F\n|-mega|p2a: Scizor|Scizor|Scizorite\n|move|p2a: Scizor|Bullet Punch|p1a: Bewear\n|-damage|p1a: Bewear|89\/100\n|-damage|p2a: Scizor|84\/100|[from] item: Rocky Helmet|[of] p1a: Bewear\n|\n|upkeep\n|turn|7\n|\n|t:|1700090569\n|switch|p2a: Landorus|Landorus-Therian, M|4\/100\n|-ability|p2a: Landorus|Intimidate|boost\n|-unboost|p1a: Bewear|atk|1\n|switch|p1a: Hariyama|Hariyama, M, shiny|100\/100\n|\n|upkeep\n|turn|8\n|\n|t:|1700090577\n|move|p1a: Hariyama|Fake Out|p2a: Landorus\n|-damage|p2a: Landorus|0 fnt\n|faint|p2a: Landorus\n|\n|-fieldend|move: Electric Terrain\n|upkeep\n|\n|t:|1700090581\n|switch|p2a: Tapu Koko|Tapu Koko|100\/100\n|-fieldstart|move: Electric Terrain|[from] ability: Electric Surge|[of] p2a: Tapu Koko\n|turn|9\n|\n|t:|1700090589\n|move|p2a: Tapu Koko|U-turn|p1a: Hariyama\n|-resisted|p1a: Hariyama\n|-damage|p1a: Hariyama|91\/100\n|\n|t:|1700090596\n|switch|p2a: Hawlucha|Hawlucha, M|100\/100|[from] U-turn\n|-enditem|p2a: Hawlucha|Electric Seed\n|-boost|p2a: Hawlucha|def|1|[from] item: Electric Seed\n|move|p1a: Hariyama|Stone Edge|p2a: Hawlucha\n|-damage|p2a: Hawlucha|68\/100\n|\n|upkeep\n|turn|10\n|l|\u203dGarry97\n|player|p1|\n|j|\u203dGarry97\n|player|p1|Garry97|eri\n|n|\u203dGarry97|garry97\n|n|\u203dGarry97|garry97\n|n|\u203dGarry97|garry97\n|n|\u203dGarry97|garry97\n|\n|t:|1700090617\n|switch|p1a: Bewear|Bewear, M|89\/100\n|move|p2a: Hawlucha|Swords Dance|p2a: Hawlucha\n|-boost|p2a: Hawlucha|atk|2\n|\n|upkeep\n|turn|11\n|\n|t:|1700090624\n|move|p2a: Hawlucha|Acrobatics|p1a: Bewear\n|-supereffective|p1a: Bewear\n|-damage|p1a: Bewear|27\/100\n|-damage|p2a: Hawlucha|52\/100|[from] item: Rocky Helmet|[of] p1a: Bewear\n|move|p1a: Bewear|Ice Punch|p2a: Hawlucha\n|-supereffective|p2a: Hawlucha\n|-damage|p2a: Hawlucha|12\/100\n|\n|upkeep\n|turn|12\n|\n|t:|1700090632\n|move|p2a: Hawlucha|Acrobatics|p1a: Bewear\n|-supereffective|p1a: Bewear\n|-damage|p1a: Bewear|0 fnt\n|-damage|p2a: Hawlucha|0 fnt|[from] item: Rocky Helmet|[of] p1a: Bewear\n|faint|p1a: Bewear\n|faint|p2a: Hawlucha\n|\n|upkeep\n|\n|t:|1700090647\n|switch|p2a: Iron Valiant|Iron Valiant|100\/100\n|switch|p1a: Hariyama|Hariyama, M, shiny|91\/100\n|-activate|p2a: Iron Valiant|ability: Quark Drive\n|-start|p2a: Iron Valiant|quarkdrivespe\n|turn|13\n|\n|t:|1700090654\n|move|p1a: Hariyama|Fake Out|p2a: Iron Valiant\n|-damage|p2a: Iron Valiant|83\/100\n|cant|p2a: Iron Valiant|flinch\n|\n|upkeep\n|turn|14\n|\n|t:|1700090661\n|move|p2a: Iron Valiant|Moonblast|p1a: Hariyama\n|-supereffective|p1a: Hariyama\n|-damage|p1a: Hariyama|23\/100\n|-damage|p2a: Iron Valiant|73\/100|[from] item: Life Orb\n|move|p1a: Hariyama|Close Combat|p2a: Iron Valiant\n|-resisted|p2a: Iron Valiant\n|-damage|p2a: Iron Valiant|29\/100\n|-unboost|p1a: Hariyama|def|1\n|-unboost|p1a: Hariyama|spd|1\n|\n|upkeep\n|turn|15\n|\n|t:|1700090673\n|move|p2a: Iron Valiant|Moonblast|p1a: Hariyama\n|-supereffective|p1a: Hariyama\n|-damage|p1a: Hariyama|0 fnt\n|faint|p1a: Hariyama\n|-damage|p2a: Iron Valiant|19\/100|[from] item: Life Orb\n|\n|upkeep\n|\n|t:|1700090687\n|switch|p1a: Blaziken|Blaziken, M, tera:Fire|2\/100\n|turn|16\n|\n|t:|1700090692\n|move|p1a: Blaziken|Protect|p1a: Blaziken\n|-singleturn|p1a: Blaziken|Protect\n|move|p2a: Iron Valiant|Moonblast|p1a: Blaziken\n|-activate|p1a: Blaziken|move: Protect\n|\n|-fieldend|move: Electric Terrain\n|-end|p2a: Iron Valiant|Quark Drive\n|-ability|p1a: Blaziken|Speed Boost|boost\n|-boost|p1a: Blaziken|spe|1\n|upkeep\n|turn|17\n|\n|t:|1700090703\n|-end|p2a: Iron Valiant|Quark Drive|[silent]\n|switch|p2a: Tapu Koko|Tapu Koko|100\/100\n|-fieldstart|move: Electric Terrain|[from] ability: Electric Surge|[of] p2a: Tapu Koko\n|move|p1a: Blaziken|Fire Blast|p2a: Tapu Koko\n|-damage|p2a: Tapu Koko|0 fnt\n|faint|p2a: Tapu Koko\n|-damage|p1a: Blaziken|0 fnt|[from] item: Life Orb\n|faint|p1a: Blaziken\n|\n|upkeep\n|\n|t:|1700090717\n|switch|p2a: Iron Valiant|Iron Valiant|19\/100\n|switch|p1a: Lucario|Lucario, M|100\/100\n|-activate|p2a: Iron Valiant|ability: Quark Drive\n|-start|p2a: Iron Valiant|quarkdrivespe\n|turn|18\n|\n|t:|1700090725\n|move|p1a: Lucario|Extreme Speed|p2a: Iron Valiant\n|-damage|p2a: Iron Valiant|0 fnt\n|faint|p2a: Iron Valiant\n|-end|p2a: Iron Valiant|Quark Drive|[silent]\n|\n|upkeep\n|\n|t:|1700090728\n|switch|p2a: Scizor|Scizor-Mega, F|84\/100\n|turn|19\n|\n|t:|1700090732\n|switch|p1a: Kommo-o|Kommo-o, M|100\/100\n|move|p2a: Scizor|Swords Dance|p2a: Scizor\n|-boost|p2a: Scizor|atk|2\n|\n|upkeep\n|turn|20\n|\n|t:|1700090739\n|move|p1a: Kommo-o|Flamethrower|p2a: Scizor\n|-supereffective|p2a: Scizor\n|-damage|p2a: Scizor|0 fnt\n|faint|p2a: Scizor\n|\n|win|Garry97\n|raw|Garry97's rating: 1411 &rarr; <strong>1440<\/strong><br \/>(+29 for winning)\n|raw|diggy20's rating: 1574 &rarr; <strong>1545<\/strong><br \/>(-29 for losing)\n|l|\u2606diggy20\n","uploadtime":1700090770,"views":13,"p1id":"garry97","p2id":"diggy20","formatid":"gen9nationaldex","rating":1440,"private":0,"password":""}