{"id":"gen9nationaldex-1993760720","p1":"eu amo o Snorlax","p2":"lilyecaccavava","format":"[Gen 9] National Dex","log":"|j|\u2606eu amo o Snorlax\n|j|\u2606lilyecaccavava\n|t:|1700354058\n|gametype|singles\n|player|p1|eu amo o Snorlax|cilan|1154\n|player|p2|lilyecaccavava|102|1075\n|teamsize|p1|6\n|teamsize|p2|6\n|gen|9\n|tier|[Gen 9] National Dex\n|rated|\n|rule|HP Percentage Mod: HP is shown in percentages\n|rule|Endless Battle Clause: Forcing endless battles is banned\n|rule|OHKO Clause: OHKO moves are banned\n|rule|Evasion Clause: Evasion abilities, items, and moves are banned\n|rule|Evasion Abilities Clause: Evasion abilities are banned\n|rule|Evasion Items Clause: Evasion items are banned\n|rule|Evasion Moves Clause: Evasion moves are banned\n|rule|Species Clause: Limit one of each Pok\u00e9mon\n|rule|Sleep Clause Mod: Limit one foe put to sleep\n|clearpoke\n|poke|p1|Kommo-o, F|\n|poke|p1|Tornadus-Therian, M|\n|poke|p1|Cinderace, M|\n|poke|p1|Slowking-Galar, F|\n|poke|p1|Scizor, M|\n|poke|p1|Ting-Lu|\n|poke|p2|Gliscor, F|\n|poke|p2|Toxapex, M|\n|poke|p2|Tapu Koko|\n|poke|p2|Kartana|\n|poke|p2|Volcarona, M|\n|poke|p2|Tyranitar, M|\n|teampreview\n|inactive|Battle timer is ON: inactive players will automatically lose when time's up. (requested by eu amo o Snorlax)\n|\n|t:|1700354070\n|start\n|switch|p1a: Cinderace|Cinderace, M|100\/100\n|switch|p2a: Tapu Koko|Tapu Koko|100\/100\n|-fieldstart|move: Electric Terrain|[from] ability: Electric Surge|[of] p2a: Tapu Koko\n|turn|1\n|\n|t:|1700354078\n|move|p2a: Tapu Koko|Volt Switch|p1a: Cinderace\n|-damage|p1a: Cinderace|54\/100\n|\n|t:|1700354093\n|switch|p2a: Toxapex|Toxapex, M, shiny|100\/100|[from] Volt Switch\n|move|p1a: Cinderace|Will-O-Wisp|p2a: Toxapex\n|-status|p2a: Toxapex|brn\n|\n|-damage|p2a: Toxapex|94\/100 brn|[from] brn\n|upkeep\n|turn|2\n|\n|t:|1700354105\n|move|p1a: Cinderace|Court Change||[still]\n|-swapsideconditions\n|-fail|p1a: Cinderace\n|move|p2a: Toxapex|Toxic Spikes|p1a: Cinderace\n|-sidestart|p1: eu amo o Snorlax|move: Toxic Spikes\n|\n|-damage|p2a: Toxapex|88\/100 brn|[from] brn\n|upkeep\n|turn|3\n|\n|t:|1700354117\n|move|p1a: Cinderace|U-turn|p2a: Toxapex\n|-resisted|p2a: Toxapex\n|-damage|p2a: Toxapex|82\/100 brn\n|\n|t:|1700354119\n|switch|p1a: Slowking|Slowking-Galar, F|100\/100|[from] U-turn\n|-sideend|p1: eu amo o Snorlax|move: Toxic Spikes|[of] p1a: Slowking\n|move|p2a: Toxapex|Scald|p1a: Slowking\n|-damage|p1a: Slowking|90\/100\n|-status|p1a: Slowking|brn\n|\n|-damage|p2a: Toxapex|75\/100 brn|[from] brn\n|-damage|p1a: Slowking|84\/100 brn|[from] brn\n|upkeep\n|turn|4\n|\n|t:|1700354131\n|move|p2a: Toxapex|Knock Off|p1a: Slowking\n|-supereffective|p1a: Slowking\n|-damage|p1a: Slowking|71\/100 brn\n|-enditem|p1a: Slowking|Heavy-Duty Boots|[from] move: Knock Off|[of] p2a: Toxapex\n|move|p1a: Slowking|Future Sight|p2a: Toxapex\n|-start|p1a: Slowking|move: Future Sight\n|\n|-damage|p2a: Toxapex|69\/100 brn|[from] brn\n|-damage|p1a: Slowking|65\/100 brn|[from] brn\n|upkeep\n|turn|5\n|\n|t:|1700354141\n|move|p2a: Toxapex|Knock Off|p1a: Slowking\n|-supereffective|p1a: Slowking\n|-damage|p1a: Slowking|56\/100 brn\n|move|p1a: Slowking|Thunder Wave||[still]\n|-fail|p1a: Slowking\n|\n|-damage|p2a: Toxapex|63\/100 brn|[from] brn\n|-damage|p1a: Slowking|50\/100 brn|[from] brn\n|-fieldend|move: Electric Terrain\n|upkeep\n|turn|6\n|\n|t:|1700354153\n|switch|p2a: Tyranitar|Tyranitar, M, shiny|100\/100\n|-weather|Sandstorm|[from] ability: Sand Stream|[of] p2a: Tyranitar\n|move|p1a: Slowking|Chilly Reception|p1a: Slowking\n|-weather|Snow\n|\n|t:|1700354160\n|switch|p1a: Scizor|Scizor, M|100\/100|[from] Chilly Reception\n|\n|-weather|Snow|[upkeep]\n|-end|p2a: Tyranitar|move: Future Sight\n|-immune|p2a: Tyranitar\n|upkeep\n|turn|7\n|\n|t:|1700354171\n|switch|p2a: Volcarona|Volcarona, M, shiny|100\/100\n|detailschange|p1a: Scizor|Scizor-Mega, M\n|-mega|p1a: Scizor|Scizor|Scizorite\n|move|p1a: Scizor|Bullet Punch|p2a: Volcarona\n|-resisted|p2a: Volcarona\n|-damage|p2a: Volcarona|85\/100\n|\n|-weather|Snow|[upkeep]\n|upkeep\n|turn|8\n|\n|t:|1700354188\n|switch|p1a: Tornadus|Tornadus-Therian, M|100\/100\n|move|p2a: Volcarona|Fiery Dance|p1a: Tornadus\n|-damage|p1a: Tornadus|55\/100\n|\n|-weather|Snow|[upkeep]\n|upkeep\n|turn|9\n|\n|t:|1700354208\n|switch|p2a: Tyranitar|Tyranitar, M, shiny|100\/100\n|-weather|Sandstorm|[from] ability: Sand Stream|[of] p2a: Tyranitar\n|move|p1a: Tornadus|Nasty Plot|p1a: Tornadus\n|-boost|p1a: Tornadus|spa|2\n|\n|-weather|Sandstorm|[upkeep]\n|-damage|p1a: Tornadus|49\/100|[from] Sandstorm\n|upkeep\n|turn|10\n|\n|t:|1700354223\n|switch|p2a: Volcarona|Volcarona, M, shiny|85\/100\n|move|p1a: Tornadus|Focus Blast|p2a: Volcarona\n|-resisted|p2a: Volcarona\n|-damage|p2a: Volcarona|56\/100\n|\n|-weather|Sandstorm|[upkeep]\n|-damage|p1a: Tornadus|43\/100|[from] Sandstorm\n|-damage|p2a: Volcarona|50\/100|[from] Sandstorm\n|upkeep\n|turn|11\n|inactive|lilyecaccavava has 120 seconds left.\n|\n|t:|1700354250\n|switch|p2a: Tyranitar|Tyranitar, M, shiny|100\/100\n|-zpower|p1a: Tornadus\n|move|p1a: Tornadus|Supersonic Skystrike|p2a: Tyranitar|[zeffect]\n|-resisted|p2a: Tyranitar\n|-damage|p2a: Tyranitar|51\/100\n|\n|-weather|Sandstorm|[upkeep]\n|-damage|p1a: Tornadus|37\/100|[from] Sandstorm\n|upkeep\n|turn|12\n|inactive|lilyecaccavava has 120 seconds left.\n|\n|t:|1700354266\n|switch|p2a: Toxapex|Toxapex, M, shiny|96\/100 brn\n|move|p1a: Tornadus|Hurricane|p2a: Toxapex\n|-damage|p2a: Toxapex|28\/100 brn\n|\n|-weather|Sandstorm|[upkeep]\n|-damage|p1a: Tornadus|31\/100|[from] Sandstorm\n|-damage|p2a: Toxapex|22\/100 brn|[from] Sandstorm\n|-damage|p2a: Toxapex|16\/100 brn|[from] brn\n|upkeep\n|turn|13\n|inactive|lilyecaccavava has 120 seconds left.\n|\n|t:|1700354287\n|switch|p2a: Tyranitar|Tyranitar, M, shiny|51\/100\n|move|p1a: Tornadus|Hurricane|p2a: Tyranitar\n|-resisted|p2a: Tyranitar\n|-damage|p2a: Tyranitar|20\/100\n|-start|p2a: Tyranitar|confusion\n|\n|-weather|none\n|upkeep\n|turn|14\n|\n|t:|1700354297\n|detailschange|p2a: Tyranitar|Tyranitar-Mega, M, shiny\n|-mega|p2a: Tyranitar|Tyranitar|Tyranitarite\n|-weather|Sandstorm|[from] ability: Sand Stream|[of] p2a: Tyranitar\n|move|p1a: Tornadus|Focus Blast|p2a: Tyranitar\n|-supereffective|p2a: Tyranitar\n|-damage|p2a: Tyranitar|0 fnt\n|faint|p2a: Tyranitar\n|\n|-weather|Sandstorm|[upkeep]\n|-damage|p1a: Tornadus|25\/100|[from] Sandstorm\n|upkeep\n|\n|t:|1700354308\n|switch|p2a: Tapu Koko|Tapu Koko|100\/100\n|-fieldstart|move: Electric Terrain|[from] ability: Electric Surge|[of] p2a: Tapu Koko\n|turn|15\n|\n|t:|1700354318\n|switch|p1a: Slowking|Slowking-Galar, F|83\/100 brn\n|move|p2a: Tapu Koko|Volt Switch|p1a: Slowking\n|-damage|p1a: Slowking|63\/100 brn\n|\n|t:|1700354327\n|switch|p2a: Gliscor|Gliscor, F, shiny|100\/100|[from] Volt Switch\n|\n|-weather|Sandstorm|[upkeep]\n|-damage|p1a: Slowking|57\/100 brn|[from] Sandstorm\n|-damage|p1a: Slowking|51\/100 brn|[from] brn\n|-status|p2a: Gliscor|tox|[from] item: Toxic Orb\n|upkeep\n|turn|16\n|\n|t:|1700354337\n|move|p2a: Gliscor|Toxic||[still]\n|-fail|p2a: Gliscor\n|move|p1a: Slowking|Future Sight|p2a: Gliscor\n|-start|p1a: Slowking|move: Future Sight\n|\n|-weather|Sandstorm|[upkeep]\n|-damage|p1a: Slowking|45\/100 brn|[from] Sandstorm\n|-damage|p1a: Slowking|38\/100 brn|[from] brn\n|upkeep\n|turn|17\n|\n|t:|1700354345\n|move|p2a: Gliscor|Earthquake|p1a: Slowking\n|-supereffective|p1a: Slowking\n|-damage|p1a: Slowking|0 fnt\n|faint|p1a: Slowking\n|\n|-weather|Sandstorm|[upkeep]\n|upkeep\n|\n|t:|1700354356\n|switch|p1a: Kommo-o|Kommo-o, F|100\/100\n|turn|18\n|\n|t:|1700354364\n|move|p1a: Kommo-o|Clangorous Soul|p1a: Kommo-o\n|-boost|p1a: Kommo-o|atk|1\n|-boost|p1a: Kommo-o|def|1\n|-boost|p1a: Kommo-o|spa|1\n|-boost|p1a: Kommo-o|spd|1\n|-boost|p1a: Kommo-o|spe|1\n|-damage|p1a: Kommo-o|68\/100\n|-enditem|p1a: Kommo-o|Throat Spray\n|-boost|p1a: Kommo-o|spa|1|[from] item: Throat Spray\n|move|p2a: Gliscor|Toxic|p1a: Kommo-o\n|-status|p1a: Kommo-o|tox\n|\n|-weather|none\n|-end|p2a: Gliscor|move: Future Sight\n|-damage|p2a: Gliscor|50\/100 tox\n|-damage|p1a: Kommo-o|61\/100 tox|[from] psn\n|-heal|p2a: Gliscor|63\/100 tox|[from] ability: Poison Heal\n|upkeep\n|turn|19\n|inactive|lilyecaccavava has 120 seconds left.\n|\n|t:|1700354380\n|move|p2a: Gliscor|Protect|p2a: Gliscor\n|-singleturn|p2a: Gliscor|Protect\n|move|p1a: Kommo-o|Clanging Scales|p2a: Gliscor\n|-activate|p2a: Gliscor|move: Protect\n|\n|-damage|p1a: Kommo-o|49\/100 tox|[from] psn\n|-heal|p2a: Gliscor|75\/100 tox|[from] ability: Poison Heal\n|-fieldend|move: Electric Terrain\n|upkeep\n|turn|20\n|inactive|lilyecaccavava has 120 seconds left.\n|\n|t:|1700354397\n|switch|p2a: Tapu Koko|Tapu Koko|100\/100\n|-fieldstart|move: Electric Terrain|[from] ability: Electric Surge|[of] p2a: Tapu Koko\n|move|p1a: Kommo-o|Clanging Scales|p2a: Tapu Koko\n|-immune|p2a: Tapu Koko\n|\n|-damage|p1a: Kommo-o|30\/100 tox|[from] psn\n|upkeep\n|turn|21\n|inactive|lilyecaccavava has 120 seconds left.\n|\n|t:|1700354417\n|switch|p2a: Volcarona|Volcarona, M, shiny|50\/100\n|-terastallize|p1a: Kommo-o|Normal\n|move|p1a: Kommo-o|Boomburst|p2a: Volcarona\n|-crit|p2a: Volcarona\n|-damage|p2a: Volcarona|0 fnt\n|faint|p2a: Volcarona\n|\n|-damage|p1a: Kommo-o|6\/100 tox|[from] psn\n|upkeep\n|\n|t:|1700354430\n|switch|p2a: Gliscor|Gliscor, F, shiny|75\/100 tox\n|turn|22\n|\n|t:|1700354436\n|switch|p1a: Tornadus|Tornadus-Therian, M|58\/100\n|move|p2a: Gliscor|Protect||[still]\n|-fail|p2a: Gliscor\n|\n|-heal|p2a: Gliscor|88\/100 tox|[from] ability: Poison Heal\n|upkeep\n|turn|23\n|\n|t:|1700354443\n|move|p1a: Tornadus|Taunt|p2a: Gliscor\n|-start|p2a: Gliscor|move: Taunt\n|cant|p2a: Gliscor|move: Taunt|Toxic\n|\n|-heal|p2a: Gliscor|99\/100 tox|[from] ability: Poison Heal\n|upkeep\n|turn|24\n|\n|t:|1700354456\n|switch|p1a: Ting-Lu|Ting-Lu|100\/100\n|-ability|p1a: Ting-Lu|Vessel of Ruin\n|switch|p2a: Tapu Koko|Tapu Koko|100\/100\n|\n|-fieldend|move: Electric Terrain\n|upkeep\n|turn|25\n|\n|t:|1700354465\n|move|p2a: Tapu Koko|Taunt|p1a: Ting-Lu\n|-start|p1a: Ting-Lu|move: Taunt\n|cant|p1a: Ting-Lu|move: Taunt|Stealth Rock\n|\n|upkeep\n|turn|26\n|\n|t:|1700354472\n|switch|p2a: Gliscor|Gliscor, F, shiny|99\/100 tox\n|move|p1a: Ting-Lu|Earthquake|p2a: Gliscor\n|-immune|p2a: Gliscor\n|\n|-heal|p2a: Gliscor|100\/100 tox|[from] ability: Poison Heal\n|upkeep\n|turn|27\n|\n|t:|1700354481\n|move|p2a: Gliscor|Earthquake|p1a: Ting-Lu\n|-damage|p1a: Ting-Lu|85\/100\n|move|p1a: Ting-Lu|Ruination|p2a: Gliscor\n|-damage|p2a: Gliscor|50\/100 tox\n|\n|-heal|p1a: Ting-Lu|92\/100|[from] item: Leftovers\n|-heal|p2a: Gliscor|63\/100 tox|[from] ability: Poison Heal\n|-end|p1a: Ting-Lu|move: Taunt\n|upkeep\n|turn|28\n|\n|t:|1700354493\n|move|p2a: Gliscor|Toxic|p1a: Ting-Lu\n|-status|p1a: Ting-Lu|tox\n|move|p1a: Ting-Lu|Ruination|p2a: Gliscor\n|-damage|p2a: Gliscor|32\/100 tox\n|\n|-heal|p1a: Ting-Lu|98\/100 tox|[from] item: Leftovers\n|-heal|p2a: Gliscor|44\/100 tox|[from] ability: Poison Heal\n|-damage|p1a: Ting-Lu|92\/100 tox|[from] psn\n|upkeep\n|turn|29\n|\n|t:|1700354505\n|move|p2a: Gliscor|Roost|p2a: Gliscor\n|-heal|p2a: Gliscor|94\/100 tox\n|-singleturn|p2a: Gliscor|move: Roost\n|move|p1a: Ting-Lu|Stealth Rock|p2a: Gliscor\n|-sidestart|p2: lilyecaccavava|move: Stealth Rock\n|\n|-heal|p1a: Ting-Lu|98\/100 tox|[from] item: Leftovers\n|-heal|p2a: Gliscor|100\/100 tox|[from] ability: Poison Heal\n|-damage|p1a: Ting-Lu|85\/100 tox|[from] psn\n|upkeep\n|turn|30\n|\n|t:|1700354518\n|move|p2a: Gliscor|Earthquake|p1a: Ting-Lu\n|-damage|p1a: Ting-Lu|70\/100 tox\n|move|p1a: Ting-Lu|Whirlwind|p2a: Gliscor\n|drag|p2a: Tapu Koko|Tapu Koko|100\/100\n|-fieldstart|move: Electric Terrain|[from] ability: Electric Surge|[of] p2a: Tapu Koko\n|\n|-heal|p1a: Ting-Lu|76\/100 tox|[from] item: Leftovers\n|-damage|p1a: Ting-Lu|58\/100 tox|[from] psn\n|upkeep\n|turn|31\n|\n|t:|1700354531\n|switch|p2a: Gliscor|Gliscor, F, shiny|100\/100 tox\n|-damage|p2a: Gliscor|88\/100 tox|[from] Stealth Rock\n|move|p1a: Ting-Lu|Ruination|p2a: Gliscor\n|-damage|p2a: Gliscor|44\/100 tox\n|\n|-heal|p1a: Ting-Lu|64\/100 tox|[from] item: Leftovers\n|-heal|p2a: Gliscor|57\/100 tox|[from] ability: Poison Heal\n|-damage|p1a: Ting-Lu|39\/100 tox|[from] psn\n|upkeep\n|turn|32\n|\n|t:|1700354542\n|switch|p1a: Kommo-o|Kommo-o, F, tera:Normal|6\/100 tox\n|move|p2a: Gliscor|Roost|p2a: Gliscor\n|-heal|p2a: Gliscor|100\/100 tox\n|-singleturn|p2a: Gliscor|move: Roost\n|\n|-damage|p1a: Kommo-o|0 fnt|[from] psn\n|faint|p1a: Kommo-o\n|upkeep\n|\n|t:|1700354555\n|switch|p1a: Scizor|Scizor-Mega, M|100\/100\n|turn|33\n|\n|t:|1700354561\n|move|p2a: Gliscor|Earthquake|p1a: Scizor\n|-damage|p1a: Scizor|81\/100\n|move|p1a: Scizor|Swords Dance|p1a: Scizor\n|-boost|p1a: Scizor|atk|2\n|\n|upkeep\n|turn|34\n|\n|t:|1700354570\n|switch|p2a: Toxapex|Toxapex, M, shiny|49\/100 brn\n|move|p1a: Scizor|Swords Dance|p1a: Scizor\n|-boost|p1a: Scizor|atk|2\n|\n|-damage|p2a: Toxapex|43\/100 brn|[from] brn\n|-fieldend|move: Electric Terrain\n|upkeep\n|turn|35\n|\n|t:|1700354579\n|move|p1a: Scizor|Bullet Punch|p2a: Toxapex\n|-resisted|p2a: Toxapex\n|-damage|p2a: Toxapex|15\/100 brn\n|move|p2a: Toxapex|Scald|p1a: Scizor\n|-damage|p1a: Scizor|67\/100\n|\n|-damage|p2a: Toxapex|8\/100 brn|[from] brn\n|upkeep\n|turn|36\n|\n|t:|1700354594\n|switch|p2a: Tapu Koko|Tapu Koko|100\/100\n|-fieldstart|move: Electric Terrain|[from] ability: Electric Surge|[of] p2a: Tapu Koko\n|move|p1a: Scizor|Bullet Punch|p2a: Tapu Koko\n|-damage|p2a: Tapu Koko|0 fnt\n|faint|p2a: Tapu Koko\n|\n|upkeep\n|\n|t:|1700354606\n|switch|p2a: Kartana|Kartana, shiny|100\/100\n|turn|37\n|\n|t:|1700354619\n|move|p2a: Kartana|Sacred Sword|p1a: Scizor\n|-damage|p1a: Scizor|43\/100\n|move|p1a: Scizor|Pursuit|p2a: Kartana\n|-damage|p2a: Kartana|50\/100\n|\n|upkeep\n|turn|38\n|\n|t:|1700354626\n|move|p2a: Kartana|Sacred Sword|p1a: Scizor\n|-damage|p1a: Scizor|21\/100\n|move|p1a: Scizor|Pursuit|p2a: Kartana\n|-damage|p2a: Kartana|2\/100\n|\n|upkeep\n|turn|39\n|\n|t:|1700354639\n|switch|p2a: Toxapex|Toxapex, M, shiny|42\/100 brn\n|move|p1a: Scizor|Bullet Punch|p2a: Toxapex\n|-resisted|p2a: Toxapex\n|-damage|p2a: Toxapex|13\/100 brn\n|\n|-damage|p2a: Toxapex|7\/100 brn|[from] brn\n|upkeep\n|turn|40\n|\n|t:|1700354647\n|switch|p2a: Gliscor|Gliscor, F, shiny|100\/100 tox\n|-damage|p2a: Gliscor|88\/100 tox|[from] Stealth Rock\n|move|p1a: Scizor|Bullet Punch|p2a: Gliscor\n|-damage|p2a: Gliscor|30\/100 tox\n|\n|-heal|p2a: Gliscor|42\/100 tox|[from] ability: Poison Heal\n|-fieldend|move: Electric Terrain\n|upkeep\n|turn|41\n|\n|t:|1700354660\n|-terastallize|p2a: Gliscor|Water\n|move|p2a: Gliscor|Earthquake|p1a: Scizor\n|-damage|p1a: Scizor|1\/100\n|move|p1a: Scizor|Roost|p1a: Scizor\n|-heal|p1a: Scizor|51\/100\n|-singleturn|p1a: Scizor|move: Roost\n|\n|-heal|p2a: Gliscor|54\/100 tox|[from] ability: Poison Heal\n|upkeep\n|turn|42\n|\n|t:|1700354671\n|move|p2a: Gliscor|Earthquake|p1a: Scizor\n|-damage|p1a: Scizor|30\/100\n|move|p1a: Scizor|Swords Dance|p1a: Scizor\n|-boost|p1a: Scizor|atk|2\n|\n|-heal|p2a: Gliscor|67\/100 tox|[from] ability: Poison Heal\n|upkeep\n|turn|43\n|\n|t:|1700354679\n|move|p2a: Gliscor|Earthquake|p1a: Scizor\n|-crit|p1a: Scizor\n|-damage|p1a: Scizor|0 fnt\n|faint|p1a: Scizor\n|\n|-heal|p2a: Gliscor|79\/100 tox|[from] ability: Poison Heal\n|upkeep\n|\n|t:|1700354686\n|switch|p1a: Tornadus|Tornadus-Therian, M|91\/100\n|turn|44\n|\n|t:|1700354690\n|move|p1a: Tornadus|Hurricane|p2a: Gliscor\n|-damage|p2a: Gliscor|23\/100 tox\n|-start|p2a: Gliscor|confusion\n|-activate|p2a: Gliscor|confusion\n|move|p2a: Gliscor|Toxic|p1a: Tornadus\n|-status|p1a: Tornadus|tox\n|\n|-damage|p1a: Tornadus|85\/100 tox|[from] psn\n|-heal|p2a: Gliscor|36\/100 tox|[from] ability: Poison Heal\n|upkeep\n|turn|45\n|\n|t:|1700354702\n|switch|p2a: Kartana|Kartana, shiny|2\/100\n|move|p1a: Tornadus|Hurricane|p2a: Kartana\n|-damage|p2a: Kartana|0 fnt\n|faint|p2a: Kartana\n|\n|-damage|p1a: Tornadus|73\/100 tox|[from] psn\n|upkeep\n|\n|t:|1700354713\n|switch|p2a: Gliscor|Gliscor, F, shiny, tera:Water|36\/100 tox\n|-damage|p2a: Gliscor|23\/100 tox|[from] Stealth Rock\n|turn|46\n|\n|t:|1700354717\n|move|p2a: Gliscor|Protect|p2a: Gliscor\n|-singleturn|p2a: Gliscor|Protect\n|move|p1a: Tornadus|Nasty Plot|p1a: Tornadus\n|-boost|p1a: Tornadus|spa|2\n|\n|-damage|p1a: Tornadus|55\/100 tox|[from] psn\n|-heal|p2a: Gliscor|36\/100 tox|[from] ability: Poison Heal\n|upkeep\n|turn|47\n|\n|t:|1700354726\n|move|p1a: Tornadus|Hurricane|p2a: Gliscor|[miss]\n|-miss|p1a: Tornadus|p2a: Gliscor\n|move|p2a: Gliscor|Roost|p2a: Gliscor\n|-heal|p2a: Gliscor|86\/100 tox\n|\n|-damage|p1a: Tornadus|31\/100 tox|[from] psn\n|-heal|p2a: Gliscor|98\/100 tox|[from] ability: Poison Heal\n|upkeep\n|turn|48\n|\n|t:|1700354737\n|move|p2a: Gliscor|Protect|p2a: Gliscor\n|-singleturn|p2a: Gliscor|Protect\n|move|p1a: Tornadus|Nasty Plot|p1a: Tornadus\n|-boost|p1a: Tornadus|spa|2\n|\n|-damage|p1a: Tornadus|1\/100 tox|[from] psn\n|-heal|p2a: Gliscor|100\/100 tox|[from] ability: Poison Heal\n|upkeep\n|turn|49\n|\n|t:|1700354748\n|switch|p2a: Toxapex|Toxapex, M, shiny|40\/100 brn\n|move|p1a: Tornadus|Hurricane|p2a: Toxapex\n|-damage|p2a: Toxapex|0 fnt\n|faint|p2a: Toxapex\n|\n|-damage|p1a: Tornadus|0 fnt|[from] psn\n|faint|p1a: Tornadus\n|upkeep\n|\n|t:|1700354758\n|switch|p1a: Cinderace|Cinderace, M|54\/100\n|switch|p2a: Gliscor|Gliscor, F, shiny, tera:Water|100\/100 tox\n|-damage|p2a: Gliscor|88\/100 tox|[from] Stealth Rock\n|turn|50\n|\n|t:|1700354765\n|move|p1a: Cinderace|Pyro Ball|p2a: Gliscor\n|-resisted|p2a: Gliscor\n|-damage|p2a: Gliscor|73\/100 tox\n|move|p2a: Gliscor|Earthquake|p1a: Cinderace\n|-supereffective|p1a: Cinderace\n|-damage|p1a: Cinderace|0 fnt\n|faint|p1a: Cinderace\n|\n|-heal|p2a: Gliscor|86\/100 tox|[from] ability: Poison Heal\n|upkeep\n|\n|t:|1700354767\n|switch|p1a: Ting-Lu|Ting-Lu|39\/100 tox\n|-ability|p1a: Ting-Lu|Vessel of Ruin\n|turn|51\n|\n|t:|1700354778\n|move|p2a: Gliscor|Earthquake|p1a: Ting-Lu\n|-damage|p1a: Ting-Lu|22\/100 tox\n|move|p1a: Ting-Lu|Ruination|p2a: Gliscor\n|-damage|p2a: Gliscor|43\/100 tox\n|\n|-heal|p1a: Ting-Lu|28\/100 tox|[from] item: Leftovers\n|-heal|p2a: Gliscor|56\/100 tox|[from] ability: Poison Heal\n|-damage|p1a: Ting-Lu|22\/100 tox|[from] psn\n|upkeep\n|turn|52\n|-message|eu amo o Snorlax forfeited.\n|\n|win|lilyecaccavava\n|raw|eu amo o Snorlax's rating: 1154 &rarr; <strong>1123<\/strong><br \/>(-31 for losing)\n|raw|lilyecaccavava's rating: 1075 &rarr; <strong>1110<\/strong><br \/>(+35 for winning)\n|l|\u2606eu amo o Snorlax\n","uploadtime":1700354802,"views":35,"p1id":"euamoosnorlax","p2id":"lilyecaccavava","formatid":"gen9nationaldex","rating":1110,"private":0,"password":""}