{"id":"gen9nationaldex-1991201968","p1":"aulait","p2":"H4RC0L0","format":"[Gen 9] National Dex","log":"|j|\u2606aulait\n|j|\u2606H4RC0L0\n|t:|1700056616\n|gametype|singles\n|player|p1|aulait|madame-gen4dp|1098\n|player|p2|H4RC0L0|cyrus|1183\n|teamsize|p1|6\n|teamsize|p2|6\n|gen|9\n|tier|[Gen 9] National Dex\n|rated|\n|rule|HP Percentage Mod: HP is shown in percentages\n|rule|Endless Battle Clause: Forcing endless battles is banned\n|rule|OHKO Clause: OHKO moves are banned\n|rule|Evasion Clause: Evasion abilities, items, and moves are banned\n|rule|Evasion Abilities Clause: Evasion abilities are banned\n|rule|Evasion Items Clause: Evasion items are banned\n|rule|Evasion Moves Clause: Evasion moves are banned\n|rule|Species Clause: Limit one of each Pok\u00e9mon\n|rule|Sleep Clause Mod: Limit one foe put to sleep\n|clearpoke\n|poke|p1|Salazzle, F|\n|poke|p1|Wailord, M|\n|poke|p1|Furfrou-Debutante, M|\n|poke|p1|Umbreon, F|\n|poke|p1|Blaziken, M|\n|poke|p1|Latias, F|\n|poke|p2|Banette, F|\n|poke|p2|Electrode-Hisui|\n|poke|p2|Toxapex, M|\n|poke|p2|Landorus-Therian, M|\n|poke|p2|Zapdos-Galar|\n|poke|p2|Tyranitar, M|\n|teampreview\n|inactive|Battle timer is ON: inactive players will automatically lose when time's up. (requested by H4RC0L0)\n|\n|t:|1700056621\n|start\n|switch|p1a: Salazzle|Salazzle, F|100\/100\n|switch|p2a: Landorus|Landorus-Therian, M, shiny|100\/100\n|-ability|p2a: Landorus|Intimidate|boost\n|-unboost|p1a: Salazzle|atk|1\n|turn|1\n|\n|t:|1700056629\n|move|p1a: Salazzle|Attract|p2a: Landorus\n|-start|p2a: Landorus|Attract\n|-activate|p2a: Landorus|move: Attract|[of] p1a: Salazzle\n|cant|p2a: Landorus|Attract\n|\n|upkeep\n|turn|2\n|\n|t:|1700056644\n|switch|p2a: Electrode|Electrode-Hisui, shiny|100\/100\n|move|p1a: Salazzle|Toxic|p2a: Electrode\n|-status|p2a: Electrode|tox\n|\n|-damage|p2a: Electrode|94\/100 tox|[from] psn\n|upkeep\n|turn|3\n|\n|t:|1700056652\n|move|p2a: Electrode|Thunderbolt|p1a: Salazzle\n|-damage|p1a: Salazzle|30\/100\n|move|p1a: Salazzle|Flamethrower|p2a: Electrode\n|-supereffective|p2a: Electrode\n|-damage|p2a: Electrode|0 fnt\n|faint|p2a: Electrode\n|\n|upkeep\n|\n|t:|1700056662\n|switch|p2a: Zapdos|Zapdos-Galar|100\/100\n|turn|4\n|\n|t:|1700056669\n|move|p1a: Salazzle|Endeavor|p2a: Zapdos\n|-damage|p2a: Zapdos|29\/100\n|move|p2a: Zapdos|Agility|p2a: Zapdos\n|-boost|p2a: Zapdos|spe|2\n|\n|upkeep\n|turn|5\n|\n|t:|1700056676\n|move|p2a: Zapdos|Knock Off|p1a: Salazzle\n|-damage|p1a: Salazzle|0 fnt\n|-enditem|p1a: Salazzle|Focus Sash|[from] move: Knock Off|[of] p2a: Zapdos\n|faint|p1a: Salazzle\n|-damage|p2a: Zapdos|19\/100|[from] item: Life Orb\n|\n|upkeep\n|\n|t:|1700056687\n|switch|p1a: Latias|Latias, F|100\/100\n|turn|6\n|\n|t:|1700056693\n|detailschange|p1a: Latias|Latias-Mega, F\n|-mega|p1a: Latias|Latias|Latiasite\n|move|p2a: Zapdos|Knock Off|p1a: Latias\n|-supereffective|p1a: Latias\n|-damage|p1a: Latias|40\/100\n|-damage|p2a: Zapdos|9\/100|[from] item: Life Orb\n|move|p1a: Latias|Dragon Pulse|p2a: Zapdos\n|-damage|p2a: Zapdos|0 fnt\n|faint|p2a: Zapdos\n|\n|upkeep\n|\n|t:|1700056711\n|switch|p2a: Tyranitar|Tyranitar, M, shiny|100\/100\n|-weather|Sandstorm|[from] ability: Sand Stream|[of] p2a: Tyranitar\n|turn|7\n|\n|t:|1700056719\n|move|p1a: Latias|Dragon Pulse|p2a: Tyranitar\n|-damage|p2a: Tyranitar|82\/100\n|move|p2a: Tyranitar|Crunch|p1a: Latias\n|-supereffective|p1a: Latias\n|-damage|p1a: Latias|0 fnt\n|faint|p1a: Latias\n|\n|-weather|Sandstorm|[upkeep]\n|upkeep\n|\n|t:|1700056728\n|switch|p1a: Blaziken|Blaziken, M|100\/100\n|turn|8\n|\n|t:|1700056735\n|-terastallize|p2a: Tyranitar|Ghost\n|move|p1a: Blaziken|Protect|p1a: Blaziken\n|-singleturn|p1a: Blaziken|Protect\n|move|p2a: Tyranitar|Earthquake|p1a: Blaziken\n|-activate|p1a: Blaziken|move: Protect\n|\n|-weather|Sandstorm|[upkeep]\n|-damage|p1a: Blaziken|95\/100|[from] Sandstorm\n|-damage|p2a: Tyranitar|76\/100|[from] Sandstorm\n|-ability|p1a: Blaziken|Speed Boost|boost\n|-boost|p1a: Blaziken|spe|1\n|upkeep\n|turn|9\n|\n|t:|1700056746\n|move|p1a: Blaziken|Blaze Kick|p2a: Tyranitar\n|-damage|p2a: Tyranitar|27\/100\n|-status|p2a: Tyranitar|brn\n|-damage|p1a: Blaziken|85\/100|[from] item: Life Orb\n|move|p2a: Tyranitar|Earthquake|p1a: Blaziken\n|-supereffective|p1a: Blaziken\n|-damage|p1a: Blaziken|26\/100\n|\n|-weather|Sandstorm|[upkeep]\n|-damage|p1a: Blaziken|20\/100|[from] Sandstorm\n|-damage|p2a: Tyranitar|21\/100 brn|[from] Sandstorm\n|-damage|p2a: Tyranitar|14\/100 brn|[from] brn\n|-ability|p1a: Blaziken|Speed Boost|boost\n|-boost|p1a: Blaziken|spe|1\n|upkeep\n|turn|10\n|\n|t:|1700056758\n|move|p1a: Blaziken|Blaze Kick|p2a: Tyranitar\n|-crit|p2a: Tyranitar\n|-damage|p2a: Tyranitar|0 fnt\n|faint|p2a: Tyranitar\n|-damage|p1a: Blaziken|10\/100|[from] item: Life Orb\n|\n|-weather|Sandstorm|[upkeep]\n|-damage|p1a: Blaziken|4\/100|[from] Sandstorm\n|-ability|p1a: Blaziken|Speed Boost|boost\n|-boost|p1a: Blaziken|spe|1\n|upkeep\n|\n|t:|1700056763\n|switch|p2a: Banette|Banette, F, shiny|100\/100\n|-item|p1a: Blaziken|Life Orb|[from] ability: Frisk|[of] p2a: Banette|[identify]\n|turn|11\n|\n|t:|1700056770\n|detailschange|p2a: Banette|Banette-Mega, F, shiny\n|-mega|p2a: Banette|Banette|Banettite\n|move|p2a: Banette|Shadow Sneak|p1a: Blaziken\n|-damage|p1a: Blaziken|0 fnt\n|faint|p1a: Blaziken\n|\n|-weather|none\n|upkeep\n|\n|t:|1700056777\n|switch|p1a: Umbreon|Umbreon, F|100\/100\n|turn|12\n|\n|t:|1700056784\n|switch|p2a: Landorus|Landorus-Therian, M, shiny|100\/100\n|-ability|p2a: Landorus|Intimidate|boost\n|-unboost|p1a: Umbreon|atk|1\n|move|p1a: Umbreon|Wish|p1a: Umbreon\n|\n|upkeep\n|turn|13\n|\n|t:|1700056791\n|move|p2a: Landorus|Knock Off|p1a: Umbreon\n|-resisted|p1a: Umbreon\n|-damage|p1a: Umbreon|85\/100\n|-enditem|p1a: Umbreon|Chople Berry|[from] move: Knock Off|[of] p2a: Landorus\n|move|p1a: Umbreon|Foul Play|p2a: Landorus\n|-damage|p2a: Landorus|39\/100\n|\n|-heal|p1a: Umbreon|100\/100|[from] move: Wish|[wisher] Umbreon\n|upkeep\n|turn|14\n|\n|t:|1700056800\n|move|p2a: Landorus|U-turn|p1a: Umbreon\n|-supereffective|p1a: Umbreon\n|-damage|p1a: Umbreon|57\/100\n|\n|t:|1700056801\n|switch|p2a: Toxapex|Toxapex, M, shiny|100\/100|[from] U-turn\n|move|p1a: Umbreon|Foul Play|p2a: Toxapex\n|-damage|p2a: Toxapex|88\/100\n|\n|-heal|p2a: Toxapex|95\/100|[from] item: Black Sludge\n|upkeep\n|turn|15\n|\n|t:|1700056810\n|move|p1a: Umbreon|Taunt|p2a: Toxapex\n|-start|p2a: Toxapex|move: Taunt\n|cant|p2a: Toxapex|move: Taunt|Toxic Spikes\n|\n|-heal|p2a: Toxapex|100\/100|[from] item: Black Sludge\n|upkeep\n|turn|16\n|\n|t:|1700056816\n|move|p1a: Umbreon|Wish|p1a: Umbreon\n|move|p2a: Toxapex|Scald|p1a: Umbreon\n|-damage|p1a: Umbreon|48\/100\n|\n|upkeep\n|turn|17\n|\n|t:|1700056824\n|move|p1a: Umbreon|Foul Play|p2a: Toxapex\n|-damage|p2a: Toxapex|89\/100\n|move|p2a: Toxapex|Scald|p1a: Umbreon\n|-crit|p1a: Umbreon\n|-damage|p1a: Umbreon|35\/100\n|\n|-heal|p1a: Umbreon|85\/100|[from] move: Wish|[wisher] Umbreon\n|-heal|p2a: Toxapex|95\/100|[from] item: Black Sludge\n|-end|p2a: Toxapex|move: Taunt\n|upkeep\n|turn|18\n|\n|t:|1700056834\n|move|p2a: Toxapex|Baneful Bunker|p2a: Toxapex\n|-singleturn|p2a: Toxapex|move: Protect\n|move|p1a: Umbreon|Taunt|p2a: Toxapex\n|-activate|p2a: Toxapex|move: Protect\n|\n|-heal|p2a: Toxapex|100\/100|[from] item: Black Sludge\n|upkeep\n|turn|19\n|\n|t:|1700056842\n|switch|p2a: Landorus|Landorus-Therian, M, shiny|39\/100\n|-ability|p2a: Landorus|Intimidate|boost\n|-unboost|p1a: Umbreon|atk|1\n|move|p1a: Umbreon|Taunt|p2a: Landorus\n|-start|p2a: Landorus|move: Taunt\n|\n|upkeep\n|turn|20\n|\n|t:|1700056849\n|move|p2a: Landorus|U-turn|p1a: Umbreon\n|-supereffective|p1a: Umbreon\n|-damage|p1a: Umbreon|45\/100\n|\n|t:|1700056851\n|switch|p2a: Toxapex|Toxapex, M, shiny|100\/100|[from] U-turn\n|move|p1a: Umbreon|Foul Play|p2a: Toxapex\n|-damage|p2a: Toxapex|89\/100\n|\n|-heal|p2a: Toxapex|95\/100|[from] item: Black Sludge\n|upkeep\n|turn|21\n|\n|t:|1700056859\n|move|p1a: Umbreon|Wish|p1a: Umbreon\n|move|p2a: Toxapex|Scald|p1a: Umbreon\n|-damage|p1a: Umbreon|36\/100\n|\n|-heal|p2a: Toxapex|100\/100|[from] item: Black Sludge\n|upkeep\n|turn|22\n|\n|t:|1700056865\n|move|p1a: Umbreon|Taunt|p2a: Toxapex\n|-start|p2a: Toxapex|move: Taunt\n|move|p2a: Toxapex|Scald|p1a: Umbreon\n|-damage|p1a: Umbreon|27\/100\n|\n|-heal|p1a: Umbreon|77\/100|[from] move: Wish|[wisher] Umbreon\n|upkeep\n|turn|23\n|\n|t:|1700056873\n|switch|p1a: Wailord|Wailord, M|100\/100\n|-ability|p1a: Wailord|Pressure\n|move|p2a: Toxapex|Scald|p1a: Wailord\n|-resisted|p1a: Wailord\n|-damage|p1a: Wailord|94\/100\n|\n|-heal|p1a: Wailord|100\/100|[from] item: Leftovers\n|upkeep\n|turn|24\n|\n|t:|1700056883\n|switch|p2a: Banette|Banette-Mega, F, shiny|100\/100\n|move|p1a: Wailord|Substitute|p1a: Wailord\n|-start|p1a: Wailord|Substitute\n|-damage|p1a: Wailord|76\/100\n|\n|-heal|p1a: Wailord|82\/100|[from] item: Leftovers\n|upkeep\n|turn|25\n|\n|t:|1700056890\n|move|p1a: Wailord|Protect|p1a: Wailord\n|-singleturn|p1a: Wailord|Protect\n|move|p2a: Banette|Swords Dance|p2a: Banette\n|-boost|p2a: Banette|atk|2\n|\n|-heal|p1a: Wailord|88\/100|[from] item: Leftovers\n|upkeep\n|turn|26\n|\n|t:|1700056899\n|move|p2a: Banette|Shadow Sneak|p1a: Wailord\n|-end|p1a: Wailord|Substitute\n|move|p1a: Wailord|Clear Smog|p2a: Banette\n|-resisted|p2a: Banette\n|-damage|p2a: Banette|94\/100\n|-clearboost|p2a: Banette\n|\n|-heal|p1a: Wailord|94\/100|[from] item: Leftovers\n|upkeep\n|turn|27\n|\n|t:|1700056907\n|move|p1a: Wailord|Protect|p1a: Wailord\n|-singleturn|p1a: Wailord|Protect\n|move|p2a: Banette|Swords Dance|p2a: Banette\n|-boost|p2a: Banette|atk|2\n|\n|-heal|p1a: Wailord|99\/100|[from] item: Leftovers\n|upkeep\n|turn|28\n|\n|t:|1700056915\n|move|p2a: Banette|Shadow Sneak|p1a: Wailord\n|-damage|p1a: Wailord|36\/100\n|move|p1a: Wailord|Clear Smog|p2a: Banette\n|-resisted|p2a: Banette\n|-damage|p2a: Banette|88\/100\n|-clearboost|p2a: Banette\n|\n|-heal|p1a: Wailord|42\/100|[from] item: Leftovers\n|upkeep\n|turn|29\n|\n|t:|1700056924\n|switch|p1a: Furfrou|Furfrou-Debutante, M|100\/100\n|move|p2a: Banette|Swords Dance|p2a: Banette\n|-boost|p2a: Banette|atk|2\n|\n|upkeep\n|turn|30\n|\n|t:|1700056930\n|move|p2a: Banette|Will-O-Wisp|p1a: Furfrou\n|-status|p1a: Furfrou|brn\n|move|p1a: Furfrou|Cotton Guard|p1a: Furfrou\n|-boost|p1a: Furfrou|def|3\n|\n|-damage|p1a: Furfrou|94\/100 brn|[from] brn\n|upkeep\n|turn|31\n|\n|t:|1700056937\n|move|p2a: Banette|Swords Dance|p2a: Banette\n|-boost|p2a: Banette|atk|2\n|move|p1a: Furfrou|Toxic|p2a: Banette|[miss]\n|-miss|p1a: Furfrou|p2a: Banette\n|\n|-heal|p1a: Furfrou|100\/100 brn|[from] item: Leftovers\n|-damage|p1a: Furfrou|94\/100 brn|[from] brn\n|upkeep\n|turn|32\n|\n|t:|1700056945\n|switch|p2a: Toxapex|Toxapex, M, shiny|100\/100\n|move|p1a: Furfrou|Toxic|p2a: Toxapex\n|-immune|p2a: Toxapex\n|\n|-heal|p1a: Furfrou|100\/100 brn|[from] item: Leftovers\n|-damage|p1a: Furfrou|94\/100 brn|[from] brn\n|upkeep\n|turn|33\n|\n|t:|1700056954\n|move|p1a: Furfrou|U-turn|p2a: Toxapex\n|-resisted|p2a: Toxapex\n|-damage|p2a: Toxapex|99\/100\n|\n|t:|1700056958\n|switch|p1a: Umbreon|Umbreon, F|77\/100|[from] U-turn\n|move|p2a: Toxapex|Toxic Spikes|p1a: Umbreon\n|-sidestart|p1: aulait|move: Toxic Spikes\n|\n|-heal|p2a: Toxapex|100\/100|[from] item: Black Sludge\n|upkeep\n|turn|34\n|\n|t:|1700056967\n|move|p1a: Umbreon|Taunt|p2a: Toxapex\n|-start|p2a: Toxapex|move: Taunt\n|cant|p2a: Toxapex|move: Taunt|Toxic Spikes\n|\n|upkeep\n|turn|35\n|\n|t:|1700056978\n|move|p1a: Umbreon|Heal Bell|p1a: Umbreon\n|-activate|p1a: Umbreon|move: Heal Bell\n|-curestatus|p1: Furfrou|brn|[msg]\n|move|p2a: Toxapex|Scald|p1a: Umbreon\n|-damage|p1a: Umbreon|68\/100\n|\n|upkeep\n|turn|36\n|\n|t:|1700056989\n|move|p1a: Umbreon|Wish|p1a: Umbreon\n|move|p2a: Toxapex|Scald|p1a: Umbreon\n|-damage|p1a: Umbreon|59\/100\n|\n|-end|p2a: Toxapex|move: Taunt\n|upkeep\n|turn|37\n|\n|t:|1700056995\n|move|p2a: Toxapex|Baneful Bunker|p2a: Toxapex\n|-singleturn|p2a: Toxapex|move: Protect\n|move|p1a: Umbreon|Taunt|p2a: Toxapex\n|-activate|p2a: Toxapex|move: Protect\n|\n|-heal|p1a: Umbreon|100\/100|[from] move: Wish|[wisher] Umbreon\n|upkeep\n|turn|38\n|\n|t:|1700057005\n|switch|p2a: Landorus|Landorus-Therian, M, shiny|39\/100\n|-ability|p2a: Landorus|Intimidate|boost\n|-unboost|p1a: Umbreon|atk|1\n|move|p1a: Umbreon|Taunt|p2a: Landorus\n|-start|p2a: Landorus|move: Taunt\n|\n|upkeep\n|turn|39\n|\n|t:|1700057014\n|move|p2a: Landorus|U-turn|p1a: Umbreon\n|-supereffective|p1a: Umbreon\n|-damage|p1a: Umbreon|58\/100\n|\n|t:|1700057017\n|switch|p2a: Toxapex|Toxapex, M, shiny|100\/100|[from] U-turn\n|move|p1a: Umbreon|Foul Play|p2a: Toxapex\n|-crit|p2a: Toxapex\n|-damage|p2a: Toxapex|83\/100\n|\n|-heal|p2a: Toxapex|90\/100|[from] item: Black Sludge\n|upkeep\n|turn|40\n|\n|t:|1700057024\n|move|p1a: Umbreon|Wish|p1a: Umbreon\n|move|p2a: Toxapex|Scald|p1a: Umbreon\n|-damage|p1a: Umbreon|50\/100\n|\n|-heal|p2a: Toxapex|96\/100|[from] item: Black Sludge\n|upkeep\n|turn|41\n|\n|t:|1700057031\n|switch|p2a: Banette|Banette-Mega, F, shiny|88\/100\n|move|p1a: Umbreon|Taunt|p2a: Banette\n|-start|p2a: Banette|move: Taunt\n|\n|-heal|p1a: Umbreon|99\/100|[from] move: Wish|[wisher] Umbreon\n|upkeep\n|turn|42\n|\n|t:|1700057038\n|switch|p2a: Toxapex|Toxapex, M, shiny|100\/100\n|move|p1a: Umbreon|Foul Play|p2a: Toxapex\n|-damage|p2a: Toxapex|89\/100\n|\n|-heal|p2a: Toxapex|96\/100|[from] item: Black Sludge\n|upkeep\n|turn|43\n|\n|t:|1700057052\n|move|p1a: Umbreon|Wish|p1a: Umbreon\n|move|p2a: Toxapex|Scald|p1a: Umbreon\n|-damage|p1a: Umbreon|92\/100\n|\n|-heal|p2a: Toxapex|100\/100|[from] item: Black Sludge\n|upkeep\n|turn|44\n|\n|t:|1700057058\n|switch|p1a: Wailord|Wailord, M|42\/100\n|-status|p1a: Wailord|psn\n|-ability|p1a: Wailord|Pressure\n|switch|p2a: Landorus|Landorus-Therian, M, shiny|39\/100\n|-ability|p2a: Landorus|Intimidate|boost\n|-unboost|p1a: Wailord|atk|1\n|\n|-heal|p1a: Wailord|78\/100 psn|[from] move: Wish|[wisher] Umbreon\n|-heal|p1a: Wailord|84\/100 psn|[from] item: Leftovers\n|-damage|p1a: Wailord|72\/100 psn|[from] psn\n|upkeep\n|turn|45\n|\n|t:|1700057071\n|move|p2a: Landorus|U-turn|p1a: Wailord\n|-damage|p1a: Wailord|43\/100 psn\n|\n|t:|1700057073\n|switch|p2a: Banette|Banette-Mega, F, shiny|88\/100|[from] U-turn\n|move|p1a: Wailord|Aqua Ring|p1a: Wailord\n|-start|p1a: Wailord|Aqua Ring\n|\n|-heal|p1a: Wailord|49\/100 psn|[from] item: Leftovers\n|-heal|p1a: Wailord|55\/100 psn|[from] Aqua Ring\n|-damage|p1a: Wailord|43\/100 psn|[from] psn\n|upkeep\n|turn|46\n|\n|t:|1700057083\n|move|p1a: Wailord|Protect|p1a: Wailord\n|-singleturn|p1a: Wailord|Protect\n|move|p2a: Banette|Swords Dance|p2a: Banette\n|-boost|p2a: Banette|atk|2\n|\n|-heal|p1a: Wailord|49\/100 psn|[from] item: Leftovers\n|-heal|p1a: Wailord|55\/100 psn|[from] Aqua Ring\n|-damage|p1a: Wailord|43\/100 psn|[from] psn\n|upkeep\n|turn|47\n|\n|t:|1700057092\n|move|p1a: Wailord|Protect||[still]\n|-fail|p1a: Wailord\n|move|p2a: Banette|Shadow Sneak|p1a: Wailord\n|-damage|p1a: Wailord|0 fnt\n|faint|p1a: Wailord\n|\n|upkeep\n|\n|t:|1700057097\n|switch|p1a: Furfrou|Furfrou-Debutante, M|94\/100\n|-status|p1a: Furfrou|psn\n|turn|48\n|\n|t:|1700057108\n|switch|p2a: Toxapex|Toxapex, M, shiny|100\/100\n|move|p1a: Furfrou|Endeavor|p2a: Toxapex\n|-immune|p2a: Toxapex\n|\n|-heal|p1a: Furfrou|100\/100 psn|[from] item: Leftovers\n|-damage|p1a: Furfrou|88\/100 psn|[from] psn\n|upkeep\n|turn|49\n|\n|t:|1700057122\n|move|p1a: Furfrou|Cotton Guard|p1a: Furfrou\n|-boost|p1a: Furfrou|def|3\n|move|p2a: Toxapex|Toxic Spikes|p1a: Furfrou\n|-sidestart|p1: aulait|move: Toxic Spikes\n|\n|-heal|p1a: Furfrou|94\/100 psn|[from] item: Leftovers\n|-damage|p1a: Furfrou|82\/100 psn|[from] psn\n|upkeep\n|turn|50\n|\n|t:|1700057131\n|move|p1a: Furfrou|Cotton Guard|p1a: Furfrou\n|-boost|p1a: Furfrou|def|3\n|move|p2a: Toxapex|Haze|p2a: Toxapex\n|-clearallboost\n|\n|-heal|p1a: Furfrou|88\/100 psn|[from] item: Leftovers\n|-damage|p1a: Furfrou|76\/100 psn|[from] psn\n|upkeep\n|turn|51\n|\n|t:|1700057142\n|move|p1a: Furfrou|Cotton Guard|p1a: Furfrou\n|-boost|p1a: Furfrou|def|3\n|move|p2a: Toxapex|Scald|p1a: Furfrou\n|-damage|p1a: Furfrou|58\/100 psn\n|\n|-heal|p1a: Furfrou|64\/100 psn|[from] item: Leftovers\n|-damage|p1a: Furfrou|52\/100 psn|[from] psn\n|upkeep\n|turn|52\n|\n|t:|1700057150\n|move|p1a: Furfrou|Cotton Guard|p1a: Furfrou\n|-boost|p1a: Furfrou|def|3\n|move|p2a: Toxapex|Haze|p2a: Toxapex\n|-clearallboost\n|\n|-heal|p1a: Furfrou|58\/100 psn|[from] item: Leftovers\n|-damage|p1a: Furfrou|45\/100 psn|[from] psn\n|upkeep\n|turn|53\n|\n|t:|1700057158\n|move|p1a: Furfrou|Cotton Guard|p1a: Furfrou\n|-boost|p1a: Furfrou|def|3\n|move|p2a: Toxapex|Scald|p1a: Furfrou\n|-damage|p1a: Furfrou|26\/100 psn\n|\n|-heal|p1a: Furfrou|33\/100 psn|[from] item: Leftovers\n|-damage|p1a: Furfrou|20\/100 psn|[from] psn\n|upkeep\n|turn|54\n|\n|t:|1700057167\n|switch|p2a: Banette|Banette-Mega, F, shiny|88\/100\n|move|p1a: Furfrou|Endeavor|p2a: Banette\n|-immune|p2a: Banette\n|\n|-heal|p1a: Furfrou|26\/100 psn|[from] item: Leftovers\n|-damage|p1a: Furfrou|14\/100 psn|[from] psn\n|upkeep\n|turn|55\n|\n|t:|1700057177\n|move|p2a: Banette|Swords Dance|p2a: Banette\n|-boost|p2a: Banette|atk|2\n|move|p1a: Furfrou|U-turn|p2a: Banette\n|-resisted|p2a: Banette\n|-damage|p2a: Banette|79\/100\n|\n|t:|1700057182\n|switch|p1a: Umbreon|Umbreon, F|92\/100|[from] U-turn\n|-status|p1a: Umbreon|tox\n|\n|-damage|p1a: Umbreon|86\/100 tox|[from] psn\n|upkeep\n|turn|56\n|\n|t:|1700057192\n|move|p2a: Banette|Shadow Sneak|p1a: Umbreon\n|-resisted|p1a: Umbreon\n|-damage|p1a: Umbreon|63\/100 tox\n|move|p1a: Umbreon|Foul Play|p2a: Banette\n|-supereffective|p2a: Banette\n|-damage|p2a: Banette|0 fnt\n|faint|p2a: Banette\n|\n|-damage|p1a: Umbreon|51\/100 tox|[from] psn\n|upkeep\n|\n|t:|1700057196\n|switch|p2a: Landorus|Landorus-Therian, M, shiny|39\/100\n|-ability|p2a: Landorus|Intimidate|boost\n|-unboost|p1a: Umbreon|atk|1\n|turn|57\n|\n|t:|1700057204\n|move|p2a: Landorus|U-turn|p1a: Umbreon\n|-supereffective|p1a: Umbreon\n|-damage|p1a: Umbreon|11\/100 tox\n|\n|t:|1700057206\n|switch|p2a: Toxapex|Toxapex, M, shiny|100\/100|[from] U-turn\n|move|p1a: Umbreon|Heal Bell|p1a: Umbreon\n|-activate|p1a: Umbreon|move: Heal Bell\n|-curestatus|p1a: Umbreon|tox|[msg]\n|-curestatus|p1: Furfrou|psn|[msg]\n|\n|upkeep\n|turn|58\n|\n|t:|1700057217\n|move|p1a: Umbreon|Wish|p1a: Umbreon\n|move|p2a: Toxapex|Scald|p1a: Umbreon\n|-damage|p1a: Umbreon|3\/100\n|-status|p1a: Umbreon|brn\n|-activate|p1a: Umbreon|ability: Synchronize\n|-status|p2a: Toxapex|brn\n|\n|-damage|p1a: Umbreon|0 fnt|[from] brn\n|faint|p1a: Umbreon\n|-damage|p2a: Toxapex|94\/100 brn|[from] brn\n|upkeep\n|\n|t:|1700057228\n|switch|p1a: Furfrou|Furfrou-Debutante, M|14\/100\n|-status|p1a: Furfrou|tox\n|turn|59\n|\n|t:|1700057233\n|move|p1a: Furfrou|Endeavor|p2a: Toxapex\n|-damage|p2a: Toxapex|16\/100 brn\n|move|p2a: Toxapex|Scald|p1a: Furfrou\n|-damage|p1a: Furfrou|0 fnt\n|faint|p1a: Furfrou\n|\n|win|H4RC0L0\n|raw|aulait's rating: 1098 &rarr; <strong>1079<\/strong><br \/>(-19 for losing)\n|raw|H4RC0L0's rating: 1183 &rarr; <strong>1202<\/strong><br \/>(+19 for winning)\n|l|\u2606aulait\n","uploadtime":1700057240,"views":5,"p1id":"aulait","p2id":"h4rc0l0","formatid":"gen9nationaldex","rating":1079,"private":0,"password":""}