{"id":"gen9nationaldex-1996520483","p1":"DSouth2007","p2":"830r","format":"[Gen 9] National Dex","log":"|html|<div class=\"broadcast-blue\"><strong>[Gen 9] National Dex is currently suspecting Sneasler! For information on how to participate check out the <a href=\"https:\/\/www.smogon.com\/forums\/threads\/sv-national-dex-suspect-8-just-dance.3731534\/\">suspect thread<\/a>.<\/strong><\/div>\n|j|\u203dDSouth2007\n|j|\u2606830r\n|t:|1700690111\n|gametype|singles\n|player|p1|DSouth2007|lucas-gen4pt|1337\n|player|p2|830r|veteran|1331\n|teamsize|p1|6\n|teamsize|p2|6\n|gen|9\n|tier|[Gen 9] National Dex\n|rated|\n|rule|HP Percentage Mod: HP is shown in percentages\n|rule|Endless Battle Clause: Forcing endless battles is banned\n|rule|OHKO Clause: OHKO moves are banned\n|rule|Evasion Clause: Evasion abilities, items, and moves are banned\n|rule|Evasion Abilities Clause: Evasion abilities are banned\n|rule|Evasion Items Clause: Evasion items are banned\n|rule|Evasion Moves Clause: Evasion moves are banned\n|rule|Species Clause: Limit one of each Pok\u00e9mon\n|rule|Sleep Clause Mod: Limit one foe put to sleep\n|clearpoke\n|poke|p1|Infernape, M|\n|poke|p1|Greninja-*, M|\n|poke|p1|Venusaur, M|\n|poke|p1|Togekiss, M|\n|poke|p1|Excadrill, M|\n|poke|p1|Sableye, M|\n|poke|p2|Celesteela|\n|poke|p2|Toxapex, M|\n|poke|p2|Garganacl, F|\n|poke|p2|Charizard, F|\n|poke|p2|Clodsire, M|\n|poke|p2|Clefable, M|\n|teampreview\n|inactive|Battle timer is ON: inactive players will automatically lose when time's up. (requested by 830r)\n|\n|t:|1700690136\n|start\n|switch|p1a: Venusaur|Venusaur, M|100\/100\n|switch|p2a: Garganacl|Garganacl, F|100\/100\n|turn|1\n|\n|t:|1700690150\n|detailschange|p1a: Venusaur|Venusaur-Mega, M\n|-mega|p1a: Venusaur|Venusaur|Venusaurite\n|-terastallize|p2a: Garganacl|Ghost\n|move|p1a: Venusaur|Giga Drain|p2a: Garganacl\n|-damage|p2a: Garganacl|74\/100\n|move|p2a: Garganacl|Salt Cure|p1a: Venusaur\n|-damage|p1a: Venusaur|86\/100\n|-start|p1a: Venusaur|Salt Cure\n|\n|-heal|p2a: Garganacl|80\/100|[from] item: Leftovers\n|-damage|p1a: Venusaur|73\/100|[from] Salt Cure\n|upkeep\n|turn|2\n|\n|t:|1700690160\n|switch|p2a: Clefable|Clefable, M|100\/100\n|move|p1a: Venusaur|Giga Drain|p2a: Clefable\n|-damage|p2a: Clefable|64\/100\n|-heal|p1a: Venusaur|97\/100|[from] drain|[of] p2a: Clefable\n|\n|-heal|p2a: Clefable|70\/100|[from] item: Leftovers\n|-damage|p1a: Venusaur|85\/100|[from] Salt Cure\n|upkeep\n|turn|3\n|\n|t:|1700690165\n|move|p1a: Venusaur|Giga Drain|p2a: Clefable\n|-damage|p2a: Clefable|36\/100\n|-heal|p1a: Venusaur|100\/100|[from] drain|[of] p2a: Clefable\n|move|p2a: Clefable|Cosmic Power|p2a: Clefable\n|-boost|p2a: Clefable|def|1\n|-boost|p2a: Clefable|spd|1\n|\n|-heal|p2a: Clefable|42\/100|[from] item: Leftovers\n|-damage|p1a: Venusaur|88\/100|[from] Salt Cure\n|upkeep\n|turn|4\n|\n|t:|1700690168\n|move|p1a: Venusaur|Sludge Bomb|p2a: Clefable\n|-supereffective|p2a: Clefable\n|-damage|p2a: Clefable|0 fnt\n|faint|p2a: Clefable\n|\n|-damage|p1a: Venusaur|76\/100|[from] Salt Cure\n|upkeep\n|\n|t:|1700690175\n|switch|p2a: Toxapex|Toxapex, M, shiny|100\/100\n|turn|5\n|\n|t:|1700690178\n|move|p1a: Venusaur|Giga Drain|p2a: Toxapex\n|-crit|p2a: Toxapex\n|-damage|p2a: Toxapex|58\/100\n|-heal|p1a: Venusaur|98\/100|[from] drain|[of] p2a: Toxapex\n|move|p2a: Toxapex|Infestation|p1a: Venusaur\n|-damage|p1a: Venusaur|95\/100\n|-activate|p1a: Venusaur|move: Infestation|[of] p2a: Toxapex\n|\n|-heal|p2a: Toxapex|64\/100|[from] item: Black Sludge\n|-damage|p1a: Venusaur|83\/100|[from] move: Infestation|[partiallytrapped]\n|-damage|p1a: Venusaur|71\/100|[from] Salt Cure\n|upkeep\n|turn|6\n|\n|t:|1700690185\n|move|p2a: Toxapex|Baneful Bunker|p2a: Toxapex\n|-singleturn|p2a: Toxapex|move: Protect\n|move|p1a: Venusaur|Giga Drain|p2a: Toxapex\n|-activate|p2a: Toxapex|move: Protect\n|\n|-heal|p2a: Toxapex|71\/100|[from] item: Black Sludge\n|-damage|p1a: Venusaur|58\/100|[from] move: Infestation|[partiallytrapped]\n|-damage|p1a: Venusaur|46\/100|[from] Salt Cure\n|upkeep\n|turn|7\n|\n|t:|1700690191\n|move|p1a: Venusaur|Giga Drain|p2a: Toxapex\n|-damage|p2a: Toxapex|43\/100\n|-heal|p1a: Venusaur|60\/100|[from] drain|[of] p2a: Toxapex\n|move|p2a: Toxapex|Recover|p2a: Toxapex\n|-heal|p2a: Toxapex|93\/100\n|\n|-heal|p2a: Toxapex|99\/100|[from] item: Black Sludge\n|-damage|p1a: Venusaur|48\/100|[from] Salt Cure\n|-damage|p1a: Venusaur|35\/100|[from] move: Infestation|[partiallytrapped]\n|upkeep\n|turn|8\n|\n|t:|1700690194\n|switch|p2a: Celesteela|Celesteela|100\/100\n|move|p1a: Venusaur|Giga Drain|p2a: Celesteela\n|-resisted|p2a: Celesteela\n|-damage|p2a: Celesteela|93\/100\n|-heal|p1a: Venusaur|41\/100|[from] drain|[of] p2a: Celesteela\n|\n|-heal|p2a: Celesteela|99\/100|[from] item: Leftovers\n|-end|p1a: Venusaur|Infestation|[partiallytrapped]|[silent]\n|-damage|p1a: Venusaur|28\/100|[from] Salt Cure\n|upkeep\n|turn|9\n|\n|t:|1700690200\n|move|p1a: Venusaur|Hidden Power|p2a: Celesteela\n|-supereffective|p2a: Celesteela\n|-crit|p2a: Celesteela\n|-damage|p2a: Celesteela|52\/100\n|move|p2a: Celesteela|Substitute|p2a: Celesteela\n|-start|p2a: Celesteela|Substitute\n|-damage|p2a: Celesteela|27\/100\n|\n|-heal|p2a: Celesteela|33\/100|[from] item: Leftovers\n|-damage|p1a: Venusaur|16\/100|[from] Salt Cure\n|upkeep\n|turn|10\n|\n|t:|1700690207\n|move|p1a: Venusaur|Hidden Power|p2a: Celesteela\n|-supereffective|p2a: Celesteela\n|-end|p2a: Celesteela|Substitute\n|move|p2a: Celesteela|Heavy Slam|p1a: Venusaur\n|-damage|p1a: Venusaur|0 fnt\n|faint|p1a: Venusaur\n|-ability|p2a: Celesteela|Beast Boost|boost\n|-boost|p2a: Celesteela|spd|1\n|\n|-heal|p2a: Celesteela|39\/100|[from] item: Leftovers\n|upkeep\n|\n|t:|1700690222\n|switch|p1a: Infernape|Infernape, M|100\/100\n|turn|11\n|\n|t:|1700690226\n|switch|p2a: Toxapex|Toxapex, M, shiny|100\/100\n|move|p1a: Infernape|Fire Punch|p2a: Toxapex\n|-resisted|p2a: Toxapex\n|-damage|p2a: Toxapex|87\/100\n|\n|-heal|p2a: Toxapex|94\/100|[from] item: Black Sludge\n|upkeep\n|turn|12\n|\n|t:|1700690229\n|move|p1a: Infernape|Power-Up Punch|p2a: Toxapex\n|-resisted|p2a: Toxapex\n|-damage|p2a: Toxapex|86\/100\n|-boost|p1a: Infernape|atk|1\n|move|p2a: Toxapex|Toxic|p1a: Infernape\n|-status|p1a: Infernape|tox\n|\n|-heal|p2a: Toxapex|92\/100|[from] item: Black Sludge\n|-damage|p1a: Infernape|94\/100 tox|[from] psn\n|upkeep\n|turn|13\n|\n|t:|1700690236\n|move|p1a: Infernape|Power-Up Punch|p2a: Toxapex\n|-resisted|p2a: Toxapex\n|-damage|p2a: Toxapex|80\/100\n|-boost|p1a: Infernape|atk|1\n|move|p2a: Toxapex|Infestation|p1a: Infernape\n|-resisted|p1a: Infernape\n|-damage|p1a: Infernape|93\/100 tox\n|-activate|p1a: Infernape|move: Infestation|[of] p2a: Toxapex\n|\n|-heal|p2a: Toxapex|86\/100|[from] item: Black Sludge\n|-damage|p1a: Infernape|81\/100 tox|[from] psn\n|-damage|p1a: Infernape|69\/100 tox|[from] move: Infestation|[partiallytrapped]\n|upkeep\n|turn|14\n|\n|t:|1700690240\n|move|p2a: Toxapex|Baneful Bunker|p2a: Toxapex\n|-singleturn|p2a: Toxapex|move: Protect\n|move|p1a: Infernape|Thunder Punch|p2a: Toxapex\n|-activate|p2a: Toxapex|move: Protect\n|\n|-heal|p2a: Toxapex|93\/100|[from] item: Black Sludge\n|-damage|p1a: Infernape|50\/100 tox|[from] psn\n|-damage|p1a: Infernape|38\/100 tox|[from] move: Infestation|[partiallytrapped]\n|upkeep\n|turn|15\n|\n|t:|1700690246\n|switch|p2a: Clodsire|Clodsire, M, shiny|100\/100\n|move|p1a: Infernape|Fire Punch|p2a: Clodsire\n|-damage|p2a: Clodsire|72\/100\n|\n|-heal|p2a: Clodsire|78\/100|[from] item: Black Sludge\n|-damage|p1a: Infernape|13\/100 tox|[from] psn\n|-end|p1a: Infernape|Infestation|[partiallytrapped]|[silent]\n|upkeep\n|turn|16\n|\n|t:|1700690254\n|move|p1a: Infernape|Thunder Punch|p2a: Clodsire\n|-immune|p2a: Clodsire\n|move|p2a: Clodsire|Toxic Spikes|p1a: Infernape\n|-sidestart|p1: DSouth2007|move: Toxic Spikes\n|\n|-heal|p2a: Clodsire|84\/100|[from] item: Black Sludge\n|-damage|p1a: Infernape|0 fnt|[from] psn\n|faint|p1a: Infernape\n|upkeep\n|\n|t:|1700690260\n|switch|p1a: Excadrill|Excadrill, M|100\/100\n|-ability|p1a: Excadrill|Mold Breaker\n|turn|17\n|\n|t:|1700690274\n|move|p1a: Excadrill|Iron Head|p2a: Clodsire\n|-damage|p2a: Clodsire|54\/100\n|move|p2a: Clodsire|Toxic Spikes|p1a: Excadrill\n|-sidestart|p1: DSouth2007|move: Toxic Spikes\n|\n|-heal|p2a: Clodsire|60\/100|[from] item: Black Sludge\n|upkeep\n|turn|18\n|\n|t:|1700690279\n|-terastallize|p1a: Excadrill|Steel\n|move|p1a: Excadrill|Iron Head|p2a: Clodsire\n|-damage|p2a: Clodsire|18\/100\n|move|p2a: Clodsire|Recover|p2a: Clodsire\n|-heal|p2a: Clodsire|68\/100\n|\n|-heal|p2a: Clodsire|74\/100|[from] item: Black Sludge\n|upkeep\n|turn|19\n|\n|t:|1700690290\n|switch|p2a: Celesteela|Celesteela|39\/100\n|move|p1a: Excadrill|Iron Head|p2a: Celesteela\n|-resisted|p2a: Celesteela\n|-damage|p2a: Celesteela|19\/100\n|\n|-heal|p2a: Celesteela|25\/100|[from] item: Leftovers\n|upkeep\n|turn|20\n|\n|t:|1700690295\n|move|p1a: Excadrill|Iron Head|p2a: Celesteela\n|-resisted|p2a: Celesteela\n|-damage|p2a: Celesteela|5\/100\n|cant|p2a: Celesteela|flinch\n|\n|-heal|p2a: Celesteela|11\/100|[from] item: Leftovers\n|upkeep\n|turn|21\n|\n|t:|1700690303\n|move|p1a: Excadrill|Iron Head|p2a: Celesteela\n|-resisted|p2a: Celesteela\n|-crit|p2a: Celesteela\n|-damage|p2a: Celesteela|0 fnt\n|faint|p2a: Celesteela\n|\n|upkeep\n|\n|t:|1700690306\n|switch|p2a: Garganacl|Garganacl, F, tera:Ghost|80\/100\n|turn|22\n|\n|t:|1700690309\n|switch|p1a: Sableye|Sableye, M|100\/100\n|-status|p1a: Sableye|tox\n|move|p2a: Garganacl|Substitute|p2a: Garganacl\n|-start|p2a: Garganacl|Substitute\n|-damage|p2a: Garganacl|55\/100\n|\n|-heal|p2a: Garganacl|62\/100|[from] item: Leftovers\n|-damage|p1a: Sableye|94\/100 tox|[from] psn\n|upkeep\n|turn|23\n|\n|t:|1700690313\n|move|p1a: Sableye|Knock Off|p2a: Garganacl\n|-supereffective|p2a: Garganacl\n|-end|p2a: Garganacl|Substitute\n|move|p2a: Garganacl|Salt Cure|p1a: Sableye\n|-damage|p1a: Sableye|76\/100 tox\n|-start|p1a: Sableye|Salt Cure\n|\n|-heal|p1a: Sableye|83\/100 tox|[from] item: Leftovers\n|-heal|p2a: Garganacl|68\/100|[from] item: Leftovers\n|-damage|p1a: Sableye|70\/100 tox|[from] psn\n|-damage|p1a: Sableye|58\/100 tox|[from] Salt Cure\n|upkeep\n|turn|24\n|\n|t:|1700690333\n|switch|p2a: Clodsire|Clodsire, M, shiny|74\/100\n|move|p1a: Sableye|Knock Off|p2a: Clodsire\n|-damage|p2a: Clodsire|55\/100\n|-enditem|p2a: Clodsire|Black Sludge|[from] move: Knock Off|[of] p1a: Sableye\n|\n|-heal|p1a: Sableye|64\/100 tox|[from] item: Leftovers\n|-damage|p1a: Sableye|45\/100 tox|[from] psn\n|-damage|p1a: Sableye|33\/100 tox|[from] Salt Cure\n|upkeep\n|turn|25\n|\n|t:|1700690339\n|move|p1a: Sableye|Knock Off|p2a: Clodsire\n|-damage|p2a: Clodsire|43\/100\n|move|p2a: Clodsire|Recover|p2a: Clodsire\n|-heal|p2a: Clodsire|93\/100\n|\n|-heal|p1a: Sableye|39\/100 tox|[from] item: Leftovers\n|-damage|p1a: Sableye|14\/100 tox|[from] psn\n|-damage|p1a: Sableye|2\/100 tox|[from] Salt Cure\n|upkeep\n|turn|26\n|\n|t:|1700690343\n|move|p1a: Sableye|Knock Off|p2a: Clodsire\n|-damage|p2a: Clodsire|80\/100\n|move|p2a: Clodsire|Recover|p2a: Clodsire\n|-heal|p2a: Clodsire|100\/100\n|\n|-heal|p1a: Sableye|8\/100 tox|[from] item: Leftovers\n|-damage|p1a: Sableye|0 fnt|[from] psn\n|faint|p1a: Sableye\n|upkeep\n|\n|t:|1700690346\n|switch|p1a: Excadrill|Excadrill, M, tera:Steel|100\/100\n|-ability|p1a: Excadrill|Mold Breaker\n|turn|27\n|\n|t:|1700690354\n|switch|p2a: Toxapex|Toxapex, M, shiny|100\/100\n|move|p1a: Excadrill|Earthquake|p2a: Toxapex\n|-supereffective|p2a: Toxapex\n|-damage|p2a: Toxapex|29\/100\n|\n|-heal|p2a: Toxapex|35\/100|[from] item: Black Sludge\n|upkeep\n|turn|28\n|\n|t:|1700690360\n|switch|p1a: Togekiss|Togekiss, M|100\/100\n|move|p2a: Toxapex|Baneful Bunker||[still]\n|-fail|p2a: Toxapex\n|\n|-heal|p2a: Toxapex|41\/100|[from] item: Black Sludge\n|upkeep\n|turn|29\n|\n|t:|1700690363\n|move|p1a: Togekiss|Air Slash|p2a: Toxapex\n|-damage|p2a: Toxapex|15\/100\n|cant|p2a: Toxapex|flinch\n|\n|-heal|p2a: Toxapex|22\/100|[from] item: Black Sludge\n|upkeep\n|turn|30\n|\n|t:|1700690372\n|move|p2a: Toxapex|Baneful Bunker|p2a: Toxapex\n|-singleturn|p2a: Toxapex|move: Protect\n|move|p1a: Togekiss|Air Slash|p2a: Toxapex\n|-activate|p2a: Toxapex|move: Protect\n|\n|-heal|p2a: Toxapex|28\/100|[from] item: Black Sludge\n|upkeep\n|turn|31\n|\n|t:|1700690378\n|switch|p2a: Garganacl|Garganacl, F, tera:Ghost|68\/100\n|move|p1a: Togekiss|Air Slash|p2a: Garganacl\n|-damage|p2a: Garganacl|39\/100\n|\n|-heal|p2a: Garganacl|46\/100|[from] item: Leftovers\n|upkeep\n|turn|32\n|inactive|DSouth2007 has 120 seconds left.\n|\n|t:|1700690422\n|move|p1a: Togekiss|Air Slash|p2a: Garganacl\n|-damage|p2a: Garganacl|17\/100\n|move|p2a: Garganacl|Recover|p2a: Garganacl\n|-heal|p2a: Garganacl|67\/100\n|\n|-heal|p2a: Garganacl|73\/100|[from] item: Leftovers\n|upkeep\n|turn|33\n|\n|t:|1700690426\n|move|p1a: Togekiss|Air Slash|p2a: Garganacl\n|-damage|p2a: Garganacl|45\/100\n|cant|p2a: Garganacl|flinch\n|\n|-heal|p2a: Garganacl|51\/100|[from] item: Leftovers\n|upkeep\n|turn|34\n|\n|t:|1700690432\n|move|p1a: Togekiss|Air Slash|p2a: Garganacl\n|-damage|p2a: Garganacl|26\/100\n|cant|p2a: Garganacl|flinch\n|\n|-heal|p2a: Garganacl|32\/100|[from] item: Leftovers\n|upkeep\n|turn|35\n|\n|t:|1700690437\n|move|p1a: Togekiss|Air Slash|p2a: Garganacl\n|-damage|p2a: Garganacl|6\/100\n|cant|p2a: Garganacl|flinch\n|\n|-heal|p2a: Garganacl|12\/100|[from] item: Leftovers\n|upkeep\n|turn|36\n|\n|t:|1700690454\n|switch|p2a: Clodsire|Clodsire, M, shiny|100\/100\n|move|p1a: Togekiss|Air Slash|p2a: Clodsire\n|-damage|p2a: Clodsire|70\/100\n|\n|upkeep\n|turn|37\n|\n|t:|1700690457\n|move|p1a: Togekiss|Air Slash|p2a: Clodsire\n|-damage|p2a: Clodsire|40\/100\n|cant|p2a: Clodsire|flinch\n|\n|upkeep\n|turn|38\n|\n|t:|1700690461\n|move|p1a: Togekiss|Air Slash|p2a: Clodsire\n|-damage|p2a: Clodsire|12\/100\n|cant|p2a: Clodsire|flinch\n|\n|upkeep\n|turn|39\n|\n|t:|1700690468\n|move|p1a: Togekiss|Air Slash|p2a: Clodsire\n|-damage|p2a: Clodsire|0 fnt\n|faint|p2a: Clodsire\n|\n|upkeep\n|\n|t:|1700690470\n|switch|p2a: Toxapex|Toxapex, M, shiny|61\/100\n|turn|40\n|\n|t:|1700690473\n|move|p1a: Togekiss|Air Slash|p2a: Toxapex\n|-damage|p2a: Toxapex|34\/100\n|cant|p2a: Toxapex|flinch\n|\n|-heal|p2a: Toxapex|41\/100|[from] item: Black Sludge\n|upkeep\n|turn|41\n|c|\u2606830r|Bruh\n|\n|t:|1700690487\n|switch|p2a: Garganacl|Garganacl, F, tera:Ghost|12\/100\n|move|p1a: Togekiss|Air Slash|p2a: Garganacl|[miss]\n|-miss|p1a: Togekiss|p2a: Garganacl\n|\n|-heal|p2a: Garganacl|19\/100|[from] item: Leftovers\n|upkeep\n|turn|42\n|\n|t:|1700690492\n|move|p1a: Togekiss|Dazzling Gleam|p2a: Garganacl\n|-damage|p2a: Garganacl|0 fnt\n|faint|p2a: Garganacl\n|\n|upkeep\n|\n|t:|1700690494\n|switch|p2a: Toxapex|Toxapex, M, shiny|74\/100\n|turn|43\n|\n|t:|1700690498\n|move|p1a: Togekiss|Thunder Wave|p2a: Toxapex\n|-status|p2a: Toxapex|par\n|move|p2a: Toxapex|Toxic|p1a: Togekiss\n|-status|p1a: Togekiss|tox\n|\n|-heal|p2a: Toxapex|80\/100 par|[from] item: Black Sludge\n|-damage|p1a: Togekiss|94\/100 tox|[from] psn\n|upkeep\n|turn|44\n|\n|t:|1700690500\n|move|p1a: Togekiss|Air Slash|p2a: Toxapex\n|-damage|p2a: Toxapex|50\/100 par\n|cant|p2a: Toxapex|par\n|\n|-heal|p1a: Togekiss|100\/100 tox|[from] item: Leftovers\n|-heal|p2a: Toxapex|57\/100 par|[from] item: Black Sludge\n|-damage|p1a: Togekiss|88\/100 tox|[from] psn\n|upkeep\n|turn|45\n|\n|t:|1700690504\n|move|p1a: Togekiss|Air Slash|p2a: Toxapex\n|-damage|p2a: Toxapex|29\/100 par\n|cant|p2a: Toxapex|flinch\n|\n|-heal|p1a: Togekiss|94\/100 tox|[from] item: Leftovers\n|-heal|p2a: Toxapex|35\/100 par|[from] item: Black Sludge\n|-damage|p1a: Togekiss|76\/100 tox|[from] psn\n|upkeep\n|turn|46\n|\n|t:|1700690509\n|move|p1a: Togekiss|Air Slash|p2a: Toxapex\n|-damage|p2a: Toxapex|8\/100 par\n|move|p2a: Toxapex|Infestation|p1a: Togekiss\n|-resisted|p1a: Togekiss\n|-damage|p1a: Togekiss|75\/100 tox\n|-activate|p1a: Togekiss|move: Infestation|[of] p2a: Toxapex\n|\n|-heal|p1a: Togekiss|82\/100 tox|[from] item: Leftovers\n|-heal|p2a: Toxapex|15\/100 par|[from] item: Black Sludge\n|-damage|p1a: Togekiss|57\/100 tox|[from] psn\n|-damage|p1a: Togekiss|45\/100 tox|[from] move: Infestation|[partiallytrapped]\n|upkeep\n|turn|47\n|\n|t:|1700690514\n|cant|p2a: Toxapex|par\n|move|p1a: Togekiss|Air Slash|p2a: Toxapex|[miss]\n|-miss|p1a: Togekiss|p2a: Toxapex\n|\n|-heal|p1a: Togekiss|51\/100 tox|[from] item: Leftovers\n|-heal|p2a: Toxapex|21\/100 par|[from] item: Black Sludge\n|-damage|p1a: Togekiss|20\/100 tox|[from] psn\n|-damage|p1a: Togekiss|8\/100 tox|[from] move: Infestation|[partiallytrapped]\n|upkeep\n|turn|48\n|\n|t:|1700690517\n|move|p2a: Toxapex|Baneful Bunker|p2a: Toxapex\n|-singleturn|p2a: Toxapex|move: Protect\n|move|p1a: Togekiss|Air Slash|p2a: Toxapex\n|-activate|p2a: Toxapex|move: Protect\n|\n|-heal|p1a: Togekiss|14\/100 tox|[from] item: Leftovers\n|-heal|p2a: Toxapex|27\/100 par|[from] item: Black Sludge\n|-damage|p1a: Togekiss|0 fnt|[from] psn\n|faint|p1a: Togekiss\n|upkeep\n|\n|t:|1700690519\n|switch|p1a: Greninja|Greninja, M|100\/100\n|-status|p1a: Greninja|tox\n|turn|49\n|\n|t:|1700690522\n|move|p1a: Greninja|Dark Pulse|p2a: Toxapex\n|-damage|p2a: Toxapex|0 fnt\n|faint|p2a: Toxapex\n|-ability|p1a: Greninja|Battle Bond|boost\n|-boost|p1a: Greninja|atk|1\n|-boost|p1a: Greninja|spa|1\n|-boost|p1a: Greninja|spe|1\n|-activate|p1a: Greninja|ability: Battle Bond\n|\n|-damage|p1a: Greninja|95\/100 tox|[from] psn\n|upkeep\n|\n|t:|1700690526\n|switch|p2a: Charizard|Charizard, F, shiny|100\/100\n|turn|50\n|\n|t:|1700690528\n|detailschange|p2a: Charizard|Charizard-Mega-Y, F, shiny\n|-mega|p2a: Charizard|Charizard|Charizardite Y\n|-weather|SunnyDay|[from] ability: Drought|[of] p2a: Charizard\n|move|p1a: Greninja|Dark Pulse|p2a: Charizard\n|-damage|p2a: Charizard|19\/100\n|move|p2a: Charizard|Solar Beam||[still]\n|-prepare|p2a: Charizard|Solar Beam\n|-anim|p2a: Charizard|Solar Beam|p1a: Greninja\n|-supereffective|p1a: Greninja\n|-damage|p1a: Greninja|0 fnt\n|faint|p1a: Greninja\n|\n|-weather|SunnyDay|[upkeep]\n|upkeep\n|\n|t:|1700690531\n|switch|p1a: Excadrill|Excadrill, M, tera:Steel|100\/100\n|-ability|p1a: Excadrill|Mold Breaker\n|turn|51\n|\n|t:|1700690538\n|move|p1a: Excadrill|Iron Head|p2a: Charizard\n|-resisted|p2a: Charizard\n|-damage|p2a: Charizard|0 fnt\n|faint|p2a: Charizard\n|\n|win|DSouth2007\n|raw|DSouth2007's rating: 1337 &rarr; <strong>1357<\/strong><br \/>(+20 for winning)\n|raw|830r's rating: 1331 &rarr; <strong>1311<\/strong><br \/>(-20 for losing)\n|l|\u203dDSouth2007\n","uploadtime":1700690552,"views":13,"p1id":"dsouth2007","p2id":"830r","formatid":"gen9nationaldex","rating":1311,"private":0,"password":""}