{"id":"gen9nationaldex-1993687083","p1":"ana_cat_ana","p2":"Tank Tests","format":"[Gen 9] National Dex","log":"|j|\u2606ana_cat_ana\n|j|\u2606Tank Tests\n|t:|1700345590\n|gametype|singles\n|player|p1|ana_cat_ana|nurse|1211\n|player|p2|Tank Tests|1|1289\n|teamsize|p1|6\n|teamsize|p2|6\n|gen|9\n|tier|[Gen 9] National Dex\n|rated|\n|rule|HP Percentage Mod: HP is shown in percentages\n|rule|Endless Battle Clause: Forcing endless battles is banned\n|rule|OHKO Clause: OHKO moves are banned\n|rule|Evasion Clause: Evasion abilities, items, and moves are banned\n|rule|Evasion Abilities Clause: Evasion abilities are banned\n|rule|Evasion Items Clause: Evasion items are banned\n|rule|Evasion Moves Clause: Evasion moves are banned\n|rule|Species Clause: Limit one of each Pok\u00e9mon\n|rule|Sleep Clause Mod: Limit one foe put to sleep\n|clearpoke\n|poke|p1|Charizard, F|\n|poke|p1|Ogerpon-Wellspring, F|\n|poke|p1|Great Tusk|\n|poke|p1|Lilligant-Hisui, F|\n|poke|p1|Volcarona, M|\n|poke|p1|Gliscor, M|\n|poke|p2|Pawmot, F|\n|poke|p2|Rabsca, M|\n|poke|p2|Banette, F|\n|poke|p2|Victini|\n|poke|p2|Dragonite, F|\n|poke|p2|Forretress, F|\n|teampreview\n|inactive|Battle timer is ON: inactive players will automatically lose when time's up. (requested by ana_cat_ana)\n|\n|t:|1700345597\n|start\n|switch|p1a: Monica|Charizard, F|100\/100\n|switch|p2a: Victini|Victini|100\/100\n|turn|1\n|\n|t:|1700345604\n|detailschange|p1a: Monica|Charizard-Mega-Y, F\n|-mega|p1a: Monica|Charizard|Charizardite Y\n|-weather|SunnyDay|[from] ability: Drought|[of] p1a: Monica\n|move|p2a: Victini|Final Gambit|p1a: Monica\n|-damage|p1a: Monica|0 fnt\n|faint|p2a: Victini\n|faint|p1a: Monica\n|\n|-weather|SunnyDay|[upkeep]\n|upkeep\n|\n|t:|1700345617\n|switch|p1a: Jonas|Great Tusk|100\/100\n|switch|p2a: Forretress|Forretress, F|100\/100\n|-activate|p1a: Jonas|ability: Protosynthesis\n|-start|p1a: Jonas|protosynthesisatk\n|turn|2\n|\n|t:|1700345627\n|move|p1a: Jonas|Stone Edge|p2a: Forretress\n|-damage|p2a: Forretress|73\/100\n|move|p2a: Forretress|Explosion|p1a: Jonas\n|-damage|p1a: Jonas|64\/100\n|faint|p2a: Forretress\n|\n|-weather|SunnyDay|[upkeep]\n|upkeep\n|\n|t:|1700345641\n|switch|p2a: Dragonite|Dragonite, F|100\/100\n|turn|3\n|\n|t:|1700345644\n|move|p1a: Jonas|Stone Edge|p2a: Dragonite|[miss]\n|-miss|p1a: Jonas|p2a: Dragonite\n|move|p2a: Dragonite|Dragon Dance|p2a: Dragonite\n|-boost|p2a: Dragonite|atk|1\n|-boost|p2a: Dragonite|spe|1\n|\n|-weather|SunnyDay|[upkeep]\n|upkeep\n|turn|4\n|\n|t:|1700345650\n|move|p2a: Dragonite|Dragon Dance|p2a: Dragonite\n|-boost|p2a: Dragonite|atk|1\n|-boost|p2a: Dragonite|spe|1\n|move|p1a: Jonas|Stone Edge|p2a: Dragonite\n|-supereffective|p2a: Dragonite\n|-damage|p2a: Dragonite|54\/100\n|-enditem|p2a: Dragonite|Weakness Policy\n|-boost|p2a: Dragonite|atk|2|[from] item: Weakness Policy\n|-boost|p2a: Dragonite|spa|2|[from] item: Weakness Policy\n|\n|-weather|SunnyDay|[upkeep]\n|upkeep\n|turn|5\n|\n|t:|1700345661\n|move|p2a: Dragonite|Extreme Speed|p1a: Jonas\n|-damage|p1a: Jonas|0 fnt\n|faint|p1a: Jonas\n|-end|p1a: Jonas|Protosynthesis|[silent]\n|\n|-weather|none\n|upkeep\n|\n|t:|1700345671\n|switch|p1a: Izabela|Lilligant-Hisui, F|100\/100\n|turn|6\n|\n|t:|1700345675\n|move|p2a: Dragonite|Extreme Speed|p1a: Izabela\n|-damage|p1a: Izabela|0 fnt\n|faint|p1a: Izabela\n|\n|upkeep\n|\n|t:|1700345680\n|switch|p1a: Paulo|Gliscor, M|100\/100\n|turn|7\n|\n|t:|1700345687\n|-terastallize|p2a: Dragonite|Normal\n|move|p2a: Dragonite|Extreme Speed|p1a: Paulo\n|-damage|p1a: Paulo|16\/100\n|move|p1a: Paulo|Toxic|p2a: Dragonite\n|-status|p2a: Dragonite|tox\n|\n|-damage|p2a: Dragonite|48\/100 tox|[from] psn\n|-status|p1a: Paulo|tox|[from] item: Toxic Orb\n|upkeep\n|turn|8\n|\n|t:|1700345697\n|move|p2a: Dragonite|Extreme Speed|p1a: Paulo\n|-damage|p1a: Paulo|0 fnt\n|faint|p1a: Paulo\n|\n|-damage|p2a: Dragonite|35\/100 tox|[from] psn\n|upkeep\n|\n|t:|1700345705\n|switch|p1a: Leandro|Volcarona, M|100\/100\n|turn|9\n|\n|t:|1700345712\n|move|p2a: Dragonite|Extreme Speed|p1a: Leandro\n|-damage|p1a: Leandro|0 fnt\n|faint|p1a: Leandro\n|\n|-damage|p2a: Dragonite|17\/100 tox|[from] psn\n|upkeep\n|\n|t:|1700345718\n|switch|p1a: Giovana|Ogerpon-Wellspring, F|100\/100\n|turn|10\n|\n|t:|1700345723\n|-terastallize|p1a: Giovana|Water\n|detailschange|p1a: Giovana|Ogerpon-Wellspring-Tera, F, tera:Water\n|-ability|p1a: Giovana|Embody Aspect (Wellspring)|boost\n|-boost|p1a: Giovana|spd|1\n|move|p2a: Dragonite|Extreme Speed|p1a: Giovana\n|-damage|p1a: Giovana|0 fnt\n|faint|p1a: Giovana\n|\n|win|Tank Tests\n|raw|ana_cat_ana's rating: 1211 &rarr; <strong>1192<\/strong><br \/>(-19 for losing)\n|raw|Tank Tests's rating: 1289 &rarr; <strong>1308<\/strong><br \/>(+19 for winning)\n|c|\u2606Tank Tests|gg\n|l|\u2606ana_cat_ana\n","uploadtime":1700345740,"views":19,"p1id":"anacatana","p2id":"tanktests","formatid":"gen9nationaldex","rating":1192,"private":0,"password":""}