{"id":"gen9nationaldex-1992743973","p1":"The_Matouflamme","p2":"Play Lame","format":"[Gen 9] National Dex","log":"|j|\u2606The_Matouflamme\n|j|\u2606Play Lame\n|t:|1700231400\n|gametype|singles\n|player|p1|The_Matouflamme|richboy|1040\n|player|p2|Play Lame|burglar|1159\n|teamsize|p1|6\n|teamsize|p2|6\n|gen|9\n|tier|[Gen 9] National Dex\n|rated|\n|rule|HP Percentage Mod: HP is shown in percentages\n|rule|Endless Battle Clause: Forcing endless battles is banned\n|rule|OHKO Clause: OHKO moves are banned\n|rule|Evasion Clause: Evasion abilities, items, and moves are banned\n|rule|Evasion Abilities Clause: Evasion abilities are banned\n|rule|Evasion Items Clause: Evasion items are banned\n|rule|Evasion Moves Clause: Evasion moves are banned\n|rule|Species Clause: Limit one of each Pok\u00e9mon\n|rule|Sleep Clause Mod: Limit one foe put to sleep\n|clearpoke\n|poke|p1|Gliscor, M|\n|poke|p1|Slither Wing|\n|poke|p1|Great Tusk|\n|poke|p1|Heatran, M|\n|poke|p1|Volcarona, F|\n|poke|p1|Charizard, F|\n|poke|p2|Vikavolt, M|\n|poke|p2|Glimmora, M|\n|poke|p2|Araquanid, F|\n|poke|p2|Ceruledge, F|\n|poke|p2|Cacturne, F|\n|poke|p2|Accelgor, F|\n|teampreview\n|inactive|Battle timer is ON: inactive players will automatically lose when time's up. (requested by The_Matouflamme)\n|\n|t:|1700231418\n|start\n|switch|p1a: Great Tusk|Great Tusk|100\/100\n|switch|p2a: Araquanid|Araquanid, F, shiny|100\/100\n|turn|1\n|\n|t:|1700231432\n|-terastallize|p1a: Great Tusk|Water\n|move|p1a: Great Tusk|Stealth Rock|p2a: Araquanid\n|-sidestart|p2: Play Lame|move: Stealth Rock\n|move|p2a: Araquanid|Scald|p1a: Great Tusk\n|-resisted|p1a: Great Tusk\n|-damage|p1a: Great Tusk|75\/100\n|\n|-heal|p1a: Great Tusk|82\/100|[from] item: Leftovers\n|upkeep\n|turn|2\n|\n|t:|1700231446\n|move|p1a: Great Tusk|Ice Spinner|p2a: Araquanid\n|-resisted|p2a: Araquanid\n|-damage|p2a: Araquanid|91\/100\n|move|p2a: Araquanid|Scald|p1a: Great Tusk\n|-resisted|p1a: Great Tusk\n|-damage|p1a: Great Tusk|57\/100\n|\n|-heal|p1a: Great Tusk|64\/100|[from] item: Leftovers\n|upkeep\n|turn|3\n|\n|t:|1700231464\n|-end|p1a: Great Tusk|Protosynthesis|[silent]\n|switch|p1a: Slither Wing|Slither Wing|100\/100\n|move|p2a: Araquanid|Scald|p1a: Slither Wing\n|-damage|p1a: Slither Wing|65\/100\n|\n|upkeep\n|turn|4\n|\n|t:|1700231473\n|move|p1a: Slither Wing|First Impression|p2a: Araquanid\n|-damage|p2a: Araquanid|55\/100\n|move|p2a: Araquanid|Sticky Web|p1a: Slither Wing\n|-sidestart|p1: The_Matouflamme|move: Sticky Web\n|\n|upkeep\n|turn|5\n|\n|t:|1700231487\n|-end|p1a: Slither Wing|Protosynthesis|[silent]\n|switch|p1a: Charizard|Charizard, F|100\/100\n|move|p2a: Araquanid|Scald|p1a: Charizard\n|-supereffective|p1a: Charizard\n|-damage|p1a: Charizard|20\/100\n|\n|upkeep\n|turn|6\n|\n|t:|1700231502\n|detailschange|p1a: Charizard|Charizard-Mega-Y, F\n|-mega|p1a: Charizard|Charizard|Charizardite Y\n|-weather|SunnyDay|[from] ability: Drought|[of] p1a: Charizard\n|move|p1a: Charizard|Solar Beam||[still]\n|-prepare|p1a: Charizard|Solar Beam\n|-anim|p1a: Charizard|Solar Beam|p2a: Araquanid\n|-damage|p2a: Araquanid|15\/100\n|-enditem|p2a: Araquanid|Sitrus Berry|[eat]\n|-heal|p2a: Araquanid|40\/100|[from] item: Sitrus Berry\n|move|p2a: Araquanid|Scald|p1a: Charizard\n|-supereffective|p1a: Charizard\n|-damage|p1a: Charizard|0 fnt\n|faint|p1a: Charizard\n|\n|-weather|SunnyDay|[upkeep]\n|upkeep\n|\n|t:|1700231518\n|switch|p1a: Slither Wing|Slither Wing|65\/100\n|-activate|p1a: Slither Wing|move: Sticky Web\n|-unboost|p1a: Slither Wing|spe|1\n|-activate|p1a: Slither Wing|ability: Protosynthesis\n|-start|p1a: Slither Wing|protosynthesisatk\n|turn|7\n|\n|t:|1700231526\n|move|p1a: Slither Wing|First Impression|p2a: Araquanid\n|-damage|p2a: Araquanid|0 fnt\n|faint|p2a: Araquanid\n|\n|-weather|SunnyDay|[upkeep]\n|upkeep\n|\n|t:|1700231551\n|switch|p2a: Accelgor|Accelgor, F|100\/100\n|-damage|p2a: Accelgor|76\/100|[from] Stealth Rock\n|turn|8\n|\n|t:|1700231571\n|-end|p1a: Slither Wing|Protosynthesis|[silent]\n|switch|p1a: Volcarona|Volcarona, F|100\/100\n|move|p2a: Accelgor|Final Gambit|p1a: Volcarona\n|-damage|p1a: Volcarona|40\/100\n|faint|p2a: Accelgor\n|\n|-weather|SunnyDay|[upkeep]\n|upkeep\n|inactive|Play Lame has 120 seconds left.\n|\n|t:|1700231586\n|switch|p2a: Ceruledge|Ceruledge, F|100\/100\n|-damage|p2a: Ceruledge|76\/100|[from] Stealth Rock\n|turn|9\n|inactive|Play Lame has 120 seconds left.\n|\n|t:|1700231595\n|switch|p1a: Heatran|Heatran, M|100\/100\n|-activate|p1a: Heatran|move: Sticky Web\n|-unboost|p1a: Heatran|spe|1\n|move|p2a: Ceruledge|Swords Dance|p2a: Ceruledge\n|-boost|p2a: Ceruledge|atk|2\n|\n|-weather|SunnyDay|[upkeep]\n|-heal|p2a: Ceruledge|82\/100|[from] item: Leftovers\n|upkeep\n|turn|10\n|inactive|Play Lame has 120 seconds left.\n|\n|t:|1700231611\n|move|p2a: Ceruledge|Shadow Sneak|p1a: Heatran\n|-damage|p1a: Heatran|65\/100\n|move|p1a: Heatran|Earth Power|p2a: Ceruledge\n|-supereffective|p2a: Ceruledge\n|-damage|p2a: Ceruledge|26\/100\n|\n|-weather|none\n|-heal|p2a: Ceruledge|32\/100|[from] item: Leftovers\n|-heal|p1a: Heatran|71\/100|[from] item: Leftovers\n|upkeep\n|turn|11\n|inactive|Play Lame has 120 seconds left.\n|\n|t:|1700231627\n|move|p2a: Ceruledge|Shadow Sneak|p1a: Heatran\n|-damage|p1a: Heatran|38\/100\n|move|p1a: Heatran|Earth Power|p2a: Ceruledge\n|-supereffective|p2a: Ceruledge\n|-damage|p2a: Ceruledge|0 fnt\n|faint|p2a: Ceruledge\n|\n|-heal|p1a: Heatran|44\/100|[from] item: Leftovers\n|upkeep\n|\n|t:|1700231640\n|switch|p2a: Glimmora|Glimmora, M|100\/100\n|-damage|p2a: Glimmora|88\/100|[from] Stealth Rock\n|turn|12\n|\n|t:|1700231648\n|move|p2a: Glimmora|Power Gem|p1a: Heatran\n|-damage|p1a: Heatran|24\/100\n|move|p1a: Heatran|Earth Power|p2a: Glimmora\n|-supereffective|p2a: Glimmora\n|-damage|p2a: Glimmora|0 fnt\n|faint|p2a: Glimmora\n|\n|-heal|p1a: Heatran|30\/100|[from] item: Leftovers\n|upkeep\n|\n|t:|1700231661\n|switch|p2a: Cacturne|Cacturne, F, shiny|100\/100\n|-damage|p2a: Cacturne|88\/100|[from] Stealth Rock\n|turn|13\n|\n|t:|1700231680\n|move|p2a: Cacturne|Sucker Punch|p1a: Heatran\n|-damage|p1a: Heatran|0 fnt\n|faint|p1a: Heatran\n|\n|upkeep\n|\n|t:|1700231688\n|switch|p1a: Slither Wing|Slither Wing|65\/100\n|-activate|p1a: Slither Wing|move: Sticky Web\n|-unboost|p1a: Slither Wing|spe|1\n|turn|14\n|\n|t:|1700231700\n|move|p1a: Slither Wing|First Impression|p2a: Cacturne\n|-supereffective|p2a: Cacturne\n|-damage|p2a: Cacturne|0 fnt\n|faint|p2a: Cacturne\n|\n|upkeep\n|\n|t:|1700231706\n|switch|p2a: Vikavolt|Vikavolt, M, shiny|100\/100\n|-damage|p2a: Vikavolt|76\/100|[from] Stealth Rock\n|turn|15\n|\n|t:|1700231718\n|-end|p1a: Slither Wing|Protosynthesis|[silent]\n|switch|p1a: Gliscor|Gliscor, M|100\/100\n|move|p2a: Vikavolt|Air Slash|p1a: Gliscor\n|-damage|p1a: Gliscor|62\/100\n|\n|-heal|p2a: Vikavolt|82\/100|[from] item: Leftovers\n|-status|p1a: Gliscor|tox|[from] item: Toxic Orb\n|upkeep\n|turn|16\n|\n|t:|1700231731\n|move|p1a: Gliscor|Dual Wingbeat|p2a: Vikavolt\n|-damage|p2a: Vikavolt|69\/100\n|-damage|p2a: Vikavolt|54\/100\n|-hitcount|p2a: Vikavolt|2\n|move|p2a: Vikavolt|Energy Ball|p1a: Gliscor\n|-damage|p1a: Gliscor|15\/100 tox\n|\n|-heal|p2a: Vikavolt|60\/100|[from] item: Leftovers\n|-heal|p1a: Gliscor|27\/100 tox|[from] ability: Poison Heal\n|upkeep\n|turn|17\n|\n|t:|1700231745\n|move|p1a: Gliscor|Dual Wingbeat|p2a: Vikavolt\n|-damage|p2a: Vikavolt|46\/100\n|-damage|p2a: Vikavolt|32\/100\n|-hitcount|p2a: Vikavolt|2\n|move|p2a: Vikavolt|Energy Ball|p1a: Gliscor\n|-damage|p1a: Gliscor|0 fnt\n|faint|p1a: Gliscor\n|\n|-heal|p2a: Vikavolt|38\/100|[from] item: Leftovers\n|upkeep\n|\n|t:|1700231755\n|switch|p1a: Slither Wing|Slither Wing|65\/100\n|-activate|p1a: Slither Wing|move: Sticky Web\n|-unboost|p1a: Slither Wing|spe|1\n|turn|18\n|\n|t:|1700231761\n|-terastallize|p2a: Vikavolt|Fairy\n|move|p1a: Slither Wing|Flare Blitz|p2a: Vikavolt\n|-damage|p2a: Vikavolt|0 fnt\n|faint|p2a: Vikavolt\n|-damage|p1a: Slither Wing|50\/100|[from] Recoil\n|\n|win|The_Matouflamme\n|raw|The_Matouflamme's rating: 1040 &rarr; <strong>1085<\/strong><br \/>(+45 for winning)\n|raw|Play Lame's rating: 1159 &rarr; <strong>1126<\/strong><br \/>(-33 for losing)\n","uploadtime":1700231768,"views":12,"p1id":"thematouflamme","p2id":"playlame","formatid":"gen9nationaldex","rating":1085,"private":0,"password":""}