{"id":"gen9nationaldex-1991599022","p1":"MorthDaMooth","p2":"lemmybro87","format":"[Gen 9] National Dex","log":"|j|\u2606MorthDaMooth\n|j|\u2606lemmybro87\n|t:|1700092643\n|gametype|singles\n|player|p1|MorthDaMooth|170|\n|player|p2|lemmybro87|liza|\n|teamsize|p1|6\n|teamsize|p2|6\n|gen|9\n|tier|[Gen 9] National Dex\n|rule|HP Percentage Mod: HP is shown in percentages\n|rule|Endless Battle Clause: Forcing endless battles is banned\n|rule|OHKO Clause: OHKO moves are banned\n|rule|Evasion Clause: Evasion abilities, items, and moves are banned\n|rule|Evasion Abilities Clause: Evasion abilities are banned\n|rule|Evasion Items Clause: Evasion items are banned\n|rule|Evasion Moves Clause: Evasion moves are banned\n|rule|Species Clause: Limit one of each Pok\u00e9mon\n|rule|Sleep Clause Mod: Limit one foe put to sleep\n|clearpoke\n|poke|p1|Serperior, M|\n|poke|p1|Noivern, M|\n|poke|p1|Tinkaton, F|\n|poke|p1|Slither Wing|\n|poke|p1|Milotic, F|\n|poke|p1|Clodsire, M|\n|poke|p2|Feraligatr, M|\n|poke|p2|Victini|\n|poke|p2|Rhyperior, M|\n|poke|p2|Tinkaton, F|\n|poke|p2|Serperior, M|\n|poke|p2|Metagross|\n|teampreview\n|\n|t:|1700092653\n|start\n|switch|p1a: The Lad!|Clodsire, M|100\/100\n|switch|p2a: smik smash|Tinkaton, F|100\/100\n|-ability|p2a: smik smash|Mold Breaker\n|turn|1\n|\n|t:|1700092659\n|move|p2a: smik smash|Stealth Rock|p1a: The Lad!\n|-sidestart|p1: MorthDaMooth|move: Stealth Rock\n|move|p1a: The Lad!|Stealth Rock|p2a: smik smash\n|-sidestart|p2: lemmybro87|move: Stealth Rock\n|\n|upkeep\n|turn|2\n|\n|t:|1700092665\n|move|p2a: smik smash|Encore|p1a: The Lad!\n|-start|p1a: The Lad!|Encore\n|move|p1a: The Lad!|Stealth Rock||[still]\n|-fail|p1a: The Lad!\n|\n|upkeep\n|turn|3\n|\n|t:|1700092679\n|switch|p1a: Floof Mooth|Slither Wing|100\/100\n|move|p2a: smik smash|Knock Off|p1a: Floof Mooth\n|-resisted|p1a: Floof Mooth\n|-damage|p1a: Floof Mooth|86\/100\n|-enditem|p1a: Floof Mooth|Heavy-Duty Boots|[from] move: Knock Off|[of] p2a: smik smash\n|\n|upkeep\n|turn|4\n|\n|t:|1700092687\n|move|p2a: smik smash|Gigaton Hammer|p1a: Floof Mooth\n|-damage|p1a: Floof Mooth|6\/100\n|move|p1a: Floof Mooth|Will-O-Wisp|p2a: smik smash\n|-status|p2a: smik smash|brn\n|\n|-damage|p2a: smik smash|94\/100 brn|[from] brn\n|upkeep\n|turn|5\n|\n|t:|1700092695\n|move|p2a: smik smash|Knock Off|p1a: Floof Mooth\n|-resisted|p1a: Floof Mooth\n|-damage|p1a: Floof Mooth|1\/100\n|move|p1a: Floof Mooth|U-turn|p2a: smik smash\n|-resisted|p2a: smik smash\n|-damage|p2a: smik smash|82\/100 brn\n|\n|t:|1700092707\n|-end|p1a: Floof Mooth|Protosynthesis|[silent]\n|switch|p1a: The Lad!|Clodsire, M|100\/100|[from] U-turn\n|-damage|p1a: The Lad!|94\/100|[from] Stealth Rock\n|\n|-damage|p2a: smik smash|76\/100 brn|[from] brn\n|upkeep\n|turn|6\n|\n|t:|1700092714\n|switch|p2a: Serperior|Serperior, M|100\/100\n|-damage|p2a: Serperior|88\/100|[from] Stealth Rock\n|move|p1a: The Lad!|Earthquake|p2a: Serperior\n|-resisted|p2a: Serperior\n|-damage|p2a: Serperior|72\/100\n|\n|-heal|p2a: Serperior|79\/100|[from] item: Leftovers\n|upkeep\n|turn|7\n|\n|t:|1700092723\n|move|p2a: Serperior|Defog|p1a: The Lad!\n|-unboost|p1a: The Lad!|evasion|1\n|-sideend|p1: MorthDaMooth|Stealth Rock|[from] move: Defog|[of] p2a: Serperior\n|-sideend|p2: lemmybro87|Stealth Rock|[from] move: Defog|[of] p2a: Serperior\n|move|p1a: The Lad!|Toxic|p2a: Serperior\n|-status|p2a: Serperior|tox\n|\n|-heal|p2a: Serperior|85\/100 tox|[from] item: Leftovers\n|-damage|p2a: Serperior|79\/100 tox|[from] psn\n|upkeep\n|turn|8\n|\n|t:|1700092731\n|move|p2a: Serperior|Glare|p1a: The Lad!\n|-status|p1a: The Lad!|par\n|cant|p1a: The Lad!|par\n|\n|-heal|p2a: Serperior|85\/100 tox|[from] item: Leftovers\n|-damage|p2a: Serperior|72\/100 tox|[from] psn\n|upkeep\n|turn|9\n|\n|t:|1700092738\n|move|p2a: Serperior|Leaf Storm|p1a: The Lad!\n|-damage|p1a: The Lad!|69\/100 par\n|-boost|p2a: Serperior|spa|2\n|move|p1a: The Lad!|Stealth Rock|p2a: Serperior\n|-sidestart|p2: lemmybro87|move: Stealth Rock\n|\n|-heal|p2a: Serperior|79\/100 tox|[from] item: Leftovers\n|-damage|p2a: Serperior|60\/100 tox|[from] psn\n|upkeep\n|turn|10\n|\n|t:|1700092765\n|move|p2a: Serperior|Defog|p1a: The Lad!\n|-unboost|p1a: The Lad!|evasion|1\n|-sideend|p2: lemmybro87|Stealth Rock|[from] move: Defog|[of] p2a: Serperior\n|move|p1a: The Lad!|Recover|p1a: The Lad!\n|-heal|p1a: The Lad!|100\/100 par\n|\n|-heal|p2a: Serperior|66\/100 tox|[from] item: Leftovers\n|-damage|p2a: Serperior|41\/100 tox|[from] psn\n|upkeep\n|turn|11\n|\n|t:|1700092773\n|move|p2a: Serperior|Leaf Storm|p1a: The Lad!\n|-damage|p1a: The Lad!|54\/100 par\n|-boost|p2a: Serperior|spa|2\n|move|p1a: The Lad!|Stealth Rock|p2a: Serperior\n|-sidestart|p2: lemmybro87|move: Stealth Rock\n|\n|-heal|p2a: Serperior|48\/100 tox|[from] item: Leftovers\n|-damage|p2a: Serperior|17\/100 tox|[from] psn\n|upkeep\n|turn|12\n|\n|t:|1700092782\n|move|p2a: Serperior|Defog|p1a: The Lad!\n|-unboost|p1a: The Lad!|evasion|1\n|-sideend|p2: lemmybro87|Stealth Rock|[from] move: Defog|[of] p2a: Serperior\n|move|p1a: The Lad!|Recover|p1a: The Lad!\n|-heal|p1a: The Lad!|100\/100 par\n|\n|-heal|p2a: Serperior|23\/100 tox|[from] item: Leftovers\n|-damage|p2a: Serperior|0 fnt|[from] psn\n|faint|p2a: Serperior\n|upkeep\n|\n|t:|1700092786\n|switch|p2a: Metagross|Metagross, shiny|100\/100\n|turn|13\n|\n|t:|1700092793\n|-terastallize|p2a: Metagross|Flying\n|move|p2a: Metagross|Agility|p2a: Metagross\n|-boost|p2a: Metagross|spe|2\n|move|p1a: The Lad!|Stealth Rock|p2a: Metagross\n|-sidestart|p2: lemmybro87|move: Stealth Rock\n|\n|upkeep\n|turn|14\n|\n|t:|1700092809\n|move|p2a: Metagross|Earthquake|p1a: The Lad!\n|-supereffective|p1a: The Lad!\n|-damage|p1a: The Lad!|8\/100 par\n|-enditem|p1a: The Lad!|Aguav Berry|[eat]\n|-heal|p1a: The Lad!|42\/100 par|[from] item: Aguav Berry\n|move|p1a: The Lad!|Toxic|p2a: Metagross\n|-status|p2a: Metagross|tox\n|\n|-damage|p2a: Metagross|95\/100 tox|[from] psn\n|upkeep\n|turn|15\n|\n|t:|1700092844\n|switch|p1a: Marvel|Milotic, F|100\/100\n|move|p2a: Metagross|Earthquake|p1a: Marvel\n|-damage|p1a: Marvel|56\/100\n|\n|-heal|p2a: Metagross|100\/100 tox|[from] item: Leftovers\n|-damage|p2a: Metagross|89\/100 tox|[from] psn\n|upkeep\n|turn|16\n|\n|t:|1700092857\n|-terastallize|p1a: Marvel|Electric\n|move|p2a: Metagross|Steel Roller||[still]\n|-fail|p2a: Metagross\n|move|p1a: Marvel|Tera Blast|p2a: Metagross|[anim] Tera Blast Electric\n|-supereffective|p2a: Metagross\n|-damage|p2a: Metagross|0 fnt\n|faint|p2a: Metagross\n|\n|upkeep\n|\n|t:|1700092867\n|switch|p2a: Victory|Victini|100\/100\n|-damage|p2a: Victory|76\/100|[from] Stealth Rock\n|turn|17\n|\n|t:|1700092872\n|move|p2a: Victory|Flame Charge|p1a: Marvel\n|-damage|p1a: Marvel|29\/100\n|-boost|p2a: Victory|spe|1\n|move|p1a: Marvel|Hydro Pump|p2a: Victory\n|-supereffective|p2a: Victory\n|-damage|p2a: Victory|0 fnt\n|faint|p2a: Victory\n|\n|upkeep\n|\n|t:|1700092876\n|switch|p2a: smik smash|Tinkaton, F|76\/100 brn\n|-damage|p2a: smik smash|70\/100 brn|[from] Stealth Rock\n|-ability|p2a: smik smash|Mold Breaker\n|turn|18\n|\n|t:|1700092885\n|move|p2a: smik smash|Knock Off|p1a: Marvel\n|-damage|p1a: Marvel|16\/100\n|-enditem|p1a: Marvel|Blunder Policy|[from] move: Knock Off|[of] p2a: smik smash\n|move|p1a: Marvel|Recover|p1a: Marvel\n|-heal|p1a: Marvel|66\/100\n|\n|-damage|p2a: smik smash|64\/100 brn|[from] brn\n|upkeep\n|turn|19\n|\n|t:|1700092892\n|move|p2a: smik smash|Encore|p1a: Marvel\n|-start|p1a: Marvel|Encore\n|move|p1a: Marvel|Recover|p1a: Marvel\n|-heal|p1a: Marvel|100\/100\n|\n|-damage|p2a: smik smash|58\/100 brn|[from] brn\n|upkeep\n|turn|20\n|\n|t:|1700092903\n|switch|p2a: Saber|Feraligatr, M|100\/100\n|-damage|p2a: Saber|88\/100|[from] Stealth Rock\n|move|p1a: Marvel|Recover||[still]\n|-fail|p1a: Marvel|heal\n|\n|upkeep\n|turn|21\n|\n|t:|1700092910\n|move|p2a: Saber|Dragon Dance|p2a: Saber\n|-boost|p2a: Saber|atk|1\n|-boost|p2a: Saber|spe|1\n|move|p1a: Marvel|Recover||[still]\n|-fail|p1a: Marvel|heal\n|\n|-end|p1a: Marvel|Encore\n|upkeep\n|turn|22\n|\n|t:|1700092917\n|move|p2a: Saber|Bulldoze|p1a: Marvel\n|-supereffective|p1a: Marvel\n|-damage|p1a: Marvel|0 fnt\n|faint|p1a: Marvel\n|\n|upkeep\n|\n|t:|1700092925\n|switch|p1a: Da Snoove!|Serperior, M|100\/100\n|turn|23\n|\n|t:|1700092929\n|move|p2a: Saber|Liquidation|p1a: Da Snoove!\n|-resisted|p1a: Da Snoove!\n|-damage|p1a: Da Snoove!|31\/100\n|move|p1a: Da Snoove!|Glare|p2a: Saber\n|-status|p2a: Saber|par\n|\n|-heal|p1a: Da Snoove!|37\/100|[from] item: Leftovers\n|upkeep\n|turn|24\n|\n|t:|1700092937\n|move|p1a: Da Snoove!|Leaf Storm|p2a: Saber\n|-supereffective|p2a: Saber\n|-damage|p2a: Saber|0 fnt\n|-boost|p1a: Da Snoove!|spa|2\n|faint|p2a: Saber\n|\n|-heal|p1a: Da Snoove!|43\/100|[from] item: Leftovers\n|upkeep\n|\n|t:|1700092940\n|switch|p2a: smik smash|Tinkaton, F|58\/100 brn\n|-damage|p2a: smik smash|52\/100 brn|[from] Stealth Rock\n|-ability|p2a: smik smash|Mold Breaker\n|turn|25\n|\n|t:|1700092949\n|move|p1a: Da Snoove!|Hidden Power|p2a: smik smash\n|-supereffective|p2a: smik smash\n|-damage|p2a: smik smash|0 fnt\n|faint|p2a: smik smash\n|\n|-heal|p1a: Da Snoove!|49\/100|[from] item: Leftovers\n|upkeep\n|\n|t:|1700092951\n|switch|p2a: Bismark|Rhyperior, M|100\/100\n|-damage|p2a: Bismark|94\/100|[from] Stealth Rock\n|turn|26\n|\n|t:|1700092957\n|move|p1a: Da Snoove!|Leaf Storm|p2a: Bismark\n|-supereffective|p2a: Bismark\n|-damage|p2a: Bismark|0 fnt\n|-boost|p1a: Da Snoove!|spa|2\n|faint|p2a: Bismark\n|\n|win|MorthDaMooth\n|l|\u2606lemmybro87\n","uploadtime":1700092967,"views":14,"p1id":"morthdamooth","p2id":"lemmybro87","formatid":"gen9nationaldex","rating":0,"private":0,"password":""}