{"id":"gen9nationaldex-1994707265","p1":"baigu2","p2":"Francuz27","format":"[Gen 9] National Dex","log":"|html|<div class=\"broadcast-blue\"><strong>[Gen 9] National Dex is currently suspecting Sneasler! For information on how to participate check out the <a href=\"https:\/\/www.smogon.com\/forums\/threads\/sv-national-dex-suspect-8-just-dance.3731534\/\">suspect thread<\/a>.<\/strong><\/div>\n|j|\u2606baigu2\n|j|\u2606Francuz27\n|t:|1700483855\n|gametype|singles\n|player|p1|baigu2|101|1757\n|player|p2|Francuz27|102|1675\n|teamsize|p1|6\n|teamsize|p2|6\n|gen|9\n|tier|[Gen 9] National Dex\n|rated|\n|rule|HP Percentage Mod: HP is shown in percentages\n|rule|Endless Battle Clause: Forcing endless battles is banned\n|rule|OHKO Clause: OHKO moves are banned\n|rule|Evasion Clause: Evasion abilities, items, and moves are banned\n|rule|Evasion Abilities Clause: Evasion abilities are banned\n|rule|Evasion Items Clause: Evasion items are banned\n|rule|Evasion Moves Clause: Evasion moves are banned\n|rule|Species Clause: Limit one of each Pok\u00e9mon\n|rule|Sleep Clause Mod: Limit one foe put to sleep\n|clearpoke\n|poke|p1|Ursaluna, M|\n|poke|p1|Dragonite, F|\n|poke|p1|Slowking, M|\n|poke|p1|Tapu Koko|\n|poke|p1|Hoopa-Unbound|\n|poke|p1|Great Tusk|\n|poke|p2|Pelipper, M|\n|poke|p2|Skarmory, F|\n|poke|p2|Swampert, M|\n|poke|p2|Ludicolo, F|\n|poke|p2|Barraskewda, M|\n|poke|p2|Goodra, F|\n|teampreview\n|\n|t:|1700483864\n|start\n|switch|p1a: Tapu Koko|Tapu Koko|100\/100\n|switch|p2a: Pelipper|Pelipper, M|100\/100\n|-fieldstart|move: Electric Terrain|[from] ability: Electric Surge|[of] p1a: Tapu Koko\n|-weather|RainDance|[from] ability: Drizzle|[of] p2a: Pelipper\n|turn|1\n|\n|t:|1700483874\n|switch|p2a: Swampert|Swampert, M|100\/100\n|move|p1a: Tapu Koko|Dazzling Gleam|p2a: Swampert\n|-damage|p2a: Swampert|45\/100\n|\n|-weather|RainDance|[upkeep]\n|upkeep\n|turn|2\n|\n|t:|1700483883\n|switch|p1a: Dragonite|Dragonite, F|100\/100\n|detailschange|p2a: Swampert|Swampert-Mega, M\n|-mega|p2a: Swampert|Swampert|Swampertite\n|move|p2a: Swampert|Waterfall|p1a: Dragonite\n|-resisted|p1a: Dragonite\n|-damage|p1a: Dragonite|83\/100\n|\n|-weather|RainDance|[upkeep]\n|upkeep\n|turn|3\n|\n|t:|1700483924\n|-terastallize|p1a: Dragonite|Normal\n|move|p1a: Dragonite|Extreme Speed|p2a: Swampert\n|-damage|p2a: Swampert|0 fnt\n|faint|p2a: Swampert\n|\n|-weather|RainDance|[upkeep]\n|upkeep\n|\n|t:|1700483937\n|switch|p2a: Skarmory|Skarmory, F|100\/100\n|turn|4\n|\n|t:|1700483943\n|switch|p1a: Tapu Koko|Tapu Koko|100\/100\n|move|p2a: Skarmory|Toxic|p1a: Tapu Koko\n|-status|p1a: Tapu Koko|tox\n|\n|-weather|RainDance|[upkeep]\n|-damage|p1a: Tapu Koko|94\/100 tox|[from] psn\n|upkeep\n|turn|5\n|\n|t:|1700483951\n|switch|p2a: Goodra|Goodra, F|100\/100\n|move|p1a: Tapu Koko|Volt Switch|p2a: Goodra\n|-resisted|p2a: Goodra\n|-damage|p2a: Goodra|89\/100\n|\n|t:|1700483955\n|switch|p1a: Ursaluna|Ursaluna, M|100\/100|[from] Volt Switch\n|\n|-weather|RainDance|[upkeep]\n|-fieldend|move: Electric Terrain\n|-status|p1a: Ursaluna|brn|[from] item: Flame Orb\n|upkeep\n|turn|6\n|\n|t:|1700483962\n|switch|p2a: Skarmory|Skarmory, F|100\/100\n|move|p1a: Ursaluna|Facade|p2a: Skarmory\n|-resisted|p2a: Skarmory\n|-damage|p2a: Skarmory|61\/100\n|-damage|p1a: Ursaluna|84\/100 brn|[from] item: Rocky Helmet|[of] p2a: Skarmory\n|\n|-weather|RainDance|[upkeep]\n|-damage|p1a: Ursaluna|78\/100 brn|[from] brn\n|upkeep\n|turn|7\n|j| aaaapeng\n|\n|t:|1700483972\n|switch|p1a: Hoopa|Hoopa-Unbound|100\/100\n|move|p2a: Skarmory|Roost|p2a: Skarmory\n|-heal|p2a: Skarmory|100\/100\n|-singleturn|p2a: Skarmory|move: Roost\n|\n|-weather|RainDance|[upkeep]\n|upkeep\n|turn|8\n|\n|t:|1700483979\n|switch|p2a: Goodra|Goodra, F|89\/100\n|move|p1a: Hoopa|Nasty Plot|p1a: Hoopa\n|-boost|p1a: Hoopa|spa|2\n|\n|-weather|none\n|upkeep\n|turn|9\n|\n|t:|1700483987\n|move|p1a: Hoopa|Nasty Plot|p1a: Hoopa\n|-boost|p1a: Hoopa|spa|2\n|move|p2a: Goodra|Sludge Bomb|p1a: Hoopa\n|-damage|p1a: Hoopa|74\/100\n|-status|p1a: Hoopa|psn\n|\n|-damage|p1a: Hoopa|62\/100 psn|[from] psn\n|upkeep\n|turn|10\n|\n|t:|1700483996\n|-zpower|p1a: Hoopa\n|move|p1a: Hoopa|All-Out Pummeling|p2a: Goodra|[zeffect]\n|-damage|p2a: Goodra|0 fnt\n|faint|p2a: Goodra\n|\n|-damage|p1a: Hoopa|50\/100 psn|[from] psn\n|upkeep\n|inactive|Battle timer is ON: inactive players will automatically lose when time's up. (requested by baigu2)\n|\n|t:|1700484008\n|switch|p2a: Barraskewda|Barraskewda, M|100\/100\n|turn|11\n|\n|t:|1700484013\n|-terastallize|p2a: Barraskewda|Water\n|move|p2a: Barraskewda|Liquidation|p1a: Hoopa\n|-damage|p1a: Hoopa|0 fnt\n|faint|p1a: Hoopa\n|\n|upkeep\n|\n|t:|1700484015\n|switch|p1a: Tapu Koko|Tapu Koko|94\/100 tox\n|-fieldstart|move: Electric Terrain|[from] ability: Electric Surge|[of] p1a: Tapu Koko\n|turn|12\n|\n|t:|1700484026\n|switch|p2a: Pelipper|Pelipper, M|100\/100\n|-weather|RainDance|[from] ability: Drizzle|[of] p2a: Pelipper\n|move|p1a: Tapu Koko|Volt Switch|p2a: Pelipper\n|-supereffective|p2a: Pelipper\n|-damage|p2a: Pelipper|0 fnt\n|faint|p2a: Pelipper\n|\n|t:|1700484030\n|switch|p1a: Dragonite|Dragonite, F, tera:Normal|83\/100|[from] Volt Switch\n|\n|-weather|RainDance|[upkeep]\n|upkeep\n|\n|t:|1700484037\n|switch|p2a: Skarmory|Skarmory, F|100\/100\n|turn|13\n|\n|t:|1700484046\n|switch|p1a: Slowking|Slowking, M|100\/100\n|switch|p2a: Barraskewda|Barraskewda, M, tera:Water|100\/100\n|\n|-weather|RainDance|[upkeep]\n|upkeep\n|turn|14\n|\n|t:|1700484053\n|move|p2a: Barraskewda|Liquidation|p1a: Slowking\n|-resisted|p1a: Slowking\n|-damage|p1a: Slowking|34\/100\n|move|p1a: Slowking|Trick Room|p1a: Slowking\n|-fieldstart|move: Trick Room|[of] p1a: Slowking\n|\n|-weather|RainDance|[upkeep]\n|upkeep\n|turn|15\n|\n|t:|1700484059\n|move|p2a: Barraskewda|Liquidation|p1a: Slowking\n|-resisted|p1a: Slowking\n|-crit|p1a: Slowking\n|-damage|p1a: Slowking|0 fnt\n|faint|p1a: Slowking\n|\n|-weather|RainDance|[upkeep]\n|upkeep\n|\n|t:|1700484060\n|switch|p1a: Ursaluna|Ursaluna, M|78\/100 brn\n|turn|16\n|\n|t:|1700484066\n|switch|p2a: Skarmory|Skarmory, F|100\/100\n|move|p1a: Ursaluna|Facade|p2a: Skarmory\n|-resisted|p2a: Skarmory\n|-damage|p2a: Skarmory|66\/100\n|-damage|p1a: Ursaluna|61\/100 brn|[from] item: Rocky Helmet|[of] p2a: Skarmory\n|\n|-weather|RainDance|[upkeep]\n|-damage|p1a: Ursaluna|55\/100 brn|[from] brn\n|-fieldend|move: Electric Terrain\n|upkeep\n|turn|17\n|\n|t:|1700484078\n|move|p1a: Ursaluna|Facade|p2a: Skarmory\n|-resisted|p2a: Skarmory\n|-damage|p2a: Skarmory|29\/100\n|-damage|p1a: Ursaluna|38\/100 brn|[from] item: Rocky Helmet|[of] p2a: Skarmory\n|move|p2a: Skarmory|Roost|p2a: Skarmory\n|-heal|p2a: Skarmory|79\/100\n|-singleturn|p2a: Skarmory|move: Roost\n|\n|-weather|RainDance|[upkeep]\n|-damage|p1a: Ursaluna|32\/100 brn|[from] brn\n|upkeep\n|turn|18\n|\n|t:|1700484093\n|move|p1a: Ursaluna|Facade|p2a: Skarmory\n|-resisted|p2a: Skarmory\n|-damage|p2a: Skarmory|41\/100\n|-damage|p1a: Ursaluna|15\/100 brn|[from] item: Rocky Helmet|[of] p2a: Skarmory\n|move|p2a: Skarmory|Roost|p2a: Skarmory\n|-heal|p2a: Skarmory|91\/100\n|-singleturn|p2a: Skarmory|move: Roost\n|\n|-weather|RainDance|[upkeep]\n|-damage|p1a: Ursaluna|9\/100 brn|[from] brn\n|-fieldend|move: Trick Room\n|upkeep\n|turn|19\n|\n|t:|1700484104\n|switch|p1a: Tapu Koko|Tapu Koko|94\/100 tox\n|-fieldstart|move: Electric Terrain|[from] ability: Electric Surge|[of] p1a: Tapu Koko\n|move|p2a: Skarmory|Roost|p2a: Skarmory\n|-heal|p2a: Skarmory|100\/100\n|-singleturn|p2a: Skarmory|move: Roost\n|\n|-weather|none\n|-damage|p1a: Tapu Koko|88\/100 tox|[from] psn\n|upkeep\n|turn|20\n|\n|t:|1700484123\n|switch|p2a: Barraskewda|Barraskewda, M, tera:Water|100\/100\n|move|p1a: Tapu Koko|Thunderbolt|p2a: Barraskewda\n|-supereffective|p2a: Barraskewda\n|-damage|p2a: Barraskewda|0 fnt\n|faint|p2a: Barraskewda\n|\n|-damage|p1a: Tapu Koko|76\/100 tox|[from] psn\n|upkeep\n|\n|t:|1700484131\n|switch|p2a: Ludicolo|Ludicolo, F|100\/100\n|turn|21\n|\n|t:|1700484137\n|switch|p1a: Ursaluna|Ursaluna, M|9\/100 brn\n|move|p2a: Ludicolo|Rain Dance|p2a: Ludicolo\n|-weather|RainDance\n|\n|-weather|RainDance|[upkeep]\n|-damage|p1a: Ursaluna|3\/100 brn|[from] brn\n|upkeep\n|turn|22\n|\n|t:|1700484145\n|move|p2a: Ludicolo|Giga Drain|p1a: Ursaluna\n|-supereffective|p1a: Ursaluna\n|-damage|p1a: Ursaluna|0 fnt\n|faint|p1a: Ursaluna\n|-damage|p2a: Ludicolo|91\/100|[from] item: Life Orb\n|\n|-weather|RainDance|[upkeep]\n|upkeep\n|\n|t:|1700484151\n|switch|p1a: Dragonite|Dragonite, F, tera:Normal|83\/100\n|turn|23\n|\n|t:|1700484162\n|move|p1a: Dragonite|Extreme Speed|p2a: Ludicolo\n|-damage|p2a: Ludicolo|0 fnt\n|faint|p2a: Ludicolo\n|\n|-weather|RainDance|[upkeep]\n|-fieldend|move: Electric Terrain\n|upkeep\n|\n|t:|1700484167\n|switch|p2a: Skarmory|Skarmory, F|100\/100\n|turn|24\n|\n|t:|1700484172\n|switch|p1a: Great Tusk|Great Tusk|100\/100\n|move|p2a: Skarmory|Spikes|p1a: Great Tusk\n|-sidestart|p1: baigu2|Spikes\n|\n|-weather|RainDance|[upkeep]\n|upkeep\n|turn|25\n|\n|t:|1700484178\n|move|p1a: Great Tusk|Ice Spinner|p2a: Skarmory\n|-damage|p2a: Skarmory|83\/100\n|-damage|p1a: Great Tusk|84\/100|[from] item: Rocky Helmet|[of] p2a: Skarmory\n|move|p2a: Skarmory|Spikes|p1a: Great Tusk\n|-sidestart|p1: baigu2|Spikes\n|\n|-weather|none\n|upkeep\n|turn|26\n|j| Wiimicks\n|\n|t:|1700484185\n|move|p1a: Great Tusk|Ice Spinner|p2a: Skarmory\n|-damage|p2a: Skarmory|65\/100\n|-damage|p1a: Great Tusk|67\/100|[from] item: Rocky Helmet|[of] p2a: Skarmory\n|move|p2a: Skarmory|Roost|p2a: Skarmory\n|-heal|p2a: Skarmory|100\/100\n|-singleturn|p2a: Skarmory|move: Roost\n|\n|upkeep\n|turn|27\n|\n|t:|1700484193\n|move|p1a: Great Tusk|Ice Spinner|p2a: Skarmory\n|-damage|p2a: Skarmory|82\/100\n|-damage|p1a: Great Tusk|51\/100|[from] item: Rocky Helmet|[of] p2a: Skarmory\n|move|p2a: Skarmory|Spikes|p1a: Great Tusk\n|-sidestart|p1: baigu2|Spikes\n|\n|upkeep\n|turn|28\n|\n|t:|1700484201\n|move|p1a: Great Tusk|Headlong Rush|p2a: Skarmory\n|-immune|p2a: Skarmory\n|move|p2a: Skarmory|Roost|p2a: Skarmory\n|-heal|p2a: Skarmory|100\/100\n|-singleturn|p2a: Skarmory|move: Roost\n|\n|upkeep\n|turn|29\n|\n|t:|1700484211\n|-end|p1a: Great Tusk|Protosynthesis|[silent]\n|switch|p1a: Dragonite|Dragonite, F, tera:Normal|83\/100\n|-damage|p1a: Dragonite|58\/100|[from] Spikes\n|move|p2a: Skarmory|Toxic|p1a: Dragonite|[miss]\n|-miss|p2a: Skarmory|p1a: Dragonite\n|\n|upkeep\n|turn|30\n|\n|t:|1700484219\n|move|p1a: Dragonite|Fire Punch|p2a: Skarmory\n|-supereffective|p2a: Skarmory\n|-damage|p2a: Skarmory|47\/100\n|-damage|p1a: Dragonite|42\/100|[from] item: Rocky Helmet|[of] p2a: Skarmory\n|move|p2a: Skarmory|Toxic|p1a: Dragonite\n|-status|p1a: Dragonite|tox\n|\n|-damage|p1a: Dragonite|35\/100 tox|[from] psn\n|upkeep\n|turn|31\n|\n|t:|1700484228\n|move|p1a: Dragonite|Fire Punch|p2a: Skarmory\n|-supereffective|p2a: Skarmory\n|-damage|p2a: Skarmory|0 fnt\n|-damage|p1a: Dragonite|19\/100 tox|[from] item: Rocky Helmet|[of] p2a: Skarmory\n|faint|p2a: Skarmory\n|\n|win|baigu2\n|raw|baigu2's rating: 1757 &rarr; <strong>1772<\/strong><br \/>(+15 for winning)\n|raw|Francuz27's rating: 1675 &rarr; <strong>1660<\/strong><br \/>(-15 for losing)\n|l|\u2606Francuz27\n","uploadtime":1700484232,"views":1,"p1id":"baigu2","p2id":"francuz27","formatid":"gen9nationaldex","rating":1660,"private":0,"password":""}