{"id":"gen9nationaldex-1988757349","p1":"xuzichen","p2":"tonyzs","format":"[Gen 9] National Dex","log":"|j|\u2606xuzichen\n|j|\u2606tonyzs\n|t:|1699759241\n|gametype|singles\n|player|p1|xuzichen|dawn|1171\n|player|p2|tonyzs|caitlin|1121\n|teamsize|p1|6\n|teamsize|p2|6\n|gen|9\n|tier|[Gen 9] National Dex\n|rated|\n|rule|HP Percentage Mod: HP is shown in percentages\n|rule|Endless Battle Clause: Forcing endless battles is banned\n|rule|OHKO Clause: OHKO moves are banned\n|rule|Evasion Clause: Evasion abilities, items, and moves are banned\n|rule|Evasion Abilities Clause: Evasion abilities are banned\n|rule|Evasion Items Clause: Evasion items are banned\n|rule|Evasion Moves Clause: Evasion moves are banned\n|rule|Species Clause: Limit one of each Pok\u00e9mon\n|rule|Sleep Clause Mod: Limit one foe put to sleep\n|clearpoke\n|poke|p1|Banette, M|\n|poke|p1|Victini|\n|poke|p1|Seviper, M|\n|poke|p1|Landorus-Therian, M|\n|poke|p1|Honchkrow, F|\n|poke|p1|Iron Valiant|\n|poke|p2|Zapdos|\n|poke|p2|Glimmora, M|\n|poke|p2|Clodsire, M|\n|poke|p2|Lopunny, F|\n|poke|p2|Hoopa-Unbound|\n|poke|p2|Heatran, M|\n|teampreview\n|inactive|Battle timer is ON: inactive players will automatically lose when time's up. (requested by xuzichen)\n|\n|t:|1699759252\n|start\n|switch|p1a: Landorus|Landorus-Therian, M|100\/100\n|switch|p2a: \u79d1\u6280\u306e\u4ea7\u7269|Glimmora, M|100\/100\n|-ability|p1a: Landorus|Intimidate|boost\n|-unboost|p2a: \u79d1\u6280\u306e\u4ea7\u7269|atk|1\n|turn|1\n|\n|t:|1699759263\n|move|p2a: \u79d1\u6280\u306e\u4ea7\u7269|Mortal Spin|p1a: Landorus\n|-resisted|p1a: Landorus\n|-crit|p1a: Landorus\n|-damage|p1a: Landorus|95\/100\n|-status|p1a: Landorus|psn\n|move|p1a: Landorus|Earthquake|p2a: \u79d1\u6280\u306e\u4ea7\u7269\n|-supereffective|p2a: \u79d1\u6280\u306e\u4ea7\u7269\n|-enditem|p2a: \u79d1\u6280\u306e\u4ea7\u7269|Focus Sash\n|-damage|p2a: \u79d1\u6280\u306e\u4ea7\u7269|1\/100\n|-activate|p2a: \u79d1\u6280\u306e\u4ea7\u7269|ability: Toxic Debris\n|-sidestart|p1: xuzichen|move: Toxic Spikes\n|\n|-damage|p1a: Landorus|83\/100 psn|[from] psn\n|upkeep\n|turn|2\n|\n|t:|1699759280\n|switch|p2a: \u6740\u9a6c\u7279|Zapdos|100\/100\n|move|p1a: Landorus|Earthquake|p2a: \u6740\u9a6c\u7279\n|-immune|p2a: \u6740\u9a6c\u7279\n|\n|-damage|p1a: Landorus|70\/100 psn|[from] psn\n|upkeep\n|turn|3\n|\n|t:|1699759289\n|move|p1a: Landorus|Defog|p2a: \u6740\u9a6c\u7279\n|-unboost|p2a: \u6740\u9a6c\u7279|evasion|1\n|-sideend|p1: xuzichen|Toxic Spikes|[from] move: Defog|[of] p1a: Landorus\n|move|p2a: \u6740\u9a6c\u7279|Hurricane|p1a: Landorus|[miss]\n|-miss|p2a: \u6740\u9a6c\u7279|p1a: Landorus\n|\n|-damage|p1a: Landorus|58\/100 psn|[from] psn\n|upkeep\n|turn|4\n|c|\u2606tonyzs|\u7834\u9632\n|\n|t:|1699759304\n|move|p1a: Landorus|Stealth Rock|p2a: \u6740\u9a6c\u7279\n|-sidestart|p2: tonyzs|move: Stealth Rock\n|move|p2a: \u6740\u9a6c\u7279|Hurricane|p1a: Landorus\n|-damage|p1a: Landorus|0 fnt\n|faint|p1a: Landorus\n|\n|upkeep\n|\n|t:|1699759310\n|switch|p1a: Seviper|Seviper, M|100\/100\n|turn|5\n|c|\u2606xuzichen|\u996d\u5403\u86c7\u80fd\u5e72\u4ec0\u4e48\n|\n|t:|1699759325\n|move|p1a: Seviper|Final Gambit|p2a: \u6740\u9a6c\u7279\n|-damage|p2a: \u6740\u9a6c\u7279|9\/100\n|faint|p1a: Seviper\n|move|p2a: \u6740\u9a6c\u7279|Volt Switch|p1: Seviper|[notarget]\n|-fail|p2a: \u6740\u9a6c\u7279\n|\n|upkeep\n|\n|t:|1699759334\n|switch|p1a: Banette|Banette, M|100\/100\n|-item|p2a: \u6740\u9a6c\u7279|Heavy-Duty Boots|[from] ability: Frisk|[of] p1a: Banette|[identify]\n|turn|6\n|\n|t:|1699759356\n|switch|p2a: \u6b27\u62c9\u6b27\u62c9\u6b27\u62c9|Hoopa-Unbound|100\/100\n|-damage|p2a: \u6b27\u62c9\u6b27\u62c9\u6b27\u62c9|88\/100|[from] Stealth Rock\n|detailschange|p1a: Banette|Banette-Mega, M\n|-mega|p1a: Banette|Banette|Banettite\n|move|p1a: Banette|Shadow Sneak|p2a: \u6b27\u62c9\u6b27\u62c9\u6b27\u62c9\n|-damage|p2a: \u6b27\u62c9\u6b27\u62c9\u6b27\u62c9|41\/100\n|\n|upkeep\n|turn|7\n|inactive|tonyzs has 120 seconds left.\n|\n|t:|1699759380\n|switch|p2a: \u77f3\u529b\u6208|Lopunny, F, shiny|100\/100\n|-damage|p2a: \u77f3\u529b\u6208|88\/100|[from] Stealth Rock\n|move|p1a: Banette|Shadow Sneak|p2a: \u77f3\u529b\u6208\n|-immune|p2a: \u77f3\u529b\u6208\n|\n|upkeep\n|turn|8\n|\n|t:|1699759388\n|detailschange|p2a: \u77f3\u529b\u6208|Lopunny-Mega, F, shiny\n|-mega|p2a: \u77f3\u529b\u6208|Lopunny|Lopunnite\n|move|p2a: \u77f3\u529b\u6208|Fake Out|p1a: Banette\n|-damage|p1a: Banette|70\/100\n|cant|p1a: Banette|flinch\n|\n|upkeep\n|turn|9\n|\n|t:|1699759397\n|move|p1a: Banette|Destiny Bond|p1a: Banette\n|-singlemove|p1a: Banette|Destiny Bond\n|move|p2a: \u77f3\u529b\u6208|Close Combat|p1a: Banette\n|-damage|p1a: Banette|0 fnt\n|-unboost|p2a: \u77f3\u529b\u6208|def|1\n|-unboost|p2a: \u77f3\u529b\u6208|spd|1\n|faint|p1a: Banette\n|-activate|p1a: Banette|move: Destiny Bond\n|faint|p2a: \u77f3\u529b\u6208\n|\n|upkeep\n|inactive|tonyzs has 120 seconds left.\n|\n|t:|1699759418\n|switch|p2a: \u6740\u9a6c\u7279|Zapdos|9\/100\n|switch|p1a: Victini|Victini|100\/100\n|turn|10\n|\n|t:|1699759429\n|move|p1a: Victini|U-turn|p2a: \u6740\u9a6c\u7279\n|-resisted|p2a: \u6740\u9a6c\u7279\n|-damage|p2a: \u6740\u9a6c\u7279|3\/100\n|-status|p1a: Victini|par|[from] ability: Static|[of] p2a: \u6740\u9a6c\u7279\n|\n|t:|1699759445\n|switch|p1a: Iron Valiant|Iron Valiant|100\/100|[from] U-turn\n|-enditem|p1a: Iron Valiant|Booster Energy\n|-activate|p1a: Iron Valiant|ability: Quark Drive|[fromitem]\n|-start|p1a: Iron Valiant|quarkdrivespe\n|move|p2a: \u6740\u9a6c\u7279|Roost|p2a: \u6740\u9a6c\u7279\n|-heal|p2a: \u6740\u9a6c\u7279|54\/100\n|-singleturn|p2a: \u6740\u9a6c\u7279|move: Roost\n|\n|upkeep\n|turn|11\n|\n|t:|1699759459\n|move|p1a: Iron Valiant|Moonblast|p2a: \u6740\u9a6c\u7279\n|-damage|p2a: \u6740\u9a6c\u7279|9\/100\n|move|p2a: \u6740\u9a6c\u7279|Hurricane|p1a: Iron Valiant\n|-supereffective|p1a: Iron Valiant\n|-damage|p1a: Iron Valiant|0 fnt\n|faint|p1a: Iron Valiant\n|-end|p1a: Iron Valiant|Quark Drive|[silent]\n|\n|upkeep\n|-message|xuzichen forfeited.\n|\n|win|tonyzs\n|raw|xuzichen's rating: 1171 &rarr; <strong>1142<\/strong><br \/>(-29 for losing)\n|raw|tonyzs's rating: 1121 &rarr; <strong>1150<\/strong><br \/>(+29 for winning)\n|l|\u2606xuzichen\n","uploadtime":1699759472,"views":5,"p1id":"xuzichen","p2id":"tonyzs","formatid":"gen9nationaldex","rating":1142,"private":0,"password":""}