{"id":"gen9nationaldex-1996501618","p1":"ooj2","p2":"pocoYop","format":"[Gen 9] National Dex","log":"|html|<div class=\"broadcast-blue\"><strong>[Gen 9] National Dex is currently suspecting Sneasler! For information on how to participate check out the <a href=\"https:\/\/www.smogon.com\/forums\/threads\/sv-national-dex-suspect-8-just-dance.3731534\/\">suspect thread<\/a>.<\/strong><\/div>\n|j|\u2606ooj2\n|j|\u2606pocoYop\n|t:|1700688204\n|gametype|singles\n|player|p1|ooj2|psychicf-gen4|1492\n|player|p2|pocoYop|265|1561\n|teamsize|p1|6\n|teamsize|p2|6\n|gen|9\n|tier|[Gen 9] National Dex\n|rated|\n|rule|HP Percentage Mod: HP is shown in percentages\n|rule|Endless Battle Clause: Forcing endless battles is banned\n|rule|OHKO Clause: OHKO moves are banned\n|rule|Evasion Clause: Evasion abilities, items, and moves are banned\n|rule|Evasion Abilities Clause: Evasion abilities are banned\n|rule|Evasion Items Clause: Evasion items are banned\n|rule|Evasion Moves Clause: Evasion moves are banned\n|rule|Species Clause: Limit one of each Pok\u00e9mon\n|rule|Sleep Clause Mod: Limit one foe put to sleep\n|clearpoke\n|poke|p1|Charizard, F|\n|poke|p1|Great Tusk|\n|poke|p1|Hatterene, F|\n|poke|p1|Dragonite, M|\n|poke|p1|Sneasler, F|\n|poke|p1|Corviknight, F|\n|poke|p2|Clefable, F|\n|poke|p2|Venusaur, F|\n|poke|p2|Chansey, F|\n|poke|p2|Slowbro, F|\n|poke|p2|Porygon2|\n|poke|p2|Skarmory, M|\n|teampreview\n|inactive|Battle timer is ON: inactive players will automatically lose when time's up. (requested by ooj2)\n|\n|t:|1700688229\n|start\n|switch|p1a: Sneasler|Sneasler, F|100\/100\n|switch|p2a: El Cebollita|Venusaur, F|100\/100\n|turn|1\n|\n|t:|1700688238\n|detailschange|p2a: El Cebollita|Venusaur-Mega, F\n|-mega|p2a: El Cebollita|Venusaur|Venusaurite\n|move|p1a: Sneasler|Dire Claw|p2a: El Cebollita\n|-damage|p2a: El Cebollita|76\/100\n|move|p2a: El Cebollita|Earth Power|p1a: Sneasler\n|-supereffective|p1a: Sneasler\n|-damage|p1a: Sneasler|29\/100\n|\n|upkeep\n|turn|2\n|\n|t:|1700688248\n|switch|p1a: Taxi Driver|Corviknight, F|100\/100\n|-ability|p1a: Taxi Driver|Pressure\n|switch|p2a: Skrapy|Skarmory, M|100\/100\n|\n|upkeep\n|turn|3\n|\n|t:|1700688254\n|move|p2a: Skrapy|Iron Defense|p2a: Skrapy\n|-boost|p2a: Skrapy|def|2\n|move|p1a: Taxi Driver|U-turn|p2a: Skrapy\n|-resisted|p2a: Skrapy\n|-damage|p2a: Skrapy|99\/100\n|-damage|p1a: Taxi Driver|84\/100|[from] item: Rocky Helmet|[of] p2a: Skrapy\n|\n|t:|1700688256\n|switch|p1a: Charizard|Charizard, F|100\/100|[from] U-turn\n|\n|upkeep\n|turn|4\n|\n|t:|1700688263\n|switch|p2a: Nursita|Chansey, F|100\/100\n|detailschange|p1a: Charizard|Charizard-Mega-Y, F\n|-mega|p1a: Charizard|Charizard|Charizardite Y\n|-weather|SunnyDay|[from] ability: Drought|[of] p1a: Charizard\n|move|p1a: Charizard|Weather Ball|p2a: Nursita\n|-damage|p2a: Nursita|74\/100\n|\n|-weather|SunnyDay|[upkeep]\n|upkeep\n|turn|5\n|\n|t:|1700688271\n|move|p1a: Charizard|Weather Ball|p2a: Nursita\n|-damage|p2a: Nursita|46\/100\n|move|p2a: Nursita|Wish|p2a: Nursita\n|\n|-weather|SunnyDay|[upkeep]\n|upkeep\n|turn|6\n|\n|t:|1700688276\n|switch|p1a: Great Tusk|Great Tusk|100\/100\n|-activate|p1a: Great Tusk|ability: Protosynthesis\n|-start|p1a: Great Tusk|protosynthesisatk\n|move|p2a: Nursita|Protect||[still]\n|-fail|p2a: Nursita\n|\n|-weather|SunnyDay|[upkeep]\n|-heal|p2a: Nursita|96\/100|[from] move: Wish|[wisher] Nursita\n|upkeep\n|turn|7\n|\n|t:|1700688284\n|switch|p2a: Skrapy|Skarmory, M|99\/100\n|move|p1a: Great Tusk|Rapid Spin|p2a: Skrapy\n|-resisted|p2a: Skrapy\n|-damage|p2a: Skrapy|94\/100\n|-boost|p1a: Great Tusk|spe|1\n|-damage|p1a: Great Tusk|84\/100|[from] item: Rocky Helmet|[of] p2a: Skrapy\n|\n|-weather|SunnyDay|[upkeep]\n|-heal|p1a: Great Tusk|90\/100|[from] item: Leftovers\n|upkeep\n|turn|8\n|\n|t:|1700688291\n|move|p1a: Great Tusk|Bulk Up|p1a: Great Tusk\n|-boost|p1a: Great Tusk|atk|1\n|-boost|p1a: Great Tusk|def|1\n|move|p2a: Skrapy|Body Press|p1a: Great Tusk\n|-damage|p1a: Great Tusk|76\/100\n|\n|-weather|none\n|-end|p1a: Great Tusk|Protosynthesis\n|-heal|p1a: Great Tusk|83\/100|[from] item: Leftovers\n|upkeep\n|turn|9\n|\n|t:|1700688296\n|move|p1a: Great Tusk|Knock Off|p2a: Skrapy\n|-damage|p2a: Skrapy|62\/100\n|-damage|p1a: Great Tusk|66\/100|[from] item: Rocky Helmet|[of] p2a: Skrapy\n|-enditem|p2a: Skrapy|Rocky Helmet|[from] move: Knock Off|[of] p1a: Great Tusk\n|move|p2a: Skrapy|Iron Defense|p2a: Skrapy\n|-boost|p2a: Skrapy|def|2\n|\n|-heal|p1a: Great Tusk|72\/100|[from] item: Leftovers\n|upkeep\n|turn|10\n|\n|t:|1700688300\n|move|p1a: Great Tusk|Bulk Up|p1a: Great Tusk\n|-boost|p1a: Great Tusk|atk|1\n|-boost|p1a: Great Tusk|def|1\n|move|p2a: Skrapy|Iron Defense|p2a: Skrapy\n|-boost|p2a: Skrapy|def|2\n|\n|-heal|p1a: Great Tusk|78\/100|[from] item: Leftovers\n|upkeep\n|turn|11\n|\n|t:|1700688302\n|move|p1a: Great Tusk|Knock Off|p2a: Skrapy\n|-damage|p2a: Skrapy|53\/100\n|move|p2a: Skrapy|Iron Defense|p2a: Skrapy\n|-boost|p2a: Skrapy|def|2\n|\n|-heal|p1a: Great Tusk|85\/100|[from] item: Leftovers\n|upkeep\n|turn|12\n|\n|t:|1700688306\n|-end|p1a: Great Tusk|Protosynthesis|[silent]\n|switch|p1a: Charizard|Charizard-Mega-Y, F|100\/100\n|-weather|SunnyDay|[from] ability: Drought|[of] p1a: Charizard\n|move|p2a: Skrapy|Roost|p2a: Skrapy\n|-heal|p2a: Skrapy|100\/100\n|-singleturn|p2a: Skrapy|move: Roost\n|\n|-weather|SunnyDay|[upkeep]\n|upkeep\n|turn|13\n|\n|t:|1700688313\n|switch|p2a: Nursita|Chansey, F|96\/100\n|move|p1a: Charizard|Weather Ball|p2a: Nursita\n|-damage|p2a: Nursita|68\/100\n|\n|-weather|SunnyDay|[upkeep]\n|upkeep\n|turn|14\n|\n|t:|1700688318\n|move|p1a: Charizard|Weather Ball|p2a: Nursita\n|-damage|p2a: Nursita|39\/100\n|move|p2a: Nursita|Wish|p2a: Nursita\n|\n|-weather|SunnyDay|[upkeep]\n|upkeep\n|turn|15\n|\n|t:|1700688320\n|move|p2a: Nursita|Protect|p2a: Nursita\n|-singleturn|p2a: Nursita|Protect\n|move|p1a: Charizard|Weather Ball|p2a: Nursita\n|-activate|p2a: Nursita|move: Protect\n|\n|-weather|SunnyDay|[upkeep]\n|-heal|p2a: Nursita|89\/100|[from] move: Wish|[wisher] Nursita\n|upkeep\n|turn|16\n|\n|t:|1700688322\n|move|p1a: Charizard|Weather Ball|p2a: Nursita\n|-damage|p2a: Nursita|59\/100\n|move|p2a: Nursita|Wish|p2a: Nursita\n|\n|-weather|none\n|upkeep\n|turn|17\n|\n|t:|1700688331\n|switch|p1a: Dragonite|Dragonite, M|100\/100\n|move|p2a: Nursita|Seismic Toss|p1a: Dragonite\n|-damage|p1a: Dragonite|72\/100\n|\n|-heal|p2a: Nursita|100\/100|[from] move: Wish|[wisher] Nursita\n|upkeep\n|turn|18\n|\n|t:|1700688339\n|move|p1a: Dragonite|Dragon Dance|p1a: Dragonite\n|-boost|p1a: Dragonite|atk|1\n|-boost|p1a: Dragonite|spe|1\n|move|p2a: Nursita|Seismic Toss|p1a: Dragonite\n|-damage|p1a: Dragonite|43\/100\n|\n|upkeep\n|turn|19\n|\n|t:|1700688343\n|switch|p2a: Skrapy|Skarmory, M|100\/100\n|move|p1a: Dragonite|Extreme Speed|p2a: Skrapy\n|-resisted|p2a: Skrapy\n|-damage|p2a: Skrapy|87\/100\n|\n|upkeep\n|turn|20\n|\n|t:|1700688348\n|move|p1a: Dragonite|Fire Punch|p2a: Skrapy\n|-supereffective|p2a: Skrapy\n|-damage|p2a: Skrapy|40\/100\n|move|p2a: Skrapy|Body Press|p1a: Dragonite\n|-resisted|p1a: Dragonite\n|-damage|p1a: Dragonite|28\/100\n|\n|upkeep\n|turn|21\n|\n|t:|1700688356\n|switch|p2a: El Rey lento|Slowbro, F|100\/100\n|move|p1a: Dragonite|Dragon Dance|p1a: Dragonite\n|-boost|p1a: Dragonite|atk|1\n|-boost|p1a: Dragonite|spe|1\n|\n|upkeep\n|turn|22\n|\n|t:|1700688365\n|move|p1a: Dragonite|Extreme Speed|p2a: El Rey lento\n|-damage|p2a: El Rey lento|66\/100\n|move|p2a: El Rey lento|Scald|p1a: Dragonite\n|-resisted|p1a: Dragonite\n|-damage|p1a: Dragonite|15\/100\n|-status|p1a: Dragonite|brn\n|\n|-heal|p2a: El Rey lento|72\/100|[from] item: Leftovers\n|-damage|p1a: Dragonite|9\/100 brn|[from] brn\n|upkeep\n|turn|23\n|\n|t:|1700688373\n|switch|p1a: Hatterene|Hatterene, F|100\/100\n|move|p2a: El Rey lento|Protect||[still]\n|-fail|p2a: El Rey lento\n|\n|-heal|p2a: El Rey lento|78\/100|[from] item: Leftovers\n|upkeep\n|turn|24\n|\n|t:|1700688376\n|move|p2a: El Rey lento|Future Sight|p1a: Hatterene\n|-start|p2a: El Rey lento|move: Future Sight\n|move|p1a: Hatterene|Nuzzle|p2a: El Rey lento\n|-supereffective|p2a: El Rey lento\n|-damage|p2a: El Rey lento|73\/100\n|-status|p2a: El Rey lento|par\n|\n|-heal|p2a: El Rey lento|79\/100 par|[from] item: Leftovers\n|upkeep\n|turn|25\n|\n|t:|1700688387\n|switch|p2a: Sr Pato|Porygon2|100\/100\n|-ability|p2a: Sr Pato|Magic Bounce|[from] ability: Trace|[of] p1a: Hatterene\n|move|p1a: Hatterene|Aromatherapy|p1a: Hatterene\n|-activate|p1a: Hatterene|move: Aromatherapy\n|-curestatus|p1: Dragonite|brn|[msg]\n|\n|upkeep\n|turn|26\n|\n|t:|1700688395\n|move|p2a: Sr Pato|Shadow Ball|p1a: Hatterene\n|-supereffective|p1a: Hatterene\n|-damage|p1a: Hatterene|70\/100\n|-unboost|p1a: Hatterene|spd|1\n|move|p1a: Hatterene|Nuzzle|p2a: Sr Pato\n|-damage|p2a: Sr Pato|98\/100\n|-status|p2a: Sr Pato|par\n|\n|-end|p1a: Hatterene|move: Future Sight\n|-resisted|p1a: Hatterene\n|-damage|p1a: Hatterene|46\/100\n|upkeep\n|turn|27\n|\n|t:|1700688405\n|switch|p1a: Dragonite|Dragonite, M|9\/100\n|cant|p2a: Sr Pato|par\n|\n|upkeep\n|turn|28\n|\n|t:|1700688412\n|move|p1a: Dragonite|Extreme Speed|p2a: Sr Pato\n|-crit|p2a: Sr Pato\n|-damage|p2a: Sr Pato|73\/100 par\n|move|p2a: Sr Pato|Ice Beam|p1a: Dragonite\n|-supereffective|p1a: Dragonite\n|-damage|p1a: Dragonite|0 fnt\n|faint|p1a: Dragonite\n|\n|upkeep\n|\n|t:|1700688416\n|switch|p1a: Great Tusk|Great Tusk|85\/100\n|turn|29\n|\n|t:|1700688426\n|-end|p1a: Great Tusk|Protosynthesis|[silent]\n|switch|p1a: Charizard|Charizard-Mega-Y, F|100\/100\n|-weather|SunnyDay|[from] ability: Drought|[of] p1a: Charizard\n|switch|p2a: Skrapy|Skarmory, M|40\/100\n|\n|-weather|SunnyDay|[upkeep]\n|upkeep\n|turn|30\n|\n|t:|1700688432\n|switch|p1a: Sneasler|Sneasler, F|29\/100\n|switch|p2a: Nursita|Chansey, F|100\/100\n|\n|-weather|SunnyDay|[upkeep]\n|upkeep\n|turn|31\n|\n|t:|1700688440\n|switch|p2a: Skrapy|Skarmory, M|40\/100\n|move|p1a: Sneasler|Close Combat|p2a: Skrapy\n|-damage|p2a: Skrapy|4\/100\n|-unboost|p1a: Sneasler|def|1\n|-unboost|p1a: Sneasler|spd|1\n|\n|-weather|SunnyDay|[upkeep]\n|upkeep\n|turn|32\n|\n|t:|1700688446\n|move|p1a: Sneasler|Close Combat|p2a: Skrapy\n|-damage|p2a: Skrapy|0 fnt\n|-unboost|p1a: Sneasler|def|1\n|-unboost|p1a: Sneasler|spd|1\n|faint|p2a: Skrapy\n|\n|-weather|SunnyDay|[upkeep]\n|upkeep\n|\n|t:|1700688449\n|switch|p2a: El Rey lento|Slowbro, F|100\/100 par\n|turn|33\n|\n|t:|1700688457\n|switch|p1a: Charizard|Charizard-Mega-Y, F|100\/100\n|cant|p2a: El Rey lento|par\n|\n|-weather|none\n|upkeep\n|turn|34\n|\n|t:|1700688471\n|switch|p1a: Taxi Driver|Corviknight, F|84\/100\n|-ability|p1a: Taxi Driver|Pressure\n|switch|p2a: Nursita|Chansey, F|100\/100\n|\n|upkeep\n|turn|35\n|\n|t:|1700688475\n|move|p2a: Nursita|Heal Bell|p2a: Nursita\n|-activate|p2a: Nursita|move: Heal Bell\n|-curestatus|p2: El Rey lento|par|[msg]\n|-curestatus|p2: Sr Pato|par|[msg]\n|move|p1a: Taxi Driver|U-turn|p2a: Nursita\n|-damage|p2a: Nursita|91\/100\n|\n|t:|1700688485\n|switch|p1a: Great Tusk|Great Tusk|85\/100|[from] U-turn\n|\n|-heal|p1a: Great Tusk|91\/100|[from] item: Leftovers\n|upkeep\n|turn|36\n|\n|t:|1700688490\n|switch|p2a: El Rey lento|Slowbro, F|100\/100\n|move|p1a: Great Tusk|Bulk Up|p1a: Great Tusk\n|-boost|p1a: Great Tusk|atk|1\n|-boost|p1a: Great Tusk|def|1\n|\n|-heal|p1a: Great Tusk|97\/100|[from] item: Leftovers\n|upkeep\n|turn|37\n|\n|t:|1700688496\n|move|p1a: Great Tusk|Knock Off|p2a: El Rey lento\n|-supereffective|p2a: El Rey lento\n|-damage|p2a: El Rey lento|44\/100\n|-enditem|p2a: El Rey lento|Leftovers|[from] move: Knock Off|[of] p1a: Great Tusk\n|move|p2a: El Rey lento|Future Sight|p1a: Great Tusk\n|-start|p2a: El Rey lento|move: Future Sight\n|\n|-heal|p1a: Great Tusk|100\/100|[from] item: Leftovers\n|upkeep\n|turn|38\n|\n|t:|1700688501\n|move|p1a: Great Tusk|Knock Off|p2a: El Rey lento\n|-supereffective|p2a: El Rey lento\n|-damage|p2a: El Rey lento|3\/100\n|move|p2a: El Rey lento|Scald|p1a: Great Tusk\n|-supereffective|p1a: Great Tusk\n|-damage|p1a: Great Tusk|32\/100\n|-status|p1a: Great Tusk|brn\n|\n|-heal|p1a: Great Tusk|39\/100 brn|[from] item: Leftovers\n|-damage|p1a: Great Tusk|32\/100 brn|[from] brn\n|upkeep\n|turn|39\n|\n|t:|1700688510\n|-end|p1a: Great Tusk|Protosynthesis|[silent]\n|switch|p1a: Taxi Driver|Corviknight, F|84\/100\n|-ability|p1a: Taxi Driver|Pressure\n|switch|p2a: El Cebollita|Venusaur-Mega, F|76\/100\n|\n|-end|p1a: Taxi Driver|move: Future Sight\n|-resisted|p1a: Taxi Driver\n|-damage|p1a: Taxi Driver|65\/100\n|upkeep\n|turn|40\n|\n|t:|1700688515\n|move|p2a: El Cebollita|Leech Seed|p1a: Taxi Driver\n|-start|p1a: Taxi Driver|move: Leech Seed\n|move|p1a: Taxi Driver|Brave Bird|p2a: El Cebollita\n|-supereffective|p2a: El Cebollita\n|-damage|p2a: El Cebollita|32\/100\n|-damage|p1a: Taxi Driver|52\/100|[from] Recoil\n|\n|-damage|p1a: Taxi Driver|39\/100|[from] Leech Seed|[of] p2a: El Cebollita\n|-heal|p2a: El Cebollita|46\/100|[silent]\n|upkeep\n|turn|41\n|\n|t:|1700688518\n|move|p2a: El Cebollita|Protect|p2a: El Cebollita\n|-singleturn|p2a: El Cebollita|Protect\n|move|p1a: Taxi Driver|Defog|p2a: El Cebollita\n|-activate|p2a: El Cebollita|move: Protect\n|\n|-damage|p1a: Taxi Driver|27\/100|[from] Leech Seed|[of] p2a: El Cebollita\n|-heal|p2a: El Cebollita|59\/100|[silent]\n|upkeep\n|turn|42\n|\n|t:|1700688523\n|switch|p2a: El Rey lento|Slowbro, F|36\/100\n|move|p1a: Taxi Driver|U-turn|p2a: El Rey lento\n|-supereffective|p2a: El Rey lento\n|-damage|p2a: El Rey lento|19\/100\n|\n|t:|1700688535\n|switch|p1a: Sneasler|Sneasler, F|29\/100|[from] U-turn\n|\n|upkeep\n|turn|43\n|\n|t:|1700688541\n|move|p1a: Sneasler|U-turn|p2a: El Rey lento\n|-supereffective|p2a: El Rey lento\n|-damage|p2a: El Rey lento|0 fnt\n|faint|p2a: El Rey lento\n|\n|t:|1700688559\n|switch|p1a: Hatterene|Hatterene, F|46\/100|[from] U-turn\n|\n|upkeep\n|\n|t:|1700688565\n|switch|p2a: Nursita|Chansey, F|91\/100\n|turn|44\n|\n|t:|1700688567\n|move|p2a: Nursita|Seismic Toss|p1a: Hatterene\n|-damage|p1a: Hatterene|14\/100\n|move|p1a: Hatterene|Aromatherapy|p1a: Hatterene\n|-activate|p1a: Hatterene|move: Aromatherapy\n|-curestatus|p1: Great Tusk|brn|[msg]\n|\n|upkeep\n|turn|45\n|\n|t:|1700688582\n|move|p2a: Nursita|Seismic Toss|p1a: Hatterene\n|-damage|p1a: Hatterene|0 fnt\n|faint|p1a: Hatterene\n|\n|upkeep\n|\n|t:|1700688588\n|switch|p1a: Sneasler|Sneasler, F|29\/100\n|turn|46\n|\n|t:|1700688595\n|move|p1a: Sneasler|Dire Claw|p2a: Nursita\n|-damage|p2a: Nursita|62\/100\n|move|p2a: Nursita|Seismic Toss|p1a: Sneasler\n|-damage|p1a: Sneasler|0 fnt\n|faint|p1a: Sneasler\n|\n|upkeep\n|\n|t:|1700688602\n|switch|p1a: Great Tusk|Great Tusk|32\/100\n|turn|47\n|\n|t:|1700688606\n|move|p1a: Great Tusk|Headlong Rush|p2a: Nursita\n|-damage|p2a: Nursita|18\/100\n|-unboost|p1a: Great Tusk|def|1\n|-unboost|p1a: Great Tusk|spd|1\n|move|p2a: Nursita|Seismic Toss|p1a: Great Tusk\n|-damage|p1a: Great Tusk|9\/100\n|\n|-heal|p1a: Great Tusk|15\/100|[from] item: Leftovers\n|upkeep\n|turn|48\n|\n|t:|1700688612\n|switch|p2a: El Cebollita|Venusaur-Mega, F|59\/100\n|move|p1a: Great Tusk|Knock Off|p2a: El Cebollita\n|-damage|p2a: El Cebollita|45\/100\n|\n|-heal|p1a: Great Tusk|22\/100|[from] item: Leftovers\n|upkeep\n|turn|49\n|\n|t:|1700688620\n|-end|p1a: Great Tusk|Protosynthesis|[silent]\n|switch|p1a: Taxi Driver|Corviknight, F|27\/100\n|-ability|p1a: Taxi Driver|Pressure\n|move|p2a: El Cebollita|Giga Drain|p1a: Taxi Driver\n|-resisted|p1a: Taxi Driver\n|-damage|p1a: Taxi Driver|21\/100\n|-heal|p2a: El Cebollita|48\/100|[from] drain|[of] p1a: Taxi Driver\n|\n|upkeep\n|turn|50\n|\n|t:|1700688626\n|move|p2a: El Cebollita|Leech Seed|p1a: Taxi Driver\n|-start|p1a: Taxi Driver|move: Leech Seed\n|move|p1a: Taxi Driver|Roost|p1a: Taxi Driver\n|-heal|p1a: Taxi Driver|71\/100\n|-singleturn|p1a: Taxi Driver|move: Roost\n|\n|-damage|p1a: Taxi Driver|58\/100|[from] Leech Seed|[of] p2a: El Cebollita\n|-heal|p2a: El Cebollita|62\/100|[silent]\n|upkeep\n|turn|51\n|\n|t:|1700688634\n|switch|p2a: Nursita|Chansey, F|18\/100\n|move|p1a: Taxi Driver|Roost|p1a: Taxi Driver\n|-heal|p1a: Taxi Driver|100\/100\n|-singleturn|p1a: Taxi Driver|move: Roost\n|\n|-damage|p1a: Taxi Driver|88\/100|[from] Leech Seed|[of] p2a: Nursita\n|-heal|p2a: Nursita|25\/100|[silent]\n|upkeep\n|turn|52\n|\n|t:|1700688637\n|move|p2a: Nursita|Wish|p2a: Nursita\n|move|p1a: Taxi Driver|Brave Bird|p2a: Nursita\n|-damage|p2a: Nursita|3\/100\n|-damage|p1a: Taxi Driver|75\/100|[from] Recoil\n|\n|-damage|p1a: Taxi Driver|63\/100|[from] Leech Seed|[of] p2a: Nursita\n|-heal|p2a: Nursita|10\/100|[silent]\n|upkeep\n|turn|53\n|\n|t:|1700688642\n|switch|p1a: Great Tusk|Great Tusk|22\/100\n|move|p2a: Nursita|Protect||[still]\n|-fail|p2a: Nursita\n|\n|-heal|p2a: Nursita|60\/100|[from] move: Wish|[wisher] Nursita\n|-heal|p1a: Great Tusk|28\/100|[from] item: Leftovers\n|upkeep\n|turn|54\n|\n|t:|1700688656\n|move|p1a: Great Tusk|Headlong Rush|p2a: Nursita\n|-crit|p2a: Nursita\n|-damage|p2a: Nursita|4\/100\n|-unboost|p1a: Great Tusk|def|1\n|-unboost|p1a: Great Tusk|spd|1\n|move|p2a: Nursita|Wish|p2a: Nursita\n|\n|-heal|p1a: Great Tusk|34\/100|[from] item: Leftovers\n|upkeep\n|turn|55\n|\n|t:|1700688660\n|move|p2a: Nursita|Protect|p2a: Nursita\n|-singleturn|p2a: Nursita|Protect\n|move|p1a: Great Tusk|Headlong Rush|p2a: Nursita\n|-activate|p2a: Nursita|move: Protect\n|\n|-heal|p2a: Nursita|54\/100|[from] move: Wish|[wisher] Nursita\n|-heal|p1a: Great Tusk|40\/100|[from] item: Leftovers\n|upkeep\n|turn|56\n|\n|t:|1700688668\n|move|p1a: Great Tusk|Knock Off|p2a: Nursita\n|-damage|p2a: Nursita|34\/100\n|-enditem|p2a: Nursita|Eviolite|[from] move: Knock Off|[of] p1a: Great Tusk\n|move|p2a: Nursita|Wish|p2a: Nursita\n|\n|-heal|p1a: Great Tusk|47\/100|[from] item: Leftovers\n|upkeep\n|turn|57\n|\n|t:|1700688671\n|move|p2a: Nursita|Protect|p2a: Nursita\n|-singleturn|p2a: Nursita|Protect\n|move|p1a: Great Tusk|Headlong Rush|p2a: Nursita\n|-activate|p2a: Nursita|move: Protect\n|\n|-heal|p2a: Nursita|84\/100|[from] move: Wish|[wisher] Nursita\n|-heal|p1a: Great Tusk|53\/100|[from] item: Leftovers\n|upkeep\n|turn|58\n|\n|t:|1700688682\n|-end|p1a: Great Tusk|Protosynthesis|[silent]\n|switch|p1a: Taxi Driver|Corviknight, F|63\/100\n|-ability|p1a: Taxi Driver|Pressure\n|switch|p2a: El Cebollita|Venusaur-Mega, F|62\/100\n|\n|upkeep\n|turn|59\n|\n|t:|1700688685\n|move|p2a: El Cebollita|Leech Seed|p1a: Taxi Driver\n|-start|p1a: Taxi Driver|move: Leech Seed\n|move|p1a: Taxi Driver|Brave Bird|p2a: El Cebollita\n|-supereffective|p2a: El Cebollita\n|-damage|p2a: El Cebollita|22\/100\n|-damage|p1a: Taxi Driver|51\/100|[from] Recoil\n|\n|-damage|p1a: Taxi Driver|38\/100|[from] Leech Seed|[of] p2a: El Cebollita\n|-heal|p2a: El Cebollita|36\/100|[silent]\n|upkeep\n|turn|60\n|\n|t:|1700688691\n|switch|p1a: Charizard|Charizard-Mega-Y, F|100\/100\n|-weather|SunnyDay|[from] ability: Drought|[of] p1a: Charizard\n|move|p2a: El Cebollita|Protect||[still]\n|-fail|p2a: El Cebollita\n|\n|-weather|SunnyDay|[upkeep]\n|upkeep\n|turn|61\n|\n|t:|1700688695\n|switch|p2a: Barrilete cosmico|Clefable, F|100\/100\n|move|p1a: Charizard|Weather Ball|p2a: Barrilete cosmico\n|-damage|p2a: Barrilete cosmico|35\/100\n|\n|-weather|SunnyDay|[upkeep]\n|-heal|p2a: Barrilete cosmico|41\/100|[from] item: Leftovers\n|upkeep\n|turn|62\n|\n|t:|1700688700\n|switch|p2a: Nursita|Chansey, F|84\/100\n|move|p1a: Charizard|Weather Ball|p2a: Nursita\n|-damage|p2a: Nursita|41\/100\n|\n|-weather|SunnyDay|[upkeep]\n|upkeep\n|turn|63\n|\n|t:|1700688702\n|move|p1a: Charizard|Weather Ball|p2a: Nursita\n|-damage|p2a: Nursita|0 fnt\n|faint|p2a: Nursita\n|\n|-weather|SunnyDay|[upkeep]\n|upkeep\n|\n|t:|1700688706\n|switch|p2a: Sr Pato|Porygon2|73\/100\n|-ability|p2a: Sr Pato|Drought|[from] ability: Trace|[of] p1a: Charizard\n|turn|64\n|\n|t:|1700688711\n|-terastallize|p2a: Sr Pato|Normal\n|move|p1a: Charizard|Weather Ball|p2a: Sr Pato\n|-damage|p2a: Sr Pato|18\/100\n|move|p2a: Sr Pato|Tri Attack|p1a: Charizard\n|-damage|p1a: Charizard|59\/100\n|\n|-weather|none\n|upkeep\n|turn|65\n|-message|pocoYop forfeited.\n|\n|win|ooj2\n|raw|ooj2's rating: 1492 &rarr; <strong>1516<\/strong><br \/>(+24 for winning)\n|raw|pocoYop's rating: 1561 &rarr; <strong>1537<\/strong><br \/>(-24 for losing)\n|l|\u2606pocoYop\n","uploadtime":1700688727,"views":15,"p1id":"ooj2","p2id":"pocoyop","formatid":"gen9nationaldex","rating":1516,"private":0,"password":""}