{"id":"gen9nationaldex-1991167462","p1":"zaizaipo","p2":"dahu\u306eai","format":"[Gen 9] National Dex","log":"|j|\u2606zaizaipo\n|j|\u2606dahu\u306eai\n|t:|1700052703\n|gametype|singles\n|player|p1|zaizaipo|101|1144\n|player|p2|dahu\u306eai|cynthia-anime2|1184\n|teamsize|p1|6\n|teamsize|p2|6\n|gen|9\n|tier|[Gen 9] National Dex\n|rated|\n|rule|HP Percentage Mod: HP is shown in percentages\n|rule|Endless Battle Clause: Forcing endless battles is banned\n|rule|OHKO Clause: OHKO moves are banned\n|rule|Evasion Clause: Evasion abilities, items, and moves are banned\n|rule|Evasion Abilities Clause: Evasion abilities are banned\n|rule|Evasion Items Clause: Evasion items are banned\n|rule|Evasion Moves Clause: Evasion moves are banned\n|rule|Species Clause: Limit one of each Pok\u00e9mon\n|rule|Sleep Clause Mod: Limit one foe put to sleep\n|clearpoke\n|poke|p1|Sudowoodo, M|\n|poke|p1|Shiftry, M|\n|poke|p1|Corviknight, F|\n|poke|p1|Swampert, F|\n|poke|p1|Pelipper, F|\n|poke|p1|Ogerpon, F|\n|poke|p2|Garchomp, F|\n|poke|p2|Lucario, M|\n|poke|p2|Milotic, F|\n|poke|p2|Spiritomb, F|\n|poke|p2|Togekiss, M|\n|poke|p2|Roserade, F|\n|teampreview\n|\n|t:|1700052707\n|start\n|switch|p1a: Sudowoodo|Sudowoodo, M, shiny|100\/100\n|switch|p2a: Roserade|Roserade, F|100\/100\n|turn|1\n|inactive|Battle timer is ON: inactive players will automatically lose when time's up. (requested by zaizaipo)\n|\n|t:|1700052726\n|switch|p2a: Milotic|Milotic, F|100\/100\n|move|p1a: Sudowoodo|Stealth Rock|p2a: Milotic\n|-sidestart|p2: dahu\u306eai|move: Stealth Rock\n|\n|-status|p2a: Milotic|brn|[from] item: Flame Orb\n|upkeep\n|turn|2\n|\n|t:|1700052738\n|switch|p1a: Shiftry|Shiftry, M, shiny|100\/100\n|move|p2a: Milotic|Scald|p1a: Shiftry\n|-resisted|p1a: Shiftry\n|-damage|p1a: Shiftry|78\/100\n|\n|-damage|p2a: Milotic|94\/100 brn|[from] brn\n|upkeep\n|turn|3\n|\n|t:|1700052766\n|switch|p2a: Roserade|Roserade, F|100\/100\n|-damage|p2a: Roserade|88\/100|[from] Stealth Rock\n|-terastallize|p1a: Shiftry|Normal\n|move|p1a: Shiftry|Explosion|p2a: Roserade\n|-damage|p2a: Roserade|0 fnt\n|faint|p1a: Shiftry\n|faint|p2a: Roserade\n|\n|upkeep\n|\n|t:|1700052786\n|switch|p2a: Spiritomb|Spiritomb, F|100\/100\n|switch|p1a: Ogerpon|Ogerpon, F|100\/100\n|-ability|p2a: Spiritomb|Pressure\n|turn|4\n|\n|t:|1700052795\n|-zpower|p1a: Ogerpon\n|move|p1a: Ogerpon|Bloom Doom|p2a: Spiritomb|[zeffect]\n|-damage|p2a: Spiritomb|36\/100\n|move|p2a: Spiritomb|Calm Mind|p2a: Spiritomb\n|-boost|p2a: Spiritomb|spa|1\n|-boost|p2a: Spiritomb|spd|1\n|\n|upkeep\n|turn|5\n|\n|t:|1700052806\n|move|p1a: Ogerpon|Ivy Cudgel|p2a: Spiritomb\n|-crit|p2a: Spiritomb\n|-damage|p2a: Spiritomb|0 fnt\n|faint|p2a: Spiritomb\n|\n|upkeep\n|\n|t:|1700052818\n|switch|p2a: Lucario|Lucario, M|100\/100\n|-damage|p2a: Lucario|98\/100|[from] Stealth Rock\n|turn|6\n|\n|t:|1700052826\n|move|p1a: Ogerpon|Superpower|p2a: Lucario\n|-supereffective|p2a: Lucario\n|-damage|p2a: Lucario|0 fnt\n|-unboost|p1a: Ogerpon|atk|1\n|-unboost|p1a: Ogerpon|def|1\n|faint|p2a: Lucario\n|\n|upkeep\n|\n|t:|1700052836\n|switch|p2a: Togekiss|Togekiss, M|100\/100\n|-damage|p2a: Togekiss|76\/100|[from] Stealth Rock\n|turn|7\n|\n|t:|1700052846\n|move|p1a: Ogerpon|U-turn|p2a: Togekiss\n|-resisted|p2a: Togekiss\n|-damage|p2a: Togekiss|72\/100\n|\n|t:|1700052849\n|switch|p1a: Sudowoodo|Sudowoodo, M, shiny|100\/100|[from] U-turn\n|move|p2a: Togekiss|Trick|p1a: Sudowoodo\n|-activate|p2a: Togekiss|move: Trick|[of] p1a: Sudowoodo\n|-item|p1a: Sudowoodo|Choice Specs|[from] move: Trick\n|-item|p2a: Togekiss|Custap Berry|[from] move: Trick\n|\n|upkeep\n|turn|8\n|\n|t:|1700052858\n|move|p2a: Togekiss|Defog|p1a: Sudowoodo\n|-unboost|p1a: Sudowoodo|evasion|1\n|-sideend|p2: dahu\u306eai|Stealth Rock|[from] move: Defog|[of] p2a: Togekiss\n|move|p1a: Sudowoodo|Explosion|p2a: Togekiss\n|-damage|p2a: Togekiss|0 fnt\n|faint|p1a: Sudowoodo\n|faint|p2a: Togekiss\n|\n|upkeep\n|\n|t:|1700052870\n|switch|p2a: Garchomp|Garchomp, F|100\/100\n|switch|p1a: Ogerpon|Ogerpon, F|100\/100\n|turn|9\n|\n|t:|1700052882\n|detailschange|p2a: Garchomp|Garchomp-Mega, F\n|-mega|p2a: Garchomp|Garchomp|Garchompite\n|move|p1a: Ogerpon|Ivy Cudgel|p2a: Garchomp\n|-damage|p2a: Garchomp|58\/100\n|move|p2a: Garchomp|Scale Shot|p1a: Ogerpon\n|-damage|p1a: Ogerpon|78\/100\n|-crit|p1a: Ogerpon\n|-damage|p1a: Ogerpon|48\/100\n|-damage|p1a: Ogerpon|26\/100\n|-crit|p1a: Ogerpon\n|-damage|p1a: Ogerpon|0 fnt\n|faint|p1a: Ogerpon\n|-hitcount|p1: Ogerpon|4\n|-unboost|p2a: Garchomp|def|1\n|-boost|p2a: Garchomp|spe|1\n|\n|upkeep\n|\n|t:|1700052897\n|switch|p1a: Pelipper|Pelipper, F|100\/100\n|-weather|RainDance|[from] ability: Drizzle|[of] p1a: Pelipper\n|turn|10\n|\n|t:|1700052909\n|move|p2a: Garchomp|Scale Shot|p1a: Pelipper\n|-damage|p1a: Pelipper|88\/100\n|-damage|p1a: Pelipper|75\/100\n|-damage|p1a: Pelipper|62\/100\n|-hitcount|p1a: Pelipper|3\n|-unboost|p2a: Garchomp|def|1\n|-boost|p2a: Garchomp|spe|1\n|move|p1a: Pelipper|Weather Ball|p2a: Garchomp\n|-damage|p2a: Garchomp|12\/100\n|\n|-weather|RainDance|[upkeep]\n|upkeep\n|turn|11\n|\n|t:|1700052923\n|move|p2a: Garchomp|Scale Shot|p1a: Pelipper\n|-damage|p1a: Pelipper|49\/100\n|-damage|p1a: Pelipper|37\/100\n|-damage|p1a: Pelipper|24\/100\n|-hitcount|p1a: Pelipper|3\n|-unboost|p2a: Garchomp|def|1\n|-boost|p2a: Garchomp|spe|1\n|move|p1a: Pelipper|Weather Ball|p2a: Garchomp\n|-damage|p2a: Garchomp|0 fnt\n|faint|p2a: Garchomp\n|\n|-weather|RainDance|[upkeep]\n|upkeep\n|\n|t:|1700052937\n|switch|p2a: Milotic|Milotic, F|94\/100 brn\n|turn|12\n|\n|t:|1700052945\n|move|p2a: Milotic|Toxic|p1a: Pelipper\n|-status|p1a: Pelipper|tox\n|move|p1a: Pelipper|Hurricane|p2a: Milotic\n|-damage|p2a: Milotic|73\/100 brn\n|\n|-weather|RainDance|[upkeep]\n|-damage|p1a: Pelipper|18\/100 tox|[from] psn\n|-damage|p2a: Milotic|67\/100 brn|[from] brn\n|upkeep\n|turn|13\n|\n|t:|1700052960\n|move|p2a: Milotic|Recover|p2a: Milotic\n|-heal|p2a: Milotic|100\/100 brn\n|move|p1a: Pelipper|Hurricane|p2a: Milotic\n|-damage|p2a: Milotic|78\/100 brn\n|\n|-weather|RainDance|[upkeep]\n|-damage|p1a: Pelipper|5\/100 tox|[from] psn\n|-damage|p2a: Milotic|72\/100 brn|[from] brn\n|upkeep\n|turn|14\n|\n|t:|1700052969\n|move|p2a: Milotic|Scald|p1a: Pelipper\n|-resisted|p1a: Pelipper\n|-damage|p1a: Pelipper|0 fnt\n|faint|p1a: Pelipper\n|\n|-weather|none\n|-damage|p2a: Milotic|65\/100 brn|[from] brn\n|upkeep\n|\n|t:|1700052976\n|switch|p1a: Swampert|Swampert, F|100\/100\n|turn|15\n|\n|t:|1700052981\n|detailschange|p1a: Swampert|Swampert-Mega, F\n|-mega|p1a: Swampert|Swampert|Swampertite\n|move|p1a: Swampert|Earthquake|p2a: Milotic\n|-damage|p2a: Milotic|26\/100 brn\n|move|p2a: Milotic|Toxic|p1a: Swampert\n|-status|p1a: Swampert|tox\n|\n|-damage|p1a: Swampert|94\/100 tox|[from] psn\n|-damage|p2a: Milotic|20\/100 brn|[from] brn\n|upkeep\n|turn|16\n|\n|t:|1700052992\n|move|p1a: Swampert|Earthquake|p2a: Milotic\n|-damage|p2a: Milotic|0 fnt\n|faint|p2a: Milotic\n|\n|win|zaizaipo\n|raw|zaizaipo's rating: 1144 &rarr; <strong>1172<\/strong><br \/>(+28 for winning)\n|raw|dahu\u306eai's rating: 1184 &rarr; <strong>1156<\/strong><br \/>(-28 for losing)\n","uploadtime":1700052998,"views":6,"p1id":"zaizaipo","p2id":"dahuai","formatid":"gen9nationaldex","rating":1156,"private":0,"password":""}