{"id":"gen9nationaldex-1996048155","p1":"Leifthrasir","p2":"megawayneee","format":"[Gen 9] National Dex","log":"|html|<div class=\"broadcast-blue\"><strong>[Gen 9] National Dex is currently suspecting Sneasler! For information on how to participate check out the <a href=\"https:\/\/www.smogon.com\/forums\/threads\/sv-national-dex-suspect-8-just-dance.3731534\/\">suspect thread<\/a>.<\/strong><\/div>\n|j|\u2606Leifthrasir\n|j|\u2606megawayneee\n|t:|1700635159\n|gametype|singles\n|player|p1|Leifthrasir|lady-gen4|1441\n|player|p2|megawayneee|102|1557\n|teamsize|p1|6\n|teamsize|p2|6\n|gen|9\n|tier|[Gen 9] National Dex\n|rated|\n|rule|HP Percentage Mod: HP is shown in percentages\n|rule|Endless Battle Clause: Forcing endless battles is banned\n|rule|OHKO Clause: OHKO moves are banned\n|rule|Evasion Clause: Evasion abilities, items, and moves are banned\n|rule|Evasion Abilities Clause: Evasion abilities are banned\n|rule|Evasion Items Clause: Evasion items are banned\n|rule|Evasion Moves Clause: Evasion moves are banned\n|rule|Species Clause: Limit one of each Pok\u00e9mon\n|rule|Sleep Clause Mod: Limit one foe put to sleep\n|clearpoke\n|poke|p1|Tapu Lele|\n|poke|p1|Armarouge, M|\n|poke|p1|Polteageist-Antique|\n|poke|p1|Ogerpon-Wellspring, F|\n|poke|p1|Moltres|\n|poke|p1|Sneasler, M|\n|poke|p2|Latios, M|\n|poke|p2|Azumarill, F|\n|poke|p2|Serperior, F|\n|poke|p2|Moltres|\n|poke|p2|Clodsire, F|\n|poke|p2|Ferrothorn, F|\n|teampreview\n|inactive|Battle timer is ON: inactive players will automatically lose when time's up. (requested by Leifthrasir)\n|inactive|megawayneee has 120 seconds left.\n|\n|t:|1700635197\n|start\n|switch|p1a: \u5251\u821e\u8d77\u8349|Ogerpon-Wellspring, F|100\/100\n|switch|p2a: Clodsire|Clodsire, F|100\/100\n|turn|1\n|\n|t:|1700635207\n|move|p1a: \u5251\u821e\u8d77\u8349|Ivy Cudgel|p2a: Clodsire|[anim] Ivy Cudgel Water\n|-immune|p2a: Clodsire|[from] ability: Water Absorb\n|move|p2a: Clodsire|Stealth Rock|p1a: \u5251\u821e\u8d77\u8349\n|-sidestart|p1: Leifthrasir|move: Stealth Rock\n|\n|upkeep\n|turn|2\n|\n|t:|1700635215\n|move|p1a: \u5251\u821e\u8d77\u8349|Taunt|p2a: Clodsire\n|-start|p2a: Clodsire|move: Taunt\n|cant|p2a: Clodsire|move: Taunt|Toxic\n|\n|upkeep\n|turn|3\n|\n|t:|1700635223\n|switch|p1a: XY\u6389\u5e27\u72c2\u9b54|Moltres|100\/100\n|switch|p2a: Ferrothorn|Ferrothorn, F|100\/100\n|\n|upkeep\n|turn|4\n|\n|t:|1700635228\n|move|p1a: XY\u6389\u5e27\u72c2\u9b54|Defog|p2a: Ferrothorn\n|-unboost|p2a: Ferrothorn|evasion|1\n|-sideend|p1: Leifthrasir|Stealth Rock|[from] move: Defog|[of] p1a: XY\u6389\u5e27\u72c2\u9b54\n|move|p2a: Ferrothorn|Leech Seed|p1a: XY\u6389\u5e27\u72c2\u9b54\n|-start|p1a: XY\u6389\u5e27\u72c2\u9b54|move: Leech Seed\n|\n|-damage|p1a: XY\u6389\u5e27\u72c2\u9b54|88\/100|[from] Leech Seed|[of] p2a: Ferrothorn\n|upkeep\n|turn|5\n|\n|t:|1700635239\n|switch|p1a: \u773c\u955c\u5a18|Tapu Lele|100\/100\n|-fieldstart|move: Psychic Terrain|[from] ability: Psychic Surge|[of] p1a: \u773c\u955c\u5a18\n|switch|p2a: Clodsire|Clodsire, F|100\/100\n|\n|upkeep\n|turn|6\n|\n|t:|1700635252\n|switch|p1a: \u94c1\u7532\u5c0f\u5b9d|Armarouge, M|100\/100\n|switch|p2a: Ferrothorn|Ferrothorn, F|100\/100\n|\n|upkeep\n|turn|7\n|\n|t:|1700635264\n|switch|p2a: Clodsire|Clodsire, F|100\/100\n|move|p1a: \u94c1\u7532\u5c0f\u5b9d|Expanding Force|p2a: Clodsire\n|-supereffective|p2a: Clodsire\n|-damage|p2a: Clodsire|14\/100\n|\n|-heal|p2a: Clodsire|20\/100|[from] item: Leftovers\n|upkeep\n|turn|8\n|\n|t:|1700635272\n|move|p1a: \u94c1\u7532\u5c0f\u5b9d|Armor Cannon|p2a: Clodsire\n|-damage|p2a: Clodsire|0 fnt\n|-unboost|p1a: \u94c1\u7532\u5c0f\u5b9d|def|1\n|-unboost|p1a: \u94c1\u7532\u5c0f\u5b9d|spd|1\n|faint|p2a: Clodsire\n|\n|upkeep\n|\n|t:|1700635279\n|switch|p2a: Latios|Latios, M|100\/100\n|turn|9\n|\n|t:|1700635299\n|switch|p1a: \u773c\u955c\u5a18|Tapu Lele|100\/100\n|detailschange|p2a: Latios|Latios-Mega, M\n|-mega|p2a: Latios|Latios|Latiosite\n|move|p2a: Latios|Draco Meteor|p1a: \u773c\u955c\u5a18\n|-immune|p1a: \u773c\u955c\u5a18\n|\n|upkeep\n|turn|10\n|\n|t:|1700635310\n|switch|p2a: Ferrothorn|Ferrothorn, F|100\/100\n|move|p1a: \u773c\u955c\u5a18|Moonblast|p2a: Ferrothorn\n|-resisted|p2a: Ferrothorn\n|-damage|p2a: Ferrothorn|79\/100\n|\n|upkeep\n|turn|11\n|\n|t:|1700635322\n|switch|p1a: XY\u6389\u5e27\u72c2\u9b54|Moltres|88\/100\n|move|p2a: Ferrothorn|Leech Seed|p1a: XY\u6389\u5e27\u72c2\u9b54\n|-start|p1a: XY\u6389\u5e27\u72c2\u9b54|move: Leech Seed\n|\n|-damage|p1a: XY\u6389\u5e27\u72c2\u9b54|76\/100|[from] Leech Seed|[of] p2a: Ferrothorn\n|-heal|p2a: Ferrothorn|93\/100|[silent]\n|upkeep\n|turn|12\n|\n|t:|1700635339\n|switch|p2a: Moltres|Moltres|100\/100\n|move|p1a: XY\u6389\u5e27\u72c2\u9b54|U-turn|p2a: Moltres\n|-resisted|p2a: Moltres\n|-damage|p2a: Moltres|98\/100\n|\n|t:|1700635345\n|switch|p1a: \u5251\u821e\u8d77\u8349|Ogerpon-Wellspring, F|100\/100|[from] U-turn\n|\n|-fieldend|move: Psychic Terrain\n|upkeep\n|turn|13\n|\n|t:|1700635355\n|switch|p2a: Ferrothorn|Ferrothorn, F|93\/100\n|move|p1a: \u5251\u821e\u8d77\u8349|Ivy Cudgel|p2a: Ferrothorn|[anim] Ivy Cudgel Water\n|-resisted|p2a: Ferrothorn\n|-damage|p2a: Ferrothorn|76\/100\n|\n|upkeep\n|turn|14\n|\n|t:|1700635370\n|switch|p2a: Azumarill|Azumarill, F|100\/100\n|move|p1a: \u5251\u821e\u8d77\u8349|Taunt|p2a: Azumarill\n|-start|p2a: Azumarill|move: Taunt\n|\n|upkeep\n|turn|15\n|\n|t:|1700635382\n|switch|p2a: Ferrothorn|Ferrothorn, F|76\/100\n|move|p1a: \u5251\u821e\u8d77\u8349|Horn Leech|p2a: Ferrothorn\n|-resisted|p2a: Ferrothorn\n|-damage|p2a: Ferrothorn|70\/100\n|-damage|p1a: \u5251\u821e\u8d77\u8349|88\/100|[from] ability: Iron Barbs|[of] p2a: Ferrothorn\n|-damage|p1a: \u5251\u821e\u8d77\u8349|72\/100|[from] item: Rocky Helmet|[of] p2a: Ferrothorn\n|\n|upkeep\n|turn|16\n|\n|t:|1700635393\n|switch|p1a: \u773c\u955c\u5a18|Tapu Lele|100\/100\n|-fieldstart|move: Psychic Terrain|[from] ability: Psychic Surge|[of] p1a: \u773c\u955c\u5a18\n|switch|p2a: Latios|Latios-Mega, M|100\/100\n|\n|upkeep\n|turn|17\n|\n|t:|1700635401\n|move|p2a: Latios|Ice Beam|p1a: \u773c\u955c\u5a18\n|-damage|p1a: \u773c\u955c\u5a18|64\/100\n|-status|p1a: \u773c\u955c\u5a18|frz\n|cant|p1a: \u773c\u955c\u5a18|frz\n|\n|upkeep\n|turn|18\n|\n|t:|1700635417\n|move|p2a: Latios|Ice Beam|p1a: \u773c\u955c\u5a18\n|-damage|p1a: \u773c\u955c\u5a18|23\/100 frz\n|cant|p1a: \u773c\u955c\u5a18|frz\n|\n|upkeep\n|turn|19\n|\n|t:|1700635429\n|switch|p1a: \u5251\u821e\u8d77\u8349|Ogerpon-Wellspring, F|72\/100\n|move|p2a: Latios|Ice Beam|p1a: \u5251\u821e\u8d77\u8349\n|-damage|p1a: \u5251\u821e\u8d77\u8349|25\/100\n|\n|upkeep\n|turn|20\n|\n|t:|1700635439\n|move|p2a: Latios|Ice Beam|p1a: \u5251\u821e\u8d77\u8349\n|-damage|p1a: \u5251\u821e\u8d77\u8349|0 fnt\n|faint|p1a: \u5251\u821e\u8d77\u8349\n|\n|upkeep\n|\n|t:|1700635443\n|switch|p1a: \u58f6\u5e1d|Polteageist-Antique|100\/100\n|turn|21\n|\n|t:|1700635451\n|move|p2a: Latios|Ice Beam|p1a: \u58f6\u5e1d\n|-damage|p1a: \u58f6\u5e1d|59\/100\n|-status|p1a: \u58f6\u5e1d|frz\n|cant|p1a: \u58f6\u5e1d|frz\n|\n|upkeep\n|turn|22\n|c|\u2606megawayneee|...\n|c|\u2606Leifthrasir|\uff1f\n|\n|t:|1700635467\n|move|p2a: Latios|Draco Meteor|p1a: \u58f6\u5e1d\n|-damage|p1a: \u58f6\u5e1d|0 fnt\n|-unboost|p2a: Latios|spa|2\n|faint|p1a: \u58f6\u5e1d\n|\n|upkeep\n|c|\u2606megawayneee|\u8fd9\u4e5f\u3002\u3002\u3002\n|\n|t:|1700635474\n|switch|p1a: \u4ec0\u4e48\u65f6\u5019BAN\uff1f|Sneasler, M|100\/100\n|-enditem|p1a: \u4ec0\u4e48\u65f6\u5019BAN\uff1f|Psychic Seed\n|-boost|p1a: \u4ec0\u4e48\u65f6\u5019BAN\uff1f|spd|1|[from] item: Psychic Seed\n|turn|23\n|\n|t:|1700635480\n|switch|p2a: Moltres|Moltres|98\/100\n|move|p1a: \u4ec0\u4e48\u65f6\u5019BAN\uff1f|Swords Dance|p1a: \u4ec0\u4e48\u65f6\u5019BAN\uff1f\n|-boost|p1a: \u4ec0\u4e48\u65f6\u5019BAN\uff1f|atk|2\n|\n|-fieldend|move: Psychic Terrain\n|upkeep\n|turn|24\n|\n|t:|1700635487\n|move|p1a: \u4ec0\u4e48\u65f6\u5019BAN\uff1f|Swords Dance|p1a: \u4ec0\u4e48\u65f6\u5019BAN\uff1f\n|-boost|p1a: \u4ec0\u4e48\u65f6\u5019BAN\uff1f|atk|2\n|move|p2a: Moltres|Flamethrower|p1a: \u4ec0\u4e48\u65f6\u5019BAN\uff1f\n|-damage|p1a: \u4ec0\u4e48\u65f6\u5019BAN\uff1f|69\/100\n|-status|p1a: \u4ec0\u4e48\u65f6\u5019BAN\uff1f|brn\n|\n|-damage|p1a: \u4ec0\u4e48\u65f6\u5019BAN\uff1f|63\/100 brn|[from] brn\n|upkeep\n|turn|25\n|c|\u2606megawayneee|\u3002\u3002\u3002\n|c|\u2606Leifthrasir|\uff1f\uff1f\uff1f\uff1f\n|c|\u2606megawayneee|\u5144\u5f1f\n|c|\u2606Leifthrasir|\u73a9\u4e2a\u9524\u5b50\n|c|\u2606Leifthrasir|gggg\n|inactive|Leifthrasir has 120 seconds left.\n|-message|Leifthrasir forfeited.\n|\n|win|megawayneee\n|raw|Leifthrasir's rating: 1441 &rarr; <strong>1427<\/strong><br \/>(-14 for losing)\n|raw|megawayneee's rating: 1557 &rarr; <strong>1571<\/strong><br \/>(+14 for winning)\n","uploadtime":1700635523,"views":0,"p1id":"leifthrasir","p2id":"megawayneee","formatid":"gen9nationaldex","rating":1427,"private":0,"password":""}