{"id":"gen9nationaldex-1988887914","p1":"MrGoddessli","p2":"gfsn\u7535\u68cd\u5973\u513f\u7c73\u8bfa","format":"[Gen 9] National Dex","log":"|j|\u2606MrGoddessli\n|j|\u2606gfsn\u7535\u68cd\u5973\u513f\u7c73\u8bfa\n|t:|1699781558\n|gametype|singles\n|player|p1|MrGoddessli|iris-gen5bw2|1402\n|player|p2|gfsn\u7535\u68cd\u5973\u513f\u7c73\u8bfa|rosa|1497\n|teamsize|p1|6\n|teamsize|p2|6\n|gen|9\n|tier|[Gen 9] National Dex\n|rated|\n|rule|HP Percentage Mod: HP is shown in percentages\n|rule|Endless Battle Clause: Forcing endless battles is banned\n|rule|OHKO Clause: OHKO moves are banned\n|rule|Evasion Clause: Evasion abilities, items, and moves are banned\n|rule|Evasion Abilities Clause: Evasion abilities are banned\n|rule|Evasion Items Clause: Evasion items are banned\n|rule|Evasion Moves Clause: Evasion moves are banned\n|rule|Species Clause: Limit one of each Pok\u00e9mon\n|rule|Sleep Clause Mod: Limit one foe put to sleep\n|clearpoke\n|poke|p1|Ninetales-Alola, M|\n|poke|p1|Rillaboom, M|\n|poke|p1|Greninja-*, M|\n|poke|p1|Volcarona, M|\n|poke|p1|Blaziken, F|\n|poke|p1|Kommo-o, M|\n|poke|p2|Medicham, F|\n|poke|p2|Tapu Lele|\n|poke|p2|Excadrill, F|\n|poke|p2|Pelipper, F|\n|poke|p2|Hatterene, F|\n|poke|p2|Polteageist-Antique|\n|teampreview\n|inactive|Battle timer is ON: inactive players will automatically lose when time's up. (requested by gfsn\u7535\u68cd\u5973\u513f\u7c73\u8bfa)\n|\n|t:|1699781568\n|start\n|switch|p1a: Ninetales|Ninetales-Alola, M, shiny|100\/100\n|switch|p2a: Excadrill|Excadrill, F, shiny|100\/100\n|-weather|Snow|[from] ability: Snow Warning|[of] p1a: Ninetales\n|-ability|p2a: Excadrill|Mold Breaker\n|turn|1\n|\n|t:|1699781579\n|move|p1a: Ninetales|Aurora Veil|p1a: Ninetales\n|-sidestart|p1: MrGoddessli|move: Aurora Veil\n|move|p2a: Excadrill|Earthquake|p1a: Ninetales\n|-damage|p1a: Ninetales|77\/100\n|\n|-weather|Snow|[upkeep]\n|upkeep\n|turn|2\n|\n|t:|1699781590\n|switch|p1a: Kommo-o|Kommo-o, M|100\/100\n|move|p2a: Excadrill|Stealth Rock|p1a: Kommo-o\n|-sidestart|p1: MrGoddessli|move: Stealth Rock\n|\n|-weather|Snow|[upkeep]\n|upkeep\n|turn|3\n|\n|t:|1699781600\n|switch|p2a: Tapu Lele|Tapu Lele|100\/100\n|-fieldstart|move: Psychic Terrain|[from] ability: Psychic Surge|[of] p2a: Tapu Lele\n|move|p1a: Kommo-o|Flash Cannon|p2a: Tapu Lele\n|-supereffective|p2a: Tapu Lele\n|-damage|p2a: Tapu Lele|46\/100\n|-unboost|p2a: Tapu Lele|spd|1\n|\n|-weather|Snow|[upkeep]\n|upkeep\n|turn|4\n|\n|t:|1699781613\n|move|p2a: Tapu Lele|Moonblast|p1a: Kommo-o\n|-supereffective|p1a: Kommo-o\n|-damage|p1a: Kommo-o|0 fnt\n|faint|p1a: Kommo-o\n|\n|-weather|Snow|[upkeep]\n|upkeep\n|\n|t:|1699781618\n|switch|p1a: Greninja|Greninja, M|100\/100\n|-damage|p1a: Greninja|88\/100|[from] Stealth Rock\n|turn|5\n|\n|t:|1699781635\n|switch|p2a: Hatterene|Hatterene, F|100\/100\n|move|p1a: Greninja|Surf|p2a: Hatterene\n|-damage|p2a: Hatterene|44\/100\n|-enditem|p2a: Hatterene|Eject Button\n|-damage|p1a: Greninja|78\/100|[from] item: Life Orb\n|\n|t:|1699781647\n|switch|p2a: Medicham|Medicham, F, shiny|100\/100\n|\n|-weather|none\n|upkeep\n|turn|6\n|\n|t:|1699781660\n|detailschange|p2a: Medicham|Medicham-Mega, F, shiny\n|-mega|p2a: Medicham|Medicham|Medichamite\n|move|p1a: Greninja|Surf|p2a: Medicham\n|-damage|p2a: Medicham|27\/100\n|-damage|p1a: Greninja|69\/100|[from] item: Life Orb\n|move|p2a: Medicham|Trailblaze|p1a: Greninja\n|-supereffective|p1a: Greninja\n|-damage|p1a: Greninja|23\/100\n|-boost|p2a: Medicham|spe|1\n|\n|upkeep\n|turn|7\n|\n|t:|1699781673\n|move|p2a: Medicham|Drain Punch|p1a: Greninja\n|-supereffective|p1a: Greninja\n|-damage|p1a: Greninja|0 fnt\n|-heal|p2a: Medicham|39\/100|[from] drain|[of] p1a: Greninja\n|faint|p1a: Greninja\n|\n|upkeep\n|\n|t:|1699781691\n|switch|p1a: Blaziken|Blaziken, F|100\/100\n|-damage|p1a: Blaziken|88\/100|[from] Stealth Rock\n|turn|8\n|\n|t:|1699781700\n|move|p1a: Blaziken|Protect|p1a: Blaziken\n|-singleturn|p1a: Blaziken|Protect\n|move|p2a: Medicham|Zen Headbutt|p1a: Blaziken\n|-activate|p1a: Blaziken|move: Protect\n|\n|-sideend|p1: MrGoddessli|move: Aurora Veil\n|-ability|p1a: Blaziken|Speed Boost|boost\n|-boost|p1a: Blaziken|spe|1\n|upkeep\n|turn|9\n|\n|t:|1699781717\n|switch|p1a: Ninetales|Ninetales-Alola, M, shiny|77\/100\n|-damage|p1a: Ninetales|52\/100|[from] Stealth Rock\n|-weather|Snow|[from] ability: Snow Warning|[of] p1a: Ninetales\n|move|p2a: Medicham|Zen Headbutt|p1a: Ninetales\n|-damage|p1a: Ninetales|0 fnt\n|faint|p1a: Ninetales\n|\n|-weather|Snow|[upkeep]\n|upkeep\n|\n|t:|1699781730\n|switch|p1a: Blaziken|Blaziken, F|88\/100\n|-damage|p1a: Blaziken|76\/100|[from] Stealth Rock\n|turn|10\n|\n|t:|1699781744\n|move|p1a: Blaziken|Protect|p1a: Blaziken\n|-singleturn|p1a: Blaziken|Protect\n|move|p2a: Medicham|Zen Headbutt|p1a: Blaziken\n|-activate|p1a: Blaziken|move: Protect\n|\n|-weather|Snow|[upkeep]\n|-fieldend|move: Psychic Terrain\n|-ability|p1a: Blaziken|Speed Boost|boost\n|-boost|p1a: Blaziken|spe|1\n|upkeep\n|turn|11\n|\n|t:|1699781754\n|move|p1a: Blaziken|Protect||[still]\n|-fail|p1a: Blaziken\n|move|p2a: Medicham|Zen Headbutt|p1a: Blaziken\n|-supereffective|p1a: Blaziken\n|-damage|p1a: Blaziken|0 fnt\n|faint|p1a: Blaziken\n|\n|-weather|Snow|[upkeep]\n|upkeep\n|\n|t:|1699781764\n|switch|p1a: Rillaboom|Rillaboom, M, shiny|100\/100\n|-damage|p1a: Rillaboom|88\/100|[from] Stealth Rock\n|-fieldstart|move: Grassy Terrain|[from] ability: Grassy Surge|[of] p1a: Rillaboom\n|turn|12\n|\n|t:|1699781773\n|switch|p2a: Tapu Lele|Tapu Lele|46\/100\n|-fieldstart|move: Psychic Terrain|[from] ability: Psychic Surge|[of] p2a: Tapu Lele\n|move|p1a: Rillaboom|Wood Hammer|p2a: Tapu Lele\n|-damage|p2a: Tapu Lele|0 fnt\n|faint|p2a: Tapu Lele\n|-damage|p1a: Rillaboom|77\/100|[from] Recoil\n|\n|-weather|Snow|[upkeep]\n|upkeep\n|\n|t:|1699781787\n|switch|p2a: Medicham|Medicham-Mega, F, shiny|39\/100\n|turn|13\n|\n|t:|1699781796\n|move|p2a: Medicham|Zen Headbutt|p1a: Rillaboom|[miss]\n|-miss|p2a: Medicham|p1a: Rillaboom\n|move|p1a: Rillaboom|Wood Hammer|p2a: Medicham\n|-damage|p2a: Medicham|0 fnt\n|faint|p2a: Medicham\n|-damage|p1a: Rillaboom|69\/100|[from] Recoil\n|\n|-weather|none\n|upkeep\n|\n|t:|1699781808\n|switch|p2a: Polteageist|Polteageist-Antique, shiny|100\/100\n|turn|14\n|\n|t:|1699781813\n|switch|p1a: Volcarona|Volcarona, M, shiny|100\/100\n|move|p2a: Polteageist|Tera Blast|p1a: Volcarona\n|-damage|p1a: Volcarona|70\/100\n|\n|upkeep\n|turn|15\n|\n|t:|1699781825\n|move|p1a: Volcarona|Roost|p1a: Volcarona\n|-heal|p1a: Volcarona|100\/100\n|-singleturn|p1a: Volcarona|move: Roost\n|move|p2a: Polteageist|Shell Smash|p2a: Polteageist\n|-unboost|p2a: Polteageist|def|1\n|-unboost|p2a: Polteageist|spd|1\n|-boost|p2a: Polteageist|atk|2\n|-boost|p2a: Polteageist|spa|2\n|-boost|p2a: Polteageist|spe|2\n|\n|upkeep\n|turn|16\n|\n|t:|1699781842\n|-terastallize|p1a: Volcarona|Grass\n|move|p2a: Polteageist|Stored Power|p1a: Volcarona\n|-damage|p1a: Volcarona|0 fnt\n|faint|p1a: Volcarona\n|\n|upkeep\n|\n|t:|1699781849\n|switch|p1a: Rillaboom|Rillaboom, M, shiny|69\/100\n|-damage|p1a: Rillaboom|57\/100|[from] Stealth Rock\n|-fieldstart|move: Grassy Terrain|[from] ability: Grassy Surge|[of] p1a: Rillaboom\n|turn|17\n|\n|t:|1699781860\n|move|p1a: Rillaboom|Grassy Glide|p2a: Polteageist\n|-enditem|p2a: Polteageist|Focus Sash\n|-damage|p2a: Polteageist|1\/100\n|-ability|p2a: Polteageist|Weak Armor|boost\n|-unboost|p2a: Polteageist|def|1\n|-boost|p2a: Polteageist|spe|2\n|move|p2a: Polteageist|Stored Power|p1a: Rillaboom\n|-damage|p1a: Rillaboom|0 fnt\n|faint|p1a: Rillaboom\n|\n|win|gfsn\u7535\u68cd\u5973\u513f\u7c73\u8bfa\n|raw|MrGoddessli's rating: 1402 &rarr; <strong>1387<\/strong><br \/>(-15 for losing)\n|raw|gfsn\u7535\u68cd\u5973\u513f\u7c73\u8bfa's rating: 1497 &rarr; <strong>1512<\/strong><br \/>(+15 for winning)\n","uploadtime":1699781872,"views":17,"p1id":"mrgoddessli","p2id":"gfsn","formatid":"gen9nationaldex","rating":1387,"private":0,"password":""}