{"id":"gen9nationaldex-1988403695","p1":"oodinosaurking","p2":"zero_zk","format":"[Gen 9] National Dex","log":"|j|\u2606oodinosaurking\n|j|\u2606zero_zk\n|t:|1699719127\n|gametype|singles\n|player|p1|oodinosaurking|pokemonranger|1057\n|player|p2|zero_zk|hilbert|1000\n|teamsize|p1|6\n|teamsize|p2|6\n|gen|9\n|tier|[Gen 9] National Dex\n|rated|\n|rule|HP Percentage Mod: HP is shown in percentages\n|rule|Endless Battle Clause: Forcing endless battles is banned\n|rule|OHKO Clause: OHKO moves are banned\n|rule|Evasion Clause: Evasion abilities, items, and moves are banned\n|rule|Evasion Abilities Clause: Evasion abilities are banned\n|rule|Evasion Items Clause: Evasion items are banned\n|rule|Evasion Moves Clause: Evasion moves are banned\n|rule|Species Clause: Limit one of each Pok\u00e9mon\n|rule|Sleep Clause Mod: Limit one foe put to sleep\n|clearpoke\n|poke|p1|Swampert, M|\n|poke|p1|Gardevoir, F|\n|poke|p1|Exploud, M|\n|poke|p1|Altaria, F|\n|poke|p1|Cradily, M|\n|poke|p1|Seviper, M|\n|poke|p2|Torterra, M|\n|poke|p2|Garchomp, F|\n|poke|p2|Lucario, F|\n|poke|p2|Staraptor, F|\n|poke|p2|Abomasnow, F|\n|poke|p2|Floatzel, M|\n|teampreview\n|inactive|Battle timer is ON: inactive players will automatically lose when time's up. (requested by oodinosaurking)\n|c|\u2606oodinosaurking|a sinnoh team!!!\n|\n|t:|1699719153\n|start\n|switch|p1a: Seviper|Seviper, M|100\/100\n|switch|p2a: tortuguita|Torterra, M|100\/100\n|turn|1\n|\n|t:|1699719162\n|-zpower|p1a: Seviper\n|move|p1a: Seviper|Black Hole Eclipse|p2a: tortuguita|[zeffect]\n|-damage|p2a: tortuguita|75\/100\n|move|p2a: tortuguita|Stealth Rock|p1a: Seviper\n|-sidestart|p1: oodinosaurking|move: Stealth Rock\n|\n|-heal|p2a: tortuguita|81\/100|[from] item: Leftovers\n|upkeep\n|turn|2\n|\n|t:|1699719181\n|move|p1a: Seviper|Sludge Bomb|p2a: tortuguita\n|-damage|p2a: tortuguita|39\/100\n|-status|p2a: tortuguita|psn\n|move|p2a: tortuguita|Synthesis|p2a: tortuguita\n|-heal|p2a: tortuguita|89\/100 psn\n|\n|-heal|p2a: tortuguita|95\/100 psn|[from] item: Leftovers\n|-damage|p2a: tortuguita|82\/100 psn|[from] psn\n|upkeep\n|turn|3\n|\n|t:|1699719193\n|move|p1a: Seviper|Sludge Bomb|p2a: tortuguita\n|-damage|p2a: tortuguita|46\/100 psn\n|move|p2a: tortuguita|Earthquake|p1a: Seviper\n|-supereffective|p1a: Seviper\n|-damage|p1a: Seviper|0 fnt\n|faint|p1a: Seviper\n|\n|-heal|p2a: tortuguita|52\/100 psn|[from] item: Leftovers\n|-damage|p2a: tortuguita|40\/100 psn|[from] psn\n|upkeep\n|\n|t:|1699719202\n|switch|p1a: Altaria|Altaria, F|100\/100\n|turn|4\n|\n|t:|1699719214\n|move|p1a: Altaria|Tailwind|p1a: Altaria\n|-sidestart|p1: oodinosaurking|move: Tailwind\n|move|p2a: tortuguita|Wood Hammer|p1a: Altaria\n|-resisted|p1a: Altaria\n|-damage|p1a: Altaria|82\/100\n|-damage|p2a: tortuguita|35\/100 psn|[from] Recoil\n|\n|-heal|p2a: tortuguita|41\/100 psn|[from] item: Leftovers\n|-damage|p2a: tortuguita|29\/100 psn|[from] psn\n|upkeep\n|turn|5\n|\n|t:|1699719228\n|move|p1a: Altaria|Moonblast|p2a: tortuguita\n|-damage|p2a: tortuguita|10\/100 psn\n|move|p2a: tortuguita|Synthesis|p2a: tortuguita\n|-heal|p2a: tortuguita|60\/100 psn\n|\n|-heal|p2a: tortuguita|66\/100 psn|[from] item: Leftovers\n|-damage|p2a: tortuguita|54\/100 psn|[from] psn\n|upkeep\n|turn|6\n|\n|t:|1699719241\n|switch|p2a: idoso|Abomasnow, F|100\/100\n|-weather|Snow|[from] ability: Snow Warning|[of] p2a: idoso\n|move|p1a: Altaria|Cotton Guard|p1a: Altaria\n|-boost|p1a: Altaria|def|3\n|\n|-weather|Snow|[upkeep]\n|upkeep\n|turn|7\n|\n|t:|1699719266\n|switch|p1a: Exploud|Exploud, M|100\/100\n|-damage|p1a: Exploud|88\/100|[from] Stealth Rock\n|move|p2a: idoso|Blizzard|p1a: Exploud\n|-damage|p1a: Exploud|51\/100\n|-status|p1a: Exploud|frz\n|\n|-weather|Snow|[upkeep]\n|-sideend|p1: oodinosaurking|move: Tailwind\n|upkeep\n|turn|8\n|\n|t:|1699719276\n|cant|p1a: Exploud|frz\n|move|p2a: idoso|Wood Hammer|p1a: Exploud\n|-damage|p1a: Exploud|0 fnt\n|faint|p1a: Exploud\n|-damage|p2a: idoso|85\/100|[from] Recoil\n|\n|-weather|Snow|[upkeep]\n|-heal|p2a: idoso|92\/100|[from] item: Leftovers\n|upkeep\n|\n|t:|1699719288\n|switch|p1a: Gardevoir|Gardevoir, F|100\/100\n|-damage|p1a: Gardevoir|88\/100|[from] Stealth Rock\n|turn|9\n|\n|t:|1699719297\n|-terastallize|p1a: Gardevoir|Fighting\n|move|p1a: Gardevoir|Tera Blast|p2a: idoso|[anim] Tera Blast Fighting\n|-supereffective|p2a: idoso\n|-damage|p2a: idoso|10\/100\n|move|p2a: idoso|Leech Seed|p1a: Gardevoir\n|-start|p1a: Gardevoir|move: Leech Seed\n|\n|-weather|Snow|[upkeep]\n|-heal|p2a: idoso|16\/100|[from] item: Leftovers\n|-damage|p1a: Gardevoir|76\/100|[from] Leech Seed|[of] p2a: idoso\n|-heal|p2a: idoso|25\/100|[silent]\n|upkeep\n|turn|10\n|\n|t:|1699719312\n|switch|p2a: passaralho|Staraptor, F|100\/100\n|-ability|p2a: passaralho|Intimidate|boost\n|-unboost|p1a: Gardevoir|atk|1\n|move|p1a: Gardevoir|Mystical Fire|p2a: passaralho\n|-damage|p2a: passaralho|58\/100\n|-unboost|p2a: passaralho|spa|1\n|\n|-weather|none\n|-damage|p1a: Gardevoir|64\/100|[from] Leech Seed|[of] p2a: passaralho\n|-heal|p2a: passaralho|69\/100|[silent]\n|upkeep\n|turn|11\n|\n|t:|1699719337\n|move|p2a: passaralho|Pursuit|p1a: Gardevoir\n|-resisted|p1a: Gardevoir\n|-damage|p1a: Gardevoir|48\/100\n|move|p1a: Gardevoir|Moonblast|p2a: passaralho\n|-damage|p2a: passaralho|0 fnt\n|faint|p2a: passaralho\n|\n|upkeep\n|inactive|zero_zk has 120 seconds left.\n|\n|t:|1699719365\n|switch|p2a: Lucario|Lucario, F|100\/100\n|turn|12\n|inactive|zero_zk has 120 seconds left.\n|\n|t:|1699719371\n|move|p1a: Gardevoir|Tera Blast|p2a: Lucario|[anim] Tera Blast Fighting\n|-supereffective|p2a: Lucario\n|-damage|p2a: Lucario|0 fnt\n|faint|p2a: Lucario\n|\n|upkeep\n|inactive|zero_zk has 120 seconds left.\n|\n|t:|1699719378\n|switch|p2a: tortuguita|Torterra, M|54\/100 psn\n|turn|13\n|\n|t:|1699719383\n|move|p1a: Gardevoir|Mystical Fire|p2a: tortuguita\n|-supereffective|p2a: tortuguita\n|-damage|p2a: tortuguita|6\/100 psn\n|-unboost|p2a: tortuguita|spa|1\n|move|p2a: tortuguita|Synthesis|p2a: tortuguita\n|-heal|p2a: tortuguita|56\/100 psn\n|\n|-heal|p2a: tortuguita|62\/100 psn|[from] item: Leftovers\n|-damage|p1a: Gardevoir|36\/100|[from] Leech Seed|[of] p2a: tortuguita\n|-heal|p2a: tortuguita|71\/100 psn|[silent]\n|-damage|p2a: tortuguita|58\/100 psn|[from] psn\n|upkeep\n|turn|14\n|\n|t:|1699719395\n|move|p1a: Gardevoir|Tera Blast|p2a: tortuguita|[anim] Tera Blast Fighting\n|-damage|p2a: tortuguita|22\/100 psn\n|move|p2a: tortuguita|Wood Hammer|p1a: Gardevoir\n|-damage|p1a: Gardevoir|0 fnt\n|faint|p1a: Gardevoir\n|-damage|p2a: tortuguita|13\/100 psn|[from] Recoil\n|\n|-heal|p2a: tortuguita|20\/100 psn|[from] item: Leftovers\n|-damage|p2a: tortuguita|7\/100 psn|[from] psn\n|upkeep\n|\n|t:|1699719407\n|switch|p1a: Altaria|Altaria, F|82\/100\n|turn|15\n|\n|t:|1699719413\n|switch|p2a: idoso|Abomasnow, F|25\/100\n|-weather|Snow|[from] ability: Snow Warning|[of] p2a: idoso\n|move|p1a: Altaria|Cotton Guard|p1a: Altaria\n|-boost|p1a: Altaria|def|3\n|\n|-weather|Snow|[upkeep]\n|-heal|p2a: idoso|31\/100|[from] item: Leftovers\n|upkeep\n|turn|16\n|\n|t:|1699719423\n|move|p1a: Altaria|Moonblast|p2a: idoso\n|-damage|p2a: idoso|7\/100\n|-unboost|p2a: idoso|spa|1\n|move|p2a: idoso|Blizzard|p1a: Altaria\n|-supereffective|p1a: Altaria\n|-crit|p1a: Altaria\n|-damage|p1a: Altaria|0 fnt\n|faint|p1a: Altaria\n|\n|-weather|Snow|[upkeep]\n|-heal|p2a: idoso|13\/100|[from] item: Leftovers\n|upkeep\n|\n|t:|1699719433\n|switch|p1a: Swampert|Swampert, M|100\/100\n|-damage|p1a: Swampert|94\/100|[from] Stealth Rock\n|turn|17\n|\n|t:|1699719443\n|detailschange|p1a: Swampert|Swampert-Mega, M\n|-mega|p1a: Swampert|Swampert|Swampertite\n|move|p1a: Swampert|Earthquake|p2a: idoso\n|-resisted|p2a: idoso\n|-damage|p2a: idoso|0 fnt\n|faint|p2a: idoso\n|\n|-weather|Snow|[upkeep]\n|upkeep\n|\n|t:|1699719462\n|switch|p2a: chomp\u00e3o|Garchomp, F|100\/100\n|turn|18\n|\n|t:|1699719482\n|switch|p2a: bellinhan|Floatzel, M|100\/100\n|move|p1a: Swampert|Ice Punch|p2a: bellinhan\n|-resisted|p2a: bellinhan\n|-damage|p2a: bellinhan|77\/100\n|\n|-weather|Snow|[upkeep]\n|upkeep\n|turn|19\n|\n|t:|1699719493\n|move|p2a: bellinhan|Ice Punch|p1a: Swampert\n|-damage|p1a: Swampert|76\/100\n|move|p1a: Swampert|Earthquake|p2a: bellinhan\n|-damage|p2a: bellinhan|0 fnt\n|faint|p2a: bellinhan\n|\n|-weather|none\n|upkeep\n|\n|t:|1699719503\n|switch|p2a: tortuguita|Torterra, M|7\/100 psn\n|turn|20\n|\n|t:|1699719507\n|move|p1a: Swampert|Protect|p1a: Swampert\n|-singleturn|p1a: Swampert|Protect\n|move|p2a: tortuguita|Wood Hammer|p1a: Swampert\n|-activate|p1a: Swampert|move: Protect\n|\n|-heal|p2a: tortuguita|13\/100 psn|[from] item: Leftovers\n|-damage|p2a: tortuguita|1\/100 psn|[from] psn\n|upkeep\n|turn|21\n|\n|t:|1699719516\n|switch|p1a: Cradily|Cradily, M|100\/100\n|-damage|p1a: Cradily|88\/100|[from] Stealth Rock\n|move|p2a: tortuguita|Synthesis|p2a: tortuguita\n|-heal|p2a: tortuguita|51\/100 psn\n|\n|-heal|p2a: tortuguita|57\/100 psn|[from] item: Leftovers\n|-heal|p1a: Cradily|94\/100|[from] item: Leftovers\n|-damage|p2a: tortuguita|44\/100 psn|[from] psn\n|upkeep\n|turn|22\n|\n|t:|1699719530\n|move|p2a: tortuguita|Stealth Rock||[still]\n|-fail|p2a: tortuguita\n|move|p1a: Cradily|Rock Slide|p2a: tortuguita\n|-resisted|p2a: tortuguita\n|-damage|p2a: tortuguita|35\/100 psn\n|\n|-heal|p2a: tortuguita|41\/100 psn|[from] item: Leftovers\n|-heal|p1a: Cradily|99\/100|[from] item: Leftovers\n|-damage|p2a: tortuguita|28\/100 psn|[from] psn\n|upkeep\n|turn|23\n|\n|t:|1699719540\n|move|p2a: tortuguita|Synthesis|p2a: tortuguita\n|-heal|p2a: tortuguita|78\/100 psn\n|move|p1a: Cradily|Giga Drain|p2a: tortuguita\n|-damage|p2a: tortuguita|58\/100 psn\n|-heal|p1a: Cradily|100\/100|[from] drain|[of] p2a: tortuguita\n|\n|-heal|p2a: tortuguita|64\/100 psn|[from] item: Leftovers\n|-damage|p2a: tortuguita|52\/100 psn|[from] psn\n|upkeep\n|turn|24\n|\n|t:|1699719550\n|move|p2a: tortuguita|Wood Hammer|p1a: Cradily\n|-damage|p1a: Cradily|51\/100\n|-damage|p2a: tortuguita|37\/100 psn|[from] Recoil\n|move|p1a: Cradily|Giga Drain|p2a: tortuguita\n|-damage|p2a: tortuguita|16\/100 psn\n|-heal|p1a: Cradily|62\/100|[from] drain|[of] p2a: tortuguita\n|\n|-heal|p2a: tortuguita|22\/100 psn|[from] item: Leftovers\n|-heal|p1a: Cradily|68\/100|[from] item: Leftovers\n|-damage|p2a: tortuguita|10\/100 psn|[from] psn\n|upkeep\n|turn|25\n|\n|t:|1699719564\n|move|p2a: tortuguita|Synthesis|p2a: tortuguita\n|-heal|p2a: tortuguita|60\/100 psn\n|move|p1a: Cradily|Giga Drain|p2a: tortuguita\n|-damage|p2a: tortuguita|39\/100 psn\n|-heal|p1a: Cradily|79\/100|[from] drain|[of] p2a: tortuguita\n|\n|-heal|p2a: tortuguita|45\/100 psn|[from] item: Leftovers\n|-heal|p1a: Cradily|85\/100|[from] item: Leftovers\n|-damage|p2a: tortuguita|33\/100 psn|[from] psn\n|upkeep\n|turn|26\n|\n|t:|1699719575\n|switch|p2a: chomp\u00e3o|Garchomp, F|100\/100\n|move|p1a: Cradily|Giga Drain|p2a: chomp\u00e3o\n|-damage|p2a: chomp\u00e3o|75\/100\n|-heal|p1a: Cradily|97\/100|[from] drain|[of] p2a: chomp\u00e3o\n|\n|-heal|p1a: Cradily|100\/100|[from] item: Leftovers\n|upkeep\n|turn|27\n|\n|t:|1699719587\n|move|p2a: chomp\u00e3o|Stone Edge|p1a: Cradily\n|-damage|p1a: Cradily|70\/100\n|move|p1a: Cradily|Toxic|p2a: chomp\u00e3o\n|-status|p2a: chomp\u00e3o|tox\n|\n|-heal|p1a: Cradily|76\/100|[from] item: Leftovers\n|-damage|p2a: chomp\u00e3o|69\/100 tox|[from] psn\n|upkeep\n|turn|28\n|\n|t:|1699719601\n|move|p2a: chomp\u00e3o|Stone Edge|p1a: Cradily\n|-damage|p1a: Cradily|43\/100\n|move|p1a: Cradily|Giga Drain|p2a: chomp\u00e3o\n|-damage|p2a: chomp\u00e3o|46\/100 tox\n|-heal|p1a: Cradily|54\/100|[from] drain|[of] p2a: chomp\u00e3o\n|\n|-heal|p1a: Cradily|60\/100|[from] item: Leftovers\n|-damage|p2a: chomp\u00e3o|33\/100 tox|[from] psn\n|upkeep\n|turn|29\n|\n|t:|1699719612\n|move|p2a: chomp\u00e3o|Stone Edge|p1a: Cradily\n|-damage|p1a: Cradily|27\/100\n|move|p1a: Cradily|Giga Drain|p2a: chomp\u00e3o\n|-damage|p2a: chomp\u00e3o|8\/100 tox\n|-heal|p1a: Cradily|40\/100|[from] drain|[of] p2a: chomp\u00e3o\n|\n|-heal|p1a: Cradily|46\/100|[from] item: Leftovers\n|-damage|p2a: chomp\u00e3o|0 fnt|[from] psn\n|faint|p2a: chomp\u00e3o\n|upkeep\n|\n|t:|1699719622\n|switch|p2a: tortuguita|Torterra, M|33\/100 psn\n|turn|30\n|\n|t:|1699719626\n|move|p2a: tortuguita|Synthesis|p2a: tortuguita\n|-heal|p2a: tortuguita|83\/100 psn\n|move|p1a: Cradily|Recover|p1a: Cradily\n|-heal|p1a: Cradily|96\/100\n|\n|-heal|p2a: tortuguita|89\/100 psn|[from] item: Leftovers\n|-heal|p1a: Cradily|100\/100|[from] item: Leftovers\n|-damage|p2a: tortuguita|76\/100 psn|[from] psn\n|upkeep\n|turn|31\n|\n|t:|1699719635\n|move|p2a: tortuguita|Wood Hammer|p1a: Cradily\n|-damage|p1a: Cradily|52\/100\n|-damage|p2a: tortuguita|61\/100 psn|[from] Recoil\n|move|p1a: Cradily|Rock Slide|p2a: tortuguita\n|-resisted|p2a: tortuguita\n|-damage|p2a: tortuguita|52\/100 psn\n|\n|-heal|p2a: tortuguita|58\/100 psn|[from] item: Leftovers\n|-heal|p1a: Cradily|58\/100|[from] item: Leftovers\n|-damage|p2a: tortuguita|46\/100 psn|[from] psn\n|upkeep\n|turn|32\n|\n|t:|1699719647\n|move|p2a: tortuguita|Wood Hammer|p1a: Cradily\n|-damage|p1a: Cradily|2\/100\n|-damage|p2a: tortuguita|28\/100 psn|[from] Recoil\n|move|p1a: Cradily|Giga Drain|p2a: tortuguita\n|-damage|p2a: tortuguita|8\/100 psn\n|-heal|p1a: Cradily|12\/100|[from] drain|[of] p2a: tortuguita\n|\n|-heal|p2a: tortuguita|14\/100 psn|[from] item: Leftovers\n|-heal|p1a: Cradily|19\/100|[from] item: Leftovers\n|-damage|p2a: tortuguita|2\/100 psn|[from] psn\n|upkeep\n|turn|33\n|\n|t:|1699719658\n|move|p2a: tortuguita|Synthesis|p2a: tortuguita\n|-heal|p2a: tortuguita|52\/100 psn\n|move|p1a: Cradily|Giga Drain|p2a: tortuguita\n|-damage|p2a: tortuguita|33\/100 psn\n|-heal|p1a: Cradily|28\/100|[from] drain|[of] p2a: tortuguita\n|\n|-heal|p2a: tortuguita|40\/100 psn|[from] item: Leftovers\n|-heal|p1a: Cradily|34\/100|[from] item: Leftovers\n|-damage|p2a: tortuguita|27\/100 psn|[from] psn\n|upkeep\n|turn|34\n|\n|t:|1699719675\n|move|p2a: tortuguita|Wood Hammer|p1a: Cradily\n|-damage|p1a: Cradily|0 fnt\n|faint|p1a: Cradily\n|-damage|p2a: tortuguita|16\/100 psn|[from] Recoil\n|\n|-heal|p2a: tortuguita|23\/100 psn|[from] item: Leftovers\n|-damage|p2a: tortuguita|10\/100 psn|[from] psn\n|upkeep\n|\n|t:|1699719683\n|switch|p1a: Swampert|Swampert-Mega, M|76\/100\n|-damage|p1a: Swampert|70\/100|[from] Stealth Rock\n|turn|35\n|\n|t:|1699719689\n|move|p1a: Swampert|Protect|p1a: Swampert\n|-singleturn|p1a: Swampert|Protect\n|move|p2a: tortuguita|Wood Hammer|p1a: Swampert\n|-activate|p1a: Swampert|move: Protect\n|\n|-heal|p2a: tortuguita|16\/100 psn|[from] item: Leftovers\n|-damage|p2a: tortuguita|4\/100 psn|[from] psn\n|upkeep\n|turn|36\n|\n|t:|1699719697\n|move|p1a: Swampert|Ice Punch|p2a: tortuguita\n|-supereffective|p2a: tortuguita\n|-damage|p2a: tortuguita|0 fnt\n|faint|p2a: tortuguita\n|\n|win|oodinosaurking\n|raw|oodinosaurking's rating: 1057 &rarr; <strong>1083<\/strong><br \/>(+26 for winning)\n|raw|zero_zk's rating: 1000 &rarr; <strong>1000<\/strong><br \/>(+0 for losing)\n","uploadtime":1699719702,"views":4,"p1id":"oodinosaurking","p2id":"zerozk","formatid":"gen9nationaldex","rating":1000,"private":0,"password":""}