{"id":"gen9nationaldex-1988242781","p1":"xiongerzhi","p2":"sleephacking","format":"[Gen 9] National Dex","log":"|j|\u2606xiongerzhi\n|j|\u2606sleephacking\n|t:|1699692803\n|gametype|singles\n|player|p1|xiongerzhi|cynthia|1576\n|player|p2|sleephacking|brendan-gen3rs|1663\n|teamsize|p1|6\n|teamsize|p2|6\n|gen|9\n|tier|[Gen 9] National Dex\n|rated|\n|rule|HP Percentage Mod: HP is shown in percentages\n|rule|Endless Battle Clause: Forcing endless battles is banned\n|rule|OHKO Clause: OHKO moves are banned\n|rule|Evasion Clause: Evasion abilities, items, and moves are banned\n|rule|Evasion Abilities Clause: Evasion abilities are banned\n|rule|Evasion Items Clause: Evasion items are banned\n|rule|Evasion Moves Clause: Evasion moves are banned\n|rule|Species Clause: Limit one of each Pok\u00e9mon\n|rule|Sleep Clause Mod: Limit one foe put to sleep\n|clearpoke\n|poke|p1|Rillaboom, F|\n|poke|p1|Tyranitar, M|\n|poke|p1|Excadrill, F|\n|poke|p1|Moltres|\n|poke|p1|Tapu Lele|\n|poke|p1|Ogerpon-Cornerstone, F|\n|poke|p2|Charizard, M|\n|poke|p2|Serperior, M|\n|poke|p2|Tyranitar, F|\n|poke|p2|Alomomola, M|\n|poke|p2|Great Tusk|\n|poke|p2|Aegislash, F|\n|teampreview\n|inactive|Battle timer is ON: inactive players will automatically lose when time's up. (requested by sleephacking)\n|inactive|xiongerzhi also wants the timer to be on.\n|\n|t:|1699692830\n|start\n|switch|p1a: HH|Ogerpon-Cornerstone, F|100\/100\n|switch|p2a: Charizard|Charizard, M|100\/100\n|turn|1\n|\n|t:|1699692843\n|switch|p2a: Aegislash|Aegislash, F|100\/100\n|move|p1a: HH|Ivy Cudgel|p2a: Aegislash\n|-resisted|p2a: Aegislash\n|-damage|p2a: Aegislash|84\/100\n|\n|-heal|p2a: Aegislash|91\/100|[from] item: Leftovers\n|upkeep\n|turn|2\n|\n|t:|1699692858\n|switch|p1a: Moltres|Moltres|100\/100\n|-formechange|p2a: Aegislash|Aegislash-Blade||[from] ability: Stance Change\n|move|p2a: Aegislash|Shadow Ball|p1a: Moltres\n|-damage|p1a: Moltres|62\/100\n|\n|-heal|p2a: Aegislash|97\/100|[from] item: Leftovers\n|upkeep\n|turn|3\n|\n|t:|1699692863\n|-formechange|p2a: Aegislash|Aegislash||[from] ability: Stance Change\n|move|p2a: Aegislash|King's Shield|p2a: Aegislash\n|-singleturn|p2a: Aegislash|Protect\n|move|p1a: Moltres|Roost|p1a: Moltres\n|-heal|p1a: Moltres|100\/100\n|-singleturn|p1a: Moltres|move: Roost\n|\n|-heal|p2a: Aegislash|100\/100|[from] item: Leftovers\n|upkeep\n|turn|4\n|\n|t:|1699692874\n|switch|p1a: YINGHAN|Excadrill, F|100\/100\n|-item|p1a: YINGHAN|Air Balloon\n|switch|p2a: Alomomola|Alomomola, M|100\/100\n|\n|upkeep\n|turn|5\n|\n|t:|1699692878\n|switch|p1a: JAYSHOU|Rillaboom, F|100\/100\n|-fieldstart|move: Grassy Terrain|[from] ability: Grassy Surge|[of] p1a: JAYSHOU\n|move|p2a: Alomomola|Flip Turn|p1a: JAYSHOU\n|-resisted|p1a: JAYSHOU\n|-damage|p1a: JAYSHOU|92\/100\n|\n|t:|1699692880\n|switch|p2a: Charizard|Charizard, M|100\/100|[from] Flip Turn\n|\n|-heal|p1a: JAYSHOU|98\/100|[from] Grassy Terrain\n|upkeep\n|turn|6\n|\n|t:|1699692892\n|switch|p1a: Moltres|Moltres|100\/100\n|detailschange|p2a: Charizard|Charizard-Mega-Y, M\n|-mega|p2a: Charizard|Charizard|Charizardite Y\n|-weather|SunnyDay|[from] ability: Drought|[of] p2a: Charizard\n|move|p2a: Charizard|Solar Beam||[still]\n|-prepare|p2a: Charizard|Solar Beam\n|-anim|p2a: Charizard|Solar Beam|p1a: Moltres\n|-resisted|p1a: Moltres\n|-damage|p1a: Moltres|88\/100\n|\n|-weather|SunnyDay|[upkeep]\n|upkeep\n|turn|7\n|\n|t:|1699692903\n|move|p2a: Charizard|Weather Ball|p1a: Moltres\n|-resisted|p1a: Moltres\n|-damage|p1a: Moltres|38\/100\n|move|p1a: Moltres|Toxic|p2a: Charizard\n|-status|p2a: Charizard|tox\n|\n|-weather|SunnyDay|[upkeep]\n|-damage|p2a: Charizard|94\/100 tox|[from] psn\n|upkeep\n|turn|8\n|\n|t:|1699692911\n|switch|p2a: Great Tusk|Great Tusk|100\/100\n|-activate|p2a: Great Tusk|ability: Protosynthesis\n|-start|p2a: Great Tusk|protosynthesisatk\n|switch|p1a: CC|Tyranitar, M|100\/100\n|-weather|Sandstorm|[from] ability: Sand Stream|[of] p1a: CC\n|-end|p2a: Great Tusk|Protosynthesis\n|\n|-weather|Sandstorm|[upkeep]\n|upkeep\n|turn|9\n|\n|t:|1699692934\n|move|p2a: Great Tusk|Stealth Rock|p1a: CC\n|-sidestart|p1: xiongerzhi|move: Stealth Rock\n|move|p1a: CC|Knock Off|p2a: Great Tusk\n|-resisted|p2a: Great Tusk\n|-damage|p2a: Great Tusk|89\/100\n|\n|-weather|Sandstorm|[upkeep]\n|-heal|p2a: Great Tusk|96\/100|[from] Grassy Terrain\n|-fieldend|move: Grassy Terrain\n|upkeep\n|turn|10\n|inactive|xiongerzhi has 120 seconds left.\n|\n|t:|1699692957\n|move|p2a: Great Tusk|Headlong Rush|p1a: CC\n|-supereffective|p1a: CC\n|-damage|p1a: CC|0 fnt\n|-unboost|p2a: Great Tusk|def|1\n|-unboost|p2a: Great Tusk|spd|1\n|faint|p1a: CC\n|\n|-weather|Sandstorm|[upkeep]\n|upkeep\n|\n|t:|1699692961\n|switch|p1a: JAYSHOU|Rillaboom, F|98\/100\n|-damage|p1a: JAYSHOU|86\/100|[from] Stealth Rock\n|-fieldstart|move: Grassy Terrain|[from] ability: Grassy Surge|[of] p1a: JAYSHOU\n|turn|11\n|\n|t:|1699692969\n|-end|p2a: Great Tusk|Protosynthesis|[silent]\n|switch|p2a: Charizard|Charizard-Mega-Y, M|94\/100 tox\n|-weather|SunnyDay|[from] ability: Drought|[of] p2a: Charizard\n|move|p1a: JAYSHOU|U-turn|p2a: Charizard\n|-resisted|p2a: Charizard\n|-damage|p2a: Charizard|87\/100 tox\n|\n|t:|1699692976\n|switch|p1a: HH|Ogerpon-Cornerstone, F|100\/100|[from] U-turn\n|-damage|p1a: HH|88\/100|[from] Stealth Rock\n|\n|-weather|SunnyDay|[upkeep]\n|-heal|p1a: HH|94\/100|[from] Grassy Terrain\n|-damage|p2a: Charizard|81\/100 tox|[from] psn\n|upkeep\n|turn|12\n|\n|t:|1699692985\n|switch|p2a: Aegislash|Aegislash, F|100\/100\n|move|p1a: HH|Horn Leech|p2a: Aegislash\n|-resisted|p2a: Aegislash\n|-damage|p2a: Aegislash|85\/100\n|-heal|p1a: HH|100\/100|[from] drain|[of] p2a: Aegislash\n|\n|-weather|SunnyDay|[upkeep]\n|-heal|p2a: Aegislash|91\/100|[from] Grassy Terrain\n|-heal|p2a: Aegislash|97\/100|[from] item: Leftovers\n|upkeep\n|turn|13\n|\n|t:|1699692999\n|move|p1a: HH|Swords Dance|p1a: HH\n|-boost|p1a: HH|atk|2\n|-formechange|p2a: Aegislash|Aegislash-Blade||[from] ability: Stance Change\n|move|p2a: Aegislash|Shadow Ball|p1a: HH\n|-damage|p1a: HH|54\/100\n|\n|-weather|SunnyDay|[upkeep]\n|-heal|p1a: HH|60\/100|[from] Grassy Terrain\n|-heal|p2a: Aegislash|100\/100|[from] Grassy Terrain\n|upkeep\n|turn|14\n|j| hainiumm\n|\n|t:|1699693013\n|-terastallize|p1a: HH|Rock\n|detailschange|p1a: HH|Ogerpon-Cornerstone-Tera, F, tera:Rock\n|-ability|p1a: HH|Embody Aspect (Cornerstone)|boost\n|-boost|p1a: HH|def|1\n|-formechange|p2a: Aegislash|Aegislash||[from] ability: Stance Change\n|move|p2a: Aegislash|King's Shield|p2a: Aegislash\n|-singleturn|p2a: Aegislash|Protect\n|move|p1a: HH|Ivy Cudgel|p2a: Aegislash\n|-activate|p2a: Aegislash|move: Protect\n|\n|-weather|SunnyDay|[upkeep]\n|-heal|p1a: HH|66\/100|[from] Grassy Terrain\n|upkeep\n|turn|15\n|\n|t:|1699693033\n|move|p1a: HH|Ivy Cudgel|p2a: Aegislash\n|-resisted|p2a: Aegislash\n|-damage|p2a: Aegislash|53\/100\n|-formechange|p2a: Aegislash|Aegislash-Blade||[from] ability: Stance Change\n|move|p2a: Aegislash|Sacred Sword|p1a: HH\n|-supereffective|p1a: HH\n|-damage|p1a: HH|0 fnt\n|faint|p1a: HH\n|\n|-weather|none\n|-heal|p2a: Aegislash|59\/100|[from] Grassy Terrain\n|-heal|p2a: Aegislash|65\/100|[from] item: Leftovers\n|-fieldend|move: Grassy Terrain\n|upkeep\n|inactive|xiongerzhi has 120 seconds left.\n|\n|t:|1699693044\n|switch|p1a: YINGKI|Tapu Lele|100\/100\n|-damage|p1a: YINGKI|88\/100|[from] Stealth Rock\n|-fieldstart|move: Psychic Terrain|[from] ability: Psychic Surge|[of] p1a: YINGKI\n|turn|16\n|\n|t:|1699693051\n|-formechange|p2a: Aegislash|Aegislash||[from] ability: Stance Change\n|move|p2a: Aegislash|King's Shield|p2a: Aegislash\n|-singleturn|p2a: Aegislash|Protect\n|move|p1a: YINGKI|Focus Blast|p2a: Aegislash\n|-activate|p2a: Aegislash|move: Protect\n|\n|-heal|p2a: Aegislash|71\/100|[from] item: Leftovers\n|upkeep\n|turn|17\n|\n|t:|1699693068\n|move|p1a: YINGKI|Focus Blast|p2a: Aegislash\n|-immune|p2a: Aegislash\n|-formechange|p2a: Aegislash|Aegislash-Blade||[from] ability: Stance Change\n|move|p2a: Aegislash|Shadow Ball|p1a: YINGKI\n|-supereffective|p1a: YINGKI\n|-damage|p1a: YINGKI|9\/100\n|-unboost|p1a: YINGKI|spd|1\n|\n|-heal|p2a: Aegislash|77\/100|[from] item: Leftovers\n|upkeep\n|turn|18\n|-message|xiongerzhi forfeited.\n|\n|win|sleephacking\n|raw|xiongerzhi's rating: 1576 &rarr; <strong>1561<\/strong><br \/>(-15 for losing)\n|raw|sleephacking's rating: 1663 &rarr; <strong>1678<\/strong><br \/>(+15 for winning)\n|l|\u2606xiongerzhi\n|l|\u2606sleephacking\n|j|\u2606xiongerzhi\n|player|p1|xiongerzhi|cynthia\n","uploadtime":1699693083,"views":8,"p1id":"xiongerzhi","p2id":"sleephacking","formatid":"gen9nationaldex","rating":1561,"private":0,"password":""}