{"id":"gen9nationaldex-1991796894","p1":"lilpeski","p2":"Richie2016","format":"[Gen 9] National Dex","log":"|j|\u2606lilpeski\n|j|\u2606Richie2016\n|t:|1700119099\n|gametype|singles\n|player|p1|lilpeski|hugh|1206\n|player|p2|Richie2016|cynthia|1321\n|teamsize|p1|6\n|teamsize|p2|6\n|gen|9\n|tier|[Gen 9] National Dex\n|rated|\n|rule|HP Percentage Mod: HP is shown in percentages\n|rule|Endless Battle Clause: Forcing endless battles is banned\n|rule|OHKO Clause: OHKO moves are banned\n|rule|Evasion Clause: Evasion abilities, items, and moves are banned\n|rule|Evasion Abilities Clause: Evasion abilities are banned\n|rule|Evasion Items Clause: Evasion items are banned\n|rule|Evasion Moves Clause: Evasion moves are banned\n|rule|Species Clause: Limit one of each Pok\u00e9mon\n|rule|Sleep Clause Mod: Limit one foe put to sleep\n|clearpoke\n|poke|p1|Venusaur, M|\n|poke|p1|Jirachi|\n|poke|p1|Zapdos|\n|poke|p1|Blastoise, F|\n|poke|p1|Dragonite, M|\n|poke|p1|Mew|\n|poke|p2|Medicham, F|\n|poke|p2|Alomomola, F|\n|poke|p2|Moltres|\n|poke|p2|Ferrothorn, F|\n|poke|p2|Gliscor, F|\n|poke|p2|Hydreigon, F|\n|teampreview\n|\n|t:|1700119114\n|start\n|switch|p1a: Glock|Zapdos, shiny|100\/100\n|switch|p2a: Gliscor|Gliscor, F, shiny|100\/100\n|turn|1\n|\n|t:|1700119123\n|switch|p1a: Codeine|Blastoise, F, shiny|100\/100\n|move|p2a: Gliscor|Stealth Rock|p1a: Codeine\n|-sidestart|p1: lilpeski|move: Stealth Rock\n|\n|-status|p2a: Gliscor|tox|[from] item: Toxic Orb\n|upkeep\n|turn|2\n|\n|t:|1700119140\n|-terastallize|p2a: Gliscor|Fairy\n|move|p2a: Gliscor|Toxic|p1a: Codeine\n|-status|p1a: Codeine|tox\n|move|p1a: Codeine|Rain Dance|p1a: Codeine\n|-weather|RainDance\n|\n|-weather|RainDance|[upkeep]\n|-damage|p1a: Codeine|94\/100 tox|[from] psn\n|upkeep\n|turn|3\n|\n|t:|1700119153\n|switch|p2a: Ferrothorn|Ferrothorn, F, shiny|100\/100\n|switch|p1a: Uzi|Jirachi, shiny|100\/100\n|-damage|p1a: Uzi|94\/100|[from] Stealth Rock\n|\n|-weather|RainDance|[upkeep]\n|upkeep\n|turn|4\n|inactive|Battle timer is ON: inactive players will automatically lose when time's up. (requested by Richie2016)\n|\n|t:|1700119163\n|switch|p1a: Glock|Zapdos, shiny|100\/100\n|move|p2a: Ferrothorn|Leech Seed|p1a: Glock\n|-start|p1a: Glock|move: Leech Seed\n|\n|-weather|RainDance|[upkeep]\n|-damage|p1a: Glock|88\/100|[from] Leech Seed|[of] p2a: Ferrothorn\n|upkeep\n|turn|5\n|\n|t:|1700119174\n|switch|p2a: Gliscor|Gliscor, F, shiny, tera:Fairy|100\/100 tox\n|move|p1a: Glock|Heat Wave|p2a: Gliscor\n|-damage|p2a: Gliscor|87\/100 tox\n|\n|-weather|RainDance|[upkeep]\n|-damage|p1a: Glock|76\/100|[from] Leech Seed|[of] p2a: Gliscor\n|-heal|p2a: Gliscor|99\/100 tox|[silent]\n|-heal|p2a: Gliscor|100\/100 tox|[from] ability: Poison Heal\n|upkeep\n|turn|6\n|\n|t:|1700119186\n|switch|p1a: Subway|Venusaur, M, shiny|100\/100\n|-damage|p1a: Subway|88\/100|[from] Stealth Rock\n|move|p2a: Gliscor|Toxic|p1a: Subway\n|-immune|p1a: Subway\n|\n|-weather|none\n|-heal|p1a: Subway|94\/100|[from] item: Leftovers\n|upkeep\n|turn|7\n|\n|t:|1700119193\n|move|p2a: Gliscor|Earthquake|p1a: Subway\n|-damage|p1a: Subway|59\/100\n|move|p1a: Subway|Leech Seed|p2a: Gliscor\n|-start|p2a: Gliscor|move: Leech Seed\n|\n|-heal|p1a: Subway|65\/100|[from] item: Leftovers\n|-damage|p2a: Gliscor|88\/100 tox|[from] Leech Seed|[of] p1a: Subway\n|-heal|p1a: Subway|77\/100|[silent]\n|-heal|p2a: Gliscor|100\/100 tox|[from] ability: Poison Heal\n|upkeep\n|turn|8\n|\n|t:|1700119202\n|switch|p2a: Ferrothorn|Ferrothorn, F, shiny|100\/100\n|move|p1a: Subway|Giga Drain|p2a: Ferrothorn\n|-resisted|p2a: Ferrothorn\n|-damage|p2a: Ferrothorn|96\/100\n|-heal|p1a: Subway|80\/100|[from] drain|[of] p2a: Ferrothorn\n|\n|-heal|p1a: Subway|86\/100|[from] item: Leftovers\n|-heal|p2a: Ferrothorn|100\/100|[from] item: Leftovers\n|upkeep\n|turn|9\n|\n|t:|1700119208\n|switch|p1a: Glock|Zapdos, shiny|76\/100\n|move|p2a: Ferrothorn|Gyro Ball|p1a: Glock\n|-resisted|p1a: Glock\n|-damage|p1a: Glock|53\/100\n|\n|upkeep\n|turn|10\n|\n|t:|1700119222\n|switch|p2a: Alomomola|Alomomola, F|100\/100\n|move|p1a: Glock|Thunder Wave|p2a: Alomomola\n|-status|p2a: Alomomola|par\n|\n|upkeep\n|turn|11\n|\n|t:|1700119229\n|switch|p1a: Subway|Venusaur, M, shiny|86\/100\n|-damage|p1a: Subway|73\/100|[from] Stealth Rock\n|move|p2a: Alomomola|Toxic|p1a: Subway\n|-immune|p1a: Subway\n|\n|-heal|p1a: Subway|79\/100|[from] item: Leftovers\n|upkeep\n|turn|12\n|\n|t:|1700119237\n|switch|p2a: Moltres|Moltres|100\/100\n|move|p1a: Subway|Leech Seed|p2a: Moltres\n|-start|p2a: Moltres|move: Leech Seed\n|\n|-heal|p1a: Subway|85\/100|[from] item: Leftovers\n|-damage|p2a: Moltres|88\/100|[from] Leech Seed|[of] p1a: Subway\n|-heal|p1a: Subway|98\/100|[silent]\n|upkeep\n|turn|13\n|\n|t:|1700119253\n|move|p2a: Moltres|Mystical Fire|p1a: Subway\n|-supereffective|p1a: Subway\n|-damage|p1a: Subway|54\/100\n|-unboost|p1a: Subway|spa|1\n|move|p1a: Subway|Sleep Powder|p2a: Moltres\n|-status|p2a: Moltres|slp|[from] move: Sleep Powder\n|\n|-heal|p1a: Subway|60\/100|[from] item: Leftovers\n|-damage|p2a: Moltres|76\/100 slp|[from] Leech Seed|[of] p1a: Subway\n|-heal|p1a: Subway|73\/100|[silent]\n|upkeep\n|turn|14\n|\n|t:|1700119264\n|switch|p2a: Ferrothorn|Ferrothorn, F, shiny|100\/100\n|move|p1a: Subway|Giga Drain|p2a: Ferrothorn\n|-resisted|p2a: Ferrothorn\n|-damage|p2a: Ferrothorn|97\/100\n|-heal|p1a: Subway|74\/100|[from] drain|[of] p2a: Ferrothorn\n|\n|-heal|p1a: Subway|80\/100|[from] item: Leftovers\n|-heal|p2a: Ferrothorn|100\/100|[from] item: Leftovers\n|upkeep\n|turn|15\n|\n|t:|1700119272\n|switch|p1a: Glock|Zapdos, shiny|53\/100\n|move|p2a: Ferrothorn|Leech Seed|p1a: Glock\n|-start|p1a: Glock|move: Leech Seed\n|\n|-damage|p1a: Glock|41\/100|[from] Leech Seed|[of] p2a: Ferrothorn\n|upkeep\n|turn|16\n|\n|t:|1700119282\n|switch|p2a: Gliscor|Gliscor, F, shiny, tera:Fairy|100\/100 tox\n|move|p1a: Glock|Roost|p1a: Glock\n|-heal|p1a: Glock|91\/100\n|-singleturn|p1a: Glock|move: Roost\n|\n|-damage|p1a: Glock|79\/100|[from] Leech Seed|[of] p2a: Gliscor\n|upkeep\n|turn|17\n|\n|t:|1700119294\n|move|p1a: Glock|Thunderbolt|p2a: Gliscor\n|-damage|p2a: Gliscor|56\/100 tox\n|move|p2a: Gliscor|Earthquake|p1a: Glock\n|-immune|p1a: Glock\n|\n|-damage|p1a: Glock|66\/100|[from] Leech Seed|[of] p2a: Gliscor\n|-heal|p2a: Gliscor|70\/100 tox|[silent]\n|-heal|p2a: Gliscor|82\/100 tox|[from] ability: Poison Heal\n|upkeep\n|turn|18\n|\n|t:|1700119300\n|move|p1a: Glock|Thunderbolt|p2a: Gliscor\n|-damage|p2a: Gliscor|43\/100 tox\n|move|p2a: Gliscor|Toxic|p1a: Glock\n|-status|p1a: Glock|tox\n|\n|-damage|p1a: Glock|54\/100 tox|[from] Leech Seed|[of] p2a: Gliscor\n|-heal|p2a: Gliscor|56\/100 tox|[silent]\n|-damage|p1a: Glock|48\/100 tox|[from] psn\n|-heal|p2a: Gliscor|69\/100 tox|[from] ability: Poison Heal\n|upkeep\n|turn|19\n|\n|t:|1700119310\n|switch|p1a: Wok|Mew, shiny|100\/100\n|-damage|p1a: Wok|88\/100|[from] Stealth Rock\n|move|p2a: Gliscor|Earthquake|p1a: Wok\n|-damage|p1a: Wok|62\/100\n|\n|-heal|p1a: Wok|68\/100|[from] item: Leftovers\n|-heal|p2a: Gliscor|81\/100 tox|[from] ability: Poison Heal\n|upkeep\n|turn|20\n|\n|t:|1700119320\n|move|p1a: Wok|Heal Bell|p1a: Wok\n|-activate|p1a: Wok|move: Heal Bell\n|-curestatus|p1: Codeine|tox|[msg]\n|-curestatus|p1: Glock|tox|[msg]\n|move|p2a: Gliscor|Toxic|p1a: Wok|[miss]\n|-miss|p2a: Gliscor|p1a: Wok\n|\n|-heal|p1a: Wok|74\/100|[from] item: Leftovers\n|-heal|p2a: Gliscor|94\/100 tox|[from] ability: Poison Heal\n|upkeep\n|turn|21\n|\n|t:|1700119336\n|switch|p1a: Uzi|Jirachi, shiny|94\/100\n|-damage|p1a: Uzi|88\/100|[from] Stealth Rock\n|move|p2a: Gliscor|Toxic|p1a: Uzi\n|-immune|p1a: Uzi\n|\n|-heal|p2a: Gliscor|100\/100 tox|[from] ability: Poison Heal\n|upkeep\n|turn|22\n|\n|t:|1700119345\n|switch|p2a: Moltres|Moltres|76\/100 slp\n|move|p1a: Uzi|Iron Head|p2a: Moltres\n|-resisted|p2a: Moltres\n|-damage|p2a: Moltres|63\/100 slp\n|\n|upkeep\n|turn|23\n|\n|t:|1700119354\n|switch|p1a: Glock|Zapdos, shiny|48\/100\n|cant|p2a: Moltres|slp\n|\n|upkeep\n|turn|24\n|\n|t:|1700119363\n|switch|p2a: Gliscor|Gliscor, F, shiny, tera:Fairy|100\/100 tox\n|move|p1a: Glock|Thunderbolt|p2a: Gliscor\n|-damage|p2a: Gliscor|54\/100 tox\n|\n|-heal|p2a: Gliscor|67\/100 tox|[from] ability: Poison Heal\n|upkeep\n|turn|25\n|\n|t:|1700119376\n|switch|p1a: Subway|Venusaur, M, shiny|80\/100\n|-damage|p1a: Subway|68\/100|[from] Stealth Rock\n|move|p2a: Gliscor|Toxic|p1a: Subway\n|-immune|p1a: Subway\n|\n|-heal|p1a: Subway|74\/100|[from] item: Leftovers\n|-heal|p2a: Gliscor|79\/100 tox|[from] ability: Poison Heal\n|upkeep\n|turn|26\n|\n|t:|1700119383\n|switch|p2a: Ferrothorn|Ferrothorn, F, shiny|100\/100\n|move|p1a: Subway|Giga Drain|p2a: Ferrothorn\n|-resisted|p2a: Ferrothorn\n|-damage|p2a: Ferrothorn|96\/100\n|-heal|p1a: Subway|76\/100|[from] drain|[of] p2a: Ferrothorn\n|\n|-heal|p1a: Subway|82\/100|[from] item: Leftovers\n|-heal|p2a: Ferrothorn|100\/100|[from] item: Leftovers\n|upkeep\n|turn|27\n|\n|t:|1700119392\n|switch|p1a: Glock|Zapdos, shiny|48\/100\n|move|p2a: Ferrothorn|Leech Seed|p1a: Glock\n|-start|p1a: Glock|move: Leech Seed\n|\n|-damage|p1a: Glock|36\/100|[from] Leech Seed|[of] p2a: Ferrothorn\n|upkeep\n|turn|28\n|\n|t:|1700119399\n|move|p1a: Glock|Roost|p1a: Glock\n|-heal|p1a: Glock|86\/100\n|-singleturn|p1a: Glock|move: Roost\n|move|p2a: Ferrothorn|Gyro Ball|p1a: Glock\n|-resisted|p1a: Glock\n|-damage|p1a: Glock|63\/100\n|\n|-damage|p1a: Glock|51\/100|[from] Leech Seed|[of] p2a: Ferrothorn\n|upkeep\n|turn|29\n|\n|t:|1700119415\n|switch|p2a: Gliscor|Gliscor, F, shiny, tera:Fairy|79\/100 tox\n|move|p1a: Glock|Roost|p1a: Glock\n|-heal|p1a: Glock|100\/100\n|-singleturn|p1a: Glock|move: Roost\n|\n|-damage|p1a: Glock|88\/100|[from] Leech Seed|[of] p2a: Gliscor\n|-heal|p2a: Gliscor|93\/100 tox|[silent]\n|-heal|p2a: Gliscor|100\/100 tox|[from] ability: Poison Heal\n|upkeep\n|turn|30\n|\n|t:|1700119424\n|switch|p1a: Uzi|Jirachi, shiny|88\/100\n|-damage|p1a: Uzi|82\/100|[from] Stealth Rock\n|move|p2a: Gliscor|Earthquake|p1a: Uzi\n|-supereffective|p1a: Uzi\n|-damage|p1a: Uzi|20\/100\n|\n|upkeep\n|turn|31\n|\n|t:|1700119433\n|switch|p2a: Moltres|Moltres|63\/100 slp\n|move|p1a: Uzi|Iron Head|p2a: Moltres\n|-resisted|p2a: Moltres\n|-damage|p2a: Moltres|50\/100 slp\n|\n|upkeep\n|turn|32\n|\n|t:|1700119440\n|switch|p1a: Glock|Zapdos, shiny|88\/100\n|cant|p2a: Moltres|slp\n|\n|upkeep\n|turn|33\n|\n|t:|1700119458\n|switch|p2a: Gliscor|Gliscor, F, shiny, tera:Fairy|100\/100 tox\n|move|p1a: Glock|Thunderbolt|p2a: Gliscor\n|-damage|p2a: Gliscor|58\/100 tox\n|\n|-heal|p2a: Gliscor|71\/100 tox|[from] ability: Poison Heal\n|upkeep\n|turn|34\n|\n|t:|1700119468\n|-terastallize|p1a: Glock|Steel\n|move|p1a: Glock|Thunderbolt|p2a: Gliscor\n|-damage|p2a: Gliscor|32\/100 tox\n|move|p2a: Gliscor|Toxic|p1a: Glock\n|-immune|p1a: Glock\n|\n|-heal|p2a: Gliscor|44\/100 tox|[from] ability: Poison Heal\n|upkeep\n|turn|35\n|\n|t:|1700119475\n|move|p1a: Glock|Thunderbolt|p2a: Gliscor\n|-damage|p2a: Gliscor|2\/100 tox\n|move|p2a: Gliscor|Roost|p2a: Gliscor\n|-heal|p2a: Gliscor|52\/100 tox\n|\n|-heal|p2a: Gliscor|65\/100 tox|[from] ability: Poison Heal\n|upkeep\n|turn|36\n|\n|t:|1700119489\n|move|p1a: Glock|Thunderbolt|p2a: Gliscor\n|-damage|p2a: Gliscor|24\/100 tox\n|move|p2a: Gliscor|Roost|p2a: Gliscor\n|-heal|p2a: Gliscor|74\/100 tox\n|\n|-heal|p2a: Gliscor|87\/100 tox|[from] ability: Poison Heal\n|upkeep\n|turn|37\n|\n|t:|1700119495\n|move|p1a: Glock|Thunderbolt|p2a: Gliscor\n|-damage|p2a: Gliscor|47\/100 tox\n|move|p2a: Gliscor|Earthquake|p1a: Glock\n|-supereffective|p1a: Glock\n|-damage|p1a: Glock|19\/100\n|\n|-heal|p2a: Gliscor|60\/100 tox|[from] ability: Poison Heal\n|upkeep\n|turn|38\n|\n|t:|1700119503\n|switch|p1a: Subway|Venusaur, M, shiny|82\/100\n|-damage|p1a: Subway|70\/100|[from] Stealth Rock\n|move|p2a: Gliscor|Earthquake|p1a: Subway\n|-damage|p1a: Subway|37\/100\n|\n|-heal|p1a: Subway|43\/100|[from] item: Leftovers\n|-heal|p2a: Gliscor|72\/100 tox|[from] ability: Poison Heal\n|upkeep\n|turn|39\n|\n|t:|1700119508\n|switch|p2a: Ferrothorn|Ferrothorn, F, shiny|100\/100\n|move|p1a: Subway|Giga Drain|p2a: Ferrothorn\n|-resisted|p2a: Ferrothorn\n|-damage|p2a: Ferrothorn|96\/100\n|-heal|p1a: Subway|45\/100|[from] drain|[of] p2a: Ferrothorn\n|\n|-heal|p1a: Subway|51\/100|[from] item: Leftovers\n|-heal|p2a: Ferrothorn|100\/100|[from] item: Leftovers\n|upkeep\n|turn|40\n|\n|t:|1700119522\n|move|p1a: Subway|Protect|p1a: Subway\n|-singleturn|p1a: Subway|Protect\n|move|p2a: Ferrothorn|Gyro Ball|p1a: Subway\n|-activate|p1a: Subway|move: Protect\n|\n|-heal|p1a: Subway|57\/100|[from] item: Leftovers\n|upkeep\n|turn|41\n|\n|t:|1700119528\n|move|p1a: Subway|Giga Drain|p2a: Ferrothorn\n|-resisted|p2a: Ferrothorn\n|-damage|p2a: Ferrothorn|96\/100\n|-heal|p1a: Subway|60\/100|[from] drain|[of] p2a: Ferrothorn\n|move|p2a: Ferrothorn|Gyro Ball|p1a: Subway\n|-damage|p1a: Subway|19\/100\n|\n|-heal|p1a: Subway|25\/100|[from] item: Leftovers\n|-heal|p2a: Ferrothorn|100\/100|[from] item: Leftovers\n|upkeep\n|turn|42\n|\n|t:|1700119538\n|move|p1a: Subway|Protect|p1a: Subway\n|-singleturn|p1a: Subway|Protect\n|move|p2a: Ferrothorn|Leech Seed|p1a: Subway\n|-activate|p1a: Subway|move: Protect\n|\n|-heal|p1a: Subway|31\/100|[from] item: Leftovers\n|upkeep\n|turn|43\n|\n|t:|1700119546\n|switch|p1a: Codeine|Blastoise, F, shiny|94\/100\n|-damage|p1a: Codeine|82\/100|[from] Stealth Rock\n|move|p2a: Ferrothorn|Gyro Ball|p1a: Codeine\n|-resisted|p1a: Codeine\n|-damage|p1a: Codeine|70\/100\n|\n|-heal|p1a: Codeine|76\/100|[from] item: Leftovers\n|upkeep\n|turn|44\n|\n|t:|1700119556\n|move|p1a: Codeine|Protect|p1a: Codeine\n|-singleturn|p1a: Codeine|Protect\n|move|p2a: Ferrothorn|Power Whip|p1a: Codeine\n|-activate|p1a: Codeine|move: Protect\n|\n|-heal|p1a: Codeine|82\/100|[from] item: Leftovers\n|upkeep\n|turn|45\n|\n|t:|1700119578\n|switch|p1a: Glock|Zapdos, shiny, tera:Steel|19\/100\n|move|p2a: Ferrothorn|Leech Seed|p1a: Glock\n|-start|p1a: Glock|move: Leech Seed\n|\n|-damage|p1a: Glock|7\/100|[from] Leech Seed|[of] p2a: Ferrothorn\n|upkeep\n|turn|46\n|\n|t:|1700119585\n|switch|p2a: Gliscor|Gliscor, F, shiny, tera:Fairy|72\/100 tox\n|move|p1a: Glock|Roost|p1a: Glock\n|-heal|p1a: Glock|57\/100\n|\n|-damage|p1a: Glock|44\/100|[from] Leech Seed|[of] p2a: Gliscor\n|-heal|p2a: Gliscor|86\/100 tox|[silent]\n|-heal|p2a: Gliscor|98\/100 tox|[from] ability: Poison Heal\n|upkeep\n|turn|47\n|\n|t:|1700119597\n|switch|p1a: Codeine|Blastoise, F, shiny|82\/100\n|-damage|p1a: Codeine|70\/100|[from] Stealth Rock\n|move|p2a: Gliscor|Earthquake|p1a: Codeine\n|-damage|p1a: Codeine|46\/100\n|\n|-heal|p1a: Codeine|52\/100|[from] item: Leftovers\n|-heal|p2a: Gliscor|100\/100 tox|[from] ability: Poison Heal\n|upkeep\n|turn|48\n|\n|t:|1700119606\n|switch|p2a: Ferrothorn|Ferrothorn, F, shiny|100\/100\n|move|p1a: Codeine|Rain Dance|p1a: Codeine\n|-weather|RainDance\n|\n|-weather|RainDance|[upkeep]\n|-heal|p1a: Codeine|58\/100|[from] ability: Rain Dish\n|-heal|p1a: Codeine|64\/100|[from] item: Leftovers\n|upkeep\n|turn|49\n|\n|t:|1700119619\n|switch|p1a: Subway|Venusaur, M, shiny|31\/100\n|-damage|p1a: Subway|19\/100|[from] Stealth Rock\n|move|p2a: Ferrothorn|Leech Seed|p1a: Subway\n|-immune|p1a: Subway\n|\n|-weather|RainDance|[upkeep]\n|-heal|p1a: Subway|25\/100|[from] item: Leftovers\n|upkeep\n|turn|50\n|\n|t:|1700119627\n|move|p1a: Subway|Protect|p1a: Subway\n|-singleturn|p1a: Subway|Protect\n|move|p2a: Ferrothorn|Protect||[still]\n|-fail|p2a: Ferrothorn\n|\n|-weather|RainDance|[upkeep]\n|-heal|p1a: Subway|31\/100|[from] item: Leftovers\n|upkeep\n|turn|51\n|\n|t:|1700119638\n|switch|p1a: Glock|Zapdos, shiny, tera:Steel|44\/100\n|move|p2a: Ferrothorn|Gyro Ball|p1a: Glock\n|-resisted|p1a: Glock\n|-damage|p1a: Glock|24\/100\n|\n|-weather|RainDance|[upkeep]\n|upkeep\n|turn|52\n|\n|t:|1700119646\n|move|p1a: Glock|Thunderbolt|p2a: Ferrothorn\n|-resisted|p2a: Ferrothorn\n|-damage|p2a: Ferrothorn|81\/100\n|move|p2a: Ferrothorn|Leech Seed|p1a: Glock\n|-start|p1a: Glock|move: Leech Seed\n|\n|-weather|none\n|-heal|p2a: Ferrothorn|87\/100|[from] item: Leftovers\n|-damage|p1a: Glock|12\/100|[from] Leech Seed|[of] p2a: Ferrothorn\n|-heal|p2a: Ferrothorn|100\/100|[silent]\n|upkeep\n|turn|53\n|\n|t:|1700119656\n|move|p1a: Glock|Roost|p1a: Glock\n|-heal|p1a: Glock|62\/100\n|move|p2a: Ferrothorn|Power Whip|p1a: Glock\n|-resisted|p1a: Glock\n|-damage|p1a: Glock|43\/100\n|\n|-damage|p1a: Glock|31\/100|[from] Leech Seed|[of] p2a: Ferrothorn\n|upkeep\n|turn|54\n|\n|t:|1700119666\n|move|p2a: Ferrothorn|Protect|p2a: Ferrothorn\n|-singleturn|p2a: Ferrothorn|Protect\n|move|p1a: Glock|Roost|p1a: Glock\n|-heal|p1a: Glock|81\/100\n|\n|-damage|p1a: Glock|69\/100|[from] Leech Seed|[of] p2a: Ferrothorn\n|upkeep\n|turn|55\n|\n|t:|1700119692\n|switch|p2a: Gliscor|Gliscor, F, shiny, tera:Fairy|100\/100 tox\n|move|p1a: Glock|Thunder Wave||[still]\n|-fail|p1a: Glock\n|\n|-damage|p1a: Glock|57\/100|[from] Leech Seed|[of] p2a: Gliscor\n|upkeep\n|turn|56\n|inactive|Richie2016 has 120 seconds left.\n|\n|t:|1700119715\n|switch|p1a: Codeine|Blastoise, F, shiny|64\/100\n|-damage|p1a: Codeine|51\/100|[from] Stealth Rock\n|move|p2a: Gliscor|Earthquake|p1a: Codeine\n|-damage|p1a: Codeine|30\/100\n|\n|-heal|p1a: Codeine|36\/100|[from] item: Leftovers\n|upkeep\n|turn|57\n|\n|t:|1700119723\n|move|p2a: Gliscor|Toxic|p1a: Codeine\n|-status|p1a: Codeine|tox\n|move|p1a: Codeine|Rain Dance|p1a: Codeine\n|-weather|RainDance\n|\n|-weather|RainDance|[upkeep]\n|-heal|p1a: Codeine|42\/100 tox|[from] ability: Rain Dish\n|-heal|p1a: Codeine|49\/100 tox|[from] item: Leftovers\n|-damage|p1a: Codeine|42\/100 tox|[from] psn\n|upkeep\n|turn|58\n|\n|t:|1700119732\n|switch|p1a: Wok|Mew, shiny|74\/100\n|-damage|p1a: Wok|62\/100|[from] Stealth Rock\n|move|p2a: Gliscor|Earthquake|p1a: Wok\n|-damage|p1a: Wok|36\/100\n|\n|-weather|RainDance|[upkeep]\n|-heal|p1a: Wok|42\/100|[from] item: Leftovers\n|upkeep\n|turn|59\n|\n|t:|1700119741\n|move|p1a: Wok|Soft-Boiled|p1a: Wok\n|-heal|p1a: Wok|92\/100\n|move|p2a: Gliscor|Earthquake|p1a: Wok\n|-damage|p1a: Wok|65\/100\n|\n|-weather|RainDance|[upkeep]\n|-heal|p1a: Wok|71\/100|[from] item: Leftovers\n|upkeep\n|turn|60\n|\n|t:|1700119752\n|switch|p2a: Alomomola|Alomomola, F|100\/100 par\n|move|p1a: Wok|Heal Bell|p1a: Wok\n|-activate|p1a: Wok|move: Heal Bell\n|-curestatus|p1: Codeine|tox|[msg]\n|\n|-weather|RainDance|[upkeep]\n|-heal|p1a: Wok|77\/100|[from] item: Leftovers\n|upkeep\n|turn|61\n|\n|t:|1700119763\n|switch|p1a: Glock|Zapdos, shiny, tera:Steel|57\/100\n|move|p2a: Alomomola|Wish|p2a: Alomomola\n|\n|-weather|none\n|upkeep\n|turn|62\n|\n|t:|1700119781\n|switch|p2a: Hydreigon|Hydreigon, F|100\/100\n|move|p1a: Glock|Thunderbolt|p2a: Hydreigon\n|-resisted|p2a: Hydreigon\n|-damage|p2a: Hydreigon|82\/100\n|\n|-heal|p2a: Hydreigon|100\/100|[from] move: Wish|[wisher] Alomomola\n|upkeep\n|turn|63\n|\n|t:|1700119789\n|move|p1a: Glock|Thunder Wave|p2a: Hydreigon\n|-status|p2a: Hydreigon|par\n|move|p2a: Hydreigon|Fire Spin|p1a: Glock\n|-supereffective|p1a: Glock\n|-damage|p1a: Glock|38\/100\n|-activate|p1a: Glock|move: Fire Spin|[of] p2a: Hydreigon\n|\n|-damage|p1a: Glock|26\/100|[from] move: Fire Spin|[partiallytrapped]\n|upkeep\n|turn|64\n|\n|t:|1700119803\n|move|p1a: Glock|Roost|p1a: Glock\n|-heal|p1a: Glock|76\/100\n|move|p2a: Hydreigon|Earth Power|p1a: Glock\n|-supereffective|p1a: Glock\n|-damage|p1a: Glock|23\/100\n|\n|-damage|p1a: Glock|11\/100|[from] move: Fire Spin|[partiallytrapped]\n|upkeep\n|turn|65\n|\n|t:|1700119811\n|move|p1a: Glock|Roost|p1a: Glock\n|-heal|p1a: Glock|61\/100\n|move|p2a: Hydreigon|Taunt|p1a: Glock\n|-start|p1a: Glock|move: Taunt\n|\n|-damage|p1a: Glock|49\/100|[from] move: Fire Spin|[partiallytrapped]\n|upkeep\n|turn|66\n|\n|t:|1700119819\n|move|p1a: Glock|Thunderbolt|p2a: Hydreigon\n|-resisted|p2a: Hydreigon\n|-damage|p2a: Hydreigon|83\/100 par\n|move|p2a: Hydreigon|Earth Power|p1a: Glock\n|-supereffective|p1a: Glock\n|-damage|p1a: Glock|0 fnt\n|faint|p1a: Glock\n|\n|-heal|p2a: Hydreigon|89\/100 par|[from] item: Leftovers\n|upkeep\n|\n|t:|1700119833\n|switch|p1a: Sprite|Dragonite, M, shiny|100\/100\n|-damage|p1a: Sprite|76\/100|[from] Stealth Rock\n|turn|67\n|\n|t:|1700119844\n|move|p1a: Sprite|Dragon Dance|p1a: Sprite\n|-boost|p1a: Sprite|atk|1\n|-boost|p1a: Sprite|spe|1\n|move|p2a: Hydreigon|Taunt|p1a: Sprite\n|-start|p1a: Sprite|move: Taunt\n|\n|-heal|p1a: Sprite|82\/100|[from] item: Leftovers\n|-heal|p2a: Hydreigon|95\/100 par|[from] item: Leftovers\n|upkeep\n|turn|68\n|\n|t:|1700119854\n|move|p1a: Sprite|Outrage|p2a: Hydreigon\n|-supereffective|p2a: Hydreigon\n|-damage|p2a: Hydreigon|0 fnt\n|faint|p2a: Hydreigon\n|\n|-heal|p1a: Sprite|88\/100|[from] item: Leftovers\n|upkeep\n|\n|t:|1700119860\n|switch|p2a: Gliscor|Gliscor, F, shiny, tera:Fairy|100\/100 tox\n|turn|69\n|\n|t:|1700119866\n|move|p1a: Sprite|Outrage|p2a: Gliscor|[from]lockedmove\n|-immune|p2a: Gliscor\n|move|p2a: Gliscor|Toxic|p1a: Sprite\n|-status|p1a: Sprite|tox\n|\n|-heal|p1a: Sprite|94\/100 tox|[from] item: Leftovers\n|-damage|p1a: Sprite|88\/100 tox|[from] psn\n|upkeep\n|turn|70\n|\n|t:|1700119874\n|switch|p2a: Ferrothorn|Ferrothorn, F, shiny|100\/100\n|move|p1a: Sprite|Return|p2a: Ferrothorn\n|-resisted|p2a: Ferrothorn\n|-damage|p2a: Ferrothorn|80\/100\n|-damage|p1a: Sprite|76\/100 tox|[from] ability: Iron Barbs|[of] p2a: Ferrothorn\n|\n|-heal|p1a: Sprite|82\/100 tox|[from] item: Leftovers\n|-heal|p2a: Ferrothorn|86\/100|[from] item: Leftovers\n|-damage|p1a: Sprite|70\/100 tox|[from] psn\n|-end|p1a: Sprite|move: Taunt\n|upkeep\n|turn|71\n|\n|t:|1700119880\n|switch|p1a: Wok|Mew, shiny|77\/100\n|-damage|p1a: Wok|65\/100|[from] Stealth Rock\n|move|p2a: Ferrothorn|Leech Seed|p1a: Wok\n|-start|p1a: Wok|move: Leech Seed\n|\n|-heal|p1a: Wok|71\/100|[from] item: Leftovers\n|-heal|p2a: Ferrothorn|92\/100|[from] item: Leftovers\n|-damage|p1a: Wok|59\/100|[from] Leech Seed|[of] p2a: Ferrothorn\n|-heal|p2a: Ferrothorn|100\/100|[silent]\n|upkeep\n|turn|72\n|\n|t:|1700119883\n|move|p2a: Ferrothorn|Protect|p2a: Ferrothorn\n|-singleturn|p2a: Ferrothorn|Protect\n|move|p1a: Wok|Heal Bell|p1a: Wok\n|-activate|p1a: Wok|move: Heal Bell\n|-curestatus|p1: Sprite|tox|[msg]\n|\n|-heal|p1a: Wok|65\/100|[from] item: Leftovers\n|-damage|p1a: Wok|53\/100|[from] Leech Seed|[of] p2a: Ferrothorn\n|upkeep\n|turn|73\n|\n|t:|1700119899\n|switch|p1a: Sprite|Dragonite, M, shiny|70\/100\n|-damage|p1a: Sprite|45\/100|[from] Stealth Rock\n|move|p2a: Ferrothorn|Power Whip|p1a: Sprite\n|-resisted|p1a: Sprite\n|-damage|p1a: Sprite|33\/100\n|\n|-heal|p1a: Sprite|40\/100|[from] item: Leftovers\n|upkeep\n|turn|74\n|\n|t:|1700119906\n|move|p1a: Sprite|Roost|p1a: Sprite\n|-heal|p1a: Sprite|90\/100\n|-singleturn|p1a: Sprite|move: Roost\n|move|p2a: Ferrothorn|Leech Seed|p1a: Sprite\n|-start|p1a: Sprite|move: Leech Seed\n|\n|-heal|p1a: Sprite|96\/100|[from] item: Leftovers\n|-damage|p1a: Sprite|83\/100|[from] Leech Seed|[of] p2a: Ferrothorn\n|upkeep\n|turn|75\n|\n|t:|1700119916\n|move|p1a: Sprite|Dragon Dance|p1a: Sprite\n|-boost|p1a: Sprite|atk|1\n|-boost|p1a: Sprite|spe|1\n|move|p2a: Ferrothorn|Power Whip|p1a: Sprite|[miss]\n|-miss|p2a: Ferrothorn|p1a: Sprite\n|\n|-heal|p1a: Sprite|90\/100|[from] item: Leftovers\n|-damage|p1a: Sprite|77\/100|[from] Leech Seed|[of] p2a: Ferrothorn\n|upkeep\n|turn|76\n|\n|t:|1700119924\n|move|p1a: Sprite|Dragon Dance|p1a: Sprite\n|-boost|p1a: Sprite|atk|1\n|-boost|p1a: Sprite|spe|1\n|move|p2a: Ferrothorn|Gyro Ball|p1a: Sprite\n|-damage|p1a: Sprite|22\/100\n|\n|-heal|p1a: Sprite|28\/100|[from] item: Leftovers\n|-damage|p1a: Sprite|15\/100|[from] Leech Seed|[of] p2a: Ferrothorn\n|upkeep\n|turn|77\n|\n|t:|1700119932\n|move|p2a: Ferrothorn|Protect|p2a: Ferrothorn\n|-singleturn|p2a: Ferrothorn|Protect\n|move|p1a: Sprite|Roost|p1a: Sprite\n|-heal|p1a: Sprite|66\/100\n|-singleturn|p1a: Sprite|move: Roost\n|\n|-heal|p1a: Sprite|72\/100|[from] item: Leftovers\n|-damage|p1a: Sprite|59\/100|[from] Leech Seed|[of] p2a: Ferrothorn\n|upkeep\n|turn|78\n|\n|t:|1700119942\n|switch|p2a: Moltres|Moltres|50\/100 slp\n|move|p1a: Sprite|Roost|p1a: Sprite\n|-heal|p1a: Sprite|100\/100\n|-singleturn|p1a: Sprite|move: Roost\n|\n|-damage|p1a: Sprite|88\/100|[from] Leech Seed|[of] p2a: Moltres\n|-heal|p2a: Moltres|60\/100 slp|[silent]\n|upkeep\n|turn|79\n|\n|t:|1700119949\n|move|p1a: Sprite|Dragon Dance|p1a: Sprite\n|-boost|p1a: Sprite|atk|1\n|-boost|p1a: Sprite|spe|1\n|-curestatus|p2a: Moltres|slp|[msg]\n|move|p2a: Moltres|Roost|p2a: Moltres\n|-heal|p2a: Moltres|100\/100\n|-singleturn|p2a: Moltres|move: Roost\n|\n|-heal|p1a: Sprite|94\/100|[from] item: Leftovers\n|-damage|p1a: Sprite|82\/100|[from] Leech Seed|[of] p2a: Moltres\n|upkeep\n|turn|80\n|\n|t:|1700119958\n|move|p1a: Sprite|Return|p2a: Moltres\n|-damage|p2a: Moltres|17\/100\n|-status|p1a: Sprite|brn|[from] ability: Flame Body|[of] p2a: Moltres\n|move|p2a: Moltres|Hurricane|p1a: Sprite\n|-damage|p1a: Sprite|35\/100 brn\n|\n|-heal|p1a: Sprite|41\/100 brn|[from] item: Leftovers\n|-damage|p1a: Sprite|29\/100 brn|[from] Leech Seed|[of] p2a: Moltres\n|-heal|p2a: Moltres|28\/100|[silent]\n|-damage|p1a: Sprite|23\/100 brn|[from] brn\n|upkeep\n|turn|81\n|\n|t:|1700119968\n|switch|p2a: Ferrothorn|Ferrothorn, F, shiny|100\/100\n|move|p1a: Sprite|Return|p2a: Ferrothorn\n|-resisted|p2a: Ferrothorn\n|-damage|p2a: Ferrothorn|85\/100\n|-damage|p1a: Sprite|10\/100 brn|[from] ability: Iron Barbs|[of] p2a: Ferrothorn\n|\n|-heal|p1a: Sprite|17\/100 brn|[from] item: Leftovers\n|-heal|p2a: Ferrothorn|91\/100|[from] item: Leftovers\n|-damage|p1a: Sprite|4\/100 brn|[from] Leech Seed|[of] p2a: Ferrothorn\n|-heal|p2a: Ferrothorn|100\/100|[silent]\n|-damage|p1a: Sprite|0 fnt|[from] brn\n|faint|p1a: Sprite\n|upkeep\n|c|\u2606lilpeski|Nice\n|c|\u2606lilpeski|gg man that was the kill\n|inactive|lilpeski has 120 seconds left.\n|\n|t:|1700119999\n|switch|p1a: Subway|Venusaur, M, shiny|31\/100\n|-damage|p1a: Subway|18\/100|[from] Stealth Rock\n|turn|82\n|c|\u2606Richie2016|ggwp\n|\n|t:|1700120008\n|switch|p2a: Gliscor|Gliscor, F, shiny, tera:Fairy|100\/100 tox\n|move|p1a: Subway|Giga Drain|p2a: Gliscor\n|-damage|p2a: Gliscor|68\/100 tox\n|-heal|p1a: Subway|34\/100|[from] drain|[of] p2a: Gliscor\n|\n|-heal|p1a: Subway|40\/100|[from] item: Leftovers\n|-heal|p2a: Gliscor|80\/100 tox|[from] ability: Poison Heal\n|upkeep\n|turn|83\n|\n|t:|1700120016\n|switch|p2a: Ferrothorn|Ferrothorn, F, shiny|100\/100\n|move|p1a: Subway|Leech Seed|p2a: Ferrothorn\n|-immune|p2a: Ferrothorn\n|\n|-heal|p1a: Subway|46\/100|[from] item: Leftovers\n|upkeep\n|turn|84\n|\n|t:|1700120035\n|move|p1a: Subway|Giga Drain|p2a: Ferrothorn\n|-resisted|p2a: Ferrothorn\n|-damage|p2a: Ferrothorn|96\/100\n|-heal|p1a: Subway|49\/100|[from] drain|[of] p2a: Ferrothorn\n|move|p2a: Ferrothorn|Power Whip|p1a: Subway\n|-resisted|p1a: Subway\n|-damage|p1a: Subway|38\/100\n|\n|-heal|p1a: Subway|44\/100|[from] item: Leftovers\n|-heal|p2a: Ferrothorn|100\/100|[from] item: Leftovers\n|upkeep\n|turn|85\n|\n|t:|1700120045\n|switch|p1a: Uzi|Jirachi, shiny|20\/100\n|-damage|p1a: Uzi|14\/100|[from] Stealth Rock\n|move|p2a: Ferrothorn|Protect||[still]\n|-fail|p2a: Ferrothorn\n|\n|upkeep\n|turn|86\n|-message|lilpeski forfeited.\n|\n|win|Richie2016\n|raw|lilpeski's rating: 1206 &rarr; <strong>1189<\/strong><br \/>(-17 for losing)\n|raw|Richie2016's rating: 1321 &rarr; <strong>1335<\/strong><br \/>(+14 for winning)\n|l|\u2606lilpeski\n","uploadtime":1700120055,"views":4,"p1id":"lilpeski","p2id":"richie2016","formatid":"gen9nationaldex","rating":1189,"private":0,"password":""}