{"id":"gen9nationaldex-1991859050","p1":"GABRIEL_HU","p2":"Manteiga_v","format":"[Gen 9] National Dex","log":"|j|\u2606GABRIEL_HU\n|j|\u2606Manteiga_v\n|t:|1700129621\n|gametype|singles\n|player|p1|GABRIEL_HU|guitarist|1433\n|player|p2|Manteiga_v|riley|1329\n|teamsize|p1|6\n|teamsize|p2|6\n|gen|9\n|tier|[Gen 9] National Dex\n|rated|\n|rule|HP Percentage Mod: HP is shown in percentages\n|rule|Endless Battle Clause: Forcing endless battles is banned\n|rule|OHKO Clause: OHKO moves are banned\n|rule|Evasion Clause: Evasion abilities, items, and moves are banned\n|rule|Evasion Abilities Clause: Evasion abilities are banned\n|rule|Evasion Items Clause: Evasion items are banned\n|rule|Evasion Moves Clause: Evasion moves are banned\n|rule|Species Clause: Limit one of each Pok\u00e9mon\n|rule|Sleep Clause Mod: Limit one foe put to sleep\n|clearpoke\n|poke|p1|Garganacl, F|\n|poke|p1|Greninja-*, M|\n|poke|p1|Zapdos|\n|poke|p1|Great Tusk|\n|poke|p1|Heatran, M|\n|poke|p1|Scizor, F|\n|poke|p2|Pinsir, M|\n|poke|p2|Typhlosion-Hisui, F|\n|poke|p2|Ogerpon, F|\n|poke|p2|Torkoal, F|\n|poke|p2|Great Tusk|\n|poke|p2|Urshifu-*, F|\n|teampreview\n|inactive|Battle timer is ON: inactive players will automatically lose when time's up. (requested by GABRIEL_HU)\n|\n|t:|1700129635\n|start\n|switch|p1a: Great Tusk|Great Tusk|100\/100\n|switch|p2a: Typhlosion|Typhlosion-Hisui, F|100\/100\n|-item|p1a: Great Tusk|Icium Z|[from] ability: Frisk|[of] p2a: Typhlosion|[identify]\n|turn|1\n|\n|t:|1700129644\n|move|p2a: Typhlosion|Will-O-Wisp|p1a: Great Tusk\n|-status|p1a: Great Tusk|brn\n|move|p1a: Great Tusk|Headlong Rush|p2a: Typhlosion\n|-supereffective|p2a: Typhlosion\n|-damage|p2a: Typhlosion|14\/100\n|-unboost|p1a: Great Tusk|def|1\n|-unboost|p1a: Great Tusk|spd|1\n|-enditem|p2a: Typhlosion|Weakness Policy\n|-boost|p2a: Typhlosion|atk|2|[from] item: Weakness Policy\n|-boost|p2a: Typhlosion|spa|2|[from] item: Weakness Policy\n|\n|-damage|p1a: Great Tusk|94\/100 brn|[from] brn\n|upkeep\n|turn|2\n|\n|t:|1700129656\n|-end|p1a: Great Tusk|Protosynthesis|[silent]\n|switch|p1a: Heatran|Heatran, M|100\/100\n|move|p2a: Typhlosion|Infernal Parade|p1a: Heatran\n|-damage|p1a: Heatran|61\/100\n|\n|upkeep\n|turn|3\n|\n|t:|1700129663\n|move|p1a: Heatran|Protect|p1a: Heatran\n|-singleturn|p1a: Heatran|Protect\n|move|p2a: Typhlosion|Infernal Parade|p1a: Heatran\n|-activate|p1a: Heatran|move: Protect\n|\n|upkeep\n|turn|4\n|\n|t:|1700129670\n|move|p2a: Typhlosion|Infernal Parade|p1a: Heatran\n|-damage|p1a: Heatran|25\/100\n|move|p1a: Heatran|Stealth Rock|p2a: Typhlosion\n|-sidestart|p2: Manteiga_v|move: Stealth Rock\n|\n|upkeep\n|turn|5\n|\n|t:|1700129676\n|move|p1a: Heatran|Protect|p1a: Heatran\n|-singleturn|p1a: Heatran|Protect\n|move|p2a: Typhlosion|Infernal Parade|p1a: Heatran\n|-activate|p1a: Heatran|move: Protect\n|\n|upkeep\n|turn|6\n|\n|t:|1700129682\n|move|p2a: Typhlosion|Infernal Parade|p1a: Heatran\n|-damage|p1a: Heatran|0 fnt\n|faint|p1a: Heatran\n|\n|upkeep\n|\n|t:|1700129688\n|switch|p1a: Greninja|Greninja, M|100\/100\n|turn|7\n|\n|t:|1700129698\n|switch|p2a: Urshifu|Urshifu-Rapid-Strike, F|100\/100\n|-damage|p2a: Urshifu|94\/100|[from] Stealth Rock\n|move|p1a: Greninja|Water Shuriken|p2a: Urshifu\n|-resisted|p2a: Urshifu\n|-crit|p2a: Urshifu\n|-damage|p2a: Urshifu|84\/100\n|-resisted|p2a: Urshifu\n|-damage|p2a: Urshifu|77\/100\n|-resisted|p2a: Urshifu\n|-damage|p2a: Urshifu|71\/100\n|-resisted|p2a: Urshifu\n|-damage|p2a: Urshifu|65\/100\n|-resisted|p2a: Urshifu\n|-damage|p2a: Urshifu|58\/100\n|-hitcount|p2a: Urshifu|5\n|-damage|p1a: Greninja|91\/100|[from] item: Life Orb\n|\n|upkeep\n|turn|8\n|\n|t:|1700129713\n|switch|p1a: Zapdos|Zapdos|100\/100\n|move|p2a: Urshifu|Drain Punch|p1a: Zapdos\n|-resisted|p1a: Zapdos\n|-damage|p1a: Zapdos|85\/100\n|-heal|p2a: Urshifu|67\/100|[from] drain|[of] p1a: Zapdos\n|-status|p2a: Urshifu|par|[from] ability: Static|[of] p1a: Zapdos\n|\n|upkeep\n|turn|9\n|\n|t:|1700129725\n|move|p1a: Zapdos|U-turn|p2a: Urshifu\n|-resisted|p2a: Urshifu\n|-damage|p2a: Urshifu|60\/100 par\n|\n|t:|1700129731\n|switch|p1a: Greninja|Greninja, M|91\/100|[from] U-turn\n|move|p2a: Urshifu|Ice Spinner|p1a: Greninja\n|-resisted|p1a: Greninja\n|-damage|p1a: Greninja|68\/100\n|\n|upkeep\n|turn|10\n|\n|t:|1700129738\n|switch|p1a: Zapdos|Zapdos|85\/100\n|cant|p2a: Urshifu|par\n|\n|upkeep\n|turn|11\n|\n|t:|1700129755\n|move|p1a: Zapdos|Discharge|p2a: Urshifu\n|-supereffective|p2a: Urshifu\n|-damage|p2a: Urshifu|0 fnt\n|faint|p2a: Urshifu\n|\n|upkeep\n|\n|t:|1700129766\n|switch|p2a: Ogerpon|Ogerpon, F|100\/100\n|-damage|p2a: Ogerpon|88\/100|[from] Stealth Rock\n|turn|12\n|\n|t:|1700129776\n|-terastallize|p2a: Ogerpon|Grass\n|detailschange|p2a: Ogerpon|Ogerpon-Teal-Tera, F, tera:Grass\n|-ability|p2a: Ogerpon|Embody Aspect (Teal)|boost\n|-boost|p2a: Ogerpon|spe|1\n|move|p2a: Ogerpon|Rock Tomb|p1a: Zapdos\n|-supereffective|p1a: Zapdos\n|-damage|p1a: Zapdos|39\/100\n|-unboost|p1a: Zapdos|spe|1\n|move|p1a: Zapdos|U-turn|p2a: Ogerpon\n|-supereffective|p2a: Ogerpon\n|-damage|p2a: Ogerpon|51\/100\n|\n|t:|1700129784\n|switch|p1a: Scizor|Scizor, F|100\/100|[from] U-turn\n|\n|upkeep\n|turn|13\n|\n|t:|1700129791\n|switch|p2a: Torkoal|Torkoal, F|100\/100\n|-damage|p2a: Torkoal|75\/100|[from] Stealth Rock\n|-weather|SunnyDay|[from] ability: Drought|[of] p2a: Torkoal\n|detailschange|p1a: Scizor|Scizor-Mega, F\n|-mega|p1a: Scizor|Scizor|Scizorite\n|move|p1a: Scizor|Bullet Punch|p2a: Torkoal\n|-resisted|p2a: Torkoal\n|-damage|p2a: Torkoal|68\/100\n|\n|-weather|SunnyDay|[upkeep]\n|-heal|p2a: Torkoal|74\/100|[from] item: Leftovers\n|upkeep\n|turn|14\n|\n|t:|1700129802\n|move|p1a: Scizor|U-turn|p2a: Torkoal\n|-resisted|p2a: Torkoal\n|-damage|p2a: Torkoal|65\/100\n|\n|t:|1700129805\n|switch|p1a: Garganacl|Garganacl, F, shiny|100\/100|[from] U-turn\n|move|p2a: Torkoal|Rapid Spin|p1a: Garganacl\n|-resisted|p1a: Garganacl\n|-damage|p1a: Garganacl|97\/100\n|-boost|p2a: Torkoal|spe|1\n|-sideend|p2: Manteiga_v|Stealth Rock|[from] move: Rapid Spin|[of] p2a: Torkoal\n|\n|-weather|SunnyDay|[upkeep]\n|-heal|p1a: Garganacl|100\/100|[from] item: Leftovers\n|-heal|p2a: Torkoal|71\/100|[from] item: Leftovers\n|upkeep\n|turn|15\n|\n|t:|1700129815\n|move|p1a: Garganacl|Salt Cure|p2a: Torkoal\n|-supereffective|p2a: Torkoal\n|-crit|p2a: Torkoal\n|-damage|p2a: Torkoal|48\/100\n|-start|p2a: Torkoal|Salt Cure\n|move|p2a: Torkoal|Iron Defense|p2a: Torkoal\n|-boost|p2a: Torkoal|def|2\n|\n|-weather|SunnyDay|[upkeep]\n|-heal|p2a: Torkoal|54\/100|[from] item: Leftovers\n|-damage|p2a: Torkoal|42\/100|[from] Salt Cure\n|upkeep\n|turn|16\n|\n|t:|1700129824\n|-terastallize|p1a: Garganacl|Water\n|move|p1a: Garganacl|Iron Defense|p1a: Garganacl\n|-boost|p1a: Garganacl|def|2\n|move|p2a: Torkoal|Body Press|p1a: Garganacl\n|-damage|p1a: Garganacl|79\/100\n|\n|-weather|SunnyDay|[upkeep]\n|-heal|p1a: Garganacl|85\/100|[from] item: Leftovers\n|-heal|p2a: Torkoal|48\/100|[from] item: Leftovers\n|-damage|p2a: Torkoal|35\/100|[from] Salt Cure\n|upkeep\n|turn|17\n|\n|t:|1700129835\n|move|p1a: Garganacl|Body Press|p2a: Torkoal\n|-damage|p2a: Torkoal|23\/100\n|move|p2a: Torkoal|Clear Smog|p1a: Garganacl\n|-damage|p1a: Garganacl|78\/100\n|-clearboost|p1a: Garganacl\n|\n|-weather|none\n|-heal|p1a: Garganacl|84\/100|[from] item: Leftovers\n|-heal|p2a: Torkoal|29\/100|[from] item: Leftovers\n|-damage|p2a: Torkoal|17\/100|[from] Salt Cure\n|upkeep\n|turn|18\n|\n|t:|1700129846\n|move|p1a: Garganacl|Salt Cure|p2a: Torkoal\n|-supereffective|p2a: Torkoal\n|-damage|p2a: Torkoal|9\/100\n|move|p2a: Torkoal|Clear Smog|p1a: Garganacl\n|-damage|p1a: Garganacl|78\/100\n|-clearboost|p1a: Garganacl\n|\n|-heal|p1a: Garganacl|84\/100|[from] item: Leftovers\n|-heal|p2a: Torkoal|15\/100|[from] item: Leftovers\n|-damage|p2a: Torkoal|3\/100|[from] Salt Cure\n|upkeep\n|turn|19\n|\n|t:|1700129858\n|move|p1a: Garganacl|Salt Cure|p2a: Torkoal\n|-supereffective|p2a: Torkoal\n|-damage|p2a: Torkoal|0 fnt\n|faint|p2a: Torkoal\n|\n|-heal|p1a: Garganacl|90\/100|[from] item: Leftovers\n|upkeep\n|\n|t:|1700129864\n|switch|p2a: Ogerpon|Ogerpon-Teal-Tera, F, tera:Grass|51\/100\n|-ability|p2a: Ogerpon|Embody Aspect (Teal)|boost\n|-boost|p2a: Ogerpon|spe|1\n|turn|20\n|\n|t:|1700129868\n|switch|p1a: Zapdos|Zapdos|39\/100\n|move|p2a: Ogerpon|Ivy Cudgel|p1a: Zapdos\n|-resisted|p1a: Zapdos\n|-damage|p1a: Zapdos|3\/100\n|\n|upkeep\n|turn|21\n|\n|t:|1700129875\n|switch|p1a: Scizor|Scizor-Mega, F|100\/100\n|move|p2a: Ogerpon|Ivy Cudgel|p1a: Scizor\n|-resisted|p1a: Scizor\n|-damage|p1a: Scizor|84\/100\n|\n|upkeep\n|turn|22\n|\n|t:|1700129887\n|switch|p2a: Great Tusk|Great Tusk|100\/100\n|-enditem|p2a: Great Tusk|Booster Energy\n|-activate|p2a: Great Tusk|ability: Protosynthesis|[fromitem]\n|-start|p2a: Great Tusk|protosynthesisatk\n|move|p1a: Scizor|Bullet Punch|p2a: Great Tusk\n|-damage|p2a: Great Tusk|81\/100\n|\n|upkeep\n|turn|23\n|\n|t:|1700129909\n|switch|p1a: Great Tusk|Great Tusk|94\/100 brn\n|move|p2a: Great Tusk|Play Rough|p1a: Great Tusk\n|-supereffective|p1a: Great Tusk\n|-damage|p1a: Great Tusk|27\/100 brn\n|\n|-damage|p1a: Great Tusk|21\/100 brn|[from] brn\n|upkeep\n|turn|24\n|\n|t:|1700129926\n|-end|p2a: Great Tusk|Protosynthesis|[silent]\n|switch|p2a: Typhlosion|Typhlosion-Hisui, F|14\/100\n|-item|p1a: Great Tusk|Icium Z|[from] ability: Frisk|[of] p2a: Typhlosion|[identify]\n|-zpower|p1a: Great Tusk\n|move|p1a: Great Tusk|Subzero Slammer|p2a: Typhlosion|[zeffect]\n|-resisted|p2a: Typhlosion\n|-damage|p2a: Typhlosion|0 fnt\n|faint|p2a: Typhlosion\n|\n|-damage|p1a: Great Tusk|15\/100 brn|[from] brn\n|upkeep\n|inactive|Manteiga_v has 120 seconds left.\n|\n|t:|1700129938\n|switch|p2a: Ogerpon|Ogerpon-Teal-Tera, F, tera:Grass|51\/100\n|-ability|p2a: Ogerpon|Embody Aspect (Teal)|boost\n|-boost|p2a: Ogerpon|spe|1\n|turn|25\n|\n|t:|1700129945\n|move|p2a: Ogerpon|Ivy Cudgel|p1a: Great Tusk\n|-supereffective|p1a: Great Tusk\n|-damage|p1a: Great Tusk|0 fnt\n|faint|p1a: Great Tusk\n|-end|p1a: Great Tusk|Protosynthesis|[silent]\n|\n|upkeep\n|\n|t:|1700129949\n|switch|p1a: Scizor|Scizor-Mega, F|84\/100\n|turn|26\n|\n|t:|1700129954\n|switch|p2a: Pinsir|Pinsir, M|100\/100\n|move|p1a: Scizor|U-turn|p2a: Pinsir\n|-damage|p2a: Pinsir|59\/100\n|\n|t:|1700129962\n|switch|p1a: Greninja|Greninja, M|68\/100|[from] U-turn\n|\n|upkeep\n|turn|27\n|\n|t:|1700129968\n|detailschange|p2a: Pinsir|Pinsir-Mega, M\n|-mega|p2a: Pinsir|Pinsir|Pinsirite\n|move|p1a: Greninja|Water Shuriken|p2a: Pinsir\n|-damage|p2a: Pinsir|48\/100\n|-damage|p2a: Pinsir|36\/100\n|-damage|p2a: Pinsir|23\/100\n|-damage|p2a: Pinsir|10\/100\n|-damage|p2a: Pinsir|0 fnt\n|faint|p2a: Pinsir\n|-ability|p1a: Greninja|Battle Bond|boost\n|-boost|p1a: Greninja|atk|1\n|-boost|p1a: Greninja|spa|1\n|-boost|p1a: Greninja|spe|1\n|-activate|p1a: Greninja|ability: Battle Bond\n|-hitcount|p2: Pinsir|5\n|-damage|p1a: Greninja|58\/100|[from] item: Life Orb\n|\n|upkeep\n|\n|t:|1700129982\n|switch|p2a: Ogerpon|Ogerpon-Teal-Tera, F, tera:Grass|51\/100\n|-ability|p2a: Ogerpon|Embody Aspect (Teal)|boost\n|-boost|p2a: Ogerpon|spe|1\n|turn|28\n|\n|t:|1700129987\n|move|p1a: Greninja|Ice Beam|p2a: Ogerpon\n|-supereffective|p2a: Ogerpon\n|-damage|p2a: Ogerpon|0 fnt\n|faint|p2a: Ogerpon\n|-damage|p1a: Greninja|48\/100|[from] item: Life Orb\n|\n|upkeep\n|-message|Manteiga_v forfeited.\n|\n|win|GABRIEL_HU\n|raw|GABRIEL_HU's rating: 1433 &rarr; <strong>1447<\/strong><br \/>(+14 for winning)\n|raw|Manteiga_v's rating: 1329 &rarr; <strong>1315<\/strong><br \/>(-14 for losing)\n|l|\u2606Manteiga_v\n","uploadtime":1700129993,"views":4,"p1id":"gabrielhu","p2id":"manteigav","formatid":"gen9nationaldex","rating":1315,"private":0,"password":""}