{"id":"gen9nationaldex-1988366248","p1":"Rwbyred","p2":"mr Deuzp","format":"[Gen 9] National Dex","log":"|j|\u2606Rwbyred\n|j|\u2606mr Deuzp\n|t:|1699714567\n|gametype|singles\n|player|p1|Rwbyred|170|1339\n|player|p2|mr Deuzp|shadowtriad|1280\n|teamsize|p1|6\n|teamsize|p2|6\n|gen|9\n|tier|[Gen 9] National Dex\n|rated|\n|rule|HP Percentage Mod: HP is shown in percentages\n|rule|Endless Battle Clause: Forcing endless battles is banned\n|rule|OHKO Clause: OHKO moves are banned\n|rule|Evasion Clause: Evasion abilities, items, and moves are banned\n|rule|Evasion Abilities Clause: Evasion abilities are banned\n|rule|Evasion Items Clause: Evasion items are banned\n|rule|Evasion Moves Clause: Evasion moves are banned\n|rule|Species Clause: Limit one of each Pok\u00e9mon\n|rule|Sleep Clause Mod: Limit one foe put to sleep\n|clearpoke\n|poke|p1|Lopunny, M|\n|poke|p1|Muk-Alola, F|\n|poke|p1|Moltres|\n|poke|p1|Shiinotic, F|\n|poke|p1|Excadrill, M|\n|poke|p1|Basculegion-F, F|\n|poke|p2|Jirachi|\n|poke|p2|Grimmsnarl, M|\n|poke|p2|Venusaur, M|\n|poke|p2|Kleavor, M|\n|poke|p2|Great Tusk|\n|poke|p2|Zoroark-Hisui, F|\n|teampreview\n|inactive|Battle timer is ON: inactive players will automatically lose when time's up. (requested by Rwbyred)\n|\n|t:|1699714582\n|start\n|switch|p1a: Basculegion|Basculegion-F, F|100\/100\n|switch|p2a: Kleavor|Kleavor, M, shiny|100\/100\n|turn|1\n|\n|t:|1699714588\n|move|p1a: Basculegion|Flip Turn|p2a: Kleavor\n|-supereffective|p2a: Kleavor\n|-damage|p2a: Kleavor|44\/100\n|\n|t:|1699714593\n|switch|p1a: Excadrill|Excadrill, M|100\/100|[from] Flip Turn\n|-ability|p1a: Excadrill|Mold Breaker\n|move|p2a: Kleavor|Agility|p2a: Kleavor\n|-boost|p2a: Kleavor|spe|2\n|\n|upkeep\n|turn|2\n|\n|t:|1699714600\n|move|p2a: Kleavor|Stone Axe|p1a: Excadrill\n|-resisted|p1a: Excadrill\n|-damage|p1a: Excadrill|80\/100\n|-sidestart|p1: Rwbyred|move: Stealth Rock\n|move|p1a: Excadrill|Rapid Spin|p2a: Kleavor\n|-resisted|p2a: Kleavor\n|-damage|p2a: Kleavor|31\/100\n|-boost|p1a: Excadrill|spe|1\n|-sideend|p1: Rwbyred|Stealth Rock|[from] move: Rapid Spin|[of] p1a: Excadrill\n|\n|upkeep\n|turn|3\n|\n|t:|1699714608\n|move|p2a: Kleavor|X-Scissor|p1a: Excadrill\n|-resisted|p1a: Excadrill\n|-damage|p1a: Excadrill|30\/100\n|move|p1a: Excadrill|Swords Dance|p1a: Excadrill\n|-boost|p1a: Excadrill|atk|2\n|\n|upkeep\n|turn|4\n|\n|t:|1699714620\n|move|p2a: Kleavor|X-Scissor|p1a: Excadrill\n|-resisted|p1a: Excadrill\n|-damage|p1a: Excadrill|0 fnt\n|faint|p1a: Excadrill\n|\n|upkeep\n|\n|t:|1699714626\n|switch|p1a: Lopunny|Lopunny, M|100\/100\n|turn|5\n|\n|t:|1699714630\n|detailschange|p1a: Lopunny|Lopunny-Mega, M\n|-mega|p1a: Lopunny|Lopunny|Lopunnite\n|move|p1a: Lopunny|Fake Out|p2a: Kleavor\n|-resisted|p2a: Kleavor\n|-damage|p2a: Kleavor|17\/100\n|cant|p2a: Kleavor|flinch\n|\n|upkeep\n|turn|6\n|\n|t:|1699714639\n|switch|p1a: Shiinotic|Shiinotic, F|100\/100\n|move|p2a: Kleavor|Psycho Cut|p1a: Shiinotic\n|-damage|p1a: Shiinotic|65\/100\n|\n|upkeep\n|turn|7\n|\n|t:|1699714645\n|move|p2a: Kleavor|X-Scissor|p1a: Shiinotic\n|-damage|p1a: Shiinotic|0 fnt\n|-damage|p2a: Kleavor|0 fnt|[from] item: Rocky Helmet|[of] p1a: Shiinotic\n|faint|p1a: Shiinotic\n|faint|p2a: Kleavor\n|\n|upkeep\n|\n|t:|1699714652\n|switch|p2a: Jirachi|Jirachi, shiny|100\/100\n|switch|p1a: Muk|Muk-Alola, F|100\/100\n|turn|8\n|\n|t:|1699714655\n|move|p2a: Jirachi|Nasty Plot|p2a: Jirachi\n|-boost|p2a: Jirachi|spa|2\n|move|p1a: Muk|Knock Off|p2a: Jirachi\n|-supereffective|p2a: Jirachi\n|-enditem|p2a: Jirachi|Focus Sash\n|-damage|p2a: Jirachi|1\/100\n|replace|p2a: Zoroark|Zoroark-Hisui, F, shiny\n|-end|p2a: Zoroark|Illusion\n|-status|p2a: Zoroark|psn|[from] ability: Poison Touch|[of] p1a: Muk\n|\n|-damage|p2a: Zoroark|0 fnt|[from] psn\n|faint|p2a: Zoroark\n|upkeep\n|\n|t:|1699714666\n|switch|p2a: Jirachi|Jirachi, shiny|100\/100\n|turn|9\n|\n|t:|1699714669\n|-zpower|p2a: Jirachi\n|move|p2a: Jirachi|Z-Happy Hour|p2a: Jirachi|[anim]Happy Hour\n|-boost|p2a: Jirachi|atk|1|[zeffect]\n|-boost|p2a: Jirachi|def|1|[zeffect]\n|-boost|p2a: Jirachi|spa|1|[zeffect]\n|-boost|p2a: Jirachi|spd|1|[zeffect]\n|-boost|p2a: Jirachi|spe|1|[zeffect]\n|move|p1a: Muk|Knock Off|p2a: Jirachi\n|-supereffective|p2a: Jirachi\n|-damage|p2a: Jirachi|60\/100\n|\n|upkeep\n|turn|10\n|\n|t:|1699714678\n|move|p2a: Jirachi|Iron Head|p1a: Muk\n|-damage|p1a: Muk|58\/100\n|move|p1a: Muk|Drain Punch|p2a: Jirachi\n|-damage|p2a: Jirachi|45\/100\n|-heal|p1a: Muk|64\/100|[from] drain|[of] p2a: Jirachi\n|\n|upkeep\n|turn|11\n|\n|t:|1699714692\n|switch|p1a: Moltres|Moltres|100\/100\n|move|p2a: Jirachi|Iron Head|p1a: Moltres\n|-resisted|p1a: Moltres\n|-damage|p1a: Moltres|84\/100\n|\n|upkeep\n|turn|12\n|\n|t:|1699714697\n|move|p2a: Jirachi|Stored Power|p1a: Moltres\n|-damage|p1a: Moltres|0 fnt\n|faint|p1a: Moltres\n|\n|upkeep\n|\n|t:|1699714700\n|switch|p1a: Basculegion|Basculegion-F, F|100\/100\n|turn|13\n|\n|t:|1699714705\n|-terastallize|p1a: Basculegion|Water\n|move|p2a: Jirachi|Stored Power|p1a: Basculegion\n|-damage|p1a: Basculegion|7\/100\n|move|p1a: Basculegion|Surf|p2a: Jirachi\n|-damage|p2a: Jirachi|9\/100\n|\n|upkeep\n|turn|14\n|\n|t:|1699714715\n|move|p2a: Jirachi|Thunderbolt|p1a: Basculegion\n|-supereffective|p1a: Basculegion\n|-damage|p1a: Basculegion|0 fnt\n|faint|p1a: Basculegion\n|\n|upkeep\n|\n|t:|1699714717\n|switch|p1a: Lopunny|Lopunny-Mega, M|100\/100\n|turn|15\n|\n|t:|1699714721\n|move|p1a: Lopunny|Fake Out|p2a: Jirachi\n|-resisted|p2a: Jirachi\n|-damage|p2a: Jirachi|1\/100\n|cant|p2a: Jirachi|flinch\n|\n|upkeep\n|turn|16\n|\n|t:|1699714729\n|switch|p1a: Muk|Muk-Alola, F|64\/100\n|move|p2a: Jirachi|Stored Power|p1a: Muk\n|-immune|p1a: Muk\n|\n|upkeep\n|turn|17\n|\n|t:|1699714734\n|move|p2a: Jirachi|Iron Head|p1a: Muk\n|-damage|p1a: Muk|20\/100\n|move|p1a: Muk|Drain Punch|p2a: Jirachi\n|-damage|p2a: Jirachi|0 fnt\n|-heal|p1a: Muk|20\/100|[from] drain|[of] p2a: Jirachi\n|faint|p2a: Jirachi\n|\n|upkeep\n|\n|t:|1699714741\n|switch|p2a: Great Tusk|Great Tusk, shiny|100\/100\n|turn|18\n|\n|t:|1699714744\n|move|p2a: Great Tusk|Headlong Rush|p1a: Muk\n|-supereffective|p1a: Muk\n|-damage|p1a: Muk|0 fnt\n|-unboost|p2a: Great Tusk|def|1\n|-unboost|p2a: Great Tusk|spd|1\n|faint|p1a: Muk\n|\n|upkeep\n|\n|t:|1699714746\n|switch|p1a: Lopunny|Lopunny-Mega, M|100\/100\n|turn|19\n|\n|t:|1699714749\n|-end|p2a: Great Tusk|Protosynthesis|[silent]\n|switch|p2a: Grimmsnarl|Grimmsnarl, M, shiny|100\/100\n|move|p1a: Lopunny|Fake Out|p2a: Grimmsnarl\n|-damage|p2a: Grimmsnarl|78\/100\n|\n|upkeep\n|turn|20\n|\n|t:|1699714753\n|move|p2a: Grimmsnarl|Reflect|p2a: Grimmsnarl\n|-sidestart|p2: mr Deuzp|Reflect\n|move|p1a: Lopunny|Return|p2a: Grimmsnarl\n|-damage|p2a: Grimmsnarl|47\/100\n|\n|upkeep\n|turn|21\n|\n|t:|1699714761\n|move|p1a: Lopunny|Drain Punch|p2a: Grimmsnarl\n|-damage|p2a: Grimmsnarl|26\/100\n|move|p2a: Grimmsnarl|Spirit Break|p1a: Lopunny\n|-supereffective|p1a: Lopunny\n|-damage|p1a: Lopunny|16\/100\n|-unboost|p1a: Lopunny|spa|1\n|\n|upkeep\n|turn|22\n|\n|t:|1699714768\n|move|p2a: Grimmsnarl|Parting Shot|p1a: Lopunny\n|-unboost|p1a: Lopunny|atk|1\n|-unboost|p1a: Lopunny|spa|1\n|\n|t:|1699714771\n|switch|p2a: Great Tusk|Great Tusk, shiny|100\/100|[from] Parting Shot\n|move|p1a: Lopunny|Return|p2a: Great Tusk\n|-damage|p2a: Great Tusk|87\/100\n|\n|upkeep\n|turn|23\n|\n|t:|1699714780\n|-terastallize|p2a: Great Tusk|Ground\n|move|p1a: Lopunny|Triple Axel|p2a: Great Tusk\n|-supereffective|p2a: Great Tusk\n|-damage|p2a: Great Tusk|83\/100\n|-supereffective|p2a: Great Tusk\n|-damage|p2a: Great Tusk|76\/100\n|-supereffective|p2a: Great Tusk\n|-damage|p2a: Great Tusk|67\/100\n|-hitcount|p2a: Great Tusk|3\n|move|p2a: Great Tusk|Headlong Rush|p1a: Lopunny\n|-damage|p1a: Lopunny|0 fnt\n|-unboost|p2a: Great Tusk|def|1\n|-unboost|p2a: Great Tusk|spd|1\n|faint|p1a: Lopunny\n|\n|win|mr Deuzp\n|raw|Rwbyred's rating: 1339 &rarr; <strong>1316<\/strong><br \/>(-23 for losing)\n|raw|mr Deuzp's rating: 1280 &rarr; <strong>1309<\/strong><br \/>(+29 for winning)\n|l|\u2606Rwbyred\n","uploadtime":1699714794,"views":5,"p1id":"rwbyred","p2id":"mrdeuzp","formatid":"gen9nationaldex","rating":1309,"private":0,"password":""}