{"id":"gen9nationaldex-1998027897","p1":"solshines","p2":"QueenLilith<3","format":"[Gen 9] National Dex","log":"|html|<div class=\"broadcast-blue\"><strong>[Gen 9] National Dex is currently suspecting Sneasler! For information on how to participate check out the <a href=\"https:\/\/www.smogon.com\/forums\/threads\/sv-national-dex-suspect-8-just-dance.3731534\/\">suspect thread<\/a>.<\/strong><\/div>\n|j|\u2606solshines\n|j|\u2606QueenLilith<3\n|t:|1700880830\n|gametype|singles\n|player|p1|solshines|102|1006\n|player|p2|QueenLilith<3|youngcouple-gen4dp|1022\n|teamsize|p1|6\n|teamsize|p2|6\n|gen|9\n|tier|[Gen 9] National Dex\n|rated|\n|rule|HP Percentage Mod: HP is shown in percentages\n|rule|Endless Battle Clause: Forcing endless battles is banned\n|rule|OHKO Clause: OHKO moves are banned\n|rule|Evasion Clause: Evasion abilities, items, and moves are banned\n|rule|Evasion Abilities Clause: Evasion abilities are banned\n|rule|Evasion Items Clause: Evasion items are banned\n|rule|Evasion Moves Clause: Evasion moves are banned\n|rule|Species Clause: Limit one of each Pok\u00e9mon\n|rule|Sleep Clause Mod: Limit one foe put to sleep\n|clearpoke\n|poke|p1|Arcanine, M|\n|poke|p1|Snorlax, F|\n|poke|p1|Bulbasaur, M|\n|poke|p1|Ampharos, F|\n|poke|p1|Urshifu-*, F|\n|poke|p1|Aegislash, M|\n|poke|p2|Nihilego|\n|poke|p2|Tyranitar, M|\n|poke|p2|Kleavor, M|\n|poke|p2|Aerodactyl, F|\n|poke|p2|Ogerpon-Cornerstone, F|\n|poke|p2|Golem-Alola, F|\n|teampreview\n|inactive|Battle timer is ON: inactive players will automatically lose when time's up. (requested by QueenLilith<3)\n|\n|t:|1700880846\n|start\n|switch|p1a: Urshifu|Urshifu-Rapid-Strike, F|100\/100\n|switch|p2a: Tree cutter|Kleavor, M|100\/100\n|turn|1\n|inactive|QueenLilith<3 has 120 seconds left.\n|\n|t:|1700880885\n|-terastallize|p2a: Tree cutter|Bug\n|move|p1a: Urshifu|Surging Strikes|p2a: Tree cutter\n|-crit|p2a: Tree cutter\n|-damage|p2a: Tree cutter|74\/100\n|-crit|p2a: Tree cutter\n|-damage|p2a: Tree cutter|48\/100\n|-crit|p2a: Tree cutter\n|-damage|p2a: Tree cutter|21\/100\n|-hitcount|p2a: Tree cutter|3\n|move|p2a: Tree cutter|Agility|p2a: Tree cutter\n|-boost|p2a: Tree cutter|spe|2\n|\n|upkeep\n|turn|2\n|inactive|QueenLilith<3 has 120 seconds left.\n|\n|t:|1700880896\n|move|p1a: Urshifu|Aqua Jet|p2a: Tree cutter\n|-damage|p2a: Tree cutter|0 fnt\n|faint|p2a: Tree cutter\n|\n|upkeep\n|inactive|QueenLilith<3 has 120 seconds left.\n|\n|t:|1700880903\n|switch|p2a: Soap like Fr Fr|Ogerpon-Cornerstone, F|100\/100\n|turn|3\n|\n|t:|1700880913\n|-terastallize|p1a: Urshifu|Fighting\n|move|p2a: Soap like Fr Fr|Swords Dance|p2a: Soap like Fr Fr\n|-boost|p2a: Soap like Fr Fr|atk|2\n|move|p1a: Urshifu|Counter||[still]\n|-fail|p1a: Urshifu\n|\n|upkeep\n|turn|4\n|\n|t:|1700880925\n|move|p2a: Soap like Fr Fr|Play Rough|p1a: Urshifu\n|-supereffective|p1a: Urshifu\n|-damage|p1a: Urshifu|0 fnt\n|faint|p1a: Urshifu\n|\n|upkeep\n|\n|t:|1700880930\n|switch|p1a: Arcanine|Arcanine, M|100\/100\n|-ability|p1a: Arcanine|Intimidate|boost\n|-unboost|p2a: Soap like Fr Fr|atk|1\n|turn|5\n|\n|t:|1700880939\n|move|p2a: Soap like Fr Fr|Swords Dance|p2a: Soap like Fr Fr\n|-boost|p2a: Soap like Fr Fr|atk|2\n|move|p1a: Arcanine|Flare Blitz|p2a: Soap like Fr Fr\n|-damage|p2a: Soap like Fr Fr|26\/100\n|-damage|p1a: Arcanine|77\/100|[from] Recoil\n|\n|-heal|p1a: Arcanine|84\/100|[from] item: Leftovers\n|upkeep\n|turn|6\n|\n|t:|1700880950\n|move|p1a: Arcanine|Extreme Speed|p2a: Soap like Fr Fr\n|-resisted|p2a: Soap like Fr Fr\n|-damage|p2a: Soap like Fr Fr|9\/100\n|move|p2a: Soap like Fr Fr|Ivy Cudgel|p1a: Arcanine|[anim] Ivy Cudgel Rock\n|-supereffective|p1a: Arcanine\n|-damage|p1a: Arcanine|0 fnt\n|faint|p1a: Arcanine\n|\n|upkeep\n|\n|t:|1700880958\n|switch|p1a: Bulbasaur|Bulbasaur, M|100\/100\n|turn|7\n|\n|t:|1700880962\n|move|p2a: Soap like Fr Fr|Stomping Tantrum|p1a: Bulbasaur\n|-enditem|p1a: Bulbasaur|Focus Sash\n|-damage|p1a: Bulbasaur|1\/100\n|move|p1a: Bulbasaur|Giga Drain|p2a: Soap like Fr Fr\n|-damage|p2a: Soap like Fr Fr|0 fnt\n|-heal|p1a: Bulbasaur|7\/100|[from] drain|[of] p2a: Soap like Fr Fr\n|faint|p2a: Soap like Fr Fr\n|\n|upkeep\n|\n|t:|1700880967\n|switch|p2a: Pure Strength|Nihilego, shiny|100\/100\n|turn|8\n|\n|t:|1700880979\n|move|p2a: Pure Strength|Psychic|p1a: Bulbasaur\n|-supereffective|p1a: Bulbasaur\n|-damage|p1a: Bulbasaur|0 fnt\n|faint|p1a: Bulbasaur\n|-ability|p2a: Pure Strength|Beast Boost|boost\n|-boost|p2a: Pure Strength|spa|1\n|\n|upkeep\n|\n|t:|1700880986\n|switch|p1a: Snorlax|Snorlax, F|100\/100\n|turn|9\n|\n|t:|1700880990\n|move|p2a: Pure Strength|Psychic|p1a: Snorlax\n|-damage|p1a: Snorlax|78\/100\n|move|p1a: Snorlax|Belly Drum|p1a: Snorlax\n|-damage|p1a: Snorlax|28\/100\n|-setboost|p1a: Snorlax|atk|6|[from] move: Belly Drum\n|\n|upkeep\n|turn|10\n|\n|t:|1700880996\n|move|p2a: Pure Strength|Psychic|p1a: Snorlax\n|-damage|p1a: Snorlax|3\/100\n|move|p1a: Snorlax|Rest|p1a: Snorlax\n|-status|p1a: Snorlax|slp|[from] move: Rest\n|-heal|p1a: Snorlax|100\/100 slp|[silent]\n|\n|upkeep\n|turn|11\n|\n|t:|1700881006\n|switch|p2a: Strength 10000|Golem-Alola, F|100\/100\n|cant|p1a: Snorlax|slp\n|\n|upkeep\n|turn|12\n|\n|t:|1700881014\n|cant|p1a: Snorlax|slp\n|move|p2a: Strength 10000|Body Press|p1a: Snorlax\n|-supereffective|p1a: Snorlax\n|-damage|p1a: Snorlax|29\/100 slp\n|\n|upkeep\n|turn|13\n|\n|t:|1700881019\n|-curestatus|p1a: Snorlax|slp|[msg]\n|move|p1a: Snorlax|Earthquake|p2a: Strength 10000\n|-supereffective|p2a: Strength 10000\n|-damage|p2a: Strength 10000|0 fnt\n|faint|p2a: Strength 10000\n|\n|upkeep\n|\n|t:|1700881026\n|switch|p2a: Ancient Bird|Aerodactyl, F|100\/100\n|turn|14\n|\n|t:|1700881040\n|detailschange|p2a: Ancient Bird|Aerodactyl-Mega, F\n|-mega|p2a: Ancient Bird|Aerodactyl|Aerodactylite\n|move|p2a: Ancient Bird|Dragon Dance|p2a: Ancient Bird\n|-boost|p2a: Ancient Bird|atk|1\n|-boost|p2a: Ancient Bird|spe|1\n|move|p1a: Snorlax|Rest|p1a: Snorlax\n|-status|p1a: Snorlax|slp|[from] move: Rest\n|-heal|p1a: Snorlax|100\/100 slp|[silent]\n|\n|upkeep\n|turn|15\n|\n|t:|1700881048\n|move|p2a: Ancient Bird|Dragon Dance|p2a: Ancient Bird\n|-boost|p2a: Ancient Bird|atk|1\n|-boost|p2a: Ancient Bird|spe|1\n|cant|p1a: Snorlax|slp\n|\n|upkeep\n|turn|16\n|\n|t:|1700881053\n|move|p2a: Ancient Bird|Dragon Dance|p2a: Ancient Bird\n|-boost|p2a: Ancient Bird|atk|1\n|-boost|p2a: Ancient Bird|spe|1\n|cant|p1a: Snorlax|slp\n|\n|upkeep\n|turn|17\n|\n|t:|1700881059\n|move|p2a: Ancient Bird|Fly||[still]\n|-prepare|p2a: Ancient Bird|Fly\n|-curestatus|p1a: Snorlax|slp|[msg]\n|move|p1a: Snorlax|Body Slam|p2a: Ancient Bird|[miss]\n|-miss|p1a: Snorlax|p2a: Ancient Bird\n|\n|upkeep\n|turn|18\n|\n|t:|1700881065\n|move|p2a: Ancient Bird|Fly|p1a: Snorlax|[from]lockedmove\n|-damage|p1a: Snorlax|0 fnt\n|faint|p1a: Snorlax\n|\n|upkeep\n|\n|t:|1700881091\n|switch|p1a: Ampharos|Ampharos, F|100\/100\n|turn|19\n|\n|t:|1700881097\n|detailschange|p1a: Ampharos|Ampharos-Mega, F\n|-mega|p1a: Ampharos|Ampharos|Ampharosite\n|-ability|p1a: Ampharos|Mold Breaker\n|move|p2a: Ancient Bird|Ice Fang|p1a: Ampharos\n|-supereffective|p1a: Ampharos\n|-damage|p1a: Ampharos|0 fnt\n|faint|p1a: Ampharos\n|\n|upkeep\n|\n|t:|1700881103\n|switch|p1a: Aegislash|Aegislash, M|100\/100\n|turn|20\n|\n|t:|1700881110\n|move|p2a: Ancient Bird|Ice Fang|p1a: Aegislash\n|-resisted|p1a: Aegislash\n|-damage|p1a: Aegislash|69\/100\n|move|p1a: Aegislash|Substitute|p1a: Aegislash\n|-start|p1a: Aegislash|Substitute\n|-damage|p1a: Aegislash|44\/100\n|\n|upkeep\n|turn|21\n|\n|t:|1700881128\n|move|p2a: Ancient Bird|Ice Fang|p1a: Aegislash\n|-resisted|p1a: Aegislash\n|-end|p1a: Aegislash|Substitute\n|move|p1a: Aegislash|Swords Dance|p1a: Aegislash\n|-boost|p1a: Aegislash|atk|2\n|\n|upkeep\n|turn|22\n|\n|t:|1700881141\n|move|p2a: Ancient Bird|Ice Fang|p1a: Aegislash|[miss]\n|-miss|p2a: Ancient Bird|p1a: Aegislash\n|-formechange|p1a: Aegislash|Aegislash-Blade||[from] ability: Stance Change\n|move|p1a: Aegislash|Gyro Ball|p2a: Ancient Bird\n|-supereffective|p2a: Ancient Bird\n|-damage|p2a: Ancient Bird|0 fnt\n|faint|p2a: Ancient Bird\n|\n|upkeep\n|\n|t:|1700881152\n|switch|p2a: Pure Strength|Nihilego, shiny|100\/100\n|turn|23\n|\n|t:|1700881168\n|move|p2a: Pure Strength|Thunderbolt|p1a: Aegislash\n|-damage|p1a: Aegislash|3\/100\n|move|p1a: Aegislash|Gyro Ball|p2a: Pure Strength\n|-supereffective|p2a: Pure Strength\n|-damage|p2a: Pure Strength|0 fnt\n|faint|p2a: Pure Strength\n|\n|upkeep\n|\n|t:|1700881175\n|switch|p2a: Tank 101|Tyranitar, M|100\/100\n|-weather|Sandstorm|[from] ability: Sand Stream|[of] p2a: Tank 101\n|turn|24\n|\n|t:|1700881194\n|move|p2a: Tank 101|Earthquake|p1a: Aegislash\n|-supereffective|p1a: Aegislash\n|-damage|p1a: Aegislash|0 fnt\n|faint|p1a: Aegislash\n|\n|win|QueenLilith<3\n|raw|solshines's rating: 1006 &rarr; <strong>1000<\/strong><br \/>(-6 for losing)\n|raw|QueenLilith&lt;3's rating: 1022 &rarr; <strong>1057<\/strong><br \/>(+35 for winning)\n|c|\u2606solshines|damn\n|c|\u2606solshines|gg\n|c|\u2606QueenLilith<3|Gg\n","uploadtime":1700881216,"views":1,"p1id":"solshines","p2id":"queenlilith3","formatid":"gen9nationaldex","rating":1000,"private":0,"password":""}