{"id":"gen9nationaldex-1992995900","p1":"PyroGaleZX","p2":"HeirEhm","format":"[Gen 9] National Dex","log":"|j|\u2606PyroGaleZX\n|j|\u2606HeirEhm\n|t:|1700253803\n|gametype|singles\n|player|p1|PyroGaleZX|grusha|\n|player|p2|HeirEhm|cynthia-gen7|\n|teamsize|p1|6\n|teamsize|p2|6\n|gen|9\n|tier|[Gen 9] National Dex\n|rule|HP Percentage Mod: HP is shown in percentages\n|rule|Endless Battle Clause: Forcing endless battles is banned\n|rule|OHKO Clause: OHKO moves are banned\n|rule|Evasion Clause: Evasion abilities, items, and moves are banned\n|rule|Evasion Abilities Clause: Evasion abilities are banned\n|rule|Evasion Items Clause: Evasion items are banned\n|rule|Evasion Moves Clause: Evasion moves are banned\n|rule|Species Clause: Limit one of each Pok\u00e9mon\n|rule|Sleep Clause Mod: Limit one foe put to sleep\n|clearpoke\n|poke|p1|Enamorus-Therian, F|\n|poke|p1|Arcanine, F|\n|poke|p1|Spiritomb, M|\n|poke|p1|Pawmo, F|\n|poke|p1|Articuno-Galar|\n|poke|p1|Dragonite, F|\n|poke|p2|Clodsire, F|\n|poke|p2|Ceruledge, M|\n|poke|p2|Klefki, F|\n|poke|p2|Orthworm, F|\n|poke|p2|Chansey, F|\n|poke|p2|Murkrow, F|\n|teampreview\n|\n|t:|1700253809\n|start\n|switch|p1a: Articuno|Articuno-Galar|100\/100\n|switch|p2a: Rowkrum|Murkrow, F|100\/100\n|turn|1\n|\n|t:|1700253817\n|switch|p1a: Pawmo|Pawmo, F|100\/100\n|move|p2a: Rowkrum|Sky Attack||[still]\n|-prepare|p2a: Rowkrum|Sky Attack\n|\n|upkeep\n|turn|2\n|j| Jam20Jam\n|\n|t:|1700253823\n|move|p2a: Rowkrum|Sky Attack|p1a: Pawmo|[from]lockedmove\n|-crit|p1a: Pawmo\n|-damage|p1a: Pawmo|0 fnt\n|faint|p1a: Pawmo\n|\n|upkeep\n|\n|t:|1700253827\n|switch|p1a: Enamorus|Enamorus-Therian, F|100\/100\n|turn|3\n|\n|t:|1700253833\n|-terastallize|p2a: Rowkrum|Flying\n|move|p2a: Rowkrum|Sky Attack||[still]\n|-prepare|p2a: Rowkrum|Sky Attack\n|move|p1a: Enamorus|Iron Defense|p1a: Enamorus\n|-boost|p1a: Enamorus|def|2\n|\n|upkeep\n|turn|4\n|\n|t:|1700253841\n|move|p2a: Rowkrum|Sky Attack|p1a: Enamorus|[from]lockedmove|[miss]\n|-miss|p2a: Rowkrum|p1a: Enamorus\n|move|p1a: Enamorus|Draining Kiss|p2a: Rowkrum\n|-damage|p2a: Rowkrum|20\/100\n|\n|upkeep\n|turn|5\n|\n|t:|1700253846\n|move|p2a: Rowkrum|Sky Attack||[still]\n|-prepare|p2a: Rowkrum|Sky Attack\n|move|p1a: Enamorus|Calm Mind|p1a: Enamorus\n|-boost|p1a: Enamorus|spa|1\n|-boost|p1a: Enamorus|spd|1\n|\n|upkeep\n|turn|6\n|\n|t:|1700253851\n|move|p2a: Rowkrum|Sky Attack|p1a: Enamorus|[from]lockedmove\n|-crit|p1a: Enamorus\n|-damage|p1a: Enamorus|0 fnt\n|faint|p1a: Enamorus\n|\n|upkeep\n|\n|t:|1700253857\n|switch|p1a: Arcanine|Arcanine, F|100\/100\n|-ability|p1a: Arcanine|Intimidate|boost\n|-unboost|p2a: Rowkrum|atk|1\n|turn|7\n|\n|t:|1700253900\n|switch|p2a: Jingle Jingle|Klefki, F|100\/100\n|move|p1a: Arcanine|Flare Blitz|p2a: Jingle Jingle\n|-supereffective|p2a: Jingle Jingle\n|-damage|p2a: Jingle Jingle|9\/100\n|-damage|p1a: Arcanine|71\/100|[from] Recoil\n|\n|upkeep\n|turn|8\n|\n|t:|1700253908\n|move|p2a: Jingle Jingle|Spikes|p1a: Arcanine\n|-sidestart|p1: PyroGaleZX|Spikes\n|move|p1a: Arcanine|Flare Blitz|p2a: Jingle Jingle\n|-supereffective|p2a: Jingle Jingle\n|-damage|p2a: Jingle Jingle|0 fnt\n|faint|p2a: Jingle Jingle\n|-damage|p1a: Arcanine|68\/100|[from] Recoil\n|\n|upkeep\n|\n|t:|1700253917\n|switch|p2a: Wambulance|Chansey, F|100\/100\n|turn|9\n|\n|t:|1700253924\n|move|p1a: Arcanine|Flare Blitz|p2a: Wambulance\n|-damage|p2a: Wambulance|43\/100\n|-damage|p1a: Arcanine|30\/100|[from] Recoil\n|move|p2a: Wambulance|Water Pulse|p1a: Arcanine\n|-supereffective|p1a: Arcanine\n|-damage|p1a: Arcanine|8\/100\n|\n|upkeep\n|turn|10\n|\n|t:|1700253945\n|move|p1a: Arcanine|Flare Blitz|p2a: Wambulance\n|-damage|p2a: Wambulance|0 fnt\n|faint|p2a: Wambulance\n|-damage|p1a: Arcanine|0 fnt|[from] Recoil\n|faint|p1a: Arcanine\n|\n|upkeep\n|\n|t:|1700253962\n|switch|p1a: Articuno|Articuno-Galar|100\/100\n|switch|p2a: Rowkrum|Murkrow, F, tera:Flying|20\/100\n|turn|11\n|\n|t:|1700253970\n|switch|p1a: Spiritomb|Spiritomb, M, shiny|100\/100\n|-damage|p1a: Spiritomb|88\/100|[from] Spikes\n|-ability|p1a: Spiritomb|Pressure\n|move|p2a: Rowkrum|Sky Attack||[still]\n|-prepare|p2a: Rowkrum|Sky Attack\n|\n|upkeep\n|turn|12\n|\n|t:|1700253988\n|move|p2a: Rowkrum|Sky Attack|p1a: Spiritomb|[from]lockedmove\n|-crit|p1a: Spiritomb\n|-damage|p1a: Spiritomb|0 fnt\n|faint|p1a: Spiritomb\n|\n|upkeep\n|\n|t:|1700253995\n|switch|p1a: Dragonite|Dragonite, F|100\/100\n|turn|13\n|\n|t:|1700254010\n|move|p2a: Rowkrum|Sky Attack||[still]\n|-prepare|p2a: Rowkrum|Sky Attack\n|move|p1a: Dragonite|Dragon Dance|p1a: Dragonite\n|-boost|p1a: Dragonite|atk|1\n|-boost|p1a: Dragonite|spe|1\n|\n|upkeep\n|turn|14\n|\n|t:|1700254018\n|-terastallize|p1a: Dragonite|Normal\n|move|p1a: Dragonite|Extreme Speed|p2a: Rowkrum\n|-damage|p2a: Rowkrum|0 fnt\n|faint|p2a: Rowkrum\n|\n|upkeep\n|\n|t:|1700254045\n|switch|p2a: GirthWorm|Orthworm, F|100\/100\n|turn|15\n|\n|t:|1700254056\n|move|p1a: Dragonite|Extreme Speed|p2a: GirthWorm\n|-resisted|p2a: GirthWorm\n|-damage|p2a: GirthWorm|76\/100\n|move|p2a: GirthWorm|Facade|p1a: Dragonite\n|-damage|p1a: Dragonite|90\/100\n|\n|-status|p2a: GirthWorm|brn|[from] item: Flame Orb\n|upkeep\n|turn|16\n|\n|t:|1700254067\n|switch|p2a: SWORDSFORHANDS|Ceruledge, M|100\/100\n|move|p1a: Dragonite|Extreme Speed|p2a: SWORDSFORHANDS\n|-immune|p2a: SWORDSFORHANDS\n|\n|upkeep\n|turn|17\n|\n|t:|1700254077\n|switch|p2a: GirthWorm|Orthworm, F|76\/100 brn\n|move|p1a: Dragonite|Scale Shot|p2a: GirthWorm\n|-resisted|p2a: GirthWorm\n|-damage|p2a: GirthWorm|67\/100 brn\n|-resisted|p2a: GirthWorm\n|-damage|p2a: GirthWorm|59\/100 brn\n|-resisted|p2a: GirthWorm\n|-damage|p2a: GirthWorm|51\/100 brn\n|-resisted|p2a: GirthWorm\n|-damage|p2a: GirthWorm|42\/100 brn\n|-resisted|p2a: GirthWorm\n|-damage|p2a: GirthWorm|33\/100 brn\n|-hitcount|p2a: GirthWorm|5\n|-unboost|p1a: Dragonite|def|1\n|-boost|p1a: Dragonite|spe|1\n|\n|-damage|p2a: GirthWorm|27\/100 brn|[from] brn\n|upkeep\n|turn|18\n|\n|t:|1700254091\n|move|p1a: Dragonite|Scale Shot|p2a: GirthWorm\n|-resisted|p2a: GirthWorm\n|-damage|p2a: GirthWorm|19\/100 brn\n|-resisted|p2a: GirthWorm\n|-damage|p2a: GirthWorm|11\/100 brn\n|-resisted|p2a: GirthWorm\n|-damage|p2a: GirthWorm|2\/100 brn\n|-resisted|p2a: GirthWorm\n|-damage|p2a: GirthWorm|0 fnt\n|faint|p2a: GirthWorm\n|-hitcount|p2: GirthWorm|4\n|-unboost|p1a: Dragonite|def|1\n|-boost|p1a: Dragonite|spe|1\n|\n|upkeep\n|\n|t:|1700254110\n|switch|p2a: Angy Boi|Clodsire, F|100\/100\n|turn|19\n|\n|t:|1700254115\n|move|p1a: Dragonite|Earthquake|p2a: Angy Boi\n|-supereffective|p2a: Angy Boi\n|-damage|p2a: Angy Boi|11\/100\n|move|p2a: Angy Boi|Earthquake|p1a: Dragonite\n|-damage|p1a: Dragonite|43\/100\n|\n|upkeep\n|turn|20\n|\n|t:|1700254125\n|move|p1a: Dragonite|Scale Shot|p2a: Angy Boi\n|-damage|p2a: Angy Boi|0 fnt\n|faint|p2a: Angy Boi\n|-hitcount|p2: Angy Boi|1\n|-unboost|p1a: Dragonite|def|1\n|-boost|p1a: Dragonite|spe|1\n|\n|upkeep\n|\n|t:|1700254127\n|switch|p2a: SWORDSFORHANDS|Ceruledge, M|100\/100\n|turn|21\n|\n|t:|1700254146\n|move|p1a: Dragonite|Earthquake|p2a: SWORDSFORHANDS\n|-supereffective|p2a: SWORDSFORHANDS\n|-damage|p2a: SWORDSFORHANDS|0 fnt\n|faint|p2a: SWORDSFORHANDS\n|\n|win|PyroGaleZX\n","uploadtime":1700254152,"views":6,"p1id":"pyrogalezx","p2id":"heirehm","formatid":"gen9nationaldex","rating":0,"private":0,"password":""}