{"id":"gen9nationaldex-1989506273","p1":"posummer","p2":"EVE09","format":"[Gen 9] National Dex","log":"|j|\u203dposummer\n|j|\u2606EVE09\n|t:|1699862319\n|gametype|singles\n|player|p1|posummer|102|1456\n|player|p2|EVE09|102|1360\n|teamsize|p1|6\n|teamsize|p2|6\n|gen|9\n|tier|[Gen 9] National Dex\n|rated|\n|rule|HP Percentage Mod: HP is shown in percentages\n|rule|Endless Battle Clause: Forcing endless battles is banned\n|rule|OHKO Clause: OHKO moves are banned\n|rule|Evasion Clause: Evasion abilities, items, and moves are banned\n|rule|Evasion Abilities Clause: Evasion abilities are banned\n|rule|Evasion Items Clause: Evasion items are banned\n|rule|Evasion Moves Clause: Evasion moves are banned\n|rule|Species Clause: Limit one of each Pok\u00e9mon\n|rule|Sleep Clause Mod: Limit one foe put to sleep\n|clearpoke\n|poke|p1|Gyarados, M|\n|poke|p1|Iron Treads|\n|poke|p1|Blaziken, F|\n|poke|p1|Celesteela|\n|poke|p1|Tapu Koko|\n|poke|p1|Iron Valiant|\n|poke|p2|Gengar, M|\n|poke|p2|Mimikyu, M|\n|poke|p2|Gliscor, M|\n|poke|p2|Heatran, F|\n|poke|p2|Porygon2|\n|poke|p2|Salamence, M|\n|teampreview\n|inactive|Battle timer is ON: inactive players will automatically lose when time's up. (requested by EVE09)\n|\n|t:|1699862344\n|start\n|switch|p1a: Tapu Koko|Tapu Koko|100\/100\n|switch|p2a: Porygon2|Porygon2|100\/100\n|-fieldstart|move: Electric Terrain|[from] ability: Electric Surge|[of] p1a: Tapu Koko\n|-ability|p2a: Porygon2|Download|boost\n|-boost|p2a: Porygon2|spa|1\n|turn|1\n|\n|t:|1699862355\n|move|p1a: Tapu Koko|Light Screen|p1a: Tapu Koko\n|-sidestart|p1: posummer|move: Light Screen\n|move|p2a: Porygon2|Ice Beam|p1a: Tapu Koko\n|-damage|p1a: Tapu Koko|82\/100\n|\n|upkeep\n|turn|2\n|\n|t:|1699862368\n|switch|p2a: Heatran|Heatran, F|100\/100\n|move|p1a: Tapu Koko|U-turn|p2a: Heatran\n|-resisted|p2a: Heatran\n|-damage|p2a: Heatran|97\/100\n|\n|t:|1699862378\n|switch|p1a: Gyarados|Gyarados, M, shiny|100\/100|[from] U-turn\n|-ability|p1a: Gyarados|Intimidate|boost\n|-unboost|p2a: Heatran|atk|1\n|\n|-heal|p2a: Heatran|100\/100|[from] item: Leftovers\n|upkeep\n|turn|3\n|\n|t:|1699862387\n|switch|p2a: Mimikyu|Mimikyu, M|100\/100\n|detailschange|p1a: Gyarados|Gyarados-Mega, M, shiny\n|-mega|p1a: Gyarados|Gyarados|Gyaradosite\n|-ability|p1a: Gyarados|Mold Breaker\n|move|p1a: Gyarados|Substitute|p1a: Gyarados\n|-start|p1a: Gyarados|Substitute\n|-damage|p1a: Gyarados|76\/100\n|\n|upkeep\n|turn|4\n|\n|t:|1699862396\n|move|p2a: Mimikyu|Play Rough|p1a: Gyarados\n|-supereffective|p1a: Gyarados\n|-end|p1a: Gyarados|Substitute\n|move|p1a: Gyarados|Dragon Dance|p1a: Gyarados\n|-boost|p1a: Gyarados|atk|1\n|-boost|p1a: Gyarados|spe|1\n|\n|upkeep\n|turn|5\n|\n|t:|1699862404\n|move|p1a: Gyarados|Crunch|p2a: Mimikyu\n|-damage|p2a: Mimikyu|0 fnt\n|faint|p2a: Mimikyu\n|\n|-fieldend|move: Electric Terrain\n|upkeep\n|\n|t:|1699862424\n|switch|p2a: Salamence|Salamence, M|100\/100\n|-ability|p2a: Salamence|Intimidate|boost\n|-unboost|p1a: Gyarados|atk|1\n|turn|6\n|\n|t:|1699862445\n|move|p1a: Gyarados|Crunch|p2a: Salamence\n|-damage|p2a: Salamence|53\/100\n|-unboost|p2a: Salamence|def|1\n|move|p2a: Salamence|Dragon Dance|p2a: Salamence\n|-boost|p2a: Salamence|atk|1\n|-boost|p2a: Salamence|spe|1\n|\n|upkeep\n|turn|7\n|\n|t:|1699862453\n|move|p2a: Salamence|Dragon Claw|p1a: Gyarados\n|-damage|p1a: Gyarados|20\/100\n|move|p1a: Gyarados|Crunch|p2a: Salamence\n|-crit|p2a: Salamence\n|-damage|p2a: Salamence|0 fnt\n|faint|p2a: Salamence\n|\n|upkeep\n|\n|t:|1699862464\n|switch|p2a: Porygon2|Porygon2|100\/100\n|-ability|p2a: Porygon2|Download|boost\n|-boost|p2a: Porygon2|atk|1\n|turn|8\n|\n|t:|1699862469\n|move|p1a: Gyarados|Crunch|p2a: Porygon2\n|-damage|p2a: Porygon2|76\/100\n|move|p2a: Porygon2|Thunderbolt|p1a: Gyarados\n|-supereffective|p1a: Gyarados\n|-damage|p1a: Gyarados|4\/100\n|\n|-sideend|p1: posummer|move: Light Screen\n|upkeep\n|turn|9\n|\n|t:|1699862478\n|move|p1a: Gyarados|Crunch|p2a: Porygon2\n|-damage|p2a: Porygon2|50\/100\n|move|p2a: Porygon2|Recover|p2a: Porygon2\n|-heal|p2a: Porygon2|100\/100\n|\n|upkeep\n|turn|10\n|\n|t:|1699862485\n|move|p1a: Gyarados|Crunch|p2a: Porygon2\n|-damage|p2a: Porygon2|75\/100\n|-unboost|p2a: Porygon2|def|1\n|move|p2a: Porygon2|Thunderbolt|p1a: Gyarados\n|-supereffective|p1a: Gyarados\n|-damage|p1a: Gyarados|0 fnt\n|faint|p1a: Gyarados\n|\n|upkeep\n|\n|t:|1699862499\n|switch|p1a: Blaziken|Blaziken, F|100\/100\n|turn|11\n|\n|t:|1699862511\n|switch|p2a: Gliscor|Gliscor, M|100\/100\n|move|p1a: Blaziken|Swords Dance|p1a: Blaziken\n|-boost|p1a: Blaziken|atk|2\n|\n|-ability|p1a: Blaziken|Speed Boost|boost\n|-boost|p1a: Blaziken|spe|1\n|-status|p2a: Gliscor|tox|[from] item: Toxic Orb\n|upkeep\n|turn|12\n|\n|t:|1699862522\n|move|p1a: Blaziken|Protect|p1a: Blaziken\n|-singleturn|p1a: Blaziken|Protect\n|move|p2a: Gliscor|Substitute|p2a: Gliscor\n|-start|p2a: Gliscor|Substitute\n|-damage|p2a: Gliscor|76\/100 tox\n|\n|-heal|p2a: Gliscor|88\/100 tox|[from] ability: Poison Heal\n|-ability|p1a: Blaziken|Speed Boost|boost\n|-boost|p1a: Blaziken|spe|1\n|upkeep\n|turn|13\n|\n|t:|1699862534\n|switch|p1a: Celesteela|Celesteela|100\/100\n|move|p2a: Gliscor|Protect||[still]\n|-fail|p2a: Gliscor\n|\n|-heal|p2a: Gliscor|100\/100 tox|[from] ability: Poison Heal\n|upkeep\n|turn|14\n|\n|t:|1699862552\n|switch|p2a: Heatran|Heatran, F|100\/100\n|move|p1a: Celesteela|Air Slash|p2a: Heatran\n|-resisted|p2a: Heatran\n|-damage|p2a: Heatran|88\/100\n|\n|-heal|p2a: Heatran|95\/100|[from] item: Leftovers\n|upkeep\n|turn|15\n|\n|t:|1699862561\n|switch|p1a: Tapu Koko|Tapu Koko|82\/100\n|-fieldstart|move: Electric Terrain|[from] ability: Electric Surge|[of] p1a: Tapu Koko\n|move|p2a: Heatran|Magma Storm|p1a: Tapu Koko\n|-damage|p1a: Tapu Koko|23\/100\n|-activate|p1a: Tapu Koko|move: Magma Storm|[of] p2a: Heatran\n|\n|-heal|p2a: Heatran|100\/100|[from] item: Leftovers\n|-damage|p1a: Tapu Koko|11\/100|[from] move: Magma Storm|[partiallytrapped]\n|upkeep\n|turn|16\n|\n|t:|1699862574\n|move|p1a: Tapu Koko|Light Screen|p1a: Tapu Koko\n|-sidestart|p1: posummer|move: Light Screen\n|move|p2a: Heatran|Earth Power|p1a: Tapu Koko\n|-supereffective|p1a: Tapu Koko\n|-damage|p1a: Tapu Koko|0 fnt\n|faint|p1a: Tapu Koko\n|\n|upkeep\n|\n|t:|1699862582\n|switch|p1a: Blaziken|Blaziken, F|100\/100\n|turn|17\n|\n|t:|1699862602\n|switch|p2a: Gliscor|Gliscor, M|100\/100 tox\n|move|p1a: Blaziken|Swords Dance|p1a: Blaziken\n|-boost|p1a: Blaziken|atk|2\n|\n|-ability|p1a: Blaziken|Speed Boost|boost\n|-boost|p1a: Blaziken|spe|1\n|upkeep\n|turn|18\n|\n|t:|1699862611\n|-terastallize|p2a: Gliscor|Water\n|move|p1a: Blaziken|Flare Blitz|p2a: Gliscor\n|-resisted|p2a: Gliscor\n|-damage|p2a: Gliscor|45\/100 tox\n|-damage|p1a: Blaziken|79\/100|[from] Recoil\n|move|p2a: Gliscor|Earthquake|p1a: Blaziken\n|-supereffective|p1a: Blaziken\n|-damage|p1a: Blaziken|0 fnt\n|faint|p1a: Blaziken\n|\n|-heal|p2a: Gliscor|57\/100 tox|[from] ability: Poison Heal\n|upkeep\n|\n|t:|1699862626\n|switch|p1a: Celesteela|Celesteela|100\/100\n|turn|19\n|\n|t:|1699862637\n|switch|p2a: Heatran|Heatran, F|100\/100\n|move|p1a: Celesteela|Meteor Beam||[still]\n|-prepare|p1a: Celesteela|Meteor Beam\n|-boost|p1a: Celesteela|spa|1\n|-enditem|p1a: Celesteela|Power Herb\n|-anim|p1a: Celesteela|Meteor Beam|p2a: Heatran\n|-damage|p2a: Heatran|63\/100\n|\n|-heal|p2a: Heatran|70\/100|[from] item: Leftovers\n|-fieldend|move: Electric Terrain\n|upkeep\n|turn|20\n|\n|t:|1699862651\n|-terastallize|p1a: Celesteela|Dragon\n|move|p2a: Heatran|Protect|p2a: Heatran\n|-singleturn|p2a: Heatran|Protect\n|move|p1a: Celesteela|Meteor Beam||[still]\n|-prepare|p1a: Celesteela|Meteor Beam\n|-boost|p1a: Celesteela|spa|1\n|\n|-heal|p2a: Heatran|76\/100|[from] item: Leftovers\n|upkeep\n|turn|21\n|inactive|EVE09 has 120 seconds left.\n|\n|t:|1699862686\n|move|p1a: Celesteela|Meteor Beam|p2a: Heatran|[from]lockedmove\n|-damage|p2a: Heatran|28\/100\n|move|p2a: Heatran|Magma Storm|p1a: Celesteela\n|-resisted|p1a: Celesteela\n|-damage|p1a: Celesteela|89\/100\n|-activate|p1a: Celesteela|move: Magma Storm|[of] p2a: Heatran\n|\n|-heal|p2a: Heatran|34\/100|[from] item: Leftovers\n|-damage|p1a: Celesteela|77\/100|[from] move: Magma Storm|[partiallytrapped]\n|upkeep\n|turn|22\n|\n|t:|1699862706\n|move|p1a: Celesteela|Air Slash|p2a: Heatran\n|-resisted|p2a: Heatran\n|-crit|p2a: Heatran\n|-damage|p2a: Heatran|0 fnt\n|faint|p2a: Heatran\n|-ability|p1a: Celesteela|Beast Boost|boost\n|-boost|p1a: Celesteela|spa|1\n|\n|-end|p1a: Celesteela|Magma Storm|[partiallytrapped]|[silent]\n|upkeep\n|inactive|EVE09 has 120 seconds left.\n|\n|t:|1699862722\n|switch|p2a: Porygon2|Porygon2|75\/100\n|-ability|p2a: Porygon2|Download|boost\n|-boost|p2a: Porygon2|spa|1\n|turn|23\n|\n|t:|1699862732\n|move|p1a: Celesteela|Air Slash|p2a: Porygon2\n|-damage|p2a: Porygon2|24\/100\n|move|p2a: Porygon2|Ice Beam|p1a: Celesteela\n|-supereffective|p1a: Celesteela\n|-damage|p1a: Celesteela|46\/100\n|\n|-sideend|p1: posummer|move: Light Screen\n|upkeep\n|turn|24\n|\n|t:|1699862741\n|move|p1a: Celesteela|Air Slash|p2a: Porygon2\n|-damage|p2a: Porygon2|0 fnt\n|faint|p2a: Porygon2\n|-ability|p1a: Celesteela|Beast Boost|boost\n|-boost|p1a: Celesteela|spa|1\n|\n|upkeep\n|\n|t:|1699862744\n|switch|p2a: Gengar|Gengar, M|100\/100\n|-item|p2a: Gengar|Air Balloon\n|turn|25\n|\n|t:|1699862751\n|move|p2a: Gengar|Sludge Wave|p1a: Celesteela\n|-damage|p1a: Celesteela|0 fnt\n|faint|p1a: Celesteela\n|\n|upkeep\n|\n|t:|1699862757\n|switch|p1a: Iron Valiant|Iron Valiant, shiny|100\/100\n|-enditem|p1a: Iron Valiant|Booster Energy\n|-activate|p1a: Iron Valiant|ability: Quark Drive|[fromitem]\n|-start|p1a: Iron Valiant|quarkdrivespe\n|turn|26\n|\n|t:|1699862764\n|move|p1a: Iron Valiant|Thunderbolt|p2a: Gengar\n|-damage|p2a: Gengar|55\/100\n|-start|p1a: Iron Valiant|Disable|Thunderbolt|[from] ability: Cursed Body|[of] p2a: Gengar\n|-enditem|p2a: Gengar|Air Balloon\n|move|p2a: Gengar|Sludge Wave|p1a: Iron Valiant\n|-supereffective|p1a: Iron Valiant\n|-damage|p1a: Iron Valiant|0 fnt\n|faint|p1a: Iron Valiant\n|-end|p1a: Iron Valiant|Quark Drive|[silent]\n|\n|upkeep\n|\n|t:|1699862774\n|switch|p1a: Iron Treads|Iron Treads|100\/100\n|turn|27\n|\n|t:|1699862783\n|move|p2a: Gengar|Perish Song|p2a: Gengar\n|-start|p1a: Iron Treads|perish3|[silent]\n|-start|p2a: Gengar|perish3|[silent]\n|-fieldactivate|move: Perish Song\n|move|p1a: Iron Treads|Earthquake|p2a: Gengar\n|-supereffective|p2a: Gengar\n|-damage|p2a: Gengar|0 fnt\n|faint|p2a: Gengar\n|\n|-start|p1a: Iron Treads|perish3\n|upkeep\n|\n|t:|1699862788\n|switch|p2a: Gliscor|Gliscor, M, tera:Water|57\/100 tox\n|turn|28\n|\n|t:|1699862798\n|move|p2a: Gliscor|Protect|p2a: Gliscor\n|-singleturn|p2a: Gliscor|Protect\n|move|p1a: Iron Treads|Earthquake|p2a: Gliscor\n|-activate|p2a: Gliscor|move: Protect\n|\n|-heal|p2a: Gliscor|69\/100 tox|[from] ability: Poison Heal\n|-start|p1a: Iron Treads|perish2\n|upkeep\n|turn|29\n|l|\u203dposummer\n|inactive|posummer disconnected and has a minute to reconnect!\n|player|p1|\n|inactive|posummer has 30 seconds to reconnect!\n|inactive|posummer has 20 seconds to reconnect!\n|inactive|posummer has 15 seconds to reconnect!\n|inactive|posummer has 10 seconds to reconnect!\n|inactive|posummer has 5 seconds to reconnect!\n|-message|posummer lost due to inactivity.\n|\n|win|EVE09\n|raw|posummer's rating: 1456 &rarr; <strong>1431<\/strong><br \/>(-25 for losing)\n|raw|EVE09's rating: 1360 &rarr; <strong>1385<\/strong><br \/>(+25 for winning)\n|l|\u2606EVE09\n|j|\u2606EVE09\n|player|p2|EVE09|102\n","uploadtime":1699862873,"views":4,"p1id":"posummer","p2id":"eve09","formatid":"gen9nationaldex","rating":1385,"private":0,"password":""}