{"id":"gen9nationaldex-1992116030","p1":"sngm1104s","p2":"Tometozrbad","format":"[Gen 9] National Dex","log":"|j|\u2606sngm1104s\n|j|\u2606Tometozrbad\n|t:|1700156405\n|gametype|singles\n|player|p1|sngm1104s|lady-gen4|1170\n|player|p2|Tometozrbad|2|1213\n|teamsize|p1|6\n|teamsize|p2|6\n|gen|9\n|tier|[Gen 9] National Dex\n|rated|\n|rule|HP Percentage Mod: HP is shown in percentages\n|rule|Endless Battle Clause: Forcing endless battles is banned\n|rule|OHKO Clause: OHKO moves are banned\n|rule|Evasion Clause: Evasion abilities, items, and moves are banned\n|rule|Evasion Abilities Clause: Evasion abilities are banned\n|rule|Evasion Items Clause: Evasion items are banned\n|rule|Evasion Moves Clause: Evasion moves are banned\n|rule|Species Clause: Limit one of each Pok\u00e9mon\n|rule|Sleep Clause Mod: Limit one foe put to sleep\n|clearpoke\n|poke|p1|Landorus-Therian, M|\n|poke|p1|Weavile, M|\n|poke|p1|Volcanion|\n|poke|p1|Zapdos|\n|poke|p1|Ursaluna, F|\n|poke|p1|Kartana|\n|poke|p2|Pawmot, M|\n|poke|p2|Corviknight, M|\n|poke|p2|Latios, M|\n|poke|p2|Alomomola, F|\n|poke|p2|Great Tusk|\n|poke|p2|Thundurus-Therian, M|\n|teampreview\n|inactive|Battle timer is ON: inactive players will automatically lose when time's up. (requested by sngm1104s)\n|\n|t:|1700156419\n|start\n|switch|p1a: Weavile|Weavile, M|100\/100\n|switch|p2a: Pawmot|Pawmot, M|100\/100\n|-ability|p1a: Weavile|Pressure\n|turn|1\n|\n|t:|1700156435\n|switch|p1a: Landorus|Landorus-Therian, M|100\/100\n|-ability|p1a: Landorus|Intimidate|boost\n|-unboost|p2a: Pawmot|atk|1\n|move|p2a: Pawmot|Mach Punch|p1a: Landorus\n|-resisted|p1a: Landorus\n|-damage|p1a: Landorus|89\/100\n|\n|-heal|p1a: Landorus|95\/100|[from] item: Leftovers\n|upkeep\n|turn|2\n|\n|t:|1700156444\n|switch|p2a: Latios|Latios, M|100\/100\n|move|p1a: Landorus|Stealth Rock|p2a: Latios\n|-sidestart|p2: Tometozrbad|move: Stealth Rock\n|\n|-heal|p1a: Landorus|100\/100|[from] item: Leftovers\n|upkeep\n|turn|3\n|\n|t:|1700156450\n|detailschange|p2a: Latios|Latios-Mega, M\n|-mega|p2a: Latios|Latios|Latiosite\n|move|p2a: Latios|Ice Beam|p1a: Landorus\n|-supereffective|p1a: Landorus\n|-damage|p1a: Landorus|0 fnt\n|faint|p1a: Landorus\n|\n|upkeep\n|\n|t:|1700156457\n|switch|p1a: Weavile|Weavile, M|100\/100\n|-ability|p1a: Weavile|Pressure\n|turn|4\n|\n|t:|1700156468\n|switch|p2a: Alomomola|Alomomola, F|100\/100\n|-damage|p2a: Alomomola|88\/100|[from] Stealth Rock\n|move|p1a: Weavile|Knock Off|p2a: Alomomola\n|-damage|p2a: Alomomola|53\/100\n|-damage|p1a: Weavile|84\/100|[from] item: Rocky Helmet|[of] p2a: Alomomola\n|-enditem|p2a: Alomomola|Rocky Helmet|[from] move: Knock Off|[of] p1a: Weavile\n|\n|upkeep\n|turn|5\n|\n|t:|1700156479\n|switch|p1a: Volcanion|Volcanion|100\/100\n|move|p2a: Alomomola|Flip Turn|p1a: Volcanion\n|-immune|p1a: Volcanion|[from] ability: Water Absorb\n|\n|upkeep\n|turn|6\n|\n|t:|1700156488\n|switch|p2a: Corviknight|Corviknight, M|100\/100\n|-damage|p2a: Corviknight|88\/100|[from] Stealth Rock\n|-ability|p2a: Corviknight|Pressure\n|move|p1a: Volcanion|Toxic|p2a: Corviknight\n|-immune|p2a: Corviknight\n|\n|upkeep\n|turn|7\n|\n|t:|1700156514\n|move|p1a: Volcanion|Flamethrower|p2a: Corviknight\n|-supereffective|p2a: Corviknight\n|-damage|p2a: Corviknight|38\/100\n|-status|p2a: Corviknight|brn\n|move|p2a: Corviknight|U-turn|p1a: Volcanion\n|-resisted|p1a: Volcanion\n|-crit|p1a: Volcanion\n|-damage|p1a: Volcanion|97\/100\n|\n|t:|1700156518\n|switch|p2a: Pawmot|Pawmot, M|100\/100|[from] U-turn\n|-damage|p2a: Pawmot|94\/100|[from] Stealth Rock\n|\n|upkeep\n|turn|8\n|\n|t:|1700156527\n|switch|p1a: Ursaluna|Ursaluna, F|100\/100\n|move|p2a: Pawmot|Close Combat|p1a: Ursaluna\n|-supereffective|p1a: Ursaluna\n|-damage|p1a: Ursaluna|0 fnt\n|-unboost|p2a: Pawmot|def|1\n|-unboost|p2a: Pawmot|spd|1\n|faint|p1a: Ursaluna\n|\n|upkeep\n|\n|t:|1700156533\n|switch|p1a: Weavile|Weavile, M|84\/100\n|-ability|p1a: Weavile|Pressure\n|turn|9\n|\n|t:|1700156539\n|switch|p2a: Alomomola|Alomomola, F|86\/100\n|-damage|p2a: Alomomola|74\/100|[from] Stealth Rock\n|move|p1a: Weavile|Knock Off|p2a: Alomomola\n|-damage|p2a: Alomomola|47\/100\n|\n|upkeep\n|turn|10\n|\n|t:|1700156557\n|switch|p1a: Volcanion|Volcanion|97\/100\n|move|p2a: Alomomola|Protect||[still]\n|-fail|p2a: Alomomola\n|\n|upkeep\n|turn|11\n|\n|t:|1700156567\n|move|p1a: Volcanion|Flamethrower|p2a: Alomomola\n|-resisted|p2a: Alomomola\n|-damage|p2a: Alomomola|24\/100\n|move|p2a: Alomomola|Wish|p2a: Alomomola\n|\n|upkeep\n|turn|12\n|\n|t:|1700156574\n|move|p2a: Alomomola|Protect|p2a: Alomomola\n|-singleturn|p2a: Alomomola|Protect\n|move|p1a: Volcanion|Steam Eruption|p2a: Alomomola\n|-activate|p2a: Alomomola|move: Protect\n|\n|-heal|p2a: Alomomola|74\/100|[from] move: Wish|[wisher] Alomomola\n|upkeep\n|turn|13\n|\n|t:|1700156588\n|switch|p2a: Thundurus|Thundurus-Therian, M|100\/100\n|-damage|p2a: Thundurus|76\/100|[from] Stealth Rock\n|move|p1a: Volcanion|Toxic|p2a: Thundurus\n|-status|p2a: Thundurus|tox\n|\n|-damage|p2a: Thundurus|70\/100 tox|[from] psn\n|upkeep\n|turn|14\n|\n|t:|1700156604\n|-terastallize|p1a: Volcanion|Fairy\n|move|p2a: Thundurus|Volt Switch|p1a: Volcanion\n|-damage|p1a: Volcanion|47\/100\n|-damage|p2a: Thundurus|60\/100 tox|[from] item: Life Orb\n|\n|t:|1700156619\n|switch|p2a: Latios|Latios-Mega, M|100\/100|[from] Volt Switch\n|-damage|p2a: Latios|88\/100|[from] Stealth Rock\n|move|p1a: Volcanion|Steam Eruption|p2a: Latios\n|-resisted|p2a: Latios\n|-damage|p2a: Latios|66\/100\n|\n|upkeep\n|turn|15\n|\n|t:|1700156626\n|move|p2a: Latios|Calm Mind|p2a: Latios\n|-boost|p2a: Latios|spa|1\n|-boost|p2a: Latios|spd|1\n|move|p1a: Volcanion|Toxic|p2a: Latios\n|-status|p2a: Latios|tox\n|\n|-damage|p2a: Latios|60\/100 tox|[from] psn\n|upkeep\n|turn|16\n|\n|t:|1700156634\n|move|p2a: Latios|Ice Beam|p1a: Volcanion\n|-damage|p1a: Volcanion|0 fnt\n|faint|p1a: Volcanion\n|\n|-damage|p2a: Latios|48\/100 tox|[from] psn\n|upkeep\n|\n|t:|1700156637\n|switch|p1a: Weavile|Weavile, M|84\/100\n|-ability|p1a: Weavile|Pressure\n|turn|17\n|\n|t:|1700156654\n|move|p1a: Weavile|Knock Off|p2a: Latios\n|-supereffective|p2a: Latios\n|-damage|p2a: Latios|0 fnt\n|faint|p2a: Latios\n|\n|upkeep\n|\n|t:|1700156657\n|switch|p2a: Pawmot|Pawmot, M|94\/100\n|-damage|p2a: Pawmot|88\/100|[from] Stealth Rock\n|turn|18\n|\n|t:|1700156667\n|switch|p1a: Zapdos|Zapdos|100\/100\n|move|p2a: Pawmot|Mach Punch|p1a: Zapdos\n|-resisted|p1a: Zapdos\n|-damage|p1a: Zapdos|89\/100\n|\n|upkeep\n|turn|19\n|\n|t:|1700156677\n|switch|p2a: Corviknight|Corviknight, M|38\/100 brn\n|-damage|p2a: Corviknight|26\/100 brn|[from] Stealth Rock\n|-ability|p2a: Corviknight|Pressure\n|move|p1a: Zapdos|Hurricane|p2a: Corviknight\n|-resisted|p2a: Corviknight\n|-damage|p2a: Corviknight|10\/100 brn\n|\n|-damage|p2a: Corviknight|4\/100 brn|[from] brn\n|upkeep\n|turn|20\n|\n|t:|1700156686\n|move|p1a: Zapdos|Discharge|p2a: Corviknight\n|-supereffective|p2a: Corviknight\n|-damage|p2a: Corviknight|0 fnt\n|faint|p2a: Corviknight\n|\n|upkeep\n|\n|t:|1700156694\n|switch|p2a: Thundurus|Thundurus-Therian, M|60\/100 tox\n|-damage|p2a: Thundurus|35\/100 tox|[from] Stealth Rock\n|turn|21\n|\n|t:|1700156708\n|move|p2a: Thundurus|Hidden Power|p1a: Zapdos\n|-supereffective|p1a: Zapdos\n|-damage|p1a: Zapdos|33\/100\n|-damage|p2a: Thundurus|26\/100 tox|[from] item: Life Orb\n|move|p1a: Zapdos|Hurricane|p2a: Thundurus\n|-resisted|p2a: Thundurus\n|-damage|p2a: Thundurus|0 fnt\n|faint|p2a: Thundurus\n|\n|upkeep\n|\n|t:|1700156712\n|switch|p2a: Pawmot|Pawmot, M|88\/100\n|-damage|p2a: Pawmot|82\/100|[from] Stealth Rock\n|turn|22\n|\n|t:|1700156715\n|move|p2a: Pawmot|Ice Punch|p1a: Zapdos\n|-supereffective|p1a: Zapdos\n|-damage|p1a: Zapdos|0 fnt\n|faint|p1a: Zapdos\n|\n|upkeep\n|\n|t:|1700156717\n|switch|p1a: Kartana|Kartana|100\/100\n|turn|23\n|\n|t:|1700156728\n|switch|p2a: Great Tusk|Great Tusk|100\/100\n|-damage|p2a: Great Tusk|98\/100|[from] Stealth Rock\n|-enditem|p2a: Great Tusk|Booster Energy\n|-activate|p2a: Great Tusk|ability: Protosynthesis|[fromitem]\n|-start|p2a: Great Tusk|protosynthesisatk\n|move|p1a: Kartana|Leaf Blade|p2a: Great Tusk\n|-supereffective|p2a: Great Tusk\n|-damage|p2a: Great Tusk|20\/100\n|\n|upkeep\n|turn|24\n|\n|t:|1700156736\n|move|p1a: Kartana|Leaf Blade|p2a: Great Tusk\n|-supereffective|p2a: Great Tusk\n|-damage|p2a: Great Tusk|0 fnt\n|faint|p2a: Great Tusk\n|-end|p2a: Great Tusk|Protosynthesis|[silent]\n|-ability|p1a: Kartana|Beast Boost|boost\n|-boost|p1a: Kartana|atk|1\n|\n|upkeep\n|\n|t:|1700156741\n|switch|p2a: Pawmot|Pawmot, M|82\/100\n|-damage|p2a: Pawmot|76\/100|[from] Stealth Rock\n|turn|25\n|\n|t:|1700156744\n|-terastallize|p2a: Pawmot|Fighting\n|move|p2a: Pawmot|Mach Punch|p1a: Kartana\n|-supereffective|p1a: Kartana\n|-damage|p1a: Kartana|8\/100\n|move|p1a: Kartana|Leaf Blade|p2a: Pawmot\n|-damage|p2a: Pawmot|0 fnt\n|faint|p2a: Pawmot\n|-ability|p1a: Kartana|Beast Boost|boost\n|-boost|p1a: Kartana|atk|1\n|\n|upkeep\n|-message|Tometozrbad forfeited.\n|\n|win|sngm1104s\n|raw|sngm1104s's rating: 1170 &rarr; <strong>1198<\/strong><br \/>(+28 for winning)\n|raw|Tometozrbad's rating: 1213 &rarr; <strong>1185<\/strong><br \/>(-28 for losing)\n|l|\u2606Tometozrbad\n","uploadtime":1700156758,"views":13,"p1id":"sngm1104s","p2id":"tometozrbad","formatid":"gen9nationaldex","rating":1185,"private":0,"password":""}