{"id":"gen9nationaldex-1987522772","p1":"lrida","p2":"daowang","format":"[Gen 9] National Dex","log":"|j|\u2606lrida\n|j|\u2606daowang\n|t:|1699606116\n|gametype|singles\n|player|p1|lrida|irida|1330\n|player|p2|daowang|2|1306\n|teamsize|p1|6\n|teamsize|p2|6\n|gen|9\n|tier|[Gen 9] National Dex\n|rated|\n|rule|HP Percentage Mod: HP is shown in percentages\n|rule|Endless Battle Clause: Forcing endless battles is banned\n|rule|OHKO Clause: OHKO moves are banned\n|rule|Evasion Clause: Evasion abilities, items, and moves are banned\n|rule|Evasion Abilities Clause: Evasion abilities are banned\n|rule|Evasion Items Clause: Evasion items are banned\n|rule|Evasion Moves Clause: Evasion moves are banned\n|rule|Species Clause: Limit one of each Pok\u00e9mon\n|rule|Sleep Clause Mod: Limit one foe put to sleep\n|clearpoke\n|poke|p1|Mawile, M|\n|poke|p1|Urshifu-*, M|\n|poke|p1|Ursaluna, M|\n|poke|p1|Hatterene, F|\n|poke|p1|Tapu Koko|\n|poke|p1|Sinistcha-Masterpiece|\n|poke|p2|Aerodactyl, F|\n|poke|p2|Gigalith, M|\n|poke|p2|Dracozolt|\n|poke|p2|Empoleon, F|\n|poke|p2|Magnezone|\n|poke|p2|Landorus-Therian, M|\n|teampreview\n|inactive|Battle timer is ON: inactive players will automatically lose when time's up. (requested by daowang)\n|\n|t:|1699606149\n|start\n|switch|p1a: Sinistcha|Sinistcha-Masterpiece|100\/100\n|switch|p2a: Magnezone|Magnezone|100\/100\n|turn|1\n|\n|t:|1699606163\n|-terastallize|p2a: Magnezone|Fire\n|move|p2a: Magnezone|Tera Blast|p1a: Sinistcha|[anim] Tera Blast Fire\n|-supereffective|p1a: Sinistcha\n|-damage|p1a: Sinistcha|0 fnt\n|faint|p1a: Sinistcha\n|\n|upkeep\n|\n|t:|1699606172\n|switch|p1a: Urshifu|Urshifu-Rapid-Strike, M|100\/100\n|turn|2\n|\n|t:|1699606183\n|switch|p2a: Empoleon|Empoleon, F|100\/100\n|-terastallize|p1a: Urshifu|Fighting\n|move|p1a: Urshifu|Surging Strikes|p2a: Empoleon\n|-resisted|p2a: Empoleon\n|-crit|p2a: Empoleon\n|-damage|p2a: Empoleon|87\/100\n|-resisted|p2a: Empoleon\n|-crit|p2a: Empoleon\n|-damage|p2a: Empoleon|74\/100\n|-resisted|p2a: Empoleon\n|-crit|p2a: Empoleon\n|-damage|p2a: Empoleon|61\/100\n|-hitcount|p2a: Empoleon|3\n|\n|-heal|p2a: Empoleon|67\/100|[from] item: Leftovers\n|upkeep\n|turn|3\n|\n|t:|1699606205\n|switch|p1a: Tapu Koko|Tapu Koko|100\/100\n|-fieldstart|move: Electric Terrain|[from] ability: Electric Surge|[of] p1a: Tapu Koko\n|move|p2a: Empoleon|Scald|p1a: Tapu Koko\n|-crit|p1a: Tapu Koko\n|-damage|p1a: Tapu Koko|55\/100\n|\n|-heal|p2a: Empoleon|74\/100|[from] item: Leftovers\n|upkeep\n|turn|4\n|\n|t:|1699606217\n|switch|p2a: \u770b\u6211\u7684\u540e\u5907\u9690\u85cf\u80fd\u6e90|Gigalith, M|100\/100\n|-weather|Sandstorm|[from] ability: Sand Stream|[of] p2a: \u770b\u6211\u7684\u540e\u5907\u9690\u85cf\u80fd\u6e90\n|move|p1a: Tapu Koko|Nature's Madness|p2a: \u770b\u6211\u7684\u540e\u5907\u9690\u85cf\u80fd\u6e90\n|-damage|p2a: \u770b\u6211\u7684\u540e\u5907\u9690\u85cf\u80fd\u6e90|50\/100\n|\n|-weather|Sandstorm|[upkeep]\n|-damage|p1a: Tapu Koko|49\/100|[from] Sandstorm\n|upkeep\n|turn|5\n|\n|t:|1699606225\n|move|p1a: Tapu Koko|Volt Switch|p2a: \u770b\u6211\u7684\u540e\u5907\u9690\u85cf\u80fd\u6e90\n|-crit|p2a: \u770b\u6211\u7684\u540e\u5907\u9690\u85cf\u80fd\u6e90\n|-damage|p2a: \u770b\u6211\u7684\u540e\u5907\u9690\u85cf\u80fd\u6e90|13\/100\n|\n|t:|1699606233\n|switch|p1a: Hatterene|Hatterene, F|100\/100|[from] Volt Switch\n|move|p2a: \u770b\u6211\u7684\u540e\u5907\u9690\u85cf\u80fd\u6e90|Explosion|p1a: Hatterene\n|-damage|p1a: Hatterene|15\/100\n|faint|p2a: \u770b\u6211\u7684\u540e\u5907\u9690\u85cf\u80fd\u6e90\n|\n|-weather|Sandstorm|[upkeep]\n|-damage|p1a: Hatterene|9\/100|[from] Sandstorm\n|upkeep\n|\n|t:|1699606243\n|switch|p2a: Aerodactyl|Aerodactyl, F|100\/100\n|-ability|p2a: Aerodactyl|Unnerve\n|turn|6\n|\n|t:|1699606252\n|detailschange|p2a: Aerodactyl|Aerodactyl-Mega, F\n|-mega|p2a: Aerodactyl|Aerodactyl|Aerodactylite\n|move|p2a: Aerodactyl|Earthquake|p1a: Hatterene\n|-damage|p1a: Hatterene|0 fnt\n|faint|p1a: Hatterene\n|\n|-weather|Sandstorm|[upkeep]\n|upkeep\n|\n|t:|1699606264\n|switch|p1a: Mawile|Mawile, M|100\/100\n|-ability|p1a: Mawile|Intimidate|boost\n|-unboost|p2a: Aerodactyl|atk|1\n|turn|7\n|\n|t:|1699606275\n|switch|p2a: Magnezone|Magnezone, tera:Fire|100\/100\n|switch|p1a: Urshifu|Urshifu-Rapid-Strike, M, tera:Fighting|100\/100\n|\n|-weather|Sandstorm|[upkeep]\n|-damage|p1a: Urshifu|94\/100|[from] Sandstorm\n|-damage|p2a: Magnezone|94\/100|[from] Sandstorm\n|-fieldend|move: Electric Terrain\n|upkeep\n|turn|8\n|\n|t:|1699606293\n|move|p1a: Urshifu|Close Combat|p2a: Magnezone\n|-damage|p2a: Magnezone|0 fnt\n|-unboost|p1a: Urshifu|def|1\n|-unboost|p1a: Urshifu|spd|1\n|faint|p2a: Magnezone\n|\n|-weather|Sandstorm|[upkeep]\n|-damage|p1a: Urshifu|88\/100|[from] Sandstorm\n|upkeep\n|\n|t:|1699606308\n|switch|p2a: Aerodactyl|Aerodactyl-Mega, F|100\/100\n|turn|9\n|\n|t:|1699606325\n|switch|p1a: Ursaluna|Ursaluna, M|100\/100\n|move|p2a: Aerodactyl|Dual Wingbeat|p1a: Ursaluna|[miss]\n|-miss|p2a: Aerodactyl|p1a: Ursaluna\n|\n|-weather|Sandstorm|[upkeep]\n|-status|p1a: Ursaluna|brn|[from] item: Flame Orb\n|upkeep\n|turn|10\n|inactive|daowang has 120 seconds left.\n|\n|t:|1699606361\n|move|p2a: Aerodactyl|Dragon Dance|p2a: Aerodactyl\n|-boost|p2a: Aerodactyl|atk|1\n|-boost|p2a: Aerodactyl|spe|1\n|move|p1a: Ursaluna|Thunder Punch|p2a: Aerodactyl\n|-supereffective|p2a: Aerodactyl\n|-damage|p2a: Aerodactyl|0 fnt\n|faint|p2a: Aerodactyl\n|\n|-weather|Sandstorm|[upkeep]\n|-damage|p1a: Ursaluna|94\/100 brn|[from] brn\n|upkeep\n|\n|t:|1699606374\n|switch|p2a: Dracozolt|Dracozolt|100\/100\n|turn|11\n|\n|t:|1699606384\n|move|p2a: Dracozolt|Dragon Claw|p1a: Ursaluna\n|-damage|p1a: Ursaluna|53\/100 brn\n|move|p1a: Ursaluna|Headlong Rush|p2a: Dracozolt\n|-supereffective|p2a: Dracozolt\n|-damage|p2a: Dracozolt|0 fnt\n|-unboost|p1a: Ursaluna|def|1\n|-unboost|p1a: Ursaluna|spd|1\n|faint|p2a: Dracozolt\n|\n|-weather|none\n|-damage|p1a: Ursaluna|47\/100 brn|[from] brn\n|upkeep\n|-message|daowang forfeited.\n|\n|win|lrida\n|raw|lrida's rating: 1330 &rarr; <strong>1349<\/strong><br \/>(+19 for winning)\n|raw|daowang's rating: 1306 &rarr; <strong>1287<\/strong><br \/>(-19 for losing)\n|l|\u2606daowang\n","uploadtime":1699606398,"views":10,"p1id":"lrida","p2id":"daowang","formatid":"gen9nationaldex","rating":1287,"private":0,"password":""}