{"id":"gen9nationaldex-1993932408","p1":"SUPER LARIAL","p2":"purerocket","format":"[Gen 9] National Dex","log":"|j|\u2606SUPER LARIAL\n|j|\u2606purerocket\n|t:|1700377790\n|gametype|singles\n|player|p1|SUPER LARIAL|clown|1517\n|player|p2|purerocket|lillie-masters|1555\n|teamsize|p1|6\n|teamsize|p2|6\n|gen|9\n|tier|[Gen 9] National Dex\n|rated|\n|rule|HP Percentage Mod: HP is shown in percentages\n|rule|Endless Battle Clause: Forcing endless battles is banned\n|rule|OHKO Clause: OHKO moves are banned\n|rule|Evasion Clause: Evasion abilities, items, and moves are banned\n|rule|Evasion Abilities Clause: Evasion abilities are banned\n|rule|Evasion Items Clause: Evasion items are banned\n|rule|Evasion Moves Clause: Evasion moves are banned\n|rule|Species Clause: Limit one of each Pok\u00e9mon\n|rule|Sleep Clause Mod: Limit one foe put to sleep\n|clearpoke\n|poke|p1|Dondozo, F|\n|poke|p1|Garganacl, F|\n|poke|p1|Banette, M|\n|poke|p1|Pawmot, M|\n|poke|p1|Iron Valiant|\n|poke|p1|Smeargle, M|\n|poke|p2|Charizard, M|\n|poke|p2|Torkoal, M|\n|poke|p2|Victini|\n|poke|p2|Great Tusk|\n|poke|p2|Hatterene, F|\n|poke|p2|Venusaur, M|\n|teampreview\n|inactive|Battle timer is ON: inactive players will automatically lose when time's up. (requested by purerocket)\n|\n|t:|1700377803\n|start\n|switch|p1a: Clown Buddy|Banette, M|100\/100\n|switch|p2a: Charizard|Charizard, M|100\/100\n|turn|1\n|\n|t:|1700377811\n|detailschange|p2a: Charizard|Charizard-Mega-Y, M\n|-mega|p2a: Charizard|Charizard|Charizardite Y\n|-weather|SunnyDay|[from] ability: Drought|[of] p2a: Charizard\n|detailschange|p1a: Clown Buddy|Banette-Mega, M\n|-mega|p1a: Clown Buddy|Banette|Banettite\n|move|p1a: Clown Buddy|Destiny Bond|p1a: Clown Buddy\n|-singlemove|p1a: Clown Buddy|Destiny Bond\n|move|p2a: Charizard|Air Slash|p1a: Clown Buddy\n|-damage|p1a: Clown Buddy|47\/100\n|\n|-weather|SunnyDay|[upkeep]\n|upkeep\n|turn|2\n|\n|t:|1700377822\n|switch|p2a: Great Tusk|Great Tusk|100\/100\n|-activate|p2a: Great Tusk|ability: Protosynthesis\n|-start|p2a: Great Tusk|protosynthesisdef\n|move|p1a: Clown Buddy|Poltergeist|p2a: Great Tusk\n|-activate|p2a: Great Tusk|move: Poltergeist|Leftovers\n|-damage|p2a: Great Tusk|70\/100\n|\n|-weather|SunnyDay|[upkeep]\n|-heal|p2a: Great Tusk|77\/100|[from] item: Leftovers\n|upkeep\n|turn|3\n|\n|t:|1700377838\n|move|p1a: Clown Buddy|Destiny Bond|p1a: Clown Buddy\n|-singlemove|p1a: Clown Buddy|Destiny Bond\n|move|p2a: Great Tusk|Earthquake|p1a: Clown Buddy\n|-damage|p1a: Clown Buddy|0 fnt\n|faint|p1a: Clown Buddy\n|-activate|p1a: Clown Buddy|move: Destiny Bond\n|faint|p2a: Great Tusk\n|-end|p2a: Great Tusk|Protosynthesis|[silent]\n|\n|-weather|SunnyDay|[upkeep]\n|upkeep\n|\n|t:|1700377845\n|switch|p2a: Victini|Victini|100\/100\n|switch|p1a: Thurmund|Smeargle, M|100\/100\n|turn|4\n|\n|t:|1700377851\n|move|p2a: Victini|Trick|p1a: Thurmund\n|-activate|p2a: Victini|move: Trick|[of] p1a: Thurmund\n|-item|p1a: Thurmund|Choice Scarf|[from] move: Trick\n|-item|p2a: Victini|Focus Sash|[from] move: Trick\n|move|p1a: Thurmund|Revival Blessing|p1a: Thurmund\n|\n|t:|1700377855\n|-heal|p1: Clown Buddy|50\/100|[from] move: Revival Blessing\n|\n|-weather|SunnyDay|[upkeep]\n|upkeep\n|turn|5\n|j| Lonsol\n|\n|t:|1700377872\n|switch|p1a: Seandozo|Dondozo, F|100\/100\n|move|p2a: Victini|V-create|p1a: Seandozo\n|-resisted|p1a: Seandozo\n|-damage|p1a: Seandozo|70\/100\n|-unboost|p2a: Victini|spe|1\n|-unboost|p2a: Victini|def|1\n|-unboost|p2a: Victini|spd|1\n|\n|-weather|none\n|-heal|p1a: Seandozo|76\/100|[from] item: Leftovers\n|upkeep\n|turn|6\n|\n|t:|1700377891\n|move|p2a: Victini|Trick|p1a: Seandozo\n|-activate|p2a: Victini|move: Trick|[of] p1a: Seandozo\n|-item|p1a: Seandozo|Focus Sash|[from] move: Trick\n|-item|p2a: Victini|Leftovers|[from] move: Trick\n|move|p1a: Seandozo|Liquidation|p2a: Victini\n|-supereffective|p2a: Victini\n|-damage|p2a: Victini|46\/100\n|\n|-heal|p2a: Victini|52\/100|[from] item: Leftovers\n|upkeep\n|turn|7\n|\n|t:|1700377899\n|move|p2a: Victini|U-turn|p1a: Seandozo\n|-damage|p1a: Seandozo|65\/100\n|\n|t:|1700377904\n|switch|p2a: Torkoal|Torkoal, M|100\/100|[from] U-turn\n|-weather|SunnyDay|[from] ability: Drought|[of] p2a: Torkoal\n|move|p1a: Seandozo|Liquidation|p2a: Torkoal\n|-supereffective|p2a: Torkoal\n|-damage|p2a: Torkoal|81\/100\n|\n|-weather|SunnyDay|[upkeep]\n|upkeep\n|turn|8\n|\n|t:|1700377910\n|switch|p1a: Thurmund|Smeargle, M|100\/100\n|move|p2a: Torkoal|Stealth Rock|p1a: Thurmund\n|-sidestart|p1: SUPER LARIAL|move: Stealth Rock\n|\n|-weather|SunnyDay|[upkeep]\n|upkeep\n|turn|9\n|\n|t:|1700377920\n|move|p1a: Thurmund|Salt Cure|p2a: Torkoal\n|-supereffective|p2a: Torkoal\n|-crit|p2a: Torkoal\n|-damage|p2a: Torkoal|73\/100\n|-start|p2a: Torkoal|Salt Cure\n|move|p2a: Torkoal|Yawn|p1a: Thurmund\n|-start|p1a: Thurmund|move: Yawn|[of] p2a: Torkoal\n|\n|-weather|SunnyDay|[upkeep]\n|-damage|p2a: Torkoal|61\/100|[from] Salt Cure\n|upkeep\n|turn|10\n|\n|t:|1700377928\n|switch|p1a: Clown Buddy|Banette-Mega, M|50\/100\n|-damage|p1a: Clown Buddy|38\/100|[from] Stealth Rock\n|switch|p2a: Venusaur|Venusaur, M|100\/100\n|\n|-weather|SunnyDay|[upkeep]\n|upkeep\n|turn|11\n|\n|t:|1700377935\n|move|p1a: Clown Buddy|Destiny Bond|p1a: Clown Buddy\n|-singlemove|p1a: Clown Buddy|Destiny Bond\n|move|p2a: Venusaur|Growth|p2a: Venusaur\n|-boost|p2a: Venusaur|atk|2\n|-boost|p2a: Venusaur|spa|2\n|\n|-weather|SunnyDay|[upkeep]\n|upkeep\n|turn|12\n|\n|t:|1700377947\n|switch|p2a: Hatterene|Hatterene, F|100\/100\n|move|p1a: Clown Buddy|Poltergeist|p2a: Hatterene\n|-activate|p2a: Hatterene|move: Poltergeist|Eject Button\n|-supereffective|p2a: Hatterene\n|-damage|p2a: Hatterene|0 fnt\n|faint|p2a: Hatterene\n|\n|-weather|SunnyDay|[upkeep]\n|upkeep\n|\n|t:|1700377956\n|switch|p2a: Victini|Victini|52\/100\n|turn|13\n|\n|t:|1700377963\n|move|p1a: Clown Buddy|Destiny Bond|p1a: Clown Buddy\n|-singlemove|p1a: Clown Buddy|Destiny Bond\n|move|p2a: Victini|Bolt Strike|p1a: Clown Buddy\n|-damage|p1a: Clown Buddy|0 fnt\n|faint|p1a: Clown Buddy\n|-activate|p1a: Clown Buddy|move: Destiny Bond\n|faint|p2a: Victini\n|\n|-weather|SunnyDay|[upkeep]\n|upkeep\n|\n|t:|1700377971\n|switch|p2a: Charizard|Charizard-Mega-Y, M|100\/100\n|switch|p1a: Thurmund|Smeargle, M|100\/100\n|-damage|p1a: Thurmund|88\/100|[from] Stealth Rock\n|turn|14\n|\n|t:|1700377976\n|move|p1a: Thurmund|Destiny Bond|p1a: Thurmund\n|-singlemove|p1a: Thurmund|Destiny Bond\n|move|p2a: Charizard|Weather Ball|p1a: Thurmund\n|-damage|p1a: Thurmund|0 fnt\n|faint|p1a: Thurmund\n|-activate|p1a: Thurmund|move: Destiny Bond\n|faint|p2a: Charizard\n|\n|-weather|none\n|upkeep\n|\n|t:|1700377985\n|switch|p2a: Torkoal|Torkoal, M|61\/100\n|switch|p1a: 3D Squeldon|Iron Valiant|100\/100\n|-damage|p1a: 3D Squeldon|94\/100|[from] Stealth Rock\n|-weather|SunnyDay|[from] ability: Drought|[of] p2a: Torkoal\n|-enditem|p1a: 3D Squeldon|Booster Energy\n|-activate|p1a: 3D Squeldon|ability: Quark Drive|[fromitem]\n|-start|p1a: 3D Squeldon|quarkdrivespe\n|turn|15\n|\n|t:|1700377991\n|move|p1a: 3D Squeldon|Swords Dance|p1a: 3D Squeldon\n|-boost|p1a: 3D Squeldon|atk|2\n|move|p2a: Torkoal|Yawn|p1a: 3D Squeldon\n|-start|p1a: 3D Squeldon|move: Yawn|[of] p2a: Torkoal\n|\n|-weather|SunnyDay|[upkeep]\n|upkeep\n|turn|16\n|l| Lonsol\n|\n|t:|1700377995\n|move|p1a: 3D Squeldon|Close Combat|p2a: Torkoal\n|-damage|p2a: Torkoal|0 fnt\n|-unboost|p1a: 3D Squeldon|def|1\n|-unboost|p1a: 3D Squeldon|spd|1\n|faint|p2a: Torkoal\n|\n|-weather|SunnyDay|[upkeep]\n|-end|p1a: 3D Squeldon|move: Yawn|[silent]\n|-status|p1a: 3D Squeldon|slp\n|upkeep\n|\n|t:|1700377998\n|switch|p2a: Venusaur|Venusaur, M|100\/100\n|turn|17\n|\n|t:|1700378011\n|move|p2a: Venusaur|Growth|p2a: Venusaur\n|-boost|p2a: Venusaur|atk|2\n|-boost|p2a: Venusaur|spa|2\n|cant|p1a: 3D Squeldon|slp\n|\n|-weather|SunnyDay|[upkeep]\n|upkeep\n|turn|18\n|\n|t:|1700378017\n|move|p2a: Venusaur|Weather Ball|p1a: 3D Squeldon\n|-damage|p1a: 3D Squeldon|0 fnt\n|faint|p1a: 3D Squeldon\n|-end|p1a: 3D Squeldon|Quark Drive|[silent]\n|-damage|p2a: Venusaur|91\/100|[from] item: Life Orb\n|\n|-weather|SunnyDay|[upkeep]\n|upkeep\n|\n|t:|1700378023\n|switch|p1a: Desmond|Pawmot, M|100\/100\n|-damage|p1a: Desmond|94\/100|[from] Stealth Rock\n|turn|19\n|\n|t:|1700378033\n|move|p1a: Desmond|Fake Out|p2a: Venusaur\n|-damage|p2a: Venusaur|75\/100\n|cant|p2a: Venusaur|flinch\n|\n|-weather|SunnyDay|[upkeep]\n|upkeep\n|turn|20\n|\n|t:|1700378039\n|switch|p1a: Aidanacl|Garganacl, F|100\/100\n|-damage|p1a: Aidanacl|88\/100|[from] Stealth Rock\n|move|p2a: Venusaur|Weather Ball|p1a: Aidanacl\n|-resisted|p1a: Aidanacl\n|-damage|p1a: Aidanacl|53\/100\n|-damage|p2a: Venusaur|65\/100|[from] item: Life Orb\n|\n|-weather|SunnyDay|[upkeep]\n|-heal|p1a: Aidanacl|59\/100|[from] item: Leftovers\n|upkeep\n|turn|21\n|\n|t:|1700378046\n|move|p2a: Venusaur|Giga Drain|p1a: Aidanacl\n|-supereffective|p1a: Aidanacl\n|-damage|p1a: Aidanacl|0 fnt\n|-heal|p2a: Venusaur|100\/100|[from] drain|[of] p1a: Aidanacl\n|faint|p1a: Aidanacl\n|-damage|p2a: Venusaur|91\/100|[from] item: Life Orb\n|\n|-weather|SunnyDay|[upkeep]\n|upkeep\n|\n|t:|1700378050\n|switch|p1a: Desmond|Pawmot, M|94\/100\n|-damage|p1a: Desmond|88\/100|[from] Stealth Rock\n|turn|22\n|\n|t:|1700378055\n|move|p1a: Desmond|Fake Out|p2a: Venusaur\n|-damage|p2a: Venusaur|73\/100\n|cant|p2a: Venusaur|flinch\n|\n|-weather|none\n|upkeep\n|turn|23\n|\n|t:|1700378059\n|move|p1a: Desmond|Revival Blessing|p1a: Desmond\n|-enditem|p1a: Desmond|Leppa Berry|[eat]\n|-activate|p1a: Desmond|item: Leppa Berry|Revival Blessing|[consumed]\n|\n|t:|1700378062\n|-heal|p1: Clown Buddy|50\/100|[from] move: Revival Blessing\n|move|p2a: Venusaur|Giga Drain|p1a: Desmond\n|-damage|p1a: Desmond|0 fnt\n|-heal|p2a: Venusaur|100\/100|[from] drain|[of] p1a: Desmond\n|faint|p1a: Desmond\n|-damage|p2a: Venusaur|91\/100|[from] item: Life Orb\n|\n|upkeep\n|\n|t:|1700378065\n|switch|p1a: Clown Buddy|Banette-Mega, M|50\/100\n|-damage|p1a: Clown Buddy|38\/100|[from] Stealth Rock\n|turn|24\n|\n|t:|1700378068\n|move|p1a: Clown Buddy|Destiny Bond|p1a: Clown Buddy\n|-singlemove|p1a: Clown Buddy|Destiny Bond\n|move|p2a: Venusaur|Growth|p2a: Venusaur\n|-boost|p2a: Venusaur|atk|1\n|-boost|p2a: Venusaur|spa|1\n|\n|upkeep\n|turn|25\n|\n|t:|1700378072\n|move|p2a: Venusaur|Earth Power|p1a: Clown Buddy\n|-damage|p1a: Clown Buddy|0 fnt\n|faint|p1a: Clown Buddy\n|-activate|p1a: Clown Buddy|move: Destiny Bond\n|faint|p2a: Venusaur\n|\n|win|SUPER LARIAL\n|raw|SUPER LARIAL's rating: 1517 &rarr; <strong>1539<\/strong><br \/>(+22 for winning)\n|raw|purerocket's rating: 1555 &rarr; <strong>1533<\/strong><br \/>(-22 for losing)\n|l|\u2606purerocket\n|c|\u2606SUPER LARIAL|gg\n","uploadtime":1700378081,"views":7,"p1id":"superlarial","p2id":"purerocket","formatid":"gen9nationaldex","rating":1533,"private":0,"password":""}