{"id":"gen9nationaldex-1990108717","p1":"h8for3v","p2":"Kuzwa","format":"[Gen 9] National Dex","log":"|j|\u2606h8for3v\n|j|\u2606Kuzwa\n|t:|1699925451\n|gametype|singles\n|player|p1|h8for3v|alec-anime|1196\n|player|p2|Kuzwa|parasollady|1270\n|teamsize|p1|6\n|teamsize|p2|6\n|gen|9\n|tier|[Gen 9] National Dex\n|rated|\n|rule|HP Percentage Mod: HP is shown in percentages\n|rule|Endless Battle Clause: Forcing endless battles is banned\n|rule|OHKO Clause: OHKO moves are banned\n|rule|Evasion Clause: Evasion abilities, items, and moves are banned\n|rule|Evasion Abilities Clause: Evasion abilities are banned\n|rule|Evasion Items Clause: Evasion items are banned\n|rule|Evasion Moves Clause: Evasion moves are banned\n|rule|Species Clause: Limit one of each Pok\u00e9mon\n|rule|Sleep Clause Mod: Limit one foe put to sleep\n|clearpoke\n|poke|p1|Dragonite, M|\n|poke|p1|Haxorus, M|\n|poke|p1|Runerigus, M|\n|poke|p1|Hydreigon, M|\n|poke|p1|Raikou|\n|poke|p1|Lapras, M|\n|poke|p2|Gallade, M|\n|poke|p2|Kartana|\n|poke|p2|Weavile, M|\n|poke|p2|Quaquaval, M|\n|poke|p2|Ogerpon-Wellspring, F|\n|poke|p2|Zeraora|\n|teampreview\n|inactive|Battle timer is ON: inactive players will automatically lose when time's up. (requested by h8for3v)\n|\n|t:|1699925459\n|start\n|switch|p1a: Runerigus|Runerigus, M, shiny|100\/100\n|switch|p2a: Kamoshida|Quaquaval, M|100\/100\n|turn|1\n|\n|t:|1699925475\n|-terastallize|p1a: Runerigus|Ghost\n|move|p2a: Kamoshida|Aqua Step|p1a: Runerigus\n|-damage|p1a: Runerigus|79\/100\n|-boost|p2a: Kamoshida|spe|1\n|-activate|p1a: Runerigus|ability: Wandering Spirit|Moxie|Wandering Spirit|[of] p2a: Kamoshida\n|-enditem|p1a: Runerigus|Red Card|[of] p2a: Kamoshida\n|drag|p2a: Aigis|Ogerpon-Wellspring, F|100\/100\n|move|p1a: Runerigus|Toxic Spikes|p2a: Aigis\n|-sidestart|p2: Kuzwa|move: Toxic Spikes\n|\n|upkeep\n|turn|2\n|\n|t:|1699925492\n|move|p2a: Aigis|Swords Dance|p2a: Aigis\n|-boost|p2a: Aigis|atk|2\n|move|p1a: Runerigus|Stealth Rock|p2a: Aigis\n|-sidestart|p2: Kuzwa|move: Stealth Rock\n|\n|upkeep\n|turn|3\n|\n|t:|1699925502\n|switch|p1a: Lapras|Lapras, M|100\/100\n|move|p2a: Aigis|Ivy Cudgel|p1a: Lapras\n|-immune|p1a: Lapras|[from] ability: Water Absorb\n|\n|upkeep\n|turn|4\n|\n|t:|1699925510\n|move|p2a: Aigis|U-turn|p1a: Lapras\n|-damage|p1a: Lapras|52\/100\n|-enditem|p1a: Lapras|Red Card|[of] p2a: Aigis\n|drag|p2a: Makoto Yuki|Kartana, shiny|100\/100\n|-damage|p2a: Makoto Yuki|94\/100|[from] Stealth Rock\n|move|p1a: Lapras|Future Sight|p2a: Makoto Yuki\n|-start|p1a: Lapras|move: Future Sight\n|\n|upkeep\n|turn|5\n|\n|t:|1699925518\n|move|p1a: Lapras|Ice Shard|p2a: Makoto Yuki\n|-damage|p2a: Makoto Yuki|84\/100\n|move|p2a: Makoto Yuki|Leaf Blade|p1a: Lapras\n|-supereffective|p1a: Lapras\n|-damage|p1a: Lapras|0 fnt\n|faint|p1a: Lapras\n|-ability|p2a: Makoto Yuki|Beast Boost|boost\n|-boost|p2a: Makoto Yuki|atk|1\n|\n|upkeep\n|\n|t:|1699925529\n|switch|p1a: Hydreigon|Hydreigon, M|100\/100\n|turn|6\n|\n|t:|1699925533\n|move|p2a: Makoto Yuki|Sacred Sword|p1a: Hydreigon\n|-supereffective|p1a: Hydreigon\n|-damage|p1a: Hydreigon|0 fnt\n|faint|p1a: Hydreigon\n|-ability|p2a: Makoto Yuki|Beast Boost|boost\n|-boost|p2a: Makoto Yuki|atk|1\n|\n|-end|p2a: Makoto Yuki|move: Future Sight\n|-resisted|p2a: Makoto Yuki\n|-damage|p2a: Makoto Yuki|26\/100\n|upkeep\n|\n|t:|1699925541\n|switch|p1a: Akatsuki|Dragonite, M|100\/100\n|turn|7\n|\n|t:|1699925546\n|move|p1a: Akatsuki|Extreme Speed|p2a: Makoto Yuki\n|-resisted|p2a: Makoto Yuki\n|-damage|p2a: Makoto Yuki|10\/100\n|move|p2a: Makoto Yuki|Smart Strike|p1a: Akatsuki\n|-damage|p1a: Akatsuki|53\/100\n|\n|upkeep\n|turn|8\n|\n|t:|1699925552\n|move|p1a: Akatsuki|Extreme Speed|p2a: Makoto Yuki\n|-resisted|p2a: Makoto Yuki\n|-damage|p2a: Makoto Yuki|0 fnt\n|faint|p2a: Makoto Yuki\n|\n|upkeep\n|\n|t:|1699925554\n|switch|p2a: Kamoshida|Quaquaval, M|100\/100\n|-status|p2a: Kamoshida|psn\n|-damage|p2a: Kamoshida|94\/100 psn|[from] Stealth Rock\n|turn|9\n|\n|t:|1699925560\n|move|p2a: Kamoshida|Rapid Spin|p1a: Akatsuki\n|-damage|p1a: Akatsuki|34\/100\n|-boost|p2a: Kamoshida|spe|1\n|-sideend|p2: Kuzwa|Toxic Spikes|[from] move: Rapid Spin|[of] p2a: Kamoshida\n|-sideend|p2: Kuzwa|Stealth Rock|[from] move: Rapid Spin|[of] p2a: Kamoshida\n|move|p1a: Akatsuki|Thunder Punch|p2a: Kamoshida\n|-supereffective|p2a: Kamoshida\n|-damage|p2a: Kamoshida|20\/100 psn\n|\n|-damage|p2a: Kamoshida|8\/100 psn|[from] psn\n|upkeep\n|turn|10\n|\n|t:|1699925569\n|move|p1a: Akatsuki|Extreme Speed|p2a: Kamoshida\n|-damage|p2a: Kamoshida|0 fnt\n|faint|p2a: Kamoshida\n|\n|upkeep\n|\n|t:|1699925577\n|switch|p2a: Junpei Iori|Weavile, M, shiny|100\/100\n|turn|11\n|\n|t:|1699925599\n|move|p1a: Akatsuki|Extreme Speed|p2a: Junpei Iori\n|-damage|p2a: Junpei Iori|43\/100\n|move|p2a: Junpei Iori|Ice Spinner|p1a: Akatsuki\n|-supereffective|p1a: Akatsuki\n|-damage|p1a: Akatsuki|0 fnt\n|faint|p1a: Akatsuki\n|\n|upkeep\n|\n|t:|1699925606\n|switch|p1a: Runerigus|Runerigus, M, shiny, tera:Ghost|79\/100\n|turn|12\n|\n|t:|1699925612\n|move|p2a: Junpei Iori|Throat Chop|p1a: Runerigus\n|-supereffective|p1a: Runerigus\n|-damage|p1a: Runerigus|35\/100\n|-start|p1a: Runerigus|Throat Chop|[silent]\n|-activate|p1a: Runerigus|ability: Wandering Spirit|Pickpocket|Wandering Spirit|[of] p2a: Junpei Iori\n|-enditem|p2a: Junpei Iori|Focus Sash|[silent]|[from] ability: Pickpocket|[of] p2a: Junpei Iori\n|-item|p1a: Runerigus|Focus Sash|[from] ability: Pickpocket|[of] p2a: Junpei Iori\n|move|p1a: Runerigus|Stealth Rock|p2a: Junpei Iori\n|-sidestart|p2: Kuzwa|move: Stealth Rock\n|\n|upkeep\n|turn|13\n|\n|t:|1699925623\n|move|p2a: Junpei Iori|Throat Chop|p1a: Runerigus\n|-supereffective|p1a: Runerigus\n|-damage|p1a: Runerigus|0 fnt\n|faint|p1a: Runerigus\n|\n|upkeep\n|\n|t:|1699925627\n|switch|p1a: Raikou|Raikou|100\/100\n|turn|14\n|\n|t:|1699925635\n|move|p2a: Junpei Iori|Ice Spinner|p1a: Raikou\n|-damage|p1a: Raikou|52\/100\n|-enditem|p1a: Raikou|Red Card|[of] p2a: Junpei Iori\n|drag|p2a: Ken Amada|Zeraora|100\/100\n|-damage|p2a: Ken Amada|88\/100|[from] Stealth Rock\n|move|p1a: Raikou|Aura Sphere|p2a: Ken Amada\n|-damage|p2a: Ken Amada|53\/100\n|\n|upkeep\n|turn|15\n|\n|t:|1699925646\n|move|p2a: Ken Amada|Fake Out|p1a: Raikou\n|-damage|p1a: Raikou|36\/100\n|move|p1a: Raikou|Discharge|p2a: Ken Amada\n|-heal|p2a: Ken Amada|78\/100|[from] ability: Volt Absorb|[of] p1a: Raikou\n|\n|upkeep\n|turn|16\n|\n|t:|1699925652\n|move|p2a: Ken Amada|Drain Punch|p1a: Raikou\n|-damage|p1a: Raikou|5\/100\n|-heal|p2a: Ken Amada|94\/100|[from] drain|[of] p1a: Raikou\n|move|p1a: Raikou|Signal Beam|p2a: Ken Amada\n|-damage|p2a: Ken Amada|61\/100\n|\n|upkeep\n|turn|17\n|\n|t:|1699925661\n|move|p2a: Ken Amada|Drain Punch|p1a: Raikou\n|-damage|p1a: Raikou|0 fnt\n|-heal|p2a: Ken Amada|64\/100|[from] drain|[of] p1a: Raikou\n|faint|p1a: Raikou\n|\n|upkeep\n|\n|t:|1699925666\n|switch|p1a: Haxorus|Haxorus, M, shiny|100\/100\n|-ability|p1a: Haxorus|Mold Breaker\n|turn|18\n|\n|t:|1699925679\n|move|p2a: Ken Amada|Plasma Fists|p1a: Haxorus\n|-resisted|p1a: Haxorus\n|-damage|p1a: Haxorus|73\/100\n|-fieldactivate|move: Ion Deluge\n|-hint|Normal-type moves become Electric-type after using Plasma Fists.\n|move|p1a: Haxorus|Outrage|p2a: Ken Amada\n|-damage|p2a: Ken Amada|0 fnt\n|faint|p2a: Ken Amada\n|\n|upkeep\n|\n|t:|1699925689\n|switch|p2a: Junpei Iori|Weavile, M, shiny|43\/100\n|-damage|p2a: Junpei Iori|18\/100|[from] Stealth Rock\n|turn|19\n|\n|t:|1699925693\n|move|p2a: Junpei Iori|Ice Spinner|p1a: Haxorus\n|-supereffective|p1a: Haxorus\n|-damage|p1a: Haxorus|0 fnt\n|faint|p1a: Haxorus\n|\n|win|Kuzwa\n|raw|h8for3v's rating: 1196 &rarr; <strong>1176<\/strong><br \/>(-20 for losing)\n|raw|Kuzwa's rating: 1270 &rarr; <strong>1290<\/strong><br \/>(+20 for winning)\n|l|\u2606h8for3v\n","uploadtime":1699925697,"views":5,"p1id":"h8for3v","p2id":"kuzwa","formatid":"gen9nationaldex","rating":1176,"private":0,"password":""}