{"id":"gen9nationaldex-1997958592","p1":"MarcusTalks","p2":"PU Rules","format":"[Gen 9] National Dex","log":"|html|<div class=\"broadcast-blue\"><strong>[Gen 9] National Dex is currently suspecting Sneasler! For information on how to participate check out the <a href=\"https:\/\/www.smogon.com\/forums\/threads\/sv-national-dex-suspect-8-just-dance.3731534\/\">suspect thread<\/a>.<\/strong><\/div>\n|j|\u2606MarcusTalks\n|j|\u2606PU Rules\n|t:|1700872208\n|gametype|singles\n|player|p1|MarcusTalks|steven|\n|player|p2|PU Rules|gentleman-gen4|\n|teamsize|p1|6\n|teamsize|p2|6\n|gen|9\n|tier|[Gen 9] National Dex\n|rule|HP Percentage Mod: HP is shown in percentages\n|rule|Endless Battle Clause: Forcing endless battles is banned\n|rule|OHKO Clause: OHKO moves are banned\n|rule|Evasion Clause: Evasion abilities, items, and moves are banned\n|rule|Evasion Abilities Clause: Evasion abilities are banned\n|rule|Evasion Items Clause: Evasion items are banned\n|rule|Evasion Moves Clause: Evasion moves are banned\n|rule|Species Clause: Limit one of each Pok\u00e9mon\n|rule|Sleep Clause Mod: Limit one foe put to sleep\n|clearpoke\n|poke|p1|Camerupt, M|\n|poke|p1|Alomomola, F|\n|poke|p1|Garganacl, M|\n|poke|p1|Ribombee, F|\n|poke|p1|Avalugg-Hisui, M|\n|poke|p1|Zoroark-Hisui, M|\n|poke|p2|Hoopa-Unbound|\n|poke|p2|Absol, M|\n|poke|p2|Zarude|\n|poke|p2|Weavile, F|\n|poke|p2|Hydreigon, F|\n|poke|p2|Corsola-Galar, F|\n|teampreview\n|c|\u2606PU Rules|Gl\n|c|\u2606MarcusTalks|Glhf. I\u2019m on mobile and I hate this\n|c|\u2606PU Rules|Mobile gaming lol\n|\n|t:|1700872258\n|start\n|switch|p1a: Avalugg|Avalugg-Hisui, M, shiny|100\/100\n|switch|p2a: Absol|Absol, M|100\/100\n|turn|1\n|\n|t:|1700872270\n|switch|p2a: Corsola|Corsola-Galar, F|100\/100\n|move|p1a: Avalugg|Hyper Voice|p2a: Corsola\n|-immune|p2a: Corsola\n|\n|upkeep\n|turn|2\n|\n|t:|1700872277\n|switch|p1a: Garganacl|Garganacl, M|100\/100\n|move|p2a: Corsola|Will-O-Wisp|p1a: Garganacl\n|-immune|p1a: Garganacl|[from] ability: Purifying Salt\n|\n|upkeep\n|turn|3\n|\n|t:|1700872284\n|switch|p2a: Zarude|Zarude|100\/100\n|move|p1a: Garganacl|Stealth Rock|p2a: Zarude\n|-sidestart|p2: PU Rules|move: Stealth Rock\n|\n|upkeep\n|turn|4\n|\n|t:|1700872299\n|switch|p1a: Ribombee|Ribombee, F, shiny|100\/100\n|move|p2a: Zarude|Iron Tail|p1a: Ribombee|[miss]\n|-miss|p2a: Zarude|p1a: Ribombee\n|\n|upkeep\n|turn|5\n|c|\u2606PU Rules|Such a good read\n|c|\u2606PU Rules|But miss\n|\n|t:|1700872320\n|switch|p2a: Corsola|Corsola-Galar, F|100\/100\n|-damage|p2a: Corsola|88\/100|[from] Stealth Rock\n|move|p1a: Ribombee|Sticky Web|p2a: Corsola\n|-sidestart|p2: PU Rules|move: Sticky Web\n|\n|upkeep\n|turn|6\n|\n|t:|1700872351\n|switch|p1a: Camerupt|Camerupt, M, shiny|100\/100\n|move|p2a: Corsola|Night Shade|p1a: Camerupt\n|-damage|p1a: Camerupt|71\/100\n|\n|upkeep\n|turn|7\n|\n|t:|1700872361\n|detailschange|p1a: Camerupt|Camerupt-Mega, M, shiny\n|-mega|p1a: Camerupt|Camerupt|Cameruptite\n|move|p2a: Corsola|Strength Sap|p1a: Camerupt\n|-unboost|p1a: Camerupt|atk|1\n|-heal|p2a: Corsola|100\/100\n|move|p1a: Camerupt|Ancient Power|p2a: Corsola\n|-damage|p2a: Corsola|85\/100\n|\n|upkeep\n|turn|8\n|\n|t:|1700872371\n|move|p2a: Corsola|Night Shade|p1a: Camerupt\n|-damage|p1a: Camerupt|42\/100\n|move|p1a: Camerupt|Ancient Power|p2a: Corsola\n|-damage|p2a: Corsola|69\/100\n|\n|upkeep\n|turn|9\n|\n|t:|1700872378\n|switch|p1a: Avalugg|Avalugg-Hisui, M, shiny|100\/100\n|move|p2a: Corsola|Night Shade|p1a: Avalugg\n|-immune|p1a: Avalugg\n|\n|upkeep\n|turn|10\n|\n|t:|1700872390\n|move|p1a: Avalugg|Flamethrower|p2a: Corsola\n|-damage|p2a: Corsola|47\/100\n|move|p2a: Corsola|Strength Sap|p1a: Avalugg\n|-unboost|p1a: Avalugg|atk|1\n|-heal|p2a: Corsola|100\/100\n|\n|upkeep\n|turn|11\n|c|\u2606PU Rules|Hmm\n|c|\u2606PU Rules|That avalugg kinda weird\n|\n|t:|1700872408\n|switch|p1a: Garganacl|Garganacl, M|100\/100\n|move|p2a: Corsola|Will-O-Wisp|p1a: Garganacl\n|-immune|p1a: Garganacl|[from] ability: Purifying Salt\n|\n|upkeep\n|turn|12\n|\n|t:|1700872424\n|switch|p2a: Hydreigon|Hydreigon, F|100\/100\n|-damage|p2a: Hydreigon|88\/100|[from] Stealth Rock\n|move|p1a: Garganacl|Substitute|p1a: Garganacl\n|-start|p1a: Garganacl|Substitute\n|-damage|p1a: Garganacl|75\/100\n|\n|-heal|p1a: Garganacl|82\/100|[from] item: Leftovers\n|upkeep\n|turn|13\n|\n|t:|1700872433\n|move|p2a: Hydreigon|Flash Cannon|p1a: Garganacl\n|-supereffective|p1a: Garganacl\n|-end|p1a: Garganacl|Substitute\n|move|p1a: Garganacl|Salt Cure|p2a: Hydreigon\n|-damage|p2a: Hydreigon|72\/100\n|-start|p2a: Hydreigon|Salt Cure\n|\n|-heal|p1a: Garganacl|88\/100|[from] item: Leftovers\n|-damage|p2a: Hydreigon|60\/100|[from] Salt Cure\n|upkeep\n|turn|14\n|\n|t:|1700872450\n|switch|p1a: Camerupt|Camerupt-Mega, M, shiny|42\/100\n|move|p2a: Hydreigon|Flash Cannon|p1a: Camerupt\n|-resisted|p1a: Camerupt\n|-damage|p1a: Camerupt|23\/100\n|\n|-damage|p2a: Hydreigon|48\/100|[from] Salt Cure\n|upkeep\n|turn|15\n|\n|t:|1700872462\n|switch|p2a: Corsola|Corsola-Galar, F|100\/100\n|-damage|p2a: Corsola|88\/100|[from] Stealth Rock\n|-activate|p2a: Corsola|move: Sticky Web\n|-unboost|p2a: Corsola|spe|1\n|move|p1a: Camerupt|Fire Blast|p2a: Corsola\n|-damage|p2a: Corsola|45\/100\n|\n|upkeep\n|turn|16\n|\n|t:|1700872474\n|move|p1a: Camerupt|Fire Blast|p2a: Corsola\n|-crit|p2a: Corsola\n|-damage|p2a: Corsola|0 fnt\n|faint|p2a: Corsola\n|\n|upkeep\n|c|\u2606MarcusTalks|Oof the crit\n|c|\u2606PU Rules|Man\n|\n|t:|1700872489\n|switch|p2a: Hydreigon|Hydreigon, F|48\/100\n|-damage|p2a: Hydreigon|36\/100|[from] Stealth Rock\n|turn|17\n|c|\u2606MarcusTalks|Didn\u2019t think I outspeed\n|c|\u2606PU Rules|Webs and its 0 speed\n|c|\u2606PU Rules|You didnt kill without crit tho which sucked\n|\n|t:|1700872520\n|switch|p1a: Alomomola|Alomomola, F|100\/100\n|move|p2a: Hydreigon|Flash Cannon|p1a: Alomomola\n|-resisted|p1a: Alomomola\n|-damage|p1a: Alomomola|77\/100\n|\n|-heal|p1a: Alomomola|83\/100|[from] item: Leftovers\n|upkeep\n|turn|18\n|c|\u2606MarcusTalks|Oh yeah web\n|\n|t:|1700872536\n|switch|p2a: Zarude|Zarude|100\/100\n|-damage|p2a: Zarude|88\/100|[from] Stealth Rock\n|-activate|p2a: Zarude|move: Sticky Web\n|-unboost|p2a: Zarude|spe|1\n|move|p1a: Alomomola|Protect||[still]\n|-fail|p1a: Alomomola\n|\n|-heal|p2a: Zarude|94\/100|[from] item: Leftovers\n|-heal|p1a: Alomomola|89\/100|[from] item: Leftovers\n|upkeep\n|turn|19\n|\n|t:|1700872551\n|switch|p1a: Ribombee|Ribombee, F, shiny|100\/100\n|move|p2a: Zarude|Power Whip|p1a: Ribombee\n|-resisted|p1a: Ribombee\n|-damage|p1a: Ribombee|38\/100\n|\n|-heal|p2a: Zarude|99\/100|[from] item: Leftovers\n|upkeep\n|turn|20\n|\n|t:|1700872573\n|-terastallize|p2a: Zarude|Dragon\n|move|p1a: Ribombee|Quiver Dance|p1a: Ribombee\n|-boost|p1a: Ribombee|spa|1\n|-boost|p1a: Ribombee|spd|1\n|-boost|p1a: Ribombee|spe|1\n|move|p2a: Zarude|Power Whip|p1a: Ribombee\n|-resisted|p1a: Ribombee\n|-damage|p1a: Ribombee|0 fnt\n|faint|p1a: Ribombee\n|\n|-heal|p2a: Zarude|100\/100|[from] item: Leftovers\n|upkeep\n|\n|t:|1700872596\n|switch|p1a: Avalugg|Avalugg-Hisui, M, shiny|100\/100\n|turn|21\n|\n|t:|1700872616\n|move|p1a: Avalugg|Flamethrower|p2a: Zarude\n|-resisted|p2a: Zarude\n|-damage|p2a: Zarude|78\/100\n|move|p2a: Zarude|Iron Tail|p1a: Avalugg\n|-damage|p1a: Avalugg|38\/100\n|-unboost|p1a: Avalugg|def|1\n|replace|p1a: Zoroark|Zoroark-Hisui, M, shiny\n|-end|p1a: Zoroark|Illusion\n|\n|-heal|p2a: Zarude|84\/100|[from] item: Leftovers\n|upkeep\n|turn|22\n|\n|t:|1700872632\n|switch|p1a: Alomomola|Alomomola, F|100\/100\n|move|p2a: Zarude|Jungle Healing|p2a: Zarude\n|-heal|p2a: Zarude|100\/100\n|\n|upkeep\n|turn|23\n|c|\u2606PU Rules|Why hello there zoro\n|\n|t:|1700872642\n|move|p2a: Zarude|Power Whip|p1a: Alomomola\n|-supereffective|p1a: Alomomola\n|-damage|p1a: Alomomola|38\/100\n|move|p1a: Alomomola|Wish|p1a: Alomomola\n|\n|-heal|p1a: Alomomola|45\/100|[from] item: Leftovers\n|upkeep\n|turn|24\n|\n|t:|1700872651\n|switch|p1a: Camerupt|Camerupt-Mega, M, shiny|23\/100\n|move|p2a: Zarude|Power Whip|p1a: Camerupt\n|-damage|p1a: Camerupt|0 fnt\n|faint|p1a: Camerupt\n|\n|upkeep\n|\n|t:|1700872658\n|switch|p1a: Avalugg|Avalugg-Hisui, M, shiny|38\/100\n|turn|25\n|\n|t:|1700872671\n|move|p1a: Avalugg|Hyper Voice|p2a: Zarude\n|-damage|p2a: Zarude|32\/100\n|move|p2a: Zarude|Darkest Lariat|p1a: Avalugg\n|-supereffective|p1a: Avalugg\n|-damage|p1a: Avalugg|0 fnt\n|replace|p1a: Zoroark|Zoroark-Hisui, M, shiny\n|-end|p1a: Zoroark|Illusion\n|faint|p1a: Zoroark\n|\n|-heal|p2a: Zarude|38\/100|[from] item: Leftovers\n|upkeep\n|c|\u2606MarcusTalks|Yeah I\u2019m floundering\n|\n|t:|1700872695\n|switch|p1a: Avalugg|Avalugg-Hisui, M, shiny|100\/100\n|turn|26\n|c|\u2606PU Rules|Ehh team is grass weak and your bug type isnt bulky enough to switch into stab\n|\n|t:|1700872719\n|-terastallize|p1a: Avalugg|Fairy\n|move|p2a: Zarude|Iron Tail|p1a: Avalugg|[miss]\n|-miss|p2a: Zarude|p1a: Avalugg\n|move|p1a: Avalugg|Tera Blast|p2a: Zarude|[anim] Tera Blast Fairy\n|-supereffective|p2a: Zarude\n|-damage|p2a: Zarude|0 fnt\n|faint|p2a: Zarude\n|\n|upkeep\n|\n|t:|1700872733\n|switch|p2a: Hydreigon|Hydreigon, F|36\/100\n|-damage|p2a: Hydreigon|23\/100|[from] Stealth Rock\n|turn|27\n|\n|t:|1700872739\n|switch|p1a: Alomomola|Alomomola, F|78\/100\n|move|p2a: Hydreigon|Flash Cannon|p1a: Alomomola\n|-resisted|p1a: Alomomola\n|-damage|p1a: Alomomola|52\/100\n|\n|-heal|p1a: Alomomola|59\/100|[from] item: Leftovers\n|upkeep\n|turn|28\n|\n|t:|1700872747\n|switch|p2a: Weavile|Weavile, F|100\/100\n|-damage|p2a: Weavile|76\/100|[from] Stealth Rock\n|-activate|p2a: Weavile|move: Sticky Web\n|-unboost|p2a: Weavile|spe|1\n|-ability|p2a: Weavile|Pressure\n|move|p1a: Alomomola|Wish|p1a: Alomomola\n|\n|-heal|p1a: Alomomola|65\/100|[from] item: Leftovers\n|upkeep\n|turn|29\n|\n|t:|1700872759\n|move|p2a: Weavile|Swords Dance|p2a: Weavile\n|-boost|p2a: Weavile|atk|2\n|move|p1a: Alomomola|Scald|p2a: Weavile\n|-damage|p2a: Weavile|56\/100\n|\n|-heal|p1a: Alomomola|100\/100|[from] move: Wish|[wisher] Alomomola\n|upkeep\n|turn|30\n|c|\u2606MarcusTalks|Gg\n|\n|t:|1700872780\n|move|p1a: Alomomola|Protect|p1a: Alomomola\n|-singleturn|p1a: Alomomola|Protect\n|move|p2a: Weavile|Knock Off|p1a: Alomomola\n|-activate|p1a: Alomomola|move: Protect\n|\n|upkeep\n|turn|31\n|\n|t:|1700872787\n|switch|p1a: Avalugg|Avalugg-Hisui, M, shiny, tera:Fairy|100\/100\n|move|p2a: Weavile|Knock Off|p1a: Avalugg\n|-resisted|p1a: Avalugg\n|-damage|p1a: Avalugg|74\/100\n|-enditem|p1a: Avalugg|Heavy-Duty Boots|[from] move: Knock Off|[of] p2a: Weavile\n|\n|upkeep\n|turn|32\n|\n|t:|1700872795\n|move|p2a: Weavile|Poison Jab|p1a: Avalugg\n|-supereffective|p1a: Avalugg\n|-damage|p1a: Avalugg|16\/100\n|move|p1a: Avalugg|Tera Blast|p2a: Weavile|[anim] Tera Blast Fairy\n|-supereffective|p2a: Weavile\n|-damage|p2a: Weavile|0 fnt\n|faint|p2a: Weavile\n|\n|upkeep\n|c|\u2606PU Rules|F\n|\n|t:|1700872806\n|switch|p2a: Absol|Absol, M|100\/100\n|-damage|p2a: Absol|88\/100|[from] Stealth Rock\n|-activate|p2a: Absol|move: Sticky Web\n|-unboost|p2a: Absol|spe|1\n|turn|33\n|\n|t:|1700872814\n|switch|p1a: Alomomola|Alomomola, F|100\/100\n|detailschange|p2a: Absol|Absol-Mega, M\n|-mega|p2a: Absol|Absol|Absolite\n|move|p2a: Absol|Facade|p1a: Alomomola\n|-damage|p1a: Alomomola|85\/100\n|\n|-heal|p1a: Alomomola|92\/100|[from] item: Leftovers\n|upkeep\n|turn|34\n|\n|t:|1700872826\n|move|p2a: Absol|Knock Off|p1a: Alomomola\n|-damage|p1a: Alomomola|63\/100\n|-enditem|p1a: Alomomola|Leftovers|[from] move: Knock Off|[of] p2a: Absol\n|move|p1a: Alomomola|Wish|p1a: Alomomola\n|\n|upkeep\n|turn|35\n|\n|t:|1700872846\n|switch|p1a: Avalugg|Avalugg-Hisui, M, shiny, tera:Fairy|16\/100\n|move|p2a: Absol|Play Rough|p1a: Avalugg\n|-damage|p1a: Avalugg|0 fnt\n|faint|p1a: Avalugg\n|\n|upkeep\n|\n|t:|1700872855\n|switch|p1a: Garganacl|Garganacl, M|88\/100\n|turn|36\n|\n|t:|1700872859\n|move|p2a: Absol|Close Combat|p1a: Garganacl\n|-supereffective|p1a: Garganacl\n|-damage|p1a: Garganacl|39\/100\n|-unboost|p2a: Absol|def|1\n|-unboost|p2a: Absol|spd|1\n|move|p1a: Garganacl|Salt Cure|p2a: Absol\n|-damage|p2a: Absol|51\/100\n|-start|p2a: Absol|Salt Cure\n|\n|-heal|p1a: Garganacl|45\/100|[from] item: Leftovers\n|-damage|p2a: Absol|39\/100|[from] Salt Cure\n|upkeep\n|turn|37\n|\n|t:|1700872874\n|move|p2a: Absol|Close Combat|p1a: Garganacl\n|-supereffective|p1a: Garganacl\n|-damage|p1a: Garganacl|0 fnt\n|-unboost|p2a: Absol|def|1\n|-unboost|p2a: Absol|spd|1\n|faint|p1a: Garganacl\n|\n|-damage|p2a: Absol|27\/100|[from] Salt Cure\n|upkeep\n|\n|t:|1700872882\n|switch|p1a: Alomomola|Alomomola, F|97\/100\n|turn|38\n|\n|t:|1700872886\n|move|p1a: Alomomola|Protect|p1a: Alomomola\n|-singleturn|p1a: Alomomola|Protect\n|move|p2a: Absol|Close Combat|p1a: Alomomola\n|-activate|p1a: Alomomola|move: Protect\n|\n|-damage|p2a: Absol|15\/100|[from] Salt Cure\n|upkeep\n|turn|39\n|\n|t:|1700872895\n|move|p2a: Absol|Close Combat|p1a: Alomomola\n|-damage|p1a: Alomomola|70\/100\n|-unboost|p2a: Absol|def|1\n|-unboost|p2a: Absol|spd|1\n|move|p1a: Alomomola|Wish|p1a: Alomomola\n|\n|-damage|p2a: Absol|3\/100|[from] Salt Cure\n|upkeep\n|turn|40\n|\n|t:|1700872906\n|move|p2a: Absol|Close Combat|p1a: Alomomola\n|-damage|p1a: Alomomola|45\/100\n|-unboost|p2a: Absol|def|1\n|-unboost|p2a: Absol|spd|1\n|move|p1a: Alomomola|Wish||[still]\n|-fail|p1a: Alomomola\n|\n|-heal|p1a: Alomomola|95\/100|[from] move: Wish|[wisher] Alomomola\n|-damage|p2a: Absol|0 fnt|[from] Salt Cure\n|faint|p2a: Absol\n|upkeep\n|\n|t:|1700872911\n|switch|p2a: Hydreigon|Hydreigon, F|23\/100\n|-damage|p2a: Hydreigon|11\/100|[from] Stealth Rock\n|turn|41\n|\n|t:|1700872926\n|move|p1a: Alomomola|Protect|p1a: Alomomola\n|-singleturn|p1a: Alomomola|Protect\n|move|p2a: Hydreigon|Draco Meteor|p1a: Alomomola\n|-activate|p1a: Alomomola|move: Protect\n|\n|upkeep\n|turn|42\n|\n|t:|1700872932\n|move|p2a: Hydreigon|Draco Meteor|p1a: Alomomola\n|-damage|p1a: Alomomola|0 fnt\n|-unboost|p2a: Hydreigon|spa|2\n|faint|p1a: Alomomola\n|\n|win|PU Rules\n|c|\u2606PU Rules|Ggs\n","uploadtime":1700872944,"views":9,"p1id":"marcustalks","p2id":"purules","formatid":"gen9nationaldex","rating":0,"private":0,"password":""}