{"id":"gen9nationaldex-1993942165","p1":"akxhdwy","p2":"daybreak wave2","format":"[Gen 9] National Dex","log":"|j|\u2606akxhdwy\n|j|\u2606daybreak wave2\n|t:|1700379664\n|gametype|singles\n|player|p1|akxhdwy|swimmerf|1631\n|player|p2|daybreak wave2|lillie-masters2|1467\n|teamsize|p1|6\n|teamsize|p2|6\n|gen|9\n|tier|[Gen 9] National Dex\n|rated|\n|rule|HP Percentage Mod: HP is shown in percentages\n|rule|Endless Battle Clause: Forcing endless battles is banned\n|rule|OHKO Clause: OHKO moves are banned\n|rule|Evasion Clause: Evasion abilities, items, and moves are banned\n|rule|Evasion Abilities Clause: Evasion abilities are banned\n|rule|Evasion Items Clause: Evasion items are banned\n|rule|Evasion Moves Clause: Evasion moves are banned\n|rule|Species Clause: Limit one of each Pok\u00e9mon\n|rule|Sleep Clause Mod: Limit one foe put to sleep\n|clearpoke\n|poke|p1|Rillaboom, F|\n|poke|p1|Heatran, F|\n|poke|p1|Urshifu-*, F|\n|poke|p1|Slowking-Galar, F|\n|poke|p1|Thundurus-Therian, M|\n|poke|p1|Weezing-Galar, F|\n|poke|p2|Pinsir, M|\n|poke|p2|Aegislash, F|\n|poke|p2|Ogerpon-Wellspring, F|\n|poke|p2|Moltres|\n|poke|p2|Electrode-Hisui|\n|poke|p2|Clodsire, F|\n|teampreview\n|inactive|Battle timer is ON: inactive players will automatically lose when time's up. (requested by akxhdwy)\n|\n|t:|1700379689\n|start\n|switch|p1a: Heatran|Heatran, F|100\/100\n|switch|p2a: \u571f~\u2191\u738b|Clodsire, F|100\/100\n|turn|1\n|\n|t:|1700379698\n|move|p1a: Heatran|Stealth Rock|p2a: \u571f~\u2191\u738b\n|-sidestart|p2: daybreak wave2|move: Stealth Rock\n|move|p2a: \u571f~\u2191\u738b|Earthquake|p1a: Heatran\n|-supereffective|p1a: Heatran\n|-damage|p1a: Heatran|16\/100\n|\n|-heal|p1a: Heatran|22\/100|[from] item: Leftovers\n|upkeep\n|turn|2\n|\n|t:|1700379706\n|switch|p1a: Rillaboom|Rillaboom, F|100\/100\n|-fieldstart|move: Grassy Terrain|[from] ability: Grassy Surge|[of] p1a: Rillaboom\n|switch|p2a: \u70c8\u7bad\u9e70|Moltres|100\/100\n|\n|upkeep\n|turn|3\n|\n|t:|1700379715\n|switch|p1a: Slowking|Slowking-Galar, F|100\/100\n|move|p2a: \u70c8\u7bad\u9e70|Defog|p1a: Slowking\n|-unboost|p1a: Slowking|evasion|1\n|-sideend|p2: daybreak wave2|Stealth Rock|[from] move: Defog|[of] p2a: \u70c8\u7bad\u9e70\n|-fieldend|move: Grassy Terrain\n|\n|upkeep\n|turn|4\n|\n|t:|1700379720\n|switch|p2a: \u585e\u8c6a\u5bcc|Aegislash, F, shiny|100\/100\n|move|p1a: Slowking|Future Sight|p2a: \u585e\u8c6a\u5bcc\n|-start|p1a: Slowking|move: Future Sight\n|\n|upkeep\n|turn|5\n|\n|t:|1700379732\n|switch|p1a: Urshifu|Urshifu-Rapid-Strike, F|100\/100\n|-zpower|p2a: \u585e\u8c6a\u5bcc\n|-formechange|p2a: \u585e\u8c6a\u5bcc|Aegislash-Blade||[from] ability: Stance Change\n|move|p2a: \u585e\u8c6a\u5bcc|Never-Ending Nightmare|p1a: Urshifu|[zeffect]\n|-damage|p1a: Urshifu|0 fnt\n|faint|p1a: Urshifu\n|\n|upkeep\n|\n|t:|1700379737\n|switch|p1a: Thundurus|Thundurus-Therian, M|100\/100\n|turn|6\n|\n|t:|1700379753\n|-terastallize|p1a: Thundurus|Flying\n|move|p1a: Thundurus|Tera Blast|p2a: \u585e\u8c6a\u5bcc|[anim] Tera Blast Flying\n|-resisted|p2a: \u585e\u8c6a\u5bcc\n|-damage|p2a: \u585e\u8c6a\u5bcc|49\/100\n|move|p2a: \u585e\u8c6a\u5bcc|Shadow Ball|p1a: Thundurus\n|-damage|p1a: Thundurus|37\/100\n|\n|-end|p2a: \u585e\u8c6a\u5bcc|move: Future Sight\n|-resisted|p2a: \u585e\u8c6a\u5bcc\n|-damage|p2a: \u585e\u8c6a\u5bcc|10\/100\n|upkeep\n|turn|7\n|\n|t:|1700379764\n|-formechange|p2a: \u585e\u8c6a\u5bcc|Aegislash||[from] ability: Stance Change\n|move|p2a: \u585e\u8c6a\u5bcc|King's Shield|p2a: \u585e\u8c6a\u5bcc\n|-singleturn|p2a: \u585e\u8c6a\u5bcc|Protect\n|move|p1a: Thundurus|Tera Blast|p2a: \u585e\u8c6a\u5bcc|[anim] Tera Blast Flying\n|-activate|p2a: \u585e\u8c6a\u5bcc|move: Protect\n|\n|upkeep\n|turn|8\n|\n|t:|1700379789\n|-formechange|p2a: \u585e\u8c6a\u5bcc|Aegislash-Blade||[from] ability: Stance Change\n|move|p2a: \u585e\u8c6a\u5bcc|Shadow Sneak|p1a: Thundurus\n|-damage|p1a: Thundurus|8\/100\n|move|p1a: Thundurus|Tera Blast|p2a: \u585e\u8c6a\u5bcc|[anim] Tera Blast Flying\n|-resisted|p2a: \u585e\u8c6a\u5bcc\n|-damage|p2a: \u585e\u8c6a\u5bcc|0 fnt\n|faint|p2a: \u585e\u8c6a\u5bcc\n|\n|upkeep\n|\n|t:|1700379795\n|switch|p2a: \u7532\u54e5|Pinsir, M, shiny|100\/100\n|turn|9\n|\n|t:|1700379805\n|switch|p1a: Slowking|Slowking-Galar, F|100\/100\n|move|p2a: \u7532\u54e5|Quick Attack|p1a: Slowking\n|-damage|p1a: Slowking|90\/100\n|\n|upkeep\n|turn|10\n|\n|t:|1700379811\n|detailschange|p2a: \u7532\u54e5|Pinsir-Mega, M, shiny\n|-mega|p2a: \u7532\u54e5|Pinsir|Pinsirite\n|move|p2a: \u7532\u54e5|Earthquake|p1a: Slowking\n|-supereffective|p1a: Slowking\n|-damage|p1a: Slowking|32\/100\n|move|p1a: Slowking|Future Sight|p2a: \u7532\u54e5\n|-start|p1a: Slowking|move: Future Sight\n|\n|upkeep\n|turn|11\n|\n|t:|1700379821\n|switch|p1a: Weezing|Weezing-Galar, F|100\/100\n|-ability|p1a: Weezing|Neutralizing Gas\n|move|p2a: \u7532\u54e5|Return|p1a: Weezing\n|-damage|p1a: Weezing|76\/100\n|\n|-heal|p1a: Weezing|82\/100|[from] item: Leftovers\n|upkeep\n|turn|12\n|\n|t:|1700379834\n|switch|p2a: \u6d1b\u6258\u59c6-\u5207\u5272|Electrode-Hisui|100\/100\n|move|p1a: Weezing|Toxic Spikes|p2a: \u6d1b\u6258\u59c6-\u5207\u5272\n|-sidestart|p2: daybreak wave2|move: Toxic Spikes\n|\n|-end|p2a: \u6d1b\u6258\u59c6-\u5207\u5272|move: Future Sight\n|-damage|p2a: \u6d1b\u6258\u59c6-\u5207\u5272|29\/100\n|-heal|p1a: Weezing|88\/100|[from] item: Leftovers\n|upkeep\n|turn|13\n|\n|t:|1700379842\n|-end|p1a: Weezing|ability: Neutralizing Gas\n|switch|p1a: Heatran|Heatran, F|22\/100\n|move|p2a: \u6d1b\u6258\u59c6-\u5207\u5272|Volt Switch|p1a: Heatran\n|-damage|p1a: Heatran|0 fnt\n|faint|p1a: Heatran\n|\n|t:|1700379848\n|switch|p2a: \u571f~\u2191\u738b|Clodsire, F|100\/100|[from] Volt Switch\n|-sideend|p2: daybreak wave2|move: Toxic Spikes|[of] p2a: \u571f~\u2191\u738b\n|\n|upkeep\n|\n|t:|1700379856\n|switch|p1a: Slowking|Slowking-Galar, F|65\/100\n|turn|14\n|\n|t:|1700379868\n|move|p2a: \u571f~\u2191\u738b|Earthquake|p1a: Slowking\n|-supereffective|p1a: Slowking\n|-damage|p1a: Slowking|17\/100\n|move|p1a: Slowking|Future Sight|p2a: \u571f~\u2191\u738b\n|-start|p1a: Slowking|move: Future Sight\n|\n|upkeep\n|turn|15\n|\n|t:|1700379889\n|switch|p2a: \u6d1b\u6258\u59c6-\u5207\u5272|Electrode-Hisui|29\/100\n|switch|p1a: Rillaboom|Rillaboom, F|100\/100\n|-fieldstart|move: Grassy Terrain|[from] ability: Grassy Surge|[of] p1a: Rillaboom\n|\n|-heal|p2a: \u6d1b\u6258\u59c6-\u5207\u5272|35\/100|[from] Grassy Terrain\n|upkeep\n|turn|16\n|\n|t:|1700379899\n|move|p2a: \u6d1b\u6258\u59c6-\u5207\u5272|Leaf Storm|p1a: Rillaboom\n|-resisted|p1a: Rillaboom\n|-damage|p1a: Rillaboom|40\/100\n|-unboost|p2a: \u6d1b\u6258\u59c6-\u5207\u5272|spa|2\n|move|p1a: Rillaboom|Knock Off|p2a: \u6d1b\u6258\u59c6-\u5207\u5272\n|-damage|p2a: \u6d1b\u6258\u59c6-\u5207\u5272|0 fnt\n|-damage|p1a: Rillaboom|15\/100|[from] ability: Aftermath|[of] p2a: \u6d1b\u6258\u59c6-\u5207\u5272\n|-enditem|p2a: \u6d1b\u6258\u59c6-\u5207\u5272|Choice Specs|[from] move: Knock Off|[of] p1a: Rillaboom\n|faint|p2a: \u6d1b\u6258\u59c6-\u5207\u5272\n|\n|-hint|Future Sight did not hit because the target is fainted.\n|-heal|p1a: Rillaboom|21\/100|[from] Grassy Terrain\n|upkeep\n|inactive|daybreak wave2 has 120 seconds left.\n|\n|t:|1700379914\n|switch|p2a: \u7532\u54e5|Pinsir-Mega, M, shiny|100\/100\n|turn|17\n|\n|t:|1700379920\n|switch|p1a: Weezing|Weezing-Galar, F|88\/100\n|-ability|p1a: Weezing|Neutralizing Gas\n|move|p2a: \u7532\u54e5|Swords Dance|p2a: \u7532\u54e5\n|-boost|p2a: \u7532\u54e5|atk|2\n|\n|-heal|p1a: Weezing|94\/100|[from] Grassy Terrain\n|-heal|p1a: Weezing|99\/100|[from] item: Leftovers\n|upkeep\n|turn|18\n|\n|t:|1700379930\n|move|p2a: \u7532\u54e5|Return|p1a: Weezing\n|-damage|p1a: Weezing|49\/100\n|move|p1a: Weezing|Will-O-Wisp|p2a: \u7532\u54e5\n|-status|p2a: \u7532\u54e5|brn\n|\n|-heal|p1a: Weezing|55\/100|[from] Grassy Terrain\n|-heal|p1a: Weezing|61\/100|[from] item: Leftovers\n|-damage|p2a: \u7532\u54e5|95\/100 brn|[from] brn\n|upkeep\n|turn|19\n|\n|t:|1700379943\n|move|p2a: \u7532\u54e5|Swords Dance|p2a: \u7532\u54e5\n|-boost|p2a: \u7532\u54e5|atk|2\n|move|p1a: Weezing|Strange Steam|p2a: \u7532\u54e5\n|-damage|p2a: \u7532\u54e5|55\/100 brn\n|\n|-heal|p1a: Weezing|67\/100|[from] Grassy Terrain\n|-heal|p1a: Weezing|73\/100|[from] item: Leftovers\n|-damage|p2a: \u7532\u54e5|49\/100 brn|[from] brn\n|-fieldend|move: Grassy Terrain\n|upkeep\n|turn|20\n|\n|t:|1700379948\n|move|p2a: \u7532\u54e5|Return|p1a: Weezing\n|-crit|p1a: Weezing\n|-damage|p1a: Weezing|13\/100\n|move|p1a: Weezing|Strange Steam|p2a: \u7532\u54e5\n|-damage|p2a: \u7532\u54e5|10\/100 brn\n|\n|-heal|p1a: Weezing|19\/100|[from] item: Leftovers\n|-damage|p2a: \u7532\u54e5|4\/100 brn|[from] brn\n|upkeep\n|turn|21\n|\n|t:|1700379964\n|-end|p1a: Weezing|ability: Neutralizing Gas\n|switch|p1a: Thundurus|Thundurus-Therian, M, tera:Flying|8\/100\n|move|p2a: \u7532\u54e5|Return|p1a: Thundurus\n|-damage|p1a: Thundurus|0 fnt\n|faint|p1a: Thundurus\n|\n|-damage|p2a: \u7532\u54e5|0 fnt|[from] brn\n|faint|p2a: \u7532\u54e5\n|upkeep\n|\n|t:|1700379982\n|switch|p2a: \u70c8\u7bad\u9e70|Moltres|100\/100\n|switch|p1a: Slowking|Slowking-Galar, F|51\/100\n|turn|22\n|\n|t:|1700379994\n|switch|p2a: \u571f~\u2191\u738b|Clodsire, F|100\/100\n|move|p1a: Slowking|Future Sight|p2a: \u571f~\u2191\u738b\n|-start|p1a: Slowking|move: Future Sight\n|\n|upkeep\n|turn|23\n|\n|t:|1700380005\n|move|p2a: \u571f~\u2191\u738b|Toxic|p1a: Slowking\n|-immune|p1a: Slowking\n|move|p1a: Slowking|Chilly Reception|p1a: Slowking\n|-weather|Snow\n|\n|t:|1700380034\n|switch|p1a: Rillaboom|Rillaboom, F|21\/100|[from] Chilly Reception\n|-fieldstart|move: Grassy Terrain|[from] ability: Grassy Surge|[of] p1a: Rillaboom\n|\n|-weather|Snow|[upkeep]\n|-heal|p1a: Rillaboom|27\/100|[from] Grassy Terrain\n|upkeep\n|turn|24\n|\n|t:|1700380040\n|-terastallize|p2a: \u571f~\u2191\u738b|Dark\n|move|p1a: Rillaboom|Knock Off|p2a: \u571f~\u2191\u738b\n|-resisted|p2a: \u571f~\u2191\u738b\n|-damage|p2a: \u571f~\u2191\u738b|68\/100\n|-enditem|p2a: \u571f~\u2191\u738b|Heavy-Duty Boots|[from] move: Knock Off|[of] p1a: Rillaboom\n|move|p2a: \u571f~\u2191\u738b|Toxic|p1a: Rillaboom\n|-status|p1a: Rillaboom|tox\n|\n|-weather|Snow|[upkeep]\n|-end|p2a: \u571f~\u2191\u738b|move: Future Sight\n|-immune|p2a: \u571f~\u2191\u738b\n|-heal|p1a: Rillaboom|34\/100 tox|[from] Grassy Terrain\n|-heal|p2a: \u571f~\u2191\u738b|74\/100|[from] Grassy Terrain\n|-damage|p1a: Rillaboom|27\/100 tox|[from] psn\n|upkeep\n|turn|25\n|\n|t:|1700380047\n|switch|p1a: Slowking|Slowking-Galar, F|84\/100\n|move|p2a: \u571f~\u2191\u738b|Recover|p2a: \u571f~\u2191\u738b\n|-heal|p2a: \u571f~\u2191\u738b|100\/100\n|\n|-weather|Snow|[upkeep]\n|-heal|p1a: Slowking|90\/100|[from] Grassy Terrain\n|upkeep\n|turn|26\n|\n|t:|1700380060\n|move|p2a: \u571f~\u2191\u738b|Earthquake|p1a: Slowking\n|-supereffective|p1a: Slowking\n|-damage|p1a: Slowking|68\/100\n|move|p1a: Slowking|Thunder Wave|p2a: \u571f~\u2191\u738b\n|-status|p2a: \u571f~\u2191\u738b|par\n|\n|-weather|Snow|[upkeep]\n|-heal|p1a: Slowking|74\/100|[from] Grassy Terrain\n|upkeep\n|turn|27\n|\n|t:|1700380070\n|move|p1a: Slowking|Future Sight|p2a: \u571f~\u2191\u738b\n|-start|p1a: Slowking|move: Future Sight\n|cant|p2a: \u571f~\u2191\u738b|par\n|\n|-weather|none\n|-heal|p1a: Slowking|80\/100|[from] Grassy Terrain\n|-fieldend|move: Grassy Terrain\n|upkeep\n|turn|28\n|\n|t:|1700380073\n|move|p1a: Slowking|Chilly Reception|p1a: Slowking\n|-weather|Snow\n|\n|t:|1700380077\n|switch|p1a: Rillaboom|Rillaboom, F|27\/100 tox|[from] Chilly Reception\n|-fieldstart|move: Grassy Terrain|[from] ability: Grassy Surge|[of] p1a: Rillaboom\n|move|p2a: \u571f~\u2191\u738b|Stealth Rock|p1a: Rillaboom\n|-sidestart|p1: akxhdwy|move: Stealth Rock\n|\n|-weather|Snow|[upkeep]\n|-heal|p1a: Rillaboom|34\/100 tox|[from] Grassy Terrain\n|-damage|p1a: Rillaboom|27\/100 tox|[from] psn\n|upkeep\n|turn|29\n|\n|t:|1700380082\n|move|p1a: Rillaboom|Wood Hammer|p2a: \u571f~\u2191\u738b\n|-damage|p2a: \u571f~\u2191\u738b|0 fnt\n|faint|p2a: \u571f~\u2191\u738b\n|-damage|p1a: Rillaboom|0 fnt|[from] Recoil\n|faint|p1a: Rillaboom\n|\n|-weather|Snow|[upkeep]\n|-hint|Future Sight did not hit because the target is fainted.\n|upkeep\n|\n|t:|1700380094\n|switch|p1a: Slowking|Slowking-Galar, F|100\/100\n|switch|p2a: \u6c34\u72f1\u5352|Ogerpon-Wellspring, F|100\/100\n|turn|30\n|\n|t:|1700380099\n|move|p2a: \u6c34\u72f1\u5352|Taunt|p1a: Slowking\n|-start|p1a: Slowking|move: Taunt\n|move|p1a: Slowking|Sludge Bomb|p2a: \u6c34\u72f1\u5352\n|-supereffective|p2a: \u6c34\u72f1\u5352\n|-damage|p2a: \u6c34\u72f1\u5352|27\/100\n|\n|-weather|Snow|[upkeep]\n|-heal|p2a: \u6c34\u72f1\u5352|33\/100|[from] Grassy Terrain\n|upkeep\n|turn|31\n|\n|t:|1700380112\n|move|p2a: \u6c34\u72f1\u5352|Ivy Cudgel|p1a: Slowking|[anim] Ivy Cudgel Water\n|-damage|p1a: Slowking|56\/100\n|move|p1a: Slowking|Sludge Bomb|p2a: \u6c34\u72f1\u5352\n|-supereffective|p2a: \u6c34\u72f1\u5352\n|-damage|p2a: \u6c34\u72f1\u5352|0 fnt\n|faint|p2a: \u6c34\u72f1\u5352\n|\n|-weather|Snow|[upkeep]\n|-heal|p1a: Slowking|62\/100|[from] Grassy Terrain\n|upkeep\n|\n|t:|1700380116\n|switch|p2a: \u70c8\u7bad\u9e70|Moltres|100\/100\n|turn|32\n|\n|t:|1700380119\n|move|p2a: \u70c8\u7bad\u9e70|Flamethrower|p1a: Slowking\n|-damage|p1a: Slowking|35\/100\n|move|p1a: Slowking|Future Sight|p2a: \u70c8\u7bad\u9e70\n|-start|p1a: Slowking|move: Future Sight\n|\n|-weather|none\n|-heal|p1a: Slowking|41\/100|[from] Grassy Terrain\n|-end|p1a: Slowking|move: Taunt\n|-fieldend|move: Grassy Terrain\n|upkeep\n|turn|33\n|\n|t:|1700380126\n|move|p2a: \u70c8\u7bad\u9e70|Flamethrower|p1a: Slowking\n|-damage|p1a: Slowking|12\/100\n|move|p1a: Slowking|Chilly Reception|p1a: Slowking\n|-weather|Snow\n|\n|t:|1700380128\n|switch|p1a: Weezing|Weezing-Galar, F|19\/100|[from] Chilly Reception\n|-ability|p1a: Weezing|Neutralizing Gas\n|-damage|p1a: Weezing|7\/100|[from] Stealth Rock\n|\n|-weather|Snow|[upkeep]\n|-heal|p1a: Weezing|13\/100|[from] item: Leftovers\n|upkeep\n|turn|34\n|\n|t:|1700380133\n|move|p2a: \u70c8\u7bad\u9e70|Flamethrower|p1a: Weezing\n|-damage|p1a: Weezing|0 fnt\n|faint|p1a: Weezing\n|-end|p1a: Weezing|ability: Neutralizing Gas\n|\n|-weather|Snow|[upkeep]\n|-end|p2a: \u70c8\u7bad\u9e70|move: Future Sight\n|-crit|p2a: \u70c8\u7bad\u9e70\n|-damage|p2a: \u70c8\u7bad\u9e70|33\/100\n|upkeep\n|\n|t:|1700380135\n|switch|p1a: Slowking|Slowking-Galar, F|46\/100\n|turn|35\n|\n|t:|1700380141\n|move|p2a: \u70c8\u7bad\u9e70|Flamethrower|p1a: Slowking\n|-damage|p1a: Slowking|18\/100\n|move|p1a: Slowking|Sludge Bomb|p2a: \u70c8\u7bad\u9e70\n|-damage|p2a: \u70c8\u7bad\u9e70|1\/100\n|\n|-weather|Snow|[upkeep]\n|upkeep\n|turn|36\n|\n|t:|1700380148\n|move|p2a: \u70c8\u7bad\u9e70|Flamethrower|p1a: Slowking\n|-damage|p1a: Slowking|0 fnt\n|faint|p1a: Slowking\n|\n|win|daybreak wave2\n|raw|akxhdwy's rating: 1631 &rarr; <strong>1602<\/strong><br \/>(-29 for losing)\n|raw|daybreak wave2's rating: 1467 &rarr; <strong>1496<\/strong><br \/>(+29 for winning)\n|l|\u2606akxhdwy\n","uploadtime":1700380155,"views":7,"p1id":"akxhdwy","p2id":"daybreakwave2","formatid":"gen9nationaldex","rating":1496,"private":0,"password":""}