{"id":"gen9nationaldex-1989005002","p1":"Randomz Only","p2":"XxsasoriGX","format":"[Gen 9] National Dex","log":"|j|\u2606Randomz Only\n|j|\u2606XxsasoriGX\n|t:|1699801136\n|gametype|singles\n|player|p1|Randomz Only|1|1206\n|player|p2|XxsasoriGX|n|1180\n|teamsize|p1|6\n|teamsize|p2|6\n|gen|9\n|tier|[Gen 9] National Dex\n|rated|\n|rule|HP Percentage Mod: HP is shown in percentages\n|rule|Endless Battle Clause: Forcing endless battles is banned\n|rule|OHKO Clause: OHKO moves are banned\n|rule|Evasion Clause: Evasion abilities, items, and moves are banned\n|rule|Evasion Abilities Clause: Evasion abilities are banned\n|rule|Evasion Items Clause: Evasion items are banned\n|rule|Evasion Moves Clause: Evasion moves are banned\n|rule|Species Clause: Limit one of each Pok\u00e9mon\n|rule|Sleep Clause Mod: Limit one foe put to sleep\n|clearpoke\n|poke|p1|Zorua-Hisui, M|\n|poke|p1|Samurott-Hisui, F|\n|poke|p1|Kartana|\n|poke|p1|Kyurem|\n|poke|p1|Banette, M|\n|poke|p1|Tapu Lele|\n|poke|p2|Garchomp, M|\n|poke|p2|Tauros-Paldea-Blaze, M|\n|poke|p2|Urshifu-*, M|\n|poke|p2|Tyranitar, M|\n|poke|p2|Zapdos|\n|poke|p2|Zoroark, M|\n|teampreview\n|inactive|Battle timer is ON: inactive players will automatically lose when time's up. (requested by XxsasoriGX)\n|\n|t:|1699801156\n|start\n|switch|p1a: Samurott|Samurott-Hisui, F|100\/100\n|switch|p2a: Zapdos|Zapdos|100\/100\n|turn|1\n|\n|t:|1699801168\n|-terastallize|p1a: Samurott|Grass\n|move|p2a: Zapdos|Swords Dance|p2a: Zapdos\n|-boost|p2a: Zapdos|atk|2\n|move|p1a: Samurott|Ceaseless Edge|p2a: Zapdos\n|-resisted|p2a: Zapdos\n|-damage|p2a: Zapdos|64\/100\n|replace|p2a: Zoroark|Zoroark, M, shiny\n|-end|p2a: Zoroark|Illusion\n|-sidestart|p2: XxsasoriGX|Spikes\n|\n|upkeep\n|turn|2\n|\n|t:|1699801177\n|move|p2a: Zoroark|Agility|p2a: Zoroark\n|-boost|p2a: Zoroark|spe|2\n|move|p1a: Samurott|Aqua Cutter|p2a: Zoroark\n|-damage|p2a: Zoroark|0 fnt\n|faint|p2a: Zoroark\n|\n|upkeep\n|\n|t:|1699801186\n|switch|p2a: Tauros|Tauros-Paldea-Blaze, M|100\/100\n|-damage|p2a: Tauros|88\/100|[from] Spikes\n|turn|3\n|\n|t:|1699801195\n|move|p2a: Tauros|Raging Bull|p1a: Samurott\n|-supereffective|p1a: Samurott\n|-damage|p1a: Samurott|3\/100\n|move|p1a: Samurott|Aqua Cutter|p2a: Tauros\n|-supereffective|p2a: Tauros\n|-damage|p2a: Tauros|4\/100\n|\n|upkeep\n|turn|4\n|\n|t:|1699801205\n|move|p2a: Tauros|Raging Bull|p1a: Samurott\n|-supereffective|p1a: Samurott\n|-damage|p1a: Samurott|0 fnt\n|faint|p1a: Samurott\n|\n|upkeep\n|\n|t:|1699801209\n|switch|p1a: Kartana|Kartana|100\/100\n|turn|5\n|\n|t:|1699801214\n|move|p1a: Kartana|Leaf Blade|p2a: Tauros\n|-resisted|p2a: Tauros\n|-damage|p2a: Tauros|0 fnt\n|faint|p2a: Tauros\n|-ability|p1a: Kartana|Beast Boost|boost\n|-boost|p1a: Kartana|atk|1\n|\n|upkeep\n|\n|t:|1699801226\n|switch|p2a: Zapdos|Zapdos|100\/100\n|turn|6\n|\n|t:|1699801235\n|move|p1a: Kartana|Psycho Cut|p2a: Zapdos\n|-damage|p2a: Zapdos|39\/100\n|move|p2a: Zapdos|Thunder Wave|p1a: Kartana\n|-status|p1a: Kartana|par\n|\n|upkeep\n|turn|7\n|\n|t:|1699801249\n|move|p2a: Zapdos|Defog|p1a: Kartana\n|-unboost|p1a: Kartana|evasion|1\n|-sideend|p2: XxsasoriGX|Spikes|[from] move: Defog|[of] p2a: Zapdos\n|move|p1a: Kartana|Psycho Cut|p2a: Zapdos\n|-damage|p2a: Zapdos|0 fnt\n|faint|p2a: Zapdos\n|-ability|p1a: Kartana|Beast Boost|boost\n|-boost|p1a: Kartana|atk|1\n|\n|upkeep\n|\n|t:|1699801255\n|switch|p2a: Urshifu|Urshifu-Rapid-Strike, M|100\/100\n|turn|8\n|\n|t:|1699801266\n|move|p2a: Urshifu|Swords Dance|p2a: Urshifu\n|-boost|p2a: Urshifu|atk|2\n|cant|p1a: Kartana|par\n|\n|upkeep\n|turn|9\n|\n|t:|1699801270\n|move|p2a: Urshifu|Close Combat|p1a: Kartana\n|-supereffective|p1a: Kartana\n|-enditem|p1a: Kartana|Focus Sash\n|-damage|p1a: Kartana|1\/100 par\n|-unboost|p2a: Urshifu|def|1\n|-unboost|p2a: Urshifu|spd|1\n|cant|p1a: Kartana|par\n|\n|upkeep\n|turn|10\n|\n|t:|1699801277\n|move|p2a: Urshifu|Trailblaze|p1a: Kartana\n|-resisted|p1a: Kartana\n|-crit|p1a: Kartana\n|-damage|p1a: Kartana|0 fnt\n|-boost|p2a: Urshifu|spe|1\n|faint|p1a: Kartana\n|\n|upkeep\n|c|\u2606Randomz Only|Stupid btch\n|\n|t:|1699801292\n|switch|p1a: Banette|Banette, M|100\/100\n|-item|p2a: Urshifu|Punching Glove|[from] ability: Frisk|[of] p1a: Banette|[identify]\n|turn|11\n|\n|t:|1699801297\n|detailschange|p1a: Banette|Banette-Mega, M\n|-mega|p1a: Banette|Banette|Banettite\n|move|p1a: Banette|Destiny Bond|p1a: Banette\n|-singlemove|p1a: Banette|Destiny Bond\n|move|p2a: Urshifu|Surging Strikes|p1a: Banette\n|-crit|p1a: Banette\n|-damage|p1a: Banette|41\/100\n|-crit|p1a: Banette\n|-damage|p1a: Banette|0 fnt\n|faint|p1a: Banette\n|-activate|p1a: Banette|move: Destiny Bond\n|faint|p2a: Urshifu\n|-hitcount|p1: Banette|2\n|\n|upkeep\n|\n|t:|1699801310\n|switch|p2a: Tyranitar|Tyranitar, M|100\/100\n|switch|p1a: Tapu Lele|Tapu Lele|100\/100\n|-fieldstart|move: Psychic Terrain|[from] ability: Psychic Surge|[of] p1a: Tapu Lele\n|-weather|Sandstorm|[from] ability: Sand Stream|[of] p2a: Tyranitar\n|turn|12\n|\n|t:|1699801318\n|detailschange|p2a: Tyranitar|Tyranitar-Mega, M\n|-mega|p2a: Tyranitar|Tyranitar|Tyranitarite\n|move|p1a: Tapu Lele|Moonblast|p2a: Tyranitar\n|-supereffective|p2a: Tyranitar\n|-damage|p2a: Tyranitar|51\/100\n|move|p2a: Tyranitar|Crunch|p1a: Tapu Lele\n|-damage|p1a: Tapu Lele|15\/100\n|\n|-weather|Sandstorm|[upkeep]\n|-damage|p1a: Tapu Lele|9\/100|[from] Sandstorm\n|upkeep\n|turn|13\n|\n|t:|1699801323\n|move|p1a: Tapu Lele|Moonblast|p2a: Tyranitar\n|-supereffective|p2a: Tyranitar\n|-damage|p2a: Tyranitar|3\/100\n|move|p2a: Tyranitar|Crunch|p1a: Tapu Lele\n|-damage|p1a: Tapu Lele|0 fnt\n|faint|p1a: Tapu Lele\n|\n|-weather|Sandstorm|[upkeep]\n|upkeep\n|\n|t:|1699801331\n|switch|p1a: Kyurem|Kyurem|100\/100\n|turn|14\n|\n|t:|1699801338\n|move|p1a: Kyurem|U-turn|p2a: Tyranitar\n|-supereffective|p2a: Tyranitar\n|-damage|p2a: Tyranitar|0 fnt\n|faint|p2a: Tyranitar\n|\n|t:|1699801340\n|switch|p1a: Kyurem|Kyurem|100\/100|[from] U-turn\n|-ability|p1a: Kyurem|Pressure\n|\n|-weather|Sandstorm|[upkeep]\n|-damage|p1a: Kyurem|94\/100|[from] Sandstorm\n|upkeep\n|inactive|XxsasoriGX has 120 seconds left.\n|\n|t:|1699801379\n|switch|p2a: Garchomp|Garchomp, M|100\/100\n|turn|15\n|inactive|XxsasoriGX has 120 seconds left.\n|c|\u2606XxsasoriGX|gg\n|\n|t:|1699801412\n|-terastallize|p2a: Garchomp|Steel\n|move|p1a: Kyurem|Ice Beam|p2a: Garchomp\n|-resisted|p2a: Garchomp\n|-damage|p2a: Garchomp|71\/100\n|move|p2a: Garchomp|Swords Dance|p2a: Garchomp\n|-boost|p2a: Garchomp|atk|2\n|\n|-weather|Sandstorm|[upkeep]\n|-damage|p1a: Kyurem|88\/100|[from] Sandstorm\n|upkeep\n|turn|16\n|\n|t:|1699801422\n|switch|p1a: Kyurem|Kyurem|100\/100\n|move|p2a: Garchomp|Scale Shot|p1a: Kyurem\n|-damage|p1a: Kyurem|9\/100\n|replace|p1a: Zorua|Zorua-Hisui, M, shiny\n|-end|p1a: Zorua|Illusion\n|-damage|p1a: Zorua|0 fnt\n|faint|p1a: Zorua\n|-hitcount|p1: Zorua|2\n|-unboost|p2a: Garchomp|def|1\n|-boost|p2a: Garchomp|spe|1\n|\n|-weather|none\n|-fieldend|move: Psychic Terrain\n|upkeep\n|\n|t:|1699801427\n|switch|p1a: Kyurem|Kyurem|88\/100\n|-ability|p1a: Kyurem|Pressure\n|turn|17\n|\n|t:|1699801431\n|move|p2a: Garchomp|Scale Shot|p1a: Kyurem\n|-supereffective|p1a: Kyurem\n|-damage|p1a: Kyurem|39\/100\n|-supereffective|p1a: Kyurem\n|-damage|p1a: Kyurem|0 fnt\n|faint|p1a: Kyurem\n|-hitcount|p1: Kyurem|2\n|\n|win|XxsasoriGX\n|raw|Randomz Only's rating: 1206 &rarr; <strong>1179<\/strong><br \/>(-27 for losing)\n|raw|XxsasoriGX's rating: 1180 &rarr; <strong>1207<\/strong><br \/>(+27 for winning)\n","uploadtime":1699801286,"views":4,"p1id":"randomzonly","p2id":"xxsasorigx","formatid":"gen9nationaldex","rating":1179,"private":0,"password":""}