{"id":"gen9nationaldex-1992287492","p1":"MMQZA7","p2":"Dav1de","format":"[Gen 9] National Dex","log":"|j|\u2606MMQZA7\n|j|\u2606Dav1de\n|t:|1700171137\n|gametype|singles\n|player|p1|MMQZA7|170|1498\n|player|p2|Dav1de|falkner|1483\n|teamsize|p1|6\n|teamsize|p2|6\n|gen|9\n|tier|[Gen 9] National Dex\n|rated|\n|rule|HP Percentage Mod: HP is shown in percentages\n|rule|Endless Battle Clause: Forcing endless battles is banned\n|rule|OHKO Clause: OHKO moves are banned\n|rule|Evasion Clause: Evasion abilities, items, and moves are banned\n|rule|Evasion Abilities Clause: Evasion abilities are banned\n|rule|Evasion Items Clause: Evasion items are banned\n|rule|Evasion Moves Clause: Evasion moves are banned\n|rule|Species Clause: Limit one of each Pok\u00e9mon\n|rule|Sleep Clause Mod: Limit one foe put to sleep\n|clearpoke\n|poke|p1|Swellow, F|\n|poke|p1|Lopunny, F|\n|poke|p1|Garchomp, F|\n|poke|p1|Corviknight, F|\n|poke|p1|Clodsire, F|\n|poke|p1|Ogerpon-Cornerstone, F|\n|poke|p2|Beedrill, F|\n|poke|p2|Landorus-Therian, M|\n|poke|p2|Tornadus-Therian, M|\n|poke|p2|Slowking, F|\n|poke|p2|Kartana|\n|poke|p2|Magnezone|\n|teampreview\n|\n|t:|1700171146\n|start\n|switch|p1a: Garchomp|Garchomp, F|100\/100\n|switch|p2a: Beedrill|Beedrill, F, shiny|100\/100\n|turn|1\n|\n|t:|1700171151\n|detailschange|p2a: Beedrill|Beedrill-Mega, F, shiny\n|-mega|p2a: Beedrill|Beedrill|Beedrillite\n|move|p1a: Garchomp|Outrage|p2a: Beedrill\n|-damage|p2a: Beedrill|0 fnt\n|faint|p2a: Beedrill\n|\n|upkeep\n|\n|t:|1700171160\n|switch|p2a: Landorus|Landorus-Therian, M, shiny|100\/100\n|-ability|p2a: Landorus|Intimidate|boost\n|-unboost|p1a: Garchomp|atk|1\n|turn|2\n|\n|t:|1700171170\n|move|p1a: Garchomp|Outrage|p2a: Landorus|[from]lockedmove\n|-damage|p2a: Landorus|69\/100\n|-start|p1a: Garchomp|confusion|[fatigue]\n|move|p2a: Landorus|U-turn|p1a: Garchomp\n|-damage|p1a: Garchomp|76\/100\n|-damage|p2a: Landorus|57\/100|[from] ability: Rough Skin|[of] p1a: Garchomp\n|\n|t:|1700171178\n|switch|p2a: Kartana|Kartana, shiny|100\/100|[from] U-turn\n|\n|upkeep\n|turn|3\n|\n|t:|1700171181\n|switch|p1a: Corviknight|Corviknight, F|100\/100\n|-ability|p1a: Corviknight|Pressure\n|move|p2a: Kartana|Leaf Blade|p1a: Corviknight\n|-resisted|p1a: Corviknight\n|-crit|p1a: Corviknight\n|-damage|p1a: Corviknight|88\/100\n|-damage|p2a: Kartana|84\/100|[from] item: Rocky Helmet|[of] p1a: Corviknight\n|\n|upkeep\n|turn|4\n|\n|t:|1700171185\n|switch|p2a: Magnezone|Magnezone, shiny|100\/100\n|move|p1a: Corviknight|U-turn|p2a: Magnezone\n|-resisted|p2a: Magnezone\n|-damage|p2a: Magnezone|94\/100\n|\n|t:|1700171192\n|switch|p1a: Lopunny|Lopunny, F|100\/100|[from] U-turn\n|\n|upkeep\n|turn|5\n|\n|t:|1700171204\n|detailschange|p1a: Lopunny|Lopunny-Mega, F\n|-mega|p1a: Lopunny|Lopunny|Lopunnite\n|-terastallize|p2a: Magnezone|Flying\n|move|p1a: Lopunny|Fake Out|p2a: Magnezone\n|-damage|p2a: Magnezone|75\/100\n|cant|p2a: Magnezone|flinch\n|\n|upkeep\n|turn|6\n|\n|t:|1700171213\n|switch|p1a: Clodsire|Clodsire, F|100\/100\n|move|p2a: Magnezone|Tera Blast|p1a: Clodsire|[anim] Tera Blast Flying\n|-damage|p1a: Clodsire|49\/100\n|\n|-heal|p1a: Clodsire|55\/100|[from] item: Leftovers\n|upkeep\n|turn|7\n|\n|t:|1700171216\n|move|p2a: Magnezone|Tera Blast|p1a: Clodsire|[anim] Tera Blast Flying\n|-damage|p1a: Clodsire|17\/100\n|move|p1a: Clodsire|Recover|p1a: Clodsire\n|-heal|p1a: Clodsire|67\/100\n|\n|-heal|p1a: Clodsire|73\/100|[from] item: Leftovers\n|upkeep\n|turn|8\n|\n|t:|1700171219\n|move|p2a: Magnezone|Tera Blast|p1a: Clodsire|[anim] Tera Blast Flying\n|-damage|p1a: Clodsire|38\/100\n|move|p1a: Clodsire|Recover|p1a: Clodsire\n|-heal|p1a: Clodsire|88\/100\n|\n|-heal|p1a: Clodsire|94\/100|[from] item: Leftovers\n|upkeep\n|turn|9\n|\n|t:|1700171225\n|move|p2a: Magnezone|Tera Blast|p1a: Clodsire|[anim] Tera Blast Flying\n|-damage|p1a: Clodsire|60\/100\n|move|p1a: Clodsire|Toxic|p2a: Magnezone\n|-status|p2a: Magnezone|tox\n|\n|-heal|p1a: Clodsire|66\/100|[from] item: Leftovers\n|-damage|p2a: Magnezone|69\/100 tox|[from] psn\n|upkeep\n|turn|10\n|\n|t:|1700171228\n|move|p2a: Magnezone|Tera Blast|p1a: Clodsire|[anim] Tera Blast Flying\n|-crit|p1a: Clodsire\n|-damage|p1a: Clodsire|11\/100\n|move|p1a: Clodsire|Recover|p1a: Clodsire\n|-heal|p1a: Clodsire|61\/100\n|\n|-heal|p1a: Clodsire|67\/100|[from] item: Leftovers\n|-damage|p2a: Magnezone|57\/100 tox|[from] psn\n|upkeep\n|turn|11\n|\n|t:|1700171232\n|switch|p2a: Kartana|Kartana, shiny|84\/100\n|move|p1a: Clodsire|Recover|p1a: Clodsire\n|-heal|p1a: Clodsire|100\/100\n|\n|upkeep\n|turn|12\n|\n|t:|1700171237\n|switch|p1a: Corviknight|Corviknight, F|88\/100\n|-ability|p1a: Corviknight|Pressure\n|move|p2a: Kartana|Knock Off|p1a: Corviknight\n|-damage|p1a: Corviknight|62\/100\n|-damage|p2a: Kartana|67\/100|[from] item: Rocky Helmet|[of] p1a: Corviknight\n|-enditem|p1a: Corviknight|Rocky Helmet|[from] move: Knock Off|[of] p2a: Kartana\n|\n|upkeep\n|turn|13\n|\n|t:|1700171244\n|switch|p2a: Tornadus|Tornadus-Therian, M, shiny|100\/100\n|move|p1a: Corviknight|Roost|p1a: Corviknight\n|-heal|p1a: Corviknight|100\/100\n|-singleturn|p1a: Corviknight|move: Roost\n|\n|upkeep\n|turn|14\n|\n|t:|1700171252\n|switch|p1a: Clodsire|Clodsire, F|100\/100\n|move|p2a: Tornadus|Hurricane|p1a: Clodsire\n|-damage|p1a: Clodsire|77\/100\n|\n|-heal|p1a: Clodsire|83\/100|[from] item: Leftovers\n|upkeep\n|turn|15\n|\n|t:|1700171263\n|move|p2a: Tornadus|Knock Off|p1a: Clodsire\n|-damage|p1a: Clodsire|60\/100\n|-enditem|p1a: Clodsire|Leftovers|[from] move: Knock Off|[of] p2a: Tornadus\n|move|p1a: Clodsire|Stealth Rock|p2a: Tornadus\n|-sidestart|p2: Dav1de|move: Stealth Rock\n|\n|upkeep\n|turn|16\n|\n|t:|1700171269\n|move|p2a: Tornadus|Defog|p1a: Clodsire\n|-unboost|p1a: Clodsire|evasion|1\n|-sideend|p2: Dav1de|Stealth Rock|[from] move: Defog|[of] p2a: Tornadus\n|move|p1a: Clodsire|Recover|p1a: Clodsire\n|-heal|p1a: Clodsire|100\/100\n|\n|upkeep\n|turn|17\n|\n|t:|1700171271\n|move|p2a: Tornadus|U-turn|p1a: Clodsire\n|-resisted|p1a: Clodsire\n|-damage|p1a: Clodsire|93\/100\n|\n|t:|1700171273\n|switch|p2a: Kartana|Kartana, shiny|67\/100|[from] U-turn\n|move|p1a: Clodsire|Toxic|p2a: Kartana\n|-immune|p2a: Kartana\n|\n|upkeep\n|turn|18\n|\n|t:|1700171287\n|switch|p2a: Magnezone|Magnezone, shiny, tera:Flying|57\/100 tox\n|switch|p1a: Corviknight|Corviknight, F|100\/100\n|-ability|p1a: Corviknight|Pressure\n|\n|-damage|p2a: Magnezone|50\/100 tox|[from] psn\n|upkeep\n|turn|19\n|\n|t:|1700171303\n|move|p1a: Corviknight|U-turn|p2a: Magnezone\n|-resisted|p2a: Magnezone\n|-damage|p2a: Magnezone|45\/100 tox\n|\n|t:|1700171305\n|switch|p1a: Clodsire|Clodsire, F|93\/100|[from] U-turn\n|move|p2a: Magnezone|Flash Cannon|p1a: Clodsire\n|-damage|p1a: Clodsire|43\/100\n|\n|-damage|p2a: Magnezone|32\/100 tox|[from] psn\n|upkeep\n|turn|20\n|\n|t:|1700171309\n|move|p2a: Magnezone|Flash Cannon|p1a: Clodsire\n|-damage|p1a: Clodsire|4\/100\n|move|p1a: Clodsire|Recover|p1a: Clodsire\n|-heal|p1a: Clodsire|54\/100\n|\n|-damage|p2a: Magnezone|14\/100 tox|[from] psn\n|upkeep\n|turn|21\n|\n|t:|1700171313\n|switch|p2a: Kartana|Kartana, shiny|67\/100\n|move|p1a: Clodsire|Recover|p1a: Clodsire\n|-heal|p1a: Clodsire|100\/100\n|\n|upkeep\n|turn|22\n|\n|t:|1700171320\n|switch|p2a: Landorus|Landorus-Therian, M, shiny|57\/100\n|-ability|p2a: Landorus|Intimidate|boost\n|-unboost|p1a: Clodsire|atk|1\n|switch|p1a: Corviknight|Corviknight, F|100\/100\n|-ability|p1a: Corviknight|Pressure\n|\n|-heal|p2a: Landorus|63\/100|[from] item: Leftovers\n|upkeep\n|turn|23\n|\n|t:|1700171324\n|move|p2a: Landorus|Stealth Rock|p1a: Corviknight\n|-sidestart|p1: MMQZA7|move: Stealth Rock\n|move|p1a: Corviknight|U-turn|p2a: Landorus\n|-resisted|p2a: Landorus\n|-damage|p2a: Landorus|58\/100\n|\n|t:|1700171337\n|switch|p1a: Swellow|Swellow, F|100\/100|[from] U-turn\n|-damage|p1a: Swellow|76\/100|[from] Stealth Rock\n|\n|-heal|p2a: Landorus|64\/100|[from] item: Leftovers\n|upkeep\n|turn|24\n|\n|t:|1700171348\n|switch|p2a: Slowking|Slowking, F, shiny|100\/100\n|-terastallize|p1a: Swellow|Normal\n|move|p1a: Swellow|Boomburst|p2a: Slowking\n|-damage|p2a: Slowking|45\/100\n|\n|-heal|p2a: Slowking|51\/100|[from] item: Leftovers\n|upkeep\n|turn|25\n|\n|t:|1700171364\n|move|p1a: Swellow|Boomburst|p2a: Slowking\n|-damage|p2a: Slowking|0 fnt\n|faint|p2a: Slowking\n|\n|upkeep\n|\n|t:|1700171373\n|switch|p2a: Kartana|Kartana, shiny|67\/100\n|turn|26\n|\n|t:|1700171377\n|switch|p1a: Corviknight|Corviknight, F|100\/100\n|-damage|p1a: Corviknight|88\/100|[from] Stealth Rock\n|-ability|p1a: Corviknight|Pressure\n|move|p2a: Kartana|Leaf Blade|p1a: Corviknight\n|-resisted|p1a: Corviknight\n|-crit|p1a: Corviknight\n|-damage|p1a: Corviknight|75\/100\n|\n|upkeep\n|turn|27\n|-message|Dav1de forfeited.\n|\n|win|MMQZA7\n|raw|MMQZA7's rating: 1498 &rarr; <strong>1517<\/strong><br \/>(+19 for winning)\n|raw|Dav1de's rating: 1483 &rarr; <strong>1464<\/strong><br \/>(-19 for losing)\n|l|\u2606Dav1de\n|l|\u2606MMQZA7\n|j|\u2606MMQZA7\n|player|p1|MMQZA7|170\n","uploadtime":1700171410,"views":7,"p1id":"mmqza7","p2id":"dav1de","formatid":"gen9nationaldex","rating":1464,"private":0,"password":""}