{"id":"gen9nationaldex-1996009844","p1":"MMQZA8","p2":"buruanchuanqi","format":"[Gen 9] National Dex","log":"|html|<div class=\"broadcast-blue\"><strong>[Gen 9] National Dex is currently suspecting Sneasler! For information on how to participate check out the <a href=\"https:\/\/www.smogon.com\/forums\/threads\/sv-national-dex-suspect-8-just-dance.3731534\/\">suspect thread<\/a>.<\/strong><\/div>\n|j|\u2606MMQZA8\n|j|\u2606buruanchuanqi\n|t:|1700628848\n|gametype|singles\n|player|p1|MMQZA8|169|1448\n|player|p2|buruanchuanqi|flint|1541\n|teamsize|p1|6\n|teamsize|p2|6\n|gen|9\n|tier|[Gen 9] National Dex\n|rated|\n|rule|HP Percentage Mod: HP is shown in percentages\n|rule|Endless Battle Clause: Forcing endless battles is banned\n|rule|OHKO Clause: OHKO moves are banned\n|rule|Evasion Clause: Evasion abilities, items, and moves are banned\n|rule|Evasion Abilities Clause: Evasion abilities are banned\n|rule|Evasion Items Clause: Evasion items are banned\n|rule|Evasion Moves Clause: Evasion moves are banned\n|rule|Species Clause: Limit one of each Pok\u00e9mon\n|rule|Sleep Clause Mod: Limit one foe put to sleep\n|clearpoke\n|poke|p1|Swellow, F|\n|poke|p1|Tyranitar, M|\n|poke|p1|Urshifu-*, F|\n|poke|p1|Corviknight, F|\n|poke|p1|Clodsire, F|\n|poke|p1|Magnezone|\n|poke|p2|Rillaboom, M|\n|poke|p2|Banette, M|\n|poke|p2|Garchomp, M|\n|poke|p2|Zapdos|\n|poke|p2|Urshifu-*, F|\n|poke|p2|Kommo-o, F|\n|teampreview\n|inactive|Battle timer is ON: inactive players will automatically lose when time's up. (requested by buruanchuanqi)\n|\n|t:|1700628869\n|start\n|switch|p1a: Urshifu|Urshifu-Rapid-Strike, F|100\/100\n|switch|p2a: Kommo-o|Kommo-o, F|100\/100\n|turn|1\n|\n|t:|1700628874\n|move|p1a: Urshifu|U-turn|p2a: Kommo-o\n|-resisted|p2a: Kommo-o\n|-damage|p2a: Kommo-o|89\/100\n|\n|t:|1700628879\n|switch|p1a: Clodsire|Clodsire, F|100\/100|[from] U-turn\n|-zpower|p2a: Kommo-o\n|move|p2a: Kommo-o|Clangorous Soulblaze|p1a: Clodsire|[zeffect]\n|-damage|p1a: Clodsire|54\/100\n|-boost|p2a: Kommo-o|atk|1\n|-boost|p2a: Kommo-o|def|1\n|-boost|p2a: Kommo-o|spa|1\n|-boost|p2a: Kommo-o|spd|1\n|-boost|p2a: Kommo-o|spe|1\n|\n|-heal|p1a: Clodsire|61\/100|[from] item: Leftovers\n|upkeep\n|turn|2\n|\n|t:|1700628894\n|move|p2a: Kommo-o|Clanging Scales|p1a: Clodsire\n|-damage|p1a: Clodsire|35\/100\n|-unboost|p2a: Kommo-o|def|1\n|move|p1a: Clodsire|Recover|p1a: Clodsire\n|-heal|p1a: Clodsire|85\/100\n|\n|-heal|p1a: Clodsire|91\/100|[from] item: Leftovers\n|upkeep\n|turn|3\n|\n|t:|1700628902\n|switch|p2a: Banette|Banette, M|100\/100\n|move|p1a: Clodsire|Toxic|p2a: Banette\n|-status|p2a: Banette|tox\n|\n|-heal|p1a: Clodsire|98\/100|[from] item: Leftovers\n|-damage|p2a: Banette|94\/100 tox|[from] psn\n|upkeep\n|turn|4\n|\n|t:|1700628916\n|switch|p1a: Corviknight|Corviknight, F|100\/100\n|-ability|p1a: Corviknight|Pressure\n|detailschange|p2a: Banette|Banette-Mega, M\n|-mega|p2a: Banette|Banette|Banettite\n|move|p2a: Banette|Poltergeist|p1a: Corviknight\n|-activate|p1a: Corviknight|move: Poltergeist|Rocky Helmet\n|-damage|p1a: Corviknight|55\/100\n|\n|-damage|p2a: Banette|82\/100 tox|[from] psn\n|upkeep\n|turn|5\n|\n|t:|1700628928\n|move|p2a: Banette|Thunder Wave|p1a: Corviknight\n|-status|p1a: Corviknight|par\n|move|p1a: Corviknight|Roost|p1a: Corviknight\n|-heal|p1a: Corviknight|100\/100 par\n|-singleturn|p1a: Corviknight|move: Roost\n|\n|-damage|p2a: Banette|64\/100 tox|[from] psn\n|upkeep\n|turn|6\n|\n|t:|1700628946\n|move|p2a: Banette|Encore|p1a: Corviknight\n|-start|p1a: Corviknight|Encore\n|move|p1a: Corviknight|Roost||[still]\n|-fail|p1a: Corviknight|heal\n|\n|-damage|p2a: Banette|40\/100 tox|[from] psn\n|upkeep\n|turn|7\n|\n|t:|1700628954\n|switch|p1a: Tyranitar|Tyranitar, M|100\/100\n|-weather|Sandstorm|[from] ability: Sand Stream|[of] p1a: Tyranitar\n|move|p2a: Banette|Poltergeist|p1a: Tyranitar\n|-activate|p1a: Tyranitar|move: Poltergeist|Tyranitarite\n|-resisted|p1a: Tyranitar\n|-damage|p1a: Tyranitar|66\/100\n|\n|-weather|Sandstorm|[upkeep]\n|-damage|p2a: Banette|34\/100 tox|[from] Sandstorm\n|-damage|p2a: Banette|4\/100 tox|[from] psn\n|upkeep\n|turn|8\n|\n|t:|1700628968\n|detailschange|p1a: Tyranitar|Tyranitar-Mega, M\n|-mega|p1a: Tyranitar|Tyranitar|Tyranitarite\n|move|p2a: Banette|Thunder Wave|p1a: Tyranitar\n|-hint|Since gen 7, Dark is immune to Prankster moves.\n|-immune|p1a: Tyranitar\n|move|p1a: Tyranitar|Stealth Rock|p2a: Banette\n|-sidestart|p2: buruanchuanqi|move: Stealth Rock\n|\n|-weather|Sandstorm|[upkeep]\n|-damage|p2a: Banette|0 fnt|[from] Sandstorm\n|faint|p2a: Banette\n|upkeep\n|\n|t:|1700628984\n|switch|p2a: Urshifu|Urshifu-Rapid-Strike, F|100\/100\n|-damage|p2a: Urshifu|94\/100|[from] Stealth Rock\n|turn|9\n|\n|t:|1700628990\n|switch|p1a: Corviknight|Corviknight, F|100\/100 par\n|-ability|p1a: Corviknight|Pressure\n|move|p2a: Urshifu|Ice Spinner|p1a: Corviknight\n|-damage|p1a: Corviknight|81\/100 par\n|-damage|p2a: Urshifu|78\/100|[from] item: Rocky Helmet|[of] p1a: Corviknight\n|\n|-weather|Sandstorm|[upkeep]\n|-damage|p2a: Urshifu|72\/100|[from] Sandstorm\n|upkeep\n|turn|10\n|\n|t:|1700629000\n|switch|p2a: \u522b\u6253\u6211|Garchomp, M|100\/100\n|-damage|p2a: \u522b\u6253\u6211|94\/100|[from] Stealth Rock\n|move|p1a: Corviknight|U-turn|p2a: \u522b\u6253\u6211\n|-damage|p2a: \u522b\u6253\u6211|84\/100\n|-damage|p1a: Corviknight|68\/100 par|[from] ability: Rough Skin|[of] p2a: \u522b\u6253\u6211\n|-damage|p1a: Corviknight|52\/100 par|[from] item: Rocky Helmet|[of] p2a: \u522b\u6253\u6211\n|\n|t:|1700629008\n|switch|p1a: Swellow|Swellow, F|100\/100|[from] U-turn\n|\n|-weather|Sandstorm|[upkeep]\n|-damage|p1a: Swellow|94\/100|[from] Sandstorm\n|upkeep\n|turn|11\n|\n|t:|1700629015\n|-terastallize|p1a: Swellow|Normal\n|move|p1a: Swellow|Boomburst|p2a: \u522b\u6253\u6211\n|-damage|p2a: \u522b\u6253\u6211|0 fnt\n|faint|p2a: \u522b\u6253\u6211\n|\n|-weather|none\n|upkeep\n|-message|buruanchuanqi forfeited.\n|\n|win|MMQZA8\n|raw|MMQZA8's rating: 1448 &rarr; <strong>1473<\/strong><br \/>(+25 for winning)\n|raw|buruanchuanqi's rating: 1541 &rarr; <strong>1516<\/strong><br \/>(-25 for losing)\n|l|\u2606buruanchuanqi\n","uploadtime":1700629032,"views":0,"p1id":"mmqza8","p2id":"buruanchuanqi","formatid":"gen9nationaldex","rating":1473,"private":0,"password":""}