{"id":"gen9nationaldex-1997634144","p1":"cuifuniudemao","p2":"Matt0919","format":"[Gen 9] National Dex","log":"|html|<div class=\"broadcast-blue\"><strong>[Gen 9] National Dex is currently suspecting Sneasler! For information on how to participate check out the <a href=\"https:\/\/www.smogon.com\/forums\/threads\/sv-national-dex-suspect-8-just-dance.3731534\/\">suspect thread<\/a>.<\/strong><\/div>\n|j|\u2606cuifuniudemao\n|j|\u2606Matt0919\n|t:|1700835618\n|gametype|singles\n|player|p1|cuifuniudemao|flannery|1121\n|player|p2|Matt0919|wallace|1087\n|teamsize|p1|6\n|teamsize|p2|6\n|gen|9\n|tier|[Gen 9] National Dex\n|rated|\n|rule|HP Percentage Mod: HP is shown in percentages\n|rule|Endless Battle Clause: Forcing endless battles is banned\n|rule|OHKO Clause: OHKO moves are banned\n|rule|Evasion Clause: Evasion abilities, items, and moves are banned\n|rule|Evasion Abilities Clause: Evasion abilities are banned\n|rule|Evasion Items Clause: Evasion items are banned\n|rule|Evasion Moves Clause: Evasion moves are banned\n|rule|Species Clause: Limit one of each Pok\u00e9mon\n|rule|Sleep Clause Mod: Limit one foe put to sleep\n|clearpoke\n|poke|p1|Heracross, M|\n|poke|p1|Ribombee, F|\n|poke|p1|Urshifu-*, M|\n|poke|p1|Heatran, M|\n|poke|p1|Tapu Koko|\n|poke|p1|Iron Valiant|\n|poke|p2|Azumarill, F|\n|poke|p2|Swampert, M|\n|poke|p2|Basculegion, M|\n|poke|p2|Zapdos|\n|poke|p2|Corviknight, M|\n|poke|p2|Pelipper, M|\n|teampreview\n|inactive|Battle timer is ON: inactive players will automatically lose when time's up. (requested by cuifuniudemao)\n|\n|t:|1700835621\n|start\n|switch|p1a: Ribombee|Ribombee, F|100\/100\n|switch|p2a: Pelipper|Pelipper, M|100\/100\n|-weather|RainDance|[from] ability: Drizzle|[of] p2a: Pelipper\n|turn|1\n|\n|t:|1700835632\n|switch|p2a: Swampert|Swampert, M|100\/100\n|move|p1a: Ribombee|Sticky Web|p2a: Swampert\n|-sidestart|p2: Matt0919|move: Sticky Web\n|\n|-weather|RainDance|[upkeep]\n|upkeep\n|turn|2\n|\n|t:|1700835657\n|detailschange|p2a: Swampert|Swampert-Mega, M\n|-mega|p2a: Swampert|Swampert|Swampertite\n|move|p2a: Swampert|Waterfall|p1a: Ribombee\n|-enditem|p1a: Ribombee|Focus Sash\n|-damage|p1a: Ribombee|1\/100\n|move|p1a: Ribombee|Tailwind|p1a: Ribombee\n|-sidestart|p1: cuifuniudemao|move: Tailwind\n|\n|-weather|RainDance|[upkeep]\n|upkeep\n|turn|3\n|\n|t:|1700835668\n|move|p1a: Ribombee|Stun Spore|p2a: Swampert\n|-status|p2a: Swampert|par\n|move|p2a: Swampert|Ice Punch|p1a: Ribombee\n|-damage|p1a: Ribombee|0 fnt\n|faint|p1a: Ribombee\n|\n|-weather|RainDance|[upkeep]\n|upkeep\n|\n|t:|1700835686\n|switch|p1a: Iron Valiant|Iron Valiant|100\/100\n|turn|4\n|c|\u2606Matt0919|How was Ribombee that fast?\n|c|\u2606Matt0919|Wait nvm\n|inactive|Matt0919 has 120 seconds left.\n|\n|t:|1700835706\n|move|p1a: Iron Valiant|Energy Ball|p2a: Swampert\n|-supereffective|p2a: Swampert\n|-damage|p2a: Swampert|0 fnt\n|faint|p2a: Swampert\n|-damage|p1a: Iron Valiant|91\/100|[from] item: Life Orb\n|\n|-weather|RainDance|[upkeep]\n|upkeep\n|inactive|Matt0919 has 120 seconds left.\n|\n|t:|1700835714\n|switch|p2a: Azumarill|Azumarill, F|100\/100\n|-activate|p2a: Azumarill|move: Sticky Web\n|-unboost|p2a: Azumarill|spe|1\n|turn|5\n|\n|t:|1700835721\n|-terastallize|p2a: Azumarill|Steel\n|move|p1a: Iron Valiant|Energy Ball|p2a: Azumarill\n|-resisted|p2a: Azumarill\n|-crit|p2a: Azumarill\n|-damage|p2a: Azumarill|69\/100\n|-damage|p1a: Iron Valiant|81\/100|[from] item: Life Orb\n|move|p2a: Azumarill|Belly Drum|p2a: Azumarill\n|-damage|p2a: Azumarill|19\/100\n|-setboost|p2a: Azumarill|atk|6|[from] move: Belly Drum\n|-enditem|p2a: Azumarill|Sitrus Berry|[eat]\n|-heal|p2a: Azumarill|44\/100|[from] item: Sitrus Berry\n|\n|-weather|RainDance|[upkeep]\n|-sideend|p1: cuifuniudemao|move: Tailwind\n|upkeep\n|turn|6\n|\n|t:|1700835736\n|-end|p1a: Iron Valiant|Quark Drive|[silent]\n|switch|p1a: Urshifu|Urshifu-Rapid-Strike, M|100\/100\n|move|p2a: Azumarill|Aqua Jet|p1a: Urshifu\n|-resisted|p1a: Urshifu\n|-damage|p1a: Urshifu|19\/100\n|\n|-weather|RainDance|[upkeep]\n|upkeep\n|turn|7\n|\n|t:|1700835743\n|move|p2a: Azumarill|Aqua Jet|p1a: Urshifu\n|-resisted|p1a: Urshifu\n|-damage|p1a: Urshifu|0 fnt\n|faint|p1a: Urshifu\n|\n|-weather|RainDance|[upkeep]\n|upkeep\n|\n|t:|1700835747\n|switch|p1a: Heracross|Heracross, M|100\/100\n|turn|8\n|\n|t:|1700835755\n|move|p2a: Azumarill|Aqua Jet|p1a: Heracross\n|-damage|p1a: Heracross|0 fnt\n|faint|p1a: Heracross\n|\n|-weather|none\n|upkeep\n|\n|t:|1700835767\n|switch|p1a: Tapu Koko|Tapu Koko|100\/100\n|-fieldstart|move: Electric Terrain|[from] ability: Electric Surge|[of] p1a: Tapu Koko\n|turn|9\n|\n|t:|1700835771\n|move|p2a: Azumarill|Aqua Jet|p1a: Tapu Koko\n|-crit|p1a: Tapu Koko\n|-damage|p1a: Tapu Koko|0 fnt\n|faint|p1a: Tapu Koko\n|\n|upkeep\n|\n|t:|1700835774\n|switch|p1a: Iron Valiant|Iron Valiant|81\/100\n|-activate|p1a: Iron Valiant|ability: Quark Drive\n|-start|p1a: Iron Valiant|quarkdrivespe\n|turn|10\n|\n|t:|1700835795\n|move|p2a: Azumarill|Aqua Jet|p1a: Iron Valiant\n|-damage|p1a: Iron Valiant|0 fnt\n|faint|p1a: Iron Valiant\n|-end|p1a: Iron Valiant|Quark Drive|[silent]\n|\n|upkeep\n|c|\u2606Matt0919|Belly drum Zuma go brrrrrrrr\n|\n|t:|1700835798\n|switch|p1a: Heatran|Heatran, M|100\/100\n|turn|11\n|\n|t:|1700835803\n|move|p2a: Azumarill|Aqua Jet|p1a: Heatran\n|-supereffective|p1a: Heatran\n|-damage|p1a: Heatran|0 fnt\n|faint|p1a: Heatran\n|\n|win|Matt0919\n|raw|cuifuniudemao's rating: 1121 &rarr; <strong>1094<\/strong><br \/>(-27 for losing)\n|raw|Matt0919's rating: 1087 &rarr; <strong>1117<\/strong><br \/>(+30 for winning)\n|l|\u2606cuifuniudemao\n","uploadtime":1700835913,"views":2,"p1id":"cuifuniudemao","p2id":"matt0919","formatid":"gen9nationaldex","rating":1094,"private":0,"password":""}