{"id":"gen9nationaldex-2000097049","p1":"Capnoob62087","p2":"mantidfly","format":"[Gen 9] National Dex","log":"|html|<div class=\"broadcast-blue\"><strong>[Gen 9] National Dex is currently suspecting Sneasler! For information on how to participate check out the <a href=\"https:\/\/www.smogon.com\/forums\/threads\/sv-national-dex-suspect-8-just-dance.3731534\/\">suspect thread<\/a>.<\/strong><\/div>\n|j|\u2606Capnoob62087\n|j|\u2606mantidfly\n|t:|1701154187\n|gametype|singles\n|player|p1|Capnoob62087|265|1086\n|player|p2|mantidfly|rocketgrunt|1069\n|teamsize|p1|6\n|teamsize|p2|6\n|gen|9\n|tier|[Gen 9] National Dex\n|rated|\n|rule|HP Percentage Mod: HP is shown in percentages\n|rule|Endless Battle Clause: Forcing endless battles is banned\n|rule|OHKO Clause: OHKO moves are banned\n|rule|Evasion Clause: Evasion abilities, items, and moves are banned\n|rule|Evasion Abilities Clause: Evasion abilities are banned\n|rule|Evasion Items Clause: Evasion items are banned\n|rule|Evasion Moves Clause: Evasion moves are banned\n|rule|Species Clause: Limit one of each Pok\u00e9mon\n|rule|Sleep Clause Mod: Limit one foe put to sleep\n|clearpoke\n|poke|p1|Jolteon, M|\n|poke|p1|Primeape, F|\n|poke|p1|Gyarados, M|\n|poke|p1|Slowbro, F|\n|poke|p1|Gengar, M|\n|poke|p1|Dragonite, F|\n|poke|p2|Sceptile, F|\n|poke|p2|Aegislash, F|\n|poke|p2|Suicune|\n|poke|p2|Salamence, M|\n|poke|p2|Mienshao, F|\n|poke|p2|Weavile, F|\n|teampreview\n|inactive|Battle timer is ON: inactive players will automatically lose when time's up. (requested by mantidfly)\n|c|\u2606mantidfly|Glhf\n|\n|t:|1701154201\n|start\n|switch|p1a: Jolteon|Jolteon, M|100\/100\n|switch|p2a: Mienshao|Mienshao, F|100\/100\n|turn|1\n|\n|t:|1701154210\n|move|p2a: Mienshao|Fake Out|p1a: Jolteon\n|-damage|p1a: Jolteon|64\/100\n|cant|p1a: Jolteon|flinch\n|\n|upkeep\n|turn|2\n|\n|t:|1701154221\n|switch|p2a: Salamence|Salamence, M|100\/100\n|move|p1a: Jolteon|Volt Switch|p2a: Salamence\n|-damage|p2a: Salamence|39\/100\n|\n|t:|1701154241\n|switch|p1a: Gyarados|Gyarados, M|100\/100|[from] Volt Switch\n|\n|upkeep\n|turn|3\n|\n|t:|1701154256\n|move|p1a: Gyarados|Body Slam|p2a: Salamence\n|-crit|p2a: Salamence\n|-damage|p2a: Salamence|0 fnt\n|faint|p2a: Salamence\n|-ability|p1a: Gyarados|Moxie|boost\n|-boost|p1a: Gyarados|atk|1\n|\n|upkeep\n|\n|t:|1701154264\n|switch|p2a: Sceptile|Sceptile, F|100\/100\n|turn|4\n|\n|t:|1701154267\n|move|p2a: Sceptile|Endure|p2a: Sceptile\n|-singleturn|p2a: Sceptile|move: Endure\n|move|p1a: Gyarados|Body Slam|p2a: Sceptile\n|-damage|p2a: Sceptile|23\/100\n|\n|upkeep\n|turn|5\n|\n|t:|1701154276\n|switch|p2a: Aegislash|Aegislash, F|100\/100\n|move|p1a: Gyarados|Body Slam|p2a: Aegislash\n|-immune|p2a: Aegislash\n|\n|upkeep\n|turn|6\n|\n|t:|1701154303\n|switch|p1a: Gengar|Gengar, M|100\/100\n|-formechange|p2a: Aegislash|Aegislash-Blade||[from] ability: Stance Change\n|move|p2a: Aegislash|Iron Head|p1a: Gengar\n|-damage|p1a: Gengar|0 fnt\n|faint|p1a: Gengar\n|-damage|p2a: Aegislash|91\/100|[from] item: Life Orb\n|\n|upkeep\n|inactive|Capnoob62087 has 120 seconds left.\n|\n|t:|1701154313\n|switch|p1a: Slowbro|Slowbro, F|100\/100\n|turn|7\n|\n|t:|1701154319\n|move|p2a: Aegislash|Shadow Sneak|p1a: Slowbro\n|-supereffective|p1a: Slowbro\n|-damage|p1a: Slowbro|64\/100\n|-damage|p2a: Aegislash|74\/100|[from] item: Rocky Helmet|[of] p1a: Slowbro\n|-damage|p2a: Aegislash|64\/100|[from] item: Life Orb\n|move|p1a: Slowbro|Yawn|p2a: Aegislash\n|-start|p2a: Aegislash|move: Yawn|[of] p1a: Slowbro\n|\n|upkeep\n|turn|8\n|inactive|Capnoob62087 has 120 seconds left.\n|\n|t:|1701154335\n|switch|p2a: Suicune|Suicune|100\/100\n|-ability|p2a: Suicune|Pressure\n|move|p1a: Slowbro|Scald|p2a: Suicune\n|-resisted|p2a: Suicune\n|-damage|p2a: Suicune|91\/100\n|\n|-heal|p2a: Suicune|97\/100|[from] item: Leftovers\n|upkeep\n|turn|9\n|inactive|Capnoob62087 has 120 seconds left.\n|\n|t:|1701154346\n|move|p2a: Suicune|Calm Mind|p2a: Suicune\n|-boost|p2a: Suicune|spa|1\n|-boost|p2a: Suicune|spd|1\n|move|p1a: Slowbro|Yawn|p2a: Suicune\n|-start|p2a: Suicune|move: Yawn|[of] p1a: Slowbro\n|\n|-heal|p2a: Suicune|100\/100|[from] item: Leftovers\n|upkeep\n|turn|10\n|inactive|Capnoob62087 has 120 seconds left.\n|\n|t:|1701154358\n|move|p2a: Suicune|Calm Mind|p2a: Suicune\n|-boost|p2a: Suicune|spa|1\n|-boost|p2a: Suicune|spd|1\n|move|p1a: Slowbro|Future Sight|p2a: Suicune\n|-start|p1a: Slowbro|move: Future Sight\n|\n|-end|p2a: Suicune|move: Yawn|[silent]\n|-status|p2a: Suicune|slp\n|upkeep\n|turn|11\n|inactive|Capnoob62087 has 120 seconds left.\n|\n|t:|1701154369\n|switch|p1a: Jolteon|Jolteon, M|64\/100\n|cant|p2a: Suicune|slp\n|move|p2a: Suicune|Sleep Talk|p2a: Suicune\n|move|p2a: Suicune|Calm Mind|p2a: Suicune|[from]move: Sleep Talk\n|-boost|p2a: Suicune|spa|1\n|-boost|p2a: Suicune|spd|1\n|\n|upkeep\n|turn|12\n|inactive|Capnoob62087 has 120 seconds left.\n|\n|t:|1701154382\n|move|p1a: Jolteon|Thunder|p2a: Suicune\n|-supereffective|p2a: Suicune\n|-damage|p2a: Suicune|56\/100 slp\n|cant|p2a: Suicune|slp\n|move|p2a: Suicune|Sleep Talk|p2a: Suicune\n|move|p2a: Suicune|Scald|p1a: Jolteon|[from]move: Sleep Talk\n|-damage|p1a: Jolteon|0 fnt\n|faint|p1a: Jolteon\n|\n|-end|p2a: Suicune|move: Future Sight\n|-damage|p2a: Suicune|45\/100 slp\n|-heal|p2a: Suicune|51\/100 slp|[from] item: Leftovers\n|upkeep\n|inactive|Capnoob62087 has 120 seconds left.\n|\n|t:|1701154396\n|switch|p1a: Primeape|Primeape, F|100\/100\n|turn|13\n|inactive|Capnoob62087 has 120 seconds left.\n|\n|t:|1701154402\n|move|p1a: Primeape|Rage Fist|p2a: Suicune\n|-damage|p2a: Suicune|44\/100 slp\n|cant|p2a: Suicune|slp\n|\n|-heal|p2a: Suicune|50\/100 slp|[from] item: Leftovers\n|upkeep\n|turn|14\n|\n|t:|1701154411\n|move|p1a: Primeape|Rage Fist|p2a: Suicune\n|-damage|p2a: Suicune|44\/100 slp\n|-curestatus|p2a: Suicune|slp|[msg]\n|move|p2a: Suicune|Sleep Talk||[still]\n|-fail|p2a: Suicune\n|\n|-heal|p2a: Suicune|50\/100|[from] item: Leftovers\n|upkeep\n|turn|15\n|\n|t:|1701154421\n|move|p1a: Primeape|Taunt|p2a: Suicune\n|-start|p2a: Suicune|move: Taunt\n|cant|p2a: Suicune|move: Taunt|Rest\n|\n|-heal|p2a: Suicune|56\/100|[from] item: Leftovers\n|upkeep\n|turn|16\n|\n|t:|1701154431\n|switch|p1a: Gyarados|Gyarados, M|100\/100\n|move|p2a: Suicune|Scald|p1a: Gyarados\n|-resisted|p1a: Gyarados\n|-damage|p1a: Gyarados|70\/100\n|\n|-heal|p2a: Suicune|62\/100|[from] item: Leftovers\n|upkeep\n|turn|17\n|\n|t:|1701154439\n|move|p2a: Suicune|Scald|p1a: Gyarados\n|-resisted|p1a: Gyarados\n|-crit|p1a: Gyarados\n|-damage|p1a: Gyarados|19\/100\n|move|p1a: Gyarados|Dragon Tail|p2a: Suicune\n|-damage|p2a: Suicune|51\/100\n|drag|p2a: Aegislash|Aegislash, F|64\/100\n|\n|upkeep\n|turn|18\n|\n|t:|1701154448\n|switch|p1a: Primeape|Primeape, F|100\/100\n|-formechange|p2a: Aegislash|Aegislash-Blade||[from] ability: Stance Change\n|move|p2a: Aegislash|Shadow Sneak|p1a: Primeape\n|-damage|p1a: Primeape|69\/100\n|-damage|p2a: Aegislash|54\/100|[from] item: Life Orb\n|\n|upkeep\n|turn|19\n|\n|t:|1701154460\n|-formechange|p2a: Aegislash|Aegislash||[from] ability: Stance Change\n|move|p2a: Aegislash|King's Shield|p2a: Aegislash\n|-singleturn|p2a: Aegislash|Protect\n|move|p1a: Primeape|Rage Fist|p2a: Aegislash\n|-activate|p2a: Aegislash|move: Protect\n|-unboost|p1a: Primeape|atk|1\n|-ability|p1a: Primeape|Defiant|boost\n|-boost|p1a: Primeape|atk|2\n|\n|upkeep\n|turn|20\n|\n|t:|1701154471\n|-formechange|p2a: Aegislash|Aegislash-Blade||[from] ability: Stance Change\n|move|p2a: Aegislash|Shadow Sneak|p1a: Primeape\n|-crit|p1a: Primeape\n|-damage|p1a: Primeape|19\/100\n|-damage|p2a: Aegislash|44\/100|[from] item: Life Orb\n|move|p1a: Primeape|Rage Fist|p2a: Aegislash\n|-supereffective|p2a: Aegislash\n|-damage|p2a: Aegislash|0 fnt\n|faint|p2a: Aegislash\n|\n|upkeep\n|\n|t:|1701154482\n|switch|p2a: Mienshao|Mienshao, F|100\/100\n|turn|21\n|\n|t:|1701154493\n|move|p2a: Mienshao|U-turn|p1a: Primeape\n|-resisted|p1a: Primeape\n|-damage|p1a: Primeape|1\/100\n|\n|t:|1701154498\n|switch|p2a: Suicune|Suicune|51\/100|[from] U-turn\n|-ability|p2a: Suicune|Pressure\n|move|p1a: Primeape|Bulk Up|p1a: Primeape\n|-boost|p1a: Primeape|atk|1\n|-boost|p1a: Primeape|def|1\n|\n|-heal|p2a: Suicune|58\/100|[from] item: Leftovers\n|upkeep\n|turn|22\n|\n|t:|1701154507\n|move|p1a: Primeape|Rage Fist|p2a: Suicune\n|-damage|p2a: Suicune|7\/100\n|move|p2a: Suicune|Scald|p1a: Primeape\n|-damage|p1a: Primeape|0 fnt\n|faint|p1a: Primeape\n|\n|-heal|p2a: Suicune|14\/100|[from] item: Leftovers\n|upkeep\n|\n|t:|1701154517\n|switch|p1a: Gyarados|Gyarados, M|19\/100\n|turn|23\n|\n|t:|1701154526\n|move|p2a: Suicune|Rest|p2a: Suicune\n|-status|p2a: Suicune|slp|[from] move: Rest\n|-heal|p2a: Suicune|100\/100 slp|[silent]\n|move|p1a: Gyarados|Dragon Tail|p2a: Suicune\n|-damage|p2a: Suicune|88\/100 slp\n|drag|p2a: Weavile|Weavile, F|100\/100\n|-ability|p2a: Weavile|Pressure\n|\n|upkeep\n|turn|24\n|\n|t:|1701154538\n|switch|p1a: Slowbro|Slowbro, F|97\/100\n|move|p2a: Weavile|Triple Axel|p1a: Slowbro\n|-resisted|p1a: Slowbro\n|-damage|p1a: Slowbro|93\/100\n|-damage|p2a: Weavile|84\/100|[from] item: Rocky Helmet|[of] p1a: Slowbro\n|-resisted|p1a: Slowbro\n|-crit|p1a: Slowbro\n|-damage|p1a: Slowbro|79\/100\n|-damage|p2a: Weavile|68\/100|[from] item: Rocky Helmet|[of] p1a: Slowbro\n|-resisted|p1a: Slowbro\n|-damage|p1a: Slowbro|67\/100\n|-damage|p2a: Weavile|51\/100|[from] item: Rocky Helmet|[of] p1a: Slowbro\n|-hitcount|p1a: Slowbro|3\n|\n|upkeep\n|turn|25\n|\n|t:|1701154558\n|switch|p2a: Suicune|Suicune|88\/100 slp\n|-ability|p2a: Suicune|Pressure\n|move|p1a: Slowbro|Thunder Wave||[still]\n|-fail|p1a: Slowbro\n|\n|-heal|p2a: Suicune|95\/100 slp|[from] item: Leftovers\n|upkeep\n|turn|26\n|\n|t:|1701154567\n|cant|p2a: Suicune|slp\n|move|p2a: Suicune|Sleep Talk|p2a: Suicune\n|move|p2a: Suicune|Rest||[from]move: Sleep Talk|[still]\n|-fail|p2a: Suicune\n|move|p1a: Slowbro|Yawn||[still]\n|-fail|p1a: Slowbro\n|\n|-heal|p2a: Suicune|100\/100 slp|[from] item: Leftovers\n|upkeep\n|turn|27\n|\n|t:|1701154576\n|switch|p1a: Dragonite|Dragonite, F|100\/100\n|cant|p2a: Suicune|slp\n|move|p2a: Suicune|Sleep Talk|p2a: Suicune\n|move|p2a: Suicune|Scald|p1a: Dragonite|[from]move: Sleep Talk\n|-resisted|p1a: Dragonite\n|-damage|p1a: Dragonite|95\/100\n|\n|upkeep\n|turn|28\n|\n|t:|1701154590\n|-curestatus|p2a: Suicune|slp|[msg]\n|move|p2a: Suicune|Calm Mind|p2a: Suicune\n|-boost|p2a: Suicune|spa|1\n|-boost|p2a: Suicune|spd|1\n|move|p1a: Dragonite|Dragon Dance|p1a: Dragonite\n|-boost|p1a: Dragonite|atk|1\n|-boost|p1a: Dragonite|spe|1\n|\n|upkeep\n|turn|29\n|\n|t:|1701154598\n|move|p1a: Dragonite|Dragon Dance|p1a: Dragonite\n|-boost|p1a: Dragonite|atk|1\n|-boost|p1a: Dragonite|spe|1\n|move|p2a: Suicune|Calm Mind|p2a: Suicune\n|-boost|p2a: Suicune|spa|1\n|-boost|p2a: Suicune|spd|1\n|\n|upkeep\n|turn|30\n|\n|t:|1701154612\n|move|p1a: Dragonite|Iron Head|p2a: Suicune\n|-resisted|p2a: Suicune\n|-damage|p2a: Suicune|82\/100\n|move|p2a: Suicune|Scald|p1a: Dragonite\n|-resisted|p1a: Dragonite\n|-damage|p1a: Dragonite|73\/100\n|\n|-heal|p2a: Suicune|88\/100|[from] item: Leftovers\n|upkeep\n|turn|31\n|\n|t:|1701154621\n|move|p1a: Dragonite|Dragon Rush|p2a: Suicune\n|-damage|p2a: Suicune|22\/100\n|move|p2a: Suicune|Calm Mind|p2a: Suicune\n|-boost|p2a: Suicune|spa|1\n|-boost|p2a: Suicune|spd|1\n|\n|-heal|p2a: Suicune|28\/100|[from] item: Leftovers\n|upkeep\n|turn|32\n|\n|t:|1701154628\n|move|p1a: Dragonite|Dragon Rush|p2a: Suicune\n|-damage|p2a: Suicune|0 fnt\n|faint|p2a: Suicune\n|\n|upkeep\n|\n|t:|1701154637\n|switch|p2a: Mienshao|Mienshao, F|100\/100\n|turn|33\n|\n|t:|1701154646\n|move|p2a: Mienshao|Fake Out|p1a: Dragonite\n|-crit|p1a: Dragonite\n|-damage|p1a: Dragonite|44\/100\n|cant|p1a: Dragonite|flinch\n|\n|upkeep\n|turn|34\n|\n|t:|1701154651\n|switch|p2a: Sceptile|Sceptile, F|23\/100\n|move|p1a: Dragonite|Air Slash|p2a: Sceptile\n|-supereffective|p2a: Sceptile\n|-damage|p2a: Sceptile|0 fnt\n|faint|p2a: Sceptile\n|\n|upkeep\n|\n|t:|1701154657\n|switch|p2a: Weavile|Weavile, F|51\/100\n|-ability|p2a: Weavile|Pressure\n|turn|35\n|\n|t:|1701154664\n|-terastallize|p2a: Weavile|Ice\n|move|p2a: Weavile|Ice Shard|p1a: Dragonite\n|-supereffective|p1a: Dragonite\n|-damage|p1a: Dragonite|0 fnt\n|faint|p1a: Dragonite\n|\n|upkeep\n|\n|t:|1701154671\n|switch|p1a: Gyarados|Gyarados, M|19\/100\n|turn|36\n|\n|t:|1701154684\n|move|p2a: Weavile|Ice Shard|p1a: Gyarados\n|-damage|p1a: Gyarados|0 fnt\n|faint|p1a: Gyarados\n|\n|upkeep\n|\n|t:|1701154688\n|switch|p1a: Slowbro|Slowbro, F|100\/100\n|turn|37\n|\n|t:|1701154697\n|move|p2a: Weavile|Ice Shard|p1a: Slowbro\n|-resisted|p1a: Slowbro\n|-damage|p1a: Slowbro|90\/100\n|move|p1a: Slowbro|Yawn|p2a: Weavile\n|-start|p2a: Weavile|move: Yawn|[of] p1a: Slowbro\n|\n|upkeep\n|turn|38\n|\n|t:|1701154705\n|switch|p2a: Mienshao|Mienshao, F|100\/100\n|move|p1a: Slowbro|Thunder Wave|p2a: Mienshao\n|-status|p2a: Mienshao|par\n|\n|upkeep\n|turn|39\n|\n|t:|1701154718\n|move|p2a: Mienshao|Fling|p1a: Slowbro\n|-supereffective|p1a: Slowbro\n|-damage|p1a: Slowbro|84\/100\n|-enditem|p2a: Mienshao|Choice Band|[from] move: Fling\n|move|p1a: Slowbro|Future Sight|p2a: Mienshao\n|-start|p1a: Slowbro|move: Future Sight\n|\n|upkeep\n|turn|40\n|\n|t:|1701154729\n|move|p2a: Mienshao|U-turn|p1a: Slowbro\n|-supereffective|p1a: Slowbro\n|-damage|p1a: Slowbro|57\/100\n|-damage|p2a: Mienshao|84\/100 par|[from] item: Rocky Helmet|[of] p1a: Slowbro\n|\n|t:|1701154734\n|switch|p2a: Weavile|Weavile, F, tera:Ice|51\/100|[from] U-turn\n|-ability|p2a: Weavile|Pressure\n|move|p1a: Slowbro|Scald|p2a: Weavile\n|-damage|p2a: Weavile|12\/100\n|\n|upkeep\n|turn|41\n|\n|t:|1701154744\n|move|p2a: Weavile|Night Slash|p1a: Slowbro\n|-supereffective|p1a: Slowbro\n|-crit|p1a: Slowbro\n|-damage|p1a: Slowbro|0 fnt\n|-damage|p2a: Weavile|0 fnt|[from] item: Rocky Helmet|[of] p1a: Slowbro\n|faint|p1a: Slowbro\n|faint|p2a: Weavile\n|\n|win|mantidfly\n|raw|Capnoob62087's rating: 1086 &rarr; <strong>1062<\/strong><br \/>(-24 for losing)\n|raw|mantidfly's rating: 1069 &rarr; <strong>1100<\/strong><br \/>(+31 for winning)\n|c|\u2606mantidfly|Gg\n|l|\u2606Capnoob62087\n","uploadtime":1701154755,"views":1,"p1id":"capnoob62087","p2id":"mantidfly","formatid":"gen9nationaldex","rating":1062,"private":0,"password":""}