{"id":"gen9nationaldex-1993182242","p1":"Master of voltage","p2":"Mobmaster21","format":"[Gen 9] National Dex","log":"|j|\u2606Master of voltage\n|j|\u2606Mobmaster21\n|t:|1700274869\n|gametype|singles\n|player|p1|Master of voltage|ethan|\n|player|p2|Mobmaster21|riley|\n|teamsize|p1|6\n|teamsize|p2|6\n|gen|9\n|tier|[Gen 9] National Dex\n|rule|HP Percentage Mod: HP is shown in percentages\n|rule|Endless Battle Clause: Forcing endless battles is banned\n|rule|OHKO Clause: OHKO moves are banned\n|rule|Evasion Clause: Evasion abilities, items, and moves are banned\n|rule|Evasion Abilities Clause: Evasion abilities are banned\n|rule|Evasion Items Clause: Evasion items are banned\n|rule|Evasion Moves Clause: Evasion moves are banned\n|rule|Species Clause: Limit one of each Pok\u00e9mon\n|rule|Sleep Clause Mod: Limit one foe put to sleep\n|clearpoke\n|poke|p1|Zeraora|\n|poke|p1|Tapu Koko|\n|poke|p1|Zapdos|\n|poke|p1|Iron Hands|\n|poke|p1|Rotom-Wash|\n|poke|p1|Vikavolt, F|\n|poke|p2|Ribombee, F|\n|poke|p2|Excadrill, F|\n|poke|p2|Tyranitar, M|\n|poke|p2|Rillaboom, M|\n|poke|p2|Nidoking, M|\n|poke|p2|Thundurus-Therian, M|\n|teampreview\n|\n|t:|1700274873\n|start\n|switch|p1a: Vikavolt|Vikavolt, F, shiny|100\/100\n|switch|p2a: Ribombee|Ribombee, F|100\/100\n|turn|1\n|\n|t:|1700274878\n|move|p2a: Ribombee|Stun Spore|p1a: Vikavolt\n|-immune|p1a: Vikavolt\n|move|p1a: Vikavolt|Sticky Web|p2a: Ribombee\n|-sidestart|p2: Mobmaster21|move: Sticky Web\n|\n|upkeep\n|turn|2\n|\n|t:|1700274892\n|move|p2a: Ribombee|Sticky Web|p1a: Vikavolt\n|-sidestart|p1: Master of voltage|move: Sticky Web\n|move|p1a: Vikavolt|Volt Switch|p2a: Ribombee\n|-damage|p2a: Ribombee|23\/100\n|\n|t:|1700274902\n|switch|p1a: Zapdos|Zapdos|100\/100|[from] Volt Switch\n|\n|upkeep\n|turn|3\n|\n|t:|1700274909\n|switch|p2a: Tyranitar|Tyranitar, M|100\/100\n|-activate|p2a: Tyranitar|move: Sticky Web\n|-unboost|p2a: Tyranitar|spe|1\n|-weather|Sandstorm|[from] ability: Sand Stream|[of] p2a: Tyranitar\n|move|p1a: Zapdos|Defog|p2a: Tyranitar\n|-unboost|p2a: Tyranitar|evasion|1\n|-sideend|p2: Mobmaster21|Sticky Web|[from] move: Defog|[of] p1a: Zapdos\n|-sideend|p1: Master of voltage|Sticky Web|[from] move: Defog|[of] p1a: Zapdos\n|\n|-weather|Sandstorm|[upkeep]\n|-damage|p1a: Zapdos|94\/100|[from] Sandstorm\n|upkeep\n|turn|4\n|\n|t:|1700274927\n|move|p1a: Zapdos|Hurricane|p2a: Tyranitar\n|-resisted|p2a: Tyranitar\n|-damage|p2a: Tyranitar|86\/100\n|move|p2a: Tyranitar|Stealth Rock|p1a: Zapdos\n|-sidestart|p1: Master of voltage|move: Stealth Rock\n|\n|-weather|Sandstorm|[upkeep]\n|-damage|p1a: Zapdos|88\/100|[from] Sandstorm\n|upkeep\n|turn|5\n|\n|t:|1700274934\n|switch|p1a: Rotom|Rotom-Wash, shiny|100\/100\n|-damage|p1a: Rotom|88\/100|[from] Stealth Rock\n|move|p2a: Tyranitar|Stealth Rock||[still]\n|-fail|p2a: Tyranitar\n|\n|-weather|Sandstorm|[upkeep]\n|-damage|p1a: Rotom|82\/100|[from] Sandstorm\n|upkeep\n|turn|6\n|\n|t:|1700274942\n|switch|p2a: Rillaboom|Rillaboom, M|100\/100\n|move|p1a: Rotom|Hydro Pump|p2a: Rillaboom|[miss]\n|-miss|p1a: Rotom|p2a: Rillaboom\n|\n|-weather|Sandstorm|[upkeep]\n|-damage|p2a: Rillaboom|94\/100|[from] Sandstorm\n|-damage|p1a: Rotom|76\/100|[from] Sandstorm\n|upkeep\n|turn|7\n|\n|t:|1700274949\n|move|p2a: Rillaboom|Knock Off|p1a: Rotom\n|-damage|p1a: Rotom|37\/100\n|-enditem|p1a: Rotom|Light Clay|[from] move: Knock Off|[of] p2a: Rillaboom\n|move|p1a: Rotom|Light Screen|p1a: Rotom\n|-sidestart|p1: Master of voltage|move: Light Screen\n|\n|-weather|none\n|upkeep\n|turn|8\n|\n|t:|1700274965\n|switch|p2a: Ribombee|Ribombee, F|23\/100\n|switch|p1a: Iron Hands|Iron Hands, shiny|100\/100\n|-damage|p1a: Iron Hands|94\/100|[from] Stealth Rock\n|\n|upkeep\n|turn|9\n|\n|t:|1700274971\n|move|p1a: Iron Hands|Fake Out|p2a: Ribombee\n|-damage|p2a: Ribombee|0 fnt\n|faint|p2a: Ribombee\n|\n|upkeep\n|\n|t:|1700274974\n|switch|p2a: Tyranitar|Tyranitar, M|86\/100\n|-weather|Sandstorm|[from] ability: Sand Stream|[of] p2a: Tyranitar\n|turn|10\n|\n|t:|1700274989\n|switch|p2a: Thundurus|Thundurus-Therian, M|100\/100\n|move|p1a: Iron Hands|Drain Punch|p2a: Thundurus\n|-resisted|p2a: Thundurus\n|-damage|p2a: Thundurus|68\/100\n|-heal|p1a: Iron Hands|100\/100|[from] drain|[of] p2a: Thundurus\n|\n|-weather|Sandstorm|[upkeep]\n|-damage|p2a: Thundurus|62\/100|[from] Sandstorm\n|-damage|p1a: Iron Hands|94\/100|[from] Sandstorm\n|upkeep\n|turn|11\n|\n|t:|1700275000\n|move|p2a: Thundurus|U-turn|p1a: Iron Hands\n|-resisted|p1a: Iron Hands\n|-damage|p1a: Iron Hands|90\/100\n|\n|t:|1700275006\n|switch|p2a: Nidoking|Nidoking, M|100\/100|[from] U-turn\n|move|p1a: Iron Hands|Ice Punch|p2a: Nidoking\n|-supereffective|p2a: Nidoking\n|-damage|p2a: Nidoking|10\/100\n|-status|p2a: Nidoking|frz\n|\n|-weather|Sandstorm|[upkeep]\n|-damage|p1a: Iron Hands|84\/100|[from] Sandstorm\n|-sideend|p1: Master of voltage|move: Light Screen\n|upkeep\n|turn|12\n|\n|t:|1700275016\n|cant|p2a: Nidoking|frz\n|move|p1a: Iron Hands|Drain Punch|p2a: Nidoking\n|-resisted|p2a: Nidoking\n|-damage|p2a: Nidoking|0 fnt\n|-heal|p1a: Iron Hands|87\/100|[from] drain|[of] p2a: Nidoking\n|faint|p2a: Nidoking\n|\n|-weather|Sandstorm|[upkeep]\n|-damage|p1a: Iron Hands|81\/100|[from] Sandstorm\n|upkeep\n|\n|t:|1700275020\n|switch|p2a: Excadrill|Excadrill, F|100\/100\n|turn|13\n|\n|t:|1700275029\n|move|p2a: Excadrill|High Horsepower|p1a: Iron Hands\n|-supereffective|p1a: Iron Hands\n|-damage|p1a: Iron Hands|0 fnt\n|faint|p1a: Iron Hands\n|-end|p1a: Iron Hands|Quark Drive|[silent]\n|-damage|p2a: Excadrill|91\/100|[from] item: Life Orb\n|\n|-weather|Sandstorm|[upkeep]\n|upkeep\n|\n|t:|1700275035\n|switch|p1a: Zapdos|Zapdos|88\/100\n|turn|14\n|\n|t:|1700275042\n|move|p2a: Excadrill|Poison Jab|p1a: Zapdos\n|-damage|p1a: Zapdos|57\/100\n|-damage|p2a: Excadrill|81\/100|[from] item: Life Orb\n|move|p1a: Zapdos|Defog|p2a: Excadrill\n|-unboost|p2a: Excadrill|evasion|1\n|-sideend|p1: Master of voltage|Stealth Rock|[from] move: Defog|[of] p1a: Zapdos\n|\n|-weather|none\n|upkeep\n|turn|15\n|\n|t:|1700275056\n|switch|p2a: Tyranitar|Tyranitar, M|86\/100\n|-weather|Sandstorm|[from] ability: Sand Stream|[of] p2a: Tyranitar\n|switch|p1a: Vikavolt|Vikavolt, F, shiny|100\/100\n|\n|-weather|Sandstorm|[upkeep]\n|-damage|p1a: Vikavolt|94\/100|[from] Sandstorm\n|upkeep\n|turn|16\n|\n|t:|1700275066\n|move|p2a: Tyranitar|Stone Edge|p1a: Vikavolt\n|-supereffective|p1a: Vikavolt\n|-damage|p1a: Vikavolt|0 fnt\n|faint|p1a: Vikavolt\n|\n|-weather|Sandstorm|[upkeep]\n|upkeep\n|\n|t:|1700275073\n|switch|p1a: Rotom|Rotom-Wash, shiny|37\/100\n|turn|17\n|\n|t:|1700275087\n|switch|p2a: Rillaboom|Rillaboom, M|94\/100\n|move|p1a: Rotom|Hydro Pump|p2a: Rillaboom\n|-resisted|p2a: Rillaboom\n|-damage|p2a: Rillaboom|70\/100\n|\n|-weather|Sandstorm|[upkeep]\n|-damage|p2a: Rillaboom|64\/100|[from] Sandstorm\n|-damage|p1a: Rotom|32\/100|[from] Sandstorm\n|upkeep\n|turn|18\n|\n|t:|1700275097\n|switch|p1a: Tapu Koko|Tapu Koko|100\/100\n|-fieldstart|move: Electric Terrain|[from] ability: Electric Surge|[of] p1a: Tapu Koko\n|move|p2a: Rillaboom|Grassy Glide|p1a: Tapu Koko\n|-damage|p1a: Tapu Koko|44\/100\n|\n|-weather|Sandstorm|[upkeep]\n|-damage|p1a: Tapu Koko|38\/100|[from] Sandstorm\n|-damage|p2a: Rillaboom|57\/100|[from] Sandstorm\n|upkeep\n|turn|19\n|\n|t:|1700275105\n|move|p1a: Tapu Koko|Volt Switch|p2a: Rillaboom\n|-resisted|p2a: Rillaboom\n|-damage|p2a: Rillaboom|32\/100\n|\n|t:|1700275111\n|switch|p1a: Zeraora|Zeraora|100\/100|[from] Volt Switch\n|move|p2a: Rillaboom|Grassy Glide|p1a: Zeraora\n|-damage|p1a: Zeraora|15\/100\n|\n|-weather|none\n|upkeep\n|turn|20\n|\n|t:|1700275123\n|switch|p2a: Thundurus|Thundurus-Therian, M|62\/100\n|move|p1a: Zeraora|Knock Off|p2a: Thundurus\n|-damage|p2a: Thundurus|4\/100\n|-enditem|p2a: Thundurus|Choice Specs|[from] move: Knock Off|[of] p1a: Zeraora\n|-damage|p1a: Zeraora|6\/100|[from] item: Life Orb\n|\n|upkeep\n|turn|21\n|\n|t:|1700275137\n|move|p1a: Zeraora|Close Combat|p2a: Thundurus\n|-resisted|p2a: Thundurus\n|-damage|p2a: Thundurus|0 fnt\n|-unboost|p1a: Zeraora|def|1\n|-unboost|p1a: Zeraora|spd|1\n|faint|p2a: Thundurus\n|-damage|p1a: Zeraora|0 fnt|[from] item: Life Orb\n|faint|p1a: Zeraora\n|\n|upkeep\n|\n|t:|1700275145\n|switch|p1a: Rotom|Rotom-Wash, shiny|32\/100\n|switch|p2a: Tyranitar|Tyranitar, M|86\/100\n|-weather|Sandstorm|[from] ability: Sand Stream|[of] p2a: Tyranitar\n|turn|22\n|\n|t:|1700275155\n|detailschange|p2a: Tyranitar|Tyranitar-Mega, M\n|-mega|p2a: Tyranitar|Tyranitar|Tyranitarite\n|move|p2a: Tyranitar|Knock Off|p1a: Rotom\n|-damage|p1a: Rotom|0 fnt\n|faint|p1a: Rotom\n|\n|-weather|Sandstorm|[upkeep]\n|upkeep\n|\n|t:|1700275168\n|switch|p1a: Tapu Koko|Tapu Koko|38\/100\n|turn|23\n|\n|t:|1700275174\n|-terastallize|p1a: Tapu Koko|Electric\n|move|p1a: Tapu Koko|Roost|p1a: Tapu Koko\n|-heal|p1a: Tapu Koko|88\/100\n|move|p2a: Tyranitar|High Horsepower|p1a: Tapu Koko\n|-supereffective|p1a: Tapu Koko\n|-damage|p1a: Tapu Koko|0 fnt\n|faint|p1a: Tapu Koko\n|\n|-weather|Sandstorm|[upkeep]\n|upkeep\n|\n|t:|1700275179\n|switch|p1a: Zapdos|Zapdos|57\/100\n|turn|24\n|\n|t:|1700275189\n|move|p1a: Zapdos|Roost|p1a: Zapdos\n|-heal|p1a: Zapdos|100\/100\n|-singleturn|p1a: Zapdos|move: Roost\n|move|p2a: Tyranitar|Stealth Rock|p1a: Zapdos\n|-sidestart|p1: Master of voltage|move: Stealth Rock\n|\n|-weather|Sandstorm|[upkeep]\n|-damage|p1a: Zapdos|94\/100|[from] Sandstorm\n|upkeep\n|turn|25\n|\n|t:|1700275199\n|move|p1a: Zapdos|Hurricane|p2a: Tyranitar|[miss]\n|-miss|p1a: Zapdos|p2a: Tyranitar\n|move|p2a: Tyranitar|Stone Edge|p1a: Zapdos|[miss]\n|-miss|p2a: Tyranitar|p1a: Zapdos\n|\n|-weather|Sandstorm|[upkeep]\n|-damage|p1a: Zapdos|88\/100|[from] Sandstorm\n|-fieldend|move: Electric Terrain\n|upkeep\n|turn|26\n|\n|t:|1700275202\n|move|p1a: Zapdos|Hurricane|p2a: Tyranitar|[miss]\n|-miss|p1a: Zapdos|p2a: Tyranitar\n|move|p2a: Tyranitar|Stone Edge|p1a: Zapdos\n|-supereffective|p1a: Zapdos\n|-damage|p1a: Zapdos|0 fnt\n|faint|p1a: Zapdos\n|\n|win|Mobmaster21\n","uploadtime":1700275206,"views":76,"p1id":"masterofvoltage","p2id":"mobmaster21","formatid":"gen9nationaldex","rating":0,"private":0,"password":""}