{"id":"gen9nationaldex-1987189732","p1":"elvisma2","p2":"Maxer59","format":"[Gen 9] National Dex","log":"|j|\u2606elvisma2\n|j|\u2606Maxer59\n|t:|1699563696\n|gametype|singles\n|player|p1|elvisma2|red-masters|1171\n|player|p2|Maxer59|lucas|1200\n|teamsize|p1|6\n|teamsize|p2|6\n|gen|9\n|tier|[Gen 9] National Dex\n|rated|\n|rule|HP Percentage Mod: HP is shown in percentages\n|rule|Endless Battle Clause: Forcing endless battles is banned\n|rule|OHKO Clause: OHKO moves are banned\n|rule|Evasion Clause: Evasion abilities, items, and moves are banned\n|rule|Evasion Abilities Clause: Evasion abilities are banned\n|rule|Evasion Items Clause: Evasion items are banned\n|rule|Evasion Moves Clause: Evasion moves are banned\n|rule|Species Clause: Limit one of each Pok\u00e9mon\n|rule|Sleep Clause Mod: Limit one foe put to sleep\n|clearpoke\n|poke|p1|Mr. Rime, M|\n|poke|p1|Ribombee, F|\n|poke|p1|Gyarados, F|\n|poke|p1|Braviary-Hisui, M|\n|poke|p1|Landorus-Therian, M|\n|poke|p1|Aegislash, M|\n|poke|p2|Xurkitree|\n|poke|p2|Tapu Koko|\n|poke|p2|Raichu-Alola, F|\n|poke|p2|Heliolisk, F|\n|poke|p2|Rotom-Wash|\n|poke|p2|Iron Hands|\n|teampreview\n|inactive|Battle timer is ON: inactive players will automatically lose when time's up. (requested by Maxer59)\n|inactive|Maxer59 has 120 seconds left.\n|\n|t:|1699563740\n|start\n|switch|p1a: Landorus|Landorus-Therian, M|100\/100\n|switch|p2a: Raichu|Raichu-Alola, F|100\/100\n|-ability|p1a: Landorus|Intimidate|boost\n|-unboost|p2a: Raichu|atk|1\n|turn|1\n|\n|t:|1699563754\n|move|p2a: Raichu|Fake Out|p1a: Landorus\n|-damage|p1a: Landorus|92\/100\n|-damage|p2a: Raichu|91\/100|[from] item: Life Orb\n|cant|p1a: Landorus|flinch\n|\n|upkeep\n|turn|2\n|\n|t:|1699563763\n|switch|p2a: Rotom|Rotom-Wash|100\/100\n|-terastallize|p1a: Landorus|Ghost\n|move|p1a: Landorus|Earthquake|p2a: Rotom\n|-immune|p2a: Rotom|[from] ability: Levitate\n|\n|upkeep\n|turn|3\n|c|\u2606elvisma2|ok\n|c|\u2606elvisma2|thats fine\n|\n|t:|1699563774\n|move|p1a: Landorus|Stealth Rock|p2a: Rotom\n|-sidestart|p2: Maxer59|move: Stealth Rock\n|move|p2a: Rotom|Electric Terrain|p2a: Rotom\n|-fieldstart|move: Electric Terrain\n|\n|upkeep\n|turn|4\n|\n|t:|1699563779\n|move|p1a: Landorus|Explosion|p2a: Rotom\n|-damage|p2a: Rotom|4\/100\n|faint|p1a: Landorus\n|move|p2a: Rotom|Defog|p1: Landorus|[notarget]\n|-fail|p2a: Rotom\n|\n|-heal|p2a: Rotom|10\/100|[from] item: Leftovers\n|upkeep\n|\n|t:|1699563788\n|switch|p1a: Ribombee|Ribombee, F|100\/100\n|turn|5\n|\n|t:|1699563793\n|move|p1a: Ribombee|Moonblast|p2a: Rotom\n|-damage|p2a: Rotom|0 fnt\n|faint|p2a: Rotom\n|\n|upkeep\n|\n|t:|1699563808\n|switch|p2a: Iron Hands|Iron Hands|100\/100\n|-damage|p2a: Iron Hands|94\/100|[from] Stealth Rock\n|-activate|p2a: Iron Hands|ability: Quark Drive\n|-start|p2a: Iron Hands|quarkdriveatk\n|turn|6\n|\n|t:|1699563813\n|move|p2a: Iron Hands|Fake Out|p1a: Ribombee\n|-damage|p1a: Ribombee|58\/100\n|move|p1a: Ribombee|Sticky Web|p2a: Iron Hands\n|-sidestart|p2: Maxer59|move: Sticky Web\n|\n|upkeep\n|turn|7\n|c|\u2606elvisma2|why???\n|\n|t:|1699563829\n|-end|p2a: Iron Hands|Quark Drive|[silent]\n|switch|p2a: Heliolisk|Heliolisk, F|100\/100\n|-damage|p2a: Heliolisk|88\/100|[from] Stealth Rock\n|-activate|p2a: Heliolisk|move: Sticky Web\n|-unboost|p2a: Heliolisk|spe|1\n|-enditem|p2a: Heliolisk|Electric Seed\n|-boost|p2a: Heliolisk|def|1|[from] item: Electric Seed\n|move|p1a: Ribombee|Moonblast|p2a: Heliolisk\n|-damage|p2a: Heliolisk|35\/100\n|\n|-fieldend|move: Electric Terrain\n|upkeep\n|turn|8\n|\n|t:|1699563841\n|move|p1a: Ribombee|Quiver Dance|p1a: Ribombee\n|-boost|p1a: Ribombee|spa|1\n|-boost|p1a: Ribombee|spd|1\n|-boost|p1a: Ribombee|spe|1\n|move|p2a: Heliolisk|Thunderbolt|p1a: Ribombee\n|-damage|p1a: Ribombee|5\/100\n|\n|upkeep\n|turn|9\n|\n|t:|1699563849\n|move|p1a: Ribombee|Moonblast|p2a: Heliolisk\n|-damage|p2a: Heliolisk|0 fnt\n|faint|p2a: Heliolisk\n|\n|upkeep\n|\n|t:|1699563867\n|switch|p2a: Raichu|Raichu-Alola, F|91\/100\n|-damage|p2a: Raichu|78\/100|[from] Stealth Rock\n|-activate|p2a: Raichu|move: Sticky Web\n|-unboost|p2a: Raichu|spe|1\n|turn|10\n|\n|t:|1699563871\n|switch|p1a: Aegislash|Aegislash, M|100\/100\n|move|p2a: Raichu|Fake Out|p1a: Aegislash\n|-immune|p1a: Aegislash\n|\n|upkeep\n|turn|11\n|\n|t:|1699563889\n|switch|p2a: Tapu Koko|Tapu Koko|100\/100\n|-damage|p2a: Tapu Koko|88\/100|[from] Stealth Rock\n|-activate|p2a: Tapu Koko|move: Sticky Web\n|-unboost|p2a: Tapu Koko|spe|1\n|-fieldstart|move: Electric Terrain|[from] ability: Electric Surge|[of] p2a: Tapu Koko\n|-formechange|p1a: Aegislash|Aegislash-Blade||[from] ability: Stance Change\n|move|p1a: Aegislash|Close Combat|p2a: Tapu Koko\n|-resisted|p2a: Tapu Koko\n|-crit|p2a: Tapu Koko\n|-damage|p2a: Tapu Koko|41\/100\n|-unboost|p1a: Aegislash|def|1\n|-unboost|p1a: Aegislash|spd|1\n|\n|upkeep\n|turn|12\n|\n|t:|1699563909\n|-formechange|p1a: Aegislash|Aegislash||[from] ability: Stance Change\n|move|p1a: Aegislash|King's Shield|p1a: Aegislash\n|-singleturn|p1a: Aegislash|Protect\n|move|p2a: Tapu Koko|Thunderbolt|p1a: Aegislash\n|-activate|p1a: Aegislash|move: Protect\n|\n|upkeep\n|turn|13\n|\n|t:|1699563919\n|switch|p1a: Ribombee|Ribombee, F|5\/100\n|move|p2a: Tapu Koko|Volt Switch|p1a: Ribombee\n|-damage|p1a: Ribombee|0 fnt\n|faint|p1a: Ribombee\n|\n|t:|1699563928\n|switch|p2a: Xurkitree|Xurkitree|100\/100|[from] Volt Switch\n|-damage|p2a: Xurkitree|88\/100|[from] Stealth Rock\n|-activate|p2a: Xurkitree|move: Sticky Web\n|-unboost|p2a: Xurkitree|spe|1\n|\n|upkeep\n|\n|t:|1699563933\n|switch|p1a: Mr. Rime|Mr. Rime, M|100\/100\n|turn|14\n|\n|t:|1699563940\n|move|p2a: Xurkitree|Rising Voltage|p1a: Mr. Rime\n|-hint|Rising Voltage's BP doubled on grounded target.\n|-damage|p1a: Mr. Rime|4\/100\n|move|p1a: Mr. Rime|Light Screen|p1a: Mr. Rime\n|-sidestart|p1: elvisma2|move: Light Screen\n|\n|upkeep\n|turn|15\n|inactive|elvisma2 has 120 seconds left.\n|\n|t:|1699563973\n|move|p2a: Xurkitree|Rising Voltage|p1a: Mr. Rime\n|-hint|Rising Voltage's BP doubled on grounded target.\n|-damage|p1a: Mr. Rime|0 fnt\n|faint|p1a: Mr. Rime\n|-ability|p2a: Xurkitree|Beast Boost|boost\n|-boost|p2a: Xurkitree|spa|1\n|\n|-fieldend|move: Electric Terrain\n|upkeep\n|\n|t:|1699563977\n|switch|p1a: Aegislash|Aegislash, M|100\/100\n|turn|16\n|\n|t:|1699563988\n|move|p2a: Xurkitree|Tail Glow|p2a: Xurkitree\n|-boost|p2a: Xurkitree|spa|3\n|-formechange|p1a: Aegislash|Aegislash-Blade||[from] ability: Stance Change\n|move|p1a: Aegislash|Close Combat|p2a: Xurkitree\n|-damage|p2a: Xurkitree|13\/100\n|-unboost|p1a: Aegislash|def|1\n|-unboost|p1a: Aegislash|spd|1\n|\n|upkeep\n|turn|17\n|c|\u2606elvisma2|huh\n|\n|t:|1699563997\n|move|p1a: Aegislash|Shadow Sneak|p2a: Xurkitree\n|-crit|p2a: Xurkitree\n|-damage|p2a: Xurkitree|0 fnt\n|faint|p2a: Xurkitree\n|\n|upkeep\n|\n|t:|1699564012\n|switch|p2a: Tapu Koko|Tapu Koko|41\/100\n|-damage|p2a: Tapu Koko|29\/100|[from] Stealth Rock\n|-activate|p2a: Tapu Koko|move: Sticky Web\n|-unboost|p2a: Tapu Koko|spe|1\n|-fieldstart|move: Electric Terrain|[from] ability: Electric Surge|[of] p2a: Tapu Koko\n|turn|18\n|\n|t:|1699564023\n|move|p1a: Aegislash|Shadow Sneak|p2a: Tapu Koko\n|-damage|p2a: Tapu Koko|0 fnt\n|faint|p2a: Tapu Koko\n|\n|upkeep\n|\n|t:|1699564026\n|switch|p2a: Raichu|Raichu-Alola, F|78\/100\n|-damage|p2a: Raichu|66\/100|[from] Stealth Rock\n|-activate|p2a: Raichu|move: Sticky Web\n|-unboost|p2a: Raichu|spe|1\n|turn|19\n|\n|t:|1699564035\n|-terastallize|p2a: Raichu|Electric\n|move|p1a: Aegislash|Shadow Sneak|p2a: Raichu\n|-damage|p2a: Raichu|4\/100\n|move|p2a: Raichu|Thunderbolt|p1a: Aegislash\n|-damage|p1a: Aegislash|0 fnt\n|faint|p1a: Aegislash\n|-damage|p2a: Raichu|0 fnt|[from] item: Life Orb\n|faint|p2a: Raichu\n|\n|upkeep\n|\n|t:|1699564042\n|switch|p2a: Iron Hands|Iron Hands|94\/100\n|switch|p1a: Braviary|Braviary-Hisui, M|100\/100\n|-damage|p2a: Iron Hands|88\/100|[from] Stealth Rock\n|-activate|p2a: Iron Hands|move: Sticky Web\n|-unboost|p2a: Iron Hands|spe|1\n|-activate|p2a: Iron Hands|ability: Quark Drive\n|-start|p2a: Iron Hands|quarkdriveatk\n|turn|20\n|\n|t:|1699564055\n|move|p1a: Braviary|Esper Wing|p2a: Iron Hands\n|-supereffective|p2a: Iron Hands\n|-damage|p2a: Iron Hands|37\/100\n|-boost|p1a: Braviary|spe|1\n|move|p2a: Iron Hands|Wild Charge|p1a: Braviary\n|-supereffective|p1a: Braviary\n|-damage|p1a: Braviary|0 fnt\n|faint|p1a: Braviary\n|-damage|p2a: Iron Hands|19\/100|[from] Recoil\n|\n|upkeep\n|\n|t:|1699564058\n|switch|p1a: Gyarados|Gyarados, F|100\/100\n|-ability|p1a: Gyarados|Intimidate|boost\n|-unboost|p2a: Iron Hands|atk|1\n|turn|21\n|\n|t:|1699564063\n|detailschange|p1a: Gyarados|Gyarados-Mega, F\n|-mega|p1a: Gyarados|Gyarados|Gyaradosite\n|-ability|p1a: Gyarados|Mold Breaker\n|move|p1a: Gyarados|Earthquake|p2a: Iron Hands\n|-supereffective|p2a: Iron Hands\n|-damage|p2a: Iron Hands|0 fnt\n|faint|p2a: Iron Hands\n|-end|p2a: Iron Hands|Quark Drive|[silent]\n|\n|win|elvisma2\n|raw|elvisma2's rating: 1171 &rarr; <strong>1198<\/strong><br \/>(+27 for winning)\n|raw|Maxer59's rating: 1200 &rarr; <strong>1173<\/strong><br \/>(-27 for losing)\n|c|\u2606elvisma2|gg\n","uploadtime":1699564071,"views":4,"p1id":"elvisma2","p2id":"maxer59","formatid":"gen9nationaldex","rating":1173,"private":0,"password":""}