{"id":"gen9nationaldex-1988776310","p1":"VarcoDoesBattles","p2":"heitaok","format":"[Gen 9] National Dex","log":"|j|\u2606VarcoDoesBattles\n|j|\u2606heitaok\n|t:|1699761660\n|gametype|singles\n|player|p1|VarcoDoesBattles|phorus-unite|1496\n|player|p2|heitaok|gentleman|1540\n|teamsize|p1|6\n|teamsize|p2|6\n|gen|9\n|tier|[Gen 9] National Dex\n|rated|\n|rule|HP Percentage Mod: HP is shown in percentages\n|rule|Endless Battle Clause: Forcing endless battles is banned\n|rule|OHKO Clause: OHKO moves are banned\n|rule|Evasion Clause: Evasion abilities, items, and moves are banned\n|rule|Evasion Abilities Clause: Evasion abilities are banned\n|rule|Evasion Items Clause: Evasion items are banned\n|rule|Evasion Moves Clause: Evasion moves are banned\n|rule|Species Clause: Limit one of each Pok\u00e9mon\n|rule|Sleep Clause Mod: Limit one foe put to sleep\n|clearpoke\n|poke|p1|Aggron, F|\n|poke|p1|Tapu Fini|\n|poke|p1|Landorus-Therian, M|\n|poke|p1|Ribombee, F|\n|poke|p1|Mr. Rime, M|\n|poke|p1|Banette, F|\n|poke|p2|Tapu Koko|\n|poke|p2|Iron Valiant|\n|poke|p2|Medicham, M|\n|poke|p2|Rotom-Wash|\n|poke|p2|Sneasler, M|\n|poke|p2|Heatran, M|\n|teampreview\n|inactive|Battle timer is ON: inactive players will automatically lose when time's up. (requested by heitaok)\n|\n|t:|1699761672\n|start\n|switch|p1a: Pav|Ribombee, F|100\/100\n|switch|p2a: Tapu Koko|Tapu Koko|100\/100\n|-fieldstart|move: Electric Terrain|[from] ability: Electric Surge|[of] p2a: Tapu Koko\n|turn|1\n|\n|t:|1699761679\n|move|p2a: Tapu Koko|Hidden Power|p1a: Pav\n|-damage|p1a: Pav|80\/100\n|move|p1a: Pav|Sticky Web|p2a: Tapu Koko\n|-sidestart|p2: heitaok|move: Sticky Web\n|\n|upkeep\n|turn|2\n|\n|t:|1699761702\n|move|p2a: Tapu Koko|Brave Bird|p1a: Pav\n|-supereffective|p1a: Pav\n|-damage|p1a: Pav|0 fnt\n|faint|p1a: Pav\n|-damage|p2a: Tapu Koko|76\/100|[from] Recoil\n|\n|upkeep\n|\n|t:|1699761711\n|switch|p1a: Jeremy|Banette, F|100\/100\n|turn|3\n|inactive|heitaok has 120 seconds left.\n|\n|t:|1699761754\n|detailschange|p1a: Jeremy|Banette-Mega, F\n|-mega|p1a: Jeremy|Banette|Banettite\n|-zpower|p2a: Tapu Koko\n|move|p2a: Tapu Koko|Gigavolt Havoc|p1a: Jeremy|[zeffect]\n|-damage|p1a: Jeremy|0 fnt\n|faint|p1a: Jeremy\n|\n|upkeep\n|\n|t:|1699761769\n|switch|p1a: Tsukina|Aggron, F|100\/100\n|turn|4\n|inactive|heitaok has 90 seconds left.\n|\n|t:|1699761818\n|move|p2a: Tapu Koko|U-turn|p1a: Tsukina\n|-resisted|p1a: Tsukina\n|-damage|p1a: Tsukina|94\/100\n|\n|t:|1699761826\n|switch|p2a: Rotom|Rotom-Wash|100\/100|[from] U-turn\n|move|p1a: Tsukina|Rock Tomb|p2a: Rotom\n|-damage|p2a: Rotom|84\/100\n|-unboost|p2a: Rotom|spe|1\n|\n|-heal|p2a: Rotom|90\/100|[from] item: Leftovers\n|upkeep\n|turn|5\n|\n|t:|1699761834\n|switch|p1a: Joe|Mr. Rime, M|100\/100\n|move|p2a: Rotom|Will-O-Wisp|p1a: Joe|[miss]\n|-miss|p2a: Rotom|p1a: Joe\n|\n|-heal|p2a: Rotom|96\/100|[from] item: Leftovers\n|-fieldend|move: Electric Terrain\n|upkeep\n|turn|6\n|inactive|heitaok has 90 seconds left.\n|\n|t:|1699761847\n|move|p1a: Joe|Freeze-Dry|p2a: Rotom\n|-supereffective|p2a: Rotom\n|-damage|p2a: Rotom|36\/100\n|move|p2a: Rotom|Defog|p1a: Joe\n|-unboost|p1a: Joe|evasion|1\n|-sideend|p2: heitaok|Sticky Web|[from] move: Defog|[of] p2a: Rotom\n|\n|-heal|p2a: Rotom|43\/100|[from] item: Leftovers\n|upkeep\n|turn|7\n|\n|t:|1699761860\n|move|p1a: Joe|Freeze-Dry|p2a: Rotom\n|-supereffective|p2a: Rotom\n|-damage|p2a: Rotom|0 fnt\n|faint|p2a: Rotom\n|\n|upkeep\n|\n|t:|1699761865\n|switch|p2a: Iron Valiant|Iron Valiant|100\/100\n|turn|8\n|\n|t:|1699761872\n|switch|p1a: Smash Inside|Tapu Fini|100\/100\n|-fieldstart|move: Misty Terrain|[from] ability: Misty Surge|[of] p1a: Smash Inside\n|move|p2a: Iron Valiant|Moonblast|p1a: Smash Inside\n|-damage|p1a: Smash Inside|61\/100\n|-damage|p2a: Iron Valiant|91\/100|[from] item: Life Orb\n|\n|-heal|p1a: Smash Inside|67\/100|[from] item: Leftovers\n|upkeep\n|turn|9\n|inactive|heitaok has 90 seconds left.\n|\n|t:|1699761918\n|-terastallize|p2a: Iron Valiant|Electric\n|move|p2a: Iron Valiant|Thunderbolt|p1a: Smash Inside\n|-supereffective|p1a: Smash Inside\n|-damage|p1a: Smash Inside|0 fnt\n|faint|p1a: Smash Inside\n|-damage|p2a: Iron Valiant|81\/100|[from] item: Life Orb\n|\n|upkeep\n|\n|t:|1699761936\n|switch|p1a: Tavish|Landorus-Therian, M|100\/100\n|-ability|p1a: Tavish|Intimidate|boost\n|-unboost|p2a: Iron Valiant|atk|1\n|turn|10\n|\n|t:|1699761952\n|move|p2a: Iron Valiant|Moonblast|p1a: Tavish\n|-damage|p1a: Tavish|25\/100\n|-damage|p2a: Iron Valiant|71\/100|[from] item: Life Orb\n|move|p1a: Tavish|Earthquake|p2a: Iron Valiant\n|-supereffective|p2a: Iron Valiant\n|-damage|p2a: Iron Valiant|0 fnt\n|faint|p2a: Iron Valiant\n|-end|p2a: Iron Valiant|Quark Drive|[silent]\n|\n|upkeep\n|\n|t:|1699761957\n|switch|p2a: Medicham|Medicham, M|100\/100\n|turn|11\n|\n|t:|1699761971\n|switch|p1a: Joe|Mr. Rime, M|100\/100\n|detailschange|p2a: Medicham|Medicham-Mega, M\n|-mega|p2a: Medicham|Medicham|Medichamite\n|move|p2a: Medicham|Ice Punch|p1a: Joe\n|-resisted|p1a: Joe\n|-damage|p1a: Joe|77\/100\n|\n|upkeep\n|turn|12\n|\n|t:|1699761981\n|move|p2a: Medicham|Close Combat|p1a: Joe\n|-damage|p1a: Joe|0 fnt\n|-unboost|p2a: Medicham|def|1\n|-unboost|p2a: Medicham|spd|1\n|faint|p1a: Joe\n|\n|-fieldend|Misty Terrain\n|upkeep\n|\n|t:|1699761991\n|switch|p1a: Tsukina|Aggron, F|94\/100\n|turn|13\n|\n|t:|1699761998\n|switch|p2a: Tapu Koko|Tapu Koko|76\/100\n|-fieldstart|move: Electric Terrain|[from] ability: Electric Surge|[of] p2a: Tapu Koko\n|-terastallize|p1a: Tsukina|Fairy\n|move|p1a: Tsukina|Iron Defense|p1a: Tsukina\n|-boost|p1a: Tsukina|def|2\n|\n|upkeep\n|turn|14\n|\n|t:|1699762006\n|move|p2a: Tapu Koko|Wild Charge|p1a: Tsukina\n|-damage|p1a: Tsukina|75\/100\n|-damage|p2a: Tapu Koko|70\/100|[from] Recoil\n|move|p1a: Tsukina|Iron Defense|p1a: Tsukina\n|-boost|p1a: Tsukina|def|2\n|\n|upkeep\n|turn|15\n|\n|t:|1699762017\n|move|p2a: Tapu Koko|Wild Charge|p1a: Tsukina\n|-damage|p1a: Tsukina|63\/100\n|-damage|p2a: Tapu Koko|66\/100|[from] Recoil\n|move|p1a: Tsukina|Iron Defense|p1a: Tsukina\n|-boost|p1a: Tsukina|def|2\n|\n|upkeep\n|turn|16\n|\n|t:|1699762020\n|move|p2a: Tapu Koko|Wild Charge|p1a: Tsukina\n|-damage|p1a: Tsukina|54\/100\n|-damage|p2a: Tapu Koko|63\/100|[from] Recoil\n|move|p1a: Tsukina|Body Press|p2a: Tapu Koko\n|-resisted|p2a: Tapu Koko\n|-damage|p2a: Tapu Koko|0 fnt\n|faint|p2a: Tapu Koko\n|\n|upkeep\n|\n|t:|1699762028\n|switch|p2a: Heatran|Heatran, M|100\/100\n|turn|17\n|\n|t:|1699762033\n|move|p2a: Heatran|Magma Storm|p1a: Tsukina|[miss]\n|-miss|p2a: Heatran|p1a: Tsukina\n|move|p1a: Tsukina|Body Press|p2a: Heatran\n|-supereffective|p2a: Heatran\n|-damage|p2a: Heatran|0 fnt\n|faint|p2a: Heatran\n|\n|-fieldend|move: Electric Terrain\n|upkeep\n|\n|t:|1699762037\n|switch|p2a: Sneasler|Sneasler, M|100\/100\n|turn|18\n|\n|t:|1699762040\n|move|p2a: Sneasler|Dire Claw|p1a: Tsukina\n|-supereffective|p1a: Tsukina\n|-damage|p1a: Tsukina|41\/100\n|move|p1a: Tsukina|Body Press|p2a: Sneasler\n|-resisted|p2a: Sneasler\n|-damage|p2a: Sneasler|0 fnt\n|faint|p2a: Sneasler\n|\n|upkeep\n|\n|t:|1699762050\n|switch|p2a: Medicham|Medicham-Mega, M|100\/100\n|turn|19\n|\n|t:|1699762054\n|move|p2a: Medicham|Fake Out|p1a: Tsukina\n|-damage|p1a: Tsukina|37\/100\n|cant|p1a: Tsukina|flinch\n|\n|upkeep\n|turn|20\n|\n|t:|1699762058\n|move|p2a: Medicham|Zen Headbutt|p1a: Tsukina\n|-damage|p1a: Tsukina|26\/100\n|cant|p1a: Tsukina|flinch\n|\n|upkeep\n|turn|21\n|\n|t:|1699762061\n|move|p2a: Medicham|Zen Headbutt|p1a: Tsukina\n|-damage|p1a: Tsukina|14\/100\n|move|p1a: Tsukina|Thunder Wave|p2a: Medicham\n|-status|p2a: Medicham|par\n|\n|upkeep\n|turn|22\n|-enditem|p1a: Tsukina|Custap Berry|[eat]\n|-activate|p1a: Tsukina|item: Custap Berry|[consumed]\n|\n|t:|1699762066\n|move|p1a: Tsukina|Body Press|p2a: Medicham\n|-resisted|p2a: Medicham\n|-damage|p2a: Medicham|14\/100 par\n|cant|p2a: Medicham|par\n|\n|upkeep\n|turn|23\n|\n|t:|1699762072\n|cant|p2a: Medicham|par\n|move|p1a: Tsukina|Body Press|p2a: Medicham\n|-resisted|p2a: Medicham\n|-damage|p2a: Medicham|0 fnt\n|faint|p2a: Medicham\n|\n|win|VarcoDoesBattles\n|raw|VarcoDoesBattles's rating: 1496 &rarr; <strong>1519<\/strong><br \/>(+23 for winning)\n|raw|heitaok's rating: 1540 &rarr; <strong>1517<\/strong><br \/>(-23 for losing)\n|c|\u2606VarcoDoesBattles|ggwp\n|l|\u2606heitaok\n","uploadtime":1699762082,"views":10,"p1id":"varcodoesbattles","p2id":"heitaok","formatid":"gen9nationaldex","rating":1517,"private":0,"password":""}