{"id":"gen9nationaldex-1998477465","p1":"Godz_Bahamut","p2":"Rankuroi","format":"[Gen 9] National Dex","log":"|html|<div class=\"broadcast-blue\"><strong>[Gen 9] National Dex is currently suspecting Sneasler! For information on how to participate check out the <a href=\"https:\/\/www.smogon.com\/forums\/threads\/sv-national-dex-suspect-8-just-dance.3731534\/\">suspect thread<\/a>.<\/strong><\/div>\n|j|\u2606Godz_Bahamut\n|j|\u2606Rankuroi\n|t:|1700946760\n|gametype|singles\n|player|p1|Godz_Bahamut|clair|1349\n|player|p2|Rankuroi|erika|1431\n|teamsize|p1|6\n|teamsize|p2|6\n|gen|9\n|tier|[Gen 9] National Dex\n|rated|\n|rule|HP Percentage Mod: HP is shown in percentages\n|rule|Endless Battle Clause: Forcing endless battles is banned\n|rule|OHKO Clause: OHKO moves are banned\n|rule|Evasion Clause: Evasion abilities, items, and moves are banned\n|rule|Evasion Abilities Clause: Evasion abilities are banned\n|rule|Evasion Items Clause: Evasion items are banned\n|rule|Evasion Moves Clause: Evasion moves are banned\n|rule|Species Clause: Limit one of each Pok\u00e9mon\n|rule|Sleep Clause Mod: Limit one foe put to sleep\n|clearpoke\n|poke|p1|Tyranitar, F|\n|poke|p1|Gastrodon-East, M|\n|poke|p1|Tinkaton, F|\n|poke|p1|Volcarona, F|\n|poke|p1|Corviknight, M|\n|poke|p1|Salamence, F|\n|poke|p2|Victreebel, M|\n|poke|p2|Torkoal, M|\n|poke|p2|Seaking, F|\n|poke|p2|Octillery, M|\n|poke|p2|Spiritomb, M|\n|poke|p2|Sunflora, F|\n|teampreview\n|inactive|Battle timer is ON: inactive players will automatically lose when time's up. (requested by Rankuroi)\n|\n|t:|1700946776\n|start\n|switch|p1a: Gastrodon|Gastrodon-East, M|100\/100\n|switch|p2a: Octillery|Octillery, M|100\/100\n|turn|1\n|\n|t:|1700946784\n|move|p2a: Octillery|Ice Beam|p1a: Gastrodon\n|-damage|p1a: Gastrodon|73\/100\n|move|p1a: Gastrodon|Yawn|p2a: Octillery\n|-start|p2a: Octillery|move: Yawn|[of] p1a: Gastrodon\n|\n|-heal|p1a: Gastrodon|79\/100|[from] item: Leftovers\n|upkeep\n|turn|2\n|\n|t:|1700946794\n|switch|p2a: Torkoal|Torkoal, M, shiny|100\/100\n|-weather|SunnyDay|[from] ability: Drought|[of] p2a: Torkoal\n|move|p1a: Gastrodon|Earth Power|p2a: Torkoal\n|-supereffective|p2a: Torkoal\n|-damage|p2a: Torkoal|34\/100\n|\n|-weather|SunnyDay|[upkeep]\n|-heal|p1a: Gastrodon|85\/100|[from] item: Leftovers\n|upkeep\n|turn|3\n|\n|t:|1700946804\n|switch|p2a: Sunflora|Sunflora, F, shiny|100\/100\n|move|p1a: Gastrodon|Earth Power|p2a: Sunflora\n|-resisted|p2a: Sunflora\n|-damage|p2a: Sunflora|86\/100\n|\n|-weather|SunnyDay|[upkeep]\n|-damage|p2a: Sunflora|74\/100|[from] ability: Solar Power|[of] p2a: Sunflora\n|-heal|p1a: Gastrodon|91\/100|[from] item: Leftovers\n|upkeep\n|turn|4\n|\n|t:|1700946815\n|switch|p1a: Salamence|Salamence, F|100\/100\n|switch|p2a: Octillery|Octillery, M|100\/100\n|\n|-weather|SunnyDay|[upkeep]\n|upkeep\n|turn|5\n|\n|t:|1700946824\n|move|p1a: Salamence|Dual Wingbeat|p2a: Octillery|[miss]\n|-miss|p1a: Salamence|p2a: Octillery\n|move|p2a: Octillery|Ice Beam|p1a: Salamence\n|-supereffective|p1a: Salamence\n|-damage|p1a: Salamence|0 fnt\n|faint|p1a: Salamence\n|\n|-weather|SunnyDay|[upkeep]\n|upkeep\n|\n|t:|1700946835\n|switch|p1a: Tyranitar|Tyranitar, F|100\/100\n|-weather|Sandstorm|[from] ability: Sand Stream|[of] p1a: Tyranitar\n|turn|6\n|\n|t:|1700946841\n|detailschange|p1a: Tyranitar|Tyranitar-Mega, F\n|-mega|p1a: Tyranitar|Tyranitar|Tyranitarite\n|move|p1a: Tyranitar|Knock Off|p2a: Octillery\n|-damage|p2a: Octillery|37\/100\n|-enditem|p2a: Octillery|Assault Vest|[from] move: Knock Off|[of] p1a: Tyranitar\n|move|p2a: Octillery|Surf|p1a: Tyranitar\n|-supereffective|p1a: Tyranitar\n|-damage|p1a: Tyranitar|54\/100\n|\n|-weather|Sandstorm|[upkeep]\n|-damage|p2a: Octillery|31\/100|[from] Sandstorm\n|upkeep\n|turn|7\n|\n|t:|1700946853\n|move|p1a: Tyranitar|Earthquake|p2a: Octillery\n|-damage|p2a: Octillery|0 fnt\n|faint|p2a: Octillery\n|\n|-weather|Sandstorm|[upkeep]\n|upkeep\n|\n|t:|1700946860\n|switch|p2a: Sunflora|Sunflora, F, shiny|74\/100\n|turn|8\n|\n|t:|1700946863\n|move|p1a: Tyranitar|Knock Off|p2a: Sunflora\n|-damage|p2a: Sunflora|0 fnt\n|-enditem|p2a: Sunflora|Assault Vest|[from] move: Knock Off|[of] p1a: Tyranitar\n|faint|p2a: Sunflora\n|\n|-weather|Sandstorm|[upkeep]\n|upkeep\n|\n|t:|1700946870\n|switch|p2a: Seaking|Seaking, F|100\/100\n|turn|9\n|\n|t:|1700946873\n|move|p1a: Tyranitar|Stone Edge|p2a: Seaking\n|-damage|p2a: Seaking|24\/100\n|move|p2a: Seaking|Waterfall|p1a: Tyranitar\n|-supereffective|p1a: Tyranitar\n|-crit|p1a: Tyranitar\n|-damage|p1a: Tyranitar|0 fnt\n|faint|p1a: Tyranitar\n|-damage|p2a: Seaking|14\/100|[from] item: Life Orb\n|\n|-weather|Sandstorm|[upkeep]\n|-damage|p2a: Seaking|8\/100|[from] Sandstorm\n|upkeep\n|\n|t:|1700946891\n|switch|p1a: Gastrodon|Gastrodon-East, M|91\/100\n|turn|10\n|\n|t:|1700946895\n|switch|p2a: Torkoal|Torkoal, M, shiny|34\/100\n|-weather|SunnyDay|[from] ability: Drought|[of] p2a: Torkoal\n|move|p1a: Gastrodon|Earth Power|p2a: Torkoal\n|-supereffective|p2a: Torkoal\n|-damage|p2a: Torkoal|0 fnt\n|faint|p2a: Torkoal\n|\n|-weather|SunnyDay|[upkeep]\n|-heal|p1a: Gastrodon|97\/100|[from] item: Leftovers\n|upkeep\n|\n|t:|1700946907\n|switch|p2a: Victreebel|Victreebel, M, shiny|100\/100\n|turn|11\n|\n|t:|1700946910\n|switch|p1a: Corviknight|Corviknight, M|100\/100\n|-ability|p1a: Corviknight|Pressure\n|move|p2a: Victreebel|Growth|p2a: Victreebel\n|-boost|p2a: Victreebel|atk|2\n|-boost|p2a: Victreebel|spa|2\n|\n|-weather|SunnyDay|[upkeep]\n|upkeep\n|turn|12\n|\n|t:|1700946919\n|move|p2a: Victreebel|Weather Ball|p1a: Corviknight\n|-supereffective|p1a: Corviknight\n|-damage|p1a: Corviknight|0 fnt\n|faint|p1a: Corviknight\n|\n|-weather|SunnyDay|[upkeep]\n|upkeep\n|\n|t:|1700946926\n|switch|p1a: Tinkaton|Tinkaton, F|100\/100\n|-item|p1a: Tinkaton|Air Balloon\n|turn|13\n|\n|t:|1700946932\n|move|p2a: Victreebel|Weather Ball|p1a: Tinkaton\n|-supereffective|p1a: Tinkaton\n|-damage|p1a: Tinkaton|0 fnt\n|-enditem|p1a: Tinkaton|Air Balloon\n|faint|p1a: Tinkaton\n|\n|-weather|SunnyDay|[upkeep]\n|upkeep\n|\n|t:|1700946940\n|switch|p1a: Volcarona|Volcarona, F|100\/100\n|turn|14\n|\n|t:|1700946945\n|-terastallize|p2a: Victreebel|Fire\n|-terastallize|p1a: Volcarona|Fairy\n|move|p2a: Victreebel|Weather Ball|p1a: Volcarona\n|-damage|p1a: Volcarona|0 fnt\n|faint|p1a: Volcarona\n|\n|-weather|SunnyDay|[upkeep]\n|upkeep\n|\n|t:|1700946954\n|switch|p1a: Gastrodon|Gastrodon-East, M|97\/100\n|turn|15\n|\n|t:|1700946962\n|move|p2a: Victreebel|Giga Drain|p1a: Gastrodon\n|-supereffective|p1a: Gastrodon\n|-damage|p1a: Gastrodon|0 fnt\n|faint|p1a: Gastrodon\n|\n|win|Rankuroi\n|raw|Godz_Bahamut's rating: 1349 &rarr; <strong>1334<\/strong><br \/>(-15 for losing)\n|raw|Rankuroi's rating: 1431 &rarr; <strong>1446<\/strong><br \/>(+15 for winning)\n|c|\u2606Rankuroi|Gg\n|l|\u2606Godz_Bahamut\n","uploadtime":1700946983,"views":7,"p1id":"godzbahamut","p2id":"rankuroi","formatid":"gen9nationaldex","rating":1334,"private":0,"password":""}