{"id":"gen9nationaldex-1995209934","p1":"Sirrawrz","p2":"Rising skies","format":"[Gen 9] National Dex","log":"|html|<div class=\"broadcast-blue\"><strong>[Gen 9] National Dex is currently suspecting Sneasler! For information on how to participate check out the <a href=\"https:\/\/www.smogon.com\/forums\/threads\/sv-national-dex-suspect-8-just-dance.3731534\/\">suspect thread<\/a>.<\/strong><\/div>\n|j|\u2606Sirrawrz\n|j|\u2606Rising skies\n|t:|1700534956\n|gametype|singles\n|player|p1|Sirrawrz|emmet|1527\n|player|p2|Rising skies|fisherman-gen4|1485\n|teamsize|p1|6\n|teamsize|p2|6\n|gen|9\n|tier|[Gen 9] National Dex\n|rated|\n|rule|HP Percentage Mod: HP is shown in percentages\n|rule|Endless Battle Clause: Forcing endless battles is banned\n|rule|OHKO Clause: OHKO moves are banned\n|rule|Evasion Clause: Evasion abilities, items, and moves are banned\n|rule|Evasion Abilities Clause: Evasion abilities are banned\n|rule|Evasion Items Clause: Evasion items are banned\n|rule|Evasion Moves Clause: Evasion moves are banned\n|rule|Species Clause: Limit one of each Pok\u00e9mon\n|rule|Sleep Clause Mod: Limit one foe put to sleep\n|clearpoke\n|poke|p1|Ninetales, M|\n|poke|p1|Venusaur, M|\n|poke|p1|Jolteon, F|\n|poke|p1|Blastoise, F|\n|poke|p1|Rhydon, M|\n|poke|p1|Scyther, F|\n|poke|p2|Ninetales-Alola, M|\n|poke|p2|Kommo-o, M|\n|poke|p2|Gyarados, F|\n|poke|p2|Hatterene, F|\n|poke|p2|Kleavor, M|\n|poke|p2|Kartana|\n|teampreview\n|inactive|Battle timer is ON: inactive players will automatically lose when time's up. (requested by Rising skies)\n|c|\u2606Sirrawrz|glhf\n|inactive|Rising skies has 120 seconds left.\n|\n|t:|1700534988\n|start\n|switch|p1a: Blastoise|Blastoise, F, shiny|100\/100\n|switch|p2a: Kleavor|Kleavor, M|100\/100\n|turn|1\n|c|\u2606Sirrawrz|kleavor koomo and kart are so good @-@\n|inactive|Rising skies has 120 seconds left.\n|\n|t:|1700535018\n|move|p2a: Kleavor|U-turn|p1a: Blastoise\n|-crit|p1a: Blastoise\n|-damage|p1a: Blastoise|60\/100\n|\n|t:|1700535023\n|switch|p2a: Ninetales|Ninetales-Alola, M|100\/100|[from] U-turn\n|-weather|Snow|[from] ability: Snow Warning|[of] p2a: Ninetales\n|move|p1a: Blastoise|Flip Turn|p2a: Ninetales\n|-damage|p2a: Ninetales|83\/100\n|\n|t:|1700535026\n|switch|p1a: Ninetales|Ninetales, M, shiny|100\/100|[from] Flip Turn\n|-weather|SunnyDay|[from] ability: Drought|[of] p1a: Ninetales\n|\n|-weather|SunnyDay|[upkeep]\n|upkeep\n|turn|2\n|\n|t:|1700535037\n|switch|p1a: Venusaur|Venusaur, M, shiny|100\/100\n|switch|p2a: Kommo-o|Kommo-o, M|100\/100\n|\n|-weather|SunnyDay|[upkeep]\n|upkeep\n|turn|3\n|\n|t:|1700535052\n|switch|p2a: Ninetales|Ninetales-Alola, M|83\/100\n|-weather|Snow|[from] ability: Snow Warning|[of] p2a: Ninetales\n|move|p1a: Venusaur|Sludge Bomb|p2a: Ninetales\n|-supereffective|p2a: Ninetales\n|-crit|p2a: Ninetales\n|-damage|p2a: Ninetales|0 fnt\n|faint|p2a: Ninetales\n|-damage|p1a: Venusaur|91\/100|[from] item: Life Orb\n|\n|-weather|Snow|[upkeep]\n|upkeep\n|\n|t:|1700535063\n|switch|p2a: Kommo-o|Kommo-o, M|100\/100\n|turn|4\n|\n|t:|1700535067\n|move|p2a: Kommo-o|Clangorous Soul|p2a: Kommo-o\n|-boost|p2a: Kommo-o|atk|1\n|-boost|p2a: Kommo-o|def|1\n|-boost|p2a: Kommo-o|spa|1\n|-boost|p2a: Kommo-o|spd|1\n|-boost|p2a: Kommo-o|spe|1\n|-damage|p2a: Kommo-o|68\/100\n|-enditem|p2a: Kommo-o|Throat Spray\n|-boost|p2a: Kommo-o|spa|1|[from] item: Throat Spray\n|move|p1a: Venusaur|Weather Ball|p2a: Kommo-o\n|-supereffective|p2a: Kommo-o\n|-damage|p2a: Kommo-o|3\/100\n|-damage|p1a: Venusaur|81\/100|[from] item: Life Orb\n|\n|-weather|Snow|[upkeep]\n|upkeep\n|turn|5\n|\n|t:|1700535082\n|switch|p1a: Blastoise|Blastoise, F, shiny|60\/100\n|move|p2a: Kommo-o|Boomburst|p1a: Blastoise\n|-damage|p1a: Blastoise|9\/100\n|\n|-weather|Snow|[upkeep]\n|upkeep\n|turn|6\n|\n|t:|1700535089\n|move|p2a: Kommo-o|Boomburst|p1a: Blastoise\n|-damage|p1a: Blastoise|0 fnt\n|faint|p1a: Blastoise\n|\n|-weather|Snow|[upkeep]\n|upkeep\n|\n|t:|1700535102\n|switch|p1a: Scyther|Scyther, F, shiny|100\/100\n|turn|7\n|\n|t:|1700535113\n|move|p1a: Scyther|Quick Attack|p2a: Kommo-o\n|-damage|p2a: Kommo-o|0 fnt\n|faint|p2a: Kommo-o\n|\n|-weather|none\n|upkeep\n|\n|t:|1700535122\n|switch|p2a: Gyarados|Gyarados, F|100\/100\n|-ability|p2a: Gyarados|Intimidate|boost\n|-unboost|p1a: Scyther|atk|1\n|turn|8\n|\n|t:|1700535126\n|switch|p1a: Jolteon|Jolteon, F, shiny|100\/100\n|move|p2a: Gyarados|Dragon Dance|p2a: Gyarados\n|-boost|p2a: Gyarados|atk|1\n|-boost|p2a: Gyarados|spe|1\n|\n|-status|p1a: Jolteon|brn|[from] item: Flame Orb\n|upkeep\n|turn|9\n|\n|t:|1700535135\n|switch|p2a: Kleavor|Kleavor, M|100\/100\n|move|p1a: Jolteon|Volt Switch|p2a: Kleavor\n|-damage|p2a: Kleavor|51\/100\n|\n|t:|1700535139\n|switch|p1a: Ninetales|Ninetales, M, shiny|100\/100|[from] Volt Switch\n|-weather|SunnyDay|[from] ability: Drought|[of] p1a: Ninetales\n|\n|-weather|SunnyDay|[upkeep]\n|upkeep\n|turn|10\n|\n|t:|1700535144\n|move|p1a: Ninetales|Weather Ball|p2a: Kleavor\n|-damage|p2a: Kleavor|0 fnt\n|faint|p2a: Kleavor\n|\n|-weather|SunnyDay|[upkeep]\n|upkeep\n|\n|t:|1700535149\n|switch|p2a: Hatterene|Hatterene, F|100\/100\n|turn|11\n|\n|t:|1700535151\n|switch|p1a: Venusaur|Venusaur, M, shiny|81\/100\n|move|p2a: Hatterene|Calm Mind|p2a: Hatterene\n|-boost|p2a: Hatterene|spa|1\n|-boost|p2a: Hatterene|spd|1\n|\n|-weather|SunnyDay|[upkeep]\n|upkeep\n|turn|12\n|\n|t:|1700535160\n|-terastallize|p2a: Hatterene|Psychic\n|move|p1a: Venusaur|Sludge Bomb|p2a: Hatterene\n|-damage|p2a: Hatterene|53\/100\n|-damage|p1a: Venusaur|71\/100|[from] item: Life Orb\n|move|p2a: Hatterene|Calm Mind|p2a: Hatterene\n|-boost|p2a: Hatterene|spa|1\n|-boost|p2a: Hatterene|spd|1\n|\n|-weather|SunnyDay|[upkeep]\n|-heal|p2a: Hatterene|59\/100|[from] item: Leftovers\n|upkeep\n|turn|13\n|\n|t:|1700535171\n|switch|p1a: Rhydon|Rhydon, M, shiny|100\/100\n|move|p2a: Hatterene|Draining Kiss|p1a: Rhydon\n|-damage|p1a: Rhydon|64\/100\n|-heal|p2a: Hatterene|100\/100|[from] drain|[of] p1a: Rhydon\n|\n|-weather|none\n|upkeep\n|turn|14\n|\n|t:|1700535181\n|move|p1a: Rhydon|Stealth Rock|p2a: Hatterene\n|move|p2a: Hatterene|Stealth Rock|p1a: Rhydon|[from]ability: Magic Bounce\n|-sidestart|p1: Sirrawrz|move: Stealth Rock\n|move|p2a: Hatterene|Psyshock|p1a: Rhydon\n|-damage|p1a: Rhydon|12\/100\n|\n|upkeep\n|turn|15\n|c|\u2606Sirrawrz|derp\n|\n|t:|1700535188\n|move|p1a: Rhydon|Earthquake|p2a: Hatterene\n|-damage|p2a: Hatterene|54\/100\n|move|p2a: Hatterene|Draining Kiss|p1a: Rhydon\n|-damage|p1a: Rhydon|0 fnt\n|-heal|p2a: Hatterene|68\/100|[from] drain|[of] p1a: Rhydon\n|faint|p1a: Rhydon\n|\n|-heal|p2a: Hatterene|75\/100|[from] item: Leftovers\n|upkeep\n|\n|t:|1700535191\n|switch|p1a: Scyther|Scyther, F, shiny|100\/100\n|-damage|p1a: Scyther|51\/100|[from] Stealth Rock\n|turn|16\n|\n|t:|1700535200\n|-terastallize|p1a: Scyther|Flying\n|move|p1a: Scyther|Dual Wingbeat|p2a: Hatterene\n|-damage|p2a: Hatterene|23\/100\n|-damage|p2a: Hatterene|0 fnt\n|faint|p2a: Hatterene\n|-hitcount|p2: Hatterene|2\n|\n|upkeep\n|\n|t:|1700535211\n|switch|p2a: Kartana|Kartana|100\/100\n|turn|17\n|\n|t:|1700535218\n|switch|p1a: Ninetales|Ninetales, M, shiny|100\/100\n|-damage|p1a: Ninetales|76\/100|[from] Stealth Rock\n|-weather|SunnyDay|[from] ability: Drought|[of] p1a: Ninetales\n|move|p2a: Kartana|Knock Off|p1a: Ninetales\n|-damage|p1a: Ninetales|0 fnt\n|-enditem|p1a: Ninetales|Choice Scarf|[from] move: Knock Off|[of] p2a: Kartana\n|faint|p1a: Ninetales\n|-ability|p2a: Kartana|Beast Boost|boost\n|-boost|p2a: Kartana|atk|1\n|\n|-weather|SunnyDay|[upkeep]\n|upkeep\n|\n|t:|1700535220\n|switch|p1a: Jolteon|Jolteon, F, shiny|100\/100 brn\n|-damage|p1a: Jolteon|88\/100 brn|[from] Stealth Rock\n|turn|18\n|\n|t:|1700535231\n|move|p1a: Jolteon|Weather Ball|p2a: Kartana\n|-supereffective|p2a: Kartana\n|-damage|p2a: Kartana|0 fnt\n|faint|p2a: Kartana\n|\n|-weather|SunnyDay|[upkeep]\n|-damage|p1a: Jolteon|82\/100 brn|[from] brn\n|upkeep\n|\n|t:|1700535237\n|switch|p2a: Gyarados|Gyarados, F|100\/100\n|-ability|p2a: Gyarados|Intimidate|boost\n|-unboost|p1a: Jolteon|atk|1\n|turn|19\n|\n|t:|1700535242\n|detailschange|p2a: Gyarados|Gyarados-Mega, F\n|-mega|p2a: Gyarados|Gyarados|Gyaradosite\n|-ability|p2a: Gyarados|Mold Breaker\n|move|p1a: Jolteon|Volt Switch|p2a: Gyarados\n|-supereffective|p2a: Gyarados\n|-damage|p2a: Gyarados|46\/100\n|\n|t:|1700535246\n|switch|p1a: Venusaur|Venusaur, M, shiny|71\/100|[from] Volt Switch\n|-damage|p1a: Venusaur|58\/100|[from] Stealth Rock\n|move|p2a: Gyarados|Dragon Dance|p2a: Gyarados\n|-boost|p2a: Gyarados|atk|1\n|-boost|p2a: Gyarados|spe|1\n|\n|-weather|SunnyDay|[upkeep]\n|upkeep\n|turn|20\n|c|\u2606Sirrawrz|good game\n|\n|t:|1700535256\n|move|p1a: Venusaur|Giga Drain|p2a: Gyarados\n|-supereffective|p2a: Gyarados\n|-damage|p2a: Gyarados|0 fnt\n|-heal|p1a: Venusaur|83\/100|[from] drain|[of] p2a: Gyarados\n|faint|p2a: Gyarados\n|-damage|p1a: Venusaur|73\/100|[from] item: Life Orb\n|\n|win|Sirrawrz\n|raw|Sirrawrz's rating: 1527 &rarr; <strong>1545<\/strong><br \/>(+18 for winning)\n|raw|Rising skies's rating: 1485 &rarr; <strong>1467<\/strong><br \/>(-18 for losing)\n|c|\u2606Sirrawrz|neat team\n|l|\u2606Rising skies\n","uploadtime":1700535264,"views":1,"p1id":"sirrawrz","p2id":"risingskies","formatid":"gen9nationaldex","rating":1467,"private":0,"password":""}