{"id":"gen9nationaldex-1991032046","p1":"shadowtron","p2":"mtyqjltz5","format":"[Gen 9] National Dex","log":"|j|\u2606shadowtron\n|j|\u2606mtyqjltz5\n|t:|1700031346\n|gametype|singles\n|player|p1|shadowtron|veteran|1408\n|player|p2|mtyqjltz5|elesa|1411\n|teamsize|p1|6\n|teamsize|p2|6\n|gen|9\n|tier|[Gen 9] National Dex\n|rated|\n|rule|HP Percentage Mod: HP is shown in percentages\n|rule|Endless Battle Clause: Forcing endless battles is banned\n|rule|OHKO Clause: OHKO moves are banned\n|rule|Evasion Clause: Evasion abilities, items, and moves are banned\n|rule|Evasion Abilities Clause: Evasion abilities are banned\n|rule|Evasion Items Clause: Evasion items are banned\n|rule|Evasion Moves Clause: Evasion moves are banned\n|rule|Species Clause: Limit one of each Pok\u00e9mon\n|rule|Sleep Clause Mod: Limit one foe put to sleep\n|clearpoke\n|poke|p1|Mawile, F|\n|poke|p1|Ferrothorn, M|\n|poke|p1|Heatran, M|\n|poke|p1|Zoroark-Hisui, M|\n|poke|p1|Gliscor, M|\n|poke|p1|Mr. Rime, F|\n|poke|p2|Pidgeot, M|\n|poke|p2|Weezing-Galar, M|\n|poke|p2|Heatran, M|\n|poke|p2|Rillaboom, M|\n|poke|p2|Urshifu-*, M|\n|poke|p2|Slowking-Galar, M|\n|teampreview\n|inactive|Battle timer is ON: inactive players will automatically lose when time's up. (requested by shadowtron)\n|inactive|shadowtron has 120 seconds left.\n|\n|t:|1700031382\n|start\n|switch|p1a: Heatran|Heatran, M|100\/100\n|switch|p2a: Pidgeot|Pidgeot, M, shiny|100\/100\n|turn|1\n|\n|t:|1700031387\n|detailschange|p2a: Pidgeot|Pidgeot-Mega, M, shiny\n|-mega|p2a: Pidgeot|Pidgeot|Pidgeotite\n|move|p2a: Pidgeot|U-turn|p1a: Heatran\n|-resisted|p1a: Heatran\n|-damage|p1a: Heatran|98\/100\n|\n|t:|1700031395\n|switch|p2a: Urshifu|Urshifu-Rapid-Strike, M|100\/100|[from] U-turn\n|move|p1a: Heatran|Stealth Rock|p2a: Urshifu\n|-sidestart|p2: mtyqjltz5|move: Stealth Rock\n|\n|-heal|p1a: Heatran|100\/100|[from] item: Leftovers\n|upkeep\n|turn|2\n|\n|t:|1700031403\n|switch|p1a: Ferrothorn|Ferrothorn, M|100\/100\n|move|p2a: Urshifu|Close Combat|p1a: Ferrothorn\n|-supereffective|p1a: Ferrothorn\n|-damage|p1a: Ferrothorn|29\/100\n|-unboost|p2a: Urshifu|def|1\n|-unboost|p2a: Urshifu|spd|1\n|-damage|p2a: Urshifu|88\/100|[from] ability: Iron Barbs|[of] p1a: Ferrothorn\n|-damage|p2a: Urshifu|72\/100|[from] item: Rocky Helmet|[of] p1a: Ferrothorn\n|\n|upkeep\n|turn|3\n|\n|t:|1700031420\n|switch|p2a: Pidgeot|Pidgeot-Mega, M, shiny|100\/100\n|-damage|p2a: Pidgeot|76\/100|[from] Stealth Rock\n|move|p1a: Ferrothorn|Leech Seed|p2a: Pidgeot\n|-start|p2a: Pidgeot|move: Leech Seed\n|\n|-damage|p2a: Pidgeot|63\/100|[from] Leech Seed|[of] p1a: Ferrothorn\n|-heal|p1a: Ferrothorn|40\/100|[silent]\n|upkeep\n|turn|4\n|\n|t:|1700031429\n|move|p1a: Ferrothorn|Protect|p1a: Ferrothorn\n|-singleturn|p1a: Ferrothorn|Protect\n|move|p2a: Pidgeot|Roost|p2a: Pidgeot\n|-heal|p2a: Pidgeot|100\/100\n|-singleturn|p2a: Pidgeot|move: Roost\n|\n|-damage|p2a: Pidgeot|88\/100|[from] Leech Seed|[of] p1a: Ferrothorn\n|-heal|p1a: Ferrothorn|50\/100|[silent]\n|upkeep\n|turn|5\n|\n|t:|1700031438\n|switch|p1a: Heatran|Heatran, M|100\/100\n|move|p2a: Pidgeot|Heat Wave|p1a: Heatran\n|-start|p1a: Heatran|ability: Flash Fire\n|\n|-damage|p2a: Pidgeot|76\/100|[from] Leech Seed|[of] p1a: Heatran\n|upkeep\n|turn|6\n|\n|t:|1700031448\n|move|p2a: Pidgeot|U-turn|p1a: Heatran\n|-resisted|p1a: Heatran\n|-damage|p1a: Heatran|98\/100\n|\n|t:|1700031459\n|switch|p2a: Urshifu|Urshifu-Rapid-Strike, M|72\/100|[from] U-turn\n|-damage|p2a: Urshifu|66\/100|[from] Stealth Rock\n|move|p1a: Heatran|Earth Power|p2a: Urshifu\n|-damage|p2a: Urshifu|25\/100\n|\n|-heal|p1a: Heatran|100\/100|[from] item: Leftovers\n|upkeep\n|turn|7\n|\n|t:|1700031474\n|-end|p1a: Heatran|ability: Flash Fire|[silent]\n|switch|p1a: Ferrothorn|Ferrothorn, M|50\/100\n|move|p2a: Urshifu|U-turn|p1a: Ferrothorn\n|-damage|p1a: Ferrothorn|35\/100\n|-damage|p2a: Urshifu|13\/100|[from] ability: Iron Barbs|[of] p1a: Ferrothorn\n|-damage|p2a: Urshifu|0 fnt|[from] item: Rocky Helmet|[of] p1a: Ferrothorn\n|faint|p2a: Urshifu\n|\n|upkeep\n|\n|t:|1700031490\n|switch|p2a: Heatran|Heatran, M|100\/100\n|-damage|p2a: Heatran|88\/100|[from] Stealth Rock\n|turn|8\n|\n|t:|1700031500\n|move|p2a: Heatran|Earth Power|p1a: Ferrothorn\n|-damage|p1a: Ferrothorn|14\/100\n|move|p1a: Ferrothorn|Leech Seed|p2a: Heatran\n|-start|p2a: Heatran|move: Leech Seed\n|\n|-heal|p2a: Heatran|94\/100|[from] item: Leftovers\n|-damage|p2a: Heatran|82\/100|[from] Leech Seed|[of] p1a: Ferrothorn\n|-heal|p1a: Ferrothorn|28\/100|[silent]\n|upkeep\n|turn|9\n|\n|t:|1700031516\n|switch|p2a: Weezing|Weezing-Galar, M|100\/100\n|-damage|p2a: Weezing|88\/100|[from] Stealth Rock\n|move|p1a: Ferrothorn|Protect||[still]\n|-fail|p1a: Ferrothorn\n|\n|-heal|p2a: Weezing|94\/100|[from] item: Leftovers\n|upkeep\n|turn|10\n|\n|t:|1700031522\n|move|p2a: Weezing|Defog|p1a: Ferrothorn\n|-unboost|p1a: Ferrothorn|evasion|1\n|-sideend|p2: mtyqjltz5|Stealth Rock|[from] move: Defog|[of] p2a: Weezing\n|move|p1a: Ferrothorn|Gyro Ball|p2a: Weezing\n|-supereffective|p2a: Weezing\n|-damage|p2a: Weezing|50\/100\n|\n|-heal|p2a: Weezing|56\/100|[from] item: Leftovers\n|upkeep\n|turn|11\n|\n|t:|1700031532\n|switch|p2a: Rillaboom|Rillaboom, M|100\/100\n|-fieldstart|move: Grassy Terrain|[from] ability: Grassy Surge|[of] p2a: Rillaboom\n|switch|p1a: Heatran|Heatran, M|100\/100\n|\n|upkeep\n|turn|12\n|\n|t:|1700031541\n|switch|p1a: Ferrothorn|Ferrothorn, M|28\/100\n|move|p2a: Rillaboom|U-turn|p1a: Ferrothorn\n|-damage|p1a: Ferrothorn|8\/100\n|-damage|p2a: Rillaboom|88\/100|[from] ability: Iron Barbs|[of] p1a: Ferrothorn\n|-damage|p2a: Rillaboom|72\/100|[from] item: Rocky Helmet|[of] p1a: Ferrothorn\n|\n|t:|1700031548\n|switch|p2a: Heatran|Heatran, M|82\/100|[from] U-turn\n|\n|-heal|p2a: Heatran|88\/100|[from] Grassy Terrain\n|-heal|p2a: Heatran|94\/100|[from] item: Leftovers\n|-heal|p1a: Ferrothorn|14\/100|[from] Grassy Terrain\n|upkeep\n|turn|13\n|\n|t:|1700031553\n|move|p2a: Heatran|Earth Power|p1a: Ferrothorn\n|-damage|p1a: Ferrothorn|0 fnt\n|faint|p1a: Ferrothorn\n|\n|-heal|p2a: Heatran|100\/100|[from] Grassy Terrain\n|upkeep\n|\n|t:|1700031562\n|switch|p1a: Gliscor|Gliscor, M|100\/100\n|turn|14\n|\n|t:|1700031570\n|switch|p2a: Pidgeot|Pidgeot-Mega, M, shiny|76\/100\n|move|p1a: Gliscor|Protect||[still]\n|-fail|p1a: Gliscor\n|\n|-status|p1a: Gliscor|tox|[from] item: Toxic Orb\n|upkeep\n|turn|15\n|\n|t:|1700031581\n|move|p2a: Pidgeot|U-turn|p1a: Gliscor\n|-resisted|p1a: Gliscor\n|-damage|p1a: Gliscor|97\/100 tox\n|\n|t:|1700031585\n|switch|p2a: Slowking|Slowking-Galar, M, shiny|100\/100|[from] U-turn\n|move|p1a: Gliscor|Toxic|p2a: Slowking\n|-immune|p2a: Slowking\n|\n|-heal|p1a: Gliscor|100\/100 tox|[from] ability: Poison Heal\n|-fieldend|move: Grassy Terrain\n|upkeep\n|turn|16\n|\n|t:|1700031592\n|move|p1a: Gliscor|Spikes|p2a: Slowking\n|-sidestart|p2: mtyqjltz5|Spikes\n|move|p2a: Slowking|Future Sight|p1a: Gliscor\n|-start|p2a: Slowking|move: Future Sight\n|\n|upkeep\n|turn|17\n|\n|t:|1700031597\n|switch|p2a: Weezing|Weezing-Galar, M|56\/100\n|move|p1a: Gliscor|Spikes|p2a: Weezing\n|-sidestart|p2: mtyqjltz5|Spikes\n|\n|-heal|p2a: Weezing|62\/100|[from] item: Leftovers\n|upkeep\n|turn|18\n|\n|t:|1700031605\n|switch|p1a: Heatran|Heatran, M|100\/100\n|move|p2a: Weezing|Defog|p1a: Heatran\n|-unboost|p1a: Heatran|evasion|1\n|-sideend|p2: mtyqjltz5|Spikes|[from] move: Defog|[of] p2a: Weezing\n|\n|-end|p1a: Heatran|move: Future Sight\n|-resisted|p1a: Heatran\n|-damage|p1a: Heatran|88\/100\n|-heal|p1a: Heatran|94\/100|[from] item: Leftovers\n|-heal|p2a: Weezing|68\/100|[from] item: Leftovers\n|upkeep\n|turn|19\n|\n|t:|1700031620\n|switch|p2a: Slowking|Slowking-Galar, M, shiny|100\/100\n|move|p1a: Heatran|Stealth Rock|p2a: Slowking\n|-sidestart|p2: mtyqjltz5|move: Stealth Rock\n|\n|-heal|p1a: Heatran|99\/100|[from] item: Leftovers\n|upkeep\n|turn|20\n|\n|t:|1700031628\n|move|p1a: Heatran|Earth Power|p2a: Slowking\n|-supereffective|p2a: Slowking\n|-damage|p2a: Slowking|64\/100\n|move|p2a: Slowking|Chilly Reception|p2a: Slowking\n|-weather|Snow\n|\n|t:|1700031633\n|switch|p2a: Heatran|Heatran, M|100\/100|[from] Chilly Reception\n|-damage|p2a: Heatran|88\/100|[from] Stealth Rock\n|\n|-weather|Snow|[upkeep]\n|-heal|p1a: Heatran|100\/100|[from] item: Leftovers\n|-heal|p2a: Heatran|94\/100|[from] item: Leftovers\n|upkeep\n|turn|21\n|\n|t:|1700031646\n|-terastallize|p2a: Heatran|Grass\n|move|p2a: Heatran|Stealth Rock|p1a: Heatran\n|-sidestart|p1: shadowtron|move: Stealth Rock\n|move|p1a: Heatran|Earth Power|p2a: Heatran\n|-resisted|p2a: Heatran\n|-damage|p2a: Heatran|86\/100\n|\n|-weather|Snow|[upkeep]\n|-heal|p2a: Heatran|92\/100|[from] item: Leftovers\n|upkeep\n|turn|22\n|\n|t:|1700031653\n|move|p1a: Heatran|Toxic|p2a: Heatran|[miss]\n|-miss|p1a: Heatran|p2a: Heatran\n|move|p2a: Heatran|Earth Power|p1a: Heatran\n|-supereffective|p1a: Heatran\n|-damage|p1a: Heatran|37\/100\n|\n|-weather|Snow|[upkeep]\n|-heal|p1a: Heatran|44\/100|[from] item: Leftovers\n|-heal|p2a: Heatran|99\/100|[from] item: Leftovers\n|upkeep\n|turn|23\n|\n|t:|1700031658\n|move|p1a: Heatran|Toxic|p2a: Heatran\n|-status|p2a: Heatran|tox\n|move|p2a: Heatran|Taunt|p1a: Heatran\n|-start|p1a: Heatran|move: Taunt\n|\n|-weather|Snow|[upkeep]\n|-heal|p2a: Heatran|100\/100 tox|[from] item: Leftovers\n|-heal|p1a: Heatran|50\/100|[from] item: Leftovers\n|-damage|p2a: Heatran|94\/100 tox|[from] psn\n|upkeep\n|turn|24\n|\n|t:|1700031668\n|switch|p1a: Gliscor|Gliscor, M|100\/100 tox\n|-damage|p1a: Gliscor|88\/100 tox|[from] Stealth Rock\n|move|p2a: Heatran|Magma Storm|p1a: Gliscor\n|-damage|p1a: Gliscor|34\/100 tox\n|-activate|p1a: Gliscor|move: Magma Storm|[of] p2a: Heatran\n|\n|-weather|none\n|-heal|p2a: Heatran|100\/100 tox|[from] item: Leftovers\n|-heal|p1a: Gliscor|47\/100 tox|[from] ability: Poison Heal\n|-damage|p2a: Heatran|88\/100 tox|[from] psn\n|-damage|p1a: Gliscor|34\/100 tox|[from] move: Magma Storm|[partiallytrapped]\n|upkeep\n|turn|25\n|\n|t:|1700031680\n|switch|p2a: Pidgeot|Pidgeot-Mega, M, shiny|76\/100\n|-damage|p2a: Pidgeot|51\/100|[from] Stealth Rock\n|move|p1a: Gliscor|Spikes|p2a: Pidgeot\n|-sidestart|p2: mtyqjltz5|Spikes\n|\n|-heal|p1a: Gliscor|47\/100 tox|[from] ability: Poison Heal\n|-end|p1a: Gliscor|Magma Storm|[partiallytrapped]|[silent]\n|upkeep\n|turn|26\n|\n|t:|1700031690\n|switch|p1a: Heatran|Heatran, M|50\/100\n|-damage|p1a: Heatran|37\/100|[from] Stealth Rock\n|move|p2a: Pidgeot|Hurricane|p1a: Heatran\n|-resisted|p1a: Heatran\n|-damage|p1a: Heatran|19\/100\n|\n|-heal|p1a: Heatran|25\/100|[from] item: Leftovers\n|upkeep\n|turn|27\n|\n|t:|1700031697\n|move|p2a: Pidgeot|U-turn|p1a: Heatran\n|-resisted|p1a: Heatran\n|-damage|p1a: Heatran|23\/100\n|\n|t:|1700031704\n|switch|p2a: Slowking|Slowking-Galar, M, shiny|97\/100|[from] U-turn\n|move|p1a: Heatran|Magma Storm|p2a: Slowking\n|-damage|p2a: Slowking|66\/100\n|-activate|p2a: Slowking|move: Magma Storm|[of] p1a: Heatran\n|\n|-heal|p1a: Heatran|29\/100|[from] item: Leftovers\n|-damage|p2a: Slowking|53\/100|[from] move: Magma Storm|[partiallytrapped]\n|upkeep\n|turn|28\n|\n|t:|1700031714\n|move|p1a: Heatran|Earth Power|p2a: Slowking\n|-supereffective|p2a: Slowking\n|-damage|p2a: Slowking|13\/100\n|-unboost|p2a: Slowking|spd|1\n|move|p2a: Slowking|Chilly Reception|p2a: Slowking\n|-weather|Snow\n|\n|t:|1700031722\n|switch|p2a: Heatran|Heatran, M, tera:Grass|88\/100 tox|[from] Chilly Reception\n|-damage|p2a: Heatran|76\/100 tox|[from] Stealth Rock\n|-damage|p2a: Heatran|63\/100 tox|[from] Spikes\n|\n|-weather|Snow|[upkeep]\n|-heal|p1a: Heatran|35\/100|[from] item: Leftovers\n|-heal|p2a: Heatran|69\/100 tox|[from] item: Leftovers\n|-damage|p2a: Heatran|63\/100 tox|[from] psn\n|upkeep\n|turn|29\n|\n|t:|1700031740\n|move|p2a: Heatran|Magma Storm|p1a: Heatran\n|-start|p1a: Heatran|ability: Flash Fire\n|move|p1a: Heatran|Earth Power|p2a: Heatran\n|-resisted|p2a: Heatran\n|-damage|p2a: Heatran|55\/100 tox\n|-unboost|p2a: Heatran|spd|1\n|\n|-weather|Snow|[upkeep]\n|-heal|p2a: Heatran|61\/100 tox|[from] item: Leftovers\n|-heal|p1a: Heatran|42\/100|[from] item: Leftovers\n|-damage|p2a: Heatran|49\/100 tox|[from] psn\n|upkeep\n|turn|30\n|\n|t:|1700031751\n|move|p1a: Heatran|Earth Power|p2a: Heatran\n|-resisted|p2a: Heatran\n|-damage|p2a: Heatran|37\/100 tox\n|move|p2a: Heatran|Earth Power|p1a: Heatran\n|-supereffective|p1a: Heatran\n|-damage|p1a: Heatran|0 fnt\n|faint|p1a: Heatran\n|\n|-weather|Snow|[upkeep]\n|-heal|p2a: Heatran|43\/100 tox|[from] item: Leftovers\n|-damage|p2a: Heatran|24\/100 tox|[from] psn\n|upkeep\n|\n|t:|1700031758\n|switch|p1a: Mr. Rime|Mr. Rime, F|100\/100\n|turn|31\n|\n|t:|1700031780\n|move|p2a: Heatran|Magma Storm|p1a: Mr. Rime\n|-supereffective|p1a: Mr. Rime\n|-damage|p1a: Mr. Rime|40\/100\n|-activate|p1a: Mr. Rime|move: Magma Storm|[of] p2a: Heatran\n|move|p1a: Mr. Rime|Rapid Spin|p2a: Heatran\n|-damage|p2a: Heatran|17\/100 tox\n|-boost|p1a: Mr. Rime|spe|1\n|-sideend|p1: shadowtron|Stealth Rock|[from] move: Rapid Spin|[of] p1a: Mr. Rime\n|-end|p1a: Mr. Rime|Magma Storm|[partiallytrapped]\n|\n|-weather|Snow|[upkeep]\n|-heal|p2a: Heatran|23\/100 tox|[from] item: Leftovers\n|-damage|p2a: Heatran|0 fnt|[from] psn\n|faint|p2a: Heatran\n|upkeep\n|\n|t:|1700031787\n|switch|p2a: Weezing|Weezing-Galar, M|68\/100\n|-damage|p2a: Weezing|56\/100|[from] Stealth Rock\n|turn|32\n|\n|t:|1700031790\n|move|p1a: Mr. Rime|Psychic|p2a: Weezing\n|-supereffective|p2a: Weezing\n|-damage|p2a: Weezing|0 fnt\n|faint|p2a: Weezing\n|\n|-weather|none\n|upkeep\n|\n|t:|1700031808\n|switch|p2a: Rillaboom|Rillaboom, M|72\/100\n|-damage|p2a: Rillaboom|59\/100|[from] Stealth Rock\n|-damage|p2a: Rillaboom|47\/100|[from] Spikes\n|-fieldstart|move: Grassy Terrain|[from] ability: Grassy Surge|[of] p2a: Rillaboom\n|turn|33\n|\n|t:|1700031813\n|move|p2a: Rillaboom|U-turn|p1a: Mr. Rime\n|-supereffective|p1a: Mr. Rime\n|-damage|p1a: Mr. Rime|0 fnt\n|faint|p1a: Mr. Rime\n|\n|t:|1700031818\n|switch|p2a: Slowking|Slowking-Galar, M, shiny|47\/100|[from] U-turn\n|\n|-heal|p2a: Slowking|53\/100|[from] Grassy Terrain\n|upkeep\n|\n|t:|1700031823\n|switch|p1a: Gliscor|Gliscor, M|47\/100 tox\n|turn|34\n|\n|t:|1700031833\n|move|p1a: Gliscor|Spikes|p2a: Slowking\n|-sidestart|p2: mtyqjltz5|Spikes\n|move|p2a: Slowking|Future Sight|p1a: Gliscor\n|-start|p2a: Slowking|move: Future Sight\n|\n|-heal|p2a: Slowking|59\/100|[from] Grassy Terrain\n|-heal|p1a: Gliscor|59\/100 tox|[from] ability: Poison Heal\n|upkeep\n|turn|35\n|\n|t:|1700031837\n|move|p1a: Gliscor|Spikes|p2a: Slowking\n|-sidestart|p2: mtyqjltz5|Spikes\n|move|p2a: Slowking|Chilly Reception|p2a: Slowking\n|-weather|Snow\n|\n|t:|1700031848\n|switch|p2a: Pidgeot|Pidgeot-Mega, M, shiny|51\/100|[from] Chilly Reception\n|-damage|p2a: Pidgeot|26\/100|[from] Stealth Rock\n|\n|-weather|Snow|[upkeep]\n|-heal|p1a: Gliscor|72\/100 tox|[from] ability: Poison Heal\n|upkeep\n|turn|36\n|\n|t:|1700031857\n|move|p1a: Gliscor|Protect|p1a: Gliscor\n|-singleturn|p1a: Gliscor|Protect\n|move|p2a: Pidgeot|Hurricane|p1a: Gliscor\n|-activate|p1a: Gliscor|move: Protect\n|\n|-weather|Snow|[upkeep]\n|-end|p1a: Gliscor|move: Future Sight\n|-damage|p1a: Gliscor|16\/100 tox\n|-heal|p1a: Gliscor|29\/100 tox|[from] ability: Poison Heal\n|upkeep\n|turn|37\n|\n|t:|1700031868\n|switch|p1a: Mawile|Mawile, F, shiny|100\/100\n|-ability|p1a: Mawile|Intimidate|boost\n|-unboost|p2a: Pidgeot|atk|1\n|move|p2a: Pidgeot|Heat Wave|p1a: Mawile\n|-supereffective|p1a: Mawile\n|-damage|p1a: Mawile|0 fnt\n|faint|p1a: Mawile\n|\n|-weather|Snow|[upkeep]\n|-fieldend|move: Grassy Terrain\n|upkeep\n|\n|t:|1700031872\n|switch|p1a: Gliscor|Gliscor, M|100\/100\n|turn|38\n|\n|t:|1700031889\n|move|p2a: Pidgeot|Hurricane|p1a: Gliscor\n|-damage|p1a: Gliscor|0 fnt\n|replace|p1a: Zoroark|Zoroark-Hisui, M\n|-end|p1a: Zoroark|Illusion\n|faint|p1a: Zoroark\n|\n|-weather|Snow|[upkeep]\n|upkeep\n|-message|shadowtron forfeited.\n|\n|win|mtyqjltz5\n|raw|shadowtron's rating: 1408 &rarr; <strong>1388<\/strong><br \/>(-20 for losing)\n|raw|mtyqjltz5's rating: 1411 &rarr; <strong>1431<\/strong><br \/>(+20 for winning)\n|l|\u2606shadowtron\n","uploadtime":1700031899,"views":7,"p1id":"shadowtron","p2id":"mtyqjltz5","formatid":"gen9nationaldex","rating":1388,"private":0,"password":""}