{"id":"gen9nationaldex-1998821861","p1":"DanjNeesan","p2":"baigu3","format":"[Gen 9] National Dex","log":"|html|<div class=\"broadcast-blue\"><strong>[Gen 9] National Dex is currently suspecting Sneasler! For information on how to participate check out the <a href=\"https:\/\/www.smogon.com\/forums\/threads\/sv-national-dex-suspect-8-just-dance.3731534\/\">suspect thread<\/a>.<\/strong><\/div>\n|j|\u2606DanjNeesan\n|j|\u2606baigu3\n|t:|1700997796\n|gametype|singles\n|player|p1|DanjNeesan|veteranf|1530\n|player|p2|baigu3|169|1619\n|teamsize|p1|6\n|teamsize|p2|6\n|gen|9\n|tier|[Gen 9] National Dex\n|rated|\n|rule|HP Percentage Mod: HP is shown in percentages\n|rule|Endless Battle Clause: Forcing endless battles is banned\n|rule|OHKO Clause: OHKO moves are banned\n|rule|Evasion Clause: Evasion abilities, items, and moves are banned\n|rule|Evasion Abilities Clause: Evasion abilities are banned\n|rule|Evasion Items Clause: Evasion items are banned\n|rule|Evasion Moves Clause: Evasion moves are banned\n|rule|Species Clause: Limit one of each Pok\u00e9mon\n|rule|Sleep Clause Mod: Limit one foe put to sleep\n|clearpoke\n|poke|p1|Mawile, F|\n|poke|p1|Ferrothorn, M|\n|poke|p1|Slowbro, M|\n|poke|p1|Volcarona, F|\n|poke|p1|Landorus-Therian, M|\n|poke|p1|Clodsire, M|\n|poke|p2|Marowak-Alola, F|\n|poke|p2|Banette, F|\n|poke|p2|Slowbro, F|\n|poke|p2|Hatterene, F|\n|poke|p2|Ursaluna, F|\n|poke|p2|Crawdaunt, M|\n|teampreview\n|inactive|Battle timer is ON: inactive players will automatically lose when time's up. (requested by baigu3)\n|\n|t:|1700997832\n|start\n|switch|p1a: Mawile|Mawile, F|100\/100\n|switch|p2a: Hatterene|Hatterene, F|100\/100\n|-ability|p1a: Mawile|Intimidate|boost\n|-unboost|p2a: Hatterene|atk|1\n|turn|1\n|\n|t:|1700997842\n|detailschange|p1a: Mawile|Mawile-Mega, F\n|-mega|p1a: Mawile|Mawile|Mawilite\n|move|p1a: Mawile|Knock Off|p2a: Hatterene\n|-damage|p2a: Hatterene|29\/100\n|-enditem|p2a: Hatterene|Focus Sash|[from] move: Knock Off|[of] p1a: Mawile\n|move|p2a: Hatterene|Trick Room|p2a: Hatterene\n|-fieldstart|move: Trick Room|[of] p2a: Hatterene\n|\n|upkeep\n|turn|2\n|inactive|DanjNeesan has 120 seconds left.\n|\n|t:|1700997874\n|move|p2a: Hatterene|Healing Wish|p2a: Hatterene\n|faint|p2a: Hatterene\n|move|p1a: Mawile|Knock Off|p2: Hatterene|[notarget]\n|-fail|p1a: Mawile\n|\n|upkeep\n|\n|t:|1700997878\n|switch|p2a: Marowak|Marowak-Alola, F|100\/100\n|turn|3\n|\n|t:|1700997890\n|switch|p1a: Landorus|Landorus-Therian, M|100\/100\n|-ability|p1a: Landorus|Intimidate|boost\n|-unboost|p2a: Marowak|atk|1\n|move|p2a: Marowak|Swords Dance|p2a: Marowak\n|-boost|p2a: Marowak|atk|2\n|\n|upkeep\n|turn|4\n|\n|t:|1700997899\n|-terastallize|p2a: Marowak|Fire\n|move|p2a: Marowak|Flare Blitz|p1a: Landorus\n|-damage|p1a: Landorus|0 fnt\n|faint|p1a: Landorus\n|\n|upkeep\n|\n|t:|1700997905\n|switch|p1a: Mawile|Mawile-Mega, F|100\/100\n|turn|5\n|\n|t:|1700997911\n|move|p1a: Mawile|Sucker Punch|p2a: Marowak\n|-damage|p2a: Marowak|54\/100\n|move|p2a: Marowak|Flare Blitz|p1a: Mawile\n|-supereffective|p1a: Mawile\n|-damage|p1a: Mawile|0 fnt\n|faint|p1a: Mawile\n|\n|-fieldend|move: Trick Room\n|upkeep\n|\n|t:|1700997920\n|switch|p1a: Volcarona|Volcarona, F|100\/100\n|turn|6\n|\n|t:|1700997927\n|switch|p2a: Banette|Banette, F|100\/100\n|move|p1a: Volcarona|Hidden Power|p2a: Banette\n|-damage|p2a: Banette|69\/100\n|\n|upkeep\n|turn|7\n|\n|t:|1700997933\n|detailschange|p2a: Banette|Banette-Mega, F\n|-mega|p2a: Banette|Banette|Banettite\n|move|p2a: Banette|Destiny Bond|p2a: Banette\n|-singlemove|p2a: Banette|Destiny Bond\n|move|p1a: Volcarona|Flamethrower|p2a: Banette\n|-damage|p2a: Banette|7\/100\n|\n|upkeep\n|turn|8\n|\n|t:|1700997944\n|move|p1a: Volcarona|Flamethrower|p2a: Banette\n|-crit|p2a: Banette\n|-damage|p2a: Banette|0 fnt\n|faint|p2a: Banette\n|-activate|p2a: Banette|move: Destiny Bond\n|faint|p1a: Volcarona\n|\n|upkeep\n|\n|t:|1700997952\n|switch|p1a: Ferrothorn|Ferrothorn, M|100\/100\n|switch|p2a: Marowak|Marowak-Alola, F, tera:Fire|54\/100\n|-heal|p2a: Marowak|100\/100|[from] move: Healing Wish\n|turn|9\n|\n|t:|1700997964\n|-terastallize|p1a: Ferrothorn|Ghost\n|move|p2a: Marowak|Flare Blitz|p1a: Ferrothorn\n|-damage|p1a: Ferrothorn|4\/100\n|-status|p1a: Ferrothorn|brn\n|-damage|p2a: Marowak|88\/100|[from] ability: Iron Barbs|[of] p1a: Ferrothorn\n|move|p1a: Ferrothorn|Stealth Rock|p2a: Marowak\n|-sidestart|p2: baigu3|move: Stealth Rock\n|\n|-heal|p1a: Ferrothorn|10\/100 brn|[from] item: Leftovers\n|-damage|p1a: Ferrothorn|4\/100 brn|[from] brn\n|upkeep\n|turn|10\n|\n|t:|1700997975\n|switch|p1a: Slowbro|Slowbro, M|100\/100\n|move|p2a: Marowak|Flare Blitz|p1a: Slowbro\n|-resisted|p1a: Slowbro\n|-damage|p1a: Slowbro|64\/100\n|-damage|p2a: Marowak|71\/100|[from] item: Rocky Helmet|[of] p1a: Slowbro\n|\n|upkeep\n|turn|11\n|\n|t:|1700997983\n|move|p2a: Marowak|Poltergeist|p1a: Slowbro\n|-activate|p1a: Slowbro|move: Poltergeist|Rocky Helmet\n|-supereffective|p1a: Slowbro\n|-damage|p1a: Slowbro|0 fnt\n|faint|p1a: Slowbro\n|\n|upkeep\n|\n|t:|1700997988\n|switch|p1a: Clodsire|Clodsire, M|100\/100\n|turn|12\n|\n|t:|1700997991\n|move|p2a: Marowak|Flare Blitz|p1a: Clodsire\n|-damage|p1a: Clodsire|0 fnt\n|faint|p1a: Clodsire\n|\n|upkeep\n|j| naikui\n|-message|DanjNeesan forfeited.\n|\n|win|baigu3\n|raw|DanjNeesan's rating: 1530 &rarr; <strong>1515<\/strong><br \/>(-15 for losing)\n|raw|baigu3's rating: 1619 &rarr; <strong>1634<\/strong><br \/>(+15 for winning)\n|l|\u2606DanjNeesan\n","uploadtime":1700998001,"views":1,"p1id":"danjneesan","p2id":"baigu3","formatid":"gen9nationaldex","rating":1515,"private":0,"password":""}