{"id":"gen9nationaldex-1998786712","p1":"Oculars\u2655","p2":"ch5u","format":"[Gen 9] National Dex","log":"|html|<div class=\"broadcast-blue\"><strong>[Gen 9] National Dex is currently suspecting Sneasler! For information on how to participate check out the <a href=\"https:\/\/www.smogon.com\/forums\/threads\/sv-national-dex-suspect-8-just-dance.3731534\/\">suspect thread<\/a>.<\/strong><\/div>\n|j|\u2606Oculars\u2655\n|j|\u2606ch5u\n|inactive|Battle timer is ON: inactive players will automatically lose when time's up.\n|t:|1700990696\n|gametype|singles\n|player|p1|Oculars\u2655|lusamine-nihilego|\n|player|p2|ch5u|sabrina-masters|\n|teamsize|p1|6\n|teamsize|p2|6\n|gen|9\n|tier|[Gen 9] National Dex\n|rated|Tournament battle\n|rule|HP Percentage Mod: HP is shown in percentages\n|rule|Endless Battle Clause: Forcing endless battles is banned\n|rule|OHKO Clause: OHKO moves are banned\n|rule|Evasion Clause: Evasion abilities, items, and moves are banned\n|rule|Evasion Abilities Clause: Evasion abilities are banned\n|rule|Evasion Items Clause: Evasion items are banned\n|rule|Evasion Moves Clause: Evasion moves are banned\n|rule|Species Clause: Limit one of each Pok\u00e9mon\n|rule|Sleep Clause Mod: Limit one foe put to sleep\n|clearpoke\n|poke|p1|Grimmsnarl, M|\n|poke|p1|Ursaluna, M|\n|poke|p1|Sneasler, F|\n|poke|p1|Tapu Lele|\n|poke|p1|Tornadus-Therian, M|\n|poke|p1|Gyarados, F|\n|poke|p2|Glimmora, F|\n|poke|p2|Ceruledge, M|\n|poke|p2|Scizor, M|\n|poke|p2|Iron Valiant|\n|poke|p2|Dragonite, M|\n|poke|p2|Ogerpon-Wellspring, F|\n|teampreview\n|j| R4ffy2\n|c|\u2606ch5u|hf\n|c|\u2606Oculars\u2655|u2\n|inactive|Oculars\u2655 has 120 seconds left.\n|c|\u2606Oculars\u2655|oh i just fought this cheese on ladder\n|\n|t:|1700990744\n|start\n|switch|p1a: Freddy|Ursaluna, M|100\/100\n|switch|p2a: Ogerpon|Ogerpon-Wellspring, F|100\/100\n|turn|1\n|\n|t:|1700990756\n|move|p2a: Ogerpon|Ivy Cudgel|p1a: Freddy|[anim] Ivy Cudgel Water\n|-supereffective|p1a: Freddy\n|-damage|p1a: Freddy|4\/100\n|move|p1a: Freddy|Headlong Rush|p2a: Ogerpon\n|-resisted|p2a: Ogerpon\n|-damage|p2a: Ogerpon|51\/100\n|-unboost|p1a: Freddy|def|1\n|-unboost|p1a: Freddy|spd|1\n|\n|-status|p1a: Freddy|brn|[from] item: Flame Orb\n|upkeep\n|turn|2\n|j| maple_syrup689hoe\n|\n|t:|1700990762\n|move|p2a: Ogerpon|Horn Leech|p1a: Freddy\n|-supereffective|p1a: Freddy\n|-damage|p1a: Freddy|0 fnt\n|-heal|p2a: Ogerpon|54\/100|[from] drain|[of] p1a: Freddy\n|faint|p1a: Freddy\n|\n|upkeep\n|\n|t:|1700990765\n|switch|p1a: ayvery irl|Grimmsnarl, M, shiny|100\/100\n|turn|3\n|\n|t:|1700990767\n|move|p1a: ayvery irl|Reflect|p1a: ayvery irl\n|-sidestart|p1: Oculars\u2655|Reflect\n|move|p2a: Ogerpon|Taunt|p1a: ayvery irl\n|-start|p1a: ayvery irl|move: Taunt\n|\n|upkeep\n|turn|4\n|\n|t:|1700990774\n|switch|p1a: adem bird|Tornadus-Therian, M|100\/100\n|move|p2a: Ogerpon|Swords Dance|p2a: Ogerpon\n|-boost|p2a: Ogerpon|atk|2\n|\n|upkeep\n|turn|5\n|\n|t:|1700990781\n|-terastallize|p2a: Ogerpon|Water\n|detailschange|p2a: Ogerpon|Ogerpon-Wellspring-Tera, F, tera:Water\n|-ability|p2a: Ogerpon|Embody Aspect (Wellspring)|boost\n|-boost|p2a: Ogerpon|spd|1\n|-zpower|p1a: adem bird\n|move|p1a: adem bird|Supersonic Skystrike|p2a: Ogerpon|[zeffect]\n|-damage|p2a: Ogerpon|0 fnt\n|faint|p2a: Ogerpon\n|\n|upkeep\n|\n|t:|1700990790\n|switch|p2a: Glimmora|Glimmora, F, shiny|100\/100\n|turn|6\n|\n|t:|1700990797\n|move|p1a: adem bird|Focus Blast|p2a: Glimmora\n|-damage|p2a: Glimmora|53\/100\n|move|p2a: Glimmora|Stealth Rock|p1a: adem bird\n|-sidestart|p1: Oculars\u2655|move: Stealth Rock\n|\n|upkeep\n|turn|7\n|\n|t:|1700990804\n|move|p1a: adem bird|Focus Blast|p2a: Glimmora\n|-damage|p2a: Glimmora|8\/100\n|-unboost|p2a: Glimmora|spd|1\n|move|p2a: Glimmora|Mortal Spin|p1a: adem bird\n|-damage|p1a: adem bird|97\/100\n|-status|p1a: adem bird|psn\n|\n|-damage|p1a: adem bird|84\/100 psn|[from] psn\n|upkeep\n|turn|8\n|\n|t:|1700990811\n|move|p1a: adem bird|Knock Off|p2a: Glimmora\n|-damage|p2a: Glimmora|0 fnt\n|-activate|p2a: Glimmora|ability: Toxic Debris\n|-sidestart|p1: Oculars\u2655|move: Toxic Spikes\n|-enditem|p2a: Glimmora|Focus Sash|[from] move: Knock Off|[of] p1a: adem bird\n|faint|p2a: Glimmora\n|\n|-damage|p1a: adem bird|72\/100 psn|[from] psn\n|upkeep\n|c| R4ffy2|freddy fazbear harhar\n|\n|t:|1700990824\n|switch|p2a: Dragonite|Dragonite, M|100\/100\n|turn|9\n|\n|t:|1700990828\n|move|p1a: adem bird|Knock Off|p2a: Dragonite\n|-damage|p2a: Dragonite|93\/100\n|move|p2a: Dragonite|Dragon Dance|p2a: Dragonite\n|-boost|p2a: Dragonite|atk|1\n|-boost|p2a: Dragonite|spe|1\n|\n|-damage|p1a: adem bird|60\/100 psn|[from] psn\n|upkeep\n|turn|10\n|\n|t:|1700990831\n|move|p2a: Dragonite|Dragon Dance|p2a: Dragonite\n|-boost|p2a: Dragonite|atk|1\n|-boost|p2a: Dragonite|spe|1\n|move|p1a: adem bird|Hurricane|p2a: Dragonite\n|-damage|p2a: Dragonite|35\/100\n|\n|-damage|p1a: adem bird|47\/100 psn|[from] psn\n|-sideend|p1: Oculars\u2655|Reflect\n|upkeep\n|turn|11\n|\n|t:|1700990839\n|switch|p1a: lele Pons|Tapu Lele|100\/100\n|-damage|p1a: lele Pons|88\/100|[from] Stealth Rock\n|-status|p1a: lele Pons|psn\n|-fieldstart|move: Psychic Terrain|[from] ability: Psychic Surge|[of] p1a: lele Pons\n|move|p2a: Dragonite|Dual Wingbeat|p1a: lele Pons\n|-damage|p1a: lele Pons|44\/100 psn\n|-damage|p1a: lele Pons|0 fnt\n|faint|p1a: lele Pons\n|-hitcount|p1: lele Pons|2\n|\n|upkeep\n|\n|t:|1700990843\n|switch|p1a: Clawlucha|Sneasler, F|100\/100\n|-damage|p1a: Clawlucha|95\/100|[from] Stealth Rock\n|-sideend|p1: Oculars\u2655|move: Toxic Spikes|[of] p1a: Clawlucha\n|-enditem|p1a: Clawlucha|Psychic Seed\n|-boost|p1a: Clawlucha|spd|1|[from] item: Psychic Seed\n|turn|12\n|\n|t:|1700990852\n|move|p1a: Clawlucha|Acrobatics|p2a: Dragonite\n|-damage|p2a: Dragonite|0 fnt\n|faint|p2a: Dragonite\n|\n|upkeep\n|\n|t:|1700990855\n|switch|p2a: Ceruledge|Ceruledge, M, shiny|100\/100\n|turn|13\n|j| sfaasfasfsaq\n|\n|t:|1700990862\n|move|p1a: Clawlucha|Acrobatics|p2a: Ceruledge\n|-damage|p2a: Ceruledge|37\/100\n|-ability|p2a: Ceruledge|Weak Armor|boost\n|-unboost|p2a: Ceruledge|def|1\n|-boost|p2a: Ceruledge|spe|2\n|move|p2a: Ceruledge|Poltergeist||[still]\n|-fail|p2a: Ceruledge\n|\n|upkeep\n|turn|14\n|\n|t:|1700990864\n|move|p1a: Clawlucha|Acrobatics|p2a: Ceruledge\n|-damage|p2a: Ceruledge|0 fnt\n|faint|p2a: Ceruledge\n|\n|upkeep\n|\n|t:|1700990868\n|switch|p2a: Iron Valiant|Iron Valiant, shiny|100\/100\n|-enditem|p2a: Iron Valiant|Booster Energy\n|-activate|p2a: Iron Valiant|ability: Quark Drive|[fromitem]\n|-start|p2a: Iron Valiant|quarkdrivespe\n|turn|15\n|\n|t:|1700990872\n|move|p1a: Clawlucha|Acrobatics|p2a: Iron Valiant\n|-supereffective|p2a: Iron Valiant\n|-damage|p2a: Iron Valiant|0 fnt\n|faint|p2a: Iron Valiant\n|-end|p2a: Iron Valiant|Quark Drive|[silent]\n|\n|-fieldend|move: Psychic Terrain\n|upkeep\n|\n|t:|1700990875\n|switch|p2a: Scizor|Scizor, M, shiny|100\/100\n|turn|16\n|\n|t:|1700990883\n|detailschange|p2a: Scizor|Scizor-Mega, M, shiny\n|-mega|p2a: Scizor|Scizor|Scizorite\n|-terastallize|p1a: Clawlucha|Fighting\n|move|p1a: Clawlucha|Close Combat|p2a: Scizor\n|-damage|p2a: Scizor|12\/100\n|-unboost|p1a: Clawlucha|def|1\n|-unboost|p1a: Clawlucha|spd|1\n|move|p2a: Scizor|Dual Wingbeat|p1a: Clawlucha\n|-supereffective|p1a: Clawlucha\n|-damage|p1a: Clawlucha|0 fnt\n|faint|p1a: Clawlucha\n|-hitcount|p1: Clawlucha|1\n|\n|upkeep\n|j| The power of ROCK\n|\n|t:|1700990890\n|switch|p1a: Sub Sandwich|Gyarados, F|100\/100\n|-damage|p1a: Sub Sandwich|75\/100|[from] Stealth Rock\n|-ability|p1a: Sub Sandwich|Intimidate|boost\n|-unboost|p2a: Scizor|atk|1\n|turn|17\n|\n|t:|1700990894\n|detailschange|p1a: Sub Sandwich|Gyarados-Mega, F\n|-mega|p1a: Sub Sandwich|Gyarados|Gyaradosite\n|-ability|p1a: Sub Sandwich|Mold Breaker\n|move|p1a: Sub Sandwich|Waterfall|p2a: Scizor\n|-damage|p2a: Scizor|0 fnt\n|faint|p2a: Scizor\n|\n|win|Oculars\u2655\n|n|\u2606Oculars\u2655|oculars\n|n|\u2606ch5u|ch5u\n|n| R4ffy2|r4ffy2\n|n| maple_syrup689hoe|maplesyrup689hoe\n|n| sfaasfasfsaq|sfaasfasfsaq\n|n| The power of ROCK|thepowerofrock\n","uploadtime":1700990896,"views":2,"p1id":"oculars","p2id":"ch5u","formatid":"gen9nationaldex","rating":0,"private":0,"password":""}