{"id":"gen9nationaldex-1995249088","p1":"Golden boiii","p2":"RandoTestAccount","format":"[Gen 9] National Dex","log":"|html|<div class=\"broadcast-blue\"><strong>[Gen 9] National Dex is currently suspecting Sneasler! For information on how to participate check out the <a href=\"https:\/\/www.smogon.com\/forums\/threads\/sv-national-dex-suspect-8-just-dance.3731534\/\">suspect thread<\/a>.<\/strong><\/div>\n|j|\u2606Golden boiii\n|j|\u2606RandoTestAccount\n|t:|1700540005\n|gametype|singles\n|player|p1|Golden boiii|preschooler|1328\n|player|p2|RandoTestAccount|pokemonrangerf|1279\n|teamsize|p1|6\n|teamsize|p2|6\n|gen|9\n|tier|[Gen 9] National Dex\n|rated|\n|rule|HP Percentage Mod: HP is shown in percentages\n|rule|Endless Battle Clause: Forcing endless battles is banned\n|rule|OHKO Clause: OHKO moves are banned\n|rule|Evasion Clause: Evasion abilities, items, and moves are banned\n|rule|Evasion Abilities Clause: Evasion abilities are banned\n|rule|Evasion Items Clause: Evasion items are banned\n|rule|Evasion Moves Clause: Evasion moves are banned\n|rule|Species Clause: Limit one of each Pok\u00e9mon\n|rule|Sleep Clause Mod: Limit one foe put to sleep\n|clearpoke\n|poke|p1|Tapu Koko|\n|poke|p1|Buzzwole|\n|poke|p1|Iron Moth|\n|poke|p1|Corviknight, F|\n|poke|p1|Grimmsnarl, M|\n|poke|p1|Garchomp, M|\n|poke|p2|Umbreon, F|\n|poke|p2|Excadrill, F|\n|poke|p2|Corviknight, F|\n|poke|p2|Sableye, F|\n|poke|p2|Tapu Fini|\n|poke|p2|Dragalge, F|\n|teampreview\n|inactive|Battle timer is ON: inactive players will automatically lose when time's up. (requested by Golden boiii)\n|\n|t:|1700540016\n|start\n|switch|p1a: Pipe Bomb|Tapu Koko|100\/100\n|switch|p2a: The Droplet Tear|Tapu Fini, shiny|100\/100\n|-fieldstart|move: Electric Terrain|[from] ability: Electric Surge|[of] p1a: Pipe Bomb\n|-fieldstart|move: Misty Terrain|[from] ability: Misty Surge|[of] p2a: The Droplet Tear\n|turn|1\n|\n|t:|1700540024\n|switch|p2a: The Lonesome One|Excadrill, F, shiny|100\/100\n|-ability|p2a: The Lonesome One|Mold Breaker\n|move|p1a: Pipe Bomb|Volt Switch|p2a: The Lonesome One\n|-immune|p2a: The Lonesome One\n|\n|upkeep\n|turn|2\n|\n|t:|1700540031\n|switch|p1a: Mitsuki|Garchomp, M|100\/100\n|move|p2a: The Lonesome One|Iron Head|p1a: Mitsuki\n|-damage|p1a: Mitsuki|59\/100\n|-damage|p2a: The Lonesome One|88\/100|[from] ability: Rough Skin|[of] p1a: Mitsuki\n|-damage|p2a: The Lonesome One|71\/100|[from] item: Rocky Helmet|[of] p1a: Mitsuki\n|\n|-heal|p2a: The Lonesome One|78\/100|[from] item: Leftovers\n|upkeep\n|turn|3\n|\n|t:|1700540039\n|switch|p2a: Ephialtes Keeper|Corviknight, F, shiny|100\/100\n|-ability|p2a: Ephialtes Keeper|Pressure\n|move|p1a: Mitsuki|Stealth Rock|p2a: Ephialtes Keeper\n|-sidestart|p2: RandoTestAccount|move: Stealth Rock\n|\n|upkeep\n|turn|4\n|\n|t:|1700540045\n|move|p1a: Mitsuki|Spikes|p2a: Ephialtes Keeper\n|-sidestart|p2: RandoTestAccount|Spikes\n|move|p2a: Ephialtes Keeper|Defog|p1a: Mitsuki\n|-unboost|p1a: Mitsuki|evasion|1\n|-sideend|p2: RandoTestAccount|Spikes|[from] move: Defog|[of] p2a: Ephialtes Keeper\n|-sideend|p2: RandoTestAccount|Stealth Rock|[from] move: Defog|[of] p2a: Ephialtes Keeper\n|-fieldend|Misty Terrain\n|\n|upkeep\n|turn|5\n|\n|t:|1700540051\n|switch|p1a: Knighttime|Corviknight, F, shiny|100\/100\n|switch|p2a: Spectre of Emerald|Sableye, F, shiny|100\/100\n|\n|upkeep\n|turn|6\n|\n|t:|1700540056\n|move|p2a: Spectre of Emerald|Will-O-Wisp|p1a: Knighttime\n|-status|p1a: Knighttime|brn\n|move|p1a: Knighttime|U-turn|p2a: Spectre of Emerald\n|-damage|p2a: Spectre of Emerald|93\/100\n|\n|t:|1700540065\n|switch|p1a: A man|Grimmsnarl, M|100\/100|[from] U-turn\n|\n|upkeep\n|turn|7\n|\n|t:|1700540069\n|detailschange|p2a: Spectre of Emerald|Sableye-Mega, F, shiny\n|-mega|p2a: Spectre of Emerald|Sableye|Sablenite\n|move|p1a: A man|Spirit Break|p2a: Spectre of Emerald\n|-supereffective|p2a: Spectre of Emerald\n|-damage|p2a: Spectre of Emerald|48\/100\n|-unboost|p2a: Spectre of Emerald|spa|1\n|move|p2a: Spectre of Emerald|Will-O-Wisp|p1a: A man\n|-status|p1a: A man|brn\n|\n|-damage|p1a: A man|94\/100 brn|[from] brn\n|upkeep\n|turn|8\n|\n|t:|1700540079\n|move|p1a: A man|Spirit Break|p2a: Spectre of Emerald\n|-supereffective|p2a: Spectre of Emerald\n|-damage|p2a: Spectre of Emerald|27\/100\n|-unboost|p2a: Spectre of Emerald|spa|1\n|move|p2a: Spectre of Emerald|Recover|p2a: Spectre of Emerald\n|-heal|p2a: Spectre of Emerald|77\/100\n|\n|-heal|p1a: A man|100\/100 brn|[from] item: Leftovers\n|-damage|p1a: A man|94\/100 brn|[from] brn\n|upkeep\n|turn|9\n|\n|t:|1700540099\n|switch|p1a: I\u2019m beggin|Buzzwole, shiny|100\/100\n|switch|p2a: Ephialtes Keeper|Corviknight, F, shiny|100\/100\n|-ability|p2a: Ephialtes Keeper|Pressure\n|\n|upkeep\n|turn|10\n|\n|t:|1700540106\n|move|p1a: I\u2019m beggin|Close Combat|p2a: Ephialtes Keeper\n|-damage|p2a: Ephialtes Keeper|49\/100\n|-unboost|p1a: I\u2019m beggin|def|1\n|-unboost|p1a: I\u2019m beggin|spd|1\n|-damage|p1a: I\u2019m beggin|84\/100|[from] item: Rocky Helmet|[of] p2a: Ephialtes Keeper\n|move|p2a: Ephialtes Keeper|Brave Bird|p1a: I\u2019m beggin\n|-supereffective|p1a: I\u2019m beggin\n|-damage|p1a: I\u2019m beggin|0 fnt\n|faint|p1a: I\u2019m beggin\n|-damage|p2a: Ephialtes Keeper|20\/100|[from] Recoil\n|\n|upkeep\n|\n|t:|1700540110\n|switch|p1a: Pipe Bomb|Tapu Koko|100\/100\n|-fieldstart|move: Electric Terrain|[from] ability: Electric Surge|[of] p1a: Pipe Bomb\n|turn|11\n|\n|t:|1700540117\n|switch|p2a: The Lonesome One|Excadrill, F, shiny|78\/100\n|-ability|p2a: The Lonesome One|Mold Breaker\n|move|p1a: Pipe Bomb|Dazzling Gleam|p2a: The Lonesome One\n|-resisted|p2a: The Lonesome One\n|-damage|p2a: The Lonesome One|49\/100\n|\n|-heal|p2a: The Lonesome One|56\/100|[from] item: Leftovers\n|upkeep\n|turn|12\n|\n|t:|1700540120\n|switch|p2a: The Droplet Tear|Tapu Fini, shiny|100\/100\n|-fieldstart|move: Misty Terrain|[from] ability: Misty Surge|[of] p2a: The Droplet Tear\n|move|p1a: Pipe Bomb|Dazzling Gleam|p2a: The Droplet Tear\n|-damage|p2a: The Droplet Tear|58\/100\n|\n|-heal|p2a: The Droplet Tear|64\/100|[from] item: Leftovers\n|upkeep\n|turn|13\n|\n|t:|1700540123\n|switch|p2a: The Lonesome One|Excadrill, F, shiny|56\/100\n|-ability|p2a: The Lonesome One|Mold Breaker\n|move|p1a: Pipe Bomb|Dazzling Gleam|p2a: The Lonesome One\n|-resisted|p2a: The Lonesome One\n|-damage|p2a: The Lonesome One|27\/100\n|\n|-heal|p2a: The Lonesome One|34\/100|[from] item: Leftovers\n|upkeep\n|turn|14\n|\n|t:|1700540125\n|move|p1a: Pipe Bomb|Dazzling Gleam|p2a: The Lonesome One\n|-resisted|p2a: The Lonesome One\n|-damage|p2a: The Lonesome One|1\/100\n|move|p2a: The Lonesome One|Earthquake|p1a: Pipe Bomb\n|-supereffective|p1a: Pipe Bomb\n|-damage|p1a: Pipe Bomb|0 fnt\n|faint|p1a: Pipe Bomb\n|\n|-heal|p2a: The Lonesome One|7\/100|[from] item: Leftovers\n|upkeep\n|\n|t:|1700540131\n|switch|p1a: Robocop|Iron Moth, shiny|100\/100\n|turn|15\n|\n|t:|1700540145\n|switch|p2a: Agony Steelheart|Dragalge, F, shiny|100\/100\n|move|p1a: Robocop|Fiery Dance|p2a: Agony Steelheart\n|-resisted|p2a: Agony Steelheart\n|-damage|p2a: Agony Steelheart|88\/100\n|\n|-heal|p2a: Agony Steelheart|94\/100|[from] item: Black Sludge\n|upkeep\n|turn|16\n|\n|t:|1700540150\n|move|p1a: Robocop|Hurricane|p2a: Agony Steelheart\n|-damage|p2a: Agony Steelheart|71\/100\n|move|p2a: Agony Steelheart|Acid Spray|p1a: Robocop\n|-resisted|p1a: Robocop\n|-damage|p1a: Robocop|93\/100\n|-unboost|p1a: Robocop|spd|2\n|\n|-heal|p2a: Agony Steelheart|77\/100|[from] item: Black Sludge\n|-fieldend|Misty Terrain\n|upkeep\n|turn|17\n|\n|t:|1700540158\n|move|p1a: Robocop|Hurricane|p2a: Agony Steelheart|[miss]\n|-miss|p1a: Robocop|p2a: Agony Steelheart\n|move|p2a: Agony Steelheart|Dragon Pulse|p1a: Robocop\n|-damage|p1a: Robocop|37\/100\n|\n|-heal|p2a: Agony Steelheart|83\/100|[from] item: Black Sludge\n|upkeep\n|turn|18\n|\n|t:|1700540168\n|move|p1a: Robocop|Hurricane|p2a: Agony Steelheart\n|-damage|p2a: Agony Steelheart|59\/100\n|-start|p2a: Agony Steelheart|confusion\n|-activate|p2a: Agony Steelheart|confusion\n|-damage|p2a: Agony Steelheart|53\/100|[from] confusion\n|\n|-heal|p2a: Agony Steelheart|59\/100|[from] item: Black Sludge\n|upkeep\n|turn|19\n|\n|t:|1700540177\n|-end|p1a: Robocop|Quark Drive|[silent]\n|switch|p1a: Mitsuki|Garchomp, M|59\/100\n|-activate|p2a: Agony Steelheart|confusion\n|move|p2a: Agony Steelheart|Dragon Pulse|p1a: Mitsuki\n|-supereffective|p1a: Mitsuki\n|-damage|p1a: Mitsuki|0 fnt\n|faint|p1a: Mitsuki\n|\n|-heal|p2a: Agony Steelheart|65\/100|[from] item: Black Sludge\n|upkeep\n|\n|t:|1700540184\n|switch|p1a: Knighttime|Corviknight, F, shiny|100\/100 brn\n|turn|20\n|-message|Golden boiii forfeited.\n|\n|win|RandoTestAccount\n|raw|Golden boiii's rating: 1328 &rarr; <strong>1305<\/strong><br \/>(-23 for losing)\n|raw|RandoTestAccount's rating: 1279 &rarr; <strong>1308<\/strong><br \/>(+29 for winning)\n|l|\u2606Golden boiii\n","uploadtime":1700540215,"views":1,"p1id":"goldenboiii","p2id":"randotestaccount","formatid":"gen9nationaldex","rating":1305,"private":0,"password":""}