{"id":"gen9nationaldex-1999752237","p1":"NDSNEZ didyouknow","p2":"NDSNEZ Usopp","format":"[Gen 9] National Dex","log":"|html|<div class=\"broadcast-blue\"><strong>[Gen 9] National Dex is currently suspecting Sneasler! For information on how to participate check out the <a href=\"https:\/\/www.smogon.com\/forums\/threads\/sv-national-dex-suspect-8-just-dance.3731534\/\">suspect thread<\/a>.<\/strong><\/div>\n|j|\u2606NDSNEZ didyouknow\n|j|\u2606NDSNEZ Usopp\n|t:|1701113542\n|gametype|singles\n|player|p1|NDSNEZ didyouknow|worker-gen4|1000\n|player|p2|NDSNEZ Usopp|lusamine-nihilego|1040\n|teamsize|p1|6\n|teamsize|p2|6\n|gen|9\n|tier|[Gen 9] National Dex\n|rated|\n|rule|HP Percentage Mod: HP is shown in percentages\n|rule|Endless Battle Clause: Forcing endless battles is banned\n|rule|OHKO Clause: OHKO moves are banned\n|rule|Evasion Clause: Evasion abilities, items, and moves are banned\n|rule|Evasion Abilities Clause: Evasion abilities are banned\n|rule|Evasion Items Clause: Evasion items are banned\n|rule|Evasion Moves Clause: Evasion moves are banned\n|rule|Species Clause: Limit one of each Pok\u00e9mon\n|rule|Sleep Clause Mod: Limit one foe put to sleep\n|clearpoke\n|poke|p1|Pelipper, M|\n|poke|p1|Basculegion-F, F|\n|poke|p1|Zapdos|\n|poke|p1|Iron Treads|\n|poke|p1|Amoonguss, M|\n|poke|p1|Swampert, F|\n|poke|p2|Corviknight, M|\n|poke|p2|Alomomola, M|\n|poke|p2|Dondozo, M|\n|poke|p2|Clodsire, F|\n|poke|p2|Tyranitar, M|\n|poke|p2|Gliscor, M|\n|teampreview\n|inactive|Battle timer is ON: inactive players will automatically lose when time's up. (requested by NDSNEZ didyouknow)\n|\n|t:|1701113586\n|start\n|switch|p1a: Pelipper|Pelipper, M|100\/100\n|switch|p2a: Child of the Sea|Alomomola, M|100\/100\n|-weather|RainDance|[from] ability: Drizzle|[of] p1a: Pelipper\n|turn|1\n|\n|t:|1701113598\n|move|p2a: Child of the Sea|Wish|p2a: Child of the Sea\n|move|p1a: Pelipper|U-turn|p2a: Child of the Sea\n|-damage|p2a: Child of the Sea|95\/100\n|j|+Ganjafin\n|\n|t:|1701113601\n|switch|p1a: Zapdos|Zapdos|100\/100|[from] U-turn\n|\n|-weather|RainDance|[upkeep]\n|upkeep\n|turn|2\n|\n|t:|1701113613\n|switch|p1a: Swampert|Swampert, F|100\/100\n|-terastallize|p2a: Child of the Sea|Dragon\n|move|p2a: Child of the Sea|Flip Turn|p1a: Swampert\n|-damage|p1a: Swampert|72\/100\n|\n|t:|1701113619\n|switch|p2a: Blue Death|Dondozo, M|100\/100|[from] Flip Turn\n|\n|-weather|RainDance|[upkeep]\n|upkeep\n|turn|3\n|\n|t:|1701113626\n|detailschange|p1a: Swampert|Swampert-Mega, F\n|-mega|p1a: Swampert|Swampert|Swampertite\n|move|p1a: Swampert|Flip Turn|p2a: Blue Death\n|-resisted|p2a: Blue Death\n|-damage|p2a: Blue Death|89\/100\n|\n|t:|1701113629\n|switch|p1a: Basculegion|Basculegion-F, F|100\/100|[from] Flip Turn\n|move|p2a: Blue Death|Curse|p2a: Blue Death\n|-unboost|p2a: Blue Death|spe|1\n|-boost|p2a: Blue Death|atk|1\n|-boost|p2a: Blue Death|def|1\n|\n|-weather|RainDance|[upkeep]\n|upkeep\n|turn|4\n|\n|t:|1701113637\n|switch|p2a: Heat Death|Tyranitar, M|100\/100\n|-weather|Sandstorm|[from] ability: Sand Stream|[of] p2a: Heat Death\n|move|p1a: Basculegion|Shadow Ball|p2a: Heat Death\n|-resisted|p2a: Heat Death\n|-damage|p2a: Heat Death|83\/100\n|\n|-weather|Sandstorm|[upkeep]\n|-damage|p1a: Basculegion|94\/100|[from] Sandstorm\n|upkeep\n|turn|5\n|\n|t:|1701113647\n|-activate|p1a: Basculegion|move: Pursuit\n|detailschange|p2a: Heat Death|Tyranitar-Mega, M\n|-mega|p2a: Heat Death|Tyranitar|Tyranitarite\n|move|p2a: Heat Death|Pursuit|p1a: Basculegion|[from]Pursuit\n|-supereffective|p1a: Basculegion\n|-damage|p1a: Basculegion|0 fnt\n|faint|p1a: Basculegion\n|-hint|A Pokemon can't switch between when it runs out of HP and when it faints\n|\n|-weather|Sandstorm|[upkeep]\n|upkeep\n|\n|t:|1701113649\n|switch|p1a: Pelipper|Pelipper, M|100\/100\n|-weather|RainDance|[from] ability: Drizzle|[of] p1a: Pelipper\n|turn|6\n|\n|t:|1701113657\n|switch|p2a: Child of the Sea|Alomomola, M, tera:Dragon|100\/100\n|move|p1a: Pelipper|U-turn|p2a: Child of the Sea\n|-damage|p2a: Child of the Sea|95\/100\n|\n|t:|1701113664\n|switch|p1a: Zapdos|Zapdos|100\/100|[from] U-turn\n|\n|-weather|RainDance|[upkeep]\n|upkeep\n|turn|7\n|\n|t:|1701113672\n|-terastallize|p1a: Zapdos|Ice\n|move|p1a: Zapdos|Tera Blast|p2a: Child of the Sea|[anim] Tera Blast Ice\n|-supereffective|p2a: Child of the Sea\n|-damage|p2a: Child of the Sea|32\/100\n|move|p2a: Child of the Sea|Flip Turn|p1a: Zapdos\n|-damage|p1a: Zapdos|71\/100\n|\n|t:|1701113681\n|switch|p2a: Heat Death|Tyranitar-Mega, M|83\/100|[from] Flip Turn\n|-weather|Sandstorm|[from] ability: Sand Stream|[of] p2a: Heat Death\n|\n|-weather|Sandstorm|[upkeep]\n|-damage|p1a: Zapdos|65\/100|[from] Sandstorm\n|upkeep\n|turn|8\n|\n|t:|1701113689\n|move|p1a: Zapdos|Volt Switch|p2a: Heat Death\n|-damage|p2a: Heat Death|66\/100\n|\n|t:|1701113692\n|switch|p1a: Iron Treads|Iron Treads|100\/100|[from] Volt Switch\n|move|p2a: Heat Death|Stealth Rock|p1a: Iron Treads\n|-sidestart|p1: NDSNEZ didyouknow|move: Stealth Rock\n|\n|-weather|Sandstorm|[upkeep]\n|upkeep\n|turn|9\n|\n|t:|1701113699\n|switch|p2a: Blue Death|Dondozo, M|89\/100\n|move|p1a: Iron Treads|Rapid Spin|p2a: Blue Death\n|-damage|p2a: Blue Death|83\/100\n|-boost|p1a: Iron Treads|spe|1\n|-sideend|p1: NDSNEZ didyouknow|Stealth Rock|[from] move: Rapid Spin|[of] p1a: Iron Treads\n|\n|-weather|Sandstorm|[upkeep]\n|-damage|p2a: Blue Death|76\/100|[from] Sandstorm\n|upkeep\n|turn|10\n|\n|t:|1701113707\n|move|p1a: Iron Treads|Volt Switch|p2a: Blue Death\n|-supereffective|p2a: Blue Death\n|-damage|p2a: Blue Death|55\/100\n|\n|t:|1701113710\n|-end|p1a: Iron Treads|Quark Drive|[silent]\n|switch|p1a: Zapdos|Zapdos, tera:Ice|65\/100|[from] Volt Switch\n|move|p2a: Blue Death|Liquidation|p1a: Zapdos\n|-damage|p1a: Zapdos|29\/100\n|\n|-weather|Sandstorm|[upkeep]\n|-damage|p1a: Zapdos|23\/100|[from] Sandstorm\n|-damage|p2a: Blue Death|49\/100|[from] Sandstorm\n|upkeep\n|turn|11\n|j| bruised thighs\u2661\n|l| bruised thighs\u2661\n|\n|t:|1701113718\n|switch|p2a: Angel6String|Clodsire, F|100\/100\n|move|p1a: Zapdos|Tera Blast|p2a: Angel6String|[anim] Tera Blast Ice\n|-supereffective|p2a: Angel6String\n|-damage|p2a: Angel6String|60\/100\n|\n|-weather|none\n|upkeep\n|turn|12\n|\n|t:|1701113727\n|move|p1a: Zapdos|Tera Blast|p2a: Angel6String|[anim] Tera Blast Ice\n|-supereffective|p2a: Angel6String\n|-damage|p2a: Angel6String|16\/100\n|move|p2a: Angel6String|Recover|p2a: Angel6String\n|-heal|p2a: Angel6String|66\/100\n|\n|upkeep\n|turn|13\n|\n|t:|1701113741\n|move|p1a: Zapdos|Tera Blast|p2a: Angel6String|[anim] Tera Blast Ice\n|-supereffective|p2a: Angel6String\n|-damage|p2a: Angel6String|23\/100\n|move|p2a: Angel6String|Spikes|p1a: Zapdos\n|-sidestart|p1: NDSNEZ didyouknow|Spikes\n|\n|upkeep\n|turn|14\n|\n|t:|1701113753\n|move|p1a: Zapdos|Tera Blast|p2a: Angel6String|[anim] Tera Blast Ice\n|-supereffective|p2a: Angel6String\n|-crit|p2a: Angel6String\n|-damage|p2a: Angel6String|0 fnt\n|faint|p2a: Angel6String\n|\n|upkeep\n|\n|t:|1701113758\n|switch|p2a: Child of the Sea|Alomomola, M, tera:Dragon|66\/100\n|turn|15\n|\n|t:|1701113771\n|switch|p2a: Blue Death|Dondozo, M|49\/100\n|move|p1a: Zapdos|Tera Blast|p2a: Blue Death|[anim] Tera Blast Ice\n|-resisted|p2a: Blue Death\n|-damage|p2a: Blue Death|28\/100\n|\n|upkeep\n|turn|16\n|inactive|NDSNEZ didyouknow has 120 seconds left.\n|c|\u2606NDSNEZ didyouknow|are you about ?\n|\n|t:|1701113821\n|move|p1a: Zapdos|Volt Switch|p2a: Blue Death\n|-supereffective|p2a: Blue Death\n|-damage|p2a: Blue Death|0 fnt\n|faint|p2a: Blue Death\n|\n|t:|1701113826\n|switch|p1a: Pelipper|Pelipper, M|100\/100|[from] Volt Switch\n|-weather|RainDance|[from] ability: Drizzle|[of] p1a: Pelipper\n|\n|-weather|RainDance|[upkeep]\n|upkeep\n|c|\u2606NDSNEZ Usopp|am i about what\n|c|\u2606NDSNEZ Usopp|oh\n|c|\u2606NDSNEZ Usopp|no\n|\n|t:|1701113844\n|switch|p2a: Child of the Sea|Alomomola, M, tera:Dragon|99\/100\n|turn|17\n|c|\u2606NDSNEZ didyouknow|you play her team\n|c|\u2606NDSNEZ Usopp|about is a girl????\n|c|\u2606NDSNEZ didyouknow|idk\n|c|\u2606NDSNEZ Usopp|lol\n|c|\u2606NDSNEZ Usopp|they gave it to me\n|c|\u2606NDSNEZ Usopp|im playing like shit with it\n|inactive|NDSNEZ didyouknow has 90 seconds left.\n|c|\u2606NDSNEZ didyouknow|o ok lol\n|\n|t:|1701113879\n|move|p2a: Child of the Sea|Wish|p2a: Child of the Sea\n|move|p1a: Pelipper|Hurricane|p2a: Child of the Sea\n|-damage|p2a: Child of the Sea|72\/100\n|-start|p2a: Child of the Sea|confusion\n|\n|-weather|RainDance|[upkeep]\n|upkeep\n|turn|18\n|\n|t:|1701113885\n|-activate|p2a: Child of the Sea|confusion\n|move|p2a: Child of the Sea|Flip Turn|p1a: Pelipper\n|-resisted|p1a: Pelipper\n|-damage|p1a: Pelipper|91\/100\n|\n|t:|1701113889\n|switch|p2a: Heat Death|Tyranitar-Mega, M|66\/100|[from] Flip Turn\n|-weather|Sandstorm|[from] ability: Sand Stream|[of] p2a: Heat Death\n|move|p1a: Pelipper|U-turn|p2a: Heat Death\n|-supereffective|p2a: Heat Death\n|-damage|p2a: Heat Death|54\/100\n|\n|t:|1701113892\n|switch|p1a: Iron Treads|Iron Treads|100\/100|[from] U-turn\n|-damage|p1a: Iron Treads|88\/100|[from] Spikes\n|\n|-weather|Sandstorm|[upkeep]\n|-heal|p2a: Heat Death|100\/100|[from] move: Wish|[wisher] Child of the Sea\n|-heal|p1a: Iron Treads|94\/100|[from] item: Leftovers\n|upkeep\n|turn|19\n|\n|t:|1701113902\n|switch|p2a: Broken Century|Gliscor, M|100\/100\n|move|p1a: Iron Treads|Rapid Spin|p2a: Broken Century\n|-damage|p2a: Broken Century|90\/100\n|-boost|p1a: Iron Treads|spe|1\n|-sideend|p1: NDSNEZ didyouknow|Spikes|[from] move: Rapid Spin|[of] p1a: Iron Treads\n|\n|-weather|Sandstorm|[upkeep]\n|-heal|p1a: Iron Treads|100\/100|[from] item: Leftovers\n|-status|p2a: Broken Century|tox|[from] item: Toxic Orb\n|upkeep\n|turn|20\n|inactive|NDSNEZ didyouknow has 120 seconds left.\n|\n|t:|1701113912\n|move|p1a: Iron Treads|Stealth Rock|p2a: Broken Century\n|-sidestart|p2: NDSNEZ Usopp|move: Stealth Rock\n|move|p2a: Broken Century|Earthquake|p1a: Iron Treads\n|-supereffective|p1a: Iron Treads\n|-damage|p1a: Iron Treads|54\/100\n|\n|-weather|Sandstorm|[upkeep]\n|-heal|p1a: Iron Treads|60\/100|[from] item: Leftovers\n|-heal|p2a: Broken Century|100\/100 tox|[from] ability: Poison Heal\n|upkeep\n|turn|21\n|\n|t:|1701113920\n|-end|p1a: Iron Treads|Quark Drive|[silent]\n|switch|p1a: Pelipper|Pelipper, M|91\/100\n|-weather|RainDance|[from] ability: Drizzle|[of] p1a: Pelipper\n|move|p2a: Broken Century|Earthquake|p1a: Pelipper\n|-immune|p1a: Pelipper\n|\n|-weather|RainDance|[upkeep]\n|upkeep\n|turn|22\n|j| TESTINGgimmicks1\n|\n|t:|1701113936\n|switch|p2a: Child of the Sea|Alomomola, M, tera:Dragon|100\/100\n|move|p1a: Pelipper|Surf|p2a: Child of the Sea\n|-resisted|p2a: Child of the Sea\n|-damage|p2a: Child of the Sea|83\/100\n|\n|-weather|RainDance|[upkeep]\n|upkeep\n|turn|23\n|\n|t:|1701113943\n|move|p2a: Child of the Sea|Wish|p2a: Child of the Sea\n|move|p1a: Pelipper|Hurricane|p2a: Child of the Sea\n|-damage|p2a: Child of the Sea|53\/100\n|-start|p2a: Child of the Sea|confusion\n|\n|-weather|RainDance|[upkeep]\n|upkeep\n|turn|24\n|\n|t:|1701113953\n|switch|p2a: Heat Death|Tyranitar-Mega, M|100\/100\n|-damage|p2a: Heat Death|88\/100|[from] Stealth Rock\n|-weather|Sandstorm|[from] ability: Sand Stream|[of] p2a: Heat Death\n|move|p1a: Pelipper|U-turn|p2a: Heat Death\n|-supereffective|p2a: Heat Death\n|-damage|p2a: Heat Death|75\/100\n|\n|t:|1701113956\n|switch|p1a: Swampert|Swampert-Mega, F|72\/100|[from] U-turn\n|\n|-weather|Sandstorm|[upkeep]\n|-heal|p2a: Heat Death|100\/100|[from] move: Wish|[wisher] Child of the Sea\n|upkeep\n|turn|25\n|\n|t:|1701113965\n|switch|p2a: Corviknight|Corviknight, M|100\/100\n|-damage|p2a: Corviknight|88\/100|[from] Stealth Rock\n|-ability|p2a: Corviknight|Pressure\n|move|p1a: Swampert|Flip Turn|p2a: Corviknight\n|-damage|p2a: Corviknight|61\/100\n|-damage|p1a: Swampert|56\/100|[from] item: Rocky Helmet|[of] p2a: Corviknight\n|\n|t:|1701113968\n|switch|p1a: Pelipper|Pelipper, M|91\/100|[from] Flip Turn\n|-weather|RainDance|[from] ability: Drizzle|[of] p1a: Pelipper\n|\n|-weather|RainDance|[upkeep]\n|upkeep\n|turn|26\n|\n|t:|1701113981\n|switch|p2a: Child of the Sea|Alomomola, M, tera:Dragon|87\/100\n|move|p1a: Pelipper|U-turn|p2a: Child of the Sea\n|-damage|p2a: Child of the Sea|80\/100\n|\n|t:|1701113984\n|switch|p1a: Zapdos|Zapdos, tera:Ice|23\/100|[from] U-turn\n|\n|-weather|RainDance|[upkeep]\n|upkeep\n|turn|27\n|\n|t:|1701113992\n|move|p1a: Zapdos|Tera Blast|p2a: Child of the Sea|[anim] Tera Blast Ice\n|-supereffective|p2a: Child of the Sea\n|-damage|p2a: Child of the Sea|16\/100\n|move|p2a: Child of the Sea|Wish|p2a: Child of the Sea\n|\n|-weather|RainDance|[upkeep]\n|upkeep\n|turn|28\n|\n|t:|1701113997\n|switch|p2a: Heat Death|Tyranitar-Mega, M|100\/100\n|-damage|p2a: Heat Death|88\/100|[from] Stealth Rock\n|-weather|Sandstorm|[from] ability: Sand Stream|[of] p2a: Heat Death\n|move|p1a: Zapdos|Tera Blast|p2a: Heat Death|[anim] Tera Blast Ice\n|-damage|p2a: Heat Death|66\/100\n|\n|-weather|Sandstorm|[upkeep]\n|-damage|p1a: Zapdos|17\/100|[from] Sandstorm\n|-heal|p2a: Heat Death|100\/100|[from] move: Wish|[wisher] Child of the Sea\n|upkeep\n|turn|29\n|\n|t:|1701114008\n|move|p1a: Zapdos|Volt Switch|p2a: Heat Death\n|-damage|p2a: Heat Death|81\/100\n|-activate|p1a: Zapdos|move: Pursuit\n|move|p2a: Heat Death|Pursuit|p1a: Zapdos|[from]Pursuit\n|-damage|p1a: Zapdos|0 fnt\n|-status|p2a: Heat Death|par|[from] ability: Static|[of] p1a: Zapdos\n|faint|p1a: Zapdos\n|\n|-weather|Sandstorm|[upkeep]\n|upkeep\n|c|\u2606NDSNEZ Usopp|nice\n|\n|t:|1701114018\n|switch|p1a: Pelipper|Pelipper, M|91\/100\n|-weather|RainDance|[from] ability: Drizzle|[of] p1a: Pelipper\n|turn|30\n|\n|t:|1701114025\n|switch|p2a: Child of the Sea|Alomomola, M, tera:Dragon|49\/100\n|move|p1a: Pelipper|Hurricane|p2a: Child of the Sea\n|-damage|p2a: Child of the Sea|19\/100\n|\n|-weather|RainDance|[upkeep]\n|upkeep\n|turn|31\n|\n|t:|1701114036\n|switch|p2a: Corviknight|Corviknight, M|61\/100\n|-damage|p2a: Corviknight|49\/100|[from] Stealth Rock\n|-ability|p2a: Corviknight|Pressure\n|move|p1a: Pelipper|Hurricane|p2a: Corviknight\n|-resisted|p2a: Corviknight\n|-damage|p2a: Corviknight|36\/100\n|\n|-weather|RainDance|[upkeep]\n|upkeep\n|turn|32\n|\n|t:|1701114045\n|move|p2a: Corviknight|Defog|p1a: Pelipper\n|-unboost|p1a: Pelipper|evasion|1\n|-sideend|p2: NDSNEZ Usopp|Stealth Rock|[from] move: Defog|[of] p2a: Corviknight\n|move|p1a: Pelipper|Surf|p2a: Corviknight\n|-damage|p2a: Corviknight|6\/100\n|\n|-weather|RainDance|[upkeep]\n|upkeep\n|turn|33\n|\n|t:|1701114052\n|move|p2a: Corviknight|Roost|p2a: Corviknight\n|-heal|p2a: Corviknight|56\/100\n|-singleturn|p2a: Corviknight|move: Roost\n|move|p1a: Pelipper|U-turn|p2a: Corviknight\n|-resisted|p2a: Corviknight\n|-damage|p2a: Corviknight|52\/100\n|-damage|p1a: Pelipper|75\/100|[from] item: Rocky Helmet|[of] p2a: Corviknight\n|\n|t:|1701114056\n|switch|p1a: Swampert|Swampert-Mega, F|56\/100|[from] U-turn\n|\n|-weather|RainDance|[upkeep]\n|upkeep\n|turn|34\n|\n|t:|1701114063\n|move|p1a: Swampert|Waterfall|p2a: Corviknight\n|-damage|p2a: Corviknight|0 fnt\n|-damage|p1a: Swampert|40\/100|[from] item: Rocky Helmet|[of] p2a: Corviknight\n|faint|p2a: Corviknight\n|\n|-weather|RainDance|[upkeep]\n|upkeep\n|\n|t:|1701114069\n|switch|p2a: Heat Death|Tyranitar-Mega, M|81\/100 par\n|-weather|Sandstorm|[from] ability: Sand Stream|[of] p2a: Heat Death\n|turn|35\n|\n|t:|1701114073\n|switch|p2a: Broken Century|Gliscor, M|100\/100 tox\n|move|p1a: Swampert|Flip Turn|p2a: Broken Century\n|-supereffective|p2a: Broken Century\n|-damage|p2a: Broken Century|40\/100 tox\n|\n|t:|1701114076\n|switch|p1a: Pelipper|Pelipper, M|75\/100|[from] Flip Turn\n|-weather|RainDance|[from] ability: Drizzle|[of] p1a: Pelipper\n|\n|-weather|RainDance|[upkeep]\n|-heal|p2a: Broken Century|53\/100 tox|[from] ability: Poison Heal\n|upkeep\n|turn|36\n|c|\u2606NDSNEZ Usopp|i have to go\n|c|\u2606NDSNEZ Usopp|i hate you so much\n|c|\u2606NDSNEZ Usopp|why are you 1000\n|c|\u2606NDSNEZ didyouknow|suspect lol sry x)\n|c|\u2606NDSNEZ Usopp|im aware\n|c|\u2606NDSNEZ Usopp|:(\n|-message|NDSNEZ Usopp forfeited.\n|\n|win|NDSNEZ didyouknow\n|raw|NDSNEZ didyouknow's rating: 1000 &rarr; <strong>1045<\/strong><br \/>(+45 for winning)\n|raw|NDSNEZ Usopp's rating: 1040 &rarr; <strong>1022<\/strong><br \/>(-18 for losing)\n|l|\u2606NDSNEZ Usopp\n","uploadtime":1701114106,"views":26,"p1id":"ndsnezdidyouknow","p2id":"ndsnezusopp","formatid":"gen9nationaldex","rating":1022,"private":0,"password":""}