{"id":"gen9nationaldex-1996054431","p1":"playeraccount","p2":"heitaok","format":"[Gen 9] National Dex","log":"|html|<div class=\"broadcast-blue\"><strong>[Gen 9] National Dex is currently suspecting Sneasler! For information on how to participate check out the <a href=\"https:\/\/www.smogon.com\/forums\/threads\/sv-national-dex-suspect-8-just-dance.3731534\/\">suspect thread<\/a>.<\/strong><\/div>\n|j|\u2606playeraccount\n|j|\u2606heitaok\n|t:|1700636301\n|gametype|singles\n|player|p1|playeraccount|1|1733\n|player|p2|heitaok|gentleman|1796\n|teamsize|p1|6\n|teamsize|p2|6\n|gen|9\n|tier|[Gen 9] National Dex\n|rated|\n|rule|HP Percentage Mod: HP is shown in percentages\n|rule|Endless Battle Clause: Forcing endless battles is banned\n|rule|OHKO Clause: OHKO moves are banned\n|rule|Evasion Clause: Evasion abilities, items, and moves are banned\n|rule|Evasion Abilities Clause: Evasion abilities are banned\n|rule|Evasion Items Clause: Evasion items are banned\n|rule|Evasion Moves Clause: Evasion moves are banned\n|rule|Species Clause: Limit one of each Pok\u00e9mon\n|rule|Sleep Clause Mod: Limit one foe put to sleep\n|clearpoke\n|poke|p1|Tyranitar, M|\n|poke|p1|Serperior, M|\n|poke|p1|Zapdos|\n|poke|p1|Jirachi|\n|poke|p1|Alomomola, M|\n|poke|p1|Garchomp, F|\n|poke|p2|Rotom-Wash|\n|poke|p2|Greninja-*, F|\n|poke|p2|Hoopa-Unbound|\n|poke|p2|Scizor, F|\n|poke|p2|Landorus-Therian, M|\n|poke|p2|Tapu Koko|\n|teampreview\n|c|\u2606playeraccount|gl hf\n|inactive|Battle timer is ON: inactive players will automatically lose when time's up. (requested by heitaok)\n|\n|t:|1700636311\n|start\n|switch|p1a: Tyranitar|Tyranitar, M, shiny|100\/100\n|switch|p2a: Hoopa|Hoopa-Unbound|100\/100\n|-weather|Sandstorm|[from] ability: Sand Stream|[of] p1a: Tyranitar\n|turn|1\n|\n|t:|1700636320\n|switch|p1a: Alomomola|Alomomola, M, shiny|100\/100\n|move|p2a: Hoopa|Drain Punch|p1a: Alomomola\n|-damage|p1a: Alomomola|74\/100\n|-damage|p2a: Hoopa|84\/100|[from] item: Rocky Helmet|[of] p1a: Alomomola\n|\n|-weather|Sandstorm|[upkeep]\n|-damage|p2a: Hoopa|78\/100|[from] Sandstorm\n|-damage|p1a: Alomomola|68\/100|[from] Sandstorm\n|upkeep\n|turn|2\n|\n|t:|1700636324\n|switch|p2a: Tapu Koko|Tapu Koko|100\/100\n|-fieldstart|move: Electric Terrain|[from] ability: Electric Surge|[of] p2a: Tapu Koko\n|move|p1a: Alomomola|Flip Turn|p2a: Tapu Koko\n|-crit|p2a: Tapu Koko\n|-damage|p2a: Tapu Koko|68\/100\n|\n|t:|1700636333\n|switch|p1a: Tyranitar|Tyranitar, M, shiny|100\/100|[from] Flip Turn\n|\n|-weather|Sandstorm|[upkeep]\n|-damage|p2a: Tapu Koko|62\/100|[from] Sandstorm\n|upkeep\n|turn|3\n|\n|t:|1700636338\n|move|p2a: Tapu Koko|Volt Switch|p1a: Tyranitar\n|-damage|p1a: Tyranitar|65\/100\n|\n|t:|1700636341\n|switch|p2a: Landorus|Landorus-Therian, M|100\/100|[from] Volt Switch\n|-ability|p2a: Landorus|Intimidate|boost\n|-unboost|p1a: Tyranitar|atk|1\n|move|p1a: Tyranitar|Stealth Rock|p2a: Landorus\n|-sidestart|p2: heitaok|move: Stealth Rock\n|\n|-weather|Sandstorm|[upkeep]\n|upkeep\n|turn|4\n|\n|t:|1700636344\n|move|p2a: Landorus|U-turn|p1a: Tyranitar\n|-supereffective|p1a: Tyranitar\n|-damage|p1a: Tyranitar|30\/100\n|\n|t:|1700636357\n|switch|p2a: Scizor|Scizor, F|100\/100|[from] U-turn\n|-damage|p2a: Scizor|88\/100|[from] Stealth Rock\n|move|p1a: Tyranitar|Ice Beam|p2a: Scizor\n|-resisted|p2a: Scizor\n|-damage|p2a: Scizor|75\/100\n|-damage|p1a: Tyranitar|20\/100|[from] item: Life Orb\n|\n|-weather|Sandstorm|[upkeep]\n|upkeep\n|turn|5\n|\n|t:|1700636361\n|switch|p1a: Alomomola|Alomomola, M, shiny|100\/100\n|detailschange|p2a: Scizor|Scizor-Mega, F\n|-mega|p2a: Scizor|Scizor|Scizorite\n|move|p2a: Scizor|U-turn|p1a: Alomomola\n|-damage|p1a: Alomomola|81\/100\n|-damage|p2a: Scizor|59\/100|[from] item: Rocky Helmet|[of] p1a: Alomomola\n|\n|t:|1700636364\n|switch|p2a: Hoopa|Hoopa-Unbound|78\/100|[from] U-turn\n|-damage|p2a: Hoopa|66\/100|[from] Stealth Rock\n|\n|-weather|none\n|upkeep\n|turn|6\n|\n|t:|1700636373\n|-terastallize|p2a: Hoopa|Dark\n|-terastallize|p1a: Alomomola|Fairy\n|move|p2a: Hoopa|Hyperspace Fury|p1a: Alomomola\n|-resisted|p1a: Alomomola\n|-damage|p1a: Alomomola|49\/100\n|-unboost|p2a: Hoopa|def|1\n|move|p1a: Alomomola|Wish|p1a: Alomomola\n|\n|-fieldend|move: Electric Terrain\n|upkeep\n|turn|7\n|\n|t:|1700636383\n|switch|p2a: Rotom|Rotom-Wash|100\/100\n|-damage|p2a: Rotom|88\/100|[from] Stealth Rock\n|move|p1a: Alomomola|Flip Turn|p2a: Rotom\n|-resisted|p2a: Rotom\n|-damage|p2a: Rotom|81\/100\n|\n|t:|1700636389\n|switch|p1a: Tyranitar|Tyranitar, M, shiny|20\/100|[from] Flip Turn\n|-weather|Sandstorm|[from] ability: Sand Stream|[of] p1a: Tyranitar\n|\n|-weather|Sandstorm|[upkeep]\n|-damage|p2a: Rotom|75\/100|[from] Sandstorm\n|-heal|p1a: Tyranitar|86\/100|[from] move: Wish|[wisher] Alomomola\n|-heal|p2a: Rotom|81\/100|[from] item: Leftovers\n|upkeep\n|turn|8\n|j| Thapu\n|\n|t:|1700636395\n|switch|p1a: Garchomp|Garchomp, F|100\/100\n|move|p2a: Rotom|Defog|p1a: Garchomp\n|-unboost|p1a: Garchomp|evasion|1\n|-sideend|p2: heitaok|Stealth Rock|[from] move: Defog|[of] p2a: Rotom\n|\n|-weather|Sandstorm|[upkeep]\n|-damage|p2a: Rotom|75\/100|[from] Sandstorm\n|-heal|p2a: Rotom|81\/100|[from] item: Leftovers\n|upkeep\n|turn|9\n|\n|t:|1700636402\n|move|p1a: Garchomp|Scale Shot|p2a: Rotom\n|-damage|p2a: Rotom|70\/100\n|-damage|p2a: Rotom|59\/100\n|-damage|p2a: Rotom|49\/100\n|-damage|p2a: Rotom|38\/100\n|-hitcount|p2a: Rotom|4\n|-unboost|p1a: Garchomp|def|1\n|-boost|p1a: Garchomp|spe|1\n|move|p2a: Rotom|Will-O-Wisp|p1a: Garchomp\n|-status|p1a: Garchomp|brn\n|\n|-weather|Sandstorm|[upkeep]\n|-damage|p2a: Rotom|32\/100|[from] Sandstorm\n|-heal|p2a: Rotom|38\/100|[from] item: Leftovers\n|-damage|p1a: Garchomp|94\/100 brn|[from] brn\n|upkeep\n|turn|10\n|\n|t:|1700636415\n|switch|p2a: Scizor|Scizor-Mega, F|59\/100\n|move|p1a: Garchomp|Swords Dance|p1a: Garchomp\n|-boost|p1a: Garchomp|atk|2\n|\n|-weather|Sandstorm|[upkeep]\n|-damage|p1a: Garchomp|88\/100 brn|[from] brn\n|upkeep\n|turn|11\n|\n|t:|1700636419\n|switch|p2a: Landorus|Landorus-Therian, M|100\/100\n|-ability|p2a: Landorus|Intimidate|boost\n|-unboost|p1a: Garchomp|atk|1\n|move|p1a: Garchomp|Fire Fang|p2a: Landorus\n|-damage|p2a: Landorus|88\/100\n|-status|p2a: Landorus|brn\n|-damage|p1a: Garchomp|72\/100 brn|[from] item: Rocky Helmet|[of] p2a: Landorus\n|\n|-weather|none\n|-damage|p1a: Garchomp|65\/100 brn|[from] brn\n|-damage|p2a: Landorus|82\/100 brn|[from] brn\n|upkeep\n|turn|12\n|\n|t:|1700636428\n|move|p1a: Garchomp|Swords Dance|p1a: Garchomp\n|-boost|p1a: Garchomp|atk|2\n|move|p2a: Landorus|U-turn|p1a: Garchomp\n|-damage|p1a: Garchomp|50\/100 brn\n|-damage|p2a: Landorus|70\/100 brn|[from] ability: Rough Skin|[of] p1a: Garchomp\n|\n|t:|1700636431\n|switch|p2a: Greninja|Greninja, F|100\/100|[from] U-turn\n|\n|-damage|p1a: Garchomp|44\/100 brn|[from] brn\n|upkeep\n|turn|13\n|\n|t:|1700636435\n|detailschange|p1a: Garchomp|Garchomp-Mega, F\n|-mega|p1a: Garchomp|Garchomp|Garchompite\n|move|p2a: Greninja|Ice Beam|p1a: Garchomp\n|-start|p2a: Greninja|typechange|Ice|[from] ability: Protean\n|-supereffective|p1a: Garchomp\n|-damage|p1a: Garchomp|0 fnt\n|faint|p1a: Garchomp\n|\n|upkeep\n|\n|t:|1700636443\n|switch|p1a: Tyranitar|Tyranitar, M, shiny|86\/100\n|-weather|Sandstorm|[from] ability: Sand Stream|[of] p1a: Tyranitar\n|turn|14\n|\n|t:|1700636447\n|switch|p2a: Landorus|Landorus-Therian, M|70\/100 brn\n|-ability|p2a: Landorus|Intimidate|boost\n|-unboost|p1a: Tyranitar|atk|1\n|move|p1a: Tyranitar|Knock Off|p2a: Landorus\n|-damage|p2a: Landorus|41\/100 brn\n|-damage|p1a: Tyranitar|70\/100|[from] item: Rocky Helmet|[of] p2a: Landorus\n|-enditem|p2a: Landorus|Rocky Helmet|[from] move: Knock Off|[of] p1a: Tyranitar\n|-damage|p1a: Tyranitar|60\/100|[from] item: Life Orb\n|\n|-weather|Sandstorm|[upkeep]\n|-damage|p2a: Landorus|35\/100 brn|[from] brn\n|upkeep\n|turn|15\n|\n|t:|1700636453\n|move|p2a: Landorus|Earthquake|p1a: Tyranitar\n|-supereffective|p1a: Tyranitar\n|-damage|p1a: Tyranitar|24\/100\n|move|p1a: Tyranitar|Stealth Rock|p2a: Landorus\n|-sidestart|p2: heitaok|move: Stealth Rock\n|\n|-weather|Sandstorm|[upkeep]\n|-damage|p2a: Landorus|29\/100 brn|[from] brn\n|upkeep\n|turn|16\n|\n|t:|1700636456\n|switch|p1a: Alomomola|Alomomola, M, shiny, tera:Fairy|82\/100\n|move|p2a: Landorus|Stealth Rock|p1a: Alomomola\n|-sidestart|p1: playeraccount|move: Stealth Rock\n|\n|-weather|Sandstorm|[upkeep]\n|-damage|p1a: Alomomola|76\/100|[from] Sandstorm\n|-damage|p2a: Landorus|23\/100 brn|[from] brn\n|upkeep\n|turn|17\n|\n|t:|1700636459\n|move|p2a: Landorus|Earthquake|p1a: Alomomola\n|-damage|p1a: Alomomola|64\/100\n|move|p1a: Alomomola|Wish|p1a: Alomomola\n|\n|-weather|Sandstorm|[upkeep]\n|-damage|p1a: Alomomola|58\/100|[from] Sandstorm\n|-damage|p2a: Landorus|17\/100 brn|[from] brn\n|upkeep\n|turn|18\n|\n|t:|1700636462\n|move|p2a: Landorus|Earthquake|p1a: Alomomola\n|-damage|p1a: Alomomola|45\/100\n|move|p1a: Alomomola|Flip Turn|p2a: Landorus\n|-supereffective|p2a: Landorus\n|-damage|p2a: Landorus|0 fnt\n|faint|p2a: Landorus\n|\n|t:|1700636464\n|switch|p1a: Tyranitar|Tyranitar, M, shiny|24\/100|[from] Flip Turn\n|-damage|p1a: Tyranitar|12\/100|[from] Stealth Rock\n|\n|-weather|none\n|-heal|p1a: Tyranitar|78\/100|[from] move: Wish|[wisher] Alomomola\n|upkeep\n|\n|t:|1700636484\n|switch|p2a: Hoopa|Hoopa-Unbound, tera:Dark|66\/100\n|-damage|p2a: Hoopa|53\/100|[from] Stealth Rock\n|turn|19\n|\n|t:|1700636497\n|switch|p1a: Jirachi|Jirachi|100\/100\n|-damage|p1a: Jirachi|94\/100|[from] Stealth Rock\n|move|p2a: Hoopa|Drain Punch|p1a: Jirachi\n|-damage|p1a: Jirachi|57\/100\n|-heal|p2a: Hoopa|78\/100|[from] drain|[of] p1a: Jirachi\n|\n|upkeep\n|turn|20\n|\n|t:|1700636503\n|switch|p2a: Rotom|Rotom-Wash|38\/100\n|-damage|p2a: Rotom|26\/100|[from] Stealth Rock\n|switch|p1a: Alomomola|Alomomola, M, shiny, tera:Fairy|78\/100\n|-damage|p1a: Alomomola|66\/100|[from] Stealth Rock\n|\n|-heal|p2a: Rotom|32\/100|[from] item: Leftovers\n|upkeep\n|turn|21\n|\n|t:|1700636509\n|move|p2a: Rotom|Will-O-Wisp|p1a: Alomomola|[miss]\n|-miss|p2a: Rotom|p1a: Alomomola\n|move|p1a: Alomomola|Flip Turn|p2a: Rotom\n|-resisted|p2a: Rotom\n|-damage|p2a: Rotom|26\/100\n|\n|t:|1700636514\n|switch|p1a: Serperior|Serperior, M, shiny|100\/100|[from] Flip Turn\n|-damage|p1a: Serperior|88\/100|[from] Stealth Rock\n|\n|-heal|p2a: Rotom|32\/100|[from] item: Leftovers\n|upkeep\n|turn|22\n|\n|t:|1700636519\n|move|p1a: Serperior|Hidden Power|p2a: Rotom\n|-resisted|p2a: Rotom\n|-damage|p2a: Rotom|24\/100\n|move|p2a: Rotom|Volt Switch|p1a: Serperior\n|-resisted|p1a: Serperior\n|-damage|p1a: Serperior|74\/100\n|\n|t:|1700636523\n|switch|p2a: Greninja|Greninja, F|100\/100|[from] Volt Switch\n|-damage|p2a: Greninja|88\/100|[from] Stealth Rock\n|\n|upkeep\n|turn|23\n|\n|t:|1700636528\n|switch|p1a: Alomomola|Alomomola, M, shiny, tera:Fairy|99\/100\n|-damage|p1a: Alomomola|87\/100|[from] Stealth Rock\n|move|p2a: Greninja|U-turn|p1a: Alomomola\n|-start|p2a: Greninja|typechange|Bug|[from] ability: Protean\n|-resisted|p1a: Alomomola\n|-damage|p1a: Alomomola|79\/100\n|-damage|p2a: Greninja|72\/100|[from] item: Rocky Helmet|[of] p1a: Alomomola\n|j| YJLF2\n|\n|t:|1700636530\n|switch|p2a: Scizor|Scizor-Mega, F|59\/100|[from] U-turn\n|-damage|p2a: Scizor|46\/100|[from] Stealth Rock\n|\n|upkeep\n|turn|24\n|\n|t:|1700636534\n|move|p2a: Scizor|Roost|p2a: Scizor\n|-heal|p2a: Scizor|96\/100\n|-singleturn|p2a: Scizor|move: Roost\n|move|p1a: Alomomola|Flip Turn|p2a: Scizor\n|-damage|p2a: Scizor|85\/100\n|\n|t:|1700636542\n|switch|p1a: Zapdos|Zapdos|100\/100|[from] Flip Turn\n|\n|upkeep\n|turn|25\n|\n|t:|1700636548\n|switch|p2a: Rotom|Rotom-Wash|24\/100\n|-damage|p2a: Rotom|12\/100|[from] Stealth Rock\n|move|p1a: Zapdos|Volt Switch|p2a: Rotom\n|-damage|p2a: Rotom|0 fnt\n|faint|p2a: Rotom\n|\n|t:|1700636552\n|switch|p1a: Tyranitar|Tyranitar, M, shiny|78\/100|[from] Volt Switch\n|-damage|p1a: Tyranitar|66\/100|[from] Stealth Rock\n|-weather|Sandstorm|[from] ability: Sand Stream|[of] p1a: Tyranitar\n|\n|-weather|Sandstorm|[upkeep]\n|upkeep\n|\n|t:|1700636560\n|switch|p2a: Scizor|Scizor-Mega, F|85\/100\n|-damage|p2a: Scizor|73\/100|[from] Stealth Rock\n|turn|26\n|\n|t:|1700636564\n|switch|p1a: Zapdos|Zapdos|100\/100\n|move|p2a: Scizor|U-turn|p1a: Zapdos\n|-resisted|p1a: Zapdos\n|-damage|p1a: Zapdos|87\/100\n|-status|p2a: Scizor|par|[from] ability: Static|[of] p1a: Zapdos\n|\n|t:|1700636567\n|switch|p2a: Hoopa|Hoopa-Unbound, tera:Dark|78\/100|[from] U-turn\n|-damage|p2a: Hoopa|66\/100|[from] Stealth Rock\n|\n|-weather|Sandstorm|[upkeep]\n|-damage|p2a: Hoopa|60\/100|[from] Sandstorm\n|-damage|p1a: Zapdos|81\/100|[from] Sandstorm\n|upkeep\n|turn|27\n|\n|t:|1700636572\n|switch|p1a: Alomomola|Alomomola, M, shiny, tera:Fairy|100\/100\n|-damage|p1a: Alomomola|88\/100|[from] Stealth Rock\n|move|p2a: Hoopa|Zen Headbutt|p1a: Alomomola\n|-damage|p1a: Alomomola|48\/100\n|-damage|p2a: Hoopa|43\/100|[from] item: Rocky Helmet|[of] p1a: Alomomola\n|\n|-weather|Sandstorm|[upkeep]\n|-damage|p2a: Hoopa|37\/100|[from] Sandstorm\n|-damage|p1a: Alomomola|41\/100|[from] Sandstorm\n|upkeep\n|turn|28\n|\n|t:|1700636579\n|switch|p2a: Scizor|Scizor-Mega, F|73\/100 par\n|-damage|p2a: Scizor|61\/100 par|[from] Stealth Rock\n|switch|p1a: Jirachi|Jirachi|57\/100\n|-damage|p1a: Jirachi|51\/100|[from] Stealth Rock\n|\n|-weather|Sandstorm|[upkeep]\n|upkeep\n|turn|29\n|\n|t:|1700636584\n|switch|p1a: Zapdos|Zapdos|81\/100\n|move|p2a: Scizor|U-turn|p1a: Zapdos\n|-resisted|p1a: Zapdos\n|-damage|p1a: Zapdos|68\/100\n|\n|t:|1700636586\n|switch|p2a: Greninja|Greninja, F|72\/100|[from] U-turn\n|-damage|p2a: Greninja|59\/100|[from] Stealth Rock\n|\n|-weather|none\n|upkeep\n|turn|30\n|\n|t:|1700636594\n|switch|p1a: Alomomola|Alomomola, M, shiny, tera:Fairy|75\/100\n|-damage|p1a: Alomomola|62\/100|[from] Stealth Rock\n|move|p2a: Greninja|Gunk Shot|p1a: Alomomola\n|-start|p2a: Greninja|typechange|Poison|[from] ability: Protean\n|-supereffective|p1a: Alomomola\n|-damage|p1a: Alomomola|12\/100\n|\n|upkeep\n|turn|31\n|\n|t:|1700636604\n|switch|p2a: Hoopa|Hoopa-Unbound, tera:Dark|37\/100\n|-damage|p2a: Hoopa|25\/100|[from] Stealth Rock\n|move|p1a: Alomomola|Flip Turn|p2a: Hoopa\n|-damage|p2a: Hoopa|0 fnt\n|faint|p2a: Hoopa\n|-message|heitaok forfeited.\n|\n|win|playeraccount\n|raw|playeraccount's rating: 1733 &rarr; <strong>1757<\/strong><br \/>(+24 for winning)\n|raw|heitaok's rating: 1796 &rarr; <strong>1772<\/strong><br \/>(-24 for losing)\n|c|\u2606playeraccount|gg\n|l|\u2606heitaok\n|l| YJLF2\n|l|\u2606playeraccount\n","uploadtime":1700636941,"views":0,"p1id":"playeraccount","p2id":"heitaok","formatid":"gen9nationaldex","rating":1757,"private":0,"password":""}