{"id":"gen9nationaldex-1993394104","p1":"shiyvee","p2":"Ayami77","format":"[Gen 9] National Dex","log":"|j|\u2606shiyvee\n|j|\u2606Ayami77\n|t:|1700311649\n|gametype|singles\n|player|p1|shiyvee|wallace|1391\n|player|p2|Ayami77|lillie|1473\n|teamsize|p1|6\n|teamsize|p2|6\n|gen|9\n|tier|[Gen 9] National Dex\n|rated|\n|rule|HP Percentage Mod: HP is shown in percentages\n|rule|Endless Battle Clause: Forcing endless battles is banned\n|rule|OHKO Clause: OHKO moves are banned\n|rule|Evasion Clause: Evasion abilities, items, and moves are banned\n|rule|Evasion Abilities Clause: Evasion abilities are banned\n|rule|Evasion Items Clause: Evasion items are banned\n|rule|Evasion Moves Clause: Evasion moves are banned\n|rule|Species Clause: Limit one of each Pok\u00e9mon\n|rule|Sleep Clause Mod: Limit one foe put to sleep\n|clearpoke\n|poke|p1|Garchomp, F|\n|poke|p1|Zapdos|\n|poke|p1|Urshifu-*, M|\n|poke|p1|Chansey, F|\n|poke|p1|Arcanine, M|\n|poke|p1|Slowbro, F|\n|poke|p2|Great Tusk|\n|poke|p2|Tapu Koko|\n|poke|p2|Sneasler, M|\n|poke|p2|Iron Valiant|\n|poke|p2|Weavile, M|\n|poke|p2|Scizor, F|\n|teampreview\n|inactive|Battle timer is ON: inactive players will automatically lose when time's up. (requested by shiyvee)\n|inactive|Ayami77 also wants the timer to be on.\n|\n|t:|1700311665\n|start\n|switch|p1a: Urshifu|Urshifu-Rapid-Strike, M|100\/100\n|switch|p2a: Weavile|Weavile, M|100\/100\n|-ability|p2a: Weavile|Pressure\n|turn|1\n|\n|t:|1700311682\n|switch|p2a: Iron Valiant|Iron Valiant|100\/100\n|move|p1a: Urshifu|Surging Strikes|p2a: Iron Valiant\n|-crit|p2a: Iron Valiant\n|-damage|p2a: Iron Valiant|75\/100\n|-crit|p2a: Iron Valiant\n|-damage|p2a: Iron Valiant|50\/100\n|-crit|p2a: Iron Valiant\n|-damage|p2a: Iron Valiant|23\/100\n|-hitcount|p2a: Iron Valiant|3\n|\n|upkeep\n|turn|2\n|\n|t:|1700311692\n|move|p2a: Iron Valiant|Moonblast|p1a: Urshifu\n|-supereffective|p1a: Urshifu\n|-damage|p1a: Urshifu|0 fnt\n|faint|p1a: Urshifu\n|\n|upkeep\n|\n|t:|1700311696\n|switch|p1a: Arcanine|Arcanine, M|100\/100\n|-ability|p1a: Arcanine|Intimidate|boost\n|-unboost|p2a: Iron Valiant|atk|1\n|turn|3\n|\n|t:|1700311703\n|move|p1a: Arcanine|Extreme Speed|p2a: Iron Valiant\n|-damage|p2a: Iron Valiant|0 fnt\n|faint|p2a: Iron Valiant\n|-end|p2a: Iron Valiant|Quark Drive|[silent]\n|\n|upkeep\n|\n|t:|1700311712\n|switch|p2a: Tapu Koko|Tapu Koko|100\/100\n|-fieldstart|move: Electric Terrain|[from] ability: Electric Surge|[of] p2a: Tapu Koko\n|turn|4\n|\n|t:|1700311717\n|-terastallize|p2a: Tapu Koko|Electric\n|move|p1a: Arcanine|Extreme Speed|p2a: Tapu Koko\n|-damage|p2a: Tapu Koko|65\/100\n|move|p2a: Tapu Koko|Thunderbolt|p1a: Arcanine\n|-damage|p1a: Arcanine|0 fnt\n|faint|p1a: Arcanine\n|\n|upkeep\n|\n|t:|1700311728\n|switch|p1a: Garchomp|Garchomp, F|100\/100\n|turn|5\n|\n|t:|1700311735\n|switch|p2a: Scizor|Scizor, F|100\/100\n|detailschange|p1a: Garchomp|Garchomp-Mega, F\n|-mega|p1a: Garchomp|Garchomp|Garchompite\n|move|p1a: Garchomp|Earthquake|p2a: Scizor\n|-damage|p2a: Scizor|42\/100\n|\n|upkeep\n|turn|6\n|\n|t:|1700311742\n|detailschange|p2a: Scizor|Scizor-Mega, F\n|-mega|p2a: Scizor|Scizor|Scizorite\n|move|p1a: Garchomp|Flamethrower|p2a: Scizor\n|-supereffective|p2a: Scizor\n|-damage|p2a: Scizor|0 fnt\n|faint|p2a: Scizor\n|\n|upkeep\n|\n|t:|1700311751\n|switch|p2a: Weavile|Weavile, M|100\/100\n|-ability|p2a: Weavile|Pressure\n|turn|7\n|\n|t:|1700311757\n|switch|p1a: Zapdos|Zapdos|100\/100\n|move|p2a: Weavile|Triple Axel|p1a: Zapdos\n|-supereffective|p1a: Zapdos\n|-damage|p1a: Zapdos|86\/100\n|-status|p2a: Weavile|par|[from] ability: Static|[of] p1a: Zapdos\n|-supereffective|p1a: Zapdos\n|-damage|p1a: Zapdos|58\/100\n|-supereffective|p1a: Zapdos\n|-damage|p1a: Zapdos|17\/100\n|-hitcount|p1a: Zapdos|3\n|\n|upkeep\n|turn|8\n|\n|t:|1700311770\n|move|p2a: Weavile|Ice Shard|p1a: Zapdos\n|-supereffective|p1a: Zapdos\n|-damage|p1a: Zapdos|0 fnt\n|faint|p1a: Zapdos\n|\n|-fieldend|move: Electric Terrain\n|upkeep\n|\n|t:|1700311785\n|switch|p1a: Chansey|Chansey, F|100\/100\n|turn|9\n|\n|t:|1700311789\n|move|p2a: Weavile|Triple Axel|p1a: Chansey\n|-damage|p1a: Chansey|93\/100\n|-damage|p1a: Chansey|79\/100\n|-damage|p1a: Chansey|60\/100\n|-hitcount|p1a: Chansey|3\n|move|p1a: Chansey|Seismic Toss|p2a: Weavile\n|-damage|p2a: Weavile|65\/100 par\n|\n|upkeep\n|turn|10\n|\n|t:|1700311802\n|move|p2a: Weavile|Swords Dance|p2a: Weavile\n|-boost|p2a: Weavile|atk|2\n|move|p1a: Chansey|Soft-Boiled|p1a: Chansey\n|-heal|p1a: Chansey|100\/100\n|\n|upkeep\n|turn|11\n|\n|t:|1700311806\n|move|p2a: Weavile|Triple Axel|p1a: Chansey\n|-damage|p1a: Chansey|87\/100\n|-damage|p1a: Chansey|59\/100\n|-damage|p1a: Chansey|20\/100\n|-hitcount|p1a: Chansey|3\n|move|p1a: Chansey|Teleport|p1a: Chansey\n|\n|t:|1700311809\n|switch|p1a: Garchomp|Garchomp-Mega, F|100\/100|[from] Teleport\n|\n|upkeep\n|turn|12\n|\n|t:|1700311818\n|move|p2a: Weavile|Ice Shard|p1a: Garchomp\n|-supereffective|p1a: Garchomp\n|-damage|p1a: Garchomp|0 fnt\n|faint|p1a: Garchomp\n|\n|upkeep\n|-message|shiyvee forfeited.\n|\n|win|Ayami77\n|raw|shiyvee's rating: 1391 &rarr; <strong>1376<\/strong><br \/>(-15 for losing)\n|raw|Ayami77's rating: 1473 &rarr; <strong>1488<\/strong><br \/>(+15 for winning)\n|l|\u2606shiyvee\n","uploadtime":1700311826,"views":7,"p1id":"shiyvee","p2id":"ayami77","formatid":"gen9nationaldex","rating":1376,"private":0,"password":""}