{"id":"gen9nationaldex-1996886110","p1":"game18","p2":"Supervit004","format":"[Gen 9] National Dex","log":"|html|<div class=\"broadcast-blue\"><strong>[Gen 9] National Dex is currently suspecting Sneasler! For information on how to participate check out the <a href=\"https:\/\/www.smogon.com\/forums\/threads\/sv-national-dex-suspect-8-just-dance.3731534\/\">suspect thread<\/a>.<\/strong><\/div>\n|j|\u2606game18\n|j|\u2606Supervit004\n|t:|1700740344\n|gametype|singles\n|player|p1|game18|ghetsis|1264\n|player|p2|Supervit004|alder|1364\n|teamsize|p1|6\n|teamsize|p2|6\n|gen|9\n|tier|[Gen 9] National Dex\n|rated|\n|rule|HP Percentage Mod: HP is shown in percentages\n|rule|Endless Battle Clause: Forcing endless battles is banned\n|rule|OHKO Clause: OHKO moves are banned\n|rule|Evasion Clause: Evasion abilities, items, and moves are banned\n|rule|Evasion Abilities Clause: Evasion abilities are banned\n|rule|Evasion Items Clause: Evasion items are banned\n|rule|Evasion Moves Clause: Evasion moves are banned\n|rule|Species Clause: Limit one of each Pok\u00e9mon\n|rule|Sleep Clause Mod: Limit one foe put to sleep\n|clearpoke\n|poke|p1|Tapu Koko|\n|poke|p1|Iron Valiant|\n|poke|p1|Iron Hands|\n|poke|p1|Iron Moth|\n|poke|p1|Iron Treads|\n|poke|p1|Iron Jugulis|\n|poke|p2|Garganacl, F|\n|poke|p2|Heatran, M|\n|poke|p2|Rillaboom, F|\n|poke|p2|Zapdos|\n|poke|p2|Ogerpon-Wellspring, F|\n|poke|p2|Scizor, M|\n|teampreview\n|inactive|Battle timer is ON: inactive players will automatically lose when time's up. (requested by Supervit004)\n|\n|t:|1700740369\n|start\n|switch|p1a: Tapu Koko|Tapu Koko|100\/100\n|switch|p2a: Rillaboom|Rillaboom, F, shiny|100\/100\n|-fieldstart|move: Electric Terrain|[from] ability: Electric Surge|[of] p1a: Tapu Koko\n|-fieldstart|move: Grassy Terrain|[from] ability: Grassy Surge|[of] p2a: Rillaboom\n|turn|1\n|\n|t:|1700740380\n|switch|p1a: Iron Jugulis|Iron Jugulis|100\/100\n|move|p2a: Rillaboom|High Horsepower|p1a: Iron Jugulis\n|-immune|p1a: Iron Jugulis\n|\n|upkeep\n|turn|2\n|\n|t:|1700740388\n|switch|p2a: Scizor|Scizor, M|100\/100\n|move|p1a: Iron Jugulis|U-turn|p2a: Scizor\n|-resisted|p2a: Scizor\n|-crit|p2a: Scizor\n|-damage|p2a: Scizor|87\/100\n|-damage|p1a: Iron Jugulis|91\/100|[from] item: Life Orb\n|\n|t:|1700740399\n|-end|p1a: Iron Jugulis|Quark Drive|[silent]\n|switch|p1a: Iron Moth|Iron Moth|100\/100|[from] U-turn\n|\n|-heal|p2a: Scizor|93\/100|[from] Grassy Terrain\n|upkeep\n|turn|3\n|\n|t:|1700740408\n|switch|p2a: Heatran|Heatran, M, shiny|100\/100\n|move|p1a: Iron Moth|U-turn|p2a: Heatran\n|-resisted|p2a: Heatran\n|-damage|p2a: Heatran|98\/100\n|\n|t:|1700740415\n|-end|p1a: Iron Moth|Quark Drive|[silent]\n|switch|p1a: Tapu Koko|Tapu Koko|100\/100|[from] U-turn\n|-fieldstart|move: Electric Terrain|[from] ability: Electric Surge|[of] p1a: Tapu Koko\n|\n|-heal|p2a: Heatran|100\/100|[from] item: Leftovers\n|upkeep\n|turn|4\n|\n|t:|1700740425\n|move|p1a: Tapu Koko|Light Screen|p1a: Tapu Koko\n|-sidestart|p1: game18|move: Light Screen\n|move|p2a: Heatran|Magma Storm|p1a: Tapu Koko|[miss]\n|-miss|p2a: Heatran|p1a: Tapu Koko\n|\n|upkeep\n|turn|5\n|\n|t:|1700740431\n|move|p1a: Tapu Koko|Volt Switch|p2a: Heatran\n|-damage|p2a: Heatran|72\/100\n|\n|t:|1700740441\n|switch|p1a: Iron Hands|Iron Hands|100\/100|[from] Volt Switch\n|-activate|p1a: Iron Hands|ability: Quark Drive\n|-start|p1a: Iron Hands|quarkdriveatk\n|move|p2a: Heatran|Magma Storm|p1a: Iron Hands\n|-damage|p1a: Iron Hands|87\/100\n|-activate|p1a: Iron Hands|move: Magma Storm|[of] p2a: Heatran\n|\n|-heal|p2a: Heatran|78\/100|[from] item: Leftovers\n|-heal|p1a: Iron Hands|94\/100|[from] item: Leftovers\n|-damage|p1a: Iron Hands|81\/100|[from] move: Magma Storm|[partiallytrapped]\n|upkeep\n|turn|6\n|\n|t:|1700740454\n|switch|p2a: Zapdos|Zapdos, shiny|100\/100\n|move|p1a: Iron Hands|Drain Punch|p2a: Zapdos\n|-resisted|p2a: Zapdos\n|-damage|p2a: Zapdos|76\/100\n|-heal|p1a: Iron Hands|90\/100|[from] drain|[of] p2a: Zapdos\n|\n|-heal|p1a: Iron Hands|96\/100|[from] item: Leftovers\n|-end|p1a: Iron Hands|Magma Storm|[partiallytrapped]|[silent]\n|upkeep\n|turn|7\n|\n|t:|1700740463\n|move|p2a: Zapdos|Hurricane|p1a: Iron Hands\n|-damage|p1a: Iron Hands|82\/100\n|move|p1a: Iron Hands|Ice Punch|p2a: Zapdos\n|-supereffective|p2a: Zapdos\n|-damage|p2a: Zapdos|11\/100\n|\n|-heal|p1a: Iron Hands|88\/100|[from] item: Leftovers\n|upkeep\n|turn|8\n|\n|t:|1700740474\n|switch|p2a: Heatran|Heatran, M, shiny|78\/100\n|move|p1a: Iron Hands|Drain Punch|p2a: Heatran\n|-supereffective|p2a: Heatran\n|-damage|p2a: Heatran|3\/100\n|-heal|p1a: Iron Hands|100\/100|[from] drain|[of] p2a: Heatran\n|\n|-heal|p2a: Heatran|9\/100|[from] item: Leftovers\n|-sideend|p1: game18|move: Light Screen\n|upkeep\n|turn|9\n|\n|t:|1700740485\n|move|p2a: Heatran|Earth Power|p1a: Iron Hands\n|-supereffective|p1a: Iron Hands\n|-damage|p1a: Iron Hands|67\/100\n|move|p1a: Iron Hands|Drain Punch|p2a: Heatran\n|-supereffective|p2a: Heatran\n|-damage|p2a: Heatran|0 fnt\n|-heal|p1a: Iron Hands|70\/100|[from] drain|[of] p2a: Heatran\n|faint|p2a: Heatran\n|\n|-heal|p1a: Iron Hands|76\/100|[from] item: Leftovers\n|upkeep\n|\n|t:|1700740496\n|switch|p2a: Garganacl|Garganacl, F, shiny|100\/100\n|turn|10\n|\n|t:|1700740505\n|move|p1a: Iron Hands|Swords Dance|p1a: Iron Hands\n|-boost|p1a: Iron Hands|atk|2\n|move|p2a: Garganacl|Iron Defense|p2a: Garganacl\n|-boost|p2a: Garganacl|def|2\n|\n|-heal|p1a: Iron Hands|82\/100|[from] item: Leftovers\n|-fieldend|move: Electric Terrain\n|-end|p1a: Iron Hands|Quark Drive\n|upkeep\n|turn|11\n|\n|t:|1700740519\n|move|p1a: Iron Hands|Drain Punch|p2a: Garganacl\n|-supereffective|p2a: Garganacl\n|-damage|p2a: Garganacl|56\/100\n|-heal|p1a: Iron Hands|99\/100|[from] drain|[of] p2a: Garganacl\n|move|p2a: Garganacl|Iron Defense|p2a: Garganacl\n|-boost|p2a: Garganacl|def|2\n|\n|-heal|p1a: Iron Hands|100\/100|[from] item: Leftovers\n|-heal|p2a: Garganacl|62\/100|[from] item: Leftovers\n|upkeep\n|turn|12\n|\n|t:|1700740532\n|-end|p1a: Iron Hands|Quark Drive|[silent]\n|switch|p1a: Tapu Koko|Tapu Koko|100\/100\n|-fieldstart|move: Electric Terrain|[from] ability: Electric Surge|[of] p1a: Tapu Koko\n|move|p2a: Garganacl|Iron Defense|p2a: Garganacl\n|-boost|p2a: Garganacl|def|2\n|\n|-heal|p2a: Garganacl|68\/100|[from] item: Leftovers\n|upkeep\n|turn|13\n|\n|t:|1700740543\n|move|p1a: Tapu Koko|Reflect|p1a: Tapu Koko\n|-sidestart|p1: game18|Reflect\n|move|p2a: Garganacl|Recover|p2a: Garganacl\n|-heal|p2a: Garganacl|100\/100\n|\n|upkeep\n|turn|14\n|\n|t:|1700740549\n|move|p1a: Tapu Koko|Volt Switch|p2a: Garganacl\n|-damage|p2a: Garganacl|68\/100\n|\n|t:|1700740554\n|switch|p1a: Iron Jugulis|Iron Jugulis|91\/100|[from] Volt Switch\n|-activate|p1a: Iron Jugulis|ability: Quark Drive\n|-start|p1a: Iron Jugulis|quarkdrivespe\n|move|p2a: Garganacl|Salt Cure|p1a: Iron Jugulis\n|-supereffective|p1a: Iron Jugulis\n|-damage|p1a: Iron Jugulis|73\/100\n|-start|p1a: Iron Jugulis|Salt Cure\n|\n|-heal|p2a: Garganacl|74\/100|[from] item: Leftovers\n|-damage|p1a: Iron Jugulis|60\/100|[from] Salt Cure\n|upkeep\n|turn|15\n|\n|t:|1700740567\n|-terastallize|p2a: Garganacl|Fairy\n|move|p1a: Iron Jugulis|Earth Power|p2a: Garganacl\n|-damage|p2a: Garganacl|45\/100\n|-unboost|p2a: Garganacl|spd|1\n|-damage|p1a: Iron Jugulis|50\/100|[from] item: Life Orb\n|move|p2a: Garganacl|Recover|p2a: Garganacl\n|-heal|p2a: Garganacl|95\/100\n|\n|-heal|p2a: Garganacl|100\/100|[from] item: Leftovers\n|-damage|p1a: Iron Jugulis|38\/100|[from] Salt Cure\n|upkeep\n|turn|16\n|\n|t:|1700740581\n|move|p1a: Iron Jugulis|U-turn|p2a: Garganacl\n|-resisted|p2a: Garganacl\n|-damage|p2a: Garganacl|99\/100\n|-damage|p1a: Iron Jugulis|28\/100|[from] item: Life Orb\n|\n|t:|1700740586\n|-end|p1a: Iron Jugulis|Quark Drive|[silent]\n|switch|p1a: Iron Moth|Iron Moth|100\/100|[from] U-turn\n|-activate|p1a: Iron Moth|ability: Quark Drive\n|-start|p1a: Iron Moth|quarkdrivespa\n|move|p2a: Garganacl|Body Press|p1a: Iron Moth\n|-resisted|p1a: Iron Moth\n|-crit|p1a: Iron Moth\n|-damage|p1a: Iron Moth|0 fnt\n|faint|p1a: Iron Moth\n|-end|p1a: Iron Moth|Quark Drive|[silent]\n|\n|-heal|p2a: Garganacl|100\/100|[from] item: Leftovers\n|upkeep\n|\n|t:|1700740611\n|switch|p1a: Iron Jugulis|Iron Jugulis|28\/100\n|-activate|p1a: Iron Jugulis|ability: Quark Drive\n|-start|p1a: Iron Jugulis|quarkdrivespe\n|turn|17\n|\n|t:|1700740622\n|move|p1a: Iron Jugulis|Hurricane|p2a: Garganacl\n|-damage|p2a: Garganacl|15\/100\n|-damage|p1a: Iron Jugulis|18\/100|[from] item: Life Orb\n|move|p2a: Garganacl|Salt Cure|p1a: Iron Jugulis\n|-supereffective|p1a: Iron Jugulis\n|-damage|p1a: Iron Jugulis|3\/100\n|-start|p1a: Iron Jugulis|Salt Cure\n|\n|-heal|p2a: Garganacl|21\/100|[from] item: Leftovers\n|-damage|p1a: Iron Jugulis|0 fnt|[from] Salt Cure\n|faint|p1a: Iron Jugulis\n|-end|p1a: Iron Jugulis|Quark Drive|[silent]\n|-sideend|p1: game18|Reflect\n|upkeep\n|\n|t:|1700740628\n|switch|p1a: Tapu Koko|Tapu Koko|100\/100\n|turn|18\n|\n|t:|1700740633\n|switch|p2a: Zapdos|Zapdos, shiny|11\/100\n|move|p1a: Tapu Koko|Volt Switch|p2a: Zapdos\n|-damage|p2a: Zapdos|0 fnt\n|faint|p2a: Zapdos\n|\n|t:|1700740641\n|switch|p1a: Iron Valiant|Iron Valiant|100\/100|[from] Volt Switch\n|-activate|p1a: Iron Valiant|ability: Quark Drive\n|-start|p1a: Iron Valiant|quarkdrivespe\n|\n|upkeep\n|\n|t:|1700740643\n|switch|p2a: Rillaboom|Rillaboom, F, shiny|100\/100\n|-fieldstart|move: Grassy Terrain|[from] ability: Grassy Surge|[of] p2a: Rillaboom\n|-end|p1a: Iron Valiant|Quark Drive\n|turn|19\n|\n|t:|1700740663\n|move|p1a: Iron Valiant|Close Combat|p2a: Rillaboom\n|-damage|p2a: Rillaboom|27\/100\n|-unboost|p1a: Iron Valiant|def|1\n|-unboost|p1a: Iron Valiant|spd|1\n|-damage|p1a: Iron Valiant|91\/100|[from] item: Life Orb\n|move|p2a: Rillaboom|Wood Hammer|p1a: Iron Valiant\n|-damage|p1a: Iron Valiant|0 fnt\n|faint|p1a: Iron Valiant\n|-end|p1a: Iron Valiant|Quark Drive|[silent]\n|-damage|p2a: Rillaboom|6\/100|[from] Recoil\n|\n|-heal|p2a: Rillaboom|12\/100|[from] Grassy Terrain\n|upkeep\n|\n|t:|1700740668\n|switch|p1a: Tapu Koko|Tapu Koko|100\/100\n|-fieldstart|move: Electric Terrain|[from] ability: Electric Surge|[of] p1a: Tapu Koko\n|turn|20\n|\n|t:|1700740681\n|switch|p2a: Garganacl|Garganacl, F, shiny, tera:Fairy|21\/100\n|move|p1a: Tapu Koko|Volt Switch|p2a: Garganacl\n|-damage|p2a: Garganacl|0 fnt\n|faint|p2a: Garganacl\n|\n|t:|1700740690\n|switch|p1a: Iron Treads|Iron Treads|100\/100|[from] Volt Switch\n|-activate|p1a: Iron Treads|ability: Quark Drive\n|-start|p1a: Iron Treads|quarkdrivespe\n|\n|upkeep\n|l|\u2606Supervit004\n|inactive|Supervit004 disconnected and has a minute to reconnect!\n|player|p2|\n|inactive|Supervit004 has 30 seconds to reconnect!\n|inactive|Supervit004 has 20 seconds to reconnect!\n|inactive|Supervit004 has 15 seconds to reconnect!\n|inactive|Supervit004 has 10 seconds to reconnect!\n|inactive|Supervit004 has 5 seconds to reconnect!\n|-message|Supervit004 lost due to inactivity.\n|\n|win|game18\n|raw|game18's rating: 1264 &rarr; <strong>1296<\/strong><br \/>(+32 for winning)\n|raw|Supervit004's rating: 1364 &rarr; <strong>1338<\/strong><br \/>(-26 for losing)\n","uploadtime":1700740771,"views":3,"p1id":"game18","p2id":"supervit004","formatid":"gen9nationaldex","rating":1296,"private":0,"password":""}