{"id":"gen9nationaldex-1996721496","p1":"FlyingSudowoodo","p2":"DiamondDiancie25","format":"[Gen 9] National Dex","log":"|html|<div class=\"broadcast-blue\"><strong>[Gen 9] National Dex is currently suspecting Sneasler! For information on how to participate check out the <a href=\"https:\/\/www.smogon.com\/forums\/threads\/sv-national-dex-suspect-8-just-dance.3731534\/\">suspect thread<\/a>.<\/strong><\/div>\n|j|\u2606FlyingSudowoodo\n|j|\u2606DiamondDiancie25\n|t:|1700714417\n|gametype|singles\n|player|p1|FlyingSudowoodo|brock|1295\n|player|p2|DiamondDiancie25|psychic-gen4|1360\n|teamsize|p1|6\n|teamsize|p2|6\n|gen|9\n|tier|[Gen 9] National Dex\n|rated|\n|rule|HP Percentage Mod: HP is shown in percentages\n|rule|Endless Battle Clause: Forcing endless battles is banned\n|rule|OHKO Clause: OHKO moves are banned\n|rule|Evasion Clause: Evasion abilities, items, and moves are banned\n|rule|Evasion Abilities Clause: Evasion abilities are banned\n|rule|Evasion Items Clause: Evasion items are banned\n|rule|Evasion Moves Clause: Evasion moves are banned\n|rule|Species Clause: Limit one of each Pok\u00e9mon\n|rule|Sleep Clause Mod: Limit one foe put to sleep\n|clearpoke\n|poke|p1|Golem-Alola, F|\n|poke|p1|Glalie, M|\n|poke|p1|Victini|\n|poke|p1|Blissey, F|\n|poke|p1|Lucario, M|\n|poke|p1|Rillaboom, M|\n|poke|p2|Tyranitar, F|\n|poke|p2|Gliscor, M|\n|poke|p2|Iron Valiant|\n|poke|p2|Tapu Koko|\n|poke|p2|Heatran, M|\n|poke|p2|Alomomola, M|\n|teampreview\n|inactive|Battle timer is ON: inactive players will automatically lose when time's up. (requested by FlyingSudowoodo)\n|\n|t:|1700714445\n|start\n|switch|p1a: Victini|Victini|100\/100\n|switch|p2a: Heatran|Heatran, M|100\/100\n|turn|1\n|\n|t:|1700714455\n|move|p1a: Victini|Final Gambit|p2a: Heatran\n|-damage|p2a: Heatran|0 fnt\n|faint|p1a: Victini\n|faint|p2a: Heatran\n|\n|upkeep\n|\n|t:|1700714474\n|switch|p1a: Blissey|Blissey, F|100\/100\n|switch|p2a: Gliscor|Gliscor, M|100\/100\n|turn|2\n|\n|t:|1700714480\n|move|p1a: Blissey|Copycat|p1a: Blissey\n|move|p1a: Blissey|Final Gambit|p2a: Gliscor|[from]move: Copycat\n|-damage|p2a: Gliscor|0 fnt\n|faint|p1a: Blissey\n|faint|p2a: Gliscor\n|\n|upkeep\n|\n|t:|1700714492\n|switch|p1a: Glalie|Glalie, M|100\/100\n|switch|p2a: Alomomola|Alomomola, M|100\/100\n|turn|3\n|\n|t:|1700714506\n|switch|p1a: Golem|Golem-Alola, F|100\/100\n|move|p2a: Alomomola|Wish|p2a: Alomomola\n|\n|upkeep\n|turn|4\n|\n|t:|1700714517\n|switch|p2a: Tapu Koko|Tapu Koko|100\/100\n|-fieldstart|move: Electric Terrain|[from] ability: Electric Surge|[of] p2a: Tapu Koko\n|move|p1a: Golem|Return|p2a: Tapu Koko\n|-resisted|p2a: Tapu Koko\n|-damage|p2a: Tapu Koko|42\/100\n|\n|-heal|p2a: Tapu Koko|100\/100|[from] move: Wish|[wisher] Alomomola\n|upkeep\n|turn|5\n|\n|t:|1700714530\n|move|p1a: Golem|Endure|p1a: Golem\n|-singleturn|p1a: Golem|move: Endure\n|move|p2a: Tapu Koko|U-turn|p1a: Golem\n|-damage|p1a: Golem|85\/100\n|\n|t:|1700714535\n|switch|p2a: Tyranitar|Tyranitar, F|100\/100|[from] U-turn\n|-weather|Sandstorm|[from] ability: Sand Stream|[of] p2a: Tyranitar\n|\n|-weather|Sandstorm|[upkeep]\n|upkeep\n|turn|6\n|\n|t:|1700714549\n|detailschange|p2a: Tyranitar|Tyranitar-Mega, F\n|-mega|p2a: Tyranitar|Tyranitar|Tyranitarite\n|move|p2a: Tyranitar|Dragon Dance|p2a: Tyranitar\n|-boost|p2a: Tyranitar|atk|1\n|-boost|p2a: Tyranitar|spe|1\n|move|p1a: Golem|Explosion|p2a: Tyranitar\n|-damage|p2a: Tyranitar|0 fnt\n|faint|p1a: Golem\n|faint|p2a: Tyranitar\n|\n|-weather|Sandstorm|[upkeep]\n|upkeep\n|\n|t:|1700714561\n|switch|p2a: Alomomola|Alomomola, M|100\/100\n|switch|p1a: Lucario|Lucario, M|100\/100\n|turn|7\n|\n|t:|1700714570\n|move|p1a: Lucario|Final Gambit|p2a: Alomomola\n|-damage|p2a: Alomomola|36\/100\n|faint|p1a: Lucario\n|move|p2a: Alomomola|Wish|p2a: Alomomola\n|\n|-weather|Sandstorm|[upkeep]\n|-damage|p2a: Alomomola|30\/100|[from] Sandstorm\n|upkeep\n|\n|t:|1700714577\n|switch|p1a: Rillaboom|Rillaboom, M|100\/100\n|-fieldstart|move: Grassy Terrain|[from] ability: Grassy Surge|[of] p1a: Rillaboom\n|turn|8\n|\n|t:|1700714582\n|move|p2a: Alomomola|Protect|p2a: Alomomola\n|-singleturn|p2a: Alomomola|Protect\n|move|p1a: Rillaboom|Grassy Glide|p2a: Alomomola\n|-activate|p2a: Alomomola|move: Protect\n|\n|-weather|Sandstorm|[upkeep]\n|-damage|p1a: Rillaboom|94\/100|[from] Sandstorm\n|-damage|p2a: Alomomola|24\/100|[from] Sandstorm\n|-heal|p2a: Alomomola|74\/100|[from] move: Wish|[wisher] Alomomola\n|-heal|p1a: Rillaboom|100\/100|[from] Grassy Terrain\n|-heal|p2a: Alomomola|80\/100|[from] Grassy Terrain\n|upkeep\n|turn|9\n|\n|t:|1700714609\n|move|p1a: Rillaboom|Wood Hammer|p2a: Alomomola\n|-supereffective|p2a: Alomomola\n|-damage|p2a: Alomomola|0 fnt\n|faint|p2a: Alomomola\n|-damage|p1a: Rillaboom|59\/100|[from] Recoil\n|-damage|p1a: Rillaboom|49\/100|[from] item: Life Orb\n|\n|-weather|none\n|-heal|p1a: Rillaboom|56\/100|[from] Grassy Terrain\n|upkeep\n|inactive|DiamondDiancie25 has 120 seconds left.\n|\n|t:|1700714620\n|switch|p2a: Iron Valiant|Iron Valiant|100\/100\n|-enditem|p2a: Iron Valiant|Booster Energy\n|-activate|p2a: Iron Valiant|ability: Quark Drive|[fromitem]\n|-start|p2a: Iron Valiant|quarkdrivespe\n|turn|10\n|\n|t:|1700714633\n|-terastallize|p1a: Rillaboom|Fire\n|move|p1a: Rillaboom|Grassy Glide|p2a: Iron Valiant\n|-damage|p2a: Iron Valiant|39\/100\n|-damage|p1a: Rillaboom|46\/100|[from] item: Life Orb\n|move|p2a: Iron Valiant|Moonblast|p1a: Rillaboom\n|-resisted|p1a: Rillaboom\n|-damage|p1a: Rillaboom|17\/100\n|\n|-heal|p2a: Iron Valiant|45\/100|[from] Grassy Terrain\n|-heal|p1a: Rillaboom|23\/100|[from] Grassy Terrain\n|upkeep\n|turn|11\n|\n|t:|1700714647\n|move|p1a: Rillaboom|Grassy Glide|p2a: Iron Valiant\n|-damage|p2a: Iron Valiant|0 fnt\n|faint|p2a: Iron Valiant\n|-end|p2a: Iron Valiant|Quark Drive|[silent]\n|-damage|p1a: Rillaboom|13\/100|[from] item: Life Orb\n|\n|-heal|p1a: Rillaboom|19\/100|[from] Grassy Terrain\n|upkeep\n|\n|t:|1700714654\n|switch|p2a: Tapu Koko|Tapu Koko|100\/100\n|-fieldstart|move: Electric Terrain|[from] ability: Electric Surge|[of] p2a: Tapu Koko\n|turn|12\n|\n|t:|1700714659\n|switch|p1a: Glalie|Glalie, M|100\/100\n|move|p2a: Tapu Koko|Thunderbolt|p1a: Glalie\n|-crit|p1a: Glalie\n|-damage|p1a: Glalie|5\/100\n|\n|upkeep\n|turn|13\n|\n|t:|1700714667\n|detailschange|p1a: Glalie|Glalie-Mega, M\n|-mega|p1a: Glalie|Glalie|Glalitite\n|move|p1a: Glalie|Ice Shard|p2a: Tapu Koko\n|-damage|p2a: Tapu Koko|73\/100\n|move|p2a: Tapu Koko|Dazzling Gleam|p1a: Glalie\n|-damage|p1a: Glalie|0 fnt\n|faint|p1a: Glalie\n|\n|upkeep\n|\n|t:|1700714674\n|switch|p1a: Rillaboom|Rillaboom, M, tera:Fire|19\/100\n|-fieldstart|move: Grassy Terrain|[from] ability: Grassy Surge|[of] p1a: Rillaboom\n|turn|14\n|\n|t:|1700714679\n|move|p1a: Rillaboom|Grassy Glide|p2a: Tapu Koko\n|-damage|p2a: Tapu Koko|5\/100\n|-damage|p1a: Rillaboom|9\/100|[from] item: Life Orb\n|-zpower|p2a: Tapu Koko\n|move|p2a: Tapu Koko|Gigavolt Havoc|p1a: Rillaboom|[zeffect]\n|-damage|p1a: Rillaboom|0 fnt\n|faint|p1a: Rillaboom\n|\n|win|DiamondDiancie25\n|raw|FlyingSudowoodo's rating: 1295 &rarr; <strong>1275<\/strong><br \/>(-20 for losing)\n|raw|DiamondDiancie25's rating: 1360 &rarr; <strong>1376<\/strong><br \/>(+16 for winning)\n|l|\u2606DiamondDiancie25\n","uploadtime":1700714692,"views":1,"p1id":"flyingsudowoodo","p2id":"diamonddiancie25","formatid":"gen9nationaldex","rating":1275,"private":0,"password":""}