{"id":"gen9nationaldex-1999408168","p1":"akkaqiu","p2":"Autistic_Rabbit","format":"[Gen 9] National Dex","log":"|html|<div class=\"broadcast-blue\"><strong>[Gen 9] National Dex is currently suspecting Sneasler! For information on how to participate check out the <a href=\"https:\/\/www.smogon.com\/forums\/threads\/sv-national-dex-suspect-8-just-dance.3731534\/\">suspect thread<\/a>.<\/strong><\/div>\n|j|\u2606akkaqiu\n|j|\u2606Autistic_Rabbit\n|t:|1701075445\n|gametype|singles\n|player|p1|akkaqiu|cyclist|1547\n|player|p2|Autistic_Rabbit|dawn|1677\n|teamsize|p1|6\n|teamsize|p2|6\n|gen|9\n|tier|[Gen 9] National Dex\n|rated|\n|rule|HP Percentage Mod: HP is shown in percentages\n|rule|Endless Battle Clause: Forcing endless battles is banned\n|rule|OHKO Clause: OHKO moves are banned\n|rule|Evasion Clause: Evasion abilities, items, and moves are banned\n|rule|Evasion Abilities Clause: Evasion abilities are banned\n|rule|Evasion Items Clause: Evasion items are banned\n|rule|Evasion Moves Clause: Evasion moves are banned\n|rule|Species Clause: Limit one of each Pok\u00e9mon\n|rule|Sleep Clause Mod: Limit one foe put to sleep\n|clearpoke\n|poke|p1|Serperior, F|\n|poke|p1|Landorus-Therian, M|\n|poke|p1|Ogerpon-Wellspring, F|\n|poke|p1|Tapu Lele|\n|poke|p1|Clodsire, M|\n|poke|p1|Garganacl, M|\n|poke|p2|Mawile, M|\n|poke|p2|Marowak-Alola, F|\n|poke|p2|Hatterene, F|\n|poke|p2|Cresselia, F|\n|poke|p2|Porygon2|\n|poke|p2|Ursaluna, F|\n|teampreview\n|\n|t:|1701075454\n|start\n|switch|p1a: Landorus|Landorus-Therian, M|100\/100\n|switch|p2a: Porygon2|Porygon2|100\/100\n|-ability|p1a: Landorus|Intimidate|boost\n|-unboost|p2a: Porygon2|atk|1\n|-ability|p2a: Porygon2|Intimidate|boost\n|-unboost|p1a: Landorus|atk|1\n|-ability|p2a: Porygon2|Intimidate|[from] ability: Trace|[of] p1a: Landorus\n|turn|1\n|\n|t:|1701075461\n|move|p1a: Landorus|U-turn|p2a: Porygon2\n|-damage|p2a: Porygon2|91\/100\n|\n|t:|1701075463\n|switch|p1a: Sloth|Garganacl, M|100\/100|[from] U-turn\n|move|p2a: Porygon2|Ice Beam|p1a: Sloth\n|-damage|p1a: Sloth|85\/100\n|\n|-heal|p1a: Sloth|92\/100|[from] item: Leftovers\n|upkeep\n|turn|2\n|\n|t:|1701075470\n|move|p1a: Sloth|Iron Defense|p1a: Sloth\n|-boost|p1a: Sloth|def|2\n|move|p2a: Porygon2|Teleport|p2a: Porygon2\n|\n|t:|1701075475\n|switch|p2a: Ursaluna|Ursaluna, F|100\/100|[from] Teleport\n|\n|-heal|p1a: Sloth|98\/100|[from] item: Leftovers\n|-status|p2a: Ursaluna|brn|[from] item: Flame Orb\n|upkeep\n|turn|3\n|\n|t:|1701075478\n|-terastallize|p1a: Sloth|Ghost\n|move|p1a: Sloth|Iron Defense|p1a: Sloth\n|-boost|p1a: Sloth|def|2\n|move|p2a: Ursaluna|Swords Dance|p2a: Ursaluna\n|-boost|p2a: Ursaluna|atk|2\n|\n|-heal|p1a: Sloth|100\/100|[from] item: Leftovers\n|-damage|p2a: Ursaluna|94\/100 brn|[from] brn\n|upkeep\n|turn|4\n|\n|t:|1701075486\n|move|p1a: Sloth|Salt Cure|p2a: Ursaluna\n|-resisted|p2a: Ursaluna\n|-damage|p2a: Ursaluna|89\/100 brn\n|-start|p2a: Ursaluna|Salt Cure\n|move|p2a: Ursaluna|Swords Dance|p2a: Ursaluna\n|-boost|p2a: Ursaluna|atk|2\n|\n|-damage|p2a: Ursaluna|83\/100 brn|[from] brn\n|-damage|p2a: Ursaluna|71\/100 brn|[from] Salt Cure\n|upkeep\n|turn|5\n|\n|t:|1701075490\n|move|p1a: Sloth|Iron Defense|p1a: Sloth\n|-boost|p1a: Sloth|def|2\n|move|p2a: Ursaluna|Headlong Rush|p1a: Sloth\n|-damage|p1a: Sloth|44\/100\n|-unboost|p2a: Ursaluna|def|1\n|-unboost|p2a: Ursaluna|spd|1\n|\n|-heal|p1a: Sloth|50\/100|[from] item: Leftovers\n|-damage|p2a: Ursaluna|65\/100 brn|[from] brn\n|-damage|p2a: Ursaluna|53\/100 brn|[from] Salt Cure\n|upkeep\n|turn|6\n|\n|t:|1701075495\n|move|p1a: Sloth|Protect|p1a: Sloth\n|-singleturn|p1a: Sloth|Protect\n|move|p2a: Ursaluna|Headlong Rush|p1a: Sloth\n|-activate|p1a: Sloth|move: Protect\n|\n|-heal|p1a: Sloth|56\/100|[from] item: Leftovers\n|-damage|p2a: Ursaluna|47\/100 brn|[from] brn\n|-damage|p2a: Ursaluna|34\/100 brn|[from] Salt Cure\n|upkeep\n|turn|7\n|\n|t:|1701075501\n|move|p1a: Sloth|Recover|p1a: Sloth\n|-heal|p1a: Sloth|100\/100\n|move|p2a: Ursaluna|Headlong Rush|p1a: Sloth\n|-damage|p1a: Sloth|46\/100\n|-unboost|p2a: Ursaluna|def|1\n|-unboost|p2a: Ursaluna|spd|1\n|\n|-heal|p1a: Sloth|52\/100|[from] item: Leftovers\n|-damage|p2a: Ursaluna|28\/100 brn|[from] brn\n|-damage|p2a: Ursaluna|16\/100 brn|[from] Salt Cure\n|upkeep\n|turn|8\n|\n|t:|1701075508\n|move|p1a: Sloth|Recover|p1a: Sloth\n|-heal|p1a: Sloth|100\/100\n|move|p2a: Ursaluna|Swords Dance|p2a: Ursaluna\n|-boost|p2a: Ursaluna|atk|2\n|\n|-damage|p2a: Ursaluna|10\/100 brn|[from] brn\n|-damage|p2a: Ursaluna|0 fnt|[from] Salt Cure\n|faint|p2a: Ursaluna\n|upkeep\n|-message|Autistic_Rabbit forfeited.\n|\n|win|akkaqiu\n|raw|akkaqiu's rating: 1547 &rarr; <strong>1574<\/strong><br \/>(+27 for winning)\n|raw|Autistic_Rabbit's rating: 1677 &rarr; <strong>1650<\/strong><br \/>(-27 for losing)\n","uploadtime":1701075520,"views":11,"p1id":"akkaqiu","p2id":"autisticrabbit","formatid":"gen9nationaldex","rating":1574,"private":0,"password":""}