{"id":"gen9nationaldex-1988366057","p1":"ZeroT0Hero","p2":"jsj2679","format":"[Gen 9] National Dex","log":"|j|\u2606ZeroT0Hero\n|j|\u2606jsj2679\n|t:|1699714546\n|gametype|singles\n|player|p1|ZeroT0Hero|steven|1648\n|player|p2|jsj2679|falkner|1716\n|teamsize|p1|6\n|teamsize|p2|6\n|gen|9\n|tier|[Gen 9] National Dex\n|rated|\n|rule|HP Percentage Mod: HP is shown in percentages\n|rule|Endless Battle Clause: Forcing endless battles is banned\n|rule|OHKO Clause: OHKO moves are banned\n|rule|Evasion Clause: Evasion abilities, items, and moves are banned\n|rule|Evasion Abilities Clause: Evasion abilities are banned\n|rule|Evasion Items Clause: Evasion items are banned\n|rule|Evasion Moves Clause: Evasion moves are banned\n|rule|Species Clause: Limit one of each Pok\u00e9mon\n|rule|Sleep Clause Mod: Limit one foe put to sleep\n|clearpoke\n|poke|p1|Lucario, M|\n|poke|p1|Lopunny, F|\n|poke|p1|Dondozo, F|\n|poke|p1|Landorus-Therian, M|\n|poke|p1|Glimmora, F|\n|poke|p1|Volcarona, F|\n|poke|p2|Diancie|\n|poke|p2|Garchomp, M|\n|poke|p2|Urshifu-*, M|\n|poke|p2|Zapdos|\n|poke|p2|Bisharp, F|\n|poke|p2|Victini|\n|teampreview\n|\n|t:|1699714561\n|start\n|switch|p1a: Lopunny|Lopunny, F|100\/100\n|switch|p2a: \u5927\u661f\u4e49|Garchomp, M|100\/100\n|turn|1\n|inactive|Battle timer is ON: inactive players will automatically lose when time's up. (requested by ZeroT0Hero)\n|\n|t:|1699714569\n|switch|p2a: \u9ec4\u91d1\u8106\u76ae\u9e21|Zapdos|100\/100\n|move|p1a: Lopunny|Fake Out|p2a: \u9ec4\u91d1\u8106\u76ae\u9e21\n|-damage|p2a: \u9ec4\u91d1\u8106\u76ae\u9e21|89\/100\n|\n|upkeep\n|turn|2\n|\n|t:|1699714576\n|move|p1a: Lopunny|Triple Axel|p2a: \u9ec4\u91d1\u8106\u76ae\u9e21\n|-supereffective|p2a: \u9ec4\u91d1\u8106\u76ae\u9e21\n|-damage|p2a: \u9ec4\u91d1\u8106\u76ae\u9e21|82\/100\n|-supereffective|p2a: \u9ec4\u91d1\u8106\u76ae\u9e21\n|-damage|p2a: \u9ec4\u91d1\u8106\u76ae\u9e21|69\/100\n|-hitcount|p2a: \u9ec4\u91d1\u8106\u76ae\u9e21|2\n|move|p2a: \u9ec4\u91d1\u8106\u76ae\u9e21|Volt Switch|p1a: Lopunny\n|-damage|p1a: Lopunny|60\/100\n|\n|t:|1699714596\n|switch|p2a: \u96fe\u96e8\u9b54\u7406\u6c99|Diancie|100\/100|[from] Volt Switch\n|\n|upkeep\n|turn|3\n|\n|t:|1699714613\n|detailschange|p1a: Lopunny|Lopunny-Mega, F\n|-mega|p1a: Lopunny|Lopunny|Lopunnite\n|move|p1a: Lopunny|Close Combat|p2a: \u96fe\u96e8\u9b54\u7406\u6c99\n|-damage|p2a: \u96fe\u96e8\u9b54\u7406\u6c99|30\/100\n|-unboost|p1a: Lopunny|def|1\n|-unboost|p1a: Lopunny|spd|1\n|move|p2a: \u96fe\u96e8\u9b54\u7406\u6c99|Moonblast|p1a: Lopunny\n|-supereffective|p1a: Lopunny\n|-damage|p1a: Lopunny|0 fnt\n|faint|p1a: Lopunny\n|\n|upkeep\n|\n|t:|1699714625\n|switch|p1a: Lucario|Lucario, M|100\/100\n|turn|4\n|\n|t:|1699714632\n|switch|p2a: Victini|Victini|100\/100\n|move|p1a: Lucario|Vacuum Wave|p2a: Victini\n|-resisted|p2a: Victini\n|-damage|p2a: Victini|89\/100\n|-damage|p1a: Lucario|91\/100|[from] item: Life Orb\n|\n|upkeep\n|turn|5\n|\n|t:|1699714640\n|switch|p1a: Dondozo|Dondozo, F|100\/100\n|move|p2a: Victini|Blue Flare|p1a: Dondozo\n|-resisted|p1a: Dondozo\n|-damage|p1a: Dondozo|74\/100\n|\n|-heal|p1a: Dondozo|80\/100|[from] item: Leftovers\n|upkeep\n|turn|6\n|\n|t:|1699714653\n|move|p2a: Victini|Psychic|p1a: Dondozo\n|-damage|p1a: Dondozo|41\/100\n|move|p1a: Dondozo|Liquidation|p2a: Victini\n|-supereffective|p2a: Victini\n|-crit|p2a: Victini\n|-damage|p2a: Victini|0 fnt\n|faint|p2a: Victini\n|\n|-heal|p1a: Dondozo|48\/100|[from] item: Leftovers\n|upkeep\n|\n|t:|1699714661\n|switch|p2a: \u96fe\u96e8\u9b54\u7406\u6c99|Diancie|30\/100\n|turn|7\n|\n|t:|1699714671\n|switch|p1a: Glimmora|Glimmora, F|100\/100\n|detailschange|p2a: \u96fe\u96e8\u9b54\u7406\u6c99|Diancie-Mega\n|-mega|p2a: \u96fe\u96e8\u9b54\u7406\u6c99|Diancie|Diancite\n|move|p2a: \u96fe\u96e8\u9b54\u7406\u6c99|Moonblast|p1a: Glimmora\n|-resisted|p1a: Glimmora\n|-damage|p1a: Glimmora|62\/100\n|\n|upkeep\n|turn|8\n|\n|t:|1699714676\n|move|p2a: \u96fe\u96e8\u9b54\u7406\u6c99|Earth Power|p1a: Glimmora\n|-supereffective|p1a: Glimmora\n|-damage|p1a: Glimmora|0 fnt\n|faint|p1a: Glimmora\n|\n|upkeep\n|\n|t:|1699714682\n|switch|p1a: Lucario|Lucario, M|91\/100\n|turn|9\n|\n|t:|1699714692\n|switch|p2a: \u5927\u661f\u4e49|Garchomp, M|100\/100\n|-terastallize|p1a: Lucario|Fighting\n|move|p1a: Lucario|Nasty Plot|p1a: Lucario\n|-boost|p1a: Lucario|spa|2\n|\n|upkeep\n|turn|10\n|\n|t:|1699714700\n|move|p1a: Lucario|Vacuum Wave|p2a: \u5927\u661f\u4e49\n|-crit|p2a: \u5927\u661f\u4e49\n|-damage|p2a: \u5927\u661f\u4e49|0 fnt\n|faint|p2a: \u5927\u661f\u4e49\n|-damage|p1a: Lucario|81\/100|[from] item: Life Orb\n|\n|upkeep\n|\n|t:|1699714707\n|switch|p2a: \u9ec4\u91d1\u8106\u76ae\u9e21|Zapdos|69\/100\n|turn|11\n|\n|t:|1699714716\n|move|p1a: Lucario|Shadow Ball|p2a: \u9ec4\u91d1\u8106\u76ae\u9e21\n|-damage|p2a: \u9ec4\u91d1\u8106\u76ae\u9e21|7\/100\n|-damage|p1a: Lucario|71\/100|[from] item: Life Orb\n|move|p2a: \u9ec4\u91d1\u8106\u76ae\u9e21|Hurricane|p1a: Lucario|[miss]\n|-miss|p2a: \u9ec4\u91d1\u8106\u76ae\u9e21|p1a: Lucario\n|\n|upkeep\n|turn|12\n|c|\u2606ZeroT0Hero|\u829c\u6e56\n|c|\u2606ZeroT0Hero|\u8fd9\u6b21\u662f\u6211\u548c\u6ce2\u5bfc\u52c7\u58eb\u7684\u7f81\u7eca\u8d62\u4e86\n|\n|t:|1699714737\n|move|p1a: Lucario|Shadow Ball|p2a: \u9ec4\u91d1\u8106\u76ae\u9e21\n|-damage|p2a: \u9ec4\u91d1\u8106\u76ae\u9e21|0 fnt\n|faint|p2a: \u9ec4\u91d1\u8106\u76ae\u9e21\n|-damage|p1a: Lucario|61\/100|[from] item: Life Orb\n|\n|upkeep\n|\n|t:|1699714743\n|switch|p2a: \u5175\u957f|Urshifu-Rapid-Strike, M|100\/100\n|turn|13\n|\n|t:|1699714749\n|move|p1a: Lucario|Vacuum Wave|p2a: \u5175\u957f\n|-damage|p2a: \u5175\u957f|0 fnt\n|faint|p2a: \u5175\u957f\n|-damage|p1a: Lucario|51\/100|[from] item: Life Orb\n|\n|upkeep\n|\n|t:|1699714760\n|switch|p2a: Bisharp|Bisharp, F|100\/100\n|turn|14\n|\n|t:|1699714768\n|switch|p2a: \u96fe\u96e8\u9b54\u7406\u6c99|Diancie-Mega|30\/100\n|move|p1a: Lucario|Vacuum Wave|p2a: \u96fe\u96e8\u9b54\u7406\u6c99\n|-damage|p2a: \u96fe\u96e8\u9b54\u7406\u6c99|0 fnt\n|faint|p2a: \u96fe\u96e8\u9b54\u7406\u6c99\n|-damage|p1a: Lucario|41\/100|[from] item: Life Orb\n|\n|upkeep\n|\n|t:|1699714776\n|switch|p2a: Bisharp|Bisharp, F|100\/100\n|turn|15\n|\n|t:|1699714785\n|-terastallize|p2a: Bisharp|Dark\n|move|p1a: Lucario|Vacuum Wave|p2a: Bisharp\n|-supereffective|p2a: Bisharp\n|-damage|p2a: Bisharp|0 fnt\n|faint|p2a: Bisharp\n|-damage|p1a: Lucario|31\/100|[from] item: Life Orb\n|\n|win|ZeroT0Hero\n|raw|ZeroT0Hero's rating: 1648 &rarr; <strong>1672<\/strong><br \/>(+24 for winning)\n|raw|jsj2679's rating: 1716 &rarr; <strong>1692<\/strong><br \/>(-24 for losing)\n|l|\u2606jsj2679\n","uploadtime":1699714806,"views":20,"p1id":"zerot0hero","p2id":"jsj2679","formatid":"gen9nationaldex","rating":1672,"private":0,"password":""}