{"id":"gen9nationaldex-1987128033","p1":"Clustermuk","p2":"hazzacav","format":"[Gen 9] National Dex","log":"|j|\u2606Clustermuk\n|j|\u2606hazzacav\n|t:|1699558372\n|gametype|singles\n|player|p1|Clustermuk|cheren-gen5bw2|\n|player|p2|hazzacav|chuck|\n|teamsize|p1|6\n|teamsize|p2|6\n|gen|9\n|tier|[Gen 9] National Dex\n|rule|HP Percentage Mod: HP is shown in percentages\n|rule|Endless Battle Clause: Forcing endless battles is banned\n|rule|OHKO Clause: OHKO moves are banned\n|rule|Evasion Clause: Evasion abilities, items, and moves are banned\n|rule|Evasion Abilities Clause: Evasion abilities are banned\n|rule|Evasion Items Clause: Evasion items are banned\n|rule|Evasion Moves Clause: Evasion moves are banned\n|rule|Species Clause: Limit one of each Pok\u00e9mon\n|rule|Sleep Clause Mod: Limit one foe put to sleep\n|clearpoke\n|poke|p1|Diancie|\n|poke|p1|Magnezone|\n|poke|p1|Togekiss, M|\n|poke|p1|Latias, F|\n|poke|p1|Drapion, M|\n|poke|p1|Flygon, M|\n|poke|p2|Appletun, M|\n|poke|p2|Iron Thorns|\n|poke|p2|Ursaluna, M|\n|poke|p2|Hitmontop, M|\n|poke|p2|Gengar, F|\n|poke|p2|Corviknight, M|\n|teampreview\n|j| Samman7124\n|j| blackdog78\n|c|\u2606Clustermuk|glhf\n|\n|t:|1699558448\n|start\n|switch|p1a: THE HEALMOBILE|Latias, F|100\/100\n|switch|p2a: Hitmontop|Hitmontop, M|100\/100\n|turn|1\n|c|\u2606hazzacav|glhf\n|\n|t:|1699558490\n|switch|p1a: Jolly Rancher|Diancie|100\/100\n|move|p2a: Hitmontop|Triple Axel|p1a: Jolly Rancher\n|-damage|p1a: Jolly Rancher|95\/100\n|-hitcount|p1a: Jolly Rancher|1\n|\n|upkeep\n|turn|2\n|\n|t:|1699558512\n|detailschange|p1a: Jolly Rancher|Diancie-Mega\n|-mega|p1a: Jolly Rancher|Diancie|Diancite\n|move|p2a: Hitmontop|Fake Out||[still]\n|-hint|Fake Out only works on your first turn out.\n|-fail|p2a: Hitmontop\n|move|p1a: Jolly Rancher|Moonblast|p2a: Hitmontop\n|-supereffective|p2a: Hitmontop\n|-damage|p2a: Hitmontop|33\/100\n|-unboost|p2a: Hitmontop|spa|1\n|\n|upkeep\n|turn|3\n|\n|t:|1699558531\n|move|p2a: Hitmontop|Bullet Punch|p1a: Jolly Rancher\n|-supereffective|p1a: Jolly Rancher\n|-crit|p1a: Jolly Rancher\n|-damage|p1a: Jolly Rancher|17\/100\n|move|p1a: Jolly Rancher|Moonblast|p2a: Hitmontop\n|-supereffective|p2a: Hitmontop\n|-crit|p2a: Hitmontop\n|-damage|p2a: Hitmontop|0 fnt\n|faint|p2a: Hitmontop\n|\n|upkeep\n|\n|t:|1699558581\n|switch|p2a: Corviknight|Corviknight, M|100\/100\n|-ability|p2a: Corviknight|Pressure\n|turn|4\n|\n|t:|1699558590\n|switch|p1a: FUUUUTUUUUURE|Magnezone|100\/100\n|move|p2a: Corviknight|Iron Head|p1a: FUUUUTUUUUURE\n|-resisted|p1a: FUUUUTUUUUURE\n|-damage|p1a: FUUUUTUUUUURE|94\/100\n|\n|upkeep\n|turn|5\n|\n|t:|1699558612\n|move|p1a: FUUUUTUUUUURE|Thunderbolt|p2a: Corviknight\n|-supereffective|p2a: Corviknight\n|-damage|p2a: Corviknight|37\/100\n|-status|p2a: Corviknight|par\n|move|p2a: Corviknight|Tailwind|p2a: Corviknight\n|-sidestart|p2: hazzacav|move: Tailwind\n|\n|-heal|p2a: Corviknight|43\/100 par|[from] item: Leftovers\n|upkeep\n|turn|6\n|j| W.MossdeepWalrein\n|\n|t:|1699558640\n|move|p1a: FUUUUTUUUUURE|Thunderbolt|p2a: Corviknight\n|-supereffective|p2a: Corviknight\n|-damage|p2a: Corviknight|0 fnt\n|faint|p2a: Corviknight\n|\n|upkeep\n|\n|t:|1699558645\n|switch|p2a: Ursaluna|Ursaluna, M|100\/100\n|turn|7\n|\n|t:|1699558677\n|switch|p1a: Jolly Rancher|Diancie-Mega|17\/100\n|move|p2a: Ursaluna|Facade|p1a: Jolly Rancher\n|-resisted|p1a: Jolly Rancher\n|-damage|p1a: Jolly Rancher|1\/100\n|\n|-status|p2a: Ursaluna|brn|[from] item: Flame Orb\n|upkeep\n|turn|8\n|\n|t:|1699558689\n|move|p2a: Ursaluna|Facade|p1a: Jolly Rancher\n|-resisted|p1a: Jolly Rancher\n|-damage|p1a: Jolly Rancher|0 fnt\n|faint|p1a: Jolly Rancher\n|\n|-damage|p2a: Ursaluna|94\/100 brn|[from] brn\n|-sideend|p2: hazzacav|move: Tailwind\n|upkeep\n|c| W.MossdeepWalrein|Fake Out turn 2 is wild\n|\n|t:|1699558704\n|switch|p1a: THE HEALMOBILE|Latias, F|100\/100\n|turn|9\n|\n|t:|1699558730\n|move|p1a: THE HEALMOBILE|Grass Knot|p2a: Ursaluna\n|-supereffective|p2a: Ursaluna\n|-damage|p2a: Ursaluna|25\/100 brn\n|move|p2a: Ursaluna|Facade|p1a: THE HEALMOBILE\n|-enditem|p1a: THE HEALMOBILE|Chilan Berry|[eat]\n|-enditem|p1a: THE HEALMOBILE|Chilan Berry|[weaken]\n|-damage|p1a: THE HEALMOBILE|22\/100\n|\n|-damage|p2a: Ursaluna|19\/100 brn|[from] brn\n|upkeep\n|turn|10\n|\n|t:|1699558745\n|move|p1a: THE HEALMOBILE|Grass Knot|p2a: Ursaluna\n|-supereffective|p2a: Ursaluna\n|-damage|p2a: Ursaluna|0 fnt\n|faint|p2a: Ursaluna\n|\n|upkeep\n|\n|t:|1699558752\n|switch|p2a: Gengar|Gengar, F|100\/100\n|turn|11\n|\n|t:|1699558758\n|switch|p1a: Never Skip Arm Day|Drapion, M|100\/100\n|move|p2a: Gengar|Dazzling Gleam|p1a: Never Skip Arm Day\n|-damage|p1a: Never Skip Arm Day|69\/100\n|\n|upkeep\n|turn|12\n|\n|t:|1699558790\n|move|p2a: Gengar|Dazzling Gleam|p1a: Never Skip Arm Day\n|-damage|p1a: Never Skip Arm Day|37\/100\n|move|p1a: Never Skip Arm Day|Pursuit|p2a: Gengar\n|-supereffective|p2a: Gengar\n|-damage|p2a: Gengar|9\/100\n|\n|upkeep\n|turn|13\n|\n|t:|1699558799\n|move|p2a: Gengar|Dazzling Gleam|p1a: Never Skip Arm Day\n|-damage|p1a: Never Skip Arm Day|8\/100\n|move|p1a: Never Skip Arm Day|Pursuit|p2a: Gengar\n|-supereffective|p2a: Gengar\n|-damage|p2a: Gengar|0 fnt\n|faint|p2a: Gengar\n|\n|upkeep\n|\n|t:|1699558809\n|switch|p2a: Iron Thorns|Iron Thorns|100\/100\n|turn|14\n|\n|t:|1699558821\n|switch|p1a: Goggle Boy|Flygon, M|100\/100\n|move|p2a: Iron Thorns|Iron Head|p1a: Goggle Boy\n|-damage|p1a: Goggle Boy|59\/100\n|\n|upkeep\n|turn|15\n|\n|t:|1699558831\n|-end|p2a: Iron Thorns|Quark Drive|[silent]\n|switch|p2a: Appletun|Appletun, M|100\/100\n|move|p1a: Goggle Boy|Earth Power|p2a: Appletun\n|-resisted|p2a: Appletun\n|-damage|p2a: Appletun|89\/100\n|\n|-heal|p2a: Appletun|95\/100|[from] item: Leftovers\n|upkeep\n|turn|16\n|\n|t:|1699558851\n|switch|p1a: Mantine Cloud Ver.|Togekiss, M|100\/100\n|move|p2a: Appletun|Leech Seed|p1a: Mantine Cloud Ver.\n|-start|p1a: Mantine Cloud Ver.|move: Leech Seed\n|\n|-heal|p2a: Appletun|100\/100|[from] item: Leftovers\n|-damage|p1a: Mantine Cloud Ver.|88\/100|[from] Leech Seed|[of] p2a: Appletun\n|upkeep\n|turn|17\n|\n|t:|1699558873\n|move|p1a: Mantine Cloud Ver.|Air Slash|p2a: Appletun\n|-supereffective|p2a: Appletun\n|-damage|p2a: Appletun|59\/100\n|cant|p2a: Appletun|flinch\n|\n|-heal|p2a: Appletun|65\/100|[from] item: Leftovers\n|-damage|p1a: Mantine Cloud Ver.|76\/100|[from] Leech Seed|[of] p2a: Appletun\n|-heal|p2a: Appletun|76\/100|[silent]\n|upkeep\n|turn|18\n|\n|t:|1699558880\n|move|p1a: Mantine Cloud Ver.|Air Slash|p2a: Appletun|[miss]\n|-miss|p1a: Mantine Cloud Ver.|p2a: Appletun\n|move|p2a: Appletun|Light Screen|p2a: Appletun\n|-sidestart|p2: hazzacav|move: Light Screen\n|\n|-heal|p2a: Appletun|82\/100|[from] item: Leftovers\n|-damage|p1a: Mantine Cloud Ver.|64\/100|[from] Leech Seed|[of] p2a: Appletun\n|-heal|p2a: Appletun|93\/100|[silent]\n|upkeep\n|turn|19\n|\n|t:|1699558911\n|switch|p1a: Never Skip Arm Day|Drapion, M|8\/100\n|move|p2a: Appletun|Apple Acid|p1a: Never Skip Arm Day\n|-resisted|p1a: Never Skip Arm Day\n|-damage|p1a: Never Skip Arm Day|0 fnt\n|faint|p1a: Never Skip Arm Day\n|\n|-heal|p2a: Appletun|99\/100|[from] item: Leftovers\n|upkeep\n|l| blackdog78\n|j| blackdog78\n|\n|t:|1699558953\n|switch|p1a: Mantine Cloud Ver.|Togekiss, M|64\/100\n|turn|20\n|\n|t:|1699558958\n|move|p1a: Mantine Cloud Ver.|Air Slash|p2a: Appletun\n|-supereffective|p2a: Appletun\n|-damage|p2a: Appletun|78\/100\n|move|p2a: Appletun|Leech Seed|p1a: Mantine Cloud Ver.\n|-start|p1a: Mantine Cloud Ver.|move: Leech Seed\n|\n|-heal|p2a: Appletun|84\/100|[from] item: Leftovers\n|-damage|p1a: Mantine Cloud Ver.|51\/100|[from] Leech Seed|[of] p2a: Appletun\n|-heal|p2a: Appletun|95\/100|[silent]\n|upkeep\n|turn|21\n|\n|t:|1699558967\n|move|p1a: Mantine Cloud Ver.|Roost|p1a: Mantine Cloud Ver.\n|-heal|p1a: Mantine Cloud Ver.|100\/100\n|-singleturn|p1a: Mantine Cloud Ver.|move: Roost\n|move|p2a: Appletun|Apple Acid|p1a: Mantine Cloud Ver.\n|-damage|p1a: Mantine Cloud Ver.|76\/100\n|-unboost|p1a: Mantine Cloud Ver.|spd|1\n|\n|-heal|p2a: Appletun|100\/100|[from] item: Leftovers\n|-damage|p1a: Mantine Cloud Ver.|64\/100|[from] Leech Seed|[of] p2a: Appletun\n|upkeep\n|turn|22\n|\n|t:|1699558985\n|switch|p1a: THE HEALMOBILE|Latias, F|22\/100\n|move|p2a: Appletun|Apple Acid|p1a: THE HEALMOBILE\n|-resisted|p1a: THE HEALMOBILE\n|-damage|p1a: THE HEALMOBILE|13\/100\n|-unboost|p1a: THE HEALMOBILE|spd|1\n|\n|-sideend|p2: hazzacav|move: Light Screen\n|upkeep\n|turn|23\n|\n|t:|1699558995\n|move|p1a: THE HEALMOBILE|Draco Meteor|p2a: Appletun\n|-supereffective|p2a: Appletun\n|-damage|p2a: Appletun|11\/100\n|-unboost|p1a: THE HEALMOBILE|spa|2\n|move|p2a: Appletun|Apple Acid|p1a: THE HEALMOBILE\n|-resisted|p1a: THE HEALMOBILE\n|-crit|p1a: THE HEALMOBILE\n|-damage|p1a: THE HEALMOBILE|0 fnt\n|faint|p1a: THE HEALMOBILE\n|\n|-heal|p2a: Appletun|17\/100|[from] item: Leftovers\n|upkeep\n|j| TheHydraAllience2\n|\n|t:|1699559016\n|switch|p1a: Goggle Boy|Flygon, M|59\/100\n|turn|24\n|\n|t:|1699559023\n|switch|p2a: Iron Thorns|Iron Thorns|100\/100\n|move|p1a: Goggle Boy|Bug Buzz|p2a: Iron Thorns\n|-damage|p2a: Iron Thorns|75\/100\n|\n|upkeep\n|turn|25\n|\n|t:|1699559031\n|move|p1a: Goggle Boy|Earth Power|p2a: Iron Thorns\n|-supereffective|p2a: Iron Thorns\n|-damage|p2a: Iron Thorns|0 fnt\n|faint|p2a: Iron Thorns\n|-end|p2a: Iron Thorns|Quark Drive|[silent]\n|\n|upkeep\n|\n|t:|1699559035\n|switch|p2a: Appletun|Appletun, M|17\/100\n|turn|26\n|\n|t:|1699559039\n|move|p1a: Goggle Boy|Bug Buzz|p2a: Appletun\n|-supereffective|p2a: Appletun\n|-damage|p2a: Appletun|0 fnt\n|faint|p2a: Appletun\n|\n|win|Clustermuk\n|c|\u2606hazzacav|gg\n|c|\u2606Clustermuk|gg\n|l| blackdog78\n|l|\u2606hazzacav\n","uploadtime":1699559052,"views":22,"p1id":"clustermuk","p2id":"hazzacav","formatid":"gen9nationaldex","rating":0,"private":0,"password":""}