{"id":"gen9nationaldex-1987824054","p1":"I am Useless Meta","p2":"cescentmoon","format":"[Gen 9] National Dex","log":"|j|\u2606I am Useless Meta\n|j|\u2606cescentmoon\n|t:|1699640195\n|gametype|singles\n|player|p1|I am Useless Meta|kieran-festival|\n|player|p2|cescentmoon|winona|\n|teamsize|p1|6\n|teamsize|p2|6\n|gen|9\n|tier|[Gen 9] National Dex\n|rule|HP Percentage Mod: HP is shown in percentages\n|rule|Endless Battle Clause: Forcing endless battles is banned\n|rule|OHKO Clause: OHKO moves are banned\n|rule|Evasion Clause: Evasion abilities, items, and moves are banned\n|rule|Evasion Abilities Clause: Evasion abilities are banned\n|rule|Evasion Items Clause: Evasion items are banned\n|rule|Evasion Moves Clause: Evasion moves are banned\n|rule|Species Clause: Limit one of each Pok\u00e9mon\n|rule|Sleep Clause Mod: Limit one foe put to sleep\n|clearpoke\n|poke|p1|Celesteela|\n|poke|p1|Jynx, F|\n|poke|p1|Altaria, F|\n|poke|p1|Crawdaunt, M|\n|poke|p1|Toxtricity-Low-Key, M|\n|poke|p1|Hariyama, M|\n|poke|p2|Slowbro-Galar, F|\n|poke|p2|Shiftry, M|\n|poke|p2|Buzzwole|\n|poke|p2|Floatzel, M|\n|poke|p2|Pawmot, M|\n|poke|p2|Toedscruel, F|\n|teampreview\n|inactive|Battle timer is ON: inactive players will automatically lose when time's up. (requested by I am Useless Meta)\n|c|\u2606I am Useless Meta|round 2\n|c|\u2606I am Useless Meta|glhf\n|c|\u2606cescentmoon|gl\n|inactive|I am Useless Meta has 270 seconds left.\n|\n|t:|1699640227\n|start\n|switch|p1a: Toxtricity|Toxtricity-Low-Key, M|100\/100\n|switch|p2a: Shiftry|Shiftry, M|100\/100\n|turn|1\n|\n|t:|1699640238\n|switch|p1a: Hariyama|Hariyama, M|100\/100\n|move|p2a: Shiftry|Fake Out|p1a: Hariyama\n|-damage|p1a: Hariyama|80\/100\n|-damage|p2a: Shiftry|91\/100|[from] item: Life Orb\n|\n|-status|p1a: Hariyama|brn|[from] item: Flame Orb\n|upkeep\n|turn|2\n|\n|t:|1699640264\n|move|p2a: Shiftry|Sucker Punch|p1a: Hariyama\n|-resisted|p1a: Hariyama\n|-damage|p1a: Hariyama|56\/100 brn\n|-damage|p2a: Shiftry|81\/100|[from] item: Life Orb\n|move|p1a: Hariyama|Drain Punch|p2a: Shiftry\n|-supereffective|p2a: Shiftry\n|-damage|p2a: Shiftry|0 fnt\n|-heal|p1a: Hariyama|84\/100 brn|[from] drain|[of] p2a: Shiftry\n|faint|p2a: Shiftry\n|\n|-damage|p1a: Hariyama|78\/100 brn|[from] brn\n|upkeep\n|\n|t:|1699640276\n|switch|p2a: Pawmot|Pawmot, M|100\/100\n|turn|3\n|\n|t:|1699640285\n|move|p2a: Pawmot|Fake Out|p1a: Hariyama\n|-damage|p1a: Hariyama|61\/100 brn\n|cant|p1a: Hariyama|flinch\n|\n|-damage|p1a: Hariyama|54\/100 brn|[from] brn\n|upkeep\n|turn|4\n|\n|t:|1699640293\n|move|p2a: Pawmot|Thunder Punch|p1a: Hariyama\n|-damage|p1a: Hariyama|0 fnt\n|faint|p1a: Hariyama\n|\n|upkeep\n|inactive|I am Useless Meta has 270 seconds left.\n|\n|t:|1699640338\n|switch|p1a: Jynx|Jynx, F|100\/100\n|turn|5\n|inactive|cescentmoon has 270 seconds left.\n|\n|t:|1699640398\n|switch|p2a: Floatzel|Floatzel, M|100\/100\n|move|p1a: Jynx|Psychic|p2a: Floatzel\n|-damage|p2a: Floatzel|3\/100\n|\n|upkeep\n|turn|6\n|inactive|I am Useless Meta has 270 seconds left.\n|\n|t:|1699640411\n|move|p1a: Jynx|Psychic|p2a: Floatzel\n|-damage|p2a: Floatzel|0 fnt\n|faint|p2a: Floatzel\n|\n|upkeep\n|\n|t:|1699640420\n|switch|p2a: Toedscruel|Toedscruel, F|100\/100\n|turn|7\n|\n|t:|1699640431\n|switch|p1a: Altaria|Altaria, F|100\/100\n|move|p2a: Toedscruel|Leech Seed|p1a: Altaria\n|-start|p1a: Altaria|move: Leech Seed\n|\n|-damage|p1a: Altaria|88\/100|[from] Leech Seed|[of] p2a: Toedscruel\n|upkeep\n|turn|8\n|inactive|cescentmoon has 240 seconds left.\n|\n|t:|1699640458\n|switch|p2a: Slowbro|Slowbro-Galar, F|100\/100\n|move|p1a: Altaria|Fire Spin|p2a: Slowbro\n|-damage|p2a: Slowbro|94\/100\n|-activate|p2a: Slowbro|move: Fire Spin|[of] p1a: Altaria\n|\n|-heal|p2a: Slowbro|99\/100|[from] item: Leftovers\n|-damage|p1a: Altaria|76\/100|[from] Leech Seed|[of] p2a: Slowbro\n|-heal|p2a: Slowbro|100\/100|[silent]\n|-damage|p2a: Slowbro|88\/100|[from] move: Fire Spin|[partiallytrapped]\n|upkeep\n|turn|9\n|inactive|cescentmoon has 240 seconds left.\n|inactive|I am Useless Meta has 270 seconds left.\n|inactive|cescentmoon has 210 seconds left.\n|inactive|I am Useless Meta has 240 seconds left.\n|\n|t:|1699640519\n|move|p1a: Altaria|Perish Song|p1a: Altaria\n|-start|p1a: Altaria|perish3|[silent]\n|-start|p2a: Slowbro|perish3|[silent]\n|-fieldactivate|move: Perish Song\n|move|p2a: Slowbro|Shell Side Arm|p1a: Altaria|[anim] Shell Side Arm Special\n|-damage|p1a: Altaria|48\/100\n|-hint|Special Shell Side Arm\n|-status|p1a: Altaria|psn\n|\n|-heal|p2a: Slowbro|94\/100|[from] item: Leftovers\n|-damage|p1a: Altaria|36\/100 psn|[from] Leech Seed|[of] p2a: Slowbro\n|-heal|p2a: Slowbro|100\/100|[silent]\n|-damage|p1a: Altaria|23\/100 psn|[from] psn\n|-damage|p2a: Slowbro|88\/100|[from] move: Fire Spin|[partiallytrapped]\n|-start|p1a: Altaria|perish3\n|-start|p2a: Slowbro|perish3\n|upkeep\n|turn|10\n|inactive|I am Useless Meta has 240 seconds left.\n|inactive|cescentmoon has 210 seconds left.\n|\n|t:|1699640539\n|move|p1a: Altaria|Roost|p1a: Altaria\n|-heal|p1a: Altaria|73\/100 psn\n|-singleturn|p1a: Altaria|move: Roost\n|move|p2a: Slowbro|Shell Side Arm|p1a: Altaria|[anim] Shell Side Arm Special\n|-damage|p1a: Altaria|45\/100 psn\n|-hint|Special Shell Side Arm\n|\n|-heal|p2a: Slowbro|94\/100|[from] item: Leftovers\n|-damage|p1a: Altaria|33\/100 psn|[from] Leech Seed|[of] p2a: Slowbro\n|-heal|p2a: Slowbro|100\/100|[silent]\n|-damage|p1a: Altaria|20\/100 psn|[from] psn\n|-damage|p2a: Slowbro|88\/100|[from] move: Fire Spin|[partiallytrapped]\n|-start|p1a: Altaria|perish2\n|-start|p2a: Slowbro|perish2\n|upkeep\n|turn|11\n|inactive|I am Useless Meta has 240 seconds left.\n|\n|t:|1699640555\n|move|p1a: Altaria|Roost|p1a: Altaria\n|-heal|p1a: Altaria|70\/100 psn\n|-singleturn|p1a: Altaria|move: Roost\n|move|p2a: Slowbro|Shell Side Arm|p1a: Altaria|[anim] Shell Side Arm Special\n|-damage|p1a: Altaria|42\/100 psn\n|-hint|Special Shell Side Arm\n|\n|-heal|p2a: Slowbro|94\/100|[from] item: Leftovers\n|-damage|p1a: Altaria|30\/100 psn|[from] Leech Seed|[of] p2a: Slowbro\n|-heal|p2a: Slowbro|100\/100|[silent]\n|-damage|p1a: Altaria|17\/100 psn|[from] psn\n|-damage|p2a: Slowbro|88\/100|[from] move: Fire Spin|[partiallytrapped]\n|-start|p1a: Altaria|perish1\n|-start|p2a: Slowbro|perish1\n|upkeep\n|turn|12\n|\n|t:|1699640577\n|-curestatus|p1a: Altaria|psn|[from] ability: Natural Cure\n|switch|p1a: Celesteela|Celesteela|100\/100\n|move|p2a: Slowbro|Shell Side Arm|p1a: Celesteela|[anim] Shell Side Arm Special\n|-immune|p1a: Celesteela\n|\n|-heal|p2a: Slowbro|94\/100|[from] item: Leftovers\n|-end|p2a: Slowbro|Fire Spin|[partiallytrapped]|[silent]\n|-start|p2a: Slowbro|perish0\n|upkeep\n|faint|p2a: Slowbro\n|\n|t:|1699640585\n|switch|p2a: Pawmot|Pawmot, M|100\/100\n|turn|13\n|inactive|I am Useless Meta has 240 seconds left.\n|\n|t:|1699640599\n|switch|p1a: Toxtricity|Toxtricity-Low-Key, M|100\/100\n|move|p2a: Pawmot|Fake Out|p1a: Toxtricity\n|-damage|p1a: Toxtricity|81\/100\n|\n|upkeep\n|turn|14\n|inactive|I am Useless Meta has 240 seconds left.\n|inactive|cescentmoon has 180 seconds left.\n|\n|t:|1699640621\n|switch|p2a: Toedscruel|Toedscruel, F|100\/100\n|-terastallize|p1a: Toxtricity|Normal\n|move|p1a: Toxtricity|Boomburst|p2a: Toedscruel\n|-damage|p2a: Toedscruel|37\/100\n|\n|-heal|p2a: Toedscruel|43\/100|[from] item: Leftovers\n|upkeep\n|turn|15\n|inactive|cescentmoon has 180 seconds left.\n|\n|t:|1699640637\n|move|p1a: Toxtricity|Boomburst|p2a: Toedscruel\n|-damage|p2a: Toedscruel|0 fnt\n|faint|p2a: Toedscruel\n|\n|upkeep\n|\n|t:|1699640642\n|switch|p2a: Pawmot|Pawmot, M|100\/100\n|turn|16\n|\n|t:|1699640644\n|move|p1a: Toxtricity|Boomburst|p2a: Pawmot\n|-damage|p2a: Pawmot|0 fnt\n|faint|p2a: Pawmot\n|\n|upkeep\n|\n|t:|1699640649\n|switch|p2a: Buzzwole|Buzzwole|100\/100\n|turn|17\n|\n|t:|1699640668\n|move|p1a: Toxtricity|Boomburst|p2a: Buzzwole\n|-damage|p2a: Buzzwole|42\/100\n|move|p2a: Buzzwole|Darkest Lariat|p1a: Toxtricity\n|-damage|p1a: Toxtricity|32\/100\n|\n|upkeep\n|turn|18\n|\n|t:|1699640675\n|move|p1a: Toxtricity|Boomburst|p2a: Buzzwole\n|-damage|p2a: Buzzwole|0 fnt\n|faint|p2a: Buzzwole\n|\n|win|I am Useless Meta\n|c|\u2606I am Useless Meta|gg\n|c|\u2606cescentmoon|gg\n|l|\u2606cescentmoon\n","uploadtime":1699640696,"views":34,"p1id":"iamuselessmeta","p2id":"cescentmoon","formatid":"gen9nationaldex","rating":0,"private":0,"password":""}