{"id":"gen9nationaldex-1992937168","p1":"PSPRadii","p2":"Jelegos","format":"[Gen 9] National Dex","log":"|j|\u2606PSPRadii\n|j|\u2606Jelegos\n|t:|1700248407\n|gametype|singles\n|player|p1|PSPRadii|rancher|\n|player|p2|Jelegos|sage|\n|teamsize|p1|6\n|teamsize|p2|6\n|gen|9\n|tier|[Gen 9] National Dex\n|rule|HP Percentage Mod: HP is shown in percentages\n|rule|Endless Battle Clause: Forcing endless battles is banned\n|rule|OHKO Clause: OHKO moves are banned\n|rule|Evasion Clause: Evasion abilities, items, and moves are banned\n|rule|Evasion Abilities Clause: Evasion abilities are banned\n|rule|Evasion Items Clause: Evasion items are banned\n|rule|Evasion Moves Clause: Evasion moves are banned\n|rule|Species Clause: Limit one of each Pok\u00e9mon\n|rule|Sleep Clause Mod: Limit one foe put to sleep\n|clearpoke\n|poke|p1|Iron Valiant|\n|poke|p1|Rotom-Frost|\n|poke|p1|Bronzong|\n|poke|p1|Arbok, M|\n|poke|p1|Togetic, F|\n|poke|p1|Ampharos, M|\n|poke|p2|Bellibolt, M|\n|poke|p2|Iron Valiant|\n|poke|p2|Moltres|\n|poke|p2|Fezandipiti, M|\n|poke|p2|Vaporeon, F|\n|poke|p2|Regidrago|\n|teampreview\n|\n|t:|1700248445\n|start\n|switch|p1a: Bronzong|Bronzong|100\/100\n|switch|p2a: Iron Valiant|Iron Valiant|100\/100\n|turn|1\n|j| Elite four lai\n|j| RealZwyrol\n|\n|t:|1700248456\n|-end|p2a: Iron Valiant|Quark Drive|[silent]\n|switch|p2a: Moltres|Moltres|100\/100\n|move|p1a: Bronzong|Reflect|p1a: Bronzong\n|-sidestart|p1: PSPRadii|Reflect\n|\n|upkeep\n|turn|2\n|c| Elite four lai|Dajesz go Jelego\u015b\n|\n|t:|1700248464\n|move|p2a: Moltres|Fire Blast|p1a: Bronzong\n|-supereffective|p1a: Bronzong\n|-damage|p1a: Bronzong|0 fnt\n|faint|p1a: Bronzong\n|\n|upkeep\n|\n|t:|1700248466\n|switch|p1a: Ampharos|Ampharos, M|100\/100\n|turn|3\n|c|\u2606PSPRadii|o gurwa\n|c| Elite four lai|Ale Jelego\u015b robi oro\n|c| Elite four lai|A mowil ze nowicjusz jest\n|\n|t:|1700248481\n|switch|p2a: Iron Valiant|Iron Valiant|100\/100\n|detailschange|p1a: Ampharos|Ampharos-Mega, M\n|-mega|p1a: Ampharos|Ampharos|Ampharosite\n|-ability|p1a: Ampharos|Mold Breaker\n|move|p1a: Ampharos|Substitute|p1a: Ampharos\n|-start|p1a: Ampharos|Substitute\n|-damage|p1a: Ampharos|75\/100\n|\n|upkeep\n|turn|4\n|c| Elite four lai|A rozpykuje 2 najlepszych z grupy aktualnie\n|\n|t:|1700248499\n|move|p2a: Iron Valiant|Spirit Break|p1a: Ampharos\n|-supereffective|p1a: Ampharos\n|-end|p1a: Ampharos|Substitute\n|move|p1a: Ampharos|Thunderbolt|p2a: Iron Valiant\n|-damage|p2a: Iron Valiant|0 fnt\n|faint|p2a: Iron Valiant\n|-end|p2a: Iron Valiant|Quark Drive|[silent]\n|\n|upkeep\n|c|\u2606PSPRadii|ampharos gigachad\n|\n|t:|1700248515\n|switch|p2a: Regidrago|Regidrago|100\/100\n|turn|5\n|\n|t:|1700248524\n|move|p2a: Regidrago|Draco Meteor|p1a: Ampharos\n|-supereffective|p1a: Ampharos\n|-damage|p1a: Ampharos|0 fnt\n|-unboost|p2a: Regidrago|spa|2\n|faint|p1a: Ampharos\n|\n|upkeep\n|\n|t:|1700248535\n|switch|p1a: Arbok|Arbok, M|100\/100\n|turn|6\n|c| RealZwyrol|Shed skin?\n|\n|t:|1700248549\n|move|p1a: Arbok|Coil|p1a: Arbok\n|-boost|p1a: Arbok|atk|1\n|-boost|p1a: Arbok|def|1\n|-boost|p1a: Arbok|accuracy|1\n|move|p2a: Regidrago|Fire Fang|p1a: Arbok\n|-damage|p1a: Arbok|92\/100\n|\n|upkeep\n|turn|7\n|\n|t:|1700248558\n|move|p1a: Arbok|Coil|p1a: Arbok\n|-boost|p1a: Arbok|atk|1\n|-boost|p1a: Arbok|def|1\n|-boost|p1a: Arbok|accuracy|1\n|move|p2a: Regidrago|Dragon Pulse|p1a: Arbok\n|-damage|p1a: Arbok|46\/100\n|\n|upkeep\n|turn|8\n|\n|t:|1700248565\n|move|p1a: Arbok|Poison Jab|p2a: Regidrago\n|-damage|p2a: Regidrago|30\/100\n|move|p2a: Regidrago|Draco Meteor|p1a: Arbok\n|-damage|p1a: Arbok|0 fnt\n|-unboost|p2a: Regidrago|spa|2\n|faint|p1a: Arbok\n|\n|-heal|p2a: Regidrago|36\/100|[from] item: Leftovers\n|-sideend|p1: PSPRadii|Reflect\n|upkeep\n|c|\u2606PSPRadii|KURWAAAAAAA\n|c| Elite four lai|Co tu sie dzieje, czm Jelegos jest taki dobry\n|c|\u2606PSPRadii|tylko nie on\n|\n|t:|1700248582\n|switch|p1a: Rotom|Rotom-Frost|100\/100\n|turn|9\n|c| Elite four lai|Radii, co sie z nami dzieje\n|\n|t:|1700248587\n|move|p1a: Rotom|Nasty Plot|p1a: Rotom\n|-boost|p1a: Rotom|spa|2\n|move|p2a: Regidrago|Draco Meteor|p1a: Rotom\n|-damage|p1a: Rotom|62\/100\n|-unboost|p2a: Regidrago|spa|2\n|\n|-heal|p2a: Regidrago|42\/100|[from] item: Leftovers\n|upkeep\n|turn|10\n|\n|t:|1700248599\n|move|p1a: Rotom|Blizzard|p2a: Regidrago\n|-supereffective|p2a: Regidrago\n|-damage|p2a: Regidrago|0 fnt\n|faint|p2a: Regidrago\n|\n|upkeep\n|\n|t:|1700248609\n|switch|p2a: Fezandipiti|Fezandipiti, M|100\/100\n|turn|11\n|\n|t:|1700248616\n|move|p2a: Fezandipiti|Toxic|p1a: Rotom\n|-status|p1a: Rotom|tox\n|move|p1a: Rotom|Blizzard|p2a: Fezandipiti|[miss]\n|-miss|p1a: Rotom|p2a: Fezandipiti\n|-enditem|p1a: Rotom|Blunder Policy\n|-boost|p1a: Rotom|spe|2\n|\n|-damage|p1a: Rotom|56\/100 tox|[from] psn\n|upkeep\n|turn|12\n|\n|t:|1700248629\n|-terastallize|p1a: Rotom|Electric\n|move|p1a: Rotom|Thunderbolt|p2a: Fezandipiti\n|-damage|p2a: Fezandipiti|0 fnt\n|faint|p2a: Fezandipiti\n|\n|-damage|p1a: Rotom|43\/100 tox|[from] psn\n|upkeep\n|c| Elite four lai|Dobra, lod\u00f3wka niszcY\n|\n|t:|1700248639\n|switch|p2a: Bellibolt|Bellibolt, M|100\/100\n|turn|13\n|\n|t:|1700248653\n|move|p1a: Rotom|Pain Split|p2a: Bellibolt\n|-sethp|p2a: Bellibolt|63\/100|[from] move: Pain Split|[silent]\n|-sethp|p1a: Rotom|100\/100 tox|[from] move: Pain Split\n|move|p2a: Bellibolt|Toxic|p1a: Rotom\n|-fail|p1a: Rotom|tox\n|\n|-heal|p2a: Bellibolt|69\/100|[from] item: Leftovers\n|-damage|p1a: Rotom|82\/100 tox|[from] psn\n|upkeep\n|turn|14\n|\n|t:|1700248669\n|move|p1a: Rotom|Blizzard|p2a: Bellibolt\n|-damage|p2a: Bellibolt|0 fnt\n|faint|p2a: Bellibolt\n|\n|-damage|p1a: Rotom|57\/100 tox|[from] psn\n|upkeep\n|\n|t:|1700248676\n|switch|p2a: Moltres|Moltres|100\/100\n|turn|15\n|c|\u2606PSPRadii|na next walke musz\u0119 zmienic lod\u00f3wke bo jest zbyt przewidywalna\n|\n|t:|1700248693\n|move|p1a: Rotom|Thunderbolt|p2a: Moltres\n|-supereffective|p2a: Moltres\n|-damage|p2a: Moltres|0 fnt\n|faint|p2a: Moltres\n|\n|-damage|p1a: Rotom|26\/100 tox|[from] psn\n|upkeep\n|\n|t:|1700248701\n|switch|p2a: Vaporeon|Vaporeon, F|100\/100\n|turn|16\n|\n|t:|1700248717\n|move|p1a: Rotom|Thunderbolt|p2a: Vaporeon\n|-supereffective|p2a: Vaporeon\n|-damage|p2a: Vaporeon|0 fnt\n|faint|p2a: Vaporeon\n|\n|win|PSPRadii\n|l| Elite four lai\n","uploadtime":1700248723,"views":19,"p1id":"pspradii","p2id":"jelegos","formatid":"gen9nationaldex","rating":0,"private":0,"password":""}