{"id":"gen9nationaldex-1999254348","p1":"Coldramen57","p2":"MisterGreenz","format":"[Gen 9] National Dex","log":"|html|<div class=\"broadcast-blue\"><strong>[Gen 9] National Dex is currently suspecting Sneasler! For information on how to participate check out the <a href=\"https:\/\/www.smogon.com\/forums\/threads\/sv-national-dex-suspect-8-just-dance.3731534\/\">suspect thread<\/a>.<\/strong><\/div>\n|j|\u2606Coldramen57\n|j|\u2606MisterGreenz\n|t:|1701051224\n|gametype|singles\n|player|p1|Coldramen57|swimmer-gen4|\n|player|p2|MisterGreenz|170|\n|teamsize|p1|6\n|teamsize|p2|6\n|gen|9\n|tier|[Gen 9] National Dex\n|rule|HP Percentage Mod: HP is shown in percentages\n|rule|Endless Battle Clause: Forcing endless battles is banned\n|rule|OHKO Clause: OHKO moves are banned\n|rule|Evasion Clause: Evasion abilities, items, and moves are banned\n|rule|Evasion Abilities Clause: Evasion abilities are banned\n|rule|Evasion Items Clause: Evasion items are banned\n|rule|Evasion Moves Clause: Evasion moves are banned\n|rule|Species Clause: Limit one of each Pok\u00e9mon\n|rule|Sleep Clause Mod: Limit one foe put to sleep\n|clearpoke\n|poke|p1|Slither Wing|\n|poke|p1|Tapu Fini|\n|poke|p1|Mandibuzz, F|\n|poke|p1|Clodsire, M|\n|poke|p1|Gyarados, M|\n|poke|p1|Dracozolt|\n|poke|p2|Clefable, M|\n|poke|p2|Porygon-Z|\n|poke|p2|Terrakion|\n|poke|p2|Magnezone|\n|poke|p2|Slowbro, F|\n|poke|p2|Volcanion|\n|teampreview\n|\n|t:|1701051233\n|start\n|switch|p1a: Jew|Dracozolt, shiny|100\/100\n|switch|p2a: Volcanion|Volcanion|100\/100\n|turn|1\n|\n|t:|1701051290\n|switch|p2a: Clefable|Clefable, M|100\/100\n|move|p1a: Jew|Bolt Beak|p2a: Clefable\n|-damage|p2a: Clefable|2\/100\n|-damage|p1a: Jew|84\/100|[from] item: Rocky Helmet|[of] p2a: Clefable\n|\n|upkeep\n|turn|2\n|\n|t:|1701051305\n|move|p1a: Jew|Bolt Beak|p2a: Clefable\n|-damage|p2a: Clefable|0 fnt\n|-damage|p1a: Jew|68\/100|[from] item: Rocky Helmet|[of] p2a: Clefable\n|faint|p2a: Clefable\n|\n|upkeep\n|\n|t:|1701051314\n|switch|p2a: Porygon-Z|Porygon-Z|100\/100\n|turn|3\n|\n|t:|1701051318\n|move|p2a: Porygon-Z|Ice Beam|p1a: Jew\n|-supereffective|p1a: Jew\n|-damage|p1a: Jew|0 fnt\n|faint|p1a: Jew\n|\n|upkeep\n|\n|t:|1701051324\n|switch|p1a: kenndy killer|Slither Wing, shiny|100\/100\n|turn|4\n|j| foofoo1\n|\n|t:|1701051348\n|switch|p2a: Terrakion|Terrakion|100\/100\n|move|p1a: kenndy killer|First Impression|p2a: Terrakion\n|-resisted|p2a: Terrakion\n|-damage|p2a: Terrakion|53\/100\n|\n|upkeep\n|turn|5\n|j| CryAndComplain23\n|\n|t:|1701051364\n|-end|p1a: kenndy killer|Protosynthesis|[silent]\n|switch|p1a: bloody turd|Gyarados, M, shiny|100\/100\n|-ability|p1a: bloody turd|Intimidate|boost\n|-unboost|p2a: Terrakion|atk|1\n|-enditem|p2a: Terrakion|White Herb\n|-clearnegativeboost|p2a: Terrakion|[silent]\n|move|p2a: Terrakion|Rock Polish|p2a: Terrakion\n|-boost|p2a: Terrakion|spe|2\n|\n|upkeep\n|turn|6\n|j| king schmuck\n|\n|t:|1701051399\n|move|p2a: Terrakion|Iron Head|p1a: bloody turd\n|-resisted|p1a: bloody turd\n|-damage|p1a: bloody turd|81\/100\n|move|p1a: bloody turd|Waterfall|p2a: Terrakion\n|-supereffective|p2a: Terrakion\n|-damage|p2a: Terrakion|0 fnt\n|faint|p2a: Terrakion\n|\n|upkeep\n|\n|t:|1701051407\n|switch|p2a: Porygon-Z|Porygon-Z|100\/100\n|turn|7\n|j| Slumpyboocus\n|l| CryAndComplain23\n|j| CryAndComplain23\n|\n|t:|1701051449\n|detailschange|p1a: bloody turd|Gyarados-Mega, M, shiny\n|-mega|p1a: bloody turd|Gyarados|Gyaradosite\n|-ability|p1a: bloody turd|Mold Breaker\n|move|p2a: Porygon-Z|Thunderbolt|p1a: bloody turd\n|-supereffective|p1a: bloody turd\n|-damage|p1a: bloody turd|22\/100\n|move|p1a: bloody turd|Flamethrower|p2a: Porygon-Z\n|-damage|p2a: Porygon-Z|80\/100\n|\n|upkeep\n|turn|8\n|\n|t:|1701051465\n|switch|p1a: Turd|Clodsire, M, shiny|100\/100\n|move|p2a: Porygon-Z|Thunderbolt|p1a: Turd\n|-immune|p1a: Turd\n|\n|upkeep\n|turn|9\n|l| CryAndComplain23\n|\n|t:|1701051476\n|switch|p2a: Volcanion|Volcanion|100\/100\n|move|p1a: Turd|Toxic|p2a: Volcanion\n|-status|p2a: Volcanion|tox\n|\n|-damage|p2a: Volcanion|94\/100 tox|[from] psn\n|upkeep\n|turn|10\n|\n|t:|1701051508\n|move|p2a: Volcanion|Steam Eruption|p1a: Turd\n|-supereffective|p1a: Turd\n|-damage|p1a: Turd|32\/100\n|-status|p1a: Turd|brn\n|move|p1a: Turd|Earthquake|p2a: Volcanion\n|-supereffective|p2a: Volcanion\n|-damage|p2a: Volcanion|74\/100 tox\n|\n|-heal|p1a: Turd|38\/100 brn|[from] item: Leftovers\n|-damage|p2a: Volcanion|62\/100 tox|[from] psn\n|-damage|p1a: Turd|32\/100 brn|[from] brn\n|upkeep\n|turn|11\n|\n|t:|1701051527\n|switch|p2a: Porygon-Z|Porygon-Z|80\/100\n|switch|p1a: Tapu Fini|Tapu Fini, shiny|100\/100\n|-fieldstart|move: Misty Terrain|[from] ability: Misty Surge|[of] p1a: Tapu Fini\n|\n|upkeep\n|turn|12\n|\n|t:|1701051543\n|switch|p1a: Turd|Clodsire, M, shiny|32\/100 brn\n|move|p2a: Porygon-Z|Thunderbolt|p1a: Turd\n|-immune|p1a: Turd\n|\n|-heal|p1a: Turd|38\/100 brn|[from] item: Leftovers\n|-damage|p1a: Turd|32\/100 brn|[from] brn\n|upkeep\n|turn|13\n|\n|t:|1701051563\n|switch|p2a: Magnezone|Magnezone|100\/100\n|move|p1a: Turd|Stealth Rock|p2a: Magnezone\n|-sidestart|p2: MisterGreenz|move: Stealth Rock\n|\n|-heal|p1a: Turd|38\/100 brn|[from] item: Leftovers\n|-damage|p1a: Turd|32\/100 brn|[from] brn\n|upkeep\n|turn|14\n|j| CryAndComplain23\n|\n|t:|1701051588\n|move|p2a: Magnezone|Flash Cannon|p1a: Turd\n|-damage|p1a: Turd|9\/100 brn\n|move|p1a: Turd|Recover|p1a: Turd\n|-heal|p1a: Turd|59\/100 brn\n|\n|-heal|p1a: Turd|65\/100 brn|[from] item: Leftovers\n|-damage|p1a: Turd|59\/100 brn|[from] brn\n|upkeep\n|turn|15\n|\n|t:|1701051598\n|move|p2a: Magnezone|Signal Beam|p1a: Turd\n|-resisted|p1a: Turd\n|-damage|p1a: Turd|52\/100 brn\n|move|p1a: Turd|Recover|p1a: Turd\n|-heal|p1a: Turd|100\/100 brn\n|\n|-damage|p1a: Turd|94\/100 brn|[from] brn\n|-fieldend|Misty Terrain\n|upkeep\n|turn|16\n|\n|t:|1701051608\n|switch|p2a: Volcanion|Volcanion|62\/100 tox\n|-damage|p2a: Volcanion|37\/100 tox|[from] Stealth Rock\n|move|p1a: Turd|Earthquake|p2a: Volcanion\n|-supereffective|p2a: Volcanion\n|-damage|p2a: Volcanion|16\/100 tox\n|\n|-heal|p1a: Turd|100\/100 brn|[from] item: Leftovers\n|-damage|p2a: Volcanion|10\/100 tox|[from] psn\n|-damage|p1a: Turd|94\/100 brn|[from] brn\n|upkeep\n|turn|17\n|l| CryAndComplain23\n|\n|t:|1701051621\n|move|p2a: Volcanion|Steam Eruption|p1a: Turd\n|-supereffective|p1a: Turd\n|-damage|p1a: Turd|25\/100 brn\n|move|p1a: Turd|Earthquake|p2a: Volcanion\n|-supereffective|p2a: Volcanion\n|-crit|p2a: Volcanion\n|-damage|p2a: Volcanion|0 fnt\n|faint|p2a: Volcanion\n|\n|-heal|p1a: Turd|31\/100 brn|[from] item: Leftovers\n|-damage|p1a: Turd|25\/100 brn|[from] brn\n|upkeep\n|\n|t:|1701051633\n|switch|p2a: Slowbro|Slowbro, F|100\/100\n|-damage|p2a: Slowbro|88\/100|[from] Stealth Rock\n|turn|18\n|\n|t:|1701051639\n|move|p1a: Turd|Toxic|p2a: Slowbro\n|-status|p2a: Slowbro|tox\n|move|p2a: Slowbro|Scald|p1a: Turd\n|-supereffective|p1a: Turd\n|-damage|p1a: Turd|0 fnt\n|faint|p1a: Turd\n|\n|-damage|p2a: Slowbro|82\/100 tox|[from] psn\n|upkeep\n|\n|t:|1701051659\n|switch|p1a: kenndy killer|Slither Wing, shiny|100\/100\n|turn|19\n|\n|t:|1701051663\n|move|p1a: kenndy killer|First Impression|p2a: Slowbro\n|-supereffective|p2a: Slowbro\n|-crit|p2a: Slowbro\n|-damage|p2a: Slowbro|0 fnt\n|faint|p2a: Slowbro\n|\n|upkeep\n|\n|t:|1701051680\n|switch|p2a: Porygon-Z|Porygon-Z|80\/100\n|-damage|p2a: Porygon-Z|67\/100|[from] Stealth Rock\n|turn|20\n|\n|t:|1701051686\n|-end|p1a: kenndy killer|Protosynthesis|[silent]\n|switch|p1a: Big bird|Mandibuzz, F, shiny|100\/100\n|move|p2a: Porygon-Z|Psyshock|p1a: Big bird\n|-immune|p1a: Big bird\n|\n|upkeep\n|turn|21\n|\n|t:|1701051692\n|switch|p2a: Magnezone|Magnezone|100\/100\n|-damage|p2a: Magnezone|94\/100|[from] Stealth Rock\n|move|p1a: Big bird|Foul Play|p2a: Magnezone\n|-damage|p2a: Magnezone|76\/100\n|\n|upkeep\n|turn|22\n|\n|t:|1701051702\n|move|p1a: Big bird|U-turn|p2a: Magnezone\n|-resisted|p2a: Magnezone\n|-damage|p2a: Magnezone|71\/100\n|\n|t:|1701051705\n|switch|p1a: bloody turd|Gyarados-Mega, M, shiny|22\/100|[from] U-turn\n|-ability|p1a: bloody turd|Mold Breaker\n|move|p2a: Magnezone|Discharge|p1a: bloody turd\n|-supereffective|p1a: bloody turd\n|-damage|p1a: bloody turd|0 fnt\n|faint|p1a: bloody turd\n|\n|upkeep\n|j| CryAndComplain23\n|\n|t:|1701051722\n|switch|p1a: kenndy killer|Slither Wing, shiny|100\/100\n|turn|23\n|j| Hotpepper22\n|\n|t:|1701051728\n|move|p1a: kenndy killer|Close Combat|p2a: Magnezone\n|-supereffective|p2a: Magnezone\n|-damage|p2a: Magnezone|0 fnt\n|-unboost|p1a: kenndy killer|def|1\n|-unboost|p1a: kenndy killer|spd|1\n|faint|p2a: Magnezone\n|\n|upkeep\n|\n|t:|1701051734\n|switch|p2a: Porygon-Z|Porygon-Z|67\/100\n|-damage|p2a: Porygon-Z|55\/100|[from] Stealth Rock\n|turn|24\n|\n|t:|1701051738\n|move|p2a: Porygon-Z|Thunderbolt|p1a: kenndy killer\n|-damage|p1a: kenndy killer|48\/100\n|move|p1a: kenndy killer|Close Combat|p2a: Porygon-Z\n|-supereffective|p2a: Porygon-Z\n|-damage|p2a: Porygon-Z|0 fnt\n|-unboost|p1a: kenndy killer|def|1\n|-unboost|p1a: kenndy killer|spd|1\n|faint|p2a: Porygon-Z\n|\n|win|Coldramen57\n","uploadtime":1701051754,"views":30,"p1id":"coldramen57","p2id":"mistergreenz","formatid":"gen9nationaldex","rating":0,"private":0,"password":""}