{"id":"gen9nationaldex-1989835997","p1":"6DFirapaka","p2":"WOAINI2024","format":"[Gen 9] National Dex","log":"|j|\u26066DFirapaka\n|j|\u2606WOAINI2024\n|t:|1699899764\n|gametype|singles\n|player|p1|6DFirapaka|scientist-gen4dp|1382\n|player|p2|WOAINI2024|bugsy|1452\n|teamsize|p1|6\n|teamsize|p2|6\n|gen|9\n|tier|[Gen 9] National Dex\n|rated|\n|rule|HP Percentage Mod: HP is shown in percentages\n|rule|Endless Battle Clause: Forcing endless battles is banned\n|rule|OHKO Clause: OHKO moves are banned\n|rule|Evasion Clause: Evasion abilities, items, and moves are banned\n|rule|Evasion Abilities Clause: Evasion abilities are banned\n|rule|Evasion Items Clause: Evasion items are banned\n|rule|Evasion Moves Clause: Evasion moves are banned\n|rule|Species Clause: Limit one of each Pok\u00e9mon\n|rule|Sleep Clause Mod: Limit one foe put to sleep\n|clearpoke\n|poke|p1|Clodsire, F|\n|poke|p1|Grimmsnarl, M|\n|poke|p1|Beedrill, M|\n|poke|p1|Jirachi|\n|poke|p1|Mimikyu, F|\n|poke|p1|Glimmora, F|\n|poke|p2|Gardevoir, F|\n|poke|p2|Tapu Koko|\n|poke|p2|Iron Valiant|\n|poke|p2|Moltres|\n|poke|p2|Ting-Lu|\n|poke|p2|Ogerpon-Wellspring, F|\n|teampreview\n|inactive|Battle timer is ON: inactive players will automatically lose when time's up. (requested by WOAINI2024)\n|\n|t:|1699899771\n|start\n|switch|p1a: Grimmsnarl|Grimmsnarl, M, shiny|100\/100\n|switch|p2a: Moltres|Moltres|100\/100\n|turn|1\n|\n|t:|1699899780\n|move|p1a: Grimmsnarl|Thunder Wave|p2a: Moltres\n|-status|p2a: Moltres|par\n|move|p2a: Moltres|Flamethrower|p1a: Grimmsnarl\n|-damage|p1a: Grimmsnarl|64\/100\n|\n|upkeep\n|turn|2\n|\n|t:|1699899787\n|move|p1a: Grimmsnarl|Taunt|p2a: Moltres\n|-start|p2a: Moltres|move: Taunt\n|move|p2a: Moltres|Flamethrower|p1a: Grimmsnarl\n|-damage|p1a: Grimmsnarl|26\/100\n|\n|upkeep\n|turn|3\n|\n|t:|1699899795\n|move|p1a: Grimmsnarl|Parting Shot|p2a: Moltres\n|-unboost|p2a: Moltres|atk|1\n|-unboost|p2a: Moltres|spa|1\n|\n|t:|1699899798\n|switch|p1a: Glimmora|Glimmora, F|100\/100|[from] Parting Shot\n|move|p2a: Moltres|Flamethrower|p1a: Glimmora\n|-resisted|p1a: Glimmora\n|-damage|p1a: Glimmora|82\/100\n|\n|upkeep\n|turn|4\n|\n|t:|1699899808\n|switch|p2a: Ting-Lu|Ting-Lu|100\/100\n|-ability|p2a: Ting-Lu|Vessel of Ruin\n|move|p1a: Glimmora|Light Screen|p1a: Glimmora\n|-sidestart|p1: 6DFirapaka|move: Light Screen\n|\n|upkeep\n|turn|5\n|\n|t:|1699899817\n|move|p1a: Glimmora|Reflect|p1a: Glimmora\n|-sidestart|p1: 6DFirapaka|Reflect\n|move|p2a: Ting-Lu|Earthquake|p1a: Glimmora\n|-supereffective|p1a: Glimmora\n|-damage|p1a: Glimmora|0 fnt\n|-activate|p1a: Glimmora|ability: Toxic Debris\n|-sidestart|p2: WOAINI2024|move: Toxic Spikes\n|faint|p1a: Glimmora\n|\n|upkeep\n|\n|t:|1699899839\n|switch|p1a: Beedrill|Beedrill, M, shiny|100\/100\n|turn|6\n|\n|t:|1699899845\n|detailschange|p1a: Beedrill|Beedrill-Mega, M, shiny\n|-mega|p1a: Beedrill|Beedrill|Beedrillite\n|move|p1a: Beedrill|U-turn|p2a: Ting-Lu\n|-supereffective|p2a: Ting-Lu\n|-damage|p2a: Ting-Lu|46\/100\n|\n|t:|1699899849\n|switch|p1a: I am FLINCH|Jirachi|100\/100|[from] U-turn\n|move|p2a: Ting-Lu|Earthquake|p1a: I am FLINCH\n|-supereffective|p1a: I am FLINCH\n|-damage|p1a: I am FLINCH|60\/100\n|-enditem|p1a: I am FLINCH|Weakness Policy\n|-boost|p1a: I am FLINCH|atk|2|[from] item: Weakness Policy\n|-boost|p1a: I am FLINCH|spa|2|[from] item: Weakness Policy\n|\n|-heal|p2a: Ting-Lu|52\/100|[from] item: Leftovers\n|upkeep\n|turn|7\n|\n|t:|1699899862\n|switch|p2a: Moltres|Moltres|100\/100 par\n|move|p1a: I am FLINCH|Drain Punch|p2a: Moltres\n|-resisted|p2a: Moltres\n|-damage|p2a: Moltres|77\/100 par\n|-heal|p1a: I am FLINCH|72\/100|[from] drain|[of] p2a: Moltres\n|-status|p1a: I am FLINCH|brn|[from] ability: Flame Body|[of] p2a: Moltres\n|\n|-damage|p1a: I am FLINCH|66\/100 brn|[from] brn\n|upkeep\n|turn|8\n|\n|t:|1699899873\n|move|p1a: I am FLINCH|Ancient Power|p2a: Moltres\n|-supereffective|p2a: Moltres\n|-damage|p2a: Moltres|0 fnt\n|faint|p2a: Moltres\n|\n|-damage|p1a: I am FLINCH|60\/100 brn|[from] brn\n|upkeep\n|\n|t:|1699899888\n|switch|p2a: Ting-Lu|Ting-Lu|52\/100\n|-status|p2a: Ting-Lu|psn\n|-ability|p2a: Ting-Lu|Vessel of Ruin\n|turn|9\n|\n|t:|1699899895\n|move|p1a: I am FLINCH|Iron Head|p2a: Ting-Lu\n|-damage|p2a: Ting-Lu|32\/100 psn\n|move|p2a: Ting-Lu|Whirlwind|p1a: I am FLINCH\n|drag|p1a: Clodsire|Clodsire, F|100\/100\n|\n|-heal|p2a: Ting-Lu|38\/100 psn|[from] item: Leftovers\n|-damage|p2a: Ting-Lu|25\/100 psn|[from] psn\n|upkeep\n|turn|10\n|\n|t:|1699899907\n|switch|p1a: I am FLINCH|Jirachi|60\/100 brn\n|move|p2a: Ting-Lu|Earthquake|p1a: I am FLINCH\n|-supereffective|p1a: I am FLINCH\n|-damage|p1a: I am FLINCH|17\/100 brn\n|\n|-heal|p2a: Ting-Lu|31\/100 psn|[from] item: Leftovers\n|-damage|p2a: Ting-Lu|19\/100 psn|[from] psn\n|-damage|p1a: I am FLINCH|11\/100 brn|[from] brn\n|upkeep\n|turn|11\n|\n|t:|1699899917\n|move|p1a: I am FLINCH|Ancient Power|p2a: Ting-Lu\n|-resisted|p2a: Ting-Lu\n|-damage|p2a: Ting-Lu|16\/100 psn\n|move|p2a: Ting-Lu|Earthquake|p1a: I am FLINCH\n|-supereffective|p1a: I am FLINCH\n|-damage|p1a: I am FLINCH|0 fnt\n|faint|p1a: I am FLINCH\n|\n|-heal|p2a: Ting-Lu|22\/100 psn|[from] item: Leftovers\n|-damage|p2a: Ting-Lu|9\/100 psn|[from] psn\n|-sideend|p1: 6DFirapaka|move: Light Screen\n|upkeep\n|\n|t:|1699899921\n|switch|p1a: Beedrill|Beedrill-Mega, M, shiny|100\/100\n|turn|12\n|\n|t:|1699899937\n|move|p1a: Beedrill|Fell Stinger|p2a: Ting-Lu\n|-supereffective|p2a: Ting-Lu\n|-damage|p2a: Ting-Lu|0 fnt\n|faint|p2a: Ting-Lu\n|-boost|p1a: Beedrill|atk|3\n|\n|-sideend|p1: 6DFirapaka|Reflect\n|upkeep\n|\n|t:|1699899945\n|switch|p2a: Tapu Koko|Tapu Koko|100\/100\n|-status|p2a: Tapu Koko|psn\n|-fieldstart|move: Electric Terrain|[from] ability: Electric Surge|[of] p2a: Tapu Koko\n|turn|13\n|\n|t:|1699899952\n|move|p1a: Beedrill|Poison Jab|p2a: Tapu Koko\n|-supereffective|p2a: Tapu Koko\n|-damage|p2a: Tapu Koko|0 fnt\n|faint|p2a: Tapu Koko\n|\n|upkeep\n|\n|t:|1699899958\n|switch|p2a: Iron Valiant|Iron Valiant|100\/100\n|-status|p2a: Iron Valiant|psn\n|-activate|p2a: Iron Valiant|ability: Quark Drive\n|-start|p2a: Iron Valiant|quarkdrivespe\n|turn|14\n|\n|t:|1699899965\n|-terastallize|p2a: Iron Valiant|Electric\n|move|p2a: Iron Valiant|Thunderbolt|p1a: Beedrill\n|-damage|p1a: Beedrill|0 fnt\n|faint|p1a: Beedrill\n|\n|-damage|p2a: Iron Valiant|88\/100 psn|[from] psn\n|upkeep\n|\n|t:|1699899979\n|switch|p1a: ShinyKyu|Mimikyu, F, shiny|100\/100\n|turn|15\n|\n|t:|1699899984\n|move|p2a: Iron Valiant|Thunderbolt|p1a: ShinyKyu\n|-activate|p1a: ShinyKyu|ability: Disguise\n|-damage|p1a: ShinyKyu|100\/100\n|detailschange|p1a: ShinyKyu|Mimikyu-Busted, F, shiny\n|-damage|p1a: ShinyKyu|88\/100|[from] pokemon: Mimikyu-Busted\n|move|p1a: ShinyKyu|Swords Dance|p1a: ShinyKyu\n|-boost|p1a: ShinyKyu|atk|2\n|\n|-damage|p2a: Iron Valiant|76\/100 psn|[from] psn\n|upkeep\n|turn|16\n|\n|t:|1699899995\n|move|p1a: ShinyKyu|Shadow Sneak|p2a: Iron Valiant\n|-damage|p2a: Iron Valiant|23\/100 psn\n|-damage|p1a: ShinyKyu|78\/100|[from] item: Life Orb\n|move|p2a: Iron Valiant|Thunderbolt|p1a: ShinyKyu\n|-damage|p1a: ShinyKyu|0 fnt\n|faint|p1a: ShinyKyu\n|\n|-damage|p2a: Iron Valiant|11\/100 psn|[from] psn\n|upkeep\n|\n|t:|1699900001\n|switch|p1a: Clodsire|Clodsire, F|100\/100\n|turn|17\n|\n|t:|1699900008\n|-end|p2a: Iron Valiant|Quark Drive|[silent]\n|switch|p2a: Gardevoir|Gardevoir, F|100\/100\n|-status|p2a: Gardevoir|psn\n|-ability|p2a: Gardevoir|Unaware|[from] ability: Trace|[of] p1a: Clodsire\n|move|p1a: Clodsire|Curse|p1a: Clodsire\n|-unboost|p1a: Clodsire|spe|1\n|-boost|p1a: Clodsire|atk|1\n|-boost|p1a: Clodsire|def|1\n|\n|-damage|p2a: Gardevoir|88\/100 psn|[from] psn\n|-fieldend|move: Electric Terrain\n|upkeep\n|turn|18\n|\n|t:|1699900026\n|detailschange|p2a: Gardevoir|Gardevoir-Mega, F\n|-mega|p2a: Gardevoir|Gardevoir|Gardevoirite\n|move|p2a: Gardevoir|Psyshock|p1a: Clodsire\n|-supereffective|p1a: Clodsire\n|-damage|p1a: Clodsire|29\/100\n|move|p1a: Clodsire|Curse|p1a: Clodsire\n|-unboost|p1a: Clodsire|spe|1\n|-boost|p1a: Clodsire|atk|1\n|-boost|p1a: Clodsire|def|1\n|\n|-heal|p1a: Clodsire|35\/100|[from] item: Leftovers\n|-damage|p2a: Gardevoir|76\/100 psn|[from] psn\n|upkeep\n|turn|19\n|\n|t:|1699900039\n|-terastallize|p1a: Clodsire|Water\n|move|p2a: Gardevoir|Psyshock|p1a: Clodsire\n|-damage|p1a: Clodsire|5\/100\n|move|p1a: Clodsire|Recover|p1a: Clodsire\n|-heal|p1a: Clodsire|55\/100\n|\n|-heal|p1a: Clodsire|61\/100|[from] item: Leftovers\n|-damage|p2a: Gardevoir|64\/100 psn|[from] psn\n|upkeep\n|turn|20\n|\n|t:|1699900051\n|switch|p2a: Iron Valiant|Iron Valiant, tera:Electric|11\/100 psn\n|move|p1a: Clodsire|Curse|p1a: Clodsire\n|-unboost|p1a: Clodsire|spe|1\n|-boost|p1a: Clodsire|atk|1\n|-boost|p1a: Clodsire|def|1\n|\n|-heal|p1a: Clodsire|68\/100|[from] item: Leftovers\n|-damage|p2a: Iron Valiant|0 fnt|[from] psn\n|faint|p2a: Iron Valiant\n|-end|p2a: Iron Valiant|Quark Drive|[silent]\n|upkeep\n|\n|t:|1699900062\n|switch|p2a: Ogerpon|Ogerpon-Wellspring, F|100\/100\n|-status|p2a: Ogerpon|psn\n|turn|21\n|\n|t:|1699900067\n|move|p2a: Ogerpon|Horn Leech|p1a: Clodsire\n|-supereffective|p1a: Clodsire\n|-damage|p1a: Clodsire|28\/100\n|move|p1a: Clodsire|Recover|p1a: Clodsire\n|-heal|p1a: Clodsire|78\/100\n|\n|-heal|p1a: Clodsire|84\/100|[from] item: Leftovers\n|-damage|p2a: Ogerpon|88\/100 psn|[from] psn\n|upkeep\n|turn|22\n|\n|t:|1699900077\n|move|p2a: Ogerpon|Swords Dance|p2a: Ogerpon\n|-boost|p2a: Ogerpon|atk|2\n|move|p1a: Clodsire|Earthquake|p2a: Ogerpon\n|-resisted|p2a: Ogerpon\n|-damage|p2a: Ogerpon|47\/100 psn\n|\n|-heal|p1a: Clodsire|90\/100|[from] item: Leftovers\n|-damage|p2a: Ogerpon|34\/100 psn|[from] psn\n|upkeep\n|turn|23\n|\n|t:|1699900086\n|move|p2a: Ogerpon|Horn Leech|p1a: Clodsire\n|-supereffective|p1a: Clodsire\n|-damage|p1a: Clodsire|51\/100\n|-heal|p2a: Ogerpon|64\/100 psn|[from] drain|[of] p1a: Clodsire\n|move|p1a: Clodsire|Earthquake|p2a: Ogerpon\n|-resisted|p2a: Ogerpon\n|-damage|p2a: Ogerpon|16\/100 psn\n|\n|-heal|p1a: Clodsire|58\/100|[from] item: Leftovers\n|-damage|p2a: Ogerpon|4\/100 psn|[from] psn\n|upkeep\n|turn|24\n|\n|t:|1699900099\n|move|p2a: Ogerpon|Horn Leech|p1a: Clodsire\n|-supereffective|p1a: Clodsire\n|-damage|p1a: Clodsire|15\/100\n|-heal|p2a: Ogerpon|37\/100 psn|[from] drain|[of] p1a: Clodsire\n|move|p1a: Clodsire|Recover|p1a: Clodsire\n|-heal|p1a: Clodsire|65\/100\n|\n|-heal|p1a: Clodsire|71\/100|[from] item: Leftovers\n|-damage|p2a: Ogerpon|25\/100 psn|[from] psn\n|upkeep\n|turn|25\n|\n|t:|1699900110\n|move|p2a: Ogerpon|Horn Leech|p1a: Clodsire\n|-supereffective|p1a: Clodsire\n|-damage|p1a: Clodsire|33\/100\n|-heal|p2a: Ogerpon|54\/100 psn|[from] drain|[of] p1a: Clodsire\n|move|p1a: Clodsire|Recover|p1a: Clodsire\n|-heal|p1a: Clodsire|83\/100\n|\n|-heal|p1a: Clodsire|90\/100|[from] item: Leftovers\n|-damage|p2a: Ogerpon|42\/100 psn|[from] psn\n|upkeep\n|turn|26\n|\n|t:|1699900121\n|move|p2a: Ogerpon|Horn Leech|p1a: Clodsire\n|-supereffective|p1a: Clodsire\n|-damage|p1a: Clodsire|50\/100\n|-heal|p2a: Ogerpon|72\/100 psn|[from] drain|[of] p1a: Clodsire\n|move|p1a: Clodsire|Curse|p1a: Clodsire\n|-unboost|p1a: Clodsire|spe|1\n|-boost|p1a: Clodsire|atk|1\n|-boost|p1a: Clodsire|def|1\n|\n|-heal|p1a: Clodsire|57\/100|[from] item: Leftovers\n|-damage|p2a: Ogerpon|59\/100 psn|[from] psn\n|upkeep\n|turn|27\n|\n|t:|1699900133\n|move|p2a: Ogerpon|Horn Leech|p1a: Clodsire\n|-supereffective|p1a: Clodsire\n|-damage|p1a: Clodsire|22\/100\n|-heal|p2a: Ogerpon|86\/100 psn|[from] drain|[of] p1a: Clodsire\n|move|p1a: Clodsire|Recover|p1a: Clodsire\n|-heal|p1a: Clodsire|72\/100\n|\n|-heal|p1a: Clodsire|78\/100|[from] item: Leftovers\n|-damage|p2a: Ogerpon|74\/100 psn|[from] psn\n|upkeep\n|turn|28\n|\n|t:|1699900143\n|move|p2a: Ogerpon|Horn Leech|p1a: Clodsire\n|-supereffective|p1a: Clodsire\n|-damage|p1a: Clodsire|44\/100\n|-heal|p2a: Ogerpon|99\/100 psn|[from] drain|[of] p1a: Clodsire\n|move|p1a: Clodsire|Curse|p1a: Clodsire\n|-unboost|p1a: Clodsire|spe|1\n|-boost|p1a: Clodsire|atk|1\n|-boost|p1a: Clodsire|def|1\n|\n|-heal|p1a: Clodsire|50\/100|[from] item: Leftovers\n|-damage|p2a: Ogerpon|88\/100 psn|[from] psn\n|upkeep\n|turn|29\n|\n|t:|1699900156\n|move|p2a: Ogerpon|Horn Leech|p1a: Clodsire\n|-supereffective|p1a: Clodsire\n|-damage|p1a: Clodsire|25\/100\n|-heal|p2a: Ogerpon|100\/100 psn|[from] drain|[of] p1a: Clodsire\n|move|p1a: Clodsire|Recover|p1a: Clodsire\n|-heal|p1a: Clodsire|75\/100\n|\n|-heal|p1a: Clodsire|81\/100|[from] item: Leftovers\n|-damage|p2a: Ogerpon|88\/100 psn|[from] psn\n|upkeep\n|turn|30\n|\n|t:|1699900168\n|move|p2a: Ogerpon|Horn Leech|p1a: Clodsire\n|-supereffective|p1a: Clodsire\n|-damage|p1a: Clodsire|50\/100\n|-heal|p2a: Ogerpon|100\/100 psn|[from] drain|[of] p1a: Clodsire\n|move|p1a: Clodsire|Earthquake|p2a: Ogerpon\n|-resisted|p2a: Ogerpon\n|-damage|p2a: Ogerpon|40\/100 psn\n|\n|-heal|p1a: Clodsire|56\/100|[from] item: Leftovers\n|-damage|p2a: Ogerpon|27\/100 psn|[from] psn\n|upkeep\n|turn|31\n|\n|t:|1699900179\n|move|p2a: Ogerpon|Horn Leech|p1a: Clodsire\n|-supereffective|p1a: Clodsire\n|-damage|p1a: Clodsire|30\/100\n|-heal|p2a: Ogerpon|48\/100 psn|[from] drain|[of] p1a: Clodsire\n|move|p1a: Clodsire|Recover|p1a: Clodsire\n|-heal|p1a: Clodsire|80\/100\n|\n|-heal|p1a: Clodsire|86\/100|[from] item: Leftovers\n|-damage|p2a: Ogerpon|35\/100 psn|[from] psn\n|upkeep\n|turn|32\n|\n|t:|1699900191\n|move|p2a: Ogerpon|Horn Leech|p1a: Clodsire\n|-supereffective|p1a: Clodsire\n|-damage|p1a: Clodsire|56\/100\n|-heal|p2a: Ogerpon|58\/100 psn|[from] drain|[of] p1a: Clodsire\n|move|p1a: Clodsire|Earthquake|p2a: Ogerpon\n|-resisted|p2a: Ogerpon\n|-damage|p2a: Ogerpon|0 fnt\n|faint|p2a: Ogerpon\n|\n|-heal|p1a: Clodsire|63\/100|[from] item: Leftovers\n|upkeep\n|\n|t:|1699900202\n|switch|p2a: Gardevoir|Gardevoir-Mega, F|64\/100 psn\n|turn|33\n|\n|t:|1699900208\n|move|p2a: Gardevoir|Hyper Voice|p1a: Clodsire\n|-damage|p1a: Clodsire|29\/100\n|move|p1a: Clodsire|Recover|p1a: Clodsire\n|-heal|p1a: Clodsire|79\/100\n|\n|-heal|p1a: Clodsire|86\/100|[from] item: Leftovers\n|-damage|p2a: Gardevoir|52\/100 psn|[from] psn\n|upkeep\n|turn|34\n|\n|t:|1699900220\n|move|p2a: Gardevoir|Thunderbolt|p1a: Clodsire\n|-supereffective|p1a: Clodsire\n|-damage|p1a: Clodsire|49\/100\n|move|p1a: Clodsire|Earthquake|p2a: Gardevoir\n|-damage|p2a: Gardevoir|0 fnt\n|faint|p2a: Gardevoir\n|\n|win|6DFirapaka\n|raw|6DFirapaka's rating: 1382 &rarr; <strong>1406<\/strong><br \/>(+24 for winning)\n|raw|WOAINI2024's rating: 1452 &rarr; <strong>1428<\/strong><br \/>(-24 for losing)\n|c|\u26066DFirapaka|ggwp\n|l|\u2606WOAINI2024\n","uploadtime":1699900231,"views":5,"p1id":"6dfirapaka","p2id":"woaini2024","formatid":"gen9nationaldex","rating":1406,"private":0,"password":""}