{"id":"gen9nationaldex-1994468510","p1":"ReptileMedias","p2":"nijika10086","format":"[Gen 9] National Dex","log":"|j|\u2606ReptileMedias\n|j|\u2606nijika10086\n|t:|1700447431\n|gametype|singles\n|player|p1|ReptileMedias|may|1236\n|player|p2|nijika10086|cynthia-gen4|1167\n|teamsize|p1|6\n|teamsize|p2|6\n|gen|9\n|tier|[Gen 9] National Dex\n|rated|\n|rule|HP Percentage Mod: HP is shown in percentages\n|rule|Endless Battle Clause: Forcing endless battles is banned\n|rule|OHKO Clause: OHKO moves are banned\n|rule|Evasion Clause: Evasion abilities, items, and moves are banned\n|rule|Evasion Abilities Clause: Evasion abilities are banned\n|rule|Evasion Items Clause: Evasion items are banned\n|rule|Evasion Moves Clause: Evasion moves are banned\n|rule|Species Clause: Limit one of each Pok\u00e9mon\n|rule|Sleep Clause Mod: Limit one foe put to sleep\n|clearpoke\n|poke|p1|Scizor, M|\n|poke|p1|Venusaur, M|\n|poke|p1|Arcanine, M|\n|poke|p1|Crawdaunt, M|\n|poke|p1|Jolteon, M|\n|poke|p1|Crobat, M|\n|poke|p2|Banette, F|\n|poke|p2|Alomomola, F|\n|poke|p2|Landorus-Therian, M|\n|poke|p2|Heatran, F|\n|poke|p2|Aegislash, M|\n|poke|p2|Zoroark-Hisui, M|\n|teampreview\n|\n|t:|1700447446\n|start\n|switch|p1a: Lobstarno|Crawdaunt, M|100\/100\n|switch|p2a: Banette|Banette, F|100\/100\n|turn|1\n|\n|t:|1700447460\n|switch|p2a: Landorus|Landorus-Therian, M|100\/100\n|-ability|p2a: Landorus|Intimidate|boost\n|-unboost|p1a: Lobstarno|atk|1\n|move|p1a: Lobstarno|Aqua Jet|p2a: Landorus\n|-supereffective|p2a: Landorus\n|-damage|p2a: Landorus|28\/100\n|\n|upkeep\n|turn|2\n|\n|t:|1700447494\n|move|p1a: Lobstarno|Aqua Jet|p2a: Landorus\n|-supereffective|p2a: Landorus\n|-damage|p2a: Landorus|0 fnt\n|faint|p2a: Landorus\n|\n|upkeep\n|\n|t:|1700447503\n|switch|p2a: Alomomola|Alomomola, F, shiny|100\/100\n|turn|3\n|\n|t:|1700447506\n|switch|p1a: Penusaur|Venusaur, M|100\/100\n|move|p2a: Alomomola|Toxic|p1a: Penusaur\n|-immune|p1a: Penusaur\n|\n|upkeep\n|turn|4\n|\n|t:|1700447514\n|detailschange|p1a: Penusaur|Venusaur-Mega, M\n|-mega|p1a: Penusaur|Venusaur|Venusaurite\n|move|p1a: Penusaur|Leech Seed|p2a: Alomomola\n|-start|p2a: Alomomola|move: Leech Seed\n|move|p2a: Alomomola|Flip Turn|p1a: Penusaur\n|-resisted|p1a: Penusaur\n|-damage|p1a: Penusaur|95\/100\n|\n|t:|1700447521\n|switch|p2a: Banette|Banette, F|100\/100|[from] Flip Turn\n|\n|upkeep\n|turn|5\n|\n|t:|1700447541\n|move|p2a: Banette|Flamethrower|p1a: Penusaur\n|-supereffective|p1a: Penusaur\n|-damage|p1a: Penusaur|73\/100\n|-status|p1a: Penusaur|brn\n|move|p1a: Penusaur|Sludge Bomb|p2a: Banette\n|-resisted|p2a: Banette\n|-damage|p2a: Banette|64\/100\n|-status|p2a: Banette|psn\n|replace|p2a: Zoroark|Zoroark-Hisui, M\n|-end|p2a: Zoroark|Illusion\n|\n|-damage|p2a: Zoroark|52\/100 psn|[from] psn\n|-damage|p1a: Penusaur|67\/100 brn|[from] brn\n|upkeep\n|turn|6\n|\n|t:|1700447555\n|switch|p2a: Alomomola|Alomomola, F, shiny|100\/100\n|move|p1a: Penusaur|Giga Drain|p2a: Alomomola\n|-supereffective|p2a: Alomomola\n|-damage|p2a: Alomomola|24\/100\n|-heal|p1a: Penusaur|100\/100 brn|[from] drain|[of] p2a: Alomomola\n|\n|-damage|p1a: Penusaur|94\/100 brn|[from] brn\n|upkeep\n|turn|7\n|\n|t:|1700447562\n|switch|p2a: Heatran|Heatran, F|100\/100\n|move|p1a: Penusaur|Giga Drain|p2a: Heatran\n|-resisted|p2a: Heatran\n|-damage|p2a: Heatran|96\/100\n|-heal|p1a: Penusaur|97\/100 brn|[from] drain|[of] p2a: Heatran\n|\n|-heal|p2a: Heatran|100\/100|[from] item: Leftovers\n|-damage|p1a: Penusaur|91\/100 brn|[from] brn\n|upkeep\n|turn|8\n|\n|t:|1700447588\n|switch|p1a: Adult|Arcanine, M|100\/100\n|-terastallize|p2a: Heatran|Grass\n|move|p2a: Heatran|Magma Storm|p1a: Adult\n|-start|p1a: Adult|ability: Flash Fire\n|\n|upkeep\n|turn|9\n|\n|t:|1700447599\n|-end|p1a: Adult|ability: Flash Fire|[silent]\n|switch|p1a: COw bat (lol)|Crobat, M|100\/100\n|move|p2a: Heatran|Earth Power|p1a: COw bat (lol)\n|-immune|p1a: COw bat (lol)\n|\n|upkeep\n|turn|10\n|\n|t:|1700447614\n|switch|p2a: Alomomola|Alomomola, F, shiny|57\/100\n|-terastallize|p1a: COw bat (lol)|Flying\n|move|p1a: COw bat (lol)|Air Slash|p2a: Alomomola\n|-damage|p2a: Alomomola|12\/100\n|\n|upkeep\n|turn|11\n|\n|t:|1700447629\n|switch|p2a: Aegislash|Aegislash, M|100\/100\n|move|p1a: COw bat (lol)|Air Slash|p2a: Aegislash\n|-resisted|p2a: Aegislash\n|-damage|p2a: Aegislash|84\/100\n|\n|-heal|p2a: Aegislash|90\/100|[from] item: Leftovers\n|upkeep\n|turn|12\n|\n|t:|1700447643\n|switch|p1a: Bullet Ant|Scizor, M|100\/100\n|-formechange|p2a: Aegislash|Aegislash-Blade||[from] ability: Stance Change\n|move|p2a: Aegislash|Night Slash|p1a: Bullet Ant\n|-damage|p1a: Bullet Ant|79\/100\n|-damage|p2a: Aegislash|73\/100|[from] item: Rocky Helmet|[of] p1a: Bullet Ant\n|\n|-heal|p2a: Aegislash|80\/100|[from] item: Leftovers\n|upkeep\n|turn|13\n|\n|t:|1700447655\n|switch|p2a: Heatran|Heatran, F, tera:Grass|100\/100\n|move|p1a: Bullet Ant|Swords Dance|p1a: Bullet Ant\n|-boost|p1a: Bullet Ant|atk|2\n|\n|upkeep\n|turn|14\n|\n|t:|1700447670\n|switch|p1a: Adult|Arcanine, M|100\/100\n|move|p2a: Heatran|Magma Storm|p1a: Adult\n|-start|p1a: Adult|ability: Flash Fire\n|\n|upkeep\n|turn|15\n|\n|t:|1700447686\n|-end|p1a: Adult|ability: Flash Fire|[silent]\n|switch|p1a: COw bat (lol)|Crobat, M, tera:Flying|100\/100\n|switch|p2a: Alomomola|Alomomola, F, shiny|45\/100\n|\n|upkeep\n|turn|16\n|\n|t:|1700447710\n|switch|p1a: Penusaur|Venusaur-Mega, M|91\/100 brn\n|move|p2a: Alomomola|Protect||[still]\n|-fail|p2a: Alomomola\n|\n|-damage|p1a: Penusaur|85\/100 brn|[from] brn\n|upkeep\n|turn|17\n|\n|t:|1700447723\n|switch|p2a: Heatran|Heatran, F, tera:Grass|100\/100\n|move|p1a: Penusaur|Giga Drain|p2a: Heatran\n|-resisted|p2a: Heatran\n|-damage|p2a: Heatran|92\/100\n|-heal|p1a: Penusaur|90\/100 brn|[from] drain|[of] p2a: Heatran\n|\n|-heal|p2a: Heatran|98\/100|[from] item: Leftovers\n|-damage|p1a: Penusaur|83\/100 brn|[from] brn\n|upkeep\n|turn|18\n|\n|t:|1700447764\n|move|p1a: Penusaur|Sludge Bomb|p2a: Heatran\n|-supereffective|p2a: Heatran\n|-damage|p2a: Heatran|56\/100\n|move|p2a: Heatran|Earth Power|p1a: Penusaur\n|-crit|p1a: Penusaur\n|-damage|p1a: Penusaur|57\/100 brn\n|\n|-heal|p2a: Heatran|62\/100|[from] item: Leftovers\n|-damage|p1a: Penusaur|51\/100 brn|[from] brn\n|upkeep\n|turn|19\n|\n|t:|1700447777\n|move|p1a: Penusaur|Sludge Bomb|p2a: Heatran\n|-supereffective|p2a: Heatran\n|-damage|p2a: Heatran|16\/100\n|-status|p2a: Heatran|psn\n|move|p2a: Heatran|Magma Storm|p1a: Penusaur\n|-supereffective|p1a: Penusaur\n|-damage|p1a: Penusaur|21\/100 brn\n|-activate|p1a: Penusaur|move: Magma Storm|[of] p2a: Heatran\n|\n|-heal|p2a: Heatran|23\/100 psn|[from] item: Leftovers\n|-damage|p2a: Heatran|10\/100 psn|[from] psn\n|-damage|p1a: Penusaur|15\/100 brn|[from] brn\n|-damage|p1a: Penusaur|3\/100 brn|[from] move: Magma Storm|[partiallytrapped]\n|upkeep\n|turn|20\n|\n|t:|1700447813\n|switch|p2a: Alomomola|Alomomola, F, shiny|78\/100\n|move|p1a: Penusaur|Giga Drain|p2a: Alomomola\n|-supereffective|p2a: Alomomola\n|-damage|p2a: Alomomola|7\/100\n|-heal|p1a: Penusaur|55\/100 brn|[from] drain|[of] p2a: Alomomola\n|\n|-damage|p1a: Penusaur|49\/100 brn|[from] brn\n|-end|p1a: Penusaur|Magma Storm|[partiallytrapped]|[silent]\n|upkeep\n|turn|21\n|\n|t:|1700447826\n|switch|p2a: Aegislash|Aegislash, M|80\/100\n|move|p1a: Penusaur|Giga Drain|p2a: Aegislash\n|-resisted|p2a: Aegislash\n|-damage|p2a: Aegislash|67\/100\n|-heal|p1a: Penusaur|55\/100 brn|[from] drain|[of] p2a: Aegislash\n|\n|-heal|p2a: Aegislash|74\/100|[from] item: Leftovers\n|-damage|p1a: Penusaur|49\/100 brn|[from] brn\n|upkeep\n|turn|22\n|\n|t:|1700447833\n|switch|p1a: Bullet Ant|Scizor, M|79\/100\n|move|p2a: Aegislash|King's Shield||[still]\n|-fail|p2a: Aegislash\n|\n|-heal|p2a: Aegislash|80\/100|[from] item: Leftovers\n|upkeep\n|turn|23\n|\n|t:|1700447853\n|switch|p2a: Alomomola|Alomomola, F, shiny|41\/100\n|move|p1a: Bullet Ant|Swords Dance|p1a: Bullet Ant\n|-boost|p1a: Bullet Ant|atk|2\n|\n|upkeep\n|turn|24\n|\n|t:|1700447867\n|move|p1a: Bullet Ant|Swords Dance|p1a: Bullet Ant\n|-boost|p1a: Bullet Ant|atk|2\n|move|p2a: Alomomola|Wish|p2a: Alomomola\n|\n|upkeep\n|turn|25\n|\n|t:|1700447879\n|switch|p2a: Aegislash|Aegislash, M|80\/100\n|move|p1a: Bullet Ant|Swords Dance|p1a: Bullet Ant\n|-boost|p1a: Bullet Ant|atk|2\n|\n|-heal|p2a: Aegislash|100\/100|[from] move: Wish|[wisher] Alomomola\n|upkeep\n|turn|26\n|\n|t:|1700447887\n|move|p2a: Aegislash|King's Shield|p2a: Aegislash\n|-singleturn|p2a: Aegislash|Protect\n|move|p1a: Bullet Ant|Knock Off|p2a: Aegislash\n|-activate|p2a: Aegislash|move: Protect\n|-unboost|p1a: Bullet Ant|atk|1\n|\n|upkeep\n|turn|27\n|\n|t:|1700447900\n|move|p1a: Bullet Ant|Knock Off|p2a: Aegislash\n|-supereffective|p2a: Aegislash\n|-crit|p2a: Aegislash\n|-damage|p2a: Aegislash|0 fnt\n|-enditem|p2a: Aegislash|Leftovers|[from] move: Knock Off|[of] p1a: Bullet Ant\n|faint|p2a: Aegislash\n|\n|upkeep\n|-message|nijika10086 forfeited.\n|\n|win|ReptileMedias\n|raw|ReptileMedias's rating: 1236 &rarr; <strong>1256<\/strong><br \/>(+20 for winning)\n|raw|nijika10086's rating: 1167 &rarr; <strong>1147<\/strong><br \/>(-20 for losing)\n|l|\u2606nijika10086\n","uploadtime":1700447907,"views":4,"p1id":"reptilemedias","p2id":"nijika10086","formatid":"gen9nationaldex","rating":1147,"private":0,"password":""}