{"id":"gen9nationaldex-1988348100","p1":"vheneko","p2":"Chrispr","format":"[Gen 9] National Dex","log":"|j|\u2606vheneko\n|j|\u2606Chrispr\n|t:|1699712131\n|gametype|singles\n|player|p1|vheneko|pilot|1286\n|player|p2|Chrispr|drayden|1174\n|teamsize|p1|6\n|teamsize|p2|6\n|gen|9\n|tier|[Gen 9] National Dex\n|rated|\n|rule|HP Percentage Mod: HP is shown in percentages\n|rule|Endless Battle Clause: Forcing endless battles is banned\n|rule|OHKO Clause: OHKO moves are banned\n|rule|Evasion Clause: Evasion abilities, items, and moves are banned\n|rule|Evasion Abilities Clause: Evasion abilities are banned\n|rule|Evasion Items Clause: Evasion items are banned\n|rule|Evasion Moves Clause: Evasion moves are banned\n|rule|Species Clause: Limit one of each Pok\u00e9mon\n|rule|Sleep Clause Mod: Limit one foe put to sleep\n|clearpoke\n|poke|p1|Druddigon, F|\n|poke|p1|Blaziken, M|\n|poke|p1|Meowscarada, F|\n|poke|p1|Weavile, F|\n|poke|p1|Polteageist|\n|poke|p1|Electrode|\n|poke|p2|Cramorant, F|\n|poke|p2|Guzzlord|\n|poke|p2|Alomomola, F|\n|poke|p2|Zapdos|\n|poke|p2|Aggron, F|\n|poke|p2|Toucannon, M|\n|teampreview\n|inactive|Battle timer is ON: inactive players will automatically lose when time's up. (requested by Chrispr)\n|\n|t:|1699712145\n|start\n|switch|p1a: Electrode|Electrode, shiny|100\/100\n|switch|p2a: Alomomola|Alomomola, F|100\/100\n|turn|1\n|\n|t:|1699712157\n|move|p1a: Electrode|Taunt|p2a: Alomomola\n|-start|p2a: Alomomola|move: Taunt\n|move|p2a: Alomomola|Knock Off|p1a: Electrode\n|-damage|p1a: Electrode|74\/100\n|-enditem|p1a: Electrode|Light Clay|[from] move: Knock Off|[of] p2a: Alomomola\n|\n|upkeep\n|turn|2\n|\n|t:|1699712166\n|move|p1a: Electrode|Reflect|p1a: Electrode\n|-sidestart|p1: vheneko|Reflect\n|move|p2a: Alomomola|Flip Turn|p1a: Electrode\n|-damage|p1a: Electrode|62\/100\n|\n|t:|1699712177\n|switch|p2a: Zapdos|Zapdos|100\/100|[from] Flip Turn\n|-ability|p2a: Zapdos|Pressure\n|\n|upkeep\n|turn|3\n|\n|t:|1699712183\n|move|p1a: Electrode|Light Screen|p1a: Electrode\n|-sidestart|p1: vheneko|move: Light Screen\n|move|p2a: Zapdos|Heat Wave|p1a: Electrode\n|-damage|p1a: Electrode|39\/100\n|\n|upkeep\n|turn|4\n|\n|t:|1699712190\n|switch|p1a: Blaziken|Blaziken, M|100\/100\n|move|p2a: Zapdos|Heat Wave|p1a: Blaziken\n|-resisted|p1a: Blaziken\n|-damage|p1a: Blaziken|87\/100\n|\n|upkeep\n|turn|5\n|\n|t:|1699712201\n|move|p1a: Blaziken|Swords Dance|p1a: Blaziken\n|-boost|p1a: Blaziken|atk|2\n|move|p2a: Zapdos|Defog|p1a: Blaziken\n|-unboost|p1a: Blaziken|evasion|1\n|-sideend|p1: vheneko|Reflect\n|-sideend|p1: vheneko|move: Light Screen\n|\n|-ability|p1a: Blaziken|Speed Boost|boost\n|-boost|p1a: Blaziken|spe|1\n|upkeep\n|turn|6\n|l|\u2606Chrispr\n|inactive|Chrispr disconnected and has a minute to reconnect!\n|player|p2|\n|j|\u2606Chrispr\n|inactive|Chrispr reconnected and has 110 seconds left.\n|player|p2|Chrispr|drayden\n|\n|t:|1699712251\n|move|p1a: Blaziken|Protect|p1a: Blaziken\n|-singleturn|p1a: Blaziken|Protect\n|move|p2a: Zapdos|Zap Cannon|p1a: Blaziken\n|-activate|p1a: Blaziken|move: Protect\n|\n|-ability|p1a: Blaziken|Speed Boost|boost\n|-boost|p1a: Blaziken|spe|1\n|upkeep\n|turn|7\n|inactive|vheneko has 120 seconds left.\n|\n|t:|1699712283\n|-zpower|p1a: Blaziken\n|move|p1a: Blaziken|Inferno Overdrive|p2a: Zapdos|[zeffect]\n|-damage|p2a: Zapdos|0 fnt\n|faint|p2a: Zapdos\n|\n|-ability|p1a: Blaziken|Speed Boost|boost\n|-boost|p1a: Blaziken|spe|1\n|upkeep\n|\n|t:|1699712293\n|switch|p2a: Aggron|Aggron, F|100\/100\n|turn|8\n|\n|t:|1699712302\n|move|p1a: Blaziken|Earthquake|p2a: Aggron\n|-supereffective|p2a: Aggron\n|-ability|p2a: Aggron|Sturdy\n|-damage|p2a: Aggron|1\/100\n|move|p2a: Aggron|Metal Burst|p1a: Blaziken\n|-damage|p1a: Blaziken|0 fnt\n|faint|p1a: Blaziken\n|\n|upkeep\n|\n|t:|1699712311\n|switch|p1a: Polteageist|Polteageist|100\/100\n|turn|9\n|-enditem|p2a: Aggron|Custap Berry|[eat]\n|-activate|p2a: Aggron|item: Custap Berry|[consumed]\n|\n|t:|1699712317\n|move|p2a: Aggron|Head Smash|p1a: Polteageist\n|-enditem|p1a: Polteageist|Focus Sash\n|-damage|p1a: Polteageist|1\/100\n|-ability|p1a: Polteageist|Weak Armor|boost\n|-unboost|p1a: Polteageist|def|1\n|-boost|p1a: Polteageist|spe|2\n|-damage|p2a: Aggron|0 fnt|[from] Recoil\n|faint|p2a: Aggron\n|move|p1a: Polteageist|Shell Smash|p1a: Polteageist\n|-unboost|p1a: Polteageist|def|1\n|-unboost|p1a: Polteageist|spd|1\n|-boost|p1a: Polteageist|atk|2\n|-boost|p1a: Polteageist|spa|2\n|-boost|p1a: Polteageist|spe|2\n|\n|upkeep\n|\n|t:|1699712327\n|switch|p2a: Guzzlord|Guzzlord|100\/100\n|turn|10\n|\n|t:|1699712336\n|move|p1a: Polteageist|Stored Power|p2a: Guzzlord\n|-immune|p2a: Guzzlord\n|move|p2a: Guzzlord|Crunch|p1a: Polteageist\n|-supereffective|p1a: Polteageist\n|-damage|p1a: Polteageist|0 fnt\n|faint|p1a: Polteageist\n|-ability|p2a: Guzzlord|Beast Boost|boost\n|-boost|p2a: Guzzlord|atk|1\n|\n|upkeep\n|\n|t:|1699712344\n|switch|p1a: Weavile|Weavile, F|100\/100\n|-ability|p1a: Weavile|Pressure\n|turn|11\n|\n|t:|1699712351\n|-terastallize|p2a: Guzzlord|Poison\n|move|p1a: Weavile|Ice Spinner|p2a: Guzzlord\n|-damage|p2a: Guzzlord|57\/100\n|-damage|p1a: Weavile|91\/100|[from] item: Life Orb\n|move|p2a: Guzzlord|Heat Crash|p1a: Weavile\n|-supereffective|p1a: Weavile\n|-damage|p1a: Weavile|0 fnt\n|faint|p1a: Weavile\n|-ability|p2a: Guzzlord|Beast Boost|boost\n|-boost|p2a: Guzzlord|atk|1\n|\n|upkeep\n|\n|t:|1699712361\n|switch|p1a: Electrode|Electrode, shiny|39\/100\n|turn|12\n|\n|t:|1699712367\n|move|p1a: Electrode|Foul Play|p2a: Guzzlord\n|-damage|p2a: Guzzlord|1\/100\n|-enditem|p2a: Guzzlord|Sitrus Berry|[eat]\n|-heal|p2a: Guzzlord|26\/100|[from] item: Sitrus Berry\n|move|p2a: Guzzlord|Heat Crash|p1a: Electrode\n|-damage|p1a: Electrode|0 fnt\n|-damage|p2a: Guzzlord|1\/100|[from] ability: Aftermath|[of] p1a: Electrode\n|faint|p1a: Electrode\n|-ability|p2a: Guzzlord|Beast Boost|boost\n|-boost|p2a: Guzzlord|atk|1\n|\n|upkeep\n|\n|t:|1699712379\n|switch|p1a: Meowscarada|Meowscarada, F|100\/100\n|turn|13\n|\n|t:|1699712388\n|move|p1a: Meowscarada|U-turn|p2a: Guzzlord\n|-start|p1a: Meowscarada|typechange|Bug|[from] ability: Protean\n|-resisted|p2a: Guzzlord\n|-damage|p2a: Guzzlord|0 fnt\n|faint|p2a: Guzzlord\n|\n|t:|1699712394\n|switch|p1a: Druddigon|Druddigon, F|100\/100|[from] U-turn\n|\n|upkeep\n|\n|t:|1699712401\n|switch|p2a: Toucannon|Toucannon, M|100\/100\n|turn|14\n|\n|t:|1699712404\n|-singleturn|p2a: Toucannon|move: Beak Blast\n|move|p1a: Druddigon|Glare|p2a: Toucannon\n|-status|p2a: Toucannon|par\n|cant|p2a: Toucannon|par\n|\n|upkeep\n|turn|15\n|\n|t:|1699712412\n|-singleturn|p2a: Toucannon|move: Beak Blast\n|move|p1a: Druddigon|Stealth Rock|p2a: Toucannon\n|-sidestart|p2: Chrispr|move: Stealth Rock\n|cant|p2a: Toucannon|par\n|\n|upkeep\n|turn|16\n|\n|t:|1699712420\n|-singleturn|p2a: Toucannon|move: Beak Blast\n|cant|p2a: Toucannon|par\n|move|p1a: Druddigon|Roar|p2a: Toucannon\n|drag|p2a: Cramorant|Cramorant, F|100\/100\n|-damage|p2a: Cramorant|75\/100|[from] Stealth Rock\n|\n|-heal|p2a: Cramorant|82\/100|[from] item: Leftovers\n|upkeep\n|turn|17\n|\n|t:|1699712430\n|move|p2a: Cramorant|Dive||[still]\n|-formechange|p2a: Cramorant|Cramorant-Gulping|\n|-prepare|p2a: Cramorant|Dive\n|move|p1a: Druddigon|Glare|p2a: Cramorant|[miss]\n|-miss|p1a: Druddigon|p2a: Cramorant\n|\n|-heal|p2a: Cramorant|88\/100|[from] item: Leftovers\n|upkeep\n|turn|18\n|\n|t:|1699712437\n|move|p2a: Cramorant|Dive|p1a: Druddigon|[from]lockedmove\n|-resisted|p1a: Druddigon\n|-damage|p1a: Druddigon|88\/100\n|-damage|p2a: Cramorant|75\/100|[from] ability: Rough Skin|[of] p1a: Druddigon\n|-damage|p2a: Cramorant|59\/100|[from] item: Rocky Helmet|[of] p1a: Druddigon\n|move|p1a: Druddigon|Glare|p2a: Cramorant\n|-status|p2a: Cramorant|par\n|\n|-heal|p2a: Cramorant|65\/100 par|[from] item: Leftovers\n|upkeep\n|turn|19\n|\n|t:|1699712448\n|move|p2a: Cramorant|Roost|p2a: Cramorant\n|-heal|p2a: Cramorant|100\/100 par\n|-singleturn|p2a: Cramorant|move: Roost\n|move|p1a: Druddigon|Roar|p2a: Cramorant\n|drag|p2a: Alomomola|Alomomola, F|100\/100\n|-damage|p2a: Alomomola|88\/100|[from] Stealth Rock\n|\n|-heal|p2a: Alomomola|94\/100|[from] item: Leftovers\n|upkeep\n|turn|20\n|\n|t:|1699712458\n|move|p2a: Alomomola|Flip Turn|p1a: Druddigon\n|-resisted|p1a: Druddigon\n|-damage|p1a: Druddigon|82\/100\n|-damage|p2a: Alomomola|82\/100|[from] ability: Rough Skin|[of] p1a: Druddigon\n|-damage|p2a: Alomomola|65\/100|[from] item: Rocky Helmet|[of] p1a: Druddigon\n|\n|t:|1699712463\n|switch|p2a: Toucannon|Toucannon, M|100\/100 par|[from] Flip Turn\n|-damage|p2a: Toucannon|76\/100 par|[from] Stealth Rock\n|move|p1a: Druddigon|Dragon Tail|p2a: Toucannon\n|-damage|p2a: Toucannon|47\/100 par\n|drag|p2a: Alomomola|Alomomola, F|99\/100\n|-damage|p2a: Alomomola|86\/100|[from] Stealth Rock\n|\n|-heal|p2a: Alomomola|92\/100|[from] item: Leftovers\n|upkeep\n|turn|21\n|\n|t:|1699712475\n|move|p2a: Alomomola|Toxic|p1a: Druddigon\n|-status|p1a: Druddigon|tox\n|move|p1a: Druddigon|Glare|p2a: Alomomola\n|-status|p2a: Alomomola|par\n|\n|-heal|p2a: Alomomola|99\/100 par|[from] item: Leftovers\n|-damage|p1a: Druddigon|76\/100 tox|[from] psn\n|upkeep\n|turn|22\n|\n|t:|1699712486\n|move|p2a: Alomomola|Flip Turn|p1a: Druddigon\n|-resisted|p1a: Druddigon\n|-damage|p1a: Druddigon|71\/100 tox\n|-damage|p2a: Alomomola|86\/100 par|[from] ability: Rough Skin|[of] p1a: Druddigon\n|-damage|p2a: Alomomola|70\/100 par|[from] item: Rocky Helmet|[of] p1a: Druddigon\n|\n|t:|1699712490\n|switch|p2a: Toucannon|Toucannon, M|47\/100 par|[from] Flip Turn\n|-damage|p2a: Toucannon|23\/100 par|[from] Stealth Rock\n|move|p1a: Druddigon|Dragon Tail|p2a: Toucannon\n|-damage|p2a: Toucannon|0 fnt\n|faint|p2a: Toucannon\n|\n|-damage|p1a: Druddigon|58\/100 tox|[from] psn\n|upkeep\n|\n|t:|1699712494\n|switch|p2a: Cramorant|Cramorant, F|100\/100 par\n|-damage|p2a: Cramorant|75\/100 par|[from] Stealth Rock\n|turn|23\n|\n|t:|1699712503\n|cant|p2a: Cramorant|par\n|move|p1a: Druddigon|Dragon Tail|p2a: Cramorant\n|-damage|p2a: Cramorant|35\/100 par\n|drag|p2a: Alomomola|Alomomola, F|100\/100 par\n|-damage|p2a: Alomomola|88\/100 par|[from] Stealth Rock\n|\n|-heal|p2a: Alomomola|94\/100 par|[from] item: Leftovers\n|-damage|p1a: Druddigon|40\/100 tox|[from] psn\n|upkeep\n|turn|24\n|\n|t:|1699712514\n|move|p2a: Alomomola|Wish|p2a: Alomomola\n|move|p1a: Druddigon|Dragon Tail|p2a: Alomomola\n|-damage|p2a: Alomomola|81\/100 par\n|drag|p2a: Cramorant|Cramorant, F|35\/100 par\n|-damage|p2a: Cramorant|10\/100 par|[from] Stealth Rock\n|\n|-heal|p2a: Cramorant|16\/100 par|[from] item: Leftovers\n|-damage|p1a: Druddigon|15\/100 tox|[from] psn\n|upkeep\n|turn|25\n|\n|t:|1699712524\n|move|p2a: Cramorant|Roost|p2a: Cramorant\n|-heal|p2a: Cramorant|66\/100 par\n|-singleturn|p2a: Cramorant|move: Roost\n|move|p1a: Druddigon|Dragon Tail|p2a: Cramorant\n|-damage|p2a: Cramorant|24\/100 par\n|drag|p2a: Alomomola|Alomomola, F|100\/100 par\n|-damage|p2a: Alomomola|88\/100 par|[from] Stealth Rock\n|\n|-heal|p2a: Alomomola|100\/100 par|[from] move: Wish|[wisher] Alomomola\n|-damage|p1a: Druddigon|0 fnt|[from] psn\n|faint|p1a: Druddigon\n|upkeep\n|\n|t:|1699712538\n|switch|p1a: Meowscarada|Meowscarada, F|100\/100\n|turn|26\n|\n|t:|1699712543\n|-terastallize|p1a: Meowscarada|Grass\n|move|p1a: Meowscarada|Flower Trick|p2a: Alomomola\n|-supereffective|p2a: Alomomola\n|-crit|p2a: Alomomola\n|-damage|p2a: Alomomola|1\/100 par\n|move|p2a: Alomomola|Toxic|p1a: Meowscarada\n|-status|p1a: Meowscarada|tox\n|\n|-heal|p2a: Alomomola|7\/100 par|[from] item: Leftovers\n|-damage|p1a: Meowscarada|94\/100 tox|[from] psn\n|upkeep\n|turn|27\n|c|\u2606vheneko|game\n|\n|t:|1699712557\n|switch|p2a: Cramorant|Cramorant, F|24\/100 par\n|-damage|p2a: Cramorant|0 fnt|[from] Stealth Rock\n|faint|p2a: Cramorant\n|move|p1a: Meowscarada|Flower Trick|p2: Cramorant|[notarget]\n|-fail|p1a: Meowscarada\n|\n|-damage|p1a: Meowscarada|82\/100 tox|[from] psn\n|upkeep\n|\n|t:|1699712562\n|switch|p2a: Alomomola|Alomomola, F|40\/100 par\n|-damage|p2a: Alomomola|28\/100 par|[from] Stealth Rock\n|turn|28\n|\n|t:|1699712569\n|move|p1a: Meowscarada|Flower Trick|p2a: Alomomola\n|-supereffective|p2a: Alomomola\n|-crit|p2a: Alomomola\n|-damage|p2a: Alomomola|0 fnt\n|faint|p2a: Alomomola\n|\n|win|vheneko\n|raw|vheneko's rating: 1286 &rarr; <strong>1303<\/strong><br \/>(+17 for winning)\n|raw|Chrispr's rating: 1174 &rarr; <strong>1157<\/strong><br \/>(-17 for losing)\n|l|\u2606Chrispr\n","uploadtime":1699712580,"views":5,"p1id":"vheneko","p2id":"chrispr","formatid":"gen9nationaldex","rating":1157,"private":0,"password":""}