{"id":"gen9nationaldex-2000685724","p1":"Onlymanever","p2":"pizza3257","format":"[Gen 9] National Dex","log":"|html|<div class=\"broadcast-blue\"><strong>[Gen 9] National Dex is currently suspecting Sneasler! For information on how to participate check out the <a href=\"https:\/\/www.smogon.com\/forums\/threads\/sv-national-dex-suspect-8-just-dance.3731534\/\">suspect thread<\/a>.<\/strong><\/div>\n|j|\u2606Onlymanever\n|j|\u2606pizza3257\n|t:|1701218653\n|gametype|singles\n|player|p1|Onlymanever|lyra|1101\n|player|p2|pizza3257|hilbert|1013\n|teamsize|p1|6\n|teamsize|p2|6\n|gen|9\n|tier|[Gen 9] National Dex\n|rated|\n|rule|HP Percentage Mod: HP is shown in percentages\n|rule|Endless Battle Clause: Forcing endless battles is banned\n|rule|OHKO Clause: OHKO moves are banned\n|rule|Evasion Clause: Evasion abilities, items, and moves are banned\n|rule|Evasion Abilities Clause: Evasion abilities are banned\n|rule|Evasion Items Clause: Evasion items are banned\n|rule|Evasion Moves Clause: Evasion moves are banned\n|rule|Species Clause: Limit one of each Pok\u00e9mon\n|rule|Sleep Clause Mod: Limit one foe put to sleep\n|clearpoke\n|poke|p1|Samurott, M|\n|poke|p1|Musharna, M|\n|poke|p1|Emolga, F|\n|poke|p1|Durant, M|\n|poke|p1|Maractus, F|\n|poke|p1|Haxorus, F|\n|poke|p2|Greninja-*, F|\n|poke|p2|Riolu, M|\n|poke|p2|Furret, F|\n|poke|p2|Mimikyu, M|\n|poke|p2|Volcarona, M|\n|poke|p2|Rillaboom, F|\n|teampreview\n|\n|t:|1701218666\n|start\n|switch|p1a: Musharna|Musharna, M|100\/100\n|switch|p2a: Volcarona|Volcarona, M|100\/100\n|turn|1\n|inactive|Battle timer is ON: inactive players will automatically lose when time's up. (requested by Onlymanever)\n|\n|t:|1701218674\n|move|p2a: Volcarona|Fire Spin|p1a: Musharna\n|-damage|p1a: Musharna|82\/100\n|-activate|p1a: Musharna|move: Fire Spin|[of] p2a: Volcarona\n|move|p1a: Musharna|Calm Mind|p1a: Musharna\n|-boost|p1a: Musharna|spa|1\n|-boost|p1a: Musharna|spd|1\n|\n|-heal|p1a: Musharna|88\/100|[from] item: Leftovers\n|-damage|p1a: Musharna|76\/100|[from] move: Fire Spin|[partiallytrapped]\n|upkeep\n|turn|2\n|\n|t:|1701218685\n|move|p2a: Volcarona|Fiery Dance|p1a: Musharna\n|-damage|p1a: Musharna|42\/100\n|move|p1a: Musharna|Psychic|p2a: Volcarona\n|-damage|p2a: Volcarona|38\/100\n|\n|-heal|p1a: Musharna|48\/100|[from] item: Leftovers\n|-damage|p1a: Musharna|36\/100|[from] move: Fire Spin|[partiallytrapped]\n|upkeep\n|turn|3\n|\n|t:|1701218695\n|move|p2a: Volcarona|Fire Spin|p1a: Musharna\n|-damage|p1a: Musharna|23\/100\n|move|p1a: Musharna|Psychic|p2a: Volcarona\n|-damage|p2a: Volcarona|0 fnt\n|faint|p2a: Volcarona\n|\n|-heal|p1a: Musharna|29\/100|[from] item: Leftovers\n|-end|p1a: Musharna|Fire Spin|[partiallytrapped]|[silent]\n|upkeep\n|\n|t:|1701218703\n|switch|p2a: Mimikyu|Mimikyu, M|100\/100\n|turn|4\n|\n|t:|1701218709\n|move|p2a: Mimikyu|X-Scissor|p1a: Musharna\n|-supereffective|p1a: Musharna\n|-damage|p1a: Musharna|0 fnt\n|faint|p1a: Musharna\n|\n|upkeep\n|\n|t:|1701218719\n|switch|p1a: Emolga|Emolga, F|100\/100\n|turn|5\n|\n|t:|1701218729\n|move|p1a: Emolga|Nuzzle|p2a: Mimikyu\n|-activate|p2a: Mimikyu|ability: Disguise\n|-damage|p2a: Mimikyu|100\/100\n|-status|p2a: Mimikyu|par\n|detailschange|p2a: Mimikyu|Mimikyu-Busted, M\n|-damage|p2a: Mimikyu|88\/100 par|[from] pokemon: Mimikyu-Busted\n|move|p2a: Mimikyu|Swords Dance|p2a: Mimikyu\n|-boost|p2a: Mimikyu|atk|2\n|\n|upkeep\n|turn|6\n|\n|t:|1701218739\n|move|p1a: Emolga|Encore|p2a: Mimikyu\n|-start|p2a: Mimikyu|Encore\n|move|p2a: Mimikyu|Swords Dance|p2a: Mimikyu\n|-boost|p2a: Mimikyu|atk|2\n|\n|upkeep\n|turn|7\n|\n|t:|1701218747\n|switch|p2a: Greninja|Greninja, F|100\/100\n|move|p1a: Emolga|Thunderbolt|p2a: Greninja\n|-supereffective|p2a: Greninja\n|-crit|p2a: Greninja\n|-damage|p2a: Greninja|0 fnt\n|faint|p2a: Greninja\n|\n|upkeep\n|\n|t:|1701218755\n|switch|p2a: Furret|Furret, F|100\/100\n|turn|8\n|\n|t:|1701218761\n|move|p1a: Emolga|Nuzzle|p2a: Furret\n|-damage|p2a: Furret|93\/100\n|-status|p2a: Furret|par\n|move|p2a: Furret|Trick|p1a: Emolga\n|-activate|p2a: Furret|move: Trick|[of] p1a: Emolga\n|-item|p1a: Emolga|Choice Band|[from] move: Trick\n|-item|p2a: Furret|Leftovers|[from] move: Trick\n|\n|-heal|p2a: Furret|99\/100 par|[from] item: Leftovers\n|upkeep\n|turn|9\n|\n|t:|1701218775\n|move|p1a: Emolga|Thunderbolt|p2a: Furret\n|-damage|p2a: Furret|47\/100 par\n|move|p2a: Furret|Dynamic Punch|p1a: Emolga|[miss]\n|-miss|p2a: Furret|p1a: Emolga\n|\n|-heal|p2a: Furret|53\/100 par|[from] item: Leftovers\n|upkeep\n|turn|10\n|\n|t:|1701218784\n|move|p1a: Emolga|Thunderbolt|p2a: Furret\n|-damage|p2a: Furret|0 fnt\n|faint|p2a: Furret\n|\n|upkeep\n|-message|pizza3257 forfeited.\n|\n|win|Onlymanever\n|raw|Onlymanever's rating: 1101 &rarr; <strong>1120<\/strong><br \/>(+19 for winning)\n|raw|pizza3257's rating: 1013 &rarr; <strong>1004<\/strong><br \/>(-9 for losing)\n|l|\u2606pizza3257\n","uploadtime":1701218795,"views":0,"p1id":"onlymanever","p2id":"pizza3257","formatid":"gen9nationaldex","rating":1004,"private":0,"password":""}