{"id":"gen9nationaldex-1991920497","p1":"pheromosa's wig","p2":"devious fearvg","format":"[Gen 9] National Dex","log":"|j|\u2606pheromosa's wig\n|j|\u2606devious fearvg\n|t:|1700138315\n|gametype|singles\n|player|p1|pheromosa's wig|tulip|\n|player|p2|devious fearvg|alec-anime|\n|teamsize|p1|6\n|teamsize|p2|6\n|gen|9\n|tier|[Gen 9] National Dex\n|rule|HP Percentage Mod: HP is shown in percentages\n|rule|Endless Battle Clause: Forcing endless battles is banned\n|rule|OHKO Clause: OHKO moves are banned\n|rule|Evasion Clause: Evasion abilities, items, and moves are banned\n|rule|Evasion Abilities Clause: Evasion abilities are banned\n|rule|Evasion Items Clause: Evasion items are banned\n|rule|Evasion Moves Clause: Evasion moves are banned\n|rule|Species Clause: Limit one of each Pok\u00e9mon\n|rule|Sleep Clause Mod: Limit one foe put to sleep\n|clearpoke\n|poke|p1|Xatu, F|\n|poke|p1|Victini|\n|poke|p1|Skarmory, M|\n|poke|p1|Sinistcha|\n|poke|p1|Decidueye-Hisui, M|\n|poke|p1|Meloetta|\n|poke|p2|Manaphy|\n|poke|p2|Skeledirge, M|\n|poke|p2|Iron Treads|\n|poke|p2|Pidgeot, M|\n|poke|p2|Gallade, M|\n|poke|p2|Sableye, M|\n|teampreview\n|c|\u2606devious fearvg|have fun pea\n|c|\u2606pheromosa's wig|you too\n|\n|t:|1700138340\n|start\n|switch|p1a: zazatu|Xatu, F, shiny|100\/100\n|switch|p2a: Iron Treads|Iron Treads|100\/100\n|turn|1\n|\n|t:|1700138397\n|switch|p1a: ROSE TOY \ud83c\udf39|Decidueye-Hisui, M|100\/100\n|move|p2a: Iron Treads|Knock Off|p1a: ROSE TOY \ud83c\udf39\n|-resisted|p1a: ROSE TOY \ud83c\udf39\n|-damage|p1a: ROSE TOY \ud83c\udf39|86\/100\n|-enditem|p1a: ROSE TOY \ud83c\udf39|Expert Belt|[from] move: Knock Off|[of] p2a: Iron Treads\n|\n|upkeep\n|turn|2\n|\n|t:|1700138408\n|move|p2a: Iron Treads|Volt Switch|p1a: ROSE TOY \ud83c\udf39\n|-resisted|p1a: ROSE TOY \ud83c\udf39\n|-damage|p1a: ROSE TOY \ud83c\udf39|79\/100\n|\n|t:|1700138455\n|-end|p2a: Iron Treads|Quark Drive|[silent]\n|switch|p2a: Pidgeot|Pidgeot, M|100\/100|[from] Volt Switch\n|move|p1a: ROSE TOY \ud83c\udf39|Bulk Up|p1a: ROSE TOY \ud83c\udf39\n|-boost|p1a: ROSE TOY \ud83c\udf39|atk|1\n|-boost|p1a: ROSE TOY \ud83c\udf39|def|1\n|\n|upkeep\n|turn|3\n|\n|t:|1700138469\n|detailschange|p2a: Pidgeot|Pidgeot-Mega, M\n|-mega|p2a: Pidgeot|Pidgeot|Pidgeotite\n|-terastallize|p1a: ROSE TOY \ud83c\udf39|Water\n|move|p2a: Pidgeot|Hurricane|p1a: ROSE TOY \ud83c\udf39\n|-damage|p1a: ROSE TOY \ud83c\udf39|16\/100\n|move|p1a: ROSE TOY \ud83c\udf39|Triple Arrows|p2a: Pidgeot\n|-crit|p2a: Pidgeot\n|-damage|p2a: Pidgeot|0 fnt\n|faint|p2a: Pidgeot\n|\n|upkeep\n|c|\u2606devious fearvg|Zamn\n|c|\u2606devious fearvg|crit mattered\n|\n|t:|1700138486\n|switch|p2a: Gallade|Gallade, M|100\/100\n|turn|4\n|c|\u2606pheromosa's wig|:sob:\n|\n|t:|1700138500\n|move|p1a: ROSE TOY \ud83c\udf39|Sucker Punch|p2a: Gallade\n|-damage|p2a: Gallade|35\/100\n|move|p2a: Gallade|Shadow Claw|p1a: ROSE TOY \ud83c\udf39\n|-damage|p1a: ROSE TOY \ud83c\udf39|0 fnt\n|faint|p1a: ROSE TOY \ud83c\udf39\n|\n|upkeep\n|\n|t:|1700138511\n|switch|p1a: toenail infection|Skarmory, M, shiny|100\/100\n|turn|5\n|\n|t:|1700138533\n|switch|p2a: Iron Treads|Iron Treads|100\/100\n|move|p1a: toenail infection|Iron Defense|p1a: toenail infection\n|-boost|p1a: toenail infection|def|2\n|\n|upkeep\n|turn|6\n|\n|t:|1700138541\n|move|p2a: Iron Treads|Knock Off|p1a: toenail infection\n|-damage|p1a: toenail infection|91\/100\n|-damage|p2a: Iron Treads|84\/100|[from] item: Rocky Helmet|[of] p1a: toenail infection\n|-enditem|p1a: toenail infection|Rocky Helmet|[from] move: Knock Off|[of] p2a: Iron Treads\n|move|p1a: toenail infection|Body Press|p2a: Iron Treads\n|-supereffective|p2a: Iron Treads\n|-damage|p2a: Iron Treads|0 fnt\n|faint|p2a: Iron Treads\n|-end|p2a: Iron Treads|Quark Drive|[silent]\n|\n|upkeep\n|\n|t:|1700138550\n|switch|p2a: Skeledirge|Skeledirge, M|100\/100\n|turn|7\n|\n|t:|1700138557\n|switch|p1a: TAYLOR SWIFT \ud83d\ude31|Meloetta|100\/100\n|move|p2a: Skeledirge|Torch Song|p1a: TAYLOR SWIFT \ud83d\ude31\n|-damage|p1a: TAYLOR SWIFT \ud83d\ude31|85\/100\n|-boost|p2a: Skeledirge|spa|1\n|\n|upkeep\n|turn|8\n|\n|t:|1700138571\n|move|p1a: TAYLOR SWIFT \ud83d\ude31|Shadow Ball|p2a: Skeledirge\n|-supereffective|p2a: Skeledirge\n|-crit|p2a: Skeledirge\n|-damage|p2a: Skeledirge|21\/100\n|move|p2a: Skeledirge|Yawn|p1a: TAYLOR SWIFT \ud83d\ude31\n|-start|p1a: TAYLOR SWIFT \ud83d\ude31|move: Yawn|[of] p2a: Skeledirge\n|\n|upkeep\n|turn|9\n|c|\u2606devious fearvg|Bro\n|\n|t:|1700138596\n|switch|p1a: thicktini \ud83d\ude0d|Victini|100\/100\n|-terastallize|p2a: Skeledirge|Dark\n|move|p2a: Skeledirge|Slack Off|p2a: Skeledirge\n|-heal|p2a: Skeledirge|71\/100\n|\n|upkeep\n|turn|10\n|\n|t:|1700138604\n|switch|p2a: Manaphy|Manaphy|100\/100\n|move|p1a: thicktini \ud83d\ude0d|U-turn|p2a: Manaphy\n|-damage|p2a: Manaphy|77\/100\n|\n|t:|1700138610\n|switch|p1a: satanic ritual|Sinistcha, shiny|100\/100|[from] U-turn\n|\n|-heal|p2a: Manaphy|83\/100|[from] item: Leftovers\n|upkeep\n|turn|11\n|\n|t:|1700138616\n|move|p2a: Manaphy|Toxic|p1a: satanic ritual\n|-status|p1a: satanic ritual|tox\n|move|p1a: satanic ritual|Calm Mind|p1a: satanic ritual\n|-boost|p1a: satanic ritual|spa|1\n|-boost|p1a: satanic ritual|spd|1\n|\n|-heal|p2a: Manaphy|90\/100|[from] item: Leftovers\n|-damage|p1a: satanic ritual|95\/100 tox|[from] psn\n|upkeep\n|turn|12\n|\n|t:|1700138622\n|move|p2a: Manaphy|Flip Turn|p1a: satanic ritual\n|-resisted|p1a: satanic ritual\n|-damage|p1a: satanic ritual|85\/100 tox\n|\n|t:|1700138631\n|switch|p2a: Sableye|Sableye, M|100\/100|[from] Flip Turn\n|move|p1a: satanic ritual|Calm Mind|p1a: satanic ritual\n|-boost|p1a: satanic ritual|spa|1\n|-boost|p1a: satanic ritual|spd|1\n|\n|-heal|p1a: satanic ritual|91\/100 tox|[from] item: Leftovers\n|-damage|p1a: satanic ritual|79\/100 tox|[from] psn\n|upkeep\n|turn|13\n|\n|t:|1700138637\n|switch|p1a: zazatu|Xatu, F, shiny|100\/100\n|move|p2a: Sableye|Encore|p1a: zazatu\n|move|p1a: zazatu|Encore||[from]ability: Magic Bounce|[still]\n|-fail|p1a: zazatu\n|\n|upkeep\n|turn|14\n|\n|t:|1700138649\n|switch|p2a: Skeledirge|Skeledirge, M, tera:Dark|71\/100\n|move|p1a: zazatu|Light Screen|p1a: zazatu\n|-sidestart|p1: pheromosa's wig|move: Light Screen\n|\n|upkeep\n|turn|15\n|\n|t:|1700138655\n|move|p1a: zazatu|Night Shade|p2a: Skeledirge\n|-damage|p2a: Skeledirge|46\/100\n|move|p2a: Skeledirge|Torch Song|p1a: zazatu\n|-damage|p1a: zazatu|83\/100\n|-boost|p2a: Skeledirge|spa|1\n|\n|upkeep\n|turn|16\n|\n|t:|1700138661\n|move|p1a: zazatu|Night Shade|p2a: Skeledirge\n|-damage|p2a: Skeledirge|21\/100\n|move|p2a: Skeledirge|Slack Off|p2a: Skeledirge\n|-heal|p2a: Skeledirge|71\/100\n|\n|upkeep\n|turn|17\n|\n|t:|1700138668\n|move|p1a: zazatu|Night Shade|p2a: Skeledirge\n|-damage|p2a: Skeledirge|46\/100\n|move|p2a: Skeledirge|Torch Song|p1a: zazatu\n|-damage|p1a: zazatu|59\/100\n|-boost|p2a: Skeledirge|spa|1\n|\n|upkeep\n|turn|18\n|\n|t:|1700138678\n|switch|p1a: thicktini \ud83d\ude0d|Victini|100\/100\n|move|p2a: Skeledirge|Slack Off|p2a: Skeledirge\n|-heal|p2a: Skeledirge|96\/100\n|\n|upkeep\n|turn|19\n|\n|t:|1700138689\n|move|p1a: thicktini \ud83d\ude0d|U-turn|p2a: Skeledirge\n|-supereffective|p2a: Skeledirge\n|-damage|p2a: Skeledirge|54\/100\n|\n|t:|1700138696\n|switch|p1a: TAYLOR SWIFT \ud83d\ude31|Meloetta|85\/100|[from] U-turn\n|move|p2a: Skeledirge|Torch Song|p1a: TAYLOR SWIFT \ud83d\ude31\n|-crit|p1a: TAYLOR SWIFT \ud83d\ude31\n|-damage|p1a: TAYLOR SWIFT \ud83d\ude31|39\/100\n|-boost|p2a: Skeledirge|spa|1\n|\n|upkeep\n|turn|20\n|\n|t:|1700138717\n|move|p1a: TAYLOR SWIFT \ud83d\ude31|Dazzling Gleam|p2a: Skeledirge\n|-supereffective|p2a: Skeledirge\n|-damage|p2a: Skeledirge|7\/100\n|move|p2a: Skeledirge|Slack Off|p2a: Skeledirge\n|-heal|p2a: Skeledirge|57\/100\n|\n|upkeep\n|turn|21\n|\n|t:|1700138723\n|move|p1a: TAYLOR SWIFT \ud83d\ude31|Dazzling Gleam|p2a: Skeledirge\n|-supereffective|p2a: Skeledirge\n|-damage|p2a: Skeledirge|9\/100\n|move|p2a: Skeledirge|Slack Off|p2a: Skeledirge\n|-heal|p2a: Skeledirge|59\/100\n|\n|-sideend|p1: pheromosa's wig|move: Light Screen\n|upkeep\n|turn|22\n|\n|t:|1700138754\n|switch|p2a: Manaphy|Manaphy|90\/100\n|move|p1a: TAYLOR SWIFT \ud83d\ude31|Dazzling Gleam|p2a: Manaphy\n|-damage|p2a: Manaphy|64\/100\n|\n|-heal|p2a: Manaphy|70\/100|[from] item: Leftovers\n|upkeep\n|turn|23\n|\n|t:|1700138763\n|switch|p1a: satanic ritual|Sinistcha, shiny|79\/100 tox\n|move|p2a: Manaphy|Flip Turn|p1a: satanic ritual\n|-resisted|p1a: satanic ritual\n|-damage|p1a: satanic ritual|69\/100 tox\n|\n|t:|1700138769\n|switch|p2a: Skeledirge|Skeledirge, M, tera:Dark|59\/100|[from] Flip Turn\n|\n|-heal|p1a: satanic ritual|75\/100 tox|[from] item: Leftovers\n|-damage|p1a: satanic ritual|69\/100 tox|[from] psn\n|upkeep\n|turn|24\n|\n|t:|1700138790\n|switch|p1a: thicktini \ud83d\ude0d|Victini|100\/100\n|move|p2a: Skeledirge|Shadow Ball|p1a: thicktini \ud83d\ude0d\n|-supereffective|p1a: thicktini \ud83d\ude0d\n|-damage|p1a: thicktini \ud83d\ude0d|42\/100\n|\n|upkeep\n|turn|25\n|\n|t:|1700138800\n|move|p1a: thicktini \ud83d\ude0d|V-create|p2a: Skeledirge\n|-damage|p2a: Skeledirge|0 fnt\n|-unboost|p1a: thicktini \ud83d\ude0d|spe|1\n|-unboost|p1a: thicktini \ud83d\ude0d|def|1\n|-unboost|p1a: thicktini \ud83d\ude0d|spd|1\n|faint|p2a: Skeledirge\n|\n|upkeep\n|\n|t:|1700138806\n|switch|p2a: Manaphy|Manaphy|70\/100\n|turn|26\n|\n|t:|1700138814\n|switch|p1a: satanic ritual|Sinistcha, shiny|69\/100 tox\n|move|p2a: Manaphy|Flip Turn|p1a: satanic ritual\n|-resisted|p1a: satanic ritual\n|-damage|p1a: satanic ritual|59\/100 tox\n|\n|t:|1700138837\n|switch|p2a: Sableye|Sableye, M|100\/100|[from] Flip Turn\n|\n|-heal|p1a: satanic ritual|65\/100 tox|[from] item: Leftovers\n|-damage|p1a: satanic ritual|59\/100 tox|[from] psn\n|upkeep\n|turn|27\n|\n|t:|1700138846\n|move|p1a: satanic ritual|Matcha Gotcha|p2a: Sableye\n|-damage|p2a: Sableye|57\/100\n|-heal|p1a: satanic ritual|81\/100 tox|[from] drain|[of] p2a: Sableye\n|move|p2a: Sableye|Knock Off|p1a: satanic ritual\n|-supereffective|p1a: satanic ritual\n|-damage|p1a: satanic ritual|27\/100 tox\n|-enditem|p1a: satanic ritual|Leftovers|[from] move: Knock Off|[of] p2a: Sableye\n|\n|-damage|p1a: satanic ritual|15\/100 tox|[from] psn\n|upkeep\n|turn|28\n|\n|t:|1700138858\n|move|p2a: Sableye|Recover|p2a: Sableye\n|-heal|p2a: Sableye|100\/100\n|move|p1a: satanic ritual|Matcha Gotcha|p2a: Sableye\n|-damage|p2a: Sableye|57\/100\n|-heal|p1a: satanic ritual|37\/100 tox|[from] drain|[of] p2a: Sableye\n|-status|p2a: Sableye|brn\n|\n|-damage|p1a: satanic ritual|19\/100 tox|[from] psn\n|-damage|p2a: Sableye|51\/100 brn|[from] brn\n|upkeep\n|turn|29\n|\n|t:|1700138874\n|switch|p1a: TAYLOR SWIFT \ud83d\ude31|Meloetta|39\/100\n|move|p2a: Sableye|Knock Off|p1a: TAYLOR SWIFT \ud83d\ude31\n|-supereffective|p1a: TAYLOR SWIFT \ud83d\ude31\n|-damage|p1a: TAYLOR SWIFT \ud83d\ude31|13\/100\n|-enditem|p1a: TAYLOR SWIFT \ud83d\ude31|Assault Vest|[from] move: Knock Off|[of] p2a: Sableye\n|\n|-damage|p2a: Sableye|45\/100 brn|[from] brn\n|upkeep\n|turn|30\n|\n|t:|1700138884\n|switch|p2a: Manaphy|Manaphy|70\/100\n|move|p1a: TAYLOR SWIFT \ud83d\ude31|Charge Beam|p2a: Manaphy\n|-supereffective|p2a: Manaphy\n|-damage|p2a: Manaphy|40\/100\n|-boost|p1a: TAYLOR SWIFT \ud83d\ude31|spa|1\n|\n|-heal|p2a: Manaphy|46\/100|[from] item: Leftovers\n|upkeep\n|turn|31\n|\n|t:|1700138891\n|move|p2a: Manaphy|Flip Turn|p1a: TAYLOR SWIFT \ud83d\ude31\n|-crit|p1a: TAYLOR SWIFT \ud83d\ude31\n|-damage|p1a: TAYLOR SWIFT \ud83d\ude31|0 fnt\n|faint|p1a: TAYLOR SWIFT \ud83d\ude31\n|\n|t:|1700138902\n|switch|p2a: Gallade|Gallade, M|35\/100|[from] Flip Turn\n|\n|upkeep\n|\n|t:|1700138913\n|switch|p1a: toenail infection|Skarmory, M, shiny|91\/100\n|turn|32\n|\n|t:|1700138923\n|switch|p2a: Sableye|Sableye, M|45\/100 brn\n|move|p1a: toenail infection|Iron Defense|p1a: toenail infection\n|-boost|p1a: toenail infection|def|2\n|\n|-damage|p2a: Sableye|38\/100 brn|[from] brn\n|upkeep\n|turn|33\n|\n|t:|1700138933\n|move|p2a: Sableye|Encore|p1a: toenail infection\n|-start|p1a: toenail infection|Encore\n|move|p1a: toenail infection|Iron Defense|p1a: toenail infection\n|-boost|p1a: toenail infection|def|2\n|\n|-damage|p2a: Sableye|32\/100 brn|[from] brn\n|upkeep\n|turn|34\n|\n|t:|1700138946\n|switch|p1a: satanic ritual|Sinistcha, shiny|19\/100 tox\n|switch|p2a: Manaphy|Manaphy|46\/100\n|\n|-heal|p2a: Manaphy|52\/100|[from] item: Leftovers\n|-damage|p1a: satanic ritual|13\/100 tox|[from] psn\n|upkeep\n|turn|35\n|\n|t:|1700138952\n|move|p2a: Manaphy|Scald|p1a: satanic ritual\n|-resisted|p1a: satanic ritual\n|-damage|p1a: satanic ritual|0 fnt\n|faint|p1a: satanic ritual\n|\n|-heal|p2a: Manaphy|59\/100|[from] item: Leftovers\n|upkeep\n|\n|t:|1700138957\n|switch|p1a: zazatu|Xatu, F, shiny|59\/100\n|turn|36\n|\n|t:|1700138962\n|move|p2a: Manaphy|Flip Turn|p1a: zazatu\n|-damage|p1a: zazatu|36\/100\n|\n|t:|1700138967\n|switch|p2a: Gallade|Gallade, M|35\/100|[from] Flip Turn\n|move|p1a: zazatu|Light Screen|p1a: zazatu\n|-sidestart|p1: pheromosa's wig|move: Light Screen\n|\n|upkeep\n|turn|37\n|\n|t:|1700138982\n|move|p2a: Gallade|Shadow Claw|p1a: zazatu\n|-supereffective|p1a: zazatu\n|-damage|p1a: zazatu|0 fnt\n|faint|p1a: zazatu\n|\n|upkeep\n|\n|t:|1700138990\n|switch|p1a: thicktini \ud83d\ude0d|Victini|42\/100\n|turn|38\n|c|\u2606devious fearvg|this is closer than I expected\n|\n|t:|1700139014\n|move|p2a: Gallade|Shadow Claw|p1a: thicktini \ud83d\ude0d\n|-supereffective|p1a: thicktini \ud83d\ude0d\n|-crit|p1a: thicktini \ud83d\ude0d\n|-damage|p1a: thicktini \ud83d\ude0d|0 fnt\n|faint|p1a: thicktini \ud83d\ude0d\n|\n|upkeep\n|\n|t:|1700139018\n|switch|p1a: toenail infection|Skarmory, M, shiny|91\/100\n|turn|39\n|c|\u2606devious fearvg|ain't no way\n|\n|t:|1700139026\n|switch|p2a: Sableye|Sableye, M|32\/100 brn\n|move|p1a: toenail infection|Iron Defense|p1a: toenail infection\n|-boost|p1a: toenail infection|def|2\n|\n|-damage|p2a: Sableye|26\/100 brn|[from] brn\n|upkeep\n|turn|40\n|c|\u2606pheromosa's wig|scarfed gallade...\n|\n|t:|1700139040\n|move|p2a: Sableye|Encore|p1a: toenail infection\n|-start|p1a: toenail infection|Encore\n|move|p1a: toenail infection|Iron Defense|p1a: toenail infection\n|-boost|p1a: toenail infection|def|2\n|\n|-damage|p2a: Sableye|20\/100 brn|[from] brn\n|upkeep\n|turn|41\n|\n|t:|1700139047\n|move|p2a: Sableye|Recover|p2a: Sableye\n|-heal|p2a: Sableye|70\/100 brn\n|move|p1a: toenail infection|Iron Defense|p1a: toenail infection\n|-boost|p1a: toenail infection|def|2\n|\n|-damage|p2a: Sableye|63\/100 brn|[from] brn\n|upkeep\n|turn|42\n|\n|t:|1700139053\n|switch|p2a: Manaphy|Manaphy|59\/100\n|move|p1a: toenail infection|Iron Defense|p1a: toenail infection\n|-boost|p1a: toenail infection|def|0\n|\n|-heal|p2a: Manaphy|65\/100|[from] item: Leftovers\n|-end|p1a: toenail infection|Encore\n|upkeep\n|turn|43\n|\n|t:|1700139073\n|move|p2a: Manaphy|Haze|p2a: Manaphy\n|-clearallboost\n|move|p1a: toenail infection|Body Press|p2a: Manaphy\n|-damage|p2a: Manaphy|44\/100\n|\n|-heal|p2a: Manaphy|50\/100|[from] item: Leftovers\n|-sideend|p1: pheromosa's wig|move: Light Screen\n|upkeep\n|turn|44\n|\n|t:|1700139082\n|move|p2a: Manaphy|Scald|p1a: toenail infection\n|-damage|p1a: toenail infection|63\/100\n|move|p1a: toenail infection|Body Press|p2a: Manaphy\n|-damage|p2a: Manaphy|29\/100\n|\n|-heal|p2a: Manaphy|35\/100|[from] item: Leftovers\n|upkeep\n|turn|45\n|\n|t:|1700139088\n|move|p2a: Manaphy|Scald|p1a: toenail infection\n|-damage|p1a: toenail infection|38\/100\n|move|p1a: toenail infection|Roost|p1a: toenail infection\n|-heal|p1a: toenail infection|88\/100\n|-singleturn|p1a: toenail infection|move: Roost\n|\n|-heal|p2a: Manaphy|42\/100|[from] item: Leftovers\n|upkeep\n|turn|46\n|\n|t:|1700139096\n|move|p2a: Manaphy|Flip Turn|p1a: toenail infection\n|-damage|p1a: toenail infection|75\/100\n|\n|t:|1700139100\n|switch|p2a: Sableye|Sableye, M|63\/100 brn|[from] Flip Turn\n|move|p1a: toenail infection|Body Press|p2a: Sableye\n|-immune|p2a: Sableye\n|\n|-damage|p2a: Sableye|57\/100 brn|[from] brn\n|upkeep\n|turn|47\n|\n|t:|1700139113\n|move|p1a: toenail infection|Iron Defense|p1a: toenail infection\n|-boost|p1a: toenail infection|def|2\n|move|p2a: Sableye|Knock Off|p1a: toenail infection\n|-damage|p1a: toenail infection|71\/100\n|\n|-damage|p2a: Sableye|51\/100 brn|[from] brn\n|upkeep\n|turn|48\n|\n|t:|1700139121\n|move|p2a: Sableye|Encore|p1a: toenail infection\n|-start|p1a: toenail infection|Encore\n|move|p1a: toenail infection|Iron Defense|p1a: toenail infection\n|-boost|p1a: toenail infection|def|2\n|\n|-damage|p2a: Sableye|45\/100 brn|[from] brn\n|upkeep\n|turn|49\n|\n|t:|1700139128\n|switch|p2a: Manaphy|Manaphy|42\/100\n|move|p1a: toenail infection|Iron Defense|p1a: toenail infection\n|-boost|p1a: toenail infection|def|2\n|\n|-heal|p2a: Manaphy|48\/100|[from] item: Leftovers\n|upkeep\n|turn|50\n|\n|t:|1700139132\n|move|p2a: Manaphy|Scald|p1a: toenail infection\n|-damage|p1a: toenail infection|46\/100\n|-status|p1a: toenail infection|brn\n|move|p1a: toenail infection|Iron Defense|p1a: toenail infection\n|-boost|p1a: toenail infection|def|0\n|\n|-heal|p2a: Manaphy|54\/100|[from] item: Leftovers\n|-damage|p1a: toenail infection|40\/100 brn|[from] brn\n|-end|p1a: toenail infection|Encore\n|upkeep\n|turn|51\n|\n|t:|1700139142\n|switch|p2a: Sableye|Sableye, M|45\/100 brn\n|move|p1a: toenail infection|Body Press|p2a: Sableye\n|-immune|p2a: Sableye\n|\n|-damage|p1a: toenail infection|34\/100 brn|[from] brn\n|-damage|p2a: Sableye|38\/100 brn|[from] brn\n|upkeep\n|turn|52\n|\n|t:|1700139161\n|move|p2a: Sableye|Encore|p1a: toenail infection\n|-start|p1a: toenail infection|Encore\n|move|p1a: toenail infection|Body Press|p2a: Sableye\n|-immune|p2a: Sableye\n|\n|-damage|p1a: toenail infection|28\/100 brn|[from] brn\n|-damage|p2a: Sableye|32\/100 brn|[from] brn\n|upkeep\n|turn|53\n|\n|t:|1700139180\n|move|p2a: Sableye|Recover|p2a: Sableye\n|-heal|p2a: Sableye|82\/100 brn\n|move|p1a: toenail infection|Body Press|p2a: Sableye\n|-immune|p2a: Sableye\n|\n|-damage|p1a: toenail infection|22\/100 brn|[from] brn\n|-damage|p2a: Sableye|76\/100 brn|[from] brn\n|upkeep\n|turn|54\n|\n|t:|1700139184\n|move|p1a: toenail infection|Body Press|p2a: Sableye\n|-immune|p2a: Sableye\n|move|p2a: Sableye|Knock Off|p1a: toenail infection\n|-damage|p1a: toenail infection|20\/100 brn\n|\n|-damage|p1a: toenail infection|14\/100 brn|[from] brn\n|-damage|p2a: Sableye|70\/100 brn|[from] brn\n|-end|p1a: toenail infection|Encore\n|upkeep\n|turn|55\n|\n|t:|1700139189\n|move|p2a: Sableye|Encore|p1a: toenail infection\n|-start|p1a: toenail infection|Encore\n|move|p1a: toenail infection|Body Press|p2a: Sableye\n|-immune|p2a: Sableye\n|\n|-damage|p1a: toenail infection|8\/100 brn|[from] brn\n|-damage|p2a: Sableye|63\/100 brn|[from] brn\n|upkeep\n|turn|56\n|\n|t:|1700139193\n|move|p1a: toenail infection|Body Press|p2a: Sableye\n|-immune|p2a: Sableye\n|move|p2a: Sableye|Knock Off|p1a: toenail infection\n|-damage|p1a: toenail infection|6\/100 brn\n|\n|-damage|p1a: toenail infection|0 fnt|[from] brn\n|faint|p1a: toenail infection\n|\n|win|devious fearvg\n|upkeep\n|c|\u2606devious fearvg|ggs\n|c|\u2606pheromosa's wig|gg\n|c|\u2606devious fearvg|That was\n|c|\u2606devious fearvg|so unexpected\n|c|\u2606pheromosa's wig|yeah i was unsure if\n|c|\u2606pheromosa's wig|gallade was scarfed\n|c|\u2606pheromosa's wig|or not\n|c|\u2606devious fearvg|I was unsure if your victini was scarf\n|l|\u2606pheromosa's wig\n|c|\u2606devious fearvg|but if it was it was already joever for me\n|j|\u2606pheromosa's wig\n|player|p1|pheromosa's wig|tulip\n","uploadtime":1700139237,"views":5,"p1id":"pheromosaswig","p2id":"deviousfearvg","formatid":"gen9nationaldex","rating":0,"private":0,"password":""}