{"id":"gen9nationaldex-2000625567","p1":"illneverchooseyou","p2":"dawg doin","format":"[Gen 9] National Dex","log":"|html|<div class=\"broadcast-blue\"><strong>[Gen 9] National Dex is currently suspecting Sneasler! For information on how to participate check out the <a href=\"https:\/\/www.smogon.com\/forums\/threads\/sv-national-dex-suspect-8-just-dance.3731534\/\">suspect thread<\/a>.<\/strong><\/div>\n|j|\u2606illneverchooseyou\n|j|\u2606dawg doin\n|t:|1701211844\n|gametype|singles\n|player|p1|illneverchooseyou|psychic-gen4|1573\n|player|p2|dawg doin|shadowtriad|1693\n|teamsize|p1|6\n|teamsize|p2|6\n|gen|9\n|tier|[Gen 9] National Dex\n|rated|\n|rule|HP Percentage Mod: HP is shown in percentages\n|rule|Endless Battle Clause: Forcing endless battles is banned\n|rule|OHKO Clause: OHKO moves are banned\n|rule|Evasion Clause: Evasion abilities, items, and moves are banned\n|rule|Evasion Abilities Clause: Evasion abilities are banned\n|rule|Evasion Items Clause: Evasion items are banned\n|rule|Evasion Moves Clause: Evasion moves are banned\n|rule|Species Clause: Limit one of each Pok\u00e9mon\n|rule|Sleep Clause Mod: Limit one foe put to sleep\n|clearpoke\n|poke|p1|Tapu Koko|\n|poke|p1|Iron Valiant|\n|poke|p1|Scizor, F|\n|poke|p1|Ursaluna, M|\n|poke|p1|Clefable, F|\n|poke|p1|Slowbro, M|\n|poke|p2|Scizor, F|\n|poke|p2|Rotom-Wash|\n|poke|p2|Garchomp, F|\n|poke|p2|Heatran, M|\n|poke|p2|Landorus-Therian, M|\n|poke|p2|Kartana|\n|teampreview\n|inactive|Battle timer is ON: inactive players will automatically lose when time's up. (requested by dawg doin)\n|\n|t:|1701211862\n|start\n|switch|p1a: Scizor|Scizor, F|100\/100\n|switch|p2a: Fake Dog|Landorus-Therian, M|100\/100\n|-ability|p2a: Fake Dog|Intimidate|boost\n|-unboost|p1a: Scizor|atk|1\n|turn|1\n|\n|t:|1701211865\n|detailschange|p1a: Scizor|Scizor-Mega, F\n|-mega|p1a: Scizor|Scizor|Scizorite\n|move|p2a: Fake Dog|Earthquake|p1a: Scizor\n|-damage|p1a: Scizor|66\/100\n|move|p1a: Scizor|U-turn|p2a: Fake Dog\n|-resisted|p2a: Fake Dog\n|-damage|p2a: Fake Dog|87\/100\n|\n|t:|1701211878\n|switch|p1a: Slowbro|Slowbro, M|100\/100|[from] U-turn\n|\n|upkeep\n|turn|2\n|\n|t:|1701211885\n|switch|p2a: Hiding Place|Rotom-Wash|100\/100\n|move|p1a: Slowbro|Future Sight|p2a: Hiding Place\n|-start|p1a: Slowbro|move: Future Sight\n|\n|upkeep\n|turn|3\n|\n|t:|1701211889\n|switch|p1a: Clefable|Clefable, F|100\/100\n|move|p2a: Hiding Place|Volt Switch|p1a: Clefable\n|-damage|p1a: Clefable|84\/100\n|\n|t:|1701211903\n|switch|p2a: Abomination|Heatran, M|100\/100|[from] Volt Switch\n|\n|upkeep\n|turn|4\n|\n|t:|1701211920\n|move|p2a: Abomination|Toxic|p1a: Clefable|[miss]\n|-miss|p2a: Abomination|p1a: Clefable\n|move|p1a: Clefable|Teleport|p1a: Clefable\n|\n|t:|1701211924\n|switch|p1a: Ursaluna|Ursaluna, M|100\/100|[from] Teleport\n|\n|-end|p2a: Abomination|move: Future Sight\n|-resisted|p2a: Abomination\n|-damage|p2a: Abomination|87\/100\n|-heal|p2a: Abomination|93\/100|[from] item: Leftovers\n|-status|p1a: Ursaluna|brn|[from] item: Flame Orb\n|upkeep\n|turn|5\n|\n|t:|1701211934\n|move|p2a: Abomination|Magma Storm|p1a: Ursaluna\n|-damage|p1a: Ursaluna|61\/100 brn\n|-activate|p1a: Ursaluna|move: Magma Storm|[of] p2a: Abomination\n|move|p1a: Ursaluna|Headlong Rush|p2a: Abomination\n|-supereffective|p2a: Abomination\n|-damage|p2a: Abomination|0 fnt\n|-unboost|p1a: Ursaluna|def|1\n|-unboost|p1a: Ursaluna|spd|1\n|faint|p2a: Abomination\n|\n|-damage|p1a: Ursaluna|55\/100 brn|[from] brn\n|-end|p1a: Ursaluna|Magma Storm|[partiallytrapped]|[silent]\n|upkeep\n|\n|t:|1701211941\n|switch|p2a: Also No Running|Kartana|100\/100\n|turn|6\n|c|\u2606illneverchooseyou|Why would you not switch lol\n|c|\u2606illneverchooseyou|I almost went for facade but I was like nah if he sends lando I have an answer so just in case\n|inactive|illneverchooseyou has 120 seconds left.\n|\n|t:|1701211972\n|switch|p2a: Hiding Place|Rotom-Wash|100\/100\n|switch|p1a: Scizor|Scizor-Mega, F|66\/100\n|\n|upkeep\n|turn|7\n|\n|t:|1701211980\n|move|p2a: Hiding Place|Will-O-Wisp|p1a: Scizor\n|-status|p1a: Scizor|brn\n|move|p1a: Scizor|Roost|p1a: Scizor\n|-heal|p1a: Scizor|100\/100 brn\n|-singleturn|p1a: Scizor|move: Roost\n|\n|-damage|p1a: Scizor|94\/100 brn|[from] brn\n|upkeep\n|turn|8\n|\n|t:|1701211986\n|move|p2a: Hiding Place|Hydro Pump|p1a: Scizor|[miss]\n|-miss|p2a: Hiding Place|p1a: Scizor\n|move|p1a: Scizor|U-turn|p2a: Hiding Place\n|-damage|p2a: Hiding Place|86\/100\n|\n|t:|1701211991\n|switch|p1a: Clefable|Clefable, F|84\/100|[from] U-turn\n|\n|-heal|p2a: Hiding Place|92\/100|[from] item: Leftovers\n|upkeep\n|turn|9\n|\n|t:|1701211996\n|move|p2a: Hiding Place|Volt Switch|p1a: Clefable\n|-damage|p1a: Clefable|66\/100\n|\n|t:|1701211997\n|switch|p2a: Sharknado|Garchomp, F|100\/100|[from] Volt Switch\n|move|p1a: Clefable|Stealth Rock|p2a: Sharknado\n|-sidestart|p2: dawg doin|move: Stealth Rock\n|\n|upkeep\n|turn|10\n|\n|t:|1701212004\n|switch|p2a: Also No Running|Kartana|100\/100\n|-damage|p2a: Also No Running|94\/100|[from] Stealth Rock\n|switch|p1a: Slowbro|Slowbro, M|100\/100\n|\n|upkeep\n|turn|11\n|\n|t:|1701212019\n|-terastallize|p2a: Also No Running|Grass\n|move|p2a: Also No Running|Leaf Blade|p1a: Slowbro\n|-supereffective|p1a: Slowbro\n|-damage|p1a: Slowbro|8\/100\n|move|p1a: Slowbro|Scald|p2a: Also No Running\n|-resisted|p2a: Also No Running\n|-damage|p2a: Also No Running|48\/100\n|\n|upkeep\n|turn|12\n|\n|t:|1701212025\n|switch|p1a: Scizor|Scizor-Mega, F|94\/100 brn\n|move|p2a: Also No Running|Leaf Blade|p1a: Scizor\n|-resisted|p1a: Scizor\n|-damage|p1a: Scizor|81\/100 brn\n|\n|-damage|p1a: Scizor|75\/100 brn|[from] brn\n|upkeep\n|turn|13\n|\n|t:|1701212029\n|switch|p2a: Fake Dog|Landorus-Therian, M|87\/100\n|-damage|p2a: Fake Dog|74\/100|[from] Stealth Rock\n|-ability|p2a: Fake Dog|Intimidate|boost\n|-unboost|p1a: Scizor|atk|1\n|move|p1a: Scizor|U-turn|p2a: Fake Dog\n|-resisted|p2a: Fake Dog\n|-damage|p2a: Fake Dog|68\/100\n|\n|t:|1701212032\n|switch|p1a: Slowbro|Slowbro, M|41\/100|[from] U-turn\n|\n|upkeep\n|turn|14\n|j| Xceptr\n|\n|t:|1701212037\n|switch|p1a: Scizor|Scizor-Mega, F|75\/100 brn\n|move|p2a: Fake Dog|U-turn|p1a: Scizor\n|-resisted|p1a: Scizor\n|-damage|p1a: Scizor|67\/100 brn\n|\n|t:|1701212039\n|switch|p2a: No Running|Scizor, F|100\/100|[from] U-turn\n|-damage|p2a: No Running|88\/100|[from] Stealth Rock\n|\n|-damage|p1a: Scizor|61\/100 brn|[from] brn\n|upkeep\n|turn|15\n|\n|t:|1701212046\n|detailschange|p2a: No Running|Scizor-Mega, F\n|-mega|p2a: No Running|Scizor|Scizorite\n|move|p1a: Scizor|U-turn|p2a: No Running\n|-resisted|p2a: No Running\n|-damage|p2a: No Running|83\/100\n|\n|t:|1701212069\n|switch|p1a: Tapu Koko|Tapu Koko|100\/100|[from] U-turn\n|-fieldstart|move: Electric Terrain|[from] ability: Electric Surge|[of] p1a: Tapu Koko\n|move|p2a: No Running|Swords Dance|p2a: No Running\n|-boost|p2a: No Running|atk|2\n|\n|upkeep\n|turn|16\n|\n|t:|1701212075\n|move|p2a: No Running|Bullet Punch|p1a: Tapu Koko\n|-damage|p1a: Tapu Koko|13\/100\n|move|p1a: Tapu Koko|Taunt|p2a: No Running\n|-start|p2a: No Running|move: Taunt\n|\n|upkeep\n|turn|17\n|\n|t:|1701212081\n|switch|p1a: Scizor|Scizor-Mega, F|61\/100 brn\n|move|p2a: No Running|U-turn|p1a: Scizor\n|-resisted|p1a: Scizor\n|-damage|p1a: Scizor|41\/100 brn\n|\n|t:|1701212083\n|switch|p2a: Sharknado|Garchomp, F|100\/100|[from] U-turn\n|-damage|p2a: Sharknado|94\/100|[from] Stealth Rock\n|\n|-damage|p1a: Scizor|35\/100 brn|[from] brn\n|upkeep\n|turn|18\n|\n|t:|1701212086\n|move|p2a: Sharknado|Stealth Rock|p1a: Scizor\n|-sidestart|p1: illneverchooseyou|move: Stealth Rock\n|move|p1a: Scizor|Roost|p1a: Scizor\n|-heal|p1a: Scizor|85\/100 brn\n|-singleturn|p1a: Scizor|move: Roost\n|\n|-damage|p1a: Scizor|79\/100 brn|[from] brn\n|upkeep\n|turn|19\n|\n|t:|1701212092\n|move|p2a: Sharknado|Swords Dance|p2a: Sharknado\n|-boost|p2a: Sharknado|atk|2\n|move|p1a: Scizor|Roost|p1a: Scizor\n|-heal|p1a: Scizor|100\/100 brn\n|-singleturn|p1a: Scizor|move: Roost\n|\n|-damage|p1a: Scizor|94\/100 brn|[from] brn\n|-fieldend|move: Electric Terrain\n|upkeep\n|turn|20\n|\n|t:|1701212095\n|move|p2a: Sharknado|Earthquake|p1a: Scizor\n|-damage|p1a: Scizor|26\/100 brn\n|move|p1a: Scizor|U-turn|p2a: Sharknado\n|-damage|p2a: Sharknado|78\/100\n|-damage|p1a: Scizor|14\/100 brn|[from] ability: Rough Skin|[of] p2a: Sharknado\n|\n|t:|1701212105\n|switch|p1a: Iron Valiant|Iron Valiant|100\/100|[from] U-turn\n|-damage|p1a: Iron Valiant|94\/100|[from] Stealth Rock\n|\n|upkeep\n|turn|21\n|\n|t:|1701212112\n|switch|p2a: No Running|Scizor-Mega, F|83\/100\n|-damage|p2a: No Running|71\/100|[from] Stealth Rock\n|move|p1a: Iron Valiant|Close Combat|p2a: No Running\n|-damage|p2a: No Running|29\/100\n|-unboost|p1a: Iron Valiant|def|1\n|-unboost|p1a: Iron Valiant|spd|1\n|-damage|p1a: Iron Valiant|85\/100|[from] item: Life Orb\n|\n|upkeep\n|turn|22\n|l| Xceptr\n|j| Xceptr\n|\n|t:|1701212128\n|switch|p2a: Fake Dog|Landorus-Therian, M|68\/100\n|-damage|p2a: Fake Dog|55\/100|[from] Stealth Rock\n|-ability|p2a: Fake Dog|Intimidate|boost\n|-unboost|p1a: Iron Valiant|atk|1\n|move|p1a: Iron Valiant|Close Combat|p2a: Fake Dog\n|-resisted|p2a: Fake Dog\n|-damage|p2a: Fake Dog|27\/100\n|-unboost|p1a: Iron Valiant|def|1\n|-unboost|p1a: Iron Valiant|spd|1\n|-damage|p1a: Iron Valiant|75\/100|[from] item: Life Orb\n|\n|upkeep\n|turn|23\n|\n|t:|1701212150\n|-end|p1a: Iron Valiant|Quark Drive|[silent]\n|switch|p1a: Scizor|Scizor-Mega, F|14\/100 brn\n|-damage|p1a: Scizor|2\/100 brn|[from] Stealth Rock\n|move|p2a: Fake Dog|Earthquake|p1a: Scizor\n|-damage|p1a: Scizor|0 fnt\n|faint|p1a: Scizor\n|\n|upkeep\n|inactive|illneverchooseyou has 120 seconds left.\n|\n|t:|1701212161\n|switch|p1a: Slowbro|Slowbro, M|75\/100\n|turn|24\n|inactive|illneverchooseyou has 120 seconds left.\n|\n|t:|1701212171\n|switch|p2a: Hiding Place|Rotom-Wash|92\/100\n|-damage|p2a: Hiding Place|79\/100|[from] Stealth Rock\n|move|p1a: Slowbro|Trick Room|p1a: Slowbro\n|-fieldstart|move: Trick Room|[of] p1a: Slowbro\n|\n|-heal|p2a: Hiding Place|86\/100|[from] item: Leftovers\n|upkeep\n|turn|25\n|inactive|illneverchooseyou has 120 seconds left.\n|\n|t:|1701212184\n|move|p2a: Hiding Place|Will-O-Wisp|p1a: Slowbro\n|-status|p1a: Slowbro|brn\n|move|p1a: Slowbro|Teleport|p1a: Slowbro\n|\n|t:|1701212186\n|switch|p1a: Ursaluna|Ursaluna, M|55\/100 brn|[from] Teleport\n|-damage|p1a: Ursaluna|49\/100 brn|[from] Stealth Rock\n|\n|-heal|p2a: Hiding Place|92\/100|[from] item: Leftovers\n|-damage|p1a: Ursaluna|43\/100 brn|[from] brn\n|upkeep\n|turn|26\n|\n|t:|1701212192\n|move|p1a: Ursaluna|Facade|p2a: Hiding Place\n|-damage|p2a: Hiding Place|0 fnt\n|faint|p2a: Hiding Place\n|\n|-damage|p1a: Ursaluna|37\/100 brn|[from] brn\n|upkeep\n|\n|t:|1701212196\n|switch|p2a: Fake Dog|Landorus-Therian, M|27\/100\n|-damage|p2a: Fake Dog|15\/100|[from] Stealth Rock\n|-ability|p2a: Fake Dog|Intimidate|boost\n|-unboost|p1a: Ursaluna|atk|1\n|turn|27\n|\n|t:|1701212198\n|switch|p2a: Sharknado|Garchomp, F|78\/100\n|-damage|p2a: Sharknado|71\/100|[from] Stealth Rock\n|move|p1a: Ursaluna|Facade|p2a: Sharknado\n|-damage|p2a: Sharknado|0 fnt\n|-damage|p1a: Ursaluna|24\/100 brn|[from] ability: Rough Skin|[of] p2a: Sharknado\n|faint|p2a: Sharknado\n|\n|-damage|p1a: Ursaluna|18\/100 brn|[from] brn\n|upkeep\n|\n|t:|1701212200\n|switch|p2a: No Running|Scizor-Mega, F|29\/100\n|-damage|p2a: No Running|17\/100|[from] Stealth Rock\n|turn|28\n|\n|t:|1701212206\n|switch|p1a: Slowbro|Slowbro, M|100\/100 brn\n|move|p2a: No Running|Bullet Punch|p1a: Slowbro\n|-resisted|p1a: Slowbro\n|-damage|p1a: Slowbro|92\/100 brn\n|\n|-damage|p1a: Slowbro|86\/100 brn|[from] brn\n|-fieldend|move: Trick Room\n|upkeep\n|turn|29\n|\n|t:|1701212210\n|move|p2a: No Running|Roost|p2a: No Running\n|-heal|p2a: No Running|67\/100\n|-singleturn|p2a: No Running|move: Roost\n|move|p1a: Slowbro|Scald|p2a: No Running\n|-damage|p2a: No Running|45\/100\n|-status|p2a: No Running|brn\n|\n|-damage|p2a: No Running|39\/100 brn|[from] brn\n|-damage|p1a: Slowbro|80\/100 brn|[from] brn\n|upkeep\n|turn|30\n|\n|t:|1701212213\n|move|p2a: No Running|Roost|p2a: No Running\n|-heal|p2a: No Running|89\/100 brn\n|-singleturn|p2a: No Running|move: Roost\n|move|p1a: Slowbro|Future Sight|p2a: No Running\n|-start|p1a: Slowbro|move: Future Sight\n|\n|-damage|p2a: No Running|83\/100 brn|[from] brn\n|-damage|p1a: Slowbro|74\/100 brn|[from] brn\n|upkeep\n|turn|31\n|\n|t:|1701212216\n|move|p2a: No Running|Swords Dance|p2a: No Running\n|-boost|p2a: No Running|atk|2\n|move|p1a: Slowbro|Teleport|p1a: Slowbro\n|\n|t:|1701212218\n|switch|p1a: Clefable|Clefable, F|66\/100|[from] Teleport\n|\n|-damage|p2a: No Running|77\/100 brn|[from] brn\n|upkeep\n|turn|32\n|\n|t:|1701212220\n|-terastallize|p1a: Clefable|Water\n|move|p2a: No Running|Bullet Punch|p1a: Clefable\n|-resisted|p1a: Clefable\n|-damage|p1a: Clefable|58\/100\n|move|p1a: Clefable|Wish|p1a: Clefable\n|\n|-end|p2a: No Running|move: Future Sight\n|-resisted|p2a: No Running\n|-damage|p2a: No Running|62\/100 brn\n|-damage|p2a: No Running|56\/100 brn|[from] brn\n|upkeep\n|turn|33\n|\n|t:|1701212227\n|move|p2a: No Running|Swords Dance|p2a: No Running\n|-boost|p2a: No Running|atk|2\n|move|p1a: Clefable|Moonblast|p2a: No Running\n|-resisted|p2a: No Running\n|-damage|p2a: No Running|43\/100 brn\n|\n|-heal|p1a: Clefable|100\/100|[from] move: Wish|[wisher] Clefable\n|-damage|p2a: No Running|37\/100 brn|[from] brn\n|upkeep\n|turn|34\n|\n|t:|1701212232\n|move|p2a: No Running|Roost|p2a: No Running\n|-heal|p2a: No Running|87\/100 brn\n|-singleturn|p2a: No Running|move: Roost\n|move|p1a: Clefable|Wish|p1a: Clefable\n|\n|-damage|p2a: No Running|81\/100 brn|[from] brn\n|upkeep\n|turn|35\n|\n|t:|1701212235\n|move|p2a: No Running|Bullet Punch|p1a: Clefable\n|-resisted|p1a: Clefable\n|-damage|p1a: Clefable|92\/100\n|move|p1a: Clefable|Moonblast|p2a: No Running\n|-resisted|p2a: No Running\n|-damage|p2a: No Running|69\/100 brn\n|-unboost|p2a: No Running|spa|1\n|\n|-heal|p1a: Clefable|100\/100|[from] move: Wish|[wisher] Clefable\n|-damage|p2a: No Running|63\/100 brn|[from] brn\n|upkeep\n|turn|36\n|\n|t:|1701212238\n|move|p2a: No Running|Swords Dance|p2a: No Running\n|-boost|p2a: No Running|atk|2\n|move|p1a: Clefable|Moonblast|p2a: No Running\n|-resisted|p2a: No Running\n|-damage|p2a: No Running|51\/100 brn\n|\n|-damage|p2a: No Running|45\/100 brn|[from] brn\n|upkeep\n|turn|37\n|\n|t:|1701212240\n|move|p2a: No Running|Roost|p2a: No Running\n|-heal|p2a: No Running|95\/100 brn\n|-singleturn|p2a: No Running|move: Roost\n|move|p1a: Clefable|Wish|p1a: Clefable\n|\n|-damage|p2a: No Running|89\/100 brn|[from] brn\n|upkeep\n|turn|38\n|\n|t:|1701212242\n|move|p2a: No Running|Bullet Punch|p1a: Clefable\n|-resisted|p1a: Clefable\n|-damage|p1a: Clefable|93\/100\n|move|p1a: Clefable|Moonblast|p2a: No Running\n|-resisted|p2a: No Running\n|-damage|p2a: No Running|77\/100 brn\n|\n|-heal|p1a: Clefable|100\/100|[from] move: Wish|[wisher] Clefable\n|-damage|p2a: No Running|71\/100 brn|[from] brn\n|upkeep\n|turn|39\n|\n|t:|1701212247\n|move|p2a: No Running|Roost|p2a: No Running\n|-heal|p2a: No Running|100\/100 brn\n|-singleturn|p2a: No Running|move: Roost\n|move|p1a: Clefable|Moonblast|p2a: No Running\n|-resisted|p2a: No Running\n|-damage|p2a: No Running|89\/100 brn\n|\n|-damage|p2a: No Running|83\/100 brn|[from] brn\n|upkeep\n|turn|40\n|\n|t:|1701212250\n|move|p2a: No Running|Bullet Punch|p1a: Clefable\n|-resisted|p1a: Clefable\n|-damage|p1a: Clefable|93\/100\n|move|p1a: Clefable|Wish|p1a: Clefable\n|\n|-damage|p2a: No Running|77\/100 brn|[from] brn\n|upkeep\n|turn|41\n|\n|t:|1701212253\n|move|p2a: No Running|Bullet Punch|p1a: Clefable\n|-resisted|p1a: Clefable\n|-damage|p1a: Clefable|85\/100\n|move|p1a: Clefable|Moonblast|p2a: No Running\n|-resisted|p2a: No Running\n|-damage|p2a: No Running|63\/100 brn\n|\n|-heal|p1a: Clefable|100\/100|[from] move: Wish|[wisher] Clefable\n|-damage|p2a: No Running|57\/100 brn|[from] brn\n|upkeep\n|turn|42\n|\n|t:|1701212257\n|move|p2a: No Running|U-turn|p1a: Clefable\n|-damage|p1a: Clefable|82\/100\n|\n|t:|1701212258\n|switch|p2a: Also No Running|Kartana, tera:Grass|48\/100|[from] U-turn\n|-damage|p2a: Also No Running|35\/100|[from] Stealth Rock\n|move|p1a: Clefable|Moonblast|p2a: Also No Running\n|-damage|p2a: Also No Running|0 fnt\n|faint|p2a: Also No Running\n|\n|upkeep\n|-message|dawg doin forfeited.\n|\n|win|illneverchooseyou\n|raw|illneverchooseyou's rating: 1573 &rarr; <strong>1600<\/strong><br \/>(+27 for winning)\n|raw|dawg doin's rating: 1693 &rarr; <strong>1666<\/strong><br \/>(-27 for losing)\n|l|\u2606dawg doin\n","uploadtime":1701212292,"views":0,"p1id":"illneverchooseyou","p2id":"dawgdoin","formatid":"gen9nationaldex","rating":1600,"private":0,"password":""}