{"id":"gen9nationaldex-1991716933","p1":"Tank Tests","p2":"Juansenya2.0","format":"[Gen 9] National Dex","log":"|j|\u2606Tank Tests\n|j|\u2606Juansenya2.0\n|t:|1700106310\n|gametype|singles\n|player|p1|Tank Tests|2|1336\n|player|p2|Juansenya2.0|170|1281\n|teamsize|p1|6\n|teamsize|p2|6\n|gen|9\n|tier|[Gen 9] National Dex\n|rated|\n|rule|HP Percentage Mod: HP is shown in percentages\n|rule|Endless Battle Clause: Forcing endless battles is banned\n|rule|OHKO Clause: OHKO moves are banned\n|rule|Evasion Clause: Evasion abilities, items, and moves are banned\n|rule|Evasion Abilities Clause: Evasion abilities are banned\n|rule|Evasion Items Clause: Evasion items are banned\n|rule|Evasion Moves Clause: Evasion moves are banned\n|rule|Species Clause: Limit one of each Pok\u00e9mon\n|rule|Sleep Clause Mod: Limit one foe put to sleep\n|clearpoke\n|poke|p1|Pawmot, M|\n|poke|p1|Rabsca, F|\n|poke|p1|Banette, M|\n|poke|p1|Victini|\n|poke|p1|Dragonite, F|\n|poke|p1|Forretress, F|\n|poke|p2|Zapdos|\n|poke|p2|Diancie|\n|poke|p2|Great Tusk|\n|poke|p2|Toxapex, M|\n|poke|p2|Heatran, F|\n|poke|p2|Weavile, M|\n|teampreview\n|inactive|Battle timer is ON: inactive players will automatically lose when time's up. (requested by Juansenya2.0)\n|\n|t:|1700106323\n|start\n|switch|p1a: Victini|Victini|100\/100\n|switch|p2a: Diancie|Diancie, shiny|100\/100\n|turn|1\n|\n|t:|1700106332\n|detailschange|p2a: Diancie|Diancie-Mega, shiny\n|-mega|p2a: Diancie|Diancie|Diancite\n|move|p1a: Victini|Final Gambit|p2a: Diancie\n|-damage|p2a: Diancie|0 fnt\n|faint|p1a: Victini\n|faint|p2a: Diancie\n|\n|upkeep\n|\n|t:|1700106341\n|switch|p2a: Zapdos|Zapdos, shiny|100\/100\n|switch|p1a: Banette|Banette, M|100\/100\n|turn|2\n|\n|t:|1700106347\n|detailschange|p1a: Banette|Banette-Mega, M\n|-mega|p1a: Banette|Banette|Banettite\n|move|p2a: Zapdos|Volt Switch|p1a: Banette\n|-damage|p1a: Banette|27\/100\n|\n|t:|1700106356\n|switch|p2a: Heatran|Heatran, F, shiny|100\/100|[from] Volt Switch\n|move|p1a: Banette|Poltergeist|p2a: Heatran\n|-activate|p2a: Heatran|move: Poltergeist|Leftovers\n|-damage|p2a: Heatran|39\/100\n|\n|-heal|p2a: Heatran|45\/100|[from] item: Leftovers\n|upkeep\n|turn|3\n|\n|t:|1700106366\n|move|p1a: Banette|Destiny Bond|p1a: Banette\n|-singlemove|p1a: Banette|Destiny Bond\n|move|p2a: Heatran|Stealth Rock|p1a: Banette\n|-sidestart|p1: Tank Tests|move: Stealth Rock\n|\n|-heal|p2a: Heatran|51\/100|[from] item: Leftovers\n|upkeep\n|turn|4\n|\n|t:|1700106375\n|switch|p2a: Toxapex|Toxapex, M, shiny|100\/100\n|move|p1a: Banette|Encore||[still]\n|-fail|p1a: Banette\n|\n|upkeep\n|turn|5\n|\n|t:|1700106381\n|move|p1a: Banette|Poltergeist|p2a: Toxapex\n|-activate|p2a: Toxapex|move: Poltergeist|Eject Button\n|-damage|p2a: Toxapex|51\/100\n|-enditem|p2a: Toxapex|Eject Button\n|\n|t:|1700106393\n|switch|p2a: Weavile|Weavile, M, shiny|100\/100\n|-ability|p2a: Weavile|Pressure\n|\n|upkeep\n|turn|6\n|\n|t:|1700106397\n|move|p2a: Weavile|Ice Shard|p1a: Banette\n|-damage|p1a: Banette|0 fnt\n|faint|p1a: Banette\n|\n|upkeep\n|\n|t:|1700106400\n|switch|p1a: Forretress|Forretress, F|100\/100\n|turn|7\n|\n|t:|1700106412\n|switch|p2a: Zapdos|Zapdos, shiny|100\/100\n|move|p1a: Forretress|Rapid Spin|p2a: Zapdos\n|-damage|p2a: Zapdos|88\/100\n|-boost|p1a: Forretress|spe|1\n|-sideend|p1: Tank Tests|Stealth Rock|[from] move: Rapid Spin|[of] p1a: Forretress\n|\n|upkeep\n|turn|8\n|\n|t:|1700106417\n|move|p2a: Zapdos|Volt Switch|p1a: Forretress\n|-damage|p1a: Forretress|67\/100\n|\n|t:|1700106419\n|switch|p2a: Heatran|Heatran, F, shiny|51\/100|[from] Volt Switch\n|move|p1a: Forretress|Explosion|p2a: Heatran\n|-resisted|p2a: Heatran\n|-damage|p2a: Heatran|30\/100\n|faint|p1a: Forretress\n|\n|-heal|p2a: Heatran|37\/100|[from] item: Leftovers\n|upkeep\n|\n|t:|1700106427\n|switch|p1a: Dragonite|Dragonite, F|100\/100\n|turn|9\n|\n|t:|1700106430\n|move|p1a: Dragonite|Dragon Dance|p1a: Dragonite\n|-boost|p1a: Dragonite|atk|1\n|-boost|p1a: Dragonite|spe|1\n|move|p2a: Heatran|Toxic|p1a: Dragonite\n|-status|p1a: Dragonite|tox\n|\n|-heal|p2a: Heatran|43\/100|[from] item: Leftovers\n|-damage|p1a: Dragonite|94\/100 tox|[from] psn\n|upkeep\n|turn|10\n|\n|t:|1700106436\n|move|p1a: Dragonite|Earthquake|p2a: Heatran\n|-supereffective|p2a: Heatran\n|-damage|p2a: Heatran|0 fnt\n|faint|p2a: Heatran\n|\n|-damage|p1a: Dragonite|82\/100 tox|[from] psn\n|upkeep\n|\n|t:|1700106447\n|switch|p2a: Zapdos|Zapdos, shiny|88\/100\n|turn|11\n|\n|t:|1700106457\n|move|p1a: Dragonite|Dragon Claw|p2a: Zapdos\n|-damage|p2a: Zapdos|4\/100\n|move|p2a: Zapdos|Roost|p2a: Zapdos\n|-heal|p2a: Zapdos|54\/100\n|-singleturn|p2a: Zapdos|move: Roost\n|\n|-damage|p1a: Dragonite|63\/100 tox|[from] psn\n|upkeep\n|turn|12\n|\n|t:|1700106463\n|switch|p2a: Toxapex|Toxapex, M, shiny|84\/100\n|-terastallize|p1a: Dragonite|Normal\n|move|p1a: Dragonite|Extreme Speed|p2a: Toxapex\n|-damage|p2a: Toxapex|39\/100\n|\n|-damage|p1a: Dragonite|39\/100 tox|[from] psn\n|upkeep\n|turn|13\n|\n|t:|1700106471\n|move|p1a: Dragonite|Extreme Speed|p2a: Toxapex\n|-damage|p2a: Toxapex|0 fnt\n|faint|p2a: Toxapex\n|\n|-damage|p1a: Dragonite|8\/100 tox|[from] psn\n|upkeep\n|\n|t:|1700106475\n|switch|p2a: Weavile|Weavile, M, shiny|100\/100\n|-ability|p2a: Weavile|Pressure\n|turn|14\n|\n|t:|1700106478\n|switch|p2a: Great Tusk|Great Tusk, shiny|100\/100\n|move|p1a: Dragonite|Extreme Speed|p2a: Great Tusk\n|-damage|p2a: Great Tusk|53\/100\n|\n|-damage|p1a: Dragonite|0 fnt|[from] psn\n|faint|p1a: Dragonite\n|upkeep\n|\n|t:|1700106484\n|switch|p1a: Rabsca|Rabsca, F|100\/100\n|turn|15\n|\n|t:|1700106493\n|move|p2a: Great Tusk|Earthquake|p1a: Rabsca\n|-resisted|p1a: Rabsca\n|-damage|p1a: Rabsca|79\/100\n|move|p1a: Rabsca|Revival Blessing|p1a: Rabsca\n|-enditem|p1a: Rabsca|Leppa Berry|[eat]\n|-activate|p1a: Rabsca|item: Leppa Berry|Revival Blessing|[consumed]\n|\n|t:|1700106498\n|-heal|p1: Dragonite|50\/100|[from] move: Revival Blessing\n|\n|upkeep\n|turn|16\n|\n|t:|1700106506\n|-end|p2a: Great Tusk|Protosynthesis|[silent]\n|switch|p2a: Weavile|Weavile, M, shiny|100\/100\n|-ability|p2a: Weavile|Pressure\n|move|p1a: Rabsca|Revival Blessing|p1a: Rabsca\n|\n|t:|1700106509\n|-heal|p1: Banette|50\/100|[from] move: Revival Blessing\n|\n|upkeep\n|turn|17\n|\n|t:|1700106521\n|move|p2a: Weavile|Knock Off|p1a: Rabsca\n|-supereffective|p1a: Rabsca\n|-crit|p1a: Rabsca\n|-damage|p1a: Rabsca|0 fnt\n|faint|p1a: Rabsca\n|\n|upkeep\n|\n|t:|1700106524\n|switch|p1a: Pawmot|Pawmot, M|100\/100\n|turn|18\n|\n|t:|1700106527\n|switch|p2a: Zapdos|Zapdos, shiny|54\/100\n|move|p1a: Pawmot|Revival Blessing|p1a: Pawmot\n|-enditem|p1a: Pawmot|Leppa Berry|[eat]\n|-activate|p1a: Pawmot|item: Leppa Berry|Revival Blessing|[consumed]\n|\n|t:|1700106530\n|-heal|p1: Victini|50\/100|[from] move: Revival Blessing\n|\n|upkeep\n|turn|19\n|-message|Juansenya2.0 forfeited.\n|\n|win|Tank Tests\n|raw|Tank Tests's rating: 1336 &rarr; <strong>1353<\/strong><br \/>(+17 for winning)\n|raw|Juansenya2.0's rating: 1281 &rarr; <strong>1260<\/strong><br \/>(-21 for losing)\n|l|\u2606Juansenya2.0\n","uploadtime":1700106537,"views":14,"p1id":"tanktests","p2id":"juansenya20","formatid":"gen9nationaldex","rating":1260,"private":0,"password":""}