{"id":"gen9nationaldex-1987156297","p1":"MorrisThePetRock3","p2":"lxvliiz","format":"[Gen 9] National Dex","log":"|j|\u2606MorrisThePetRock3\n|j|\u2606lxvliiz\n|t:|1699560756\n|gametype|singles\n|player|p1|MorrisThePetRock3|unknown|1087\n|player|p2|lxvliiz|guitarist|1171\n|teamsize|p1|6\n|teamsize|p2|6\n|gen|9\n|tier|[Gen 9] National Dex\n|rated|\n|rule|HP Percentage Mod: HP is shown in percentages\n|rule|Endless Battle Clause: Forcing endless battles is banned\n|rule|OHKO Clause: OHKO moves are banned\n|rule|Evasion Clause: Evasion abilities, items, and moves are banned\n|rule|Evasion Abilities Clause: Evasion abilities are banned\n|rule|Evasion Items Clause: Evasion items are banned\n|rule|Evasion Moves Clause: Evasion moves are banned\n|rule|Species Clause: Limit one of each Pok\u00e9mon\n|rule|Sleep Clause Mod: Limit one foe put to sleep\n|clearpoke\n|poke|p1|Dragonite, F|\n|poke|p1|Volcarona, M|\n|poke|p1|Barraskewda, M|\n|poke|p1|Magnezone|\n|poke|p1|Gliscor, M|\n|poke|p1|Swoobat, F|\n|poke|p2|Charizard, F|\n|poke|p2|Azumarill, F|\n|poke|p2|Lilligant-Hisui, F|\n|poke|p2|Aegislash, M|\n|poke|p2|Nidoking, M|\n|poke|p2|Grimmsnarl, M|\n|teampreview\n|\n|t:|1699560767\n|start\n|switch|p1a: mrbeast|Swoobat, F|100\/100\n|switch|p2a: Grimmsnarl|Grimmsnarl, M|100\/100\n|turn|1\n|c|\u2606MorrisThePetRock3|respect for the azumarill\n|c|\u2606MorrisThePetRock3|i used to have one\n|\n|t:|1699560778\n|move|p2a: Grimmsnarl|Light Screen|p2a: Grimmsnarl\n|-sidestart|p2: lxvliiz|move: Light Screen\n|move|p1a: mrbeast|Calm Mind|p1a: mrbeast\n|-boost|p1a: mrbeast|spa|2\n|-boost|p1a: mrbeast|spd|2\n|\n|upkeep\n|turn|2\n|\n|t:|1699560785\n|move|p2a: Grimmsnarl|Reflect|p2a: Grimmsnarl\n|-sidestart|p2: lxvliiz|Reflect\n|move|p1a: mrbeast|Heat Wave|p2a: Grimmsnarl\n|-damage|p2a: Grimmsnarl|85\/100\n|\n|upkeep\n|turn|3\n|\n|t:|1699560790\n|move|p2a: Grimmsnarl|Parting Shot|p1a: mrbeast\n|-unboost|p1a: mrbeast|atk|2\n|-unboost|p1a: mrbeast|spa|2\n|c|\u2606lxvliiz|azumarill awesome\n|c|\u2606MorrisThePetRock3|it is\n|\n|t:|1699560800\n|switch|p2a: Azumarill|Azumarill, F|100\/100|[from] Parting Shot\n|move|p1a: mrbeast|Calm Mind|p1a: mrbeast\n|-boost|p1a: mrbeast|spa|2\n|-boost|p1a: mrbeast|spd|2\n|\n|upkeep\n|turn|4\n|c|\u2606MorrisThePetRock3|uh oh\n|\n|t:|1699560810\n|move|p1a: mrbeast|Calm Mind|p1a: mrbeast\n|-boost|p1a: mrbeast|spa|2\n|-boost|p1a: mrbeast|spd|2\n|move|p2a: Azumarill|Belly Drum|p2a: Azumarill\n|-damage|p2a: Azumarill|50\/100\n|-setboost|p2a: Azumarill|atk|6|[from] move: Belly Drum\n|-enditem|p2a: Azumarill|Sitrus Berry|[eat]\n|-heal|p2a: Azumarill|75\/100|[from] item: Sitrus Berry\n|\n|upkeep\n|turn|5\n|\n|t:|1699560823\n|-terastallize|p2a: Azumarill|Water\n|move|p1a: mrbeast|Calm Mind|p1a: mrbeast\n|-boost|p1a: mrbeast|spa|2\n|-boost|p1a: mrbeast|spd|0\n|move|p2a: Azumarill|Liquidation|p1a: mrbeast\n|-enditem|p1a: mrbeast|Focus Sash\n|-damage|p1a: mrbeast|1\/100\n|\n|upkeep\n|turn|6\n|\n|t:|1699560834\n|move|p2a: Azumarill|Aqua Jet|p1a: mrbeast\n|-damage|p1a: mrbeast|0 fnt\n|faint|p1a: mrbeast\n|\n|upkeep\n|c|\u2606MorrisThePetRock3|ohhh....\n|c|\u2606MorrisThePetRock3|im dumb\n|\n|t:|1699560845\n|switch|p1a: light goofball|Magnezone|100\/100\n|turn|7\n|c|\u2606lxvliiz|azumarill\n|\n|t:|1699560855\n|move|p2a: Azumarill|Aqua Jet|p1a: light goofball\n|-enditem|p1a: light goofball|Focus Sash\n|-damage|p1a: light goofball|1\/100\n|move|p1a: light goofball|Thunderbolt|p2a: Azumarill\n|-supereffective|p2a: Azumarill\n|-damage|p2a: Azumarill|24\/100\n|\n|upkeep\n|turn|8\n|c|\u2606MorrisThePetRock3|sash magnezone :troll:\n|\n|t:|1699560873\n|move|p2a: Azumarill|Aqua Jet|p1a: light goofball\n|-damage|p1a: light goofball|0 fnt\n|faint|p1a: light goofball\n|\n|-sideend|p2: lxvliiz|move: Light Screen\n|upkeep\n|c|\u2606lxvliiz|\ud83d\ude2d\n|\n|t:|1699560878\n|switch|p1a: brown goofball|Barraskewda, M|100\/100\n|turn|9\n|c|\u2606lxvliiz|i survived bc of light screen\n|\n|t:|1699560887\n|move|p2a: Azumarill|Aqua Jet|p1a: brown goofball\n|-resisted|p1a: brown goofball\n|-enditem|p1a: brown goofball|Focus Sash\n|-damage|p1a: brown goofball|1\/100\n|move|p1a: brown goofball|Ice Fang|p2a: Azumarill\n|-resisted|p2a: Azumarill\n|-damage|p2a: Azumarill|19\/100\n|\n|-sideend|p2: lxvliiz|Reflect\n|upkeep\n|turn|10\n|c|\u2606lxvliiz|\u2026\n|\n|t:|1699560895\n|move|p1a: brown goofball|Aqua Jet|p2a: Azumarill\n|-resisted|p2a: Azumarill\n|-damage|p2a: Azumarill|9\/100\n|move|p2a: Azumarill|Aqua Jet|p1a: brown goofball\n|-resisted|p1a: brown goofball\n|-damage|p1a: brown goofball|0 fnt\n|faint|p1a: brown goofball\n|\n|upkeep\n|c|\u2606lxvliiz|are you all sashed\n|\n|t:|1699560903\n|switch|p1a: green goofball|Dragonite, F, shiny|100\/100\n|turn|11\n|\n|t:|1699560909\n|move|p1a: green goofball|Dragon Claw|p2a: Azumarill\n|-damage|p2a: Azumarill|0 fnt\n|faint|p2a: Azumarill\n|\n|upkeep\n|\n|t:|1699560913\n|switch|p2a: Grimmsnarl|Grimmsnarl, M|85\/100\n|turn|12\n|\n|t:|1699560917\n|move|p2a: Grimmsnarl|Reflect|p2a: Grimmsnarl\n|-sidestart|p2: lxvliiz|Reflect\n|move|p1a: green goofball|Dragon Dance|p1a: green goofball\n|-boost|p1a: green goofball|atk|1\n|-boost|p1a: green goofball|spe|1\n|\n|upkeep\n|turn|13\n|\n|t:|1699560923\n|move|p2a: Grimmsnarl|Light Screen|p2a: Grimmsnarl\n|-sidestart|p2: lxvliiz|move: Light Screen\n|move|p1a: green goofball|Dragon Dance|p1a: green goofball\n|-boost|p1a: green goofball|atk|1\n|-boost|p1a: green goofball|spe|1\n|\n|upkeep\n|turn|14\n|\n|t:|1699560928\n|-terastallize|p1a: green goofball|Steel\n|move|p2a: Grimmsnarl|Parting Shot|p1a: green goofball\n|-unboost|p1a: green goofball|atk|1\n|-unboost|p1a: green goofball|spa|1\n|\n|t:|1699560935\n|switch|p2a: Aegislash|Aegislash, M|100\/100|[from] Parting Shot\n|move|p1a: green goofball|Tera Blast|p2a: Aegislash|[anim] Tera Blast Steel\n|-resisted|p2a: Aegislash\n|-damage|p2a: Aegislash|86\/100\n|\n|upkeep\n|turn|15\n|\n|t:|1699560941\n|move|p1a: green goofball|Dragon Claw|p2a: Aegislash\n|-resisted|p2a: Aegislash\n|-damage|p2a: Aegislash|73\/100\n|-formechange|p2a: Aegislash|Aegislash-Blade||[from] ability: Stance Change\n|move|p2a: Aegislash|Shadow Ball|p1a: green goofball\n|-damage|p1a: green goofball|85\/100\n|\n|upkeep\n|turn|16\n|c|\u2606MorrisThePetRock3|dang\n|\n|t:|1699560953\n|switch|p1a: red goofball|Volcarona, M|100\/100\n|move|p2a: Aegislash|Gyro Ball|p1a: red goofball\n|-resisted|p1a: red goofball\n|-damage|p1a: red goofball|44\/100\n|-status|p2a: Aegislash|brn|[from] ability: Flame Body|[of] p1a: red goofball\n|\n|-heal|p1a: red goofball|50\/100|[from] item: Leftovers\n|-damage|p2a: Aegislash|67\/100 brn|[from] brn\n|upkeep\n|turn|17\n|\n|t:|1699560964\n|-formechange|p2a: Aegislash|Aegislash||[from] ability: Stance Change\n|move|p2a: Aegislash|King's Shield|p2a: Aegislash\n|-singleturn|p2a: Aegislash|Protect\n|move|p1a: red goofball|Fiery Dance|p2a: Aegislash\n|-activate|p2a: Aegislash|move: Protect\n|\n|-heal|p1a: red goofball|56\/100|[from] item: Leftovers\n|-damage|p2a: Aegislash|60\/100 brn|[from] brn\n|upkeep\n|turn|18\n|\n|t:|1699560976\n|move|p1a: red goofball|Fiery Dance|p2a: Aegislash\n|-supereffective|p2a: Aegislash\n|-damage|p2a: Aegislash|35\/100 brn\n|-boost|p1a: red goofball|spa|1\n|-formechange|p2a: Aegislash|Aegislash-Blade||[from] ability: Stance Change\n|move|p2a: Aegislash|Gyro Ball|p1a: red goofball\n|-resisted|p1a: red goofball\n|-damage|p1a: red goofball|31\/100\n|\n|-heal|p1a: red goofball|37\/100|[from] item: Leftovers\n|-damage|p2a: Aegislash|29\/100 brn|[from] brn\n|upkeep\n|turn|19\n|\n|t:|1699560986\n|-formechange|p2a: Aegislash|Aegislash||[from] ability: Stance Change\n|move|p2a: Aegislash|King's Shield|p2a: Aegislash\n|-singleturn|p2a: Aegislash|Protect\n|move|p1a: red goofball|Fiery Dance|p2a: Aegislash\n|-activate|p2a: Aegislash|move: Protect\n|\n|-heal|p1a: red goofball|43\/100|[from] item: Leftovers\n|-damage|p2a: Aegislash|23\/100 brn|[from] brn\n|-sideend|p2: lxvliiz|Reflect\n|upkeep\n|turn|20\n|\n|t:|1699560999\n|move|p1a: red goofball|Fiery Dance|p2a: Aegislash\n|-supereffective|p2a: Aegislash\n|-damage|p2a: Aegislash|0 fnt\n|faint|p2a: Aegislash\n|\n|-heal|p1a: red goofball|49\/100|[from] item: Leftovers\n|-sideend|p2: lxvliiz|move: Light Screen\n|upkeep\n|\n|t:|1699561003\n|switch|p2a: Nidoking|Nidoking, M|100\/100\n|turn|21\n|\n|t:|1699561012\n|move|p1a: red goofball|Air Slash|p2a: Nidoking\n|-damage|p2a: Nidoking|45\/100\n|cant|p2a: Nidoking|flinch\n|\n|-heal|p1a: red goofball|55\/100|[from] item: Leftovers\n|upkeep\n|turn|22\n|\n|t:|1699561017\n|move|p1a: red goofball|Air Slash|p2a: Nidoking\n|-damage|p2a: Nidoking|0 fnt\n|faint|p2a: Nidoking\n|\n|-heal|p1a: red goofball|62\/100|[from] item: Leftovers\n|upkeep\n|\n|t:|1699561020\n|switch|p2a: Grimmsnarl|Grimmsnarl, M|85\/100\n|turn|23\n|c|\u2606MorrisThePetRock3|that was lucky\n|\n|t:|1699561027\n|move|p2a: Grimmsnarl|Light Screen|p2a: Grimmsnarl\n|-sidestart|p2: lxvliiz|move: Light Screen\n|move|p1a: red goofball|Bug Buzz|p2a: Grimmsnarl\n|-damage|p2a: Grimmsnarl|56\/100\n|\n|-heal|p1a: red goofball|68\/100|[from] item: Leftovers\n|upkeep\n|turn|24\n|c|\u2606lxvliiz|sobbing\n|\n|t:|1699561033\n|move|p2a: Grimmsnarl|Reflect|p2a: Grimmsnarl\n|-sidestart|p2: lxvliiz|Reflect\n|move|p1a: red goofball|Quiver Dance|p1a: red goofball\n|-boost|p1a: red goofball|spa|1\n|-boost|p1a: red goofball|spd|1\n|-boost|p1a: red goofball|spe|1\n|\n|-heal|p1a: red goofball|74\/100|[from] item: Leftovers\n|upkeep\n|turn|25\n|c|\u2606MorrisThePetRock3|real\n|\n|t:|1699561039\n|move|p2a: Grimmsnarl|Parting Shot|p1a: red goofball\n|-unboost|p1a: red goofball|atk|1\n|-unboost|p1a: red goofball|spa|1\n|\n|t:|1699561045\n|switch|p2a: Charizard|Charizard, F|100\/100|[from] Parting Shot\n|move|p1a: red goofball|Quiver Dance|p1a: red goofball\n|-boost|p1a: red goofball|spa|1\n|-boost|p1a: red goofball|spd|1\n|-boost|p1a: red goofball|spe|1\n|\n|-heal|p1a: red goofball|80\/100|[from] item: Leftovers\n|upkeep\n|turn|26\n|c|\u2606MorrisThePetRock3|!data parting shot\n|raw|<ul class=\"utilichart\"><li class=\"result\"><span class=\"col movenamecol\"><a href=\"https:\/\/dex.pokemonshowdown.com\/moves\/partingshot\">Parting Shot<\/a><\/span> <span class=\"col typecol\"><img src=\"\/\/play.pokemonshowdown.com\/sprites\/types\/Dark.png\" alt=\"Dark\" width=\"32\" height=\"14\"><img src=\"\/\/play.pokemonshowdown.com\/sprites\/categories\/Status.png\" alt=\"Status\" width=\"32\" height=\"14\"><\/span> <span class=\"col widelabelcol\"><em>Accuracy<\/em><br>100%<\/span> <span class=\"col pplabelcol\"><em>PP<\/em><br>32<\/span> <span class=\"col movedesccol\">Lowers target's Atk, Sp. Atk by 1. User switches.<\/span> <\/li><li style=\"clear:both\"><\/li><\/ul>\n\n|\n|t:|1699561062\n|detailschange|p2a: Charizard|Charizard-Mega-Y, F\n|-mega|p2a: Charizard|Charizard|Charizardite Y\n|-weather|SunnyDay|[from] ability: Drought|[of] p2a: Charizard\n|move|p1a: red goofball|Air Slash|p2a: Charizard\n|-damage|p2a: Charizard|72\/100\n|move|p2a: Charizard|Weather Ball|p1a: red goofball\n|-damage|p1a: red goofball|32\/100\n|\n|-weather|SunnyDay|[upkeep]\n|-heal|p1a: red goofball|38\/100|[from] item: Leftovers\n|upkeep\n|turn|27\n|\n|t:|1699561073\n|move|p1a: red goofball|Air Slash|p2a: Charizard\n|-damage|p2a: Charizard|45\/100\n|move|p2a: Charizard|Weather Ball|p1a: red goofball\n|-damage|p1a: red goofball|0 fnt\n|faint|p1a: red goofball\n|\n|-weather|SunnyDay|[upkeep]\n|upkeep\n|\n|t:|1699561080\n|switch|p1a: black goofball|Gliscor, M|100\/100\n|turn|28\n|\n|t:|1699561085\n|move|p1a: black goofball|Dual Wingbeat|p2a: Charizard\n|-damage|p2a: Charizard|34\/100\n|-damage|p2a: Charizard|22\/100\n|-hitcount|p2a: Charizard|2\n|move|p2a: Charizard|Weather Ball|p1a: black goofball\n|-damage|p1a: black goofball|0 fnt\n|faint|p1a: black goofball\n|\n|-weather|SunnyDay|[upkeep]\n|upkeep\n|\n|t:|1699561094\n|switch|p1a: green goofball|Dragonite, F, shiny, tera:Steel|85\/100\n|turn|29\n|c|\u2606MorrisThePetRock3|bro what\n|\n|t:|1699561102\n|move|p2a: Charizard|Weather Ball|p1a: green goofball\n|-supereffective|p1a: green goofball\n|-damage|p1a: green goofball|0 fnt\n|faint|p1a: green goofball\n|\n|win|lxvliiz\n|raw|MorrisThePetRock3's rating: 1087 &rarr; <strong>1069<\/strong><br \/>(-18 for losing)\n|raw|lxvliiz's rating: 1171 &rarr; <strong>1190<\/strong><br \/>(+19 for winning)\n|l|\u2606MorrisThePetRock3\n|c|\u2606lxvliiz|gg\n","uploadtime":1699561113,"views":4,"p1id":"morristhepetrock3","p2id":"lxvliiz","formatid":"gen9nationaldex","rating":1069,"private":0,"password":""}