{"id":"gen9nationaldex-1998657085","p1":"alpha4k","p2":"tidaltao","format":"[Gen 9] National Dex","log":"|html|<div class=\"broadcast-blue\"><strong>[Gen 9] National Dex is currently suspecting Sneasler! For information on how to participate check out the <a href=\"https:\/\/www.smogon.com\/forums\/threads\/sv-national-dex-suspect-8-just-dance.3731534\/\">suspect thread<\/a>.<\/strong><\/div>\n|j|\u2606alpha4k\n|j|\u2606tidaltao\n|t:|1700968504\n|gametype|singles\n|player|p1|alpha4k|266|\n|player|p2|tidaltao|roxanne|\n|teamsize|p1|6\n|teamsize|p2|6\n|gen|9\n|tier|[Gen 9] National Dex\n|rule|HP Percentage Mod: HP is shown in percentages\n|rule|Endless Battle Clause: Forcing endless battles is banned\n|rule|OHKO Clause: OHKO moves are banned\n|rule|Evasion Clause: Evasion abilities, items, and moves are banned\n|rule|Evasion Abilities Clause: Evasion abilities are banned\n|rule|Evasion Items Clause: Evasion items are banned\n|rule|Evasion Moves Clause: Evasion moves are banned\n|rule|Species Clause: Limit one of each Pok\u00e9mon\n|rule|Sleep Clause Mod: Limit one foe put to sleep\n|clearpoke\n|poke|p1|Duraludon, M|\n|poke|p1|Houndoom, M|\n|poke|p1|Slither Wing|\n|poke|p1|Great Tusk|\n|poke|p1|Lilligant-Hisui, F|\n|poke|p1|Blissey, F|\n|poke|p2|Charizard, F|\n|poke|p2|Torkoal, M|\n|poke|p2|Venusaur, F|\n|poke|p2|Skarmory, F|\n|poke|p2|Zapdos-Galar|\n|poke|p2|Goodra-Hisui, M|\n|teampreview\n|j| NDSNEZ Strong Fire\n|j| Megakid20\n|j| jonglobobe\n|j| xaviersobased\n|c| Megakid20|no slither wing model is tragic\n|j| homixide poopoo\n|c| NDSNEZ Strong Fire|fax\n|c| Megakid20|idk why there is no tusk model\n|c| NDSNEZ Strong Fire|we need that\n|c| jonglobobe|choice scarf weasler outspeeds no?\n|\n|t:|1700968550\n|start\n|switch|p1a: Duraludon|Duraludon, M|100\/100\n|switch|p2a: Chicken luffy|Zapdos-Galar|100\/100\n|turn|1\n|c| xaviersobased|LMFAO\n|c| xaviersobased|jonglobobe: choice scarf weasler outspeeds no?\n|c| Megakid20|xaviersobased: jonglobobe: choice scarf weasler outspeeds no?\n|\n|t:|1700968582\n|move|p2a: Chicken luffy|Close Combat|p1a: Duraludon\n|-supereffective|p1a: Duraludon\n|-damage|p1a: Duraludon|0 fnt\n|-unboost|p2a: Chicken luffy|def|1\n|-unboost|p2a: Chicken luffy|spd|1\n|faint|p1a: Duraludon\n|\n|upkeep\n|c| NDSNEZ Strong Fire|Megakid20: xaviersobased: jonglobobe: choice scarf weasler outspeeds no?\n|j| Keykard\n|c| xaviersobased|who tje fuck is storng fire\n|\n|t:|1700968603\n|switch|p1a: Great Tusk|Great Tusk|100\/100\n|turn|2\n|c|\u2606alpha4k|wyk bout strong fire\n|c| NDSNEZ Strong Fire|im strong fire\n|c| NDSNEZ Strong Fire|aka the goat\n|c| xaviersobased|Yeah but whats ur alternative name\n|c| NDSNEZ Strong Fire|aka jogoat\n|c| Keykard|Ur not scarf weasler tho\n|c| xaviersobased|Choice scarf weasler outspeeds no?\n|c| jonglobobe|who\u2019s on xav\n|c| xaviersobased|arthur\\\n|c| NDSNEZ Strong Fire|my other account was NDSNEZ Jogo @xaviersobased\n|c| jonglobobe|Oh\n|c| xaviersobased|Wow that tells me so much\n|c| NDSNEZ Strong Fire|its adam dude\n|c| xaviersobased|Oh\n|c| xaviersobased|Ok\n|\n|t:|1700968680\n|switch|p2a: Turtle Luffy|Torkoal, M, shiny|100\/100\n|-weather|SunnyDay|[from] ability: Drought|[of] p2a: Turtle Luffy\n|-activate|p1a: Great Tusk|ability: Protosynthesis\n|-start|p1a: Great Tusk|protosynthesisspe\n|move|p1a: Great Tusk|Head Smash|p2a: Turtle Luffy\n|-supereffective|p2a: Turtle Luffy\n|-damage|p2a: Turtle Luffy|47\/100\n|-damage|p1a: Great Tusk|80\/100|[from] Recoil\n|\n|-weather|SunnyDay|[upkeep]\n|upkeep\n|turn|3\n|c| xaviersobased|Yoewch\n|\n|t:|1700968691\n|move|p1a: Great Tusk|Head Smash|p2a: Turtle Luffy\n|-supereffective|p2a: Turtle Luffy\n|-damage|p2a: Turtle Luffy|0 fnt\n|faint|p2a: Turtle Luffy\n|-damage|p1a: Great Tusk|61\/100|[from] Recoil\n|\n|-weather|SunnyDay|[upkeep]\n|upkeep\n|\n|t:|1700968701\n|switch|p2a: Green Luffy|Venusaur, F|100\/100\n|turn|4\n|c| jonglobobe|No sun setter is crazy\n|c| jonglobobe|I just noticed\n|c| NDSNEZ Strong Fire|hes leeching off cam\n|\n|t:|1700968719\n|-terastallize|p2a: Green Luffy|Fairy\n|move|p2a: Green Luffy|Growth|p2a: Green Luffy\n|-boost|p2a: Green Luffy|atk|2\n|-boost|p2a: Green Luffy|spa|2\n|move|p1a: Great Tusk|Knock Off|p2a: Green Luffy\n|-resisted|p2a: Green Luffy\n|-damage|p2a: Green Luffy|82\/100\n|-enditem|p2a: Green Luffy|Life Orb|[from] move: Knock Off|[of] p1a: Great Tusk\n|\n|-weather|SunnyDay|[upkeep]\n|upkeep\n|turn|5\n|c| Keykard|Well tidal has 2 at all times so\n|c| NDSNEZ Strong Fire|o shit\n|\n|t:|1700968735\n|-end|p1a: Great Tusk|Protosynthesis|[silent]\n|switch|p1a: Blissey|Blissey, F|100\/100\n|move|p2a: Green Luffy|Giga Drain|p1a: Blissey\n|-damage|p1a: Blissey|76\/100\n|-heal|p2a: Green Luffy|100\/100|[from] drain|[of] p1a: Blissey\n|\n|-weather|SunnyDay|[upkeep]\n|-heal|p1a: Blissey|83\/100|[from] item: Leftovers\n|upkeep\n|turn|6\n|\n|t:|1700968742\n|move|p2a: Green Luffy|Weather Ball|p1a: Blissey\n|-damage|p1a: Blissey|50\/100\n|move|p1a: Blissey|Seismic Toss|p2a: Green Luffy\n|-damage|p2a: Green Luffy|67\/100\n|\n|-weather|SunnyDay|[upkeep]\n|-heal|p1a: Blissey|57\/100|[from] item: Leftovers\n|upkeep\n|turn|7\n|c| Megakid20|the blissey is in\n|c| Keykard|Nvm this guy's here\n|\n|t:|1700968749\n|move|p2a: Green Luffy|Giga Drain|p1a: Blissey\n|-damage|p1a: Blissey|31\/100\n|-heal|p2a: Green Luffy|98\/100|[from] drain|[of] p1a: Blissey\n|move|p1a: Blissey|Wish|p1a: Blissey\n|\n|-weather|SunnyDay|[upkeep]\n|-heal|p1a: Blissey|37\/100|[from] item: Leftovers\n|upkeep\n|turn|8\n|c| NDSNEZ Strong Fire|hmmm\n|c| Keykard|Down to ban wish next draft\n|\n|t:|1700968793\n|move|p2a: Green Luffy|Giga Drain|p1a: Blissey\n|-damage|p1a: Blissey|11\/100\n|-heal|p2a: Green Luffy|100\/100|[from] drain|[of] p1a: Blissey\n|move|p1a: Blissey|Seismic Toss|p2a: Green Luffy\n|-damage|p2a: Green Luffy|67\/100\n|\n|-weather|SunnyDay|[upkeep]\n|-heal|p1a: Blissey|61\/100|[from] move: Wish|[wisher] Blissey\n|-heal|p1a: Blissey|68\/100|[from] item: Leftovers\n|upkeep\n|turn|9\n|\n|t:|1700968808\n|switch|p2a: Dragon Luffy|Charizard, F, shiny|100\/100\n|move|p1a: Blissey|Soft-Boiled|p1a: Blissey\n|-heal|p1a: Blissey|100\/100\n|\n|-weather|none\n|upkeep\n|turn|10\n|c| Megakid20|wish virus\n|c| Megakid20|wish\n|c| Megakid20|soft boiled\n|\n|t:|1700968819\n|switch|p2a: Chicken luffy|Zapdos-Galar|100\/100\n|switch|p1a: Houndoom|Houndoom, M, shiny|100\/100\n|\n|upkeep\n|turn|11\n|c| xaviersobased|soft boiled and wish combo is craziness\n|c| Keykard|Dude pick one\n|c| Megakid20|is devious af bruh\n|c| NDSNEZ Strong Fire|lmfao\n|c| NDSNEZ Strong Fire|dude is just a medic\n|\n|t:|1700968836\n|detailschange|p1a: Houndoom|Houndoom-Mega, M, shiny\n|-mega|p1a: Houndoom|Houndoom|Houndoominite\n|move|p1a: Houndoom|Sucker Punch|p2a: Chicken luffy\n|-resisted|p2a: Chicken luffy\n|-damage|p2a: Chicken luffy|85\/100\n|move|p2a: Chicken luffy|Close Combat|p1a: Houndoom\n|-supereffective|p1a: Houndoom\n|-damage|p1a: Houndoom|0 fnt\n|-unboost|p2a: Chicken luffy|def|1\n|-unboost|p2a: Chicken luffy|spd|1\n|faint|p1a: Houndoom\n|\n|upkeep\n|c| homixide poopoo|im ded\n|\n|t:|1700968849\n|switch|p1a: Blissey|Blissey, F|100\/100\n|turn|12\n|\n|t:|1700968853\n|move|p2a: Chicken luffy|Close Combat|p1a: Blissey\n|-supereffective|p1a: Blissey\n|-damage|p1a: Blissey|0 fnt\n|-unboost|p2a: Chicken luffy|def|1\n|-unboost|p2a: Chicken luffy|spd|1\n|faint|p1a: Blissey\n|\n|upkeep\n|\n|t:|1700968858\n|switch|p1a: Great Tusk|Great Tusk|61\/100\n|turn|13\n|c| jonglobobe|Clapdos\n|c| NDSNEZ Strong Fire|is this a clapdos sweep\n|c| NDSNEZ Strong Fire|no way\n|c| Keykard|clapdos is actually really good I guess\n|\n|t:|1700968916\n|switch|p2a: Metal Luffy|Skarmory, F|100\/100\n|move|p1a: Great Tusk|Head Smash|p2a: Metal Luffy\n|-damage|p2a: Metal Luffy|72\/100\n|-damage|p1a: Great Tusk|44\/100|[from] item: Rocky Helmet|[of] p2a: Metal Luffy\n|-damage|p1a: Great Tusk|33\/100|[from] Recoil\n|\n|upkeep\n|turn|14\n|\n|t:|1700968926\n|move|p1a: Great Tusk|Knock Off|p2a: Metal Luffy\n|-damage|p2a: Metal Luffy|53\/100\n|-damage|p1a: Great Tusk|17\/100|[from] item: Rocky Helmet|[of] p2a: Metal Luffy\n|-enditem|p2a: Metal Luffy|Rocky Helmet|[from] move: Knock Off|[of] p1a: Great Tusk\n|move|p2a: Metal Luffy|Body Press|p1a: Great Tusk\n|-damage|p1a: Great Tusk|0 fnt\n|faint|p1a: Great Tusk\n|-end|p1a: Great Tusk|Protosynthesis|[silent]\n|\n|upkeep\n|\n|t:|1700968934\n|switch|p1a: Slither Wing|Slither Wing|100\/100\n|turn|15\n|\n|t:|1700968962\n|switch|p2a: Dragon Luffy|Charizard, F, shiny|100\/100\n|move|p1a: Slither Wing|Wild Charge|p2a: Dragon Luffy\n|-supereffective|p2a: Dragon Luffy\n|-damage|p2a: Dragon Luffy|0 fnt\n|faint|p2a: Dragon Luffy\n|-damage|p1a: Slither Wing|77\/100|[from] Recoil\n|-damage|p1a: Slither Wing|67\/100|[from] item: Life Orb\n|\n|upkeep\n|\n|t:|1700968967\n|switch|p2a: Chicken luffy|Zapdos-Galar|85\/100\n|turn|16\n|c| Megakid20|wild\n|\n|t:|1700968975\n|move|p2a: Chicken luffy|Brave Bird|p1a: Slither Wing\n|-supereffective|p1a: Slither Wing\n|-damage|p1a: Slither Wing|0 fnt\n|faint|p1a: Slither Wing\n|-end|p1a: Slither Wing|Protosynthesis|[silent]\n|-damage|p2a: Chicken luffy|64\/100|[from] Recoil\n|\n|upkeep\n|\n|t:|1700968977\n|switch|p1a: Lilligant|Lilligant-Hisui, F, shiny|100\/100\n|turn|17\n|\n|t:|1700968982\n|-terastallize|p1a: Lilligant|Water\n|move|p2a: Chicken luffy|Brave Bird|p1a: Lilligant\n|-damage|p1a: Lilligant|0 fnt\n|faint|p1a: Lilligant\n|-damage|p2a: Chicken luffy|35\/100|[from] Recoil\n|\n|win|tidaltao\n|c| Megakid20|hot g3\n|c| Keykard|CLAPDOS\n|c| NDSNEZ Strong Fire|game 3\n|l| NDSNEZ Strong Fire\n|l|\u2606alpha4k\n|l| jonglobobe\n|j| jonglobobe\n|l|\u2606tidaltao\n|l| jonglobobe\n|j| jonglobobe\n","uploadtime":1700969577,"views":5,"p1id":"alpha4k","p2id":"tidaltao","formatid":"gen9nationaldex","rating":0,"private":0,"password":""}