{"id":"gen9nationaldex-1990085702","p1":"NekroTheFox","p2":"ZippyZappyZeke","format":"[Gen 9] National Dex","log":"|j|\u2606NekroTheFox\n|j|\u2606ZippyZappyZeke\n|t:|1699922993\n|gametype|singles\n|player|p1|NekroTheFox|shadowtriad|\n|player|p2|ZippyZappyZeke|volkner|\n|teamsize|p1|6\n|teamsize|p2|6\n|gen|9\n|tier|[Gen 9] National Dex\n|rule|HP Percentage Mod: HP is shown in percentages\n|rule|Endless Battle Clause: Forcing endless battles is banned\n|rule|OHKO Clause: OHKO moves are banned\n|rule|Evasion Clause: Evasion abilities, items, and moves are banned\n|rule|Evasion Abilities Clause: Evasion abilities are banned\n|rule|Evasion Items Clause: Evasion items are banned\n|rule|Evasion Moves Clause: Evasion moves are banned\n|rule|Species Clause: Limit one of each Pok\u00e9mon\n|rule|Sleep Clause Mod: Limit one foe put to sleep\n|clearpoke\n|poke|p1|Kommo-o, M|\n|poke|p1|Sneasler, F|\n|poke|p1|Lopunny, M|\n|poke|p1|Urshifu-*, M|\n|poke|p1|Blaziken, F|\n|poke|p1|Pawmot, F|\n|poke|p2|Serperior, F|\n|poke|p2|Infernape, M|\n|poke|p2|Torterra, F|\n|poke|p2|Gallade, M|\n|poke|p2|Breloom, F|\n|poke|p2|Mawile, M|\n|teampreview\n|c|\u2606ZippyZappyZeke|sorry was doin sum\n|c|\u2606NekroTheFox|Glhf\n|inactive|Battle timer is ON: inactive players will automatically lose when time's up. (requested by NekroTheFox)\n|\n|t:|1699923015\n|start\n|switch|p1a: Kommo-o|Kommo-o, M|100\/100\n|switch|p2a: Lloyd|Gallade, M|100\/100\n|turn|1\n|c|\u2606ZippyZappyZeke|you allow mega evolution right?\n|\n|t:|1699923037\n|-zpower|p1a: Kommo-o\n|move|p1a: Kommo-o|Clangorous Soulblaze|p2a: Lloyd|[zeffect]\n|-damage|p2a: Lloyd|6\/100\n|-boost|p1a: Kommo-o|atk|1\n|-boost|p1a: Kommo-o|def|1\n|-boost|p1a: Kommo-o|spa|1\n|-boost|p1a: Kommo-o|spd|1\n|-boost|p1a: Kommo-o|spe|1\n|move|p2a: Lloyd|Psycho Cut|p1a: Kommo-o\n|-supereffective|p1a: Kommo-o\n|-damage|p1a: Kommo-o|28\/100\n|\n|upkeep\n|turn|2\n|c|\u2606NekroTheFox|Yes. Any gimmick\n|c|\u2606ZippyZappyZeke|not again.\n|\n|t:|1699923055\n|move|p1a: Kommo-o|Flamethrower|p2a: Lloyd\n|-damage|p2a: Lloyd|0 fnt\n|faint|p2a: Lloyd\n|\n|upkeep\n|inactive|ZippyZappyZeke has 270 seconds left.\n|\n|t:|1699923066\n|switch|p2a: Royal Snake|Serperior, F|100\/100\n|turn|3\n|\n|t:|1699923069\n|move|p1a: Kommo-o|Flamethrower|p2a: Royal Snake\n|-supereffective|p2a: Royal Snake\n|-damage|p2a: Royal Snake|4\/100\n|move|p2a: Royal Snake|Leaf Storm|p1a: Kommo-o\n|-resisted|p1a: Kommo-o\n|-damage|p1a: Kommo-o|5\/100\n|-boost|p2a: Royal Snake|spa|2\n|-damage|p2a: Royal Snake|0 fnt|[from] item: Life Orb\n|faint|p2a: Royal Snake\n|\n|upkeep\n|\n|t:|1699923076\n|switch|p2a: THEY BUFFED HIM|Torterra, F|100\/100\n|turn|4\n|\n|t:|1699923085\n|move|p1a: Kommo-o|Clanging Scales|p2a: THEY BUFFED HIM\n|-damage|p2a: THEY BUFFED HIM|30\/100\n|-unboost|p1a: Kommo-o|def|1\n|move|p2a: THEY BUFFED HIM|Zen Headbutt|p1a: Kommo-o\n|-supereffective|p1a: Kommo-o\n|-damage|p1a: Kommo-o|0 fnt\n|faint|p1a: Kommo-o\n|\n|upkeep\n|\n|t:|1699923096\n|switch|p1a: Sneasler|Sneasler, F|100\/100\n|turn|5\n|\n|t:|1699923103\n|move|p1a: Sneasler|U-turn|p2a: THEY BUFFED HIM\n|-supereffective|p2a: THEY BUFFED HIM\n|-damage|p2a: THEY BUFFED HIM|0 fnt\n|faint|p2a: THEY BUFFED HIM\n|\n|t:|1699923108\n|switch|p1a: Urshifu|Urshifu-Rapid-Strike, M|100\/100|[from] U-turn\n|\n|upkeep\n|\n|t:|1699923110\n|switch|p2a: Mawile|Mawile, M|100\/100\n|turn|6\n|\n|t:|1699923116\n|detailschange|p2a: Mawile|Mawile-Mega, M\n|-mega|p2a: Mawile|Mawile|Mawilite\n|move|p1a: Urshifu|U-turn|p2a: Mawile\n|-resisted|p2a: Mawile\n|-damage|p2a: Mawile|95\/100\n|\n|t:|1699923120\n|switch|p1a: Blaziken|Blaziken, F|100\/100|[from] U-turn\n|move|p2a: Mawile|Play Rough|p1a: Blaziken\n|-damage|p1a: Blaziken|0 fnt\n|faint|p1a: Blaziken\n|\n|upkeep\n|\n|t:|1699923134\n|switch|p1a: Lopunny|Lopunny, M|100\/100\n|turn|7\n|\n|t:|1699923137\n|detailschange|p1a: Lopunny|Lopunny-Mega, M\n|-mega|p1a: Lopunny|Lopunny|Lopunnite\n|move|p1a: Lopunny|Fake Out|p2a: Mawile\n|-resisted|p2a: Mawile\n|-damage|p2a: Mawile|85\/100\n|cant|p2a: Mawile|flinch\n|\n|upkeep\n|turn|8\n|\n|t:|1699923146\n|move|p1a: Lopunny|Close Combat|p2a: Mawile\n|-damage|p2a: Mawile|29\/100\n|-unboost|p1a: Lopunny|def|1\n|-unboost|p1a: Lopunny|spd|1\n|move|p2a: Mawile|Play Rough|p1a: Lopunny\n|-supereffective|p1a: Lopunny\n|-damage|p1a: Lopunny|0 fnt\n|faint|p1a: Lopunny\n|\n|upkeep\n|c|\u2606ZippyZappyZeke|mawile busted\n|\n|t:|1699923157\n|switch|p1a: Pawmot|Pawmot, F|100\/100\n|turn|9\n|\n|t:|1699923163\n|switch|p2a: Onion|Breloom, F|100\/100\n|move|p1a: Pawmot|Revival Blessing|p1a: Pawmot\n|-enditem|p1a: Pawmot|Leppa Berry|[eat]\n|-activate|p1a: Pawmot|item: Leppa Berry|Revival Blessing|[consumed]\n|\n|t:|1699923170\n|-heal|p1: Lopunny|50\/100|[from] move: Revival Blessing\n|\n|upkeep\n|turn|10\n|c|\u2606ZippyZappyZeke|oh noio\n|\n|t:|1699923180\n|move|p1a: Pawmot|Ice Punch|p2a: Onion\n|-supereffective|p2a: Onion\n|-damage|p2a: Onion|23\/100\n|move|p2a: Onion|Seed Bomb|p1a: Pawmot\n|-damage|p1a: Pawmot|30\/100\n|\n|upkeep\n|turn|11\n|\n|t:|1699923188\n|move|p2a: Onion|Protect|p2a: Onion\n|-singleturn|p2a: Onion|Protect\n|move|p1a: Pawmot|Revival Blessing|p1a: Pawmot\n|\n|t:|1699923192\n|-heal|p1: Kommo-o|50\/100|[from] move: Revival Blessing\n|\n|upkeep\n|turn|12\n|c|\u2606ZippyZappyZeke|BRUHHH\n|\n|t:|1699923198\n|move|p1a: Pawmot|Ice Punch|p2a: Onion\n|-supereffective|p2a: Onion\n|-damage|p2a: Onion|0 fnt\n|faint|p2a: Onion\n|\n|upkeep\n|\n|t:|1699923201\n|switch|p2a: Buffed Monke?|Infernape, M|100\/100\n|turn|13\n|\n|t:|1699923208\n|move|p2a: Buffed Monke?|Raging Fury|p1a: Pawmot\n|-damage|p1a: Pawmot|0 fnt\n|faint|p1a: Pawmot\n|\n|upkeep\n|\n|t:|1699923215\n|switch|p1a: Lopunny|Lopunny-Mega, M|50\/100\n|turn|14\n|\n|t:|1699923218\n|move|p1a: Lopunny|Fake Out|p2a: Buffed Monke?\n|-damage|p2a: Buffed Monke?|64\/100\n|cant|p2a: Buffed Monke?|flinch\n|\n|-heal|p2a: Buffed Monke?|70\/100|[from] item: Leftovers\n|-start|p2a: Buffed Monke?|confusion|[fatigue]\n|upkeep\n|turn|15\n|\n|t:|1699923238\n|move|p1a: Lopunny|Return|p2a: Buffed Monke?\n|-damage|p2a: Buffed Monke?|0 fnt\n|faint|p2a: Buffed Monke?\n|\n|upkeep\n|\n|t:|1699923243\n|switch|p2a: Mawile|Mawile-Mega, M|29\/100\n|turn|16\n|\n|t:|1699923246\n|move|p1a: Lopunny|Close Combat|p2a: Mawile\n|-damage|p2a: Mawile|0 fnt\n|-unboost|p1a: Lopunny|def|1\n|-unboost|p1a: Lopunny|spd|1\n|faint|p2a: Mawile\n|\n|win|NekroTheFox\n|c|\u2606NekroTheFox|Gg\n|c|\u2606ZippyZappyZeke|i hate revival blessing.\n|c|\u2606ZippyZappyZeke|so much\n|c|\u2606NekroTheFox|Good\n","uploadtime":1699923262,"views":13,"p1id":"nekrothefox","p2id":"zippyzappyzeke","formatid":"gen9nationaldex","rating":0,"private":0,"password":""}