{"id":"gen9nationaldex-2000337337","p1":"Sleym","p2":"HuntixL","format":"[Gen 9] National Dex","log":"|html|<div class=\"broadcast-blue\"><strong>[Gen 9] National Dex is currently suspecting Sneasler! For information on how to participate check out the <a href=\"https:\/\/www.smogon.com\/forums\/threads\/sv-national-dex-suspect-8-just-dance.3731534\/\">suspect thread<\/a>.<\/strong><\/div>\n|j|\u2606Sleym\n|j|\u2606HuntixL\n|t:|1701186182\n|gametype|singles\n|player|p1|Sleym|cynthia|\n|player|p2|HuntixL|erika|\n|teamsize|p1|6\n|teamsize|p2|6\n|gen|9\n|tier|[Gen 9] National Dex\n|rule|HP Percentage Mod: HP is shown in percentages\n|rule|Endless Battle Clause: Forcing endless battles is banned\n|rule|OHKO Clause: OHKO moves are banned\n|rule|Evasion Clause: Evasion abilities, items, and moves are banned\n|rule|Evasion Abilities Clause: Evasion abilities are banned\n|rule|Evasion Items Clause: Evasion items are banned\n|rule|Evasion Moves Clause: Evasion moves are banned\n|rule|Species Clause: Limit one of each Pok\u00e9mon\n|rule|Sleep Clause Mod: Limit one foe put to sleep\n|clearpoke\n|poke|p1|Nihilego|\n|poke|p1|Skeledirge, F|\n|poke|p1|Glastrier|\n|poke|p1|Hatterene, F|\n|poke|p1|Gengar, M|\n|poke|p1|Vikavolt, F|\n|poke|p2|Aggron, F|\n|poke|p2|Reuniclus, M|\n|poke|p2|Stoutland, F|\n|poke|p2|Sandslash, M|\n|poke|p2|Slaking, F|\n|poke|p2|Exeggutor, M|\n|teampreview\n|\n|t:|1701186191\n|start\n|switch|p1a: Skeledirge|Skeledirge, F|100\/100\n|switch|p2a: ...|Exeggutor, M|100\/100\n|turn|1\n|\n|t:|1701186205\n|switch|p2a: \u0415\u0436\u0434\u0438\u043a|Sandslash, M|100\/100\n|move|p1a: Skeledirge|Flamethrower|p2a: \u0415\u0436\u0434\u0438\u043a\n|-damage|p2a: \u0415\u0436\u0434\u0438\u043a|22\/100\n|\n|-heal|p2a: \u0415\u0436\u0434\u0438\u043a|28\/100|[from] item: Leftovers\n|upkeep\n|turn|2\n|\n|t:|1701186221\n|switch|p1a: Vikavolt|Vikavolt, F|100\/100\n|move|p2a: \u0415\u0436\u0434\u0438\u043a|Earthquake|p1a: Vikavolt\n|-immune|p1a: Vikavolt|[from] ability: Levitate\n|\n|-heal|p2a: \u0415\u0436\u0434\u0438\u043a|34\/100|[from] item: Leftovers\n|upkeep\n|turn|3\n|\n|t:|1701186237\n|switch|p2a: Aggron|Aggron, F|100\/100\n|move|p1a: Vikavolt|Energy Ball|p2a: Aggron\n|-damage|p2a: Aggron|46\/100\n|-unboost|p2a: Aggron|spd|1\n|\n|upkeep\n|turn|4\n|\n|t:|1701186247\n|move|p2a: Aggron|Body Slam|p1a: Vikavolt\n|-damage|p1a: Vikavolt|76\/100\n|move|p1a: Vikavolt|Thunderbolt|p2a: Aggron\n|-damage|p2a: Aggron|0 fnt\n|faint|p2a: Aggron\n|\n|-heal|p1a: Vikavolt|83\/100|[from] item: Leftovers\n|upkeep\n|\n|t:|1701186258\n|switch|p2a: \u0427\u043e\u0440\u043d\u0438\u0439|Slaking, F|100\/100\n|turn|5\n|\n|t:|1701186279\n|move|p2a: \u0427\u043e\u0440\u043d\u0438\u0439|Hyper Voice|p1a: Vikavolt\n|-damage|p1a: Vikavolt|50\/100\n|move|p1a: Vikavolt|Bug Buzz|p2a: \u0427\u043e\u0440\u043d\u0438\u0439\n|-damage|p2a: \u0427\u043e\u0440\u043d\u0438\u0439|61\/100\n|\n|-heal|p2a: \u0427\u043e\u0440\u043d\u0438\u0439|67\/100|[from] item: Leftovers\n|-heal|p1a: Vikavolt|56\/100|[from] item: Leftovers\n|upkeep\n|turn|6\n|\n|t:|1701186288\n|cant|p2a: \u0427\u043e\u0440\u043d\u0438\u0439|ability: Truant\n|move|p1a: Vikavolt|Bug Buzz|p2a: \u0427\u043e\u0440\u043d\u0438\u0439\n|-damage|p2a: \u0427\u043e\u0440\u043d\u0438\u0439|25\/100\n|\n|-heal|p2a: \u0427\u043e\u0440\u043d\u0438\u0439|31\/100|[from] item: Leftovers\n|-heal|p1a: Vikavolt|62\/100|[from] item: Leftovers\n|upkeep\n|turn|7\n|\n|t:|1701186297\n|switch|p2a: \u043e\u0433\u043e|Reuniclus, M|100\/100\n|move|p1a: Vikavolt|Bug Buzz|p2a: \u043e\u0433\u043e\n|-supereffective|p2a: \u043e\u0433\u043e\n|-damage|p2a: \u043e\u0433\u043e|7\/100\n|\n|-heal|p2a: \u043e\u0433\u043e|13\/100|[from] item: Leftovers\n|-heal|p1a: Vikavolt|68\/100|[from] item: Leftovers\n|upkeep\n|turn|8\n|\n|t:|1701186311\n|move|p2a: \u043e\u0433\u043e|Hammer Arm|p1a: Vikavolt|[miss]\n|-miss|p2a: \u043e\u0433\u043e|p1a: Vikavolt\n|move|p1a: Vikavolt|Bug Buzz|p2a: \u043e\u0433\u043e\n|-supereffective|p2a: \u043e\u0433\u043e\n|-damage|p2a: \u043e\u0433\u043e|0 fnt\n|faint|p2a: \u043e\u0433\u043e\n|\n|-heal|p1a: Vikavolt|74\/100|[from] item: Leftovers\n|upkeep\n|\n|t:|1701186322\n|switch|p2a: ...|Exeggutor, M|100\/100\n|turn|9\n|\n|t:|1701186334\n|move|p2a: ...|Energy Ball|p1a: Vikavolt\n|-resisted|p1a: Vikavolt\n|-damage|p1a: Vikavolt|48\/100\n|move|p1a: Vikavolt|Bug Buzz|p2a: ...\n|-supereffective|p2a: ...\n|-damage|p2a: ...|0 fnt\n|faint|p2a: ...\n|\n|-heal|p1a: Vikavolt|54\/100|[from] item: Leftovers\n|upkeep\n|\n|t:|1701186343\n|switch|p2a: \u0411\u0443\u043b\u044c\u0434\u043e\u0433|Stoutland, F|100\/100\n|turn|10\n|\n|t:|1701186349\n|move|p2a: \u0411\u0443\u043b\u044c\u0434\u043e\u0433|Thunderbolt|p1a: Vikavolt\n|-resisted|p1a: Vikavolt\n|-crit|p1a: Vikavolt\n|-damage|p1a: Vikavolt|44\/100\n|move|p1a: Vikavolt|Thunderbolt|p2a: \u0411\u0443\u043b\u044c\u0434\u043e\u0433\n|-damage|p2a: \u0411\u0443\u043b\u044c\u0434\u043e\u0433|60\/100\n|\n|-heal|p2a: \u0411\u0443\u043b\u044c\u0434\u043e\u0433|67\/100|[from] item: Leftovers\n|-heal|p1a: Vikavolt|50\/100|[from] item: Leftovers\n|upkeep\n|turn|11\n|\n|t:|1701186361\n|move|p2a: \u0411\u0443\u043b\u044c\u0434\u043e\u0433|Facade|p1a: Vikavolt\n|-damage|p1a: Vikavolt|23\/100\n|move|p1a: Vikavolt|Thunderbolt|p2a: \u0411\u0443\u043b\u044c\u0434\u043e\u0433\n|-crit|p2a: \u0411\u0443\u043b\u044c\u0434\u043e\u0433\n|-damage|p2a: \u0411\u0443\u043b\u044c\u0434\u043e\u0433|0 fnt\n|faint|p2a: \u0411\u0443\u043b\u044c\u0434\u043e\u0433\n|\n|-heal|p1a: Vikavolt|29\/100|[from] item: Leftovers\n|upkeep\n|\n|t:|1701186370\n|switch|p2a: \u0427\u043e\u0440\u043d\u0438\u0439|Slaking, F|31\/100\n|turn|12\n|\n|t:|1701186374\n|move|p2a: \u0427\u043e\u0440\u043d\u0438\u0439|Hyper Voice|p1a: Vikavolt\n|-damage|p1a: Vikavolt|0 fnt\n|faint|p1a: Vikavolt\n|\n|-heal|p2a: \u0427\u043e\u0440\u043d\u0438\u0439|38\/100|[from] item: Leftovers\n|upkeep\n|\n|t:|1701186381\n|switch|p1a: Nihilego|Nihilego|100\/100\n|turn|13\n|\n|t:|1701186389\n|move|p1a: Nihilego|Sludge Bomb|p2a: \u0427\u043e\u0440\u043d\u0438\u0439\n|-damage|p2a: \u0427\u043e\u0440\u043d\u0438\u0439|0 fnt\n|faint|p2a: \u0427\u043e\u0440\u043d\u0438\u0439\n|-ability|p1a: Nihilego|Beast Boost|boost\n|-boost|p1a: Nihilego|spa|1\n|\n|upkeep\n|\n|t:|1701186394\n|switch|p2a: \u0415\u0436\u0434\u0438\u043a|Sandslash, M|34\/100\n|turn|14\n|\n|t:|1701186399\n|move|p1a: Nihilego|Psychic|p2a: \u0415\u0436\u0434\u0438\u043a\n|-damage|p2a: \u0415\u0436\u0434\u0438\u043a|0 fnt\n|faint|p2a: \u0415\u0436\u0434\u0438\u043a\n|\n|win|Sleym\n|l|\u2606HuntixL\n","uploadtime":1701186410,"views":17,"p1id":"sleym","p2id":"huntixl","formatid":"gen9nationaldex","rating":0,"private":0,"password":""}