{"id":"gen9nationaldex-1996952994","p1":"Regielekiv2","p2":"Ducky3203","format":"[Gen 9] National Dex","log":"|html|<div class=\"broadcast-blue\"><strong>[Gen 9] National Dex is currently suspecting Sneasler! For information on how to participate check out the <a href=\"https:\/\/www.smogon.com\/forums\/threads\/sv-national-dex-suspect-8-just-dance.3731534\/\">suspect thread<\/a>.<\/strong><\/div>\n|j|\u2606Regielekiv2\n|j|\u2606Ducky3203\n|t:|1700749000\n|gametype|singles\n|player|p1|Regielekiv2|clair|1477\n|player|p2|Ducky3203|plasmagrunt|1566\n|teamsize|p1|6\n|teamsize|p2|6\n|gen|9\n|tier|[Gen 9] National Dex\n|rated|\n|rule|HP Percentage Mod: HP is shown in percentages\n|rule|Endless Battle Clause: Forcing endless battles is banned\n|rule|OHKO Clause: OHKO moves are banned\n|rule|Evasion Clause: Evasion abilities, items, and moves are banned\n|rule|Evasion Abilities Clause: Evasion abilities are banned\n|rule|Evasion Items Clause: Evasion items are banned\n|rule|Evasion Moves Clause: Evasion moves are banned\n|rule|Species Clause: Limit one of each Pok\u00e9mon\n|rule|Sleep Clause Mod: Limit one foe put to sleep\n|clearpoke\n|poke|p1|Lopunny, F|\n|poke|p1|Latios, M|\n|poke|p1|Landorus-Therian, M|\n|poke|p1|Tapu Lele|\n|poke|p1|Glimmora, F|\n|poke|p1|Celesteela|\n|poke|p2|Ogerpon-Wellspring, F|\n|poke|p2|Banette, M|\n|poke|p2|Dragonite, F|\n|poke|p2|Alomomola, F|\n|poke|p2|Blacephalon|\n|poke|p2|Victini|\n|teampreview\n|inactive|Battle timer is ON: inactive players will automatically lose when time's up. (requested by Ducky3203)\n|\n|t:|1700749008\n|start\n|switch|p1a: Glimmora|Glimmora, F|100\/100\n|switch|p2a: Banette|Banette, M|100\/100\n|turn|1\n|\n|t:|1700749015\n|detailschange|p2a: Banette|Banette-Mega, M\n|-mega|p2a: Banette|Banette|Banettite\n|move|p2a: Banette|Will-O-Wisp|p1a: Glimmora|[miss]\n|-miss|p2a: Banette|p1a: Glimmora\n|move|p1a: Glimmora|Stealth Rock|p2a: Banette\n|-sidestart|p2: Ducky3203|move: Stealth Rock\n|\n|upkeep\n|turn|2\n|\n|t:|1700749026\n|move|p2a: Banette|Will-O-Wisp|p1a: Glimmora\n|-status|p1a: Glimmora|brn\n|move|p1a: Glimmora|Earth Power|p2a: Banette\n|-damage|p2a: Banette|64\/100\n|\n|-damage|p1a: Glimmora|94\/100 brn|[from] brn\n|upkeep\n|turn|3\n|\n|t:|1700749033\n|switch|p2a: Dragonite|Dragonite, F|100\/100\n|move|p1a: Glimmora|Mortal Spin|p2a: Dragonite\n|-damage|p2a: Dragonite|99\/100\n|-status|p2a: Dragonite|psn\n|\n|-damage|p2a: Dragonite|87\/100 psn|[from] psn\n|-damage|p1a: Glimmora|88\/100 brn|[from] brn\n|upkeep\n|turn|4\n|\n|t:|1700749039\n|switch|p1a: Tapu Lele|Tapu Lele, shiny|100\/100\n|-fieldstart|move: Psychic Terrain|[from] ability: Psychic Surge|[of] p1a: Tapu Lele\n|move|p2a: Dragonite|Dragon Dance|p2a: Dragonite\n|-boost|p2a: Dragonite|atk|1\n|-boost|p2a: Dragonite|spe|1\n|\n|-damage|p2a: Dragonite|75\/100 psn|[from] psn\n|upkeep\n|turn|5\n|\n|t:|1700749043\n|move|p2a: Dragonite|Earthquake|p1a: Tapu Lele\n|-damage|p1a: Tapu Lele|21\/100\n|move|p1a: Tapu Lele|Moonblast|p2a: Dragonite\n|-supereffective|p2a: Dragonite\n|-damage|p2a: Dragonite|0 fnt\n|faint|p2a: Dragonite\n|\n|upkeep\n|\n|t:|1700749050\n|switch|p2a: Blacephalon|Blacephalon|100\/100\n|-damage|p2a: Blacephalon|75\/100|[from] Stealth Rock\n|turn|6\n|\n|t:|1700749054\n|switch|p1a: Latios|Latios, M|100\/100\n|move|p2a: Blacephalon|Flamethrower|p1a: Latios\n|-resisted|p1a: Latios\n|-damage|p1a: Latios|72\/100\n|\n|upkeep\n|turn|7\n|\n|t:|1700749061\n|switch|p2a: Alomomola|Alomomola, F|100\/100\n|move|p1a: Latios|Psychic|p2a: Alomomola\n|-damage|p2a: Alomomola|27\/100\n|\n|upkeep\n|turn|8\n|\n|t:|1700749064\n|move|p2a: Alomomola|Protect|p2a: Alomomola\n|-singleturn|p2a: Alomomola|Protect\n|move|p1a: Latios|Psychic|p2a: Alomomola\n|-activate|p2a: Alomomola|move: Protect\n|\n|-fieldend|move: Psychic Terrain\n|upkeep\n|turn|9\n|\n|t:|1700749070\n|switch|p2a: Victini|Victini|100\/100\n|-damage|p2a: Victini|76\/100|[from] Stealth Rock\n|move|p1a: Latios|Psychic|p2a: Victini\n|-resisted|p2a: Victini\n|-damage|p2a: Victini|43\/100\n|\n|upkeep\n|turn|10\n|\n|t:|1700749074\n|switch|p1a: Landorus|Landorus-Therian, M|100\/100\n|-ability|p1a: Landorus|Intimidate|boost\n|-unboost|p2a: Victini|atk|1\n|-zpower|p2a: Victini\n|move|p2a: Victini|Z-Celebrate|p2a: Victini|[anim]Celebrate\n|-boost|p2a: Victini|atk|1|[zeffect]\n|-boost|p2a: Victini|def|1|[zeffect]\n|-boost|p2a: Victini|spa|1|[zeffect]\n|-boost|p2a: Victini|spd|1|[zeffect]\n|-boost|p2a: Victini|spe|1|[zeffect]\n|-activate|p2a: Victini|move: Celebrate\n|\n|upkeep\n|turn|11\n|\n|t:|1700749077\n|move|p2a: Victini|Searing Shot|p1a: Landorus\n|-crit|p1a: Landorus\n|-damage|p1a: Landorus|3\/100\n|-status|p1a: Landorus|brn\n|move|p1a: Landorus|Earthquake|p2a: Victini\n|-supereffective|p2a: Victini\n|-damage|p2a: Victini|12\/100\n|\n|-damage|p1a: Landorus|0 fnt|[from] brn\n|faint|p1a: Landorus\n|upkeep\n|\n|t:|1700749081\n|switch|p1a: Lopunny|Lopunny, F, shiny|100\/100\n|turn|12\n|\n|t:|1700749085\n|detailschange|p1a: Lopunny|Lopunny-Mega, F, shiny\n|-mega|p1a: Lopunny|Lopunny|Lopunnite\n|move|p1a: Lopunny|Fake Out|p2a: Victini\n|-damage|p2a: Victini|0 fnt\n|faint|p2a: Victini\n|\n|upkeep\n|\n|t:|1700749098\n|switch|p2a: Banette|Banette-Mega, M|64\/100\n|-damage|p2a: Banette|52\/100|[from] Stealth Rock\n|turn|13\n|\n|t:|1700749101\n|switch|p1a: Glimmora|Glimmora, F|88\/100 brn\n|move|p2a: Banette|Destiny Bond|p2a: Banette\n|-singlemove|p2a: Banette|Destiny Bond\n|\n|-damage|p1a: Glimmora|82\/100 brn|[from] brn\n|upkeep\n|turn|14\n|\n|t:|1700749105\n|move|p1a: Glimmora|Earth Power|p2a: Banette\n|-damage|p2a: Banette|15\/100\n|move|p2a: Banette|Poltergeist|p1a: Glimmora\n|-activate|p1a: Glimmora|move: Poltergeist|Focus Sash\n|-damage|p1a: Glimmora|0 fnt\n|-activate|p1a: Glimmora|ability: Toxic Debris\n|-sidestart|p2: Ducky3203|move: Toxic Spikes\n|faint|p1a: Glimmora\n|\n|upkeep\n|\n|t:|1700749109\n|switch|p1a: Lopunny|Lopunny-Mega, F, shiny|100\/100\n|turn|15\n|\n|t:|1700749112\n|move|p1a: Lopunny|Fake Out|p2a: Banette\n|-damage|p2a: Banette|0 fnt\n|faint|p2a: Banette\n|\n|upkeep\n|\n|t:|1700749122\n|switch|p2a: Blacephalon|Blacephalon|75\/100\n|-damage|p2a: Blacephalon|50\/100|[from] Stealth Rock\n|-status|p2a: Blacephalon|psn\n|turn|16\n|\n|t:|1700749128\n|move|p2a: Blacephalon|Flamethrower|p1a: Lopunny\n|-damage|p1a: Lopunny|34\/100\n|move|p1a: Lopunny|Return|p2a: Blacephalon\n|-damage|p2a: Blacephalon|0 fnt\n|faint|p2a: Blacephalon\n|\n|upkeep\n|\n|t:|1700749131\n|switch|p2a: Alomomola|Alomomola, F|60\/100\n|turn|17\n|\n|t:|1700749134\n|move|p1a: Lopunny|U-turn|p2a: Alomomola\n|-damage|p2a: Alomomola|45\/100\n|\n|t:|1700749136\n|switch|p1a: Latios|Latios, M|72\/100|[from] U-turn\n|move|p2a: Alomomola|Wish|p2a: Alomomola\n|\n|upkeep\n|turn|18\n|\n|t:|1700749139\n|move|p2a: Alomomola|Protect|p2a: Alomomola\n|-singleturn|p2a: Alomomola|Protect\n|move|p1a: Latios|Draco Meteor|p2a: Alomomola\n|-activate|p2a: Alomomola|move: Protect\n|\n|-heal|p2a: Alomomola|95\/100|[from] move: Wish|[wisher] Alomomola\n|upkeep\n|turn|19\n|\n|t:|1700749141\n|move|p1a: Latios|Draco Meteor|p2a: Alomomola\n|-damage|p2a: Alomomola|0 fnt\n|-unboost|p1a: Latios|spa|2\n|faint|p2a: Alomomola\n|\n|upkeep\n|\n|t:|1700749144\n|switch|p2a: Ogerpon|Ogerpon-Wellspring, F|100\/100\n|-damage|p2a: Ogerpon|88\/100|[from] Stealth Rock\n|-status|p2a: Ogerpon|psn\n|turn|20\n|\n|t:|1700749147\n|move|p1a: Latios|Draco Meteor|p2a: Ogerpon\n|-damage|p2a: Ogerpon|30\/100 psn\n|-unboost|p1a: Latios|spa|2\n|move|p2a: Ogerpon|Swords Dance|p2a: Ogerpon\n|-boost|p2a: Ogerpon|atk|2\n|\n|-damage|p2a: Ogerpon|17\/100 psn|[from] psn\n|upkeep\n|turn|21\n|\n|t:|1700749153\n|move|p2a: Ogerpon|Horn Leech|p1a: Latios\n|-resisted|p1a: Latios\n|-damage|p1a: Latios|6\/100\n|-heal|p2a: Ogerpon|50\/100 psn|[from] drain|[of] p1a: Latios\n|move|p1a: Latios|Draco Meteor|p2a: Ogerpon\n|-damage|p2a: Ogerpon|12\/100 psn\n|-unboost|p1a: Latios|spa|2\n|\n|-damage|p2a: Ogerpon|0 fnt|[from] psn\n|faint|p2a: Ogerpon\n|\n|win|Regielekiv2\n|upkeep\n|raw|Regielekiv2's rating: 1477 &rarr; <strong>1502<\/strong><br \/>(+25 for winning)\n|raw|Ducky3203's rating: 1566 &rarr; <strong>1541<\/strong><br \/>(-25 for losing)\n|l|\u2606Ducky3203\n","uploadtime":1700749162,"views":3,"p1id":"regielekiv2","p2id":"ducky3203","formatid":"gen9nationaldex","rating":1502,"private":0,"password":""}