{"id":"gen9nationaldex-1990432629","p1":"opop777","p2":"spidercookie","format":"[Gen 9] National Dex","log":"|j|\u2606opop777\n|j|\u2606spidercookie\n|t:|1699970426\n|gametype|singles\n|player|p1|opop777|alec-anime|1373\n|player|p2|spidercookie|teamrocket|1444\n|teamsize|p1|6\n|teamsize|p2|6\n|gen|9\n|tier|[Gen 9] National Dex\n|rated|\n|rule|HP Percentage Mod: HP is shown in percentages\n|rule|Endless Battle Clause: Forcing endless battles is banned\n|rule|OHKO Clause: OHKO moves are banned\n|rule|Evasion Clause: Evasion abilities, items, and moves are banned\n|rule|Evasion Abilities Clause: Evasion abilities are banned\n|rule|Evasion Items Clause: Evasion items are banned\n|rule|Evasion Moves Clause: Evasion moves are banned\n|rule|Species Clause: Limit one of each Pok\u00e9mon\n|rule|Sleep Clause Mod: Limit one foe put to sleep\n|clearpoke\n|poke|p1|Beedrill, M|\n|poke|p1|Rillaboom, M|\n|poke|p1|Landorus-Therian, M|\n|poke|p1|Kommo-o, M|\n|poke|p1|Heatran, M|\n|poke|p1|Greninja-*, M|\n|poke|p2|Alomomola, M|\n|poke|p2|Banette, M|\n|poke|p2|Goodra-Hisui, F|\n|poke|p2|Gliscor, M|\n|poke|p2|Tapu Lele|\n|poke|p2|Rabsca, F|\n|teampreview\n|inactive|Battle timer is ON: inactive players will automatically lose when time's up. (requested by opop777)\n|\n|t:|1699970433\n|start\n|switch|p1a: Beedrill|Beedrill, M|100\/100\n|switch|p2a: Tapu Lele|Tapu Lele|100\/100\n|-fieldstart|move: Psychic Terrain|[from] ability: Psychic Surge|[of] p2a: Tapu Lele\n|turn|1\n|\n|t:|1699970438\n|switch|p1a: Greninja|Greninja, M|100\/100\n|move|p2a: Tapu Lele|Psychic|p1a: Greninja\n|-immune|p1a: Greninja\n|\n|upkeep\n|turn|2\n|\n|t:|1699970445\n|switch|p2a: Alomomola|Alomomola, M|100\/100\n|switch|p1a: Beedrill|Beedrill, M|100\/100\n|\n|upkeep\n|turn|3\n|\n|t:|1699970449\n|detailschange|p1a: Beedrill|Beedrill-Mega, M\n|-mega|p1a: Beedrill|Beedrill|Beedrillite\n|move|p1a: Beedrill|Knock Off|p2a: Alomomola\n|-damage|p2a: Alomomola|79\/100\n|-enditem|p2a: Alomomola|Leftovers|[from] move: Knock Off|[of] p1a: Beedrill\n|move|p2a: Alomomola|Flip Turn|p1a: Beedrill\n|-damage|p1a: Beedrill|59\/100\n|\n|t:|1699970453\n|switch|p2a: Tapu Lele|Tapu Lele|100\/100|[from] Flip Turn\n|\n|upkeep\n|turn|4\n|\n|t:|1699970460\n|move|p2a: Tapu Lele|Moonblast|p1a: Beedrill\n|-resisted|p1a: Beedrill\n|-crit|p1a: Beedrill\n|-damage|p1a: Beedrill|7\/100\n|move|p1a: Beedrill|Poison Jab|p2a: Tapu Lele\n|-supereffective|p2a: Tapu Lele\n|-damage|p2a: Tapu Lele|0 fnt\n|faint|p2a: Tapu Lele\n|\n|upkeep\n|\n|t:|1699970467\n|switch|p2a: Alomomola|Alomomola, M|100\/100\n|turn|5\n|\n|t:|1699970475\n|switch|p1a: Rillaboom|Rillaboom, M|100\/100\n|-fieldstart|move: Grassy Terrain|[from] ability: Grassy Surge|[of] p1a: Rillaboom\n|-enditem|p1a: Rillaboom|Grassy Seed\n|-boost|p1a: Rillaboom|def|1|[from] item: Grassy Seed\n|move|p2a: Alomomola|Flip Turn|p1a: Rillaboom\n|-resisted|p1a: Rillaboom\n|-damage|p1a: Rillaboom|94\/100\n|\n|t:|1699970481\n|switch|p2a: Banette|Banette, M|100\/100|[from] Flip Turn\n|\n|-heal|p1a: Rillaboom|100\/100|[from] Grassy Terrain\n|upkeep\n|turn|6\n|\n|t:|1699970488\n|detailschange|p2a: Banette|Banette-Mega, M\n|-mega|p2a: Banette|Banette|Banettite\n|move|p1a: Rillaboom|Grassy Glide|p2a: Banette\n|-damage|p2a: Banette|54\/100\n|move|p2a: Banette|Destiny Bond|p2a: Banette\n|-singlemove|p2a: Banette|Destiny Bond\n|\n|-heal|p2a: Banette|60\/100|[from] Grassy Terrain\n|upkeep\n|turn|7\n|\n|t:|1699970496\n|move|p1a: Rillaboom|Swords Dance|p1a: Rillaboom\n|-boost|p1a: Rillaboom|atk|2\n|move|p2a: Banette|Poltergeist||[still]\n|-fail|p2a: Banette\n|\n|-heal|p2a: Banette|66\/100|[from] Grassy Terrain\n|upkeep\n|turn|8\n|\n|t:|1699970501\n|move|p1a: Rillaboom|Grassy Glide|p2a: Banette\n|-damage|p2a: Banette|0 fnt\n|faint|p2a: Banette\n|\n|upkeep\n|\n|t:|1699970504\n|switch|p2a: Alomomola|Alomomola, M|100\/100\n|turn|9\n|\n|t:|1699970509\n|move|p2a: Alomomola|Protect|p2a: Alomomola\n|-singleturn|p2a: Alomomola|Protect\n|move|p1a: Rillaboom|Substitute|p1a: Rillaboom\n|-start|p1a: Rillaboom|Substitute\n|-damage|p1a: Rillaboom|76\/100\n|\n|-heal|p1a: Rillaboom|82\/100|[from] Grassy Terrain\n|-fieldend|move: Grassy Terrain\n|upkeep\n|turn|10\n|\n|t:|1699970514\n|switch|p2a: Goodra|Goodra-Hisui, F|100\/100\n|move|p1a: Rillaboom|Swords Dance|p1a: Rillaboom\n|-boost|p1a: Rillaboom|atk|2\n|\n|upkeep\n|turn|11\n|\n|t:|1699970518\n|move|p1a: Rillaboom|Grassy Glide|p2a: Goodra\n|-ability|p2a: Goodra|Sap Sipper|boost\n|-boost|p2a: Goodra|atk|1\n|move|p2a: Goodra|Fire Blast|p1a: Rillaboom\n|-supereffective|p1a: Rillaboom\n|-end|p1a: Rillaboom|Substitute\n|\n|upkeep\n|turn|12\n|\n|t:|1699970527\n|switch|p1a: Heatran|Heatran, M|100\/100\n|-item|p1a: Heatran|Air Balloon\n|move|p2a: Goodra|Earthquake|p1a: Heatran\n|-immune|p1a: Heatran\n|\n|upkeep\n|turn|13\n|\n|t:|1699970534\n|-terastallize|p2a: Goodra|Water\n|move|p1a: Heatran|Stealth Rock|p2a: Goodra\n|-sidestart|p2: spidercookie|move: Stealth Rock\n|move|p2a: Goodra|Flash Cannon|p1a: Heatran\n|-resisted|p1a: Heatran\n|-damage|p1a: Heatran|92\/100\n|-unboost|p1a: Heatran|spd|1\n|-enditem|p1a: Heatran|Air Balloon\n|\n|upkeep\n|turn|14\n|\n|t:|1699970541\n|switch|p1a: Landorus|Landorus-Therian, M|100\/100\n|-ability|p1a: Landorus|Intimidate|boost\n|-unboost|p2a: Goodra|atk|1\n|move|p2a: Goodra|Earthquake|p1a: Landorus\n|-immune|p1a: Landorus\n|\n|upkeep\n|turn|15\n|\n|t:|1699970547\n|move|p1a: Landorus|Toxic|p2a: Goodra\n|-status|p2a: Goodra|tox\n|move|p2a: Goodra|Draco Meteor|p1a: Landorus\n|-damage|p1a: Landorus|23\/100\n|-unboost|p2a: Goodra|spa|2\n|\n|-damage|p2a: Goodra|94\/100 tox|[from] psn\n|upkeep\n|turn|16\n|\n|t:|1699970555\n|switch|p1a: Beedrill|Beedrill-Mega, M|7\/100\n|switch|p2a: Gliscor|Gliscor, M|100\/100\n|-damage|p2a: Gliscor|88\/100|[from] Stealth Rock\n|\n|-status|p2a: Gliscor|tox|[from] item: Toxic Orb\n|upkeep\n|turn|17\n|\n|t:|1699970563\n|move|p1a: Beedrill|Poison Jab|p2a: Gliscor\n|-resisted|p2a: Gliscor\n|-damage|p2a: Gliscor|68\/100 tox\n|move|p2a: Gliscor|Toxic|p1a: Beedrill\n|-immune|p1a: Beedrill\n|\n|-heal|p2a: Gliscor|80\/100 tox|[from] ability: Poison Heal\n|upkeep\n|turn|18\n|\n|t:|1699970570\n|move|p1a: Beedrill|Poison Jab|p2a: Gliscor\n|-resisted|p2a: Gliscor\n|-damage|p2a: Gliscor|62\/100 tox\n|move|p2a: Gliscor|Earthquake|p1a: Beedrill\n|-damage|p1a: Beedrill|0 fnt\n|faint|p1a: Beedrill\n|\n|-heal|p2a: Gliscor|74\/100 tox|[from] ability: Poison Heal\n|upkeep\n|\n|t:|1699970573\n|switch|p1a: Greninja|Greninja, M|100\/100\n|turn|19\n|\n|t:|1699970576\n|move|p2a: Gliscor|Protect|p2a: Gliscor\n|-singleturn|p2a: Gliscor|Protect\n|move|p1a: Greninja|Dark Pulse|p2a: Gliscor\n|-activate|p2a: Gliscor|move: Protect\n|\n|-heal|p2a: Gliscor|86\/100 tox|[from] ability: Poison Heal\n|upkeep\n|turn|20\n|\n|t:|1699970584\n|switch|p2a: Goodra|Goodra-Hisui, F, tera:Water|94\/100 tox\n|-damage|p2a: Goodra|82\/100 tox|[from] Stealth Rock\n|move|p1a: Greninja|Dark Pulse|p2a: Goodra\n|-damage|p2a: Goodra|63\/100 tox\n|-damage|p1a: Greninja|91\/100|[from] item: Life Orb\n|\n|-damage|p2a: Goodra|57\/100 tox|[from] psn\n|upkeep\n|turn|21\n|\n|t:|1699970595\n|switch|p1a: Heatran|Heatran, M|92\/100\n|switch|p2a: Alomomola|Alomomola, M|100\/100\n|-damage|p2a: Alomomola|88\/100|[from] Stealth Rock\n|\n|upkeep\n|turn|22\n|\n|t:|1699970601\n|switch|p1a: Rillaboom|Rillaboom, M|82\/100\n|-fieldstart|move: Grassy Terrain|[from] ability: Grassy Surge|[of] p1a: Rillaboom\n|move|p2a: Alomomola|Flip Turn|p1a: Rillaboom\n|-resisted|p1a: Rillaboom\n|-damage|p1a: Rillaboom|73\/100\n|\n|t:|1699970603\n|switch|p2a: Rabsca|Rabsca, F|100\/100|[from] Flip Turn\n|-damage|p2a: Rabsca|76\/100|[from] Stealth Rock\n|\n|-heal|p1a: Rillaboom|79\/100|[from] Grassy Terrain\n|-heal|p2a: Rabsca|82\/100|[from] Grassy Terrain\n|upkeep\n|turn|23\n|\n|t:|1699970615\n|switch|p1a: Kommo-o|Kommo-o, M|100\/100\n|move|p2a: Rabsca|Revival Blessing|p2a: Rabsca\n|-enditem|p2a: Rabsca|Leppa Berry|[eat]\n|-activate|p2a: Rabsca|item: Leppa Berry|Revival Blessing|[consumed]\n|\n|t:|1699970619\n|-heal|p2: Tapu Lele|50\/100|[from] move: Revival Blessing\n|\n|-heal|p2a: Rabsca|88\/100|[from] Grassy Terrain\n|upkeep\n|turn|24\n|\n|t:|1699970633\n|move|p1a: Kommo-o|Boomburst|p2a: Rabsca\n|-crit|p2a: Rabsca\n|-damage|p2a: Rabsca|43\/100\n|move|p2a: Rabsca|Trick Room|p2a: Rabsca\n|-fieldstart|move: Trick Room|[of] p2a: Rabsca\n|\n|-heal|p2a: Rabsca|49\/100|[from] Grassy Terrain\n|upkeep\n|turn|25\n|\n|t:|1699970642\n|move|p2a: Rabsca|Revival Blessing|p2a: Rabsca\n|\n|t:|1699970643\n|-heal|p2: Banette|50\/100|[from] move: Revival Blessing\n|move|p1a: Kommo-o|Flamethrower|p2a: Rabsca\n|-supereffective|p2a: Rabsca\n|-damage|p2a: Rabsca|9\/100\n|\n|-heal|p2a: Rabsca|15\/100|[from] Grassy Terrain\n|upkeep\n|turn|26\n|\n|t:|1699970654\n|move|p2a: Rabsca|Memento|p1a: Kommo-o\n|-unboost|p1a: Kommo-o|atk|2\n|-unboost|p1a: Kommo-o|spa|2\n|faint|p2a: Rabsca\n|move|p1a: Kommo-o|Flamethrower|p2: Rabsca|[notarget]\n|-fail|p1a: Kommo-o\n|\n|-fieldend|move: Grassy Terrain\n|upkeep\n|\n|t:|1699970660\n|switch|p2a: Alomomola|Alomomola, M|100\/100\n|-damage|p2a: Alomomola|88\/100|[from] Stealth Rock\n|turn|27\n|\n|t:|1699970664\n|switch|p1a: Heatran|Heatran, M|92\/100\n|move|p2a: Alomomola|Wish|p2a: Alomomola\n|\n|upkeep\n|turn|28\n|\n|t:|1699970673\n|switch|p1a: Rillaboom|Rillaboom, M|79\/100\n|-fieldstart|move: Grassy Terrain|[from] ability: Grassy Surge|[of] p1a: Rillaboom\n|move|p2a: Alomomola|Flip Turn|p1a: Rillaboom\n|-resisted|p1a: Rillaboom\n|-damage|p1a: Rillaboom|71\/100\n|\n|t:|1699970675\n|switch|p2a: Tapu Lele|Tapu Lele|50\/100|[from] Flip Turn\n|-damage|p2a: Tapu Lele|38\/100|[from] Stealth Rock\n|-fieldstart|move: Psychic Terrain|[from] ability: Psychic Surge|[of] p2a: Tapu Lele\n|\n|-heal|p2a: Tapu Lele|100\/100|[from] move: Wish|[wisher] Alomomola\n|-fieldend|move: Trick Room\n|upkeep\n|turn|29\n|\n|t:|1699970683\n|move|p2a: Tapu Lele|Moonblast|p1a: Rillaboom\n|-damage|p1a: Rillaboom|2\/100\n|-unboost|p1a: Rillaboom|spa|1\n|move|p1a: Rillaboom|Grassy Glide|p2a: Tapu Lele\n|-damage|p2a: Tapu Lele|58\/100\n|\n|upkeep\n|turn|30\n|\n|t:|1699970692\n|switch|p1a: Kommo-o|Kommo-o, M|100\/100\n|move|p2a: Tapu Lele|Moonblast|p1a: Kommo-o\n|-supereffective|p1a: Kommo-o\n|-damage|p1a: Kommo-o|0 fnt\n|faint|p1a: Kommo-o\n|\n|upkeep\n|\n|t:|1699970697\n|switch|p1a: Heatran|Heatran, M|92\/100\n|turn|31\n|\n|t:|1699970701\n|switch|p2a: Alomomola|Alomomola, M|100\/100\n|-damage|p2a: Alomomola|88\/100|[from] Stealth Rock\n|move|p1a: Heatran|Eruption|p2a: Alomomola\n|-resisted|p2a: Alomomola\n|-damage|p2a: Alomomola|43\/100\n|\n|upkeep\n|turn|32\n|\n|t:|1699970708\n|move|p2a: Alomomola|Protect|p2a: Alomomola\n|-singleturn|p2a: Alomomola|Protect\n|move|p1a: Heatran|Eruption|p2a: Alomomola\n|-activate|p2a: Alomomola|move: Protect\n|\n|-fieldend|move: Psychic Terrain\n|upkeep\n|turn|33\n|\n|t:|1699970721\n|switch|p2a: Gliscor|Gliscor, M|86\/100 tox\n|-damage|p2a: Gliscor|74\/100 tox|[from] Stealth Rock\n|move|p1a: Heatran|Eruption|p2a: Gliscor\n|-damage|p2a: Gliscor|0 fnt\n|faint|p2a: Gliscor\n|\n|upkeep\n|\n|t:|1699970724\n|switch|p2a: Banette|Banette-Mega, M|50\/100\n|-damage|p2a: Banette|38\/100|[from] Stealth Rock\n|turn|34\n|\n|t:|1699970731\n|switch|p1a: Rillaboom|Rillaboom, M|2\/100\n|-fieldstart|move: Grassy Terrain|[from] ability: Grassy Surge|[of] p1a: Rillaboom\n|move|p2a: Banette|Destiny Bond|p2a: Banette\n|-singlemove|p2a: Banette|Destiny Bond\n|\n|-heal|p1a: Rillaboom|8\/100|[from] Grassy Terrain\n|-heal|p2a: Banette|44\/100|[from] Grassy Terrain\n|upkeep\n|turn|35\n|\n|t:|1699970741\n|switch|p1a: Landorus|Landorus-Therian, M|23\/100\n|-ability|p1a: Landorus|Intimidate|boost\n|-unboost|p2a: Banette|atk|1\n|move|p2a: Banette|Shadow Sneak|p1a: Landorus\n|-damage|p1a: Landorus|11\/100\n|-damage|p2a: Banette|28\/100|[from] item: Rocky Helmet|[of] p1a: Landorus\n|\n|-heal|p2a: Banette|34\/100|[from] Grassy Terrain\n|upkeep\n|turn|36\n|\n|t:|1699970750\n|switch|p1a: Rillaboom|Rillaboom, M|8\/100\n|move|p2a: Banette|Shadow Sneak|p1a: Rillaboom\n|-damage|p1a: Rillaboom|0 fnt\n|faint|p1a: Rillaboom\n|\n|-heal|p2a: Banette|40\/100|[from] Grassy Terrain\n|upkeep\n|\n|t:|1699970755\n|switch|p1a: Greninja|Greninja, M|91\/100\n|turn|37\n|\n|t:|1699970760\n|switch|p2a: Tapu Lele|Tapu Lele|58\/100\n|-damage|p2a: Tapu Lele|45\/100|[from] Stealth Rock\n|-fieldstart|move: Psychic Terrain|[from] ability: Psychic Surge|[of] p2a: Tapu Lele\n|-terastallize|p1a: Greninja|Water\n|move|p1a: Greninja|Water Shuriken|p2a: Tapu Lele\n|-activate|p2a: Tapu Lele|move: Psychic Terrain\n|\n|upkeep\n|turn|38\n|\n|t:|1699970767\n|move|p2a: Tapu Lele|Psychic|p1a: Greninja\n|-damage|p1a: Greninja|0 fnt\n|faint|p1a: Greninja\n|\n|upkeep\n|\n|t:|1699970770\n|switch|p1a: Heatran|Heatran, M|92\/100\n|turn|39\n|\n|t:|1699970774\n|switch|p2a: Goodra|Goodra-Hisui, F, tera:Water|57\/100 tox\n|-damage|p2a: Goodra|44\/100 tox|[from] Stealth Rock\n|move|p1a: Heatran|Eruption|p2a: Goodra\n|-resisted|p2a: Goodra\n|-damage|p2a: Goodra|27\/100 tox\n|\n|-damage|p2a: Goodra|21\/100 tox|[from] psn\n|upkeep\n|turn|40\n|\n|t:|1699970783\n|move|p1a: Heatran|Eruption|p2a: Goodra\n|-resisted|p2a: Goodra\n|-damage|p2a: Goodra|5\/100 tox\n|move|p2a: Goodra|Draco Meteor|p1a: Heatran\n|-resisted|p1a: Heatran\n|-damage|p1a: Heatran|63\/100\n|-unboost|p2a: Goodra|spa|2\n|\n|-damage|p2a: Goodra|0 fnt|[from] psn\n|faint|p2a: Goodra\n|upkeep\n|\n|t:|1699970791\n|switch|p2a: Banette|Banette-Mega, M|40\/100\n|-damage|p2a: Banette|27\/100|[from] Stealth Rock\n|turn|41\n|\n|t:|1699970796\n|move|p2a: Banette|Destiny Bond|p2a: Banette\n|-singlemove|p2a: Banette|Destiny Bond\n|move|p1a: Heatran|Earth Power|p2a: Banette\n|-damage|p2a: Banette|0 fnt\n|faint|p2a: Banette\n|-activate|p2a: Banette|move: Destiny Bond\n|faint|p1a: Heatran\n|\n|-fieldend|move: Psychic Terrain\n|upkeep\n|\n|t:|1699970800\n|switch|p1a: Landorus|Landorus-Therian, M|11\/100\n|switch|p2a: Alomomola|Alomomola, M|77\/100\n|-ability|p1a: Landorus|Intimidate|boost\n|-unboost|p2a: Alomomola|atk|1\n|-damage|p2a: Alomomola|64\/100|[from] Stealth Rock\n|turn|42\n|\n|t:|1699970804\n|move|p1a: Landorus|Earthquake|p2a: Alomomola\n|-crit|p2a: Alomomola\n|-damage|p2a: Alomomola|25\/100\n|move|p2a: Alomomola|Toxic|p1a: Landorus\n|-status|p1a: Landorus|tox\n|\n|-damage|p1a: Landorus|5\/100 tox|[from] psn\n|upkeep\n|turn|43\n|\n|t:|1699970807\n|move|p2a: Alomomola|Protect|p2a: Alomomola\n|-singleturn|p2a: Alomomola|Protect\n|move|p1a: Landorus|Earthquake|p2a: Alomomola\n|-activate|p2a: Alomomola|move: Protect\n|\n|-damage|p1a: Landorus|0 fnt|[from] psn\n|faint|p1a: Landorus\n|\n|win|spidercookie\n|upkeep\n|raw|opop777's rating: 1373 &rarr; <strong>1357<\/strong><br \/>(-16 for losing)\n|raw|spidercookie's rating: 1444 &rarr; <strong>1460<\/strong><br \/>(+16 for winning)\n|l|\u2606opop777\n|c|\u2606spidercookie|gg\n","uploadtime":1699970813,"views":3,"p1id":"opop777","p2id":"spidercookie","formatid":"gen9nationaldex","rating":1357,"private":0,"password":""}