{"id":"gen9nationaldex-1997288264","p1":"wopowopo","p2":"TheStroker","format":"[Gen 9] National Dex","log":"|html|<div class=\"broadcast-blue\"><strong>[Gen 9] National Dex is currently suspecting Sneasler! For information on how to participate check out the <a href=\"https:\/\/www.smogon.com\/forums\/threads\/sv-national-dex-suspect-8-just-dance.3731534\/\">suspect thread<\/a>.<\/strong><\/div>\n|j|\u2606wopowopo\n|j|\u2606TheStroker\n|t:|1700785023\n|gametype|singles\n|player|p1|wopowopo|266|1576\n|player|p2|TheStroker|janitor|1585\n|teamsize|p1|6\n|teamsize|p2|6\n|gen|9\n|tier|[Gen 9] National Dex\n|rated|\n|rule|HP Percentage Mod: HP is shown in percentages\n|rule|Endless Battle Clause: Forcing endless battles is banned\n|rule|OHKO Clause: OHKO moves are banned\n|rule|Evasion Clause: Evasion abilities, items, and moves are banned\n|rule|Evasion Abilities Clause: Evasion abilities are banned\n|rule|Evasion Items Clause: Evasion items are banned\n|rule|Evasion Moves Clause: Evasion moves are banned\n|rule|Species Clause: Limit one of each Pok\u00e9mon\n|rule|Sleep Clause Mod: Limit one foe put to sleep\n|clearpoke\n|poke|p1|Moltres|\n|poke|p1|Glimmora, F|\n|poke|p1|Zamazenta-*|\n|poke|p1|Lokix, M|\n|poke|p1|Ogerpon-Wellspring, F|\n|poke|p1|Tapu Lele|\n|poke|p2|Blaziken, M|\n|poke|p2|Mew|\n|poke|p2|Kyurem|\n|poke|p2|Garganacl, M|\n|poke|p2|Kleavor, F|\n|poke|p2|Ribombee, F|\n|teampreview\n|inactive|Battle timer is ON: inactive players will automatically lose when time's up. (requested by wopowopo)\n|j| Zangoosefriend96\n|j| kung fu pokechu\n|j| mistahmerrikuu\n|inactive|wopowopo has 120 seconds left.\n|\n|t:|1700785055\n|start\n|switch|p1a: \u8d85\u7ea7\u8f93\u51fa\u624b|Glimmora, F|100\/100\n|switch|p2a: Synergy|Kleavor, F|100\/100\n|turn|1\n|\n|t:|1700785078\n|move|p1a: \u8d85\u7ea7\u8f93\u51fa\u624b|Power Gem|p2a: Synergy\n|-supereffective|p2a: Synergy\n|-damage|p2a: Synergy|0 fnt\n|faint|p2a: Synergy\n|\n|upkeep\n|\n|t:|1700785087\n|switch|p2a: At least 2|Garganacl, M|100\/100\n|turn|2\n|\n|t:|1700785095\n|switch|p1a: \u94c1\u58c1\u5657\u53fd1|Zamazenta|100\/100\n|-ability|p1a: \u94c1\u58c1\u5657\u53fd1|Dauntless Shield|boost\n|-boost|p1a: \u94c1\u58c1\u5657\u53fd1|def|1\n|move|p2a: At least 2|Stone Edge|p1a: \u94c1\u58c1\u5657\u53fd1\n|-resisted|p1a: \u94c1\u58c1\u5657\u53fd1\n|-damage|p1a: \u94c1\u58c1\u5657\u53fd1|83\/100\n|\n|-heal|p1a: \u94c1\u58c1\u5657\u53fd1|89\/100|[from] item: Leftovers\n|upkeep\n|turn|3\n|\n|t:|1700785099\n|switch|p2a: How|Ribombee, F|100\/100\n|move|p1a: \u94c1\u58c1\u5657\u53fd1|Body Press|p2a: How\n|-resisted|p2a: How\n|-damage|p2a: How|76\/100\n|\n|-heal|p1a: \u94c1\u58c1\u5657\u53fd1|95\/100|[from] item: Leftovers\n|upkeep\n|turn|4\n|\n|t:|1700785107\n|-terastallize|p1a: \u94c1\u58c1\u5657\u53fd1|Electric\n|move|p1a: \u94c1\u58c1\u5657\u53fd1|Iron Defense|p1a: \u94c1\u58c1\u5657\u53fd1\n|-boost|p1a: \u94c1\u58c1\u5657\u53fd1|def|2\n|move|p2a: How|Stun Spore|p1a: \u94c1\u58c1\u5657\u53fd1\n|-immune|p1a: \u94c1\u58c1\u5657\u53fd1\n|\n|-heal|p1a: \u94c1\u58c1\u5657\u53fd1|100\/100|[from] item: Leftovers\n|upkeep\n|turn|5\n|\n|t:|1700785126\n|move|p1a: \u94c1\u58c1\u5657\u53fd1|Iron Defense|p1a: \u94c1\u58c1\u5657\u53fd1\n|-boost|p1a: \u94c1\u58c1\u5657\u53fd1|def|2\n|move|p2a: How|Sticky Web|p1a: \u94c1\u58c1\u5657\u53fd1\n|-sidestart|p1: wopowopo|move: Sticky Web\n|\n|upkeep\n|turn|6\n|\n|t:|1700785128\n|move|p1a: \u94c1\u58c1\u5657\u53fd1|Body Press|p2a: How\n|-resisted|p2a: How\n|-damage|p2a: How|20\/100\n|move|p2a: How|Moonblast|p1a: \u94c1\u58c1\u5657\u53fd1\n|-damage|p1a: \u94c1\u58c1\u5657\u53fd1|67\/100\n|\n|-heal|p1a: \u94c1\u58c1\u5657\u53fd1|73\/100|[from] item: Leftovers\n|upkeep\n|turn|7\n|\n|t:|1700785138\n|move|p1a: \u94c1\u58c1\u5657\u53fd1|Body Press|p2a: How\n|-resisted|p2a: How\n|-damage|p2a: How|0 fnt\n|faint|p2a: How\n|\n|-heal|p1a: \u94c1\u58c1\u5657\u53fd1|79\/100|[from] item: Leftovers\n|upkeep\n|j| less might be more\n|\n|t:|1700785150\n|switch|p2a: Very thankful|Mew|100\/100\n|turn|8\n|\n|t:|1700785167\n|-terastallize|p2a: Very thankful|Poison\n|move|p1a: \u94c1\u58c1\u5657\u53fd1|Body Press|p2a: Very thankful\n|-resisted|p2a: Very thankful\n|-damage|p2a: Very thankful|46\/100\n|move|p2a: Very thankful|Cosmic Power|p2a: Very thankful\n|-boost|p2a: Very thankful|def|1\n|-boost|p2a: Very thankful|spd|1\n|\n|-heal|p1a: \u94c1\u58c1\u5657\u53fd1|85\/100|[from] item: Leftovers\n|-heal|p2a: Very thankful|52\/100|[from] item: Leftovers\n|upkeep\n|turn|9\n|\n|t:|1700785193\n|move|p1a: \u94c1\u58c1\u5657\u53fd1|Body Press|p2a: Very thankful\n|-resisted|p2a: Very thankful\n|-damage|p2a: Very thankful|19\/100\n|move|p2a: Very thankful|Soft-Boiled|p2a: Very thankful\n|-heal|p2a: Very thankful|69\/100\n|\n|-heal|p1a: \u94c1\u58c1\u5657\u53fd1|91\/100|[from] item: Leftovers\n|-heal|p2a: Very thankful|75\/100|[from] item: Leftovers\n|upkeep\n|turn|10\n|\n|t:|1700785212\n|switch|p1a: \u88c2\u817f\u7687\u4fa0|Lokix, M|100\/100\n|-activate|p1a: \u88c2\u817f\u7687\u4fa0|move: Sticky Web\n|-unboost|p1a: \u88c2\u817f\u7687\u4fa0|spe|1\n|move|p2a: Very thankful|Cosmic Power|p2a: Very thankful\n|-boost|p2a: Very thankful|def|1\n|-boost|p2a: Very thankful|spd|1\n|\n|-heal|p2a: Very thankful|81\/100|[from] item: Leftovers\n|upkeep\n|turn|11\n|\n|t:|1700785217\n|move|p2a: Very thankful|Cosmic Power|p2a: Very thankful\n|-boost|p2a: Very thankful|def|1\n|-boost|p2a: Very thankful|spd|1\n|move|p1a: \u88c2\u817f\u7687\u4fa0|Knock Off|p2a: Very thankful\n|-damage|p2a: Very thankful|57\/100\n|-enditem|p2a: Very thankful|Leftovers|[from] move: Knock Off|[of] p1a: \u88c2\u817f\u7687\u4fa0\n|\n|upkeep\n|turn|12\n|\n|t:|1700785223\n|switch|p1a: \u94c1\u58c1\u5657\u53fd1|Zamazenta, tera:Electric|91\/100\n|-activate|p1a: \u94c1\u58c1\u5657\u53fd1|move: Sticky Web\n|-unboost|p1a: \u94c1\u58c1\u5657\u53fd1|spe|1\n|move|p2a: Very thankful|Cosmic Power|p2a: Very thankful\n|-boost|p2a: Very thankful|def|1\n|-boost|p2a: Very thankful|spd|1\n|\n|-heal|p1a: \u94c1\u58c1\u5657\u53fd1|97\/100|[from] item: Leftovers\n|upkeep\n|turn|13\n|\n|t:|1700785226\n|move|p2a: Very thankful|Cosmic Power|p2a: Very thankful\n|-boost|p2a: Very thankful|def|1\n|-boost|p2a: Very thankful|spd|1\n|move|p1a: \u94c1\u58c1\u5657\u53fd1|Iron Defense|p1a: \u94c1\u58c1\u5657\u53fd1\n|-boost|p1a: \u94c1\u58c1\u5657\u53fd1|def|2\n|\n|-heal|p1a: \u94c1\u58c1\u5657\u53fd1|100\/100|[from] item: Leftovers\n|upkeep\n|turn|14\n|\n|t:|1700785229\n|move|p2a: Very thankful|Cosmic Power|p2a: Very thankful\n|-boost|p2a: Very thankful|def|1\n|-boost|p2a: Very thankful|spd|1\n|move|p1a: \u94c1\u58c1\u5657\u53fd1|Iron Defense|p1a: \u94c1\u58c1\u5657\u53fd1\n|-boost|p1a: \u94c1\u58c1\u5657\u53fd1|def|2\n|\n|upkeep\n|turn|15\n|\n|t:|1700785231\n|move|p2a: Very thankful|Soft-Boiled|p2a: Very thankful\n|-heal|p2a: Very thankful|100\/100\n|move|p1a: \u94c1\u58c1\u5657\u53fd1|Body Press|p2a: Very thankful\n|-resisted|p2a: Very thankful\n|-damage|p2a: Very thankful|89\/100\n|\n|upkeep\n|turn|16\n|\n|t:|1700785234\n|move|p2a: Very thankful|Stored Power|p1a: \u94c1\u58c1\u5657\u53fd1\n|-damage|p1a: \u94c1\u58c1\u5657\u53fd1|19\/100\n|move|p1a: \u94c1\u58c1\u5657\u53fd1|Body Press|p2a: Very thankful\n|-resisted|p2a: Very thankful\n|-damage|p2a: Very thankful|77\/100\n|\n|-heal|p1a: \u94c1\u58c1\u5657\u53fd1|25\/100|[from] item: Leftovers\n|upkeep\n|turn|17\n|\n|t:|1700785243\n|switch|p1a: \u88c2\u817f\u7687\u4fa0|Lokix, M|100\/100\n|-activate|p1a: \u88c2\u817f\u7687\u4fa0|move: Sticky Web\n|-unboost|p1a: \u88c2\u817f\u7687\u4fa0|spe|1\n|move|p2a: Very thankful|Soft-Boiled|p2a: Very thankful\n|-heal|p2a: Very thankful|100\/100\n|\n|upkeep\n|turn|18\n|\n|t:|1700785246\n|move|p2a: Very thankful|Body Press|p1a: \u88c2\u817f\u7687\u4fa0\n|-damage|p1a: \u88c2\u817f\u7687\u4fa0|22\/100\n|move|p1a: \u88c2\u817f\u7687\u4fa0|U-turn|p2a: Very thankful\n|-resisted|p2a: Very thankful\n|-damage|p2a: Very thankful|89\/100\n|\n|t:|1700785251\n|switch|p1a: \u66b4\u6253\u7329\u7329|Moltres|100\/100|[from] U-turn\n|\n|upkeep\n|turn|19\n|\n|t:|1700785254\n|move|p2a: Very thankful|Stored Power|p1a: \u66b4\u6253\u7329\u7329\n|-damage|p1a: \u66b4\u6253\u7329\u7329|6\/100\n|move|p1a: \u66b4\u6253\u7329\u7329|Defog|p2a: Very thankful\n|-unboost|p2a: Very thankful|evasion|1\n|-sideend|p1: wopowopo|Sticky Web|[from] move: Defog|[of] p1a: \u66b4\u6253\u7329\u7329\n|\n|upkeep\n|turn|20\n|\n|t:|1700785262\n|move|p2a: Very thankful|Stored Power|p1a: \u66b4\u6253\u7329\u7329\n|-damage|p1a: \u66b4\u6253\u7329\u7329|0 fnt\n|faint|p1a: \u66b4\u6253\u7329\u7329\n|\n|upkeep\n|\n|t:|1700785266\n|switch|p1a: Tapu Lele|Tapu Lele|100\/100\n|-fieldstart|move: Psychic Terrain|[from] ability: Psychic Surge|[of] p1a: Tapu Lele\n|turn|21\n|\n|t:|1700785275\n|move|p1a: Tapu Lele|Psychic|p2a: Very thankful\n|-supereffective|p2a: Very thankful\n|-crit|p2a: Very thankful\n|-damage|p2a: Very thankful|0 fnt\n|faint|p2a: Very thankful\n|\n|upkeep\n|j| myfeethurt\n|\n|t:|1700785291\n|switch|p2a: At least 2|Garganacl, M|100\/100\n|turn|22\n|inactive|wopowopo has 120 seconds left.\n|\n|t:|1700785338\n|move|p1a: Tapu Lele|Psychic|p2a: At least 2\n|-damage|p2a: At least 2|37\/100\n|move|p2a: At least 2|Stone Edge|p1a: Tapu Lele\n|-damage|p1a: Tapu Lele|0 fnt\n|faint|p1a: Tapu Lele\n|\n|upkeep\n|\n|t:|1700785347\n|switch|p1a: \u88c2\u817f\u7687\u4fa0|Lokix, M|22\/100\n|turn|23\n|\n|t:|1700785353\n|move|p1a: \u88c2\u817f\u7687\u4fa0|Knock Off|p2a: At least 2\n|-damage|p2a: At least 2|0 fnt\n|-enditem|p2a: At least 2|Choice Band|[from] move: Knock Off|[of] p1a: \u88c2\u817f\u7687\u4fa0\n|faint|p2a: At least 2\n|\n|upkeep\n|\n|t:|1700785360\n|switch|p2a: Turkeyduckchicken|Blaziken, M|100\/100\n|turn|24\n|inactive|wopowopo has 120 seconds left.\n|inactive|wopowopo has 90 seconds left.\n|\n|t:|1700785407\n|move|p2a: Turkeyduckchicken|Swords Dance|p2a: Turkeyduckchicken\n|-boost|p2a: Turkeyduckchicken|atk|2\n|move|p1a: \u88c2\u817f\u7687\u4fa0|Knock Off|p2a: Turkeyduckchicken\n|-resisted|p2a: Turkeyduckchicken\n|-damage|p2a: Turkeyduckchicken|35\/100\n|\n|-ability|p2a: Turkeyduckchicken|Speed Boost|boost\n|-boost|p2a: Turkeyduckchicken|spe|1\n|upkeep\n|turn|25\n|\n|t:|1700785419\n|switch|p1a: \u94c1\u58c1\u5657\u53fd1|Zamazenta, tera:Electric|25\/100\n|move|p2a: Turkeyduckchicken|Close Combat|p1a: \u94c1\u58c1\u5657\u53fd1\n|-damage|p1a: \u94c1\u58c1\u5657\u53fd1|0 fnt\n|-unboost|p2a: Turkeyduckchicken|def|1\n|-unboost|p2a: Turkeyduckchicken|spd|1\n|faint|p1a: \u94c1\u58c1\u5657\u53fd1\n|\n|-fieldend|move: Psychic Terrain\n|-ability|p2a: Turkeyduckchicken|Speed Boost|boost\n|-boost|p2a: Turkeyduckchicken|spe|1\n|upkeep\n|\n|t:|1700785421\n|switch|p1a: \u88c2\u817f\u7687\u4fa0|Lokix, M|22\/100\n|turn|26\n|\n|t:|1700785424\n|move|p2a: Turkeyduckchicken|Protect|p2a: Turkeyduckchicken\n|-singleturn|p2a: Turkeyduckchicken|Protect\n|move|p1a: \u88c2\u817f\u7687\u4fa0|First Impression|p2a: Turkeyduckchicken\n|-activate|p2a: Turkeyduckchicken|move: Protect\n|\n|-ability|p2a: Turkeyduckchicken|Speed Boost|boost\n|-boost|p2a: Turkeyduckchicken|spe|1\n|upkeep\n|turn|27\n|\n|t:|1700785444\n|switch|p1a: \u8d85\u7ea7\u8f93\u51fa\u624b|Glimmora, F|100\/100\n|move|p2a: Turkeyduckchicken|Close Combat|p1a: \u8d85\u7ea7\u8f93\u51fa\u624b\n|-damage|p1a: \u8d85\u7ea7\u8f93\u51fa\u624b|0 fnt\n|-unboost|p2a: Turkeyduckchicken|def|1\n|-unboost|p2a: Turkeyduckchicken|spd|1\n|-activate|p1a: \u8d85\u7ea7\u8f93\u51fa\u624b|ability: Toxic Debris\n|-sidestart|p2: TheStroker|move: Toxic Spikes\n|faint|p1a: \u8d85\u7ea7\u8f93\u51fa\u624b\n|\n|-ability|p2a: Turkeyduckchicken|Speed Boost|boost\n|-boost|p2a: Turkeyduckchicken|spe|1\n|upkeep\n|\n|t:|1700785447\n|switch|p1a: \u88c2\u817f\u7687\u4fa0|Lokix, M|22\/100\n|turn|28\n|\n|t:|1700785451\n|switch|p1a: \u53ef\u7231\u7684\u78b0\u78b0|Ogerpon-Wellspring, F|100\/100\n|move|p2a: Turkeyduckchicken|Protect||[still]\n|-fail|p2a: Turkeyduckchicken\n|\n|-ability|p2a: Turkeyduckchicken|Speed Boost|boost\n|-boost|p2a: Turkeyduckchicken|spe|1\n|upkeep\n|turn|29\n|\n|t:|1700785457\n|move|p2a: Turkeyduckchicken|Close Combat|p1a: \u53ef\u7231\u7684\u78b0\u78b0\n|-damage|p1a: \u53ef\u7231\u7684\u78b0\u78b0|0 fnt\n|-unboost|p2a: Turkeyduckchicken|def|1\n|-unboost|p2a: Turkeyduckchicken|spd|1\n|faint|p1a: \u53ef\u7231\u7684\u78b0\u78b0\n|\n|-ability|p2a: Turkeyduckchicken|Speed Boost|boost\n|-boost|p2a: Turkeyduckchicken|spe|1\n|upkeep\n|-message|wopowopo forfeited.\n|\n|win|TheStroker\n|raw|wopowopo's rating: 1576 &rarr; <strong>1557<\/strong><br \/>(-19 for losing)\n|raw|TheStroker's rating: 1585 &rarr; <strong>1604<\/strong><br \/>(+19 for winning)\n|l|\u2606wopowopo\n","uploadtime":1700785465,"views":3,"p1id":"wopowopo","p2id":"thestroker","formatid":"gen9nationaldex","rating":1557,"private":0,"password":""}