{"id":"gen9nationaldex-1993571179","p1":"Jarl_jake","p2":"traisean","format":"[Gen 9] National Dex","log":"|j|\u2606Jarl_jake\n|j|\u203dtraisean\n|t:|1700332992\n|gametype|singles\n|player|p1|Jarl_jake|red|1612\n|player|p2|traisean|ethan|1595\n|teamsize|p1|6\n|teamsize|p2|6\n|gen|9\n|tier|[Gen 9] National Dex\n|rated|\n|rule|HP Percentage Mod: HP is shown in percentages\n|rule|Endless Battle Clause: Forcing endless battles is banned\n|rule|OHKO Clause: OHKO moves are banned\n|rule|Evasion Clause: Evasion abilities, items, and moves are banned\n|rule|Evasion Abilities Clause: Evasion abilities are banned\n|rule|Evasion Items Clause: Evasion items are banned\n|rule|Evasion Moves Clause: Evasion moves are banned\n|rule|Species Clause: Limit one of each Pok\u00e9mon\n|rule|Sleep Clause Mod: Limit one foe put to sleep\n|clearpoke\n|poke|p1|Arcanine-Hisui, M|\n|poke|p1|Toxapex, F|\n|poke|p1|Flygon, M|\n|poke|p1|Metagross|\n|poke|p1|Porygon2|\n|poke|p1|Cloyster, F|\n|poke|p2|Iron Valiant|\n|poke|p2|Corviknight, M|\n|poke|p2|Ting-Lu|\n|poke|p2|Charizard, F|\n|poke|p2|Ogerpon-Wellspring, F|\n|poke|p2|Aegislash, M|\n|teampreview\n|inactive|Battle timer is ON: inactive players will automatically lose when time's up. (requested by traisean)\n|\n|t:|1700333007\n|start\n|switch|p1a: \ud83e\udd86|Porygon2|100\/100\n|switch|p2a: Charizard|Charizard, F|100\/100\n|-ability|p1a: \ud83e\udd86|Blaze|[from] ability: Trace|[of] p2a: Charizard\n|turn|1\n|\n|t:|1700333021\n|detailschange|p2a: Charizard|Charizard-Mega-Y, F\n|-mega|p2a: Charizard|Charizard|Charizardite Y\n|-weather|SunnyDay|[from] ability: Drought|[of] p2a: Charizard\n|move|p2a: Charizard|Focus Blast|p1a: \ud83e\udd86|[miss]\n|-miss|p2a: Charizard|p1a: \ud83e\udd86\n|move|p1a: \ud83e\udd86|Toxic|p2a: Charizard\n|-status|p2a: Charizard|tox\n|\n|-weather|SunnyDay|[upkeep]\n|-damage|p2a: Charizard|94\/100 tox|[from] psn\n|upkeep\n|turn|2\n|\n|t:|1700333034\n|switch|p2a: Aegislash|Aegislash, M|100\/100\n|switch|p1a: Toxic Personality|Toxapex, F, shiny|100\/100\n|\n|-weather|SunnyDay|[upkeep]\n|upkeep\n|turn|3\n|\n|t:|1700333046\n|switch|p1a: Good boy|Arcanine-Hisui, M, shiny|100\/100\n|move|p2a: Aegislash|Swords Dance|p2a: Aegislash\n|-boost|p2a: Aegislash|atk|2\n|\n|-weather|SunnyDay|[upkeep]\n|upkeep\n|turn|4\n|\n|t:|1700333056\n|switch|p2a: Corviknight|Corviknight, M|100\/100\n|-ability|p2a: Corviknight|Pressure\n|move|p1a: Good boy|Flare Blitz|p2a: Corviknight\n|-supereffective|p2a: Corviknight\n|-damage|p2a: Corviknight|0 fnt\n|-damage|p1a: Good boy|84\/100|[from] item: Rocky Helmet|[of] p2a: Corviknight\n|faint|p2a: Corviknight\n|\n|-weather|SunnyDay|[upkeep]\n|upkeep\n|\n|t:|1700333059\n|switch|p2a: Ogerpon|Ogerpon-Wellspring, F|100\/100\n|turn|5\n|\n|t:|1700333072\n|-terastallize|p2a: Ogerpon|Water\n|detailschange|p2a: Ogerpon|Ogerpon-Wellspring-Tera, F, tera:Water\n|-ability|p2a: Ogerpon|Embody Aspect (Wellspring)|boost\n|-boost|p2a: Ogerpon|spd|1\n|move|p1a: Good boy|Flare Blitz|p2a: Ogerpon\n|-resisted|p2a: Ogerpon\n|-damage|p2a: Ogerpon|35\/100\n|move|p2a: Ogerpon|Swords Dance|p2a: Ogerpon\n|-boost|p2a: Ogerpon|atk|2\n|\n|-weather|none\n|upkeep\n|turn|6\n|\n|t:|1700333094\n|switch|p1a: Francis|Cloyster, F, shiny|100\/100\n|move|p2a: Ogerpon|Ivy Cudgel|p1a: Francis|[anim] Ivy Cudgel Water\n|-resisted|p1a: Francis\n|-damage|p1a: Francis|33\/100\n|\n|upkeep\n|turn|7\n|\n|t:|1700333102\n|move|p2a: Ogerpon|Ivy Cudgel|p1a: Francis|[anim] Ivy Cudgel Water\n|-resisted|p1a: Francis\n|-damage|p1a: Francis|0 fnt\n|faint|p1a: Francis\n|\n|upkeep\n|\n|t:|1700333108\n|switch|p1a: Good boy|Arcanine-Hisui, M, shiny|84\/100\n|turn|8\n|\n|t:|1700333114\n|move|p1a: Good boy|Wild Charge|p2a: Ogerpon\n|-supereffective|p2a: Ogerpon\n|-damage|p2a: Ogerpon|0 fnt\n|faint|p2a: Ogerpon\n|\n|upkeep\n|\n|t:|1700333119\n|switch|p2a: Aegislash|Aegislash, M|100\/100\n|turn|9\n|\n|t:|1700333124\n|switch|p1a: Gotcha|Flygon, M, shiny|100\/100\n|move|p2a: Aegislash|Swords Dance|p2a: Aegislash\n|-boost|p2a: Aegislash|atk|2\n|\n|upkeep\n|turn|10\n|\n|t:|1700333130\n|move|p1a: Gotcha|Fire Blast|p2a: Aegislash\n|-supereffective|p2a: Aegislash\n|-damage|p2a: Aegislash|39\/100\n|-status|p2a: Aegislash|brn\n|-damage|p1a: Gotcha|91\/100|[from] item: Life Orb\n|-zpower|p2a: Aegislash\n|-formechange|p2a: Aegislash|Aegislash-Blade||[from] ability: Stance Change\n|move|p2a: Aegislash|Never-Ending Nightmare|p1a: Gotcha|[zeffect]\n|-damage|p1a: Gotcha|0 fnt\n|faint|p1a: Gotcha\n|\n|-damage|p2a: Aegislash|33\/100 brn|[from] brn\n|upkeep\n|\n|t:|1700333153\n|switch|p1a: Good boy|Arcanine-Hisui, M, shiny|84\/100\n|turn|11\n|\n|t:|1700333160\n|move|p2a: Aegislash|Shadow Sneak|p1a: Good boy\n|-damage|p1a: Good boy|55\/100\n|move|p1a: Good boy|Flare Blitz|p2a: Aegislash\n|-supereffective|p2a: Aegislash\n|-damage|p2a: Aegislash|0 fnt\n|faint|p2a: Aegislash\n|\n|upkeep\n|\n|t:|1700333163\n|switch|p2a: Ting-Lu|Ting-Lu|100\/100\n|-ability|p2a: Ting-Lu|Vessel of Ruin\n|turn|12\n|\n|t:|1700333179\n|switch|p1a: \ud83e\udd86|Porygon2|100\/100\n|-ability|p1a: \ud83e\udd86|Vessel of Ruin\n|-ability|p1a: \ud83e\udd86|Vessel of Ruin|[from] ability: Trace|[of] p2a: Ting-Lu\n|move|p2a: Ting-Lu|Earthquake|p1a: \ud83e\udd86\n|-damage|p1a: \ud83e\udd86|79\/100\n|\n|upkeep\n|turn|13\n|\n|t:|1700333190\n|move|p1a: \ud83e\udd86|Toxic|p2a: Ting-Lu\n|-status|p2a: Ting-Lu|tox\n|move|p2a: Ting-Lu|Ruination|p1a: \ud83e\udd86\n|-damage|p1a: \ud83e\udd86|40\/100\n|\n|-damage|p2a: Ting-Lu|94\/100 tox|[from] psn\n|upkeep\n|turn|14\n|\n|t:|1700333199\n|move|p1a: \ud83e\udd86|Recover|p1a: \ud83e\udd86\n|-heal|p1a: \ud83e\udd86|90\/100\n|move|p2a: Ting-Lu|Ruination|p1a: \ud83e\udd86\n|-damage|p1a: \ud83e\udd86|45\/100\n|\n|-heal|p2a: Ting-Lu|100\/100 tox|[from] item: Leftovers\n|-damage|p2a: Ting-Lu|88\/100 tox|[from] psn\n|upkeep\n|turn|15\n|\n|t:|1700333208\n|move|p1a: \ud83e\udd86|Recover|p1a: \ud83e\udd86\n|-heal|p1a: \ud83e\udd86|95\/100\n|move|p2a: Ting-Lu|Ruination|p1a: \ud83e\udd86\n|-damage|p1a: \ud83e\udd86|48\/100\n|\n|-heal|p2a: Ting-Lu|94\/100 tox|[from] item: Leftovers\n|-damage|p2a: Ting-Lu|76\/100 tox|[from] psn\n|upkeep\n|turn|16\n|\n|t:|1700333218\n|move|p1a: \ud83e\udd86|Recover|p1a: \ud83e\udd86\n|-heal|p1a: \ud83e\udd86|98\/100\n|move|p2a: Ting-Lu|Ruination|p1a: \ud83e\udd86\n|-damage|p1a: \ud83e\udd86|49\/100\n|\n|-heal|p2a: Ting-Lu|82\/100 tox|[from] item: Leftovers\n|-damage|p2a: Ting-Lu|57\/100 tox|[from] psn\n|upkeep\n|turn|17\n|\n|t:|1700333228\n|move|p1a: \ud83e\udd86|Thunderbolt|p2a: Ting-Lu\n|-immune|p2a: Ting-Lu\n|move|p2a: Ting-Lu|Ruination|p1a: \ud83e\udd86\n|-damage|p1a: \ud83e\udd86|25\/100\n|\n|-heal|p2a: Ting-Lu|63\/100 tox|[from] item: Leftovers\n|-damage|p2a: Ting-Lu|32\/100 tox|[from] psn\n|upkeep\n|turn|18\n|\n|t:|1700333238\n|move|p1a: \ud83e\udd86|Recover|p1a: \ud83e\udd86\n|-heal|p1a: \ud83e\udd86|75\/100\n|move|p2a: Ting-Lu|Ruination|p1a: \ud83e\udd86\n|-damage|p1a: \ud83e\udd86|38\/100\n|\n|-heal|p2a: Ting-Lu|38\/100 tox|[from] item: Leftovers\n|-damage|p2a: Ting-Lu|1\/100 tox|[from] psn\n|upkeep\n|turn|19\n|\n|t:|1700333247\n|move|p1a: \ud83e\udd86|Recover|p1a: \ud83e\udd86\n|-heal|p1a: \ud83e\udd86|88\/100\n|move|p2a: Ting-Lu|Ruination|p1a: \ud83e\udd86\n|-damage|p1a: \ud83e\udd86|44\/100\n|\n|-heal|p2a: Ting-Lu|7\/100 tox|[from] item: Leftovers\n|-damage|p2a: Ting-Lu|0 fnt|[from] psn\n|faint|p2a: Ting-Lu\n|upkeep\n|\n|t:|1700333252\n|switch|p2a: Charizard|Charizard-Mega-Y, F|94\/100 tox\n|-weather|SunnyDay|[from] ability: Drought|[of] p2a: Charizard\n|turn|20\n|\n|t:|1700333264\n|switch|p1a: Toxic Personality|Toxapex, F, shiny|100\/100\n|move|p2a: Charizard|Fire Blast|p1a: Toxic Personality|[miss]\n|-miss|p2a: Charizard|p1a: Toxic Personality\n|\n|-weather|SunnyDay|[upkeep]\n|-damage|p2a: Charizard|88\/100 tox|[from] psn\n|upkeep\n|turn|21\n|\n|t:|1700333273\n|move|p2a: Charizard|Fire Blast|p1a: Toxic Personality\n|-resisted|p1a: Toxic Personality\n|-damage|p1a: Toxic Personality|61\/100\n|move|p1a: Toxic Personality|Infestation|p2a: Charizard\n|-resisted|p2a: Charizard\n|-crit|p2a: Charizard\n|-damage|p2a: Charizard|87\/100 tox\n|-activate|p2a: Charizard|move: Infestation|[of] p1a: Toxic Personality\n|\n|-weather|SunnyDay|[upkeep]\n|-heal|p1a: Toxic Personality|67\/100|[from] item: Leftovers\n|-damage|p2a: Charizard|75\/100 tox|[from] psn\n|-damage|p2a: Charizard|63\/100 tox|[from] move: Infestation|[partiallytrapped]\n|upkeep\n|turn|22\n|\n|t:|1700333285\n|move|p1a: Toxic Personality|Baneful Bunker|p1a: Toxic Personality\n|-singleturn|p1a: Toxic Personality|move: Protect\n|move|p2a: Charizard|Fire Blast|p1a: Toxic Personality\n|-activate|p1a: Toxic Personality|move: Protect\n|\n|-weather|SunnyDay|[upkeep]\n|-heal|p1a: Toxic Personality|74\/100|[from] item: Leftovers\n|-damage|p2a: Charizard|45\/100 tox|[from] psn\n|-damage|p2a: Charizard|32\/100 tox|[from] move: Infestation|[partiallytrapped]\n|upkeep\n|turn|23\n|\n|t:|1700333296\n|move|p2a: Charizard|Solar Beam||[still]\n|-prepare|p2a: Charizard|Solar Beam\n|-anim|p2a: Charizard|Solar Beam|p1a: Toxic Personality\n|-damage|p1a: Toxic Personality|37\/100\n|move|p1a: Toxic Personality|Recover|p1a: Toxic Personality\n|-heal|p1a: Toxic Personality|87\/100\n|\n|-weather|SunnyDay|[upkeep]\n|-heal|p1a: Toxic Personality|93\/100|[from] item: Leftovers\n|-damage|p2a: Charizard|8\/100 tox|[from] psn\n|-damage|p2a: Charizard|0 fnt|[from] move: Infestation|[partiallytrapped]\n|faint|p2a: Charizard\n|upkeep\n|\n|t:|1700333303\n|switch|p2a: Iron Valiant|Iron Valiant|100\/100\n|-enditem|p2a: Iron Valiant|Booster Energy\n|-activate|p2a: Iron Valiant|ability: Quark Drive|[fromitem]\n|-start|p2a: Iron Valiant|quarkdrivespe\n|turn|24\n|\n|t:|1700333314\n|move|p2a: Iron Valiant|Calm Mind|p2a: Iron Valiant\n|-boost|p2a: Iron Valiant|spa|1\n|-boost|p2a: Iron Valiant|spd|1\n|move|p1a: Toxic Personality|Toxic|p2a: Iron Valiant\n|-status|p2a: Iron Valiant|tox\n|\n|-weather|none\n|-heal|p1a: Toxic Personality|99\/100|[from] item: Leftovers\n|-damage|p2a: Iron Valiant|94\/100 tox|[from] psn\n|upkeep\n|turn|25\n|\n|t:|1700333324\n|move|p2a: Iron Valiant|Thunderbolt|p1a: Toxic Personality\n|-supereffective|p1a: Toxic Personality\n|-damage|p1a: Toxic Personality|50\/100\n|move|p1a: Toxic Personality|Infestation|p2a: Iron Valiant\n|-resisted|p2a: Iron Valiant\n|-crit|p2a: Iron Valiant\n|-damage|p2a: Iron Valiant|93\/100 tox\n|-activate|p2a: Iron Valiant|move: Infestation|[of] p1a: Toxic Personality\n|\n|-heal|p1a: Toxic Personality|56\/100|[from] item: Leftovers\n|-damage|p2a: Iron Valiant|80\/100 tox|[from] psn\n|-damage|p2a: Iron Valiant|68\/100 tox|[from] move: Infestation|[partiallytrapped]\n|upkeep\n|turn|26\n|-message|traisean forfeited.\n|\n|win|Jarl_jake\n|raw|Jarl_jake's rating: 1612 &rarr; <strong>1631<\/strong><br \/>(+19 for winning)\n|raw|traisean's rating: 1595 &rarr; <strong>1576<\/strong><br \/>(-19 for losing)\n|l|\u203dtraisean\n","uploadtime":1700333345,"views":25,"p1id":"jarljake","p2id":"traisean","formatid":"gen9nationaldex","rating":1576,"private":0,"password":""}