{"id":"gen9nationaldex-1994411790","p1":"SilverFish2","p2":"Whirlyderly","format":"[Gen 9] National Dex","log":"|j|\u2606SilverFish2\n|j|\u2606Whirlyderly\n|t:|1700440954\n|gametype|singles\n|player|p1|SilverFish2|1|1000\n|player|p2|Whirlyderly|swimmer|1099\n|teamsize|p1|6\n|teamsize|p2|6\n|gen|9\n|tier|[Gen 9] National Dex\n|rated|\n|rule|HP Percentage Mod: HP is shown in percentages\n|rule|Endless Battle Clause: Forcing endless battles is banned\n|rule|OHKO Clause: OHKO moves are banned\n|rule|Evasion Clause: Evasion abilities, items, and moves are banned\n|rule|Evasion Abilities Clause: Evasion abilities are banned\n|rule|Evasion Items Clause: Evasion items are banned\n|rule|Evasion Moves Clause: Evasion moves are banned\n|rule|Species Clause: Limit one of each Pok\u00e9mon\n|rule|Sleep Clause Mod: Limit one foe put to sleep\n|clearpoke\n|poke|p1|Ninetales-Alola, M|\n|poke|p1|Avalugg, F|\n|poke|p1|Sandslash-Alola, M|\n|poke|p1|Weavile, F|\n|poke|p1|Froslass, F|\n|poke|p1|Glaceon, F|\n|poke|p2|Quagsire, M|\n|poke|p2|Seaking, M|\n|poke|p2|Pinsir, F|\n|poke|p2|Exeggutor, F|\n|poke|p2|Vileplume, M|\n|poke|p2|Houndoom, M|\n|teampreview\n|\n|t:|1700440962\n|start\n|switch|p1a: Ninetales|Ninetales-Alola, M|100\/100\n|switch|p2a: Seaking|Seaking, M|100\/100\n|-weather|Snow|[from] ability: Snow Warning|[of] p1a: Ninetales\n|turn|1\n|\n|t:|1700440974\n|move|p1a: Ninetales|Aurora Veil|p1a: Ninetales\n|-sidestart|p1: SilverFish2|move: Aurora Veil\n|move|p2a: Seaking|Curse|p2a: Seaking\n|-unboost|p2a: Seaking|spe|1\n|-boost|p2a: Seaking|atk|1\n|-boost|p2a: Seaking|def|1\n|\n|-weather|Snow|[upkeep]\n|upkeep\n|turn|2\n|inactive|Battle timer is ON: inactive players will automatically lose when time's up. (requested by SilverFish2)\n|\n|t:|1700440986\n|move|p1a: Ninetales|Blizzard|p2a: Seaking\n|-resisted|p2a: Seaking\n|-damage|p2a: Seaking|76\/100\n|-status|p2a: Seaking|frz\n|cant|p2a: Seaking|frz\n|\n|-weather|Snow|[upkeep]\n|-heal|p2a: Seaking|82\/100 frz|[from] item: Leftovers\n|upkeep\n|turn|3\n|\n|t:|1700440998\n|move|p1a: Ninetales|Blizzard|p2a: Seaking\n|-resisted|p2a: Seaking\n|-damage|p2a: Seaking|59\/100 frz\n|cant|p2a: Seaking|frz\n|\n|-weather|Snow|[upkeep]\n|-heal|p2a: Seaking|65\/100 frz|[from] item: Leftovers\n|upkeep\n|turn|4\n|\n|t:|1700441008\n|move|p1a: Ninetales|Blizzard|p2a: Seaking\n|-resisted|p2a: Seaking\n|-crit|p2a: Seaking\n|-damage|p2a: Seaking|32\/100 frz\n|-curestatus|p2a: Seaking|frz|[msg]\n|move|p2a: Seaking|Waterfall|p1a: Ninetales\n|-damage|p1a: Ninetales|73\/100\n|\n|-weather|Snow|[upkeep]\n|-heal|p2a: Seaking|38\/100|[from] item: Leftovers\n|upkeep\n|turn|5\n|\n|t:|1700441029\n|move|p1a: Ninetales|Blizzard|p2a: Seaking\n|-resisted|p2a: Seaking\n|-damage|p2a: Seaking|16\/100\n|move|p2a: Seaking|Drill Run|p1a: Ninetales\n|-damage|p1a: Ninetales|55\/100\n|\n|-weather|Snow|[upkeep]\n|-heal|p2a: Seaking|22\/100|[from] item: Leftovers\n|-sideend|p1: SilverFish2|move: Aurora Veil\n|upkeep\n|turn|6\n|\n|t:|1700441042\n|move|p1a: Ninetales|Aurora Veil|p1a: Ninetales\n|-sidestart|p1: SilverFish2|move: Aurora Veil\n|move|p2a: Seaking|Megahorn|p1a: Ninetales\n|-resisted|p1a: Ninetales\n|-damage|p1a: Ninetales|42\/100\n|\n|-weather|Snow|[upkeep]\n|-heal|p2a: Seaking|28\/100|[from] item: Leftovers\n|upkeep\n|turn|7\n|\n|t:|1700441052\n|move|p1a: Ninetales|Blizzard|p2a: Seaking\n|-resisted|p2a: Seaking\n|-damage|p2a: Seaking|3\/100\n|-status|p2a: Seaking|frz\n|cant|p2a: Seaking|frz\n|\n|-weather|Snow|[upkeep]\n|-heal|p2a: Seaking|9\/100 frz|[from] item: Leftovers\n|upkeep\n|turn|8\n|\n|t:|1700441074\n|switch|p1a: Sandslash|Sandslash-Alola, M|100\/100\n|cant|p2a: Seaking|frz\n|\n|-weather|none\n|-heal|p2a: Seaking|15\/100 frz|[from] item: Leftovers\n|upkeep\n|turn|9\n|\n|t:|1700441085\n|move|p1a: Sandslash|Swords Dance|p1a: Sandslash\n|-boost|p1a: Sandslash|atk|2\n|cant|p2a: Seaking|frz\n|\n|-heal|p2a: Seaking|21\/100 frz|[from] item: Leftovers\n|upkeep\n|turn|10\n|\n|t:|1700441096\n|move|p1a: Sandslash|Swords Dance|p1a: Sandslash\n|-boost|p1a: Sandslash|atk|2\n|cant|p2a: Seaking|frz\n|\n|-heal|p2a: Seaking|27\/100 frz|[from] item: Leftovers\n|-sideend|p1: SilverFish2|move: Aurora Veil\n|upkeep\n|turn|11\n|\n|t:|1700441104\n|move|p1a: Sandslash|Swords Dance|p1a: Sandslash\n|-boost|p1a: Sandslash|atk|2\n|-curestatus|p2a: Seaking|frz|[msg]\n|move|p2a: Seaking|Drill Run|p1a: Sandslash\n|-supereffective|p1a: Sandslash\n|-damage|p1a: Sandslash|44\/100\n|\n|-heal|p2a: Seaking|33\/100|[from] item: Leftovers\n|upkeep\n|turn|12\n|\n|t:|1700441118\n|move|p1a: Sandslash|Brick Break|p2a: Seaking\n|-damage|p2a: Seaking|0 fnt\n|faint|p2a: Seaking\n|-damage|p1a: Sandslash|34\/100|[from] item: Life Orb\n|\n|upkeep\n|\n|t:|1700441127\n|switch|p2a: Quagsire|Quagsire, M|100\/100\n|turn|13\n|\n|t:|1700441134\n|move|p1a: Sandslash|Brick Break|p2a: Quagsire\n|-damage|p2a: Quagsire|0 fnt\n|-damage|p1a: Sandslash|17\/100|[from] item: Rocky Helmet|[of] p2a: Quagsire\n|faint|p2a: Quagsire\n|-damage|p1a: Sandslash|8\/100|[from] item: Life Orb\n|\n|upkeep\n|\n|t:|1700441146\n|switch|p2a: Houndoom|Houndoom, M|100\/100\n|turn|14\n|\n|t:|1700441150\n|move|p2a: Houndoom|Destiny Bond|p2a: Houndoom\n|-singlemove|p2a: Houndoom|Destiny Bond\n|move|p1a: Sandslash|Earthquake|p2a: Houndoom\n|-supereffective|p2a: Houndoom\n|-damage|p2a: Houndoom|0 fnt\n|faint|p2a: Houndoom\n|-activate|p2a: Houndoom|move: Destiny Bond\n|faint|p1a: Sandslash\n|\n|upkeep\n|\n|t:|1700441164\n|switch|p2a: Vileplume|Vileplume, M|100\/100\n|switch|p1a: Ninetales|Ninetales-Alola, M|42\/100\n|-weather|Snow|[from] ability: Snow Warning|[of] p1a: Ninetales\n|turn|15\n|\n|t:|1700441174\n|move|p1a: Ninetales|Aurora Veil|p1a: Ninetales\n|-sidestart|p1: SilverFish2|move: Aurora Veil\n|move|p2a: Vileplume|Sludge Bomb|p1a: Ninetales\n|-supereffective|p1a: Ninetales\n|-damage|p1a: Ninetales|3\/100\n|\n|-weather|Snow|[upkeep]\n|upkeep\n|turn|16\n|\n|t:|1700441183\n|move|p1a: Ninetales|Blizzard|p2a: Vileplume\n|-supereffective|p2a: Vileplume\n|-damage|p2a: Vileplume|34\/100\n|move|p2a: Vileplume|Sunny Day|p2a: Vileplume\n|-weather|SunnyDay\n|\n|-weather|SunnyDay|[upkeep]\n|upkeep\n|turn|17\n|\n|t:|1700441193\n|move|p1a: Ninetales|Blizzard|p2a: Vileplume|[miss]\n|-miss|p1a: Ninetales|p2a: Vileplume\n|move|p2a: Vileplume|Sludge Bomb|p1a: Ninetales\n|-supereffective|p1a: Ninetales\n|-damage|p1a: Ninetales|0 fnt\n|faint|p1a: Ninetales\n|\n|-weather|SunnyDay|[upkeep]\n|upkeep\n|\n|t:|1700441206\n|switch|p1a: Avalugg|Avalugg, F|100\/100\n|turn|18\n|\n|t:|1700441212\n|move|p2a: Vileplume|Toxic|p1a: Avalugg\n|-status|p1a: Avalugg|tox\n|move|p1a: Avalugg|Hail|p1a: Avalugg\n|-weather|Hail\n|\n|-weather|Hail|[upkeep]\n|-damage|p2a: Vileplume|28\/100|[from] Hail\n|-damage|p1a: Avalugg|94\/100 tox|[from] psn\n|upkeep\n|turn|19\n|\n|t:|1700441224\n|move|p2a: Vileplume|Sunny Day|p2a: Vileplume\n|-weather|SunnyDay\n|move|p1a: Avalugg|Avalanche|p2a: Vileplume\n|-supereffective|p2a: Vileplume\n|-damage|p2a: Vileplume|0 fnt\n|faint|p2a: Vileplume\n|\n|-weather|SunnyDay|[upkeep]\n|-heal|p1a: Avalugg|100\/100 tox|[from] item: Leftovers\n|-damage|p1a: Avalugg|88\/100 tox|[from] psn\n|-sideend|p1: SilverFish2|move: Aurora Veil\n|upkeep\n|\n|t:|1700441239\n|switch|p2a: Exeggutor|Exeggutor, F|100\/100\n|turn|20\n|\n|t:|1700441243\n|move|p2a: Exeggutor|Leech Seed|p1a: Avalugg|[miss]\n|-miss|p2a: Exeggutor|p1a: Avalugg\n|move|p1a: Avalugg|Hail|p1a: Avalugg\n|-weather|Hail\n|\n|-weather|Hail|[upkeep]\n|-damage|p2a: Exeggutor|94\/100|[from] Hail\n|-heal|p1a: Avalugg|94\/100 tox|[from] ability: Ice Body\n|-heal|p1a: Avalugg|100\/100 tox|[from] item: Leftovers\n|-damage|p1a: Avalugg|82\/100 tox|[from] psn\n|upkeep\n|turn|21\n|\n|t:|1700441254\n|move|p2a: Exeggutor|Leech Seed|p1a: Avalugg\n|-start|p1a: Avalugg|move: Leech Seed\n|move|p1a: Avalugg|Avalanche|p2a: Exeggutor\n|-supereffective|p2a: Exeggutor\n|-damage|p2a: Exeggutor|46\/100\n|-enditem|p2a: Exeggutor|Sitrus Berry|[eat]\n|-heal|p2a: Exeggutor|71\/100|[from] item: Sitrus Berry\n|\n|-weather|Hail|[upkeep]\n|-damage|p2a: Exeggutor|64\/100|[from] Hail\n|-heal|p1a: Avalugg|88\/100 tox|[from] ability: Ice Body\n|-heal|p1a: Avalugg|94\/100 tox|[from] item: Leftovers\n|-damage|p1a: Avalugg|82\/100 tox|[from] Leech Seed|[of] p2a: Exeggutor\n|-heal|p2a: Exeggutor|77\/100|[silent]\n|-damage|p1a: Avalugg|58\/100 tox|[from] psn\n|upkeep\n|turn|22\n|\n|t:|1700441271\n|move|p2a: Exeggutor|Ancient Power|p1a: Avalugg\n|-supereffective|p1a: Avalugg\n|-damage|p1a: Avalugg|0 fnt\n|faint|p1a: Avalugg\n|\n|-weather|Hail|[upkeep]\n|-damage|p2a: Exeggutor|71\/100|[from] Hail\n|-item|p2a: Exeggutor|Sitrus Berry|[from] ability: Harvest\n|upkeep\n|\n|t:|1700441286\n|switch|p1a: Weavile|Weavile, F|100\/100\n|-ability|p1a: Weavile|Pressure\n|turn|23\n|\n|t:|1700441299\n|move|p1a: Weavile|Triple Axel|p2a: Exeggutor\n|-supereffective|p2a: Exeggutor\n|-damage|p2a: Exeggutor|42\/100\n|-enditem|p2a: Exeggutor|Sitrus Berry|[eat]\n|-heal|p2a: Exeggutor|67\/100|[from] item: Sitrus Berry\n|-supereffective|p2a: Exeggutor\n|-damage|p2a: Exeggutor|4\/100\n|-supereffective|p2a: Exeggutor\n|-damage|p2a: Exeggutor|0 fnt\n|faint|p2a: Exeggutor\n|-hitcount|p2: Exeggutor|3\n|\n|-weather|Hail|[upkeep]\n|upkeep\n|\n|t:|1700441312\n|switch|p2a: Pinsir|Pinsir, F|100\/100\n|turn|24\n|\n|t:|1700441316\n|move|p1a: Weavile|Triple Axel|p2a: Pinsir\n|-damage|p2a: Pinsir|81\/100\n|-hitcount|p2a: Pinsir|1\n|move|p2a: Pinsir|Close Combat|p1a: Weavile\n|-supereffective|p1a: Weavile\n|-damage|p1a: Weavile|0 fnt\n|-unboost|p2a: Pinsir|def|1\n|-unboost|p2a: Pinsir|spd|1\n|faint|p1a: Weavile\n|-ability|p2a: Pinsir|Moxie|boost\n|-boost|p2a: Pinsir|atk|1\n|\n|-weather|none\n|upkeep\n|\n|t:|1700441332\n|switch|p1a: Glaceon|Glaceon, F, shiny|100\/100\n|turn|25\n|\n|t:|1700441340\n|detailschange|p2a: Pinsir|Pinsir-Mega, F\n|-mega|p2a: Pinsir|Pinsir|Pinsirite\n|move|p2a: Pinsir|Close Combat|p1a: Glaceon\n|-supereffective|p1a: Glaceon\n|-damage|p1a: Glaceon|0 fnt\n|-unboost|p2a: Pinsir|def|1\n|-unboost|p2a: Pinsir|spd|1\n|faint|p1a: Glaceon\n|\n|upkeep\n|\n|t:|1700441349\n|switch|p1a: Froslass|Froslass, F|100\/100\n|turn|26\n|\n|t:|1700441365\n|move|p1a: Froslass|Thunder Wave|p2a: Pinsir\n|-status|p2a: Pinsir|par\n|move|p2a: Pinsir|X-Scissor|p1a: Froslass\n|-resisted|p1a: Froslass\n|-damage|p1a: Froslass|41\/100\n|\n|upkeep\n|turn|27\n|\n|t:|1700441374\n|move|p1a: Froslass|Hex|p2a: Pinsir\n|-crit|p2a: Pinsir\n|-damage|p2a: Pinsir|0 fnt\n|faint|p2a: Pinsir\n|\n|win|SilverFish2\n|raw|SilverFish2's rating: 1000 &rarr; <strong>1051<\/strong><br \/>(+51 for winning)\n|raw|Whirlyderly's rating: 1099 &rarr; <strong>1067<\/strong><br \/>(-32 for losing)\n","uploadtime":1700441398,"views":13,"p1id":"silverfish2","p2id":"whirlyderly","formatid":"gen9nationaldex","rating":1051,"private":0,"password":""}