{"id":"gen9nationaldex-1995017193","p1":"Lex_88","p2":"SrPorquet","format":"[Gen 9] National Dex","log":"|html|<div class=\"broadcast-blue\"><strong>[Gen 9] National Dex is currently suspecting Sneasler! For information on how to participate check out the <a href=\"https:\/\/www.smogon.com\/forums\/threads\/sv-national-dex-suspect-8-just-dance.3731534\/\">suspect thread<\/a>.<\/strong><\/div>\n|j|\u2606Lex_88\n|j|\u203dSrPorquet\n|t:|1700513774\n|gametype|singles\n|player|p1|Lex_88|acetrainer-gen4|1094\n|player|p2|SrPorquet|falkner|1119\n|teamsize|p1|6\n|teamsize|p2|6\n|gen|9\n|tier|[Gen 9] National Dex\n|rated|\n|rule|HP Percentage Mod: HP is shown in percentages\n|rule|Endless Battle Clause: Forcing endless battles is banned\n|rule|OHKO Clause: OHKO moves are banned\n|rule|Evasion Clause: Evasion abilities, items, and moves are banned\n|rule|Evasion Abilities Clause: Evasion abilities are banned\n|rule|Evasion Items Clause: Evasion items are banned\n|rule|Evasion Moves Clause: Evasion moves are banned\n|rule|Species Clause: Limit one of each Pok\u00e9mon\n|rule|Sleep Clause Mod: Limit one foe put to sleep\n|clearpoke\n|poke|p1|Iron Moth|\n|poke|p1|Glimmora, M|\n|poke|p1|Crobat, M|\n|poke|p1|Venusaur, M|\n|poke|p1|Toxapex, M|\n|poke|p1|Muk-Alola, M|\n|poke|p2|Pidgeot, M|\n|poke|p2|Magmortar, M|\n|poke|p2|Raichu, F|\n|poke|p2|Clefable, M|\n|poke|p2|Vileplume, M|\n|poke|p2|Politoed, M|\n|teampreview\n|inactive|Battle timer is ON: inactive players will automatically lose when time's up. (requested by Lex_88)\n|\n|t:|1700513786\n|start\n|switch|p1a: Crobat|Crobat, M|100\/100\n|switch|p2a: Politoed|Politoed, M|100\/100\n|turn|1\n|\n|t:|1700513796\n|move|p1a: Crobat|Taunt|p2a: Politoed\n|-start|p2a: Politoed|move: Taunt\n|move|p2a: Politoed|Ice Beam|p1a: Crobat\n|-supereffective|p1a: Crobat\n|-damage|p1a: Crobat|37\/100\n|\n|upkeep\n|turn|2\n|\n|t:|1700513806\n|move|p1a: Crobat|Cross Poison|p2a: Politoed\n|-damage|p2a: Politoed|66\/100\n|-damage|p1a: Crobat|27\/100|[from] item: Life Orb\n|move|p2a: Politoed|Psychic|p1a: Crobat\n|-supereffective|p1a: Crobat\n|-damage|p1a: Crobat|0 fnt\n|faint|p1a: Crobat\n|\n|-heal|p2a: Politoed|72\/100|[from] item: Leftovers\n|upkeep\n|\n|t:|1700513819\n|switch|p1a: Muk|Muk-Alola, M, shiny|100\/100\n|turn|3\n|\n|t:|1700513832\n|-terastallize|p2a: Politoed|Ground\n|move|p2a: Politoed|Earth Power|p1a: Muk\n|-supereffective|p1a: Muk\n|-damage|p1a: Muk|60\/100\n|move|p1a: Muk|Knock Off|p2a: Politoed\n|-damage|p2a: Politoed|27\/100\n|-status|p2a: Politoed|psn|[from] ability: Poison Touch|[of] p1a: Muk\n|-enditem|p2a: Politoed|Leftovers|[from] move: Knock Off|[of] p1a: Muk\n|\n|-damage|p2a: Politoed|15\/100 psn|[from] psn\n|-end|p2a: Politoed|move: Taunt\n|upkeep\n|turn|4\n|\n|t:|1700513850\n|move|p2a: Politoed|Earth Power|p1a: Muk\n|-supereffective|p1a: Muk\n|-damage|p1a: Muk|23\/100\n|move|p1a: Muk|Knock Off|p2a: Politoed\n|-damage|p2a: Politoed|0 fnt\n|faint|p2a: Politoed\n|\n|upkeep\n|\n|t:|1700513876\n|switch|p2a: Magmortar|Magmortar, M|100\/100\n|turn|5\n|\n|t:|1700513884\n|move|p2a: Magmortar|Scorching Sands|p1a: Muk\n|-supereffective|p1a: Muk\n|-damage|p1a: Muk|0 fnt\n|faint|p1a: Muk\n|\n|upkeep\n|\n|t:|1700513895\n|switch|p1a: Glimmora|Glimmora, M|100\/100\n|turn|6\n|\n|t:|1700513909\n|move|p1a: Glimmora|Stealth Rock|p2a: Magmortar\n|-sidestart|p2: SrPorquet|move: Stealth Rock\n|move|p2a: Magmortar|Scorching Sands|p1a: Glimmora\n|-supereffective|p1a: Glimmora\n|-enditem|p1a: Glimmora|Focus Sash\n|-damage|p1a: Glimmora|1\/100\n|\n|upkeep\n|turn|7\n|\n|t:|1700513919\n|move|p1a: Glimmora|Earth Power|p2a: Magmortar\n|-supereffective|p2a: Magmortar\n|-damage|p2a: Magmortar|24\/100\n|-enditem|p2a: Magmortar|Aguav Berry|[eat]\n|-heal|p2a: Magmortar|58\/100|[from] item: Aguav Berry\n|move|p2a: Magmortar|Flamethrower|p1a: Glimmora\n|-resisted|p1a: Glimmora\n|-crit|p1a: Glimmora\n|-damage|p1a: Glimmora|0 fnt\n|faint|p1a: Glimmora\n|\n|upkeep\n|\n|t:|1700513934\n|switch|p1a: Venusaur|Venusaur, M|100\/100\n|turn|8\n|\n|t:|1700513943\n|detailschange|p1a: Venusaur|Venusaur-Mega, M\n|-mega|p1a: Venusaur|Venusaur|Venusaurite\n|move|p2a: Magmortar|Psychic|p1a: Venusaur\n|-supereffective|p1a: Venusaur\n|-damage|p1a: Venusaur|57\/100\n|move|p1a: Venusaur|Leech Seed|p2a: Magmortar\n|-start|p2a: Magmortar|move: Leech Seed\n|\n|-damage|p2a: Magmortar|45\/100|[from] Leech Seed|[of] p1a: Venusaur\n|-heal|p1a: Venusaur|67\/100|[silent]\n|upkeep\n|turn|9\n|\n|t:|1700513955\n|move|p2a: Magmortar|Psychic|p1a: Venusaur\n|-supereffective|p1a: Venusaur\n|-damage|p1a: Venusaur|18\/100\n|move|p1a: Venusaur|Synthesis|p1a: Venusaur\n|-heal|p1a: Venusaur|68\/100\n|\n|-damage|p2a: Magmortar|33\/100|[from] Leech Seed|[of] p1a: Venusaur\n|-heal|p1a: Venusaur|78\/100|[silent]\n|upkeep\n|turn|10\n|\n|t:|1700513967\n|switch|p2a: Pidgeot|Pidgeot, M|100\/100\n|-damage|p2a: Pidgeot|76\/100|[from] Stealth Rock\n|move|p1a: Venusaur|Synthesis|p1a: Venusaur\n|-heal|p1a: Venusaur|100\/100\n|\n|upkeep\n|turn|11\n|\n|t:|1700513977\n|detailschange|p2a: Pidgeot|Pidgeot-Mega, M\n|-mega|p2a: Pidgeot|Pidgeot|Pidgeotite\n|move|p2a: Pidgeot|Hurricane|p1a: Venusaur\n|-supereffective|p1a: Venusaur\n|-damage|p1a: Venusaur|14\/100\n|move|p1a: Venusaur|Leech Seed|p2a: Pidgeot\n|-start|p2a: Pidgeot|move: Leech Seed\n|\n|-damage|p2a: Pidgeot|63\/100|[from] Leech Seed|[of] p1a: Venusaur\n|-heal|p1a: Venusaur|25\/100|[silent]\n|upkeep\n|turn|12\n|\n|t:|1700513989\n|move|p2a: Pidgeot|Roost|p2a: Pidgeot\n|-heal|p2a: Pidgeot|100\/100\n|-singleturn|p2a: Pidgeot|move: Roost\n|move|p1a: Venusaur|Hidden Power|p2a: Pidgeot\n|-damage|p2a: Pidgeot|78\/100\n|\n|-damage|p2a: Pidgeot|66\/100|[from] Leech Seed|[of] p1a: Venusaur\n|-heal|p1a: Venusaur|35\/100|[silent]\n|upkeep\n|turn|13\n|\n|t:|1700514006\n|move|p2a: Pidgeot|Hurricane|p1a: Venusaur\n|-supereffective|p1a: Venusaur\n|-damage|p1a: Venusaur|0 fnt\n|faint|p1a: Venusaur\n|\n|upkeep\n|\n|t:|1700514015\n|switch|p1a: Iron Moth|Iron Moth|100\/100\n|-enditem|p1a: Iron Moth|Booster Energy\n|-activate|p1a: Iron Moth|ability: Quark Drive|[fromitem]\n|-start|p1a: Iron Moth|quarkdrivespe\n|turn|14\n|\n|t:|1700514022\n|move|p1a: Iron Moth|Fiery Dance|p2a: Pidgeot\n|-damage|p2a: Pidgeot|7\/100\n|move|p2a: Pidgeot|Hurricane|p1a: Iron Moth\n|-damage|p1a: Iron Moth|42\/100\n|\n|-damage|p2a: Pidgeot|0 fnt|[from] Leech Seed|[of] p1a: Iron Moth\n|-heal|p1a: Iron Moth|49\/100|[silent]\n|faint|p2a: Pidgeot\n|upkeep\n|\n|t:|1700514030\n|switch|p2a: Raichu|Raichu, F|100\/100\n|-damage|p2a: Raichu|88\/100|[from] Stealth Rock\n|turn|15\n|\n|t:|1700514044\n|move|p2a: Raichu|Extreme Speed|p1a: Iron Moth\n|-damage|p1a: Iron Moth|6\/100\n|-damage|p2a: Raichu|78\/100|[from] item: Life Orb\n|move|p1a: Iron Moth|Sludge Wave|p2a: Raichu\n|-damage|p2a: Raichu|6\/100\n|\n|upkeep\n|turn|16\n|\n|t:|1700514054\n|move|p2a: Raichu|Extreme Speed|p1a: Iron Moth\n|-damage|p1a: Iron Moth|0 fnt\n|faint|p1a: Iron Moth\n|-end|p1a: Iron Moth|Quark Drive|[silent]\n|-damage|p2a: Raichu|0 fnt|[from] item: Life Orb\n|faint|p2a: Raichu\n|\n|upkeep\n|\n|t:|1700514062\n|switch|p2a: Magmortar|Magmortar, M|33\/100\n|switch|p1a: Toxapex|Toxapex, M, shiny|100\/100\n|-damage|p2a: Magmortar|8\/100|[from] Stealth Rock\n|turn|17\n|\n|t:|1700514070\n|move|p2a: Magmortar|Thunderbolt|p1a: Toxapex\n|-supereffective|p1a: Toxapex\n|-damage|p1a: Toxapex|48\/100\n|move|p1a: Toxapex|Surf|p2a: Magmortar\n|-supereffective|p2a: Magmortar\n|-damage|p2a: Magmortar|0 fnt\n|faint|p2a: Magmortar\n|\n|upkeep\n|\n|t:|1700514077\n|switch|p2a: Clefable|Clefable, M|100\/100\n|turn|18\n|-message|Lex_88 forfeited.\n|\n|win|SrPorquet\n|raw|Lex_88's rating: 1094 &rarr; <strong>1072<\/strong><br \/>(-22 for losing)\n|raw|SrPorquet's rating: 1119 &rarr; <strong>1142<\/strong><br \/>(+23 for winning)\n|l|\u2606Lex_88\n","uploadtime":1700514087,"views":1,"p1id":"lex88","p2id":"srporquet","formatid":"gen9nationaldex","rating":1072,"private":0,"password":""}