{"id":"gen9nationaldex-1997945964","p1":"OnlyPyper","p2":"Corazonmorado27","format":"[Gen 9] National Dex","log":"|html|<div class=\"broadcast-blue\"><strong>[Gen 9] National Dex is currently suspecting Sneasler! For information on how to participate check out the <a href=\"https:\/\/www.smogon.com\/forums\/threads\/sv-national-dex-suspect-8-just-dance.3731534\/\">suspect thread<\/a>.<\/strong><\/div>\n|j|\u2606OnlyPyper\n|j|\u2606Corazonmorado27\n|t:|1700870644\n|gametype|singles\n|player|p1|OnlyPyper|shauntal|\n|player|p2|Corazonmorado27|parasollady|\n|teamsize|p1|6\n|teamsize|p2|6\n|gen|9\n|tier|[Gen 9] National Dex\n|rule|HP Percentage Mod: HP is shown in percentages\n|rule|Endless Battle Clause: Forcing endless battles is banned\n|rule|OHKO Clause: OHKO moves are banned\n|rule|Evasion Clause: Evasion abilities, items, and moves are banned\n|rule|Evasion Abilities Clause: Evasion abilities are banned\n|rule|Evasion Items Clause: Evasion items are banned\n|rule|Evasion Moves Clause: Evasion moves are banned\n|rule|Species Clause: Limit one of each Pok\u00e9mon\n|rule|Sleep Clause Mod: Limit one foe put to sleep\n|clearpoke\n|poke|p1|Maractus, F|\n|poke|p1|Eelektross, M|\n|poke|p1|Mienshao, F|\n|poke|p1|Golurk|\n|poke|p1|Mandibuzz, F|\n|poke|p1|Scolipede, F|\n|poke|p2|Delphox, M|\n|poke|p2|Blastoise, M|\n|poke|p2|Gogoat, F|\n|poke|p2|Gardevoir, F|\n|poke|p2|Raichu, M|\n|poke|p2|Lucario, M|\n|teampreview\n|c|\u2606Corazonmorado27|suerte uwu\n|c|\u2606OnlyPyper|Suerte uwu\n|\n|t:|1700870662\n|start\n|switch|p1a: Runico|Golurk, shiny|100\/100\n|switch|p2a: Mr. Raichu|Raichu, M|100\/100\n|turn|1\n|\n|t:|1700870684\n|switch|p1a: Maraca|Maractus, F|100\/100\n|move|p2a: Mr. Raichu|Volt Switch|p1a: Maraca\n|-resisted|p1a: Maraca\n|-damage|p1a: Maraca|71\/100\n|j| mixco\n|c|\u2606OnlyPyper|Que perre\n|\n|t:|1700870705\n|switch|p2a: Miss. Gogoat|Gogoat, F|100\/100|[from] Volt Switch\n|\n|upkeep\n|turn|2\n|c| mixco|Sisomos\n|\n|t:|1700870712\n|switch|p1a: Joules|Eelektross, M|100\/100\n|move|p2a: Miss. Gogoat|Bulk Up|p2a: Miss. Gogoat\n|-boost|p2a: Miss. Gogoat|atk|1\n|-boost|p2a: Miss. Gogoat|def|1\n|\n|upkeep\n|turn|3\n|\n|t:|1700870721\n|move|p2a: Miss. Gogoat|Bulk Up|p2a: Miss. Gogoat\n|-boost|p2a: Miss. Gogoat|atk|1\n|-boost|p2a: Miss. Gogoat|def|1\n|move|p1a: Joules|Acid Spray|p2a: Miss. Gogoat\n|-supereffective|p2a: Miss. Gogoat\n|-damage|p2a: Miss. Gogoat|88\/100\n|-unboost|p2a: Miss. Gogoat|spd|2\n|\n|-heal|p2a: Miss. Gogoat|94\/100|[from] item: Leftovers\n|upkeep\n|turn|4\n|c| mixco|CUIDADO CON EL BATEEEE\n|c|\u2606OnlyPyper|Escupele \u00e1cido uwu\n|\n|t:|1700870736\n|move|p2a: Miss. Gogoat|Horn Leech|p1a: Joules\n|-damage|p1a: Joules|53\/100\n|-heal|p2a: Miss. Gogoat|100\/100|[from] drain|[of] p1a: Joules\n|move|p1a: Joules|Thunderbolt|p2a: Miss. Gogoat\n|-resisted|p2a: Miss. Gogoat\n|-damage|p2a: Miss. Gogoat|78\/100\n|\n|-heal|p2a: Miss. Gogoat|84\/100|[from] item: Leftovers\n|upkeep\n|turn|5\n|\n|t:|1700870748\n|-terastallize|p1a: Joules|Fire\n|move|p2a: Miss. Gogoat|Bulk Up|p2a: Miss. Gogoat\n|-boost|p2a: Miss. Gogoat|atk|1\n|-boost|p2a: Miss. Gogoat|def|1\n|move|p1a: Joules|Flamethrower|p2a: Miss. Gogoat\n|-supereffective|p2a: Miss. Gogoat\n|-damage|p2a: Miss. Gogoat|0 fnt\n|faint|p2a: Miss. Gogoat\n|\n|upkeep\n|c|\u2606OnlyPyper|Joules horny\n|\n|t:|1700870762\n|switch|p2a: Mr. Raichu|Raichu, M|100\/100\n|turn|6\n|\n|t:|1700870767\n|switch|p1a: Maraca|Maractus, F|71\/100\n|move|p2a: Mr. Raichu|Volt Switch|p1a: Maraca\n|-resisted|p1a: Maraca\n|-damage|p1a: Maraca|42\/100\n|c| mixco|Gil: eso explica los cuddles a la almohada\n|c|\u2606OnlyPyper|Tu cola\n|\n|t:|1700870778\n|switch|p2a: Miss. Gardevoir|Gardevoir, F|100\/100|[from] Volt Switch\n|-ability|p2a: Miss. Gardevoir|Storm Drain|[from] ability: Trace|[of] p1a: Maraca\n|\n|upkeep\n|turn|7\n|\n|t:|1700870793\n|detailschange|p2a: Miss. Gardevoir|Gardevoir-Mega, F\n|-mega|p2a: Miss. Gardevoir|Gardevoir|Gardevoirite\n|move|p2a: Miss. Gardevoir|Hyper Voice|p1a: Maraca\n|-damage|p1a: Maraca|0 fnt\n|faint|p1a: Maraca\n|\n|upkeep\n|c| mixco|Maraca lleva muy al extremo eso de valer madre\n|c|\u2606OnlyPyper|No se pq creo que le van a meter cr\u00edtico a Runico xd\n|\n|t:|1700870819\n|switch|p1a: Runico|Golurk, shiny|100\/100\n|turn|8\n|\n|t:|1700870837\n|move|p2a: Miss. Gardevoir|Hyper Voice|p1a: Runico\n|-damage|p1a: Runico|27\/100\n|move|p1a: Runico|Earthquake|p2a: Miss. Gardevoir\n|-damage|p2a: Miss. Gardevoir|0 fnt\n|faint|p2a: Miss. Gardevoir\n|\n|upkeep\n|\n|t:|1700870853\n|switch|p2a: Mr. Delphox|Delphox, M|100\/100\n|turn|9\n|\n|t:|1700870858\n|switch|p1a: Joules|Eelektross, M, tera:Fire|53\/100\n|move|p2a: Mr. Delphox|Flamethrower|p1a: Joules\n|-resisted|p1a: Joules\n|-damage|p1a: Joules|38\/100\n|\n|upkeep\n|turn|10\n|\n|t:|1700870870\n|switch|p2a: Mr. Raichu|Raichu, M|100\/100\n|move|p1a: Joules|Giga Drain|p2a: Mr. Raichu\n|-damage|p2a: Mr. Raichu|71\/100\n|-heal|p1a: Joules|48\/100|[from] drain|[of] p2a: Mr. Raichu\n|\n|upkeep\n|turn|11\n|c|\u2606OnlyPyper|Me lo esperaba ekisde\n|c|\u2606OnlyPyper|Tmb esperaba m\u00e1s curaci\u00f3n xd\n|\n|t:|1700870899\n|move|p2a: Mr. Raichu|Surf|p1a: Joules\n|-supereffective|p1a: Joules\n|-damage|p1a: Joules|0 fnt\n|faint|p1a: Joules\n|\n|upkeep\n|\n|t:|1700870906\n|switch|p1a: Sidney|Scolipede, F|100\/100\n|turn|12\n|c| mixco|La tronadora\n|c| mixco|Empaladora\n|\n|t:|1700870928\n|switch|p2a: Mr. Blastoise|Blastoise, M|100\/100\n|move|p1a: Sidney|Swords Dance|p1a: Sidney\n|-boost|p1a: Sidney|atk|2\n|\n|-ability|p1a: Sidney|Speed Boost|boost\n|-boost|p1a: Sidney|spe|1\n|upkeep\n|turn|13\n|c|\u2606OnlyPyper|No falles ekisde\n|\n|t:|1700870943\n|move|p1a: Sidney|Megahorn|p2a: Mr. Blastoise\n|-damage|p2a: Mr. Blastoise|0 fnt\n|faint|p2a: Mr. Blastoise\n|-damage|p1a: Sidney|91\/100|[from] item: Life Orb\n|\n|-ability|p1a: Sidney|Speed Boost|boost\n|-boost|p1a: Sidney|spe|1\n|upkeep\n|c|\u2606OnlyPyper|Awevo\n|\n|t:|1700870952\n|switch|p2a: Mr. Lucario|Lucario, M|100\/100\n|turn|14\n|c| mixco|Te odio mucho speed bost uwu\n|\n|t:|1700870975\n|-terastallize|p2a: Mr. Lucario|Fire\n|move|p1a: Sidney|Earthquake|p2a: Mr. Lucario\n|-supereffective|p2a: Mr. Lucario\n|-enditem|p2a: Mr. Lucario|Focus Sash\n|-damage|p2a: Mr. Lucario|1\/100\n|-damage|p1a: Sidney|81\/100|[from] item: Life Orb\n|move|p2a: Mr. Lucario|Earthquake|p1a: Sidney\n|-damage|p1a: Sidney|37\/100\n|\n|-ability|p1a: Sidney|Speed Boost|boost\n|-boost|p1a: Sidney|spe|1\n|upkeep\n|turn|15\n|c|\u2606OnlyPyper|Lo odias en contra pero lo amas a favor, en fin la hipotenusa\n|\n|t:|1700870996\n|move|p2a: Mr. Lucario|Bullet Punch|p1a: Sidney\n|-damage|p1a: Sidney|10\/100\n|move|p1a: Sidney|Throat Chop|p2a: Mr. Lucario\n|-damage|p2a: Mr. Lucario|0 fnt\n|faint|p2a: Mr. Lucario\n|-damage|p1a: Sidney|0 fnt|[from] item: Life Orb\n|faint|p1a: Sidney\n|\n|upkeep\n|\n|t:|1700871007\n|switch|p1a: Maisy|Mienshao, F|100\/100\n|switch|p2a: Mr. Delphox|Delphox, M|100\/100\n|turn|16\n|c| mixco|*se hace una build de blaziken blaze *\n|\n|t:|1700871021\n|move|p1a: Maisy|U-turn|p2a: Mr. Delphox\n|-damage|p2a: Mr. Delphox|62\/100\n|c|\u2606OnlyPyper|*le saca a Runico scarf *\n|\n|t:|1700871031\n|switch|p1a: Runico|Golurk, shiny|27\/100|[from] U-turn\n|move|p2a: Mr. Delphox|Psychic|p1a: Runico\n|-damage|p1a: Runico|0 fnt\n|faint|p1a: Runico\n|\n|upkeep\n|\n|t:|1700871039\n|switch|p1a: Riper|Mandibuzz, F|100\/100\n|turn|17\n|\n|t:|1700871044\n|switch|p2a: Mr. Raichu|Raichu, M|71\/100\n|move|p1a: Riper|U-turn|p2a: Mr. Raichu\n|-damage|p2a: Mr. Raichu|47\/100\n|\n|t:|1700871051\n|switch|p1a: Maisy|Mienshao, F|100\/100|[from] U-turn\n|\n|upkeep\n|turn|18\n|\n|t:|1700871056\n|move|p1a: Maisy|Close Combat|p2a: Mr. Raichu\n|-damage|p2a: Mr. Raichu|0 fnt\n|-unboost|p1a: Maisy|def|1\n|-unboost|p1a: Maisy|spd|1\n|faint|p2a: Mr. Raichu\n|\n|upkeep\n|\n|t:|1700871062\n|switch|p2a: Mr. Delphox|Delphox, M|62\/100\n|turn|19\n|\n|t:|1700871067\n|switch|p1a: Riper|Mandibuzz, F|100\/100\n|move|p2a: Mr. Delphox|Dazzling Gleam|p1a: Riper\n|-supereffective|p1a: Riper\n|-damage|p1a: Riper|57\/100\n|\n|upkeep\n|turn|20\n|\n|t:|1700871074\n|move|p2a: Mr. Delphox|Dazzling Gleam|p1a: Riper\n|-supereffective|p1a: Riper\n|-damage|p1a: Riper|13\/100\n|move|p1a: Riper|Foul Play|p2a: Mr. Delphox\n|-supereffective|p2a: Mr. Delphox\n|-damage|p2a: Mr. Delphox|8\/100\n|\n|upkeep\n|turn|21\n|c|\u2606OnlyPyper|Pega m\u00e1s duro Riper ekisde\n|c|\u2606OnlyPyper|Bueno\n|c|\u2606OnlyPyper|El tuyo tmb lo es mensa\n|c|\u2606OnlyPyper|En realidad pegas m\u00e1s duro tu(?\n|\n|t:|1700871120\n|move|p2a: Mr. Delphox|Dazzling Gleam|p1a: Riper\n|-supereffective|p1a: Riper\n|-damage|p1a: Riper|0 fnt\n|faint|p1a: Riper\n|\n|upkeep\n|\n|t:|1700871124\n|switch|p1a: Maisy|Mienshao, F|100\/100\n|turn|22\n|c|\u2606OnlyPyper|Bueno\n|c|\u2606OnlyPyper|La mejor forma de acabar esto\n|c|\u2606OnlyPyper|Con poco eficaz\n|c|\u2606Corazonmorado27|gg\n|\n|t:|1700871141\n|move|p1a: Maisy|Close Combat|p2a: Mr. Delphox\n|-resisted|p2a: Mr. Delphox\n|-damage|p2a: Mr. Delphox|0 fnt\n|-unboost|p1a: Maisy|def|1\n|-unboost|p1a: Maisy|spd|1\n|faint|p2a: Mr. Delphox\n|\n|win|OnlyPyper\n|c|\u2606OnlyPyper|Gg\n","uploadtime":1700871161,"views":1,"p1id":"onlypyper","p2id":"corazonmorado27","formatid":"gen9nationaldex","rating":0,"private":0,"password":""}