{"id":"gen9nationaldex-1992730464","p1":"shenye","p2":"TsunamiYuuki","format":"[Gen 9] National Dex","log":"|j|\u2606shenye\n|j|\u2606TsunamiYuuki\n|t:|1700230014\n|gametype|singles\n|player|p1|shenye|n|1230\n|player|p2|TsunamiYuuki|hilbert|1153\n|teamsize|p1|6\n|teamsize|p2|6\n|gen|9\n|tier|[Gen 9] National Dex\n|rated|\n|rule|HP Percentage Mod: HP is shown in percentages\n|rule|Endless Battle Clause: Forcing endless battles is banned\n|rule|OHKO Clause: OHKO moves are banned\n|rule|Evasion Clause: Evasion abilities, items, and moves are banned\n|rule|Evasion Abilities Clause: Evasion abilities are banned\n|rule|Evasion Items Clause: Evasion items are banned\n|rule|Evasion Moves Clause: Evasion moves are banned\n|rule|Species Clause: Limit one of each Pok\u00e9mon\n|rule|Sleep Clause Mod: Limit one foe put to sleep\n|clearpoke\n|poke|p1|Dragonite, M|\n|poke|p1|Garchomp, M|\n|poke|p1|Kommo-o, M|\n|poke|p1|Goodra-Hisui, F|\n|poke|p1|Charizard, M|\n|poke|p1|Hydreigon, M|\n|poke|p2|Chansey, F|\n|poke|p2|Dragonite, F|\n|poke|p2|Sableye, M|\n|poke|p2|Ferrothorn, M|\n|poke|p2|Landorus-Therian, M|\n|poke|p2|Machamp, M|\n|teampreview\n|inactive|Battle timer is ON: inactive players will automatically lose when time's up. (requested by TsunamiYuuki)\n|\n|t:|1700230032\n|start\n|switch|p1a: Kommo-o|Kommo-o, M|100\/100\n|switch|p2a: Machamp|Machamp, M|100\/100\n|turn|1\n|\n|t:|1700230045\n|-zpower|p1a: Kommo-o\n|move|p1a: Kommo-o|Clangorous Soulblaze|p2a: Machamp|[zeffect]\n|-damage|p2a: Machamp|37\/100\n|-boost|p1a: Kommo-o|atk|1\n|-boost|p1a: Kommo-o|def|1\n|-boost|p1a: Kommo-o|spa|1\n|-boost|p1a: Kommo-o|spd|1\n|-boost|p1a: Kommo-o|spe|1\n|move|p2a: Machamp|Dynamic Punch|p1a: Kommo-o\n|-damage|p1a: Kommo-o|64\/100\n|-start|p1a: Kommo-o|confusion\n|\n|upkeep\n|turn|2\n|\n|t:|1700230067\n|-activate|p1a: Kommo-o|confusion\n|move|p1a: Kommo-o|Aura Sphere|p2a: Machamp\n|-damage|p2a: Machamp|0 fnt\n|faint|p2a: Machamp\n|\n|upkeep\n|\n|t:|1700230076\n|switch|p2a: Sableye|Sableye, M|100\/100\n|turn|3\n|\n|t:|1700230098\n|move|p2a: Sableye|Fake Out|p1a: Kommo-o\n|-damage|p1a: Kommo-o|60\/100\n|cant|p1a: Kommo-o|flinch\n|\n|upkeep\n|turn|4\n|\n|t:|1700230106\n|move|p2a: Sableye|Will-O-Wisp|p1a: Kommo-o\n|-status|p1a: Kommo-o|brn\n|-activate|p1a: Kommo-o|confusion\n|-damage|p1a: Kommo-o|53\/100 brn|[from] confusion\n|\n|-damage|p1a: Kommo-o|47\/100 brn|[from] brn\n|upkeep\n|turn|5\n|\n|t:|1700230116\n|-activate|p1a: Kommo-o|confusion\n|-damage|p1a: Kommo-o|39\/100 brn|[from] confusion\n|move|p2a: Sableye|Hex|p1a: Kommo-o\n|-damage|p1a: Kommo-o|20\/100 brn\n|\n|-damage|p1a: Kommo-o|14\/100 brn|[from] brn\n|upkeep\n|turn|6\n|\n|t:|1700230129\n|switch|p2a: Ferrothorn|Ferrothorn, M|100\/100\n|-end|p1a: Kommo-o|confusion\n|move|p1a: Kommo-o|Clanging Scales|p2a: Ferrothorn\n|-resisted|p2a: Ferrothorn\n|-damage|p2a: Ferrothorn|67\/100\n|-unboost|p1a: Kommo-o|def|1\n|\n|-heal|p2a: Ferrothorn|74\/100|[from] item: Leftovers\n|-damage|p1a: Kommo-o|7\/100 brn|[from] brn\n|upkeep\n|turn|7\n|\n|t:|1700230146\n|-terastallize|p2a: Ferrothorn|Ghost\n|move|p1a: Kommo-o|Aura Sphere|p2a: Ferrothorn\n|-immune|p2a: Ferrothorn\n|move|p2a: Ferrothorn|Spikes|p1a: Kommo-o\n|-sidestart|p1: shenye|Spikes\n|\n|-heal|p2a: Ferrothorn|80\/100|[from] item: Leftovers\n|-damage|p1a: Kommo-o|1\/100 brn|[from] brn\n|upkeep\n|turn|8\n|\n|t:|1700230160\n|switch|p2a: Chansey|Chansey, F|100\/100\n|move|p1a: Kommo-o|Clanging Scales|p2a: Chansey\n|-damage|p2a: Chansey|78\/100\n|-unboost|p1a: Kommo-o|def|1\n|\n|-damage|p1a: Kommo-o|0 fnt|[from] brn\n|faint|p1a: Kommo-o\n|upkeep\n|\n|t:|1700230174\n|switch|p1a: Charizard|Charizard, M|100\/100\n|turn|9\n|\n|t:|1700230181\n|move|p1a: Charizard|Dragon Dance|p1a: Charizard\n|-boost|p1a: Charizard|atk|1\n|-boost|p1a: Charizard|spe|1\n|move|p2a: Chansey|Toxic|p1a: Charizard\n|-status|p1a: Charizard|tox\n|\n|-damage|p1a: Charizard|94\/100 tox|[from] psn\n|upkeep\n|turn|10\n|\n|t:|1700230195\n|switch|p2a: Landorus|Landorus-Therian, M|100\/100\n|-ability|p2a: Landorus|Intimidate|boost\n|-unboost|p1a: Charizard|atk|1\n|detailschange|p1a: Charizard|Charizard-Mega-X, M\n|-mega|p1a: Charizard|Charizard|Charizardite X\n|move|p1a: Charizard|Flare Blitz|p2a: Landorus\n|-crit|p2a: Landorus\n|-damage|p2a: Landorus|17\/100\n|-damage|p1a: Charizard|78\/100 tox|[from] item: Rocky Helmet|[of] p2a: Landorus\n|-damage|p1a: Charizard|43\/100 tox|[from] Recoil\n|\n|-damage|p1a: Charizard|30\/100 tox|[from] psn\n|upkeep\n|turn|11\n|\n|t:|1700230214\n|move|p1a: Charizard|Dragon Claw|p2a: Landorus\n|-damage|p2a: Landorus|0 fnt\n|-damage|p1a: Charizard|14\/100 tox|[from] item: Rocky Helmet|[of] p2a: Landorus\n|faint|p2a: Landorus\n|\n|-damage|p1a: Charizard|0 fnt|[from] psn\n|faint|p1a: Charizard\n|upkeep\n|\n|t:|1700230237\n|switch|p1a: Garchomp|Garchomp, M|100\/100\n|switch|p2a: Sableye|Sableye, M|100\/100\n|-damage|p1a: Garchomp|88\/100|[from] Spikes\n|turn|12\n|\n|t:|1700230246\n|move|p2a: Sableye|Fake Out|p1a: Garchomp\n|-damage|p1a: Garchomp|82\/100\n|-damage|p2a: Sableye|88\/100|[from] ability: Rough Skin|[of] p1a: Garchomp\n|-damage|p2a: Sableye|72\/100|[from] item: Rocky Helmet|[of] p1a: Garchomp\n|cant|p1a: Garchomp|flinch\n|\n|upkeep\n|turn|13\n|\n|t:|1700230258\n|detailschange|p2a: Sableye|Sableye-Mega, M\n|-mega|p2a: Sableye|Sableye|Sablenite\n|move|p1a: Garchomp|Stealth Rock|p2a: Sableye\n|move|p2a: Sableye|Stealth Rock|p1a: Garchomp|[from]ability: Magic Bounce\n|-sidestart|p1: shenye|move: Stealth Rock\n|move|p2a: Sableye|Will-O-Wisp|p1a: Garchomp\n|-status|p1a: Garchomp|brn\n|\n|-damage|p1a: Garchomp|76\/100 brn|[from] brn\n|upkeep\n|turn|14\n|c|\u2606shenye|\uff1f\uff1f\uff1f\n|\n|t:|1700230272\n|move|p1a: Garchomp|Earthquake|p2a: Sableye\n|-damage|p2a: Sableye|53\/100\n|move|p2a: Sableye|Hex|p1a: Garchomp\n|-damage|p1a: Garchomp|48\/100 brn\n|\n|-damage|p1a: Garchomp|42\/100 brn|[from] brn\n|upkeep\n|turn|15\n|\n|t:|1700230293\n|switch|p1a: Dragonite|Dragonite, M|100\/100\n|-damage|p1a: Dragonite|75\/100|[from] Stealth Rock\n|move|p2a: Sableye|Hex|p1a: Dragonite\n|-damage|p1a: Dragonite|55\/100\n|\n|upkeep\n|turn|16\n|\n|t:|1700230312\n|switch|p2a: Chansey|Chansey, F|78\/100\n|move|p1a: Dragonite|Earthquake|p2a: Chansey\n|-damage|p2a: Chansey|38\/100\n|\n|upkeep\n|turn|17\n|\n|t:|1700230323\n|move|p1a: Dragonite|Earthquake|p2a: Chansey\n|-damage|p2a: Chansey|0 fnt\n|faint|p2a: Chansey\n|\n|upkeep\n|inactive|TsunamiYuuki has 120 seconds left.\n|\n|t:|1700230345\n|switch|p2a: Ferrothorn|Ferrothorn, M, tera:Ghost|80\/100\n|turn|18\n|inactive|TsunamiYuuki has 120 seconds left.\n|\n|t:|1700230354\n|move|p1a: Dragonite|Earthquake|p2a: Ferrothorn\n|-damage|p2a: Ferrothorn|47\/100\n|move|p2a: Ferrothorn|Leech Seed|p1a: Dragonite\n|-start|p1a: Dragonite|move: Leech Seed\n|\n|-heal|p2a: Ferrothorn|53\/100|[from] item: Leftovers\n|-damage|p1a: Dragonite|43\/100|[from] Leech Seed|[of] p2a: Ferrothorn\n|-heal|p2a: Ferrothorn|66\/100|[silent]\n|upkeep\n|turn|19\n|inactive|TsunamiYuuki has 120 seconds left.\n|\n|t:|1700230364\n|switch|p1a: Hydreigon|Hydreigon, M|100\/100\n|-damage|p1a: Hydreigon|88\/100|[from] Stealth Rock\n|switch|p2a: Dragonite|Dragonite, F|100\/100\n|\n|upkeep\n|turn|20\n|inactive|TsunamiYuuki has 120 seconds left.\n|\n|t:|1700230383\n|-terastallize|p1a: Hydreigon|Poison\n|move|p1a: Hydreigon|Draco Meteor|p2a: Dragonite|[miss]\n|-miss|p1a: Hydreigon|p2a: Dragonite\n|move|p2a: Dragonite|Dragon Claw|p1a: Hydreigon\n|-damage|p1a: Hydreigon|37\/100\n|\n|upkeep\n|turn|21\n|inactive|TsunamiYuuki has 120 seconds left.\n|\n|t:|1700230396\n|move|p1a: Hydreigon|Draco Meteor|p2a: Dragonite\n|-supereffective|p2a: Dragonite\n|-damage|p2a: Dragonite|58\/100\n|-unboost|p1a: Hydreigon|spa|2\n|move|p2a: Dragonite|Dragon Claw|p1a: Hydreigon\n|-damage|p1a: Hydreigon|0 fnt\n|faint|p1a: Hydreigon\n|\n|upkeep\n|\n|t:|1700230413\n|switch|p1a: Goodra|Goodra-Hisui, F|100\/100\n|-damage|p1a: Goodra|88\/100|[from] Spikes\n|-damage|p1a: Goodra|82\/100|[from] Stealth Rock\n|turn|22\n|inactive|TsunamiYuuki has 120 seconds left.\n|\n|t:|1700230431\n|switch|p2a: Ferrothorn|Ferrothorn, M, tera:Ghost|66\/100\n|move|p1a: Goodra|Ice Beam|p2a: Ferrothorn\n|-crit|p2a: Ferrothorn\n|-damage|p2a: Ferrothorn|29\/100\n|\n|-heal|p2a: Ferrothorn|35\/100|[from] item: Leftovers\n|upkeep\n|turn|23\n|inactive|TsunamiYuuki has 120 seconds left.\n|\n|t:|1700230447\n|move|p1a: Goodra|Draco Meteor|p2a: Ferrothorn\n|-damage|p2a: Ferrothorn|0 fnt\n|-unboost|p1a: Goodra|spa|2\n|faint|p2a: Ferrothorn\n|\n|upkeep\n|inactive|TsunamiYuuki has 120 seconds left.\n|\n|t:|1700230461\n|switch|p2a: Sableye|Sableye-Mega, M|53\/100\n|turn|24\n|inactive|TsunamiYuuki has 120 seconds left.\n|\n|t:|1700230477\n|move|p2a: Sableye|Fake Out|p1a: Goodra\n|-resisted|p1a: Goodra\n|-damage|p1a: Goodra|78\/100\n|cant|p1a: Goodra|flinch\n|\n|upkeep\n|turn|25\n|inactive|TsunamiYuuki has 120 seconds left.\n|\n|t:|1700230508\n|move|p1a: Goodra|Flash Cannon|p2a: Sableye\n|-damage|p2a: Sableye|39\/100\n|move|p2a: Sableye|Will-O-Wisp|p1a: Goodra\n|-status|p1a: Goodra|brn\n|\n|-damage|p1a: Goodra|72\/100 brn|[from] brn\n|upkeep\n|turn|26\n|\n|t:|1700230521\n|switch|p1a: Dragonite|Dragonite, M|43\/100\n|-damage|p1a: Dragonite|18\/100|[from] Stealth Rock\n|move|p2a: Sableye|Knock Off|p1a: Dragonite\n|-damage|p1a: Dragonite|0 fnt\n|-enditem|p1a: Dragonite|Choice Band|[from] move: Knock Off|[of] p2a: Sableye\n|faint|p1a: Dragonite\n|\n|upkeep\n|\n|t:|1700230529\n|switch|p1a: Garchomp|Garchomp, M|42\/100 brn\n|-damage|p1a: Garchomp|30\/100 brn|[from] Spikes\n|-damage|p1a: Garchomp|24\/100 brn|[from] Stealth Rock\n|turn|27\n|\n|t:|1700230540\n|move|p1a: Garchomp|Earthquake|p2a: Sableye\n|-damage|p2a: Sableye|20\/100\n|move|p2a: Sableye|Knock Off|p1a: Garchomp\n|-damage|p1a: Garchomp|0 fnt\n|-damage|p2a: Sableye|8\/100|[from] ability: Rough Skin|[of] p1a: Garchomp\n|-damage|p2a: Sableye|0 fnt|[from] item: Rocky Helmet|[of] p1a: Garchomp\n|faint|p1a: Garchomp\n|faint|p2a: Sableye\n|\n|upkeep\n|\n|t:|1700230553\n|switch|p1a: Goodra|Goodra-Hisui, F|72\/100 brn\n|switch|p2a: Dragonite|Dragonite, F|58\/100\n|-damage|p1a: Goodra|60\/100 brn|[from] Spikes\n|-damage|p1a: Goodra|54\/100 brn|[from] Stealth Rock\n|turn|28\n|\n|t:|1700230561\n|move|p2a: Dragonite|Dragon Claw|p1a: Goodra\n|-damage|p1a: Goodra|7\/100 brn\n|move|p1a: Goodra|Ice Beam|p2a: Dragonite\n|-supereffective|p2a: Dragonite\n|-damage|p2a: Dragonite|0 fnt\n|faint|p2a: Dragonite\n|\n|win|shenye\n|raw|shenye's rating: 1230 &rarr; <strong>1250<\/strong><br \/>(+20 for winning)\n|raw|TsunamiYuuki's rating: 1153 &rarr; <strong>1133<\/strong><br \/>(-20 for losing)\n","uploadtime":1700230570,"views":5,"p1id":"shenye","p2id":"tsunamiyuuki","formatid":"gen9nationaldex","rating":1133,"private":0,"password":""}