{"id":"gen9nationaldex-1999927949","p1":"Sasuskebukaki","p2":"illegalamigo1","format":"[Gen 9] National Dex","log":"|html|<div class=\"broadcast-blue\"><strong>[Gen 9] National Dex is currently suspecting Sneasler! For information on how to participate check out the <a href=\"https:\/\/www.smogon.com\/forums\/threads\/sv-national-dex-suspect-8-just-dance.3731534\/\">suspect thread<\/a>.<\/strong><\/div>\n|j|\u2606Sasuskebukaki\n|j|\u2606illegalamigo1\n|t:|1701131082\n|gametype|singles\n|player|p1|Sasuskebukaki|170|\n|player|p2|illegalamigo1|janine|\n|teamsize|p1|6\n|teamsize|p2|6\n|gen|9\n|tier|[Gen 9] National Dex\n|rule|HP Percentage Mod: HP is shown in percentages\n|rule|Endless Battle Clause: Forcing endless battles is banned\n|rule|OHKO Clause: OHKO moves are banned\n|rule|Evasion Clause: Evasion abilities, items, and moves are banned\n|rule|Evasion Abilities Clause: Evasion abilities are banned\n|rule|Evasion Items Clause: Evasion items are banned\n|rule|Evasion Moves Clause: Evasion moves are banned\n|rule|Species Clause: Limit one of each Pok\u00e9mon\n|rule|Sleep Clause Mod: Limit one foe put to sleep\n|clearpoke\n|poke|p1|Zoroark, M|\n|poke|p1|Arcanine-Hisui, M|\n|poke|p1|Garchomp, M|\n|poke|p1|Gengar, M|\n|poke|p1|Enamorus-Therian, F|\n|poke|p1|Typhlosion-Hisui, M|\n|poke|p2|Charizard, F|\n|poke|p2|Torkoal, F|\n|poke|p2|Goodra, F|\n|poke|p2|Tapu Koko|\n|poke|p2|Krookodile, F|\n|poke|p2|Corsola-Galar, M|\n|teampreview\n|j| punsmith\n|\n|t:|1701131104\n|start\n|switch|p1a: Typhlosion|Typhlosion-Hisui, M|100\/100\n|switch|p2a: Frank|Torkoal, F|100\/100\n|-weather|SunnyDay|[from] ability: Drought|[of] p2a: Frank\n|turn|1\n|\n|t:|1701131114\n|move|p1a: Typhlosion|Eruption|p2a: Frank\n|-resisted|p2a: Frank\n|-damage|p2a: Frank|24\/100\n|move|p2a: Frank|Scorching Sands|p1a: Typhlosion\n|-supereffective|p1a: Typhlosion\n|-damage|p1a: Typhlosion|64\/100\n|\n|-weather|SunnyDay|[upkeep]\n|upkeep\n|turn|2\n|\n|t:|1701131132\n|switch|p1a: Enormous PP|Enamorus-Therian, F|100\/100\n|move|p2a: Frank|Scorching Sands|p1a: Enormous PP\n|-immune|p1a: Enormous PP\n|\n|-weather|SunnyDay|[upkeep]\n|upkeep\n|turn|3\n|\n|t:|1701131141\n|move|p1a: Enormous PP|Tailwind|p1a: Enormous PP\n|-sidestart|p1: Sasuskebukaki|move: Tailwind\n|move|p2a: Frank|Clear Smog|p1a: Enormous PP\n|-supereffective|p1a: Enormous PP\n|-damage|p1a: Enormous PP|76\/100\n|-clearboost|p1a: Enormous PP\n|-enditem|p1a: Enormous PP|Weakness Policy\n|-boost|p1a: Enormous PP|atk|2|[from] item: Weakness Policy\n|-boost|p1a: Enormous PP|spa|2|[from] item: Weakness Policy\n|\n|-weather|SunnyDay|[upkeep]\n|upkeep\n|turn|4\n|\n|t:|1701131156\n|move|p1a: Enormous PP|Draining Kiss|p2a: Frank\n|-resisted|p2a: Frank\n|-damage|p2a: Frank|0 fnt\n|-heal|p1a: Enormous PP|96\/100|[from] drain|[of] p2a: Frank\n|faint|p2a: Frank\n|\n|-weather|SunnyDay|[upkeep]\n|upkeep\n|\n|t:|1701131164\n|switch|p2a: Cricket|Corsola-Galar, M|100\/100\n|turn|5\n|\n|t:|1701131178\n|move|p1a: Enormous PP|Mystical Fire|p2a: Cricket\n|-damage|p2a: Cricket|50\/100\n|-unboost|p2a: Cricket|spa|1\n|-start|p1a: Enormous PP|Disable|Mystical Fire|[from] ability: Cursed Body|[of] p2a: Cricket\n|move|p2a: Cricket|Haze|p2a: Cricket\n|-clearallboost\n|\n|-weather|SunnyDay|[upkeep]\n|upkeep\n|turn|6\n|j| DONTBEFUKLIN\n|\n|t:|1701131189\n|move|p1a: Enormous PP|Draining Kiss|p2a: Cricket\n|-damage|p2a: Cricket|34\/100\n|-heal|p1a: Enormous PP|100\/100|[from] drain|[of] p2a: Cricket\n|move|p2a: Cricket|Strength Sap|p1a: Enormous PP\n|-unboost|p1a: Enormous PP|atk|1\n|-heal|p2a: Cricket|100\/100\n|\n|-weather|SunnyDay|[upkeep]\n|-sideend|p1: Sasuskebukaki|move: Tailwind\n|upkeep\n|turn|7\n|\n|t:|1701131200\n|move|p1a: Enormous PP|Tailwind|p1a: Enormous PP\n|-sidestart|p1: Sasuskebukaki|move: Tailwind\n|move|p2a: Cricket|Night Shade|p1a: Enormous PP\n|-damage|p1a: Enormous PP|69\/100\n|\n|-weather|SunnyDay|[upkeep]\n|upkeep\n|turn|8\n|\n|t:|1701131219\n|switch|p1a: Truck Nuts|Arcanine-Hisui, M|100\/100\n|move|p2a: Cricket|Night Shade|p1a: Truck Nuts\n|-damage|p1a: Truck Nuts|70\/100\n|\n|-weather|none\n|upkeep\n|turn|9\n|\n|t:|1701131230\n|move|p1a: Truck Nuts|Flare Blitz|p2a: Cricket\n|-damage|p2a: Cricket|57\/100\n|move|p2a: Cricket|Strength Sap|p1a: Truck Nuts\n|-unboost|p1a: Truck Nuts|atk|1\n|-heal|p2a: Cricket|100\/100\n|\n|upkeep\n|turn|10\n|\n|t:|1701131259\n|switch|p1a: Chainsaw Man|Garchomp, M|100\/100\n|move|p2a: Cricket|Night Shade|p1a: Chainsaw Man\n|-damage|p1a: Chainsaw Man|77\/100\n|\n|-sideend|p1: Sasuskebukaki|move: Tailwind\n|upkeep\n|turn|11\n|\n|t:|1701131274\n|move|p2a: Cricket|Strength Sap|p1a: Chainsaw Man\n|-unboost|p1a: Chainsaw Man|atk|1\n|move|p1a: Chainsaw Man|Dragon Tail|p2a: Cricket|[miss]\n|-miss|p1a: Chainsaw Man|p2a: Cricket\n|\n|upkeep\n|turn|12\n|\n|t:|1701131281\n|move|p2a: Cricket|Night Shade|p1a: Chainsaw Man\n|-damage|p1a: Chainsaw Man|53\/100\n|move|p1a: Chainsaw Man|Dragon Tail|p2a: Cricket\n|-damage|p2a: Cricket|84\/100\n|drag|p2a: Mac|Krookodile, F|100\/100\n|-ability|p2a: Mac|Intimidate|boost\n|-unboost|p1a: Chainsaw Man|atk|1\n|\n|upkeep\n|turn|13\n|\n|t:|1701131298\n|switch|p1a: Enormous PP|Enamorus-Therian, F|69\/100\n|move|p2a: Mac|Earthquake|p1a: Enormous PP\n|-immune|p1a: Enormous PP\n|\n|upkeep\n|turn|14\n|\n|t:|1701131305\n|move|p2a: Mac|Stone Edge|p1a: Enormous PP|[miss]\n|-miss|p2a: Mac|p1a: Enormous PP\n|move|p1a: Enormous PP|Draining Kiss|p2a: Mac\n|-supereffective|p2a: Mac\n|-damage|p2a: Mac|61\/100\n|-heal|p1a: Enormous PP|99\/100|[from] drain|[of] p2a: Mac\n|\n|upkeep\n|turn|15\n|\n|t:|1701131317\n|move|p2a: Mac|Stone Edge|p1a: Enormous PP\n|-supereffective|p1a: Enormous PP\n|-damage|p1a: Enormous PP|28\/100\n|move|p1a: Enormous PP|Draining Kiss|p2a: Mac\n|-supereffective|p2a: Mac\n|-damage|p2a: Mac|25\/100\n|-heal|p1a: Enormous PP|56\/100|[from] drain|[of] p2a: Mac\n|\n|upkeep\n|turn|16\n|\n|t:|1701131330\n|move|p2a: Mac|Stone Edge|p1a: Enormous PP|[miss]\n|-miss|p2a: Mac|p1a: Enormous PP\n|move|p1a: Enormous PP|Draining Kiss|p2a: Mac\n|-supereffective|p2a: Mac\n|-damage|p2a: Mac|0 fnt\n|-heal|p1a: Enormous PP|75\/100|[from] drain|[of] p2a: Mac\n|faint|p2a: Mac\n|\n|upkeep\n|\n|t:|1701131344\n|switch|p2a: Cricket|Corsola-Galar, M|84\/100\n|turn|17\n|\n|t:|1701131351\n|move|p1a: Enormous PP|Draining Kiss|p2a: Cricket\n|-damage|p2a: Cricket|69\/100\n|-heal|p1a: Enormous PP|85\/100|[from] drain|[of] p2a: Cricket\n|-start|p1a: Enormous PP|Disable|Draining Kiss|[from] ability: Cursed Body|[of] p2a: Cricket\n|move|p2a: Cricket|Night Shade|p1a: Enormous PP\n|-damage|p1a: Enormous PP|53\/100\n|\n|upkeep\n|turn|18\n|\n|t:|1701131368\n|move|p1a: Enormous PP|Mystical Fire|p2a: Cricket\n|-damage|p2a: Cricket|52\/100\n|-unboost|p2a: Cricket|spa|1\n|move|p2a: Cricket|Strength Sap|p1a: Enormous PP\n|-unboost|p1a: Enormous PP|atk|1\n|-heal|p2a: Cricket|100\/100\n|\n|upkeep\n|turn|19\n|\n|t:|1701131377\n|move|p1a: Enormous PP|Mystical Fire|p2a: Cricket\n|-damage|p2a: Cricket|84\/100\n|-unboost|p2a: Cricket|spa|1\n|move|p2a: Cricket|Night Shade|p1a: Enormous PP\n|-damage|p1a: Enormous PP|21\/100\n|\n|upkeep\n|turn|20\n|\n|t:|1701131408\n|switch|p1a: Truck Nuts|Arcanine-Hisui, M|70\/100\n|move|p2a: Cricket|Night Shade|p1a: Truck Nuts\n|-damage|p1a: Truck Nuts|40\/100\n|\n|upkeep\n|turn|21\n|\n|t:|1701131421\n|move|p1a: Truck Nuts|Head Smash|p2a: Cricket|[miss]\n|-miss|p1a: Truck Nuts|p2a: Cricket\n|move|p2a: Cricket|Strength Sap|p1a: Truck Nuts\n|-unboost|p1a: Truck Nuts|atk|1\n|-heal|p2a: Cricket|100\/100\n|\n|upkeep\n|turn|22\n|\n|t:|1701131429\n|move|p1a: Truck Nuts|Head Smash|p2a: Cricket\n|-damage|p2a: Cricket|61\/100\n|move|p2a: Cricket|Night Shade|p1a: Truck Nuts\n|-damage|p1a: Truck Nuts|10\/100\n|\n|upkeep\n|turn|23\n|\n|t:|1701131435\n|move|p1a: Truck Nuts|Head Smash|p2a: Cricket\n|-damage|p2a: Cricket|23\/100\n|-start|p1a: Truck Nuts|Disable|Head Smash|[from] ability: Cursed Body|[of] p2a: Cricket\n|move|p2a: Cricket|Strength Sap|p1a: Truck Nuts\n|-unboost|p1a: Truck Nuts|atk|1\n|-heal|p2a: Cricket|100\/100\n|\n|upkeep\n|turn|24\n|\n|t:|1701131446\n|-activate|p1a: Truck Nuts|move: Struggle\n|move|p1a: Truck Nuts|Struggle|p2a: Cricket\n|-damage|p2a: Cricket|94\/100\n|-damage|p1a: Truck Nuts|0 fnt|[from] recoil\n|faint|p1a: Truck Nuts\n|move|p2a: Cricket|Night Shade|p1: Truck Nuts|[notarget]\n|-fail|p2a: Cricket\n|\n|upkeep\n|\n|t:|1701131454\n|switch|p1a: Dingleberry|Gengar, M|100\/100\n|turn|25\n|\n|t:|1701131461\n|switch|p2a: Gail|Goodra, F|100\/100\n|move|p1a: Dingleberry|Shadow Ball|p2a: Gail\n|-damage|p2a: Gail|77\/100\n|\n|upkeep\n|turn|26\n|\n|t:|1701131474\n|switch|p1a: Enormous PP|Enamorus-Therian, F|21\/100\n|move|p2a: Gail|Thunderbolt|p1a: Enormous PP\n|-supereffective|p1a: Enormous PP\n|-damage|p1a: Enormous PP|0 fnt\n|faint|p1a: Enormous PP\n|\n|upkeep\n|\n|t:|1701131482\n|switch|p1a: Chainsaw Man|Garchomp, M|53\/100\n|turn|27\n|\n|t:|1701131487\n|move|p1a: Chainsaw Man|Earthquake|p2a: Gail\n|-damage|p2a: Gail|0 fnt\n|faint|p2a: Gail\n|\n|upkeep\n|\n|t:|1701131497\n|switch|p2a: Cricket|Corsola-Galar, M|94\/100\n|turn|28\n|\n|t:|1701131504\n|move|p1a: Chainsaw Man|Earthquake|p2a: Cricket\n|-damage|p2a: Cricket|54\/100\n|move|p2a: Cricket|Night Shade|p1a: Chainsaw Man\n|-damage|p1a: Chainsaw Man|29\/100\n|\n|upkeep\n|turn|29\n|\n|t:|1701131512\n|switch|p1a: Dingleberry|Gengar, M|100\/100\n|move|p2a: Cricket|Strength Sap|p1a: Dingleberry\n|-unboost|p1a: Dingleberry|atk|1\n|-heal|p2a: Cricket|99\/100\n|\n|upkeep\n|turn|30\n|j| CountryMike\n|\n|t:|1701131527\n|move|p1a: Dingleberry|Shadow Ball|p2a: Cricket\n|-supereffective|p2a: Cricket\n|-damage|p2a: Cricket|26\/100\n|move|p2a: Cricket|Night Shade|p1a: Dingleberry\n|-damage|p1a: Dingleberry|62\/100\n|-start|p2a: Cricket|Disable|Night Shade|[from] ability: Cursed Body|[of] p1a: Dingleberry\n|\n|upkeep\n|turn|31\n|\n|t:|1701131539\n|move|p1a: Dingleberry|Shadow Ball|p2a: Cricket\n|-supereffective|p2a: Cricket\n|-damage|p2a: Cricket|0 fnt\n|-start|p1a: Dingleberry|Disable|Shadow Ball|[from] ability: Cursed Body|[of] p2a: Cricket\n|faint|p2a: Cricket\n|\n|upkeep\n|\n|t:|1701131555\n|switch|p2a: Charlie|Tapu Koko|100\/100\n|-fieldstart|move: Electric Terrain|[from] ability: Electric Surge|[of] p2a: Charlie\n|turn|32\n|\n|t:|1701131567\n|switch|p1a: Chainsaw Man|Garchomp, M|29\/100\n|move|p2a: Charlie|Volt Switch|p1a: Chainsaw Man\n|-immune|p1a: Chainsaw Man\n|\n|upkeep\n|turn|33\n|\n|t:|1701131575\n|move|p2a: Charlie|Dazzling Gleam|p1a: Chainsaw Man\n|-supereffective|p1a: Chainsaw Man\n|-damage|p1a: Chainsaw Man|0 fnt\n|faint|p1a: Chainsaw Man\n|\n|upkeep\n|\n|t:|1701131585\n|switch|p1a: Typhlosion|Typhlosion-Hisui, M|64\/100\n|turn|34\n|\n|t:|1701131594\n|move|p1a: Typhlosion|Eruption|p2a: Charlie\n|-damage|p2a: Charlie|25\/100\n|move|p2a: Charlie|Thunderbolt|p1a: Typhlosion\n|-damage|p1a: Typhlosion|0 fnt\n|faint|p1a: Typhlosion\n|\n|upkeep\n|\n|t:|1701131609\n|switch|p1a: Dingleberry|Gengar, M|100\/100\n|turn|35\n|\n|t:|1701131616\n|move|p1a: Dingleberry|Sucker Punch|p2a: Charlie\n|-resisted|p2a: Charlie\n|-damage|p2a: Charlie|3\/100\n|move|p2a: Charlie|Dazzling Gleam|p1a: Dingleberry\n|-supereffective|p1a: Dingleberry\n|-enditem|p1a: Dingleberry|Focus Sash\n|-damage|p1a: Dingleberry|1\/100\n|replace|p1a: Bing bong|Zoroark, M\n|-end|p1a: Bing bong|Illusion\n|\n|upkeep\n|turn|36\n|\n|t:|1701131628\n|move|p1a: Bing bong|Sucker Punch|p2a: Charlie\n|-resisted|p2a: Charlie\n|-damage|p2a: Charlie|0 fnt\n|faint|p2a: Charlie\n|\n|-fieldend|move: Electric Terrain\n|upkeep\n|\n|t:|1701131633\n|switch|p2a: Dennis|Charizard, F|100\/100\n|turn|37\n|\n|t:|1701131642\n|move|p2a: Dennis|Air Slash|p1a: Bing bong\n|-damage|p1a: Bing bong|0 fnt\n|faint|p1a: Bing bong\n|\n|upkeep\n|\n|t:|1701131646\n|switch|p1a: Dingleberry|Gengar, M|62\/100\n|turn|38\n|\n|t:|1701131655\n|move|p2a: Dennis|Air Slash|p1a: Dingleberry\n|-damage|p1a: Dingleberry|0 fnt\n|faint|p1a: Dingleberry\n|\n|win|illegalamigo1\n","uploadtime":1701131665,"views":19,"p1id":"sasuskebukaki","p2id":"illegalamigo1","formatid":"gen9nationaldex","rating":0,"private":0,"password":""}