{"id":"gen9nationaldex-1998794191","p1":"idwululu","p2":"jujibalaoshi001","format":"[Gen 9] National Dex","log":"|html|<div class=\"broadcast-blue\"><strong>[Gen 9] National Dex is currently suspecting Sneasler! For information on how to participate check out the <a href=\"https:\/\/www.smogon.com\/forums\/threads\/sv-national-dex-suspect-8-just-dance.3731534\/\">suspect thread<\/a>.<\/strong><\/div>\n|j|\u2606idwululu\n|j|\u2606jujibalaoshi001\n|t:|1700992280\n|gametype|singles\n|player|p1|idwululu|marshal|1433\n|player|p2|jujibalaoshi001|hexmaniac-gen6|1509\n|teamsize|p1|6\n|teamsize|p2|6\n|gen|9\n|tier|[Gen 9] National Dex\n|rated|\n|rule|HP Percentage Mod: HP is shown in percentages\n|rule|Endless Battle Clause: Forcing endless battles is banned\n|rule|OHKO Clause: OHKO moves are banned\n|rule|Evasion Clause: Evasion abilities, items, and moves are banned\n|rule|Evasion Abilities Clause: Evasion abilities are banned\n|rule|Evasion Items Clause: Evasion items are banned\n|rule|Evasion Moves Clause: Evasion moves are banned\n|rule|Species Clause: Limit one of each Pok\u00e9mon\n|rule|Sleep Clause Mod: Limit one foe put to sleep\n|clearpoke\n|poke|p1|Ninetales-Alola, F|\n|poke|p1|Celesteela|\n|poke|p1|Lycanroc-Dusk, M|\n|poke|p1|Charizard, F|\n|poke|p1|Zamazenta-*|\n|poke|p1|Urshifu-*, F|\n|poke|p2|Silvally-*|\n|poke|p2|Cloyster, F|\n|poke|p2|Landorus-Therian, M|\n|poke|p2|Celesteela|\n|poke|p2|Azelf|\n|poke|p2|Heatran, F|\n|teampreview\n|inactive|Battle timer is ON: inactive players will automatically lose when time's up. (requested by idwululu)\n|\n|t:|1700992311\n|start\n|switch|p1a: Lycanroc|Lycanroc-Dusk, M, shiny|100\/100\n|switch|p2a: Cloyster|Cloyster, F|100\/100\n|turn|1\n|\n|t:|1700992323\n|move|p1a: Lycanroc|Taunt|p2a: Cloyster\n|-start|p2a: Cloyster|move: Taunt\n|move|p2a: Cloyster|Hydro Pump|p1a: Lycanroc\n|-supereffective|p1a: Lycanroc\n|-enditem|p1a: Lycanroc|Focus Sash\n|-damage|p1a: Lycanroc|1\/100\n|\n|upkeep\n|turn|2\n|\n|t:|1700992334\n|switch|p2a: Landorus|Landorus-Therian, M|100\/100\n|-ability|p2a: Landorus|Intimidate|boost\n|-unboost|p1a: Lycanroc|atk|1\n|move|p1a: Lycanroc|Endeavor|p2a: Landorus\n|-damage|p2a: Landorus|1\/100\n|\n|upkeep\n|turn|3\n|\n|t:|1700992348\n|move|p1a: Lycanroc|Accelerock|p2a: Landorus\n|-damage|p2a: Landorus|0 fnt\n|faint|p2a: Landorus\n|\n|upkeep\n|\n|t:|1700992360\n|switch|p2a: Silvally|Silvally|100\/100\n|turn|4\n|\n|t:|1700992373\n|-terastallize|p2a: Silvally|Ghost\n|move|p1a: Lycanroc|Endeavor|p2a: Silvally\n|-immune|p2a: Silvally\n|move|p2a: Silvally|Flamethrower|p1a: Lycanroc\n|-resisted|p1a: Lycanroc\n|-damage|p1a: Lycanroc|0 fnt\n|faint|p1a: Lycanroc\n|-damage|p2a: Silvally|91\/100|[from] item: Life Orb\n|\n|upkeep\n|\n|t:|1700992387\n|switch|p1a: Urshifu|Urshifu-Rapid-Strike, F|100\/100\n|turn|5\n|\n|t:|1700992394\n|move|p1a: Urshifu|Swords Dance|p1a: Urshifu\n|-boost|p1a: Urshifu|atk|2\n|move|p2a: Silvally|Explosion|p1a: Urshifu\n|-damage|p1a: Urshifu|0 fnt\n|faint|p2a: Silvally\n|faint|p1a: Urshifu\n|\n|upkeep\n|\n|t:|1700992402\n|switch|p1a: Ninetales|Ninetales-Alola, F|100\/100\n|switch|p2a: Azelf|Azelf|100\/100\n|-weather|Snow|[from] ability: Snow Warning|[of] p1a: Ninetales\n|turn|6\n|\n|t:|1700992415\n|-terastallize|p1a: Ninetales|Steel\n|move|p2a: Azelf|Taunt|p1a: Ninetales\n|-start|p1a: Ninetales|move: Taunt\n|cant|p1a: Ninetales|move: Taunt|Aurora Veil\n|\n|-weather|Snow|[upkeep]\n|upkeep\n|turn|7\n|\n|t:|1700992422\n|switch|p1a: Celesteela|Celesteela, shiny|100\/100\n|move|p2a: Azelf|Stealth Rock|p1a: Celesteela\n|-sidestart|p1: idwululu|move: Stealth Rock\n|\n|-weather|Snow|[upkeep]\n|upkeep\n|turn|8\n|\n|t:|1700992425\n|move|p2a: Azelf|Taunt|p1a: Celesteela\n|-start|p1a: Celesteela|move: Taunt\n|move|p1a: Celesteela|Meteor Beam||[still]\n|-prepare|p1a: Celesteela|Meteor Beam\n|-boost|p1a: Celesteela|spa|1\n|-enditem|p1a: Celesteela|Power Herb\n|-anim|p1a: Celesteela|Meteor Beam|p2a: Azelf\n|-enditem|p2a: Azelf|Focus Sash\n|-damage|p2a: Azelf|1\/100\n|\n|-weather|Snow|[upkeep]\n|upkeep\n|turn|9\n|\n|t:|1700992437\n|move|p2a: Azelf|Fire Blast|p1a: Celesteela\n|-supereffective|p1a: Celesteela\n|-damage|p1a: Celesteela|43\/100\n|move|p1a: Celesteela|Air Slash|p2a: Azelf\n|-damage|p2a: Azelf|0 fnt\n|faint|p2a: Azelf\n|-ability|p1a: Celesteela|Beast Boost|boost\n|-boost|p1a: Celesteela|spa|1\n|\n|-weather|Snow|[upkeep]\n|upkeep\n|\n|t:|1700992448\n|switch|p2a: Cloyster|Cloyster, F|100\/100\n|turn|10\n|\n|t:|1700992457\n|move|p2a: Cloyster|Shell Smash|p2a: Cloyster\n|-unboost|p2a: Cloyster|def|1\n|-unboost|p2a: Cloyster|spd|1\n|-boost|p2a: Cloyster|atk|2\n|-boost|p2a: Cloyster|spa|2\n|-boost|p2a: Cloyster|spe|2\n|move|p1a: Celesteela|Flamethrower|p2a: Cloyster\n|-enditem|p2a: Cloyster|Focus Sash\n|-damage|p2a: Cloyster|1\/100\n|\n|-weather|none\n|-end|p1a: Celesteela|move: Taunt\n|upkeep\n|turn|11\n|\n|t:|1700992470\n|move|p2a: Cloyster|Icicle Spear|p1a: Celesteela\n|-damage|p1a: Celesteela|20\/100\n|-damage|p1a: Celesteela|0 fnt\n|faint|p1a: Celesteela\n|-hitcount|p1: Celesteela|2\n|\n|upkeep\n|\n|t:|1700992478\n|switch|p1a: Ninetales|Ninetales-Alola, F, tera:Steel|100\/100\n|-damage|p1a: Ninetales|94\/100|[from] Stealth Rock\n|-weather|Snow|[from] ability: Snow Warning|[of] p1a: Ninetales\n|turn|12\n|\n|t:|1700992491\n|move|p2a: Cloyster|Shell Smash|p2a: Cloyster\n|-unboost|p2a: Cloyster|def|1\n|-unboost|p2a: Cloyster|spd|1\n|-boost|p2a: Cloyster|atk|2\n|-boost|p2a: Cloyster|spa|2\n|-boost|p2a: Cloyster|spe|2\n|move|p1a: Ninetales|Freeze-Dry|p2a: Cloyster\n|-damage|p2a: Cloyster|0 fnt\n|faint|p2a: Cloyster\n|\n|-weather|Snow|[upkeep]\n|upkeep\n|\n|t:|1700992505\n|switch|p2a: Heatran|Heatran, F|100\/100\n|turn|13\n|\n|t:|1700992514\n|move|p1a: Ninetales|Aurora Veil|p1a: Ninetales\n|-sidestart|p1: idwululu|move: Aurora Veil\n|move|p2a: Heatran|Magma Storm|p1a: Ninetales\n|-supereffective|p1a: Ninetales\n|-damage|p1a: Ninetales|40\/100\n|-activate|p1a: Ninetales|move: Magma Storm|[of] p2a: Heatran\n|\n|-weather|Snow|[upkeep]\n|-damage|p1a: Ninetales|28\/100|[from] move: Magma Storm|[partiallytrapped]\n|upkeep\n|turn|14\n|\n|t:|1700992522\n|move|p1a: Ninetales|Safeguard|p1a: Ninetales\n|-sidestart|p1: idwululu|Safeguard\n|move|p2a: Heatran|Earth Power|p1a: Ninetales\n|-supereffective|p1a: Ninetales\n|-damage|p1a: Ninetales|0 fnt\n|faint|p1a: Ninetales\n|\n|-weather|Snow|[upkeep]\n|upkeep\n|\n|t:|1700992526\n|switch|p1a: Charizard|Charizard, F, shiny|100\/100\n|-damage|p1a: Charizard|51\/100|[from] Stealth Rock\n|turn|15\n|\n|t:|1700992532\n|move|p1a: Charizard|Dragon Dance|p1a: Charizard\n|-boost|p1a: Charizard|atk|1\n|-boost|p1a: Charizard|spe|1\n|move|p2a: Heatran|Power Gem|p1a: Charizard\n|-supereffective|p1a: Charizard\n|-damage|p1a: Charizard|0 fnt\n|faint|p1a: Charizard\n|\n|-weather|Snow|[upkeep]\n|upkeep\n|\n|t:|1700992536\n|switch|p1a: Zamazenta|Zamazenta|100\/100\n|-damage|p1a: Zamazenta|94\/100|[from] Stealth Rock\n|-ability|p1a: Zamazenta|Dauntless Shield|boost\n|-boost|p1a: Zamazenta|def|1\n|turn|16\n|\n|t:|1700992543\n|move|p1a: Zamazenta|Body Press|p2a: Heatran\n|-supereffective|p2a: Heatran\n|-damage|p2a: Heatran|0 fnt\n|faint|p2a: Heatran\n|\n|-weather|none\n|-heal|p1a: Zamazenta|100\/100|[from] item: Leftovers\n|upkeep\n|\n|t:|1700992549\n|switch|p2a: Celesteela|Celesteela|100\/100\n|turn|17\n|\n|t:|1700992553\n|move|p1a: Zamazenta|Substitute|p1a: Zamazenta\n|-start|p1a: Zamazenta|Substitute\n|-damage|p1a: Zamazenta|76\/100\n|move|p2a: Celesteela|Autotomize|p2a: Celesteela\n|-boost|p2a: Celesteela|spe|2\n|-start|p2a: Celesteela|Autotomize\n|\n|-heal|p1a: Zamazenta|82\/100|[from] item: Leftovers\n|upkeep\n|turn|18\n|\n|t:|1700992564\n|move|p2a: Celesteela|Fire Blast|p1a: Zamazenta\n|-crit|p1a: Zamazenta\n|-end|p1a: Zamazenta|Substitute\n|-damage|p2a: Celesteela|91\/100|[from] item: Life Orb\n|move|p1a: Zamazenta|Iron Defense|p1a: Zamazenta\n|-boost|p1a: Zamazenta|def|2\n|\n|-heal|p1a: Zamazenta|88\/100|[from] item: Leftovers\n|-sideend|p1: idwululu|Safeguard\n|upkeep\n|turn|19\n|\n|t:|1700992574\n|move|p2a: Celesteela|Fire Blast|p1a: Zamazenta\n|-crit|p1a: Zamazenta\n|-damage|p1a: Zamazenta|36\/100\n|-damage|p2a: Celesteela|81\/100|[from] item: Life Orb\n|move|p1a: Zamazenta|Iron Defense|p1a: Zamazenta\n|-boost|p1a: Zamazenta|def|2\n|\n|-heal|p1a: Zamazenta|43\/100|[from] item: Leftovers\n|upkeep\n|turn|20\n|\n|t:|1700992584\n|move|p2a: Celesteela|Fire Blast|p1a: Zamazenta\n|-damage|p1a: Zamazenta|26\/100\n|-damage|p2a: Celesteela|71\/100|[from] item: Life Orb\n|move|p1a: Zamazenta|Body Press|p2a: Celesteela\n|-damage|p2a: Celesteela|0 fnt\n|faint|p2a: Celesteela\n|\n|win|idwululu\n|raw|idwululu's rating: 1433 &rarr; <strong>1457<\/strong><br \/>(+24 for winning)\n|raw|jujibalaoshi001's rating: 1509 &rarr; <strong>1485<\/strong><br \/>(-24 for losing)\n|l|\u2606idwululu\n","uploadtime":1700992594,"views":2,"p1id":"idwululu","p2id":"jujibalaoshi001","formatid":"gen9nationaldex","rating":1457,"private":0,"password":""}