{"id":"gen9nationaldex-1996610772","p1":"TheLoyalBandito","p2":"FlyingSudowoodo","format":"[Gen 9] National Dex","log":"|html|<div class=\"broadcast-blue\"><strong>[Gen 9] National Dex is currently suspecting Sneasler! For information on how to participate check out the <a href=\"https:\/\/www.smogon.com\/forums\/threads\/sv-national-dex-suspect-8-just-dance.3731534\/\">suspect thread<\/a>.<\/strong><\/div>\n|j|\u2606TheLoyalBandito\n|j|\u2606FlyingSudowoodo\n|t:|1700700358\n|gametype|singles\n|player|p1|TheLoyalBandito|morty-gen2|1359\n|player|p2|FlyingSudowoodo|brock|1302\n|teamsize|p1|6\n|teamsize|p2|6\n|gen|9\n|tier|[Gen 9] National Dex\n|rated|\n|rule|HP Percentage Mod: HP is shown in percentages\n|rule|Endless Battle Clause: Forcing endless battles is banned\n|rule|OHKO Clause: OHKO moves are banned\n|rule|Evasion Clause: Evasion abilities, items, and moves are banned\n|rule|Evasion Abilities Clause: Evasion abilities are banned\n|rule|Evasion Items Clause: Evasion items are banned\n|rule|Evasion Moves Clause: Evasion moves are banned\n|rule|Species Clause: Limit one of each Pok\u00e9mon\n|rule|Sleep Clause Mod: Limit one foe put to sleep\n|clearpoke\n|poke|p1|Samurott-Hisui, M|\n|poke|p1|Urshifu-*, M|\n|poke|p1|Pelipper, M|\n|poke|p1|Zapdos|\n|poke|p1|Swampert, M|\n|poke|p1|Manaphy|\n|poke|p2|Medicham, M|\n|poke|p2|Alomomola, F|\n|poke|p2|Clodsire, M|\n|poke|p2|Glimmora, M|\n|poke|p2|Tapu Lele|\n|poke|p2|Hawlucha, M|\n|teampreview\n|inactive|Battle timer is ON: inactive players will automatically lose when time's up. (requested by FlyingSudowoodo)\n|\n|t:|1700700391\n|start\n|switch|p1a: Samurott|Samurott-Hisui, M|100\/100\n|switch|p2a: Glimmora|Glimmora, M|100\/100\n|-item|p2a: Glimmora|Air Balloon\n|turn|1\n|\n|t:|1700700403\n|move|p2a: Glimmora|Spiky Shield|p2a: Glimmora\n|-singleturn|p2a: Glimmora|move: Protect\n|move|p1a: Samurott|Ceaseless Edge|p2a: Glimmora\n|-activate|p2a: Glimmora|move: Protect\n|-damage|p1a: Samurott|88\/100|[from] Spiky Shield|[of] p2a: Glimmora\n|\n|upkeep\n|turn|2\n|\n|t:|1700700424\n|switch|p2a: Hawlucha|Hawlucha, M|100\/100\n|move|p1a: Samurott|Razor Shell|p2a: Hawlucha\n|-damage|p2a: Hawlucha|43\/100\n|-unboost|p2a: Hawlucha|def|1\n|\n|upkeep\n|turn|3\n|inactive|TheLoyalBandito has 120 seconds left.\n|\n|t:|1700700455\n|switch|p2a: Alomomola|Alomomola, F|100\/100\n|move|p1a: Samurott|Aqua Jet|p2a: Alomomola\n|-resisted|p2a: Alomomola\n|-damage|p2a: Alomomola|95\/100\n|\n|upkeep\n|turn|4\n|\n|t:|1700700463\n|move|p1a: Samurott|Ceaseless Edge|p2a: Alomomola\n|-damage|p2a: Alomomola|66\/100\n|-sidestart|p2: FlyingSudowoodo|Spikes\n|move|p2a: Alomomola|Flip Turn|p1a: Samurott\n|-resisted|p1a: Samurott\n|-damage|p1a: Samurott|78\/100\n|\n|t:|1700700470\n|switch|p2a: Tapu Lele|Tapu Lele|100\/100|[from] Flip Turn\n|-damage|p2a: Tapu Lele|88\/100|[from] Spikes\n|-fieldstart|move: Psychic Terrain|[from] ability: Psychic Surge|[of] p2a: Tapu Lele\n|\n|upkeep\n|turn|5\n|\n|t:|1700700480\n|move|p2a: Tapu Lele|Thunderbolt|p1a: Samurott\n|-supereffective|p1a: Samurott\n|-damage|p1a: Samurott|0 fnt\n|faint|p1a: Samurott\n|\n|upkeep\n|\n|t:|1700700491\n|switch|p1a: Pelipper|Pelipper, M|100\/100\n|-weather|RainDance|[from] ability: Drizzle|[of] p1a: Pelipper\n|turn|6\n|\n|t:|1700700498\n|switch|p2a: Glimmora|Glimmora, M|100\/100\n|-item|p2a: Glimmora|Air Balloon\n|-terastallize|p1a: Pelipper|Dragon\n|move|p1a: Pelipper|U-turn|p2a: Glimmora\n|-resisted|p2a: Glimmora\n|-damage|p2a: Glimmora|96\/100\n|-activate|p2a: Glimmora|ability: Toxic Debris\n|-sidestart|p1: TheLoyalBandito|move: Toxic Spikes\n|-enditem|p2a: Glimmora|Air Balloon\n|\n|t:|1700700505\n|switch|p1a: Swampert|Swampert, M|100\/100|[from] U-turn\n|-status|p1a: Swampert|psn\n|\n|-weather|RainDance|[upkeep]\n|-damage|p1a: Swampert|88\/100 psn|[from] psn\n|upkeep\n|turn|7\n|\n|t:|1700700518\n|detailschange|p1a: Swampert|Swampert-Mega, M\n|-mega|p1a: Swampert|Swampert|Swampertite\n|move|p2a: Glimmora|Spiky Shield|p2a: Glimmora\n|-singleturn|p2a: Glimmora|move: Protect\n|move|p1a: Swampert|High Horsepower|p2a: Glimmora\n|-activate|p2a: Glimmora|move: Protect\n|-damage|p1a: Swampert|76\/100 psn|[from] Spiky Shield|[of] p2a: Glimmora\n|\n|-weather|RainDance|[upkeep]\n|-damage|p1a: Swampert|64\/100 psn|[from] psn\n|upkeep\n|turn|8\n|\n|t:|1700700533\n|switch|p2a: Alomomola|Alomomola, F|99\/100\n|move|p1a: Swampert|Flip Turn|p2a: Alomomola\n|-resisted|p2a: Alomomola\n|-damage|p2a: Alomomola|83\/100\n|\n|t:|1700700538\n|switch|p1a: Zapdos|Zapdos|100\/100|[from] Flip Turn\n|\n|-weather|RainDance|[upkeep]\n|-fieldend|move: Psychic Terrain\n|upkeep\n|turn|9\n|\n|t:|1700700549\n|-terastallize|p2a: Alomomola|Dragon\n|move|p1a: Zapdos|Hurricane|p2a: Alomomola\n|-damage|p2a: Alomomola|40\/100\n|move|p2a: Alomomola|Toxic|p1a: Zapdos\n|-status|p1a: Zapdos|tox\n|\n|-weather|RainDance|[upkeep]\n|-damage|p1a: Zapdos|94\/100 tox|[from] psn\n|upkeep\n|turn|10\n|\n|t:|1700700559\n|switch|p2a: Clodsire|Clodsire, M|100\/100\n|-damage|p2a: Clodsire|88\/100|[from] Spikes\n|move|p1a: Zapdos|Hurricane|p2a: Clodsire\n|-damage|p2a: Clodsire|65\/100\n|\n|-weather|RainDance|[upkeep]\n|-heal|p2a: Clodsire|72\/100|[from] item: Leftovers\n|-damage|p1a: Zapdos|82\/100 tox|[from] psn\n|upkeep\n|turn|11\n|\n|t:|1700700568\n|move|p1a: Zapdos|U-turn|p2a: Clodsire\n|-resisted|p2a: Clodsire\n|-crit|p2a: Clodsire\n|-damage|p2a: Clodsire|60\/100\n|\n|t:|1700700576\n|switch|p1a: Urshifu|Urshifu-Rapid-Strike, M|100\/100|[from] U-turn\n|-status|p1a: Urshifu|psn\n|move|p2a: Clodsire|Stealth Rock|p1a: Urshifu\n|-sidestart|p1: TheLoyalBandito|move: Stealth Rock\n|\n|-weather|RainDance|[upkeep]\n|-heal|p2a: Clodsire|67\/100|[from] item: Leftovers\n|-damage|p1a: Urshifu|88\/100 psn|[from] psn\n|upkeep\n|turn|12\n|\n|t:|1700700596\n|switch|p2a: Alomomola|Alomomola, F, tera:Dragon|73\/100\n|move|p1a: Urshifu|Surging Strikes|p2a: Alomomola\n|-resisted|p2a: Alomomola\n|-crit|p2a: Alomomola\n|-damage|p2a: Alomomola|64\/100\n|-resisted|p2a: Alomomola\n|-crit|p2a: Alomomola\n|-damage|p2a: Alomomola|55\/100\n|-resisted|p2a: Alomomola\n|-crit|p2a: Alomomola\n|-damage|p2a: Alomomola|45\/100\n|-hitcount|p2a: Alomomola|3\n|\n|-weather|RainDance|[upkeep]\n|-damage|p1a: Urshifu|76\/100 psn|[from] psn\n|upkeep\n|turn|13\n|\n|t:|1700700608\n|move|p1a: Urshifu|Swords Dance|p1a: Urshifu\n|-boost|p1a: Urshifu|atk|2\n|move|p2a: Alomomola|Wish|p2a: Alomomola\n|\n|-weather|none\n|-damage|p1a: Urshifu|64\/100 psn|[from] psn\n|upkeep\n|turn|14\n|\n|t:|1700700619\n|move|p1a: Urshifu|Surging Strikes|p2a: Alomomola\n|-resisted|p2a: Alomomola\n|-crit|p2a: Alomomola\n|-damage|p2a: Alomomola|31\/100\n|-resisted|p2a: Alomomola\n|-crit|p2a: Alomomola\n|-damage|p2a: Alomomola|17\/100\n|-resisted|p2a: Alomomola\n|-crit|p2a: Alomomola\n|-damage|p2a: Alomomola|4\/100\n|-hitcount|p2a: Alomomola|3\n|move|p2a: Alomomola|Flip Turn|p1a: Urshifu\n|-resisted|p1a: Urshifu\n|-damage|p1a: Urshifu|56\/100 psn\n|\n|t:|1700700632\n|switch|p2a: Tapu Lele|Tapu Lele|88\/100|[from] Flip Turn\n|-damage|p2a: Tapu Lele|76\/100|[from] Spikes\n|-fieldstart|move: Psychic Terrain|[from] ability: Psychic Surge|[of] p2a: Tapu Lele\n|\n|-heal|p2a: Tapu Lele|100\/100|[from] move: Wish|[wisher] Alomomola\n|-damage|p1a: Urshifu|44\/100 psn|[from] psn\n|upkeep\n|turn|15\n|\n|t:|1700700645\n|move|p2a: Tapu Lele|Psychic|p1a: Urshifu\n|-supereffective|p1a: Urshifu\n|-damage|p1a: Urshifu|0 fnt\n|faint|p1a: Urshifu\n|\n|upkeep\n|\n|t:|1700700652\n|switch|p1a: Pelipper|Pelipper, M, tera:Dragon|100\/100\n|-status|p1a: Pelipper|psn\n|-damage|p1a: Pelipper|88\/100 psn|[from] Stealth Rock\n|-weather|RainDance|[from] ability: Drizzle|[of] p1a: Pelipper\n|turn|16\n|\n|t:|1700700658\n|move|p2a: Tapu Lele|Psychic|p1a: Pelipper\n|-damage|p1a: Pelipper|8\/100 psn\n|move|p1a: Pelipper|Scald|p2a: Tapu Lele\n|-damage|p2a: Tapu Lele|60\/100\n|\n|-weather|RainDance|[upkeep]\n|-damage|p1a: Pelipper|0 fnt|[from] psn\n|faint|p1a: Pelipper\n|upkeep\n|\n|t:|1700700671\n|switch|p1a: Swampert|Swampert-Mega, M|64\/100 psn\n|-damage|p1a: Swampert|57\/100 psn|[from] Stealth Rock\n|turn|17\n|\n|t:|1700700677\n|move|p1a: Swampert|High Horsepower|p2a: Tapu Lele\n|-damage|p2a: Tapu Lele|0 fnt\n|faint|p2a: Tapu Lele\n|\n|-weather|RainDance|[upkeep]\n|-damage|p1a: Swampert|45\/100 psn|[from] psn\n|upkeep\n|\n|t:|1700700685\n|switch|p2a: Hawlucha|Hawlucha, M|43\/100\n|-enditem|p2a: Hawlucha|Psychic Seed\n|-boost|p2a: Hawlucha|spd|1|[from] item: Psychic Seed\n|turn|18\n|\n|t:|1700700691\n|move|p2a: Hawlucha|Close Combat|p1a: Swampert\n|-damage|p1a: Swampert|0 fnt\n|-unboost|p2a: Hawlucha|def|1\n|-unboost|p2a: Hawlucha|spd|1\n|faint|p1a: Swampert\n|\n|-weather|RainDance|[upkeep]\n|-fieldend|move: Psychic Terrain\n|upkeep\n|\n|t:|1700700695\n|switch|p1a: Zapdos|Zapdos|82\/100 tox\n|turn|19\n|\n|t:|1700700700\n|move|p2a: Hawlucha|Acrobatics|p1a: Zapdos\n|-resisted|p1a: Zapdos\n|-damage|p1a: Zapdos|58\/100 tox\n|move|p1a: Zapdos|Hurricane|p2a: Hawlucha\n|-supereffective|p2a: Hawlucha\n|-damage|p2a: Hawlucha|0 fnt\n|faint|p2a: Hawlucha\n|\n|-weather|RainDance|[upkeep]\n|-damage|p1a: Zapdos|52\/100 tox|[from] psn\n|upkeep\n|\n|t:|1700700710\n|switch|p2a: Glimmora|Glimmora, M|96\/100\n|-damage|p2a: Glimmora|83\/100|[from] Spikes\n|turn|20\n|\n|t:|1700700716\n|move|p2a: Glimmora|Power Gem|p1a: Zapdos\n|-supereffective|p1a: Zapdos\n|-damage|p1a: Zapdos|0 fnt\n|faint|p1a: Zapdos\n|\n|-weather|RainDance|[upkeep]\n|upkeep\n|\n|t:|1700700719\n|switch|p1a: Manaphy|Manaphy|100\/100\n|-status|p1a: Manaphy|psn\n|-damage|p1a: Manaphy|88\/100 psn|[from] Stealth Rock\n|turn|21\n|\n|t:|1700700726\n|move|p1a: Manaphy|Tail Glow|p1a: Manaphy\n|-boost|p1a: Manaphy|spa|3\n|move|p2a: Glimmora|Power Gem|p1a: Manaphy\n|-damage|p1a: Manaphy|49\/100 psn\n|\n|-weather|RainDance|[upkeep]\n|-activate|p1a: Manaphy|ability: Hydration\n|-curestatus|p1a: Manaphy|psn|[msg]\n|upkeep\n|turn|22\n|\n|t:|1700700735\n|move|p1a: Manaphy|Surf|p2a: Glimmora\n|-supereffective|p2a: Glimmora\n|-crit|p2a: Glimmora\n|-damage|p2a: Glimmora|0 fnt\n|faint|p2a: Glimmora\n|\n|-weather|RainDance|[upkeep]\n|upkeep\n|\n|t:|1700700740\n|switch|p2a: Medicham|Medicham, M|100\/100\n|-damage|p2a: Medicham|88\/100|[from] Spikes\n|turn|23\n|\n|t:|1700700745\n|detailschange|p2a: Medicham|Medicham-Mega, M\n|-mega|p2a: Medicham|Medicham|Medichamite\n|move|p2a: Medicham|Fake Out|p1a: Manaphy\n|-damage|p1a: Manaphy|26\/100\n|cant|p1a: Manaphy|flinch\n|\n|-weather|none\n|upkeep\n|turn|24\n|\n|t:|1700700757\n|switch|p2a: Clodsire|Clodsire, M|67\/100\n|-damage|p2a: Clodsire|54\/100|[from] Spikes\n|move|p1a: Manaphy|Surf|p2a: Clodsire\n|-supereffective|p2a: Clodsire\n|-damage|p2a: Clodsire|12\/100\n|\n|-heal|p2a: Clodsire|19\/100|[from] item: Leftovers\n|upkeep\n|turn|25\n|\n|t:|1700700765\n|move|p1a: Manaphy|Surf|p2a: Clodsire\n|-supereffective|p2a: Clodsire\n|-damage|p2a: Clodsire|0 fnt\n|faint|p2a: Clodsire\n|\n|upkeep\n|\n|t:|1700700769\n|switch|p2a: Medicham|Medicham-Mega, M|88\/100\n|-damage|p2a: Medicham|76\/100|[from] Spikes\n|turn|26\n|\n|t:|1700700773\n|move|p2a: Medicham|Fake Out|p1a: Manaphy\n|-damage|p1a: Manaphy|4\/100\n|cant|p1a: Manaphy|flinch\n|\n|upkeep\n|turn|27\n|\n|t:|1700700778\n|move|p2a: Medicham|Bullet Punch|p1a: Manaphy\n|-resisted|p1a: Manaphy\n|-damage|p1a: Manaphy|0 fnt\n|faint|p1a: Manaphy\n|\n|win|FlyingSudowoodo\n|raw|TheLoyalBandito's rating: 1359 &rarr; <strong>1336<\/strong><br \/>(-23 for losing)\n|raw|FlyingSudowoodo's rating: 1302 &rarr; <strong>1325<\/strong><br \/>(+23 for winning)\n|c|\u2606TheLoyalBandito|ggs\n","uploadtime":1700700784,"views":1,"p1id":"theloyalbandito","p2id":"flyingsudowoodo","formatid":"gen9nationaldex","rating":1325,"private":0,"password":""}