{"id":"gen9nationaldex-1999830318","p1":"ordja","p2":"PWA Wright","format":"[Gen 9] National Dex","log":"|html|<div class=\"broadcast-blue\"><strong>[Gen 9] National Dex is currently suspecting Sneasler! For information on how to participate check out the <a href=\"https:\/\/www.smogon.com\/forums\/threads\/sv-national-dex-suspect-8-just-dance.3731534\/\">suspect thread<\/a>.<\/strong><\/div>\n|j|\u2606ordja\n|j|\u2606PWA Wright\n|t:|1701120704\n|gametype|singles\n|player|p1|ordja|101|1773\n|player|p2|PWA Wright|cynthia|1766\n|teamsize|p1|6\n|teamsize|p2|6\n|gen|9\n|tier|[Gen 9] National Dex\n|rated|\n|rule|HP Percentage Mod: HP is shown in percentages\n|rule|Endless Battle Clause: Forcing endless battles is banned\n|rule|OHKO Clause: OHKO moves are banned\n|rule|Evasion Clause: Evasion abilities, items, and moves are banned\n|rule|Evasion Abilities Clause: Evasion abilities are banned\n|rule|Evasion Items Clause: Evasion items are banned\n|rule|Evasion Moves Clause: Evasion moves are banned\n|rule|Species Clause: Limit one of each Pok\u00e9mon\n|rule|Sleep Clause Mod: Limit one foe put to sleep\n|clearpoke\n|poke|p1|Garchomp, M|\n|poke|p1|Ogerpon-Wellspring, F|\n|poke|p1|Dondozo, M|\n|poke|p1|Charizard, F|\n|poke|p1|Zapdos|\n|poke|p1|Chansey, F|\n|poke|p2|Garchomp, M|\n|poke|p2|Dondozo, M|\n|poke|p2|Tyranitar, F|\n|poke|p2|Charizard, F|\n|poke|p2|Clodsire, F|\n|poke|p2|Corviknight, M|\n|teampreview\n|j| Zachary Zorua 7\n|\n|t:|1701120717\n|start\n|switch|p1a: Ogerpon|Ogerpon-Wellspring, F|100\/100\n|switch|p2a: Garchomp|Garchomp, M|100\/100\n|turn|1\n|\n|t:|1701120734\n|move|p1a: Ogerpon|Ivy Cudgel|p2a: Garchomp|[anim] Ivy Cudgel Water\n|-damage|p2a: Garchomp|37\/100\n|move|p2a: Garchomp|Scale Shot|p1a: Ogerpon\n|-damage|p1a: Ogerpon|84\/100\n|-damage|p1a: Ogerpon|67\/100\n|-damage|p1a: Ogerpon|49\/100\n|-damage|p1a: Ogerpon|32\/100\n|-hitcount|p1a: Ogerpon|4\n|-unboost|p2a: Garchomp|def|1\n|-boost|p2a: Garchomp|spe|1\n|\n|upkeep\n|turn|2\n|\n|t:|1701120745\n|switch|p1a: Dondozo|Dondozo, M|100\/100\n|move|p2a: Garchomp|Scale Shot|p1a: Dondozo\n|-damage|p1a: Dondozo|94\/100\n|-damage|p1a: Dondozo|89\/100\n|-damage|p1a: Dondozo|84\/100\n|-damage|p1a: Dondozo|77\/100\n|-damage|p1a: Dondozo|72\/100\n|-hitcount|p1a: Dondozo|5\n|-unboost|p2a: Garchomp|def|1\n|-boost|p2a: Garchomp|spe|1\n|\n|-heal|p1a: Dondozo|78\/100|[from] item: Leftovers\n|upkeep\n|turn|3\n|\n|t:|1701120758\n|switch|p2a: Clodsire|Clodsire, F|100\/100\n|move|p1a: Dondozo|Body Press|p2a: Clodsire\n|-resisted|p2a: Clodsire\n|-damage|p2a: Clodsire|85\/100\n|\n|-heal|p1a: Dondozo|84\/100|[from] item: Leftovers\n|-heal|p2a: Clodsire|91\/100|[from] item: Leftovers\n|upkeep\n|turn|4\n|\n|t:|1701120767\n|switch|p1a: Chansey|Chansey, F|100\/100\n|move|p2a: Clodsire|Toxic|p1a: Chansey\n|-status|p1a: Chansey|tox\n|\n|-heal|p2a: Clodsire|97\/100|[from] item: Leftovers\n|-damage|p1a: Chansey|94\/100 tox|[from] psn\n|upkeep\n|turn|5\n|\n|t:|1701120775\n|move|p1a: Chansey|Wish|p1a: Chansey\n|move|p2a: Clodsire|Stealth Rock|p1a: Chansey\n|-sidestart|p1: ordja|move: Stealth Rock\n|\n|-heal|p2a: Clodsire|100\/100|[from] item: Leftovers\n|-damage|p1a: Chansey|82\/100 tox|[from] psn\n|upkeep\n|turn|6\n|\n|t:|1701120784\n|-curestatus|p1a: Chansey|tox|[from] ability: Natural Cure\n|switch|p1a: Garchomp|Garchomp, M|100\/100\n|-damage|p1a: Garchomp|94\/100|[from] Stealth Rock\n|move|p2a: Clodsire|Toxic|p1a: Garchomp\n|-status|p1a: Garchomp|tox\n|\n|-heal|p1a: Garchomp|100\/100 tox|[from] move: Wish|[wisher] Chansey\n|-damage|p1a: Garchomp|94\/100 tox|[from] psn\n|upkeep\n|turn|7\n|\n|t:|1701120794\n|switch|p2a: Corviknight|Corviknight, M|100\/100\n|-ability|p2a: Corviknight|Pressure\n|move|p1a: Garchomp|Stealth Rock|p2a: Corviknight\n|-sidestart|p2: PWA Wright|move: Stealth Rock\n|\n|-damage|p1a: Garchomp|82\/100 tox|[from] psn\n|upkeep\n|turn|8\n|\n|t:|1701120805\n|switch|p1a: Zapdos|Zapdos|100\/100\n|move|p2a: Corviknight|Defog|p1a: Zapdos\n|-unboost|p1a: Zapdos|evasion|1\n|-sideend|p1: ordja|Stealth Rock|[from] move: Defog|[of] p2a: Corviknight\n|-sideend|p2: PWA Wright|Stealth Rock|[from] move: Defog|[of] p2a: Corviknight\n|\n|upkeep\n|turn|9\n|\n|t:|1701120814\n|switch|p1a: Charizard|Charizard, F|100\/100\n|switch|p2a: Clodsire|Clodsire, F|100\/100\n|\n|upkeep\n|turn|10\n|\n|t:|1701120829\n|move|p1a: Charizard|Dragon Dance|p1a: Charizard\n|-boost|p1a: Charizard|atk|1\n|-boost|p1a: Charizard|spe|1\n|move|p2a: Clodsire|Toxic|p1a: Charizard\n|-status|p1a: Charizard|tox\n|\n|-damage|p1a: Charizard|94\/100 tox|[from] psn\n|upkeep\n|turn|11\n|\n|t:|1701120836\n|switch|p2a: Dondozo|Dondozo, M|100\/100\n|detailschange|p1a: Charizard|Charizard-Mega-X, F\n|-mega|p1a: Charizard|Charizard|Charizardite X\n|move|p1a: Charizard|Earthquake|p2a: Dondozo\n|-damage|p2a: Dondozo|83\/100\n|\n|-damage|p1a: Charizard|82\/100 tox|[from] psn\n|upkeep\n|turn|12\n|\n|t:|1701120845\n|move|p1a: Charizard|Dragon Claw|p2a: Dondozo\n|-damage|p2a: Dondozo|54\/100\n|-damage|p1a: Charizard|66\/100 tox|[from] item: Rocky Helmet|[of] p2a: Dondozo\n|move|p2a: Dondozo|Curse|p2a: Dondozo\n|-unboost|p2a: Dondozo|spe|1\n|-boost|p2a: Dondozo|atk|1\n|-boost|p2a: Dondozo|def|1\n|\n|-damage|p1a: Charizard|48\/100 tox|[from] psn\n|upkeep\n|turn|13\n|\n|t:|1701120855\n|switch|p1a: Zapdos|Zapdos|100\/100\n|move|p2a: Dondozo|Rest|p2a: Dondozo\n|-status|p2a: Dondozo|slp|[from] move: Rest\n|-heal|p2a: Dondozo|100\/100 slp|[silent]\n|\n|upkeep\n|turn|14\n|\n|t:|1701120864\n|switch|p1a: Charizard|Charizard-Mega-X, F|48\/100 tox\n|switch|p2a: Clodsire|Clodsire, F|100\/100\n|\n|-damage|p1a: Charizard|42\/100 tox|[from] psn\n|upkeep\n|turn|15\n|\n|t:|1701120872\n|switch|p2a: Corviknight|Corviknight, M|100\/100\n|-ability|p2a: Corviknight|Pressure\n|move|p1a: Charizard|Dragon Claw|p2a: Corviknight\n|-resisted|p2a: Corviknight\n|-damage|p2a: Corviknight|84\/100\n|-damage|p1a: Charizard|25\/100 tox|[from] item: Rocky Helmet|[of] p2a: Corviknight\n|\n|-damage|p1a: Charizard|13\/100 tox|[from] psn\n|upkeep\n|turn|16\n|\n|t:|1701120882\n|switch|p2a: Dondozo|Dondozo, M|100\/100 slp\n|move|p1a: Charizard|Flare Blitz|p2a: Dondozo\n|-resisted|p2a: Dondozo\n|-damage|p2a: Dondozo|81\/100 slp\n|-damage|p1a: Charizard|0 fnt|[from] item: Rocky Helmet|[of] p2a: Dondozo\n|faint|p1a: Charizard\n|\n|upkeep\n|\n|t:|1701120889\n|switch|p1a: Ogerpon|Ogerpon-Wellspring, F|32\/100\n|turn|17\n|\n|t:|1701120895\n|switch|p2a: Clodsire|Clodsire, F|100\/100\n|-terastallize|p1a: Ogerpon|Water\n|detailschange|p1a: Ogerpon|Ogerpon-Wellspring-Tera, F, tera:Water\n|-ability|p1a: Ogerpon|Embody Aspect (Wellspring)|boost\n|-boost|p1a: Ogerpon|spd|1\n|move|p1a: Ogerpon|Ivy Cudgel|p2a: Clodsire|[anim] Ivy Cudgel Water\n|-immune|p2a: Clodsire|[from] ability: Water Absorb\n|\n|upkeep\n|turn|18\n|\n|t:|1701120904\n|move|p1a: Ogerpon|Substitute|p1a: Ogerpon\n|-start|p1a: Ogerpon|Substitute\n|-damage|p1a: Ogerpon|7\/100\n|move|p2a: Clodsire|Toxic||[still]\n|-fail|p2a: Clodsire\n|\n|upkeep\n|turn|19\n|\n|t:|1701120913\n|switch|p2a: Tyranitar|Tyranitar, F|100\/100\n|-weather|Sandstorm|[from] ability: Sand Stream|[of] p2a: Tyranitar\n|move|p1a: Ogerpon|Horn Leech|p2a: Tyranitar\n|-supereffective|p2a: Tyranitar\n|-damage|p2a: Tyranitar|29\/100\n|-heal|p1a: Ogerpon|55\/100|[from] drain|[of] p2a: Tyranitar\n|\n|-weather|Sandstorm|[upkeep]\n|-damage|p1a: Ogerpon|49\/100|[from] Sandstorm\n|upkeep\n|turn|20\n|\n|t:|1701120926\n|move|p1a: Ogerpon|Ivy Cudgel|p2a: Tyranitar|[anim] Ivy Cudgel Water\n|-supereffective|p2a: Tyranitar\n|-damage|p2a: Tyranitar|0 fnt\n|faint|p2a: Tyranitar\n|\n|-weather|Sandstorm|[upkeep]\n|-damage|p1a: Ogerpon|43\/100|[from] Sandstorm\n|upkeep\n|\n|t:|1701120932\n|switch|p2a: Corviknight|Corviknight, M|84\/100\n|-ability|p2a: Corviknight|Pressure\n|turn|21\n|j| hainiumm\n|l| hainiumm\n|\n|t:|1701120944\n|-terastallize|p2a: Corviknight|Dragon\n|move|p1a: Ogerpon|Swords Dance|p1a: Ogerpon\n|-boost|p1a: Ogerpon|atk|2\n|move|p2a: Corviknight|Body Press|p1a: Ogerpon\n|-end|p1a: Ogerpon|Substitute\n|\n|-weather|Sandstorm|[upkeep]\n|-damage|p1a: Ogerpon|37\/100|[from] Sandstorm\n|-damage|p2a: Corviknight|78\/100|[from] Sandstorm\n|upkeep\n|turn|22\n|\n|t:|1701120953\n|move|p1a: Ogerpon|Horn Leech|p2a: Corviknight\n|-resisted|p2a: Corviknight\n|-damage|p2a: Corviknight|54\/100\n|-heal|p1a: Ogerpon|54\/100|[from] drain|[of] p2a: Corviknight\n|-damage|p1a: Ogerpon|37\/100|[from] item: Rocky Helmet|[of] p2a: Corviknight\n|move|p2a: Corviknight|Body Press|p1a: Ogerpon\n|-damage|p1a: Ogerpon|5\/100\n|\n|-weather|Sandstorm|[upkeep]\n|-damage|p1a: Ogerpon|0 fnt|[from] Sandstorm\n|-damage|p2a: Corviknight|48\/100|[from] Sandstorm\n|faint|p1a: Ogerpon\n|upkeep\n|\n|t:|1701120966\n|switch|p1a: Garchomp|Garchomp, M|82\/100 tox\n|turn|23\n|\n|t:|1701120974\n|move|p1a: Garchomp|Outrage|p2a: Corviknight\n|-supereffective|p2a: Corviknight\n|-damage|p2a: Corviknight|0 fnt\n|-damage|p1a: Garchomp|65\/100 tox|[from] item: Rocky Helmet|[of] p2a: Corviknight\n|faint|p2a: Corviknight\n|\n|-weather|none\n|-damage|p1a: Garchomp|59\/100 tox|[from] psn\n|upkeep\n|\n|t:|1701120978\n|switch|p2a: Dondozo|Dondozo, M|81\/100 slp\n|turn|24\n|\n|t:|1701120983\n|move|p1a: Garchomp|Outrage|p2a: Dondozo|[from]lockedmove\n|-damage|p2a: Dondozo|50\/100 slp\n|-damage|p1a: Garchomp|43\/100 tox|[from] item: Rocky Helmet|[of] p2a: Dondozo\n|cant|p2a: Dondozo|slp\n|\n|-damage|p1a: Garchomp|30\/100 tox|[from] psn\n|upkeep\n|turn|25\n|\n|t:|1701120990\n|move|p1a: Garchomp|Outrage|p2a: Dondozo|[from]lockedmove\n|-damage|p2a: Dondozo|19\/100 slp\n|-damage|p1a: Garchomp|14\/100 tox|[from] item: Rocky Helmet|[of] p2a: Dondozo\n|-start|p1a: Garchomp|confusion|[fatigue]\n|cant|p2a: Dondozo|slp\n|\n|-damage|p1a: Garchomp|0 fnt|[from] psn\n|faint|p1a: Garchomp\n|upkeep\n|l| Zachary Zorua 7\n|c|\u2606PWA Wright|gg\n|\n|t:|1701121006\n|switch|p1a: Zapdos|Zapdos|100\/100\n|turn|26\n|\n|t:|1701121016\n|switch|p2a: Clodsire|Clodsire, F|100\/100\n|move|p1a: Zapdos|Hurricane|p2a: Clodsire\n|-damage|p2a: Clodsire|72\/100\n|\n|-heal|p2a: Clodsire|78\/100|[from] item: Leftovers\n|upkeep\n|turn|27\n|\n|t:|1701121028\n|move|p1a: Zapdos|Hurricane|p2a: Clodsire\n|-damage|p2a: Clodsire|47\/100\n|move|p2a: Clodsire|Stealth Rock|p1a: Zapdos\n|-sidestart|p1: ordja|move: Stealth Rock\n|\n|-heal|p2a: Clodsire|53\/100|[from] item: Leftovers\n|upkeep\n|turn|28\n|\n|t:|1701121034\n|move|p1a: Zapdos|Hurricane|p2a: Clodsire\n|-damage|p2a: Clodsire|23\/100\n|move|p2a: Clodsire|Recover|p2a: Clodsire\n|-heal|p2a: Clodsire|73\/100\n|\n|-heal|p2a: Clodsire|79\/100|[from] item: Leftovers\n|upkeep\n|turn|29\n|\n|t:|1701121041\n|move|p1a: Zapdos|Hurricane|p2a: Clodsire|[miss]\n|-miss|p1a: Zapdos|p2a: Clodsire\n|move|p2a: Clodsire|Toxic|p1a: Zapdos\n|-status|p1a: Zapdos|tox\n|\n|-heal|p2a: Clodsire|85\/100|[from] item: Leftovers\n|-damage|p1a: Zapdos|94\/100 tox|[from] psn\n|upkeep\n|turn|30\n|\n|t:|1701121051\n|move|p1a: Zapdos|Hurricane|p2a: Clodsire\n|-damage|p2a: Clodsire|55\/100\n|-start|p2a: Clodsire|confusion\n|-activate|p2a: Clodsire|confusion\n|move|p2a: Clodsire|Recover|p2a: Clodsire\n|-heal|p2a: Clodsire|100\/100\n|\n|-damage|p1a: Zapdos|82\/100 tox|[from] psn\n|upkeep\n|turn|31\n|\n|t:|1701121060\n|switch|p2a: Charizard|Charizard, F|100\/100\n|move|p1a: Zapdos|Hurricane|p2a: Charizard\n|-damage|p2a: Charizard|30\/100\n|\n|-damage|p1a: Zapdos|63\/100 tox|[from] psn\n|upkeep\n|turn|32\n|\n|t:|1701121067\n|detailschange|p2a: Charizard|Charizard-Mega-Y, F\n|-mega|p2a: Charizard|Charizard|Charizardite Y\n|-weather|SunnyDay|[from] ability: Drought|[of] p2a: Charizard\n|move|p2a: Charizard|Weather Ball|p1a: Zapdos\n|-crit|p1a: Zapdos\n|-damage|p1a: Zapdos|0 fnt\n|faint|p1a: Zapdos\n|\n|-weather|SunnyDay|[upkeep]\n|upkeep\n|\n|t:|1701121075\n|switch|p1a: Chansey|Chansey, F|82\/100\n|-damage|p1a: Chansey|70\/100|[from] Stealth Rock\n|turn|33\n|\n|t:|1701121085\n|move|p2a: Charizard|Air Slash|p1a: Chansey\n|-damage|p1a: Chansey|55\/100\n|cant|p1a: Chansey|flinch\n|\n|-weather|SunnyDay|[upkeep]\n|upkeep\n|turn|34\n|\n|t:|1701121091\n|move|p2a: Charizard|Air Slash|p1a: Chansey\n|-damage|p1a: Chansey|40\/100\n|cant|p1a: Chansey|flinch\n|\n|-weather|SunnyDay|[upkeep]\n|upkeep\n|turn|35\n|\n|t:|1701121097\n|move|p2a: Charizard|Air Slash|p1a: Chansey\n|-damage|p1a: Chansey|26\/100\n|move|p1a: Chansey|Seismic Toss|p2a: Charizard\n|-damage|p2a: Charizard|0 fnt\n|faint|p2a: Charizard\n|\n|-weather|SunnyDay|[upkeep]\n|upkeep\n|\n|t:|1701121100\n|switch|p2a: Garchomp|Garchomp, M|37\/100\n|turn|36\n|\n|t:|1701121111\n|move|p2a: Garchomp|Earthquake|p1a: Chansey\n|-damage|p1a: Chansey|0 fnt\n|faint|p1a: Chansey\n|\n|-weather|none\n|upkeep\n|\n|t:|1701121115\n|switch|p1a: Dondozo|Dondozo, M|84\/100\n|-damage|p1a: Dondozo|71\/100|[from] Stealth Rock\n|turn|37\n|\n|t:|1701121120\n|switch|p2a: Clodsire|Clodsire, F|100\/100\n|move|p1a: Dondozo|Curse|p1a: Dondozo\n|-unboost|p1a: Dondozo|spe|1\n|-boost|p1a: Dondozo|atk|1\n|-boost|p1a: Dondozo|def|1\n|\n|-heal|p1a: Dondozo|77\/100|[from] item: Leftovers\n|upkeep\n|turn|38\n|\n|t:|1701121128\n|move|p2a: Clodsire|Toxic|p1a: Dondozo\n|-status|p1a: Dondozo|tox\n|move|p1a: Dondozo|Curse|p1a: Dondozo\n|-unboost|p1a: Dondozo|spe|1\n|-boost|p1a: Dondozo|atk|1\n|-boost|p1a: Dondozo|def|1\n|\n|-heal|p1a: Dondozo|84\/100 tox|[from] item: Leftovers\n|-damage|p1a: Dondozo|77\/100 tox|[from] psn\n|upkeep\n|turn|39\n|\n|t:|1701121137\n|move|p2a: Clodsire|Earthquake|p1a: Dondozo\n|-damage|p1a: Dondozo|72\/100 tox\n|move|p1a: Dondozo|Curse|p1a: Dondozo\n|-unboost|p1a: Dondozo|spe|1\n|-boost|p1a: Dondozo|atk|1\n|-boost|p1a: Dondozo|def|1\n|\n|-heal|p1a: Dondozo|78\/100 tox|[from] item: Leftovers\n|-damage|p1a: Dondozo|65\/100 tox|[from] psn\n|upkeep\n|turn|40\n|\n|t:|1701121146\n|move|p2a: Clodsire|Earthquake|p1a: Dondozo\n|-damage|p1a: Dondozo|60\/100 tox\n|move|p1a: Dondozo|Body Press|p2a: Clodsire\n|-resisted|p2a: Clodsire\n|-crit|p2a: Clodsire\n|-damage|p2a: Clodsire|37\/100\n|\n|-heal|p2a: Clodsire|43\/100|[from] item: Leftovers\n|-heal|p1a: Dondozo|67\/100 tox|[from] item: Leftovers\n|-damage|p1a: Dondozo|48\/100 tox|[from] psn\n|upkeep\n|turn|41\n|j| yuzhibo\n|\n|t:|1701121158\n|move|p2a: Clodsire|Recover|p2a: Clodsire\n|-heal|p2a: Clodsire|94\/100\n|move|p1a: Dondozo|Rest|p1a: Dondozo\n|-status|p1a: Dondozo|slp|[from] move: Rest\n|-heal|p1a: Dondozo|100\/100 slp|[silent]\n|\n|-heal|p2a: Clodsire|99\/100|[from] item: Leftovers\n|upkeep\n|turn|42\n|j| NicksRokaya\n|\n|t:|1701121174\n|switch|p2a: Dondozo|Dondozo, M|19\/100 slp\n|cant|p1a: Dondozo|slp\n|\n|upkeep\n|turn|43\n|\n|t:|1701121179\n|-curestatus|p2a: Dondozo|slp|[msg]\n|move|p2a: Dondozo|Rest|p2a: Dondozo\n|-status|p2a: Dondozo|slp|[from] move: Rest\n|-heal|p2a: Dondozo|100\/100 slp|[silent]\n|cant|p1a: Dondozo|slp\n|\n|upkeep\n|turn|44\n|-message|ordja forfeited.\n|\n|win|PWA Wright\n|raw|ordja's rating: 1773 &rarr; <strong>1753<\/strong><br \/>(-20 for losing)\n|raw|PWA Wright's rating: 1766 &rarr; <strong>1786<\/strong><br \/>(+20 for winning)\n|l|\u2606ordja\n","uploadtime":1701121190,"views":2,"p1id":"ordja","p2id":"pwawright","formatid":"gen9nationaldex","rating":1753,"private":0,"password":""}