{"id":"gen9nationaldex-1992276895","p1":"EvanaToughkids","p2":"espino15234125","format":"[Gen 9] National Dex","log":"|j|\u2606EvanaToughkids\n|j|\u2606espino15234125\n|t:|1700170129\n|gametype|singles\n|player|p1|EvanaToughkids|brock|1210\n|player|p2|espino15234125|265|1224\n|teamsize|p1|6\n|teamsize|p2|6\n|gen|9\n|tier|[Gen 9] National Dex\n|rated|\n|rule|HP Percentage Mod: HP is shown in percentages\n|rule|Endless Battle Clause: Forcing endless battles is banned\n|rule|OHKO Clause: OHKO moves are banned\n|rule|Evasion Clause: Evasion abilities, items, and moves are banned\n|rule|Evasion Abilities Clause: Evasion abilities are banned\n|rule|Evasion Items Clause: Evasion items are banned\n|rule|Evasion Moves Clause: Evasion moves are banned\n|rule|Species Clause: Limit one of each Pok\u00e9mon\n|rule|Sleep Clause Mod: Limit one foe put to sleep\n|clearpoke\n|poke|p1|Charizard, F|\n|poke|p1|Pikachu, F|\n|poke|p1|Squirtle, M|\n|poke|p1|Bulbasaur, F|\n|poke|p1|Pidgeot, F|\n|poke|p1|Kingler, F|\n|poke|p2|Slowking-Galar, F|\n|poke|p2|Sandslash-Alola, F|\n|poke|p2|Ninetales-Alola, M|\n|poke|p2|Mew|\n|poke|p2|Volcarona, M|\n|poke|p2|Excadrill, F|\n|teampreview\n|inactive|Battle timer is ON: inactive players will automatically lose when time's up. (requested by EvanaToughkids)\n|\n|t:|1700170140\n|start\n|switch|p1a: Squirtle|Squirtle, M|100\/100\n|switch|p2a: Ninetales|Ninetales-Alola, M|100\/100\n|-weather|Snow|[from] ability: Snow Warning|[of] p2a: Ninetales\n|turn|1\n|\n|t:|1700170144\n|move|p2a: Ninetales|Freeze-Dry|p1a: Squirtle\n|-supereffective|p1a: Squirtle\n|-damage|p1a: Squirtle|57\/100\n|move|p1a: Squirtle|Toxic|p2a: Ninetales\n|-status|p2a: Ninetales|tox\n|\n|-weather|Snow|[upkeep]\n|-damage|p2a: Ninetales|94\/100 tox|[from] psn\n|upkeep\n|turn|2\n|\n|t:|1700170153\n|move|p2a: Ninetales|Aurora Veil|p2a: Ninetales\n|-sidestart|p2: espino15234125|move: Aurora Veil\n|move|p1a: Squirtle|Flip Turn|p2a: Ninetales\n|-damage|p2a: Ninetales|89\/100 tox\n|\n|t:|1700170161\n|switch|p1a: Charizard|Charizard, F|100\/100|[from] Flip Turn\n|\n|-weather|Snow|[upkeep]\n|-damage|p2a: Ninetales|77\/100 tox|[from] psn\n|upkeep\n|turn|3\n|\n|t:|1700170174\n|switch|p2a: Mew|Mew|100\/100\n|detailschange|p1a: Charizard|Charizard-Mega-Y, F\n|-mega|p1a: Charizard|Charizard|Charizardite Y\n|-weather|SunnyDay|[from] ability: Drought|[of] p1a: Charizard\n|move|p1a: Charizard|Flamethrower|p2a: Mew\n|-damage|p2a: Mew|63\/100\n|\n|-weather|SunnyDay|[upkeep]\n|upkeep\n|turn|4\n|\n|t:|1700170186\n|switch|p1a: Squirtle|Squirtle, M|57\/100\n|switch|p2a: Ninetales|Ninetales-Alola, M|77\/100 tox\n|-weather|Snow|[from] ability: Snow Warning|[of] p2a: Ninetales\n|\n|-weather|Snow|[upkeep]\n|-damage|p2a: Ninetales|71\/100 tox|[from] psn\n|upkeep\n|turn|5\n|\n|t:|1700170196\n|switch|p2a: Slowking|Slowking-Galar, F|100\/100\n|move|p1a: Squirtle|Flip Turn|p2a: Slowking\n|-damage|p2a: Slowking|95\/100\n|\n|t:|1700170204\n|switch|p1a: Bulbasaur|Bulbasaur, F|100\/100|[from] Flip Turn\n|\n|-weather|Snow|[upkeep]\n|upkeep\n|turn|6\n|\n|t:|1700170209\n|move|p1a: Bulbasaur|Sleep Powder|p2a: Slowking\n|-status|p2a: Slowking|slp|[from] move: Sleep Powder\n|cant|p2a: Slowking|slp\n|\n|-weather|Snow|[upkeep]\n|upkeep\n|turn|7\n|\n|t:|1700170223\n|switch|p1a: Pidgeot|Pidgeot, F|100\/100\n|switch|p2a: Mew|Mew|63\/100\n|\n|-weather|Snow|[upkeep]\n|-status|p1a: Pidgeot|tox|[from] item: Toxic Orb\n|upkeep\n|turn|8\n|\n|t:|1700170234\n|-terastallize|p2a: Mew|Poison\n|move|p1a: Pidgeot|Facade|p2a: Mew\n|-damage|p2a: Mew|43\/100\n|move|p2a: Mew|Roost|p2a: Mew\n|-heal|p2a: Mew|93\/100\n|\n|-weather|none\n|-damage|p1a: Pidgeot|94\/100 tox|[from] psn\n|upkeep\n|turn|9\n|\n|t:|1700170243\n|move|p1a: Pidgeot|Facade|p2a: Mew\n|-damage|p2a: Mew|73\/100\n|move|p2a: Mew|Cosmic Power|p2a: Mew\n|-boost|p2a: Mew|def|1\n|-boost|p2a: Mew|spd|1\n|\n|-damage|p1a: Pidgeot|82\/100 tox|[from] psn\n|-sideend|p2: espino15234125|move: Aurora Veil\n|upkeep\n|turn|10\n|\n|t:|1700170255\n|move|p1a: Pidgeot|Facade|p2a: Mew\n|-crit|p2a: Mew\n|-damage|p2a: Mew|13\/100\n|move|p2a: Mew|Cosmic Power|p2a: Mew\n|-boost|p2a: Mew|def|1\n|-boost|p2a: Mew|spd|1\n|\n|-damage|p1a: Pidgeot|63\/100 tox|[from] psn\n|upkeep\n|turn|11\n|\n|t:|1700170261\n|move|p1a: Pidgeot|Facade|p2a: Mew\n|-damage|p2a: Mew|0 fnt\n|faint|p2a: Mew\n|\n|-damage|p1a: Pidgeot|39\/100 tox|[from] psn\n|upkeep\n|\n|t:|1700170265\n|switch|p2a: Ninetales|Ninetales-Alola, M|71\/100 tox\n|-weather|Snow|[from] ability: Snow Warning|[of] p2a: Ninetales\n|turn|12\n|\n|t:|1700170271\n|move|p2a: Ninetales|Freeze-Dry|p1a: Pidgeot\n|-supereffective|p1a: Pidgeot\n|-damage|p1a: Pidgeot|0 fnt\n|faint|p1a: Pidgeot\n|\n|-weather|Snow|[upkeep]\n|-damage|p2a: Ninetales|65\/100 tox|[from] psn\n|upkeep\n|\n|t:|1700170281\n|switch|p1a: Charizard|Charizard-Mega-Y, F|100\/100\n|-weather|SunnyDay|[from] ability: Drought|[of] p1a: Charizard\n|turn|13\n|\n|t:|1700170285\n|switch|p2a: Slowking|Slowking-Galar, F|100\/100 slp\n|move|p1a: Charizard|Flamethrower|p2a: Slowking\n|-damage|p2a: Slowking|45\/100 slp\n|\n|-weather|SunnyDay|[upkeep]\n|upkeep\n|turn|14\n|\n|t:|1700170293\n|move|p1a: Charizard|Flamethrower|p2a: Slowking\n|-damage|p2a: Slowking|0 fnt\n|faint|p2a: Slowking\n|\n|-weather|SunnyDay|[upkeep]\n|upkeep\n|\n|t:|1700170302\n|switch|p2a: Ninetales|Ninetales-Alola, M|65\/100 tox\n|-weather|Snow|[from] ability: Snow Warning|[of] p2a: Ninetales\n|turn|15\n|\n|t:|1700170306\n|switch|p2a: Volcarona|Volcarona, M|100\/100\n|move|p1a: Charizard|Flamethrower|p2a: Volcarona\n|-damage|p2a: Volcarona|46\/100\n|\n|-weather|Snow|[upkeep]\n|upkeep\n|turn|16\n|\n|t:|1700170312\n|move|p1a: Charizard|Air Slash|p2a: Volcarona\n|-supereffective|p2a: Volcarona\n|-damage|p2a: Volcarona|0 fnt\n|faint|p2a: Volcarona\n|\n|-weather|Snow|[upkeep]\n|upkeep\n|-message|espino15234125 forfeited.\n|\n|win|EvanaToughkids\n|raw|EvanaToughkids's rating: 1210 &rarr; <strong>1236<\/strong><br \/>(+26 for winning)\n|raw|espino15234125's rating: 1224 &rarr; <strong>1198<\/strong><br \/>(-26 for losing)\n|l|\u2606espino15234125\n","uploadtime":1700170325,"views":25,"p1id":"evanatoughkids","p2id":"espino15234125","formatid":"gen9nationaldex","rating":1198,"private":0,"password":""}