{"id":"gen9nationaldex-1989967661","p1":"pocoYop","p2":"PearlHarbor1996","format":"[Gen 9] National Dex","log":"|j|\u2606pocoYop\n|j|\u2606PearlHarbor1996\n|t:|1699911030\n|gametype|singles\n|player|p1|pocoYop|169|1316\n|player|p2|PearlHarbor1996|rocketgrunt|1277\n|teamsize|p1|6\n|teamsize|p2|6\n|gen|9\n|tier|[Gen 9] National Dex\n|rated|\n|rule|HP Percentage Mod: HP is shown in percentages\n|rule|Endless Battle Clause: Forcing endless battles is banned\n|rule|OHKO Clause: OHKO moves are banned\n|rule|Evasion Clause: Evasion abilities, items, and moves are banned\n|rule|Evasion Abilities Clause: Evasion abilities are banned\n|rule|Evasion Items Clause: Evasion items are banned\n|rule|Evasion Moves Clause: Evasion moves are banned\n|rule|Species Clause: Limit one of each Pok\u00e9mon\n|rule|Sleep Clause Mod: Limit one foe put to sleep\n|clearpoke\n|poke|p1|Clefable, M|\n|poke|p1|Venusaur, F|\n|poke|p1|Chansey, F|\n|poke|p1|Slowbro, M|\n|poke|p1|Porygon2|\n|poke|p1|Skarmory, F|\n|poke|p2|Garganacl, M|\n|poke|p2|Hydreigon, M|\n|poke|p2|Gardevoir, F|\n|poke|p2|Roserade, M|\n|poke|p2|Gastrodon, M|\n|poke|p2|Skarmory, M|\n|teampreview\n|inactive|Battle timer is ON: inactive players will automatically lose when time's up. (requested by PearlHarbor1996)\n|\n|t:|1699911048\n|start\n|switch|p1a: El Cebollita|Venusaur, F|100\/100\n|switch|p2a: Garganacl|Garganacl, M|100\/100\n|turn|1\n|\n|t:|1699911055\n|detailschange|p1a: El Cebollita|Venusaur-Mega, F\n|-mega|p1a: El Cebollita|Venusaur|Venusaurite\n|move|p1a: El Cebollita|Leech Seed|p2a: Garganacl\n|-start|p2a: Garganacl|move: Leech Seed\n|move|p2a: Garganacl|Salt Cure|p1a: El Cebollita\n|-damage|p1a: El Cebollita|92\/100\n|-start|p1a: El Cebollita|Salt Cure\n|\n|-damage|p2a: Garganacl|88\/100|[from] Leech Seed|[of] p1a: El Cebollita\n|-heal|p1a: El Cebollita|100\/100|[silent]\n|-damage|p1a: El Cebollita|88\/100|[from] Salt Cure\n|upkeep\n|turn|2\n|\n|t:|1699911064\n|switch|p1a: El Rey lento|Slowbro, M|100\/100\n|switch|p2a: Roserade|Roserade, M|100\/100\n|\n|upkeep\n|turn|3\n|\n|t:|1699911071\n|switch|p1a: Skrapy|Skarmory, F|100\/100\n|move|p2a: Roserade|Giga Drain|p1a: Skrapy\n|-resisted|p1a: Skrapy\n|-damage|p1a: Skrapy|90\/100\n|\n|upkeep\n|turn|4\n|\n|t:|1699911077\n|switch|p2a: Garganacl|Garganacl, M|88\/100\n|move|p1a: Skrapy|Iron Defense|p1a: Skrapy\n|-boost|p1a: Skrapy|def|2\n|\n|-heal|p2a: Garganacl|94\/100|[from] item: Leftovers\n|upkeep\n|turn|5\n|\n|t:|1699911082\n|move|p1a: Skrapy|Body Press|p2a: Garganacl\n|-supereffective|p2a: Garganacl\n|-damage|p2a: Garganacl|34\/100\n|move|p2a: Garganacl|Salt Cure|p1a: Skrapy\n|-damage|p1a: Skrapy|85\/100\n|-start|p1a: Skrapy|Salt Cure\n|\n|-heal|p2a: Garganacl|40\/100|[from] item: Leftovers\n|-damage|p1a: Skrapy|60\/100|[from] Salt Cure\n|upkeep\n|turn|6\n|\n|t:|1699911096\n|switch|p2a: Skarmory|Skarmory, M|100\/100\n|move|p1a: Skrapy|Body Press|p2a: Skarmory\n|-damage|p2a: Skarmory|52\/100\n|\n|-heal|p2a: Skarmory|58\/100|[from] item: Leftovers\n|-damage|p1a: Skrapy|35\/100|[from] Salt Cure\n|upkeep\n|turn|7\n|\n|t:|1699911106\n|move|p2a: Skarmory|Roost|p2a: Skarmory\n|-heal|p2a: Skarmory|100\/100\n|-singleturn|p2a: Skarmory|move: Roost\n|move|p1a: Skrapy|Roost|p1a: Skrapy\n|-heal|p1a: Skrapy|85\/100\n|-singleturn|p1a: Skrapy|move: Roost\n|\n|-damage|p1a: Skrapy|60\/100|[from] Salt Cure\n|upkeep\n|turn|8\n|\n|t:|1699911111\n|switch|p1a: El Rey lento|Slowbro, M|100\/100\n|move|p2a: Skarmory|Spikes|p1a: El Rey lento\n|-sidestart|p1: pocoYop|Spikes\n|\n|upkeep\n|turn|9\n|\n|t:|1699911117\n|switch|p2a: Gastrodon|Gastrodon, M|100\/100\n|move|p1a: El Rey lento|Future Sight|p2a: Gastrodon\n|-start|p1a: El Rey lento|move: Future Sight\n|\n|upkeep\n|turn|10\n|\n|t:|1699911124\n|move|p2a: Gastrodon|Scald|p1a: El Rey lento\n|-resisted|p1a: El Rey lento\n|-damage|p1a: El Rey lento|88\/100\n|-status|p1a: El Rey lento|brn\n|move|p1a: El Rey lento|Toxic|p2a: Gastrodon\n|-status|p2a: Gastrodon|tox\n|\n|-heal|p1a: El Rey lento|94\/100 brn|[from] item: Leftovers\n|-damage|p2a: Gastrodon|94\/100 tox|[from] psn\n|-damage|p1a: El Rey lento|88\/100 brn|[from] brn\n|upkeep\n|turn|11\n|\n|t:|1699911129\n|switch|p2a: Hydreigon|Hydreigon, M|100\/100\n|switch|p1a: Skrapy|Skarmory, F|60\/100\n|\n|-end|p2a: Hydreigon|move: Future Sight\n|-immune|p2a: Hydreigon\n|upkeep\n|turn|12\n|\n|t:|1699911138\n|switch|p1a: Nursita|Chansey, F|100\/100\n|-damage|p1a: Nursita|88\/100|[from] Spikes\n|move|p2a: Hydreigon|Draco Meteor|p1a: Nursita\n|-damage|p1a: Nursita|70\/100\n|-unboost|p2a: Hydreigon|spa|2\n|\n|upkeep\n|turn|13\n|\n|t:|1699911146\n|switch|p2a: Roserade|Roserade, M|100\/100\n|move|p1a: Nursita|Wish|p1a: Nursita\n|\n|upkeep\n|turn|14\n|\n|t:|1699911149\n|switch|p1a: Skrapy|Skarmory, F|60\/100\n|move|p2a: Roserade|Leech Seed|p1a: Skrapy|[miss]\n|-miss|p2a: Roserade|p1a: Skrapy\n|\n|-heal|p1a: Skrapy|100\/100|[from] move: Wish|[wisher] Nursita\n|upkeep\n|turn|15\n|\n|t:|1699911158\n|switch|p2a: Skarmory|Skarmory, M|100\/100\n|move|p1a: Skrapy|Defog|p2a: Skarmory\n|-unboost|p2a: Skarmory|evasion|1\n|-sideend|p1: pocoYop|Spikes|[from] move: Defog|[of] p1a: Skrapy\n|\n|upkeep\n|turn|16\n|\n|t:|1699911162\n|move|p2a: Skarmory|Spikes|p1a: Skrapy\n|-sidestart|p1: pocoYop|Spikes\n|move|p1a: Skrapy|Iron Defense|p1a: Skrapy\n|-boost|p1a: Skrapy|def|2\n|\n|upkeep\n|turn|17\n|\n|t:|1699911166\n|move|p1a: Skrapy|Iron Defense|p1a: Skrapy\n|-boost|p1a: Skrapy|def|2\n|move|p2a: Skarmory|Roar|p1a: Skrapy\n|drag|p1a: Barrilete cosmico|Clefable, M|100\/100\n|-damage|p1a: Barrilete cosmico|88\/100|[from] Spikes\n|\n|-heal|p1a: Barrilete cosmico|94\/100|[from] item: Leftovers\n|upkeep\n|turn|18\n|\n|t:|1699911177\n|move|p2a: Skarmory|Spikes|p1a: Barrilete cosmico\n|-sidestart|p1: pocoYop|Spikes\n|move|p1a: Barrilete cosmico|Moonblast|p2a: Skarmory\n|-resisted|p2a: Skarmory\n|-damage|p2a: Skarmory|86\/100\n|\n|-heal|p2a: Skarmory|92\/100|[from] item: Leftovers\n|-heal|p1a: Barrilete cosmico|100\/100|[from] item: Leftovers\n|upkeep\n|turn|19\n|\n|t:|1699911183\n|switch|p1a: Skrapy|Skarmory, F|100\/100\n|move|p2a: Skarmory|Spikes|p1a: Skrapy\n|-sidestart|p1: pocoYop|Spikes\n|\n|-heal|p2a: Skarmory|98\/100|[from] item: Leftovers\n|upkeep\n|turn|20\n|\n|t:|1699911191\n|move|p1a: Skrapy|Defog|p2a: Skarmory\n|-unboost|p2a: Skarmory|evasion|1\n|-sideend|p1: pocoYop|Spikes|[from] move: Defog|[of] p1a: Skrapy\n|move|p2a: Skarmory|Roar|p1a: Skrapy\n|drag|p1a: Barrilete cosmico|Clefable, M|100\/100\n|\n|-heal|p2a: Skarmory|100\/100|[from] item: Leftovers\n|upkeep\n|turn|21\n|\n|t:|1699911197\n|move|p2a: Skarmory|Spikes|p1a: Barrilete cosmico\n|-sidestart|p1: pocoYop|Spikes\n|move|p1a: Barrilete cosmico|Moonblast|p2a: Skarmory\n|-resisted|p2a: Skarmory\n|-damage|p2a: Skarmory|84\/100\n|\n|-heal|p2a: Skarmory|90\/100|[from] item: Leftovers\n|upkeep\n|turn|22\n|\n|t:|1699911203\n|switch|p1a: Skrapy|Skarmory, F|100\/100\n|move|p2a: Skarmory|Roar|p1a: Skrapy\n|drag|p1a: El Cebollita|Venusaur-Mega, F|88\/100\n|-damage|p1a: El Cebollita|76\/100|[from] Spikes\n|\n|-heal|p2a: Skarmory|96\/100|[from] item: Leftovers\n|upkeep\n|turn|23\n|\n|t:|1699911209\n|move|p1a: El Cebollita|Leech Seed|p2a: Skarmory\n|-start|p2a: Skarmory|move: Leech Seed\n|move|p2a: Skarmory|Spikes|p1a: El Cebollita\n|-sidestart|p1: pocoYop|Spikes\n|\n|-heal|p2a: Skarmory|100\/100|[from] item: Leftovers\n|-damage|p2a: Skarmory|88\/100|[from] Leech Seed|[of] p1a: El Cebollita\n|-heal|p1a: El Cebollita|87\/100|[silent]\n|upkeep\n|turn|24\n|\n|t:|1699911216\n|switch|p1a: Skrapy|Skarmory, F|100\/100\n|move|p2a: Skarmory|Roar|p1a: Skrapy\n|drag|p1a: Sr Pato|Porygon2|100\/100\n|-damage|p1a: Sr Pato|84\/100|[from] Spikes\n|-ability|p1a: Sr Pato|Sturdy|[from] ability: Trace|[of] p2a: Skarmory\n|\n|-heal|p2a: Skarmory|94\/100|[from] item: Leftovers\n|-damage|p2a: Skarmory|82\/100|[from] Leech Seed|[of] p1a: Sr Pato\n|-heal|p1a: Sr Pato|95\/100|[silent]\n|upkeep\n|turn|25\n|\n|t:|1699911220\n|switch|p2a: Roserade|Roserade, M|100\/100\n|move|p1a: Sr Pato|Tri Attack|p2a: Roserade\n|-damage|p2a: Roserade|78\/100\n|-status|p2a: Roserade|par\n|\n|-heal|p2a: Roserade|84\/100 par|[from] item: Leftovers\n|upkeep\n|turn|26\n|\n|t:|1699911242\n|switch|p1a: Skrapy|Skarmory, F|100\/100\n|move|p2a: Roserade|Leech Seed|p1a: Skrapy\n|-start|p1a: Skrapy|move: Leech Seed\n|\n|-heal|p2a: Roserade|91\/100 par|[from] item: Leftovers\n|-damage|p1a: Skrapy|88\/100|[from] Leech Seed|[of] p2a: Roserade\n|-heal|p2a: Roserade|100\/100 par|[silent]\n|upkeep\n|turn|27\n|\n|t:|1699911251\n|-curestatus|p2a: Roserade|par|[from] ability: Natural Cure\n|switch|p2a: Garganacl|Garganacl, M|40\/100\n|move|p1a: Skrapy|Defog|p2a: Garganacl\n|-unboost|p2a: Garganacl|evasion|1\n|-sideend|p1: pocoYop|Spikes|[from] move: Defog|[of] p1a: Skrapy\n|\n|-heal|p2a: Garganacl|46\/100|[from] item: Leftovers\n|-damage|p1a: Skrapy|76\/100|[from] Leech Seed|[of] p2a: Garganacl\n|-heal|p2a: Garganacl|56\/100|[silent]\n|upkeep\n|turn|28\n|\n|t:|1699911257\n|move|p1a: Skrapy|Body Press|p2a: Garganacl\n|-supereffective|p2a: Garganacl\n|-damage|p2a: Garganacl|22\/100\n|move|p2a: Garganacl|Recover|p2a: Garganacl\n|-heal|p2a: Garganacl|72\/100\n|\n|-heal|p2a: Garganacl|78\/100|[from] item: Leftovers\n|-damage|p1a: Skrapy|64\/100|[from] Leech Seed|[of] p2a: Garganacl\n|-heal|p2a: Garganacl|89\/100|[silent]\n|upkeep\n|turn|29\n|\n|t:|1699911263\n|switch|p1a: El Cebollita|Venusaur-Mega, F|87\/100\n|move|p2a: Garganacl|Curse|p2a: Garganacl\n|-unboost|p2a: Garganacl|spe|1\n|-boost|p2a: Garganacl|atk|1\n|-boost|p2a: Garganacl|def|1\n|\n|-heal|p2a: Garganacl|95\/100|[from] item: Leftovers\n|upkeep\n|turn|30\n|\n|t:|1699911271\n|switch|p2a: Roserade|Roserade, M|100\/100\n|move|p1a: El Cebollita|Leech Seed|p2a: Roserade\n|-immune|p2a: Roserade\n|\n|upkeep\n|turn|31\n|\n|t:|1699911281\n|move|p2a: Roserade|Sludge Bomb|p1a: El Cebollita\n|-damage|p1a: El Cebollita|55\/100\n|move|p1a: El Cebollita|Earth Power|p2a: Roserade\n|-damage|p2a: Roserade|84\/100\n|\n|-heal|p2a: Roserade|90\/100|[from] item: Leftovers\n|upkeep\n|turn|32\n|\n|t:|1699911286\n|switch|p1a: Skrapy|Skarmory, F|64\/100\n|move|p2a: Roserade|Leech Seed|p1a: Skrapy\n|-start|p1a: Skrapy|move: Leech Seed\n|\n|-heal|p2a: Roserade|96\/100|[from] item: Leftovers\n|-damage|p1a: Skrapy|51\/100|[from] Leech Seed|[of] p2a: Roserade\n|-heal|p2a: Roserade|100\/100|[silent]\n|upkeep\n|turn|33\n|\n|t:|1699911290\n|switch|p2a: Skarmory|Skarmory, M|82\/100\n|move|p1a: Skrapy|Roost|p1a: Skrapy\n|-heal|p1a: Skrapy|100\/100\n|-singleturn|p1a: Skrapy|move: Roost\n|\n|-heal|p2a: Skarmory|88\/100|[from] item: Leftovers\n|-damage|p1a: Skrapy|88\/100|[from] Leech Seed|[of] p2a: Skarmory\n|-heal|p2a: Skarmory|99\/100|[silent]\n|upkeep\n|turn|34\n|\n|t:|1699911296\n|switch|p1a: El Cebollita|Venusaur-Mega, F|55\/100\n|move|p2a: Skarmory|Spikes|p1a: El Cebollita\n|-sidestart|p1: pocoYop|Spikes\n|\n|-heal|p2a: Skarmory|100\/100|[from] item: Leftovers\n|upkeep\n|turn|35\n|\n|t:|1699911305\n|move|p1a: El Cebollita|Leech Seed|p2a: Skarmory|[miss]\n|-miss|p1a: El Cebollita|p2a: Skarmory\n|move|p2a: Skarmory|Roar|p1a: El Cebollita\n|drag|p1a: Skrapy|Skarmory, F|88\/100\n|\n|upkeep\n|turn|36\n|\n|t:|1699911310\n|move|p1a: Skrapy|Defog|p2a: Skarmory\n|-unboost|p2a: Skarmory|evasion|1\n|-sideend|p1: pocoYop|Spikes|[from] move: Defog|[of] p1a: Skrapy\n|move|p2a: Skarmory|Spikes|p1a: Skrapy\n|-sidestart|p1: pocoYop|Spikes\n|\n|upkeep\n|turn|37\n|\n|t:|1699911316\n|move|p1a: Skrapy|Body Press|p2a: Skarmory\n|-crit|p2a: Skarmory\n|-damage|p2a: Skarmory|68\/100\n|move|p2a: Skarmory|Roar|p1a: Skrapy\n|drag|p1a: Sr Pato|Porygon2|95\/100\n|-damage|p1a: Sr Pato|83\/100|[from] Spikes\n|-ability|p1a: Sr Pato|Sturdy|[from] ability: Trace|[of] p2a: Skarmory\n|\n|-heal|p2a: Skarmory|74\/100|[from] item: Leftovers\n|upkeep\n|turn|38\n|\n|t:|1699911321\n|switch|p2a: Roserade|Roserade, M|100\/100\n|move|p1a: Sr Pato|Tri Attack|p2a: Roserade\n|-damage|p2a: Roserade|80\/100\n|\n|-heal|p2a: Roserade|86\/100|[from] item: Leftovers\n|upkeep\n|turn|39\n|\n|t:|1699911331\n|move|p2a: Roserade|Leech Seed|p1a: Sr Pato\n|-start|p1a: Sr Pato|move: Leech Seed\n|move|p1a: Sr Pato|Ice Beam|p2a: Roserade\n|-supereffective|p2a: Roserade\n|-crit|p2a: Roserade\n|-damage|p2a: Roserade|34\/100\n|\n|-heal|p2a: Roserade|40\/100|[from] item: Leftovers\n|-damage|p1a: Sr Pato|70\/100|[from] Leech Seed|[of] p2a: Roserade\n|-heal|p2a: Roserade|55\/100|[silent]\n|upkeep\n|turn|40\n|\n|t:|1699911336\n|switch|p1a: Skrapy|Skarmory, F|88\/100\n|move|p2a: Roserade|Giga Drain|p1a: Skrapy\n|-resisted|p1a: Skrapy\n|-damage|p1a: Skrapy|77\/100\n|-heal|p2a: Roserade|60\/100|[from] drain|[of] p1a: Skrapy\n|\n|-heal|p2a: Roserade|67\/100|[from] item: Leftovers\n|upkeep\n|turn|41\n|\n|t:|1699911341\n|move|p2a: Roserade|Leech Seed|p1a: Skrapy|[miss]\n|-miss|p2a: Roserade|p1a: Skrapy\n|move|p1a: Skrapy|Roost|p1a: Skrapy\n|-heal|p1a: Skrapy|100\/100\n|-singleturn|p1a: Skrapy|move: Roost\n|\n|-heal|p2a: Roserade|73\/100|[from] item: Leftovers\n|upkeep\n|turn|42\n|\n|t:|1699911345\n|move|p2a: Roserade|Leech Seed|p1a: Skrapy\n|-start|p1a: Skrapy|move: Leech Seed\n|move|p1a: Skrapy|Defog|p2a: Roserade\n|-unboost|p2a: Roserade|evasion|1\n|-sideend|p1: pocoYop|Spikes|[from] move: Defog|[of] p1a: Skrapy\n|\n|-heal|p2a: Roserade|79\/100|[from] item: Leftovers\n|-damage|p1a: Skrapy|88\/100|[from] Leech Seed|[of] p2a: Roserade\n|-heal|p2a: Roserade|92\/100|[silent]\n|upkeep\n|turn|43\n|\n|t:|1699911354\n|switch|p2a: Skarmory|Skarmory, M|74\/100\n|switch|p1a: Nursita|Chansey, F|70\/100\n|\n|-heal|p2a: Skarmory|80\/100|[from] item: Leftovers\n|upkeep\n|turn|44\n|\n|t:|1699911359\n|switch|p2a: Roserade|Roserade, M|92\/100\n|move|p1a: Nursita|Wish|p1a: Nursita\n|\n|-heal|p2a: Roserade|98\/100|[from] item: Leftovers\n|upkeep\n|turn|45\n|\n|t:|1699911366\n|switch|p1a: El Cebollita|Venusaur-Mega, F|55\/100\n|move|p2a: Roserade|Leech Seed|p1a: El Cebollita\n|-immune|p1a: El Cebollita\n|\n|-heal|p1a: El Cebollita|100\/100|[from] move: Wish|[wisher] Nursita\n|-heal|p2a: Roserade|100\/100|[from] item: Leftovers\n|upkeep\n|turn|46\n|\n|t:|1699911375\n|switch|p1a: Nursita|Chansey, F|70\/100\n|move|p2a: Roserade|Sludge Bomb|p1a: Nursita\n|-damage|p1a: Nursita|59\/100\n|\n|upkeep\n|turn|47\n|\n|t:|1699911383\n|move|p2a: Roserade|Leech Seed|p1a: Nursita\n|-start|p1a: Nursita|move: Leech Seed\n|move|p1a: Nursita|Wish|p1a: Nursita\n|\n|-damage|p1a: Nursita|46\/100|[from] Leech Seed|[of] p2a: Roserade\n|upkeep\n|turn|48\n|\n|t:|1699911395\n|move|p1a: Nursita|Protect|p1a: Nursita\n|-singleturn|p1a: Nursita|Protect\n|move|p2a: Roserade|Sludge Bomb|p1a: Nursita\n|-activate|p1a: Nursita|move: Protect\n|\n|-heal|p1a: Nursita|96\/100|[from] move: Wish|[wisher] Nursita\n|-damage|p1a: Nursita|84\/100|[from] Leech Seed|[of] p2a: Roserade\n|upkeep\n|turn|49\n|\n|t:|1699911401\n|switch|p1a: Skrapy|Skarmory, F|88\/100\n|move|p2a: Roserade|Leech Seed|p1a: Skrapy\n|-start|p1a: Skrapy|move: Leech Seed\n|\n|-damage|p1a: Skrapy|76\/100|[from] Leech Seed|[of] p2a: Roserade\n|upkeep\n|turn|50\n|\n|t:|1699911413\n|switch|p1a: Sr Pato|Porygon2|70\/100\n|-ability|p1a: Sr Pato|Natural Cure|[from] ability: Trace|[of] p2a: Roserade\n|move|p2a: Roserade|Sludge Bomb|p1a: Sr Pato\n|-damage|p1a: Sr Pato|49\/100\n|-status|p1a: Sr Pato|psn\n|\n|-damage|p1a: Sr Pato|36\/100 psn|[from] psn\n|upkeep\n|turn|51\n|\n|t:|1699911419\n|-curestatus|p1a: Sr Pato|psn|[from] ability: Natural Cure\n|switch|p1a: Skrapy|Skarmory, F|76\/100\n|move|p2a: Roserade|Leech Seed|p1a: Skrapy\n|-start|p1a: Skrapy|move: Leech Seed\n|\n|-damage|p1a: Skrapy|64\/100|[from] Leech Seed|[of] p2a: Roserade\n|upkeep\n|turn|52\n|\n|t:|1699911428\n|switch|p2a: Skarmory|Skarmory, M|80\/100\n|move|p1a: Skrapy|Roost|p1a: Skrapy\n|-heal|p1a: Skrapy|100\/100\n|-singleturn|p1a: Skrapy|move: Roost\n|\n|-heal|p2a: Skarmory|86\/100|[from] item: Leftovers\n|-damage|p1a: Skrapy|88\/100|[from] Leech Seed|[of] p2a: Skarmory\n|-heal|p2a: Skarmory|99\/100|[silent]\n|upkeep\n|turn|53\n|\n|t:|1699911433\n|switch|p1a: Sr Pato|Porygon2|36\/100\n|-ability|p1a: Sr Pato|Sturdy|[from] ability: Trace|[of] p2a: Skarmory\n|move|p2a: Skarmory|Spikes|p1a: Sr Pato\n|-sidestart|p1: pocoYop|Spikes\n|\n|-heal|p2a: Skarmory|100\/100|[from] item: Leftovers\n|upkeep\n|turn|54\n|\n|t:|1699911442\n|switch|p2a: Roserade|Roserade, M|100\/100\n|move|p1a: Sr Pato|Recover|p1a: Sr Pato\n|-heal|p1a: Sr Pato|86\/100\n|\n|upkeep\n|turn|55\n|\n|t:|1699911452\n|switch|p1a: Skrapy|Skarmory, F|88\/100\n|move|p2a: Roserade|Giga Drain|p1a: Skrapy\n|-resisted|p1a: Skrapy\n|-crit|p1a: Skrapy\n|-damage|p1a: Skrapy|72\/100\n|\n|upkeep\n|turn|56\n|c|\u2606pocoYop|Hasta que la conoci! Ella no se lo esperaba\n|\n|t:|1699911471\n|move|p2a: Roserade|Leech Seed|p1a: Skrapy\n|-start|p1a: Skrapy|move: Leech Seed\n|move|p1a: Skrapy|Defog|p2a: Roserade\n|-unboost|p2a: Roserade|evasion|1\n|-sideend|p1: pocoYop|Spikes|[from] move: Defog|[of] p1a: Skrapy\n|\n|-damage|p1a: Skrapy|60\/100|[from] Leech Seed|[of] p2a: Roserade\n|upkeep\n|turn|57\n|\n|t:|1699911481\n|switch|p2a: Skarmory|Skarmory, M|100\/100\n|move|p1a: Skrapy|Roost|p1a: Skrapy\n|-heal|p1a: Skrapy|100\/100\n|-singleturn|p1a: Skrapy|move: Roost\n|\n|-damage|p1a: Skrapy|88\/100|[from] Leech Seed|[of] p2a: Skarmory\n|upkeep\n|turn|58\n|\n|t:|1699911492\n|switch|p1a: El Cebollita|Venusaur-Mega, F|100\/100\n|move|p2a: Skarmory|Spikes|p1a: El Cebollita\n|-sidestart|p1: pocoYop|Spikes\n|\n|upkeep\n|turn|59\n|\n|t:|1699911502\n|switch|p2a: Roserade|Roserade, M|100\/100\n|move|p1a: El Cebollita|Leech Seed|p2a: Roserade\n|-immune|p2a: Roserade\n|\n|upkeep\n|turn|60\n|c|\u2606pocoYop|La vi entrando en la disco! Me devolvi\u00f3 la mirada!\n|\n|t:|1699911519\n|switch|p2a: Garganacl|Garganacl, M|95\/100\n|move|p1a: El Cebollita|Protect||[still]\n|-fail|p1a: El Cebollita\n|\n|-heal|p2a: Garganacl|100\/100|[from] item: Leftovers\n|upkeep\n|turn|61\n|\n|t:|1699911528\n|switch|p2a: Roserade|Roserade, M|100\/100\n|move|p1a: El Cebollita|Leech Seed|p2a: Roserade\n|-immune|p2a: Roserade\n|\n|upkeep\n|turn|62\n|\n|t:|1699911531\n|move|p1a: El Cebollita|Protect|p1a: El Cebollita\n|-singleturn|p1a: El Cebollita|Protect\n|move|p2a: Roserade|Sludge Bomb|p1a: El Cebollita\n|-activate|p1a: El Cebollita|move: Protect\n|\n|upkeep\n|turn|63\n|\n|t:|1699911538\n|move|p2a: Roserade|Leech Seed|p1a: El Cebollita\n|-immune|p1a: El Cebollita\n|move|p1a: El Cebollita|Earth Power|p2a: Roserade\n|-damage|p2a: Roserade|81\/100\n|\n|-heal|p2a: Roserade|88\/100|[from] item: Leftovers\n|upkeep\n|turn|64\n|\n|t:|1699911545\n|move|p1a: El Cebollita|Protect|p1a: El Cebollita\n|-singleturn|p1a: El Cebollita|Protect\n|move|p2a: Roserade|Sludge Bomb|p1a: El Cebollita\n|-activate|p1a: El Cebollita|move: Protect\n|\n|-heal|p2a: Roserade|94\/100|[from] item: Leftovers\n|upkeep\n|turn|65\n|\n|t:|1699911551\n|move|p2a: Roserade|Sludge Bomb|p1a: El Cebollita\n|-damage|p1a: El Cebollita|71\/100\n|move|p1a: El Cebollita|Leech Seed|p2a: Roserade\n|-immune|p2a: Roserade\n|\n|-heal|p2a: Roserade|99\/100|[from] item: Leftovers\n|upkeep\n|turn|66\n|\n|t:|1699911557\n|move|p1a: El Cebollita|Protect|p1a: El Cebollita\n|-singleturn|p1a: El Cebollita|Protect\n|move|p2a: Roserade|Sludge Bomb|p1a: El Cebollita\n|-activate|p1a: El Cebollita|move: Protect\n|\n|-heal|p2a: Roserade|100\/100|[from] item: Leftovers\n|upkeep\n|turn|67\n|\n|t:|1699911562\n|switch|p2a: Skarmory|Skarmory, M|100\/100\n|move|p1a: El Cebollita|Earth Power|p2a: Skarmory\n|-immune|p2a: Skarmory\n|\n|upkeep\n|turn|68\n|\n|t:|1699911565\n|move|p1a: El Cebollita|Leech Seed|p2a: Skarmory\n|-start|p2a: Skarmory|move: Leech Seed\n|move|p2a: Skarmory|Spikes|p1a: El Cebollita\n|-sidestart|p1: pocoYop|Spikes\n|\n|-damage|p2a: Skarmory|88\/100|[from] Leech Seed|[of] p1a: El Cebollita\n|-heal|p1a: El Cebollita|83\/100|[silent]\n|upkeep\n|turn|69\n|\n|t:|1699911569\n|switch|p2a: Roserade|Roserade, M|100\/100\n|move|p1a: El Cebollita|Giga Drain|p2a: Roserade\n|-resisted|p2a: Roserade\n|-damage|p2a: Roserade|94\/100\n|-heal|p1a: El Cebollita|85\/100|[from] drain|[of] p2a: Roserade\n|\n|-heal|p2a: Roserade|100\/100|[from] item: Leftovers\n|upkeep\n|turn|70\n|\n|t:|1699911585\n|move|p1a: El Cebollita|Protect|p1a: El Cebollita\n|-singleturn|p1a: El Cebollita|Protect\n|move|p2a: Roserade|Sludge Bomb|p1a: El Cebollita\n|-activate|p1a: El Cebollita|move: Protect\n|\n|upkeep\n|turn|71\n|\n|t:|1699911594\n|switch|p1a: Skrapy|Skarmory, F|88\/100\n|move|p2a: Roserade|Sludge Bomb|p1a: Skrapy\n|-immune|p1a: Skrapy\n|\n|upkeep\n|turn|72\n|\n|t:|1699911599\n|switch|p2a: Garganacl|Garganacl, M|100\/100\n|move|p1a: Skrapy|Defog|p2a: Garganacl\n|-unboost|p2a: Garganacl|evasion|1\n|-sideend|p1: pocoYop|Spikes|[from] move: Defog|[of] p1a: Skrapy\n|\n|upkeep\n|turn|73\n|\n|t:|1699911602\n|move|p1a: Skrapy|Body Press|p2a: Garganacl\n|-supereffective|p2a: Garganacl\n|-damage|p2a: Garganacl|65\/100\n|move|p2a: Garganacl|Salt Cure|p1a: Skrapy\n|-damage|p1a: Skrapy|79\/100\n|-start|p1a: Skrapy|Salt Cure\n|\n|-heal|p2a: Garganacl|71\/100|[from] item: Leftovers\n|-damage|p1a: Skrapy|54\/100|[from] Salt Cure\n|upkeep\n|turn|74\n|\n|t:|1699911610\n|switch|p1a: Nursita|Chansey, F|84\/100\n|move|p2a: Garganacl|Salt Cure|p1a: Nursita\n|-damage|p1a: Nursita|75\/100\n|-start|p1a: Nursita|Salt Cure\n|\n|-heal|p2a: Garganacl|77\/100|[from] item: Leftovers\n|-damage|p1a: Nursita|63\/100|[from] Salt Cure\n|upkeep\n|turn|75\n|\n|t:|1699911615\n|move|p1a: Nursita|Wish|p1a: Nursita\n|move|p2a: Garganacl|Curse|p2a: Garganacl\n|-unboost|p2a: Garganacl|spe|1\n|-boost|p2a: Garganacl|atk|1\n|-boost|p2a: Garganacl|def|1\n|\n|-heal|p2a: Garganacl|83\/100|[from] item: Leftovers\n|-damage|p1a: Nursita|51\/100|[from] Salt Cure\n|upkeep\n|turn|76\n|\n|t:|1699911625\n|move|p1a: Nursita|Protect|p1a: Nursita\n|-singleturn|p1a: Nursita|Protect\n|move|p2a: Garganacl|Curse|p2a: Garganacl\n|-unboost|p2a: Garganacl|spe|1\n|-boost|p2a: Garganacl|atk|1\n|-boost|p2a: Garganacl|def|1\n|\n|-heal|p1a: Nursita|100\/100|[from] move: Wish|[wisher] Nursita\n|-heal|p2a: Garganacl|90\/100|[from] item: Leftovers\n|-damage|p1a: Nursita|88\/100|[from] Salt Cure\n|upkeep\n|turn|77\n|\n|t:|1699911630\n|switch|p1a: El Rey lento|Slowbro, M|100\/100 brn\n|move|p2a: Garganacl|Salt Cure|p1a: El Rey lento\n|-damage|p1a: El Rey lento|85\/100 brn\n|-start|p1a: El Rey lento|Salt Cure\n|\n|-heal|p1a: El Rey lento|91\/100 brn|[from] item: Leftovers\n|-heal|p2a: Garganacl|96\/100|[from] item: Leftovers\n|-damage|p1a: El Rey lento|85\/100 brn|[from] brn\n|-damage|p1a: El Rey lento|60\/100 brn|[from] Salt Cure\n|upkeep\n|turn|78\n|\n|t:|1699911653\n|switch|p1a: El Cebollita|Venusaur-Mega, F|85\/100\n|move|p2a: Garganacl|Curse|p2a: Garganacl\n|-unboost|p2a: Garganacl|spe|1\n|-boost|p2a: Garganacl|atk|1\n|-boost|p2a: Garganacl|def|1\n|\n|-heal|p2a: Garganacl|100\/100|[from] item: Leftovers\n|upkeep\n|turn|79\n|\n|t:|1699911660\n|-terastallize|p2a: Garganacl|Ghost\n|move|p1a: El Cebollita|Leech Seed|p2a: Garganacl\n|-start|p2a: Garganacl|move: Leech Seed\n|move|p2a: Garganacl|Salt Cure|p1a: El Cebollita\n|-damage|p1a: El Cebollita|66\/100\n|-start|p1a: El Cebollita|Salt Cure\n|\n|-damage|p2a: Garganacl|88\/100|[from] Leech Seed|[of] p1a: El Cebollita\n|-heal|p1a: El Cebollita|80\/100|[silent]\n|-damage|p1a: El Cebollita|68\/100|[from] Salt Cure\n|upkeep\n|turn|80\n|\n|t:|1699911682\n|switch|p1a: El Rey lento|Slowbro, M|94\/100 brn\n|move|p2a: Garganacl|Salt Cure|p1a: El Rey lento\n|-damage|p1a: El Rey lento|74\/100 brn\n|-start|p1a: El Rey lento|Salt Cure\n|\n|-heal|p1a: El Rey lento|80\/100 brn|[from] item: Leftovers\n|-heal|p2a: Garganacl|94\/100|[from] item: Leftovers\n|-damage|p2a: Garganacl|82\/100|[from] Leech Seed|[of] p1a: El Rey lento\n|-heal|p1a: El Rey lento|93\/100 brn|[silent]\n|-damage|p1a: El Rey lento|87\/100 brn|[from] brn\n|-damage|p1a: El Rey lento|62\/100 brn|[from] Salt Cure\n|upkeep\n|turn|81\n|\n|t:|1699911688\n|move|p1a: El Rey lento|Future Sight|p2a: Garganacl\n|-start|p1a: El Rey lento|move: Future Sight\n|move|p2a: Garganacl|Salt Cure|p1a: El Rey lento\n|-damage|p1a: El Rey lento|41\/100 brn\n|\n|-heal|p1a: El Rey lento|47\/100 brn|[from] item: Leftovers\n|-heal|p2a: Garganacl|88\/100|[from] item: Leftovers\n|-damage|p2a: Garganacl|76\/100|[from] Leech Seed|[of] p1a: El Rey lento\n|-heal|p1a: El Rey lento|60\/100 brn|[silent]\n|-damage|p1a: El Rey lento|54\/100 brn|[from] brn\n|-damage|p1a: El Rey lento|29\/100 brn|[from] Salt Cure\n|upkeep\n|turn|82\n|\n|t:|1699911692\n|switch|p1a: Skrapy|Skarmory, F|54\/100\n|move|p2a: Garganacl|Salt Cure|p1a: Skrapy\n|-damage|p1a: Skrapy|33\/100\n|-start|p1a: Skrapy|Salt Cure\n|\n|-heal|p2a: Garganacl|82\/100|[from] item: Leftovers\n|-damage|p2a: Garganacl|70\/100|[from] Leech Seed|[of] p1a: Skrapy\n|-heal|p1a: Skrapy|48\/100|[silent]\n|-damage|p1a: Skrapy|23\/100|[from] Salt Cure\n|upkeep\n|turn|83\n|\n|t:|1699911698\n|move|p1a: Skrapy|Roost|p1a: Skrapy\n|-heal|p1a: Skrapy|73\/100\n|-singleturn|p1a: Skrapy|move: Roost\n|move|p2a: Garganacl|Recover|p2a: Garganacl\n|-heal|p2a: Garganacl|100\/100\n|\n|-end|p2a: Garganacl|move: Future Sight\n|-damage|p2a: Garganacl|60\/100\n|-heal|p2a: Garganacl|66\/100|[from] item: Leftovers\n|-damage|p2a: Garganacl|53\/100|[from] Leech Seed|[of] p1a: Skrapy\n|-heal|p1a: Skrapy|88\/100|[silent]\n|-damage|p1a: Skrapy|63\/100|[from] Salt Cure\n|upkeep\n|turn|84\n|\n|t:|1699911708\n|move|p1a: Skrapy|Roost|p1a: Skrapy\n|-heal|p1a: Skrapy|100\/100\n|-singleturn|p1a: Skrapy|move: Roost\n|move|p2a: Garganacl|Recover|p2a: Garganacl\n|-heal|p2a: Garganacl|100\/100\n|\n|-damage|p2a: Garganacl|88\/100|[from] Leech Seed|[of] p1a: Skrapy\n|-damage|p1a: Skrapy|76\/100|[from] Salt Cure\n|upkeep\n|turn|85\n|\n|t:|1699911718\n|switch|p1a: Nursita|Chansey, F|88\/100\n|move|p2a: Garganacl|Recover|p2a: Garganacl\n|-heal|p2a: Garganacl|100\/100\n|\n|-damage|p2a: Garganacl|88\/100|[from] Leech Seed|[of] p1a: Nursita\n|-heal|p1a: Nursita|95\/100|[silent]\n|upkeep\n|turn|86\n|\n|t:|1699911724\n|move|p1a: Nursita|Protect|p1a: Nursita\n|-singleturn|p1a: Nursita|Protect\n|move|p2a: Garganacl|Salt Cure|p1a: Nursita\n|-activate|p1a: Nursita|move: Protect\n|\n|-heal|p2a: Garganacl|94\/100|[from] item: Leftovers\n|-damage|p2a: Garganacl|82\/100|[from] Leech Seed|[of] p1a: Nursita\n|-heal|p1a: Nursita|100\/100|[silent]\n|upkeep\n|turn|87\n|\n|t:|1699911729\n|move|p1a: Nursita|Heal Bell|p1a: Nursita\n|-activate|p1a: Nursita|move: Heal Bell\n|-curestatus|p1: El Rey lento|brn|[msg]\n|move|p2a: Garganacl|Salt Cure|p1a: Nursita\n|-damage|p1a: Nursita|79\/100\n|-start|p1a: Nursita|Salt Cure\n|\n|-heal|p2a: Garganacl|88\/100|[from] item: Leftovers\n|-damage|p2a: Garganacl|76\/100|[from] Leech Seed|[of] p1a: Nursita\n|-heal|p1a: Nursita|87\/100|[silent]\n|-damage|p1a: Nursita|74\/100|[from] Salt Cure\n|upkeep\n|turn|88\n|\n|t:|1699911733\n|switch|p1a: El Rey lento|Slowbro, M|62\/100\n|move|p2a: Garganacl|Salt Cure|p1a: El Rey lento\n|-damage|p1a: El Rey lento|43\/100\n|-start|p1a: El Rey lento|Salt Cure\n|\n|-heal|p1a: El Rey lento|49\/100|[from] item: Leftovers\n|-heal|p2a: Garganacl|82\/100|[from] item: Leftovers\n|-damage|p2a: Garganacl|70\/100|[from] Leech Seed|[of] p1a: El Rey lento\n|-heal|p1a: El Rey lento|61\/100|[silent]\n|-damage|p1a: El Rey lento|37\/100|[from] Salt Cure\n|upkeep\n|turn|89\n|\n|t:|1699911742\n|switch|p1a: Nursita|Chansey, F|74\/100\n|move|p2a: Garganacl|Curse|p1a: Nursita\n|-start|p1a: Nursita|Curse|[of] p2a: Garganacl\n|-damage|p2a: Garganacl|20\/100\n|\n|-heal|p2a: Garganacl|26\/100|[from] item: Leftovers\n|-damage|p2a: Garganacl|13\/100|[from] Leech Seed|[of] p1a: Nursita\n|-heal|p1a: Nursita|81\/100|[silent]\n|-damage|p1a: Nursita|56\/100|[from] Curse\n|upkeep\n|turn|90\n|\n|t:|1699911748\n|switch|p1a: El Rey lento|Slowbro, M|70\/100\n|move|p2a: Garganacl|Recover|p2a: Garganacl\n|-heal|p2a: Garganacl|63\/100\n|\n|-heal|p1a: El Rey lento|76\/100|[from] item: Leftovers\n|-heal|p2a: Garganacl|70\/100|[from] item: Leftovers\n|-damage|p2a: Garganacl|57\/100|[from] Leech Seed|[of] p1a: El Rey lento\n|-heal|p1a: El Rey lento|89\/100|[silent]\n|upkeep\n|turn|91\n|\n|t:|1699911754\n|move|p1a: El Rey lento|Future Sight|p2a: Garganacl\n|-start|p1a: El Rey lento|move: Future Sight\n|move|p2a: Garganacl|Salt Cure|p1a: El Rey lento\n|-crit|p1a: El Rey lento\n|-damage|p1a: El Rey lento|56\/100\n|-start|p1a: El Rey lento|Salt Cure\n|\n|-heal|p1a: El Rey lento|62\/100|[from] item: Leftovers\n|-heal|p2a: Garganacl|63\/100|[from] item: Leftovers\n|-damage|p2a: Garganacl|51\/100|[from] Leech Seed|[of] p1a: El Rey lento\n|-heal|p1a: El Rey lento|75\/100|[silent]\n|-damage|p1a: El Rey lento|50\/100|[from] Salt Cure\n|upkeep\n|turn|92\n|\n|t:|1699911762\n|switch|p1a: Sr Pato|Porygon2|86\/100\n|-ability|p1a: Sr Pato|Purifying Salt|[from] ability: Trace|[of] p2a: Garganacl\n|move|p2a: Garganacl|Salt Cure|p1a: Sr Pato\n|-damage|p1a: Sr Pato|68\/100\n|-start|p1a: Sr Pato|Salt Cure\n|\n|-heal|p2a: Garganacl|57\/100|[from] item: Leftovers\n|-damage|p2a: Garganacl|45\/100|[from] Leech Seed|[of] p1a: Sr Pato\n|-heal|p1a: Sr Pato|82\/100|[silent]\n|-damage|p1a: Sr Pato|69\/100|[from] Salt Cure\n|upkeep\n|turn|93\n|\n|t:|1699911767\n|move|p1a: Sr Pato|Shadow Ball|p2a: Garganacl\n|-supereffective|p2a: Garganacl\n|-damage|p2a: Garganacl|26\/100\n|move|p2a: Garganacl|Recover|p2a: Garganacl\n|-heal|p2a: Garganacl|76\/100\n|\n|-end|p2a: Garganacl|move: Future Sight\n|-damage|p2a: Garganacl|38\/100\n|-heal|p2a: Garganacl|45\/100|[from] item: Leftovers\n|-damage|p2a: Garganacl|32\/100|[from] Leech Seed|[of] p1a: Sr Pato\n|-heal|p1a: Sr Pato|83\/100|[silent]\n|-damage|p1a: Sr Pato|71\/100|[from] Salt Cure\n|upkeep\n|turn|94\n|\n|t:|1699911792\n|move|p1a: Sr Pato|Shadow Ball|p2a: Garganacl\n|-supereffective|p2a: Garganacl\n|-damage|p2a: Garganacl|15\/100\n|move|p2a: Garganacl|Salt Cure|p1a: Sr Pato\n|-damage|p1a: Sr Pato|51\/100\n|\n|-heal|p2a: Garganacl|21\/100|[from] item: Leftovers\n|-damage|p2a: Garganacl|9\/100|[from] Leech Seed|[of] p1a: Sr Pato\n|-heal|p1a: Sr Pato|65\/100|[silent]\n|-damage|p1a: Sr Pato|52\/100|[from] Salt Cure\n|upkeep\n|turn|95\n|\n|t:|1699911800\n|switch|p2a: Roserade|Roserade, M|100\/100\n|move|p1a: Sr Pato|Shadow Ball|p2a: Roserade\n|-damage|p2a: Roserade|87\/100\n|\n|-heal|p2a: Roserade|93\/100|[from] item: Leftovers\n|-damage|p1a: Sr Pato|40\/100|[from] Salt Cure\n|upkeep\n|turn|96\n|\n|t:|1699911806\n|switch|p2a: Garganacl|Garganacl, M, tera:Ghost|9\/100\n|move|p1a: Sr Pato|Recover|p1a: Sr Pato\n|-heal|p1a: Sr Pato|90\/100\n|\n|-heal|p2a: Garganacl|15\/100|[from] item: Leftovers\n|-damage|p1a: Sr Pato|78\/100|[from] Salt Cure\n|upkeep\n|turn|97\n|\n|t:|1699911813\n|switch|p2a: Roserade|Roserade, M|93\/100\n|move|p1a: Sr Pato|Shadow Ball|p2a: Roserade\n|-damage|p2a: Roserade|79\/100\n|\n|-heal|p2a: Roserade|85\/100|[from] item: Leftovers\n|-damage|p1a: Sr Pato|65\/100|[from] Salt Cure\n|upkeep\n|turn|98\n|\n|t:|1699911818\n|switch|p1a: Nursita|Chansey, F|56\/100\n|move|p2a: Roserade|Giga Drain|p1a: Nursita\n|-damage|p1a: Nursita|46\/100\n|-heal|p2a: Roserade|97\/100|[from] drain|[of] p1a: Nursita\n|\n|-heal|p2a: Roserade|100\/100|[from] item: Leftovers\n|upkeep\n|turn|99\n|\n|t:|1699911824\n|switch|p2a: Garganacl|Garganacl, M, tera:Ghost|15\/100\n|move|p1a: Nursita|Wish|p1a: Nursita\n|\n|-heal|p2a: Garganacl|21\/100|[from] item: Leftovers\n|upkeep\n|turn|100\n|\n|t:|1699911828\n|move|p1a: Nursita|Protect|p1a: Nursita\n|-singleturn|p1a: Nursita|Protect\n|move|p2a: Garganacl|Recover|p2a: Garganacl\n|-heal|p2a: Garganacl|71\/100\n|\n|-heal|p1a: Nursita|96\/100|[from] move: Wish|[wisher] Nursita\n|-heal|p2a: Garganacl|77\/100|[from] item: Leftovers\n|upkeep\n|turn|101\n|\n|t:|1699911833\n|move|p1a: Nursita|Wish|p1a: Nursita\n|move|p2a: Garganacl|Salt Cure|p1a: Nursita\n|-damage|p1a: Nursita|87\/100\n|-start|p1a: Nursita|Salt Cure\n|\n|-heal|p2a: Garganacl|83\/100|[from] item: Leftovers\n|-damage|p1a: Nursita|75\/100|[from] Salt Cure\n|upkeep\n|turn|102\n|\n|t:|1699911840\n|switch|p1a: El Cebollita|Venusaur-Mega, F|68\/100\n|switch|p2a: Hydreigon|Hydreigon, M|100\/100\n|\n|-heal|p1a: El Cebollita|100\/100|[from] move: Wish|[wisher] Nursita\n|upkeep\n|turn|103\n|\n|t:|1699911845\n|move|p2a: Hydreigon|Dragon Dance|p2a: Hydreigon\n|-boost|p2a: Hydreigon|atk|1\n|-boost|p2a: Hydreigon|spe|1\n|move|p1a: El Cebollita|Leech Seed|p2a: Hydreigon\n|-start|p2a: Hydreigon|move: Leech Seed\n|\n|-damage|p2a: Hydreigon|88\/100|[from] Leech Seed|[of] p1a: El Cebollita\n|upkeep\n|turn|104\n|\n|t:|1699911851\n|switch|p1a: Barrilete cosmico|Clefable, M|100\/100\n|move|p2a: Hydreigon|Earthquake|p1a: Barrilete cosmico\n|-damage|p1a: Barrilete cosmico|74\/100\n|\n|-heal|p2a: Hydreigon|94\/100|[from] item: Leftovers\n|-heal|p1a: Barrilete cosmico|80\/100|[from] item: Leftovers\n|-damage|p2a: Hydreigon|82\/100|[from] Leech Seed|[of] p1a: Barrilete cosmico\n|-heal|p1a: Barrilete cosmico|91\/100|[silent]\n|upkeep\n|turn|105\n|\n|t:|1699911858\n|switch|p2a: Roserade|Roserade, M|100\/100\n|move|p1a: Barrilete cosmico|Moonblast|p2a: Roserade\n|-resisted|p2a: Roserade\n|-damage|p2a: Roserade|88\/100\n|\n|-heal|p2a: Roserade|95\/100|[from] item: Leftovers\n|-heal|p1a: Barrilete cosmico|97\/100|[from] item: Leftovers\n|upkeep\n|turn|106\n|\n|t:|1699911863\n|switch|p1a: Skrapy|Skarmory, F|76\/100\n|move|p2a: Roserade|Sludge Bomb|p1a: Skrapy\n|-immune|p1a: Skrapy\n|\n|-heal|p2a: Roserade|100\/100|[from] item: Leftovers\n|upkeep\n|turn|107\n|\n|t:|1699911879\n|switch|p2a: Garganacl|Garganacl, M, tera:Ghost|83\/100\n|switch|p1a: El Cebollita|Venusaur-Mega, F|100\/100\n|\n|-heal|p2a: Garganacl|90\/100|[from] item: Leftovers\n|upkeep\n|turn|108\n|\n|t:|1699911886\n|move|p1a: El Cebollita|Leech Seed|p2a: Garganacl\n|-start|p2a: Garganacl|move: Leech Seed\n|move|p2a: Garganacl|Curse|p1a: El Cebollita\n|-start|p1a: El Cebollita|Curse|[of] p2a: Garganacl\n|-damage|p2a: Garganacl|40\/100\n|\n|-heal|p2a: Garganacl|46\/100|[from] item: Leftovers\n|-damage|p2a: Garganacl|33\/100|[from] Leech Seed|[of] p1a: El Cebollita\n|-damage|p1a: El Cebollita|75\/100|[from] Curse\n|upkeep\n|turn|109\n|\n|t:|1699911898\n|switch|p1a: El Rey lento|Slowbro, M|83\/100\n|switch|p2a: Gardevoir|Gardevoir, F, shiny|100\/100\n|-ability|p2a: Gardevoir|Regenerator|[from] ability: Trace|[of] p1a: El Rey lento\n|\n|-heal|p1a: El Rey lento|89\/100|[from] item: Leftovers\n|upkeep\n|turn|110\n|\n|t:|1699911905\n|move|p2a: Gardevoir|Mystical Fire|p1a: El Rey lento\n|-resisted|p1a: El Rey lento\n|-damage|p1a: El Rey lento|76\/100\n|-unboost|p1a: El Rey lento|spa|1\n|move|p1a: El Rey lento|Toxic|p2a: Gardevoir\n|-status|p2a: Gardevoir|tox\n|\n|-heal|p1a: El Rey lento|82\/100|[from] item: Leftovers\n|-damage|p2a: Gardevoir|94\/100 tox|[from] psn\n|upkeep\n|turn|111\n|\n|t:|1699911911\n|switch|p1a: Nursita|Chansey, F|75\/100\n|move|p2a: Gardevoir|Hyper Voice|p1a: Nursita\n|-damage|p1a: Nursita|66\/100\n|\n|-damage|p2a: Gardevoir|82\/100 tox|[from] psn\n|upkeep\n|turn|112\n|\n|t:|1699911919\n|switch|p2a: Skarmory|Skarmory, M|88\/100\n|move|p1a: Nursita|Wish|p1a: Nursita\n|\n|-heal|p2a: Skarmory|94\/100|[from] item: Leftovers\n|upkeep\n|turn|113\n|\n|t:|1699911922\n|switch|p2a: Gardevoir|Gardevoir, F, shiny|100\/100 tox\n|-ability|p2a: Gardevoir|Natural Cure|[from] ability: Trace|[of] p1a: Nursita\n|move|p1a: Nursita|Seismic Toss|p2a: Gardevoir\n|-damage|p2a: Gardevoir|64\/100 tox\n|\n|-heal|p1a: Nursita|100\/100|[from] move: Wish|[wisher] Nursita\n|-damage|p2a: Gardevoir|58\/100 tox|[from] psn\n|upkeep\n|turn|114\n|\n|t:|1699911929\n|-curestatus|p2a: Gardevoir|tox|[from] ability: Natural Cure\n|switch|p2a: Roserade|Roserade, M|100\/100\n|move|p1a: Nursita|Wish|p1a: Nursita\n|\n|upkeep\n|turn|115\n|\n|t:|1699911940\n|switch|p1a: El Cebollita|Venusaur-Mega, F|75\/100\n|move|p2a: Roserade|Sludge Bomb|p1a: El Cebollita\n|-damage|p1a: El Cebollita|47\/100\n|\n|-heal|p1a: El Cebollita|100\/100|[from] move: Wish|[wisher] Nursita\n|upkeep\n|turn|116\n|\n|t:|1699911951\n|move|p1a: El Cebollita|Protect|p1a: El Cebollita\n|-singleturn|p1a: El Cebollita|Protect\n|move|p2a: Roserade|Giga Drain|p1a: El Cebollita\n|-activate|p1a: El Cebollita|move: Protect\n|\n|upkeep\n|turn|117\n|\n|t:|1699911957\n|switch|p1a: Skrapy|Skarmory, F|76\/100\n|move|p2a: Roserade|Giga Drain|p1a: Skrapy\n|-resisted|p1a: Skrapy\n|-damage|p1a: Skrapy|65\/100\n|\n|upkeep\n|turn|118\n|\n|t:|1699911968\n|switch|p1a: Nursita|Chansey, F|100\/100\n|move|p2a: Roserade|Giga Drain|p1a: Nursita\n|-damage|p1a: Nursita|91\/100\n|\n|upkeep\n|turn|119\n|\n|t:|1699911971\n|move|p2a: Roserade|Leech Seed|p1a: Nursita\n|-start|p1a: Nursita|move: Leech Seed\n|move|p1a: Nursita|Wish|p1a: Nursita\n|\n|-damage|p1a: Nursita|78\/100|[from] Leech Seed|[of] p2a: Roserade\n|upkeep\n|turn|120\n|\n|t:|1699911974\n|switch|p2a: Gardevoir|Gardevoir, F, shiny|58\/100\n|-ability|p2a: Gardevoir|Natural Cure|[from] ability: Trace|[of] p1a: Nursita\n|switch|p1a: Sr Pato|Porygon2|65\/100\n|-ability|p1a: Sr Pato|Natural Cure|[from] ability: Trace|[of] p2a: Gardevoir\n|\n|-heal|p1a: Sr Pato|100\/100|[from] move: Wish|[wisher] Nursita\n|upkeep\n|turn|121\n|\n|t:|1699911982\n|switch|p2a: Roserade|Roserade, M|100\/100\n|move|p1a: Sr Pato|Tri Attack|p2a: Roserade\n|-damage|p2a: Roserade|79\/100\n|\n|-heal|p2a: Roserade|85\/100|[from] item: Leftovers\n|upkeep\n|turn|122\n|\n|t:|1699911994\n|switch|p1a: Nursita|Chansey, F|78\/100\n|move|p2a: Roserade|Giga Drain|p1a: Nursita\n|-damage|p1a: Nursita|68\/100\n|-heal|p2a: Roserade|97\/100|[from] drain|[of] p1a: Nursita\n|\n|-heal|p2a: Roserade|100\/100|[from] item: Leftovers\n|upkeep\n|turn|123\n|\n|t:|1699912002\n|move|p2a: Roserade|Giga Drain|p1a: Nursita\n|-damage|p1a: Nursita|58\/100\n|move|p1a: Nursita|Wish|p1a: Nursita\n|\n|upkeep\n|turn|124\n|\n|t:|1699912005\n|move|p1a: Nursita|Protect|p1a: Nursita\n|-singleturn|p1a: Nursita|Protect\n|move|p2a: Roserade|Leech Seed|p1a: Nursita\n|-activate|p1a: Nursita|move: Protect\n|\n|-heal|p1a: Nursita|100\/100|[from] move: Wish|[wisher] Nursita\n|upkeep\n|turn|125\n|\n|t:|1699912010\n|move|p2a: Roserade|Giga Drain|p1a: Nursita\n|-damage|p1a: Nursita|90\/100\n|move|p1a: Nursita|Wish|p1a: Nursita\n|\n|upkeep\n|turn|126\n|\n|t:|1699912017\n|switch|p2a: Garganacl|Garganacl, M, tera:Ghost|33\/100\n|switch|p1a: Skrapy|Skarmory, F|65\/100\n|\n|-heal|p1a: Skrapy|100\/100|[from] move: Wish|[wisher] Nursita\n|-heal|p2a: Garganacl|40\/100|[from] item: Leftovers\n|upkeep\n|turn|127\n|\n|t:|1699912024\n|switch|p1a: Sr Pato|Porygon2|100\/100\n|-ability|p1a: Sr Pato|Purifying Salt|[from] ability: Trace|[of] p2a: Garganacl\n|move|p2a: Garganacl|Salt Cure|p1a: Sr Pato\n|-damage|p1a: Sr Pato|93\/100\n|-start|p1a: Sr Pato|Salt Cure\n|\n|-heal|p2a: Garganacl|46\/100|[from] item: Leftovers\n|-damage|p1a: Sr Pato|81\/100|[from] Salt Cure\n|upkeep\n|turn|128\n|\n|t:|1699912031\n|switch|p2a: Roserade|Roserade, M|100\/100\n|move|p1a: Sr Pato|Shadow Ball|p2a: Roserade\n|-damage|p2a: Roserade|85\/100\n|\n|-heal|p2a: Roserade|91\/100|[from] item: Leftovers\n|-damage|p1a: Sr Pato|69\/100|[from] Salt Cure\n|upkeep\n|turn|129\n|\n|t:|1699912041\n|switch|p1a: El Cebollita|Venusaur-Mega, F|100\/100\n|move|p2a: Roserade|Giga Drain|p1a: El Cebollita\n|-resisted|p1a: El Cebollita\n|-damage|p1a: El Cebollita|95\/100\n|-heal|p2a: Roserade|95\/100|[from] drain|[of] p1a: El Cebollita\n|\n|-heal|p2a: Roserade|100\/100|[from] item: Leftovers\n|upkeep\n|turn|130\n|\n|t:|1699912046\n|move|p2a: Roserade|Sludge Bomb|p1a: El Cebollita\n|-crit|p1a: El Cebollita\n|-damage|p1a: El Cebollita|47\/100\n|move|p1a: El Cebollita|Earth Power|p2a: Roserade\n|-damage|p2a: Roserade|83\/100\n|\n|-heal|p2a: Roserade|89\/100|[from] item: Leftovers\n|upkeep\n|turn|131\n|\n|t:|1699912056\n|switch|p2a: Gardevoir|Gardevoir, F, shiny|58\/100\n|-ability|p2a: Gardevoir|Thick Fat|[from] ability: Trace|[of] p1a: El Cebollita\n|move|p1a: El Cebollita|Protect||[still]\n|-fail|p1a: El Cebollita\n|\n|upkeep\n|turn|132\n|\n|t:|1699912062\n|switch|p1a: El Rey lento|Slowbro, M|100\/100\n|move|p2a: Gardevoir|Psychic|p1a: El Rey lento\n|-resisted|p1a: El Rey lento\n|-damage|p1a: El Rey lento|78\/100\n|\n|-heal|p1a: El Rey lento|84\/100|[from] item: Leftovers\n|upkeep\n|turn|133\n|\n|t:|1699912065\n|switch|p2a: Roserade|Roserade, M|89\/100\n|move|p1a: El Rey lento|Toxic|p2a: Roserade\n|-immune|p2a: Roserade\n|\n|-heal|p2a: Roserade|96\/100|[from] item: Leftovers\n|-heal|p1a: El Rey lento|90\/100|[from] item: Leftovers\n|upkeep\n|turn|134\n|\n|t:|1699912070\n|switch|p1a: Nursita|Chansey, F|90\/100\n|move|p2a: Roserade|Giga Drain|p1a: Nursita\n|-damage|p1a: Nursita|80\/100\n|-heal|p2a: Roserade|100\/100|[from] drain|[of] p1a: Nursita\n|\n|upkeep\n|turn|135\n|\n|t:|1699912074\n|move|p2a: Roserade|Leech Seed|p1a: Nursita\n|-start|p1a: Nursita|move: Leech Seed\n|move|p1a: Nursita|Wish|p1a: Nursita\n|\n|-damage|p1a: Nursita|68\/100|[from] Leech Seed|[of] p2a: Roserade\n|upkeep\n|turn|136\n|\n|t:|1699912077\n|switch|p2a: Gardevoir|Gardevoir, F, shiny|58\/100\n|-ability|p2a: Gardevoir|Natural Cure|[from] ability: Trace|[of] p1a: Nursita\n|switch|p1a: El Cebollita|Venusaur-Mega, F|47\/100\n|\n|-heal|p1a: El Cebollita|100\/100|[from] move: Wish|[wisher] Nursita\n|upkeep\n|turn|137\n|\n|t:|1699912086\n|move|p1a: El Cebollita|Protect|p1a: El Cebollita\n|-singleturn|p1a: El Cebollita|Protect\n|move|p2a: Gardevoir|Psychic|p1a: El Cebollita\n|-activate|p1a: El Cebollita|move: Protect\n|\n|upkeep\n|turn|138\n|\n|t:|1699912092\n|switch|p1a: Nursita|Chansey, F|68\/100\n|move|p2a: Gardevoir|Psychic|p1a: Nursita\n|-crit|p1a: Nursita\n|-damage|p1a: Nursita|48\/100\n|\n|upkeep\n|turn|139\n|\n|t:|1699912096\n|move|p2a: Gardevoir|Aura Sphere|p1a: Nursita\n|-supereffective|p1a: Nursita\n|-damage|p1a: Nursita|30\/100\n|move|p1a: Nursita|Wish|p1a: Nursita\n|\n|upkeep\n|turn|140\n|\n|t:|1699912118\n|switch|p2a: Garganacl|Garganacl, M, tera:Ghost|46\/100\n|move|p1a: Nursita|Seismic Toss|p2a: Garganacl\n|-immune|p2a: Garganacl\n|\n|-heal|p1a: Nursita|80\/100|[from] move: Wish|[wisher] Nursita\n|-heal|p2a: Garganacl|52\/100|[from] item: Leftovers\n|upkeep\n|turn|141\n|\n|t:|1699912125\n|switch|p1a: Sr Pato|Porygon2|69\/100\n|-ability|p1a: Sr Pato|Purifying Salt|[from] ability: Trace|[of] p2a: Garganacl\n|move|p2a: Garganacl|Salt Cure|p1a: Sr Pato\n|-damage|p1a: Sr Pato|61\/100\n|-start|p1a: Sr Pato|Salt Cure\n|\n|-heal|p2a: Garganacl|58\/100|[from] item: Leftovers\n|-damage|p1a: Sr Pato|49\/100|[from] Salt Cure\n|upkeep\n|turn|142\n|\n|t:|1699912136\n|move|p1a: Sr Pato|Recover|p1a: Sr Pato\n|-heal|p1a: Sr Pato|99\/100\n|move|p2a: Garganacl|Salt Cure|p1a: Sr Pato\n|-damage|p1a: Sr Pato|92\/100\n|\n|-heal|p2a: Garganacl|64\/100|[from] item: Leftovers\n|-damage|p1a: Sr Pato|79\/100|[from] Salt Cure\n|upkeep\n|turn|143\n|\n|t:|1699912145\n|switch|p1a: El Cebollita|Venusaur-Mega, F|100\/100\n|switch|p2a: Roserade|Roserade, M|100\/100\n|\n|upkeep\n|turn|144\n|\n|t:|1699912150\n|move|p1a: El Cebollita|Protect|p1a: El Cebollita\n|-singleturn|p1a: El Cebollita|Protect\n|move|p2a: Roserade|Giga Drain|p1a: El Cebollita\n|-activate|p1a: El Cebollita|move: Protect\n|\n|upkeep\n|turn|145\n|\n|t:|1699912156\n|move|p2a: Roserade|Sludge Bomb|p1a: El Cebollita\n|-damage|p1a: El Cebollita|69\/100\n|move|p1a: El Cebollita|Earth Power|p2a: Roserade\n|-damage|p2a: Roserade|83\/100\n|\n|-heal|p2a: Roserade|89\/100|[from] item: Leftovers\n|upkeep\n|turn|146\n|\n|t:|1699912161\n|switch|p2a: Gardevoir|Gardevoir, F, shiny|58\/100\n|-ability|p2a: Gardevoir|Thick Fat|[from] ability: Trace|[of] p1a: El Cebollita\n|move|p1a: El Cebollita|Protect||[still]\n|-fail|p1a: El Cebollita\n|\n|upkeep\n|turn|147\n|\n|t:|1699912171\n|switch|p1a: Nursita|Chansey, F|80\/100\n|detailschange|p2a: Gardevoir|Gardevoir-Mega, F, shiny\n|-mega|p2a: Gardevoir|Gardevoir|Gardevoirite\n|move|p2a: Gardevoir|Hyper Voice|p1a: Nursita\n|-damage|p1a: Nursita|58\/100\n|\n|upkeep\n|turn|148\n|inactive|PearlHarbor1996 has 120 seconds left.\n|\n|t:|1699912196\n|switch|p2a: Skarmory|Skarmory, M|94\/100\n|move|p1a: Nursita|Wish|p1a: Nursita\n|\n|-heal|p2a: Skarmory|99\/100|[from] item: Leftovers\n|upkeep\n|turn|149\n|\n|t:|1699912201\n|move|p2a: Skarmory|Spikes|p1a: Nursita\n|-sidestart|p1: pocoYop|Spikes\n|move|p1a: Nursita|Seismic Toss|p2a: Skarmory\n|-damage|p2a: Skarmory|70\/100\n|\n|-heal|p1a: Nursita|100\/100|[from] move: Wish|[wisher] Nursita\n|-heal|p2a: Skarmory|76\/100|[from] item: Leftovers\n|upkeep\n|turn|150\n|\n|t:|1699912206\n|switch|p1a: Skrapy|Skarmory, F|100\/100\n|move|p2a: Skarmory|Roar|p1a: Skrapy\n|drag|p1a: Nursita|Chansey, F|100\/100\n|-damage|p1a: Nursita|88\/100|[from] Spikes\n|\n|-heal|p2a: Skarmory|82\/100|[from] item: Leftovers\n|upkeep\n|turn|151\n|\n|t:|1699912209\n|move|p2a: Skarmory|Spikes|p1a: Nursita\n|-sidestart|p1: pocoYop|Spikes\n|move|p1a: Nursita|Seismic Toss|p2a: Skarmory\n|-damage|p2a: Skarmory|52\/100\n|\n|-heal|p2a: Skarmory|58\/100|[from] item: Leftovers\n|upkeep\n|turn|152\n|\n|t:|1699912214\n|move|p1a: Nursita|Wish|p1a: Nursita\n|move|p2a: Skarmory|Roar|p1a: Nursita\n|drag|p1a: Barrilete cosmico|Clefable, M|97\/100\n|-damage|p1a: Barrilete cosmico|80\/100|[from] Spikes\n|\n|-heal|p2a: Skarmory|64\/100|[from] item: Leftovers\n|-heal|p1a: Barrilete cosmico|86\/100|[from] item: Leftovers\n|upkeep\n|turn|153\n|\n|t:|1699912217\n|switch|p1a: El Cebollita|Venusaur-Mega, F|69\/100\n|-damage|p1a: El Cebollita|53\/100|[from] Spikes\n|move|p2a: Skarmory|Roost|p2a: Skarmory\n|-heal|p2a: Skarmory|100\/100\n|-singleturn|p2a: Skarmory|move: Roost\n|\n|-heal|p1a: El Cebollita|100\/100|[from] move: Wish|[wisher] Nursita\n|upkeep\n|turn|154\n|\n|t:|1699912222\n|switch|p2a: Roserade|Roserade, M|89\/100\n|move|p1a: El Cebollita|Leech Seed|p2a: Roserade\n|-immune|p2a: Roserade\n|\n|-heal|p2a: Roserade|95\/100|[from] item: Leftovers\n|upkeep\n|turn|155\n|\n|t:|1699912226\n|switch|p2a: Skarmory|Skarmory, M|100\/100\n|move|p1a: El Cebollita|Protect||[still]\n|-fail|p1a: El Cebollita\n|\n|upkeep\n|turn|156\n|\n|t:|1699912232\n|switch|p2a: Roserade|Roserade, M|95\/100\n|move|p1a: El Cebollita|Giga Drain|p2a: Roserade\n|-resisted|p2a: Roserade\n|-crit|p2a: Roserade\n|-damage|p2a: Roserade|87\/100\n|\n|-heal|p2a: Roserade|93\/100|[from] item: Leftovers\n|upkeep\n|turn|157\n|\n|t:|1699912236\n|switch|p2a: Skarmory|Skarmory, M|100\/100\n|switch|p1a: Skrapy|Skarmory, F|100\/100\n|\n|upkeep\n|turn|158\n|\n|t:|1699912240\n|move|p2a: Skarmory|Spikes|p1a: Skrapy\n|-sidestart|p1: pocoYop|Spikes\n|move|p1a: Skrapy|Defog|p2a: Skarmory\n|-unboost|p2a: Skarmory|evasion|1\n|-sideend|p1: pocoYop|Spikes|[from] move: Defog|[of] p1a: Skrapy\n|\n|upkeep\n|turn|159\n|\n|t:|1699912244\n|move|p1a: Skrapy|Body Press|p2a: Skarmory\n|-damage|p2a: Skarmory|76\/100\n|move|p2a: Skarmory|Spikes|p1a: Skrapy\n|-sidestart|p1: pocoYop|Spikes\n|\n|-heal|p2a: Skarmory|82\/100|[from] item: Leftovers\n|upkeep\n|turn|160\n|\n|t:|1699912248\n|move|p1a: Skrapy|Defog|p2a: Skarmory\n|-unboost|p2a: Skarmory|evasion|1\n|-sideend|p1: pocoYop|Spikes|[from] move: Defog|[of] p1a: Skrapy\n|move|p2a: Skarmory|Roost|p2a: Skarmory\n|-heal|p2a: Skarmory|100\/100\n|-singleturn|p2a: Skarmory|move: Roost\n|\n|upkeep\n|turn|161\n|\n|t:|1699912253\n|switch|p2a: Garganacl|Garganacl, M, tera:Ghost|64\/100\n|move|p1a: Skrapy|Body Press|p2a: Garganacl\n|-immune|p2a: Garganacl\n|\n|-heal|p2a: Garganacl|71\/100|[from] item: Leftovers\n|upkeep\n|turn|162\n|\n|t:|1699912259\n|switch|p1a: El Cebollita|Venusaur-Mega, F|100\/100\n|move|p2a: Garganacl|Salt Cure|p1a: El Cebollita\n|-damage|p1a: El Cebollita|92\/100\n|-start|p1a: El Cebollita|Salt Cure\n|\n|-heal|p2a: Garganacl|77\/100|[from] item: Leftovers\n|-damage|p1a: El Cebollita|80\/100|[from] Salt Cure\n|upkeep\n|turn|163\n|\n|t:|1699912262\n|switch|p2a: Roserade|Roserade, M|93\/100\n|move|p1a: El Cebollita|Leech Seed|p2a: Roserade\n|-immune|p2a: Roserade\n|\n|-heal|p2a: Roserade|99\/100|[from] item: Leftovers\n|-damage|p1a: El Cebollita|67\/100|[from] Salt Cure\n|upkeep\n|turn|164\n|\n|t:|1699912265\n|switch|p2a: Skarmory|Skarmory, M|100\/100\n|switch|p1a: Skrapy|Skarmory, F|100\/100\n|\n|upkeep\n|turn|165\n|\n|t:|1699912269\n|move|p2a: Skarmory|Spikes|p1a: Skrapy\n|-sidestart|p1: pocoYop|Spikes\n|move|p1a: Skrapy|Iron Defense|p1a: Skrapy\n|-boost|p1a: Skrapy|def|2\n|\n|upkeep\n|turn|166\n|\n|t:|1699912273\n|move|p1a: Skrapy|Defog|p2a: Skarmory\n|-unboost|p2a: Skarmory|evasion|1\n|-sideend|p1: pocoYop|Spikes|[from] move: Defog|[of] p1a: Skrapy\n|move|p2a: Skarmory|Roar|p1a: Skrapy\n|drag|p1a: Nursita|Chansey, F|88\/100\n|\n|upkeep\n|turn|167\n|\n|t:|1699912277\n|switch|p1a: El Cebollita|Venusaur-Mega, F|67\/100\n|move|p2a: Skarmory|Spikes|p1a: El Cebollita\n|-sidestart|p1: pocoYop|Spikes\n|\n|upkeep\n|turn|168\n|\n|t:|1699912293\n|switch|p2a: Roserade|Roserade, M|99\/100\n|move|p1a: El Cebollita|Earth Power|p2a: Roserade\n|-damage|p2a: Roserade|80\/100\n|\n|-heal|p2a: Roserade|86\/100|[from] item: Leftovers\n|upkeep\n|turn|169\n|\n|t:|1699912301\n|move|p2a: Roserade|Sludge Bomb|p1a: El Cebollita\n|-damage|p1a: El Cebollita|36\/100\n|move|p1a: El Cebollita|Giga Drain|p2a: Roserade\n|-resisted|p2a: Roserade\n|-damage|p2a: Roserade|80\/100\n|-heal|p1a: El Cebollita|39\/100|[from] drain|[of] p2a: Roserade\n|\n|-heal|p2a: Roserade|86\/100|[from] item: Leftovers\n|upkeep\n|turn|170\n|\n|t:|1699912312\n|move|p1a: El Cebollita|Protect|p1a: El Cebollita\n|-singleturn|p1a: El Cebollita|Protect\n|move|p2a: Roserade|Giga Drain|p1a: El Cebollita\n|-activate|p1a: El Cebollita|move: Protect\n|\n|-heal|p2a: Roserade|92\/100|[from] item: Leftovers\n|upkeep\n|turn|171\n|\n|t:|1699912323\n|switch|p1a: Skrapy|Skarmory, F|100\/100\n|move|p2a: Roserade|Rest|p2a: Roserade\n|-status|p2a: Roserade|slp|[from] move: Rest\n|-heal|p2a: Roserade|100\/100 slp|[silent]\n|\n|upkeep\n|turn|172\n|\n|t:|1699912334\n|-curestatus|p2a: Roserade|slp|[from] ability: Natural Cure\n|switch|p2a: Skarmory|Skarmory, M|100\/100\n|move|p1a: Skrapy|Iron Defense|p1a: Skrapy\n|-boost|p1a: Skrapy|def|2\n|\n|upkeep\n|turn|173\n|\n|t:|1699912337\n|move|p1a: Skrapy|Body Press|p2a: Skarmory\n|-damage|p2a: Skarmory|58\/100\n|move|p2a: Skarmory|Roar|p1a: Skrapy\n|drag|p1a: Barrilete cosmico|Clefable, M|86\/100\n|-damage|p1a: Barrilete cosmico|74\/100|[from] Spikes\n|\n|-heal|p2a: Skarmory|64\/100|[from] item: Leftovers\n|-heal|p1a: Barrilete cosmico|80\/100|[from] item: Leftovers\n|upkeep\n|turn|174\n|\n|t:|1699912344\n|move|p2a: Skarmory|Spikes|p1a: Barrilete cosmico\n|-sidestart|p1: pocoYop|Spikes\n|move|p1a: Barrilete cosmico|Moonblast|p2a: Skarmory\n|-resisted|p2a: Skarmory\n|-damage|p2a: Skarmory|48\/100\n|\n|-heal|p2a: Skarmory|54\/100|[from] item: Leftovers\n|-heal|p1a: Barrilete cosmico|86\/100|[from] item: Leftovers\n|upkeep\n|turn|175\n|\n|t:|1699912347\n|move|p2a: Skarmory|Roost|p2a: Skarmory\n|-heal|p2a: Skarmory|100\/100\n|-singleturn|p2a: Skarmory|move: Roost\n|move|p1a: Barrilete cosmico|Moonblast|p2a: Skarmory\n|-resisted|p2a: Skarmory\n|-damage|p2a: Skarmory|83\/100\n|-unboost|p2a: Skarmory|spa|1\n|\n|-heal|p2a: Skarmory|89\/100|[from] item: Leftovers\n|-heal|p1a: Barrilete cosmico|93\/100|[from] item: Leftovers\n|upkeep\n|turn|176\n|\n|t:|1699912352\n|switch|p1a: Skrapy|Skarmory, F|100\/100\n|move|p2a: Skarmory|Roar|p1a: Skrapy\n|drag|p1a: El Rey lento|Slowbro, M|100\/100\n|-damage|p1a: El Rey lento|84\/100|[from] Spikes\n|\n|-heal|p2a: Skarmory|95\/100|[from] item: Leftovers\n|-heal|p1a: El Rey lento|90\/100|[from] item: Leftovers\n|upkeep\n|turn|177\n|\n|t:|1699912358\n|move|p2a: Skarmory|Spikes|p1a: El Rey lento\n|-sidestart|p1: pocoYop|Spikes\n|move|p1a: El Rey lento|Future Sight|p2a: Skarmory\n|-start|p1a: El Rey lento|move: Future Sight\n|\n|-heal|p2a: Skarmory|100\/100|[from] item: Leftovers\n|-heal|p1a: El Rey lento|96\/100|[from] item: Leftovers\n|upkeep\n|turn|178\n|\n|t:|1699912364\n|move|p1a: El Rey lento|Scald|p2a: Skarmory\n|-damage|p2a: Skarmory|72\/100\n|move|p2a: Skarmory|Roar|p1a: El Rey lento\n|drag|p1a: Barrilete cosmico|Clefable, M|93\/100\n|-damage|p1a: Barrilete cosmico|68\/100|[from] Spikes\n|\n|-heal|p2a: Skarmory|78\/100|[from] item: Leftovers\n|-heal|p1a: Barrilete cosmico|74\/100|[from] item: Leftovers\n|upkeep\n|turn|179\n|\n|t:|1699912376\n|move|p2a: Skarmory|Roost|p2a: Skarmory\n|-heal|p2a: Skarmory|100\/100\n|-singleturn|p2a: Skarmory|move: Roost\n|move|p1a: Barrilete cosmico|Soft-Boiled|p1a: Barrilete cosmico\n|-heal|p1a: Barrilete cosmico|100\/100\n|\n|-end|p2a: Skarmory|move: Future Sight\n|-resisted|p2a: Skarmory\n|-damage|p2a: Skarmory|80\/100\n|-heal|p2a: Skarmory|86\/100|[from] item: Leftovers\n|upkeep\n|turn|180\n|\n|t:|1699912382\n|move|p1a: Barrilete cosmico|Moonblast|p2a: Skarmory\n|-resisted|p2a: Skarmory\n|-damage|p2a: Skarmory|71\/100\n|move|p2a: Skarmory|Roar|p1a: Barrilete cosmico\n|drag|p1a: Nursita|Chansey, F|88\/100\n|-damage|p1a: Nursita|63\/100|[from] Spikes\n|\n|-heal|p2a: Skarmory|77\/100|[from] item: Leftovers\n|upkeep\n|turn|181\n|\n|t:|1699912392\n|move|p1a: Nursita|Wish|p1a: Nursita\n|move|p2a: Skarmory|Roar|p1a: Nursita\n|drag|p1a: El Cebollita|Venusaur-Mega, F|39\/100\n|-damage|p1a: El Cebollita|14\/100|[from] Spikes\n|\n|-heal|p2a: Skarmory|83\/100|[from] item: Leftovers\n|upkeep\n|turn|182\n|\n|t:|1699912398\n|move|p1a: El Cebollita|Leech Seed|p2a: Skarmory\n|-start|p2a: Skarmory|move: Leech Seed\n|move|p2a: Skarmory|Roar|p1a: El Cebollita\n|drag|p1a: Barrilete cosmico|Clefable, M|100\/100\n|-damage|p1a: Barrilete cosmico|76\/100|[from] Spikes\n|\n|-heal|p1a: Barrilete cosmico|100\/100|[from] move: Wish|[wisher] Nursita\n|-heal|p2a: Skarmory|89\/100|[from] item: Leftovers\n|-damage|p2a: Skarmory|77\/100|[from] Leech Seed|[of] p1a: Barrilete cosmico\n|upkeep\n|turn|183\n|\n|t:|1699912403\n|switch|p2a: Roserade|Roserade, M|100\/100\n|switch|p1a: Skrapy|Skarmory, F|100\/100\n|\n|upkeep\n|turn|184\n|\n|t:|1699912410\n|switch|p2a: Skarmory|Skarmory, M|77\/100\n|move|p1a: Skrapy|Defog|p2a: Skarmory\n|-unboost|p2a: Skarmory|evasion|1\n|-sideend|p1: pocoYop|Spikes|[from] move: Defog|[of] p1a: Skrapy\n|\n|-heal|p2a: Skarmory|83\/100|[from] item: Leftovers\n|upkeep\n|turn|185\n|\n|t:|1699912415\n|move|p2a: Skarmory|Roost|p2a: Skarmory\n|-heal|p2a: Skarmory|100\/100\n|-singleturn|p2a: Skarmory|move: Roost\n|move|p1a: Skrapy|Body Press|p2a: Skarmory\n|-supereffective|p2a: Skarmory\n|-damage|p2a: Skarmory|56\/100\n|\n|-heal|p2a: Skarmory|62\/100|[from] item: Leftovers\n|upkeep\n|turn|186\n|\n|t:|1699912424\n|move|p1a: Skrapy|Iron Defense|p1a: Skrapy\n|-boost|p1a: Skrapy|def|2\n|move|p2a: Skarmory|Spikes|p1a: Skrapy\n|-sidestart|p1: pocoYop|Spikes\n|\n|-heal|p2a: Skarmory|68\/100|[from] item: Leftovers\n|upkeep\n|turn|187\n|\n|t:|1699912428\n|move|p1a: Skrapy|Defog|p2a: Skarmory\n|-unboost|p2a: Skarmory|evasion|1\n|-sideend|p1: pocoYop|Spikes|[from] move: Defog|[of] p1a: Skrapy\n|move|p2a: Skarmory|Roar|p1a: Skrapy\n|drag|p1a: El Rey lento|Slowbro, M|100\/100\n|\n|-heal|p2a: Skarmory|74\/100|[from] item: Leftovers\n|upkeep\n|turn|188\n|\n|t:|1699912434\n|move|p2a: Skarmory|Spikes|p1a: El Rey lento\n|-sidestart|p1: pocoYop|Spikes\n|move|p1a: El Rey lento|Scald|p2a: Skarmory\n|-damage|p2a: Skarmory|46\/100\n|\n|-heal|p2a: Skarmory|52\/100|[from] item: Leftovers\n|upkeep\n|turn|189\n|\n|t:|1699912442\n|move|p1a: El Rey lento|Scald|p2a: Skarmory\n|-damage|p2a: Skarmory|22\/100\n|move|p2a: Skarmory|Roar|p1a: El Rey lento\n|drag|p1a: Barrilete cosmico|Clefable, M|100\/100\n|-damage|p1a: Barrilete cosmico|88\/100|[from] Spikes\n|\n|-heal|p2a: Skarmory|28\/100|[from] item: Leftovers\n|-heal|p1a: Barrilete cosmico|94\/100|[from] item: Leftovers\n|upkeep\n|turn|190\n|\n|t:|1699912448\n|switch|p1a: Skrapy|Skarmory, F|100\/100\n|move|p2a: Skarmory|Roost|p2a: Skarmory\n|-heal|p2a: Skarmory|78\/100\n|-singleturn|p2a: Skarmory|move: Roost\n|\n|-heal|p2a: Skarmory|84\/100|[from] item: Leftovers\n|upkeep\n|turn|191\n|\n|t:|1699912451\n|move|p1a: Skrapy|Defog|p2a: Skarmory\n|-unboost|p2a: Skarmory|evasion|1\n|-sideend|p1: pocoYop|Spikes|[from] move: Defog|[of] p1a: Skrapy\n|move|p2a: Skarmory|Roar|p1a: Skrapy\n|drag|p1a: Sr Pato|Porygon2|79\/100\n|-ability|p1a: Sr Pato|Sturdy|[from] ability: Trace|[of] p2a: Skarmory\n|\n|-heal|p2a: Skarmory|90\/100|[from] item: Leftovers\n|upkeep\n|turn|192\n|\n|t:|1699912462\n|switch|p2a: Gastrodon|Gastrodon, M|94\/100 tox\n|-terastallize|p1a: Sr Pato|Normal\n|move|p1a: Sr Pato|Tri Attack|p2a: Gastrodon\n|-damage|p2a: Gastrodon|59\/100 tox\n|\n|-heal|p2a: Gastrodon|65\/100 tox|[from] item: Leftovers\n|-damage|p2a: Gastrodon|59\/100 tox|[from] psn\n|upkeep\n|turn|193\n|\n|t:|1699912470\n|move|p1a: Sr Pato|Tri Attack|p2a: Gastrodon\n|-damage|p2a: Gastrodon|21\/100 tox\n|move|p2a: Gastrodon|Scald|p1a: Sr Pato\n|-damage|p1a: Sr Pato|65\/100\n|-status|p1a: Sr Pato|brn\n|\n|-heal|p2a: Gastrodon|27\/100 tox|[from] item: Leftovers\n|-damage|p2a: Gastrodon|15\/100 tox|[from] psn\n|-damage|p1a: Sr Pato|59\/100 brn|[from] brn\n|upkeep\n|turn|194\n|\n|t:|1699912477\n|switch|p2a: Roserade|Roserade, M|100\/100\n|move|p1a: Sr Pato|Tri Attack|p2a: Roserade\n|-damage|p2a: Roserade|74\/100\n|-status|p2a: Roserade|par\n|\n|-heal|p2a: Roserade|80\/100 par|[from] item: Leftovers\n|-damage|p1a: Sr Pato|52\/100 brn|[from] brn\n|upkeep\n|turn|195\n|\n|t:|1699912482\n|move|p1a: Sr Pato|Ice Beam|p2a: Roserade\n|-supereffective|p2a: Roserade\n|-damage|p2a: Roserade|47\/100 par\n|cant|p2a: Roserade|par\n|\n|-heal|p2a: Roserade|54\/100 par|[from] item: Leftovers\n|-damage|p1a: Sr Pato|46\/100 brn|[from] brn\n|upkeep\n|turn|196\n|\n|t:|1699912486\n|move|p1a: Sr Pato|Recover|p1a: Sr Pato\n|-heal|p1a: Sr Pato|96\/100 brn\n|move|p2a: Roserade|Rest|p2a: Roserade\n|-status|p2a: Roserade|slp|[from] move: Rest\n|-heal|p2a: Roserade|100\/100 slp|[silent]\n|\n|-damage|p1a: Sr Pato|90\/100 brn|[from] brn\n|upkeep\n|turn|197\n|\n|t:|1699912491\n|-curestatus|p2a: Roserade|slp|[from] ability: Natural Cure\n|switch|p2a: Garganacl|Garganacl, M, tera:Ghost|77\/100\n|move|p1a: Sr Pato|Ice Beam|p2a: Garganacl\n|-damage|p2a: Garganacl|57\/100\n|\n|-heal|p2a: Garganacl|63\/100|[from] item: Leftovers\n|-damage|p1a: Sr Pato|84\/100 brn|[from] brn\n|upkeep\n|turn|198\n|\n|t:|1699912503\n|move|p1a: Sr Pato|Shadow Ball|p2a: Garganacl\n|-supereffective|p2a: Garganacl\n|-damage|p2a: Garganacl|46\/100\n|move|p2a: Garganacl|Avalanche|p1a: Sr Pato\n|-damage|p1a: Sr Pato|69\/100 brn\n|\n|-heal|p2a: Garganacl|52\/100|[from] item: Leftovers\n|-damage|p1a: Sr Pato|63\/100 brn|[from] brn\n|upkeep\n|turn|199\n|\n|t:|1699912513\n|move|p1a: Sr Pato|Shadow Ball|p2a: Garganacl\n|-supereffective|p2a: Garganacl\n|-damage|p2a: Garganacl|36\/100\n|move|p2a: Garganacl|Salt Cure|p1a: Sr Pato\n|-damage|p1a: Sr Pato|55\/100 brn\n|-start|p1a: Sr Pato|Salt Cure\n|\n|-heal|p2a: Garganacl|42\/100|[from] item: Leftovers\n|-damage|p1a: Sr Pato|49\/100 brn|[from] brn\n|-damage|p1a: Sr Pato|37\/100 brn|[from] Salt Cure\n|upkeep\n|turn|200\n|\n|t:|1699912517\n|move|p1a: Sr Pato|Recover|p1a: Sr Pato\n|-heal|p1a: Sr Pato|87\/100 brn\n|move|p2a: Garganacl|Recover|p2a: Garganacl\n|-heal|p2a: Garganacl|92\/100\n|\n|-heal|p2a: Garganacl|98\/100|[from] item: Leftovers\n|-damage|p1a: Sr Pato|81\/100 brn|[from] brn\n|-damage|p1a: Sr Pato|68\/100 brn|[from] Salt Cure\n|upkeep\n|turn|201\n|\n|t:|1699912531\n|switch|p1a: Nursita|Chansey, F|63\/100\n|move|p2a: Garganacl|Salt Cure|p1a: Nursita\n|-crit|p1a: Nursita\n|-damage|p1a: Nursita|49\/100\n|-start|p1a: Nursita|Salt Cure\n|\n|-heal|p2a: Garganacl|100\/100|[from] item: Leftovers\n|-damage|p1a: Nursita|36\/100|[from] Salt Cure\n|upkeep\n|turn|202\n|\n|t:|1699912539\n|switch|p1a: El Rey lento|Slowbro, M|100\/100\n|move|p2a: Garganacl|Curse|p1a: El Rey lento\n|-start|p1a: El Rey lento|Curse|[of] p2a: Garganacl\n|-damage|p2a: Garganacl|50\/100\n|\n|-heal|p2a: Garganacl|57\/100|[from] item: Leftovers\n|-damage|p1a: El Rey lento|76\/100|[from] Curse\n|upkeep\n|turn|203\n|\n|t:|1699912545\n|move|p2a: Garganacl|Salt Cure|p1a: El Rey lento\n|-damage|p1a: El Rey lento|67\/100\n|-start|p1a: El Rey lento|Salt Cure\n|move|p1a: El Rey lento|Future Sight|p2a: Garganacl\n|-start|p1a: El Rey lento|move: Future Sight\n|\n|-heal|p2a: Garganacl|63\/100|[from] item: Leftovers\n|-heal|p1a: El Rey lento|73\/100|[from] item: Leftovers\n|-damage|p1a: El Rey lento|48\/100|[from] Curse\n|-damage|p1a: El Rey lento|23\/100|[from] Salt Cure\n|upkeep\n|turn|204\n|inactive|PearlHarbor1996 has 120 seconds left.\n|\n|t:|1699912569\n|switch|p2a: Roserade|Roserade, M|100\/100\n|switch|p1a: Sr Pato|Porygon2, tera:Normal|68\/100 brn\n|-ability|p1a: Sr Pato|Natural Cure|[from] ability: Trace|[of] p2a: Roserade\n|\n|-damage|p1a: Sr Pato|62\/100 brn|[from] brn\n|upkeep\n|turn|205\n|inactive|PearlHarbor1996 has 120 seconds left.\n|\n|t:|1699912576\n|move|p2a: Roserade|Giga Drain|p1a: Sr Pato\n|-damage|p1a: Sr Pato|43\/100 brn\n|move|p1a: Sr Pato|Recover|p1a: Sr Pato\n|-heal|p1a: Sr Pato|93\/100 brn\n|\n|-end|p2a: Roserade|move: Future Sight\n|-supereffective|p2a: Roserade\n|-damage|p2a: Roserade|44\/100\n|-heal|p2a: Roserade|50\/100|[from] item: Leftovers\n|-damage|p1a: Sr Pato|87\/100 brn|[from] brn\n|upkeep\n|turn|206\n|\n|t:|1699912579\n|move|p2a: Roserade|Rest|p2a: Roserade\n|-status|p2a: Roserade|slp|[from] move: Rest\n|-heal|p2a: Roserade|100\/100 slp|[silent]\n|move|p1a: Sr Pato|Ice Beam|p2a: Roserade\n|-supereffective|p2a: Roserade\n|-damage|p2a: Roserade|70\/100 slp\n|\n|-heal|p2a: Roserade|76\/100 slp|[from] item: Leftovers\n|-damage|p1a: Sr Pato|80\/100 brn|[from] brn\n|upkeep\n|turn|207\n|inactive|PearlHarbor1996 has 120 seconds left.\n|\n|t:|1699912590\n|cant|p2a: Roserade|slp\n|move|p1a: Sr Pato|Ice Beam|p2a: Roserade\n|-supereffective|p2a: Roserade\n|-damage|p2a: Roserade|45\/100 slp\n|\n|-heal|p2a: Roserade|51\/100 slp|[from] item: Leftovers\n|-damage|p1a: Sr Pato|74\/100 brn|[from] brn\n|upkeep\n|turn|208\n|\n|t:|1699912596\n|cant|p2a: Roserade|slp\n|move|p1a: Sr Pato|Tri Attack|p2a: Roserade\n|-damage|p2a: Roserade|20\/100 slp\n|\n|-heal|p2a: Roserade|26\/100 slp|[from] item: Leftovers\n|-damage|p1a: Sr Pato|68\/100 brn|[from] brn\n|upkeep\n|turn|209\n|\n|t:|1699912599\n|-curestatus|p2a: Roserade|slp|[msg]\n|move|p2a: Roserade|Rest|p2a: Roserade\n|-status|p2a: Roserade|slp|[from] move: Rest\n|-heal|p2a: Roserade|100\/100 slp|[silent]\n|move|p1a: Sr Pato|Tri Attack|p2a: Roserade\n|-damage|p2a: Roserade|70\/100 slp\n|\n|-heal|p2a: Roserade|76\/100 slp|[from] item: Leftovers\n|-damage|p1a: Sr Pato|62\/100 brn|[from] brn\n|upkeep\n|turn|210\n|\n|t:|1699912608\n|-curestatus|p2a: Roserade|slp|[from] ability: Natural Cure\n|switch|p2a: Garganacl|Garganacl, M, tera:Ghost|63\/100\n|-curestatus|p1a: Sr Pato|brn|[from] ability: Natural Cure\n|switch|p1a: Skrapy|Skarmory, F|100\/100\n|\n|-heal|p2a: Garganacl|69\/100|[from] item: Leftovers\n|upkeep\n|turn|211\n|\n|t:|1699912617\n|switch|p1a: El Rey lento|Slowbro, M|57\/100\n|move|p2a: Garganacl|Salt Cure|p1a: El Rey lento\n|-damage|p1a: El Rey lento|49\/100\n|-start|p1a: El Rey lento|Salt Cure\n|\n|-heal|p2a: Garganacl|75\/100|[from] item: Leftovers\n|-heal|p1a: El Rey lento|55\/100|[from] item: Leftovers\n|-damage|p1a: El Rey lento|30\/100|[from] Salt Cure\n|upkeep\n|turn|212\n|\n|t:|1699912623\n|switch|p1a: Sr Pato|Porygon2, tera:Normal|62\/100\n|-ability|p1a: Sr Pato|Purifying Salt|[from] ability: Trace|[of] p2a: Garganacl\n|move|p2a: Garganacl|Curse|p1a: Sr Pato\n|-start|p1a: Sr Pato|Curse|[of] p2a: Garganacl\n|-damage|p2a: Garganacl|25\/100\n|\n|-heal|p2a: Garganacl|31\/100|[from] item: Leftovers\n|-damage|p1a: Sr Pato|37\/100|[from] Curse\n|upkeep\n|turn|213\n|\n|t:|1699912630\n|move|p1a: Sr Pato|Recover|p1a: Sr Pato\n|-heal|p1a: Sr Pato|87\/100\n|move|p2a: Garganacl|Avalanche|p1a: Sr Pato\n|-crit|p1a: Sr Pato\n|-damage|p1a: Sr Pato|75\/100\n|\n|-heal|p2a: Garganacl|38\/100|[from] item: Leftovers\n|-damage|p1a: Sr Pato|50\/100|[from] Curse\n|upkeep\n|turn|214\n|\n|t:|1699912640\n|switch|p2a: Skarmory|Skarmory, M|90\/100\n|move|p1a: Sr Pato|Shadow Ball|p2a: Skarmory\n|-damage|p2a: Skarmory|71\/100\n|\n|-heal|p2a: Skarmory|77\/100|[from] item: Leftovers\n|-damage|p1a: Sr Pato|26\/100|[from] Curse\n|upkeep\n|turn|215\n|\n|t:|1699912646\n|switch|p1a: Skrapy|Skarmory, F|100\/100\n|move|p2a: Skarmory|Spikes|p1a: Skrapy\n|-sidestart|p1: pocoYop|Spikes\n|\n|-heal|p2a: Skarmory|83\/100|[from] item: Leftovers\n|upkeep\n|turn|216\n|\n|t:|1699912651\n|move|p1a: Skrapy|Defog|p2a: Skarmory\n|-unboost|p2a: Skarmory|evasion|1\n|-sideend|p1: pocoYop|Spikes|[from] move: Defog|[of] p1a: Skrapy\n|move|p2a: Skarmory|Roar|p1a: Skrapy\n|drag|p1a: Nursita|Chansey, F|36\/100\n|\n|-heal|p2a: Skarmory|89\/100|[from] item: Leftovers\n|upkeep\n|turn|217\n|\n|t:|1699912655\n|move|p1a: Nursita|Seismic Toss|p2a: Skarmory\n|-damage|p2a: Skarmory|59\/100\n|move|p2a: Skarmory|Roar|p1a: Nursita\n|drag|p1a: Barrilete cosmico|Clefable, M|94\/100\n|\n|-heal|p2a: Skarmory|65\/100|[from] item: Leftovers\n|-heal|p1a: Barrilete cosmico|100\/100|[from] item: Leftovers\n|upkeep\n|turn|218\n|\n|t:|1699912661\n|move|p2a: Skarmory|Spikes|p1a: Barrilete cosmico\n|-sidestart|p1: pocoYop|Spikes\n|move|p1a: Barrilete cosmico|Moonblast|p2a: Skarmory\n|-resisted|p2a: Skarmory\n|-crit|p2a: Skarmory\n|-damage|p2a: Skarmory|40\/100\n|\n|-heal|p2a: Skarmory|46\/100|[from] item: Leftovers\n|upkeep\n|turn|219\n|\n|t:|1699912665\n|switch|p1a: Skrapy|Skarmory, F|100\/100\n|move|p2a: Skarmory|Spikes|p1a: Skrapy\n|-sidestart|p1: pocoYop|Spikes\n|\n|-heal|p2a: Skarmory|52\/100|[from] item: Leftovers\n|upkeep\n|turn|220\n|\n|t:|1699912669\n|move|p2a: Skarmory|Spikes|p1a: Skrapy\n|-sidestart|p1: pocoYop|Spikes\n|move|p1a: Skrapy|Defog|p2a: Skarmory\n|-unboost|p2a: Skarmory|evasion|1\n|-sideend|p1: pocoYop|Spikes|[from] move: Defog|[of] p1a: Skrapy\n|\n|-heal|p2a: Skarmory|58\/100|[from] item: Leftovers\n|upkeep\n|turn|221\n|\n|t:|1699912675\n|move|p1a: Skrapy|Body Press|p2a: Skarmory\n|-damage|p2a: Skarmory|37\/100\n|move|p2a: Skarmory|Roar|p1a: Skrapy\n|drag|p1a: Barrilete cosmico|Clefable, M|100\/100\n|\n|-heal|p2a: Skarmory|43\/100|[from] item: Leftovers\n|upkeep\n|turn|222\n|\n|t:|1699912679\n|switch|p1a: Skrapy|Skarmory, F|100\/100\n|move|p2a: Skarmory|Spikes|p1a: Skrapy\n|-sidestart|p1: pocoYop|Spikes\n|\n|-heal|p2a: Skarmory|49\/100|[from] item: Leftovers\n|upkeep\n|turn|223\n|\n|t:|1699912681\n|move|p1a: Skrapy|Defog|p2a: Skarmory\n|-unboost|p2a: Skarmory|evasion|1\n|-sideend|p1: pocoYop|Spikes|[from] move: Defog|[of] p1a: Skrapy\n|move|p2a: Skarmory|Roar|p1a: Skrapy\n|drag|p1a: El Cebollita|Venusaur-Mega, F|14\/100\n|\n|-heal|p2a: Skarmory|55\/100|[from] item: Leftovers\n|upkeep\n|turn|224\n|\n|t:|1699912688\n|switch|p1a: Skrapy|Skarmory, F|100\/100\n|move|p2a: Skarmory|Roar|p1a: Skrapy\n|drag|p1a: Sr Pato|Porygon2, tera:Normal|26\/100\n|-ability|p1a: Sr Pato|Sturdy|[from] ability: Trace|[of] p2a: Skarmory\n|\n|-heal|p2a: Skarmory|61\/100|[from] item: Leftovers\n|upkeep\n|turn|225\n|\n|t:|1699912693\n|switch|p1a: Skrapy|Skarmory, F|100\/100\n|move|p2a: Skarmory|Spikes|p1a: Skrapy\n|-sidestart|p1: pocoYop|Spikes\n|\n|-heal|p2a: Skarmory|67\/100|[from] item: Leftovers\n|upkeep\n|turn|226\n|\n|t:|1699912697\n|move|p1a: Skrapy|Defog|p2a: Skarmory\n|-unboost|p2a: Skarmory|evasion|1\n|-sideend|p1: pocoYop|Spikes|[from] move: Defog|[of] p1a: Skrapy\n|move|p2a: Skarmory|Roar|p1a: Skrapy\n|drag|p1a: Barrilete cosmico|Clefable, M|100\/100\n|\n|-heal|p2a: Skarmory|73\/100|[from] item: Leftovers\n|upkeep\n|turn|227\n|\n|t:|1699912700\n|switch|p1a: Skrapy|Skarmory, F|100\/100\n|move|p2a: Skarmory|Spikes|p1a: Skrapy\n|-sidestart|p1: pocoYop|Spikes\n|\n|-heal|p2a: Skarmory|79\/100|[from] item: Leftovers\n|upkeep\n|turn|228\n|\n|t:|1699912706\n|move|p1a: Skrapy|Defog|p2a: Skarmory\n|-unboost|p2a: Skarmory|evasion|1\n|-sideend|p1: pocoYop|Spikes|[from] move: Defog|[of] p1a: Skrapy\n|move|p2a: Skarmory|Roar|p1a: Skrapy\n|drag|p1a: Sr Pato|Porygon2, tera:Normal|26\/100\n|-ability|p1a: Sr Pato|Sturdy|[from] ability: Trace|[of] p2a: Skarmory\n|\n|-heal|p2a: Skarmory|85\/100|[from] item: Leftovers\n|upkeep\n|turn|229\n|\n|t:|1699912715\n|switch|p1a: Skrapy|Skarmory, F|100\/100\n|move|p2a: Skarmory|Roar|p1a: Skrapy\n|drag|p1a: El Rey lento|Slowbro, M|63\/100\n|\n|-heal|p2a: Skarmory|91\/100|[from] item: Leftovers\n|-heal|p1a: El Rey lento|70\/100|[from] item: Leftovers\n|upkeep\n|turn|230\n|\n|t:|1699912720\n|switch|p1a: Skrapy|Skarmory, F|100\/100\n|move|p2a: Skarmory|Spikes|p1a: Skrapy\n|-sidestart|p1: pocoYop|Spikes\n|\n|-heal|p2a: Skarmory|97\/100|[from] item: Leftovers\n|upkeep\n|turn|231\n|\n|t:|1699912727\n|move|p1a: Skrapy|Defog|p2a: Skarmory\n|-unboost|p2a: Skarmory|evasion|1\n|-sideend|p1: pocoYop|Spikes|[from] move: Defog|[of] p1a: Skrapy\n|move|p2a: Skarmory|Defog|p1a: Skrapy\n|-unboost|p1a: Skrapy|evasion|1\n|\n|-heal|p2a: Skarmory|100\/100|[from] item: Leftovers\n|upkeep\n|turn|232\n|inactive|PearlHarbor1996 has 120 seconds left.\n|\n|t:|1699912737\n|switch|p2a: Garganacl|Garganacl, M, tera:Ghost|38\/100\n|move|p1a: Skrapy|Iron Defense|p1a: Skrapy\n|-boost|p1a: Skrapy|def|2\n|\n|-heal|p2a: Garganacl|44\/100|[from] item: Leftovers\n|upkeep\n|turn|233\n|inactive|PearlHarbor1996 has 120 seconds left.\n|\n|t:|1699912751\n|switch|p1a: El Cebollita|Venusaur-Mega, F|14\/100\n|move|p2a: Garganacl|Avalanche|p1a: El Cebollita\n|-supereffective|p1a: El Cebollita\n|-damage|p1a: El Cebollita|5\/100\n|\n|-heal|p2a: Garganacl|50\/100|[from] item: Leftovers\n|upkeep\n|turn|234\n|\n|t:|1699912759\n|switch|p2a: Roserade|Roserade, M|76\/100\n|move|p1a: El Cebollita|Leech Seed|p2a: Roserade\n|-immune|p2a: Roserade\n|\n|-heal|p2a: Roserade|83\/100|[from] item: Leftovers\n|upkeep\n|turn|235\n|\n|t:|1699912766\n|switch|p1a: Skrapy|Skarmory, F|100\/100\n|move|p2a: Roserade|Giga Drain|p1a: Skrapy\n|-resisted|p1a: Skrapy\n|-damage|p1a: Skrapy|90\/100\n|-heal|p2a: Roserade|88\/100|[from] drain|[of] p1a: Skrapy\n|\n|-heal|p2a: Roserade|94\/100|[from] item: Leftovers\n|upkeep\n|turn|236\n|\n|t:|1699912772\n|switch|p2a: Garganacl|Garganacl, M, tera:Ghost|50\/100\n|move|p1a: Skrapy|Iron Defense|p1a: Skrapy\n|-boost|p1a: Skrapy|def|2\n|\n|-heal|p2a: Garganacl|56\/100|[from] item: Leftovers\n|upkeep\n|turn|237\n|\n|t:|1699912778\n|switch|p1a: Sr Pato|Porygon2, tera:Normal|26\/100\n|-ability|p1a: Sr Pato|Purifying Salt|[from] ability: Trace|[of] p2a: Garganacl\n|move|p2a: Garganacl|Avalanche|p1a: Sr Pato\n|-damage|p1a: Sr Pato|19\/100\n|\n|-heal|p2a: Garganacl|62\/100|[from] item: Leftovers\n|upkeep\n|turn|238\n|\n|t:|1699912786\n|switch|p2a: Skarmory|Skarmory, M|100\/100\n|move|p1a: Sr Pato|Recover|p1a: Sr Pato\n|-heal|p1a: Sr Pato|69\/100\n|\n|upkeep\n|turn|239\n|\n|t:|1699912792\n|switch|p1a: Skrapy|Skarmory, F|90\/100\n|move|p2a: Skarmory|Spikes|p1a: Skrapy\n|-sidestart|p1: pocoYop|Spikes\n|\n|upkeep\n|turn|240\n|\n|t:|1699912797\n|switch|p2a: Garganacl|Garganacl, M, tera:Ghost|62\/100\n|move|p1a: Skrapy|Defog|p2a: Garganacl\n|-unboost|p2a: Garganacl|evasion|1\n|-sideend|p1: pocoYop|Spikes|[from] move: Defog|[of] p1a: Skrapy\n|\n|-heal|p2a: Garganacl|69\/100|[from] item: Leftovers\n|upkeep\n|turn|241\n|\n|t:|1699912805\n|switch|p1a: Sr Pato|Porygon2, tera:Normal|69\/100\n|-ability|p1a: Sr Pato|Purifying Salt|[from] ability: Trace|[of] p2a: Garganacl\n|move|p2a: Garganacl|Avalanche|p1a: Sr Pato\n|-damage|p1a: Sr Pato|61\/100\n|\n|-heal|p2a: Garganacl|75\/100|[from] item: Leftovers\n|upkeep\n|turn|242\n|\n|t:|1699912811\n|move|p1a: Sr Pato|Shadow Ball|p2a: Garganacl\n|-supereffective|p2a: Garganacl\n|-damage|p2a: Garganacl|56\/100\n|move|p2a: Garganacl|Curse|p1a: Sr Pato\n|-start|p1a: Sr Pato|Curse|[of] p2a: Garganacl\n|-damage|p2a: Garganacl|6\/100\n|\n|-heal|p2a: Garganacl|13\/100|[from] item: Leftovers\n|-damage|p1a: Sr Pato|36\/100|[from] Curse\n|upkeep\n|turn|243\n|\n|t:|1699912823\n|switch|p2a: Roserade|Roserade, M|94\/100\n|move|p1a: Sr Pato|Shadow Ball|p2a: Roserade\n|-damage|p2a: Roserade|80\/100\n|\n|-heal|p2a: Roserade|87\/100|[from] item: Leftovers\n|-damage|p1a: Sr Pato|11\/100|[from] Curse\n|upkeep\n|turn|244\n|\n|t:|1699912828\n|move|p2a: Roserade|Sludge Bomb|p1a: Sr Pato\n|-damage|p1a: Sr Pato|0 fnt\n|faint|p1a: Sr Pato\n|\n|-heal|p2a: Roserade|93\/100|[from] item: Leftovers\n|upkeep\n|\n|t:|1699912834\n|switch|p1a: El Cebollita|Venusaur-Mega, F|5\/100\n|turn|245\n|\n|t:|1699912842\n|move|p2a: Roserade|Rest|p2a: Roserade\n|-status|p2a: Roserade|slp|[from] move: Rest\n|-heal|p2a: Roserade|100\/100 slp|[silent]\n|move|p1a: El Cebollita|Giga Drain|p2a: Roserade\n|-resisted|p2a: Roserade\n|-damage|p2a: Roserade|95\/100 slp\n|-heal|p1a: El Cebollita|8\/100|[from] drain|[of] p2a: Roserade\n|\n|-heal|p2a: Roserade|100\/100 slp|[from] item: Leftovers\n|upkeep\n|turn|246\n|\n|t:|1699912848\n|cant|p2a: Roserade|slp\n|move|p1a: El Cebollita|Giga Drain|p2a: Roserade\n|-resisted|p2a: Roserade\n|-damage|p2a: Roserade|95\/100 slp\n|-heal|p1a: El Cebollita|10\/100|[from] drain|[of] p2a: Roserade\n|\n|-heal|p2a: Roserade|100\/100 slp|[from] item: Leftovers\n|upkeep\n|turn|247\n|\n|t:|1699912851\n|cant|p2a: Roserade|slp\n|move|p1a: El Cebollita|Giga Drain|p2a: Roserade\n|-resisted|p2a: Roserade\n|-damage|p2a: Roserade|95\/100 slp\n|-heal|p1a: El Cebollita|13\/100|[from] drain|[of] p2a: Roserade\n|\n|-heal|p2a: Roserade|100\/100 slp|[from] item: Leftovers\n|upkeep\n|turn|248\n|\n|t:|1699912859\n|-curestatus|p2a: Roserade|slp|[from] ability: Natural Cure\n|switch|p2a: Skarmory|Skarmory, M|100\/100\n|move|p1a: El Cebollita|Giga Drain|p2a: Skarmory\n|-resisted|p2a: Skarmory\n|-damage|p2a: Skarmory|93\/100\n|-heal|p1a: El Cebollita|16\/100|[from] drain|[of] p2a: Skarmory\n|\n|-heal|p2a: Skarmory|99\/100|[from] item: Leftovers\n|upkeep\n|turn|249\n|\n|t:|1699912873\n|move|p1a: El Cebollita|Leech Seed|p2a: Skarmory\n|-start|p2a: Skarmory|move: Leech Seed\n|move|p2a: Skarmory|Roar|p1a: El Cebollita\n|drag|p1a: Skrapy|Skarmory, F|90\/100\n|\n|-heal|p2a: Skarmory|100\/100|[from] item: Leftovers\n|-damage|p2a: Skarmory|88\/100|[from] Leech Seed|[of] p1a: Skrapy\n|-heal|p1a: Skrapy|100\/100|[silent]\n|upkeep\n|turn|250\n|\n|t:|1699912879\n|switch|p1a: El Cebollita|Venusaur-Mega, F|16\/100\n|switch|p2a: Garganacl|Garganacl, M, tera:Ghost|13\/100\n|\n|-heal|p2a: Garganacl|19\/100|[from] item: Leftovers\n|upkeep\n|turn|251\n|\n|t:|1699912888\n|switch|p2a: Roserade|Roserade, M|100\/100\n|move|p1a: El Cebollita|Giga Drain|p2a: Roserade\n|-resisted|p2a: Roserade\n|-damage|p2a: Roserade|95\/100\n|-heal|p1a: El Cebollita|19\/100|[from] drain|[of] p2a: Roserade\n|\n|-heal|p2a: Roserade|100\/100|[from] item: Leftovers\n|upkeep\n|turn|252\n|\n|t:|1699912902\n|move|p2a: Roserade|Rest|p2a: Roserade\n|-fail|p2a: Roserade|heal\n|move|p1a: El Cebollita|Earth Power|p2a: Roserade\n|-damage|p2a: Roserade|83\/100\n|\n|-heal|p2a: Roserade|89\/100|[from] item: Leftovers\n|upkeep\n|turn|253\n|\n|t:|1699912909\n|move|p2a: Roserade|Rest|p2a: Roserade\n|-status|p2a: Roserade|slp|[from] move: Rest\n|-heal|p2a: Roserade|100\/100 slp|[silent]\n|move|p1a: El Cebollita|Earth Power|p2a: Roserade\n|-crit|p2a: Roserade\n|-damage|p2a: Roserade|75\/100 slp\n|\n|-heal|p2a: Roserade|82\/100 slp|[from] item: Leftovers\n|upkeep\n|turn|254\n|\n|t:|1699912915\n|-curestatus|p2a: Roserade|slp|[from] ability: Natural Cure\n|switch|p2a: Gardevoir|Gardevoir-Mega, F, shiny|58\/100\n|switch|p1a: Skrapy|Skarmory, F|100\/100\n|\n|upkeep\n|turn|255\n|\n|t:|1699912923\n|switch|p1a: Barrilete cosmico|Clefable, M|100\/100\n|move|p2a: Gardevoir|Aura Sphere|p1a: Barrilete cosmico\n|-resisted|p1a: Barrilete cosmico\n|-damage|p1a: Barrilete cosmico|89\/100\n|\n|-heal|p1a: Barrilete cosmico|95\/100|[from] item: Leftovers\n|upkeep\n|turn|256\n|inactive|PearlHarbor1996 has 90 seconds left.\n|\n|t:|1699912934\n|switch|p2a: Skarmory|Skarmory, M|88\/100\n|move|p1a: Barrilete cosmico|Moonblast|p2a: Skarmory\n|-resisted|p2a: Skarmory\n|-damage|p2a: Skarmory|73\/100\n|\n|-heal|p2a: Skarmory|79\/100|[from] item: Leftovers\n|-heal|p1a: Barrilete cosmico|100\/100|[from] item: Leftovers\n|upkeep\n|turn|257\n|\n|t:|1699912943\n|switch|p1a: Skrapy|Skarmory, F|100\/100\n|move|p2a: Skarmory|Spikes|p1a: Skrapy\n|-sidestart|p1: pocoYop|Spikes\n|\n|-heal|p2a: Skarmory|85\/100|[from] item: Leftovers\n|upkeep\n|turn|258\n|\n|t:|1699912957\n|switch|p2a: Garganacl|Garganacl, M, tera:Ghost|19\/100\n|move|p1a: Skrapy|Defog|p2a: Garganacl\n|-unboost|p2a: Garganacl|evasion|1\n|-sideend|p1: pocoYop|Spikes|[from] move: Defog|[of] p1a: Skrapy\n|\n|-heal|p2a: Garganacl|25\/100|[from] item: Leftovers\n|upkeep\n|turn|259\n|\n|t:|1699912965\n|switch|p1a: El Cebollita|Venusaur-Mega, F|19\/100\n|move|p2a: Garganacl|Avalanche|p1a: El Cebollita\n|-supereffective|p1a: El Cebollita\n|-damage|p1a: El Cebollita|10\/100\n|\n|-heal|p2a: Garganacl|31\/100|[from] item: Leftovers\n|upkeep\n|turn|260\n|inactive|PearlHarbor1996 has 90 seconds left.\n|\n|t:|1699912982\n|switch|p2a: Roserade|Roserade, M|82\/100\n|move|p1a: El Cebollita|Giga Drain|p2a: Roserade\n|-resisted|p2a: Roserade\n|-damage|p2a: Roserade|76\/100\n|-heal|p1a: El Cebollita|12\/100|[from] drain|[of] p2a: Roserade\n|\n|-heal|p2a: Roserade|82\/100|[from] item: Leftovers\n|upkeep\n|turn|261\n|\n|t:|1699912991\n|move|p1a: El Cebollita|Protect|p1a: El Cebollita\n|-singleturn|p1a: El Cebollita|Protect\n|move|p2a: Roserade|Leech Seed|p1a: El Cebollita\n|-activate|p1a: El Cebollita|move: Protect\n|\n|-heal|p2a: Roserade|88\/100|[from] item: Leftovers\n|upkeep\n|turn|262\n|\n|t:|1699912997\n|move|p1a: El Cebollita|Protect||[still]\n|-fail|p1a: El Cebollita\n|move|p2a: Roserade|Rest|p2a: Roserade\n|-status|p2a: Roserade|slp|[from] move: Rest\n|-heal|p2a: Roserade|100\/100 slp|[silent]\n|\n|upkeep\n|turn|263\n|inactive|pocoYop has 120 seconds left.\n|\n|t:|1699913007\n|switch|p1a: Skrapy|Skarmory, F|100\/100\n|cant|p2a: Roserade|slp\n|\n|upkeep\n|turn|264\n|\n|t:|1699913020\n|switch|p1a: El Rey lento|Slowbro, M|100\/100\n|cant|p2a: Roserade|slp\n|\n|upkeep\n|turn|265\n|\n|t:|1699913024\n|-curestatus|p2a: Roserade|slp|[msg]\n|-activate|p2a: Roserade|move: Struggle\n|move|p2a: Roserade|Struggle|p1a: El Rey lento\n|-damage|p1a: El Rey lento|97\/100\n|-damage|p2a: Roserade|75\/100|[from] recoil\n|move|p1a: El Rey lento|Future Sight|p2a: Roserade\n|-start|p1a: El Rey lento|move: Future Sight\n|\n|-heal|p2a: Roserade|82\/100|[from] item: Leftovers\n|-heal|p1a: El Rey lento|100\/100|[from] item: Leftovers\n|upkeep\n|turn|266\n|\n|t:|1699913043\n|-activate|p2a: Roserade|move: Struggle\n|move|p2a: Roserade|Struggle|p1a: El Rey lento\n|-damage|p1a: El Rey lento|96\/100\n|-damage|p2a: Roserade|57\/100|[from] recoil\n|move|p1a: El Rey lento|Scald|p2a: Roserade\n|-resisted|p2a: Roserade\n|-damage|p2a: Roserade|46\/100\n|\n|-heal|p2a: Roserade|52\/100|[from] item: Leftovers\n|-heal|p1a: El Rey lento|100\/100|[from] item: Leftovers\n|upkeep\n|turn|267\n|\n|t:|1699913050\n|switch|p2a: Skarmory|Skarmory, M|85\/100\n|move|p1a: El Rey lento|Protect||[still]\n|-fail|p1a: El Rey lento\n|\n|-end|p2a: Skarmory|move: Future Sight\n|-resisted|p2a: Skarmory\n|-damage|p2a: Skarmory|65\/100\n|-heal|p2a: Skarmory|71\/100|[from] item: Leftovers\n|upkeep\n|turn|268\n|\n|t:|1699913060\n|switch|p1a: Skrapy|Skarmory, F|100\/100\n|move|p2a: Skarmory|Roar|p1a: Skrapy\n|drag|p1a: El Rey lento|Slowbro, M|100\/100\n|\n|-heal|p2a: Skarmory|77\/100|[from] item: Leftovers\n|upkeep\n|turn|269\n|\n|t:|1699913065\n|switch|p1a: Skrapy|Skarmory, F|100\/100\n|move|p2a: Skarmory|Defog|p1a: Skrapy\n|-unboost|p1a: Skrapy|evasion|1\n|\n|-heal|p2a: Skarmory|83\/100|[from] item: Leftovers\n|upkeep\n|turn|270\n|\n|t:|1699913074\n|switch|p2a: Garganacl|Garganacl, M, tera:Ghost|31\/100\n|move|p1a: Skrapy|Body Press|p2a: Garganacl\n|-immune|p2a: Garganacl\n|\n|-heal|p2a: Garganacl|37\/100|[from] item: Leftovers\n|upkeep\n|turn|271\n|inactive|pocoYop has 90 seconds left.\n|\n|t:|1699913079\n|switch|p1a: El Rey lento|Slowbro, M|100\/100\n|move|p2a: Garganacl|Avalanche|p1a: El Rey lento\n|-resisted|p1a: El Rey lento\n|-damage|p1a: El Rey lento|96\/100\n|\n|-heal|p2a: Garganacl|44\/100|[from] item: Leftovers\n|-heal|p1a: El Rey lento|100\/100|[from] item: Leftovers\n|upkeep\n|turn|272\n|inactive|pocoYop has 90 seconds left.\n|\n|t:|1699913085\n|switch|p2a: Roserade|Roserade, M|52\/100\n|move|p1a: El Rey lento|Future Sight|p2a: Roserade\n|-start|p1a: El Rey lento|move: Future Sight\n|\n|-heal|p2a: Roserade|58\/100|[from] item: Leftovers\n|upkeep\n|turn|273\n|\n|t:|1699913094\n|switch|p2a: Gastrodon|Gastrodon, M|15\/100 tox\n|switch|p1a: El Cebollita|Venusaur-Mega, F|12\/100\n|\n|-heal|p2a: Gastrodon|21\/100 tox|[from] item: Leftovers\n|-damage|p2a: Gastrodon|15\/100 tox|[from] psn\n|upkeep\n|turn|274\n|\n|t:|1699913098\n|switch|p2a: Roserade|Roserade, M|58\/100\n|move|p1a: El Cebollita|Giga Drain|p2a: Roserade\n|-resisted|p2a: Roserade\n|-damage|p2a: Roserade|53\/100\n|-heal|p1a: El Cebollita|15\/100|[from] drain|[of] p2a: Roserade\n|\n|-end|p2a: Roserade|move: Future Sight\n|-supereffective|p2a: Roserade\n|-damage|p2a: Roserade|0 fnt\n|faint|p2a: Roserade\n|upkeep\n|\n|t:|1699913103\n|switch|p2a: Gardevoir|Gardevoir-Mega, F, shiny|58\/100\n|turn|275\n|inactive|pocoYop has 90 seconds left.\n|\n|t:|1699913116\n|move|p1a: El Cebollita|Protect|p1a: El Cebollita\n|-singleturn|p1a: El Cebollita|Protect\n|move|p2a: Gardevoir|Psychic|p1a: El Cebollita\n|-activate|p1a: El Cebollita|move: Protect\n|\n|upkeep\n|turn|276\n|inactive|PearlHarbor1996 has 60 seconds left.\n|\n|t:|1699913132\n|switch|p1a: Barrilete cosmico|Clefable, M|100\/100\n|move|p2a: Gardevoir|Psychic|p1a: Barrilete cosmico\n|-damage|p1a: Barrilete cosmico|61\/100\n|\n|-heal|p1a: Barrilete cosmico|68\/100|[from] item: Leftovers\n|upkeep\n|turn|277\n|\n|t:|1699913138\n|move|p2a: Gardevoir|Hyper Voice|p1a: Barrilete cosmico\n|-damage|p1a: Barrilete cosmico|17\/100\n|move|p1a: Barrilete cosmico|Soft-Boiled|p1a: Barrilete cosmico\n|-heal|p1a: Barrilete cosmico|68\/100\n|\n|-heal|p1a: Barrilete cosmico|74\/100|[from] item: Leftovers\n|upkeep\n|turn|278\n|\n|t:|1699913148\n|move|p2a: Gardevoir|Hyper Voice|p1a: Barrilete cosmico\n|-damage|p1a: Barrilete cosmico|30\/100\n|move|p1a: Barrilete cosmico|Soft-Boiled|p1a: Barrilete cosmico\n|-heal|p1a: Barrilete cosmico|80\/100\n|\n|-heal|p1a: Barrilete cosmico|86\/100|[from] item: Leftovers\n|upkeep\n|turn|279\n|\n|t:|1699913152\n|move|p2a: Gardevoir|Hyper Voice|p1a: Barrilete cosmico\n|-damage|p1a: Barrilete cosmico|35\/100\n|move|p1a: Barrilete cosmico|Cosmic Power|p1a: Barrilete cosmico\n|-boost|p1a: Barrilete cosmico|def|1\n|-boost|p1a: Barrilete cosmico|spd|1\n|\n|-heal|p1a: Barrilete cosmico|42\/100|[from] item: Leftovers\n|upkeep\n|turn|280\n|\n|t:|1699913156\n|move|p2a: Gardevoir|Hyper Voice|p1a: Barrilete cosmico\n|-damage|p1a: Barrilete cosmico|8\/100\n|move|p1a: Barrilete cosmico|Soft-Boiled|p1a: Barrilete cosmico\n|-heal|p1a: Barrilete cosmico|58\/100\n|\n|-heal|p1a: Barrilete cosmico|64\/100|[from] item: Leftovers\n|upkeep\n|turn|281\n|\n|t:|1699913160\n|move|p2a: Gardevoir|Hyper Voice|p1a: Barrilete cosmico\n|-damage|p1a: Barrilete cosmico|31\/100\n|move|p1a: Barrilete cosmico|Soft-Boiled|p1a: Barrilete cosmico\n|-heal|p1a: Barrilete cosmico|82\/100\n|\n|-heal|p1a: Barrilete cosmico|88\/100|[from] item: Leftovers\n|upkeep\n|turn|282\n|\n|t:|1699913164\n|switch|p2a: Skarmory|Skarmory, M|83\/100\n|move|p1a: Barrilete cosmico|Cosmic Power|p1a: Barrilete cosmico\n|-boost|p1a: Barrilete cosmico|def|1\n|-boost|p1a: Barrilete cosmico|spd|1\n|\n|-heal|p2a: Skarmory|89\/100|[from] item: Leftovers\n|-heal|p1a: Barrilete cosmico|94\/100|[from] item: Leftovers\n|upkeep\n|turn|283\n|inactive|pocoYop has 90 seconds left.\n|\n|t:|1699913171\n|move|p1a: Barrilete cosmico|Stored Power|p2a: Skarmory\n|-resisted|p2a: Skarmory\n|-damage|p2a: Skarmory|78\/100\n|move|p2a: Skarmory|Roar|p1a: Barrilete cosmico\n|drag|p1a: El Rey lento|Slowbro, M|100\/100\n|\n|-heal|p2a: Skarmory|84\/100|[from] item: Leftovers\n|upkeep\n|turn|284\n|\n|t:|1699913184\n|switch|p2a: Hydreigon|Hydreigon, M|82\/100\n|move|p1a: El Rey lento|Future Sight|p2a: Hydreigon\n|-start|p1a: El Rey lento|move: Future Sight\n|\n|-heal|p2a: Hydreigon|88\/100|[from] item: Leftovers\n|upkeep\n|turn|285\n|inactive|pocoYop has 90 seconds left.\n|\n|t:|1699913193\n|move|p1a: El Rey lento|Protect|p1a: El Rey lento\n|-singleturn|p1a: El Rey lento|Protect\n|move|p2a: Hydreigon|Draco Meteor|p1a: El Rey lento\n|-activate|p1a: El Rey lento|move: Protect\n|\n|-heal|p2a: Hydreigon|94\/100|[from] item: Leftovers\n|upkeep\n|turn|286\n|\n|t:|1699913204\n|switch|p1a: Barrilete cosmico|Clefable, M|94\/100\n|move|p2a: Hydreigon|Dragon Dance|p2a: Hydreigon\n|-boost|p2a: Hydreigon|atk|1\n|-boost|p2a: Hydreigon|spe|1\n|\n|-end|p2a: Hydreigon|move: Future Sight\n|-immune|p2a: Hydreigon\n|-heal|p2a: Hydreigon|100\/100|[from] item: Leftovers\n|-heal|p1a: Barrilete cosmico|99\/100|[from] item: Leftovers\n|upkeep\n|turn|287\n|\n|t:|1699913211\n|switch|p2a: Skarmory|Skarmory, M|84\/100\n|move|p1a: Barrilete cosmico|Moonblast|p2a: Skarmory\n|-resisted|p2a: Skarmory\n|-damage|p2a: Skarmory|68\/100\n|\n|-heal|p2a: Skarmory|74\/100|[from] item: Leftovers\n|-heal|p1a: Barrilete cosmico|100\/100|[from] item: Leftovers\n|upkeep\n|turn|288\n|\n|t:|1699913222\n|move|p2a: Skarmory|Defog|p1a: Barrilete cosmico\n|-unboost|p1a: Barrilete cosmico|evasion|1\n|move|p1a: Barrilete cosmico|Moonblast|p2a: Skarmory\n|-resisted|p2a: Skarmory\n|-damage|p2a: Skarmory|57\/100\n|\n|-heal|p2a: Skarmory|63\/100|[from] item: Leftovers\n|upkeep\n|turn|289\n|\n|t:|1699913231\n|switch|p1a: El Rey lento|Slowbro, M|100\/100\n|move|p2a: Skarmory|Defog|p1a: El Rey lento\n|-unboost|p1a: El Rey lento|evasion|1\n|\n|-heal|p2a: Skarmory|69\/100|[from] item: Leftovers\n|upkeep\n|turn|290\n|\n|t:|1699913238\n|move|p2a: Skarmory|Spikes|p1a: El Rey lento\n|-sidestart|p1: pocoYop|Spikes\n|move|p1a: El Rey lento|Toxic|p2a: Skarmory\n|-immune|p2a: Skarmory\n|\n|-heal|p2a: Skarmory|75\/100|[from] item: Leftovers\n|upkeep\n|turn|291\n|\n|t:|1699913242\n|switch|p1a: Skrapy|Skarmory, F|100\/100\n|move|p2a: Skarmory|Roar|p1a: Skrapy\n|drag|p1a: El Cebollita|Venusaur-Mega, F|15\/100\n|-damage|p1a: El Cebollita|2\/100|[from] Spikes\n|\n|-heal|p2a: Skarmory|81\/100|[from] item: Leftovers\n|upkeep\n|turn|292\n|\n|t:|1699913246\n|move|p1a: El Cebollita|Giga Drain|p2a: Skarmory\n|-resisted|p2a: Skarmory\n|-damage|p2a: Skarmory|74\/100\n|-heal|p1a: El Cebollita|6\/100|[from] drain|[of] p2a: Skarmory\n|move|p2a: Skarmory|Roar|p1a: El Cebollita\n|drag|p1a: Barrilete cosmico|Clefable, M|100\/100\n|-damage|p1a: Barrilete cosmico|88\/100|[from] Spikes\n|\n|-heal|p2a: Skarmory|80\/100|[from] item: Leftovers\n|-heal|p1a: Barrilete cosmico|94\/100|[from] item: Leftovers\n|upkeep\n|turn|293\n|\n|t:|1699913251\n|switch|p1a: Skrapy|Skarmory, F|100\/100\n|move|p2a: Skarmory|Roar|p1a: Skrapy\n|drag|p1a: El Rey lento|Slowbro, M|100\/100\n|-damage|p1a: El Rey lento|88\/100|[from] Spikes\n|\n|-heal|p2a: Skarmory|86\/100|[from] item: Leftovers\n|-heal|p1a: El Rey lento|94\/100|[from] item: Leftovers\n|upkeep\n|turn|294\n|\n|t:|1699913259\n|switch|p2a: Gardevoir|Gardevoir-Mega, F, shiny|58\/100\n|switch|p1a: Skrapy|Skarmory, F|100\/100\n|\n|upkeep\n|turn|295\n|\n|t:|1699913268\n|switch|p1a: El Cebollita|Venusaur-Mega, F|6\/100\n|-damage|p1a: El Cebollita|0 fnt|[from] Spikes\n|faint|p1a: El Cebollita\n|move|p2a: Gardevoir|Mystical Fire|p1: El Cebollita|[notarget]\n|-fail|p2a: Gardevoir\n|\n|upkeep\n|\n|t:|1699913271\n|switch|p1a: Barrilete cosmico|Clefable, M|94\/100\n|-damage|p1a: Barrilete cosmico|82\/100|[from] Spikes\n|turn|296\n|\n|t:|1699913275\n|move|p2a: Gardevoir|Hyper Voice|p1a: Barrilete cosmico\n|-damage|p1a: Barrilete cosmico|35\/100\n|move|p1a: Barrilete cosmico|Moonblast|p2a: Gardevoir\n|-damage|p2a: Gardevoir|30\/100\n|\n|-heal|p1a: Barrilete cosmico|41\/100|[from] item: Leftovers\n|upkeep\n|turn|297\n|\n|t:|1699913281\n|move|p2a: Gardevoir|Hyper Voice|p1a: Barrilete cosmico\n|-damage|p1a: Barrilete cosmico|0 fnt\n|faint|p1a: Barrilete cosmico\n|\n|upkeep\n|\n|t:|1699913284\n|switch|p1a: El Rey lento|Slowbro, M|100\/100\n|-damage|p1a: El Rey lento|88\/100|[from] Spikes\n|turn|298\n|\n|t:|1699913290\n|move|p2a: Gardevoir|Hyper Voice|p1a: El Rey lento\n|-damage|p1a: El Rey lento|13\/100\n|move|p1a: El Rey lento|Toxic|p2a: Gardevoir\n|-status|p2a: Gardevoir|tox\n|\n|-heal|p1a: El Rey lento|19\/100|[from] item: Leftovers\n|-damage|p2a: Gardevoir|24\/100 tox|[from] psn\n|upkeep\n|turn|299\n|\n|t:|1699913298\n|move|p1a: El Rey lento|Protect|p1a: El Rey lento\n|-singleturn|p1a: El Rey lento|Protect\n|move|p2a: Gardevoir|Hyper Voice|p1a: El Rey lento\n|-activate|p1a: El Rey lento|move: Protect\n|\n|-heal|p1a: El Rey lento|25\/100|[from] item: Leftovers\n|-damage|p2a: Gardevoir|12\/100 tox|[from] psn\n|upkeep\n|turn|300\n|inactive|PearlHarbor1996 has 30 seconds left.\n|inactive|PearlHarbor1996 has 20 seconds left.\n|\n|t:|1699913323\n|switch|p1a: Skrapy|Skarmory, F|100\/100\n|move|p2a: Gardevoir|Hyper Voice|p1a: Skrapy\n|-resisted|p1a: Skrapy\n|-damage|p1a: Skrapy|53\/100\n|\n|-damage|p2a: Gardevoir|0 fnt|[from] psn\n|faint|p2a: Gardevoir\n|upkeep\n|inactive|PearlHarbor1996 has 25 seconds left this turn.\n|\n|t:|1699913326\n|switch|p2a: Hydreigon|Hydreigon, M|100\/100\n|turn|301\n|inactive|PearlHarbor1996 has 25 seconds left this turn.\n|inactive|PearlHarbor1996 has 20 seconds left.\n|inactive|PearlHarbor1996 has 15 seconds left.\n|\n|t:|1699913338\n|move|p2a: Hydreigon|Crunch|p1a: Skrapy\n|-damage|p1a: Skrapy|33\/100\n|-damage|p2a: Hydreigon|84\/100|[from] item: Rocky Helmet|[of] p1a: Skrapy\n|move|p1a: Skrapy|Roost|p1a: Skrapy\n|-heal|p1a: Skrapy|83\/100\n|-singleturn|p1a: Skrapy|move: Roost\n|\n|-heal|p2a: Hydreigon|90\/100|[from] item: Leftovers\n|upkeep\n|turn|302\n|inactive|PearlHarbor1996 has 20 seconds left this turn.\n|\n|t:|1699913342\n|switch|p2a: Garganacl|Garganacl, M, tera:Ghost|44\/100\n|move|p1a: Skrapy|Iron Defense|p1a: Skrapy\n|-boost|p1a: Skrapy|def|2\n|\n|-heal|p2a: Garganacl|50\/100|[from] item: Leftovers\n|upkeep\n|turn|303\n|inactive|PearlHarbor1996 has 20 seconds left this turn.\n|inactive|PearlHarbor1996 has 15 seconds left.\n|\n|t:|1699913350\n|move|p1a: Skrapy|Defog|p2a: Garganacl\n|-unboost|p2a: Garganacl|evasion|1\n|-sideend|p1: pocoYop|Spikes|[from] move: Defog|[of] p1a: Skrapy\n|move|p2a: Garganacl|Avalanche|p1a: Skrapy\n|-damage|p1a: Skrapy|79\/100\n|-damage|p2a: Garganacl|33\/100|[from] item: Rocky Helmet|[of] p1a: Skrapy\n|\n|-heal|p2a: Garganacl|39\/100|[from] item: Leftovers\n|upkeep\n|turn|304\n|inactive|PearlHarbor1996 has 20 seconds left this turn.\n|inactive|PearlHarbor1996 has 15 seconds left.\n|inactive|PearlHarbor1996 has 10 seconds left.\n|\n|t:|1699913361\n|switch|p1a: El Rey lento|Slowbro, M|58\/100\n|move|p2a: Garganacl|Curse|p1a: El Rey lento\n|-start|p1a: El Rey lento|Curse|[of] p2a: Garganacl\n|-damage|p2a: Garganacl|0 fnt\n|faint|p2a: Garganacl\n|\n|-heal|p1a: El Rey lento|64\/100|[from] item: Leftovers\n|-damage|p1a: El Rey lento|39\/100|[from] Curse\n|upkeep\n|inactive|PearlHarbor1996 has 10 seconds left this turn.\n|\n|t:|1699913363\n|switch|p2a: Hydreigon|Hydreigon, M|90\/100\n|turn|305\n|inactive|PearlHarbor1996 has 15 seconds left this turn.\n|\n|t:|1699913366\n|move|p2a: Hydreigon|Dragon Dance|p2a: Hydreigon\n|-boost|p2a: Hydreigon|atk|1\n|-boost|p2a: Hydreigon|spe|1\n|move|p1a: El Rey lento|Toxic|p2a: Hydreigon\n|-status|p2a: Hydreigon|tox\n|\n|-heal|p2a: Hydreigon|96\/100 tox|[from] item: Leftovers\n|-heal|p1a: El Rey lento|45\/100|[from] item: Leftovers\n|-damage|p2a: Hydreigon|90\/100 tox|[from] psn\n|-damage|p1a: El Rey lento|21\/100|[from] Curse\n|upkeep\n|turn|306\n|inactive|PearlHarbor1996 has 15 seconds left this turn.\n|\n|t:|1699913369\n|switch|p1a: Skrapy|Skarmory, F|79\/100\n|move|p2a: Hydreigon|Crunch|p1a: Skrapy\n|-damage|p1a: Skrapy|48\/100\n|-damage|p2a: Hydreigon|73\/100 tox|[from] item: Rocky Helmet|[of] p1a: Skrapy\n|\n|-heal|p2a: Hydreigon|80\/100 tox|[from] item: Leftovers\n|-damage|p2a: Hydreigon|67\/100 tox|[from] psn\n|upkeep\n|turn|307\n|inactive|PearlHarbor1996 has 20 seconds left this turn.\n|inactive|pocoYop has 90 seconds left.\n|\n|t:|1699913376\n|move|p2a: Hydreigon|Crunch|p1a: Skrapy\n|-damage|p1a: Skrapy|17\/100\n|-damage|p2a: Hydreigon|51\/100 tox|[from] item: Rocky Helmet|[of] p1a: Skrapy\n|move|p1a: Skrapy|Body Press|p2a: Hydreigon\n|-supereffective|p2a: Hydreigon\n|-damage|p2a: Hydreigon|0 fnt\n|faint|p2a: Hydreigon\n|\n|upkeep\n|inactive|PearlHarbor1996 has 20 seconds left this turn.\n|\n|t:|1699913381\n|switch|p2a: Gastrodon|Gastrodon, M|15\/100 tox\n|turn|308\n|inactive|PearlHarbor1996 has 25 seconds left this turn.\n|inactive|pocoYop has 90 seconds left.\n|\n|t:|1699913387\n|move|p1a: Skrapy|Body Press|p2a: Gastrodon\n|-damage|p2a: Gastrodon|0 fnt\n|faint|p2a: Gastrodon\n|\n|upkeep\n|inactive|PearlHarbor1996 has 25 seconds left this turn.\n|\n|t:|1699913389\n|switch|p2a: Skarmory|Skarmory, M|86\/100\n|turn|309\n|inactive|PearlHarbor1996 has 30 seconds left this turn.\n|inactive|pocoYop has 90 seconds left.\n|\n|t:|1699913397\n|switch|p1a: El Rey lento|Slowbro, M|54\/100\n|move|p2a: Skarmory|Roost|p2a: Skarmory\n|-heal|p2a: Skarmory|100\/100\n|-singleturn|p2a: Skarmory|move: Roost\n|\n|-heal|p1a: El Rey lento|60\/100|[from] item: Leftovers\n|upkeep\n|turn|310\n|inactive|PearlHarbor1996 has 30 seconds left this turn.\n|c|\u2606pocoYop|Gg\n|inactive|PearlHarbor1996 has 20 seconds left.\n|inactive|PearlHarbor1996 has 15 seconds left.\n|\n|t:|1699913420\n|switch|p1a: Skrapy|Skarmory, F|17\/100\n|move|p2a: Skarmory|Defog|p1a: Skrapy\n|-unboost|p1a: Skrapy|evasion|1\n|\n|upkeep\n|turn|311\n|inactive|PearlHarbor1996 has 20 seconds left this turn.\n|\n|t:|1699913427\n|move|p1a: Skrapy|Iron Defense|p1a: Skrapy\n|-boost|p1a: Skrapy|def|2\n|move|p2a: Skarmory|Defog|p1a: Skrapy\n|-unboost|p1a: Skrapy|evasion|1\n|\n|upkeep\n|turn|312\n|inactive|PearlHarbor1996 has 20 seconds left this turn.\n|\n|t:|1699913430\n|move|p2a: Skarmory|Defog|p1a: Skrapy\n|-unboost|p1a: Skrapy|evasion|1\n|move|p1a: Skrapy|Iron Defense|p1a: Skrapy\n|-boost|p1a: Skrapy|def|2\n|\n|upkeep\n|turn|313\n|inactive|PearlHarbor1996 has 25 seconds left this turn.\n|\n|t:|1699913432\n|move|p2a: Skarmory|Defog|p1a: Skrapy\n|-unboost|p1a: Skrapy|evasion|1\n|move|p1a: Skrapy|Iron Defense|p1a: Skrapy\n|-boost|p1a: Skrapy|def|2\n|\n|upkeep\n|turn|314\n|inactive|PearlHarbor1996 has 25 seconds left this turn.\n|\n|t:|1699913435\n|move|p2a: Skarmory|Defog|p1a: Skrapy\n|-unboost|p1a: Skrapy|evasion|1\n|move|p1a: Skrapy|Body Press|p2a: Skarmory\n|-damage|p2a: Skarmory|18\/100\n|\n|-heal|p2a: Skarmory|24\/100|[from] item: Leftovers\n|upkeep\n|turn|315\n|inactive|PearlHarbor1996 has 30 seconds left this turn.\n|\n|t:|1699913437\n|move|p1a: Skrapy|Body Press|p2a: Skarmory\n|-crit|p2a: Skarmory\n|-damage|p2a: Skarmory|0 fnt\n|faint|p2a: Skarmory\n|\n|win|pocoYop\n|raw|pocoYop's rating: 1316 &rarr; <strong>1334<\/strong><br \/>(+18 for winning)\n|raw|PearlHarbor1996's rating: 1277 &rarr; <strong>1255<\/strong><br \/>(-22 for losing)\n|c|\u2606pocoYop|Gg\n|c|\u2606PearlHarbor1996|no\n|l|\u2606pocoYop\n|c|\u2606PearlHarbor1996|315 turns of pure stall\n","uploadtime":1699913473,"views":16,"p1id":"pocoyop","p2id":"pearlharbor1996","formatid":"gen9nationaldex","rating":1255,"private":0,"password":""}