{"id":"gen9nationaldex-1992591375","p1":"SUPER LARIAL","p2":"wwaaa","format":"[Gen 9] National Dex","log":"|j|\u2606SUPER LARIAL\n|j|\u2606wwaaa\n|t:|1700211217\n|gametype|singles\n|player|p1|SUPER LARIAL|fisherman-gen4|1546\n|player|p2|wwaaa|lillie-masters|1613\n|teamsize|p1|6\n|teamsize|p2|6\n|gen|9\n|tier|[Gen 9] National Dex\n|rated|\n|rule|HP Percentage Mod: HP is shown in percentages\n|rule|Endless Battle Clause: Forcing endless battles is banned\n|rule|OHKO Clause: OHKO moves are banned\n|rule|Evasion Clause: Evasion abilities, items, and moves are banned\n|rule|Evasion Abilities Clause: Evasion abilities are banned\n|rule|Evasion Items Clause: Evasion items are banned\n|rule|Evasion Moves Clause: Evasion moves are banned\n|rule|Species Clause: Limit one of each Pok\u00e9mon\n|rule|Sleep Clause Mod: Limit one foe put to sleep\n|clearpoke\n|poke|p1|Swampert, F|\n|poke|p1|Pelipper, F|\n|poke|p1|Barraskewda, F|\n|poke|p1|Ogerpon-Wellspring, F|\n|poke|p1|Ferrothorn, F|\n|poke|p1|Keldeo-Resolute|\n|poke|p2|Weavile, F|\n|poke|p2|Zamazenta-*|\n|poke|p2|Banette, F|\n|poke|p2|Dragonite, F|\n|poke|p2|Slowking-Galar, F|\n|poke|p2|Ferrothorn, M|\n|teampreview\n|inactive|Battle timer is ON: inactive players will automatically lose when time's up. (requested by SUPER LARIAL)\n|\n|t:|1700211223\n|start\n|switch|p1a: birdington1|Pelipper, F|100\/100\n|switch|p2a: Slowking|Slowking-Galar, F|100\/100\n|-weather|RainDance|[from] ability: Drizzle|[of] p1a: birdington1\n|turn|1\n|\n|t:|1700211225\n|move|p1a: birdington1|U-turn|p2a: Slowking\n|-damage|p2a: Slowking|91\/100\n|\n|t:|1700211230\n|switch|p1a: fishington1|Swampert, F|100\/100|[from] U-turn\n|move|p2a: Slowking|Chilly Reception|p2a: Slowking\n|-weather|Snow\n|\n|t:|1700211249\n|switch|p2a: Ferrothorn|Ferrothorn, M|100\/100|[from] Chilly Reception\n|\n|-weather|Snow|[upkeep]\n|upkeep\n|turn|2\n|\n|t:|1700211251\n|move|p1a: fishington1|Stealth Rock|p2a: Ferrothorn\n|-sidestart|p2: wwaaa|move: Stealth Rock\n|move|p2a: Ferrothorn|Stealth Rock|p1a: fishington1\n|-sidestart|p1: SUPER LARIAL|move: Stealth Rock\n|\n|-weather|Snow|[upkeep]\n|upkeep\n|turn|3\n|\n|t:|1700211266\n|switch|p1a: birdington1|Pelipper, F|100\/100\n|-damage|p1a: birdington1|76\/100|[from] Stealth Rock\n|-weather|RainDance|[from] ability: Drizzle|[of] p1a: birdington1\n|move|p2a: Ferrothorn|Power Whip|p1a: birdington1|[miss]\n|-miss|p2a: Ferrothorn|p1a: birdington1\n|\n|-weather|RainDance|[upkeep]\n|upkeep\n|turn|4\n|\n|t:|1700211282\n|switch|p1a: spongebobington3|Ferrothorn, F|100\/100\n|-damage|p1a: spongebobington3|95\/100|[from] Stealth Rock\n|switch|p2a: Banette|Banette, F|100\/100\n|-damage|p2a: Banette|88\/100|[from] Stealth Rock\n|-item|p1a: spongebobington3|Eject Button|[from] ability: Frisk|[of] p2a: Banette|[identify]\n|\n|-weather|RainDance|[upkeep]\n|upkeep\n|turn|5\n|\n|t:|1700211288\n|detailschange|p2a: Banette|Banette-Mega, F\n|-mega|p2a: Banette|Banette|Banettite\n|move|p2a: Banette|Poltergeist|p1a: spongebobington3\n|-activate|p1a: spongebobington3|move: Poltergeist|Eject Button\n|-damage|p1a: spongebobington3|53\/100\n|-enditem|p1a: spongebobington3|Eject Button\n|\n|t:|1700211293\n|switch|p1a: Dr Wellspring|Ogerpon-Wellspring, F|100\/100\n|-damage|p1a: Dr Wellspring|88\/100|[from] Stealth Rock\n|\n|-weather|RainDance|[upkeep]\n|upkeep\n|turn|6\n|\n|t:|1700211302\n|move|p2a: Banette|Destiny Bond|p2a: Banette\n|-singlemove|p2a: Banette|Destiny Bond\n|move|p1a: Dr Wellspring|Trailblaze|p2a: Banette\n|-damage|p2a: Banette|47\/100\n|-boost|p1a: Dr Wellspring|spe|1\n|\n|-weather|RainDance|[upkeep]\n|upkeep\n|turn|7\n|\n|t:|1700211310\n|move|p1a: Dr Wellspring|Swords Dance|p1a: Dr Wellspring\n|-boost|p1a: Dr Wellspring|atk|2\n|move|p2a: Banette|Poltergeist|p1a: Dr Wellspring\n|-activate|p1a: Dr Wellspring|move: Poltergeist|Wellspring Mask\n|-damage|p1a: Dr Wellspring|0 fnt\n|faint|p1a: Dr Wellspring\n|\n|-weather|RainDance|[upkeep]\n|upkeep\n|\n|t:|1700211320\n|switch|p1a: spongebobington3|Ferrothorn, F|53\/100\n|-damage|p1a: spongebobington3|47\/100|[from] Stealth Rock\n|turn|8\n|\n|t:|1700211326\n|move|p2a: Banette|Poltergeist||[still]\n|-fail|p2a: Banette\n|move|p1a: spongebobington3|Gyro Ball|p2a: Banette\n|-damage|p2a: Banette|0 fnt\n|faint|p2a: Banette\n|\n|-weather|RainDance|[upkeep]\n|upkeep\n|\n|t:|1700211341\n|switch|p2a: Zamazenta|Zamazenta|100\/100\n|-damage|p2a: Zamazenta|94\/100|[from] Stealth Rock\n|-ability|p2a: Zamazenta|Dauntless Shield|boost\n|-boost|p2a: Zamazenta|def|1\n|turn|9\n|\n|t:|1700211346\n|move|p2a: Zamazenta|Iron Defense|p2a: Zamazenta\n|-boost|p2a: Zamazenta|def|2\n|move|p1a: spongebobington3|Leech Seed|p2a: Zamazenta\n|-start|p2a: Zamazenta|move: Leech Seed\n|\n|-weather|RainDance|[upkeep]\n|-damage|p2a: Zamazenta|82\/100|[from] Leech Seed|[of] p1a: spongebobington3\n|-heal|p1a: spongebobington3|60\/100|[silent]\n|upkeep\n|turn|10\n|\n|t:|1700211354\n|switch|p1a: horseington1|Keldeo-Resolute|100\/100\n|-damage|p1a: horseington1|94\/100|[from] Stealth Rock\n|move|p2a: Zamazenta|Iron Defense|p2a: Zamazenta\n|-boost|p2a: Zamazenta|def|2\n|\n|-weather|none\n|-damage|p2a: Zamazenta|69\/100|[from] Leech Seed|[of] p1a: horseington1\n|-heal|p1a: horseington1|100\/100|[silent]\n|upkeep\n|turn|11\n|\n|t:|1700211360\n|move|p2a: Zamazenta|Body Press|p1a: horseington1\n|-damage|p1a: horseington1|0 fnt\n|faint|p1a: horseington1\n|\n|upkeep\n|\n|t:|1700211364\n|switch|p1a: birdington1|Pelipper, F|76\/100\n|-damage|p1a: birdington1|51\/100|[from] Stealth Rock\n|-weather|RainDance|[from] ability: Drizzle|[of] p1a: birdington1\n|turn|12\n|\n|t:|1700211367\n|switch|p1a: spongebobington3|Ferrothorn, F|60\/100\n|-damage|p1a: spongebobington3|54\/100|[from] Stealth Rock\n|move|p2a: Zamazenta|Body Press|p1a: spongebobington3\n|-supereffective|p1a: spongebobington3\n|-damage|p1a: spongebobington3|0 fnt\n|-damage|p2a: Zamazenta|57\/100|[from] ability: Iron Barbs|[of] p1a: spongebobington3\n|faint|p1a: spongebobington3\n|\n|-weather|RainDance|[upkeep]\n|upkeep\n|\n|t:|1700211369\n|switch|p1a: fishington2|Barraskewda, F|100\/100\n|-damage|p1a: fishington2|88\/100|[from] Stealth Rock\n|turn|13\n|\n|t:|1700211376\n|-terastallize|p1a: fishington2|Water\n|move|p1a: fishington2|Liquidation|p2a: Zamazenta\n|-damage|p2a: Zamazenta|27\/100\n|move|p2a: Zamazenta|Body Press|p1a: fishington2\n|-damage|p1a: fishington2|0 fnt\n|faint|p1a: fishington2\n|\n|-weather|RainDance|[upkeep]\n|upkeep\n|\n|t:|1700211380\n|switch|p1a: fishington1|Swampert, F|100\/100\n|-damage|p1a: fishington1|94\/100|[from] Stealth Rock\n|turn|14\n|\n|t:|1700211388\n|detailschange|p1a: fishington1|Swampert-Mega, F\n|-mega|p1a: fishington1|Swampert|Swampertite\n|move|p1a: fishington1|Earthquake|p2a: Zamazenta\n|-damage|p2a: Zamazenta|14\/100\n|move|p2a: Zamazenta|Rest|p2a: Zamazenta\n|-status|p2a: Zamazenta|slp|[from] move: Rest\n|-heal|p2a: Zamazenta|100\/100 slp|[silent]\n|-enditem|p2a: Zamazenta|Chesto Berry|[eat]\n|-curestatus|p2a: Zamazenta|slp|[msg]\n|\n|-weather|RainDance|[upkeep]\n|-damage|p2a: Zamazenta|88\/100|[from] Leech Seed|[of] p1a: fishington1\n|-heal|p1a: fishington1|100\/100|[silent]\n|upkeep\n|turn|15\n|-message|SUPER LARIAL forfeited.\n|\n|win|wwaaa\n|raw|SUPER LARIAL's rating: 1546 &rarr; <strong>1530<\/strong><br \/>(-16 for losing)\n|raw|wwaaa's rating: 1613 &rarr; <strong>1629<\/strong><br \/>(+16 for winning)\n|l|\u2606SUPER LARIAL\n","uploadtime":1700211402,"views":5,"p1id":"superlarial","p2id":"wwaaa","formatid":"gen9nationaldex","rating":1530,"private":0,"password":""}