{"id":"gen9nationaldex-1996281421","p1":"Chris47MA","p2":"Natus19","format":"[Gen 9] National Dex","log":"|html|<div class=\"broadcast-blue\"><strong>[Gen 9] National Dex is currently suspecting Sneasler! For information on how to participate check out the <a href=\"https:\/\/www.smogon.com\/forums\/threads\/sv-national-dex-suspect-8-just-dance.3731534\/\">suspect thread<\/a>.<\/strong><\/div>\n|j|\u2606Chris47MA\n|j|\u2606Natus19\n|t:|1700667140\n|gametype|singles\n|player|p1|Chris47MA|colress|\n|player|p2|Natus19|benga|\n|teamsize|p1|6\n|teamsize|p2|6\n|gen|9\n|tier|[Gen 9] National Dex\n|rule|HP Percentage Mod: HP is shown in percentages\n|rule|Endless Battle Clause: Forcing endless battles is banned\n|rule|OHKO Clause: OHKO moves are banned\n|rule|Evasion Clause: Evasion abilities, items, and moves are banned\n|rule|Evasion Abilities Clause: Evasion abilities are banned\n|rule|Evasion Items Clause: Evasion items are banned\n|rule|Evasion Moves Clause: Evasion moves are banned\n|rule|Species Clause: Limit one of each Pok\u00e9mon\n|rule|Sleep Clause Mod: Limit one foe put to sleep\n|clearpoke\n|poke|p1|Hawlucha, M|\n|poke|p1|Aurorus, M|\n|poke|p1|Tyrantrum, M|\n|poke|p1|Gourgeist-*, M|\n|poke|p1|Goodra, M|\n|poke|p1|Gardevoir, M|\n|poke|p2|Charizard, M|\n|poke|p2|Aegislash, M|\n|poke|p2|Haxorus, F|\n|poke|p2|Rhyperior, M|\n|poke|p2|Cinderace, M|\n|poke|p2|Rillaboom, M|\n|teampreview\n|inactive|Battle timer is ON: inactive players will automatically lose when time's up. (requested by Natus19)\n|inactive|Chris47MA has 270 seconds left.\n|\n|t:|1700667176\n|start\n|switch|p1a: Gourgeist|Gourgeist, M|100\/100\n|switch|p2a: Apache|Rhyperior, M, shiny|100\/100\n|-item|p2a: Apache|Leftovers|[from] ability: Frisk|[of] p1a: Gourgeist|[identify]\n|turn|1\n|\n|t:|1700667187\n|-zpower|p1a: Gourgeist\n|move|p1a: Gourgeist|Z-Trick-or-Treat|p2a: Apache|[anim]Trick-or-Treat\n|-boost|p1a: Gourgeist|atk|1|[zeffect]\n|-boost|p1a: Gourgeist|def|1|[zeffect]\n|-boost|p1a: Gourgeist|spa|1|[zeffect]\n|-boost|p1a: Gourgeist|spd|1|[zeffect]\n|-boost|p1a: Gourgeist|spe|1|[zeffect]\n|-start|p2a: Apache|typeadd|Ghost|[from] move: Trick-or-Treat\n|move|p2a: Apache|Megahorn|p1a: Gourgeist\n|-damage|p1a: Gourgeist|74\/100\n|\n|upkeep\n|turn|2\n|\n|t:|1700667202\n|move|p1a: Gourgeist|Poltergeist|p2a: Apache\n|-activate|p2a: Apache|move: Poltergeist|Leftovers\n|-supereffective|p2a: Apache\n|-damage|p2a: Apache|37\/100\n|move|p2a: Apache|Earthquake|p1a: Gourgeist\n|-resisted|p1a: Gourgeist\n|-damage|p1a: Gourgeist|57\/100\n|\n|-heal|p2a: Apache|44\/100|[from] item: Leftovers\n|upkeep\n|turn|3\n|\n|t:|1700667217\n|move|p1a: Gourgeist|Poltergeist|p2a: Apache\n|-activate|p2a: Apache|move: Poltergeist|Leftovers\n|-supereffective|p2a: Apache\n|-damage|p2a: Apache|0 fnt\n|faint|p2a: Apache\n|\n|upkeep\n|\n|t:|1700667222\n|switch|p2a: Jack|Aegislash, M, shiny|100\/100\n|turn|4\n|\n|t:|1700667230\n|move|p2a: Jack|King's Shield|p2a: Jack\n|-singleturn|p2a: Jack|Protect\n|move|p1a: Gourgeist|Trick-or-Treat||[still]\n|-fail|p1a: Gourgeist\n|\n|upkeep\n|turn|5\n|\n|t:|1700667238\n|move|p1a: Gourgeist|Poltergeist|p2a: Jack\n|-activate|p2a: Jack|move: Poltergeist|Weakness Policy\n|-supereffective|p2a: Jack\n|-damage|p2a: Jack|0 fnt\n|faint|p2a: Jack\n|\n|upkeep\n|\n|t:|1700667246\n|switch|p2a: Benito Messi|Cinderace, M, shiny|100\/100\n|turn|6\n|\n|t:|1700667253\n|move|p2a: Benito Messi|Sucker Punch|p1a: Gourgeist\n|-start|p2a: Benito Messi|typechange|Dark|[from] ability: Libero\n|-supereffective|p1a: Gourgeist\n|-damage|p1a: Gourgeist|3\/100\n|move|p1a: Gourgeist|Explosion|p2a: Benito Messi\n|-damage|p2a: Benito Messi|0 fnt\n|faint|p1a: Gourgeist\n|faint|p2a: Benito Messi\n|\n|upkeep\n|\n|t:|1700667269\n|switch|p2a: Griok|Charizard, M, shiny|100\/100\n|switch|p1a: Aurorus|Aurorus, M|100\/100\n|-weather|Snow|[from] ability: Snow Warning|[of] p1a: Aurorus\n|turn|7\n|\n|t:|1700667280\n|detailschange|p2a: Griok|Charizard-Mega-Y, M, shiny\n|-mega|p2a: Griok|Charizard|Charizardite Y\n|-weather|SunnyDay|[from] ability: Drought|[of] p2a: Griok\n|move|p2a: Griok|Solar Beam||[still]\n|-prepare|p2a: Griok|Solar Beam\n|-anim|p2a: Griok|Solar Beam|p1a: Aurorus\n|-supereffective|p1a: Aurorus\n|-damage|p1a: Aurorus|10\/100\n|move|p1a: Aurorus|Stealth Rock|p2a: Griok\n|-sidestart|p2: Natus19|move: Stealth Rock\n|\n|-weather|SunnyDay|[upkeep]\n|upkeep\n|turn|8\n|\n|t:|1700667289\n|move|p2a: Griok|Scorching Sands|p1a: Aurorus\n|-supereffective|p1a: Aurorus\n|-damage|p1a: Aurorus|0 fnt\n|faint|p1a: Aurorus\n|\n|-weather|SunnyDay|[upkeep]\n|upkeep\n|\n|t:|1700667294\n|switch|p1a: Tyrantrum|Tyrantrum, M, shiny|100\/100\n|turn|9\n|\n|t:|1700667301\n|move|p2a: Griok|Solar Beam||[still]\n|-prepare|p2a: Griok|Solar Beam\n|-anim|p2a: Griok|Solar Beam|p1a: Tyrantrum\n|-damage|p1a: Tyrantrum|19\/100\n|move|p1a: Tyrantrum|Dragon Dance|p1a: Tyrantrum\n|-boost|p1a: Tyrantrum|atk|1\n|-boost|p1a: Tyrantrum|spe|1\n|\n|-weather|SunnyDay|[upkeep]\n|upkeep\n|turn|10\n|\n|t:|1700667310\n|move|p1a: Tyrantrum|Head Smash|p2a: Griok\n|-supereffective|p2a: Griok\n|-damage|p2a: Griok|0 fnt\n|faint|p2a: Griok\n|-damage|p1a: Tyrantrum|9\/100|[from] item: Life Orb\n|\n|-weather|SunnyDay|[upkeep]\n|upkeep\n|\n|t:|1700667314\n|switch|p2a: Rillaboom|Rillaboom, M, shiny|100\/100\n|-damage|p2a: Rillaboom|88\/100|[from] Stealth Rock\n|-fieldstart|move: Grassy Terrain|[from] ability: Grassy Surge|[of] p2a: Rillaboom\n|turn|11\n|\n|t:|1700667320\n|move|p2a: Rillaboom|Grassy Glide|p1a: Tyrantrum\n|-damage|p1a: Tyrantrum|0 fnt\n|faint|p1a: Tyrantrum\n|\n|-weather|none\n|-heal|p2a: Rillaboom|94\/100|[from] Grassy Terrain\n|upkeep\n|\n|t:|1700667325\n|switch|p1a: Hawlucha|Hawlucha, M|100\/100\n|turn|12\n|\n|t:|1700667332\n|move|p2a: Rillaboom|Grassy Glide|p1a: Hawlucha\n|-resisted|p1a: Hawlucha\n|-damage|p1a: Hawlucha|57\/100\n|move|p1a: Hawlucha|Close Combat|p2a: Rillaboom\n|-damage|p2a: Rillaboom|38\/100\n|-unboost|p1a: Hawlucha|def|1\n|-unboost|p1a: Hawlucha|spd|1\n|-enditem|p1a: Hawlucha|White Herb\n|-clearnegativeboost|p1a: Hawlucha|[silent]\n|\n|-heal|p2a: Rillaboom|44\/100|[from] Grassy Terrain\n|upkeep\n|turn|13\n|\n|t:|1700667336\n|move|p2a: Rillaboom|Grassy Glide|p1a: Hawlucha\n|-resisted|p1a: Hawlucha\n|-damage|p1a: Hawlucha|16\/100\n|move|p1a: Hawlucha|Acrobatics|p2a: Rillaboom\n|-supereffective|p2a: Rillaboom\n|-damage|p2a: Rillaboom|0 fnt\n|faint|p2a: Rillaboom\n|\n|upkeep\n|\n|t:|1700667339\n|switch|p2a: Axe|Haxorus, F, shiny|100\/100\n|-ability|p2a: Axe|Unnerve\n|-damage|p2a: Axe|88\/100|[from] Stealth Rock\n|turn|14\n|\n|t:|1700667351\n|move|p1a: Hawlucha|Fire Punch|p2a: Axe\n|-resisted|p2a: Axe\n|-damage|p2a: Axe|75\/100\n|move|p2a: Axe|Brick Break|p1a: Hawlucha\n|-resisted|p1a: Hawlucha\n|-damage|p1a: Hawlucha|0 fnt\n|faint|p1a: Hawlucha\n|\n|-heal|p2a: Axe|81\/100|[from] Grassy Terrain\n|upkeep\n|\n|t:|1700667357\n|switch|p1a: Gardevoir|Gardevoir, M, shiny|100\/100\n|turn|15\n|\n|t:|1700667360\n|detailschange|p1a: Gardevoir|Gardevoir-Mega, M, shiny\n|-mega|p1a: Gardevoir|Gardevoir|Gardevoirite\n|-terastallize|p2a: Axe|Poison\n|move|p1a: Gardevoir|Hyper Voice|p2a: Axe\n|-resisted|p2a: Axe\n|-damage|p2a: Axe|26\/100\n|move|p2a: Axe|Dragon Dance|p2a: Axe\n|-boost|p2a: Axe|atk|1\n|-boost|p2a: Axe|spe|1\n|\n|-heal|p2a: Axe|32\/100|[from] Grassy Terrain\n|-fieldend|move: Grassy Terrain\n|upkeep\n|turn|16\n|\n|t:|1700667368\n|move|p2a: Axe|Poison Jab|p1a: Gardevoir\n|-supereffective|p1a: Gardevoir\n|-damage|p1a: Gardevoir|0 fnt\n|faint|p1a: Gardevoir\n|\n|upkeep\n|\n|t:|1700667372\n|switch|p1a: Goodra|Goodra, M, shiny|100\/100\n|turn|17\n|\n|t:|1700667385\n|-terastallize|p1a: Goodra|Poison\n|move|p2a: Axe|Outrage|p1a: Goodra\n|-damage|p1a: Goodra|0 fnt\n|-ability|p1a: Goodra|Gooey\n|-unboost|p2a: Axe|spe|1\n|faint|p1a: Goodra\n|\n|win|Natus19\n|l|\u2606Natus19\n","uploadtime":1700667392,"views":9,"p1id":"chris47ma","p2id":"natus19","formatid":"gen9nationaldex","rating":0,"private":0,"password":""}