{"id":"gen9nationaldex-1996519836","p1":"Andrews Finn2","p2":"Gustavopenaa","format":"[Gen 9] National Dex","log":"|html|<div class=\"broadcast-blue\"><strong>[Gen 9] National Dex is currently suspecting Sneasler! For information on how to participate check out the <a href=\"https:\/\/www.smogon.com\/forums\/threads\/sv-national-dex-suspect-8-just-dance.3731534\/\">suspect thread<\/a>.<\/strong><\/div>\n|j|\u2606Andrews Finn2\n|j|\u2606Gustavopenaa\n|t:|1700690046\n|gametype|singles\n|player|p1|Andrews Finn2|steven|1280\n|player|p2|Gustavopenaa|ethan|1367\n|teamsize|p1|6\n|teamsize|p2|6\n|gen|9\n|tier|[Gen 9] National Dex\n|rated|\n|rule|HP Percentage Mod: HP is shown in percentages\n|rule|Endless Battle Clause: Forcing endless battles is banned\n|rule|OHKO Clause: OHKO moves are banned\n|rule|Evasion Clause: Evasion abilities, items, and moves are banned\n|rule|Evasion Abilities Clause: Evasion abilities are banned\n|rule|Evasion Items Clause: Evasion items are banned\n|rule|Evasion Moves Clause: Evasion moves are banned\n|rule|Species Clause: Limit one of each Pok\u00e9mon\n|rule|Sleep Clause Mod: Limit one foe put to sleep\n|clearpoke\n|poke|p1|Kartana|\n|poke|p1|Volcarona, F|\n|poke|p1|Samurott-Hisui, F|\n|poke|p1|Iron Valiant|\n|poke|p1|Tapu Lele|\n|poke|p1|Landorus-Therian, M|\n|poke|p2|Haxorus, M|\n|poke|p2|Volcarona, M|\n|poke|p2|Blastoise, M|\n|poke|p2|Nidoking, M|\n|poke|p2|Gengar, M|\n|poke|p2|Scizor, M|\n|teampreview\n|inactive|Battle timer is ON: inactive players will automatically lose when time's up. (requested by Gustavopenaa)\n|\n|t:|1700690061\n|start\n|switch|p1a: Landorus|Landorus-Therian, M|100\/100\n|switch|p2a: Nidoking|Nidoking, M|100\/100\n|-ability|p1a: Landorus|Intimidate|boost\n|-unboost|p2a: Nidoking|atk|1\n|turn|1\n|\n|t:|1700690075\n|switch|p1a: Samurott|Samurott-Hisui, F|100\/100\n|move|p2a: Nidoking|Ice Beam|p1a: Samurott\n|-resisted|p1a: Samurott\n|-damage|p1a: Samurott|69\/100\n|\n|upkeep\n|turn|2\n|\n|t:|1700690084\n|switch|p2a: Blastoise|Blastoise, M|100\/100\n|move|p1a: Samurott|Ceaseless Edge|p2a: Blastoise\n|-damage|p2a: Blastoise|68\/100\n|-sidestart|p2: Gustavopenaa|Spikes\n|\n|-heal|p2a: Blastoise|74\/100|[from] item: Leftovers\n|upkeep\n|turn|3\n|\n|t:|1700690092\n|move|p1a: Samurott|Ceaseless Edge|p2a: Blastoise\n|-damage|p2a: Blastoise|43\/100\n|-sidestart|p2: Gustavopenaa|Spikes\n|move|p2a: Blastoise|Toxic|p1a: Samurott\n|-status|p1a: Samurott|tox\n|\n|-heal|p2a: Blastoise|49\/100|[from] item: Leftovers\n|-damage|p1a: Samurott|63\/100 tox|[from] psn\n|upkeep\n|turn|4\n|\n|t:|1700690102\n|move|p1a: Samurott|Ceaseless Edge|p2a: Blastoise\n|-damage|p2a: Blastoise|20\/100\n|-sidestart|p2: Gustavopenaa|Spikes\n|move|p2a: Blastoise|Rapid Spin|p1a: Samurott\n|-damage|p1a: Samurott|52\/100 tox\n|-boost|p2a: Blastoise|spe|1\n|-sideend|p2: Gustavopenaa|Spikes|[from] move: Rapid Spin|[of] p2a: Blastoise\n|\n|-heal|p2a: Blastoise|26\/100|[from] item: Leftovers\n|-damage|p1a: Samurott|39\/100 tox|[from] psn\n|upkeep\n|turn|5\n|\n|t:|1700690115\n|move|p1a: Samurott|Ceaseless Edge|p2a: Blastoise|[miss]\n|-miss|p1a: Samurott|p2a: Blastoise\n|move|p2a: Blastoise|Rest|p2a: Blastoise\n|-status|p2a: Blastoise|slp|[from] move: Rest\n|-heal|p2a: Blastoise|100\/100 slp|[silent]\n|\n|-damage|p1a: Samurott|21\/100 tox|[from] psn\n|upkeep\n|turn|6\n|\n|t:|1700690121\n|move|p1a: Samurott|Ceaseless Edge|p2a: Blastoise\n|-damage|p2a: Blastoise|67\/100 slp\n|-sidestart|p2: Gustavopenaa|Spikes\n|cant|p2a: Blastoise|slp\n|\n|-heal|p2a: Blastoise|73\/100 slp|[from] item: Leftovers\n|-damage|p1a: Samurott|0 fnt|[from] psn\n|faint|p1a: Samurott\n|upkeep\n|\n|t:|1700690130\n|switch|p1a: Kartana|Kartana|100\/100\n|turn|7\n|inactive|Gustavopenaa has 120 seconds left.\n|\n|t:|1700690168\n|switch|p2a: Scizor|Scizor, M|100\/100\n|-damage|p2a: Scizor|88\/100|[from] Spikes\n|move|p1a: Kartana|Swords Dance|p1a: Kartana\n|-boost|p1a: Kartana|atk|2\n|\n|upkeep\n|turn|8\n|inactive|Gustavopenaa has 120 seconds left.\n|\n|t:|1700690177\n|detailschange|p2a: Scizor|Scizor-Mega, M\n|-mega|p2a: Scizor|Scizor|Scizorite\n|move|p1a: Kartana|Sacred Sword|p2a: Scizor\n|-damage|p2a: Scizor|41\/100\n|-damage|p1a: Kartana|91\/100|[from] item: Life Orb\n|move|p2a: Scizor|U-turn|p1a: Kartana\n|-damage|p1a: Kartana|59\/100\n|inactive|Gustavopenaa has 120 seconds left.\n|\n|t:|1700690187\n|switch|p2a: Volcarona|Volcarona, M|100\/100|[from] U-turn\n|\n|upkeep\n|turn|9\n|\n|t:|1700690193\n|move|p1a: Kartana|Knock Off|p2a: Volcarona\n|-damage|p2a: Volcarona|0 fnt\n|-enditem|p2a: Volcarona|Heavy-Duty Boots|[from] move: Knock Off|[of] p1a: Kartana\n|faint|p2a: Volcarona\n|-ability|p1a: Kartana|Beast Boost|boost\n|-boost|p1a: Kartana|spe|1\n|-damage|p1a: Kartana|49\/100|[from] item: Life Orb\n|\n|upkeep\n|inactive|Gustavopenaa has 120 seconds left.\n|\n|t:|1700690205\n|switch|p2a: Scizor|Scizor-Mega, M|41\/100\n|-damage|p2a: Scizor|29\/100|[from] Spikes\n|turn|10\n|\n|t:|1700690210\n|move|p2a: Scizor|Bullet Punch|p1a: Kartana\n|-resisted|p1a: Kartana\n|-damage|p1a: Kartana|37\/100\n|move|p1a: Kartana|Sacred Sword|p2a: Scizor\n|-crit|p2a: Scizor\n|-damage|p2a: Scizor|0 fnt\n|faint|p2a: Scizor\n|-ability|p1a: Kartana|Beast Boost|boost\n|-boost|p1a: Kartana|spe|1\n|-damage|p1a: Kartana|27\/100|[from] item: Life Orb\n|\n|upkeep\n|inactive|Gustavopenaa has 120 seconds left.\n|\n|t:|1700690233\n|switch|p2a: Blastoise|Blastoise, M|73\/100 slp\n|-damage|p2a: Blastoise|61\/100 slp|[from] Spikes\n|turn|11\n|\n|t:|1700690241\n|move|p1a: Kartana|Leaf Blade|p2a: Blastoise\n|-supereffective|p2a: Blastoise\n|-damage|p2a: Blastoise|0 fnt\n|faint|p2a: Blastoise\n|-ability|p1a: Kartana|Beast Boost|boost\n|-boost|p1a: Kartana|spe|1\n|-damage|p1a: Kartana|17\/100|[from] item: Life Orb\n|\n|upkeep\n|inactive|Gustavopenaa has 120 seconds left.\n|\n|t:|1700690254\n|switch|p2a: Nidoking|Nidoking, M|100\/100\n|-damage|p2a: Nidoking|88\/100|[from] Spikes\n|turn|12\n|\n|t:|1700690263\n|-terastallize|p2a: Nidoking|Ice\n|move|p1a: Kartana|Knock Off|p2a: Nidoking\n|-damage|p2a: Nidoking|0 fnt\n|-enditem|p2a: Nidoking|Life Orb|[from] move: Knock Off|[of] p1a: Kartana\n|faint|p2a: Nidoking\n|-ability|p1a: Kartana|Beast Boost|boost\n|-boost|p1a: Kartana|spe|1\n|-damage|p1a: Kartana|7\/100|[from] item: Life Orb\n|\n|upkeep\n|\n|t:|1700690268\n|switch|p2a: Gengar|Gengar, M|100\/100\n|-damage|p2a: Gengar|88\/100|[from] Spikes\n|turn|13\n|\n|t:|1700690275\n|move|p1a: Kartana|Knock Off|p2a: Gengar\n|-supereffective|p2a: Gengar\n|-damage|p2a: Gengar|0 fnt\n|-enditem|p2a: Gengar|Choice Scarf|[from] move: Knock Off|[of] p1a: Kartana\n|faint|p2a: Gengar\n|-ability|p1a: Kartana|Beast Boost|boost\n|-boost|p1a: Kartana|spe|1\n|-damage|p1a: Kartana|0 fnt|[from] item: Life Orb\n|faint|p1a: Kartana\n|\n|upkeep\n|\n|t:|1700690284\n|switch|p2a: Haxorus|Haxorus, M, shiny|100\/100\n|switch|p1a: Landorus|Landorus-Therian, M|100\/100\n|-damage|p2a: Haxorus|88\/100|[from] Spikes\n|-ability|p2a: Haxorus|Mold Breaker\n|-ability|p1a: Landorus|Intimidate|boost\n|-unboost|p2a: Haxorus|atk|1\n|turn|14\n|\n|t:|1700690294\n|move|p2a: Haxorus|Dragon Dance|p2a: Haxorus\n|-boost|p2a: Haxorus|atk|1\n|-boost|p2a: Haxorus|spe|1\n|move|p1a: Landorus|Earthquake|p2a: Haxorus\n|-damage|p2a: Haxorus|0 fnt\n|faint|p2a: Haxorus\n|\n|win|Andrews Finn2\n|raw|Andrews Finn2's rating: 1280 &rarr; <strong>1311<\/strong><br \/>(+31 for winning)\n|raw|Gustavopenaa's rating: 1367 &rarr; <strong>1342<\/strong><br \/>(-25 for losing)\n|l|\u2606Gustavopenaa\n|c|\u2606Andrews Finn2|gg\n","uploadtime":1700690305,"views":1,"p1id":"andrewsfinn2","p2id":"gustavopenaa","formatid":"gen9nationaldex","rating":1311,"private":0,"password":""}