{"id":"gen9nationaldex-1989680610","p1":"ABowlofN00dles","p2":"Amber-acid","format":"[Gen 9] National Dex","log":"|j|\u2606ABowlofN00dles\n|j|\u2606Amber-acid\n|t:|1699886274\n|gametype|singles\n|player|p1|ABowlofN00dles|crasherwake|1360\n|player|p2|Amber-acid|265|1420\n|teamsize|p1|6\n|teamsize|p2|6\n|gen|9\n|tier|[Gen 9] National Dex\n|rated|\n|rule|HP Percentage Mod: HP is shown in percentages\n|rule|Endless Battle Clause: Forcing endless battles is banned\n|rule|OHKO Clause: OHKO moves are banned\n|rule|Evasion Clause: Evasion abilities, items, and moves are banned\n|rule|Evasion Abilities Clause: Evasion abilities are banned\n|rule|Evasion Items Clause: Evasion items are banned\n|rule|Evasion Moves Clause: Evasion moves are banned\n|rule|Species Clause: Limit one of each Pok\u00e9mon\n|rule|Sleep Clause Mod: Limit one foe put to sleep\n|clearpoke\n|poke|p1|Urshifu-*, F|\n|poke|p1|Azelf|\n|poke|p1|Ninetales-Alola, M|\n|poke|p1|Charizard, F|\n|poke|p1|Dragonite, F|\n|poke|p1|Great Tusk|\n|poke|p2|Pelipper, F|\n|poke|p2|Barraskewda, M|\n|poke|p2|Swampert, M|\n|poke|p2|Moltres|\n|poke|p2|Ferrothorn, F|\n|poke|p2|Kingdra, F|\n|teampreview\n|inactive|Battle timer is ON: inactive players will automatically lose when time's up. (requested by ABowlofN00dles)\n|\n|t:|1699886284\n|start\n|switch|p1a: Azelf|Azelf|100\/100\n|switch|p2a: Barraskewda|Barraskewda, M, shiny|100\/100\n|turn|1\n|\n|t:|1699886290\n|move|p2a: Barraskewda|Flip Turn|p1a: Azelf\n|-damage|p1a: Azelf|23\/100\n|\n|t:|1699886293\n|switch|p2a: Pelipper|Pelipper, F|100\/100|[from] Flip Turn\n|-weather|RainDance|[from] ability: Drizzle|[of] p2a: Pelipper\n|move|p1a: Azelf|Stealth Rock|p2a: Pelipper\n|-sidestart|p2: Amber-acid|move: Stealth Rock\n|\n|-weather|RainDance|[upkeep]\n|upkeep\n|turn|2\n|\n|t:|1699886301\n|move|p1a: Azelf|Explosion|p2a: Pelipper\n|-damage|p2a: Pelipper|39\/100\n|faint|p1a: Azelf\n|move|p2a: Pelipper|U-turn|p1: Azelf|[notarget]\n|-fail|p2a: Pelipper\n|\n|-weather|RainDance|[upkeep]\n|upkeep\n|\n|t:|1699886312\n|switch|p1a: Urshifu|Urshifu-Rapid-Strike, F|100\/100\n|turn|3\n|\n|t:|1699886320\n|switch|p2a: Kingdra|Kingdra, F|100\/100\n|-damage|p2a: Kingdra|88\/100|[from] Stealth Rock\n|move|p1a: Urshifu|Surging Strikes|p2a: Kingdra\n|-resisted|p2a: Kingdra\n|-crit|p2a: Kingdra\n|-damage|p2a: Kingdra|79\/100\n|-resisted|p2a: Kingdra\n|-crit|p2a: Kingdra\n|-damage|p2a: Kingdra|71\/100\n|-resisted|p2a: Kingdra\n|-crit|p2a: Kingdra\n|-damage|p2a: Kingdra|62\/100\n|-hitcount|p2a: Kingdra|3\n|\n|-weather|RainDance|[upkeep]\n|upkeep\n|turn|4\n|\n|t:|1699886333\n|switch|p1a: Ninetales|Ninetales-Alola, M|100\/100\n|-weather|Snow|[from] ability: Snow Warning|[of] p1a: Ninetales\n|-terastallize|p2a: Kingdra|Water\n|move|p2a: Kingdra|Surf|p1a: Ninetales\n|-damage|p1a: Ninetales|26\/100\n|-damage|p2a: Kingdra|53\/100|[from] item: Life Orb\n|\n|-weather|Snow|[upkeep]\n|upkeep\n|turn|5\n|\n|t:|1699886343\n|switch|p2a: Pelipper|Pelipper, F|39\/100\n|-damage|p2a: Pelipper|14\/100|[from] Stealth Rock\n|-weather|RainDance|[from] ability: Drizzle|[of] p2a: Pelipper\n|move|p1a: Ninetales|Freeze-Dry|p2a: Pelipper\n|-supereffective|p2a: Pelipper\n|-damage|p2a: Pelipper|0 fnt\n|faint|p2a: Pelipper\n|\n|-weather|RainDance|[upkeep]\n|upkeep\n|\n|t:|1699886354\n|switch|p2a: Kingdra|Kingdra, F, tera:Water|53\/100\n|-damage|p2a: Kingdra|40\/100|[from] Stealth Rock\n|turn|6\n|\n|t:|1699886362\n|switch|p1a: Urshifu|Urshifu-Rapid-Strike, F|100\/100\n|move|p2a: Kingdra|Surf|p1a: Urshifu\n|-resisted|p1a: Urshifu\n|-damage|p1a: Urshifu|17\/100\n|-damage|p2a: Kingdra|30\/100|[from] item: Life Orb\n|\n|-weather|RainDance|[upkeep]\n|upkeep\n|turn|7\n|\n|t:|1699886370\n|move|p1a: Urshifu|Aqua Jet|p2a: Kingdra\n|-resisted|p2a: Kingdra\n|-damage|p2a: Kingdra|12\/100\n|move|p2a: Kingdra|Surf|p1a: Urshifu\n|-resisted|p1a: Urshifu\n|-damage|p1a: Urshifu|0 fnt\n|faint|p1a: Urshifu\n|-damage|p2a: Kingdra|2\/100|[from] item: Life Orb\n|\n|-weather|RainDance|[upkeep]\n|upkeep\n|\n|t:|1699886375\n|switch|p1a: Ninetales|Ninetales-Alola, M|26\/100\n|-weather|Snow|[from] ability: Snow Warning|[of] p1a: Ninetales\n|turn|8\n|\n|t:|1699886381\n|move|p1a: Ninetales|Freeze-Dry|p2a: Kingdra\n|-supereffective|p2a: Kingdra\n|-damage|p2a: Kingdra|0 fnt\n|faint|p2a: Kingdra\n|\n|-weather|Snow|[upkeep]\n|upkeep\n|\n|t:|1699886387\n|switch|p2a: Barraskewda|Barraskewda, M, shiny|100\/100\n|-damage|p2a: Barraskewda|88\/100|[from] Stealth Rock\n|turn|9\n|\n|t:|1699886402\n|move|p2a: Barraskewda|Flip Turn|p1a: Ninetales\n|-damage|p1a: Ninetales|0 fnt\n|faint|p1a: Ninetales\n|\n|t:|1699886407\n|switch|p2a: Swampert|Swampert, M|100\/100|[from] Flip Turn\n|-damage|p2a: Swampert|94\/100|[from] Stealth Rock\n|\n|-weather|Snow|[upkeep]\n|upkeep\n|\n|t:|1699886412\n|switch|p1a: Dragonite|Dragonite, F|100\/100\n|turn|10\n|\n|t:|1699886416\n|detailschange|p2a: Swampert|Swampert-Mega, M\n|-mega|p2a: Swampert|Swampert|Swampertite\n|-terastallize|p1a: Dragonite|Normal\n|move|p1a: Dragonite|Dragon Dance|p1a: Dragonite\n|-boost|p1a: Dragonite|atk|1\n|-boost|p1a: Dragonite|spe|1\n|move|p2a: Swampert|Ice Punch|p1a: Dragonite\n|-damage|p1a: Dragonite|82\/100\n|\n|-weather|Snow|[upkeep]\n|upkeep\n|turn|11\n|\n|t:|1699886428\n|move|p1a: Dragonite|Dragon Dance|p1a: Dragonite\n|-boost|p1a: Dragonite|atk|1\n|-boost|p1a: Dragonite|spe|1\n|move|p2a: Swampert|Brick Break|p1a: Dragonite\n|-supereffective|p1a: Dragonite\n|-damage|p1a: Dragonite|16\/100\n|\n|-weather|Snow|[upkeep]\n|upkeep\n|turn|12\n|\n|t:|1699886443\n|move|p1a: Dragonite|Extreme Speed|p2a: Swampert\n|-damage|p2a: Swampert|15\/100\n|move|p2a: Swampert|Liquidation|p1a: Dragonite\n|-damage|p1a: Dragonite|0 fnt\n|faint|p1a: Dragonite\n|\n|-weather|none\n|upkeep\n|\n|t:|1699886449\n|switch|p1a: Charizard|Charizard, F|100\/100\n|turn|13\n|\n|t:|1699886458\n|detailschange|p1a: Charizard|Charizard-Mega-X, F\n|-mega|p1a: Charizard|Charizard|Charizardite X\n|move|p1a: Charizard|Earthquake|p2a: Swampert\n|-damage|p2a: Swampert|0 fnt\n|faint|p2a: Swampert\n|\n|upkeep\n|\n|t:|1699886467\n|switch|p2a: Barraskewda|Barraskewda, M, shiny|88\/100\n|-damage|p2a: Barraskewda|76\/100|[from] Stealth Rock\n|turn|14\n|\n|t:|1699886472\n|move|p2a: Barraskewda|Liquidation|p1a: Charizard\n|-damage|p1a: Charizard|32\/100\n|move|p1a: Charizard|Dual Wingbeat|p2a: Barraskewda\n|-damage|p2a: Barraskewda|43\/100\n|-damage|p2a: Barraskewda|10\/100\n|-hitcount|p2a: Barraskewda|2\n|\n|upkeep\n|turn|15\n|\n|t:|1699886481\n|move|p2a: Barraskewda|Liquidation|p1a: Charizard\n|-damage|p1a: Charizard|0 fnt\n|faint|p1a: Charizard\n|\n|upkeep\n|\n|t:|1699886482\n|switch|p1a: Great Tusk|Great Tusk|100\/100\n|turn|16\n|\n|t:|1699886488\n|move|p2a: Barraskewda|Liquidation|p1a: Great Tusk\n|-supereffective|p1a: Great Tusk\n|-damage|p1a: Great Tusk|9\/100\n|move|p1a: Great Tusk|Rapid Spin|p2a: Barraskewda\n|-damage|p2a: Barraskewda|0 fnt\n|-boost|p1a: Great Tusk|spe|1\n|faint|p2a: Barraskewda\n|\n|upkeep\n|\n|t:|1699886496\n|switch|p2a: Ferrothorn|Ferrothorn, F|100\/100\n|-damage|p2a: Ferrothorn|94\/100|[from] Stealth Rock\n|turn|17\n|\n|t:|1699886500\n|move|p1a: Great Tusk|Close Combat|p2a: Ferrothorn\n|-supereffective|p2a: Ferrothorn\n|-damage|p2a: Ferrothorn|6\/100\n|-unboost|p1a: Great Tusk|def|1\n|-unboost|p1a: Great Tusk|spd|1\n|-damage|p1a: Great Tusk|0 fnt|[from] ability: Iron Barbs|[of] p2a: Ferrothorn\n|faint|p1a: Great Tusk\n|-end|p1a: Great Tusk|Protosynthesis|[silent]\n|\n|win|Amber-acid\n|raw|ABowlofN00dles's rating: 1360 &rarr; <strong>1343<\/strong><br \/>(-17 for losing)\n|raw|Amber-acid's rating: 1420 &rarr; <strong>1437<\/strong><br \/>(+17 for winning)\n|l|\u2606ABowlofN00dles\n","uploadtime":1699886518,"views":10,"p1id":"abowlofn00dles","p2id":"amberacid","formatid":"gen9nationaldex","rating":1343,"private":0,"password":""}