{"id":"gen9nationaldex-1987308483","p1":"zonaidevicesss","p2":"daiqing","format":"[Gen 9] National Dex","log":"|j|\u2606zonaidevicesss\n|j|\u203ddaiqing\n|t:|1699575802\n|gametype|singles\n|player|p1|zonaidevicesss|koga|1210\n|player|p2|daiqing|roxie|1243\n|teamsize|p1|6\n|teamsize|p2|6\n|gen|9\n|tier|[Gen 9] National Dex\n|rated|\n|rule|HP Percentage Mod: HP is shown in percentages\n|rule|Endless Battle Clause: Forcing endless battles is banned\n|rule|OHKO Clause: OHKO moves are banned\n|rule|Evasion Clause: Evasion abilities, items, and moves are banned\n|rule|Evasion Abilities Clause: Evasion abilities are banned\n|rule|Evasion Items Clause: Evasion items are banned\n|rule|Evasion Moves Clause: Evasion moves are banned\n|rule|Species Clause: Limit one of each Pok\u00e9mon\n|rule|Sleep Clause Mod: Limit one foe put to sleep\n|clearpoke\n|poke|p1|Pidgeot, F|\n|poke|p1|Gliscor, F|\n|poke|p1|Dragonite, F|\n|poke|p1|Cramorant, M|\n|poke|p1|Honchkrow, F|\n|poke|p1|Togekiss, M|\n|poke|p2|Toxtricity-Low-Key, F|\n|poke|p2|Fezandipiti, M|\n|poke|p2|Slowbro, M|\n|poke|p2|Umbreon, F|\n|poke|p2|Gliscor, F|\n|poke|p2|Salamence, F|\n|teampreview\n|inactive|Battle timer is ON: inactive players will automatically lose when time's up. (requested by zonaidevicesss)\n|\n|t:|1699575812\n|start\n|switch|p1a: Togekiss|Togekiss, M, shiny|100\/100\n|switch|p2a: Salamence|Salamence, F|100\/100\n|-ability|p2a: Salamence|Intimidate|boost\n|-unboost|p1a: Togekiss|atk|1\n|turn|1\n|\n|t:|1699575823\n|switch|p2a: Fezandipiti|Fezandipiti, M|100\/100\n|move|p1a: Togekiss|Dazzling Gleam|p2a: Fezandipiti\n|-resisted|p2a: Fezandipiti\n|-damage|p2a: Fezandipiti|85\/100\n|\n|-heal|p2a: Fezandipiti|91\/100|[from] item: Leftovers\n|upkeep\n|turn|2\n|\n|t:|1699575830\n|move|p1a: Togekiss|Psychic|p2a: Fezandipiti\n|-supereffective|p2a: Fezandipiti\n|-damage|p2a: Fezandipiti|49\/100\n|move|p2a: Fezandipiti|Calm Mind|p2a: Fezandipiti\n|-boost|p2a: Fezandipiti|spa|1\n|-boost|p2a: Fezandipiti|spd|1\n|\n|-heal|p2a: Fezandipiti|55\/100|[from] item: Leftovers\n|upkeep\n|turn|3\n|\n|t:|1699575835\n|-terastallize|p2a: Fezandipiti|Water\n|move|p1a: Togekiss|Ancient Power|p2a: Fezandipiti\n|-damage|p2a: Fezandipiti|46\/100\n|move|p2a: Fezandipiti|Calm Mind|p2a: Fezandipiti\n|-boost|p2a: Fezandipiti|spa|1\n|-boost|p2a: Fezandipiti|spd|1\n|\n|-heal|p2a: Fezandipiti|52\/100|[from] item: Leftovers\n|upkeep\n|turn|4\n|\n|t:|1699575843\n|move|p1a: Togekiss|Ancient Power|p2a: Fezandipiti\n|-damage|p2a: Fezandipiti|45\/100\n|-boost|p1a: Togekiss|atk|1\n|-boost|p1a: Togekiss|def|1\n|-boost|p1a: Togekiss|spa|1\n|-boost|p1a: Togekiss|spd|1\n|-boost|p1a: Togekiss|spe|1\n|move|p2a: Fezandipiti|Roost|p2a: Fezandipiti\n|-heal|p2a: Fezandipiti|95\/100\n|\n|-heal|p2a: Fezandipiti|100\/100|[from] item: Leftovers\n|upkeep\n|turn|5\n|\n|t:|1699575850\n|move|p1a: Togekiss|Air Slash|p2a: Fezandipiti\n|-damage|p2a: Fezandipiti|81\/100\n|move|p2a: Fezandipiti|Calm Mind|p2a: Fezandipiti\n|-boost|p2a: Fezandipiti|spa|1\n|-boost|p2a: Fezandipiti|spd|1\n|\n|-heal|p2a: Fezandipiti|87\/100|[from] item: Leftovers\n|upkeep\n|turn|6\n|\n|t:|1699575856\n|move|p1a: Togekiss|Ancient Power|p2a: Fezandipiti\n|-damage|p2a: Fezandipiti|79\/100\n|move|p2a: Fezandipiti|Calm Mind|p2a: Fezandipiti\n|-boost|p2a: Fezandipiti|spa|1\n|-boost|p2a: Fezandipiti|spd|1\n|\n|-heal|p2a: Fezandipiti|85\/100|[from] item: Leftovers\n|upkeep\n|turn|7\n|\n|t:|1699575862\n|move|p1a: Togekiss|Ancient Power|p2a: Fezandipiti\n|-damage|p2a: Fezandipiti|78\/100\n|move|p2a: Fezandipiti|Calm Mind|p2a: Fezandipiti\n|-boost|p2a: Fezandipiti|spa|1\n|-boost|p2a: Fezandipiti|spd|1\n|\n|-heal|p2a: Fezandipiti|84\/100|[from] item: Leftovers\n|upkeep\n|turn|8\n|\n|t:|1699575867\n|move|p1a: Togekiss|Ancient Power|p2a: Fezandipiti\n|-damage|p2a: Fezandipiti|78\/100\n|move|p2a: Fezandipiti|Calm Mind|p2a: Fezandipiti\n|-boost|p2a: Fezandipiti|spa|1\n|-boost|p2a: Fezandipiti|spd|1\n|\n|-heal|p2a: Fezandipiti|84\/100|[from] item: Leftovers\n|upkeep\n|turn|9\n|\n|t:|1699575870\n|move|p1a: Togekiss|Air Slash|p2a: Fezandipiti\n|-damage|p2a: Fezandipiti|73\/100\n|move|p2a: Fezandipiti|Icy Wind|p1a: Togekiss\n|-supereffective|p1a: Togekiss\n|-damage|p1a: Togekiss|69\/100\n|-unboost|p1a: Togekiss|spe|1\n|\n|-heal|p2a: Fezandipiti|79\/100|[from] item: Leftovers\n|upkeep\n|turn|10\n|\n|t:|1699575878\n|move|p1a: Togekiss|Air Slash|p2a: Fezandipiti\n|-damage|p2a: Fezandipiti|68\/100\n|move|p2a: Fezandipiti|Icy Wind|p1a: Togekiss\n|-supereffective|p1a: Togekiss\n|-damage|p1a: Togekiss|39\/100\n|-unboost|p1a: Togekiss|spe|1\n|\n|-heal|p2a: Fezandipiti|74\/100|[from] item: Leftovers\n|upkeep\n|turn|11\n|\n|t:|1699575887\n|move|p2a: Fezandipiti|Icy Wind|p1a: Togekiss|[miss]\n|-miss|p2a: Fezandipiti|p1a: Togekiss\n|move|p1a: Togekiss|Air Slash|p2a: Fezandipiti\n|-damage|p2a: Fezandipiti|62\/100\n|\n|-heal|p2a: Fezandipiti|69\/100|[from] item: Leftovers\n|upkeep\n|turn|12\n|\n|t:|1699575893\n|move|p2a: Fezandipiti|Icy Wind|p1a: Togekiss\n|-supereffective|p1a: Togekiss\n|-damage|p1a: Togekiss|5\/100\n|-unboost|p1a: Togekiss|spe|1\n|move|p1a: Togekiss|Air Slash|p2a: Fezandipiti\n|-damage|p2a: Fezandipiti|59\/100\n|\n|-heal|p2a: Fezandipiti|65\/100|[from] item: Leftovers\n|upkeep\n|turn|13\n|\n|t:|1699575903\n|move|p2a: Fezandipiti|Icy Wind|p1a: Togekiss\n|-supereffective|p1a: Togekiss\n|-damage|p1a: Togekiss|0 fnt\n|faint|p1a: Togekiss\n|\n|-heal|p2a: Fezandipiti|71\/100|[from] item: Leftovers\n|upkeep\n|\n|t:|1699575906\n|switch|p1a: Gliscor|Gliscor, F|100\/100\n|turn|14\n|\n|t:|1699575914\n|move|p1a: Gliscor|Protect|p1a: Gliscor\n|-singleturn|p1a: Gliscor|Protect\n|move|p2a: Fezandipiti|Icy Wind|p1a: Gliscor\n|-activate|p1a: Gliscor|move: Protect\n|\n|-heal|p2a: Fezandipiti|77\/100|[from] item: Leftovers\n|-status|p1a: Gliscor|tox|[from] item: Toxic Orb\n|upkeep\n|turn|15\n|\n|t:|1699575922\n|-terastallize|p1a: Gliscor|Steel\n|move|p1a: Gliscor|Fling|p2a: Fezandipiti\n|-damage|p2a: Fezandipiti|71\/100\n|-status|p2a: Fezandipiti|tox\n|-enditem|p1a: Gliscor|Toxic Orb|[from] move: Fling\n|move|p2a: Fezandipiti|Icy Wind|p1a: Gliscor\n|-resisted|p1a: Gliscor\n|-damage|p1a: Gliscor|73\/100 tox\n|-unboost|p1a: Gliscor|spe|1\n|\n|-heal|p2a: Fezandipiti|77\/100 tox|[from] item: Leftovers\n|-damage|p2a: Fezandipiti|71\/100 tox|[from] psn\n|-heal|p1a: Gliscor|85\/100 tox|[from] ability: Poison Heal\n|upkeep\n|turn|16\n|\n|t:|1699575938\n|move|p1a: Gliscor|Protect|p1a: Gliscor\n|-singleturn|p1a: Gliscor|Protect\n|move|p2a: Fezandipiti|Charm|p1a: Gliscor\n|-activate|p1a: Gliscor|move: Protect\n|\n|-heal|p2a: Fezandipiti|77\/100 tox|[from] item: Leftovers\n|-damage|p2a: Fezandipiti|65\/100 tox|[from] psn\n|-heal|p1a: Gliscor|98\/100 tox|[from] ability: Poison Heal\n|upkeep\n|turn|17\n|\n|t:|1699575951\n|move|p2a: Fezandipiti|Icy Wind|p1a: Gliscor\n|-resisted|p1a: Gliscor\n|-damage|p1a: Gliscor|72\/100 tox\n|-unboost|p1a: Gliscor|spe|1\n|move|p1a: Gliscor|Acrobatics|p2a: Fezandipiti\n|-damage|p2a: Fezandipiti|35\/100 tox\n|\n|-heal|p2a: Fezandipiti|41\/100 tox|[from] item: Leftovers\n|-damage|p2a: Fezandipiti|23\/100 tox|[from] psn\n|-heal|p1a: Gliscor|84\/100 tox|[from] ability: Poison Heal\n|upkeep\n|turn|18\n|\n|t:|1699575965\n|move|p1a: Gliscor|Protect|p1a: Gliscor\n|-singleturn|p1a: Gliscor|Protect\n|move|p2a: Fezandipiti|Icy Wind|p1a: Gliscor\n|-activate|p1a: Gliscor|move: Protect\n|\n|-heal|p2a: Fezandipiti|29\/100 tox|[from] item: Leftovers\n|-damage|p2a: Fezandipiti|4\/100 tox|[from] psn\n|-heal|p1a: Gliscor|97\/100 tox|[from] ability: Poison Heal\n|upkeep\n|turn|19\n|\n|t:|1699575981\n|move|p2a: Fezandipiti|Icy Wind|p1a: Gliscor\n|-resisted|p1a: Gliscor\n|-damage|p1a: Gliscor|72\/100 tox\n|-unboost|p1a: Gliscor|spe|1\n|move|p1a: Gliscor|Acrobatics|p2a: Fezandipiti\n|-damage|p2a: Fezandipiti|0 fnt\n|faint|p2a: Fezandipiti\n|\n|-heal|p1a: Gliscor|84\/100 tox|[from] ability: Poison Heal\n|upkeep\n|\n|t:|1699575984\n|switch|p2a: Slowbro|Slowbro, M|100\/100\n|turn|20\n|\n|t:|1699575989\n|detailschange|p2a: Slowbro|Slowbro-Mega, M\n|-mega|p2a: Slowbro|Slowbro|Slowbronite\n|move|p1a: Gliscor|Earthquake|p2a: Slowbro\n|-damage|p2a: Slowbro|85\/100\n|move|p2a: Slowbro|Flamethrower|p1a: Gliscor\n|-supereffective|p1a: Gliscor\n|-damage|p1a: Gliscor|14\/100 tox\n|\n|-heal|p1a: Gliscor|26\/100 tox|[from] ability: Poison Heal\n|upkeep\n|turn|21\n|\n|t:|1699575997\n|switch|p1a: Honchkrow|Honchkrow, F|100\/100\n|move|p2a: Slowbro|Flamethrower|p1a: Honchkrow\n|-damage|p1a: Honchkrow|54\/100\n|\n|upkeep\n|turn|22\n|\n|t:|1699576008\n|switch|p2a: Salamence|Salamence, F|100\/100\n|-ability|p2a: Salamence|Intimidate|boost\n|-unboost|p1a: Honchkrow|atk|1\n|move|p1a: Honchkrow|Perish Song|p1a: Honchkrow\n|-start|p1a: Honchkrow|perish3|[silent]\n|-start|p2a: Salamence|perish3|[silent]\n|-fieldactivate|move: Perish Song\n|\n|-start|p1a: Honchkrow|perish3\n|-start|p2a: Salamence|perish3\n|upkeep\n|turn|23\n|\n|t:|1699576021\n|switch|p1a: Cramorant|Cramorant, M|100\/100\n|move|p2a: Salamence|Fire Spin|p1a: Cramorant\n|-resisted|p1a: Cramorant\n|-damage|p1a: Cramorant|95\/100\n|-activate|p1a: Cramorant|move: Fire Spin|[of] p2a: Salamence\n|\n|-damage|p1a: Cramorant|82\/100|[from] move: Fire Spin|[partiallytrapped]\n|-start|p2a: Salamence|perish2\n|upkeep\n|turn|24\n|\n|t:|1699576030\n|move|p1a: Cramorant|Surf|p2a: Salamence\n|-formechange|p1a: Cramorant|Cramorant-Gulping|\n|-resisted|p2a: Salamence\n|-damage|p2a: Salamence|83\/100\n|move|p2a: Salamence|Dragon Breath|p1a: Cramorant\n|-damage|p1a: Cramorant|52\/100\n|-damage|p2a: Salamence|59\/100|[from] ability: Gulp Missile|[of] p1a: Cramorant\n|-unboost|p2a: Salamence|def|1\n|-formechange|p1a: Cramorant|Cramorant|\n|\n|-damage|p1a: Cramorant|40\/100|[from] move: Fire Spin|[partiallytrapped]\n|-start|p2a: Salamence|perish1\n|upkeep\n|turn|25\n|\n|t:|1699576043\n|switch|p2a: Slowbro|Slowbro-Mega, M|85\/100\n|move|p1a: Cramorant|Surf|p2a: Slowbro\n|-formechange|p1a: Cramorant|Cramorant-Gorging|\n|-resisted|p2a: Slowbro\n|-damage|p2a: Slowbro|68\/100\n|\n|-end|p1a: Cramorant|Fire Spin|[partiallytrapped]|[silent]\n|upkeep\n|turn|26\n|\n|t:|1699576059\n|move|p1a: Cramorant|Surf|p2a: Slowbro\n|-resisted|p2a: Slowbro\n|-damage|p2a: Slowbro|49\/100\n|move|p2a: Slowbro|Psychic|p1a: Cramorant\n|-damage|p1a: Cramorant|0 fnt\n|-damage|p2a: Slowbro|24\/100|[from] ability: Gulp Missile|[of] p1a: Cramorant\n|-status|p2a: Slowbro|par\n|-formechange|p1a: Cramorant|Cramorant|\n|faint|p1a: Cramorant\n|\n|upkeep\n|\n|t:|1699576067\n|switch|p1a: Honchkrow|Honchkrow, F|54\/100\n|turn|27\n|\n|t:|1699576069\n|move|p1a: Honchkrow|Night Slash|p2a: Slowbro\n|-supereffective|p2a: Slowbro\n|-damage|p2a: Slowbro|0 fnt\n|faint|p2a: Slowbro\n|\n|upkeep\n|\n|t:|1699576074\n|switch|p2a: Toxtricity|Toxtricity-Low-Key, F|100\/100\n|turn|28\n|\n|t:|1699576080\n|move|p1a: Honchkrow|Sucker Punch|p2a: Toxtricity\n|-damage|p2a: Toxtricity|42\/100\n|move|p2a: Toxtricity|Overdrive|p1a: Honchkrow\n|-supereffective|p1a: Honchkrow\n|-damage|p1a: Honchkrow|0 fnt\n|faint|p1a: Honchkrow\n|\n|upkeep\n|\n|t:|1699576087\n|switch|p1a: Gliscor|Gliscor, F, tera:Steel|26\/100 tox\n|turn|29\n|\n|t:|1699576091\n|move|p1a: Gliscor|Protect|p1a: Gliscor\n|-singleturn|p1a: Gliscor|Protect\n|move|p2a: Toxtricity|Overdrive|p1a: Gliscor\n|-activate|p1a: Gliscor|move: Protect\n|\n|-heal|p1a: Gliscor|38\/100 tox|[from] ability: Poison Heal\n|upkeep\n|turn|30\n|\n|t:|1699576095\n|move|p2a: Toxtricity|Overdrive|p1a: Gliscor\n|-damage|p1a: Gliscor|0 fnt\n|faint|p1a: Gliscor\n|\n|upkeep\n|\n|t:|1699576098\n|switch|p1a: Dragonite|Dragonite, F|100\/100\n|turn|31\n|\n|t:|1699576101\n|move|p2a: Toxtricity|Overdrive|p1a: Dragonite\n|-damage|p1a: Dragonite|70\/100\n|move|p1a: Dragonite|Scale Shot|p2a: Toxtricity\n|-damage|p2a: Toxtricity|20\/100\n|-damage|p2a: Toxtricity|0 fnt\n|faint|p2a: Toxtricity\n|-hitcount|p2: Toxtricity|2\n|-unboost|p1a: Dragonite|def|1\n|-boost|p1a: Dragonite|spe|1\n|\n|upkeep\n|\n|t:|1699576114\n|switch|p2a: Gliscor|Gliscor, F|100\/100\n|turn|32\n|\n|t:|1699576128\n|move|p1a: Dragonite|Power-Up Punch|p2a: Gliscor\n|-resisted|p2a: Gliscor\n|-damage|p2a: Gliscor|96\/100\n|-boost|p1a: Dragonite|atk|1\n|move|p2a: Gliscor|Toxic|p1a: Dragonite|[miss]\n|-miss|p2a: Gliscor|p1a: Dragonite\n|\n|-status|p2a: Gliscor|tox|[from] item: Toxic Orb\n|upkeep\n|turn|33\n|\n|t:|1699576135\n|move|p1a: Dragonite|Scale Shot|p2a: Gliscor\n|-damage|p2a: Gliscor|83\/100 tox\n|-damage|p2a: Gliscor|69\/100 tox\n|-damage|p2a: Gliscor|56\/100 tox\n|-damage|p2a: Gliscor|43\/100 tox\n|-hitcount|p2a: Gliscor|4\n|-unboost|p1a: Dragonite|def|1\n|-boost|p1a: Dragonite|spe|1\n|move|p2a: Gliscor|Toxic|p1a: Dragonite\n|-status|p1a: Dragonite|tox\n|\n|-damage|p1a: Dragonite|64\/100 tox|[from] psn\n|-heal|p2a: Gliscor|55\/100 tox|[from] ability: Poison Heal\n|upkeep\n|turn|34\n|\n|t:|1699576148\n|move|p2a: Gliscor|Protect|p2a: Gliscor\n|-singleturn|p2a: Gliscor|Protect\n|move|p1a: Dragonite|Scale Shot|p2a: Gliscor\n|-activate|p2a: Gliscor|move: Protect\n|\n|-damage|p1a: Dragonite|52\/100 tox|[from] psn\n|-heal|p2a: Gliscor|67\/100 tox|[from] ability: Poison Heal\n|upkeep\n|turn|35\n|\n|t:|1699576170\n|move|p2a: Gliscor|Protect||[still]\n|-fail|p2a: Gliscor\n|move|p1a: Dragonite|Scale Shot|p2a: Gliscor|[miss]\n|-miss|p1a: Dragonite|p2a: Gliscor\n|\n|-damage|p1a: Dragonite|33\/100 tox|[from] psn\n|-heal|p2a: Gliscor|80\/100 tox|[from] ability: Poison Heal\n|upkeep\n|turn|36\n|\n|t:|1699576177\n|move|p2a: Gliscor|Protect|p2a: Gliscor\n|-singleturn|p2a: Gliscor|Protect\n|move|p1a: Dragonite|Heal Bell|p1a: Dragonite\n|-activate|p1a: Dragonite|move: Heal Bell\n|-curestatus|p1a: Dragonite|tox|[msg]\n|\n|-heal|p2a: Gliscor|92\/100 tox|[from] ability: Poison Heal\n|upkeep\n|turn|37\n|\n|t:|1699576184\n|switch|p1a: Pidgeot|Pidgeot, F|100\/100\n|move|p2a: Gliscor|Toxic|p1a: Pidgeot\n|-status|p1a: Pidgeot|tox\n|\n|-damage|p1a: Pidgeot|94\/100 tox|[from] psn\n|-heal|p2a: Gliscor|100\/100 tox|[from] ability: Poison Heal\n|upkeep\n|turn|38\n|\n|t:|1699576197\n|detailschange|p1a: Pidgeot|Pidgeot-Mega, F\n|-mega|p1a: Pidgeot|Pidgeot|Pidgeotite\n|move|p2a: Gliscor|Protect|p2a: Gliscor\n|-singleturn|p2a: Gliscor|Protect\n|move|p1a: Pidgeot|Hurricane|p2a: Gliscor\n|-activate|p2a: Gliscor|move: Protect\n|\n|-damage|p1a: Pidgeot|82\/100 tox|[from] psn\n|upkeep\n|turn|39\n|\n|t:|1699576210\n|switch|p2a: Umbreon|Umbreon, F, shiny|100\/100\n|move|p1a: Pidgeot|Hurricane|p2a: Umbreon\n|-damage|p2a: Umbreon|62\/100\n|\n|-heal|p2a: Umbreon|68\/100|[from] item: Leftovers\n|-damage|p1a: Pidgeot|63\/100 tox|[from] psn\n|upkeep\n|turn|40\n|\n|t:|1699576218\n|switch|p1a: Dragonite|Dragonite, F|33\/100\n|move|p2a: Umbreon|Protect||[still]\n|-fail|p2a: Umbreon\n|\n|-heal|p2a: Umbreon|74\/100|[from] item: Leftovers\n|upkeep\n|turn|41\n|\n|t:|1699576227\n|move|p1a: Dragonite|Heal Bell|p1a: Dragonite\n|-activate|p1a: Dragonite|move: Heal Bell\n|-curestatus|p1: Pidgeot|tox|[msg]\n|move|p2a: Umbreon|Foul Play|p1a: Dragonite\n|-damage|p1a: Dragonite|0 fnt\n|faint|p1a: Dragonite\n|\n|-heal|p2a: Umbreon|80\/100|[from] item: Leftovers\n|upkeep\n|\n|t:|1699576233\n|switch|p1a: Pidgeot|Pidgeot-Mega, F|63\/100\n|turn|42\n|\n|t:|1699576237\n|move|p1a: Pidgeot|Hurricane|p2a: Umbreon\n|-damage|p2a: Umbreon|42\/100\n|move|p2a: Umbreon|Yawn|p1a: Pidgeot\n|-start|p1a: Pidgeot|move: Yawn|[of] p2a: Umbreon\n|\n|-heal|p2a: Umbreon|48\/100|[from] item: Leftovers\n|upkeep\n|turn|43\n|\n|t:|1699576240\n|move|p2a: Umbreon|Protect|p2a: Umbreon\n|-singleturn|p2a: Umbreon|Protect\n|move|p1a: Pidgeot|Hurricane|p2a: Umbreon\n|-activate|p2a: Umbreon|move: Protect\n|\n|-heal|p2a: Umbreon|54\/100|[from] item: Leftovers\n|-end|p1a: Pidgeot|move: Yawn|[silent]\n|-status|p1a: Pidgeot|slp\n|upkeep\n|turn|44\n|\n|t:|1699576244\n|cant|p1a: Pidgeot|slp\n|move|p2a: Umbreon|Foul Play|p1a: Pidgeot\n|-damage|p1a: Pidgeot|36\/100 slp\n|\n|-heal|p2a: Umbreon|60\/100|[from] item: Leftovers\n|upkeep\n|turn|45\n|\n|t:|1699576247\n|cant|p1a: Pidgeot|slp\n|move|p2a: Umbreon|Foul Play|p1a: Pidgeot\n|-crit|p1a: Pidgeot\n|-damage|p1a: Pidgeot|0 fnt\n|faint|p1a: Pidgeot\n|\n|win|daiqing\n|raw|zonaidevicesss's rating: 1184 &rarr; <strong>1163<\/strong><br \/>(-21 for losing)\n|raw|daiqing's rating: 1243 &rarr; <strong>1264<\/strong><br \/>(+21 for winning)\n","uploadtime":1699576250,"views":7,"p1id":"zonaidevicesss","p2id":"daiqing","formatid":"gen9nationaldex","rating":1163,"private":0,"password":""}