{"id":"gen9nationaldex-1995069208","p1":"Adriux15","p2":"Betabuxx Billy","format":"[Gen 9] National Dex","log":"|html|<div class=\"broadcast-blue\"><strong>[Gen 9] National Dex is currently suspecting Sneasler! For information on how to participate check out the <a href=\"https:\/\/www.smogon.com\/forums\/threads\/sv-national-dex-suspect-8-just-dance.3731534\/\">suspect thread<\/a>.<\/strong><\/div>\n|j|\u2606Adriux15\n|j|\u2606Betabuxx Billy\n|t:|1700519185\n|gametype|singles\n|player|p1|Adriux15|steven|1162\n|player|p2|Betabuxx Billy|wattson|1272\n|teamsize|p1|6\n|teamsize|p2|6\n|gen|9\n|tier|[Gen 9] National Dex\n|rated|\n|rule|HP Percentage Mod: HP is shown in percentages\n|rule|Endless Battle Clause: Forcing endless battles is banned\n|rule|OHKO Clause: OHKO moves are banned\n|rule|Evasion Clause: Evasion abilities, items, and moves are banned\n|rule|Evasion Abilities Clause: Evasion abilities are banned\n|rule|Evasion Items Clause: Evasion items are banned\n|rule|Evasion Moves Clause: Evasion moves are banned\n|rule|Species Clause: Limit one of each Pok\u00e9mon\n|rule|Sleep Clause Mod: Limit one foe put to sleep\n|clearpoke\n|poke|p1|Pelipper, M|\n|poke|p1|Basculegion, M|\n|poke|p1|Greninja-*, F|\n|poke|p1|Gastrodon, M|\n|poke|p1|Thundurus-Therian, M|\n|poke|p1|Urshifu-*, F|\n|poke|p2|Pelipper, F|\n|poke|p2|Swampert, F|\n|poke|p2|Zapdos|\n|poke|p2|Ferrothorn, F|\n|poke|p2|Barraskewda, F|\n|poke|p2|Urshifu-*, F|\n|teampreview\n|inactive|Battle timer is ON: inactive players will automatically lose when time's up. (requested by Betabuxx Billy)\n|\n|t:|1700519194\n|start\n|switch|p1a: Pelipper|Pelipper, M|100\/100\n|switch|p2a: BUNCHA TURBULENCE|Zapdos, shiny|100\/100\n|-weather|RainDance|[from] ability: Drizzle|[of] p1a: Pelipper\n|turn|1\n|\n|t:|1700519210\n|switch|p2a: Child Thorn|Ferrothorn, F, shiny|100\/100\n|switch|p1a: Gastrodon|Gastrodon, M|100\/100\n|\n|-weather|RainDance|[upkeep]\n|upkeep\n|turn|2\n|\n|t:|1700519222\n|switch|p1a: Thundurus|Thundurus-Therian, M, shiny|100\/100\n|move|p2a: Child Thorn|Leech Seed|p1a: Thundurus\n|-start|p1a: Thundurus|move: Leech Seed\n|\n|-weather|RainDance|[upkeep]\n|-damage|p1a: Thundurus|88\/100|[from] Leech Seed|[of] p2a: Child Thorn\n|upkeep\n|turn|3\n|\n|t:|1700519246\n|switch|p2a: ball breaker|Pelipper, F, shiny|100\/100\n|move|p1a: Thundurus|Focus Blast|p2a: ball breaker\n|-resisted|p2a: ball breaker\n|-damage|p2a: ball breaker|71\/100\n|\n|-weather|RainDance|[upkeep]\n|-damage|p1a: Thundurus|76\/100|[from] Leech Seed|[of] p2a: ball breaker\n|-heal|p2a: ball breaker|83\/100|[silent]\n|upkeep\n|turn|4\n|\n|t:|1700519254\n|switch|p2a: Bubblegum Pink|Swampert, F, shiny|100\/100\n|move|p1a: Thundurus|Volt Switch|p2a: Bubblegum Pink\n|-immune|p2a: Bubblegum Pink\n|\n|-weather|RainDance|[upkeep]\n|-damage|p1a: Thundurus|63\/100|[from] Leech Seed|[of] p2a: Bubblegum Pink\n|upkeep\n|turn|5\n|\n|t:|1700519265\n|switch|p1a: Gastrodon|Gastrodon, M|100\/100\n|detailschange|p2a: Bubblegum Pink|Swampert-Mega, F, shiny\n|-mega|p2a: Bubblegum Pink|Swampert|Swampertite\n|move|p2a: Bubblegum Pink|Ice Punch|p1a: Gastrodon\n|-damage|p1a: Gastrodon|70\/100\n|\n|-weather|RainDance|[upkeep]\n|-heal|p1a: Gastrodon|76\/100|[from] item: Leftovers\n|upkeep\n|turn|6\n|\n|t:|1700519276\n|switch|p2a: Child Thorn|Ferrothorn, F, shiny|100\/100\n|move|p1a: Gastrodon|Hydro Pump|p2a: Child Thorn\n|-resisted|p2a: Child Thorn\n|-damage|p2a: Child Thorn|77\/100\n|\n|-weather|RainDance|[upkeep]\n|-heal|p1a: Gastrodon|82\/100|[from] item: Leftovers\n|upkeep\n|turn|7\n|\n|t:|1700519285\n|switch|p1a: Urshifu|Urshifu-Rapid-Strike, F|100\/100\n|move|p2a: Child Thorn|Knock Off|p1a: Urshifu\n|-resisted|p1a: Urshifu\n|-damage|p1a: Urshifu|89\/100\n|-enditem|p1a: Urshifu|Mystic Water|[from] move: Knock Off|[of] p2a: Child Thorn\n|\n|-weather|RainDance|[upkeep]\n|upkeep\n|turn|8\n|\n|t:|1700519297\n|switch|p2a: BUNCHA TURBULENCE|Zapdos, shiny|100\/100\n|move|p1a: Urshifu|Close Combat|p2a: BUNCHA TURBULENCE\n|-resisted|p2a: BUNCHA TURBULENCE\n|-damage|p2a: BUNCHA TURBULENCE|63\/100\n|-unboost|p1a: Urshifu|def|1\n|-unboost|p1a: Urshifu|spd|1\n|\n|-weather|none\n|upkeep\n|turn|9\n|\n|t:|1700519307\n|switch|p1a: Gastrodon|Gastrodon, M|82\/100\n|move|p2a: BUNCHA TURBULENCE|Roost|p2a: BUNCHA TURBULENCE\n|-heal|p2a: BUNCHA TURBULENCE|100\/100\n|-singleturn|p2a: BUNCHA TURBULENCE|move: Roost\n|\n|-heal|p1a: Gastrodon|88\/100|[from] item: Leftovers\n|upkeep\n|turn|10\n|\n|t:|1700519315\n|switch|p2a: ball breaker|Pelipper, F, shiny|83\/100\n|-weather|RainDance|[from] ability: Drizzle|[of] p2a: ball breaker\n|move|p1a: Gastrodon|Ice Beam|p2a: ball breaker\n|-damage|p2a: ball breaker|55\/100\n|\n|-weather|RainDance|[upkeep]\n|-heal|p1a: Gastrodon|95\/100|[from] item: Leftovers\n|upkeep\n|turn|11\n|\n|t:|1700519327\n|move|p2a: ball breaker|U-turn|p1a: Gastrodon\n|-damage|p1a: Gastrodon|85\/100\n|\n|t:|1700519333\n|switch|p2a: Child Thorn|Ferrothorn, F, shiny|77\/100|[from] U-turn\n|move|p1a: Gastrodon|Ice Beam|p2a: Child Thorn\n|-damage|p2a: Child Thorn|61\/100\n|\n|-weather|RainDance|[upkeep]\n|-heal|p1a: Gastrodon|91\/100|[from] item: Leftovers\n|upkeep\n|turn|12\n|\n|t:|1700519342\n|move|p1a: Gastrodon|Earth Power|p2a: Child Thorn\n|-damage|p2a: Child Thorn|36\/100\n|move|p2a: Child Thorn|Leech Seed|p1a: Gastrodon\n|-start|p1a: Gastrodon|move: Leech Seed\n|\n|-weather|RainDance|[upkeep]\n|-heal|p1a: Gastrodon|97\/100|[from] item: Leftovers\n|-damage|p1a: Gastrodon|85\/100|[from] Leech Seed|[of] p2a: Child Thorn\n|-heal|p2a: Child Thorn|49\/100|[silent]\n|upkeep\n|turn|13\n|\n|t:|1700519354\n|switch|p1a: Urshifu|Urshifu-Rapid-Strike, F|89\/100\n|move|p2a: Child Thorn|Spikes|p1a: Urshifu\n|-sidestart|p1: Adriux15|Spikes\n|\n|-weather|RainDance|[upkeep]\n|upkeep\n|turn|14\n|\n|t:|1700519360\n|switch|p2a: BUNCHA TURBULENCE|Zapdos, shiny|100\/100\n|move|p1a: Urshifu|Close Combat|p2a: BUNCHA TURBULENCE\n|-resisted|p2a: BUNCHA TURBULENCE\n|-damage|p2a: BUNCHA TURBULENCE|63\/100\n|-unboost|p1a: Urshifu|def|1\n|-unboost|p1a: Urshifu|spd|1\n|\n|-weather|RainDance|[upkeep]\n|upkeep\n|turn|15\n|\n|t:|1700519372\n|move|p1a: Urshifu|Surging Strikes|p2a: BUNCHA TURBULENCE\n|-crit|p2a: BUNCHA TURBULENCE\n|-damage|p2a: BUNCHA TURBULENCE|28\/100\n|-status|p1a: Urshifu|par|[from] ability: Static|[of] p2a: BUNCHA TURBULENCE\n|-crit|p2a: BUNCHA TURBULENCE\n|-damage|p2a: BUNCHA TURBULENCE|0 fnt\n|faint|p2a: BUNCHA TURBULENCE\n|-hitcount|p2: BUNCHA TURBULENCE|2\n|\n|-weather|RainDance|[upkeep]\n|upkeep\n|\n|t:|1700519386\n|switch|p2a: KUNG FU FIGHTINGGG|Urshifu-Rapid-Strike, F|100\/100\n|turn|16\n|\n|t:|1700519392\n|move|p2a: KUNG FU FIGHTINGGG|Close Combat|p1a: Urshifu\n|-damage|p1a: Urshifu|0 fnt\n|-unboost|p2a: KUNG FU FIGHTINGGG|def|1\n|-unboost|p2a: KUNG FU FIGHTINGGG|spd|1\n|faint|p1a: Urshifu\n|\n|-weather|RainDance|[upkeep]\n|upkeep\n|\n|t:|1700519405\n|switch|p1a: Basculegion|Basculegion, M, shiny|100\/100\n|-damage|p1a: Basculegion|88\/100|[from] Spikes\n|turn|17\n|\n|t:|1700519425\n|switch|p2a: Child Thorn|Ferrothorn, F, shiny|49\/100\n|move|p1a: Basculegion|Psychic Fangs|p2a: Child Thorn\n|-resisted|p2a: Child Thorn\n|-damage|p2a: Child Thorn|37\/100\n|-damage|p1a: Basculegion|76\/100|[from] ability: Iron Barbs|[of] p2a: Child Thorn\n|-damage|p1a: Basculegion|59\/100|[from] item: Rocky Helmet|[of] p2a: Child Thorn\n|-damage|p1a: Basculegion|49\/100|[from] item: Life Orb\n|\n|-weather|none\n|upkeep\n|turn|18\n|\n|t:|1700519438\n|switch|p1a: Thundurus|Thundurus-Therian, M, shiny|63\/100\n|move|p2a: Child Thorn|Leech Seed|p1a: Thundurus\n|-start|p1a: Thundurus|move: Leech Seed\n|\n|-damage|p1a: Thundurus|51\/100|[from] Leech Seed|[of] p2a: Child Thorn\n|-heal|p2a: Child Thorn|47\/100|[silent]\n|upkeep\n|turn|19\n|inactive|Betabuxx Billy has 120 seconds left.\n|\n|t:|1700519475\n|move|p1a: Thundurus|Volt Switch|p2a: Child Thorn\n|-resisted|p2a: Child Thorn\n|-damage|p2a: Child Thorn|32\/100\n|\n|t:|1700519480\n|switch|p1a: Pelipper|Pelipper, M|100\/100|[from] Volt Switch\n|-weather|RainDance|[from] ability: Drizzle|[of] p1a: Pelipper\n|move|p2a: Child Thorn|Knock Off|p1a: Pelipper\n|-damage|p1a: Pelipper|76\/100\n|-enditem|p1a: Pelipper|Damp Rock|[from] move: Knock Off|[of] p2a: Child Thorn\n|\n|-weather|RainDance|[upkeep]\n|upkeep\n|turn|20\n|inactive|Betabuxx Billy has 120 seconds left.\n|\n|t:|1700519492\n|move|p1a: Pelipper|Hurricane|p2a: Child Thorn\n|-damage|p2a: Child Thorn|2\/100\n|move|p2a: Child Thorn|Leech Seed|p1a: Pelipper\n|-start|p1a: Pelipper|move: Leech Seed\n|\n|-weather|RainDance|[upkeep]\n|-damage|p1a: Pelipper|64\/100|[from] Leech Seed|[of] p2a: Child Thorn\n|-heal|p2a: Child Thorn|12\/100|[silent]\n|upkeep\n|turn|21\n|inactive|Betabuxx Billy has 120 seconds left.\n|\n|t:|1700519514\n|switch|p2a: Larry Skewba|Barraskewda, F, shiny|100\/100\n|move|p1a: Pelipper|Hurricane|p2a: Larry Skewba\n|-damage|p2a: Larry Skewba|13\/100\n|\n|-weather|RainDance|[upkeep]\n|-damage|p1a: Pelipper|52\/100|[from] Leech Seed|[of] p2a: Larry Skewba\n|-heal|p2a: Larry Skewba|26\/100|[silent]\n|upkeep\n|turn|22\n|\n|t:|1700519529\n|switch|p1a: Gastrodon|Gastrodon, M|85\/100\n|-damage|p1a: Gastrodon|72\/100|[from] Spikes\n|move|p2a: Larry Skewba|Flip Turn|p1a: Gastrodon\n|-ability|p1a: Gastrodon|Storm Drain|boost\n|-boost|p1a: Gastrodon|spa|1\n|\n|-weather|RainDance|[upkeep]\n|-heal|p1a: Gastrodon|79\/100|[from] item: Leftovers\n|upkeep\n|turn|23\n|\n|t:|1700519546\n|switch|p2a: ball breaker|Pelipper, F, shiny|55\/100\n|move|p1a: Gastrodon|Ice Beam|p2a: ball breaker\n|-damage|p2a: ball breaker|16\/100\n|\n|-weather|RainDance|[upkeep]\n|-heal|p1a: Gastrodon|85\/100|[from] item: Leftovers\n|upkeep\n|turn|24\n|\n|t:|1700519553\n|move|p2a: ball breaker|Roost|p2a: ball breaker\n|-heal|p2a: ball breaker|66\/100\n|-singleturn|p2a: ball breaker|move: Roost\n|move|p1a: Gastrodon|Ice Beam|p2a: ball breaker\n|-resisted|p2a: ball breaker\n|-damage|p2a: ball breaker|44\/100\n|\n|-weather|RainDance|[upkeep]\n|-heal|p1a: Gastrodon|91\/100|[from] item: Leftovers\n|upkeep\n|turn|25\n|inactive|Betabuxx Billy has 120 seconds left.\n|\n|t:|1700519567\n|move|p2a: ball breaker|Roost|p2a: ball breaker\n|-heal|p2a: ball breaker|95\/100\n|-singleturn|p2a: ball breaker|move: Roost\n|move|p1a: Gastrodon|Earth Power|p2a: ball breaker\n|-damage|p2a: ball breaker|27\/100\n|\n|-weather|RainDance|[upkeep]\n|-heal|p1a: Gastrodon|97\/100|[from] item: Leftovers\n|upkeep\n|turn|26\n|inactive|Betabuxx Billy has 120 seconds left.\n|\n|t:|1700519584\n|switch|p2a: KUNG FU FIGHTINGGG|Urshifu-Rapid-Strike, F|100\/100\n|move|p1a: Gastrodon|Ice Beam|p2a: KUNG FU FIGHTINGGG\n|-resisted|p2a: KUNG FU FIGHTINGGG\n|-damage|p2a: KUNG FU FIGHTINGGG|77\/100\n|\n|-weather|none\n|-heal|p1a: Gastrodon|100\/100|[from] item: Leftovers\n|upkeep\n|turn|27\n|\n|t:|1700519592\n|move|p2a: KUNG FU FIGHTINGGG|Close Combat|p1a: Gastrodon\n|-damage|p1a: Gastrodon|42\/100\n|-unboost|p2a: KUNG FU FIGHTINGGG|def|1\n|-unboost|p2a: KUNG FU FIGHTINGGG|spd|1\n|move|p1a: Gastrodon|Earth Power|p2a: KUNG FU FIGHTINGGG\n|-damage|p2a: KUNG FU FIGHTINGGG|0 fnt\n|faint|p2a: KUNG FU FIGHTINGGG\n|\n|-heal|p1a: Gastrodon|48\/100|[from] item: Leftovers\n|upkeep\n|inactive|Betabuxx Billy has 90 seconds left.\n|\n|t:|1700519627\n|switch|p2a: ball breaker|Pelipper, F, shiny|27\/100\n|-weather|RainDance|[from] ability: Drizzle|[of] p2a: ball breaker\n|turn|28\n|\n|t:|1700519632\n|move|p2a: ball breaker|Roost|p2a: ball breaker\n|-heal|p2a: ball breaker|77\/100\n|-singleturn|p2a: ball breaker|move: Roost\n|move|p1a: Gastrodon|Ice Beam|p2a: ball breaker\n|-resisted|p2a: ball breaker\n|-damage|p2a: ball breaker|58\/100\n|\n|-weather|RainDance|[upkeep]\n|-heal|p1a: Gastrodon|54\/100|[from] item: Leftovers\n|upkeep\n|turn|29\n|\n|t:|1700519641\n|move|p2a: ball breaker|Hurricane|p1a: Gastrodon\n|-damage|p1a: Gastrodon|20\/100\n|-start|p1a: Gastrodon|confusion\n|-activate|p1a: Gastrodon|confusion\n|-damage|p1a: Gastrodon|14\/100|[from] confusion\n|\n|-weather|RainDance|[upkeep]\n|-heal|p1a: Gastrodon|20\/100|[from] item: Leftovers\n|upkeep\n|turn|30\n|\n|t:|1700519653\n|move|p2a: ball breaker|U-turn|p1a: Gastrodon\n|-damage|p1a: Gastrodon|10\/100\n|\n|t:|1700519666\n|switch|p2a: Bubblegum Pink|Swampert-Mega, F, shiny|100\/100|[from] U-turn\n|-activate|p1a: Gastrodon|confusion\n|move|p1a: Gastrodon|Ice Beam|p2a: Bubblegum Pink\n|-damage|p2a: Bubblegum Pink|69\/100\n|\n|-weather|RainDance|[upkeep]\n|-heal|p1a: Gastrodon|16\/100|[from] item: Leftovers\n|upkeep\n|turn|31\n|\n|t:|1700519675\n|move|p2a: Bubblegum Pink|Ice Punch|p1a: Gastrodon\n|-damage|p1a: Gastrodon|0 fnt\n|faint|p1a: Gastrodon\n|\n|-weather|RainDance|[upkeep]\n|upkeep\n|\n|t:|1700519681\n|switch|p1a: Basculegion|Basculegion, M, shiny|49\/100\n|-damage|p1a: Basculegion|37\/100|[from] Spikes\n|turn|32\n|\n|t:|1700519686\n|switch|p2a: Child Thorn|Ferrothorn, F, shiny|12\/100\n|-terastallize|p1a: Basculegion|Water\n|move|p1a: Basculegion|Wave Crash|p2a: Child Thorn\n|-resisted|p2a: Child Thorn\n|-damage|p2a: Child Thorn|0 fnt\n|-damage|p1a: Basculegion|25\/100|[from] ability: Iron Barbs|[of] p2a: Child Thorn\n|-damage|p1a: Basculegion|8\/100|[from] item: Rocky Helmet|[of] p2a: Child Thorn\n|faint|p2a: Child Thorn\n|-damage|p1a: Basculegion|4\/100|[from] Recoil\n|-damage|p1a: Basculegion|0 fnt|[from] item: Life Orb\n|faint|p1a: Basculegion\n|\n|-weather|RainDance|[upkeep]\n|upkeep\n|inactive|Betabuxx Billy has 120 seconds left.\n|\n|t:|1700519707\n|switch|p1a: Greninja|Greninja, F, shiny|100\/100\n|switch|p2a: Larry Skewba|Barraskewda, F, shiny|26\/100\n|-damage|p1a: Greninja|88\/100|[from] Spikes\n|turn|33\n|inactive|Betabuxx Billy has 120 seconds left.\n|\n|t:|1700519720\n|move|p2a: Larry Skewba|Liquidation|p1a: Greninja\n|-resisted|p1a: Greninja\n|-damage|p1a: Greninja|8\/100\n|move|p1a: Greninja|Dark Pulse|p2a: Larry Skewba\n|-start|p1a: Greninja|typechange|Dark|[from] ability: Protean\n|-damage|p2a: Larry Skewba|0 fnt\n|faint|p2a: Larry Skewba\n|\n|-weather|RainDance|[upkeep]\n|upkeep\n|\n|t:|1700519727\n|switch|p2a: Bubblegum Pink|Swampert-Mega, F, shiny|69\/100\n|turn|34\n|inactive|Betabuxx Billy has 120 seconds left.\n|\n|t:|1700519736\n|move|p2a: Bubblegum Pink|Waterfall|p1a: Greninja\n|-damage|p1a: Greninja|0 fnt\n|faint|p1a: Greninja\n|\n|-weather|RainDance|[upkeep]\n|upkeep\n|\n|t:|1700519741\n|switch|p1a: Pelipper|Pelipper, M|52\/100\n|turn|35\n|\n|t:|1700519753\n|move|p2a: Bubblegum Pink|Waterfall|p1a: Pelipper\n|-resisted|p1a: Pelipper\n|-damage|p1a: Pelipper|10\/100\n|cant|p1a: Pelipper|flinch\n|\n|-weather|none\n|upkeep\n|turn|36\n|\n|t:|1700519760\n|move|p2a: Bubblegum Pink|Waterfall|p1a: Pelipper\n|-resisted|p1a: Pelipper\n|-damage|p1a: Pelipper|0 fnt\n|faint|p1a: Pelipper\n|\n|upkeep\n|\n|t:|1700519764\n|switch|p1a: Thundurus|Thundurus-Therian, M, shiny|51\/100\n|turn|37\n|\n|t:|1700519768\n|switch|p2a: ball breaker|Pelipper, F, shiny|58\/100\n|-weather|RainDance|[from] ability: Drizzle|[of] p2a: ball breaker\n|move|p1a: Thundurus|Focus Blast|p2a: ball breaker\n|-resisted|p2a: ball breaker\n|-damage|p2a: ball breaker|31\/100\n|\n|-weather|RainDance|[upkeep]\n|upkeep\n|turn|38\n|\n|t:|1700519780\n|move|p1a: Thundurus|Focus Blast|p2a: ball breaker|[miss]\n|-miss|p1a: Thundurus|p2a: ball breaker\n|move|p2a: ball breaker|U-turn|p1a: Thundurus\n|-resisted|p1a: Thundurus\n|-damage|p1a: Thundurus|46\/100\n|\n|t:|1700519782\n|switch|p2a: Bubblegum Pink|Swampert-Mega, F, shiny|69\/100|[from] U-turn\n|\n|-weather|RainDance|[upkeep]\n|upkeep\n|turn|39\n|c|\u2606Betabuxx Billy|ggwp\n|n|!Adriux15|adriux15\n|-message|Adriux15 forfeited.\n|\n|win|Betabuxx Billy\n|raw|Adriux15's rating: 1162 &rarr; <strong>1145<\/strong><br \/>(-17 for losing)\n|raw|Betabuxx Billy's rating: 1272 &rarr; <strong>1289<\/strong><br \/>(+17 for winning)\n|l|!Adriux15\n","uploadtime":1700519793,"views":1,"p1id":"adriux15","p2id":"betabuxxbilly","formatid":"gen9nationaldex","rating":1145,"private":0,"password":""}