{"id":"gen9nationaldex-1987566546","p1":"gongjuren","p2":"Aynoxx","format":"[Gen 9] National Dex","log":"|j|\u2606gongjuren\n|j|\u2606Aynoxx\n|t:|1699613080\n|gametype|singles\n|player|p1|gongjuren|1|1205\n|player|p2|Aynoxx|169|1249\n|teamsize|p1|6\n|teamsize|p2|6\n|gen|9\n|tier|[Gen 9] National Dex\n|rated|\n|rule|HP Percentage Mod: HP is shown in percentages\n|rule|Endless Battle Clause: Forcing endless battles is banned\n|rule|OHKO Clause: OHKO moves are banned\n|rule|Evasion Clause: Evasion abilities, items, and moves are banned\n|rule|Evasion Abilities Clause: Evasion abilities are banned\n|rule|Evasion Items Clause: Evasion items are banned\n|rule|Evasion Moves Clause: Evasion moves are banned\n|rule|Species Clause: Limit one of each Pok\u00e9mon\n|rule|Sleep Clause Mod: Limit one foe put to sleep\n|clearpoke\n|poke|p1|Beedrill, M|\n|poke|p1|Shuckle, M|\n|poke|p1|Kartana|\n|poke|p1|Urshifu-*, M|\n|poke|p1|Blacephalon|\n|poke|p1|Greninja-*, M|\n|poke|p2|Xurkitree|\n|poke|p2|Iron Valiant|\n|poke|p2|Steelix, M|\n|poke|p2|Great Tusk|\n|poke|p2|Zapdos-Galar|\n|poke|p2|Electrode-Hisui|\n|teampreview\n|inactive|Battle timer is ON: inactive players will automatically lose when time's up. (requested by gongjuren)\n|\n|t:|1699613096\n|start\n|switch|p1a: \u5f3a\u6b32\u4e4b\u58f6|Shuckle, M|100\/100\n|switch|p2a: Great Tusk|Great Tusk, shiny|100\/100\n|-enditem|p2a: Great Tusk|Booster Energy\n|-activate|p2a: Great Tusk|ability: Protosynthesis|[fromitem]\n|-start|p2a: Great Tusk|protosynthesisdef\n|turn|1\n|l|\u2606Aynoxx\n|inactive|Aynoxx disconnected and has a minute to reconnect!\n|player|p2|\n|j|\u2606Aynoxx\n|inactive|Aynoxx reconnected and has 110 seconds left.\n|player|p2|Aynoxx|169\n|\n|t:|1699613140\n|move|p2a: Great Tusk|Body Press|p1a: \u5f3a\u6b32\u4e4b\u58f6\n|-damage|p1a: \u5f3a\u6b32\u4e4b\u58f6|77\/100\n|-enditem|p1a: \u5f3a\u6b32\u4e4b\u58f6|Red Card|[of] p2a: Great Tusk\n|-end|p2a: Great Tusk|Protosynthesis|[silent]\n|drag|p2a: Steelix|Steelix, M|100\/100\n|move|p1a: \u5f3a\u6b32\u4e4b\u58f6|Sticky Web|p2a: Steelix\n|-sidestart|p2: Aynoxx|move: Sticky Web\n|\n|upkeep\n|turn|2\n|\n|t:|1699613147\n|switch|p2a: Great Tusk|Great Tusk, shiny|100\/100\n|-activate|p2a: Great Tusk|move: Sticky Web\n|-unboost|p2a: Great Tusk|spe|1\n|move|p1a: \u5f3a\u6b32\u4e4b\u58f6|Stealth Rock|p2a: Great Tusk\n|-sidestart|p2: Aynoxx|move: Stealth Rock\n|\n|upkeep\n|turn|3\n|\n|t:|1699613152\n|switch|p1a: JOKER|Blacephalon|100\/100\n|move|p2a: Great Tusk|Rapid Spin|p1a: JOKER\n|-immune|p1a: JOKER\n|\n|upkeep\n|turn|4\n|\n|t:|1699613177\n|-terastallize|p1a: JOKER|Fairy\n|move|p1a: JOKER|Flamethrower|p2a: Great Tusk\n|-damage|p2a: Great Tusk|15\/100\n|move|p2a: Great Tusk|Earthquake|p1a: JOKER\n|-damage|p1a: JOKER|9\/100\n|\n|upkeep\n|turn|5\n|l|\u2606Aynoxx\n|inactive|Aynoxx disconnected and has a minute to reconnect!\n|player|p2|\n|j|\u2606Aynoxx\n|inactive|Aynoxx reconnected and has 115 seconds left.\n|player|p2|Aynoxx|169\n|\n|t:|1699613214\n|move|p1a: JOKER|Flamethrower|p2a: Great Tusk\n|-damage|p2a: Great Tusk|0 fnt\n|faint|p2a: Great Tusk\n|-end|p2a: Great Tusk|Protosynthesis|[silent]\n|-ability|p1a: JOKER|Beast Boost|boost\n|-boost|p1a: JOKER|spa|1\n|\n|upkeep\n|\n|t:|1699613219\n|switch|p2a: Zapdos|Zapdos-Galar|100\/100\n|-damage|p2a: Zapdos|88\/100|[from] Stealth Rock\n|turn|6\n|\n|t:|1699613228\n|move|p1a: JOKER|Flamethrower|p2a: Zapdos\n|-damage|p2a: Zapdos|0 fnt\n|faint|p2a: Zapdos\n|-ability|p1a: JOKER|Beast Boost|boost\n|-boost|p1a: JOKER|spa|1\n|\n|upkeep\n|\n|t:|1699613233\n|switch|p2a: Steelix|Steelix, M|100\/100\n|-activate|p2a: Steelix|move: Sticky Web\n|-unboost|p2a: Steelix|spe|1\n|-damage|p2a: Steelix|97\/100|[from] Stealth Rock\n|turn|7\n|\n|t:|1699613238\n|detailschange|p2a: Steelix|Steelix-Mega, M\n|-mega|p2a: Steelix|Steelix|Steelixite\n|move|p1a: JOKER|Flamethrower|p2a: Steelix\n|-supereffective|p2a: Steelix\n|-damage|p2a: Steelix|0 fnt\n|faint|p2a: Steelix\n|-ability|p1a: JOKER|Beast Boost|boost\n|-boost|p1a: JOKER|spa|1\n|\n|upkeep\n|\n|t:|1699613244\n|switch|p2a: Iron Valiant|Iron Valiant, shiny|100\/100\n|-activate|p2a: Iron Valiant|move: Sticky Web\n|-unboost|p2a: Iron Valiant|spe|1\n|-damage|p2a: Iron Valiant|94\/100|[from] Stealth Rock\n|-enditem|p2a: Iron Valiant|Booster Energy\n|-activate|p2a: Iron Valiant|ability: Quark Drive|[fromitem]\n|-start|p2a: Iron Valiant|quarkdrivespa\n|turn|8\n|\n|t:|1699613257\n|move|p1a: JOKER|Flamethrower|p2a: Iron Valiant\n|-damage|p2a: Iron Valiant|0 fnt\n|faint|p2a: Iron Valiant\n|-end|p2a: Iron Valiant|Quark Drive|[silent]\n|-ability|p1a: JOKER|Beast Boost|boost\n|-boost|p1a: JOKER|spa|1\n|\n|upkeep\n|\n|t:|1699613260\n|switch|p2a: Xurkitree|Xurkitree, shiny|100\/100\n|-activate|p2a: Xurkitree|move: Sticky Web\n|-unboost|p2a: Xurkitree|spe|1\n|-damage|p2a: Xurkitree|88\/100|[from] Stealth Rock\n|turn|9\n|\n|t:|1699613263\n|move|p1a: JOKER|Flamethrower|p2a: Xurkitree\n|-damage|p2a: Xurkitree|0 fnt\n|faint|p2a: Xurkitree\n|-ability|p1a: JOKER|Beast Boost|boost\n|-boost|p1a: JOKER|spa|1\n|\n|upkeep\n|\n|t:|1699613265\n|switch|p2a: Electrode|Electrode-Hisui|100\/100\n|-activate|p2a: Electrode|move: Sticky Web\n|-unboost|p2a: Electrode|spe|1\n|-damage|p2a: Electrode|88\/100|[from] Stealth Rock\n|turn|10\n|\n|t:|1699613273\n|move|p1a: JOKER|Flamethrower|p2a: Electrode\n|-supereffective|p2a: Electrode\n|-damage|p2a: Electrode|0 fnt\n|faint|p2a: Electrode\n|\n|win|gongjuren\n|raw|gongjuren's rating: 1205 &rarr; <strong>1233<\/strong><br \/>(+28 for winning)\n|raw|Aynoxx's rating: 1249 &rarr; <strong>1221<\/strong><br \/>(-28 for losing)\n|c|\u2606gongjuren|gg\n|c|\u2606Aynoxx|You are a fucking fuck\n|c|\u2606Aynoxx|XD\n|c|\u2606Aynoxx|Srry\n|l|\u2606Aynoxx\n","uploadtime":1699613293,"views":6,"p1id":"gongjuren","p2id":"aynoxx","formatid":"gen9nationaldex","rating":1221,"private":0,"password":""}