{"id":"gen9nationaldex-1992541233","p1":"pyrobros","p2":"Blackbird_7306","format":"[Gen 9] National Dex","log":"|j|\u2606pyrobros\n|j|\u2606Blackbird_7306\n|t:|1700202369\n|gametype|singles\n|player|p1|pyrobros|archie-gen6|1173\n|player|p2|Blackbird_7306|elio|1158\n|teamsize|p1|6\n|teamsize|p2|6\n|gen|9\n|tier|[Gen 9] National Dex\n|rated|\n|rule|HP Percentage Mod: HP is shown in percentages\n|rule|Endless Battle Clause: Forcing endless battles is banned\n|rule|OHKO Clause: OHKO moves are banned\n|rule|Evasion Clause: Evasion abilities, items, and moves are banned\n|rule|Evasion Abilities Clause: Evasion abilities are banned\n|rule|Evasion Items Clause: Evasion items are banned\n|rule|Evasion Moves Clause: Evasion moves are banned\n|rule|Species Clause: Limit one of each Pok\u00e9mon\n|rule|Sleep Clause Mod: Limit one foe put to sleep\n|clearpoke\n|poke|p1|Sharpedo, M|\n|poke|p1|Alomomola, F|\n|poke|p1|Manaphy|\n|poke|p1|Pelipper, F|\n|poke|p1|Swampert, F|\n|poke|p1|Wailord, F|\n|poke|p2|Mamoswine, M|\n|poke|p2|Serperior, F|\n|poke|p2|Corviknight, M|\n|poke|p2|Snorlax, M|\n|poke|p2|Jolteon, M|\n|poke|p2|Charizard, M|\n|teampreview\n|\n|t:|1700202380\n|start\n|switch|p1a: Manaphy|Manaphy|100\/100\n|switch|p2a: Jolteon|Jolteon, M|100\/100\n|turn|1\n|\n|t:|1700202388\n|move|p2a: Jolteon|Shadow Ball|p1a: Manaphy\n|-damage|p1a: Manaphy|69\/100\n|-damage|p2a: Jolteon|91\/100|[from] item: Life Orb\n|move|p1a: Manaphy|Scald|p2a: Jolteon\n|-damage|p2a: Jolteon|45\/100\n|\n|-heal|p1a: Manaphy|75\/100|[from] item: Leftovers\n|upkeep\n|turn|2\n|\n|t:|1700202397\n|switch|p1a: Swampert|Swampert, F|100\/100\n|move|p2a: Jolteon|Thunderbolt|p1a: Swampert\n|-immune|p1a: Swampert\n|\n|upkeep\n|turn|3\n|\n|t:|1700202404\n|move|p2a: Jolteon|Shadow Ball|p1a: Swampert\n|-damage|p1a: Swampert|70\/100\n|-damage|p2a: Jolteon|35\/100|[from] item: Life Orb\n|move|p1a: Swampert|Stealth Rock|p2a: Jolteon\n|-sidestart|p2: Blackbird_7306|move: Stealth Rock\n|\n|upkeep\n|turn|4\n|\n|t:|1700202412\n|move|p2a: Jolteon|Shadow Ball|p1a: Swampert\n|-damage|p1a: Swampert|39\/100\n|-damage|p2a: Jolteon|25\/100|[from] item: Life Orb\n|move|p1a: Swampert|Liquidation|p2a: Jolteon\n|-crit|p2a: Jolteon\n|-damage|p2a: Jolteon|0 fnt\n|faint|p2a: Jolteon\n|\n|upkeep\n|\n|t:|1700202417\n|switch|p2a: Serperior|Serperior, F|100\/100\n|-damage|p2a: Serperior|88\/100|[from] Stealth Rock\n|turn|5\n|\n|t:|1700202429\n|move|p2a: Serperior|Glare|p1a: Swampert\n|-status|p1a: Swampert|par\n|move|p1a: Swampert|Liquidation|p2a: Serperior\n|-resisted|p2a: Serperior\n|-damage|p2a: Serperior|60\/100\n|\n|upkeep\n|turn|6\n|\n|t:|1700202436\n|move|p2a: Serperior|Leaf Storm|p1a: Swampert\n|-supereffective|p1a: Swampert\n|-enditem|p1a: Swampert|Rindo Berry|[eat]\n|-enditem|p1a: Swampert|Rindo Berry|[weaken]\n|-damage|p1a: Swampert|0 fnt\n|-boost|p2a: Serperior|spa|2\n|faint|p1a: Swampert\n|-damage|p2a: Serperior|50\/100|[from] item: Life Orb\n|\n|upkeep\n|\n|t:|1700202447\n|switch|p1a: Pelipper|Pelipper, F|100\/100\n|-weather|RainDance|[from] ability: Drizzle|[of] p1a: Pelipper\n|turn|7\n|\n|t:|1700202452\n|move|p2a: Serperior|Leaf Storm|p1a: Pelipper\n|-damage|p1a: Pelipper|0 fnt\n|-boost|p2a: Serperior|spa|2\n|faint|p1a: Pelipper\n|-damage|p2a: Serperior|41\/100|[from] item: Life Orb\n|\n|-weather|RainDance|[upkeep]\n|upkeep\n|\n|t:|1700202459\n|switch|p1a: Shark|Sharpedo, M|100\/100\n|turn|8\n|\n|t:|1700202469\n|move|p1a: Shark|Protect|p1a: Shark\n|-singleturn|p1a: Shark|Protect\n|move|p2a: Serperior|Leaf Storm|p1a: Shark\n|-activate|p1a: Shark|move: Protect\n|\n|-weather|RainDance|[upkeep]\n|-ability|p1a: Shark|Speed Boost|boost\n|-boost|p1a: Shark|spe|1\n|upkeep\n|turn|9\n|\n|t:|1700202480\n|detailschange|p1a: Shark|Sharpedo-Mega, M\n|-mega|p1a: Shark|Sharpedo|Sharpedonite\n|move|p1a: Shark|Poison Jab|p2a: Serperior\n|-supereffective|p2a: Serperior\n|-damage|p2a: Serperior|0 fnt\n|faint|p2a: Serperior\n|\n|-weather|RainDance|[upkeep]\n|upkeep\n|\n|t:|1700202485\n|switch|p2a: Corviknight|Corviknight, M|100\/100\n|-damage|p2a: Corviknight|88\/100|[from] Stealth Rock\n|-ability|p2a: Corviknight|Pressure\n|turn|10\n|\n|t:|1700202491\n|move|p1a: Shark|Liquidation|p2a: Corviknight\n|-damage|p2a: Corviknight|44\/100\n|-damage|p1a: Shark|84\/100|[from] item: Rocky Helmet|[of] p2a: Corviknight\n|move|p2a: Corviknight|Defog|p1a: Shark\n|-unboost|p1a: Shark|evasion|1\n|-sideend|p2: Blackbird_7306|Stealth Rock|[from] move: Defog|[of] p2a: Corviknight\n|\n|-weather|RainDance|[upkeep]\n|upkeep\n|turn|11\n|\n|t:|1700202500\n|move|p1a: Shark|Liquidation|p2a: Corviknight\n|-damage|p2a: Corviknight|0 fnt\n|-damage|p1a: Shark|68\/100|[from] item: Rocky Helmet|[of] p2a: Corviknight\n|faint|p2a: Corviknight\n|\n|-weather|none\n|upkeep\n|\n|t:|1700202507\n|switch|p2a: Snorlax|Snorlax, M, shiny|100\/100\n|turn|12\n|\n|t:|1700202512\n|move|p1a: Shark|Liquidation|p2a: Snorlax\n|-damage|p2a: Snorlax|49\/100\n|move|p2a: Snorlax|Return|p1a: Shark\n|-damage|p1a: Shark|0 fnt\n|faint|p1a: Shark\n|\n|upkeep\n|\n|t:|1700202521\n|switch|p1a: Whale|Wailord, F|100\/100\n|turn|13\n|\n|t:|1700202524\n|move|p1a: Whale|Water Spout|p2a: Snorlax\n|-damage|p2a: Snorlax|17\/100\n|move|p2a: Snorlax|Curse|p2a: Snorlax\n|-unboost|p2a: Snorlax|spe|1\n|-boost|p2a: Snorlax|atk|1\n|-boost|p2a: Snorlax|def|1\n|\n|upkeep\n|turn|14\n|\n|t:|1700202532\n|move|p1a: Whale|Water Spout|p2a: Snorlax\n|-damage|p2a: Snorlax|0 fnt\n|faint|p2a: Snorlax\n|\n|upkeep\n|\n|t:|1700202534\n|switch|p2a: Mamoswine|Mamoswine, M|100\/100\n|turn|15\n|\n|t:|1700202541\n|move|p1a: Whale|Water Spout|p2a: Mamoswine\n|-supereffective|p2a: Mamoswine\n|-damage|p2a: Mamoswine|6\/100\n|move|p2a: Mamoswine|Earthquake|p1a: Whale\n|-damage|p1a: Whale|25\/100\n|\n|upkeep\n|turn|16\n|\n|t:|1700202548\n|move|p2a: Mamoswine|Ice Shard|p1a: Whale\n|-resisted|p1a: Whale\n|-damage|p1a: Whale|10\/100\n|move|p1a: Whale|Water Spout|p2a: Mamoswine\n|-supereffective|p2a: Mamoswine\n|-damage|p2a: Mamoswine|0 fnt\n|faint|p2a: Mamoswine\n|\n|upkeep\n|\n|t:|1700202551\n|switch|p2a: Charizard|Charizard, M|100\/100\n|turn|17\n|\n|t:|1700202557\n|detailschange|p2a: Charizard|Charizard-Mega-X, M\n|-mega|p2a: Charizard|Charizard|Charizardite X\n|move|p1a: Whale|Water Spout|p2a: Charizard\n|-damage|p2a: Charizard|94\/100\n|move|p2a: Charizard|Dragon Claw|p1a: Whale\n|-damage|p1a: Whale|0 fnt\n|faint|p1a: Whale\n|\n|upkeep\n|\n|t:|1700202567\n|switch|p1a: Manaphy|Manaphy|75\/100\n|turn|18\n|\n|t:|1700202574\n|move|p1a: Manaphy|Scald|p2a: Charizard\n|-damage|p2a: Charizard|56\/100\n|move|p2a: Charizard|Dragon Dance|p2a: Charizard\n|-boost|p2a: Charizard|atk|1\n|-boost|p2a: Charizard|spe|1\n|\n|-heal|p1a: Manaphy|81\/100|[from] item: Leftovers\n|upkeep\n|turn|19\n|\n|t:|1700202583\n|move|p2a: Charizard|Dragon Dance|p2a: Charizard\n|-boost|p2a: Charizard|atk|1\n|-boost|p2a: Charizard|spe|1\n|move|p1a: Manaphy|Scald|p2a: Charizard\n|-damage|p2a: Charizard|15\/100\n|\n|-heal|p1a: Manaphy|87\/100|[from] item: Leftovers\n|upkeep\n|turn|20\n|\n|t:|1700202595\n|-terastallize|p1a: Manaphy|Water\n|move|p2a: Charizard|Dragon Claw|p1a: Manaphy\n|-damage|p1a: Manaphy|0 fnt\n|faint|p1a: Manaphy\n|\n|upkeep\n|\n|t:|1700202602\n|switch|p1a: Fish|Alomomola, F|100\/100\n|turn|21\n|\n|t:|1700202619\n|move|p2a: Charizard|Dragon Claw|p1a: Fish\n|-damage|p1a: Fish|38\/100\n|move|p1a: Fish|Scald|p2a: Charizard\n|-damage|p2a: Charizard|0 fnt\n|faint|p2a: Charizard\n|\n|win|pyrobros\n|raw|pyrobros's rating: 1173 &rarr; <strong>1197<\/strong><br \/>(+24 for winning)\n|raw|Blackbird_7306's rating: 1158 &rarr; <strong>1134<\/strong><br \/>(-24 for losing)\n|c|\u2606Blackbird_7306|damn gg\n|c|\u2606pyrobros|gg\n|l|\u2606pyrobros\n","uploadtime":1700202640,"views":4,"p1id":"pyrobros","p2id":"blackbird7306","formatid":"gen9nationaldex","rating":1134,"private":0,"password":""}