{"id":"gen9nationaldex-1988446978","p1":"HannibalKanter","p2":"carlossbr04","format":"[Gen 9] National Dex","log":"|j|\u2606HannibalKanter\n|j|\u2606carlossbr04\n|t:|1699723888\n|gametype|singles\n|player|p1|HannibalKanter|blaine|1187\n|player|p2|carlossbr04|169|1199\n|teamsize|p1|6\n|teamsize|p2|6\n|gen|9\n|tier|[Gen 9] National Dex\n|rated|\n|rule|HP Percentage Mod: HP is shown in percentages\n|rule|Endless Battle Clause: Forcing endless battles is banned\n|rule|OHKO Clause: OHKO moves are banned\n|rule|Evasion Clause: Evasion abilities, items, and moves are banned\n|rule|Evasion Abilities Clause: Evasion abilities are banned\n|rule|Evasion Items Clause: Evasion items are banned\n|rule|Evasion Moves Clause: Evasion moves are banned\n|rule|Species Clause: Limit one of each Pok\u00e9mon\n|rule|Sleep Clause Mod: Limit one foe put to sleep\n|clearpoke\n|poke|p1|Slaking, M|\n|poke|p1|Pawmot, M|\n|poke|p1|Ditto|\n|poke|p1|Alomomola, F|\n|poke|p1|Runerigus, F|\n|poke|p1|Scizor, F|\n|poke|p2|Infernape, F|\n|poke|p2|Grimmsnarl, M|\n|poke|p2|Toxapex, M|\n|poke|p2|Garchomp, M|\n|poke|p2|Rotom-Wash|\n|poke|p2|Diancie|\n|teampreview\n|inactive|Battle timer is ON: inactive players will automatically lose when time's up. (requested by HannibalKanter)\n|\n|t:|1699723908\n|start\n|switch|p1a: Runerigus|Runerigus, F|100\/100\n|switch|p2a: Grimmsnarl|Grimmsnarl, M, shiny|100\/100\n|turn|1\n|\n|t:|1699723931\n|move|p2a: Grimmsnarl|Reflect|p2a: Grimmsnarl\n|-sidestart|p2: carlossbr04|Reflect\n|move|p1a: Runerigus|Body Press|p2a: Grimmsnarl\n|-damage|p2a: Grimmsnarl|85\/100\n|\n|upkeep\n|turn|2\n|inactive|carlossbr04 has 120 seconds left.\n|\n|t:|1699723954\n|move|p2a: Grimmsnarl|Darkest Lariat|p1a: Runerigus\n|-supereffective|p1a: Runerigus\n|-damage|p1a: Runerigus|59\/100\n|-damage|p2a: Grimmsnarl|69\/100|[from] item: Rocky Helmet|[of] p1a: Runerigus\n|-activate|p1a: Runerigus|ability: Wandering Spirit|Prankster|Wandering Spirit|[of] p2a: Grimmsnarl\n|move|p1a: Runerigus|Stealth Rock|p2a: Grimmsnarl\n|-sidestart|p2: carlossbr04|move: Stealth Rock\n|\n|upkeep\n|turn|3\n|inactive|carlossbr04 has 120 seconds left.\n|\n|t:|1699723972\n|move|p1a: Runerigus|Will-O-Wisp|p2a: Grimmsnarl\n|-hint|Since gen 7, Dark is immune to Prankster moves.\n|-immune|p2a: Grimmsnarl\n|move|p2a: Grimmsnarl|Darkest Lariat|p1a: Runerigus\n|-supereffective|p1a: Runerigus\n|-damage|p1a: Runerigus|16\/100\n|-damage|p2a: Grimmsnarl|52\/100|[from] item: Rocky Helmet|[of] p1a: Runerigus\n|\n|upkeep\n|turn|4\n|inactive|carlossbr04 has 120 seconds left.\n|\n|t:|1699723999\n|switch|p1a: Alomomola|Alomomola, F|100\/100\n|move|p2a: Grimmsnarl|Darkest Lariat|p1a: Alomomola\n|-damage|p1a: Alomomola|81\/100\n|-damage|p2a: Grimmsnarl|36\/100|[from] item: Rocky Helmet|[of] p1a: Alomomola\n|\n|upkeep\n|turn|5\n|\n|t:|1699724018\n|move|p2a: Grimmsnarl|Reflect||[still]\n|-fail|p2a: Grimmsnarl\n|move|p1a: Alomomola|Wish|p1a: Alomomola\n|\n|upkeep\n|turn|6\n|inactive|carlossbr04 has 90 seconds left.\n|\n|t:|1699724035\n|move|p2a: Grimmsnarl|Light Screen|p2a: Grimmsnarl\n|-sidestart|p2: carlossbr04|move: Light Screen\n|move|p1a: Alomomola|Flip Turn|p2a: Grimmsnarl\n|-damage|p2a: Grimmsnarl|28\/100\n|-activate|p2a: Grimmsnarl|ability: Wandering Spirit|Regenerator|Wandering Spirit|[of] p1a: Alomomola\n|\n|t:|1699724042\n|switch|p1a: Runerigus|Runerigus, F|16\/100|[from] Flip Turn\n|\n|-heal|p1a: Runerigus|99\/100|[from] move: Wish|[wisher] Alomomola\n|upkeep\n|turn|7\n|inactive|carlossbr04 has 90 seconds left.\n|\n|t:|1699724063\n|move|p2a: Grimmsnarl|Darkest Lariat|p1a: Runerigus\n|-supereffective|p1a: Runerigus\n|-damage|p1a: Runerigus|58\/100\n|-damage|p2a: Grimmsnarl|12\/100|[from] item: Rocky Helmet|[of] p1a: Runerigus\n|-activate|p1a: Runerigus|ability: Wandering Spirit|Regenerator|Wandering Spirit|[of] p2a: Grimmsnarl\n|move|p1a: Runerigus|Will-O-Wisp|p2a: Grimmsnarl\n|-status|p2a: Grimmsnarl|brn\n|\n|-damage|p2a: Grimmsnarl|6\/100 brn|[from] brn\n|upkeep\n|turn|8\n|inactive|carlossbr04 has 90 seconds left.\n|\n|t:|1699724077\n|switch|p1a: Slaking|Slaking, M|100\/100\n|move|p2a: Grimmsnarl|Darkest Lariat|p1a: Slaking\n|-damage|p1a: Slaking|86\/100\n|\n|-damage|p2a: Grimmsnarl|0 fnt|[from] brn\n|faint|p2a: Grimmsnarl\n|-sideend|p2: carlossbr04|Reflect\n|upkeep\n|\n|t:|1699724082\n|switch|p2a: Toxapex|Toxapex, M|100\/100\n|-damage|p2a: Toxapex|88\/100|[from] Stealth Rock\n|turn|9\n|\n|t:|1699724090\n|move|p1a: Slaking|Earthquake|p2a: Toxapex\n|-supereffective|p2a: Toxapex\n|-damage|p2a: Toxapex|29\/100\n|move|p2a: Toxapex|Toxic|p1a: Slaking\n|-status|p1a: Slaking|tox\n|\n|-heal|p2a: Toxapex|35\/100|[from] item: Black Sludge\n|-damage|p1a: Slaking|80\/100 tox|[from] psn\n|upkeep\n|turn|10\n|\n|t:|1699724105\n|switch|p1a: Scizor|Scizor, F|100\/100\n|move|p2a: Toxapex|Baneful Bunker||[still]\n|-fail|p2a: Toxapex\n|\n|-heal|p2a: Toxapex|41\/100|[from] item: Black Sludge\n|upkeep\n|turn|11\n|inactive|carlossbr04 has 90 seconds left.\n|\n|t:|1699724139\n|switch|p2a: Rotom|Rotom-Wash, shiny|100\/100\n|-damage|p2a: Rotom|88\/100|[from] Stealth Rock\n|detailschange|p1a: Scizor|Scizor-Mega, F\n|-mega|p1a: Scizor|Scizor|Scizorite\n|move|p1a: Scizor|U-turn|p2a: Rotom\n|-damage|p2a: Rotom|52\/100\n|\n|t:|1699724149\n|switch|p1a: Slaking|Slaking, M|80\/100 tox|[from] U-turn\n|\n|-heal|p2a: Rotom|58\/100|[from] item: Leftovers\n|-damage|p1a: Slaking|74\/100 tox|[from] psn\n|upkeep\n|turn|12\n|inactive|carlossbr04 has 90 seconds left.\n|\n|t:|1699724156\n|move|p2a: Rotom|Protect|p2a: Rotom\n|-singleturn|p2a: Rotom|Protect\n|move|p1a: Slaking|Facade|p2a: Rotom\n|-activate|p2a: Rotom|move: Protect\n|\n|-heal|p2a: Rotom|65\/100|[from] item: Leftovers\n|-damage|p1a: Slaking|62\/100 tox|[from] psn\n|upkeep\n|turn|13\n|inactive|carlossbr04 has 90 seconds left.\n|\n|t:|1699724176\n|switch|p1a: Pawmot|Pawmot, M|100\/100\n|move|p2a: Rotom|Hydro Pump|p1a: Pawmot|[miss]\n|-miss|p2a: Rotom|p1a: Pawmot\n|\n|-heal|p2a: Rotom|71\/100|[from] item: Leftovers\n|-sideend|p2: carlossbr04|move: Light Screen\n|upkeep\n|turn|14\n|\n|t:|1699724185\n|move|p1a: Pawmot|Wish|p1a: Pawmot\n|move|p2a: Rotom|Will-O-Wisp|p1a: Pawmot\n|-status|p1a: Pawmot|brn\n|\n|-heal|p2a: Rotom|77\/100|[from] item: Leftovers\n|-damage|p1a: Pawmot|94\/100 brn|[from] brn\n|upkeep\n|turn|15\n|inactive|carlossbr04 has 90 seconds left.\n|\n|t:|1699724205\n|switch|p2a: Garchomp|Garchomp, M|100\/100\n|-damage|p2a: Garchomp|94\/100|[from] Stealth Rock\n|move|p1a: Pawmot|Double Shock|p2a: Garchomp\n|-immune|p2a: Garchomp\n|\n|-heal|p1a: Pawmot|100\/100 brn|[from] move: Wish|[wisher] Pawmot\n|-heal|p2a: Garchomp|100\/100|[from] item: Leftovers\n|-damage|p1a: Pawmot|94\/100 brn|[from] brn\n|upkeep\n|turn|16\n|\n|t:|1699724222\n|switch|p1a: Runerigus|Runerigus, F|91\/100\n|move|p2a: Garchomp|Swords Dance|p2a: Garchomp\n|-boost|p2a: Garchomp|atk|2\n|\n|upkeep\n|turn|17\n|\n|t:|1699724229\n|move|p2a: Garchomp|Swords Dance|p2a: Garchomp\n|-boost|p2a: Garchomp|atk|2\n|move|p1a: Runerigus|Will-O-Wisp|p2a: Garchomp\n|-status|p2a: Garchomp|brn\n|\n|-damage|p2a: Garchomp|94\/100 brn|[from] brn\n|upkeep\n|turn|18\n|\n|t:|1699724247\n|move|p2a: Garchomp|Swords Dance|p2a: Garchomp\n|-boost|p2a: Garchomp|atk|2\n|move|p1a: Runerigus|Body Press|p2a: Garchomp\n|-damage|p2a: Garchomp|59\/100 brn\n|-damage|p1a: Runerigus|78\/100|[from] ability: Rough Skin|[of] p2a: Garchomp\n|\n|-heal|p2a: Garchomp|65\/100 brn|[from] item: Leftovers\n|-damage|p2a: Garchomp|59\/100 brn|[from] brn\n|upkeep\n|turn|19\n|\n|t:|1699724262\n|move|p2a: Garchomp|Dragon Claw|p1a: Runerigus\n|-damage|p1a: Runerigus|26\/100\n|-damage|p2a: Garchomp|43\/100 brn|[from] item: Rocky Helmet|[of] p1a: Runerigus\n|-activate|p1a: Runerigus|ability: Wandering Spirit|Rough Skin|Wandering Spirit|[of] p2a: Garchomp\n|move|p1a: Runerigus|Body Press|p2a: Garchomp\n|-damage|p2a: Garchomp|10\/100 brn\n|-activate|p2a: Garchomp|ability: Wandering Spirit|Rough Skin|Wandering Spirit|[of] p1a: Runerigus\n|\n|-heal|p2a: Garchomp|16\/100 brn|[from] item: Leftovers\n|-damage|p2a: Garchomp|10\/100 brn|[from] brn\n|upkeep\n|turn|20\n|inactive|carlossbr04 has 60 seconds left.\n|\n|t:|1699724295\n|move|p2a: Garchomp|Dragon Claw|p1a: Runerigus\n|-damage|p1a: Runerigus|0 fnt\n|-damage|p2a: Garchomp|0 fnt|[from] item: Rocky Helmet|[of] p1a: Runerigus\n|faint|p1a: Runerigus\n|faint|p2a: Garchomp\n|\n|upkeep\n|inactive|carlossbr04 has 60 seconds left.\n|\n|t:|1699724317\n|switch|p2a: Toxapex|Toxapex, M|75\/100\n|switch|p1a: Pawmot|Pawmot, M|94\/100 brn\n|-damage|p2a: Toxapex|62\/100|[from] Stealth Rock\n|turn|21\n|\n|t:|1699724323\n|move|p2a: Toxapex|Baneful Bunker|p2a: Toxapex\n|-singleturn|p2a: Toxapex|move: Protect\n|move|p1a: Pawmot|Revival Blessing|p1a: Pawmot\n|-enditem|p1a: Pawmot|Leppa Berry|[eat]\n|-activate|p1a: Pawmot|item: Leppa Berry|Revival Blessing|[consumed]\n|\n|t:|1699724326\n|-heal|p1: Runerigus|50\/100|[from] move: Revival Blessing\n|\n|-heal|p2a: Toxapex|68\/100|[from] item: Black Sludge\n|-damage|p1a: Pawmot|88\/100 brn|[from] brn\n|upkeep\n|turn|22\n|inactive|carlossbr04 has 60 seconds left.\n|inactive|carlossbr04 has 30 seconds left.\n|\n|t:|1699724361\n|switch|p2a: Diancie|Diancie, shiny|100\/100\n|-damage|p2a: Diancie|88\/100|[from] Stealth Rock\n|move|p1a: Pawmot|Wish|p1a: Pawmot\n|\n|-damage|p1a: Pawmot|82\/100 brn|[from] brn\n|upkeep\n|turn|23\n|\n|t:|1699724369\n|switch|p1a: Scizor|Scizor-Mega, F|100\/100\n|detailschange|p2a: Diancie|Diancie-Mega, shiny\n|-mega|p2a: Diancie|Diancie|Diancite\n|move|p2a: Diancie|Moonblast|p1a: Scizor\n|-resisted|p1a: Scizor\n|-damage|p1a: Scizor|75\/100\n|-unboost|p1a: Scizor|spa|1\n|\n|-heal|p1a: Scizor|100\/100|[from] move: Wish|[wisher] Pawmot\n|upkeep\n|turn|24\n|inactive|carlossbr04 has 30 seconds left.\n|\n|t:|1699724393\n|move|p2a: Diancie|Mystical Fire|p1a: Scizor\n|-supereffective|p1a: Scizor\n|-damage|p1a: Scizor|0 fnt\n|faint|p1a: Scizor\n|\n|upkeep\n|inactive|carlossbr04 has 30 seconds left this turn.\n|\n|t:|1699724402\n|switch|p1a: Pawmot|Pawmot, M|82\/100 brn\n|turn|25\n|inactive|carlossbr04 has 30 seconds left.\n|inactive|carlossbr04 has 20 seconds left.\n|\n|t:|1699724426\n|-terastallize|p1a: Pawmot|Electric\n|move|p2a: Diancie|Moonblast|p1a: Pawmot\n|-damage|p1a: Pawmot|0 fnt\n|faint|p1a: Pawmot\n|\n|upkeep\n|inactive|carlossbr04 has 25 seconds left this turn.\n|\n|t:|1699724433\n|switch|p1a: Ditto|Ditto|100\/100\n|-transform|p1a: Ditto|p2a: Diancie|[from] ability: Imposter\n|turn|26\n|inactive|carlossbr04 has 30 seconds left.\n|inactive|carlossbr04 has 20 seconds left.\n|inactive|carlossbr04 has 15 seconds left.\n|inactive|carlossbr04 has 10 seconds left.\n|\n|t:|1699724459\n|switch|p2a: Toxapex|Toxapex, M|100\/100\n|-damage|p2a: Toxapex|88\/100|[from] Stealth Rock\n|move|p1a: Ditto|Diamond Storm|p2a: Toxapex\n|-damage|p2a: Toxapex|45\/100\n|\n|-heal|p2a: Toxapex|51\/100|[from] item: Black Sludge\n|upkeep\n|turn|27\n|inactive|carlossbr04 has 20 seconds left this turn.\n|inactive|carlossbr04 has 15 seconds left.\n|\n|t:|1699724476\n|switch|p1a: Alomomola|Alomomola, F|81\/100\n|move|p2a: Toxapex|Toxic|p1a: Alomomola\n|-status|p1a: Alomomola|tox\n|\n|-heal|p2a: Toxapex|57\/100|[from] item: Black Sludge\n|-damage|p1a: Alomomola|74\/100 tox|[from] psn\n|upkeep\n|turn|28\n|inactive|carlossbr04 has 25 seconds left this turn.\n|inactive|carlossbr04 has 20 seconds left.\n|inactive|carlossbr04 has 15 seconds left.\n|\n|t:|1699724487\n|move|p2a: Toxapex|Baneful Bunker|p2a: Toxapex\n|-singleturn|p2a: Toxapex|move: Protect\n|move|p1a: Alomomola|Wish|p1a: Alomomola\n|\n|-heal|p2a: Toxapex|63\/100|[from] item: Black Sludge\n|-damage|p1a: Alomomola|62\/100 tox|[from] psn\n|upkeep\n|turn|29\n|inactive|carlossbr04 has 25 seconds left this turn.\n|inactive|carlossbr04 has 20 seconds left.\n|inactive|carlossbr04 has 15 seconds left.\n|\n|t:|1699724497\n|switch|p1a: Slaking|Slaking, M|62\/100 tox\n|move|p2a: Toxapex|Recover|p2a: Toxapex\n|-heal|p2a: Toxapex|100\/100\n|\n|-heal|p1a: Slaking|100\/100 tox|[from] move: Wish|[wisher] Alomomola\n|-damage|p1a: Slaking|94\/100 tox|[from] psn\n|upkeep\n|turn|30\n|inactive|carlossbr04 has 25 seconds left this turn.\n|inactive|carlossbr04 has 20 seconds left.\n|inactive|carlossbr04 has 15 seconds left.\n|\n|t:|1699724512\n|switch|p1a: Alomomola|Alomomola, F|95\/100 tox\n|move|p2a: Toxapex|Baneful Bunker||[still]\n|-fail|p2a: Toxapex\n|\n|-damage|p1a: Alomomola|89\/100 tox|[from] psn\n|upkeep\n|turn|31\n|inactive|carlossbr04 has 25 seconds left this turn.\n|\n|t:|1699724516\n|move|p1a: Alomomola|Wish|p1a: Alomomola\n|move|p2a: Toxapex|Chilling Water|p1a: Alomomola\n|-resisted|p1a: Alomomola\n|-damage|p1a: Alomomola|84\/100 tox\n|-unboost|p1a: Alomomola|atk|1\n|\n|-damage|p1a: Alomomola|71\/100 tox|[from] psn\n|upkeep\n|turn|32\n|inactive|carlossbr04 has 30 seconds left.\n|\n|t:|1699724526\n|switch|p1a: Runerigus|Runerigus, F|50\/100\n|move|p2a: Toxapex|Chilling Water|p1a: Runerigus\n|-supereffective|p1a: Runerigus\n|-damage|p1a: Runerigus|29\/100\n|-unboost|p1a: Runerigus|atk|1\n|\n|-heal|p1a: Runerigus|100\/100|[from] move: Wish|[wisher] Alomomola\n|upkeep\n|turn|33\n|\n|t:|1699724534\n|switch|p1a: Alomomola|Alomomola, F|100\/100 tox\n|move|p2a: Toxapex|Toxic|p1a: Alomomola\n|-fail|p1a: Alomomola|tox\n|\n|-damage|p1a: Alomomola|94\/100 tox|[from] psn\n|upkeep\n|turn|34\n|\n|t:|1699724540\n|move|p1a: Alomomola|Flip Turn|p2a: Toxapex\n|-resisted|p2a: Toxapex\n|-damage|p2a: Toxapex|95\/100\n|\n|t:|1699724543\n|switch|p1a: Slaking|Slaking, M|94\/100 tox|[from] Flip Turn\n|move|p2a: Toxapex|Chilling Water|p1a: Slaking\n|-damage|p1a: Slaking|87\/100 tox\n|-unboost|p1a: Slaking|atk|1\n|\n|-heal|p2a: Toxapex|100\/100|[from] item: Black Sludge\n|-damage|p1a: Slaking|81\/100 tox|[from] psn\n|upkeep\n|turn|35\n|\n|t:|1699724555\n|switch|p1a: Alomomola|Alomomola, F|100\/100 tox\n|move|p2a: Toxapex|Baneful Bunker||[still]\n|-fail|p2a: Toxapex\n|\n|-damage|p1a: Alomomola|94\/100 tox|[from] psn\n|upkeep\n|turn|36\n|\n|t:|1699724560\n|move|p1a: Alomomola|Wish|p1a: Alomomola\n|move|p2a: Toxapex|Chilling Water|p1a: Alomomola\n|-resisted|p1a: Alomomola\n|-damage|p1a: Alomomola|88\/100 tox\n|-unboost|p1a: Alomomola|atk|1\n|\n|-damage|p1a: Alomomola|76\/100 tox|[from] psn\n|upkeep\n|turn|37\n|inactive|carlossbr04 has 60 seconds left.\n|\n|t:|1699724573\n|switch|p1a: Slaking|Slaking, M|81\/100 tox\n|move|p2a: Toxapex|Chilling Water|p1a: Slaking\n|-damage|p1a: Slaking|74\/100 tox\n|-unboost|p1a: Slaking|atk|1\n|\n|-heal|p1a: Slaking|100\/100 tox|[from] move: Wish|[wisher] Alomomola\n|-damage|p1a: Slaking|94\/100 tox|[from] psn\n|upkeep\n|turn|38\n|inactive|carlossbr04 has 60 seconds left.\n|\n|t:|1699724584\n|move|p1a: Slaking|Facade|p2a: Toxapex\n|-damage|p2a: Toxapex|53\/100\n|move|p2a: Toxapex|Chilling Water|p1a: Slaking\n|-damage|p1a: Slaking|87\/100 tox\n|-unboost|p1a: Slaking|atk|1\n|\n|-heal|p2a: Toxapex|59\/100|[from] item: Black Sludge\n|-damage|p1a: Slaking|75\/100 tox|[from] psn\n|upkeep\n|turn|39\n|inactive|carlossbr04 has 60 seconds left.\n|\n|t:|1699724590\n|switch|p1a: Alomomola|Alomomola, F|100\/100 tox\n|move|p2a: Toxapex|Chilling Water|p1a: Alomomola\n|-resisted|p1a: Alomomola\n|-damage|p1a: Alomomola|94\/100 tox\n|-unboost|p1a: Alomomola|atk|1\n|\n|-heal|p2a: Toxapex|65\/100|[from] item: Black Sludge\n|-damage|p1a: Alomomola|88\/100 tox|[from] psn\n|upkeep\n|turn|40\n|inactive|carlossbr04 has 60 seconds left.\n|\n|t:|1699724613\n|switch|p2a: Rotom|Rotom-Wash, shiny|77\/100\n|-damage|p2a: Rotom|65\/100|[from] Stealth Rock\n|move|p1a: Alomomola|Wish|p1a: Alomomola\n|\n|-heal|p2a: Rotom|71\/100|[from] item: Leftovers\n|-damage|p1a: Alomomola|76\/100 tox|[from] psn\n|upkeep\n|turn|41\n|\n|t:|1699724621\n|switch|p1a: Slaking|Slaking, M|75\/100 tox\n|move|p2a: Rotom|Thunderbolt|p1a: Slaking\n|-damage|p1a: Slaking|52\/100 tox\n|\n|-heal|p1a: Slaking|100\/100 tox|[from] move: Wish|[wisher] Alomomola\n|-heal|p2a: Rotom|77\/100|[from] item: Leftovers\n|-damage|p1a: Slaking|94\/100 tox|[from] psn\n|upkeep\n|turn|42\n|inactive|carlossbr04 has 60 seconds left.\n|\n|t:|1699724637\n|move|p2a: Rotom|Protect|p2a: Rotom\n|-singleturn|p2a: Rotom|Protect\n|move|p1a: Slaking|Facade|p2a: Rotom\n|-activate|p2a: Rotom|move: Protect\n|\n|-heal|p2a: Rotom|83\/100|[from] item: Leftovers\n|-damage|p1a: Slaking|82\/100 tox|[from] psn\n|upkeep\n|turn|43\n|\n|t:|1699724660\n|switch|p1a: Ditto|Ditto|100\/100\n|-transform|p1a: Ditto|p2a: Rotom|[from] ability: Imposter\n|move|p2a: Rotom|Hydro Pump|p1a: Ditto\n|-resisted|p1a: Ditto\n|-damage|p1a: Ditto|77\/100\n|\n|-heal|p2a: Rotom|90\/100|[from] item: Leftovers\n|upkeep\n|turn|44\n|\n|t:|1699724669\n|move|p2a: Rotom|Protect|p2a: Rotom\n|-singleturn|p2a: Rotom|Protect\n|move|p1a: Ditto|Thunderbolt|p2a: Rotom\n|-activate|p2a: Rotom|move: Protect\n|\n|-heal|p2a: Rotom|96\/100|[from] item: Leftovers\n|upkeep\n|turn|45\n|\n|t:|1699724678\n|move|p1a: Ditto|Thunderbolt|p2a: Rotom\n|-damage|p2a: Rotom|62\/100\n|move|p2a: Rotom|Thunderbolt|p1a: Ditto\n|-damage|p1a: Ditto|40\/100\n|\n|-heal|p2a: Rotom|68\/100|[from] item: Leftovers\n|upkeep\n|turn|46\n|\n|t:|1699724685\n|-terastallize|p2a: Rotom|Electric\n|move|p1a: Ditto|Thunderbolt|p2a: Rotom\n|-resisted|p2a: Rotom\n|-damage|p2a: Rotom|51\/100\n|move|p2a: Rotom|Thunderbolt|p1a: Ditto\n|-damage|p1a: Ditto|0 fnt\n|faint|p1a: Ditto\n|\n|-heal|p2a: Rotom|58\/100|[from] item: Leftovers\n|upkeep\n|\n|t:|1699724690\n|switch|p1a: Runerigus|Runerigus, F|100\/100\n|turn|47\n|\n|t:|1699724696\n|move|p2a: Rotom|Hydro Pump|p1a: Runerigus\n|-supereffective|p1a: Runerigus\n|-damage|p1a: Runerigus|22\/100\n|move|p1a: Runerigus|Body Press|p2a: Rotom\n|-damage|p2a: Rotom|32\/100\n|\n|-heal|p2a: Rotom|39\/100|[from] item: Leftovers\n|upkeep\n|turn|48\n|n|\u203dHannibalKanter|hannibalkanter\n|-message|HannibalKanter forfeited.\n|\n|win|carlossbr04\n|raw|HannibalKanter's rating: 1187 &rarr; <strong>1161<\/strong><br \/>(-26 for losing)\n|raw|carlossbr04's rating: 1176 &rarr; <strong>1202<\/strong><br \/>(+26 for winning)\n","uploadtime":1699724708,"views":4,"p1id":"hannibalkanter","p2id":"carlossbr04","formatid":"gen9nationaldex","rating":1161,"private":0,"password":""}