{"id":"gen9nationaldex-1987648205","p1":"MonkeKING69","p2":"lchx","format":"[Gen 9] National Dex","log":"|j|\u2606MonkeKING69\n|j|\u2606lchx\n|t:|1699623766\n|gametype|singles\n|player|p1|MonkeKING69|raihan-masters|1666\n|player|p2|lchx|ghetsis|1833\n|teamsize|p1|6\n|teamsize|p2|6\n|gen|9\n|tier|[Gen 9] National Dex\n|rated|\n|rule|HP Percentage Mod: HP is shown in percentages\n|rule|Endless Battle Clause: Forcing endless battles is banned\n|rule|OHKO Clause: OHKO moves are banned\n|rule|Evasion Clause: Evasion abilities, items, and moves are banned\n|rule|Evasion Abilities Clause: Evasion abilities are banned\n|rule|Evasion Items Clause: Evasion items are banned\n|rule|Evasion Moves Clause: Evasion moves are banned\n|rule|Species Clause: Limit one of each Pok\u00e9mon\n|rule|Sleep Clause Mod: Limit one foe put to sleep\n|clearpoke\n|poke|p1|Ninetales-Alola, F|\n|poke|p1|Dragonite, F|\n|poke|p1|Blaziken, M|\n|poke|p1|Hatterene, F|\n|poke|p1|Garchomp, F|\n|poke|p1|Porygon-Z|\n|poke|p2|Iron Treads|\n|poke|p2|Ceruledge, F|\n|poke|p2|Iron Valiant|\n|poke|p2|Rillaboom, F|\n|poke|p2|Torterra, F|\n|poke|p2|Azumarill, M|\n|teampreview\n|\n|t:|1699623773\n|start\n|switch|p1a: Ninetales|Ninetales-Alola, F|100\/100\n|switch|p2a: \u6211\u81ea\u6740\u7ed9\u4f60\u770b|Iron Treads|100\/100\n|-weather|Snow|[from] ability: Snow Warning|[of] p1a: Ninetales\n|-enditem|p2a: \u6211\u81ea\u6740\u7ed9\u4f60\u770b|Booster Energy\n|-activate|p2a: \u6211\u81ea\u6740\u7ed9\u4f60\u770b|ability: Quark Drive|[fromitem]\n|-start|p2a: \u6211\u81ea\u6740\u7ed9\u4f60\u770b|quarkdrivespe\n|turn|1\n|\n|t:|1699623782\n|move|p2a: \u6211\u81ea\u6740\u7ed9\u4f60\u770b|Steel Beam|p1a: Ninetales\n|-supereffective|p1a: Ninetales\n|-damage|p1a: Ninetales|0 fnt\n|-damage|p2a: \u6211\u81ea\u6740\u7ed9\u4f60\u770b|50\/100|[from] steelbeam\n|faint|p1a: Ninetales\n|\n|-weather|Snow|[upkeep]\n|upkeep\n|\n|t:|1699623790\n|switch|p1a: Hatterene|Hatterene, F|100\/100\n|turn|2\n|\n|t:|1699623794\n|move|p2a: \u6211\u81ea\u6740\u7ed9\u4f60\u770b|Steel Beam|p1a: Hatterene\n|-supereffective|p1a: Hatterene\n|-damage|p1a: Hatterene|2\/100\n|-damage|p2a: \u6211\u81ea\u6740\u7ed9\u4f60\u770b|0 fnt|[from] steelbeam\n|faint|p2a: \u6211\u81ea\u6740\u7ed9\u4f60\u770b\n|-end|p2a: \u6211\u81ea\u6740\u7ed9\u4f60\u770b|Quark Drive|[silent]\n|move|p1a: Hatterene|Calm Mind|p1a: Hatterene\n|-boost|p1a: Hatterene|spa|1\n|-boost|p1a: Hatterene|spd|1\n|\n|-weather|Snow|[upkeep]\n|-heal|p1a: Hatterene|8\/100|[from] item: Leftovers\n|upkeep\n|\n|t:|1699623804\n|switch|p2a: \u770b\u6211\u4e00\u4e2a\u5ca9z|Rillaboom, F, shiny|100\/100\n|-fieldstart|move: Grassy Terrain|[from] ability: Grassy Surge|[of] p2a: \u770b\u6211\u4e00\u4e2a\u5ca9z\n|turn|3\n|\n|t:|1699623815\n|move|p2a: \u770b\u6211\u4e00\u4e2a\u5ca9z|U-turn|p1a: Hatterene\n|-damage|p1a: Hatterene|0 fnt\n|faint|p1a: Hatterene\n|\n|t:|1699623829\n|switch|p2a: \u5251\u821e\u4e00\u4e0b\u5148|Ceruledge, F|100\/100|[from] U-turn\n|\n|-weather|Snow|[upkeep]\n|upkeep\n|\n|t:|1699623837\n|switch|p1a: Garchomp|Garchomp, F|100\/100\n|turn|4\n|\n|t:|1699623842\n|move|p1a: Garchomp|Swords Dance|p1a: Garchomp\n|-boost|p1a: Garchomp|atk|2\n|move|p2a: \u5251\u821e\u4e00\u4e0b\u5148|Swords Dance|p2a: \u5251\u821e\u4e00\u4e0b\u5148\n|-boost|p2a: \u5251\u821e\u4e00\u4e0b\u5148|atk|2\n|\n|-weather|Snow|[upkeep]\n|upkeep\n|turn|5\n|\n|t:|1699623849\n|-terastallize|p2a: \u5251\u821e\u4e00\u4e0b\u5148|Fairy\n|move|p1a: Garchomp|Scale Shot|p2a: \u5251\u821e\u4e00\u4e0b\u5148\n|-immune|p2a: \u5251\u821e\u4e00\u4e0b\u5148\n|move|p2a: \u5251\u821e\u4e00\u4e0b\u5148|Poltergeist|p1a: Garchomp\n|-activate|p1a: Garchomp|move: Poltergeist|Loaded Dice\n|-damage|p1a: Garchomp|0 fnt\n|faint|p1a: Garchomp\n|\n|-weather|none\n|upkeep\n|\n|t:|1699623853\n|switch|p1a: Porygon-Z|Porygon-Z|100\/100\n|turn|6\n|\n|t:|1699623859\n|-zpower|p1a: Porygon-Z\n|move|p1a: Porygon-Z|Z-Conversion||[anim]Conversion|[still]\n|-boost|p1a: Porygon-Z|atk|1|[zeffect]\n|-boost|p1a: Porygon-Z|def|1|[zeffect]\n|-boost|p1a: Porygon-Z|spa|1|[zeffect]\n|-boost|p1a: Porygon-Z|spd|1|[zeffect]\n|-boost|p1a: Porygon-Z|spe|1|[zeffect]\n|-fail|p1a: Porygon-Z\n|move|p2a: \u5251\u821e\u4e00\u4e0b\u5148|Bitter Blade|p1a: Porygon-Z\n|-damage|p1a: Porygon-Z|18\/100\n|\n|-heal|p1a: Porygon-Z|24\/100|[from] Grassy Terrain\n|upkeep\n|turn|7\n|-message|MonkeKING69 forfeited.\n|\n|win|lchx\n|raw|MonkeKING69's rating: 1666 &rarr; <strong>1655<\/strong><br \/>(-11 for losing)\n|raw|lchx's rating: 1833 &rarr; <strong>1844<\/strong><br \/>(+11 for winning)\n|l|\u2606MonkeKING69\n","uploadtime":1699623881,"views":5,"p1id":"monkeking69","p2id":"lchx","formatid":"gen9nationaldex","rating":1655,"private":0,"password":""}