{"id":"gen9nationaldex-1988184846","p1":"Blake-Mamba","p2":"JamonIS3","format":"[Gen 9] National Dex","log":"|j|\u2606Blake-Mamba\n|j|\u2606JamonIS3\n|t:|1699681251\n|gametype|singles\n|player|p1|Blake-Mamba|juan|1339\n|player|p2|JamonIS3|anabel|1292\n|teamsize|p1|6\n|teamsize|p2|6\n|gen|9\n|tier|[Gen 9] National Dex\n|rated|\n|rule|HP Percentage Mod: HP is shown in percentages\n|rule|Endless Battle Clause: Forcing endless battles is banned\n|rule|OHKO Clause: OHKO moves are banned\n|rule|Evasion Clause: Evasion abilities, items, and moves are banned\n|rule|Evasion Abilities Clause: Evasion abilities are banned\n|rule|Evasion Items Clause: Evasion items are banned\n|rule|Evasion Moves Clause: Evasion moves are banned\n|rule|Species Clause: Limit one of each Pok\u00e9mon\n|rule|Sleep Clause Mod: Limit one foe put to sleep\n|clearpoke\n|poke|p1|Cinccino, M|\n|poke|p1|Zebstrika, F|\n|poke|p1|Ferrothorn, M|\n|poke|p1|Seismitoad, F|\n|poke|p1|Krookodile, M|\n|poke|p1|Emboar, F|\n|poke|p2|Ceruledge, M|\n|poke|p2|Ogerpon-Wellspring, F|\n|poke|p2|Frosmoth, M|\n|poke|p2|Xurkitree|\n|poke|p2|Excadrill, M|\n|poke|p2|Corsola-Galar, M|\n|teampreview\n|inactive|Battle timer is ON: inactive players will automatically lose when time's up. (requested by JamonIS3)\n|\n|t:|1699681269\n|start\n|switch|p1a: Cinccino|Cinccino, M|100\/100\n|switch|p2a: Frosmoth|Frosmoth, M|100\/100\n|turn|1\n|\n|t:|1699681276\n|move|p1a: Cinccino|Rock Blast|p2a: Frosmoth\n|-supereffective|p2a: Frosmoth\n|-damage|p2a: Frosmoth|0 fnt\n|faint|p2a: Frosmoth\n|-hitcount|p2: Frosmoth|1\n|-damage|p1a: Cinccino|91\/100|[from] item: Life Orb\n|\n|upkeep\n|\n|t:|1699681279\n|switch|p2a: Excadrill|Excadrill, M|100\/100\n|-ability|p2a: Excadrill|Mold Breaker\n|turn|2\n|\n|t:|1699681286\n|move|p1a: Cinccino|Triple Axel|p2a: Excadrill\n|-damage|p2a: Excadrill|82\/100\n|-hitcount|p2a: Excadrill|1\n|-damage|p1a: Cinccino|81\/100|[from] item: Life Orb\n|move|p2a: Excadrill|Swords Dance|p2a: Excadrill\n|-boost|p2a: Excadrill|atk|2\n|\n|-heal|p2a: Excadrill|89\/100|[from] item: Leftovers\n|upkeep\n|turn|3\n|\n|t:|1699681296\n|move|p1a: Cinccino|Triple Axel|p2a: Excadrill\n|-damage|p2a: Excadrill|69\/100\n|-damage|p2a: Excadrill|36\/100\n|-damage|p2a: Excadrill|0 fnt\n|faint|p2a: Excadrill\n|-hitcount|p2: Excadrill|3\n|-damage|p1a: Cinccino|71\/100|[from] item: Life Orb\n|\n|upkeep\n|\n|t:|1699681303\n|switch|p2a: Ceruledge|Ceruledge, M|100\/100\n|turn|4\n|\n|t:|1699681307\n|move|p1a: Cinccino|Rock Blast|p2a: Ceruledge\n|-supereffective|p2a: Ceruledge\n|-damage|p2a: Ceruledge|60\/100\n|-ability|p2a: Ceruledge|Weak Armor|boost\n|-unboost|p2a: Ceruledge|def|1\n|-boost|p2a: Ceruledge|spe|2\n|-supereffective|p2a: Ceruledge\n|-damage|p2a: Ceruledge|0 fnt\n|faint|p2a: Ceruledge\n|-hitcount|p2: Ceruledge|2\n|-damage|p1a: Cinccino|61\/100|[from] item: Life Orb\n|\n|upkeep\n|\n|t:|1699681310\n|switch|p2a: Ogerpon|Ogerpon-Wellspring, F|100\/100\n|turn|5\n|\n|t:|1699681323\n|move|p2a: Ogerpon|Ivy Cudgel|p1a: Cinccino\n|-damage|p1a: Cinccino|0 fnt\n|faint|p1a: Cinccino\n|\n|upkeep\n|\n|t:|1699681328\n|switch|p1a: Ferrothorn|Ferrothorn, M|100\/100\n|turn|6\n|\n|t:|1699681336\n|move|p2a: Ogerpon|Swords Dance|p2a: Ogerpon\n|-boost|p2a: Ogerpon|atk|2\n|move|p1a: Ferrothorn|Leech Seed|p2a: Ogerpon\n|-immune|p2a: Ogerpon\n|\n|upkeep\n|turn|7\n|\n|t:|1699681346\n|move|p2a: Ogerpon|Swords Dance|p2a: Ogerpon\n|-boost|p2a: Ogerpon|atk|2\n|move|p1a: Ferrothorn|Iron Defense|p1a: Ferrothorn\n|-boost|p1a: Ferrothorn|def|2\n|\n|upkeep\n|turn|8\n|\n|t:|1699681353\n|move|p2a: Ogerpon|Swords Dance|p2a: Ogerpon\n|-boost|p2a: Ogerpon|atk|2\n|move|p1a: Ferrothorn|Iron Defense|p1a: Ferrothorn\n|-boost|p1a: Ferrothorn|def|2\n|\n|upkeep\n|turn|9\n|\n|t:|1699681359\n|-terastallize|p2a: Ogerpon|Water\n|detailschange|p2a: Ogerpon|Ogerpon-Wellspring-Tera, F, tera:Water\n|-ability|p2a: Ogerpon|Embody Aspect (Wellspring)|boost\n|-boost|p2a: Ogerpon|spd|1\n|move|p2a: Ogerpon|Ivy Cudgel|p1a: Ferrothorn\n|-resisted|p1a: Ferrothorn\n|-damage|p1a: Ferrothorn|72\/100\n|move|p1a: Ferrothorn|Body Press|p2a: Ogerpon\n|-damage|p2a: Ogerpon|0 fnt\n|faint|p2a: Ogerpon\n|\n|upkeep\n|\n|t:|1699681369\n|switch|p2a: Xurkitree|Xurkitree|100\/100\n|turn|10\n|\n|t:|1699681372\n|-zpower|p2a: Xurkitree\n|move|p2a: Xurkitree|Z-Hypnosis|p1a: Ferrothorn|[anim]Hypnosis|[miss]\n|-boost|p2a: Xurkitree|spe|1|[zeffect]\n|-miss|p2a: Xurkitree|p1a: Ferrothorn\n|move|p1a: Ferrothorn|Body Press|p2a: Xurkitree\n|-damage|p2a: Xurkitree|0 fnt\n|faint|p2a: Xurkitree\n|\n|upkeep\n|\n|t:|1699681381\n|switch|p2a: Corsola|Corsola-Galar, M|100\/100\n|turn|11\n|\n|t:|1699681385\n|move|p2a: Corsola|Night Shade|p1a: Ferrothorn\n|-damage|p1a: Ferrothorn|43\/100\n|move|p1a: Ferrothorn|Leech Seed|p2a: Corsola|[miss]\n|-miss|p1a: Ferrothorn|p2a: Corsola\n|\n|upkeep\n|turn|12\n|-message|JamonIS3 forfeited.\n|\n|win|Blake-Mamba\n|raw|Blake-Mamba's rating: 1339 &rarr; <strong>1356<\/strong><br \/>(+17 for winning)\n|raw|JamonIS3's rating: 1292 &rarr; <strong>1270<\/strong><br \/>(-22 for losing)\n|l|\u2606JamonIS3\n","uploadtime":1699681397,"views":4,"p1id":"blakemamba","p2id":"jamonis3","formatid":"gen9nationaldex","rating":1270,"private":0,"password":""}