{"id":"gen9nationaldex-1998183506","p1":"sylwcj","p2":"ma34252997","format":"[Gen 9] National Dex","log":"|html|<div class=\"broadcast-blue\"><strong>[Gen 9] National Dex is currently suspecting Sneasler! For information on how to participate check out the <a href=\"https:\/\/www.smogon.com\/forums\/threads\/sv-national-dex-suspect-8-just-dance.3731534\/\">suspect thread<\/a>.<\/strong><\/div>\n|j|\u2606sylwcj\n|j|\u2606ma34252997\n|t:|1700908171\n|gametype|singles\n|player|p1|sylwcj|265|\n|player|p2|ma34252997|266|\n|teamsize|p1|6\n|teamsize|p2|6\n|gen|9\n|tier|[Gen 9] National Dex\n|rule|HP Percentage Mod: HP is shown in percentages\n|rule|Endless Battle Clause: Forcing endless battles is banned\n|rule|OHKO Clause: OHKO moves are banned\n|rule|Evasion Clause: Evasion abilities, items, and moves are banned\n|rule|Evasion Abilities Clause: Evasion abilities are banned\n|rule|Evasion Items Clause: Evasion items are banned\n|rule|Evasion Moves Clause: Evasion moves are banned\n|rule|Species Clause: Limit one of each Pok\u00e9mon\n|rule|Sleep Clause Mod: Limit one foe put to sleep\n|clearpoke\n|poke|p1|Hoopa-Unbound|\n|poke|p1|Great Tusk|\n|poke|p1|Moltres|\n|poke|p1|Samurott-Hisui, M|\n|poke|p1|Tapu Lele|\n|poke|p1|Aegislash, M|\n|poke|p2|Cinderace, F|\n|poke|p2|Charizard, M|\n|poke|p2|Alomomola, F|\n|poke|p2|Doublade, M|\n|poke|p2|Tapu Lele|\n|poke|p2|Sneasler, F|\n|teampreview\n|\n|t:|1700908184\n|start\n|switch|p1a: Samurott|Samurott-Hisui, M, shiny|100\/100\n|switch|p2a: Cinderace|Cinderace, F, shiny|100\/100\n|turn|1\n|\n|t:|1700908194\n|move|p2a: Cinderace|High Jump Kick|p1a: Samurott|[miss]\n|-start|p2a: Cinderace|typechange|Fighting|[from] ability: Libero\n|-miss|p2a: Cinderace|p1a: Samurott\n|-damage|p2a: Cinderace|50\/100|[from] highjumpkick\n|move|p1a: Samurott|Aqua Cutter|p2a: Cinderace\n|-damage|p2a: Cinderace|0 fnt\n|faint|p2a: Cinderace\n|\n|upkeep\n|\n|t:|1700908211\n|switch|p2a: \u5403\u6211\u4e00\u6293|Sneasler, F|100\/100\n|turn|2\n|\n|t:|1700908220\n|move|p2a: \u5403\u6211\u4e00\u6293|Close Combat|p1a: Samurott\n|-supereffective|p1a: Samurott\n|-enditem|p1a: Samurott|Focus Sash\n|-damage|p1a: Samurott|1\/100\n|-unboost|p2a: \u5403\u6211\u4e00\u6293|def|1\n|-unboost|p2a: \u5403\u6211\u4e00\u6293|spd|1\n|move|p1a: Samurott|Ceaseless Edge|p2a: \u5403\u6211\u4e00\u6293\n|-resisted|p2a: \u5403\u6211\u4e00\u6293\n|-damage|p2a: \u5403\u6211\u4e00\u6293|49\/100\n|-sidestart|p2: ma34252997|Spikes\n|\n|upkeep\n|turn|3\n|\n|t:|1700908234\n|move|p1a: Samurott|Aqua Jet|p2a: \u5403\u6211\u4e00\u6293\n|-damage|p2a: \u5403\u6211\u4e00\u6293|3\/100\n|move|p2a: \u5403\u6211\u4e00\u6293|Acrobatics|p1a: Samurott\n|-damage|p1a: Samurott|0 fnt\n|faint|p1a: Samurott\n|\n|upkeep\n|\n|t:|1700908252\n|switch|p1a: Aegislash|Aegislash, M, shiny|100\/100\n|turn|4\n|\n|t:|1700908263\n|move|p2a: \u5403\u6211\u4e00\u6293|Acrobatics|p1a: Aegislash\n|-resisted|p1a: Aegislash\n|-damage|p1a: Aegislash|93\/100\n|move|p1a: Aegislash|Substitute|p1a: Aegislash\n|-start|p1a: Aegislash|Substitute\n|-damage|p1a: Aegislash|68\/100\n|\n|-heal|p1a: Aegislash|75\/100|[from] item: Leftovers\n|upkeep\n|turn|5\n|\n|t:|1700908281\n|move|p1a: Aegislash|King's Shield|p1a: Aegislash\n|-singleturn|p1a: Aegislash|Protect\n|move|p2a: \u5403\u6211\u4e00\u6293|Swords Dance|p2a: \u5403\u6211\u4e00\u6293\n|-boost|p2a: \u5403\u6211\u4e00\u6293|atk|2\n|\n|-heal|p1a: Aegislash|81\/100|[from] item: Leftovers\n|upkeep\n|turn|6\n|\n|t:|1700908298\n|-formechange|p1a: Aegislash|Aegislash-Blade||[from] ability: Stance Change\n|move|p1a: Aegislash|Shadow Sneak|p2a: \u5403\u6211\u4e00\u6293\n|-damage|p2a: \u5403\u6211\u4e00\u6293|0 fnt\n|faint|p2a: \u5403\u6211\u4e00\u6293\n|\n|-heal|p1a: Aegislash|87\/100|[from] item: Leftovers\n|upkeep\n|\n|t:|1700908308\n|switch|p2a: \u4ec0\u4e48\u53eb\u505a\u529b\u5ea6|Tapu Lele, shiny|100\/100\n|-damage|p2a: \u4ec0\u4e48\u53eb\u505a\u529b\u5ea6|88\/100|[from] Spikes\n|-fieldstart|move: Psychic Terrain|[from] ability: Psychic Surge|[of] p2a: \u4ec0\u4e48\u53eb\u505a\u529b\u5ea6\n|turn|7\n|\n|t:|1700908320\n|-formechange|p1a: Aegislash|Aegislash||[from] ability: Stance Change\n|move|p1a: Aegislash|King's Shield|p1a: Aegislash\n|-singleturn|p1a: Aegislash|Protect\n|move|p2a: \u4ec0\u4e48\u53eb\u505a\u529b\u5ea6|Hidden Power|p1a: Aegislash\n|-activate|p1a: Aegislash|move: Protect\n|\n|-heal|p1a: Aegislash|93\/100|[from] item: Leftovers\n|upkeep\n|turn|8\n|\n|t:|1700908337\n|move|p2a: \u4ec0\u4e48\u53eb\u505a\u529b\u5ea6|Hidden Power|p1a: Aegislash\n|-supereffective|p1a: Aegislash\n|-end|p1a: Aegislash|Substitute\n|move|p1a: Aegislash|Substitute|p1a: Aegislash\n|-start|p1a: Aegislash|Substitute\n|-damage|p1a: Aegislash|68\/100\n|\n|-heal|p1a: Aegislash|74\/100|[from] item: Leftovers\n|upkeep\n|turn|9\n|\n|t:|1700908362\n|move|p1a: Aegislash|King's Shield|p1a: Aegislash\n|-singleturn|p1a: Aegislash|Protect\n|move|p2a: \u4ec0\u4e48\u53eb\u505a\u529b\u5ea6|Hidden Power|p1a: Aegislash\n|-activate|p1a: Aegislash|move: Protect\n|\n|-heal|p1a: Aegislash|80\/100|[from] item: Leftovers\n|upkeep\n|turn|10\n|\n|t:|1700908377\n|move|p2a: \u4ec0\u4e48\u53eb\u505a\u529b\u5ea6|Hidden Power|p1a: Aegislash\n|-supereffective|p1a: Aegislash\n|-crit|p1a: Aegislash\n|-end|p1a: Aegislash|Substitute\n|move|p1a: Aegislash|Substitute|p1a: Aegislash\n|-start|p1a: Aegislash|Substitute\n|-damage|p1a: Aegislash|55\/100\n|\n|-heal|p1a: Aegislash|62\/100|[from] item: Leftovers\n|upkeep\n|turn|11\n|\n|t:|1700908390\n|move|p1a: Aegislash|King's Shield|p1a: Aegislash\n|-singleturn|p1a: Aegislash|Protect\n|move|p2a: \u4ec0\u4e48\u53eb\u505a\u529b\u5ea6|Hidden Power|p1a: Aegislash\n|-activate|p1a: Aegislash|move: Protect\n|\n|-heal|p1a: Aegislash|68\/100|[from] item: Leftovers\n|-fieldend|move: Psychic Terrain\n|upkeep\n|turn|12\n|\n|t:|1700908401\n|-formechange|p1a: Aegislash|Aegislash-Blade||[from] ability: Stance Change\n|move|p1a: Aegislash|Shadow Sneak|p2a: \u4ec0\u4e48\u53eb\u505a\u529b\u5ea6\n|-supereffective|p2a: \u4ec0\u4e48\u53eb\u505a\u529b\u5ea6\n|-damage|p2a: \u4ec0\u4e48\u53eb\u505a\u529b\u5ea6|28\/100\n|move|p2a: \u4ec0\u4e48\u53eb\u505a\u529b\u5ea6|Hidden Power|p1a: Aegislash\n|-supereffective|p1a: Aegislash\n|-end|p1a: Aegislash|Substitute\n|\n|-heal|p1a: Aegislash|74\/100|[from] item: Leftovers\n|upkeep\n|turn|13\n|\n|t:|1700908414\n|switch|p2a: Doublade|Doublade, M, shiny|100\/100\n|-damage|p2a: Doublade|88\/100|[from] Spikes\n|move|p1a: Aegislash|Shadow Sneak|p2a: Doublade\n|-supereffective|p2a: Doublade\n|-damage|p2a: Doublade|72\/100\n|\n|-heal|p1a: Aegislash|80\/100|[from] item: Leftovers\n|upkeep\n|turn|14\n|\n|t:|1700908435\n|move|p1a: Aegislash|Substitute|p1a: Aegislash\n|-start|p1a: Aegislash|Substitute\n|-damage|p1a: Aegislash|55\/100\n|move|p2a: Doublade|Shadow Claw|p1a: Aegislash\n|-supereffective|p1a: Aegislash\n|-end|p1a: Aegislash|Substitute\n|\n|-heal|p1a: Aegislash|61\/100|[from] item: Leftovers\n|upkeep\n|turn|15\n|\n|t:|1700908446\n|-formechange|p1a: Aegislash|Aegislash||[from] ability: Stance Change\n|move|p1a: Aegislash|King's Shield|p1a: Aegislash\n|-singleturn|p1a: Aegislash|Protect\n|move|p2a: Doublade|Shadow Claw|p1a: Aegislash\n|-activate|p1a: Aegislash|move: Protect\n|-unboost|p2a: Doublade|atk|1\n|\n|-heal|p1a: Aegislash|67\/100|[from] item: Leftovers\n|upkeep\n|turn|16\n|\n|t:|1700908479\n|switch|p1a: Hoopa|Hoopa-Unbound|100\/100\n|move|p2a: Doublade|Shadow Claw|p1a: Hoopa\n|-damage|p1a: Hoopa|69\/100\n|\n|upkeep\n|turn|17\n|\n|t:|1700908493\n|-terastallize|p1a: Hoopa|Dark\n|move|p1a: Hoopa|Hyperspace Fury|p2a: Doublade\n|-supereffective|p2a: Doublade\n|-damage|p2a: Doublade|0 fnt\n|-unboost|p1a: Hoopa|def|1\n|faint|p2a: Doublade\n|\n|upkeep\n|\n|t:|1700908504\n|switch|p2a: \u4ec0\u4e48\u53eb\u505a\u529b\u5ea6|Tapu Lele, shiny|28\/100\n|-damage|p2a: \u4ec0\u4e48\u53eb\u505a\u529b\u5ea6|15\/100|[from] Spikes\n|-fieldstart|move: Psychic Terrain|[from] ability: Psychic Surge|[of] p2a: \u4ec0\u4e48\u53eb\u505a\u529b\u5ea6\n|turn|18\n|\n|t:|1700908526\n|switch|p1a: Tapu Lele|Tapu Lele, shiny|100\/100\n|move|p2a: \u4ec0\u4e48\u53eb\u505a\u529b\u5ea6|Psychic|p1a: Tapu Lele\n|-resisted|p1a: Tapu Lele\n|-damage|p1a: Tapu Lele|49\/100\n|\n|upkeep\n|turn|19\n|\n|t:|1700908554\n|move|p1a: Tapu Lele|Thunderbolt|p2a: \u4ec0\u4e48\u53eb\u505a\u529b\u5ea6\n|-crit|p2a: \u4ec0\u4e48\u53eb\u505a\u529b\u5ea6\n|-damage|p2a: \u4ec0\u4e48\u53eb\u505a\u529b\u5ea6|0 fnt\n|faint|p2a: \u4ec0\u4e48\u53eb\u505a\u529b\u5ea6\n|\n|upkeep\n|\n|t:|1700908557\n|switch|p2a: Charizard|Charizard, M, shiny|100\/100\n|turn|20\n|\n|t:|1700908569\n|detailschange|p2a: Charizard|Charizard-Mega-Y, M, shiny\n|-mega|p2a: Charizard|Charizard|Charizardite Y\n|-weather|SunnyDay|[from] ability: Drought|[of] p2a: Charizard\n|move|p2a: Charizard|Weather Ball|p1a: Tapu Lele\n|-damage|p1a: Tapu Lele|0 fnt\n|faint|p1a: Tapu Lele\n|\n|-weather|SunnyDay|[upkeep]\n|upkeep\n|\n|t:|1700908582\n|switch|p1a: Moltres|Moltres|100\/100\n|turn|21\n|\n|t:|1700908595\n|move|p2a: Charizard|Weather Ball|p1a: Moltres\n|-resisted|p1a: Moltres\n|-crit|p1a: Moltres\n|-damage|p1a: Moltres|29\/100\n|move|p1a: Moltres|Tailwind|p1a: Moltres\n|-sidestart|p1: sylwcj|move: Tailwind\n|\n|-weather|SunnyDay|[upkeep]\n|upkeep\n|turn|22\n|\n|t:|1700908608\n|move|p1a: Moltres|Roost|p1a: Moltres\n|-heal|p1a: Moltres|79\/100\n|-singleturn|p1a: Moltres|move: Roost\n|move|p2a: Charizard|Weather Ball|p1a: Moltres\n|-resisted|p1a: Moltres\n|-damage|p1a: Moltres|30\/100\n|\n|-weather|SunnyDay|[upkeep]\n|-fieldend|move: Psychic Terrain\n|upkeep\n|turn|23\n|\n|t:|1700908623\n|move|p1a: Moltres|U-turn|p2a: Charizard\n|-resisted|p2a: Charizard\n|-damage|p2a: Charizard|95\/100\n|\n|t:|1700908643\n|switch|p1a: Hoopa|Hoopa-Unbound, tera:Dark|69\/100|[from] U-turn\n|move|p2a: Charizard|Scorching Sands|p1a: Hoopa\n|-damage|p1a: Hoopa|45\/100\n|\n|-weather|SunnyDay|[upkeep]\n|upkeep\n|turn|24\n|\n|t:|1700908653\n|switch|p2a: Alomomola|Alomomola, F|100\/100\n|-damage|p2a: Alomomola|88\/100|[from] Spikes\n|move|p1a: Hoopa|Hyperspace Fury|p2a: Alomomola\n|-damage|p2a: Alomomola|19\/100\n|-unboost|p1a: Hoopa|def|1\n|\n|-weather|none\n|-heal|p2a: Alomomola|25\/100|[from] item: Leftovers\n|-sideend|p1: sylwcj|move: Tailwind\n|upkeep\n|turn|25\n|\n|t:|1700908669\n|move|p1a: Hoopa|Hyperspace Fury|p2a: Alomomola\n|-damage|p2a: Alomomola|0 fnt\n|-unboost|p1a: Hoopa|def|1\n|faint|p2a: Alomomola\n|\n|upkeep\n|\n|t:|1700908674\n|switch|p2a: Charizard|Charizard-Mega-Y, M, shiny|95\/100\n|-weather|SunnyDay|[from] ability: Drought|[of] p2a: Charizard\n|turn|26\n|\n|t:|1700908683\n|move|p2a: Charizard|Weather Ball|p1a: Hoopa\n|-damage|p1a: Hoopa|0 fnt\n|faint|p1a: Hoopa\n|\n|-weather|SunnyDay|[upkeep]\n|upkeep\n|\n|t:|1700908693\n|switch|p1a: Moltres|Moltres|30\/100\n|turn|27\n|\n|t:|1700908702\n|move|p2a: Charizard|Weather Ball|p1a: Moltres\n|-resisted|p1a: Moltres\n|-damage|p1a: Moltres|0 fnt\n|faint|p1a: Moltres\n|\n|-weather|SunnyDay|[upkeep]\n|upkeep\n|\n|t:|1700908707\n|switch|p1a: Aegislash|Aegislash, M, shiny|67\/100\n|turn|28\n|\n|t:|1700908713\n|move|p1a: Aegislash|King's Shield|p1a: Aegislash\n|-singleturn|p1a: Aegislash|Protect\n|move|p2a: Charizard|Weather Ball|p1a: Aegislash\n|-activate|p1a: Aegislash|move: Protect\n|\n|-weather|SunnyDay|[upkeep]\n|-heal|p1a: Aegislash|74\/100|[from] item: Leftovers\n|upkeep\n|turn|29\n|\n|t:|1700908728\n|-formechange|p1a: Aegislash|Aegislash-Blade||[from] ability: Stance Change\n|move|p1a: Aegislash|Shadow Sneak|p2a: Charizard\n|-damage|p2a: Charizard|68\/100\n|move|p2a: Charizard|Weather Ball|p1a: Aegislash\n|-supereffective|p1a: Aegislash\n|-damage|p1a: Aegislash|0 fnt\n|faint|p1a: Aegislash\n|\n|-weather|SunnyDay|[upkeep]\n|upkeep\n|\n|t:|1700908735\n|switch|p1a: Great Tusk|Great Tusk|100\/100\n|-activate|p1a: Great Tusk|ability: Protosynthesis\n|-start|p1a: Great Tusk|protosynthesisatk\n|turn|30\n|\n|t:|1700908745\n|move|p2a: Charizard|Solar Beam||[still]\n|-prepare|p2a: Charizard|Solar Beam\n|-anim|p2a: Charizard|Solar Beam|p1a: Great Tusk\n|-supereffective|p1a: Great Tusk\n|-damage|p1a: Great Tusk|0 fnt\n|faint|p1a: Great Tusk\n|-end|p1a: Great Tusk|Protosynthesis|[silent]\n|\n|win|ma34252997\n|l|\u2606ma34252997\n","uploadtime":1700908857,"views":0,"p1id":"sylwcj","p2id":"ma34252997","formatid":"gen9nationaldex","rating":0,"private":0,"password":""}