{"id":"gen9nationaldex-1991689117","p1":"xiezhouqun","p2":"PWA Wright","format":"[Gen 9] National Dex","log":"|j|\u2606xiezhouqun\n|j|\u2606PWA Wright\n|t:|1700102921\n|gametype|singles\n|player|p1|xiezhouqun|fisherman-gen4|1700\n|player|p2|PWA Wright|cynthia|1688\n|teamsize|p1|6\n|teamsize|p2|6\n|gen|9\n|tier|[Gen 9] National Dex\n|rated|\n|rule|HP Percentage Mod: HP is shown in percentages\n|rule|Endless Battle Clause: Forcing endless battles is banned\n|rule|OHKO Clause: OHKO moves are banned\n|rule|Evasion Clause: Evasion abilities, items, and moves are banned\n|rule|Evasion Abilities Clause: Evasion abilities are banned\n|rule|Evasion Items Clause: Evasion items are banned\n|rule|Evasion Moves Clause: Evasion moves are banned\n|rule|Species Clause: Limit one of each Pok\u00e9mon\n|rule|Sleep Clause Mod: Limit one foe put to sleep\n|clearpoke\n|poke|p1|Iron Valiant|\n|poke|p1|Rillaboom, F|\n|poke|p1|Banette, F|\n|poke|p1|Sneasler, F|\n|poke|p1|Hawlucha, M|\n|poke|p1|Aegislash, M|\n|poke|p2|Garchomp, M|\n|poke|p2|Dondozo, M|\n|poke|p2|Tyranitar, F|\n|poke|p2|Charizard, F|\n|poke|p2|Clodsire, F|\n|poke|p2|Corviknight, M|\n|teampreview\n|\n|t:|1700102945\n|start\n|switch|p1a: Banette|Banette, F|100\/100\n|switch|p2a: Charizard|Charizard, F|100\/100\n|turn|1\n|\n|t:|1700102953\n|switch|p2a: Tyranitar|Tyranitar, F|100\/100\n|-weather|Sandstorm|[from] ability: Sand Stream|[of] p2a: Tyranitar\n|detailschange|p1a: Banette|Banette-Mega, F\n|-mega|p1a: Banette|Banette|Banettite\n|move|p1a: Banette|Destiny Bond|p1a: Banette\n|-singlemove|p1a: Banette|Destiny Bond\n|\n|-weather|Sandstorm|[upkeep]\n|-damage|p1a: Banette|95\/100|[from] Sandstorm\n|upkeep\n|turn|2\n|\n|t:|1700102969\n|-activate|p1a: Banette|move: Pursuit\n|move|p2a: Tyranitar|Pursuit|p1a: Banette|[from]Pursuit\n|-supereffective|p1a: Banette\n|-damage|p1a: Banette|0 fnt\n|faint|p1a: Banette\n|-hint|A Pokemon can't switch between when it runs out of HP and when it faints\n|\n|-weather|Sandstorm|[upkeep]\n|upkeep\n|\n|t:|1700102982\n|switch|p1a: Rillaboom|Rillaboom, F|100\/100\n|-fieldstart|move: Grassy Terrain|[from] ability: Grassy Surge|[of] p1a: Rillaboom\n|turn|3\n|\n|t:|1700102994\n|switch|p2a: Corviknight|Corviknight, M|100\/100\n|-ability|p2a: Corviknight|Pressure\n|move|p1a: Rillaboom|U-turn|p2a: Corviknight\n|-resisted|p2a: Corviknight\n|-damage|p2a: Corviknight|97\/100\n|-damage|p1a: Rillaboom|84\/100|[from] item: Rocky Helmet|[of] p2a: Corviknight\n|\n|t:|1700103002\n|switch|p1a: Hawlucha|Hawlucha, M, shiny|100\/100|[from] U-turn\n|-enditem|p1a: Hawlucha|Grassy Seed\n|-boost|p1a: Hawlucha|def|1|[from] item: Grassy Seed\n|\n|-weather|Sandstorm|[upkeep]\n|-damage|p1a: Hawlucha|94\/100|[from] Sandstorm\n|upkeep\n|turn|4\n|\n|t:|1700103012\n|move|p1a: Hawlucha|Swords Dance|p1a: Hawlucha\n|-boost|p1a: Hawlucha|atk|2\n|move|p2a: Corviknight|U-turn|p1a: Hawlucha\n|-resisted|p1a: Hawlucha\n|-damage|p1a: Hawlucha|91\/100\n|\n|t:|1700103015\n|switch|p2a: Dondozo|Dondozo, M|100\/100|[from] U-turn\n|\n|-weather|Sandstorm|[upkeep]\n|-damage|p1a: Hawlucha|85\/100|[from] Sandstorm\n|-damage|p2a: Dondozo|94\/100|[from] Sandstorm\n|-heal|p2a: Dondozo|100\/100|[from] Grassy Terrain\n|upkeep\n|turn|5\n|\n|t:|1700103025\n|move|p1a: Hawlucha|Acrobatics|p2a: Dondozo\n|-damage|p2a: Dondozo|79\/100\n|-damage|p1a: Hawlucha|69\/100|[from] item: Rocky Helmet|[of] p2a: Dondozo\n|move|p2a: Dondozo|Curse|p2a: Dondozo\n|-unboost|p2a: Dondozo|spe|1\n|-boost|p2a: Dondozo|atk|1\n|-boost|p2a: Dondozo|def|1\n|\n|-weather|none\n|-heal|p2a: Dondozo|85\/100|[from] Grassy Terrain\n|upkeep\n|turn|6\n|\n|t:|1700103038\n|switch|p1a: Iron Valiant|Iron Valiant|100\/100\n|-enditem|p1a: Iron Valiant|Booster Energy\n|-activate|p1a: Iron Valiant|ability: Quark Drive|[fromitem]\n|-start|p1a: Iron Valiant|quarkdrivespe\n|move|p2a: Dondozo|Body Press|p1a: Iron Valiant\n|-resisted|p1a: Iron Valiant\n|-damage|p1a: Iron Valiant|72\/100\n|\n|-heal|p1a: Iron Valiant|78\/100|[from] Grassy Terrain\n|-heal|p2a: Dondozo|91\/100|[from] Grassy Terrain\n|upkeep\n|turn|7\n|\n|t:|1700103050\n|switch|p2a: Clodsire|Clodsire, F|100\/100\n|move|p1a: Iron Valiant|Moonblast|p2a: Clodsire\n|-resisted|p2a: Clodsire\n|-damage|p2a: Clodsire|87\/100\n|\n|-heal|p1a: Iron Valiant|84\/100|[from] Grassy Terrain\n|-heal|p2a: Clodsire|93\/100|[from] Grassy Terrain\n|-heal|p2a: Clodsire|99\/100|[from] item: Leftovers\n|-fieldend|move: Grassy Terrain\n|upkeep\n|turn|8\n|\n|t:|1700103064\n|-end|p1a: Iron Valiant|Quark Drive|[silent]\n|switch|p1a: Aegislash|Aegislash, M|100\/100\n|move|p2a: Clodsire|Toxic|p1a: Aegislash\n|-immune|p1a: Aegislash\n|\n|-heal|p2a: Clodsire|100\/100|[from] item: Leftovers\n|upkeep\n|turn|9\n|\n|t:|1700103077\n|switch|p1a: Rillaboom|Rillaboom, F|84\/100\n|-fieldstart|move: Grassy Terrain|[from] ability: Grassy Surge|[of] p1a: Rillaboom\n|switch|p2a: Corviknight|Corviknight, M|97\/100\n|-ability|p2a: Corviknight|Pressure\n|\n|-heal|p1a: Rillaboom|90\/100|[from] Grassy Terrain\n|-heal|p1a: Rillaboom|96\/100|[from] item: Leftovers\n|upkeep\n|turn|10\n|\n|t:|1700103088\n|move|p1a: Rillaboom|U-turn|p2a: Corviknight\n|-resisted|p2a: Corviknight\n|-damage|p2a: Corviknight|93\/100\n|-damage|p1a: Rillaboom|80\/100|[from] item: Rocky Helmet|[of] p2a: Corviknight\n|\n|t:|1700103094\n|switch|p1a: Hawlucha|Hawlucha, M, shiny|69\/100|[from] U-turn\n|move|p2a: Corviknight|U-turn|p1a: Hawlucha\n|-resisted|p1a: Hawlucha\n|-damage|p1a: Hawlucha|63\/100\n|\n|t:|1700103102\n|switch|p2a: Dondozo|Dondozo, M|91\/100|[from] U-turn\n|\n|-heal|p2a: Dondozo|97\/100|[from] Grassy Terrain\n|upkeep\n|turn|11\n|\n|t:|1700103121\n|switch|p1a: Aegislash|Aegislash, M|100\/100\n|move|p2a: Dondozo|Body Press|p1a: Aegislash\n|-immune|p1a: Aegislash\n|\n|-heal|p2a: Dondozo|100\/100|[from] Grassy Terrain\n|upkeep\n|turn|12\n|\n|t:|1700103131\n|switch|p2a: Clodsire|Clodsire, F|100\/100\n|move|p1a: Aegislash|Swords Dance|p1a: Aegislash\n|-boost|p1a: Aegislash|atk|2\n|\n|upkeep\n|turn|13\n|\n|t:|1700103140\n|switch|p2a: Dondozo|Dondozo, M|100\/100\n|move|p1a: Aegislash|Swords Dance|p1a: Aegislash\n|-boost|p1a: Aegislash|atk|2\n|\n|-fieldend|move: Grassy Terrain\n|upkeep\n|turn|14\n|\n|t:|1700103148\n|move|p1a: Aegislash|Swords Dance|p1a: Aegislash\n|-boost|p1a: Aegislash|atk|2\n|move|p2a: Dondozo|Curse|p2a: Dondozo\n|-unboost|p2a: Dondozo|spe|1\n|-boost|p2a: Dondozo|atk|1\n|-boost|p2a: Dondozo|def|1\n|\n|upkeep\n|turn|15\n|\n|t:|1700103157\n|switch|p1a: Iron Valiant|Iron Valiant|84\/100\n|move|p2a: Dondozo|Curse|p2a: Dondozo\n|-unboost|p2a: Dondozo|spe|1\n|-boost|p2a: Dondozo|atk|1\n|-boost|p2a: Dondozo|def|1\n|\n|upkeep\n|turn|16\n|\n|t:|1700103165\n|switch|p2a: Tyranitar|Tyranitar, F|100\/100\n|-weather|Sandstorm|[from] ability: Sand Stream|[of] p2a: Tyranitar\n|move|p1a: Iron Valiant|Encore||[still]\n|-fail|p1a: Iron Valiant\n|\n|-weather|Sandstorm|[upkeep]\n|-damage|p1a: Iron Valiant|78\/100|[from] Sandstorm\n|upkeep\n|turn|17\n|\n|t:|1700103175\n|switch|p2a: Clodsire|Clodsire, F|100\/100\n|move|p1a: Iron Valiant|Aura Sphere|p2a: Clodsire\n|-resisted|p2a: Clodsire\n|-damage|p2a: Clodsire|89\/100\n|\n|-weather|Sandstorm|[upkeep]\n|-damage|p1a: Iron Valiant|72\/100|[from] Sandstorm\n|-heal|p2a: Clodsire|95\/100|[from] item: Leftovers\n|upkeep\n|turn|18\n|\n|t:|1700103196\n|-end|p1a: Iron Valiant|Quark Drive|[silent]\n|switch|p1a: Sneasler|Sneasler, F|100\/100\n|move|p2a: Clodsire|Stealth Rock|p1a: Sneasler\n|-sidestart|p1: xiezhouqun|move: Stealth Rock\n|\n|-weather|Sandstorm|[upkeep]\n|-damage|p1a: Sneasler|95\/100|[from] Sandstorm\n|-heal|p2a: Clodsire|100\/100|[from] item: Leftovers\n|upkeep\n|turn|19\n|\n|t:|1700103207\n|move|p1a: Sneasler|Swords Dance|p1a: Sneasler\n|-boost|p1a: Sneasler|atk|2\n|move|p2a: Clodsire|Earthquake|p1a: Sneasler\n|-supereffective|p1a: Sneasler\n|-damage|p1a: Sneasler|8\/100\n|\n|-weather|Sandstorm|[upkeep]\n|-damage|p1a: Sneasler|2\/100|[from] Sandstorm\n|upkeep\n|turn|20\n|\n|t:|1700103219\n|switch|p2a: Dondozo|Dondozo, M|100\/100\n|move|p1a: Sneasler|Dire Claw|p2a: Dondozo\n|-damage|p2a: Dondozo|79\/100\n|-damage|p1a: Sneasler|0 fnt|[from] item: Rocky Helmet|[of] p2a: Dondozo\n|faint|p1a: Sneasler\n|\n|-weather|none\n|upkeep\n|\n|t:|1700103232\n|switch|p1a: Rillaboom|Rillaboom, F|80\/100\n|-damage|p1a: Rillaboom|67\/100|[from] Stealth Rock\n|-fieldstart|move: Grassy Terrain|[from] ability: Grassy Surge|[of] p1a: Rillaboom\n|turn|21\n|\n|t:|1700103242\n|switch|p2a: Corviknight|Corviknight, M|93\/100\n|-ability|p2a: Corviknight|Pressure\n|move|p1a: Rillaboom|U-turn|p2a: Corviknight\n|-resisted|p2a: Corviknight\n|-damage|p2a: Corviknight|89\/100\n|-damage|p1a: Rillaboom|51\/100|[from] item: Rocky Helmet|[of] p2a: Corviknight\n|-message|xiezhouqun forfeited.\n|\n|win|PWA Wright\n|raw|xiezhouqun's rating: 1700 &rarr; <strong>1679<\/strong><br \/>(-21 for losing)\n|raw|PWA Wright's rating: 1688 &rarr; <strong>1709<\/strong><br \/>(+21 for winning)\n|l|\u2606xiezhouqun\n","uploadtime":1700103252,"views":5,"p1id":"xiezhouqun","p2id":"pwawright","formatid":"gen9nationaldex","rating":1679,"private":0,"password":""}