{"id":"gen9nationaldex-1992360922","p1":"K00lcarl","p2":"Fallout 3 Enjoyer","format":"[Gen 9] National Dex","log":"|j|\u2606K00lcarl\n|j|\u2606Fallout 3 Enjoyer\n|t:|1700178694\n|gametype|singles\n|player|p1|K00lcarl|palmer|1120\n|player|p2|Fallout 3 Enjoyer|acetrainerf|1129\n|teamsize|p1|6\n|teamsize|p2|6\n|gen|9\n|tier|[Gen 9] National Dex\n|rated|\n|rule|HP Percentage Mod: HP is shown in percentages\n|rule|Endless Battle Clause: Forcing endless battles is banned\n|rule|OHKO Clause: OHKO moves are banned\n|rule|Evasion Clause: Evasion abilities, items, and moves are banned\n|rule|Evasion Abilities Clause: Evasion abilities are banned\n|rule|Evasion Items Clause: Evasion items are banned\n|rule|Evasion Moves Clause: Evasion moves are banned\n|rule|Species Clause: Limit one of each Pok\u00e9mon\n|rule|Sleep Clause Mod: Limit one foe put to sleep\n|clearpoke\n|poke|p1|Kommo-o, M|\n|poke|p1|Scizor, F|\n|poke|p1|Tinkaton, F|\n|poke|p1|Gallade, M|\n|poke|p1|Emboar, F|\n|poke|p1|Cinderace, M|\n|poke|p2|Clodsire, F|\n|poke|p2|Bellibolt, F|\n|poke|p2|Politoed, F|\n|poke|p2|Poliwrath, F|\n|poke|p2|Swampert, F|\n|poke|p2|Toxicroak, F|\n|teampreview\n|inactive|Battle timer is ON: inactive players will automatically lose when time's up. (requested by Fallout 3 Enjoyer)\n|\n|t:|1700178702\n|start\n|switch|p1a: Emboar|Emboar, F|100\/100\n|switch|p2a: Damp Frog|Politoed, F, shiny|100\/100\n|-weather|RainDance|[from] ability: Drizzle|[of] p2a: Damp Frog\n|turn|1\n|\n|t:|1700178709\n|move|p2a: Damp Frog|Weather Ball|p1a: Emboar\n|-supereffective|p1a: Emboar\n|-damage|p1a: Emboar|0 fnt\n|faint|p1a: Emboar\n|\n|-weather|RainDance|[upkeep]\n|upkeep\n|\n|t:|1700178714\n|switch|p1a: Gallade|Gallade, M|100\/100\n|turn|2\n|\n|t:|1700178718\n|-terastallize|p2a: Damp Frog|Grass\n|move|p1a: Gallade|Leaf Blade|p2a: Damp Frog\n|-resisted|p2a: Damp Frog\n|-damage|p2a: Damp Frog|72\/100\n|move|p2a: Damp Frog|Scald|p1a: Gallade\n|-damage|p1a: Gallade|56\/100\n|\n|-weather|RainDance|[upkeep]\n|upkeep\n|turn|3\n|\n|t:|1700178728\n|switch|p1a: Tinkaton|Tinkaton, F|100\/100\n|-ability|p1a: Tinkaton|Mold Breaker\n|move|p2a: Damp Frog|Weather Ball|p1a: Tinkaton\n|-damage|p1a: Tinkaton|37\/100\n|\n|-weather|RainDance|[upkeep]\n|upkeep\n|turn|4\n|\n|t:|1700178738\n|switch|p2a: Clodsire|Clodsire, F|100\/100\n|-terastallize|p1a: Tinkaton|Steel\n|move|p1a: Tinkaton|Gigaton Hammer|p2a: Clodsire\n|-damage|p2a: Clodsire|36\/100\n|\n|-weather|RainDance|[upkeep]\n|-heal|p2a: Clodsire|42\/100|[from] item: Black Sludge\n|upkeep\n|turn|5\n|\n|t:|1700178745\n|-activate|p1a: Tinkaton|move: Struggle\n|move|p1a: Tinkaton|Struggle|p2a: Clodsire\n|-damage|p2a: Clodsire|33\/100\n|-damage|p1a: Tinkaton|12\/100|[from] recoil\n|move|p2a: Clodsire|Stealth Rock|p1a: Tinkaton\n|-sidestart|p1: K00lcarl|move: Stealth Rock\n|\n|-weather|RainDance|[upkeep]\n|-heal|p2a: Clodsire|40\/100|[from] item: Black Sludge\n|upkeep\n|turn|6\n|\n|t:|1700178757\n|move|p1a: Tinkaton|Gigaton Hammer|p2a: Clodsire\n|-damage|p2a: Clodsire|0 fnt\n|faint|p2a: Clodsire\n|\n|-weather|RainDance|[upkeep]\n|upkeep\n|inactive|Fallout 3 Enjoyer has 120 seconds left.\n|\n|t:|1700178783\n|switch|p2a: Charge Frog|Bellibolt, F|100\/100\n|turn|7\n|\n|t:|1700178789\n|-activate|p1a: Tinkaton|move: Struggle\n|move|p1a: Tinkaton|Struggle|p2a: Charge Frog\n|-damage|p2a: Charge Frog|93\/100\n|-start|p2a: Charge Frog|Charge|Struggle|[from] ability: Electromorphosis\n|-damage|p1a: Tinkaton|0 fnt|[from] recoil\n|faint|p1a: Tinkaton\n|move|p2a: Charge Frog|Charge Beam|p1: Tinkaton|[notarget]\n|-fail|p2a: Charge Frog\n|-end|p2a: Charge Frog|Charge|[silent]\n|\n|-weather|RainDance|[upkeep]\n|-heal|p2a: Charge Frog|99\/100|[from] item: Leftovers\n|upkeep\n|\n|t:|1700178793\n|switch|p1a: Scizor|Scizor, F|100\/100\n|-damage|p1a: Scizor|88\/100|[from] Stealth Rock\n|turn|8\n|\n|t:|1700178800\n|detailschange|p1a: Scizor|Scizor-Mega, F\n|-mega|p1a: Scizor|Scizor|Scizorite\n|move|p1a: Scizor|Dual Wingbeat|p2a: Charge Frog\n|-resisted|p2a: Charge Frog\n|-crit|p2a: Charge Frog\n|-damage|p2a: Charge Frog|88\/100\n|-start|p2a: Charge Frog|Charge|Dual Wingbeat|[from] ability: Electromorphosis\n|-resisted|p2a: Charge Frog\n|-damage|p2a: Charge Frog|80\/100\n|-start|p2a: Charge Frog|Charge|Dual Wingbeat|[from] ability: Electromorphosis\n|-hitcount|p2a: Charge Frog|2\n|move|p2a: Charge Frog|Thunder|p1a: Scizor\n|-damage|p1a: Scizor|0 fnt\n|faint|p1a: Scizor\n|-end|p2a: Charge Frog|Charge|[silent]\n|\n|-weather|none\n|-heal|p2a: Charge Frog|87\/100|[from] item: Leftovers\n|upkeep\n|\n|t:|1700178807\n|switch|p1a: Gallade|Gallade, M|56\/100\n|-damage|p1a: Gallade|50\/100|[from] Stealth Rock\n|turn|9\n|\n|t:|1700178811\n|move|p1a: Gallade|Psycho Cut|p2a: Charge Frog\n|-damage|p2a: Charge Frog|48\/100\n|-start|p2a: Charge Frog|Charge|Psycho Cut|[from] ability: Electromorphosis\n|move|p2a: Charge Frog|Charge Beam|p1a: Gallade\n|-crit|p1a: Gallade\n|-damage|p1a: Gallade|0 fnt\n|-boost|p2a: Charge Frog|spa|1\n|faint|p1a: Gallade\n|-end|p2a: Charge Frog|Charge|[silent]\n|\n|-heal|p2a: Charge Frog|54\/100|[from] item: Leftovers\n|upkeep\n|\n|t:|1700178814\n|switch|p1a: Kommo-o|Kommo-o, M|100\/100\n|-damage|p1a: Kommo-o|94\/100|[from] Stealth Rock\n|turn|10\n|\n|t:|1700178820\n|move|p1a: Kommo-o|Clanging Scales|p2a: Charge Frog\n|-damage|p2a: Charge Frog|6\/100\n|-start|p2a: Charge Frog|Charge|Clanging Scales|[from] ability: Electromorphosis\n|-unboost|p1a: Kommo-o|def|1\n|move|p2a: Charge Frog|Parabolic Charge|p1a: Kommo-o\n|-resisted|p1a: Kommo-o\n|-damage|p1a: Kommo-o|51\/100\n|-heal|p2a: Charge Frog|21\/100|[from] drain|[of] p1a: Kommo-o\n|-end|p2a: Charge Frog|Charge|[silent]\n|\n|-heal|p2a: Charge Frog|28\/100|[from] item: Leftovers\n|upkeep\n|turn|11\n|\n|t:|1700178825\n|move|p1a: Kommo-o|Boomburst|p2a: Charge Frog\n|-damage|p2a: Charge Frog|0 fnt\n|faint|p2a: Charge Frog\n|\n|upkeep\n|\n|t:|1700178835\n|switch|p2a: Damp Frog|Politoed, F, shiny, tera:Grass|72\/100\n|-weather|RainDance|[from] ability: Drizzle|[of] p2a: Damp Frog\n|turn|12\n|\n|t:|1700178845\n|-zpower|p1a: Kommo-o\n|move|p1a: Kommo-o|Clangorous Soulblaze|p2a: Damp Frog|[zeffect]\n|-damage|p2a: Damp Frog|14\/100\n|-boost|p1a: Kommo-o|atk|1\n|-boost|p1a: Kommo-o|def|1\n|-boost|p1a: Kommo-o|spa|1\n|-boost|p1a: Kommo-o|spd|1\n|-boost|p1a: Kommo-o|spe|1\n|move|p2a: Damp Frog|Ice Beam|p1a: Kommo-o\n|-supereffective|p1a: Kommo-o\n|-damage|p1a: Kommo-o|20\/100\n|\n|-weather|RainDance|[upkeep]\n|upkeep\n|turn|13\n|\n|t:|1700178854\n|move|p1a: Kommo-o|Clanging Scales|p2a: Damp Frog\n|-damage|p2a: Damp Frog|0 fnt\n|faint|p2a: Damp Frog\n|-unboost|p1a: Kommo-o|def|1\n|\n|-weather|RainDance|[upkeep]\n|upkeep\n|\n|t:|1700178857\n|switch|p2a: Poison Frog|Toxicroak, F|100\/100\n|turn|14\n|\n|t:|1700178863\n|move|p2a: Poison Frog|Fake Out|p1a: Kommo-o\n|-damage|p1a: Kommo-o|2\/100\n|cant|p1a: Kommo-o|flinch\n|\n|-weather|RainDance|[upkeep]\n|upkeep\n|turn|15\n|\n|t:|1700178868\n|move|p2a: Poison Frog|Sucker Punch|p1a: Kommo-o\n|-resisted|p1a: Kommo-o\n|-damage|p1a: Kommo-o|0 fnt\n|faint|p1a: Kommo-o\n|\n|-weather|RainDance|[upkeep]\n|upkeep\n|\n|t:|1700178877\n|switch|p1a: Cinderace|Cinderace, M|100\/100\n|-damage|p1a: Cinderace|76\/100|[from] Stealth Rock\n|turn|16\n|\n|t:|1700178886\n|move|p1a: Cinderace|Sucker Punch|p2a: Poison Frog\n|-start|p1a: Cinderace|typechange|Dark|[from] ability: Libero\n|-resisted|p2a: Poison Frog\n|-damage|p2a: Poison Frog|65\/100\n|-damage|p1a: Cinderace|66\/100|[from] item: Life Orb\n|move|p2a: Poison Frog|Poison Jab|p1a: Cinderace\n|-damage|p1a: Cinderace|8\/100\n|-status|p1a: Cinderace|psn\n|\n|-weather|RainDance|[upkeep]\n|-heal|p2a: Poison Frog|77\/100|[from] ability: Dry Skin\n|-damage|p1a: Cinderace|0 fnt|[from] psn\n|faint|p1a: Cinderace\n|\n|win|Fallout 3 Enjoyer\n|upkeep\n|raw|K00lcarl's rating: 1120 &rarr; <strong>1096<\/strong><br \/>(-24 for losing)\n|raw|Fallout 3 Enjoyer's rating: 1129 &rarr; <strong>1153<\/strong><br \/>(+24 for winning)\n|l|\u2606K00lcarl\n|c|\u2606Fallout 3 Enjoyer|gg\n","uploadtime":1700178904,"views":6,"p1id":"k00lcarl","p2id":"fallout3enjoyer","formatid":"gen9nationaldex","rating":1096,"private":0,"password":""}