{"id":"gen9nationaldex-1988564051","p1":"wowyoubadson","p2":"Frretmonk","format":"[Gen 9] National Dex","log":"|j|\u2606wowyoubadson\n|j|\u2606Frretmonk\n|t:|1699736577\n|gametype|singles\n|player|p1|wowyoubadson|wallace|1198\n|player|p2|Frretmonk|swimmerf|1145\n|teamsize|p1|6\n|teamsize|p2|6\n|gen|9\n|tier|[Gen 9] National Dex\n|rated|\n|rule|HP Percentage Mod: HP is shown in percentages\n|rule|Endless Battle Clause: Forcing endless battles is banned\n|rule|OHKO Clause: OHKO moves are banned\n|rule|Evasion Clause: Evasion abilities, items, and moves are banned\n|rule|Evasion Abilities Clause: Evasion abilities are banned\n|rule|Evasion Items Clause: Evasion items are banned\n|rule|Evasion Moves Clause: Evasion moves are banned\n|rule|Species Clause: Limit one of each Pok\u00e9mon\n|rule|Sleep Clause Mod: Limit one foe put to sleep\n|clearpoke\n|poke|p1|Floatzel, M|\n|poke|p1|Pikipek, M|\n|poke|p1|Excadrill, F|\n|poke|p1|Venusaur, F|\n|poke|p1|Chandelure, F|\n|poke|p1|Slowbro, M|\n|poke|p2|Toxapex, F|\n|poke|p2|Gliscor, M|\n|poke|p2|Chansey, F|\n|poke|p2|Ferrothorn, M|\n|poke|p2|Corviknight, M|\n|poke|p2|Togekiss, F|\n|teampreview\n|\n|t:|1699736585\n|start\n|switch|p1a: Slowbro|Slowbro, M|100\/100\n|switch|p2a: Toxapex|Toxapex, F|100\/100\n|turn|1\n|\n|t:|1699736592\n|move|p2a: Toxapex|Baneful Bunker|p2a: Toxapex\n|-singleturn|p2a: Toxapex|move: Protect\n|move|p1a: Slowbro|Future Sight|p2a: Toxapex\n|-start|p1a: Slowbro|move: Future Sight\n|\n|upkeep\n|turn|2\n|\n|t:|1699736596\n|move|p2a: Toxapex|Toxic|p1a: Slowbro\n|-status|p1a: Slowbro|tox\n|move|p1a: Slowbro|Light Screen|p1a: Slowbro\n|-sidestart|p1: wowyoubadson|move: Light Screen\n|\n|-damage|p1a: Slowbro|94\/100 tox|[from] psn\n|upkeep\n|turn|3\n|\n|t:|1699736627\n|switch|p2a: Ferrothorn|Ferrothorn, M|100\/100\n|move|p1a: Slowbro|Reflect|p1a: Slowbro\n|-sidestart|p1: wowyoubadson|Reflect\n|\n|-end|p2a: Ferrothorn|move: Future Sight\n|-resisted|p2a: Ferrothorn\n|-damage|p2a: Ferrothorn|83\/100\n|-heal|p2a: Ferrothorn|89\/100|[from] item: Leftovers\n|-damage|p1a: Slowbro|82\/100 tox|[from] psn\n|upkeep\n|turn|4\n|\n|t:|1699736639\n|switch|p1a: Chandelure|Chandelure, F|100\/100\n|move|p2a: Ferrothorn|Stealth Rock|p1a: Chandelure\n|-sidestart|p1: wowyoubadson|move: Stealth Rock\n|\n|-heal|p2a: Ferrothorn|95\/100|[from] item: Leftovers\n|upkeep\n|turn|5\n|\n|t:|1699736645\n|switch|p1a: Venusaur|Venusaur, F|100\/100\n|-damage|p1a: Venusaur|88\/100|[from] Stealth Rock\n|move|p2a: Ferrothorn|Protect||[still]\n|-fail|p2a: Ferrothorn\n|\n|-heal|p2a: Ferrothorn|100\/100|[from] item: Leftovers\n|upkeep\n|turn|6\n|\n|t:|1699736655\n|detailschange|p1a: Venusaur|Venusaur-Mega, F\n|-mega|p1a: Venusaur|Venusaur|Venusaurite\n|move|p1a: Venusaur|Hidden Power|p2a: Ferrothorn\n|-damage|p2a: Ferrothorn|85\/100\n|move|p2a: Ferrothorn|Leech Seed|p1a: Venusaur\n|-immune|p1a: Venusaur\n|\n|-heal|p2a: Ferrothorn|92\/100|[from] item: Leftovers\n|upkeep\n|turn|7\n|\n|t:|1699736671\n|move|p2a: Ferrothorn|Protect|p2a: Ferrothorn\n|-singleturn|p2a: Ferrothorn|Protect\n|move|p1a: Venusaur|Giga Drain|p2a: Ferrothorn\n|-activate|p2a: Ferrothorn|move: Protect\n|\n|-heal|p2a: Ferrothorn|98\/100|[from] item: Leftovers\n|upkeep\n|turn|8\n|\n|t:|1699736678\n|move|p1a: Venusaur|Hidden Power|p2a: Ferrothorn\n|-damage|p2a: Ferrothorn|81\/100\n|move|p2a: Ferrothorn|Body Press|p1a: Venusaur\n|-resisted|p1a: Venusaur\n|-damage|p1a: Venusaur|82\/100\n|\n|-heal|p2a: Ferrothorn|88\/100|[from] item: Leftovers\n|upkeep\n|turn|9\n|\n|t:|1699736703\n|switch|p2a: Corviknight|Corviknight, M|100\/100\n|-ability|p2a: Corviknight|Pressure\n|move|p1a: Venusaur|Giga Drain|p2a: Corviknight\n|-resisted|p2a: Corviknight\n|-damage|p2a: Corviknight|93\/100\n|-heal|p1a: Venusaur|86\/100|[from] drain|[of] p2a: Corviknight\n|\n|-sideend|p1: wowyoubadson|move: Light Screen\n|upkeep\n|turn|10\n|inactive|Battle timer is ON: inactive players will automatically lose when time's up. (requested by wowyoubadson)\n|\n|t:|1699736716\n|switch|p1a: Slowbro|Slowbro, M|100\/100 tox\n|-damage|p1a: Slowbro|88\/100 tox|[from] Stealth Rock\n|move|p2a: Corviknight|Brave Bird|p1a: Slowbro\n|-damage|p1a: Slowbro|76\/100 tox\n|-damage|p2a: Corviknight|89\/100|[from] Recoil\n|\n|-damage|p1a: Slowbro|70\/100 tox|[from] psn\n|-sideend|p1: wowyoubadson|Reflect\n|upkeep\n|turn|11\n|\n|t:|1699736726\n|move|p2a: Corviknight|Body Press|p1a: Slowbro\n|-resisted|p1a: Slowbro\n|-damage|p1a: Slowbro|62\/100 tox\n|move|p1a: Slowbro|Reflect|p1a: Slowbro\n|-sidestart|p1: wowyoubadson|Reflect\n|\n|-damage|p1a: Slowbro|49\/100 tox|[from] psn\n|upkeep\n|turn|12\n|\n|t:|1699736738\n|switch|p2a: Gliscor|Gliscor, M|100\/100\n|switch|p1a: Excadrill|Excadrill, F|100\/100\n|-damage|p1a: Excadrill|97\/100|[from] Stealth Rock\n|-ability|p1a: Excadrill|Mold Breaker\n|-item|p1a: Excadrill|Air Balloon\n|\n|-status|p2a: Gliscor|tox|[from] item: Toxic Orb\n|upkeep\n|turn|13\n|\n|t:|1699736750\n|move|p2a: Gliscor|Facade|p1a: Excadrill\n|-resisted|p1a: Excadrill\n|-damage|p1a: Excadrill|89\/100\n|-enditem|p1a: Excadrill|Air Balloon\n|move|p1a: Excadrill|Rapid Spin|p2a: Gliscor\n|-damage|p2a: Gliscor|89\/100 tox\n|-boost|p1a: Excadrill|spe|1\n|-sideend|p1: wowyoubadson|Stealth Rock|[from] move: Rapid Spin|[of] p1a: Excadrill\n|\n|-heal|p2a: Gliscor|100\/100 tox|[from] ability: Poison Heal\n|upkeep\n|turn|14\n|\n|t:|1699736762\n|move|p2a: Gliscor|Protect|p2a: Gliscor\n|-singleturn|p2a: Gliscor|Protect\n|move|p1a: Excadrill|Iron Head|p2a: Gliscor\n|-activate|p2a: Gliscor|move: Protect\n|\n|upkeep\n|turn|15\n|\n|t:|1699736773\n|move|p1a: Excadrill|Iron Head|p2a: Gliscor\n|-damage|p2a: Gliscor|76\/100 tox\n|move|p2a: Gliscor|Facade|p1a: Excadrill\n|-resisted|p1a: Excadrill\n|-damage|p1a: Excadrill|79\/100\n|\n|-heal|p2a: Gliscor|88\/100 tox|[from] ability: Poison Heal\n|upkeep\n|turn|16\n|\n|t:|1699736781\n|move|p2a: Gliscor|Protect|p2a: Gliscor\n|-singleturn|p2a: Gliscor|Protect\n|move|p1a: Excadrill|Stealth Rock|p2a: Gliscor\n|-sidestart|p2: Frretmonk|move: Stealth Rock\n|\n|-heal|p2a: Gliscor|100\/100 tox|[from] ability: Poison Heal\n|upkeep\n|turn|17\n|\n|t:|1699736791\n|move|p1a: Excadrill|Iron Head|p2a: Gliscor\n|-damage|p2a: Gliscor|77\/100 tox\n|cant|p2a: Gliscor|flinch\n|\n|-heal|p2a: Gliscor|89\/100 tox|[from] ability: Poison Heal\n|upkeep\n|turn|18\n|\n|t:|1699736799\n|switch|p1a: Floatzel|Floatzel, M, shiny|100\/100\n|move|p2a: Gliscor|Protect||[still]\n|-fail|p2a: Gliscor\n|\n|-heal|p2a: Gliscor|100\/100 tox|[from] ability: Poison Heal\n|-sideend|p1: wowyoubadson|Reflect\n|upkeep\n|turn|19\n|\n|t:|1699736807\n|move|p1a: Floatzel|Wave Crash|p2a: Gliscor\n|-supereffective|p2a: Gliscor\n|-damage|p2a: Gliscor|4\/100 tox\n|-damage|p1a: Floatzel|64\/100|[from] Recoil\n|move|p2a: Gliscor|Facade|p1a: Floatzel\n|-damage|p1a: Floatzel|13\/100\n|\n|-heal|p2a: Gliscor|16\/100 tox|[from] ability: Poison Heal\n|upkeep\n|turn|20\n|\n|t:|1699736819\n|switch|p1a: Murder|Pikipek, M, shiny|100\/100\n|move|p2a: Gliscor|Protect||[still]\n|-fail|p2a: Gliscor\n|\n|-heal|p2a: Gliscor|29\/100 tox|[from] ability: Poison Heal\n|upkeep\n|turn|21\n|\n|t:|1699736833\n|move|p1a: Murder|Knock Off|p2a: Gliscor\n|-damage|p2a: Gliscor|13\/100 tox\n|-enditem|p2a: Gliscor|Toxic Orb|[from] move: Knock Off|[of] p1a: Murder\n|move|p2a: Gliscor|Roost|p2a: Gliscor\n|-heal|p2a: Gliscor|63\/100 tox\n|-singleturn|p2a: Gliscor|move: Roost\n|\n|-heal|p2a: Gliscor|76\/100 tox|[from] ability: Poison Heal\n|upkeep\n|turn|22\n|\n|t:|1699736844\n|switch|p1a: Floatzel|Floatzel, M, shiny|13\/100\n|move|p2a: Gliscor|Facade|p1a: Floatzel\n|-damage|p1a: Floatzel|0 fnt\n|faint|p1a: Floatzel\n|\n|-heal|p2a: Gliscor|88\/100 tox|[from] ability: Poison Heal\n|upkeep\n|\n|t:|1699736863\n|switch|p1a: Venusaur|Venusaur-Mega, F|86\/100\n|turn|23\n|\n|t:|1699736877\n|switch|p2a: Togekiss|Togekiss, F|100\/100\n|move|p1a: Venusaur|Hidden Power|p2a: Togekiss\n|-supereffective|p2a: Togekiss\n|-damage|p2a: Togekiss|80\/100\n|\n|upkeep\n|turn|24\n|\n|t:|1699736884\n|move|p1a: Venusaur|Sludge Bomb|p2a: Togekiss\n|-supereffective|p2a: Togekiss\n|-damage|p2a: Togekiss|32\/100\n|move|p2a: Togekiss|Thunder Wave|p1a: Venusaur\n|-status|p1a: Venusaur|par\n|\n|upkeep\n|turn|25\n|\n|t:|1699736892\n|move|p2a: Togekiss|Roost|p2a: Togekiss\n|-heal|p2a: Togekiss|82\/100\n|-singleturn|p2a: Togekiss|move: Roost\n|move|p1a: Venusaur|Sludge Bomb|p2a: Togekiss\n|-supereffective|p2a: Togekiss\n|-damage|p2a: Togekiss|33\/100\n|\n|upkeep\n|turn|26\n|\n|t:|1699736902\n|switch|p1a: Excadrill|Excadrill, F|79\/100\n|-ability|p1a: Excadrill|Mold Breaker\n|move|p2a: Togekiss|Roost|p2a: Togekiss\n|-heal|p2a: Togekiss|83\/100\n|-singleturn|p2a: Togekiss|move: Roost\n|\n|upkeep\n|turn|27\n|\n|t:|1699736913\n|move|p1a: Excadrill|Rapid Spin|p2a: Togekiss\n|-damage|p2a: Togekiss|68\/100\n|-boost|p1a: Excadrill|spe|1\n|move|p2a: Togekiss|Substitute|p2a: Togekiss\n|-start|p2a: Togekiss|Substitute\n|-damage|p2a: Togekiss|43\/100\n|\n|upkeep\n|turn|28\n|\n|t:|1699736919\n|move|p1a: Excadrill|Iron Head|p2a: Togekiss\n|-supereffective|p2a: Togekiss\n|-end|p2a: Togekiss|Substitute\n|move|p2a: Togekiss|Roost|p2a: Togekiss\n|-heal|p2a: Togekiss|93\/100\n|-singleturn|p2a: Togekiss|move: Roost\n|\n|upkeep\n|turn|29\n|\n|t:|1699736933\n|move|p1a: Excadrill|Iron Head|p2a: Togekiss\n|-supereffective|p2a: Togekiss\n|-damage|p2a: Togekiss|16\/100\n|cant|p2a: Togekiss|flinch\n|\n|upkeep\n|turn|30\n|\n|t:|1699736946\n|switch|p2a: Toxapex|Toxapex, F|100\/100\n|-damage|p2a: Toxapex|88\/100|[from] Stealth Rock\n|move|p1a: Excadrill|Iron Head|p2a: Toxapex\n|-resisted|p2a: Toxapex\n|-damage|p2a: Toxapex|75\/100\n|\n|-heal|p2a: Toxapex|81\/100|[from] item: Black Sludge\n|upkeep\n|turn|31\n|\n|t:|1699736961\n|move|p2a: Toxapex|Baneful Bunker|p2a: Toxapex\n|-singleturn|p2a: Toxapex|move: Protect\n|move|p1a: Excadrill|Earthquake|p2a: Toxapex\n|-activate|p2a: Toxapex|move: Protect\n|\n|-heal|p2a: Toxapex|87\/100|[from] item: Black Sludge\n|upkeep\n|turn|32\n|\n|t:|1699736969\n|move|p1a: Excadrill|Earthquake|p2a: Toxapex\n|-supereffective|p2a: Toxapex\n|-damage|p2a: Toxapex|31\/100\n|move|p2a: Toxapex|Haze|p2a: Toxapex\n|-clearallboost\n|\n|-heal|p2a: Toxapex|38\/100|[from] item: Black Sludge\n|upkeep\n|turn|33\n|\n|t:|1699736980\n|move|p1a: Excadrill|Rapid Spin|p2a: Toxapex\n|-damage|p2a: Toxapex|27\/100\n|-boost|p1a: Excadrill|spe|1\n|move|p2a: Toxapex|Recover|p2a: Toxapex\n|-heal|p2a: Toxapex|77\/100\n|\n|-heal|p2a: Toxapex|83\/100|[from] item: Black Sludge\n|upkeep\n|turn|34\n|\n|t:|1699736988\n|move|p2a: Toxapex|Baneful Bunker|p2a: Toxapex\n|-singleturn|p2a: Toxapex|move: Protect\n|move|p1a: Excadrill|Earthquake|p2a: Toxapex\n|-activate|p2a: Toxapex|move: Protect\n|\n|-heal|p2a: Toxapex|90\/100|[from] item: Black Sludge\n|upkeep\n|turn|35\n|\n|t:|1699736999\n|move|p1a: Excadrill|Earthquake|p2a: Toxapex\n|-supereffective|p2a: Toxapex\n|-damage|p2a: Toxapex|32\/100\n|move|p2a: Toxapex|Haze|p2a: Toxapex\n|-clearallboost\n|\n|-heal|p2a: Toxapex|38\/100|[from] item: Black Sludge\n|upkeep\n|turn|36\n|\n|t:|1699737007\n|move|p2a: Toxapex|Baneful Bunker|p2a: Toxapex\n|-singleturn|p2a: Toxapex|move: Protect\n|move|p1a: Excadrill|Earthquake|p2a: Toxapex\n|-activate|p2a: Toxapex|move: Protect\n|\n|-heal|p2a: Toxapex|44\/100|[from] item: Black Sludge\n|upkeep\n|turn|37\n|\n|t:|1699737015\n|move|p1a: Excadrill|Rapid Spin|p2a: Toxapex\n|-damage|p2a: Toxapex|33\/100\n|-boost|p1a: Excadrill|spe|1\n|move|p2a: Toxapex|Recover|p2a: Toxapex\n|-heal|p2a: Toxapex|83\/100\n|\n|-heal|p2a: Toxapex|89\/100|[from] item: Black Sludge\n|upkeep\n|turn|38\n|\n|t:|1699737027\n|move|p1a: Excadrill|Earthquake|p2a: Toxapex\n|-supereffective|p2a: Toxapex\n|-damage|p2a: Toxapex|30\/100\n|move|p2a: Toxapex|Haze|p2a: Toxapex\n|-clearallboost\n|\n|-heal|p2a: Toxapex|36\/100|[from] item: Black Sludge\n|upkeep\n|turn|39\n|\n|t:|1699737035\n|move|p2a: Toxapex|Baneful Bunker|p2a: Toxapex\n|-singleturn|p2a: Toxapex|move: Protect\n|move|p1a: Excadrill|Rapid Spin|p2a: Toxapex\n|-activate|p2a: Toxapex|move: Protect\n|\n|-heal|p2a: Toxapex|43\/100|[from] item: Black Sludge\n|upkeep\n|turn|40\n|\n|t:|1699737044\n|move|p1a: Excadrill|Earthquake|p2a: Toxapex\n|-supereffective|p2a: Toxapex\n|-damage|p2a: Toxapex|0 fnt\n|faint|p2a: Toxapex\n|\n|upkeep\n|\n|t:|1699737050\n|switch|p2a: Chansey|Chansey, F|100\/100\n|-damage|p2a: Chansey|88\/100|[from] Stealth Rock\n|turn|41\n|\n|t:|1699737062\n|move|p1a: Excadrill|Iron Head|p2a: Chansey\n|-damage|p2a: Chansey|60\/100\n|move|p2a: Chansey|Seismic Toss|p1a: Excadrill\n|-damage|p1a: Excadrill|55\/100\n|\n|upkeep\n|turn|42\n|\n|t:|1699737080\n|move|p2a: Chansey|Protect|p2a: Chansey\n|-singleturn|p2a: Chansey|Protect\n|move|p1a: Excadrill|Earthquake|p2a: Chansey\n|-activate|p2a: Chansey|move: Protect\n|\n|upkeep\n|turn|43\n|\n|t:|1699737085\n|move|p1a: Excadrill|Rapid Spin|p2a: Chansey\n|-damage|p2a: Chansey|49\/100\n|-boost|p1a: Excadrill|spe|1\n|move|p2a: Chansey|Wish|p2a: Chansey\n|\n|upkeep\n|turn|44\n|\n|t:|1699737106\n|move|p2a: Chansey|Protect|p2a: Chansey\n|-singleturn|p2a: Chansey|Protect\n|move|p1a: Excadrill|Earthquake|p2a: Chansey\n|-activate|p2a: Chansey|move: Protect\n|\n|-heal|p2a: Chansey|99\/100|[from] move: Wish|[wisher] Chansey\n|upkeep\n|turn|45\n|\n|t:|1699737116\n|move|p1a: Excadrill|Earthquake|p2a: Chansey\n|-crit|p2a: Chansey\n|-damage|p2a: Chansey|50\/100\n|move|p2a: Chansey|Seismic Toss|p1a: Excadrill\n|-damage|p1a: Excadrill|32\/100\n|\n|upkeep\n|turn|46\n|\n|t:|1699737125\n|move|p2a: Chansey|Protect|p2a: Chansey\n|-singleturn|p2a: Chansey|Protect\n|move|p1a: Excadrill|Earthquake|p2a: Chansey\n|-activate|p2a: Chansey|move: Protect\n|\n|upkeep\n|turn|47\n|\n|t:|1699737142\n|switch|p2a: Togekiss|Togekiss, F|16\/100\n|move|p1a: Excadrill|Iron Head|p2a: Togekiss\n|-supereffective|p2a: Togekiss\n|-crit|p2a: Togekiss\n|-damage|p2a: Togekiss|0 fnt\n|faint|p2a: Togekiss\n|\n|upkeep\n|\n|t:|1699737150\n|switch|p2a: Corviknight|Corviknight, M|89\/100\n|-damage|p2a: Corviknight|77\/100|[from] Stealth Rock\n|-ability|p2a: Corviknight|Pressure\n|turn|48\n|\n|t:|1699737161\n|switch|p1a: Slowbro|Slowbro, M|83\/100 tox\n|move|p2a: Corviknight|Body Press|p1a: Slowbro\n|-resisted|p1a: Slowbro\n|-damage|p1a: Slowbro|74\/100 tox\n|\n|-damage|p1a: Slowbro|68\/100 tox|[from] psn\n|upkeep\n|turn|49\n|\n|t:|1699737173\n|move|p2a: Corviknight|Brave Bird|p1a: Slowbro\n|-damage|p1a: Slowbro|45\/100 tox\n|-damage|p2a: Corviknight|69\/100|[from] Recoil\n|move|p1a: Slowbro|Reflect|p1a: Slowbro\n|-sidestart|p1: wowyoubadson|Reflect\n|\n|-damage|p1a: Slowbro|32\/100 tox|[from] psn\n|upkeep\n|turn|50\n|\n|t:|1699737184\n|switch|p2a: Gliscor|Gliscor, M|88\/100 tox\n|-damage|p2a: Gliscor|76\/100 tox|[from] Stealth Rock\n|switch|p1a: Chandelure|Chandelure, F|100\/100\n|\n|-heal|p2a: Gliscor|88\/100 tox|[from] ability: Poison Heal\n|upkeep\n|turn|51\n|inactive|wowyoubadson has 120 seconds left.\n|\n|t:|1699737229\n|-terastallize|p1a: Chandelure|Ice\n|move|p1a: Chandelure|Tera Blast|p2a: Gliscor|[anim] Tera Blast Ice\n|-supereffective|p2a: Gliscor\n|-damage|p2a: Gliscor|0 fnt\n|faint|p2a: Gliscor\n|\n|upkeep\n|c|\u2606Frretmonk|im playing clash rn\n|\n|t:|1699737241\n|switch|p2a: Ferrothorn|Ferrothorn, M|88\/100\n|-damage|p2a: Ferrothorn|81\/100|[from] Stealth Rock\n|turn|52\n|\n|t:|1699737253\n|switch|p1a: Venusaur|Venusaur-Mega, F|86\/100 par\n|move|p2a: Ferrothorn|Leech Seed|p1a: Venusaur\n|-immune|p1a: Venusaur\n|\n|-heal|p2a: Ferrothorn|88\/100|[from] item: Leftovers\n|upkeep\n|turn|53\n|inactive|wowyoubadson has 120 seconds left.\n|inactive|Frretmonk has 120 seconds left.\n|\n|t:|1699737274\n|switch|p1a: Murder|Pikipek, M, shiny|100\/100\n|move|p2a: Ferrothorn|Protect||[still]\n|-fail|p2a: Ferrothorn\n|\n|-heal|p2a: Ferrothorn|94\/100|[from] item: Leftovers\n|upkeep\n|turn|54\n|inactive|Frretmonk has 120 seconds left.\n|\n|t:|1699737282\n|move|p1a: Murder|Knock Off|p2a: Ferrothorn\n|-crit|p2a: Ferrothorn\n|-damage|p2a: Ferrothorn|73\/100\n|-damage|p1a: Murder|88\/100|[from] ability: Iron Barbs|[of] p2a: Ferrothorn\n|-enditem|p2a: Ferrothorn|Leftovers|[from] move: Knock Off|[of] p1a: Murder\n|move|p2a: Ferrothorn|Body Press|p1a: Murder\n|-damage|p1a: Murder|27\/100\n|\n|upkeep\n|turn|55\n|inactive|Frretmonk has 120 seconds left.\n|\n|t:|1699737294\n|switch|p1a: Venusaur|Venusaur-Mega, F|86\/100 par\n|move|p2a: Ferrothorn|Stealth Rock|p1a: Venusaur\n|-sidestart|p1: wowyoubadson|move: Stealth Rock\n|\n|upkeep\n|turn|56\n|\n|t:|1699737303\n|move|p1a: Venusaur|Hidden Power|p2a: Ferrothorn\n|-damage|p2a: Ferrothorn|58\/100\n|move|p2a: Ferrothorn|Body Press|p1a: Venusaur\n|-resisted|p1a: Venusaur\n|-damage|p1a: Venusaur|80\/100 par\n|\n|-sideend|p1: wowyoubadson|Reflect\n|upkeep\n|turn|57\n|inactive|wowyoubadson has 120 seconds left.\n|\n|t:|1699737314\n|move|p1a: Venusaur|Hidden Power|p2a: Ferrothorn\n|-damage|p2a: Ferrothorn|44\/100\n|move|p2a: Ferrothorn|Body Press|p1a: Venusaur\n|-resisted|p1a: Venusaur\n|-damage|p1a: Venusaur|69\/100 par\n|\n|upkeep\n|turn|58\n|\n|t:|1699737325\n|switch|p2a: Corviknight|Corviknight, M|69\/100\n|-damage|p2a: Corviknight|57\/100|[from] Stealth Rock\n|-ability|p2a: Corviknight|Pressure\n|move|p1a: Venusaur|Hidden Power|p2a: Corviknight\n|-crit|p2a: Corviknight\n|-damage|p2a: Corviknight|31\/100\n|\n|upkeep\n|turn|59\n|\n|t:|1699737338\n|move|p2a: Corviknight|Roost|p2a: Corviknight\n|-heal|p2a: Corviknight|81\/100\n|-singleturn|p2a: Corviknight|move: Roost\n|move|p1a: Venusaur|Leaf Storm|p2a: Corviknight\n|-resisted|p2a: Corviknight\n|-damage|p2a: Corviknight|54\/100\n|-unboost|p1a: Venusaur|spa|2\n|\n|upkeep\n|turn|60\n|\n|t:|1699737347\n|switch|p1a: Chandelure|Chandelure, F, tera:Ice|100\/100\n|-damage|p1a: Chandelure|76\/100|[from] Stealth Rock\n|move|p2a: Corviknight|Roost|p2a: Corviknight\n|-heal|p2a: Corviknight|100\/100\n|-singleturn|p2a: Corviknight|move: Roost\n|\n|upkeep\n|turn|61\n|inactive|wowyoubadson has 120 seconds left.\n|\n|t:|1699737372\n|-terastallize|p2a: Corviknight|Flying\n|move|p1a: Chandelure|Tera Blast|p2a: Corviknight|[anim] Tera Blast Ice\n|-supereffective|p2a: Corviknight\n|-damage|p2a: Corviknight|0 fnt\n|faint|p2a: Corviknight\n|\n|upkeep\n|\n|t:|1699737379\n|switch|p2a: Chansey|Chansey, F|50\/100\n|-damage|p2a: Chansey|38\/100|[from] Stealth Rock\n|turn|62\n|\n|t:|1699737384\n|move|p1a: Chandelure|Tera Blast|p2a: Chansey|[anim] Tera Blast Ice\n|-damage|p2a: Chansey|17\/100\n|move|p2a: Chansey|Wish|p2a: Chansey\n|\n|upkeep\n|turn|63\n|\n|t:|1699737389\n|switch|p1a: Murder|Pikipek, M, shiny|27\/100\n|-damage|p1a: Murder|2\/100|[from] Stealth Rock\n|move|p2a: Chansey|Protect||[still]\n|-fail|p2a: Chansey\n|\n|-heal|p2a: Chansey|67\/100|[from] move: Wish|[wisher] Chansey\n|upkeep\n|turn|64\n|\n|t:|1699737406\n|switch|p2a: Ferrothorn|Ferrothorn, M|44\/100\n|-damage|p2a: Ferrothorn|38\/100|[from] Stealth Rock\n|move|p1a: Murder|Knock Off|p2a: Ferrothorn\n|-damage|p2a: Ferrothorn|27\/100\n|-damage|p1a: Murder|0 fnt|[from] ability: Iron Barbs|[of] p2a: Ferrothorn\n|faint|p1a: Murder\n|\n|upkeep\n|\n|t:|1699737415\n|switch|p1a: Excadrill|Excadrill, F|32\/100\n|-damage|p1a: Excadrill|29\/100|[from] Stealth Rock\n|-ability|p1a: Excadrill|Mold Breaker\n|turn|65\n|\n|t:|1699737421\n|move|p1a: Excadrill|Earthquake|p2a: Ferrothorn\n|-damage|p2a: Ferrothorn|0 fnt\n|faint|p2a: Ferrothorn\n|\n|upkeep\n|\n|t:|1699737427\n|switch|p2a: Chansey|Chansey, F|67\/100\n|-damage|p2a: Chansey|54\/100|[from] Stealth Rock\n|turn|66\n|\n|t:|1699737433\n|move|p1a: Excadrill|Earthquake|p2a: Chansey\n|-damage|p2a: Chansey|22\/100\n|move|p2a: Chansey|Seismic Toss|p1a: Excadrill\n|-damage|p1a: Excadrill|5\/100\n|\n|upkeep\n|turn|67\n|\n|t:|1699737440\n|move|p1a: Excadrill|Earthquake|p2a: Chansey\n|-damage|p2a: Chansey|0 fnt\n|faint|p2a: Chansey\n|\n|win|wowyoubadson\n|raw|wowyoubadson's rating: 1198 &rarr; <strong>1219<\/strong><br \/>(+21 for winning)\n|raw|Frretmonk's rating: 1145 &rarr; <strong>1124<\/strong><br \/>(-21 for losing)\n|l|\u2606Frretmonk\n","uploadtime":1699737448,"views":4,"p1id":"wowyoubadson","p2id":"frretmonk","formatid":"gen9nationaldex","rating":1124,"private":0,"password":""}