{"id":"gen9nationaldex-1998522920","p1":"Koketsu_Dono","p2":"PaulNeville","format":"[Gen 9] National Dex","log":"|html|<div class=\"broadcast-blue\"><strong>[Gen 9] National Dex is currently suspecting Sneasler! For information on how to participate check out the <a href=\"https:\/\/www.smogon.com\/forums\/threads\/sv-national-dex-suspect-8-just-dance.3731534\/\">suspect thread<\/a>.<\/strong><\/div>\n|j|\u2606Koketsu_Dono\n|j|\u2606PaulNeville\n|t:|1700951968\n|gametype|singles\n|player|p1|Koketsu_Dono|blackbelt-gen4dp|\n|player|p2|PaulNeville|saturn|\n|teamsize|p1|6\n|teamsize|p2|6\n|gen|9\n|tier|[Gen 9] National Dex\n|rule|HP Percentage Mod: HP is shown in percentages\n|rule|Endless Battle Clause: Forcing endless battles is banned\n|rule|OHKO Clause: OHKO moves are banned\n|rule|Evasion Clause: Evasion abilities, items, and moves are banned\n|rule|Evasion Abilities Clause: Evasion abilities are banned\n|rule|Evasion Items Clause: Evasion items are banned\n|rule|Evasion Moves Clause: Evasion moves are banned\n|rule|Species Clause: Limit one of each Pok\u00e9mon\n|rule|Sleep Clause Mod: Limit one foe put to sleep\n|clearpoke\n|poke|p1|Lopunny, F|\n|poke|p1|Zamazenta-*|\n|poke|p1|Sneasler, F|\n|poke|p1|Iron Valiant|\n|poke|p1|Urshifu-*, M|\n|poke|p1|Hawlucha, M|\n|poke|p2|Dragonite, M|\n|poke|p2|Maushold-Four|\n|poke|p2|Urshifu-*, M|\n|poke|p2|Clefable, M|\n|poke|p2|Moltres|\n|poke|p2|Cloyster, F|\n|teampreview\n|\n|t:|1700951994\n|start\n|switch|p1a: Sneasler|Sneasler, F|100\/100\n|switch|p2a: Maushold|Maushold-Four|100\/100\n|turn|1\n|\n|t:|1700952005\n|move|p1a: Sneasler|Fake Out|p2a: Maushold\n|-enditem|p1a: Sneasler|Normal Gem|[from] gem\n|-damage|p2a: Maushold|66\/100\n|cant|p2a: Maushold|flinch\n|\n|upkeep\n|turn|2\n|\n|t:|1700952013\n|move|p1a: Sneasler|Dire Claw|p2a: Maushold\n|-damage|p2a: Maushold|0 fnt\n|faint|p2a: Maushold\n|\n|upkeep\n|\n|t:|1700952021\n|switch|p2a: Dragonite|Dragonite, M|100\/100\n|turn|3\n|\n|t:|1700952034\n|-terastallize|p2a: Dragonite|Normal\n|move|p1a: Sneasler|U-turn|p2a: Dragonite\n|-damage|p2a: Dragonite|86\/100\n|\n|t:|1700952041\n|switch|p1a: Zamazenta|Zamazenta|100\/100|[from] U-turn\n|-ability|p1a: Zamazenta|Dauntless Shield|boost\n|-boost|p1a: Zamazenta|def|1\n|move|p2a: Dragonite|Dragon Dance|p2a: Dragonite\n|-boost|p2a: Dragonite|atk|1\n|-boost|p2a: Dragonite|spe|1\n|\n|upkeep\n|turn|4\n|\n|t:|1700952053\n|move|p1a: Zamazenta|Iron Defense|p1a: Zamazenta\n|-boost|p1a: Zamazenta|def|2\n|move|p2a: Dragonite|Earthquake|p1a: Zamazenta\n|-damage|p1a: Zamazenta|80\/100\n|\n|-heal|p1a: Zamazenta|86\/100|[from] item: Leftovers\n|upkeep\n|turn|5\n|\n|t:|1700952063\n|move|p2a: Dragonite|Extreme Speed|p1a: Zamazenta\n|-damage|p1a: Zamazenta|53\/100\n|move|p1a: Zamazenta|Iron Defense|p1a: Zamazenta\n|-boost|p1a: Zamazenta|def|2\n|\n|-heal|p1a: Zamazenta|59\/100|[from] item: Leftovers\n|upkeep\n|turn|6\n|\n|t:|1700952074\n|move|p2a: Dragonite|Extreme Speed|p1a: Zamazenta\n|-damage|p1a: Zamazenta|37\/100\n|move|p1a: Zamazenta|Body Press|p2a: Dragonite\n|-supereffective|p2a: Dragonite\n|-damage|p2a: Dragonite|0 fnt\n|faint|p2a: Dragonite\n|\n|-heal|p1a: Zamazenta|43\/100|[from] item: Leftovers\n|upkeep\n|\n|t:|1700952089\n|switch|p2a: Cloyster|Cloyster, F|100\/100\n|turn|7\n|\n|t:|1700952106\n|move|p1a: Zamazenta|Body Press|p2a: Cloyster\n|-supereffective|p2a: Cloyster\n|-damage|p2a: Cloyster|0 fnt\n|faint|p2a: Cloyster\n|\n|-heal|p1a: Zamazenta|49\/100|[from] item: Leftovers\n|upkeep\n|\n|t:|1700952116\n|switch|p2a: Moltres|Moltres|100\/100\n|turn|8\n|\n|t:|1700952122\n|move|p1a: Zamazenta|Body Press|p2a: Moltres\n|-resisted|p2a: Moltres\n|-damage|p2a: Moltres|36\/100\n|move|p2a: Moltres|Hurricane|p1a: Zamazenta\n|-supereffective|p1a: Zamazenta\n|-damage|p1a: Zamazenta|0 fnt\n|faint|p1a: Zamazenta\n|\n|upkeep\n|\n|t:|1700952132\n|switch|p1a: Sneasler|Sneasler, F|100\/100\n|turn|9\n|\n|t:|1700952137\n|move|p1a: Sneasler|Dire Claw|p2a: Moltres\n|-damage|p2a: Moltres|0 fnt\n|faint|p2a: Moltres\n|\n|upkeep\n|\n|t:|1700952145\n|switch|p2a: Urshifu|Urshifu-Rapid-Strike, M|100\/100\n|turn|10\n|\n|t:|1700952151\n|move|p1a: Sneasler|U-turn|p2a: Urshifu\n|-resisted|p2a: Urshifu\n|-damage|p2a: Urshifu|87\/100\n|\n|t:|1700952156\n|switch|p1a: Hawlucha|Hawlucha, M|100\/100|[from] U-turn\n|move|p2a: Urshifu|Surging Strikes|p1a: Hawlucha\n|-crit|p1a: Hawlucha\n|-damage|p1a: Hawlucha|69\/100\n|-crit|p1a: Hawlucha\n|-damage|p1a: Hawlucha|40\/100\n|-crit|p1a: Hawlucha\n|-damage|p1a: Hawlucha|10\/100\n|-hitcount|p1a: Hawlucha|3\n|\n|upkeep\n|turn|11\n|\n|t:|1700952170\n|move|p2a: Urshifu|Aqua Jet|p1a: Hawlucha\n|-damage|p1a: Hawlucha|0 fnt\n|faint|p1a: Hawlucha\n|\n|upkeep\n|\n|t:|1700952178\n|switch|p1a: Urshifu|Urshifu-Rapid-Strike, M|100\/100\n|turn|12\n|\n|t:|1700952185\n|move|p1a: Urshifu|Close Combat|p2a: Urshifu\n|-damage|p2a: Urshifu|0 fnt\n|-unboost|p1a: Urshifu|def|1\n|-unboost|p1a: Urshifu|spd|1\n|faint|p2a: Urshifu\n|\n|upkeep\n|\n|t:|1700952194\n|switch|p2a: Clefable|Clefable, M|100\/100\n|turn|13\n|\n|t:|1700952202\n|switch|p1a: Sneasler|Sneasler, F|100\/100\n|move|p2a: Clefable|Calm Mind|p2a: Clefable\n|-boost|p2a: Clefable|spa|1\n|-boost|p2a: Clefable|spd|1\n|\n|upkeep\n|turn|14\n|\n|t:|1700952217\n|-terastallize|p1a: Sneasler|Fighting\n|move|p1a: Sneasler|Dire Claw|p2a: Clefable\n|-supereffective|p2a: Clefable\n|-damage|p2a: Clefable|0 fnt\n|faint|p2a: Clefable\n|\n|win|Koketsu_Dono\n|l|\u2606Koketsu_Dono\n|j|\u2606Koketsu_Dono\n|player|p1|Koketsu_Dono|blackbelt-gen4dp\n","uploadtime":1700952281,"views":3,"p1id":"koketsudono","p2id":"paulneville","formatid":"gen9nationaldex","rating":0,"private":0,"password":""}