{"id":"gen9nationaldex-1991827488","p1":"zaizaipo","p2":"lolowtf09","format":"[Gen 9] National Dex","log":"|j|\u2606zaizaipo\n|j|\u2606lolowtf09\n|t:|1700124421\n|gametype|singles\n|player|p1|zaizaipo|101|1195\n|player|p2|lolowtf09|burgh|1101\n|teamsize|p1|6\n|teamsize|p2|6\n|gen|9\n|tier|[Gen 9] National Dex\n|rated|\n|rule|HP Percentage Mod: HP is shown in percentages\n|rule|Endless Battle Clause: Forcing endless battles is banned\n|rule|OHKO Clause: OHKO moves are banned\n|rule|Evasion Clause: Evasion abilities, items, and moves are banned\n|rule|Evasion Abilities Clause: Evasion abilities are banned\n|rule|Evasion Items Clause: Evasion items are banned\n|rule|Evasion Moves Clause: Evasion moves are banned\n|rule|Species Clause: Limit one of each Pok\u00e9mon\n|rule|Sleep Clause Mod: Limit one foe put to sleep\n|clearpoke\n|poke|p1|Sudowoodo, M|\n|poke|p1|Shiftry, F|\n|poke|p1|Corviknight, F|\n|poke|p1|Swampert, M|\n|poke|p1|Pelipper, M|\n|poke|p1|Ogerpon, F|\n|poke|p2|Victini|\n|poke|p2|Lilligant-Hisui, F|\n|poke|p2|Torkoal, M|\n|poke|p2|Forretress, F|\n|poke|p2|Sableye, F|\n|poke|p2|Dipplin, F|\n|teampreview\n|\n|t:|1700124436\n|start\n|switch|p1a: Ogerpon|Ogerpon, F|100\/100\n|switch|p2a: Forretress|Forretress, F|100\/100\n|turn|1\n|inactive|Battle timer is ON: inactive players will automatically lose when time's up. (requested by zaizaipo)\n|\n|t:|1700124444\n|move|p1a: Ogerpon|Superpower|p2a: Forretress\n|-crit|p2a: Forretress\n|-damage|p2a: Forretress|67\/100\n|-unboost|p1a: Ogerpon|atk|1\n|-unboost|p1a: Ogerpon|def|1\n|-damage|p1a: Ogerpon|84\/100|[from] item: Rocky Helmet|[of] p2a: Forretress\n|move|p2a: Forretress|Stealth Rock|p1a: Ogerpon\n|-sidestart|p1: zaizaipo|move: Stealth Rock\n|\n|upkeep\n|turn|2\n|\n|t:|1700124452\n|move|p1a: Ogerpon|U-turn|p2a: Forretress\n|-resisted|p2a: Forretress\n|-damage|p2a: Forretress|63\/100\n|-damage|p1a: Ogerpon|67\/100|[from] item: Rocky Helmet|[of] p2a: Forretress\n|\n|t:|1700124456\n|switch|p1a: Pelipper|Pelipper, M|100\/100|[from] U-turn\n|-weather|RainDance|[from] ability: Drizzle|[of] p1a: Pelipper\n|move|p2a: Forretress|Spikes|p1a: Pelipper\n|-sidestart|p1: zaizaipo|Spikes\n|\n|-weather|RainDance|[upkeep]\n|upkeep\n|turn|3\n|\n|t:|1700124464\n|switch|p2a: YOU DIE|Victini|100\/100\n|move|p1a: Pelipper|Defog|p2a: YOU DIE\n|-unboost|p2a: YOU DIE|evasion|1\n|-sideend|p1: zaizaipo|Spikes|[from] move: Defog|[of] p1a: Pelipper\n|-sideend|p1: zaizaipo|Stealth Rock|[from] move: Defog|[of] p1a: Pelipper\n|\n|-weather|RainDance|[upkeep]\n|upkeep\n|turn|4\n|\n|t:|1700124471\n|move|p2a: YOU DIE|Final Gambit|p1a: Pelipper\n|-damage|p1a: Pelipper|0 fnt\n|faint|p2a: YOU DIE\n|faint|p1a: Pelipper\n|\n|-weather|RainDance|[upkeep]\n|upkeep\n|\n|t:|1700124477\n|switch|p2a: Forretress|Forretress, F|63\/100\n|switch|p1a: Shiftry|Shiftry, F, shiny|100\/100\n|turn|5\n|\n|t:|1700124483\n|move|p1a: Shiftry|Tailwind|p1a: Shiftry\n|-sidestart|p1: zaizaipo|move: Tailwind\n|-ability|p1a: Shiftry|Wind Rider|boost\n|-boost|p1a: Shiftry|atk|1\n|move|p2a: Forretress|Toxic Spikes|p1a: Shiftry\n|-sidestart|p1: zaizaipo|move: Toxic Spikes\n|\n|-weather|RainDance|[upkeep]\n|upkeep\n|turn|6\n|\n|t:|1700124494\n|move|p1a: Shiftry|Tailwind||[still]\n|-fail|p1a: Shiftry\n|move|p2a: Forretress|Toxic Spikes|p1a: Shiftry\n|-sidestart|p1: zaizaipo|move: Toxic Spikes\n|\n|-weather|none\n|upkeep\n|turn|7\n|\n|t:|1700124502\n|move|p1a: Shiftry|Heat Wave|p2a: Forretress\n|-supereffective|p2a: Forretress\n|-damage|p2a: Forretress|0 fnt\n|faint|p2a: Forretress\n|\n|upkeep\n|\n|t:|1700124511\n|switch|p2a: Gonorrea|Lilligant-Hisui, F|100\/100\n|turn|8\n|\n|t:|1700124516\n|move|p1a: Shiftry|Explosion|p2a: Gonorrea\n|-crit|p2a: Gonorrea\n|-enditem|p2a: Gonorrea|Focus Sash\n|-damage|p2a: Gonorrea|1\/100\n|faint|p1a: Shiftry\n|move|p2a: Gonorrea|Close Combat|p1: Shiftry|[notarget]\n|-fail|p2a: Gonorrea\n|\n|-sideend|p1: zaizaipo|move: Tailwind\n|upkeep\n|\n|t:|1700124534\n|switch|p1a: Ogerpon|Ogerpon, F|67\/100\n|-status|p1a: Ogerpon|tox\n|turn|9\n|\n|t:|1700124543\n|switch|p2a: CRYING CHILD|Torkoal, M|100\/100\n|-weather|SunnyDay|[from] ability: Drought|[of] p2a: CRYING CHILD\n|move|p1a: Ogerpon|U-turn|p2a: CRYING CHILD\n|-resisted|p2a: CRYING CHILD\n|-damage|p2a: CRYING CHILD|91\/100\n|\n|t:|1700124549\n|switch|p1a: Swampert|Swampert, M|100\/100|[from] U-turn\n|-status|p1a: Swampert|tox\n|\n|-weather|SunnyDay|[upkeep]\n|-damage|p1a: Swampert|94\/100 tox|[from] psn\n|upkeep\n|turn|10\n|\n|t:|1700124557\n|detailschange|p1a: Swampert|Swampert-Mega, M\n|-mega|p1a: Swampert|Swampert|Swampertite\n|move|p1a: Swampert|Rain Dance|p1a: Swampert\n|-weather|RainDance\n|move|p2a: CRYING CHILD|Flamethrower|p1a: Swampert\n|-resisted|p1a: Swampert\n|-damage|p1a: Swampert|86\/100 tox\n|\n|-weather|RainDance|[upkeep]\n|-damage|p1a: Swampert|74\/100 tox|[from] psn\n|upkeep\n|turn|11\n|\n|t:|1700124570\n|switch|p2a: Gonorrea|Lilligant-Hisui, F|1\/100\n|move|p1a: Swampert|Liquidation|p2a: Gonorrea\n|-resisted|p2a: Gonorrea\n|-damage|p2a: Gonorrea|0 fnt\n|faint|p2a: Gonorrea\n|\n|-weather|RainDance|[upkeep]\n|-damage|p1a: Swampert|56\/100 tox|[from] psn\n|upkeep\n|\n|t:|1700124575\n|switch|p2a: CRYING CHILD|Torkoal, M|91\/100\n|-weather|SunnyDay|[from] ability: Drought|[of] p2a: CRYING CHILD\n|turn|12\n|\n|t:|1700124582\n|switch|p2a: Diabetes|Dipplin, F, shiny|100\/100\n|move|p1a: Swampert|Rain Dance|p1a: Swampert\n|-weather|RainDance\n|\n|-weather|RainDance|[upkeep]\n|-damage|p1a: Swampert|32\/100 tox|[from] psn\n|upkeep\n|turn|13\n|\n|t:|1700124589\n|move|p1a: Swampert|Ice Punch|p2a: Diabetes\n|-supereffective|p2a: Diabetes\n|-damage|p2a: Diabetes|50\/100\n|-status|p2a: Diabetes|frz\n|-curestatus|p2a: Diabetes|frz|[msg]\n|move|p2a: Diabetes|Infestation|p1a: Swampert\n|-damage|p1a: Swampert|28\/100 tox\n|-activate|p1a: Swampert|move: Infestation|[of] p2a: Diabetes\n|\n|-weather|RainDance|[upkeep]\n|-damage|p1a: Swampert|0 fnt|[from] psn\n|faint|p1a: Swampert\n|upkeep\n|\n|t:|1700124603\n|switch|p1a: Sudowoodo|Sudowoodo, M, shiny|100\/100\n|-status|p1a: Sudowoodo|tox\n|turn|14\n|\n|t:|1700124610\n|move|p1a: Sudowoodo|Explosion|p2a: Diabetes\n|-damage|p2a: Diabetes|15\/100\n|faint|p1a: Sudowoodo\n|move|p2a: Diabetes|Recover|p2a: Diabetes\n|-heal|p2a: Diabetes|65\/100\n|\n|-weather|RainDance|[upkeep]\n|upkeep\n|\n|t:|1700124619\n|switch|p1a: Ogerpon|Ogerpon, F|67\/100 tox\n|turn|15\n|\n|t:|1700124622\n|move|p1a: Ogerpon|U-turn|p2a: Diabetes\n|-supereffective|p2a: Diabetes\n|-damage|p2a: Diabetes|43\/100\n|\n|t:|1700124626\n|switch|p1a: Corviknight|Corviknight, F, shiny|100\/100|[from] U-turn\n|move|p2a: Diabetes|Recover|p2a: Diabetes\n|-heal|p2a: Diabetes|93\/100\n|\n|-weather|RainDance|[upkeep]\n|upkeep\n|turn|16\n|\n|t:|1700124633\n|move|p1a: Corviknight|Iron Defense|p1a: Corviknight\n|-boost|p1a: Corviknight|def|2\n|move|p2a: Diabetes|Infestation|p1a: Corviknight\n|-resisted|p1a: Corviknight\n|-damage|p1a: Corviknight|99\/100\n|-activate|p1a: Corviknight|move: Infestation|[of] p2a: Diabetes\n|-damage|p2a: Diabetes|77\/100|[from] item: Rocky Helmet|[of] p1a: Corviknight\n|\n|-weather|none\n|-damage|p1a: Corviknight|87\/100|[from] move: Infestation|[partiallytrapped]\n|upkeep\n|turn|17\n|\n|t:|1700124644\n|move|p1a: Corviknight|Iron Defense|p1a: Corviknight\n|-boost|p1a: Corviknight|def|2\n|move|p2a: Diabetes|Giga Drain|p1a: Corviknight\n|-resisted|p1a: Corviknight\n|-damage|p1a: Corviknight|83\/100\n|-heal|p2a: Diabetes|79\/100|[from] drain|[of] p1a: Corviknight\n|\n|-damage|p1a: Corviknight|71\/100|[from] move: Infestation|[partiallytrapped]\n|upkeep\n|turn|18\n|\n|t:|1700124653\n|move|p1a: Corviknight|Iron Defense|p1a: Corviknight\n|-boost|p1a: Corviknight|def|2\n|move|p2a: Diabetes|Draco Meteor|p1a: Corviknight\n|-resisted|p1a: Corviknight\n|-damage|p1a: Corviknight|56\/100\n|-unboost|p2a: Diabetes|spa|2\n|\n|-damage|p1a: Corviknight|43\/100|[from] move: Infestation|[partiallytrapped]\n|upkeep\n|turn|19\n|j| inkscale\n|\n|t:|1700124662\n|move|p1a: Corviknight|Roost|p1a: Corviknight\n|-heal|p1a: Corviknight|93\/100\n|-singleturn|p1a: Corviknight|move: Roost\n|move|p2a: Diabetes|Recover|p2a: Diabetes\n|-heal|p2a: Diabetes|100\/100\n|\n|-damage|p1a: Corviknight|81\/100|[from] move: Infestation|[partiallytrapped]\n|upkeep\n|turn|20\n|\n|t:|1700124670\n|move|p1a: Corviknight|Body Press|p2a: Diabetes\n|-damage|p2a: Diabetes|68\/100\n|move|p2a: Diabetes|Infestation|p1a: Corviknight\n|-resisted|p1a: Corviknight\n|-damage|p1a: Corviknight|81\/100\n|-damage|p2a: Diabetes|51\/100|[from] item: Rocky Helmet|[of] p1a: Corviknight\n|\n|-end|p1a: Corviknight|Infestation|[partiallytrapped]\n|upkeep\n|turn|21\n|\n|t:|1700124679\n|move|p1a: Corviknight|Body Press|p2a: Diabetes\n|-damage|p2a: Diabetes|19\/100\n|move|p2a: Diabetes|Infestation|p1a: Corviknight\n|-resisted|p1a: Corviknight\n|-damage|p1a: Corviknight|80\/100\n|-activate|p1a: Corviknight|move: Infestation|[of] p2a: Diabetes\n|-damage|p2a: Diabetes|2\/100|[from] item: Rocky Helmet|[of] p1a: Corviknight\n|\n|-damage|p1a: Corviknight|68\/100|[from] move: Infestation|[partiallytrapped]\n|upkeep\n|turn|22\n|\n|t:|1700124696\n|move|p1a: Corviknight|Body Press|p2a: Diabetes\n|-damage|p2a: Diabetes|0 fnt\n|faint|p2a: Diabetes\n|\n|-end|p1a: Corviknight|Infestation|[partiallytrapped]|[silent]\n|upkeep\n|\n|t:|1700124713\n|switch|p2a: CRYING CHILD|Torkoal, M|91\/100\n|-weather|SunnyDay|[from] ability: Drought|[of] p2a: CRYING CHILD\n|turn|23\n|\n|t:|1700124719\n|-terastallize|p1a: Corviknight|Water\n|move|p1a: Corviknight|Body Press|p2a: CRYING CHILD\n|-damage|p2a: CRYING CHILD|33\/100\n|move|p2a: CRYING CHILD|Flamethrower|p1a: Corviknight\n|-resisted|p1a: Corviknight\n|-damage|p1a: Corviknight|50\/100\n|\n|-weather|SunnyDay|[upkeep]\n|upkeep\n|turn|24\n|\n|t:|1700124734\n|move|p1a: Corviknight|Body Press|p2a: CRYING CHILD\n|-damage|p2a: CRYING CHILD|0 fnt\n|faint|p2a: CRYING CHILD\n|\n|-weather|SunnyDay|[upkeep]\n|upkeep\n|\n|t:|1700124739\n|switch|p2a: AIDS|Sableye, F|100\/100\n|turn|25\n|\n|t:|1700124744\n|detailschange|p2a: AIDS|Sableye-Mega, F\n|-mega|p2a: AIDS|Sableye|Sablenite\n|move|p1a: Corviknight|Iron Head|p2a: AIDS\n|-damage|p2a: AIDS|83\/100\n|move|p2a: AIDS|Toxic|p1a: Corviknight\n|-status|p1a: Corviknight|tox\n|\n|-weather|SunnyDay|[upkeep]\n|-damage|p1a: Corviknight|44\/100 tox|[from] psn\n|upkeep\n|turn|26\n|\n|t:|1700124756\n|move|p1a: Corviknight|Roost|p1a: Corviknight\n|-heal|p1a: Corviknight|94\/100 tox\n|move|p2a: AIDS|Calm Mind|p2a: AIDS\n|-boost|p2a: AIDS|spa|1\n|-boost|p2a: AIDS|spd|1\n|\n|-weather|SunnyDay|[upkeep]\n|-damage|p1a: Corviknight|81\/100 tox|[from] psn\n|upkeep\n|turn|27\n|\n|t:|1700124769\n|move|p1a: Corviknight|Iron Head|p2a: AIDS\n|-damage|p2a: AIDS|64\/100\n|move|p2a: AIDS|Shadow Ball|p1a: Corviknight\n|-damage|p1a: Corviknight|55\/100 tox\n|\n|-weather|SunnyDay|[upkeep]\n|-damage|p1a: Corviknight|36\/100 tox|[from] psn\n|upkeep\n|turn|28\n|\n|t:|1700124777\n|move|p1a: Corviknight|Iron Head|p2a: AIDS\n|-damage|p2a: AIDS|47\/100\n|move|p2a: AIDS|Shadow Ball|p1a: Corviknight\n|-damage|p1a: Corviknight|10\/100 tox\n|\n|-weather|SunnyDay|[upkeep]\n|-damage|p1a: Corviknight|0 fnt|[from] psn\n|faint|p1a: Corviknight\n|upkeep\n|\n|t:|1700124785\n|switch|p1a: Ogerpon|Ogerpon, F|67\/100 tox\n|turn|29\n|\n|t:|1700124789\n|-zpower|p1a: Ogerpon\n|move|p1a: Ogerpon|Bloom Doom|p2a: AIDS|[zeffect]\n|-damage|p2a: AIDS|0 fnt\n|faint|p2a: AIDS\n|\n|win|zaizaipo\n|raw|zaizaipo's rating: 1195 &rarr; <strong>1213<\/strong><br \/>(+18 for winning)\n|raw|lolowtf09's rating: 1101 &rarr; <strong>1083<\/strong><br \/>(-18 for losing)\n","uploadtime":1700124797,"views":4,"p1id":"zaizaipo","p2id":"lolowtf09","formatid":"gen9nationaldex","rating":1083,"private":0,"password":""}