{"id":"gen9nationaldex-1990805922","p1":"savagewolf98420","p2":"KoiGameing","format":"[Gen 9] National Dex","log":"|j|\u2606savagewolf98420\n|j|\u2606KoiGameing\n|t:|1700002687\n|gametype|singles\n|player|p1|savagewolf98420|koga|1247\n|player|p2|KoiGameing|unknownf|1160\n|teamsize|p1|6\n|teamsize|p2|6\n|gen|9\n|tier|[Gen 9] National Dex\n|rated|\n|rule|HP Percentage Mod: HP is shown in percentages\n|rule|Endless Battle Clause: Forcing endless battles is banned\n|rule|OHKO Clause: OHKO moves are banned\n|rule|Evasion Clause: Evasion abilities, items, and moves are banned\n|rule|Evasion Abilities Clause: Evasion abilities are banned\n|rule|Evasion Items Clause: Evasion items are banned\n|rule|Evasion Moves Clause: Evasion moves are banned\n|rule|Species Clause: Limit one of each Pok\u00e9mon\n|rule|Sleep Clause Mod: Limit one foe put to sleep\n|clearpoke\n|poke|p1|Swampert, F|\n|poke|p1|Pelipper, F|\n|poke|p1|Zapdos|\n|poke|p1|Rotom-Wash|\n|poke|p1|Manaphy|\n|poke|p1|Kabutops, F|\n|poke|p2|Smeargle, M|\n|poke|p2|Chansey, F|\n|poke|p2|Aggron, M|\n|poke|p2|Scream Tail|\n|poke|p2|Clodsire, F|\n|poke|p2|Garganacl, F|\n|teampreview\n|inactive|Battle timer is ON: inactive players will automatically lose when time's up. (requested by savagewolf98420)\n|\n|t:|1700002701\n|start\n|switch|p1a: Pelipper|Pelipper, F|100\/100\n|switch|p2a: Smeargle|Smeargle, M|100\/100\n|-weather|RainDance|[from] ability: Drizzle|[of] p1a: Pelipper\n|turn|1\n|\n|t:|1700002712\n|move|p2a: Smeargle|Nuzzle|p1a: Pelipper\n|-supereffective|p1a: Pelipper\n|-damage|p1a: Pelipper|96\/100\n|-status|p1a: Pelipper|par\n|move|p1a: Pelipper|Hurricane|p2a: Smeargle\n|-damage|p2a: Smeargle|32\/100\n|\n|-weather|RainDance|[upkeep]\n|upkeep\n|turn|2\n|\n|t:|1700002721\n|switch|p2a: Scream Tail|Scream Tail|100\/100\n|move|p1a: Pelipper|U-turn|p2a: Scream Tail\n|-damage|p2a: Scream Tail|94\/100\n|\n|t:|1700002737\n|switch|p1a: Manaphy|Manaphy|100\/100|[from] U-turn\n|\n|-weather|RainDance|[upkeep]\n|-heal|p2a: Scream Tail|99\/100|[from] item: Leftovers\n|upkeep\n|turn|3\n|\n|t:|1700002744\n|move|p2a: Scream Tail|Encore||[still]\n|-fail|p2a: Scream Tail\n|move|p1a: Manaphy|Tail Glow|p1a: Manaphy\n|-boost|p1a: Manaphy|spa|3\n|\n|-weather|RainDance|[upkeep]\n|-heal|p2a: Scream Tail|100\/100|[from] item: Leftovers\n|upkeep\n|turn|4\n|\n|t:|1700002758\n|move|p2a: Scream Tail|Encore|p1a: Manaphy\n|-start|p1a: Manaphy|Encore\n|move|p1a: Manaphy|Tail Glow|p1a: Manaphy\n|-boost|p1a: Manaphy|spa|3\n|\n|-weather|RainDance|[upkeep]\n|upkeep\n|turn|5\n|\n|t:|1700002768\n|-end|p2a: Scream Tail|Protosynthesis|[silent]\n|switch|p2a: Clodsire|Clodsire, F|100\/100\n|move|p1a: Manaphy|Tail Glow|p1a: Manaphy\n|-boost|p1a: Manaphy|spa|0\n|\n|-weather|none\n|upkeep\n|turn|6\n|\n|t:|1700002780\n|switch|p1a: Rotom|Rotom-Wash|100\/100\n|move|p2a: Clodsire|Toxic|p1a: Rotom\n|-status|p1a: Rotom|tox\n|\n|-damage|p1a: Rotom|94\/100 tox|[from] psn\n|upkeep\n|turn|7\n|\n|t:|1700002793\n|move|p1a: Rotom|Rain Dance|p1a: Rotom\n|-weather|RainDance\n|move|p2a: Clodsire|Recover||[still]\n|-fail|p2a: Clodsire|heal\n|\n|-weather|RainDance|[upkeep]\n|-damage|p1a: Rotom|82\/100 tox|[from] psn\n|upkeep\n|turn|8\n|\n|t:|1700002805\n|move|p1a: Rotom|Toxic|p2a: Clodsire\n|-immune|p2a: Clodsire\n|move|p2a: Clodsire|Spikes|p1a: Rotom\n|-sidestart|p1: savagewolf98420|Spikes\n|\n|-weather|RainDance|[upkeep]\n|-damage|p1a: Rotom|63\/100 tox|[from] psn\n|upkeep\n|turn|9\n|-message|savagewolf98420 forfeited.\n|\n|win|KoiGameing\n|raw|savagewolf98420's rating: 1247 &rarr; <strong>1216<\/strong><br \/>(-31 for losing)\n|raw|KoiGameing's rating: 1160 &rarr; <strong>1191<\/strong><br \/>(+31 for winning)\n|l|\u2606savagewolf98420\n","uploadtime":1700002817,"views":10,"p1id":"savagewolf98420","p2id":"koigameing","formatid":"gen9nationaldex","rating":1191,"private":0,"password":""}