{"id":"gen9nationaldex-1998061436","p1":"yugontianyi","p2":"sighz 0-0","format":"[Gen 9] National Dex","log":"|html|<div class=\"broadcast-blue\"><strong>[Gen 9] National Dex is currently suspecting Sneasler! For information on how to participate check out the <a href=\"https:\/\/www.smogon.com\/forums\/threads\/sv-national-dex-suspect-8-just-dance.3731534\/\">suspect thread<\/a>.<\/strong><\/div>\n|j|\u2606yugontianyi\n|j|\u2606sighz 0-0\n|t:|1700885362\n|gametype|singles\n|player|p1|yugontianyi|giovanni|1163\n|player|p2|sighz 0-0|may-contest|1250\n|teamsize|p1|6\n|teamsize|p2|6\n|gen|9\n|tier|[Gen 9] National Dex\n|rated|\n|rule|HP Percentage Mod: HP is shown in percentages\n|rule|Endless Battle Clause: Forcing endless battles is banned\n|rule|OHKO Clause: OHKO moves are banned\n|rule|Evasion Clause: Evasion abilities, items, and moves are banned\n|rule|Evasion Abilities Clause: Evasion abilities are banned\n|rule|Evasion Items Clause: Evasion items are banned\n|rule|Evasion Moves Clause: Evasion moves are banned\n|rule|Species Clause: Limit one of each Pok\u00e9mon\n|rule|Sleep Clause Mod: Limit one foe put to sleep\n|clearpoke\n|poke|p1|Haxorus, M|\n|poke|p1|Exeggutor-Alola, M|\n|poke|p1|Regidrago|\n|poke|p1|Hydreigon, F|\n|poke|p1|Dragalge, M|\n|poke|p1|Noivern, F|\n|poke|p2|Blacephalon|\n|poke|p2|Snorlax, F|\n|poke|p2|Landorus-Therian, M|\n|poke|p2|Victini|\n|poke|p2|Bisharp, F|\n|poke|p2|Diancie|\n|teampreview\n|inactive|Battle timer is ON: inactive players will automatically lose when time's up. (requested by yugontianyi)\n|\n|t:|1700885368\n|start\n|switch|p1a: Regidrago|Regidrago|100\/100\n|switch|p2a: Diancie|Diancie|100\/100\n|turn|1\n|\n|t:|1700885373\n|detailschange|p2a: Diancie|Diancie-Mega\n|-mega|p2a: Diancie|Diancie|Diancite\n|-terastallize|p1a: Regidrago|Steel\n|move|p2a: Diancie|Moonblast|p1a: Regidrago\n|-resisted|p1a: Regidrago\n|-damage|p1a: Regidrago|67\/100\n|move|p1a: Regidrago|Dragon Dance|p1a: Regidrago\n|-boost|p1a: Regidrago|atk|1\n|-boost|p1a: Regidrago|spe|1\n|\n|upkeep\n|turn|2\n|\n|t:|1700885383\n|switch|p2a: Landorus|Landorus-Therian, M|100\/100\n|-ability|p2a: Landorus|Intimidate|boost\n|-unboost|p1a: Regidrago|atk|1\n|move|p1a: Regidrago|Dragon Dance|p1a: Regidrago\n|-boost|p1a: Regidrago|atk|1\n|-boost|p1a: Regidrago|spe|1\n|\n|upkeep\n|turn|3\n|\n|t:|1700885386\n|move|p1a: Regidrago|Outrage|p2a: Landorus\n|-damage|p2a: Landorus|0 fnt\n|faint|p2a: Landorus\n|\n|upkeep\n|\n|t:|1700885391\n|switch|p2a: Diancie|Diancie-Mega|100\/100\n|turn|4\n|\n|t:|1700885394\n|move|p1a: Regidrago|Outrage|p2a: Diancie|[from]lockedmove\n|-immune|p2a: Diancie\n|move|p2a: Diancie|Earth Power|p1a: Regidrago\n|-supereffective|p1a: Regidrago\n|-damage|p1a: Regidrago|0 fnt\n|faint|p1a: Regidrago\n|\n|upkeep\n|\n|t:|1700885398\n|switch|p1a: Exeggutor|Exeggutor-Alola, M|100\/100\n|turn|5\n|\n|t:|1700885403\n|switch|p2a: Snorlax|Snorlax, F, shiny|100\/100\n|move|p1a: Exeggutor|Trick Room|p1a: Exeggutor\n|-fieldstart|move: Trick Room|[of] p1a: Exeggutor\n|\n|upkeep\n|turn|6\n|\n|t:|1700885417\n|move|p2a: Snorlax|Curse|p2a: Snorlax\n|-unboost|p2a: Snorlax|spe|1\n|-boost|p2a: Snorlax|atk|1\n|-boost|p2a: Snorlax|def|1\n|move|p1a: Exeggutor|Sleep Powder|p2a: Snorlax|[miss]\n|-miss|p1a: Exeggutor|p2a: Snorlax\n|\n|upkeep\n|turn|7\n|\n|t:|1700885427\n|move|p2a: Snorlax|Body Slam|p1a: Exeggutor\n|-crit|p1a: Exeggutor\n|-damage|p1a: Exeggutor|36\/100\n|-status|p1a: Exeggutor|par\n|cant|p1a: Exeggutor|par\n|\n|upkeep\n|turn|8\n|\n|t:|1700885432\n|cant|p1a: Exeggutor|par\n|move|p2a: Snorlax|Body Slam|p1a: Exeggutor\n|-damage|p1a: Exeggutor|0 fnt\n|faint|p1a: Exeggutor\n|\n|upkeep\n|\n|t:|1700885444\n|switch|p1a: Dragalge|Dragalge, M|100\/100\n|turn|9\n|\n|t:|1700885453\n|move|p2a: Snorlax|Body Slam|p1a: Dragalge\n|-damage|p1a: Dragalge|35\/100\n|move|p1a: Dragalge|Draco Meteor|p2a: Snorlax\n|-damage|p2a: Snorlax|49\/100\n|-unboost|p1a: Dragalge|spa|2\n|\n|-fieldend|move: Trick Room\n|upkeep\n|turn|10\n|\n|t:|1700885459\n|switch|p1a: Hydreigon|Hydreigon, F|100\/100\n|move|p2a: Snorlax|Body Slam|p1a: Hydreigon\n|-damage|p1a: Hydreigon|46\/100\n|\n|upkeep\n|turn|11\n|\n|t:|1700885465\n|move|p1a: Hydreigon|Draco Meteor|p2a: Snorlax\n|-damage|p2a: Snorlax|20\/100\n|-unboost|p1a: Hydreigon|spa|2\n|move|p2a: Snorlax|Body Slam|p1a: Hydreigon\n|-damage|p1a: Hydreigon|0 fnt\n|faint|p1a: Hydreigon\n|\n|upkeep\n|\n|t:|1700885471\n|switch|p1a: Dragalge|Dragalge, M|35\/100\n|turn|12\n|-enditem|p2a: Snorlax|Custap Berry|[eat]\n|-activate|p2a: Snorlax|item: Custap Berry|[consumed]\n|\n|t:|1700885473\n|move|p2a: Snorlax|Body Slam|p1a: Dragalge\n|-damage|p1a: Dragalge|0 fnt\n|faint|p1a: Dragalge\n|\n|upkeep\n|\n|t:|1700885477\n|switch|p1a: Noivern|Noivern, F|100\/100\n|turn|13\n|\n|t:|1700885480\n|move|p1a: Noivern|Boomburst|p2a: Snorlax\n|-damage|p2a: Snorlax|0 fnt\n|faint|p2a: Snorlax\n|\n|upkeep\n|\n|t:|1700885488\n|switch|p2a: Diancie|Diancie-Mega|100\/100\n|turn|14\n|\n|t:|1700885492\n|switch|p1a: \u6c38\u4e0d\u8a00\u8d25|Haxorus, M|100\/100\n|-ability|p1a: \u6c38\u4e0d\u8a00\u8d25|Mold Breaker\n|move|p2a: Diancie|Moonblast|p1a: \u6c38\u4e0d\u8a00\u8d25\n|-supereffective|p1a: \u6c38\u4e0d\u8a00\u8d25\n|-damage|p1a: \u6c38\u4e0d\u8a00\u8d25|0 fnt\n|faint|p1a: \u6c38\u4e0d\u8a00\u8d25\n|\n|upkeep\n|\n|t:|1700885493\n|switch|p1a: Noivern|Noivern, F|100\/100\n|turn|15\n|\n|t:|1700885497\n|move|p1a: Noivern|Boomburst|p2a: Diancie\n|-resisted|p2a: Diancie\n|-damage|p2a: Diancie|59\/100\n|move|p2a: Diancie|Misty Explosion|p1a: Noivern\n|-supereffective|p1a: Noivern\n|-damage|p1a: Noivern|0 fnt\n|faint|p2a: Diancie\n|faint|p1a: Noivern\n|\n|win|sighz 0-0\n|raw|yugontianyi's rating: 1163 &rarr; <strong>1144<\/strong><br \/>(-19 for losing)\n|raw|sighz 0-0's rating: 1250 &rarr; <strong>1269<\/strong><br \/>(+19 for winning)\n|c|\u2606sighz 0-0|gg\n|l|\u2606yugontianyi\n","uploadtime":1700885505,"views":1,"p1id":"yugontianyi","p2id":"sighz00","formatid":"gen9nationaldex","rating":1144,"private":0,"password":""}