{"id":"gen9nationaldex-1999957086","p1":"eileenr","p2":"yeek (the goat)","format":"[Gen 9] National Dex","log":"|html|<div class=\"broadcast-blue\"><strong>[Gen 9] National Dex is currently suspecting Sneasler! For information on how to participate check out the <a href=\"https:\/\/www.smogon.com\/forums\/threads\/sv-national-dex-suspect-8-just-dance.3731534\/\">suspect thread<\/a>.<\/strong><\/div>\n|j|\u2606eileenr\n|j|\u203dyeek (the goat)\n|t:|1701134450\n|gametype|singles\n|player|p1|eileenr|maid|1120\n|player|p2|yeek (the goat)|lusamine-nihilego|1169\n|teamsize|p1|6\n|teamsize|p2|6\n|gen|9\n|tier|[Gen 9] National Dex\n|rated|\n|rule|HP Percentage Mod: HP is shown in percentages\n|rule|Endless Battle Clause: Forcing endless battles is banned\n|rule|OHKO Clause: OHKO moves are banned\n|rule|Evasion Clause: Evasion abilities, items, and moves are banned\n|rule|Evasion Abilities Clause: Evasion abilities are banned\n|rule|Evasion Items Clause: Evasion items are banned\n|rule|Evasion Moves Clause: Evasion moves are banned\n|rule|Species Clause: Limit one of each Pok\u00e9mon\n|rule|Sleep Clause Mod: Limit one foe put to sleep\n|clearpoke\n|poke|p1|Dhelmise|\n|poke|p1|Druddigon, M|\n|poke|p1|Stunfisk, F|\n|poke|p1|Crawdaunt, M|\n|poke|p1|Espeon, M|\n|poke|p1|Noivern, F|\n|poke|p2|Gliscor, F|\n|poke|p2|Alomomola, F|\n|poke|p2|Ting-Lu|\n|poke|p2|Cyclizar, M|\n|poke|p2|Clefable, F|\n|poke|p2|Toxapex, M|\n|teampreview\n|inactive|Battle timer is ON: inactive players will automatically lose when time's up. (requested by yeek (the goat))\n|inactive|eileenr also wants the timer to be on.\n|\n|t:|1701134458\n|start\n|switch|p1a: Druddigon|Druddigon, M|100\/100\n|switch|p2a: Gliscor|Gliscor, F|100\/100\n|turn|1\n|\n|t:|1701134468\n|switch|p1a: Espeon|Espeon, M|100\/100\n|move|p2a: Gliscor|Protect||[still]\n|-fail|p2a: Gliscor\n|\n|-status|p2a: Gliscor|tox|[from] item: Toxic Orb\n|upkeep\n|turn|2\n|inactive|yeek (the goat) has 120 seconds left.\n|j| AJF2565\n|inactive|yeek (the goat) has 90 seconds left.\n|\n|t:|1701134534\n|move|p1a: Espeon|Psychic|p2a: Gliscor\n|-damage|p2a: Gliscor|13\/100 tox\n|move|p2a: Gliscor|Earthquake|p1a: Espeon\n|-damage|p1a: Espeon|38\/100\n|\n|-heal|p2a: Gliscor|26\/100 tox|[from] ability: Poison Heal\n|upkeep\n|turn|3\n|\n|t:|1701134539\n|move|p2a: Gliscor|Protect|p2a: Gliscor\n|-singleturn|p2a: Gliscor|Protect\n|move|p1a: Espeon|Psychic|p2a: Gliscor\n|-activate|p2a: Gliscor|move: Protect\n|\n|-heal|p2a: Gliscor|38\/100 tox|[from] ability: Poison Heal\n|upkeep\n|turn|4\n|\n|t:|1701134547\n|switch|p2a: Ting-Lu|Ting-Lu|100\/100\n|-ability|p2a: Ting-Lu|Vessel of Ruin\n|move|p1a: Espeon|Psychic|p2a: Ting-Lu\n|-immune|p2a: Ting-Lu\n|\n|upkeep\n|turn|5\n|\n|t:|1701134550\n|switch|p1a: Druddigon|Druddigon, M|100\/100\n|move|p2a: Ting-Lu|Stealth Rock|p1a: Druddigon\n|-sidestart|p1: eileenr|move: Stealth Rock\n|\n|upkeep\n|turn|6\n|\n|t:|1701134556\n|switch|p2a: Gliscor|Gliscor, F|38\/100 tox\n|move|p1a: Druddigon|Stealth Rock|p2a: Gliscor\n|-sidestart|p2: yeek (the goat)|move: Stealth Rock\n|\n|-heal|p2a: Gliscor|50\/100 tox|[from] ability: Poison Heal\n|upkeep\n|turn|7\n|\n|t:|1701134563\n|move|p2a: Gliscor|Earthquake|p1a: Druddigon\n|-damage|p1a: Druddigon|68\/100\n|move|p1a: Druddigon|Dragon Tail|p2a: Gliscor\n|-damage|p2a: Gliscor|33\/100 tox\n|drag|p2a: Toxapex|Toxapex, M|100\/100\n|-damage|p2a: Toxapex|88\/100|[from] Stealth Rock\n|\n|-heal|p2a: Toxapex|94\/100|[from] item: Black Sludge\n|upkeep\n|turn|8\n|\n|t:|1701134572\n|move|p2a: Toxapex|Scald|p1a: Druddigon\n|-resisted|p1a: Druddigon\n|-damage|p1a: Druddigon|59\/100\n|move|p1a: Druddigon|Dragon Tail|p2a: Toxapex|[miss]\n|-miss|p1a: Druddigon|p2a: Toxapex\n|\n|-heal|p2a: Toxapex|99\/100|[from] item: Black Sludge\n|upkeep\n|turn|9\n|\n|t:|1701134577\n|move|p2a: Toxapex|Toxic Spikes|p1a: Druddigon\n|-sidestart|p1: eileenr|move: Toxic Spikes\n|move|p1a: Druddigon|Dragon Tail|p2a: Toxapex\n|-damage|p2a: Toxapex|83\/100\n|drag|p2a: Ting-Lu|Ting-Lu|100\/100\n|-damage|p2a: Ting-Lu|94\/100|[from] Stealth Rock\n|-ability|p2a: Ting-Lu|Vessel of Ruin\n|\n|-heal|p2a: Ting-Lu|100\/100|[from] item: Leftovers\n|upkeep\n|turn|10\n|\n|t:|1701134582\n|move|p2a: Ting-Lu|Earthquake|p1a: Druddigon\n|-damage|p1a: Druddigon|18\/100\n|move|p1a: Druddigon|Dragon Tail|p2a: Ting-Lu\n|-damage|p2a: Ting-Lu|84\/100\n|drag|p2a: Cyclizar|Cyclizar, M|100\/100\n|\n|upkeep\n|turn|11\n|\n|t:|1701134591\n|move|p2a: Cyclizar|Rapid Spin|p1a: Druddigon\n|-damage|p1a: Druddigon|1\/100\n|-boost|p2a: Cyclizar|spe|1\n|-damage|p2a: Cyclizar|84\/100|[from] item: Rocky Helmet|[of] p1a: Druddigon\n|-sideend|p2: yeek (the goat)|Stealth Rock|[from] move: Rapid Spin|[of] p2a: Cyclizar\n|move|p1a: Druddigon|Dragon Tail|p2a: Cyclizar\n|-supereffective|p2a: Cyclizar\n|-damage|p2a: Cyclizar|3\/100\n|drag|p2a: Gliscor|Gliscor, F|33\/100 tox\n|\n|-heal|p2a: Gliscor|45\/100 tox|[from] ability: Poison Heal\n|upkeep\n|turn|12\n|\n|t:|1701134602\n|move|p2a: Gliscor|Earthquake|p1a: Druddigon\n|-damage|p1a: Druddigon|0 fnt\n|faint|p1a: Druddigon\n|\n|-heal|p2a: Gliscor|58\/100 tox|[from] ability: Poison Heal\n|upkeep\n|\n|t:|1701134605\n|switch|p1a: Dhelmise|Dhelmise|100\/100\n|-damage|p1a: Dhelmise|88\/100|[from] Stealth Rock\n|-status|p1a: Dhelmise|psn\n|turn|13\n|\n|t:|1701134609\n|move|p2a: Gliscor|Protect|p2a: Gliscor\n|-singleturn|p2a: Gliscor|Protect\n|move|p1a: Dhelmise|Rapid Spin|p2a: Gliscor\n|-activate|p2a: Gliscor|move: Protect\n|\n|-heal|p2a: Gliscor|70\/100 tox|[from] ability: Poison Heal\n|-damage|p1a: Dhelmise|75\/100 psn|[from] psn\n|upkeep\n|turn|14\n|\n|t:|1701134615\n|switch|p2a: Cyclizar|Cyclizar, M|36\/100\n|move|p1a: Dhelmise|Rapid Spin|p2a: Cyclizar\n|-damage|p2a: Cyclizar|10\/100\n|-boost|p1a: Dhelmise|spe|1\n|-sideend|p1: eileenr|Toxic Spikes|[from] move: Rapid Spin|[of] p1a: Dhelmise\n|-sideend|p1: eileenr|Stealth Rock|[from] move: Rapid Spin|[of] p1a: Dhelmise\n|\n|-damage|p1a: Dhelmise|63\/100 psn|[from] psn\n|upkeep\n|turn|15\n|\n|t:|1701134639\n|switch|p1a: Stunfisk|Stunfisk, F|100\/100\n|move|p2a: Cyclizar|U-turn|p1a: Stunfisk\n|-damage|p1a: Stunfisk|88\/100\n|-enditem|p1a: Stunfisk|Kee Berry|[eat]\n|-boost|p1a: Stunfisk|def|1|[from] item: Kee Berry\n|\n|t:|1701134647\n|switch|p2a: Alomomola|Alomomola, F|100\/100|[from] U-turn\n|\n|upkeep\n|turn|16\n|\n|t:|1701134652\n|move|p2a: Alomomola|Wish|p2a: Alomomola\n|move|p1a: Stunfisk|Discharge|p2a: Alomomola\n|-supereffective|p2a: Alomomola\n|-damage|p2a: Alomomola|27\/100\n|\n|-heal|p2a: Alomomola|34\/100|[from] item: Leftovers\n|upkeep\n|turn|17\n|\n|t:|1701134658\n|move|p2a: Alomomola|Flip Turn|p1a: Stunfisk\n|-supereffective|p1a: Stunfisk\n|-crit|p1a: Stunfisk\n|-damage|p1a: Stunfisk|56\/100\n|\n|t:|1701134661\n|switch|p2a: Cyclizar|Cyclizar, M|44\/100|[from] Flip Turn\n|move|p1a: Stunfisk|Mud-Slap|p2a: Cyclizar\n|-crit|p2a: Cyclizar\n|-damage|p2a: Cyclizar|28\/100\n|-unboost|p2a: Cyclizar|accuracy|1\n|\n|-heal|p2a: Cyclizar|100\/100|[from] move: Wish|[wisher] Alomomola\n|upkeep\n|turn|18\n|\n|t:|1701134673\n|move|p2a: Cyclizar|U-turn|p1a: Stunfisk|[miss]\n|-miss|p2a: Cyclizar|p1a: Stunfisk\n|move|p1a: Stunfisk|Toxic|p2a: Cyclizar\n|-status|p2a: Cyclizar|tox\n|\n|-damage|p2a: Cyclizar|94\/100 tox|[from] psn\n|upkeep\n|turn|19\n|\n|t:|1701134678\n|move|p2a: Cyclizar|U-turn|p1a: Stunfisk\n|-damage|p1a: Stunfisk|48\/100\n|\n|t:|1701134681\n|switch|p2a: Clefable|Clefable, F|100\/100|[from] U-turn\n|move|p1a: Stunfisk|Mud-Slap|p2a: Clefable\n|-damage|p2a: Clefable|95\/100\n|-unboost|p2a: Clefable|accuracy|1\n|\n|-heal|p2a: Clefable|100\/100|[from] item: Leftovers\n|upkeep\n|turn|20\n|\n|t:|1701134686\n|move|p2a: Clefable|Toxic|p1a: Stunfisk\n|-status|p1a: Stunfisk|tox\n|move|p1a: Stunfisk|Mud-Slap|p2a: Clefable\n|-damage|p2a: Clefable|96\/100\n|-unboost|p2a: Clefable|accuracy|1\n|\n|-heal|p2a: Clefable|100\/100|[from] item: Leftovers\n|-damage|p1a: Stunfisk|42\/100 tox|[from] psn\n|upkeep\n|turn|21\n|\n|t:|1701134692\n|move|p2a: Clefable|Heal Bell|p2a: Clefable\n|-activate|p2a: Clefable|move: Heal Bell\n|-curestatus|p2: Cyclizar|tox|[msg]\n|-curestatus|p2: Gliscor|tox|[msg]\n|move|p1a: Stunfisk|Mud-Slap|p2a: Clefable\n|-damage|p2a: Clefable|95\/100\n|-unboost|p2a: Clefable|accuracy|1\n|\n|-heal|p2a: Clefable|100\/100|[from] item: Leftovers\n|-damage|p1a: Stunfisk|30\/100 tox|[from] psn\n|upkeep\n|turn|22\n|\n|t:|1701134695\n|switch|p2a: Gliscor|Gliscor, F|70\/100\n|move|p1a: Stunfisk|Mud-Slap|p2a: Gliscor\n|-immune|p2a: Gliscor\n|\n|-damage|p1a: Stunfisk|11\/100 tox|[from] psn\n|-status|p2a: Gliscor|tox|[from] item: Toxic Orb\n|upkeep\n|turn|23\n|\n|t:|1701134699\n|move|p2a: Gliscor|Toxic|p1a: Stunfisk\n|-fail|p1a: Stunfisk|tox\n|move|p1a: Stunfisk|Discharge|p2a: Gliscor\n|-immune|p2a: Gliscor\n|\n|-heal|p2a: Gliscor|82\/100 tox|[from] ability: Poison Heal\n|-damage|p1a: Stunfisk|0 fnt|[from] psn\n|faint|p1a: Stunfisk\n|upkeep\n|\n|t:|1701134703\n|switch|p1a: Espeon|Espeon, M|38\/100\n|turn|24\n|\n|t:|1701134706\n|move|p2a: Gliscor|Protect|p2a: Gliscor\n|-singleturn|p2a: Gliscor|Protect\n|move|p1a: Espeon|Dazzling Gleam|p2a: Gliscor\n|-activate|p2a: Gliscor|move: Protect\n|\n|-heal|p2a: Gliscor|95\/100 tox|[from] ability: Poison Heal\n|upkeep\n|turn|25\n|\n|t:|1701134711\n|switch|p1a: Dhelmise|Dhelmise|63\/100 psn\n|move|p2a: Gliscor|Earthquake|p1a: Dhelmise\n|-resisted|p1a: Dhelmise\n|-damage|p1a: Dhelmise|47\/100 psn\n|\n|-heal|p2a: Gliscor|100\/100 tox|[from] ability: Poison Heal\n|-damage|p1a: Dhelmise|35\/100 psn|[from] psn\n|upkeep\n|turn|26\n|\n|t:|1701134718\n|move|p2a: Gliscor|Protect|p2a: Gliscor\n|-singleturn|p2a: Gliscor|Protect\n|-zpower|p1a: Dhelmise\n|move|p1a: Dhelmise|Corkscrew Crash|p2a: Gliscor|[zeffect]\n|-zbroken|p2a: Gliscor\n|-damage|p2a: Gliscor|88\/100 tox\n|\n|-heal|p2a: Gliscor|99\/100 tox|[from] ability: Poison Heal\n|-damage|p1a: Dhelmise|22\/100 psn|[from] psn\n|upkeep\n|turn|27\n|\n|t:|1701134722\n|move|p2a: Gliscor|Earthquake|p1a: Dhelmise\n|-resisted|p1a: Dhelmise\n|-damage|p1a: Dhelmise|5\/100 psn\n|move|p1a: Dhelmise|Anchor Shot|p2a: Gliscor\n|-damage|p2a: Gliscor|74\/100 tox\n|-activate|p2a: Gliscor|trapped\n|\n|-heal|p2a: Gliscor|87\/100 tox|[from] ability: Poison Heal\n|-damage|p1a: Dhelmise|0 fnt|[from] psn\n|faint|p1a: Dhelmise\n|upkeep\n|\n|t:|1701134731\n|switch|p1a: Crawdaunt|Crawdaunt, M|100\/100\n|turn|28\n|\n|t:|1701134737\n|move|p2a: Gliscor|Protect|p2a: Gliscor\n|-singleturn|p2a: Gliscor|Protect\n|move|p1a: Crawdaunt|Swords Dance|p1a: Crawdaunt\n|-boost|p1a: Crawdaunt|atk|2\n|\n|-heal|p2a: Gliscor|99\/100 tox|[from] ability: Poison Heal\n|upkeep\n|turn|29\n|\n|t:|1701134742\n|switch|p2a: Cyclizar|Cyclizar, M|100\/100\n|move|p1a: Crawdaunt|Crabhammer|p2a: Cyclizar\n|-resisted|p2a: Cyclizar\n|-damage|p2a: Cyclizar|0 fnt\n|faint|p2a: Cyclizar\n|\n|upkeep\n|\n|t:|1701134745\n|switch|p2a: Clefable|Clefable, F|100\/100\n|turn|30\n|\n|t:|1701134753\n|move|p1a: Crawdaunt|Crabhammer|p2a: Clefable\n|-damage|p2a: Clefable|23\/100\n|move|p2a: Clefable|Moonblast|p1a: Crawdaunt\n|-supereffective|p1a: Crawdaunt\n|-enditem|p1a: Crawdaunt|Focus Sash\n|-damage|p1a: Crawdaunt|1\/100\n|\n|-heal|p2a: Clefable|29\/100|[from] item: Leftovers\n|upkeep\n|turn|31\n|c|\u2606eileenr|so annoying\n|\n|t:|1701134775\n|move|p1a: Crawdaunt|Crabhammer|p2a: Clefable\n|-crit|p2a: Clefable\n|-damage|p2a: Clefable|0 fnt\n|faint|p2a: Clefable\n|\n|upkeep\n|\n|t:|1701134778\n|switch|p2a: Gliscor|Gliscor, F|99\/100 tox\n|turn|32\n|\n|t:|1701134782\n|-terastallize|p2a: Gliscor|Water\n|move|p1a: Crawdaunt|Aqua Jet|p2a: Gliscor\n|-resisted|p2a: Gliscor\n|-damage|p2a: Gliscor|82\/100 tox\n|move|p2a: Gliscor|Earthquake|p1a: Crawdaunt\n|-damage|p1a: Crawdaunt|0 fnt\n|faint|p1a: Crawdaunt\n|\n|-heal|p2a: Gliscor|95\/100 tox|[from] ability: Poison Heal\n|upkeep\n|\n|t:|1701134789\n|switch|p1a: Espeon|Espeon, M|38\/100\n|turn|33\n|\n|t:|1701134795\n|move|p2a: Gliscor|Protect|p2a: Gliscor\n|-singleturn|p2a: Gliscor|Protect\n|move|p1a: Espeon|Dazzling Gleam|p2a: Gliscor\n|-activate|p2a: Gliscor|move: Protect\n|\n|-heal|p2a: Gliscor|100\/100 tox|[from] ability: Poison Heal\n|upkeep\n|turn|34\n|\n|t:|1701134797\n|move|p1a: Espeon|Dazzling Gleam|p2a: Gliscor\n|-damage|p2a: Gliscor|51\/100 tox\n|move|p2a: Gliscor|Earthquake|p1a: Espeon\n|-damage|p1a: Espeon|0 fnt\n|faint|p1a: Espeon\n|\n|-heal|p2a: Gliscor|64\/100 tox|[from] ability: Poison Heal\n|upkeep\n|\n|t:|1701134800\n|switch|p1a: Noivern|Noivern, F|100\/100\n|turn|35\n|\n|t:|1701134803\n|-terastallize|p1a: Noivern|Normal\n|move|p2a: Gliscor|Protect|p2a: Gliscor\n|-singleturn|p2a: Gliscor|Protect\n|move|p1a: Noivern|Boomburst|p2a: Gliscor\n|-activate|p2a: Gliscor|move: Protect\n|\n|-heal|p2a: Gliscor|76\/100 tox|[from] ability: Poison Heal\n|upkeep\n|turn|36\n|l| AJF2565\n|\n|t:|1701134810\n|switch|p2a: Alomomola|Alomomola, F|67\/100\n|move|p1a: Noivern|Boomburst|p2a: Alomomola\n|-damage|p2a: Alomomola|0 fnt\n|faint|p2a: Alomomola\n|\n|upkeep\n|\n|t:|1701134814\n|switch|p2a: Ting-Lu|Ting-Lu|84\/100\n|-ability|p2a: Ting-Lu|Vessel of Ruin\n|turn|37\n|\n|t:|1701134817\n|move|p1a: Noivern|Boomburst|p2a: Ting-Lu\n|-damage|p2a: Ting-Lu|41\/100\n|move|p2a: Ting-Lu|Ruination|p1a: Noivern\n|-damage|p1a: Noivern|51\/100\n|\n|-heal|p2a: Ting-Lu|47\/100|[from] item: Leftovers\n|upkeep\n|turn|38\n|\n|t:|1701134822\n|move|p1a: Noivern|Boomburst|p2a: Ting-Lu\n|-damage|p2a: Ting-Lu|6\/100\n|move|p2a: Ting-Lu|Ruination|p1a: Noivern\n|-damage|p1a: Noivern|26\/100\n|\n|-heal|p2a: Ting-Lu|12\/100|[from] item: Leftovers\n|upkeep\n|turn|39\n|\n|t:|1701134825\n|move|p1a: Noivern|Boomburst|p2a: Ting-Lu\n|-damage|p2a: Ting-Lu|0 fnt\n|faint|p2a: Ting-Lu\n|\n|upkeep\n|\n|t:|1701134827\n|switch|p2a: Toxapex|Toxapex, M|100\/100\n|turn|40\n|\n|t:|1701134829\n|move|p1a: Noivern|Boomburst|p2a: Toxapex\n|-damage|p2a: Toxapex|16\/100\n|move|p2a: Toxapex|Scald|p1a: Noivern\n|-damage|p1a: Noivern|3\/100\n|\n|-heal|p2a: Toxapex|22\/100|[from] item: Black Sludge\n|upkeep\n|turn|41\n|\n|t:|1701134843\n|move|p1a: Noivern|Boomburst|p2a: Toxapex\n|-damage|p2a: Toxapex|0 fnt\n|faint|p2a: Toxapex\n|\n|upkeep\n|\n|t:|1701134846\n|switch|p2a: Gliscor|Gliscor, F, tera:Water|76\/100 tox\n|turn|42\n|\n|t:|1701134851\n|move|p2a: Gliscor|Protect|p2a: Gliscor\n|-singleturn|p2a: Gliscor|Protect\n|move|p1a: Noivern|Boomburst|p2a: Gliscor\n|-activate|p2a: Gliscor|move: Protect\n|\n|-heal|p2a: Gliscor|89\/100 tox|[from] ability: Poison Heal\n|upkeep\n|turn|43\n|\n|t:|1701134855\n|move|p2a: Gliscor|Protect|p2a: Gliscor\n|-singleturn|p2a: Gliscor|Protect\n|move|p1a: Noivern|Boomburst|p2a: Gliscor\n|-activate|p2a: Gliscor|move: Protect\n|\n|-heal|p2a: Gliscor|100\/100 tox|[from] ability: Poison Heal\n|upkeep\n|turn|44\n|\n|t:|1701134858\n|move|p1a: Noivern|Boomburst|p2a: Gliscor\n|-damage|p2a: Gliscor|0 fnt\n|faint|p2a: Gliscor\n|\n|win|eileenr\n|raw|eileenr's rating: 1120 &rarr; <strong>1149<\/strong><br \/>(+29 for winning)\n|raw|yeek (the goat)'s rating: 1169 &rarr; <strong>1140<\/strong><br \/>(-29 for losing)\n|l|\u203dyeek (the goat)\n|c|\u2606eileenr|fk you\n|l|\u2606eileenr\n|j|\u2606eileenr\n|player|p1|eileenr|maid\n","uploadtime":1701134882,"views":2,"p1id":"eileenr","p2id":"yeekthegoat","formatid":"gen9nationaldex","rating":1140,"private":0,"password":""}