{"id":"gen9nationaldex-1998187550","p1":"Ay Cheu","p2":"The Np sweep","format":"[Gen 9] National Dex","log":"|html|<div class=\"broadcast-blue\"><strong>[Gen 9] National Dex is currently suspecting Sneasler! For information on how to participate check out the <a href=\"https:\/\/www.smogon.com\/forums\/threads\/sv-national-dex-suspect-8-just-dance.3731534\/\">suspect thread<\/a>.<\/strong><\/div>\n|j|\u2606Ay Cheu\n|j|\u203dThe Np sweep\n|t:|1700908962\n|gametype|singles\n|player|p1|Ay Cheu|officeworker|1650\n|player|p2|The Np sweep|hilbert|1915\n|teamsize|p1|6\n|teamsize|p2|6\n|gen|9\n|tier|[Gen 9] National Dex\n|rated|\n|rule|HP Percentage Mod: HP is shown in percentages\n|rule|Endless Battle Clause: Forcing endless battles is banned\n|rule|OHKO Clause: OHKO moves are banned\n|rule|Evasion Clause: Evasion abilities, items, and moves are banned\n|rule|Evasion Abilities Clause: Evasion abilities are banned\n|rule|Evasion Items Clause: Evasion items are banned\n|rule|Evasion Moves Clause: Evasion moves are banned\n|rule|Species Clause: Limit one of each Pok\u00e9mon\n|rule|Sleep Clause Mod: Limit one foe put to sleep\n|clearpoke\n|poke|p1|Arcanine-Hisui, M|\n|poke|p1|Snorlax, M|\n|poke|p1|Corviknight, M|\n|poke|p1|Clefable, F|\n|poke|p1|Greninja-*, M|\n|poke|p1|Nidoking, M|\n|poke|p2|Ferrothorn, M|\n|poke|p2|Tapu Lele|\n|poke|p2|Iron Valiant|\n|poke|p2|Aegislash, M|\n|poke|p2|Kyurem|\n|poke|p2|Great Tusk|\n|teampreview\n|inactive|Battle timer is ON: inactive players will automatically lose when time's up. (requested by Ay Cheu)\n|\n|t:|1700908981\n|start\n|switch|p1a: \u963f\u80a5|Snorlax, M|100\/100\n|switch|p2a: Kyurem|Kyurem, shiny|100\/100\n|-ability|p2a: Kyurem|Pressure\n|turn|1\n|\n|t:|1700908984\n|move|p2a: Kyurem|Draco Meteor|p1a: \u963f\u80a5|[miss]\n|-miss|p2a: Kyurem|p1a: \u963f\u80a5\n|move|p1a: \u963f\u80a5|Body Slam|p2a: Kyurem\n|-damage|p2a: Kyurem|73\/100\n|-status|p2a: Kyurem|par\n|\n|upkeep\n|turn|2\n|\n|t:|1700908991\n|switch|p1a: Clefable|Clefable, F|100\/100\n|cant|p2a: Kyurem|par\n|\n|upkeep\n|turn|3\n|\n|t:|1700909017\n|switch|p2a: Ferrothorn|Ferrothorn, M|100\/100\n|move|p1a: Clefable|Stealth Rock|p2a: Ferrothorn\n|-sidestart|p2: The Np sweep|move: Stealth Rock\n|\n|upkeep\n|turn|4\n|\n|t:|1700909023\n|switch|p1a: Nidoking|Nidoking, M|100\/100\n|move|p2a: Ferrothorn|Leech Seed|p1a: Nidoking|[miss]\n|-miss|p2a: Ferrothorn|p1a: Nidoking\n|\n|upkeep\n|turn|5\n|inactive|The Np sweep has 120 seconds left.\n|j| Bagpipie\n|\n|t:|1700909059\n|-terastallize|p2a: Ferrothorn|Water\n|move|p1a: Nidoking|Taunt|p2a: Ferrothorn\n|-start|p2a: Ferrothorn|move: Taunt\n|cant|p2a: Ferrothorn|move: Taunt|Leech Seed\n|\n|upkeep\n|turn|6\n|\n|t:|1700909065\n|move|p1a: Nidoking|Thunderbolt|p2a: Ferrothorn\n|-supereffective|p2a: Ferrothorn\n|-damage|p2a: Ferrothorn|47\/100\n|move|p2a: Ferrothorn|Gyro Ball|p1a: Nidoking\n|-damage|p1a: Nidoking|26\/100\n|\n|-heal|p2a: Ferrothorn|53\/100|[from] item: Leftovers\n|upkeep\n|turn|7\n|inactive|The Np sweep has 120 seconds left.\n|\n|t:|1700909079\n|switch|p2a: Tapu Lele|Tapu Lele, shiny|100\/100\n|-damage|p2a: Tapu Lele|88\/100|[from] Stealth Rock\n|-fieldstart|move: Psychic Terrain|[from] ability: Psychic Surge|[of] p2a: Tapu Lele\n|move|p1a: Nidoking|Earth Power|p2a: Tapu Lele\n|-damage|p2a: Tapu Lele|24\/100\n|\n|upkeep\n|turn|8\n|j| Poke_Gamer_Devil\n|\n|t:|1700909090\n|switch|p2a: Great Tusk|Great Tusk|100\/100\n|-damage|p2a: Great Tusk|98\/100|[from] Stealth Rock\n|move|p1a: Nidoking|Earth Power|p2a: Great Tusk\n|-damage|p2a: Great Tusk|19\/100\n|\n|-heal|p2a: Great Tusk|26\/100|[from] item: Leftovers\n|upkeep\n|turn|9\n|l| Bagpipie\n|\n|t:|1700909098\n|-end|p2a: Great Tusk|Protosynthesis|[silent]\n|switch|p2a: Kyurem|Kyurem, shiny|73\/100 par\n|-damage|p2a: Kyurem|48\/100 par|[from] Stealth Rock\n|-ability|p2a: Kyurem|Pressure\n|move|p1a: Nidoking|Earth Power|p2a: Kyurem\n|-damage|p2a: Kyurem|0 fnt\n|faint|p2a: Kyurem\n|\n|upkeep\n|\n|t:|1700909100\n|switch|p2a: Iron Valiant|Iron Valiant|100\/100\n|-damage|p2a: Iron Valiant|94\/100|[from] Stealth Rock\n|turn|10\n|j| Bagpipie\n|\n|t:|1700909106\n|move|p2a: Iron Valiant|Close Combat|p1a: Nidoking\n|-resisted|p1a: Nidoking\n|-damage|p1a: Nidoking|0 fnt\n|-unboost|p2a: Iron Valiant|def|1\n|-unboost|p2a: Iron Valiant|spd|1\n|faint|p1a: Nidoking\n|-damage|p2a: Iron Valiant|85\/100|[from] item: Life Orb\n|\n|upkeep\n|\n|t:|1700909114\n|switch|p1a: Greninja|Greninja, M|100\/100\n|turn|11\n|\n|t:|1700909122\n|-end|p2a: Iron Valiant|Quark Drive|[silent]\n|switch|p2a: Ferrothorn|Ferrothorn, M, tera:Water|53\/100\n|-damage|p2a: Ferrothorn|40\/100|[from] Stealth Rock\n|move|p1a: Greninja|Surf|p2a: Ferrothorn\n|-start|p1a: Greninja|typechange|Water|[from] ability: Protean\n|-resisted|p2a: Ferrothorn\n|-damage|p2a: Ferrothorn|27\/100\n|\n|-heal|p2a: Ferrothorn|33\/100|[from] item: Leftovers\n|-fieldend|move: Psychic Terrain\n|upkeep\n|turn|12\n|\n|t:|1700909126\n|switch|p1a: Clefable|Clefable, F|100\/100\n|move|p2a: Ferrothorn|Protect||[still]\n|-fail|p2a: Ferrothorn\n|\n|-heal|p2a: Ferrothorn|39\/100|[from] item: Leftovers\n|upkeep\n|turn|13\n|\n|t:|1700909129\n|switch|p2a: Great Tusk|Great Tusk|26\/100\n|-damage|p2a: Great Tusk|23\/100|[from] Stealth Rock\n|move|p1a: Clefable|Toxic|p2a: Great Tusk\n|-status|p2a: Great Tusk|tox\n|\n|-heal|p2a: Great Tusk|29\/100 tox|[from] item: Leftovers\n|-damage|p2a: Great Tusk|23\/100 tox|[from] psn\n|upkeep\n|turn|14\n|\n|t:|1700909135\n|move|p2a: Great Tusk|Rapid Spin|p1a: Clefable\n|-damage|p1a: Clefable|89\/100\n|-boost|p2a: Great Tusk|spe|1\n|-damage|p2a: Great Tusk|6\/100 tox|[from] item: Rocky Helmet|[of] p1a: Clefable\n|-sideend|p2: The Np sweep|Stealth Rock|[from] move: Rapid Spin|[of] p2a: Great Tusk\n|move|p1a: Clefable|Stealth Rock|p2a: Great Tusk\n|-sidestart|p2: The Np sweep|move: Stealth Rock\n|\n|-heal|p2a: Great Tusk|12\/100 tox|[from] item: Leftovers\n|-damage|p2a: Great Tusk|0 fnt|[from] psn\n|faint|p2a: Great Tusk\n|-end|p2a: Great Tusk|Protosynthesis|[silent]\n|upkeep\n|\n|t:|1700909139\n|switch|p2a: Aegislash|Aegislash, M, shiny|100\/100\n|-damage|p2a: Aegislash|95\/100|[from] Stealth Rock\n|turn|15\n|\n|t:|1700909142\n|switch|p1a: \u963f\u80a5|Snorlax, M|100\/100\n|-formechange|p2a: Aegislash|Aegislash-Blade||[from] ability: Stance Change\n|move|p2a: Aegislash|Shadow Ball|p1a: \u963f\u80a5\n|-immune|p1a: \u963f\u80a5\n|\n|upkeep\n|turn|16\n|\n|t:|1700909149\n|switch|p1a: Corviknight|Corviknight, M, shiny|100\/100\n|-ability|p1a: Corviknight|Pressure\n|move|p2a: Aegislash|Close Combat|p1a: Corviknight\n|-damage|p1a: Corviknight|69\/100\n|-unboost|p2a: Aegislash|def|1\n|-unboost|p2a: Aegislash|spd|1\n|\n|-heal|p1a: Corviknight|75\/100|[from] item: Leftovers\n|upkeep\n|turn|17\n|\n|t:|1700909156\n|move|p1a: Corviknight|Bulk Up|p1a: Corviknight\n|-boost|p1a: Corviknight|atk|1\n|-boost|p1a: Corviknight|def|1\n|-zpower|p2a: Aegislash\n|move|p2a: Aegislash|Never-Ending Nightmare|p1a: Corviknight|[zeffect]\n|-damage|p1a: Corviknight|12\/100\n|\n|-heal|p1a: Corviknight|18\/100|[from] item: Leftovers\n|upkeep\n|turn|18\n|\n|t:|1700909164\n|move|p1a: Corviknight|Roost|p1a: Corviknight\n|-heal|p1a: Corviknight|68\/100\n|-singleturn|p1a: Corviknight|move: Roost\n|move|p2a: Aegislash|Shadow Ball|p1a: Corviknight\n|-damage|p1a: Corviknight|33\/100\n|-unboost|p1a: Corviknight|spd|1\n|\n|-heal|p1a: Corviknight|39\/100|[from] item: Leftovers\n|upkeep\n|turn|19\n|\n|t:|1700909173\n|move|p1a: Corviknight|Power Trip|p2a: Aegislash\n|-supereffective|p2a: Aegislash\n|-damage|p2a: Aegislash|0 fnt\n|faint|p2a: Aegislash\n|\n|-heal|p1a: Corviknight|45\/100|[from] item: Leftovers\n|upkeep\n|\n|t:|1700909179\n|switch|p2a: Iron Valiant|Iron Valiant|85\/100\n|-damage|p2a: Iron Valiant|78\/100|[from] Stealth Rock\n|turn|20\n|\n|t:|1700909183\n|switch|p1a: Clefable|Clefable, F|89\/100\n|move|p2a: Iron Valiant|Moonblast|p1a: Clefable\n|-damage|p1a: Clefable|37\/100\n|-unboost|p1a: Clefable|spa|1\n|-damage|p2a: Iron Valiant|69\/100|[from] item: Life Orb\n|\n|upkeep\n|turn|21\n|\n|t:|1700909190\n|move|p2a: Iron Valiant|Moonblast|p1a: Clefable\n|-damage|p1a: Clefable|0 fnt\n|faint|p1a: Clefable\n|-damage|p2a: Iron Valiant|59\/100|[from] item: Life Orb\n|\n|upkeep\n|\n|t:|1700909193\n|switch|p1a: Greninja|Greninja, M|100\/100\n|turn|22\n|\n|t:|1700909196\n|-end|p2a: Iron Valiant|Quark Drive|[silent]\n|switch|p2a: Ferrothorn|Ferrothorn, M, tera:Water|39\/100\n|-damage|p2a: Ferrothorn|27\/100|[from] Stealth Rock\n|move|p1a: Greninja|Grass Knot|p2a: Ferrothorn\n|-start|p1a: Greninja|typechange|Grass|[from] ability: Protean\n|-supereffective|p2a: Ferrothorn\n|-damage|p2a: Ferrothorn|0 fnt\n|-damage|p1a: Greninja|88\/100|[from] ability: Iron Barbs|[of] p2a: Ferrothorn\n|faint|p2a: Ferrothorn\n|\n|upkeep\n|\n|t:|1700909199\n|switch|p2a: Tapu Lele|Tapu Lele, shiny|24\/100\n|-damage|p2a: Tapu Lele|12\/100|[from] Stealth Rock\n|-fieldstart|move: Psychic Terrain|[from] ability: Psychic Surge|[of] p2a: Tapu Lele\n|turn|23\n|\n|t:|1700909205\n|move|p1a: Greninja|Grass Knot|p2a: Tapu Lele\n|-damage|p2a: Tapu Lele|0 fnt\n|faint|p2a: Tapu Lele\n|\n|upkeep\n|\n|t:|1700909207\n|switch|p2a: Iron Valiant|Iron Valiant|59\/100\n|-damage|p2a: Iron Valiant|53\/100|[from] Stealth Rock\n|turn|24\n|\n|t:|1700909209\n|move|p1a: Greninja|Grass Knot|p2a: Iron Valiant\n|-damage|p2a: Iron Valiant|0 fnt\n|faint|p2a: Iron Valiant\n|-end|p2a: Iron Valiant|Quark Drive|[silent]\n|\n|win|Ay Cheu\n|raw|Ay Cheu's rating: 1650 &rarr; <strong>1683<\/strong><br \/>(+33 for winning)\n|raw|The Np sweep's rating: 1925 &rarr; <strong>1892<\/strong><br \/>(-33 for losing)\n|l|\u203dThe Np sweep\n","uploadtime":1700909215,"views":3,"p1id":"aycheu","p2id":"thenpsweep","formatid":"gen9nationaldex","rating":1683,"private":0,"password":""}