{"id":"gen9nationaldex-1994137253","p1":"ghostkinggengar","p2":"SatoshiDio","format":"[Gen 9] National Dex","log":"|j|\u2606ghostkinggengar\n|j|\u2606SatoshiDio\n|t:|1700411265\n|gametype|singles\n|player|p1|ghostkinggengar|swimmerf|1545\n|player|p2|SatoshiDio|169|1473\n|teamsize|p1|6\n|teamsize|p2|6\n|gen|9\n|tier|[Gen 9] National Dex\n|rated|\n|rule|HP Percentage Mod: HP is shown in percentages\n|rule|Endless Battle Clause: Forcing endless battles is banned\n|rule|OHKO Clause: OHKO moves are banned\n|rule|Evasion Clause: Evasion abilities, items, and moves are banned\n|rule|Evasion Abilities Clause: Evasion abilities are banned\n|rule|Evasion Items Clause: Evasion items are banned\n|rule|Evasion Moves Clause: Evasion moves are banned\n|rule|Species Clause: Limit one of each Pok\u00e9mon\n|rule|Sleep Clause Mod: Limit one foe put to sleep\n|clearpoke\n|poke|p1|Slowbro, M|\n|poke|p1|Ursaluna, M|\n|poke|p1|Blacephalon|\n|poke|p1|Gliscor, M|\n|poke|p1|Garchomp, F|\n|poke|p1|Gyarados, M|\n|poke|p2|Charizard, M|\n|poke|p2|Cinderace, M|\n|poke|p2|Great Tusk|\n|poke|p2|Quaquaval, M|\n|poke|p2|Espeon, F|\n|poke|p2|Whimsicott, F|\n|teampreview\n|inactive|Battle timer is ON: inactive players will automatically lose when time's up. (requested by ghostkinggengar)\n|\n|t:|1700411281\n|start\n|switch|p1a: Garchomp|Garchomp, F|100\/100\n|switch|p2a: Espeon|Espeon, F|100\/100\n|turn|1\n|\n|t:|1700411292\n|move|p2a: Espeon|Trick||[still]\n|-fail|p2a: Espeon\n|move|p1a: Garchomp|Earthquake|p2a: Espeon\n|-damage|p2a: Espeon|5\/100\n|\n|upkeep\n|turn|2\n|\n|t:|1700411300\n|move|p2a: Espeon|Trick||[still]\n|-fail|p2a: Espeon\n|move|p1a: Garchomp|Swords Dance|p1a: Garchomp\n|-boost|p1a: Garchomp|atk|2\n|\n|upkeep\n|turn|3\n|\n|t:|1700411307\n|move|p2a: Espeon|Trick||[still]\n|-fail|p2a: Espeon\n|move|p1a: Garchomp|Earthquake|p2a: Espeon\n|-damage|p2a: Espeon|0 fnt\n|faint|p2a: Espeon\n|\n|upkeep\n|\n|t:|1700411312\n|switch|p2a: Whimsicott|Whimsicott, F|100\/100\n|turn|4\n|\n|t:|1700411328\n|switch|p1a: Blacephalon|Blacephalon|100\/100\n|move|p2a: Whimsicott|Moonblast|p1a: Blacephalon\n|-resisted|p1a: Blacephalon\n|-damage|p1a: Blacephalon|69\/100\n|-unboost|p1a: Blacephalon|spa|1\n|\n|upkeep\n|turn|5\n|\n|t:|1700411338\n|move|p2a: Whimsicott|Stun Spore|p1a: Blacephalon\n|-status|p1a: Blacephalon|par\n|move|p1a: Blacephalon|Trick|p2a: Whimsicott\n|-activate|p1a: Blacephalon|move: Trick|[of] p2a: Whimsicott\n|-item|p2a: Whimsicott|Choice Scarf|[from] move: Trick\n|-item|p1a: Blacephalon|Focus Sash|[from] move: Trick\n|\n|upkeep\n|turn|6\n|\n|t:|1700411355\n|switch|p2a: Aceburn|Cinderace, M|100\/100\n|move|p1a: Blacephalon|Flamethrower|p2a: Aceburn\n|-resisted|p2a: Aceburn\n|-damage|p2a: Aceburn|77\/100\n|\n|upkeep\n|turn|7\n|\n|t:|1700411364\n|switch|p1a: Slowbro|Slowbro, M|100\/100\n|-zpower|p2a: Aceburn\n|move|p2a: Aceburn|Inferno Overdrive|p1a: Slowbro|[zeffect]\n|-resisted|p1a: Slowbro\n|-damage|p1a: Slowbro|75\/100\n|\n|upkeep\n|turn|8\n|\n|t:|1700411375\n|switch|p2a: Whimsicott|Whimsicott, F|100\/100\n|move|p1a: Slowbro|Trick Room|p1a: Slowbro\n|-fieldstart|move: Trick Room|[of] p1a: Slowbro\n|\n|upkeep\n|turn|9\n|\n|t:|1700411400\n|switch|p1a: Blacephalon|Blacephalon|69\/100 par\n|move|p2a: Whimsicott|Encore||[still]\n|-fail|p2a: Whimsicott\n|\n|upkeep\n|turn|10\n|\n|t:|1700411410\n|move|p2a: Whimsicott|Encore||[still]\n|-fail|p2a: Whimsicott\n|cant|p1a: Blacephalon|par\n|\n|upkeep\n|turn|11\n|\n|t:|1700411419\n|switch|p2a: Aceburn|Cinderace, M|77\/100\n|move|p1a: Blacephalon|Shadow Ball|p2a: Aceburn\n|-damage|p2a: Aceburn|6\/100\n|-unboost|p2a: Aceburn|spd|1\n|\n|upkeep\n|turn|12\n|\n|t:|1700411426\n|move|p2a: Aceburn|Sucker Punch|p1a: Blacephalon\n|-start|p2a: Aceburn|typechange|Dark|[from] ability: Libero\n|-supereffective|p1a: Blacephalon\n|-damage|p1a: Blacephalon|0 fnt\n|faint|p1a: Blacephalon\n|\n|-fieldend|move: Trick Room\n|upkeep\n|\n|t:|1700411434\n|switch|p1a: Slowbro|Slowbro, M|100\/100\n|turn|13\n|\n|t:|1700411438\n|move|p2a: Aceburn|Pyro Ball|p1a: Slowbro\n|-resisted|p1a: Slowbro\n|-damage|p1a: Slowbro|88\/100\n|move|p1a: Slowbro|Trick Room|p1a: Slowbro\n|-fieldstart|move: Trick Room|[of] p1a: Slowbro\n|\n|upkeep\n|turn|14\n|\n|t:|1700411447\n|move|p1a: Slowbro|Scald|p2a: Aceburn\n|-damage|p2a: Aceburn|0 fnt\n|faint|p2a: Aceburn\n|\n|upkeep\n|\n|t:|1700411459\n|switch|p2a: Whimsicott|Whimsicott, F|100\/100\n|turn|15\n|\n|t:|1700411468\n|move|p2a: Whimsicott|Moonblast|p1a: Slowbro\n|-damage|p1a: Slowbro|46\/100\n|move|p1a: Slowbro|Teleport|p1a: Slowbro\n|\n|t:|1700411473\n|switch|p1a: Ursaluna|Ursaluna, M|100\/100|[from] Teleport\n|\n|-status|p1a: Ursaluna|brn|[from] item: Flame Orb\n|upkeep\n|turn|16\n|\n|t:|1700411479\n|-terastallize|p1a: Ursaluna|Normal\n|move|p1a: Ursaluna|Facade|p2a: Whimsicott\n|-crit|p2a: Whimsicott\n|-damage|p2a: Whimsicott|0 fnt\n|faint|p2a: Whimsicott\n|\n|-damage|p1a: Ursaluna|94\/100 brn|[from] brn\n|upkeep\n|\n|t:|1700411490\n|switch|p2a: Quaquaval|Quaquaval, M|100\/100\n|turn|17\n|\n|t:|1700411494\n|-terastallize|p2a: Quaquaval|Steel\n|move|p1a: Ursaluna|Facade|p2a: Quaquaval\n|-resisted|p2a: Quaquaval\n|-damage|p2a: Quaquaval|0 fnt\n|faint|p2a: Quaquaval\n|\n|-damage|p1a: Ursaluna|88\/100 brn|[from] brn\n|-fieldend|move: Trick Room\n|upkeep\n|\n|t:|1700411501\n|switch|p2a: Charizard|Charizard, M|100\/100\n|turn|18\n|\n|t:|1700411513\n|detailschange|p2a: Charizard|Charizard-Mega-X, M\n|-mega|p2a: Charizard|Charizard|Charizardite X\n|move|p2a: Charizard|Dragon Dance|p2a: Charizard\n|-boost|p2a: Charizard|atk|1\n|-boost|p2a: Charizard|spe|1\n|move|p1a: Ursaluna|Facade|p2a: Charizard\n|-damage|p2a: Charizard|0 fnt\n|faint|p2a: Charizard\n|\n|-damage|p1a: Ursaluna|82\/100 brn|[from] brn\n|upkeep\n|-message|SatoshiDio forfeited.\n|\n|win|ghostkinggengar\n|raw|ghostkinggengar's rating: 1545 &rarr; <strong>1561<\/strong><br \/>(+16 for winning)\n|raw|SatoshiDio's rating: 1473 &rarr; <strong>1457<\/strong><br \/>(-16 for losing)\n|l|\u2606SatoshiDio\n","uploadtime":1700411525,"views":5,"p1id":"ghostkinggengar","p2id":"satoshidio","formatid":"gen9nationaldex","rating":1457,"private":0,"password":""}