{"id":"gen9nationaldex-1993875682","p1":"beoneko111","p2":"DDDPalkiaOrigin\u5c31\u4e94\u53ea","format":"[Gen 9] National Dex","log":"|j|\u2606beoneko111\n|j|\u2606DDDPalkiaOrigin\u5c31\u4e94\u53ea\n|t:|1700368627\n|gametype|singles\n|player|p1|beoneko111|pilot|1388\n|player|p2|DDDPalkiaOrigin\u5c31\u4e94\u53ea|furisodegirl-black|1385\n|teamsize|p1|6\n|teamsize|p2|5\n|gen|9\n|tier|[Gen 9] National Dex\n|rated|\n|rule|HP Percentage Mod: HP is shown in percentages\n|rule|Endless Battle Clause: Forcing endless battles is banned\n|rule|OHKO Clause: OHKO moves are banned\n|rule|Evasion Clause: Evasion abilities, items, and moves are banned\n|rule|Evasion Abilities Clause: Evasion abilities are banned\n|rule|Evasion Items Clause: Evasion items are banned\n|rule|Evasion Moves Clause: Evasion moves are banned\n|rule|Species Clause: Limit one of each Pok\u00e9mon\n|rule|Sleep Clause Mod: Limit one foe put to sleep\n|clearpoke\n|poke|p1|Urshifu-*, F|\n|poke|p1|Great Tusk|\n|poke|p1|Hippowdon, F|\n|poke|p1|Landorus-Therian, M|\n|poke|p1|Iron Valiant|\n|poke|p1|Heatran, F|\n|poke|p2|Rillaboom, F|\n|poke|p2|Scizor, F|\n|poke|p2|Tapu Lele|\n|poke|p2|Urshifu-*, F|\n|poke|p2|Samurott-Hisui, F|\n|teampreview\n|inactive|Battle timer is ON: inactive players will automatically lose when time's up. (requested by beoneko111)\n|\n|t:|1700368640\n|start\n|switch|p1a: Landorus|Landorus-Therian, M|100\/100\n|switch|p2a: Tapu Bulu-Mega|Rillaboom, F|100\/100\n|-ability|p1a: Landorus|Intimidate|boost\n|-unboost|p2a: Tapu Bulu-Mega|atk|1\n|-fieldstart|move: Grassy Terrain|[from] ability: Grassy Surge|[of] p2a: Tapu Bulu-Mega\n|turn|1\n|\n|t:|1700368645\n|switch|p2a: \u8106\u7684\u4e00\u6279|Scizor, F|100\/100\n|move|p1a: Landorus|Sludge Wave|p2a: \u8106\u7684\u4e00\u6279\n|-immune|p2a: \u8106\u7684\u4e00\u6279\n|\n|upkeep\n|turn|2\n|\n|t:|1700368650\n|switch|p1a: Hippowdon|Hippowdon, F|100\/100\n|-weather|Sandstorm|[from] ability: Sand Stream|[of] p1a: Hippowdon\n|detailschange|p2a: \u8106\u7684\u4e00\u6279|Scizor-Mega, F\n|-mega|p2a: \u8106\u7684\u4e00\u6279|Scizor|Scizorite\n|move|p2a: \u8106\u7684\u4e00\u6279|U-turn|p1a: Hippowdon\n|-damage|p1a: Hippowdon|74\/100\n|\n|t:|1700368657\n|switch|p2a: Tapu Bulu-Mega|Rillaboom, F|100\/100|[from] U-turn\n|\n|-weather|Sandstorm|[upkeep]\n|-damage|p2a: Tapu Bulu-Mega|94\/100|[from] Sandstorm\n|-heal|p2a: Tapu Bulu-Mega|100\/100|[from] Grassy Terrain\n|-heal|p1a: Hippowdon|80\/100|[from] Grassy Terrain\n|upkeep\n|turn|3\n|\n|t:|1700368664\n|switch|p1a: Landorus|Landorus-Therian, M|100\/100\n|-ability|p1a: Landorus|Intimidate|boost\n|-unboost|p2a: Tapu Bulu-Mega|atk|1\n|move|p2a: Tapu Bulu-Mega|Drain Punch|p1a: Landorus\n|-resisted|p1a: Landorus\n|-damage|p1a: Landorus|86\/100\n|-damage|p2a: Tapu Bulu-Mega|91\/100|[from] item: Life Orb\n|\n|-weather|Sandstorm|[upkeep]\n|-damage|p2a: Tapu Bulu-Mega|84\/100|[from] Sandstorm\n|-heal|p2a: Tapu Bulu-Mega|91\/100|[from] Grassy Terrain\n|upkeep\n|turn|4\n|\n|t:|1700368681\n|switch|p2a: \u8106\u7684\u4e00\u6279|Scizor-Mega, F|100\/100\n|move|p1a: Landorus|Sludge Wave|p2a: \u8106\u7684\u4e00\u6279\n|-immune|p2a: \u8106\u7684\u4e00\u6279\n|\n|-weather|Sandstorm|[upkeep]\n|upkeep\n|turn|5\n|\n|t:|1700368688\n|switch|p1a: Heatran|Heatran, F|100\/100\n|move|p2a: \u8106\u7684\u4e00\u6279|U-turn|p1a: Heatran\n|-resisted|p1a: Heatran\n|-damage|p1a: Heatran|94\/100\n|\n|t:|1700368692\n|switch|p2a: Samurott|Samurott-Hisui, F|100\/100|[from] U-turn\n|\n|-weather|Sandstorm|[upkeep]\n|-damage|p2a: Samurott|94\/100|[from] Sandstorm\n|-heal|p2a: Samurott|100\/100|[from] Grassy Terrain\n|-heal|p1a: Heatran|99\/100|[from] Grassy Terrain\n|-heal|p1a: Heatran|100\/100|[from] item: Leftovers\n|-fieldend|move: Grassy Terrain\n|upkeep\n|turn|6\n|\n|t:|1700368699\n|-terastallize|p1a: Heatran|Grass\n|move|p2a: Samurott|Ceaseless Edge|p1a: Heatran\n|-damage|p1a: Heatran|56\/100\n|-sidestart|p1: beoneko111|Spikes\n|move|p1a: Heatran|Tera Blast|p2a: Samurott|[anim] Tera Blast Grass\n|-supereffective|p2a: Samurott\n|-damage|p2a: Samurott|33\/100\n|\n|-weather|none\n|-heal|p1a: Heatran|62\/100|[from] item: Leftovers\n|upkeep\n|turn|7\n|\n|t:|1700368715\n|switch|p1a: Landorus|Landorus-Therian, M|86\/100\n|-ability|p1a: Landorus|Intimidate|boost\n|-unboost|p2a: Samurott|atk|1\n|move|p2a: Samurott|Ceaseless Edge|p1a: Landorus\n|-damage|p1a: Landorus|44\/100\n|-sidestart|p1: beoneko111|Spikes\n|\n|upkeep\n|turn|8\n|\n|t:|1700368729\n|move|p1a: Landorus|Earth Power|p2a: Samurott\n|-damage|p2a: Samurott|0 fnt\n|faint|p2a: Samurott\n|\n|upkeep\n|\n|t:|1700368738\n|switch|p2a: Urshifu|Urshifu-Rapid-Strike, F|100\/100\n|turn|9\n|\n|t:|1700368747\n|switch|p1a: Hippowdon|Hippowdon, F|80\/100\n|-damage|p1a: Hippowdon|64\/100|[from] Spikes\n|-weather|Sandstorm|[from] ability: Sand Stream|[of] p1a: Hippowdon\n|move|p2a: Urshifu|Surging Strikes|p1a: Hippowdon\n|-supereffective|p1a: Hippowdon\n|-crit|p1a: Hippowdon\n|-damage|p1a: Hippowdon|37\/100\n|-supereffective|p1a: Hippowdon\n|-crit|p1a: Hippowdon\n|-damage|p1a: Hippowdon|12\/100\n|-enditem|p1a: Hippowdon|Iapapa Berry|[eat]\n|-heal|p1a: Hippowdon|45\/100|[from] item: Iapapa Berry\n|-supereffective|p1a: Hippowdon\n|-crit|p1a: Hippowdon\n|-damage|p1a: Hippowdon|18\/100\n|-hitcount|p1a: Hippowdon|3\n|\n|-weather|Sandstorm|[upkeep]\n|-damage|p2a: Urshifu|94\/100|[from] Sandstorm\n|upkeep\n|turn|10\n|\n|t:|1700368757\n|-terastallize|p2a: Urshifu|Water\n|move|p2a: Urshifu|Surging Strikes|p1a: Hippowdon\n|-supereffective|p1a: Hippowdon\n|-crit|p1a: Hippowdon\n|-damage|p1a: Hippowdon|0 fnt\n|faint|p1a: Hippowdon\n|-hitcount|p1: Hippowdon|1\n|\n|-weather|Sandstorm|[upkeep]\n|-damage|p2a: Urshifu|88\/100|[from] Sandstorm\n|upkeep\n|\n|t:|1700368767\n|switch|p1a: Heatran|Heatran, F, tera:Grass|62\/100\n|-damage|p1a: Heatran|45\/100|[from] Spikes\n|turn|11\n|\n|t:|1700368774\n|switch|p2a: \u5148\u5236\u90fd\u53ef\u4ee5\u5148\u5236|Tapu Lele|100\/100\n|-fieldstart|move: Psychic Terrain|[from] ability: Psychic Surge|[of] p2a: \u5148\u5236\u90fd\u53ef\u4ee5\u5148\u5236\n|move|p1a: Heatran|Tera Blast|p2a: \u5148\u5236\u90fd\u53ef\u4ee5\u5148\u5236|[anim] Tera Blast Grass\n|-damage|p2a: \u5148\u5236\u90fd\u53ef\u4ee5\u5148\u5236|53\/100\n|\n|-weather|Sandstorm|[upkeep]\n|-damage|p2a: \u5148\u5236\u90fd\u53ef\u4ee5\u5148\u5236|47\/100|[from] Sandstorm\n|-damage|p1a: Heatran|39\/100|[from] Sandstorm\n|-heal|p1a: Heatran|45\/100|[from] item: Leftovers\n|upkeep\n|turn|12\n|\n|t:|1700368786\n|move|p2a: \u5148\u5236\u90fd\u53ef\u4ee5\u5148\u5236|Psychic|p1a: Heatran\n|-damage|p1a: Heatran|0 fnt\n|faint|p1a: Heatran\n|\n|-weather|Sandstorm|[upkeep]\n|-damage|p2a: \u5148\u5236\u90fd\u53ef\u4ee5\u5148\u5236|41\/100|[from] Sandstorm\n|upkeep\n|\n|t:|1700368795\n|switch|p1a: Iron Valiant|Iron Valiant|100\/100\n|-damage|p1a: Iron Valiant|84\/100|[from] Spikes\n|-enditem|p1a: Iron Valiant|Booster Energy\n|-activate|p1a: Iron Valiant|ability: Quark Drive|[fromitem]\n|-start|p1a: Iron Valiant|quarkdrivespe\n|turn|13\n|\n|t:|1700368802\n|switch|p2a: Tapu Bulu-Mega|Rillaboom, F|91\/100\n|-fieldstart|move: Grassy Terrain|[from] ability: Grassy Surge|[of] p2a: Tapu Bulu-Mega\n|move|p1a: Iron Valiant|Shadow Ball|p2a: Tapu Bulu-Mega\n|-damage|p2a: Tapu Bulu-Mega|61\/100\n|\n|-weather|none\n|-heal|p1a: Iron Valiant|90\/100|[from] Grassy Terrain\n|-heal|p2a: Tapu Bulu-Mega|67\/100|[from] Grassy Terrain\n|upkeep\n|turn|14\n|\n|t:|1700368812\n|-end|p1a: Iron Valiant|Quark Drive|[silent]\n|switch|p1a: Great Tusk|Great Tusk|100\/100\n|-damage|p1a: Great Tusk|84\/100|[from] Spikes\n|move|p2a: Tapu Bulu-Mega|Wood Hammer|p1a: Great Tusk\n|-supereffective|p1a: Great Tusk\n|-damage|p1a: Great Tusk|0 fnt\n|faint|p1a: Great Tusk\n|-end|p1a: Great Tusk|Protosynthesis|[silent]\n|-damage|p2a: Tapu Bulu-Mega|41\/100|[from] Recoil\n|-damage|p2a: Tapu Bulu-Mega|31\/100|[from] item: Life Orb\n|\n|-heal|p2a: Tapu Bulu-Mega|38\/100|[from] Grassy Terrain\n|upkeep\n|\n|t:|1700368820\n|switch|p1a: Landorus|Landorus-Therian, M|44\/100\n|-ability|p1a: Landorus|Intimidate|boost\n|-unboost|p2a: Tapu Bulu-Mega|atk|1\n|turn|15\n|\n|t:|1700368825\n|switch|p2a: \u8106\u7684\u4e00\u6279|Scizor-Mega, F|100\/100\n|move|p1a: Landorus|Earth Power|p2a: \u8106\u7684\u4e00\u6279\n|-damage|p2a: \u8106\u7684\u4e00\u6279|36\/100\n|\n|-heal|p2a: \u8106\u7684\u4e00\u6279|42\/100|[from] Grassy Terrain\n|upkeep\n|turn|16\n|\n|t:|1700368833\n|move|p1a: Landorus|Earth Power|p2a: \u8106\u7684\u4e00\u6279\n|-damage|p2a: \u8106\u7684\u4e00\u6279|0 fnt\n|faint|p2a: \u8106\u7684\u4e00\u6279\n|\n|upkeep\n|\n|t:|1700368837\n|switch|p2a: Urshifu|Urshifu-Rapid-Strike, F, tera:Water|88\/100\n|turn|17\n|\n|t:|1700368843\n|switch|p1a: Urshifu|Urshifu-Rapid-Strike, F|100\/100\n|-damage|p1a: Urshifu|84\/100|[from] Spikes\n|move|p2a: Urshifu|Surging Strikes|p1a: Urshifu\n|-resisted|p1a: Urshifu\n|-crit|p1a: Urshifu\n|-damage|p1a: Urshifu|71\/100\n|-resisted|p1a: Urshifu\n|-crit|p1a: Urshifu\n|-damage|p1a: Urshifu|58\/100\n|-resisted|p1a: Urshifu\n|-crit|p1a: Urshifu\n|-damage|p1a: Urshifu|45\/100\n|-hitcount|p1a: Urshifu|3\n|\n|-heal|p2a: Urshifu|94\/100|[from] Grassy Terrain\n|-heal|p1a: Urshifu|52\/100|[from] Grassy Terrain\n|-heal|p1a: Urshifu|58\/100|[from] item: Leftovers\n|-fieldend|move: Grassy Terrain\n|upkeep\n|turn|18\n|\n|t:|1700368854\n|switch|p2a: \u5148\u5236\u90fd\u53ef\u4ee5\u5148\u5236|Tapu Lele|41\/100\n|-fieldstart|move: Psychic Terrain|[from] ability: Psychic Surge|[of] p2a: \u5148\u5236\u90fd\u53ef\u4ee5\u5148\u5236\n|move|p1a: Urshifu|Swords Dance|p1a: Urshifu\n|-boost|p1a: Urshifu|atk|2\n|\n|-heal|p1a: Urshifu|64\/100|[from] item: Leftovers\n|upkeep\n|turn|19\n|\n|t:|1700368861\n|move|p1a: Urshifu|Surging Strikes|p2a: \u5148\u5236\u90fd\u53ef\u4ee5\u5148\u5236\n|-crit|p2a: \u5148\u5236\u90fd\u53ef\u4ee5\u5148\u5236\n|-damage|p2a: \u5148\u5236\u90fd\u53ef\u4ee5\u5148\u5236|0 fnt\n|faint|p2a: \u5148\u5236\u90fd\u53ef\u4ee5\u5148\u5236\n|-hitcount|p2: \u5148\u5236\u90fd\u53ef\u4ee5\u5148\u5236|1\n|\n|-heal|p1a: Urshifu|70\/100|[from] item: Leftovers\n|upkeep\n|\n|t:|1700368864\n|switch|p2a: Tapu Bulu-Mega|Rillaboom, F|38\/100\n|-fieldstart|move: Grassy Terrain|[from] ability: Grassy Surge|[of] p2a: Tapu Bulu-Mega\n|turn|20\n|\n|t:|1700368870\n|move|p1a: Urshifu|Aqua Jet|p2a: Tapu Bulu-Mega\n|-resisted|p2a: Tapu Bulu-Mega\n|-damage|p2a: Tapu Bulu-Mega|19\/100\n|move|p2a: Tapu Bulu-Mega|Grassy Glide|p1a: Urshifu\n|-supereffective|p1a: Urshifu\n|-damage|p1a: Urshifu|0 fnt\n|faint|p1a: Urshifu\n|-damage|p2a: Tapu Bulu-Mega|9\/100|[from] item: Life Orb\n|\n|-heal|p2a: Tapu Bulu-Mega|15\/100|[from] Grassy Terrain\n|upkeep\n|\n|t:|1700368878\n|switch|p1a: Iron Valiant|Iron Valiant|90\/100\n|-damage|p1a: Iron Valiant|74\/100|[from] Spikes\n|turn|21\n|\n|t:|1700368885\n|move|p2a: Tapu Bulu-Mega|Grassy Glide|p1a: Iron Valiant\n|-damage|p1a: Iron Valiant|10\/100\n|-damage|p2a: Tapu Bulu-Mega|5\/100|[from] item: Life Orb\n|move|p1a: Iron Valiant|Moonblast|p2a: Tapu Bulu-Mega\n|-damage|p2a: Tapu Bulu-Mega|0 fnt\n|faint|p2a: Tapu Bulu-Mega\n|\n|-heal|p1a: Iron Valiant|16\/100|[from] Grassy Terrain\n|upkeep\n|\n|t:|1700368889\n|switch|p2a: Urshifu|Urshifu-Rapid-Strike, F, tera:Water|94\/100\n|turn|22\n|\n|t:|1700368892\n|move|p2a: Urshifu|Surging Strikes|p1a: Iron Valiant\n|-crit|p1a: Iron Valiant\n|-damage|p1a: Iron Valiant|0 fnt\n|faint|p1a: Iron Valiant\n|-end|p1a: Iron Valiant|Quark Drive|[silent]\n|-hitcount|p1: Iron Valiant|1\n|\n|-heal|p2a: Urshifu|100\/100|[from] Grassy Terrain\n|upkeep\n|\n|t:|1700368895\n|switch|p1a: Landorus|Landorus-Therian, M|44\/100\n|-ability|p1a: Landorus|Intimidate|boost\n|-unboost|p2a: Urshifu|atk|1\n|turn|23\n|\n|t:|1700368898\n|move|p2a: Urshifu|Surging Strikes|p1a: Landorus\n|-supereffective|p1a: Landorus\n|-crit|p1a: Landorus\n|-damage|p1a: Landorus|0 fnt\n|faint|p1a: Landorus\n|-hitcount|p1: Landorus|1\n|\n|win|DDDPalkiaOrigin\u5c31\u4e94\u53ea\n|raw|beoneko111's rating: 1388 &rarr; <strong>1368<\/strong><br \/>(-20 for losing)\n|raw|DDDPalkiaOrigin\u5c31\u4e94\u53ea's rating: 1385 &rarr; <strong>1405<\/strong><br \/>(+20 for winning)\n|l|\u2606beoneko111\n","uploadtime":1700368914,"views":8,"p1id":"beoneko111","p2id":"dddpalkiaorigin","formatid":"gen9nationaldex","rating":1368,"private":0,"password":""}