{"id":"gen9nationaldex-1989425040","p1":"tengyuanhuiqing","p2":"HitmonGimmeTop","format":"[Gen 9] National Dex","log":"|j|\u2606tengyuanhuiqing\n|j|\u2606HitmonGimmeTop\n|t:|1699848604\n|gametype|singles\n|player|p1|tengyuanhuiqing|bellelba|1681\n|player|p2|HitmonGimmeTop|koga|1616\n|teamsize|p1|6\n|teamsize|p2|6\n|gen|9\n|tier|[Gen 9] National Dex\n|rated|\n|rule|HP Percentage Mod: HP is shown in percentages\n|rule|Endless Battle Clause: Forcing endless battles is banned\n|rule|OHKO Clause: OHKO moves are banned\n|rule|Evasion Clause: Evasion abilities, items, and moves are banned\n|rule|Evasion Abilities Clause: Evasion abilities are banned\n|rule|Evasion Items Clause: Evasion items are banned\n|rule|Evasion Moves Clause: Evasion moves are banned\n|rule|Species Clause: Limit one of each Pok\u00e9mon\n|rule|Sleep Clause Mod: Limit one foe put to sleep\n|clearpoke\n|poke|p1|Charizard, F|\n|poke|p1|Mew|\n|poke|p1|Great Tusk|\n|poke|p1|Grimmsnarl, M|\n|poke|p1|Sinistcha|\n|poke|p1|Ogerpon-Wellspring, F|\n|poke|p2|Keldeo-Resolute|\n|poke|p2|Kartana|\n|poke|p2|Beedrill, F|\n|poke|p2|Landorus-Therian, M|\n|poke|p2|Kyurem|\n|poke|p2|Zapdos|\n|teampreview\n|inactive|Battle timer is ON: inactive players will automatically lose when time's up. (requested by tengyuanhuiqing)\n|\n|t:|1699848626\n|start\n|switch|p1a: Grimmsnarl|Grimmsnarl, M|100\/100\n|switch|p2a: A$AP|Keldeo-Resolute|100\/100\n|turn|1\n|\n|t:|1699848632\n|move|p1a: Grimmsnarl|Reflect|p1a: Grimmsnarl\n|-sidestart|p1: tengyuanhuiqing|Reflect\n|move|p2a: A$AP|Flip Turn|p1a: Grimmsnarl\n|-damage|p1a: Grimmsnarl|92\/100\n|\n|t:|1699848646\n|switch|p2a: Luck|Zapdos|100\/100|[from] Flip Turn\n|\n|upkeep\n|turn|2\n|\n|t:|1699848664\n|move|p1a: Grimmsnarl|Light Screen|p1a: Grimmsnarl\n|-sidestart|p1: tengyuanhuiqing|move: Light Screen\n|move|p2a: Luck|Discharge|p1a: Grimmsnarl\n|-damage|p1a: Grimmsnarl|80\/100\n|\n|upkeep\n|turn|3\n|\n|t:|1699848669\n|move|p1a: Grimmsnarl|Parting Shot|p2a: Luck\n|-unboost|p2a: Luck|atk|1\n|-unboost|p2a: Luck|spa|1\n|\n|t:|1699848671\n|switch|p1a: Great Tusk|Great Tusk|100\/100|[from] Parting Shot\n|move|p2a: Luck|Defog|p1a: Great Tusk\n|-unboost|p1a: Great Tusk|evasion|1\n|-sideend|p1: tengyuanhuiqing|Reflect\n|-sideend|p1: tengyuanhuiqing|move: Light Screen\n|\n|upkeep\n|turn|4\n|\n|t:|1699848681\n|switch|p2a: Enten|Landorus-Therian, M|100\/100\n|-ability|p2a: Enten|Intimidate|boost\n|-unboost|p1a: Great Tusk|atk|1\n|move|p1a: Great Tusk|Head Smash|p2a: Enten\n|-damage|p2a: Enten|68\/100\n|-damage|p1a: Great Tusk|84\/100|[from] item: Rocky Helmet|[of] p2a: Enten\n|-damage|p1a: Great Tusk|67\/100|[from] Recoil\n|\n|upkeep\n|turn|5\n|j| YJLF2\n|\n|t:|1699848707\n|-end|p1a: Great Tusk|Protosynthesis|[silent]\n|switch|p1a: Charizard|Charizard, F, shiny|100\/100\n|move|p2a: Enten|Stealth Rock|p1a: Charizard\n|-sidestart|p1: tengyuanhuiqing|move: Stealth Rock\n|\n|upkeep\n|turn|6\n|\n|t:|1699848719\n|detailschange|p1a: Charizard|Charizard-Mega-Y, F, shiny\n|-mega|p1a: Charizard|Charizard|Charizardite Y\n|-weather|SunnyDay|[from] ability: Drought|[of] p1a: Charizard\n|move|p1a: Charizard|Weather Ball|p2a: Enten\n|-crit|p2a: Enten\n|-damage|p2a: Enten|0 fnt\n|faint|p2a: Enten\n|\n|-weather|SunnyDay|[upkeep]\n|upkeep\n|inactive|HitmonGimmeTop has 120 seconds left.\n|\n|t:|1699848737\n|switch|p2a: A$AP|Keldeo-Resolute|100\/100\n|turn|7\n|\n|t:|1699848741\n|-terastallize|p2a: A$AP|Water\n|move|p2a: A$AP|Hydro Pump|p1a: Charizard\n|-supereffective|p1a: Charizard\n|-damage|p1a: Charizard|0 fnt\n|faint|p1a: Charizard\n|\n|-weather|SunnyDay|[upkeep]\n|upkeep\n|j| Ghowex\n|\n|t:|1699848752\n|switch|p1a: Ogerpon|Ogerpon-Wellspring, F|100\/100\n|-damage|p1a: Ogerpon|88\/100|[from] Stealth Rock\n|turn|8\n|\n|t:|1699848759\n|switch|p2a: Luck|Zapdos|100\/100\n|move|p1a: Ogerpon|Trailblaze|p2a: Luck\n|-resisted|p2a: Luck\n|-damage|p2a: Luck|91\/100\n|-boost|p1a: Ogerpon|spe|1\n|-status|p1a: Ogerpon|par|[from] ability: Static|[of] p2a: Luck\n|\n|-weather|SunnyDay|[upkeep]\n|upkeep\n|turn|9\n|\n|t:|1699848765\n|move|p1a: Ogerpon|Ivy Cudgel|p2a: Luck\n|-damage|p2a: Luck|71\/100\n|move|p2a: Luck|Discharge|p1a: Ogerpon\n|-damage|p1a: Ogerpon|52\/100 par\n|\n|-weather|SunnyDay|[upkeep]\n|upkeep\n|turn|10\n|\n|t:|1699848772\n|move|p1a: Ogerpon|Ivy Cudgel|p2a: Luck\n|-damage|p2a: Luck|52\/100\n|move|p2a: Luck|Discharge|p1a: Ogerpon\n|-damage|p1a: Ogerpon|16\/100 par\n|\n|-weather|none\n|upkeep\n|turn|11\n|\n|t:|1699848777\n|cant|p1a: Ogerpon|par\n|move|p2a: Luck|Roost|p2a: Luck\n|-heal|p2a: Luck|100\/100\n|-singleturn|p2a: Luck|move: Roost\n|\n|upkeep\n|turn|12\n|l| YJLF2\n|\n|t:|1699848789\n|move|p1a: Ogerpon|Ivy Cudgel|p2a: Luck\n|-damage|p2a: Luck|59\/100\n|move|p2a: Luck|U-turn|p1a: Ogerpon\n|-supereffective|p1a: Ogerpon\n|-damage|p1a: Ogerpon|0 fnt\n|faint|p1a: Ogerpon\n|j| KoKohs\n|inactive|HitmonGimmeTop has 120 seconds left.\n|inactive|HitmonGimmeTop has 90 seconds left.\n|\n|t:|1699848865\n|switch|p2a: A$AP|Keldeo-Resolute, tera:Water|100\/100|[from] U-turn\n|\n|upkeep\n|\n|t:|1699848870\n|switch|p1a: Grimmsnarl|Grimmsnarl, M|80\/100\n|-damage|p1a: Grimmsnarl|67\/100|[from] Stealth Rock\n|turn|13\n|\n|t:|1699848876\n|move|p1a: Grimmsnarl|Light Screen|p1a: Grimmsnarl\n|-sidestart|p1: tengyuanhuiqing|move: Light Screen\n|move|p2a: A$AP|Hydro Pump|p1a: Grimmsnarl|[miss]\n|-miss|p2a: A$AP|p1a: Grimmsnarl\n|\n|upkeep\n|turn|14\n|\n|t:|1699848881\n|move|p1a: Grimmsnarl|Parting Shot|p2a: A$AP\n|-unboost|p2a: A$AP|atk|1\n|-unboost|p2a: A$AP|spa|1\n|\n|t:|1699848896\n|switch|p1a: Sinistcha|Sinistcha|100\/100|[from] Parting Shot\n|-damage|p1a: Sinistcha|88\/100|[from] Stealth Rock\n|move|p2a: A$AP|Hydro Pump|p1a: Sinistcha\n|-resisted|p1a: Sinistcha\n|-damage|p1a: Sinistcha|65\/100\n|\n|-heal|p1a: Sinistcha|71\/100|[from] item: Leftovers\n|upkeep\n|turn|15\n|\n|t:|1699848910\n|switch|p2a: Sling|Beedrill, F|100\/100\n|move|p1a: Sinistcha|Strength Sap|p2a: Sling\n|-unboost|p2a: Sling|atk|1\n|-heal|p1a: Sinistcha|100\/100\n|\n|upkeep\n|turn|16\n|inactive|HitmonGimmeTop has 90 seconds left.\n|\n|t:|1699848926\n|detailschange|p2a: Sling|Beedrill-Mega, F\n|-mega|p2a: Sling|Beedrill|Beedrillite\n|move|p2a: Sling|Knock Off|p1a: Sinistcha\n|-supereffective|p1a: Sinistcha\n|-damage|p1a: Sinistcha|65\/100\n|-enditem|p1a: Sinistcha|Leftovers|[from] move: Knock Off|[of] p2a: Sling\n|move|p1a: Sinistcha|Shadow Ball|p2a: Sling\n|-damage|p2a: Sling|48\/100\n|\n|upkeep\n|turn|17\n|inactive|HitmonGimmeTop has 90 seconds left.\n|\n|t:|1699848937\n|move|p2a: Sling|U-turn|p1a: Sinistcha\n|-damage|p1a: Sinistcha|36\/100\n|inactive|HitmonGimmeTop has 90 seconds left.\n|inactive|HitmonGimmeTop has 60 seconds left.\n|\n|t:|1699848973\n|switch|p2a: Drago|Kyurem|100\/100|[from] U-turn\n|-ability|p2a: Drago|Pressure\n|move|p1a: Sinistcha|Shadow Ball|p2a: Drago\n|-damage|p2a: Drago|72\/100\n|\n|upkeep\n|turn|18\n|inactive|HitmonGimmeTop has 60 seconds left.\n|\n|t:|1699848983\n|move|p2a: Drago|Ice Beam|p1a: Sinistcha\n|-supereffective|p1a: Sinistcha\n|-damage|p1a: Sinistcha|0 fnt\n|faint|p1a: Sinistcha\n|\n|upkeep\n|\n|t:|1699848987\n|switch|p1a: Mew|Mew|100\/100\n|-damage|p1a: Mew|88\/100|[from] Stealth Rock\n|turn|19\n|inactive|HitmonGimmeTop has 60 seconds left.\n|\n|t:|1699849013\n|switch|p2a: Luck|Zapdos|59\/100\n|move|p1a: Mew|Cosmic Power|p1a: Mew\n|-boost|p1a: Mew|def|1\n|-boost|p1a: Mew|spd|1\n|\n|-heal|p1a: Mew|94\/100|[from] item: Leftovers\n|upkeep\n|turn|20\n|\n|t:|1699849020\n|move|p2a: Luck|Discharge|p1a: Mew\n|-damage|p1a: Mew|85\/100\n|move|p1a: Mew|Cosmic Power|p1a: Mew\n|-boost|p1a: Mew|def|1\n|-boost|p1a: Mew|spd|1\n|\n|-heal|p1a: Mew|92\/100|[from] item: Leftovers\n|-sideend|p1: tengyuanhuiqing|move: Light Screen\n|upkeep\n|turn|21\n|\n|t:|1699849024\n|move|p1a: Mew|Cosmic Power|p1a: Mew\n|-boost|p1a: Mew|def|1\n|-boost|p1a: Mew|spd|1\n|move|p2a: Luck|Discharge|p1a: Mew\n|-damage|p1a: Mew|80\/100\n|\n|-heal|p1a: Mew|87\/100|[from] item: Leftovers\n|upkeep\n|turn|22\n|inactive|HitmonGimmeTop has 60 seconds left.\n|\n|t:|1699849041\n|move|p2a: Luck|Discharge|p1a: Mew\n|-damage|p1a: Mew|75\/100\n|move|p1a: Mew|Cosmic Power|p1a: Mew\n|-boost|p1a: Mew|def|1\n|-boost|p1a: Mew|spd|1\n|\n|-heal|p1a: Mew|82\/100|[from] item: Leftovers\n|upkeep\n|turn|23\n|inactive|HitmonGimmeTop has 60 seconds left.\n|\n|t:|1699849054\n|switch|p2a: Inevitable|Kartana|100\/100\n|move|p1a: Mew|Cosmic Power|p1a: Mew\n|-boost|p1a: Mew|def|1\n|-boost|p1a: Mew|spd|1\n|\n|-heal|p1a: Mew|88\/100|[from] item: Leftovers\n|upkeep\n|turn|24\n|inactive|HitmonGimmeTop has 60 seconds left.\n|\n|t:|1699849066\n|-terastallize|p1a: Mew|Poison\n|move|p2a: Inevitable|Leaf Blade|p1a: Mew\n|-resisted|p1a: Mew\n|-damage|p1a: Mew|80\/100\n|-damage|p2a: Inevitable|91\/100|[from] item: Life Orb\n|move|p1a: Mew|Cosmic Power|p1a: Mew\n|-boost|p1a: Mew|def|1\n|-boost|p1a: Mew|spd|1\n|\n|-heal|p1a: Mew|86\/100|[from] item: Leftovers\n|upkeep\n|turn|25\n|\n|t:|1699849071\n|move|p2a: Inevitable|Knock Off|p1a: Mew\n|-damage|p1a: Mew|76\/100\n|-enditem|p1a: Mew|Leftovers|[from] move: Knock Off|[of] p2a: Inevitable\n|-damage|p2a: Inevitable|81\/100|[from] item: Life Orb\n|move|p1a: Mew|Stored Power|p2a: Inevitable\n|-resisted|p2a: Inevitable\n|-damage|p2a: Inevitable|0 fnt\n|faint|p2a: Inevitable\n|\n|upkeep\n|\n|t:|1699849085\n|switch|p2a: Sling|Beedrill-Mega, F|48\/100\n|turn|26\n|\n|t:|1699849087\n|move|p2a: Sling|Drill Run|p1a: Mew\n|-supereffective|p1a: Mew\n|-crit|p1a: Mew\n|-damage|p1a: Mew|15\/100\n|move|p1a: Mew|Soft-Boiled|p1a: Mew\n|-heal|p1a: Mew|65\/100\n|\n|upkeep\n|turn|27\n|\n|t:|1699849098\n|move|p2a: Sling|Drill Run|p1a: Mew\n|-supereffective|p1a: Mew\n|-damage|p1a: Mew|54\/100\n|move|p1a: Mew|Soft-Boiled|p1a: Mew\n|-heal|p1a: Mew|100\/100\n|\n|upkeep\n|turn|28\n|\n|t:|1699849102\n|move|p2a: Sling|Drill Run|p1a: Mew|[miss]\n|-miss|p2a: Sling|p1a: Mew\n|move|p1a: Mew|Stored Power|p2a: Sling\n|-supereffective|p2a: Sling\n|-damage|p2a: Sling|0 fnt\n|faint|p2a: Sling\n|\n|upkeep\n|\n|t:|1699849114\n|switch|p2a: Luck|Zapdos|59\/100\n|turn|29\n|\n|t:|1699849115\n|move|p2a: Luck|Discharge|p1a: Mew\n|-damage|p1a: Mew|94\/100\n|move|p1a: Mew|Stored Power|p2a: Luck\n|-damage|p2a: Luck|0 fnt\n|faint|p2a: Luck\n|\n|upkeep\n|inactive|HitmonGimmeTop has 90 seconds left.\n|\n|t:|1699849121\n|switch|p2a: A$AP|Keldeo-Resolute, tera:Water|100\/100\n|turn|30\n|\n|t:|1699849123\n|move|p2a: A$AP|Hydro Pump|p1a: Mew\n|-damage|p1a: Mew|69\/100\n|move|p1a: Mew|Stored Power|p2a: A$AP\n|-damage|p2a: A$AP|6\/100\n|\n|upkeep\n|turn|31\n|\n|t:|1699849129\n|move|p2a: A$AP|Hydro Pump|p1a: Mew\n|-damage|p1a: Mew|48\/100\n|move|p1a: Mew|Stored Power|p2a: A$AP\n|-damage|p2a: A$AP|0 fnt\n|faint|p2a: A$AP\n|\n|upkeep\n|\n|t:|1699849146\n|switch|p2a: Drago|Kyurem|72\/100\n|-ability|p2a: Drago|Pressure\n|turn|32\n|\n|t:|1699849149\n|move|p2a: Drago|Ice Beam|p1a: Mew\n|-damage|p1a: Mew|38\/100\n|-status|p1a: Mew|frz\n|cant|p1a: Mew|frz\n|\n|upkeep\n|turn|33\n|\n|t:|1699849153\n|move|p2a: Drago|Ice Beam|p1a: Mew\n|-damage|p1a: Mew|29\/100 frz\n|cant|p1a: Mew|frz\n|\n|upkeep\n|turn|34\n|\n|t:|1699849157\n|move|p2a: Drago|Ice Beam|p1a: Mew\n|-damage|p1a: Mew|19\/100 frz\n|cant|p1a: Mew|frz\n|\n|upkeep\n|turn|35\n|\n|t:|1699849162\n|move|p2a: Drago|Ice Beam|p1a: Mew\n|-damage|p1a: Mew|10\/100 frz\n|cant|p1a: Mew|frz\n|\n|upkeep\n|turn|36\n|\n|t:|1699849166\n|move|p2a: Drago|Ice Beam|p1a: Mew\n|-damage|p1a: Mew|0 fnt\n|faint|p1a: Mew\n|\n|upkeep\n|\n|t:|1699849168\n|switch|p1a: Grimmsnarl|Grimmsnarl, M|67\/100\n|-damage|p1a: Grimmsnarl|55\/100|[from] Stealth Rock\n|turn|37\n|\n|t:|1699849171\n|move|p1a: Grimmsnarl|Reflect|p1a: Grimmsnarl\n|-sidestart|p1: tengyuanhuiqing|Reflect\n|move|p2a: Drago|Ice Beam|p1a: Grimmsnarl\n|-damage|p1a: Grimmsnarl|22\/100\n|-status|p1a: Grimmsnarl|frz\n|\n|upkeep\n|turn|38\n|\n|t:|1699849177\n|cant|p1a: Grimmsnarl|frz\n|move|p2a: Drago|Ice Beam|p1a: Grimmsnarl\n|-damage|p1a: Grimmsnarl|0 fnt\n|faint|p1a: Grimmsnarl\n|\n|upkeep\n|\n|t:|1699849180\n|switch|p1a: Great Tusk|Great Tusk|67\/100\n|turn|39\n|\n|t:|1699849183\n|move|p2a: Drago|Ice Beam|p1a: Great Tusk\n|-supereffective|p1a: Great Tusk\n|-damage|p1a: Great Tusk|0 fnt\n|faint|p1a: Great Tusk\n|-end|p1a: Great Tusk|Protosynthesis|[silent]\n|\n|win|HitmonGimmeTop\n|raw|tengyuanhuiqing's rating: 1681 &rarr; <strong>1657<\/strong><br \/>(-24 for losing)\n|raw|HitmonGimmeTop's rating: 1616 &rarr; <strong>1640<\/strong><br \/>(+24 for winning)\n|l|\u2606tengyuanhuiqing\n","uploadtime":1699849214,"views":19,"p1id":"tengyuanhuiqing","p2id":"hitmongimmetop","formatid":"gen9nationaldex","rating":1640,"private":0,"password":""}