{"id":"gen9nationaldex-1992110762","p1":"SanIgnacio","p2":"cyleox","format":"[Gen 9] National Dex","log":"|j|\u203dSanIgnacio\n|j|\u2606cyleox\n|t:|1700155977\n|gametype|singles\n|player|p1|SanIgnacio|crasherwake|1287\n|player|p2|cyleox|akari|1316\n|teamsize|p1|6\n|teamsize|p2|6\n|gen|9\n|tier|[Gen 9] National Dex\n|rated|\n|rule|HP Percentage Mod: HP is shown in percentages\n|rule|Endless Battle Clause: Forcing endless battles is banned\n|rule|OHKO Clause: OHKO moves are banned\n|rule|Evasion Clause: Evasion abilities, items, and moves are banned\n|rule|Evasion Abilities Clause: Evasion abilities are banned\n|rule|Evasion Items Clause: Evasion items are banned\n|rule|Evasion Moves Clause: Evasion moves are banned\n|rule|Species Clause: Limit one of each Pok\u00e9mon\n|rule|Sleep Clause Mod: Limit one foe put to sleep\n|clearpoke\n|poke|p1|Nidoking, M|\n|poke|p1|Lopunny, M|\n|poke|p1|Ninetales-Alola, F|\n|poke|p1|Gliscor, M|\n|poke|p1|Slowking-Galar, M|\n|poke|p1|Kyurem|\n|poke|p2|Charizard, F|\n|poke|p2|Lilligant-Hisui, F|\n|poke|p2|Rillaboom, F|\n|poke|p2|Greninja-*, M|\n|poke|p2|Corviknight, F|\n|poke|p2|Hatterene, F|\n|teampreview\n|\n|t:|1700155995\n|start\n|switch|p1a: Ninetales|Ninetales-Alola, F|100\/100\n|switch|p2a: Charizard|Charizard, F|100\/100\n|-weather|Snow|[from] ability: Snow Warning|[of] p1a: Ninetales\n|turn|1\n|\n|t:|1700156003\n|detailschange|p2a: Charizard|Charizard-Mega-Y, F\n|-mega|p2a: Charizard|Charizard|Charizardite Y\n|-weather|SunnyDay|[from] ability: Drought|[of] p2a: Charizard\n|move|p1a: Ninetales|Aurora Veil||[still]\n|-fail|p1a: Ninetales\n|move|p2a: Charizard|Weather Ball|p1a: Ninetales\n|-supereffective|p1a: Ninetales\n|-damage|p1a: Ninetales|0 fnt\n|faint|p1a: Ninetales\n|\n|-weather|SunnyDay|[upkeep]\n|upkeep\n|\n|t:|1700156009\n|switch|p1a: Lopunny|Lopunny, M|100\/100\n|turn|2\n|\n|t:|1700156013\n|switch|p2a: Corviknight|Corviknight, F|100\/100\n|-ability|p2a: Corviknight|Pressure\n|detailschange|p1a: Lopunny|Lopunny-Mega, M\n|-mega|p1a: Lopunny|Lopunny|Lopunnite\n|move|p1a: Lopunny|Fake Out|p2a: Corviknight\n|-resisted|p2a: Corviknight\n|-damage|p2a: Corviknight|93\/100\n|-damage|p1a: Lopunny|84\/100|[from] item: Rocky Helmet|[of] p2a: Corviknight\n|\n|-weather|SunnyDay|[upkeep]\n|upkeep\n|turn|3\n|\n|t:|1700156021\n|switch|p1a: Nidoking|Nidoking, M|100\/100\n|move|p2a: Corviknight|U-turn|p1a: Nidoking\n|-resisted|p1a: Nidoking\n|-damage|p1a: Nidoking|90\/100\n|\n|t:|1700156051\n|switch|p2a: Lilligant|Lilligant-Hisui, F|100\/100|[from] U-turn\n|\n|-weather|SunnyDay|[upkeep]\n|upkeep\n|turn|4\n|inactive|Battle timer is ON: inactive players will automatically lose when time's up. (requested by SanIgnacio)\n|\n|t:|1700156057\n|-terastallize|p2a: Lilligant|Fire\n|move|p2a: Lilligant|Leaf Blade|p1a: Nidoking\n|-crit|p1a: Nidoking\n|-damage|p1a: Nidoking|0 fnt\n|faint|p1a: Nidoking\n|\n|-weather|SunnyDay|[upkeep]\n|upkeep\n|\n|t:|1700156064\n|switch|p1a: Lopunny|Lopunny-Mega, M|84\/100\n|turn|5\n|\n|t:|1700156066\n|switch|p2a: Corviknight|Corviknight, F|93\/100\n|-ability|p2a: Corviknight|Pressure\n|move|p1a: Lopunny|Fake Out|p2a: Corviknight\n|-resisted|p2a: Corviknight\n|-damage|p2a: Corviknight|86\/100\n|-damage|p1a: Lopunny|67\/100|[from] item: Rocky Helmet|[of] p2a: Corviknight\n|\n|-weather|none\n|upkeep\n|turn|6\n|\n|t:|1700156075\n|move|p1a: Lopunny|High Jump Kick|p2a: Corviknight\n|-damage|p2a: Corviknight|44\/100\n|-damage|p1a: Lopunny|51\/100|[from] item: Rocky Helmet|[of] p2a: Corviknight\n|move|p2a: Corviknight|U-turn|p1a: Lopunny\n|-resisted|p1a: Lopunny\n|-damage|p1a: Lopunny|40\/100\n|\n|t:|1700156080\n|switch|p2a: Rillaboom|Rillaboom, F|100\/100|[from] U-turn\n|-fieldstart|move: Grassy Terrain|[from] ability: Grassy Surge|[of] p2a: Rillaboom\n|\n|-heal|p1a: Lopunny|46\/100|[from] Grassy Terrain\n|upkeep\n|turn|7\n|\n|t:|1700156085\n|switch|p1a: Slowking|Slowking-Galar, M|100\/100\n|move|p2a: Rillaboom|Grassy Glide|p1a: Slowking\n|-resisted|p1a: Slowking\n|-damage|p1a: Slowking|72\/100\n|\n|-heal|p1a: Slowking|78\/100|[from] Grassy Terrain\n|upkeep\n|turn|8\n|\n|t:|1700156100\n|switch|p2a: Hatterene|Hatterene, F|100\/100\n|-terastallize|p1a: Slowking|Fighting\n|move|p1a: Slowking|Sludge Wave|p2a: Hatterene\n|-supereffective|p2a: Hatterene\n|-damage|p2a: Hatterene|7\/100\n|-enditem|p2a: Hatterene|Eject Button\n|\n|t:|1700156112\n|switch|p2a: Charizard|Charizard-Mega-Y, F|100\/100\n|-weather|SunnyDay|[from] ability: Drought|[of] p2a: Charizard\n|\n|-weather|SunnyDay|[upkeep]\n|-heal|p1a: Slowking|84\/100|[from] Grassy Terrain\n|upkeep\n|turn|9\n|\n|t:|1700156120\n|move|p2a: Charizard|Weather Ball|p1a: Slowking\n|-damage|p1a: Slowking|38\/100\n|move|p1a: Slowking|Future Sight|p2a: Charizard\n|-start|p1a: Slowking|move: Future Sight\n|\n|-weather|SunnyDay|[upkeep]\n|-heal|p1a: Slowking|44\/100|[from] Grassy Terrain\n|upkeep\n|turn|10\n|\n|t:|1700156131\n|switch|p1a: Gliscor|Gliscor, M|100\/100\n|move|p2a: Charizard|Weather Ball|p1a: Gliscor\n|-damage|p1a: Gliscor|0 fnt\n|faint|p1a: Gliscor\n|\n|-weather|SunnyDay|[upkeep]\n|-fieldend|move: Grassy Terrain\n|upkeep\n|\n|t:|1700156135\n|switch|p1a: Lopunny|Lopunny-Mega, M|46\/100\n|turn|11\n|\n|t:|1700156141\n|switch|p2a: Hatterene|Hatterene, F|7\/100\n|move|p1a: Lopunny|High Jump Kick|p2a: Hatterene\n|-resisted|p2a: Hatterene\n|-damage|p2a: Hatterene|0 fnt\n|faint|p2a: Hatterene\n|\n|-weather|SunnyDay|[upkeep]\n|-hint|Future Sight did not hit because the target is fainted.\n|upkeep\n|\n|t:|1700156156\n|switch|p2a: Lilligant|Lilligant-Hisui, F, tera:Fire|100\/100\n|turn|12\n|\n|t:|1700156166\n|move|p2a: Lilligant|Close Combat|p1a: Lopunny\n|-supereffective|p1a: Lopunny\n|-damage|p1a: Lopunny|0 fnt\n|-unboost|p2a: Lilligant|def|1\n|-unboost|p2a: Lilligant|spd|1\n|faint|p1a: Lopunny\n|\n|-weather|none\n|upkeep\n|\n|t:|1700156171\n|switch|p1a: Kyurem|Kyurem|100\/100\n|-ability|p1a: Kyurem|Pressure\n|turn|13\n|\n|t:|1700156173\n|move|p1a: Kyurem|Dragon Dance|p1a: Kyurem\n|-boost|p1a: Kyurem|atk|1\n|-boost|p1a: Kyurem|spe|1\n|move|p2a: Lilligant|Close Combat|p1a: Kyurem\n|-supereffective|p1a: Kyurem\n|-damage|p1a: Kyurem|0 fnt\n|-unboost|p2a: Lilligant|def|1\n|-unboost|p2a: Lilligant|spd|1\n|faint|p1a: Kyurem\n|\n|upkeep\n|\n|t:|1700156177\n|switch|p1a: Slowking|Slowking-Galar, M, tera:Fighting|77\/100\n|turn|14\n|\n|t:|1700156181\n|move|p2a: Lilligant|Close Combat|p1a: Slowking\n|-damage|p1a: Slowking|0 fnt\n|-unboost|p2a: Lilligant|def|1\n|-unboost|p2a: Lilligant|spd|1\n|faint|p1a: Slowking\n|\n|win|cyleox\n|raw|SanIgnacio's rating: 1287 &rarr; <strong>1264<\/strong><br \/>(-23 for losing)\n|raw|cyleox's rating: 1316 &rarr; <strong>1334<\/strong><br \/>(+18 for winning)\n|l|\u203dSanIgnacio\n|c|\u2606cyleox|gg\n","uploadtime":1700156231,"views":4,"p1id":"sanignacio","p2id":"cyleox","formatid":"gen9nationaldex","rating":1264,"private":0,"password":""}