{"id":"gen9nationaldex-1990655886","p1":"Avinobellissimo","p2":"VANYR","format":"[Gen 9] National Dex","log":"|j|\u2606Avinobellissimo\n|j|\u2606VANYR\n|t:|1699989222\n|gametype|singles\n|player|p1|Avinobellissimo|volkner|1360\n|player|p2|VANYR|gentleman-gen4|1485\n|teamsize|p1|6\n|teamsize|p2|6\n|gen|9\n|tier|[Gen 9] National Dex\n|rated|\n|rule|HP Percentage Mod: HP is shown in percentages\n|rule|Endless Battle Clause: Forcing endless battles is banned\n|rule|OHKO Clause: OHKO moves are banned\n|rule|Evasion Clause: Evasion abilities, items, and moves are banned\n|rule|Evasion Abilities Clause: Evasion abilities are banned\n|rule|Evasion Items Clause: Evasion items are banned\n|rule|Evasion Moves Clause: Evasion moves are banned\n|rule|Species Clause: Limit one of each Pok\u00e9mon\n|rule|Sleep Clause Mod: Limit one foe put to sleep\n|clearpoke\n|poke|p1|Scizor, F|\n|poke|p1|Rotom-Wash|\n|poke|p1|Heatran, F|\n|poke|p1|Tapu Koko|\n|poke|p1|Tangrowth, M|\n|poke|p1|Clawitzer, M|\n|poke|p2|Heatran, M|\n|poke|p2|Xatu, F|\n|poke|p2|Grimmsnarl, M|\n|poke|p2|Thundurus-Therian, M|\n|poke|p2|Jellicent, M|\n|poke|p2|Lopunny, M|\n|teampreview\n|inactive|Battle timer is ON: inactive players will automatically lose when time's up. (requested by Avinobellissimo)\n|\n|t:|1699989234\n|start\n|switch|p1a: Scizor|Scizor, F|100\/100\n|switch|p2a: Lopunny|Lopunny, M|100\/100\n|turn|1\n|\n|t:|1699989238\n|detailschange|p2a: Lopunny|Lopunny-Mega, M\n|-mega|p2a: Lopunny|Lopunny|Lopunnite\n|detailschange|p1a: Scizor|Scizor-Mega, F\n|-mega|p1a: Scizor|Scizor|Scizorite\n|move|p2a: Lopunny|Fake Out|p1a: Scizor\n|-resisted|p1a: Scizor\n|-damage|p1a: Scizor|94\/100\n|cant|p1a: Scizor|flinch\n|\n|upkeep\n|turn|2\n|\n|t:|1699989242\n|move|p2a: Lopunny|U-turn|p1a: Scizor\n|-resisted|p1a: Scizor\n|-damage|p1a: Scizor|86\/100\n|\n|t:|1699989245\n|switch|p2a: Jellicent|Jellicent, M|100\/100|[from] U-turn\n|move|p1a: Scizor|U-turn|p2a: Jellicent\n|-resisted|p2a: Jellicent\n|-damage|p2a: Jellicent|88\/100\n|\n|t:|1699989250\n|switch|p1a: Clawitzer|Clawitzer, M|100\/100|[from] U-turn\n|\n|-heal|p2a: Jellicent|94\/100|[from] item: Leftovers\n|upkeep\n|turn|3\n|\n|t:|1699989262\n|switch|p2a: Lopunny|Lopunny-Mega, M|100\/100\n|move|p1a: Clawitzer|Dark Pulse|p2a: Lopunny\n|-resisted|p2a: Lopunny\n|-damage|p2a: Lopunny|72\/100\n|\n|upkeep\n|turn|4\n|\n|t:|1699989266\n|switch|p1a: fake burrito|Tangrowth, M|100\/100\n|move|p2a: Lopunny|Close Combat|p1a: fake burrito\n|-damage|p1a: fake burrito|55\/100\n|-unboost|p2a: Lopunny|def|1\n|-unboost|p2a: Lopunny|spd|1\n|\n|upkeep\n|turn|5\n|\n|t:|1699989273\n|move|p2a: Lopunny|U-turn|p1a: fake burrito\n|-supereffective|p1a: fake burrito\n|-damage|p1a: fake burrito|20\/100\n|\n|t:|1699989276\n|switch|p2a: Heatran|Heatran, M|100\/100|[from] U-turn\n|move|p1a: fake burrito|Knock Off|p2a: Heatran\n|-damage|p2a: Heatran|78\/100\n|-enditem|p2a: Heatran|Choice Scarf|[from] move: Knock Off|[of] p1a: fake burrito\n|\n|upkeep\n|turn|6\n|\n|t:|1699989285\n|switch|p1a: Rotom|Rotom-Wash|100\/100\n|move|p2a: Heatran|Earth Power|p1a: Rotom\n|-immune|p1a: Rotom|[from] ability: Levitate\n|\n|upkeep\n|turn|7\n|\n|t:|1699989291\n|switch|p2a: Thundurus|Thundurus-Therian, M|100\/100\n|move|p1a: Rotom|Volt Switch|p2a: Thundurus\n|-immune|p2a: Thundurus|[from] ability: Volt Absorb\n|\n|upkeep\n|turn|8\n|\n|t:|1699989298\n|move|p2a: Thundurus|Volt Switch|p1a: Rotom\n|-damage|p1a: Rotom|56\/100\n|\n|t:|1699989301\n|switch|p2a: Jellicent|Jellicent, M|94\/100|[from] Volt Switch\n|move|p1a: Rotom|Hydro Pump|p2a: Jellicent\n|-heal|p2a: Jellicent|100\/100|[from] ability: Water Absorb|[of] p1a: Rotom\n|\n|-heal|p1a: Rotom|62\/100|[from] item: Leftovers\n|upkeep\n|turn|9\n|\n|t:|1699989306\n|move|p1a: Rotom|Volt Switch|p2a: Jellicent\n|-supereffective|p2a: Jellicent\n|-damage|p2a: Jellicent|56\/100\n|\n|t:|1699989308\n|switch|p1a: fake burrito|Tangrowth, M|53\/100|[from] Volt Switch\n|move|p2a: Jellicent|Toxic|p1a: fake burrito\n|-status|p1a: fake burrito|tox\n|\n|-heal|p2a: Jellicent|62\/100|[from] item: Leftovers\n|-damage|p1a: fake burrito|47\/100 tox|[from] psn\n|upkeep\n|turn|10\n|\n|t:|1699989315\n|switch|p2a: Lopunny|Lopunny-Mega, M|72\/100\n|move|p1a: fake burrito|Knock Off|p2a: Lopunny\n|-resisted|p2a: Lopunny\n|-damage|p2a: Lopunny|62\/100\n|\n|-damage|p1a: fake burrito|34\/100 tox|[from] psn\n|upkeep\n|turn|11\n|\n|t:|1699989322\n|switch|p1a: Scizor|Scizor-Mega, F|86\/100\n|move|p2a: Lopunny|Close Combat|p1a: Scizor\n|-damage|p1a: Scizor|49\/100\n|-unboost|p2a: Lopunny|def|1\n|-unboost|p2a: Lopunny|spd|1\n|\n|upkeep\n|turn|12\n|\n|t:|1699989330\n|switch|p2a: Jellicent|Jellicent, M|62\/100\n|move|p1a: Scizor|Roost|p1a: Scizor\n|-heal|p1a: Scizor|99\/100\n|-singleturn|p1a: Scizor|move: Roost\n|\n|-heal|p2a: Jellicent|68\/100|[from] item: Leftovers\n|upkeep\n|turn|13\n|\n|t:|1699989333\n|move|p1a: Scizor|U-turn|p2a: Jellicent\n|-resisted|p2a: Jellicent\n|-damage|p2a: Jellicent|54\/100\n|\n|t:|1699989337\n|switch|p1a: Tapu Koko|Tapu Koko|100\/100|[from] U-turn\n|-fieldstart|move: Electric Terrain|[from] ability: Electric Surge|[of] p1a: Tapu Koko\n|move|p2a: Jellicent|Strength Sap|p1a: Tapu Koko\n|-unboost|p1a: Tapu Koko|atk|1\n|-heal|p2a: Jellicent|100\/100\n|\n|upkeep\n|turn|14\n|\n|t:|1699989342\n|move|p1a: Tapu Koko|Dazzling Gleam|p2a: Jellicent\n|-damage|p2a: Jellicent|62\/100\n|move|p2a: Jellicent|Toxic|p1a: Tapu Koko\n|-status|p1a: Tapu Koko|tox\n|\n|-heal|p2a: Jellicent|69\/100|[from] item: Leftovers\n|-damage|p1a: Tapu Koko|94\/100 tox|[from] psn\n|upkeep\n|turn|15\n|\n|t:|1699989348\n|switch|p1a: Clawitzer|Clawitzer, M|100\/100\n|switch|p2a: Thundurus|Thundurus-Therian, M|100\/100\n|\n|upkeep\n|turn|16\n|\n|t:|1699989355\n|-terastallize|p1a: Clawitzer|Dragon\n|move|p2a: Thundurus|Volt Switch|p1a: Clawitzer\n|-resisted|p1a: Clawitzer\n|-damage|p1a: Clawitzer|79\/100\n|\n|t:|1699989358\n|switch|p2a: Jellicent|Jellicent, M|69\/100|[from] Volt Switch\n|move|p1a: Clawitzer|Water Pulse|p2a: Jellicent\n|-heal|p2a: Jellicent|94\/100|[from] ability: Water Absorb|[of] p1a: Clawitzer\n|\n|-heal|p2a: Jellicent|99\/100|[from] item: Leftovers\n|upkeep\n|turn|17\n|\n|t:|1699989361\n|move|p2a: Jellicent|Toxic|p1a: Clawitzer\n|-status|p1a: Clawitzer|tox\n|move|p1a: Clawitzer|Terrain Pulse|p2a: Jellicent\n|-supereffective|p2a: Jellicent\n|-damage|p2a: Jellicent|0 fnt\n|faint|p2a: Jellicent\n|\n|-damage|p1a: Clawitzer|72\/100 tox|[from] psn\n|-fieldend|move: Electric Terrain\n|upkeep\n|\n|t:|1699989369\n|switch|p2a: Lopunny|Lopunny-Mega, M|62\/100\n|turn|18\n|\n|t:|1699989373\n|switch|p1a: fake burrito|Tangrowth, M|68\/100 tox\n|move|p2a: Lopunny|Close Combat|p1a: fake burrito\n|-damage|p1a: fake burrito|24\/100 tox\n|-unboost|p2a: Lopunny|def|1\n|-unboost|p2a: Lopunny|spd|1\n|\n|-damage|p1a: fake burrito|18\/100 tox|[from] psn\n|upkeep\n|turn|19\n|\n|t:|1699989377\n|switch|p1a: Scizor|Scizor-Mega, F|99\/100\n|move|p2a: Lopunny|U-turn|p1a: Scizor\n|-resisted|p1a: Scizor\n|-damage|p1a: Scizor|91\/100\n|\n|t:|1699989379\n|switch|p2a: Heatran|Heatran, M|78\/100|[from] U-turn\n|\n|upkeep\n|turn|20\n|\n|t:|1699989385\n|switch|p1a: Heatran|Heatran, F|100\/100\n|move|p2a: Heatran|Earth Power|p1a: Heatran\n|-supereffective|p1a: Heatran\n|-damage|p1a: Heatran|7\/100\n|\n|-heal|p1a: Heatran|13\/100|[from] item: Leftovers\n|upkeep\n|turn|21\n|\n|t:|1699989393\n|move|p2a: Heatran|Power Gem|p1a: Heatran\n|-damage|p1a: Heatran|0 fnt\n|faint|p1a: Heatran\n|\n|upkeep\n|\n|t:|1699989403\n|switch|p1a: Rotom|Rotom-Wash|62\/100\n|turn|22\n|\n|t:|1699989417\n|move|p2a: Heatran|Power Gem|p1a: Rotom\n|-damage|p1a: Rotom|33\/100\n|move|p1a: Rotom|Volt Switch|p2a: Heatran\n|-damage|p2a: Heatran|51\/100\n|\n|t:|1699989423\n|switch|p1a: Tapu Koko|Tapu Koko|94\/100 tox|[from] Volt Switch\n|-fieldstart|move: Electric Terrain|[from] ability: Electric Surge|[of] p1a: Tapu Koko\n|\n|-damage|p1a: Tapu Koko|88\/100 tox|[from] psn\n|upkeep\n|turn|23\n|\n|t:|1699989427\n|move|p1a: Tapu Koko|Volt Switch|p2a: Heatran\n|-damage|p2a: Heatran|0 fnt\n|faint|p2a: Heatran\n|\n|t:|1699989431\n|switch|p1a: Scizor|Scizor-Mega, F|91\/100|[from] Volt Switch\n|\n|upkeep\n|\n|t:|1699989437\n|switch|p2a: Thundurus|Thundurus-Therian, M|100\/100\n|turn|24\n|\n|t:|1699989441\n|move|p2a: Thundurus|Volt Switch|p1a: Scizor\n|-damage|p1a: Scizor|54\/100\n|\n|t:|1699989444\n|switch|p2a: Xatu|Xatu, F|100\/100|[from] Volt Switch\n|move|p1a: Scizor|U-turn|p2a: Xatu\n|-damage|p2a: Xatu|71\/100\n|\n|t:|1699989449\n|switch|p1a: Clawitzer|Clawitzer, M, tera:Dragon|72\/100 tox|[from] U-turn\n|\n|-damage|p1a: Clawitzer|66\/100 tox|[from] psn\n|upkeep\n|turn|25\n|-message|VANYR forfeited.\n|\n|win|Avinobellissimo\n|raw|Avinobellissimo's rating: 1360 &rarr; <strong>1387<\/strong><br \/>(+27 for winning)\n|raw|VANYR's rating: 1485 &rarr; <strong>1458<\/strong><br \/>(-27 for losing)\n|l|\u2606VANYR\n","uploadtime":1699989458,"views":5,"p1id":"avinobellissimo","p2id":"vanyr","formatid":"gen9nationaldex","rating":1387,"private":0,"password":""}