{"id":"gen9nationaldex-1993977178","p1":"InkyGoBoo!","p2":"Leo11123","format":"[Gen 9] National Dex","log":"|j|\u2606InkyGoBoo!\n|j|\u2606Leo11123\n|t:|1700386781\n|gametype|singles\n|player|p1|InkyGoBoo!|nemona-s|1352\n|player|p2|Leo11123|richboy|1386\n|teamsize|p1|6\n|teamsize|p2|6\n|gen|9\n|tier|[Gen 9] National Dex\n|rated|\n|rule|HP Percentage Mod: HP is shown in percentages\n|rule|Endless Battle Clause: Forcing endless battles is banned\n|rule|OHKO Clause: OHKO moves are banned\n|rule|Evasion Clause: Evasion abilities, items, and moves are banned\n|rule|Evasion Abilities Clause: Evasion abilities are banned\n|rule|Evasion Items Clause: Evasion items are banned\n|rule|Evasion Moves Clause: Evasion moves are banned\n|rule|Species Clause: Limit one of each Pok\u00e9mon\n|rule|Sleep Clause Mod: Limit one foe put to sleep\n|clearpoke\n|poke|p1|Zeraora|\n|poke|p1|Sceptile, F|\n|poke|p1|Blaziken, F|\n|poke|p1|Kommo-o, F|\n|poke|p1|Tangrowth, M|\n|poke|p1|Ceruledge, M|\n|poke|p2|Toxapex, F|\n|poke|p2|Dondozo, F|\n|poke|p2|Garganacl, F|\n|poke|p2|Sableye, M|\n|poke|p2|Clodsire, M|\n|poke|p2|Gliscor, F|\n|teampreview\n|inactive|Battle timer is ON: inactive players will automatically lose when time's up. (requested by Leo11123)\n|\n|t:|1700386793\n|start\n|switch|p1a: Hierophant Green|Sceptile, F|100\/100\n|switch|p2a: Garganacl|Garganacl, F|100\/100\n|turn|1\n|\n|t:|1700386819\n|switch|p2a: Clodsire|Clodsire, M|100\/100\n|detailschange|p1a: Hierophant Green|Sceptile-Mega, F\n|-mega|p1a: Hierophant Green|Sceptile|Sceptilite\n|move|p1a: Hierophant Green|Leaf Storm|p2a: Clodsire\n|-damage|p2a: Clodsire|63\/100\n|-unboost|p1a: Hierophant Green|spa|2\n|\n|upkeep\n|turn|2\n|\n|t:|1700386832\n|switch|p1a: Star Platinum|Kommo-o, F|100\/100\n|move|p2a: Clodsire|Recover|p2a: Clodsire\n|-heal|p2a: Clodsire|100\/100\n|\n|upkeep\n|turn|3\n|\n|t:|1700386841\n|-terastallize|p1a: Star Platinum|Steel\n|move|p1a: Star Platinum|Belly Drum|p1a: Star Platinum\n|-damage|p1a: Star Platinum|50\/100\n|-setboost|p1a: Star Platinum|atk|6|[from] move: Belly Drum\n|move|p2a: Clodsire|Poison Jab|p1a: Star Platinum\n|-immune|p1a: Star Platinum\n|\n|upkeep\n|turn|4\n|\n|t:|1700386848\n|move|p1a: Star Platinum|Drain Punch|p2a: Clodsire\n|-resisted|p2a: Clodsire\n|-damage|p2a: Clodsire|79\/100\n|-heal|p1a: Star Platinum|68\/100|[from] drain|[of] p2a: Clodsire\n|move|p2a: Clodsire|Earthquake|p1a: Star Platinum\n|-supereffective|p1a: Star Platinum\n|-damage|p1a: Star Platinum|18\/100\n|-enditem|p1a: Star Platinum|Salac Berry|[eat]\n|-boost|p1a: Star Platinum|spe|1|[from] item: Salac Berry\n|\n|upkeep\n|turn|5\n|\n|t:|1700386855\n|move|p1a: Star Platinum|Dragon Claw|p2a: Clodsire\n|-damage|p2a: Clodsire|37\/100\n|move|p2a: Clodsire|Earthquake|p1a: Star Platinum\n|-supereffective|p1a: Star Platinum\n|-damage|p1a: Star Platinum|0 fnt\n|faint|p1a: Star Platinum\n|\n|upkeep\n|\n|t:|1700386861\n|switch|p1a: Silver Chariot|Ceruledge, M|100\/100\n|turn|6\n|\n|t:|1700386872\n|move|p1a: Silver Chariot|Poltergeist|p2a: Clodsire\n|-activate|p2a: Clodsire|move: Poltergeist|Heavy-Duty Boots\n|-damage|p2a: Clodsire|0 fnt\n|faint|p2a: Clodsire\n|\n|upkeep\n|\n|t:|1700386889\n|switch|p2a: Garganacl|Garganacl, F|100\/100\n|turn|7\n|\n|t:|1700386892\n|move|p1a: Silver Chariot|Swords Dance|p1a: Silver Chariot\n|-boost|p1a: Silver Chariot|atk|2\n|move|p2a: Garganacl|Salt Cure|p1a: Silver Chariot\n|-supereffective|p1a: Silver Chariot\n|-damage|p1a: Silver Chariot|59\/100\n|-start|p1a: Silver Chariot|Salt Cure\n|-ability|p1a: Silver Chariot|Weak Armor|boost\n|-unboost|p1a: Silver Chariot|def|1\n|-boost|p1a: Silver Chariot|spe|2\n|\n|-damage|p1a: Silver Chariot|47\/100|[from] Salt Cure\n|upkeep\n|turn|8\n|\n|t:|1700386900\n|move|p2a: Garganacl|Protect|p2a: Garganacl\n|-singleturn|p2a: Garganacl|Protect\n|move|p1a: Silver Chariot|Poltergeist|p2a: Garganacl\n|-activate|p2a: Garganacl|move: Protect\n|\n|-damage|p1a: Silver Chariot|35\/100|[from] Salt Cure\n|upkeep\n|turn|9\n|\n|t:|1700386910\n|move|p1a: Silver Chariot|Poltergeist|p2a: Garganacl\n|-activate|p2a: Garganacl|move: Poltergeist|Leftovers\n|-damage|p2a: Garganacl|60\/100\n|move|p2a: Garganacl|Stealth Rock|p1a: Silver Chariot\n|-sidestart|p1: InkyGoBoo!|move: Stealth Rock\n|\n|-heal|p2a: Garganacl|66\/100|[from] item: Leftovers\n|-damage|p1a: Silver Chariot|22\/100|[from] Salt Cure\n|upkeep\n|turn|10\n|\n|t:|1700386916\n|move|p2a: Garganacl|Protect|p2a: Garganacl\n|-singleturn|p2a: Garganacl|Protect\n|move|p1a: Silver Chariot|Poltergeist|p2a: Garganacl\n|-activate|p2a: Garganacl|move: Protect\n|\n|-heal|p2a: Garganacl|72\/100|[from] item: Leftovers\n|-damage|p1a: Silver Chariot|10\/100|[from] Salt Cure\n|upkeep\n|turn|11\n|\n|t:|1700386931\n|move|p1a: Silver Chariot|Bitter Blade|p2a: Garganacl\n|-resisted|p2a: Garganacl\n|-damage|p2a: Garganacl|42\/100\n|-heal|p1a: Silver Chariot|31\/100|[from] drain|[of] p2a: Garganacl\n|move|p2a: Garganacl|Recover|p2a: Garganacl\n|-heal|p2a: Garganacl|92\/100\n|\n|-heal|p2a: Garganacl|99\/100|[from] item: Leftovers\n|-damage|p1a: Silver Chariot|18\/100|[from] Salt Cure\n|upkeep\n|turn|12\n|\n|t:|1700386938\n|move|p2a: Garganacl|Protect|p2a: Garganacl\n|-singleturn|p2a: Garganacl|Protect\n|move|p1a: Silver Chariot|Bitter Blade|p2a: Garganacl\n|-activate|p2a: Garganacl|move: Protect\n|\n|-heal|p2a: Garganacl|100\/100|[from] item: Leftovers\n|-damage|p1a: Silver Chariot|6\/100|[from] Salt Cure\n|upkeep\n|turn|13\n|\n|t:|1700386945\n|move|p1a: Silver Chariot|Bitter Blade|p2a: Garganacl\n|-resisted|p2a: Garganacl\n|-damage|p2a: Garganacl|72\/100\n|-heal|p1a: Silver Chariot|26\/100|[from] drain|[of] p2a: Garganacl\n|move|p2a: Garganacl|Salt Cure|p1a: Silver Chariot\n|-supereffective|p1a: Silver Chariot\n|-damage|p1a: Silver Chariot|0 fnt\n|faint|p1a: Silver Chariot\n|\n|-heal|p2a: Garganacl|78\/100|[from] item: Leftovers\n|upkeep\n|\n|t:|1700386950\n|switch|p1a: Hierophant Green|Sceptile-Mega, F|100\/100\n|-damage|p1a: Hierophant Green|88\/100|[from] Stealth Rock\n|turn|14\n|\n|t:|1700386957\n|move|p2a: Garganacl|Protect|p2a: Garganacl\n|-singleturn|p2a: Garganacl|Protect\n|move|p1a: Hierophant Green|Leaf Storm|p2a: Garganacl\n|-activate|p2a: Garganacl|move: Protect\n|\n|-heal|p2a: Garganacl|85\/100|[from] item: Leftovers\n|upkeep\n|turn|15\n|\n|t:|1700386968\n|move|p1a: Hierophant Green|Leaf Storm|p2a: Garganacl\n|-supereffective|p2a: Garganacl\n|-damage|p2a: Garganacl|0 fnt\n|-unboost|p1a: Hierophant Green|spa|2\n|faint|p2a: Garganacl\n|\n|upkeep\n|\n|t:|1700386981\n|switch|p2a: Gliscor|Gliscor, F|100\/100\n|turn|16\n|\n|t:|1700386986\n|switch|p1a: Hermit Purple|Tangrowth, M|100\/100\n|-damage|p1a: Hermit Purple|88\/100|[from] Stealth Rock\n|move|p2a: Gliscor|Toxic|p1a: Hermit Purple\n|-status|p1a: Hermit Purple|tox\n|\n|-heal|p1a: Hermit Purple|94\/100 tox|[from] item: Leftovers\n|-damage|p1a: Hermit Purple|88\/100 tox|[from] psn\n|-status|p2a: Gliscor|tox|[from] item: Toxic Orb\n|upkeep\n|turn|17\n|\n|t:|1700386995\n|move|p2a: Gliscor|Earthquake|p1a: Hermit Purple\n|-resisted|p1a: Hermit Purple\n|-damage|p1a: Hermit Purple|80\/100 tox\n|move|p1a: Hermit Purple|Leech Seed|p2a: Gliscor\n|-start|p2a: Gliscor|move: Leech Seed\n|\n|-heal|p1a: Hermit Purple|86\/100 tox|[from] item: Leftovers\n|-damage|p2a: Gliscor|88\/100 tox|[from] Leech Seed|[of] p1a: Hermit Purple\n|-heal|p1a: Hermit Purple|97\/100 tox|[silent]\n|-heal|p2a: Gliscor|100\/100 tox|[from] ability: Poison Heal\n|-damage|p1a: Hermit Purple|84\/100 tox|[from] psn\n|upkeep\n|turn|18\n|\n|t:|1700387003\n|move|p2a: Gliscor|Earthquake|p1a: Hermit Purple\n|-resisted|p1a: Hermit Purple\n|-damage|p1a: Hermit Purple|76\/100 tox\n|move|p1a: Hermit Purple|Synthesis|p1a: Hermit Purple\n|-heal|p1a: Hermit Purple|100\/100 tox\n|\n|-damage|p2a: Gliscor|88\/100 tox|[from] Leech Seed|[of] p1a: Hermit Purple\n|-heal|p2a: Gliscor|100\/100 tox|[from] ability: Poison Heal\n|-damage|p1a: Hermit Purple|82\/100 tox|[from] psn\n|upkeep\n|turn|19\n|\n|t:|1700387009\n|switch|p1a: Hierophant Green|Sceptile-Mega, F|88\/100\n|-damage|p1a: Hierophant Green|76\/100|[from] Stealth Rock\n|move|p2a: Gliscor|Earthquake|p1a: Hierophant Green\n|-resisted|p1a: Hierophant Green\n|-damage|p1a: Hierophant Green|49\/100\n|\n|-damage|p2a: Gliscor|88\/100 tox|[from] Leech Seed|[of] p1a: Hierophant Green\n|-heal|p1a: Hierophant Green|64\/100|[silent]\n|-heal|p2a: Gliscor|100\/100 tox|[from] ability: Poison Heal\n|upkeep\n|turn|20\n|\n|t:|1700387029\n|move|p1a: Hierophant Green|Hidden Power|p2a: Gliscor\n|-supereffective|p2a: Gliscor\n|-damage|p2a: Gliscor|0 fnt\n|faint|p2a: Gliscor\n|\n|upkeep\n|\n|t:|1700387034\n|switch|p2a: Toxapex|Toxapex, F|100\/100\n|turn|21\n|\n|t:|1700387042\n|switch|p1a: Magician's Red|Blaziken, F|100\/100\n|-damage|p1a: Magician's Red|88\/100|[from] Stealth Rock\n|move|p2a: Toxapex|Toxic|p1a: Magician's Red\n|-status|p1a: Magician's Red|tox\n|\n|-damage|p1a: Magician's Red|82\/100 tox|[from] psn\n|upkeep\n|turn|22\n|\n|t:|1700387050\n|move|p1a: Magician's Red|Thunder Punch|p2a: Toxapex\n|-supereffective|p2a: Toxapex\n|-damage|p2a: Toxapex|46\/100\n|-damage|p1a: Magician's Red|72\/100 tox|[from] item: Life Orb\n|move|p2a: Toxapex|Scald|p1a: Magician's Red\n|-supereffective|p1a: Magician's Red\n|-crit|p1a: Magician's Red\n|-damage|p1a: Magician's Red|0 fnt\n|faint|p1a: Magician's Red\n|\n|upkeep\n|\n|t:|1700387057\n|switch|p1a: The World|Zeraora|100\/100\n|-damage|p1a: The World|88\/100|[from] Stealth Rock\n|turn|23\n|c|\u2606InkyGoBoo!|ZA WARUDO!\n|\n|t:|1700387070\n|-terastallize|p2a: Toxapex|Fairy\n|move|p1a: The World|Plasma Fists|p2a: Toxapex\n|-damage|p2a: Toxapex|0 fnt\n|-fieldactivate|move: Ion Deluge\n|-hint|Normal-type moves become Electric-type after using Plasma Fists.\n|faint|p2a: Toxapex\n|\n|upkeep\n|\n|t:|1700387075\n|switch|p2a: Sableye|Sableye, M|100\/100\n|turn|24\n|\n|t:|1700387077\n|move|p2a: Sableye|Will-O-Wisp|p1a: The World|[miss]\n|-miss|p2a: Sableye|p1a: The World\n|move|p1a: The World|Plasma Fists|p2a: Sableye\n|-damage|p2a: Sableye|28\/100\n|-fieldactivate|move: Ion Deluge\n|-hint|Normal-type moves become Electric-type after using Plasma Fists.\n|\n|upkeep\n|turn|25\n|\n|t:|1700387086\n|move|p2a: Sableye|Will-O-Wisp|p1a: The World\n|-status|p1a: The World|brn\n|move|p1a: The World|Plasma Fists|p2a: Sableye\n|-damage|p2a: Sableye|0 fnt\n|-fieldactivate|move: Ion Deluge\n|-hint|Normal-type moves become Electric-type after using Plasma Fists.\n|faint|p2a: Sableye\n|\n|-damage|p1a: The World|82\/100 brn|[from] brn\n|upkeep\n|\n|t:|1700387089\n|switch|p2a: Dondozo|Dondozo, F|100\/100\n|turn|26\n|\n|t:|1700387094\n|move|p1a: The World|Plasma Fists|p2a: Dondozo\n|-supereffective|p2a: Dondozo\n|-damage|p2a: Dondozo|70\/100\n|-fieldactivate|move: Ion Deluge\n|-hint|Normal-type moves become Electric-type after using Plasma Fists.\n|move|p2a: Dondozo|Curse|p2a: Dondozo\n|-unboost|p2a: Dondozo|spe|1\n|-boost|p2a: Dondozo|atk|1\n|-boost|p2a: Dondozo|def|1\n|\n|-heal|p2a: Dondozo|76\/100|[from] item: Leftovers\n|-damage|p1a: The World|76\/100 brn|[from] brn\n|upkeep\n|turn|27\n|\n|t:|1700387099\n|move|p1a: The World|Plasma Fists|p2a: Dondozo\n|-supereffective|p2a: Dondozo\n|-damage|p2a: Dondozo|55\/100\n|-fieldactivate|move: Ion Deluge\n|-hint|Normal-type moves become Electric-type after using Plasma Fists.\n|move|p2a: Dondozo|Curse|p2a: Dondozo\n|-unboost|p2a: Dondozo|spe|1\n|-boost|p2a: Dondozo|atk|1\n|-boost|p2a: Dondozo|def|1\n|\n|-heal|p2a: Dondozo|61\/100|[from] item: Leftovers\n|-damage|p1a: The World|70\/100 brn|[from] brn\n|upkeep\n|turn|28\n|\n|t:|1700387102\n|move|p1a: The World|Plasma Fists|p2a: Dondozo\n|-supereffective|p2a: Dondozo\n|-damage|p2a: Dondozo|46\/100\n|-fieldactivate|move: Ion Deluge\n|-hint|Normal-type moves become Electric-type after using Plasma Fists.\n|move|p2a: Dondozo|Curse|p2a: Dondozo\n|-unboost|p2a: Dondozo|spe|1\n|-boost|p2a: Dondozo|atk|1\n|-boost|p2a: Dondozo|def|1\n|\n|-heal|p2a: Dondozo|52\/100|[from] item: Leftovers\n|-damage|p1a: The World|64\/100 brn|[from] brn\n|upkeep\n|turn|29\n|\n|t:|1700387111\n|move|p1a: The World|Plasma Fists|p2a: Dondozo\n|-supereffective|p2a: Dondozo\n|-damage|p2a: Dondozo|39\/100\n|-fieldactivate|move: Ion Deluge\n|-hint|Normal-type moves become Electric-type after using Plasma Fists.\n|move|p2a: Dondozo|Curse|p2a: Dondozo\n|-unboost|p2a: Dondozo|spe|1\n|-boost|p2a: Dondozo|atk|1\n|-boost|p2a: Dondozo|def|1\n|\n|-heal|p2a: Dondozo|45\/100|[from] item: Leftovers\n|-damage|p1a: The World|58\/100 brn|[from] brn\n|upkeep\n|turn|30\n|\n|t:|1700387115\n|move|p1a: The World|Plasma Fists|p2a: Dondozo\n|-supereffective|p2a: Dondozo\n|-damage|p2a: Dondozo|35\/100\n|-fieldactivate|move: Ion Deluge\n|-hint|Normal-type moves become Electric-type after using Plasma Fists.\n|move|p2a: Dondozo|Curse|p2a: Dondozo\n|-unboost|p2a: Dondozo|spe|1\n|-boost|p2a: Dondozo|atk|1\n|-boost|p2a: Dondozo|def|1\n|\n|-heal|p2a: Dondozo|41\/100|[from] item: Leftovers\n|-damage|p1a: The World|52\/100 brn|[from] brn\n|upkeep\n|turn|31\n|\n|t:|1700387121\n|move|p1a: The World|Plasma Fists|p2a: Dondozo\n|-supereffective|p2a: Dondozo\n|-damage|p2a: Dondozo|32\/100\n|-fieldactivate|move: Ion Deluge\n|-hint|Normal-type moves become Electric-type after using Plasma Fists.\n|move|p2a: Dondozo|Curse|p2a: Dondozo\n|-unboost|p2a: Dondozo|spe|1\n|-boost|p2a: Dondozo|atk|1\n|-boost|p2a: Dondozo|def|1\n|\n|-heal|p2a: Dondozo|39\/100|[from] item: Leftovers\n|-damage|p1a: The World|46\/100 brn|[from] brn\n|upkeep\n|turn|32\n|\n|t:|1700387128\n|move|p1a: The World|Plasma Fists|p2a: Dondozo\n|-supereffective|p2a: Dondozo\n|-damage|p2a: Dondozo|31\/100\n|-fieldactivate|move: Ion Deluge\n|-hint|Normal-type moves become Electric-type after using Plasma Fists.\n|move|p2a: Dondozo|Rest|p2a: Dondozo\n|-status|p2a: Dondozo|slp|[from] move: Rest\n|-heal|p2a: Dondozo|100\/100 slp|[silent]\n|\n|-damage|p1a: The World|40\/100 brn|[from] brn\n|upkeep\n|turn|33\n|\n|t:|1700387136\n|switch|p1a: Hierophant Green|Sceptile-Mega, F|64\/100\n|-damage|p1a: Hierophant Green|51\/100|[from] Stealth Rock\n|cant|p2a: Dondozo|slp\n|move|p2a: Dondozo|Sleep Talk|p2a: Dondozo\n|move|p2a: Dondozo|Liquidation|p1a: Hierophant Green|[from]move: Sleep Talk\n|-resisted|p1a: Hierophant Green\n|-damage|p1a: Hierophant Green|7\/100\n|-unboost|p1a: Hierophant Green|def|1\n|\n|upkeep\n|turn|34\n|\n|t:|1700387149\n|move|p1a: Hierophant Green|Leaf Storm|p2a: Dondozo\n|-supereffective|p2a: Dondozo\n|-damage|p2a: Dondozo|0 fnt\n|-unboost|p1a: Hierophant Green|spa|2\n|faint|p2a: Dondozo\n|\n|win|InkyGoBoo!\n|raw|InkyGoBoo!'s rating: 1352 &rarr; <strong>1374<\/strong><br \/>(+22 for winning)\n|raw|Leo11123's rating: 1386 &rarr; <strong>1364<\/strong><br \/>(-22 for losing)\n|l|\u2606Leo11123\n|c|\u2606InkyGoBoo!|Yare yare daze...\n","uploadtime":1700387163,"views":13,"p1id":"inkygoboo","p2id":"leo11123","formatid":"gen9nationaldex","rating":1364,"private":0,"password":""}