{"id":"gen9nationaldex-1989251951","p1":"vertigou","p2":"jamon_con_talco","format":"[Gen 9] National Dex","log":"|j|\u2606vertigou\n|j|\u2606jamon_con_talco\n|t:|1699828202\n|gametype|singles\n|player|p1|vertigou|gambler|\n|player|p2|jamon_con_talco|clerk|\n|teamsize|p1|6\n|teamsize|p2|6\n|gen|9\n|tier|[Gen 9] National Dex\n|rule|HP Percentage Mod: HP is shown in percentages\n|rule|Endless Battle Clause: Forcing endless battles is banned\n|rule|OHKO Clause: OHKO moves are banned\n|rule|Evasion Clause: Evasion abilities, items, and moves are banned\n|rule|Evasion Abilities Clause: Evasion abilities are banned\n|rule|Evasion Items Clause: Evasion items are banned\n|rule|Evasion Moves Clause: Evasion moves are banned\n|rule|Species Clause: Limit one of each Pok\u00e9mon\n|rule|Sleep Clause Mod: Limit one foe put to sleep\n|clearpoke\n|poke|p1|Meowscarada, F|\n|poke|p1|Lycanroc, M|\n|poke|p1|Pawmot, M|\n|poke|p1|Dudunsparce-*, M|\n|poke|p1|Goodra, F|\n|poke|p1|Orthworm, F|\n|poke|p2|Charizard, M|\n|poke|p2|Snorlax, F|\n|poke|p2|Pikachu, F|\n|poke|p2|Lapras, M|\n|poke|p2|Articuno|\n|poke|p2|Venusaur, M|\n|teampreview\n|c|\u2606jamon_con_talco|glhf\n|j| carlotaRC\n|\n|t:|1699828235\n|start\n|switch|p1a: Pawmot|Pawmot, M|100\/100\n|switch|p2a: Pikachu|Pikachu, F|100\/100\n|turn|1\n|\n|t:|1699828251\n|move|p2a: Pikachu|Fake Out|p1a: Pawmot\n|-damage|p1a: Pawmot|72\/100\n|cant|p1a: Pawmot|flinch\n|\n|upkeep\n|turn|2\n|\n|t:|1699828256\n|switch|p2a: Venusaur|Venusaur, M, shiny|100\/100\n|move|p1a: Pawmot|Close Combat|p2a: Venusaur\n|-resisted|p2a: Venusaur\n|-damage|p2a: Venusaur|63\/100\n|-unboost|p1a: Pawmot|def|1\n|-unboost|p1a: Pawmot|spd|1\n|\n|upkeep\n|turn|3\n|\n|t:|1699828265\n|switch|p1a: Orthworm|Orthworm, F|100\/100\n|move|p2a: Venusaur|Earth Power|p1a: Orthworm\n|-immune|p1a: Orthworm|[from] ability: Earth Eater\n|\n|upkeep\n|turn|4\n|\n|t:|1699828271\n|switch|p2a: ban name|Charizard, M, shiny|100\/100\n|move|p1a: Orthworm|Iron Defense|p1a: Orthworm\n|-boost|p1a: Orthworm|def|2\n|\n|upkeep\n|turn|5\n|\n|t:|1699828279\n|detailschange|p2a: ban name|Charizard-Mega-Y, M, shiny\n|-mega|p2a: ban name|Charizard|Charizardite Y\n|-weather|SunnyDay|[from] ability: Drought|[of] p2a: ban name\n|-terastallize|p1a: Orthworm|Water\n|move|p2a: ban name|Flamethrower|p1a: Orthworm\n|-resisted|p1a: Orthworm\n|-damage|p1a: Orthworm|38\/100\n|-enditem|p1a: Orthworm|Sitrus Berry|[eat]\n|-heal|p1a: Orthworm|62\/100|[from] item: Sitrus Berry\n|move|p1a: Orthworm|Heavy Slam|p2a: ban name\n|-resisted|p2a: ban name\n|-damage|p2a: ban name|83\/100\n|\n|-weather|SunnyDay|[upkeep]\n|upkeep\n|turn|6\n|\n|t:|1699828296\n|switch|p1a: Dudunsparce|Dudunsparce, M|100\/100\n|move|p2a: ban name|Solar Beam||[still]\n|-prepare|p2a: ban name|Solar Beam\n|-anim|p2a: ban name|Solar Beam|p1a: Dudunsparce\n|-damage|p1a: Dudunsparce|68\/100\n|\n|-weather|SunnyDay|[upkeep]\n|-heal|p1a: Dudunsparce|74\/100|[from] item: Leftovers\n|upkeep\n|turn|7\n|\n|t:|1699828309\n|switch|p2a: Venusaur|Venusaur, M, shiny|63\/100\n|move|p1a: Dudunsparce|Coil|p1a: Dudunsparce\n|-boost|p1a: Dudunsparce|atk|1\n|-boost|p1a: Dudunsparce|def|1\n|-boost|p1a: Dudunsparce|accuracy|1\n|\n|-weather|SunnyDay|[upkeep]\n|-heal|p1a: Dudunsparce|80\/100|[from] item: Leftovers\n|upkeep\n|turn|8\n|\n|t:|1699828317\n|-zpower|p2a: Venusaur\n|move|p2a: Venusaur|Acid Downpour|p1a: Dudunsparce|[zeffect]\n|-damage|p1a: Dudunsparce|27\/100\n|move|p1a: Dudunsparce|Substitute|p1a: Dudunsparce\n|-start|p1a: Dudunsparce|Substitute\n|-damage|p1a: Dudunsparce|2\/100\n|\n|-weather|SunnyDay|[upkeep]\n|-heal|p1a: Dudunsparce|8\/100|[from] item: Leftovers\n|upkeep\n|turn|9\n|\n|t:|1699828328\n|move|p2a: Venusaur|Earth Power|p1a: Dudunsparce\n|-activate|p1a: Dudunsparce|move: Substitute|[damage]\n|move|p1a: Dudunsparce|Roost|p1a: Dudunsparce\n|-heal|p1a: Dudunsparce|58\/100\n|-singleturn|p1a: Dudunsparce|move: Roost\n|\n|-weather|none\n|-heal|p1a: Dudunsparce|65\/100|[from] item: Leftovers\n|upkeep\n|turn|10\n|\n|t:|1699828337\n|move|p2a: Venusaur|Sludge Bomb|p1a: Dudunsparce\n|-end|p1a: Dudunsparce|Substitute\n|move|p1a: Dudunsparce|Body Slam|p2a: Venusaur\n|-damage|p2a: Venusaur|6\/100\n|-status|p2a: Venusaur|par\n|\n|-heal|p1a: Dudunsparce|71\/100|[from] item: Leftovers\n|upkeep\n|turn|11\n|\n|t:|1699828351\n|move|p1a: Dudunsparce|Substitute|p1a: Dudunsparce\n|-start|p1a: Dudunsparce|Substitute\n|-damage|p1a: Dudunsparce|46\/100\n|move|p2a: Venusaur|Sludge Bomb|p1a: Dudunsparce\n|-end|p1a: Dudunsparce|Substitute\n|\n|-heal|p1a: Dudunsparce|52\/100|[from] item: Leftovers\n|upkeep\n|turn|12\n|\n|t:|1699828358\n|move|p1a: Dudunsparce|Body Slam|p2a: Venusaur\n|-damage|p2a: Venusaur|0 fnt\n|faint|p2a: Venusaur\n|\n|-heal|p1a: Dudunsparce|58\/100|[from] item: Leftovers\n|upkeep\n|\n|t:|1699828362\n|switch|p2a: Articuno|Articuno, shiny|100\/100\n|-ability|p2a: Articuno|Pressure\n|turn|13\n|\n|t:|1699828367\n|move|p2a: Articuno|Haze|p2a: Articuno\n|-clearallboost\n|move|p1a: Dudunsparce|Body Slam|p2a: Articuno\n|-damage|p2a: Articuno|76\/100\n|\n|-heal|p1a: Dudunsparce|64\/100|[from] item: Leftovers\n|upkeep\n|turn|14\n|\n|t:|1699828381\n|move|p2a: Articuno|Toxic|p1a: Dudunsparce\n|-status|p1a: Dudunsparce|tox\n|move|p1a: Dudunsparce|Substitute|p1a: Dudunsparce\n|-start|p1a: Dudunsparce|Substitute\n|-damage|p1a: Dudunsparce|39\/100 tox\n|\n|-heal|p1a: Dudunsparce|46\/100 tox|[from] item: Leftovers\n|-damage|p1a: Dudunsparce|39\/100 tox|[from] psn\n|upkeep\n|turn|15\n|\n|t:|1699828389\n|move|p2a: Articuno|Roost|p2a: Articuno\n|-heal|p2a: Articuno|100\/100\n|-singleturn|p2a: Articuno|move: Roost\n|move|p1a: Dudunsparce|Body Slam|p2a: Articuno\n|-damage|p2a: Articuno|75\/100\n|-status|p2a: Articuno|par\n|\n|-heal|p1a: Dudunsparce|46\/100 tox|[from] item: Leftovers\n|-damage|p1a: Dudunsparce|33\/100 tox|[from] psn\n|upkeep\n|turn|16\n|\n|t:|1699828403\n|move|p1a: Dudunsparce|Roost|p1a: Dudunsparce\n|-heal|p1a: Dudunsparce|83\/100 tox\n|-singleturn|p1a: Dudunsparce|move: Roost\n|move|p2a: Articuno|Roost|p2a: Articuno\n|-heal|p2a: Articuno|100\/100 par\n|-singleturn|p2a: Articuno|move: Roost\n|\n|-heal|p1a: Dudunsparce|89\/100 tox|[from] item: Leftovers\n|-damage|p1a: Dudunsparce|71\/100 tox|[from] psn\n|upkeep\n|turn|17\n|\n|t:|1699828418\n|switch|p1a: Lycanroc|Lycanroc, M|100\/100\n|move|p2a: Articuno|Freeze-Dry|p1a: Lycanroc\n|-damage|p1a: Lycanroc|64\/100\n|\n|upkeep\n|turn|18\n|\n|t:|1699828435\n|-terastallize|p2a: Articuno|Steel\n|move|p1a: Lycanroc|Stone Edge|p2a: Articuno|[miss]\n|-miss|p1a: Lycanroc|p2a: Articuno\n|move|p2a: Articuno|Toxic|p1a: Lycanroc\n|-status|p1a: Lycanroc|tox\n|\n|-damage|p1a: Lycanroc|57\/100 tox|[from] psn\n|upkeep\n|turn|19\n|\n|t:|1699828448\n|switch|p2a: Snorlax|Snorlax, F, shiny|100\/100\n|move|p1a: Lycanroc|Close Combat|p2a: Snorlax\n|-supereffective|p2a: Snorlax\n|-damage|p2a: Snorlax|26\/100\n|-unboost|p1a: Lycanroc|def|1\n|-unboost|p1a: Lycanroc|spd|1\n|-damage|p1a: Lycanroc|47\/100 tox|[from] item: Life Orb\n|\n|-heal|p2a: Snorlax|33\/100|[from] item: Leftovers\n|-damage|p1a: Lycanroc|35\/100 tox|[from] psn\n|upkeep\n|turn|20\n|\n|t:|1699828468\n|move|p1a: Lycanroc|Close Combat|p2a: Snorlax\n|-supereffective|p2a: Snorlax\n|-damage|p2a: Snorlax|0 fnt\n|-unboost|p1a: Lycanroc|def|1\n|-unboost|p1a: Lycanroc|spd|1\n|faint|p2a: Snorlax\n|-damage|p1a: Lycanroc|25\/100 tox|[from] item: Life Orb\n|\n|-damage|p1a: Lycanroc|7\/100 tox|[from] psn\n|upkeep\n|\n|t:|1699828474\n|switch|p2a: Pikachu|Pikachu, F|100\/100\n|turn|21\n|\n|t:|1699828482\n|switch|p1a: Pawmot|Pawmot, M|72\/100\n|move|p2a: Pikachu|Fake Out|p1a: Pawmot\n|-damage|p1a: Pawmot|45\/100\n|\n|upkeep\n|turn|22\n|\n|t:|1699828501\n|move|p2a: Pikachu|Extreme Speed|p1a: Pawmot\n|-damage|p1a: Pawmot|0 fnt\n|faint|p1a: Pawmot\n|\n|upkeep\n|\n|t:|1699828531\n|switch|p1a: Goodra|Goodra, F|100\/100\n|turn|23\n|\n|t:|1699828537\n|move|p2a: Pikachu|Volt Switch|p1a: Goodra\n|-resisted|p1a: Goodra\n|-damage|p1a: Goodra|97\/100\n|\n|t:|1699828539\n|switch|p2a: Articuno|Articuno, shiny, tera:Steel|100\/100 par|[from] Volt Switch\n|-ability|p2a: Articuno|Pressure\n|move|p1a: Goodra|Acid Spray|p2a: Articuno\n|-immune|p2a: Articuno\n|\n|upkeep\n|turn|24\n|\n|t:|1699828554\n|switch|p1a: Dudunsparce|Dudunsparce, M|71\/100 tox\n|move|p2a: Articuno|Toxic|p1a: Dudunsparce\n|-fail|p1a: Dudunsparce|tox\n|\n|-heal|p1a: Dudunsparce|77\/100 tox|[from] item: Leftovers\n|-damage|p1a: Dudunsparce|71\/100 tox|[from] psn\n|upkeep\n|turn|25\n|\n|t:|1699828578\n|move|p1a: Dudunsparce|Body Slam|p2a: Articuno\n|-resisted|p2a: Articuno\n|-damage|p2a: Articuno|86\/100 par\n|cant|p2a: Articuno|par\n|\n|-heal|p1a: Dudunsparce|77\/100 tox|[from] item: Leftovers\n|-damage|p1a: Dudunsparce|65\/100 tox|[from] psn\n|upkeep\n|turn|26\n|\n|t:|1699828604\n|switch|p1a: Orthworm|Orthworm, F, tera:Water|62\/100\n|move|p2a: Articuno|Freeze-Dry|p1a: Orthworm\n|-supereffective|p1a: Orthworm\n|-crit|p1a: Orthworm\n|-damage|p1a: Orthworm|0 fnt\n|faint|p1a: Orthworm\n|\n|upkeep\n|\n|t:|1699828612\n|switch|p1a: Lycanroc|Lycanroc, M|7\/100 tox\n|turn|27\n|\n|t:|1699828622\n|switch|p2a: ban name|Charizard-Mega-Y, M, shiny|83\/100\n|-weather|SunnyDay|[from] ability: Drought|[of] p2a: ban name\n|move|p1a: Lycanroc|Stone Edge|p2a: ban name\n|-supereffective|p2a: ban name\n|-damage|p2a: ban name|0 fnt\n|faint|p2a: ban name\n|-damage|p1a: Lycanroc|0 fnt|[from] item: Life Orb\n|faint|p1a: Lycanroc\n|\n|-weather|SunnyDay|[upkeep]\n|upkeep\n|\n|t:|1699828634\n|switch|p1a: Meowscarada|Meowscarada, F, shiny|100\/100\n|switch|p2a: Pikachu|Pikachu, F|100\/100\n|turn|28\n|\n|t:|1699828653\n|move|p2a: Pikachu|Fake Out|p1a: Meowscarada\n|-damage|p1a: Meowscarada|75\/100\n|cant|p1a: Meowscarada|flinch\n|\n|-weather|SunnyDay|[upkeep]\n|upkeep\n|turn|29\n|\n|t:|1699828659\n|switch|p2a: Articuno|Articuno, shiny, tera:Steel|86\/100 par\n|-ability|p2a: Articuno|Pressure\n|move|p1a: Meowscarada|Knock Off|p2a: Articuno\n|-start|p1a: Meowscarada|typechange|Dark|[from] ability: Protean\n|-damage|p2a: Articuno|27\/100 par\n|-enditem|p2a: Articuno|Heavy-Duty Boots|[from] move: Knock Off|[of] p1a: Meowscarada\n|\n|-weather|SunnyDay|[upkeep]\n|upkeep\n|turn|30\n|\n|t:|1699828669\n|move|p1a: Meowscarada|Knock Off|p2a: Articuno\n|-damage|p2a: Articuno|0 fnt\n|faint|p2a: Articuno\n|\n|-weather|SunnyDay|[upkeep]\n|upkeep\n|\n|t:|1699828671\n|switch|p2a: Pikachu|Pikachu, F|100\/100\n|turn|31\n|\n|t:|1699828676\n|move|p2a: Pikachu|Fake Out|p1a: Meowscarada\n|-damage|p1a: Meowscarada|50\/100\n|cant|p1a: Meowscarada|flinch\n|\n|-weather|none\n|upkeep\n|turn|32\n|\n|t:|1699828681\n|move|p2a: Pikachu|Extreme Speed|p1a: Meowscarada\n|-damage|p1a: Meowscarada|0 fnt\n|faint|p1a: Meowscarada\n|\n|upkeep\n|\n|t:|1699828705\n|switch|p1a: Goodra|Goodra, F|97\/100\n|turn|33\n|l| carlotaRC\n|j| carlotaRC\n|\n|t:|1699828724\n|move|p2a: Pikachu|Volt Switch|p1a: Goodra\n|-resisted|p1a: Goodra\n|-damage|p1a: Goodra|92\/100\n|\n|t:|1699828726\n|switch|p2a: vilu's choise|Lapras, M, shiny|100\/100|[from] Volt Switch\n|move|p1a: Goodra|Acid Spray|p2a: vilu's choise\n|-damage|p2a: vilu's choise|95\/100\n|-unboost|p2a: vilu's choise|spd|2\n|\n|upkeep\n|turn|34\n|j| Vaictador\n|\n|t:|1699828755\n|move|p1a: Goodra|Thunderbolt|p2a: vilu's choise\n|-supereffective|p2a: vilu's choise\n|-damage|p2a: vilu's choise|45\/100\n|move|p2a: vilu's choise|Perish Song|p2a: vilu's choise\n|-start|p1a: Goodra|perish3|[silent]\n|-start|p2a: vilu's choise|perish3|[silent]\n|-fieldactivate|move: Perish Song\n|\n|-start|p1a: Goodra|perish3\n|-start|p2a: vilu's choise|perish3\n|upkeep\n|turn|35\n|\n|t:|1699828770\n|move|p1a: Goodra|Thunderbolt|p2a: vilu's choise\n|-supereffective|p2a: vilu's choise\n|-damage|p2a: vilu's choise|0 fnt\n|faint|p2a: vilu's choise\n|\n|-start|p1a: Goodra|perish2\n|upkeep\n|\n|t:|1699828772\n|switch|p2a: Pikachu|Pikachu, F|100\/100\n|turn|36\n|\n|t:|1699828780\n|switch|p1a: Dudunsparce|Dudunsparce, M|65\/100 tox\n|move|p2a: Pikachu|Fake Out|p1a: Dudunsparce\n|-damage|p1a: Dudunsparce|49\/100 tox\n|\n|-heal|p1a: Dudunsparce|56\/100 tox|[from] item: Leftovers\n|-damage|p1a: Dudunsparce|49\/100 tox|[from] psn\n|upkeep\n|turn|37\n|\n|t:|1699828790\n|move|p2a: Pikachu|Volt Tackle|p1a: Dudunsparce\n|-damage|p1a: Dudunsparce|0 fnt\n|faint|p1a: Dudunsparce\n|-damage|p2a: Pikachu|66\/100|[from] Recoil\n|\n|upkeep\n|\n|t:|1699828795\n|switch|p1a: Goodra|Goodra, F|92\/100\n|turn|38\n|\n|t:|1699828830\n|move|p2a: Pikachu|Volt Tackle|p1a: Goodra\n|-resisted|p1a: Goodra\n|-damage|p1a: Goodra|50\/100\n|-damage|p2a: Pikachu|40\/100|[from] Recoil\n|move|p1a: Goodra|Draco Meteor|p2a: Pikachu\n|-damage|p2a: Pikachu|0 fnt\n|-unboost|p1a: Goodra|spa|2\n|faint|p2a: Pikachu\n|\n|win|vertigou\n|l| Vaictador\n|l| carlotaRC\n","uploadtime":1699828852,"views":7,"p1id":"vertigou","p2id":"jamoncontalco","formatid":"gen9nationaldex","rating":0,"private":0,"password":""}