{"id":"gen9nationaldex-1991536348","p1":"Chief_Shado","p2":"Spler","format":"[Gen 9] National Dex","log":"|j|\u2606Chief_Shado\n|j|\u2606Spler\n|t:|1700086029\n|gametype|singles\n|player|p1|Chief_Shado|n|1375\n|player|p2|Spler|102|1524\n|teamsize|p1|6\n|teamsize|p2|6\n|gen|9\n|tier|[Gen 9] National Dex\n|rated|\n|rule|HP Percentage Mod: HP is shown in percentages\n|rule|Endless Battle Clause: Forcing endless battles is banned\n|rule|OHKO Clause: OHKO moves are banned\n|rule|Evasion Clause: Evasion abilities, items, and moves are banned\n|rule|Evasion Abilities Clause: Evasion abilities are banned\n|rule|Evasion Items Clause: Evasion items are banned\n|rule|Evasion Moves Clause: Evasion moves are banned\n|rule|Species Clause: Limit one of each Pok\u00e9mon\n|rule|Sleep Clause Mod: Limit one foe put to sleep\n|clearpoke\n|poke|p1|Galvantula, M|\n|poke|p1|Charizard, F|\n|poke|p1|Excadrill, F|\n|poke|p1|Greninja-*, M|\n|poke|p1|Landorus-Therian, M|\n|poke|p1|Rotom-Wash|\n|poke|p2|Weavile, M|\n|poke|p2|Ferrothorn, M|\n|poke|p2|Toxapex, M|\n|poke|p2|Dragonite, M|\n|poke|p2|Great Tusk|\n|poke|p2|Volcarona, F|\n|teampreview\n|inactive|Battle timer is ON: inactive players will automatically lose when time's up. (requested by Chief_Shado)\n|\n|t:|1700086052\n|start\n|switch|p1a: Galvantula|Galvantula, M|100\/100\n|switch|p2a: Weavile|Weavile, M|100\/100\n|-ability|p2a: Weavile|Pressure\n|turn|1\n|\n|t:|1700086062\n|switch|p1a: Landorus|Landorus-Therian, M|100\/100\n|-ability|p1a: Landorus|Intimidate|boost\n|-unboost|p2a: Weavile|atk|1\n|move|p2a: Weavile|Triple Axel|p1a: Landorus\n|-supereffective|p1a: Landorus\n|-damage|p1a: Landorus|52\/100\n|-supereffective|p1a: Landorus\n|-damage|p1a: Landorus|0 fnt\n|faint|p1a: Landorus\n|-hitcount|p1: Landorus|2\n|\n|upkeep\n|\n|t:|1700086078\n|switch|p1a: Rotom|Rotom-Wash|100\/100\n|turn|2\n|\n|t:|1700086087\n|switch|p2a: Ferrothorn|Ferrothorn, M|100\/100\n|move|p1a: Rotom|Will-O-Wisp|p2a: Ferrothorn\n|-status|p2a: Ferrothorn|brn\n|\n|-damage|p2a: Ferrothorn|94\/100 brn|[from] brn\n|upkeep\n|turn|3\n|\n|t:|1700086096\n|move|p1a: Rotom|Volt Switch|p2a: Ferrothorn\n|-resisted|p2a: Ferrothorn\n|-damage|p2a: Ferrothorn|83\/100 brn\n|\n|t:|1700086098\n|switch|p1a: Galvantula|Galvantula, M|100\/100|[from] Volt Switch\n|move|p2a: Ferrothorn|Stealth Rock|p1a: Galvantula\n|-sidestart|p1: Chief_Shado|move: Stealth Rock\n|\n|-heal|p2a: Ferrothorn|89\/100 brn|[from] item: Leftovers\n|-damage|p2a: Ferrothorn|83\/100 brn|[from] brn\n|upkeep\n|turn|4\n|\n|t:|1700086108\n|move|p1a: Galvantula|Sticky Web|p2a: Ferrothorn\n|-sidestart|p2: Spler|move: Sticky Web\n|move|p2a: Ferrothorn|Spikes|p1a: Galvantula\n|-sidestart|p1: Chief_Shado|Spikes\n|\n|-heal|p2a: Ferrothorn|89\/100 brn|[from] item: Leftovers\n|-damage|p2a: Ferrothorn|83\/100 brn|[from] brn\n|upkeep\n|turn|5\n|\n|t:|1700086118\n|move|p1a: Galvantula|Bug Buzz|p2a: Ferrothorn\n|-damage|p2a: Ferrothorn|52\/100 brn\n|move|p2a: Ferrothorn|Spikes|p1a: Galvantula\n|-sidestart|p1: Chief_Shado|Spikes\n|\n|-heal|p2a: Ferrothorn|58\/100 brn|[from] item: Leftovers\n|-damage|p2a: Ferrothorn|52\/100 brn|[from] brn\n|upkeep\n|turn|6\n|\n|t:|1700086128\n|move|p1a: Galvantula|Bug Buzz|p2a: Ferrothorn\n|-damage|p2a: Ferrothorn|19\/100 brn\n|move|p2a: Ferrothorn|Spikes|p1a: Galvantula\n|-sidestart|p1: Chief_Shado|Spikes\n|\n|-heal|p2a: Ferrothorn|25\/100 brn|[from] item: Leftovers\n|-damage|p2a: Ferrothorn|19\/100 brn|[from] brn\n|upkeep\n|turn|7\n|\n|t:|1700086141\n|move|p1a: Galvantula|Bug Buzz|p2a: Ferrothorn\n|-damage|p2a: Ferrothorn|0 fnt\n|faint|p2a: Ferrothorn\n|\n|upkeep\n|\n|t:|1700086147\n|switch|p2a: Great Tusk|Great Tusk|100\/100\n|-activate|p2a: Great Tusk|move: Sticky Web\n|-unboost|p2a: Great Tusk|spe|1\n|turn|8\n|\n|t:|1700086166\n|switch|p1a: Excadrill|Excadrill, F|100\/100\n|-damage|p1a: Excadrill|97\/100|[from] Stealth Rock\n|-damage|p1a: Excadrill|73\/100|[from] Spikes\n|move|p2a: Great Tusk|Rapid Spin|p1a: Excadrill\n|-resisted|p1a: Excadrill\n|-damage|p1a: Excadrill|63\/100\n|-boost|p2a: Great Tusk|spe|1\n|-sideend|p2: Spler|Sticky Web|[from] move: Rapid Spin|[of] p2a: Great Tusk\n|\n|-heal|p1a: Excadrill|69\/100|[from] item: Leftovers\n|upkeep\n|turn|9\n|\n|t:|1700086178\n|move|p1a: Excadrill|Rapid Spin|p2a: Great Tusk\n|-damage|p2a: Great Tusk|89\/100\n|-boost|p1a: Excadrill|spe|1\n|-sideend|p1: Chief_Shado|Spikes|[from] move: Rapid Spin|[of] p1a: Excadrill\n|-sideend|p1: Chief_Shado|Stealth Rock|[from] move: Rapid Spin|[of] p1a: Excadrill\n|move|p2a: Great Tusk|Earthquake|p1a: Excadrill\n|-supereffective|p1a: Excadrill\n|-damage|p1a: Excadrill|0 fnt\n|faint|p1a: Excadrill\n|\n|-heal|p2a: Great Tusk|96\/100|[from] item: Leftovers\n|upkeep\n|\n|t:|1700086186\n|switch|p1a: Rotom|Rotom-Wash|100\/100\n|turn|10\n|\n|t:|1700086191\n|move|p2a: Great Tusk|Knock Off|p1a: Rotom\n|-damage|p1a: Rotom|69\/100\n|-enditem|p1a: Rotom|Leftovers|[from] move: Knock Off|[of] p2a: Great Tusk\n|move|p1a: Rotom|Will-O-Wisp|p2a: Great Tusk\n|-status|p2a: Great Tusk|brn\n|\n|-heal|p2a: Great Tusk|100\/100 brn|[from] item: Leftovers\n|-damage|p2a: Great Tusk|94\/100 brn|[from] brn\n|upkeep\n|turn|11\n|\n|t:|1700086205\n|move|p2a: Great Tusk|Knock Off|p1a: Rotom\n|-crit|p1a: Rotom\n|-damage|p1a: Rotom|54\/100\n|move|p1a: Rotom|Hydro Pump|p2a: Great Tusk|[miss]\n|-miss|p1a: Rotom|p2a: Great Tusk\n|\n|-heal|p2a: Great Tusk|100\/100 brn|[from] item: Leftovers\n|-damage|p2a: Great Tusk|94\/100 brn|[from] brn\n|upkeep\n|turn|12\n|\n|t:|1700086219\n|switch|p1a: Charizard|Charizard, F|100\/100\n|move|p2a: Great Tusk|Knock Off|p1a: Charizard\n|-damage|p1a: Charizard|88\/100\n|\n|-heal|p2a: Great Tusk|100\/100 brn|[from] item: Leftovers\n|-damage|p2a: Great Tusk|94\/100 brn|[from] brn\n|upkeep\n|turn|13\n|\n|t:|1700086230\n|detailschange|p1a: Charizard|Charizard-Mega-X, F\n|-mega|p1a: Charizard|Charizard|Charizardite X\n|move|p1a: Charizard|Dragon Dance|p1a: Charizard\n|-boost|p1a: Charizard|atk|1\n|-boost|p1a: Charizard|spe|1\n|move|p2a: Great Tusk|Rapid Spin|p1a: Charizard\n|-damage|p1a: Charizard|80\/100\n|-boost|p2a: Great Tusk|spe|1\n|\n|-heal|p2a: Great Tusk|100\/100 brn|[from] item: Leftovers\n|-damage|p2a: Great Tusk|94\/100 brn|[from] brn\n|upkeep\n|turn|14\n|\n|t:|1700086243\n|move|p1a: Charizard|Dragon Dance|p1a: Charizard\n|-boost|p1a: Charizard|atk|1\n|-boost|p1a: Charizard|spe|1\n|move|p2a: Great Tusk|Earthquake|p1a: Charizard\n|-supereffective|p1a: Charizard\n|-damage|p1a: Charizard|31\/100\n|\n|-heal|p2a: Great Tusk|100\/100 brn|[from] item: Leftovers\n|-damage|p2a: Great Tusk|94\/100 brn|[from] brn\n|upkeep\n|turn|15\n|\n|t:|1700086253\n|move|p1a: Charizard|Dragon Claw|p2a: Great Tusk\n|-damage|p2a: Great Tusk|26\/100 brn\n|move|p2a: Great Tusk|Earthquake|p1a: Charizard\n|-supereffective|p1a: Charizard\n|-crit|p1a: Charizard\n|-damage|p1a: Charizard|0 fnt\n|faint|p1a: Charizard\n|\n|-heal|p2a: Great Tusk|33\/100 brn|[from] item: Leftovers\n|-damage|p2a: Great Tusk|26\/100 brn|[from] brn\n|upkeep\n|\n|t:|1700086259\n|switch|p1a: Greninja|Greninja, M|100\/100\n|turn|16\n|\n|t:|1700086268\n|-end|p2a: Great Tusk|Protosynthesis|[silent]\n|switch|p2a: Toxapex|Toxapex, M|100\/100\n|move|p1a: Greninja|Surf|p2a: Toxapex\n|-resisted|p2a: Toxapex\n|-damage|p2a: Toxapex|87\/100\n|\n|-heal|p2a: Toxapex|93\/100|[from] item: Leftovers\n|upkeep\n|turn|17\n|\n|t:|1700086277\n|switch|p1a: Galvantula|Galvantula, M|100\/100\n|move|p2a: Toxapex|Toxic|p1a: Galvantula\n|-status|p1a: Galvantula|tox\n|\n|-heal|p2a: Toxapex|99\/100|[from] item: Leftovers\n|-damage|p1a: Galvantula|94\/100 tox|[from] psn\n|upkeep\n|turn|18\n|\n|t:|1700086292\n|switch|p2a: Volcarona|Volcarona, F|100\/100\n|move|p1a: Galvantula|Sticky Web|p2a: Volcarona\n|-sidestart|p2: Spler|move: Sticky Web\n|\n|-damage|p1a: Galvantula|82\/100 tox|[from] psn\n|upkeep\n|turn|19\n|\n|t:|1700086300\n|move|p1a: Galvantula|Thunder Wave|p2a: Volcarona\n|-status|p2a: Volcarona|par\n|move|p2a: Volcarona|Quiver Dance|p2a: Volcarona\n|-boost|p2a: Volcarona|spa|1\n|-boost|p2a: Volcarona|spd|1\n|-boost|p2a: Volcarona|spe|1\n|\n|-damage|p1a: Galvantula|64\/100 tox|[from] psn\n|upkeep\n|turn|20\n|\n|t:|1700086309\n|move|p1a: Galvantula|Thunder|p2a: Volcarona\n|-damage|p2a: Volcarona|74\/100 par\n|cant|p2a: Volcarona|par\n|\n|-damage|p1a: Galvantula|40\/100 tox|[from] psn\n|upkeep\n|turn|21\n|\n|t:|1700086318\n|switch|p1a: Greninja|Greninja, M|100\/100\n|move|p2a: Volcarona|Quiver Dance|p2a: Volcarona\n|-boost|p2a: Volcarona|spa|1\n|-boost|p2a: Volcarona|spd|1\n|-boost|p2a: Volcarona|spe|1\n|\n|upkeep\n|turn|22\n|\n|t:|1700086329\n|-terastallize|p2a: Volcarona|Grass\n|-zpower|p1a: Greninja\n|move|p1a: Greninja|Black Hole Eclipse|p2a: Volcarona|[zeffect]\n|-damage|p2a: Volcarona|44\/100 par\n|cant|p2a: Volcarona|par\n|\n|upkeep\n|turn|23\n|\n|t:|1700086341\n|move|p1a: Greninja|Ice Beam|p2a: Volcarona\n|-supereffective|p2a: Volcarona\n|-damage|p2a: Volcarona|19\/100 par\n|move|p2a: Volcarona|Giga Drain|p1a: Greninja\n|-supereffective|p1a: Greninja\n|-damage|p1a: Greninja|0 fnt\n|-heal|p2a: Volcarona|57\/100 par|[from] drain|[of] p1a: Greninja\n|faint|p1a: Greninja\n|\n|upkeep\n|\n|t:|1700086347\n|switch|p1a: Galvantula|Galvantula, M|40\/100 tox\n|turn|24\n|\n|t:|1700086353\n|move|p1a: Galvantula|Bug Buzz|p2a: Volcarona\n|-supereffective|p2a: Volcarona\n|-damage|p2a: Volcarona|23\/100 par\n|-unboost|p2a: Volcarona|spd|1\n|move|p2a: Volcarona|Fiery Dance|p1a: Galvantula\n|-supereffective|p1a: Galvantula\n|-damage|p1a: Galvantula|0 fnt\n|-boost|p2a: Volcarona|spa|1\n|faint|p1a: Galvantula\n|\n|upkeep\n|\n|t:|1700086358\n|switch|p1a: Rotom|Rotom-Wash|54\/100\n|turn|25\n|\n|t:|1700086366\n|move|p2a: Volcarona|Giga Drain|p1a: Rotom\n|-supereffective|p1a: Rotom\n|-damage|p1a: Rotom|0 fnt\n|-heal|p2a: Volcarona|45\/100 par|[from] drain|[of] p1a: Rotom\n|faint|p1a: Rotom\n|\n|win|Spler\n|raw|Chief_Shado's rating: 1375 &rarr; <strong>1363<\/strong><br \/>(-12 for losing)\n|raw|Spler's rating: 1524 &rarr; <strong>1536<\/strong><br \/>(+12 for winning)\n|l|\u2606Chief_Shado\n","uploadtime":1700086378,"views":8,"p1id":"chiefshado","p2id":"spler","formatid":"gen9nationaldex","rating":1363,"private":0,"password":""}