{"id":"gen9nationaldex-1998392961","p1":"Lokithered","p2":"AlexiRoyle","format":"[Gen 9] National Dex","log":"|html|<div class=\"broadcast-blue\"><strong>[Gen 9] National Dex is currently suspecting Sneasler! For information on how to participate check out the <a href=\"https:\/\/www.smogon.com\/forums\/threads\/sv-national-dex-suspect-8-just-dance.3731534\/\">suspect thread<\/a>.<\/strong><\/div>\n|j|\u2606Lokithered\n|j|\u2606AlexiRoyle\n|t:|1700937253\n|gametype|singles\n|player|p1|Lokithered|170|\n|player|p2|AlexiRoyle|169|\n|teamsize|p1|6\n|teamsize|p2|6\n|gen|9\n|tier|[Gen 9] National Dex\n|rule|HP Percentage Mod: HP is shown in percentages\n|rule|Endless Battle Clause: Forcing endless battles is banned\n|rule|OHKO Clause: OHKO moves are banned\n|rule|Evasion Clause: Evasion abilities, items, and moves are banned\n|rule|Evasion Abilities Clause: Evasion abilities are banned\n|rule|Evasion Items Clause: Evasion items are banned\n|rule|Evasion Moves Clause: Evasion moves are banned\n|rule|Species Clause: Limit one of each Pok\u00e9mon\n|rule|Sleep Clause Mod: Limit one foe put to sleep\n|clearpoke\n|poke|p1|Charizard, F|\n|poke|p1|Kartana|\n|poke|p1|Garganacl, M|\n|poke|p1|Mr. Rime, F|\n|poke|p1|Gastrodon, F|\n|poke|p1|Eevee, M|\n|poke|p2|Volcarona, F|\n|poke|p2|Celesteela|\n|poke|p2|Tangrowth, M|\n|poke|p2|Azumarill, F|\n|poke|p2|Gardevoir, M|\n|poke|p2|Rotom-Heat|\n|teampreview\n|c|\u2606Lokithered|Glhf\n|c|\u2606AlexiRoyle|u2!\n|\n|t:|1700937283\n|start\n|switch|p1a: Minecraft|Garganacl, M|100\/100\n|switch|p2a: Gardevoir|Gardevoir, M|100\/100\n|-ability|p2a: Gardevoir|Purifying Salt|[from] ability: Trace|[of] p1a: Minecraft\n|turn|1\n|\n|t:|1700937329\n|detailschange|p2a: Gardevoir|Gardevoir-Mega, M\n|-mega|p2a: Gardevoir|Gardevoir|Gardevoirite\n|move|p2a: Gardevoir|Aura Sphere|p1a: Minecraft\n|-supereffective|p1a: Minecraft\n|-damage|p1a: Minecraft|35\/100\n|move|p1a: Minecraft|Stealth Rock|p2a: Gardevoir\n|-sidestart|p2: AlexiRoyle|move: Stealth Rock\n|\n|-heal|p1a: Minecraft|41\/100|[from] item: Leftovers\n|upkeep\n|turn|2\n|\n|t:|1700937343\n|move|p1a: Minecraft|Protect|p1a: Minecraft\n|-singleturn|p1a: Minecraft|Protect\n|move|p2a: Gardevoir|Moonblast|p1a: Minecraft\n|-activate|p1a: Minecraft|move: Protect\n|\n|-heal|p1a: Minecraft|47\/100|[from] item: Leftovers\n|upkeep\n|turn|3\n|\n|t:|1700937356\n|switch|p1a: Charlie|Mr. Rime, F|100\/100\n|move|p2a: Gardevoir|Aura Sphere|p1a: Charlie\n|-damage|p1a: Charlie|70\/100\n|\n|upkeep\n|turn|4\n|\n|t:|1700937383\n|move|p1a: Charlie|Fake Out|p2a: Gardevoir\n|-damage|p2a: Gardevoir|80\/100\n|cant|p2a: Gardevoir|flinch\n|\n|upkeep\n|turn|5\n|\n|t:|1700937391\n|move|p2a: Gardevoir|Moonblast|p1a: Charlie\n|-damage|p1a: Charlie|17\/100\n|-unboost|p1a: Charlie|spa|1\n|move|p1a: Charlie|Toxic|p2a: Gardevoir\n|-status|p2a: Gardevoir|tox\n|\n|-damage|p2a: Gardevoir|73\/100 tox|[from] psn\n|upkeep\n|turn|6\n|\n|t:|1700937445\n|move|p1a: Charlie|Ice Shard|p2a: Gardevoir\n|-damage|p2a: Gardevoir|42\/100 tox\n|move|p2a: Gardevoir|Psyshock|p1a: Charlie\n|-resisted|p1a: Charlie\n|-damage|p1a: Charlie|0 fnt\n|faint|p1a: Charlie\n|\n|-damage|p2a: Gardevoir|30\/100 tox|[from] psn\n|upkeep\n|\n|t:|1700937460\n|switch|p1a: Wall|Gastrodon, F|100\/100\n|turn|7\n|\n|t:|1700937464\n|move|p1a: Wall|Protect|p1a: Wall\n|-singleturn|p1a: Wall|Protect\n|move|p2a: Gardevoir|Psyshock|p1a: Wall\n|-activate|p1a: Wall|move: Protect\n|\n|-damage|p2a: Gardevoir|11\/100 tox|[from] psn\n|upkeep\n|turn|8\n|\n|t:|1700937472\n|move|p2a: Gardevoir|Psyshock|p1a: Wall\n|-damage|p1a: Wall|62\/100\n|move|p1a: Wall|Recover|p1a: Wall\n|-heal|p1a: Wall|100\/100\n|\n|-damage|p2a: Gardevoir|0 fnt|[from] psn\n|faint|p2a: Gardevoir\n|upkeep\n|\n|t:|1700937508\n|switch|p2a: Rotom|Rotom-Heat|100\/100\n|turn|9\n|\n|t:|1700937514\n|move|p1a: Wall|Protect|p1a: Wall\n|-singleturn|p1a: Wall|Protect\n|move|p2a: Rotom|Toxic|p1a: Wall\n|-activate|p1a: Wall|move: Protect\n|\n|upkeep\n|turn|10\n|\n|t:|1700937522\n|switch|p1a: Minecraft|Garganacl, M|47\/100\n|move|p2a: Rotom|Toxic|p1a: Minecraft\n|-immune|p1a: Minecraft|[from] ability: Purifying Salt\n|\n|-heal|p1a: Minecraft|53\/100|[from] item: Leftovers\n|upkeep\n|turn|11\n|\n|t:|1700937539\n|move|p2a: Rotom|Defog|p1a: Minecraft\n|-unboost|p1a: Minecraft|evasion|1\n|-sideend|p2: AlexiRoyle|Stealth Rock|[from] move: Defog|[of] p2a: Rotom\n|move|p1a: Minecraft|Salt Cure|p2a: Rotom\n|-supereffective|p2a: Rotom\n|-damage|p2a: Rotom|72\/100\n|-start|p2a: Rotom|Salt Cure\n|\n|-heal|p1a: Minecraft|59\/100|[from] item: Leftovers\n|-damage|p2a: Rotom|60\/100|[from] Salt Cure\n|upkeep\n|turn|12\n|\n|t:|1700937585\n|move|p2a: Rotom|Volt Switch|p1a: Minecraft\n|-damage|p1a: Minecraft|35\/100\n|\n|t:|1700937623\n|switch|p2a: Tangrowth|Tangrowth, M|100\/100|[from] Volt Switch\n|move|p1a: Minecraft|Salt Cure|p2a: Tangrowth\n|-damage|p2a: Tangrowth|90\/100\n|-start|p2a: Tangrowth|Salt Cure\n|\n|-heal|p2a: Tangrowth|96\/100|[from] item: Leftovers\n|-heal|p1a: Minecraft|41\/100|[from] item: Leftovers\n|-damage|p2a: Tangrowth|84\/100|[from] Salt Cure\n|upkeep\n|turn|13\n|\n|t:|1700937645\n|move|p1a: Minecraft|Protect|p1a: Minecraft\n|-singleturn|p1a: Minecraft|Protect\n|move|p2a: Tangrowth|Giga Drain|p1a: Minecraft\n|-activate|p1a: Minecraft|move: Protect\n|\n|-heal|p2a: Tangrowth|90\/100|[from] item: Leftovers\n|-heal|p1a: Minecraft|47\/100|[from] item: Leftovers\n|-damage|p2a: Tangrowth|78\/100|[from] Salt Cure\n|upkeep\n|turn|14\n|\n|t:|1700937656\n|switch|p1a: Champion|Charizard, F|100\/100\n|move|p2a: Tangrowth|Giga Drain|p1a: Champion\n|-resisted|p1a: Champion\n|-damage|p1a: Champion|92\/100\n|-heal|p2a: Tangrowth|81\/100|[from] drain|[of] p1a: Champion\n|\n|-heal|p2a: Tangrowth|87\/100|[from] item: Leftovers\n|-damage|p2a: Tangrowth|75\/100|[from] Salt Cure\n|upkeep\n|turn|15\n|\n|t:|1700937682\n|switch|p2a: Azumarill|Azumarill, F|100\/100\n|detailschange|p1a: Champion|Charizard-Mega-Y, F\n|-mega|p1a: Champion|Charizard|Charizardite Y\n|-weather|SunnyDay|[from] ability: Drought|[of] p1a: Champion\n|move|p1a: Champion|Flamethrower|p2a: Azumarill\n|-resisted|p2a: Azumarill\n|-damage|p2a: Azumarill|49\/100\n|\n|-weather|SunnyDay|[upkeep]\n|upkeep\n|turn|16\n|\n|t:|1700937694\n|move|p2a: Azumarill|Aqua Jet|p1a: Champion\n|-supereffective|p1a: Champion\n|-damage|p1a: Champion|37\/100\n|move|p1a: Champion|Flamethrower|p2a: Azumarill\n|-resisted|p2a: Azumarill\n|-damage|p2a: Azumarill|0 fnt\n|faint|p2a: Azumarill\n|\n|-weather|SunnyDay|[upkeep]\n|upkeep\n|\n|t:|1700937698\n|switch|p2a: Volcarona|Volcarona, F|100\/100\n|turn|17\n|\n|t:|1700937708\n|switch|p1a: Minecraft|Garganacl, M|47\/100\n|move|p2a: Volcarona|Quiver Dance|p2a: Volcarona\n|-boost|p2a: Volcarona|spa|1\n|-boost|p2a: Volcarona|spd|1\n|-boost|p2a: Volcarona|spe|1\n|\n|-weather|SunnyDay|[upkeep]\n|-heal|p1a: Minecraft|53\/100|[from] item: Leftovers\n|upkeep\n|turn|18\n|\n|t:|1700937719\n|move|p2a: Volcarona|Quiver Dance|p2a: Volcarona\n|-boost|p2a: Volcarona|spa|1\n|-boost|p2a: Volcarona|spd|1\n|-boost|p2a: Volcarona|spe|1\n|move|p1a: Minecraft|Salt Cure|p2a: Volcarona\n|-supereffective|p2a: Volcarona\n|-damage|p2a: Volcarona|35\/100\n|-start|p2a: Volcarona|Salt Cure\n|\n|-weather|SunnyDay|[upkeep]\n|-heal|p2a: Volcarona|41\/100|[from] item: Leftovers\n|-heal|p1a: Minecraft|60\/100|[from] item: Leftovers\n|-damage|p2a: Volcarona|29\/100|[from] Salt Cure\n|upkeep\n|turn|19\n|\n|t:|1700937807\n|move|p1a: Minecraft|Protect|p1a: Minecraft\n|-singleturn|p1a: Minecraft|Protect\n|move|p2a: Volcarona|Bug Buzz|p1a: Minecraft\n|-activate|p1a: Minecraft|move: Protect\n|\n|-weather|none\n|-heal|p2a: Volcarona|35\/100|[from] item: Leftovers\n|-heal|p1a: Minecraft|66\/100|[from] item: Leftovers\n|-damage|p2a: Volcarona|23\/100|[from] Salt Cure\n|upkeep\n|turn|20\n|\n|t:|1700937822\n|move|p2a: Volcarona|Bug Buzz|p1a: Minecraft\n|-damage|p1a: Minecraft|0 fnt\n|faint|p1a: Minecraft\n|\n|-heal|p2a: Volcarona|29\/100|[from] item: Leftovers\n|-damage|p2a: Volcarona|17\/100|[from] Salt Cure\n|upkeep\n|\n|t:|1700937832\n|switch|p1a: Wall|Gastrodon, F|100\/100\n|turn|21\n|\n|t:|1700937840\n|move|p1a: Wall|Protect|p1a: Wall\n|-singleturn|p1a: Wall|Protect\n|move|p2a: Volcarona|Roost|p2a: Volcarona\n|-heal|p2a: Volcarona|67\/100\n|-singleturn|p2a: Volcarona|move: Roost\n|\n|-heal|p2a: Volcarona|73\/100|[from] item: Leftovers\n|-damage|p2a: Volcarona|61\/100|[from] Salt Cure\n|upkeep\n|turn|22\n|\n|t:|1700937847\n|move|p2a: Volcarona|Roost|p2a: Volcarona\n|-heal|p2a: Volcarona|100\/100\n|-singleturn|p2a: Volcarona|move: Roost\n|move|p1a: Wall|Scald|p2a: Volcarona\n|-supereffective|p2a: Volcarona\n|-damage|p2a: Volcarona|76\/100\n|\n|-heal|p2a: Volcarona|82\/100|[from] item: Leftovers\n|-damage|p2a: Volcarona|70\/100|[from] Salt Cure\n|upkeep\n|turn|23\n|\n|t:|1700937857\n|move|p2a: Volcarona|Quiver Dance|p2a: Volcarona\n|-boost|p2a: Volcarona|spa|1\n|-boost|p2a: Volcarona|spd|1\n|-boost|p2a: Volcarona|spe|1\n|move|p1a: Wall|Scald|p2a: Volcarona\n|-supereffective|p2a: Volcarona\n|-damage|p2a: Volcarona|50\/100\n|\n|-heal|p2a: Volcarona|57\/100|[from] item: Leftovers\n|-damage|p2a: Volcarona|44\/100|[from] Salt Cure\n|upkeep\n|turn|24\n|\n|t:|1700937869\n|move|p2a: Volcarona|Roost|p2a: Volcarona\n|-heal|p2a: Volcarona|94\/100\n|-singleturn|p2a: Volcarona|move: Roost\n|move|p1a: Wall|Scald|p2a: Volcarona\n|-supereffective|p2a: Volcarona\n|-damage|p2a: Volcarona|75\/100\n|\n|-heal|p2a: Volcarona|81\/100|[from] item: Leftovers\n|-damage|p2a: Volcarona|69\/100|[from] Salt Cure\n|upkeep\n|turn|25\n|\n|t:|1700937880\n|switch|p1a: Lily|Eevee, M|100\/100\n|move|p2a: Volcarona|Bug Buzz|p1a: Lily\n|-enditem|p1a: Lily|Focus Sash\n|-damage|p1a: Lily|1\/100\n|\n|-heal|p2a: Volcarona|75\/100|[from] item: Leftovers\n|-damage|p2a: Volcarona|63\/100|[from] Salt Cure\n|upkeep\n|turn|26\n|\n|t:|1700937903\n|move|p1a: Lily|Protect|p1a: Lily\n|-singleturn|p1a: Lily|Protect\n|move|p2a: Volcarona|Fiery Dance|p1a: Lily\n|-activate|p1a: Lily|move: Protect\n|\n|-heal|p2a: Volcarona|69\/100|[from] item: Leftovers\n|-damage|p2a: Volcarona|57\/100|[from] Salt Cure\n|upkeep\n|turn|27\n|\n|t:|1700937917\n|move|p2a: Volcarona|Fiery Dance|p1a: Lily\n|-damage|p1a: Lily|0 fnt\n|-boost|p2a: Volcarona|spa|1\n|faint|p1a: Lily\n|\n|-heal|p2a: Volcarona|63\/100|[from] item: Leftovers\n|-damage|p2a: Volcarona|50\/100|[from] Salt Cure\n|upkeep\n|\n|t:|1700937923\n|switch|p1a: Wall|Gastrodon, F|100\/100\n|turn|28\n|\n|t:|1700937930\n|move|p2a: Volcarona|Roost|p2a: Volcarona\n|-heal|p2a: Volcarona|100\/100\n|-singleturn|p2a: Volcarona|move: Roost\n|move|p1a: Wall|Toxic|p2a: Volcarona\n|-status|p2a: Volcarona|tox\n|\n|-damage|p2a: Volcarona|94\/100 tox|[from] psn\n|-damage|p2a: Volcarona|82\/100 tox|[from] Salt Cure\n|upkeep\n|turn|29\n|\n|t:|1700937940\n|move|p1a: Wall|Protect|p1a: Wall\n|-singleturn|p1a: Wall|Protect\n|move|p2a: Volcarona|Quiver Dance|p2a: Volcarona\n|-boost|p2a: Volcarona|spa|1\n|-boost|p2a: Volcarona|spd|1\n|-boost|p2a: Volcarona|spe|1\n|\n|-heal|p2a: Volcarona|88\/100 tox|[from] item: Leftovers\n|-damage|p2a: Volcarona|76\/100 tox|[from] psn\n|-damage|p2a: Volcarona|64\/100 tox|[from] Salt Cure\n|upkeep\n|turn|30\n|\n|t:|1700937952\n|move|p2a: Volcarona|Bug Buzz|p1a: Wall\n|-damage|p1a: Wall|0 fnt\n|faint|p1a: Wall\n|\n|-heal|p2a: Volcarona|70\/100 tox|[from] item: Leftovers\n|-damage|p2a: Volcarona|51\/100 tox|[from] psn\n|-damage|p2a: Volcarona|39\/100 tox|[from] Salt Cure\n|upkeep\n|\n|t:|1700937961\n|switch|p1a: Champion|Charizard-Mega-Y, F|37\/100\n|-weather|SunnyDay|[from] ability: Drought|[of] p1a: Champion\n|turn|31\n|\n|t:|1700937978\n|move|p2a: Volcarona|Fiery Dance|p1a: Champion\n|-resisted|p1a: Champion\n|-damage|p1a: Champion|0 fnt\n|faint|p1a: Champion\n|\n|-weather|SunnyDay|[upkeep]\n|-heal|p2a: Volcarona|45\/100 tox|[from] item: Leftovers\n|-damage|p2a: Volcarona|20\/100 tox|[from] psn\n|-damage|p2a: Volcarona|8\/100 tox|[from] Salt Cure\n|upkeep\n|\n|t:|1700937987\n|switch|p1a: Jetstream sam|Kartana|100\/100\n|turn|32\n|c|\u2606Lokithered|Gg\n|\n|t:|1700937994\n|move|p2a: Volcarona|Fiery Dance|p1a: Jetstream sam\n|-supereffective|p1a: Jetstream sam\n|-damage|p1a: Jetstream sam|0 fnt\n|-boost|p2a: Volcarona|spa|1\n|faint|p1a: Jetstream sam\n|\n|win|AlexiRoyle\n|l|\u2606Lokithered\n|c|\u2606AlexiRoyle|ggs\n","uploadtime":1700938012,"views":11,"p1id":"lokithered","p2id":"alexiroyle","formatid":"gen9nationaldex","rating":0,"private":0,"password":""}