{"id":"gen9nationaldex-1991951717","p1":"Waddle Ds","p2":"Stagnis","format":"[Gen 9] National Dex","log":"|j|\u2606Waddle Ds\n|j|\u2606Stagnis\n|t:|1700141851\n|gametype|singles\n|player|p1|Waddle Ds|marshal|\n|player|p2|Stagnis|170|\n|teamsize|p1|6\n|teamsize|p2|6\n|gen|9\n|tier|[Gen 9] National Dex\n|rule|HP Percentage Mod: HP is shown in percentages\n|rule|Endless Battle Clause: Forcing endless battles is banned\n|rule|OHKO Clause: OHKO moves are banned\n|rule|Evasion Clause: Evasion abilities, items, and moves are banned\n|rule|Evasion Abilities Clause: Evasion abilities are banned\n|rule|Evasion Items Clause: Evasion items are banned\n|rule|Evasion Moves Clause: Evasion moves are banned\n|rule|Species Clause: Limit one of each Pok\u00e9mon\n|rule|Sleep Clause Mod: Limit one foe put to sleep\n|clearpoke\n|poke|p1|Tauros-Paldea-Blaze, M|\n|poke|p1|Magcargo, M|\n|poke|p1|Flareon, F|\n|poke|p1|Rotom-Heat|\n|poke|p1|Torkoal, M|\n|poke|p1|Marowak-Alola, M|\n|poke|p2|Carkol, M|\n|poke|p2|Emboar, M|\n|poke|p2|Infernape, F|\n|poke|p2|Torkoal, M|\n|poke|p2|Rotom-Heat|\n|poke|p2|Darmanitan, M|\n|teampreview\n|\n|t:|1700141866\n|start\n|switch|p1a: Marowak|Marowak-Alola, M|100\/100\n|switch|p2a: Charizard 1|Carkol, M|100\/100\n|turn|1\n|\n|t:|1700141874\n|-terastallize|p2a: Charizard 1|Fire\n|move|p1a: Marowak|Earthquake|p2a: Charizard 1\n|-supereffective|p2a: Charizard 1\n|-damage|p2a: Charizard 1|49\/100\n|move|p2a: Charizard 1|Stealth Rock|p1a: Marowak\n|-sidestart|p1: Waddle Ds|move: Stealth Rock\n|\n|upkeep\n|turn|2\n|\n|t:|1700141883\n|move|p1a: Marowak|Earthquake|p2a: Charizard 1\n|-supereffective|p2a: Charizard 1\n|-damage|p2a: Charizard 1|0 fnt\n|faint|p2a: Charizard 1\n|\n|upkeep\n|\n|t:|1700141902\n|switch|p2a: Charizard 6|Darmanitan, M|100\/100\n|turn|3\n|\n|t:|1700141908\n|move|p2a: Charizard 6|Rock Slide|p1a: Marowak\n|-supereffective|p1a: Marowak\n|-damage|p1a: Marowak|26\/100\n|move|p1a: Marowak|Earthquake|p2a: Charizard 6\n|-supereffective|p2a: Charizard 6\n|-damage|p2a: Charizard 6|0 fnt\n|faint|p2a: Charizard 6\n|\n|upkeep\n|c|\u2606Stagnis|a\n|\n|t:|1700141922\n|switch|p2a: Charizard 2|Emboar, M|100\/100\n|turn|4\n|\n|t:|1700141926\n|move|p2a: Charizard 2|Earthquake|p1a: Marowak\n|-supereffective|p1a: Marowak\n|-damage|p1a: Marowak|0 fnt\n|faint|p1a: Marowak\n|\n|upkeep\n|\n|t:|1700141931\n|switch|p1a: Torkoal|Torkoal, M|100\/100\n|-damage|p1a: Torkoal|76\/100|[from] Stealth Rock\n|turn|5\n|\n|t:|1700141937\n|move|p2a: Charizard 2|Earthquake|p1a: Torkoal\n|-supereffective|p1a: Torkoal\n|-damage|p1a: Torkoal|40\/100\n|move|p1a: Torkoal|Rapid Spin|p2a: Charizard 2\n|-damage|p2a: Charizard 2|88\/100\n|-boost|p1a: Torkoal|spe|1\n|-sideend|p1: Waddle Ds|Stealth Rock|[from] move: Rapid Spin|[of] p1a: Torkoal\n|\n|upkeep\n|turn|6\n|\n|t:|1700141942\n|move|p2a: Charizard 2|Earthquake|p1a: Torkoal\n|-supereffective|p1a: Torkoal\n|-damage|p1a: Torkoal|5\/100\n|move|p1a: Torkoal|Stealth Rock|p2a: Charizard 2\n|-sidestart|p2: Stagnis|move: Stealth Rock\n|\n|upkeep\n|turn|7\n|\n|t:|1700141948\n|switch|p1a: Rotom|Rotom-Heat|100\/100\n|move|p2a: Charizard 2|Earthquake|p1a: Rotom\n|-immune|p1a: Rotom|[from] ability: Levitate\n|\n|upkeep\n|turn|8\n|\n|t:|1700141958\n|switch|p2a: Charizard 5|Rotom-Heat|100\/100\n|-damage|p2a: Charizard 5|76\/100|[from] Stealth Rock\n|move|p1a: Rotom|Light Screen|p1a: Rotom\n|-sidestart|p1: Waddle Ds|move: Light Screen\n|\n|upkeep\n|turn|9\n|\n|t:|1700141965\n|move|p1a: Rotom|Reflect|p1a: Rotom\n|-sidestart|p1: Waddle Ds|Reflect\n|move|p2a: Charizard 5|Nasty Plot|p2a: Charizard 5\n|-boost|p2a: Charizard 5|spa|2\n|\n|upkeep\n|turn|10\n|\n|t:|1700141976\n|switch|p1a: Tauros|Tauros-Paldea-Blaze, M|100\/100\n|-ability|p1a: Tauros|Intimidate|boost\n|-unboost|p2a: Charizard 5|atk|1\n|move|p2a: Charizard 5|Nasty Plot|p2a: Charizard 5\n|-boost|p2a: Charizard 5|spa|2\n|\n|upkeep\n|turn|11\n|\n|t:|1700141986\n|move|p1a: Tauros|Rock Slide|p2a: Charizard 5\n|-supereffective|p2a: Charizard 5\n|-crit|p2a: Charizard 5\n|-enditem|p2a: Charizard 5|Charti Berry|[eat]\n|-enditem|p2a: Charizard 5|Charti Berry|[weaken]\n|-damage|p2a: Charizard 5|25\/100\n|move|p2a: Charizard 5|Thunderbolt|p1a: Tauros\n|-damage|p1a: Tauros|12\/100\n|\n|upkeep\n|turn|12\n|\n|t:|1700141999\n|move|p1a: Tauros|Rock Slide|p2a: Charizard 5\n|-supereffective|p2a: Charizard 5\n|-damage|p2a: Charizard 5|0 fnt\n|faint|p2a: Charizard 5\n|\n|upkeep\n|\n|t:|1700142005\n|switch|p2a: Charizard 2|Emboar, M|88\/100\n|-damage|p2a: Charizard 2|76\/100|[from] Stealth Rock\n|turn|13\n|\n|t:|1700142010\n|switch|p1a: Rotom|Rotom-Heat|100\/100\n|move|p2a: Charizard 2|Head Smash|p1a: Rotom\n|-supereffective|p1a: Rotom\n|-damage|p1a: Rotom|42\/100\n|-damage|p2a: Charizard 2|51\/100|[from] Recoil\n|\n|upkeep\n|turn|14\n|\n|t:|1700142016\n|move|p2a: Charizard 2|Head Smash|p1a: Rotom\n|-supereffective|p1a: Rotom\n|-damage|p1a: Rotom|0 fnt\n|faint|p1a: Rotom\n|-damage|p2a: Charizard 2|33\/100|[from] Recoil\n|\n|upkeep\n|\n|t:|1700142028\n|switch|p1a: Tauros|Tauros-Paldea-Blaze, M|12\/100\n|-ability|p1a: Tauros|Intimidate|boost\n|-unboost|p2a: Charizard 2|atk|1\n|turn|15\n|\n|t:|1700142033\n|move|p1a: Tauros|Earthquake|p2a: Charizard 2\n|-supereffective|p2a: Charizard 2\n|-damage|p2a: Charizard 2|0 fnt\n|faint|p2a: Charizard 2\n|\n|-sideend|p1: Waddle Ds|move: Light Screen\n|upkeep\n|\n|t:|1700142040\n|switch|p2a: Charizard 4|Torkoal, M|100\/100\n|-damage|p2a: Charizard 4|75\/100|[from] Stealth Rock\n|turn|16\n|\n|t:|1700142043\n|move|p1a: Tauros|Earthquake|p2a: Charizard 4\n|-supereffective|p2a: Charizard 4\n|-damage|p2a: Charizard 4|39\/100\n|move|p2a: Charizard 4|Rapid Spin|p1a: Tauros\n|-damage|p1a: Tauros|6\/100\n|-boost|p2a: Charizard 4|spe|1\n|-sideend|p2: Stagnis|Stealth Rock|[from] move: Rapid Spin|[of] p2a: Charizard 4\n|\n|-heal|p2a: Charizard 4|45\/100|[from] item: Leftovers\n|-sideend|p1: Waddle Ds|Reflect\n|upkeep\n|turn|17\n|\n|t:|1700142057\n|move|p1a: Tauros|Earthquake|p2a: Charizard 4\n|-supereffective|p2a: Charizard 4\n|-damage|p2a: Charizard 4|10\/100\n|move|p2a: Charizard 4|Earthquake|p1a: Tauros\n|-supereffective|p1a: Tauros\n|-damage|p1a: Tauros|0 fnt\n|faint|p1a: Tauros\n|\n|-heal|p2a: Charizard 4|16\/100|[from] item: Leftovers\n|upkeep\n|\n|t:|1700142061\n|switch|p1a: Magcargo|Magcargo, M|100\/100\n|turn|18\n|\n|t:|1700142071\n|move|p1a: Magcargo|Stealth Rock|p2a: Charizard 4\n|-sidestart|p2: Stagnis|move: Stealth Rock\n|move|p2a: Charizard 4|Yawn|p1a: Magcargo\n|-start|p1a: Magcargo|move: Yawn|[of] p2a: Charizard 4\n|\n|-heal|p2a: Charizard 4|22\/100|[from] item: Leftovers\n|upkeep\n|turn|19\n|\n|t:|1700142084\n|switch|p1a: Torkoal|Torkoal, M|5\/100\n|move|p2a: Charizard 4|Rapid Spin|p1a: Torkoal\n|-damage|p1a: Torkoal|0 fnt\n|-boost|p2a: Charizard 4|spe|1\n|-sideend|p2: Stagnis|Stealth Rock|[from] move: Rapid Spin|[of] p2a: Charizard 4\n|faint|p1a: Torkoal\n|\n|-heal|p2a: Charizard 4|28\/100|[from] item: Leftovers\n|upkeep\n|\n|t:|1700142087\n|switch|p1a: Magcargo|Magcargo, M|100\/100\n|turn|20\n|\n|t:|1700142101\n|move|p1a: Magcargo|Ancient Power|p2a: Charizard 4\n|-supereffective|p2a: Charizard 4\n|-damage|p2a: Charizard 4|0 fnt\n|faint|p2a: Charizard 4\n|\n|upkeep\n|\n|t:|1700142106\n|switch|p2a: Charizard 3|Infernape, F|100\/100\n|turn|21\n|\n|t:|1700142110\n|move|p2a: Charizard 3|Fake Out|p1a: Magcargo\n|-resisted|p1a: Magcargo\n|-damage|p1a: Magcargo|94\/100\n|-ability|p1a: Magcargo|Weak Armor|boost\n|-unboost|p1a: Magcargo|def|1\n|-boost|p1a: Magcargo|spe|2\n|cant|p1a: Magcargo|flinch\n|\n|upkeep\n|turn|22\n|\n|t:|1700142118\n|move|p2a: Charizard 3|Earthquake|p1a: Magcargo\n|-supereffective|p1a: Magcargo\n|-damage|p1a: Magcargo|0 fnt\n|faint|p1a: Magcargo\n|\n|upkeep\n|\n|t:|1700142121\n|switch|p1a: Flareon|Flareon, F|100\/100\n|turn|23\n|\n|t:|1700142126\n|move|p2a: Charizard 3|Earthquake|p1a: Flareon\n|-supereffective|p1a: Flareon\n|-damage|p1a: Flareon|0 fnt\n|faint|p1a: Flareon\n|\n|win|Stagnis\n|c|\u2606Stagnis|gg\n","uploadtime":1700142149,"views":19,"p1id":"waddleds","p2id":"stagnis","formatid":"gen9nationaldex","rating":0,"private":0,"password":""}