{"id":"gen9nationaldex-1994726494","p1":"D.wolf94","p2":"Trainer N 500","format":"[Gen 9] National Dex","log":"|html|<div class=\"broadcast-blue\"><strong>[Gen 9] National Dex is currently suspecting Sneasler! For information on how to participate check out the <a href=\"https:\/\/www.smogon.com\/forums\/threads\/sv-national-dex-suspect-8-just-dance.3731534\/\">suspect thread<\/a>.<\/strong><\/div>\n|j|\u2606D.wolf94\n|j|\u2606Trainer N 500\n|t:|1700486257\n|gametype|singles\n|player|p1|D.wolf94|169|1150\n|player|p2|Trainer N 500|101|1102\n|teamsize|p1|6\n|teamsize|p2|6\n|gen|9\n|tier|[Gen 9] National Dex\n|rated|\n|rule|HP Percentage Mod: HP is shown in percentages\n|rule|Endless Battle Clause: Forcing endless battles is banned\n|rule|OHKO Clause: OHKO moves are banned\n|rule|Evasion Clause: Evasion abilities, items, and moves are banned\n|rule|Evasion Abilities Clause: Evasion abilities are banned\n|rule|Evasion Items Clause: Evasion items are banned\n|rule|Evasion Moves Clause: Evasion moves are banned\n|rule|Species Clause: Limit one of each Pok\u00e9mon\n|rule|Sleep Clause Mod: Limit one foe put to sleep\n|clearpoke\n|poke|p1|Azumarill, M|\n|poke|p1|Tentacruel, M|\n|poke|p1|Alomomola, F|\n|poke|p1|Ditto|\n|poke|p1|Ludicolo, M|\n|poke|p1|Galvantula, F|\n|poke|p2|Conkeldurr, F|\n|poke|p2|Reuniclus, F|\n|poke|p2|Toxapex, M|\n|poke|p2|Seismitoad, M|\n|poke|p2|Diancie|\n|poke|p2|Charizard, M|\n|teampreview\n|inactive|Battle timer is ON: inactive players will automatically lose when time's up. (requested by Trainer N 500)\n|\n|t:|1700486270\n|start\n|switch|p1a: Tentacruel|Tentacruel, M|100\/100\n|switch|p2a: Diancie|Diancie, shiny|100\/100\n|turn|1\n|\n|t:|1700486281\n|move|p1a: Tentacruel|Toxic Spikes|p2a: Diancie\n|-sidestart|p2: Trainer N 500|move: Toxic Spikes\n|move|p2a: Diancie|Stealth Rock|p1a: Tentacruel\n|-sidestart|p1: D.wolf94|move: Stealth Rock\n|\n|upkeep\n|turn|2\n|inactive|Trainer N 500 has 120 seconds left.\n|inactive|Trainer N 500 has 90 seconds left.\n|\n|t:|1700486344\n|move|p1a: Tentacruel|Rapid Spin|p2a: Diancie\n|-resisted|p2a: Diancie\n|-damage|p2a: Diancie|96\/100\n|-boost|p1a: Tentacruel|spe|1\n|-sideend|p1: D.wolf94|Stealth Rock|[from] move: Rapid Spin|[of] p1a: Tentacruel\n|move|p2a: Diancie|Mystical Fire|p1a: Tentacruel\n|-resisted|p1a: Tentacruel\n|-damage|p1a: Tentacruel|93\/100\n|-unboost|p1a: Tentacruel|spa|1\n|\n|-heal|p1a: Tentacruel|99\/100|[from] item: Black Sludge\n|upkeep\n|turn|3\n|inactive|D.wolf94 has 120 seconds left.\n|\n|t:|1700486381\n|switch|p1a: Ludicolo|Ludicolo, M|100\/100\n|move|p2a: Diancie|Moonblast|p1a: Ludicolo\n|-damage|p1a: Ludicolo|58\/100\n|\n|upkeep\n|turn|4\n|inactive|D.wolf94 has 120 seconds left.\n|\n|t:|1700486392\n|move|p1a: Ludicolo|Rain Dance|p1a: Ludicolo\n|-weather|RainDance\n|move|p2a: Diancie|Mystical Fire|p1a: Ludicolo\n|-damage|p1a: Ludicolo|47\/100\n|-unboost|p1a: Ludicolo|spa|1\n|\n|-weather|RainDance|[upkeep]\n|upkeep\n|turn|5\n|inactive|D.wolf94 has 120 seconds left.\n|inactive|Trainer N 500 has 90 seconds left.\n|\n|t:|1700486411\n|move|p1a: Ludicolo|Giga Drain|p2a: Diancie\n|-supereffective|p2a: Diancie\n|-damage|p2a: Diancie|27\/100\n|-heal|p1a: Ludicolo|75\/100|[from] drain|[of] p2a: Diancie\n|-damage|p1a: Ludicolo|65\/100|[from] item: Life Orb\n|move|p2a: Diancie|Mystical Fire|p1a: Ludicolo\n|-damage|p1a: Ludicolo|54\/100\n|-unboost|p1a: Ludicolo|spa|1\n|\n|-weather|RainDance|[upkeep]\n|upkeep\n|turn|6\n|inactive|D.wolf94 has 120 seconds left.\n|inactive|Trainer N 500 has 90 seconds left.\n|\n|t:|1700486431\n|switch|p1a: Azumarill|Azumarill, M|100\/100\n|switch|p2a: Seismitoad|Seismitoad, M, shiny|100\/100\n|-status|p2a: Seismitoad|psn\n|\n|-weather|RainDance|[upkeep]\n|-damage|p2a: Seismitoad|88\/100 psn|[from] psn\n|upkeep\n|turn|7\n|inactive|D.wolf94 has 120 seconds left.\n|\n|t:|1700486444\n|move|p2a: Seismitoad|Liquidation|p1a: Azumarill\n|-resisted|p1a: Azumarill\n|-crit|p1a: Azumarill\n|-damage|p1a: Azumarill|34\/100\n|-damage|p2a: Seismitoad|78\/100 psn|[from] item: Life Orb\n|-zpower|p1a: Azumarill\n|move|p1a: Azumarill|Z-Belly Drum|p1a: Azumarill|[anim]Belly Drum\n|-heal|p1a: Azumarill|100\/100|[zeffect]\n|-damage|p1a: Azumarill|50\/100\n|-setboost|p1a: Azumarill|atk|6|[from] move: Belly Drum\n|\n|-weather|RainDance|[upkeep]\n|-damage|p2a: Seismitoad|66\/100 psn|[from] psn\n|upkeep\n|turn|8\n|inactive|D.wolf94 has 120 seconds left.\n|inactive|Trainer N 500 has 90 seconds left.\n|\n|t:|1700486473\n|move|p2a: Seismitoad|Liquidation|p1a: Azumarill\n|-resisted|p1a: Azumarill\n|-damage|p1a: Azumarill|7\/100\n|-damage|p2a: Seismitoad|56\/100 psn|[from] item: Life Orb\n|move|p1a: Azumarill|Play Rough|p2a: Seismitoad\n|-damage|p2a: Seismitoad|0 fnt\n|faint|p2a: Seismitoad\n|\n|-weather|none\n|upkeep\n|\n|t:|1700486485\n|switch|p2a: Charizard|Charizard, M, shiny|100\/100\n|turn|9\n|\n|t:|1700486487\n|detailschange|p2a: Charizard|Charizard-Mega-Y, M, shiny\n|-mega|p2a: Charizard|Charizard|Charizardite Y\n|-weather|SunnyDay|[from] ability: Drought|[of] p2a: Charizard\n|move|p1a: Azumarill|Aqua Jet|p2a: Charizard\n|-supereffective|p2a: Charizard\n|-damage|p2a: Charizard|0 fnt\n|faint|p2a: Charizard\n|\n|-weather|SunnyDay|[upkeep]\n|upkeep\n|\n|t:|1700486493\n|switch|p2a: Toxapex|Toxapex, M, shiny|100\/100\n|-sideend|p2: Trainer N 500|move: Toxic Spikes|[of] p2a: Toxapex\n|turn|10\n|inactive|D.wolf94 has 120 seconds left.\n|\n|t:|1700486503\n|move|p1a: Azumarill|Play Rough|p2a: Toxapex\n|-resisted|p2a: Toxapex\n|-damage|p2a: Toxapex|36\/100\n|move|p2a: Toxapex|Scald|p1a: Azumarill\n|-resisted|p1a: Azumarill\n|-damage|p1a: Azumarill|2\/100\n|\n|-weather|SunnyDay|[upkeep]\n|-heal|p2a: Toxapex|42\/100|[from] item: Black Sludge\n|upkeep\n|turn|11\n|inactive|D.wolf94 has 120 seconds left.\n|\n|t:|1700486516\n|switch|p2a: Diancie|Diancie, shiny|27\/100\n|move|p1a: Azumarill|Play Rough|p2a: Diancie\n|-damage|p2a: Diancie|0 fnt\n|faint|p2a: Diancie\n|\n|-weather|SunnyDay|[upkeep]\n|upkeep\n|\n|t:|1700486519\n|switch|p2a: Conkeldurr|Conkeldurr, F, shiny|100\/100\n|turn|12\n|\n|t:|1700486529\n|move|p2a: Conkeldurr|Mach Punch|p1a: Azumarill\n|-resisted|p1a: Azumarill\n|-damage|p1a: Azumarill|0 fnt\n|faint|p1a: Azumarill\n|\n|-weather|SunnyDay|[upkeep]\n|-status|p2a: Conkeldurr|brn|[from] item: Flame Orb\n|upkeep\n|inactive|D.wolf94 has 120 seconds left.\n|\n|t:|1700486547\n|switch|p1a: Ludicolo|Ludicolo, M|54\/100\n|turn|13\n|inactive|Trainer N 500 has 120 seconds left.\n|\n|t:|1700486554\n|move|p1a: Ludicolo|Giga Drain|p2a: Conkeldurr\n|-damage|p2a: Conkeldurr|44\/100 brn\n|-heal|p1a: Ludicolo|87\/100|[from] drain|[of] p2a: Conkeldurr\n|-damage|p1a: Ludicolo|78\/100|[from] item: Life Orb\n|move|p2a: Conkeldurr|Knock Off|p1a: Ludicolo\n|-damage|p1a: Ludicolo|0 fnt\n|-enditem|p1a: Ludicolo|Life Orb|[from] move: Knock Off|[of] p2a: Conkeldurr\n|faint|p1a: Ludicolo\n|\n|-weather|none\n|-damage|p2a: Conkeldurr|38\/100 brn|[from] brn\n|upkeep\n|inactive|D.wolf94 has 120 seconds left.\n|\n|t:|1700486574\n|switch|p1a: Galvantula|Galvantula, F|100\/100\n|turn|14\n|\n|t:|1700486583\n|move|p1a: Galvantula|Sticky Web|p2a: Conkeldurr\n|-sidestart|p2: Trainer N 500|move: Sticky Web\n|move|p2a: Conkeldurr|Drain Punch|p1a: Galvantula\n|-resisted|p1a: Galvantula\n|-damage|p1a: Galvantula|38\/100\n|-heal|p2a: Conkeldurr|63\/100 brn|[from] drain|[of] p1a: Galvantula\n|\n|-damage|p2a: Conkeldurr|57\/100 brn|[from] brn\n|upkeep\n|turn|15\n|\n|t:|1700486597\n|move|p2a: Conkeldurr|Mach Punch|p1a: Galvantula\n|-resisted|p1a: Galvantula\n|-damage|p1a: Galvantula|6\/100\n|move|p1a: Galvantula|Thunder|p2a: Conkeldurr\n|-damage|p2a: Conkeldurr|0 fnt\n|faint|p2a: Conkeldurr\n|-damage|p1a: Galvantula|0 fnt|[from] item: Life Orb\n|faint|p1a: Galvantula\n|\n|upkeep\n|inactive|D.wolf94 has 120 seconds left.\n|\n|t:|1700486623\n|switch|p1a: Alomomola|Alomomola, F|100\/100\n|switch|p2a: Reuniclus|Reuniclus, F, shiny|100\/100\n|-activate|p2a: Reuniclus|move: Sticky Web\n|-unboost|p2a: Reuniclus|spe|1\n|turn|16\n|inactive|D.wolf94 has 120 seconds left.\n|\n|t:|1700486632\n|move|p1a: Alomomola|Toxic|p2a: Reuniclus\n|-status|p2a: Reuniclus|tox\n|move|p2a: Reuniclus|Calm Mind|p2a: Reuniclus\n|-boost|p2a: Reuniclus|spa|1\n|-boost|p2a: Reuniclus|spd|1\n|\n|upkeep\n|turn|17\n|\n|t:|1700486641\n|move|p1a: Alomomola|Wish|p1a: Alomomola\n|move|p2a: Reuniclus|Calm Mind|p2a: Reuniclus\n|-boost|p2a: Reuniclus|spa|1\n|-boost|p2a: Reuniclus|spd|1\n|\n|upkeep\n|turn|18\n|\n|t:|1700486649\n|move|p1a: Alomomola|Scald|p2a: Reuniclus\n|-damage|p2a: Reuniclus|95\/100 tox\n|move|p2a: Reuniclus|Calm Mind|p2a: Reuniclus\n|-boost|p2a: Reuniclus|spa|1\n|-boost|p2a: Reuniclus|spd|1\n|\n|upkeep\n|turn|19\n|\n|t:|1700486657\n|move|p1a: Alomomola|Scald|p2a: Reuniclus\n|-damage|p2a: Reuniclus|89\/100 tox\n|move|p2a: Reuniclus|Calm Mind|p2a: Reuniclus\n|-boost|p2a: Reuniclus|spa|1\n|-boost|p2a: Reuniclus|spd|1\n|\n|upkeep\n|turn|20\n|\n|t:|1700486665\n|move|p1a: Alomomola|Scald|p2a: Reuniclus\n|-damage|p2a: Reuniclus|85\/100 tox\n|move|p2a: Reuniclus|Psyshock|p1a: Alomomola\n|-damage|p1a: Alomomola|45\/100\n|\n|-heal|p1a: Alomomola|51\/100|[from] item: Leftovers\n|upkeep\n|turn|21\n|\n|t:|1700486677\n|move|p1a: Alomomola|Wish|p1a: Alomomola\n|move|p2a: Reuniclus|Psyshock|p1a: Alomomola\n|-damage|p1a: Alomomola|0 fnt\n|faint|p1a: Alomomola\n|\n|upkeep\n|\n|t:|1700486684\n|switch|p1a: Ditto|Ditto|100\/100\n|-transform|p1a: Ditto|p2a: Reuniclus|[from] ability: Imposter\n|turn|22\n|\n|t:|1700486695\n|move|p1a: Ditto|Psyshock|p2a: Reuniclus\n|-resisted|p2a: Reuniclus\n|-damage|p2a: Reuniclus|48\/100 tox\n|move|p2a: Reuniclus|Psyshock|p1a: Ditto\n|-resisted|p1a: Ditto\n|-damage|p1a: Ditto|53\/100\n|\n|-heal|p1a: Ditto|100\/100|[from] move: Wish|[wisher] Alomomola\n|upkeep\n|turn|23\n|\n|t:|1700486710\n|switch|p2a: Toxapex|Toxapex, M, shiny|75\/100\n|-activate|p2a: Toxapex|move: Sticky Web\n|-unboost|p2a: Toxapex|spe|1\n|move|p1a: Ditto|Psyshock|p2a: Toxapex\n|-supereffective|p2a: Toxapex\n|-damage|p2a: Toxapex|0 fnt\n|faint|p2a: Toxapex\n|\n|upkeep\n|\n|t:|1700486713\n|switch|p2a: Reuniclus|Reuniclus, F, shiny|48\/100 tox\n|-activate|p2a: Reuniclus|move: Sticky Web\n|-unboost|p2a: Reuniclus|spe|1\n|turn|24\n|\n|t:|1700486723\n|move|p1a: Ditto|Psyshock|p2a: Reuniclus\n|-resisted|p2a: Reuniclus\n|-damage|p2a: Reuniclus|9\/100 tox\n|move|p2a: Reuniclus|Recover|p2a: Reuniclus\n|-heal|p2a: Reuniclus|59\/100 tox\n|\n|upkeep\n|turn|25\n|\n|t:|1700486730\n|move|p1a: Ditto|Psyshock|p2a: Reuniclus\n|-resisted|p2a: Reuniclus\n|-damage|p2a: Reuniclus|25\/100 tox\n|move|p2a: Reuniclus|Recover|p2a: Reuniclus\n|-heal|p2a: Reuniclus|75\/100 tox\n|\n|upkeep\n|turn|26\n|\n|t:|1700486734\n|move|p1a: Ditto|Psyshock|p2a: Reuniclus\n|-resisted|p2a: Reuniclus\n|-damage|p2a: Reuniclus|40\/100 tox\n|move|p2a: Reuniclus|Recover|p2a: Reuniclus\n|-heal|p2a: Reuniclus|90\/100 tox\n|\n|upkeep\n|turn|27\n|\n|t:|1700486739\n|-activate|p1a: Ditto|move: Struggle\n|move|p1a: Ditto|Struggle|p2a: Reuniclus\n|-damage|p2a: Reuniclus|85\/100 tox\n|-damage|p1a: Ditto|75\/100|[from] recoil\n|move|p2a: Reuniclus|Recover|p2a: Reuniclus\n|-heal|p2a: Reuniclus|100\/100 tox\n|\n|upkeep\n|turn|28\n|\n|t:|1700486755\n|switch|p1a: Tentacruel|Tentacruel, M|99\/100\n|move|p2a: Reuniclus|Calm Mind|p2a: Reuniclus\n|-boost|p2a: Reuniclus|spa|1\n|-boost|p2a: Reuniclus|spd|1\n|\n|-heal|p1a: Tentacruel|100\/100|[from] item: Black Sludge\n|upkeep\n|turn|29\n|\n|t:|1700486773\n|move|p1a: Tentacruel|Scald|p2a: Reuniclus\n|-damage|p2a: Reuniclus|86\/100 tox\n|move|p2a: Reuniclus|Psyshock|p1a: Tentacruel\n|-supereffective|p1a: Tentacruel\n|-damage|p1a: Tentacruel|6\/100\n|\n|-heal|p1a: Tentacruel|12\/100|[from] item: Black Sludge\n|upkeep\n|turn|30\n|\n|t:|1700486784\n|move|p1a: Tentacruel|Protect|p1a: Tentacruel\n|-singleturn|p1a: Tentacruel|Protect\n|move|p2a: Reuniclus|Psyshock|p1a: Tentacruel\n|-activate|p1a: Tentacruel|move: Protect\n|\n|-heal|p1a: Tentacruel|18\/100|[from] item: Black Sludge\n|upkeep\n|turn|31\n|\n|t:|1700486793\n|move|p1a: Tentacruel|Scald|p2a: Reuniclus\n|-damage|p2a: Reuniclus|72\/100 tox\n|move|p2a: Reuniclus|Psyshock|p1a: Tentacruel\n|-supereffective|p1a: Tentacruel\n|-damage|p1a: Tentacruel|0 fnt\n|faint|p1a: Tentacruel\n|\n|upkeep\n|\n|t:|1700486801\n|switch|p1a: Ditto|Ditto|75\/100\n|-transform|p1a: Ditto|p2a: Reuniclus|[from] ability: Imposter\n|turn|32\n|\n|t:|1700486815\n|move|p1a: Ditto|Psyshock|p2a: Reuniclus\n|-resisted|p2a: Reuniclus\n|-damage|p2a: Reuniclus|55\/100 tox\n|move|p2a: Reuniclus|Calm Mind|p2a: Reuniclus\n|-boost|p2a: Reuniclus|spa|1\n|-boost|p2a: Reuniclus|spd|1\n|\n|upkeep\n|turn|33\n|\n|t:|1700486822\n|move|p1a: Ditto|Psyshock|p2a: Reuniclus\n|-resisted|p2a: Reuniclus\n|-damage|p2a: Reuniclus|35\/100 tox\n|move|p2a: Reuniclus|Recover|p2a: Reuniclus\n|-heal|p2a: Reuniclus|85\/100 tox\n|\n|upkeep\n|turn|34\n|\n|t:|1700486828\n|move|p1a: Ditto|Psyshock|p2a: Reuniclus\n|-resisted|p2a: Reuniclus\n|-damage|p2a: Reuniclus|68\/100 tox\n|move|p2a: Reuniclus|Calm Mind|p2a: Reuniclus\n|-boost|p2a: Reuniclus|spa|1\n|-boost|p2a: Reuniclus|spd|1\n|\n|upkeep\n|turn|35\n|-message|D.wolf94 forfeited.\n|\n|win|Trainer N 500\n|raw|D.wolf94's rating: 1150 &rarr; <strong>1122<\/strong><br \/>(-28 for losing)\n|raw|Trainer N 500's rating: 1102 &rarr; <strong>1130<\/strong><br \/>(+28 for winning)\n|l|\u2606D.wolf94\n","uploadtime":1700486838,"views":5,"p1id":"dwolf94","p2id":"trainern500","formatid":"gen9nationaldex","rating":1122,"private":0,"password":""}