{"id":"gen9nationaldex-1994467055","p1":"Tank Tests","p2":"UncannyHavok","format":"[Gen 9] National Dex","log":"|j|\u2606Tank Tests\n|j|\u2606UncannyHavok\n|t:|1700447258\n|gametype|singles\n|player|p1|Tank Tests|266|1319\n|player|p2|UncannyHavok|1|1204\n|teamsize|p1|6\n|teamsize|p2|6\n|gen|9\n|tier|[Gen 9] National Dex\n|rated|\n|rule|HP Percentage Mod: HP is shown in percentages\n|rule|Endless Battle Clause: Forcing endless battles is banned\n|rule|OHKO Clause: OHKO moves are banned\n|rule|Evasion Clause: Evasion abilities, items, and moves are banned\n|rule|Evasion Abilities Clause: Evasion abilities are banned\n|rule|Evasion Items Clause: Evasion items are banned\n|rule|Evasion Moves Clause: Evasion moves are banned\n|rule|Species Clause: Limit one of each Pok\u00e9mon\n|rule|Sleep Clause Mod: Limit one foe put to sleep\n|clearpoke\n|poke|p1|Pawmot, F|\n|poke|p1|Rabsca, M|\n|poke|p1|Banette, M|\n|poke|p1|Victini|\n|poke|p1|Dragonite, F|\n|poke|p1|Forretress, F|\n|poke|p2|Heliolisk, F|\n|poke|p2|Espeon, M|\n|poke|p2|Swampert, M|\n|poke|p2|Togekiss, F|\n|poke|p2|Typhlosion-Hisui, M|\n|poke|p2|Bewear, M|\n|teampreview\n|\n|t:|1700447285\n|start\n|switch|p1a: Dragonite|Dragonite, F|100\/100\n|switch|p2a: Heliolisk|Heliolisk, F|100\/100\n|turn|1\n|inactive|Battle timer is ON: inactive players will automatically lose when time's up. (requested by UncannyHavok)\n|\n|t:|1700447291\n|move|p2a: Heliolisk|Volt Switch|p1a: Dragonite\n|-damage|p1a: Dragonite|85\/100\n|\n|t:|1700447298\n|switch|p2a: Togekiss|Togekiss, F|100\/100|[from] Volt Switch\n|move|p1a: Dragonite|Dragon Dance|p1a: Dragonite\n|-boost|p1a: Dragonite|atk|1\n|-boost|p1a: Dragonite|spe|1\n|\n|upkeep\n|turn|2\n|\n|t:|1700447323\n|-terastallize|p1a: Dragonite|Normal\n|move|p1a: Dragonite|Extreme Speed|p2a: Togekiss\n|-damage|p2a: Togekiss|37\/100\n|move|p2a: Togekiss|Dazzling Gleam|p1a: Dragonite\n|-damage|p1a: Dragonite|50\/100\n|\n|upkeep\n|turn|3\n|\n|t:|1700447333\n|-terastallize|p2a: Togekiss|Steel\n|move|p1a: Dragonite|Extreme Speed|p2a: Togekiss\n|-resisted|p2a: Togekiss\n|-damage|p2a: Togekiss|8\/100\n|move|p2a: Togekiss|Roost|p2a: Togekiss\n|-heal|p2a: Togekiss|58\/100\n|\n|upkeep\n|turn|4\n|\n|t:|1700447342\n|move|p1a: Dragonite|Earthquake|p2a: Togekiss\n|-supereffective|p2a: Togekiss\n|-damage|p2a: Togekiss|0 fnt\n|faint|p2a: Togekiss\n|\n|upkeep\n|\n|t:|1700447351\n|switch|p2a: Typhlosion|Typhlosion-Hisui, M|100\/100\n|-item|p1a: Dragonite|Weakness Policy|[from] ability: Frisk|[of] p2a: Typhlosion|[identify]\n|turn|5\n|\n|t:|1700447355\n|move|p1a: Dragonite|Earthquake|p2a: Typhlosion\n|-supereffective|p2a: Typhlosion\n|-damage|p2a: Typhlosion|0 fnt\n|faint|p2a: Typhlosion\n|\n|upkeep\n|\n|t:|1700447360\n|switch|p2a: Espeon|Espeon, M|100\/100\n|turn|6\n|\n|t:|1700447363\n|move|p1a: Dragonite|Extreme Speed|p2a: Espeon\n|-damage|p2a: Espeon|0 fnt\n|faint|p2a: Espeon\n|\n|upkeep\n|\n|t:|1700447368\n|switch|p2a: Bewear|Bewear, M|100\/100\n|turn|7\n|\n|t:|1700447373\n|move|p1a: Dragonite|Earthquake|p2a: Bewear\n|-damage|p2a: Bewear|38\/100\n|move|p2a: Bewear|Double-Edge|p1a: Dragonite\n|-damage|p1a: Dragonite|0 fnt\n|faint|p1a: Dragonite\n|-damage|p2a: Bewear|24\/100|[from] Recoil\n|\n|upkeep\n|\n|t:|1700447381\n|switch|p1a: Forretress|Forretress, F|100\/100\n|turn|8\n|\n|t:|1700447386\n|move|p2a: Bewear|Close Combat|p1a: Forretress\n|-damage|p1a: Forretress|50\/100\n|-unboost|p2a: Bewear|def|1\n|-unboost|p2a: Bewear|spd|1\n|move|p1a: Forretress|Stealth Rock|p2a: Bewear\n|-sidestart|p2: UncannyHavok|move: Stealth Rock\n|\n|upkeep\n|turn|9\n|\n|t:|1700447392\n|move|p2a: Bewear|Close Combat|p1a: Forretress\n|-damage|p1a: Forretress|0 fnt\n|-unboost|p2a: Bewear|def|1\n|-unboost|p2a: Bewear|spd|1\n|faint|p1a: Forretress\n|\n|upkeep\n|\n|t:|1700447396\n|switch|p1a: Pawmot|Pawmot, F|100\/100\n|turn|10\n|\n|t:|1700447401\n|move|p1a: Pawmot|Close Combat|p2a: Bewear\n|-supereffective|p2a: Bewear\n|-damage|p2a: Bewear|0 fnt\n|-unboost|p1a: Pawmot|def|1\n|-unboost|p1a: Pawmot|spd|1\n|faint|p2a: Bewear\n|\n|upkeep\n|\n|t:|1700447409\n|switch|p2a: Swampert|Swampert, M|100\/100\n|-damage|p2a: Swampert|94\/100|[from] Stealth Rock\n|turn|11\n|\n|t:|1700447415\n|switch|p1a: Rabsca|Rabsca, M|100\/100\n|move|p2a: Swampert|Stealth Rock|p1a: Rabsca\n|-sidestart|p1: Tank Tests|move: Stealth Rock\n|\n|-heal|p2a: Swampert|100\/100|[from] item: Leftovers\n|upkeep\n|turn|12\n|\n|t:|1700447422\n|move|p2a: Swampert|Yawn|p1a: Rabsca\n|-start|p1a: Rabsca|move: Yawn|[of] p2a: Swampert\n|move|p1a: Rabsca|Revival Blessing|p1a: Rabsca\n|-enditem|p1a: Rabsca|Leppa Berry|[eat]\n|-activate|p1a: Rabsca|item: Leppa Berry|Revival Blessing|[consumed]\n|\n|t:|1700447426\n|-heal|p1: Dragonite|50\/100|[from] move: Revival Blessing\n|\n|upkeep\n|turn|13\n|\n|t:|1700447430\n|move|p2a: Swampert|Flip Turn|p1a: Rabsca\n|-damage|p1a: Rabsca|79\/100\n|\n|t:|1700447434\n|switch|p2a: Heliolisk|Heliolisk, F|100\/100|[from] Flip Turn\n|-damage|p2a: Heliolisk|88\/100|[from] Stealth Rock\n|move|p1a: Rabsca|Revival Blessing|p1a: Rabsca\n|\n|t:|1700447436\n|-heal|p1: Forretress|50\/100|[from] move: Revival Blessing\n|\n|-end|p1a: Rabsca|move: Yawn|[silent]\n|-status|p1a: Rabsca|slp\n|upkeep\n|turn|14\n|\n|t:|1700447449\n|move|p2a: Heliolisk|Hyper Voice|p1a: Rabsca\n|-damage|p1a: Rabsca|43\/100 slp\n|cant|p1a: Rabsca|slp\n|\n|upkeep\n|turn|15\n|\n|t:|1700447454\n|move|p2a: Heliolisk|Hyper Voice|p1a: Rabsca\n|-damage|p1a: Rabsca|8\/100 slp\n|-curestatus|p1a: Rabsca|slp|[msg]\n|move|p1a: Rabsca|Memento|p2a: Heliolisk\n|-unboost|p2a: Heliolisk|atk|2\n|-unboost|p2a: Heliolisk|spa|2\n|faint|p1a: Rabsca\n|\n|upkeep\n|\n|t:|1700447459\n|switch|p1a: Forretress|Forretress, F|50\/100\n|turn|16\n|-message|UncannyHavok forfeited.\n|\n|win|Tank Tests\n|raw|Tank Tests's rating: 1319 &rarr; <strong>1333<\/strong><br \/>(+14 for winning)\n|raw|UncannyHavok's rating: 1204 &rarr; <strong>1187<\/strong><br \/>(-17 for losing)\n|l|\u2606UncannyHavok\n","uploadtime":1700447476,"views":10,"p1id":"tanktests","p2id":"uncannyhavok","formatid":"gen9nationaldex","rating":1187,"private":0,"password":""}