{"id":"gen9nationaldex-1994665128","p1":"AlolanSandslashOU","p2":"Hussumon2","format":"[Gen 9] National Dex","log":"|html|<div class=\"broadcast-blue\"><strong>[Gen 9] National Dex is currently suspecting Sneasler! For information on how to participate check out the <a href=\"https:\/\/www.smogon.com\/forums\/threads\/sv-national-dex-suspect-8-just-dance.3731534\/\">suspect thread<\/a>.<\/strong><\/div>\n|j|\u2606AlolanSandslashOU\n|j|\u2606Hussumon2\n|t:|1700477824\n|gametype|singles\n|player|p1|AlolanSandslashOU|volkner|\n|player|p2|Hussumon2|palmer|\n|teamsize|p1|6\n|teamsize|p2|6\n|gen|9\n|tier|[Gen 9] National Dex\n|rule|HP Percentage Mod: HP is shown in percentages\n|rule|Endless Battle Clause: Forcing endless battles is banned\n|rule|OHKO Clause: OHKO moves are banned\n|rule|Evasion Clause: Evasion abilities, items, and moves are banned\n|rule|Evasion Abilities Clause: Evasion abilities are banned\n|rule|Evasion Items Clause: Evasion items are banned\n|rule|Evasion Moves Clause: Evasion moves are banned\n|rule|Species Clause: Limit one of each Pok\u00e9mon\n|rule|Sleep Clause Mod: Limit one foe put to sleep\n|clearpoke\n|poke|p1|Aipom, F|\n|poke|p1|Gurdurr, F|\n|poke|p1|Kadabra, F|\n|poke|p1|Gligar, F|\n|poke|p1|Magmar, M|\n|poke|p1|Electabuzz, F|\n|poke|p2|Gurdurr, F|\n|poke|p2|Tinkatuff, F|\n|poke|p2|Type: Null|\n|poke|p2|Haunter, F|\n|poke|p2|Murkrow, F|\n|poke|p2|Thwackey, F|\n|teampreview\n|inactive|Battle timer is ON: inactive players will automatically lose when time's up. (requested by Hussumon2)\n|c|\u2606Hussumon2|Gl hf\n|c|\u2606AlolanSandslashOU|My fellow gurdurr man\n|inactive|AlolanSandslashOU has 270 seconds left.\n|c|\u2606AlolanSandslashOU|Woah natdex is suspecting sneasler\n|\n|t:|1700477864\n|start\n|switch|p1a: Electabuzz|Electabuzz, F|100\/100\n|switch|p2a: Gurdurr|Gurdurr, F|100\/100\n|turn|1\n|\n|t:|1700477869\n|move|p1a: Electabuzz|Volt Switch|p2a: Gurdurr\n|-damage|p2a: Gurdurr|72\/100\n|\n|t:|1700477873\n|switch|p1a: Gligar|Gligar, F|100\/100|[from] Volt Switch\n|move|p2a: Gurdurr|Knock Off|p1a: Gligar\n|-damage|p1a: Gligar|86\/100\n|-enditem|p1a: Gligar|Eviolite|[from] move: Knock Off|[of] p2a: Gurdurr\n|\n|upkeep\n|turn|2\n|\n|t:|1700477890\n|move|p1a: Gligar|Knock Off|p2a: Gurdurr\n|-resisted|p2a: Gurdurr\n|-damage|p2a: Gurdurr|65\/100\n|-enditem|p2a: Gurdurr|Eviolite|[from] move: Knock Off|[of] p1a: Gligar\n|move|p2a: Gurdurr|Ice Punch|p1a: Gligar\n|-supereffective|p1a: Gligar\n|-damage|p1a: Gligar|0 fnt\n|faint|p1a: Gligar\n|\n|upkeep\n|\n|t:|1700477896\n|switch|p1a: Kadabra|Kadabra, F|100\/100\n|turn|3\n|\n|t:|1700477916\n|switch|p2a: Tinkatuff|Tinkatuff, F|100\/100\n|-ability|p2a: Tinkatuff|Mold Breaker\n|move|p1a: Kadabra|Dazzling Gleam|p2a: Tinkatuff\n|-resisted|p2a: Tinkatuff\n|-damage|p2a: Tinkatuff|87\/100\n|\n|-heal|p2a: Tinkatuff|93\/100|[from] item: Leftovers\n|upkeep\n|turn|4\n|\n|t:|1700477930\n|switch|p1a: Electabuzz|Electabuzz, F|100\/100\n|move|p2a: Tinkatuff|Knock Off|p1a: Electabuzz\n|-damage|p1a: Electabuzz|71\/100\n|-status|p2a: Tinkatuff|par|[from] ability: Static|[of] p1a: Electabuzz\n|-enditem|p1a: Electabuzz|Expert Belt|[from] move: Knock Off|[of] p2a: Tinkatuff\n|\n|-heal|p2a: Tinkatuff|99\/100 par|[from] item: Leftovers\n|upkeep\n|turn|5\n|\n|t:|1700477938\n|move|p1a: Electabuzz|Thunderbolt|p2a: Tinkatuff\n|-damage|p2a: Tinkatuff|70\/100 par\n|move|p2a: Tinkatuff|Stealth Rock|p1a: Electabuzz\n|-sidestart|p1: AlolanSandslashOU|move: Stealth Rock\n|\n|-heal|p2a: Tinkatuff|76\/100 par|[from] item: Leftovers\n|upkeep\n|turn|6\n|\n|t:|1700477945\n|switch|p2a: Type: Null|Type: Null|100\/100\n|move|p1a: Electabuzz|Thunderbolt|p2a: Type: Null\n|-damage|p2a: Type: Null|77\/100\n|\n|upkeep\n|turn|7\n|\n|t:|1700477955\n|move|p1a: Electabuzz|Focus Blast|p2a: Type: Null\n|-supereffective|p2a: Type: Null\n|-damage|p2a: Type: Null|37\/100\n|move|p2a: Type: Null|Return|p1a: Electabuzz\n|-damage|p1a: Electabuzz|0 fnt\n|-status|p2a: Type: Null|par|[from] ability: Static|[of] p1a: Electabuzz\n|faint|p1a: Electabuzz\n|\n|upkeep\n|\n|t:|1700477965\n|switch|p1a: Kadabra|Kadabra, F|100\/100\n|turn|8\n|\n|t:|1700477967\n|move|p1a: Kadabra|Psychic|p2a: Type: Null\n|-damage|p2a: Type: Null|3\/100 par\n|cant|p2a: Type: Null|par\n|\n|upkeep\n|turn|9\n|\n|t:|1700477975\n|switch|p2a: Murkrow|Murkrow, F|100\/100\n|move|p1a: Kadabra|Psychic|p2a: Murkrow\n|-immune|p2a: Murkrow\n|\n|upkeep\n|turn|10\n|\n|t:|1700477984\n|move|p1a: Kadabra|Dazzling Gleam|p2a: Murkrow\n|-supereffective|p2a: Murkrow\n|-damage|p2a: Murkrow|3\/100\n|move|p2a: Murkrow|U-turn|p1a: Kadabra\n|-supereffective|p1a: Kadabra\n|-damage|p1a: Kadabra|12\/100\n|\n|t:|1700477990\n|switch|p2a: Thwackey|Thwackey, F|100\/100|[from] U-turn\n|-fieldstart|move: Grassy Terrain|[from] ability: Grassy Surge|[of] p2a: Thwackey\n|\n|-heal|p1a: Kadabra|18\/100|[from] Grassy Terrain\n|upkeep\n|turn|11\n|c|\u2606AlolanSandslashOU|you shouldn\u2019t be alive\n|\n|t:|1700478008\n|switch|p1a: Magmar|Magmar, M|100\/100\n|-damage|p1a: Magmar|76\/100|[from] Stealth Rock\n|move|p2a: Thwackey|Grassy Glide|p1a: Magmar\n|-resisted|p1a: Magmar\n|-damage|p1a: Magmar|46\/100\n|\n|-heal|p1a: Magmar|52\/100|[from] Grassy Terrain\n|upkeep\n|turn|12\n|c|\u2606Hussumon2|I know\n|\n|t:|1700478019\n|move|p1a: Magmar|Fire Blast|p2a: Thwackey\n|-supereffective|p2a: Thwackey\n|-damage|p2a: Thwackey|0 fnt\n|faint|p2a: Thwackey\n|\n|-heal|p1a: Magmar|58\/100|[from] Grassy Terrain\n|upkeep\n|\n|t:|1700478022\n|switch|p2a: Haunter|Haunter, F|100\/100\n|turn|13\n|\n|t:|1700478026\n|move|p2a: Haunter|Sludge Bomb|p1a: Magmar\n|-damage|p1a: Magmar|0 fnt\n|faint|p1a: Magmar\n|\n|upkeep\n|\n|t:|1700478031\n|switch|p1a: Gurdurr|Gurdurr, F|100\/100\n|-damage|p1a: Gurdurr|94\/100|[from] Stealth Rock\n|turn|14\n|\n|t:|1700478041\n|move|p2a: Haunter|Sludge Bomb|p1a: Gurdurr\n|-damage|p1a: Gurdurr|0 fnt\n|faint|p1a: Gurdurr\n|\n|upkeep\n|\n|t:|1700478045\n|switch|p1a: Kadabra|Kadabra, F|18\/100\n|turn|15\n|\n|t:|1700478048\n|switch|p2a: Murkrow|Murkrow, F|3\/100\n|move|p1a: Kadabra|Psychic|p2a: Murkrow\n|-immune|p2a: Murkrow\n|\n|-heal|p1a: Kadabra|24\/100|[from] Grassy Terrain\n|upkeep\n|turn|16\n|\n|t:|1700478053\n|move|p2a: Murkrow|Roost|p2a: Murkrow\n|-heal|p2a: Murkrow|53\/100\n|-singleturn|p2a: Murkrow|move: Roost\n|move|p1a: Kadabra|Dazzling Gleam|p2a: Murkrow\n|-supereffective|p2a: Murkrow\n|-damage|p2a: Murkrow|0 fnt\n|faint|p2a: Murkrow\n|\n|-heal|p1a: Kadabra|29\/100|[from] Grassy Terrain\n|upkeep\n|\n|t:|1700478059\n|switch|p2a: Tinkatuff|Tinkatuff, F|76\/100 par\n|-ability|p2a: Tinkatuff|Mold Breaker\n|turn|17\n|\n|t:|1700478063\n|move|p1a: Kadabra|Shadow Ball|p2a: Tinkatuff\n|-damage|p2a: Tinkatuff|45\/100 par\n|move|p2a: Tinkatuff|Knock Off|p1a: Kadabra\n|-supereffective|p1a: Kadabra\n|-damage|p1a: Kadabra|0 fnt\n|-enditem|p1a: Kadabra|Life Orb|[from] move: Knock Off|[of] p2a: Tinkatuff\n|faint|p1a: Kadabra\n|\n|-heal|p2a: Tinkatuff|51\/100 par|[from] Grassy Terrain\n|-heal|p2a: Tinkatuff|57\/100 par|[from] item: Leftovers\n|-fieldend|move: Grassy Terrain\n|upkeep\n|\n|t:|1700478065\n|switch|p1a: Aipom|Aipom, F|100\/100\n|-damage|p1a: Aipom|88\/100|[from] Stealth Rock\n|turn|18\n|\n|t:|1700478076\n|move|p1a: Aipom|Tail Slap|p2a: Tinkatuff\n|-resisted|p2a: Tinkatuff\n|-damage|p2a: Tinkatuff|46\/100 par\n|-resisted|p2a: Tinkatuff\n|-damage|p2a: Tinkatuff|35\/100 par\n|-resisted|p2a: Tinkatuff\n|-damage|p2a: Tinkatuff|24\/100 par\n|-resisted|p2a: Tinkatuff\n|-damage|p2a: Tinkatuff|13\/100 par\n|-resisted|p2a: Tinkatuff\n|-damage|p2a: Tinkatuff|3\/100 par\n|-hitcount|p2a: Tinkatuff|5\n|move|p2a: Tinkatuff|Thunder Wave|p1a: Aipom\n|-status|p1a: Aipom|par\n|\n|-heal|p2a: Tinkatuff|9\/100 par|[from] item: Leftovers\n|upkeep\n|turn|19\n|\n|t:|1700478087\n|move|p1a: Aipom|Tail Slap|p2a: Tinkatuff\n|-resisted|p2a: Tinkatuff\n|-damage|p2a: Tinkatuff|0 fnt\n|faint|p2a: Tinkatuff\n|-hitcount|p2: Tinkatuff|1\n|\n|upkeep\n|\n|t:|1700478090\n|switch|p2a: Gurdurr|Gurdurr, F|65\/100\n|turn|20\n|c|\u2606Hussumon2|Gg\n|\n|t:|1700478096\n|-terastallize|p1a: Aipom|Ghost\n|move|p1a: Aipom|Tail Slap|p2a: Gurdurr|[miss]\n|-miss|p1a: Aipom|p2a: Gurdurr\n|move|p2a: Gurdurr|Drain Punch|p1a: Aipom\n|-immune|p1a: Aipom\n|\n|upkeep\n|turn|21\n|\n|t:|1700478102\n|move|p1a: Aipom|Tail Slap|p2a: Gurdurr\n|-damage|p2a: Gurdurr|52\/100\n|-damage|p2a: Gurdurr|40\/100\n|-damage|p2a: Gurdurr|25\/100\n|-damage|p2a: Gurdurr|11\/100\n|-damage|p2a: Gurdurr|0 fnt\n|faint|p2a: Gurdurr\n|-hitcount|p2: Gurdurr|5\n|\n|upkeep\n|\n|t:|1700478108\n|switch|p2a: Haunter|Haunter, F|100\/100\n|turn|22\n|c|\u2606AlolanSandslashOU|Yeah gg\n|\n|t:|1700478115\n|-terastallize|p2a: Haunter|Ghost\n|move|p2a: Haunter|Shadow Ball|p1a: Aipom\n|-supereffective|p1a: Aipom\n|-crit|p1a: Aipom\n|-damage|p1a: Aipom|0 fnt\n|faint|p1a: Aipom\n|\n|win|Hussumon2\n","uploadtime":1700478125,"views":4,"p1id":"alolansandslashou","p2id":"hussumon2","formatid":"gen9nationaldex","rating":0,"private":0,"password":""}