{"id":"gen9nationaldex-1997151667","p1":"Reivya","p2":"efvkdw","format":"[Gen 9] National Dex","log":"|html|<div class=\"broadcast-blue\"><strong>[Gen 9] National Dex is currently suspecting Sneasler! For information on how to participate check out the <a href=\"https:\/\/www.smogon.com\/forums\/threads\/sv-national-dex-suspect-8-just-dance.3731534\/\">suspect thread<\/a>.<\/strong><\/div>\n|j|\u2606Reivya\n|j|\u2606efvkdw\n|t:|1700769751\n|gametype|singles\n|player|p1|Reivya|jupiter|1044\n|player|p2|efvkdw|aromalady|1046\n|teamsize|p1|6\n|teamsize|p2|6\n|gen|9\n|tier|[Gen 9] National Dex\n|rated|\n|rule|HP Percentage Mod: HP is shown in percentages\n|rule|Endless Battle Clause: Forcing endless battles is banned\n|rule|OHKO Clause: OHKO moves are banned\n|rule|Evasion Clause: Evasion abilities, items, and moves are banned\n|rule|Evasion Abilities Clause: Evasion abilities are banned\n|rule|Evasion Items Clause: Evasion items are banned\n|rule|Evasion Moves Clause: Evasion moves are banned\n|rule|Species Clause: Limit one of each Pok\u00e9mon\n|rule|Sleep Clause Mod: Limit one foe put to sleep\n|clearpoke\n|poke|p1|Ribombee, F|\n|poke|p1|Skarmory, M|\n|poke|p1|Gardevoir, F|\n|poke|p1|Drapion, M|\n|poke|p1|Starmie|\n|poke|p1|Gigalith, F|\n|poke|p2|Gyarados, M|\n|poke|p2|Lilligant, F|\n|poke|p2|Grimmsnarl, M|\n|poke|p2|Goodra-Hisui, F|\n|poke|p2|Scolipede, M|\n|poke|p2|Zoroark-Hisui, F|\n|teampreview\n|c|\u2606Reivya|glhf\n|inactive|Battle timer is ON: inactive players will automatically lose when time's up. (requested by efvkdw)\n|\n|t:|1700769763\n|start\n|switch|p1a: subarashii|Gigalith, F|100\/100\n|switch|p2a: Lilligant|Lilligant, F|100\/100\n|turn|1\n|\n|t:|1700769771\n|move|p2a: Lilligant|Quiver Dance|p2a: Lilligant\n|-boost|p2a: Lilligant|spa|1\n|-boost|p2a: Lilligant|spd|1\n|-boost|p2a: Lilligant|spe|1\n|move|p1a: subarashii|Stone Edge|p2a: Lilligant\n|-damage|p2a: Lilligant|25\/100\n|\n|upkeep\n|turn|2\n|\n|t:|1700769778\n|move|p2a: Lilligant|Giga Drain|p1a: subarashii\n|-supereffective|p1a: subarashii\n|-ability|p1a: subarashii|Sturdy\n|-damage|p1a: subarashii|1\/100\n|-heal|p2a: Lilligant|85\/100|[from] drain|[of] p1a: subarashii\n|-damage|p2a: Lilligant|76\/100|[from] item: Life Orb\n|move|p1a: subarashii|Stone Edge|p2a: Lilligant\n|-damage|p2a: Lilligant|0 fnt\n|faint|p2a: Lilligant\n|\n|upkeep\n|\n|t:|1700769785\n|switch|p2a: Scolipede|Scolipede, M|100\/100\n|turn|3\n|-enditem|p1a: subarashii|Custap Berry|[eat]\n|-activate|p1a: subarashii|item: Custap Berry|[consumed]\n|\n|t:|1700769792\n|move|p1a: subarashii|Explosion|p2a: Scolipede\n|-damage|p2a: Scolipede|0 fnt\n|faint|p1a: subarashii\n|faint|p2a: Scolipede\n|\n|upkeep\n|c|\u2606Reivya|subarashii\n|\n|t:|1700769809\n|switch|p2a: Goodra|Goodra-Hisui, F, shiny|100\/100\n|switch|p1a: skra|Skarmory, M|100\/100\n|turn|4\n|\n|t:|1700769814\n|move|p2a: Goodra|Nasty Plot|p2a: Goodra\n|-boost|p2a: Goodra|spa|2\n|move|p1a: skra|Whirlwind|p2a: Goodra\n|drag|p2a: Grimmsnarl|Grimmsnarl, M|100\/100\n|\n|upkeep\n|turn|5\n|\n|t:|1700769822\n|move|p2a: Grimmsnarl|Reflect|p2a: Grimmsnarl\n|-sidestart|p2: efvkdw|Reflect\n|move|p1a: skra|Stealth Rock|p2a: Grimmsnarl\n|-sidestart|p2: efvkdw|move: Stealth Rock\n|\n|upkeep\n|turn|6\n|\n|t:|1700769826\n|move|p2a: Grimmsnarl|Parting Shot|p1a: skra\n|-unboost|p1a: skra|atk|1\n|-unboost|p1a: skra|spa|1\n|\n|t:|1700769830\n|switch|p2a: Goodra|Goodra-Hisui, F, shiny|100\/100|[from] Parting Shot\n|-damage|p2a: Goodra|88\/100|[from] Stealth Rock\n|move|p1a: skra|Spikes|p2a: Goodra\n|-sidestart|p2: efvkdw|Spikes\n|\n|upkeep\n|turn|7\n|\n|t:|1700769837\n|move|p2a: Goodra|Nasty Plot|p2a: Goodra\n|-boost|p2a: Goodra|spa|2\n|move|p1a: skra|Whirlwind|p2a: Goodra\n|drag|p2a: Gyarados|Gyarados, M|100\/100\n|-damage|p2a: Gyarados|76\/100|[from] Stealth Rock\n|-ability|p2a: Gyarados|Intimidate|boost\n|-unboost|p1a: skra|atk|1\n|\n|upkeep\n|turn|8\n|\n|t:|1700769847\n|detailschange|p2a: Gyarados|Gyarados-Mega, M\n|-mega|p2a: Gyarados|Gyarados|Gyaradosite\n|-ability|p2a: Gyarados|Mold Breaker\n|move|p2a: Gyarados|Waterfall|p1a: skra\n|-damage|p1a: skra|58\/100\n|move|p1a: skra|Whirlwind|p2a: Gyarados\n|drag|p2a: Grimmsnarl|Grimmsnarl, M|100\/100\n|-damage|p2a: Grimmsnarl|88\/100|[from] Stealth Rock\n|-damage|p2a: Grimmsnarl|76\/100|[from] Spikes\n|\n|-heal|p1a: skra|64\/100|[from] item: Leftovers\n|upkeep\n|turn|9\n|\n|t:|1700769860\n|move|p2a: Grimmsnarl|Sucker Punch||[still]\n|-fail|p2a: Grimmsnarl\n|move|p1a: skra|Spikes|p2a: Grimmsnarl\n|-sidestart|p2: efvkdw|Spikes\n|\n|-heal|p1a: skra|70\/100|[from] item: Leftovers\n|upkeep\n|turn|10\n|\n|t:|1700769867\n|move|p2a: Grimmsnarl|Parting Shot|p1a: skra\n|-unboost|p1a: skra|atk|1\n|-unboost|p1a: skra|spa|1\n|\n|t:|1700769874\n|switch|p2a: Gyarados|Gyarados-Mega, M|76\/100|[from] Parting Shot\n|-damage|p2a: Gyarados|63\/100|[from] Stealth Rock\n|-damage|p2a: Gyarados|47\/100|[from] Spikes\n|-ability|p2a: Gyarados|Mold Breaker\n|move|p1a: skra|Spikes|p2a: Gyarados\n|-sidestart|p2: efvkdw|Spikes\n|\n|-heal|p1a: skra|76\/100|[from] item: Leftovers\n|upkeep\n|turn|11\n|\n|t:|1700769885\n|move|p2a: Gyarados|Dragon Tail|p1a: skra\n|-resisted|p1a: skra\n|-damage|p1a: skra|65\/100\n|drag|p1a: mr. hugs|Drapion, M|100\/100\n|\n|upkeep\n|turn|12\n|\n|t:|1700769892\n|move|p1a: mr. hugs|Toxic Spikes|p2a: Gyarados\n|-sidestart|p2: efvkdw|move: Toxic Spikes\n|move|p2a: Gyarados|Dragon Dance|p2a: Gyarados\n|-boost|p2a: Gyarados|atk|1\n|-boost|p2a: Gyarados|spe|1\n|\n|-sideend|p2: efvkdw|Reflect\n|upkeep\n|turn|13\n|\n|t:|1700769898\n|move|p2a: Gyarados|Dragon Dance|p2a: Gyarados\n|-boost|p2a: Gyarados|atk|1\n|-boost|p2a: Gyarados|spe|1\n|move|p1a: mr. hugs|Roar|p2a: Gyarados\n|drag|p2a: Goodra|Goodra-Hisui, F, shiny|88\/100\n|-damage|p2a: Goodra|76\/100|[from] Stealth Rock\n|-damage|p2a: Goodra|51\/100|[from] Spikes\n|-status|p2a: Goodra|psn\n|\n|-damage|p2a: Goodra|39\/100 psn|[from] psn\n|upkeep\n|turn|14\n|\n|t:|1700769912\n|move|p2a: Goodra|Nasty Plot|p2a: Goodra\n|-boost|p2a: Goodra|spa|2\n|move|p1a: mr. hugs|Roar|p2a: Goodra\n|drag|p2a: Grimmsnarl|Grimmsnarl, M|76\/100\n|-damage|p2a: Grimmsnarl|64\/100|[from] Stealth Rock\n|-damage|p2a: Grimmsnarl|39\/100|[from] Spikes\n|-status|p2a: Grimmsnarl|psn\n|\n|-damage|p2a: Grimmsnarl|26\/100 psn|[from] psn\n|upkeep\n|turn|15\n|\n|t:|1700769925\n|move|p2a: Grimmsnarl|Sucker Punch||[still]\n|-fail|p2a: Grimmsnarl\n|move|p1a: mr. hugs|Toxic Spikes|p2a: Grimmsnarl\n|-sidestart|p2: efvkdw|move: Toxic Spikes\n|\n|-damage|p2a: Grimmsnarl|14\/100 psn|[from] psn\n|upkeep\n|turn|16\n|\n|t:|1700769932\n|move|p2a: Grimmsnarl|Sucker Punch||[still]\n|-fail|p2a: Grimmsnarl\n|move|p1a: mr. hugs|Roar|p2a: Grimmsnarl\n|drag|p2a: Gyarados|Gyarados-Mega, M|47\/100\n|-damage|p2a: Gyarados|34\/100|[from] Stealth Rock\n|-damage|p2a: Gyarados|9\/100|[from] Spikes\n|-status|p2a: Gyarados|tox\n|-ability|p2a: Gyarados|Mold Breaker\n|\n|-damage|p2a: Gyarados|3\/100 tox|[from] psn\n|upkeep\n|turn|17\n|\n|t:|1700769946\n|move|p2a: Gyarados|Earthquake|p1a: mr. hugs\n|-supereffective|p1a: mr. hugs\n|-damage|p1a: mr. hugs|26\/100\n|move|p1a: mr. hugs|Roar|p2a: Gyarados\n|drag|p2a: Grimmsnarl|Grimmsnarl, M|14\/100 psn\n|-damage|p2a: Grimmsnarl|2\/100 psn|[from] Stealth Rock\n|-damage|p2a: Grimmsnarl|0 fnt|[from] Spikes\n|faint|p2a: Grimmsnarl\n|\n|-heal|p1a: mr. hugs|32\/100|[from] item: Leftovers\n|upkeep\n|\n|t:|1700769957\n|switch|p2a: Gyarados|Gyarados-Mega, M|3\/100 tox\n|-damage|p2a: Gyarados|0 fnt|[from] Stealth Rock\n|faint|p2a: Gyarados\n|\n|t:|1700769961\n|switch|p2a: Goodra|Goodra-Hisui, F, shiny|39\/100 psn\n|-damage|p2a: Goodra|26\/100 psn|[from] Stealth Rock\n|-damage|p2a: Goodra|1\/100 psn|[from] Spikes\n|turn|18\n|\n|t:|1700769972\n|move|p2a: Goodra|Flamethrower|p1a: mr. hugs\n|-damage|p1a: mr. hugs|0 fnt\n|faint|p1a: mr. hugs\n|\n|-damage|p2a: Goodra|0 fnt|[from] psn\n|faint|p2a: Goodra\n|upkeep\n|\n|t:|1700769982\n|switch|p2a: Goodra|Goodra-Hisui, F, shiny|100\/100\n|switch|p1a: it's hip|Ribombee, F|100\/100\n|-damage|p2a: Goodra|95\/100|[from] Stealth Rock\n|-damage|p2a: Goodra|70\/100|[from] Spikes\n|turn|19\n|\n|t:|1700769998\n|-terastallize|p2a: Goodra|Electric\n|move|p1a: it's hip|Switcheroo|p2a: Goodra\n|-activate|p1a: it's hip|move: Trick|[of] p2a: Goodra\n|-item|p2a: Goodra|Choice Specs|[from] move: Switcheroo\n|-item|p1a: it's hip|Sitrus Berry|[from] move: Switcheroo\n|move|p2a: Goodra|Thunderbolt|p1a: it's hip\n|-damage|p1a: it's hip|0 fnt\n|faint|p1a: it's hip\n|\n|upkeep\n|\n|t:|1700770013\n|switch|p1a: ayy lmao|Gardevoir, F|100\/100\n|turn|20\n|\n|t:|1700770017\n|-terastallize|p1a: ayy lmao|Electric\n|move|p1a: ayy lmao|Calm Mind|p1a: ayy lmao\n|-boost|p1a: ayy lmao|spa|1\n|-boost|p1a: ayy lmao|spd|1\n|move|p2a: Goodra|Thunderbolt|p1a: ayy lmao\n|-resisted|p1a: ayy lmao\n|-damage|p1a: ayy lmao|76\/100\n|\n|upkeep\n|turn|21\n|-message|efvkdw forfeited.\n|\n|win|Reivya\n|raw|Reivya's rating: 1044 &rarr; <strong>1078<\/strong><br \/>(+34 for winning)\n|raw|efvkdw's rating: 1046 &rarr; <strong>1029<\/strong><br \/>(-17 for losing)\n|l|\u2606efvkdw\n|c|\u2606Reivya|ggwp\n","uploadtime":1700770031,"views":13,"p1id":"reivya","p2id":"efvkdw","formatid":"gen9nationaldex","rating":1029,"private":0,"password":""}