{"id":"gen9nationaldex-1991694347","p1":"Jarl_jake","p2":"Dk Zay","format":"[Gen 9] National Dex","log":"|j|\u2606Jarl_jake\n|j|\u203dDk Zay\n|t:|1700103530\n|gametype|singles\n|player|p1|Jarl_jake|red|1517\n|player|p2|Dk Zay|102|1417\n|teamsize|p1|6\n|teamsize|p2|6\n|gen|9\n|tier|[Gen 9] National Dex\n|rated|\n|rule|HP Percentage Mod: HP is shown in percentages\n|rule|Endless Battle Clause: Forcing endless battles is banned\n|rule|OHKO Clause: OHKO moves are banned\n|rule|Evasion Clause: Evasion abilities, items, and moves are banned\n|rule|Evasion Abilities Clause: Evasion abilities are banned\n|rule|Evasion Items Clause: Evasion items are banned\n|rule|Evasion Moves Clause: Evasion moves are banned\n|rule|Species Clause: Limit one of each Pok\u00e9mon\n|rule|Sleep Clause Mod: Limit one foe put to sleep\n|clearpoke\n|poke|p1|Ninetales-Alola, F|\n|poke|p1|Serperior, F|\n|poke|p1|Salamence, M|\n|poke|p1|Blaziken, M|\n|poke|p1|Blastoise, F|\n|poke|p1|Grimmsnarl, M|\n|poke|p2|Alakazam, M|\n|poke|p2|Latios, M|\n|poke|p2|Nidoking, M|\n|poke|p2|Nihilego|\n|poke|p2|Mawile, M|\n|poke|p2|Diggersby, F|\n|teampreview\n|inactive|Battle timer is ON: inactive players will automatically lose when time's up. (requested by Dk Zay)\n|\n|t:|1700103540\n|start\n|switch|p1a: Paarthurnax|Salamence, M, shiny|100\/100\n|switch|p2a: Mawile|Mawile, M|100\/100\n|turn|1\n|\n|t:|1700103548\n|detailschange|p2a: Mawile|Mawile-Mega, M\n|-mega|p2a: Mawile|Mawile|Mawilite\n|move|p1a: Paarthurnax|Flamethrower|p2a: Mawile\n|-supereffective|p2a: Mawile\n|-damage|p2a: Mawile|37\/100\n|move|p2a: Mawile|Play Rough|p1a: Paarthurnax\n|-supereffective|p1a: Paarthurnax\n|-damage|p1a: Paarthurnax|0 fnt\n|faint|p1a: Paarthurnax\n|\n|upkeep\n|\n|t:|1700103565\n|switch|p1a: Chicharron|Blaziken, M, shiny|100\/100\n|turn|2\n|\n|t:|1700103570\n|switch|p2a: Latios|Latios, M|100\/100\n|move|p1a: Chicharron|Blaze Kick|p2a: Latios\n|-resisted|p2a: Latios\n|-damage|p2a: Latios|68\/100\n|\n|-ability|p1a: Chicharron|Speed Boost|boost\n|-boost|p1a: Chicharron|spe|1\n|upkeep\n|turn|3\n|\n|t:|1700103583\n|move|p1a: Chicharron|Swords Dance|p1a: Chicharron\n|-boost|p1a: Chicharron|atk|2\n|move|p2a: Latios|Psychic|p1a: Chicharron\n|-supereffective|p1a: Chicharron\n|-enditem|p1a: Chicharron|Focus Sash\n|-damage|p1a: Chicharron|1\/100\n|\n|-ability|p1a: Chicharron|Speed Boost|boost\n|-boost|p1a: Chicharron|spe|1\n|upkeep\n|turn|4\n|\n|t:|1700103597\n|switch|p2a: Nidoking|Nidoking, M, shiny|100\/100\n|move|p1a: Chicharron|Close Combat|p2a: Nidoking\n|-resisted|p2a: Nidoking\n|-damage|p2a: Nidoking|7\/100\n|-unboost|p1a: Chicharron|def|1\n|-unboost|p1a: Chicharron|spd|1\n|\n|-ability|p1a: Chicharron|Speed Boost|boost\n|-boost|p1a: Chicharron|spe|1\n|upkeep\n|turn|5\n|\n|t:|1700103607\n|move|p1a: Chicharron|Close Combat|p2a: Nidoking\n|-resisted|p2a: Nidoking\n|-damage|p2a: Nidoking|0 fnt\n|-unboost|p1a: Chicharron|def|1\n|-unboost|p1a: Chicharron|spd|1\n|faint|p2a: Nidoking\n|\n|-ability|p1a: Chicharron|Speed Boost|boost\n|-boost|p1a: Chicharron|spe|1\n|upkeep\n|\n|t:|1700103611\n|switch|p2a: Diggersby|Diggersby, F|100\/100\n|turn|6\n|\n|t:|1700103626\n|move|p2a: Diggersby|Quick Attack|p1a: Chicharron\n|-damage|p1a: Chicharron|0 fnt\n|faint|p1a: Chicharron\n|-damage|p2a: Diggersby|91\/100|[from] item: Life Orb\n|\n|upkeep\n|\n|t:|1700103632\n|switch|p1a: Lady Oscar|Serperior, F, shiny|100\/100\n|turn|7\n|\n|t:|1700103641\n|switch|p2a: Nihilego|Nihilego, shiny|100\/100\n|move|p1a: Lady Oscar|Leaf Storm|p2a: Nihilego\n|-damage|p2a: Nihilego|59\/100\n|-boost|p1a: Lady Oscar|spa|2\n|-damage|p1a: Lady Oscar|91\/100|[from] item: Life Orb\n|\n|upkeep\n|turn|8\n|\n|t:|1700103651\n|-terastallize|p1a: Lady Oscar|Fire\n|move|p1a: Lady Oscar|Leaf Storm|p2a: Nihilego\n|-damage|p2a: Nihilego|0 fnt\n|-boost|p1a: Lady Oscar|spa|2\n|faint|p2a: Nihilego\n|-damage|p1a: Lady Oscar|81\/100|[from] item: Life Orb\n|\n|upkeep\n|\n|t:|1700103660\n|switch|p2a: Mawile|Mawile-Mega, M|37\/100\n|turn|9\n|\n|t:|1700103666\n|move|p2a: Mawile|Sucker Punch|p1a: Lady Oscar\n|-damage|p1a: Lady Oscar|28\/100\n|move|p1a: Lady Oscar|Hidden Power|p2a: Mawile\n|-supereffective|p2a: Mawile\n|-crit|p2a: Mawile\n|-damage|p2a: Mawile|0 fnt\n|faint|p2a: Mawile\n|-damage|p1a: Lady Oscar|18\/100|[from] item: Life Orb\n|\n|upkeep\n|\n|t:|1700103669\n|switch|p2a: Diggersby|Diggersby, F|91\/100\n|turn|10\n|\n|t:|1700103688\n|move|p2a: Diggersby|Quick Attack|p1a: Lady Oscar\n|-damage|p1a: Lady Oscar|0 fnt\n|faint|p1a: Lady Oscar\n|-damage|p2a: Diggersby|81\/100|[from] item: Life Orb\n|\n|upkeep\n|\n|t:|1700103694\n|switch|p1a: Kurama|Ninetales-Alola, F, shiny|100\/100\n|-weather|Snow|[from] ability: Snow Warning|[of] p1a: Kurama\n|turn|11\n|\n|t:|1700103698\n|move|p1a: Kurama|Aurora Veil|p1a: Kurama\n|-sidestart|p1: Jarl_jake|move: Aurora Veil\n|move|p2a: Diggersby|Body Slam|p1a: Kurama\n|-damage|p1a: Kurama|64\/100\n|-status|p1a: Kurama|par\n|-damage|p2a: Diggersby|71\/100|[from] item: Life Orb\n|\n|-weather|Snow|[upkeep]\n|upkeep\n|turn|12\n|\n|t:|1700103707\n|move|p2a: Diggersby|Earthquake|p1a: Kurama\n|-damage|p1a: Kurama|18\/100 par\n|-damage|p2a: Diggersby|61\/100|[from] item: Life Orb\n|move|p1a: Kurama|Blizzard|p2a: Diggersby\n|-supereffective|p2a: Diggersby\n|-crit|p2a: Diggersby\n|-damage|p2a: Diggersby|0 fnt\n|faint|p2a: Diggersby\n|\n|-weather|Snow|[upkeep]\n|upkeep\n|\n|t:|1700103713\n|switch|p2a: Alakazam|Alakazam, M, shiny|100\/100\n|turn|13\n|\n|t:|1700103720\n|move|p2a: Alakazam|Psychic|p1a: Kurama\n|-damage|p1a: Kurama|0 fnt\n|faint|p1a: Kurama\n|\n|-weather|Snow|[upkeep]\n|upkeep\n|\n|t:|1700103726\n|switch|p1a: Fat Girl|Blastoise, F, shiny|100\/100\n|turn|14\n|\n|t:|1700103730\n|switch|p2a: Latios|Latios, M|68\/100\n|move|p1a: Fat Girl|Shell Smash|p1a: Fat Girl\n|-unboost|p1a: Fat Girl|def|1\n|-unboost|p1a: Fat Girl|spd|1\n|-boost|p1a: Fat Girl|atk|2\n|-boost|p1a: Fat Girl|spa|2\n|-boost|p1a: Fat Girl|spe|2\n|\n|-weather|Snow|[upkeep]\n|upkeep\n|turn|15\n|\n|t:|1700103740\n|-terastallize|p2a: Latios|Steel\n|move|p1a: Fat Girl|Dark Pulse|p2a: Latios\n|-damage|p2a: Latios|21\/100\n|move|p2a: Latios|Draco Meteor|p1a: Fat Girl\n|-damage|p1a: Fat Girl|43\/100\n|-unboost|p2a: Latios|spa|2\n|\n|-weather|none\n|upkeep\n|turn|16\n|\n|t:|1700103751\n|move|p1a: Fat Girl|Scald|p2a: Latios\n|-damage|p2a: Latios|0 fnt\n|faint|p2a: Latios\n|\n|upkeep\n|\n|t:|1700103753\n|switch|p2a: Alakazam|Alakazam, M, shiny|100\/100\n|turn|17\n|\n|t:|1700103759\n|move|p1a: Fat Girl|Dark Pulse|p2a: Alakazam\n|-supereffective|p2a: Alakazam\n|-damage|p2a: Alakazam|0 fnt\n|faint|p2a: Alakazam\n|\n|win|Jarl_jake\n|raw|Jarl_jake's rating: 1517 &rarr; <strong>1531<\/strong><br \/>(+14 for winning)\n|raw|Dk Zay's rating: 1417 &rarr; <strong>1403<\/strong><br \/>(-14 for losing)\n|l|\u203dDk Zay\n","uploadtime":1700103767,"views":10,"p1id":"jarljake","p2id":"dkzay","formatid":"gen9nationaldex","rating":1403,"private":0,"password":""}