{"id":"gen9nationaldex-1987637669","p1":"pikaplayer1001000","p2":"SrCrosss","format":"[Gen 9] National Dex","log":"|j|\u2606pikaplayer1001000\n|j|\u2606SrCrosss\n|t:|1699622585\n|gametype|singles\n|player|p1|pikaplayer1001000|red-gen2|1228\n|player|p2|SrCrosss|266|1335\n|teamsize|p1|6\n|teamsize|p2|6\n|gen|9\n|tier|[Gen 9] National Dex\n|rated|\n|rule|HP Percentage Mod: HP is shown in percentages\n|rule|Endless Battle Clause: Forcing endless battles is banned\n|rule|OHKO Clause: OHKO moves are banned\n|rule|Evasion Clause: Evasion abilities, items, and moves are banned\n|rule|Evasion Abilities Clause: Evasion abilities are banned\n|rule|Evasion Items Clause: Evasion items are banned\n|rule|Evasion Moves Clause: Evasion moves are banned\n|rule|Species Clause: Limit one of each Pok\u00e9mon\n|rule|Sleep Clause Mod: Limit one foe put to sleep\n|clearpoke\n|poke|p1|Kricketune, M|\n|poke|p1|Clamperl, M|\n|poke|p1|Ninetales-Alola, F|\n|poke|p1|Ribombee, F|\n|poke|p1|Pawmot, F|\n|poke|p1|Tsareena, F|\n|poke|p2|Clodsire, M|\n|poke|p2|Hoopa-Unbound|\n|poke|p2|Doublade, F|\n|poke|p2|Dondozo, M|\n|poke|p2|Gliscor, M|\n|poke|p2|Slowking, F|\n|teampreview\n|inactive|Battle timer is ON: inactive players will automatically lose when time's up. (requested by SrCrosss)\n|inactive|pikaplayer1001000 also wants the timer to be on.\n|inactive|SrCrosss has 120 seconds left.\n|\n|t:|1699622628\n|start\n|switch|p1a: Tsareena|Tsareena, F|100\/100\n|switch|p2a: Slowking|Slowking, F|100\/100\n|turn|1\n|inactive|pikaplayer1001000 has 120 seconds left.\n|inactive|SrCrosss has 120 seconds left.\n|\n|t:|1699622668\n|switch|p2a: Gliscor|Gliscor, M, shiny|100\/100\n|move|p1a: Tsareena|Power Whip|p2a: Gliscor\n|-damage|p2a: Gliscor|65\/100\n|\n|-status|p2a: Gliscor|tox|[from] item: Toxic Orb\n|upkeep\n|turn|2\n|inactive|pikaplayer1001000 has 120 seconds left.\n|inactive|SrCrosss has 120 seconds left.\n|\n|t:|1699622684\n|-terastallize|p2a: Gliscor|Fairy\n|move|p1a: Tsareena|Triple Axel|p2a: Gliscor\n|-damage|p2a: Gliscor|61\/100 tox\n|-damage|p2a: Gliscor|52\/100 tox\n|-damage|p2a: Gliscor|41\/100 tox\n|-hitcount|p2a: Gliscor|3\n|move|p2a: Gliscor|Stealth Rock|p1a: Tsareena\n|-sidestart|p1: pikaplayer1001000|move: Stealth Rock\n|\n|-heal|p2a: Gliscor|53\/100 tox|[from] ability: Poison Heal\n|upkeep\n|turn|3\n|inactive|SrCrosss has 120 seconds left.\n|inactive|pikaplayer1001000 has 120 seconds left.\n|\n|t:|1699622699\n|move|p2a: Gliscor|Protect|p2a: Gliscor\n|-singleturn|p2a: Gliscor|Protect\n|-zpower|p1a: Tsareena\n|move|p1a: Tsareena|Z-Splash|p1a: Tsareena|[anim]Splash\n|-boost|p1a: Tsareena|atk|3|[zeffect]\n|-nothing\n|\n|-heal|p2a: Gliscor|65\/100 tox|[from] ability: Poison Heal\n|upkeep\n|turn|4\n|inactive|SrCrosss has 120 seconds left.\n|\n|t:|1699622716\n|switch|p2a: Clodsire|Clodsire, M|100\/100\n|move|p1a: Tsareena|Power Whip|p2a: Clodsire|[miss]\n|-miss|p1a: Tsareena|p2a: Clodsire\n|\n|upkeep\n|turn|5\n|inactive|pikaplayer1001000 has 120 seconds left.\n|inactive|pikaplayer1001000 has 90 seconds left.\n|\n|t:|1699622789\n|move|p1a: Tsareena|Triple Axel|p2a: Clodsire\n|-supereffective|p2a: Clodsire\n|-damage|p2a: Clodsire|85\/100\n|-supereffective|p2a: Clodsire\n|-damage|p2a: Clodsire|55\/100\n|-supereffective|p2a: Clodsire\n|-damage|p2a: Clodsire|10\/100\n|-hitcount|p2a: Clodsire|3\n|move|p2a: Clodsire|Poison Jab|p1a: Tsareena\n|-supereffective|p1a: Tsareena\n|-damage|p1a: Tsareena|45\/100\n|-status|p1a: Tsareena|psn\n|\n|-damage|p1a: Tsareena|33\/100 psn|[from] psn\n|upkeep\n|turn|6\n|inactive|SrCrosss has 120 seconds left.\n|\n|t:|1699622809\n|switch|p2a: Gliscor|Gliscor, M, shiny, tera:Fairy|65\/100 tox\n|move|p1a: Tsareena|Power Whip|p2a: Gliscor\n|-damage|p2a: Gliscor|0 fnt\n|faint|p2a: Gliscor\n|\n|-damage|p1a: Tsareena|20\/100 psn|[from] psn\n|upkeep\n|\n|t:|1699622819\n|switch|p2a: Clodsire|Clodsire, M|10\/100\n|turn|7\n|inactive|pikaplayer1001000 has 60 seconds left.\n|\n|t:|1699622868\n|move|p1a: Tsareena|Power Whip|p2a: Clodsire\n|-damage|p2a: Clodsire|0 fnt\n|faint|p2a: Clodsire\n|\n|-damage|p1a: Tsareena|8\/100 psn|[from] psn\n|upkeep\n|\n|t:|1699622878\n|switch|p2a: Dondozo|Dondozo, M|100\/100\n|turn|8\n|\n|t:|1699622895\n|move|p1a: Tsareena|Power Whip|p2a: Dondozo\n|-supereffective|p2a: Dondozo\n|-damage|p2a: Dondozo|46\/100\n|move|p2a: Dondozo|Rest|p2a: Dondozo\n|-status|p2a: Dondozo|slp|[from] move: Rest\n|-heal|p2a: Dondozo|100\/100 slp|[silent]\n|\n|-damage|p1a: Tsareena|0 fnt|[from] psn\n|faint|p1a: Tsareena\n|upkeep\n|inactive|pikaplayer1001000 has 30 seconds left.\n|\n|t:|1699622922\n|switch|p1a: Clamperl|Clamperl, M|100\/100\n|-damage|p1a: Clamperl|88\/100|[from] Stealth Rock\n|turn|9\n|\n|t:|1699622939\n|move|p1a: Clamperl|Shell Smash|p1a: Clamperl\n|-unboost|p1a: Clamperl|def|1\n|-unboost|p1a: Clamperl|spd|1\n|-boost|p1a: Clamperl|atk|2\n|-boost|p1a: Clamperl|spa|2\n|-boost|p1a: Clamperl|spe|2\n|cant|p2a: Dondozo|slp\n|\n|upkeep\n|turn|10\n|\n|t:|1699622947\n|move|p1a: Clamperl|Hidden Power|p2a: Dondozo\n|-supereffective|p2a: Dondozo\n|-damage|p2a: Dondozo|42\/100 slp\n|cant|p2a: Dondozo|slp\n|\n|upkeep\n|turn|11\n|\n|t:|1699622955\n|move|p1a: Clamperl|Hidden Power|p2a: Dondozo\n|-supereffective|p2a: Dondozo\n|-damage|p2a: Dondozo|0 fnt\n|faint|p2a: Dondozo\n|\n|upkeep\n|\n|t:|1699622969\n|switch|p2a: Slowking|Slowking, F|100\/100\n|turn|12\n|\n|t:|1699622986\n|move|p1a: Clamperl|Hidden Power|p2a: Slowking\n|-supereffective|p2a: Slowking\n|-damage|p2a: Slowking|37\/100\n|move|p2a: Slowking|Future Sight|p1a: Clamperl\n|-start|p2a: Slowking|move: Future Sight\n|\n|upkeep\n|turn|13\n|inactive|pikaplayer1001000 has 60 seconds left.\n|\n|t:|1699623015\n|switch|p2a: 6 foot 3|Hoopa-Unbound|100\/100\n|-terastallize|p1a: Clamperl|Water\n|move|p1a: Clamperl|Surf|p2a: 6 foot 3\n|-damage|p2a: 6 foot 3|0 fnt\n|faint|p2a: 6 foot 3\n|\n|upkeep\n|\n|t:|1699623024\n|switch|p2a: Slowking|Slowking, F|70\/100\n|turn|14\n|inactive|pikaplayer1001000 has 60 seconds left.\n|\n|t:|1699623033\n|move|p1a: Clamperl|Hidden Power|p2a: Slowking\n|-supereffective|p2a: Slowking\n|-damage|p2a: Slowking|1\/100\n|move|p2a: Slowking|Scald|p1a: Clamperl\n|-resisted|p1a: Clamperl\n|-damage|p1a: Clamperl|36\/100\n|\n|-end|p1a: Clamperl|move: Future Sight\n|-damage|p1a: Clamperl|0 fnt\n|faint|p1a: Clamperl\n|upkeep\n|\n|t:|1699623037\n|switch|p1a: Pawmot|Pawmot, F|100\/100\n|-damage|p1a: Pawmot|94\/100|[from] Stealth Rock\n|turn|15\n|inactive|SrCrosss has 120 seconds left.\n|\n|t:|1699623048\n|move|p1a: Pawmot|Revival Blessing|p1a: Pawmot\n|-enditem|p1a: Pawmot|Leppa Berry|[eat]\n|-activate|p1a: Pawmot|item: Leppa Berry|Revival Blessing|[consumed]\n|\n|t:|1699623049\n|-heal|p1: Clamperl|50\/100|[from] move: Revival Blessing\n|move|p2a: Slowking|Future Sight|p1a: Pawmot\n|-start|p2a: Slowking|move: Future Sight\n|\n|upkeep\n|turn|16\n|\n|t:|1699623056\n|move|p1a: Pawmot|Mach Punch|p2a: Slowking\n|-resisted|p2a: Slowking\n|-damage|p2a: Slowking|0 fnt\n|faint|p2a: Slowking\n|\n|upkeep\n|\n|t:|1699623061\n|switch|p2a: Doublade|Doublade, F, shiny|100\/100\n|turn|17\n|\n|t:|1699623073\n|move|p2a: Doublade|Shadow Sneak|p1a: Pawmot\n|-crit|p1a: Pawmot\n|-damage|p1a: Pawmot|48\/100\n|move|p1a: Pawmot|Double Shock|p2a: Doublade\n|-crit|p2a: Doublade\n|-damage|p2a: Doublade|60\/100\n|-start|p1a: Pawmot|typechange|???\/Fighting|[from] move: Double Shock\n|\n|-end|p1a: Pawmot|move: Future Sight\n|-supereffective|p1a: Pawmot\n|-damage|p1a: Pawmot|0 fnt\n|faint|p1a: Pawmot\n|upkeep\n|\n|t:|1699623077\n|switch|p1a: Ninetales|Ninetales-Alola, F|100\/100\n|-damage|p1a: Ninetales|76\/100|[from] Stealth Rock\n|-weather|Snow|[from] ability: Snow Warning|[of] p1a: Ninetales\n|turn|18\n|\n|t:|1699623092\n|move|p1a: Ninetales|Aurora Veil|p1a: Ninetales\n|-sidestart|p1: pikaplayer1001000|move: Aurora Veil\n|move|p2a: Doublade|Rest|p2a: Doublade\n|-status|p2a: Doublade|slp|[from] move: Rest\n|-heal|p2a: Doublade|100\/100 slp|[silent]\n|\n|-weather|Snow|[upkeep]\n|upkeep\n|turn|19\n|\n|t:|1699623102\n|switch|p1a: Clamperl|Clamperl, M|50\/100\n|-damage|p1a: Clamperl|38\/100|[from] Stealth Rock\n|cant|p2a: Doublade|slp\n|\n|-weather|Snow|[upkeep]\n|upkeep\n|turn|20\n|\n|t:|1699623110\n|move|p1a: Clamperl|Surf|p2a: Doublade\n|-damage|p2a: Doublade|19\/100 slp\n|cant|p2a: Doublade|slp\n|\n|-weather|Snow|[upkeep]\n|upkeep\n|turn|21\n|-message|SrCrosss forfeited.\n|\n|win|pikaplayer1001000\n|raw|pikaplayer1001000's rating: 1247 &rarr; <strong>1278<\/strong><br \/>(+31 for winning)\n|raw|SrCrosss's rating: 1335 &rarr; <strong>1310<\/strong><br \/>(-25 for losing)\n|l|\u2606SrCrosss\n","uploadtime":1699623131,"views":8,"p1id":"pikaplayer1001000","p2id":"srcrosss","formatid":"gen9nationaldex","rating":1278,"private":0,"password":""}