{"id":"gen9nationaldex-1991903049","p1":"woshinijiu","p2":"jejpoejeje","format":"[Gen 9] National Dex","log":"|j|\u2606woshinijiu\n|j|\u2606jejpoejeje\n|t:|1700136022\n|gametype|singles\n|player|p1|woshinijiu|169|1000\n|player|p2|jejpoejeje|musician|1000\n|teamsize|p1|6\n|teamsize|p2|6\n|gen|9\n|tier|[Gen 9] National Dex\n|rated|\n|rule|HP Percentage Mod: HP is shown in percentages\n|rule|Endless Battle Clause: Forcing endless battles is banned\n|rule|OHKO Clause: OHKO moves are banned\n|rule|Evasion Clause: Evasion abilities, items, and moves are banned\n|rule|Evasion Abilities Clause: Evasion abilities are banned\n|rule|Evasion Items Clause: Evasion items are banned\n|rule|Evasion Moves Clause: Evasion moves are banned\n|rule|Species Clause: Limit one of each Pok\u00e9mon\n|rule|Sleep Clause Mod: Limit one foe put to sleep\n|clearpoke\n|poke|p1|Alomomola, M|\n|poke|p1|Sableye, F|\n|poke|p1|Corviknight, F|\n|poke|p1|Quagsire, M|\n|poke|p1|Clodsire, F|\n|poke|p1|Blissey, F|\n|poke|p2|Mienshao, M|\n|poke|p2|Slurpuff, F|\n|poke|p2|Barbaracle, M|\n|poke|p2|Armarouge, F|\n|poke|p2|Iron Treads|\n|poke|p2|Gardevoir, M|\n|teampreview\n|inactive|Battle timer is ON: inactive players will automatically lose when time's up. (requested by woshinijiu)\n|inactive|jejpoejeje has 120 seconds left.\n|\n|t:|1700136071\n|start\n|switch|p1a: Sableye|Sableye, F|100\/100\n|switch|p2a: Gardevoir|Gardevoir, M|100\/100\n|-ability|p2a: Gardevoir|Prankster|[from] ability: Trace|[of] p1a: Sableye\n|turn|1\n|\n|t:|1700136079\n|detailschange|p2a: Gardevoir|Gardevoir-Mega, M\n|-mega|p2a: Gardevoir|Gardevoir|Gardevoirite\n|detailschange|p1a: Sableye|Sableye-Mega, F\n|-mega|p1a: Sableye|Sableye|Sablenite\n|move|p1a: Sableye|Protect|p1a: Sableye\n|-singleturn|p1a: Sableye|Protect\n|move|p2a: Gardevoir|Hyper Voice|p1a: Sableye\n|-activate|p1a: Sableye|move: Protect\n|\n|upkeep\n|turn|2\n|\n|t:|1700136102\n|switch|p2a: Mienshao|Mienshao, M|100\/100\n|switch|p1a: Blissey|Blissey, F|100\/100\n|\n|upkeep\n|turn|3\n|\n|t:|1700136114\n|switch|p1a: Alomomola|Alomomola, M|100\/100\n|move|p2a: Mienshao|Knock Off|p1a: Alomomola\n|-damage|p1a: Alomomola|78\/100\n|-damage|p2a: Mienshao|84\/100|[from] item: Rocky Helmet|[of] p1a: Alomomola\n|-enditem|p1a: Alomomola|Rocky Helmet|[from] move: Knock Off|[of] p2a: Mienshao\n|-damage|p2a: Mienshao|74\/100|[from] item: Life Orb\n|\n|upkeep\n|turn|4\n|\n|t:|1700136121\n|move|p2a: Mienshao|U-turn|p1a: Alomomola\n|-damage|p1a: Alomomola|61\/100\n|-damage|p2a: Mienshao|64\/100|[from] item: Life Orb\n|\n|t:|1700136126\n|switch|p2a: Slurpuff|Slurpuff, F|100\/100|[from] U-turn\n|move|p1a: Alomomola|Flip Turn|p2a: Slurpuff\n|-damage|p2a: Slurpuff|71\/100\n|\n|t:|1700136138\n|switch|p1a: Quagsire|Quagsire, M|100\/100|[from] Flip Turn\n|\n|upkeep\n|turn|5\n|\n|t:|1700136146\n|move|p2a: Slurpuff|Magic Coat|p2a: Slurpuff\n|-singleturn|p2a: Slurpuff|move: Magic Coat\n|move|p1a: Quagsire|Stealth Rock|p2a: Slurpuff\n|move|p2a: Slurpuff|Stealth Rock|p1a: Quagsire|[from]Magic Coat\n|-sidestart|p1: woshinijiu|move: Stealth Rock\n|\n|upkeep\n|turn|6\n|\n|t:|1700136151\n|move|p2a: Slurpuff|Yawn|p1a: Quagsire\n|-start|p1a: Quagsire|move: Yawn|[of] p2a: Slurpuff\n|move|p1a: Quagsire|Sludge Bomb|p2a: Slurpuff\n|-supereffective|p2a: Slurpuff\n|-damage|p2a: Slurpuff|11\/100\n|\n|upkeep\n|turn|7\n|\n|t:|1700136158\n|switch|p1a: Corviknight|Corviknight, F|100\/100\n|-damage|p1a: Corviknight|88\/100|[from] Stealth Rock\n|-ability|p1a: Corviknight|Pressure\n|move|p2a: Slurpuff|Misty Explosion|p1a: Corviknight\n|-resisted|p1a: Corviknight\n|-damage|p1a: Corviknight|70\/100\n|faint|p2a: Slurpuff\n|\n|-heal|p1a: Corviknight|76\/100|[from] item: Leftovers\n|upkeep\n|\n|t:|1700136166\n|switch|p2a: Armarouge|Armarouge, F|100\/100\n|turn|8\n|\n|t:|1700136173\n|switch|p1a: Blissey|Blissey, F|100\/100\n|-damage|p1a: Blissey|88\/100|[from] Stealth Rock\n|move|p2a: Armarouge|Trick|p1a: Blissey\n|-activate|p2a: Armarouge|move: Trick|[of] p1a: Blissey\n|-item|p1a: Blissey|Choice Specs|[from] move: Trick\n|-item|p2a: Armarouge|Leftovers|[from] move: Trick\n|\n|upkeep\n|turn|9\n|\n|t:|1700136180\n|move|p2a: Armarouge|Psyshock|p1a: Blissey\n|-damage|p1a: Blissey|53\/100\n|move|p1a: Blissey|Seismic Toss|p2a: Armarouge\n|-damage|p2a: Armarouge|68\/100\n|-ability|p2a: Armarouge|Weak Armor|boost\n|-unboost|p2a: Armarouge|def|1\n|-boost|p2a: Armarouge|spe|2\n|\n|-heal|p2a: Armarouge|74\/100|[from] item: Leftovers\n|upkeep\n|turn|10\n|\n|t:|1700136208\n|move|p2a: Armarouge|Psyshock|p1a: Blissey\n|-damage|p1a: Blissey|12\/100\n|move|p1a: Blissey|Seismic Toss|p2a: Armarouge\n|-damage|p2a: Armarouge|42\/100\n|-ability|p2a: Armarouge|Weak Armor|boost\n|-unboost|p2a: Armarouge|def|1\n|-boost|p2a: Armarouge|spe|2\n|\n|-heal|p2a: Armarouge|48\/100|[from] item: Leftovers\n|upkeep\n|turn|11\n|\n|t:|1700136214\n|move|p2a: Armarouge|Psyshock|p1a: Blissey\n|-damage|p1a: Blissey|0 fnt\n|faint|p1a: Blissey\n|\n|-heal|p2a: Armarouge|55\/100|[from] item: Leftovers\n|upkeep\n|\n|t:|1700136217\n|switch|p1a: Clodsire|Clodsire, F|100\/100\n|-damage|p1a: Clodsire|94\/100|[from] Stealth Rock\n|turn|12\n|\n|t:|1700136223\n|move|p2a: Armarouge|Psyshock|p1a: Clodsire\n|-supereffective|p1a: Clodsire\n|-damage|p1a: Clodsire|11\/100\n|move|p1a: Clodsire|Earthquake|p2a: Armarouge\n|-supereffective|p2a: Armarouge\n|-damage|p2a: Armarouge|0 fnt\n|faint|p2a: Armarouge\n|\n|-heal|p1a: Clodsire|17\/100|[from] item: Leftovers\n|upkeep\n|\n|t:|1700136244\n|switch|p2a: Gardevoir|Gardevoir-Mega, M|100\/100\n|turn|13\n|\n|t:|1700136249\n|move|p1a: Clodsire|Protect|p1a: Clodsire\n|-singleturn|p1a: Clodsire|Protect\n|move|p2a: Gardevoir|Psychic|p1a: Clodsire\n|-activate|p1a: Clodsire|move: Protect\n|\n|-heal|p1a: Clodsire|24\/100|[from] item: Leftovers\n|upkeep\n|turn|14\n|\n|t:|1700136260\n|switch|p1a: Sableye|Sableye-Mega, F|100\/100\n|-damage|p1a: Sableye|88\/100|[from] Stealth Rock\n|move|p2a: Gardevoir|Psychic|p1a: Sableye\n|-immune|p1a: Sableye\n|\n|upkeep\n|turn|15\n|\n|t:|1700136264\n|move|p1a: Sableye|Protect|p1a: Sableye\n|-singleturn|p1a: Sableye|Protect\n|move|p2a: Gardevoir|Hyper Voice|p1a: Sableye\n|-activate|p1a: Sableye|move: Protect\n|\n|upkeep\n|turn|16\n|\n|t:|1700136276\n|move|p2a: Gardevoir|Hyper Voice|p1a: Sableye\n|-supereffective|p1a: Sableye\n|-damage|p1a: Sableye|0 fnt\n|faint|p1a: Sableye\n|\n|upkeep\n|\n|t:|1700136278\n|switch|p1a: Corviknight|Corviknight, F|76\/100\n|-damage|p1a: Corviknight|64\/100|[from] Stealth Rock\n|-ability|p1a: Corviknight|Pressure\n|turn|17\n|\n|t:|1700136290\n|move|p2a: Gardevoir|Mystical Fire|p1a: Corviknight\n|-supereffective|p1a: Corviknight\n|-damage|p1a: Corviknight|1\/100\n|-unboost|p1a: Corviknight|spa|1\n|move|p1a: Corviknight|Roost|p1a: Corviknight\n|-heal|p1a: Corviknight|51\/100\n|-singleturn|p1a: Corviknight|move: Roost\n|\n|-heal|p1a: Corviknight|57\/100|[from] item: Leftovers\n|upkeep\n|turn|18\n|\n|t:|1700136298\n|move|p2a: Gardevoir|Mystical Fire|p1a: Corviknight\n|-supereffective|p1a: Corviknight\n|-damage|p1a: Corviknight|0 fnt\n|faint|p1a: Corviknight\n|\n|upkeep\n|\n|t:|1700136302\n|switch|p1a: Alomomola|Alomomola, M|94\/100\n|-damage|p1a: Alomomola|82\/100|[from] Stealth Rock\n|turn|19\n|-message|woshinijiu forfeited.\n|\n|win|jejpoejeje\n|raw|woshinijiu's rating: 1000 &rarr; <strong>1000<\/strong><br \/>(+0 for losing)\n|raw|jejpoejeje's rating: 1000 &rarr; <strong>1040<\/strong><br \/>(+40 for winning)\n|l|\u2606woshinijiu\n","uploadtime":1700136328,"views":5,"p1id":"woshinijiu","p2id":"jejpoejeje","formatid":"gen9nationaldex","rating":1000,"private":0,"password":""}