{"id":"gen9nationaldex-1993939528","p1":"zzloopy","p2":"Souravgotthepkmn1","format":"[Gen 9] National Dex","log":"|j|\u2606zzloopy\n|j|\u2606Souravgotthepkmn1\n|t:|1700379139\n|gametype|singles\n|player|p1|zzloopy|blue|1256\n|player|p2|Souravgotthepkmn1|gambler|1220\n|teamsize|p1|6\n|teamsize|p2|6\n|gen|9\n|tier|[Gen 9] National Dex\n|rated|\n|rule|HP Percentage Mod: HP is shown in percentages\n|rule|Endless Battle Clause: Forcing endless battles is banned\n|rule|OHKO Clause: OHKO moves are banned\n|rule|Evasion Clause: Evasion abilities, items, and moves are banned\n|rule|Evasion Abilities Clause: Evasion abilities are banned\n|rule|Evasion Items Clause: Evasion items are banned\n|rule|Evasion Moves Clause: Evasion moves are banned\n|rule|Species Clause: Limit one of each Pok\u00e9mon\n|rule|Sleep Clause Mod: Limit one foe put to sleep\n|clearpoke\n|poke|p1|Tyranitar, M|\n|poke|p1|Hippowdon, M|\n|poke|p1|Excadrill, M|\n|poke|p1|Dracozolt|\n|poke|p1|Greninja-*, M|\n|poke|p1|Heatran, M|\n|poke|p2|Scizor, M|\n|poke|p2|Machamp, M|\n|poke|p2|Inteleon, M|\n|poke|p2|Slither Wing|\n|poke|p2|Garganacl, M|\n|poke|p2|Meowscarada, F|\n|teampreview\n|inactive|Battle timer is ON: inactive players will automatically lose when time's up. (requested by Souravgotthepkmn1)\n|\n|t:|1700379158\n|start\n|switch|p1a: Hippowdon|Hippowdon, M|100\/100\n|switch|p2a: Slinger|Inteleon, M|100\/100\n|-weather|Sandstorm|[from] ability: Sand Stream|[of] p1a: Hippowdon\n|turn|1\n|\n|t:|1700379173\n|switch|p1a: Dracozolt|Dracozolt, shiny|100\/100\n|move|p2a: Slinger|Snipe Shot|p1a: Dracozolt\n|-resisted|p1a: Dracozolt\n|-crit|p1a: Dracozolt\n|-damage|p1a: Dracozolt|30\/100\n|\n|-weather|Sandstorm|[upkeep]\n|-damage|p2a: Slinger|94\/100|[from] Sandstorm\n|upkeep\n|turn|2\n|inactive|Souravgotthepkmn1 has 120 seconds left.\n|\n|t:|1700379205\n|switch|p2a: Scrada|Meowscarada, F|100\/100\n|move|p1a: Dracozolt|Bolt Beak|p2a: Scrada\n|-resisted|p2a: Scrada\n|-damage|p2a: Scrada|24\/100\n|-damage|p1a: Dracozolt|20\/100|[from] item: Life Orb\n|\n|-weather|Sandstorm|[upkeep]\n|-damage|p2a: Scrada|18\/100|[from] Sandstorm\n|upkeep\n|turn|3\n|inactive|Souravgotthepkmn1 has 120 seconds left.\n|\n|t:|1700379221\n|move|p2a: Scrada|Flower Trick|p1a: Dracozolt\n|-start|p2a: Scrada|typechange|Grass|[from] ability: Protean\n|-resisted|p1a: Dracozolt\n|-crit|p1a: Dracozolt\n|-damage|p1a: Dracozolt|0 fnt\n|faint|p1a: Dracozolt\n|\n|-weather|Sandstorm|[upkeep]\n|-damage|p2a: Scrada|12\/100|[from] Sandstorm\n|upkeep\n|\n|t:|1700379230\n|switch|p1a: Tyranitar|Tyranitar, M, shiny|100\/100\n|turn|4\n|\n|t:|1700379237\n|detailschange|p1a: Tyranitar|Tyranitar-Mega, M, shiny\n|-mega|p1a: Tyranitar|Tyranitar|Tyranitarite\n|move|p2a: Scrada|Flower Trick|p1a: Tyranitar\n|-supereffective|p1a: Tyranitar\n|-crit|p1a: Tyranitar\n|-damage|p1a: Tyranitar|37\/100\n|move|p1a: Tyranitar|Dragon Dance|p1a: Tyranitar\n|-boost|p1a: Tyranitar|atk|1\n|-boost|p1a: Tyranitar|spe|1\n|\n|-weather|Sandstorm|[upkeep]\n|-damage|p2a: Scrada|6\/100|[from] Sandstorm\n|upkeep\n|turn|5\n|\n|t:|1700379250\n|move|p2a: Scrada|Flower Trick|p1a: Tyranitar\n|-supereffective|p1a: Tyranitar\n|-crit|p1a: Tyranitar\n|-damage|p1a: Tyranitar|0 fnt\n|faint|p1a: Tyranitar\n|\n|-weather|Sandstorm|[upkeep]\n|-damage|p2a: Scrada|0 fnt|[from] Sandstorm\n|faint|p2a: Scrada\n|upkeep\n|\n|t:|1700379267\n|switch|p2a: Slinger|Inteleon, M|94\/100\n|switch|p1a: Excadrill|Excadrill, M|100\/100\n|turn|6\n|\n|t:|1700379280\n|move|p1a: Excadrill|Earthquake|p2a: Slinger\n|-damage|p2a: Slinger|0 fnt\n|faint|p2a: Slinger\n|-damage|p1a: Excadrill|91\/100|[from] item: Life Orb\n|\n|-weather|Sandstorm|[upkeep]\n|upkeep\n|inactive|Souravgotthepkmn1 has 120 seconds left.\n|\n|t:|1700379293\n|switch|p2a: Brutus|Machamp, M|100\/100\n|turn|7\n|\n|t:|1700379301\n|-terastallize|p1a: Excadrill|Ground\n|move|p1a: Excadrill|Earthquake|p2a: Brutus\n|-damage|p2a: Brutus|0 fnt\n|faint|p2a: Brutus\n|-damage|p1a: Excadrill|81\/100|[from] item: Life Orb\n|\n|-weather|Sandstorm|[upkeep]\n|upkeep\n|\n|t:|1700379311\n|switch|p2a: Surprise!|Slither Wing, shiny|100\/100\n|turn|8\n|\n|t:|1700379320\n|-terastallize|p2a: Surprise!|Bug\n|move|p2a: Surprise!|First Impression|p1a: Excadrill\n|-damage|p1a: Excadrill|0 fnt\n|faint|p1a: Excadrill\n|\n|-weather|none\n|upkeep\n|\n|t:|1700379326\n|switch|p1a: Greninja|Greninja, M|100\/100\n|turn|9\n|\n|t:|1700379333\n|-end|p2a: Surprise!|Protosynthesis|[silent]\n|switch|p2a: NaCl|Garganacl, M|100\/100\n|-zpower|p1a: Greninja\n|move|p1a: Greninja|Subzero Slammer|p2a: NaCl|[zeffect]\n|-start|p1a: Greninja|typechange|Ice|[from] ability: Protean\n|-damage|p2a: NaCl|25\/100\n|\n|-heal|p2a: NaCl|31\/100|[from] item: Leftovers\n|upkeep\n|turn|10\n|\n|t:|1700379350\n|move|p1a: Greninja|Surf|p2a: NaCl\n|-supereffective|p2a: NaCl\n|-damage|p2a: NaCl|0 fnt\n|faint|p2a: NaCl\n|\n|upkeep\n|\n|t:|1700379358\n|switch|p2a: Saitama|Scizor, M|100\/100\n|turn|11\n|\n|t:|1700379363\n|switch|p1a: Hippowdon|Hippowdon, M|100\/100\n|-weather|Sandstorm|[from] ability: Sand Stream|[of] p1a: Hippowdon\n|detailschange|p2a: Saitama|Scizor-Mega, M\n|-mega|p2a: Saitama|Scizor|Scizorite\n|move|p2a: Saitama|Swords Dance|p2a: Saitama\n|-boost|p2a: Saitama|atk|2\n|\n|-weather|Sandstorm|[upkeep]\n|upkeep\n|turn|12\n|\n|t:|1700379377\n|move|p2a: Saitama|Lunge|p1a: Hippowdon\n|-damage|p1a: Hippowdon|43\/100\n|-unboost|p1a: Hippowdon|atk|1\n|move|p1a: Hippowdon|Yawn|p2a: Saitama\n|-start|p2a: Saitama|move: Yawn|[of] p1a: Hippowdon\n|\n|-weather|Sandstorm|[upkeep]\n|upkeep\n|turn|13\n|\n|t:|1700379392\n|switch|p2a: Surprise!|Slither Wing, shiny, tera:Bug|100\/100\n|switch|p1a: Greninja|Greninja, M|100\/100\n|\n|-weather|Sandstorm|[upkeep]\n|-damage|p1a: Greninja|95\/100|[from] Sandstorm\n|-damage|p2a: Surprise!|94\/100|[from] Sandstorm\n|upkeep\n|turn|14\n|\n|t:|1700379401\n|switch|p1a: Heatran|Heatran, M|100\/100\n|move|p2a: Surprise!|First Impression|p1a: Heatran\n|-resisted|p1a: Heatran\n|-damage|p1a: Heatran|84\/100\n|\n|-weather|Sandstorm|[upkeep]\n|-damage|p2a: Surprise!|88\/100|[from] Sandstorm\n|upkeep\n|turn|15\n|\n|t:|1700379412\n|-end|p2a: Surprise!|Protosynthesis|[silent]\n|switch|p2a: Saitama|Scizor-Mega, M|100\/100\n|switch|p1a: Hippowdon|Hippowdon, M|43\/100\n|\n|-weather|Sandstorm|[upkeep]\n|upkeep\n|turn|16\n|\n|t:|1700379431\n|move|p2a: Saitama|Lunge|p1a: Hippowdon\n|-damage|p1a: Hippowdon|15\/100\n|-unboost|p1a: Hippowdon|atk|1\n|move|p1a: Hippowdon|Yawn|p2a: Saitama\n|-start|p2a: Saitama|move: Yawn|[of] p1a: Hippowdon\n|\n|-weather|Sandstorm|[upkeep]\n|upkeep\n|turn|17\n|\n|t:|1700379441\n|switch|p2a: Surprise!|Slither Wing, shiny, tera:Bug|88\/100\n|move|p1a: Hippowdon|Slack Off|p1a: Hippowdon\n|-heal|p1a: Hippowdon|65\/100\n|\n|-weather|Sandstorm|[upkeep]\n|-damage|p2a: Surprise!|82\/100|[from] Sandstorm\n|upkeep\n|turn|18\n|\n|t:|1700379462\n|move|p2a: Surprise!|Close Combat|p1a: Hippowdon\n|-damage|p1a: Hippowdon|9\/100\n|-unboost|p2a: Surprise!|def|1\n|-unboost|p2a: Surprise!|spd|1\n|move|p1a: Hippowdon|Stealth Rock|p2a: Surprise!\n|-sidestart|p2: Souravgotthepkmn1|move: Stealth Rock\n|\n|-weather|none\n|upkeep\n|turn|19\n|\n|t:|1700379481\n|move|p2a: Surprise!|Close Combat|p1a: Hippowdon\n|-damage|p1a: Hippowdon|0 fnt\n|-unboost|p2a: Surprise!|def|1\n|-unboost|p2a: Surprise!|spd|1\n|faint|p1a: Hippowdon\n|\n|upkeep\n|\n|t:|1700379486\n|switch|p1a: Greninja|Greninja, M|95\/100\n|turn|20\n|\n|t:|1700379491\n|-end|p2a: Surprise!|Protosynthesis|[silent]\n|switch|p2a: Saitama|Scizor-Mega, M|100\/100\n|-damage|p2a: Saitama|88\/100|[from] Stealth Rock\n|move|p1a: Greninja|Surf|p2a: Saitama\n|-start|p1a: Greninja|typechange|Water|[from] ability: Protean\n|-damage|p2a: Saitama|48\/100\n|\n|upkeep\n|turn|21\n|\n|t:|1700379516\n|move|p1a: Greninja|Surf|p2a: Saitama\n|-damage|p2a: Saitama|5\/100\n|move|p2a: Saitama|Pursuit|p1a: Greninja\n|-damage|p1a: Greninja|46\/100\n|\n|upkeep\n|turn|22\n|\n|t:|1700379525\n|move|p1a: Greninja|Water Shuriken|p2a: Saitama\n|-damage|p2a: Saitama|0 fnt\n|faint|p2a: Saitama\n|-hitcount|p2: Saitama|1\n|\n|upkeep\n|\n|t:|1700379530\n|switch|p2a: Surprise!|Slither Wing, shiny, tera:Bug|82\/100\n|-damage|p2a: Surprise!|57\/100|[from] Stealth Rock\n|turn|23\n|\n|t:|1700379540\n|move|p1a: Greninja|Surf|p2a: Surprise!\n|-damage|p2a: Surprise!|17\/100\n|move|p2a: Surprise!|Close Combat|p1a: Greninja\n|-damage|p1a: Greninja|0 fnt\n|-unboost|p2a: Surprise!|def|1\n|-unboost|p2a: Surprise!|spd|1\n|faint|p1a: Greninja\n|\n|upkeep\n|\n|t:|1700379547\n|switch|p1a: Heatran|Heatran, M|84\/100\n|turn|24\n|\n|t:|1700379555\n|move|p2a: Surprise!|Close Combat|p1a: Heatran\n|-supereffective|p1a: Heatran\n|-damage|p1a: Heatran|0 fnt\n|-unboost|p2a: Surprise!|def|1\n|-unboost|p2a: Surprise!|spd|1\n|faint|p1a: Heatran\n|\n|win|Souravgotthepkmn1\n|raw|zzloopy's rating: 1230 &rarr; <strong>1204<\/strong><br \/>(-26 for losing)\n|raw|Souravgotthepkmn1's rating: 1220 &rarr; <strong>1246<\/strong><br \/>(+26 for winning)\n|l|\u2606zzloopy\n","uploadtime":1700379868,"views":20,"p1id":"zzloopy","p2id":"souravgotthepkmn1","formatid":"gen9nationaldex","rating":1204,"private":0,"password":""}