{"id":"gen9nationaldex-1988317691","p1":"diverse team","p2":"Wingman4477","format":"[Gen 9] National Dex","log":"|j|\u2606diverse team\n|j|\u2606Wingman4477\n|t:|1699707522\n|gametype|singles\n|player|p1|diverse team|1|1175\n|player|p2|Wingman4477|red|1055\n|teamsize|p1|6\n|teamsize|p2|6\n|gen|9\n|tier|[Gen 9] National Dex\n|rated|\n|rule|HP Percentage Mod: HP is shown in percentages\n|rule|Endless Battle Clause: Forcing endless battles is banned\n|rule|OHKO Clause: OHKO moves are banned\n|rule|Evasion Clause: Evasion abilities, items, and moves are banned\n|rule|Evasion Abilities Clause: Evasion abilities are banned\n|rule|Evasion Items Clause: Evasion items are banned\n|rule|Evasion Moves Clause: Evasion moves are banned\n|rule|Species Clause: Limit one of each Pok\u00e9mon\n|rule|Sleep Clause Mod: Limit one foe put to sleep\n|clearpoke\n|poke|p1|Aerodactyl, M|\n|poke|p1|Talonflame, M|\n|poke|p1|Salamence, F|\n|poke|p1|Staraptor, M|\n|poke|p1|Kilowattrel, F|\n|poke|p1|Flamigo, M|\n|poke|p2|Charizard, M|\n|poke|p2|Greninja-*, M|\n|poke|p2|Tyranitar, F|\n|poke|p2|Abomasnow, F|\n|poke|p2|Scizor, M|\n|poke|p2|Tapu Lele|\n|teampreview\n|\n|t:|1699707527\n|start\n|switch|p1a: Piercing Bat|Aerodactyl, M, shiny|100\/100\n|switch|p2a: Tyranitar|Tyranitar, F|100\/100\n|-ability|p1a: Piercing Bat|Pressure\n|-weather|Sandstorm|[from] ability: Sand Stream|[of] p2a: Tyranitar\n|turn|1\n|\n|t:|1699707537\n|detailschange|p1a: Piercing Bat|Aerodactyl-Mega, M, shiny\n|-mega|p1a: Piercing Bat|Aerodactyl|Aerodactylite\n|move|p1a: Piercing Bat|Stone Edge|p2a: Tyranitar\n|-damage|p2a: Tyranitar|54\/100\n|move|p2a: Tyranitar|Power Gem|p1a: Piercing Bat\n|-supereffective|p1a: Piercing Bat\n|-damage|p1a: Piercing Bat|53\/100\n|\n|-weather|Sandstorm|[upkeep]\n|-heal|p2a: Tyranitar|61\/100|[from] item: Leftovers\n|upkeep\n|turn|2\n|\n|t:|1699707546\n|move|p1a: Piercing Bat|Stone Edge|p2a: Tyranitar\n|-damage|p2a: Tyranitar|18\/100\n|move|p2a: Tyranitar|Power Gem|p1a: Piercing Bat\n|-supereffective|p1a: Piercing Bat\n|-crit|p1a: Piercing Bat\n|-damage|p1a: Piercing Bat|0 fnt\n|faint|p1a: Piercing Bat\n|\n|-weather|Sandstorm|[upkeep]\n|-heal|p2a: Tyranitar|25\/100|[from] item: Leftovers\n|upkeep\n|\n|t:|1699707560\n|switch|p1a: Iron Knee|Flamigo, M|100\/100\n|turn|3\n|\n|t:|1699707570\n|move|p1a: Iron Knee|U-turn|p2a: Tyranitar\n|-supereffective|p2a: Tyranitar\n|-damage|p2a: Tyranitar|0 fnt\n|faint|p2a: Tyranitar\n|\n|t:|1699707578\n|switch|p1a: Voltage Beak|Kilowattrel, F|100\/100|[from] U-turn\n|\n|-weather|Sandstorm|[upkeep]\n|-damage|p1a: Voltage Beak|94\/100|[from] Sandstorm\n|upkeep\n|\n|t:|1699707594\n|switch|p2a: Charizard|Charizard, M|100\/100\n|turn|4\n|\n|t:|1699707601\n|detailschange|p2a: Charizard|Charizard-Mega-X, M\n|-mega|p2a: Charizard|Charizard|Charizardite X\n|move|p1a: Voltage Beak|Discharge|p2a: Charizard\n|-resisted|p2a: Charizard\n|-damage|p2a: Charizard|76\/100\n|-status|p2a: Charizard|par\n|move|p2a: Charizard|Flamethrower|p1a: Voltage Beak\n|-damage|p1a: Voltage Beak|42\/100\n|\n|-weather|Sandstorm|[upkeep]\n|-damage|p1a: Voltage Beak|36\/100|[from] Sandstorm\n|-damage|p2a: Charizard|70\/100 par|[from] Sandstorm\n|upkeep\n|turn|5\n|\n|t:|1699707612\n|move|p1a: Voltage Beak|Air Slash|p2a: Charizard\n|-damage|p2a: Charizard|22\/100 par\n|move|p2a: Charizard|Flamethrower|p1a: Voltage Beak\n|-damage|p1a: Voltage Beak|0 fnt\n|faint|p1a: Voltage Beak\n|\n|-weather|none\n|upkeep\n|\n|t:|1699707623\n|switch|p1a: Iron Knee|Flamigo, M|100\/100\n|turn|6\n|\n|t:|1699707636\n|move|p1a: Iron Knee|Close Combat|p2a: Charizard\n|-damage|p2a: Charizard|0 fnt\n|-unboost|p1a: Iron Knee|def|1\n|-unboost|p1a: Iron Knee|spd|1\n|faint|p2a: Charizard\n|\n|upkeep\n|\n|t:|1699707641\n|switch|p2a: Tapu Lele|Tapu Lele|100\/100\n|-fieldstart|move: Psychic Terrain|[from] ability: Psychic Surge|[of] p2a: Tapu Lele\n|turn|7\n|\n|t:|1699707647\n|switch|p1a: Iron Talon|Talonflame, M|100\/100\n|move|p2a: Tapu Lele|Psychic|p1a: Iron Talon\n|-damage|p1a: Iron Talon|18\/100\n|\n|upkeep\n|turn|8\n|\n|t:|1699707654\n|move|p1a: Iron Talon|Tailwind|p1a: Iron Talon\n|-sidestart|p1: diverse team|move: Tailwind\n|move|p2a: Tapu Lele|Thunderbolt|p1a: Iron Talon\n|-supereffective|p1a: Iron Talon\n|-damage|p1a: Iron Talon|0 fnt\n|faint|p1a: Iron Talon\n|\n|upkeep\n|\n|t:|1699707666\n|switch|p1a: Iron Starling|Staraptor, M|100\/100\n|turn|9\n|\n|t:|1699707677\n|move|p1a: Iron Starling|Brave Bird|p2a: Tapu Lele\n|-damage|p2a: Tapu Lele|0 fnt\n|faint|p2a: Tapu Lele\n|-damage|p1a: Iron Starling|71\/100|[from] Recoil\n|\n|upkeep\n|\n|t:|1699707689\n|switch|p2a: Greninja|Greninja, M|100\/100\n|turn|10\n|\n|t:|1699707694\n|move|p1a: Iron Starling|Brave Bird|p2a: Greninja\n|-damage|p2a: Greninja|0 fnt\n|faint|p2a: Greninja\n|-damage|p1a: Iron Starling|40\/100|[from] Recoil\n|\n|upkeep\n|\n|t:|1699707700\n|switch|p2a: Scizor|Scizor, M|100\/100\n|turn|11\n|\n|t:|1699707706\n|move|p1a: Iron Starling|Brave Bird|p2a: Scizor\n|-crit|p2a: Scizor\n|-damage|p2a: Scizor|0 fnt\n|faint|p2a: Scizor\n|-damage|p1a: Iron Starling|10\/100|[from] Recoil\n|\n|-sideend|p1: diverse team|move: Tailwind\n|-fieldend|move: Psychic Terrain\n|upkeep\n|\n|t:|1699707713\n|switch|p2a: Abomasnow|Abomasnow, F|100\/100\n|-weather|Snow|[from] ability: Snow Warning|[of] p2a: Abomasnow\n|turn|12\n|\n|t:|1699707717\n|move|p1a: Iron Starling|Brave Bird|p2a: Abomasnow\n|-supereffective|p2a: Abomasnow\n|-damage|p2a: Abomasnow|0 fnt\n|faint|p2a: Abomasnow\n|-damage|p1a: Iron Starling|0 fnt|[from] Recoil\n|faint|p1a: Iron Starling\n|\n|win|diverse team\n|raw|diverse team's rating: 1175 &rarr; <strong>1192<\/strong><br \/>(+17 for winning)\n|raw|Wingman4477's rating: 1055 &rarr; <strong>1043<\/strong><br \/>(-12 for losing)\n|l|\u2606Wingman4477\n","uploadtime":1699707890,"views":7,"p1id":"diverseteam","p2id":"wingman4477","formatid":"gen9nationaldex","rating":1043,"private":0,"password":""}