{"id":"gen9nationaldex-1995078311","p1":"AnonAccount","p2":"Miguel8000","format":"[Gen 9] National Dex","log":"|html|<div class=\"broadcast-blue\"><strong>[Gen 9] National Dex is currently suspecting Sneasler! For information on how to participate check out the <a href=\"https:\/\/www.smogon.com\/forums\/threads\/sv-national-dex-suspect-8-just-dance.3731534\/\">suspect thread<\/a>.<\/strong><\/div>\n|j|\u2606AnonAccount\n|j|\u2606Miguel8000\n|t:|1700520161\n|gametype|singles\n|player|p1|AnonAccount|koga|1154\n|player|p2|Miguel8000|veteran|1230\n|teamsize|p1|6\n|teamsize|p2|6\n|gen|9\n|tier|[Gen 9] National Dex\n|rated|\n|rule|HP Percentage Mod: HP is shown in percentages\n|rule|Endless Battle Clause: Forcing endless battles is banned\n|rule|OHKO Clause: OHKO moves are banned\n|rule|Evasion Clause: Evasion abilities, items, and moves are banned\n|rule|Evasion Abilities Clause: Evasion abilities are banned\n|rule|Evasion Items Clause: Evasion items are banned\n|rule|Evasion Moves Clause: Evasion moves are banned\n|rule|Species Clause: Limit one of each Pok\u00e9mon\n|rule|Sleep Clause Mod: Limit one foe put to sleep\n|clearpoke\n|poke|p1|Mew|\n|poke|p1|Xurkitree|\n|poke|p1|Arcanine-Hisui, M|\n|poke|p1|Urshifu-*, M|\n|poke|p1|Ninetales-Alola, M|\n|poke|p1|Lilligant-Hisui, F|\n|poke|p2|Enamorus, F|\n|poke|p2|Garchomp, F|\n|poke|p2|Crawdaunt, M|\n|poke|p2|Lucario, M|\n|poke|p2|Volcarona, M|\n|poke|p2|Ninetales-Alola, F|\n|teampreview\n|inactive|Battle timer is ON: inactive players will automatically lose when time's up. (requested by Miguel8000)\n|\n|t:|1700520173\n|start\n|switch|p1a: Ninetales|Ninetales-Alola, M|100\/100\n|switch|p2a: Lucario|Lucario, M|100\/100\n|-weather|Snow|[from] ability: Snow Warning|[of] p1a: Ninetales\n|turn|1\n|\n|t:|1700520177\n|move|p1a: Ninetales|Aurora Veil|p1a: Ninetales\n|-sidestart|p1: AnonAccount|move: Aurora Veil\n|move|p2a: Lucario|Meteor Mash|p1a: Ninetales\n|-supereffective|p1a: Ninetales\n|-damage|p1a: Ninetales|11\/100\n|-damage|p2a: Lucario|91\/100|[from] item: Life Orb\n|\n|-weather|Snow|[upkeep]\n|upkeep\n|turn|2\n|\n|t:|1700520190\n|move|p2a: Lucario|Extreme Speed|p1a: Ninetales\n|-damage|p1a: Ninetales|0 fnt\n|faint|p1a: Ninetales\n|-damage|p2a: Lucario|81\/100|[from] item: Life Orb\n|\n|-weather|Snow|[upkeep]\n|upkeep\n|inactive|AnonAccount has 120 seconds left.\n|\n|t:|1700520216\n|switch|p1a: Mew|Mew|100\/100\n|turn|3\n|\n|t:|1700520220\n|move|p1a: Mew|Cosmic Power|p1a: Mew\n|-boost|p1a: Mew|def|1\n|-boost|p1a: Mew|spd|1\n|move|p2a: Lucario|Swords Dance|p2a: Lucario\n|-boost|p2a: Lucario|atk|2\n|\n|-weather|Snow|[upkeep]\n|upkeep\n|turn|4\n|\n|t:|1700520227\n|move|p1a: Mew|Cosmic Power|p1a: Mew\n|-boost|p1a: Mew|def|1\n|-boost|p1a: Mew|spd|1\n|move|p2a: Lucario|Meteor Mash|p1a: Mew\n|-damage|p1a: Mew|79\/100\n|-boost|p2a: Lucario|atk|1\n|-damage|p2a: Lucario|71\/100|[from] item: Life Orb\n|\n|-weather|Snow|[upkeep]\n|upkeep\n|turn|5\n|\n|t:|1700520239\n|switch|p2a: Garchomp|Garchomp, F|100\/100\n|move|p1a: Mew|Stored Power|p2a: Garchomp\n|-damage|p2a: Garchomp|67\/100\n|\n|-weather|none\n|upkeep\n|turn|6\n|\n|t:|1700520253\n|-terastallize|p1a: Mew|Psychic\n|move|p1a: Mew|Stored Power|p2a: Garchomp\n|-damage|p2a: Garchomp|26\/100\n|move|p2a: Garchomp|Dragon Tail|p1a: Mew\n|-damage|p1a: Mew|73\/100\n|drag|p1a: Lilligant|Lilligant-Hisui, F|100\/100\n|\n|upkeep\n|turn|7\n|\n|t:|1700520268\n|move|p1a: Lilligant|Victory Dance|p1a: Lilligant\n|-boost|p1a: Lilligant|atk|1\n|-boost|p1a: Lilligant|def|1\n|-boost|p1a: Lilligant|spe|1\n|move|p2a: Garchomp|Stealth Rock|p1a: Lilligant\n|-sidestart|p1: AnonAccount|move: Stealth Rock\n|\n|upkeep\n|turn|8\n|inactive|Miguel8000 has 120 seconds left.\n|inactive|Miguel8000 has 90 seconds left.\n|\n|t:|1700520330\n|move|p1a: Lilligant|Leaf Blade|p2a: Garchomp|[miss]\n|-miss|p1a: Lilligant|p2a: Garchomp\n|move|p2a: Garchomp|Dragon Tail|p1a: Lilligant\n|-damage|p1a: Lilligant|87\/100\n|drag|p1a: Xurkitree|Xurkitree|100\/100\n|-damage|p1a: Xurkitree|88\/100|[from] Stealth Rock\n|\n|-sideend|p1: AnonAccount|move: Aurora Veil\n|upkeep\n|turn|9\n|\n|t:|1700520345\n|move|p2a: Garchomp|Earthquake|p1a: Xurkitree\n|-supereffective|p1a: Xurkitree\n|-damage|p1a: Xurkitree|0 fnt\n|faint|p1a: Xurkitree\n|\n|upkeep\n|\n|t:|1700520350\n|switch|p1a: Urshifu|Urshifu-Rapid-Strike, M|100\/100\n|-damage|p1a: Urshifu|94\/100|[from] Stealth Rock\n|turn|10\n|\n|t:|1700520360\n|move|p2a: Garchomp|Earthquake|p1a: Urshifu\n|-damage|p1a: Urshifu|52\/100\n|move|p1a: Urshifu|Trailblaze|p2a: Garchomp\n|-damage|p2a: Garchomp|13\/100\n|-boost|p1a: Urshifu|spe|1\n|-damage|p1a: Urshifu|40\/100|[from] ability: Rough Skin|[of] p2a: Garchomp\n|-damage|p1a: Urshifu|23\/100|[from] item: Rocky Helmet|[of] p2a: Garchomp\n|\n|upkeep\n|turn|11\n|\n|t:|1700520372\n|move|p1a: Urshifu|Trailblaze|p2a: Garchomp\n|-damage|p2a: Garchomp|0 fnt\n|-boost|p1a: Urshifu|spe|1\n|-damage|p1a: Urshifu|11\/100|[from] ability: Rough Skin|[of] p2a: Garchomp\n|-damage|p1a: Urshifu|0 fnt|[from] item: Rocky Helmet|[of] p2a: Garchomp\n|faint|p2a: Garchomp\n|faint|p1a: Urshifu\n|\n|upkeep\n|\n|t:|1700520403\n|switch|p2a: Ninetales|Ninetales-Alola, F, shiny|100\/100\n|switch|p1a: Mew|Mew, tera:Psychic|73\/100\n|-weather|Snow|[from] ability: Snow Warning|[of] p2a: Ninetales\n|-damage|p1a: Mew|60\/100|[from] Stealth Rock\n|turn|12\n|\n|t:|1700520418\n|move|p2a: Ninetales|Blizzard|p1a: Mew\n|-damage|p1a: Mew|27\/100\n|move|p1a: Mew|Cosmic Power|p1a: Mew\n|-boost|p1a: Mew|def|1\n|-boost|p1a: Mew|spd|1\n|\n|-weather|Snow|[upkeep]\n|upkeep\n|turn|13\n|\n|t:|1700520423\n|move|p2a: Ninetales|Blizzard|p1a: Mew\n|-damage|p1a: Mew|1\/100\n|move|p1a: Mew|Roost|p1a: Mew\n|-heal|p1a: Mew|51\/100\n|\n|-weather|Snow|[upkeep]\n|upkeep\n|turn|14\n|\n|t:|1700520433\n|move|p2a: Ninetales|Blizzard|p1a: Mew\n|-damage|p1a: Mew|28\/100\n|move|p1a: Mew|Roost|p1a: Mew\n|-heal|p1a: Mew|78\/100\n|\n|-weather|Snow|[upkeep]\n|upkeep\n|turn|15\n|\n|t:|1700520438\n|move|p2a: Ninetales|Aurora Veil|p2a: Ninetales\n|-sidestart|p2: Miguel8000|move: Aurora Veil\n|move|p1a: Mew|Cosmic Power|p1a: Mew\n|-boost|p1a: Mew|def|1\n|-boost|p1a: Mew|spd|1\n|\n|-weather|Snow|[upkeep]\n|upkeep\n|turn|16\n|inactive|Miguel8000 has 120 seconds left.\n|\n|t:|1700520445\n|switch|p2a: Volcarona|Volcarona, M|100\/100\n|move|p1a: Mew|Cosmic Power|p1a: Mew\n|-boost|p1a: Mew|def|1\n|-boost|p1a: Mew|spd|1\n|\n|-weather|none\n|upkeep\n|turn|17\n|\n|t:|1700520453\n|move|p1a: Mew|Cosmic Power|p1a: Mew\n|-boost|p1a: Mew|def|1\n|-boost|p1a: Mew|spd|1\n|move|p2a: Volcarona|Quiver Dance|p2a: Volcarona\n|-boost|p2a: Volcarona|spa|1\n|-boost|p2a: Volcarona|spd|1\n|-boost|p2a: Volcarona|spe|1\n|\n|upkeep\n|turn|18\n|\n|t:|1700520465\n|move|p2a: Volcarona|Quiver Dance|p2a: Volcarona\n|-boost|p2a: Volcarona|spa|1\n|-boost|p2a: Volcarona|spd|1\n|-boost|p2a: Volcarona|spe|1\n|move|p1a: Mew|Cosmic Power|p1a: Mew\n|-boost|p1a: Mew|def|1\n|-boost|p1a: Mew|spd|1\n|\n|upkeep\n|turn|19\n|inactive|Miguel8000 has 120 seconds left.\n|\n|t:|1700520497\n|move|p2a: Volcarona|Quiver Dance|p2a: Volcarona\n|-boost|p2a: Volcarona|spa|1\n|-boost|p2a: Volcarona|spd|1\n|-boost|p2a: Volcarona|spe|1\n|move|p1a: Mew|Cosmic Power|p1a: Mew\n|-boost|p1a: Mew|def|1\n|-boost|p1a: Mew|spd|1\n|\n|-sideend|p2: Miguel8000|move: Aurora Veil\n|upkeep\n|turn|20\n|\n|t:|1700520507\n|move|p2a: Volcarona|Bug Buzz|p1a: Mew\n|-supereffective|p1a: Mew\n|-damage|p1a: Mew|22\/100\n|-enditem|p1a: Mew|Weakness Policy\n|-boost|p1a: Mew|atk|2|[from] item: Weakness Policy\n|-boost|p1a: Mew|spa|2|[from] item: Weakness Policy\n|move|p1a: Mew|Stored Power|p2a: Volcarona\n|-damage|p2a: Volcarona|0 fnt\n|faint|p2a: Volcarona\n|\n|upkeep\n|inactive|Miguel8000 has 120 seconds left.\n|\n|t:|1700520529\n|switch|p2a: Lucario|Lucario, M|71\/100\n|turn|21\n|\n|t:|1700520539\n|move|p2a: Lucario|Extreme Speed|p1a: Mew\n|-damage|p1a: Mew|15\/100\n|-damage|p2a: Lucario|61\/100|[from] item: Life Orb\n|move|p1a: Mew|Roost|p1a: Mew\n|-heal|p1a: Mew|65\/100\n|\n|upkeep\n|turn|22\n|inactive|Miguel8000 has 120 seconds left.\n|\n|t:|1700520547\n|switch|p2a: Crawdaunt|Crawdaunt, M|100\/100\n|move|p1a: Mew|Roost|p1a: Mew\n|-heal|p1a: Mew|100\/100\n|\n|upkeep\n|turn|23\n|\n|t:|1700520557\n|move|p1a: Mew|Body Press|p2a: Crawdaunt\n|-supereffective|p2a: Crawdaunt\n|-damage|p2a: Crawdaunt|0 fnt\n|faint|p2a: Crawdaunt\n|\n|upkeep\n|c|\u2606Miguel8000|tmnc\n|l|\u2606Miguel8000\n|inactive|Miguel8000 disconnected and has a minute to reconnect!\n|player|p2|\n|c|\u2606AnonAccount|What is tmnc\n|inactive|Miguel8000 has 30 seconds to reconnect!\n|inactive|Miguel8000 has 20 seconds to reconnect!\n|inactive|Miguel8000 has 15 seconds to reconnect!\n|inactive|Miguel8000 has 10 seconds to reconnect!\n|inactive|Miguel8000 has 5 seconds to reconnect!\n|-message|Miguel8000 lost due to inactivity.\n|\n|win|AnonAccount\n|raw|AnonAccount's rating: 1154 &rarr; <strong>1184<\/strong><br \/>(+30 for winning)\n|raw|Miguel8000's rating: 1230 &rarr; <strong>1200<\/strong><br \/>(-30 for losing)\n","uploadtime":1700520633,"views":1,"p1id":"anonaccount","p2id":"miguel8000","formatid":"gen9nationaldex","rating":1184,"private":0,"password":""}