{"id":"gen9nationaldex-1988686372","p1":"female charizard","p2":"SloppySpider25","format":"[Gen 9] National Dex","log":"|j|\u2606female charizard\n|j|\u2606SloppySpider25\n|t:|1699750574\n|gametype|singles\n|player|p1|female charizard|170|1141\n|player|p2|SloppySpider25|pokemaniac|1116\n|teamsize|p1|6\n|teamsize|p2|6\n|gen|9\n|tier|[Gen 9] National Dex\n|rated|\n|rule|HP Percentage Mod: HP is shown in percentages\n|rule|Endless Battle Clause: Forcing endless battles is banned\n|rule|OHKO Clause: OHKO moves are banned\n|rule|Evasion Clause: Evasion abilities, items, and moves are banned\n|rule|Evasion Abilities Clause: Evasion abilities are banned\n|rule|Evasion Items Clause: Evasion items are banned\n|rule|Evasion Moves Clause: Evasion moves are banned\n|rule|Species Clause: Limit one of each Pok\u00e9mon\n|rule|Sleep Clause Mod: Limit one foe put to sleep\n|clearpoke\n|poke|p1|Maushold|\n|poke|p1|Stakataka|\n|poke|p1|Enamorus, F|\n|poke|p1|Ditto|\n|poke|p1|Linoone, M|\n|poke|p1|Swalot, F|\n|poke|p2|Volcarona, M|\n|poke|p2|Glimmora, M|\n|poke|p2|Hoopa-Unbound|\n|poke|p2|Tapu Koko|\n|poke|p2|Zapdos|\n|poke|p2|Charizard, M|\n|teampreview\n|\n|t:|1699750596\n|start\n|switch|p1a: i art thou|Ditto|100\/100\n|switch|p2a: Glimmora|Glimmora, M|100\/100\n|-transform|p1a: i art thou|p2a: Glimmora|[from] ability: Imposter\n|turn|1\n|\n|t:|1699750603\n|move|p1a: i art thou|Stealth Rock|p2a: Glimmora\n|-sidestart|p2: SloppySpider25|move: Stealth Rock\n|move|p2a: Glimmora|Stealth Rock|p1a: i art thou\n|-sidestart|p1: female charizard|move: Stealth Rock\n|\n|upkeep\n|turn|2\n|\n|t:|1699750617\n|switch|p1a: never works|Linoone, M|100\/100\n|-damage|p1a: never works|88\/100|[from] Stealth Rock\n|move|p2a: Glimmora|Light Screen|p2a: Glimmora\n|-sidestart|p2: SloppySpider25|move: Light Screen\n|\n|upkeep\n|turn|3\n|j| kung fu pokechu\n|\n|t:|1699750624\n|move|p1a: never works|Belly Drum|p1a: never works\n|-damage|p1a: never works|38\/100\n|-setboost|p1a: never works|atk|6|[from] move: Belly Drum\n|-enditem|p1a: never works|Salac Berry|[eat]\n|-boost|p1a: never works|spe|1|[from] item: Salac Berry\n|move|p2a: Glimmora|Reflect|p2a: Glimmora\n|-sidestart|p2: SloppySpider25|Reflect\n|\n|upkeep\n|turn|4\n|\n|t:|1699750654\n|move|p1a: never works|Stomping Tantrum|p2a: Glimmora\n|-supereffective|p2a: Glimmora\n|-damage|p2a: Glimmora|0 fnt\n|-damage|p1a: never works|22\/100|[from] item: Rocky Helmet|[of] p2a: Glimmora\n|-activate|p2a: Glimmora|ability: Toxic Debris\n|-sidestart|p1: female charizard|move: Toxic Spikes\n|faint|p2a: Glimmora\n|\n|upkeep\n|\n|t:|1699750671\n|switch|p2a: Tapu Koko|Tapu Koko|100\/100\n|-damage|p2a: Tapu Koko|88\/100|[from] Stealth Rock\n|-fieldstart|move: Electric Terrain|[from] ability: Electric Surge|[of] p2a: Tapu Koko\n|turn|5\n|\n|t:|1699750681\n|-terastallize|p1a: never works|Normal\n|move|p1a: never works|Extreme Speed|p2a: Tapu Koko\n|-damage|p2a: Tapu Koko|0 fnt\n|faint|p2a: Tapu Koko\n|\n|upkeep\n|\n|t:|1699750706\n|switch|p2a: Zapdos|Zapdos|100\/100\n|-damage|p2a: Zapdos|76\/100|[from] Stealth Rock\n|turn|6\n|\n|t:|1699750716\n|move|p1a: never works|Extreme Speed|p2a: Zapdos\n|-damage|p2a: Zapdos|0 fnt\n|-status|p1a: never works|par|[from] ability: Static|[of] p2a: Zapdos\n|faint|p2a: Zapdos\n|\n|-sideend|p2: SloppySpider25|move: Light Screen\n|upkeep\n|c|\u2606female charizard|hahaha 30=100\n|-message|SloppySpider25 forfeited.\n|\n|win|female charizard\n|raw|female charizard's rating: 1160 &rarr; <strong>1182<\/strong><br \/>(+22 for winning)\n|raw|SloppySpider25's rating: 1116 &rarr; <strong>1094<\/strong><br \/>(-22 for losing)\n|l|\u2606SloppySpider25\n","uploadtime":1699750736,"views":4,"p1id":"femalecharizard","p2id":"sloppyspider25","formatid":"gen9nationaldex","rating":1094,"private":0,"password":""}