{"id":"gen9nationaldex-1992853665","p1":"MurrayDaCat","p2":"CuriousStraightGuy","format":"[Gen 9] National Dex","log":"|j|\u2606MurrayDaCat\n|j|\u2606CuriousStraightGuy\n|t:|1700241144\n|gametype|singles\n|player|p1|MurrayDaCat|1|1243\n|player|p2|CuriousStraightGuy|cogita|1371\n|teamsize|p1|6\n|teamsize|p2|6\n|gen|9\n|tier|[Gen 9] National Dex\n|rated|\n|rule|HP Percentage Mod: HP is shown in percentages\n|rule|Endless Battle Clause: Forcing endless battles is banned\n|rule|OHKO Clause: OHKO moves are banned\n|rule|Evasion Clause: Evasion abilities, items, and moves are banned\n|rule|Evasion Abilities Clause: Evasion abilities are banned\n|rule|Evasion Items Clause: Evasion items are banned\n|rule|Evasion Moves Clause: Evasion moves are banned\n|rule|Species Clause: Limit one of each Pok\u00e9mon\n|rule|Sleep Clause Mod: Limit one foe put to sleep\n|clearpoke\n|poke|p1|Garchomp, F|\n|poke|p1|Urshifu-*, M|\n|poke|p1|Rillaboom, F|\n|poke|p1|Scizor, M|\n|poke|p1|Tapu Lele|\n|poke|p1|Ribombee, F|\n|poke|p2|Frosmoth, F|\n|poke|p2|Volcarona, M|\n|poke|p2|Grimmsnarl, M|\n|poke|p2|Hatterene, F|\n|poke|p2|Amoonguss, F|\n|poke|p2|Great Tusk|\n|teampreview\n|\n|t:|1700241165\n|start\n|switch|p1a: Tapu Lele|Tapu Lele|100\/100\n|switch|p2a: Coontee|Volcarona, M|100\/100\n|-fieldstart|move: Psychic Terrain|[from] ability: Psychic Surge|[of] p1a: Tapu Lele\n|turn|1\n|\n|t:|1700241170\n|move|p1a: Tapu Lele|Psychic|p2a: Coontee\n|-damage|p2a: Coontee|20\/100\n|move|p2a: Coontee|Quiver Dance|p2a: Coontee\n|-boost|p2a: Coontee|spa|1\n|-boost|p2a: Coontee|spd|1\n|-boost|p2a: Coontee|spe|1\n|\n|upkeep\n|turn|2\n|\n|t:|1700241175\n|move|p2a: Coontee|Flamethrower|p1a: Tapu Lele\n|-damage|p1a: Tapu Lele|33\/100\n|move|p1a: Tapu Lele|Psychic|p2a: Coontee\n|-damage|p2a: Coontee|0 fnt\n|faint|p2a: Coontee\n|\n|upkeep\n|\n|t:|1700241179\n|switch|p2a: Lickalottalollipop|Grimmsnarl, M|100\/100\n|turn|3\n|\n|t:|1700241185\n|switch|p1a: Scizor|Scizor, M, shiny|100\/100\n|move|p2a: Lickalottalollipop|Light Screen|p2a: Lickalottalollipop\n|-sidestart|p2: CuriousStraightGuy|move: Light Screen\n|\n|upkeep\n|turn|4\n|inactive|Battle timer is ON: inactive players will automatically lose when time's up. (requested by MurrayDaCat)\n|\n|t:|1700241209\n|move|p2a: Lickalottalollipop|Reflect|p2a: Lickalottalollipop\n|-sidestart|p2: CuriousStraightGuy|Reflect\n|move|p1a: Scizor|U-turn|p2a: Lickalottalollipop\n|-damage|p2a: Lickalottalollipop|78\/100\n|\n|t:|1700241222\n|switch|p1a: Ribombee|Ribombee, F|100\/100|[from] U-turn\n|\n|upkeep\n|turn|5\n|\n|t:|1700241229\n|switch|p2a: Your Mommy|Hatterene, F|100\/100\n|move|p1a: Ribombee|Moonblast|p2a: Your Mommy\n|-damage|p2a: Your Mommy|85\/100\n|-unboost|p2a: Your Mommy|spa|1\n|\n|-heal|p2a: Your Mommy|91\/100|[from] item: Leftovers\n|-fieldend|move: Psychic Terrain\n|upkeep\n|turn|6\n|\n|t:|1700241235\n|move|p1a: Ribombee|Moonblast|p2a: Your Mommy\n|-damage|p2a: Your Mommy|76\/100\n|move|p2a: Your Mommy|Calm Mind|p2a: Your Mommy\n|-boost|p2a: Your Mommy|spa|1\n|-boost|p2a: Your Mommy|spd|1\n|\n|-heal|p2a: Your Mommy|82\/100|[from] item: Leftovers\n|upkeep\n|turn|7\n|\n|t:|1700241242\n|move|p1a: Ribombee|Moonblast|p2a: Your Mommy\n|-damage|p2a: Your Mommy|71\/100\n|move|p2a: Your Mommy|Calm Mind|p2a: Your Mommy\n|-boost|p2a: Your Mommy|spa|1\n|-boost|p2a: Your Mommy|spd|1\n|\n|-heal|p2a: Your Mommy|77\/100|[from] item: Leftovers\n|upkeep\n|turn|8\n|\n|t:|1700241246\n|move|p1a: Ribombee|Moonblast|p2a: Your Mommy\n|-damage|p2a: Your Mommy|69\/100\n|move|p2a: Your Mommy|Nuzzle|p1a: Ribombee\n|-damage|p1a: Ribombee|95\/100\n|\n|-heal|p2a: Your Mommy|75\/100|[from] item: Leftovers\n|upkeep\n|turn|9\n|\n|t:|1700241264\n|move|p1a: Ribombee|Moonblast|p2a: Your Mommy\n|-damage|p2a: Your Mommy|67\/100\n|-unboost|p2a: Your Mommy|spa|1\n|move|p2a: Your Mommy|Draining Kiss|p1a: Ribombee\n|-damage|p1a: Ribombee|64\/100\n|-heal|p2a: Your Mommy|90\/100|[from] drain|[of] p1a: Ribombee\n|\n|-heal|p2a: Your Mommy|96\/100|[from] item: Leftovers\n|upkeep\n|turn|10\n|\n|t:|1700241279\n|move|p1a: Ribombee|Moonblast|p2a: Your Mommy\n|-damage|p2a: Your Mommy|89\/100\n|-unboost|p2a: Your Mommy|spa|1\n|move|p2a: Your Mommy|Calm Mind|p2a: Your Mommy\n|-boost|p2a: Your Mommy|spa|1\n|-boost|p2a: Your Mommy|spd|1\n|\n|-heal|p2a: Your Mommy|95\/100|[from] item: Leftovers\n|-sideend|p2: CuriousStraightGuy|move: Light Screen\n|upkeep\n|turn|11\n|\n|t:|1700241284\n|move|p1a: Ribombee|Moonblast|p2a: Your Mommy\n|-damage|p2a: Your Mommy|81\/100\n|move|p2a: Your Mommy|Calm Mind|p2a: Your Mommy\n|-boost|p2a: Your Mommy|spa|1\n|-boost|p2a: Your Mommy|spd|1\n|\n|-heal|p2a: Your Mommy|87\/100|[from] item: Leftovers\n|-sideend|p2: CuriousStraightGuy|Reflect\n|upkeep\n|turn|12\n|\n|t:|1700241292\n|move|p1a: Ribombee|Moonblast|p2a: Your Mommy\n|-damage|p2a: Your Mommy|74\/100\n|move|p2a: Your Mommy|Calm Mind|p2a: Your Mommy\n|-boost|p2a: Your Mommy|spa|1\n|-boost|p2a: Your Mommy|spd|1\n|\n|-heal|p2a: Your Mommy|80\/100|[from] item: Leftovers\n|upkeep\n|turn|13\n|\n|t:|1700241297\n|switch|p1a: Scizor|Scizor, M, shiny|100\/100\n|move|p2a: Your Mommy|Calm Mind|p2a: Your Mommy\n|-boost|p2a: Your Mommy|spa|1\n|-boost|p2a: Your Mommy|spd|1\n|\n|-heal|p2a: Your Mommy|86\/100|[from] item: Leftovers\n|upkeep\n|turn|14\n|\n|t:|1700241306\n|detailschange|p1a: Scizor|Scizor-Mega, M, shiny\n|-mega|p1a: Scizor|Scizor|Scizorite\n|move|p1a: Scizor|Bullet Punch|p2a: Your Mommy\n|-supereffective|p2a: Your Mommy\n|-damage|p2a: Your Mommy|21\/100\n|move|p2a: Your Mommy|Draining Kiss|p1a: Scizor\n|-resisted|p1a: Scizor\n|-damage|p1a: Scizor|70\/100\n|-heal|p2a: Your Mommy|44\/100|[from] drain|[of] p1a: Scizor\n|\n|-heal|p2a: Your Mommy|50\/100|[from] item: Leftovers\n|upkeep\n|turn|15\n|\n|t:|1700241323\n|-terastallize|p2a: Your Mommy|Water\n|move|p1a: Scizor|Bullet Punch|p2a: Your Mommy\n|-resisted|p2a: Your Mommy\n|-damage|p2a: Your Mommy|34\/100\n|move|p2a: Your Mommy|Draining Kiss|p1a: Scizor\n|-resisted|p1a: Scizor\n|-damage|p1a: Scizor|41\/100\n|-heal|p2a: Your Mommy|55\/100|[from] drain|[of] p1a: Scizor\n|\n|-heal|p2a: Your Mommy|61\/100|[from] item: Leftovers\n|upkeep\n|turn|16\n|\n|t:|1700241333\n|move|p1a: Scizor|U-turn|p2a: Your Mommy\n|-damage|p2a: Your Mommy|20\/100\n|\n|t:|1700241335\n|switch|p1a: Tapu Lele|Tapu Lele|33\/100|[from] U-turn\n|-fieldstart|move: Psychic Terrain|[from] ability: Psychic Surge|[of] p1a: Tapu Lele\n|move|p2a: Your Mommy|Nuzzle|p1a: Tapu Lele\n|-damage|p1a: Tapu Lele|27\/100\n|-status|p1a: Tapu Lele|par\n|\n|-heal|p2a: Your Mommy|26\/100|[from] item: Leftovers\n|upkeep\n|turn|17\n|\n|t:|1700241341\n|move|p1a: Tapu Lele|Psychic|p2a: Your Mommy\n|-damage|p2a: Your Mommy|1\/100\n|move|p2a: Your Mommy|Draining Kiss|p1a: Tapu Lele\n|-damage|p1a: Tapu Lele|0 fnt\n|-heal|p2a: Your Mommy|19\/100|[from] drain|[of] p1a: Tapu Lele\n|faint|p1a: Tapu Lele\n|\n|-heal|p2a: Your Mommy|25\/100|[from] item: Leftovers\n|upkeep\n|\n|t:|1700241353\n|switch|p1a: Rillaboom|Rillaboom, F, shiny|100\/100\n|-fieldstart|move: Grassy Terrain|[from] ability: Grassy Surge|[of] p1a: Rillaboom\n|-enditem|p1a: Rillaboom|Grassy Seed\n|-boost|p1a: Rillaboom|def|1|[from] item: Grassy Seed\n|turn|18\n|\n|t:|1700241358\n|switch|p2a: Yeast Infection|Amoonguss, F|100\/100\n|move|p1a: Rillaboom|Grassy Glide|p2a: Yeast Infection\n|-resisted|p2a: Yeast Infection\n|-damage|p2a: Yeast Infection|94\/100\n|-enditem|p2a: Yeast Infection|Red Card|[of] p1a: Rillaboom\n|drag|p1a: Ribombee|Ribombee, F|64\/100\n|\n|-heal|p1a: Ribombee|70\/100|[from] Grassy Terrain\n|-heal|p2a: Yeast Infection|99\/100|[from] Grassy Terrain\n|upkeep\n|turn|19\n|\n|t:|1700241384\n|switch|p2a: Your Mommy|Hatterene, F, tera:Water|25\/100\n|move|p1a: Ribombee|Moonblast|p2a: Your Mommy\n|-damage|p2a: Your Mommy|0 fnt\n|faint|p2a: Your Mommy\n|\n|-heal|p1a: Ribombee|76\/100|[from] Grassy Terrain\n|upkeep\n|\n|t:|1700241394\n|switch|p2a: Lickalottalollipop|Grimmsnarl, M|78\/100\n|turn|20\n|\n|t:|1700241407\n|move|p2a: Lickalottalollipop|Taunt|p1a: Ribombee\n|-start|p1a: Ribombee|move: Taunt\n|move|p1a: Ribombee|Moonblast|p2a: Lickalottalollipop\n|-supereffective|p2a: Lickalottalollipop\n|-damage|p2a: Lickalottalollipop|25\/100\n|\n|-heal|p1a: Ribombee|83\/100|[from] Grassy Terrain\n|-heal|p2a: Lickalottalollipop|31\/100|[from] Grassy Terrain\n|upkeep\n|turn|21\n|\n|t:|1700241413\n|move|p2a: Lickalottalollipop|Light Screen|p2a: Lickalottalollipop\n|-sidestart|p2: CuriousStraightGuy|move: Light Screen\n|move|p1a: Ribombee|Moonblast|p2a: Lickalottalollipop\n|-supereffective|p2a: Lickalottalollipop\n|-damage|p2a: Lickalottalollipop|2\/100\n|\n|-heal|p1a: Ribombee|89\/100|[from] Grassy Terrain\n|-heal|p2a: Lickalottalollipop|8\/100|[from] Grassy Terrain\n|upkeep\n|turn|22\n|\n|t:|1700241417\n|move|p2a: Lickalottalollipop|Reflect|p2a: Lickalottalollipop\n|-sidestart|p2: CuriousStraightGuy|Reflect\n|move|p1a: Ribombee|Moonblast|p2a: Lickalottalollipop\n|-supereffective|p2a: Lickalottalollipop\n|-damage|p2a: Lickalottalollipop|0 fnt\n|faint|p2a: Lickalottalollipop\n|\n|-heal|p1a: Ribombee|95\/100|[from] Grassy Terrain\n|-end|p1a: Ribombee|move: Taunt\n|-fieldend|move: Grassy Terrain\n|upkeep\n|\n|t:|1700241420\n|switch|p2a: Baby Girl|Frosmoth, F|100\/100\n|turn|23\n|\n|t:|1700241436\n|move|p1a: Ribombee|Stun Spore|p2a: Baby Girl\n|-status|p2a: Baby Girl|par\n|move|p2a: Baby Girl|Quiver Dance|p2a: Baby Girl\n|-boost|p2a: Baby Girl|spa|1\n|-boost|p2a: Baby Girl|spd|1\n|-boost|p2a: Baby Girl|spe|1\n|\n|upkeep\n|turn|24\n|c|\u2606CuriousStraightGuy|omg grow up\n|\n|t:|1700241444\n|move|p1a: Ribombee|Moonblast|p2a: Baby Girl\n|-damage|p2a: Baby Girl|87\/100 par\n|cant|p2a: Baby Girl|par\n|\n|upkeep\n|turn|25\n|c|\u2606MurrayDaCat|?\n|\n|t:|1700241455\n|move|p1a: Ribombee|Moonblast|p2a: Baby Girl\n|-crit|p2a: Baby Girl\n|-damage|p2a: Baby Girl|19\/100 par\n|move|p2a: Baby Girl|Quiver Dance|p2a: Baby Girl\n|-boost|p2a: Baby Girl|spa|1\n|-boost|p2a: Baby Girl|spd|1\n|-boost|p2a: Baby Girl|spe|1\n|\n|upkeep\n|turn|26\n|c|\u2606CuriousStraightGuy|garbage ass rimbombee\n|c|\u2606CuriousStraightGuy|low testosterone pokemon\n|c|\u2606MurrayDaCat|Ah yes.\n|inactive|CuriousStraightGuy has 120 seconds left.\n|\n|t:|1700241486\n|move|p1a: Ribombee|Moonblast|p2a: Baby Girl\n|-damage|p2a: Baby Girl|9\/100 par\n|move|p2a: Baby Girl|Ice Beam|p1a: Ribombee\n|-damage|p1a: Ribombee|0 fnt\n|faint|p1a: Ribombee\n|\n|upkeep\n|\n|t:|1700241494\n|switch|p1a: Scizor|Scizor-Mega, M, shiny|41\/100\n|turn|27\n|\n|t:|1700241499\n|move|p1a: Scizor|Bullet Punch|p2a: Baby Girl\n|-supereffective|p2a: Baby Girl\n|-damage|p2a: Baby Girl|0 fnt\n|faint|p2a: Baby Girl\n|\n|upkeep\n|-message|CuriousStraightGuy forfeited.\n|\n|win|MurrayDaCat\n|raw|MurrayDaCat's rating: 1243 &rarr; <strong>1277<\/strong><br \/>(+34 for winning)\n|raw|CuriousStraightGuy's rating: 1371 &rarr; <strong>1344<\/strong><br \/>(-27 for losing)\n|c|\u2606CuriousStraightGuy|enojy your boring ass sapmle team\n|c|\u2606CuriousStraightGuy|rIbOmBeE\n|c|\u2606MurrayDaCat|Bozo\n","uploadtime":1700241543,"views":35,"p1id":"murraydacat","p2id":"curiousstraightguy","formatid":"gen9nationaldex","rating":1277,"private":0,"password":""}