{"id":"gen9nationaldex-1999937885","p1":"BlueB4llz","p2":"ThatOneZoro\/Zoa","format":"[Gen 9] National Dex","log":"|html|<div class=\"broadcast-blue\"><strong>[Gen 9] National Dex is currently suspecting Sneasler! For information on how to participate check out the <a href=\"https:\/\/www.smogon.com\/forums\/threads\/sv-national-dex-suspect-8-just-dance.3731534\/\">suspect thread<\/a>.<\/strong><\/div>\n|j|\u2606BlueB4llz\n|j|\u2606ThatOneZoro\/Zoa\n|t:|1701132229\n|gametype|singles\n|player|p1|BlueB4llz|birdkeeper|\n|player|p2|ThatOneZoro\/Zoa|grusha|\n|teamsize|p1|6\n|teamsize|p2|6\n|gen|9\n|tier|[Gen 9] National Dex\n|rule|HP Percentage Mod: HP is shown in percentages\n|rule|Endless Battle Clause: Forcing endless battles is banned\n|rule|OHKO Clause: OHKO moves are banned\n|rule|Evasion Clause: Evasion abilities, items, and moves are banned\n|rule|Evasion Abilities Clause: Evasion abilities are banned\n|rule|Evasion Items Clause: Evasion items are banned\n|rule|Evasion Moves Clause: Evasion moves are banned\n|rule|Species Clause: Limit one of each Pok\u00e9mon\n|rule|Sleep Clause Mod: Limit one foe put to sleep\n|clearpoke\n|poke|p1|Heatran, M|\n|poke|p1|Metagross|\n|poke|p1|Aegislash, M|\n|poke|p1|Dugtrio-Alola, F|\n|poke|p1|Skarmory, M|\n|poke|p1|Magnezone|\n|poke|p2|Metagross|\n|poke|p2|Corviknight, F|\n|poke|p2|Ferrothorn, M|\n|poke|p2|Heatran, M|\n|poke|p2|Aegislash, F|\n|poke|p2|Empoleon, M|\n|teampreview\n|\n|t:|1701132255\n|start\n|switch|p1a: Dugtrio|Dugtrio-Alola, F|100\/100\n|switch|p2a: Ferrothorn|Ferrothorn, M|100\/100\n|turn|1\n|\n|t:|1701132271\n|switch|p1a: Heatran|Heatran, M|100\/100\n|move|p2a: Ferrothorn|Curse|p2a: Ferrothorn\n|-unboost|p2a: Ferrothorn|spe|1\n|-boost|p2a: Ferrothorn|atk|1\n|-boost|p2a: Ferrothorn|def|1\n|\n|upkeep\n|turn|2\n|\n|t:|1701132289\n|switch|p2a: Heatran|Heatran, M|100\/100\n|-item|p2a: Heatran|Air Balloon\n|move|p1a: Heatran|Earth Power|p2a: Heatran\n|-immune|p2a: Heatran\n|\n|upkeep\n|turn|3\n|\n|t:|1701132362\n|switch|p1a: Aegislash|Aegislash, M|100\/100\n|move|p2a: Heatran|Earth Power|p1a: Aegislash\n|-supereffective|p1a: Aegislash\n|-damage|p1a: Aegislash|45\/100\n|\n|-heal|p1a: Aegislash|51\/100|[from] item: Leftovers\n|upkeep\n|turn|4\n|\n|t:|1701132370\n|-formechange|p1a: Aegislash|Aegislash-Blade||[from] ability: Stance Change\n|move|p1a: Aegislash|Shadow Sneak|p2a: Heatran\n|-damage|p2a: Heatran|82\/100\n|-enditem|p2a: Heatran|Air Balloon\n|move|p2a: Heatran|Earth Power|p1a: Aegislash\n|-supereffective|p1a: Aegislash\n|-damage|p1a: Aegislash|0 fnt\n|faint|p1a: Aegislash\n|\n|upkeep\n|\n|t:|1701132379\n|switch|p1a: Dugtrio|Dugtrio-Alola, F|100\/100\n|turn|5\n|\n|t:|1701132402\n|move|p1a: Dugtrio|Earthquake|p2a: Heatran\n|-supereffective|p2a: Heatran\n|-damage|p2a: Heatran|0 fnt\n|faint|p2a: Heatran\n|\n|upkeep\n|\n|t:|1701132409\n|switch|p2a: Corviknight|Corviknight, F|100\/100\n|turn|6\n|\n|t:|1701132418\n|switch|p1a: Skarmory|Skarmory, M|100\/100\n|move|p2a: Corviknight|Bulk Up|p2a: Corviknight\n|-boost|p2a: Corviknight|atk|1\n|-boost|p2a: Corviknight|def|1\n|\n|upkeep\n|turn|7\n|\n|t:|1701132436\n|switch|p1a: Magnezone|Magnezone|100\/100\n|move|p2a: Corviknight|Body Press|p1a: Magnezone\n|-supereffective|p1a: Magnezone\n|-damage|p1a: Magnezone|53\/100\n|\n|-heal|p1a: Magnezone|60\/100|[from] item: Leftovers\n|upkeep\n|turn|8\n|\n|t:|1701132450\n|move|p2a: Corviknight|Body Press|p1a: Magnezone\n|-supereffective|p1a: Magnezone\n|-crit|p1a: Magnezone\n|-damage|p1a: Magnezone|0 fnt\n|faint|p1a: Magnezone\n|\n|upkeep\n|c|\u2606BlueB4llz|tough\n|c|\u2606ThatOneZoro\/Zoa|damn\n|\n|t:|1701132465\n|switch|p1a: Heatran|Heatran, M|100\/100\n|turn|9\n|\n|t:|1701132490\n|move|p1a: Heatran|Lava Plume|p2a: Corviknight\n|-supereffective|p2a: Corviknight\n|-damage|p2a: Corviknight|27\/100\n|move|p2a: Corviknight|Body Press|p1a: Heatran\n|-supereffective|p1a: Heatran\n|-enditem|p1a: Heatran|Chople Berry|[eat]\n|-enditem|p1a: Heatran|Chople Berry|[weaken]\n|-damage|p1a: Heatran|75\/100\n|\n|-heal|p2a: Corviknight|33\/100|[from] item: Leftovers\n|upkeep\n|turn|10\n|\n|t:|1701132498\n|move|p1a: Heatran|Lava Plume|p2a: Corviknight\n|-supereffective|p2a: Corviknight\n|-damage|p2a: Corviknight|0 fnt\n|faint|p2a: Corviknight\n|\n|upkeep\n|\n|t:|1701132501\n|switch|p2a: Aegislash|Aegislash, F|100\/100\n|turn|11\n|\n|t:|1701132535\n|switch|p1a: Metagross|Metagross|100\/100\n|-formechange|p2a: Aegislash|Aegislash-Blade||[from] ability: Stance Change\n|move|p2a: Aegislash|Sacred Sword|p1a: Metagross\n|-damage|p1a: Metagross|77\/100\n|\n|upkeep\n|turn|12\n|\n|t:|1701132568\n|switch|p2a: Metagross|Metagross|100\/100\n|move|p1a: Metagross|Agility|p1a: Metagross\n|-boost|p1a: Metagross|spe|2\n|\n|upkeep\n|turn|13\n|\n|t:|1701132587\n|move|p1a: Metagross|Meteor Mash|p2a: Metagross\n|-resisted|p2a: Metagross\n|-damage|p2a: Metagross|81\/100\n|-boost|p1a: Metagross|atk|1\n|move|p2a: Metagross|Meteor Mash|p1a: Metagross|[miss]\n|-miss|p2a: Metagross|p1a: Metagross\n|\n|upkeep\n|turn|14\n|c|\u2606BlueB4llz|same brain cell\n|\n|t:|1701132617\n|move|p1a: Metagross|Earthquake|p2a: Metagross\n|-supereffective|p2a: Metagross\n|-damage|p2a: Metagross|0 fnt\n|faint|p2a: Metagross\n|\n|upkeep\n|\n|t:|1701132621\n|switch|p2a: Aegislash|Aegislash, F|100\/100\n|turn|15\n|\n|t:|1701132625\n|move|p1a: Metagross|Earthquake|p2a: Aegislash\n|-supereffective|p2a: Aegislash\n|-damage|p2a: Aegislash|7\/100\n|-formechange|p2a: Aegislash|Aegislash-Blade||[from] ability: Stance Change\n|move|p2a: Aegislash|Shadow Ball|p1a: Metagross\n|-supereffective|p1a: Metagross\n|-damage|p1a: Metagross|0 fnt\n|faint|p1a: Metagross\n|\n|upkeep\n|\n|t:|1701132642\n|switch|p1a: Skarmory|Skarmory, M|100\/100\n|turn|16\n|\n|t:|1701132660\n|move|p1a: Skarmory|Spikes|p2a: Aegislash\n|-sidestart|p2: ThatOneZoro\/Zoa|Spikes\n|move|p2a: Aegislash|Shadow Ball|p1a: Skarmory\n|-damage|p1a: Skarmory|0 fnt\n|faint|p1a: Skarmory\n|\n|upkeep\n|\n|t:|1701132678\n|switch|p1a: Dugtrio|Dugtrio-Alola, F|100\/100\n|turn|17\n|\n|t:|1701132689\n|move|p1a: Dugtrio|Earthquake|p2a: Aegislash\n|-supereffective|p2a: Aegislash\n|-damage|p2a: Aegislash|0 fnt\n|faint|p2a: Aegislash\n|\n|upkeep\n|\n|t:|1701132693\n|switch|p2a: Ferrothorn|Ferrothorn, M|100\/100\n|-damage|p2a: Ferrothorn|88\/100|[from] Spikes\n|turn|18\n|\n|t:|1701132703\n|switch|p1a: Heatran|Heatran, M|75\/100\n|move|p2a: Ferrothorn|Body Press|p1a: Heatran\n|-supereffective|p1a: Heatran\n|-damage|p1a: Heatran|18\/100\n|\n|upkeep\n|turn|19\n|\n|t:|1701132737\n|move|p1a: Heatran|Magma Storm|p2a: Ferrothorn\n|-supereffective|p2a: Ferrothorn\n|-damage|p2a: Ferrothorn|0 fnt\n|faint|p2a: Ferrothorn\n|\n|upkeep\n|\n|t:|1701132739\n|switch|p2a: Empoleon|Empoleon, M|100\/100\n|-damage|p2a: Empoleon|88\/100|[from] Spikes\n|turn|20\n|\n|t:|1701132745\n|move|p1a: Heatran|Lava Plume|p2a: Empoleon\n|-damage|p2a: Empoleon|55\/100\n|move|p2a: Empoleon|Scald|p1a: Heatran\n|-supereffective|p1a: Heatran\n|-damage|p1a: Heatran|0 fnt\n|faint|p1a: Heatran\n|\n|-heal|p2a: Empoleon|61\/100|[from] item: Leftovers\n|upkeep\n|\n|t:|1701132750\n|switch|p1a: Dugtrio|Dugtrio-Alola, F|100\/100\n|turn|21\n|\n|t:|1701132753\n|move|p1a: Dugtrio|Earthquake|p2a: Empoleon\n|-supereffective|p2a: Empoleon\n|-damage|p2a: Empoleon|0 fnt\n|faint|p2a: Empoleon\n|\n|win|BlueB4llz\n","uploadtime":1701132758,"views":27,"p1id":"blueb4llz","p2id":"thatonezorozoa","formatid":"gen9nationaldex","rating":0,"private":0,"password":""}