{"id":"gen9nationaldex-1992510304","p1":"Myrgetabrakke","p2":"LazuIi","format":"[Gen 9] National Dex","log":"|j|\u2606Myrgetabrakke\n|j|\u2606LazuIi\n|t:|1700197127\n|gametype|singles\n|player|p1|Myrgetabrakke|cynthia|\n|player|p2|LazuIi|karen|\n|teamsize|p1|6\n|teamsize|p2|6\n|gen|9\n|tier|[Gen 9] National Dex\n|rule|HP Percentage Mod: HP is shown in percentages\n|rule|Endless Battle Clause: Forcing endless battles is banned\n|rule|OHKO Clause: OHKO moves are banned\n|rule|Evasion Clause: Evasion abilities, items, and moves are banned\n|rule|Evasion Abilities Clause: Evasion abilities are banned\n|rule|Evasion Items Clause: Evasion items are banned\n|rule|Evasion Moves Clause: Evasion moves are banned\n|rule|Species Clause: Limit one of each Pok\u00e9mon\n|rule|Sleep Clause Mod: Limit one foe put to sleep\n|clearpoke\n|poke|p1|Shuckle, F|\n|poke|p1|Tyranitar, F|\n|poke|p1|Cradily, F|\n|poke|p1|Glimmora, F|\n|poke|p1|Arcanine-Hisui, F|\n|poke|p1|Garganacl, F|\n|poke|p2|Sableye, M|\n|poke|p2|Mimikyu, F|\n|poke|p2|Cofagrigus, F|\n|poke|p2|Gourgeist-*, M|\n|poke|p2|Drifblim, M|\n|poke|p2|Jellicent, M|\n|teampreview\n|j| muwuffin\n|\n|t:|1700197161\n|start\n|switch|p1a: the noodler|Shuckle, F|100\/100\n|switch|p2a: Sableye|Sableye, M|100\/100\n|turn|1\n|j| ringuwu\n|\n|t:|1700197183\n|switch|p2a: Jellicent|Jellicent, M|100\/100\n|move|p1a: the noodler|Infestation|p2a: Jellicent\n|-resisted|p2a: Jellicent\n|-damage|p2a: Jellicent|99\/100\n|-activate|p2a: Jellicent|move: Infestation|[of] p1a: the noodler\n|\n|-damage|p2a: Jellicent|87\/100|[from] move: Infestation|[partiallytrapped]\n|upkeep\n|turn|2\n|\n|t:|1700197200\n|move|p2a: Jellicent|Trick|p1a: the noodler\n|-activate|p2a: Jellicent|move: Trick|[of] p1a: the noodler\n|-item|p1a: the noodler|Choice Specs|[from] move: Trick\n|-item|p2a: Jellicent|Leftovers|[from] move: Trick\n|move|p1a: the noodler|Toxic|p2a: Jellicent\n|-status|p2a: Jellicent|tox\n|\n|-heal|p2a: Jellicent|93\/100 tox|[from] item: Leftovers\n|-damage|p2a: Jellicent|87\/100 tox|[from] psn\n|-damage|p2a: Jellicent|75\/100 tox|[from] move: Infestation|[partiallytrapped]\n|upkeep\n|turn|3\n|\n|t:|1700197219\n|switch|p1a: soggy meganium|Cradily, F|100\/100\n|move|p2a: Jellicent|Water Spout|p1a: soggy meganium\n|-ability|p1a: soggy meganium|Storm Drain|boost\n|-boost|p1a: soggy meganium|spa|1\n|\n|-heal|p2a: Jellicent|81\/100 tox|[from] item: Leftovers\n|-damage|p2a: Jellicent|69\/100 tox|[from] psn\n|-end|p2a: Jellicent|Infestation|[partiallytrapped]|[silent]\n|upkeep\n|turn|4\n|\n|t:|1700197241\n|switch|p2a: Sableye|Sableye, M|100\/100\n|move|p1a: soggy meganium|Sandstorm|p1a: soggy meganium\n|-weather|Sandstorm\n|\n|-weather|Sandstorm|[upkeep]\n|-damage|p2a: Sableye|94\/100|[from] Sandstorm\n|-heal|p2a: Sableye|100\/100|[from] item: Leftovers\n|upkeep\n|turn|5\n|\n|t:|1700197249\n|move|p2a: Sableye|Light Screen|p2a: Sableye\n|-sidestart|p2: LazuIi|move: Light Screen\n|move|p1a: soggy meganium|Leech Seed|p2a: Sableye\n|-start|p2a: Sableye|move: Leech Seed\n|\n|-weather|Sandstorm|[upkeep]\n|-damage|p2a: Sableye|94\/100|[from] Sandstorm\n|-heal|p2a: Sableye|100\/100|[from] item: Leftovers\n|-damage|p2a: Sableye|88\/100|[from] Leech Seed|[of] p1a: soggy meganium\n|upkeep\n|turn|6\n|\n|t:|1700197275\n|move|p2a: Sableye|Knock Off|p1a: soggy meganium\n|-damage|p1a: soggy meganium|77\/100\n|-enditem|p1a: soggy meganium|Leftovers|[from] move: Knock Off|[of] p2a: Sableye\n|move|p1a: soggy meganium|Ancient Power|p2a: Sableye\n|-damage|p2a: Sableye|67\/100\n|\n|-weather|Sandstorm|[upkeep]\n|-damage|p2a: Sableye|60\/100|[from] Sandstorm\n|-heal|p2a: Sableye|67\/100|[from] item: Leftovers\n|-damage|p2a: Sableye|54\/100|[from] Leech Seed|[of] p1a: soggy meganium\n|-heal|p1a: soggy meganium|87\/100|[silent]\n|upkeep\n|turn|7\n|\n|t:|1700197290\n|move|p2a: Sableye|Recover|p2a: Sableye\n|-heal|p2a: Sableye|100\/100\n|move|p1a: soggy meganium|Ancient Power|p2a: Sableye\n|-damage|p2a: Sableye|81\/100\n|\n|-weather|Sandstorm|[upkeep]\n|-damage|p2a: Sableye|75\/100|[from] Sandstorm\n|-heal|p2a: Sableye|81\/100|[from] item: Leftovers\n|-damage|p2a: Sableye|69\/100|[from] Leech Seed|[of] p1a: soggy meganium\n|-heal|p1a: soggy meganium|97\/100|[silent]\n|upkeep\n|turn|8\n|\n|t:|1700197333\n|switch|p2a: Gourgeist|Gourgeist-Small, M|100\/100\n|move|p1a: soggy meganium|Energy Ball|p2a: Gourgeist\n|-resisted|p2a: Gourgeist\n|-damage|p2a: Gourgeist|87\/100\n|\n|-weather|none\n|upkeep\n|turn|9\n|\n|t:|1700197345\n|switch|p1a: the noodler|Shuckle, F|100\/100\n|move|p2a: Gourgeist|Poltergeist|p1a: the noodler\n|-activate|p1a: the noodler|move: Poltergeist|Choice Specs\n|-damage|p1a: the noodler|83\/100\n|\n|-sideend|p2: LazuIi|move: Light Screen\n|upkeep\n|turn|10\n|\n|t:|1700197389\n|switch|p2a: Cofagrigus|Cofagrigus, F|100\/100\n|move|p1a: the noodler|Stealth Rock|p2a: Cofagrigus\n|-sidestart|p2: LazuIi|move: Stealth Rock\n|\n|upkeep\n|turn|11\n|\n|t:|1700197398\n|switch|p1a: mr prickles|Tyranitar, F|100\/100\n|-weather|Sandstorm|[from] ability: Sand Stream|[of] p1a: mr prickles\n|move|p2a: Cofagrigus|Will-O-Wisp|p1a: mr prickles\n|-status|p1a: mr prickles|brn\n|\n|-weather|Sandstorm|[upkeep]\n|-damage|p2a: Cofagrigus|94\/100|[from] Sandstorm\n|-damage|p1a: mr prickles|94\/100 brn|[from] brn\n|upkeep\n|turn|12\n|\n|t:|1700197436\n|switch|p2a: Sableye|Sableye, M|69\/100\n|-damage|p2a: Sableye|56\/100|[from] Stealth Rock\n|move|p1a: mr prickles|Crunch|p2a: Sableye\n|-damage|p2a: Sableye|31\/100\n|\n|-weather|Sandstorm|[upkeep]\n|-damage|p2a: Sableye|25\/100|[from] Sandstorm\n|-heal|p2a: Sableye|31\/100|[from] item: Leftovers\n|-damage|p1a: mr prickles|88\/100 brn|[from] brn\n|upkeep\n|turn|13\n|\n|t:|1700197458\n|switch|p1a: soggy meganium|Cradily, F|97\/100\n|move|p2a: Sableye|Recover|p2a: Sableye\n|-heal|p2a: Sableye|81\/100\n|\n|-weather|Sandstorm|[upkeep]\n|-damage|p2a: Sableye|75\/100|[from] Sandstorm\n|-heal|p2a: Sableye|81\/100|[from] item: Leftovers\n|upkeep\n|turn|14\n|\n|t:|1700197467\n|move|p2a: Sableye|Will-O-Wisp|p1a: soggy meganium\n|-status|p1a: soggy meganium|brn\n|move|p1a: soggy meganium|Leech Seed|p2a: Sableye\n|-start|p2a: Sableye|move: Leech Seed\n|\n|-weather|Sandstorm|[upkeep]\n|-damage|p2a: Sableye|75\/100|[from] Sandstorm\n|-heal|p2a: Sableye|81\/100|[from] item: Leftovers\n|-damage|p2a: Sableye|69\/100|[from] Leech Seed|[of] p1a: soggy meganium\n|-heal|p1a: soggy meganium|100\/100 brn|[silent]\n|-damage|p1a: soggy meganium|94\/100 brn|[from] brn\n|upkeep\n|turn|15\n|\n|t:|1700197479\n|move|p2a: Sableye|Knock Off|p1a: soggy meganium\n|-damage|p1a: soggy meganium|77\/100 brn\n|move|p1a: soggy meganium|Energy Ball|p2a: Sableye\n|-damage|p2a: Sableye|26\/100\n|\n|-weather|none\n|-heal|p2a: Sableye|33\/100|[from] item: Leftovers\n|-damage|p2a: Sableye|20\/100|[from] Leech Seed|[of] p1a: soggy meganium\n|-heal|p1a: soggy meganium|87\/100 brn|[silent]\n|-damage|p1a: soggy meganium|81\/100 brn|[from] brn\n|upkeep\n|turn|16\n|\n|t:|1700197492\n|move|p2a: Sableye|Recover|p2a: Sableye\n|-heal|p2a: Sableye|70\/100\n|move|p1a: soggy meganium|Sandstorm|p1a: soggy meganium\n|-weather|Sandstorm\n|\n|-weather|Sandstorm|[upkeep]\n|-damage|p2a: Sableye|64\/100|[from] Sandstorm\n|-heal|p2a: Sableye|70\/100|[from] item: Leftovers\n|-damage|p2a: Sableye|58\/100|[from] Leech Seed|[of] p1a: soggy meganium\n|-heal|p1a: soggy meganium|91\/100 brn|[silent]\n|-damage|p1a: soggy meganium|85\/100 brn|[from] brn\n|upkeep\n|turn|17\n|\n|t:|1700197507\n|switch|p2a: Mimikyu|Mimikyu, F|100\/100\n|-damage|p2a: Mimikyu|88\/100|[from] Stealth Rock\n|move|p1a: soggy meganium|Energy Ball|p2a: Mimikyu\n|-activate|p2a: Mimikyu|ability: Disguise\n|-damage|p2a: Mimikyu|88\/100\n|detailschange|p2a: Mimikyu|Mimikyu-Busted, F\n|-damage|p2a: Mimikyu|76\/100|[from] pokemon: Mimikyu-Busted\n|-enditem|p2a: Mimikyu|Red Card|[of] p1a: soggy meganium\n|drag|p1a: BIG GUY|Garganacl, F|100\/100\n|\n|-weather|Sandstorm|[upkeep]\n|-damage|p2a: Mimikyu|70\/100|[from] Sandstorm\n|upkeep\n|turn|18\n|\n|t:|1700197525\n|move|p2a: Mimikyu|Curse|p1a: BIG GUY\n|-start|p1a: BIG GUY|Curse|[of] p2a: Mimikyu\n|-damage|p2a: Mimikyu|20\/100\n|move|p1a: BIG GUY|Salt Cure|p2a: Mimikyu\n|-damage|p2a: Mimikyu|0 fnt\n|faint|p2a: Mimikyu\n|\n|-weather|Sandstorm|[upkeep]\n|-damage|p1a: BIG GUY|75\/100|[from] Curse\n|upkeep\n|\n|t:|1700197544\n|switch|p2a: Sableye|Sableye, M|58\/100\n|-damage|p2a: Sableye|45\/100|[from] Stealth Rock\n|turn|19\n|\n|t:|1700197548\n|switch|p1a: the noodler|Shuckle, F|83\/100\n|move|p2a: Sableye|Recover|p2a: Sableye\n|-heal|p2a: Sableye|95\/100\n|\n|-weather|Sandstorm|[upkeep]\n|-damage|p2a: Sableye|89\/100|[from] Sandstorm\n|-heal|p2a: Sableye|95\/100|[from] item: Leftovers\n|upkeep\n|turn|20\n|\n|t:|1700197557\n|move|p2a: Sableye|Will-O-Wisp|p1a: the noodler\n|-status|p1a: the noodler|brn\n|move|p1a: the noodler|Infestation|p2a: Sableye\n|-crit|p2a: Sableye\n|-damage|p2a: Sableye|89\/100\n|-activate|p2a: Sableye|move: Infestation|[of] p1a: the noodler\n|\n|-weather|none\n|-heal|p2a: Sableye|95\/100|[from] item: Leftovers\n|-damage|p1a: the noodler|77\/100 brn|[from] brn\n|-damage|p2a: Sableye|83\/100|[from] move: Infestation|[partiallytrapped]\n|upkeep\n|turn|21\n|\n|t:|1700197574\n|switch|p2a: Cofagrigus|Cofagrigus, F|94\/100\n|-damage|p2a: Cofagrigus|82\/100|[from] Stealth Rock\n|move|p1a: the noodler|Infestation|p2a: Cofagrigus\n|-resisted|p2a: Cofagrigus\n|-damage|p2a: Cofagrigus|80\/100\n|-activate|p2a: Cofagrigus|move: Infestation|[of] p1a: the noodler\n|-activate|p2a: Cofagrigus|ability: Mummy|Contrary|[of] p1a: the noodler\n|\n|-damage|p1a: the noodler|71\/100 brn|[from] brn\n|-damage|p2a: Cofagrigus|68\/100|[from] move: Infestation|[partiallytrapped]\n|upkeep\n|turn|22\n|\n|t:|1700197590\n|switch|p1a: mr prickles|Tyranitar, F|88\/100 brn\n|-weather|Sandstorm|[from] ability: Sand Stream|[of] p1a: mr prickles\n|move|p2a: Cofagrigus|Hex|p1a: mr prickles\n|-resisted|p1a: mr prickles\n|-damage|p1a: mr prickles|79\/100 brn\n|\n|-weather|Sandstorm|[upkeep]\n|-damage|p2a: Cofagrigus|62\/100|[from] Sandstorm\n|-damage|p1a: mr prickles|73\/100 brn|[from] brn\n|-end|p2a: Cofagrigus|Infestation|[partiallytrapped]|[silent]\n|upkeep\n|turn|23\n|c| muwuffin|Now you're mummy and I'm daddy\n|\n|t:|1700197623\n|switch|p2a: Drifblim|Drifblim, M|100\/100\n|-damage|p2a: Drifblim|75\/100|[from] Stealth Rock\n|move|p1a: mr prickles|Crunch|p2a: Drifblim\n|-supereffective|p2a: Drifblim\n|-damage|p2a: Drifblim|21\/100\n|-unboost|p2a: Drifblim|def|1\n|-damage|p1a: mr prickles|57\/100 brn|[from] item: Rocky Helmet|[of] p2a: Drifblim\n|\n|-weather|Sandstorm|[upkeep]\n|-damage|p2a: Drifblim|15\/100|[from] Sandstorm\n|-damage|p1a: mr prickles|50\/100 brn|[from] brn\n|upkeep\n|turn|24\n|\n|t:|1700197640\n|switch|p1a: the noodler|Shuckle, F|71\/100 brn\n|move|p2a: Drifblim|Strength Sap|p1a: the noodler\n|-boost|p1a: the noodler|atk|1\n|-heal|p2a: Drifblim|19\/100\n|\n|-weather|Sandstorm|[upkeep]\n|-damage|p2a: Drifblim|13\/100|[from] Sandstorm\n|-damage|p1a: the noodler|64\/100 brn|[from] brn\n|upkeep\n|turn|25\n|\n|t:|1700197659\n|move|p2a: Drifblim|Memento|p1a: the noodler\n|-boost|p1a: the noodler|atk|2\n|-boost|p1a: the noodler|spa|2\n|faint|p2a: Drifblim\n|move|p1a: the noodler|Sticky Web|p2: Drifblim\n|-sidestart|p2: LazuIi|move: Sticky Web\n|\n|-weather|Sandstorm|[upkeep]\n|-damage|p1a: the noodler|58\/100 brn|[from] brn\n|upkeep\n|\n|t:|1700197721\n|switch|p2a: Cofagrigus|Cofagrigus, F|62\/100\n|-damage|p2a: Cofagrigus|49\/100|[from] Stealth Rock\n|-activate|p2a: Cofagrigus|move: Sticky Web\n|-unboost|p2a: Cofagrigus|spe|1\n|turn|26\n|\n|t:|1700197728\n|switch|p1a: mr prickles|Tyranitar, F|50\/100 brn\n|move|p2a: Cofagrigus|Trick Room|p2a: Cofagrigus\n|-fieldstart|move: Trick Room|[of] p2a: Cofagrigus\n|\n|-weather|none\n|-damage|p1a: mr prickles|44\/100 brn|[from] brn\n|upkeep\n|turn|27\n|\n|t:|1700197758\n|switch|p2a: Sableye|Sableye, M|83\/100\n|-damage|p2a: Sableye|70\/100|[from] Stealth Rock\n|-activate|p2a: Sableye|move: Sticky Web\n|-unboost|p2a: Sableye|spe|1\n|switch|p1a: soggy meganium|Cradily, F|85\/100 brn\n|\n|-heal|p2a: Sableye|76\/100|[from] item: Leftovers\n|-damage|p1a: soggy meganium|79\/100 brn|[from] brn\n|upkeep\n|turn|28\n|\n|t:|1700197782\n|switch|p2a: Gourgeist|Gourgeist-Small, M|87\/100\n|-damage|p2a: Gourgeist|75\/100|[from] Stealth Rock\n|-activate|p2a: Gourgeist|move: Sticky Web\n|-unboost|p2a: Gourgeist|spe|1\n|move|p1a: soggy meganium|Sandstorm|p1a: soggy meganium\n|-weather|Sandstorm\n|\n|-weather|Sandstorm|[upkeep]\n|-damage|p2a: Gourgeist|69\/100|[from] Sandstorm\n|-damage|p1a: soggy meganium|73\/100 brn|[from] brn\n|upkeep\n|turn|29\n|\n|t:|1700197803\n|move|p1a: soggy meganium|Energy Ball|p2a: Gourgeist\n|-resisted|p2a: Gourgeist\n|-damage|p2a: Gourgeist|52\/100\n|move|p2a: Gourgeist|Power Whip|p1a: soggy meganium\n|-damage|p1a: soggy meganium|41\/100 brn\n|\n|-weather|Sandstorm|[upkeep]\n|-damage|p2a: Gourgeist|46\/100|[from] Sandstorm\n|-damage|p1a: soggy meganium|35\/100 brn|[from] brn\n|upkeep\n|turn|30\n|\n|t:|1700197816\n|switch|p1a: BIG GUY|Garganacl, F|75\/100\n|move|p2a: Gourgeist|Power Whip|p1a: BIG GUY\n|-supereffective|p1a: BIG GUY\n|-damage|p1a: BIG GUY|42\/100\n|-damage|p2a: Gourgeist|30\/100|[from] item: Rocky Helmet|[of] p1a: BIG GUY\n|\n|-weather|Sandstorm|[upkeep]\n|-damage|p2a: Gourgeist|24\/100|[from] Sandstorm\n|-fieldend|move: Trick Room\n|upkeep\n|turn|31\n|\n|t:|1700197826\n|move|p2a: Gourgeist|Synthesis|p2a: Gourgeist\n|-heal|p2a: Gourgeist|48\/100\n|move|p1a: BIG GUY|Recover|p1a: BIG GUY\n|-heal|p1a: BIG GUY|92\/100\n|\n|-weather|Sandstorm|[upkeep]\n|-damage|p2a: Gourgeist|42\/100|[from] Sandstorm\n|upkeep\n|turn|32\n|\n|t:|1700197841\n|move|p2a: Gourgeist|Power Whip|p1a: BIG GUY\n|-supereffective|p1a: BIG GUY\n|-damage|p1a: BIG GUY|53\/100\n|-damage|p2a: Gourgeist|26\/100|[from] item: Rocky Helmet|[of] p1a: BIG GUY\n|move|p1a: BIG GUY|Salt Cure|p2a: Gourgeist\n|-damage|p2a: Gourgeist|15\/100\n|-start|p2a: Gourgeist|Salt Cure\n|\n|-weather|none\n|-damage|p2a: Gourgeist|3\/100|[from] Salt Cure\n|upkeep\n|turn|33\n|\n|t:|1700197852\n|move|p2a: Gourgeist|Destiny Bond|p2a: Gourgeist\n|-singlemove|p2a: Gourgeist|Destiny Bond\n|move|p1a: BIG GUY|Recover|p1a: BIG GUY\n|-heal|p1a: BIG GUY|100\/100\n|\n|-damage|p2a: Gourgeist|0 fnt|[from] Salt Cure\n|faint|p2a: Gourgeist\n|upkeep\n|\n|t:|1700197879\n|switch|p2a: Jellicent|Jellicent, M|69\/100 tox\n|-damage|p2a: Jellicent|57\/100 tox|[from] Stealth Rock\n|-activate|p2a: Jellicent|move: Sticky Web\n|-unboost|p2a: Jellicent|spe|1\n|turn|34\n|\n|t:|1700197894\n|move|p2a: Jellicent|Shadow Ball|p1a: BIG GUY\n|-damage|p1a: BIG GUY|85\/100\n|move|p1a: BIG GUY|Salt Cure|p2a: Jellicent\n|-damage|p2a: Jellicent|39\/100 tox\n|-start|p2a: Jellicent|Salt Cure\n|\n|-heal|p2a: Jellicent|45\/100 tox|[from] item: Leftovers\n|-damage|p2a: Jellicent|39\/100 tox|[from] psn\n|-damage|p2a: Jellicent|14\/100 tox|[from] Salt Cure\n|upkeep\n|turn|35\n|\n|t:|1700197910\n|move|p1a: BIG GUY|Protect|p1a: BIG GUY\n|-singleturn|p1a: BIG GUY|Protect\n|move|p2a: Jellicent|Surf|p1a: BIG GUY\n|-activate|p1a: BIG GUY|move: Protect\n|\n|-heal|p2a: Jellicent|20\/100 tox|[from] item: Leftovers\n|-damage|p2a: Jellicent|8\/100 tox|[from] psn\n|-damage|p2a: Jellicent|0 fnt|[from] Salt Cure\n|faint|p2a: Jellicent\n|upkeep\n|\n|t:|1700197920\n|switch|p2a: Sableye|Sableye, M|76\/100\n|-damage|p2a: Sableye|64\/100|[from] Stealth Rock\n|-activate|p2a: Sableye|move: Sticky Web\n|-unboost|p2a: Sableye|spe|1\n|turn|36\n|\n|t:|1700197925\n|move|p2a: Sableye|Will-O-Wisp|p1a: BIG GUY\n|-immune|p1a: BIG GUY|[from] ability: Purifying Salt\n|move|p1a: BIG GUY|Salt Cure|p2a: Sableye\n|-damage|p2a: Sableye|50\/100\n|-start|p2a: Sableye|Salt Cure\n|\n|-heal|p2a: Sableye|56\/100|[from] item: Leftovers\n|-damage|p2a: Sableye|44\/100|[from] Salt Cure\n|upkeep\n|turn|37\n|\n|t:|1700197936\n|move|p1a: BIG GUY|Salt Cure|p2a: Sableye\n|-damage|p2a: Sableye|29\/100\n|move|p2a: Sableye|Knock Off|p1a: BIG GUY\n|-damage|p1a: BIG GUY|72\/100\n|-damage|p2a: Sableye|13\/100|[from] item: Rocky Helmet|[of] p1a: BIG GUY\n|-enditem|p1a: BIG GUY|Rocky Helmet|[from] move: Knock Off|[of] p2a: Sableye\n|\n|-heal|p2a: Sableye|19\/100|[from] item: Leftovers\n|-damage|p2a: Sableye|6\/100|[from] Salt Cure\n|upkeep\n|turn|38\n|\n|t:|1700197947\n|move|p2a: Sableye|Recover|p2a: Sableye\n|-heal|p2a: Sableye|56\/100\n|move|p1a: BIG GUY|Salt Cure|p2a: Sableye\n|-damage|p2a: Sableye|41\/100\n|\n|-heal|p2a: Sableye|48\/100|[from] item: Leftovers\n|-damage|p2a: Sableye|35\/100|[from] Salt Cure\n|upkeep\n|turn|39\n|\n|t:|1700197961\n|move|p2a: Sableye|Recover|p2a: Sableye\n|-heal|p2a: Sableye|85\/100\n|move|p1a: BIG GUY|Recover|p1a: BIG GUY\n|-heal|p1a: BIG GUY|100\/100\n|\n|-heal|p2a: Sableye|91\/100|[from] item: Leftovers\n|-damage|p2a: Sableye|79\/100|[from] Salt Cure\n|upkeep\n|turn|40\n|\n|t:|1700197973\n|switch|p2a: Cofagrigus|Cofagrigus, F|49\/100\n|-damage|p2a: Cofagrigus|37\/100|[from] Stealth Rock\n|-activate|p2a: Cofagrigus|move: Sticky Web\n|-unboost|p2a: Cofagrigus|spe|1\n|move|p1a: BIG GUY|Salt Cure|p2a: Cofagrigus\n|-damage|p2a: Cofagrigus|28\/100\n|-start|p2a: Cofagrigus|Salt Cure\n|\n|-damage|p2a: Cofagrigus|16\/100|[from] Salt Cure\n|upkeep\n|turn|41\n|\n|t:|1700197993\n|move|p1a: BIG GUY|Salt Cure|p2a: Cofagrigus\n|-damage|p2a: Cofagrigus|7\/100\n|move|p2a: Cofagrigus|Destiny Bond|p2a: Cofagrigus\n|-singlemove|p2a: Cofagrigus|Destiny Bond\n|\n|-damage|p2a: Cofagrigus|0 fnt|[from] Salt Cure\n|faint|p2a: Cofagrigus\n|upkeep\n|\n|t:|1700198001\n|switch|p2a: Sableye|Sableye, M|79\/100\n|-damage|p2a: Sableye|66\/100|[from] Stealth Rock\n|-activate|p2a: Sableye|move: Sticky Web\n|-unboost|p2a: Sableye|spe|1\n|turn|42\n|\n|t:|1700198010\n|move|p1a: BIG GUY|Salt Cure|p2a: Sableye\n|-damage|p2a: Sableye|53\/100\n|-start|p2a: Sableye|Salt Cure\n|move|p2a: Sableye|Knock Off|p1a: BIG GUY\n|-damage|p1a: BIG GUY|92\/100\n|\n|-heal|p2a: Sableye|60\/100|[from] item: Leftovers\n|-damage|p2a: Sableye|47\/100|[from] Salt Cure\n|upkeep\n|turn|43\n|\n|t:|1700198019\n|move|p1a: BIG GUY|Salt Cure|p2a: Sableye\n|-damage|p2a: Sableye|33\/100\n|move|p2a: Sableye|Knock Off|p1a: BIG GUY\n|-damage|p1a: BIG GUY|82\/100\n|\n|-heal|p2a: Sableye|40\/100|[from] item: Leftovers\n|-damage|p2a: Sableye|27\/100|[from] Salt Cure\n|upkeep\n|turn|44\n|\n|t:|1700198028\n|move|p1a: BIG GUY|Salt Cure|p2a: Sableye\n|-damage|p2a: Sableye|12\/100\n|move|p2a: Sableye|Knock Off|p1a: BIG GUY\n|-damage|p1a: BIG GUY|73\/100\n|\n|-heal|p2a: Sableye|18\/100|[from] item: Leftovers\n|-damage|p2a: Sableye|6\/100|[from] Salt Cure\n|upkeep\n|turn|45\n|\n|t:|1700198036\n|-terastallize|p2a: Sableye|Dark\n|move|p1a: BIG GUY|Salt Cure|p2a: Sableye\n|-damage|p2a: Sableye|0 fnt\n|faint|p2a: Sableye\n|\n|win|Myrgetabrakke\n|l| muwuffin\n","uploadtime":1700198081,"views":9,"p1id":"myrgetabrakke","p2id":"lazuii","formatid":"gen9nationaldex","rating":0,"private":0,"password":""}