{"id":"gen9nationaldex-1988547848","p1":"N3ROZ3RO","p2":"Jor99fran","format":"[Gen 9] National Dex","log":"|j|\u2606N3ROZ3RO\n|j|\u2606Jor99fran\n|t:|1699734775\n|gametype|singles\n|player|p1|N3ROZ3RO|ninjaboy|\n|player|p2|Jor99fran|266|\n|teamsize|p1|6\n|teamsize|p2|6\n|gen|9\n|tier|[Gen 9] National Dex\n|rule|HP Percentage Mod: HP is shown in percentages\n|rule|Endless Battle Clause: Forcing endless battles is banned\n|rule|OHKO Clause: OHKO moves are banned\n|rule|Evasion Clause: Evasion abilities, items, and moves are banned\n|rule|Evasion Abilities Clause: Evasion abilities are banned\n|rule|Evasion Items Clause: Evasion items are banned\n|rule|Evasion Moves Clause: Evasion moves are banned\n|rule|Species Clause: Limit one of each Pok\u00e9mon\n|rule|Sleep Clause Mod: Limit one foe put to sleep\n|clearpoke\n|poke|p1|Heatran, M|\n|poke|p1|Blaziken, M|\n|poke|p1|Charizard, M|\n|poke|p1|Rotom-Heat|\n|poke|p1|Torkoal, M|\n|poke|p1|Iron Moth|\n|poke|p2|Zoroark-Hisui, F|\n|poke|p2|Mimikyu, M|\n|poke|p2|Froslass, F|\n|poke|p2|Ceruledge, F|\n|poke|p2|Mismagius, F|\n|poke|p2|Typhlosion-Hisui, M|\n|teampreview\n|\n|t:|1699734798\n|start\n|switch|p1a: Rotom|Rotom-Heat, shiny|100\/100\n|switch|p2a: Froslass|Froslass, F|100\/100\n|turn|1\n|c|\u2606Jor99fran|buena suerte\n|c|\u2606N3ROZ3RO|igualemente\n|\n|t:|1699734814\n|-terastallize|p2a: Froslass|Ghost\n|move|p2a: Froslass|Spikes|p1a: Rotom\n|-sidestart|p1: N3ROZ3RO|Spikes\n|move|p1a: Rotom|Thunder Wave|p2a: Froslass\n|-status|p2a: Froslass|par\n|\n|upkeep\n|turn|2\n|\n|t:|1699734821\n|move|p1a: Rotom|Light Screen|p1a: Rotom\n|-sidestart|p1: N3ROZ3RO|move: Light Screen\n|cant|p2a: Froslass|par\n|\n|upkeep\n|turn|3\n|\n|t:|1699734824\n|move|p1a: Rotom|Reflect|p1a: Rotom\n|-sidestart|p1: N3ROZ3RO|Reflect\n|move|p2a: Froslass|Spikes|p1a: Rotom\n|-sidestart|p1: N3ROZ3RO|Spikes\n|\n|upkeep\n|turn|4\n|\n|t:|1699734827\n|move|p1a: Rotom|Volt Switch|p2a: Froslass\n|-crit|p2a: Froslass\n|-damage|p2a: Froslass|42\/100 par\n|-start|p1a: Rotom|Disable|Volt Switch|[from] ability: Cursed Body|[of] p2a: Froslass\n|\n|t:|1699734830\n|switch|p1a: Torkoal|Torkoal, M, shiny|100\/100|[from] Volt Switch\n|-damage|p1a: Torkoal|84\/100|[from] Spikes\n|-weather|SunnyDay|[from] ability: Drought|[of] p1a: Torkoal\n|cant|p2a: Froslass|par\n|\n|-weather|SunnyDay|[upkeep]\n|upkeep\n|turn|5\n|\n|t:|1699734849\n|cant|p2a: Froslass|par\n|move|p1a: Torkoal|Flamethrower|p2a: Froslass\n|-damage|p2a: Froslass|0 fnt\n|faint|p2a: Froslass\n|\n|-weather|SunnyDay|[upkeep]\n|upkeep\n|\n|t:|1699734854\n|switch|p2a: Mimikyu|Mimikyu, M|100\/100\n|turn|6\n|\n|t:|1699734865\n|move|p2a: Mimikyu|Nasty Plot|p2a: Mimikyu\n|-boost|p2a: Mimikyu|spa|2\n|move|p1a: Torkoal|Yawn|p2a: Mimikyu\n|-start|p2a: Mimikyu|move: Yawn|[of] p1a: Torkoal\n|\n|-weather|SunnyDay|[upkeep]\n|upkeep\n|turn|7\n|\n|t:|1699734878\n|switch|p1a: Heatran|Heatran, M|100\/100\n|-item|p1a: Heatran|Air Balloon\n|move|p2a: Mimikyu|Shadow Ball|p1a: Heatran\n|-damage|p1a: Heatran|58\/100\n|-unboost|p1a: Heatran|spd|1\n|-enditem|p1a: Heatran|Air Balloon\n|\n|-weather|SunnyDay|[upkeep]\n|-end|p2a: Mimikyu|move: Yawn|[silent]\n|-status|p2a: Mimikyu|slp\n|upkeep\n|turn|8\n|\n|t:|1699734889\n|cant|p2a: Mimikyu|slp\n|move|p1a: Heatran|Magma Storm|p2a: Mimikyu\n|-enditem|p2a: Mimikyu|Focus Sash\n|-damage|p2a: Mimikyu|1\/100 slp\n|-activate|p2a: Mimikyu|move: Magma Storm|[of] p1a: Heatran\n|replace|p2a: Zoroark|Zoroark-Hisui, F\n|-end|p2a: Zoroark|Illusion\n|\n|-weather|SunnyDay|[upkeep]\n|-damage|p2a: Zoroark|0 fnt|[from] move: Magma Storm|[partiallytrapped]\n|faint|p2a: Zoroark\n|upkeep\n|\n|t:|1699734900\n|switch|p2a: Mismagius|Mismagius, F|100\/100\n|turn|9\n|\n|t:|1699734906\n|move|p2a: Mismagius|Trick|p1a: Heatran\n|-activate|p2a: Mismagius|move: Trick|[of] p1a: Heatran\n|-item|p1a: Heatran|Choice Scarf|[from] move: Trick\n|-enditem|p2a: Mismagius|Choice Scarf|[silent]|[from] move: Trick\n|move|p1a: Heatran|Toxic|p2a: Mismagius\n|-status|p2a: Mismagius|tox\n|\n|-weather|SunnyDay|[upkeep]\n|-damage|p2a: Mismagius|94\/100 tox|[from] psn\n|-sideend|p1: N3ROZ3RO|move: Light Screen\n|upkeep\n|turn|10\n|\n|t:|1699734918\n|switch|p1a: Rotom|Rotom-Heat, shiny|100\/100\n|move|p2a: Mismagius|Shadow Ball|p1a: Rotom\n|-damage|p1a: Rotom|69\/100\n|\n|-weather|SunnyDay|[upkeep]\n|-damage|p2a: Mismagius|82\/100 tox|[from] psn\n|-sideend|p1: N3ROZ3RO|Reflect\n|upkeep\n|turn|11\n|\n|t:|1699734928\n|move|p2a: Mismagius|Shadow Ball|p1a: Rotom\n|-damage|p1a: Rotom|37\/100\n|move|p1a: Rotom|Light Screen|p1a: Rotom\n|-sidestart|p1: N3ROZ3RO|move: Light Screen\n|\n|-weather|none\n|-damage|p2a: Mismagius|64\/100 tox|[from] psn\n|upkeep\n|turn|12\n|\n|t:|1699734937\n|move|p2a: Mismagius|Shadow Ball|p1a: Rotom\n|-damage|p1a: Rotom|21\/100\n|move|p1a: Rotom|Volt Switch|p2a: Mismagius\n|-damage|p2a: Mismagius|30\/100 tox\n|\n|t:|1699734940\n|switch|p1a: Torkoal|Torkoal, M, shiny|84\/100|[from] Volt Switch\n|-damage|p1a: Torkoal|67\/100|[from] Spikes\n|-weather|SunnyDay|[from] ability: Drought|[of] p1a: Torkoal\n|\n|-weather|SunnyDay|[upkeep]\n|-damage|p2a: Mismagius|6\/100 tox|[from] psn\n|upkeep\n|turn|13\n|\n|t:|1699734943\n|move|p2a: Mismagius|Destiny Bond|p2a: Mismagius\n|-singlemove|p2a: Mismagius|Destiny Bond\n|move|p1a: Torkoal|Flamethrower|p2a: Mismagius\n|-damage|p2a: Mismagius|0 fnt\n|faint|p2a: Mismagius\n|-activate|p2a: Mismagius|move: Destiny Bond\n|faint|p1a: Torkoal\n|\n|-weather|SunnyDay|[upkeep]\n|upkeep\n|\n|t:|1699734967\n|switch|p2a: Ceruledge|Ceruledge, F|100\/100\n|switch|p1a: Heatran|Heatran, M|58\/100\n|-damage|p1a: Heatran|42\/100|[from] Spikes\n|turn|14\n|c|\u2606Jor99fran|como te parecio la kamikaze? xd\n|\n|t:|1699734981\n|move|p1a: Heatran|Toxic|p2a: Ceruledge\n|-status|p2a: Ceruledge|tox\n|move|p2a: Ceruledge|Swords Dance|p2a: Ceruledge\n|-boost|p2a: Ceruledge|atk|2\n|\n|-weather|SunnyDay|[upkeep]\n|-damage|p2a: Ceruledge|94\/100 tox|[from] psn\n|upkeep\n|turn|15\n|\n|t:|1699734993\n|switch|p1a: Rotom|Rotom-Heat, shiny|21\/100\n|move|p2a: Ceruledge|Close Combat|p1a: Rotom\n|-damage|p1a: Rotom|0 fnt\n|-unboost|p2a: Ceruledge|def|1\n|-unboost|p2a: Ceruledge|spd|1\n|faint|p1a: Rotom\n|\n|-weather|SunnyDay|[upkeep]\n|-damage|p2a: Ceruledge|82\/100 tox|[from] psn\n|upkeep\n|\n|t:|1699735005\n|switch|p1a: Heatran|Heatran, M|42\/100\n|-damage|p1a: Heatran|26\/100|[from] Spikes\n|turn|16\n|\n|t:|1699735009\n|move|p2a: Ceruledge|Shadow Sneak|p1a: Heatran\n|-damage|p1a: Heatran|0 fnt\n|faint|p1a: Heatran\n|\n|-weather|SunnyDay|[upkeep]\n|-damage|p2a: Ceruledge|63\/100 tox|[from] psn\n|upkeep\n|\n|t:|1699735035\n|switch|p1a: Iron Moth|Iron Moth|100\/100\n|-damage|p1a: Iron Moth|84\/100|[from] Spikes\n|-enditem|p1a: Iron Moth|Booster Energy\n|-activate|p1a: Iron Moth|ability: Quark Drive|[fromitem]\n|-start|p1a: Iron Moth|quarkdrivespa\n|turn|17\n|\n|t:|1699735040\n|move|p1a: Iron Moth|Sludge Wave|p2a: Ceruledge\n|-resisted|p2a: Ceruledge\n|-damage|p2a: Ceruledge|4\/100 tox\n|move|p2a: Ceruledge|Close Combat|p1a: Iron Moth\n|-resisted|p1a: Iron Moth\n|-damage|p1a: Iron Moth|20\/100\n|-unboost|p2a: Ceruledge|def|1\n|-unboost|p2a: Ceruledge|spd|1\n|\n|-weather|SunnyDay|[upkeep]\n|-damage|p2a: Ceruledge|0 fnt|[from] psn\n|faint|p2a: Ceruledge\n|upkeep\n|c|\u2606Jor99fran|uff\n|\n|t:|1699735054\n|switch|p2a: Typhlosion|Typhlosion-Hisui, M|100\/100\n|turn|18\n|\n|t:|1699735059\n|move|p1a: Iron Moth|Sludge Wave|p2a: Typhlosion\n|-resisted|p2a: Typhlosion\n|-damage|p2a: Typhlosion|50\/100\n|-status|p2a: Typhlosion|psn\n|move|p2a: Typhlosion|Infernal Parade|p1a: Iron Moth\n|-damage|p1a: Iron Moth|5\/100\n|\n|-weather|SunnyDay|[upkeep]\n|-damage|p2a: Typhlosion|38\/100 psn|[from] psn\n|-sideend|p1: N3ROZ3RO|move: Light Screen\n|upkeep\n|turn|19\n|\n|t:|1699735066\n|move|p1a: Iron Moth|Sludge Wave|p2a: Typhlosion\n|-resisted|p2a: Typhlosion\n|-damage|p2a: Typhlosion|0 fnt\n|faint|p2a: Typhlosion\n|\n|-weather|none\n|upkeep\n|\n|t:|1699735070\n|switch|p2a: Mimikyu|Mimikyu, M|100\/100\n|turn|20\n|\n|t:|1699735074\n|move|p2a: Mimikyu|Shadow Sneak|p1a: Iron Moth\n|-damage|p1a: Iron Moth|0 fnt\n|faint|p1a: Iron Moth\n|-end|p1a: Iron Moth|Quark Drive|[silent]\n|-damage|p2a: Mimikyu|91\/100|[from] item: Life Orb\n|\n|upkeep\n|\n|t:|1699735076\n|switch|p1a: Charizard|Charizard, M, shiny|100\/100\n|turn|21\n|\n|t:|1699735083\n|detailschange|p1a: Charizard|Charizard-Mega-Y, M, shiny\n|-mega|p1a: Charizard|Charizard|Charizardite Y\n|-weather|SunnyDay|[from] ability: Drought|[of] p1a: Charizard\n|move|p1a: Charizard|Solar Beam||[still]\n|-prepare|p1a: Charizard|Solar Beam\n|-anim|p1a: Charizard|Solar Beam|p2a: Mimikyu\n|-activate|p2a: Mimikyu|ability: Disguise\n|-damage|p2a: Mimikyu|91\/100\n|detailschange|p2a: Mimikyu|Mimikyu-Busted, M\n|-damage|p2a: Mimikyu|78\/100|[from] pokemon: Mimikyu-Busted\n|move|p2a: Mimikyu|Swords Dance|p2a: Mimikyu\n|-boost|p2a: Mimikyu|atk|2\n|\n|-weather|SunnyDay|[upkeep]\n|upkeep\n|turn|22\n|\n|t:|1699735093\n|move|p1a: Charizard|Fire Blast|p2a: Mimikyu\n|-damage|p2a: Mimikyu|0 fnt\n|faint|p2a: Mimikyu\n|\n|win|N3ROZ3RO\n|c|\u2606Jor99fran|gg xd\n|c|\u2606N3ROZ3RO|gg\n|c|\u2606Jor99fran|fue re\u00f1ido al final\n|c|\u2606Jor99fran|voy a mandarselo a antsu\n","uploadtime":1699735116,"views":7,"p1id":"n3roz3ro","p2id":"jor99fran","formatid":"gen9nationaldex","rating":0,"private":0,"password":""}