{"id":"gen9nationaldex-1992597344","p1":"ZenKei","p2":"skrappr1","format":"[Gen 9] National Dex","log":"|j|\u2606ZenKei\n|j|\u2606skrappr1\n|t:|1700212207\n|gametype|singles\n|player|p1|ZenKei|1|1113\n|player|p2|skrappr1|brycenman|1071\n|teamsize|p1|6\n|teamsize|p2|6\n|gen|9\n|tier|[Gen 9] National Dex\n|rated|\n|rule|HP Percentage Mod: HP is shown in percentages\n|rule|Endless Battle Clause: Forcing endless battles is banned\n|rule|OHKO Clause: OHKO moves are banned\n|rule|Evasion Clause: Evasion abilities, items, and moves are banned\n|rule|Evasion Abilities Clause: Evasion abilities are banned\n|rule|Evasion Items Clause: Evasion items are banned\n|rule|Evasion Moves Clause: Evasion moves are banned\n|rule|Species Clause: Limit one of each Pok\u00e9mon\n|rule|Sleep Clause Mod: Limit one foe put to sleep\n|clearpoke\n|poke|p1|Spinda, M|\n|poke|p1|Victini|\n|poke|p1|Araquanid, M|\n|poke|p1|Sigilyph, M|\n|poke|p1|Metagross|\n|poke|p1|Breloom, M|\n|poke|p2|Tyranitar, F|\n|poke|p2|Excadrill, M|\n|poke|p2|Dugtrio, F|\n|poke|p2|Gastrodon-East, F|\n|poke|p2|Lopunny, M|\n|poke|p2|Landorus-Therian, M|\n|teampreview\n|inactive|Battle timer is ON: inactive players will automatically lose when time's up. (requested by skrappr1)\n|\n|t:|1700212215\n|start\n|switch|p1a: Spinda|Spinda, M|100\/100\n|switch|p2a: Landorus|Landorus-Therian, M|100\/100\n|-ability|p2a: Landorus|Intimidate|boost\n|-boost|p1a: Spinda|atk|1\n|turn|1\n|c|\u2606skrappr1|fuck\n|\n|t:|1700212225\n|move|p1a: Spinda|Trick|p2a: Landorus\n|-activate|p1a: Spinda|move: Trick|[of] p2a: Landorus\n|-item|p2a: Landorus|Choice Scarf|[from] move: Trick\n|-enditem|p1a: Spinda|Choice Scarf|[silent]|[from] move: Trick\n|move|p2a: Landorus|Stealth Rock|p1a: Spinda\n|-sidestart|p1: ZenKei|move: Stealth Rock\n|\n|upkeep\n|turn|2\n|c|\u2606skrappr1|double fuck\n|c|\u2606ZenKei|v:\n|c|\u2606ZenKei|fvck all Landorus user !!!\n|inactive|skrappr1 has 120 seconds left.\n|\n|t:|1700212262\n|switch|p2a: Tyranitar|Tyranitar, F|100\/100\n|-weather|Sandstorm|[from] ability: Sand Stream|[of] p2a: Tyranitar\n|move|p1a: Spinda|Rapid Spin|p2a: Tyranitar\n|-resisted|p2a: Tyranitar\n|-damage|p2a: Tyranitar|94\/100\n|-unboost|p1a: Spinda|spe|1\n|-sideend|p1: ZenKei|Stealth Rock|[from] move: Rapid Spin|[of] p1a: Spinda\n|\n|-weather|Sandstorm|[upkeep]\n|-damage|p1a: Spinda|94\/100|[from] Sandstorm\n|upkeep\n|turn|3\n|c|\u2606skrappr1|fair enough\n|inactive|skrappr1 has 120 seconds left.\n|\n|t:|1700212275\n|move|p1a: Spinda|Skill Swap|p2a: Tyranitar\n|-activate|p1a: Spinda|move: Skill Swap|Sand Stream|Contrary|[of] p2a: Tyranitar\n|move|p2a: Tyranitar|Pursuit|p1a: Spinda\n|-damage|p1a: Spinda|55\/100\n|\n|-weather|Sandstorm|[upkeep]\n|-damage|p1a: Spinda|48\/100|[from] Sandstorm\n|upkeep\n|turn|4\n|inactive|skrappr1 has 120 seconds left.\n|\n|t:|1700212287\n|move|p2a: Tyranitar|Knock Off|p1a: Spinda\n|-damage|p1a: Spinda|0 fnt\n|faint|p1a: Spinda\n|\n|-weather|Sandstorm|[upkeep]\n|upkeep\n|\n|t:|1700212292\n|switch|p1a: Victini|Victini|100\/100\n|turn|5\n|\n|t:|1700212296\n|-terastallize|p1a: Victini|Flying\n|move|p1a: Victini|Skill Swap|p2a: Tyranitar\n|-activate|p1a: Victini|move: Skill Swap|Contrary|Victory Star|[of] p2a: Tyranitar\n|move|p2a: Tyranitar|Knock Off|p1a: Victini\n|-damage|p1a: Victini|61\/100\n|-enditem|p1a: Victini|Sitrus Berry|[from] move: Knock Off|[of] p2a: Tyranitar\n|\n|-weather|Sandstorm|[upkeep]\n|-damage|p1a: Victini|55\/100|[from] Sandstorm\n|upkeep\n|turn|6\n|\n|t:|1700212306\n|move|p1a: Victini|V-create|p2a: Tyranitar\n|-resisted|p2a: Tyranitar\n|-damage|p2a: Tyranitar|71\/100\n|-boost|p1a: Victini|spe|1\n|-boost|p1a: Victini|def|1\n|-boost|p1a: Victini|spd|1\n|move|p2a: Tyranitar|Ice Fang|p1a: Victini\n|-supereffective|p1a: Victini\n|-damage|p1a: Victini|30\/100\n|\n|-weather|Sandstorm|[upkeep]\n|-damage|p1a: Victini|24\/100|[from] Sandstorm\n|upkeep\n|turn|7\n|c|\u2606skrappr1|i like your strategy\n|\n|t:|1700212323\n|move|p1a: Victini|V-create|p2a: Tyranitar\n|-resisted|p2a: Tyranitar\n|-damage|p2a: Tyranitar|48\/100\n|-boost|p1a: Victini|spe|1\n|-boost|p1a: Victini|def|1\n|-boost|p1a: Victini|spd|1\n|move|p2a: Tyranitar|Ice Fang|p1a: Victini\n|-supereffective|p1a: Victini\n|-damage|p1a: Victini|6\/100\n|\n|-weather|Sandstorm|[upkeep]\n|-damage|p1a: Victini|0 fnt|[from] Sandstorm\n|faint|p1a: Victini\n|upkeep\n|c|\u2606ZenKei|:( I hate LANDORUS\n|inactive|ZenKei has 120 seconds left.\n|\n|t:|1700212349\n|switch|p1a: Araquanid|Araquanid, M|100\/100\n|turn|8\n|c|\u2606skrappr1|i only picked it for intimidate man\n|inactive|skrappr1 has 120 seconds left.\n|c|\u2606skrappr1|i made this team because ttar\n|\n|t:|1700212377\n|move|p2a: Tyranitar|Knock Off|p1a: Araquanid\n|-damage|p1a: Araquanid|54\/100\n|-enditem|p1a: Araquanid|Mirror Herb|[from] move: Knock Off|[of] p2a: Tyranitar\n|move|p1a: Araquanid|Stockpile|p1a: Araquanid\n|-start|p1a: Araquanid|stockpile1\n|-boost|p1a: Araquanid|def|1\n|-boost|p1a: Araquanid|spd|1\n|\n|-weather|Sandstorm|[upkeep]\n|-damage|p1a: Araquanid|48\/100|[from] Sandstorm\n|upkeep\n|turn|9\n|inactive|skrappr1 has 120 seconds left.\n|inactive|ZenKei has 120 seconds left.\n|\n|t:|1700212394\n|move|p2a: Tyranitar|Knock Off|p1a: Araquanid\n|-damage|p1a: Araquanid|29\/100\n|move|p1a: Araquanid|Leech Life|p2a: Tyranitar\n|-supereffective|p2a: Tyranitar\n|-damage|p2a: Tyranitar|13\/100\n|-heal|p1a: Araquanid|49\/100|[from] drain|[of] p2a: Tyranitar\n|\n|-weather|none\n|upkeep\n|turn|10\n|\n|t:|1700212405\n|move|p2a: Tyranitar|Ice Fang|p1a: Araquanid\n|-resisted|p1a: Araquanid\n|-damage|p1a: Araquanid|43\/100\n|move|p1a: Araquanid|Leech Life|p2a: Tyranitar\n|-supereffective|p2a: Tyranitar\n|-damage|p2a: Tyranitar|0 fnt\n|-heal|p1a: Araquanid|50\/100|[from] drain|[of] p2a: Tyranitar\n|faint|p2a: Tyranitar\n|\n|upkeep\n|\n|t:|1700212413\n|switch|p2a: Lopunny|Lopunny, M|100\/100\n|turn|11\n|\n|t:|1700212418\n|detailschange|p2a: Lopunny|Lopunny-Mega, M\n|-mega|p2a: Lopunny|Lopunny|Lopunnite\n|move|p2a: Lopunny|Fake Out|p1a: Araquanid\n|-damage|p1a: Araquanid|39\/100\n|cant|p1a: Araquanid|flinch\n|\n|upkeep\n|turn|12\n|inactive|skrappr1 has 120 seconds left.\n|\n|t:|1700212432\n|move|p2a: Lopunny|Return|p1a: Araquanid\n|-damage|p1a: Araquanid|13\/100\n|move|p1a: Araquanid|Liquidation|p2a: Lopunny\n|-damage|p2a: Lopunny|41\/100\n|-unboost|p2a: Lopunny|def|1\n|\n|upkeep\n|turn|13\n|\n|t:|1700212443\n|move|p2a: Lopunny|U-turn|p1a: Araquanid\n|-damage|p1a: Araquanid|0 fnt\n|faint|p1a: Araquanid\n|\n|t:|1700212447\n|switch|p2a: Gastrodon|Gastrodon-East, F|100\/100|[from] U-turn\n|\n|upkeep\n|\n|t:|1700212451\n|switch|p1a: Breloom|Breloom, M|100\/100\n|turn|14\n|\n|t:|1700212457\n|move|p1a: Breloom|Spore|p2a: Gastrodon\n|-status|p2a: Gastrodon|slp|[from] move: Spore\n|cant|p2a: Gastrodon|slp\n|\n|-status|p1a: Breloom|tox|[from] item: Toxic Orb\n|upkeep\n|turn|15\n|inactive|skrappr1 has 120 seconds left.\n|\n|t:|1700212501\n|switch|p1a: Sigilyph|Sigilyph, M|100\/100\n|-curestatus|p2a: Gastrodon|slp|[msg]\n|move|p2a: Gastrodon|Memento|p1a: Sigilyph\n|-unboost|p1a: Sigilyph|atk|2\n|-unboost|p1a: Sigilyph|spa|2\n|faint|p2a: Gastrodon\n|\n|upkeep\n|\n|t:|1700212510\n|switch|p2a: Lopunny|Lopunny-Mega, M|41\/100\n|turn|16\n|\n|t:|1700212526\n|switch|p1a: Metagross|Metagross|100\/100\n|move|p2a: Lopunny|Fake Out|p1a: Metagross\n|-resisted|p1a: Metagross\n|-damage|p1a: Metagross|94\/100\n|\n|-heal|p1a: Metagross|99\/100|[from] item: Leftovers\n|upkeep\n|turn|17\n|\n|t:|1700212543\n|move|p2a: Lopunny|U-turn|p1a: Metagross\n|-damage|p1a: Metagross|85\/100\n|\n|t:|1700212546\n|switch|p2a: Landorus|Landorus-Therian, M|100\/100|[from] U-turn\n|-ability|p2a: Landorus|Intimidate|boost\n|-fail|p1a: Metagross|unboost|[from] ability: Clear Body|[of] p1a: Metagross\n|move|p1a: Metagross|Cosmic Power|p1a: Metagross\n|-boost|p1a: Metagross|def|1\n|-boost|p1a: Metagross|spd|1\n|\n|-heal|p1a: Metagross|91\/100|[from] item: Leftovers\n|upkeep\n|turn|18\n|\n|t:|1700212559\n|move|p2a: Landorus|Earthquake|p1a: Metagross\n|-supereffective|p1a: Metagross\n|-damage|p1a: Metagross|45\/100\n|move|p1a: Metagross|Cosmic Power|p1a: Metagross\n|-boost|p1a: Metagross|def|1\n|-boost|p1a: Metagross|spd|1\n|\n|-heal|p1a: Metagross|51\/100|[from] item: Leftovers\n|upkeep\n|turn|19\n|\n|t:|1700212576\n|move|p2a: Landorus|Earthquake|p1a: Metagross\n|-supereffective|p1a: Metagross\n|-damage|p1a: Metagross|18\/100\n|move|p1a: Metagross|Rest|p1a: Metagross\n|-status|p1a: Metagross|slp|[from] move: Rest\n|-heal|p1a: Metagross|100\/100 slp|[silent]\n|\n|upkeep\n|turn|20\n|\n|t:|1700212585\n|switch|p2a: Excadrill|Excadrill, M|100\/100\n|cant|p1a: Metagross|slp\n|\n|upkeep\n|turn|21\n|\n|t:|1700212591\n|move|p2a: Excadrill|Swords Dance|p2a: Excadrill\n|-boost|p2a: Excadrill|atk|2\n|cant|p1a: Metagross|slp\n|\n|upkeep\n|turn|22\n|\n|t:|1700212604\n|-zpower|p2a: Excadrill\n|move|p2a: Excadrill|Corkscrew Crash|p1a: Metagross|[zeffect]\n|-resisted|p1a: Metagross\n|-damage|p1a: Metagross|75\/100 slp\n|-curestatus|p1a: Metagross|slp|[msg]\n|move|p1a: Metagross|Meteor Mash|p2a: Excadrill\n|-resisted|p2a: Excadrill\n|-damage|p2a: Excadrill|71\/100\n|-boost|p1a: Metagross|atk|1\n|\n|-heal|p1a: Metagross|81\/100|[from] item: Leftovers\n|upkeep\n|turn|23\n|\n|t:|1700212622\n|move|p2a: Excadrill|Earthquake|p1a: Metagross\n|-supereffective|p1a: Metagross\n|-damage|p1a: Metagross|19\/100\n|move|p1a: Metagross|Meteor Mash|p2a: Excadrill\n|-resisted|p2a: Excadrill\n|-damage|p2a: Excadrill|32\/100\n|\n|-heal|p1a: Metagross|25\/100|[from] item: Leftovers\n|upkeep\n|turn|24\n|\n|t:|1700212630\n|move|p2a: Excadrill|Earthquake|p1a: Metagross\n|-supereffective|p1a: Metagross\n|-damage|p1a: Metagross|0 fnt\n|faint|p1a: Metagross\n|\n|upkeep\n|\n|t:|1700212635\n|switch|p1a: Sigilyph|Sigilyph, M|100\/100\n|turn|25\n|\n|t:|1700212640\n|move|p2a: Excadrill|Iron Head|p1a: Sigilyph\n|-damage|p1a: Sigilyph|17\/100\n|cant|p1a: Sigilyph|flinch\n|\n|-heal|p1a: Sigilyph|23\/100|[from] item: Leftovers\n|upkeep\n|turn|26\n|\n|t:|1700212649\n|move|p2a: Excadrill|Iron Head|p1a: Sigilyph\n|-damage|p1a: Sigilyph|0 fnt\n|faint|p1a: Sigilyph\n|\n|upkeep\n|\n|t:|1700212653\n|switch|p1a: Breloom|Breloom, M|100\/100 tox\n|turn|27\n|\n|t:|1700212657\n|move|p2a: Excadrill|Earthquake|p1a: Breloom\n|-resisted|p1a: Breloom\n|-damage|p1a: Breloom|30\/100 tox\n|move|p1a: Breloom|Spore|p2a: Excadrill\n|-status|p2a: Excadrill|slp|[from] move: Spore\n|\n|-heal|p1a: Breloom|42\/100 tox|[from] ability: Poison Heal\n|upkeep\n|turn|28\n|\n|t:|1700212667\n|switch|p2a: Dugtrio|Dugtrio, F|100\/100\n|move|p1a: Breloom|Substitute|p1a: Breloom\n|-start|p1a: Breloom|Substitute\n|-damage|p1a: Breloom|17\/100 tox\n|\n|-heal|p1a: Breloom|30\/100 tox|[from] ability: Poison Heal\n|upkeep\n|turn|29\n|\n|t:|1700212681\n|move|p2a: Dugtrio|Earthquake|p1a: Breloom\n|-resisted|p1a: Breloom\n|-end|p1a: Breloom|Substitute\n|move|p1a: Breloom|Spore|p2a: Dugtrio\n|-message|Sleep Clause Mod activated.\n|-hint|Sleep Clause Mod prevents players from putting more than one of their opponent's Pok\u00e9mon to sleep at a time\n|\n|-heal|p1a: Breloom|42\/100 tox|[from] ability: Poison Heal\n|upkeep\n|turn|30\n|\n|t:|1700212693\n|-terastallize|p2a: Dugtrio|Ground\n|move|p2a: Dugtrio|Earthquake|p1a: Breloom\n|-resisted|p1a: Breloom\n|-damage|p1a: Breloom|0 fnt\n|faint|p1a: Breloom\n|\n|win|skrappr1\n|raw|ZenKei's rating: 1113 &rarr; <strong>1085<\/strong><br \/>(-28 for losing)\n|raw|skrappr1's rating: 1071 &rarr; <strong>1104<\/strong><br \/>(+33 for winning)\n","uploadtime":1700212255,"views":4,"p1id":"zenkei","p2id":"skrappr1","formatid":"gen9nationaldex","rating":1085,"private":0,"password":""}