{"id":"gen9nationaldex-1993111279","p1":"feast festival","p2":"Tkgdyv","format":"[Gen 9] National Dex","log":"|j|\u2606feast festival\n|j|\u2606Tkgdyv\n|t:|1700266069\n|gametype|singles\n|player|p1|feast festival|265|1041\n|player|p2|Tkgdyv|lance|1043\n|teamsize|p1|6\n|teamsize|p2|6\n|gen|9\n|tier|[Gen 9] National Dex\n|rated|\n|rule|HP Percentage Mod: HP is shown in percentages\n|rule|Endless Battle Clause: Forcing endless battles is banned\n|rule|OHKO Clause: OHKO moves are banned\n|rule|Evasion Clause: Evasion abilities, items, and moves are banned\n|rule|Evasion Abilities Clause: Evasion abilities are banned\n|rule|Evasion Items Clause: Evasion items are banned\n|rule|Evasion Moves Clause: Evasion moves are banned\n|rule|Species Clause: Limit one of each Pok\u00e9mon\n|rule|Sleep Clause Mod: Limit one foe put to sleep\n|clearpoke\n|poke|p1|Braviary-Hisui, M|\n|poke|p1|Tropius, F|\n|poke|p1|Conkeldurr, M|\n|poke|p1|Sandaconda, F|\n|poke|p1|Persian-Alola, M|\n|poke|p1|Kingler, M|\n|poke|p2|Silvally-*|\n|poke|p2|Lycanroc-Midnight, M|\n|poke|p2|Umbreon, F|\n|poke|p2|Zoroark, F|\n|poke|p2|Lucario, F|\n|poke|p2|Nihilego|\n|teampreview\n|inactive|Battle timer is ON: inactive players will automatically lose when time's up. (requested by Tkgdyv)\n|\n|t:|1700266093\n|start\n|switch|p1a: Persian|Persian-Alola, M|100\/100\n|switch|p2a: Umbreon|Umbreon, F|100\/100\n|turn|1\n|\n|t:|1700266102\n|move|p1a: Persian|Fake Out|p2a: Umbreon\n|-damage|p2a: Umbreon|90\/100\n|cant|p2a: Umbreon|flinch\n|\n|-heal|p2a: Umbreon|96\/100|[from] item: Leftovers\n|upkeep\n|turn|2\n|\n|t:|1700266113\n|move|p1a: Persian|Hypnosis|p2a: Umbreon\n|-status|p2a: Umbreon|slp|[from] move: Hypnosis\n|cant|p2a: Umbreon|slp\n|\n|-heal|p2a: Umbreon|100\/100 slp|[from] item: Leftovers\n|upkeep\n|turn|3\n|\n|t:|1700266125\n|switch|p2a: Lucario|Lucario, F|100\/100\n|move|p1a: Persian|Parting Shot|p2a: Lucario\n|-unboost|p2a: Lucario|atk|1\n|-unboost|p2a: Lucario|spa|1\n|\n|t:|1700266144\n|switch|p1a: Conkeldurr|Conkeldurr, M|100\/100|[from] Parting Shot\n|\n|-status|p1a: Conkeldurr|brn|[from] item: Flame Orb\n|upkeep\n|turn|4\n|\n|t:|1700266153\n|move|p2a: Lucario|Calm Mind|p2a: Lucario\n|-boost|p2a: Lucario|spa|1\n|-boost|p2a: Lucario|spd|1\n|move|p1a: Conkeldurr|Drain Punch|p2a: Lucario\n|-supereffective|p2a: Lucario\n|-damage|p2a: Lucario|0 fnt\n|faint|p2a: Lucario\n|\n|-damage|p1a: Conkeldurr|94\/100 brn|[from] brn\n|upkeep\n|\n|t:|1700266156\n|switch|p2a: Umbreon|Umbreon, F|100\/100 slp\n|turn|5\n|\n|t:|1700266176\n|cant|p2a: Umbreon|slp\n|move|p1a: Conkeldurr|Drain Punch|p2a: Umbreon\n|-supereffective|p2a: Umbreon\n|-damage|p2a: Umbreon|0 fnt\n|-heal|p1a: Conkeldurr|100\/100 brn|[from] drain|[of] p2a: Umbreon\n|faint|p2a: Umbreon\n|\n|-damage|p1a: Conkeldurr|94\/100 brn|[from] brn\n|upkeep\n|\n|t:|1700266181\n|switch|p2a: Silvally|Silvally-Water|100\/100\n|turn|6\n|\n|t:|1700266195\n|move|p2a: Silvally|Sludge Bomb|p1a: Conkeldurr\n|-damage|p1a: Conkeldurr|57\/100 brn\n|move|p1a: Conkeldurr|Facade|p2a: Silvally\n|-enditem|p2a: Silvally|Focus Sash\n|-damage|p2a: Silvally|1\/100\n|replace|p2a: Zoroark|Zoroark, F\n|-end|p2a: Zoroark|Illusion\n|\n|-damage|p1a: Conkeldurr|51\/100 brn|[from] brn\n|upkeep\n|turn|7\n|\n|t:|1700266208\n|move|p1a: Conkeldurr|Mach Punch|p2a: Zoroark\n|-supereffective|p2a: Zoroark\n|-damage|p2a: Zoroark|0 fnt\n|faint|p2a: Zoroark\n|\n|-damage|p1a: Conkeldurr|45\/100 brn|[from] brn\n|upkeep\n|\n|t:|1700266216\n|switch|p2a: Nihilego|Nihilego, shiny|100\/100\n|turn|8\n|\n|t:|1700266223\n|move|p2a: Nihilego|Dazzling Gleam|p1a: Conkeldurr\n|-supereffective|p1a: Conkeldurr\n|-damage|p1a: Conkeldurr|0 fnt\n|faint|p1a: Conkeldurr\n|-ability|p2a: Nihilego|Beast Boost|boost\n|-boost|p2a: Nihilego|spa|1\n|\n|upkeep\n|\n|t:|1700266232\n|switch|p1a: Braviary|Braviary-Hisui, M|100\/100\n|turn|9\n|\n|t:|1700266238\n|move|p2a: Nihilego|Power Gem|p1a: Braviary\n|-supereffective|p1a: Braviary\n|-damage|p1a: Braviary|0 fnt\n|faint|p1a: Braviary\n|-ability|p2a: Nihilego|Beast Boost|boost\n|-boost|p2a: Nihilego|spa|1\n|\n|upkeep\n|\n|t:|1700266264\n|switch|p1a: Sandaconda|Sandaconda, F|100\/100\n|turn|10\n|\n|t:|1700266269\n|move|p2a: Nihilego|Sludge Wave|p1a: Sandaconda\n|-resisted|p1a: Sandaconda\n|-damage|p1a: Sandaconda|27\/100\n|move|p1a: Sandaconda|Earthquake|p2a: Nihilego\n|-supereffective|p2a: Nihilego\n|-damage|p2a: Nihilego|0 fnt\n|faint|p2a: Nihilego\n|\n|-heal|p1a: Sandaconda|33\/100|[from] item: Leftovers\n|upkeep\n|\n|t:|1700266273\n|switch|p2a: Silvally|Silvally-Water|100\/100\n|turn|11\n|\n|t:|1700266284\n|move|p2a: Silvally|Multi-Attack|p1a: Sandaconda\n|-supereffective|p1a: Sandaconda\n|-damage|p1a: Sandaconda|0 fnt\n|faint|p1a: Sandaconda\n|\n|upkeep\n|\n|t:|1700266302\n|switch|p1a: Persian|Persian-Alola, M|100\/100\n|turn|12\n|\n|t:|1700266313\n|move|p1a: Persian|Fake Out|p2a: Silvally\n|-damage|p2a: Silvally|87\/100\n|cant|p2a: Silvally|flinch\n|\n|upkeep\n|turn|13\n|\n|t:|1700266319\n|move|p1a: Persian|Hypnosis|p2a: Silvally\n|-status|p2a: Silvally|slp|[from] move: Hypnosis\n|cant|p2a: Silvally|slp\n|\n|upkeep\n|turn|14\n|\n|t:|1700266327\n|move|p1a: Persian|Parting Shot|p2a: Silvally\n|-unboost|p2a: Silvally|atk|1\n|-unboost|p2a: Silvally|spa|1\n|\n|t:|1700266331\n|switch|p1a: Kingler|Kingler, M|100\/100|[from] Parting Shot\n|-curestatus|p2a: Silvally|slp|[msg]\n|move|p2a: Silvally|X-Scissor|p1a: Kingler\n|-damage|p1a: Kingler|82\/100\n|\n|upkeep\n|turn|15\n|\n|t:|1700266340\n|move|p2a: Silvally|Crush Claw|p1a: Kingler\n|-damage|p1a: Kingler|64\/100\n|move|p1a: Kingler|Agility|p1a: Kingler\n|-boost|p1a: Kingler|spe|2\n|\n|upkeep\n|turn|16\n|\n|t:|1700266347\n|switch|p2a: Lycanroc|Lycanroc-Midnight, M|100\/100\n|move|p1a: Kingler|Swords Dance|p1a: Kingler\n|-boost|p1a: Kingler|atk|2\n|\n|upkeep\n|turn|17\n|\n|t:|1700266355\n|-terastallize|p1a: Kingler|Water\n|move|p1a: Kingler|Crabhammer|p2a: Lycanroc\n|-supereffective|p2a: Lycanroc\n|-damage|p2a: Lycanroc|0 fnt\n|faint|p2a: Lycanroc\n|\n|upkeep\n|\n|t:|1700266360\n|switch|p2a: Silvally|Silvally-Water|87\/100\n|turn|18\n|\n|t:|1700266372\n|-terastallize|p2a: Silvally|Water\n|move|p1a: Kingler|Superpower|p2a: Silvally\n|-damage|p2a: Silvally|0 fnt\n|-unboost|p1a: Kingler|atk|1\n|-unboost|p1a: Kingler|def|1\n|faint|p2a: Silvally\n|\n|win|feast festival\n|raw|feast festival's rating: 1041 &rarr; <strong>1075<\/strong><br \/>(+34 for winning)\n|raw|Tkgdyv's rating: 1043 &rarr; <strong>1026<\/strong><br \/>(-17 for losing)\n|c|\u2606feast festival|gg\n|l|\u2606Tkgdyv\n","uploadtime":1700266390,"views":7,"p1id":"feastfestival","p2id":"tkgdyv","formatid":"gen9nationaldex","rating":1026,"private":0,"password":""}