{"id":"gen9nationaldex-1994219526","p1":"Sai4rr","p2":"ericmont","format":"[Gen 9] National Dex","log":"|j|\u2606Sai4rr\n|j|\u2606ericmont\n|t:|1700420246\n|gametype|singles\n|player|p1|Sai4rr|elesa|\n|player|p2|ericmont|bertha|\n|teamsize|p1|6\n|teamsize|p2|6\n|gen|9\n|tier|[Gen 9] National Dex\n|rule|HP Percentage Mod: HP is shown in percentages\n|rule|Endless Battle Clause: Forcing endless battles is banned\n|rule|OHKO Clause: OHKO moves are banned\n|rule|Evasion Clause: Evasion abilities, items, and moves are banned\n|rule|Evasion Abilities Clause: Evasion abilities are banned\n|rule|Evasion Items Clause: Evasion items are banned\n|rule|Evasion Moves Clause: Evasion moves are banned\n|rule|Species Clause: Limit one of each Pok\u00e9mon\n|rule|Sleep Clause Mod: Limit one foe put to sleep\n|clearpoke\n|poke|p1|Sneasler, F|\n|poke|p1|Medicham, M|\n|poke|p1|Greninja-*, M|\n|poke|p1|Dragonite, M|\n|poke|p1|Ferrothorn, M|\n|poke|p1|Cinderace, F|\n|poke|p2|Hippowdon, M|\n|poke|p2|Gastrodon, F|\n|poke|p2|Iron Moth|\n|poke|p2|Sandy Shocks|\n|poke|p2|Great Tusk|\n|poke|p2|Garchomp, M|\n|teampreview\n|\n|t:|1700420264\n|start\n|switch|p1a: Spike|Ferrothorn, M|100\/100\n|switch|p2a: Iron Moth|Iron Moth|100\/100\n|turn|1\n|\n|t:|1700420295\n|switch|p1a: ArribaEspa\u00f1a|Dragonite, M, shiny|100\/100\n|move|p2a: Iron Moth|Energy Ball|p1a: ArribaEspa\u00f1a\n|-resisted|p1a: ArribaEspa\u00f1a\n|-damage|p1a: ArribaEspa\u00f1a|96\/100\n|\n|upkeep\n|turn|2\n|\n|t:|1700420304\n|-terastallize|p2a: Iron Moth|Ice\n|move|p2a: Iron Moth|Tera Blast|p1a: ArribaEspa\u00f1a|[anim] Tera Blast Ice\n|-supereffective|p1a: ArribaEspa\u00f1a\n|-damage|p1a: ArribaEspa\u00f1a|0 fnt\n|faint|p1a: ArribaEspa\u00f1a\n|\n|upkeep\n|\n|t:|1700420311\n|switch|p1a: Lola|Cinderace, F|100\/100\n|turn|3\n|\n|t:|1700420319\n|-end|p2a: Iron Moth|Quark Drive|[silent]\n|switch|p2a: Gastrodon|Gastrodon, F|100\/100\n|move|p1a: Lola|Swords Dance|p1a: Lola\n|-start|p1a: Lola|typechange|Normal|[from] ability: Libero\n|-boost|p1a: Lola|atk|2\n|\n|upkeep\n|turn|4\n|\n|t:|1700420337\n|move|p1a: Lola|Swords Dance|p1a: Lola\n|-boost|p1a: Lola|atk|2\n|move|p2a: Gastrodon|Scald|p1a: Lola\n|-damage|p1a: Lola|64\/100\n|-status|p1a: Lola|brn\n|\n|-damage|p1a: Lola|58\/100 brn|[from] brn\n|upkeep\n|turn|5\n|\n|t:|1700420367\n|move|p1a: Lola|High Jump Kick|p2a: Gastrodon\n|-damage|p2a: Gastrodon|52\/100\n|move|p2a: Gastrodon|Scald|p1a: Lola\n|-damage|p1a: Lola|23\/100 brn\n|\n|-damage|p1a: Lola|17\/100 brn|[from] brn\n|upkeep\n|turn|6\n|\n|t:|1700420380\n|move|p1a: Lola|Acrobatics|p2a: Gastrodon\n|-damage|p2a: Gastrodon|32\/100\n|move|p2a: Gastrodon|Recover|p2a: Gastrodon\n|-heal|p2a: Gastrodon|82\/100\n|\n|-damage|p1a: Lola|11\/100 brn|[from] brn\n|upkeep\n|turn|7\n|j| Sylveon(404)\n|\n|t:|1700420393\n|move|p1a: Lola|High Jump Kick|p2a: Gastrodon\n|-damage|p2a: Gastrodon|36\/100\n|move|p2a: Gastrodon|Recover|p2a: Gastrodon\n|-heal|p2a: Gastrodon|86\/100\n|\n|-damage|p1a: Lola|5\/100 brn|[from] brn\n|upkeep\n|turn|8\n|\n|t:|1700420409\n|switch|p1a: Spike|Ferrothorn, M|100\/100\n|switch|p2a: Hippowdon|Hippowdon, M|100\/100\n|-weather|Sandstorm|[from] ability: Sand Stream|[of] p2a: Hippowdon\n|\n|-weather|Sandstorm|[upkeep]\n|upkeep\n|turn|9\n|\n|t:|1700420423\n|move|p2a: Hippowdon|Stealth Rock|p1a: Spike\n|-sidestart|p1: Sai4rr|move: Stealth Rock\n|move|p1a: Spike|Leech Seed|p2a: Hippowdon\n|-start|p2a: Hippowdon|move: Leech Seed\n|\n|-weather|Sandstorm|[upkeep]\n|-damage|p2a: Hippowdon|88\/100|[from] Leech Seed|[of] p1a: Spike\n|upkeep\n|turn|10\n|\n|t:|1700420437\n|switch|p2a: Garchomp|Garchomp, M|100\/100\n|move|p1a: Spike|Stealth Rock|p2a: Garchomp\n|-sidestart|p2: ericmont|move: Stealth Rock\n|\n|-weather|Sandstorm|[upkeep]\n|upkeep\n|turn|11\n|\n|t:|1700420451\n|detailschange|p2a: Garchomp|Garchomp-Mega, M\n|-mega|p2a: Garchomp|Garchomp|Garchompite\n|move|p2a: Garchomp|Scale Shot|p1a: Spike|[miss]\n|-miss|p2a: Garchomp|p1a: Spike\n|move|p1a: Spike|Leech Seed|p2a: Garchomp\n|-start|p2a: Garchomp|move: Leech Seed\n|\n|-weather|Sandstorm|[upkeep]\n|-damage|p2a: Garchomp|88\/100|[from] Leech Seed|[of] p1a: Spike\n|upkeep\n|turn|12\n|\n|t:|1700420466\n|switch|p2a: Iron Moth|Iron Moth, tera:Ice|100\/100\n|move|p1a: Spike|Power Whip|p2a: Iron Moth|[miss]\n|-miss|p1a: Spike|p2a: Iron Moth\n|\n|-weather|none\n|upkeep\n|turn|13\n|\n|t:|1700420486\n|move|p2a: Iron Moth|Fiery Dance|p1a: Spike\n|-supereffective|p1a: Spike\n|-damage|p1a: Spike|0 fnt\n|faint|p1a: Spike\n|\n|upkeep\n|\n|t:|1700420499\n|switch|p1a: Mediputas|Medicham, M, shiny|100\/100\n|-damage|p1a: Mediputas|94\/100|[from] Stealth Rock\n|turn|14\n|c| Sylveon(404)|tenes air slash?\n|c|\u2606Sai4rr|No\n|\n|t:|1700420535\n|detailschange|p1a: Mediputas|Medicham-Mega, M, shiny\n|-mega|p1a: Mediputas|Medicham|Medichamite\n|move|p1a: Mediputas|Fake Out|p2a: Iron Moth\n|-crit|p2a: Iron Moth\n|-damage|p2a: Iron Moth|39\/100\n|cant|p2a: Iron Moth|flinch\n|\n|upkeep\n|turn|15\n|c|\u2606ericmont|Dios\n|\n|t:|1700420548\n|move|p2a: Iron Moth|Sludge Wave|p1a: Mediputas\n|-damage|p1a: Mediputas|10\/100\n|move|p1a: Mediputas|Close Combat|p2a: Iron Moth\n|-supereffective|p2a: Iron Moth\n|-damage|p2a: Iron Moth|0 fnt\n|-unboost|p1a: Mediputas|def|1\n|-unboost|p1a: Mediputas|spd|1\n|faint|p2a: Iron Moth\n|-end|p2a: Iron Moth|Quark Drive|[silent]\n|\n|upkeep\n|c| Sylveon(404)|como pega\n|\n|t:|1700420556\n|switch|p2a: Great Tusk|Great Tusk|100\/100\n|-damage|p2a: Great Tusk|98\/100|[from] Stealth Rock\n|turn|16\n|\n|t:|1700420563\n|move|p2a: Great Tusk|Rapid Spin|p1a: Mediputas\n|-damage|p1a: Mediputas|0 fnt\n|-boost|p2a: Great Tusk|spe|1\n|-sideend|p2: ericmont|Stealth Rock|[from] move: Rapid Spin|[of] p2a: Great Tusk\n|faint|p1a: Mediputas\n|\n|upkeep\n|\n|t:|1700420576\n|switch|p1a: Yosuke|Greninja, M|100\/100\n|-damage|p1a: Yosuke|88\/100|[from] Stealth Rock\n|turn|17\n|\n|t:|1700420582\n|-end|p2a: Great Tusk|Protosynthesis|[silent]\n|switch|p2a: Gastrodon|Gastrodon, F|86\/100\n|move|p1a: Yosuke|Water Shuriken|p2a: Gastrodon\n|-ability|p2a: Gastrodon|Storm Drain|boost\n|-boost|p2a: Gastrodon|spa|1\n|\n|upkeep\n|turn|18\n|\n|t:|1700420594\n|switch|p1a: La veneno|Sneasler, F, shiny|100\/100\n|-damage|p1a: La veneno|95\/100|[from] Stealth Rock\n|move|p2a: Gastrodon|Scald|p1a: La veneno\n|-damage|p1a: La veneno|40\/100\n|\n|upkeep\n|turn|19\n|\n|t:|1700420610\n|-terastallize|p1a: La veneno|Flying\n|move|p1a: La veneno|Dire Claw|p2a: Gastrodon\n|-resisted|p2a: Gastrodon\n|-damage|p2a: Gastrodon|70\/100\n|move|p2a: Gastrodon|Scald|p1a: La veneno\n|-damage|p1a: La veneno|0 fnt\n|faint|p1a: La veneno\n|\n|upkeep\n|c|\u2606ericmont|A(?\n|\n|t:|1700420620\n|switch|p1a: Yosuke|Greninja, M|88\/100\n|-damage|p1a: Yosuke|76\/100|[from] Stealth Rock\n|turn|20\n|c|\u2606ericmont|Grass knot?\n|\n|t:|1700420632\n|move|p1a: Yosuke|Dark Pulse|p2a: Gastrodon\n|-damage|p2a: Gastrodon|22\/100\n|cant|p2a: Gastrodon|flinch\n|\n|upkeep\n|turn|21\n|c|\u2606ericmont|Waos\n|\n|t:|1700420640\n|switch|p2a: Great Tusk|Great Tusk|98\/100\n|move|p1a: Yosuke|Dark Pulse|p2a: Great Tusk\n|-resisted|p2a: Great Tusk\n|-damage|p2a: Great Tusk|55\/100\n|\n|upkeep\n|turn|22\n|\n|t:|1700420653\n|move|p2a: Great Tusk|Headlong Rush|p1a: Yosuke\n|-damage|p1a: Yosuke|0 fnt\n|-unboost|p2a: Great Tusk|def|1\n|-unboost|p2a: Great Tusk|spd|1\n|faint|p1a: Yosuke\n|\n|upkeep\n|\n|t:|1700420660\n|switch|p1a: Lola|Cinderace, F|5\/100 brn\n|turn|23\n|c| Sylveon(404)|5-0?\n|\n|t:|1700420669\n|move|p2a: Great Tusk|Headlong Rush|p1a: Lola\n|-supereffective|p1a: Lola\n|-damage|p1a: Lola|0 fnt\n|-unboost|p2a: Great Tusk|def|1\n|-unboost|p2a: Great Tusk|spd|1\n|faint|p1a: Lola\n|\n|win|ericmont\n","uploadtime":1700420673,"views":5,"p1id":"sai4rr","p2id":"ericmont","formatid":"gen9nationaldex","rating":0,"private":0,"password":""}