{"id":"gen9nationaldex-1995552782","p1":"qisama","p2":"WHEREisONE\u561e","format":"[Gen 9] National Dex","log":"|html|<div class=\"broadcast-blue\"><strong>[Gen 9] National Dex is currently suspecting Sneasler! For information on how to participate check out the <a href=\"https:\/\/www.smogon.com\/forums\/threads\/sv-national-dex-suspect-8-just-dance.3731534\/\">suspect thread<\/a>.<\/strong><\/div>\n|j|\u2606qisama\n|j|\u2606WHEREisONE\u561e\n|t:|1700582260\n|gametype|singles\n|player|p1|qisama|winona|1412\n|player|p2|WHEREisONE\u561e|acetrainersnow|1406\n|teamsize|p1|6\n|teamsize|p2|6\n|gen|9\n|tier|[Gen 9] National Dex\n|rated|\n|rule|HP Percentage Mod: HP is shown in percentages\n|rule|Endless Battle Clause: Forcing endless battles is banned\n|rule|OHKO Clause: OHKO moves are banned\n|rule|Evasion Clause: Evasion abilities, items, and moves are banned\n|rule|Evasion Abilities Clause: Evasion abilities are banned\n|rule|Evasion Items Clause: Evasion items are banned\n|rule|Evasion Moves Clause: Evasion moves are banned\n|rule|Species Clause: Limit one of each Pok\u00e9mon\n|rule|Sleep Clause Mod: Limit one foe put to sleep\n|clearpoke\n|poke|p1|Iron Valiant|\n|poke|p1|Pinsir, M|\n|poke|p1|Ogerpon-Wellspring, F|\n|poke|p1|Tapu Lele|\n|poke|p1|Zapdos-Galar|\n|poke|p1|Iron Treads|\n|poke|p2|Diancie|\n|poke|p2|Ferrothorn, M|\n|poke|p2|Garchomp, M|\n|poke|p2|Alomomola, F|\n|poke|p2|Moltres|\n|poke|p2|Bisharp, M|\n|teampreview\n|inactive|Battle timer is ON: inactive players will automatically lose when time's up. (requested by WHEREisONE\u561e)\n|\n|t:|1700582265\n|start\n|switch|p1a: Iron Treads|Iron Treads|100\/100\n|switch|p2a: \u8482\u5b89\u5e0c|Diancie|100\/100\n|turn|1\n|\n|t:|1700582273\n|switch|p2a: \u706b\u7130\u9e1f|Moltres|100\/100\n|move|p1a: Iron Treads|Earthquake|p2a: \u706b\u7130\u9e1f\n|-immune|p2a: \u706b\u7130\u9e1f\n|\n|upkeep\n|turn|2\n|\n|t:|1700582278\n|move|p1a: Iron Treads|Stealth Rock|p2a: \u706b\u7130\u9e1f\n|-sidestart|p2: WHEREisONE\u561e|move: Stealth Rock\n|move|p2a: \u706b\u7130\u9e1f|Flamethrower|p1a: Iron Treads\n|-supereffective|p1a: Iron Treads\n|-damage|p1a: Iron Treads|3\/100\n|\n|upkeep\n|turn|3\n|\n|t:|1700582284\n|move|p1a: Iron Treads|Endeavor|p2a: \u706b\u7130\u9e1f\n|-damage|p2a: \u706b\u7130\u9e1f|2\/100\n|move|p2a: \u706b\u7130\u9e1f|Defog|p1a: Iron Treads\n|-unboost|p1a: Iron Treads|evasion|1\n|-sideend|p2: WHEREisONE\u561e|Stealth Rock|[from] move: Defog|[of] p2a: \u706b\u7130\u9e1f\n|\n|upkeep\n|turn|4\n|\n|t:|1700582290\n|move|p1a: Iron Treads|Rapid Spin|p2a: \u706b\u7130\u9e1f\n|-damage|p2a: \u706b\u7130\u9e1f|0 fnt\n|-boost|p1a: Iron Treads|spe|1\n|faint|p2a: \u706b\u7130\u9e1f\n|\n|upkeep\n|\n|t:|1700582296\n|switch|p2a: \u5730\u9f99|Garchomp, M|100\/100\n|turn|5\n|\n|t:|1700582303\n|move|p1a: Iron Treads|Endeavor|p2a: \u5730\u9f99\n|-damage|p2a: \u5730\u9f99|2\/100\n|-damage|p1a: Iron Treads|0 fnt|[from] ability: Rough Skin|[of] p2a: \u5730\u9f99\n|faint|p1a: Iron Treads\n|-end|p1a: Iron Treads|Quark Drive|[silent]\n|move|p2a: \u5730\u9f99|Scale Shot|p1: Iron Treads|[notarget]\n|-fail|p2a: \u5730\u9f99\n|\n|upkeep\n|\n|t:|1700582315\n|switch|p1a: Pinsir|Pinsir, M|100\/100\n|turn|6\n|\n|t:|1700582319\n|switch|p2a: \u4fdd\u59c6\u66fc\u6ce2|Alomomola, F|100\/100\n|move|p1a: Pinsir|Quick Attack|p2a: \u4fdd\u59c6\u66fc\u6ce2\n|-damage|p2a: \u4fdd\u59c6\u66fc\u6ce2|92\/100\n|\n|upkeep\n|turn|7\n|\n|t:|1700582324\n|detailschange|p1a: Pinsir|Pinsir-Mega, M\n|-mega|p1a: Pinsir|Pinsir|Pinsirite\n|move|p1a: Pinsir|Swords Dance|p1a: Pinsir\n|-boost|p1a: Pinsir|atk|2\n|move|p2a: \u4fdd\u59c6\u66fc\u6ce2|Wish|p2a: \u4fdd\u59c6\u66fc\u6ce2\n|\n|upkeep\n|turn|8\n|\n|t:|1700582328\n|move|p1a: Pinsir|Swords Dance|p1a: Pinsir\n|-boost|p1a: Pinsir|atk|2\n|move|p2a: \u4fdd\u59c6\u66fc\u6ce2|Flip Turn|p1a: Pinsir\n|-damage|p1a: Pinsir|85\/100\n|\n|t:|1700582334\n|switch|p2a: \u5730\u9f99|Garchomp, M|2\/100|[from] Flip Turn\n|\n|-heal|p2a: \u5730\u9f99|69\/100|[from] move: Wish|[wisher] \u4fdd\u59c6\u66fc\u6ce2\n|upkeep\n|turn|9\n|\n|t:|1700582339\n|move|p1a: Pinsir|Return|p2a: \u5730\u9f99\n|-damage|p2a: \u5730\u9f99|0 fnt\n|-damage|p1a: Pinsir|72\/100|[from] ability: Rough Skin|[of] p2a: \u5730\u9f99\n|faint|p2a: \u5730\u9f99\n|\n|upkeep\n|\n|t:|1700582344\n|switch|p2a: \u8482\u5b89\u5e0c|Diancie|100\/100\n|turn|10\n|\n|t:|1700582352\n|detailschange|p2a: \u8482\u5b89\u5e0c|Diancie-Mega\n|-mega|p2a: \u8482\u5b89\u5e0c|Diancie|Diancite\n|move|p1a: Pinsir|Quick Attack|p2a: \u8482\u5b89\u5e0c\n|-resisted|p2a: \u8482\u5b89\u5e0c\n|-damage|p2a: \u8482\u5b89\u5e0c|38\/100\n|move|p2a: \u8482\u5b89\u5e0c|Diamond Storm|p1a: Pinsir\n|-supereffective|p1a: Pinsir\n|-damage|p1a: Pinsir|0 fnt\n|faint|p1a: Pinsir\n|\n|upkeep\n|\n|t:|1700582357\n|switch|p1a: Ogerpon|Ogerpon-Wellspring, F|100\/100\n|turn|11\n|\n|t:|1700582364\n|move|p1a: Ogerpon|Ivy Cudgel|p2a: \u8482\u5b89\u5e0c|[anim] Ivy Cudgel Water\n|-supereffective|p2a: \u8482\u5b89\u5e0c\n|-damage|p2a: \u8482\u5b89\u5e0c|0 fnt\n|faint|p2a: \u8482\u5b89\u5e0c\n|\n|upkeep\n|\n|t:|1700582367\n|switch|p2a: \u8349\u94a2|Ferrothorn, M|100\/100\n|turn|12\n|\n|t:|1700582373\n|switch|p1a: Tapu Lele|Tapu Lele|100\/100\n|-fieldstart|move: Psychic Terrain|[from] ability: Psychic Surge|[of] p1a: Tapu Lele\n|move|p2a: \u8349\u94a2|Gyro Ball|p1a: Tapu Lele\n|-supereffective|p1a: Tapu Lele\n|-damage|p1a: Tapu Lele|0 fnt\n|faint|p1a: Tapu Lele\n|\n|upkeep\n|\n|t:|1700582375\n|switch|p1a: Zapdos|Zapdos-Galar|100\/100\n|turn|13\n|\n|t:|1700582381\n|switch|p2a: \u4fdd\u59c6\u66fc\u6ce2|Alomomola, F|100\/100\n|move|p1a: Zapdos|Thunderous Kick|p2a: \u4fdd\u59c6\u66fc\u6ce2\n|-damage|p2a: \u4fdd\u59c6\u66fc\u6ce2|55\/100\n|-unboost|p2a: \u4fdd\u59c6\u66fc\u6ce2|def|1\n|\n|upkeep\n|turn|14\n|\n|t:|1700582397\n|move|p1a: Zapdos|Thunderous Kick|p2a: \u4fdd\u59c6\u66fc\u6ce2\n|-damage|p2a: \u4fdd\u59c6\u66fc\u6ce2|0 fnt\n|faint|p2a: \u4fdd\u59c6\u66fc\u6ce2\n|\n|upkeep\n|\n|t:|1700582400\n|switch|p2a: \u8349\u94a2|Ferrothorn, M|100\/100\n|turn|15\n|\n|t:|1700582405\n|-terastallize|p2a: \u8349\u94a2|Ghost\n|move|p1a: Zapdos|Thunderous Kick|p2a: \u8349\u94a2\n|-immune|p2a: \u8349\u94a2\n|move|p2a: \u8349\u94a2|Leech Seed|p1a: Zapdos\n|-start|p1a: Zapdos|move: Leech Seed\n|\n|-damage|p1a: Zapdos|88\/100|[from] Leech Seed|[of] p2a: \u8349\u94a2\n|upkeep\n|turn|16\n|\n|t:|1700582412\n|switch|p1a: Ogerpon|Ogerpon-Wellspring, F|100\/100\n|move|p2a: \u8349\u94a2|Gyro Ball|p1a: Ogerpon\n|-resisted|p1a: Ogerpon\n|-damage|p1a: Ogerpon|69\/100\n|\n|-fieldend|move: Psychic Terrain\n|upkeep\n|turn|17\n|\n|t:|1700582420\n|switch|p2a: \u5288\u65a9\u53f8\u4ee4|Bisharp, M|100\/100\n|move|p1a: Ogerpon|Swords Dance|p1a: Ogerpon\n|-boost|p1a: Ogerpon|atk|2\n|\n|upkeep\n|turn|18\n|\n|t:|1700582425\n|move|p2a: \u5288\u65a9\u53f8\u4ee4|Sucker Punch|p1a: Ogerpon\n|-damage|p1a: Ogerpon|19\/100\n|move|p1a: Ogerpon|Ivy Cudgel|p2a: \u5288\u65a9\u53f8\u4ee4|[anim] Ivy Cudgel Water\n|-damage|p2a: \u5288\u65a9\u53f8\u4ee4|13\/100\n|\n|upkeep\n|turn|19\n|\n|t:|1700582432\n|move|p2a: \u5288\u65a9\u53f8\u4ee4|Sucker Punch||[still]\n|-fail|p2a: \u5288\u65a9\u53f8\u4ee4\n|move|p1a: Ogerpon|Swords Dance|p1a: Ogerpon\n|-boost|p1a: Ogerpon|atk|2\n|\n|upkeep\n|turn|20\n|\n|t:|1700582436\n|move|p2a: \u5288\u65a9\u53f8\u4ee4|Sucker Punch||[still]\n|-fail|p2a: \u5288\u65a9\u53f8\u4ee4\n|move|p1a: Ogerpon|Swords Dance|p1a: Ogerpon\n|-boost|p1a: Ogerpon|atk|2\n|\n|upkeep\n|turn|21\n|\n|t:|1700582440\n|move|p2a: \u5288\u65a9\u53f8\u4ee4|Sucker Punch||[still]\n|-fail|p2a: \u5288\u65a9\u53f8\u4ee4\n|move|p1a: Ogerpon|Swords Dance|p1a: Ogerpon\n|-boost|p1a: Ogerpon|atk|0\n|\n|upkeep\n|turn|22\n|\n|t:|1700582443\n|move|p2a: \u5288\u65a9\u53f8\u4ee4|Sucker Punch||[still]\n|-fail|p2a: \u5288\u65a9\u53f8\u4ee4\n|move|p1a: Ogerpon|Swords Dance|p1a: Ogerpon\n|-boost|p1a: Ogerpon|atk|0\n|\n|upkeep\n|turn|23\n|\n|t:|1700582450\n|move|p1a: Ogerpon|Ivy Cudgel|p2a: \u5288\u65a9\u53f8\u4ee4|[anim] Ivy Cudgel Water\n|-damage|p2a: \u5288\u65a9\u53f8\u4ee4|0 fnt\n|faint|p2a: \u5288\u65a9\u53f8\u4ee4\n|\n|upkeep\n|\n|t:|1700582453\n|switch|p2a: \u8349\u94a2|Ferrothorn, M, tera:Ghost|100\/100\n|turn|24\n|\n|t:|1700582458\n|move|p2a: \u8349\u94a2|Protect|p2a: \u8349\u94a2\n|-singleturn|p2a: \u8349\u94a2|Protect\n|move|p1a: Ogerpon|Ivy Cudgel|p2a: \u8349\u94a2|[anim] Ivy Cudgel Water\n|-activate|p2a: \u8349\u94a2|move: Protect\n|\n|upkeep\n|turn|25\n|\n|t:|1700582462\n|move|p1a: Ogerpon|Ivy Cudgel|p2a: \u8349\u94a2|[anim] Ivy Cudgel Water\n|-damage|p2a: \u8349\u94a2|0 fnt\n|faint|p2a: \u8349\u94a2\n|\n|win|qisama\n|raw|qisama's rating: 1412 &rarr; <strong>1432<\/strong><br \/>(+20 for winning)\n|raw|WHEREisONE\u561e's rating: 1406 &rarr; <strong>1386<\/strong><br \/>(-20 for losing)\n","uploadtime":1700582466,"views":0,"p1id":"qisama","p2id":"whereisone","formatid":"gen9nationaldex","rating":1386,"private":0,"password":""}