{"id":"gen9nationaldex-1998079029","p1":"angzilovefansher","p2":"189t","format":"[Gen 9] National Dex","log":"|html|<div class=\"broadcast-blue\"><strong>[Gen 9] National Dex is currently suspecting Sneasler! For information on how to participate check out the <a href=\"https:\/\/www.smogon.com\/forums\/threads\/sv-national-dex-suspect-8-just-dance.3731534\/\">suspect thread<\/a>.<\/strong><\/div>\n|j|\u2606angzilovefansher\n|j|\u2606189t\n|t:|1700887900\n|gametype|singles\n|player|p1|angzilovefansher|norman|1388\n|player|p2|189t|cynthia|1491\n|teamsize|p1|6\n|teamsize|p2|6\n|gen|9\n|tier|[Gen 9] National Dex\n|rated|\n|rule|HP Percentage Mod: HP is shown in percentages\n|rule|Endless Battle Clause: Forcing endless battles is banned\n|rule|OHKO Clause: OHKO moves are banned\n|rule|Evasion Clause: Evasion abilities, items, and moves are banned\n|rule|Evasion Abilities Clause: Evasion abilities are banned\n|rule|Evasion Items Clause: Evasion items are banned\n|rule|Evasion Moves Clause: Evasion moves are banned\n|rule|Species Clause: Limit one of each Pok\u00e9mon\n|rule|Sleep Clause Mod: Limit one foe put to sleep\n|clearpoke\n|poke|p1|Ursaluna, F|\n|poke|p1|Porygon2|\n|poke|p1|Exploud, M|\n|poke|p1|Ditto|\n|poke|p1|Audino, F|\n|poke|p1|Cinccino, M|\n|poke|p2|Slowking-Galar, M|\n|poke|p2|Alomomola, F|\n|poke|p2|Clodsire, M|\n|poke|p2|Corviknight, F|\n|poke|p2|Ferrothorn, F|\n|poke|p2|Tornadus-Therian, M|\n|teampreview\n|inactive|Battle timer is ON: inactive players will automatically lose when time's up. (requested by 189t)\n|\n|t:|1700887917\n|start\n|switch|p1a: Exploud|Exploud, M|100\/100\n|switch|p2a: Alomomola|Alomomola, F|100\/100\n|turn|1\n|\n|t:|1700887925\n|-terastallize|p1a: Exploud|Normal\n|move|p1a: Exploud|Boomburst|p2a: Alomomola\n|-damage|p2a: Alomomola|0 fnt\n|faint|p2a: Alomomola\n|\n|upkeep\n|\n|t:|1700887933\n|switch|p2a: Corviknight|Corviknight, F|100\/100\n|turn|2\n|\n|t:|1700887936\n|move|p1a: Exploud|Boomburst|p2a: Corviknight\n|-resisted|p2a: Corviknight\n|-damage|p2a: Corviknight|57\/100\n|move|p2a: Corviknight|Bulk Up|p2a: Corviknight\n|-boost|p2a: Corviknight|atk|1\n|-boost|p2a: Corviknight|def|1\n|\n|-heal|p2a: Corviknight|63\/100|[from] item: Leftovers\n|upkeep\n|turn|3\n|\n|t:|1700887941\n|move|p1a: Exploud|Boomburst|p2a: Corviknight\n|-resisted|p2a: Corviknight\n|-damage|p2a: Corviknight|17\/100\n|move|p2a: Corviknight|Agility|p2a: Corviknight\n|-boost|p2a: Corviknight|spe|2\n|\n|-heal|p2a: Corviknight|23\/100|[from] item: Leftovers\n|upkeep\n|turn|4\n|\n|t:|1700887950\n|switch|p1a: Cinccino|Cinccino, M|100\/100\n|move|p2a: Corviknight|Roost|p2a: Corviknight\n|-heal|p2a: Corviknight|73\/100\n|-singleturn|p2a: Corviknight|move: Roost\n|\n|-heal|p2a: Corviknight|80\/100|[from] item: Leftovers\n|upkeep\n|turn|5\n|\n|t:|1700887957\n|move|p1a: Cinccino|Rock Blast|p2a: Corviknight\n|-damage|p2a: Corviknight|73\/100\n|-damage|p2a: Corviknight|68\/100\n|-damage|p2a: Corviknight|62\/100\n|-damage|p2a: Corviknight|57\/100\n|-damage|p2a: Corviknight|51\/100\n|-hitcount|p2a: Corviknight|5\n|move|p2a: Corviknight|Bulk Up|p2a: Corviknight\n|-boost|p2a: Corviknight|atk|1\n|-boost|p2a: Corviknight|def|1\n|\n|-heal|p2a: Corviknight|57\/100|[from] item: Leftovers\n|upkeep\n|turn|6\n|\n|t:|1700887969\n|move|p1a: Cinccino|Rock Blast|p2a: Corviknight\n|-damage|p2a: Corviknight|53\/100\n|-crit|p2a: Corviknight\n|-damage|p2a: Corviknight|40\/100\n|-damage|p2a: Corviknight|36\/100\n|-damage|p2a: Corviknight|31\/100\n|-damage|p2a: Corviknight|27\/100\n|-hitcount|p2a: Corviknight|5\n|move|p2a: Corviknight|Roost|p2a: Corviknight\n|-heal|p2a: Corviknight|77\/100\n|-singleturn|p2a: Corviknight|move: Roost\n|\n|-heal|p2a: Corviknight|83\/100|[from] item: Leftovers\n|upkeep\n|turn|7\n|\n|t:|1700887980\n|move|p1a: Cinccino|Rock Blast|p2a: Corviknight\n|-damage|p2a: Corviknight|79\/100\n|-damage|p2a: Corviknight|74\/100\n|-damage|p2a: Corviknight|69\/100\n|-damage|p2a: Corviknight|65\/100\n|-damage|p2a: Corviknight|60\/100\n|-hitcount|p2a: Corviknight|5\n|move|p2a: Corviknight|Agility|p2a: Corviknight\n|-boost|p2a: Corviknight|spe|2\n|\n|-heal|p2a: Corviknight|66\/100|[from] item: Leftovers\n|upkeep\n|turn|8\n|\n|t:|1700887987\n|move|p2a: Corviknight|Bulk Up|p2a: Corviknight\n|-boost|p2a: Corviknight|atk|1\n|-boost|p2a: Corviknight|def|1\n|move|p1a: Cinccino|Rock Blast|p2a: Corviknight|[miss]\n|-miss|p1a: Cinccino|p2a: Corviknight\n|\n|-heal|p2a: Corviknight|72\/100|[from] item: Leftovers\n|upkeep\n|turn|9\n|\n|t:|1700887995\n|move|p2a: Corviknight|Bulk Up|p2a: Corviknight\n|-boost|p2a: Corviknight|atk|1\n|-boost|p2a: Corviknight|def|1\n|move|p1a: Cinccino|Rock Blast|p2a: Corviknight\n|-damage|p2a: Corviknight|69\/100\n|-damage|p2a: Corviknight|67\/100\n|-crit|p2a: Corviknight\n|-damage|p2a: Corviknight|53\/100\n|-damage|p2a: Corviknight|50\/100\n|-hitcount|p2a: Corviknight|4\n|\n|-heal|p2a: Corviknight|57\/100|[from] item: Leftovers\n|upkeep\n|turn|10\n|\n|t:|1700888002\n|move|p2a: Corviknight|Bulk Up|p2a: Corviknight\n|-boost|p2a: Corviknight|atk|1\n|-boost|p2a: Corviknight|def|1\n|move|p1a: Cinccino|U-turn|p2a: Corviknight\n|-resisted|p2a: Corviknight\n|-damage|p2a: Corviknight|56\/100\n|\n|t:|1700888005\n|switch|p1a: Ditto|Ditto|100\/100|[from] U-turn\n|-transform|p1a: Ditto|p2a: Corviknight|[from] ability: Imposter\n|\n|-heal|p2a: Corviknight|62\/100|[from] item: Leftovers\n|upkeep\n|turn|11\n|\n|t:|1700888014\n|-terastallize|p2a: Corviknight|Dark\n|move|p2a: Corviknight|Power Trip|p1a: Ditto\n|-damage|p1a: Ditto|1\/100\n|-enditem|p1a: Ditto|Red Card|[of] p2a: Corviknight\n|drag|p2a: Slowking|Slowking-Galar, M|100\/100\n|move|p1a: Ditto|Power Trip|p2a: Slowking\n|-supereffective|p2a: Slowking\n|-damage|p2a: Slowking|0 fnt\n|faint|p2a: Slowking\n|\n|upkeep\n|\n|t:|1700888036\n|switch|p2a: Ferrothorn|Ferrothorn, F|100\/100\n|turn|12\n|\n|t:|1700888042\n|move|p1a: Ditto|Roost|p1a: Ditto\n|-heal|p1a: Ditto|51\/100\n|-singleturn|p1a: Ditto|move: Roost\n|move|p2a: Ferrothorn|Spikes|p1a: Ditto\n|-sidestart|p1: angzilovefansher|Spikes\n|\n|upkeep\n|turn|13\n|\n|t:|1700888051\n|move|p1a: Ditto|Power Trip|p2a: Ferrothorn\n|-damage|p2a: Ferrothorn|0 fnt\n|-damage|p1a: Ditto|39\/100|[from] ability: Iron Barbs|[of] p2a: Ferrothorn\n|-damage|p1a: Ditto|23\/100|[from] item: Rocky Helmet|[of] p2a: Ferrothorn\n|faint|p2a: Ferrothorn\n|\n|upkeep\n|\n|t:|1700888054\n|switch|p2a: Clodsire|Clodsire, M|100\/100\n|turn|14\n|\n|t:|1700888057\n|move|p1a: Ditto|Power Trip|p2a: Clodsire\n|-damage|p2a: Clodsire|33\/100\n|move|p2a: Clodsire|Stealth Rock|p1a: Ditto\n|-sidestart|p1: angzilovefansher|move: Stealth Rock\n|\n|-heal|p2a: Clodsire|40\/100|[from] item: Leftovers\n|upkeep\n|turn|15\n|\n|t:|1700888061\n|move|p1a: Ditto|Power Trip|p2a: Clodsire\n|-damage|p2a: Clodsire|0 fnt\n|faint|p2a: Clodsire\n|\n|upkeep\n|-message|189t forfeited.\n|\n|win|angzilovefansher\n|raw|angzilovefansher's rating: 1388 &rarr; <strong>1414<\/strong><br \/>(+26 for winning)\n|raw|189t's rating: 1491 &rarr; <strong>1465<\/strong><br \/>(-26 for losing)\n","uploadtime":1700888097,"views":5,"p1id":"angzilovefansher","p2id":"189t","formatid":"gen9nationaldex","rating":1414,"private":0,"password":""}