{"id":"gen9nationaldex-1999857138","p1":"Fiend43","p2":"theguardian6881","format":"[Gen 9] National Dex","log":"|html|<div class=\"broadcast-blue\"><strong>[Gen 9] National Dex is currently suspecting Sneasler! For information on how to participate check out the <a href=\"https:\/\/www.smogon.com\/forums\/threads\/sv-national-dex-suspect-8-just-dance.3731534\/\">suspect thread<\/a>.<\/strong><\/div>\n|j|\u2606Fiend43\n|j|\u2606theguardian6881\n|t:|1701123335\n|gametype|singles\n|player|p1|Fiend43|burglar|\n|player|p2|theguardian6881|2|\n|teamsize|p1|6\n|teamsize|p2|6\n|gen|9\n|tier|[Gen 9] National Dex\n|rule|HP Percentage Mod: HP is shown in percentages\n|rule|Endless Battle Clause: Forcing endless battles is banned\n|rule|OHKO Clause: OHKO moves are banned\n|rule|Evasion Clause: Evasion abilities, items, and moves are banned\n|rule|Evasion Abilities Clause: Evasion abilities are banned\n|rule|Evasion Items Clause: Evasion items are banned\n|rule|Evasion Moves Clause: Evasion moves are banned\n|rule|Species Clause: Limit one of each Pok\u00e9mon\n|rule|Sleep Clause Mod: Limit one foe put to sleep\n|clearpoke\n|poke|p1|Iron Valiant|\n|poke|p1|Urshifu-*, M|\n|poke|p1|Corviknight, M|\n|poke|p1|Sneasler, F|\n|poke|p1|Samurott-Hisui, M|\n|poke|p1|Dragonite, M|\n|poke|p2|Blaziken, M|\n|poke|p2|Garchomp, F|\n|poke|p2|Iron Valiant|\n|poke|p2|Samurott-Hisui, M|\n|poke|p2|Alakazam, M|\n|poke|p2|Greninja-*, M|\n|teampreview\n|\n|t:|1701123353\n|start\n|switch|p1a: Reanu Keeves|Samurott-Hisui, M|100\/100\n|switch|p2a: Blaziken|Blaziken, M|100\/100\n|turn|1\n|\n|t:|1701123363\n|move|p1a: Reanu Keeves|Razor Shell|p2a: Blaziken\n|-supereffective|p2a: Blaziken\n|-damage|p2a: Blaziken|0 fnt\n|faint|p2a: Blaziken\n|\n|upkeep\n|\n|t:|1701123381\n|switch|p2a: Greninja|Greninja, M|100\/100\n|turn|2\n|\n|t:|1701123387\n|move|p2a: Greninja|Night Slash|p1a: Reanu Keeves\n|-resisted|p1a: Reanu Keeves\n|-crit|p1a: Reanu Keeves\n|-damage|p1a: Reanu Keeves|72\/100\n|move|p1a: Reanu Keeves|Ceaseless Edge|p2a: Greninja\n|-resisted|p2a: Greninja\n|-damage|p2a: Greninja|62\/100\n|-sidestart|p2: theguardian6881|Spikes\n|\n|upkeep\n|turn|3\n|\n|t:|1701123397\n|move|p2a: Greninja|Liquidation|p1a: Reanu Keeves\n|-resisted|p1a: Reanu Keeves\n|-damage|p1a: Reanu Keeves|49\/100\n|move|p1a: Reanu Keeves|Ceaseless Edge|p2a: Greninja\n|-resisted|p2a: Greninja\n|-damage|p2a: Greninja|26\/100\n|-sidestart|p2: theguardian6881|Spikes\n|\n|upkeep\n|turn|4\n|\n|t:|1701123405\n|move|p2a: Greninja|Hydro Pump|p1a: Reanu Keeves\n|-resisted|p1a: Reanu Keeves\n|-damage|p1a: Reanu Keeves|21\/100\n|move|p1a: Reanu Keeves|Ceaseless Edge|p2a: Greninja|[miss]\n|-miss|p1a: Reanu Keeves|p2a: Greninja\n|\n|upkeep\n|turn|5\n|\n|t:|1701123415\n|move|p2a: Greninja|Water Shuriken|p1a: Reanu Keeves\n|-resisted|p1a: Reanu Keeves\n|-damage|p1a: Reanu Keeves|18\/100\n|-resisted|p1a: Reanu Keeves\n|-damage|p1a: Reanu Keeves|14\/100\n|-resisted|p1a: Reanu Keeves\n|-damage|p1a: Reanu Keeves|10\/100\n|-hitcount|p1a: Reanu Keeves|3\n|move|p1a: Reanu Keeves|Aqua Jet|p2a: Greninja\n|-resisted|p2a: Greninja\n|-damage|p2a: Greninja|11\/100\n|\n|upkeep\n|turn|6\n|\n|t:|1701123434\n|switch|p1a: Old Dragon|Dragonite, M|100\/100\n|-terastallize|p2a: Greninja|Water\n|move|p2a: Greninja|Water Shuriken|p1a: Old Dragon\n|-resisted|p1a: Old Dragon\n|-damage|p1a: Old Dragon|99\/100\n|-resisted|p1a: Old Dragon\n|-damage|p1a: Old Dragon|95\/100\n|-resisted|p1a: Old Dragon\n|-damage|p1a: Old Dragon|91\/100\n|-hitcount|p1a: Old Dragon|3\n|\n|upkeep\n|turn|7\n|\n|t:|1701123768\n|move|p2a: Greninja|Night Slash|p1a: Old Dragon\n|-damage|p1a: Old Dragon|56\/100\n|move|p1a: Old Dragon|Dragon Dance|p1a: Old Dragon\n|-boost|p1a: Old Dragon|atk|1\n|-boost|p1a: Old Dragon|spe|1\n|\n|upkeep\n|turn|8\n|\n|t:|1701123776\n|move|p1a: Old Dragon|Extreme Speed|p2a: Greninja\n|-damage|p2a: Greninja|0 fnt\n|faint|p2a: Greninja\n|\n|upkeep\n|\n|t:|1701123787\n|switch|p2a: Alakazam|Alakazam, M|100\/100\n|-damage|p2a: Alakazam|84\/100|[from] Spikes\n|turn|9\n|\n|t:|1701123798\n|switch|p1a: Reanu Keeves|Samurott-Hisui, M|10\/100\n|move|p2a: Alakazam|Expanding Force|p1a: Reanu Keeves\n|-immune|p1a: Reanu Keeves\n|\n|upkeep\n|turn|10\n|\n|t:|1701123806\n|switch|p2a: Iron Valiant|Iron Valiant|100\/100\n|-damage|p2a: Iron Valiant|84\/100|[from] Spikes\n|move|p1a: Reanu Keeves|Ceaseless Edge|p2a: Iron Valiant\n|-resisted|p2a: Iron Valiant\n|-damage|p2a: Iron Valiant|72\/100\n|-sidestart|p2: theguardian6881|Spikes\n|\n|-heal|p2a: Iron Valiant|78\/100|[from] item: Leftovers\n|upkeep\n|turn|11\n|\n|t:|1701123820\n|move|p1a: Reanu Keeves|Razor Shell|p2a: Iron Valiant\n|-damage|p2a: Iron Valiant|24\/100\n|move|p2a: Iron Valiant|Focus Blast|p1a: Reanu Keeves|[miss]\n|-miss|p2a: Iron Valiant|p1a: Reanu Keeves\n|\n|-heal|p2a: Iron Valiant|30\/100|[from] item: Leftovers\n|upkeep\n|turn|12\n|\n|t:|1701123831\n|move|p1a: Reanu Keeves|Razor Shell|p2a: Iron Valiant\n|-damage|p2a: Iron Valiant|0 fnt\n|faint|p2a: Iron Valiant\n|-end|p2a: Iron Valiant|Quark Drive|[silent]\n|\n|upkeep\n|\n|t:|1701123840\n|switch|p2a: Garchomp|Garchomp, F|100\/100\n|-damage|p2a: Garchomp|75\/100|[from] Spikes\n|turn|13\n|\n|t:|1701123850\n|move|p1a: Reanu Keeves|Razor Shell|p2a: Garchomp\n|-damage|p2a: Garchomp|31\/100\n|-damage|p1a: Reanu Keeves|0 fnt|[from] ability: Rough Skin|[of] p2a: Garchomp\n|faint|p1a: Reanu Keeves\n|move|p2a: Garchomp|Draco Meteor|p1: Reanu Keeves|[notarget]\n|-fail|p2a: Garchomp\n|\n|upkeep\n|\n|t:|1701123861\n|switch|p1a: Galahad|Iron Valiant|100\/100\n|-enditem|p1a: Galahad|Booster Energy\n|-activate|p1a: Galahad|ability: Quark Drive|[fromitem]\n|-start|p1a: Galahad|quarkdrivespe\n|turn|14\n|\n|t:|1701123869\n|move|p1a: Galahad|Spirit Break|p2a: Garchomp\n|-supereffective|p2a: Garchomp\n|-damage|p2a: Garchomp|0 fnt\n|-damage|p1a: Galahad|88\/100|[from] ability: Rough Skin|[of] p2a: Garchomp\n|faint|p2a: Garchomp\n|\n|upkeep\n|\n|t:|1701123879\n|switch|p2a: Samurott|Samurott-Hisui, M|100\/100\n|-damage|p2a: Samurott|76\/100|[from] Spikes\n|turn|15\n|\n|t:|1701123886\n|move|p1a: Galahad|Spirit Break|p2a: Samurott\n|-supereffective|p2a: Samurott\n|-damage|p2a: Samurott|0 fnt\n|faint|p2a: Samurott\n|\n|upkeep\n|\n|t:|1701123891\n|switch|p2a: Alakazam|Alakazam, M|84\/100\n|-damage|p2a: Alakazam|59\/100|[from] Spikes\n|turn|16\n|\n|t:|1701123902\n|-end|p1a: Galahad|Quark Drive|[silent]\n|switch|p1a: Birb Knight|Corviknight, M, shiny|100\/100\n|move|p2a: Alakazam|Expanding Force|p1a: Birb Knight\n|-resisted|p1a: Birb Knight\n|-damage|p1a: Birb Knight|84\/100\n|\n|upkeep\n|turn|17\n|\n|t:|1701123916\n|move|p2a: Alakazam|Expanding Force|p1a: Birb Knight\n|-resisted|p1a: Birb Knight\n|-damage|p1a: Birb Knight|66\/100\n|move|p1a: Birb Knight|U-turn|p2a: Alakazam\n|-supereffective|p2a: Alakazam\n|-damage|p2a: Alakazam|12\/100\n|\n|t:|1701123921\n|switch|p1a: Rapid PUNCH|Urshifu-Rapid-Strike, M|100\/100|[from] U-turn\n|\n|upkeep\n|turn|18\n|\n|t:|1701123930\n|move|p2a: Alakazam|Reflect|p2a: Alakazam\n|-sidestart|p2: theguardian6881|Reflect\n|move|p1a: Rapid PUNCH|Surging Strikes|p2a: Alakazam\n|-crit|p2a: Alakazam\n|-damage|p2a: Alakazam|0 fnt\n|faint|p2a: Alakazam\n|-hitcount|p2: Alakazam|1\n|\n|win|Fiend43\n|l|\u2606theguardian6881\n","uploadtime":1701123945,"views":4,"p1id":"fiend43","p2id":"theguardian6881","formatid":"gen9nationaldex","rating":0,"private":0,"password":""}