{"id":"gen9nationaldex-2000464756","p1":"Ryoko87","p2":"itay80771","format":"[Gen 9] National Dex","log":"|html|<div class=\"broadcast-blue\"><strong>[Gen 9] National Dex is currently suspecting Sneasler! For information on how to participate check out the <a href=\"https:\/\/www.smogon.com\/forums\/threads\/sv-national-dex-suspect-8-just-dance.3731534\/\">suspect thread<\/a>.<\/strong><\/div>\n|j|\u2606Ryoko87\n|j|\u2606itay80771\n|t:|1701197050\n|gametype|singles\n|player|p1|Ryoko87|cheryl|\n|player|p2|itay80771|giovanni|\n|teamsize|p1|6\n|teamsize|p2|6\n|gen|9\n|tier|[Gen 9] National Dex\n|rule|HP Percentage Mod: HP is shown in percentages\n|rule|Endless Battle Clause: Forcing endless battles is banned\n|rule|OHKO Clause: OHKO moves are banned\n|rule|Evasion Clause: Evasion abilities, items, and moves are banned\n|rule|Evasion Abilities Clause: Evasion abilities are banned\n|rule|Evasion Items Clause: Evasion items are banned\n|rule|Evasion Moves Clause: Evasion moves are banned\n|rule|Species Clause: Limit one of each Pok\u00e9mon\n|rule|Sleep Clause Mod: Limit one foe put to sleep\n|clearpoke\n|poke|p1|Shuckle, F|\n|poke|p1|Volcarona, M|\n|poke|p1|Galvantula, M|\n|poke|p1|Durant, F|\n|poke|p1|Vivillon-Pokeball, F|\n|poke|p1|Golisopod, M|\n|poke|p2|Blacephalon|\n|poke|p2|Aegislash, F|\n|poke|p2|Banette, F|\n|poke|p2|Polteageist|\n|poke|p2|Zoroark-Hisui, F|\n|poke|p2|Trevenant, M|\n|teampreview\n|inactive|Battle timer is ON: inactive players will automatically lose when time's up. (requested by itay80771)\n|l|\u2606Ryoko87\n|inactive|Ryoko87 disconnected and has 300 seconds to reconnect!\n|player|p1|\n|j|\u2606Ryoko87\n|inactive|Ryoko87 reconnected and has 295 seconds left.\n|player|p1|Ryoko87|cheryl\n|\n|t:|1701197078\n|start\n|switch|p1a: Shelly|Shuckle, F, shiny|100\/100\n|switch|p2a: Nasty Clown|Blacephalon, shiny|100\/100\n|turn|1\n|\n|t:|1701197091\n|switch|p2a: Spooky Knight|Aegislash, F, shiny|100\/100\n|move|p1a: Shelly|Encore||[still]\n|-fail|p1a: Shelly\n|\n|upkeep\n|turn|2\n|\n|t:|1701197097\n|-formechange|p2a: Spooky Knight|Aegislash-Blade||[from] ability: Stance Change\n|move|p2a: Spooky Knight|Shadow Ball|p1a: Shelly\n|-damage|p1a: Shelly|79\/100\n|move|p1a: Shelly|Encore|p2a: Spooky Knight\n|-start|p2a: Spooky Knight|Encore\n|\n|upkeep\n|turn|3\n|\n|t:|1701197114\n|switch|p2a: Nasty Clown|Blacephalon, shiny|100\/100\n|move|p1a: Shelly|Sticky Web|p2a: Nasty Clown\n|-sidestart|p2: itay80771|move: Sticky Web\n|\n|upkeep\n|turn|4\n|c|\u2606Ryoko87|\u05d6\u05d4 \u05d4\u05d9\u05d4 \u05d6\u05d5\u05e8\u05d5\u05d0\u05e8\u05e7 \u05d0\u05e0\u05d9 \u05de\u05e0\u05d9\u05d7\u05d4\n|\n|t:|1701197126\n|move|p2a: Nasty Clown|Shadow Ball|p1a: Shelly\n|-damage|p1a: Shelly|44\/100\n|move|p1a: Shelly|Encore|p2a: Nasty Clown\n|-start|p2a: Nasty Clown|Encore\n|\n|upkeep\n|turn|5\n|\n|t:|1701197136\n|move|p2a: Nasty Clown|Shadow Ball|p1a: Shelly\n|-crit|p1a: Shelly\n|-damage|p1a: Shelly|0 fnt\n|faint|p1a: Shelly\n|\n|upkeep\n|\n|t:|1701197144\n|switch|p1a: Zap|Galvantula, M, shiny|100\/100\n|turn|6\n|\n|t:|1701197151\n|-terastallize|p1a: Zap|Electric\n|move|p2a: Nasty Clown|Shadow Ball|p1a: Zap\n|-damage|p1a: Zap|0 fnt\n|faint|p1a: Zap\n|\n|upkeep\n|c|\u2606itay80771|\u05d8\u05e2\u05d5\u05ea\n|c|\u2606Ryoko87|\u05d6\u05d4 \u05d4\u05d6\u05d5\u05e8\u05d5\u05d0\u05e8\u05e7\n|c|\u2606Ryoko87|\u05d0\u05d5\u05e7\u05d9\u05d9\n|\n|t:|1701197170\n|switch|p1a: Samurai|Golisopod, M|100\/100\n|turn|7\n|\n|t:|1701197198\n|switch|p2a: Im Groot|Trevenant, M, shiny|100\/100\n|-activate|p2a: Im Groot|move: Sticky Web\n|-unboost|p2a: Im Groot|spe|1\n|move|p1a: Samurai|Razor Shell|p2a: Im Groot\n|-resisted|p2a: Im Groot\n|-damage|p2a: Im Groot|78\/100\n|-unboost|p2a: Im Groot|def|1\n|\n|upkeep\n|turn|8\n|\n|t:|1701197208\n|move|p1a: Samurai|Leech Life|p2a: Im Groot\n|-damage|p2a: Im Groot|0 fnt\n|faint|p2a: Im Groot\n|\n|upkeep\n|inactive|itay80771 has 270 seconds left.\n|\n|t:|1701197226\n|switch|p2a: Nasty Clown|Blacephalon, shiny|100\/100\n|-activate|p2a: Nasty Clown|move: Sticky Web\n|-unboost|p2a: Nasty Clown|spe|1\n|turn|9\n|\n|t:|1701197233\n|move|p2a: Nasty Clown|Flamethrower|p1a: Samurai\n|-damage|p1a: Samurai|65\/100\n|move|p1a: Samurai|Razor Shell|p2a: Nasty Clown\n|-supereffective|p2a: Nasty Clown\n|-damage|p2a: Nasty Clown|0 fnt\n|faint|p2a: Nasty Clown\n|\n|upkeep\n|inactive|itay80771 has 270 seconds left.\n|\n|t:|1701197252\n|switch|p2a: Creepy Doll|Banette, F, shiny|100\/100\n|-activate|p2a: Creepy Doll|move: Sticky Web\n|-unboost|p2a: Creepy Doll|spe|1\n|turn|10\n|\n|t:|1701197257\n|switch|p1a: Solar|Volcarona, M|100\/100\n|move|p2a: Creepy Doll|Shadow Ball|p1a: Solar\n|-damage|p1a: Solar|39\/100\n|-unboost|p1a: Solar|spd|1\n|\n|upkeep\n|turn|11\n|\n|t:|1701197266\n|move|p1a: Solar|Fiery Dance|p2a: Creepy Doll\n|-damage|p2a: Creepy Doll|4\/100\n|-boost|p1a: Solar|spa|1\n|replace|p2a: Manchester|Zoroark-Hisui, F, shiny\n|-end|p2a: Manchester|Illusion\n|move|p2a: Manchester|Shadow Ball|p1a: Solar\n|-damage|p1a: Solar|0 fnt\n|faint|p1a: Solar\n|\n|upkeep\n|\n|t:|1701197272\n|switch|p1a: Samurai|Golisopod, M|65\/100\n|turn|12\n|\n|t:|1701197281\n|move|p1a: Samurai|First Impression|p2a: Manchester\n|-resisted|p2a: Manchester\n|-damage|p2a: Manchester|0 fnt\n|faint|p2a: Manchester\n|\n|upkeep\n|\n|t:|1701197286\n|switch|p2a: Spooky Knight|Aegislash, F, shiny|100\/100\n|-activate|p2a: Spooky Knight|move: Sticky Web\n|-unboost|p2a: Spooky Knight|spe|1\n|turn|13\n|\n|t:|1701197293\n|move|p1a: Samurai|Sucker Punch|p2a: Spooky Knight\n|-supereffective|p2a: Spooky Knight\n|-damage|p2a: Spooky Knight|57\/100\n|-formechange|p2a: Spooky Knight|Aegislash-Blade||[from] ability: Stance Change\n|move|p2a: Spooky Knight|Shadow Ball|p1a: Samurai\n|-damage|p1a: Samurai|37\/100\n|-unboost|p1a: Samurai|spd|1\n|-activate|p1a: Samurai|ability: Emergency Exit\n|\n|t:|1701197299\n|switch|p1a: Pollen|Vivillon-Pokeball, F|100\/100\n|\n|-heal|p2a: Spooky Knight|63\/100|[from] item: Leftovers\n|upkeep\n|turn|14\n|\n|t:|1701197309\n|switch|p2a: Creepy Doll|Banette, F, shiny|100\/100\n|-activate|p2a: Creepy Doll|move: Sticky Web\n|-unboost|p2a: Creepy Doll|spe|1\n|move|p1a: Pollen|Sleep Powder|p2a: Creepy Doll\n|-immune|p2a: Creepy Doll|[from] ability: Insomnia\n|\n|upkeep\n|turn|15\n|\n|t:|1701197319\n|detailschange|p2a: Creepy Doll|Banette-Mega, F, shiny\n|-mega|p2a: Creepy Doll|Banette|Banettite\n|move|p1a: Pollen|Hurricane|p2a: Creepy Doll\n|-damage|p2a: Creepy Doll|43\/100\n|-damage|p1a: Pollen|91\/100|[from] item: Life Orb\n|move|p2a: Creepy Doll|Trick Room|p2a: Creepy Doll\n|-fieldstart|move: Trick Room|[of] p2a: Creepy Doll\n|\n|upkeep\n|turn|16\n|\n|t:|1701197333\n|move|p2a: Creepy Doll|Poltergeist|p1a: Pollen\n|-activate|p1a: Pollen|move: Poltergeist|Life Orb\n|-damage|p1a: Pollen|0 fnt\n|faint|p1a: Pollen\n|\n|upkeep\n|\n|t:|1701197336\n|switch|p1a: Samurai|Golisopod, M|37\/100\n|turn|17\n|\n|t:|1701197347\n|move|p1a: Samurai|Sucker Punch||[still]\n|-fail|p1a: Samurai\n|move|p2a: Creepy Doll|Will-O-Wisp|p1a: Samurai\n|-status|p1a: Samurai|brn\n|\n|-damage|p1a: Samurai|31\/100 brn|[from] brn\n|upkeep\n|turn|18\n|\n|t:|1701197356\n|move|p1a: Samurai|Sucker Punch|p2a: Creepy Doll\n|-supereffective|p2a: Creepy Doll\n|-damage|p2a: Creepy Doll|10\/100\n|move|p2a: Creepy Doll|Poltergeist|p1a: Samurai\n|-activate|p1a: Samurai|move: Poltergeist|Assault Vest\n|-damage|p1a: Samurai|0 fnt\n|faint|p1a: Samurai\n|\n|upkeep\n|\n|t:|1701197358\n|switch|p1a: Metal|Durant, F|100\/100\n|turn|19\n|\n|t:|1701197365\n|move|p2a: Creepy Doll|Destiny Bond|p2a: Creepy Doll\n|-singlemove|p2a: Creepy Doll|Destiny Bond\n|move|p1a: Metal|Iron Head|p2a: Creepy Doll\n|-damage|p2a: Creepy Doll|0 fnt\n|faint|p2a: Creepy Doll\n|-activate|p2a: Creepy Doll|move: Destiny Bond\n|faint|p1a: Metal\n|\n|win|itay80771\n|l|\u2606Ryoko87\n|l|\u2606itay80771\n|j|\u2606itay80771\n|player|p2|itay80771|giovanni\n|l|\u2606itay80771\n|player|p2|\n|j| Lightning emolga\n","uploadtime":1701199294,"views":11,"p1id":"ryoko87","p2id":"itay80771","formatid":"gen9nationaldex","rating":0,"private":0,"password":""}