{"id":"gen9nationaldex-1993344319","p1":"xikeso","p2":"DJRRRR","format":"[Gen 9] National Dex","log":"|j|\u2606xikeso\n|j|\u2606DJRRRR\n|t:|1700302614\n|gametype|singles\n|player|p1|xikeso|iono|1401\n|player|p2|DJRRRR|roxie|1351\n|teamsize|p1|6\n|teamsize|p2|6\n|gen|9\n|tier|[Gen 9] National Dex\n|rated|\n|rule|HP Percentage Mod: HP is shown in percentages\n|rule|Endless Battle Clause: Forcing endless battles is banned\n|rule|OHKO Clause: OHKO moves are banned\n|rule|Evasion Clause: Evasion abilities, items, and moves are banned\n|rule|Evasion Abilities Clause: Evasion abilities are banned\n|rule|Evasion Items Clause: Evasion items are banned\n|rule|Evasion Moves Clause: Evasion moves are banned\n|rule|Species Clause: Limit one of each Pok\u00e9mon\n|rule|Sleep Clause Mod: Limit one foe put to sleep\n|clearpoke\n|poke|p1|Umbreon, F|\n|poke|p1|Corviknight, F|\n|poke|p1|Moltres|\n|poke|p1|Garchomp, M|\n|poke|p1|Diancie|\n|poke|p1|Banette, M|\n|poke|p2|Banette, M|\n|poke|p2|Greninja-*, M|\n|poke|p2|Dragonite, F|\n|poke|p2|Iron Valiant|\n|poke|p2|Tapu Koko|\n|poke|p2|Rillaboom, M|\n|teampreview\n|inactive|Battle timer is ON: inactive players will automatically lose when time's up. (requested by xikeso)\n|\n|t:|1700302642\n|start\n|switch|p1a: Banette|Banette, M|100\/100\n|switch|p2a: Rillaboom|Rillaboom, M|100\/100\n|-fieldstart|move: Grassy Terrain|[from] ability: Grassy Surge|[of] p2a: Rillaboom\n|-item|p2a: Rillaboom|Choice Band|[from] ability: Frisk|[of] p1a: Banette|[identify]\n|turn|1\n|\n|t:|1700302659\n|detailschange|p1a: Banette|Banette-Mega, M\n|-mega|p1a: Banette|Banette|Banettite\n|move|p1a: Banette|Destiny Bond|p1a: Banette\n|-singlemove|p1a: Banette|Destiny Bond\n|move|p2a: Rillaboom|Wood Hammer|p1a: Banette\n|-damage|p1a: Banette|0 fnt\n|faint|p1a: Banette\n|-activate|p1a: Banette|move: Destiny Bond\n|faint|p2a: Rillaboom\n|\n|upkeep\n|inactive|xikeso has 120 seconds left.\n|\n|t:|1700302692\n|switch|p2a: Tapu Koko|Tapu Koko|100\/100\n|switch|p1a: Garchomp|Garchomp, M, shiny|100\/100\n|-fieldstart|move: Electric Terrain|[from] ability: Electric Surge|[of] p2a: Tapu Koko\n|turn|2\n|inactive|xikeso has 120 seconds left.\n|\n|t:|1700302712\n|switch|p1a: Moltres|Moltres|100\/100\n|move|p2a: Tapu Koko|U-turn|p1a: Moltres\n|-resisted|p1a: Moltres\n|-damage|p1a: Moltres|98\/100\n|-status|p2a: Tapu Koko|brn|[from] ability: Flame Body|[of] p1a: Moltres\n|\n|t:|1700302725\n|switch|p2a: Banette|Banette, M|100\/100|[from] U-turn\n|-item|p1a: Moltres|Heavy-Duty Boots|[from] ability: Frisk|[of] p2a: Banette|[identify]\n|\n|upkeep\n|turn|3\n|inactive|xikeso has 120 seconds left.\n|\n|t:|1700302733\n|detailschange|p2a: Banette|Banette-Mega, M\n|-mega|p2a: Banette|Banette|Banettite\n|move|p2a: Banette|Poltergeist|p1a: Moltres|[miss]\n|-miss|p2a: Banette|p1a: Moltres\n|move|p1a: Moltres|U-turn|p2a: Banette\n|-resisted|p2a: Banette\n|-damage|p2a: Banette|89\/100\n|inactive|xikeso has 120 seconds left.\n|\n|t:|1700302761\n|switch|p1a: Diancie|Diancie|100\/100|[from] U-turn\n|\n|upkeep\n|turn|4\n|\n|t:|1700302772\n|move|p2a: Banette|Poltergeist|p1a: Diancie\n|-activate|p1a: Diancie|move: Poltergeist|Diancite\n|-damage|p1a: Diancie|43\/100\n|move|p1a: Diancie|Stealth Rock|p2a: Banette\n|-sidestart|p2: DJRRRR|move: Stealth Rock\n|\n|upkeep\n|turn|5\n|\n|t:|1700302784\n|switch|p1a: Umbreon|Umbreon, F, shiny|100\/100\n|move|p2a: Banette|Poltergeist|p1a: Umbreon\n|-activate|p1a: Umbreon|move: Poltergeist|Leftovers\n|-resisted|p1a: Umbreon\n|-damage|p1a: Umbreon|77\/100\n|\n|-heal|p1a: Umbreon|83\/100|[from] item: Leftovers\n|upkeep\n|turn|6\n|\n|t:|1700302797\n|switch|p2a: Tapu Koko|Tapu Koko|100\/100 brn\n|-damage|p2a: Tapu Koko|88\/100 brn|[from] Stealth Rock\n|move|p1a: Umbreon|Foul Play|p2a: Tapu Koko\n|-resisted|p2a: Tapu Koko\n|-damage|p2a: Tapu Koko|63\/100 brn\n|\n|-heal|p1a: Umbreon|89\/100|[from] item: Leftovers\n|-damage|p2a: Tapu Koko|57\/100 brn|[from] brn\n|-fieldend|move: Electric Terrain\n|upkeep\n|turn|7\n|\n|t:|1700302813\n|switch|p1a: Corviknight|Corviknight, F|100\/100\n|-ability|p1a: Corviknight|Pressure\n|move|p2a: Tapu Koko|U-turn|p1a: Corviknight\n|-resisted|p1a: Corviknight\n|-damage|p1a: Corviknight|99\/100\n|\n|t:|1700302836\n|switch|p2a: Banette|Banette-Mega, M|89\/100|[from] U-turn\n|-damage|p2a: Banette|77\/100|[from] Stealth Rock\n|\n|upkeep\n|turn|8\n|\n|t:|1700302848\n|move|p2a: Banette|Poltergeist|p1a: Corviknight\n|-activate|p1a: Corviknight|move: Poltergeist|Covert Cloak\n|-damage|p1a: Corviknight|50\/100\n|move|p1a: Corviknight|U-turn|p2a: Banette\n|-resisted|p2a: Banette\n|-damage|p2a: Banette|65\/100\n|\n|t:|1700302856\n|switch|p1a: Umbreon|Umbreon, F, shiny|89\/100|[from] U-turn\n|\n|-heal|p1a: Umbreon|95\/100|[from] item: Leftovers\n|upkeep\n|turn|9\n|\n|t:|1700302865\n|switch|p2a: Iron Valiant|Iron Valiant|100\/100\n|-damage|p2a: Iron Valiant|94\/100|[from] Stealth Rock\n|move|p1a: Umbreon|Roar|p2a: Iron Valiant\n|-end|p2a: Iron Valiant|Quark Drive|[silent]\n|drag|p2a: Greninja|Greninja, M|100\/100\n|-damage|p2a: Greninja|88\/100|[from] Stealth Rock\n|\n|-heal|p1a: Umbreon|100\/100|[from] item: Leftovers\n|upkeep\n|turn|10\n|\n|t:|1700302877\n|switch|p2a: Tapu Koko|Tapu Koko|57\/100 brn\n|-damage|p2a: Tapu Koko|45\/100 brn|[from] Stealth Rock\n|-fieldstart|move: Electric Terrain|[from] ability: Electric Surge|[of] p2a: Tapu Koko\n|move|p1a: Umbreon|Foul Play|p2a: Tapu Koko\n|-resisted|p2a: Tapu Koko\n|-damage|p2a: Tapu Koko|20\/100 brn\n|\n|-damage|p2a: Tapu Koko|14\/100 brn|[from] brn\n|upkeep\n|turn|11\n|inactive|xikeso has 90 seconds left.\n|\n|t:|1700302903\n|switch|p1a: Diancie|Diancie|43\/100\n|move|p2a: Tapu Koko|Volt Switch|p1a: Diancie\n|-damage|p1a: Diancie|0 fnt\n|faint|p1a: Diancie\n|\n|t:|1700302920\n|switch|p2a: Iron Valiant|Iron Valiant|94\/100|[from] Volt Switch\n|-damage|p2a: Iron Valiant|88\/100|[from] Stealth Rock\n|-activate|p2a: Iron Valiant|ability: Quark Drive\n|-start|p2a: Iron Valiant|quarkdrivespe\n|\n|upkeep\n|inactive|xikeso has 90 seconds left.\n|\n|t:|1700302933\n|switch|p1a: Moltres|Moltres|98\/100\n|turn|12\n|\n|t:|1700302949\n|move|p2a: Iron Valiant|Swords Dance|p2a: Iron Valiant\n|-boost|p2a: Iron Valiant|atk|2\n|move|p1a: Moltres|Flamethrower|p2a: Iron Valiant\n|-damage|p2a: Iron Valiant|26\/100\n|\n|upkeep\n|turn|13\n|\n|t:|1700302961\n|-end|p2a: Iron Valiant|Quark Drive|[silent]\n|switch|p2a: Dragonite|Dragonite, F|100\/100\n|-terastallize|p1a: Moltres|Grass\n|move|p1a: Moltres|Flamethrower|p2a: Dragonite\n|-resisted|p2a: Dragonite\n|-damage|p2a: Dragonite|93\/100\n|-status|p2a: Dragonite|brn\n|\n|-damage|p2a: Dragonite|87\/100 brn|[from] brn\n|upkeep\n|turn|14\n|\n|t:|1700302974\n|switch|p2a: Iron Valiant|Iron Valiant|26\/100\n|-damage|p2a: Iron Valiant|20\/100|[from] Stealth Rock\n|-activate|p2a: Iron Valiant|ability: Quark Drive\n|-start|p2a: Iron Valiant|quarkdrivespe\n|move|p1a: Moltres|U-turn|p2a: Iron Valiant\n|-resisted|p2a: Iron Valiant\n|-damage|p2a: Iron Valiant|15\/100\n|inactive|xikeso has 90 seconds left.\n|\n|t:|1700302992\n|switch|p1a: Corviknight|Corviknight, F|50\/100|[from] U-turn\n|-ability|p1a: Corviknight|Pressure\n|\n|-fieldend|move: Electric Terrain\n|-end|p2a: Iron Valiant|Quark Drive\n|upkeep\n|turn|15\n|inactive|xikeso has 90 seconds left.\n|\n|t:|1700303002\n|move|p2a: Iron Valiant|Swords Dance|p2a: Iron Valiant\n|-boost|p2a: Iron Valiant|atk|2\n|move|p1a: Corviknight|Roost|p1a: Corviknight\n|-heal|p1a: Corviknight|99\/100\n|-singleturn|p1a: Corviknight|move: Roost\n|\n|upkeep\n|turn|16\n|\n|t:|1700303010\n|move|p2a: Iron Valiant|Encore|p1a: Corviknight\n|-start|p1a: Corviknight|Encore\n|move|p1a: Corviknight|Roost|p1a: Corviknight\n|-heal|p1a: Corviknight|100\/100\n|-singleturn|p1a: Corviknight|move: Roost\n|\n|upkeep\n|turn|17\n|\n|t:|1700303022\n|switch|p1a: Moltres|Moltres, tera:Grass|98\/100\n|move|p2a: Iron Valiant|Swords Dance|p2a: Iron Valiant\n|-boost|p2a: Iron Valiant|atk|2\n|\n|upkeep\n|turn|18\n|\n|t:|1700303030\n|move|p2a: Iron Valiant|Close Combat|p1a: Moltres\n|-damage|p1a: Moltres|0 fnt\n|-unboost|p2a: Iron Valiant|def|1\n|-unboost|p2a: Iron Valiant|spd|1\n|faint|p1a: Moltres\n|-damage|p2a: Iron Valiant|6\/100|[from] item: Life Orb\n|\n|upkeep\n|\n|t:|1700303040\n|switch|p1a: Corviknight|Corviknight, F|100\/100\n|-ability|p1a: Corviknight|Pressure\n|turn|19\n|\n|t:|1700303046\n|move|p2a: Iron Valiant|Close Combat|p1a: Corviknight\n|-damage|p1a: Corviknight|0 fnt\n|-unboost|p2a: Iron Valiant|def|1\n|-unboost|p2a: Iron Valiant|spd|1\n|faint|p1a: Corviknight\n|-damage|p2a: Iron Valiant|0 fnt|[from] item: Life Orb\n|faint|p2a: Iron Valiant\n|-end|p2a: Iron Valiant|Quark Drive|[silent]\n|\n|upkeep\n|\n|t:|1700303059\n|switch|p2a: Dragonite|Dragonite, F|87\/100 brn\n|switch|p1a: Garchomp|Garchomp, M, shiny|100\/100\n|turn|20\n|\n|t:|1700303071\n|switch|p2a: Tapu Koko|Tapu Koko|14\/100 brn\n|-damage|p2a: Tapu Koko|1\/100 brn|[from] Stealth Rock\n|-fieldstart|move: Electric Terrain|[from] ability: Electric Surge|[of] p2a: Tapu Koko\n|move|p1a: Garchomp|Swords Dance|p1a: Garchomp\n|-boost|p1a: Garchomp|atk|2\n|\n|-damage|p2a: Tapu Koko|0 fnt|[from] brn\n|faint|p2a: Tapu Koko\n|upkeep\n|inactive|DJRRRR has 120 seconds left.\n|\n|t:|1700303123\n|switch|p2a: Greninja|Greninja, M|88\/100\n|-damage|p2a: Greninja|76\/100|[from] Stealth Rock\n|turn|21\n|inactive|xikeso has 120 seconds left.\n|\n|t:|1700303137\n|-terastallize|p2a: Greninja|Water\n|move|p2a: Greninja|Surf|p1a: Garchomp\n|-damage|p1a: Garchomp|26\/100\n|-damage|p2a: Greninja|66\/100|[from] item: Life Orb\n|move|p1a: Garchomp|Scale Shot|p2a: Greninja|[miss]\n|-miss|p1a: Garchomp|p2a: Greninja\n|\n|upkeep\n|turn|22\n|inactive|xikeso has 120 seconds left.\n|\n|t:|1700303152\n|switch|p1a: Umbreon|Umbreon, F, shiny|100\/100\n|move|p2a: Greninja|Surf|p1a: Umbreon\n|-damage|p1a: Umbreon|55\/100\n|-damage|p2a: Greninja|56\/100|[from] item: Life Orb\n|\n|-heal|p1a: Umbreon|61\/100|[from] item: Leftovers\n|upkeep\n|turn|23\n|inactive|xikeso has 120 seconds left.\n|\n|t:|1700303163\n|move|p2a: Greninja|Surf|p1a: Umbreon\n|-damage|p1a: Umbreon|13\/100\n|-damage|p2a: Greninja|46\/100|[from] item: Life Orb\n|move|p1a: Umbreon|Moonlight|p1a: Umbreon\n|-heal|p1a: Umbreon|63\/100\n|\n|-heal|p1a: Umbreon|69\/100|[from] item: Leftovers\n|upkeep\n|turn|24\n|inactive|xikeso has 120 seconds left.\n|\n|t:|1700303182\n|move|p2a: Greninja|Surf|p1a: Umbreon\n|-damage|p1a: Umbreon|24\/100\n|-damage|p2a: Greninja|37\/100|[from] item: Life Orb\n|move|p1a: Umbreon|Moonlight|p1a: Umbreon\n|-heal|p1a: Umbreon|74\/100\n|\n|-heal|p1a: Umbreon|80\/100|[from] item: Leftovers\n|-fieldend|move: Electric Terrain\n|upkeep\n|turn|25\n|inactive|xikeso has 120 seconds left.\n|\n|t:|1700303192\n|switch|p2a: Dragonite|Dragonite, F|87\/100 brn\n|move|p1a: Umbreon|Moonlight|p1a: Umbreon\n|-heal|p1a: Umbreon|100\/100\n|\n|-damage|p2a: Dragonite|81\/100 brn|[from] brn\n|upkeep\n|turn|26\n|\n|t:|1700303202\n|move|p2a: Dragonite|Curse|p2a: Dragonite\n|-unboost|p2a: Dragonite|spe|1\n|-boost|p2a: Dragonite|atk|1\n|-boost|p2a: Dragonite|def|1\n|move|p1a: Umbreon|Foul Play|p2a: Dragonite\n|-damage|p2a: Dragonite|36\/100 brn\n|\n|-damage|p2a: Dragonite|30\/100 brn|[from] brn\n|upkeep\n|turn|27\n|\n|t:|1700303212\n|move|p1a: Umbreon|Foul Play|p2a: Dragonite\n|-damage|p2a: Dragonite|0 fnt\n|faint|p2a: Dragonite\n|\n|upkeep\n|\n|t:|1700303218\n|switch|p2a: Banette|Banette-Mega, M|65\/100\n|-damage|p2a: Banette|53\/100|[from] Stealth Rock\n|turn|28\n|inactive|DJRRRR has 120 seconds left.\n|\n|t:|1700303226\n|move|p2a: Banette|Destiny Bond|p2a: Banette\n|-singlemove|p2a: Banette|Destiny Bond\n|move|p1a: Umbreon|Roar|p2a: Banette\n|drag|p2a: Greninja|Greninja, M, tera:Water|37\/100\n|-damage|p2a: Greninja|24\/100|[from] Stealth Rock\n|\n|upkeep\n|turn|29\n|-message|DJRRRR forfeited.\n|\n|win|xikeso\n|raw|xikeso's rating: 1401 &rarr; <strong>1418<\/strong><br \/>(+17 for winning)\n|raw|DJRRRR's rating: 1351 &rarr; <strong>1334<\/strong><br \/>(-17 for losing)\n|l|\u2606DJRRRR\n","uploadtime":1700303240,"views":6,"p1id":"xikeso","p2id":"djrrrr","formatid":"gen9nationaldex","rating":1334,"private":0,"password":""}