{"id":"gen9nationaldex-1999977706","p1":"SSSSSSlizard","p2":"Elite Sabrina","format":"[Gen 9] National Dex","log":"|html|<div class=\"broadcast-blue\"><strong>[Gen 9] National Dex is currently suspecting Sneasler! For information on how to participate check out the <a href=\"https:\/\/www.smogon.com\/forums\/threads\/sv-national-dex-suspect-8-just-dance.3731534\/\">suspect thread<\/a>.<\/strong><\/div>\n|j|\u2606SSSSSSlizard\n|j|\u2606Elite Sabrina\n|t:|1701136881\n|gametype|singles\n|player|p1|SSSSSSlizard|irida|1657\n|player|p2|Elite Sabrina|sabrina-gen3|1834\n|teamsize|p1|6\n|teamsize|p2|6\n|gen|9\n|tier|[Gen 9] National Dex\n|rated|\n|rule|HP Percentage Mod: HP is shown in percentages\n|rule|Endless Battle Clause: Forcing endless battles is banned\n|rule|OHKO Clause: OHKO moves are banned\n|rule|Evasion Clause: Evasion abilities, items, and moves are banned\n|rule|Evasion Abilities Clause: Evasion abilities are banned\n|rule|Evasion Items Clause: Evasion items are banned\n|rule|Evasion Moves Clause: Evasion moves are banned\n|rule|Species Clause: Limit one of each Pok\u00e9mon\n|rule|Sleep Clause Mod: Limit one foe put to sleep\n|clearpoke\n|poke|p1|Gyarados, F|\n|poke|p1|Sneasler, M|\n|poke|p1|Landorus-Therian, M|\n|poke|p1|Ceruledge, F|\n|poke|p1|Tapu Koko|\n|poke|p1|Kommo-o, F|\n|poke|p2|Gardevoir, F|\n|poke|p2|Ceruledge, F|\n|poke|p2|Breloom, F|\n|poke|p2|Latias, F|\n|poke|p2|Corviknight, F|\n|poke|p2|Clodsire, F|\n|teampreview\n|c|\u2606Elite Sabrina|gl hf\n|\n|t:|1701136909\n|start\n|switch|p1a: Landorus|Landorus-Therian, M|100\/100\n|switch|p2a: Breloom|Breloom, F|100\/100\n|-ability|p1a: Landorus|Intimidate|boost\n|-unboost|p2a: Breloom|atk|1\n|turn|1\n|\n|t:|1701136918\n|move|p1a: Landorus|Taunt|p2a: Breloom\n|-start|p2a: Breloom|move: Taunt\n|move|p2a: Breloom|Bullet Seed|p1a: Landorus\n|-damage|p1a: Landorus|85\/100\n|-damage|p1a: Landorus|70\/100\n|-damage|p1a: Landorus|54\/100\n|-damage|p1a: Landorus|40\/100\n|-damage|p1a: Landorus|25\/100\n|-hitcount|p1a: Landorus|5\n|\n|upkeep\n|turn|2\n|inactive|Battle timer is ON: inactive players will automatically lose when time's up. (requested by Elite Sabrina)\n|\n|t:|1701136923\n|move|p1a: Landorus|Stealth Rock|p2a: Breloom\n|-sidestart|p2: Elite Sabrina|move: Stealth Rock\n|move|p2a: Breloom|Bullet Seed|p1a: Landorus\n|-damage|p1a: Landorus|10\/100\n|-damage|p1a: Landorus|0 fnt\n|faint|p1a: Landorus\n|-hitcount|p1: Landorus|2\n|\n|upkeep\n|\n|t:|1701136933\n|switch|p1a: Tapu Koko|Tapu Koko|100\/100\n|-fieldstart|move: Electric Terrain|[from] ability: Electric Surge|[of] p1a: Tapu Koko\n|turn|3\n|\n|t:|1701136939\n|switch|p2a: Clodsire|Clodsire, F|100\/100\n|-damage|p2a: Clodsire|94\/100|[from] Stealth Rock\n|move|p1a: Tapu Koko|Reflect|p1a: Tapu Koko\n|-sidestart|p1: SSSSSSlizard|Reflect\n|\n|-heal|p2a: Clodsire|100\/100|[from] item: Leftovers\n|upkeep\n|turn|4\n|\n|t:|1701136948\n|move|p1a: Tapu Koko|Taunt|p2a: Clodsire\n|-start|p2a: Clodsire|move: Taunt\n|cant|p2a: Clodsire|move: Taunt|Stealth Rock\n|\n|upkeep\n|turn|5\n|j| hainiumm\n|\n|t:|1701136952\n|move|p1a: Tapu Koko|Light Screen|p1a: Tapu Koko\n|-sidestart|p1: SSSSSSlizard|move: Light Screen\n|move|p2a: Clodsire|Earthquake|p1a: Tapu Koko\n|-supereffective|p1a: Tapu Koko\n|-damage|p1a: Tapu Koko|72\/100\n|\n|upkeep\n|turn|6\n|\n|t:|1701136956\n|move|p1a: Tapu Koko|U-turn|p2a: Clodsire\n|-resisted|p2a: Clodsire\n|-damage|p2a: Clodsire|91\/100\n|\n|t:|1701136958\n|switch|p1a: Gyarados|Gyarados, F|100\/100|[from] U-turn\n|-ability|p1a: Gyarados|Intimidate|boost\n|-unboost|p2a: Clodsire|atk|1\n|move|p2a: Clodsire|Earthquake|p1a: Gyarados\n|-immune|p1a: Gyarados\n|\n|-heal|p2a: Clodsire|97\/100|[from] item: Leftovers\n|-end|p2a: Clodsire|move: Taunt\n|upkeep\n|turn|7\n|\n|t:|1701136961\n|move|p1a: Gyarados|Taunt|p2a: Clodsire\n|-start|p2a: Clodsire|move: Taunt\n|cant|p2a: Clodsire|move: Taunt|Toxic\n|\n|-heal|p2a: Clodsire|100\/100|[from] item: Leftovers\n|-fieldend|move: Electric Terrain\n|upkeep\n|turn|8\n|\n|t:|1701136966\n|switch|p2a: Latias|Latias, F, shiny|100\/100\n|-damage|p2a: Latias|88\/100|[from] Stealth Rock\n|move|p1a: Gyarados|Dragon Dance|p1a: Gyarados\n|-boost|p1a: Gyarados|atk|1\n|-boost|p1a: Gyarados|spe|1\n|\n|upkeep\n|turn|9\n|\n|t:|1701136974\n|detailschange|p1a: Gyarados|Gyarados-Mega, F\n|-mega|p1a: Gyarados|Gyarados|Gyaradosite\n|-ability|p1a: Gyarados|Mold Breaker\n|detailschange|p2a: Latias|Latias-Mega, F, shiny\n|-mega|p2a: Latias|Latias|Latiasite\n|move|p1a: Gyarados|Crunch|p2a: Latias\n|-supereffective|p2a: Latias\n|-damage|p2a: Latias|0 fnt\n|faint|p2a: Latias\n|\n|upkeep\n|\n|t:|1701136977\n|switch|p2a: Breloom|Breloom, F|100\/100\n|-damage|p2a: Breloom|94\/100|[from] Stealth Rock\n|turn|10\n|\n|t:|1701136982\n|move|p1a: Gyarados|Crunch|p2a: Breloom\n|-resisted|p2a: Breloom\n|-damage|p2a: Breloom|37\/100\n|move|p2a: Breloom|Spore|p1a: Gyarados\n|-status|p1a: Gyarados|slp|[from] move: Spore\n|\n|-sideend|p1: SSSSSSlizard|Reflect\n|upkeep\n|turn|11\n|\n|t:|1701136991\n|cant|p1a: Gyarados|slp\n|move|p2a: Breloom|Bullet Seed|p1a: Gyarados\n|-supereffective|p1a: Gyarados\n|-damage|p1a: Gyarados|64\/100 slp\n|-supereffective|p1a: Gyarados\n|-damage|p1a: Gyarados|27\/100 slp\n|-supereffective|p1a: Gyarados\n|-damage|p1a: Gyarados|0 fnt\n|faint|p1a: Gyarados\n|-hitcount|p1: Gyarados|3\n|\n|upkeep\n|\n|t:|1701136995\n|switch|p1a: Tapu Koko|Tapu Koko|72\/100\n|-fieldstart|move: Electric Terrain|[from] ability: Electric Surge|[of] p1a: Tapu Koko\n|turn|12\n|\n|t:|1701137002\n|move|p1a: Tapu Koko|Reflect|p1a: Tapu Koko\n|-sidestart|p1: SSSSSSlizard|Reflect\n|move|p2a: Breloom|Bullet Seed|p1a: Tapu Koko\n|-damage|p1a: Tapu Koko|62\/100\n|-damage|p1a: Tapu Koko|50\/100\n|-damage|p1a: Tapu Koko|39\/100\n|-damage|p1a: Tapu Koko|30\/100\n|-damage|p1a: Tapu Koko|20\/100\n|-hitcount|p1a: Tapu Koko|5\n|\n|-sideend|p1: SSSSSSlizard|move: Light Screen\n|upkeep\n|turn|13\n|\n|t:|1701137008\n|switch|p2a: Clodsire|Clodsire, F|100\/100\n|-damage|p2a: Clodsire|94\/100|[from] Stealth Rock\n|move|p1a: Tapu Koko|Light Screen|p1a: Tapu Koko\n|-sidestart|p1: SSSSSSlizard|move: Light Screen\n|\n|-heal|p2a: Clodsire|100\/100|[from] item: Leftovers\n|upkeep\n|turn|14\n|\n|t:|1701137019\n|move|p1a: Tapu Koko|U-turn|p2a: Clodsire\n|-resisted|p2a: Clodsire\n|-damage|p2a: Clodsire|91\/100\n|\n|t:|1701137021\n|switch|p1a: Sneasler|Sneasler, M|100\/100|[from] U-turn\n|-enditem|p1a: Sneasler|Electric Seed\n|-boost|p1a: Sneasler|def|1|[from] item: Electric Seed\n|move|p2a: Clodsire|Earthquake|p1a: Sneasler\n|-supereffective|p1a: Sneasler\n|-damage|p1a: Sneasler|56\/100\n|\n|-heal|p2a: Clodsire|97\/100|[from] item: Leftovers\n|upkeep\n|turn|15\n|\n|t:|1701137027\n|-terastallize|p1a: Sneasler|Flying\n|move|p1a: Sneasler|Acrobatics|p2a: Clodsire\n|-damage|p2a: Clodsire|21\/100\n|move|p2a: Clodsire|Earthquake|p1a: Sneasler\n|-immune|p1a: Sneasler\n|\n|-heal|p2a: Clodsire|27\/100|[from] item: Leftovers\n|upkeep\n|turn|16\n|\n|t:|1701137035\n|switch|p2a: Corviknight|Corviknight, F, shiny|100\/100\n|-damage|p2a: Corviknight|88\/100|[from] Stealth Rock\n|-ability|p2a: Corviknight|Pressure\n|move|p1a: Sneasler|Swords Dance|p1a: Sneasler\n|-boost|p1a: Sneasler|atk|2\n|\n|-fieldend|move: Electric Terrain\n|upkeep\n|turn|17\n|\n|t:|1701137041\n|move|p1a: Sneasler|Close Combat|p2a: Corviknight\n|-damage|p2a: Corviknight|11\/100\n|-unboost|p1a: Sneasler|def|1\n|-unboost|p1a: Sneasler|spd|1\n|-damage|p1a: Sneasler|40\/100|[from] item: Rocky Helmet|[of] p2a: Corviknight\n|move|p2a: Corviknight|Iron Defense|p2a: Corviknight\n|-boost|p2a: Corviknight|def|2\n|\n|upkeep\n|turn|18\n|j| NDSNE zooted\n|\n|t:|1701137047\n|move|p1a: Sneasler|Close Combat|p2a: Corviknight\n|-damage|p2a: Corviknight|0 fnt\n|-unboost|p1a: Sneasler|def|1\n|-unboost|p1a: Sneasler|spd|1\n|-damage|p1a: Sneasler|23\/100|[from] item: Rocky Helmet|[of] p2a: Corviknight\n|faint|p2a: Corviknight\n|\n|upkeep\n|\n|t:|1701137048\n|switch|p2a: Ceruledge|Ceruledge, F, shiny|100\/100\n|turn|19\n|\n|t:|1701137051\n|move|p1a: Sneasler|Acrobatics|p2a: Ceruledge\n|-damage|p2a: Ceruledge|0 fnt\n|faint|p2a: Ceruledge\n|\n|-sideend|p1: SSSSSSlizard|Reflect\n|upkeep\n|\n|t:|1701137062\n|switch|p2a: Breloom|Breloom, F|37\/100\n|-damage|p2a: Breloom|31\/100|[from] Stealth Rock\n|turn|20\n|\n|t:|1701137064\n|-terastallize|p2a: Breloom|Fighting\n|move|p2a: Breloom|Mach Punch|p1a: Sneasler\n|-resisted|p1a: Sneasler\n|-damage|p1a: Sneasler|0 fnt\n|faint|p1a: Sneasler\n|\n|-sideend|p1: SSSSSSlizard|move: Light Screen\n|upkeep\n|\n|t:|1701137073\n|switch|p1a: Ceruledge|Ceruledge, F|100\/100\n|turn|21\n|\n|t:|1701137080\n|move|p1a: Ceruledge|Bitter Blade|p2a: Breloom\n|-damage|p2a: Breloom|0 fnt\n|faint|p2a: Breloom\n|\n|upkeep\n|\n|t:|1701137085\n|switch|p2a: Gardevoir|Gardevoir, F, shiny|100\/100\n|-damage|p2a: Gardevoir|88\/100|[from] Stealth Rock\n|-ability|p2a: Gardevoir|Weak Armor|[from] ability: Trace|[of] p1a: Ceruledge\n|turn|22\n|\n|t:|1701137090\n|move|p2a: Gardevoir|Psyshock|p1a: Ceruledge\n|-damage|p1a: Ceruledge|47\/100\n|move|p1a: Ceruledge|Swords Dance|p1a: Ceruledge\n|-boost|p1a: Ceruledge|atk|2\n|\n|upkeep\n|turn|23\n|\n|t:|1701137093\n|move|p1a: Ceruledge|Shadow Sneak|p2a: Gardevoir\n|-supereffective|p2a: Gardevoir\n|-damage|p2a: Gardevoir|0 fnt\n|faint|p2a: Gardevoir\n|\n|upkeep\n|\n|t:|1701137095\n|switch|p2a: Clodsire|Clodsire, F|27\/100\n|-damage|p2a: Clodsire|21\/100|[from] Stealth Rock\n|turn|24\n|\n|t:|1701137097\n|move|p1a: Ceruledge|Bitter Blade|p2a: Clodsire\n|-damage|p2a: Clodsire|0 fnt\n|-heal|p1a: Ceruledge|64\/100|[from] drain|[of] p2a: Clodsire\n|faint|p2a: Clodsire\n|\n|win|SSSSSSlizard\n|raw|SSSSSSlizard's rating: 1657 &rarr; <strong>1686<\/strong><br \/>(+29 for winning)\n|raw|Elite Sabrina's rating: 1834 &rarr; <strong>1805<\/strong><br \/>(-29 for losing)\n|c|\u2606Elite Sabrina|gg\n|l|\u2606Elite Sabrina\n|c|\u2606SSSSSSlizard|ggs\n|l|\u2606SSSSSSlizard\n|l| hainiumm\n|l| NDSNE zooted\n|j|\u2606SSSSSSlizard\n|player|p1|SSSSSSlizard|irida\n","uploadtime":1701137385,"views":1,"p1id":"sssssslizard","p2id":"elitesabrina","formatid":"gen9nationaldex","rating":1686,"private":0,"password":""}