{"id":"gen9nationaldex-1996818275","p1":"red fintans","p2":"The power of ROCK","format":"[Gen 9] National Dex","log":"|html|<div class=\"broadcast-blue\"><strong>[Gen 9] National Dex is currently suspecting Sneasler! For information on how to participate check out the <a href=\"https:\/\/www.smogon.com\/forums\/threads\/sv-national-dex-suspect-8-just-dance.3731534\/\">suspect thread<\/a>.<\/strong><\/div>\n|j|\u2606red fintans\n|j|\u2606The power of ROCK\n|inactive|Battle timer is ON: inactive players will automatically lose when time's up.\n|t:|1700730324\n|gametype|singles\n|player|p1|red fintans|depotagent|\n|player|p2|The power of ROCK|roark|\n|teamsize|p1|6\n|teamsize|p2|6\n|gen|9\n|tier|[Gen 9] National Dex\n|rated|Tournament battle\n|rule|HP Percentage Mod: HP is shown in percentages\n|rule|Endless Battle Clause: Forcing endless battles is banned\n|rule|OHKO Clause: OHKO moves are banned\n|rule|Evasion Clause: Evasion abilities, items, and moves are banned\n|rule|Evasion Abilities Clause: Evasion abilities are banned\n|rule|Evasion Items Clause: Evasion items are banned\n|rule|Evasion Moves Clause: Evasion moves are banned\n|rule|Species Clause: Limit one of each Pok\u00e9mon\n|rule|Sleep Clause Mod: Limit one foe put to sleep\n|clearpoke\n|poke|p1|Mawile, M|\n|poke|p1|Tapu Bulu|\n|poke|p1|Heatran, M|\n|poke|p1|Alomomola, M|\n|poke|p1|Great Tusk|\n|poke|p1|Urshifu-*, F|\n|poke|p2|Tyranitar, F|\n|poke|p2|Garganacl, F|\n|poke|p2|Aggron, M|\n|poke|p2|Glimmora, M|\n|poke|p2|Aurorus, F|\n|poke|p2|Rampardos, M|\n|teampreview\n|inactive|red fintans also wants the timer to be on.\n|c|\u2606red fintans|gl\n|c|\u2606The power of ROCK|Welcome to the ROCK gym\n|c|\u2606red fintans|testing a completely new team hope this goes alright\n|c|\u2606red fintans|oh a gym?\n|c|\u2606The power of ROCK|ye\n|\n|t:|1700730343\n|start\n|switch|p1a: Tapu Bulu|Tapu Bulu|100\/100\n|switch|p2a: Garganacl|Garganacl, F|100\/100\n|-fieldstart|move: Grassy Terrain|[from] ability: Grassy Surge|[of] p1a: Tapu Bulu\n|turn|1\n|c|\u2606The power of ROCK|This gym was made for people like you\n|c|\u2606The power of ROCK|who want to test\n|c|\u2606red fintans|well uhh\n|c|\u2606red fintans|color me surprised\n|\n|t:|1700730366\n|switch|p2a: Glimmora|Glimmora, M|100\/100\n|move|p1a: Tapu Bulu|Leech Seed|p2a: Glimmora|[miss]\n|-miss|p1a: Tapu Bulu|p2a: Glimmora\n|\n|upkeep\n|turn|2\n|\n|t:|1700730373\n|switch|p1a: Heatran|Heatran, M|100\/100\n|move|p2a: Glimmora|Mortal Spin|p1a: Heatran\n|-immune|p1a: Heatran\n|\n|upkeep\n|turn|3\n|\n|t:|1700730383\n|switch|p2a: Tyranitar|Tyranitar, F|100\/100\n|-weather|Sandstorm|[from] ability: Sand Stream|[of] p2a: Tyranitar\n|switch|p1a: Urshifu|Urshifu-Rapid-Strike, F|100\/100\n|\n|-weather|Sandstorm|[upkeep]\n|-damage|p1a: Urshifu|94\/100|[from] Sandstorm\n|-heal|p1a: Urshifu|100\/100|[from] Grassy Terrain\n|upkeep\n|turn|4\n|\n|t:|1700730389\n|switch|p2a: Glimmora|Glimmora, M|100\/100\n|move|p1a: Urshifu|Surging Strikes|p2a: Glimmora\n|-supereffective|p2a: Glimmora\n|-crit|p2a: Glimmora\n|-damage|p2a: Glimmora|50\/100\n|-activate|p2a: Glimmora|ability: Toxic Debris\n|-sidestart|p1: red fintans|move: Toxic Spikes\n|-supereffective|p2a: Glimmora\n|-crit|p2a: Glimmora\n|-damage|p2a: Glimmora|0 fnt\n|-activate|p2a: Glimmora|ability: Toxic Debris\n|-sidestart|p1: red fintans|move: Toxic Spikes\n|faint|p2a: Glimmora\n|-hitcount|p2: Glimmora|2\n|\n|-weather|Sandstorm|[upkeep]\n|-damage|p1a: Urshifu|94\/100|[from] Sandstorm\n|-heal|p1a: Urshifu|100\/100|[from] Grassy Terrain\n|upkeep\n|\n|t:|1700730393\n|switch|p2a: Garganacl|Garganacl, F|100\/100\n|turn|5\n|c|\u2606red fintans|tspikes suck\n|\n|t:|1700730400\n|switch|p1a: Great Tusk|Great Tusk|100\/100\n|-status|p1a: Great Tusk|tox\n|-terastallize|p2a: Garganacl|Ghost\n|move|p2a: Garganacl|Salt Cure|p1a: Great Tusk\n|-resisted|p1a: Great Tusk\n|-damage|p1a: Great Tusk|99\/100 tox\n|-start|p1a: Great Tusk|Salt Cure\n|\n|-weather|Sandstorm|[upkeep]\n|-damage|p2a: Garganacl|94\/100|[from] Sandstorm\n|-heal|p1a: Great Tusk|100\/100 tox|[from] Grassy Terrain\n|-heal|p2a: Garganacl|100\/100|[from] Grassy Terrain\n|-damage|p1a: Great Tusk|94\/100 tox|[from] psn\n|-damage|p1a: Great Tusk|82\/100 tox|[from] Salt Cure\n|upkeep\n|turn|6\n|c|\u2606red fintans|bruh\n|\n|t:|1700730416\n|-end|p1a: Great Tusk|Protosynthesis|[silent]\n|switch|p1a: Mawile|Mawile, M|100\/100\n|-ability|p1a: Mawile|Intimidate|boost\n|-unboost|p2a: Garganacl|atk|1\n|move|p2a: Garganacl|Iron Defense|p2a: Garganacl\n|-boost|p2a: Garganacl|def|2\n|\n|-weather|Sandstorm|[upkeep]\n|-damage|p2a: Garganacl|94\/100|[from] Sandstorm\n|-heal|p2a: Garganacl|100\/100|[from] Grassy Terrain\n|upkeep\n|turn|7\n|\n|t:|1700730419\n|detailschange|p1a: Mawile|Mawile-Mega, M\n|-mega|p1a: Mawile|Mawile|Mawilite\n|move|p1a: Mawile|Knock Off|p2a: Garganacl\n|-supereffective|p2a: Garganacl\n|-damage|p2a: Garganacl|55\/100\n|-enditem|p2a: Garganacl|Maranga Berry|[from] move: Knock Off|[of] p1a: Mawile\n|move|p2a: Garganacl|Salt Cure|p1a: Mawile\n|-resisted|p1a: Mawile\n|-damage|p1a: Mawile|96\/100\n|-start|p1a: Mawile|Salt Cure\n|\n|-weather|none\n|-heal|p1a: Mawile|100\/100|[from] Grassy Terrain\n|-heal|p2a: Garganacl|62\/100|[from] Grassy Terrain\n|-damage|p1a: Mawile|76\/100|[from] Salt Cure\n|upkeep\n|turn|8\n|\n|t:|1700730429\n|move|p1a: Mawile|Knock Off|p2a: Garganacl\n|-supereffective|p2a: Garganacl\n|-crit|p2a: Garganacl\n|-damage|p2a: Garganacl|0 fnt\n|faint|p2a: Garganacl\n|\n|-heal|p1a: Mawile|82\/100|[from] Grassy Terrain\n|-damage|p1a: Mawile|57\/100|[from] Salt Cure\n|-fieldend|move: Grassy Terrain\n|upkeep\n|c|\u2606red fintans|sorry\n|\n|t:|1700730437\n|switch|p2a: Aggron|Aggron, M|100\/100\n|turn|9\n|\n|t:|1700730443\n|switch|p1a: Great Tusk|Great Tusk|82\/100 tox\n|detailschange|p2a: Aggron|Aggron-Mega, M\n|-mega|p2a: Aggron|Aggron|Aggronite\n|move|p2a: Aggron|Iron Defense|p2a: Aggron\n|-boost|p2a: Aggron|def|2\n|\n|-heal|p1a: Great Tusk|88\/100 tox|[from] item: Leftovers\n|-damage|p1a: Great Tusk|82\/100 tox|[from] psn\n|upkeep\n|turn|10\n|\n|t:|1700730452\n|move|p1a: Great Tusk|Rapid Spin|p2a: Aggron\n|-resisted|p2a: Aggron\n|-crit|p2a: Aggron\n|-damage|p2a: Aggron|96\/100\n|-boost|p1a: Great Tusk|spe|1\n|-sideend|p1: red fintans|Toxic Spikes|[from] move: Rapid Spin|[of] p1a: Great Tusk\n|move|p2a: Aggron|Iron Defense|p2a: Aggron\n|-boost|p2a: Aggron|def|2\n|\n|-heal|p1a: Great Tusk|88\/100 tox|[from] item: Leftovers\n|-damage|p1a: Great Tusk|76\/100 tox|[from] psn\n|upkeep\n|turn|11\n|c|\u2606red fintans|lol i wasted my crit\n|\n|t:|1700730465\n|move|p1a: Great Tusk|Headlong Rush|p2a: Aggron\n|-supereffective|p2a: Aggron\n|-damage|p2a: Aggron|86\/100\n|-unboost|p1a: Great Tusk|def|1\n|-unboost|p1a: Great Tusk|spd|1\n|move|p2a: Aggron|Body Press|p1a: Great Tusk\n|-damage|p1a: Great Tusk|0 fnt\n|faint|p1a: Great Tusk\n|-end|p1a: Great Tusk|Protosynthesis|[silent]\n|\n|upkeep\n|\n|t:|1700730472\n|switch|p1a: Heatran|Heatran, M|100\/100\n|turn|12\n|c|\u2606red fintans|if i miss its probably game\n|\n|t:|1700730480\n|move|p1a: Heatran|Magma Storm|p2a: Aggron|[miss]\n|-miss|p1a: Heatran|p2a: Aggron\n|move|p2a: Aggron|Body Press|p1a: Heatran\n|-supereffective|p1a: Heatran\n|-damage|p1a: Heatran|0 fnt\n|faint|p1a: Heatran\n|\n|upkeep\n|c|\u2606red fintans|game\n|\n|t:|1700730487\n|switch|p1a: Urshifu|Urshifu-Rapid-Strike, F|100\/100\n|turn|13\n|\n|t:|1700730491\n|-terastallize|p1a: Urshifu|Water\n|move|p1a: Urshifu|Surging Strikes|p2a: Aggron\n|-crit|p2a: Aggron\n|-damage|p2a: Aggron|75\/100\n|-crit|p2a: Aggron\n|-damage|p2a: Aggron|64\/100\n|-crit|p2a: Aggron\n|-damage|p2a: Aggron|53\/100\n|-hitcount|p2a: Aggron|3\n|move|p2a: Aggron|Body Press|p1a: Urshifu\n|-damage|p1a: Urshifu|0 fnt\n|faint|p1a: Urshifu\n|\n|upkeep\n|c|\u2606red fintans|yeah gg\n|c|\u2606The power of ROCK|gg\n|\n|t:|1700730501\n|switch|p1a: Tapu Bulu|Tapu Bulu|100\/100\n|-fieldstart|move: Grassy Terrain|[from] ability: Grassy Surge|[of] p1a: Tapu Bulu\n|turn|14\n|c|\u2606red fintans|shouldnt have said that\n|c|\u2606red fintans|then i wouldnt have missed\n|c|\u2606red fintans|LOL\n|\n|t:|1700730518\n|move|p1a: Tapu Bulu|Superpower|p2a: Aggron\n|-supereffective|p2a: Aggron\n|-damage|p2a: Aggron|44\/100\n|-unboost|p1a: Tapu Bulu|atk|1\n|-unboost|p1a: Tapu Bulu|def|1\n|move|p2a: Aggron|Iron Defense|p2a: Aggron\n|-boost|p2a: Aggron|def|2\n|\n|-heal|p2a: Aggron|50\/100|[from] Grassy Terrain\n|upkeep\n|turn|15\n|\n|t:|1700730525\n|move|p1a: Tapu Bulu|Leech Seed|p2a: Aggron\n|-start|p2a: Aggron|move: Leech Seed\n|move|p2a: Aggron|Body Press|p1a: Tapu Bulu\n|-resisted|p1a: Tapu Bulu\n|-damage|p1a: Tapu Bulu|0 fnt\n|faint|p1a: Tapu Bulu\n|\n|-heal|p2a: Aggron|56\/100|[from] Grassy Terrain\n|upkeep\n|\n|t:|1700730529\n|switch|p1a: Mawile|Mawile-Mega, M|57\/100\n|turn|16\n|\n|t:|1700730536\n|move|p1a: Mawile|Sucker Punch|p2a: Aggron\n|-damage|p2a: Aggron|51\/100\n|move|p2a: Aggron|Body Press|p1a: Mawile\n|-damage|p1a: Mawile|0 fnt\n|faint|p1a: Mawile\n|\n|-heal|p2a: Aggron|57\/100|[from] Grassy Terrain\n|upkeep\n|\n|t:|1700730539\n|switch|p1a: Alomomola|Alomomola, M|100\/100\n|turn|17\n|c|\u2606red fintans|wp\n|\n|t:|1700730546\n|move|p1a: Alomomola|Flip Turn|p2a: Aggron\n|-damage|p2a: Aggron|55\/100\n|move|p2a: Aggron|Body Press|p1a: Alomomola\n|-damage|p1a: Alomomola|0 fnt\n|faint|p1a: Alomomola\n|\n|win|The power of ROCK\n|n|\u2606red fintans|redfintans\n|n|\u2606The power of ROCK|thepowerofrock\n|c|\u2606The power of ROCK|thx\n|c|\u2606The power of ROCK|u2 : )\n","uploadtime":1700730555,"views":1,"p1id":"redfintans","p2id":"thepowerofrock","formatid":"gen9nationaldex","rating":0,"private":0,"password":""}