{"id":"gen9nationaldex-1994354573","p1":"AiraAira","p2":"ashimarin","format":"[Gen 9] National Dex","log":"|j|\u2606AiraAira\n|j|\u2606ashimarin\n|t:|1700434428\n|gametype|singles\n|player|p1|AiraAira|2|\n|player|p2|ashimarin|lady-gen4|\n|teamsize|p1|6\n|teamsize|p2|6\n|gen|9\n|tier|[Gen 9] National Dex\n|rule|HP Percentage Mod: HP is shown in percentages\n|rule|Endless Battle Clause: Forcing endless battles is banned\n|rule|OHKO Clause: OHKO moves are banned\n|rule|Evasion Clause: Evasion abilities, items, and moves are banned\n|rule|Evasion Abilities Clause: Evasion abilities are banned\n|rule|Evasion Items Clause: Evasion items are banned\n|rule|Evasion Moves Clause: Evasion moves are banned\n|rule|Species Clause: Limit one of each Pok\u00e9mon\n|rule|Sleep Clause Mod: Limit one foe put to sleep\n|clearpoke\n|poke|p1|Talonflame, M|\n|poke|p1|Pyroar, M|\n|poke|p1|Houndoom, M|\n|poke|p1|Delphox, M|\n|poke|p1|Oricorio, M|\n|poke|p1|Rapidash, F|\n|poke|p2|Tauros-Paldea-Blaze, M|\n|poke|p2|Ninetales, F|\n|poke|p2|Rotom-Heat|\n|poke|p2|Centiskorch, M|\n|poke|p2|Delphox, F|\n|poke|p2|Marowak-Alola, M|\n|teampreview\n|\n|t:|1700434453\n|start\n|switch|p1a: Talonflame|Talonflame, M, shiny|100\/100\n|switch|p2a: Rotom|Rotom-Heat|100\/100\n|turn|1\n|\n|t:|1700434486\n|move|p1a: Talonflame|Tailwind|p1a: Talonflame\n|-sidestart|p1: AiraAira|move: Tailwind\n|move|p2a: Rotom|Discharge|p1a: Talonflame\n|-supereffective|p1a: Talonflame\n|-enditem|p1a: Talonflame|Focus Sash\n|-damage|p1a: Talonflame|1\/100\n|\n|upkeep\n|turn|2\n|\n|t:|1700434497\n|move|p1a: Talonflame|Flail|p2a: Rotom\n|-damage|p2a: Rotom|49\/100\n|move|p2a: Rotom|Rain Dance|p2a: Rotom\n|-weather|RainDance\n|\n|-weather|RainDance|[upkeep]\n|-heal|p2a: Rotom|55\/100|[from] item: Leftovers\n|upkeep\n|turn|3\n|\n|t:|1700434507\n|move|p1a: Talonflame|Flail|p2a: Rotom\n|-damage|p2a: Rotom|0 fnt\n|faint|p2a: Rotom\n|\n|-weather|RainDance|[upkeep]\n|upkeep\n|\n|t:|1700434516\n|switch|p2a: Ninetales|Ninetales, F|100\/100\n|turn|4\n|\n|t:|1700434532\n|move|p1a: Talonflame|Flail|p2a: Ninetales\n|-damage|p2a: Ninetales|21\/100\n|move|p2a: Ninetales|Shadow Ball|p1a: Talonflame\n|-damage|p1a: Talonflame|0 fnt\n|faint|p1a: Talonflame\n|\n|-weather|RainDance|[upkeep]\n|-sideend|p1: AiraAira|move: Tailwind\n|upkeep\n|\n|t:|1700434545\n|switch|p1a: Pyroar|Pyroar, M, shiny|100\/100\n|-ability|p1a: Pyroar|Unnerve\n|turn|5\n|\n|t:|1700434566\n|move|p1a: Pyroar|Hyper Voice|p2a: Ninetales\n|-damage|p2a: Ninetales|0 fnt\n|faint|p2a: Ninetales\n|\n|-weather|RainDance|[upkeep]\n|upkeep\n|\n|t:|1700434572\n|switch|p2a: Delphox|Delphox, F|100\/100\n|turn|6\n|\n|t:|1700434575\n|move|p1a: Pyroar|Toxic|p2a: Delphox\n|-status|p2a: Delphox|tox\n|move|p2a: Delphox|Trick Room|p2a: Delphox\n|-fieldstart|move: Trick Room|[of] p2a: Delphox\n|\n|-weather|none\n|-damage|p2a: Delphox|94\/100 tox|[from] psn\n|upkeep\n|turn|7\n|\n|t:|1700434614\n|move|p2a: Delphox|Calm Mind|p2a: Delphox\n|-boost|p2a: Delphox|spa|1\n|-boost|p2a: Delphox|spd|1\n|move|p1a: Pyroar|Hyper Voice|p2a: Delphox\n|-damage|p2a: Delphox|68\/100 tox\n|\n|-damage|p2a: Delphox|55\/100 tox|[from] psn\n|upkeep\n|turn|8\n|\n|t:|1700434632\n|move|p2a: Delphox|Psyshock|p1a: Pyroar\n|-damage|p1a: Pyroar|37\/100\n|move|p1a: Pyroar|Rest|p1a: Pyroar\n|-status|p1a: Pyroar|slp|[from] move: Rest\n|-heal|p1a: Pyroar|100\/100 slp|[silent]\n|-enditem|p1a: Pyroar|Chesto Berry|[eat]\n|-curestatus|p1a: Pyroar|slp|[msg]\n|\n|-damage|p2a: Delphox|37\/100 tox|[from] psn\n|upkeep\n|turn|9\n|\n|t:|1700434647\n|move|p1a: Pyroar|Protect|p1a: Pyroar\n|-singleturn|p1a: Pyroar|Protect\n|move|p2a: Delphox|Stored Power|p1a: Pyroar\n|-activate|p1a: Pyroar|move: Protect\n|\n|-damage|p2a: Delphox|12\/100 tox|[from] psn\n|upkeep\n|turn|10\n|\n|t:|1700434721\n|switch|p1a: Houndoom|Houndoom, M, shiny|100\/100\n|-ability|p1a: Houndoom|Unnerve\n|move|p2a: Delphox|Stored Power|p1a: Houndoom\n|-immune|p1a: Houndoom\n|\n|-damage|p2a: Delphox|0 fnt|[from] psn\n|faint|p2a: Delphox\n|-fieldend|move: Trick Room\n|upkeep\n|\n|t:|1700434731\n|switch|p2a: Centiskorch|Centiskorch, M|100\/100\n|turn|11\n|\n|t:|1700434744\n|move|p1a: Houndoom|Nasty Plot|p1a: Houndoom\n|-boost|p1a: Houndoom|spa|2\n|move|p2a: Centiskorch|Scald|p1a: Houndoom\n|-supereffective|p1a: Houndoom\n|-damage|p1a: Houndoom|34\/100\n|\n|upkeep\n|turn|12\n|\n|t:|1700434777\n|move|p1a: Houndoom|Hidden Power|p2a: Centiskorch\n|-supereffective|p2a: Centiskorch\n|-damage|p2a: Centiskorch|0 fnt\n|faint|p2a: Centiskorch\n|\n|upkeep\n|\n|t:|1700434783\n|switch|p2a: Tauros|Tauros-Paldea-Blaze, M|100\/100\n|-ability|p2a: Tauros|Intimidate|boost\n|-unboost|p1a: Houndoom|atk|1\n|turn|13\n|\n|t:|1700434796\n|move|p2a: Tauros|Close Combat|p1a: Houndoom\n|-supereffective|p1a: Houndoom\n|-damage|p1a: Houndoom|0 fnt\n|-unboost|p2a: Tauros|def|1\n|-unboost|p2a: Tauros|spd|1\n|faint|p1a: Houndoom\n|\n|upkeep\n|\n|t:|1700434803\n|switch|p1a: Oricorio|Oricorio, M, shiny|100\/100\n|turn|14\n|\n|t:|1700434837\n|move|p2a: Tauros|Close Combat|p1a: Oricorio\n|-resisted|p1a: Oricorio\n|-damage|p1a: Oricorio|57\/100\n|-unboost|p2a: Tauros|def|1\n|-unboost|p2a: Tauros|spd|1\n|move|p1a: Oricorio|Quiver Dance|p1a: Oricorio\n|-boost|p1a: Oricorio|spa|1\n|-boost|p1a: Oricorio|spd|1\n|-boost|p1a: Oricorio|spe|1\n|\n|upkeep\n|turn|15\n|l|\u2606AiraAira\n|player|p1|\n|j|\u2606AiraAira\n|player|p1|AiraAira|2\n|\n|t:|1700434862\n|switch|p2a: Marowak|Marowak-Alola, M|100\/100\n|move|p1a: Oricorio|Air Slash|p2a: Marowak\n|-damage|p2a: Marowak|31\/100\n|\n|upkeep\n|turn|16\n|\n|t:|1700434872\n|move|p1a: Oricorio|Air Slash|p2a: Marowak\n|-damage|p2a: Marowak|0 fnt\n|faint|p2a: Marowak\n|\n|upkeep\n|\n|t:|1700434880\n|switch|p2a: Tauros|Tauros-Paldea-Blaze, M|100\/100\n|-ability|p2a: Tauros|Intimidate|boost\n|-unboost|p1a: Oricorio|atk|1\n|turn|17\n|l|\u2606AiraAira\n|player|p1|\n|\n|t:|1700434986\n|move|p1a: Oricorio|Air Slash|p2a: Tauros\n|-supereffective|p2a: Tauros\n|-damage|p2a: Tauros|0 fnt\n|faint|p2a: Tauros\n|\n|win|AiraAira\n|l|\u2606ashimarin\n|j|\u2606AiraAira\n|player|p1|AiraAira|2\n","uploadtime":1700434999,"views":6,"p1id":"airaaira","p2id":"ashimarin","formatid":"gen9nationaldex","rating":0,"private":0,"password":""}