{"id":"gen9nationaldex-1991081111","p1":"daniel241595","p2":"meimieya","format":"[Gen 9] National Dex","log":"|j|\u2606daniel241595\n|j|\u2606meimieya\n|t:|1700039837\n|gametype|singles\n|player|p1|daniel241595|gambler|1401\n|player|p2|meimieya|266|1317\n|teamsize|p1|6\n|teamsize|p2|6\n|gen|9\n|tier|[Gen 9] National Dex\n|rated|\n|rule|HP Percentage Mod: HP is shown in percentages\n|rule|Endless Battle Clause: Forcing endless battles is banned\n|rule|OHKO Clause: OHKO moves are banned\n|rule|Evasion Clause: Evasion abilities, items, and moves are banned\n|rule|Evasion Abilities Clause: Evasion abilities are banned\n|rule|Evasion Items Clause: Evasion items are banned\n|rule|Evasion Moves Clause: Evasion moves are banned\n|rule|Species Clause: Limit one of each Pok\u00e9mon\n|rule|Sleep Clause Mod: Limit one foe put to sleep\n|clearpoke\n|poke|p1|Arcanine, M|\n|poke|p1|Flygon, F|\n|poke|p1|Empoleon, M|\n|poke|p1|Eelektross, F|\n|poke|p1|Florges, F|\n|poke|p1|Kleavor, M|\n|poke|p2|Pelipper, F|\n|poke|p2|Barraskewda, M|\n|poke|p2|Rillaboom, F|\n|poke|p2|Swampert, M|\n|poke|p2|Moltres|\n|poke|p2|Kingdra, F|\n|teampreview\n|\n|t:|1700039865\n|start\n|switch|p1a: Eelektross|Eelektross, F|100\/100\n|switch|p2a: Swampert|Swampert, M|100\/100\n|turn|1\n|\n|t:|1700039879\n|detailschange|p2a: Swampert|Swampert-Mega, M\n|-mega|p2a: Swampert|Swampert|Swampertite\n|move|p2a: Swampert|Liquidation|p1a: Eelektross\n|-crit|p1a: Eelektross\n|-damage|p1a: Eelektross|8\/100\n|move|p1a: Eelektross|Giga Drain|p2a: Swampert\n|-supereffective|p2a: Swampert\n|-damage|p2a: Swampert|2\/100\n|-heal|p1a: Eelektross|53\/100|[from] drain|[of] p2a: Swampert\n|\n|upkeep\n|turn|2\n|\n|t:|1700039898\n|move|p2a: Swampert|Liquidation|p1a: Eelektross\n|-damage|p1a: Eelektross|0 fnt\n|faint|p1a: Eelektross\n|\n|upkeep\n|\n|t:|1700039914\n|switch|p1a: Kleavor|Kleavor, M|100\/100\n|turn|3\n|\n|t:|1700039941\n|move|p1a: Kleavor|Stone Axe|p2a: Swampert\n|-resisted|p2a: Swampert\n|-damage|p2a: Swampert|0 fnt\n|-sidestart|p2: meimieya|move: Stealth Rock\n|faint|p2a: Swampert\n|\n|upkeep\n|\n|t:|1700039950\n|switch|p2a: Rillaboom|Rillaboom, F|100\/100\n|-damage|p2a: Rillaboom|88\/100|[from] Stealth Rock\n|-fieldstart|move: Grassy Terrain|[from] ability: Grassy Surge|[of] p2a: Rillaboom\n|turn|4\n|\n|t:|1700039975\n|move|p2a: Rillaboom|Grassy Glide|p1a: Kleavor\n|-damage|p1a: Kleavor|54\/100\n|move|p1a: Kleavor|Stone Axe|p2a: Rillaboom\n|-damage|p2a: Rillaboom|39\/100\n|\n|-heal|p1a: Kleavor|60\/100|[from] Grassy Terrain\n|-heal|p2a: Rillaboom|45\/100|[from] Grassy Terrain\n|upkeep\n|turn|5\n|\n|t:|1700039993\n|move|p2a: Rillaboom|Grassy Glide|p1a: Kleavor\n|-damage|p1a: Kleavor|11\/100\n|move|p1a: Kleavor|Stone Axe|p2a: Rillaboom\n|-damage|p2a: Rillaboom|0 fnt\n|faint|p2a: Rillaboom\n|\n|-heal|p1a: Kleavor|17\/100|[from] Grassy Terrain\n|upkeep\n|\n|t:|1700040004\n|switch|p2a: Barraskewda|Barraskewda, M, shiny|100\/100\n|-damage|p2a: Barraskewda|88\/100|[from] Stealth Rock\n|turn|6\n|\n|t:|1700040014\n|switch|p1a: Florges|Florges, F|100\/100\n|move|p2a: Barraskewda|Flip Turn|p1a: Florges\n|-damage|p1a: Florges|60\/100\n|\n|t:|1700040018\n|switch|p2a: Moltres|Moltres|100\/100|[from] Flip Turn\n|\n|-heal|p1a: Florges|67\/100|[from] Grassy Terrain\n|-heal|p1a: Florges|73\/100|[from] item: Leftovers\n|upkeep\n|turn|7\n|\n|t:|1700040025\n|move|p2a: Moltres|Defog|p1a: Florges\n|-unboost|p1a: Florges|evasion|1\n|-sideend|p2: meimieya|Stealth Rock|[from] move: Defog|[of] p2a: Moltres\n|-fieldend|move: Grassy Terrain\n|move|p1a: Florges|Wish|p1a: Florges\n|\n|-heal|p1a: Florges|79\/100|[from] item: Leftovers\n|upkeep\n|turn|8\n|\n|t:|1700040033\n|move|p2a: Moltres|Toxic|p1a: Florges\n|-status|p1a: Florges|tox\n|move|p1a: Florges|Moonblast|p2a: Moltres\n|-resisted|p2a: Moltres\n|-damage|p2a: Moltres|83\/100\n|\n|-heal|p1a: Florges|100\/100 tox|[from] move: Wish|[wisher] Florges\n|-damage|p1a: Florges|94\/100 tox|[from] psn\n|upkeep\n|turn|9\n|\n|t:|1700040038\n|move|p2a: Moltres|Hurricane|p1a: Florges\n|-damage|p1a: Florges|66\/100 tox\n|move|p1a: Florges|Aromatherapy|p1a: Florges\n|-activate|p1a: Florges|move: Aromatherapy\n|-curestatus|p1a: Florges|tox|[msg]\n|\n|-heal|p1a: Florges|72\/100|[from] item: Leftovers\n|upkeep\n|turn|10\n|\n|t:|1700040046\n|move|p2a: Moltres|Hurricane|p1a: Florges\n|-damage|p1a: Florges|43\/100\n|move|p1a: Florges|Wish|p1a: Florges\n|\n|-heal|p1a: Florges|49\/100|[from] item: Leftovers\n|upkeep\n|turn|11\n|\n|t:|1700040051\n|move|p2a: Moltres|Hurricane|p1a: Florges|[miss]\n|-miss|p2a: Moltres|p1a: Florges\n|move|p1a: Florges|Moonblast|p2a: Moltres\n|-resisted|p2a: Moltres\n|-damage|p2a: Moltres|65\/100\n|\n|-heal|p1a: Florges|99\/100|[from] move: Wish|[wisher] Florges\n|-heal|p1a: Florges|100\/100|[from] item: Leftovers\n|upkeep\n|turn|12\n|\n|t:|1700040056\n|move|p2a: Moltres|Defog|p1a: Florges\n|-unboost|p1a: Florges|evasion|1\n|move|p1a: Florges|Moonblast|p2a: Moltres\n|-resisted|p2a: Moltres\n|-damage|p2a: Moltres|45\/100\n|-unboost|p2a: Moltres|spa|1\n|\n|upkeep\n|turn|13\n|\n|t:|1700040059\n|move|p2a: Moltres|Hurricane|p1a: Florges\n|-damage|p1a: Florges|82\/100\n|-start|p1a: Florges|confusion\n|-activate|p1a: Florges|confusion\n|move|p1a: Florges|Wish|p1a: Florges\n|\n|-heal|p1a: Florges|88\/100|[from] item: Leftovers\n|upkeep\n|turn|14\n|\n|t:|1700040066\n|switch|p1a: Empoleon|Empoleon, M|100\/100\n|move|p2a: Moltres|Roost|p2a: Moltres\n|-heal|p2a: Moltres|96\/100\n|-singleturn|p2a: Moltres|move: Roost\n|\n|upkeep\n|turn|15\n|\n|t:|1700040069\n|switch|p2a: Pelipper|Pelipper, F|100\/100\n|-weather|RainDance|[from] ability: Drizzle|[of] p2a: Pelipper\n|move|p1a: Empoleon|Scald|p2a: Pelipper\n|-resisted|p2a: Pelipper\n|-damage|p2a: Pelipper|71\/100\n|\n|-weather|RainDance|[upkeep]\n|upkeep\n|turn|16\n|\n|t:|1700040080\n|move|p2a: Pelipper|U-turn|p1a: Empoleon\n|-resisted|p1a: Empoleon\n|-damage|p1a: Empoleon|98\/100\n|\n|t:|1700040083\n|switch|p2a: Barraskewda|Barraskewda, M, shiny|88\/100|[from] U-turn\n|move|p1a: Empoleon|Scald|p2a: Barraskewda\n|-resisted|p2a: Barraskewda\n|-damage|p2a: Barraskewda|40\/100\n|\n|-weather|RainDance|[upkeep]\n|upkeep\n|turn|17\n|\n|t:|1700040101\n|switch|p1a: Flygon|Flygon, F|100\/100\n|-terastallize|p2a: Barraskewda|Water\n|move|p2a: Barraskewda|Liquidation|p1a: Flygon\n|-damage|p1a: Flygon|0 fnt\n|faint|p1a: Flygon\n|\n|-weather|RainDance|[upkeep]\n|upkeep\n|\n|t:|1700040104\n|switch|p1a: Arcanine|Arcanine, M, shiny|100\/100\n|-ability|p1a: Arcanine|Intimidate|boost\n|-unboost|p2a: Barraskewda|atk|1\n|turn|18\n|\n|t:|1700040106\n|move|p1a: Arcanine|Extreme Speed|p2a: Barraskewda\n|-damage|p2a: Barraskewda|0 fnt\n|faint|p2a: Barraskewda\n|\n|-weather|RainDance|[upkeep]\n|upkeep\n|\n|t:|1700040110\n|switch|p2a: Kingdra|Kingdra, F|100\/100\n|turn|19\n|\n|t:|1700040132\n|-terastallize|p1a: Arcanine|Normal\n|move|p1a: Arcanine|Extreme Speed|p2a: Kingdra\n|-damage|p2a: Kingdra|19\/100\n|move|p2a: Kingdra|Surf|p1a: Arcanine\n|-damage|p1a: Arcanine|0 fnt\n|faint|p1a: Arcanine\n|\n|-weather|RainDance|[upkeep]\n|upkeep\n|\n|t:|1700040141\n|switch|p1a: Empoleon|Empoleon, M|98\/100\n|turn|20\n|\n|t:|1700040144\n|move|p2a: Kingdra|Surf|p1a: Empoleon\n|-resisted|p1a: Empoleon\n|-damage|p1a: Empoleon|56\/100\n|move|p1a: Empoleon|Ice Beam|p2a: Kingdra\n|-damage|p2a: Kingdra|0 fnt\n|faint|p2a: Kingdra\n|\n|-weather|RainDance|[upkeep]\n|upkeep\n|-message|meimieya forfeited.\n|\n|win|daniel241595\n|raw|daniel241595's rating: 1401 &rarr; <strong>1416<\/strong><br \/>(+15 for winning)\n|raw|meimieya's rating: 1317 &rarr; <strong>1302<\/strong><br \/>(-15 for losing)\n","uploadtime":1700040157,"views":9,"p1id":"daniel241595","p2id":"meimieya","formatid":"gen9nationaldex","rating":1302,"private":0,"password":""}