{"id":"gen9nationaldex-1994530505","p1":"DJRRRR","p2":"CharonsFerry596","format":"[Gen 9] National Dex","log":"|j|\u2606DJRRRR\n|j|\u2606CharonsFerry596\n|t:|1700455292\n|gametype|singles\n|player|p1|DJRRRR|roxie|1466\n|player|p2|CharonsFerry596|veteran|1418\n|teamsize|p1|6\n|teamsize|p2|6\n|gen|9\n|tier|[Gen 9] National Dex\n|rated|\n|rule|HP Percentage Mod: HP is shown in percentages\n|rule|Endless Battle Clause: Forcing endless battles is banned\n|rule|OHKO Clause: OHKO moves are banned\n|rule|Evasion Clause: Evasion abilities, items, and moves are banned\n|rule|Evasion Abilities Clause: Evasion abilities are banned\n|rule|Evasion Items Clause: Evasion items are banned\n|rule|Evasion Moves Clause: Evasion moves are banned\n|rule|Species Clause: Limit one of each Pok\u00e9mon\n|rule|Sleep Clause Mod: Limit one foe put to sleep\n|clearpoke\n|poke|p1|Greninja-*, M|\n|poke|p1|Pelipper, F|\n|poke|p1|Barraskewda, M|\n|poke|p1|Scizor, M|\n|poke|p1|Dragonite, M|\n|poke|p1|Zapdos|\n|poke|p2|Alomomola, M|\n|poke|p2|Banette, M|\n|poke|p2|Ting-Lu|\n|poke|p2|Weavile, F|\n|poke|p2|Ribombee, F|\n|poke|p2|Nihilego|\n|teampreview\n|inactive|Battle timer is ON: inactive players will automatically lose when time's up. (requested by CharonsFerry596)\n|\n|t:|1700455323\n|start\n|switch|p1a: Greninja|Greninja, M|100\/100\n|switch|p2a: Melissa|Ribombee, F|100\/100\n|turn|1\n|\n|t:|1700455349\n|-terastallize|p1a: Greninja|Water\n|move|p1a: Greninja|Water Shuriken|p2a: Melissa\n|-damage|p2a: Melissa|79\/100\n|-damage|p2a: Melissa|59\/100\n|-hitcount|p2a: Melissa|2\n|-damage|p1a: Greninja|91\/100|[from] item: Life Orb\n|move|p2a: Melissa|Sticky Web|p1a: Greninja\n|-sidestart|p1: DJRRRR|move: Sticky Web\n|\n|upkeep\n|turn|2\n|\n|t:|1700455363\n|switch|p1a: Zapdos|Zapdos, shiny|100\/100\n|move|p2a: Melissa|U-turn|p1a: Zapdos\n|-resisted|p1a: Zapdos\n|-damage|p1a: Zapdos|92\/100\n|-status|p2a: Melissa|par|[from] ability: Static|[of] p1a: Zapdos\n|\n|t:|1700455370\n|switch|p2a: Herbie|Nihilego|100\/100|[from] U-turn\n|\n|upkeep\n|turn|3\n|\n|t:|1700455377\n|switch|p1a: Scizor|Scizor, M|100\/100\n|-activate|p1a: Scizor|move: Sticky Web\n|-unboost|p1a: Scizor|spe|1\n|move|p2a: Herbie|Meteor Beam||[still]\n|-prepare|p2a: Herbie|Meteor Beam\n|-boost|p2a: Herbie|spa|1\n|-enditem|p2a: Herbie|Power Herb\n|-anim|p2a: Herbie|Meteor Beam|p1a: Scizor\n|-damage|p1a: Scizor|12\/100\n|\n|upkeep\n|turn|4\n|\n|t:|1700455388\n|detailschange|p1a: Scizor|Scizor-Mega, M\n|-mega|p1a: Scizor|Scizor|Scizorite\n|move|p1a: Scizor|Bullet Punch|p2a: Herbie\n|-supereffective|p2a: Herbie\n|-damage|p2a: Herbie|3\/100\n|move|p2a: Herbie|Power Gem|p1a: Scizor\n|-damage|p1a: Scizor|0 fnt\n|faint|p1a: Scizor\n|-ability|p2a: Herbie|Beast Boost|boost\n|-boost|p2a: Herbie|spa|1\n|\n|upkeep\n|\n|t:|1700455402\n|switch|p1a: Dragonite|Dragonite, M|100\/100\n|turn|5\n|\n|t:|1700455411\n|switch|p2a: Armin Mola|Alomomola, M, shiny|100\/100\n|move|p1a: Dragonite|Extreme Speed|p2a: Armin Mola\n|-damage|p2a: Armin Mola|79\/100\n|\n|-heal|p2a: Armin Mola|85\/100|[from] item: Leftovers\n|upkeep\n|turn|6\n|\n|t:|1700455428\n|switch|p1a: Pelipper|Pelipper, F|100\/100\n|-weather|RainDance|[from] ability: Drizzle|[of] p1a: Pelipper\n|move|p2a: Armin Mola|Flip Turn|p1a: Pelipper\n|-resisted|p1a: Pelipper\n|-damage|p1a: Pelipper|90\/100\n|\n|t:|1700455435\n|switch|p2a: Kai|Ting-Lu|100\/100|[from] Flip Turn\n|-ability|p2a: Kai|Vessel of Ruin\n|\n|-weather|RainDance|[upkeep]\n|upkeep\n|turn|7\n|\n|t:|1700455439\n|move|p2a: Kai|Earthquake|p1a: Pelipper\n|-immune|p1a: Pelipper\n|move|p1a: Pelipper|Toxic|p2a: Kai\n|-status|p2a: Kai|tox\n|\n|-weather|RainDance|[upkeep]\n|-damage|p2a: Kai|94\/100 tox|[from] psn\n|upkeep\n|turn|8\n|c|\u2606CharonsFerry596|oops\n|\n|t:|1700455447\n|move|p2a: Kai|Stealth Rock|p1a: Pelipper\n|-sidestart|p1: DJRRRR|move: Stealth Rock\n|move|p1a: Pelipper|U-turn|p2a: Kai\n|-supereffective|p2a: Kai\n|-damage|p2a: Kai|86\/100 tox\n|\n|t:|1700455450\n|switch|p1a: Barraskewda|Barraskewda, M|100\/100|[from] U-turn\n|-activate|p1a: Barraskewda|move: Sticky Web\n|-unboost|p1a: Barraskewda|spe|1\n|-damage|p1a: Barraskewda|88\/100|[from] Stealth Rock\n|\n|-weather|RainDance|[upkeep]\n|-heal|p2a: Kai|92\/100 tox|[from] item: Leftovers\n|-damage|p2a: Kai|80\/100 tox|[from] psn\n|upkeep\n|turn|9\n|\n|t:|1700455455\n|switch|p2a: Armin Mola|Alomomola, M, shiny|100\/100\n|move|p1a: Barraskewda|Flip Turn|p2a: Armin Mola\n|-resisted|p2a: Armin Mola\n|-damage|p2a: Armin Mola|79\/100\n|\n|t:|1700455464\n|switch|p1a: Zapdos|Zapdos, shiny|92\/100|[from] Flip Turn\n|-damage|p1a: Zapdos|67\/100|[from] Stealth Rock\n|\n|-weather|RainDance|[upkeep]\n|-heal|p2a: Armin Mola|85\/100|[from] item: Leftovers\n|upkeep\n|turn|10\n|\n|t:|1700455473\n|switch|p2a: Kai|Ting-Lu|80\/100 tox\n|-ability|p2a: Kai|Vessel of Ruin\n|move|p1a: Zapdos|Hurricane|p2a: Kai\n|-damage|p2a: Kai|51\/100 tox\n|-start|p2a: Kai|confusion\n|\n|-weather|RainDance|[upkeep]\n|-heal|p2a: Kai|57\/100 tox|[from] item: Leftovers\n|-damage|p2a: Kai|51\/100 tox|[from] psn\n|upkeep\n|turn|11\n|\n|t:|1700455483\n|-zpower|p1a: Zapdos\n|move|p1a: Zapdos|Supersonic Skystrike|p2a: Kai|[zeffect]\n|-damage|p2a: Kai|6\/100 tox\n|-activate|p2a: Kai|confusion\n|move|p2a: Kai|Whirlwind|p1a: Zapdos\n|drag|p1a: Greninja|Greninja, M, tera:Water|91\/100\n|-activate|p1a: Greninja|move: Sticky Web\n|-unboost|p1a: Greninja|spe|1\n|-damage|p1a: Greninja|78\/100|[from] Stealth Rock\n|\n|-weather|RainDance|[upkeep]\n|-heal|p2a: Kai|12\/100 tox|[from] item: Leftovers\n|-damage|p2a: Kai|0 fnt|[from] psn\n|faint|p2a: Kai\n|upkeep\n|\n|t:|1700455506\n|switch|p2a: Weavel|Weavile, F|100\/100\n|-ability|p2a: Weavel|Pressure\n|turn|12\n|\n|t:|1700455511\n|switch|p2a: Armin Mola|Alomomola, M, shiny|100\/100\n|move|p1a: Greninja|Water Shuriken|p2a: Armin Mola\n|-resisted|p2a: Armin Mola\n|-damage|p2a: Armin Mola|94\/100\n|-resisted|p2a: Armin Mola\n|-damage|p2a: Armin Mola|87\/100\n|-hitcount|p2a: Armin Mola|2\n|-damage|p1a: Greninja|69\/100|[from] item: Life Orb\n|\n|-weather|RainDance|[upkeep]\n|-heal|p2a: Armin Mola|93\/100|[from] item: Leftovers\n|upkeep\n|turn|13\n|inactive|DJRRRR has 120 seconds left.\n|\n|t:|1700455553\n|switch|p1a: Dragonite|Dragonite, M|100\/100\n|move|p2a: Armin Mola|Wish|p2a: Armin Mola\n|\n|-weather|none\n|-heal|p2a: Armin Mola|99\/100|[from] item: Leftovers\n|upkeep\n|turn|14\n|\n|t:|1700455559\n|switch|p1a: Pelipper|Pelipper, F|90\/100\n|-damage|p1a: Pelipper|65\/100|[from] Stealth Rock\n|-weather|RainDance|[from] ability: Drizzle|[of] p1a: Pelipper\n|move|p2a: Armin Mola|Flip Turn|p1a: Pelipper\n|-resisted|p1a: Pelipper\n|-damage|p1a: Pelipper|54\/100\n|\n|t:|1700455568\n|switch|p2a: Herbie|Nihilego|3\/100|[from] Flip Turn\n|\n|-weather|RainDance|[upkeep]\n|-heal|p2a: Herbie|77\/100|[from] move: Wish|[wisher] Armin Mola\n|upkeep\n|turn|15\n|\n|t:|1700455578\n|move|p2a: Herbie|Power Gem|p1a: Pelipper\n|-supereffective|p1a: Pelipper\n|-damage|p1a: Pelipper|0 fnt\n|faint|p1a: Pelipper\n|-ability|p2a: Herbie|Beast Boost|boost\n|-boost|p2a: Herbie|spa|1\n|\n|-weather|RainDance|[upkeep]\n|upkeep\n|\n|t:|1700455580\n|switch|p1a: Barraskewda|Barraskewda, M|88\/100\n|-activate|p1a: Barraskewda|move: Sticky Web\n|-unboost|p1a: Barraskewda|spe|1\n|-damage|p1a: Barraskewda|76\/100|[from] Stealth Rock\n|turn|16\n|\n|t:|1700455588\n|switch|p2a: Armin Mola|Alomomola, M, shiny|100\/100\n|move|p1a: Barraskewda|Flip Turn|p2a: Armin Mola\n|-resisted|p2a: Armin Mola\n|-damage|p2a: Armin Mola|78\/100\n|\n|t:|1700455592\n|switch|p1a: Zapdos|Zapdos, shiny|67\/100|[from] Flip Turn\n|-damage|p1a: Zapdos|42\/100|[from] Stealth Rock\n|\n|-weather|RainDance|[upkeep]\n|-heal|p2a: Armin Mola|84\/100|[from] item: Leftovers\n|upkeep\n|turn|17\n|\n|t:|1700455604\n|move|p1a: Zapdos|Thunder|p2a: Armin Mola\n|-supereffective|p2a: Armin Mola\n|-damage|p2a: Armin Mola|0 fnt\n|faint|p2a: Armin Mola\n|\n|-weather|RainDance|[upkeep]\n|upkeep\n|\n|t:|1700455610\n|switch|p2a: Weavel|Weavile, F|100\/100\n|-ability|p2a: Weavel|Pressure\n|turn|18\n|\n|t:|1700455618\n|move|p2a: Weavel|Icicle Crash|p1a: Zapdos\n|-supereffective|p1a: Zapdos\n|-damage|p1a: Zapdos|0 fnt\n|faint|p1a: Zapdos\n|\n|-weather|RainDance|[upkeep]\n|upkeep\n|\n|t:|1700455638\n|switch|p1a: Greninja|Greninja, M, tera:Water|69\/100\n|-activate|p1a: Greninja|move: Sticky Web\n|-unboost|p1a: Greninja|spe|1\n|-damage|p1a: Greninja|56\/100|[from] Stealth Rock\n|turn|19\n|\n|t:|1700455660\n|switch|p2a: Melissa|Ribombee, F|59\/100 par\n|move|p1a: Greninja|Water Shuriken|p2a: Melissa\n|-damage|p2a: Melissa|28\/100 par\n|-damage|p2a: Melissa|0 fnt\n|faint|p2a: Melissa\n|-ability|p1a: Greninja|Battle Bond|boost\n|-boost|p1a: Greninja|atk|1\n|-boost|p1a: Greninja|spa|1\n|-boost|p1a: Greninja|spe|1\n|-activate|p1a: Greninja|ability: Battle Bond\n|-hitcount|p2: Melissa|2\n|-damage|p1a: Greninja|46\/100|[from] item: Life Orb\n|\n|-weather|RainDance|[upkeep]\n|upkeep\n|\n|t:|1700455663\n|switch|p2a: Stitch|Banette, M|100\/100\n|turn|20\n|\n|t:|1700455668\n|detailschange|p2a: Stitch|Banette-Mega, M\n|-mega|p2a: Stitch|Banette|Banettite\n|move|p1a: Greninja|Water Shuriken|p2a: Stitch\n|-damage|p2a: Stitch|62\/100\n|-damage|p2a: Stitch|19\/100\n|-damage|p2a: Stitch|0 fnt\n|faint|p2a: Stitch\n|-hitcount|p2: Stitch|3\n|-damage|p1a: Greninja|37\/100|[from] item: Life Orb\n|\n|-weather|RainDance|[upkeep]\n|upkeep\n|\n|t:|1700455685\n|switch|p2a: Weavel|Weavile, F|100\/100\n|-ability|p2a: Weavel|Pressure\n|turn|21\n|\n|t:|1700455693\n|move|p1a: Greninja|Water Shuriken|p2a: Weavel\n|-damage|p2a: Weavel|65\/100\n|-damage|p2a: Weavel|29\/100\n|-hitcount|p2a: Weavel|2\n|-damage|p1a: Greninja|27\/100|[from] item: Life Orb\n|move|p2a: Weavel|Knock Off|p1a: Greninja\n|-damage|p1a: Greninja|0 fnt\n|-enditem|p1a: Greninja|Life Orb|[from] move: Knock Off|[of] p2a: Weavel\n|faint|p1a: Greninja\n|\n|-weather|none\n|upkeep\n|\n|t:|1700455702\n|switch|p1a: Dragonite|Dragonite, M|100\/100\n|turn|22\n|\n|t:|1700455711\n|move|p2a: Weavel|Ice Shard|p1a: Dragonite\n|-supereffective|p1a: Dragonite\n|-damage|p1a: Dragonite|64\/100\n|move|p1a: Dragonite|Earthquake|p2a: Weavel\n|-damage|p2a: Weavel|0 fnt\n|faint|p2a: Weavel\n|\n|upkeep\n|\n|t:|1700455717\n|switch|p2a: Herbie|Nihilego|77\/100\n|turn|23\n|c|\u2606CharonsFerry596|gg\n|\n|t:|1700455732\n|-terastallize|p2a: Herbie|Rock\n|move|p1a: Dragonite|Extreme Speed|p2a: Herbie\n|-resisted|p2a: Herbie\n|-crit|p2a: Herbie\n|-damage|p2a: Herbie|42\/100\n|move|p2a: Herbie|Power Gem|p1a: Dragonite\n|-supereffective|p1a: Dragonite\n|-damage|p1a: Dragonite|0 fnt\n|faint|p1a: Dragonite\n|-ability|p2a: Herbie|Beast Boost|boost\n|-boost|p2a: Herbie|spa|1\n|\n|upkeep\n|\n|t:|1700455736\n|switch|p1a: Barraskewda|Barraskewda, M|76\/100\n|-activate|p1a: Barraskewda|move: Sticky Web\n|-unboost|p1a: Barraskewda|spe|1\n|-damage|p1a: Barraskewda|64\/100|[from] Stealth Rock\n|turn|24\n|\n|t:|1700455741\n|move|p1a: Barraskewda|Aqua Jet|p2a: Herbie\n|-supereffective|p2a: Herbie\n|-damage|p2a: Herbie|0 fnt\n|faint|p2a: Herbie\n|\n|win|DJRRRR\n|raw|DJRRRR's rating: 1466 &rarr; <strong>1483<\/strong><br \/>(+17 for winning)\n|raw|CharonsFerry596's rating: 1418 &rarr; <strong>1401<\/strong><br \/>(-17 for losing)\n|c|\u2606CharonsFerry596|...\n|c|\u2606CharonsFerry596|wow\n|l|\u2606CharonsFerry596\n","uploadtime":1700455753,"views":14,"p1id":"djrrrr","p2id":"charonsferry596","formatid":"gen9nationaldex","rating":1401,"private":0,"password":""}