{"id":"gen9nationaldex-1998198424","p1":"pokespefan2004","p2":"suijidyh666","format":"[Gen 9] National Dex","log":"|html|<div class=\"broadcast-blue\"><strong>[Gen 9] National Dex is currently suspecting Sneasler! For information on how to participate check out the <a href=\"https:\/\/www.smogon.com\/forums\/threads\/sv-national-dex-suspect-8-just-dance.3731534\/\">suspect thread<\/a>.<\/strong><\/div>\n|j|\u2606pokespefan2004\n|j|\u2606suijidyh666\n|t:|1700911063\n|gametype|singles\n|player|p1|pokespefan2004|red|1159\n|player|p2|suijidyh666|li|1068\n|teamsize|p1|6\n|teamsize|p2|6\n|gen|9\n|tier|[Gen 9] National Dex\n|rated|\n|rule|HP Percentage Mod: HP is shown in percentages\n|rule|Endless Battle Clause: Forcing endless battles is banned\n|rule|OHKO Clause: OHKO moves are banned\n|rule|Evasion Clause: Evasion abilities, items, and moves are banned\n|rule|Evasion Abilities Clause: Evasion abilities are banned\n|rule|Evasion Items Clause: Evasion items are banned\n|rule|Evasion Moves Clause: Evasion moves are banned\n|rule|Species Clause: Limit one of each Pok\u00e9mon\n|rule|Sleep Clause Mod: Limit one foe put to sleep\n|clearpoke\n|poke|p1|Roserade, F|\n|poke|p1|Talonflame, M|\n|poke|p1|Azumarill, M|\n|poke|p1|Magnezone|\n|poke|p1|Garchomp, F|\n|poke|p1|Gallade, M|\n|poke|p2|Basculegion-F, F|\n|poke|p2|Kartana|\n|poke|p2|Falinks|\n|poke|p2|Glimmora, M|\n|poke|p2|Castform, M|\n|poke|p2|Heatran, F|\n|teampreview\n|inactive|Battle timer is ON: inactive players will automatically lose when time's up. (requested by suijidyh666)\n|\n|t:|1700911074\n|start\n|switch|p1a: Garchomp|Garchomp, F|100\/100\n|switch|p2a: Glimmora|Glimmora, M|100\/100\n|turn|1\n|\n|t:|1700911081\n|move|p1a: Garchomp|Earthquake|p2a: Glimmora\n|-supereffective|p2a: Glimmora\n|-enditem|p2a: Glimmora|Focus Sash\n|-damage|p2a: Glimmora|1\/100\n|-activate|p2a: Glimmora|ability: Toxic Debris\n|-sidestart|p1: pokespefan2004|move: Toxic Spikes\n|move|p2a: Glimmora|Stealth Rock|p1a: Garchomp\n|-sidestart|p1: pokespefan2004|move: Stealth Rock\n|\n|upkeep\n|turn|2\n|\n|t:|1700911092\n|move|p1a: Garchomp|Earthquake|p2a: Glimmora\n|-supereffective|p2a: Glimmora\n|-damage|p2a: Glimmora|0 fnt\n|-activate|p2a: Glimmora|ability: Toxic Debris\n|-sidestart|p1: pokespefan2004|move: Toxic Spikes\n|faint|p2a: Glimmora\n|\n|upkeep\n|\n|t:|1700911104\n|switch|p2a: Kartana|Kartana, shiny|100\/100\n|turn|3\n|\n|t:|1700911108\n|-terastallize|p2a: Kartana|Grass\n|move|p2a: Kartana|Leaf Blade|p1a: Garchomp\n|-damage|p1a: Garchomp|25\/100\n|-damage|p2a: Kartana|88\/100|[from] ability: Rough Skin|[of] p1a: Garchomp\n|-damage|p2a: Kartana|72\/100|[from] item: Rocky Helmet|[of] p1a: Garchomp\n|move|p1a: Garchomp|Earthquake|p2a: Kartana\n|-resisted|p2a: Kartana\n|-damage|p2a: Kartana|46\/100\n|\n|upkeep\n|turn|4\n|\n|t:|1700911118\n|move|p2a: Kartana|Leaf Blade|p1a: Garchomp\n|-damage|p1a: Garchomp|0 fnt\n|-damage|p2a: Kartana|34\/100|[from] ability: Rough Skin|[of] p1a: Garchomp\n|-damage|p2a: Kartana|17\/100|[from] item: Rocky Helmet|[of] p1a: Garchomp\n|faint|p1a: Garchomp\n|-ability|p2a: Kartana|Beast Boost|boost\n|-boost|p2a: Kartana|atk|1\n|\n|upkeep\n|\n|t:|1700911128\n|switch|p1a: Roserade|Roserade, F|100\/100\n|-sideend|p1: pokespefan2004|move: Toxic Spikes|[of] p1a: Roserade\n|-damage|p1a: Roserade|88\/100|[from] Stealth Rock\n|turn|5\n|\n|t:|1700911132\n|switch|p2a: Heatran|Heatran, F, shiny|100\/100\n|-item|p2a: Heatran|Air Balloon\n|move|p1a: Roserade|Poison Jab|p2a: Heatran\n|-immune|p2a: Heatran\n|\n|upkeep\n|turn|6\n|\n|t:|1700911140\n|switch|p1a: Azumarill|Azumarill, M|100\/100\n|-damage|p1a: Azumarill|88\/100|[from] Stealth Rock\n|move|p2a: Heatran|Magma Storm|p1a: Azumarill\n|-resisted|p1a: Azumarill\n|-damage|p1a: Azumarill|69\/100\n|-activate|p1a: Azumarill|move: Magma Storm|[of] p2a: Heatran\n|\n|-damage|p1a: Azumarill|57\/100|[from] move: Magma Storm|[partiallytrapped]\n|upkeep\n|turn|7\n|\n|t:|1700911148\n|move|p2a: Heatran|Taunt|p1a: Azumarill\n|-start|p1a: Azumarill|move: Taunt\n|move|p1a: Azumarill|Aqua Tail|p2a: Heatran\n|-supereffective|p2a: Heatran\n|-damage|p2a: Heatran|0 fnt\n|-enditem|p2a: Heatran|Air Balloon\n|faint|p2a: Heatran\n|\n|-end|p1a: Azumarill|Magma Storm|[partiallytrapped]|[silent]\n|upkeep\n|\n|t:|1700911158\n|switch|p2a: Kartana|Kartana, shiny, tera:Grass|17\/100\n|turn|8\n|\n|t:|1700911164\n|move|p1a: Azumarill|Aqua Jet|p2a: Kartana\n|-resisted|p2a: Kartana\n|-damage|p2a: Kartana|4\/100\n|move|p2a: Kartana|Leaf Blade|p1a: Azumarill\n|-supereffective|p1a: Azumarill\n|-damage|p1a: Azumarill|0 fnt\n|faint|p1a: Azumarill\n|-ability|p2a: Kartana|Beast Boost|boost\n|-boost|p2a: Kartana|atk|1\n|\n|upkeep\n|\n|t:|1700911173\n|switch|p1a: Roserade|Roserade, F|88\/100\n|-damage|p1a: Roserade|76\/100|[from] Stealth Rock\n|turn|9\n|\n|t:|1700911177\n|move|p2a: Kartana|Leaf Blade|p1a: Roserade\n|-resisted|p1a: Roserade\n|-damage|p1a: Roserade|12\/100\n|move|p1a: Roserade|Poison Jab|p2a: Kartana\n|-supereffective|p2a: Kartana\n|-damage|p2a: Kartana|0 fnt\n|faint|p2a: Kartana\n|\n|upkeep\n|\n|t:|1700911188\n|switch|p2a: Falinks|Falinks, shiny|100\/100\n|turn|10\n|\n|t:|1700911193\n|-zpower|p1a: Roserade\n|move|p1a: Roserade|Acid Downpour|p2a: Falinks|[zeffect]\n|-damage|p2a: Falinks|30\/100\n|move|p2a: Falinks|No Retreat|p2a: Falinks\n|-boost|p2a: Falinks|atk|1\n|-boost|p2a: Falinks|def|1\n|-boost|p2a: Falinks|spa|1\n|-boost|p2a: Falinks|spd|1\n|-boost|p2a: Falinks|spe|1\n|-start|p2a: Falinks|move: No Retreat\n|\n|upkeep\n|turn|11\n|\n|t:|1700911207\n|move|p2a: Falinks|Knock Off|p1a: Roserade\n|-damage|p1a: Roserade|0 fnt\n|faint|p1a: Roserade\n|\n|upkeep\n|\n|t:|1700911211\n|switch|p1a: Talonflame|Talonflame, M|100\/100\n|-damage|p1a: Talonflame|51\/100|[from] Stealth Rock\n|turn|12\n|\n|t:|1700911215\n|move|p2a: Falinks|Knock Off|p1a: Talonflame\n|-damage|p1a: Talonflame|0 fnt\n|-enditem|p1a: Talonflame|Life Orb|[from] move: Knock Off|[of] p2a: Falinks\n|faint|p1a: Talonflame\n|\n|upkeep\n|\n|t:|1700911220\n|switch|p1a: Gallade|Gallade, M|100\/100\n|-damage|p1a: Gallade|94\/100|[from] Stealth Rock\n|turn|13\n|\n|t:|1700911225\n|detailschange|p1a: Gallade|Gallade-Mega, M\n|-mega|p1a: Gallade|Gallade|Galladite\n|move|p2a: Falinks|Knock Off|p1a: Gallade\n|-damage|p1a: Gallade|59\/100\n|move|p1a: Gallade|Swords Dance|p1a: Gallade\n|-boost|p1a: Gallade|atk|2\n|\n|upkeep\n|turn|14\n|\n|t:|1700911233\n|move|p2a: Falinks|Iron Head|p1a: Gallade\n|-damage|p1a: Gallade|17\/100\n|move|p1a: Gallade|Psycho Cut|p2a: Falinks\n|-supereffective|p2a: Falinks\n|-damage|p2a: Falinks|0 fnt\n|faint|p2a: Falinks\n|\n|upkeep\n|\n|t:|1700911246\n|switch|p2a: Basculegion|Basculegion-F, F, shiny|100\/100\n|turn|15\n|\n|t:|1700911255\n|move|p2a: Basculegion|Aqua Jet|p1a: Gallade\n|-damage|p1a: Gallade|2\/100\n|move|p1a: Gallade|Leaf Blade|p2a: Basculegion\n|-supereffective|p2a: Basculegion\n|-enditem|p2a: Basculegion|Focus Sash\n|-damage|p2a: Basculegion|1\/100\n|\n|upkeep\n|turn|16\n|\n|t:|1700911266\n|move|p2a: Basculegion|Aqua Jet|p1a: Gallade\n|-damage|p1a: Gallade|0 fnt\n|faint|p1a: Gallade\n|\n|upkeep\n|\n|t:|1700911270\n|switch|p1a: Magnezone|Magnezone|100\/100\n|-damage|p1a: Magnezone|94\/100|[from] Stealth Rock\n|-item|p1a: Magnezone|Air Balloon\n|turn|17\n|\n|t:|1700911275\n|move|p2a: Basculegion|Hydro Pump|p1a: Magnezone\n|-damage|p1a: Magnezone|45\/100\n|-enditem|p1a: Magnezone|Air Balloon\n|move|p1a: Magnezone|Discharge|p2a: Basculegion\n|-supereffective|p2a: Basculegion\n|-damage|p2a: Basculegion|0 fnt\n|faint|p2a: Basculegion\n|\n|upkeep\n|\n|t:|1700911280\n|switch|p2a: Castform|Castform, M, shiny|100\/100\n|turn|18\n|\n|t:|1700911292\n|-zpower|p2a: Castform\n|move|p2a: Castform|Z-Rain Dance|p2a: Castform|[anim]Rain Dance\n|-boost|p2a: Castform|spe|1|[zeffect]\n|-weather|RainDance\n|-formechange|p2a: Castform|Castform-Rainy|[msg]|[from] ability: Forecast\n|move|p1a: Magnezone|Thunder Wave|p2a: Castform\n|-status|p2a: Castform|par\n|\n|-weather|RainDance|[upkeep]\n|upkeep\n|turn|19\n|\n|t:|1700911303\n|move|p2a: Castform|Weather Ball|p1a: Magnezone\n|-damage|p1a: Magnezone|0 fnt\n|faint|p1a: Magnezone\n|\n|win|suijidyh666\n|raw|pokespefan2004's rating: 1159 &rarr; <strong>1128<\/strong><br \/>(-31 for losing)\n|raw|suijidyh666's rating: 1068 &rarr; <strong>1105<\/strong><br \/>(+37 for winning)\n","uploadtime":1700911307,"views":0,"p1id":"pokespefan2004","p2id":"suijidyh666","formatid":"gen9nationaldex","rating":1105,"private":0,"password":""}