{"id":"gen9nationaldex-1988914226","p1":"Ludicolion","p2":"Fealieya","format":"[Gen 9] National Dex","log":"|j|\u2606Ludicolion\n|j|\u2606Fealieya\n|t:|1699786785\n|gametype|singles\n|player|p1|Ludicolion|alder|1151\n|player|p2|Fealieya|102|1167\n|teamsize|p1|6\n|teamsize|p2|6\n|gen|9\n|tier|[Gen 9] National Dex\n|rated|\n|rule|HP Percentage Mod: HP is shown in percentages\n|rule|Endless Battle Clause: Forcing endless battles is banned\n|rule|OHKO Clause: OHKO moves are banned\n|rule|Evasion Clause: Evasion abilities, items, and moves are banned\n|rule|Evasion Abilities Clause: Evasion abilities are banned\n|rule|Evasion Items Clause: Evasion items are banned\n|rule|Evasion Moves Clause: Evasion moves are banned\n|rule|Species Clause: Limit one of each Pok\u00e9mon\n|rule|Sleep Clause Mod: Limit one foe put to sleep\n|clearpoke\n|poke|p1|Ogerpon, F|\n|poke|p1|Braviary-Hisui, M|\n|poke|p1|Lanturn, M|\n|poke|p1|Iron Moth|\n|poke|p1|Grimmsnarl, M|\n|poke|p1|Great Tusk|\n|poke|p2|Banette, F|\n|poke|p2|Zapdos|\n|poke|p2|Nihilego|\n|poke|p2|Kartana|\n|poke|p2|Celesteela|\n|poke|p2|Entei|\n|teampreview\n|\n|t:|1699786798\n|start\n|switch|p1a: Grimmsnarl|Grimmsnarl, M|100\/100\n|switch|p2a: Nihilego|Nihilego|100\/100\n|turn|1\n|inactive|Battle timer is ON: inactive players will automatically lose when time's up. (requested by Ludicolion)\n|c|\u2606Ludicolion|Glhf\n|\n|t:|1699786806\n|move|p1a: Grimmsnarl|Light Screen|p1a: Grimmsnarl\n|-sidestart|p1: Ludicolion|move: Light Screen\n|move|p2a: Nihilego|Stealth Rock|p1a: Grimmsnarl\n|-sidestart|p1: Ludicolion|move: Stealth Rock\n|\n|upkeep\n|turn|2\n|\n|t:|1699786812\n|move|p1a: Grimmsnarl|Parting Shot|p2a: Nihilego\n|-unboost|p2a: Nihilego|atk|1\n|-unboost|p2a: Nihilego|spa|1\n|\n|t:|1699786814\n|switch|p1a: Great Tusk|Great Tusk|100\/100|[from] Parting Shot\n|-damage|p1a: Great Tusk|97\/100|[from] Stealth Rock\n|move|p2a: Nihilego|Toxic Spikes|p1a: Great Tusk\n|-sidestart|p1: Ludicolion|move: Toxic Spikes\n|\n|-heal|p1a: Great Tusk|100\/100|[from] item: Leftovers\n|upkeep\n|turn|3\n|\n|t:|1699786824\n|switch|p2a: Zapdos|Zapdos|100\/100\n|move|p1a: Great Tusk|Knock Off|p2a: Zapdos\n|-damage|p2a: Zapdos|76\/100\n|-damage|p1a: Great Tusk|84\/100|[from] item: Rocky Helmet|[of] p2a: Zapdos\n|-enditem|p2a: Zapdos|Rocky Helmet|[from] move: Knock Off|[of] p1a: Great Tusk\n|\n|-heal|p1a: Great Tusk|90\/100|[from] item: Leftovers\n|upkeep\n|turn|4\n|\n|t:|1699786842\n|move|p2a: Zapdos|Heat Wave|p1a: Great Tusk\n|-damage|p1a: Great Tusk|68\/100\n|move|p1a: Great Tusk|Rapid Spin|p2a: Zapdos\n|-damage|p2a: Zapdos|62\/100\n|-boost|p1a: Great Tusk|spe|1\n|-sideend|p1: Ludicolion|Toxic Spikes|[from] move: Rapid Spin|[of] p1a: Great Tusk\n|-sideend|p1: Ludicolion|Stealth Rock|[from] move: Rapid Spin|[of] p1a: Great Tusk\n|\n|-heal|p1a: Great Tusk|75\/100|[from] item: Leftovers\n|upkeep\n|turn|5\n|\n|t:|1699786851\n|move|p1a: Great Tusk|Stealth Rock|p2a: Zapdos\n|-sidestart|p2: Fealieya|move: Stealth Rock\n|move|p2a: Zapdos|Heat Wave|p1a: Great Tusk\n|-damage|p1a: Great Tusk|55\/100\n|\n|-heal|p1a: Great Tusk|61\/100|[from] item: Leftovers\n|upkeep\n|turn|6\n|\n|t:|1699786862\n|-end|p1a: Great Tusk|Protosynthesis|[silent]\n|switch|p1a: Lanturn|Lanturn, M, shiny|100\/100\n|move|p2a: Zapdos|Defog|p1a: Lanturn\n|-unboost|p1a: Lanturn|evasion|1\n|-sideend|p1: Ludicolion|move: Light Screen\n|-sideend|p2: Fealieya|Stealth Rock|[from] move: Defog|[of] p2a: Zapdos\n|\n|upkeep\n|turn|7\n|\n|t:|1699786878\n|switch|p2a: Nihilego|Nihilego|100\/100\n|move|p1a: Lanturn|Volt Switch|p2a: Nihilego\n|-damage|p2a: Nihilego|88\/100\n|\n|t:|1699786884\n|switch|p1a: Great Tusk|Great Tusk|61\/100|[from] Volt Switch\n|\n|-heal|p2a: Nihilego|94\/100|[from] item: Leftovers\n|-heal|p1a: Great Tusk|67\/100|[from] item: Leftovers\n|upkeep\n|turn|8\n|\n|t:|1699786891\n|switch|p2a: Celesteela|Celesteela|100\/100\n|move|p1a: Great Tusk|Earthquake|p2a: Celesteela\n|-immune|p2a: Celesteela\n|\n|-heal|p1a: Great Tusk|74\/100|[from] item: Leftovers\n|upkeep\n|turn|9\n|\n|t:|1699786908\n|move|p1a: Great Tusk|Knock Off|p2a: Celesteela\n|-damage|p2a: Celesteela|75\/100\n|-enditem|p2a: Celesteela|Power Herb|[from] move: Knock Off|[of] p1a: Great Tusk\n|move|p2a: Celesteela|Air Slash|p1a: Great Tusk\n|-supereffective|p1a: Great Tusk\n|-crit|p1a: Great Tusk\n|-damage|p1a: Great Tusk|0 fnt\n|faint|p1a: Great Tusk\n|-end|p1a: Great Tusk|Protosynthesis|[silent]\n|-ability|p2a: Celesteela|Beast Boost|boost\n|-boost|p2a: Celesteela|spa|1\n|\n|upkeep\n|\n|t:|1699786916\n|switch|p1a: Iron Moth|Iron Moth|100\/100\n|-enditem|p1a: Iron Moth|Booster Energy\n|-activate|p1a: Iron Moth|ability: Quark Drive|[fromitem]\n|-start|p1a: Iron Moth|quarkdrivespe\n|turn|10\n|\n|t:|1699786927\n|-terastallize|p2a: Celesteela|Dragon\n|move|p1a: Iron Moth|Substitute|p1a: Iron Moth\n|-start|p1a: Iron Moth|Substitute\n|-damage|p1a: Iron Moth|76\/100\n|move|p2a: Celesteela|Meteor Beam||[still]\n|-prepare|p2a: Celesteela|Meteor Beam\n|-boost|p2a: Celesteela|spa|1\n|\n|upkeep\n|turn|11\n|\n|t:|1699786936\n|move|p1a: Iron Moth|Dazzling Gleam|p2a: Celesteela\n|-supereffective|p2a: Celesteela\n|-damage|p2a: Celesteela|28\/100\n|move|p2a: Celesteela|Meteor Beam|p1a: Iron Moth|[from]lockedmove\n|-supereffective|p1a: Iron Moth\n|-end|p1a: Iron Moth|Substitute\n|\n|upkeep\n|turn|12\n|\n|t:|1699786944\n|move|p1a: Iron Moth|Dazzling Gleam|p2a: Celesteela\n|-supereffective|p2a: Celesteela\n|-damage|p2a: Celesteela|0 fnt\n|faint|p2a: Celesteela\n|\n|upkeep\n|\n|t:|1699786960\n|switch|p2a: Entei|Entei|100\/100\n|turn|13\n|\n|t:|1699786964\n|move|p1a: Iron Moth|Substitute|p1a: Iron Moth\n|-start|p1a: Iron Moth|Substitute\n|-damage|p1a: Iron Moth|51\/100\n|move|p2a: Entei|Curse|p2a: Entei\n|-unboost|p2a: Entei|spe|1\n|-boost|p2a: Entei|atk|1\n|-boost|p2a: Entei|def|1\n|\n|upkeep\n|turn|14\n|\n|t:|1699786971\n|move|p1a: Iron Moth|Fiery Dance|p2a: Entei\n|-resisted|p2a: Entei\n|-damage|p2a: Entei|83\/100\n|move|p2a: Entei|Substitute|p2a: Entei\n|-start|p2a: Entei|Substitute\n|-damage|p2a: Entei|58\/100\n|\n|-heal|p2a: Entei|64\/100|[from] item: Leftovers\n|upkeep\n|turn|15\n|\n|t:|1699786979\n|move|p1a: Iron Moth|Sludge Wave|p2a: Entei\n|-end|p2a: Entei|Substitute\n|move|p2a: Entei|Curse|p2a: Entei\n|-unboost|p2a: Entei|spe|1\n|-boost|p2a: Entei|atk|1\n|-boost|p2a: Entei|def|1\n|\n|-heal|p2a: Entei|70\/100|[from] item: Leftovers\n|upkeep\n|turn|16\n|\n|t:|1699786986\n|move|p1a: Iron Moth|Fiery Dance|p2a: Entei\n|-resisted|p2a: Entei\n|-damage|p2a: Entei|52\/100\n|move|p2a: Entei|Sacred Fire|p1a: Iron Moth\n|-resisted|p1a: Iron Moth\n|-end|p1a: Iron Moth|Substitute\n|\n|-heal|p2a: Entei|59\/100|[from] item: Leftovers\n|upkeep\n|turn|17\n|\n|t:|1699786994\n|move|p1a: Iron Moth|Sludge Wave|p2a: Entei\n|-damage|p2a: Entei|16\/100\n|move|p2a: Entei|Sacred Fire|p1a: Iron Moth\n|-resisted|p1a: Iron Moth\n|-damage|p1a: Iron Moth|0 fnt\n|faint|p1a: Iron Moth\n|-end|p1a: Iron Moth|Quark Drive|[silent]\n|\n|-heal|p2a: Entei|23\/100|[from] item: Leftovers\n|upkeep\n|\n|t:|1699787003\n|switch|p1a: Lanturn|Lanturn, M, shiny|100\/100\n|turn|18\n|\n|t:|1699787007\n|move|p2a: Entei|Extreme Speed|p1a: Lanturn\n|-damage|p1a: Lanturn|48\/100\n|move|p1a: Lanturn|Scald|p2a: Entei\n|-supereffective|p2a: Entei\n|-damage|p2a: Entei|0 fnt\n|faint|p2a: Entei\n|\n|-heal|p1a: Lanturn|55\/100|[from] item: Leftovers\n|upkeep\n|\n|t:|1699787015\n|switch|p2a: Kartana|Kartana|100\/100\n|turn|19\n|\n|t:|1699787028\n|move|p2a: Kartana|Leaf Blade|p1a: Lanturn\n|-supereffective|p1a: Lanturn\n|-damage|p1a: Lanturn|0 fnt\n|faint|p1a: Lanturn\n|-ability|p2a: Kartana|Beast Boost|boost\n|-boost|p2a: Kartana|atk|1\n|\n|upkeep\n|\n|t:|1699787031\n|switch|p1a: Braviary|Braviary-Hisui, M|100\/100\n|turn|20\n|\n|t:|1699787038\n|move|p2a: Kartana|Smart Strike|p1a: Braviary\n|-damage|p1a: Braviary|0 fnt\n|faint|p1a: Braviary\n|-ability|p2a: Kartana|Beast Boost|boost\n|-boost|p2a: Kartana|atk|1\n|\n|upkeep\n|\n|t:|1699787052\n|switch|p1a: Ogerpon|Ogerpon, F|100\/100\n|turn|21\n|\n|t:|1699787061\n|move|p1a: Ogerpon|Knock Off|p2a: Kartana\n|-damage|p2a: Kartana|55\/100\n|-enditem|p2a: Kartana|Focus Sash|[from] move: Knock Off|[of] p1a: Ogerpon\n|-damage|p1a: Ogerpon|91\/100|[from] item: Life Orb\n|move|p2a: Kartana|Swords Dance|p2a: Kartana\n|-boost|p2a: Kartana|atk|2\n|\n|upkeep\n|turn|22\n|\n|t:|1699787067\n|move|p1a: Ogerpon|Knock Off|p2a: Kartana\n|-damage|p2a: Kartana|28\/100\n|-damage|p1a: Ogerpon|81\/100|[from] item: Life Orb\n|move|p2a: Kartana|Smart Strike|p1a: Ogerpon\n|-damage|p1a: Ogerpon|0 fnt\n|faint|p1a: Ogerpon\n|-ability|p2a: Kartana|Beast Boost|boost\n|-boost|p2a: Kartana|atk|1\n|\n|upkeep\n|\n|t:|1699787073\n|switch|p1a: Grimmsnarl|Grimmsnarl, M|100\/100\n|turn|23\n|-message|Ludicolion forfeited.\n|\n|win|Fealieya\n|raw|Ludicolion's rating: 1151 &rarr; <strong>1127<\/strong><br \/>(-24 for losing)\n|raw|Fealieya's rating: 1167 &rarr; <strong>1191<\/strong><br \/>(+24 for winning)\n|l|\u2606Ludicolion\n","uploadtime":1699787082,"views":4,"p1id":"ludicolion","p2id":"fealieya","formatid":"gen9nationaldex","rating":1127,"private":0,"password":""}