{"id":"gen9nationaldex-1996944981","p1":"Necrozminator","p2":"Tukitiko","format":"[Gen 9] National Dex","log":"|html|<div class=\"broadcast-blue\"><strong>[Gen 9] National Dex is currently suspecting Sneasler! For information on how to participate check out the <a href=\"https:\/\/www.smogon.com\/forums\/threads\/sv-national-dex-suspect-8-just-dance.3731534\/\">suspect thread<\/a>.<\/strong><\/div>\n|j|\u2606Necrozminator\n|j|\u2606Tukitiko\n|t:|1700748031\n|gametype|singles\n|player|p1|Necrozminator|will|1207\n|player|p2|Tukitiko|lusamine-nihilego|1282\n|teamsize|p1|6\n|teamsize|p2|6\n|gen|9\n|tier|[Gen 9] National Dex\n|rated|\n|rule|HP Percentage Mod: HP is shown in percentages\n|rule|Endless Battle Clause: Forcing endless battles is banned\n|rule|OHKO Clause: OHKO moves are banned\n|rule|Evasion Clause: Evasion abilities, items, and moves are banned\n|rule|Evasion Abilities Clause: Evasion abilities are banned\n|rule|Evasion Items Clause: Evasion items are banned\n|rule|Evasion Moves Clause: Evasion moves are banned\n|rule|Species Clause: Limit one of each Pok\u00e9mon\n|rule|Sleep Clause Mod: Limit one foe put to sleep\n|clearpoke\n|poke|p1|Zebstrika, F|\n|poke|p1|Carnivine, M|\n|poke|p1|Braviary-Hisui, M|\n|poke|p1|Glimmora, M|\n|poke|p1|Scizor, M|\n|poke|p1|Great Tusk|\n|poke|p2|Jellicent, M|\n|poke|p2|Sneasler, M|\n|poke|p2|Rillaboom, M|\n|poke|p2|Venusaur, M|\n|poke|p2|Kartana|\n|poke|p2|Volcanion|\n|teampreview\n|inactive|Battle timer is ON: inactive players will automatically lose when time's up. (requested by Tukitiko)\n|inactive|Necrozminator also wants the timer to be on.\n|\n|t:|1700748045\n|start\n|switch|p1a: Zebstrika|Zebstrika, F|100\/100\n|switch|p2a: Kartana|Kartana|100\/100\n|turn|1\n|\n|t:|1700748049\n|move|p2a: Kartana|Swords Dance|p2a: Kartana\n|-boost|p2a: Kartana|atk|2\n|move|p1a: Zebstrika|Flame Charge|p2a: Kartana\n|-supereffective|p2a: Kartana\n|-damage|p2a: Kartana|29\/100\n|-boost|p1a: Zebstrika|spe|1\n|\n|upkeep\n|turn|2\n|\n|t:|1700748060\n|switch|p2a: Volcanion|Volcanion|100\/100\n|move|p1a: Zebstrika|Flame Charge|p2a: Volcanion\n|-resisted|p2a: Volcanion\n|-crit|p2a: Volcanion\n|-damage|p2a: Volcanion|96\/100\n|-boost|p1a: Zebstrika|spe|1\n|\n|upkeep\n|turn|3\n|\n|t:|1700748066\n|move|p1a: Zebstrika|Wild Charge|p2a: Volcanion\n|-supereffective|p2a: Volcanion\n|-damage|p2a: Volcanion|31\/100\n|-damage|p1a: Zebstrika|80\/100|[from] Recoil\n|move|p2a: Volcanion|Steam Eruption|p1a: Zebstrika\n|-damage|p1a: Zebstrika|0 fnt\n|faint|p1a: Zebstrika\n|\n|upkeep\n|\n|t:|1700748073\n|switch|p1a: Glimmora|Glimmora, M|100\/100\n|turn|4\n|\n|t:|1700748076\n|move|p1a: Glimmora|Energy Ball|p2a: Volcanion\n|-damage|p2a: Volcanion|13\/100\n|move|p2a: Volcanion|Steam Eruption|p1a: Glimmora\n|-supereffective|p1a: Glimmora\n|-enditem|p1a: Glimmora|Focus Sash\n|-damage|p1a: Glimmora|1\/100\n|-status|p1a: Glimmora|brn\n|\n|-damage|p1a: Glimmora|0 fnt|[from] brn\n|faint|p1a: Glimmora\n|upkeep\n|\n|t:|1700748083\n|switch|p1a: Braviary|Braviary-Hisui, M|100\/100\n|turn|5\n|\n|t:|1700748087\n|move|p1a: Braviary|Agility|p1a: Braviary\n|-boost|p1a: Braviary|spe|2\n|move|p2a: Volcanion|Steam Eruption|p1a: Braviary\n|-damage|p1a: Braviary|21\/100\n|\n|upkeep\n|turn|6\n|\n|t:|1700748092\n|move|p1a: Braviary|Air Slash|p2a: Volcanion\n|-damage|p2a: Volcanion|0 fnt\n|faint|p2a: Volcanion\n|\n|upkeep\n|\n|t:|1700748095\n|switch|p2a: Rillaboom|Rillaboom, M|100\/100\n|-fieldstart|move: Grassy Terrain|[from] ability: Grassy Surge|[of] p2a: Rillaboom\n|turn|7\n|\n|t:|1700748100\n|-terastallize|p2a: Rillaboom|Grass\n|move|p2a: Rillaboom|Grassy Glide|p1a: Braviary\n|-resisted|p1a: Braviary\n|-crit|p1a: Braviary\n|-damage|p1a: Braviary|0 fnt\n|faint|p1a: Braviary\n|\n|upkeep\n|\n|t:|1700748103\n|switch|p1a: Carnivine|Carnivine, M, shiny|100\/100\n|turn|8\n|\n|t:|1700748106\n|move|p2a: Rillaboom|U-turn|p1a: Carnivine\n|-supereffective|p1a: Carnivine\n|-damage|p1a: Carnivine|40\/100\n|\n|t:|1700748109\n|switch|p2a: Kartana|Kartana|29\/100|[from] U-turn\n|move|p1a: Carnivine|Substitute|p1a: Carnivine\n|-start|p1a: Carnivine|Substitute\n|-damage|p1a: Carnivine|15\/100\n|\n|-heal|p2a: Kartana|36\/100|[from] Grassy Terrain\n|-heal|p1a: Carnivine|21\/100|[from] item: Leftovers\n|upkeep\n|turn|9\n|\n|t:|1700748115\n|move|p2a: Kartana|X-Scissor|p1a: Carnivine\n|-supereffective|p1a: Carnivine\n|-end|p1a: Carnivine|Substitute\n|move|p1a: Carnivine|Frustration|p2a: Kartana\n|-resisted|p2a: Kartana\n|-damage|p2a: Kartana|24\/100\n|-enditem|p2a: Kartana|Salac Berry|[eat]\n|-boost|p2a: Kartana|spe|1|[from] item: Salac Berry\n|\n|-heal|p2a: Kartana|30\/100|[from] Grassy Terrain\n|-heal|p1a: Carnivine|27\/100|[from] item: Leftovers\n|upkeep\n|turn|10\n|\n|t:|1700748126\n|move|p2a: Kartana|X-Scissor|p1a: Carnivine\n|-supereffective|p1a: Carnivine\n|-damage|p1a: Carnivine|0 fnt\n|faint|p1a: Carnivine\n|-ability|p2a: Kartana|Beast Boost|boost\n|-boost|p2a: Kartana|atk|1\n|\n|-heal|p2a: Kartana|36\/100|[from] Grassy Terrain\n|upkeep\n|\n|t:|1700748128\n|switch|p1a: Scizor|Scizor, M|100\/100\n|turn|11\n|\n|t:|1700748134\n|detailschange|p1a: Scizor|Scizor-Mega, M\n|-mega|p1a: Scizor|Scizor|Scizorite\n|move|p1a: Scizor|Bullet Punch|p2a: Kartana\n|-resisted|p2a: Kartana\n|-damage|p2a: Kartana|15\/100\n|move|p2a: Kartana|Smart Strike|p1a: Scizor\n|-resisted|p1a: Scizor\n|-damage|p1a: Scizor|73\/100\n|\n|-heal|p2a: Kartana|21\/100|[from] Grassy Terrain\n|-heal|p1a: Scizor|79\/100|[from] Grassy Terrain\n|upkeep\n|turn|12\n|\n|t:|1700748141\n|move|p1a: Scizor|Bullet Punch|p2a: Kartana\n|-resisted|p2a: Kartana\n|-damage|p2a: Kartana|1\/100\n|move|p2a: Kartana|Smart Strike|p1a: Scizor\n|-resisted|p1a: Scizor\n|-damage|p1a: Scizor|54\/100\n|\n|-heal|p2a: Kartana|7\/100|[from] Grassy Terrain\n|-heal|p1a: Scizor|60\/100|[from] Grassy Terrain\n|upkeep\n|turn|13\n|\n|t:|1700748144\n|switch|p2a: Jellicent|Jellicent, M|100\/100\n|move|p1a: Scizor|Bullet Punch|p2a: Jellicent\n|-resisted|p2a: Jellicent\n|-damage|p2a: Jellicent|87\/100\n|\n|-heal|p1a: Scizor|66\/100|[from] Grassy Terrain\n|-heal|p2a: Jellicent|93\/100|[from] Grassy Terrain\n|-heal|p2a: Jellicent|99\/100|[from] item: Leftovers\n|upkeep\n|turn|14\n|\n|t:|1700748148\n|move|p1a: Scizor|Knock Off|p2a: Jellicent\n|-supereffective|p2a: Jellicent\n|-damage|p2a: Jellicent|41\/100\n|-enditem|p2a: Jellicent|Leftovers|[from] move: Knock Off|[of] p1a: Scizor\n|move|p2a: Jellicent|Scald|p1a: Scizor\n|-damage|p1a: Scizor|42\/100\n|\n|-heal|p1a: Scizor|49\/100|[from] Grassy Terrain\n|-heal|p2a: Jellicent|47\/100|[from] Grassy Terrain\n|-fieldend|move: Grassy Terrain\n|upkeep\n|turn|15\n|\n|t:|1700748157\n|move|p1a: Scizor|Roost|p1a: Scizor\n|-heal|p1a: Scizor|99\/100\n|-singleturn|p1a: Scizor|move: Roost\n|move|p2a: Jellicent|Strength Sap|p1a: Scizor\n|-unboost|p1a: Scizor|atk|1\n|-heal|p2a: Jellicent|100\/100\n|\n|upkeep\n|turn|16\n|\n|t:|1700748163\n|switch|p1a: Great Tusk|Great Tusk|100\/100\n|move|p2a: Jellicent|Scald|p1a: Great Tusk\n|-supereffective|p1a: Great Tusk\n|-damage|p1a: Great Tusk|23\/100\n|\n|-heal|p1a: Great Tusk|29\/100|[from] item: Leftovers\n|upkeep\n|turn|17\n|\n|t:|1700748167\n|move|p1a: Great Tusk|Headlong Rush|p2a: Jellicent\n|-damage|p2a: Jellicent|49\/100\n|-unboost|p1a: Great Tusk|def|1\n|-unboost|p1a: Great Tusk|spd|1\n|move|p2a: Jellicent|Scald|p1a: Great Tusk\n|-supereffective|p1a: Great Tusk\n|-damage|p1a: Great Tusk|0 fnt\n|faint|p1a: Great Tusk\n|-end|p1a: Great Tusk|Protosynthesis|[silent]\n|\n|upkeep\n|\n|t:|1700748170\n|switch|p1a: Scizor|Scizor-Mega, M|99\/100\n|turn|18\n|\n|t:|1700748179\n|move|p1a: Scizor|Knock Off|p2a: Jellicent\n|-supereffective|p2a: Jellicent\n|-damage|p2a: Jellicent|4\/100\n|move|p2a: Jellicent|Strength Sap|p1a: Scizor\n|-unboost|p1a: Scizor|atk|1\n|-heal|p2a: Jellicent|100\/100\n|\n|upkeep\n|turn|19\n|\n|t:|1700748183\n|move|p1a: Scizor|Swords Dance|p1a: Scizor\n|-boost|p1a: Scizor|atk|2\n|move|p2a: Jellicent|Scald|p1a: Scizor\n|-damage|p1a: Scizor|74\/100\n|-status|p1a: Scizor|brn\n|\n|-damage|p1a: Scizor|68\/100 brn|[from] brn\n|upkeep\n|turn|20\n|\n|t:|1700748186\n|move|p1a: Scizor|Swords Dance|p1a: Scizor\n|-boost|p1a: Scizor|atk|2\n|move|p2a: Jellicent|Strength Sap|p1a: Scizor\n|-unboost|p1a: Scizor|atk|1\n|\n|-damage|p1a: Scizor|62\/100 brn|[from] brn\n|upkeep\n|turn|21\n|\n|t:|1700748188\n|move|p1a: Scizor|Swords Dance|p1a: Scizor\n|-boost|p1a: Scizor|atk|2\n|move|p2a: Jellicent|Substitute|p2a: Jellicent\n|-start|p2a: Jellicent|Substitute\n|-damage|p2a: Jellicent|75\/100\n|\n|-damage|p1a: Scizor|56\/100 brn|[from] brn\n|upkeep\n|turn|22\n|\n|t:|1700748192\n|move|p1a: Scizor|Swords Dance|p1a: Scizor\n|-boost|p1a: Scizor|atk|2\n|move|p2a: Jellicent|Hex|p1a: Scizor\n|-damage|p1a: Scizor|19\/100 brn\n|\n|-damage|p1a: Scizor|12\/100 brn|[from] brn\n|upkeep\n|turn|23\n|\n|t:|1700748196\n|move|p1a: Scizor|Roost|p1a: Scizor\n|-heal|p1a: Scizor|63\/100 brn\n|-singleturn|p1a: Scizor|move: Roost\n|move|p2a: Jellicent|Scald|p1a: Scizor\n|-damage|p1a: Scizor|37\/100 brn\n|\n|-damage|p1a: Scizor|31\/100 brn|[from] brn\n|upkeep\n|turn|24\n|\n|t:|1700748204\n|move|p1a: Scizor|Roost|p1a: Scizor\n|-heal|p1a: Scizor|81\/100 brn\n|-singleturn|p1a: Scizor|move: Roost\n|move|p2a: Jellicent|Scald|p1a: Scizor\n|-damage|p1a: Scizor|55\/100 brn\n|\n|-damage|p1a: Scizor|49\/100 brn|[from] brn\n|upkeep\n|turn|25\n|\n|t:|1700748209\n|move|p1a: Scizor|Roost|p1a: Scizor\n|-heal|p1a: Scizor|99\/100 brn\n|-singleturn|p1a: Scizor|move: Roost\n|move|p2a: Jellicent|Scald|p1a: Scizor\n|-damage|p1a: Scizor|77\/100 brn\n|\n|-damage|p1a: Scizor|70\/100 brn|[from] brn\n|upkeep\n|turn|26\n|\n|t:|1700748214\n|move|p1a: Scizor|Bullet Punch|p2a: Jellicent\n|-resisted|p2a: Jellicent\n|-end|p2a: Jellicent|Substitute\n|move|p2a: Jellicent|Strength Sap|p1a: Scizor\n|-unboost|p1a: Scizor|atk|1\n|-heal|p2a: Jellicent|100\/100\n|\n|-damage|p1a: Scizor|64\/100 brn|[from] brn\n|upkeep\n|turn|27\n|\n|t:|1700748220\n|move|p1a: Scizor|Knock Off|p2a: Jellicent\n|-supereffective|p2a: Jellicent\n|-damage|p2a: Jellicent|31\/100\n|move|p2a: Jellicent|Scald|p1a: Scizor\n|-damage|p1a: Scizor|42\/100 brn\n|\n|-damage|p1a: Scizor|35\/100 brn|[from] brn\n|upkeep\n|turn|28\n|\n|t:|1700748227\n|move|p1a: Scizor|Knock Off|p2a: Jellicent\n|-supereffective|p2a: Jellicent\n|-damage|p2a: Jellicent|0 fnt\n|faint|p2a: Jellicent\n|\n|-damage|p1a: Scizor|29\/100 brn|[from] brn\n|upkeep\n|\n|t:|1700748232\n|switch|p2a: Venusaur|Venusaur, M, shiny|100\/100\n|turn|29\n|\n|t:|1700748235\n|detailschange|p2a: Venusaur|Venusaur-Mega, M, shiny\n|-mega|p2a: Venusaur|Venusaur|Venusaurite\n|move|p2a: Venusaur|Earth Power|p1a: Scizor\n|-damage|p1a: Scizor|2\/100 brn\n|move|p1a: Scizor|Roost|p1a: Scizor\n|-heal|p1a: Scizor|52\/100 brn\n|-singleturn|p1a: Scizor|move: Roost\n|\n|-damage|p1a: Scizor|46\/100 brn|[from] brn\n|upkeep\n|turn|30\n|\n|t:|1700748242\n|move|p2a: Venusaur|Earth Power|p1a: Scizor\n|-damage|p1a: Scizor|15\/100 brn\n|move|p1a: Scizor|Roost|p1a: Scizor\n|-heal|p1a: Scizor|66\/100 brn\n|-singleturn|p1a: Scizor|move: Roost\n|\n|-damage|p1a: Scizor|59\/100 brn|[from] brn\n|upkeep\n|turn|31\n|\n|t:|1700748249\n|move|p2a: Venusaur|Earth Power|p1a: Scizor\n|-damage|p1a: Scizor|28\/100 brn\n|move|p1a: Scizor|Roost|p1a: Scizor\n|-heal|p1a: Scizor|78\/100 brn\n|-singleturn|p1a: Scizor|move: Roost\n|\n|-damage|p1a: Scizor|72\/100 brn|[from] brn\n|upkeep\n|turn|32\n|\n|t:|1700748254\n|move|p1a: Scizor|Bullet Punch|p2a: Venusaur\n|-damage|p2a: Venusaur|34\/100\n|move|p2a: Venusaur|Earth Power|p1a: Scizor\n|-damage|p1a: Scizor|42\/100 brn\n|\n|-damage|p1a: Scizor|36\/100 brn|[from] brn\n|upkeep\n|turn|33\n|\n|t:|1700748258\n|move|p2a: Venusaur|Synthesis|p2a: Venusaur\n|-heal|p2a: Venusaur|84\/100\n|move|p1a: Scizor|Roost|p1a: Scizor\n|-heal|p1a: Scizor|86\/100 brn\n|-singleturn|p1a: Scizor|move: Roost\n|\n|-damage|p1a: Scizor|80\/100 brn|[from] brn\n|upkeep\n|turn|34\n|\n|t:|1700748262\n|move|p1a: Scizor|Bullet Punch|p2a: Venusaur\n|-damage|p2a: Venusaur|16\/100\n|move|p2a: Venusaur|Earth Power|p1a: Scizor\n|-damage|p1a: Scizor|52\/100 brn\n|\n|-damage|p1a: Scizor|46\/100 brn|[from] brn\n|upkeep\n|turn|35\n|\n|t:|1700748267\n|move|p1a: Scizor|Bullet Punch|p2a: Venusaur\n|-damage|p2a: Venusaur|0 fnt\n|faint|p2a: Venusaur\n|\n|-damage|p1a: Scizor|40\/100 brn|[from] brn\n|upkeep\n|\n|t:|1700748277\n|switch|p2a: Rillaboom|Rillaboom, M, tera:Grass|100\/100\n|-fieldstart|move: Grassy Terrain|[from] ability: Grassy Surge|[of] p2a: Rillaboom\n|turn|36\n|\n|t:|1700748281\n|move|p1a: Scizor|Bullet Punch|p2a: Rillaboom\n|-damage|p2a: Rillaboom|27\/100\n|move|p2a: Rillaboom|Drum Beating|p1a: Scizor\n|-resisted|p1a: Scizor\n|-damage|p1a: Scizor|26\/100 brn\n|-unboost|p1a: Scizor|spe|1\n|\n|-heal|p2a: Rillaboom|34\/100|[from] Grassy Terrain\n|-heal|p1a: Scizor|32\/100 brn|[from] Grassy Terrain\n|-damage|p1a: Scizor|26\/100 brn|[from] brn\n|upkeep\n|turn|37\n|\n|t:|1700748288\n|move|p2a: Rillaboom|Grassy Glide|p1a: Scizor\n|-resisted|p1a: Scizor\n|-damage|p1a: Scizor|17\/100 brn\n|move|p1a: Scizor|Knock Off|p2a: Rillaboom\n|-damage|p2a: Rillaboom|0 fnt\n|-enditem|p2a: Rillaboom|Terrain Extender|[from] move: Knock Off|[of] p1a: Scizor\n|faint|p2a: Rillaboom\n|\n|-heal|p1a: Scizor|23\/100 brn|[from] Grassy Terrain\n|-damage|p1a: Scizor|17\/100 brn|[from] brn\n|upkeep\n|\n|t:|1700748295\n|switch|p2a: Sneasler|Sneasler, M|100\/100\n|-enditem|p2a: Sneasler|Grassy Seed\n|-boost|p2a: Sneasler|def|1|[from] item: Grassy Seed\n|turn|38\n|\n|t:|1700748305\n|move|p1a: Scizor|Bullet Punch|p2a: Sneasler\n|-damage|p2a: Sneasler|21\/100\n|move|p2a: Sneasler|Close Combat|p1a: Scizor\n|-crit|p1a: Scizor\n|-damage|p1a: Scizor|0 fnt\n|-unboost|p2a: Sneasler|def|1\n|-unboost|p2a: Sneasler|spd|1\n|faint|p1a: Scizor\n|\n|win|Tukitiko\n|raw|Necrozminator's rating: 1207 &rarr; <strong>1187<\/strong><br \/>(-20 for losing)\n|raw|Tukitiko's rating: 1282 &rarr; <strong>1302<\/strong><br \/>(+20 for winning)\n|l|\u2606Necrozminator\n|c|\u2606Tukitiko|ggwp\n","uploadtime":1700748317,"views":7,"p1id":"necrozminator","p2id":"tukitiko","formatid":"gen9nationaldex","rating":1187,"private":0,"password":""}