{"id":"gen9nationaldex-1996330347","p1":"BMCCC","p2":"Lajonnne","format":"[Gen 9] National Dex","log":"|html|<div class=\"broadcast-blue\"><strong>[Gen 9] National Dex is currently suspecting Sneasler! For information on how to participate check out the <a href=\"https:\/\/www.smogon.com\/forums\/threads\/sv-national-dex-suspect-8-just-dance.3731534\/\">suspect thread<\/a>.<\/strong><\/div>\n|j|\u2606BMCCC\n|j|\u2606Lajonnne\n|t:|1700671791\n|gametype|singles\n|player|p1|BMCCC|alder|1173\n|player|p2|Lajonnne|169|1162\n|teamsize|p1|6\n|teamsize|p2|6\n|gen|9\n|tier|[Gen 9] National Dex\n|rated|\n|rule|HP Percentage Mod: HP is shown in percentages\n|rule|Endless Battle Clause: Forcing endless battles is banned\n|rule|OHKO Clause: OHKO moves are banned\n|rule|Evasion Clause: Evasion abilities, items, and moves are banned\n|rule|Evasion Abilities Clause: Evasion abilities are banned\n|rule|Evasion Items Clause: Evasion items are banned\n|rule|Evasion Moves Clause: Evasion moves are banned\n|rule|Species Clause: Limit one of each Pok\u00e9mon\n|rule|Sleep Clause Mod: Limit one foe put to sleep\n|clearpoke\n|poke|p1|Alomomola, M|\n|poke|p1|Gliscor, F|\n|poke|p1|Sableye, F|\n|poke|p1|Heatran, F|\n|poke|p1|Urshifu-*, M|\n|poke|p1|Kartana|\n|poke|p2|Kartana|\n|poke|p2|Goodra-Hisui, F|\n|poke|p2|Excadrill, F|\n|poke|p2|Aegislash, F|\n|poke|p2|Greninja-*, M|\n|poke|p2|Metagross|\n|teampreview\n|\n|t:|1700671801\n|start\n|switch|p1a: Sableye|Sableye, F|100\/100\n|switch|p2a: Goodra|Goodra-Hisui, F|100\/100\n|turn|1\n|\n|t:|1700671807\n|detailschange|p1a: Sableye|Sableye-Mega, F\n|-mega|p1a: Sableye|Sableye|Sablenite\n|move|p1a: Sableye|Fake Out|p2a: Goodra\n|-resisted|p2a: Goodra\n|-damage|p2a: Goodra|97\/100\n|cant|p2a: Goodra|flinch\n|\n|upkeep\n|turn|2\n|\n|t:|1700671814\n|move|p2a: Goodra|Draco Meteor|p1a: Sableye\n|-damage|p1a: Sableye|38\/100\n|-unboost|p2a: Goodra|spa|2\n|move|p1a: Sableye|Knock Off|p2a: Goodra\n|-damage|p2a: Goodra|69\/100\n|-enditem|p2a: Goodra|Assault Vest|[from] move: Knock Off|[of] p1a: Sableye\n|\n|upkeep\n|turn|3\n|\n|t:|1700671831\n|switch|p1a: Gliscor|Gliscor, F|100\/100\n|move|p2a: Goodra|Dragon Tail|p1a: Gliscor\n|-damage|p1a: Gliscor|85\/100\n|drag|p1a: Kartana|Kartana|100\/100\n|\n|upkeep\n|turn|4\n|\n|t:|1700671841\n|move|p1a: Kartana|Sacred Sword|p2a: Goodra\n|-supereffective|p2a: Goodra\n|-damage|p2a: Goodra|0 fnt\n|faint|p2a: Goodra\n|-ability|p1a: Kartana|Beast Boost|boost\n|-boost|p1a: Kartana|atk|1\n|\n|upkeep\n|inactive|Battle timer is ON: inactive players will automatically lose when time's up. (requested by BMCCC)\n|\n|t:|1700671852\n|switch|p2a: Greninja|Greninja, M|100\/100\n|turn|5\n|\n|t:|1700671868\n|switch|p1a: Alomomola|Alomomola, M|100\/100\n|move|p2a: Greninja|Dark Pulse|p1a: Alomomola\n|-damage|p1a: Alomomola|57\/100\n|-damage|p2a: Greninja|91\/100|[from] item: Life Orb\n|\n|upkeep\n|turn|6\n|\n|t:|1700671877\n|move|p2a: Greninja|Dark Pulse|p1a: Alomomola\n|-damage|p1a: Alomomola|14\/100\n|-damage|p2a: Greninja|81\/100|[from] item: Life Orb\n|move|p1a: Alomomola|Toxic|p2a: Greninja\n|-status|p2a: Greninja|tox\n|\n|-damage|p2a: Greninja|75\/100 tox|[from] psn\n|upkeep\n|turn|7\n|\n|t:|1700671883\n|move|p1a: Alomomola|Protect|p1a: Alomomola\n|-singleturn|p1a: Alomomola|Protect\n|move|p2a: Greninja|Dark Pulse|p1a: Alomomola\n|-activate|p1a: Alomomola|move: Protect\n|\n|-damage|p2a: Greninja|63\/100 tox|[from] psn\n|upkeep\n|turn|8\n|\n|t:|1700671895\n|switch|p1a: Heatran|Heatran, F|100\/100\n|move|p2a: Greninja|Dark Pulse|p1a: Heatran\n|-damage|p1a: Heatran|73\/100\n|-damage|p2a: Greninja|53\/100 tox|[from] item: Life Orb\n|\n|-heal|p1a: Heatran|80\/100|[from] item: Leftovers\n|-damage|p2a: Greninja|35\/100 tox|[from] psn\n|upkeep\n|turn|9\n|\n|t:|1700671905\n|move|p1a: Heatran|Protect|p1a: Heatran\n|-singleturn|p1a: Heatran|Protect\n|move|p2a: Greninja|Hydro Pump|p1a: Heatran\n|-activate|p1a: Heatran|move: Protect\n|\n|-heal|p1a: Heatran|86\/100|[from] item: Leftovers\n|-damage|p2a: Greninja|11\/100 tox|[from] psn\n|upkeep\n|turn|10\n|\n|t:|1700671915\n|switch|p1a: Urshifu|Urshifu-Rapid-Strike, M|100\/100\n|move|p2a: Greninja|Water Shuriken|p1a: Urshifu\n|-resisted|p1a: Urshifu\n|-damage|p1a: Urshifu|94\/100\n|-resisted|p1a: Urshifu\n|-damage|p1a: Urshifu|87\/100\n|-resisted|p1a: Urshifu\n|-damage|p1a: Urshifu|81\/100\n|-hitcount|p1a: Urshifu|3\n|-damage|p2a: Greninja|2\/100 tox|[from] item: Life Orb\n|\n|-damage|p2a: Greninja|0 fnt|[from] psn\n|faint|p2a: Greninja\n|upkeep\n|c|\u2606Lajonnne|not with ths\n|\n|t:|1700671928\n|switch|p2a: Kartana|Kartana|100\/100\n|turn|11\n|\n|t:|1700671950\n|move|p2a: Kartana|Leaf Blade|p1a: Urshifu\n|-supereffective|p1a: Urshifu\n|-crit|p1a: Urshifu\n|-damage|p1a: Urshifu|0 fnt\n|faint|p1a: Urshifu\n|-ability|p2a: Kartana|Beast Boost|boost\n|-boost|p2a: Kartana|atk|1\n|\n|upkeep\n|\n|t:|1700671955\n|switch|p1a: Heatran|Heatran, F|86\/100\n|turn|12\n|\n|t:|1700671972\n|switch|p2a: Excadrill|Excadrill, F|100\/100\n|-ability|p2a: Excadrill|Mold Breaker\n|move|p1a: Heatran|Flamethrower|p2a: Excadrill\n|-supereffective|p2a: Excadrill\n|-damage|p2a: Excadrill|0 fnt\n|faint|p2a: Excadrill\n|\n|-heal|p1a: Heatran|92\/100|[from] item: Leftovers\n|upkeep\n|\n|t:|1700671981\n|switch|p2a: Metagross|Metagross|100\/100\n|turn|13\n|\n|t:|1700671990\n|-terastallize|p1a: Heatran|Grass\n|move|p1a: Heatran|Flamethrower|p2a: Metagross\n|-supereffective|p2a: Metagross\n|-damage|p2a: Metagross|23\/100\n|move|p2a: Metagross|Hammer Arm|p1a: Heatran\n|-damage|p1a: Heatran|61\/100\n|-unboost|p2a: Metagross|spe|1\n|\n|-heal|p1a: Heatran|68\/100|[from] item: Leftovers\n|upkeep\n|turn|14\n|\n|t:|1700672000\n|move|p2a: Metagross|Bullet Punch|p1a: Heatran\n|-damage|p1a: Heatran|48\/100\n|move|p1a: Heatran|Flamethrower|p2a: Metagross\n|-supereffective|p2a: Metagross\n|-damage|p2a: Metagross|0 fnt\n|faint|p2a: Metagross\n|\n|-heal|p1a: Heatran|54\/100|[from] item: Leftovers\n|upkeep\n|\n|t:|1700672009\n|switch|p2a: Kartana|Kartana|100\/100\n|turn|15\n|\n|t:|1700672015\n|move|p1a: Heatran|Protect|p1a: Heatran\n|-singleturn|p1a: Heatran|Protect\n|move|p2a: Kartana|X-Scissor|p1a: Heatran\n|-activate|p1a: Heatran|move: Protect\n|\n|-heal|p1a: Heatran|61\/100|[from] item: Leftovers\n|upkeep\n|turn|16\n|\n|t:|1700672029\n|switch|p1a: Kartana|Kartana|100\/100\n|move|p2a: Kartana|X-Scissor|p1a: Kartana\n|-damage|p1a: Kartana|64\/100\n|\n|upkeep\n|turn|17\n|\n|t:|1700672041\n|switch|p2a: Aegislash|Aegislash, F|100\/100\n|switch|p1a: Gliscor|Gliscor, F|85\/100\n|\n|-status|p1a: Gliscor|tox|[from] item: Toxic Orb\n|upkeep\n|turn|18\n|\n|t:|1700672053\n|move|p2a: Aegislash|King's Shield|p2a: Aegislash\n|-singleturn|p2a: Aegislash|Protect\n|move|p1a: Gliscor|Earthquake|p2a: Aegislash\n|-activate|p2a: Aegislash|move: Protect\n|\n|-heal|p1a: Gliscor|98\/100 tox|[from] ability: Poison Heal\n|upkeep\n|turn|19\n|\n|t:|1700672063\n|switch|p2a: Kartana|Kartana|100\/100\n|move|p1a: Gliscor|Earthquake|p2a: Kartana\n|-damage|p2a: Kartana|69\/100\n|\n|-heal|p1a: Gliscor|100\/100 tox|[from] ability: Poison Heal\n|upkeep\n|turn|20\n|\n|t:|1700672071\n|-terastallize|p2a: Kartana|Grass\n|move|p2a: Kartana|Leaf Blade|p1a: Gliscor\n|-damage|p1a: Gliscor|36\/100 tox\n|move|p1a: Gliscor|Earthquake|p2a: Kartana\n|-resisted|p2a: Kartana\n|-damage|p2a: Kartana|51\/100\n|\n|-heal|p1a: Gliscor|49\/100 tox|[from] ability: Poison Heal\n|upkeep\n|turn|21\n|\n|t:|1700672088\n|switch|p2a: Aegislash|Aegislash, F|100\/100\n|switch|p1a: Heatran|Heatran, F, tera:Grass|61\/100\n|\n|-heal|p1a: Heatran|67\/100|[from] item: Leftovers\n|upkeep\n|turn|22\n|\n|t:|1700672097\n|move|p1a: Heatran|Flamethrower|p2a: Aegislash\n|-supereffective|p2a: Aegislash\n|-damage|p2a: Aegislash|19\/100\n|-formechange|p2a: Aegislash|Aegislash-Blade||[from] ability: Stance Change\n|move|p2a: Aegislash|Sacred Sword|p1a: Heatran\n|-damage|p1a: Heatran|34\/100\n|\n|-heal|p1a: Heatran|40\/100|[from] item: Leftovers\n|-heal|p2a: Aegislash|25\/100|[from] item: Leftovers\n|upkeep\n|turn|23\n|\n|t:|1700672108\n|switch|p1a: Gliscor|Gliscor, F|49\/100 tox\n|move|p2a: Aegislash|Shadow Sneak|p1a: Gliscor\n|-damage|p1a: Gliscor|28\/100 tox\n|\n|-heal|p2a: Aegislash|32\/100|[from] item: Leftovers\n|-heal|p1a: Gliscor|41\/100 tox|[from] ability: Poison Heal\n|upkeep\n|turn|24\n|\n|t:|1700672116\n|move|p2a: Aegislash|Shadow Sneak|p1a: Gliscor\n|-damage|p1a: Gliscor|23\/100 tox\n|move|p1a: Gliscor|Roost|p1a: Gliscor\n|-heal|p1a: Gliscor|73\/100 tox\n|-singleturn|p1a: Gliscor|move: Roost\n|\n|-heal|p2a: Aegislash|38\/100|[from] item: Leftovers\n|-heal|p1a: Gliscor|85\/100 tox|[from] ability: Poison Heal\n|upkeep\n|turn|25\n|\n|t:|1700672125\n|move|p1a: Gliscor|Earthquake|p2a: Aegislash\n|-supereffective|p2a: Aegislash\n|-damage|p2a: Aegislash|0 fnt\n|faint|p2a: Aegislash\n|\n|-heal|p1a: Gliscor|98\/100 tox|[from] ability: Poison Heal\n|upkeep\n|\n|t:|1700672131\n|switch|p2a: Kartana|Kartana, tera:Grass|51\/100\n|turn|26\n|\n|t:|1700672135\n|move|p2a: Kartana|Leaf Blade|p1a: Gliscor\n|-damage|p1a: Gliscor|35\/100 tox\n|move|p1a: Gliscor|Toxic|p2a: Kartana\n|-status|p2a: Kartana|tox\n|\n|-damage|p2a: Kartana|45\/100 tox|[from] psn\n|-heal|p1a: Gliscor|48\/100 tox|[from] ability: Poison Heal\n|upkeep\n|turn|27\n|\n|t:|1700672143\n|move|p2a: Kartana|Leaf Blade|p1a: Gliscor\n|-damage|p1a: Gliscor|0 fnt\n|faint|p1a: Gliscor\n|-ability|p2a: Kartana|Beast Boost|boost\n|-boost|p2a: Kartana|atk|1\n|\n|-damage|p2a: Kartana|33\/100 tox|[from] psn\n|upkeep\n|c|\u2606BMCCC|gg\n|c|\u2606Lajonnne|GG\n|\n|t:|1700672150\n|switch|p1a: Heatran|Heatran, F, tera:Grass|40\/100\n|turn|28\n|c|\u2606Lajonnne|great battle on your part\n|\n|t:|1700672158\n|move|p1a: Heatran|Protect|p1a: Heatran\n|-singleturn|p1a: Heatran|Protect\n|move|p2a: Kartana|Leaf Blade|p1a: Heatran\n|-activate|p1a: Heatran|move: Protect\n|\n|-heal|p1a: Heatran|46\/100|[from] item: Leftovers\n|-damage|p2a: Kartana|14\/100 tox|[from] psn\n|upkeep\n|turn|29\n|c|\u2606Lajonnne|smart to use toxic protect strat\n|\n|t:|1700672175\n|move|p2a: Kartana|Leaf Blade|p1a: Heatran\n|-resisted|p1a: Heatran\n|-damage|p1a: Heatran|0 fnt\n|faint|p1a: Heatran\n|-ability|p2a: Kartana|Beast Boost|boost\n|-boost|p2a: Kartana|atk|1\n|\n|-damage|p2a: Kartana|0 fnt|[from] psn\n|faint|p2a: Kartana\n|\n|win|BMCCC\n|upkeep\n|raw|BMCCC's rating: 1173 &rarr; <strong>1197<\/strong><br \/>(+24 for winning)\n|raw|Lajonnne's rating: 1162 &rarr; <strong>1138<\/strong><br \/>(-24 for losing)\n|c|\u2606Lajonnne|GG\n|c|\u2606Lajonnne|later mate\n|l|\u2606Lajonnne\n","uploadtime":1700672219,"views":0,"p1id":"bmccc","p2id":"lajonnne","formatid":"gen9nationaldex","rating":1138,"private":0,"password":""}