{"id":"gen9nationaldex-1999931853","p1":"Dasocks (^-^)","p2":"TheTrueLtaker","format":"[Gen 9] National Dex","log":"|j|\u2606Dasocks (^-^)\n|j|\u2606TheTrueLtaker\n|t:|1701131529\n|gametype|singles\n|player|p1|Dasocks (^-^)|hanbei-conquest|\n|player|p2|TheTrueLtaker|marnie-masters3|\n|teamsize|p1|6\n|teamsize|p2|6\n|gen|9\n|tier|[Gen 9] National Dex\n|rated|Tournament battle\n|rule|HP Percentage Mod: HP is shown in percentages\n|rule|Endless Battle Clause: Forcing endless battles is banned\n|rule|OHKO Clause: OHKO moves are banned\n|rule|Evasion Clause: Evasion abilities, items, and moves are banned\n|rule|Evasion Abilities Clause: Evasion abilities are banned\n|rule|Evasion Items Clause: Evasion items are banned\n|rule|Evasion Moves Clause: Evasion moves are banned\n|rule|Species Clause: Limit one of each Pok\u00e9mon\n|rule|Sleep Clause Mod: Limit one foe put to sleep\n|rule|Camomons Mod: Pok\u00e9mon have their types set to match their first two moves.\n|rule|CFZ Clause: Crystal-free Z-Moves are banned\n|rule|Sleep Moves Clause: Sleep-inducing moves are banned\n|rule|Terastal Clause: You cannot Terastallize\n|clearpoke\n|poke|p1|Coalossal, F|\n|poke|p1|Dragonite, M|\n|poke|p1|Darkrai|\n|poke|p1|Lopunny, F|\n|poke|p1|Shaymin-Sky|\n|poke|p1|Porygon-Z|\n|poke|p2|Latias, F|\n|poke|p2|Goodra-Hisui, F|\n|poke|p2|Porygon-Z|\n|poke|p2|Lycanroc-Dusk, F|\n|poke|p2|Darmanitan, M|\n|poke|p2|Alomomola, M|\n|teampreview\n|j|%Iolanthe\n|inactive|Battle timer is ON: inactive players will automatically lose when time's up. (requested by Dasocks (^-^))\n|inactive|TheTrueLtaker also wants the timer to be on.\n|c|\u2606TheTrueLtaker|Glhf\n|c|\u2606Dasocks (^-^)|u2\n|c|\u2606TheTrueLtaker|And i forgot to fix pory\n|c|\u2606TheTrueLtaker|Oh well\n|j|+Bigrokof\n|c|\u2606Dasocks (^-^)|what was i cooking with this team man\n|inactive|Dasocks (^-^) has 120 seconds left.\n|\n|t:|1701131566\n|start\n|switch|p1a: In the Night|Darkrai|100\/100\n|switch|p2a: Porygon-Z|Porygon-Z|100\/100\n|-start|p1a: In the Night|typechange|Dragon\/Steel|[silent]\n|-start|p2a: Porygon-Z|typechange|Ghost\/Fighting|[silent]\n|-start|p1a: In the Night|typechange|Dragon\/Steel|[silent]\n|-start|p2a: Porygon-Z|typechange|Ghost\/Fighting|[silent]\n|turn|1\n|l|%Iolanthe\n|\n|t:|1701131577\n|switch|p2a: Goodra|Goodra-Hisui, F|100\/100\n|-start|p2a: Goodra|typechange|Water\/Ground|[silent]\n|move|p1a: In the Night|Dragon Energy|p2a: Goodra\n|-damage|p2a: Goodra|58\/100\n|\n|-heal|p2a: Goodra|65\/100|[from] item: Leftovers\n|upkeep\n|-start|p2a: Goodra|typechange|Water\/Ground|[silent]\n|turn|2\n|\n|t:|1701131594\n|switch|p1a: Unreachable Side|Coalossal, F|100\/100\n|-start|p1a: Unreachable Side|typechange|Bug\/Steel|[silent]\n|move|p2a: Goodra|Scorching Sands|p1a: Unreachable Side\n|-damage|p1a: Unreachable Side|83\/100\n|-status|p1a: Unreachable Side|brn\n|\n|-heal|p2a: Goodra|71\/100|[from] item: Leftovers\n|-damage|p1a: Unreachable Side|77\/100 brn|[from] brn\n|upkeep\n|-start|p1a: Unreachable Side|typechange|Bug\/Steel|[silent]\n|turn|3\n|\n|t:|1701131598\n|switch|p2a: Alomomola|Alomomola, M|100\/100\n|-start|p2a: Alomomola|typechange|Flying\/Steel|[silent]\n|move|p1a: Unreachable Side|Sticky Web|p2a: Alomomola\n|-sidestart|p2: TheTrueLtaker|move: Sticky Web\n|\n|-damage|p1a: Unreachable Side|70\/100 brn|[from] brn\n|upkeep\n|-start|p2a: Alomomola|typechange|Flying\/Steel|[silent]\n|turn|4\n|\n|t:|1701131604\n|-singleturn|p2a: Alomomola|move: Beak Blast\n|move|p1a: Unreachable Side|U-turn|p2a: Alomomola\n|-resisted|p2a: Alomomola\n|-damage|p2a: Alomomola|99\/100\n|\n|t:|1701131622\n|switch|p1a: In the Night|Darkrai|100\/100|[from] U-turn\n|-start|p1a: In the Night|typechange|Dragon\/Steel|[silent]\n|move|p2a: Alomomola|Beak Blast|p1a: In the Night\n|-resisted|p1a: In the Night\n|-damage|p1a: In the Night|83\/100\n|\n|-heal|p2a: Alomomola|100\/100|[from] item: Leftovers\n|upkeep\n|-start|p1a: In the Night|typechange|Dragon\/Steel|[silent]\n|turn|5\n|\n|t:|1701131627\n|switch|p2a: Goodra|Goodra-Hisui, F|71\/100\n|-start|p2a: Goodra|typechange|Water\/Ground|[silent]\n|-activate|p2a: Goodra|move: Sticky Web\n|-unboost|p2a: Goodra|spe|1\n|move|p1a: In the Night|Switcheroo|p2a: Goodra\n|-activate|p1a: In the Night|move: Trick|[of] p2a: Goodra\n|-item|p2a: Goodra|Choice Scarf|[from] move: Switcheroo\n|-item|p1a: In the Night|Leftovers|[from] move: Switcheroo\n|\n|-heal|p1a: In the Night|89\/100|[from] item: Leftovers\n|upkeep\n|-start|p2a: Goodra|typechange|Water\/Ground|[silent]\n|turn|6\n|\n|t:|1701131635\n|move|p1a: In the Night|Parting Shot|p2a: Goodra\n|-unboost|p2a: Goodra|atk|1\n|-unboost|p2a: Goodra|spa|1\n|\n|t:|1701131637\n|switch|p1a: Before Dawn|Dragonite, M|100\/100|[from] Parting Shot\n|-start|p1a: Before Dawn|typechange|Ghost\/Steel|[silent]\n|move|p2a: Goodra|Rapid Spin|p1a: Before Dawn\n|-immune|p1a: Before Dawn\n|\n|upkeep\n|-start|p1a: Before Dawn|typechange|Ghost\/Steel|[silent]\n|turn|7\n|\n|t:|1701131643\n|switch|p2a: Alomomola|Alomomola, M|100\/100\n|-start|p2a: Alomomola|typechange|Flying\/Steel|[silent]\n|move|p1a: Before Dawn|Dragon Dance|p1a: Before Dawn\n|-boost|p1a: Before Dawn|atk|1\n|-boost|p1a: Before Dawn|spe|1\n|\n|upkeep\n|-start|p2a: Alomomola|typechange|Flying\/Steel|[silent]\n|turn|8\n|\n|t:|1701131653\n|move|p1a: Before Dawn|Dragon Dance|p1a: Before Dawn\n|-boost|p1a: Before Dawn|atk|1\n|-boost|p1a: Before Dawn|spe|1\n|move|p2a: Alomomola|Strength Sap|p1a: Before Dawn\n|-unboost|p1a: Before Dawn|atk|1\n|\n|upkeep\n|turn|9\n|\n|t:|1701131658\n|move|p1a: Before Dawn|Dragon Dance|p1a: Before Dawn\n|-boost|p1a: Before Dawn|atk|1\n|-boost|p1a: Before Dawn|spe|1\n|move|p2a: Alomomola|Strength Sap|p1a: Before Dawn\n|-unboost|p1a: Before Dawn|atk|1\n|\n|upkeep\n|turn|10\n|\n|t:|1701131660\n|move|p1a: Before Dawn|Dragon Dance|p1a: Before Dawn\n|-boost|p1a: Before Dawn|atk|1\n|-boost|p1a: Before Dawn|spe|1\n|move|p2a: Alomomola|Strength Sap|p1a: Before Dawn\n|-unboost|p1a: Before Dawn|atk|1\n|\n|upkeep\n|turn|11\n|\n|t:|1701131666\n|move|p1a: Before Dawn|Dragon Dance|p1a: Before Dawn\n|-boost|p1a: Before Dawn|atk|1\n|-boost|p1a: Before Dawn|spe|1\n|move|p2a: Alomomola|Strength Sap|p1a: Before Dawn\n|-unboost|p1a: Before Dawn|atk|1\n|\n|upkeep\n|turn|12\n|\n|t:|1701131668\n|move|p1a: Before Dawn|Dragon Dance|p1a: Before Dawn\n|-boost|p1a: Before Dawn|atk|1\n|-boost|p1a: Before Dawn|spe|1\n|move|p2a: Alomomola|Anchor Shot|p1a: Before Dawn\n|-resisted|p1a: Before Dawn\n|-damage|p1a: Before Dawn|95\/100\n|\n|upkeep\n|turn|13\n|\n|t:|1701131670\n|move|p1a: Before Dawn|Dragon Dance|p1a: Before Dawn\n|-boost|p1a: Before Dawn|atk|1\n|-boost|p1a: Before Dawn|spe|0\n|move|p2a: Alomomola|Strength Sap|p1a: Before Dawn\n|-unboost|p1a: Before Dawn|atk|1\n|\n|upkeep\n|turn|14\n|\n|t:|1701131675\n|move|p1a: Before Dawn|Dragon Dance|p1a: Before Dawn\n|-boost|p1a: Before Dawn|atk|1\n|-boost|p1a: Before Dawn|spe|0\n|move|p2a: Alomomola|Strength Sap|p1a: Before Dawn\n|-unboost|p1a: Before Dawn|atk|1\n|\n|upkeep\n|turn|15\n|c|+Bigrokof|alomola gaming\n|c|\u2606TheTrueLtaker|No\n|c|\u2606Dasocks (^-^)|this is not alo gaming\n|c|\u2606TheTrueLtaker|It's dnite gaming\n|c|\u2606TheTrueLtaker|Why did i not give rock sucker\n|\n|t:|1701131703\n|move|p1a: Before Dawn|Dragon Dance|p1a: Before Dawn\n|-boost|p1a: Before Dawn|atk|1\n|-boost|p1a: Before Dawn|spe|0\n|move|p2a: Alomomola|U-turn|p1a: Before Dawn\n|-resisted|p1a: Before Dawn\n|-damage|p1a: Before Dawn|91\/100\n|\n|t:|1701131706\n|switch|p2a: Mass Destruction|Latias, F|100\/100|[from] U-turn\n|-start|p2a: Mass Destruction|typechange|Fire\/Fairy|[silent]\n|\n|upkeep\n|-start|p2a: Mass Destruction|typechange|Fire\/Fairy|[silent]\n|turn|16\n|\n|t:|1701131711\n|detailschange|p2a: Mass Destruction|Latias-Mega, F\n|-mega|p2a: Mass Destruction|Latias|Latiasite\n|-start|p2a: Mass Destruction|typechange|Fire\/Fairy|[silent]\n|move|p1a: Before Dawn|Gigaton Hammer|p2a: Mass Destruction\n|-damage|p2a: Mass Destruction|0 fnt\n|faint|p2a: Mass Destruction\n|\n|upkeep\n|c|\u2606TheTrueLtaker|I just lose here\n|\n|t:|1701131717\n|switch|p2a: Lycanroc|Lycanroc-Dusk, F|100\/100\n|-start|p2a: Lycanroc|typechange|Dark\/Steel|[silent]\n|-activate|p2a: Lycanroc|move: Sticky Web\n|-unboost|p2a: Lycanroc|spe|1\n|-start|p2a: Lycanroc|typechange|Dark\/Steel|[silent]\n|turn|17\n|\n|t:|1701131731\n|move|p1a: Before Dawn|Heal Order|p1a: Before Dawn\n|-heal|p1a: Before Dawn|100\/100\n|move|p2a: Lycanroc|Pursuit|p1a: Before Dawn\n|-supereffective|p1a: Before Dawn\n|-damage|p1a: Before Dawn|61\/100\n|\n|upkeep\n|turn|18\n|\n|t:|1701131736\n|switch|p2a: Alomomola|Alomomola, M|100\/100\n|-start|p2a: Alomomola|typechange|Flying\/Steel|[silent]\n|move|p1a: Before Dawn|Gigaton Hammer|p2a: Alomomola\n|-resisted|p2a: Alomomola\n|-damage|p2a: Alomomola|41\/100\n|\n|-heal|p2a: Alomomola|47\/100|[from] item: Leftovers\n|upkeep\n|-start|p2a: Alomomola|typechange|Flying\/Steel|[silent]\n|turn|19\n|\n|t:|1701131742\n|move|p1a: Before Dawn|Dragon Dance|p1a: Before Dawn\n|-boost|p1a: Before Dawn|atk|1\n|-boost|p1a: Before Dawn|spe|0\n|move|p2a: Alomomola|Strength Sap|p1a: Before Dawn\n|-unboost|p1a: Before Dawn|atk|1\n|-heal|p2a: Alomomola|100\/100\n|\n|upkeep\n|turn|20\n|\n|t:|1701131752\n|move|p1a: Before Dawn|Dragon Dance|p1a: Before Dawn\n|-boost|p1a: Before Dawn|atk|1\n|-boost|p1a: Before Dawn|spe|0\n|move|p2a: Alomomola|Strength Sap|p1a: Before Dawn\n|-unboost|p1a: Before Dawn|atk|1\n|\n|upkeep\n|turn|21\n|\n|t:|1701131758\n|move|p1a: Before Dawn|Dragon Dance|p1a: Before Dawn\n|-boost|p1a: Before Dawn|atk|1\n|-boost|p1a: Before Dawn|spe|0\n|move|p2a: Alomomola|U-turn|p1a: Before Dawn\n|-resisted|p1a: Before Dawn\n|-damage|p1a: Before Dawn|58\/100\n|-message|TheTrueLtaker forfeited.\n|\n|win|Dasocks (^-^)\n|n|\u2606Dasocks (^-^)|dasocks\n|n|\u2606TheTrueLtaker|thetrueltaker\n|n| Bigrokof|bigrokof\n","uploadtime":1701131761,"views":1,"p1id":"dasocks","p2id":"thetrueltaker","formatid":"gen9nationaldex","rating":0,"private":0,"password":""}