{"id":"gen9nationaldex-2000467499","p1":"billyoceann","p2":"fmxhdjdisosla","format":"[Gen 9] National Dex","log":"|html|<div class=\"broadcast-blue\"><strong>[Gen 9] National Dex is currently suspecting Sneasler! For information on how to participate check out the <a href=\"https:\/\/www.smogon.com\/forums\/threads\/sv-national-dex-suspect-8-just-dance.3731534\/\">suspect thread<\/a>.<\/strong><\/div>\n|j|\u2606billyoceann\n|j|\u2606fmxhdjdisosla\n|t:|1701197275\n|gametype|singles\n|player|p1|billyoceann|red|1129\n|player|p2|fmxhdjdisosla|101|1072\n|teamsize|p1|6\n|teamsize|p2|6\n|gen|9\n|tier|[Gen 9] National Dex\n|rated|\n|rule|HP Percentage Mod: HP is shown in percentages\n|rule|Endless Battle Clause: Forcing endless battles is banned\n|rule|OHKO Clause: OHKO moves are banned\n|rule|Evasion Clause: Evasion abilities, items, and moves are banned\n|rule|Evasion Abilities Clause: Evasion abilities are banned\n|rule|Evasion Items Clause: Evasion items are banned\n|rule|Evasion Moves Clause: Evasion moves are banned\n|rule|Species Clause: Limit one of each Pok\u00e9mon\n|rule|Sleep Clause Mod: Limit one foe put to sleep\n|clearpoke\n|poke|p1|Tornadus-Therian, M|\n|poke|p1|Pikachu, F|\n|poke|p1|Toxapex, M|\n|poke|p1|Aegislash, F|\n|poke|p1|Swellow, M|\n|poke|p1|Greninja-*, F|\n|poke|p2|Muk-Alola, M|\n|poke|p2|Alomomola, M|\n|poke|p2|Garchomp, M|\n|poke|p2|Gliscor, F|\n|poke|p2|Great Tusk|\n|poke|p2|Corviknight, F|\n|teampreview\n|inactive|Battle timer is ON: inactive players will automatically lose when time's up. (requested by billyoceann)\n|\n|t:|1701197281\n|start\n|switch|p1a: Swellow|Swellow, M, shiny|100\/100\n|switch|p2a: Muk|Muk-Alola, M|100\/100\n|turn|1\n|\n|t:|1701197297\n|move|p1a: Swellow|Boomburst|p2a: Muk\n|-damage|p2a: Muk|70\/100\n|-enditem|p1a: Swellow|Throat Spray\n|-boost|p1a: Swellow|spa|1|[from] item: Throat Spray\n|move|p2a: Muk|Knock Off|p1a: Swellow\n|-damage|p1a: Swellow|40\/100\n|\n|upkeep\n|turn|2\n|\n|t:|1701197313\n|move|p1a: Swellow|Boomburst|p2a: Muk\n|-damage|p2a: Muk|28\/100\n|move|p2a: Muk|Knock Off|p1a: Swellow\n|-damage|p1a: Swellow|0 fnt\n|faint|p1a: Swellow\n|\n|upkeep\n|\n|t:|1701197321\n|switch|p1a: Pikachu|Pikachu, F|100\/100\n|turn|3\n|\n|t:|1701197325\n|switch|p2a: Gliscor|Gliscor, F|100\/100\n|-terastallize|p1a: Pikachu|Normal\n|move|p1a: Pikachu|Fake Out|p2a: Gliscor\n|-damage|p2a: Gliscor|82\/100\n|\n|-status|p2a: Gliscor|tox|[from] item: Toxic Orb\n|upkeep\n|turn|4\n|\n|t:|1701197334\n|move|p1a: Pikachu|Frustration|p2a: Gliscor\n|-damage|p2a: Gliscor|35\/100 tox\n|move|p2a: Gliscor|Toxic|p1a: Pikachu\n|-status|p1a: Pikachu|tox\n|\n|-damage|p1a: Pikachu|94\/100 tox|[from] psn\n|-heal|p2a: Gliscor|47\/100 tox|[from] ability: Poison Heal\n|upkeep\n|turn|5\n|\n|t:|1701197347\n|switch|p2a: Alomomola|Alomomola, M|100\/100\n|move|p1a: Pikachu|Frustration|p2a: Alomomola\n|-crit|p2a: Alomomola\n|-damage|p2a: Alomomola|49\/100\n|\n|-damage|p1a: Pikachu|82\/100 tox|[from] psn\n|upkeep\n|turn|6\n|\n|t:|1701197358\n|move|p2a: Alomomola|Protect|p2a: Alomomola\n|-singleturn|p2a: Alomomola|Protect\n|move|p1a: Pikachu|Frustration|p2a: Alomomola\n|-activate|p2a: Alomomola|move: Protect\n|\n|-damage|p1a: Pikachu|64\/100 tox|[from] psn\n|upkeep\n|turn|7\n|\n|t:|1701197362\n|switch|p2a: Garchomp|Garchomp, M|100\/100\n|move|p1a: Pikachu|Frustration|p2a: Garchomp\n|-damage|p2a: Garchomp|40\/100\n|-damage|p1a: Pikachu|51\/100 tox|[from] ability: Rough Skin|[of] p2a: Garchomp\n|\n|-damage|p1a: Pikachu|27\/100 tox|[from] psn\n|upkeep\n|turn|8\n|\n|t:|1701197370\n|switch|p2a: Corviknight|Corviknight, F|100\/100\n|move|p1a: Pikachu|Extreme Speed|p2a: Corviknight\n|-resisted|p2a: Corviknight\n|-damage|p2a: Corviknight|79\/100\n|\n|-damage|p1a: Pikachu|0 fnt|[from] psn\n|faint|p1a: Pikachu\n|upkeep\n|\n|t:|1701197375\n|switch|p1a: Tornadus|Tornadus-Therian, M, shiny|100\/100\n|turn|9\n|\n|t:|1701197383\n|switch|p2a: Alomomola|Alomomola, M|82\/100\n|move|p1a: Tornadus|Nasty Plot|p1a: Tornadus\n|-boost|p1a: Tornadus|spa|2\n|\n|upkeep\n|turn|10\n|\n|t:|1701197389\n|-zpower|p1a: Tornadus\n|move|p1a: Tornadus|Supersonic Skystrike|p2a: Alomomola|[zeffect]\n|-crit|p2a: Alomomola\n|-damage|p2a: Alomomola|0 fnt\n|faint|p2a: Alomomola\n|\n|upkeep\n|\n|t:|1701197393\n|switch|p2a: Muk|Muk-Alola, M|28\/100\n|turn|11\n|\n|t:|1701197397\n|move|p1a: Tornadus|Hurricane|p2a: Muk|[miss]\n|-miss|p1a: Tornadus|p2a: Muk\n|move|p2a: Muk|Poison Jab|p1a: Tornadus\n|-damage|p1a: Tornadus|44\/100\n|-status|p1a: Tornadus|psn|[from] ability: Poison Touch|[of] p2a: Muk\n|\n|-damage|p1a: Tornadus|32\/100 psn|[from] psn\n|upkeep\n|turn|12\n|\n|t:|1701197412\n|move|p2a: Muk|Shadow Sneak|p1a: Tornadus\n|-damage|p1a: Tornadus|14\/100 psn\n|move|p1a: Tornadus|Hurricane|p2a: Muk|[miss]\n|-miss|p1a: Tornadus|p2a: Muk\n|\n|-damage|p1a: Tornadus|2\/100 psn|[from] psn\n|upkeep\n|turn|13\n|\n|t:|1701197418\n|move|p1a: Tornadus|Hurricane|p2a: Muk|[miss]\n|-miss|p1a: Tornadus|p2a: Muk\n|move|p2a: Muk|Pursuit|p1a: Tornadus\n|-damage|p1a: Tornadus|0 fnt\n|faint|p1a: Tornadus\n|\n|upkeep\n|\n|t:|1701197427\n|switch|p1a: Greninja|Greninja, F|100\/100\n|turn|14\n|\n|t:|1701197443\n|move|p2a: Muk|Shadow Sneak|p1a: Greninja\n|-resisted|p1a: Greninja\n|-damage|p1a: Greninja|89\/100\n|-status|p1a: Greninja|psn|[from] ability: Poison Touch|[of] p2a: Muk\n|move|p1a: Greninja|Hydro Pump|p2a: Muk|[miss]\n|-start|p1a: Greninja|typechange|Water|[from] ability: Protean\n|-miss|p1a: Greninja|p2a: Muk\n|\n|-damage|p1a: Greninja|76\/100 psn|[from] psn\n|upkeep\n|turn|15\n|\n|t:|1701197456\n|move|p1a: Greninja|Hydro Pump|p2a: Muk\n|-crit|p2a: Muk\n|-damage|p2a: Muk|0 fnt\n|faint|p2a: Muk\n|\n|-damage|p1a: Greninja|64\/100 psn|[from] psn\n|upkeep\n|\n|t:|1701197471\n|switch|p2a: Great Tusk|Great Tusk|100\/100\n|turn|16\n|\n|t:|1701197473\n|switch|p1a: Toxapex|Toxapex, M, shiny|100\/100\n|-terastallize|p2a: Great Tusk|Water\n|move|p2a: Great Tusk|Earthquake|p1a: Toxapex\n|-supereffective|p1a: Toxapex\n|-damage|p1a: Toxapex|45\/100\n|\n|-heal|p1a: Toxapex|51\/100|[from] item: Black Sludge\n|upkeep\n|turn|17\n|\n|t:|1701197488\n|move|p1a: Toxapex|Baneful Bunker|p1a: Toxapex\n|-singleturn|p1a: Toxapex|move: Protect\n|move|p2a: Great Tusk|Earthquake|p1a: Toxapex\n|-activate|p1a: Toxapex|move: Protect\n|\n|-heal|p1a: Toxapex|58\/100|[from] item: Black Sludge\n|upkeep\n|turn|18\n|\n|t:|1701197493\n|-end|p2a: Great Tusk|Protosynthesis|[silent]\n|switch|p2a: Gliscor|Gliscor, F|47\/100 tox\n|move|p1a: Toxapex|Recover|p1a: Toxapex\n|-heal|p1a: Toxapex|100\/100\n|\n|-heal|p2a: Gliscor|60\/100 tox|[from] ability: Poison Heal\n|upkeep\n|turn|19\n|\n|t:|1701197502\n|move|p2a: Gliscor|Earthquake|p1a: Toxapex\n|-supereffective|p1a: Toxapex\n|-damage|p1a: Toxapex|58\/100\n|move|p1a: Toxapex|Scald|p2a: Gliscor\n|-supereffective|p2a: Gliscor\n|-damage|p2a: Gliscor|31\/100 tox\n|\n|-heal|p1a: Toxapex|65\/100|[from] item: Black Sludge\n|-heal|p2a: Gliscor|43\/100 tox|[from] ability: Poison Heal\n|upkeep\n|turn|20\n|\n|t:|1701197509\n|move|p2a: Gliscor|Earthquake|p1a: Toxapex\n|-supereffective|p1a: Toxapex\n|-damage|p1a: Toxapex|21\/100\n|move|p1a: Toxapex|Scald|p2a: Gliscor\n|-supereffective|p2a: Gliscor\n|-damage|p2a: Gliscor|15\/100 tox\n|\n|-heal|p1a: Toxapex|27\/100|[from] item: Black Sludge\n|-heal|p2a: Gliscor|27\/100 tox|[from] ability: Poison Heal\n|upkeep\n|turn|21\n|\n|t:|1701197516\n|move|p1a: Toxapex|Baneful Bunker|p1a: Toxapex\n|-singleturn|p1a: Toxapex|move: Protect\n|move|p2a: Gliscor|Roost|p2a: Gliscor\n|-heal|p2a: Gliscor|77\/100 tox\n|-singleturn|p2a: Gliscor|move: Roost\n|\n|-heal|p1a: Toxapex|33\/100|[from] item: Black Sludge\n|-heal|p2a: Gliscor|89\/100 tox|[from] ability: Poison Heal\n|upkeep\n|turn|22\n|\n|t:|1701197522\n|move|p2a: Gliscor|Earthquake|p1a: Toxapex\n|-supereffective|p1a: Toxapex\n|-damage|p1a: Toxapex|0 fnt\n|faint|p1a: Toxapex\n|\n|-heal|p2a: Gliscor|100\/100 tox|[from] ability: Poison Heal\n|upkeep\n|\n|t:|1701197525\n|switch|p1a: Greninja|Greninja, F|64\/100 psn\n|turn|23\n|\n|t:|1701197535\n|switch|p2a: Corviknight|Corviknight, F|79\/100\n|move|p1a: Greninja|Ice Beam|p2a: Corviknight\n|-start|p1a: Greninja|typechange|Ice|[from] ability: Protean\n|-damage|p2a: Corviknight|19\/100\n|\n|-damage|p1a: Greninja|52\/100 psn|[from] psn\n|upkeep\n|turn|24\n|\n|t:|1701197543\n|move|p1a: Greninja|Ice Beam|p2a: Corviknight\n|-damage|p2a: Corviknight|0 fnt\n|faint|p2a: Corviknight\n|\n|-damage|p1a: Greninja|39\/100 psn|[from] psn\n|upkeep\n|\n|t:|1701197553\n|switch|p2a: Great Tusk|Great Tusk, tera:Water|100\/100\n|turn|25\n|\n|t:|1701197558\n|switch|p1a: Aegislash|Aegislash, F, shiny|100\/100\n|move|p2a: Great Tusk|Earthquake|p1a: Aegislash\n|-supereffective|p1a: Aegislash\n|-damage|p1a: Aegislash|28\/100\n|\n|upkeep\n|turn|26\n|\n|t:|1701197563\n|-formechange|p1a: Aegislash|Aegislash-Blade||[from] ability: Stance Change\n|move|p1a: Aegislash|Shadow Sneak|p2a: Great Tusk\n|-damage|p2a: Great Tusk|87\/100\n|move|p2a: Great Tusk|Earthquake|p1a: Aegislash\n|-supereffective|p1a: Aegislash\n|-damage|p1a: Aegislash|0 fnt\n|faint|p1a: Aegislash\n|\n|-heal|p2a: Great Tusk|94\/100|[from] item: Leftovers\n|upkeep\n|\n|t:|1701197569\n|switch|p1a: Greninja|Greninja, F|39\/100 psn\n|turn|27\n|\n|t:|1701197574\n|move|p1a: Greninja|Extrasensory|p2a: Great Tusk\n|-start|p1a: Greninja|typechange|Psychic|[from] ability: Protean\n|-damage|p2a: Great Tusk|20\/100\n|move|p2a: Great Tusk|Earthquake|p1a: Greninja\n|-damage|p1a: Greninja|0 fnt\n|faint|p1a: Greninja\n|\n|win|fmxhdjdisosla\n|raw|billyoceann's rating: 1129 &rarr; <strong>1100<\/strong><br \/>(-29 for losing)\n|raw|fmxhdjdisosla's rating: 1072 &rarr; <strong>1106<\/strong><br \/>(+34 for winning)\n|l|\u2606billyoceann\n","uploadtime":1701197585,"views":0,"p1id":"billyoceann","p2id":"fmxhdjdisosla","formatid":"gen9nationaldex","rating":1100,"private":0,"password":""}