{"id":"gen9nationaldex-1993398601","p1":"hsenb\u59da\u67d0","p2":"xiaoheizi114514","format":"[Gen 9] National Dex","log":"|j|\u2606hsenb\u59da\u67d0\n|j|\u2606xiaoheizi114514\n|t:|1700312366\n|gametype|singles\n|player|p1|hsenb\u59da\u67d0|may-contest|\n|player|p2|xiaoheizi114514|cyclist|\n|teamsize|p1|6\n|teamsize|p2|6\n|gen|9\n|tier|[Gen 9] National Dex\n|rule|HP Percentage Mod: HP is shown in percentages\n|rule|Endless Battle Clause: Forcing endless battles is banned\n|rule|OHKO Clause: OHKO moves are banned\n|rule|Evasion Clause: Evasion abilities, items, and moves are banned\n|rule|Evasion Abilities Clause: Evasion abilities are banned\n|rule|Evasion Items Clause: Evasion items are banned\n|rule|Evasion Moves Clause: Evasion moves are banned\n|rule|Species Clause: Limit one of each Pok\u00e9mon\n|rule|Sleep Clause Mod: Limit one foe put to sleep\n|clearpoke\n|poke|p1|Diancie|\n|poke|p1|Garganacl, M|\n|poke|p1|Arcanine-Hisui, M|\n|poke|p1|Nihilego|\n|poke|p1|Glimmora, M|\n|poke|p1|Kleavor, F|\n|poke|p2|Alomomola, F|\n|poke|p2|Slowking-Galar, M|\n|poke|p2|Ting-Lu|\n|poke|p2|Ursaluna, M|\n|poke|p2|Tapu Koko|\n|poke|p2|Scizor, F|\n|teampreview\n|\n|t:|1700312375\n|start\n|switch|p1a: Glimmora|Glimmora, M|100\/100\n|switch|p2a: Tapu Koko|Tapu Koko|100\/100\n|-fieldstart|move: Electric Terrain|[from] ability: Electric Surge|[of] p2a: Tapu Koko\n|turn|1\n|j| kiboh no hana\n|\n|t:|1700312418\n|move|p2a: Tapu Koko|Volt Switch|p1a: Glimmora\n|-damage|p1a: Glimmora|34\/100\n|-damage|p2a: Tapu Koko|91\/100|[from] item: Life Orb\n|\n|t:|1700312423\n|switch|p2a: Scizor|Scizor, F|100\/100|[from] Volt Switch\n|move|p1a: Glimmora|Stealth Rock|p2a: Scizor\n|-sidestart|p2: xiaoheizi114514|move: Stealth Rock\n|\n|upkeep\n|turn|2\n|l| kiboh no hana\n|inactive|Battle timer is ON: inactive players will automatically lose when time's up. (requested by xiaoheizi114514)\n|\n|t:|1700312453\n|detailschange|p2a: Scizor|Scizor-Mega, F\n|-mega|p2a: Scizor|Scizor|Scizorite\n|move|p2a: Scizor|Bullet Punch|p1a: Glimmora\n|-supereffective|p1a: Glimmora\n|-damage|p1a: Glimmora|0 fnt\n|-activate|p1a: Glimmora|ability: Toxic Debris\n|-sidestart|p2: xiaoheizi114514|move: Toxic Spikes\n|faint|p1a: Glimmora\n|\n|upkeep\n|\n|t:|1700312455\n|switch|p1a: Arcanine|Arcanine-Hisui, M|100\/100\n|turn|3\n|\n|t:|1700312475\n|switch|p2a: Alomomola|Alomomola, F|100\/100\n|move|p1a: Arcanine|Head Smash|p2a: Alomomola\n|-crit|p2a: Alomomola\n|-damage|p2a: Alomomola|0 fnt\n|faint|p2a: Alomomola\n|\n|upkeep\n|\n|t:|1700312481\n|switch|p2a: Ting-Lu|Ting-Lu|100\/100\n|-damage|p2a: Ting-Lu|94\/100|[from] Stealth Rock\n|-status|p2a: Ting-Lu|psn\n|-ability|p2a: Ting-Lu|Vessel of Ruin\n|turn|4\n|\n|t:|1700312503\n|switch|p1a: Diancie|Diancie|100\/100\n|move|p2a: Ting-Lu|Earthquake|p1a: Diancie\n|-supereffective|p1a: Diancie\n|-damage|p1a: Diancie|23\/100\n|\n|-heal|p2a: Ting-Lu|100\/100 psn|[from] item: Leftovers\n|-damage|p2a: Ting-Lu|88\/100 psn|[from] psn\n|upkeep\n|turn|5\n|\n|t:|1700312511\n|switch|p2a: Scizor|Scizor-Mega, F|100\/100\n|-damage|p2a: Scizor|88\/100|[from] Stealth Rock\n|detailschange|p1a: Diancie|Diancie-Mega\n|-mega|p1a: Diancie|Diancie|Diancite\n|move|p1a: Diancie|Moonblast|p2a: Scizor\n|-resisted|p2a: Scizor\n|-damage|p2a: Scizor|59\/100\n|\n|-fieldend|move: Electric Terrain\n|upkeep\n|turn|6\n|\n|t:|1700312517\n|move|p2a: Scizor|Bullet Punch|p1a: Diancie\n|-supereffective|p1a: Diancie\n|-damage|p1a: Diancie|0 fnt\n|faint|p1a: Diancie\n|\n|upkeep\n|\n|t:|1700312519\n|switch|p1a: Arcanine|Arcanine-Hisui, M|100\/100\n|turn|7\n|\n|t:|1700312530\n|move|p2a: Scizor|Bullet Punch|p1a: Arcanine\n|-damage|p1a: Arcanine|61\/100\n|move|p1a: Arcanine|Flare Blitz|p2a: Scizor\n|-supereffective|p2a: Scizor\n|-damage|p2a: Scizor|0 fnt\n|faint|p2a: Scizor\n|\n|upkeep\n|\n|t:|1700312534\n|switch|p2a: Tapu Koko|Tapu Koko|91\/100\n|-damage|p2a: Tapu Koko|78\/100|[from] Stealth Rock\n|-status|p2a: Tapu Koko|psn\n|-fieldstart|move: Electric Terrain|[from] ability: Electric Surge|[of] p2a: Tapu Koko\n|turn|8\n|\n|t:|1700312539\n|switch|p1a: Kleavor|Kleavor, F|100\/100\n|move|p2a: Tapu Koko|Volt Switch|p1a: Kleavor\n|-damage|p1a: Kleavor|14\/100\n|-damage|p2a: Tapu Koko|68\/100 psn|[from] item: Life Orb\n|\n|t:|1700312541\n|switch|p2a: Ting-Lu|Ting-Lu|88\/100 psn|[from] Volt Switch\n|-damage|p2a: Ting-Lu|82\/100 psn|[from] Stealth Rock\n|-ability|p2a: Ting-Lu|Vessel of Ruin\n|\n|-heal|p2a: Ting-Lu|88\/100 psn|[from] item: Leftovers\n|-damage|p2a: Ting-Lu|76\/100 psn|[from] psn\n|upkeep\n|turn|9\n|\n|t:|1700312546\n|move|p1a: Kleavor|Close Combat|p2a: Ting-Lu\n|-supereffective|p2a: Ting-Lu\n|-damage|p2a: Ting-Lu|27\/100 psn\n|-unboost|p1a: Kleavor|def|1\n|-unboost|p1a: Kleavor|spd|1\n|move|p2a: Ting-Lu|Earthquake|p1a: Kleavor\n|-damage|p1a: Kleavor|0 fnt\n|faint|p1a: Kleavor\n|\n|-heal|p2a: Ting-Lu|33\/100 psn|[from] item: Leftovers\n|-damage|p2a: Ting-Lu|21\/100 psn|[from] psn\n|upkeep\n|\n|t:|1700312552\n|switch|p1a: Nihilego|Nihilego|100\/100\n|turn|10\n|\n|t:|1700312564\n|-terastallize|p2a: Ting-Lu|Poison\n|move|p1a: Nihilego|Grass Knot|p2a: Ting-Lu\n|-resisted|p2a: Ting-Lu\n|-crit|p2a: Ting-Lu\n|-damage|p2a: Ting-Lu|8\/100 psn\n|move|p2a: Ting-Lu|Earthquake|p1a: Nihilego\n|-supereffective|p1a: Nihilego\n|-damage|p1a: Nihilego|0 fnt\n|faint|p1a: Nihilego\n|\n|-heal|p2a: Ting-Lu|14\/100 psn|[from] item: Leftovers\n|-damage|p2a: Ting-Lu|2\/100 psn|[from] psn\n|upkeep\n|\n|t:|1700312575\n|switch|p1a: Garganacl|Garganacl, M|100\/100\n|turn|11\n|\n|t:|1700312588\n|-terastallize|p1a: Garganacl|Grass\n|move|p2a: Ting-Lu|Stealth Rock|p1a: Garganacl\n|-sidestart|p1: hsenb\u59da\u67d0|move: Stealth Rock\n|move|p1a: Garganacl|Iron Defense|p1a: Garganacl\n|-boost|p1a: Garganacl|def|2\n|\n|-heal|p2a: Ting-Lu|8\/100 psn|[from] item: Leftovers\n|-damage|p2a: Ting-Lu|0 fnt|[from] psn\n|faint|p2a: Ting-Lu\n|upkeep\n|\n|t:|1700312592\n|switch|p2a: Slowking|Slowking-Galar, M|100\/100\n|-sideend|p2: xiaoheizi114514|move: Toxic Spikes|[of] p2a: Slowking\n|turn|12\n|\n|t:|1700312596\n|move|p1a: Garganacl|Salt Cure|p2a: Slowking\n|-damage|p2a: Slowking|85\/100\n|-start|p2a: Slowking|Salt Cure\n|move|p2a: Slowking|Sludge Bomb|p1a: Garganacl\n|-supereffective|p1a: Garganacl\n|-damage|p1a: Garganacl|54\/100\n|\n|-heal|p1a: Garganacl|60\/100|[from] item: Leftovers\n|-damage|p2a: Slowking|73\/100|[from] Salt Cure\n|-fieldend|move: Electric Terrain\n|upkeep\n|turn|13\n|\n|t:|1700312609\n|move|p1a: Garganacl|Protect|p1a: Garganacl\n|-singleturn|p1a: Garganacl|Protect\n|move|p2a: Slowking|Chilly Reception|p2a: Slowking\n|-weather|Snow\n|\n|t:|1700312614\n|switch|p2a: Ursaluna|Ursaluna, M|100\/100|[from] Chilly Reception\n|-damage|p2a: Ursaluna|94\/100|[from] Stealth Rock\n|\n|-weather|Snow|[upkeep]\n|-heal|p1a: Garganacl|66\/100|[from] item: Leftovers\n|-status|p2a: Ursaluna|brn|[from] item: Flame Orb\n|upkeep\n|turn|14\n|\n|t:|1700312618\n|switch|p2a: Slowking|Slowking-Galar, M|100\/100\n|move|p1a: Garganacl|Recover|p1a: Garganacl\n|-heal|p1a: Garganacl|100\/100\n|\n|-weather|Snow|[upkeep]\n|upkeep\n|turn|15\n|\n|t:|1700312625\n|move|p1a: Garganacl|Salt Cure|p2a: Slowking\n|-damage|p2a: Slowking|85\/100\n|-start|p2a: Slowking|Salt Cure\n|move|p2a: Slowking|Sludge Bomb|p1a: Garganacl\n|-supereffective|p1a: Garganacl\n|-damage|p1a: Garganacl|55\/100\n|\n|-weather|Snow|[upkeep]\n|-heal|p1a: Garganacl|62\/100|[from] item: Leftovers\n|-damage|p2a: Slowking|73\/100|[from] Salt Cure\n|upkeep\n|turn|16\n|\n|t:|1700312633\n|move|p1a: Garganacl|Protect|p1a: Garganacl\n|-singleturn|p1a: Garganacl|Protect\n|move|p2a: Slowking|Chilly Reception|p2a: Slowking\n|\n|t:|1700312634\n|switch|p2a: Ursaluna|Ursaluna, M|94\/100 brn|[from] Chilly Reception\n|-damage|p2a: Ursaluna|88\/100 brn|[from] Stealth Rock\n|\n|-weather|Snow|[upkeep]\n|-heal|p1a: Garganacl|68\/100|[from] item: Leftovers\n|-damage|p2a: Ursaluna|82\/100 brn|[from] brn\n|upkeep\n|turn|17\n|\n|t:|1700312642\n|switch|p2a: Slowking|Slowking-Galar, M|100\/100\n|move|p1a: Garganacl|Salt Cure|p2a: Slowking\n|-damage|p2a: Slowking|87\/100\n|-start|p2a: Slowking|Salt Cure\n|\n|-weather|none\n|-heal|p1a: Garganacl|74\/100|[from] item: Leftovers\n|-damage|p2a: Slowking|74\/100|[from] Salt Cure\n|upkeep\n|turn|18\n|\n|t:|1700312649\n|switch|p1a: Arcanine|Arcanine-Hisui, M|61\/100\n|-damage|p1a: Arcanine|36\/100|[from] Stealth Rock\n|move|p2a: Slowking|Chilly Reception|p2a: Slowking\n|-weather|Snow\n|\n|t:|1700312651\n|switch|p2a: Tapu Koko|Tapu Koko|68\/100 psn|[from] Chilly Reception\n|-damage|p2a: Tapu Koko|56\/100 psn|[from] Stealth Rock\n|-fieldstart|move: Electric Terrain|[from] ability: Electric Surge|[of] p2a: Tapu Koko\n|\n|-weather|Snow|[upkeep]\n|-damage|p2a: Tapu Koko|43\/100 psn|[from] psn\n|upkeep\n|turn|19\n|\n|t:|1700312656\n|move|p1a: Arcanine|Extreme Speed|p2a: Tapu Koko\n|-damage|p2a: Tapu Koko|0 fnt\n|faint|p2a: Tapu Koko\n|\n|-weather|Snow|[upkeep]\n|upkeep\n|\n|t:|1700312659\n|switch|p2a: Ursaluna|Ursaluna, M|82\/100 brn\n|-damage|p2a: Ursaluna|76\/100 brn|[from] Stealth Rock\n|turn|20\n|\n|t:|1700312668\n|switch|p1a: Garganacl|Garganacl, M, tera:Grass|74\/100\n|-damage|p1a: Garganacl|62\/100|[from] Stealth Rock\n|move|p2a: Ursaluna|Facade|p1a: Garganacl\n|-damage|p1a: Garganacl|0 fnt\n|faint|p1a: Garganacl\n|\n|-weather|Snow|[upkeep]\n|-damage|p2a: Ursaluna|69\/100 brn|[from] brn\n|upkeep\n|\n|t:|1700312670\n|switch|p1a: Arcanine|Arcanine-Hisui, M|36\/100\n|-damage|p1a: Arcanine|11\/100|[from] Stealth Rock\n|turn|21\n|\n|t:|1700312675\n|move|p1a: Arcanine|Flare Blitz|p2a: Ursaluna\n|-damage|p2a: Ursaluna|0 fnt\n|faint|p2a: Ursaluna\n|\n|-weather|Snow|[upkeep]\n|upkeep\n|\n|t:|1700312676\n|switch|p2a: Slowking|Slowking-Galar, M|100\/100\n|turn|22\n|\n|t:|1700312678\n|move|p1a: Arcanine|Flare Blitz|p2a: Slowking\n|-damage|p2a: Slowking|0 fnt\n|faint|p2a: Slowking\n|\n|win|hsenb\u59da\u67d0\n|l|\u2606xiaoheizi114514\n","uploadtime":1700312685,"views":6,"p1id":"hsenb","p2id":"xiaoheizi114514","formatid":"gen9nationaldex","rating":0,"private":0,"password":""}