{"id":"gen9nationaldex-1992941749","p1":"Pokemon-Main_WW","p2":"vietxchopsticks","format":"[Gen 9] National Dex","log":"|j|\u2606Pokemon-Main_WW\n|j|\u2606vietxchopsticks\n|t:|1700248819\n|gametype|singles\n|player|p1|Pokemon-Main_WW|steven|1134\n|player|p2|vietxchopsticks|101|1097\n|teamsize|p1|6\n|teamsize|p2|6\n|gen|9\n|tier|[Gen 9] National Dex\n|rated|\n|rule|HP Percentage Mod: HP is shown in percentages\n|rule|Endless Battle Clause: Forcing endless battles is banned\n|rule|OHKO Clause: OHKO moves are banned\n|rule|Evasion Clause: Evasion abilities, items, and moves are banned\n|rule|Evasion Abilities Clause: Evasion abilities are banned\n|rule|Evasion Items Clause: Evasion items are banned\n|rule|Evasion Moves Clause: Evasion moves are banned\n|rule|Species Clause: Limit one of each Pok\u00e9mon\n|rule|Sleep Clause Mod: Limit one foe put to sleep\n|clearpoke\n|poke|p1|Volcarona, F|\n|poke|p1|Manaphy|\n|poke|p1|Great Tusk|\n|poke|p1|Kommo-o, F|\n|poke|p1|Charizard, F|\n|poke|p1|Sneasler, F|\n|poke|p2|Togekiss, M|\n|poke|p2|Serperior, F|\n|poke|p2|Blissey, F|\n|poke|p2|Ferrothorn, M|\n|poke|p2|Smeargle, M|\n|poke|p2|Aggron, M|\n|teampreview\n|inactive|Battle timer is ON: inactive players will automatically lose when time's up. (requested by vietxchopsticks)\n|\n|t:|1700248822\n|start\n|switch|p1a: Great Tusk|Great Tusk|100\/100\n|switch|p2a: Smeargle|Smeargle, M|100\/100\n|turn|1\n|\n|t:|1700248837\n|-end|p1a: Great Tusk|Protosynthesis|[silent]\n|switch|p1a: overrated asl|Charizard, F, shiny|100\/100\n|-terastallize|p2a: Smeargle|Normal\n|move|p2a: Smeargle|Nuzzle|p1a: overrated asl\n|-supereffective|p1a: overrated asl\n|-damage|p1a: overrated asl|96\/100\n|-status|p1a: overrated asl|par\n|\n|upkeep\n|turn|2\n|\n|t:|1700248848\n|move|p2a: Smeargle|Sticky Web|p1a: overrated asl\n|-sidestart|p1: Pokemon-Main_WW|move: Sticky Web\n|move|p1a: overrated asl|Dragon Dance|p1a: overrated asl\n|-boost|p1a: overrated asl|atk|1\n|-boost|p1a: overrated asl|spe|1\n|\n|upkeep\n|turn|3\n|\n|t:|1700248853\n|move|p1a: overrated asl|Dragon Dance|p1a: overrated asl\n|-boost|p1a: overrated asl|atk|1\n|-boost|p1a: overrated asl|spe|1\n|move|p2a: Smeargle|Roar|p1a: overrated asl\n|drag|p1a: Great Tusk|Great Tusk|100\/100\n|-activate|p1a: Great Tusk|move: Sticky Web\n|-unboost|p1a: Great Tusk|spe|1\n|\n|upkeep\n|turn|4\n|\n|t:|1700248863\n|move|p2a: Smeargle|Nuzzle|p1a: Great Tusk\n|-immune|p1a: Great Tusk\n|move|p1a: Great Tusk|Close Combat|p2a: Smeargle\n|-supereffective|p2a: Smeargle\n|-enditem|p2a: Smeargle|Focus Sash\n|-damage|p2a: Smeargle|1\/100\n|-unboost|p1a: Great Tusk|def|1\n|-unboost|p1a: Great Tusk|spd|1\n|\n|upkeep\n|turn|5\n|\n|t:|1700248869\n|move|p1a: Great Tusk|Rapid Spin|p2a: Smeargle\n|-damage|p2a: Smeargle|0 fnt\n|-boost|p1a: Great Tusk|spe|1\n|-sideend|p1: Pokemon-Main_WW|Sticky Web|[from] move: Rapid Spin|[of] p1a: Great Tusk\n|faint|p2a: Smeargle\n|\n|upkeep\n|c|\u2606Pokemon-Main_WW|bro tried to nuzzle a ground type\n|\n|t:|1700248880\n|switch|p2a: Serperior|Serperior, F|100\/100\n|turn|6\n|c|\u2606Pokemon-Main_WW|nah i aint finna be toxic\n|\n|t:|1700248892\n|move|p2a: Serperior|Substitute|p2a: Serperior\n|-start|p2a: Serperior|Substitute\n|-damage|p2a: Serperior|76\/100\n|move|p1a: Great Tusk|Stealth Rock|p2a: Serperior\n|-sidestart|p2: vietxchopsticks|move: Stealth Rock\n|\n|-heal|p2a: Serperior|82\/100|[from] item: Leftovers\n|upkeep\n|turn|7\n|\n|t:|1700248896\n|move|p2a: Serperior|Glare|p1a: Great Tusk\n|-status|p1a: Great Tusk|par\n|move|p1a: Great Tusk|Close Combat|p2a: Serperior\n|-end|p2a: Serperior|Substitute\n|-unboost|p1a: Great Tusk|def|1\n|-unboost|p1a: Great Tusk|spd|1\n|\n|-heal|p2a: Serperior|88\/100|[from] item: Leftovers\n|upkeep\n|turn|8\n|c|\u2606Pokemon-Main_WW|contrary ig?\n|\n|t:|1700248907\n|move|p2a: Serperior|Substitute|p2a: Serperior\n|-start|p2a: Serperior|Substitute\n|-damage|p2a: Serperior|63\/100\n|cant|p1a: Great Tusk|par\n|\n|-heal|p2a: Serperior|69\/100|[from] item: Leftovers\n|upkeep\n|turn|9\n|\n|t:|1700248912\n|move|p2a: Serperior|Leech Seed|p1a: Great Tusk\n|-start|p1a: Great Tusk|move: Leech Seed\n|move|p1a: Great Tusk|Close Combat|p2a: Serperior\n|-end|p2a: Serperior|Substitute\n|-unboost|p1a: Great Tusk|def|1\n|-unboost|p1a: Great Tusk|spd|1\n|\n|-heal|p2a: Serperior|76\/100|[from] item: Leftovers\n|-damage|p1a: Great Tusk|88\/100 par|[from] Leech Seed|[of] p2a: Serperior\n|-heal|p2a: Serperior|93\/100|[silent]\n|upkeep\n|turn|10\n|\n|t:|1700248916\n|move|p2a: Serperior|Substitute|p2a: Serperior\n|-start|p2a: Serperior|Substitute\n|-damage|p2a: Serperior|68\/100\n|move|p1a: Great Tusk|Close Combat|p2a: Serperior\n|-end|p2a: Serperior|Substitute\n|-unboost|p1a: Great Tusk|def|1\n|-unboost|p1a: Great Tusk|spd|1\n|\n|-heal|p2a: Serperior|75\/100|[from] item: Leftovers\n|-heal|p1a: Great Tusk|94\/100 par|[from] item: Leftovers\n|-damage|p1a: Great Tusk|82\/100 par|[from] Leech Seed|[of] p2a: Serperior\n|-heal|p2a: Serperior|92\/100|[silent]\n|upkeep\n|turn|11\n|c|\u2606Pokemon-Main_WW|oh a stall serperior?\n|c|\u2606Pokemon-Main_WW|thats very new\n|\n|t:|1700248926\n|move|p2a: Serperior|Substitute|p2a: Serperior\n|-start|p2a: Serperior|Substitute\n|-damage|p2a: Serperior|67\/100\n|move|p1a: Great Tusk|Close Combat|p2a: Serperior\n|-end|p2a: Serperior|Substitute\n|-unboost|p1a: Great Tusk|def|1\n|-unboost|p1a: Great Tusk|spd|1\n|\n|-heal|p2a: Serperior|74\/100|[from] item: Leftovers\n|-heal|p1a: Great Tusk|88\/100 par|[from] item: Leftovers\n|-damage|p1a: Great Tusk|76\/100 par|[from] Leech Seed|[of] p2a: Serperior\n|-heal|p2a: Serperior|91\/100|[silent]\n|upkeep\n|turn|12\n|\n|t:|1700248929\n|move|p2a: Serperior|Substitute|p2a: Serperior\n|-start|p2a: Serperior|Substitute\n|-damage|p2a: Serperior|66\/100\n|move|p1a: Great Tusk|Close Combat|p2a: Serperior\n|-end|p2a: Serperior|Substitute\n|-unboost|p1a: Great Tusk|def|1\n|-unboost|p1a: Great Tusk|spd|1\n|\n|-heal|p2a: Serperior|73\/100|[from] item: Leftovers\n|-heal|p1a: Great Tusk|82\/100 par|[from] item: Leftovers\n|-damage|p1a: Great Tusk|69\/100 par|[from] Leech Seed|[of] p2a: Serperior\n|-heal|p2a: Serperior|90\/100|[silent]\n|upkeep\n|turn|13\n|c|\u2606Pokemon-Main_WW|yo can u chill wit the stall\n|\n|t:|1700248944\n|move|p2a: Serperior|Substitute|p2a: Serperior\n|-start|p2a: Serperior|Substitute\n|-damage|p2a: Serperior|65\/100\n|move|p1a: Great Tusk|Close Combat|p2a: Serperior\n|-end|p2a: Serperior|Substitute\n|\n|-heal|p2a: Serperior|72\/100|[from] item: Leftovers\n|-heal|p1a: Great Tusk|76\/100 par|[from] item: Leftovers\n|-damage|p1a: Great Tusk|63\/100 par|[from] Leech Seed|[of] p2a: Serperior\n|-heal|p2a: Serperior|89\/100|[silent]\n|upkeep\n|turn|14\n|c|\u2606Pokemon-Main_WW|i guess not\n|\n|t:|1700248951\n|move|p2a: Serperior|Substitute|p2a: Serperior\n|-start|p2a: Serperior|Substitute\n|-damage|p2a: Serperior|64\/100\n|move|p1a: Great Tusk|Close Combat|p2a: Serperior\n|-end|p2a: Serperior|Substitute\n|\n|-heal|p2a: Serperior|71\/100|[from] item: Leftovers\n|-heal|p1a: Great Tusk|69\/100 par|[from] item: Leftovers\n|-damage|p1a: Great Tusk|57\/100 par|[from] Leech Seed|[of] p2a: Serperior\n|-heal|p2a: Serperior|88\/100|[silent]\n|upkeep\n|turn|15\n|c|\u2606Pokemon-Main_WW|ONE LEAF STORM AND IM DONZO\n|c|\u2606Pokemon-Main_WW|IM GONE\n|c|\u2606Pokemon-Main_WW|JUST USE IT\n|c|\u2606vietxchopsticks|:^P\n|inactive|Pokemon-Main_WW has 120 seconds left.\n|\n|t:|1700248981\n|move|p2a: Serperior|Substitute|p2a: Serperior\n|-start|p2a: Serperior|Substitute\n|-damage|p2a: Serperior|63\/100\n|move|p1a: Great Tusk|Headlong Rush|p2a: Serperior\n|-resisted|p2a: Serperior\n|-end|p2a: Serperior|Substitute\n|\n|-heal|p2a: Serperior|70\/100|[from] item: Leftovers\n|-heal|p1a: Great Tusk|63\/100 par|[from] item: Leftovers\n|-damage|p1a: Great Tusk|51\/100 par|[from] Leech Seed|[of] p2a: Serperior\n|-heal|p2a: Serperior|87\/100|[silent]\n|upkeep\n|turn|16\n|\n|t:|1700248988\n|move|p2a: Serperior|Substitute|p2a: Serperior\n|-start|p2a: Serperior|Substitute\n|-damage|p2a: Serperior|62\/100\n|move|p1a: Great Tusk|Headlong Rush|p2a: Serperior\n|-resisted|p2a: Serperior\n|-end|p2a: Serperior|Substitute\n|\n|-heal|p2a: Serperior|69\/100|[from] item: Leftovers\n|-heal|p1a: Great Tusk|57\/100 par|[from] item: Leftovers\n|-damage|p1a: Great Tusk|45\/100 par|[from] Leech Seed|[of] p2a: Serperior\n|-heal|p2a: Serperior|86\/100|[silent]\n|upkeep\n|turn|17\n|\n|t:|1700248992\n|move|p2a: Serperior|Substitute|p2a: Serperior\n|-start|p2a: Serperior|Substitute\n|-damage|p2a: Serperior|61\/100\n|cant|p1a: Great Tusk|par\n|\n|-heal|p2a: Serperior|68\/100|[from] item: Leftovers\n|-heal|p1a: Great Tusk|51\/100 par|[from] item: Leftovers\n|-damage|p1a: Great Tusk|38\/100 par|[from] Leech Seed|[of] p2a: Serperior\n|-heal|p2a: Serperior|85\/100|[silent]\n|upkeep\n|turn|18\n|c|\u2606Pokemon-Main_WW|what in the stall\n|\n|t:|1700249001\n|move|p2a: Serperior|Leaf Storm|p1a: Great Tusk\n|-supereffective|p1a: Great Tusk\n|-damage|p1a: Great Tusk|0 fnt\n|-boost|p2a: Serperior|spa|2\n|faint|p1a: Great Tusk\n|-end|p1a: Great Tusk|Protosynthesis|[silent]\n|\n|-heal|p2a: Serperior|92\/100|[from] item: Leftovers\n|upkeep\n|c|\u2606Pokemon-Main_WW|FINALLy\n|\n|t:|1700249019\n|switch|p1a: Quivering|Volcarona, F, shiny|100\/100\n|turn|19\n|c|\u2606vietxchopsticks|everything has a plan :^)\n|\n|t:|1700249025\n|move|p2a: Serperior|Glare|p1a: Quivering\n|-status|p1a: Quivering|par\n|move|p1a: Quivering|Fiery Dance|p2a: Serperior\n|-supereffective|p2a: Serperior\n|-end|p2a: Serperior|Substitute\n|\n|-heal|p2a: Serperior|98\/100|[from] item: Leftovers\n|upkeep\n|turn|20\n|\n|t:|1700249030\n|move|p2a: Serperior|Substitute|p2a: Serperior\n|-start|p2a: Serperior|Substitute\n|-damage|p2a: Serperior|73\/100\n|move|p1a: Quivering|Quiver Dance|p1a: Quivering\n|-boost|p1a: Quivering|spa|1\n|-boost|p1a: Quivering|spd|1\n|-boost|p1a: Quivering|spe|1\n|\n|-heal|p2a: Serperior|79\/100|[from] item: Leftovers\n|upkeep\n|turn|21\n|\n|t:|1700249036\n|move|p2a: Serperior|Leaf Storm|p1a: Quivering\n|-resisted|p1a: Quivering\n|-damage|p1a: Quivering|86\/100 par\n|-boost|p2a: Serperior|spa|2\n|move|p1a: Quivering|Quiver Dance|p1a: Quivering\n|-boost|p1a: Quivering|spa|1\n|-boost|p1a: Quivering|spd|1\n|-boost|p1a: Quivering|spe|1\n|\n|-heal|p2a: Serperior|85\/100|[from] item: Leftovers\n|-heal|p1a: Quivering|92\/100 par|[from] item: Leftovers\n|upkeep\n|turn|22\n|\n|t:|1700249040\n|move|p2a: Serperior|Leech Seed|p1a: Quivering\n|-start|p1a: Quivering|move: Leech Seed\n|move|p1a: Quivering|Quiver Dance|p1a: Quivering\n|-boost|p1a: Quivering|spa|1\n|-boost|p1a: Quivering|spd|1\n|-boost|p1a: Quivering|spe|1\n|\n|-heal|p1a: Quivering|98\/100 par|[from] item: Leftovers\n|-heal|p2a: Serperior|92\/100|[from] item: Leftovers\n|-damage|p1a: Quivering|86\/100 par|[from] Leech Seed|[of] p2a: Serperior\n|-heal|p2a: Serperior|100\/100|[silent]\n|upkeep\n|turn|23\n|\n|t:|1700249043\n|move|p1a: Quivering|Fiery Dance|p2a: Serperior\n|-supereffective|p2a: Serperior\n|-end|p2a: Serperior|Substitute\n|move|p2a: Serperior|Leaf Storm|p1a: Quivering\n|-resisted|p1a: Quivering\n|-damage|p1a: Quivering|72\/100 par\n|-boost|p2a: Serperior|spa|2\n|\n|-heal|p1a: Quivering|78\/100 par|[from] item: Leftovers\n|-damage|p1a: Quivering|66\/100 par|[from] Leech Seed|[of] p2a: Serperior\n|upkeep\n|turn|24\n|c|\u2606Pokemon-Main_WW|IM FASTER NOW\n|\n|t:|1700249056\n|switch|p2a: Aggron|Aggron, M|100\/100\n|-damage|p2a: Aggron|94\/100|[from] Stealth Rock\n|move|p1a: Quivering|Fiery Dance|p2a: Aggron\n|-damage|p2a: Aggron|0 fnt\n|-boost|p1a: Quivering|spa|1\n|faint|p2a: Aggron\n|\n|-heal|p1a: Quivering|72\/100 par|[from] item: Leftovers\n|upkeep\n|\n|t:|1700249064\n|switch|p2a: Blissey|Blissey, F|100\/100\n|-damage|p2a: Blissey|88\/100|[from] Stealth Rock\n|turn|25\n|\n|t:|1700249071\n|cant|p1a: Quivering|par\n|move|p2a: Blissey|Seismic Toss|p1a: Quivering\n|-damage|p1a: Quivering|40\/100 par\n|-status|p2a: Blissey|brn|[from] ability: Flame Body|[of] p1a: Quivering\n|\n|-heal|p1a: Quivering|46\/100 par|[from] item: Leftovers\n|-heal|p2a: Blissey|94\/100 brn|[from] item: Leftovers\n|-damage|p1a: Quivering|34\/100 par|[from] Leech Seed|[of] p2a: Blissey\n|-heal|p2a: Blissey|99\/100 brn|[silent]\n|-damage|p2a: Blissey|93\/100 brn|[from] brn\n|upkeep\n|turn|26\n|\n|t:|1700249077\n|move|p2a: Blissey|Protect|p2a: Blissey\n|-singleturn|p2a: Blissey|Protect\n|move|p1a: Quivering|Bug Buzz|p2a: Blissey\n|-activate|p2a: Blissey|move: Protect\n|\n|-heal|p1a: Quivering|40\/100 par|[from] item: Leftovers\n|-heal|p2a: Blissey|99\/100 brn|[from] item: Leftovers\n|-damage|p1a: Quivering|27\/100 par|[from] Leech Seed|[of] p2a: Blissey\n|-heal|p2a: Blissey|100\/100 brn|[silent]\n|-damage|p2a: Blissey|94\/100 brn|[from] brn\n|upkeep\n|turn|27\n|c|\u2606Pokemon-Main_WW|bruv\n|c|\u2606Pokemon-Main_WW|bruvvvv\n|\n|t:|1700249089\n|move|p1a: Quivering|Bug Buzz|p2a: Blissey\n|-damage|p2a: Blissey|54\/100 brn\n|move|p2a: Blissey|Seismic Toss|p1a: Quivering\n|-damage|p1a: Quivering|0 fnt\n|faint|p1a: Quivering\n|\n|-heal|p2a: Blissey|60\/100 brn|[from] item: Leftovers\n|-damage|p2a: Blissey|54\/100 brn|[from] brn\n|upkeep\n|c|\u2606Pokemon-Main_WW|i really am trying not to toss my pc in the trash\n|c|\u2606Pokemon-Main_WW|tbh idk how im still here\n|inactive|Pokemon-Main_WW has 120 seconds left.\n|c|\u2606Pokemon-Main_WW|i despise stall\n|c|\u2606Pokemon-Main_WW|YET HERE I AM\n|\n|t:|1700249126\n|switch|p1a: Yay|Sneasler, F, shiny|100\/100\n|turn|28\n|\n|t:|1700249130\n|-curestatus|p2a: Blissey|brn|[from] ability: Natural Cure\n|switch|p2a: Ferrothorn|Ferrothorn, M|100\/100\n|-damage|p2a: Ferrothorn|94\/100|[from] Stealth Rock\n|move|p1a: Yay|Close Combat|p2a: Ferrothorn\n|-supereffective|p2a: Ferrothorn\n|-damage|p2a: Ferrothorn|21\/100\n|-unboost|p1a: Yay|def|1\n|-unboost|p1a: Yay|spd|1\n|-damage|p1a: Yay|88\/100|[from] ability: Iron Barbs|[of] p2a: Ferrothorn\n|-enditem|p1a: Yay|White Herb\n|-clearnegativeboost|p1a: Yay|[silent]\n|\n|-heal|p2a: Ferrothorn|27\/100|[from] item: Leftovers\n|upkeep\n|turn|29\n|c|\u2606Pokemon-Main_WW|leech seed\n|c|\u2606Pokemon-Main_WW|i already know it\n|\n|t:|1700249152\n|move|p1a: Yay|Swords Dance|p1a: Yay\n|-boost|p1a: Yay|atk|2\n|move|p2a: Ferrothorn|Thunder Wave|p1a: Yay\n|-status|p1a: Yay|par\n|\n|-heal|p2a: Ferrothorn|33\/100|[from] item: Leftovers\n|upkeep\n|turn|30\n|c|\u2606Pokemon-Main_WW|unburden nullifies that\n|\n|t:|1700249170\n|move|p1a: Yay|Close Combat|p2a: Ferrothorn\n|-supereffective|p2a: Ferrothorn\n|-damage|p2a: Ferrothorn|0 fnt\n|-unboost|p1a: Yay|def|1\n|-unboost|p1a: Yay|spd|1\n|-damage|p1a: Yay|76\/100 par|[from] ability: Iron Barbs|[of] p2a: Ferrothorn\n|faint|p2a: Ferrothorn\n|\n|upkeep\n|\n|t:|1700249173\n|switch|p2a: Serperior|Serperior, F|100\/100\n|-damage|p2a: Serperior|88\/100|[from] Stealth Rock\n|turn|31\n|\n|t:|1700249176\n|move|p1a: Yay|Dire Claw|p2a: Serperior\n|-supereffective|p2a: Serperior\n|-damage|p2a: Serperior|0 fnt\n|faint|p2a: Serperior\n|\n|upkeep\n|\n|t:|1700249187\n|switch|p2a: Togekiss|Togekiss, M|100\/100\n|-damage|p2a: Togekiss|76\/100|[from] Stealth Rock\n|turn|32\n|c|\u2606Pokemon-Main_WW|i gut sum for the rest of ur team\n|\n|t:|1700249192\n|cant|p1a: Yay|par\n|move|p2a: Togekiss|Air Slash|p1a: Yay\n|-supereffective|p1a: Yay\n|-damage|p1a: Yay|0 fnt\n|faint|p1a: Yay\n|\n|-heal|p2a: Togekiss|82\/100|[from] item: Leftovers\n|upkeep\n|c|\u2606Pokemon-Main_WW|FUCK THIS SHIT MAN\n|\n|t:|1700249204\n|switch|p1a: Glows Cutely|Manaphy, shiny|100\/100\n|turn|33\n|\n|t:|1700249209\n|move|p1a: Glows Cutely|Tail Glow|p1a: Glows Cutely\n|-boost|p1a: Glows Cutely|spa|3\n|move|p2a: Togekiss|Thunder Wave|p1a: Glows Cutely\n|-status|p1a: Glows Cutely|par\n|\n|-heal|p2a: Togekiss|88\/100|[from] item: Leftovers\n|upkeep\n|turn|34\n|\n|t:|1700249212\n|move|p2a: Togekiss|Air Slash|p1a: Glows Cutely\n|-damage|p1a: Glows Cutely|72\/100 par\n|move|p1a: Glows Cutely|Tail Glow|p1a: Glows Cutely\n|-boost|p1a: Glows Cutely|spa|3\n|\n|-heal|p2a: Togekiss|94\/100|[from] item: Leftovers\n|-heal|p1a: Glows Cutely|79\/100 par|[from] item: Leftovers\n|upkeep\n|turn|35\n|\n|t:|1700249215\n|move|p2a: Togekiss|Air Slash|p1a: Glows Cutely\n|-damage|p1a: Glows Cutely|48\/100 par\n|cant|p1a: Glows Cutely|flinch\n|\n|-heal|p2a: Togekiss|99\/100|[from] item: Leftovers\n|-heal|p1a: Glows Cutely|55\/100 par|[from] item: Leftovers\n|upkeep\n|turn|36\n|\n|t:|1700249219\n|move|p2a: Togekiss|Air Slash|p1a: Glows Cutely\n|-damage|p1a: Glows Cutely|24\/100 par\n|cant|p1a: Glows Cutely|flinch\n|\n|-heal|p2a: Togekiss|100\/100|[from] item: Leftovers\n|-heal|p1a: Glows Cutely|30\/100 par|[from] item: Leftovers\n|upkeep\n|turn|37\n|\n|t:|1700249222\n|move|p2a: Togekiss|Air Slash|p1a: Glows Cutely\n|-damage|p1a: Glows Cutely|2\/100 par\n|cant|p1a: Glows Cutely|par\n|\n|-heal|p1a: Glows Cutely|8\/100 par|[from] item: Leftovers\n|upkeep\n|turn|38\n|\n|t:|1700249225\n|move|p2a: Togekiss|Air Slash|p1a: Glows Cutely\n|-damage|p1a: Glows Cutely|0 fnt\n|faint|p1a: Glows Cutely\n|\n|upkeep\n|c|\u2606Pokemon-Main_WW|oh my lord\n|c|\u2606vietxchopsticks|:^)\n|\n|t:|1700249233\n|switch|p1a: RAHHHHH|Kommo-o, F, shiny|100\/100\n|turn|39\n|\n|t:|1700249239\n|switch|p2a: Blissey|Blissey, F|54\/100\n|-damage|p2a: Blissey|42\/100|[from] Stealth Rock\n|move|p1a: RAHHHHH|Flash Cannon|p2a: Blissey\n|-damage|p2a: Blissey|36\/100\n|\n|-heal|p2a: Blissey|42\/100|[from] item: Leftovers\n|upkeep\n|turn|40\n|c|\u2606Pokemon-Main_WW|flash cannon wont kill\n|c|\u2606Pokemon-Main_WW|but idc\n|\n|t:|1700249249\n|move|p2a: Blissey|Protect|p2a: Blissey\n|-singleturn|p2a: Blissey|Protect\n|move|p1a: RAHHHHH|Aura Sphere|p2a: Blissey\n|-activate|p2a: Blissey|move: Protect\n|\n|-heal|p2a: Blissey|48\/100|[from] item: Leftovers\n|upkeep\n|turn|41\n|\n|t:|1700249256\n|-zpower|p1a: RAHHHHH\n|move|p1a: RAHHHHH|Clangorous Soulblaze|p2a: Blissey|[zeffect]\n|-damage|p2a: Blissey|24\/100\n|-boost|p1a: RAHHHHH|atk|1\n|-boost|p1a: RAHHHHH|def|1\n|-boost|p1a: RAHHHHH|spa|1\n|-boost|p1a: RAHHHHH|spd|1\n|-boost|p1a: RAHHHHH|spe|1\n|move|p2a: Blissey|Thunder Wave|p1a: RAHHHHH\n|-status|p1a: RAHHHHH|par\n|\n|-heal|p2a: Blissey|30\/100|[from] item: Leftovers\n|upkeep\n|turn|42\n|\n|t:|1700249269\n|move|p2a: Blissey|Protect|p2a: Blissey\n|-singleturn|p2a: Blissey|Protect\n|cant|p1a: RAHHHHH|par\n|\n|-heal|p2a: Blissey|36\/100|[from] item: Leftovers\n|upkeep\n|turn|43\n|\n|t:|1700249276\n|move|p1a: RAHHHHH|Aura Sphere|p2a: Blissey\n|-supereffective|p2a: Blissey\n|-damage|p2a: Blissey|6\/100\n|move|p2a: Blissey|Soft-Boiled|p2a: Blissey\n|-heal|p2a: Blissey|56\/100\n|\n|-heal|p2a: Blissey|62\/100|[from] item: Leftovers\n|upkeep\n|turn|44\n|c|\u2606Pokemon-Main_WW|nope\n|c|\u2606Pokemon-Main_WW|i cant do this\n|c|\u2606vietxchopsticks|lmfao\n|\n|t:|1700249289\n|switch|p1a: overrated asl|Charizard, F, shiny|96\/100 par\n|move|p2a: Blissey|Protect||[still]\n|-fail|p2a: Blissey\n|\n|-heal|p2a: Blissey|68\/100|[from] item: Leftovers\n|upkeep\n|turn|45\n|\n|t:|1700249296\n|switch|p2a: Togekiss|Togekiss, M|100\/100\n|-damage|p2a: Togekiss|76\/100|[from] Stealth Rock\n|detailschange|p1a: overrated asl|Charizard-Mega-X, F, shiny\n|-mega|p1a: overrated asl|Charizard|Charizardite X\n|move|p1a: overrated asl|Dragon Dance|p1a: overrated asl\n|-boost|p1a: overrated asl|atk|1\n|-boost|p1a: overrated asl|spe|1\n|\n|-heal|p2a: Togekiss|82\/100|[from] item: Leftovers\n|upkeep\n|turn|46\n|c|\u2606Pokemon-Main_WW|HOW DO PEOPLE DEAL WITH THIS\n|c|\u2606vietxchopsticks|goodluck\n|c|\u2606vietxchopsticks|may rgn be in your favoe\n|\n|t:|1700249311\n|move|p2a: Togekiss|Air Slash|p1a: overrated asl\n|-damage|p1a: overrated asl|59\/100 par\n|cant|p1a: overrated asl|flinch\n|\n|-heal|p2a: Togekiss|88\/100|[from] item: Leftovers\n|upkeep\n|turn|47\n|\n|t:|1700249317\n|move|p2a: Togekiss|Air Slash|p1a: overrated asl\n|-damage|p1a: overrated asl|21\/100 par\n|move|p1a: overrated asl|Dragon Dance|p1a: overrated asl\n|-boost|p1a: overrated asl|atk|1\n|-boost|p1a: overrated asl|spe|1\n|\n|-heal|p2a: Togekiss|94\/100|[from] item: Leftovers\n|upkeep\n|turn|48\n|\n|t:|1700249334\n|move|p1a: overrated asl|Blaze Kick|p2a: Togekiss\n|-damage|p2a: Togekiss|0 fnt\n|faint|p2a: Togekiss\n|\n|upkeep\n|c|\u2606vietxchopsticks|this man rly sword dance\n|c|\u2606vietxchopsticks|LMAO\n|c|\u2606vietxchopsticks|fuck\n|\n|t:|1700249340\n|switch|p2a: Blissey|Blissey, F|68\/100\n|-damage|p2a: Blissey|56\/100|[from] Stealth Rock\n|turn|49\n|\n|t:|1700249348\n|move|p1a: overrated asl|Blaze Kick|p2a: Blissey\n|-crit|p2a: Blissey\n|-damage|p2a: Blissey|0 fnt\n|faint|p2a: Blissey\n|\n|win|Pokemon-Main_WW\n|raw|Pokemon-Main_WW's rating: 1134 &rarr; <strong>1156<\/strong><br \/>(+22 for winning)\n|raw|vietxchopsticks's rating: 1097 &rarr; <strong>1075<\/strong><br \/>(-22 for losing)\n","uploadtime":1700249201,"views":6,"p1id":"pokemonmainww","p2id":"vietxchopsticks","formatid":"gen9nationaldex","rating":1075,"private":0,"password":""}