{"id":"gen9nationaldex-1998603602","p1":"Venosad","p2":"gebishengdaniao","format":"[Gen 9] National Dex","log":"|html|<div class=\"broadcast-blue\"><strong>[Gen 9] National Dex is currently suspecting Sneasler! For information on how to participate check out the <a href=\"https:\/\/www.smogon.com\/forums\/threads\/sv-national-dex-suspect-8-just-dance.3731534\/\">suspect thread<\/a>.<\/strong><\/div>\n|j|\u2606Venosad\n|j|\u2606gebishengdaniao\n|t:|1700961805\n|gametype|singles\n|player|p1|Venosad|fisherman-gen4|1238\n|player|p2|gebishengdaniao|cynthia|1311\n|teamsize|p1|6\n|teamsize|p2|6\n|gen|9\n|tier|[Gen 9] National Dex\n|rated|\n|rule|HP Percentage Mod: HP is shown in percentages\n|rule|Endless Battle Clause: Forcing endless battles is banned\n|rule|OHKO Clause: OHKO moves are banned\n|rule|Evasion Clause: Evasion abilities, items, and moves are banned\n|rule|Evasion Abilities Clause: Evasion abilities are banned\n|rule|Evasion Items Clause: Evasion items are banned\n|rule|Evasion Moves Clause: Evasion moves are banned\n|rule|Species Clause: Limit one of each Pok\u00e9mon\n|rule|Sleep Clause Mod: Limit one foe put to sleep\n|clearpoke\n|poke|p1|Yanmega, F|\n|poke|p1|Swampert, M|\n|poke|p1|Pelipper, F|\n|poke|p1|Rotom-Frost|\n|poke|p1|Landorus-Therian, M|\n|poke|p1|Glimmora, M|\n|poke|p2|Diancie|\n|poke|p2|Slowking-Galar, F|\n|poke|p2|Zapdos|\n|poke|p2|Dragonite, M|\n|poke|p2|Blaziken, M|\n|poke|p2|Rillaboom, F|\n|teampreview\n|inactive|Battle timer is ON: inactive players will automatically lose when time's up. (requested by gebishengdaniao)\n|\n|t:|1700961822\n|start\n|switch|p1a: Landorus|Landorus-Therian, M|100\/100\n|switch|p2a: Slowking|Slowking-Galar, F|100\/100\n|-ability|p1a: Landorus|Intimidate|boost\n|-unboost|p2a: Slowking|atk|1\n|turn|1\n|\n|t:|1700961837\n|switch|p2a: Dragonite|Dragonite, M|100\/100\n|move|p1a: Landorus|Stealth Rock|p2a: Dragonite\n|-sidestart|p2: gebishengdaniao|move: Stealth Rock\n|\n|upkeep\n|turn|2\n|\n|t:|1700961844\n|move|p1a: Landorus|Stone Edge|p2a: Dragonite\n|-supereffective|p2a: Dragonite\n|-crit|p2a: Dragonite\n|-damage|p2a: Dragonite|46\/100\n|move|p2a: Dragonite|Curse|p2a: Dragonite\n|-unboost|p2a: Dragonite|spe|1\n|-boost|p2a: Dragonite|atk|1\n|-boost|p2a: Dragonite|def|1\n|\n|upkeep\n|turn|3\n|\n|t:|1700961854\n|-terastallize|p2a: Dragonite|Normal\n|move|p1a: Landorus|Stone Edge|p2a: Dragonite\n|-damage|p2a: Dragonite|25\/100\n|move|p2a: Dragonite|Roost|p2a: Dragonite\n|-heal|p2a: Dragonite|75\/100\n|\n|upkeep\n|turn|4\n|\n|t:|1700961863\n|move|p1a: Landorus|Earthquake|p2a: Dragonite\n|-damage|p2a: Dragonite|38\/100\n|move|p2a: Dragonite|Curse|p2a: Dragonite\n|-unboost|p2a: Dragonite|spe|1\n|-boost|p2a: Dragonite|atk|1\n|-boost|p2a: Dragonite|def|1\n|\n|upkeep\n|turn|5\n|\n|t:|1700961869\n|move|p1a: Landorus|Earthquake|p2a: Dragonite\n|-damage|p2a: Dragonite|11\/100\n|move|p2a: Dragonite|Roost|p2a: Dragonite\n|-heal|p2a: Dragonite|61\/100\n|\n|upkeep\n|turn|6\n|\n|t:|1700961876\n|move|p1a: Landorus|Earthquake|p2a: Dragonite\n|-damage|p2a: Dragonite|34\/100\n|move|p2a: Dragonite|Roost|p2a: Dragonite\n|-heal|p2a: Dragonite|84\/100\n|\n|upkeep\n|turn|7\n|\n|t:|1700961883\n|move|p2a: Dragonite|Extreme Speed|p1a: Landorus\n|-damage|p1a: Landorus|0 fnt\n|-damage|p2a: Dragonite|68\/100|[from] item: Rocky Helmet|[of] p1a: Landorus\n|faint|p1a: Landorus\n|\n|upkeep\n|\n|t:|1700961895\n|switch|p1a: Rotom|Rotom-Frost|100\/100\n|turn|8\n|\n|t:|1700961901\n|move|p2a: Dragonite|Extreme Speed|p1a: Rotom\n|-crit|p1a: Rotom\n|-damage|p1a: Rotom|0 fnt\n|faint|p1a: Rotom\n|\n|upkeep\n|\n|t:|1700961906\n|switch|p1a: Glimmora|Glimmora, M|100\/100\n|turn|9\n|\n|t:|1700961914\n|move|p1a: Glimmora|Power Gem|p2a: Dragonite\n|-damage|p2a: Dragonite|31\/100\n|move|p2a: Dragonite|Earthquake|p1a: Glimmora\n|-supereffective|p1a: Glimmora\n|-crit|p1a: Glimmora\n|-enditem|p1a: Glimmora|Focus Sash\n|-damage|p1a: Glimmora|1\/100\n|-activate|p1a: Glimmora|ability: Toxic Debris\n|-sidestart|p2: gebishengdaniao|move: Toxic Spikes\n|\n|upkeep\n|turn|10\n|\n|t:|1700961929\n|switch|p1a: Pelipper|Pelipper, F, shiny|100\/100\n|-weather|RainDance|[from] ability: Drizzle|[of] p1a: Pelipper\n|move|p2a: Dragonite|Extreme Speed|p1a: Pelipper\n|-damage|p1a: Pelipper|0 fnt\n|faint|p1a: Pelipper\n|\n|-weather|RainDance|[upkeep]\n|upkeep\n|\n|t:|1700961932\n|switch|p1a: Swampert|Swampert, M|100\/100\n|turn|11\n|\n|t:|1700961935\n|detailschange|p1a: Swampert|Swampert-Mega, M\n|-mega|p1a: Swampert|Swampert|Swampertite\n|move|p2a: Dragonite|Extreme Speed|p1a: Swampert\n|-damage|p1a: Swampert|8\/100\n|move|p1a: Swampert|Earthquake|p2a: Dragonite\n|-damage|p2a: Dragonite|4\/100\n|\n|-weather|RainDance|[upkeep]\n|upkeep\n|turn|12\n|\n|t:|1700961946\n|move|p2a: Dragonite|Extreme Speed|p1a: Swampert\n|-damage|p1a: Swampert|0 fnt\n|faint|p1a: Swampert\n|\n|-weather|RainDance|[upkeep]\n|upkeep\n|\n|t:|1700961950\n|switch|p1a: Glimmora|Glimmora, M|1\/100\n|turn|13\n|\n|t:|1700961952\n|move|p2a: Dragonite|Extreme Speed|p1a: Glimmora\n|-resisted|p1a: Glimmora\n|-damage|p1a: Glimmora|0 fnt\n|-activate|p1a: Glimmora|ability: Toxic Debris\n|-sidestart|p2: gebishengdaniao|move: Toxic Spikes\n|faint|p1a: Glimmora\n|\n|-weather|RainDance|[upkeep]\n|upkeep\n|\n|t:|1700961955\n|switch|p1a: Dragonfly-Blue|Yanmega, F, shiny|100\/100\n|turn|14\n|\n|t:|1700961958\n|move|p2a: Dragonite|Extreme Speed|p1a: Dragonfly-Blue\n|-damage|p1a: Dragonfly-Blue|0 fnt\n|faint|p1a: Dragonfly-Blue\n|\n|win|gebishengdaniao\n|raw|Venosad's rating: 1238 &rarr; <strong>1218<\/strong><br \/>(-20 for losing)\n|raw|gebishengdaniao's rating: 1311 &rarr; <strong>1327<\/strong><br \/>(+16 for winning)\n|l|\u2606Venosad\n","uploadtime":1700961969,"views":2,"p1id":"venosad","p2id":"gebishengdaniao","formatid":"gen9nationaldex","rating":1218,"private":0,"password":""}