{"id":"gen9nationaldex-1998575860","p1":"Yhin","p2":"ldsadsadcsf","format":"[Gen 9] National Dex","log":"|html|<div class=\"broadcast-blue\"><strong>[Gen 9] National Dex is currently suspecting Sneasler! For information on how to participate check out the <a href=\"https:\/\/www.smogon.com\/forums\/threads\/sv-national-dex-suspect-8-just-dance.3731534\/\">suspect thread<\/a>.<\/strong><\/div>\n|j|\u2606Yhin\n|j|\u2606ldsadsadcsf\n|t:|1700958345\n|gametype|singles\n|player|p1|Yhin|cynthia|1493\n|player|p2|ldsadsadcsf|unknown|1473\n|teamsize|p1|6\n|teamsize|p2|6\n|gen|9\n|tier|[Gen 9] National Dex\n|rated|\n|rule|HP Percentage Mod: HP is shown in percentages\n|rule|Endless Battle Clause: Forcing endless battles is banned\n|rule|OHKO Clause: OHKO moves are banned\n|rule|Evasion Clause: Evasion abilities, items, and moves are banned\n|rule|Evasion Abilities Clause: Evasion abilities are banned\n|rule|Evasion Items Clause: Evasion items are banned\n|rule|Evasion Moves Clause: Evasion moves are banned\n|rule|Species Clause: Limit one of each Pok\u00e9mon\n|rule|Sleep Clause Mod: Limit one foe put to sleep\n|clearpoke\n|poke|p1|Banette, F|\n|poke|p1|Heatran, M|\n|poke|p1|Alomomola, M|\n|poke|p1|Landorus-Therian, M|\n|poke|p1|Tapu Lele|\n|poke|p1|Samurott-Hisui, M|\n|poke|p2|Zamazenta-*|\n|poke|p2|Garganacl, F|\n|poke|p2|Heatran, M|\n|poke|p2|Zapdos|\n|poke|p2|Pinsir, M|\n|poke|p2|Landorus-Therian, M|\n|teampreview\n|inactive|Battle timer is ON: inactive players will automatically lose when time's up. (requested by ldsadsadcsf)\n|\n|t:|1700958363\n|start\n|switch|p1a: Landorus|Landorus-Therian, M|100\/100\n|switch|p2a: \u732b\u54e5|Landorus-Therian, M, shiny|100\/100\n|-ability|p1a: Landorus|Intimidate|boost\n|-unboost|p2a: \u732b\u54e5|atk|1\n|-ability|p2a: \u732b\u54e5|Intimidate|boost\n|-unboost|p1a: Landorus|atk|1\n|turn|1\n|\n|t:|1700958374\n|move|p2a: \u732b\u54e5|U-turn|p1a: Landorus\n|-resisted|p1a: Landorus\n|-damage|p1a: Landorus|91\/100\n|\n|t:|1700958385\n|switch|p2a: \u72d7\u54e5|Zamazenta|100\/100|[from] U-turn\n|-ability|p2a: \u72d7\u54e5|Dauntless Shield|boost\n|-boost|p2a: \u72d7\u54e5|def|1\n|move|p1a: Landorus|Stealth Rock|p2a: \u72d7\u54e5\n|-sidestart|p2: ldsadsadcsf|move: Stealth Rock\n|\n|upkeep\n|turn|2\n|\n|t:|1700958395\n|move|p2a: \u72d7\u54e5|Substitute|p2a: \u72d7\u54e5\n|-start|p2a: \u72d7\u54e5|Substitute\n|-damage|p2a: \u72d7\u54e5|75\/100\n|move|p1a: Landorus|U-turn|p2a: \u72d7\u54e5\n|-resisted|p2a: \u72d7\u54e5\n|-activate|p2a: \u72d7\u54e5|move: Substitute|[damage]\n|j| Lechonkisuber\n|inactive|Yhin has 120 seconds left.\n|\n|t:|1700958453\n|switch|p1a: Tapu Lele|Tapu Lele|100\/100|[from] U-turn\n|-fieldstart|move: Psychic Terrain|[from] ability: Psychic Surge|[of] p1a: Tapu Lele\n|\n|-heal|p2a: \u72d7\u54e5|82\/100|[from] item: Leftovers\n|upkeep\n|turn|3\n|inactive|Yhin has 90 seconds left.\n|\n|t:|1700958477\n|-terastallize|p1a: Tapu Lele|Psychic\n|move|p1a: Tapu Lele|Psychic|p2a: \u72d7\u54e5\n|-supereffective|p2a: \u72d7\u54e5\n|-end|p2a: \u72d7\u54e5|Substitute\n|move|p2a: \u72d7\u54e5|Crunch|p1a: Tapu Lele\n|-supereffective|p1a: Tapu Lele\n|-damage|p1a: Tapu Lele|33\/100\n|\n|-heal|p2a: \u72d7\u54e5|88\/100|[from] item: Leftovers\n|upkeep\n|turn|4\n|inactive|Yhin has 90 seconds left.\n|\n|t:|1700958491\n|switch|p2a: \u732b\u54e5|Landorus-Therian, M, shiny|100\/100\n|-damage|p2a: \u732b\u54e5|88\/100|[from] Stealth Rock\n|-ability|p2a: \u732b\u54e5|Intimidate|boost\n|-unboost|p1a: Tapu Lele|atk|1\n|move|p1a: Tapu Lele|Psychic|p2a: \u732b\u54e5\n|-damage|p2a: \u732b\u54e5|0 fnt\n|faint|p2a: \u732b\u54e5\n|\n|upkeep\n|c|\u2606ldsadsadcsf|damn it\n|\n|t:|1700958510\n|switch|p2a: \u706b\u54e5|Heatran, M, shiny|100\/100\n|-damage|p2a: \u706b\u54e5|88\/100|[from] Stealth Rock\n|turn|5\n|\n|t:|1700958521\n|switch|p1a: Samurott|Samurott-Hisui, M|100\/100\n|move|p2a: \u706b\u54e5|Magma Storm|p1a: Samurott\n|-resisted|p1a: Samurott\n|-damage|p1a: Samurott|70\/100\n|-activate|p1a: Samurott|move: Magma Storm|[of] p2a: \u706b\u54e5\n|\n|-heal|p2a: \u706b\u54e5|94\/100|[from] item: Leftovers\n|-damage|p1a: Samurott|57\/100|[from] move: Magma Storm|[partiallytrapped]\n|upkeep\n|turn|6\n|\n|t:|1700958534\n|move|p2a: \u706b\u54e5|Protect|p2a: \u706b\u54e5\n|-singleturn|p2a: \u706b\u54e5|Protect\n|move|p1a: Samurott|Razor Shell|p2a: \u706b\u54e5\n|-activate|p2a: \u706b\u54e5|move: Protect\n|\n|-heal|p2a: \u706b\u54e5|100\/100|[from] item: Leftovers\n|-damage|p1a: Samurott|45\/100|[from] move: Magma Storm|[partiallytrapped]\n|-fieldend|move: Psychic Terrain\n|upkeep\n|turn|7\n|\n|t:|1700958545\n|switch|p2a: \u72d7\u54e5|Zamazenta|88\/100\n|-damage|p2a: \u72d7\u54e5|82\/100|[from] Stealth Rock\n|move|p1a: Samurott|Razor Shell|p2a: \u72d7\u54e5|[miss]\n|-miss|p1a: Samurott|p2a: \u72d7\u54e5\n|\n|-heal|p2a: \u72d7\u54e5|88\/100|[from] item: Leftovers\n|-end|p1a: Samurott|Magma Storm|[partiallytrapped]|[silent]\n|upkeep\n|turn|8\n|inactive|Yhin has 90 seconds left.\n|\n|t:|1700958570\n|move|p2a: \u72d7\u54e5|Substitute|p2a: \u72d7\u54e5\n|-start|p2a: \u72d7\u54e5|Substitute\n|-damage|p2a: \u72d7\u54e5|63\/100\n|move|p1a: Samurott|Ceaseless Edge|p2a: \u72d7\u54e5\n|-resisted|p2a: \u72d7\u54e5\n|-activate|p2a: \u72d7\u54e5|move: Substitute|[damage]\n|-sidestart|p2: ldsadsadcsf|Spikes\n|\n|-heal|p2a: \u72d7\u54e5|69\/100|[from] item: Leftovers\n|upkeep\n|turn|9\n|\n|t:|1700958578\n|move|p1a: Samurott|Sucker Punch||[still]\n|-fail|p1a: Samurott\n|move|p2a: \u72d7\u54e5|Iron Defense|p2a: \u72d7\u54e5\n|-boost|p2a: \u72d7\u54e5|def|2\n|\n|-heal|p2a: \u72d7\u54e5|75\/100|[from] item: Leftovers\n|upkeep\n|turn|10\n|\n|t:|1700958586\n|move|p2a: \u72d7\u54e5|Body Press|p1a: Samurott\n|-supereffective|p1a: Samurott\n|-damage|p1a: Samurott|0 fnt\n|faint|p1a: Samurott\n|\n|-heal|p2a: \u72d7\u54e5|82\/100|[from] item: Leftovers\n|upkeep\n|inactive|Yhin has 90 seconds left.\n|\n|t:|1700958596\n|switch|p1a: Landorus|Landorus-Therian, M|91\/100\n|-ability|p1a: Landorus|Intimidate|boost\n|-immune|p2a: \u72d7\u54e5\n|turn|11\n|\n|t:|1700958602\n|move|p2a: \u72d7\u54e5|Iron Defense|p2a: \u72d7\u54e5\n|-boost|p2a: \u72d7\u54e5|def|2\n|move|p1a: Landorus|Earthquake|p2a: \u72d7\u54e5\n|-crit|p2a: \u72d7\u54e5\n|-end|p2a: \u72d7\u54e5|Substitute\n|\n|-heal|p2a: \u72d7\u54e5|88\/100|[from] item: Leftovers\n|upkeep\n|turn|12\n|inactive|Yhin has 90 seconds left.\n|\n|t:|1700958646\n|move|p2a: \u72d7\u54e5|Substitute|p2a: \u72d7\u54e5\n|-start|p2a: \u72d7\u54e5|Substitute\n|-damage|p2a: \u72d7\u54e5|63\/100\n|move|p1a: Landorus|U-turn|p2a: \u72d7\u54e5\n|-resisted|p2a: \u72d7\u54e5\n|-activate|p2a: \u72d7\u54e5|move: Substitute|[damage]\n|\n|t:|1700958652\n|switch|p1a: Banette|Banette, F|100\/100|[from] U-turn\n|-item|p2a: \u72d7\u54e5|Leftovers|[from] ability: Frisk|[of] p1a: Banette|[identify]\n|\n|-heal|p2a: \u72d7\u54e5|69\/100|[from] item: Leftovers\n|upkeep\n|turn|13\n|inactive|Yhin has 60 seconds left.\n|\n|t:|1700958670\n|detailschange|p1a: Banette|Banette-Mega, F\n|-mega|p1a: Banette|Banette|Banettite\n|move|p1a: Banette|Destiny Bond|p1a: Banette\n|-singlemove|p1a: Banette|Destiny Bond\n|move|p2a: \u72d7\u54e5|Crunch|p1a: Banette\n|-supereffective|p1a: Banette\n|-damage|p1a: Banette|43\/100\n|\n|-heal|p2a: \u72d7\u54e5|75\/100|[from] item: Leftovers\n|upkeep\n|turn|14\n|inactive|Yhin has 60 seconds left.\n|\n|t:|1700958685\n|switch|p1a: Landorus|Landorus-Therian, M|91\/100\n|-ability|p1a: Landorus|Intimidate|boost\n|-immune|p2a: \u72d7\u54e5\n|move|p2a: \u72d7\u54e5|Iron Defense|p2a: \u72d7\u54e5\n|-boost|p2a: \u72d7\u54e5|def|2\n|\n|-heal|p2a: \u72d7\u54e5|82\/100|[from] item: Leftovers\n|upkeep\n|turn|15\n|inactive|Yhin has 60 seconds left.\n|\n|t:|1700958697\n|move|p2a: \u72d7\u54e5|Body Press|p1a: Landorus\n|-resisted|p1a: Landorus\n|-damage|p1a: Landorus|0 fnt\n|faint|p1a: Landorus\n|\n|-heal|p2a: \u72d7\u54e5|88\/100|[from] item: Leftovers\n|upkeep\n|\n|t:|1700958701\n|switch|p1a: Banette|Banette-Mega, F|43\/100\n|turn|16\n|\n|t:|1700958704\n|move|p1a: Banette|Destiny Bond|p1a: Banette\n|-singlemove|p1a: Banette|Destiny Bond\n|move|p2a: \u72d7\u54e5|Iron Defense|p2a: \u72d7\u54e5\n|-boost|p2a: \u72d7\u54e5|def|0\n|\n|-heal|p2a: \u72d7\u54e5|94\/100|[from] item: Leftovers\n|upkeep\n|turn|17\n|\n|t:|1700958711\n|move|p1a: Banette|Encore|p2a: \u72d7\u54e5\n|-start|p2a: \u72d7\u54e5|Encore\n|move|p2a: \u72d7\u54e5|Iron Defense|p2a: \u72d7\u54e5\n|-boost|p2a: \u72d7\u54e5|def|0\n|\n|-heal|p2a: \u72d7\u54e5|100\/100|[from] item: Leftovers\n|upkeep\n|turn|18\n|\n|t:|1700958720\n|switch|p2a: \u76d0\u54e5|Garganacl, F, shiny|100\/100\n|-damage|p2a: \u76d0\u54e5|88\/100|[from] Stealth Rock\n|-damage|p2a: \u76d0\u54e5|76\/100|[from] Spikes\n|switch|p1a: Tapu Lele|Tapu Lele, tera:Psychic|33\/100\n|-fieldstart|move: Psychic Terrain|[from] ability: Psychic Surge|[of] p1a: Tapu Lele\n|\n|-heal|p2a: \u76d0\u54e5|82\/100|[from] item: Leftovers\n|upkeep\n|turn|19\n|inactive|Yhin has 90 seconds left.\n|\n|t:|1700958729\n|move|p1a: Tapu Lele|Psychic|p2a: \u76d0\u54e5\n|-damage|p2a: \u76d0\u54e5|27\/100\n|move|p2a: \u76d0\u54e5|Earthquake|p1a: Tapu Lele\n|-damage|p1a: Tapu Lele|0 fnt\n|faint|p1a: Tapu Lele\n|\n|-heal|p2a: \u76d0\u54e5|33\/100|[from] item: Leftovers\n|upkeep\n|inactive|Yhin has 90 seconds left.\n|\n|t:|1700958738\n|switch|p1a: Heatran|Heatran, M|100\/100\n|turn|20\n|\n|t:|1700958747\n|-terastallize|p2a: \u76d0\u54e5|Water\n|move|p1a: Heatran|Earth Power|p2a: \u76d0\u54e5\n|-damage|p2a: \u76d0\u54e5|15\/100\n|move|p2a: \u76d0\u54e5|Recover|p2a: \u76d0\u54e5\n|-heal|p2a: \u76d0\u54e5|65\/100\n|\n|-heal|p2a: \u76d0\u54e5|71\/100|[from] item: Leftovers\n|upkeep\n|turn|21\n|\n|t:|1700958758\n|switch|p1a: Banette|Banette-Mega, F|43\/100\n|move|p2a: \u76d0\u54e5|Salt Cure|p1a: Banette\n|-damage|p1a: Banette|26\/100\n|-start|p1a: Banette|Salt Cure\n|\n|-heal|p2a: \u76d0\u54e5|77\/100|[from] item: Leftovers\n|-damage|p1a: Banette|13\/100|[from] Salt Cure\n|upkeep\n|turn|22\n|\n|t:|1700958766\n|move|p1a: Banette|Poltergeist|p2a: \u76d0\u54e5|[miss]\n|-miss|p1a: Banette|p2a: \u76d0\u54e5\n|move|p2a: \u76d0\u54e5|Curse|p2a: \u76d0\u54e5\n|-unboost|p2a: \u76d0\u54e5|spe|1\n|-boost|p2a: \u76d0\u54e5|atk|1\n|-boost|p2a: \u76d0\u54e5|def|1\n|\n|-heal|p2a: \u76d0\u54e5|83\/100|[from] item: Leftovers\n|-damage|p1a: Banette|1\/100|[from] Salt Cure\n|-fieldend|move: Psychic Terrain\n|upkeep\n|turn|23\n|\n|t:|1700958771\n|move|p1a: Banette|Encore|p2a: \u76d0\u54e5\n|-start|p2a: \u76d0\u54e5|Encore\n|move|p2a: \u76d0\u54e5|Curse|p2a: \u76d0\u54e5\n|-unboost|p2a: \u76d0\u54e5|spe|1\n|-boost|p2a: \u76d0\u54e5|atk|1\n|-boost|p2a: \u76d0\u54e5|def|1\n|\n|-heal|p2a: \u76d0\u54e5|90\/100|[from] item: Leftovers\n|-damage|p1a: Banette|0 fnt|[from] Salt Cure\n|faint|p1a: Banette\n|upkeep\n|\n|t:|1700958777\n|switch|p1a: Heatran|Heatran, M|100\/100\n|turn|24\n|\n|t:|1700958783\n|switch|p2a: \u9e1f\u54e5|Zapdos, shiny|100\/100\n|move|p1a: Heatran|Magma Storm|p2a: \u9e1f\u54e5\n|-damage|p2a: \u9e1f\u54e5|57\/100\n|-activate|p2a: \u9e1f\u54e5|move: Magma Storm|[of] p1a: Heatran\n|\n|-damage|p2a: \u9e1f\u54e5|44\/100|[from] move: Magma Storm|[partiallytrapped]\n|upkeep\n|turn|25\n|-message|Yhin forfeited.\n|\n|win|ldsadsadcsf\n|raw|Yhin's rating: 1493 &rarr; <strong>1472<\/strong><br \/>(-21 for losing)\n|raw|ldsadsadcsf's rating: 1473 &rarr; <strong>1494<\/strong><br \/>(+21 for winning)\n|l|\u2606Yhin\n","uploadtime":1700958802,"views":2,"p1id":"yhin","p2id":"ldsadsadcsf","formatid":"gen9nationaldex","rating":1472,"private":0,"password":""}