{"id":"gen9nationaldex-1988183223","p1":"FakeDragon","p2":"Jabavo","format":"[Gen 9] National Dex","log":"|j|\u2606FakeDragon\n|j|\u2606Jabavo\n|t:|1699680986\n|gametype|singles\n|player|p1|FakeDragon|palmer|1396\n|player|p2|Jabavo|cynthia-gen4|1355\n|teamsize|p1|6\n|teamsize|p2|6\n|gen|9\n|tier|[Gen 9] National Dex\n|rated|\n|rule|HP Percentage Mod: HP is shown in percentages\n|rule|Endless Battle Clause: Forcing endless battles is banned\n|rule|OHKO Clause: OHKO moves are banned\n|rule|Evasion Clause: Evasion abilities, items, and moves are banned\n|rule|Evasion Abilities Clause: Evasion abilities are banned\n|rule|Evasion Items Clause: Evasion items are banned\n|rule|Evasion Moves Clause: Evasion moves are banned\n|rule|Species Clause: Limit one of each Pok\u00e9mon\n|rule|Sleep Clause Mod: Limit one foe put to sleep\n|clearpoke\n|poke|p1|Latios, M|\n|poke|p1|Ceruledge, M|\n|poke|p1|Alomomola, M|\n|poke|p1|Ferrothorn, F|\n|poke|p1|Gliscor, F|\n|poke|p1|Tornadus-Therian, M|\n|poke|p2|Iron Valiant|\n|poke|p2|Samurott-Hisui, F|\n|poke|p2|Gliscor, F|\n|poke|p2|Tapu Koko|\n|poke|p2|Sneasler, F|\n|poke|p2|Great Tusk|\n|teampreview\n|inactive|Battle timer is ON: inactive players will automatically lose when time's up. (requested by FakeDragon)\n|\n|t:|1699680993\n|start\n|switch|p1a: Tornadus|Tornadus-Therian, M|100\/100\n|switch|p2a: Great Tusk|Great Tusk|100\/100\n|turn|1\n|c|\u2606FakeDragon|gl\n|\n|t:|1699680998\n|move|p1a: Tornadus|Knock Off|p2a: Great Tusk\n|-resisted|p2a: Great Tusk\n|-damage|p2a: Great Tusk|95\/100\n|-enditem|p2a: Great Tusk|Leftovers|[from] move: Knock Off|[of] p1a: Tornadus\n|move|p2a: Great Tusk|Stealth Rock|p1a: Tornadus\n|-sidestart|p1: FakeDragon|move: Stealth Rock\n|\n|upkeep\n|turn|2\n|\n|t:|1699681008\n|move|p1a: Tornadus|Knock Off|p2a: Great Tusk\n|-resisted|p2a: Great Tusk\n|-damage|p2a: Great Tusk|91\/100\n|move|p2a: Great Tusk|Stone Edge|p1a: Tornadus\n|-supereffective|p1a: Tornadus\n|-damage|p1a: Tornadus|35\/100\n|\n|upkeep\n|turn|3\n|\n|t:|1699681022\n|move|p1a: Tornadus|U-turn|p2a: Great Tusk\n|-resisted|p2a: Great Tusk\n|-damage|p2a: Great Tusk|88\/100\n|\n|t:|1699681023\n|switch|p1a: Gliscor|Gliscor, F, shiny|100\/100|[from] U-turn\n|-damage|p1a: Gliscor|88\/100|[from] Stealth Rock\n|move|p2a: Great Tusk|Ice Spinner|p1a: Gliscor\n|-supereffective|p1a: Gliscor\n|-damage|p1a: Gliscor|10\/100\n|\n|-status|p1a: Gliscor|tox|[from] item: Toxic Orb\n|upkeep\n|turn|4\n|\n|t:|1699681032\n|switch|p1a: Alomomola|Alomomola, M|100\/100\n|-damage|p1a: Alomomola|88\/100|[from] Stealth Rock\n|move|p2a: Great Tusk|Ice Spinner|p1a: Alomomola\n|-resisted|p1a: Alomomola\n|-damage|p1a: Alomomola|80\/100\n|-damage|p2a: Great Tusk|71\/100|[from] item: Rocky Helmet|[of] p1a: Alomomola\n|\n|upkeep\n|turn|5\n|\n|t:|1699681043\n|-end|p2a: Great Tusk|Protosynthesis|[silent]\n|switch|p2a: Tapu Koko|Tapu Koko, shiny|100\/100\n|-fieldstart|move: Electric Terrain|[from] ability: Electric Surge|[of] p2a: Tapu Koko\n|move|p1a: Alomomola|Wish|p1a: Alomomola\n|\n|upkeep\n|turn|6\n|\n|t:|1699681051\n|switch|p1a: Ferrothorn|Ferrothorn, F|100\/100\n|-damage|p1a: Ferrothorn|94\/100|[from] Stealth Rock\n|move|p2a: Tapu Koko|Grass Knot|p1a: Ferrothorn\n|-resisted|p1a: Ferrothorn\n|-damage|p1a: Ferrothorn|88\/100\n|-damage|p2a: Tapu Koko|88\/100|[from] ability: Iron Barbs|[of] p1a: Ferrothorn\n|\n|-heal|p1a: Ferrothorn|100\/100|[from] move: Wish|[wisher] Alomomola\n|upkeep\n|turn|7\n|\n|t:|1699681063\n|move|p2a: Tapu Koko|U-turn|p1a: Ferrothorn\n|-damage|p1a: Ferrothorn|91\/100\n|-damage|p2a: Tapu Koko|76\/100|[from] ability: Iron Barbs|[of] p1a: Ferrothorn\n|\n|t:|1699681071\n|switch|p2a: Sneasler|Sneasler, F|100\/100|[from] U-turn\n|-enditem|p2a: Sneasler|Electric Seed\n|-boost|p2a: Sneasler|def|1|[from] item: Electric Seed\n|move|p1a: Ferrothorn|Stealth Rock|p2a: Sneasler\n|-sidestart|p2: Jabavo|move: Stealth Rock\n|\n|-heal|p1a: Ferrothorn|97\/100|[from] item: Leftovers\n|upkeep\n|turn|8\n|\n|t:|1699681087\n|move|p2a: Sneasler|Swords Dance|p2a: Sneasler\n|-boost|p2a: Sneasler|atk|2\n|move|p1a: Ferrothorn|Leech Seed|p2a: Sneasler\n|-start|p2a: Sneasler|move: Leech Seed\n|\n|-heal|p1a: Ferrothorn|100\/100|[from] item: Leftovers\n|-damage|p2a: Sneasler|88\/100|[from] Leech Seed|[of] p1a: Ferrothorn\n|upkeep\n|turn|9\n|inactive|FakeDragon has 120 seconds left.\n|\n|t:|1699681134\n|-terastallize|p1a: Ferrothorn|Ghost\n|move|p2a: Sneasler|Close Combat|p1a: Ferrothorn\n|-immune|p1a: Ferrothorn\n|move|p1a: Ferrothorn|Gyro Ball|p2a: Sneasler\n|-damage|p2a: Sneasler|31\/100\n|\n|-damage|p2a: Sneasler|19\/100|[from] Leech Seed|[of] p1a: Ferrothorn\n|-fieldend|move: Electric Terrain\n|upkeep\n|turn|10\n|\n|t:|1699681141\n|move|p2a: Sneasler|Acrobatics|p1a: Ferrothorn\n|-damage|p1a: Ferrothorn|54\/100\n|-damage|p2a: Sneasler|6\/100|[from] ability: Iron Barbs|[of] p1a: Ferrothorn\n|move|p1a: Ferrothorn|Gyro Ball|p2a: Sneasler\n|-damage|p2a: Sneasler|0 fnt\n|faint|p2a: Sneasler\n|\n|-heal|p1a: Ferrothorn|60\/100|[from] item: Leftovers\n|upkeep\n|\n|t:|1699681149\n|switch|p2a: Great Tusk|Great Tusk|71\/100\n|-damage|p2a: Great Tusk|68\/100|[from] Stealth Rock\n|turn|11\n|\n|t:|1699681163\n|switch|p1a: Alomomola|Alomomola, M|100\/100\n|-damage|p1a: Alomomola|88\/100|[from] Stealth Rock\n|move|p2a: Great Tusk|Stone Edge|p1a: Alomomola\n|-crit|p1a: Alomomola\n|-damage|p1a: Alomomola|63\/100\n|\n|upkeep\n|turn|12\n|\n|t:|1699681179\n|-end|p2a: Great Tusk|Protosynthesis|[silent]\n|switch|p2a: Samurott|Samurott-Hisui, F, shiny|100\/100\n|-damage|p2a: Samurott|88\/100|[from] Stealth Rock\n|move|p1a: Alomomola|Wish|p1a: Alomomola\n|\n|upkeep\n|turn|13\n|\n|t:|1699681190\n|move|p2a: Samurott|Ceaseless Edge|p1a: Alomomola\n|-crit|p1a: Alomomola\n|-damage|p1a: Alomomola|21\/100\n|-damage|p2a: Samurott|72\/100|[from] item: Rocky Helmet|[of] p1a: Alomomola\n|-sidestart|p1: FakeDragon|Spikes\n|move|p1a: Alomomola|Flip Turn|p2a: Samurott\n|-resisted|p2a: Samurott\n|-damage|p2a: Samurott|61\/100\n|\n|t:|1699681197\n|switch|p1a: Tornadus|Tornadus-Therian, M|68\/100|[from] Flip Turn\n|\n|-heal|p1a: Tornadus|100\/100|[from] move: Wish|[wisher] Alomomola\n|upkeep\n|turn|14\n|\n|t:|1699681207\n|move|p2a: Samurott|Ceaseless Edge|p1a: Tornadus\n|-damage|p1a: Tornadus|55\/100\n|-sidestart|p1: FakeDragon|Spikes\n|move|p1a: Tornadus|Defog|p2a: Samurott\n|-unboost|p2a: Samurott|evasion|1\n|-sideend|p2: Jabavo|Stealth Rock|[from] move: Defog|[of] p1a: Tornadus\n|-sideend|p1: FakeDragon|Spikes|[from] move: Defog|[of] p1a: Tornadus\n|-sideend|p1: FakeDragon|Stealth Rock|[from] move: Defog|[of] p1a: Tornadus\n|\n|upkeep\n|turn|15\n|inactive|FakeDragon has 120 seconds left.\n|\n|t:|1699681223\n|move|p2a: Samurott|Ceaseless Edge|p1a: Tornadus\n|-damage|p1a: Tornadus|4\/100\n|-sidestart|p1: FakeDragon|Spikes\n|move|p1a: Tornadus|U-turn|p2a: Samurott\n|-supereffective|p2a: Samurott\n|-damage|p2a: Samurott|23\/100\n|\n|t:|1699681236\n|switch|p1a: Alomomola|Alomomola, M|54\/100|[from] U-turn\n|-damage|p1a: Alomomola|42\/100|[from] Spikes\n|\n|upkeep\n|turn|16\n|\n|t:|1699681242\n|switch|p2a: Tapu Koko|Tapu Koko, shiny|76\/100\n|-fieldstart|move: Electric Terrain|[from] ability: Electric Surge|[of] p2a: Tapu Koko\n|move|p1a: Alomomola|Wish|p1a: Alomomola\n|\n|upkeep\n|turn|17\n|inactive|FakeDragon has 120 seconds left.\n|\n|t:|1699681252\n|switch|p1a: Ferrothorn|Ferrothorn, F, tera:Ghost|60\/100\n|-damage|p1a: Ferrothorn|48\/100|[from] Spikes\n|move|p2a: Tapu Koko|Thunderbolt|p1a: Ferrothorn\n|-damage|p1a: Ferrothorn|6\/100\n|\n|-heal|p1a: Ferrothorn|74\/100|[from] move: Wish|[wisher] Alomomola\n|-heal|p1a: Ferrothorn|80\/100|[from] item: Leftovers\n|upkeep\n|turn|18\n|inactive|FakeDragon has 120 seconds left.\n|\n|t:|1699681271\n|move|p2a: Tapu Koko|U-turn|p1a: Ferrothorn\n|-resisted|p1a: Ferrothorn\n|-damage|p1a: Ferrothorn|75\/100\n|-damage|p2a: Tapu Koko|63\/100|[from] ability: Iron Barbs|[of] p1a: Ferrothorn\n|\n|t:|1699681275\n|switch|p2a: Samurott|Samurott-Hisui, F, shiny|23\/100|[from] U-turn\n|move|p1a: Ferrothorn|Leech Seed|p2a: Samurott|[miss]\n|-miss|p1a: Ferrothorn|p2a: Samurott\n|\n|-heal|p1a: Ferrothorn|81\/100|[from] item: Leftovers\n|upkeep\n|turn|19\n|inactive|FakeDragon has 120 seconds left.\n|\n|t:|1699681289\n|switch|p1a: Alomomola|Alomomola, M|75\/100\n|-damage|p1a: Alomomola|62\/100|[from] Spikes\n|move|p2a: Samurott|Ceaseless Edge|p1a: Alomomola\n|-damage|p1a: Alomomola|33\/100\n|-damage|p2a: Samurott|7\/100|[from] item: Rocky Helmet|[of] p1a: Alomomola\n|-sidestart|p1: FakeDragon|Spikes\n|\n|upkeep\n|turn|20\n|\n|t:|1699681296\n|move|p2a: Samurott|Ceaseless Edge|p1a: Alomomola\n|-damage|p1a: Alomomola|5\/100\n|-damage|p2a: Samurott|0 fnt|[from] item: Rocky Helmet|[of] p1a: Alomomola\n|faint|p2a: Samurott\n|move|p1a: Alomomola|Wish|p1a: Alomomola\n|\n|-fieldend|move: Electric Terrain\n|upkeep\n|\n|t:|1699681301\n|switch|p2a: Great Tusk|Great Tusk|68\/100\n|turn|21\n|\n|t:|1699681315\n|switch|p1a: Tornadus|Tornadus-Therian, M|37\/100\n|move|p2a: Great Tusk|Rapid Spin|p1a: Tornadus\n|-damage|p1a: Tornadus|22\/100\n|-boost|p2a: Great Tusk|spe|1\n|\n|-heal|p1a: Tornadus|87\/100|[from] move: Wish|[wisher] Alomomola\n|upkeep\n|turn|22\n|\n|t:|1699681328\n|move|p1a: Tornadus|Defog|p2a: Great Tusk\n|-unboost|p2a: Great Tusk|evasion|1\n|-sideend|p1: FakeDragon|Spikes|[from] move: Defog|[of] p1a: Tornadus\n|move|p2a: Great Tusk|Stone Edge|p1a: Tornadus|[miss]\n|-miss|p2a: Great Tusk|p1a: Tornadus\n|\n|upkeep\n|turn|23\n|\n|t:|1699681335\n|move|p1a: Tornadus|Bleakwind Storm|p2a: Great Tusk\n|-supereffective|p2a: Great Tusk\n|-damage|p2a: Great Tusk|0 fnt\n|faint|p2a: Great Tusk\n|-end|p2a: Great Tusk|Protosynthesis|[silent]\n|\n|upkeep\n|\n|t:|1699681341\n|switch|p2a: Iron Valiant|Iron Valiant|100\/100\n|turn|24\n|\n|t:|1699681347\n|move|p1a: Tornadus|Bleakwind Storm|p2a: Iron Valiant\n|-supereffective|p2a: Iron Valiant\n|-damage|p2a: Iron Valiant|0 fnt\n|faint|p2a: Iron Valiant\n|-end|p2a: Iron Valiant|Quark Drive|[silent]\n|\n|upkeep\n|-message|Jabavo forfeited.\n|\n|win|FakeDragon\n|raw|FakeDragon's rating: 1396 &rarr; <strong>1414<\/strong><br \/>(+18 for winning)\n|raw|Jabavo's rating: 1355 &rarr; <strong>1337<\/strong><br \/>(-18 for losing)\n|l|\u2606Jabavo\n","uploadtime":1699681354,"views":6,"p1id":"fakedragon","p2id":"jabavo","formatid":"gen9nationaldex","rating":1337,"private":0,"password":""}