{"id":"gen9nationaldex-1994866172","p1":"entrastella","p2":"AlastorTheOverlord","format":"[Gen 9] National Dex","log":"|html|<div class=\"broadcast-blue\"><strong>[Gen 9] National Dex is currently suspecting Sneasler! For information on how to participate check out the <a href=\"https:\/\/www.smogon.com\/forums\/threads\/sv-national-dex-suspect-8-just-dance.3731534\/\">suspect thread<\/a>.<\/strong><\/div>\n|j|\u2606entrastella\n|j|\u2606AlastorTheOverlord\n|t:|1700499942\n|gametype|singles\n|player|p1|entrastella|265|1047\n|player|p2|AlastorTheOverlord|n|1114\n|teamsize|p1|6\n|teamsize|p2|6\n|gen|9\n|tier|[Gen 9] National Dex\n|rated|\n|rule|HP Percentage Mod: HP is shown in percentages\n|rule|Endless Battle Clause: Forcing endless battles is banned\n|rule|OHKO Clause: OHKO moves are banned\n|rule|Evasion Clause: Evasion abilities, items, and moves are banned\n|rule|Evasion Abilities Clause: Evasion abilities are banned\n|rule|Evasion Items Clause: Evasion items are banned\n|rule|Evasion Moves Clause: Evasion moves are banned\n|rule|Species Clause: Limit one of each Pok\u00e9mon\n|rule|Sleep Clause Mod: Limit one foe put to sleep\n|clearpoke\n|poke|p1|Primarina, M|\n|poke|p1|Mienshao, M|\n|poke|p1|Tsareena, F|\n|poke|p1|Chandelure, M|\n|poke|p1|Hydreigon, M|\n|poke|p1|Toxtricity-Low-Key, M|\n|poke|p2|Greninja-*, M|\n|poke|p2|Garchomp, M|\n|poke|p2|Chandelure, M|\n|poke|p2|Azumarill, M|\n|poke|p2|Aegislash, M|\n|poke|p2|Talonflame, M|\n|teampreview\n|inactive|Battle timer is ON: inactive players will automatically lose when time's up. (requested by AlastorTheOverlord)\n|\n|t:|1700499948\n|start\n|switch|p1a: Toxtricity|Toxtricity-Low-Key, M|100\/100\n|switch|p2a: Talonflame|Talonflame, M|100\/100\n|turn|1\n|\n|t:|1700499962\n|move|p2a: Talonflame|Flare Blitz|p1a: Toxtricity\n|-damage|p1a: Toxtricity|52\/100\n|-damage|p2a: Talonflame|85\/100|[from] Recoil\n|move|p1a: Toxtricity|Toxic Spikes|p2a: Talonflame\n|-sidestart|p2: AlastorTheOverlord|move: Toxic Spikes\n|\n|upkeep\n|turn|2\n|\n|t:|1700499970\n|switch|p1a: Primarina|Primarina, M|100\/100\n|move|p2a: Talonflame|Defog|p1a: Primarina\n|-unboost|p1a: Primarina|evasion|1\n|-sideend|p2: AlastorTheOverlord|Toxic Spikes|[from] move: Defog|[of] p2a: Talonflame\n|\n|upkeep\n|turn|3\n|\n|t:|1700499978\n|move|p2a: Talonflame|Brave Bird|p1a: Primarina\n|-damage|p1a: Primarina|46\/100\n|-damage|p2a: Talonflame|66\/100|[from] Recoil\n|move|p1a: Primarina|Sparkling Aria|p2a: Talonflame\n|-supereffective|p2a: Talonflame\n|-damage|p2a: Talonflame|0 fnt\n|faint|p2a: Talonflame\n|\n|upkeep\n|\n|t:|1700499997\n|switch|p2a: Azumarill|Azumarill, M|100\/100\n|turn|4\n|\n|t:|1700500004\n|switch|p1a: Toxtricity|Toxtricity-Low-Key, M|52\/100\n|move|p2a: Azumarill|Belly Drum|p2a: Azumarill\n|-damage|p2a: Azumarill|51\/100\n|-setboost|p2a: Azumarill|atk|6|[from] move: Belly Drum\n|\n|upkeep\n|turn|5\n|\n|t:|1700500011\n|move|p2a: Azumarill|Aqua Jet|p1a: Toxtricity\n|-damage|p1a: Toxtricity|0 fnt\n|faint|p1a: Toxtricity\n|\n|upkeep\n|\n|t:|1700500015\n|switch|p1a: Chandelure|Chandelure, M|100\/100\n|turn|6\n|\n|t:|1700500019\n|move|p2a: Azumarill|Aqua Jet|p1a: Chandelure\n|-supereffective|p1a: Chandelure\n|-damage|p1a: Chandelure|0 fnt\n|faint|p1a: Chandelure\n|\n|upkeep\n|\n|t:|1700500023\n|switch|p1a: Tsareena|Tsareena, F|100\/100\n|turn|7\n|\n|t:|1700500029\n|move|p2a: Azumarill|Aqua Jet||[still]\n|cant|p1a: Tsareena|ability: Queenly Majesty|Aqua Jet|[of] p2a: Azumarill\n|move|p1a: Tsareena|Trop Kick|p2a: Azumarill\n|-supereffective|p2a: Azumarill\n|-damage|p2a: Azumarill|0 fnt\n|faint|p2a: Azumarill\n|\n|upkeep\n|\n|t:|1700500051\n|switch|p2a: Greninja|Greninja, M|100\/100\n|turn|8\n|\n|t:|1700500055\n|move|p2a: Greninja|Ice Beam|p1a: Tsareena\n|-start|p2a: Greninja|typechange|Ice|[from] ability: Protean\n|-supereffective|p1a: Tsareena\n|-crit|p1a: Tsareena\n|-damage|p1a: Tsareena|0 fnt\n|faint|p1a: Tsareena\n|-damage|p2a: Greninja|91\/100|[from] item: Life Orb\n|\n|upkeep\n|\n|t:|1700500062\n|switch|p1a: Mienshao|Mienshao, M|100\/100\n|turn|9\n|\n|t:|1700500070\n|switch|p2a: Chandelure|Chandelure, M|100\/100\n|move|p1a: Mienshao|High Jump Kick|p2a: Chandelure\n|-immune|p2a: Chandelure\n|-damage|p1a: Mienshao|50\/100|[from] highjumpkick\n|\n|upkeep\n|turn|10\n|\n|t:|1700500080\n|move|p2a: Chandelure|Shadow Ball|p1a: Mienshao\n|-damage|p1a: Mienshao|0 fnt\n|faint|p1a: Mienshao\n|\n|upkeep\n|\n|t:|1700500084\n|switch|p1a: Hydreigon|Hydreigon, M|100\/100\n|turn|11\n|\n|t:|1700500090\n|move|p2a: Chandelure|Shadow Ball|p1a: Hydreigon\n|-resisted|p1a: Hydreigon\n|-damage|p1a: Hydreigon|75\/100\n|move|p1a: Hydreigon|Dark Pulse|p2a: Chandelure\n|-supereffective|p2a: Chandelure\n|-damage|p2a: Chandelure|0 fnt\n|faint|p2a: Chandelure\n|\n|upkeep\n|\n|t:|1700500095\n|switch|p2a: Aegislash|Aegislash, M|100\/100\n|turn|12\n|\n|t:|1700500100\n|move|p1a: Hydreigon|Dark Pulse|p2a: Aegislash\n|-supereffective|p2a: Aegislash\n|-crit|p2a: Aegislash\n|-damage|p2a: Aegislash|3\/100\n|-formechange|p2a: Aegislash|Aegislash-Blade||[from] ability: Stance Change\n|move|p2a: Aegislash|Sacred Sword|p1a: Hydreigon\n|-supereffective|p1a: Hydreigon\n|-damage|p1a: Hydreigon|0 fnt\n|faint|p1a: Hydreigon\n|\n|-heal|p2a: Aegislash|9\/100|[from] item: Leftovers\n|upkeep\n|\n|t:|1700500107\n|switch|p1a: Primarina|Primarina, M|46\/100\n|turn|13\n|\n|t:|1700500113\n|move|p2a: Aegislash|Iron Head|p1a: Primarina\n|-damage|p1a: Primarina|0 fnt\n|faint|p1a: Primarina\n|\n|win|AlastorTheOverlord\n|raw|entrastella's rating: 1047 &rarr; <strong>1033<\/strong><br \/>(-14 for losing)\n|raw|AlastorTheOverlord's rating: 1114 &rarr; <strong>1134<\/strong><br \/>(+20 for winning)\n|l|\u2606entrastella\n","uploadtime":1700500171,"views":9,"p1id":"entrastella","p2id":"alastortheoverlord","formatid":"gen9nationaldex","rating":1033,"private":0,"password":""}