{"id":"gen9nationaldex-1987059814","p1":"Pyromancer9","p2":"hightopfade69","format":"[Gen 9] National Dex","log":"|j|\u2606Pyromancer9\n|j|\u203dhightopfade69\n|t:|1699552784\n|gametype|singles\n|player|p1|Pyromancer9|skyla|1121\n|player|p2|hightopfade69|102|1059\n|teamsize|p1|6\n|teamsize|p2|6\n|gen|9\n|tier|[Gen 9] National Dex\n|rated|\n|rule|HP Percentage Mod: HP is shown in percentages\n|rule|Endless Battle Clause: Forcing endless battles is banned\n|rule|OHKO Clause: OHKO moves are banned\n|rule|Evasion Clause: Evasion abilities, items, and moves are banned\n|rule|Evasion Abilities Clause: Evasion abilities are banned\n|rule|Evasion Items Clause: Evasion items are banned\n|rule|Evasion Moves Clause: Evasion moves are banned\n|rule|Species Clause: Limit one of each Pok\u00e9mon\n|rule|Sleep Clause Mod: Limit one foe put to sleep\n|clearpoke\n|poke|p1|Iron Valiant|\n|poke|p1|Hatterene, F|\n|poke|p1|Quaquaval, F|\n|poke|p1|Ursaluna-Bloodmoon, M|\n|poke|p1|Scizor, F|\n|poke|p1|Vaporeon, F|\n|poke|p2|Druddigon, F|\n|poke|p2|Banette, M|\n|poke|p2|Tapu Koko|\n|poke|p2|Iron Moth|\n|poke|p2|Dondozo, F|\n|poke|p2|Iron Valiant|\n|teampreview\n|c|\u2606Pyromancer9|glhf\n|\n|t:|1699552789\n|start\n|switch|p1a: Vaporeon|Vaporeon, F|100\/100\n|switch|p2a: Druddigon|Druddigon, F|100\/100\n|turn|1\n|\n|t:|1699552802\n|move|p1a: Vaporeon|Rain Dance|p1a: Vaporeon\n|-weather|RainDance\n|move|p2a: Druddigon|Taunt|p1a: Vaporeon\n|-start|p1a: Vaporeon|move: Taunt\n|\n|-weather|RainDance|[upkeep]\n|upkeep\n|turn|2\n|\n|t:|1699552813\n|move|p1a: Vaporeon|Flip Turn|p2a: Druddigon\n|-resisted|p2a: Druddigon\n|-damage|p2a: Druddigon|91\/100\n|-damage|p1a: Vaporeon|88\/100|[from] ability: Rough Skin|[of] p2a: Druddigon\n|-damage|p1a: Vaporeon|72\/100|[from] item: Rocky Helmet|[of] p2a: Druddigon\n|\n|t:|1699552820\n|switch|p1a: Quaquaval|Quaquaval, F|100\/100|[from] Flip Turn\n|move|p2a: Druddigon|Stealth Rock|p1a: Quaquaval\n|-sidestart|p1: Pyromancer9|move: Stealth Rock\n|\n|-weather|RainDance|[upkeep]\n|upkeep\n|turn|3\n|\n|t:|1699552828\n|move|p1a: Quaquaval|Ice Spinner|p2a: Druddigon\n|-supereffective|p2a: Druddigon\n|-damage|p2a: Druddigon|39\/100\n|-damage|p1a: Quaquaval|88\/100|[from] ability: Rough Skin|[of] p2a: Druddigon\n|-damage|p1a: Quaquaval|72\/100|[from] item: Rocky Helmet|[of] p2a: Druddigon\n|move|p2a: Druddigon|Dragon Tail|p1a: Quaquaval\n|-damage|p1a: Quaquaval|42\/100\n|drag|p1a: Iron Valiant|Iron Valiant|100\/100\n|-damage|p1a: Iron Valiant|94\/100|[from] Stealth Rock\n|\n|-weather|RainDance|[upkeep]\n|upkeep\n|turn|4\n|\n|t:|1699552842\n|move|p1a: Iron Valiant|Moonblast|p2a: Druddigon\n|-supereffective|p2a: Druddigon\n|-damage|p2a: Druddigon|0 fnt\n|faint|p2a: Druddigon\n|\n|-weather|RainDance|[upkeep]\n|upkeep\n|\n|t:|1699552847\n|switch|p2a: Tapu Koko|Tapu Koko|100\/100\n|-fieldstart|move: Electric Terrain|[from] ability: Electric Surge|[of] p2a: Tapu Koko\n|-activate|p1a: Iron Valiant|ability: Quark Drive\n|-start|p1a: Iron Valiant|quarkdrivespa\n|turn|5\n|\n|t:|1699552854\n|-end|p1a: Iron Valiant|Quark Drive|[silent]\n|switch|p1a: Ursaluna|Ursaluna-Bloodmoon, M|100\/100\n|-damage|p1a: Ursaluna|95\/100|[from] Stealth Rock\n|move|p2a: Tapu Koko|Light Screen|p2a: Tapu Koko\n|-sidestart|p2: hightopfade69|move: Light Screen\n|\n|-weather|none\n|-heal|p1a: Ursaluna|100\/100|[from] item: Leftovers\n|upkeep\n|turn|6\n|\n|t:|1699552866\n|move|p2a: Tapu Koko|U-turn|p1a: Ursaluna\n|-damage|p1a: Ursaluna|85\/100\n|\n|t:|1699552871\n|switch|p2a: Dondozo|Dondozo, F|100\/100|[from] U-turn\n|move|p1a: Ursaluna|Earthquake|p2a: Dondozo\n|-damage|p2a: Dondozo|86\/100\n|\n|-heal|p1a: Ursaluna|91\/100|[from] item: Leftovers\n|-heal|p2a: Dondozo|92\/100|[from] item: Leftovers\n|upkeep\n|turn|7\n|\n|t:|1699552882\n|switch|p1a: Hatterene|Hatterene, F|100\/100\n|-damage|p1a: Hatterene|88\/100|[from] Stealth Rock\n|move|p2a: Dondozo|Curse|p2a: Dondozo\n|-unboost|p2a: Dondozo|spe|1\n|-boost|p2a: Dondozo|atk|1\n|-boost|p2a: Dondozo|def|1\n|\n|-heal|p1a: Hatterene|94\/100|[from] item: Leftovers\n|-heal|p2a: Dondozo|98\/100|[from] item: Leftovers\n|upkeep\n|turn|8\n|\n|t:|1699552895\n|move|p1a: Hatterene|Giga Drain|p2a: Dondozo\n|-supereffective|p2a: Dondozo\n|-damage|p2a: Dondozo|70\/100\n|-heal|p1a: Hatterene|100\/100|[from] drain|[of] p2a: Dondozo\n|move|p2a: Dondozo|Curse|p2a: Dondozo\n|-unboost|p2a: Dondozo|spe|1\n|-boost|p2a: Dondozo|atk|1\n|-boost|p2a: Dondozo|def|1\n|\n|-heal|p2a: Dondozo|76\/100|[from] item: Leftovers\n|upkeep\n|turn|9\n|\n|t:|1699552904\n|move|p1a: Hatterene|Calm Mind|p1a: Hatterene\n|-boost|p1a: Hatterene|spa|1\n|-boost|p1a: Hatterene|spd|1\n|move|p2a: Dondozo|Liquidation|p1a: Hatterene\n|-damage|p1a: Hatterene|0 fnt\n|faint|p1a: Hatterene\n|\n|-heal|p2a: Dondozo|83\/100|[from] item: Leftovers\n|-sideend|p2: hightopfade69|move: Light Screen\n|upkeep\n|\n|t:|1699552916\n|switch|p1a: Vaporeon|Vaporeon, F|72\/100\n|-damage|p1a: Vaporeon|59\/100|[from] Stealth Rock\n|turn|10\n|\n|t:|1699552921\n|move|p1a: Vaporeon|Rain Dance|p1a: Vaporeon\n|-weather|RainDance\n|move|p2a: Dondozo|Earthquake|p1a: Vaporeon\n|-damage|p1a: Vaporeon|0 fnt\n|faint|p1a: Vaporeon\n|\n|-weather|RainDance|[upkeep]\n|-heal|p2a: Dondozo|89\/100|[from] item: Leftovers\n|upkeep\n|\n|t:|1699552928\n|switch|p1a: Quaquaval|Quaquaval, F|42\/100\n|-damage|p1a: Quaquaval|36\/100|[from] Stealth Rock\n|turn|11\n|\n|t:|1699552935\n|move|p1a: Quaquaval|Close Combat|p2a: Dondozo\n|-damage|p2a: Dondozo|70\/100\n|-unboost|p1a: Quaquaval|def|1\n|-unboost|p1a: Quaquaval|spd|1\n|move|p2a: Dondozo|Liquidation|p1a: Quaquaval\n|-resisted|p1a: Quaquaval\n|-damage|p1a: Quaquaval|0 fnt\n|faint|p1a: Quaquaval\n|\n|-weather|RainDance|[upkeep]\n|-heal|p2a: Dondozo|76\/100|[from] item: Leftovers\n|upkeep\n|inactive|Battle timer is ON: inactive players will automatically lose when time's up. (requested by hightopfade69)\n|\n|t:|1699552946\n|switch|p1a: Scizor|Scizor, F|100\/100\n|-damage|p1a: Scizor|88\/100|[from] Stealth Rock\n|turn|12\n|\n|t:|1699552952\n|detailschange|p1a: Scizor|Scizor-Mega, F\n|-mega|p1a: Scizor|Scizor|Scizorite\n|move|p1a: Scizor|Trailblaze|p2a: Dondozo\n|-supereffective|p2a: Dondozo\n|-damage|p2a: Dondozo|60\/100\n|-boost|p1a: Scizor|spe|1\n|move|p2a: Dondozo|Liquidation|p1a: Scizor\n|-damage|p1a: Scizor|0 fnt\n|faint|p1a: Scizor\n|\n|-weather|RainDance|[upkeep]\n|-heal|p2a: Dondozo|66\/100|[from] item: Leftovers\n|-fieldend|move: Electric Terrain\n|upkeep\n|\n|t:|1699552964\n|switch|p1a: Ursaluna|Ursaluna-Bloodmoon, M|91\/100\n|-damage|p1a: Ursaluna|85\/100|[from] Stealth Rock\n|turn|13\n|\n|t:|1699552970\n|move|p1a: Ursaluna|Blood Moon|p2a: Dondozo\n|-damage|p2a: Dondozo|0 fnt\n|faint|p2a: Dondozo\n|\n|-weather|RainDance|[upkeep]\n|-heal|p1a: Ursaluna|91\/100|[from] item: Leftovers\n|upkeep\n|\n|t:|1699552978\n|switch|p2a: Tapu Koko|Tapu Koko|100\/100\n|-fieldstart|move: Electric Terrain|[from] ability: Electric Surge|[of] p2a: Tapu Koko\n|turn|14\n|\n|t:|1699552984\n|move|p2a: Tapu Koko|Light Screen|p2a: Tapu Koko\n|-sidestart|p2: hightopfade69|move: Light Screen\n|move|p1a: Ursaluna|Earthquake|p2a: Tapu Koko\n|-supereffective|p2a: Tapu Koko\n|-damage|p2a: Tapu Koko|26\/100\n|\n|-weather|none\n|-heal|p1a: Ursaluna|97\/100|[from] item: Leftovers\n|upkeep\n|turn|15\n|\n|t:|1699552993\n|move|p2a: Tapu Koko|Reflect|p2a: Tapu Koko\n|-sidestart|p2: hightopfade69|Reflect\n|move|p1a: Ursaluna|Earthquake|p2a: Tapu Koko\n|-supereffective|p2a: Tapu Koko\n|-damage|p2a: Tapu Koko|0 fnt\n|faint|p2a: Tapu Koko\n|\n|-heal|p1a: Ursaluna|100\/100|[from] item: Leftovers\n|upkeep\n|\n|t:|1699553002\n|switch|p2a: Banette|Banette, M|100\/100\n|-item|p1a: Ursaluna|Leftovers|[from] ability: Frisk|[of] p2a: Banette|[identify]\n|turn|16\n|\n|t:|1699553010\n|detailschange|p2a: Banette|Banette-Mega, M\n|-mega|p2a: Banette|Banette|Banettite\n|move|p2a: Banette|Knock Off|p1a: Ursaluna\n|-damage|p1a: Ursaluna|70\/100\n|-enditem|p1a: Ursaluna|Leftovers|[from] move: Knock Off|[of] p2a: Banette\n|move|p1a: Ursaluna|Blood Moon|p2a: Banette\n|-damage|p2a: Banette|65\/100\n|\n|upkeep\n|turn|17\n|\n|t:|1699553021\n|move|p2a: Banette|Encore|p1a: Ursaluna\n|-start|p1a: Ursaluna|Encore\n|move|p1a: Ursaluna|Blood Moon|p2a: Banette\n|-damage|p2a: Banette|26\/100\n|-hint|Some effects can force a Pokemon to use Blood Moon again in a row.\n|\n|upkeep\n|turn|18\n|\n|t:|1699553028\n|switch|p1a: Iron Valiant|Iron Valiant|94\/100\n|-damage|p1a: Iron Valiant|88\/100|[from] Stealth Rock\n|-activate|p1a: Iron Valiant|ability: Quark Drive\n|-start|p1a: Iron Valiant|quarkdrivespa\n|move|p2a: Banette|Destiny Bond|p2a: Banette\n|-singlemove|p2a: Banette|Destiny Bond\n|\n|-sideend|p2: hightopfade69|move: Light Screen\n|upkeep\n|turn|19\n|\n|t:|1699553043\n|move|p1a: Iron Valiant|Moonblast|p2a: Banette\n|-damage|p2a: Banette|0 fnt\n|faint|p2a: Banette\n|-activate|p2a: Banette|move: Destiny Bond\n|faint|p1a: Iron Valiant\n|-end|p1a: Iron Valiant|Quark Drive|[silent]\n|\n|-sideend|p2: hightopfade69|Reflect\n|upkeep\n|c|\u2606Pyromancer9|f\n|\n|t:|1699553053\n|switch|p1a: Ursaluna|Ursaluna-Bloodmoon, M|70\/100\n|switch|p2a: Iron Valiant|Iron Valiant|100\/100\n|-activate|p2a: Iron Valiant|ability: Quark Drive\n|-start|p2a: Iron Valiant|quarkdrivespe\n|-damage|p1a: Ursaluna|64\/100|[from] Stealth Rock\n|turn|20\n|\n|t:|1699553064\n|move|p2a: Iron Valiant|Close Combat|p1a: Ursaluna\n|-supereffective|p1a: Ursaluna\n|-damage|p1a: Ursaluna|0 fnt\n|-unboost|p2a: Iron Valiant|def|1\n|-unboost|p2a: Iron Valiant|spd|1\n|faint|p1a: Ursaluna\n|-damage|p2a: Iron Valiant|91\/100|[from] item: Life Orb\n|\n|win|hightopfade69\n|raw|Pyromancer9's rating: 1121 &rarr; <strong>1092<\/strong><br \/>(-29 for losing)\n|raw|hightopfade69's rating: 1059 &rarr; <strong>1096<\/strong><br \/>(+37 for winning)\n|c|\u2606Pyromancer9|ggs\n","uploadtime":1699553074,"views":23,"p1id":"pyromancer9","p2id":"hightopfade69","formatid":"gen9nationaldex","rating":1092,"private":0,"password":""}