{"id":"gen9nationaldex-1998251574","p1":"SrPorquet","p2":"Gagaggagagagaga","format":"[Gen 9] National Dex","log":"|html|<div class=\"broadcast-blue\"><strong>[Gen 9] National Dex is currently suspecting Sneasler! For information on how to participate check out the <a href=\"https:\/\/www.smogon.com\/forums\/threads\/sv-national-dex-suspect-8-just-dance.3731534\/\">suspect thread<\/a>.<\/strong><\/div>\n|j|\u203dSrPorquet\n|j|\u2606Gagaggagagagaga\n|t:|1700920033\n|gametype|singles\n|player|p1|SrPorquet|falkner|1204\n|player|p2|Gagaggagagagaga|101|1232\n|teamsize|p1|6\n|teamsize|p2|6\n|gen|9\n|tier|[Gen 9] National Dex\n|rated|\n|rule|HP Percentage Mod: HP is shown in percentages\n|rule|Endless Battle Clause: Forcing endless battles is banned\n|rule|OHKO Clause: OHKO moves are banned\n|rule|Evasion Clause: Evasion abilities, items, and moves are banned\n|rule|Evasion Abilities Clause: Evasion abilities are banned\n|rule|Evasion Items Clause: Evasion items are banned\n|rule|Evasion Moves Clause: Evasion moves are banned\n|rule|Species Clause: Limit one of each Pok\u00e9mon\n|rule|Sleep Clause Mod: Limit one foe put to sleep\n|clearpoke\n|poke|p1|Goodra-Hisui, M|\n|poke|p1|Wyrdeer, M|\n|poke|p1|Leavanny, F|\n|poke|p1|Avalugg, M|\n|poke|p1|Togekiss, M|\n|poke|p1|Floatzel, M|\n|poke|p2|Boltund, M|\n|poke|p2|Tapu Koko|\n|poke|p2|Iron Jugulis|\n|poke|p2|Manectric, M|\n|poke|p2|Corviknight, M|\n|poke|p2|Iron Valiant|\n|teampreview\n|inactive|Battle timer is ON: inactive players will automatically lose when time's up. (requested by Gagaggagagagaga)\n|\n|t:|1700920060\n|start\n|switch|p1a: Wyrdeer|Wyrdeer, M|100\/100\n|switch|p2a: Tapu Koko|Tapu Koko|100\/100\n|-fieldstart|move: Electric Terrain|[from] ability: Electric Surge|[of] p2a: Tapu Koko\n|-ability|p1a: Wyrdeer|Intimidate|boost\n|-unboost|p2a: Tapu Koko|atk|1\n|turn|1\n|\n|t:|1700920083\n|move|p2a: Tapu Koko|Nature's Madness|p1a: Wyrdeer\n|-damage|p1a: Wyrdeer|50\/100\n|move|p1a: Wyrdeer|Double-Edge|p2a: Tapu Koko\n|-damage|p2a: Tapu Koko|25\/100\n|-damage|p1a: Wyrdeer|32\/100|[from] Recoil\n|\n|upkeep\n|turn|2\n|\n|t:|1700920094\n|switch|p1a: Goodra|Goodra-Hisui, M|100\/100\n|move|p2a: Tapu Koko|Volt Switch|p1a: Goodra\n|-resisted|p1a: Goodra\n|-damage|p1a: Goodra|88\/100\n|\n|t:|1700920101\n|switch|p2a: Iron Valiant|Iron Valiant|100\/100|[from] Volt Switch\n|-activate|p2a: Iron Valiant|ability: Quark Drive\n|-start|p2a: Iron Valiant|quarkdrivespe\n|\n|-heal|p1a: Goodra|94\/100|[from] item: Leftovers\n|upkeep\n|turn|3\n|\n|t:|1700920105\n|switch|p1a: Wyrdeer|Wyrdeer, M|32\/100\n|-ability|p1a: Wyrdeer|Intimidate|boost\n|-unboost|p2a: Iron Valiant|atk|1\n|move|p2a: Iron Valiant|Aura Sphere|p1a: Wyrdeer\n|-damage|p1a: Wyrdeer|0 fnt\n|faint|p1a: Wyrdeer\n|\n|upkeep\n|\n|t:|1700920119\n|switch|p1a: Leavanny|Leavanny, F|100\/100\n|turn|4\n|\n|t:|1700920124\n|-end|p2a: Iron Valiant|Quark Drive|[silent]\n|switch|p2a: Iron Jugulis|Iron Jugulis|100\/100\n|-activate|p2a: Iron Jugulis|ability: Quark Drive\n|-start|p2a: Iron Jugulis|quarkdrivespe\n|move|p1a: Leavanny|Leaf Blade|p2a: Iron Jugulis\n|-resisted|p2a: Iron Jugulis\n|-damage|p2a: Iron Jugulis|77\/100\n|\n|upkeep\n|turn|5\n|\n|t:|1700920135\n|switch|p1a: Goodra|Goodra-Hisui, M|94\/100\n|move|p2a: Iron Jugulis|Heat Wave|p1a: Goodra\n|-damage|p1a: Goodra|71\/100\n|\n|-heal|p1a: Goodra|77\/100|[from] item: Leftovers\n|upkeep\n|turn|6\n|\n|t:|1700920145\n|move|p2a: Iron Jugulis|Earth Power|p1a: Goodra\n|-supereffective|p1a: Goodra\n|-damage|p1a: Goodra|36\/100\n|move|p1a: Goodra|Flash Cannon|p2a: Iron Jugulis\n|-damage|p2a: Iron Jugulis|31\/100\n|\n|-heal|p1a: Goodra|42\/100|[from] item: Leftovers\n|upkeep\n|turn|7\n|\n|t:|1700920162\n|switch|p1a: Floatzel|Floatzel, M|100\/100\n|move|p2a: Iron Jugulis|Earth Power|p1a: Floatzel\n|-damage|p1a: Floatzel|41\/100\n|\n|upkeep\n|turn|8\n|\n|t:|1700920170\n|move|p1a: Floatzel|Aqua Jet|p2a: Iron Jugulis\n|-damage|p2a: Iron Jugulis|3\/100\n|-damage|p1a: Floatzel|31\/100|[from] item: Life Orb\n|move|p2a: Iron Jugulis|Dark Pulse|p1a: Floatzel\n|-damage|p1a: Floatzel|0 fnt\n|faint|p1a: Floatzel\n|\n|-fieldend|move: Electric Terrain\n|-end|p2a: Iron Jugulis|Quark Drive\n|upkeep\n|\n|t:|1700920176\n|switch|p1a: Leavanny|Leavanny, F|100\/100\n|turn|9\n|\n|t:|1700920182\n|move|p2a: Iron Jugulis|Heat Wave|p1a: Leavanny\n|-supereffective|p1a: Leavanny\n|-enditem|p1a: Leavanny|Focus Sash\n|-damage|p1a: Leavanny|1\/100\n|move|p1a: Leavanny|Knock Off|p2a: Iron Jugulis\n|-resisted|p2a: Iron Jugulis\n|-damage|p2a: Iron Jugulis|0 fnt\n|-enditem|p2a: Iron Jugulis|Heavy-Duty Boots|[from] move: Knock Off|[of] p1a: Leavanny\n|faint|p2a: Iron Jugulis\n|-end|p2a: Iron Jugulis|Quark Drive|[silent]\n|\n|upkeep\n|\n|t:|1700920190\n|switch|p2a: Tapu Koko|Tapu Koko|25\/100\n|-fieldstart|move: Electric Terrain|[from] ability: Electric Surge|[of] p2a: Tapu Koko\n|turn|10\n|\n|t:|1700920196\n|move|p2a: Tapu Koko|Volt Switch|p1a: Leavanny\n|-resisted|p1a: Leavanny\n|-damage|p1a: Leavanny|0 fnt\n|faint|p1a: Leavanny\n|\n|t:|1700920198\n|switch|p2a: Boltund|Boltund, M|100\/100|[from] Volt Switch\n|\n|upkeep\n|\n|t:|1700920203\n|switch|p1a: Avalugg|Avalugg, M|100\/100\n|turn|11\n|\n|t:|1700920212\n|switch|p2a: Corviknight|Corviknight, M|100\/100\n|move|p1a: Avalugg|Curse|p1a: Avalugg\n|-unboost|p1a: Avalugg|spe|1\n|-boost|p1a: Avalugg|atk|1\n|-boost|p1a: Avalugg|def|1\n|\n|upkeep\n|turn|12\n|\n|t:|1700920221\n|-terastallize|p1a: Avalugg|Fighting\n|move|p2a: Corviknight|Iron Defense|p2a: Corviknight\n|-boost|p2a: Corviknight|def|2\n|move|p1a: Avalugg|Curse|p1a: Avalugg\n|-unboost|p1a: Avalugg|spe|1\n|-boost|p1a: Avalugg|atk|1\n|-boost|p1a: Avalugg|def|1\n|\n|upkeep\n|turn|13\n|\n|t:|1700920228\n|move|p2a: Corviknight|Iron Defense|p2a: Corviknight\n|-boost|p2a: Corviknight|def|2\n|move|p1a: Avalugg|Curse|p1a: Avalugg\n|-unboost|p1a: Avalugg|spe|1\n|-boost|p1a: Avalugg|atk|1\n|-boost|p1a: Avalugg|def|1\n|\n|upkeep\n|turn|14\n|\n|t:|1700920230\n|move|p2a: Corviknight|Iron Defense|p2a: Corviknight\n|-boost|p2a: Corviknight|def|2\n|move|p1a: Avalugg|Curse|p1a: Avalugg\n|-unboost|p1a: Avalugg|spe|1\n|-boost|p1a: Avalugg|atk|1\n|-boost|p1a: Avalugg|def|1\n|\n|upkeep\n|turn|15\n|\n|t:|1700920236\n|move|p2a: Corviknight|Body Press|p1a: Avalugg\n|-damage|p1a: Avalugg|82\/100\n|-damage|p2a: Corviknight|84\/100|[from] item: Rocky Helmet|[of] p1a: Avalugg\n|move|p1a: Avalugg|Curse|p1a: Avalugg\n|-unboost|p1a: Avalugg|spe|1\n|-boost|p1a: Avalugg|atk|1\n|-boost|p1a: Avalugg|def|1\n|\n|upkeep\n|turn|16\n|\n|t:|1700920240\n|move|p2a: Corviknight|U-turn|p1a: Avalugg\n|-resisted|p1a: Avalugg\n|-damage|p1a: Avalugg|81\/100\n|-damage|p2a: Corviknight|68\/100|[from] item: Rocky Helmet|[of] p1a: Avalugg\n|\n|t:|1700920242\n|switch|p2a: Iron Valiant|Iron Valiant|100\/100|[from] U-turn\n|-activate|p2a: Iron Valiant|ability: Quark Drive\n|-start|p2a: Iron Valiant|quarkdrivespe\n|move|p1a: Avalugg|Body Press|p2a: Iron Valiant\n|-resisted|p2a: Iron Valiant\n|-damage|p2a: Iron Valiant|0 fnt\n|faint|p2a: Iron Valiant\n|-end|p2a: Iron Valiant|Quark Drive|[silent]\n|\n|upkeep\n|\n|t:|1700920245\n|switch|p2a: Tapu Koko|Tapu Koko|25\/100\n|turn|17\n|\n|t:|1700920256\n|move|p2a: Tapu Koko|Nature's Madness|p1a: Avalugg|[miss]\n|-miss|p2a: Tapu Koko|p1a: Avalugg\n|move|p1a: Avalugg|Earthquake|p2a: Tapu Koko\n|-supereffective|p2a: Tapu Koko\n|-damage|p2a: Tapu Koko|0 fnt\n|faint|p2a: Tapu Koko\n|\n|-fieldend|move: Electric Terrain\n|upkeep\n|\n|t:|1700920264\n|switch|p2a: Manectric|Manectric, M|100\/100\n|turn|18\n|\n|t:|1700920269\n|detailschange|p2a: Manectric|Manectric-Mega, M\n|-mega|p2a: Manectric|Manectric|Manectite\n|-ability|p2a: Manectric|Intimidate|boost\n|-unboost|p1a: Avalugg|atk|1\n|move|p2a: Manectric|Thunderbolt|p1a: Avalugg\n|-damage|p1a: Avalugg|10\/100\n|move|p1a: Avalugg|Earthquake|p2a: Manectric\n|-supereffective|p2a: Manectric\n|-damage|p2a: Manectric|0 fnt\n|faint|p2a: Manectric\n|\n|upkeep\n|\n|t:|1700920280\n|switch|p2a: Boltund|Boltund, M|100\/100\n|turn|19\n|\n|t:|1700920289\n|-terastallize|p2a: Boltund|Electric\n|move|p2a: Boltund|Thunder Fang|p1a: Avalugg\n|-damage|p1a: Avalugg|0 fnt\n|-damage|p2a: Boltund|84\/100|[from] item: Rocky Helmet|[of] p1a: Avalugg\n|faint|p1a: Avalugg\n|\n|upkeep\n|\n|t:|1700920293\n|switch|p1a: Goodra|Goodra-Hisui, M|42\/100\n|turn|20\n|\n|t:|1700920299\n|switch|p2a: Corviknight|Corviknight, M|68\/100\n|move|p1a: Goodra|Dragon Pulse|p2a: Corviknight\n|-resisted|p2a: Corviknight\n|-damage|p2a: Corviknight|46\/100\n|\n|-heal|p1a: Goodra|48\/100|[from] item: Leftovers\n|upkeep\n|turn|21\n|\n|t:|1700920302\n|switch|p1a: Togekiss|Togekiss, M|100\/100\n|move|p2a: Corviknight|Body Press|p1a: Togekiss\n|-resisted|p1a: Togekiss\n|-damage|p1a: Togekiss|93\/100\n|\n|-heal|p1a: Togekiss|99\/100|[from] item: Leftovers\n|upkeep\n|turn|22\n|\n|t:|1700920319\n|move|p1a: Togekiss|Dazzling Gleam|p2a: Corviknight\n|-resisted|p2a: Corviknight\n|-damage|p2a: Corviknight|29\/100\n|move|p2a: Corviknight|Roost|p2a: Corviknight\n|-heal|p2a: Corviknight|79\/100\n|-singleturn|p2a: Corviknight|move: Roost\n|\n|-heal|p1a: Togekiss|100\/100|[from] item: Leftovers\n|upkeep\n|turn|23\n|\n|t:|1700920323\n|move|p1a: Togekiss|Thunder Wave|p2a: Corviknight|[miss]\n|-miss|p1a: Togekiss|p2a: Corviknight\n|move|p2a: Corviknight|U-turn|p1a: Togekiss\n|-resisted|p1a: Togekiss\n|-damage|p1a: Togekiss|97\/100\n|\n|t:|1700920326\n|switch|p2a: Boltund|Boltund, M, tera:Electric|84\/100|[from] U-turn\n|\n|-heal|p1a: Togekiss|100\/100|[from] item: Leftovers\n|upkeep\n|turn|24\n|\n|t:|1700920330\n|switch|p1a: Goodra|Goodra-Hisui, M|48\/100\n|move|p2a: Boltund|Thunder Fang|p1a: Goodra\n|-resisted|p1a: Goodra\n|-damage|p1a: Goodra|14\/100\n|-ability|p1a: Goodra|Gooey\n|-unboost|p2a: Boltund|spe|1\n|\n|-heal|p1a: Goodra|20\/100|[from] item: Leftovers\n|upkeep\n|turn|25\n|\n|t:|1700920333\n|move|p2a: Boltund|Thunder Fang|p1a: Goodra\n|-resisted|p1a: Goodra\n|-damage|p1a: Goodra|0 fnt\n|-ability|p1a: Goodra|Gooey\n|-unboost|p2a: Boltund|spe|1\n|faint|p1a: Goodra\n|\n|upkeep\n|\n|t:|1700920336\n|switch|p1a: Togekiss|Togekiss, M|100\/100\n|turn|26\n|\n|t:|1700920338\n|switch|p2a: Corviknight|Corviknight, M|79\/100\n|move|p1a: Togekiss|Air Slash|p2a: Corviknight\n|-resisted|p2a: Corviknight\n|-damage|p2a: Corviknight|62\/100\n|\n|upkeep\n|turn|27\n|\n|t:|1700920346\n|move|p1a: Togekiss|Thunder Wave|p2a: Corviknight\n|-status|p2a: Corviknight|par\n|move|p2a: Corviknight|U-turn|p1a: Togekiss\n|-resisted|p1a: Togekiss\n|-damage|p1a: Togekiss|97\/100\n|\n|t:|1700920348\n|switch|p2a: Boltund|Boltund, M, tera:Electric|84\/100|[from] U-turn\n|\n|-heal|p1a: Togekiss|100\/100|[from] item: Leftovers\n|upkeep\n|turn|28\n|inactive|SrPorquet has 120 seconds left.\n|inactive|SrPorquet has 90 seconds left.\n|c|\u2606Gagaggagagagaga|Make a move :)\n|inactive|SrPorquet has 60 seconds left.\n|c|\u2606Gagaggagagagaga|Is bro really stalling?\n|inactive|SrPorquet has 30 seconds left.\n|c|\u2606Gagaggagagagaga|das sad\n|inactive|SrPorquet has 20 seconds left.\n|inactive|SrPorquet has 15 seconds left.\n|inactive|SrPorquet has 10 seconds left.\n|inactive|SrPorquet has 5 seconds left.\n|-message|SrPorquet lost due to inactivity.\n|\n|win|Gagaggagagagaga\n|raw|SrPorquet's rating: 1204 &rarr; <strong>1181<\/strong><br \/>(-23 for losing)\n|raw|Gagaggagagagaga's rating: 1232 &rarr; <strong>1255<\/strong><br \/>(+23 for winning)\n|c|\u2606Gagaggagagagaga|Gg ez\n|l|\u2606Gagaggagagagaga\n|l|\u203dSrPorquet\n|j|\u203dSrPorquet\n|player|p1|SrPorquet|falkner\n|n|\u203dSrPorquet|srporquet\n|n|\u203dSrPorquet|srporquet\n|n|\u203dSrPorquet|srporquet\n","uploadtime":1700920686,"views":2,"p1id":"srporquet","p2id":"gagaggagagagaga","formatid":"gen9nationaldex","rating":1181,"private":0,"password":""}