{"id":"gen9nationaldex-1995343051","p1":"NDSNEZ GoYou","p2":"snivy ye \u53f6\u86c7","format":"[Gen 9] National Dex","log":"|html|<div class=\"broadcast-blue\"><strong>[Gen 9] National Dex is currently suspecting Sneasler! For information on how to participate check out the <a href=\"https:\/\/www.smogon.com\/forums\/threads\/sv-national-dex-suspect-8-just-dance.3731534\/\">suspect thread<\/a>.<\/strong><\/div>\n|j|\u2606NDSNEZ GoYou\n|j|\u2606snivy ye \u53f6\u86c7\n|t:|1700556938\n|gametype|singles\n|player|p1|NDSNEZ GoYou|bea|1658\n|player|p2|snivy ye \u53f6\u86c7|winona|1830\n|teamsize|p1|6\n|teamsize|p2|6\n|gen|9\n|tier|[Gen 9] National Dex\n|rated|\n|rule|HP Percentage Mod: HP is shown in percentages\n|rule|Endless Battle Clause: Forcing endless battles is banned\n|rule|OHKO Clause: OHKO moves are banned\n|rule|Evasion Clause: Evasion abilities, items, and moves are banned\n|rule|Evasion Abilities Clause: Evasion abilities are banned\n|rule|Evasion Items Clause: Evasion items are banned\n|rule|Evasion Moves Clause: Evasion moves are banned\n|rule|Species Clause: Limit one of each Pok\u00e9mon\n|rule|Sleep Clause Mod: Limit one foe put to sleep\n|clearpoke\n|poke|p1|Tapu Lele|\n|poke|p1|Ogerpon-Wellspring, F|\n|poke|p1|Sneasler, F|\n|poke|p1|Garchomp, F|\n|poke|p1|Aegislash, F|\n|poke|p1|Zapdos|\n|poke|p2|Slowbro, F|\n|poke|p2|Landorus-Therian, M|\n|poke|p2|Arcanine-Hisui, M|\n|poke|p2|Corviknight, F|\n|poke|p2|Tapu Koko|\n|poke|p2|Tyranitar, F|\n|teampreview\n|c|\u2606NDSNEZ GoYou|gl hf\n|inactive|Battle timer is ON: inactive players will automatically lose when time's up. (requested by NDSNEZ GoYou)\n|inactive|snivy ye \u53f6\u86c7 also wants the timer to be on.\n|\n|t:|1700556957\n|start\n|switch|p1a: Garchomp|Garchomp, F|100\/100\n|switch|p2a: \u81ea\u7531\u53c8\u6b66\u65ad|Slowbro, F|100\/100\n|turn|1\n|\n|t:|1700556963\n|move|p1a: Garchomp|Stealth Rock|p2a: \u81ea\u7531\u53c8\u6b66\u65ad\n|-sidestart|p2: snivy ye \u53f6\u86c7|move: Stealth Rock\n|move|p2a: \u81ea\u7531\u53c8\u6b66\u65ad|Psychic|p1a: Garchomp\n|-damage|p1a: Garchomp|30\/100\n|\n|upkeep\n|turn|2\n|\n|t:|1700556967\n|-zpower|p1a: Garchomp\n|move|p1a: Garchomp|Devastating Drake|p2a: \u81ea\u7531\u53c8\u6b66\u65ad|[zeffect]\n|-damage|p2a: \u81ea\u7531\u53c8\u6b66\u65ad|28\/100\n|move|p2a: \u81ea\u7531\u53c8\u6b66\u65ad|Psychic|p1a: Garchomp\n|-damage|p1a: Garchomp|0 fnt\n|faint|p1a: Garchomp\n|\n|upkeep\n|\n|t:|1700556970\n|switch|p1a: Zapdos|Zapdos|100\/100\n|turn|3\n|\n|t:|1700556977\n|switch|p2a: \u66b4\u529b\u4e0d\u662f\u76ee\u7684|Landorus-Therian, M|100\/100\n|-damage|p2a: \u66b4\u529b\u4e0d\u662f\u76ee\u7684|88\/100|[from] Stealth Rock\n|-ability|p2a: \u66b4\u529b\u4e0d\u662f\u76ee\u7684|Intimidate|boost\n|-unboost|p1a: Zapdos|atk|1\n|move|p1a: Zapdos|Volt Switch|p2a: \u66b4\u529b\u4e0d\u662f\u76ee\u7684\n|-immune|p2a: \u66b4\u529b\u4e0d\u662f\u76ee\u7684\n|\n|upkeep\n|turn|4\n|\n|t:|1700556986\n|switch|p2a: \u6b66\u529b\u7684\u624b\u6bb5|Tyranitar, F|100\/100\n|-damage|p2a: \u6b66\u529b\u7684\u624b\u6bb5|88\/100|[from] Stealth Rock\n|-weather|Sandstorm|[from] ability: Sand Stream|[of] p2a: \u6b66\u529b\u7684\u624b\u6bb5\n|switch|p1a: Ogerpon|Ogerpon-Wellspring, F|100\/100\n|\n|-weather|Sandstorm|[upkeep]\n|-damage|p1a: Ogerpon|95\/100|[from] Sandstorm\n|upkeep\n|turn|5\n|c|\u2606NDSNEZ GoYou|\u8001\u54e5\u8fd9\u540d\u5b57\n|\n|t:|1700557007\n|switch|p2a: \u66b4\u529b\u4e0d\u662f\u76ee\u7684|Landorus-Therian, M|88\/100\n|-damage|p2a: \u66b4\u529b\u4e0d\u662f\u76ee\u7684|76\/100|[from] Stealth Rock\n|-ability|p2a: \u66b4\u529b\u4e0d\u662f\u76ee\u7684|Intimidate|boost\n|-unboost|p1a: Ogerpon|atk|1\n|move|p1a: Ogerpon|Trailblaze|p2a: \u66b4\u529b\u4e0d\u662f\u76ee\u7684\n|-damage|p2a: \u66b4\u529b\u4e0d\u662f\u76ee\u7684|60\/100\n|-boost|p1a: Ogerpon|spe|1\n|-damage|p1a: Ogerpon|78\/100|[from] item: Rocky Helmet|[of] p2a: \u66b4\u529b\u4e0d\u662f\u76ee\u7684\n|\n|-weather|Sandstorm|[upkeep]\n|-damage|p1a: Ogerpon|72\/100|[from] Sandstorm\n|upkeep\n|turn|6\n|j| MrArgentavis\n|\n|t:|1700557020\n|switch|p2a: \u6700\u540e\u7684\u9632\u7ebf|Corviknight, F|100\/100\n|-damage|p2a: \u6700\u540e\u7684\u9632\u7ebf|88\/100|[from] Stealth Rock\n|move|p1a: Ogerpon|Ivy Cudgel|p2a: \u6700\u540e\u7684\u9632\u7ebf|[anim] Ivy Cudgel Water\n|-damage|p2a: \u6700\u540e\u7684\u9632\u7ebf|64\/100\n|\n|-weather|Sandstorm|[upkeep]\n|-damage|p1a: Ogerpon|66\/100|[from] Sandstorm\n|upkeep\n|turn|7\n|\n|t:|1700557030\n|-terastallize|p1a: Ogerpon|Water\n|detailschange|p1a: Ogerpon|Ogerpon-Wellspring-Tera, F, tera:Water\n|-ability|p1a: Ogerpon|Embody Aspect (Wellspring)|boost\n|-boost|p1a: Ogerpon|spd|1\n|move|p1a: Ogerpon|Swords Dance|p1a: Ogerpon\n|-boost|p1a: Ogerpon|atk|2\n|move|p2a: \u6700\u540e\u7684\u9632\u7ebf|Iron Defense|p2a: \u6700\u540e\u7684\u9632\u7ebf\n|-boost|p2a: \u6700\u540e\u7684\u9632\u7ebf|def|2\n|\n|-weather|Sandstorm|[upkeep]\n|-damage|p1a: Ogerpon|60\/100|[from] Sandstorm\n|upkeep\n|turn|8\n|\n|t:|1700557041\n|move|p1a: Ogerpon|Ivy Cudgel|p2a: \u6700\u540e\u7684\u9632\u7ebf|[anim] Ivy Cudgel Water\n|-damage|p2a: \u6700\u540e\u7684\u9632\u7ebf|26\/100\n|move|p2a: \u6700\u540e\u7684\u9632\u7ebf|Roost|p2a: \u6700\u540e\u7684\u9632\u7ebf\n|-heal|p2a: \u6700\u540e\u7684\u9632\u7ebf|76\/100\n|-singleturn|p2a: \u6700\u540e\u7684\u9632\u7ebf|move: Roost\n|\n|-weather|none\n|upkeep\n|turn|9\n|\n|t:|1700557048\n|move|p1a: Ogerpon|Swords Dance|p1a: Ogerpon\n|-boost|p1a: Ogerpon|atk|2\n|move|p2a: \u6700\u540e\u7684\u9632\u7ebf|Body Press|p1a: Ogerpon\n|-damage|p1a: Ogerpon|0 fnt\n|faint|p1a: Ogerpon\n|\n|upkeep\n|\n|t:|1700557052\n|switch|p1a: Zapdos|Zapdos|100\/100\n|turn|10\n|c|\u2606snivy ye \u53f6\u86c7|\u600e\u4e48\u4e86\n|\n|t:|1700557058\n|switch|p2a: \u66b4\u529b\u4e0d\u662f\u76ee\u7684|Landorus-Therian, M|60\/100\n|-damage|p2a: \u66b4\u529b\u4e0d\u662f\u76ee\u7684|48\/100|[from] Stealth Rock\n|-ability|p2a: \u66b4\u529b\u4e0d\u662f\u76ee\u7684|Intimidate|boost\n|-unboost|p1a: Zapdos|atk|1\n|move|p1a: Zapdos|Heat Wave|p2a: \u66b4\u529b\u4e0d\u662f\u76ee\u7684\n|-damage|p2a: \u66b4\u529b\u4e0d\u662f\u76ee\u7684|16\/100\n|\n|upkeep\n|turn|11\n|\n|t:|1700557066\n|move|p2a: \u66b4\u529b\u4e0d\u662f\u76ee\u7684|Stealth Rock|p1a: Zapdos\n|-sidestart|p1: NDSNEZ GoYou|move: Stealth Rock\n|move|p1a: Zapdos|Heat Wave|p2a: \u66b4\u529b\u4e0d\u662f\u76ee\u7684|[miss]\n|-miss|p1a: Zapdos|p2a: \u66b4\u529b\u4e0d\u662f\u76ee\u7684\n|\n|upkeep\n|turn|12\n|\n|t:|1700557073\n|switch|p2a: \u6b66\u529b\u7684\u624b\u6bb5|Tyranitar, F|88\/100\n|-damage|p2a: \u6b66\u529b\u7684\u624b\u6bb5|76\/100|[from] Stealth Rock\n|-weather|Sandstorm|[from] ability: Sand Stream|[of] p2a: \u6b66\u529b\u7684\u624b\u6bb5\n|move|p1a: Zapdos|Heat Wave|p2a: \u6b66\u529b\u7684\u624b\u6bb5\n|-resisted|p2a: \u6b66\u529b\u7684\u624b\u6bb5\n|-crit|p2a: \u6b66\u529b\u7684\u624b\u6bb5\n|-damage|p2a: \u6b66\u529b\u7684\u624b\u6bb5|62\/100\n|\n|-weather|Sandstorm|[upkeep]\n|-damage|p1a: Zapdos|94\/100|[from] Sandstorm\n|upkeep\n|turn|13\n|\n|t:|1700557084\n|detailschange|p2a: \u6b66\u529b\u7684\u624b\u6bb5|Tyranitar-Mega, F\n|-mega|p2a: \u6b66\u529b\u7684\u624b\u6bb5|Tyranitar|Tyranitarite\n|move|p2a: \u6b66\u529b\u7684\u624b\u6bb5|Stone Edge|p1a: Zapdos\n|-supereffective|p1a: Zapdos\n|-damage|p1a: Zapdos|2\/100\n|move|p1a: Zapdos|Heat Wave|p2a: \u6b66\u529b\u7684\u624b\u6bb5\n|-resisted|p2a: \u6b66\u529b\u7684\u624b\u6bb5\n|-damage|p2a: \u6b66\u529b\u7684\u624b\u6bb5|54\/100\n|\n|-weather|Sandstorm|[upkeep]\n|-damage|p1a: Zapdos|0 fnt|[from] Sandstorm\n|faint|p1a: Zapdos\n|upkeep\n|\n|t:|1700557089\n|switch|p1a: Sneasler|Sneasler, F|100\/100\n|-damage|p1a: Sneasler|95\/100|[from] Stealth Rock\n|turn|14\n|\n|t:|1700557098\n|switch|p2a: \u66b4\u529b\u4e0d\u662f\u76ee\u7684|Landorus-Therian, M|16\/100\n|-damage|p2a: \u66b4\u529b\u4e0d\u662f\u76ee\u7684|4\/100|[from] Stealth Rock\n|-ability|p2a: \u66b4\u529b\u4e0d\u662f\u76ee\u7684|Intimidate|boost\n|-unboost|p1a: Sneasler|atk|1\n|move|p1a: Sneasler|Close Combat|p2a: \u66b4\u529b\u4e0d\u662f\u76ee\u7684\n|-resisted|p2a: \u66b4\u529b\u4e0d\u662f\u76ee\u7684\n|-damage|p2a: \u66b4\u529b\u4e0d\u662f\u76ee\u7684|0 fnt\n|-unboost|p1a: Sneasler|def|1\n|-unboost|p1a: Sneasler|spd|1\n|-damage|p1a: Sneasler|78\/100|[from] item: Rocky Helmet|[of] p2a: \u66b4\u529b\u4e0d\u662f\u76ee\u7684\n|faint|p2a: \u66b4\u529b\u4e0d\u662f\u76ee\u7684\n|\n|-weather|Sandstorm|[upkeep]\n|-damage|p1a: Sneasler|72\/100|[from] Sandstorm\n|upkeep\n|\n|t:|1700557111\n|switch|p2a: \u901f\u5ea6\u5728\u4f60\u4e4b\u4e0a|Tapu Koko|100\/100\n|-damage|p2a: \u901f\u5ea6\u5728\u4f60\u4e4b\u4e0a|88\/100|[from] Stealth Rock\n|-fieldstart|move: Electric Terrain|[from] ability: Electric Surge|[of] p2a: \u901f\u5ea6\u5728\u4f60\u4e4b\u4e0a\n|turn|15\n|\n|t:|1700557119\n|switch|p1a: Aegislash|Aegislash, F, shiny|100\/100\n|-damage|p1a: Aegislash|94\/100|[from] Stealth Rock\n|-zpower|p2a: \u901f\u5ea6\u5728\u4f60\u4e4b\u4e0a\n|move|p2a: \u901f\u5ea6\u5728\u4f60\u4e4b\u4e0a|Gigavolt Havoc|p1a: Aegislash|[zeffect]\n|-damage|p1a: Aegislash|36\/100\n|\n|-weather|Sandstorm|[upkeep]\n|-damage|p2a: \u901f\u5ea6\u5728\u4f60\u4e4b\u4e0a|82\/100|[from] Sandstorm\n|-heal|p1a: Aegislash|42\/100|[from] item: Leftovers\n|upkeep\n|turn|16\n|\n|t:|1700557133\n|switch|p2a: \u6b66\u529b\u7684\u624b\u6bb5|Tyranitar-Mega, F|54\/100\n|-damage|p2a: \u6b66\u529b\u7684\u624b\u6bb5|41\/100|[from] Stealth Rock\n|move|p1a: Aegislash|King's Shield||[still]\n|-fail|p1a: Aegislash\n|\n|-weather|none\n|-heal|p1a: Aegislash|48\/100|[from] item: Leftovers\n|upkeep\n|turn|17\n|\n|t:|1700557141\n|move|p2a: \u6b66\u529b\u7684\u624b\u6bb5|Dragon Dance|p2a: \u6b66\u529b\u7684\u624b\u6bb5\n|-boost|p2a: \u6b66\u529b\u7684\u624b\u6bb5|atk|1\n|-boost|p2a: \u6b66\u529b\u7684\u624b\u6bb5|spe|1\n|-formechange|p1a: Aegislash|Aegislash-Blade||[from] ability: Stance Change\n|move|p1a: Aegislash|Shadow Ball|p2a: \u6b66\u529b\u7684\u624b\u6bb5\n|-resisted|p2a: \u6b66\u529b\u7684\u624b\u6bb5\n|-damage|p2a: \u6b66\u529b\u7684\u624b\u6bb5|26\/100\n|\n|-heal|p1a: Aegislash|55\/100|[from] item: Leftovers\n|upkeep\n|turn|18\n|\n|t:|1700557150\n|move|p2a: \u6b66\u529b\u7684\u624b\u6bb5|Pursuit|p1a: Aegislash\n|-supereffective|p1a: Aegislash\n|-damage|p1a: Aegislash|0 fnt\n|faint|p1a: Aegislash\n|\n|upkeep\n|\n|t:|1700557153\n|switch|p1a: Tapu Lele|Tapu Lele|100\/100\n|-damage|p1a: Tapu Lele|88\/100|[from] Stealth Rock\n|-fieldstart|move: Psychic Terrain|[from] ability: Psychic Surge|[of] p1a: Tapu Lele\n|turn|19\n|\n|t:|1700557159\n|move|p2a: \u6b66\u529b\u7684\u624b\u6bb5|Knock Off|p1a: Tapu Lele\n|-damage|p1a: Tapu Lele|0 fnt\n|-enditem|p1a: Tapu Lele|Metronome|[from] move: Knock Off|[of] p2a: \u6b66\u529b\u7684\u624b\u6bb5\n|faint|p1a: Tapu Lele\n|\n|upkeep\n|\n|t:|1700557162\n|switch|p1a: Sneasler|Sneasler, F|72\/100\n|-damage|p1a: Sneasler|66\/100|[from] Stealth Rock\n|-enditem|p1a: Sneasler|Psychic Seed\n|-boost|p1a: Sneasler|spd|1|[from] item: Psychic Seed\n|turn|20\n|j| yanami-sleep\n|\n|t:|1700557168\n|move|p1a: Sneasler|Swords Dance|p1a: Sneasler\n|-boost|p1a: Sneasler|atk|2\n|move|p2a: \u6b66\u529b\u7684\u624b\u6bb5|Stone Edge|p1a: Sneasler\n|-resisted|p1a: Sneasler\n|-damage|p1a: Sneasler|0 fnt\n|faint|p1a: Sneasler\n|\n|win|snivy ye \u53f6\u86c7\n|raw|NDSNEZ GoYou's rating: 1658 &rarr; <strong>1647<\/strong><br \/>(-11 for losing)\n|raw|snivy ye \u53f6\u86c7's rating: 1830 &rarr; <strong>1841<\/strong><br \/>(+11 for winning)\n|c|\u2606NDSNEZ GoYou|gg\n|l|\u2606NDSNEZ GoYou\n|l|\u2606snivy ye \u53f6\u86c7\n","uploadtime":1700557193,"views":4,"p1id":"ndsnezgoyou","p2id":"snivyye","formatid":"gen9nationaldex","rating":1647,"private":0,"password":""}