{"id":"gen9nationaldex-1992543565","p1":"Bekie","p2":"hackilla15","format":"[Gen 9] National Dex","log":"|j|\u2606Bekie\n|j|\u2606hackilla15\n|t:|1700202799\n|gametype|singles\n|player|p1|Bekie|102|1285\n|player|p2|hackilla15|ethan|1301\n|teamsize|p1|6\n|teamsize|p2|6\n|gen|9\n|tier|[Gen 9] National Dex\n|rated|\n|rule|HP Percentage Mod: HP is shown in percentages\n|rule|Endless Battle Clause: Forcing endless battles is banned\n|rule|OHKO Clause: OHKO moves are banned\n|rule|Evasion Clause: Evasion abilities, items, and moves are banned\n|rule|Evasion Abilities Clause: Evasion abilities are banned\n|rule|Evasion Items Clause: Evasion items are banned\n|rule|Evasion Moves Clause: Evasion moves are banned\n|rule|Species Clause: Limit one of each Pok\u00e9mon\n|rule|Sleep Clause Mod: Limit one foe put to sleep\n|clearpoke\n|poke|p1|Lopunny, M|\n|poke|p1|Cinderace, M|\n|poke|p1|Glimmora, M|\n|poke|p1|Empoleon, F|\n|poke|p1|Landorus-Therian, M|\n|poke|p1|Iron Valiant|\n|poke|p2|Zoroark-Hisui, F|\n|poke|p2|Venusaur, F|\n|poke|p2|Ceruledge, M|\n|poke|p2|Muk-Alola, F|\n|poke|p2|Corviknight, M|\n|poke|p2|Dragonite, M|\n|teampreview\n|\n|t:|1700202816\n|start\n|switch|p1a: Cinderace|Cinderace, M, shiny|100\/100\n|switch|p2a: M.J. Watson|Venusaur, F, shiny|100\/100\n|turn|1\n|\n|t:|1700202823\n|detailschange|p2a: M.J. Watson|Venusaur-Mega, F, shiny\n|-mega|p2a: M.J. Watson|Venusaur|Venusaurite\n|move|p1a: Cinderace|Pyro Ball|p2a: M.J. Watson\n|-supereffective|p2a: M.J. Watson\n|-damage|p2a: M.J. Watson|58\/100\n|move|p2a: M.J. Watson|Earth Power|p1a: Cinderace\n|-supereffective|p1a: Cinderace\n|-damage|p1a: Cinderace|17\/100\n|\n|-heal|p1a: Cinderace|23\/100|[from] item: Leftovers\n|upkeep\n|turn|2\n|\n|t:|1700202836\n|move|p1a: Cinderace|Pyro Ball|p2a: M.J. Watson\n|-supereffective|p2a: M.J. Watson\n|-damage|p2a: M.J. Watson|19\/100\n|move|p2a: M.J. Watson|Giga Drain|p1a: Cinderace\n|-resisted|p1a: Cinderace\n|-damage|p1a: Cinderace|0 fnt\n|-heal|p2a: M.J. Watson|29\/100|[from] drain|[of] p1a: Cinderace\n|faint|p1a: Cinderace\n|\n|upkeep\n|\n|t:|1700202849\n|switch|p1a: Lopunny|Lopunny, M, shiny|100\/100\n|turn|3\n|\n|t:|1700202853\n|switch|p2a: Moody Edge|Ceruledge, M, shiny|100\/100\n|detailschange|p1a: Lopunny|Lopunny-Mega, M, shiny\n|-mega|p1a: Lopunny|Lopunny|Lopunnite\n|move|p1a: Lopunny|Fake Out|p2a: Moody Edge\n|-damage|p2a: Moody Edge|68\/100\n|-ability|p2a: Moody Edge|Weak Armor|boost\n|-unboost|p2a: Moody Edge|def|1\n|-boost|p2a: Moody Edge|spe|2\n|\n|upkeep\n|turn|4\n|\n|t:|1700202863\n|-terastallize|p2a: Moody Edge|Fighting\n|move|p1a: Lopunny|Protect|p1a: Lopunny\n|-singleturn|p1a: Lopunny|Protect\n|move|p2a: Moody Edge|Close Combat|p1a: Lopunny\n|-activate|p1a: Lopunny|move: Protect\n|\n|upkeep\n|turn|5\n|\n|t:|1700202876\n|switch|p1a: Landorus|Landorus-Therian, M|100\/100\n|-ability|p1a: Landorus|Intimidate|boost\n|-unboost|p2a: Moody Edge|atk|1\n|move|p2a: Moody Edge|Close Combat|p1a: Landorus\n|-resisted|p1a: Landorus\n|-damage|p1a: Landorus|78\/100\n|-unboost|p2a: Moody Edge|def|1\n|-unboost|p2a: Moody Edge|spd|1\n|\n|upkeep\n|turn|6\n|\n|t:|1700202897\n|switch|p2a: BIG BERTHA|Muk-Alola, F|100\/100\n|move|p1a: Landorus|U-turn|p2a: BIG BERTHA\n|-damage|p2a: BIG BERTHA|77\/100\n|\n|t:|1700202910\n|switch|p1a: Lopunny|Lopunny-Mega, M, shiny|100\/100|[from] U-turn\n|\n|upkeep\n|turn|7\n|\n|t:|1700202916\n|switch|p2a: Moody Edge|Ceruledge, M, shiny, tera:Fighting|68\/100\n|move|p1a: Lopunny|Fake Out|p2a: Moody Edge\n|-crit|p2a: Moody Edge\n|-damage|p2a: Moody Edge|21\/100\n|-ability|p2a: Moody Edge|Weak Armor|boost\n|-unboost|p2a: Moody Edge|def|1\n|-boost|p2a: Moody Edge|spe|2\n|\n|upkeep\n|turn|8\n|\n|t:|1700202925\n|switch|p1a: Landorus|Landorus-Therian, M|78\/100\n|-ability|p1a: Landorus|Intimidate|boost\n|-unboost|p2a: Moody Edge|atk|1\n|move|p2a: Moody Edge|Swords Dance|p2a: Moody Edge\n|-boost|p2a: Moody Edge|atk|2\n|\n|upkeep\n|turn|9\n|\n|t:|1700202933\n|move|p2a: Moody Edge|Bitter Blade|p1a: Landorus\n|-damage|p1a: Landorus|0 fnt\n|-heal|p2a: Moody Edge|69\/100|[from] drain|[of] p1a: Landorus\n|faint|p1a: Landorus\n|\n|upkeep\n|\n|t:|1700202940\n|switch|p1a: Glimmora|Glimmora, M, shiny|100\/100\n|turn|10\n|\n|t:|1700202949\n|switch|p2a: M.J. Watson|Venusaur-Mega, F, shiny|29\/100\n|move|p1a: Glimmora|Mortal Spin|p2a: M.J. Watson\n|-damage|p2a: M.J. Watson|24\/100\n|\n|upkeep\n|turn|11\n|\n|t:|1700202961\n|move|p1a: Glimmora|Stealth Rock|p2a: M.J. Watson\n|-sidestart|p2: hackilla15|move: Stealth Rock\n|move|p2a: M.J. Watson|Earth Power|p1a: Glimmora\n|-supereffective|p1a: Glimmora\n|-enditem|p1a: Glimmora|Focus Sash\n|-damage|p1a: Glimmora|1\/100\n|\n|upkeep\n|turn|12\n|\n|t:|1700202972\n|move|p1a: Glimmora|Earth Power|p2a: M.J. Watson\n|-damage|p2a: M.J. Watson|2\/100\n|move|p2a: M.J. Watson|Sludge Bomb|p1a: Glimmora\n|-resisted|p1a: Glimmora\n|-damage|p1a: Glimmora|0 fnt\n|faint|p1a: Glimmora\n|\n|upkeep\n|\n|t:|1700202989\n|switch|p1a: Lopunny|Lopunny-Mega, M, shiny|100\/100\n|turn|13\n|\n|t:|1700202993\n|switch|p2a: Moody Edge|Ceruledge, M, shiny, tera:Fighting|69\/100\n|-damage|p2a: Moody Edge|63\/100|[from] Stealth Rock\n|move|p1a: Lopunny|Fake Out|p2a: Moody Edge\n|-damage|p2a: Moody Edge|32\/100\n|-ability|p2a: Moody Edge|Weak Armor|boost\n|-unboost|p2a: Moody Edge|def|1\n|-boost|p2a: Moody Edge|spe|2\n|\n|upkeep\n|turn|14\n|\n|t:|1700203006\n|move|p2a: Moody Edge|Close Combat|p1a: Lopunny\n|-supereffective|p1a: Lopunny\n|-damage|p1a: Lopunny|0 fnt\n|-unboost|p2a: Moody Edge|def|1\n|-unboost|p2a: Moody Edge|spd|1\n|faint|p1a: Lopunny\n|\n|upkeep\n|-message|Bekie forfeited.\n|\n|win|hackilla15\n|raw|Bekie's rating: 1285 &rarr; <strong>1261<\/strong><br \/>(-24 for losing)\n|raw|hackilla15's rating: 1301 &rarr; <strong>1320<\/strong><br \/>(+19 for winning)\n|l|\u2606Bekie\n","uploadtime":1700203032,"views":24,"p1id":"bekie","p2id":"hackilla15","formatid":"gen9nationaldex","rating":1261,"private":0,"password":""}