{"id":"gen9nationaldex-1997656365","p1":"rimm099._","p2":"sarahstevens2004","format":"[Gen 9] National Dex","log":"|html|<div class=\"broadcast-blue\"><strong>[Gen 9] National Dex is currently suspecting Sneasler! For information on how to participate check out the <a href=\"https:\/\/www.smogon.com\/forums\/threads\/sv-national-dex-suspect-8-just-dance.3731534\/\">suspect thread<\/a>.<\/strong><\/div>\n|j|\u2606rimm099._\n|j|\u2606sarahstevens2004\n|t:|1700838295\n|gametype|singles\n|player|p1|rimm099._|266|\n|player|p2|sarahstevens2004|falkner|\n|teamsize|p1|6\n|teamsize|p2|6\n|gen|9\n|tier|[Gen 9] National Dex\n|rule|HP Percentage Mod: HP is shown in percentages\n|rule|Endless Battle Clause: Forcing endless battles is banned\n|rule|OHKO Clause: OHKO moves are banned\n|rule|Evasion Clause: Evasion abilities, items, and moves are banned\n|rule|Evasion Abilities Clause: Evasion abilities are banned\n|rule|Evasion Items Clause: Evasion items are banned\n|rule|Evasion Moves Clause: Evasion moves are banned\n|rule|Species Clause: Limit one of each Pok\u00e9mon\n|rule|Sleep Clause Mod: Limit one foe put to sleep\n|clearpoke\n|poke|p1|Torkoal, F|\n|poke|p1|Iron Moth|\n|poke|p1|Great Tusk|\n|poke|p1|Charizard, M|\n|poke|p1|Whimsicott, F|\n|poke|p1|Blacephalon|\n|poke|p2|Ribombee, F|\n|poke|p2|Tapu Fini|\n|poke|p2|Zamazenta-*|\n|poke|p2|Sneasler, F|\n|poke|p2|Iron Valiant|\n|poke|p2|Scizor, M|\n|teampreview\n|c|\u2606sarahstevens2004|sorry about the wait\n|\n|t:|1700838315\n|start\n|switch|p1a: ninja turtle|Torkoal, F|100\/100\n|switch|p2a: Scizor|Scizor, M|100\/100\n|-weather|SunnyDay|[from] ability: Drought|[of] p1a: ninja turtle\n|turn|1\n|\n|t:|1700838337\n|detailschange|p2a: Scizor|Scizor-Mega, M\n|-mega|p2a: Scizor|Scizor|Scizorite\n|move|p2a: Scizor|Knock Off|p1a: ninja turtle\n|-damage|p1a: ninja turtle|78\/100\n|-enditem|p1a: ninja turtle|Heat Rock|[from] move: Knock Off|[of] p2a: Scizor\n|move|p1a: ninja turtle|Will-O-Wisp|p2a: Scizor|[miss]\n|-miss|p1a: ninja turtle|p2a: Scizor\n|\n|-weather|SunnyDay|[upkeep]\n|upkeep\n|turn|2\n|\n|t:|1700838345\n|switch|p2a: Tapu Fini|Tapu Fini, shiny|100\/100\n|-fieldstart|move: Misty Terrain|[from] ability: Misty Surge|[of] p2a: Tapu Fini\n|move|p1a: ninja turtle|Will-O-Wisp|p2a: Tapu Fini\n|-activate|p2a: Tapu Fini|move: Misty Terrain\n|\n|-weather|SunnyDay|[upkeep]\n|upkeep\n|turn|3\n|\n|t:|1700838358\n|switch|p1a: Whimsicott|Whimsicott, F, shiny|100\/100\n|move|p2a: Tapu Fini|Draining Kiss|p1a: Whimsicott\n|-damage|p1a: Whimsicott|69\/100\n|\n|-weather|SunnyDay|[upkeep]\n|upkeep\n|turn|4\n|\n|t:|1700838366\n|switch|p2a: Ribombee|Ribombee, F, shiny|100\/100\n|move|p1a: Whimsicott|Stun Spore|p2a: Ribombee\n|-activate|p2a: Ribombee|move: Misty Terrain\n|\n|-weather|SunnyDay|[upkeep]\n|upkeep\n|turn|5\n|\n|t:|1700838375\n|move|p1a: Whimsicott|Taunt|p2a: Ribombee\n|-start|p2a: Ribombee|move: Taunt\n|cant|p2a: Ribombee|move: Taunt|Sticky Web\n|\n|-weather|SunnyDay|[upkeep]\n|upkeep\n|turn|6\n|\n|t:|1700838379\n|switch|p2a: Sneasler|Sneasler, F|100\/100\n|-enditem|p2a: Sneasler|Misty Seed\n|-boost|p2a: Sneasler|spd|1|[from] item: Misty Seed\n|move|p1a: Whimsicott|Tailwind|p1a: Whimsicott\n|-sidestart|p1: rimm099._|move: Tailwind\n|\n|-weather|SunnyDay|[upkeep]\n|-fieldend|Misty Terrain\n|upkeep\n|turn|7\n|\n|t:|1700838387\n|-terastallize|p2a: Sneasler|Flying\n|move|p1a: Whimsicott|Stun Spore|p2a: Sneasler\n|-status|p2a: Sneasler|par\n|cant|p2a: Sneasler|par\n|\n|-weather|SunnyDay|[upkeep]\n|upkeep\n|turn|8\n|\n|t:|1700838394\n|move|p1a: Whimsicott|Moonblast|p2a: Sneasler\n|-damage|p2a: Sneasler|69\/100 par\n|-unboost|p2a: Sneasler|spa|1\n|move|p2a: Sneasler|Dire Claw|p1a: Whimsicott\n|-supereffective|p1a: Whimsicott\n|-damage|p1a: Whimsicott|0 fnt\n|faint|p1a: Whimsicott\n|\n|-weather|none\n|upkeep\n|\n|t:|1700838397\n|switch|p1a: ninja turtle|Torkoal, F|78\/100\n|-weather|SunnyDay|[from] ability: Drought|[of] p1a: ninja turtle\n|turn|9\n|\n|t:|1700838402\n|move|p2a: Sneasler|Acrobatics|p1a: ninja turtle\n|-damage|p1a: ninja turtle|39\/100\n|move|p1a: ninja turtle|Will-O-Wisp||[still]\n|-fail|p1a: ninja turtle\n|\n|-weather|SunnyDay|[upkeep]\n|-sideend|p1: rimm099._|move: Tailwind\n|upkeep\n|turn|10\n|c|\u2606rimm099._|im so dumb for that\n|c|\u2606sarahstevens2004|kibdna\n|c|\u2606rimm099._|mb im playing val rn too\n|\n|t:|1700838439\n|switch|p1a: Iron Moth|Iron Moth|100\/100\n|-enditem|p1a: Iron Moth|Booster Energy\n|-activate|p1a: Iron Moth|ability: Quark Drive|[fromitem]\n|-start|p1a: Iron Moth|quarkdrivespa\n|move|p2a: Sneasler|Acrobatics|p1a: Iron Moth\n|-damage|p1a: Iron Moth|0 fnt\n|faint|p1a: Iron Moth\n|-end|p1a: Iron Moth|Quark Drive|[silent]\n|\n|-weather|SunnyDay|[upkeep]\n|upkeep\n|\n|t:|1700838444\n|switch|p1a: Great Tusk|Great Tusk|100\/100\n|-activate|p1a: Great Tusk|ability: Protosynthesis\n|-start|p1a: Great Tusk|protosynthesisatk\n|turn|11\n|c|\u2606sarahstevens2004|im playing minecraft in the background lol\n|\n|t:|1700838452\n|move|p2a: Sneasler|Acrobatics|p1a: Great Tusk\n|-supereffective|p1a: Great Tusk\n|-damage|p1a: Great Tusk|5\/100\n|move|p1a: Great Tusk|Ice Spinner|p2a: Sneasler\n|-supereffective|p2a: Sneasler\n|-damage|p2a: Sneasler|0 fnt\n|faint|p2a: Sneasler\n|\n|-weather|SunnyDay|[upkeep]\n|upkeep\n|\n|t:|1700838465\n|switch|p2a: Ribombee|Ribombee, F, shiny|100\/100\n|turn|12\n|\n|t:|1700838480\n|move|p2a: Ribombee|Moonblast|p1a: Great Tusk\n|-supereffective|p1a: Great Tusk\n|-damage|p1a: Great Tusk|0 fnt\n|faint|p1a: Great Tusk\n|-end|p1a: Great Tusk|Protosynthesis|[silent]\n|\n|-weather|SunnyDay|[upkeep]\n|upkeep\n|\n|t:|1700838483\n|switch|p1a: Blacephalon|Blacephalon|100\/100\n|turn|13\n|\n|t:|1700838495\n|move|p2a: Ribombee|Stun Spore|p1a: Blacephalon\n|-status|p1a: Blacephalon|par\n|move|p1a: Blacephalon|Flamethrower|p2a: Ribombee\n|-supereffective|p2a: Ribombee\n|-enditem|p2a: Ribombee|Focus Sash\n|-damage|p2a: Ribombee|1\/100\n|\n|-weather|none\n|upkeep\n|turn|14\n|\n|t:|1700838502\n|move|p2a: Ribombee|Sticky Web|p1a: Blacephalon\n|-sidestart|p1: rimm099._|move: Sticky Web\n|move|p1a: Blacephalon|Flamethrower|p2a: Ribombee\n|-supereffective|p2a: Ribombee\n|-damage|p2a: Ribombee|0 fnt\n|faint|p2a: Ribombee\n|-ability|p1a: Blacephalon|Beast Boost|boost\n|-boost|p1a: Blacephalon|spa|1\n|\n|upkeep\n|\n|t:|1700838515\n|switch|p2a: Scizor|Scizor-Mega, M|100\/100\n|turn|15\n|\n|t:|1700838517\n|move|p2a: Scizor|Knock Off|p1a: Blacephalon\n|-supereffective|p1a: Blacephalon\n|-damage|p1a: Blacephalon|0 fnt\n|-enditem|p1a: Blacephalon|Choice Specs|[from] move: Knock Off|[of] p2a: Scizor\n|faint|p1a: Blacephalon\n|\n|upkeep\n|\n|t:|1700838520\n|switch|p1a: ninja turtle|Torkoal, F|39\/100\n|-activate|p1a: ninja turtle|move: Sticky Web\n|-unboost|p1a: ninja turtle|spe|1\n|-weather|SunnyDay|[from] ability: Drought|[of] p1a: ninja turtle\n|turn|16\n|\n|t:|1700838528\n|move|p2a: Scizor|Bullet Punch|p1a: ninja turtle\n|-resisted|p1a: ninja turtle\n|-damage|p1a: ninja turtle|28\/100\n|move|p1a: ninja turtle|Will-O-Wisp|p2a: Scizor|[miss]\n|-miss|p1a: ninja turtle|p2a: Scizor\n|\n|-weather|SunnyDay|[upkeep]\n|upkeep\n|turn|17\n|\n|t:|1700838536\n|move|p2a: Scizor|Close Combat|p1a: ninja turtle\n|-damage|p1a: ninja turtle|0 fnt\n|-unboost|p2a: Scizor|def|1\n|-unboost|p2a: Scizor|spd|1\n|faint|p1a: ninja turtle\n|\n|-weather|SunnyDay|[upkeep]\n|upkeep\n|\n|t:|1700838538\n|switch|p1a: Charizard|Charizard, M|100\/100\n|turn|18\n|\n|t:|1700838545\n|detailschange|p1a: Charizard|Charizard-Mega-X, M\n|-mega|p1a: Charizard|Charizard|Charizardite X\n|move|p1a: Charizard|Belly Drum|p1a: Charizard\n|-damage|p1a: Charizard|51\/100\n|-setboost|p1a: Charizard|atk|6|[from] move: Belly Drum\n|move|p2a: Scizor|Knock Off|p1a: Charizard\n|-damage|p1a: Charizard|22\/100\n|\n|-weather|SunnyDay|[upkeep]\n|upkeep\n|turn|19\n|\n|t:|1700838556\n|move|p2a: Scizor|Bullet Punch|p1a: Charizard\n|-resisted|p1a: Charizard\n|-damage|p1a: Charizard|1\/100\n|move|p1a: Charizard|Roost|p1a: Charizard\n|-heal|p1a: Charizard|51\/100\n|-singleturn|p1a: Charizard|move: Roost\n|\n|-weather|SunnyDay|[upkeep]\n|upkeep\n|turn|20\n|\n|t:|1700838562\n|move|p1a: Charizard|Roost|p1a: Charizard\n|-heal|p1a: Charizard|100\/100\n|-singleturn|p1a: Charizard|move: Roost\n|move|p2a: Scizor|Close Combat|p1a: Charizard\n|-damage|p1a: Charizard|46\/100\n|-unboost|p2a: Scizor|def|1\n|-unboost|p2a: Scizor|spd|1\n|\n|-weather|none\n|upkeep\n|turn|21\n|\n|t:|1700838577\n|move|p2a: Scizor|Bullet Punch|p1a: Charizard\n|-resisted|p1a: Charizard\n|-damage|p1a: Charizard|24\/100\n|move|p1a: Charizard|Roost|p1a: Charizard\n|-heal|p1a: Charizard|74\/100\n|-singleturn|p1a: Charizard|move: Roost\n|\n|upkeep\n|turn|22\n|\n|t:|1700838583\n|move|p1a: Charizard|Brick Break|p2a: Scizor\n|-damage|p2a: Scizor|0 fnt\n|faint|p2a: Scizor\n|\n|upkeep\n|\n|t:|1700838589\n|switch|p2a: Tapu Fini|Tapu Fini, shiny|100\/100\n|-fieldstart|move: Misty Terrain|[from] ability: Misty Surge|[of] p2a: Tapu Fini\n|turn|23\n|\n|t:|1700838593\n|move|p1a: Charizard|Brick Break|p2a: Tapu Fini\n|-resisted|p2a: Tapu Fini\n|-damage|p2a: Tapu Fini|31\/100\n|move|p2a: Tapu Fini|Moonblast|p1a: Charizard\n|-damage|p1a: Charizard|19\/100\n|\n|-heal|p2a: Tapu Fini|37\/100|[from] item: Leftovers\n|upkeep\n|turn|24\n|\n|t:|1700838600\n|move|p1a: Charizard|Brick Break|p2a: Tapu Fini\n|-resisted|p2a: Tapu Fini\n|-damage|p2a: Tapu Fini|0 fnt\n|faint|p2a: Tapu Fini\n|\n|upkeep\n|\n|t:|1700838607\n|switch|p2a: Zamazenta|Zamazenta|100\/100\n|-ability|p2a: Zamazenta|Dauntless Shield|boost\n|-boost|p2a: Zamazenta|def|1\n|turn|25\n|\n|t:|1700838616\n|move|p2a: Zamazenta|Body Press|p1a: Charizard\n|-damage|p1a: Charizard|0 fnt\n|faint|p1a: Charizard\n|\n|win|sarahstevens2004\n|c|\u2606rimm099._|gg\n|c|\u2606sarahstevens2004|GG\n|l|\u2606sarahstevens2004\n","uploadtime":1700838623,"views":2,"p1id":"rimm099","p2id":"sarahstevens2004","formatid":"gen9nationaldex","rating":0,"private":0,"password":""}