{"id":"gen9nationaldex-1996817352","p1":"fall moon learn","p2":"GAGA233","format":"[Gen 9] National Dex","log":"|html|<div class=\"broadcast-blue\"><strong>[Gen 9] National Dex is currently suspecting Sneasler! For information on how to participate check out the <a href=\"https:\/\/www.smogon.com\/forums\/threads\/sv-national-dex-suspect-8-just-dance.3731534\/\">suspect thread<\/a>.<\/strong><\/div>\n|j|\u2606fall moon learn\n|j|\u2606GAGA233\n|t:|1700730173\n|gametype|singles\n|player|p1|fall moon learn|101|1585\n|player|p2|GAGA233|170|1663\n|teamsize|p1|6\n|teamsize|p2|6\n|gen|9\n|tier|[Gen 9] National Dex\n|rated|\n|rule|HP Percentage Mod: HP is shown in percentages\n|rule|Endless Battle Clause: Forcing endless battles is banned\n|rule|OHKO Clause: OHKO moves are banned\n|rule|Evasion Clause: Evasion abilities, items, and moves are banned\n|rule|Evasion Abilities Clause: Evasion abilities are banned\n|rule|Evasion Items Clause: Evasion items are banned\n|rule|Evasion Moves Clause: Evasion moves are banned\n|rule|Species Clause: Limit one of each Pok\u00e9mon\n|rule|Sleep Clause Mod: Limit one foe put to sleep\n|clearpoke\n|poke|p1|Kartana|\n|poke|p1|Rillaboom, F|\n|poke|p1|Lanturn, F|\n|poke|p1|Iron Treads|\n|poke|p1|Alomomola, F|\n|poke|p1|Aerodactyl, M|\n|poke|p2|Ogerpon, F|\n|poke|p2|Corviknight, M|\n|poke|p2|Clodsire, M|\n|poke|p2|Tyranitar, F|\n|poke|p2|Tapu Fini|\n|poke|p2|Banette, F|\n|teampreview\n|inactive|Battle timer is ON: inactive players will automatically lose when time's up. (requested by GAGA233)\n|\n|t:|1700730185\n|start\n|switch|p1a: Kartana|Kartana|100\/100\n|switch|p2a: Banette|Banette, F|100\/100\n|-item|p1a: Kartana|Choice Band|[from] ability: Frisk|[of] p2a: Banette|[identify]\n|turn|1\n|\n|t:|1700730199\n|switch|p2a: Corviknight|Corviknight, M|100\/100\n|-ability|p2a: Corviknight|Pressure\n|move|p1a: Kartana|Knock Off|p2a: Corviknight\n|-damage|p2a: Corviknight|60\/100\n|-enditem|p2a: Corviknight|Covert Cloak|[from] move: Knock Off|[of] p1a: Kartana\n|\n|upkeep\n|turn|2\n|\n|t:|1700730209\n|switch|p1a: Alomomola|Alomomola, F|100\/100\n|move|p2a: Corviknight|Roost|p2a: Corviknight\n|-heal|p2a: Corviknight|100\/100\n|-singleturn|p2a: Corviknight|move: Roost\n|\n|upkeep\n|turn|3\n|\n|t:|1700730214\n|switch|p2a: Clodsire|Clodsire, M|100\/100\n|move|p1a: Alomomola|Flip Turn|p2a: Clodsire\n|-immune|p2a: Clodsire|[from] ability: Water Absorb\n|\n|upkeep\n|turn|4\n|\n|t:|1700730220\n|switch|p1a: Kartana|Kartana|100\/100\n|move|p2a: Clodsire|Stealth Rock|p1a: Kartana\n|-sidestart|p1: fall moon learn|move: Stealth Rock\n|\n|upkeep\n|turn|5\n|\n|t:|1700730244\n|switch|p2a: Corviknight|Corviknight, M|100\/100\n|-ability|p2a: Corviknight|Pressure\n|move|p1a: Kartana|Sacred Sword|p2a: Corviknight\n|-damage|p2a: Corviknight|66\/100\n|\n|upkeep\n|turn|6\n|\n|t:|1700730257\n|switch|p1a: Lanturn|Lanturn, F|100\/100\n|-damage|p1a: Lanturn|88\/100|[from] Stealth Rock\n|move|p2a: Corviknight|Roost|p2a: Corviknight\n|-heal|p2a: Corviknight|100\/100\n|-singleturn|p2a: Corviknight|move: Roost\n|\n|-heal|p1a: Lanturn|94\/100|[from] item: Leftovers\n|upkeep\n|turn|7\n|inactive|fall moon learn has 120 seconds left.\n|\n|t:|1700730280\n|switch|p2a: Clodsire|Clodsire, M|100\/100\n|switch|p1a: Kartana|Kartana|100\/100\n|-damage|p1a: Kartana|94\/100|[from] Stealth Rock\n|\n|upkeep\n|turn|8\n|inactive|fall moon learn has 120 seconds left.\n|\n|t:|1700730312\n|switch|p2a: Corviknight|Corviknight, M|100\/100\n|-ability|p2a: Corviknight|Pressure\n|move|p1a: Kartana|Leaf Blade|p2a: Corviknight\n|-resisted|p2a: Corviknight\n|-damage|p2a: Corviknight|86\/100\n|\n|upkeep\n|turn|9\n|\n|t:|1700730320\n|switch|p1a: Lanturn|Lanturn, F|94\/100\n|-damage|p1a: Lanturn|82\/100|[from] Stealth Rock\n|move|p2a: Corviknight|U-turn|p1a: Lanturn\n|-damage|p1a: Lanturn|68\/100\n|\n|t:|1700730325\n|switch|p2a: Banette|Banette, F|100\/100|[from] U-turn\n|-item|p1a: Lanturn|Leftovers|[from] ability: Frisk|[of] p2a: Banette|[identify]\n|\n|-heal|p1a: Lanturn|74\/100|[from] item: Leftovers\n|upkeep\n|turn|10\n|inactive|fall moon learn has 120 seconds left.\n|\n|t:|1700730336\n|switch|p1a: Alomomola|Alomomola, F|100\/100\n|detailschange|p2a: Banette|Banette-Mega, F\n|-mega|p2a: Banette|Banette|Banettite\n|move|p2a: Banette|Poltergeist|p1a: Alomomola\n|-activate|p1a: Alomomola|move: Poltergeist|Heavy-Duty Boots\n|-damage|p1a: Alomomola|52\/100\n|\n|upkeep\n|turn|11\n|inactive|fall moon learn has 120 seconds left.\n|\n|t:|1700730354\n|move|p2a: Banette|Poltergeist|p1a: Alomomola\n|-activate|p1a: Alomomola|move: Poltergeist|Heavy-Duty Boots\n|-damage|p1a: Alomomola|8\/100\n|move|p1a: Alomomola|Wish|p1a: Alomomola\n|\n|upkeep\n|turn|12\n|\n|t:|1700730365\n|move|p1a: Alomomola|Protect|p1a: Alomomola\n|-singleturn|p1a: Alomomola|Protect\n|move|p2a: Banette|Pursuit|p1a: Alomomola\n|-activate|p1a: Alomomola|move: Protect\n|\n|-heal|p1a: Alomomola|58\/100|[from] move: Wish|[wisher] Alomomola\n|upkeep\n|turn|13\n|inactive|fall moon learn has 120 seconds left.\n|\n|t:|1700730371\n|move|p2a: Banette|Encore|p1a: Alomomola\n|-start|p1a: Alomomola|Encore\n|move|p1a: Alomomola|Protect||[still]\n|-fail|p1a: Alomomola\n|\n|upkeep\n|turn|14\n|\n|t:|1700730375\n|move|p1a: Alomomola|Protect|p1a: Alomomola\n|-singleturn|p1a: Alomomola|Protect\n|move|p2a: Banette|Pursuit|p1a: Alomomola\n|-activate|p1a: Alomomola|move: Protect\n|\n|upkeep\n|turn|15\n|\n|t:|1700730385\n|switch|p1a: Rillaboom|Rillaboom, F|100\/100\n|-damage|p1a: Rillaboom|88\/100|[from] Stealth Rock\n|-fieldstart|move: Grassy Terrain|[from] ability: Grassy Surge|[of] p1a: Rillaboom\n|move|p2a: Banette|Poltergeist|p1a: Rillaboom|[miss]\n|-miss|p2a: Banette|p1a: Rillaboom\n|\n|-heal|p1a: Rillaboom|94\/100|[from] Grassy Terrain\n|upkeep\n|turn|16\n|\n|t:|1700730398\n|move|p2a: Banette|Poltergeist|p1a: Rillaboom\n|-activate|p1a: Rillaboom|move: Poltergeist|Assault Vest\n|-damage|p1a: Rillaboom|30\/100\n|move|p1a: Rillaboom|U-turn|p2a: Banette\n|-resisted|p2a: Banette\n|-damage|p2a: Banette|82\/100\n|\n|t:|1700730404\n|switch|p1a: Kartana|Kartana|94\/100|[from] U-turn\n|-damage|p1a: Kartana|88\/100|[from] Stealth Rock\n|\n|-heal|p1a: Kartana|94\/100|[from] Grassy Terrain\n|-heal|p2a: Banette|88\/100|[from] Grassy Terrain\n|upkeep\n|turn|17\n|\n|t:|1700730409\n|-terastallize|p1a: Kartana|Grass\n|move|p2a: Banette|Destiny Bond|p2a: Banette\n|-singlemove|p2a: Banette|Destiny Bond\n|move|p1a: Kartana|Leaf Blade|p2a: Banette\n|-damage|p2a: Banette|0 fnt\n|faint|p2a: Banette\n|-activate|p2a: Banette|move: Destiny Bond\n|faint|p1a: Kartana\n|\n|upkeep\n|inactive|fall moon learn has 120 seconds left.\n|l|\u2606fall moon learn\n|inactive|fall moon learn disconnected and has a minute to reconnect!\n|player|p1|\n|inactive|fall moon learn has 30 seconds to reconnect!\n|inactive|fall moon learn has 20 seconds to reconnect!\n|inactive|fall moon learn has 15 seconds to reconnect!\n|inactive|fall moon learn has 10 seconds to reconnect!\n|inactive|fall moon learn has 5 seconds to reconnect!\n|-message|fall moon learn lost due to inactivity.\n|\n|win|GAGA233\n|raw|fall moon learn's rating: 1585 &rarr; <strong>1569<\/strong><br \/>(-16 for losing)\n|raw|GAGA233's rating: 1663 &rarr; <strong>1679<\/strong><br \/>(+16 for winning)\n","uploadtime":1700730510,"views":1,"p1id":"fallmoonlearn","p2id":"gaga233","formatid":"gen9nationaldex","rating":1569,"private":0,"password":""}