{"id":"gen9nationaldex-1998088792","p1":"LDP333","p2":"Th3R3dN1n9aWarr10r","format":"[Gen 9] National Dex","log":"|html|<div class=\"broadcast-blue\"><strong>[Gen 9] National Dex is currently suspecting Sneasler! For information on how to participate check out the <a href=\"https:\/\/www.smogon.com\/forums\/threads\/sv-national-dex-suspect-8-just-dance.3731534\/\">suspect thread<\/a>.<\/strong><\/div>\n|j|\u2606LDP333\n|j|\u2606Th3R3dN1n9aWarr10r\n|t:|1700889405\n|gametype|singles\n|player|p1|LDP333|riley|1620\n|player|p2|Th3R3dN1n9aWarr10r|lucas|1517\n|teamsize|p1|6\n|teamsize|p2|6\n|gen|9\n|tier|[Gen 9] National Dex\n|rated|\n|rule|HP Percentage Mod: HP is shown in percentages\n|rule|Endless Battle Clause: Forcing endless battles is banned\n|rule|OHKO Clause: OHKO moves are banned\n|rule|Evasion Clause: Evasion abilities, items, and moves are banned\n|rule|Evasion Abilities Clause: Evasion abilities are banned\n|rule|Evasion Items Clause: Evasion items are banned\n|rule|Evasion Moves Clause: Evasion moves are banned\n|rule|Species Clause: Limit one of each Pok\u00e9mon\n|rule|Sleep Clause Mod: Limit one foe put to sleep\n|clearpoke\n|poke|p1|Tyranitar, F|\n|poke|p1|Kommo-o, M|\n|poke|p1|Rillaboom, M|\n|poke|p1|Sneasler, F|\n|poke|p1|Ogerpon-Cornerstone, F|\n|poke|p1|Zapdos|\n|poke|p2|Ninetales-Alola, F|\n|poke|p2|Corviknight, M|\n|poke|p2|Garchomp, F|\n|poke|p2|Venusaur, F|\n|poke|p2|Greninja-*, M|\n|poke|p2|Infernape, M|\n|teampreview\n|c|\u2606Th3R3dN1n9aWarr10r|glhf\n|\n|t:|1700889411\n|start\n|switch|p1a: Tyranitar|Tyranitar, F|100\/100\n|switch|p2a: Rya Anetone|Ninetales-Alola, F|100\/100\n|-weather|Snow|[from] ability: Snow Warning|[of] p2a: Rya Anetone\n|-weather|Sandstorm|[from] ability: Sand Stream|[of] p1a: Tyranitar\n|turn|1\n|\n|t:|1700889420\n|switch|p2a: I'm Batman|Corviknight, M|100\/100\n|-ability|p2a: I'm Batman|Pressure\n|detailschange|p1a: Tyranitar|Tyranitar-Mega, F\n|-mega|p1a: Tyranitar|Tyranitar|Tyranitarite\n|move|p1a: Tyranitar|Stealth Rock|p2a: I'm Batman\n|-sidestart|p2: Th3R3dN1n9aWarr10r|move: Stealth Rock\n|\n|-weather|Sandstorm|[upkeep]\n|upkeep\n|turn|2\n|\n|t:|1700889428\n|move|p1a: Tyranitar|Knock Off|p2a: I'm Batman\n|-damage|p2a: I'm Batman|60\/100\n|-damage|p1a: Tyranitar|84\/100|[from] item: Rocky Helmet|[of] p2a: I'm Batman\n|-enditem|p2a: I'm Batman|Rocky Helmet|[from] move: Knock Off|[of] p1a: Tyranitar\n|move|p2a: I'm Batman|Body Press|p1a: Tyranitar\n|-supereffective|p1a: Tyranitar\n|-damage|p1a: Tyranitar|21\/100\n|\n|-weather|Sandstorm|[upkeep]\n|upkeep\n|turn|3\n|\n|t:|1700889436\n|move|p1a: Tyranitar|Fire Punch|p2a: I'm Batman\n|-supereffective|p2a: I'm Batman\n|-damage|p2a: I'm Batman|14\/100\n|move|p2a: I'm Batman|Body Press|p1a: Tyranitar\n|-supereffective|p1a: Tyranitar\n|-damage|p1a: Tyranitar|0 fnt\n|faint|p1a: Tyranitar\n|\n|-weather|Sandstorm|[upkeep]\n|upkeep\n|\n|t:|1700889441\n|switch|p1a: Ogerpon|Ogerpon-Cornerstone, F|100\/100\n|turn|4\n|j| NDSNEZ rockout\n|\n|t:|1700889446\n|move|p1a: Ogerpon|Swords Dance|p1a: Ogerpon\n|-boost|p1a: Ogerpon|atk|2\n|move|p2a: I'm Batman|Roost|p2a: I'm Batman\n|-heal|p2a: I'm Batman|64\/100\n|-singleturn|p2a: I'm Batman|move: Roost\n|\n|-weather|Sandstorm|[upkeep]\n|upkeep\n|turn|5\n|\n|t:|1700889456\n|move|p1a: Ogerpon|Ivy Cudgel|p2a: I'm Batman|[anim] Ivy Cudgel Rock\n|-damage|p2a: I'm Batman|0 fnt\n|faint|p2a: I'm Batman\n|\n|-weather|none\n|upkeep\n|j| one eye ding zhen\n|\n|t:|1700889470\n|switch|p2a: Cynthia|Garchomp, F|100\/100\n|-damage|p2a: Cynthia|94\/100|[from] Stealth Rock\n|turn|6\n|\n|t:|1700889481\n|move|p1a: Ogerpon|Horn Leech|p2a: Cynthia\n|-damage|p2a: Cynthia|4\/100\n|-damage|p1a: Ogerpon|88\/100|[from] ability: Rough Skin|[of] p2a: Cynthia\n|move|p2a: Cynthia|Scale Shot|p1a: Ogerpon\n|-damage|p1a: Ogerpon|71\/100\n|-damage|p1a: Ogerpon|55\/100\n|-damage|p1a: Ogerpon|38\/100\n|-damage|p1a: Ogerpon|20\/100\n|-damage|p1a: Ogerpon|2\/100\n|-hitcount|p1a: Ogerpon|5\n|-unboost|p2a: Cynthia|def|1\n|-boost|p2a: Cynthia|spe|1\n|\n|upkeep\n|turn|7\n|\n|t:|1700889499\n|switch|p1a: Rillaboom|Rillaboom, M|100\/100\n|-fieldstart|move: Grassy Terrain|[from] ability: Grassy Surge|[of] p1a: Rillaboom\n|move|p2a: Cynthia|Earthquake|p1a: Rillaboom\n|-resisted|p1a: Rillaboom\n|-damage|p1a: Rillaboom|88\/100\n|\n|-heal|p2a: Cynthia|10\/100|[from] Grassy Terrain\n|-heal|p1a: Rillaboom|94\/100|[from] Grassy Terrain\n|upkeep\n|turn|8\n|\n|t:|1700889511\n|move|p2a: Cynthia|Stone Edge|p1a: Rillaboom\n|-damage|p1a: Rillaboom|61\/100\n|move|p1a: Rillaboom|U-turn|p2a: Cynthia\n|-damage|p2a: Cynthia|0 fnt\n|-damage|p1a: Rillaboom|49\/100|[from] ability: Rough Skin|[of] p2a: Cynthia\n|faint|p2a: Cynthia\n|\n|t:|1700889520\n|switch|p1a: Sneasler|Sneasler, F|100\/100|[from] U-turn\n|-enditem|p1a: Sneasler|Grassy Seed\n|-boost|p1a: Sneasler|def|1|[from] item: Grassy Seed\n|\n|upkeep\n|c|\u2606Th3R3dN1n9aWarr10r|gg wp\n|-message|Th3R3dN1n9aWarr10r forfeited.\n|\n|win|LDP333\n|raw|LDP333's rating: 1620 &rarr; <strong>1634<\/strong><br \/>(+14 for winning)\n|raw|Th3R3dN1n9aWarr10r's rating: 1517 &rarr; <strong>1503<\/strong><br \/>(-14 for losing)\n|l|\u2606Th3R3dN1n9aWarr10r\n|l|\u2606LDP333\n|l| NDSNEZ rockout\n|l| one eye ding zhen\n|j|\u2606LDP333\n|player|p1|LDP333|riley\n","uploadtime":1700890344,"views":2,"p1id":"ldp333","p2id":"th3r3dn1n9awarr10r","formatid":"gen9nationaldex","rating":1503,"private":0,"password":""}