{"id":"gen9nationaldex-2000512966","p1":"AlastorTheOverlord","p2":"Edrael","format":"[Gen 9] National Dex","log":"|html|<div class=\"broadcast-blue\"><strong>[Gen 9] National Dex is currently suspecting Sneasler! For information on how to participate check out the <a href=\"https:\/\/www.smogon.com\/forums\/threads\/sv-national-dex-suspect-8-just-dance.3731534\/\">suspect thread<\/a>.<\/strong><\/div>\n|j|\u2606AlastorTheOverlord\n|j|\u2606Edrael\n|t:|1701201093\n|gametype|singles\n|player|p1|AlastorTheOverlord|n|\n|player|p2|Edrael|mira|\n|teamsize|p1|6\n|teamsize|p2|6\n|gen|9\n|tier|[Gen 9] National Dex\n|rule|HP Percentage Mod: HP is shown in percentages\n|rule|Endless Battle Clause: Forcing endless battles is banned\n|rule|OHKO Clause: OHKO moves are banned\n|rule|Evasion Clause: Evasion abilities, items, and moves are banned\n|rule|Evasion Abilities Clause: Evasion abilities are banned\n|rule|Evasion Items Clause: Evasion items are banned\n|rule|Evasion Moves Clause: Evasion moves are banned\n|rule|Species Clause: Limit one of each Pok\u00e9mon\n|rule|Sleep Clause Mod: Limit one foe put to sleep\n|clearpoke\n|poke|p1|Greninja-*, M|\n|poke|p1|Garchomp, M|\n|poke|p1|Chandelure, M|\n|poke|p1|Azumarill, M|\n|poke|p1|Aegislash, F|\n|poke|p1|Talonflame, F|\n|poke|p2|Dipplin, F|\n|poke|p2|Empoleon, F|\n|poke|p2|Corviknight, F|\n|poke|p2|Iron Valiant|\n|poke|p2|Glimmora, M|\n|poke|p2|Jirachi|\n|teampreview\n|inactive|Battle timer is ON: inactive players will automatically lose when time's up. (requested by AlastorTheOverlord)\n|\n|t:|1701201108\n|start\n|switch|p1a: Chandelure|Chandelure, M|100\/100\n|switch|p2a: Glimmora|Glimmora, M, shiny|100\/100\n|turn|1\n|\n|t:|1701201117\n|move|p1a: Chandelure|Energy Ball|p2a: Glimmora\n|-damage|p2a: Glimmora|56\/100\n|move|p2a: Glimmora|Power Gem|p1a: Chandelure\n|-supereffective|p1a: Chandelure\n|-damage|p1a: Chandelure|0 fnt\n|faint|p1a: Chandelure\n|\n|upkeep\n|\n|t:|1701201131\n|switch|p1a: Aegislash|Aegislash, F|100\/100\n|turn|2\n|\n|t:|1701201134\n|move|p2a: Glimmora|Spiky Shield|p2a: Glimmora\n|-singleturn|p2a: Glimmora|move: Protect\n|move|p1a: Aegislash|Swords Dance|p1a: Aegislash\n|-boost|p1a: Aegislash|atk|2\n|\n|upkeep\n|turn|3\n|\n|t:|1701201143\n|move|p2a: Glimmora|Earth Power|p1a: Aegislash\n|-supereffective|p1a: Aegislash\n|-crit|p1a: Aegislash\n|-damage|p1a: Aegislash|32\/100\n|move|p1a: Aegislash|Swords Dance|p1a: Aegislash\n|-boost|p1a: Aegislash|atk|2\n|\n|-heal|p1a: Aegislash|39\/100|[from] item: Leftovers\n|upkeep\n|turn|4\n|\n|t:|1701201149\n|-formechange|p1a: Aegislash|Aegislash-Blade||[from] ability: Stance Change\n|move|p1a: Aegislash|Shadow Sneak|p2a: Glimmora\n|-damage|p2a: Glimmora|0 fnt\n|-activate|p2a: Glimmora|ability: Toxic Debris\n|-sidestart|p1: AlastorTheOverlord|move: Toxic Spikes\n|faint|p2a: Glimmora\n|\n|-heal|p1a: Aegislash|45\/100|[from] item: Leftovers\n|upkeep\n|\n|t:|1701201154\n|switch|p2a: Jirachi|Jirachi, shiny|100\/100\n|turn|5\n|\n|t:|1701201160\n|move|p1a: Aegislash|Shadow Sneak|p2a: Jirachi\n|-supereffective|p2a: Jirachi\n|-damage|p2a: Jirachi|0 fnt\n|faint|p2a: Jirachi\n|\n|-heal|p1a: Aegislash|51\/100|[from] item: Leftovers\n|upkeep\n|\n|t:|1701201173\n|switch|p2a: Dipplin|Dipplin, F, shiny|100\/100\n|turn|6\n|l|\u2606AlastorTheOverlord\n|inactive|AlastorTheOverlord disconnected and has 300 seconds to reconnect!\n|player|p1|\n|inactive|AlastorTheOverlord has 270 seconds to reconnect!\n|j|\u2606AlastorTheOverlord\n|inactive|AlastorTheOverlord reconnected and has 285 seconds left.\n|player|p1|AlastorTheOverlord|n\n|inactive|AlastorTheOverlord has 270 seconds left.\n|\n|t:|1701201243\n|move|p1a: Aegislash|Shadow Sneak|p2a: Dipplin\n|-damage|p2a: Dipplin|54\/100\n|move|p2a: Dipplin|Syrup Bomb|p1a: Aegislash\n|-resisted|p1a: Aegislash\n|-damage|p1a: Aegislash|32\/100\n|-start|p1a: Aegislash|Syrup Bomb\n|\n|-heal|p1a: Aegislash|38\/100|[from] item: Leftovers\n|-unboost|p1a: Aegislash|spe|1\n|upkeep\n|turn|7\n|inactive|Edrael has 270 seconds left.\n|inactive|Edrael has 240 seconds left.\n|\n|t:|1701201311\n|move|p2a: Dipplin|Recover|p2a: Dipplin\n|-heal|p2a: Dipplin|100\/100\n|move|p1a: Aegislash|Swords Dance|p1a: Aegislash\n|-boost|p1a: Aegislash|atk|2\n|\n|-heal|p1a: Aegislash|44\/100|[from] item: Leftovers\n|-unboost|p1a: Aegislash|spe|1\n|upkeep\n|turn|8\n|\n|t:|1701201323\n|move|p2a: Dipplin|Dragon Pulse|p1a: Aegislash\n|-resisted|p1a: Aegislash\n|-damage|p1a: Aegislash|16\/100\n|move|p1a: Aegislash|Iron Head|p2a: Dipplin\n|-damage|p2a: Dipplin|0 fnt\n|faint|p2a: Dipplin\n|\n|-heal|p1a: Aegislash|22\/100|[from] item: Leftovers\n|-unboost|p1a: Aegislash|spe|1\n|upkeep\n|\n|t:|1701201329\n|switch|p2a: Empoleon|Empoleon, F, shiny|100\/100\n|turn|9\n|\n|t:|1701201334\n|-terastallize|p2a: Empoleon|Water\n|move|p1a: Aegislash|Shadow Sneak|p2a: Empoleon\n|-damage|p2a: Empoleon|0 fnt\n|faint|p2a: Empoleon\n|\n|-heal|p1a: Aegislash|29\/100|[from] item: Leftovers\n|-end|p1a: Aegislash|Syrup Bomb|[silent]\n|upkeep\n|\n|t:|1701201342\n|switch|p2a: Iron Valiant|Iron Valiant, shiny|100\/100\n|-enditem|p2a: Iron Valiant|Booster Energy\n|-activate|p2a: Iron Valiant|ability: Quark Drive|[fromitem]\n|-start|p2a: Iron Valiant|quarkdrivespe\n|turn|10\n|\n|t:|1701201349\n|move|p1a: Aegislash|Shadow Sneak|p2a: Iron Valiant\n|-damage|p2a: Iron Valiant|0 fnt\n|faint|p2a: Iron Valiant\n|-end|p2a: Iron Valiant|Quark Drive|[silent]\n|\n|-heal|p1a: Aegislash|35\/100|[from] item: Leftovers\n|upkeep\n|\n|t:|1701201351\n|switch|p2a: Corviknight|Corviknight, F, shiny|100\/100\n|-ability|p2a: Corviknight|Pressure\n|turn|11\n|\n|t:|1701201357\n|move|p2a: Corviknight|Brave Bird|p1a: Aegislash\n|-resisted|p1a: Aegislash\n|-damage|p1a: Aegislash|3\/100\n|-damage|p2a: Corviknight|92\/100|[from] Recoil\n|move|p1a: Aegislash|Sacred Sword|p2a: Corviknight\n|-damage|p2a: Corviknight|4\/100\n|-damage|p1a: Aegislash|0 fnt|[from] item: Rocky Helmet|[of] p2a: Corviknight\n|faint|p1a: Aegislash\n|\n|upkeep\n|\n|t:|1701201366\n|switch|p1a: Azumarill|Azumarill, M|100\/100\n|-status|p1a: Azumarill|psn\n|turn|12\n|\n|t:|1701201381\n|-terastallize|p1a: Azumarill|Water\n|move|p1a: Azumarill|Aqua Jet|p2a: Corviknight\n|-damage|p2a: Corviknight|0 fnt\n|-damage|p1a: Azumarill|84\/100 psn|[from] item: Rocky Helmet|[of] p2a: Corviknight\n|faint|p2a: Corviknight\n|\n|win|AlastorTheOverlord\n|l|\u2606Edrael\n|l|\u2606AlastorTheOverlord\n|j|\u2606Edrael\n|player|p2|Edrael|mira\n","uploadtime":1701201587,"views":8,"p1id":"alastortheoverlord","p2id":"edrael","formatid":"gen9nationaldex","rating":0,"private":0,"password":""}