{"id":"gen9nationaldex-1992275653","p1":"Dhrim15","p2":"steven45rosas","format":"[Gen 9] National Dex","log":"|j|\u2606Dhrim15\n|j|\u203dsteven45rosas\n|t:|1700170013\n|gametype|singles\n|player|p1|Dhrim15|pokekid|\n|player|p2|steven45rosas|169|\n|teamsize|p1|6\n|teamsize|p2|6\n|gen|9\n|tier|[Gen 9] National Dex\n|rule|HP Percentage Mod: HP is shown in percentages\n|rule|Endless Battle Clause: Forcing endless battles is banned\n|rule|OHKO Clause: OHKO moves are banned\n|rule|Evasion Clause: Evasion abilities, items, and moves are banned\n|rule|Evasion Abilities Clause: Evasion abilities are banned\n|rule|Evasion Items Clause: Evasion items are banned\n|rule|Evasion Moves Clause: Evasion moves are banned\n|rule|Species Clause: Limit one of each Pok\u00e9mon\n|rule|Sleep Clause Mod: Limit one foe put to sleep\n|clearpoke\n|poke|p1|Eiscue, M|\n|poke|p1|Bastiodon, F|\n|poke|p1|Palossand, F|\n|poke|p1|Garbodor, F|\n|poke|p1|Bronzong|\n|poke|p1|Guzzlord|\n|poke|p2|Hawlucha, F|\n|poke|p2|Ludicolo, F|\n|poke|p2|Maractus, F|\n|poke|p2|Swampert, M|\n|poke|p2|Quagsire, F|\n|poke|p2|Arbok, F|\n|teampreview\n|\n|t:|1700170035\n|start\n|switch|p1a: Guzzlord|Guzzlord|100\/100\n|switch|p2a: Swampert|Swampert, M|100\/100\n|turn|1\n|\n|t:|1700170057\n|move|p2a: Swampert|Yawn|p1a: Guzzlord\n|-start|p1a: Guzzlord|move: Yawn|[of] p2a: Swampert\n|move|p1a: Guzzlord|Knock Off|p2a: Swampert\n|-damage|p2a: Swampert|57\/100\n|-enditem|p2a: Swampert|Leftovers|[from] move: Knock Off|[of] p1a: Guzzlord\n|\n|upkeep\n|turn|2\n|\n|t:|1700170076\n|switch|p1a: Palossand|Palossand, F|100\/100\n|move|p2a: Swampert|Flip Turn|p1a: Palossand\n|-supereffective|p1a: Palossand\n|-damage|p1a: Palossand|64\/100\n|-ability|p1a: Palossand|Water Compaction|boost\n|-boost|p1a: Palossand|def|2\n|\n|t:|1700170080\n|switch|p2a: Maractus|Maractus, F|100\/100|[from] Flip Turn\n|\n|upkeep\n|turn|3\n|\n|t:|1700170100\n|switch|p1a: Garbodor|Garbodor, F|100\/100\n|move|p2a: Maractus|Leech Seed|p1a: Garbodor\n|-start|p1a: Garbodor|move: Leech Seed\n|\n|-damage|p1a: Garbodor|88\/100|[from] Leech Seed|[of] p2a: Maractus\n|upkeep\n|turn|4\n|\n|t:|1700170118\n|switch|p2a: Swampert|Swampert, M|57\/100\n|move|p1a: Garbodor|Stomping Tantrum|p2a: Swampert\n|-damage|p2a: Swampert|23\/100\n|\n|-damage|p1a: Garbodor|76\/100|[from] Leech Seed|[of] p2a: Swampert\n|-heal|p2a: Swampert|34\/100|[silent]\n|upkeep\n|turn|5\n|\n|t:|1700170130\n|move|p1a: Garbodor|Stomping Tantrum|p2a: Swampert\n|-damage|p2a: Swampert|0 fnt\n|faint|p2a: Swampert\n|\n|upkeep\n|\n|t:|1700170137\n|switch|p2a: Arbok|Arbok, F|100\/100\n|-ability|p2a: Arbok|Intimidate|boost\n|-unboost|p1a: Garbodor|atk|1\n|turn|6\n|\n|t:|1700170144\n|-terastallize|p2a: Arbok|Flying\n|move|p2a: Arbok|Glare|p1a: Garbodor\n|-status|p1a: Garbodor|par\n|move|p1a: Garbodor|Stomping Tantrum|p2a: Arbok\n|-immune|p2a: Arbok\n|\n|-damage|p1a: Garbodor|63\/100 par|[from] Leech Seed|[of] p2a: Arbok\n|upkeep\n|turn|7\n|\n|t:|1700170159\n|switch|p1a: Bastiodon|Bastiodon, F|100\/100\n|move|p2a: Arbok|Coil|p2a: Arbok\n|-boost|p2a: Arbok|atk|1\n|-boost|p2a: Arbok|def|1\n|-boost|p2a: Arbok|accuracy|1\n|\n|upkeep\n|turn|8\n|\n|t:|1700170169\n|move|p2a: Arbok|Knock Off|p1a: Bastiodon\n|-damage|p1a: Bastiodon|79\/100\n|-damage|p2a: Arbok|84\/100|[from] item: Rocky Helmet|[of] p1a: Bastiodon\n|-enditem|p1a: Bastiodon|Rocky Helmet|[from] move: Knock Off|[of] p2a: Arbok\n|move|p1a: Bastiodon|Roar|p2a: Arbok\n|drag|p2a: Quagsire|Quagsire, F|100\/100\n|\n|upkeep\n|turn|9\n|\n|t:|1700170180\n|move|p2a: Quagsire|Stealth Rock|p1a: Bastiodon\n|-sidestart|p1: Dhrim15|move: Stealth Rock\n|move|p1a: Bastiodon|Hidden Power|p2a: Quagsire\n|-supereffective|p2a: Quagsire\n|-damage|p2a: Quagsire|66\/100\n|\n|upkeep\n|turn|10\n|\n|t:|1700170185\n|move|p2a: Quagsire|Yawn|p1a: Bastiodon\n|-start|p1a: Bastiodon|move: Yawn|[of] p2a: Quagsire\n|move|p1a: Bastiodon|Stealth Rock|p2a: Quagsire\n|-sidestart|p2: steven45rosas|move: Stealth Rock\n|\n|upkeep\n|turn|11\n|\n|t:|1700170195\n|switch|p1a: Garbodor|Garbodor, F|63\/100 par\n|-damage|p1a: Garbodor|51\/100 par|[from] Stealth Rock\n|move|p2a: Quagsire|Yawn||[still]\n|-fail|p2a: Quagsire\n|\n|upkeep\n|turn|12\n|\n|t:|1700170203\n|move|p2a: Quagsire|Yawn||[still]\n|-fail|p2a: Quagsire\n|cant|p1a: Garbodor|par\n|\n|upkeep\n|turn|13\n|\n|t:|1700170208\n|move|p2a: Quagsire|Earthquake|p1a: Garbodor\n|-supereffective|p1a: Garbodor\n|-damage|p1a: Garbodor|0 fnt\n|faint|p1a: Garbodor\n|\n|upkeep\n|\n|t:|1700170219\n|switch|p1a: Eiscue|Eiscue, M|100\/100\n|-damage|p1a: Eiscue|75\/100|[from] Stealth Rock\n|turn|14\n|\n|t:|1700170228\n|-terastallize|p1a: Eiscue|Grass\n|move|p1a: Eiscue|Tera Blast|p2a: Quagsire|[anim] Tera Blast Grass\n|-supereffective|p2a: Quagsire\n|-damage|p2a: Quagsire|0 fnt\n|faint|p2a: Quagsire\n|\n|upkeep\n|\n|t:|1700170242\n|switch|p2a: Ludicolo|Ludicolo, F|100\/100\n|-damage|p2a: Ludicolo|88\/100|[from] Stealth Rock\n|turn|15\n|\n|t:|1700170255\n|switch|p1a: Bronzong|Bronzong|100\/100\n|-damage|p1a: Bronzong|94\/100|[from] Stealth Rock\n|move|p2a: Ludicolo|Rain Dance|p2a: Ludicolo\n|-weather|RainDance\n|\n|-weather|RainDance|[upkeep]\n|-heal|p1a: Bronzong|100\/100|[from] item: Leftovers\n|upkeep\n|turn|16\n|\n|t:|1700170266\n|move|p2a: Ludicolo|Surf|p1a: Bronzong\n|-damage|p1a: Bronzong|62\/100\n|move|p1a: Bronzong|Toxic|p2a: Ludicolo\n|-status|p2a: Ludicolo|tox\n|\n|-weather|RainDance|[upkeep]\n|-heal|p1a: Bronzong|68\/100|[from] item: Leftovers\n|-damage|p2a: Ludicolo|82\/100 tox|[from] psn\n|upkeep\n|turn|17\n|\n|t:|1700170279\n|move|p2a: Ludicolo|Surf|p1a: Bronzong\n|-damage|p1a: Bronzong|29\/100\n|move|p1a: Bronzong|Trick Room|p1a: Bronzong\n|-fieldstart|move: Trick Room|[of] p1a: Bronzong\n|\n|-weather|RainDance|[upkeep]\n|-heal|p1a: Bronzong|35\/100|[from] item: Leftovers\n|-damage|p2a: Ludicolo|70\/100 tox|[from] psn\n|upkeep\n|turn|18\n|\n|t:|1700170297\n|switch|p1a: Palossand|Palossand, F|64\/100\n|-damage|p1a: Palossand|57\/100|[from] Stealth Rock\n|move|p2a: Ludicolo|Surf|p1a: Palossand\n|-supereffective|p1a: Palossand\n|-damage|p1a: Palossand|0 fnt\n|faint|p1a: Palossand\n|\n|-weather|RainDance|[upkeep]\n|-damage|p2a: Ludicolo|52\/100 tox|[from] psn\n|upkeep\n|\n|t:|1700170303\n|switch|p1a: Guzzlord|Guzzlord|100\/100\n|-damage|p1a: Guzzlord|88\/100|[from] Stealth Rock\n|turn|19\n|\n|t:|1700170315\n|move|p1a: Guzzlord|Knock Off|p2a: Ludicolo\n|-damage|p2a: Ludicolo|0 fnt\n|-enditem|p2a: Ludicolo|Aguav Berry|[from] move: Knock Off|[of] p1a: Guzzlord\n|faint|p2a: Ludicolo\n|-ability|p1a: Guzzlord|Beast Boost|boost\n|-boost|p1a: Guzzlord|atk|1\n|\n|-weather|none\n|upkeep\n|\n|t:|1700170322\n|switch|p2a: Arbok|Arbok, F, tera:Flying|84\/100\n|-damage|p2a: Arbok|59\/100|[from] Stealth Rock\n|-ability|p2a: Arbok|Intimidate|boost\n|-unboost|p1a: Guzzlord|atk|1\n|turn|20\n|\n|t:|1700170329\n|move|p1a: Guzzlord|Knock Off|p2a: Arbok\n|-damage|p2a: Arbok|0 fnt\n|-enditem|p2a: Arbok|Chesto Berry|[from] move: Knock Off|[of] p1a: Guzzlord\n|faint|p2a: Arbok\n|-ability|p1a: Guzzlord|Beast Boost|boost\n|-boost|p1a: Guzzlord|atk|1\n|\n|upkeep\n|\n|t:|1700170333\n|switch|p2a: Maractus|Maractus, F|100\/100\n|-damage|p2a: Maractus|88\/100|[from] Stealth Rock\n|turn|21\n|\n|t:|1700170350\n|move|p1a: Guzzlord|Poison Jab|p2a: Maractus\n|-supereffective|p2a: Maractus\n|-damage|p2a: Maractus|0 fnt\n|faint|p2a: Maractus\n|-ability|p1a: Guzzlord|Beast Boost|boost\n|-boost|p1a: Guzzlord|atk|1\n|\n|-fieldend|move: Trick Room\n|upkeep\n|\n|t:|1700170353\n|switch|p2a: Hawlucha|Hawlucha, F|100\/100\n|-damage|p2a: Hawlucha|88\/100|[from] Stealth Rock\n|turn|22\n|\n|t:|1700170370\n|move|p2a: Hawlucha|Close Combat|p1a: Guzzlord\n|-supereffective|p1a: Guzzlord\n|-damage|p1a: Guzzlord|0 fnt\n|-unboost|p2a: Hawlucha|def|1\n|-unboost|p2a: Hawlucha|spd|1\n|-enditem|p2a: Hawlucha|White Herb\n|-clearnegativeboost|p2a: Hawlucha|[silent]\n|faint|p1a: Guzzlord\n|\n|upkeep\n|\n|t:|1700170380\n|switch|p1a: Eiscue|Eiscue, M, tera:Grass|75\/100\n|-damage|p1a: Eiscue|63\/100|[from] Stealth Rock\n|turn|23\n|\n|t:|1700170386\n|move|p2a: Hawlucha|Acrobatics|p1a: Eiscue\n|-activate|p1a: Eiscue|ability: Ice Face\n|-damage|p1a: Eiscue|63\/100\n|detailschange|p1a: Eiscue|Eiscue-Noice, M, tera:Grass\n|move|p1a: Eiscue|Ice Spinner|p2a: Hawlucha\n|-supereffective|p2a: Hawlucha\n|-damage|p2a: Hawlucha|0 fnt\n|faint|p2a: Hawlucha\n|\n|win|Dhrim15\n","uploadtime":1700170407,"views":5,"p1id":"dhrim15","p2id":"steven45rosas","formatid":"gen9nationaldex","rating":0,"private":0,"password":""}