{"id":"gen9nationaldex-1989931994","p1":"Carlosarmando237","p2":"Sly Killdex 2","format":"[Gen 9] National Dex","log":"|j|\u2606Carlosarmando237\n|j|\u2606Sly Killdex 2\n|t:|1699907835\n|gametype|singles\n|player|p1|Carlosarmando237|falkner|1000\n|player|p2|Sly Killdex 2|volkner|1054\n|teamsize|p1|6\n|teamsize|p2|6\n|gen|9\n|tier|[Gen 9] National Dex\n|rated|\n|rule|HP Percentage Mod: HP is shown in percentages\n|rule|Endless Battle Clause: Forcing endless battles is banned\n|rule|OHKO Clause: OHKO moves are banned\n|rule|Evasion Clause: Evasion abilities, items, and moves are banned\n|rule|Evasion Abilities Clause: Evasion abilities are banned\n|rule|Evasion Items Clause: Evasion items are banned\n|rule|Evasion Moves Clause: Evasion moves are banned\n|rule|Species Clause: Limit one of each Pok\u00e9mon\n|rule|Sleep Clause Mod: Limit one foe put to sleep\n|clearpoke\n|poke|p1|Feraligatr, M|\n|poke|p1|Tyranitar, M|\n|poke|p1|Heracross, F|\n|poke|p1|Espeon, F|\n|poke|p1|Crobat, M|\n|poke|p1|Azumarill, F|\n|poke|p2|Silvally-*|\n|poke|p2|Bounsweet, F|\n|poke|p2|Lurantis, F|\n|poke|p2|Araquanid, F|\n|poke|p2|Mudsdale, M|\n|poke|p2|Toxapex, M|\n|teampreview\n|\n|t:|1699907846\n|start\n|switch|p1a: Minako|Espeon, F|100\/100\n|switch|p2a: Araquanid|Araquanid, F|100\/100\n|turn|1\n|\n|t:|1699907857\n|switch|p1a: Bruce|Crobat, M|100\/100\n|move|p2a: Araquanid|Leech Life|p1a: Bruce\n|-resisted|p1a: Bruce\n|-damage|p1a: Bruce|92\/100\n|\n|upkeep\n|turn|2\n|\n|t:|1699907867\n|move|p1a: Bruce|Cross Poison|p2a: Araquanid\n|-damage|p2a: Araquanid|70\/100\n|move|p2a: Araquanid|Sticky Web|p1a: Bruce\n|-sidestart|p1: Carlosarmando237|move: Sticky Web\n|\n|upkeep\n|turn|3\n|\n|t:|1699907877\n|switch|p2a: Mudsdale|Mudsdale, M|100\/100\n|move|p1a: Bruce|Aerial Ace|p2a: Mudsdale\n|-damage|p2a: Mudsdale|87\/100\n|-ability|p2a: Mudsdale|Stamina|boost\n|-boost|p2a: Mudsdale|def|1\n|\n|-heal|p2a: Mudsdale|93\/100|[from] item: Leftovers\n|upkeep\n|turn|4\n|\n|t:|1699907888\n|move|p1a: Bruce|Tailwind|p1a: Bruce\n|-sidestart|p1: Carlosarmando237|move: Tailwind\n|move|p2a: Mudsdale|Stone Edge|p1a: Bruce\n|-supereffective|p1a: Bruce\n|-damage|p1a: Bruce|35\/100\n|\n|-heal|p2a: Mudsdale|99\/100|[from] item: Leftovers\n|upkeep\n|turn|5\n|\n|t:|1699907898\n|move|p1a: Bruce|Roost|p1a: Bruce\n|-heal|p1a: Bruce|85\/100\n|-singleturn|p1a: Bruce|move: Roost\n|move|p2a: Mudsdale|Stone Edge|p1a: Bruce\n|-damage|p1a: Bruce|56\/100\n|\n|-heal|p2a: Mudsdale|100\/100|[from] item: Leftovers\n|upkeep\n|turn|6\n|\n|t:|1699907907\n|move|p1a: Bruce|Roost|p1a: Bruce\n|-heal|p1a: Bruce|100\/100\n|-singleturn|p1a: Bruce|move: Roost\n|move|p2a: Mudsdale|High Horsepower|p1a: Bruce\n|-supereffective|p1a: Bruce\n|-damage|p1a: Bruce|23\/100\n|\n|upkeep\n|turn|7\n|\n|t:|1699907915\n|move|p1a: Bruce|Cross Poison|p2a: Mudsdale\n|-resisted|p2a: Mudsdale\n|-damage|p2a: Mudsdale|95\/100\n|-ability|p2a: Mudsdale|Stamina|boost\n|-boost|p2a: Mudsdale|def|1\n|move|p2a: Mudsdale|Stone Edge|p1a: Bruce\n|-supereffective|p1a: Bruce\n|-damage|p1a: Bruce|0 fnt\n|faint|p1a: Bruce\n|\n|-heal|p2a: Mudsdale|100\/100|[from] item: Leftovers\n|-sideend|p1: Carlosarmando237|move: Tailwind\n|upkeep\n|\n|t:|1699907927\n|switch|p1a: Anais|Azumarill, F, shiny|100\/100\n|-activate|p1a: Anais|move: Sticky Web\n|-unboost|p1a: Anais|spe|1\n|turn|8\n|\n|t:|1699907937\n|move|p2a: Mudsdale|High Horsepower|p1a: Anais|[miss]\n|-miss|p2a: Mudsdale|p1a: Anais\n|move|p1a: Anais|Muddy Water|p2a: Mudsdale\n|-supereffective|p2a: Mudsdale\n|-damage|p2a: Mudsdale|57\/100\n|-ability|p2a: Mudsdale|Stamina|boost\n|-boost|p2a: Mudsdale|def|1\n|\n|-heal|p2a: Mudsdale|64\/100|[from] item: Leftovers\n|upkeep\n|turn|9\n|\n|t:|1699907947\n|move|p2a: Mudsdale|Body Press|p1a: Anais\n|-resisted|p1a: Anais\n|-damage|p1a: Anais|72\/100\n|move|p1a: Anais|Attract|p2a: Mudsdale\n|-start|p2a: Mudsdale|Attract\n|\n|-heal|p2a: Mudsdale|70\/100|[from] item: Leftovers\n|upkeep\n|turn|10\n|\n|t:|1699907956\n|-activate|p2a: Mudsdale|move: Attract|[of] p1a: Anais\n|move|p2a: Mudsdale|Stealth Rock|p1a: Anais\n|-sidestart|p1: Carlosarmando237|move: Stealth Rock\n|move|p1a: Anais|Muddy Water|p2a: Mudsdale\n|-supereffective|p2a: Mudsdale\n|-damage|p2a: Mudsdale|25\/100\n|-ability|p2a: Mudsdale|Stamina|boost\n|-boost|p2a: Mudsdale|def|1\n|\n|-heal|p2a: Mudsdale|31\/100|[from] item: Leftovers\n|upkeep\n|turn|11\n|\n|t:|1699907966\n|-activate|p2a: Mudsdale|move: Attract|[of] p1a: Anais\n|cant|p2a: Mudsdale|Attract\n|move|p1a: Anais|Muddy Water|p2a: Mudsdale\n|-supereffective|p2a: Mudsdale\n|-damage|p2a: Mudsdale|0 fnt\n|faint|p2a: Mudsdale\n|\n|upkeep\n|\n|t:|1699907978\n|switch|p2a: Silvally|Silvally-Psychic|100\/100\n|turn|12\n|\n|t:|1699907993\n|move|p2a: Silvally|Thunderbolt|p1a: Anais\n|-supereffective|p1a: Anais\n|-damage|p1a: Anais|25\/100\n|move|p1a: Anais|Muddy Water|p2a: Silvally|[miss]\n|-miss|p1a: Anais|p2a: Silvally\n|\n|upkeep\n|turn|13\n|\n|t:|1699908005\n|move|p2a: Silvally|Thunderbolt|p1a: Anais\n|-supereffective|p1a: Anais\n|-damage|p1a: Anais|0 fnt\n|faint|p1a: Anais\n|\n|upkeep\n|\n|t:|1699908017\n|switch|p1a: Gojira|Tyranitar, M, shiny|100\/100\n|-activate|p1a: Gojira|move: Sticky Web\n|-unboost|p1a: Gojira|spe|1\n|-damage|p1a: Gojira|88\/100|[from] Stealth Rock\n|-weather|Sandstorm|[from] ability: Sand Stream|[of] p1a: Gojira\n|turn|14\n|\n|t:|1699908037\n|move|p2a: Silvally|Parting Shot|p1a: Gojira\n|-unboost|p1a: Gojira|atk|1\n|-unboost|p1a: Gojira|spa|1\n|\n|t:|1699908040\n|switch|p2a: Lurantis|Lurantis, F|100\/100|[from] Parting Shot\n|move|p1a: Gojira|Thunder Wave|p2a: Lurantis\n|-status|p2a: Lurantis|par\n|\n|-weather|Sandstorm|[upkeep]\n|-damage|p2a: Lurantis|94\/100 par|[from] Sandstorm\n|upkeep\n|turn|15\n|\n|t:|1699908053\n|move|p1a: Gojira|Fire Punch|p2a: Lurantis\n|-supereffective|p2a: Lurantis\n|-damage|p2a: Lurantis|68\/100 par\n|move|p2a: Lurantis|Leaf Storm|p1a: Gojira\n|-supereffective|p1a: Gojira\n|-crit|p1a: Gojira\n|-damage|p1a: Gojira|24\/100\n|-boost|p2a: Lurantis|spa|2\n|\n|-weather|Sandstorm|[upkeep]\n|-damage|p2a: Lurantis|62\/100 par|[from] Sandstorm\n|upkeep\n|turn|16\n|\n|t:|1699908066\n|switch|p1a: Cuernavaca|Heracross, F, shiny|100\/100\n|-activate|p1a: Cuernavaca|move: Sticky Web\n|-unboost|p1a: Cuernavaca|spe|1\n|-damage|p1a: Cuernavaca|88\/100|[from] Stealth Rock\n|move|p2a: Lurantis|Leaf Storm|p1a: Cuernavaca|[miss]\n|-miss|p2a: Lurantis|p1a: Cuernavaca\n|\n|-weather|Sandstorm|[upkeep]\n|-damage|p1a: Cuernavaca|82\/100|[from] Sandstorm\n|-damage|p2a: Lurantis|56\/100 par|[from] Sandstorm\n|upkeep\n|turn|17\n|\n|t:|1699908080\n|detailschange|p1a: Cuernavaca|Heracross-Mega, F, shiny\n|-mega|p1a: Cuernavaca|Heracross|Heracronite\n|move|p1a: Cuernavaca|Pin Missile|p2a: Lurantis\n|-supereffective|p2a: Lurantis\n|-damage|p2a: Lurantis|29\/100 par\n|-supereffective|p2a: Lurantis\n|-damage|p2a: Lurantis|6\/100 par\n|-supereffective|p2a: Lurantis\n|-damage|p2a: Lurantis|0 fnt\n|faint|p2a: Lurantis\n|-hitcount|p2: Lurantis|3\n|\n|-weather|Sandstorm|[upkeep]\n|-damage|p1a: Cuernavaca|76\/100|[from] Sandstorm\n|upkeep\n|\n|t:|1699908089\n|switch|p2a: Toxapex|Toxapex, M|100\/100\n|turn|18\n|\n|t:|1699908103\n|switch|p1a: Minako|Espeon, F|100\/100\n|-activate|p1a: Minako|move: Sticky Web\n|-unboost|p1a: Minako|spe|1\n|-damage|p1a: Minako|88\/100|[from] Stealth Rock\n|move|p2a: Toxapex|Toxic|p1a: Minako\n|-status|p1a: Minako|tox\n|-activate|p1a: Minako|ability: Synchronize\n|-immune|p2a: Toxapex\n|\n|-weather|none\n|-damage|p1a: Minako|82\/100 tox|[from] psn\n|upkeep\n|turn|19\n|\n|t:|1699908116\n|switch|p2a: Silvally|Silvally-Psychic|100\/100\n|move|p1a: Minako|Psychic|p2a: Silvally\n|-resisted|p2a: Silvally\n|-damage|p2a: Silvally|81\/100\n|\n|-damage|p1a: Minako|69\/100 tox|[from] psn\n|upkeep\n|turn|20\n|\n|t:|1699908126\n|move|p2a: Silvally|Parting Shot|p1a: Minako\n|-unboost|p1a: Minako|atk|1\n|-unboost|p1a: Minako|spa|1\n|\n|t:|1699908129\n|switch|p2a: Araquanid|Araquanid, F|70\/100|[from] Parting Shot\n|move|p1a: Minako|Shadow Ball|p2a: Araquanid\n|-damage|p2a: Araquanid|57\/100\n|\n|-damage|p1a: Minako|50\/100 tox|[from] psn\n|upkeep\n|turn|21\n|\n|t:|1699908144\n|switch|p1a: Cuernavaca|Heracross-Mega, F, shiny|76\/100\n|-activate|p1a: Cuernavaca|move: Sticky Web\n|-unboost|p1a: Cuernavaca|spe|1\n|-damage|p1a: Cuernavaca|63\/100|[from] Stealth Rock\n|move|p2a: Araquanid|Leech Life|p1a: Cuernavaca\n|-resisted|p1a: Cuernavaca\n|-damage|p1a: Cuernavaca|50\/100\n|-heal|p2a: Araquanid|63\/100|[from] drain|[of] p1a: Cuernavaca\n|\n|upkeep\n|turn|22\n|\n|t:|1699908156\n|move|p1a: Cuernavaca|Rock Blast|p2a: Araquanid|[miss]\n|-miss|p1a: Cuernavaca|p2a: Araquanid\n|move|p2a: Araquanid|Liquidation|p1a: Cuernavaca\n|-damage|p1a: Cuernavaca|0 fnt\n|faint|p1a: Cuernavaca\n|\n|upkeep\n|\n|t:|1699908165\n|switch|p1a: Gojira|Tyranitar, M, shiny|24\/100\n|-activate|p1a: Gojira|move: Sticky Web\n|-unboost|p1a: Gojira|spe|1\n|-damage|p1a: Gojira|12\/100|[from] Stealth Rock\n|-weather|Sandstorm|[from] ability: Sand Stream|[of] p1a: Gojira\n|turn|23\n|\n|t:|1699908176\n|move|p1a: Gojira|Fire Punch|p2a: Araquanid\n|-damage|p2a: Araquanid|50\/100\n|move|p2a: Araquanid|Liquidation|p1a: Gojira\n|-supereffective|p1a: Gojira\n|-damage|p1a: Gojira|0 fnt\n|faint|p1a: Gojira\n|\n|-weather|Sandstorm|[upkeep]\n|-damage|p2a: Araquanid|44\/100|[from] Sandstorm\n|upkeep\n|-message|Carlosarmando237 forfeited.\n|\n|win|Sly Killdex 2\n|raw|Carlosarmando237's rating: 1000 &rarr; <strong>1000<\/strong><br \/>(+0 for losing)\n|raw|Sly Killdex 2's rating: 1054 &rarr; <strong>1081<\/strong><br \/>(+27 for winning)\n|l|\u2606Carlosarmando237\n","uploadtime":1699908183,"views":4,"p1id":"carlosarmando237","p2id":"slykilldex2","formatid":"gen9nationaldex","rating":1000,"private":0,"password":""}