{"id":"gen9nationaldex-1989381012","p1":"zkayani","p2":"Isalli","format":"[Gen 9] National Dex","log":"|j|\u2606zkayani\n|j|\u2606Isalli\n|t:|1699843057\n|gametype|singles\n|player|p1|zkayani|101|\n|player|p2|Isalli|265|\n|teamsize|p1|6\n|teamsize|p2|6\n|gen|9\n|tier|[Gen 9] National Dex\n|rule|HP Percentage Mod: HP is shown in percentages\n|rule|Endless Battle Clause: Forcing endless battles is banned\n|rule|OHKO Clause: OHKO moves are banned\n|rule|Evasion Clause: Evasion abilities, items, and moves are banned\n|rule|Evasion Abilities Clause: Evasion abilities are banned\n|rule|Evasion Items Clause: Evasion items are banned\n|rule|Evasion Moves Clause: Evasion moves are banned\n|rule|Species Clause: Limit one of each Pok\u00e9mon\n|rule|Sleep Clause Mod: Limit one foe put to sleep\n|clearpoke\n|poke|p1|Aerodactyl, F|\n|poke|p1|Mantine, M|\n|poke|p1|Donphan, F|\n|poke|p1|Kadabra, F|\n|poke|p1|Gallade, M|\n|poke|p1|Persian-Alola, M|\n|poke|p2|Slither Wing|\n|poke|p2|Charizard, F|\n|poke|p2|Scovillain, F|\n|poke|p2|Florges, F|\n|poke|p2|Dunsparce, F|\n|poke|p2|Murkrow, M|\n|teampreview\n|\n|t:|1699843068\n|start\n|switch|p1a: Aerodactyl|Aerodactyl, F|100\/100\n|switch|p2a: Dunsparce|Dunsparce, F|100\/100\n|turn|1\n|inactive|Battle timer is ON: inactive players will automatically lose when time's up. (requested by Isalli)\n|\n|t:|1699843089\n|detailschange|p1a: Aerodactyl|Aerodactyl-Mega, F\n|-mega|p1a: Aerodactyl|Aerodactyl|Aerodactylite\n|move|p1a: Aerodactyl|Dual Wingbeat|p2a: Dunsparce\n|-damage|p2a: Dunsparce|81\/100\n|-crit|p2a: Dunsparce\n|-damage|p2a: Dunsparce|50\/100\n|-hitcount|p2a: Dunsparce|2\n|move|p2a: Dunsparce|Body Slam|p1a: Aerodactyl\n|-resisted|p1a: Aerodactyl\n|-damage|p1a: Aerodactyl|87\/100\n|-status|p1a: Aerodactyl|par\n|\n|upkeep\n|turn|2\n|\n|t:|1699843104\n|move|p1a: Aerodactyl|Dual Wingbeat|p2a: Dunsparce\n|-damage|p2a: Dunsparce|31\/100\n|-crit|p2a: Dunsparce\n|-damage|p2a: Dunsparce|0 fnt\n|faint|p2a: Dunsparce\n|-hitcount|p2: Dunsparce|2\n|\n|upkeep\n|inactive|Isalli has 270 seconds left.\n|\n|t:|1699843130\n|switch|p2a: Murkrow|Murkrow, M|100\/100\n|turn|3\n|\n|t:|1699843136\n|move|p2a: Murkrow|Sunny Day|p2a: Murkrow\n|-weather|SunnyDay\n|move|p1a: Aerodactyl|Stone Edge|p2a: Murkrow\n|-supereffective|p2a: Murkrow\n|-damage|p2a: Murkrow|0 fnt\n|faint|p2a: Murkrow\n|\n|-weather|SunnyDay|[upkeep]\n|upkeep\n|\n|t:|1699843146\n|switch|p2a: Scovillain|Scovillain, F, shiny|100\/100\n|turn|4\n|\n|t:|1699843151\n|move|p2a: Scovillain|Overheat|p1a: Aerodactyl\n|-resisted|p1a: Aerodactyl\n|-damage|p1a: Aerodactyl|38\/100 par\n|-unboost|p2a: Scovillain|spa|2\n|move|p1a: Aerodactyl|Dual Wingbeat|p2a: Scovillain\n|-supereffective|p2a: Scovillain\n|-damage|p2a: Scovillain|0 fnt\n|faint|p2a: Scovillain\n|-hitcount|p2: Scovillain|1\n|\n|-weather|SunnyDay|[upkeep]\n|upkeep\n|\n|t:|1699843172\n|switch|p2a: Slither Wing|Slither Wing|100\/100\n|-activate|p2a: Slither Wing|ability: Protosynthesis\n|-start|p2a: Slither Wing|protosynthesisatk\n|turn|5\n|\n|t:|1699843179\n|switch|p1a: Gallade|Gallade, M|100\/100\n|move|p2a: Slither Wing|Trailblaze|p1a: Gallade\n|-damage|p1a: Gallade|58\/100\n|-boost|p2a: Slither Wing|spe|1\n|\n|-weather|SunnyDay|[upkeep]\n|upkeep\n|turn|6\n|\n|t:|1699843190\n|move|p2a: Slither Wing|Leech Life|p1a: Gallade\n|-damage|p1a: Gallade|0 fnt\n|faint|p1a: Gallade\n|\n|-weather|SunnyDay|[upkeep]\n|upkeep\n|\n|t:|1699843195\n|switch|p1a: Mantine|Mantine, M|100\/100\n|turn|7\n|\n|t:|1699843199\n|move|p2a: Slither Wing|Wild Charge|p1a: Mantine\n|-supereffective|p1a: Mantine\n|-damage|p1a: Mantine|0 fnt\n|faint|p1a: Mantine\n|-damage|p2a: Slither Wing|74\/100|[from] Recoil\n|\n|-weather|SunnyDay|[upkeep]\n|upkeep\n|\n|t:|1699843206\n|switch|p1a: Kadabra|Kadabra, F|100\/100\n|turn|8\n|\n|t:|1699843215\n|move|p2a: Slither Wing|Leech Life|p1a: Kadabra\n|-supereffective|p1a: Kadabra\n|-enditem|p1a: Kadabra|Focus Sash\n|-damage|p1a: Kadabra|1\/100\n|-heal|p2a: Slither Wing|100\/100|[from] drain|[of] p1a: Kadabra\n|move|p1a: Kadabra|Psychic|p2a: Slither Wing\n|-supereffective|p2a: Slither Wing\n|-damage|p2a: Slither Wing|11\/100\n|\n|-weather|SunnyDay|[upkeep]\n|upkeep\n|turn|9\n|\n|t:|1699843230\n|switch|p1a: Persian|Persian-Alola, M|100\/100\n|move|p2a: Slither Wing|Trailblaze|p1a: Persian\n|-crit|p1a: Persian\n|-damage|p1a: Persian|64\/100\n|-boost|p2a: Slither Wing|spe|1\n|\n|-weather|SunnyDay|[upkeep]\n|-heal|p1a: Persian|70\/100|[from] item: Leftovers\n|upkeep\n|turn|10\n|\n|t:|1699843241\n|move|p2a: Slither Wing|Leech Life|p1a: Persian\n|-supereffective|p1a: Persian\n|-damage|p1a: Persian|0 fnt\n|-heal|p2a: Slither Wing|40\/100|[from] drain|[of] p1a: Persian\n|faint|p1a: Persian\n|\n|-weather|none\n|-end|p2a: Slither Wing|Protosynthesis\n|upkeep\n|-enditem|p2a: Slither Wing|Booster Energy\n|-activate|p2a: Slither Wing|ability: Protosynthesis|[fromitem]\n|-start|p2a: Slither Wing|protosynthesisspe\n|\n|t:|1699843252\n|switch|p1a: Donphan|Donphan, F|100\/100\n|turn|11\n|\n|t:|1699843276\n|move|p2a: Slither Wing|Leech Life|p1a: Donphan\n|-damage|p1a: Donphan|64\/100\n|-heal|p2a: Slither Wing|61\/100|[from] drain|[of] p1a: Donphan\n|move|p1a: Donphan|Earthquake|p2a: Slither Wing\n|-resisted|p2a: Slither Wing\n|-damage|p2a: Slither Wing|25\/100\n|\n|-heal|p1a: Donphan|70\/100|[from] item: Leftovers\n|upkeep\n|turn|12\n|\n|t:|1699843288\n|move|p2a: Slither Wing|Close Combat|p1a: Donphan\n|-damage|p1a: Donphan|17\/100\n|-unboost|p2a: Slither Wing|def|1\n|-unboost|p2a: Slither Wing|spd|1\n|move|p1a: Donphan|Earthquake|p2a: Slither Wing\n|-resisted|p2a: Slither Wing\n|-damage|p2a: Slither Wing|0 fnt\n|faint|p2a: Slither Wing\n|-end|p2a: Slither Wing|Protosynthesis|[silent]\n|\n|-heal|p1a: Donphan|24\/100|[from] item: Leftovers\n|upkeep\n|\n|t:|1699843293\n|switch|p2a: Charizard|Charizard, F, shiny|100\/100\n|turn|13\n|inactive|zkayani has 270 seconds left.\n|\n|t:|1699843323\n|detailschange|p2a: Charizard|Charizard-Mega-Y, F, shiny\n|-mega|p2a: Charizard|Charizard|Charizardite Y\n|-weather|SunnyDay|[from] ability: Drought|[of] p2a: Charizard\n|move|p2a: Charizard|Weather Ball|p1a: Donphan\n|-damage|p1a: Donphan|0 fnt\n|faint|p1a: Donphan\n|\n|-weather|SunnyDay|[upkeep]\n|upkeep\n|inactive|zkayani has 270 seconds left.\n|\n|t:|1699843332\n|switch|p1a: Aerodactyl|Aerodactyl-Mega, F|38\/100 par\n|turn|14\n|\n|t:|1699843337\n|move|p2a: Charizard|Weather Ball|p1a: Aerodactyl\n|-resisted|p1a: Aerodactyl\n|-damage|p1a: Aerodactyl|0 fnt\n|faint|p1a: Aerodactyl\n|\n|-weather|SunnyDay|[upkeep]\n|upkeep\n|c|\u2606Isalli|gg\n|\n|t:|1699843343\n|switch|p1a: Kadabra|Kadabra, F|1\/100\n|turn|15\n|c|\u2606Isalli|im not gonna make any hcanges\n|\n|t:|1699843351\n|move|p1a: Kadabra|Psychic|p2a: Charizard\n|-damage|p2a: Charizard|52\/100\n|move|p2a: Charizard|Scorching Sands|p1a: Kadabra\n|-damage|p1a: Kadabra|0 fnt\n|faint|p1a: Kadabra\n|\n|win|Isalli\n|l|\u2606Isalli\n|l|\u2606zkayani\n|j|\u2606Isalli\n|player|p2|Isalli|265\n","uploadtime":1699843849,"views":19,"p1id":"zkayani","p2id":"isalli","formatid":"gen9nationaldex","rating":0,"private":0,"password":""}