{"id":"gen9nationaldex-1992914250","p1":"SoyuzaBrother","p2":"Milkmann3","format":"[Gen 9] National Dex","log":"|j|\u2606SoyuzaBrother\n|j|\u2606Milkmann3\n|t:|1700246375\n|gametype|singles\n|player|p1|SoyuzaBrother|cynthia-masters|1488\n|player|p2|Milkmann3|giovanni|1518\n|teamsize|p1|6\n|teamsize|p2|6\n|gen|9\n|tier|[Gen 9] National Dex\n|rated|\n|rule|HP Percentage Mod: HP is shown in percentages\n|rule|Endless Battle Clause: Forcing endless battles is banned\n|rule|OHKO Clause: OHKO moves are banned\n|rule|Evasion Clause: Evasion abilities, items, and moves are banned\n|rule|Evasion Abilities Clause: Evasion abilities are banned\n|rule|Evasion Items Clause: Evasion items are banned\n|rule|Evasion Moves Clause: Evasion moves are banned\n|rule|Species Clause: Limit one of each Pok\u00e9mon\n|rule|Sleep Clause Mod: Limit one foe put to sleep\n|clearpoke\n|poke|p1|Ninetales-Alola, M|\n|poke|p1|Glimmora, F|\n|poke|p1|Great Tusk|\n|poke|p1|Charizard, F|\n|poke|p1|Aegislash, F|\n|poke|p1|Kyurem|\n|poke|p2|Lopunny, M|\n|poke|p2|Garganacl, M|\n|poke|p2|Kartana|\n|poke|p2|Moltres|\n|poke|p2|Garchomp, M|\n|poke|p2|Sinistcha|\n|teampreview\n|inactive|Battle timer is ON: inactive players will automatically lose when time's up. (requested by SoyuzaBrother)\n|\n|t:|1700246398\n|start\n|switch|p1a: Snow Doggy|Ninetales-Alola, M|100\/100\n|switch|p2a: Lopunny|Lopunny, M|100\/100\n|-weather|Snow|[from] ability: Snow Warning|[of] p1a: Snow Doggy\n|turn|1\n|\n|t:|1700246414\n|switch|p1a: Uranium|Glimmora, F|100\/100\n|detailschange|p2a: Lopunny|Lopunny-Mega, M\n|-mega|p2a: Lopunny|Lopunny|Lopunnite\n|move|p2a: Lopunny|Fake Out|p1a: Uranium\n|-resisted|p1a: Uranium\n|-damage|p1a: Uranium|90\/100\n|-activate|p1a: Uranium|ability: Toxic Debris\n|-sidestart|p2: Milkmann3|move: Toxic Spikes\n|\n|-weather|Snow|[upkeep]\n|upkeep\n|turn|2\n|\n|t:|1700246423\n|move|p2a: Lopunny|Close Combat|p1a: Uranium\n|-damage|p1a: Uranium|20\/100\n|-unboost|p2a: Lopunny|def|1\n|-unboost|p2a: Lopunny|spd|1\n|-activate|p1a: Uranium|ability: Toxic Debris\n|-sidestart|p2: Milkmann3|move: Toxic Spikes\n|move|p1a: Uranium|Stealth Rock|p2a: Lopunny\n|-sidestart|p2: Milkmann3|move: Stealth Rock\n|\n|-weather|Snow|[upkeep]\n|upkeep\n|turn|3\n|\n|t:|1700246430\n|move|p2a: Lopunny|Close Combat|p1a: Uranium\n|-damage|p1a: Uranium|0 fnt\n|-unboost|p2a: Lopunny|def|1\n|-unboost|p2a: Lopunny|spd|1\n|faint|p1a: Uranium\n|\n|-weather|Snow|[upkeep]\n|upkeep\n|\n|t:|1700246435\n|switch|p1a: Huh?|Charizard, F|100\/100\n|turn|4\n|\n|t:|1700246451\n|detailschange|p1a: Huh?|Charizard-Mega-Y, F\n|-mega|p1a: Huh?|Charizard|Charizardite Y\n|-weather|SunnyDay|[from] ability: Drought|[of] p1a: Huh?\n|move|p2a: Lopunny|Return|p1a: Huh?\n|-damage|p1a: Huh?|27\/100\n|move|p1a: Huh?|Air Slash|p2a: Lopunny\n|-supereffective|p2a: Lopunny\n|-crit|p2a: Lopunny\n|-damage|p2a: Lopunny|0 fnt\n|faint|p2a: Lopunny\n|\n|-weather|SunnyDay|[upkeep]\n|upkeep\n|\n|t:|1700246457\n|switch|p2a: Moltres|Moltres|100\/100\n|turn|5\n|\n|t:|1700246460\n|move|p1a: Huh?|Air Slash|p2a: Moltres\n|-damage|p2a: Moltres|65\/100\n|move|p2a: Moltres|Defog|p1a: Huh?\n|-unboost|p1a: Huh?|evasion|1\n|-sideend|p2: Milkmann3|Toxic Spikes|[from] move: Defog|[of] p2a: Moltres\n|-sideend|p2: Milkmann3|Stealth Rock|[from] move: Defog|[of] p2a: Moltres\n|\n|-weather|SunnyDay|[upkeep]\n|upkeep\n|turn|6\n|\n|t:|1700246466\n|move|p1a: Huh?|Air Slash|p2a: Moltres\n|-damage|p2a: Moltres|30\/100\n|cant|p2a: Moltres|flinch\n|\n|-weather|SunnyDay|[upkeep]\n|upkeep\n|turn|7\n|\n|t:|1700246470\n|switch|p2a: Garganacl|Garganacl, M|100\/100\n|move|p1a: Huh?|Air Slash|p2a: Garganacl\n|-resisted|p2a: Garganacl\n|-damage|p2a: Garganacl|85\/100\n|\n|-weather|SunnyDay|[upkeep]\n|-heal|p2a: Garganacl|91\/100|[from] item: Leftovers\n|upkeep\n|turn|8\n|\n|t:|1700246477\n|switch|p1a: Spooky Sword|Aegislash, F|100\/100\n|move|p2a: Garganacl|Protect||[still]\n|-fail|p2a: Garganacl\n|\n|-weather|none\n|-heal|p2a: Garganacl|98\/100|[from] item: Leftovers\n|upkeep\n|turn|9\n|\n|t:|1700246481\n|switch|p2a: Garchomp|Garchomp, M|100\/100\n|-formechange|p1a: Spooky Sword|Aegislash-Blade||[from] ability: Stance Change\n|move|p1a: Spooky Sword|Iron Head|p2a: Garchomp\n|-damage|p2a: Garchomp|74\/100\n|-damage|p1a: Spooky Sword|88\/100|[from] ability: Rough Skin|[of] p2a: Garchomp\n|-damage|p1a: Spooky Sword|71\/100|[from] item: Rocky Helmet|[of] p2a: Garchomp\n|\n|-heal|p1a: Spooky Sword|78\/100|[from] item: Leftovers\n|upkeep\n|turn|10\n|\n|t:|1700246488\n|move|p2a: Garchomp|Spikes|p1a: Spooky Sword\n|-sidestart|p1: SoyuzaBrother|Spikes\n|move|p1a: Spooky Sword|Shadow Ball|p2a: Garchomp\n|-damage|p2a: Garchomp|41\/100\n|\n|-heal|p1a: Spooky Sword|84\/100|[from] item: Leftovers\n|upkeep\n|turn|11\n|\n|t:|1700246494\n|-formechange|p1a: Spooky Sword|Aegislash||[from] ability: Stance Change\n|move|p1a: Spooky Sword|King's Shield|p1a: Spooky Sword\n|-singleturn|p1a: Spooky Sword|Protect\n|move|p2a: Garchomp|Earthquake|p1a: Spooky Sword\n|-activate|p1a: Spooky Sword|move: Protect\n|\n|-heal|p1a: Spooky Sword|90\/100|[from] item: Leftovers\n|upkeep\n|turn|12\n|\n|t:|1700246501\n|move|p2a: Garchomp|Toxic|p1a: Spooky Sword\n|-immune|p1a: Spooky Sword\n|-formechange|p1a: Spooky Sword|Aegislash-Blade||[from] ability: Stance Change\n|move|p1a: Spooky Sword|Shadow Ball|p2a: Garchomp\n|-damage|p2a: Garchomp|6\/100\n|\n|-heal|p1a: Spooky Sword|96\/100|[from] item: Leftovers\n|upkeep\n|turn|13\n|\n|t:|1700246509\n|switch|p2a: Moltres|Moltres|30\/100\n|move|p1a: Spooky Sword|Shadow Sneak|p2a: Moltres\n|-damage|p2a: Moltres|13\/100\n|\n|-heal|p1a: Spooky Sword|100\/100|[from] item: Leftovers\n|upkeep\n|turn|14\n|\n|t:|1700246514\n|move|p1a: Spooky Sword|Shadow Sneak|p2a: Moltres\n|-damage|p2a: Moltres|0 fnt\n|faint|p2a: Moltres\n|\n|upkeep\n|\n|t:|1700246527\n|switch|p2a: Garganacl|Garganacl, M|98\/100\n|turn|15\n|\n|t:|1700246536\n|move|p1a: Spooky Sword|Iron Head|p2a: Garganacl\n|-supereffective|p2a: Garganacl\n|-damage|p2a: Garganacl|47\/100\n|move|p2a: Garganacl|Salt Cure|p1a: Spooky Sword\n|-resisted|p1a: Spooky Sword\n|-damage|p1a: Spooky Sword|92\/100\n|-start|p1a: Spooky Sword|Salt Cure\n|\n|-heal|p1a: Spooky Sword|98\/100|[from] item: Leftovers\n|-heal|p2a: Garganacl|53\/100|[from] item: Leftovers\n|-damage|p1a: Spooky Sword|73\/100|[from] Salt Cure\n|upkeep\n|turn|16\n|\n|t:|1700246544\n|move|p2a: Garganacl|Protect|p2a: Garganacl\n|-singleturn|p2a: Garganacl|Protect\n|move|p1a: Spooky Sword|Iron Head|p2a: Garganacl\n|-activate|p2a: Garganacl|move: Protect\n|\n|-heal|p1a: Spooky Sword|79\/100|[from] item: Leftovers\n|-heal|p2a: Garganacl|59\/100|[from] item: Leftovers\n|-damage|p1a: Spooky Sword|54\/100|[from] Salt Cure\n|upkeep\n|turn|17\n|\n|t:|1700246551\n|switch|p2a: Garchomp|Garchomp, M|6\/100\n|move|p1a: Spooky Sword|Iron Head|p2a: Garchomp\n|-damage|p2a: Garchomp|0 fnt\n|-damage|p1a: Spooky Sword|42\/100|[from] ability: Rough Skin|[of] p2a: Garchomp\n|-damage|p1a: Spooky Sword|25\/100|[from] item: Rocky Helmet|[of] p2a: Garchomp\n|faint|p2a: Garchomp\n|\n|-heal|p1a: Spooky Sword|31\/100|[from] item: Leftovers\n|-damage|p1a: Spooky Sword|6\/100|[from] Salt Cure\n|upkeep\n|\n|t:|1700246553\n|switch|p2a: Garganacl|Garganacl, M|59\/100\n|turn|18\n|\n|t:|1700246568\n|switch|p1a: Snow Doggy|Ninetales-Alola, M|100\/100\n|-damage|p1a: Snow Doggy|88\/100|[from] Spikes\n|-weather|Snow|[from] ability: Snow Warning|[of] p1a: Snow Doggy\n|move|p2a: Garganacl|Recover|p2a: Garganacl\n|-heal|p2a: Garganacl|100\/100\n|\n|-weather|Snow|[upkeep]\n|upkeep\n|turn|19\n|\n|t:|1700246571\n|move|p1a: Snow Doggy|Aurora Veil|p1a: Snow Doggy\n|-sidestart|p1: SoyuzaBrother|move: Aurora Veil\n|move|p2a: Garganacl|Stealth Rock|p1a: Snow Doggy\n|-sidestart|p1: SoyuzaBrother|move: Stealth Rock\n|\n|-weather|Snow|[upkeep]\n|upkeep\n|turn|20\n|\n|t:|1700246590\n|switch|p1a: Manny|Great Tusk|100\/100\n|-damage|p1a: Manny|88\/100|[from] Spikes\n|-damage|p1a: Manny|85\/100|[from] Stealth Rock\n|switch|p2a: Kartana|Kartana|100\/100\n|\n|-weather|Snow|[upkeep]\n|-heal|p1a: Manny|91\/100|[from] item: Leftovers\n|upkeep\n|turn|21\n|\n|t:|1700246592\n|switch|p2a: Sinistcha|Sinistcha|100\/100\n|move|p1a: Manny|Knock Off|p2a: Sinistcha\n|-supereffective|p2a: Sinistcha\n|-damage|p2a: Sinistcha|49\/100\n|-enditem|p2a: Sinistcha|Leftovers|[from] move: Knock Off|[of] p1a: Manny\n|\n|-weather|Snow|[upkeep]\n|-heal|p1a: Manny|98\/100|[from] item: Leftovers\n|upkeep\n|turn|22\n|\n|t:|1700246598\n|move|p1a: Manny|Knock Off|p2a: Sinistcha\n|-supereffective|p2a: Sinistcha\n|-damage|p2a: Sinistcha|16\/100\n|move|p2a: Sinistcha|Strength Sap|p1a: Manny\n|-unboost|p1a: Manny|atk|1\n|-heal|p2a: Sinistcha|100\/100\n|\n|-weather|none\n|-heal|p1a: Manny|100\/100|[from] item: Leftovers\n|upkeep\n|turn|23\n|\n|t:|1700246611\n|-end|p1a: Manny|Protosynthesis|[silent]\n|switch|p1a: BaxKyurabur|Kyurem|100\/100\n|-damage|p1a: BaxKyurabur|88\/100|[from] Spikes\n|-damage|p1a: BaxKyurabur|63\/100|[from] Stealth Rock\n|-ability|p1a: BaxKyurabur|Pressure\n|move|p2a: Sinistcha|Matcha Gotcha|p1a: BaxKyurabur\n|-resisted|p1a: BaxKyurabur\n|-damage|p1a: BaxKyurabur|56\/100\n|-status|p1a: BaxKyurabur|brn\n|\n|-damage|p1a: BaxKyurabur|50\/100 brn|[from] brn\n|upkeep\n|turn|24\n|\n|t:|1700246625\n|switch|p2a: Garganacl|Garganacl, M|100\/100\n|-terastallize|p1a: BaxKyurabur|Ghost\n|move|p1a: BaxKyurabur|Dragon Dance|p1a: BaxKyurabur\n|-boost|p1a: BaxKyurabur|atk|1\n|-boost|p1a: BaxKyurabur|spe|1\n|\n|-damage|p1a: BaxKyurabur|43\/100 brn|[from] brn\n|upkeep\n|turn|25\n|\n|t:|1700246638\n|-terastallize|p2a: Garganacl|Fairy\n|move|p1a: BaxKyurabur|Icicle Spear|p2a: Garganacl\n|-damage|p2a: Garganacl|93\/100\n|-damage|p2a: Garganacl|86\/100\n|-damage|p2a: Garganacl|79\/100\n|-damage|p2a: Garganacl|72\/100\n|-damage|p2a: Garganacl|65\/100\n|-hitcount|p2a: Garganacl|5\n|move|p2a: Garganacl|Salt Cure|p1a: BaxKyurabur\n|-damage|p1a: BaxKyurabur|36\/100 brn\n|-start|p1a: BaxKyurabur|Salt Cure\n|\n|-heal|p2a: Garganacl|71\/100|[from] item: Leftovers\n|-damage|p1a: BaxKyurabur|30\/100 brn|[from] brn\n|-damage|p1a: BaxKyurabur|18\/100 brn|[from] Salt Cure\n|upkeep\n|turn|26\n|\n|t:|1700246651\n|move|p2a: Garganacl|Protect|p2a: Garganacl\n|-singleturn|p2a: Garganacl|Protect\n|move|p1a: BaxKyurabur|Dragon Dance|p1a: BaxKyurabur\n|-boost|p1a: BaxKyurabur|atk|1\n|-boost|p1a: BaxKyurabur|spe|1\n|\n|-heal|p2a: Garganacl|77\/100|[from] item: Leftovers\n|-damage|p1a: BaxKyurabur|12\/100 brn|[from] brn\n|-damage|p1a: BaxKyurabur|0 fnt|[from] Salt Cure\n|faint|p1a: BaxKyurabur\n|-sideend|p1: SoyuzaBrother|move: Aurora Veil\n|upkeep\n|\n|t:|1700246663\n|switch|p1a: Snow Doggy|Ninetales-Alola, M|88\/100\n|-damage|p1a: Snow Doggy|76\/100|[from] Spikes\n|-damage|p1a: Snow Doggy|51\/100|[from] Stealth Rock\n|-weather|Snow|[from] ability: Snow Warning|[of] p1a: Snow Doggy\n|turn|27\n|\n|t:|1700246672\n|move|p1a: Snow Doggy|Encore|p2a: Garganacl\n|-start|p2a: Garganacl|Encore\n|move|p2a: Garganacl|Protect||[still]\n|-fail|p2a: Garganacl\n|\n|-weather|Snow|[upkeep]\n|-heal|p2a: Garganacl|83\/100|[from] item: Leftovers\n|upkeep\n|turn|28\n|\n|t:|1700246680\n|switch|p2a: Kartana|Kartana|100\/100\n|move|p1a: Snow Doggy|Aurora Veil|p1a: Snow Doggy\n|-sidestart|p1: SoyuzaBrother|move: Aurora Veil\n|\n|-weather|Snow|[upkeep]\n|upkeep\n|turn|29\n|\n|t:|1700246690\n|move|p2a: Kartana|Leaf Blade|p1a: Snow Doggy\n|-damage|p1a: Snow Doggy|26\/100\n|move|p1a: Snow Doggy|Freeze-Dry|p2a: Kartana\n|-damage|p2a: Kartana|38\/100\n|\n|-weather|Snow|[upkeep]\n|upkeep\n|turn|30\n|\n|t:|1700246698\n|move|p2a: Kartana|Leaf Blade|p1a: Snow Doggy\n|-damage|p1a: Snow Doggy|0 fnt\n|faint|p1a: Snow Doggy\n|-ability|p2a: Kartana|Beast Boost|boost\n|-boost|p2a: Kartana|atk|1\n|\n|-weather|Snow|[upkeep]\n|upkeep\n|\n|t:|1700246702\n|switch|p1a: Manny|Great Tusk|100\/100\n|-damage|p1a: Manny|88\/100|[from] Spikes\n|-damage|p1a: Manny|85\/100|[from] Stealth Rock\n|turn|31\n|\n|t:|1700246709\n|move|p2a: Kartana|Leaf Blade|p1a: Manny\n|-supereffective|p1a: Manny\n|-damage|p1a: Manny|10\/100\n|move|p1a: Manny|Rapid Spin|p2a: Kartana\n|-resisted|p2a: Kartana\n|-damage|p2a: Kartana|29\/100\n|-boost|p1a: Manny|spe|1\n|-sideend|p1: SoyuzaBrother|Spikes|[from] move: Rapid Spin|[of] p1a: Manny\n|-sideend|p1: SoyuzaBrother|Stealth Rock|[from] move: Rapid Spin|[of] p1a: Manny\n|\n|-weather|none\n|-heal|p1a: Manny|16\/100|[from] item: Leftovers\n|upkeep\n|turn|32\n|\n|t:|1700246715\n|move|p2a: Kartana|Leaf Blade|p1a: Manny\n|-supereffective|p1a: Manny\n|-crit|p1a: Manny\n|-damage|p1a: Manny|0 fnt\n|faint|p1a: Manny\n|-end|p1a: Manny|Protosynthesis|[silent]\n|-ability|p2a: Kartana|Beast Boost|boost\n|-boost|p2a: Kartana|atk|1\n|\n|upkeep\n|c|\u2606Milkmann3|Gg\n|\n|t:|1700246720\n|switch|p1a: Spooky Sword|Aegislash, F|6\/100\n|turn|33\n|\n|t:|1700246728\n|-formechange|p1a: Spooky Sword|Aegislash-Blade||[from] ability: Stance Change\n|move|p1a: Spooky Sword|Shadow Sneak|p2a: Kartana\n|-damage|p2a: Kartana|10\/100\n|move|p2a: Kartana|Leaf Blade|p1a: Spooky Sword\n|-resisted|p1a: Spooky Sword\n|-damage|p1a: Spooky Sword|0 fnt\n|faint|p1a: Spooky Sword\n|-ability|p2a: Kartana|Beast Boost|boost\n|-boost|p2a: Kartana|atk|1\n|\n|upkeep\n|\n|t:|1700246732\n|switch|p1a: Huh?|Charizard-Mega-Y, F|27\/100\n|-weather|SunnyDay|[from] ability: Drought|[of] p1a: Huh?\n|turn|34\n|\n|t:|1700246735\n|move|p2a: Kartana|Leaf Blade|p1a: Huh?\n|-resisted|p1a: Huh?\n|-damage|p1a: Huh?|1\/100\n|move|p1a: Huh?|Flamethrower|p2a: Kartana\n|-supereffective|p2a: Kartana\n|-damage|p2a: Kartana|0 fnt\n|faint|p2a: Kartana\n|\n|-weather|SunnyDay|[upkeep]\n|upkeep\n|\n|t:|1700246745\n|switch|p2a: Garganacl|Garganacl, M, tera:Fairy|83\/100\n|turn|35\n|\n|t:|1700246751\n|move|p1a: Huh?|Air Slash|p2a: Garganacl\n|-damage|p2a: Garganacl|51\/100\n|move|p2a: Garganacl|Salt Cure|p1a: Huh?\n|-supereffective|p1a: Huh?\n|-damage|p1a: Huh?|0 fnt\n|faint|p1a: Huh?\n|\n|win|Milkmann3\n|raw|SoyuzaBrother's rating: 1488 &rarr; <strong>1470<\/strong><br \/>(-18 for losing)\n|raw|Milkmann3's rating: 1518 &rarr; <strong>1536<\/strong><br \/>(+18 for winning)\n|l|\u2606SoyuzaBrother\n","uploadtime":1700246771,"views":21,"p1id":"soyuzabrother","p2id":"milkmann3","formatid":"gen9nationaldex","rating":1470,"private":0,"password":""}