{"id":"gen9nationaldex-1987434734","p1":"DustNstuff","p2":"Brennuu","format":"[Gen 9] National Dex","log":"|j|\u2606DustNstuff\n|j|\u2606Brennuu\n|t:|1699591052\n|gametype|singles\n|player|p1|DustNstuff|266|1035\n|player|p2|Brennuu|roxie|1083\n|teamsize|p1|6\n|teamsize|p2|6\n|gen|9\n|tier|[Gen 9] National Dex\n|rated|\n|rule|HP Percentage Mod: HP is shown in percentages\n|rule|Endless Battle Clause: Forcing endless battles is banned\n|rule|OHKO Clause: OHKO moves are banned\n|rule|Evasion Clause: Evasion abilities, items, and moves are banned\n|rule|Evasion Abilities Clause: Evasion abilities are banned\n|rule|Evasion Items Clause: Evasion items are banned\n|rule|Evasion Moves Clause: Evasion moves are banned\n|rule|Species Clause: Limit one of each Pok\u00e9mon\n|rule|Sleep Clause Mod: Limit one foe put to sleep\n|clearpoke\n|poke|p1|Ninetales-Alola, F|\n|poke|p1|Mamoswine, M|\n|poke|p1|Espeon, F|\n|poke|p1|Nidoking, M|\n|poke|p1|Luxray, M|\n|poke|p1|Scizor, F|\n|poke|p2|Bellibolt, M|\n|poke|p2|Eiscue, M|\n|poke|p2|Gliscor, M|\n|poke|p2|Gengar, M|\n|poke|p2|Tapu Lele|\n|poke|p2|Altaria, M|\n|teampreview\n|c|\u2606DustNstuff|lets go\n|\n|t:|1699591065\n|start\n|switch|p1a: Caitlin|Ninetales-Alola, F, shiny|100\/100\n|switch|p2a: Tapu Lele|Tapu Lele|100\/100\n|-weather|Snow|[from] ability: Snow Warning|[of] p1a: Caitlin\n|-fieldstart|move: Psychic Terrain|[from] ability: Psychic Surge|[of] p2a: Tapu Lele\n|turn|1\n|\n|t:|1699591075\n|move|p1a: Caitlin|Aurora Veil|p1a: Caitlin\n|-sidestart|p1: DustNstuff|move: Aurora Veil\n|move|p2a: Tapu Lele|Calm Mind|p2a: Tapu Lele\n|-boost|p2a: Tapu Lele|spa|1\n|-boost|p2a: Tapu Lele|spd|1\n|\n|-weather|Snow|[upkeep]\n|upkeep\n|turn|2\n|\n|t:|1699591083\n|move|p1a: Caitlin|Encore|p2a: Tapu Lele\n|-start|p2a: Tapu Lele|Encore\n|move|p2a: Tapu Lele|Calm Mind|p2a: Tapu Lele\n|-boost|p2a: Tapu Lele|spa|1\n|-boost|p2a: Tapu Lele|spd|1\n|\n|-weather|Snow|[upkeep]\n|upkeep\n|turn|3\n|\n|t:|1699591095\n|switch|p1a: Mittens|Espeon, F|100\/100\n|move|p2a: Tapu Lele|Calm Mind|p2a: Tapu Lele\n|-boost|p2a: Tapu Lele|spa|1\n|-boost|p2a: Tapu Lele|spd|1\n|\n|-weather|Snow|[upkeep]\n|upkeep\n|turn|4\n|\n|t:|1699591103\n|move|p1a: Mittens|Trick|p2a: Tapu Lele\n|-activate|p1a: Mittens|move: Trick|[of] p2a: Tapu Lele\n|-item|p2a: Tapu Lele|Choice Scarf|[from] move: Trick\n|-item|p1a: Mittens|Focus Sash|[from] move: Trick\n|move|p2a: Tapu Lele|Calm Mind|p2a: Tapu Lele\n|-boost|p2a: Tapu Lele|spa|1\n|-boost|p2a: Tapu Lele|spd|1\n|\n|-weather|Snow|[upkeep]\n|-end|p2a: Tapu Lele|Encore\n|upkeep\n|turn|5\n|\n|t:|1699591117\n|move|p2a: Tapu Lele|Calm Mind|p2a: Tapu Lele\n|-boost|p2a: Tapu Lele|spa|1\n|-boost|p2a: Tapu Lele|spd|1\n|move|p1a: Mittens|Shadow Ball|p2a: Tapu Lele\n|-supereffective|p2a: Tapu Lele\n|-damage|p2a: Tapu Lele|82\/100\n|\n|-weather|none\n|-fieldend|move: Psychic Terrain\n|upkeep\n|turn|6\n|\n|t:|1699591125\n|move|p2a: Tapu Lele|Calm Mind|p2a: Tapu Lele\n|-boost|p2a: Tapu Lele|spa|1\n|-boost|p2a: Tapu Lele|spd|1\n|move|p1a: Mittens|Shadow Ball|p2a: Tapu Lele\n|-supereffective|p2a: Tapu Lele\n|-damage|p2a: Tapu Lele|66\/100\n|\n|upkeep\n|turn|7\n|\n|t:|1699591132\n|move|p2a: Tapu Lele|Calm Mind|p2a: Tapu Lele\n|-boost|p2a: Tapu Lele|spa|0\n|-boost|p2a: Tapu Lele|spd|0\n|move|p1a: Mittens|Shadow Ball|p2a: Tapu Lele\n|-supereffective|p2a: Tapu Lele\n|-damage|p2a: Tapu Lele|49\/100\n|\n|upkeep\n|turn|8\n|\n|t:|1699591139\n|move|p2a: Tapu Lele|Calm Mind|p2a: Tapu Lele\n|-boost|p2a: Tapu Lele|spa|0\n|-boost|p2a: Tapu Lele|spd|0\n|move|p1a: Mittens|Shadow Ball|p2a: Tapu Lele\n|-supereffective|p2a: Tapu Lele\n|-damage|p2a: Tapu Lele|32\/100\n|\n|-sideend|p1: DustNstuff|move: Aurora Veil\n|upkeep\n|turn|9\n|\n|t:|1699591148\n|move|p2a: Tapu Lele|Calm Mind|p2a: Tapu Lele\n|-boost|p2a: Tapu Lele|spa|0\n|-boost|p2a: Tapu Lele|spd|0\n|move|p1a: Mittens|Shadow Ball|p2a: Tapu Lele\n|-supereffective|p2a: Tapu Lele\n|-damage|p2a: Tapu Lele|18\/100\n|\n|upkeep\n|turn|10\n|c|\u2606DustNstuff|fun\n|\n|t:|1699591156\n|move|p2a: Tapu Lele|Calm Mind|p2a: Tapu Lele\n|-boost|p2a: Tapu Lele|spa|0\n|-boost|p2a: Tapu Lele|spd|0\n|move|p1a: Mittens|Shadow Ball|p2a: Tapu Lele\n|-supereffective|p2a: Tapu Lele\n|-damage|p2a: Tapu Lele|3\/100\n|\n|upkeep\n|turn|11\n|\n|t:|1699591164\n|move|p2a: Tapu Lele|Calm Mind|p2a: Tapu Lele\n|-boost|p2a: Tapu Lele|spa|0\n|-boost|p2a: Tapu Lele|spd|0\n|move|p1a: Mittens|Shadow Ball|p2a: Tapu Lele\n|-supereffective|p2a: Tapu Lele\n|-damage|p2a: Tapu Lele|0 fnt\n|faint|p2a: Tapu Lele\n|\n|upkeep\n|\n|t:|1699591175\n|switch|p2a: Gengar|Gengar, M, shiny|100\/100\n|turn|12\n|\n|t:|1699591179\n|move|p2a: Gengar|Shadow Ball|p1a: Mittens\n|-supereffective|p1a: Mittens\n|-enditem|p1a: Mittens|Focus Sash\n|-damage|p1a: Mittens|1\/100\n|move|p1a: Mittens|Dazzling Gleam|p2a: Gengar\n|-resisted|p2a: Gengar\n|-damage|p2a: Gengar|79\/100\n|\n|upkeep\n|turn|13\n|\n|t:|1699591188\n|switch|p1a: Caitlin|Ninetales-Alola, F, shiny|100\/100\n|-weather|Snow|[from] ability: Snow Warning|[of] p1a: Caitlin\n|move|p2a: Gengar|Shadow Ball|p1a: Caitlin\n|-damage|p1a: Caitlin|22\/100\n|\n|-weather|Snow|[upkeep]\n|upkeep\n|turn|14\n|\n|t:|1699591198\n|move|p2a: Gengar|Shadow Ball|p1a: Caitlin\n|-damage|p1a: Caitlin|0 fnt\n|faint|p1a: Caitlin\n|\n|-weather|Snow|[upkeep]\n|upkeep\n|\n|t:|1699591208\n|switch|p1a: Flux|Luxray, M, shiny|100\/100\n|turn|15\n|\n|t:|1699591213\n|switch|p2a: Gliscor|Gliscor, M, shiny|100\/100\n|move|p1a: Flux|Trailblaze|p2a: Gliscor\n|-damage|p2a: Gliscor|84\/100\n|-boost|p1a: Flux|spe|1\n|\n|-weather|Snow|[upkeep]\n|-status|p1a: Flux|brn|[from] item: Flame Orb\n|-status|p2a: Gliscor|tox|[from] item: Toxic Orb\n|upkeep\n|turn|16\n|\n|t:|1699591226\n|move|p1a: Flux|Facade|p2a: Gliscor\n|-damage|p2a: Gliscor|15\/100 tox\n|move|p2a: Gliscor|Substitute|p2a: Gliscor\n|-fail|p2a: Gliscor|move: Substitute|[weak]\n|\n|-weather|Snow|[upkeep]\n|-heal|p2a: Gliscor|27\/100 tox|[from] ability: Poison Heal\n|-damage|p1a: Flux|95\/100 brn|[from] brn\n|upkeep\n|turn|17\n|\n|t:|1699591239\n|switch|p2a: Gengar|Gengar, M, shiny|79\/100\n|move|p1a: Flux|Ice Fang|p2a: Gengar\n|-damage|p2a: Gengar|11\/100\n|\n|-weather|none\n|-damage|p1a: Flux|89\/100 brn|[from] brn\n|upkeep\n|turn|18\n|\n|t:|1699591250\n|move|p1a: Flux|Trailblaze|p2a: Gengar\n|-resisted|p2a: Gengar\n|-damage|p2a: Gengar|0 fnt\n|-boost|p1a: Flux|spe|1\n|faint|p2a: Gengar\n|\n|-damage|p1a: Flux|83\/100 brn|[from] brn\n|upkeep\n|\n|t:|1699591267\n|switch|p2a: Eiscue|Eiscue, M, shiny|100\/100\n|turn|19\n|c|\u2606DustNstuff|nice swap out. read it tho\n|\n|t:|1699591281\n|switch|p2a: Gliscor|Gliscor, M, shiny|27\/100 tox\n|move|p1a: Flux|Trailblaze|p2a: Gliscor\n|-damage|p2a: Gliscor|2\/100 tox\n|-boost|p1a: Flux|spe|1\n|\n|-heal|p2a: Gliscor|14\/100 tox|[from] ability: Poison Heal\n|-damage|p1a: Flux|77\/100 brn|[from] brn\n|upkeep\n|turn|20\n|-message|Brennuu forfeited.\n|\n|win|DustNstuff\n|raw|DustNstuff's rating: 1035 &rarr; <strong>1075<\/strong><br \/>(+40 for winning)\n|raw|Brennuu's rating: 1083 &rarr; <strong>1057<\/strong><br \/>(-26 for losing)\n|l|\u2606Brennuu\n","uploadtime":1699591303,"views":6,"p1id":"dustnstuff","p2id":"brennuu","formatid":"gen9nationaldex","rating":1057,"private":0,"password":""}