{"id":"gen9nationaldex-1997920715","p1":"others change","p2":"Reivya","format":"[Gen 9] National Dex","log":"|html|<div class=\"broadcast-blue\"><strong>[Gen 9] National Dex is currently suspecting Sneasler! For information on how to participate check out the <a href=\"https:\/\/www.smogon.com\/forums\/threads\/sv-national-dex-suspect-8-just-dance.3731534\/\">suspect thread<\/a>.<\/strong><\/div>\n|j|\u2606others change\n|j|\u2606Reivya\n|t:|1700867621\n|gametype|singles\n|player|p1|others change|medium|1082\n|player|p2|Reivya|gardenia|1012\n|teamsize|p1|6\n|teamsize|p2|6\n|gen|9\n|tier|[Gen 9] National Dex\n|rated|\n|rule|HP Percentage Mod: HP is shown in percentages\n|rule|Endless Battle Clause: Forcing endless battles is banned\n|rule|OHKO Clause: OHKO moves are banned\n|rule|Evasion Clause: Evasion abilities, items, and moves are banned\n|rule|Evasion Abilities Clause: Evasion abilities are banned\n|rule|Evasion Items Clause: Evasion items are banned\n|rule|Evasion Moves Clause: Evasion moves are banned\n|rule|Species Clause: Limit one of each Pok\u00e9mon\n|rule|Sleep Clause Mod: Limit one foe put to sleep\n|clearpoke\n|poke|p1|Typhlosion-Hisui, M|\n|poke|p1|Skeledirge, M|\n|poke|p1|Ferrothorn, M|\n|poke|p1|Beedrill, F|\n|poke|p1|Litten, L1, M|\n|poke|p1|Spinda, M|\n|poke|p2|Gardevoir, F|\n|poke|p2|Lopunny, F|\n|poke|p2|Tsareena, F|\n|poke|p2|Gothitelle, F|\n|poke|p2|Ribombee, F|\n|poke|p2|Vaporeon, F|\n|teampreview\n|inactive|Battle timer is ON: inactive players will automatically lose when time's up. (requested by others change)\n|c|\u2606Reivya|good luck, have fun\n|\n|t:|1700867629\n|start\n|switch|p1a: Ferrothorn|Ferrothorn, M|100\/100\n|switch|p2a: Vaporeon|Vaporeon, F|100\/100\n|turn|1\n|c|\u2606others change|u too\n|\n|t:|1700867636\n|move|p2a: Vaporeon|Wish|p2a: Vaporeon\n|move|p1a: Ferrothorn|Spikes|p2a: Vaporeon\n|-sidestart|p2: Reivya|Spikes\n|\n|upkeep\n|turn|2\n|\n|t:|1700867643\n|switch|p2a: Tsareena|Tsareena, F|100\/100\n|move|p1a: Ferrothorn|Spikes|p2a: Tsareena\n|-sidestart|p2: Reivya|Spikes\n|\n|upkeep\n|turn|3\n|\n|t:|1700867649\n|move|p2a: Tsareena|Taunt|p1a: Ferrothorn\n|-start|p1a: Ferrothorn|move: Taunt\n|cant|p1a: Ferrothorn|move: Taunt|Toxic\n|\n|upkeep\n|turn|4\n|\n|t:|1700867654\n|move|p2a: Tsareena|Knock Off|p1a: Ferrothorn\n|-damage|p1a: Ferrothorn|73\/100\n|-damage|p2a: Tsareena|88\/100|[from] ability: Iron Barbs|[of] p1a: Ferrothorn\n|-damage|p2a: Tsareena|71\/100|[from] item: Rocky Helmet|[of] p1a: Ferrothorn\n|-enditem|p1a: Ferrothorn|Rocky Helmet|[from] move: Knock Off|[of] p2a: Tsareena\n|move|p1a: Ferrothorn|Explosion|p2a: Tsareena\n|-crit|p2a: Tsareena\n|-damage|p2a: Tsareena|0 fnt\n|faint|p1a: Ferrothorn\n|faint|p2a: Tsareena\n|\n|upkeep\n|c|\u2606Reivya|you know what\n|c|\u2606Reivya|that's the one time I liked ferrothorn\n|c|\u2606Reivya|wp\n|\n|t:|1700867677\n|switch|p2a: Ribombee|Ribombee, F|100\/100\n|switch|p1a: Spinda|Spinda, M|100\/100\n|-damage|p2a: Ribombee|84\/100|[from] Spikes\n|turn|5\n|\n|t:|1700867691\n|move|p2a: Ribombee|Skill Swap|p1a: Spinda\n|-activate|p2a: Ribombee|move: Skill Swap|Contrary|Honey Gather|[of] p1a: Spinda\n|move|p1a: Spinda|Superpower|p2a: Ribombee\n|-resisted|p2a: Ribombee\n|-damage|p2a: Ribombee|73\/100\n|-unboost|p1a: Spinda|atk|1\n|-unboost|p1a: Spinda|def|1\n|\n|-status|p1a: Spinda|tox|[from] item: Toxic Orb\n|upkeep\n|turn|6\n|\n|t:|1700867700\n|move|p2a: Ribombee|Defog|p1a: Spinda\n|-unboost|p1a: Spinda|evasion|1\n|-sideend|p2: Reivya|Spikes|[from] move: Defog|[of] p2a: Ribombee\n|move|p1a: Spinda|Facade|p2a: Ribombee\n|-damage|p2a: Ribombee|18\/100\n|\n|-damage|p1a: Spinda|94\/100 tox|[from] psn\n|upkeep\n|turn|7\n|\n|t:|1700867710\n|switch|p2a: Vaporeon|Vaporeon, F|100\/100\n|move|p1a: Spinda|Facade|p2a: Vaporeon\n|-damage|p2a: Vaporeon|82\/100\n|\n|-heal|p2a: Vaporeon|88\/100|[from] item: Leftovers\n|-damage|p1a: Spinda|82\/100 tox|[from] psn\n|upkeep\n|turn|8\n|\n|t:|1700867718\n|move|p1a: Spinda|Thunder Punch|p2a: Vaporeon\n|-supereffective|p2a: Vaporeon\n|-damage|p2a: Vaporeon|73\/100\n|move|p2a: Vaporeon|Wish|p2a: Vaporeon\n|\n|-heal|p2a: Vaporeon|79\/100|[from] item: Leftovers\n|-damage|p1a: Spinda|64\/100 tox|[from] psn\n|upkeep\n|turn|9\n|\n|t:|1700867726\n|switch|p1a: Litten|Litten, L1, M|100\/100\n|-ability|p1a: Litten|Intimidate|boost\n|-unboost|p2a: Vaporeon|atk|1\n|move|p2a: Vaporeon|Flip Turn|p1a: Litten\n|-supereffective|p1a: Litten\n|-enditem|p1a: Litten|Focus Sash\n|-damage|p1a: Litten|9\/100\n|\n|t:|1700867736\n|switch|p2a: Ribombee|Ribombee, F|18\/100|[from] Flip Turn\n|\n|-heal|p2a: Ribombee|100\/100|[from] move: Wish|[wisher] Vaporeon\n|upkeep\n|turn|10\n|\n|t:|1700867750\n|switch|p1a: Typhlosion|Typhlosion-Hisui, M|100\/100\n|move|p2a: Ribombee|Sticky Web|p1a: Typhlosion\n|-sidestart|p1: others change|move: Sticky Web\n|\n|upkeep\n|turn|11\n|\n|t:|1700867755\n|switch|p2a: Vaporeon|Vaporeon, F|79\/100\n|move|p1a: Typhlosion|Eruption|p2a: Vaporeon\n|-resisted|p2a: Vaporeon\n|-damage|p2a: Vaporeon|52\/100\n|\n|-heal|p2a: Vaporeon|58\/100|[from] item: Leftovers\n|upkeep\n|turn|12\n|\n|t:|1700867763\n|switch|p1a: Litten|Litten, L1, M|9\/100\n|-activate|p1a: Litten|move: Sticky Web\n|-unboost|p1a: Litten|spe|1\n|-ability|p1a: Litten|Intimidate|boost\n|-unboost|p2a: Vaporeon|atk|1\n|move|p2a: Vaporeon|Wish|p2a: Vaporeon\n|\n|-heal|p2a: Vaporeon|65\/100|[from] item: Leftovers\n|upkeep\n|turn|13\n|\n|t:|1700867783\n|switch|p1a: Typhlosion|Typhlosion-Hisui, M|100\/100\n|-activate|p1a: Typhlosion|move: Sticky Web\n|-unboost|p1a: Typhlosion|spe|1\n|move|p2a: Vaporeon|Flip Turn|p1a: Typhlosion\n|-supereffective|p1a: Typhlosion\n|-damage|p1a: Typhlosion|71\/100\n|\n|t:|1700867808\n|switch|p2a: Gothitelle|Gothitelle, F|100\/100|[from] Flip Turn\n|\n|upkeep\n|turn|14\n|\n|t:|1700867817\n|move|p1a: Typhlosion|Flamethrower|p2a: Gothitelle\n|-damage|p2a: Gothitelle|59\/100\n|move|p2a: Gothitelle|Thunder Wave|p1a: Typhlosion\n|-status|p1a: Typhlosion|par\n|\n|-heal|p2a: Gothitelle|65\/100|[from] item: Leftovers\n|upkeep\n|turn|15\n|\n|t:|1700867824\n|move|p2a: Gothitelle|Calm Mind|p2a: Gothitelle\n|-boost|p2a: Gothitelle|spa|1\n|-boost|p2a: Gothitelle|spd|1\n|move|p1a: Typhlosion|Flamethrower|p2a: Gothitelle\n|-damage|p2a: Gothitelle|37\/100\n|\n|-heal|p2a: Gothitelle|43\/100|[from] item: Leftovers\n|upkeep\n|turn|16\n|\n|t:|1700867832\n|move|p2a: Gothitelle|Calm Mind|p2a: Gothitelle\n|-boost|p2a: Gothitelle|spa|1\n|-boost|p2a: Gothitelle|spd|1\n|move|p1a: Typhlosion|Flamethrower|p2a: Gothitelle\n|-damage|p2a: Gothitelle|22\/100\n|\n|-heal|p2a: Gothitelle|28\/100|[from] item: Leftovers\n|upkeep\n|turn|17\n|\n|t:|1700867842\n|move|p2a: Gothitelle|Calm Mind|p2a: Gothitelle\n|-boost|p2a: Gothitelle|spa|1\n|-boost|p2a: Gothitelle|spd|1\n|move|p1a: Typhlosion|Flamethrower|p2a: Gothitelle\n|-damage|p2a: Gothitelle|13\/100\n|\n|-heal|p2a: Gothitelle|19\/100|[from] item: Leftovers\n|upkeep\n|turn|18\n|\n|t:|1700867853\n|move|p2a: Gothitelle|Stored Power|p1a: Typhlosion\n|-damage|p1a: Typhlosion|0 fnt\n|faint|p1a: Typhlosion\n|\n|-heal|p2a: Gothitelle|25\/100|[from] item: Leftovers\n|upkeep\n|\n|t:|1700867859\n|switch|p1a: Litten|Litten, L1, M|9\/100\n|-activate|p1a: Litten|move: Sticky Web\n|-unboost|p1a: Litten|spe|1\n|-ability|p1a: Litten|Intimidate|boost\n|-unboost|p2a: Gothitelle|atk|1\n|-ability|p2a: Gothitelle|Competitive|boost\n|-boost|p2a: Gothitelle|spa|2\n|turn|19\n|\n|t:|1700867869\n|move|p2a: Gothitelle|Stored Power|p1a: Litten\n|-damage|p1a: Litten|0 fnt\n|faint|p1a: Litten\n|\n|-heal|p2a: Gothitelle|31\/100|[from] item: Leftovers\n|upkeep\n|\n|t:|1700867874\n|switch|p1a: Skeledirge|Skeledirge, M|100\/100\n|-activate|p1a: Skeledirge|move: Sticky Web\n|-unboost|p1a: Skeledirge|spe|1\n|turn|20\n|\n|t:|1700867881\n|move|p2a: Gothitelle|Stored Power|p1a: Skeledirge\n|-damage|p1a: Skeledirge|8\/100\n|move|p1a: Skeledirge|Hex|p2a: Gothitelle\n|-supereffective|p2a: Gothitelle\n|-damage|p2a: Gothitelle|0 fnt\n|faint|p2a: Gothitelle\n|\n|upkeep\n|\n|t:|1700867890\n|switch|p2a: Lopunny|Lopunny, F|100\/100\n|turn|21\n|\n|t:|1700867896\n|detailschange|p2a: Lopunny|Lopunny-Mega, F\n|-mega|p2a: Lopunny|Lopunny|Lopunnite\n|move|p2a: Lopunny|Power-Up Punch|p1a: Skeledirge\n|-crit|p1a: Skeledirge\n|-damage|p1a: Skeledirge|0 fnt\n|-boost|p2a: Lopunny|atk|1\n|faint|p1a: Skeledirge\n|\n|upkeep\n|\n|t:|1700867902\n|switch|p1a: Spinda|Spinda, M|64\/100 tox\n|-activate|p1a: Spinda|move: Sticky Web\n|-boost|p1a: Spinda|spe|1\n|turn|22\n|\n|t:|1700867910\n|move|p2a: Lopunny|Drain Punch|p1a: Spinda\n|-supereffective|p1a: Spinda\n|-damage|p1a: Spinda|0 fnt\n|faint|p1a: Spinda\n|\n|upkeep\n|\n|t:|1700867914\n|switch|p1a: Beedrill|Beedrill, F|100\/100\n|-activate|p1a: Beedrill|move: Sticky Web\n|-unboost|p1a: Beedrill|spe|1\n|turn|23\n|c|\u2606others change|gg\n|c|\u2606Reivya|ggwp\n|\n|t:|1700867923\n|detailschange|p1a: Beedrill|Beedrill-Mega, F\n|-mega|p1a: Beedrill|Beedrill|Beedrillite\n|move|p2a: Lopunny|Return|p1a: Beedrill\n|-damage|p1a: Beedrill|0 fnt\n|faint|p1a: Beedrill\n|\n|win|Reivya\n|raw|others change's rating: 1082 &rarr; <strong>1055<\/strong><br \/>(-27 for losing)\n|raw|Reivya's rating: 1012 &rarr; <strong>1058<\/strong><br \/>(+46 for winning)\n|l|\u2606others change\n|c|\u2606Reivya|i like your team\n","uploadtime":1700867934,"views":7,"p1id":"otherschange","p2id":"reivya","formatid":"gen9nationaldex","rating":1055,"private":0,"password":""}