{"id":"gen9nationaldex-1992292392","p1":"hackilla15","p2":"Mscoquart8","format":"[Gen 9] National Dex","log":"|j|\u2606hackilla15\n|j|\u2606Mscoquart8\n|t:|1700171608\n|gametype|singles\n|player|p1|hackilla15|ethan|1200\n|player|p2|Mscoquart8|265|1233\n|teamsize|p1|6\n|teamsize|p2|6\n|gen|9\n|tier|[Gen 9] National Dex\n|rated|\n|rule|HP Percentage Mod: HP is shown in percentages\n|rule|Endless Battle Clause: Forcing endless battles is banned\n|rule|OHKO Clause: OHKO moves are banned\n|rule|Evasion Clause: Evasion abilities, items, and moves are banned\n|rule|Evasion Abilities Clause: Evasion abilities are banned\n|rule|Evasion Items Clause: Evasion items are banned\n|rule|Evasion Moves Clause: Evasion moves are banned\n|rule|Species Clause: Limit one of each Pok\u00e9mon\n|rule|Sleep Clause Mod: Limit one foe put to sleep\n|clearpoke\n|poke|p1|Samurott-Hisui, M|\n|poke|p1|Clodsire, F|\n|poke|p1|Slowking, M|\n|poke|p1|Rillaboom, F|\n|poke|p1|Ceruledge, M|\n|poke|p1|Crobat, F|\n|poke|p2|Zeraora|\n|poke|p2|Volcanion|\n|poke|p2|Landorus-Therian, M|\n|poke|p2|Glimmora, M|\n|poke|p2|Shiftry, F|\n|poke|p2|Goodra-Hisui, M|\n|teampreview\n|inactive|Battle timer is ON: inactive players will automatically lose when time's up. (requested by hackilla15)\n|\n|t:|1700171623\n|start\n|switch|p1a: Rillaboom|Rillaboom, F, shiny|100\/100\n|switch|p2a: Landorus|Landorus-Therian, M|100\/100\n|-ability|p2a: Landorus|Intimidate|boost\n|-unboost|p1a: Rillaboom|atk|1\n|-fieldstart|move: Grassy Terrain|[from] ability: Grassy Surge|[of] p1a: Rillaboom\n|-enditem|p1a: Rillaboom|Grassy Seed\n|-boost|p1a: Rillaboom|def|1|[from] item: Grassy Seed\n|turn|1\n|\n|t:|1700171632\n|move|p2a: Landorus|U-turn|p1a: Rillaboom\n|-supereffective|p1a: Rillaboom\n|-damage|p1a: Rillaboom|75\/100\n|\n|t:|1700171638\n|switch|p2a: Goodra|Goodra-Hisui, M|100\/100|[from] U-turn\n|move|p1a: Rillaboom|Swords Dance|p1a: Rillaboom\n|-boost|p1a: Rillaboom|atk|2\n|\n|-heal|p1a: Rillaboom|81\/100|[from] Grassy Terrain\n|upkeep\n|turn|2\n|\n|t:|1700171650\n|move|p1a: Rillaboom|Drain Punch|p2a: Goodra\n|-supereffective|p2a: Goodra\n|-damage|p2a: Goodra|35\/100\n|-heal|p1a: Rillaboom|100\/100|[from] drain|[of] p2a: Goodra\n|move|p2a: Goodra|Dragon Tail|p1a: Rillaboom\n|-damage|p1a: Rillaboom|89\/100\n|drag|p1a: Slowking|Slowking, M, shiny|100\/100\n|\n|-heal|p2a: Goodra|41\/100|[from] Grassy Terrain\n|-heal|p2a: Goodra|47\/100|[from] item: Leftovers\n|upkeep\n|turn|3\n|\n|t:|1700171666\n|switch|p2a: Shiftry|Shiftry, F|100\/100\n|-terastallize|p1a: Slowking|Fairy\n|move|p1a: Slowking|Calm Mind|p1a: Slowking\n|-boost|p1a: Slowking|spa|1\n|-boost|p1a: Slowking|spd|1\n|\n|upkeep\n|turn|4\n|\n|t:|1700171682\n|-terastallize|p2a: Shiftry|Grass\n|move|p2a: Shiftry|Leech Seed|p1a: Slowking\n|-start|p1a: Slowking|move: Leech Seed\n|move|p1a: Slowking|Scald|p2a: Shiftry\n|-resisted|p2a: Shiftry\n|-damage|p2a: Shiftry|58\/100\n|\n|-heal|p2a: Shiftry|64\/100|[from] Grassy Terrain\n|-damage|p1a: Slowking|88\/100|[from] Leech Seed|[of] p2a: Shiftry\n|-heal|p2a: Shiftry|77\/100|[silent]\n|upkeep\n|turn|5\n|\n|t:|1700171694\n|move|p2a: Shiftry|Tailwind|p2a: Shiftry\n|-sidestart|p2: Mscoquart8|move: Tailwind\n|-ability|p2a: Shiftry|Wind Rider|boost\n|-boost|p2a: Shiftry|atk|1\n|move|p1a: Slowking|Psychic|p2a: Shiftry\n|-damage|p2a: Shiftry|0 fnt\n|faint|p2a: Shiftry\n|\n|-heal|p1a: Slowking|94\/100|[from] Grassy Terrain\n|-heal|p1a: Slowking|99\/100|[from] item: Leftovers\n|-fieldend|move: Grassy Terrain\n|upkeep\n|inactive|Mscoquart8 has 120 seconds left.\n|\n|t:|1700171711\n|switch|p2a: Zeraora|Zeraora|100\/100\n|turn|6\n|\n|t:|1700171720\n|move|p2a: Zeraora|Plasma Fists|p1a: Slowking\n|-damage|p1a: Slowking|34\/100\n|-fieldactivate|move: Ion Deluge\n|-hint|Normal-type moves become Electric-type after using Plasma Fists.\n|move|p1a: Slowking|Scald|p2a: Zeraora\n|-damage|p2a: Zeraora|29\/100\n|-status|p2a: Zeraora|brn\n|\n|-heal|p1a: Slowking|40\/100|[from] item: Leftovers\n|-damage|p1a: Slowking|28\/100|[from] Leech Seed|[of] p2a: Zeraora\n|-heal|p2a: Zeraora|42\/100 brn|[silent]\n|-damage|p2a: Zeraora|36\/100 brn|[from] brn\n|upkeep\n|turn|7\n|\n|t:|1700171734\n|switch|p1a: Clodsire|Clodsire, F|100\/100\n|move|p2a: Zeraora|Plasma Fists|p1a: Clodsire\n|-immune|p1a: Clodsire\n|\n|-damage|p2a: Zeraora|30\/100 brn|[from] brn\n|upkeep\n|turn|8\n|\n|t:|1700171744\n|switch|p2a: Glimmora|Glimmora, M|100\/100\n|move|p1a: Clodsire|Poison Jab|p2a: Glimmora\n|-resisted|p2a: Glimmora\n|-crit|p2a: Glimmora\n|-damage|p2a: Glimmora|93\/100\n|-activate|p2a: Glimmora|ability: Toxic Debris\n|-sidestart|p1: hackilla15|move: Toxic Spikes\n|\n|-heal|p2a: Glimmora|99\/100|[from] item: Leftovers\n|-sideend|p2: Mscoquart8|move: Tailwind\n|upkeep\n|turn|9\n|\n|t:|1700171756\n|switch|p2a: Landorus|Landorus-Therian, M|100\/100\n|-ability|p2a: Landorus|Intimidate|boost\n|-unboost|p1a: Clodsire|atk|1\n|move|p1a: Clodsire|Earthquake|p2a: Landorus\n|-immune|p2a: Landorus\n|\n|upkeep\n|turn|10\n|\n|t:|1700171766\n|move|p2a: Landorus|Rock Slide|p1a: Clodsire\n|-resisted|p1a: Clodsire\n|-damage|p1a: Clodsire|87\/100\n|move|p1a: Clodsire|Toxic|p2a: Landorus\n|-status|p2a: Landorus|tox\n|\n|-heal|p1a: Clodsire|94\/100|[from] item: Black Sludge\n|-damage|p2a: Landorus|95\/100 tox|[from] psn\n|upkeep\n|turn|11\n|\n|t:|1700171776\n|move|p2a: Landorus|Earthquake|p1a: Clodsire\n|-supereffective|p1a: Clodsire\n|-damage|p1a: Clodsire|0 fnt\n|faint|p1a: Clodsire\n|\n|-damage|p2a: Landorus|83\/100 tox|[from] psn\n|upkeep\n|\n|t:|1700171784\n|switch|p1a: Crobat|Crobat, F, shiny|100\/100\n|turn|12\n|\n|t:|1700171788\n|move|p1a: Crobat|Defog|p2a: Landorus\n|-unboost|p2a: Landorus|evasion|1\n|-sideend|p1: hackilla15|Toxic Spikes|[from] move: Defog|[of] p1a: Crobat\n|move|p2a: Landorus|Rock Slide|p1a: Crobat\n|-supereffective|p1a: Crobat\n|-damage|p1a: Crobat|37\/100\n|\n|-damage|p2a: Landorus|65\/100 tox|[from] psn\n|upkeep\n|turn|13\n|\n|t:|1700171800\n|switch|p1a: Rillaboom|Rillaboom, F, shiny|89\/100\n|-fieldstart|move: Grassy Terrain|[from] ability: Grassy Surge|[of] p1a: Rillaboom\n|switch|p2a: Zeraora|Zeraora|30\/100 brn\n|\n|-heal|p2a: Zeraora|36\/100 brn|[from] Grassy Terrain\n|-heal|p1a: Rillaboom|96\/100|[from] Grassy Terrain\n|-damage|p2a: Zeraora|30\/100 brn|[from] brn\n|upkeep\n|turn|14\n|\n|t:|1700171812\n|switch|p2a: Goodra|Goodra-Hisui, M|47\/100\n|move|p1a: Rillaboom|Swords Dance|p1a: Rillaboom\n|-boost|p1a: Rillaboom|atk|2\n|\n|-heal|p1a: Rillaboom|100\/100|[from] Grassy Terrain\n|-heal|p2a: Goodra|53\/100|[from] Grassy Terrain\n|-heal|p2a: Goodra|59\/100|[from] item: Leftovers\n|upkeep\n|turn|15\n|\n|t:|1700171824\n|switch|p2a: Glimmora|Glimmora, M|99\/100\n|move|p1a: Rillaboom|High Horsepower|p2a: Glimmora\n|-supereffective|p2a: Glimmora\n|-damage|p2a: Glimmora|0 fnt\n|-activate|p2a: Glimmora|ability: Toxic Debris\n|-sidestart|p1: hackilla15|move: Toxic Spikes\n|faint|p2a: Glimmora\n|\n|upkeep\n|\n|t:|1700171834\n|switch|p2a: Volcanion|Volcanion|100\/100\n|turn|16\n|\n|t:|1700171837\n|move|p1a: Rillaboom|Grassy Glide|p2a: Volcanion\n|-damage|p2a: Volcanion|42\/100\n|move|p2a: Volcanion|Flamethrower|p1a: Rillaboom\n|-supereffective|p1a: Rillaboom\n|-damage|p1a: Rillaboom|0 fnt\n|faint|p1a: Rillaboom\n|\n|-heal|p2a: Volcanion|48\/100|[from] Grassy Terrain\n|upkeep\n|\n|t:|1700171842\n|switch|p1a: Crobat|Crobat, F, shiny|37\/100\n|turn|17\n|\n|t:|1700171856\n|switch|p2a: Zeraora|Zeraora|30\/100 brn\n|move|p1a: Crobat|Defog|p2a: Zeraora\n|-unboost|p2a: Zeraora|evasion|1\n|-sideend|p1: hackilla15|Toxic Spikes|[from] move: Defog|[of] p1a: Crobat\n|-fieldend|move: Grassy Terrain\n|\n|-damage|p2a: Zeraora|24\/100 brn|[from] brn\n|upkeep\n|turn|18\n|\n|t:|1700171864\n|move|p2a: Zeraora|Plasma Fists|p1a: Crobat\n|-supereffective|p1a: Crobat\n|-damage|p1a: Crobat|0 fnt\n|-fieldactivate|move: Ion Deluge\n|-hint|Normal-type moves become Electric-type after using Plasma Fists.\n|faint|p1a: Crobat\n|\n|-damage|p2a: Zeraora|18\/100 brn|[from] brn\n|upkeep\n|\n|t:|1700171873\n|switch|p1a: Ceruledge|Ceruledge, M|100\/100\n|turn|19\n|\n|t:|1700171876\n|move|p2a: Zeraora|Plasma Fists|p1a: Ceruledge\n|-damage|p1a: Ceruledge|51\/100\n|-fieldactivate|move: Ion Deluge\n|-hint|Normal-type moves become Electric-type after using Plasma Fists.\n|-ability|p1a: Ceruledge|Weak Armor|boost\n|-unboost|p1a: Ceruledge|def|1\n|-boost|p1a: Ceruledge|spe|2\n|move|p1a: Ceruledge|Swords Dance|p1a: Ceruledge\n|-boost|p1a: Ceruledge|atk|2\n|\n|-damage|p2a: Zeraora|12\/100 brn|[from] brn\n|upkeep\n|turn|20\n|\n|t:|1700171889\n|move|p1a: Ceruledge|Bitter Blade|p2a: Zeraora\n|-damage|p2a: Zeraora|0 fnt\n|-heal|p1a: Ceruledge|57\/100|[from] drain|[of] p2a: Zeraora\n|faint|p2a: Zeraora\n|\n|upkeep\n|\n|t:|1700171898\n|switch|p2a: Landorus|Landorus-Therian, M|65\/100 tox\n|-ability|p2a: Landorus|Intimidate|boost\n|-unboost|p1a: Ceruledge|atk|1\n|turn|21\n|\n|t:|1700171910\n|move|p1a: Ceruledge|Bitter Blade|p2a: Landorus\n|-damage|p2a: Landorus|0 fnt\n|-heal|p1a: Ceruledge|92\/100|[from] drain|[of] p2a: Landorus\n|-damage|p1a: Ceruledge|76\/100|[from] item: Rocky Helmet|[of] p2a: Landorus\n|faint|p2a: Landorus\n|\n|upkeep\n|\n|t:|1700171918\n|switch|p2a: Volcanion|Volcanion|48\/100\n|turn|22\n|\n|t:|1700171922\n|move|p1a: Ceruledge|Close Combat|p2a: Volcanion\n|-damage|p2a: Volcanion|0 fnt\n|-unboost|p1a: Ceruledge|def|1\n|-unboost|p1a: Ceruledge|spd|1\n|faint|p2a: Volcanion\n|\n|upkeep\n|\n|t:|1700171928\n|switch|p2a: Goodra|Goodra-Hisui, M|59\/100\n|turn|23\n|\n|t:|1700171932\n|move|p1a: Ceruledge|Close Combat|p2a: Goodra\n|-supereffective|p2a: Goodra\n|-damage|p2a: Goodra|0 fnt\n|-unboost|p1a: Ceruledge|def|1\n|-unboost|p1a: Ceruledge|spd|1\n|faint|p2a: Goodra\n|\n|win|hackilla15\n|raw|hackilla15's rating: 1200 &rarr; <strong>1227<\/strong><br \/>(+27 for winning)\n|raw|Mscoquart8's rating: 1233 &rarr; <strong>1206<\/strong><br \/>(-27 for losing)\n|l|\u2606Mscoquart8\n","uploadtime":1700171942,"views":13,"p1id":"hackilla15","p2id":"mscoquart8","formatid":"gen9nationaldex","rating":1206,"private":0,"password":""}