{"id":"gen9nationaldex-1996980593","p1":"SylverOmega","p2":"cold FrostNova","format":"[Gen 9] National Dex","log":"|html|<div class=\"broadcast-blue\"><strong>[Gen 9] National Dex is currently suspecting Sneasler! For information on how to participate check out the <a href=\"https:\/\/www.smogon.com\/forums\/threads\/sv-national-dex-suspect-8-just-dance.3731534\/\">suspect thread<\/a>.<\/strong><\/div>\n|j|\u2606SylverOmega\n|j|\u2606cold FrostNova\n|t:|1700752150\n|gametype|singles\n|player|p1|SylverOmega|palmer|1297\n|player|p2|cold FrostNova|hilbert-wonderlauncher|1370\n|teamsize|p1|6\n|teamsize|p2|6\n|gen|9\n|tier|[Gen 9] National Dex\n|rated|\n|rule|HP Percentage Mod: HP is shown in percentages\n|rule|Endless Battle Clause: Forcing endless battles is banned\n|rule|OHKO Clause: OHKO moves are banned\n|rule|Evasion Clause: Evasion abilities, items, and moves are banned\n|rule|Evasion Abilities Clause: Evasion abilities are banned\n|rule|Evasion Items Clause: Evasion items are banned\n|rule|Evasion Moves Clause: Evasion moves are banned\n|rule|Species Clause: Limit one of each Pok\u00e9mon\n|rule|Sleep Clause Mod: Limit one foe put to sleep\n|clearpoke\n|poke|p1|Indeedee, M|\n|poke|p1|Gallade, M|\n|poke|p1|Metagross|\n|poke|p1|Slowking-Galar, F|\n|poke|p1|Hatterene, F|\n|poke|p1|Tapu Lele|\n|poke|p2|Volcarona, F|\n|poke|p2|Serperior, F|\n|poke|p2|Garchomp, M|\n|poke|p2|Scizor, M|\n|poke|p2|Ogerpon-Wellspring, F|\n|poke|p2|Vikavolt, M|\n|teampreview\n|inactive|Battle timer is ON: inactive players will automatically lose when time's up. (requested by SylverOmega)\n|c|\u2606SylverOmega|Hf\n|inactive|SylverOmega has 120 seconds left.\n|\n|t:|1700752201\n|start\n|switch|p1a: Indeedee|Indeedee, M|100\/100\n|switch|p2a: Vikavolt|Vikavolt, M|100\/100\n|-fieldstart|move: Psychic Terrain|[from] ability: Psychic Surge|[of] p1a: Indeedee\n|turn|1\n|\n|t:|1700752210\n|switch|p1a: Hatterene|Hatterene, F|100\/100\n|move|p2a: Vikavolt|Thunder Wave|p1a: Hatterene\n|move|p1a: Hatterene|Thunder Wave|p2a: Vikavolt|[from]ability: Magic Bounce\n|-immune|p2a: Vikavolt\n|\n|upkeep\n|turn|2\n|\n|t:|1700752219\n|move|p2a: Vikavolt|Thunderbolt|p1a: Hatterene\n|-damage|p1a: Hatterene|48\/100\n|move|p1a: Hatterene|Calm Mind|p1a: Hatterene\n|-boost|p1a: Hatterene|spa|1\n|-boost|p1a: Hatterene|spd|1\n|\n|-heal|p1a: Hatterene|54\/100|[from] item: Leftovers\n|upkeep\n|turn|3\n|\n|t:|1700752228\n|move|p2a: Vikavolt|Thunderbolt|p1a: Hatterene\n|-damage|p1a: Hatterene|20\/100\n|move|p1a: Hatterene|Draining Kiss|p2a: Vikavolt\n|-damage|p2a: Vikavolt|54\/100\n|-heal|p1a: Hatterene|53\/100|[from] drain|[of] p2a: Vikavolt\n|\n|-heal|p1a: Hatterene|59\/100|[from] item: Leftovers\n|upkeep\n|turn|4\n|\n|t:|1700752241\n|move|p2a: Vikavolt|Thunderbolt|p1a: Hatterene\n|-damage|p1a: Hatterene|26\/100\n|move|p1a: Hatterene|Nuzzle|p2a: Vikavolt\n|-resisted|p2a: Vikavolt\n|-damage|p2a: Vikavolt|51\/100\n|\n|-heal|p1a: Hatterene|32\/100|[from] item: Leftovers\n|upkeep\n|turn|5\n|\n|t:|1700752256\n|move|p2a: Vikavolt|Thunderbolt|p1a: Hatterene\n|-damage|p1a: Hatterene|0 fnt\n|faint|p1a: Hatterene\n|\n|-fieldend|move: Psychic Terrain\n|upkeep\n|\n|t:|1700752263\n|switch|p1a: Indeedee|Indeedee, M|100\/100\n|-fieldstart|move: Psychic Terrain|[from] ability: Psychic Surge|[of] p1a: Indeedee\n|turn|6\n|\n|t:|1700752269\n|move|p1a: Indeedee|Expanding Force|p2a: Vikavolt\n|-damage|p2a: Vikavolt|0 fnt\n|faint|p2a: Vikavolt\n|\n|upkeep\n|\n|t:|1700752273\n|switch|p2a: \u7ea2\u8272\u4e09\u500d\u901f|Scizor, M|100\/100\n|turn|7\n|\n|t:|1700752279\n|switch|p1a: Metagross|Metagross|100\/100\n|detailschange|p2a: \u7ea2\u8272\u4e09\u500d\u901f|Scizor-Mega, M\n|-mega|p2a: \u7ea2\u8272\u4e09\u500d\u901f|Scizor|Scizorite\n|move|p2a: \u7ea2\u8272\u4e09\u500d\u901f|Knock Off|p1a: Metagross\n|-supereffective|p1a: Metagross\n|-damage|p1a: Metagross|54\/100\n|-enditem|p1a: Metagross|Assault Vest|[from] move: Knock Off|[of] p2a: \u7ea2\u8272\u4e09\u500d\u901f\n|\n|upkeep\n|turn|8\n|\n|t:|1700752292\n|move|p2a: \u7ea2\u8272\u4e09\u500d\u901f|U-turn|p1a: Metagross\n|-damage|p1a: Metagross|32\/100\n|\n|t:|1700752296\n|switch|p2a: \u963f\u54ac|Garchomp, M|100\/100|[from] U-turn\n|move|p1a: Metagross|Earthquake|p2a: \u963f\u54ac\n|-damage|p2a: \u963f\u54ac|61\/100\n|\n|upkeep\n|turn|9\n|inactive|SylverOmega has 120 seconds left.\n|\n|t:|1700752330\n|move|p2a: \u963f\u54ac|Stealth Rock|p1a: Metagross\n|-sidestart|p1: SylverOmega|move: Stealth Rock\n|move|p1a: Metagross|Earthquake|p2a: \u963f\u54ac\n|-damage|p2a: \u963f\u54ac|22\/100\n|\n|upkeep\n|turn|10\n|inactive|SylverOmega has 120 seconds left.\n|\n|t:|1700752350\n|move|p2a: \u963f\u54ac|Earthquake|p1a: Metagross\n|-supereffective|p1a: Metagross\n|-damage|p1a: Metagross|0 fnt\n|faint|p1a: Metagross\n|\n|-fieldend|move: Psychic Terrain\n|upkeep\n|l|\u2606SylverOmega\n|inactive|SylverOmega disconnected and has a minute to reconnect!\n|player|p1|\n|j|\u2606SylverOmega\n|inactive|SylverOmega reconnected and has 85 seconds left.\n|player|p1|SylverOmega|palmer\n|\n|t:|1700752398\n|switch|p1a: Tapu Lele|Tapu Lele|100\/100\n|-damage|p1a: Tapu Lele|88\/100|[from] Stealth Rock\n|-fieldstart|move: Psychic Terrain|[from] ability: Psychic Surge|[of] p1a: Tapu Lele\n|turn|11\n|\n|t:|1700752412\n|switch|p2a: \u7ea2\u8272\u4e09\u500d\u901f|Scizor-Mega, M|100\/100\n|move|p1a: Tapu Lele|Iron Defense|p1a: Tapu Lele\n|-boost|p1a: Tapu Lele|def|2\n|\n|-heal|p1a: Tapu Lele|94\/100|[from] item: Leftovers\n|upkeep\n|turn|12\n|\n|t:|1700752420\n|move|p1a: Tapu Lele|Iron Defense|p1a: Tapu Lele\n|-boost|p1a: Tapu Lele|def|2\n|move|p2a: \u7ea2\u8272\u4e09\u500d\u901f|Knock Off|p1a: Tapu Lele\n|-damage|p1a: Tapu Lele|86\/100\n|-enditem|p1a: Tapu Lele|Leftovers|[from] move: Knock Off|[of] p2a: \u7ea2\u8272\u4e09\u500d\u901f\n|\n|upkeep\n|turn|13\n|\n|t:|1700752429\n|move|p1a: Tapu Lele|Iron Defense|p1a: Tapu Lele\n|-boost|p1a: Tapu Lele|def|2\n|move|p2a: \u7ea2\u8272\u4e09\u500d\u901f|U-turn|p1a: Tapu Lele\n|-damage|p1a: Tapu Lele|78\/100\n|\n|t:|1700752434\n|switch|p2a: \u53e5\u8292|Serperior, F, shiny|100\/100|[from] U-turn\n|\n|upkeep\n|turn|14\n|\n|t:|1700752443\n|move|p2a: \u53e5\u8292|Leech Seed|p1a: Tapu Lele\n|-start|p1a: Tapu Lele|move: Leech Seed\n|move|p1a: Tapu Lele|Calm Mind|p1a: Tapu Lele\n|-boost|p1a: Tapu Lele|spa|1\n|-boost|p1a: Tapu Lele|spd|1\n|\n|-damage|p1a: Tapu Lele|66\/100|[from] Leech Seed|[of] p2a: \u53e5\u8292\n|upkeep\n|turn|15\n|\n|t:|1700752452\n|move|p2a: \u53e5\u8292|Substitute|p2a: \u53e5\u8292\n|-start|p2a: \u53e5\u8292|Substitute\n|-damage|p2a: \u53e5\u8292|76\/100\n|move|p1a: Tapu Lele|Draining Kiss|p2a: \u53e5\u8292\n|-end|p2a: \u53e5\u8292|Substitute\n|-heal|p1a: Tapu Lele|82\/100|[from] drain|[of] p2a: \u53e5\u8292\n|\n|-heal|p2a: \u53e5\u8292|82\/100|[from] item: Leftovers\n|-damage|p1a: Tapu Lele|70\/100|[from] Leech Seed|[of] p2a: \u53e5\u8292\n|-heal|p2a: \u53e5\u8292|96\/100|[silent]\n|-fieldend|move: Psychic Terrain\n|upkeep\n|turn|16\n|\n|t:|1700752464\n|move|p2a: \u53e5\u8292|Substitute|p2a: \u53e5\u8292\n|-start|p2a: \u53e5\u8292|Substitute\n|-damage|p2a: \u53e5\u8292|71\/100\n|move|p1a: Tapu Lele|Draining Kiss|p2a: \u53e5\u8292\n|-end|p2a: \u53e5\u8292|Substitute\n|-heal|p1a: Tapu Lele|87\/100|[from] drain|[of] p2a: \u53e5\u8292\n|\n|-heal|p2a: \u53e5\u8292|77\/100|[from] item: Leftovers\n|-damage|p1a: Tapu Lele|74\/100|[from] Leech Seed|[of] p2a: \u53e5\u8292\n|-heal|p2a: \u53e5\u8292|91\/100|[silent]\n|upkeep\n|turn|17\n|\n|t:|1700752476\n|move|p2a: \u53e5\u8292|Substitute|p2a: \u53e5\u8292\n|-start|p2a: \u53e5\u8292|Substitute\n|-damage|p2a: \u53e5\u8292|66\/100\n|move|p1a: Tapu Lele|Draining Kiss|p2a: \u53e5\u8292\n|-end|p2a: \u53e5\u8292|Substitute\n|-heal|p1a: Tapu Lele|91\/100|[from] drain|[of] p2a: \u53e5\u8292\n|\n|-heal|p2a: \u53e5\u8292|73\/100|[from] item: Leftovers\n|-damage|p1a: Tapu Lele|78\/100|[from] Leech Seed|[of] p2a: \u53e5\u8292\n|-heal|p2a: \u53e5\u8292|87\/100|[silent]\n|upkeep\n|turn|18\n|c|\u2606cold FrostNova|stand power\uff01\n|\n|t:|1700752491\n|move|p2a: \u53e5\u8292|Substitute|p2a: \u53e5\u8292\n|-start|p2a: \u53e5\u8292|Substitute\n|-damage|p2a: \u53e5\u8292|62\/100\n|move|p1a: Tapu Lele|Draining Kiss|p2a: \u53e5\u8292\n|-end|p2a: \u53e5\u8292|Substitute\n|-heal|p1a: Tapu Lele|95\/100|[from] drain|[of] p2a: \u53e5\u8292\n|\n|-heal|p2a: \u53e5\u8292|68\/100|[from] item: Leftovers\n|-damage|p1a: Tapu Lele|82\/100|[from] Leech Seed|[of] p2a: \u53e5\u8292\n|-heal|p2a: \u53e5\u8292|82\/100|[silent]\n|upkeep\n|turn|19\n|\n|t:|1700752505\n|move|p2a: \u53e5\u8292|Substitute|p2a: \u53e5\u8292\n|-start|p2a: \u53e5\u8292|Substitute\n|-damage|p2a: \u53e5\u8292|57\/100\n|move|p1a: Tapu Lele|Draining Kiss|p2a: \u53e5\u8292\n|-end|p2a: \u53e5\u8292|Substitute\n|-heal|p1a: Tapu Lele|99\/100|[from] drain|[of] p2a: \u53e5\u8292\n|\n|-heal|p2a: \u53e5\u8292|63\/100|[from] item: Leftovers\n|-damage|p1a: Tapu Lele|86\/100|[from] Leech Seed|[of] p2a: \u53e5\u8292\n|-heal|p2a: \u53e5\u8292|78\/100|[silent]\n|upkeep\n|turn|20\n|\n|t:|1700752520\n|move|p2a: \u53e5\u8292|Leaf Storm|p1a: Tapu Lele\n|-damage|p1a: Tapu Lele|58\/100\n|-boost|p2a: \u53e5\u8292|spa|2\n|move|p1a: Tapu Lele|Draining Kiss|p2a: \u53e5\u8292\n|-crit|p2a: \u53e5\u8292\n|-damage|p2a: \u53e5\u8292|20\/100\n|-heal|p1a: Tapu Lele|96\/100|[from] drain|[of] p2a: \u53e5\u8292\n|\n|-heal|p2a: \u53e5\u8292|26\/100|[from] item: Leftovers\n|-damage|p1a: Tapu Lele|84\/100|[from] Leech Seed|[of] p2a: \u53e5\u8292\n|-heal|p2a: \u53e5\u8292|40\/100|[silent]\n|upkeep\n|turn|21\n|\n|t:|1700752533\n|move|p2a: \u53e5\u8292|Substitute|p2a: \u53e5\u8292\n|-start|p2a: \u53e5\u8292|Substitute\n|-damage|p2a: \u53e5\u8292|16\/100\n|move|p1a: Tapu Lele|Draining Kiss|p2a: \u53e5\u8292\n|-crit|p2a: \u53e5\u8292\n|-end|p2a: \u53e5\u8292|Substitute\n|-heal|p1a: Tapu Lele|100\/100|[from] drain|[of] p2a: \u53e5\u8292\n|\n|-heal|p2a: \u53e5\u8292|22\/100|[from] item: Leftovers\n|-damage|p1a: Tapu Lele|88\/100|[from] Leech Seed|[of] p2a: \u53e5\u8292\n|-heal|p2a: \u53e5\u8292|36\/100|[silent]\n|upkeep\n|turn|22\n|\n|t:|1700752546\n|move|p2a: \u53e5\u8292|Substitute|p2a: \u53e5\u8292\n|-start|p2a: \u53e5\u8292|Substitute\n|-damage|p2a: \u53e5\u8292|11\/100\n|move|p1a: Tapu Lele|Draining Kiss|p2a: \u53e5\u8292\n|-end|p2a: \u53e5\u8292|Substitute\n|-heal|p1a: Tapu Lele|100\/100|[from] drain|[of] p2a: \u53e5\u8292\n|\n|-heal|p2a: \u53e5\u8292|17\/100|[from] item: Leftovers\n|-damage|p1a: Tapu Lele|88\/100|[from] Leech Seed|[of] p2a: \u53e5\u8292\n|-heal|p2a: \u53e5\u8292|31\/100|[silent]\n|upkeep\n|turn|23\n|\n|t:|1700752557\n|move|p2a: \u53e5\u8292|Substitute|p2a: \u53e5\u8292\n|-start|p2a: \u53e5\u8292|Substitute\n|-damage|p2a: \u53e5\u8292|6\/100\n|move|p1a: Tapu Lele|Draining Kiss|p2a: \u53e5\u8292\n|-end|p2a: \u53e5\u8292|Substitute\n|-heal|p1a: Tapu Lele|100\/100|[from] drain|[of] p2a: \u53e5\u8292\n|\n|-heal|p2a: \u53e5\u8292|13\/100|[from] item: Leftovers\n|-damage|p1a: Tapu Lele|88\/100|[from] Leech Seed|[of] p2a: \u53e5\u8292\n|-heal|p2a: \u53e5\u8292|27\/100|[silent]\n|upkeep\n|turn|24\n|\n|t:|1700752568\n|move|p2a: \u53e5\u8292|Substitute|p2a: \u53e5\u8292\n|-start|p2a: \u53e5\u8292|Substitute\n|-damage|p2a: \u53e5\u8292|2\/100\n|move|p1a: Tapu Lele|Draining Kiss|p2a: \u53e5\u8292\n|-end|p2a: \u53e5\u8292|Substitute\n|-heal|p1a: Tapu Lele|100\/100|[from] drain|[of] p2a: \u53e5\u8292\n|\n|-heal|p2a: \u53e5\u8292|8\/100|[from] item: Leftovers\n|-damage|p1a: Tapu Lele|88\/100|[from] Leech Seed|[of] p2a: \u53e5\u8292\n|-heal|p2a: \u53e5\u8292|22\/100|[silent]\n|upkeep\n|turn|25\n|\n|t:|1700752582\n|move|p2a: \u53e5\u8292|Leaf Storm|p1a: Tapu Lele|[miss]\n|-miss|p2a: \u53e5\u8292|p1a: Tapu Lele\n|move|p1a: Tapu Lele|Draining Kiss|p2a: \u53e5\u8292\n|-damage|p2a: \u53e5\u8292|0 fnt\n|-heal|p1a: Tapu Lele|100\/100|[from] drain|[of] p2a: \u53e5\u8292\n|faint|p2a: \u53e5\u8292\n|\n|upkeep\n|\n|t:|1700752585\n|switch|p2a: \u7ea2\u8272\u4e09\u500d\u901f|Scizor-Mega, M|100\/100\n|turn|26\n|\n|t:|1700752597\n|move|p2a: \u7ea2\u8272\u4e09\u500d\u901f|Bullet Punch|p1a: Tapu Lele\n|-supereffective|p1a: Tapu Lele\n|-damage|p1a: Tapu Lele|88\/100\n|move|p1a: Tapu Lele|Stored Power|p2a: \u7ea2\u8272\u4e09\u500d\u901f\n|-resisted|p2a: \u7ea2\u8272\u4e09\u500d\u901f\n|-damage|p2a: \u7ea2\u8272\u4e09\u500d\u901f|51\/100\n|\n|-damage|p1a: Tapu Lele|75\/100|[from] Leech Seed|[of] p2a: \u7ea2\u8272\u4e09\u500d\u901f\n|-heal|p2a: \u7ea2\u8272\u4e09\u500d\u901f|63\/100|[silent]\n|upkeep\n|turn|27\n|\n|t:|1700752606\n|move|p2a: \u7ea2\u8272\u4e09\u500d\u901f|Bullet Punch|p1a: Tapu Lele\n|-supereffective|p1a: Tapu Lele\n|-damage|p1a: Tapu Lele|64\/100\n|move|p1a: Tapu Lele|Calm Mind|p1a: Tapu Lele\n|-boost|p1a: Tapu Lele|spa|1\n|-boost|p1a: Tapu Lele|spd|1\n|\n|-damage|p1a: Tapu Lele|52\/100|[from] Leech Seed|[of] p2a: \u7ea2\u8272\u4e09\u500d\u901f\n|-heal|p2a: \u7ea2\u8272\u4e09\u500d\u901f|76\/100|[silent]\n|upkeep\n|turn|28\n|\n|t:|1700752616\n|move|p2a: \u7ea2\u8272\u4e09\u500d\u901f|Bullet Punch|p1a: Tapu Lele\n|-supereffective|p1a: Tapu Lele\n|-damage|p1a: Tapu Lele|41\/100\n|move|p1a: Tapu Lele|Draining Kiss|p2a: \u7ea2\u8272\u4e09\u500d\u901f\n|-resisted|p2a: \u7ea2\u8272\u4e09\u500d\u901f\n|-damage|p2a: \u7ea2\u8272\u4e09\u500d\u901f|58\/100\n|-heal|p1a: Tapu Lele|54\/100|[from] drain|[of] p2a: \u7ea2\u8272\u4e09\u500d\u901f\n|\n|-damage|p1a: Tapu Lele|42\/100|[from] Leech Seed|[of] p2a: \u7ea2\u8272\u4e09\u500d\u901f\n|-heal|p2a: \u7ea2\u8272\u4e09\u500d\u901f|70\/100|[silent]\n|upkeep\n|turn|29\n|\n|t:|1700752626\n|move|p2a: \u7ea2\u8272\u4e09\u500d\u901f|Bullet Punch|p1a: Tapu Lele\n|-supereffective|p1a: Tapu Lele\n|-damage|p1a: Tapu Lele|31\/100\n|move|p1a: Tapu Lele|Stored Power|p2a: \u7ea2\u8272\u4e09\u500d\u901f\n|-resisted|p2a: \u7ea2\u8272\u4e09\u500d\u901f\n|-crit|p2a: \u7ea2\u8272\u4e09\u500d\u901f\n|-damage|p2a: \u7ea2\u8272\u4e09\u500d\u901f|0 fnt\n|faint|p2a: \u7ea2\u8272\u4e09\u500d\u901f\n|\n|upkeep\n|\n|t:|1700752633\n|switch|p2a: \u73e0\u6cea\u54c0\u6b4c \u692a\u692a\u4eba\u9c7c|Ogerpon-Wellspring, F|100\/100\n|turn|30\n|inactive|SylverOmega has 120 seconds left.\n|\n|t:|1700752639\n|move|p2a: \u73e0\u6cea\u54c0\u6b4c \u692a\u692a\u4eba\u9c7c|Ivy Cudgel|p1a: Tapu Lele|[anim] Ivy Cudgel Water\n|-damage|p1a: Tapu Lele|18\/100\n|move|p1a: Tapu Lele|Draining Kiss|p2a: \u73e0\u6cea\u54c0\u6b4c \u692a\u692a\u4eba\u9c7c\n|-damage|p2a: \u73e0\u6cea\u54c0\u6b4c \u692a\u692a\u4eba\u9c7c|50\/100\n|-heal|p1a: Tapu Lele|51\/100|[from] drain|[of] p2a: \u73e0\u6cea\u54c0\u6b4c \u692a\u692a\u4eba\u9c7c\n|\n|-damage|p1a: Tapu Lele|39\/100|[from] Leech Seed|[of] p2a: \u73e0\u6cea\u54c0\u6b4c \u692a\u692a\u4eba\u9c7c\n|-heal|p2a: \u73e0\u6cea\u54c0\u6b4c \u692a\u692a\u4eba\u9c7c|64\/100|[silent]\n|upkeep\n|turn|31\n|inactive|SylverOmega has 120 seconds left.\n|\n|t:|1700752650\n|move|p2a: \u73e0\u6cea\u54c0\u6b4c \u692a\u692a\u4eba\u9c7c|Swords Dance|p2a: \u73e0\u6cea\u54c0\u6b4c \u692a\u692a\u4eba\u9c7c\n|-boost|p2a: \u73e0\u6cea\u54c0\u6b4c \u692a\u692a\u4eba\u9c7c|atk|2\n|move|p1a: Tapu Lele|Draining Kiss|p2a: \u73e0\u6cea\u54c0\u6b4c \u692a\u692a\u4eba\u9c7c\n|-damage|p2a: \u73e0\u6cea\u54c0\u6b4c \u692a\u692a\u4eba\u9c7c|14\/100\n|-heal|p1a: Tapu Lele|72\/100|[from] drain|[of] p2a: \u73e0\u6cea\u54c0\u6b4c \u692a\u692a\u4eba\u9c7c\n|\n|-damage|p1a: Tapu Lele|60\/100|[from] Leech Seed|[of] p2a: \u73e0\u6cea\u54c0\u6b4c \u692a\u692a\u4eba\u9c7c\n|-heal|p2a: \u73e0\u6cea\u54c0\u6b4c \u692a\u692a\u4eba\u9c7c|28\/100|[silent]\n|upkeep\n|turn|32\n|inactive|SylverOmega has 120 seconds left.\n|\n|t:|1700752660\n|move|p2a: \u73e0\u6cea\u54c0\u6b4c \u692a\u692a\u4eba\u9c7c|Horn Leech|p1a: Tapu Lele\n|-crit|p1a: Tapu Lele\n|-damage|p1a: Tapu Lele|0 fnt\n|-heal|p2a: \u73e0\u6cea\u54c0\u6b4c \u692a\u692a\u4eba\u9c7c|61\/100|[from] drain|[of] p1a: Tapu Lele\n|faint|p1a: Tapu Lele\n|\n|upkeep\n|inactive|SylverOmega has 120 seconds left.\n|\n|t:|1700752667\n|switch|p1a: Indeedee|Indeedee, M|100\/100\n|-damage|p1a: Indeedee|88\/100|[from] Stealth Rock\n|-fieldstart|move: Psychic Terrain|[from] ability: Psychic Surge|[of] p1a: Indeedee\n|turn|33\n|\n|t:|1700752674\n|-terastallize|p1a: Indeedee|Psychic\n|move|p1a: Indeedee|Expanding Force|p2a: \u73e0\u6cea\u54c0\u6b4c \u692a\u692a\u4eba\u9c7c\n|-damage|p2a: \u73e0\u6cea\u54c0\u6b4c \u692a\u692a\u4eba\u9c7c|0 fnt\n|faint|p2a: \u73e0\u6cea\u54c0\u6b4c \u692a\u692a\u4eba\u9c7c\n|\n|upkeep\n|\n|t:|1700752678\n|switch|p2a: \u963f\u54ac|Garchomp, M|22\/100\n|turn|34\n|\n|t:|1700752683\n|move|p1a: Indeedee|Expanding Force|p2a: \u963f\u54ac\n|-damage|p2a: \u963f\u54ac|0 fnt\n|faint|p2a: \u963f\u54ac\n|\n|upkeep\n|\n|t:|1700752685\n|switch|p2a: \u5927\u6251\u68f1\u86fe\u5b50|Volcarona, F|100\/100\n|turn|35\n|\n|t:|1700752690\n|move|p1a: Indeedee|Expanding Force|p2a: \u5927\u6251\u68f1\u86fe\u5b50\n|-damage|p2a: \u5927\u6251\u68f1\u86fe\u5b50|0 fnt\n|faint|p2a: \u5927\u6251\u68f1\u86fe\u5b50\n|\n|win|SylverOmega\n|raw|SylverOmega's rating: 1297 &rarr; <strong>1327<\/strong><br \/>(+30 for winning)\n|raw|cold FrostNova's rating: 1370 &rarr; <strong>1346<\/strong><br \/>(-24 for losing)\n|l|\u2606cold FrostNova\n","uploadtime":1700752707,"views":5,"p1id":"sylveromega","p2id":"coldfrostnova","formatid":"gen9nationaldex","rating":1327,"private":0,"password":""}