{"id":"gen9nationaldex-1997836923","p1":"Gregory Mirabella","p2":"APBIOgod","format":"[Gen 9] National Dex","log":"|html|<div class=\"broadcast-blue\"><strong>[Gen 9] National Dex is currently suspecting Sneasler! For information on how to participate check out the <a href=\"https:\/\/www.smogon.com\/forums\/threads\/sv-national-dex-suspect-8-just-dance.3731534\/\">suspect thread<\/a>.<\/strong><\/div>\n|j|\u2606Gregory Mirabella\n|j|\u2606APBIOgod\n|t:|1700858068\n|gametype|singles\n|player|p1|Gregory Mirabella|lusamine-nihilego|1366\n|player|p2|APBIOgod|1|1398\n|teamsize|p1|6\n|teamsize|p2|6\n|gen|9\n|tier|[Gen 9] National Dex\n|rated|\n|rule|HP Percentage Mod: HP is shown in percentages\n|rule|Endless Battle Clause: Forcing endless battles is banned\n|rule|OHKO Clause: OHKO moves are banned\n|rule|Evasion Clause: Evasion abilities, items, and moves are banned\n|rule|Evasion Abilities Clause: Evasion abilities are banned\n|rule|Evasion Items Clause: Evasion items are banned\n|rule|Evasion Moves Clause: Evasion moves are banned\n|rule|Species Clause: Limit one of each Pok\u00e9mon\n|rule|Sleep Clause Mod: Limit one foe put to sleep\n|clearpoke\n|poke|p1|Garchomp, F|\n|poke|p1|Kyurem|\n|poke|p1|Tapu Lele|\n|poke|p1|Tyranitar, F|\n|poke|p1|Alomomola, F|\n|poke|p1|Magnezone|\n|poke|p2|Clodsire, F|\n|poke|p2|Iron Valiant|\n|poke|p2|Corviknight, F|\n|poke|p2|Garganacl, M|\n|poke|p2|Lopunny, M|\n|poke|p2|Tapu Koko|\n|teampreview\n|c|\u2606Gregory Mirabella|glhf\n|\n|t:|1700858100\n|start\n|switch|p1a: Tyranitar|Tyranitar, F, shiny|100\/100\n|switch|p2a: Tapu Koko|Tapu Koko|100\/100\n|-fieldstart|move: Electric Terrain|[from] ability: Electric Surge|[of] p2a: Tapu Koko\n|-weather|Sandstorm|[from] ability: Sand Stream|[of] p1a: Tyranitar\n|turn|1\n|\n|t:|1700858110\n|detailschange|p1a: Tyranitar|Tyranitar-Mega, F, shiny\n|-mega|p1a: Tyranitar|Tyranitar|Tyranitarite\n|move|p2a: Tapu Koko|U-turn|p1a: Tyranitar\n|-supereffective|p1a: Tyranitar\n|-damage|p1a: Tyranitar|76\/100\n|\n|t:|1700858119\n|switch|p2a: APBIOclod|Clodsire, F|100\/100|[from] U-turn\n|move|p1a: Tyranitar|Stealth Rock|p2a: APBIOclod\n|-sidestart|p2: APBIOgod|move: Stealth Rock\n|\n|-weather|Sandstorm|[upkeep]\n|upkeep\n|turn|2\n|\n|t:|1700858128\n|move|p1a: Tyranitar|Crunch|p2a: APBIOclod\n|-damage|p2a: APBIOclod|50\/100\n|-unboost|p2a: APBIOclod|def|1\n|move|p2a: APBIOclod|Earthquake|p1a: Tyranitar\n|-supereffective|p1a: Tyranitar\n|-damage|p1a: Tyranitar|41\/100\n|\n|-weather|Sandstorm|[upkeep]\n|-heal|p2a: APBIOclod|56\/100|[from] item: Leftovers\n|upkeep\n|turn|3\n|\n|t:|1700858139\n|-activate|p2a: APBIOclod|move: Pursuit\n|move|p1a: Tyranitar|Pursuit|p2a: APBIOclod|[from]Pursuit\n|-damage|p2a: APBIOclod|0 fnt\n|faint|p2a: APBIOclod\n|-hint|A Pokemon can't switch between when it runs out of HP and when it faints\n|\n|-weather|Sandstorm|[upkeep]\n|upkeep\n|\n|t:|1700858155\n|switch|p2a: Iron Valiant|Iron Valiant|100\/100\n|-damage|p2a: Iron Valiant|94\/100|[from] Stealth Rock\n|-activate|p2a: Iron Valiant|ability: Quark Drive\n|-start|p2a: Iron Valiant|quarkdrivespe\n|turn|4\n|\n|t:|1700858164\n|move|p2a: Iron Valiant|Drain Punch|p1a: Tyranitar\n|-supereffective|p1a: Tyranitar\n|-damage|p1a: Tyranitar|0 fnt\n|-heal|p2a: Iron Valiant|100\/100|[from] drain|[of] p1a: Tyranitar\n|faint|p1a: Tyranitar\n|-damage|p2a: Iron Valiant|90\/100|[from] item: Life Orb\n|\n|-weather|Sandstorm|[upkeep]\n|-damage|p2a: Iron Valiant|84\/100|[from] Sandstorm\n|upkeep\n|\n|t:|1700858175\n|switch|p1a: Tapu Lele|Tapu Lele, shiny|100\/100\n|-fieldstart|move: Psychic Terrain|[from] ability: Psychic Surge|[of] p1a: Tapu Lele\n|-end|p2a: Iron Valiant|Quark Drive\n|turn|5\n|\n|t:|1700858186\n|-end|p2a: Iron Valiant|Quark Drive|[silent]\n|switch|p2a: Corviknight|Corviknight, F|100\/100\n|-damage|p2a: Corviknight|88\/100|[from] Stealth Rock\n|move|p1a: Tapu Lele|Moonblast|p2a: Corviknight\n|-resisted|p2a: Corviknight\n|-damage|p2a: Corviknight|71\/100\n|-ability|p2a: Corviknight|Mirror Armor\n|-unboost|p1a: Tapu Lele|spa|1\n|\n|-weather|none\n|-heal|p2a: Corviknight|77\/100|[from] item: Leftovers\n|upkeep\n|turn|6\n|\n|t:|1700858199\n|switch|p1a: Magnezone|Magnezone, shiny|100\/100\n|move|p2a: Corviknight|Iron Head|p1a: Magnezone\n|-resisted|p1a: Magnezone\n|-damage|p1a: Magnezone|94\/100\n|\n|-heal|p2a: Corviknight|83\/100|[from] item: Leftovers\n|upkeep\n|turn|7\n|\n|t:|1700858211\n|move|p1a: Magnezone|Thunderbolt|p2a: Corviknight\n|-supereffective|p2a: Corviknight\n|-damage|p2a: Corviknight|0 fnt\n|faint|p2a: Corviknight\n|\n|upkeep\n|\n|t:|1700858216\n|switch|p2a: Tapu Koko|Tapu Koko|100\/100\n|-damage|p2a: Tapu Koko|88\/100|[from] Stealth Rock\n|-fieldstart|move: Electric Terrain|[from] ability: Electric Surge|[of] p2a: Tapu Koko\n|turn|8\n|\n|t:|1700858229\n|switch|p2a: Garganacl|Garganacl, M|100\/100\n|-damage|p2a: Garganacl|88\/100|[from] Stealth Rock\n|move|p1a: Magnezone|Thunderbolt|p2a: Garganacl\n|-damage|p2a: Garganacl|28\/100\n|\n|-heal|p2a: Garganacl|35\/100|[from] item: Leftovers\n|upkeep\n|turn|9\n|\n|t:|1700858241\n|move|p1a: Magnezone|Thunderbolt|p2a: Garganacl\n|-damage|p2a: Garganacl|0 fnt\n|faint|p2a: Garganacl\n|\n|upkeep\n|\n|t:|1700858247\n|switch|p2a: Lopunny|Lopunny, M|100\/100\n|-damage|p2a: Lopunny|88\/100|[from] Stealth Rock\n|turn|10\n|\n|t:|1700858253\n|detailschange|p2a: Lopunny|Lopunny-Mega, M\n|-mega|p2a: Lopunny|Lopunny|Lopunnite\n|move|p2a: Lopunny|Fake Out|p1a: Magnezone\n|-resisted|p1a: Magnezone\n|-damage|p1a: Magnezone|81\/100\n|cant|p1a: Magnezone|flinch\n|\n|upkeep\n|turn|11\n|\n|t:|1700858261\n|move|p2a: Lopunny|Close Combat|p1a: Magnezone\n|-supereffective|p1a: Magnezone\n|-damage|p1a: Magnezone|0 fnt\n|-unboost|p2a: Lopunny|def|1\n|-unboost|p2a: Lopunny|spd|1\n|faint|p1a: Magnezone\n|\n|upkeep\n|\n|t:|1700858268\n|switch|p1a: Kyurem|Kyurem, shiny|100\/100\n|-ability|p1a: Kyurem|Pressure\n|turn|12\n|\n|t:|1700858273\n|move|p1a: Kyurem|Ice Beam|p2a: Lopunny\n|-damage|p2a: Lopunny|0 fnt\n|faint|p2a: Lopunny\n|\n|-fieldend|move: Electric Terrain\n|upkeep\n|\n|t:|1700858280\n|switch|p2a: Tapu Koko|Tapu Koko|88\/100\n|-damage|p2a: Tapu Koko|76\/100|[from] Stealth Rock\n|-fieldstart|move: Electric Terrain|[from] ability: Electric Surge|[of] p2a: Tapu Koko\n|turn|13\n|\n|t:|1700858288\n|move|p2a: Tapu Koko|Dazzling Gleam|p1a: Kyurem\n|-supereffective|p1a: Kyurem\n|-damage|p1a: Kyurem|34\/100\n|move|p1a: Kyurem|Ice Beam|p2a: Tapu Koko\n|-damage|p2a: Tapu Koko|0 fnt\n|faint|p2a: Tapu Koko\n|\n|upkeep\n|\n|t:|1700858295\n|switch|p2a: Iron Valiant|Iron Valiant|84\/100\n|-damage|p2a: Iron Valiant|78\/100|[from] Stealth Rock\n|-activate|p2a: Iron Valiant|ability: Quark Drive\n|-start|p2a: Iron Valiant|quarkdrivespe\n|turn|14\n|\n|t:|1700858305\n|switch|p1a: Tapu Lele|Tapu Lele, shiny|100\/100\n|-fieldstart|move: Psychic Terrain|[from] ability: Psychic Surge|[of] p1a: Tapu Lele\n|-end|p2a: Iron Valiant|Quark Drive\n|move|p2a: Iron Valiant|Drain Punch|p1a: Tapu Lele\n|-resisted|p1a: Tapu Lele\n|-damage|p1a: Tapu Lele|81\/100\n|-heal|p2a: Iron Valiant|88\/100|[from] drain|[of] p1a: Tapu Lele\n|-damage|p2a: Iron Valiant|78\/100|[from] item: Life Orb\n|\n|-heal|p1a: Tapu Lele|87\/100|[from] item: Leftovers\n|upkeep\n|turn|15\n|\n|t:|1700858318\n|-terastallize|p2a: Iron Valiant|Fire\n|move|p2a: Iron Valiant|Fire Punch|p1a: Tapu Lele\n|-damage|p1a: Tapu Lele|20\/100\n|-damage|p2a: Iron Valiant|68\/100|[from] item: Life Orb\n|move|p1a: Tapu Lele|Psychic|p2a: Iron Valiant\n|-damage|p2a: Iron Valiant|0 fnt\n|faint|p2a: Iron Valiant\n|-end|p2a: Iron Valiant|Quark Drive|[silent]\n|\n|win|Gregory Mirabella\n|raw|Gregory Mirabella's rating: 1366 &rarr; <strong>1388<\/strong><br \/>(+22 for winning)\n|raw|APBIOgod's rating: 1398 &rarr; <strong>1376<\/strong><br \/>(-22 for losing)\n|c|\u2606Gregory Mirabella|gg\n|c|\u2606Gregory Mirabella|wp\n|c|\u2606Gregory Mirabella|nice team\n|l|\u2606APBIOgod\n","uploadtime":1700858335,"views":1,"p1id":"gregorymirabella","p2id":"apbiogod","formatid":"gen9nationaldex","rating":1376,"private":0,"password":""}