{"id":"gen9nationaldex-1989167636","p1":"Shabooya1","p2":"RandomMetagrossfan","format":"[Gen 9] National Dex","log":"|j|\u2606Shabooya1\n|j|\u2606RandomMetagrossfan\n|t:|1699819369\n|gametype|singles\n|player|p1|Shabooya1|169|1208\n|player|p2|RandomMetagrossfan|steven-gen6|1353\n|teamsize|p1|6\n|teamsize|p2|6\n|gen|9\n|tier|[Gen 9] National Dex\n|rated|\n|rule|HP Percentage Mod: HP is shown in percentages\n|rule|Endless Battle Clause: Forcing endless battles is banned\n|rule|OHKO Clause: OHKO moves are banned\n|rule|Evasion Clause: Evasion abilities, items, and moves are banned\n|rule|Evasion Abilities Clause: Evasion abilities are banned\n|rule|Evasion Items Clause: Evasion items are banned\n|rule|Evasion Moves Clause: Evasion moves are banned\n|rule|Species Clause: Limit one of each Pok\u00e9mon\n|rule|Sleep Clause Mod: Limit one foe put to sleep\n|clearpoke\n|poke|p1|Sandy Shocks|\n|poke|p1|Electrode|\n|poke|p1|Regidrago|\n|poke|p1|Mew|\n|poke|p1|Torterra, F|\n|poke|p1|Cinderace, M|\n|poke|p2|Charizard, M|\n|poke|p2|Torkoal, F|\n|poke|p2|Blaziken, M|\n|poke|p2|Iron Moth|\n|poke|p2|Armarouge, M|\n|poke|p2|Typhlosion-Hisui, M|\n|teampreview\n|\n|t:|1699819381\n|start\n|switch|p1a: Electrode|Electrode|100\/100\n|switch|p2a: Koalman|Torkoal, F|100\/100\n|-weather|SunnyDay|[from] ability: Drought|[of] p2a: Koalman\n|turn|1\n|\n|t:|1699819400\n|move|p1a: Electrode|Taunt|p2a: Koalman\n|-start|p2a: Koalman|move: Taunt\n|move|p2a: Koalman|Weather Ball|p1a: Electrode\n|-damage|p1a: Electrode|16\/100\n|\n|-weather|SunnyDay|[upkeep]\n|upkeep\n|turn|2\n|\n|t:|1699819420\n|move|p1a: Electrode|Light Screen|p1a: Electrode\n|-sidestart|p1: Shabooya1|move: Light Screen\n|move|p2a: Koalman|Weather Ball|p1a: Electrode\n|-damage|p1a: Electrode|0 fnt\n|faint|p1a: Electrode\n|\n|-weather|SunnyDay|[upkeep]\n|upkeep\n|\n|t:|1699819423\n|switch|p1a: Regidrago|Regidrago, shiny|100\/100\n|turn|3\n|inactive|Battle timer is ON: inactive players will automatically lose when time's up. (requested by Shabooya1)\n|l|\u2606Shabooya1\n|inactive|Shabooya1 disconnected and has a minute to reconnect!\n|player|p1|\n|j|\u2606Shabooya1\n|inactive|Shabooya1 reconnected.\n|player|p1|Shabooya1|169\n|inactive|RandomMetagrossfan has 120 seconds left.\n|\n|t:|1699819489\n|switch|p2a: Pompeii|Typhlosion-Hisui, M|100\/100\n|move|p1a: Regidrago|Dragon Dance|p1a: Regidrago\n|-boost|p1a: Regidrago|atk|1\n|-boost|p1a: Regidrago|spe|1\n|\n|-weather|SunnyDay|[upkeep]\n|upkeep\n|turn|4\n|\n|t:|1699819505\n|move|p2a: Pompeii|Hidden Power|p1a: Regidrago\n|-supereffective|p1a: Regidrago\n|-damage|p1a: Regidrago|79\/100\n|move|p1a: Regidrago|Dragon Dance|p1a: Regidrago\n|-boost|p1a: Regidrago|atk|1\n|-boost|p1a: Regidrago|spe|1\n|\n|-weather|SunnyDay|[upkeep]\n|upkeep\n|turn|5\n|\n|t:|1699819514\n|move|p1a: Regidrago|Scale Shot|p2a: Pompeii\n|-damage|p2a: Pompeii|51\/100\n|-damage|p2a: Pompeii|0 fnt\n|faint|p2a: Pompeii\n|-hitcount|p2: Pompeii|2\n|-unboost|p1a: Regidrago|def|1\n|-boost|p1a: Regidrago|spe|1\n|\n|-weather|SunnyDay|[upkeep]\n|upkeep\n|\n|t:|1699819531\n|switch|p2a: Blaster|Armarouge, M|100\/100\n|turn|6\n|\n|t:|1699819535\n|move|p1a: Regidrago|Scale Shot|p2a: Blaster\n|-damage|p2a: Blaster|62\/100\n|-ability|p2a: Blaster|Weak Armor|boost\n|-unboost|p2a: Blaster|def|1\n|-boost|p2a: Blaster|spe|2\n|-damage|p2a: Blaster|0 fnt\n|faint|p2a: Blaster\n|-hitcount|p2: Blaster|2\n|-unboost|p1a: Regidrago|def|1\n|-boost|p1a: Regidrago|spe|1\n|\n|-weather|SunnyDay|[upkeep]\n|upkeep\n|c|\u2606Shabooya1|Gg\n|\n|t:|1699819544\n|switch|p2a: Kabu|Charizard, M|100\/100\n|turn|7\n|\n|t:|1699819553\n|detailschange|p2a: Kabu|Charizard-Mega-X, M\n|-mega|p2a: Kabu|Charizard|Charizardite X\n|move|p1a: Regidrago|Scale Shot|p2a: Kabu|[miss]\n|-miss|p1a: Regidrago|p2a: Kabu\n|move|p2a: Kabu|Dragon Claw|p1a: Regidrago\n|-supereffective|p1a: Regidrago\n|-damage|p1a: Regidrago|0 fnt\n|faint|p1a: Regidrago\n|\n|-weather|SunnyDay|[upkeep]\n|upkeep\n|\n|t:|1699819569\n|switch|p1a: Torterra|Torterra, F|100\/100\n|turn|8\n|\n|t:|1699819580\n|-terastallize|p1a: Torterra|Rock\n|move|p2a: Kabu|Dragon Dance|p2a: Kabu\n|-boost|p2a: Kabu|atk|1\n|-boost|p2a: Kabu|spe|1\n|move|p1a: Torterra|Shell Smash|p1a: Torterra\n|-unboost|p1a: Torterra|def|1\n|-unboost|p1a: Torterra|spd|1\n|-boost|p1a: Torterra|atk|2\n|-boost|p1a: Torterra|spa|2\n|-boost|p1a: Torterra|spe|2\n|\n|-weather|none\n|upkeep\n|turn|9\n|\n|t:|1699819601\n|move|p2a: Kabu|Dragon Claw|p1a: Torterra\n|-damage|p1a: Torterra|0 fnt\n|faint|p1a: Torterra\n|\n|-sideend|p1: Shabooya1|move: Light Screen\n|upkeep\n|\n|t:|1699819612\n|switch|p1a: Sandy Shocks|Sandy Shocks|100\/100\n|-enditem|p1a: Sandy Shocks|Booster Energy\n|-activate|p1a: Sandy Shocks|ability: Protosynthesis|[fromitem]\n|-start|p1a: Sandy Shocks|protosynthesisspe\n|turn|10\n|\n|t:|1699819621\n|move|p1a: Sandy Shocks|Earth Power|p2a: Kabu\n|-supereffective|p2a: Kabu\n|-damage|p2a: Kabu|9\/100\n|move|p2a: Kabu|Dragon Claw|p1a: Sandy Shocks\n|-damage|p1a: Sandy Shocks|20\/100\n|\n|upkeep\n|turn|11\n|\n|t:|1699819637\n|move|p1a: Sandy Shocks|Volt Switch|p2a: Kabu\n|-resisted|p2a: Kabu\n|-damage|p2a: Kabu|0 fnt\n|faint|p2a: Kabu\n|\n|t:|1699819641\n|-end|p1a: Sandy Shocks|Protosynthesis|[silent]\n|switch|p1a: Mew|Mew, shiny|100\/100|[from] Volt Switch\n|\n|upkeep\n|\n|t:|1699819653\n|switch|p2a: Koalman|Torkoal, F|100\/100\n|-weather|SunnyDay|[from] ability: Drought|[of] p2a: Koalman\n|turn|12\n|\n|t:|1699819657\n|-zpower|p1a: Mew\n|move|p1a: Mew|Genesis Supernova|p2a: Koalman|[zeffect]\n|-damage|p2a: Koalman|0 fnt\n|-fieldstart|move: Psychic Terrain\n|faint|p2a: Koalman\n|\n|-weather|SunnyDay|[upkeep]\n|upkeep\n|\n|t:|1699819675\n|switch|p2a: Mothbot-3000|Iron Moth|100\/100\n|-enditem|p2a: Mothbot-3000|Booster Energy\n|-activate|p2a: Mothbot-3000|ability: Quark Drive|[fromitem]\n|-start|p2a: Mothbot-3000|quarkdrivespa\n|turn|13\n|\n|t:|1699819693\n|move|p2a: Mothbot-3000|Flamethrower|p1a: Mew\n|-damage|p1a: Mew|5\/100\n|move|p1a: Mew|Expanding Force|p2a: Mothbot-3000\n|-supereffective|p2a: Mothbot-3000\n|-damage|p2a: Mothbot-3000|0 fnt\n|faint|p2a: Mothbot-3000\n|-end|p2a: Mothbot-3000|Quark Drive|[silent]\n|\n|-weather|SunnyDay|[upkeep]\n|upkeep\n|\n|t:|1699819701\n|switch|p2a: KFC Kyle|Blaziken, M|100\/100\n|turn|14\n|\n|t:|1699819705\n|move|p2a: KFC Kyle|Protect|p2a: KFC Kyle\n|-singleturn|p2a: KFC Kyle|Protect\n|move|p1a: Mew|Expanding Force|p2a: KFC Kyle\n|-activate|p2a: KFC Kyle|move: Protect\n|\n|-weather|SunnyDay|[upkeep]\n|-ability|p2a: KFC Kyle|Speed Boost|boost\n|-boost|p2a: KFC Kyle|spe|1\n|upkeep\n|turn|15\n|\n|t:|1699819709\n|-zpower|p2a: KFC Kyle\n|move|p2a: KFC Kyle|Z-Mirror Move|p1a: Mew|[anim]Mirror Move\n|-boost|p2a: KFC Kyle|atk|2|[zeffect]\n|move|p2a: KFC Kyle|Shattered Psyche|p1a: Mew|[from]move: Mirror Move\n|-resisted|p1a: Mew\n|-damage|p1a: Mew|0 fnt\n|faint|p1a: Mew\n|\n|-weather|SunnyDay|[upkeep]\n|-ability|p2a: KFC Kyle|Speed Boost|boost\n|-boost|p2a: KFC Kyle|spe|1\n|upkeep\n|\n|t:|1699819718\n|switch|p1a: Sandy Shocks|Sandy Shocks|20\/100\n|-activate|p1a: Sandy Shocks|ability: Protosynthesis\n|-start|p1a: Sandy Shocks|protosynthesisspe\n|turn|16\n|\n|t:|1699819725\n|move|p2a: KFC Kyle|Protect|p2a: KFC Kyle\n|-singleturn|p2a: KFC Kyle|Protect\n|move|p1a: Sandy Shocks|Earth Power|p2a: KFC Kyle\n|-activate|p2a: KFC Kyle|move: Protect\n|\n|-weather|SunnyDay|[upkeep]\n|-fieldend|move: Psychic Terrain\n|-ability|p2a: KFC Kyle|Speed Boost|boost\n|-boost|p2a: KFC Kyle|spe|1\n|upkeep\n|turn|17\n|\n|t:|1699819733\n|move|p2a: KFC Kyle|Close Combat|p1a: Sandy Shocks\n|-damage|p1a: Sandy Shocks|0 fnt\n|-unboost|p2a: KFC Kyle|def|1\n|-unboost|p2a: KFC Kyle|spd|1\n|faint|p1a: Sandy Shocks\n|-end|p1a: Sandy Shocks|Protosynthesis|[silent]\n|\n|-weather|SunnyDay|[upkeep]\n|-ability|p2a: KFC Kyle|Speed Boost|boost\n|-boost|p2a: KFC Kyle|spe|1\n|upkeep\n|\n|t:|1699819735\n|switch|p1a: Cinderace|Cinderace, M, shiny|100\/100\n|turn|18\n|\n|t:|1699819740\n|move|p2a: KFC Kyle|Close Combat|p1a: Cinderace\n|-enditem|p1a: Cinderace|Focus Sash\n|-damage|p1a: Cinderace|1\/100\n|-unboost|p2a: KFC Kyle|def|1\n|-unboost|p2a: KFC Kyle|spd|1\n|move|p1a: Cinderace|Acrobatics|p2a: KFC Kyle\n|-start|p1a: Cinderace|typechange|Flying|[from] ability: Libero\n|-supereffective|p2a: KFC Kyle\n|-damage|p2a: KFC Kyle|0 fnt\n|faint|p2a: KFC Kyle\n|\n|win|Shabooya1\n|raw|Shabooya1's rating: 1208 &rarr; <strong>1243<\/strong><br \/>(+35 for winning)\n|raw|RandomMetagrossfan's rating: 1353 &rarr; <strong>1325<\/strong><br \/>(-28 for losing)\n|c|\u2606Shabooya1|Ez\n","uploadtime":1699819774,"views":8,"p1id":"shabooya1","p2id":"randommetagrossfan","formatid":"gen9nationaldex","rating":1243,"private":0,"password":""}