{"id":"gen9nationaldex-1989505399","p1":"Kingchillalot","p2":"djkslaf","format":"[Gen 9] National Dex","log":"|j|\u2606Kingchillalot\n|j|\u2606djkslaf\n|t:|1699862160\n|gametype|singles\n|player|p1|Kingchillalot|1|1188\n|player|p2|djkslaf|lyra|1177\n|teamsize|p1|6\n|teamsize|p2|6\n|gen|9\n|tier|[Gen 9] National Dex\n|rated|\n|rule|HP Percentage Mod: HP is shown in percentages\n|rule|Endless Battle Clause: Forcing endless battles is banned\n|rule|OHKO Clause: OHKO moves are banned\n|rule|Evasion Clause: Evasion abilities, items, and moves are banned\n|rule|Evasion Abilities Clause: Evasion abilities are banned\n|rule|Evasion Items Clause: Evasion items are banned\n|rule|Evasion Moves Clause: Evasion moves are banned\n|rule|Species Clause: Limit one of each Pok\u00e9mon\n|rule|Sleep Clause Mod: Limit one foe put to sleep\n|clearpoke\n|poke|p1|Ferrothorn, M|\n|poke|p1|Glimmora, F|\n|poke|p1|Weavile, M|\n|poke|p1|Landorus-Therian, M|\n|poke|p1|Rotom-Wash|\n|poke|p1|Volcarona, M|\n|poke|p2|Landorus-Therian, M|\n|poke|p2|Rotom-Wash|\n|poke|p2|Tapu Fini|\n|poke|p2|Tapu Koko|\n|poke|p2|Kartana|\n|poke|p2|Medicham, F|\n|teampreview\n|inactive|Battle timer is ON: inactive players will automatically lose when time's up. (requested by Kingchillalot)\n|\n|t:|1699862183\n|start\n|switch|p1a: Landorus|Landorus-Therian, M|100\/100\n|switch|p2a: Tapu Fini|Tapu Fini|100\/100\n|-fieldstart|move: Misty Terrain|[from] ability: Misty Surge|[of] p2a: Tapu Fini\n|-ability|p1a: Landorus|Intimidate|boost\n|-unboost|p2a: Tapu Fini|atk|1\n|turn|1\n|\n|t:|1699862196\n|move|p2a: Tapu Fini|Taunt|p1a: Landorus\n|-start|p1a: Landorus|move: Taunt\n|cant|p1a: Landorus|move: Taunt|Stealth Rock\n|\n|upkeep\n|turn|2\n|\n|t:|1699862206\n|move|p2a: Tapu Fini|Moonblast|p1a: Landorus\n|-damage|p1a: Landorus|68\/100\n|move|p1a: Landorus|U-turn|p2a: Tapu Fini\n|-resisted|p2a: Tapu Fini\n|-damage|p2a: Tapu Fini|91\/100\n|\n|t:|1699862214\n|switch|p1a: Volcarona|Volcarona, M|100\/100|[from] U-turn\n|\n|-heal|p2a: Tapu Fini|97\/100|[from] item: Leftovers\n|upkeep\n|turn|3\n|\n|t:|1699862235\n|switch|p2a: Landorus|Landorus-Therian, M|100\/100\n|-ability|p2a: Landorus|Intimidate|boost\n|-unboost|p1a: Volcarona|atk|1\n|move|p1a: Volcarona|Quiver Dance|p1a: Volcarona\n|-boost|p1a: Volcarona|spa|1\n|-boost|p1a: Volcarona|spd|1\n|-boost|p1a: Volcarona|spe|1\n|\n|upkeep\n|turn|4\n|\n|t:|1699862254\n|switch|p1a: Rotom|Rotom-Wash|100\/100\n|move|p2a: Landorus|Stone Edge|p1a: Rotom\n|-damage|p1a: Rotom|59\/100\n|\n|-heal|p1a: Rotom|65\/100|[from] item: Leftovers\n|upkeep\n|turn|5\n|\n|t:|1699862265\n|switch|p2a: Kartana|Kartana|100\/100\n|move|p1a: Rotom|Hydro Pump|p2a: Kartana\n|-resisted|p2a: Kartana\n|-damage|p2a: Kartana|22\/100\n|\n|-heal|p1a: Rotom|72\/100|[from] item: Leftovers\n|-fieldend|Misty Terrain\n|upkeep\n|turn|6\n|inactive|djkslaf has 120 seconds left.\n|\n|t:|1699862288\n|move|p2a: Kartana|Sacred Sword|p1a: Rotom\n|-damage|p1a: Rotom|27\/100\n|move|p1a: Rotom|Will-O-Wisp|p2a: Kartana\n|-status|p2a: Kartana|brn\n|\n|-heal|p1a: Rotom|33\/100|[from] item: Leftovers\n|-damage|p2a: Kartana|16\/100 brn|[from] brn\n|upkeep\n|turn|7\n|\n|t:|1699862300\n|move|p2a: Kartana|Sacred Sword|p1a: Rotom\n|-damage|p1a: Rotom|10\/100\n|move|p1a: Rotom|Volt Switch|p2a: Kartana\n|-resisted|p2a: Kartana\n|-damage|p2a: Kartana|0 fnt\n|faint|p2a: Kartana\n|\n|t:|1699862314\n|switch|p1a: Landorus|Landorus-Therian, M|68\/100|[from] Volt Switch\n|\n|-heal|p1a: Landorus|74\/100|[from] item: Leftovers\n|upkeep\n|\n|t:|1699862325\n|switch|p2a: Medicham|Medicham, F|100\/100\n|turn|8\n|\n|t:|1699862333\n|detailschange|p2a: Medicham|Medicham-Mega, F\n|-mega|p2a: Medicham|Medicham|Medichamite\n|move|p2a: Medicham|Fake Out|p1a: Landorus\n|-damage|p1a: Landorus|58\/100\n|cant|p1a: Landorus|flinch\n|\n|-heal|p1a: Landorus|64\/100|[from] item: Leftovers\n|upkeep\n|turn|9\n|\n|t:|1699862341\n|move|p2a: Medicham|Ice Punch|p1a: Landorus\n|-supereffective|p1a: Landorus\n|-damage|p1a: Landorus|0 fnt\n|faint|p1a: Landorus\n|\n|upkeep\n|\n|t:|1699862353\n|switch|p1a: Weavile|Weavile, M|100\/100\n|-ability|p1a: Weavile|Pressure\n|turn|10\n|\n|t:|1699862360\n|move|p1a: Weavile|Fake Out|p2a: Medicham\n|-damage|p2a: Medicham|78\/100\n|cant|p2a: Medicham|flinch\n|\n|upkeep\n|turn|11\n|\n|t:|1699862367\n|move|p1a: Weavile|Knock Off|p2a: Medicham\n|-damage|p2a: Medicham|28\/100\n|move|p2a: Medicham|High Jump Kick|p1a: Weavile\n|-supereffective|p1a: Weavile\n|-enditem|p1a: Weavile|Focus Sash\n|-damage|p1a: Weavile|1\/100\n|\n|upkeep\n|turn|12\n|\n|t:|1699862385\n|switch|p2a: Rotom|Rotom-Wash|100\/100\n|move|p1a: Weavile|Knock Off|p2a: Rotom\n|-damage|p2a: Rotom|59\/100\n|-enditem|p2a: Rotom|Leftovers|[from] move: Knock Off|[of] p1a: Weavile\n|\n|upkeep\n|turn|13\n|inactive|Kingchillalot has 120 seconds left.\n|\n|t:|1699862421\n|switch|p1a: Ferrothorn|Ferrothorn, M|100\/100\n|move|p2a: Rotom|Volt Switch|p1a: Ferrothorn\n|-resisted|p1a: Ferrothorn\n|-damage|p1a: Ferrothorn|91\/100\n|inactive|djkslaf has 120 seconds left.\n|\n|t:|1699862443\n|switch|p2a: Medicham|Medicham-Mega, F|28\/100|[from] Volt Switch\n|\n|upkeep\n|turn|14\n|inactive|Kingchillalot has 120 seconds left.\n|\n|t:|1699862458\n|move|p2a: Medicham|High Jump Kick|p1a: Ferrothorn\n|-supereffective|p1a: Ferrothorn\n|-damage|p1a: Ferrothorn|0 fnt\n|-damage|p2a: Medicham|16\/100|[from] ability: Iron Barbs|[of] p1a: Ferrothorn\n|-damage|p2a: Medicham|0 fnt|[from] item: Rocky Helmet|[of] p1a: Ferrothorn\n|faint|p1a: Ferrothorn\n|faint|p2a: Medicham\n|\n|upkeep\n|inactive|Kingchillalot has 120 seconds left.\n|\n|t:|1699862471\n|switch|p2a: Tapu Fini|Tapu Fini|97\/100\n|switch|p1a: Rotom|Rotom-Wash|10\/100\n|-fieldstart|move: Misty Terrain|[from] ability: Misty Surge|[of] p2a: Tapu Fini\n|turn|15\n|\n|t:|1699862479\n|move|p2a: Tapu Fini|Moonblast|p1a: Rotom\n|-damage|p1a: Rotom|0 fnt\n|faint|p1a: Rotom\n|\n|-heal|p2a: Tapu Fini|100\/100|[from] item: Leftovers\n|upkeep\n|\n|t:|1699862485\n|switch|p1a: Weavile|Weavile, M|1\/100\n|-ability|p1a: Weavile|Pressure\n|turn|16\n|\n|t:|1699862491\n|move|p1a: Weavile|Fake Out|p2a: Tapu Fini\n|-damage|p2a: Tapu Fini|89\/100\n|cant|p2a: Tapu Fini|flinch\n|\n|-heal|p2a: Tapu Fini|95\/100|[from] item: Leftovers\n|upkeep\n|turn|17\n|\n|t:|1699862509\n|move|p1a: Weavile|Knock Off|p2a: Tapu Fini\n|-resisted|p2a: Tapu Fini\n|-damage|p2a: Tapu Fini|71\/100\n|-enditem|p2a: Tapu Fini|Leftovers|[from] move: Knock Off|[of] p1a: Weavile\n|move|p2a: Tapu Fini|Moonblast|p1a: Weavile\n|-supereffective|p1a: Weavile\n|-damage|p1a: Weavile|0 fnt\n|faint|p1a: Weavile\n|\n|upkeep\n|\n|t:|1699862517\n|switch|p1a: Volcarona|Volcarona, M|100\/100\n|turn|18\n|\n|t:|1699862522\n|switch|p2a: Landorus|Landorus-Therian, M|100\/100\n|-ability|p2a: Landorus|Intimidate|boost\n|-unboost|p1a: Volcarona|atk|1\n|-terastallize|p1a: Volcarona|Fairy\n|move|p1a: Volcarona|Quiver Dance|p1a: Volcarona\n|-boost|p1a: Volcarona|spa|1\n|-boost|p1a: Volcarona|spd|1\n|-boost|p1a: Volcarona|spe|1\n|\n|upkeep\n|turn|19\n|\n|t:|1699862538\n|move|p2a: Landorus|Earthquake|p1a: Volcarona\n|-damage|p1a: Volcarona|17\/100\n|move|p1a: Volcarona|Fiery Dance|p2a: Landorus\n|-damage|p2a: Landorus|16\/100\n|-boost|p1a: Volcarona|spa|1\n|\n|-fieldend|Misty Terrain\n|upkeep\n|turn|20\n|\n|t:|1699862547\n|move|p2a: Landorus|Earthquake|p1a: Volcarona\n|-damage|p1a: Volcarona|0 fnt\n|faint|p1a: Volcarona\n|\n|upkeep\n|\n|t:|1699862553\n|switch|p1a: Glimmora|Glimmora, F|100\/100\n|turn|21\n|\n|t:|1699862561\n|move|p2a: Landorus|Earthquake|p1a: Glimmora\n|-supereffective|p1a: Glimmora\n|-enditem|p1a: Glimmora|Focus Sash\n|-damage|p1a: Glimmora|1\/100\n|-activate|p1a: Glimmora|ability: Toxic Debris\n|-sidestart|p2: djkslaf|move: Toxic Spikes\n|move|p1a: Glimmora|Power Gem|p2a: Landorus\n|-damage|p2a: Landorus|0 fnt\n|faint|p2a: Landorus\n|\n|upkeep\n|\n|t:|1699862573\n|switch|p2a: Tapu Koko|Tapu Koko|100\/100\n|-status|p2a: Tapu Koko|psn\n|-fieldstart|move: Electric Terrain|[from] ability: Electric Surge|[of] p2a: Tapu Koko\n|turn|22\n|\n|t:|1699862580\n|-zpower|p2a: Tapu Koko\n|move|p2a: Tapu Koko|Gigavolt Havoc|p1a: Glimmora|[zeffect]\n|-damage|p1a: Glimmora|0 fnt\n|faint|p1a: Glimmora\n|\n|win|djkslaf\n|raw|Kingchillalot's rating: 1188 &rarr; <strong>1162<\/strong><br \/>(-26 for losing)\n|raw|djkslaf's rating: 1177 &rarr; <strong>1203<\/strong><br \/>(+26 for winning)\n","uploadtime":1699862588,"views":4,"p1id":"kingchillalot","p2id":"djkslaf","formatid":"gen9nationaldex","rating":1162,"private":0,"password":""}