{"id":"gen9nationaldex-1993042061","p1":"iamformwandler","p2":"SansBadTime16","format":"[Gen 9] National Dex","log":"|j|\u2606iamformwandler\n|j|\u2606SansBadTime16\n|t:|1700258380\n|gametype|singles\n|player|p1|iamformwandler|collector|1363\n|player|p2|SansBadTime16|brycen|1353\n|teamsize|p1|6\n|teamsize|p2|6\n|gen|9\n|tier|[Gen 9] National Dex\n|rated|\n|rule|HP Percentage Mod: HP is shown in percentages\n|rule|Endless Battle Clause: Forcing endless battles is banned\n|rule|OHKO Clause: OHKO moves are banned\n|rule|Evasion Clause: Evasion abilities, items, and moves are banned\n|rule|Evasion Abilities Clause: Evasion abilities are banned\n|rule|Evasion Items Clause: Evasion items are banned\n|rule|Evasion Moves Clause: Evasion moves are banned\n|rule|Species Clause: Limit one of each Pok\u00e9mon\n|rule|Sleep Clause Mod: Limit one foe put to sleep\n|clearpoke\n|poke|p1|Minior-Indigo|\n|poke|p1|Eiscue, M|\n|poke|p1|Wishiwashi, F|\n|poke|p1|Mimikyu, M|\n|poke|p1|Zoroark-Hisui, M|\n|poke|p1|Morpeko, F|\n|poke|p2|Serperior, F|\n|poke|p2|Greninja-*, M|\n|poke|p2|Scizor, F|\n|poke|p2|Skeledirge, F|\n|poke|p2|Cryogonal|\n|poke|p2|Diancie|\n|teampreview\n|c|\u2606SansBadTime16|eiscue ?\n|c|\u2606SansBadTime16|kill me irl\n|\n|t:|1700258397\n|start\n|switch|p1a: Minior|Minior-Indigo|100\/100\n|switch|p2a: Diancie|Diancie|100\/100\n|-formechange|p1a: Minior|Minior-Meteor||[from] ability: Shields Down\n|turn|1\n|\n|t:|1700258403\n|move|p1a: Minior|Shell Smash|p1a: Minior\n|-unboost|p1a: Minior|def|1\n|-unboost|p1a: Minior|spd|1\n|-boost|p1a: Minior|atk|2\n|-boost|p1a: Minior|spa|2\n|-boost|p1a: Minior|spe|2\n|-enditem|p1a: Minior|White Herb\n|-clearnegativeboost|p1a: Minior|[silent]\n|move|p2a: Diancie|Diamond Storm|p1a: Minior\n|-supereffective|p1a: Minior\n|-damage|p1a: Minior|15\/100\n|\n|-formechange|p1a: Minior|Minior-Indigo||[from] ability: Shields Down\n|upkeep\n|turn|2\n|\n|t:|1700258415\n|move|p1a: Minior|Earthquake|p2a: Diancie\n|-supereffective|p2a: Diancie\n|-damage|p2a: Diancie|0 fnt\n|faint|p2a: Diancie\n|\n|upkeep\n|\n|t:|1700258420\n|switch|p2a: Scizor|Scizor, F|100\/100\n|turn|3\n|\n|t:|1700258423\n|move|p2a: Scizor|Bullet Punch|p1a: Minior\n|-supereffective|p1a: Minior\n|-damage|p1a: Minior|0 fnt\n|faint|p1a: Minior\n|\n|upkeep\n|\n|t:|1700258426\n|switch|p1a: Morpeko|Morpeko, F|100\/100\n|turn|4\n|\n|t:|1700258434\n|move|p1a: Morpeko|Flamethrower|p2a: Scizor\n|-supereffective|p2a: Scizor\n|-damage|p2a: Scizor|0 fnt\n|faint|p2a: Scizor\n|\n|upkeep\n|\n|t:|1700258437\n|switch|p2a: Skeledirge|Skeledirge, F|100\/100\n|turn|5\n|\n|t:|1700258449\n|switch|p1a: Wishiwashi|Wishiwashi, F|100\/100\n|-formechange|p1a: Wishiwashi|Wishiwashi-School||[from] ability: Schooling\n|switch|p2a: Greninja|Greninja, M|100\/100\n|\n|upkeep\n|turn|6\n|\n|t:|1700258456\n|move|p2a: Greninja|Grass Knot|p1a: Wishiwashi\n|-supereffective|p1a: Wishiwashi\n|-damage|p1a: Wishiwashi|43\/100\n|-damage|p2a: Greninja|91\/100|[from] item: Life Orb\n|move|p1a: Wishiwashi|U-turn|p2a: Greninja\n|-supereffective|p2a: Greninja\n|-damage|p2a: Greninja|0 fnt\n|faint|p2a: Greninja\n|\n|t:|1700258465\n|switch|p1a: Morpeko|Morpeko, F|100\/100|[from] U-turn\n|\n|upkeep\n|\n|t:|1700258472\n|switch|p2a: Serperior|Serperior, F|100\/100\n|turn|7\n|\n|t:|1700258476\n|move|p2a: Serperior|Leaf Storm|p1a: Morpeko\n|-damage|p1a: Morpeko|12\/100\n|-boost|p2a: Serperior|spa|2\n|replace|p1a: Zoroark|Zoroark-Hisui, M\n|-end|p1a: Zoroark|Illusion\n|move|p1a: Zoroark|Flamethrower|p2a: Serperior\n|-supereffective|p2a: Serperior\n|-damage|p2a: Serperior|0 fnt\n|faint|p2a: Serperior\n|\n|upkeep\n|\n|t:|1700258483\n|switch|p2a: Skeledirge|Skeledirge, F|100\/100\n|turn|8\n|\n|t:|1700258487\n|move|p1a: Zoroark|Flamethrower|p2a: Skeledirge\n|-resisted|p2a: Skeledirge\n|-damage|p2a: Skeledirge|80\/100\n|move|p2a: Skeledirge|Torch Song|p1a: Zoroark\n|-damage|p1a: Zoroark|0 fnt\n|-boost|p2a: Skeledirge|spa|1\n|faint|p1a: Zoroark\n|\n|upkeep\n|\n|t:|1700258500\n|switch|p1a: Wishiwashi|Wishiwashi, F|43\/100\n|-formechange|p1a: Wishiwashi|Wishiwashi-School||[from] ability: Schooling\n|turn|9\n|\n|t:|1700258505\n|-terastallize|p2a: Skeledirge|Poison\n|move|p2a: Skeledirge|Slack Off|p2a: Skeledirge\n|-heal|p2a: Skeledirge|100\/100\n|move|p1a: Wishiwashi|Flip Turn|p2a: Skeledirge\n|-damage|p2a: Skeledirge|75\/100\n|\n|t:|1700258511\n|switch|p1a: Morpeko|Morpeko, F|100\/100|[from] Flip Turn\n|\n|-formechange|p1a: Morpeko|Morpeko-Hangry||[from] ability: Hunger Switch\n|upkeep\n|turn|10\n|\n|t:|1700258517\n|move|p1a: Morpeko|Aura Wheel|p2a: Skeledirge\n|-damage|p2a: Skeledirge|25\/100\n|-boost|p1a: Morpeko|spe|1\n|-enditem|p2a: Skeledirge|Sitrus Berry|[eat]\n|-heal|p2a: Skeledirge|50\/100|[from] item: Sitrus Berry\n|move|p2a: Skeledirge|Torch Song|p1a: Morpeko\n|-damage|p1a: Morpeko|0 fnt\n|-boost|p2a: Skeledirge|spa|1\n|faint|p1a: Morpeko\n|\n|upkeep\n|\n|t:|1700258532\n|switch|p1a: Wishiwashi|Wishiwashi, F|43\/100\n|-formechange|p1a: Wishiwashi|Wishiwashi-School||[from] ability: Schooling\n|turn|11\n|\n|t:|1700258538\n|move|p2a: Skeledirge|Slack Off|p2a: Skeledirge\n|-heal|p2a: Skeledirge|99\/100\n|move|p1a: Wishiwashi|Earthquake|p2a: Skeledirge\n|-supereffective|p2a: Skeledirge\n|-damage|p2a: Skeledirge|37\/100\n|\n|upkeep\n|turn|12\n|\n|t:|1700258543\n|move|p2a: Skeledirge|Belch|p1a: Wishiwashi\n|-damage|p1a: Wishiwashi|0 fnt\n|faint|p1a: Wishiwashi\n|\n|upkeep\n|\n|t:|1700258568\n|switch|p1a: Mimikyu|Mimikyu, M|100\/100\n|turn|13\n|\n|t:|1700258582\n|-zpower|p1a: Mimikyu\n|move|p1a: Mimikyu|Let's Snuggle Forever|p2a: Skeledirge|[zeffect]\n|-resisted|p2a: Skeledirge\n|-damage|p2a: Skeledirge|12\/100\n|move|p2a: Skeledirge|Slack Off|p2a: Skeledirge\n|-heal|p2a: Skeledirge|62\/100\n|\n|upkeep\n|turn|14\n|\n|t:|1700258595\n|move|p1a: Mimikyu|Shadow Claw|p2a: Skeledirge\n|-damage|p2a: Skeledirge|41\/100\n|move|p2a: Skeledirge|Belch|p1a: Mimikyu\n|-activate|p1a: Mimikyu|ability: Disguise\n|-damage|p1a: Mimikyu|100\/100\n|detailschange|p1a: Mimikyu|Mimikyu-Busted, M\n|-damage|p1a: Mimikyu|88\/100|[from] pokemon: Mimikyu-Busted\n|\n|upkeep\n|turn|15\n|\n|t:|1700258598\n|move|p1a: Mimikyu|Shadow Claw|p2a: Skeledirge\n|-damage|p2a: Skeledirge|19\/100\n|move|p2a: Skeledirge|Slack Off|p2a: Skeledirge\n|-heal|p2a: Skeledirge|69\/100\n|\n|upkeep\n|turn|16\n|\n|t:|1700258601\n|move|p1a: Mimikyu|Shadow Claw|p2a: Skeledirge\n|-damage|p2a: Skeledirge|48\/100\n|move|p2a: Skeledirge|Belch|p1a: Mimikyu\n|-damage|p1a: Mimikyu|0 fnt\n|faint|p1a: Mimikyu\n|\n|upkeep\n|\n|t:|1700258603\n|switch|p1a: Eiscue|Eiscue, M|100\/100\n|turn|17\n|\n|t:|1700258611\n|-terastallize|p1a: Eiscue|Fire\n|move|p1a: Eiscue|Tera Blast|p2a: Skeledirge|[anim] Tera Blast Fire\n|-damage|p2a: Skeledirge|24\/100\n|move|p2a: Skeledirge|Belch|p1a: Eiscue\n|-damage|p1a: Eiscue|0 fnt\n|faint|p1a: Eiscue\n|\n|win|SansBadTime16\n|raw|iamformwandler's rating: 1363 &rarr; <strong>1342<\/strong><br \/>(-21 for losing)\n|raw|SansBadTime16's rating: 1353 &rarr; <strong>1374<\/strong><br \/>(+21 for winning)\n|c|\u2606SansBadTime16|gg\n|l|\u2606iamformwandler\n","uploadtime":1700258624,"views":8,"p1id":"iamformwandler","p2id":"sansbadtime16","formatid":"gen9nationaldex","rating":1342,"private":0,"password":""}