{"id":"gen9nationaldex-1988834132","p1":"Lifebearer","p2":"dingf","format":"[Gen 9] National Dex","log":"|j|\u2606Lifebearer\n|j|\u2606dingf\n|t:|1699770364\n|gametype|singles\n|player|p1|Lifebearer|rocketgrunt|1293\n|player|p2|dingf|acerola|1399\n|teamsize|p1|6\n|teamsize|p2|6\n|gen|9\n|tier|[Gen 9] National Dex\n|rated|\n|rule|HP Percentage Mod: HP is shown in percentages\n|rule|Endless Battle Clause: Forcing endless battles is banned\n|rule|OHKO Clause: OHKO moves are banned\n|rule|Evasion Clause: Evasion abilities, items, and moves are banned\n|rule|Evasion Abilities Clause: Evasion abilities are banned\n|rule|Evasion Items Clause: Evasion items are banned\n|rule|Evasion Moves Clause: Evasion moves are banned\n|rule|Species Clause: Limit one of each Pok\u00e9mon\n|rule|Sleep Clause Mod: Limit one foe put to sleep\n|clearpoke\n|poke|p1|Gyarados, M|\n|poke|p1|Sigilyph, M|\n|poke|p1|Gliscor, M|\n|poke|p1|Celesteela|\n|poke|p1|Rotom-Wash|\n|poke|p1|Ditto|\n|poke|p2|Pelipper, M|\n|poke|p2|Kingdra, M|\n|poke|p2|Thundurus-Therian, M|\n|poke|p2|Barraskewda, F|\n|poke|p2|Tapu Lele|\n|poke|p2|Rotom-Mow|\n|teampreview\n|inactive|Battle timer is ON: inactive players will automatically lose when time's up. (requested by Lifebearer)\n|\n|t:|1699770378\n|start\n|switch|p1a: Sit on Top Machine|Rotom-Wash|100\/100\n|switch|p2a: Pelipper|Pelipper, M|100\/100\n|-weather|RainDance|[from] ability: Drizzle|[of] p2a: Pelipper\n|turn|1\n|\n|t:|1699770395\n|switch|p2a: Thundurus|Thundurus-Therian, M|100\/100\n|move|p1a: Sit on Top Machine|Volt Switch|p2a: Thundurus\n|-immune|p2a: Thundurus|[from] ability: Volt Absorb\n|\n|-weather|RainDance|[upkeep]\n|upkeep\n|turn|2\n|\n|t:|1699770413\n|switch|p1a: Toxic Romance|Gliscor, M|100\/100\n|move|p2a: Thundurus|Hidden Power|p1a: Toxic Romance\n|-supereffective|p1a: Toxic Romance\n|-damage|p1a: Toxic Romance|0 fnt\n|faint|p1a: Toxic Romance\n|\n|-weather|RainDance|[upkeep]\n|upkeep\n|\n|t:|1699770421\n|switch|p1a: Big Booty|Celesteela|100\/100\n|turn|3\n|\n|t:|1699770427\n|move|p2a: Thundurus|Volt Switch|p1a: Big Booty\n|-supereffective|p1a: Big Booty\n|-damage|p1a: Big Booty|55\/100\n|\n|t:|1699770437\n|switch|p2a: Kingdra|Kingdra, M|100\/100|[from] Volt Switch\n|move|p1a: Big Booty|Leech Seed|p2a: Kingdra\n|-start|p2a: Kingdra|move: Leech Seed\n|\n|-weather|RainDance|[upkeep]\n|-heal|p1a: Big Booty|61\/100|[from] item: Leftovers\n|-damage|p2a: Kingdra|88\/100|[from] Leech Seed|[of] p1a: Big Booty\n|-heal|p1a: Big Booty|70\/100|[silent]\n|upkeep\n|turn|4\n|\n|t:|1699770446\n|move|p2a: Kingdra|Surf|p1a: Big Booty\n|-damage|p1a: Big Booty|23\/100\n|move|p1a: Big Booty|Heavy Slam|p2a: Kingdra\n|-resisted|p2a: Kingdra\n|-damage|p2a: Kingdra|63\/100\n|\n|-weather|RainDance|[upkeep]\n|-heal|p1a: Big Booty|29\/100|[from] item: Leftovers\n|-damage|p2a: Kingdra|50\/100|[from] Leech Seed|[of] p1a: Big Booty\n|-heal|p1a: Big Booty|38\/100|[silent]\n|upkeep\n|turn|5\n|\n|t:|1699770456\n|move|p1a: Big Booty|Protect|p1a: Big Booty\n|-singleturn|p1a: Big Booty|Protect\n|move|p2a: Kingdra|Surf|p1a: Big Booty\n|-activate|p1a: Big Booty|move: Protect\n|\n|-weather|RainDance|[upkeep]\n|-heal|p1a: Big Booty|44\/100|[from] item: Leftovers\n|-damage|p2a: Kingdra|38\/100|[from] Leech Seed|[of] p1a: Big Booty\n|-heal|p1a: Big Booty|54\/100|[silent]\n|upkeep\n|turn|6\n|\n|t:|1699770466\n|switch|p1a: Sit on Top Machine|Rotom-Wash|100\/100\n|move|p2a: Kingdra|Surf|p1a: Sit on Top Machine\n|-resisted|p1a: Sit on Top Machine\n|-damage|p1a: Sit on Top Machine|48\/100\n|\n|-weather|RainDance|[upkeep]\n|-damage|p2a: Kingdra|25\/100|[from] Leech Seed|[of] p1a: Sit on Top Machine\n|-heal|p1a: Sit on Top Machine|64\/100|[silent]\n|upkeep\n|turn|7\n|\n|t:|1699770476\n|switch|p2a: Thundurus|Thundurus-Therian, M|100\/100\n|move|p1a: Sit on Top Machine|Will-O-Wisp|p2a: Thundurus|[miss]\n|-miss|p1a: Sit on Top Machine|p2a: Thundurus\n|\n|-weather|RainDance|[upkeep]\n|upkeep\n|turn|8\n|\n|t:|1699770487\n|switch|p1a: My Stat Boost Now|Ditto|100\/100\n|-transform|p1a: My Stat Boost Now|p2a: Thundurus|[from] ability: Imposter\n|move|p2a: Thundurus|Volt Switch|p1a: My Stat Boost Now\n|-immune|p1a: My Stat Boost Now|[from] ability: Volt Absorb\n|\n|-weather|none\n|upkeep\n|turn|9\n|\n|t:|1699770502\n|switch|p2a: Pelipper|Pelipper, M|100\/100\n|-weather|RainDance|[from] ability: Drizzle|[of] p2a: Pelipper\n|move|p1a: My Stat Boost Now|Focus Blast|p2a: Pelipper\n|-resisted|p2a: Pelipper\n|-damage|p2a: Pelipper|67\/100\n|\n|-weather|RainDance|[upkeep]\n|upkeep\n|turn|10\n|\n|t:|1699770515\n|move|p1a: My Stat Boost Now|Focus Blast|p2a: Pelipper\n|-resisted|p2a: Pelipper\n|-damage|p2a: Pelipper|37\/100\n|move|p2a: Pelipper|Scald|p1a: My Stat Boost Now\n|-damage|p1a: My Stat Boost Now|44\/100\n|\n|-weather|RainDance|[upkeep]\n|upkeep\n|turn|11\n|\n|t:|1699770523\n|switch|p1a: Sit on Top Machine|Rotom-Wash|64\/100\n|switch|p2a: Tapu Lele|Tapu Lele|100\/100\n|-fieldstart|move: Psychic Terrain|[from] ability: Psychic Surge|[of] p2a: Tapu Lele\n|\n|-weather|RainDance|[upkeep]\n|upkeep\n|turn|12\n|\n|t:|1699770536\n|-zpower|p2a: Tapu Lele\n|move|p2a: Tapu Lele|Shattered Psyche|p1a: Sit on Top Machine|[zeffect]\n|-damage|p1a: Sit on Top Machine|0 fnt\n|faint|p1a: Sit on Top Machine\n|\n|-weather|RainDance|[upkeep]\n|upkeep\n|\n|t:|1699770561\n|switch|p1a: Big Brother|Sigilyph, M|100\/100\n|turn|13\n|\n|t:|1699770573\n|move|p1a: Big Brother|Cosmic Power|p1a: Big Brother\n|-boost|p1a: Big Brother|def|1\n|-boost|p1a: Big Brother|spd|1\n|move|p2a: Tapu Lele|Moonblast|p1a: Big Brother\n|-damage|p1a: Big Brother|62\/100\n|-unboost|p1a: Big Brother|spa|1\n|\n|-weather|RainDance|[upkeep]\n|-status|p1a: Big Brother|brn|[from] item: Flame Orb\n|upkeep\n|turn|14\n|\n|t:|1699770590\n|switch|p2a: Kingdra|Kingdra, M|25\/100\n|move|p1a: Big Brother|Cosmic Power|p1a: Big Brother\n|-boost|p1a: Big Brother|def|1\n|-boost|p1a: Big Brother|spd|1\n|\n|-weather|RainDance|[upkeep]\n|upkeep\n|turn|15\n|\n|t:|1699770603\n|move|p2a: Kingdra|Surf|p1a: Big Brother\n|-damage|p1a: Big Brother|11\/100 brn\n|move|p1a: Big Brother|Roost|p1a: Big Brother\n|-heal|p1a: Big Brother|61\/100 brn\n|-singleturn|p1a: Big Brother|move: Roost\n|\n|-weather|RainDance|[upkeep]\n|-fieldend|move: Psychic Terrain\n|upkeep\n|turn|16\n|\n|t:|1699770614\n|move|p2a: Kingdra|Surf|p1a: Big Brother\n|-damage|p1a: Big Brother|11\/100 brn\n|move|p1a: Big Brother|Roost|p1a: Big Brother\n|-heal|p1a: Big Brother|61\/100 brn\n|-singleturn|p1a: Big Brother|move: Roost\n|\n|-weather|none\n|upkeep\n|turn|17\n|\n|t:|1699770624\n|move|p1a: Big Brother|Cosmic Power|p1a: Big Brother\n|-boost|p1a: Big Brother|def|1\n|-boost|p1a: Big Brother|spd|1\n|move|p2a: Kingdra|Surf|p1a: Big Brother\n|-damage|p1a: Big Brother|32\/100 brn\n|\n|upkeep\n|turn|18\n|\n|t:|1699770630\n|move|p1a: Big Brother|Roost|p1a: Big Brother\n|-heal|p1a: Big Brother|82\/100 brn\n|-singleturn|p1a: Big Brother|move: Roost\n|move|p2a: Kingdra|Surf|p1a: Big Brother\n|-damage|p1a: Big Brother|55\/100 brn\n|\n|upkeep\n|turn|19\n|\n|t:|1699770644\n|switch|p2a: Pelipper|Pelipper, M|37\/100\n|-weather|RainDance|[from] ability: Drizzle|[of] p2a: Pelipper\n|move|p1a: Big Brother|Cosmic Power|p1a: Big Brother\n|-boost|p1a: Big Brother|def|1\n|-boost|p1a: Big Brother|spd|1\n|\n|-weather|RainDance|[upkeep]\n|upkeep\n|turn|20\n|\n|t:|1699770654\n|move|p1a: Big Brother|Cosmic Power|p1a: Big Brother\n|-boost|p1a: Big Brother|def|1\n|-boost|p1a: Big Brother|spd|1\n|move|p2a: Pelipper|U-turn|p1a: Big Brother\n|-damage|p1a: Big Brother|52\/100 brn\n|\n|t:|1699770657\n|switch|p2a: Kingdra|Kingdra, M|25\/100|[from] U-turn\n|\n|-weather|RainDance|[upkeep]\n|upkeep\n|turn|21\n|\n|t:|1699770662\n|move|p2a: Kingdra|Draco Meteor|p1a: Big Brother\n|-damage|p1a: Big Brother|24\/100 brn\n|-unboost|p2a: Kingdra|spa|2\n|move|p1a: Big Brother|Roost|p1a: Big Brother\n|-heal|p1a: Big Brother|74\/100 brn\n|-singleturn|p1a: Big Brother|move: Roost\n|\n|-weather|RainDance|[upkeep]\n|upkeep\n|turn|22\n|\n|t:|1699770671\n|move|p2a: Kingdra|Draco Meteor|p1a: Big Brother\n|-damage|p1a: Big Brother|59\/100 brn\n|-unboost|p2a: Kingdra|spa|2\n|move|p1a: Big Brother|Psycho Shift|p2a: Kingdra\n|-status|p2a: Kingdra|brn\n|-curestatus|p1a: Big Brother|brn|[msg]\n|\n|-weather|RainDance|[upkeep]\n|-damage|p2a: Kingdra|19\/100 brn|[from] brn\n|-status|p1a: Big Brother|brn|[from] item: Flame Orb\n|upkeep\n|turn|23\n|\n|t:|1699770682\n|move|p2a: Kingdra|Draco Meteor|p1a: Big Brother\n|-damage|p1a: Big Brother|50\/100 brn\n|-unboost|p2a: Kingdra|spa|2\n|move|p1a: Big Brother|Cosmic Power|p1a: Big Brother\n|-boost|p1a: Big Brother|def|1\n|-boost|p1a: Big Brother|spd|1\n|\n|-weather|RainDance|[upkeep]\n|-damage|p2a: Kingdra|13\/100 brn|[from] brn\n|upkeep\n|turn|24\n|\n|t:|1699770691\n|move|p2a: Kingdra|Draco Meteor|p1a: Big Brother\n|-damage|p1a: Big Brother|44\/100 brn\n|move|p1a: Big Brother|Roost|p1a: Big Brother\n|-heal|p1a: Big Brother|94\/100 brn\n|-singleturn|p1a: Big Brother|move: Roost\n|\n|-weather|RainDance|[upkeep]\n|-damage|p2a: Kingdra|7\/100 brn|[from] brn\n|upkeep\n|turn|25\n|\n|t:|1699770700\n|move|p2a: Kingdra|Draco Meteor|p1a: Big Brother\n|-damage|p1a: Big Brother|87\/100 brn\n|move|p1a: Big Brother|Stored Power|p2a: Kingdra\n|-damage|p2a: Kingdra|0 fnt\n|faint|p2a: Kingdra\n|\n|-weather|RainDance|[upkeep]\n|upkeep\n|\n|t:|1699770715\n|switch|p2a: Tapu Lele|Tapu Lele|100\/100\n|-fieldstart|move: Psychic Terrain|[from] ability: Psychic Surge|[of] p2a: Tapu Lele\n|turn|26\n|\n|t:|1699770719\n|move|p1a: Big Brother|Stored Power|p2a: Tapu Lele\n|-resisted|p2a: Tapu Lele\n|-damage|p2a: Tapu Lele|69\/100\n|move|p2a: Tapu Lele|Future Sight|p1a: Big Brother\n|-start|p2a: Tapu Lele|move: Future Sight\n|\n|-weather|none\n|upkeep\n|turn|27\n|\n|t:|1699770728\n|move|p1a: Big Brother|Stored Power|p2a: Tapu Lele\n|-resisted|p2a: Tapu Lele\n|-damage|p2a: Tapu Lele|38\/100\n|move|p2a: Tapu Lele|Moonblast|p1a: Big Brother\n|-damage|p1a: Big Brother|72\/100 brn\n|-unboost|p1a: Big Brother|spa|1\n|\n|upkeep\n|turn|28\n|\n|t:|1699770740\n|move|p1a: Big Brother|Psycho Shift|p2a: Tapu Lele\n|-status|p2a: Tapu Lele|brn\n|-curestatus|p1a: Big Brother|brn|[msg]\n|move|p2a: Tapu Lele|Moonblast|p1a: Big Brother\n|-damage|p1a: Big Brother|57\/100\n|\n|-end|p1a: Big Brother|move: Future Sight\n|-resisted|p1a: Big Brother\n|-damage|p1a: Big Brother|44\/100\n|-damage|p2a: Tapu Lele|32\/100 brn|[from] brn\n|-status|p1a: Big Brother|brn|[from] item: Flame Orb\n|upkeep\n|turn|29\n|\n|t:|1699770750\n|switch|p2a: Pelipper|Pelipper, M|37\/100\n|-weather|RainDance|[from] ability: Drizzle|[of] p2a: Pelipper\n|move|p1a: Big Brother|Roost|p1a: Big Brother\n|-heal|p1a: Big Brother|94\/100 brn\n|-singleturn|p1a: Big Brother|move: Roost\n|\n|-weather|RainDance|[upkeep]\n|upkeep\n|turn|30\n|\n|t:|1699770765\n|move|p1a: Big Brother|Psycho Shift|p2a: Pelipper\n|-status|p2a: Pelipper|brn\n|-curestatus|p1a: Big Brother|brn|[msg]\n|move|p2a: Pelipper|Hurricane|p1a: Big Brother\n|-damage|p1a: Big Brother|83\/100\n|\n|-weather|RainDance|[upkeep]\n|-damage|p2a: Pelipper|31\/100 brn|[from] brn\n|-fieldend|move: Psychic Terrain\n|-status|p1a: Big Brother|brn|[from] item: Flame Orb\n|upkeep\n|turn|31\n|\n|t:|1699770774\n|move|p1a: Big Brother|Stored Power|p2a: Pelipper\n|-damage|p2a: Pelipper|0 fnt\n|faint|p2a: Pelipper\n|\n|-weather|RainDance|[upkeep]\n|upkeep\n|inactive|dingf has 120 seconds left.\n|inactive|dingf has 90 seconds left.\n|\n|t:|1699770837\n|switch|p2a: Thundurus|Thundurus-Therian, M|100\/100\n|turn|32\n|\n|t:|1699770842\n|move|p2a: Thundurus|Wildbolt Storm|p1a: Big Brother\n|-supereffective|p1a: Big Brother\n|-damage|p1a: Big Brother|52\/100 brn\n|move|p1a: Big Brother|Psycho Shift|p2a: Thundurus\n|-status|p2a: Thundurus|brn\n|-curestatus|p1a: Big Brother|brn|[msg]\n|\n|-weather|RainDance|[upkeep]\n|-damage|p2a: Thundurus|94\/100 brn|[from] brn\n|-status|p1a: Big Brother|brn|[from] item: Flame Orb\n|upkeep\n|turn|33\n|\n|t:|1699770855\n|move|p2a: Thundurus|Wildbolt Storm|p1a: Big Brother\n|-supereffective|p1a: Big Brother\n|-damage|p1a: Big Brother|21\/100 brn\n|move|p1a: Big Brother|Roost|p1a: Big Brother\n|-heal|p1a: Big Brother|71\/100 brn\n|-singleturn|p1a: Big Brother|move: Roost\n|\n|-weather|RainDance|[upkeep]\n|-damage|p2a: Thundurus|88\/100 brn|[from] brn\n|upkeep\n|turn|34\n|\n|t:|1699770865\n|move|p2a: Thundurus|Volt Switch|p1a: Big Brother\n|-supereffective|p1a: Big Brother\n|-damage|p1a: Big Brother|44\/100 brn\n|\n|t:|1699770871\n|switch|p2a: Tapu Lele|Tapu Lele|32\/100 brn|[from] Volt Switch\n|-fieldstart|move: Psychic Terrain|[from] ability: Psychic Surge|[of] p2a: Tapu Lele\n|move|p1a: Big Brother|Stored Power|p2a: Tapu Lele\n|-resisted|p2a: Tapu Lele\n|-damage|p2a: Tapu Lele|9\/100 brn\n|\n|-weather|RainDance|[upkeep]\n|-damage|p2a: Tapu Lele|3\/100 brn|[from] brn\n|upkeep\n|turn|35\n|\n|t:|1699770883\n|move|p1a: Big Brother|Roost|p1a: Big Brother\n|-heal|p1a: Big Brother|94\/100 brn\n|-singleturn|p1a: Big Brother|move: Roost\n|move|p2a: Tapu Lele|Future Sight|p1a: Big Brother\n|-start|p2a: Tapu Lele|move: Future Sight\n|\n|-weather|RainDance|[upkeep]\n|-damage|p2a: Tapu Lele|0 fnt|[from] brn\n|faint|p2a: Tapu Lele\n|upkeep\n|\n|t:|1699770888\n|switch|p2a: Thundurus|Thundurus-Therian, M|88\/100 brn\n|turn|36\n|\n|t:|1699770892\n|move|p2a: Thundurus|Wildbolt Storm|p1a: Big Brother\n|-supereffective|p1a: Big Brother\n|-damage|p1a: Big Brother|58\/100 brn\n|move|p1a: Big Brother|Stored Power|p2a: Thundurus\n|-damage|p2a: Thundurus|31\/100 brn\n|\n|-weather|none\n|-damage|p2a: Thundurus|25\/100 brn|[from] brn\n|upkeep\n|turn|37\n|\n|t:|1699770900\n|move|p2a: Thundurus|Wildbolt Storm|p1a: Big Brother\n|-supereffective|p1a: Big Brother\n|-damage|p1a: Big Brother|21\/100 brn\n|move|p1a: Big Brother|Stored Power|p2a: Thundurus\n|-damage|p2a: Thundurus|0 fnt\n|faint|p2a: Thundurus\n|\n|-end|p1a: Big Brother|move: Future Sight\n|-resisted|p1a: Big Brother\n|-damage|p1a: Big Brother|9\/100 brn\n|upkeep\n|\n|t:|1699770912\n|switch|p2a: Barraskewda|Barraskewda, F|100\/100\n|turn|38\n|\n|t:|1699770918\n|-terastallize|p2a: Barraskewda|Water\n|move|p2a: Barraskewda|Liquidation|p1a: Big Brother\n|-damage|p1a: Big Brother|0 fnt\n|faint|p1a: Big Brother\n|\n|-fieldend|move: Psychic Terrain\n|upkeep\n|\n|t:|1699770927\n|switch|p1a: Big Booty|Celesteela|54\/100\n|turn|39\n|\n|t:|1699770931\n|move|p2a: Barraskewda|Liquidation|p1a: Big Booty\n|-damage|p1a: Big Booty|0 fnt\n|faint|p1a: Big Booty\n|\n|upkeep\n|\n|t:|1699770935\n|switch|p1a: Angry Fish|Gyarados, M|100\/100\n|-ability|p1a: Angry Fish|Intimidate|boost\n|-unboost|p2a: Barraskewda|atk|1\n|turn|40\n|\n|t:|1699770940\n|switch|p2a: Rotom|Rotom-Mow|100\/100\n|move|p1a: Angry Fish|Substitute|p1a: Angry Fish\n|-start|p1a: Angry Fish|Substitute\n|-damage|p1a: Angry Fish|76\/100\n|\n|-heal|p1a: Angry Fish|82\/100|[from] item: Leftovers\n|upkeep\n|turn|41\n|\n|t:|1699770952\n|move|p1a: Angry Fish|Bounce||[still]\n|-prepare|p1a: Angry Fish|Bounce\n|move|p2a: Rotom|Volt Switch|p1a: Angry Fish|[miss]\n|-miss|p2a: Rotom|p1a: Angry Fish\n|\n|-heal|p1a: Angry Fish|88\/100|[from] item: Leftovers\n|upkeep\n|turn|42\n|\n|t:|1699770958\n|move|p1a: Angry Fish|Bounce|p2a: Rotom|[from]lockedmove\n|-damage|p2a: Rotom|47\/100\n|move|p2a: Rotom|Volt Switch|p1a: Angry Fish\n|-supereffective|p1a: Angry Fish\n|-end|p1a: Angry Fish|Substitute\n|\n|t:|1699770963\n|switch|p2a: Barraskewda|Barraskewda, F, tera:Water|100\/100|[from] Volt Switch\n|\n|-heal|p1a: Angry Fish|94\/100|[from] item: Leftovers\n|upkeep\n|turn|43\n|\n|t:|1699770969\n|move|p2a: Barraskewda|Psychic Fangs|p1a: Angry Fish\n|-damage|p1a: Angry Fish|43\/100\n|move|p1a: Angry Fish|Bounce||[still]\n|-prepare|p1a: Angry Fish|Bounce\n|\n|-heal|p1a: Angry Fish|49\/100|[from] item: Leftovers\n|upkeep\n|turn|44\n|\n|t:|1699770976\n|switch|p2a: Rotom|Rotom-Mow|47\/100\n|move|p1a: Angry Fish|Bounce|p2a: Rotom|[from]lockedmove\n|-crit|p2a: Rotom\n|-damage|p2a: Rotom|0 fnt\n|faint|p2a: Rotom\n|\n|-heal|p1a: Angry Fish|55\/100|[from] item: Leftovers\n|upkeep\n|\n|t:|1699770982\n|switch|p2a: Barraskewda|Barraskewda, F, tera:Water|100\/100\n|turn|45\n|\n|t:|1699770989\n|switch|p1a: My Stat Boost Now|Ditto|44\/100\n|-transform|p1a: My Stat Boost Now|p2a: Barraskewda|[from] ability: Imposter\n|move|p2a: Barraskewda|Psychic Fangs|p1a: My Stat Boost Now\n|-damage|p1a: My Stat Boost Now|0 fnt\n|faint|p1a: My Stat Boost Now\n|\n|upkeep\n|\n|t:|1699770996\n|switch|p1a: Angry Fish|Gyarados, M|55\/100\n|-ability|p1a: Angry Fish|Intimidate|boost\n|-unboost|p2a: Barraskewda|atk|1\n|turn|46\n|\n|t:|1699771003\n|move|p2a: Barraskewda|Psychic Fangs|p1a: Angry Fish\n|-crit|p1a: Angry Fish\n|-damage|p1a: Angry Fish|0 fnt\n|faint|p1a: Angry Fish\n|\n|win|dingf\n|raw|Lifebearer's rating: 1293 &rarr; <strong>1275<\/strong><br \/>(-18 for losing)\n|raw|dingf's rating: 1399 &rarr; <strong>1413<\/strong><br \/>(+14 for winning)\n|c|\u2606Lifebearer|ahh that crit\n|c|\u2606Lifebearer|gg\n","uploadtime":1699771025,"views":6,"p1id":"lifebearer","p2id":"dingf","formatid":"gen9nationaldex","rating":1275,"private":0,"password":""}