{"id":"gen9nationaldex-1998328347","p1":"Very OU","p2":"drftgyhu6j6","format":"[Gen 9] National Dex","log":"|html|<div class=\"broadcast-blue\"><strong>[Gen 9] National Dex is currently suspecting Sneasler! For information on how to participate check out the <a href=\"https:\/\/www.smogon.com\/forums\/threads\/sv-national-dex-suspect-8-just-dance.3731534\/\">suspect thread<\/a>.<\/strong><\/div>\n|j|\u2606Very OU\n|j|\u2606drftgyhu6j6\n|t:|1700930011\n|gametype|singles\n|player|p1|Very OU|hiker-gen4|1261\n|player|p2|drftgyhu6j6|kimonogirl|1366\n|teamsize|p1|6\n|teamsize|p2|6\n|gen|9\n|tier|[Gen 9] National Dex\n|rated|\n|rule|HP Percentage Mod: HP is shown in percentages\n|rule|Endless Battle Clause: Forcing endless battles is banned\n|rule|OHKO Clause: OHKO moves are banned\n|rule|Evasion Clause: Evasion abilities, items, and moves are banned\n|rule|Evasion Abilities Clause: Evasion abilities are banned\n|rule|Evasion Items Clause: Evasion items are banned\n|rule|Evasion Moves Clause: Evasion moves are banned\n|rule|Species Clause: Limit one of each Pok\u00e9mon\n|rule|Sleep Clause Mod: Limit one foe put to sleep\n|clearpoke\n|poke|p1|Ampharos, F|\n|poke|p1|Landorus-Therian, M|\n|poke|p1|Tapu Koko|\n|poke|p1|Rotom-Wash|\n|poke|p1|Heatran, M|\n|poke|p1|Garchomp, F|\n|poke|p2|Alomomola, F|\n|poke|p2|Skeledirge, F|\n|poke|p2|Urshifu-*, F|\n|poke|p2|Great Tusk|\n|poke|p2|Tapu Lele|\n|poke|p2|Zapdos|\n|teampreview\n|inactive|Battle timer is ON: inactive players will automatically lose when time's up. (requested by drftgyhu6j6)\n|\n|t:|1700930029\n|start\n|switch|p1a: Landorus|Landorus-Therian, M|100\/100\n|switch|p2a: Great Tusk|Great Tusk|100\/100\n|-ability|p1a: Landorus|Intimidate|boost\n|-unboost|p2a: Great Tusk|atk|1\n|turn|1\n|\n|t:|1700930039\n|move|p1a: Landorus|U-turn|p2a: Great Tusk\n|-resisted|p2a: Great Tusk\n|-damage|p2a: Great Tusk|90\/100\n|\n|t:|1700930041\n|switch|p1a: Rotom|Rotom-Wash|100\/100|[from] U-turn\n|move|p2a: Great Tusk|Ice Spinner|p1a: Rotom\n|-resisted|p1a: Rotom\n|-damage|p1a: Rotom|93\/100\n|\n|upkeep\n|turn|2\n|\n|t:|1700930072\n|-end|p2a: Great Tusk|Protosynthesis|[silent]\n|switch|p2a: Zapdos|Zapdos|100\/100\n|move|p1a: Rotom|Hydro Pump|p2a: Zapdos|[miss]\n|-miss|p1a: Rotom|p2a: Zapdos\n|\n|upkeep\n|turn|3\n|\n|t:|1700930086\n|switch|p1a: Landorus|Landorus-Therian, M|100\/100\n|-ability|p1a: Landorus|Intimidate|boost\n|-unboost|p2a: Zapdos|atk|1\n|move|p2a: Zapdos|Thunderbolt|p1a: Landorus\n|-immune|p1a: Landorus\n|\n|upkeep\n|turn|4\n|\n|t:|1700930115\n|switch|p2a: Alomomola|Alomomola, F|100\/100\n|move|p1a: Landorus|U-turn|p2a: Alomomola\n|-damage|p2a: Alomomola|87\/100\n|\n|t:|1700930119\n|switch|p1a: Ampharos|Ampharos, F|100\/100|[from] U-turn\n|\n|upkeep\n|turn|5\n|\n|t:|1700930127\n|switch|p2a: Skeledirge|Skeledirge, F|100\/100\n|detailschange|p1a: Ampharos|Ampharos-Mega, F\n|-mega|p1a: Ampharos|Ampharos|Ampharosite\n|-ability|p1a: Ampharos|Mold Breaker\n|move|p1a: Ampharos|Thunderbolt|p2a: Skeledirge\n|-damage|p2a: Skeledirge|53\/100\n|\n|upkeep\n|turn|6\n|\n|t:|1700930153\n|switch|p1a: Heatran|Heatran, M|100\/100\n|move|p2a: Skeledirge|Slack Off|p2a: Skeledirge\n|-heal|p2a: Skeledirge|100\/100\n|\n|upkeep\n|turn|7\n|\n|t:|1700930162\n|switch|p2a: Alomomola|Alomomola, F|100\/100\n|move|p1a: Heatran|Stealth Rock|p2a: Alomomola\n|-sidestart|p2: drftgyhu6j6|move: Stealth Rock\n|\n|upkeep\n|turn|8\n|\n|t:|1700930166\n|move|p1a: Heatran|Taunt|p2a: Alomomola\n|-start|p2a: Alomomola|move: Taunt\n|move|p2a: Alomomola|Flip Turn|p1a: Heatran\n|-supereffective|p1a: Heatran\n|-damage|p1a: Heatran|74\/100\n|\n|t:|1700930171\n|switch|p2a: Urshifu|Urshifu-Rapid-Strike, F|100\/100|[from] Flip Turn\n|-damage|p2a: Urshifu|94\/100|[from] Stealth Rock\n|\n|-heal|p1a: Heatran|80\/100|[from] item: Leftovers\n|upkeep\n|turn|9\n|\n|t:|1700930179\n|switch|p1a: Rotom|Rotom-Wash|93\/100\n|move|p2a: Urshifu|Close Combat|p1a: Rotom\n|-damage|p1a: Rotom|12\/100\n|-unboost|p2a: Urshifu|def|1\n|-unboost|p2a: Urshifu|spd|1\n|\n|upkeep\n|turn|10\n|\n|t:|1700930187\n|switch|p2a: Great Tusk|Great Tusk|90\/100\n|-damage|p2a: Great Tusk|87\/100|[from] Stealth Rock\n|move|p1a: Rotom|Volt Switch|p2a: Great Tusk\n|-immune|p2a: Great Tusk\n|\n|upkeep\n|turn|11\n|\n|t:|1700930192\n|switch|p1a: Landorus|Landorus-Therian, M|100\/100\n|-ability|p1a: Landorus|Intimidate|boost\n|-unboost|p2a: Great Tusk|atk|1\n|move|p2a: Great Tusk|Rapid Spin|p1a: Landorus\n|-damage|p1a: Landorus|86\/100\n|-boost|p2a: Great Tusk|spe|1\n|-sideend|p2: drftgyhu6j6|Stealth Rock|[from] move: Rapid Spin|[of] p2a: Great Tusk\n|\n|upkeep\n|turn|12\n|\n|t:|1700930201\n|-end|p2a: Great Tusk|Protosynthesis|[silent]\n|switch|p2a: Zapdos|Zapdos|100\/100\n|move|p1a: Landorus|U-turn|p2a: Zapdos\n|-resisted|p2a: Zapdos\n|-damage|p2a: Zapdos|85\/100\n|\n|t:|1700930214\n|switch|p1a: Garchomp|Garchomp, F|100\/100|[from] U-turn\n|\n|upkeep\n|turn|13\n|\n|t:|1700930240\n|switch|p2a: Great Tusk|Great Tusk|87\/100\n|move|p1a: Garchomp|Scale Shot|p2a: Great Tusk\n|-damage|p2a: Great Tusk|77\/100\n|-damage|p2a: Great Tusk|66\/100\n|-damage|p2a: Great Tusk|56\/100\n|-damage|p2a: Great Tusk|46\/100\n|-damage|p2a: Great Tusk|36\/100\n|-hitcount|p2a: Great Tusk|5\n|-unboost|p1a: Garchomp|def|1\n|-boost|p1a: Garchomp|spe|1\n|\n|upkeep\n|turn|14\n|\n|t:|1700930249\n|-end|p2a: Great Tusk|Protosynthesis|[silent]\n|switch|p2a: Alomomola|Alomomola, F|100\/100\n|move|p1a: Garchomp|Earthquake|p2a: Alomomola\n|-damage|p2a: Alomomola|73\/100\n|\n|upkeep\n|turn|15\n|\n|t:|1700930270\n|switch|p1a: Tapu Koko|Tapu Koko|100\/100\n|-fieldstart|move: Electric Terrain|[from] ability: Electric Surge|[of] p1a: Tapu Koko\n|move|p2a: Alomomola|Wish|p2a: Alomomola\n|\n|upkeep\n|turn|16\n|\n|t:|1700930279\n|switch|p2a: Skeledirge|Skeledirge, F|100\/100\n|move|p1a: Tapu Koko|Thunderbolt|p2a: Skeledirge\n|-damage|p2a: Skeledirge|62\/100\n|\n|-heal|p2a: Skeledirge|100\/100|[from] move: Wish|[wisher] Alomomola\n|upkeep\n|turn|17\n|\n|t:|1700930286\n|switch|p2a: Great Tusk|Great Tusk|36\/100\n|move|p1a: Tapu Koko|U-turn|p2a: Great Tusk\n|-resisted|p2a: Great Tusk\n|-damage|p2a: Great Tusk|30\/100\n|\n|t:|1700930299\n|switch|p1a: Landorus|Landorus-Therian, M|86\/100|[from] U-turn\n|-ability|p1a: Landorus|Intimidate|boost\n|-unboost|p2a: Great Tusk|atk|1\n|\n|upkeep\n|turn|18\n|\n|t:|1700930309\n|-end|p2a: Great Tusk|Protosynthesis|[silent]\n|switch|p2a: Zapdos|Zapdos|85\/100\n|move|p1a: Landorus|U-turn|p2a: Zapdos\n|-resisted|p2a: Zapdos\n|-damage|p2a: Zapdos|70\/100\n|\n|t:|1700930324\n|switch|p1a: Ampharos|Ampharos-Mega, F|100\/100|[from] U-turn\n|-ability|p1a: Ampharos|Mold Breaker\n|\n|upkeep\n|turn|19\n|\n|t:|1700930337\n|move|p2a: Zapdos|Volt Switch|p1a: Ampharos\n|-resisted|p1a: Ampharos\n|-damage|p1a: Ampharos|92\/100\n|\n|t:|1700930343\n|switch|p2a: Tapu Lele|Tapu Lele|100\/100|[from] Volt Switch\n|-fieldstart|move: Psychic Terrain|[from] ability: Psychic Surge|[of] p2a: Tapu Lele\n|move|p1a: Ampharos|Agility|p1a: Ampharos\n|-boost|p1a: Ampharos|spe|2\n|\n|upkeep\n|turn|20\n|\n|t:|1700930349\n|switch|p1a: Heatran|Heatran, M|80\/100\n|move|p2a: Tapu Lele|Moonblast|p1a: Heatran\n|-resisted|p1a: Heatran\n|-damage|p1a: Heatran|68\/100\n|\n|-heal|p1a: Heatran|75\/100|[from] item: Leftovers\n|upkeep\n|turn|21\n|\n|t:|1700930355\n|switch|p2a: Urshifu|Urshifu-Rapid-Strike, F|94\/100\n|move|p1a: Heatran|Magma Storm|p2a: Urshifu\n|-resisted|p2a: Urshifu\n|-damage|p2a: Urshifu|63\/100\n|-activate|p2a: Urshifu|move: Magma Storm|[of] p1a: Heatran\n|\n|-heal|p1a: Heatran|81\/100|[from] item: Leftovers\n|-damage|p2a: Urshifu|51\/100|[from] move: Magma Storm|[partiallytrapped]\n|upkeep\n|turn|22\n|\n|t:|1700930368\n|-terastallize|p1a: Heatran|Grass\n|move|p2a: Urshifu|Close Combat|p1a: Heatran\n|-damage|p1a: Heatran|7\/100\n|-unboost|p2a: Urshifu|def|1\n|-unboost|p2a: Urshifu|spd|1\n|move|p1a: Heatran|Earth Power|p2a: Urshifu\n|-damage|p2a: Urshifu|0 fnt\n|faint|p2a: Urshifu\n|\n|-heal|p1a: Heatran|13\/100|[from] item: Leftovers\n|upkeep\n|\n|t:|1700930394\n|switch|p2a: Tapu Lele|Tapu Lele|100\/100\n|turn|23\n|\n|t:|1700930403\n|switch|p1a: Rotom|Rotom-Wash|12\/100\n|move|p2a: Tapu Lele|Moonblast|p1a: Rotom\n|-damage|p1a: Rotom|0 fnt\n|faint|p1a: Rotom\n|\n|-fieldend|move: Psychic Terrain\n|upkeep\n|\n|t:|1700930409\n|switch|p1a: Tapu Koko|Tapu Koko|100\/100\n|-fieldstart|move: Electric Terrain|[from] ability: Electric Surge|[of] p1a: Tapu Koko\n|turn|24\n|\n|t:|1700930414\n|switch|p2a: Skeledirge|Skeledirge, F|100\/100\n|move|p1a: Tapu Koko|Thunderbolt|p2a: Skeledirge\n|-damage|p2a: Skeledirge|67\/100\n|\n|upkeep\n|turn|25\n|\n|t:|1700930419\n|move|p1a: Tapu Koko|U-turn|p2a: Skeledirge\n|-resisted|p2a: Skeledirge\n|-damage|p2a: Skeledirge|64\/100\n|\n|t:|1700930429\n|switch|p1a: Ampharos|Ampharos-Mega, F|92\/100|[from] U-turn\n|-ability|p1a: Ampharos|Mold Breaker\n|move|p2a: Skeledirge|Slack Off|p2a: Skeledirge\n|-heal|p2a: Skeledirge|100\/100\n|\n|upkeep\n|turn|26\n|\n|t:|1700930438\n|switch|p2a: Great Tusk|Great Tusk|30\/100\n|move|p1a: Ampharos|Thunderbolt|p2a: Great Tusk\n|-immune|p2a: Great Tusk\n|\n|upkeep\n|turn|27\n|l|\u2606Very OU\n|inactive|Very OU disconnected and has a minute to reconnect!\n|player|p1|\n|j|\u2606Very OU\n|inactive|Very OU reconnected and has 115 seconds left.\n|player|p1|Very OU|hiker-gen4\n|\n|t:|1700930483\n|switch|p1a: Landorus|Landorus-Therian, M|86\/100\n|-ability|p1a: Landorus|Intimidate|boost\n|-unboost|p2a: Great Tusk|atk|1\n|move|p2a: Great Tusk|Headlong Rush|p1a: Landorus\n|-immune|p1a: Landorus\n|\n|upkeep\n|turn|28\n|\n|t:|1700930494\n|-end|p2a: Great Tusk|Protosynthesis|[silent]\n|switch|p2a: Alomomola|Alomomola, F|100\/100\n|move|p1a: Landorus|Stone Edge|p2a: Alomomola\n|-damage|p2a: Alomomola|80\/100\n|\n|-fieldend|move: Electric Terrain\n|upkeep\n|turn|29\n|\n|t:|1700930503\n|switch|p1a: Tapu Koko|Tapu Koko|100\/100\n|-fieldstart|move: Electric Terrain|[from] ability: Electric Surge|[of] p1a: Tapu Koko\n|move|p2a: Alomomola|Flip Turn|p1a: Tapu Koko\n|-damage|p1a: Tapu Koko|76\/100\n|\n|t:|1700930522\n|switch|p2a: Great Tusk|Great Tusk|30\/100|[from] Flip Turn\n|\n|upkeep\n|turn|30\n|\n|t:|1700930526\n|move|p2a: Great Tusk|Headlong Rush|p1a: Tapu Koko\n|-supereffective|p1a: Tapu Koko\n|-damage|p1a: Tapu Koko|0 fnt\n|-unboost|p2a: Great Tusk|def|1\n|-unboost|p2a: Great Tusk|spd|1\n|faint|p1a: Tapu Koko\n|\n|upkeep\n|\n|t:|1700930535\n|switch|p1a: Landorus|Landorus-Therian, M|86\/100\n|-ability|p1a: Landorus|Intimidate|boost\n|-unboost|p2a: Great Tusk|atk|1\n|turn|31\n|inactive|Very OU has 120 seconds left.\n|\n|t:|1700930551\n|-end|p2a: Great Tusk|Protosynthesis|[silent]\n|switch|p2a: Alomomola|Alomomola, F|100\/100\n|move|p1a: Landorus|U-turn|p2a: Alomomola\n|-damage|p2a: Alomomola|87\/100\n|\n|t:|1700930555\n|switch|p1a: Ampharos|Ampharos-Mega, F|92\/100|[from] U-turn\n|-ability|p1a: Ampharos|Mold Breaker\n|\n|upkeep\n|turn|32\n|\n|t:|1700930561\n|switch|p2a: Tapu Lele|Tapu Lele|100\/100\n|-fieldstart|move: Psychic Terrain|[from] ability: Psychic Surge|[of] p2a: Tapu Lele\n|move|p1a: Ampharos|Dragon Pulse|p2a: Tapu Lele\n|-immune|p2a: Tapu Lele\n|\n|upkeep\n|turn|33\n|\n|t:|1700930573\n|switch|p1a: Heatran|Heatran, M, tera:Grass|13\/100\n|move|p2a: Tapu Lele|Moonblast|p1a: Heatran\n|-damage|p1a: Heatran|0 fnt\n|faint|p1a: Heatran\n|\n|upkeep\n|\n|t:|1700930578\n|switch|p1a: Landorus|Landorus-Therian, M|86\/100\n|-ability|p1a: Landorus|Intimidate|boost\n|-unboost|p2a: Tapu Lele|atk|1\n|turn|34\n|\n|t:|1700930586\n|switch|p2a: Alomomola|Alomomola, F|100\/100\n|move|p1a: Landorus|Explosion|p2a: Alomomola\n|-damage|p2a: Alomomola|48\/100\n|faint|p1a: Landorus\n|\n|upkeep\n|\n|t:|1700930597\n|switch|p1a: Ampharos|Ampharos-Mega, F|92\/100\n|-ability|p1a: Ampharos|Mold Breaker\n|turn|35\n|\n|t:|1700930608\n|switch|p2a: Tapu Lele|Tapu Lele|100\/100\n|move|p1a: Ampharos|Dragon Pulse|p2a: Tapu Lele\n|-immune|p2a: Tapu Lele\n|\n|upkeep\n|turn|36\n|\n|t:|1700930614\n|move|p2a: Tapu Lele|Moonblast|p1a: Ampharos\n|-supereffective|p1a: Ampharos\n|-damage|p1a: Ampharos|0 fnt\n|faint|p1a: Ampharos\n|\n|-fieldend|move: Psychic Terrain\n|upkeep\n|\n|t:|1700930617\n|switch|p1a: Garchomp|Garchomp, F|100\/100\n|turn|37\n|\n|t:|1700930620\n|move|p1a: Garchomp|Scale Shot|p2a: Tapu Lele\n|-immune|p2a: Tapu Lele\n|move|p2a: Tapu Lele|Moonblast|p1a: Garchomp\n|-supereffective|p1a: Garchomp\n|-damage|p1a: Garchomp|0 fnt\n|faint|p1a: Garchomp\n|\n|win|drftgyhu6j6\n|raw|Very OU's rating: 1261 &rarr; <strong>1243<\/strong><br \/>(-18 for losing)\n|raw|drftgyhu6j6's rating: 1366 &rarr; <strong>1380<\/strong><br \/>(+14 for winning)\n|c|\u2606Very OU|you were'n't scarf????\n|c|\u2606drftgyhu6j6|specs\n|l|\u2606Very OU\n","uploadtime":1700930662,"views":3,"p1id":"veryou","p2id":"drftgyhu6j6","formatid":"gen9nationaldex","rating":1243,"private":0,"password":""}