{"id":"gen9nationaldex-1992004899","p1":"dadi02","p2":"ALLAUSQUI","format":"[Gen 9] National Dex","log":"|j|\u2606dadi02\n|j|\u2606ALLAUSQUI\n|t:|1700146984\n|gametype|singles\n|player|p1|dadi02|guitarist|1345\n|player|p2|ALLAUSQUI|iris|1271\n|teamsize|p1|6\n|teamsize|p2|6\n|gen|9\n|tier|[Gen 9] National Dex\n|rated|\n|rule|HP Percentage Mod: HP is shown in percentages\n|rule|Endless Battle Clause: Forcing endless battles is banned\n|rule|OHKO Clause: OHKO moves are banned\n|rule|Evasion Clause: Evasion abilities, items, and moves are banned\n|rule|Evasion Abilities Clause: Evasion abilities are banned\n|rule|Evasion Items Clause: Evasion items are banned\n|rule|Evasion Moves Clause: Evasion moves are banned\n|rule|Species Clause: Limit one of each Pok\u00e9mon\n|rule|Sleep Clause Mod: Limit one foe put to sleep\n|clearpoke\n|poke|p1|Tapu Lele|\n|poke|p1|Hawlucha, M|\n|poke|p1|Chansey, F|\n|poke|p1|Cinderace, F|\n|poke|p1|Polteageist-Antique|\n|poke|p1|Armarouge, M|\n|poke|p2|Quagsire, F|\n|poke|p2|Thundurus-Therian, M|\n|poke|p2|Mawile, F|\n|poke|p2|Zarude|\n|poke|p2|Latias, F|\n|poke|p2|Blaziken, M|\n|teampreview\n|\n|t:|1700146992\n|start\n|switch|p1a: Tapu Lele|Tapu Lele|100\/100\n|switch|p2a: Quagsire|Quagsire, F, shiny|100\/100\n|-fieldstart|move: Psychic Terrain|[from] ability: Psychic Surge|[of] p1a: Tapu Lele\n|turn|1\n|inactive|Battle timer is ON: inactive players will automatically lose when time's up. (requested by dadi02)\n|\n|t:|1700147002\n|move|p1a: Tapu Lele|Future Sight|p2a: Quagsire\n|-start|p1a: Tapu Lele|move: Future Sight\n|move|p2a: Quagsire|Yawn|p1a: Tapu Lele\n|-start|p1a: Tapu Lele|move: Yawn|[of] p2a: Quagsire\n|\n|upkeep\n|turn|2\n|\n|t:|1700147027\n|switch|p1a: Chansey|Chansey, F|100\/100\n|move|p2a: Quagsire|Toxic Spikes|p1a: Chansey\n|-sidestart|p1: dadi02|move: Toxic Spikes\n|\n|upkeep\n|turn|3\n|\n|t:|1700147039\n|switch|p2a: Mawile|Mawile, F, shiny|100\/100\n|-ability|p2a: Mawile|Intimidate|boost\n|-unboost|p1a: Chansey|atk|1\n|move|p1a: Chansey|Teleport|p1a: Chansey\n|inactive|dadi02 has 120 seconds left.\n|\n|t:|1700147056\n|switch|p1a: Cinderace|Cinderace, F|100\/100|[from] Teleport\n|\n|-end|p2a: Mawile|move: Future Sight\n|-resisted|p2a: Mawile\n|-damage|p2a: Mawile|23\/100\n|upkeep\n|turn|4\n|inactive|dadi02 has 120 seconds left.\n|\n|t:|1700147063\n|switch|p2a: Latias|Latias, F|100\/100\n|move|p1a: Cinderace|Court Change|p1a: Cinderace\n|-start|p1a: Cinderace|typechange|Normal|[from] ability: Libero\n|-swapsideconditions\n|-activate|p1a: Cinderace|move: Court Change\n|\n|upkeep\n|turn|5\n|inactive|dadi02 has 120 seconds left.\n|\n|t:|1700147094\n|move|p1a: Cinderace|U-turn|p2a: Latias\n|-supereffective|p2a: Latias\n|-damage|p2a: Latias|43\/100\n|\n|t:|1700147105\n|switch|p1a: Chansey|Chansey, F|100\/100|[from] U-turn\n|move|p2a: Latias|Calm Mind|p2a: Latias\n|-boost|p2a: Latias|spa|1\n|-boost|p2a: Latias|spd|1\n|\n|-heal|p2a: Latias|49\/100|[from] item: Leftovers\n|upkeep\n|turn|6\n|\n|t:|1700147113\n|move|p2a: Latias|Aura Sphere|p1a: Chansey\n|-supereffective|p1a: Chansey\n|-damage|p1a: Chansey|76\/100\n|move|p1a: Chansey|Thunder Wave|p2a: Latias\n|-status|p2a: Latias|par\n|\n|-heal|p2a: Latias|55\/100 par|[from] item: Leftovers\n|upkeep\n|turn|7\n|\n|t:|1700147124\n|move|p2a: Latias|Aura Sphere|p1a: Chansey\n|-supereffective|p1a: Chansey\n|-damage|p1a: Chansey|55\/100\n|move|p1a: Chansey|Teleport|p1a: Chansey\n|\n|t:|1700147132\n|switch|p1a: Cinderace|Cinderace, F|100\/100|[from] Teleport\n|\n|-heal|p2a: Latias|61\/100 par|[from] item: Leftovers\n|upkeep\n|turn|8\n|\n|t:|1700147142\n|move|p1a: Cinderace|U-turn|p2a: Latias\n|-start|p1a: Cinderace|typechange|Bug|[from] ability: Libero\n|-supereffective|p2a: Latias\n|-damage|p2a: Latias|0 fnt\n|faint|p2a: Latias\n|\n|t:|1700147152\n|switch|p1a: Armarouge|Armarouge, M|100\/100|[from] U-turn\n|\n|-fieldend|move: Psychic Terrain\n|upkeep\n|\n|t:|1700147163\n|switch|p2a: Mawile|Mawile, F, shiny|23\/100\n|-ability|p2a: Mawile|Intimidate|boost\n|-unboost|p1a: Armarouge|atk|1\n|turn|9\n|\n|t:|1700147170\n|switch|p1a: Tapu Lele|Tapu Lele|100\/100\n|-fieldstart|move: Psychic Terrain|[from] ability: Psychic Surge|[of] p1a: Tapu Lele\n|detailschange|p2a: Mawile|Mawile-Mega, F, shiny\n|-mega|p2a: Mawile|Mawile|Mawilite\n|move|p2a: Mawile|Sucker Punch||[still]\n|-fail|p2a: Mawile\n|\n|upkeep\n|turn|10\n|\n|t:|1700147179\n|-terastallize|p1a: Tapu Lele|Grass\n|move|p1a: Tapu Lele|Future Sight|p2a: Mawile\n|-start|p1a: Tapu Lele|move: Future Sight\n|move|p2a: Mawile|Iron Head|p1a: Tapu Lele\n|-damage|p1a: Tapu Lele|28\/100\n|\n|upkeep\n|turn|11\n|inactive|dadi02 has 120 seconds left.\n|\n|t:|1700147189\n|move|p2a: Mawile|Sucker Punch|p1a: Tapu Lele\n|-activate|p1a: Tapu Lele|move: Psychic Terrain\n|move|p1a: Tapu Lele|Moonblast|p2a: Mawile\n|-resisted|p2a: Mawile\n|-damage|p2a: Mawile|0 fnt\n|faint|p2a: Mawile\n|\n|upkeep\n|\n|t:|1700147198\n|switch|p2a: Thundurus|Thundurus-Therian, M|100\/100\n|turn|12\n|\n|t:|1700147204\n|switch|p1a: Chansey|Chansey, F|55\/100\n|move|p2a: Thundurus|Nasty Plot|p2a: Thundurus\n|-boost|p2a: Thundurus|spa|2\n|\n|-end|p2a: Thundurus|move: Future Sight\n|-damage|p2a: Thundurus|0 fnt\n|faint|p2a: Thundurus\n|upkeep\n|\n|t:|1700147209\n|switch|p2a: Quagsire|Quagsire, F, shiny|100\/100\n|-status|p2a: Quagsire|psn\n|turn|13\n|\n|t:|1700147216\n|move|p2a: Quagsire|Yawn|p1a: Chansey\n|-start|p1a: Chansey|move: Yawn|[of] p2a: Quagsire\n|move|p1a: Chansey|Soft-Boiled|p1a: Chansey\n|-heal|p1a: Chansey|100\/100\n|\n|-damage|p2a: Quagsire|88\/100 psn|[from] psn\n|upkeep\n|turn|14\n|\n|t:|1700147223\n|move|p2a: Quagsire|Toxic Spikes|p1a: Chansey\n|-sidestart|p1: dadi02|move: Toxic Spikes\n|move|p1a: Chansey|Teleport|p1a: Chansey\n|\n|t:|1700147236\n|switch|p1a: Armarouge|Armarouge, M|100\/100|[from] Teleport\n|-status|p1a: Armarouge|psn\n|\n|-heal|p2a: Quagsire|94\/100 psn|[from] item: Leftovers\n|-damage|p1a: Armarouge|88\/100 psn|[from] psn\n|-damage|p2a: Quagsire|82\/100 psn|[from] psn\n|upkeep\n|turn|15\n|\n|t:|1700147245\n|move|p1a: Armarouge|Expanding Force|p2a: Quagsire\n|-damage|p2a: Quagsire|9\/100 psn\n|move|p2a: Quagsire|Recover|p2a: Quagsire\n|-heal|p2a: Quagsire|59\/100 psn\n|\n|-heal|p2a: Quagsire|65\/100 psn|[from] item: Leftovers\n|-damage|p1a: Armarouge|75\/100 psn|[from] psn\n|-damage|p2a: Quagsire|53\/100 psn|[from] psn\n|upkeep\n|turn|16\n|\n|t:|1700147254\n|switch|p2a: Zarude|Zarude|100\/100\n|-status|p2a: Zarude|psn\n|move|p1a: Armarouge|Expanding Force|p2a: Zarude\n|-immune|p2a: Zarude\n|\n|-damage|p2a: Zarude|88\/100 psn|[from] psn\n|-damage|p1a: Armarouge|63\/100 psn|[from] psn\n|-fieldend|move: Psychic Terrain\n|upkeep\n|turn|17\n|\n|t:|1700147272\n|-terastallize|p2a: Zarude|Dark\n|move|p2a: Zarude|Trailblaze|p1a: Armarouge\n|-resisted|p1a: Armarouge\n|-damage|p1a: Armarouge|46\/100 psn\n|-boost|p2a: Zarude|spe|1\n|-ability|p1a: Armarouge|Weak Armor|boost\n|-unboost|p1a: Armarouge|def|1\n|-boost|p1a: Armarouge|spe|2\n|-damage|p2a: Zarude|78\/100 psn|[from] item: Life Orb\n|move|p1a: Armarouge|Armor Cannon|p2a: Zarude\n|-damage|p2a: Zarude|15\/100 psn\n|-unboost|p1a: Armarouge|def|1\n|-unboost|p1a: Armarouge|spd|1\n|\n|-damage|p1a: Armarouge|34\/100 psn|[from] psn\n|-damage|p2a: Zarude|2\/100 psn|[from] psn\n|upkeep\n|turn|18\n|inactive|dadi02 has 120 seconds left.\n|\n|t:|1700147300\n|move|p1a: Armarouge|Armor Cannon|p2a: Zarude\n|-damage|p2a: Zarude|0 fnt\n|-unboost|p1a: Armarouge|def|1\n|-unboost|p1a: Armarouge|spd|1\n|faint|p2a: Zarude\n|\n|-damage|p1a: Armarouge|21\/100 psn|[from] psn\n|upkeep\n|l|\u2606ALLAUSQUI\n|inactive|ALLAUSQUI disconnected and has a minute to reconnect!\n|player|p2|\n|inactive|ALLAUSQUI has 30 seconds to reconnect!\n|inactive|ALLAUSQUI has 20 seconds to reconnect!\n|inactive|ALLAUSQUI has 15 seconds to reconnect!\n|inactive|ALLAUSQUI has 10 seconds to reconnect!\n|inactive|ALLAUSQUI has 5 seconds to reconnect!\n|-message|ALLAUSQUI lost due to inactivity.\n|\n|win|dadi02\n|raw|dadi02's rating: 1345 &rarr; <strong>1361<\/strong><br \/>(+16 for winning)\n|raw|ALLAUSQUI's rating: 1271 &rarr; <strong>1251<\/strong><br \/>(-20 for losing)\n","uploadtime":1700147369,"views":4,"p1id":"dadi02","p2id":"allausqui","formatid":"gen9nationaldex","rating":1251,"private":0,"password":""}