{"id":"gen9nationaldex-2000642176","p1":"Connerwake","p2":"MotherHorse","format":"[Gen 9] National Dex","log":"|html|<div class=\"broadcast-blue\"><strong>[Gen 9] National Dex is currently suspecting Sneasler! For information on how to participate check out the <a href=\"https:\/\/www.smogon.com\/forums\/threads\/sv-national-dex-suspect-8-just-dance.3731534\/\">suspect thread<\/a>.<\/strong><\/div>\n|j|\u2606Connerwake\n|j|\u2606MotherHorse\n|t:|1701213661\n|gametype|singles\n|player|p1|Connerwake|2|1476\n|player|p2|MotherHorse|gardenia|1533\n|teamsize|p1|6\n|teamsize|p2|6\n|gen|9\n|tier|[Gen 9] National Dex\n|rated|\n|rule|HP Percentage Mod: HP is shown in percentages\n|rule|Endless Battle Clause: Forcing endless battles is banned\n|rule|OHKO Clause: OHKO moves are banned\n|rule|Evasion Clause: Evasion abilities, items, and moves are banned\n|rule|Evasion Abilities Clause: Evasion abilities are banned\n|rule|Evasion Items Clause: Evasion items are banned\n|rule|Evasion Moves Clause: Evasion moves are banned\n|rule|Species Clause: Limit one of each Pok\u00e9mon\n|rule|Sleep Clause Mod: Limit one foe put to sleep\n|clearpoke\n|poke|p1|Ogerpon-Wellspring, F|\n|poke|p1|Charizard, F|\n|poke|p1|Great Tusk|\n|poke|p1|Heatran, M|\n|poke|p1|Gliscor, M|\n|poke|p1|Ribombee, M|\n|poke|p2|Tapu Koko|\n|poke|p2|Iron Valiant|\n|poke|p2|Hawlucha, F|\n|poke|p2|Iron Moth|\n|poke|p2|Landorus-Therian, M|\n|poke|p2|Scizor, M|\n|teampreview\n|inactive|Battle timer is ON: inactive players will automatically lose when time's up. (requested by Connerwake)\n|\n|t:|1701213681\n|start\n|switch|p1a: Ribombee|Ribombee, M|100\/100\n|switch|p2a: Tapu Koko|Tapu Koko|100\/100\n|-fieldstart|move: Electric Terrain|[from] ability: Electric Surge|[of] p2a: Tapu Koko\n|turn|1\n|\n|t:|1701213686\n|move|p2a: Tapu Koko|Taunt|p1a: Ribombee\n|-start|p1a: Ribombee|move: Taunt\n|cant|p1a: Ribombee|move: Taunt|Sticky Web\n|\n|upkeep\n|turn|2\n|\n|t:|1701213690\n|move|p2a: Tapu Koko|U-turn|p1a: Ribombee\n|-resisted|p1a: Ribombee\n|-damage|p1a: Ribombee|85\/100\n|\n|t:|1701213693\n|switch|p2a: Iron Moth|Iron Moth|100\/100|[from] U-turn\n|-activate|p2a: Iron Moth|ability: Quark Drive\n|-start|p2a: Iron Moth|quarkdrivespe\n|move|p1a: Ribombee|Moonblast|p2a: Iron Moth\n|-resisted|p2a: Iron Moth\n|-damage|p2a: Iron Moth|91\/100\n|\n|upkeep\n|turn|3\n|\n|t:|1701213708\n|switch|p1a: Heatran|Heatran, M|100\/100\n|move|p2a: Iron Moth|Fiery Dance|p1a: Heatran\n|-start|p1a: Heatran|ability: Flash Fire\n|\n|upkeep\n|turn|4\n|\n|t:|1701213715\n|-terastallize|p2a: Iron Moth|Ground\n|move|p2a: Iron Moth|Tera Blast|p1a: Heatran|[anim] Tera Blast Ground\n|-supereffective|p1a: Heatran\n|-damage|p1a: Heatran|0 fnt\n|faint|p1a: Heatran\n|\n|upkeep\n|\n|t:|1701213740\n|switch|p1a: Ogerpon|Ogerpon-Wellspring, F|100\/100\n|turn|5\n|\n|t:|1701213745\n|-terastallize|p1a: Ogerpon|Water\n|detailschange|p1a: Ogerpon|Ogerpon-Wellspring-Tera, F, tera:Water\n|-ability|p1a: Ogerpon|Embody Aspect (Wellspring)|boost\n|-boost|p1a: Ogerpon|spd|1\n|move|p2a: Iron Moth|Sludge Wave|p1a: Ogerpon\n|-damage|p1a: Ogerpon|69\/100\n|move|p1a: Ogerpon|Trailblaze|p2a: Iron Moth\n|-supereffective|p2a: Iron Moth\n|-damage|p2a: Iron Moth|6\/100\n|-boost|p1a: Ogerpon|spe|1\n|\n|upkeep\n|turn|6\n|\n|t:|1701213760\n|-end|p2a: Iron Moth|Quark Drive|[silent]\n|switch|p2a: Landorus|Landorus-Therian, M|100\/100\n|-ability|p2a: Landorus|Intimidate|boost\n|-unboost|p1a: Ogerpon|atk|1\n|move|p1a: Ogerpon|Trailblaze|p2a: Landorus\n|-damage|p2a: Landorus|83\/100\n|-boost|p1a: Ogerpon|spe|1\n|-enditem|p2a: Landorus|Eject Button\n|\n|t:|1701213773\n|switch|p2a: Hawlucha|Hawlucha, F|100\/100\n|-enditem|p2a: Hawlucha|Electric Seed\n|-boost|p2a: Hawlucha|def|1|[from] item: Electric Seed\n|\n|upkeep\n|turn|7\n|\n|t:|1701213777\n|move|p1a: Ogerpon|Swords Dance|p1a: Ogerpon\n|-boost|p1a: Ogerpon|atk|2\n|move|p2a: Hawlucha|Swords Dance|p2a: Hawlucha\n|-boost|p2a: Hawlucha|atk|2\n|\n|upkeep\n|turn|8\n|\n|t:|1701213785\n|move|p1a: Ogerpon|Ivy Cudgel|p2a: Hawlucha|[anim] Ivy Cudgel Water\n|-crit|p2a: Hawlucha\n|-damage|p2a: Hawlucha|0 fnt\n|faint|p2a: Hawlucha\n|\n|-fieldend|move: Electric Terrain\n|upkeep\n|\n|t:|1701213795\n|switch|p2a: Landorus|Landorus-Therian, M|83\/100\n|-ability|p2a: Landorus|Intimidate|boost\n|-unboost|p1a: Ogerpon|atk|1\n|turn|9\n|\n|t:|1701213804\n|move|p1a: Ogerpon|Swords Dance|p1a: Ogerpon\n|-boost|p1a: Ogerpon|atk|2\n|move|p2a: Landorus|Earthquake|p1a: Ogerpon\n|-damage|p1a: Ogerpon|12\/100\n|\n|upkeep\n|turn|10\n|\n|t:|1701213811\n|move|p1a: Ogerpon|Horn Leech|p2a: Landorus\n|-damage|p2a: Landorus|15\/100\n|-heal|p1a: Ogerpon|55\/100|[from] drain|[of] p2a: Landorus\n|move|p2a: Landorus|Earthquake|p1a: Ogerpon\n|-damage|p1a: Ogerpon|0 fnt\n|faint|p1a: Ogerpon\n|\n|upkeep\n|\n|t:|1701213818\n|switch|p1a: Ribombee|Ribombee, M|85\/100\n|turn|11\n|\n|t:|1701213823\n|switch|p2a: Scizor|Scizor, M|100\/100\n|move|p1a: Ribombee|Sticky Web|p2a: Scizor\n|-sidestart|p2: MotherHorse|move: Sticky Web\n|\n|upkeep\n|turn|12\n|\n|t:|1701213839\n|detailschange|p2a: Scizor|Scizor-Mega, M\n|-mega|p2a: Scizor|Scizor|Scizorite\n|move|p1a: Ribombee|Bug Buzz|p2a: Scizor\n|-resisted|p2a: Scizor\n|-damage|p2a: Scizor|81\/100\n|move|p2a: Scizor|Swords Dance|p2a: Scizor\n|-boost|p2a: Scizor|atk|2\n|\n|upkeep\n|turn|13\n|\n|t:|1701213844\n|move|p1a: Ribombee|Stun Spore|p2a: Scizor\n|-status|p2a: Scizor|par\n|move|p2a: Scizor|Trailblaze|p1a: Ribombee\n|-resisted|p1a: Ribombee\n|-crit|p1a: Ribombee\n|-damage|p1a: Ribombee|0 fnt\n|-boost|p2a: Scizor|spe|1\n|faint|p1a: Ribombee\n|\n|upkeep\n|\n|t:|1701213850\n|switch|p1a: Charizard|Charizard, F|100\/100\n|turn|14\n|\n|t:|1701213856\n|detailschange|p1a: Charizard|Charizard-Mega-Y, F\n|-mega|p1a: Charizard|Charizard|Charizardite Y\n|-weather|SunnyDay|[from] ability: Drought|[of] p1a: Charizard\n|move|p2a: Scizor|Bullet Punch|p1a: Charizard\n|-resisted|p1a: Charizard\n|-damage|p1a: Charizard|45\/100\n|move|p1a: Charizard|Weather Ball|p2a: Scizor\n|-supereffective|p2a: Scizor\n|-damage|p2a: Scizor|0 fnt\n|faint|p2a: Scizor\n|\n|-weather|SunnyDay|[upkeep]\n|upkeep\n|\n|t:|1701213867\n|switch|p2a: Tapu Koko|Tapu Koko|100\/100\n|-activate|p2a: Tapu Koko|move: Sticky Web\n|-unboost|p2a: Tapu Koko|spe|1\n|-fieldstart|move: Electric Terrain|[from] ability: Electric Surge|[of] p2a: Tapu Koko\n|turn|15\n|\n|t:|1701213873\n|move|p1a: Charizard|Weather Ball|p2a: Tapu Koko\n|-damage|p2a: Tapu Koko|0 fnt\n|faint|p2a: Tapu Koko\n|\n|-weather|SunnyDay|[upkeep]\n|upkeep\n|\n|t:|1701213878\n|switch|p2a: Iron Moth|Iron Moth, tera:Ground|6\/100\n|-activate|p2a: Iron Moth|ability: Quark Drive\n|-start|p2a: Iron Moth|quarkdrivespe\n|turn|16\n|\n|t:|1701213887\n|switch|p1a: Great Tusk|Great Tusk|100\/100\n|-activate|p1a: Great Tusk|ability: Protosynthesis\n|-start|p1a: Great Tusk|protosynthesisdef\n|move|p2a: Iron Moth|Sludge Wave|p1a: Great Tusk\n|-resisted|p1a: Great Tusk\n|-damage|p1a: Great Tusk|70\/100\n|\n|-weather|SunnyDay|[upkeep]\n|-heal|p1a: Great Tusk|76\/100|[from] item: Leftovers\n|upkeep\n|turn|17\n|\n|t:|1701213896\n|move|p2a: Iron Moth|Energy Ball|p1a: Great Tusk\n|-supereffective|p1a: Great Tusk\n|-damage|p1a: Great Tusk|0 fnt\n|faint|p1a: Great Tusk\n|-end|p1a: Great Tusk|Protosynthesis|[silent]\n|\n|-weather|SunnyDay|[upkeep]\n|upkeep\n|\n|t:|1701213899\n|switch|p1a: Gliscor|Gliscor, M|100\/100\n|turn|18\n|\n|t:|1701213901\n|-end|p2a: Iron Moth|Quark Drive|[silent]\n|switch|p2a: Landorus|Landorus-Therian, M|15\/100\n|-ability|p2a: Landorus|Intimidate|boost\n|-unboost|p1a: Gliscor|atk|1\n|move|p1a: Gliscor|Protect||[still]\n|-fail|p1a: Gliscor\n|\n|-weather|none\n|-status|p1a: Gliscor|tox|[from] item: Toxic Orb\n|upkeep\n|turn|19\n|\n|t:|1701213905\n|move|p2a: Landorus|Hidden Power|p1a: Gliscor\n|-supereffective|p1a: Gliscor\n|-damage|p1a: Gliscor|46\/100 tox\n|move|p1a: Gliscor|Knock Off|p2a: Landorus\n|-damage|p2a: Landorus|7\/100\n|\n|-heal|p1a: Gliscor|58\/100 tox|[from] ability: Poison Heal\n|upkeep\n|turn|20\n|\n|t:|1701213912\n|move|p1a: Gliscor|Protect|p1a: Gliscor\n|-singleturn|p1a: Gliscor|Protect\n|move|p2a: Landorus|Stealth Rock|p1a: Gliscor\n|-sidestart|p1: Connerwake|move: Stealth Rock\n|\n|-heal|p1a: Gliscor|71\/100 tox|[from] ability: Poison Heal\n|upkeep\n|turn|21\n|\n|t:|1701213916\n|move|p2a: Landorus|Hidden Power|p1a: Gliscor\n|-supereffective|p1a: Gliscor\n|-damage|p1a: Gliscor|14\/100 tox\n|move|p1a: Gliscor|Knock Off|p2a: Landorus\n|-damage|p2a: Landorus|0 fnt\n|faint|p2a: Landorus\n|\n|-heal|p1a: Gliscor|26\/100 tox|[from] ability: Poison Heal\n|upkeep\n|\n|t:|1701213920\n|switch|p2a: Iron Moth|Iron Moth, tera:Ground|6\/100\n|-activate|p2a: Iron Moth|ability: Quark Drive\n|-start|p2a: Iron Moth|quarkdrivespe\n|turn|22\n|\n|t:|1701213923\n|move|p1a: Gliscor|Protect|p1a: Gliscor\n|-singleturn|p1a: Gliscor|Protect\n|move|p2a: Iron Moth|Fiery Dance|p1a: Gliscor\n|-activate|p1a: Gliscor|move: Protect\n|\n|-heal|p1a: Gliscor|39\/100 tox|[from] ability: Poison Heal\n|-fieldend|move: Electric Terrain\n|-end|p2a: Iron Moth|Quark Drive\n|upkeep\n|turn|23\n|\n|t:|1701213928\n|move|p2a: Iron Moth|Fiery Dance|p1a: Gliscor\n|-damage|p1a: Gliscor|0 fnt\n|faint|p1a: Gliscor\n|\n|upkeep\n|\n|t:|1701213930\n|switch|p1a: Charizard|Charizard-Mega-Y, F|45\/100\n|-damage|p1a: Charizard|0 fnt|[from] Stealth Rock\n|faint|p1a: Charizard\n|\n|win|MotherHorse\n|raw|Connerwake's rating: 1476 &rarr; <strong>1459<\/strong><br \/>(-17 for losing)\n|raw|MotherHorse's rating: 1533 &rarr; <strong>1550<\/strong><br \/>(+17 for winning)\n|l|\u2606Connerwake\n","uploadtime":1701213945,"views":0,"p1id":"connerwake","p2id":"motherhorse","formatid":"gen9nationaldex","rating":1459,"private":0,"password":""}