{"id":"gen9nationaldex-1987310715","p1":"ggagain","p2":"CN nanfeng","format":"[Gen 9] National Dex","log":"|j|\u2606ggagain\n|j|\u2606CN nanfeng\n|t:|1699576057\n|gametype|singles\n|player|p1|ggagain|fisherman-gen4|1370\n|player|p2|CN nanfeng|pokemaniac|1289\n|teamsize|p1|6\n|teamsize|p2|6\n|gen|9\n|tier|[Gen 9] National Dex\n|rated|\n|rule|HP Percentage Mod: HP is shown in percentages\n|rule|Endless Battle Clause: Forcing endless battles is banned\n|rule|OHKO Clause: OHKO moves are banned\n|rule|Evasion Clause: Evasion abilities, items, and moves are banned\n|rule|Evasion Abilities Clause: Evasion abilities are banned\n|rule|Evasion Items Clause: Evasion items are banned\n|rule|Evasion Moves Clause: Evasion moves are banned\n|rule|Species Clause: Limit one of each Pok\u00e9mon\n|rule|Sleep Clause Mod: Limit one foe put to sleep\n|clearpoke\n|poke|p1|Alomomola, M|\n|poke|p1|Zamazenta-*|\n|poke|p1|Ditto|\n|poke|p1|Victini|\n|poke|p1|Gliscor, F|\n|poke|p1|Goodra-Hisui, M|\n|poke|p2|Ferrothorn, M|\n|poke|p2|Barraskewda, M|\n|poke|p2|Pelipper, M|\n|poke|p2|Bisharp, M|\n|poke|p2|Hoopa-Unbound|\n|poke|p2|Banette, M|\n|teampreview\n|inactive|Battle timer is ON: inactive players will automatically lose when time's up. (requested by CN nanfeng)\n|\n|t:|1699576068\n|start\n|switch|p1a: Victini|Victini|100\/100\n|switch|p2a: Barraskewda|Barraskewda, M, shiny|100\/100\n|turn|1\n|\n|t:|1699576076\n|switch|p1a: Alomomola|Alomomola, M|100\/100\n|move|p2a: Barraskewda|Flip Turn|p1a: Alomomola\n|-resisted|p1a: Alomomola\n|-damage|p1a: Alomomola|87\/100\n|-damage|p2a: Barraskewda|84\/100|[from] item: Rocky Helmet|[of] p1a: Alomomola\n|\n|t:|1699576086\n|switch|p2a: Banette|Banette, M, shiny|100\/100|[from] Flip Turn\n|-item|p1a: Alomomola|Rocky Helmet|[from] ability: Frisk|[of] p2a: Banette|[identify]\n|\n|upkeep\n|turn|2\n|\n|t:|1699576095\n|detailschange|p2a: Banette|Banette-Mega, M, shiny\n|-mega|p2a: Banette|Banette|Banettite\n|move|p2a: Banette|Poltergeist|p1a: Alomomola\n|-activate|p1a: Alomomola|move: Poltergeist|Rocky Helmet\n|-damage|p1a: Alomomola|48\/100\n|move|p1a: Alomomola|Toxic|p2a: Banette\n|-status|p2a: Banette|tox\n|\n|-damage|p2a: Banette|94\/100 tox|[from] psn\n|upkeep\n|turn|3\n|\n|t:|1699576105\n|move|p2a: Banette|Infestation|p1a: Alomomola\n|-damage|p1a: Alomomola|43\/100\n|-activate|p1a: Alomomola|move: Infestation|[of] p2a: Banette\n|-damage|p2a: Banette|78\/100 tox|[from] item: Rocky Helmet|[of] p1a: Alomomola\n|move|p1a: Alomomola|Flip Turn|p2a: Banette\n|-damage|p2a: Banette|59\/100 tox\n|\n|t:|1699576112\n|switch|p1a: Gliscor|Gliscor, F|100\/100|[from] Flip Turn\n|\n|-damage|p2a: Banette|47\/100 tox|[from] psn\n|-status|p1a: Gliscor|tox|[from] item: Toxic Orb\n|upkeep\n|turn|4\n|\n|t:|1699576118\n|move|p1a: Gliscor|U-turn|p2a: Banette\n|-resisted|p2a: Banette\n|-damage|p2a: Banette|37\/100 tox\n|\n|t:|1699576121\n|switch|p1a: Alomomola|Alomomola, M|77\/100|[from] U-turn\n|move|p2a: Banette|Poltergeist|p1a: Alomomola\n|-activate|p1a: Alomomola|move: Poltergeist|Rocky Helmet\n|-damage|p1a: Alomomola|39\/100\n|\n|-damage|p2a: Banette|19\/100 tox|[from] psn\n|upkeep\n|turn|5\n|\n|t:|1699576132\n|switch|p1a: Gliscor|Gliscor, F|100\/100 tox\n|move|p2a: Banette|Destiny Bond|p2a: Banette\n|-singlemove|p2a: Banette|Destiny Bond\n|\n|-damage|p2a: Banette|0 fnt|[from] psn\n|faint|p2a: Banette\n|upkeep\n|\n|t:|1699576145\n|switch|p2a: Barraskewda|Barraskewda, M, shiny|84\/100\n|turn|6\n|\n|t:|1699576149\n|switch|p1a: Alomomola|Alomomola, M|73\/100\n|move|p2a: Barraskewda|Flip Turn|p1a: Alomomola\n|-resisted|p1a: Alomomola\n|-damage|p1a: Alomomola|59\/100\n|-damage|p2a: Barraskewda|68\/100|[from] item: Rocky Helmet|[of] p1a: Alomomola\n|\n|t:|1699576156\n|switch|p2a: Bisharp|Bisharp, M, shiny|100\/100|[from] Flip Turn\n|\n|upkeep\n|turn|7\n|\n|t:|1699576165\n|switch|p1a: Gliscor|Gliscor, F|100\/100 tox\n|move|p2a: Bisharp|Knock Off|p1a: Gliscor\n|-damage|p1a: Gliscor|59\/100 tox\n|-enditem|p1a: Gliscor|Toxic Orb|[from] move: Knock Off|[of] p2a: Bisharp\n|\n|-heal|p1a: Gliscor|71\/100 tox|[from] ability: Poison Heal\n|upkeep\n|turn|8\n|\n|t:|1699576174\n|switch|p2a: Pelipper|Pelipper, M, shiny|100\/100\n|-weather|RainDance|[from] ability: Drizzle|[of] p2a: Pelipper\n|move|p1a: Gliscor|Toxic|p2a: Pelipper\n|-status|p2a: Pelipper|tox\n|\n|-weather|RainDance|[upkeep]\n|-heal|p1a: Gliscor|84\/100 tox|[from] ability: Poison Heal\n|-damage|p2a: Pelipper|94\/100 tox|[from] psn\n|upkeep\n|turn|9\n|\n|t:|1699576184\n|switch|p1a: Goodra|Goodra-Hisui, M|100\/100\n|move|p2a: Pelipper|U-turn|p1a: Goodra\n|-resisted|p1a: Goodra\n|-damage|p1a: Goodra|96\/100\n|\n|t:|1699576190\n|switch|p2a: Barraskewda|Barraskewda, M, shiny|68\/100|[from] U-turn\n|\n|-weather|RainDance|[upkeep]\n|upkeep\n|turn|10\n|\n|t:|1699576195\n|switch|p1a: Alomomola|Alomomola, M|93\/100\n|move|p2a: Barraskewda|Close Combat|p1a: Alomomola\n|-damage|p1a: Alomomola|59\/100\n|-unboost|p2a: Barraskewda|def|1\n|-unboost|p2a: Barraskewda|spd|1\n|-damage|p2a: Barraskewda|51\/100|[from] item: Rocky Helmet|[of] p1a: Alomomola\n|\n|-weather|RainDance|[upkeep]\n|upkeep\n|turn|11\n|\n|t:|1699576207\n|switch|p2a: Ferrothorn|Ferrothorn, M, shiny|100\/100\n|move|p1a: Alomomola|Flip Turn|p2a: Ferrothorn\n|-resisted|p2a: Ferrothorn\n|-damage|p2a: Ferrothorn|92\/100\n|-damage|p1a: Alomomola|47\/100|[from] ability: Iron Barbs|[of] p2a: Ferrothorn\n|\n|t:|1699576213\n|switch|p1a: Victini|Victini|100\/100|[from] Flip Turn\n|\n|-weather|RainDance|[upkeep]\n|-heal|p2a: Ferrothorn|99\/100|[from] item: Leftovers\n|upkeep\n|turn|12\n|\n|t:|1699576227\n|switch|p2a: Pelipper|Pelipper, M, shiny|94\/100 tox\n|move|p1a: Victini|V-create|p2a: Pelipper\n|-resisted|p2a: Pelipper\n|-damage|p2a: Pelipper|74\/100 tox\n|-unboost|p1a: Victini|spe|1\n|-unboost|p1a: Victini|def|1\n|-unboost|p1a: Victini|spd|1\n|\n|-weather|RainDance|[upkeep]\n|-damage|p2a: Pelipper|68\/100 tox|[from] psn\n|upkeep\n|turn|13\n|l|\u2606ggagain\n|inactive|ggagain disconnected and has a minute to reconnect!\n|player|p1|\n|j|\u2606ggagain\n|inactive|ggagain reconnected and has 120 seconds left.\n|player|p1|ggagain|fisherman-gen4\n|\n|t:|1699576262\n|switch|p1a: Goodra|Goodra-Hisui, M|96\/100\n|move|p2a: Pelipper|Scald|p1a: Goodra\n|-resisted|p1a: Goodra\n|-damage|p1a: Goodra|84\/100\n|\n|-weather|RainDance|[upkeep]\n|-damage|p2a: Pelipper|56\/100 tox|[from] psn\n|upkeep\n|turn|14\n|inactive|ggagain has 120 seconds left.\n|\n|t:|1699576274\n|move|p2a: Pelipper|U-turn|p1a: Goodra\n|-resisted|p1a: Goodra\n|-damage|p1a: Goodra|80\/100\n|\n|t:|1699576278\n|switch|p2a: Hoopa|Hoopa-Unbound|100\/100|[from] U-turn\n|move|p1a: Goodra|Thunderbolt|p2a: Hoopa\n|-damage|p2a: Hoopa|68\/100\n|\n|-weather|RainDance|[upkeep]\n|upkeep\n|turn|15\n|inactive|ggagain has 120 seconds left.\n|\n|t:|1699576292\n|switch|p1a: Alomomola|Alomomola, M|80\/100\n|-terastallize|p2a: Hoopa|Dark\n|move|p2a: Hoopa|Hyperspace Fury|p1a: Alomomola\n|-damage|p1a: Alomomola|21\/100\n|-unboost|p2a: Hoopa|def|1\n|-damage|p2a: Hoopa|58\/100|[from] item: Life Orb\n|\n|-weather|none\n|upkeep\n|turn|16\n|inactive|ggagain has 120 seconds left.\n|\n|t:|1699576307\n|switch|p1a: Gliscor|Gliscor, F|84\/100 tox\n|move|p2a: Hoopa|Psychic|p1a: Gliscor\n|-damage|p1a: Gliscor|27\/100 tox\n|-damage|p2a: Hoopa|48\/100|[from] item: Life Orb\n|\n|-heal|p1a: Gliscor|39\/100 tox|[from] ability: Poison Heal\n|upkeep\n|turn|17\n|\n|t:|1699576315\n|move|p2a: Hoopa|Psychic|p1a: Gliscor\n|-damage|p1a: Gliscor|0 fnt\n|faint|p1a: Gliscor\n|-damage|p2a: Hoopa|38\/100|[from] item: Life Orb\n|\n|upkeep\n|\n|t:|1699576319\n|switch|p1a: Victini|Victini|100\/100\n|turn|18\n|\n|t:|1699576324\n|move|p1a: Victini|U-turn|p2a: Hoopa\n|-supereffective|p2a: Hoopa\n|-damage|p2a: Hoopa|0 fnt\n|faint|p2a: Hoopa\n|\n|t:|1699576328\n|switch|p1a: Alomomola|Alomomola, M|55\/100|[from] U-turn\n|\n|upkeep\n|\n|t:|1699576335\n|switch|p2a: Bisharp|Bisharp, M, shiny|100\/100\n|turn|19\n|\n|t:|1699576344\n|move|p2a: Bisharp|Knock Off|p1a: Alomomola\n|-damage|p1a: Alomomola|25\/100\n|-damage|p2a: Bisharp|84\/100|[from] item: Rocky Helmet|[of] p1a: Alomomola\n|-enditem|p1a: Alomomola|Rocky Helmet|[from] move: Knock Off|[of] p2a: Bisharp\n|move|p1a: Alomomola|Wish|p1a: Alomomola\n|\n|upkeep\n|turn|20\n|\n|t:|1699576358\n|move|p2a: Bisharp|Swords Dance|p2a: Bisharp\n|-boost|p2a: Bisharp|atk|2\n|move|p1a: Alomomola|Knock Off|p2a: Bisharp\n|-resisted|p2a: Bisharp\n|-damage|p2a: Bisharp|77\/100\n|-enditem|p2a: Bisharp|Eviolite|[from] move: Knock Off|[of] p1a: Alomomola\n|\n|-heal|p1a: Alomomola|75\/100|[from] move: Wish|[wisher] Alomomola\n|upkeep\n|turn|21\n|\n|t:|1699576369\n|move|p2a: Bisharp|Iron Head|p1a: Alomomola\n|-resisted|p1a: Alomomola\n|-damage|p1a: Alomomola|52\/100\n|move|p1a: Alomomola|Flip Turn|p2a: Bisharp\n|-damage|p2a: Bisharp|62\/100\n|\n|t:|1699576381\n|switch|p1a: Zamazenta|Zamazenta|100\/100|[from] Flip Turn\n|-ability|p1a: Zamazenta|Dauntless Shield|boost\n|-boost|p1a: Zamazenta|def|1\n|\n|upkeep\n|turn|22\n|\n|t:|1699576388\n|switch|p2a: Pelipper|Pelipper, M, shiny|56\/100 tox\n|-weather|RainDance|[from] ability: Drizzle|[of] p2a: Pelipper\n|move|p1a: Zamazenta|Close Combat|p2a: Pelipper\n|-resisted|p2a: Pelipper\n|-damage|p2a: Pelipper|8\/100 tox\n|-unboost|p1a: Zamazenta|def|1\n|-unboost|p1a: Zamazenta|spd|1\n|\n|-weather|RainDance|[upkeep]\n|-damage|p2a: Pelipper|2\/100 tox|[from] psn\n|upkeep\n|turn|23\n|\n|t:|1699576398\n|move|p1a: Zamazenta|Close Combat|p2a: Pelipper\n|-resisted|p2a: Pelipper\n|-damage|p2a: Pelipper|0 fnt\n|-unboost|p1a: Zamazenta|def|1\n|-unboost|p1a: Zamazenta|spd|1\n|faint|p2a: Pelipper\n|\n|-weather|RainDance|[upkeep]\n|upkeep\n|\n|t:|1699576408\n|switch|p2a: Barraskewda|Barraskewda, M, shiny|51\/100\n|turn|24\n|\n|t:|1699576423\n|switch|p1a: Alomomola|Alomomola, M|86\/100\n|move|p2a: Barraskewda|Liquidation|p1a: Alomomola\n|-resisted|p1a: Alomomola\n|-damage|p1a: Alomomola|59\/100\n|\n|-weather|RainDance|[upkeep]\n|upkeep\n|turn|25\n|\n|t:|1699576433\n|move|p2a: Barraskewda|Liquidation|p1a: Alomomola\n|-resisted|p1a: Alomomola\n|-damage|p1a: Alomomola|32\/100\n|-unboost|p1a: Alomomola|def|1\n|move|p1a: Alomomola|Flip Turn|p2a: Barraskewda\n|-resisted|p2a: Barraskewda\n|-damage|p2a: Barraskewda|27\/100\n|\n|t:|1699576439\n|switch|p1a: Goodra|Goodra-Hisui, M|80\/100|[from] Flip Turn\n|\n|-weather|RainDance|[upkeep]\n|upkeep\n|turn|26\n|\n|t:|1699576446\n|move|p2a: Barraskewda|Liquidation|p1a: Goodra\n|-resisted|p1a: Goodra\n|-damage|p1a: Goodra|33\/100\n|-unboost|p1a: Goodra|def|1\n|move|p1a: Goodra|Thunderbolt|p2a: Barraskewda\n|-supereffective|p2a: Barraskewda\n|-damage|p2a: Barraskewda|0 fnt\n|faint|p2a: Barraskewda\n|\n|-weather|RainDance|[upkeep]\n|upkeep\n|\n|t:|1699576454\n|switch|p2a: Bisharp|Bisharp, M, shiny|62\/100\n|turn|27\n|\n|t:|1699576460\n|switch|p1a: Alomomola|Alomomola, M|65\/100\n|move|p2a: Bisharp|Knock Off|p1a: Alomomola\n|-damage|p1a: Alomomola|44\/100\n|\n|-weather|RainDance|[upkeep]\n|upkeep\n|turn|28\n|\n|t:|1699576471\n|move|p2a: Bisharp|Swords Dance|p2a: Bisharp\n|-boost|p2a: Bisharp|atk|2\n|move|p1a: Alomomola|Flip Turn|p2a: Bisharp\n|-damage|p2a: Bisharp|36\/100\n|\n|t:|1699576484\n|switch|p1a: Zamazenta|Zamazenta|100\/100|[from] Flip Turn\n|\n|-weather|RainDance|[upkeep]\n|upkeep\n|turn|29\n|\n|t:|1699576489\n|move|p1a: Zamazenta|Close Combat|p2a: Bisharp\n|-supereffective|p2a: Bisharp\n|-damage|p2a: Bisharp|0 fnt\n|-unboost|p1a: Zamazenta|def|1\n|-unboost|p1a: Zamazenta|spd|1\n|faint|p2a: Bisharp\n|\n|-weather|none\n|upkeep\n|-message|CN nanfeng forfeited.\n|\n|win|ggagain\n|raw|ggagain's rating: 1370 &rarr; <strong>1385<\/strong><br \/>(+15 for winning)\n|raw|CN nanfeng's rating: 1289 &rarr; <strong>1270<\/strong><br \/>(-19 for losing)\n|l|\u2606CN nanfeng\n","uploadtime":1699576499,"views":9,"p1id":"ggagain","p2id":"cnnanfeng","formatid":"gen9nationaldex","rating":1270,"private":0,"password":""}