{"id":"gen9nationaldex-2000499588","p1":"illneverchooseyou","p2":"tprip15","format":"[Gen 9] National Dex","log":"|html|<div class=\"broadcast-blue\"><strong>[Gen 9] National Dex is currently suspecting Sneasler! For information on how to participate check out the <a href=\"https:\/\/www.smogon.com\/forums\/threads\/sv-national-dex-suspect-8-just-dance.3731534\/\">suspect thread<\/a>.<\/strong><\/div>\n|j|\u2606illneverchooseyou\n|j|\u2606tprip15\n|t:|1701199965\n|gametype|singles\n|player|p1|illneverchooseyou|psychic-gen4|1637\n|player|p2|tprip15|flint|1744\n|teamsize|p1|6\n|teamsize|p2|6\n|gen|9\n|tier|[Gen 9] National Dex\n|rated|\n|rule|HP Percentage Mod: HP is shown in percentages\n|rule|Endless Battle Clause: Forcing endless battles is banned\n|rule|OHKO Clause: OHKO moves are banned\n|rule|Evasion Clause: Evasion abilities, items, and moves are banned\n|rule|Evasion Abilities Clause: Evasion abilities are banned\n|rule|Evasion Items Clause: Evasion items are banned\n|rule|Evasion Moves Clause: Evasion moves are banned\n|rule|Species Clause: Limit one of each Pok\u00e9mon\n|rule|Sleep Clause Mod: Limit one foe put to sleep\n|clearpoke\n|poke|p1|Tapu Koko|\n|poke|p1|Iron Valiant|\n|poke|p1|Scizor, M|\n|poke|p1|Ursaluna, M|\n|poke|p1|Clefable, F|\n|poke|p1|Slowbro, F|\n|poke|p2|Jirachi|\n|poke|p2|Great Tusk|\n|poke|p2|Alomomola, F|\n|poke|p2|Tapu Lele|\n|poke|p2|Hydreigon, M|\n|poke|p2|Sneasler, M|\n|teampreview\n|inactive|Battle timer is ON: inactive players will automatically lose when time's up. (requested by tprip15)\n|\n|t:|1701199981\n|start\n|switch|p1a: Clefable|Clefable, F|100\/100\n|switch|p2a: Tapu Lele|Tapu Lele|100\/100\n|-fieldstart|move: Psychic Terrain|[from] ability: Psychic Surge|[of] p2a: Tapu Lele\n|turn|1\n|\n|t:|1701199988\n|-terastallize|p2a: Tapu Lele|Psychic\n|move|p2a: Tapu Lele|Psychic|p1a: Clefable\n|-damage|p1a: Clefable|44\/100\n|move|p1a: Clefable|Wish|p1a: Clefable\n|\n|upkeep\n|turn|2\n|\n|t:|1701199995\n|switch|p1a: Scizor|Scizor, M|100\/100\n|move|p2a: Tapu Lele|Psychic|p1a: Scizor\n|-resisted|p1a: Scizor\n|-crit|p1a: Scizor\n|-damage|p1a: Scizor|31\/100\n|\n|-heal|p1a: Scizor|89\/100|[from] move: Wish|[wisher] Clefable\n|upkeep\n|turn|3\n|\n|t:|1701200003\n|switch|p2a: Jirachi|Jirachi|100\/100\n|detailschange|p1a: Scizor|Scizor-Mega, M\n|-mega|p1a: Scizor|Scizor|Scizorite\n|move|p1a: Scizor|U-turn|p2a: Jirachi\n|-damage|p2a: Jirachi|71\/100\n|\n|t:|1701200006\n|switch|p1a: Clefable|Clefable, F|44\/100|[from] U-turn\n|\n|-heal|p2a: Jirachi|77\/100|[from] item: Leftovers\n|upkeep\n|turn|4\n|\n|t:|1701200009\n|move|p2a: Jirachi|Iron Head|p1a: Clefable\n|-supereffective|p1a: Clefable\n|-damage|p1a: Clefable|0 fnt\n|faint|p1a: Clefable\n|\n|-heal|p2a: Jirachi|83\/100|[from] item: Leftovers\n|upkeep\n|\n|t:|1701200015\n|switch|p1a: Slowbro|Slowbro, F|100\/100\n|turn|5\n|\n|t:|1701200019\n|move|p2a: Jirachi|Body Slam|p1a: Slowbro\n|-damage|p1a: Slowbro|88\/100\n|move|p1a: Slowbro|Trick Room|p1a: Slowbro\n|-fieldstart|move: Trick Room|[of] p1a: Slowbro\n|\n|-heal|p2a: Jirachi|89\/100|[from] item: Leftovers\n|-fieldend|move: Psychic Terrain\n|upkeep\n|turn|6\n|\n|t:|1701200032\n|switch|p2a: Alomomola|Alomomola, F|100\/100\n|move|p1a: Slowbro|Teleport|p1a: Slowbro\n|j| Shazamwhich\n|\n|t:|1701200040\n|switch|p1a: Ursaluna|Ursaluna, M|100\/100|[from] Teleport\n|\n|-status|p1a: Ursaluna|brn|[from] item: Flame Orb\n|upkeep\n|turn|7\n|\n|t:|1701200043\n|-terastallize|p1a: Ursaluna|Normal\n|move|p2a: Alomomola|Protect|p2a: Alomomola\n|-singleturn|p2a: Alomomola|Protect\n|move|p1a: Ursaluna|Facade|p2a: Alomomola\n|-activate|p2a: Alomomola|move: Protect\n|\n|-damage|p1a: Ursaluna|94\/100 brn|[from] brn\n|upkeep\n|turn|8\n|\n|t:|1701200052\n|switch|p2a: Great Tusk|Great Tusk|100\/100\n|move|p1a: Ursaluna|Facade|p2a: Great Tusk\n|-damage|p2a: Great Tusk|24\/100\n|\n|-heal|p2a: Great Tusk|30\/100|[from] item: Leftovers\n|-damage|p1a: Ursaluna|88\/100 brn|[from] brn\n|upkeep\n|turn|9\n|\n|t:|1701200059\n|move|p1a: Ursaluna|Facade|p2a: Great Tusk\n|-damage|p2a: Great Tusk|0 fnt\n|faint|p2a: Great Tusk\n|-end|p2a: Great Tusk|Protosynthesis|[silent]\n|\n|-damage|p1a: Ursaluna|82\/100 brn|[from] brn\n|-fieldend|move: Trick Room\n|upkeep\n|\n|t:|1701200064\n|switch|p2a: Hydreigon|Hydreigon, M|100\/100\n|turn|10\n|\n|t:|1701200069\n|switch|p1a: Tapu Koko|Tapu Koko|100\/100\n|-fieldstart|move: Electric Terrain|[from] ability: Electric Surge|[of] p1a: Tapu Koko\n|move|p2a: Hydreigon|Draco Meteor|p1a: Tapu Koko\n|-immune|p1a: Tapu Koko\n|\n|upkeep\n|turn|11\n|\n|t:|1701200082\n|switch|p2a: Tapu Lele|Tapu Lele, tera:Psychic|100\/100\n|-fieldstart|move: Psychic Terrain|[from] ability: Psychic Surge|[of] p2a: Tapu Lele\n|move|p1a: Tapu Koko|Volt Switch|p2a: Tapu Lele\n|-damage|p2a: Tapu Lele|66\/100\n|j| AndreThaGiiant\n|\n|t:|1701200091\n|switch|p1a: Scizor|Scizor-Mega, M|89\/100|[from] Volt Switch\n|\n|upkeep\n|turn|12\n|\n|t:|1701200097\n|switch|p2a: Hydreigon|Hydreigon, M|100\/100\n|move|p1a: Scizor|U-turn|p2a: Hydreigon\n|-supereffective|p2a: Hydreigon\n|-damage|p2a: Hydreigon|31\/100\n|\n|t:|1701200101\n|switch|p1a: Tapu Koko|Tapu Koko|100\/100|[from] U-turn\n|-fieldstart|move: Electric Terrain|[from] ability: Electric Surge|[of] p1a: Tapu Koko\n|\n|upkeep\n|turn|13\n|\n|t:|1701200116\n|move|p1a: Tapu Koko|Volt Switch|p2a: Hydreigon\n|-resisted|p2a: Hydreigon\n|-damage|p2a: Hydreigon|18\/100\n|\n|t:|1701200119\n|switch|p1a: Scizor|Scizor-Mega, M|89\/100|[from] Volt Switch\n|move|p2a: Hydreigon|Fire Blast|p1a: Scizor\n|-supereffective|p1a: Scizor\n|-damage|p1a: Scizor|0 fnt\n|faint|p1a: Scizor\n|\n|upkeep\n|\n|t:|1701200124\n|switch|p1a: Slowbro|Slowbro, F|100\/100\n|turn|14\n|\n|t:|1701200132\n|move|p2a: Hydreigon|Dark Pulse|p1a: Slowbro\n|-supereffective|p1a: Slowbro\n|-damage|p1a: Slowbro|12\/100\n|move|p1a: Slowbro|Future Sight|p2a: Hydreigon\n|-start|p1a: Slowbro|move: Future Sight\n|\n|upkeep\n|turn|15\n|\n|t:|1701200142\n|switch|p1a: Tapu Koko|Tapu Koko|100\/100\n|move|p2a: Hydreigon|Earth Power|p1a: Tapu Koko\n|-supereffective|p1a: Tapu Koko\n|-damage|p1a: Tapu Koko|0 fnt\n|faint|p1a: Tapu Koko\n|\n|upkeep\n|c|\u2606illneverchooseyou|I thought it was specs \ud83d\ude14\n|c|\u2606illneverchooseyou|I would've kept koko in\n|inactive|illneverchooseyou has 120 seconds left.\n|\n|t:|1701200177\n|switch|p1a: Slowbro|Slowbro, F|45\/100\n|turn|16\n|\n|t:|1701200181\n|switch|p1a: Iron Valiant|Iron Valiant|100\/100\n|-activate|p1a: Iron Valiant|ability: Quark Drive\n|-start|p1a: Iron Valiant|quarkdrivespe\n|move|p2a: Hydreigon|Dark Pulse|p1a: Iron Valiant\n|-resisted|p1a: Iron Valiant\n|-damage|p1a: Iron Valiant|80\/100\n|\n|-end|p2a: Hydreigon|move: Future Sight\n|-immune|p2a: Hydreigon\n|-fieldend|move: Electric Terrain\n|-end|p1a: Iron Valiant|Quark Drive\n|upkeep\n|turn|17\n|\n|t:|1701200194\n|switch|p2a: Jirachi|Jirachi|89\/100\n|move|p1a: Iron Valiant|Close Combat|p2a: Jirachi\n|-damage|p2a: Jirachi|37\/100\n|-unboost|p1a: Iron Valiant|def|1\n|-unboost|p1a: Iron Valiant|spd|1\n|-damage|p1a: Iron Valiant|71\/100|[from] item: Life Orb\n|\n|-heal|p2a: Jirachi|43\/100|[from] item: Leftovers\n|upkeep\n|turn|18\n|\n|t:|1701200207\n|switch|p2a: Alomomola|Alomomola, F|100\/100\n|move|p1a: Iron Valiant|Close Combat|p2a: Alomomola\n|-damage|p2a: Alomomola|67\/100\n|-unboost|p1a: Iron Valiant|def|1\n|-unboost|p1a: Iron Valiant|spd|1\n|-damage|p1a: Iron Valiant|54\/100|[from] item: Rocky Helmet|[of] p2a: Alomomola\n|-damage|p1a: Iron Valiant|44\/100|[from] item: Life Orb\n|\n|upkeep\n|turn|19\n|\n|t:|1701200220\n|-end|p1a: Iron Valiant|Quark Drive|[silent]\n|switch|p1a: Slowbro|Slowbro, F|79\/100\n|move|p2a: Alomomola|Wish|p2a: Alomomola\n|\n|upkeep\n|turn|20\n|\n|t:|1701200233\n|move|p2a: Alomomola|Flip Turn|p1a: Slowbro\n|-resisted|p1a: Slowbro\n|-damage|p1a: Slowbro|74\/100\n|\n|t:|1701200237\n|switch|p2a: Hydreigon|Hydreigon, M|18\/100|[from] Flip Turn\n|move|p1a: Slowbro|Trick Room|p1a: Slowbro\n|-fieldstart|move: Trick Room|[of] p1a: Slowbro\n|\n|-heal|p2a: Hydreigon|87\/100|[from] move: Wish|[wisher] Alomomola\n|upkeep\n|turn|21\n|\n|t:|1701200249\n|move|p2a: Hydreigon|Dark Pulse|p1a: Slowbro\n|-supereffective|p1a: Slowbro\n|-damage|p1a: Slowbro|0 fnt\n|faint|p1a: Slowbro\n|\n|upkeep\n|\n|t:|1701200251\n|switch|p1a: Ursaluna|Ursaluna, M, tera:Normal|82\/100 brn\n|turn|22\n|\n|t:|1701200256\n|switch|p2a: Jirachi|Jirachi|43\/100\n|move|p1a: Ursaluna|Facade|p2a: Jirachi\n|-resisted|p2a: Jirachi\n|-damage|p2a: Jirachi|0 fnt\n|faint|p2a: Jirachi\n|\n|-damage|p1a: Ursaluna|76\/100 brn|[from] brn\n|upkeep\n|\n|t:|1701200258\n|switch|p2a: Alomomola|Alomomola, F|99\/100\n|turn|23\n|\n|t:|1701200260\n|move|p2a: Alomomola|Protect|p2a: Alomomola\n|-singleturn|p2a: Alomomola|Protect\n|move|p1a: Ursaluna|Swords Dance|p1a: Ursaluna\n|-boost|p1a: Ursaluna|atk|2\n|\n|-damage|p1a: Ursaluna|70\/100 brn|[from] brn\n|upkeep\n|turn|24\n|\n|t:|1701200273\n|move|p2a: Alomomola|Protect||[still]\n|-fail|p2a: Alomomola\n|move|p1a: Ursaluna|Facade|p2a: Alomomola\n|-crit|p2a: Alomomola\n|-damage|p2a: Alomomola|0 fnt\n|-damage|p1a: Ursaluna|54\/100 brn|[from] item: Rocky Helmet|[of] p2a: Alomomola\n|faint|p2a: Alomomola\n|\n|-damage|p1a: Ursaluna|48\/100 brn|[from] brn\n|-fieldend|move: Trick Room\n|upkeep\n|\n|t:|1701200276\n|switch|p2a: Tapu Lele|Tapu Lele, tera:Psychic|66\/100\n|-fieldstart|move: Psychic Terrain|[from] ability: Psychic Surge|[of] p2a: Tapu Lele\n|turn|25\n|\n|t:|1701200279\n|move|p2a: Tapu Lele|Psychic|p1a: Ursaluna\n|-crit|p1a: Ursaluna\n|-damage|p1a: Ursaluna|0 fnt\n|faint|p1a: Ursaluna\n|\n|upkeep\n|\n|t:|1701200280\n|switch|p1a: Iron Valiant|Iron Valiant|44\/100\n|turn|26\n|\n|t:|1701200282\n|move|p2a: Tapu Lele|Psychic|p1a: Iron Valiant\n|-supereffective|p1a: Iron Valiant\n|-damage|p1a: Iron Valiant|0 fnt\n|faint|p1a: Iron Valiant\n|-end|p1a: Iron Valiant|Quark Drive|[silent]\n|\n|win|tprip15\n|raw|illneverchooseyou's rating: 1637 &rarr; <strong>1623<\/strong><br \/>(-14 for losing)\n|raw|tprip15's rating: 1744 &rarr; <strong>1758<\/strong><br \/>(+14 for winning)\n|c|\u2606illneverchooseyou|Gg\n|l| Shazamwhich\n|c|\u2606illneverchooseyou|If I just took hydrei out right away I think I had the game\n|c|\u2606illneverchooseyou|Vs going for volt\n|l|\u2606illneverchooseyou\n|c|\u2606tprip15|yes\n|l| AndreThaGiiant\n","uploadtime":1701200359,"views":6,"p1id":"illneverchooseyou","p2id":"tprip15","formatid":"gen9nationaldex","rating":1623,"private":0,"password":""}