{"id":"gen9nationaldex-1995227649","p1":"yuzhibo","p2":"hydroj","format":"[Gen 9] National Dex","log":"|html|<div class=\"broadcast-blue\"><strong>[Gen 9] National Dex is currently suspecting Sneasler! For information on how to participate check out the <a href=\"https:\/\/www.smogon.com\/forums\/threads\/sv-national-dex-suspect-8-just-dance.3731534\/\">suspect thread<\/a>.<\/strong><\/div>\n|j|\u2606yuzhibo\n|j|\u2606hydroj\n|t:|1700537121\n|gametype|singles\n|player|p1|yuzhibo|hilbert-wonderlauncher|1398\n|player|p2|hydroj|101|1365\n|teamsize|p1|6\n|teamsize|p2|6\n|gen|9\n|tier|[Gen 9] National Dex\n|rated|\n|rule|HP Percentage Mod: HP is shown in percentages\n|rule|Endless Battle Clause: Forcing endless battles is banned\n|rule|OHKO Clause: OHKO moves are banned\n|rule|Evasion Clause: Evasion abilities, items, and moves are banned\n|rule|Evasion Abilities Clause: Evasion abilities are banned\n|rule|Evasion Items Clause: Evasion items are banned\n|rule|Evasion Moves Clause: Evasion moves are banned\n|rule|Species Clause: Limit one of each Pok\u00e9mon\n|rule|Sleep Clause Mod: Limit one foe put to sleep\n|clearpoke\n|poke|p1|Weezing-Galar, F|\n|poke|p1|Alomomola, M|\n|poke|p1|Heatran, M|\n|poke|p1|Thundurus-Therian, M|\n|poke|p1|Urshifu-*, F|\n|poke|p1|Skeledirge, M|\n|poke|p2|Aegislash, M|\n|poke|p2|Alomomola, M|\n|poke|p2|Gliscor, M|\n|poke|p2|Iron Valiant|\n|poke|p2|Tapu Koko|\n|poke|p2|Lopunny, M|\n|teampreview\n|\n|t:|1700537133\n|start\n|switch|p1a: Urshifu|Urshifu-Rapid-Strike, F|100\/100\n|switch|p2a: Aegislash|Aegislash, M|100\/100\n|turn|1\n|\n|t:|1700537141\n|move|p1a: Urshifu|Taunt|p2a: Aegislash\n|-start|p2a: Aegislash|move: Taunt\n|-formechange|p2a: Aegislash|Aegislash-Blade||[from] ability: Stance Change\n|move|p2a: Aegislash|Shadow Ball|p1a: Urshifu\n|-damage|p1a: Urshifu|0 fnt\n|faint|p1a: Urshifu\n|\n|upkeep\n|\n|t:|1700537151\n|switch|p1a: Skeledirge|Skeledirge, M|100\/100\n|turn|2\n|\n|t:|1700537154\n|move|p2a: Aegislash|Shadow Ball|p1a: Skeledirge\n|-supereffective|p1a: Skeledirge\n|-damage|p1a: Skeledirge|0 fnt\n|faint|p1a: Skeledirge\n|\n|upkeep\n|\n|t:|1700537166\n|switch|p1a: Heatran|Heatran, M|100\/100\n|turn|3\n|\n|t:|1700537170\n|switch|p2a: Gliscor|Gliscor, M|100\/100\n|move|p1a: Heatran|Magma Storm|p2a: Gliscor\n|-damage|p2a: Gliscor|60\/100\n|-activate|p2a: Gliscor|move: Magma Storm|[of] p1a: Heatran\n|\n|-damage|p2a: Gliscor|48\/100|[from] move: Magma Storm|[partiallytrapped]\n|-status|p2a: Gliscor|tox|[from] item: Toxic Orb\n|upkeep\n|turn|4\n|\n|t:|1700537180\n|-terastallize|p1a: Heatran|Grass\n|move|p2a: Gliscor|Roost|p2a: Gliscor\n|-heal|p2a: Gliscor|98\/100 tox\n|-singleturn|p2a: Gliscor|move: Roost\n|move|p1a: Heatran|Taunt|p2a: Gliscor\n|-start|p2a: Gliscor|move: Taunt\n|\n|-heal|p2a: Gliscor|100\/100 tox|[from] ability: Poison Heal\n|-damage|p2a: Gliscor|88\/100 tox|[from] move: Magma Storm|[partiallytrapped]\n|upkeep\n|turn|5\n|\n|t:|1700537192\n|move|p2a: Gliscor|Earthquake|p1a: Heatran\n|-resisted|p1a: Heatran\n|-damage|p1a: Heatran|87\/100\n|move|p1a: Heatran|Magma Storm|p2a: Gliscor\n|-damage|p2a: Gliscor|50\/100 tox\n|\n|-heal|p1a: Heatran|93\/100|[from] item: Leftovers\n|-heal|p2a: Gliscor|62\/100 tox|[from] ability: Poison Heal\n|-damage|p2a: Gliscor|50\/100 tox|[from] move: Magma Storm|[partiallytrapped]\n|upkeep\n|turn|6\n|\n|t:|1700537204\n|move|p2a: Gliscor|Earthquake|p1a: Heatran\n|-resisted|p1a: Heatran\n|-damage|p1a: Heatran|78\/100\n|move|p1a: Heatran|Stealth Rock|p2a: Gliscor\n|-sidestart|p2: hydroj|move: Stealth Rock\n|\n|-heal|p1a: Heatran|84\/100|[from] item: Leftovers\n|-heal|p2a: Gliscor|62\/100 tox|[from] ability: Poison Heal\n|-damage|p2a: Gliscor|50\/100 tox|[from] move: Magma Storm|[partiallytrapped]\n|upkeep\n|turn|7\n|\n|t:|1700537214\n|move|p2a: Gliscor|Earthquake|p1a: Heatran\n|-resisted|p1a: Heatran\n|-damage|p1a: Heatran|69\/100\n|move|p1a: Heatran|Magma Storm|p2a: Gliscor\n|-damage|p2a: Gliscor|11\/100 tox\n|\n|-heal|p1a: Heatran|75\/100|[from] item: Leftovers\n|-heal|p2a: Gliscor|24\/100 tox|[from] ability: Poison Heal\n|-end|p2a: Gliscor|Magma Storm|[partiallytrapped]\n|-end|p2a: Gliscor|move: Taunt\n|upkeep\n|turn|8\n|\n|t:|1700537228\n|switch|p2a: Alomomola|Alomomola, M|100\/100\n|-damage|p2a: Alomomola|88\/100|[from] Stealth Rock\n|move|p1a: Heatran|Earth Power|p2a: Alomomola\n|-damage|p2a: Alomomola|60\/100\n|\n|-heal|p1a: Heatran|82\/100|[from] item: Leftovers\n|upkeep\n|turn|9\n|\n|t:|1700537238\n|move|p1a: Heatran|Taunt|p2a: Alomomola\n|-start|p2a: Alomomola|move: Taunt\n|move|p2a: Alomomola|Flip Turn|p1a: Heatran\n|-resisted|p1a: Heatran\n|-damage|p1a: Heatran|74\/100\n|\n|t:|1700537250\n|switch|p2a: Aegislash|Aegislash, M|100\/100|[from] Flip Turn\n|-damage|p2a: Aegislash|94\/100|[from] Stealth Rock\n|\n|-heal|p1a: Heatran|81\/100|[from] item: Leftovers\n|upkeep\n|turn|10\n|\n|t:|1700537258\n|-terastallize|p2a: Aegislash|Steel\n|-formechange|p2a: Aegislash|Aegislash-Blade||[from] ability: Stance Change\n|move|p2a: Aegislash|Steel Beam|p1a: Heatran\n|-damage|p1a: Heatran|0 fnt\n|-damage|p2a: Aegislash|44\/100|[from] steelbeam\n|faint|p1a: Heatran\n|\n|upkeep\n|\n|t:|1700537268\n|switch|p1a: Thundurus|Thundurus-Therian, M, shiny|100\/100\n|turn|11\n|\n|t:|1700537276\n|move|p1a: Thundurus|Thunderbolt|p2a: Aegislash\n|-damage|p2a: Aegislash|0 fnt\n|faint|p2a: Aegislash\n|\n|upkeep\n|\n|t:|1700537278\n|switch|p2a: Gliscor|Gliscor, M|24\/100 tox\n|-damage|p2a: Gliscor|11\/100 tox|[from] Stealth Rock\n|turn|12\n|-message|yuzhibo forfeited.\n|\n|win|hydroj\n|raw|yuzhibo's rating: 1398 &rarr; <strong>1376<\/strong><br \/>(-22 for losing)\n|raw|hydroj's rating: 1365 &rarr; <strong>1387<\/strong><br \/>(+22 for winning)\n|l|\u2606yuzhibo\n","uploadtime":1700537319,"views":2,"p1id":"yuzhibo","p2id":"hydroj","formatid":"gen9nationaldex","rating":1376,"private":0,"password":""}