{"id":"gen9nationaldex-2000128413","p1":"agrade","p2":"FallingDark","format":"[Gen 9] National Dex","log":"|html|<div class=\"broadcast-blue\"><strong>[Gen 9] National Dex is currently suspecting Sneasler! For information on how to participate check out the <a href=\"https:\/\/www.smogon.com\/forums\/threads\/sv-national-dex-suspect-8-just-dance.3731534\/\">suspect thread<\/a>.<\/strong><\/div>\n|j|\u2606agrade\n|j|\u2606FallingDark\n|t:|1701159912\n|gametype|singles\n|player|p1|agrade|birdkeeper-gen4dp|1271\n|player|p2|FallingDark|101|1343\n|teamsize|p1|6\n|teamsize|p2|6\n|gen|9\n|tier|[Gen 9] National Dex\n|rated|\n|rule|HP Percentage Mod: HP is shown in percentages\n|rule|Endless Battle Clause: Forcing endless battles is banned\n|rule|OHKO Clause: OHKO moves are banned\n|rule|Evasion Clause: Evasion abilities, items, and moves are banned\n|rule|Evasion Abilities Clause: Evasion abilities are banned\n|rule|Evasion Items Clause: Evasion items are banned\n|rule|Evasion Moves Clause: Evasion moves are banned\n|rule|Species Clause: Limit one of each Pok\u00e9mon\n|rule|Sleep Clause Mod: Limit one foe put to sleep\n|clearpoke\n|poke|p1|Zapdos|\n|poke|p1|Tapu Lele|\n|poke|p1|Pelipper, M|\n|poke|p1|Ferrothorn, M|\n|poke|p1|Barraskewda, M|\n|poke|p1|Manaphy|\n|poke|p2|Mawile, M|\n|poke|p2|Marowak-Alola, M|\n|poke|p2|Hatterene, F|\n|poke|p2|Cresselia, F|\n|poke|p2|Porygon2|\n|poke|p2|Ursaluna, M|\n|teampreview\n|inactive|Battle timer is ON: inactive players will automatically lose when time's up. (requested by FallingDark)\n|\n|t:|1701159939\n|start\n|switch|p1a: Barraskewda|Barraskewda, M|100\/100\n|switch|p2a: Porygon2|Porygon2|100\/100\n|-ability|p2a: Porygon2|Swift Swim|[from] ability: Trace|[of] p1a: Barraskewda\n|turn|1\n|\n|t:|1701159966\n|move|p1a: Barraskewda|Flip Turn|p2a: Porygon2\n|-damage|p2a: Porygon2|78\/100\n|-damage|p1a: Barraskewda|91\/100|[from] item: Life Orb\n|\n|t:|1701159973\n|switch|p1a: Manaphy|Manaphy|100\/100|[from] Flip Turn\n|move|p2a: Porygon2|Trick Room|p2a: Porygon2\n|-fieldstart|move: Trick Room|[of] p2a: Porygon2\n|\n|upkeep\n|turn|2\n|inactive|agrade has 120 seconds left.\n|\n|t:|1701160004\n|move|p2a: Porygon2|Thunderbolt|p1a: Manaphy\n|-supereffective|p1a: Manaphy\n|-damage|p1a: Manaphy|58\/100\n|move|p1a: Manaphy|Surf|p2a: Porygon2\n|-damage|p2a: Porygon2|55\/100\n|\n|upkeep\n|turn|3\n|\n|t:|1701160024\n|switch|p1a: Zapdos|Zapdos|100\/100\n|move|p2a: Porygon2|Thunderbolt|p1a: Zapdos\n|-damage|p1a: Zapdos|78\/100\n|\n|upkeep\n|turn|4\n|\n|t:|1701160041\n|move|p2a: Porygon2|Ice Beam|p1a: Zapdos\n|-supereffective|p1a: Zapdos\n|-damage|p1a: Zapdos|23\/100\n|move|p1a: Zapdos|Hurricane|p2a: Porygon2|[miss]\n|-miss|p1a: Zapdos|p2a: Porygon2\n|\n|upkeep\n|turn|5\n|\n|t:|1701160049\n|switch|p1a: Ferrothorn|Ferrothorn, M|100\/100\n|move|p2a: Porygon2|Ice Beam|p1a: Ferrothorn\n|-damage|p1a: Ferrothorn|86\/100\n|-enditem|p1a: Ferrothorn|Eject Button\n|\n|t:|1701160054\n|switch|p1a: Pelipper|Pelipper, M|100\/100\n|-weather|RainDance|[from] ability: Drizzle|[of] p1a: Pelipper\n|\n|-weather|RainDance|[upkeep]\n|-fieldend|move: Trick Room\n|upkeep\n|turn|6\n|\n|t:|1701160062\n|move|p1a: Pelipper|U-turn|p2a: Porygon2\n|-damage|p2a: Porygon2|50\/100\n|\n|t:|1701160065\n|switch|p1a: Manaphy|Manaphy|58\/100|[from] U-turn\n|move|p2a: Porygon2|Trick Room|p2a: Porygon2\n|-fieldstart|move: Trick Room|[of] p2a: Porygon2\n|\n|-weather|RainDance|[upkeep]\n|upkeep\n|turn|7\n|\n|t:|1701160072\n|move|p2a: Porygon2|Thunderbolt|p1a: Manaphy\n|-supereffective|p1a: Manaphy\n|-damage|p1a: Manaphy|18\/100\n|move|p1a: Manaphy|Rest|p1a: Manaphy\n|-status|p1a: Manaphy|slp|[from] move: Rest\n|-heal|p1a: Manaphy|100\/100 slp|[silent]\n|\n|-weather|RainDance|[upkeep]\n|-activate|p1a: Manaphy|ability: Hydration\n|-curestatus|p1a: Manaphy|slp|[msg]\n|upkeep\n|turn|8\n|\n|t:|1701160086\n|move|p1a: Manaphy|Surf|p2a: Porygon2\n|-damage|p2a: Porygon2|14\/100\n|move|p2a: Porygon2|Teleport|p2a: Porygon2\n|\n|t:|1701160089\n|switch|p2a: Mawile|Mawile, M|100\/100|[from] Teleport\n|-ability|p2a: Mawile|Intimidate|boost\n|-unboost|p1a: Manaphy|atk|1\n|\n|-weather|RainDance|[upkeep]\n|upkeep\n|turn|9\n|\n|t:|1701160096\n|switch|p1a: Ferrothorn|Ferrothorn, M|86\/100\n|detailschange|p2a: Mawile|Mawile-Mega, M\n|-mega|p2a: Mawile|Mawile|Mawilite\n|move|p2a: Mawile|Play Rough|p1a: Ferrothorn\n|-resisted|p1a: Ferrothorn\n|-damage|p1a: Ferrothorn|53\/100\n|-damage|p2a: Mawile|88\/100|[from] ability: Iron Barbs|[of] p1a: Ferrothorn\n|\n|-weather|RainDance|[upkeep]\n|upkeep\n|turn|10\n|\n|t:|1701160110\n|switch|p1a: Zapdos|Zapdos|23\/100\n|move|p2a: Mawile|Fire Fang|p1a: Zapdos\n|-damage|p1a: Zapdos|0 fnt\n|faint|p1a: Zapdos\n|\n|-weather|RainDance|[upkeep]\n|-fieldend|move: Trick Room\n|upkeep\n|\n|t:|1701160122\n|switch|p1a: Barraskewda|Barraskewda, M|91\/100\n|turn|11\n|\n|t:|1701160132\n|move|p2a: Mawile|Sucker Punch|p1a: Barraskewda\n|-damage|p1a: Barraskewda|0 fnt\n|faint|p1a: Barraskewda\n|\n|-weather|RainDance|[upkeep]\n|upkeep\n|\n|t:|1701160141\n|switch|p1a: Tapu Lele|Tapu Lele|100\/100\n|-fieldstart|move: Psychic Terrain|[from] ability: Psychic Surge|[of] p1a: Tapu Lele\n|turn|12\n|\n|t:|1701160152\n|switch|p1a: Ferrothorn|Ferrothorn, M|53\/100\n|switch|p2a: Hatterene|Hatterene, F|100\/100\n|\n|-weather|none\n|upkeep\n|turn|13\n|inactive|agrade has 120 seconds left.\n|\n|t:|1701160185\n|move|p2a: Hatterene|Mystical Fire|p1a: Ferrothorn\n|-supereffective|p1a: Ferrothorn\n|-damage|p1a: Ferrothorn|0 fnt\n|faint|p1a: Ferrothorn\n|\n|upkeep\n|\n|t:|1701160189\n|switch|p1a: Pelipper|Pelipper, M|100\/100\n|-weather|RainDance|[from] ability: Drizzle|[of] p1a: Pelipper\n|turn|14\n|\n|t:|1701160196\n|move|p1a: Pelipper|Scald|p2a: Hatterene\n|-damage|p2a: Hatterene|60\/100\n|move|p2a: Hatterene|Trick Room|p2a: Hatterene\n|-fieldstart|move: Trick Room|[of] p2a: Hatterene\n|\n|-weather|RainDance|[upkeep]\n|upkeep\n|turn|15\n|\n|t:|1701160208\n|switch|p2a: Mawile|Mawile-Mega, M|88\/100\n|move|p1a: Pelipper|Scald|p2a: Mawile\n|-damage|p2a: Mawile|42\/100\n|\n|-weather|RainDance|[upkeep]\n|upkeep\n|turn|16\n|\n|t:|1701160215\n|move|p2a: Mawile|Play Rough|p1a: Pelipper\n|-damage|p1a: Pelipper|28\/100\n|move|p1a: Pelipper|Scald|p2a: Mawile\n|-damage|p2a: Mawile|0 fnt\n|faint|p2a: Mawile\n|\n|-weather|RainDance|[upkeep]\n|-fieldend|move: Psychic Terrain\n|upkeep\n|\n|t:|1701160223\n|switch|p2a: Porygon2|Porygon2|14\/100\n|-ability|p2a: Porygon2|Drizzle|[from] ability: Trace|[of] p1a: Pelipper\n|turn|17\n|\n|t:|1701160239\n|move|p2a: Porygon2|Thunderbolt|p1a: Pelipper\n|-supereffective|p1a: Pelipper\n|-damage|p1a: Pelipper|0 fnt\n|faint|p1a: Pelipper\n|\n|-weather|RainDance|[upkeep]\n|upkeep\n|\n|t:|1701160244\n|switch|p1a: Manaphy|Manaphy|100\/100\n|turn|18\n|\n|t:|1701160247\n|move|p2a: Porygon2|Thunderbolt|p1a: Manaphy\n|-supereffective|p1a: Manaphy\n|-damage|p1a: Manaphy|54\/100\n|move|p1a: Manaphy|Tail Glow|p1a: Manaphy\n|-boost|p1a: Manaphy|spa|3\n|\n|-weather|RainDance|[upkeep]\n|-fieldend|move: Trick Room\n|upkeep\n|turn|19\n|\n|t:|1701160254\n|move|p1a: Manaphy|Surf|p2a: Porygon2\n|-damage|p2a: Porygon2|0 fnt\n|faint|p2a: Porygon2\n|\n|-weather|RainDance|[upkeep]\n|upkeep\n|\n|t:|1701160260\n|switch|p2a: Cresselia|Cresselia, F|100\/100\n|turn|20\n|\n|t:|1701160264\n|-terastallize|p1a: Manaphy|Water\n|move|p1a: Manaphy|Surf|p2a: Cresselia\n|-damage|p2a: Cresselia|0 fnt\n|faint|p2a: Cresselia\n|\n|-weather|RainDance|[upkeep]\n|upkeep\n|\n|t:|1701160274\n|switch|p2a: Hatterene|Hatterene, F|60\/100\n|turn|21\n|\n|t:|1701160277\n|move|p1a: Manaphy|Surf|p2a: Hatterene\n|-damage|p2a: Hatterene|0 fnt\n|faint|p2a: Hatterene\n|\n|-weather|none\n|upkeep\n|\n|t:|1701160283\n|switch|p2a: Marowak|Marowak-Alola, M|100\/100\n|turn|22\n|\n|t:|1701160286\n|-terastallize|p2a: Marowak|Ghost\n|move|p1a: Manaphy|Surf|p2a: Marowak\n|-damage|p2a: Marowak|0 fnt\n|faint|p2a: Marowak\n|\n|upkeep\n|-message|FallingDark forfeited.\n|\n|win|agrade\n|raw|agrade's rating: 1271 &rarr; <strong>1301<\/strong><br \/>(+30 for winning)\n|raw|FallingDark's rating: 1343 &rarr; <strong>1319<\/strong><br \/>(-24 for losing)\n|l|\u2606FallingDark\n","uploadtime":1701160296,"views":10,"p1id":"agrade","p2id":"fallingdark","formatid":"gen9nationaldex","rating":1301,"private":0,"password":""}