{"id":"gen9nationaldex-1991034254","p1":"reflet114","p2":"PWA Wright","format":"[Gen 9] National Dex","log":"|j|\u2606reflet114\n|j|\u2606PWA Wright\n|t:|1700031775\n|gametype|singles\n|player|p1|reflet114|2|1712\n|player|p2|PWA Wright|cynthia|1699\n|teamsize|p1|6\n|teamsize|p2|6\n|gen|9\n|tier|[Gen 9] National Dex\n|rated|\n|rule|HP Percentage Mod: HP is shown in percentages\n|rule|Endless Battle Clause: Forcing endless battles is banned\n|rule|OHKO Clause: OHKO moves are banned\n|rule|Evasion Clause: Evasion abilities, items, and moves are banned\n|rule|Evasion Abilities Clause: Evasion abilities are banned\n|rule|Evasion Items Clause: Evasion items are banned\n|rule|Evasion Moves Clause: Evasion moves are banned\n|rule|Species Clause: Limit one of each Pok\u00e9mon\n|rule|Sleep Clause Mod: Limit one foe put to sleep\n|clearpoke\n|poke|p1|Glimmora, M|\n|poke|p1|Dragonite, M|\n|poke|p1|Banette, M|\n|poke|p1|Iron Valiant|\n|poke|p1|Ogerpon-Cornerstone, F|\n|poke|p1|Heatran, M|\n|poke|p2|Garchomp, M|\n|poke|p2|Dondozo, M|\n|poke|p2|Tyranitar, F|\n|poke|p2|Charizard, F|\n|poke|p2|Clodsire, F|\n|poke|p2|Corviknight, M|\n|teampreview\n|\n|t:|1700031795\n|start\n|switch|p1a: Heatran|Heatran, M|100\/100\n|switch|p2a: Garchomp|Garchomp, M|100\/100\n|-item|p1a: Heatran|Air Balloon\n|turn|1\n|\n|t:|1700031807\n|move|p2a: Garchomp|Scale Shot|p1a: Heatran\n|-resisted|p1a: Heatran\n|-damage|p1a: Heatran|94\/100\n|-enditem|p1a: Heatran|Air Balloon\n|-resisted|p1a: Heatran\n|-damage|p1a: Heatran|89\/100\n|-resisted|p1a: Heatran\n|-damage|p1a: Heatran|83\/100\n|-resisted|p1a: Heatran\n|-damage|p1a: Heatran|78\/100\n|-hitcount|p1a: Heatran|4\n|-unboost|p2a: Garchomp|def|1\n|-boost|p2a: Garchomp|spe|1\n|move|p1a: Heatran|Flash Cannon|p2a: Garchomp\n|-damage|p2a: Garchomp|47\/100\n|\n|upkeep\n|turn|2\n|\n|t:|1700031819\n|switch|p1a: Dragonite|Dragonite, M|100\/100\n|-terastallize|p2a: Garchomp|Fire\n|move|p2a: Garchomp|Swords Dance|p2a: Garchomp\n|-boost|p2a: Garchomp|atk|2\n|\n|upkeep\n|turn|3\n|\n|t:|1700031827\n|switch|p2a: Corviknight|Corviknight, M|100\/100\n|-ability|p2a: Corviknight|Pressure\n|move|p1a: Dragonite|Extreme Speed|p2a: Corviknight\n|-resisted|p2a: Corviknight\n|-damage|p2a: Corviknight|91\/100\n|-damage|p1a: Dragonite|84\/100|[from] item: Rocky Helmet|[of] p2a: Corviknight\n|\n|upkeep\n|turn|4\n|\n|t:|1700031829\n|move|p1a: Dragonite|Roost|p1a: Dragonite\n|-heal|p1a: Dragonite|100\/100\n|-singleturn|p1a: Dragonite|move: Roost\n|move|p2a: Corviknight|U-turn|p1a: Dragonite\n|-damage|p1a: Dragonite|94\/100\n|\n|t:|1700031838\n|switch|p2a: Garchomp|Garchomp, M, tera:Fire|47\/100|[from] U-turn\n|\n|upkeep\n|turn|5\n|\n|t:|1700031844\n|move|p1a: Dragonite|Extreme Speed|p2a: Garchomp\n|-damage|p2a: Garchomp|16\/100\n|-damage|p1a: Dragonite|82\/100|[from] ability: Rough Skin|[of] p2a: Garchomp\n|move|p2a: Garchomp|Scale Shot|p1a: Dragonite\n|-supereffective|p1a: Dragonite\n|-crit|p1a: Dragonite\n|-damage|p1a: Dragonite|47\/100\n|-supereffective|p1a: Dragonite\n|-damage|p1a: Dragonite|23\/100\n|-supereffective|p1a: Dragonite\n|-crit|p1a: Dragonite\n|-damage|p1a: Dragonite|0 fnt\n|faint|p1a: Dragonite\n|-hitcount|p1: Dragonite|3\n|-unboost|p2a: Garchomp|def|1\n|-boost|p2a: Garchomp|spe|1\n|\n|upkeep\n|j| YJLF\n|\n|t:|1700031854\n|switch|p1a: Glimmora|Glimmora, M|100\/100\n|turn|6\n|\n|t:|1700031861\n|move|p2a: Garchomp|Scale Shot|p1a: Glimmora\n|-damage|p1a: Glimmora|84\/100\n|-activate|p1a: Glimmora|ability: Toxic Debris\n|-sidestart|p2: PWA Wright|move: Toxic Spikes\n|-damage|p1a: Glimmora|67\/100\n|-activate|p1a: Glimmora|ability: Toxic Debris\n|-sidestart|p2: PWA Wright|move: Toxic Spikes\n|-crit|p1a: Glimmora\n|-damage|p1a: Glimmora|44\/100\n|-damage|p1a: Glimmora|28\/100\n|-damage|p1a: Glimmora|11\/100\n|-hitcount|p1a: Glimmora|5\n|-unboost|p2a: Garchomp|def|1\n|-boost|p2a: Garchomp|spe|1\n|move|p1a: Glimmora|Sludge Wave|p2a: Garchomp\n|-damage|p2a: Garchomp|0 fnt\n|faint|p2a: Garchomp\n|\n|upkeep\n|\n|t:|1700031867\n|switch|p2a: Corviknight|Corviknight, M|91\/100\n|-ability|p2a: Corviknight|Pressure\n|turn|7\n|\n|t:|1700031874\n|switch|p1a: Heatran|Heatran, M|78\/100\n|move|p2a: Corviknight|U-turn|p1a: Heatran\n|-resisted|p1a: Heatran\n|-damage|p1a: Heatran|75\/100\n|\n|t:|1700031877\n|switch|p2a: Clodsire|Clodsire, F|100\/100|[from] U-turn\n|-sideend|p2: PWA Wright|move: Toxic Spikes|[of] p2a: Clodsire\n|\n|upkeep\n|turn|8\n|\n|t:|1700031886\n|switch|p1a: Glimmora|Glimmora, M|11\/100\n|move|p2a: Clodsire|Earthquake|p1a: Glimmora\n|-supereffective|p1a: Glimmora\n|-damage|p1a: Glimmora|0 fnt\n|-activate|p1a: Glimmora|ability: Toxic Debris\n|-sidestart|p2: PWA Wright|move: Toxic Spikes\n|faint|p1a: Glimmora\n|\n|upkeep\n|\n|t:|1700031895\n|switch|p1a: Banette|Banette, M|100\/100\n|-item|p2a: Clodsire|Leftovers|[from] ability: Frisk|[of] p1a: Banette|[identify]\n|turn|9\n|\n|t:|1700031899\n|switch|p2a: Corviknight|Corviknight, M|91\/100\n|-ability|p2a: Corviknight|Pressure\n|detailschange|p1a: Banette|Banette-Mega, M\n|-mega|p1a: Banette|Banette|Banettite\n|move|p1a: Banette|Poltergeist|p2a: Corviknight\n|-activate|p2a: Corviknight|move: Poltergeist|Rocky Helmet\n|-damage|p2a: Corviknight|48\/100\n|\n|upkeep\n|turn|10\n|\n|t:|1700031906\n|move|p1a: Banette|Poltergeist|p2a: Corviknight\n|-activate|p2a: Corviknight|move: Poltergeist|Rocky Helmet\n|-damage|p2a: Corviknight|0 fnt\n|faint|p2a: Corviknight\n|\n|upkeep\n|\n|t:|1700031910\n|switch|p2a: Clodsire|Clodsire, F|100\/100\n|-sideend|p2: PWA Wright|move: Toxic Spikes|[of] p2a: Clodsire\n|turn|11\n|\n|t:|1700031917\n|move|p1a: Banette|Taunt|p2a: Clodsire\n|-start|p2a: Clodsire|move: Taunt\n|cant|p2a: Clodsire|move: Taunt|Stealth Rock\n|\n|upkeep\n|turn|12\n|\n|t:|1700031923\n|switch|p2a: Charizard|Charizard, F|100\/100\n|move|p1a: Banette|Poltergeist|p2a: Charizard\n|-activate|p2a: Charizard|move: Poltergeist|Charizardite Y\n|-damage|p2a: Charizard|0 fnt\n|faint|p2a: Charizard\n|\n|upkeep\n|\n|t:|1700031926\n|switch|p2a: Tyranitar|Tyranitar, F|100\/100\n|-weather|Sandstorm|[from] ability: Sand Stream|[of] p2a: Tyranitar\n|turn|13\n|\n|t:|1700031934\n|-activate|p1a: Banette|move: Pursuit\n|move|p2a: Tyranitar|Pursuit|p1a: Banette|[from]Pursuit\n|-supereffective|p1a: Banette\n|-damage|p1a: Banette|0 fnt\n|faint|p1a: Banette\n|-hint|A Pokemon can't switch between when it runs out of HP and when it faints\n|\n|-weather|Sandstorm|[upkeep]\n|upkeep\n|\n|t:|1700031943\n|switch|p1a: Ogerpon|Ogerpon-Cornerstone, F|100\/100\n|turn|14\n|\n|t:|1700031951\n|switch|p2a: Dondozo|Dondozo, M|100\/100\n|move|p1a: Ogerpon|Power Whip|p2a: Dondozo\n|-supereffective|p2a: Dondozo\n|-damage|p2a: Dondozo|38\/100\n|-damage|p1a: Ogerpon|84\/100|[from] item: Rocky Helmet|[of] p2a: Dondozo\n|\n|-weather|Sandstorm|[upkeep]\n|-damage|p2a: Dondozo|32\/100|[from] Sandstorm\n|upkeep\n|turn|15\n|-message|PWA Wright forfeited.\n|\n|win|reflet114\n|raw|reflet114's rating: 1712 &rarr; <strong>1731<\/strong><br \/>(+19 for winning)\n|raw|PWA Wright's rating: 1699 &rarr; <strong>1680<\/strong><br \/>(-19 for losing)\n|l|\u2606PWA Wright\n|l|\u2606reflet114\n|l| YJLF\n","uploadtime":1700032016,"views":6,"p1id":"reflet114","p2id":"pwawright","formatid":"gen9nationaldex","rating":1680,"private":0,"password":""}