{"id":"gen9nationaldex-1988592120","p1":"Kuzwa","p2":"Zecroster","format":"[Gen 9] National Dex","log":"|j|\u2606Kuzwa\n|j|\u2606Zecroster\n|t:|1699739658\n|gametype|singles\n|player|p1|Kuzwa|parasollady|1348\n|player|p2|Zecroster|psychic|1223\n|teamsize|p1|6\n|teamsize|p2|6\n|gen|9\n|tier|[Gen 9] National Dex\n|rated|\n|rule|HP Percentage Mod: HP is shown in percentages\n|rule|Endless Battle Clause: Forcing endless battles is banned\n|rule|OHKO Clause: OHKO moves are banned\n|rule|Evasion Clause: Evasion abilities, items, and moves are banned\n|rule|Evasion Abilities Clause: Evasion abilities are banned\n|rule|Evasion Items Clause: Evasion items are banned\n|rule|Evasion Moves Clause: Evasion moves are banned\n|rule|Species Clause: Limit one of each Pok\u00e9mon\n|rule|Sleep Clause Mod: Limit one foe put to sleep\n|clearpoke\n|poke|p1|Gallade, M|\n|poke|p1|Garchomp, M|\n|poke|p1|Kartana|\n|poke|p1|Scizor, M|\n|poke|p1|Weavile, M|\n|poke|p1|Quaquaval, M|\n|poke|p2|Beedrill, M|\n|poke|p2|Ariados, F|\n|poke|p2|Muk-Alola, M|\n|poke|p2|Crobat, F|\n|poke|p2|Toxapex, M|\n|poke|p2|Glimmora, F|\n|teampreview\n|\n|t:|1699739674\n|start\n|switch|p1a: Akihiko Sanada|Garchomp, M|100\/100\n|switch|p2a: Ariados|Ariados, F|100\/100\n|turn|1\n|\n|t:|1699739681\n|move|p1a: Akihiko Sanada|Swords Dance|p1a: Akihiko Sanada\n|-boost|p1a: Akihiko Sanada|atk|2\n|move|p2a: Ariados|Sticky Web|p1a: Akihiko Sanada\n|-sidestart|p1: Kuzwa|move: Sticky Web\n|\n|upkeep\n|turn|2\n|\n|t:|1699739684\n|move|p1a: Akihiko Sanada|Earthquake|p2a: Ariados\n|-enditem|p2a: Ariados|Focus Sash\n|-damage|p2a: Ariados|1\/100\n|move|p2a: Ariados|Toxic Thread|p1a: Akihiko Sanada\n|-unboost|p1a: Akihiko Sanada|spe|1\n|-status|p1a: Akihiko Sanada|psn\n|\n|-damage|p1a: Akihiko Sanada|88\/100 psn|[from] psn\n|upkeep\n|turn|3\n|\n|t:|1699739691\n|move|p1a: Akihiko Sanada|Earthquake|p2a: Ariados\n|-crit|p2a: Ariados\n|-damage|p2a: Ariados|0 fnt\n|faint|p2a: Ariados\n|\n|-damage|p1a: Akihiko Sanada|76\/100 psn|[from] psn\n|upkeep\n|\n|t:|1699739695\n|switch|p2a: Glimmora|Glimmora, F|100\/100\n|turn|4\n|\n|t:|1699739698\n|move|p2a: Glimmora|Stealth Rock|p1a: Akihiko Sanada\n|-sidestart|p1: Kuzwa|move: Stealth Rock\n|move|p1a: Akihiko Sanada|Earthquake|p2a: Glimmora\n|-supereffective|p2a: Glimmora\n|-enditem|p2a: Glimmora|Focus Sash\n|-damage|p2a: Glimmora|1\/100\n|-activate|p2a: Glimmora|ability: Toxic Debris\n|-sidestart|p1: Kuzwa|move: Toxic Spikes\n|\n|-damage|p1a: Akihiko Sanada|64\/100 psn|[from] psn\n|upkeep\n|turn|5\n|\n|t:|1699739709\n|move|p2a: Glimmora|Earth Power|p1a: Akihiko Sanada\n|-damage|p1a: Akihiko Sanada|31\/100 psn\n|move|p1a: Akihiko Sanada|Iron Head|p2a: Glimmora\n|-supereffective|p2a: Glimmora\n|-damage|p2a: Glimmora|0 fnt\n|-activate|p2a: Glimmora|ability: Toxic Debris\n|-sidestart|p1: Kuzwa|move: Toxic Spikes\n|faint|p2a: Glimmora\n|\n|-damage|p1a: Akihiko Sanada|19\/100 psn|[from] psn\n|upkeep\n|\n|t:|1699739713\n|switch|p2a: Beedrill|Beedrill, M|100\/100\n|turn|6\n|\n|t:|1699739716\n|detailschange|p2a: Beedrill|Beedrill-Mega, M\n|-mega|p2a: Beedrill|Beedrill|Beedrillite\n|move|p2a: Beedrill|Fell Stinger|p1a: Akihiko Sanada\n|-damage|p1a: Akihiko Sanada|0 fnt\n|-damage|p2a: Beedrill|88\/100|[from] ability: Rough Skin|[of] p1a: Akihiko Sanada\n|faint|p1a: Akihiko Sanada\n|-boost|p2a: Beedrill|atk|3\n|\n|upkeep\n|\n|t:|1699739730\n|switch|p1a: Ken Amada|Scizor, M|100\/100\n|-activate|p1a: Ken Amada|move: Sticky Web\n|-unboost|p1a: Ken Amada|spe|1\n|-damage|p1a: Ken Amada|88\/100|[from] Stealth Rock\n|turn|7\n|\n|t:|1699739755\n|move|p2a: Beedrill|Drill Run|p1a: Ken Amada\n|-damage|p1a: Ken Amada|12\/100\n|move|p1a: Ken Amada|Acrobatics|p2a: Beedrill\n|-supereffective|p2a: Beedrill\n|-damage|p2a: Beedrill|0 fnt\n|faint|p2a: Beedrill\n|\n|upkeep\n|\n|t:|1699739760\n|switch|p2a: Muk|Muk-Alola, M|100\/100\n|turn|8\n|\n|t:|1699739763\n|move|p1a: Ken Amada|Bullet Punch|p2a: Muk\n|-damage|p2a: Muk|63\/100\n|move|p2a: Muk|Knock Off|p1a: Ken Amada\n|-damage|p1a: Ken Amada|0 fnt\n|faint|p1a: Ken Amada\n|\n|upkeep\n|\n|t:|1699739767\n|switch|p1a: ???|Quaquaval, M|100\/100\n|-activate|p1a: ???|move: Sticky Web\n|-unboost|p1a: ???|spe|1\n|-damage|p1a: ???|94\/100|[from] Stealth Rock\n|-status|p1a: ???|tox\n|turn|9\n|\n|t:|1699739770\n|move|p1a: ???|Rapid Spin|p2a: Muk\n|-damage|p2a: Muk|45\/100\n|-boost|p1a: ???|spe|1\n|-sideend|p1: Kuzwa|Toxic Spikes|[from] move: Rapid Spin|[of] p1a: ???\n|-sideend|p1: Kuzwa|Stealth Rock|[from] move: Rapid Spin|[of] p1a: ???\n|-sideend|p1: Kuzwa|Sticky Web|[from] move: Rapid Spin|[of] p1a: ???\n|-enditem|p2a: Muk|Aguav Berry|[eat]\n|-heal|p2a: Muk|78\/100|[from] item: Aguav Berry\n|move|p2a: Muk|Curse|p2a: Muk\n|-unboost|p2a: Muk|spe|1\n|-boost|p2a: Muk|atk|1\n|-boost|p2a: Muk|def|1\n|\n|-damage|p1a: ???|88\/100 tox|[from] psn\n|upkeep\n|turn|10\n|\n|t:|1699739778\n|-zpower|p1a: ???\n|move|p1a: ???|Subzero Slammer|p2a: Muk|[zeffect]\n|-damage|p2a: Muk|39\/100\n|move|p2a: Muk|Curse|p2a: Muk\n|-unboost|p2a: Muk|spe|1\n|-boost|p2a: Muk|atk|1\n|-boost|p2a: Muk|def|1\n|\n|-damage|p1a: ???|76\/100 tox|[from] psn\n|upkeep\n|turn|11\n|\n|t:|1699739782\n|move|p1a: ???|Aqua Step|p2a: Muk\n|-damage|p2a: Muk|18\/100\n|-boost|p1a: ???|spe|1\n|move|p2a: Muk|Recycle|p2a: Muk\n|-item|p2a: Muk|Aguav Berry|[from] move: Recycle\n|-enditem|p2a: Muk|Aguav Berry|[eat]\n|-heal|p2a: Muk|52\/100|[from] item: Aguav Berry\n|\n|-damage|p1a: ???|58\/100 tox|[from] psn\n|upkeep\n|turn|12\n|\n|t:|1699739785\n|move|p1a: ???|Aqua Step|p2a: Muk\n|-damage|p2a: Muk|30\/100\n|-boost|p1a: ???|spe|1\n|move|p2a: Muk|Recycle|p2a: Muk\n|-item|p2a: Muk|Aguav Berry|[from] move: Recycle\n|-enditem|p2a: Muk|Aguav Berry|[eat]\n|-heal|p2a: Muk|63\/100|[from] item: Aguav Berry\n|\n|-damage|p1a: ???|33\/100 tox|[from] psn\n|upkeep\n|turn|13\n|\n|t:|1699739788\n|move|p1a: ???|Brick Break|p2a: Muk\n|-damage|p2a: Muk|43\/100\n|move|p2a: Muk|Recycle|p2a: Muk\n|-item|p2a: Muk|Aguav Berry|[from] move: Recycle\n|-enditem|p2a: Muk|Aguav Berry|[eat]\n|-heal|p2a: Muk|77\/100|[from] item: Aguav Berry\n|\n|-damage|p1a: ???|3\/100 tox|[from] psn\n|upkeep\n|turn|14\n|\n|t:|1699739792\n|move|p1a: ???|Aqua Step|p2a: Muk\n|-damage|p2a: Muk|56\/100\n|-boost|p1a: ???|spe|1\n|move|p2a: Muk|Curse|p2a: Muk\n|-unboost|p2a: Muk|spe|1\n|-boost|p2a: Muk|atk|1\n|-boost|p2a: Muk|def|1\n|\n|-damage|p1a: ???|0 fnt|[from] psn\n|faint|p1a: ???\n|upkeep\n|\n|t:|1699739803\n|switch|p1a: Makoto Yuki|Kartana, shiny|100\/100\n|turn|15\n|\n|t:|1699739806\n|move|p1a: Makoto Yuki|Swords Dance|p1a: Makoto Yuki\n|-boost|p1a: Makoto Yuki|atk|2\n|move|p2a: Muk|Recycle|p2a: Muk\n|-item|p2a: Muk|Aguav Berry|[from] move: Recycle\n|\n|upkeep\n|turn|16\n|\n|t:|1699739809\n|move|p1a: Makoto Yuki|Sacred Sword|p2a: Muk\n|-damage|p2a: Muk|0 fnt\n|faint|p2a: Muk\n|-ability|p1a: Makoto Yuki|Beast Boost|boost\n|-boost|p1a: Makoto Yuki|atk|1\n|\n|upkeep\n|\n|t:|1699739812\n|switch|p2a: Crobat|Crobat, F|100\/100\n|turn|17\n|\n|t:|1699739815\n|move|p2a: Crobat|Heat Wave|p1a: Makoto Yuki|[miss]\n|-miss|p2a: Crobat|p1a: Makoto Yuki\n|move|p1a: Makoto Yuki|Smart Strike|p2a: Crobat\n|-damage|p2a: Crobat|0 fnt\n|faint|p2a: Crobat\n|-ability|p1a: Makoto Yuki|Beast Boost|boost\n|-boost|p1a: Makoto Yuki|atk|1\n|\n|upkeep\n|c|\u2606Zecroster|gg\n|-message|Zecroster forfeited.\n|\n|win|Kuzwa\n|raw|Kuzwa's rating: 1348 &rarr; <strong>1361<\/strong><br \/>(+13 for winning)\n|raw|Zecroster's rating: 1223 &rarr; <strong>1207<\/strong><br \/>(-16 for losing)\n|l|\u2606Zecroster\n","uploadtime":1699739824,"views":4,"p1id":"kuzwa","p2id":"zecroster","formatid":"gen9nationaldex","rating":1207,"private":0,"password":""}