{"id":"gen9nationaldex-1999004619","p1":"MarcusTalks","p2":"PU Rules","format":"[Gen 9] National Dex","log":"|html|<div class=\"broadcast-blue\"><strong>[Gen 9] National Dex is currently suspecting Sneasler! For information on how to participate check out the <a href=\"https:\/\/www.smogon.com\/forums\/threads\/sv-national-dex-suspect-8-just-dance.3731534\/\">suspect thread<\/a>.<\/strong><\/div>\n|j|\u2606MarcusTalks\n|j|\u2606PU Rules\n|t:|1701022954\n|gametype|singles\n|player|p1|MarcusTalks|steven|\n|player|p2|PU Rules|gentleman-gen4|\n|teamsize|p1|6\n|teamsize|p2|6\n|gen|9\n|tier|[Gen 9] National Dex\n|rule|HP Percentage Mod: HP is shown in percentages\n|rule|Endless Battle Clause: Forcing endless battles is banned\n|rule|OHKO Clause: OHKO moves are banned\n|rule|Evasion Clause: Evasion abilities, items, and moves are banned\n|rule|Evasion Abilities Clause: Evasion abilities are banned\n|rule|Evasion Items Clause: Evasion items are banned\n|rule|Evasion Moves Clause: Evasion moves are banned\n|rule|Species Clause: Limit one of each Pok\u00e9mon\n|rule|Sleep Clause Mod: Limit one foe put to sleep\n|clearpoke\n|poke|p1|Camerupt, M|\n|poke|p1|Alomomola, F|\n|poke|p1|Garganacl, M|\n|poke|p1|Ribombee, F|\n|poke|p1|Avalugg-Hisui, M|\n|poke|p1|Gliscor, M|\n|poke|p2|Hoopa-Unbound|\n|poke|p2|Absol, F|\n|poke|p2|Zarude|\n|poke|p2|Weavile, F|\n|poke|p2|Hydreigon, M|\n|poke|p2|Corsola-Galar, M|\n|teampreview\n|c|\u2606PU Rules|Ew\n|c|\u2606PU Rules|Naclstack\n|c|\u2606MarcusTalks|Garganacl?\n|c|\u2606MarcusTalks|Naclstack is the mid stage\n|c|\u2606PU Rules|Ah\n|\n|t:|1701022998\n|start\n|switch|p1a: Garganacl|Garganacl, M|100\/100\n|switch|p2a: Absol|Absol, F|100\/100\n|turn|1\n|c|\u2606PU Rules|Still hate em\n|\n|t:|1701023005\n|detailschange|p2a: Absol|Absol-Mega, F\n|-mega|p2a: Absol|Absol|Absolite\n|move|p2a: Absol|Close Combat|p1a: Garganacl\n|-supereffective|p1a: Garganacl\n|-damage|p1a: Garganacl|53\/100\n|-unboost|p2a: Absol|def|1\n|-unboost|p2a: Absol|spd|1\n|move|p1a: Garganacl|Stealth Rock|p2a: Absol\n|move|p2a: Absol|Stealth Rock|p1a: Garganacl|[from]ability: Magic Bounce\n|-sidestart|p1: MarcusTalks|move: Stealth Rock\n|\n|-heal|p1a: Garganacl|60\/100|[from] item: Leftovers\n|upkeep\n|turn|2\n|c|\u2606PU Rules|No\n|c|\u2606MarcusTalks|Crap\n|\n|t:|1701023034\n|move|p2a: Absol|Close Combat|p1a: Garganacl\n|-supereffective|p1a: Garganacl\n|-damage|p1a: Garganacl|16\/100\n|-unboost|p2a: Absol|def|1\n|-unboost|p2a: Absol|spd|1\n|move|p1a: Garganacl|Recover|p1a: Garganacl\n|-heal|p1a: Garganacl|66\/100\n|\n|-heal|p1a: Garganacl|72\/100|[from] item: Leftovers\n|upkeep\n|turn|3\n|l|\u2606PU Rules\n|player|p2|\n|j|\u2606PU Rules\n|player|p2|PU Rules|gentleman-gen4\n|\n|t:|1701023064\n|switch|p2a: Hoopa|Hoopa-Unbound|100\/100\n|switch|p1a: Ribombee|Ribombee, F, shiny|100\/100\n|-damage|p1a: Ribombee|76\/100|[from] Stealth Rock\n|\n|upkeep\n|turn|4\n|\n|t:|1701023075\n|switch|p2a: Corsola|Corsola-Galar, M|100\/100\n|move|p1a: Ribombee|Bug Buzz|p2a: Corsola\n|-resisted|p2a: Corsola\n|-damage|p2a: Corsola|91\/100\n|\n|upkeep\n|turn|5\n|\n|t:|1701023096\n|move|p1a: Ribombee|Sticky Web|p2a: Corsola\n|-sidestart|p2: PU Rules|move: Sticky Web\n|move|p2a: Corsola|Night Shade|p1a: Ribombee\n|-damage|p1a: Ribombee|37\/100\n|\n|upkeep\n|turn|6\n|\n|t:|1701023122\n|switch|p1a: Gliscor|Gliscor, M, shiny|100\/100\n|-damage|p1a: Gliscor|88\/100|[from] Stealth Rock\n|move|p2a: Corsola|Night Shade|p1a: Gliscor\n|-damage|p1a: Gliscor|60\/100\n|\n|-status|p1a: Gliscor|tox|[from] item: Toxic Orb\n|upkeep\n|turn|7\n|\n|t:|1701023135\n|move|p1a: Gliscor|Substitute|p1a: Gliscor\n|-start|p1a: Gliscor|Substitute\n|-damage|p1a: Gliscor|35\/100 tox\n|move|p2a: Corsola|Strength Sap||[still]\n|-fail|p2a: Corsola\n|\n|-heal|p1a: Gliscor|47\/100 tox|[from] ability: Poison Heal\n|upkeep\n|turn|8\n|\n|t:|1701023143\n|move|p1a: Gliscor|Knock Off|p2a: Corsola\n|-supereffective|p2a: Corsola\n|-damage|p2a: Corsola|60\/100\n|-enditem|p2a: Corsola|Eviolite|[from] move: Knock Off|[of] p1a: Gliscor\n|move|p2a: Corsola|Night Shade|p1a: Gliscor\n|-end|p1a: Gliscor|Substitute\n|\n|-heal|p1a: Gliscor|60\/100 tox|[from] ability: Poison Heal\n|upkeep\n|turn|9\n|\n|t:|1701023164\n|move|p1a: Gliscor|Protect|p1a: Gliscor\n|-singleturn|p1a: Gliscor|Protect\n|move|p2a: Corsola|Night Shade|p1a: Gliscor\n|-activate|p1a: Gliscor|move: Protect\n|\n|-heal|p1a: Gliscor|72\/100 tox|[from] ability: Poison Heal\n|upkeep\n|turn|10\n|c|\u2606PU Rules|I dont like this mon\n|\n|t:|1701023177\n|move|p1a: Gliscor|Substitute|p1a: Gliscor\n|-start|p1a: Gliscor|Substitute\n|-damage|p1a: Gliscor|47\/100 tox\n|move|p2a: Corsola|Night Shade|p1a: Gliscor\n|-end|p1a: Gliscor|Substitute\n|\n|-heal|p1a: Gliscor|60\/100 tox|[from] ability: Poison Heal\n|upkeep\n|turn|11\n|\n|t:|1701023185\n|move|p1a: Gliscor|Protect|p1a: Gliscor\n|-singleturn|p1a: Gliscor|Protect\n|move|p2a: Corsola|Night Shade|p1a: Gliscor\n|-activate|p1a: Gliscor|move: Protect\n|\n|-heal|p1a: Gliscor|72\/100 tox|[from] ability: Poison Heal\n|upkeep\n|turn|12\n|c|\u2606PU Rules|I might hate it more than garg\n|\n|t:|1701023199\n|move|p1a: Gliscor|Earthquake|p2a: Corsola\n|-crit|p2a: Corsola\n|-damage|p2a: Corsola|4\/100\n|-start|p1a: Gliscor|Disable|Earthquake|[from] ability: Cursed Body|[of] p2a: Corsola\n|move|p2a: Corsola|Night Shade|p1a: Gliscor\n|-damage|p1a: Gliscor|44\/100 tox\n|\n|-heal|p1a: Gliscor|56\/100 tox|[from] ability: Poison Heal\n|upkeep\n|turn|13\n|c|\u2606PU Rules|Man\n|\n|t:|1701023209\n|move|p1a: Gliscor|Protect|p1a: Gliscor\n|-singleturn|p1a: Gliscor|Protect\n|move|p2a: Corsola|Strength Sap|p1a: Gliscor\n|-activate|p1a: Gliscor|move: Protect\n|\n|-heal|p1a: Gliscor|69\/100 tox|[from] ability: Poison Heal\n|upkeep\n|turn|14\n|\n|t:|1701023217\n|move|p1a: Gliscor|Substitute|p1a: Gliscor\n|-start|p1a: Gliscor|Substitute\n|-damage|p1a: Gliscor|44\/100 tox\n|move|p2a: Corsola|Night Shade|p1a: Gliscor\n|-end|p1a: Gliscor|Substitute\n|\n|-heal|p1a: Gliscor|56\/100 tox|[from] ability: Poison Heal\n|upkeep\n|turn|15\n|\n|t:|1701023227\n|move|p1a: Gliscor|Substitute|p1a: Gliscor\n|-start|p1a: Gliscor|Substitute\n|-damage|p1a: Gliscor|32\/100 tox\n|move|p2a: Corsola|Strength Sap||[still]\n|-fail|p2a: Corsola\n|\n|-heal|p1a: Gliscor|44\/100 tox|[from] ability: Poison Heal\n|-end|p1a: Gliscor|Disable\n|upkeep\n|turn|16\n|\n|t:|1701023237\n|move|p1a: Gliscor|Protect|p1a: Gliscor\n|-singleturn|p1a: Gliscor|Protect\n|move|p2a: Corsola|Night Shade|p1a: Gliscor\n|-activate|p1a: Gliscor|move: Protect\n|\n|-heal|p1a: Gliscor|56\/100 tox|[from] ability: Poison Heal\n|upkeep\n|turn|17\n|\n|t:|1701023246\n|move|p1a: Gliscor|Knock Off|p2a: Corsola\n|-supereffective|p2a: Corsola\n|-damage|p2a: Corsola|0 fnt\n|faint|p2a: Corsola\n|\n|-heal|p1a: Gliscor|69\/100 tox|[from] ability: Poison Heal\n|upkeep\n|\n|t:|1701023255\n|switch|p2a: Hydreigon|Hydreigon, M|100\/100\n|turn|18\n|\n|t:|1701023273\n|move|p2a: Hydreigon|Dark Pulse|p1a: Gliscor\n|-end|p1a: Gliscor|Substitute\n|move|p1a: Gliscor|Knock Off|p2a: Hydreigon\n|-resisted|p2a: Hydreigon\n|-damage|p2a: Hydreigon|89\/100\n|-enditem|p2a: Hydreigon|Choice Specs|[from] move: Knock Off|[of] p1a: Gliscor\n|\n|-heal|p1a: Gliscor|81\/100 tox|[from] ability: Poison Heal\n|upkeep\n|turn|19\n|\n|t:|1701023286\n|switch|p1a: Ribombee|Ribombee, F, shiny|37\/100\n|-damage|p1a: Ribombee|12\/100|[from] Stealth Rock\n|move|p2a: Hydreigon|Dark Pulse|p1a: Ribombee\n|-resisted|p1a: Ribombee\n|-crit|p1a: Ribombee\n|-damage|p1a: Ribombee|0 fnt\n|faint|p1a: Ribombee\n|\n|upkeep\n|c|\u2606MarcusTalks|Crit mattered\n|\n|t:|1701023307\n|switch|p1a: Camerupt|Camerupt, M, shiny|100\/100\n|-damage|p1a: Camerupt|88\/100|[from] Stealth Rock\n|turn|20\n|c|\u2606PU Rules|True\n|\n|t:|1701023318\n|detailschange|p1a: Camerupt|Camerupt-Mega, M, shiny\n|-mega|p1a: Camerupt|Camerupt|Cameruptite\n|move|p2a: Hydreigon|Draco Meteor|p1a: Camerupt\n|-damage|p1a: Camerupt|21\/100\n|-unboost|p2a: Hydreigon|spa|2\n|move|p1a: Camerupt|Hidden Power|p2a: Hydreigon\n|-supereffective|p2a: Hydreigon\n|-damage|p2a: Hydreigon|29\/100\n|\n|upkeep\n|turn|21\n|l|\u2606PU Rules\n|player|p2|\n|j|\u2606PU Rules\n|player|p2|PU Rules|gentleman-gen4\n|c|\u2606MarcusTalks|Ok so I think Camerupt is dead on switch in now\n|c|\u2606PU Rules|Yeah\n|\n|t:|1701023393\n|move|p2a: Hydreigon|Dark Pulse|p1a: Camerupt\n|-damage|p1a: Camerupt|0 fnt\n|faint|p1a: Camerupt\n|\n|upkeep\n|c|\u2606PU Rules|Was that hp fairy?\n|\n|t:|1701023408\n|switch|p1a: Garganacl|Garganacl, M|72\/100\n|-damage|p1a: Garganacl|59\/100|[from] Stealth Rock\n|turn|22\n|\n|t:|1701023413\n|switch|p2a: Absol|Absol-Mega, F|100\/100\n|-activate|p2a: Absol|move: Sticky Web\n|-unboost|p2a: Absol|spe|1\n|move|p1a: Garganacl|Salt Cure|p2a: Absol\n|-damage|p2a: Absol|75\/100\n|-start|p2a: Absol|Salt Cure\n|\n|-heal|p1a: Garganacl|66\/100|[from] item: Leftovers\n|-damage|p2a: Absol|62\/100|[from] Salt Cure\n|upkeep\n|turn|23\n|\n|t:|1701023424\n|move|p2a: Absol|Knock Off|p1a: Garganacl\n|-crit|p1a: Garganacl\n|-damage|p1a: Garganacl|23\/100\n|-enditem|p1a: Garganacl|Leftovers|[from] move: Knock Off|[of] p2a: Absol\n|move|p1a: Garganacl|Recover|p1a: Garganacl\n|-heal|p1a: Garganacl|73\/100\n|\n|-damage|p2a: Absol|50\/100|[from] Salt Cure\n|upkeep\n|turn|24\n|\n|t:|1701023435\n|switch|p2a: Zarude|Zarude|100\/100\n|-activate|p2a: Zarude|move: Sticky Web\n|-unboost|p2a: Zarude|spe|1\n|move|p1a: Garganacl|Recover|p1a: Garganacl\n|-heal|p1a: Garganacl|100\/100\n|\n|upkeep\n|turn|25\n|\n|t:|1701023441\n|move|p2a: Zarude|Power Whip|p1a: Garganacl|[miss]\n|-miss|p2a: Zarude|p1a: Garganacl\n|move|p1a: Garganacl|Salt Cure|p2a: Zarude\n|-damage|p2a: Zarude|89\/100\n|-start|p2a: Zarude|Salt Cure\n|\n|-heal|p2a: Zarude|95\/100|[from] item: Leftovers\n|-damage|p2a: Zarude|82\/100|[from] Salt Cure\n|upkeep\n|turn|26\n|c|\u2606PU Rules|Man\n|\n|t:|1701023461\n|switch|p2a: Absol|Absol-Mega, F|50\/100\n|-activate|p2a: Absol|move: Sticky Web\n|-unboost|p2a: Absol|spe|1\n|move|p1a: Garganacl|Stealth Rock|p2a: Absol\n|move|p2a: Absol|Stealth Rock||[from]ability: Magic Bounce|[still]\n|-fail|p2a: Absol\n|\n|upkeep\n|turn|27\n|c|\u2606PU Rules|No\n|\n|t:|1701023476\n|move|p2a: Absol|Close Combat|p1a: Garganacl\n|-supereffective|p1a: Garganacl\n|-damage|p1a: Garganacl|52\/100\n|-unboost|p2a: Absol|def|1\n|-unboost|p2a: Absol|spd|1\n|move|p1a: Garganacl|Salt Cure|p2a: Absol\n|-damage|p2a: Absol|12\/100\n|-start|p2a: Absol|Salt Cure\n|\n|-damage|p2a: Absol|0 fnt|[from] Salt Cure\n|faint|p2a: Absol\n|upkeep\n|\n|t:|1701023482\n|switch|p2a: Zarude|Zarude|82\/100\n|-activate|p2a: Zarude|move: Sticky Web\n|-unboost|p2a: Zarude|spe|1\n|turn|28\n|\n|t:|1701023494\n|move|p2a: Zarude|Power Whip|p1a: Garganacl\n|-supereffective|p1a: Garganacl\n|-damage|p1a: Garganacl|0 fnt\n|faint|p1a: Garganacl\n|\n|-heal|p2a: Zarude|88\/100|[from] item: Leftovers\n|upkeep\n|c|\u2606MarcusTalks|Ggs\n|\n|t:|1701023509\n|switch|p1a: Avalugg|Avalugg-Hisui, M, shiny|100\/100\n|turn|29\n|\n|t:|1701023532\n|move|p2a: Zarude|Iron Tail|p1a: Avalugg\n|-supereffective|p1a: Avalugg\n|-damage|p1a: Avalugg|33\/100\n|move|p1a: Avalugg|Rapid Spin|p2a: Zarude\n|-damage|p2a: Zarude|69\/100\n|-boost|p1a: Avalugg|spe|1\n|-sideend|p1: MarcusTalks|Stealth Rock|[from] move: Rapid Spin|[of] p1a: Avalugg\n|\n|-heal|p2a: Zarude|75\/100|[from] item: Leftovers\n|upkeep\n|turn|30\n|c|\u2606PU Rules|Wrong tera on zarude sandstorm f\n|\n|t:|1701023566\n|switch|p1a: Gliscor|Gliscor, M, shiny|81\/100 tox\n|move|p2a: Zarude|Iron Tail|p1a: Gliscor\n|-damage|p1a: Gliscor|59\/100 tox\n|\n|-heal|p2a: Zarude|81\/100|[from] item: Leftovers\n|-heal|p1a: Gliscor|72\/100 tox|[from] ability: Poison Heal\n|upkeep\n|turn|31\n|\n|t:|1701023577\n|move|p1a: Gliscor|Substitute|p1a: Gliscor\n|-start|p1a: Gliscor|Substitute\n|-damage|p1a: Gliscor|47\/100 tox\n|move|p2a: Zarude|Power Whip|p1a: Gliscor\n|-end|p1a: Gliscor|Substitute\n|\n|-heal|p2a: Zarude|87\/100|[from] item: Leftovers\n|-heal|p1a: Gliscor|59\/100 tox|[from] ability: Poison Heal\n|upkeep\n|turn|32\n|\n|t:|1701023587\n|move|p1a: Gliscor|Knock Off|p2a: Zarude\n|-resisted|p2a: Zarude\n|-damage|p2a: Zarude|78\/100\n|-enditem|p2a: Zarude|Leftovers|[from] move: Knock Off|[of] p1a: Gliscor\n|move|p2a: Zarude|Darkest Lariat|p1a: Gliscor\n|-damage|p1a: Gliscor|33\/100 tox\n|\n|-heal|p1a: Gliscor|45\/100 tox|[from] ability: Poison Heal\n|upkeep\n|turn|33\n|\n|t:|1701023597\n|move|p1a: Gliscor|Protect|p1a: Gliscor\n|-singleturn|p1a: Gliscor|Protect\n|move|p2a: Zarude|Darkest Lariat|p1a: Gliscor\n|-activate|p1a: Gliscor|move: Protect\n|\n|-heal|p1a: Gliscor|58\/100 tox|[from] ability: Poison Heal\n|upkeep\n|turn|34\n|\n|t:|1701023607\n|move|p1a: Gliscor|Substitute|p1a: Gliscor\n|-start|p1a: Gliscor|Substitute\n|-damage|p1a: Gliscor|33\/100 tox\n|move|p2a: Zarude|Power Whip|p1a: Gliscor\n|-end|p1a: Gliscor|Substitute\n|\n|-heal|p1a: Gliscor|45\/100 tox|[from] ability: Poison Heal\n|upkeep\n|turn|35\n|\n|t:|1701023620\n|move|p1a: Gliscor|Protect|p1a: Gliscor\n|-singleturn|p1a: Gliscor|Protect\n|move|p2a: Zarude|Darkest Lariat|p1a: Gliscor\n|-activate|p1a: Gliscor|move: Protect\n|\n|-heal|p1a: Gliscor|58\/100 tox|[from] ability: Poison Heal\n|upkeep\n|turn|36\n|\n|t:|1701023635\n|move|p1a: Gliscor|Earthquake|p2a: Zarude\n|-resisted|p2a: Zarude\n|-damage|p2a: Zarude|63\/100\n|move|p2a: Zarude|Darkest Lariat|p1a: Gliscor\n|-damage|p1a: Gliscor|30\/100 tox\n|\n|-heal|p1a: Gliscor|42\/100 tox|[from] ability: Poison Heal\n|upkeep\n|turn|37\n|\n|t:|1701023644\n|move|p1a: Gliscor|Substitute|p1a: Gliscor\n|-start|p1a: Gliscor|Substitute\n|-damage|p1a: Gliscor|17\/100 tox\n|move|p2a: Zarude|Jungle Healing|p2a: Zarude\n|-heal|p2a: Zarude|88\/100\n|\n|-heal|p1a: Gliscor|30\/100 tox|[from] ability: Poison Heal\n|upkeep\n|turn|38\n|\n|t:|1701023654\n|move|p1a: Gliscor|Protect|p1a: Gliscor\n|-singleturn|p1a: Gliscor|Protect\n|move|p2a: Zarude|Darkest Lariat|p1a: Gliscor\n|-activate|p1a: Gliscor|move: Protect\n|\n|-heal|p1a: Gliscor|42\/100 tox|[from] ability: Poison Heal\n|upkeep\n|turn|39\n|c|\u2606PU Rules|Get mountain gale on that havalugg btw\n|\n|t:|1701023664\n|move|p1a: Gliscor|Knock Off|p2a: Zarude\n|-resisted|p2a: Zarude\n|-damage|p2a: Zarude|81\/100\n|move|p2a: Zarude|Darkest Lariat|p1a: Gliscor\n|-end|p1a: Gliscor|Substitute\n|\n|-heal|p1a: Gliscor|55\/100 tox|[from] ability: Poison Heal\n|upkeep\n|turn|40\n|\n|t:|1701023676\n|switch|p1a: Alomomola|Alomomola, F|100\/100\n|move|p2a: Zarude|Darkest Lariat|p1a: Alomomola\n|-damage|p1a: Alomomola|79\/100\n|\n|-heal|p1a: Alomomola|85\/100|[from] item: Leftovers\n|upkeep\n|turn|41\n|\n|t:|1701023684\n|move|p1a: Alomomola|Protect|p1a: Alomomola\n|-singleturn|p1a: Alomomola|Protect\n|move|p2a: Zarude|Power Whip|p1a: Alomomola\n|-activate|p1a: Alomomola|move: Protect\n|\n|-heal|p1a: Alomomola|91\/100|[from] item: Leftovers\n|upkeep\n|turn|42\n|\n|t:|1701023692\n|move|p2a: Zarude|Power Whip|p1a: Alomomola\n|-supereffective|p1a: Alomomola\n|-damage|p1a: Alomomola|32\/100\n|move|p1a: Alomomola|Wish|p1a: Alomomola\n|\n|-heal|p1a: Alomomola|38\/100|[from] item: Leftovers\n|upkeep\n|turn|43\n|\n|t:|1701023701\n|switch|p1a: Avalugg|Avalugg-Hisui, M, shiny|33\/100\n|move|p2a: Zarude|Jungle Healing|p2a: Zarude\n|-heal|p2a: Zarude|100\/100\n|\n|-heal|p1a: Avalugg|100\/100|[from] move: Wish|[wisher] Alomomola\n|upkeep\n|turn|44\n|\n|t:|1701023713\n|-terastallize|p1a: Avalugg|Fairy\n|move|p2a: Zarude|Iron Tail|p1a: Avalugg|[miss]\n|-miss|p2a: Zarude|p1a: Avalugg\n|move|p1a: Avalugg|Avalanche|p2a: Zarude\n|-supereffective|p2a: Zarude\n|-damage|p2a: Zarude|38\/100\n|\n|upkeep\n|turn|45\n|\n|t:|1701023726\n|move|p2a: Zarude|Iron Tail|p1a: Avalugg\n|-supereffective|p1a: Avalugg\n|-damage|p1a: Avalugg|65\/100\n|-unboost|p1a: Avalugg|def|1\n|move|p1a: Avalugg|Tera Blast|p2a: Zarude|[anim] Tera Blast Fairy\n|-supereffective|p2a: Zarude\n|-damage|p2a: Zarude|0 fnt\n|faint|p2a: Zarude\n|\n|upkeep\n|\n|t:|1701023729\n|switch|p2a: Weavile|Weavile, F|100\/100\n|-activate|p2a: Weavile|move: Sticky Web\n|-unboost|p2a: Weavile|spe|1\n|-ability|p2a: Weavile|Pressure\n|turn|46\n|\n|t:|1701023743\n|switch|p1a: Gliscor|Gliscor, M, shiny|55\/100 tox\n|move|p2a: Weavile|Swords Dance|p2a: Weavile\n|-boost|p2a: Weavile|atk|2\n|\n|-heal|p1a: Gliscor|67\/100 tox|[from] ability: Poison Heal\n|upkeep\n|turn|47\n|\n|t:|1701023751\n|move|p1a: Gliscor|Protect|p1a: Gliscor\n|-singleturn|p1a: Gliscor|Protect\n|move|p2a: Weavile|Ice Shard|p1a: Gliscor\n|-activate|p1a: Gliscor|move: Protect\n|\n|-heal|p1a: Gliscor|80\/100 tox|[from] ability: Poison Heal\n|upkeep\n|turn|48\n|\n|t:|1701023761\n|switch|p1a: Alomomola|Alomomola, F|71\/100\n|move|p2a: Weavile|Ice Shard|p1a: Alomomola\n|-resisted|p1a: Alomomola\n|-damage|p1a: Alomomola|60\/100\n|\n|-heal|p1a: Alomomola|66\/100|[from] item: Leftovers\n|upkeep\n|turn|49\n|\n|t:|1701023771\n|move|p1a: Alomomola|Protect|p1a: Alomomola\n|-singleturn|p1a: Alomomola|Protect\n|move|p2a: Weavile|Knock Off|p1a: Alomomola\n|-activate|p1a: Alomomola|move: Protect\n|\n|-heal|p1a: Alomomola|72\/100|[from] item: Leftovers\n|upkeep\n|turn|50\n|j| kwumbus\n|\n|t:|1701023800\n|move|p2a: Weavile|Knock Off|p1a: Alomomola\n|-damage|p1a: Alomomola|21\/100\n|-enditem|p1a: Alomomola|Leftovers|[from] move: Knock Off|[of] p2a: Weavile\n|move|p1a: Alomomola|Wish|p1a: Alomomola\n|\n|upkeep\n|turn|51\n|\n|t:|1701023806\n|switch|p1a: Avalugg|Avalugg-Hisui, M, shiny, tera:Fairy|65\/100\n|move|p2a: Weavile|Swords Dance|p2a: Weavile\n|-boost|p2a: Weavile|atk|2\n|\n|-heal|p1a: Avalugg|100\/100|[from] move: Wish|[wisher] Alomomola\n|upkeep\n|turn|52\n|\n|t:|1701023818\n|move|p2a: Weavile|Poison Jab|p1a: Avalugg\n|-supereffective|p1a: Avalugg\n|-damage|p1a: Avalugg|27\/100\n|move|p1a: Avalugg|Rapid Spin|p2a: Weavile\n|-damage|p2a: Weavile|65\/100\n|-boost|p1a: Avalugg|spe|1\n|\n|upkeep\n|turn|53\n|l| kwumbus\n|\n|t:|1701023830\n|switch|p1a: Gliscor|Gliscor, M, shiny|80\/100 tox\n|move|p2a: Weavile|Poison Jab|p1a: Gliscor\n|-resisted|p1a: Gliscor\n|-damage|p1a: Gliscor|53\/100 tox\n|\n|-heal|p1a: Gliscor|65\/100 tox|[from] ability: Poison Heal\n|upkeep\n|turn|54\n|\n|t:|1701023840\n|move|p1a: Gliscor|Protect|p1a: Gliscor\n|-singleturn|p1a: Gliscor|Protect\n|move|p2a: Weavile|Ice Shard|p1a: Gliscor\n|-activate|p1a: Gliscor|move: Protect\n|\n|-heal|p1a: Gliscor|78\/100 tox|[from] ability: Poison Heal\n|upkeep\n|turn|55\n|c|\u2606PU Rules|So hows your day been\n|c|\u2606MarcusTalks|Too bad Ice shard has 48 pp\n|\n|t:|1701023862\n|move|p2a: Weavile|Ice Shard|p1a: Gliscor\n|-supereffective|p1a: Gliscor\n|-damage|p1a: Gliscor|0 fnt\n|faint|p1a: Gliscor\n|\n|upkeep\n|c|\u2606PU Rules|Yeah lol cant stall this out\n|\n|t:|1701023871\n|switch|p1a: Alomomola|Alomomola, F|54\/100\n|turn|56\n|\n|t:|1701023876\n|switch|p1a: Avalugg|Avalugg-Hisui, M, shiny, tera:Fairy|27\/100\n|move|p2a: Weavile|Knock Off|p1a: Avalugg\n|-resisted|p1a: Avalugg\n|-damage|p1a: Avalugg|0 fnt\n|-enditem|p1a: Avalugg|Heavy-Duty Boots|[from] move: Knock Off|[of] p2a: Weavile\n|faint|p1a: Avalugg\n|\n|upkeep\n|\n|t:|1701023884\n|switch|p1a: Alomomola|Alomomola, F|88\/100\n|turn|57\n|\n|t:|1701023888\n|move|p2a: Weavile|Knock Off|p1a: Alomomola\n|-damage|p1a: Alomomola|34\/100\n|move|p1a: Alomomola|Wish|p1a: Alomomola\n|\n|upkeep\n|turn|58\n|\n|t:|1701023893\n|move|p1a: Alomomola|Protect|p1a: Alomomola\n|-singleturn|p1a: Alomomola|Protect\n|move|p2a: Weavile|Knock Off|p1a: Alomomola\n|-activate|p1a: Alomomola|move: Protect\n|\n|-heal|p1a: Alomomola|84\/100|[from] move: Wish|[wisher] Alomomola\n|upkeep\n|turn|59\n|\n|t:|1701023901\n|move|p2a: Weavile|Knock Off|p1a: Alomomola\n|-damage|p1a: Alomomola|31\/100\n|move|p1a: Alomomola|Scald|p2a: Weavile\n|-damage|p2a: Weavile|47\/100\n|\n|upkeep\n|turn|60\n|l|\u2606PU Rules\n|player|p2|\n|j|\u2606PU Rules\n|player|p2|PU Rules|gentleman-gen4\n|c|\u2606MarcusTalks|Scald never burns when you need it\n|c|\u2606PU Rules|Ggs\n|c|\u2606PU Rules|Fr\n|c|\u2606MarcusTalks|Can\u2019t believe neither of us has beaten the others gym yet\n|\n|t:|1701023948\n|move|p2a: Weavile|Knock Off|p1a: Alomomola\n|-damage|p1a: Alomomola|0 fnt\n|faint|p1a: Alomomola\n|\n|win|PU Rules\n|c|\u2606PU Rules|We're both using teams we like rather than absolute counters to each other\n","uploadtime":1701023960,"views":10,"p1id":"marcustalks","p2id":"purules","formatid":"gen9nationaldex","rating":0,"private":0,"password":""}