{"id":"gen9nationaldex-1992471456","p1":"zoruak777","p2":"H3llsolD","format":"[Gen 9] National Dex","log":"|j|\u2606zoruak777\n|j|\u2606H3llsolD\n|t:|1700191676\n|gametype|singles\n|player|p1|zoruak777|266|\n|player|p2|H3llsolD|n|\n|teamsize|p1|6\n|teamsize|p2|6\n|gen|9\n|tier|[Gen 9] National Dex\n|rule|HP Percentage Mod: HP is shown in percentages\n|rule|Endless Battle Clause: Forcing endless battles is banned\n|rule|OHKO Clause: OHKO moves are banned\n|rule|Evasion Clause: Evasion abilities, items, and moves are banned\n|rule|Evasion Abilities Clause: Evasion abilities are banned\n|rule|Evasion Items Clause: Evasion items are banned\n|rule|Evasion Moves Clause: Evasion moves are banned\n|rule|Species Clause: Limit one of each Pok\u00e9mon\n|rule|Sleep Clause Mod: Limit one foe put to sleep\n|clearpoke\n|poke|p1|Ceruledge, F|\n|poke|p1|Gliscor, F|\n|poke|p1|Great Tusk|\n|poke|p1|Glimmora, F|\n|poke|p1|Toxapex, F|\n|poke|p1|Meowscarada, M|\n|poke|p2|Blissey, F|\n|poke|p2|Volcanion|\n|poke|p2|Cloyster, M|\n|poke|p2|Aggron, M|\n|poke|p2|Toxapex, M|\n|poke|p2|Mimikyu, M|\n|teampreview\n|\n|t:|1700191695\n|start\n|switch|p1a: Ceruledge|Ceruledge, F|100\/100\n|switch|p2a: Volcanion|Volcanion|100\/100\n|turn|1\n|\n|t:|1700191711\n|-terastallize|p1a: Ceruledge|Grass\n|-terastallize|p2a: Volcanion|Grass\n|move|p1a: Ceruledge|Swords Dance|p1a: Ceruledge\n|-boost|p1a: Ceruledge|atk|2\n|move|p2a: Volcanion|Steam Eruption|p1a: Ceruledge\n|-resisted|p1a: Ceruledge\n|-damage|p1a: Ceruledge|48\/100\n|\n|upkeep\n|turn|2\n|\n|t:|1700191720\n|move|p1a: Ceruledge|Bitter Blade|p2a: Volcanion\n|-supereffective|p2a: Volcanion\n|-damage|p2a: Volcanion|0 fnt\n|-heal|p1a: Ceruledge|99\/100|[from] drain|[of] p2a: Volcanion\n|faint|p2a: Volcanion\n|\n|upkeep\n|\n|t:|1700191732\n|switch|p2a: Blissey|Blissey, F|100\/100\n|turn|3\n|\n|t:|1700191739\n|move|p1a: Ceruledge|Brick Break|p2a: Blissey\n|-supereffective|p2a: Blissey\n|-damage|p2a: Blissey|11\/100\n|move|p2a: Blissey|Seismic Toss|p1a: Ceruledge\n|-damage|p1a: Ceruledge|65\/100\n|\n|-heal|p2a: Blissey|17\/100|[from] item: Leftovers\n|upkeep\n|turn|4\n|\n|t:|1700191753\n|switch|p2a: a|Mimikyu, M|100\/100\n|move|p1a: Ceruledge|Brick Break|p2a: a\n|-immune|p2a: a\n|\n|upkeep\n|turn|5\n|\n|t:|1700191766\n|move|p2a: a|Drain Punch|p1a: Ceruledge\n|-damage|p1a: Ceruledge|28\/100\n|-damage|p2a: a|91\/100|[from] item: Life Orb\n|move|p1a: Ceruledge|Shadow Claw|p2a: a\n|-activate|p2a: a|ability: Disguise\n|-damage|p2a: a|91\/100\n|detailschange|p2a: a|Mimikyu-Busted, M\n|-damage|p2a: a|78\/100|[from] pokemon: Mimikyu-Busted\n|\n|upkeep\n|turn|6\n|\n|t:|1700191776\n|move|p2a: a|Drain Punch|p1a: Ceruledge\n|-damage|p1a: Ceruledge|0 fnt\n|-heal|p2a: a|94\/100|[from] drain|[of] p1a: Ceruledge\n|faint|p1a: Ceruledge\n|-damage|p2a: a|84\/100|[from] item: Life Orb\n|\n|upkeep\n|\n|t:|1700191795\n|switch|p1a: Glimmora|Glimmora, F|100\/100\n|turn|7\n|\n|t:|1700191804\n|move|p2a: a|Swords Dance|p2a: a\n|-boost|p2a: a|atk|2\n|move|p1a: Glimmora|Sludge Bomb|p2a: a\n|-damage|p2a: a|23\/100\n|\n|upkeep\n|turn|8\n|\n|t:|1700191814\n|move|p2a: a|Drain Punch|p1a: Glimmora\n|-damage|p1a: Glimmora|32\/100\n|-heal|p2a: a|65\/100|[from] drain|[of] p1a: Glimmora\n|-damage|p2a: a|49\/100|[from] item: Rocky Helmet|[of] p1a: Glimmora\n|-activate|p1a: Glimmora|ability: Toxic Debris\n|-sidestart|p2: H3llsolD|move: Toxic Spikes\n|-damage|p2a: a|39\/100|[from] item: Life Orb\n|move|p1a: Glimmora|Sludge Bomb|p2a: a\n|-damage|p2a: a|0 fnt\n|faint|p2a: a\n|\n|upkeep\n|\n|t:|1700191826\n|switch|p2a: Blissey|Blissey, F|17\/100\n|-status|p2a: Blissey|psn\n|turn|9\n|\n|t:|1700191850\n|move|p1a: Glimmora|Earth Power|p2a: Blissey\n|-damage|p2a: Blissey|6\/100 psn\n|move|p2a: Blissey|Soft-Boiled|p2a: Blissey\n|-heal|p2a: Blissey|56\/100 psn\n|\n|-heal|p2a: Blissey|62\/100 psn|[from] item: Leftovers\n|-damage|p2a: Blissey|49\/100 psn|[from] psn\n|upkeep\n|turn|10\n|\n|t:|1700191864\n|switch|p1a: Great Tusk|Great Tusk|100\/100\n|-enditem|p1a: Great Tusk|Booster Energy\n|-activate|p1a: Great Tusk|ability: Protosynthesis|[fromitem]\n|-start|p1a: Great Tusk|protosynthesisspe\n|move|p2a: Blissey|Toxic|p1a: Great Tusk\n|-status|p1a: Great Tusk|tox\n|\n|-heal|p2a: Blissey|56\/100 psn|[from] item: Leftovers\n|-damage|p1a: Great Tusk|94\/100 tox|[from] psn\n|-damage|p2a: Blissey|43\/100 psn|[from] psn\n|upkeep\n|turn|11\n|\n|t:|1700191875\n|move|p1a: Great Tusk|Body Press|p2a: Blissey\n|-supereffective|p2a: Blissey\n|-damage|p2a: Blissey|0 fnt\n|faint|p2a: Blissey\n|\n|-damage|p1a: Great Tusk|82\/100 tox|[from] psn\n|upkeep\n|\n|t:|1700191881\n|switch|p2a: Cloyster|Cloyster, M|100\/100\n|-status|p2a: Cloyster|psn\n|turn|12\n|\n|t:|1700191892\n|move|p1a: Great Tusk|Body Press|p2a: Cloyster\n|-supereffective|p2a: Cloyster\n|-damage|p2a: Cloyster|38\/100 psn\n|move|p2a: Cloyster|Shell Smash|p2a: Cloyster\n|-unboost|p2a: Cloyster|def|1\n|-unboost|p2a: Cloyster|spd|1\n|-boost|p2a: Cloyster|atk|2\n|-boost|p2a: Cloyster|spa|2\n|-boost|p2a: Cloyster|spe|2\n|\n|-damage|p2a: Cloyster|26\/100 psn|[from] psn\n|-damage|p1a: Great Tusk|63\/100 tox|[from] psn\n|upkeep\n|turn|13\n|\n|t:|1700191912\n|move|p2a: Cloyster|Icicle Spear|p1a: Great Tusk\n|-supereffective|p1a: Great Tusk\n|-damage|p1a: Great Tusk|25\/100 tox\n|-supereffective|p1a: Great Tusk\n|-damage|p1a: Great Tusk|0 fnt\n|faint|p1a: Great Tusk\n|-end|p1a: Great Tusk|Protosynthesis|[silent]\n|-hitcount|p1: Great Tusk|2\n|-damage|p2a: Cloyster|16\/100 psn|[from] item: Life Orb\n|\n|-damage|p2a: Cloyster|3\/100 psn|[from] psn\n|upkeep\n|\n|t:|1700191927\n|switch|p1a: Toxapex|Toxapex, F|100\/100\n|turn|14\n|\n|t:|1700191931\n|move|p1a: Toxapex|Baneful Bunker|p1a: Toxapex\n|-singleturn|p1a: Toxapex|move: Protect\n|move|p2a: Cloyster|Spikes|p1a: Toxapex\n|-sidestart|p1: zoruak777|Spikes\n|\n|-damage|p2a: Cloyster|0 fnt|[from] psn\n|faint|p2a: Cloyster\n|upkeep\n|\n|t:|1700191938\n|switch|p2a: Aggron|Aggron, M|100\/100\n|turn|15\n|\n|t:|1700191946\n|move|p2a: Aggron|Head Smash|p1a: Toxapex\n|-damage|p1a: Toxapex|22\/100\n|move|p1a: Toxapex|Surf|p2a: Aggron\n|-supereffective|p2a: Aggron\n|-damage|p2a: Aggron|26\/100\n|\n|-heal|p1a: Toxapex|28\/100|[from] item: Black Sludge\n|upkeep\n|turn|16\n|\n|t:|1700191957\n|move|p2a: Aggron|Head Smash|p1a: Toxapex\n|-damage|p1a: Toxapex|0 fnt\n|faint|p1a: Toxapex\n|\n|upkeep\n|\n|t:|1700191962\n|switch|p1a: Gliscor|Gliscor, F|100\/100\n|turn|17\n|\n|t:|1700191970\n|move|p1a: Gliscor|Earthquake|p2a: Aggron\n|-supereffective|p2a: Aggron\n|-damage|p2a: Aggron|0 fnt\n|faint|p2a: Aggron\n|\n|-status|p1a: Gliscor|tox|[from] item: Toxic Orb\n|upkeep\n|\n|t:|1700191976\n|switch|p2a: Toxapex|Toxapex, M|100\/100\n|-sideend|p2: H3llsolD|move: Toxic Spikes|[of] p2a: Toxapex\n|turn|18\n|\n|t:|1700191987\n|move|p1a: Gliscor|Knock Off|p2a: Toxapex\n|-damage|p2a: Toxapex|88\/100\n|-damage|p1a: Gliscor|84\/100 tox|[from] item: Rocky Helmet|[of] p2a: Toxapex\n|-enditem|p2a: Toxapex|Rocky Helmet|[from] move: Knock Off|[of] p1a: Gliscor\n|move|p2a: Toxapex|Knock Off|p1a: Gliscor\n|-damage|p1a: Gliscor|75\/100 tox\n|-enditem|p1a: Gliscor|Toxic Orb|[from] move: Knock Off|[of] p2a: Toxapex\n|\n|-heal|p1a: Gliscor|88\/100 tox|[from] ability: Poison Heal\n|upkeep\n|turn|19\n|\n|t:|1700192003\n|move|p1a: Gliscor|Earthquake|p2a: Toxapex\n|-supereffective|p2a: Toxapex\n|-damage|p2a: Toxapex|48\/100\n|move|p2a: Toxapex|Haze|p2a: Toxapex\n|-clearallboost\n|\n|-heal|p1a: Gliscor|99\/100 tox|[from] ability: Poison Heal\n|upkeep\n|turn|20\n|\n|t:|1700192013\n|move|p1a: Gliscor|Earthquake|p2a: Toxapex\n|-supereffective|p2a: Toxapex\n|-damage|p2a: Toxapex|10\/100\n|move|p2a: Toxapex|Recover|p2a: Toxapex\n|-heal|p2a: Toxapex|60\/100\n|\n|-heal|p1a: Gliscor|100\/100 tox|[from] ability: Poison Heal\n|upkeep\n|turn|21\n|\n|t:|1700192024\n|move|p1a: Gliscor|Earthquake|p2a: Toxapex\n|-supereffective|p2a: Toxapex\n|-damage|p2a: Toxapex|24\/100\n|move|p2a: Toxapex|Knock Off|p1a: Gliscor\n|-damage|p1a: Gliscor|95\/100 tox\n|\n|-heal|p1a: Gliscor|100\/100 tox|[from] ability: Poison Heal\n|upkeep\n|turn|22\n|\n|t:|1700192032\n|move|p1a: Gliscor|Earthquake|p2a: Toxapex\n|-supereffective|p2a: Toxapex\n|-damage|p2a: Toxapex|0 fnt\n|faint|p2a: Toxapex\n|\n|win|zoruak777\n|l|\u2606H3llsolD\n|l|\u2606zoruak777\n|j|\u2606zoruak777\n|player|p1|zoruak777|266\n","uploadtime":1700192498,"views":11,"p1id":"zoruak777","p2id":"h3llsold","formatid":"gen9nationaldex","rating":0,"private":0,"password":""}