{"id":"gen9nationaldex-1992480990","p1":"RandoTestAccount","p2":"Zecroster","format":"[Gen 9] National Dex","log":"|j|\u2606RandoTestAccount\n|j|\u2606Zecroster\n|t:|1700192910\n|gametype|singles\n|player|p1|RandoTestAccount|pokemonrangerf|1234\n|player|p2|Zecroster|psychic|1192\n|teamsize|p1|6\n|teamsize|p2|6\n|gen|9\n|tier|[Gen 9] National Dex\n|rated|\n|rule|HP Percentage Mod: HP is shown in percentages\n|rule|Endless Battle Clause: Forcing endless battles is banned\n|rule|OHKO Clause: OHKO moves are banned\n|rule|Evasion Clause: Evasion abilities, items, and moves are banned\n|rule|Evasion Abilities Clause: Evasion abilities are banned\n|rule|Evasion Items Clause: Evasion items are banned\n|rule|Evasion Moves Clause: Evasion moves are banned\n|rule|Species Clause: Limit one of each Pok\u00e9mon\n|rule|Sleep Clause Mod: Limit one foe put to sleep\n|clearpoke\n|poke|p1|Umbreon, F|\n|poke|p1|Excadrill, F|\n|poke|p1|Corviknight, F|\n|poke|p1|Sableye, F|\n|poke|p1|Tapu Fini|\n|poke|p1|Dragalge, F|\n|poke|p2|Druddigon, M|\n|poke|p2|Simisage, F|\n|poke|p2|Empoleon, M|\n|poke|p2|Mismagius, M|\n|poke|p2|Magmar, M|\n|poke|p2|Flygon, M|\n|teampreview\n|inactive|Battle timer is ON: inactive players will automatically lose when time's up. (requested by RandoTestAccount)\n|\n|t:|1700192922\n|start\n|switch|p1a: Spectre of Emerald|Sableye, F, shiny|100\/100\n|switch|p2a: Magmar|Magmar, M|100\/100\n|turn|1\n|\n|t:|1700192934\n|detailschange|p1a: Spectre of Emerald|Sableye-Mega, F, shiny\n|-mega|p1a: Spectre of Emerald|Sableye|Sablenite\n|move|p2a: Magmar|Lava Plume|p1a: Spectre of Emerald\n|-damage|p1a: Spectre of Emerald|64\/100\n|move|p1a: Spectre of Emerald|Calm Mind|p1a: Spectre of Emerald\n|-boost|p1a: Spectre of Emerald|spa|1\n|-boost|p1a: Spectre of Emerald|spd|1\n|\n|upkeep\n|turn|2\n|\n|t:|1700192939\n|move|p2a: Magmar|Clear Smog|p1a: Spectre of Emerald\n|-resisted|p1a: Spectre of Emerald\n|-damage|p1a: Spectre of Emerald|59\/100\n|-clearboost|p1a: Spectre of Emerald\n|move|p1a: Spectre of Emerald|Recover|p1a: Spectre of Emerald\n|-heal|p1a: Spectre of Emerald|100\/100\n|\n|upkeep\n|turn|3\n|\n|t:|1700192943\n|switch|p1a: The Droplet Tear|Tapu Fini, shiny|100\/100\n|-fieldstart|move: Misty Terrain|[from] ability: Misty Surge|[of] p1a: The Droplet Tear\n|move|p2a: Magmar|Lava Plume|p1a: The Droplet Tear\n|-resisted|p1a: The Droplet Tear\n|-damage|p1a: The Droplet Tear|85\/100\n|\n|-heal|p1a: The Droplet Tear|91\/100|[from] item: Leftovers\n|upkeep\n|turn|4\n|\n|t:|1700192947\n|switch|p2a: Simisage|Simisage, F|100\/100\n|move|p1a: The Droplet Tear|Substitute|p1a: The Droplet Tear\n|-start|p1a: The Droplet Tear|Substitute\n|-damage|p1a: The Droplet Tear|66\/100\n|\n|-heal|p1a: The Droplet Tear|72\/100|[from] item: Leftovers\n|upkeep\n|turn|5\n|\n|t:|1700192953\n|move|p2a: Simisage|Seed Bomb|p1a: The Droplet Tear\n|-supereffective|p1a: The Droplet Tear\n|-end|p1a: The Droplet Tear|Substitute\n|-damage|p2a: Simisage|91\/100|[from] item: Life Orb\n|move|p1a: The Droplet Tear|Moonblast|p2a: Simisage\n|-damage|p2a: Simisage|37\/100\n|\n|-heal|p1a: The Droplet Tear|78\/100|[from] item: Leftovers\n|upkeep\n|turn|6\n|\n|t:|1700192959\n|switch|p1a: Agony Steelheart|Dragalge, F, shiny|100\/100\n|move|p2a: Simisage|Knock Off|p1a: Agony Steelheart\n|-damage|p1a: Agony Steelheart|60\/100\n|-enditem|p1a: Agony Steelheart|Black Sludge|[from] move: Knock Off|[of] p2a: Simisage\n|-damage|p2a: Simisage|27\/100|[from] item: Life Orb\n|\n|upkeep\n|turn|7\n|\n|t:|1700192965\n|move|p2a: Simisage|Rock Slide|p1a: Agony Steelheart\n|-damage|p1a: Agony Steelheart|26\/100\n|-damage|p2a: Simisage|17\/100|[from] item: Life Orb\n|move|p1a: Agony Steelheart|Acid Spray|p2a: Simisage\n|-supereffective|p2a: Simisage\n|-damage|p2a: Simisage|0 fnt\n|faint|p2a: Simisage\n|\n|-fieldend|Misty Terrain\n|upkeep\n|\n|t:|1700192969\n|switch|p2a: Empoleon|Empoleon, M|100\/100\n|turn|8\n|\n|t:|1700192982\n|switch|p1a: The Droplet Tear|Tapu Fini, shiny|78\/100\n|-fieldstart|move: Misty Terrain|[from] ability: Misty Surge|[of] p1a: The Droplet Tear\n|move|p2a: Empoleon|Swords Dance|p2a: Empoleon\n|-boost|p2a: Empoleon|atk|2\n|\n|-heal|p1a: The Droplet Tear|85\/100|[from] item: Leftovers\n|upkeep\n|turn|9\n|\n|t:|1700192992\n|move|p1a: The Droplet Tear|Calm Mind|p1a: The Droplet Tear\n|-boost|p1a: The Droplet Tear|spa|1\n|-boost|p1a: The Droplet Tear|spd|1\n|move|p2a: Empoleon|Earthquake|p1a: The Droplet Tear\n|-damage|p1a: The Droplet Tear|39\/100\n|\n|-heal|p1a: The Droplet Tear|45\/100|[from] item: Leftovers\n|upkeep\n|turn|10\n|\n|t:|1700192998\n|move|p1a: The Droplet Tear|Moonblast|p2a: Empoleon\n|-resisted|p2a: Empoleon\n|-damage|p2a: Empoleon|80\/100\n|move|p2a: Empoleon|Earthquake|p1a: The Droplet Tear\n|-damage|p1a: The Droplet Tear|3\/100\n|\n|-heal|p1a: The Droplet Tear|9\/100|[from] item: Leftovers\n|-heal|p2a: Empoleon|86\/100|[from] item: Leftovers\n|upkeep\n|turn|11\n|\n|t:|1700193007\n|move|p2a: Empoleon|Aqua Jet|p1a: The Droplet Tear\n|-resisted|p1a: The Droplet Tear\n|-damage|p1a: The Droplet Tear|0 fnt\n|faint|p1a: The Droplet Tear\n|\n|-heal|p2a: Empoleon|92\/100|[from] item: Leftovers\n|upkeep\n|\n|t:|1700193016\n|switch|p1a: Ephialtes Keeper|Corviknight, F, shiny|100\/100\n|-ability|p1a: Ephialtes Keeper|Pressure\n|turn|12\n|\n|t:|1700193020\n|switch|p2a: Mismagius|Mismagius, M|100\/100\n|move|p1a: Ephialtes Keeper|U-turn|p2a: Mismagius\n|-resisted|p2a: Mismagius\n|-damage|p2a: Mismagius|86\/100\n|\n|t:|1700193026\n|switch|p1a: Spectre of Emerald|Sableye-Mega, F, shiny|100\/100|[from] U-turn\n|\n|-fieldend|Misty Terrain\n|upkeep\n|turn|13\n|\n|t:|1700193033\n|switch|p2a: Magmar|Magmar, M|100\/100\n|move|p1a: Spectre of Emerald|Calm Mind|p1a: Spectre of Emerald\n|-boost|p1a: Spectre of Emerald|spa|1\n|-boost|p1a: Spectre of Emerald|spd|1\n|\n|upkeep\n|turn|14\n|\n|t:|1700193038\n|switch|p1a: The Lonesome One|Excadrill, F, shiny|100\/100\n|-ability|p1a: The Lonesome One|Mold Breaker\n|move|p2a: Magmar|Clear Smog|p1a: The Lonesome One\n|-immune|p1a: The Lonesome One\n|\n|upkeep\n|turn|15\n|\n|t:|1700193044\n|switch|p2a: Flygon|Flygon, M|100\/100\n|move|p1a: The Lonesome One|Earthquake|p2a: Flygon\n|-damage|p2a: Flygon|27\/100\n|\n|upkeep\n|turn|16\n|\n|t:|1700193049\n|switch|p1a: Ephialtes Keeper|Corviknight, F, shiny|100\/100\n|-ability|p1a: Ephialtes Keeper|Pressure\n|move|p2a: Flygon|Earthquake|p1a: Ephialtes Keeper\n|-immune|p1a: Ephialtes Keeper\n|\n|upkeep\n|turn|17\n|\n|t:|1700193052\n|switch|p1a: Spectre of Emerald|Sableye-Mega, F, shiny|100\/100\n|move|p2a: Flygon|Fire Punch|p1a: Spectre of Emerald\n|-damage|p1a: Spectre of Emerald|84\/100\n|\n|upkeep\n|turn|18\n|\n|t:|1700193056\n|move|p2a: Flygon|Earthquake|p1a: Spectre of Emerald\n|-damage|p1a: Spectre of Emerald|52\/100\n|move|p1a: Spectre of Emerald|Will-O-Wisp|p2a: Flygon\n|-status|p2a: Flygon|brn\n|\n|-damage|p2a: Flygon|21\/100 brn|[from] brn\n|upkeep\n|turn|19\n|\n|t:|1700193072\n|move|p2a: Flygon|Earthquake|p1a: Spectre of Emerald\n|-damage|p1a: Spectre of Emerald|36\/100\n|move|p1a: Spectre of Emerald|Recover|p1a: Spectre of Emerald\n|-heal|p1a: Spectre of Emerald|86\/100\n|\n|-damage|p2a: Flygon|15\/100 brn|[from] brn\n|upkeep\n|turn|20\n|\n|t:|1700193077\n|move|p2a: Flygon|Earthquake|p1a: Spectre of Emerald\n|-damage|p1a: Spectre of Emerald|69\/100\n|move|p1a: Spectre of Emerald|Calm Mind|p1a: Spectre of Emerald\n|-boost|p1a: Spectre of Emerald|spa|1\n|-boost|p1a: Spectre of Emerald|spd|1\n|\n|-damage|p2a: Flygon|9\/100 brn|[from] brn\n|upkeep\n|turn|21\n|inactive|RandoTestAccount has 120 seconds left.\n|inactive|RandoTestAccount has 90 seconds left.\n|\n|t:|1700193159\n|move|p2a: Flygon|Earthquake|p1a: Spectre of Emerald\n|-damage|p1a: Spectre of Emerald|53\/100\n|move|p1a: Spectre of Emerald|Calm Mind|p1a: Spectre of Emerald\n|-boost|p1a: Spectre of Emerald|spa|1\n|-boost|p1a: Spectre of Emerald|spd|1\n|\n|-damage|p2a: Flygon|3\/100 brn|[from] brn\n|upkeep\n|turn|22\n|\n|t:|1700193165\n|move|p2a: Flygon|Earthquake|p1a: Spectre of Emerald\n|-damage|p1a: Spectre of Emerald|36\/100\n|move|p1a: Spectre of Emerald|Recover|p1a: Spectre of Emerald\n|-heal|p1a: Spectre of Emerald|86\/100\n|\n|-damage|p2a: Flygon|0 fnt|[from] brn\n|faint|p2a: Flygon\n|upkeep\n|\n|t:|1700193167\n|switch|p2a: Magmar|Magmar, M|100\/100\n|turn|23\n|inactive|RandoTestAccount has 90 seconds left.\n|\n|t:|1700193184\n|switch|p1a: Nika Reanukko|Umbreon, F, shiny|100\/100\n|move|p2a: Magmar|Lava Plume|p1a: Nika Reanukko\n|-damage|p1a: Nika Reanukko|81\/100\n|\n|-heal|p1a: Nika Reanukko|87\/100|[from] item: Leftovers\n|upkeep\n|turn|24\n|\n|t:|1700193189\n|switch|p2a: Empoleon|Empoleon, M|92\/100\n|move|p1a: Nika Reanukko|Wish|p1a: Nika Reanukko\n|\n|-heal|p2a: Empoleon|98\/100|[from] item: Leftovers\n|-heal|p1a: Nika Reanukko|93\/100|[from] item: Leftovers\n|upkeep\n|turn|25\n|inactive|RandoTestAccount has 90 seconds left.\n|inactive|RandoTestAccount has 60 seconds left.\n|\n|t:|1700193239\n|switch|p1a: Spectre of Emerald|Sableye-Mega, F, shiny|86\/100\n|move|p2a: Empoleon|Swords Dance|p2a: Empoleon\n|-boost|p2a: Empoleon|atk|2\n|\n|-heal|p1a: Spectre of Emerald|100\/100|[from] move: Wish|[wisher] Nika Reanukko\n|-heal|p2a: Empoleon|100\/100|[from] item: Leftovers\n|upkeep\n|turn|26\n|\n|t:|1700193259\n|move|p2a: Empoleon|Swords Dance|p2a: Empoleon\n|-boost|p2a: Empoleon|atk|2\n|move|p1a: Spectre of Emerald|Will-O-Wisp|p2a: Empoleon\n|-status|p2a: Empoleon|brn\n|\n|-damage|p2a: Empoleon|94\/100 brn|[from] brn\n|upkeep\n|turn|27\n|inactive|RandoTestAccount has 60 seconds left.\n|\n|t:|1700193279\n|move|p2a: Empoleon|Swords Dance|p2a: Empoleon\n|-boost|p2a: Empoleon|atk|2\n|move|p1a: Spectre of Emerald|Dark Pulse|p2a: Empoleon\n|-damage|p2a: Empoleon|72\/100 brn\n|\n|-heal|p2a: Empoleon|78\/100 brn|[from] item: Leftovers\n|-damage|p2a: Empoleon|72\/100 brn|[from] brn\n|upkeep\n|turn|28\n|inactive|RandoTestAccount has 60 seconds left.\n|inactive|RandoTestAccount has 30 seconds left.\n|inactive|RandoTestAccount has 20 seconds left.\n|inactive|RandoTestAccount has 15 seconds left.\n|inactive|RandoTestAccount has 10 seconds left.\n|\n|t:|1700193335\n|-terastallize|p2a: Empoleon|Water\n|move|p2a: Empoleon|Aqua Jet|p1a: Spectre of Emerald\n|-damage|p1a: Spectre of Emerald|69\/100\n|move|p1a: Spectre of Emerald|Dark Pulse|p2a: Empoleon\n|-damage|p2a: Empoleon|49\/100 brn\n|\n|-heal|p2a: Empoleon|55\/100 brn|[from] item: Leftovers\n|-damage|p2a: Empoleon|49\/100 brn|[from] brn\n|upkeep\n|turn|29\n|inactive|RandoTestAccount has 20 seconds left this turn.\n|inactive|RandoTestAccount has 15 seconds left.\n|\n|t:|1700193343\n|move|p2a: Empoleon|Earthquake|p1a: Spectre of Emerald\n|-damage|p1a: Spectre of Emerald|27\/100\n|move|p1a: Spectre of Emerald|Recover|p1a: Spectre of Emerald\n|-heal|p1a: Spectre of Emerald|77\/100\n|\n|-heal|p2a: Empoleon|55\/100 brn|[from] item: Leftovers\n|-damage|p2a: Empoleon|49\/100 brn|[from] brn\n|upkeep\n|turn|30\n|inactive|RandoTestAccount has 25 seconds left this turn.\n|inactive|RandoTestAccount has 20 seconds left.\n|\n|t:|1700193348\n|move|p2a: Empoleon|Earthquake|p1a: Spectre of Emerald\n|-damage|p1a: Spectre of Emerald|35\/100\n|move|p1a: Spectre of Emerald|Calm Mind|p1a: Spectre of Emerald\n|-boost|p1a: Spectre of Emerald|spa|1\n|-boost|p1a: Spectre of Emerald|spd|1\n|\n|-heal|p2a: Empoleon|55\/100 brn|[from] item: Leftovers\n|-damage|p2a: Empoleon|49\/100 brn|[from] brn\n|upkeep\n|turn|31\n|inactive|RandoTestAccount has 30 seconds left this turn.\n|\n|t:|1700193352\n|switch|p1a: Ephialtes Keeper|Corviknight, F, shiny|100\/100\n|-ability|p1a: Ephialtes Keeper|Pressure\n|move|p2a: Empoleon|Earthquake|p1a: Ephialtes Keeper\n|-immune|p1a: Ephialtes Keeper\n|\n|-heal|p2a: Empoleon|55\/100 brn|[from] item: Leftovers\n|-damage|p2a: Empoleon|49\/100 brn|[from] brn\n|upkeep\n|turn|32\n|\n|t:|1700193356\n|move|p2a: Empoleon|Aqua Jet|p1a: Ephialtes Keeper\n|-damage|p1a: Ephialtes Keeper|65\/100\n|-damage|p2a: Empoleon|32\/100 brn|[from] item: Rocky Helmet|[of] p1a: Ephialtes Keeper\n|move|p1a: Ephialtes Keeper|Brave Bird|p2a: Empoleon\n|-damage|p2a: Empoleon|0 fnt\n|faint|p2a: Empoleon\n|-damage|p1a: Ephialtes Keeper|53\/100|[from] Recoil\n|\n|upkeep\n|\n|t:|1700193359\n|switch|p2a: Magmar|Magmar, M|100\/100\n|turn|33\n|\n|t:|1700193371\n|switch|p1a: Nika Reanukko|Umbreon, F, shiny|93\/100\n|move|p2a: Magmar|Lava Plume|p1a: Nika Reanukko\n|-damage|p1a: Nika Reanukko|73\/100\n|-status|p1a: Nika Reanukko|brn\n|-activate|p1a: Nika Reanukko|ability: Synchronize\n|-immune|p2a: Magmar\n|\n|-heal|p1a: Nika Reanukko|79\/100 brn|[from] item: Leftovers\n|-damage|p1a: Nika Reanukko|73\/100 brn|[from] brn\n|upkeep\n|turn|34\n|\n|t:|1700193380\n|move|p2a: Magmar|Lava Plume|p1a: Nika Reanukko\n|-damage|p1a: Nika Reanukko|55\/100 brn\n|move|p1a: Nika Reanukko|Wish|p1a: Nika Reanukko\n|\n|-heal|p1a: Nika Reanukko|61\/100 brn|[from] item: Leftovers\n|-damage|p1a: Nika Reanukko|55\/100 brn|[from] brn\n|upkeep\n|turn|35\n|\n|t:|1700193385\n|switch|p1a: Spectre of Emerald|Sableye-Mega, F, shiny|35\/100\n|move|p2a: Magmar|Lava Plume|p1a: Spectre of Emerald\n|-damage|p1a: Spectre of Emerald|0 fnt\n|faint|p1a: Spectre of Emerald\n|\n|upkeep\n|\n|t:|1700193390\n|switch|p1a: Nika Reanukko|Umbreon, F, shiny|55\/100 brn\n|turn|36\n|\n|t:|1700193397\n|switch|p2a: Druddigon|Druddigon, M|100\/100\n|move|p1a: Nika Reanukko|Wish|p1a: Nika Reanukko\n|\n|-heal|p1a: Nika Reanukko|61\/100 brn|[from] item: Leftovers\n|-damage|p1a: Nika Reanukko|55\/100 brn|[from] brn\n|upkeep\n|turn|37\n|\n|t:|1700193399\n|move|p2a: Druddigon|Stealth Rock|p1a: Nika Reanukko\n|-sidestart|p1: RandoTestAccount|move: Stealth Rock\n|move|p1a: Nika Reanukko|Heal Bell|p1a: Nika Reanukko\n|-activate|p1a: Nika Reanukko|move: Heal Bell\n|-curestatus|p1a: Nika Reanukko|brn|[msg]\n|\n|-heal|p1a: Nika Reanukko|100\/100|[from] move: Wish|[wisher] Nika Reanukko\n|upkeep\n|turn|38\n|inactive|RandoTestAccount has 90 seconds left.\n|\n|t:|1700193405\n|move|p1a: Nika Reanukko|Wish|p1a: Nika Reanukko\n|move|p2a: Druddigon|Dragon Tail|p1a: Nika Reanukko\n|-crit|p1a: Nika Reanukko\n|-damage|p1a: Nika Reanukko|69\/100\n|drag|p1a: Ephialtes Keeper|Corviknight, F, shiny|53\/100\n|-damage|p1a: Ephialtes Keeper|41\/100|[from] Stealth Rock\n|-ability|p1a: Ephialtes Keeper|Pressure\n|\n|upkeep\n|turn|39\n|\n|t:|1700193412\n|move|p1a: Ephialtes Keeper|Defog|p2a: Druddigon\n|-unboost|p2a: Druddigon|evasion|1\n|-sideend|p1: RandoTestAccount|Stealth Rock|[from] move: Defog|[of] p1a: Ephialtes Keeper\n|move|p2a: Druddigon|Dragon Tail|p1a: Ephialtes Keeper\n|-resisted|p1a: Ephialtes Keeper\n|-damage|p1a: Ephialtes Keeper|32\/100\n|-damage|p2a: Druddigon|84\/100|[from] item: Rocky Helmet|[of] p1a: Ephialtes Keeper\n|drag|p1a: Agony Steelheart|Dragalge, F, shiny|26\/100\n|\n|-heal|p1a: Agony Steelheart|85\/100|[from] move: Wish|[wisher] Nika Reanukko\n|upkeep\n|turn|40\n|\n|t:|1700193415\n|move|p2a: Druddigon|Glare|p1a: Agony Steelheart\n|-status|p1a: Agony Steelheart|par\n|move|p1a: Agony Steelheart|Dragon Pulse|p2a: Druddigon\n|-supereffective|p2a: Druddigon\n|-damage|p2a: Druddigon|11\/100\n|\n|upkeep\n|turn|41\n|\n|t:|1700193421\n|switch|p1a: Ephialtes Keeper|Corviknight, F, shiny|32\/100\n|-ability|p1a: Ephialtes Keeper|Pressure\n|move|p2a: Druddigon|Stealth Rock|p1a: Ephialtes Keeper\n|-sidestart|p1: RandoTestAccount|move: Stealth Rock\n|\n|upkeep\n|turn|42\n|\n|t:|1700193426\n|move|p1a: Ephialtes Keeper|Roost|p1a: Ephialtes Keeper\n|-heal|p1a: Ephialtes Keeper|82\/100\n|-singleturn|p1a: Ephialtes Keeper|move: Roost\n|move|p2a: Druddigon|Dragon Tail|p1a: Ephialtes Keeper\n|-resisted|p1a: Ephialtes Keeper\n|-damage|p1a: Ephialtes Keeper|73\/100\n|-damage|p2a: Druddigon|0 fnt|[from] item: Rocky Helmet|[of] p1a: Ephialtes Keeper\n|faint|p2a: Druddigon\n|drag|p1a: The Lonesome One|Excadrill, F, shiny|100\/100\n|-damage|p1a: The Lonesome One|98\/100|[from] Stealth Rock\n|-ability|p1a: The Lonesome One|Mold Breaker\n|\n|-heal|p1a: The Lonesome One|100\/100|[from] item: Leftovers\n|upkeep\n|\n|t:|1700193430\n|switch|p2a: Magmar|Magmar, M|100\/100\n|turn|43\n|\n|t:|1700193432\n|move|p1a: The Lonesome One|Earthquake|p2a: Magmar\n|-supereffective|p2a: Magmar\n|-damage|p2a: Magmar|0 fnt\n|faint|p2a: Magmar\n|\n|upkeep\n|\n|t:|1700193435\n|switch|p2a: Mismagius|Mismagius, M|86\/100\n|turn|44\n|\n|t:|1700193437\n|move|p2a: Mismagius|Mystical Fire|p1a: The Lonesome One\n|-supereffective|p1a: The Lonesome One\n|-damage|p1a: The Lonesome One|37\/100\n|-unboost|p1a: The Lonesome One|spa|1\n|move|p1a: The Lonesome One|Earthquake|p2a: Mismagius\n|-damage|p2a: Mismagius|0 fnt\n|faint|p2a: Mismagius\n|\n|win|RandoTestAccount\n|raw|RandoTestAccount's rating: 1263 &rarr; <strong>1282<\/strong><br \/>(+19 for winning)\n|raw|Zecroster's rating: 1173 &rarr; <strong>1154<\/strong><br \/>(-19 for losing)\n|l|\u2606Zecroster\n","uploadtime":1700193445,"views":4,"p1id":"randotestaccount","p2id":"zecroster","formatid":"gen9nationaldex","rating":1154,"private":0,"password":""}