{"id":"gen9nationaldex-1991670949","p1":"Solaris2003","p2":"HeirEhm","format":"[Gen 9] National Dex","log":"|j|\u2606Solaris2003\n|j|\u2606HeirEhm\n|t:|1700100811\n|gametype|singles\n|player|p1|Solaris2003|169|\n|player|p2|HeirEhm|cynthia-gen7|\n|teamsize|p1|6\n|teamsize|p2|6\n|gen|9\n|tier|[Gen 9] National Dex\n|rule|HP Percentage Mod: HP is shown in percentages\n|rule|Endless Battle Clause: Forcing endless battles is banned\n|rule|OHKO Clause: OHKO moves are banned\n|rule|Evasion Clause: Evasion abilities, items, and moves are banned\n|rule|Evasion Abilities Clause: Evasion abilities are banned\n|rule|Evasion Items Clause: Evasion items are banned\n|rule|Evasion Moves Clause: Evasion moves are banned\n|rule|Species Clause: Limit one of each Pok\u00e9mon\n|rule|Sleep Clause Mod: Limit one foe put to sleep\n|clearpoke\n|poke|p1|Cinderace, M|\n|poke|p1|Lycanroc-Dusk, M|\n|poke|p1|Noivern, M|\n|poke|p1|Copperajah, M|\n|poke|p1|Leafeon, F|\n|poke|p1|Flaaffy, M|\n|poke|p2|Garganacl, F|\n|poke|p2|Ceruledge, M|\n|poke|p2|Klefki, M|\n|poke|p2|Electrode-Hisui|\n|poke|p2|Chansey, F|\n|poke|p2|Murkrow, M|\n|teampreview\n|\n|t:|1700100824\n|start\n|switch|p1a: Copperajah|Copperajah, M|100\/100\n|switch|p2a: Wambulance|Chansey, F|100\/100\n|turn|1\n|\n|t:|1700100835\n|move|p2a: Wambulance|Tri Attack|p1a: Copperajah\n|-resisted|p1a: Copperajah\n|-damage|p1a: Copperajah|91\/100\n|-status|p1a: Copperajah|brn\n|move|p1a: Copperajah|Stealth Rock|p2a: Wambulance\n|-sidestart|p2: HeirEhm|move: Stealth Rock\n|\n|-heal|p1a: Copperajah|97\/100 brn|[from] item: Leftovers\n|-damage|p1a: Copperajah|91\/100 brn|[from] brn\n|upkeep\n|turn|2\n|\n|t:|1700100846\n|move|p2a: Wambulance|Water Pulse|p1a: Copperajah\n|-damage|p1a: Copperajah|81\/100 brn\n|move|p1a: Copperajah|Heavy Slam|p2a: Wambulance\n|-damage|p2a: Wambulance|63\/100\n|\n|-heal|p1a: Copperajah|87\/100 brn|[from] item: Leftovers\n|-damage|p1a: Copperajah|81\/100 brn|[from] brn\n|upkeep\n|turn|3\n|j| Jam20Jam\n|\n|t:|1700100856\n|move|p2a: Wambulance|Water Pulse|p1a: Copperajah\n|-crit|p1a: Copperajah\n|-damage|p1a: Copperajah|65\/100 brn\n|move|p1a: Copperajah|Stone Edge|p2a: Wambulance\n|-damage|p2a: Wambulance|41\/100\n|\n|-heal|p1a: Copperajah|71\/100 brn|[from] item: Leftovers\n|-damage|p1a: Copperajah|65\/100 brn|[from] brn\n|upkeep\n|turn|4\n|\n|t:|1700100866\n|move|p2a: Wambulance|Water Pulse|p1a: Copperajah\n|-damage|p1a: Copperajah|55\/100 brn\n|move|p1a: Copperajah|Heat Crash|p2a: Wambulance\n|-damage|p2a: Wambulance|18\/100\n|\n|-heal|p1a: Copperajah|62\/100 brn|[from] item: Leftovers\n|-damage|p1a: Copperajah|55\/100 brn|[from] brn\n|upkeep\n|turn|5\n|\n|t:|1700100875\n|move|p2a: Wambulance|Soft-Boiled|p2a: Wambulance\n|-heal|p2a: Wambulance|68\/100\n|move|p1a: Copperajah|Heat Crash|p2a: Wambulance\n|-damage|p2a: Wambulance|43\/100\n|\n|-heal|p1a: Copperajah|62\/100 brn|[from] item: Leftovers\n|-damage|p1a: Copperajah|55\/100 brn|[from] brn\n|upkeep\n|turn|6\n|\n|t:|1700100884\n|move|p2a: Wambulance|Soft-Boiled|p2a: Wambulance\n|-heal|p2a: Wambulance|93\/100\n|move|p1a: Copperajah|Stone Edge|p2a: Wambulance\n|-damage|p2a: Wambulance|72\/100\n|\n|-heal|p1a: Copperajah|62\/100 brn|[from] item: Leftovers\n|-damage|p1a: Copperajah|55\/100 brn|[from] brn\n|upkeep\n|turn|7\n|\n|t:|1700100892\n|move|p2a: Wambulance|Water Pulse|p1a: Copperajah\n|-damage|p1a: Copperajah|44\/100 brn\n|move|p1a: Copperajah|Heavy Slam|p2a: Wambulance\n|-damage|p2a: Wambulance|38\/100\n|\n|-heal|p1a: Copperajah|51\/100 brn|[from] item: Leftovers\n|-damage|p1a: Copperajah|44\/100 brn|[from] brn\n|upkeep\n|turn|8\n|\n|t:|1700100915\n|switch|p1a: Lycanroc|Lycanroc-Dusk, M|100\/100\n|move|p2a: Wambulance|Water Pulse|p1a: Lycanroc\n|-supereffective|p1a: Lycanroc\n|-damage|p1a: Lycanroc|68\/100\n|\n|upkeep\n|turn|9\n|\n|t:|1700100928\n|move|p1a: Lycanroc|Close Combat|p2a: Wambulance\n|-supereffective|p2a: Wambulance\n|-damage|p2a: Wambulance|0 fnt\n|-unboost|p1a: Lycanroc|def|1\n|-unboost|p1a: Lycanroc|spd|1\n|faint|p2a: Wambulance\n|\n|upkeep\n|\n|t:|1700100948\n|switch|p2a: RegiSalt|Garganacl, F, shiny|100\/100\n|-damage|p2a: RegiSalt|88\/100|[from] Stealth Rock\n|turn|10\n|\n|t:|1700100962\n|move|p1a: Lycanroc|Close Combat|p2a: RegiSalt\n|-supereffective|p2a: RegiSalt\n|-damage|p2a: RegiSalt|0 fnt\n|-unboost|p1a: Lycanroc|def|1\n|-unboost|p1a: Lycanroc|spd|1\n|faint|p2a: RegiSalt\n|\n|upkeep\n|\n|t:|1700100968\n|switch|p2a: Beyblade beyblade|Electrode-Hisui|100\/100\n|-damage|p2a: Beyblade beyblade|88\/100|[from] Stealth Rock\n|turn|11\n|\n|t:|1700100985\n|switch|p1a: Noivern|Noivern, M|100\/100\n|move|p2a: Beyblade beyblade|Energy Ball|p1a: Noivern\n|-resisted|p1a: Noivern\n|-damage|p1a: Noivern|85\/100\n|\n|upkeep\n|turn|12\n|\n|t:|1700100995\n|switch|p2a: Jingle Jingle|Klefki, M|100\/100\n|-damage|p2a: Jingle Jingle|95\/100|[from] Stealth Rock\n|move|p1a: Noivern|Sunny Day|p1a: Noivern\n|-weather|SunnyDay\n|\n|-weather|SunnyDay|[upkeep]\n|upkeep\n|turn|13\n|\n|t:|1700101024\n|-terastallize|p1a: Noivern|Steel\n|move|p2a: Jingle Jingle|Switcheroo|p1a: Noivern\n|-activate|p2a: Jingle Jingle|move: Trick|[of] p1a: Noivern\n|-item|p1a: Noivern|Toxic Orb|[from] move: Switcheroo\n|-item|p2a: Jingle Jingle|Expert Belt|[from] move: Switcheroo\n|move|p1a: Noivern|Flamethrower|p2a: Jingle Jingle\n|-supereffective|p2a: Jingle Jingle\n|-damage|p2a: Jingle Jingle|0 fnt\n|faint|p2a: Jingle Jingle\n|\n|-weather|SunnyDay|[upkeep]\n|upkeep\n|\n|t:|1700101032\n|switch|p2a: SWORDSFORHANDS|Ceruledge, M|100\/100\n|turn|14\n|\n|t:|1700101035\n|move|p1a: Noivern|Air Slash|p2a: SWORDSFORHANDS\n|-damage|p2a: SWORDSFORHANDS|63\/100\n|cant|p2a: SWORDSFORHANDS|flinch\n|\n|-weather|SunnyDay|[upkeep]\n|upkeep\n|turn|15\n|\n|t:|1700101042\n|move|p1a: Noivern|Draco Meteor|p2a: SWORDSFORHANDS\n|-damage|p2a: SWORDSFORHANDS|0 fnt\n|-unboost|p1a: Noivern|spa|2\n|faint|p2a: SWORDSFORHANDS\n|\n|-weather|SunnyDay|[upkeep]\n|upkeep\n|\n|t:|1700101054\n|switch|p2a: Rowkrum|Murkrow, M|100\/100\n|-damage|p2a: Rowkrum|76\/100|[from] Stealth Rock\n|turn|16\n|\n|t:|1700101064\n|move|p1a: Noivern|Air Slash|p2a: Rowkrum\n|-damage|p2a: Rowkrum|59\/100\n|cant|p2a: Rowkrum|flinch\n|\n|-weather|none\n|upkeep\n|turn|17\n|\n|t:|1700101080\n|switch|p1a: Cinderace|Cinderace, M|100\/100\n|move|p2a: Rowkrum|Dark Pulse|p1a: Cinderace\n|-damage|p1a: Cinderace|50\/100\n|\n|upkeep\n|turn|18\n|\n|t:|1700101088\n|move|p1a: Cinderace|Sucker Punch|p2a: Rowkrum\n|-start|p1a: Cinderace|typechange|Dark|[from] ability: Libero\n|-resisted|p2a: Rowkrum\n|-damage|p2a: Rowkrum|30\/100\n|move|p2a: Rowkrum|Dark Pulse|p1a: Cinderace\n|-resisted|p1a: Cinderace\n|-damage|p1a: Cinderace|27\/100\n|\n|upkeep\n|turn|19\n|\n|t:|1700101104\n|move|p1a: Cinderace|Pyro Ball|p2a: Rowkrum\n|-damage|p2a: Rowkrum|0 fnt\n|faint|p2a: Rowkrum\n|\n|upkeep\n|\n|t:|1700101106\n|switch|p2a: Beyblade beyblade|Electrode-Hisui|88\/100\n|-damage|p2a: Beyblade beyblade|76\/100|[from] Stealth Rock\n|turn|20\n|\n|t:|1700101118\n|move|p2a: Beyblade beyblade|Thunderbolt|p1a: Cinderace\n|-damage|p1a: Cinderace|0 fnt\n|faint|p1a: Cinderace\n|\n|upkeep\n|\n|t:|1700101125\n|switch|p1a: Noivern|Noivern, M, tera:Steel|85\/100\n|turn|21\n|\n|t:|1700101128\n|move|p2a: Beyblade beyblade|Thunderbolt|p1a: Noivern\n|-damage|p1a: Noivern|14\/100\n|move|p1a: Noivern|Flamethrower|p2a: Beyblade beyblade\n|-supereffective|p2a: Beyblade beyblade\n|-damage|p2a: Beyblade beyblade|2\/100\n|\n|upkeep\n|turn|22\n|\n|t:|1700101137\n|move|p2a: Beyblade beyblade|Thunderbolt|p1a: Noivern\n|-damage|p1a: Noivern|0 fnt\n|faint|p1a: Noivern\n|\n|upkeep\n|\n|t:|1700101141\n|switch|p1a: Lycanroc|Lycanroc-Dusk, M|68\/100\n|turn|23\n|\n|t:|1700101143\n|move|p1a: Lycanroc|Accelerock|p2a: Beyblade beyblade\n|-damage|p2a: Beyblade beyblade|0 fnt\n|-status|p1a: Lycanroc|par|[from] ability: Static|[of] p2a: Beyblade beyblade\n|faint|p2a: Beyblade beyblade\n|\n|win|Solaris2003\n|l|\u2606HeirEhm\n|l| Jam20Jam\n|j| Jam20Jam\n|l| Jam20Jam\n","uploadtime":1700101263,"views":4,"p1id":"solaris2003","p2id":"heirehm","formatid":"gen9nationaldex","rating":0,"private":0,"password":""}