{"id":"gen9nationaldex-1992838550","p1":"Trainer-Yanwu","p2":"AngryBear22","format":"[Gen 9] National Dex","log":"|j|\u2606Trainer-Yanwu\n|j|\u2606AngryBear22\n|t:|1700239828\n|gametype|singles\n|player|p1|Trainer-Yanwu|fisherman|1303\n|player|p2|AngryBear22|lucas-gen4pt|1240\n|teamsize|p1|6\n|teamsize|p2|6\n|gen|9\n|tier|[Gen 9] National Dex\n|rated|\n|rule|HP Percentage Mod: HP is shown in percentages\n|rule|Endless Battle Clause: Forcing endless battles is banned\n|rule|OHKO Clause: OHKO moves are banned\n|rule|Evasion Clause: Evasion abilities, items, and moves are banned\n|rule|Evasion Abilities Clause: Evasion abilities are banned\n|rule|Evasion Items Clause: Evasion items are banned\n|rule|Evasion Moves Clause: Evasion moves are banned\n|rule|Species Clause: Limit one of each Pok\u00e9mon\n|rule|Sleep Clause Mod: Limit one foe put to sleep\n|clearpoke\n|poke|p1|Tyranitar, M|\n|poke|p1|Excadrill, M|\n|poke|p1|Landorus-Therian, M|\n|poke|p1|Houndstone, M|\n|poke|p1|Celesteela|\n|poke|p1|Garganacl, M|\n|poke|p2|Conkeldurr, M|\n|poke|p2|Lopunny, F|\n|poke|p2|Pangoro, M|\n|poke|p2|Emboar, M|\n|poke|p2|Sneasler, F|\n|poke|p2|Poliwrath, M|\n|teampreview\n|j| Xolber\n|\n|t:|1700239847\n|start\n|switch|p1a: Tyranitar|Tyranitar, M|100\/100\n|switch|p2a: PouDark|Pangoro, M|100\/100\n|-weather|Sandstorm|[from] ability: Sand Stream|[of] p1a: Tyranitar\n|turn|1\n|\n|t:|1700239863\n|switch|p1a: Celesteela|Celesteela|100\/100\n|move|p2a: PouDark|Close Combat|p1a: Celesteela\n|-damage|p1a: Celesteela|0 fnt\n|-unboost|p2a: PouDark|def|1\n|-unboost|p2a: PouDark|spd|1\n|faint|p1a: Celesteela\n|\n|-weather|Sandstorm|[upkeep]\n|-damage|p2a: PouDark|94\/100|[from] Sandstorm\n|upkeep\n|\n|t:|1700239870\n|switch|p1a: Houndstone|Houndstone, M|100\/100\n|turn|2\n|\n|t:|1700239880\n|move|p1a: Houndstone|Poltergeist|p2a: PouDark\n|-activate|p2a: PouDark|move: Poltergeist|Choice Band\n|-resisted|p2a: PouDark\n|-damage|p2a: PouDark|32\/100\n|-damage|p1a: Houndstone|91\/100|[from] item: Life Orb\n|move|p2a: PouDark|Close Combat|p1a: Houndstone\n|-damage|p1a: Houndstone|0 fnt\n|-unboost|p2a: PouDark|def|1\n|-unboost|p2a: PouDark|spd|1\n|faint|p1a: Houndstone\n|\n|-weather|Sandstorm|[upkeep]\n|-damage|p2a: PouDark|26\/100|[from] Sandstorm\n|upkeep\n|\n|t:|1700239897\n|switch|p1a: Excadrill|Excadrill, M|100\/100\n|turn|3\n|\n|t:|1700239900\n|switch|p2a: Poliwrath|Poliwrath, M|100\/100\n|move|p1a: Excadrill|Iron Head|p2a: Poliwrath\n|-resisted|p2a: Poliwrath\n|-damage|p2a: Poliwrath|82\/100\n|\n|-weather|Sandstorm|[upkeep]\n|-damage|p2a: Poliwrath|76\/100|[from] Sandstorm\n|-heal|p2a: Poliwrath|82\/100|[from] item: Leftovers\n|upkeep\n|turn|4\n|\n|t:|1700239911\n|switch|p1a: Garganacl|Garganacl, M|100\/100\n|move|p2a: Poliwrath|Drain Punch|p1a: Garganacl\n|-supereffective|p1a: Garganacl\n|-damage|p1a: Garganacl|54\/100\n|-heal|p2a: Poliwrath|100\/100|[from] drain|[of] p1a: Garganacl\n|\n|-weather|Sandstorm|[upkeep]\n|-damage|p2a: Poliwrath|94\/100|[from] Sandstorm\n|-heal|p2a: Poliwrath|100\/100|[from] item: Leftovers\n|-heal|p1a: Garganacl|60\/100|[from] item: Leftovers\n|upkeep\n|turn|5\n|\n|t:|1700239925\n|move|p2a: Poliwrath|Drain Punch|p1a: Garganacl\n|-supereffective|p1a: Garganacl\n|-damage|p1a: Garganacl|14\/100\n|move|p1a: Garganacl|Recover|p1a: Garganacl\n|-heal|p1a: Garganacl|64\/100\n|\n|-weather|Sandstorm|[upkeep]\n|-damage|p2a: Poliwrath|94\/100|[from] Sandstorm\n|-heal|p2a: Poliwrath|100\/100|[from] item: Leftovers\n|-heal|p1a: Garganacl|70\/100|[from] item: Leftovers\n|upkeep\n|turn|6\n|\n|t:|1700239937\n|move|p2a: Poliwrath|Bulk Up|p2a: Poliwrath\n|-boost|p2a: Poliwrath|atk|1\n|-boost|p2a: Poliwrath|def|1\n|move|p1a: Garganacl|Salt Cure|p2a: Poliwrath\n|-resisted|p2a: Poliwrath\n|-damage|p2a: Poliwrath|96\/100\n|-start|p2a: Poliwrath|Salt Cure\n|\n|-weather|Sandstorm|[upkeep]\n|-damage|p2a: Poliwrath|90\/100|[from] Sandstorm\n|-heal|p2a: Poliwrath|96\/100|[from] item: Leftovers\n|-heal|p1a: Garganacl|76\/100|[from] item: Leftovers\n|-damage|p2a: Poliwrath|71\/100|[from] Salt Cure\n|upkeep\n|turn|7\n|l| Xolber\n|\n|t:|1700239950\n|move|p2a: Poliwrath|Drain Punch|p1a: Garganacl\n|-supereffective|p1a: Garganacl\n|-damage|p1a: Garganacl|2\/100\n|-heal|p2a: Poliwrath|100\/100|[from] drain|[of] p1a: Garganacl\n|move|p1a: Garganacl|Salt Cure|p2a: Poliwrath\n|-resisted|p2a: Poliwrath\n|-damage|p2a: Poliwrath|96\/100\n|\n|-weather|Sandstorm|[upkeep]\n|-damage|p2a: Poliwrath|90\/100|[from] Sandstorm\n|-heal|p2a: Poliwrath|96\/100|[from] item: Leftovers\n|-heal|p1a: Garganacl|8\/100|[from] item: Leftovers\n|-damage|p2a: Poliwrath|71\/100|[from] Salt Cure\n|upkeep\n|turn|8\n|\n|t:|1700239967\n|switch|p1a: Landorus|Landorus-Therian, M|100\/100\n|-ability|p1a: Landorus|Intimidate|boost\n|-unboost|p2a: Poliwrath|atk|1\n|move|p2a: Poliwrath|Drain Punch|p1a: Landorus\n|-resisted|p1a: Landorus\n|-damage|p1a: Landorus|81\/100\n|-heal|p2a: Poliwrath|79\/100|[from] drain|[of] p1a: Landorus\n|\n|-weather|none\n|-heal|p2a: Poliwrath|85\/100|[from] item: Leftovers\n|-damage|p2a: Poliwrath|60\/100|[from] Salt Cure\n|upkeep\n|turn|9\n|\n|t:|1700239990\n|switch|p2a: PouDark|Pangoro, M|26\/100\n|move|p1a: Landorus|Knock Off|p2a: PouDark\n|-resisted|p2a: PouDark\n|-damage|p2a: PouDark|14\/100\n|-enditem|p2a: PouDark|Choice Band|[from] move: Knock Off|[of] p1a: Landorus\n|\n|upkeep\n|turn|10\n|\n|t:|1700240002\n|move|p1a: Landorus|Earthquake|p2a: PouDark\n|-damage|p2a: PouDark|0 fnt\n|faint|p2a: PouDark\n|\n|upkeep\n|\n|t:|1700240007\n|switch|p2a: Kiki|Lopunny, F|100\/100\n|turn|11\n|\n|t:|1700240016\n|switch|p1a: Tyranitar|Tyranitar, M|100\/100\n|-weather|Sandstorm|[from] ability: Sand Stream|[of] p1a: Tyranitar\n|detailschange|p2a: Kiki|Lopunny-Mega, F\n|-mega|p2a: Kiki|Lopunny|Lopunnite\n|move|p2a: Kiki|Fake Out|p1a: Tyranitar\n|-resisted|p1a: Tyranitar\n|-damage|p1a: Tyranitar|90\/100\n|\n|-weather|Sandstorm|[upkeep]\n|-damage|p2a: Kiki|95\/100|[from] Sandstorm\n|upkeep\n|turn|12\n|\n|t:|1700240028\n|switch|p1a: Landorus|Landorus-Therian, M|81\/100\n|-ability|p1a: Landorus|Intimidate|boost\n|-fail|p2a: Kiki|unboost|Attack|[from] ability: Scrappy|[of] p2a: Kiki\n|move|p2a: Kiki|Close Combat|p1a: Landorus\n|-resisted|p1a: Landorus\n|-damage|p1a: Landorus|44\/100\n|-unboost|p2a: Kiki|def|1\n|-unboost|p2a: Kiki|spd|1\n|\n|-weather|Sandstorm|[upkeep]\n|-damage|p2a: Kiki|89\/100|[from] Sandstorm\n|upkeep\n|turn|13\n|\n|t:|1700240040\n|move|p2a: Kiki|Ice Punch|p1a: Landorus\n|-supereffective|p1a: Landorus\n|-damage|p1a: Landorus|0 fnt\n|faint|p1a: Landorus\n|\n|-weather|Sandstorm|[upkeep]\n|-damage|p2a: Kiki|83\/100|[from] Sandstorm\n|upkeep\n|\n|t:|1700240046\n|switch|p1a: Excadrill|Excadrill, M|100\/100\n|turn|14\n|\n|t:|1700240050\n|switch|p2a: Poliwrath|Poliwrath, M|60\/100\n|move|p1a: Excadrill|Brick Break|p2a: Poliwrath\n|-damage|p2a: Poliwrath|37\/100\n|\n|-weather|Sandstorm|[upkeep]\n|-damage|p2a: Poliwrath|31\/100|[from] Sandstorm\n|-heal|p2a: Poliwrath|37\/100|[from] item: Leftovers\n|upkeep\n|turn|15\n|\n|t:|1700240060\n|move|p1a: Excadrill|Iron Head|p2a: Poliwrath\n|-resisted|p2a: Poliwrath\n|-damage|p2a: Poliwrath|18\/100\n|cant|p2a: Poliwrath|flinch\n|\n|-weather|Sandstorm|[upkeep]\n|-damage|p2a: Poliwrath|12\/100|[from] Sandstorm\n|-heal|p2a: Poliwrath|18\/100|[from] item: Leftovers\n|upkeep\n|turn|16\n|\n|t:|1700240069\n|move|p1a: Excadrill|Earthquake|p2a: Poliwrath\n|-damage|p2a: Poliwrath|0 fnt\n|faint|p2a: Poliwrath\n|\n|-weather|Sandstorm|[upkeep]\n|upkeep\n|\n|t:|1700240075\n|switch|p2a: Dudu|Conkeldurr, M|100\/100\n|turn|17\n|\n|t:|1700240084\n|-terastallize|p1a: Excadrill|Ghost\n|move|p1a: Excadrill|Earthquake|p2a: Dudu\n|-crit|p2a: Dudu\n|-damage|p2a: Dudu|29\/100\n|move|p2a: Dudu|Drain Punch|p1a: Excadrill\n|-immune|p1a: Excadrill\n|\n|-weather|Sandstorm|[upkeep]\n|-damage|p2a: Dudu|23\/100|[from] Sandstorm\n|-status|p2a: Dudu|brn|[from] item: Flame Orb\n|upkeep\n|turn|18\n|\n|t:|1700240096\n|move|p1a: Excadrill|Earthquake|p2a: Dudu\n|-damage|p2a: Dudu|0 fnt\n|faint|p2a: Dudu\n|\n|-weather|none\n|upkeep\n|\n|t:|1700240102\n|switch|p2a: Kiki|Lopunny-Mega, F|83\/100\n|turn|19\n|\n|t:|1700240107\n|switch|p1a: Tyranitar|Tyranitar, M|90\/100\n|-weather|Sandstorm|[from] ability: Sand Stream|[of] p1a: Tyranitar\n|move|p2a: Kiki|Return|p1a: Tyranitar\n|-resisted|p1a: Tyranitar\n|-damage|p1a: Tyranitar|65\/100\n|\n|-weather|Sandstorm|[upkeep]\n|-damage|p2a: Kiki|77\/100|[from] Sandstorm\n|upkeep\n|turn|20\n|\n|t:|1700240125\n|switch|p1a: Excadrill|Excadrill, M, tera:Ghost|100\/100\n|move|p2a: Kiki|Close Combat|p1a: Excadrill\n|-damage|p1a: Excadrill|14\/100\n|-unboost|p2a: Kiki|def|1\n|-unboost|p2a: Kiki|spd|1\n|-enditem|p1a: Excadrill|Aguav Berry|[eat]\n|-heal|p1a: Excadrill|47\/100|[from] item: Aguav Berry\n|\n|-weather|Sandstorm|[upkeep]\n|-damage|p2a: Kiki|71\/100|[from] Sandstorm\n|upkeep\n|turn|21\n|\n|t:|1700240137\n|move|p1a: Excadrill|Brick Break|p2a: Kiki\n|-supereffective|p2a: Kiki\n|-damage|p2a: Kiki|0 fnt\n|faint|p2a: Kiki\n|\n|-weather|Sandstorm|[upkeep]\n|upkeep\n|\n|t:|1700240143\n|switch|p2a: Sneasler|Sneasler, F|100\/100\n|turn|22\n|\n|t:|1700240150\n|move|p1a: Excadrill|Earthquake|p2a: Sneasler\n|-supereffective|p2a: Sneasler\n|-enditem|p2a: Sneasler|Focus Sash\n|-damage|p2a: Sneasler|1\/100\n|move|p2a: Sneasler|Dire Claw|p1a: Excadrill\n|-resisted|p1a: Excadrill\n|-damage|p1a: Excadrill|15\/100\n|-status|p1a: Excadrill|psn\n|\n|-weather|Sandstorm|[upkeep]\n|-damage|p2a: Sneasler|0 fnt|[from] Sandstorm\n|faint|p2a: Sneasler\n|-damage|p1a: Excadrill|3\/100 psn|[from] psn\n|upkeep\n|\n|t:|1700240165\n|switch|p2a: Emboar|Emboar, M|100\/100\n|turn|23\n|\n|t:|1700240170\n|move|p1a: Excadrill|Earthquake|p2a: Emboar\n|-supereffective|p2a: Emboar\n|-damage|p2a: Emboar|0 fnt\n|faint|p2a: Emboar\n|\n|win|Trainer-Yanwu\n|raw|Trainer-Yanwu's rating: 1303 &rarr; <strong>1319<\/strong><br \/>(+16 for winning)\n|raw|AngryBear22's rating: 1240 &rarr; <strong>1219<\/strong><br \/>(-21 for losing)\n|l|\u2606AngryBear22\n","uploadtime":1700240246,"views":9,"p1id":"traineryanwu","p2id":"angrybear22","formatid":"gen9nationaldex","rating":1219,"private":0,"password":""}