{"id":"gen9nationaldex-1987362272","p1":"ashergr","p2":"RandoTestAccount","format":"[Gen 9] National Dex","log":"|j|\u2606ashergr\n|j|\u2606RandoTestAccount\n|t:|1699581896\n|gametype|singles\n|player|p1|ashergr|red|1267\n|player|p2|RandoTestAccount|pokemonrangerf|1306\n|teamsize|p1|6\n|teamsize|p2|6\n|gen|9\n|tier|[Gen 9] National Dex\n|rated|\n|rule|HP Percentage Mod: HP is shown in percentages\n|rule|Endless Battle Clause: Forcing endless battles is banned\n|rule|OHKO Clause: OHKO moves are banned\n|rule|Evasion Clause: Evasion abilities, items, and moves are banned\n|rule|Evasion Abilities Clause: Evasion abilities are banned\n|rule|Evasion Items Clause: Evasion items are banned\n|rule|Evasion Moves Clause: Evasion moves are banned\n|rule|Species Clause: Limit one of each Pok\u00e9mon\n|rule|Sleep Clause Mod: Limit one foe put to sleep\n|clearpoke\n|poke|p1|Hoopa-Unbound|\n|poke|p1|Heatran, F|\n|poke|p1|Mamoswine, F|\n|poke|p1|Mandibuzz, F|\n|poke|p1|Mawile, F|\n|poke|p1|Greninja-*, M|\n|poke|p2|Umbreon, F|\n|poke|p2|Excadrill, F|\n|poke|p2|Corviknight, F|\n|poke|p2|Tapu Fini|\n|poke|p2|Sableye, F|\n|poke|p2|Dragalge, F|\n|teampreview\n|inactive|Battle timer is ON: inactive players will automatically lose when time's up. (requested by RandoTestAccount)\n|\n|t:|1699581928\n|start\n|switch|p1a: Mawile|Mawile, F|100\/100\n|switch|p2a: Spectre of Emerald|Sableye, F, shiny|100\/100\n|-ability|p1a: Mawile|Intimidate|boost\n|-unboost|p2a: Spectre of Emerald|atk|1\n|turn|1\n|\n|t:|1699581934\n|switch|p1a: Heatran|Heatran, F|100\/100\n|-item|p1a: Heatran|Air Balloon\n|move|p2a: Spectre of Emerald|Will-O-Wisp|p1a: Heatran\n|-start|p1a: Heatran|ability: Flash Fire\n|\n|upkeep\n|turn|2\n|\n|t:|1699581945\n|switch|p2a: The Droplet Tear|Tapu Fini, shiny|100\/100\n|-fieldstart|move: Misty Terrain|[from] ability: Misty Surge|[of] p2a: The Droplet Tear\n|move|p1a: Heatran|Flamethrower|p2a: The Droplet Tear\n|-resisted|p2a: The Droplet Tear\n|-damage|p2a: The Droplet Tear|77\/100\n|\n|-heal|p2a: The Droplet Tear|83\/100|[from] item: Leftovers\n|upkeep\n|turn|3\n|inactive|ashergr has 120 seconds left.\n|\n|t:|1699581993\n|-end|p1a: Heatran|ability: Flash Fire|[silent]\n|switch|p1a: Mawile|Mawile, F|100\/100\n|-ability|p1a: Mawile|Intimidate|boost\n|-unboost|p2a: The Droplet Tear|atk|1\n|move|p2a: The Droplet Tear|Substitute|p2a: The Droplet Tear\n|-start|p2a: The Droplet Tear|Substitute\n|-damage|p2a: The Droplet Tear|58\/100\n|\n|-heal|p2a: The Droplet Tear|64\/100|[from] item: Leftovers\n|upkeep\n|turn|4\n|\n|t:|1699582007\n|detailschange|p1a: Mawile|Mawile-Mega, F\n|-mega|p1a: Mawile|Mawile|Mawilite\n|move|p2a: The Droplet Tear|Scald|p1a: Mawile\n|-damage|p1a: Mawile|69\/100\n|move|p1a: Mawile|Swords Dance|p1a: Mawile\n|-boost|p1a: Mawile|atk|2\n|\n|-heal|p2a: The Droplet Tear|70\/100|[from] item: Leftovers\n|upkeep\n|turn|5\n|\n|t:|1699582015\n|move|p2a: The Droplet Tear|Scald|p1a: Mawile\n|-damage|p1a: Mawile|38\/100\n|move|p1a: Mawile|Iron Head|p2a: The Droplet Tear\n|-end|p2a: The Droplet Tear|Substitute\n|\n|-heal|p2a: The Droplet Tear|76\/100|[from] item: Leftovers\n|upkeep\n|turn|6\n|\n|t:|1699582025\n|switch|p2a: Ephialtes Keeper|Corviknight, F, shiny|100\/100\n|-ability|p2a: Ephialtes Keeper|Pressure\n|move|p1a: Mawile|Iron Head|p2a: Ephialtes Keeper\n|-resisted|p2a: Ephialtes Keeper\n|-damage|p2a: Ephialtes Keeper|44\/100\n|-damage|p1a: Mawile|22\/100|[from] item: Rocky Helmet|[of] p2a: Ephialtes Keeper\n|\n|-fieldend|Misty Terrain\n|upkeep\n|turn|7\n|inactive|ashergr has 120 seconds left.\n|\n|t:|1699582036\n|move|p1a: Mawile|Iron Head|p2a: Ephialtes Keeper\n|-resisted|p2a: Ephialtes Keeper\n|-crit|p2a: Ephialtes Keeper\n|-damage|p2a: Ephialtes Keeper|0 fnt\n|-damage|p1a: Mawile|5\/100|[from] item: Rocky Helmet|[of] p2a: Ephialtes Keeper\n|faint|p2a: Ephialtes Keeper\n|\n|upkeep\n|\n|t:|1699582050\n|switch|p2a: The Droplet Tear|Tapu Fini, shiny|76\/100\n|-fieldstart|move: Misty Terrain|[from] ability: Misty Surge|[of] p2a: The Droplet Tear\n|turn|8\n|\n|t:|1699582055\n|move|p1a: Mawile|Sucker Punch||[still]\n|-fail|p1a: Mawile\n|move|p2a: The Droplet Tear|Substitute|p2a: The Droplet Tear\n|-start|p2a: The Droplet Tear|Substitute\n|-damage|p2a: The Droplet Tear|51\/100\n|\n|-heal|p2a: The Droplet Tear|57\/100|[from] item: Leftovers\n|upkeep\n|turn|9\n|\n|t:|1699582069\n|switch|p1a: Hoopa|Hoopa-Unbound|100\/100\n|move|p2a: The Droplet Tear|Scald|p1a: Hoopa\n|-damage|p1a: Hoopa|78\/100\n|\n|-heal|p2a: The Droplet Tear|63\/100|[from] item: Leftovers\n|upkeep\n|turn|10\n|\n|t:|1699582077\n|move|p1a: Hoopa|Thunder Punch|p2a: The Droplet Tear\n|-supereffective|p2a: The Droplet Tear\n|-end|p2a: The Droplet Tear|Substitute\n|move|p2a: The Droplet Tear|Moonblast|p1a: Hoopa\n|-supereffective|p1a: Hoopa\n|-damage|p1a: Hoopa|25\/100\n|\n|-heal|p2a: The Droplet Tear|70\/100|[from] item: Leftovers\n|upkeep\n|turn|11\n|\n|t:|1699582084\n|switch|p2a: Agony Steelheart|Dragalge, F, shiny|100\/100\n|move|p1a: Hoopa|Thunder Punch|p2a: Agony Steelheart\n|-resisted|p2a: Agony Steelheart\n|-damage|p2a: Agony Steelheart|83\/100\n|\n|-heal|p2a: Agony Steelheart|89\/100|[from] item: Black Sludge\n|upkeep\n|turn|12\n|\n|t:|1699582098\n|switch|p1a: Heatran|Heatran, F|100\/100\n|-item|p1a: Heatran|Air Balloon\n|switch|p2a: Spectre of Emerald|Sableye, F, shiny|100\/100\n|\n|-fieldend|Misty Terrain\n|upkeep\n|turn|13\n|\n|t:|1699582108\n|switch|p2a: The Droplet Tear|Tapu Fini, shiny|70\/100\n|-fieldstart|move: Misty Terrain|[from] ability: Misty Surge|[of] p2a: The Droplet Tear\n|move|p1a: Heatran|Flamethrower|p2a: The Droplet Tear\n|-resisted|p2a: The Droplet Tear\n|-damage|p2a: The Droplet Tear|54\/100\n|\n|-heal|p2a: The Droplet Tear|60\/100|[from] item: Leftovers\n|upkeep\n|turn|14\n|inactive|ashergr has 120 seconds left.\n|\n|t:|1699582146\n|move|p2a: The Droplet Tear|Scald|p1a: Heatran\n|-supereffective|p1a: Heatran\n|-damage|p1a: Heatran|70\/100\n|-enditem|p1a: Heatran|Air Balloon\n|move|p1a: Heatran|Earth Power|p2a: The Droplet Tear\n|-damage|p2a: The Droplet Tear|40\/100\n|\n|-heal|p2a: The Droplet Tear|46\/100|[from] item: Leftovers\n|upkeep\n|turn|15\n|inactive|ashergr has 120 seconds left.\n|\n|t:|1699582176\n|-terastallize|p1a: Heatran|Grass\n|move|p2a: The Droplet Tear|Substitute|p2a: The Droplet Tear\n|-start|p2a: The Droplet Tear|Substitute\n|-damage|p2a: The Droplet Tear|21\/100\n|move|p1a: Heatran|Earth Power|p2a: The Droplet Tear\n|-activate|p2a: The Droplet Tear|move: Substitute|[damage]\n|\n|-heal|p2a: The Droplet Tear|27\/100|[from] item: Leftovers\n|upkeep\n|turn|16\n|inactive|RandoTestAccount has 120 seconds left.\n|\n|t:|1699582198\n|move|p2a: The Droplet Tear|Calm Mind|p2a: The Droplet Tear\n|-boost|p2a: The Droplet Tear|spa|1\n|-boost|p2a: The Droplet Tear|spd|1\n|move|p1a: Heatran|Earth Power|p2a: The Droplet Tear\n|-end|p2a: The Droplet Tear|Substitute\n|\n|-heal|p2a: The Droplet Tear|33\/100|[from] item: Leftovers\n|upkeep\n|turn|17\n|\n|t:|1699582208\n|move|p2a: The Droplet Tear|Calm Mind|p2a: The Droplet Tear\n|-boost|p2a: The Droplet Tear|spa|1\n|-boost|p2a: The Droplet Tear|spd|1\n|move|p1a: Heatran|Earth Power|p2a: The Droplet Tear\n|-damage|p2a: The Droplet Tear|23\/100\n|\n|-heal|p2a: The Droplet Tear|29\/100|[from] item: Leftovers\n|-fieldend|Misty Terrain\n|upkeep\n|turn|18\n|\n|t:|1699582236\n|switch|p1a: Hoopa|Hoopa-Unbound|25\/100\n|move|p2a: The Droplet Tear|Substitute|p2a: The Droplet Tear\n|-start|p2a: The Droplet Tear|Substitute\n|-damage|p2a: The Droplet Tear|4\/100\n|\n|-heal|p2a: The Droplet Tear|10\/100|[from] item: Leftovers\n|upkeep\n|turn|19\n|\n|t:|1699582253\n|move|p1a: Hoopa|Thunder Punch|p2a: The Droplet Tear\n|-supereffective|p2a: The Droplet Tear\n|-end|p2a: The Droplet Tear|Substitute\n|move|p2a: The Droplet Tear|Moonblast|p1a: Hoopa\n|-supereffective|p1a: Hoopa\n|-damage|p1a: Hoopa|0 fnt\n|faint|p1a: Hoopa\n|\n|-heal|p2a: The Droplet Tear|16\/100|[from] item: Leftovers\n|upkeep\n|\n|t:|1699582264\n|switch|p1a: Mawile|Mawile-Mega, F|5\/100\n|turn|20\n|inactive|RandoTestAccount has 120 seconds left.\n|\n|t:|1699582302\n|move|p2a: The Droplet Tear|Calm Mind|p2a: The Droplet Tear\n|-boost|p2a: The Droplet Tear|spa|1\n|-boost|p2a: The Droplet Tear|spd|1\n|move|p1a: Mawile|Iron Head|p2a: The Droplet Tear\n|-damage|p2a: The Droplet Tear|0 fnt\n|faint|p2a: The Droplet Tear\n|\n|upkeep\n|\n|t:|1699582307\n|switch|p2a: Spectre of Emerald|Sableye, F, shiny|100\/100\n|turn|21\n|\n|t:|1699582312\n|switch|p2a: Agony Steelheart|Dragalge, F, shiny|89\/100\n|move|p1a: Mawile|Play Rough|p2a: Agony Steelheart\n|-crit|p2a: Agony Steelheart\n|-damage|p2a: Agony Steelheart|0 fnt\n|faint|p2a: Agony Steelheart\n|\n|upkeep\n|inactive|RandoTestAccount has 120 seconds left.\n|\n|t:|1699582342\n|switch|p2a: The Lonesome One|Excadrill, F, shiny|100\/100\n|-ability|p2a: The Lonesome One|Mold Breaker\n|turn|22\n|inactive|ashergr has 120 seconds left.\n|\n|t:|1699582354\n|switch|p1a: Heatran|Heatran, F, tera:Grass|70\/100\n|move|p2a: The Lonesome One|Swords Dance|p2a: The Lonesome One\n|-boost|p2a: The Lonesome One|atk|2\n|\n|upkeep\n|turn|23\n|\n|t:|1699582361\n|move|p2a: The Lonesome One|Iron Head|p1a: Heatran\n|-damage|p1a: Heatran|0 fnt\n|faint|p1a: Heatran\n|\n|upkeep\n|\n|t:|1699582367\n|switch|p1a: Mandibuzz|Mandibuzz, F|100\/100\n|turn|24\n|inactive|RandoTestAccount has 120 seconds left.\n|inactive|RandoTestAccount has 90 seconds left.\n|\n|t:|1699582403\n|switch|p2a: Spectre of Emerald|Sableye, F, shiny|100\/100\n|move|p1a: Mandibuzz|Foul Play|p2a: Spectre of Emerald\n|-damage|p2a: Spectre of Emerald|80\/100\n|\n|upkeep\n|turn|25\n|\n|t:|1699582418\n|detailschange|p2a: Spectre of Emerald|Sableye-Mega, F, shiny\n|-mega|p2a: Spectre of Emerald|Sableye|Sablenite\n|move|p1a: Mandibuzz|Brave Bird|p2a: Spectre of Emerald\n|-damage|p2a: Spectre of Emerald|62\/100\n|-damage|p1a: Mandibuzz|96\/100|[from] Recoil\n|move|p2a: Spectre of Emerald|Will-O-Wisp|p1a: Mandibuzz\n|-status|p1a: Mandibuzz|brn\n|\n|-heal|p1a: Mandibuzz|100\/100 brn|[from] item: Leftovers\n|-damage|p1a: Mandibuzz|94\/100 brn|[from] brn\n|upkeep\n|turn|26\n|inactive|ashergr has 120 seconds left.\n|\n|t:|1699582456\n|switch|p1a: Mawile|Mawile-Mega, F|5\/100\n|move|p2a: Spectre of Emerald|Recover|p2a: Spectre of Emerald\n|-heal|p2a: Spectre of Emerald|100\/100\n|\n|upkeep\n|turn|27\n|\n|t:|1699582464\n|move|p1a: Mawile|Play Rough|p2a: Spectre of Emerald\n|-supereffective|p2a: Spectre of Emerald\n|-damage|p2a: Spectre of Emerald|0 fnt\n|faint|p2a: Spectre of Emerald\n|\n|upkeep\n|\n|t:|1699582467\n|switch|p2a: The Lonesome One|Excadrill, F, shiny|100\/100\n|-ability|p2a: The Lonesome One|Mold Breaker\n|turn|28\n|inactive|ashergr has 120 seconds left.\n|\n|t:|1699582474\n|move|p2a: The Lonesome One|Rapid Spin|p1a: Mawile\n|-resisted|p1a: Mawile\n|-damage|p1a: Mawile|0 fnt\n|-boost|p2a: The Lonesome One|spe|1\n|faint|p1a: Mawile\n|\n|upkeep\n|inactive|ashergr has 120 seconds left.\n|\n|t:|1699582482\n|switch|p1a: Mandibuzz|Mandibuzz, F|94\/100 brn\n|turn|29\n|inactive|RandoTestAccount has 120 seconds left.\n|\n|t:|1699582495\n|move|p2a: The Lonesome One|Swords Dance|p2a: The Lonesome One\n|-boost|p2a: The Lonesome One|atk|2\n|move|p1a: Mandibuzz|Foul Play|p2a: The Lonesome One\n|-damage|p2a: The Lonesome One|30\/100\n|\n|-heal|p2a: The Lonesome One|36\/100|[from] item: Leftovers\n|-heal|p1a: Mandibuzz|100\/100 brn|[from] item: Leftovers\n|-damage|p1a: Mandibuzz|94\/100 brn|[from] brn\n|upkeep\n|turn|30\n|\n|t:|1699582504\n|move|p2a: The Lonesome One|Iron Head|p1a: Mandibuzz\n|-damage|p1a: Mandibuzz|38\/100 brn\n|move|p1a: Mandibuzz|Foul Play|p2a: The Lonesome One\n|-damage|p2a: The Lonesome One|0 fnt\n|faint|p2a: The Lonesome One\n|\n|-heal|p1a: Mandibuzz|45\/100 brn|[from] item: Leftovers\n|-damage|p1a: Mandibuzz|38\/100 brn|[from] brn\n|upkeep\n|\n|t:|1699582512\n|switch|p2a: Nika Reanukko|Umbreon, F, shiny|100\/100\n|turn|31\n|\n|t:|1699582518\n|move|p1a: Mandibuzz|Brave Bird|p2a: Nika Reanukko\n|-damage|p2a: Nika Reanukko|90\/100\n|-damage|p1a: Mandibuzz|35\/100 brn|[from] Recoil\n|move|p2a: Nika Reanukko|Curse|p2a: Nika Reanukko\n|-unboost|p2a: Nika Reanukko|spe|1\n|-boost|p2a: Nika Reanukko|atk|1\n|-boost|p2a: Nika Reanukko|def|1\n|\n|-heal|p1a: Mandibuzz|41\/100 brn|[from] item: Leftovers\n|-heal|p2a: Nika Reanukko|96\/100|[from] item: Leftovers\n|-damage|p1a: Mandibuzz|35\/100 brn|[from] brn\n|upkeep\n|turn|32\n|\n|t:|1699582537\n|switch|p1a: Mamoswine|Mamoswine, F|100\/100\n|move|p2a: Nika Reanukko|Curse|p2a: Nika Reanukko\n|-unboost|p2a: Nika Reanukko|spe|1\n|-boost|p2a: Nika Reanukko|atk|1\n|-boost|p2a: Nika Reanukko|def|1\n|\n|-heal|p2a: Nika Reanukko|100\/100|[from] item: Leftovers\n|upkeep\n|turn|33\n|\n|t:|1699582547\n|move|p1a: Mamoswine|Earthquake|p2a: Nika Reanukko\n|-damage|p2a: Nika Reanukko|73\/100\n|-damage|p1a: Mamoswine|91\/100|[from] item: Life Orb\n|move|p2a: Nika Reanukko|Wish|p2a: Nika Reanukko\n|\n|-heal|p2a: Nika Reanukko|79\/100|[from] item: Leftovers\n|upkeep\n|turn|34\n|\n|t:|1699582553\n|move|p1a: Mamoswine|Earthquake|p2a: Nika Reanukko\n|-damage|p2a: Nika Reanukko|54\/100\n|-damage|p1a: Mamoswine|81\/100|[from] item: Life Orb\n|move|p2a: Nika Reanukko|Curse|p2a: Nika Reanukko\n|-unboost|p2a: Nika Reanukko|spe|1\n|-boost|p2a: Nika Reanukko|atk|1\n|-boost|p2a: Nika Reanukko|def|1\n|\n|-heal|p2a: Nika Reanukko|100\/100|[from] move: Wish|[wisher] Nika Reanukko\n|upkeep\n|turn|35\n|inactive|RandoTestAccount has 120 seconds left.\n|\n|t:|1699582586\n|move|p1a: Mamoswine|Earthquake|p2a: Nika Reanukko\n|-damage|p2a: Nika Reanukko|80\/100\n|-damage|p1a: Mamoswine|71\/100|[from] item: Life Orb\n|move|p2a: Nika Reanukko|Payback|p1a: Mamoswine\n|-damage|p1a: Mamoswine|0 fnt\n|faint|p1a: Mamoswine\n|\n|-heal|p2a: Nika Reanukko|87\/100|[from] item: Leftovers\n|upkeep\n|\n|t:|1699582594\n|switch|p1a: Greninja|Greninja, M|100\/100\n|turn|36\n|\n|t:|1699582597\n|move|p1a: Greninja|Water Shuriken|p2a: Nika Reanukko\n|-damage|p2a: Nika Reanukko|82\/100\n|-damage|p2a: Nika Reanukko|79\/100\n|-damage|p2a: Nika Reanukko|75\/100\n|-hitcount|p2a: Nika Reanukko|3\n|move|p2a: Nika Reanukko|Wish|p2a: Nika Reanukko\n|\n|-heal|p2a: Nika Reanukko|81\/100|[from] item: Leftovers\n|upkeep\n|turn|37\n|\n|t:|1699582605\n|move|p1a: Greninja|Water Shuriken|p2a: Nika Reanukko\n|-damage|p2a: Nika Reanukko|77\/100\n|-damage|p2a: Nika Reanukko|74\/100\n|-damage|p2a: Nika Reanukko|70\/100\n|-damage|p2a: Nika Reanukko|66\/100\n|-damage|p2a: Nika Reanukko|63\/100\n|-hitcount|p2a: Nika Reanukko|5\n|move|p2a: Nika Reanukko|Curse|p2a: Nika Reanukko\n|-unboost|p2a: Nika Reanukko|spe|1\n|-boost|p2a: Nika Reanukko|atk|1\n|-boost|p2a: Nika Reanukko|def|1\n|\n|-heal|p2a: Nika Reanukko|100\/100|[from] move: Wish|[wisher] Nika Reanukko\n|upkeep\n|turn|38\n|\n|t:|1699582618\n|move|p1a: Greninja|Water Shuriken|p2a: Nika Reanukko\n|-damage|p2a: Nika Reanukko|97\/100\n|-damage|p2a: Nika Reanukko|94\/100\n|-damage|p2a: Nika Reanukko|90\/100\n|-damage|p2a: Nika Reanukko|86\/100\n|-damage|p2a: Nika Reanukko|83\/100\n|-hitcount|p2a: Nika Reanukko|5\n|move|p2a: Nika Reanukko|Wish|p2a: Nika Reanukko\n|\n|-heal|p2a: Nika Reanukko|89\/100|[from] item: Leftovers\n|upkeep\n|turn|39\n|\n|t:|1699582628\n|move|p1a: Greninja|Water Shuriken|p2a: Nika Reanukko\n|-damage|p2a: Nika Reanukko|86\/100\n|-damage|p2a: Nika Reanukko|82\/100\n|-hitcount|p2a: Nika Reanukko|2\n|move|p2a: Nika Reanukko|Curse|p2a: Nika Reanukko\n|-unboost|p2a: Nika Reanukko|spe|1\n|-boost|p2a: Nika Reanukko|atk|1\n|-boost|p2a: Nika Reanukko|def|1\n|\n|-heal|p2a: Nika Reanukko|100\/100|[from] move: Wish|[wisher] Nika Reanukko\n|upkeep\n|turn|40\n|\n|t:|1699582640\n|move|p1a: Greninja|Water Shuriken|p2a: Nika Reanukko\n|-damage|p2a: Nika Reanukko|97\/100\n|-damage|p2a: Nika Reanukko|93\/100\n|-damage|p2a: Nika Reanukko|90\/100\n|-hitcount|p2a: Nika Reanukko|3\n|move|p2a: Nika Reanukko|Curse|p2a: Nika Reanukko\n|-unboost|p2a: Nika Reanukko|spe|1\n|-boost|p2a: Nika Reanukko|atk|1\n|-boost|p2a: Nika Reanukko|def|1\n|\n|-heal|p2a: Nika Reanukko|96\/100|[from] item: Leftovers\n|upkeep\n|turn|41\n|\n|t:|1699582652\n|move|p1a: Greninja|Water Shuriken|p2a: Nika Reanukko\n|-damage|p2a: Nika Reanukko|92\/100\n|-damage|p2a: Nika Reanukko|89\/100\n|-damage|p2a: Nika Reanukko|85\/100\n|-damage|p2a: Nika Reanukko|82\/100\n|-hitcount|p2a: Nika Reanukko|4\n|move|p2a: Nika Reanukko|Wish|p2a: Nika Reanukko\n|\n|-heal|p2a: Nika Reanukko|88\/100|[from] item: Leftovers\n|upkeep\n|turn|42\n|\n|t:|1699582660\n|move|p1a: Greninja|Water Shuriken|p2a: Nika Reanukko\n|-damage|p2a: Nika Reanukko|85\/100\n|-damage|p2a: Nika Reanukko|81\/100\n|-hitcount|p2a: Nika Reanukko|2\n|move|p2a: Nika Reanukko|Payback|p1a: Greninja\n|-resisted|p1a: Greninja\n|-damage|p1a: Greninja|21\/100\n|\n|-heal|p2a: Nika Reanukko|100\/100|[from] move: Wish|[wisher] Nika Reanukko\n|upkeep\n|turn|43\n|\n|t:|1699582673\n|move|p1a: Greninja|Ice Beam|p2a: Nika Reanukko\n|-crit|p2a: Nika Reanukko\n|-damage|p2a: Nika Reanukko|78\/100\n|move|p2a: Nika Reanukko|Payback|p1a: Greninja\n|-resisted|p1a: Greninja\n|-damage|p1a: Greninja|0 fnt\n|faint|p1a: Greninja\n|\n|-heal|p2a: Nika Reanukko|84\/100|[from] item: Leftovers\n|upkeep\n|\n|t:|1699582681\n|switch|p1a: Mandibuzz|Mandibuzz, F|35\/100 brn\n|turn|44\n|\n|t:|1699582684\n|move|p1a: Mandibuzz|Foul Play|p2a: Nika Reanukko\n|-resisted|p2a: Nika Reanukko\n|-damage|p2a: Nika Reanukko|80\/100\n|move|p2a: Nika Reanukko|Payback|p1a: Mandibuzz\n|-resisted|p1a: Mandibuzz\n|-damage|p1a: Mandibuzz|9\/100 brn\n|\n|-heal|p1a: Mandibuzz|15\/100 brn|[from] item: Leftovers\n|-heal|p2a: Nika Reanukko|86\/100|[from] item: Leftovers\n|-damage|p1a: Mandibuzz|9\/100 brn|[from] brn\n|upkeep\n|turn|45\n|\n|t:|1699582693\n|move|p1a: Mandibuzz|Foul Play|p2a: Nika Reanukko\n|-resisted|p2a: Nika Reanukko\n|-damage|p2a: Nika Reanukko|81\/100\n|move|p2a: Nika Reanukko|Payback|p1a: Mandibuzz\n|-resisted|p1a: Mandibuzz\n|-damage|p1a: Mandibuzz|0 fnt\n|faint|p1a: Mandibuzz\n|\n|win|RandoTestAccount\n|raw|ashergr's rating: 1267 &rarr; <strong>1246<\/strong><br \/>(-21 for losing)\n|raw|RandoTestAccount's rating: 1329 &rarr; <strong>1345<\/strong><br \/>(+16 for winning)\n","uploadtime":1699582698,"views":4,"p1id":"ashergr","p2id":"randotestaccount","formatid":"gen9nationaldex","rating":1246,"private":0,"password":""}