{"id":"gen9nationaldex-1989123784","p1":"Ursustesemiliax","p2":"Clawraptor","format":"[Gen 9] National Dex","log":"|j|\u2606Ursustesemiliax\n|j|\u2606Clawraptor\n|t:|1699814783\n|gametype|singles\n|player|p1|Ursustesemiliax|worker|1358\n|player|p2|Clawraptor|nate|1446\n|teamsize|p1|6\n|teamsize|p2|6\n|gen|9\n|tier|[Gen 9] National Dex\n|rated|\n|rule|HP Percentage Mod: HP is shown in percentages\n|rule|Endless Battle Clause: Forcing endless battles is banned\n|rule|OHKO Clause: OHKO moves are banned\n|rule|Evasion Clause: Evasion abilities, items, and moves are banned\n|rule|Evasion Abilities Clause: Evasion abilities are banned\n|rule|Evasion Items Clause: Evasion items are banned\n|rule|Evasion Moves Clause: Evasion moves are banned\n|rule|Species Clause: Limit one of each Pok\u00e9mon\n|rule|Sleep Clause Mod: Limit one foe put to sleep\n|clearpoke\n|poke|p1|Scizor, M|\n|poke|p1|Thundurus-Therian, M|\n|poke|p1|Dragonite, M|\n|poke|p1|Skeledirge, M|\n|poke|p1|Ting-Lu|\n|poke|p1|Greninja-*, M|\n|poke|p2|Corsola-Galar, F|\n|poke|p2|Latios, M|\n|poke|p2|Kommo-o, M|\n|poke|p2|Espeon, F|\n|poke|p2|Clefable, M|\n|poke|p2|Corviknight, M|\n|teampreview\n|inactive|Battle timer is ON: inactive players will automatically lose when time's up. (requested by Clawraptor)\n|\n|t:|1699814786\n|start\n|switch|p1a: Garre|Thundurus-Therian, M|100\/100\n|switch|p2a: Latios|Latios, M, shiny|100\/100\n|turn|1\n|\n|t:|1699814797\n|move|p1a: Garre|Volt Switch|p2a: Latios\n|-resisted|p2a: Latios\n|-damage|p2a: Latios|85\/100\n|\n|t:|1699814799\n|switch|p1a: Zan|Scizor, M|100\/100|[from] Volt Switch\n|move|p2a: Latios|Light Screen|p2a: Latios\n|-sidestart|p2: Clawraptor|move: Light Screen\n|\n|upkeep\n|turn|2\n|\n|t:|1699814806\n|detailschange|p1a: Zan|Scizor-Mega, M\n|-mega|p1a: Zan|Scizor|Scizorite\n|move|p2a: Latios|Reflect|p2a: Latios\n|-sidestart|p2: Clawraptor|Reflect\n|move|p1a: Zan|U-turn|p2a: Latios\n|-supereffective|p2a: Latios\n|-damage|p2a: Latios|47\/100\n|\n|t:|1699814816\n|switch|p1a: Beckhem|Ting-Lu|100\/100|[from] U-turn\n|-ability|p1a: Beckhem|Vessel of Ruin\n|\n|upkeep\n|turn|3\n|\n|t:|1699814826\n|move|p2a: Latios|Memento|p1a: Beckhem\n|-unboost|p1a: Beckhem|atk|2\n|-unboost|p1a: Beckhem|spa|2\n|faint|p2a: Latios\n|move|p1a: Beckhem|Stealth Rock|p2: Latios\n|-sidestart|p2: Clawraptor|move: Stealth Rock\n|\n|upkeep\n|\n|t:|1699814837\n|switch|p2a: Espeon|Espeon, F|100\/100\n|-damage|p2a: Espeon|88\/100|[from] Stealth Rock\n|turn|4\n|\n|t:|1699814841\n|-zpower|p2a: Espeon\n|move|p2a: Espeon|Z-Celebrate|p2a: Espeon|[anim]Celebrate\n|-boost|p2a: Espeon|atk|1|[zeffect]\n|-boost|p2a: Espeon|def|1|[zeffect]\n|-boost|p2a: Espeon|spa|1|[zeffect]\n|-boost|p2a: Espeon|spd|1|[zeffect]\n|-boost|p2a: Espeon|spe|1|[zeffect]\n|-activate|p2a: Espeon|move: Celebrate\n|move|p1a: Beckhem|Earthquake|p2a: Espeon\n|-damage|p2a: Espeon|80\/100\n|\n|upkeep\n|turn|5\n|\n|t:|1699814851\n|move|p2a: Espeon|Calm Mind|p2a: Espeon\n|-boost|p2a: Espeon|spa|1\n|-boost|p2a: Espeon|spd|1\n|move|p1a: Beckhem|Earthquake|p2a: Espeon\n|-damage|p2a: Espeon|71\/100\n|\n|upkeep\n|turn|6\n|\n|t:|1699814858\n|move|p2a: Espeon|Calm Mind|p2a: Espeon\n|-boost|p2a: Espeon|spa|1\n|-boost|p2a: Espeon|spd|1\n|move|p1a: Beckhem|Earthquake|p2a: Espeon\n|-damage|p2a: Espeon|63\/100\n|\n|upkeep\n|turn|7\n|\n|t:|1699814865\n|move|p2a: Espeon|Calm Mind|p2a: Espeon\n|-boost|p2a: Espeon|spa|1\n|-boost|p2a: Espeon|spd|1\n|move|p1a: Beckhem|Earthquake|p2a: Espeon\n|-damage|p2a: Espeon|54\/100\n|\n|upkeep\n|turn|8\n|\n|t:|1699814872\n|move|p2a: Espeon|Calm Mind|p2a: Espeon\n|-boost|p2a: Espeon|spa|1\n|-boost|p2a: Espeon|spd|1\n|move|p1a: Beckhem|Earthquake|p2a: Espeon\n|-damage|p2a: Espeon|44\/100\n|\n|-sideend|p2: Clawraptor|move: Light Screen\n|upkeep\n|turn|9\n|\n|t:|1699814880\n|move|p2a: Espeon|Calm Mind|p2a: Espeon\n|-boost|p2a: Espeon|spa|1\n|-boost|p2a: Espeon|spd|1\n|move|p1a: Beckhem|Earthquake|p2a: Espeon\n|-damage|p2a: Espeon|36\/100\n|\n|-sideend|p2: Clawraptor|Reflect\n|upkeep\n|turn|10\n|\n|t:|1699814887\n|move|p2a: Espeon|Draining Kiss|p1a: Beckhem\n|-supereffective|p1a: Beckhem\n|-damage|p1a: Beckhem|53\/100\n|-heal|p2a: Espeon|97\/100|[from] drain|[of] p1a: Beckhem\n|move|p1a: Beckhem|Earthquake|p2a: Espeon\n|-damage|p2a: Espeon|78\/100\n|\n|-heal|p1a: Beckhem|59\/100|[from] item: Leftovers\n|upkeep\n|turn|11\n|\n|t:|1699814897\n|move|p2a: Espeon|Draining Kiss|p1a: Beckhem\n|-supereffective|p1a: Beckhem\n|-damage|p1a: Beckhem|12\/100\n|-heal|p2a: Espeon|100\/100|[from] drain|[of] p1a: Beckhem\n|move|p1a: Beckhem|Earthquake|p2a: Espeon\n|-damage|p2a: Espeon|81\/100\n|\n|-heal|p1a: Beckhem|18\/100|[from] item: Leftovers\n|upkeep\n|turn|12\n|\n|t:|1699814907\n|move|p2a: Espeon|Draining Kiss|p1a: Beckhem\n|-supereffective|p1a: Beckhem\n|-damage|p1a: Beckhem|0 fnt\n|-heal|p2a: Espeon|100\/100|[from] drain|[of] p1a: Beckhem\n|faint|p1a: Beckhem\n|\n|upkeep\n|\n|t:|1699814912\n|switch|p1a: Garre|Thundurus-Therian, M|100\/100\n|turn|13\n|\n|t:|1699814916\n|move|p2a: Espeon|Stored Power|p1a: Garre\n|-crit|p1a: Garre\n|-damage|p1a: Garre|0 fnt\n|faint|p1a: Garre\n|\n|upkeep\n|\n|t:|1699814920\n|switch|p1a: Zan|Scizor-Mega, M|100\/100\n|turn|14\n|\n|t:|1699814923\n|move|p1a: Zan|Bullet Punch|p2a: Espeon\n|-damage|p2a: Espeon|75\/100\n|move|p2a: Espeon|Stored Power|p1a: Zan\n|-resisted|p1a: Zan\n|-damage|p1a: Zan|0 fnt\n|faint|p1a: Zan\n|\n|upkeep\n|\n|t:|1699814930\n|switch|p1a: Goliath|Dragonite, M|100\/100\n|turn|15\n|\n|t:|1699814934\n|-terastallize|p1a: Goliath|Normal\n|move|p2a: Espeon|Stored Power|p1a: Goliath\n|-damage|p1a: Goliath|0 fnt\n|faint|p1a: Goliath\n|\n|upkeep\n|-message|Ursustesemiliax forfeited.\n|\n|win|Clawraptor\n|raw|Ursustesemiliax's rating: 1358 &rarr; <strong>1343<\/strong><br \/>(-15 for losing)\n|raw|Clawraptor's rating: 1446 &rarr; <strong>1461<\/strong><br \/>(+15 for winning)\n|l|\u2606Ursustesemiliax\n","uploadtime":1699814957,"views":6,"p1id":"ursustesemiliax","p2id":"clawraptor","formatid":"gen9nationaldex","rating":1343,"private":0,"password":""}