{"id":"gen9nationaldex-1992255609","p1":"0170shiki","p2":"allrightalife","format":"[Gen 9] National Dex","log":"|j|\u26060170shiki\n|j|\u2606allrightalife\n|t:|1700168180\n|gametype|singles\n|player|p1|0170shiki|caitlin|\n|player|p2|allrightalife|caitlin|\n|teamsize|p1|6\n|teamsize|p2|6\n|gen|9\n|tier|[Gen 9] National Dex\n|rule|HP Percentage Mod: HP is shown in percentages\n|rule|Endless Battle Clause: Forcing endless battles is banned\n|rule|OHKO Clause: OHKO moves are banned\n|rule|Evasion Clause: Evasion abilities, items, and moves are banned\n|rule|Evasion Abilities Clause: Evasion abilities are banned\n|rule|Evasion Items Clause: Evasion items are banned\n|rule|Evasion Moves Clause: Evasion moves are banned\n|rule|Species Clause: Limit one of each Pok\u00e9mon\n|rule|Sleep Clause Mod: Limit one foe put to sleep\n|clearpoke\n|poke|p1|Charizard, F|\n|poke|p1|Rotom-Wash|\n|poke|p1|Tyranitar, M|\n|poke|p1|Serperior, F|\n|poke|p1|Tapu Lele|\n|poke|p1|Scizor, M|\n|poke|p2|Diancie|\n|poke|p2|Garchomp, M|\n|poke|p2|Zapdos|\n|poke|p2|Volcarona, M|\n|poke|p2|Rillaboom, F|\n|poke|p2|Weavile, M|\n|teampreview\n|inactive|Battle timer is ON: inactive players will automatically lose when time's up. (requested by allrightalife)\n|\n|t:|1700168186\n|start\n|switch|p1a: Tyranitar|Tyranitar, M, shiny|100\/100\n|switch|p2a: Rillaboom|Rillaboom, F|100\/100\n|-fieldstart|move: Grassy Terrain|[from] ability: Grassy Surge|[of] p2a: Rillaboom\n|-weather|Sandstorm|[from] ability: Sand Stream|[of] p1a: Tyranitar\n|turn|1\n|\n|t:|1700168189\n|move|p2a: Rillaboom|U-turn|p1a: Tyranitar\n|-supereffective|p1a: Tyranitar\n|-damage|p1a: Tyranitar|30\/100\n|\n|t:|1700168194\n|switch|p2a: Diancie|Diancie|100\/100|[from] U-turn\n|move|p1a: Tyranitar|Counter|p2a: Diancie\n|-damage|p2a: Diancie|0 fnt\n|faint|p2a: Diancie\n|\n|-weather|Sandstorm|[upkeep]\n|-heal|p1a: Tyranitar|36\/100|[from] Grassy Terrain\n|upkeep\n|\n|t:|1700168195\n|switch|p2a: Rillaboom|Rillaboom, F|100\/100\n|turn|2\n|\n|t:|1700168200\n|switch|p1a: Scizor|Scizor, M, shiny|100\/100\n|move|p2a: Rillaboom|U-turn|p1a: Scizor\n|-resisted|p1a: Scizor\n|-damage|p1a: Scizor|78\/100\n|\n|t:|1700168203\n|switch|p2a: Volcarona|Volcarona, M|100\/100|[from] U-turn\n|\n|-weather|Sandstorm|[upkeep]\n|-damage|p2a: Volcarona|94\/100|[from] Sandstorm\n|-heal|p2a: Volcarona|100\/100|[from] Grassy Terrain\n|-heal|p1a: Scizor|84\/100|[from] Grassy Terrain\n|upkeep\n|turn|3\n|\n|t:|1700168206\n|switch|p1a: Charizard|Charizard, F, shiny|100\/100\n|move|p2a: Volcarona|Quiver Dance|p2a: Volcarona\n|-boost|p2a: Volcarona|spa|1\n|-boost|p2a: Volcarona|spd|1\n|-boost|p2a: Volcarona|spe|1\n|\n|-weather|Sandstorm|[upkeep]\n|-damage|p2a: Volcarona|94\/100|[from] Sandstorm\n|-damage|p1a: Charizard|94\/100|[from] Sandstorm\n|-heal|p2a: Volcarona|100\/100|[from] Grassy Terrain\n|upkeep\n|turn|4\n|\n|t:|1700168216\n|switch|p2a: Garchomp|Garchomp, M|100\/100\n|move|p1a: Charizard|Weather Ball|p2a: Garchomp\n|-resisted|p2a: Garchomp\n|-damage|p2a: Garchomp|83\/100\n|\n|-weather|Sandstorm|[upkeep]\n|-damage|p1a: Charizard|88\/100|[from] Sandstorm\n|-heal|p2a: Garchomp|90\/100|[from] Grassy Terrain\n|upkeep\n|turn|5\n|\n|t:|1700168221\n|switch|p1a: Rotom|Rotom-Wash, shiny|100\/100\n|move|p2a: Garchomp|Stone Edge|p1a: Rotom\n|-damage|p1a: Rotom|71\/100\n|\n|-weather|none\n|-heal|p2a: Garchomp|96\/100|[from] Grassy Terrain\n|-heal|p1a: Rotom|77\/100|[from] item: Leftovers\n|-fieldend|move: Grassy Terrain\n|upkeep\n|turn|6\n|\n|t:|1700168225\n|switch|p2a: Volcarona|Volcarona, M|100\/100\n|move|p1a: Rotom|Will-O-Wisp|p2a: Volcarona\n|-immune|p2a: Volcarona\n|\n|-heal|p1a: Rotom|84\/100|[from] item: Leftovers\n|upkeep\n|turn|7\n|\n|t:|1700168232\n|move|p2a: Volcarona|Quiver Dance|p2a: Volcarona\n|-boost|p2a: Volcarona|spa|1\n|-boost|p2a: Volcarona|spd|1\n|-boost|p2a: Volcarona|spe|1\n|move|p1a: Rotom|Volt Switch|p2a: Volcarona\n|-damage|p2a: Volcarona|87\/100\n|\n|t:|1700168235\n|switch|p1a: Charizard|Charizard, F, shiny|88\/100|[from] Volt Switch\n|\n|upkeep\n|turn|8\n|\n|t:|1700168240\n|move|p2a: Volcarona|Quiver Dance|p2a: Volcarona\n|-boost|p2a: Volcarona|spa|1\n|-boost|p2a: Volcarona|spd|1\n|-boost|p2a: Volcarona|spe|1\n|move|p1a: Charizard|Toxic|p2a: Volcarona\n|-status|p2a: Volcarona|tox\n|\n|-damage|p2a: Volcarona|80\/100 tox|[from] psn\n|upkeep\n|turn|9\n|\n|t:|1700168244\n|move|p2a: Volcarona|Fiery Dance|p1a: Charizard\n|-resisted|p1a: Charizard\n|-damage|p1a: Charizard|38\/100\n|-boost|p2a: Volcarona|spa|1\n|move|p1a: Charizard|Roost|p1a: Charizard\n|-heal|p1a: Charizard|88\/100\n|-singleturn|p1a: Charizard|move: Roost\n|\n|-damage|p2a: Volcarona|68\/100 tox|[from] psn\n|upkeep\n|turn|10\n|\n|t:|1700168248\n|switch|p2a: Garchomp|Garchomp, M|96\/100\n|move|p1a: Charizard|Roost|p1a: Charizard\n|-heal|p1a: Charizard|100\/100\n|-singleturn|p1a: Charizard|move: Roost\n|\n|upkeep\n|turn|11\n|\n|t:|1700168253\n|switch|p1a: Rotom|Rotom-Wash, shiny|84\/100\n|-zpower|p2a: Garchomp\n|move|p2a: Garchomp|Continental Crush|p1a: Rotom|[zeffect]\n|-damage|p1a: Rotom|36\/100\n|\n|-heal|p1a: Rotom|42\/100|[from] item: Leftovers\n|upkeep\n|turn|12\n|\n|t:|1700168257\n|move|p2a: Garchomp|Scale Shot|p1a: Rotom\n|-damage|p1a: Rotom|32\/100\n|-damage|p1a: Rotom|23\/100\n|-hitcount|p1a: Rotom|2\n|-unboost|p2a: Garchomp|def|1\n|-boost|p2a: Garchomp|spe|1\n|move|p1a: Rotom|Will-O-Wisp|p2a: Garchomp\n|-status|p2a: Garchomp|brn\n|\n|-heal|p1a: Rotom|29\/100|[from] item: Leftovers\n|-damage|p2a: Garchomp|90\/100 brn|[from] brn\n|upkeep\n|turn|13\n|\n|t:|1700168263\n|switch|p1a: Serperior|Serperior, F|100\/100\n|move|p2a: Garchomp|Swords Dance|p2a: Garchomp\n|-boost|p2a: Garchomp|atk|2\n|\n|-damage|p2a: Garchomp|83\/100 brn|[from] brn\n|upkeep\n|turn|14\n|\n|t:|1700168270\n|move|p2a: Garchomp|Scale Shot|p1a: Serperior\n|-damage|p1a: Serperior|86\/100\n|-damage|p1a: Serperior|70\/100\n|-hitcount|p1a: Serperior|2\n|-unboost|p2a: Garchomp|def|1\n|-boost|p2a: Garchomp|spe|1\n|move|p1a: Serperior|Leaf Storm|p2a: Garchomp\n|-damage|p2a: Garchomp|38\/100 brn\n|-boost|p1a: Serperior|spa|2\n|\n|-heal|p1a: Serperior|76\/100|[from] item: Leftovers\n|-damage|p2a: Garchomp|32\/100 brn|[from] brn\n|upkeep\n|turn|15\n|\n|t:|1700168274\n|move|p2a: Garchomp|Scale Shot|p1a: Serperior\n|-damage|p1a: Serperior|62\/100\n|-damage|p1a: Serperior|47\/100\n|-damage|p1a: Serperior|33\/100\n|-hitcount|p1a: Serperior|3\n|-unboost|p2a: Garchomp|def|1\n|-boost|p2a: Garchomp|spe|1\n|move|p1a: Serperior|Leaf Storm|p2a: Garchomp\n|-damage|p2a: Garchomp|0 fnt\n|-boost|p1a: Serperior|spa|2\n|faint|p2a: Garchomp\n|\n|-heal|p1a: Serperior|39\/100|[from] item: Leftovers\n|upkeep\n|\n|t:|1700168277\n|switch|p2a: Weavile|Weavile, M|100\/100\n|turn|16\n|\n|t:|1700168280\n|switch|p1a: Tyranitar|Tyranitar, M, shiny|36\/100\n|-weather|Sandstorm|[from] ability: Sand Stream|[of] p1a: Tyranitar\n|move|p2a: Weavile|Throat Chop|p1a: Tyranitar\n|-resisted|p1a: Tyranitar\n|-damage|p1a: Tyranitar|13\/100\n|-start|p1a: Tyranitar|Throat Chop|[silent]\n|-damage|p2a: Weavile|91\/100|[from] item: Life Orb\n|\n|-weather|Sandstorm|[upkeep]\n|-damage|p2a: Weavile|84\/100|[from] Sandstorm\n|upkeep\n|turn|17\n|\n|t:|1700168284\n|move|p2a: Weavile|Throat Chop|p1a: Tyranitar\n|-resisted|p1a: Tyranitar\n|-damage|p1a: Tyranitar|0 fnt\n|faint|p1a: Tyranitar\n|-damage|p2a: Weavile|75\/100|[from] item: Life Orb\n|\n|-weather|Sandstorm|[upkeep]\n|-damage|p2a: Weavile|68\/100|[from] Sandstorm\n|upkeep\n|\n|t:|1700168286\n|switch|p1a: Tapu Lele|Tapu Lele, shiny|100\/100\n|-fieldstart|move: Psychic Terrain|[from] ability: Psychic Surge|[of] p1a: Tapu Lele\n|turn|18\n|\n|t:|1700168291\n|switch|p2a: Volcarona|Volcarona, M|68\/100 tox\n|move|p1a: Tapu Lele|Moonblast|p2a: Volcarona\n|-resisted|p2a: Volcarona\n|-damage|p2a: Volcarona|45\/100 tox\n|\n|-weather|Sandstorm|[upkeep]\n|-damage|p1a: Tapu Lele|94\/100|[from] Sandstorm\n|-damage|p2a: Volcarona|39\/100 tox|[from] Sandstorm\n|-damage|p2a: Volcarona|33\/100 tox|[from] psn\n|upkeep\n|turn|19\n|\n|t:|1700168295\n|move|p1a: Tapu Lele|Moonblast|p2a: Volcarona\n|-resisted|p2a: Volcarona\n|-damage|p2a: Volcarona|10\/100 tox\n|move|p2a: Volcarona|Roost|p2a: Volcarona\n|-heal|p2a: Volcarona|60\/100 tox\n|-singleturn|p2a: Volcarona|move: Roost\n|\n|-weather|Sandstorm|[upkeep]\n|-damage|p1a: Tapu Lele|88\/100|[from] Sandstorm\n|-damage|p2a: Volcarona|54\/100 tox|[from] Sandstorm\n|-damage|p2a: Volcarona|42\/100 tox|[from] psn\n|upkeep\n|turn|20\n|\n|t:|1700168299\n|move|p1a: Tapu Lele|Moonblast|p2a: Volcarona\n|-resisted|p2a: Volcarona\n|-damage|p2a: Volcarona|21\/100 tox\n|move|p2a: Volcarona|Roost|p2a: Volcarona\n|-heal|p2a: Volcarona|71\/100 tox\n|-singleturn|p2a: Volcarona|move: Roost\n|\n|-weather|none\n|-damage|p2a: Volcarona|53\/100 tox|[from] psn\n|upkeep\n|turn|21\n|\n|t:|1700168302\n|move|p1a: Tapu Lele|Moonblast|p2a: Volcarona\n|-resisted|p2a: Volcarona\n|-damage|p2a: Volcarona|33\/100 tox\n|move|p2a: Volcarona|Roost|p2a: Volcarona\n|-heal|p2a: Volcarona|83\/100 tox\n|-singleturn|p2a: Volcarona|move: Roost\n|\n|-damage|p2a: Volcarona|58\/100 tox|[from] psn\n|upkeep\n|turn|22\n|\n|t:|1700168308\n|switch|p2a: Rillaboom|Rillaboom, F|100\/100\n|-fieldstart|move: Grassy Terrain|[from] ability: Grassy Surge|[of] p2a: Rillaboom\n|move|p1a: Tapu Lele|Moonblast|p2a: Rillaboom\n|-damage|p2a: Rillaboom|40\/100\n|-unboost|p2a: Rillaboom|spa|1\n|\n|-heal|p1a: Tapu Lele|94\/100|[from] Grassy Terrain\n|-heal|p2a: Rillaboom|47\/100|[from] Grassy Terrain\n|upkeep\n|turn|23\n|\n|t:|1700168322\n|switch|p1a: Charizard|Charizard, F, shiny|100\/100\n|move|p2a: Rillaboom|Grassy Glide|p1a: Charizard\n|-resisted|p1a: Charizard\n|-damage|p1a: Charizard|78\/100\n|\n|-heal|p2a: Rillaboom|53\/100|[from] Grassy Terrain\n|upkeep\n|turn|24\n|\n|t:|1700168331\n|switch|p2a: Volcarona|Volcarona, M|58\/100 tox\n|detailschange|p1a: Charizard|Charizard-Mega-Y, F, shiny\n|-mega|p1a: Charizard|Charizard|Charizardite Y\n|-weather|SunnyDay|[from] ability: Drought|[of] p1a: Charizard\n|move|p1a: Charizard|Weather Ball|p2a: Volcarona\n|-damage|p2a: Volcarona|0 fnt\n|faint|p2a: Volcarona\n|\n|-weather|SunnyDay|[upkeep]\n|upkeep\n|\n|t:|1700168334\n|switch|p2a: Weavile|Weavile, M|68\/100\n|turn|25\n|\n|t:|1700168350\n|switch|p1a: Serperior|Serperior, F|39\/100\n|move|p2a: Weavile|Throat Chop|p1a: Serperior\n|-damage|p1a: Serperior|0 fnt\n|faint|p1a: Serperior\n|-damage|p2a: Weavile|59\/100|[from] item: Life Orb\n|\n|-weather|SunnyDay|[upkeep]\n|-heal|p2a: Weavile|65\/100|[from] Grassy Terrain\n|upkeep\n|\n|t:|1700168354\n|switch|p1a: Tapu Lele|Tapu Lele, shiny|94\/100\n|-fieldstart|move: Psychic Terrain|[from] ability: Psychic Surge|[of] p1a: Tapu Lele\n|turn|26\n|\n|t:|1700168362\n|switch|p2a: Zapdos|Zapdos|100\/100\n|move|p1a: Tapu Lele|Moonblast|p2a: Zapdos\n|-damage|p2a: Zapdos|50\/100\n|-unboost|p2a: Zapdos|spa|1\n|\n|-weather|SunnyDay|[upkeep]\n|upkeep\n|turn|27\n|\n|t:|1700168369\n|-terastallize|p2a: Zapdos|Steel\n|move|p1a: Tapu Lele|Moonblast|p2a: Zapdos\n|-resisted|p2a: Zapdos\n|-damage|p2a: Zapdos|26\/100\n|move|p2a: Zapdos|Roost|p2a: Zapdos\n|-heal|p2a: Zapdos|76\/100\n|\n|-weather|SunnyDay|[upkeep]\n|upkeep\n|turn|28\n|\n|t:|1700168379\n|switch|p1a: Rotom|Rotom-Wash, shiny|29\/100\n|move|p2a: Zapdos|Discharge|p1a: Rotom\n|-damage|p1a: Rotom|4\/100\n|\n|-weather|none\n|-heal|p1a: Rotom|11\/100|[from] item: Leftovers\n|upkeep\n|turn|29\n|\n|t:|1700168385\n|move|p2a: Zapdos|Discharge|p1a: Rotom\n|-damage|p1a: Rotom|0 fnt\n|faint|p1a: Rotom\n|\n|upkeep\n|\n|t:|1700168401\n|switch|p1a: Charizard|Charizard-Mega-Y, F, shiny|78\/100\n|-weather|SunnyDay|[from] ability: Drought|[of] p1a: Charizard\n|turn|30\n|\n|t:|1700168414\n|switch|p2a: Rillaboom|Rillaboom, F|53\/100\n|-fieldstart|move: Grassy Terrain|[from] ability: Grassy Surge|[of] p2a: Rillaboom\n|move|p1a: Charizard|Weather Ball|p2a: Rillaboom\n|-supereffective|p2a: Rillaboom\n|-damage|p2a: Rillaboom|0 fnt\n|faint|p2a: Rillaboom\n|\n|-weather|SunnyDay|[upkeep]\n|upkeep\n|\n|t:|1700168420\n|switch|p2a: Weavile|Weavile, M|65\/100\n|turn|31\n|\n|t:|1700168435\n|switch|p1a: Scizor|Scizor, M, shiny|84\/100\n|move|p2a: Weavile|Throat Chop|p1a: Scizor\n|-damage|p1a: Scizor|26\/100\n|-start|p1a: Scizor|Throat Chop|[silent]\n|-damage|p2a: Weavile|55\/100|[from] item: Life Orb\n|\n|-weather|SunnyDay|[upkeep]\n|-heal|p2a: Weavile|61\/100|[from] Grassy Terrain\n|-heal|p1a: Scizor|32\/100|[from] Grassy Terrain\n|upkeep\n|turn|32\n|\n|t:|1700168441\n|switch|p2a: Zapdos|Zapdos, tera:Steel|76\/100\n|move|p1a: Scizor|Bullet Punch|p2a: Zapdos\n|-resisted|p2a: Zapdos\n|-damage|p2a: Zapdos|64\/100\n|\n|-weather|SunnyDay|[upkeep]\n|-heal|p2a: Zapdos|70\/100|[from] Grassy Terrain\n|-heal|p1a: Scizor|38\/100|[from] Grassy Terrain\n|-end|p1a: Scizor|Throat Chop|[silent]\n|upkeep\n|turn|33\n|\n|t:|1700168469\n|move|p2a: Zapdos|Discharge|p1a: Scizor\n|-damage|p1a: Scizor|0 fnt\n|faint|p1a: Scizor\n|\n|-weather|SunnyDay|[upkeep]\n|-heal|p2a: Zapdos|76\/100|[from] Grassy Terrain\n|upkeep\n|\n|t:|1700168477\n|switch|p1a: Charizard|Charizard-Mega-Y, F, shiny|78\/100\n|turn|34\n|\n|t:|1700168486\n|move|p1a: Charizard|Weather Ball|p2a: Zapdos\n|-supereffective|p2a: Zapdos\n|-damage|p2a: Zapdos|0 fnt\n|faint|p2a: Zapdos\n|\n|-weather|none\n|-fieldend|move: Grassy Terrain\n|upkeep\n|\n|t:|1700168490\n|switch|p2a: Weavile|Weavile, M|61\/100\n|turn|35\n|\n|t:|1700168498\n|move|p2a: Weavile|Throat Chop|p1a: Charizard\n|-damage|p1a: Charizard|9\/100\n|-start|p1a: Charizard|Throat Chop|[silent]\n|-damage|p2a: Weavile|51\/100|[from] item: Life Orb\n|move|p1a: Charizard|Weather Ball|p2a: Weavile\n|-damage|p2a: Weavile|21\/100\n|\n|upkeep\n|turn|36\n|\n|t:|1700168511\n|move|p2a: Weavile|Throat Chop|p1a: Charizard\n|-damage|p1a: Charizard|0 fnt\n|faint|p1a: Charizard\n|-damage|p2a: Weavile|12\/100|[from] item: Life Orb\n|\n|upkeep\n|\n|t:|1700168515\n|switch|p1a: Tapu Lele|Tapu Lele, shiny|94\/100\n|-fieldstart|move: Psychic Terrain|[from] ability: Psychic Surge|[of] p1a: Tapu Lele\n|turn|37\n|\n|t:|1700168526\n|move|p1a: Tapu Lele|Moonblast|p2a: Weavile\n|-supereffective|p2a: Weavile\n|-damage|p2a: Weavile|0 fnt\n|faint|p2a: Weavile\n|\n|win|0170shiki\n","uploadtime":1700168537,"views":10,"p1id":"0170shiki","p2id":"allrightalife","formatid":"gen9nationaldex","rating":0,"private":0,"password":""}