{"id":"gen9nationaldex-1996803891","p1":"dabaofanqie","p2":"Woundsave","format":"[Gen 9] National Dex","log":"|html|<div class=\"broadcast-blue\"><strong>[Gen 9] National Dex is currently suspecting Sneasler! For information on how to participate check out the <a href=\"https:\/\/www.smogon.com\/forums\/threads\/sv-national-dex-suspect-8-just-dance.3731534\/\">suspect thread<\/a>.<\/strong><\/div>\n|j|\u2606dabaofanqie\n|j|\u2606Woundsave\n|t:|1700727990\n|gametype|singles\n|player|p1|dabaofanqie|170|1189\n|player|p2|Woundsave|carmine-festival|1228\n|teamsize|p1|6\n|teamsize|p2|6\n|gen|9\n|tier|[Gen 9] National Dex\n|rated|\n|rule|HP Percentage Mod: HP is shown in percentages\n|rule|Endless Battle Clause: Forcing endless battles is banned\n|rule|OHKO Clause: OHKO moves are banned\n|rule|Evasion Clause: Evasion abilities, items, and moves are banned\n|rule|Evasion Abilities Clause: Evasion abilities are banned\n|rule|Evasion Items Clause: Evasion items are banned\n|rule|Evasion Moves Clause: Evasion moves are banned\n|rule|Species Clause: Limit one of each Pok\u00e9mon\n|rule|Sleep Clause Mod: Limit one foe put to sleep\n|clearpoke\n|poke|p1|Alomomola, F|\n|poke|p1|Tornadus-Therian, M|\n|poke|p1|Clodsire, M|\n|poke|p1|Ferrothorn, M|\n|poke|p1|Diancie|\n|poke|p1|Great Tusk|\n|poke|p2|Incineroar, F|\n|poke|p2|Sneasler, M|\n|poke|p2|Rillaboom, F|\n|poke|p2|Hydreigon, M|\n|poke|p2|Greninja-*, M|\n|poke|p2|Turtonator, M|\n|teampreview\n|inactive|Battle timer is ON: inactive players will automatically lose when time's up. (requested by dabaofanqie)\n|\n|t:|1700727998\n|start\n|switch|p1a: Diancie|Diancie|100\/100\n|switch|p2a: Rillaboom|Rillaboom, F|100\/100\n|-fieldstart|move: Grassy Terrain|[from] ability: Grassy Surge|[of] p2a: Rillaboom\n|turn|1\n|\n|t:|1700728012\n|switch|p1a: Ferrothorn|Ferrothorn, M|100\/100\n|move|p2a: Rillaboom|Wood Hammer|p1a: Ferrothorn\n|-resisted|p1a: Ferrothorn\n|-damage|p1a: Ferrothorn|86\/100\n|-damage|p2a: Rillaboom|88\/100|[from] ability: Iron Barbs|[of] p1a: Ferrothorn\n|-damage|p2a: Rillaboom|83\/100|[from] Recoil\n|\n|-heal|p2a: Rillaboom|89\/100|[from] Grassy Terrain\n|-heal|p1a: Ferrothorn|93\/100|[from] Grassy Terrain\n|-heal|p1a: Ferrothorn|99\/100|[from] item: Leftovers\n|upkeep\n|turn|2\n|\n|t:|1700728028\n|switch|p2a: Incineroar|Incineroar, F|100\/100\n|-ability|p2a: Incineroar|Intimidate|boost\n|-unboost|p1a: Ferrothorn|atk|1\n|move|p1a: Ferrothorn|Knock Off|p2a: Incineroar\n|-resisted|p2a: Incineroar\n|-damage|p2a: Incineroar|93\/100\n|-enditem|p2a: Incineroar|Sitrus Berry|[from] move: Knock Off|[of] p1a: Ferrothorn\n|\n|-heal|p2a: Incineroar|99\/100|[from] Grassy Terrain\n|-heal|p1a: Ferrothorn|100\/100|[from] Grassy Terrain\n|upkeep\n|turn|3\n|\n|t:|1700728040\n|switch|p1a: Alomomola|Alomomola, F|100\/100\n|move|p2a: Incineroar|Fire Punch|p1a: Alomomola\n|-resisted|p1a: Alomomola\n|-damage|p1a: Alomomola|92\/100\n|-damage|p2a: Incineroar|83\/100|[from] item: Rocky Helmet|[of] p1a: Alomomola\n|\n|-heal|p2a: Incineroar|89\/100|[from] Grassy Terrain\n|-heal|p1a: Alomomola|98\/100|[from] Grassy Terrain\n|upkeep\n|turn|4\n|\n|t:|1700728051\n|move|p2a: Incineroar|Parting Shot|p1a: Alomomola\n|-unboost|p1a: Alomomola|atk|1\n|-unboost|p1a: Alomomola|spa|1\n|\n|t:|1700728059\n|switch|p2a: Turtonator|Turtonator, M|100\/100|[from] Parting Shot\n|move|p1a: Alomomola|Scald|p2a: Turtonator\n|-damage|p2a: Turtonator|93\/100\n|\n|-heal|p1a: Alomomola|100\/100|[from] Grassy Terrain\n|-heal|p2a: Turtonator|99\/100|[from] Grassy Terrain\n|-heal|p2a: Turtonator|100\/100|[from] item: Leftovers\n|upkeep\n|turn|5\n|\n|t:|1700728071\n|move|p1a: Alomomola|Knock Off|p2a: Turtonator\n|-damage|p2a: Turtonator|90\/100\n|-enditem|p2a: Turtonator|Leftovers|[from] move: Knock Off|[of] p1a: Alomomola\n|move|p2a: Turtonator|Rapid Spin|p1a: Alomomola\n|-damage|p1a: Alomomola|95\/100\n|-boost|p2a: Turtonator|spe|1\n|-damage|p2a: Turtonator|74\/100|[from] item: Rocky Helmet|[of] p1a: Alomomola\n|\n|-heal|p1a: Alomomola|100\/100|[from] Grassy Terrain\n|-heal|p2a: Turtonator|80\/100|[from] Grassy Terrain\n|-fieldend|move: Grassy Terrain\n|upkeep\n|turn|6\n|\n|t:|1700728085\n|move|p1a: Alomomola|Scald|p2a: Turtonator\n|-damage|p2a: Turtonator|73\/100\n|move|p2a: Turtonator|Flamethrower|p1a: Alomomola\n|-resisted|p1a: Alomomola\n|-damage|p1a: Alomomola|82\/100\n|\n|upkeep\n|turn|7\n|\n|t:|1700728092\n|move|p1a: Alomomola|Wish|p1a: Alomomola\n|move|p2a: Turtonator|Flamethrower|p1a: Alomomola\n|-resisted|p1a: Alomomola\n|-damage|p1a: Alomomola|64\/100\n|\n|upkeep\n|turn|8\n|\n|t:|1700728098\n|move|p1a: Alomomola|Scald|p2a: Turtonator\n|-damage|p2a: Turtonator|67\/100\n|move|p2a: Turtonator|Flamethrower|p1a: Alomomola\n|-resisted|p1a: Alomomola\n|-damage|p1a: Alomomola|48\/100\n|\n|-heal|p1a: Alomomola|98\/100|[from] move: Wish|[wisher] Alomomola\n|upkeep\n|turn|9\n|\n|t:|1700728108\n|move|p1a: Alomomola|Wish|p1a: Alomomola\n|move|p2a: Turtonator|Flamethrower|p1a: Alomomola\n|-resisted|p1a: Alomomola\n|-damage|p1a: Alomomola|81\/100\n|\n|upkeep\n|turn|10\n|\n|t:|1700728117\n|move|p1a: Alomomola|Scald|p2a: Turtonator\n|-damage|p2a: Turtonator|60\/100\n|move|p2a: Turtonator|Flamethrower|p1a: Alomomola\n|-resisted|p1a: Alomomola\n|-damage|p1a: Alomomola|63\/100\n|\n|-heal|p1a: Alomomola|100\/100|[from] move: Wish|[wisher] Alomomola\n|upkeep\n|turn|11\n|\n|t:|1700728127\n|move|p1a: Alomomola|Wish|p1a: Alomomola\n|move|p2a: Turtonator|Flamethrower|p1a: Alomomola\n|-resisted|p1a: Alomomola\n|-damage|p1a: Alomomola|82\/100\n|\n|upkeep\n|turn|12\n|\n|t:|1700728133\n|move|p1a: Alomomola|Knock Off|p2a: Turtonator\n|-damage|p2a: Turtonator|53\/100\n|move|p2a: Turtonator|Flamethrower|p1a: Alomomola\n|-resisted|p1a: Alomomola\n|-crit|p1a: Alomomola\n|-damage|p1a: Alomomola|57\/100\n|\n|-heal|p1a: Alomomola|100\/100|[from] move: Wish|[wisher] Alomomola\n|upkeep\n|turn|13\n|\n|t:|1700728143\n|-singleturn|p2a: Turtonator|move: Shell Trap\n|move|p1a: Alomomola|Wish|p1a: Alomomola\n|move|p2a: Turtonator|Shell Trap||[still]\n|cant|p2a: Turtonator|Shell Trap|Shell Trap\n|\n|upkeep\n|turn|14\n|\n|t:|1700728151\n|move|p1a: Alomomola|Scald|p2a: Turtonator\n|-damage|p2a: Turtonator|46\/100\n|move|p2a: Turtonator|Flamethrower|p1a: Alomomola\n|-resisted|p1a: Alomomola\n|-damage|p1a: Alomomola|84\/100\n|\n|-heal|p1a: Alomomola|100\/100|[from] move: Wish|[wisher] Alomomola\n|upkeep\n|turn|15\n|\n|t:|1700728160\n|move|p1a: Alomomola|Wish|p1a: Alomomola\n|move|p2a: Turtonator|Flamethrower|p1a: Alomomola\n|-resisted|p1a: Alomomola\n|-damage|p1a: Alomomola|83\/100\n|\n|upkeep\n|turn|16\n|\n|t:|1700728167\n|move|p1a: Alomomola|Wish||[still]\n|-fail|p1a: Alomomola\n|move|p2a: Turtonator|Flamethrower|p1a: Alomomola\n|-resisted|p1a: Alomomola\n|-damage|p1a: Alomomola|65\/100\n|\n|-heal|p1a: Alomomola|100\/100|[from] move: Wish|[wisher] Alomomola\n|upkeep\n|turn|17\n|\n|t:|1700728176\n|move|p1a: Alomomola|Wish|p1a: Alomomola\n|move|p2a: Turtonator|Flamethrower|p1a: Alomomola\n|-resisted|p1a: Alomomola\n|-damage|p1a: Alomomola|84\/100\n|\n|upkeep\n|turn|18\n|\n|t:|1700728182\n|move|p1a: Alomomola|Scald|p2a: Turtonator\n|-damage|p2a: Turtonator|40\/100\n|move|p2a: Turtonator|Flamethrower|p1a: Alomomola\n|-resisted|p1a: Alomomola\n|-damage|p1a: Alomomola|66\/100\n|\n|-heal|p1a: Alomomola|100\/100|[from] move: Wish|[wisher] Alomomola\n|upkeep\n|turn|19\n|\n|t:|1700728192\n|move|p1a: Alomomola|Wish|p1a: Alomomola\n|move|p2a: Turtonator|Flamethrower|p1a: Alomomola\n|-resisted|p1a: Alomomola\n|-damage|p1a: Alomomola|83\/100\n|\n|upkeep\n|turn|20\n|\n|t:|1700728197\n|move|p1a: Alomomola|Scald|p2a: Turtonator\n|-damage|p2a: Turtonator|32\/100\n|move|p2a: Turtonator|Flamethrower|p1a: Alomomola\n|-resisted|p1a: Alomomola\n|-damage|p1a: Alomomola|67\/100\n|\n|-heal|p1a: Alomomola|100\/100|[from] move: Wish|[wisher] Alomomola\n|upkeep\n|turn|21\n|\n|t:|1700728207\n|move|p1a: Alomomola|Scald|p2a: Turtonator\n|-damage|p2a: Turtonator|25\/100\n|move|p2a: Turtonator|Flamethrower|p1a: Alomomola\n|-resisted|p1a: Alomomola\n|-damage|p1a: Alomomola|85\/100\n|\n|upkeep\n|turn|22\n|\n|t:|1700728225\n|move|p1a: Alomomola|Wish|p1a: Alomomola\n|move|p2a: Turtonator|Flamethrower|p1a: Alomomola\n|-resisted|p1a: Alomomola\n|-damage|p1a: Alomomola|67\/100\n|\n|upkeep\n|turn|23\n|\n|t:|1700728231\n|move|p1a: Alomomola|Scald|p2a: Turtonator\n|-damage|p2a: Turtonator|18\/100\n|move|p2a: Turtonator|Flamethrower|p1a: Alomomola\n|-resisted|p1a: Alomomola\n|-damage|p1a: Alomomola|51\/100\n|-status|p1a: Alomomola|brn\n|\n|-heal|p1a: Alomomola|100\/100 brn|[from] move: Wish|[wisher] Alomomola\n|-damage|p1a: Alomomola|94\/100 brn|[from] brn\n|upkeep\n|turn|24\n|c|\u2606Woundsave|I wouldn\u2019t say it\u2019s that smart to basically waste your stall mon\u2019s pp like that\n|\n|t:|1700728243\n|move|p1a: Alomomola|Wish|p1a: Alomomola\n|move|p2a: Turtonator|Flamethrower|p1a: Alomomola\n|-resisted|p1a: Alomomola\n|-damage|p1a: Alomomola|76\/100 brn\n|\n|-damage|p1a: Alomomola|70\/100 brn|[from] brn\n|upkeep\n|turn|25\n|\n|t:|1700728251\n|move|p1a: Alomomola|Scald|p2a: Turtonator\n|-damage|p2a: Turtonator|11\/100\n|move|p2a: Turtonator|Flamethrower|p1a: Alomomola\n|-resisted|p1a: Alomomola\n|-damage|p1a: Alomomola|52\/100 brn\n|\n|-heal|p1a: Alomomola|100\/100 brn|[from] move: Wish|[wisher] Alomomola\n|-damage|p1a: Alomomola|94\/100 brn|[from] brn\n|upkeep\n|turn|26\n|\n|t:|1700728262\n|move|p1a: Alomomola|Wish|p1a: Alomomola\n|move|p2a: Turtonator|Flamethrower|p1a: Alomomola\n|-resisted|p1a: Alomomola\n|-damage|p1a: Alomomola|76\/100 brn\n|\n|-damage|p1a: Alomomola|70\/100 brn|[from] brn\n|upkeep\n|turn|27\n|\n|t:|1700728270\n|move|p1a: Alomomola|Scald|p2a: Turtonator\n|-damage|p2a: Turtonator|5\/100\n|move|p2a: Turtonator|Flamethrower|p1a: Alomomola\n|-resisted|p1a: Alomomola\n|-damage|p1a: Alomomola|52\/100 brn\n|\n|-heal|p1a: Alomomola|100\/100 brn|[from] move: Wish|[wisher] Alomomola\n|-damage|p1a: Alomomola|94\/100 brn|[from] brn\n|upkeep\n|turn|28\n|\n|t:|1700728281\n|move|p1a: Alomomola|Wish|p1a: Alomomola\n|move|p2a: Turtonator|Flamethrower|p1a: Alomomola\n|-resisted|p1a: Alomomola\n|-damage|p1a: Alomomola|79\/100 brn\n|\n|-damage|p1a: Alomomola|72\/100 brn|[from] brn\n|upkeep\n|turn|29\n|\n|t:|1700728289\n|move|p2a: Turtonator|Protect|p2a: Turtonator\n|-singleturn|p2a: Turtonator|Protect\n|move|p1a: Alomomola|Knock Off|p2a: Turtonator\n|-activate|p2a: Turtonator|move: Protect\n|\n|-heal|p1a: Alomomola|100\/100 brn|[from] move: Wish|[wisher] Alomomola\n|-damage|p1a: Alomomola|94\/100 brn|[from] brn\n|upkeep\n|turn|30\n|\n|t:|1700728298\n|move|p1a: Alomomola|Knock Off|p2a: Turtonator\n|-damage|p2a: Turtonator|1\/100\n|move|p2a: Turtonator|Flamethrower|p1a: Alomomola\n|-resisted|p1a: Alomomola\n|-damage|p1a: Alomomola|77\/100 brn\n|\n|-damage|p1a: Alomomola|71\/100 brn|[from] brn\n|upkeep\n|turn|31\n|\n|t:|1700728307\n|move|p1a: Alomomola|Flip Turn|p2a: Turtonator\n|-damage|p2a: Turtonator|0 fnt\n|faint|p2a: Turtonator\n|\n|t:|1700728316\n|switch|p1a: Diancie|Diancie|100\/100|[from] Flip Turn\n|\n|upkeep\n|\n|t:|1700728325\n|switch|p2a: Rillaboom|Rillaboom, F|89\/100\n|-fieldstart|move: Grassy Terrain|[from] ability: Grassy Surge|[of] p2a: Rillaboom\n|turn|32\n|\n|t:|1700728330\n|switch|p1a: Ferrothorn|Ferrothorn, M|100\/100\n|move|p2a: Rillaboom|Drain Punch|p1a: Ferrothorn\n|-supereffective|p1a: Ferrothorn\n|-damage|p1a: Ferrothorn|60\/100\n|-heal|p2a: Rillaboom|100\/100|[from] drain|[of] p1a: Ferrothorn\n|-damage|p2a: Rillaboom|88\/100|[from] ability: Iron Barbs|[of] p1a: Ferrothorn\n|\n|-heal|p2a: Rillaboom|94\/100|[from] Grassy Terrain\n|-heal|p1a: Ferrothorn|66\/100|[from] Grassy Terrain\n|-heal|p1a: Ferrothorn|72\/100|[from] item: Leftovers\n|upkeep\n|turn|33\n|\n|t:|1700728345\n|switch|p2a: Incineroar|Incineroar, F|89\/100\n|-ability|p2a: Incineroar|Intimidate|boost\n|-unboost|p1a: Ferrothorn|atk|1\n|move|p1a: Ferrothorn|Protect||[still]\n|-fail|p1a: Ferrothorn\n|\n|-heal|p2a: Incineroar|95\/100|[from] Grassy Terrain\n|-heal|p1a: Ferrothorn|78\/100|[from] Grassy Terrain\n|-heal|p1a: Ferrothorn|85\/100|[from] item: Leftovers\n|upkeep\n|turn|34\n|\n|t:|1700728358\n|switch|p1a: Alomomola|Alomomola, F|100\/100 brn\n|move|p2a: Incineroar|Knock Off|p1a: Alomomola\n|-damage|p1a: Alomomola|80\/100 brn\n|-damage|p2a: Incineroar|79\/100|[from] item: Rocky Helmet|[of] p1a: Alomomola\n|-enditem|p1a: Alomomola|Rocky Helmet|[from] move: Knock Off|[of] p2a: Incineroar\n|\n|-heal|p2a: Incineroar|85\/100|[from] Grassy Terrain\n|-heal|p1a: Alomomola|86\/100 brn|[from] Grassy Terrain\n|-damage|p1a: Alomomola|80\/100 brn|[from] brn\n|upkeep\n|turn|35\n|\n|t:|1700728370\n|move|p2a: Incineroar|Parting Shot|p1a: Alomomola\n|-unboost|p1a: Alomomola|atk|1\n|-unboost|p1a: Alomomola|spa|1\n|\n|t:|1700728374\n|switch|p2a: Rillaboom|Rillaboom, F|94\/100|[from] Parting Shot\n|move|p1a: Alomomola|Wish|p1a: Alomomola\n|\n|-heal|p2a: Rillaboom|100\/100|[from] Grassy Terrain\n|-heal|p1a: Alomomola|86\/100 brn|[from] Grassy Terrain\n|-damage|p1a: Alomomola|80\/100 brn|[from] brn\n|upkeep\n|turn|36\n|\n|t:|1700728385\n|move|p2a: Rillaboom|Drain Punch|p1a: Alomomola\n|-damage|p1a: Alomomola|63\/100 brn\n|move|p1a: Alomomola|Flip Turn|p2a: Rillaboom\n|-resisted|p2a: Rillaboom\n|-damage|p2a: Rillaboom|98\/100\n|\n|t:|1700728394\n|switch|p1a: Tornadus|Tornadus-Therian, M|100\/100|[from] Flip Turn\n|\n|-heal|p2a: Rillaboom|100\/100|[from] Grassy Terrain\n|-fieldend|move: Grassy Terrain\n|upkeep\n|turn|37\n|\n|t:|1700728404\n|switch|p2a: Incineroar|Incineroar, F|85\/100\n|-ability|p2a: Incineroar|Intimidate|boost\n|-unboost|p1a: Tornadus|atk|1\n|move|p1a: Tornadus|Heat Wave|p2a: Incineroar\n|-resisted|p2a: Incineroar\n|-damage|p2a: Incineroar|73\/100\n|\n|upkeep\n|turn|38\n|\n|t:|1700728413\n|move|p1a: Tornadus|U-turn|p2a: Incineroar\n|-damage|p2a: Incineroar|63\/100\n|\n|t:|1700728416\n|switch|p1a: Alomomola|Alomomola, F|96\/100 brn|[from] U-turn\n|move|p2a: Incineroar|Knock Off|p1a: Alomomola\n|-damage|p1a: Alomomola|80\/100 brn\n|\n|-damage|p1a: Alomomola|74\/100 brn|[from] brn\n|upkeep\n|turn|39\n|\n|t:|1700728427\n|move|p2a: Incineroar|Parting Shot|p1a: Alomomola\n|-unboost|p1a: Alomomola|atk|1\n|-unboost|p1a: Alomomola|spa|1\n|\n|t:|1700728430\n|switch|p2a: Hydreigon|Hydreigon, M|100\/100|[from] Parting Shot\n|move|p1a: Alomomola|Wish|p1a: Alomomola\n|\n|-damage|p1a: Alomomola|68\/100 brn|[from] brn\n|upkeep\n|turn|40\n|\n|t:|1700728438\n|move|p2a: Hydreigon|Draco Meteor|p1a: Alomomola\n|-damage|p1a: Alomomola|0 fnt\n|-unboost|p2a: Hydreigon|spa|2\n|-enditem|p2a: Hydreigon|Eject Pack\n|faint|p1a: Alomomola\n|\n|t:|1700728449\n|switch|p2a: Incineroar|Incineroar, F|63\/100\n|\n|upkeep\n|l|\u2606Woundsave\n|inactive|Woundsave disconnected and has a minute to reconnect!\n|player|p2|\n|j|\u2606Woundsave\n|inactive|Woundsave reconnected.\n|player|p2|Woundsave|carmine-festival\n|\n|t:|1700728470\n|switch|p1a: Clodsire|Clodsire, M|100\/100\n|turn|41\n|\n|t:|1700728476\n|move|p2a: Incineroar|Fake Out|p1a: Clodsire\n|-damage|p1a: Clodsire|87\/100\n|cant|p1a: Clodsire|flinch\n|\n|-heal|p1a: Clodsire|93\/100|[from] item: Leftovers\n|upkeep\n|turn|42\n|\n|t:|1700728484\n|move|p2a: Incineroar|Parting Shot|p1a: Clodsire\n|-unboost|p1a: Clodsire|atk|1\n|-unboost|p1a: Clodsire|spa|1\n|\n|t:|1700728485\n|switch|p2a: Rillaboom|Rillaboom, F|100\/100|[from] Parting Shot\n|-fieldstart|move: Grassy Terrain|[from] ability: Grassy Surge|[of] p2a: Rillaboom\n|move|p1a: Clodsire|Curse|p1a: Clodsire\n|-unboost|p1a: Clodsire|spe|1\n|-boost|p1a: Clodsire|atk|1\n|-boost|p1a: Clodsire|def|1\n|\n|-heal|p1a: Clodsire|99\/100|[from] Grassy Terrain\n|-heal|p1a: Clodsire|100\/100|[from] item: Leftovers\n|upkeep\n|turn|43\n|\n|t:|1700728498\n|switch|p2a: Incineroar|Incineroar, F|63\/100\n|-ability|p2a: Incineroar|Intimidate|boost\n|-unboost|p1a: Clodsire|atk|1\n|move|p1a: Clodsire|Curse|p1a: Clodsire\n|-unboost|p1a: Clodsire|spe|1\n|-boost|p1a: Clodsire|atk|1\n|-boost|p1a: Clodsire|def|1\n|\n|-heal|p2a: Incineroar|69\/100|[from] Grassy Terrain\n|upkeep\n|turn|44\n|\n|t:|1700728509\n|move|p2a: Incineroar|Knock Off|p1a: Clodsire\n|-damage|p1a: Clodsire|79\/100\n|-enditem|p1a: Clodsire|Leftovers|[from] move: Knock Off|[of] p2a: Incineroar\n|move|p1a: Clodsire|Curse|p1a: Clodsire\n|-unboost|p1a: Clodsire|spe|1\n|-boost|p1a: Clodsire|atk|1\n|-boost|p1a: Clodsire|def|1\n|\n|-heal|p2a: Incineroar|75\/100|[from] Grassy Terrain\n|-heal|p1a: Clodsire|85\/100|[from] Grassy Terrain\n|upkeep\n|turn|45\n|\n|t:|1700728520\n|move|p2a: Incineroar|Fire Punch|p1a: Clodsire\n|-damage|p1a: Clodsire|71\/100\n|-status|p1a: Clodsire|brn\n|move|p1a: Clodsire|Liquidation|p2a: Incineroar\n|-supereffective|p2a: Incineroar\n|-damage|p2a: Incineroar|55\/100\n|\n|-heal|p2a: Incineroar|61\/100|[from] Grassy Terrain\n|-heal|p1a: Clodsire|77\/100 brn|[from] Grassy Terrain\n|-damage|p1a: Clodsire|71\/100 brn|[from] brn\n|upkeep\n|turn|46\n|\n|t:|1700728532\n|move|p2a: Incineroar|Parting Shot|p1a: Clodsire\n|-unboost|p1a: Clodsire|atk|1\n|-unboost|p1a: Clodsire|spa|1\n|\n|t:|1700728535\n|switch|p2a: Rillaboom|Rillaboom, F|100\/100|[from] Parting Shot\n|move|p1a: Clodsire|Curse|p1a: Clodsire\n|-unboost|p1a: Clodsire|spe|1\n|-boost|p1a: Clodsire|atk|1\n|-boost|p1a: Clodsire|def|1\n|\n|-heal|p1a: Clodsire|77\/100 brn|[from] Grassy Terrain\n|-damage|p1a: Clodsire|71\/100 brn|[from] brn\n|-fieldend|move: Grassy Terrain\n|upkeep\n|turn|47\n|\n|t:|1700728548\n|move|p2a: Rillaboom|U-turn|p1a: Clodsire\n|-resisted|p1a: Clodsire\n|-damage|p1a: Clodsire|64\/100 brn\n|\n|t:|1700728550\n|switch|p2a: Incineroar|Incineroar, F|61\/100|[from] U-turn\n|-ability|p2a: Incineroar|Intimidate|boost\n|-unboost|p1a: Clodsire|atk|1\n|move|p1a: Clodsire|Curse|p1a: Clodsire\n|-unboost|p1a: Clodsire|spe|1\n|-boost|p1a: Clodsire|atk|1\n|-boost|p1a: Clodsire|def|1\n|\n|-damage|p1a: Clodsire|58\/100 brn|[from] brn\n|upkeep\n|turn|48\n|\n|t:|1700728562\n|move|p2a: Incineroar|Fake Out|p1a: Clodsire\n|-damage|p1a: Clodsire|54\/100 brn\n|cant|p1a: Clodsire|flinch\n|\n|-damage|p1a: Clodsire|48\/100 brn|[from] brn\n|upkeep\n|turn|49\n|\n|t:|1700728569\n|move|p2a: Incineroar|Parting Shot|p1a: Clodsire\n|-unboost|p1a: Clodsire|atk|1\n|-unboost|p1a: Clodsire|spa|1\n|\n|t:|1700728573\n|switch|p2a: Rillaboom|Rillaboom, F|100\/100|[from] Parting Shot\n|-fieldstart|move: Grassy Terrain|[from] ability: Grassy Surge|[of] p2a: Rillaboom\n|move|p1a: Clodsire|Curse|p1a: Clodsire\n|-unboost|p1a: Clodsire|spe|1\n|-boost|p1a: Clodsire|atk|1\n|-boost|p1a: Clodsire|def|1\n|\n|-heal|p1a: Clodsire|54\/100 brn|[from] Grassy Terrain\n|-damage|p1a: Clodsire|48\/100 brn|[from] brn\n|upkeep\n|turn|50\n|\n|t:|1700728586\n|move|p2a: Rillaboom|U-turn|p1a: Clodsire\n|-resisted|p1a: Clodsire\n|-damage|p1a: Clodsire|44\/100 brn\n|\n|t:|1700728588\n|switch|p2a: Incineroar|Incineroar, F|61\/100|[from] U-turn\n|-ability|p2a: Incineroar|Intimidate|boost\n|-unboost|p1a: Clodsire|atk|1\n|move|p1a: Clodsire|Liquidation|p2a: Incineroar\n|-supereffective|p2a: Incineroar\n|-damage|p2a: Incineroar|46\/100\n|-unboost|p2a: Incineroar|def|1\n|\n|-heal|p2a: Incineroar|52\/100|[from] Grassy Terrain\n|-heal|p1a: Clodsire|50\/100 brn|[from] Grassy Terrain\n|-damage|p1a: Clodsire|44\/100 brn|[from] brn\n|upkeep\n|turn|51\n|\n|t:|1700728602\n|move|p2a: Incineroar|Fake Out|p1a: Clodsire\n|-damage|p1a: Clodsire|40\/100 brn\n|cant|p1a: Clodsire|flinch\n|\n|-heal|p2a: Incineroar|58\/100|[from] Grassy Terrain\n|-heal|p1a: Clodsire|46\/100 brn|[from] Grassy Terrain\n|-damage|p1a: Clodsire|40\/100 brn|[from] brn\n|upkeep\n|turn|52\n|\n|t:|1700728615\n|move|p2a: Incineroar|Parting Shot|p1a: Clodsire\n|-unboost|p1a: Clodsire|atk|1\n|-unboost|p1a: Clodsire|spa|1\n|\n|t:|1700728618\n|switch|p2a: Rillaboom|Rillaboom, F|100\/100|[from] Parting Shot\n|move|p1a: Clodsire|Curse|p1a: Clodsire\n|-boost|p1a: Clodsire|atk|1\n|\n|-heal|p1a: Clodsire|46\/100 brn|[from] Grassy Terrain\n|-damage|p1a: Clodsire|40\/100 brn|[from] brn\n|upkeep\n|turn|53\n|\n|t:|1700728628\n|move|p2a: Rillaboom|U-turn|p1a: Clodsire\n|-resisted|p1a: Clodsire\n|-damage|p1a: Clodsire|35\/100 brn\n|\n|t:|1700728630\n|switch|p2a: Incineroar|Incineroar, F|58\/100|[from] U-turn\n|-ability|p2a: Incineroar|Intimidate|boost\n|-unboost|p1a: Clodsire|atk|1\n|move|p1a: Clodsire|Rest|p1a: Clodsire\n|-status|p1a: Clodsire|slp|[from] move: Rest\n|-heal|p1a: Clodsire|100\/100 slp|[silent]\n|\n|-heal|p2a: Incineroar|65\/100|[from] Grassy Terrain\n|-fieldend|move: Grassy Terrain\n|upkeep\n|turn|54\n|\n|t:|1700728642\n|move|p2a: Incineroar|Parting Shot|p1a: Clodsire\n|-unboost|p1a: Clodsire|atk|1\n|-unboost|p1a: Clodsire|spa|1\n|\n|t:|1700728646\n|switch|p2a: Greninja|Greninja, M|100\/100|[from] Parting Shot\n|cant|p1a: Clodsire|slp\n|move|p1a: Clodsire|Sleep Talk|p1a: Clodsire\n|move|p1a: Clodsire|Rest||[from]move: Sleep Talk|[still]\n|-fail|p1a: Clodsire\n|\n|upkeep\n|turn|55\n|\n|t:|1700728661\n|switch|p1a: Ferrothorn|Ferrothorn, M|85\/100\n|move|p2a: Greninja|Extrasensory|p1a: Ferrothorn\n|-resisted|p1a: Ferrothorn\n|-damage|p1a: Ferrothorn|76\/100\n|\n|-heal|p1a: Ferrothorn|82\/100|[from] item: Leftovers\n|upkeep\n|turn|56\n|\n|t:|1700728672\n|switch|p2a: Incineroar|Incineroar, F|65\/100\n|-ability|p2a: Incineroar|Intimidate|boost\n|-unboost|p1a: Ferrothorn|atk|1\n|move|p1a: Ferrothorn|Leech Seed|p2a: Incineroar\n|-start|p2a: Incineroar|move: Leech Seed\n|\n|-heal|p1a: Ferrothorn|88\/100|[from] item: Leftovers\n|-damage|p2a: Incineroar|52\/100|[from] Leech Seed|[of] p1a: Ferrothorn\n|-heal|p1a: Ferrothorn|99\/100|[silent]\n|upkeep\n|turn|57\n|\n|t:|1700728688\n|switch|p1a: Clodsire|Clodsire, M|100\/100 slp\n|move|p2a: Incineroar|Fire Punch|p1a: Clodsire\n|-damage|p1a: Clodsire|64\/100 slp\n|\n|-damage|p2a: Incineroar|40\/100|[from] Leech Seed|[of] p1a: Clodsire\n|-heal|p1a: Clodsire|73\/100 slp|[silent]\n|upkeep\n|turn|58\n|inactive|dabaofanqie has 120 seconds left.\n|\n|t:|1700728710\n|switch|p1a: Ferrothorn|Ferrothorn, M|99\/100\n|move|p2a: Incineroar|Parting Shot|p1a: Ferrothorn\n|-unboost|p1a: Ferrothorn|atk|1\n|-unboost|p1a: Ferrothorn|spa|1\n|\n|t:|1700728720\n|switch|p2a: Hydreigon|Hydreigon, M|100\/100|[from] Parting Shot\n|\n|-heal|p1a: Ferrothorn|100\/100|[from] item: Leftovers\n|upkeep\n|turn|59\n|\n|t:|1700728730\n|switch|p1a: Clodsire|Clodsire, M|73\/100 slp\n|move|p2a: Hydreigon|Dark Pulse|p1a: Clodsire\n|-damage|p1a: Clodsire|49\/100 slp\n|\n|upkeep\n|turn|60\n|\n|t:|1700728738\n|move|p2a: Hydreigon|Dark Pulse|p1a: Clodsire\n|-damage|p1a: Clodsire|27\/100 slp\n|cant|p1a: Clodsire|slp\n|\n|upkeep\n|turn|61\n|\n|t:|1700728749\n|switch|p1a: Ferrothorn|Ferrothorn, M|100\/100\n|move|p2a: Hydreigon|Draco Meteor|p1a: Ferrothorn\n|-resisted|p1a: Ferrothorn\n|-damage|p1a: Ferrothorn|68\/100\n|-unboost|p2a: Hydreigon|spa|2\n|\n|-heal|p1a: Ferrothorn|75\/100|[from] item: Leftovers\n|upkeep\n|turn|62\n|\n|t:|1700728759\n|move|p2a: Hydreigon|Protect|p2a: Hydreigon\n|-singleturn|p2a: Hydreigon|Protect\n|move|p1a: Ferrothorn|Leech Seed|p2a: Hydreigon\n|-activate|p2a: Hydreigon|move: Protect\n|\n|-heal|p1a: Ferrothorn|81\/100|[from] item: Leftovers\n|upkeep\n|turn|63\n|\n|t:|1700728767\n|switch|p2a: Incineroar|Incineroar, F|40\/100\n|-ability|p2a: Incineroar|Intimidate|boost\n|-unboost|p1a: Ferrothorn|atk|1\n|move|p1a: Ferrothorn|Leech Seed|p2a: Incineroar\n|-start|p2a: Incineroar|move: Leech Seed\n|\n|-heal|p1a: Ferrothorn|87\/100|[from] item: Leftovers\n|-damage|p2a: Incineroar|28\/100|[from] Leech Seed|[of] p1a: Ferrothorn\n|-heal|p1a: Ferrothorn|99\/100|[silent]\n|upkeep\n|turn|64\n|\n|t:|1700728781\n|switch|p2a: Rillaboom|Rillaboom, F|100\/100\n|-fieldstart|move: Grassy Terrain|[from] ability: Grassy Surge|[of] p2a: Rillaboom\n|switch|p1a: Diancie|Diancie|100\/100\n|\n|upkeep\n|turn|65\n|\n|t:|1700728798\n|switch|p1a: Ferrothorn|Ferrothorn, M|99\/100\n|move|p2a: Rillaboom|Drain Punch|p1a: Ferrothorn\n|-supereffective|p1a: Ferrothorn\n|-damage|p1a: Ferrothorn|62\/100\n|-damage|p2a: Rillaboom|88\/100|[from] ability: Iron Barbs|[of] p1a: Ferrothorn\n|\n|-heal|p2a: Rillaboom|94\/100|[from] Grassy Terrain\n|-heal|p1a: Ferrothorn|68\/100|[from] Grassy Terrain\n|-heal|p1a: Ferrothorn|74\/100|[from] item: Leftovers\n|upkeep\n|turn|66\n|\n|t:|1700728813\n|move|p2a: Rillaboom|Drain Punch|p1a: Ferrothorn\n|-supereffective|p1a: Ferrothorn\n|-damage|p1a: Ferrothorn|36\/100\n|-heal|p2a: Rillaboom|100\/100|[from] drain|[of] p1a: Ferrothorn\n|-damage|p2a: Rillaboom|88\/100|[from] ability: Iron Barbs|[of] p1a: Ferrothorn\n|move|p1a: Ferrothorn|Knock Off|p2a: Rillaboom\n|-damage|p2a: Rillaboom|66\/100\n|-enditem|p2a: Rillaboom|Choice Band|[from] move: Knock Off|[of] p1a: Ferrothorn\n|\n|-heal|p2a: Rillaboom|73\/100|[from] Grassy Terrain\n|-heal|p1a: Ferrothorn|42\/100|[from] Grassy Terrain\n|-heal|p1a: Ferrothorn|49\/100|[from] item: Leftovers\n|upkeep\n|turn|67\n|\n|t:|1700728828\n|move|p1a: Ferrothorn|Protect|p1a: Ferrothorn\n|-singleturn|p1a: Ferrothorn|Protect\n|move|p2a: Rillaboom|Knock Off|p1a: Ferrothorn\n|-activate|p1a: Ferrothorn|move: Protect\n|\n|-heal|p2a: Rillaboom|79\/100|[from] Grassy Terrain\n|-heal|p1a: Ferrothorn|55\/100|[from] Grassy Terrain\n|-heal|p1a: Ferrothorn|61\/100|[from] item: Leftovers\n|upkeep\n|turn|68\n|\n|t:|1700728845\n|switch|p1a: Tornadus|Tornadus-Therian, M|100\/100\n|move|p2a: Rillaboom|Knock Off|p1a: Tornadus\n|-damage|p1a: Tornadus|60\/100\n|-enditem|p1a: Tornadus|Heavy-Duty Boots|[from] move: Knock Off|[of] p2a: Rillaboom\n|\n|-heal|p2a: Rillaboom|85\/100|[from] Grassy Terrain\n|-fieldend|move: Grassy Terrain\n|upkeep\n|turn|69\n|\n|t:|1700728858\n|switch|p2a: Incineroar|Incineroar, F|28\/100\n|-ability|p2a: Incineroar|Intimidate|boost\n|-unboost|p1a: Tornadus|atk|1\n|move|p1a: Tornadus|Heat Wave|p2a: Incineroar\n|-resisted|p2a: Incineroar\n|-damage|p2a: Incineroar|15\/100\n|\n|upkeep\n|turn|70\n|\n|t:|1700728872\n|move|p1a: Tornadus|Hurricane|p2a: Incineroar\n|-damage|p2a: Incineroar|0 fnt\n|faint|p2a: Incineroar\n|\n|upkeep\n|\n|t:|1700728877\n|switch|p2a: Hydreigon|Hydreigon, M|100\/100\n|turn|71\n|\n|t:|1700728882\n|move|p1a: Tornadus|U-turn|p2a: Hydreigon\n|-supereffective|p2a: Hydreigon\n|-damage|p2a: Hydreigon|78\/100\n|\n|t:|1700728887\n|switch|p1a: Diancie|Diancie|100\/100|[from] U-turn\n|move|p2a: Hydreigon|Flash Cannon|p1a: Diancie\n|-supereffective|p1a: Diancie\n|-damage|p1a: Diancie|0 fnt\n|faint|p1a: Diancie\n|\n|upkeep\n|\n|t:|1700728901\n|switch|p1a: Ferrothorn|Ferrothorn, M|61\/100\n|turn|72\n|\n|t:|1700728908\n|move|p1a: Ferrothorn|Protect|p1a: Ferrothorn\n|-singleturn|p1a: Ferrothorn|Protect\n|move|p2a: Hydreigon|Draco Meteor|p1a: Ferrothorn\n|-activate|p1a: Ferrothorn|move: Protect\n|\n|-heal|p1a: Ferrothorn|67\/100|[from] item: Leftovers\n|upkeep\n|turn|73\n|\n|t:|1700728916\n|move|p2a: Hydreigon|Draco Meteor|p1a: Ferrothorn\n|-resisted|p1a: Ferrothorn\n|-damage|p1a: Ferrothorn|35\/100\n|-unboost|p2a: Hydreigon|spa|2\n|move|p1a: Ferrothorn|Leech Seed|p2a: Hydreigon\n|-start|p2a: Hydreigon|move: Leech Seed\n|\n|-heal|p1a: Ferrothorn|41\/100|[from] item: Leftovers\n|-damage|p2a: Hydreigon|65\/100|[from] Leech Seed|[of] p1a: Ferrothorn\n|-heal|p1a: Ferrothorn|53\/100|[silent]\n|upkeep\n|turn|74\n|\n|t:|1700728928\n|switch|p2a: Rillaboom|Rillaboom, F|85\/100\n|-fieldstart|move: Grassy Terrain|[from] ability: Grassy Surge|[of] p2a: Rillaboom\n|move|p1a: Ferrothorn|Knock Off|p2a: Rillaboom\n|-crit|p2a: Rillaboom\n|-damage|p2a: Rillaboom|61\/100\n|\n|-heal|p2a: Rillaboom|67\/100|[from] Grassy Terrain\n|-heal|p1a: Ferrothorn|59\/100|[from] Grassy Terrain\n|-heal|p1a: Ferrothorn|66\/100|[from] item: Leftovers\n|upkeep\n|turn|75\n|\n|t:|1700728943\n|move|p2a: Rillaboom|Drain Punch|p1a: Ferrothorn\n|-supereffective|p1a: Ferrothorn\n|-damage|p1a: Ferrothorn|41\/100\n|-heal|p2a: Rillaboom|80\/100|[from] drain|[of] p1a: Ferrothorn\n|-damage|p2a: Rillaboom|67\/100|[from] ability: Iron Barbs|[of] p1a: Ferrothorn\n|move|p1a: Ferrothorn|Gyro Ball|p2a: Rillaboom\n|-damage|p2a: Rillaboom|10\/100\n|\n|-heal|p2a: Rillaboom|16\/100|[from] Grassy Terrain\n|-heal|p1a: Ferrothorn|47\/100|[from] Grassy Terrain\n|-heal|p1a: Ferrothorn|54\/100|[from] item: Leftovers\n|upkeep\n|turn|76\n|\n|t:|1700728960\n|move|p2a: Rillaboom|Knock Off|p1a: Ferrothorn\n|-damage|p1a: Ferrothorn|35\/100\n|-damage|p2a: Rillaboom|4\/100|[from] ability: Iron Barbs|[of] p1a: Ferrothorn\n|-enditem|p1a: Ferrothorn|Leftovers|[from] move: Knock Off|[of] p2a: Rillaboom\n|move|p1a: Ferrothorn|Knock Off|p2a: Rillaboom\n|-damage|p2a: Rillaboom|0 fnt\n|faint|p2a: Rillaboom\n|\n|-heal|p1a: Ferrothorn|42\/100|[from] Grassy Terrain\n|upkeep\n|\n|t:|1700728967\n|switch|p2a: Sneasler|Sneasler, M|100\/100\n|-enditem|p2a: Sneasler|Grassy Seed\n|-boost|p2a: Sneasler|def|1|[from] item: Grassy Seed\n|turn|77\n|\n|t:|1700728978\n|move|p1a: Ferrothorn|Protect|p1a: Ferrothorn\n|-singleturn|p1a: Ferrothorn|Protect\n|move|p2a: Sneasler|Swords Dance|p2a: Sneasler\n|-boost|p2a: Sneasler|atk|2\n|\n|-heal|p1a: Ferrothorn|48\/100|[from] Grassy Terrain\n|upkeep\n|turn|78\n|\n|t:|1700728989\n|move|p2a: Sneasler|Acrobatics|p1a: Ferrothorn\n|-damage|p1a: Ferrothorn|4\/100\n|-damage|p2a: Sneasler|88\/100|[from] ability: Iron Barbs|[of] p1a: Ferrothorn\n|move|p1a: Ferrothorn|Leech Seed|p2a: Sneasler\n|-start|p2a: Sneasler|move: Leech Seed\n|\n|-heal|p2a: Sneasler|94\/100|[from] Grassy Terrain\n|-heal|p1a: Ferrothorn|10\/100|[from] Grassy Terrain\n|-damage|p2a: Sneasler|82\/100|[from] Leech Seed|[of] p1a: Ferrothorn\n|-heal|p1a: Ferrothorn|22\/100|[silent]\n|-fieldend|move: Grassy Terrain\n|upkeep\n|turn|79\n|\n|t:|1700729001\n|move|p1a: Ferrothorn|Protect|p1a: Ferrothorn\n|-singleturn|p1a: Ferrothorn|Protect\n|move|p2a: Sneasler|Acrobatics|p1a: Ferrothorn\n|-activate|p1a: Ferrothorn|move: Protect\n|\n|-damage|p2a: Sneasler|69\/100|[from] Leech Seed|[of] p1a: Ferrothorn\n|-heal|p1a: Ferrothorn|33\/100|[silent]\n|upkeep\n|turn|80\n|inactive|dabaofanqie has 120 seconds left.\n|\n|t:|1700729015\n|switch|p1a: Clodsire|Clodsire, M|27\/100 slp\n|move|p2a: Sneasler|Acrobatics|p1a: Clodsire\n|-damage|p1a: Clodsire|0 fnt\n|faint|p1a: Clodsire\n|\n|upkeep\n|inactive|dabaofanqie has 120 seconds left.\n|\n|t:|1700729023\n|switch|p1a: Ferrothorn|Ferrothorn, M|33\/100\n|turn|81\n|\n|t:|1700729027\n|move|p1a: Ferrothorn|Protect|p1a: Ferrothorn\n|-singleturn|p1a: Ferrothorn|Protect\n|move|p2a: Sneasler|Acrobatics|p1a: Ferrothorn\n|-activate|p1a: Ferrothorn|move: Protect\n|\n|-damage|p2a: Sneasler|57\/100|[from] Leech Seed|[of] p1a: Ferrothorn\n|-heal|p1a: Ferrothorn|45\/100|[silent]\n|upkeep\n|turn|82\n|\n|t:|1700729037\n|move|p2a: Sneasler|Acrobatics|p1a: Ferrothorn\n|-damage|p1a: Ferrothorn|1\/100\n|-damage|p2a: Sneasler|44\/100|[from] ability: Iron Barbs|[of] p1a: Ferrothorn\n|move|p1a: Ferrothorn|Gyro Ball|p2a: Sneasler\n|-damage|p2a: Sneasler|0 fnt\n|faint|p2a: Sneasler\n|\n|upkeep\n|\n|t:|1700729043\n|switch|p2a: Greninja|Greninja, M|100\/100\n|turn|83\n|\n|t:|1700729051\n|switch|p1a: Tornadus|Tornadus-Therian, M|93\/100\n|move|p2a: Greninja|Water Shuriken|p1a: Tornadus\n|-damage|p1a: Tornadus|86\/100\n|-damage|p1a: Tornadus|79\/100\n|-damage|p1a: Tornadus|71\/100\n|-damage|p1a: Tornadus|63\/100\n|-hitcount|p1a: Tornadus|4\n|\n|upkeep\n|turn|84\n|\n|t:|1700729062\n|move|p2a: Greninja|Protect|p2a: Greninja\n|-singleturn|p2a: Greninja|Protect\n|move|p1a: Tornadus|Hurricane|p2a: Greninja\n|-activate|p2a: Greninja|move: Protect\n|\n|upkeep\n|turn|85\n|\n|t:|1700729073\n|-terastallize|p2a: Greninja|Water\n|move|p2a: Greninja|Water Shuriken|p1a: Tornadus\n|-damage|p1a: Tornadus|53\/100\n|-damage|p1a: Tornadus|43\/100\n|-damage|p1a: Tornadus|33\/100\n|-damage|p1a: Tornadus|23\/100\n|-hitcount|p1a: Tornadus|4\n|move|p1a: Tornadus|Hurricane|p2a: Greninja\n|-damage|p2a: Greninja|35\/100\n|\n|upkeep\n|turn|86\n|inactive|dabaofanqie has 120 seconds left.\n|\n|t:|1700729086\n|switch|p1a: Great Tusk|Great Tusk|100\/100\n|move|p2a: Greninja|Water Shuriken|p1a: Great Tusk\n|-supereffective|p1a: Great Tusk\n|-damage|p1a: Great Tusk|78\/100\n|-supereffective|p1a: Great Tusk\n|-damage|p1a: Great Tusk|56\/100\n|-supereffective|p1a: Great Tusk\n|-damage|p1a: Great Tusk|33\/100\n|-supereffective|p1a: Great Tusk\n|-damage|p1a: Great Tusk|13\/100\n|-hitcount|p1a: Great Tusk|4\n|\n|upkeep\n|turn|87\n|inactive|dabaofanqie has 120 seconds left.\n|\n|t:|1700729103\n|move|p2a: Greninja|Water Shuriken|p1a: Great Tusk\n|-supereffective|p1a: Great Tusk\n|-damage|p1a: Great Tusk|0 fnt\n|faint|p1a: Great Tusk\n|-end|p1a: Great Tusk|Protosynthesis|[silent]\n|-ability|p2a: Greninja|Battle Bond|boost\n|-boost|p2a: Greninja|atk|1\n|-boost|p2a: Greninja|spa|1\n|-boost|p2a: Greninja|spe|1\n|-activate|p2a: Greninja|ability: Battle Bond\n|-hitcount|p1: Great Tusk|1\n|\n|upkeep\n|\n|t:|1700729113\n|switch|p1a: Tornadus|Tornadus-Therian, M|56\/100\n|turn|88\n|\n|t:|1700729121\n|move|p2a: Greninja|Water Shuriken|p1a: Tornadus\n|-damage|p1a: Tornadus|42\/100\n|-damage|p1a: Tornadus|26\/100\n|-damage|p1a: Tornadus|10\/100\n|-damage|p1a: Tornadus|0 fnt\n|faint|p1a: Tornadus\n|-hitcount|p1: Tornadus|4\n|\n|upkeep\n|-message|dabaofanqie forfeited.\n|\n|win|Woundsave\n|raw|dabaofanqie's rating: 1189 &rarr; <strong>1167<\/strong><br \/>(-22 for losing)\n|raw|Woundsave's rating: 1228 &rarr; <strong>1250<\/strong><br \/>(+22 for winning)\n|l|\u2606dabaofanqie\n","uploadtime":1700729133,"views":7,"p1id":"dabaofanqie","p2id":"woundsave","formatid":"gen9nationaldex","rating":1167,"private":0,"password":""}