{"id":"gen9nationaldex-1996548304","p1":"Brick_Enjoyer_144","p2":"whenthetheyouknow","format":"[Gen 9] National Dex","log":"|html|<div class=\"broadcast-blue\"><strong>[Gen 9] National Dex is currently suspecting Sneasler! For information on how to participate check out the <a href=\"https:\/\/www.smogon.com\/forums\/threads\/sv-national-dex-suspect-8-just-dance.3731534\/\">suspect thread<\/a>.<\/strong><\/div>\n|j|\u2606Brick_Enjoyer_144\n|j|\u2606whenthetheyouknow\n|t:|1700693038\n|gametype|singles\n|player|p1|Brick_Enjoyer_144|shauntal|\n|player|p2|whenthetheyouknow|nanu|\n|teamsize|p1|6\n|teamsize|p2|6\n|gen|9\n|tier|[Gen 9] National Dex\n|rule|HP Percentage Mod: HP is shown in percentages\n|rule|Endless Battle Clause: Forcing endless battles is banned\n|rule|OHKO Clause: OHKO moves are banned\n|rule|Evasion Clause: Evasion abilities, items, and moves are banned\n|rule|Evasion Abilities Clause: Evasion abilities are banned\n|rule|Evasion Items Clause: Evasion items are banned\n|rule|Evasion Moves Clause: Evasion moves are banned\n|rule|Species Clause: Limit one of each Pok\u00e9mon\n|rule|Sleep Clause Mod: Limit one foe put to sleep\n|clearpoke\n|poke|p1|Banette, F|\n|poke|p1|Ogerpon-Wellspring, F|\n|poke|p1|Lucario, F|\n|poke|p1|Greninja-*, F|\n|poke|p1|Volcarona, F|\n|poke|p1|Hydreigon, F|\n|poke|p2|Conkeldurr, F|\n|poke|p2|Ursaluna, F|\n|poke|p2|Gliscor, M|\n|poke|p2|Garganacl, F|\n|poke|p2|Hoopa-Unbound|\n|poke|p2|Sceptile, F|\n|teampreview\n|inactive|Battle timer is ON: inactive players will automatically lose when time's up. (requested by Brick_Enjoyer_144)\n|\n|t:|1700693060\n|start\n|switch|p1a: Lucario|Lucario, F, shiny|100\/100\n|switch|p2a: Garganacl|Garganacl, F|100\/100\n|turn|1\n|\n|t:|1700693075\n|move|p1a: Lucario|Swords Dance|p1a: Lucario\n|-boost|p1a: Lucario|atk|2\n|move|p2a: Garganacl|Salt Cure|p1a: Lucario\n|-resisted|p1a: Lucario\n|-damage|p1a: Lucario|95\/100\n|-start|p1a: Lucario|Salt Cure\n|\n|-damage|p1a: Lucario|70\/100|[from] Salt Cure\n|upkeep\n|turn|2\n|\n|t:|1700693083\n|move|p2a: Garganacl|Protect|p2a: Garganacl\n|-singleturn|p2a: Garganacl|Protect\n|move|p1a: Lucario|Close Combat|p2a: Garganacl\n|-activate|p2a: Garganacl|move: Protect\n|\n|-damage|p1a: Lucario|45\/100|[from] Salt Cure\n|upkeep\n|turn|3\n|\n|t:|1700693094\n|switch|p2a: Gliscor|Gliscor, M|100\/100\n|move|p1a: Lucario|Close Combat|p2a: Gliscor\n|-resisted|p2a: Gliscor\n|-damage|p2a: Gliscor|35\/100\n|-unboost|p1a: Lucario|def|1\n|-unboost|p1a: Lucario|spd|1\n|-damage|p1a: Lucario|35\/100|[from] item: Life Orb\n|\n|-damage|p1a: Lucario|10\/100|[from] Salt Cure\n|-status|p2a: Gliscor|tox|[from] item: Toxic Orb\n|upkeep\n|turn|4\n|\n|t:|1700693108\n|move|p2a: Gliscor|Protect|p2a: Gliscor\n|-singleturn|p2a: Gliscor|Protect\n|move|p1a: Lucario|Extreme Speed|p2a: Gliscor\n|-activate|p2a: Gliscor|move: Protect\n|\n|-heal|p2a: Gliscor|47\/100 tox|[from] ability: Poison Heal\n|-damage|p1a: Lucario|0 fnt|[from] Salt Cure\n|faint|p1a: Lucario\n|upkeep\n|\n|t:|1700693120\n|switch|p1a: Greninja|Greninja, F, shiny|100\/100\n|turn|5\n|\n|t:|1700693128\n|switch|p2a: Sceptile|Sceptile, F|100\/100\n|move|p1a: Greninja|Ice Beam|p2a: Sceptile\n|-start|p1a: Greninja|typechange|Ice|[from] ability: Protean\n|-supereffective|p2a: Sceptile\n|-damage|p2a: Sceptile|0 fnt\n|faint|p2a: Sceptile\n|\n|upkeep\n|\n|t:|1700693137\n|switch|p2a: Conkeldurr|Conkeldurr, F|100\/100\n|turn|6\n|\n|t:|1700693145\n|switch|p1a: Banette|Banette, F, shiny|100\/100\n|-item|p2a: Conkeldurr|Flame Orb|[from] ability: Frisk|[of] p1a: Banette|[identify]\n|move|p2a: Conkeldurr|Mach Punch|p1a: Banette\n|-immune|p1a: Banette\n|\n|-status|p2a: Conkeldurr|brn|[from] item: Flame Orb\n|upkeep\n|turn|7\n|\n|t:|1700693165\n|switch|p1a: Greninja|Greninja, F, shiny|100\/100\n|move|p2a: Conkeldurr|Knock Off|p1a: Greninja\n|-resisted|p1a: Greninja\n|-damage|p1a: Greninja|55\/100\n|-enditem|p1a: Greninja|Choice Specs|[from] move: Knock Off|[of] p2a: Conkeldurr\n|\n|-damage|p2a: Conkeldurr|94\/100 brn|[from] brn\n|upkeep\n|turn|8\n|\n|t:|1700693176\n|move|p2a: Conkeldurr|Mach Punch|p1a: Greninja\n|-supereffective|p1a: Greninja\n|-crit|p1a: Greninja\n|-damage|p1a: Greninja|0 fnt\n|faint|p1a: Greninja\n|\n|-damage|p2a: Conkeldurr|88\/100 brn|[from] brn\n|upkeep\n|inactive|Brick_Enjoyer_144 has 270 seconds left.\n|\n|t:|1700693198\n|switch|p1a: Banette|Banette, F, shiny|100\/100\n|-item|p2a: Conkeldurr|Flame Orb|[from] ability: Frisk|[of] p1a: Banette|[identify]\n|turn|9\n|inactive|Brick_Enjoyer_144 has 270 seconds left.\n|\n|t:|1700693208\n|detailschange|p1a: Banette|Banette-Mega, F, shiny\n|-mega|p1a: Banette|Banette|Banettite\n|move|p1a: Banette|Destiny Bond|p1a: Banette\n|-singlemove|p1a: Banette|Destiny Bond\n|move|p2a: Conkeldurr|Knock Off|p1a: Banette\n|-supereffective|p1a: Banette\n|-damage|p1a: Banette|0 fnt\n|faint|p1a: Banette\n|-activate|p1a: Banette|move: Destiny Bond\n|faint|p2a: Conkeldurr\n|\n|upkeep\n|inactive|Brick_Enjoyer_144 has 270 seconds left.\n|\n|t:|1700693223\n|switch|p1a: Hydreigon|Hydreigon, F, shiny|100\/100\n|switch|p2a: Garganacl|Garganacl, F|100\/100\n|turn|10\n|\n|t:|1700693232\n|move|p2a: Garganacl|Protect|p2a: Garganacl\n|-singleturn|p2a: Garganacl|Protect\n|move|p1a: Hydreigon|Draco Meteor|p2a: Garganacl\n|-activate|p2a: Garganacl|move: Protect\n|\n|upkeep\n|turn|11\n|inactive|whenthetheyouknow has 270 seconds left.\n|\n|t:|1700693271\n|switch|p2a: Gliscor|Gliscor, M|47\/100 tox\n|move|p1a: Hydreigon|Draco Meteor|p2a: Gliscor\n|-damage|p2a: Gliscor|0 fnt\n|-unboost|p1a: Hydreigon|spa|2\n|faint|p2a: Gliscor\n|\n|upkeep\n|\n|t:|1700693279\n|switch|p2a: Ursaluna|Ursaluna, F|100\/100\n|turn|12\n|\n|t:|1700693290\n|switch|p1a: Ogerpon|Ogerpon-Wellspring, F|100\/100\n|move|p2a: Ursaluna|Drain Punch|p1a: Ogerpon\n|-damage|p1a: Ogerpon|63\/100\n|\n|-status|p2a: Ursaluna|brn|[from] item: Flame Orb\n|upkeep\n|turn|13\n|\n|t:|1700693305\n|-terastallize|p1a: Ogerpon|Water\n|detailschange|p1a: Ogerpon|Ogerpon-Wellspring-Tera, F, tera:Water\n|-ability|p1a: Ogerpon|Embody Aspect (Wellspring)|boost\n|-boost|p1a: Ogerpon|spd|1\n|move|p1a: Ogerpon|Ivy Cudgel|p2a: Ursaluna|[anim] Ivy Cudgel Water\n|-supereffective|p2a: Ursaluna\n|-damage|p2a: Ursaluna|0 fnt\n|faint|p2a: Ursaluna\n|\n|upkeep\n|\n|t:|1700693314\n|switch|p2a: Hoopa|Hoopa-Unbound|100\/100\n|turn|14\n|\n|t:|1700693329\n|move|p1a: Ogerpon|Play Rough|p2a: Hoopa\n|-supereffective|p2a: Hoopa\n|-damage|p2a: Hoopa|0 fnt\n|faint|p2a: Hoopa\n|\n|upkeep\n|\n|t:|1700693334\n|switch|p2a: Garganacl|Garganacl, F|100\/100\n|turn|15\n|\n|t:|1700693340\n|-terastallize|p2a: Garganacl|Water\n|move|p1a: Ogerpon|Ivy Cudgel|p2a: Garganacl|[anim] Ivy Cudgel Water\n|-resisted|p2a: Garganacl\n|-damage|p2a: Garganacl|79\/100\n|move|p2a: Garganacl|Salt Cure|p1a: Ogerpon\n|-damage|p1a: Ogerpon|45\/100\n|-start|p1a: Ogerpon|Salt Cure\n|\n|-heal|p2a: Garganacl|85\/100|[from] item: Leftovers\n|-damage|p1a: Ogerpon|20\/100|[from] Salt Cure\n|upkeep\n|turn|16\n|inactive|whenthetheyouknow has 270 seconds left.\n|\n|t:|1700693380\n|move|p1a: Ogerpon|Horn Leech|p2a: Garganacl\n|-supereffective|p2a: Garganacl\n|-damage|p2a: Garganacl|42\/100\n|-heal|p1a: Ogerpon|50\/100|[from] drain|[of] p2a: Garganacl\n|move|p2a: Garganacl|Recover|p2a: Garganacl\n|-heal|p2a: Garganacl|92\/100\n|\n|-heal|p2a: Garganacl|98\/100|[from] item: Leftovers\n|-damage|p1a: Ogerpon|25\/100|[from] Salt Cure\n|upkeep\n|turn|17\n|\n|t:|1700693386\n|move|p2a: Garganacl|Protect|p2a: Garganacl\n|-singleturn|p2a: Garganacl|Protect\n|move|p1a: Ogerpon|Horn Leech|p2a: Garganacl\n|-activate|p2a: Garganacl|move: Protect\n|\n|-heal|p2a: Garganacl|100\/100|[from] item: Leftovers\n|-damage|p1a: Ogerpon|0 fnt|[from] Salt Cure\n|faint|p1a: Ogerpon\n|upkeep\n|\n|t:|1700693396\n|switch|p1a: Volcarona|Volcarona, F, shiny|100\/100\n|turn|18\n|\n|t:|1700693403\n|move|p1a: Volcarona|Giga Drain|p2a: Garganacl\n|-supereffective|p2a: Garganacl\n|-damage|p2a: Garganacl|47\/100\n|move|p2a: Garganacl|Salt Cure|p1a: Volcarona\n|-supereffective|p1a: Volcarona\n|-damage|p1a: Volcarona|14\/100\n|-start|p1a: Volcarona|Salt Cure\n|\n|-heal|p2a: Garganacl|53\/100|[from] item: Leftovers\n|-damage|p1a: Volcarona|2\/100|[from] Salt Cure\n|upkeep\n|turn|19\n|inactive|whenthetheyouknow has 270 seconds left.\n|\n|t:|1700693413\n|move|p1a: Volcarona|Giga Drain|p2a: Garganacl\n|-supereffective|p2a: Garganacl\n|-damage|p2a: Garganacl|3\/100\n|-heal|p1a: Volcarona|35\/100|[from] drain|[of] p2a: Garganacl\n|move|p2a: Garganacl|Recover|p2a: Garganacl\n|-heal|p2a: Garganacl|53\/100\n|\n|-heal|p2a: Garganacl|59\/100|[from] item: Leftovers\n|-damage|p1a: Volcarona|23\/100|[from] Salt Cure\n|upkeep\n|turn|20\n|\n|t:|1700693419\n|move|p2a: Garganacl|Protect|p2a: Garganacl\n|-singleturn|p2a: Garganacl|Protect\n|move|p1a: Volcarona|Giga Drain|p2a: Garganacl\n|-activate|p2a: Garganacl|move: Protect\n|\n|-heal|p2a: Garganacl|65\/100|[from] item: Leftovers\n|-damage|p1a: Volcarona|10\/100|[from] Salt Cure\n|upkeep\n|turn|21\n|\n|t:|1700693426\n|move|p1a: Volcarona|Giga Drain|p2a: Garganacl\n|-supereffective|p2a: Garganacl\n|-damage|p2a: Garganacl|11\/100\n|-heal|p1a: Volcarona|46\/100|[from] drain|[of] p2a: Garganacl\n|move|p2a: Garganacl|Recover|p2a: Garganacl\n|-heal|p2a: Garganacl|61\/100\n|\n|-heal|p2a: Garganacl|67\/100|[from] item: Leftovers\n|-damage|p1a: Volcarona|33\/100|[from] Salt Cure\n|upkeep\n|turn|22\n|\n|t:|1700693431\n|move|p2a: Garganacl|Protect|p2a: Garganacl\n|-singleturn|p2a: Garganacl|Protect\n|move|p1a: Volcarona|Giga Drain|p2a: Garganacl\n|-activate|p2a: Garganacl|move: Protect\n|\n|-heal|p2a: Garganacl|74\/100|[from] item: Leftovers\n|-damage|p1a: Volcarona|21\/100|[from] Salt Cure\n|upkeep\n|turn|23\n|\n|t:|1700693434\n|move|p1a: Volcarona|Giga Drain|p2a: Garganacl\n|-supereffective|p2a: Garganacl\n|-damage|p2a: Garganacl|21\/100\n|-heal|p1a: Volcarona|55\/100|[from] drain|[of] p2a: Garganacl\n|move|p2a: Garganacl|Recover|p2a: Garganacl\n|-heal|p2a: Garganacl|71\/100\n|\n|-heal|p2a: Garganacl|77\/100|[from] item: Leftovers\n|-damage|p1a: Volcarona|43\/100|[from] Salt Cure\n|upkeep\n|turn|24\n|\n|t:|1700693438\n|move|p2a: Garganacl|Protect|p2a: Garganacl\n|-singleturn|p2a: Garganacl|Protect\n|move|p1a: Volcarona|Giga Drain|p2a: Garganacl\n|-activate|p2a: Garganacl|move: Protect\n|\n|-heal|p2a: Garganacl|83\/100|[from] item: Leftovers\n|-damage|p1a: Volcarona|31\/100|[from] Salt Cure\n|upkeep\n|turn|25\n|\n|t:|1700693441\n|move|p1a: Volcarona|Giga Drain|p2a: Garganacl\n|-supereffective|p2a: Garganacl\n|-damage|p2a: Garganacl|26\/100\n|-heal|p1a: Volcarona|68\/100|[from] drain|[of] p2a: Garganacl\n|move|p2a: Garganacl|Recover|p2a: Garganacl\n|-heal|p2a: Garganacl|76\/100\n|\n|-heal|p2a: Garganacl|82\/100|[from] item: Leftovers\n|-damage|p1a: Volcarona|56\/100|[from] Salt Cure\n|upkeep\n|turn|26\n|\n|t:|1700693444\n|move|p2a: Garganacl|Protect|p2a: Garganacl\n|-singleturn|p2a: Garganacl|Protect\n|move|p1a: Volcarona|Giga Drain|p2a: Garganacl\n|-activate|p2a: Garganacl|move: Protect\n|\n|-heal|p2a: Garganacl|88\/100|[from] item: Leftovers\n|-damage|p1a: Volcarona|44\/100|[from] Salt Cure\n|upkeep\n|turn|27\n|\n|t:|1700693446\n|move|p1a: Volcarona|Giga Drain|p2a: Garganacl\n|-supereffective|p2a: Garganacl\n|-damage|p2a: Garganacl|30\/100\n|-heal|p1a: Volcarona|82\/100|[from] drain|[of] p2a: Garganacl\n|move|p2a: Garganacl|Salt Cure|p1a: Volcarona\n|-supereffective|p1a: Volcarona\n|-damage|p1a: Volcarona|0 fnt\n|faint|p1a: Volcarona\n|\n|-heal|p2a: Garganacl|36\/100|[from] item: Leftovers\n|upkeep\n|\n|t:|1700693449\n|switch|p1a: Hydreigon|Hydreigon, F, shiny|100\/100\n|turn|28\n|\n|t:|1700693456\n|move|p2a: Garganacl|Protect|p2a: Garganacl\n|-singleturn|p2a: Garganacl|Protect\n|move|p1a: Hydreigon|Draco Meteor|p2a: Garganacl\n|-activate|p2a: Garganacl|move: Protect\n|\n|-heal|p2a: Garganacl|42\/100|[from] item: Leftovers\n|upkeep\n|turn|29\n|\n|t:|1700693464\n|move|p2a: Garganacl|Protect|p2a: Garganacl\n|-singleturn|p2a: Garganacl|Protect\n|move|p1a: Hydreigon|Draco Meteor|p2a: Garganacl\n|-activate|p2a: Garganacl|move: Protect\n|\n|-heal|p2a: Garganacl|49\/100|[from] item: Leftovers\n|upkeep\n|turn|30\n|\n|t:|1700693468\n|move|p1a: Hydreigon|Draco Meteor|p2a: Garganacl\n|-damage|p2a: Garganacl|0 fnt\n|-unboost|p1a: Hydreigon|spa|2\n|faint|p2a: Garganacl\n|\n|win|Brick_Enjoyer_144\n|l|\u2606whenthetheyouknow\n","uploadtime":1700693481,"views":2,"p1id":"brickenjoyer144","p2id":"whenthetheyouknow","formatid":"gen9nationaldex","rating":0,"private":0,"password":""}