{"id":"gen9nationaldex-1987509768","p1":"bigndad","p2":"chjusu","format":"[Gen 9] National Dex","log":"|j|\u2606bigndad\n|j|\u2606chjusu\n|t:|1699603942\n|gametype|singles\n|player|p1|bigndad|170|\n|player|p2|chjusu|169|\n|teamsize|p1|6\n|teamsize|p2|6\n|gen|9\n|tier|[Gen 9] National Dex\n|rule|HP Percentage Mod: HP is shown in percentages\n|rule|Endless Battle Clause: Forcing endless battles is banned\n|rule|OHKO Clause: OHKO moves are banned\n|rule|Evasion Clause: Evasion abilities, items, and moves are banned\n|rule|Evasion Abilities Clause: Evasion abilities are banned\n|rule|Evasion Items Clause: Evasion items are banned\n|rule|Evasion Moves Clause: Evasion moves are banned\n|rule|Species Clause: Limit one of each Pok\u00e9mon\n|rule|Sleep Clause Mod: Limit one foe put to sleep\n|clearpoke\n|poke|p1|Chesnaught, M|\n|poke|p1|Empoleon, M|\n|poke|p1|Skeledirge, F|\n|poke|p1|Typhlosion, M|\n|poke|p1|Incineroar, F|\n|poke|p1|Samurott-Hisui, F|\n|poke|p2|Samurott-Hisui, M|\n|poke|p2|Typhlosion-Hisui, M|\n|poke|p2|Meowscarada, M|\n|poke|p2|Serperior, F|\n|poke|p2|Skeledirge, F|\n|poke|p2|Greninja-*, M|\n|teampreview\n|\n|t:|1699603972\n|start\n|switch|p1a: Chesnaught|Chesnaught, M|100\/100\n|switch|p2a: Samurott|Samurott-Hisui, M|100\/100\n|turn|1\n|j| Shashterpiece\n|\n|t:|1699604002\n|move|p1a: Chesnaught|Spiky Shield|p1a: Chesnaught\n|-singleturn|p1a: Chesnaught|move: Protect\n|move|p2a: Samurott|Ceaseless Edge|p1a: Chesnaught\n|-activate|p1a: Chesnaught|move: Protect\n|-damage|p2a: Samurott|88\/100|[from] Spiky Shield|[of] p1a: Chesnaught\n|\n|upkeep\n|turn|2\n|\n|t:|1699604025\n|move|p2a: Samurott|Ceaseless Edge|p1a: Chesnaught\n|-resisted|p1a: Chesnaught\n|-damage|p1a: Chesnaught|88\/100\n|-damage|p2a: Samurott|72\/100|[from] item: Rocky Helmet|[of] p1a: Chesnaught\n|-sidestart|p1: bigndad|Spikes\n|move|p1a: Chesnaught|Leech Seed|p2a: Samurott\n|-start|p2a: Samurott|move: Leech Seed\n|\n|-damage|p2a: Samurott|59\/100|[from] Leech Seed|[of] p1a: Chesnaught\n|-heal|p1a: Chesnaught|98\/100|[silent]\n|upkeep\n|turn|3\n|\n|t:|1699604045\n|switch|p2a: Typhlosion|Typhlosion-Hisui, M|100\/100\n|switch|p1a: Incineroar|Incineroar, F|100\/100\n|-damage|p1a: Incineroar|88\/100|[from] Spikes\n|-ability|p1a: Incineroar|Intimidate|boost\n|-unboost|p2a: Typhlosion|atk|1\n|\n|upkeep\n|turn|4\n|\n|t:|1699604078\n|switch|p2a: Greninja|Greninja, M|100\/100\n|move|p1a: Incineroar|U-turn|p2a: Greninja\n|-supereffective|p2a: Greninja\n|-damage|p2a: Greninja|23\/100\n|\n|t:|1699604099\n|switch|p1a: Empoleon|Empoleon, M|100\/100|[from] U-turn\n|-damage|p1a: Empoleon|88\/100|[from] Spikes\n|\n|-heal|p1a: Empoleon|94\/100|[from] item: Leftovers\n|upkeep\n|turn|5\n|\n|t:|1699604107\n|move|p2a: Greninja|Dark Pulse|p1a: Empoleon\n|-damage|p1a: Empoleon|62\/100\n|-damage|p2a: Greninja|13\/100|[from] item: Life Orb\n|cant|p1a: Empoleon|flinch\n|\n|-heal|p1a: Empoleon|68\/100|[from] item: Leftovers\n|upkeep\n|turn|6\n|\n|t:|1699604113\n|move|p2a: Greninja|Dark Pulse|p1a: Empoleon\n|-damage|p1a: Empoleon|31\/100\n|-damage|p2a: Greninja|4\/100|[from] item: Life Orb\n|cant|p1a: Empoleon|flinch\n|\n|-heal|p1a: Empoleon|37\/100|[from] item: Leftovers\n|upkeep\n|turn|7\n|\n|t:|1699604127\n|switch|p1a: Samurott|Samurott-Hisui, F|100\/100\n|-damage|p1a: Samurott|88\/100|[from] Spikes\n|move|p2a: Greninja|Dark Pulse|p1a: Samurott\n|-resisted|p1a: Samurott\n|-damage|p1a: Samurott|53\/100\n|-damage|p2a: Greninja|0 fnt|[from] item: Life Orb\n|faint|p2a: Greninja\n|\n|upkeep\n|c|\u2606bigndad|bruhh\n|\n|t:|1699604141\n|switch|p2a: Meowscarada|Meowscarada, M|100\/100\n|turn|8\n|\n|t:|1699604150\n|switch|p1a: Incineroar|Incineroar, F|88\/100\n|-damage|p1a: Incineroar|76\/100|[from] Spikes\n|-ability|p1a: Incineroar|Intimidate|boost\n|-unboost|p2a: Meowscarada|atk|1\n|move|p2a: Meowscarada|Flower Trick|p1a: Incineroar\n|-start|p2a: Meowscarada|typechange|Grass|[from] ability: Protean\n|-resisted|p1a: Incineroar\n|-crit|p1a: Incineroar\n|-damage|p1a: Incineroar|39\/100\n|\n|upkeep\n|turn|9\n|\n|t:|1699604174\n|switch|p2a: Skeledirge|Skeledirge, F|100\/100\n|move|p1a: Incineroar|U-turn|p2a: Skeledirge\n|-resisted|p2a: Skeledirge\n|-damage|p2a: Skeledirge|96\/100\n|\n|t:|1699604180\n|switch|p1a: Samurott|Samurott-Hisui, F|53\/100|[from] U-turn\n|-damage|p1a: Samurott|40\/100|[from] Spikes\n|\n|upkeep\n|turn|10\n|\n|t:|1699604184\n|move|p1a: Samurott|Ceaseless Edge|p2a: Skeledirge\n|-supereffective|p2a: Skeledirge\n|-damage|p2a: Skeledirge|21\/100\n|-sidestart|p2: chjusu|Spikes\n|move|p2a: Skeledirge|Will-O-Wisp|p1a: Samurott|[miss]\n|-miss|p2a: Skeledirge|p1a: Samurott\n|\n|upkeep\n|turn|11\n|\n|t:|1699604194\n|move|p1a: Samurott|Ceaseless Edge|p2a: Skeledirge\n|-supereffective|p2a: Skeledirge\n|-damage|p2a: Skeledirge|0 fnt\n|-sidestart|p2: chjusu|Spikes\n|faint|p2a: Skeledirge\n|\n|upkeep\n|\n|t:|1699604200\n|switch|p2a: Serperior|Serperior, F|100\/100\n|-damage|p2a: Serperior|84\/100|[from] Spikes\n|turn|12\n|\n|t:|1699604206\n|switch|p1a: Typhlosion|Typhlosion, M|100\/100\n|-damage|p1a: Typhlosion|88\/100|[from] Spikes\n|move|p2a: Serperior|Leaf Storm|p1a: Typhlosion\n|-resisted|p1a: Typhlosion\n|-damage|p1a: Typhlosion|70\/100\n|-boost|p2a: Serperior|spa|2\n|\n|-heal|p2a: Serperior|90\/100|[from] item: Leftovers\n|upkeep\n|turn|13\n|\n|t:|1699604217\n|switch|p2a: Typhlosion|Typhlosion-Hisui, M|100\/100\n|-damage|p2a: Typhlosion|84\/100|[from] Spikes\n|move|p1a: Typhlosion|Overheat|p2a: Typhlosion\n|-resisted|p2a: Typhlosion\n|-damage|p2a: Typhlosion|43\/100\n|-unboost|p1a: Typhlosion|spa|2\n|\n|upkeep\n|turn|14\n|\n|t:|1699604236\n|switch|p1a: Samurott|Samurott-Hisui, F|40\/100\n|-damage|p1a: Samurott|28\/100|[from] Spikes\n|move|p2a: Typhlosion|Infernal Parade|p1a: Samurott\n|-resisted|p1a: Samurott\n|-damage|p1a: Samurott|4\/100\n|-status|p1a: Samurott|brn\n|\n|-damage|p1a: Samurott|0 fnt|[from] brn\n|faint|p1a: Samurott\n|upkeep\n|\n|t:|1699604254\n|switch|p1a: Typhlosion|Typhlosion, M|70\/100\n|-damage|p1a: Typhlosion|58\/100|[from] Spikes\n|turn|15\n|\n|t:|1699604259\n|move|p2a: Typhlosion|Infernal Parade|p1a: Typhlosion\n|-damage|p1a: Typhlosion|35\/100\n|move|p1a: Typhlosion|Shadow Ball|p2a: Typhlosion\n|-supereffective|p2a: Typhlosion\n|-damage|p2a: Typhlosion|0 fnt\n|faint|p2a: Typhlosion\n|\n|upkeep\n|\n|t:|1699604265\n|switch|p2a: Samurott|Samurott-Hisui, M|59\/100\n|-damage|p2a: Samurott|43\/100|[from] Spikes\n|turn|16\n|\n|t:|1699604286\n|switch|p1a: Chesnaught|Chesnaught, M|98\/100\n|-damage|p1a: Chesnaught|86\/100|[from] Spikes\n|move|p2a: Samurott|Sucker Punch||[still]\n|-fail|p2a: Samurott\n|\n|upkeep\n|turn|17\n|\n|t:|1699604298\n|move|p2a: Samurott|Ceaseless Edge|p1a: Chesnaught\n|-resisted|p1a: Chesnaught\n|-damage|p1a: Chesnaught|73\/100\n|-damage|p2a: Samurott|26\/100|[from] item: Rocky Helmet|[of] p1a: Chesnaught\n|-sidestart|p1: bigndad|Spikes\n|move|p1a: Chesnaught|Leech Seed|p2a: Samurott\n|-start|p2a: Samurott|move: Leech Seed\n|\n|-damage|p2a: Samurott|14\/100|[from] Leech Seed|[of] p1a: Chesnaught\n|-heal|p1a: Chesnaught|83\/100|[silent]\n|upkeep\n|turn|18\n|\n|t:|1699604311\n|move|p2a: Samurott|Ceaseless Edge|p1a: Chesnaught\n|-resisted|p1a: Chesnaught\n|-damage|p1a: Chesnaught|68\/100\n|-damage|p2a: Samurott|0 fnt|[from] item: Rocky Helmet|[of] p1a: Chesnaught\n|faint|p2a: Samurott\n|move|p1a: Chesnaught|Spikes|p2: Samurott\n|-sidestart|p2: chjusu|Spikes\n|\n|upkeep\n|\n|t:|1699604318\n|switch|p2a: Meowscarada|Meowscarada, M|100\/100\n|-damage|p2a: Meowscarada|76\/100|[from] Spikes\n|turn|19\n|\n|t:|1699604323\n|move|p1a: Chesnaught|Spiky Shield|p1a: Chesnaught\n|-singleturn|p1a: Chesnaught|move: Protect\n|move|p2a: Meowscarada|Play Rough|p1a: Chesnaught\n|-start|p2a: Meowscarada|typechange|Fairy|[from] ability: Protean\n|-activate|p1a: Chesnaught|move: Protect\n|-damage|p2a: Meowscarada|63\/100|[from] Spiky Shield|[of] p1a: Chesnaught\n|\n|upkeep\n|turn|20\n|\n|t:|1699604331\n|switch|p1a: Incineroar|Incineroar, F|39\/100\n|-damage|p1a: Incineroar|22\/100|[from] Spikes\n|-ability|p1a: Incineroar|Intimidate|boost\n|-unboost|p2a: Meowscarada|atk|1\n|move|p2a: Meowscarada|Play Rough|p1a: Incineroar\n|-damage|p1a: Incineroar|0 fnt\n|faint|p1a: Incineroar\n|\n|upkeep\n|\n|t:|1699604342\n|switch|p1a: Chesnaught|Chesnaught, M|68\/100\n|-damage|p1a: Chesnaught|52\/100|[from] Spikes\n|turn|21\n|\n|t:|1699604347\n|switch|p2a: Serperior|Serperior, F|90\/100\n|-damage|p2a: Serperior|65\/100|[from] Spikes\n|move|p1a: Chesnaught|Spiky Shield||[still]\n|-fail|p1a: Chesnaught\n|\n|-heal|p2a: Serperior|72\/100|[from] item: Leftovers\n|upkeep\n|turn|22\n|\n|t:|1699604354\n|move|p2a: Serperior|Leaf Storm|p1a: Chesnaught\n|-resisted|p1a: Chesnaught\n|-damage|p1a: Chesnaught|24\/100\n|-boost|p2a: Serperior|spa|2\n|move|p1a: Chesnaught|Knock Off|p2a: Serperior\n|-damage|p2a: Serperior|42\/100\n|-enditem|p2a: Serperior|Leftovers|[from] move: Knock Off|[of] p1a: Chesnaught\n|\n|upkeep\n|turn|23\n|\n|t:|1699604379\n|move|p2a: Serperior|Leaf Storm|p1a: Chesnaught\n|-resisted|p1a: Chesnaught\n|-damage|p1a: Chesnaught|0 fnt\n|-boost|p2a: Serperior|spa|2\n|faint|p1a: Chesnaught\n|\n|upkeep\n|\n|t:|1699604385\n|switch|p1a: Skeledirge|Skeledirge, F|100\/100\n|turn|24\n|\n|t:|1699604389\n|move|p2a: Serperior|Leaf Storm|p1a: Skeledirge|[miss]\n|-miss|p2a: Serperior|p1a: Skeledirge\n|move|p1a: Skeledirge|Torch Song|p2a: Serperior\n|-supereffective|p2a: Serperior\n|-damage|p2a: Serperior|0 fnt\n|-boost|p1a: Skeledirge|spa|1\n|faint|p2a: Serperior\n|\n|upkeep\n|\n|t:|1699604393\n|switch|p2a: Meowscarada|Meowscarada, M|63\/100\n|-damage|p2a: Meowscarada|38\/100|[from] Spikes\n|turn|25\n|\n|t:|1699604397\n|move|p2a: Meowscarada|Knock Off|p1a: Skeledirge\n|-start|p2a: Meowscarada|typechange|Dark|[from] ability: Protean\n|-supereffective|p1a: Skeledirge\n|-damage|p1a: Skeledirge|20\/100\n|-enditem|p1a: Skeledirge|Heavy-Duty Boots|[from] move: Knock Off|[of] p2a: Meowscarada\n|move|p1a: Skeledirge|Torch Song|p2a: Meowscarada\n|-damage|p2a: Meowscarada|0 fnt\n|-boost|p1a: Skeledirge|spa|1\n|faint|p2a: Meowscarada\n|\n|win|bigndad\n","uploadtime":1699604404,"views":37,"p1id":"bigndad","p2id":"chjusu","formatid":"gen9nationaldex","rating":0,"private":0,"password":""}