{"id":"gen9nationaldex-1988751153","p1":"xiaopiki123","p2":"ooMIZUHASUoo","format":"[Gen 9] National Dex","log":"|j|\u2606xiaopiki123\n|j|\u2606ooMIZUHASUoo\n|t:|1699758453\n|gametype|singles\n|player|p1|xiaopiki123|elesa|1728\n|player|p2|ooMIZUHASUoo|lana|1760\n|teamsize|p1|6\n|teamsize|p2|6\n|gen|9\n|tier|[Gen 9] National Dex\n|rated|\n|rule|HP Percentage Mod: HP is shown in percentages\n|rule|Endless Battle Clause: Forcing endless battles is banned\n|rule|OHKO Clause: OHKO moves are banned\n|rule|Evasion Clause: Evasion abilities, items, and moves are banned\n|rule|Evasion Abilities Clause: Evasion abilities are banned\n|rule|Evasion Items Clause: Evasion items are banned\n|rule|Evasion Moves Clause: Evasion moves are banned\n|rule|Species Clause: Limit one of each Pok\u00e9mon\n|rule|Sleep Clause Mod: Limit one foe put to sleep\n|clearpoke\n|poke|p1|Urshifu-*, F|\n|poke|p1|Charizard, M|\n|poke|p1|Zapdos|\n|poke|p1|Tapu Lele|\n|poke|p1|Ogerpon-Cornerstone, F|\n|poke|p1|Garganacl, M|\n|poke|p2|Scizor, F|\n|poke|p2|Urshifu-*, F|\n|poke|p2|Zapdos|\n|poke|p2|Pelipper, M|\n|poke|p2|Ogerpon-Wellspring, F|\n|poke|p2|Garchomp, M|\n|teampreview\n|\n|t:|1699758456\n|start\n|switch|p1a: Garganacl|Garganacl, M|100\/100\n|switch|p2a: Urshifu|Urshifu-Rapid-Strike, F|100\/100\n|turn|1\n|\n|t:|1699758460\n|switch|p1a: Zapdos|Zapdos|100\/100\n|move|p2a: Urshifu|U-turn|p1a: Zapdos\n|-resisted|p1a: Zapdos\n|-damage|p1a: Zapdos|92\/100\n|\n|t:|1699758464\n|switch|p2a: Garchomp|Garchomp, M|100\/100|[from] U-turn\n|\n|upkeep\n|turn|2\n|\n|t:|1699758469\n|move|p2a: Garchomp|Swords Dance|p2a: Garchomp\n|-boost|p2a: Garchomp|atk|2\n|move|p1a: Zapdos|Hurricane|p2a: Garchomp\n|-damage|p2a: Garchomp|46\/100\n|\n|upkeep\n|turn|3\n|\n|t:|1699758475\n|switch|p1a: Tapu Lele|Tapu Lele|100\/100\n|-fieldstart|move: Psychic Terrain|[from] ability: Psychic Surge|[of] p1a: Tapu Lele\n|move|p2a: Garchomp|Earthquake|p1a: Tapu Lele\n|-damage|p1a: Tapu Lele|0 fnt\n|faint|p1a: Tapu Lele\n|\n|upkeep\n|\n|t:|1699758489\n|switch|p1a: Urshifu|Urshifu-Rapid-Strike, F|100\/100\n|turn|4\n|\n|t:|1699758496\n|move|p1a: Urshifu|Ice Spinner|p2a: Garchomp\n|-supereffective|p2a: Garchomp\n|-damage|p2a: Garchomp|0 fnt\n|-damage|p1a: Urshifu|88\/100|[from] ability: Rough Skin|[of] p2a: Garchomp\n|-fieldend|move: Psychic Terrain\n|faint|p2a: Garchomp\n|\n|upkeep\n|\n|t:|1699758507\n|switch|p2a: Ogerpon|Ogerpon-Wellspring, F|100\/100\n|turn|5\n|\n|t:|1699758515\n|switch|p1a: Zapdos|Zapdos|92\/100\n|move|p2a: Ogerpon|Ivy Cudgel|p1a: Zapdos\n|-damage|p1a: Zapdos|53\/100\n|\n|upkeep\n|turn|6\n|inactive|Battle timer is ON: inactive players will automatically lose when time's up. (requested by xiaopiki123)\n|\n|t:|1699758543\n|switch|p2a: Zapdos|Zapdos, shiny|100\/100\n|move|p1a: Zapdos|Volt Switch|p2a: Zapdos\n|-damage|p2a: Zapdos|64\/100\n|\n|t:|1699758547\n|switch|p1a: Ogerpon|Ogerpon-Cornerstone, F|100\/100|[from] Volt Switch\n|\n|upkeep\n|turn|7\n|\n|t:|1699758555\n|switch|p2a: Urshifu|Urshifu-Rapid-Strike, F|100\/100\n|move|p1a: Ogerpon|Ivy Cudgel|p2a: Urshifu\n|-resisted|p2a: Urshifu\n|-damage|p2a: Urshifu|70\/100\n|\n|upkeep\n|turn|8\n|\n|t:|1699758561\n|switch|p1a: Zapdos|Zapdos|53\/100\n|-terastallize|p2a: Urshifu|Water\n|move|p2a: Urshifu|Surging Strikes|p1a: Zapdos\n|-crit|p1a: Zapdos\n|-damage|p1a: Zapdos|34\/100\n|-crit|p1a: Zapdos\n|-damage|p1a: Zapdos|15\/100\n|-crit|p1a: Zapdos\n|-damage|p1a: Zapdos|0 fnt\n|faint|p1a: Zapdos\n|-hitcount|p1: Zapdos|3\n|\n|upkeep\n|\n|t:|1699758571\n|switch|p1a: Urshifu|Urshifu-Rapid-Strike, F|88\/100\n|turn|9\n|\n|t:|1699758574\n|switch|p2a: Pelipper|Pelipper, M|100\/100\n|-weather|RainDance|[from] ability: Drizzle|[of] p2a: Pelipper\n|move|p1a: Urshifu|U-turn|p2a: Pelipper\n|-resisted|p2a: Pelipper\n|-damage|p2a: Pelipper|91\/100\n|\n|t:|1699758579\n|switch|p1a: Ogerpon|Ogerpon-Cornerstone, F|100\/100|[from] U-turn\n|\n|-weather|RainDance|[upkeep]\n|upkeep\n|turn|10\n|\n|t:|1699758585\n|move|p1a: Ogerpon|Trailblaze|p2a: Pelipper\n|-damage|p2a: Pelipper|66\/100\n|-boost|p1a: Ogerpon|spe|1\n|move|p2a: Pelipper|U-turn|p1a: Ogerpon\n|-supereffective|p1a: Ogerpon\n|-damage|p1a: Ogerpon|76\/100\n|\n|t:|1699758592\n|switch|p2a: Scizor|Scizor, F, shiny|100\/100|[from] U-turn\n|\n|-weather|RainDance|[upkeep]\n|upkeep\n|turn|11\n|\n|t:|1699758597\n|detailschange|p2a: Scizor|Scizor-Mega, F, shiny\n|-mega|p2a: Scizor|Scizor|Scizorite\n|move|p2a: Scizor|Bullet Punch|p1a: Ogerpon\n|-supereffective|p1a: Ogerpon\n|-damage|p1a: Ogerpon|0 fnt\n|faint|p1a: Ogerpon\n|\n|-weather|RainDance|[upkeep]\n|upkeep\n|\n|t:|1699758599\n|switch|p1a: Charizard|Charizard, M|100\/100\n|turn|12\n|\n|t:|1699758607\n|switch|p2a: Zapdos|Zapdos, shiny|64\/100\n|detailschange|p1a: Charizard|Charizard-Mega-Y, M\n|-mega|p1a: Charizard|Charizard|Charizardite Y\n|-weather|SunnyDay|[from] ability: Drought|[of] p1a: Charizard\n|move|p1a: Charizard|Weather Ball|p2a: Zapdos\n|-damage|p2a: Zapdos|0 fnt\n|faint|p2a: Zapdos\n|\n|-weather|SunnyDay|[upkeep]\n|upkeep\n|\n|t:|1699758614\n|switch|p2a: Pelipper|Pelipper, M|66\/100\n|-weather|RainDance|[from] ability: Drizzle|[of] p2a: Pelipper\n|turn|13\n|\n|t:|1699758617\n|move|p1a: Charizard|Air Slash|p2a: Pelipper\n|-damage|p2a: Pelipper|5\/100\n|move|p2a: Pelipper|U-turn|p1a: Charizard\n|-resisted|p1a: Charizard\n|-crit|p1a: Charizard\n|-damage|p1a: Charizard|96\/100\n|\n|t:|1699758619\n|switch|p2a: Urshifu|Urshifu-Rapid-Strike, F, tera:Water|70\/100|[from] U-turn\n|\n|-weather|RainDance|[upkeep]\n|upkeep\n|turn|14\n|\n|t:|1699758623\n|switch|p1a: Urshifu|Urshifu-Rapid-Strike, F|88\/100\n|move|p2a: Urshifu|Surging Strikes|p1a: Urshifu\n|-resisted|p1a: Urshifu\n|-crit|p1a: Urshifu\n|-damage|p1a: Urshifu|69\/100\n|-resisted|p1a: Urshifu\n|-crit|p1a: Urshifu\n|-damage|p1a: Urshifu|49\/100\n|-resisted|p1a: Urshifu\n|-crit|p1a: Urshifu\n|-damage|p1a: Urshifu|29\/100\n|-hitcount|p1a: Urshifu|3\n|\n|-weather|RainDance|[upkeep]\n|upkeep\n|turn|15\n|\n|t:|1699758632\n|move|p1a: Urshifu|Close Combat|p2a: Urshifu\n|-damage|p2a: Urshifu|12\/100\n|-unboost|p1a: Urshifu|def|1\n|-unboost|p1a: Urshifu|spd|1\n|move|p2a: Urshifu|Surging Strikes|p1a: Urshifu\n|-resisted|p1a: Urshifu\n|-crit|p1a: Urshifu\n|-damage|p1a: Urshifu|0 fnt\n|faint|p1a: Urshifu\n|-hitcount|p1: Urshifu|1\n|\n|-weather|RainDance|[upkeep]\n|upkeep\n|\n|t:|1699758637\n|switch|p1a: Charizard|Charizard-Mega-Y, M|96\/100\n|-weather|SunnyDay|[from] ability: Drought|[of] p1a: Charizard\n|turn|16\n|\n|t:|1699758641\n|switch|p1a: Garganacl|Garganacl, M|100\/100\n|move|p2a: Urshifu|Surging Strikes|p1a: Garganacl\n|-supereffective|p1a: Garganacl\n|-crit|p1a: Garganacl\n|-damage|p1a: Garganacl|84\/100\n|-supereffective|p1a: Garganacl\n|-crit|p1a: Garganacl\n|-damage|p1a: Garganacl|68\/100\n|-supereffective|p1a: Garganacl\n|-crit|p1a: Garganacl\n|-damage|p1a: Garganacl|52\/100\n|-hitcount|p1a: Garganacl|3\n|\n|-weather|SunnyDay|[upkeep]\n|-heal|p1a: Garganacl|58\/100|[from] item: Leftovers\n|upkeep\n|turn|17\n|\n|t:|1699758656\n|switch|p2a: Pelipper|Pelipper, M|5\/100\n|-weather|RainDance|[from] ability: Drizzle|[of] p2a: Pelipper\n|-terastallize|p1a: Garganacl|Ghost\n|move|p1a: Garganacl|Iron Defense|p1a: Garganacl\n|-boost|p1a: Garganacl|def|2\n|\n|-weather|RainDance|[upkeep]\n|-heal|p1a: Garganacl|64\/100|[from] item: Leftovers\n|upkeep\n|turn|18\n|\n|t:|1699758665\n|move|p2a: Pelipper|Hurricane|p1a: Garganacl\n|-damage|p1a: Garganacl|38\/100\n|move|p1a: Garganacl|Body Press|p2a: Pelipper\n|-resisted|p2a: Pelipper\n|-damage|p2a: Pelipper|0 fnt\n|faint|p2a: Pelipper\n|\n|-weather|RainDance|[upkeep]\n|-heal|p1a: Garganacl|45\/100|[from] item: Leftovers\n|upkeep\n|\n|t:|1699758670\n|switch|p2a: Urshifu|Urshifu-Rapid-Strike, F, tera:Water|12\/100\n|turn|19\n|\n|t:|1699758673\n|move|p2a: Urshifu|Surging Strikes|p1a: Garganacl\n|-crit|p1a: Garganacl\n|-damage|p1a: Garganacl|22\/100\n|-crit|p1a: Garganacl\n|-damage|p1a: Garganacl|0 fnt\n|faint|p1a: Garganacl\n|-hitcount|p1: Garganacl|2\n|\n|-weather|RainDance|[upkeep]\n|upkeep\n|\n|t:|1699758675\n|switch|p1a: Charizard|Charizard-Mega-Y, M|96\/100\n|-weather|SunnyDay|[from] ability: Drought|[of] p1a: Charizard\n|turn|20\n|\n|t:|1699758676\n|move|p2a: Urshifu|Surging Strikes|p1a: Charizard\n|-supereffective|p1a: Charizard\n|-crit|p1a: Charizard\n|-damage|p1a: Charizard|60\/100\n|-supereffective|p1a: Charizard\n|-crit|p1a: Charizard\n|-damage|p1a: Charizard|24\/100\n|-supereffective|p1a: Charizard\n|-crit|p1a: Charizard\n|-damage|p1a: Charizard|0 fnt\n|faint|p1a: Charizard\n|-hitcount|p1: Charizard|3\n|\n|win|ooMIZUHASUoo\n|raw|xiaopiki123's rating: 1728 &rarr; <strong>1710<\/strong><br \/>(-18 for losing)\n|raw|ooMIZUHASUoo's rating: 1760 &rarr; <strong>1778<\/strong><br \/>(+18 for winning)\n|l|\u2606xiaopiki123\n","uploadtime":1699758690,"views":5,"p1id":"xiaopiki123","p2id":"oomizuhasuoo","formatid":"gen9nationaldex","rating":1710,"private":0,"password":""}