{"id":"gen9nationaldex-1995933093","p1":"dwill16","p2":"Dracaufeu shiny","format":"[Gen 9] National Dex","log":"|html|<div class=\"broadcast-blue\"><strong>[Gen 9] National Dex is currently suspecting Sneasler! For information on how to participate check out the <a href=\"https:\/\/www.smogon.com\/forums\/threads\/sv-national-dex-suspect-8-just-dance.3731534\/\">suspect thread<\/a>.<\/strong><\/div>\n|j|\u2606dwill16\n|j|\u2606Dracaufeu shiny\n|t:|1700619000\n|gametype|singles\n|player|p1|dwill16|lady-gen4|1591\n|player|p2|Dracaufeu shiny|red|1664\n|teamsize|p1|6\n|teamsize|p2|6\n|gen|9\n|tier|[Gen 9] National Dex\n|rated|\n|rule|HP Percentage Mod: HP is shown in percentages\n|rule|Endless Battle Clause: Forcing endless battles is banned\n|rule|OHKO Clause: OHKO moves are banned\n|rule|Evasion Clause: Evasion abilities, items, and moves are banned\n|rule|Evasion Abilities Clause: Evasion abilities are banned\n|rule|Evasion Items Clause: Evasion items are banned\n|rule|Evasion Moves Clause: Evasion moves are banned\n|rule|Species Clause: Limit one of each Pok\u00e9mon\n|rule|Sleep Clause Mod: Limit one foe put to sleep\n|clearpoke\n|poke|p1|Tapu Lele|\n|poke|p1|Great Tusk|\n|poke|p1|Charizard, F|\n|poke|p1|Garganacl, M|\n|poke|p1|Skarmory, M|\n|poke|p1|Aegislash, M|\n|poke|p2|Urshifu-*, M|\n|poke|p2|Samurott-Hisui, F|\n|poke|p2|Diancie|\n|poke|p2|Iron Valiant|\n|poke|p2|Landorus-Therian, M|\n|poke|p2|Dragonite, M|\n|teampreview\n|inactive|Battle timer is ON: inactive players will automatically lose when time's up. (requested by Dracaufeu shiny)\n|\n|t:|1700619022\n|start\n|switch|p1a: \u94a2\u94e0\u9e26|Skarmory, M|100\/100\n|switch|p2a: Samurott|Samurott-Hisui, F|100\/100\n|turn|1\n|\n|t:|1700619025\n|move|p2a: Samurott|Ceaseless Edge|p1a: \u94a2\u94e0\u9e26\n|-damage|p1a: \u94a2\u94e0\u9e26|57\/100\n|-damage|p2a: Samurott|84\/100|[from] item: Rocky Helmet|[of] p1a: \u94a2\u94e0\u9e26\n|-sidestart|p1: dwill16|Spikes\n|move|p1a: \u94a2\u94e0\u9e26|Roost|p1a: \u94a2\u94e0\u9e26\n|-heal|p1a: \u94a2\u94e0\u9e26|100\/100\n|-singleturn|p1a: \u94a2\u94e0\u9e26|move: Roost\n|\n|upkeep\n|turn|2\n|\n|t:|1700619028\n|switch|p2a: Diancie|Diancie|100\/100\n|move|p1a: \u94a2\u94e0\u9e26|Defog|p2a: Diancie\n|-fail|p2a: Diancie|unboost|[from] ability: Clear Body|[of] p2a: Diancie\n|-sideend|p1: dwill16|Spikes|[from] move: Defog|[of] p1a: \u94a2\u94e0\u9e26\n|\n|upkeep\n|turn|3\n|\n|t:|1700619031\n|detailschange|p2a: Diancie|Diancie-Mega\n|-mega|p2a: Diancie|Diancie|Diancite\n|move|p2a: Diancie|Stealth Rock|p1a: \u94a2\u94e0\u9e26\n|-sidestart|p1: dwill16|move: Stealth Rock\n|move|p1a: \u94a2\u94e0\u9e26|Iron Head|p2a: Diancie\n|-supereffective|p2a: Diancie\n|-damage|p2a: Diancie|0 fnt\n|faint|p2a: Diancie\n|\n|upkeep\n|\n|t:|1700619041\n|switch|p2a: Iron Valiant|Iron Valiant|100\/100\n|-enditem|p2a: Iron Valiant|Booster Energy\n|-activate|p2a: Iron Valiant|ability: Quark Drive|[fromitem]\n|-start|p2a: Iron Valiant|quarkdrivespe\n|turn|4\n|\n|t:|1700619045\n|move|p2a: Iron Valiant|Moonblast|p1a: \u94a2\u94e0\u9e26\n|-resisted|p1a: \u94a2\u94e0\u9e26\n|-damage|p1a: \u94a2\u94e0\u9e26|78\/100\n|move|p1a: \u94a2\u94e0\u9e26|Defog|p2a: Iron Valiant\n|-unboost|p2a: Iron Valiant|evasion|1\n|-sideend|p1: dwill16|Stealth Rock|[from] move: Defog|[of] p1a: \u94a2\u94e0\u9e26\n|\n|upkeep\n|turn|5\n|\n|t:|1700619049\n|move|p2a: Iron Valiant|Destiny Bond|p2a: Iron Valiant\n|-singlemove|p2a: Iron Valiant|Destiny Bond\n|move|p1a: \u94a2\u94e0\u9e26|Iron Head|p2a: Iron Valiant\n|-supereffective|p2a: Iron Valiant\n|-damage|p2a: Iron Valiant|40\/100\n|\n|upkeep\n|turn|6\n|\n|t:|1700619052\n|move|p2a: Iron Valiant|Moonblast|p1a: \u94a2\u94e0\u9e26\n|-resisted|p1a: \u94a2\u94e0\u9e26\n|-damage|p1a: \u94a2\u94e0\u9e26|55\/100\n|move|p1a: \u94a2\u94e0\u9e26|Iron Head|p2a: Iron Valiant\n|-supereffective|p2a: Iron Valiant\n|-damage|p2a: Iron Valiant|0 fnt\n|faint|p2a: Iron Valiant\n|-end|p2a: Iron Valiant|Quark Drive|[silent]\n|\n|upkeep\n|\n|t:|1700619057\n|switch|p2a: Dragonite|Dragonite, M|100\/100\n|turn|7\n|\n|t:|1700619059\n|move|p2a: Dragonite|Dragon Dance|p2a: Dragonite\n|-boost|p2a: Dragonite|atk|1\n|-boost|p2a: Dragonite|spe|1\n|move|p1a: \u94a2\u94e0\u9e26|Roost|p1a: \u94a2\u94e0\u9e26\n|-heal|p1a: \u94a2\u94e0\u9e26|100\/100\n|-singleturn|p1a: \u94a2\u94e0\u9e26|move: Roost\n|\n|upkeep\n|turn|8\n|\n|t:|1700619062\n|move|p2a: Dragonite|Dragon Dance|p2a: Dragonite\n|-boost|p2a: Dragonite|atk|1\n|-boost|p2a: Dragonite|spe|1\n|move|p1a: \u94a2\u94e0\u9e26|Whirlwind|p2a: Dragonite\n|drag|p2a: Samurott|Samurott-Hisui, F|84\/100\n|\n|upkeep\n|turn|9\n|\n|t:|1700619067\n|move|p2a: Samurott|Ceaseless Edge|p1a: \u94a2\u94e0\u9e26\n|-damage|p1a: \u94a2\u94e0\u9e26|56\/100\n|-damage|p2a: Samurott|67\/100|[from] item: Rocky Helmet|[of] p1a: \u94a2\u94e0\u9e26\n|-sidestart|p1: dwill16|Spikes\n|move|p1a: \u94a2\u94e0\u9e26|Roost|p1a: \u94a2\u94e0\u9e26\n|-heal|p1a: \u94a2\u94e0\u9e26|100\/100\n|-singleturn|p1a: \u94a2\u94e0\u9e26|move: Roost\n|\n|upkeep\n|turn|10\n|\n|t:|1700619072\n|switch|p2a: Landorus|Landorus-Therian, M|100\/100\n|-ability|p2a: Landorus|Intimidate|boost\n|-unboost|p1a: \u94a2\u94e0\u9e26|atk|1\n|move|p1a: \u94a2\u94e0\u9e26|Defog|p2a: Landorus\n|-unboost|p2a: Landorus|evasion|1\n|-sideend|p1: dwill16|Spikes|[from] move: Defog|[of] p1a: \u94a2\u94e0\u9e26\n|\n|upkeep\n|turn|11\n|\n|t:|1700619075\n|switch|p1a: \u94c1\u8f99\u8ff9|Great Tusk|100\/100\n|move|p2a: Landorus|Stone Edge|p1a: \u94c1\u8f99\u8ff9\n|-resisted|p1a: \u94c1\u8f99\u8ff9\n|-damage|p1a: \u94c1\u8f99\u8ff9|92\/100\n|\n|upkeep\n|turn|12\n|\n|t:|1700619079\n|switch|p2a: Urshifu|Urshifu-Rapid-Strike, M|100\/100\n|move|p1a: \u94c1\u8f99\u8ff9|Rapid Spin|p2a: Urshifu\n|-damage|p2a: Urshifu|86\/100\n|-boost|p1a: \u94c1\u8f99\u8ff9|spe|1\n|\n|upkeep\n|turn|13\n|\n|t:|1700619083\n|-end|p1a: \u94c1\u8f99\u8ff9|Protosynthesis|[silent]\n|switch|p1a: \u94a2\u94e0\u9e26|Skarmory, M|100\/100\n|-terastallize|p2a: Urshifu|Water\n|move|p2a: Urshifu|Surging Strikes|p1a: \u94a2\u94e0\u9e26\n|-crit|p1a: \u94a2\u94e0\u9e26\n|-damage|p1a: \u94a2\u94e0\u9e26|83\/100\n|-damage|p2a: Urshifu|70\/100|[from] item: Rocky Helmet|[of] p1a: \u94a2\u94e0\u9e26\n|-crit|p1a: \u94a2\u94e0\u9e26\n|-damage|p1a: \u94a2\u94e0\u9e26|63\/100\n|-damage|p2a: Urshifu|54\/100|[from] item: Rocky Helmet|[of] p1a: \u94a2\u94e0\u9e26\n|-crit|p1a: \u94a2\u94e0\u9e26\n|-damage|p1a: \u94a2\u94e0\u9e26|45\/100\n|-damage|p2a: Urshifu|37\/100|[from] item: Rocky Helmet|[of] p1a: \u94a2\u94e0\u9e26\n|-hitcount|p1a: \u94a2\u94e0\u9e26|3\n|\n|upkeep\n|turn|14\n|\n|t:|1700619085\n|move|p2a: Urshifu|Surging Strikes|p1a: \u94a2\u94e0\u9e26\n|-crit|p1a: \u94a2\u94e0\u9e26\n|-damage|p1a: \u94a2\u94e0\u9e26|27\/100\n|-damage|p2a: Urshifu|21\/100|[from] item: Rocky Helmet|[of] p1a: \u94a2\u94e0\u9e26\n|-crit|p1a: \u94a2\u94e0\u9e26\n|-damage|p1a: \u94a2\u94e0\u9e26|8\/100\n|-damage|p2a: Urshifu|4\/100|[from] item: Rocky Helmet|[of] p1a: \u94a2\u94e0\u9e26\n|-crit|p1a: \u94a2\u94e0\u9e26\n|-damage|p1a: \u94a2\u94e0\u9e26|0 fnt\n|-damage|p2a: Urshifu|0 fnt|[from] item: Rocky Helmet|[of] p1a: \u94a2\u94e0\u9e26\n|faint|p1a: \u94a2\u94e0\u9e26\n|faint|p2a: Urshifu\n|-hitcount|p1: \u94a2\u94e0\u9e26|3\n|\n|upkeep\n|\n|t:|1700619090\n|switch|p2a: Samurott|Samurott-Hisui, F|67\/100\n|switch|p1a: \u5361\u666e\u9e23\u9e23|Tapu Lele|100\/100\n|-fieldstart|move: Psychic Terrain|[from] ability: Psychic Surge|[of] p1a: \u5361\u666e\u9e23\u9e23\n|turn|15\n|\n|t:|1700619093\n|move|p1a: \u5361\u666e\u9e23\u9e23|Moonblast|p2a: Samurott\n|-supereffective|p2a: Samurott\n|-damage|p2a: Samurott|0 fnt\n|faint|p2a: Samurott\n|\n|upkeep\n|\n|t:|1700619095\n|switch|p2a: Landorus|Landorus-Therian, M|100\/100\n|-ability|p2a: Landorus|Intimidate|boost\n|-unboost|p1a: \u5361\u666e\u9e23\u9e23|atk|1\n|turn|16\n|\n|t:|1700619098\n|switch|p1a: \u94c1\u8f99\u8ff9|Great Tusk|92\/100\n|move|p2a: Landorus|U-turn|p1a: \u94c1\u8f99\u8ff9\n|-resisted|p1a: \u94c1\u8f99\u8ff9\n|-damage|p1a: \u94c1\u8f99\u8ff9|81\/100\n|\n|t:|1700619100\n|switch|p2a: Dragonite|Dragonite, M|100\/100|[from] U-turn\n|\n|upkeep\n|turn|17\n|\n|t:|1700619103\n|-zpower|p1a: \u94c1\u8f99\u8ff9\n|move|p1a: \u94c1\u8f99\u8ff9|Subzero Slammer|p2a: Dragonite|[zeffect]\n|-supereffective|p2a: Dragonite\n|-damage|p2a: Dragonite|0 fnt\n|faint|p2a: Dragonite\n|\n|upkeep\n|c|\u2606dwill16|gg\n|-message|Dracaufeu shiny forfeited.\n|\n|win|dwill16\n|raw|dwill16's rating: 1591 &rarr; <strong>1615<\/strong><br \/>(+24 for winning)\n|raw|Dracaufeu shiny's rating: 1664 &rarr; <strong>1640<\/strong><br \/>(-24 for losing)\n|l|\u2606Dracaufeu shiny\n","uploadtime":1700619137,"views":0,"p1id":"dwill16","p2id":"dracaufeushiny","formatid":"gen9nationaldex","rating":1615,"private":0,"password":""}