{"id":"gen9nationaldex-1992678470","p1":"shiyv","p2":"cyan maple","format":"[Gen 9] National Dex","log":"|j|\u2606shiyv\n|j|\u2606cyan maple\n|t:|1700224221\n|gametype|singles\n|player|p1|shiyv|wallace|1669\n|player|p2|cyan maple|n-masters3|1586\n|teamsize|p1|6\n|teamsize|p2|6\n|gen|9\n|tier|[Gen 9] National Dex\n|rated|\n|rule|HP Percentage Mod: HP is shown in percentages\n|rule|Endless Battle Clause: Forcing endless battles is banned\n|rule|OHKO Clause: OHKO moves are banned\n|rule|Evasion Clause: Evasion abilities, items, and moves are banned\n|rule|Evasion Abilities Clause: Evasion abilities are banned\n|rule|Evasion Items Clause: Evasion items are banned\n|rule|Evasion Moves Clause: Evasion moves are banned\n|rule|Species Clause: Limit one of each Pok\u00e9mon\n|rule|Sleep Clause Mod: Limit one foe put to sleep\n|clearpoke\n|poke|p1|Iron Valiant|\n|poke|p1|Dragonite, M|\n|poke|p1|Tyranitar, F|\n|poke|p1|Moltres|\n|poke|p1|Volcanion|\n|poke|p1|Glimmora, M|\n|poke|p2|Tapu Koko|\n|poke|p2|Manectric, M|\n|poke|p2|Sneasler, M|\n|poke|p2|Rillaboom, M|\n|poke|p2|Moltres|\n|poke|p2|Iron Hands|\n|teampreview\n|inactive|Battle timer is ON: inactive players will automatically lose when time's up. (requested by shiyv)\n|\n|t:|1700224229\n|start\n|switch|p1a: Dragonite|Dragonite, M|100\/100\n|switch|p2a: Tapu Koko|Tapu Koko|100\/100\n|-fieldstart|move: Electric Terrain|[from] ability: Electric Surge|[of] p2a: Tapu Koko\n|turn|1\n|\n|t:|1700224232\n|-terastallize|p1a: Dragonite|Normal\n|move|p1a: Dragonite|Extreme Speed|p2a: Tapu Koko\n|-damage|p2a: Tapu Koko|0 fnt\n|faint|p2a: Tapu Koko\n|\n|upkeep\n|\n|t:|1700224238\n|switch|p2a: Baymax|Iron Hands|100\/100\n|-activate|p2a: Baymax|ability: Quark Drive\n|-start|p2a: Baymax|quarkdriveatk\n|turn|2\n|\n|t:|1700224249\n|move|p1a: Dragonite|Extreme Speed|p2a: Baymax\n|-damage|p2a: Baymax|53\/100\n|move|p2a: Baymax|Swords Dance|p2a: Baymax\n|-boost|p2a: Baymax|atk|2\n|\n|upkeep\n|turn|3\n|j| Mixlus pi\n|j| slobadd\n|inactive|shiyv has 120 seconds left.\n|\n|t:|1700224295\n|switch|p1a: Glimmora|Glimmora, M|100\/100\n|move|p2a: Baymax|Drain Punch|p1a: Glimmora\n|-enditem|p1a: Glimmora|Focus Sash\n|-damage|p1a: Glimmora|1\/100\n|-heal|p2a: Baymax|86\/100|[from] drain|[of] p1a: Glimmora\n|-activate|p1a: Glimmora|ability: Toxic Debris\n|-sidestart|p2: cyan maple|move: Toxic Spikes\n|\n|upkeep\n|turn|4\n|\n|t:|1700224299\n|move|p1a: Glimmora|Earth Power|p2a: Baymax\n|-supereffective|p2a: Baymax\n|-damage|p2a: Baymax|31\/100\n|move|p2a: Baymax|Drain Punch|p1a: Glimmora\n|-damage|p1a: Glimmora|0 fnt\n|-heal|p2a: Baymax|31\/100|[from] drain|[of] p1a: Glimmora\n|-activate|p1a: Glimmora|ability: Toxic Debris\n|-sidestart|p2: cyan maple|move: Toxic Spikes\n|faint|p1a: Glimmora\n|\n|upkeep\n|\n|t:|1700224304\n|switch|p1a: Dragonite|Dragonite, M, tera:Normal|100\/100\n|turn|5\n|\n|t:|1700224306\n|-end|p2a: Baymax|Quark Drive|[silent]\n|switch|p2a: Moltres|Moltres|100\/100\n|move|p1a: Dragonite|Extreme Speed|p2a: Moltres\n|-damage|p2a: Moltres|55\/100\n|-status|p1a: Dragonite|brn|[from] ability: Flame Body|[of] p2a: Moltres\n|\n|-damage|p1a: Dragonite|94\/100 brn|[from] brn\n|-fieldend|move: Electric Terrain\n|upkeep\n|turn|6\n|\n|t:|1700224312\n|switch|p1a: Tyranitar|Tyranitar, F|100\/100\n|-weather|Sandstorm|[from] ability: Sand Stream|[of] p1a: Tyranitar\n|move|p2a: Moltres|Roost|p2a: Moltres\n|-heal|p2a: Moltres|100\/100\n|-singleturn|p2a: Moltres|move: Roost\n|\n|-weather|Sandstorm|[upkeep]\n|-damage|p2a: Moltres|94\/100|[from] Sandstorm\n|upkeep\n|turn|7\n|\n|t:|1700224315\n|detailschange|p1a: Tyranitar|Tyranitar-Mega, F\n|-mega|p1a: Tyranitar|Tyranitar|Tyranitarite\n|move|p1a: Tyranitar|Knock Off|p2a: Moltres\n|-damage|p2a: Moltres|46\/100\n|-status|p1a: Tyranitar|brn|[from] ability: Flame Body|[of] p2a: Moltres\n|-enditem|p2a: Moltres|Heavy-Duty Boots|[from] move: Knock Off|[of] p1a: Tyranitar\n|move|p2a: Moltres|Toxic||[still]\n|-fail|p2a: Moltres\n|\n|-weather|Sandstorm|[upkeep]\n|-damage|p2a: Moltres|40\/100|[from] Sandstorm\n|-damage|p1a: Tyranitar|94\/100 brn|[from] brn\n|upkeep\n|turn|8\n|\n|t:|1700224334\n|switch|p1a: Iron Valiant|Iron Valiant|100\/100\n|move|p2a: Moltres|U-turn|p1a: Iron Valiant\n|-resisted|p1a: Iron Valiant\n|-damage|p1a: Iron Valiant|96\/100\n|\n|t:|1700224338\n|switch|p2a: Sneasler|Sneasler, M|100\/100|[from] U-turn\n|-sideend|p2: cyan maple|move: Toxic Spikes|[of] p2a: Sneasler\n|\n|-weather|Sandstorm|[upkeep]\n|-damage|p1a: Iron Valiant|90\/100|[from] Sandstorm\n|-damage|p2a: Sneasler|95\/100|[from] Sandstorm\n|upkeep\n|turn|9\n|\n|t:|1700224353\n|-end|p1a: Iron Valiant|Quark Drive|[silent]\n|switch|p1a: Moltres|Moltres|100\/100\n|switch|p2a: Moltres|Moltres|40\/100\n|\n|-weather|Sandstorm|[upkeep]\n|-damage|p1a: Moltres|94\/100|[from] Sandstorm\n|-damage|p2a: Moltres|34\/100|[from] Sandstorm\n|upkeep\n|turn|10\n|\n|t:|1700224364\n|switch|p1a: Iron Valiant|Iron Valiant|90\/100\n|move|p2a: Moltres|Toxic|p1a: Iron Valiant\n|-status|p1a: Iron Valiant|tox\n|\n|-weather|none\n|-damage|p1a: Iron Valiant|84\/100 tox|[from] psn\n|upkeep\n|turn|11\n|\n|t:|1700224368\n|move|p1a: Iron Valiant|Thunderbolt|p2a: Moltres\n|-supereffective|p2a: Moltres\n|-damage|p2a: Moltres|0 fnt\n|faint|p2a: Moltres\n|\n|-damage|p1a: Iron Valiant|71\/100 tox|[from] psn\n|upkeep\n|\n|t:|1700224373\n|switch|p2a: Manectric|Manectric, M|100\/100\n|turn|12\n|inactive|shiyv has 120 seconds left.\n|\n|t:|1700224403\n|detailschange|p2a: Manectric|Manectric-Mega, M\n|-mega|p2a: Manectric|Manectric|Manectite\n|-ability|p2a: Manectric|Intimidate|boost\n|-unboost|p1a: Iron Valiant|atk|1\n|move|p2a: Manectric|Rising Voltage|p1a: Iron Valiant\n|-damage|p1a: Iron Valiant|0 fnt\n|faint|p1a: Iron Valiant\n|-end|p1a: Iron Valiant|Quark Drive|[silent]\n|\n|upkeep\n|inactive|shiyv has 120 seconds left.\n|\n|t:|1700224416\n|switch|p1a: Dragonite|Dragonite, M, tera:Normal|94\/100 brn\n|turn|13\n|inactive|shiyv has 120 seconds left.\n|\n|t:|1700224424\n|move|p2a: Manectric|Volt Switch|p1a: Dragonite\n|-damage|p1a: Dragonite|57\/100 brn\n|\n|t:|1700224427\n|switch|p2a: My hammer|Rillaboom, M|100\/100|[from] Volt Switch\n|-fieldstart|move: Grassy Terrain|[from] ability: Grassy Surge|[of] p2a: My hammer\n|move|p1a: Dragonite|Earthquake|p2a: My hammer\n|-resisted|p2a: My hammer\n|-damage|p2a: My hammer|93\/100\n|\n|-heal|p2a: My hammer|99\/100|[from] Grassy Terrain\n|-heal|p1a: Dragonite|63\/100 brn|[from] Grassy Terrain\n|-damage|p1a: Dragonite|57\/100 brn|[from] brn\n|upkeep\n|turn|14\n|\n|t:|1700224435\n|switch|p2a: Manectric|Manectric-Mega, M|100\/100\n|-ability|p2a: Manectric|Intimidate|boost\n|-unboost|p1a: Dragonite|atk|1\n|switch|p1a: Moltres|Moltres|94\/100\n|\n|upkeep\n|turn|15\n|\n|t:|1700224442\n|move|p2a: Manectric|Rising Voltage|p1a: Moltres\n|-supereffective|p1a: Moltres\n|-damage|p1a: Moltres|15\/100\n|move|p1a: Moltres|Flamethrower|p2a: Manectric\n|-damage|p2a: Manectric|43\/100\n|\n|-heal|p2a: Manectric|49\/100|[from] Grassy Terrain\n|upkeep\n|turn|16\n|\n|t:|1700224446\n|move|p2a: Manectric|Rising Voltage|p1a: Moltres\n|-supereffective|p1a: Moltres\n|-damage|p1a: Moltres|0 fnt\n|faint|p1a: Moltres\n|\n|-heal|p2a: Manectric|55\/100|[from] Grassy Terrain\n|upkeep\n|\n|t:|1700224448\n|switch|p1a: Dragonite|Dragonite, M, tera:Normal|57\/100 brn\n|turn|17\n|\n|t:|1700224453\n|switch|p2a: Baymax|Iron Hands|31\/100\n|move|p1a: Dragonite|Extreme Speed|p2a: Baymax\n|-damage|p2a: Baymax|6\/100\n|\n|-heal|p1a: Dragonite|63\/100 brn|[from] Grassy Terrain\n|-heal|p2a: Baymax|12\/100|[from] Grassy Terrain\n|-damage|p1a: Dragonite|57\/100 brn|[from] brn\n|-fieldend|move: Grassy Terrain\n|upkeep\n|turn|18\n|\n|t:|1700224457\n|-end|p2a: Baymax|Quark Drive|[silent]\n|switch|p2a: My hammer|Rillaboom, M|99\/100\n|-fieldstart|move: Grassy Terrain|[from] ability: Grassy Surge|[of] p2a: My hammer\n|move|p1a: Dragonite|Extreme Speed|p2a: My hammer\n|-damage|p2a: My hammer|67\/100\n|\n|-heal|p2a: My hammer|73\/100|[from] Grassy Terrain\n|-heal|p1a: Dragonite|63\/100 brn|[from] Grassy Terrain\n|-damage|p1a: Dragonite|57\/100 brn|[from] brn\n|upkeep\n|turn|19\n|\n|t:|1700224463\n|move|p1a: Dragonite|Extreme Speed|p2a: My hammer\n|-damage|p2a: My hammer|40\/100\n|move|p2a: My hammer|Grassy Glide|p1a: Dragonite\n|-crit|p1a: Dragonite\n|-damage|p1a: Dragonite|0 fnt\n|faint|p1a: Dragonite\n|\n|-heal|p2a: My hammer|46\/100|[from] Grassy Terrain\n|upkeep\n|-message|shiyv forfeited.\n|\n|win|cyan maple\n|raw|shiyv's rating: 1669 &rarr; <strong>1644<\/strong><br \/>(-25 for losing)\n|raw|cyan maple's rating: 1586 &rarr; <strong>1611<\/strong><br \/>(+25 for winning)\n|l|\u2606shiyv\n","uploadtime":1700224477,"views":6,"p1id":"shiyv","p2id":"cyanmaple","formatid":"gen9nationaldex","rating":1611,"private":0,"password":""}