{"id":"gen9nationaldex-1992306929","p1":"TGM_Destroyer","p2":"COG_EmoGalaxyy","format":"[Gen 9] National Dex","log":"|j|\u2606TGM_Destroyer\n|j|\u2606COG_EmoGalaxyy\n|t:|1700173018\n|gametype|singles\n|player|p1|TGM_Destroyer|1|\n|player|p2|COG_EmoGalaxyy|170|\n|teamsize|p1|3\n|teamsize|p2|3\n|gen|9\n|tier|[Gen 9] National Dex\n|rule|HP Percentage Mod: HP is shown in percentages\n|rule|Endless Battle Clause: Forcing endless battles is banned\n|rule|OHKO Clause: OHKO moves are banned\n|rule|Evasion Clause: Evasion abilities, items, and moves are banned\n|rule|Evasion Abilities Clause: Evasion abilities are banned\n|rule|Evasion Items Clause: Evasion items are banned\n|rule|Evasion Moves Clause: Evasion moves are banned\n|rule|Species Clause: Limit one of each Pok\u00e9mon\n|rule|Sleep Clause Mod: Limit one foe put to sleep\n|clearpoke\n|poke|p1|Pincurchin, M|\n|poke|p1|Raichu-Alola, M|\n|poke|p1|Rotom-Wash|\n|poke|p2|Landorus-Therian, M|\n|poke|p2|Dragonite, F|\n|poke|p2|Kilowattrel, F|\n|teampreview\n|c|\u2606COG_EmoGalaxyy|Killer\n|\n|t:|1700173068\n|start\n|switch|p1a: Raichu|Raichu-Alola, M|100\/100\n|switch|p2a: Kilowattrel|Kilowattrel, F|100\/100\n|turn|1\n|\n|t:|1700173085\n|switch|p1a: Pincurchin|Pincurchin, M|100\/100\n|-fieldstart|move: Electric Terrain|[from] ability: Electric Surge|[of] p1a: Pincurchin\n|move|p2a: Kilowattrel|Tailwind|p2a: Kilowattrel\n|-sidestart|p2: COG_EmoGalaxyy|move: Tailwind\n|\n|upkeep\n|turn|2\n|\n|t:|1700173096\n|move|p2a: Kilowattrel|Hurricane|p1a: Pincurchin\n|-resisted|p1a: Pincurchin\n|-damage|p1a: Pincurchin|65\/100\n|move|p1a: Pincurchin|Liquidation|p2a: Kilowattrel\n|-damage|p2a: Kilowattrel|56\/100\n|\n|upkeep\n|turn|3\n|\n|t:|1700173117\n|move|p2a: Kilowattrel|Hurricane|p1a: Pincurchin\n|-resisted|p1a: Pincurchin\n|-damage|p1a: Pincurchin|26\/100\n|-start|p1a: Pincurchin|confusion\n|-activate|p1a: Pincurchin|confusion\n|-damage|p1a: Pincurchin|13\/100|[from] confusion\n|\n|upkeep\n|turn|4\n|\n|t:|1700173124\n|-end|p1a: Pincurchin|confusion\n|move|p1a: Pincurchin|Sucker Punch|p2a: Kilowattrel\n|-damage|p2a: Kilowattrel|19\/100\n|move|p2a: Kilowattrel|Hurricane|p1a: Pincurchin\n|-resisted|p1a: Pincurchin\n|-damage|p1a: Pincurchin|0 fnt\n|faint|p1a: Pincurchin\n|\n|-sideend|p2: COG_EmoGalaxyy|move: Tailwind\n|upkeep\n|\n|t:|1700173133\n|switch|p1a: Raichu|Raichu-Alola, M|100\/100\n|turn|5\n|\n|t:|1700173137\n|switch|p2a: Landorus|Landorus-Therian, M|100\/100\n|-ability|p2a: Landorus|Intimidate|boost\n|-unboost|p1a: Raichu|atk|1\n|move|p1a: Raichu|Psychic|p2a: Landorus\n|-damage|p2a: Landorus|44\/100\n|\n|upkeep\n|turn|6\n|\n|t:|1700173152\n|move|p1a: Raichu|Psychic|p2a: Landorus\n|-damage|p2a: Landorus|0 fnt\n|faint|p2a: Landorus\n|\n|upkeep\n|\n|t:|1700173155\n|switch|p2a: Dragonite|Dragonite, F|100\/100\n|turn|7\n|\n|t:|1700173166\n|move|p1a: Raichu|Thunderbolt|p2a: Dragonite\n|-damage|p2a: Dragonite|72\/100\n|move|p2a: Dragonite|Dragon Dance|p2a: Dragonite\n|-boost|p2a: Dragonite|atk|1\n|-boost|p2a: Dragonite|spe|1\n|\n|upkeep\n|turn|8\n|\n|t:|1700173172\n|move|p1a: Raichu|Nasty Plot|p1a: Raichu\n|-boost|p1a: Raichu|spa|2\n|move|p2a: Dragonite|Dragon Dance|p2a: Dragonite\n|-boost|p2a: Dragonite|atk|1\n|-boost|p2a: Dragonite|spe|1\n|\n|-fieldend|move: Electric Terrain\n|upkeep\n|turn|9\n|\n|t:|1700173184\n|move|p2a: Dragonite|Extreme Speed|p1a: Raichu\n|-enditem|p1a: Raichu|Focus Sash\n|-damage|p1a: Raichu|1\/100\n|move|p1a: Raichu|Thunderbolt|p2a: Dragonite\n|-damage|p2a: Dragonite|0 fnt\n|faint|p2a: Dragonite\n|\n|upkeep\n|\n|t:|1700173187\n|switch|p2a: Kilowattrel|Kilowattrel, F|19\/100\n|turn|10\n|\n|t:|1700173199\n|move|p2a: Kilowattrel|Volt Switch|p1a: Raichu\n|-resisted|p1a: Raichu\n|-damage|p1a: Raichu|0 fnt\n|faint|p1a: Raichu\n|\n|upkeep\n|\n|t:|1700173203\n|switch|p1a: Rotom|Rotom-Wash|100\/100\n|turn|11\n|\n|t:|1700173213\n|move|p2a: Kilowattrel|Air Slash|p1a: Rotom\n|-resisted|p1a: Rotom\n|-damage|p1a: Rotom|84\/100\n|cant|p1a: Rotom|flinch\n|\n|-heal|p1a: Rotom|90\/100|[from] item: Leftovers\n|upkeep\n|turn|12\n|\n|t:|1700173233\n|move|p2a: Kilowattrel|Air Slash|p1a: Rotom\n|-resisted|p1a: Rotom\n|-damage|p1a: Rotom|70\/100\n|move|p1a: Rotom|Hex|p2a: Kilowattrel\n|-damage|p2a: Kilowattrel|0 fnt\n|faint|p2a: Kilowattrel\n|\n|win|TGM_Destroyer\n","uploadtime":1700173241,"views":20,"p1id":"tgmdestroyer","p2id":"cogemogalaxyy","formatid":"gen9nationaldex","rating":0,"private":0,"password":""}