{"id":"gen9nationaldex-1987443650","p1":"SH4RK!193","p2":"TheQuobGobbler","format":"[Gen 9] National Dex","log":"|j|\u2606SH4RK!193\n|j|\u2606TheQuobGobbler\n|t:|1699592359\n|gametype|singles\n|player|p1|SH4RK!193|bea-masters|1079\n|player|p2|TheQuobGobbler|ghetsis|1067\n|teamsize|p1|6\n|teamsize|p2|6\n|gen|9\n|tier|[Gen 9] National Dex\n|rated|\n|rule|HP Percentage Mod: HP is shown in percentages\n|rule|Endless Battle Clause: Forcing endless battles is banned\n|rule|OHKO Clause: OHKO moves are banned\n|rule|Evasion Clause: Evasion abilities, items, and moves are banned\n|rule|Evasion Abilities Clause: Evasion abilities are banned\n|rule|Evasion Items Clause: Evasion items are banned\n|rule|Evasion Moves Clause: Evasion moves are banned\n|rule|Species Clause: Limit one of each Pok\u00e9mon\n|rule|Sleep Clause Mod: Limit one foe put to sleep\n|clearpoke\n|poke|p1|Shiftry, F|\n|poke|p1|Xatu, F|\n|poke|p1|Typhlosion-Hisui, M|\n|poke|p1|Forretress, M|\n|poke|p1|Dragalge, M|\n|poke|p1|Snorlax, F|\n|poke|p2|Salazzle, F|\n|poke|p2|Magnemite, L1|\n|poke|p2|Probopass, L2, M|\n|poke|p2|Mandibuzz, F|\n|poke|p2|Nosepass, L1, M|\n|poke|p2|Tentacruel, M|\n|teampreview\n|\n|t:|1699592370\n|start\n|switch|p1a: Dragalge|Dragalge, M|100\/100\n|switch|p2a: Sh\ud83d\udca9tsquid|Tentacruel, M|100\/100\n|turn|1\n|\n|t:|1699592378\n|move|p2a: Sh\ud83d\udca9tsquid|Knock Off|p1a: Dragalge\n|-damage|p1a: Dragalge|87\/100\n|-enditem|p1a: Dragalge|Black Sludge|[from] move: Knock Off|[of] p2a: Sh\ud83d\udca9tsquid\n|move|p1a: Dragalge|Dragon Tail|p2a: Sh\ud83d\udca9tsquid\n|-damage|p2a: Sh\ud83d\udca9tsquid|71\/100\n|drag|p2a: Level2\ufe0f\u20e3Level2\ufe0f\u20e3|Probopass, L2, M, shiny|100\/100\n|\n|upkeep\n|turn|2\n|\n|t:|1699592398\n|switch|p2a: Sh\ud83d\udca9tbird|Mandibuzz, F|100\/100\n|move|p1a: Dragalge|Scald|p2a: Sh\ud83d\udca9tbird\n|-damage|p2a: Sh\ud83d\udca9tbird|83\/100\n|\n|upkeep\n|turn|3\n|\n|t:|1699592405\n|move|p2a: Sh\ud83d\udca9tbird|Foul Play|p1a: Dragalge\n|-damage|p1a: Dragalge|63\/100\n|move|p1a: Dragalge|Scald|p2a: Sh\ud83d\udca9tbird\n|-damage|p2a: Sh\ud83d\udca9tbird|66\/100\n|\n|upkeep\n|turn|4\n|\n|t:|1699592411\n|move|p2a: Sh\ud83d\udca9tbird|Foul Play|p1a: Dragalge\n|-damage|p1a: Dragalge|39\/100\n|move|p1a: Dragalge|Scald|p2a: Sh\ud83d\udca9tbird\n|-damage|p2a: Sh\ud83d\udca9tbird|49\/100\n|-status|p2a: Sh\ud83d\udca9tbird|brn\n|\n|-damage|p2a: Sh\ud83d\udca9tbird|43\/100 brn|[from] brn\n|upkeep\n|turn|5\n|\n|t:|1699592416\n|move|p2a: Sh\ud83d\udca9tbird|Roost|p2a: Sh\ud83d\udca9tbird\n|-heal|p2a: Sh\ud83d\udca9tbird|93\/100 brn\n|-singleturn|p2a: Sh\ud83d\udca9tbird|move: Roost\n|move|p1a: Dragalge|Dragon Tail|p2a: Sh\ud83d\udca9tbird\n|-damage|p2a: Sh\ud83d\udca9tbird|80\/100 brn\n|drag|p2a: Click the \u274c|Nosepass, L1, M, shiny|100\/100\n|\n|upkeep\n|turn|6\n|\n|t:|1699592420\n|switch|p2a: Sh\ud83d\udca9tbird|Mandibuzz, F|80\/100 brn\n|move|p1a: Dragalge|Scald|p2a: Sh\ud83d\udca9tbird\n|-damage|p2a: Sh\ud83d\udca9tbird|63\/100 brn\n|\n|-damage|p2a: Sh\ud83d\udca9tbird|57\/100 brn|[from] brn\n|upkeep\n|turn|7\n|\n|t:|1699592427\n|switch|p1a: Forretress|Forretress, M|100\/100\n|move|p2a: Sh\ud83d\udca9tbird|Foul Play|p1a: Forretress\n|-damage|p1a: Forretress|89\/100\n|-enditem|p1a: Forretress|Red Card|[of] p2a: Sh\ud83d\udca9tbird\n|drag|p2a: Click the \u274c|Nosepass, L1, M, shiny|100\/100\n|\n|upkeep\n|turn|8\n|\n|t:|1699592433\n|move|p2a: Click the \u274c|Magic Coat|p2a: Click the \u274c\n|-singleturn|p2a: Click the \u274c|move: Magic Coat\n|move|p1a: Forretress|Volt Switch|p2a: Click the \u274c\n|-ability|p2a: Click the \u274c|Sturdy\n|-damage|p2a: Click the \u274c|10\/100\n|-enditem|p2a: Click the \u274c|Berry Juice\n|-heal|p2a: Click the \u274c|100\/100|[from] item: Berry Juice\n|\n|t:|1699592440\n|switch|p1a: Shiftry|Shiftry, F|100\/100|[from] Volt Switch\n|\n|upkeep\n|turn|9\n|\n|t:|1699592448\n|move|p2a: Click the \u274c|Protect|p2a: Click the \u274c\n|-singleturn|p2a: Click the \u274c|Protect\n|move|p1a: Shiftry|Fake Out|p2a: Click the \u274c\n|-activate|p2a: Click the \u274c|move: Protect\n|\n|upkeep\n|turn|10\n|\n|t:|1699592454\n|switch|p1a: Forretress|Forretress, M|89\/100\n|move|p2a: Click the \u274c|Pain Split|p1a: Forretress\n|-sethp|p1a: Forretress|46\/100|[from] move: Pain Split|[silent]\n|-sethp|p2a: Click the \u274c|100\/100|[from] move: Pain Split\n|\n|upkeep\n|turn|11\n|\n|t:|1699592459\n|move|p1a: Forretress|Rapid Spin|p2a: Click the \u274c\n|-resisted|p2a: Click the \u274c\n|-ability|p2a: Click the \u274c|Sturdy\n|-damage|p2a: Click the \u274c|10\/100\n|-boost|p1a: Forretress|spe|1\n|move|p2a: Click the \u274c|Pain Split|p1a: Forretress\n|-sethp|p1a: Forretress|23\/100|[from] move: Pain Split|[silent]\n|-sethp|p2a: Click the \u274c|100\/100|[from] move: Pain Split\n|\n|upkeep\n|turn|12\n|\n|t:|1699592464\n|move|p1a: Forretress|Rapid Spin|p2a: Click the \u274c\n|-resisted|p2a: Click the \u274c\n|-ability|p2a: Click the \u274c|Sturdy\n|-damage|p2a: Click the \u274c|10\/100\n|-boost|p1a: Forretress|spe|1\n|move|p2a: Click the \u274c|Pain Split|p1a: Forretress\n|-sethp|p1a: Forretress|12\/100|[from] move: Pain Split|[silent]\n|-sethp|p2a: Click the \u274c|100\/100|[from] move: Pain Split\n|\n|upkeep\n|turn|13\n|\n|t:|1699592468\n|switch|p2a: Sh\ud83d\udca9tsquid|Tentacruel, M|71\/100\n|move|p1a: Forretress|Volt Switch|p2a: Sh\ud83d\udca9tsquid\n|-supereffective|p2a: Sh\ud83d\udca9tsquid\n|-damage|p2a: Sh\ud83d\udca9tsquid|56\/100\n|\n|t:|1699592472\n|switch|p1a: Shiftry|Shiftry, F|100\/100|[from] Volt Switch\n|\n|-heal|p2a: Sh\ud83d\udca9tsquid|62\/100|[from] item: Leftovers\n|upkeep\n|turn|14\n|\n|t:|1699592488\n|switch|p2a: Sh\ud83d\udca9tbird|Mandibuzz, F|57\/100 brn\n|switch|p1a: Forretress|Forretress, M|12\/100\n|\n|-damage|p2a: Sh\ud83d\udca9tbird|51\/100 brn|[from] brn\n|upkeep\n|turn|15\n|\n|t:|1699592492\n|move|p2a: Sh\ud83d\udca9tbird|Foul Play|p1a: Forretress\n|-damage|p1a: Forretress|0 fnt\n|faint|p1a: Forretress\n|\n|-damage|p2a: Sh\ud83d\udca9tbird|45\/100 brn|[from] brn\n|upkeep\n|\n|t:|1699592503\n|switch|p1a: Typhlosion|Typhlosion-Hisui, M|100\/100\n|-item|p2a: Sh\ud83d\udca9tbird|Heavy-Duty Boots|[from] ability: Frisk|[of] p1a: Typhlosion|[identify]\n|turn|16\n|\n|t:|1699592521\n|switch|p2a: Sh\ud83d\udca9tsquid|Tentacruel, M|62\/100\n|move|p1a: Typhlosion|Eruption|p2a: Sh\ud83d\udca9tsquid\n|-resisted|p2a: Sh\ud83d\udca9tsquid\n|-damage|p2a: Sh\ud83d\udca9tsquid|28\/100\n|\n|-heal|p2a: Sh\ud83d\udca9tsquid|34\/100|[from] item: Leftovers\n|upkeep\n|turn|17\n|\n|t:|1699592530\n|-terastallize|p1a: Typhlosion|Fire\n|move|p1a: Typhlosion|Eruption|p2a: Sh\ud83d\udca9tsquid\n|-resisted|p2a: Sh\ud83d\udca9tsquid\n|-damage|p2a: Sh\ud83d\udca9tsquid|0 fnt\n|faint|p2a: Sh\ud83d\udca9tsquid\n|\n|upkeep\n|\n|t:|1699592542\n|switch|p2a: Literally Level 1|Magnemite, L1|100\/100\n|turn|18\n|inactive|Battle timer is ON: inactive players will automatically lose when time's up. (requested by TheQuobGobbler)\n|\n|t:|1699592547\n|switch|p1a: Xatu|Xatu, F|100\/100\n|move|p2a: Literally Level 1|Toxic|p1a: Xatu\n|move|p1a: Xatu|Toxic|p2a: Literally Level 1|[from]ability: Magic Bounce\n|-immune|p2a: Literally Level 1\n|\n|upkeep\n|turn|19\n|\n|t:|1699592555\n|move|p2a: Literally Level 1|Protect|p2a: Literally Level 1\n|-singleturn|p2a: Literally Level 1|Protect\n|move|p1a: Xatu|Air Slash|p2a: Literally Level 1\n|-activate|p2a: Literally Level 1|move: Protect\n|\n|upkeep\n|turn|20\n|\n|t:|1699592565\n|switch|p2a: Sh\ud83d\udca9tbird|Mandibuzz, F|45\/100 brn\n|move|p1a: Xatu|Air Slash|p2a: Sh\ud83d\udca9tbird\n|-damage|p2a: Sh\ud83d\udca9tbird|24\/100 brn\n|\n|-damage|p2a: Sh\ud83d\udca9tbird|18\/100 brn|[from] brn\n|upkeep\n|turn|21\n|\n|t:|1699592571\n|move|p1a: Xatu|Air Slash|p2a: Sh\ud83d\udca9tbird\n|-damage|p2a: Sh\ud83d\udca9tbird|0 fnt\n|faint|p2a: Sh\ud83d\udca9tbird\n|\n|upkeep\n|\n|t:|1699592574\n|switch|p2a: No Fun Allowed|Salazzle, F|100\/100\n|turn|22\n|\n|t:|1699592578\n|move|p2a: No Fun Allowed|Substitute|p2a: No Fun Allowed\n|-start|p2a: No Fun Allowed|Substitute\n|-damage|p2a: No Fun Allowed|76\/100\n|move|p1a: Xatu|Thunder Wave||[still]\n|-fail|p1a: Xatu\n|\n|-heal|p2a: No Fun Allowed|82\/100|[from] item: Leftovers\n|upkeep\n|turn|23\n|\n|t:|1699592584\n|move|p2a: No Fun Allowed|Flamethrower|p1a: Xatu\n|-damage|p1a: Xatu|48\/100\n|move|p1a: Xatu|Air Slash|p2a: No Fun Allowed\n|-end|p2a: No Fun Allowed|Substitute\n|\n|-heal|p2a: No Fun Allowed|88\/100|[from] item: Leftovers\n|upkeep\n|turn|24\n|\n|t:|1699592587\n|move|p2a: No Fun Allowed|Flamethrower|p1a: Xatu\n|-damage|p1a: Xatu|0 fnt\n|faint|p1a: Xatu\n|\n|-heal|p2a: No Fun Allowed|94\/100|[from] item: Leftovers\n|upkeep\n|\n|t:|1699592595\n|switch|p1a: Typhlosion|Typhlosion-Hisui, M, tera:Fire|100\/100\n|-item|p2a: No Fun Allowed|Leftovers|[from] ability: Frisk|[of] p1a: Typhlosion|[identify]\n|turn|25\n|\n|t:|1699592599\n|move|p2a: No Fun Allowed|Protect|p2a: No Fun Allowed\n|-singleturn|p2a: No Fun Allowed|Protect\n|move|p1a: Typhlosion|Extrasensory|p2a: No Fun Allowed\n|-activate|p2a: No Fun Allowed|move: Protect\n|\n|-heal|p2a: No Fun Allowed|99\/100|[from] item: Leftovers\n|upkeep\n|turn|26\n|\n|t:|1699592605\n|switch|p1a: Dragalge|Dragalge, M|39\/100\n|switch|p2a: Literally Level 1|Magnemite, L1|100\/100\n|\n|upkeep\n|turn|27\n|\n|t:|1699592615\n|switch|p2a: Click the \u274c|Nosepass, L1, M, shiny|100\/100\n|move|p1a: Dragalge|Scald|p2a: Click the \u274c\n|-supereffective|p2a: Click the \u274c\n|-ability|p2a: Click the \u274c|Sturdy\n|-damage|p2a: Click the \u274c|10\/100\n|\n|upkeep\n|turn|28\n|\n|t:|1699592620\n|move|p1a: Dragalge|Scald|p2a: Click the \u274c\n|-supereffective|p2a: Click the \u274c\n|-damage|p2a: Click the \u274c|0 fnt\n|faint|p2a: Click the \u274c\n|\n|upkeep\n|\n|t:|1699592622\n|switch|p2a: No Fun Allowed|Salazzle, F|99\/100\n|turn|29\n|\n|t:|1699592629\n|move|p2a: No Fun Allowed|Protect|p2a: No Fun Allowed\n|-singleturn|p2a: No Fun Allowed|Protect\n|move|p1a: Dragalge|Scald|p2a: No Fun Allowed\n|-activate|p2a: No Fun Allowed|move: Protect\n|\n|-heal|p2a: No Fun Allowed|100\/100|[from] item: Leftovers\n|upkeep\n|turn|30\n|\n|t:|1699592641\n|-terastallize|p2a: No Fun Allowed|Flying\n|move|p2a: No Fun Allowed|Toxic|p1a: Dragalge\n|-status|p1a: Dragalge|tox\n|move|p1a: Dragalge|Scald|p2a: No Fun Allowed\n|-damage|p2a: No Fun Allowed|63\/100\n|\n|-heal|p2a: No Fun Allowed|69\/100|[from] item: Leftovers\n|-damage|p1a: Dragalge|33\/100 tox|[from] psn\n|upkeep\n|turn|31\n|\n|t:|1699592653\n|move|p2a: No Fun Allowed|Protect|p2a: No Fun Allowed\n|-singleturn|p2a: No Fun Allowed|Protect\n|move|p1a: Dragalge|Scald|p2a: No Fun Allowed\n|-activate|p2a: No Fun Allowed|move: Protect\n|\n|-heal|p2a: No Fun Allowed|76\/100|[from] item: Leftovers\n|-damage|p1a: Dragalge|21\/100 tox|[from] psn\n|upkeep\n|turn|32\n|\n|t:|1699592674\n|move|p2a: No Fun Allowed|Substitute|p2a: No Fun Allowed\n|-start|p2a: No Fun Allowed|Substitute\n|-damage|p2a: No Fun Allowed|51\/100\n|move|p1a: Dragalge|Scald|p2a: No Fun Allowed\n|-end|p2a: No Fun Allowed|Substitute\n|\n|-heal|p2a: No Fun Allowed|57\/100|[from] item: Leftovers\n|-damage|p1a: Dragalge|3\/100 tox|[from] psn\n|upkeep\n|turn|33\n|c|\u2606SH4RK!193|used to this xact strat lmao\n|\n|t:|1699592691\n|switch|p1a: Typhlosion|Typhlosion-Hisui, M, tera:Fire|100\/100\n|-item|p2a: No Fun Allowed|Leftovers|[from] ability: Frisk|[of] p1a: Typhlosion|[identify]\n|move|p2a: No Fun Allowed|Flamethrower|p1a: Typhlosion\n|-resisted|p1a: Typhlosion\n|-damage|p1a: Typhlosion|73\/100\n|\n|-heal|p2a: No Fun Allowed|63\/100|[from] item: Leftovers\n|upkeep\n|turn|34\n|c|\u2606TheQuobGobbler|then you should easily be able to beat it\n|\n|t:|1699592714\n|move|p2a: No Fun Allowed|Protect|p2a: No Fun Allowed\n|-singleturn|p2a: No Fun Allowed|Protect\n|move|p1a: Typhlosion|Eruption|p2a: No Fun Allowed\n|-activate|p2a: No Fun Allowed|move: Protect\n|\n|-heal|p2a: No Fun Allowed|69\/100|[from] item: Leftovers\n|upkeep\n|turn|35\n|\n|t:|1699592720\n|switch|p2a: Literally Level 1|Magnemite, L1|100\/100\n|move|p1a: Typhlosion|Eruption|p2a: Literally Level 1\n|-supereffective|p2a: Literally Level 1\n|-ability|p2a: Literally Level 1|Sturdy\n|-damage|p2a: Literally Level 1|10\/100\n|-enditem|p2a: Literally Level 1|Berry Juice\n|-heal|p2a: Literally Level 1|100\/100|[from] item: Berry Juice\n|\n|upkeep\n|turn|36\n|\n|t:|1699592725\n|switch|p1a: Dragalge|Dragalge, M|3\/100 tox\n|move|p2a: Literally Level 1|Recycle|p2a: Literally Level 1\n|-item|p2a: Literally Level 1|Berry Juice|[from] move: Recycle\n|\n|-damage|p1a: Dragalge|0 fnt|[from] psn\n|faint|p1a: Dragalge\n|upkeep\n|\n|t:|1699592729\n|switch|p1a: Shiftry|Shiftry, F|100\/100\n|turn|37\n|\n|t:|1699592731\n|move|p2a: Literally Level 1|Protect|p2a: Literally Level 1\n|-singleturn|p2a: Literally Level 1|Protect\n|move|p1a: Shiftry|Fake Out|p2a: Literally Level 1\n|-activate|p2a: Literally Level 1|move: Protect\n|\n|upkeep\n|turn|38\n|\n|t:|1699592735\n|switch|p1a: Snorlax|Snorlax, F|100\/100\n|move|p2a: Literally Level 1|Toxic|p1a: Snorlax\n|-immune|p1a: Snorlax|[from] ability: Immunity\n|\n|upkeep\n|turn|39\n|\n|t:|1699592741\n|move|p2a: Literally Level 1|Protect|p2a: Literally Level 1\n|-singleturn|p2a: Literally Level 1|Protect\n|move|p1a: Snorlax|Stockpile|p1a: Snorlax\n|-start|p1a: Snorlax|stockpile1\n|-boost|p1a: Snorlax|def|1\n|-boost|p1a: Snorlax|spd|1\n|\n|upkeep\n|turn|40\n|\n|t:|1699592751\n|move|p2a: Literally Level 1|Magic Coat|p2a: Literally Level 1\n|-singleturn|p2a: Literally Level 1|move: Magic Coat\n|move|p1a: Snorlax|Stockpile|p1a: Snorlax\n|-start|p1a: Snorlax|stockpile2\n|-boost|p1a: Snorlax|def|1\n|-boost|p1a: Snorlax|spd|1\n|\n|upkeep\n|turn|41\n|\n|t:|1699592760\n|move|p2a: Literally Level 1|Magic Coat|p2a: Literally Level 1\n|-singleturn|p2a: Literally Level 1|move: Magic Coat\n|move|p1a: Snorlax|Seismic Toss|p2a: Literally Level 1\n|-ability|p2a: Literally Level 1|Sturdy\n|-damage|p2a: Literally Level 1|10\/100\n|-enditem|p2a: Literally Level 1|Berry Juice\n|-heal|p2a: Literally Level 1|100\/100|[from] item: Berry Juice\n|\n|upkeep\n|turn|42\n|\n|t:|1699592766\n|move|p1a: Snorlax|Seismic Toss|p2a: Literally Level 1\n|-ability|p2a: Literally Level 1|Sturdy\n|-damage|p2a: Literally Level 1|10\/100\n|move|p2a: Literally Level 1|Recycle|p2a: Literally Level 1\n|-item|p2a: Literally Level 1|Berry Juice|[from] move: Recycle\n|-enditem|p2a: Literally Level 1|Berry Juice\n|-heal|p2a: Literally Level 1|100\/100|[from] item: Berry Juice\n|\n|upkeep\n|turn|43\n|\n|t:|1699592793\n|move|p2a: Literally Level 1|Protect|p2a: Literally Level 1\n|-singleturn|p2a: Literally Level 1|Protect\n|move|p1a: Snorlax|Seismic Toss|p2a: Literally Level 1\n|-activate|p2a: Literally Level 1|move: Protect\n|\n|upkeep\n|turn|44\n|\n|t:|1699592802\n|move|p1a: Snorlax|Seismic Toss|p2a: Literally Level 1\n|-ability|p2a: Literally Level 1|Sturdy\n|-damage|p2a: Literally Level 1|10\/100\n|move|p2a: Literally Level 1|Recycle|p2a: Literally Level 1\n|-item|p2a: Literally Level 1|Berry Juice|[from] move: Recycle\n|-enditem|p2a: Literally Level 1|Berry Juice\n|-heal|p2a: Literally Level 1|100\/100|[from] item: Berry Juice\n|\n|upkeep\n|turn|45\n|\n|t:|1699592814\n|move|p2a: Literally Level 1|Protect|p2a: Literally Level 1\n|-singleturn|p2a: Literally Level 1|Protect\n|move|p1a: Snorlax|Stockpile|p1a: Snorlax\n|-start|p1a: Snorlax|stockpile3\n|-boost|p1a: Snorlax|def|1\n|-boost|p1a: Snorlax|spd|1\n|\n|upkeep\n|turn|46\n|\n|t:|1699592820\n|move|p1a: Snorlax|Seismic Toss|p2a: Literally Level 1\n|-ability|p2a: Literally Level 1|Sturdy\n|-damage|p2a: Literally Level 1|10\/100\n|move|p2a: Literally Level 1|Recycle|p2a: Literally Level 1\n|-item|p2a: Literally Level 1|Berry Juice|[from] move: Recycle\n|-enditem|p2a: Literally Level 1|Berry Juice\n|-heal|p2a: Literally Level 1|100\/100|[from] item: Berry Juice\n|\n|upkeep\n|turn|47\n|\n|t:|1699592841\n|move|p1a: Snorlax|Seismic Toss|p2a: Literally Level 1\n|-ability|p2a: Literally Level 1|Sturdy\n|-damage|p2a: Literally Level 1|10\/100\n|move|p2a: Literally Level 1|Recycle|p2a: Literally Level 1\n|-item|p2a: Literally Level 1|Berry Juice|[from] move: Recycle\n|-enditem|p2a: Literally Level 1|Berry Juice\n|-heal|p2a: Literally Level 1|100\/100|[from] item: Berry Juice\n|\n|upkeep\n|turn|48\n|\n|t:|1699592845\n|move|p2a: Literally Level 1|Protect|p2a: Literally Level 1\n|-singleturn|p2a: Literally Level 1|Protect\n|move|p1a: Snorlax|Seismic Toss|p2a: Literally Level 1\n|-activate|p2a: Literally Level 1|move: Protect\n|\n|upkeep\n|turn|49\n|\n|t:|1699592850\n|move|p1a: Snorlax|Seismic Toss|p2a: Literally Level 1\n|-ability|p2a: Literally Level 1|Sturdy\n|-damage|p2a: Literally Level 1|10\/100\n|move|p2a: Literally Level 1|Recycle|p2a: Literally Level 1\n|-item|p2a: Literally Level 1|Berry Juice|[from] move: Recycle\n|-enditem|p2a: Literally Level 1|Berry Juice\n|-heal|p2a: Literally Level 1|100\/100|[from] item: Berry Juice\n|\n|upkeep\n|turn|50\n|\n|t:|1699592869\n|switch|p1a: Shiftry|Shiftry, F|100\/100\n|move|p2a: Literally Level 1|Protect||[still]\n|-fail|p2a: Literally Level 1\n|\n|upkeep\n|turn|51\n|\n|t:|1699592881\n|move|p2a: Literally Level 1|Protect|p2a: Literally Level 1\n|-singleturn|p2a: Literally Level 1|Protect\n|move|p1a: Shiftry|Fake Out|p2a: Literally Level 1\n|-activate|p2a: Literally Level 1|move: Protect\n|\n|upkeep\n|turn|52\n|\n|t:|1699592884\n|switch|p1a: Snorlax|Snorlax, F|100\/100\n|move|p2a: Literally Level 1|Recycle|p2a: Literally Level 1\n|-item|p2a: Literally Level 1|Berry Juice|[from] move: Recycle\n|\n|upkeep\n|turn|53\n|\n|t:|1699592890\n|switch|p2a: Level2\ufe0f\u20e3Level2\ufe0f\u20e3|Probopass, L2, M, shiny|100\/100\n|move|p1a: Snorlax|Seismic Toss|p2a: Level2\ufe0f\u20e3Level2\ufe0f\u20e3\n|-ability|p2a: Level2\ufe0f\u20e3Level2\ufe0f\u20e3|Sturdy\n|-damage|p2a: Level2\ufe0f\u20e3Level2\ufe0f\u20e3|8\/100\n|-enditem|p2a: Level2\ufe0f\u20e3Level2\ufe0f\u20e3|Berry Juice\n|-heal|p2a: Level2\ufe0f\u20e3Level2\ufe0f\u20e3|100\/100|[from] item: Berry Juice\n|\n|upkeep\n|turn|54\n|\n|t:|1699592897\n|move|p1a: Snorlax|Stockpile|p1a: Snorlax\n|-start|p1a: Snorlax|stockpile1\n|-boost|p1a: Snorlax|def|1\n|-boost|p1a: Snorlax|spd|1\n|move|p2a: Level2\ufe0f\u20e3Level2\ufe0f\u20e3|Pain Split|p1a: Snorlax\n|-sethp|p1a: Snorlax|52\/100|[from] move: Pain Split|[silent]\n|-sethp|p2a: Level2\ufe0f\u20e3Level2\ufe0f\u20e3|100\/100|[from] move: Pain Split\n|\n|upkeep\n|turn|55\n|\n|t:|1699592904\n|move|p1a: Snorlax|Seismic Toss|p2a: Level2\ufe0f\u20e3Level2\ufe0f\u20e3\n|-ability|p2a: Level2\ufe0f\u20e3Level2\ufe0f\u20e3|Sturdy\n|-damage|p2a: Level2\ufe0f\u20e3Level2\ufe0f\u20e3|8\/100\n|move|p2a: Level2\ufe0f\u20e3Level2\ufe0f\u20e3|Pain Split|p1a: Snorlax\n|-sethp|p1a: Snorlax|26\/100|[from] move: Pain Split|[silent]\n|-sethp|p2a: Level2\ufe0f\u20e3Level2\ufe0f\u20e3|100\/100|[from] move: Pain Split\n|\n|upkeep\n|turn|56\n|\n|t:|1699592913\n|move|p2a: Level2\ufe0f\u20e3Level2\ufe0f\u20e3|Protect|p2a: Level2\ufe0f\u20e3Level2\ufe0f\u20e3\n|-singleturn|p2a: Level2\ufe0f\u20e3Level2\ufe0f\u20e3|Protect\n|move|p1a: Snorlax|Seismic Toss|p2a: Level2\ufe0f\u20e3Level2\ufe0f\u20e3\n|-activate|p2a: Level2\ufe0f\u20e3Level2\ufe0f\u20e3|move: Protect\n|\n|upkeep\n|turn|57\n|\n|t:|1699592917\n|move|p1a: Snorlax|Stockpile|p1a: Snorlax\n|-start|p1a: Snorlax|stockpile2\n|-boost|p1a: Snorlax|def|1\n|-boost|p1a: Snorlax|spd|1\n|move|p2a: Level2\ufe0f\u20e3Level2\ufe0f\u20e3|Pain Split|p1a: Snorlax\n|-sethp|p1a: Snorlax|15\/100|[from] move: Pain Split|[silent]\n|-sethp|p2a: Level2\ufe0f\u20e3Level2\ufe0f\u20e3|100\/100|[from] move: Pain Split\n|\n|upkeep\n|turn|58\n|\n|t:|1699592924\n|move|p2a: Level2\ufe0f\u20e3Level2\ufe0f\u20e3|Protect|p2a: Level2\ufe0f\u20e3Level2\ufe0f\u20e3\n|-singleturn|p2a: Level2\ufe0f\u20e3Level2\ufe0f\u20e3|Protect\n|move|p1a: Snorlax|Stockpile|p1a: Snorlax\n|-start|p1a: Snorlax|stockpile3\n|-boost|p1a: Snorlax|def|1\n|-boost|p1a: Snorlax|spd|1\n|\n|upkeep\n|turn|59\n|\n|t:|1699592938\n|move|p1a: Snorlax|Rest|p1a: Snorlax\n|-status|p1a: Snorlax|slp|[from] move: Rest\n|-heal|p1a: Snorlax|100\/100 slp|[silent]\n|-enditem|p1a: Snorlax|Chesto Berry|[eat]\n|-curestatus|p1a: Snorlax|slp|[msg]\n|move|p2a: Level2\ufe0f\u20e3Level2\ufe0f\u20e3|Pain Split|p1a: Snorlax\n|-sethp|p1a: Snorlax|52\/100|[from] move: Pain Split|[silent]\n|-sethp|p2a: Level2\ufe0f\u20e3Level2\ufe0f\u20e3|100\/100|[from] move: Pain Split\n|\n|upkeep\n|turn|60\n|\n|t:|1699592944\n|move|p1a: Snorlax|Recycle|p1a: Snorlax\n|-item|p1a: Snorlax|Chesto Berry|[from] move: Recycle\n|move|p2a: Level2\ufe0f\u20e3Level2\ufe0f\u20e3|Pain Split|p1a: Snorlax\n|-sethp|p1a: Snorlax|27\/100|[from] move: Pain Split|[silent]\n|-sethp|p2a: Level2\ufe0f\u20e3Level2\ufe0f\u20e3|100\/100|[from] move: Pain Split\n|\n|upkeep\n|turn|61\n|\n|t:|1699592951\n|move|p1a: Snorlax|Seismic Toss|p2a: Level2\ufe0f\u20e3Level2\ufe0f\u20e3\n|-ability|p2a: Level2\ufe0f\u20e3Level2\ufe0f\u20e3|Sturdy\n|-damage|p2a: Level2\ufe0f\u20e3Level2\ufe0f\u20e3|8\/100\n|move|p2a: Level2\ufe0f\u20e3Level2\ufe0f\u20e3|Pain Split|p1a: Snorlax\n|-sethp|p1a: Snorlax|14\/100|[from] move: Pain Split|[silent]\n|-sethp|p2a: Level2\ufe0f\u20e3Level2\ufe0f\u20e3|100\/100|[from] move: Pain Split\n|\n|upkeep\n|turn|62\n|\n|t:|1699592957\n|switch|p2a: No Fun Allowed|Salazzle, F, tera:Flying|69\/100\n|move|p1a: Snorlax|Seismic Toss|p2a: No Fun Allowed\n|-damage|p2a: No Fun Allowed|33\/100\n|\n|-heal|p2a: No Fun Allowed|39\/100|[from] item: Leftovers\n|upkeep\n|turn|63\n|\n|t:|1699592962\n|move|p2a: No Fun Allowed|Flamethrower|p1a: Snorlax\n|-damage|p1a: Snorlax|5\/100\n|move|p1a: Snorlax|Rest|p1a: Snorlax\n|-status|p1a: Snorlax|slp|[from] move: Rest\n|-heal|p1a: Snorlax|100\/100 slp|[silent]\n|-enditem|p1a: Snorlax|Chesto Berry|[eat]\n|-curestatus|p1a: Snorlax|slp|[msg]\n|\n|-heal|p2a: No Fun Allowed|45\/100|[from] item: Leftovers\n|upkeep\n|turn|64\n|\n|t:|1699592967\n|move|p2a: No Fun Allowed|Protect|p2a: No Fun Allowed\n|-singleturn|p2a: No Fun Allowed|Protect\n|move|p1a: Snorlax|Seismic Toss|p2a: No Fun Allowed\n|-activate|p2a: No Fun Allowed|move: Protect\n|\n|-heal|p2a: No Fun Allowed|51\/100|[from] item: Leftovers\n|upkeep\n|turn|65\n|\n|t:|1699592972\n|move|p2a: No Fun Allowed|Substitute|p2a: No Fun Allowed\n|-start|p2a: No Fun Allowed|Substitute\n|-damage|p2a: No Fun Allowed|26\/100\n|move|p1a: Snorlax|Seismic Toss|p2a: No Fun Allowed\n|-end|p2a: No Fun Allowed|Substitute\n|\n|-heal|p2a: No Fun Allowed|33\/100|[from] item: Leftovers\n|upkeep\n|turn|66\n|\n|t:|1699592976\n|move|p2a: No Fun Allowed|Protect|p2a: No Fun Allowed\n|-singleturn|p2a: No Fun Allowed|Protect\n|move|p1a: Snorlax|Seismic Toss|p2a: No Fun Allowed\n|-activate|p2a: No Fun Allowed|move: Protect\n|\n|-heal|p2a: No Fun Allowed|39\/100|[from] item: Leftovers\n|upkeep\n|turn|67\n|\n|t:|1699592981\n|move|p2a: No Fun Allowed|Substitute|p2a: No Fun Allowed\n|-start|p2a: No Fun Allowed|Substitute\n|-damage|p2a: No Fun Allowed|14\/100\n|move|p1a: Snorlax|Seismic Toss|p2a: No Fun Allowed\n|-end|p2a: No Fun Allowed|Substitute\n|\n|-heal|p2a: No Fun Allowed|20\/100|[from] item: Leftovers\n|upkeep\n|turn|68\n|\n|t:|1699592986\n|move|p2a: No Fun Allowed|Protect|p2a: No Fun Allowed\n|-singleturn|p2a: No Fun Allowed|Protect\n|move|p1a: Snorlax|Stockpile||[still]\n|-fail|p1a: Snorlax\n|\n|-heal|p2a: No Fun Allowed|26\/100|[from] item: Leftovers\n|upkeep\n|turn|69\n|\n|t:|1699592993\n|move|p2a: No Fun Allowed|Substitute|p2a: No Fun Allowed\n|-start|p2a: No Fun Allowed|Substitute\n|-damage|p2a: No Fun Allowed|1\/100\n|move|p1a: Snorlax|Seismic Toss|p2a: No Fun Allowed\n|-end|p2a: No Fun Allowed|Substitute\n|\n|-heal|p2a: No Fun Allowed|7\/100|[from] item: Leftovers\n|upkeep\n|turn|70\n|\n|t:|1699592999\n|move|p2a: No Fun Allowed|Protect|p2a: No Fun Allowed\n|-singleturn|p2a: No Fun Allowed|Protect\n|move|p1a: Snorlax|Seismic Toss|p2a: No Fun Allowed\n|-activate|p2a: No Fun Allowed|move: Protect\n|\n|-heal|p2a: No Fun Allowed|13\/100|[from] item: Leftovers\n|upkeep\n|turn|71\n|\n|t:|1699593003\n|switch|p2a: Literally Level 1|Magnemite, L1|100\/100\n|move|p1a: Snorlax|Seismic Toss|p2a: Literally Level 1\n|-ability|p2a: Literally Level 1|Sturdy\n|-damage|p2a: Literally Level 1|10\/100\n|-enditem|p2a: Literally Level 1|Berry Juice\n|-heal|p2a: Literally Level 1|100\/100|[from] item: Berry Juice\n|\n|upkeep\n|turn|72\n|\n|t:|1699593019\n|switch|p1a: Shiftry|Shiftry, F|100\/100\n|move|p2a: Literally Level 1|Recycle|p2a: Literally Level 1\n|-item|p2a: Literally Level 1|Berry Juice|[from] move: Recycle\n|\n|upkeep\n|turn|73\n|\n|t:|1699593035\n|switch|p1a: Snorlax|Snorlax, F|100\/100\n|move|p2a: Literally Level 1|Protect||[still]\n|-fail|p2a: Literally Level 1\n|\n|upkeep\n|turn|74\n|inactive|SH4RK!193 has 120 seconds left.\n|\n|t:|1699593055\n|switch|p1a: Typhlosion|Typhlosion-Hisui, M, tera:Fire|73\/100\n|-item|p2a: Literally Level 1|Berry Juice|[from] ability: Frisk|[of] p1a: Typhlosion|[identify]\n|move|p2a: Literally Level 1|Toxic|p1a: Typhlosion|[miss]\n|-miss|p2a: Literally Level 1|p1a: Typhlosion\n|\n|upkeep\n|turn|75\n|\n|t:|1699593065\n|move|p1a: Typhlosion|Eruption|p2a: Literally Level 1\n|-supereffective|p2a: Literally Level 1\n|-ability|p2a: Literally Level 1|Sturdy\n|-damage|p2a: Literally Level 1|10\/100\n|-enditem|p2a: Literally Level 1|Berry Juice\n|-heal|p2a: Literally Level 1|100\/100|[from] item: Berry Juice\n|move|p2a: Literally Level 1|Toxic|p1a: Typhlosion\n|-status|p1a: Typhlosion|tox\n|\n|-damage|p1a: Typhlosion|67\/100 tox|[from] psn\n|upkeep\n|turn|76\n|\n|t:|1699593070\n|switch|p1a: Snorlax|Snorlax, F|100\/100\n|move|p2a: Literally Level 1|Recycle|p2a: Literally Level 1\n|-item|p2a: Literally Level 1|Berry Juice|[from] move: Recycle\n|\n|upkeep\n|turn|77\n|\n|t:|1699593077\n|switch|p1a: Typhlosion|Typhlosion-Hisui, M, tera:Fire|67\/100 tox\n|-item|p2a: Literally Level 1|Berry Juice|[from] ability: Frisk|[of] p1a: Typhlosion|[identify]\n|move|p2a: Literally Level 1|Toxic|p1a: Typhlosion\n|-fail|p1a: Typhlosion|tox\n|\n|-damage|p1a: Typhlosion|61\/100 tox|[from] psn\n|upkeep\n|turn|78\n|\n|t:|1699593083\n|move|p1a: Typhlosion|Infernal Parade|p2a: Literally Level 1\n|-ability|p2a: Literally Level 1|Sturdy\n|-damage|p2a: Literally Level 1|10\/100\n|-enditem|p2a: Literally Level 1|Berry Juice\n|-heal|p2a: Literally Level 1|100\/100|[from] item: Berry Juice\n|move|p2a: Literally Level 1|Toxic|p1a: Typhlosion|[miss]\n|-miss|p2a: Literally Level 1|p1a: Typhlosion\n|\n|-damage|p1a: Typhlosion|48\/100 tox|[from] psn\n|upkeep\n|turn|79\n|\n|t:|1699593093\n|move|p2a: Literally Level 1|Protect|p2a: Literally Level 1\n|-singleturn|p2a: Literally Level 1|Protect\n|move|p1a: Typhlosion|Infernal Parade|p2a: Literally Level 1\n|-activate|p2a: Literally Level 1|move: Protect\n|\n|-damage|p1a: Typhlosion|30\/100 tox|[from] psn\n|upkeep\n|turn|80\n|c|\u2606TheQuobGobbler|>\"used to this xact strat lmao\"\n|inactive|TheQuobGobbler has 120 seconds left.\n|c|\u2606TheQuobGobbler|And you had that move the entire time\n|c|\u2606SH4RK!193|oopsie\n|c|\u2606TheQuobGobbler|You had no idea wut u were doing lmfao\n|c|\u2606SH4RK!193|yeah but\n|c|\u2606SH4RK!193|Did i ask\n|\n|t:|1699593147\n|move|p1a: Typhlosion|Infernal Parade|p2a: Literally Level 1\n|-ability|p2a: Literally Level 1|Sturdy\n|-damage|p2a: Literally Level 1|10\/100\n|move|p2a: Literally Level 1|Recycle|p2a: Literally Level 1\n|-item|p2a: Literally Level 1|Berry Juice|[from] move: Recycle\n|-enditem|p2a: Literally Level 1|Berry Juice\n|-heal|p2a: Literally Level 1|100\/100|[from] item: Berry Juice\n|\n|-damage|p1a: Typhlosion|5\/100 tox|[from] psn\n|upkeep\n|turn|81\n|\n|t:|1699593159\n|switch|p1a: Snorlax|Snorlax, F|100\/100\n|move|p2a: Literally Level 1|Protect||[still]\n|-fail|p2a: Literally Level 1\n|\n|upkeep\n|turn|82\n|\n|t:|1699593173\n|switch|p1a: Shiftry|Shiftry, F|100\/100\n|move|p2a: Literally Level 1|Recycle|p2a: Literally Level 1\n|-item|p2a: Literally Level 1|Berry Juice|[from] move: Recycle\n|\n|upkeep\n|turn|83\n|\n|t:|1699593176\n|move|p2a: Literally Level 1|Protect|p2a: Literally Level 1\n|-singleturn|p2a: Literally Level 1|Protect\n|move|p1a: Shiftry|Fake Out|p2a: Literally Level 1\n|-activate|p2a: Literally Level 1|move: Protect\n|\n|upkeep\n|turn|84\n|\n|t:|1699593183\n|switch|p1a: Typhlosion|Typhlosion-Hisui, M, tera:Fire|5\/100 tox\n|-item|p2a: Literally Level 1|Berry Juice|[from] ability: Frisk|[of] p1a: Typhlosion|[identify]\n|move|p2a: Literally Level 1|Toxic|p1a: Typhlosion\n|-fail|p1a: Typhlosion|tox\n|\n|-damage|p1a: Typhlosion|0 fnt|[from] psn\n|faint|p1a: Typhlosion\n|upkeep\n|c|\u2606TheQuobGobbler|lol\n|c|\u2606SH4RK!193|aw man\n|c|\u2606SH4RK!193|why so mean to me\n|c|\u2606SH4RK!193|what i do\n|inactive|SH4RK!193 has 120 seconds left.\n|\n|t:|1699593228\n|switch|p1a: Snorlax|Snorlax, F|100\/100\n|turn|85\n|\n|t:|1699593235\n|move|p2a: Literally Level 1|Protect|p2a: Literally Level 1\n|-singleturn|p2a: Literally Level 1|Protect\n|move|p1a: Snorlax|Stockpile|p1a: Snorlax\n|-start|p1a: Snorlax|stockpile1\n|-boost|p1a: Snorlax|def|1\n|-boost|p1a: Snorlax|spd|1\n|\n|upkeep\n|turn|86\n|inactive|SH4RK!193 has 120 seconds left.\n|\n|t:|1699593245\n|move|p2a: Literally Level 1|Magic Coat|p2a: Literally Level 1\n|-singleturn|p2a: Literally Level 1|move: Magic Coat\n|move|p1a: Snorlax|Stockpile|p1a: Snorlax\n|-start|p1a: Snorlax|stockpile2\n|-boost|p1a: Snorlax|def|1\n|-boost|p1a: Snorlax|spd|1\n|\n|upkeep\n|turn|87\n|\n|t:|1699593251\n|move|p2a: Literally Level 1|Magic Coat|p2a: Literally Level 1\n|-singleturn|p2a: Literally Level 1|move: Magic Coat\n|move|p1a: Snorlax|Stockpile|p1a: Snorlax\n|-start|p1a: Snorlax|stockpile3\n|-boost|p1a: Snorlax|def|1\n|-boost|p1a: Snorlax|spd|1\n|\n|upkeep\n|turn|88\n|\n|t:|1699593266\n|move|p1a: Snorlax|Stockpile||[still]\n|-fail|p1a: Snorlax\n|move|p2a: Literally Level 1|Toxic|p1a: Snorlax\n|-immune|p1a: Snorlax|[from] ability: Immunity\n|\n|upkeep\n|turn|89\n|inactive|SH4RK!193 has 120 seconds left.\n|inactive|SH4RK!193 has 90 seconds left.\n|inactive|SH4RK!193 has 60 seconds left.\n|inactive|SH4RK!193 has 30 seconds left.\n|c|\u2606TheQuobGobbler|lol\n|c|\u2606TheQuobGobbler|YES\n|inactive|SH4RK!193 has 20 seconds left.\n|inactive|SH4RK!193 has 15 seconds left.\n|c|\u2606TheQuobGobbler|YES\n|inactive|SH4RK!193 has 10 seconds left.\n|c|\u2606TheQuobGobbler|10\n|c|\u2606TheQuobGobbler|9\n|c|\u2606TheQuobGobbler|8\n|inactive|SH4RK!193 has 5 seconds left.\n|c|\u2606TheQuobGobbler|7\n|c|\u2606TheQuobGobbler|3\n|-message|SH4RK!193 lost due to inactivity.\n|\n|win|TheQuobGobbler\n|raw|SH4RK!193's rating: 1079 &rarr; <strong>1057<\/strong><br \/>(-22 for losing)\n|raw|TheQuobGobbler's rating: 1077 &rarr; <strong>1106<\/strong><br \/>(+29 for winning)\n|c|\u2606TheQuobGobbler|YEEES\n|c|\u2606TheQuobGobbler|LMFAOOOO\n|c|\u2606TheQuobGobbler|EASY\n|c|\u2606TheQuobGobbler|PEASY\n|c|\u2606TheQuobGobbler|LEM\n|c|\u2606TheQuobGobbler|*ON\n|c|\u2606TheQuobGobbler|SQUEEZY\n|c|\u2606TheQuobGobbler|give up pokemon bro\n","uploadtime":1699593424,"views":5,"p1id":"sh4rk193","p2id":"thequobgobbler","formatid":"gen9nationaldex","rating":1057,"private":0,"password":""}