{"id":"gen9nationaldex-1988211213","p1":"gengar Quaker","p2":"sleepgxy","format":"[Gen 9] National Dex","log":"|j|\u2606gengar Quaker\n|j|\u2606sleepgxy\n|t:|1699686097\n|gametype|singles\n|player|p1|gengar Quaker|alain|1089\n|player|p2|sleepgxy|265|1000\n|teamsize|p1|6\n|teamsize|p2|6\n|gen|9\n|tier|[Gen 9] National Dex\n|rated|\n|rule|HP Percentage Mod: HP is shown in percentages\n|rule|Endless Battle Clause: Forcing endless battles is banned\n|rule|OHKO Clause: OHKO moves are banned\n|rule|Evasion Clause: Evasion abilities, items, and moves are banned\n|rule|Evasion Abilities Clause: Evasion abilities are banned\n|rule|Evasion Items Clause: Evasion items are banned\n|rule|Evasion Moves Clause: Evasion moves are banned\n|rule|Species Clause: Limit one of each Pok\u00e9mon\n|rule|Sleep Clause Mod: Limit one foe put to sleep\n|clearpoke\n|poke|p1|Zoroark-Hisui, F|\n|poke|p1|Kecleon, F|\n|poke|p1|Smeargle, F|\n|poke|p1|Mew|\n|poke|p1|Sudowoodo, F|\n|poke|p1|Ditto|\n|poke|p2|Aerodactyl, F|\n|poke|p2|Hydreigon, F|\n|poke|p2|Corviknight, F|\n|poke|p2|Garchomp, F|\n|poke|p2|Zapdos|\n|poke|p2|Beedrill, M|\n|teampreview\n|inactive|Battle timer is ON: inactive players will automatically lose when time's up. (requested by gengar Quaker)\n|inactive|sleepgxy also wants the timer to be on.\n|inactive|sleepgxy has 120 seconds left.\n|\n|t:|1699686129\n|start\n|switch|p1a: Sudowoodo|Sudowoodo, F|100\/100\n|switch|p2a: Beedrill|Beedrill, M|100\/100\n|turn|1\n|\n|t:|1699686135\n|detailschange|p2a: Beedrill|Beedrill-Mega, M\n|-mega|p2a: Beedrill|Beedrill|Beedrillite\n|move|p2a: Beedrill|Drill Run|p1a: Sudowoodo\n|-supereffective|p1a: Sudowoodo\n|-crit|p1a: Sudowoodo\n|-ability|p1a: Sudowoodo|Sturdy\n|-damage|p1a: Sudowoodo|1\/100\n|move|p1a: Sudowoodo|Counter|p2a: Beedrill\n|-damage|p2a: Beedrill|0 fnt\n|faint|p2a: Beedrill\n|\n|upkeep\n|\n|t:|1699686151\n|switch|p2a: Corviknight|Corviknight, F|100\/100\n|turn|2\n|-enditem|p1a: Sudowoodo|Custap Berry|[eat]\n|-activate|p1a: Sudowoodo|item: Custap Berry|[consumed]\n|\n|t:|1699686157\n|move|p1a: Sudowoodo|Stealth Rock|p2a: Corviknight\n|-sidestart|p2: sleepgxy|move: Stealth Rock\n|move|p2a: Corviknight|U-turn|p1a: Sudowoodo\n|-damage|p1a: Sudowoodo|0 fnt\n|faint|p1a: Sudowoodo\n|\n|t:|1699686174\n|switch|p2a: Garchomp|Garchomp, F|100\/100|[from] U-turn\n|-damage|p2a: Garchomp|94\/100|[from] Stealth Rock\n|\n|upkeep\n|\n|t:|1699686184\n|switch|p1a: Smeargle|Smeargle, F|100\/100\n|-item|p1a: Smeargle|Air Balloon\n|turn|3\n|\n|t:|1699686191\n|move|p1a: Smeargle|Spore|p2a: Garchomp\n|-status|p2a: Garchomp|slp|[from] move: Spore\n|cant|p2a: Garchomp|slp\n|\n|upkeep\n|turn|4\n|\n|t:|1699686203\n|move|p1a: Smeargle|Belly Drum|p1a: Smeargle\n|-damage|p1a: Smeargle|51\/100\n|-setboost|p1a: Smeargle|atk|6|[from] move: Belly Drum\n|cant|p2a: Garchomp|slp\n|\n|upkeep\n|turn|5\n|\n|t:|1699686214\n|-terastallize|p1a: Smeargle|Normal\n|move|p1a: Smeargle|Extreme Speed|p2a: Garchomp\n|-damage|p2a: Garchomp|38\/100 slp\n|-damage|p1a: Smeargle|38\/100|[from] ability: Rough Skin|[of] p2a: Garchomp\n|-damage|p1a: Smeargle|22\/100|[from] item: Rocky Helmet|[of] p2a: Garchomp\n|-curestatus|p2a: Garchomp|slp|[msg]\n|move|p2a: Garchomp|Scale Shot|p1a: Smeargle\n|-damage|p1a: Smeargle|0 fnt\n|-enditem|p1a: Smeargle|Air Balloon\n|faint|p1a: Smeargle\n|-hitcount|p1: Smeargle|1\n|-unboost|p2a: Garchomp|def|1\n|-boost|p2a: Garchomp|spe|1\n|\n|upkeep\n|\n|t:|1699686226\n|switch|p1a: Kecleon|Kecleon, F, shiny|100\/100\n|turn|6\n|\n|t:|1699686232\n|move|p1a: Kecleon|Sucker Punch||[still]\n|-fail|p1a: Kecleon\n|move|p2a: Garchomp|Stealth Rock|p1a: Kecleon\n|-sidestart|p1: gengar Quaker|move: Stealth Rock\n|\n|upkeep\n|turn|7\n|\n|t:|1699686240\n|move|p1a: Kecleon|Sucker Punch|p2a: Garchomp\n|-start|p1a: Kecleon|typechange|Dark|[from] ability: Protean\n|-damage|p2a: Garchomp|9\/100\n|-damage|p1a: Kecleon|88\/100|[from] ability: Rough Skin|[of] p2a: Garchomp\n|-damage|p1a: Kecleon|71\/100|[from] item: Rocky Helmet|[of] p2a: Garchomp\n|move|p2a: Garchomp|Earthquake|p1a: Kecleon\n|-damage|p1a: Kecleon|8\/100\n|\n|upkeep\n|turn|8\n|\n|t:|1699686249\n|move|p1a: Kecleon|Shadow Sneak|p2a: Garchomp\n|-damage|p2a: Garchomp|0 fnt\n|-damage|p1a: Kecleon|0 fnt|[from] ability: Rough Skin|[of] p2a: Garchomp\n|faint|p2a: Garchomp\n|faint|p1a: Kecleon\n|\n|upkeep\n|\n|t:|1699686257\n|switch|p2a: Corviknight|Corviknight, F|100\/100\n|switch|p1a: Mew|Mew|100\/100\n|-damage|p1a: Mew|88\/100|[from] Stealth Rock\n|-damage|p2a: Corviknight|88\/100|[from] Stealth Rock\n|turn|9\n|\n|t:|1699686272\n|replace|p1a: Zoroark|Zoroark-Hisui, F\n|-end|p1a: Zoroark|Illusion\n|-zpower|p1a: Zoroark\n|move|p1a: Zoroark|Z-Happy Hour|p1a: Zoroark|[anim]Happy Hour\n|-boost|p1a: Zoroark|atk|1|[zeffect]\n|-boost|p1a: Zoroark|def|1|[zeffect]\n|-boost|p1a: Zoroark|spa|1|[zeffect]\n|-boost|p1a: Zoroark|spd|1|[zeffect]\n|-boost|p1a: Zoroark|spe|1|[zeffect]\n|move|p2a: Corviknight|Steel Wing|p1a: Zoroark\n|-damage|p1a: Zoroark|59\/100\n|\n|upkeep\n|turn|10\n|\n|t:|1699686284\n|move|p1a: Zoroark|Shadow Ball|p2a: Corviknight\n|-damage|p2a: Corviknight|45\/100\n|move|p2a: Corviknight|U-turn|p1a: Zoroark\n|-resisted|p1a: Zoroark\n|-damage|p1a: Zoroark|50\/100\n|\n|t:|1699686291\n|switch|p2a: Hydreigon|Hydreigon, F|100\/100|[from] U-turn\n|-damage|p2a: Hydreigon|88\/100|[from] Stealth Rock\n|\n|upkeep\n|turn|11\n|\n|t:|1699686294\n|move|p1a: Zoroark|Focus Blast|p2a: Hydreigon\n|-supereffective|p2a: Hydreigon\n|-damage|p2a: Hydreigon|0 fnt\n|faint|p2a: Hydreigon\n|\n|upkeep\n|\n|t:|1699686305\n|switch|p2a: Aerodactyl|Aerodactyl, F|100\/100\n|-damage|p2a: Aerodactyl|76\/100|[from] Stealth Rock\n|-ability|p2a: Aerodactyl|Pressure\n|turn|12\n|\n|t:|1699686313\n|move|p1a: Zoroark|Shadow Ball|p2a: Aerodactyl\n|-damage|p2a: Aerodactyl|0 fnt\n|faint|p2a: Aerodactyl\n|\n|upkeep\n|\n|t:|1699686316\n|switch|p2a: Zapdos|Zapdos|100\/100\n|turn|13\n|\n|t:|1699686320\n|move|p1a: Zoroark|Hyper Voice|p2a: Zapdos\n|-damage|p2a: Zapdos|27\/100\n|move|p2a: Zapdos|Thunderbolt|p1a: Zoroark\n|-damage|p1a: Zoroark|0 fnt\n|faint|p1a: Zoroark\n|\n|upkeep\n|\n|t:|1699686329\n|switch|p1a: Ditto|Ditto|100\/100\n|-damage|p1a: Ditto|88\/100|[from] Stealth Rock\n|-transform|p1a: Ditto|p2a: Zapdos|[from] ability: Imposter\n|turn|14\n|\n|t:|1699686335\n|move|p1a: Ditto|Thunderbolt|p2a: Zapdos\n|-damage|p2a: Zapdos|0 fnt\n|faint|p2a: Zapdos\n|\n|upkeep\n|\n|t:|1699686338\n|switch|p2a: Corviknight|Corviknight, F|45\/100\n|-damage|p2a: Corviknight|33\/100|[from] Stealth Rock\n|turn|15\n|\n|t:|1699686345\n|move|p1a: Ditto|Thunderbolt|p2a: Corviknight\n|-supereffective|p2a: Corviknight\n|-damage|p2a: Corviknight|0 fnt\n|faint|p2a: Corviknight\n|\n|win|gengar Quaker\n|raw|gengar Quaker's rating: 1089 &rarr; <strong>1109<\/strong><br \/>(+20 for winning)\n|raw|sleepgxy's rating: 1000 &rarr; <strong>1000<\/strong><br \/>(+0 for losing)\n|l|\u2606sleepgxy\n","uploadtime":1699686355,"views":4,"p1id":"gengarquaker","p2id":"sleepgxy","formatid":"gen9nationaldex","rating":1000,"private":0,"password":""}