{"id":"gen9nationaldex-1988590667","p1":"Foppish_Fool","p2":"TheBosses27","format":"[Gen 9] National Dex","log":"|j|\u2606Foppish_Fool\n|j|\u2606TheBosses27\n|t:|1699739501\n|gametype|singles\n|player|p1|Foppish_Fool|touristf|1119\n|player|p2|TheBosses27|bruno|1186\n|teamsize|p1|6\n|teamsize|p2|6\n|gen|9\n|tier|[Gen 9] National Dex\n|rated|\n|rule|HP Percentage Mod: HP is shown in percentages\n|rule|Endless Battle Clause: Forcing endless battles is banned\n|rule|OHKO Clause: OHKO moves are banned\n|rule|Evasion Clause: Evasion abilities, items, and moves are banned\n|rule|Evasion Abilities Clause: Evasion abilities are banned\n|rule|Evasion Items Clause: Evasion items are banned\n|rule|Evasion Moves Clause: Evasion moves are banned\n|rule|Species Clause: Limit one of each Pok\u00e9mon\n|rule|Sleep Clause Mod: Limit one foe put to sleep\n|clearpoke\n|poke|p1|Sneasler, M|\n|poke|p1|Beedrill, M|\n|poke|p1|Overqwil, M|\n|poke|p1|Nihilego|\n|poke|p1|Salazzle, F|\n|poke|p1|Crobat, F|\n|poke|p2|Lopunny, F|\n|poke|p2|Ferrothorn, F|\n|poke|p2|Rotom-Wash|\n|poke|p2|Samurott-Hisui, M|\n|poke|p2|Blaziken, M|\n|poke|p2|Alakazam, F|\n|teampreview\n|inactive|Battle timer is ON: inactive players will automatically lose when time's up. (requested by TheBosses27)\n|\n|t:|1699739507\n|start\n|switch|p1a: Overqwil|Overqwil, M|100\/100\n|switch|p2a: Ferrothorn|Ferrothorn, F|100\/100\n|-ability|p1a: Overqwil|Intimidate|boost\n|-unboost|p2a: Ferrothorn|atk|1\n|turn|1\n|\n|t:|1699739511\n|move|p1a: Overqwil|Toxic Spikes|p2a: Ferrothorn\n|-sidestart|p2: TheBosses27|move: Toxic Spikes\n|move|p2a: Ferrothorn|Knock Off|p1a: Overqwil\n|-resisted|p1a: Overqwil\n|-damage|p1a: Overqwil|96\/100\n|-enditem|p1a: Overqwil|Leftovers|[from] move: Knock Off|[of] p2a: Ferrothorn\n|\n|upkeep\n|turn|2\n|\n|t:|1699739516\n|move|p1a: Overqwil|Toxic Spikes|p2a: Ferrothorn\n|-sidestart|p2: TheBosses27|move: Toxic Spikes\n|move|p2a: Ferrothorn|Spikes|p1a: Overqwil\n|-sidestart|p1: Foppish_Fool|Spikes\n|\n|upkeep\n|turn|3\n|\n|t:|1699739519\n|move|p1a: Overqwil|Spikes|p2a: Ferrothorn\n|-sidestart|p2: TheBosses27|Spikes\n|move|p2a: Ferrothorn|Spikes|p1a: Overqwil\n|-sidestart|p1: Foppish_Fool|Spikes\n|\n|upkeep\n|turn|4\n|\n|t:|1699739522\n|switch|p2a: Rotom|Rotom-Wash|100\/100\n|move|p1a: Overqwil|Spikes|p2a: Rotom\n|-sidestart|p2: TheBosses27|Spikes\n|\n|upkeep\n|turn|5\n|\n|t:|1699739531\n|move|p1a: Overqwil|Self-Destruct|p2a: Rotom\n|-crit|p2a: Rotom\n|-damage|p2a: Rotom|17\/100\n|faint|p1a: Overqwil\n|move|p2a: Rotom|Will-O-Wisp|p1: Overqwil|[notarget]\n|-fail|p2a: Rotom\n|\n|-heal|p2a: Rotom|24\/100|[from] item: Leftovers\n|upkeep\n|\n|t:|1699739538\n|switch|p1a: Sneasler|Sneasler, M|100\/100\n|-damage|p1a: Sneasler|84\/100|[from] Spikes\n|turn|6\n|\n|t:|1699739542\n|switch|p2a: Ferrothorn|Ferrothorn, F|100\/100\n|-damage|p2a: Ferrothorn|84\/100|[from] Spikes\n|move|p1a: Sneasler|Fake Out|p2a: Ferrothorn\n|-resisted|p2a: Ferrothorn\n|-damage|p2a: Ferrothorn|79\/100\n|-damage|p1a: Sneasler|72\/100|[from] ability: Iron Barbs|[of] p2a: Ferrothorn\n|-damage|p1a: Sneasler|55\/100|[from] item: Rocky Helmet|[of] p2a: Ferrothorn\n|\n|upkeep\n|turn|7\n|\n|t:|1699739547\n|move|p2a: Ferrothorn|Protect|p2a: Ferrothorn\n|-singleturn|p2a: Ferrothorn|Protect\n|move|p1a: Sneasler|Close Combat|p2a: Ferrothorn\n|-activate|p2a: Ferrothorn|move: Protect\n|\n|upkeep\n|turn|8\n|\n|t:|1699739561\n|move|p1a: Sneasler|Close Combat|p2a: Ferrothorn\n|-supereffective|p2a: Ferrothorn\n|-damage|p2a: Ferrothorn|6\/100\n|-unboost|p1a: Sneasler|def|1\n|-unboost|p1a: Sneasler|spd|1\n|-damage|p1a: Sneasler|43\/100|[from] ability: Iron Barbs|[of] p2a: Ferrothorn\n|-damage|p1a: Sneasler|26\/100|[from] item: Rocky Helmet|[of] p2a: Ferrothorn\n|-enditem|p1a: Sneasler|Sitrus Berry|[eat]\n|-heal|p1a: Sneasler|51\/100|[from] item: Sitrus Berry\n|move|p2a: Ferrothorn|Gyro Ball|p1a: Sneasler\n|-crit|p1a: Sneasler\n|-damage|p1a: Sneasler|0 fnt\n|faint|p1a: Sneasler\n|\n|upkeep\n|\n|t:|1699739564\n|switch|p1a: Beedrill|Beedrill, M|100\/100\n|-damage|p1a: Beedrill|84\/100|[from] Spikes\n|turn|9\n|\n|t:|1699739569\n|detailschange|p1a: Beedrill|Beedrill-Mega, M\n|-mega|p1a: Beedrill|Beedrill|Beedrillite\n|move|p2a: Ferrothorn|Protect|p2a: Ferrothorn\n|-singleturn|p2a: Ferrothorn|Protect\n|move|p1a: Beedrill|Drill Run|p2a: Ferrothorn\n|-activate|p2a: Ferrothorn|move: Protect\n|\n|upkeep\n|turn|10\n|\n|t:|1699739577\n|switch|p2a: Rotom|Rotom-Wash|24\/100\n|move|p1a: Beedrill|Fell Stinger|p2a: Rotom\n|-damage|p2a: Rotom|0 fnt\n|faint|p2a: Rotom\n|-boost|p1a: Beedrill|atk|3\n|\n|upkeep\n|inactive|TheBosses27 has 120 seconds left.\n|\n|t:|1699739608\n|switch|p2a: Samurott|Samurott-Hisui, M|100\/100\n|-status|p2a: Samurott|tox\n|-damage|p2a: Samurott|84\/100 tox|[from] Spikes\n|turn|11\n|\n|t:|1699739614\n|move|p1a: Beedrill|Fell Stinger|p2a: Samurott\n|-supereffective|p2a: Samurott\n|-damage|p2a: Samurott|0 fnt\n|faint|p2a: Samurott\n|-boost|p1a: Beedrill|atk|3\n|\n|upkeep\n|-message|TheBosses27 forfeited.\n|\n|win|Foppish_Fool\n|raw|Foppish_Fool's rating: 1119 &rarr; <strong>1149<\/strong><br \/>(+30 for winning)\n|raw|TheBosses27's rating: 1186 &rarr; <strong>1156<\/strong><br \/>(-30 for losing)\n|l|\u2606TheBosses27\n","uploadtime":1699739627,"views":6,"p1id":"foppishfool","p2id":"thebosses27","formatid":"gen9nationaldex","rating":1149,"private":0,"password":""}