{"id":"gen9nationaldex-1998912708","p1":"Kimme10","p2":"ikun321","format":"[Gen 9] National Dex","log":"|html|<div class=\"broadcast-blue\"><strong>[Gen 9] National Dex is currently suspecting Sneasler! For information on how to participate check out the <a href=\"https:\/\/www.smogon.com\/forums\/threads\/sv-national-dex-suspect-8-just-dance.3731534\/\">suspect thread<\/a>.<\/strong><\/div>\n|j|\u2606Kimme10\n|j|\u2606ikun321\n|t:|1701012244\n|gametype|singles\n|player|p1|Kimme10|169|1173\n|player|p2|ikun321|2|1268\n|teamsize|p1|6\n|teamsize|p2|6\n|gen|9\n|tier|[Gen 9] National Dex\n|rated|\n|rule|HP Percentage Mod: HP is shown in percentages\n|rule|Endless Battle Clause: Forcing endless battles is banned\n|rule|OHKO Clause: OHKO moves are banned\n|rule|Evasion Clause: Evasion abilities, items, and moves are banned\n|rule|Evasion Abilities Clause: Evasion abilities are banned\n|rule|Evasion Items Clause: Evasion items are banned\n|rule|Evasion Moves Clause: Evasion moves are banned\n|rule|Species Clause: Limit one of each Pok\u00e9mon\n|rule|Sleep Clause Mod: Limit one foe put to sleep\n|clearpoke\n|poke|p1|Ferrothorn, M|\n|poke|p1|Maushold-Four|\n|poke|p1|Great Tusk|\n|poke|p1|Tapu Koko|\n|poke|p1|Toxapex, M|\n|poke|p1|Volcanion|\n|poke|p2|Corviknight, M|\n|poke|p2|Banette, F|\n|poke|p2|Rillaboom, F|\n|poke|p2|Slowking-Galar, M|\n|poke|p2|Garganacl, F|\n|poke|p2|Great Tusk|\n|teampreview\n|inactive|Battle timer is ON: inactive players will automatically lose when time's up. (requested by Kimme10)\n|\n|t:|1701012252\n|start\n|switch|p1a: Volcanion|Volcanion|100\/100\n|switch|p2a: Rillaboom|Rillaboom, F|100\/100\n|-fieldstart|move: Grassy Terrain|[from] ability: Grassy Surge|[of] p2a: Rillaboom\n|turn|1\n|\n|t:|1701012264\n|move|p2a: Rillaboom|Wood Hammer|p1a: Volcanion\n|-damage|p1a: Volcanion|1\/100\n|-damage|p2a: Rillaboom|68\/100|[from] Recoil\n|move|p1a: Volcanion|Flamethrower|p2a: Rillaboom\n|-supereffective|p2a: Rillaboom\n|-damage|p2a: Rillaboom|0 fnt\n|faint|p2a: Rillaboom\n|\n|-heal|p1a: Volcanion|7\/100|[from] Grassy Terrain\n|-heal|p1a: Volcanion|13\/100|[from] item: Leftovers\n|upkeep\n|\n|t:|1701012271\n|switch|p2a: Banette|Banette, F|100\/100\n|-item|p1a: Volcanion|Leftovers|[from] ability: Frisk|[of] p2a: Banette|[identify]\n|turn|2\n|\n|t:|1701012277\n|detailschange|p2a: Banette|Banette-Mega, F\n|-mega|p2a: Banette|Banette|Banettite\n|move|p2a: Banette|Pursuit|p1a: Volcanion\n|-damage|p1a: Volcanion|0 fnt\n|faint|p1a: Volcanion\n|\n|upkeep\n|\n|t:|1701012284\n|switch|p1a: Ferrothorn|Ferrothorn, M, shiny|100\/100\n|turn|3\n|\n|t:|1701012288\n|switch|p2a: Great Tusk|Great Tusk|100\/100\n|move|p1a: Ferrothorn|Knock Off|p2a: Great Tusk\n|-resisted|p2a: Great Tusk\n|-damage|p2a: Great Tusk|95\/100\n|\n|-heal|p2a: Great Tusk|100\/100|[from] Grassy Terrain\n|upkeep\n|turn|4\n|\n|t:|1701012299\n|-terastallize|p1a: Ferrothorn|Water\n|move|p2a: Great Tusk|Rapid Spin|p1a: Ferrothorn\n|-damage|p1a: Ferrothorn|90\/100\n|-boost|p2a: Great Tusk|spe|1\n|-damage|p2a: Great Tusk|88\/100|[from] ability: Iron Barbs|[of] p1a: Ferrothorn\n|move|p1a: Ferrothorn|Toxic|p2a: Great Tusk\n|-status|p2a: Great Tusk|tox\n|\n|-heal|p2a: Great Tusk|94\/100 tox|[from] Grassy Terrain\n|-heal|p1a: Ferrothorn|96\/100|[from] Grassy Terrain\n|-heal|p1a: Ferrothorn|100\/100|[from] item: Leftovers\n|-damage|p2a: Great Tusk|88\/100 tox|[from] psn\n|upkeep\n|turn|5\n|\n|t:|1701012311\n|-end|p2a: Great Tusk|Protosynthesis|[silent]\n|switch|p2a: Garganacl|Garganacl, F|100\/100\n|move|p1a: Ferrothorn|Leech Seed|p2a: Garganacl\n|-start|p2a: Garganacl|move: Leech Seed\n|\n|-damage|p2a: Garganacl|88\/100|[from] Leech Seed|[of] p1a: Ferrothorn\n|-fieldend|move: Grassy Terrain\n|upkeep\n|turn|6\n|\n|t:|1701012317\n|move|p2a: Garganacl|Salt Cure|p1a: Ferrothorn\n|-damage|p1a: Ferrothorn|92\/100\n|-start|p1a: Ferrothorn|Salt Cure\n|move|p1a: Ferrothorn|Knock Off|p2a: Garganacl\n|-damage|p2a: Garganacl|75\/100\n|-enditem|p2a: Garganacl|Leftovers|[from] move: Knock Off|[of] p1a: Ferrothorn\n|\n|-heal|p1a: Ferrothorn|98\/100|[from] item: Leftovers\n|-damage|p2a: Garganacl|62\/100|[from] Leech Seed|[of] p1a: Ferrothorn\n|-heal|p1a: Ferrothorn|100\/100|[silent]\n|-damage|p1a: Ferrothorn|76\/100|[from] Salt Cure\n|upkeep\n|turn|7\n|\n|t:|1701012329\n|switch|p1a: Toxapex|Toxapex, M|100\/100\n|move|p2a: Garganacl|Stealth Rock|p1a: Toxapex\n|-sidestart|p1: Kimme10|move: Stealth Rock\n|\n|-damage|p2a: Garganacl|50\/100|[from] Leech Seed|[of] p1a: Toxapex\n|upkeep\n|turn|8\n|\n|t:|1701012335\n|move|p1a: Toxapex|Scald|p2a: Garganacl\n|-supereffective|p2a: Garganacl\n|-damage|p2a: Garganacl|26\/100\n|move|p2a: Garganacl|Recover|p2a: Garganacl\n|-heal|p2a: Garganacl|76\/100\n|\n|-damage|p2a: Garganacl|64\/100|[from] Leech Seed|[of] p1a: Toxapex\n|upkeep\n|turn|9\n|\n|t:|1701012346\n|switch|p2a: Slowking|Slowking-Galar, M|100\/100\n|move|p1a: Toxapex|Scald|p2a: Slowking\n|-damage|p2a: Slowking|90\/100\n|\n|upkeep\n|turn|10\n|\n|t:|1701012352\n|move|p1a: Toxapex|Scald|p2a: Slowking\n|-damage|p2a: Slowking|80\/100\n|move|p2a: Slowking|Future Sight|p1a: Toxapex\n|-start|p2a: Slowking|move: Future Sight\n|\n|upkeep\n|turn|11\n|\n|t:|1701012357\n|move|p1a: Toxapex|Scald|p2a: Slowking\n|-damage|p2a: Slowking|70\/100\n|-status|p2a: Slowking|brn\n|move|p2a: Slowking|Chilly Reception|p2a: Slowking\n|-weather|Snow\n|\n|t:|1701012365\n|switch|p2a: Garganacl|Garganacl, F|64\/100|[from] Chilly Reception\n|\n|-weather|Snow|[upkeep]\n|upkeep\n|turn|12\n|\n|t:|1701012369\n|switch|p1a: Ferrothorn|Ferrothorn, M, shiny, tera:Water|76\/100\n|-damage|p1a: Ferrothorn|63\/100|[from] Stealth Rock\n|move|p2a: Garganacl|Salt Cure|p1a: Ferrothorn\n|-damage|p1a: Ferrothorn|55\/100\n|-start|p1a: Ferrothorn|Salt Cure\n|\n|-weather|Snow|[upkeep]\n|-end|p1a: Ferrothorn|move: Future Sight\n|-damage|p1a: Ferrothorn|16\/100\n|-heal|p1a: Ferrothorn|22\/100|[from] item: Leftovers\n|-damage|p1a: Ferrothorn|0 fnt|[from] Salt Cure\n|faint|p1a: Ferrothorn\n|upkeep\n|\n|t:|1701012386\n|switch|p1a: Great Tusk|Great Tusk|100\/100\n|-damage|p1a: Great Tusk|98\/100|[from] Stealth Rock\n|turn|13\n|\n|t:|1701012391\n|move|p2a: Garganacl|Protect|p2a: Garganacl\n|-singleturn|p2a: Garganacl|Protect\n|move|p1a: Great Tusk|Earthquake|p2a: Garganacl\n|-activate|p2a: Garganacl|move: Protect\n|\n|-weather|Snow|[upkeep]\n|upkeep\n|turn|14\n|\n|t:|1701012397\n|switch|p2a: Corviknight|Corviknight, M|100\/100\n|-ability|p2a: Corviknight|Pressure\n|move|p1a: Great Tusk|Close Combat|p2a: Corviknight\n|-damage|p2a: Corviknight|62\/100\n|-unboost|p1a: Great Tusk|def|1\n|-unboost|p1a: Great Tusk|spd|1\n|\n|-weather|Snow|[upkeep]\n|upkeep\n|turn|15\n|\n|t:|1701012406\n|move|p1a: Great Tusk|Ice Spinner|p2a: Corviknight\n|-damage|p2a: Corviknight|45\/100\n|move|p2a: Corviknight|Roost|p2a: Corviknight\n|-heal|p2a: Corviknight|95\/100\n|-singleturn|p2a: Corviknight|move: Roost\n|\n|-weather|none\n|upkeep\n|turn|16\n|\n|t:|1701012415\n|-end|p1a: Great Tusk|Protosynthesis|[silent]\n|switch|p1a: Tapu Koko|Tapu Koko|100\/100\n|-damage|p1a: Tapu Koko|88\/100|[from] Stealth Rock\n|-fieldstart|move: Electric Terrain|[from] ability: Electric Surge|[of] p1a: Tapu Koko\n|move|p2a: Corviknight|Iron Defense|p2a: Corviknight\n|-boost|p2a: Corviknight|def|2\n|\n|-heal|p1a: Tapu Koko|94\/100|[from] item: Leftovers\n|upkeep\n|turn|17\n|\n|t:|1701012425\n|switch|p2a: Slowking|Slowking-Galar, M|100\/100 brn\n|move|p1a: Tapu Koko|Discharge|p2a: Slowking\n|-damage|p2a: Slowking|74\/100 brn\n|\n|-heal|p1a: Tapu Koko|99\/100|[from] item: Leftovers\n|-damage|p2a: Slowking|67\/100 brn|[from] brn\n|upkeep\n|turn|18\n|c|\u2606Kimme10|!weak slowking-galar\n|c| Kimme10|\/raw <div class=\"infobox\">Slowking-Galar (ignoring abilities):<br \/><span class=\"message-effect-weak\">Weaknesses<\/span>: Dark, Ghost, Ground<br \/><span class=\"message-effect-resist\">Resistances<\/span>: Fairy, <b>Fighting<\/b>, Grass, Poison<br \/><span class=\"message-effect-immune\">Immunities<\/span>: Toxic<\/div>\n|\n|t:|1701012450\n|move|p1a: Tapu Koko|Discharge|p2a: Slowking\n|-damage|p2a: Slowking|42\/100 brn\n|move|p2a: Slowking|Sludge Bomb|p1a: Tapu Koko\n|-supereffective|p1a: Tapu Koko\n|-damage|p1a: Tapu Koko|0 fnt\n|faint|p1a: Tapu Koko\n|\n|-damage|p2a: Slowking|36\/100 brn|[from] brn\n|upkeep\n|\n|t:|1701012459\n|switch|p1a: Maushold|Maushold-Four|100\/100\n|-damage|p1a: Maushold|88\/100|[from] Stealth Rock\n|turn|19\n|\n|t:|1701012465\n|switch|p2a: Banette|Banette-Mega, F|100\/100\n|move|p1a: Maushold|Tidy Up|p1a: Maushold\n|-sideend|p1: Kimme10|Stealth Rock\n|-activate|p1a: Maushold|move: Tidy Up\n|-boost|p1a: Maushold|atk|1\n|-boost|p1a: Maushold|spe|1\n|\n|upkeep\n|turn|20\n|\n|t:|1701012472\n|move|p2a: Banette|Encore|p1a: Maushold\n|-start|p1a: Maushold|Encore\n|move|p1a: Maushold|Tidy Up|p1a: Maushold\n|-boost|p1a: Maushold|atk|1\n|-boost|p1a: Maushold|spe|1\n|\n|-fieldend|move: Electric Terrain\n|upkeep\n|turn|21\n|\n|t:|1701012480\n|move|p1a: Maushold|Tidy Up|p1a: Maushold\n|-boost|p1a: Maushold|atk|1\n|-boost|p1a: Maushold|spe|1\n|move|p2a: Banette|Pursuit|p1a: Maushold\n|-damage|p1a: Maushold|60\/100\n|\n|upkeep\n|turn|22\n|\n|t:|1701012486\n|move|p1a: Maushold|Tidy Up|p1a: Maushold\n|-boost|p1a: Maushold|atk|1\n|-boost|p1a: Maushold|spe|1\n|move|p2a: Banette|Pursuit|p1a: Maushold\n|-damage|p1a: Maushold|29\/100\n|\n|-end|p1a: Maushold|Encore\n|upkeep\n|turn|23\n|\n|t:|1701012493\n|move|p2a: Banette|Encore|p1a: Maushold\n|-start|p1a: Maushold|Encore\n|move|p1a: Maushold|Tidy Up|p1a: Maushold\n|-boost|p1a: Maushold|atk|1\n|-boost|p1a: Maushold|spe|1\n|\n|upkeep\n|turn|24\n|\n|t:|1701012501\n|move|p1a: Maushold|Tidy Up|p1a: Maushold\n|-boost|p1a: Maushold|atk|1\n|-boost|p1a: Maushold|spe|1\n|move|p2a: Banette|Pursuit|p1a: Maushold\n|-damage|p1a: Maushold|0 fnt\n|faint|p1a: Maushold\n|\n|upkeep\n|\n|t:|1701012508\n|switch|p1a: Great Tusk|Great Tusk|98\/100\n|turn|25\n|\n|t:|1701012512\n|switch|p2a: Corviknight|Corviknight, M|95\/100\n|-ability|p2a: Corviknight|Pressure\n|move|p1a: Great Tusk|Knock Off|p2a: Corviknight\n|-damage|p2a: Corviknight|71\/100\n|-enditem|p2a: Corviknight|Covert Cloak|[from] move: Knock Off|[of] p1a: Great Tusk\n|\n|upkeep\n|turn|26\n|\n|t:|1701012520\n|-end|p1a: Great Tusk|Protosynthesis|[silent]\n|switch|p1a: Toxapex|Toxapex, M|100\/100\n|move|p2a: Corviknight|Roost|p2a: Corviknight\n|-heal|p2a: Corviknight|100\/100\n|-singleturn|p2a: Corviknight|move: Roost\n|\n|upkeep\n|turn|27\n|\n|t:|1701012527\n|move|p2a: Corviknight|U-turn|p1a: Toxapex\n|-resisted|p1a: Toxapex\n|-damage|p1a: Toxapex|96\/100\n|\n|t:|1701012529\n|switch|p2a: Slowking|Slowking-Galar, M|69\/100 brn|[from] U-turn\n|move|p1a: Toxapex|Scald|p2a: Slowking\n|-damage|p2a: Slowking|60\/100 brn\n|\n|-heal|p1a: Toxapex|100\/100|[from] item: Black Sludge\n|-damage|p2a: Slowking|54\/100 brn|[from] brn\n|upkeep\n|turn|28\n|\n|t:|1701012538\n|move|p1a: Toxapex|Scald|p2a: Slowking\n|-damage|p2a: Slowking|44\/100 brn\n|move|p2a: Slowking|Future Sight|p1a: Toxapex\n|-start|p2a: Slowking|move: Future Sight\n|\n|-damage|p2a: Slowking|38\/100 brn|[from] brn\n|upkeep\n|turn|29\n|\n|t:|1701012544\n|move|p1a: Toxapex|Scald|p2a: Slowking\n|-damage|p2a: Slowking|28\/100 brn\n|move|p2a: Slowking|Chilly Reception|p2a: Slowking\n|-weather|Snow\n|\n|t:|1701012546\n|switch|p2a: Garganacl|Garganacl, F|64\/100|[from] Chilly Reception\n|\n|-weather|Snow|[upkeep]\n|upkeep\n|turn|30\n|\n|t:|1701012552\n|move|p1a: Toxapex|Scald|p2a: Garganacl\n|-supereffective|p2a: Garganacl\n|-damage|p2a: Garganacl|41\/100\n|move|p2a: Garganacl|Salt Cure|p1a: Toxapex\n|-damage|p1a: Toxapex|92\/100\n|-start|p1a: Toxapex|Salt Cure\n|\n|-weather|Snow|[upkeep]\n|-end|p1a: Toxapex|move: Future Sight\n|-supereffective|p1a: Toxapex\n|-damage|p1a: Toxapex|16\/100\n|-heal|p1a: Toxapex|22\/100|[from] item: Black Sludge\n|-damage|p1a: Toxapex|0 fnt|[from] Salt Cure\n|faint|p1a: Toxapex\n|upkeep\n|\n|t:|1701012568\n|switch|p1a: Great Tusk|Great Tusk|98\/100\n|turn|31\n|\n|t:|1701012571\n|switch|p2a: Corviknight|Corviknight, M|100\/100\n|-ability|p2a: Corviknight|Pressure\n|move|p1a: Great Tusk|Close Combat|p2a: Corviknight\n|-damage|p2a: Corviknight|58\/100\n|-unboost|p1a: Great Tusk|def|1\n|-unboost|p1a: Great Tusk|spd|1\n|\n|-weather|Snow|[upkeep]\n|upkeep\n|turn|32\n|\n|t:|1701012580\n|move|p1a: Great Tusk|Close Combat|p2a: Corviknight\n|-damage|p2a: Corviknight|20\/100\n|-unboost|p1a: Great Tusk|def|1\n|-unboost|p1a: Great Tusk|spd|1\n|move|p2a: Corviknight|Roost|p2a: Corviknight\n|-heal|p2a: Corviknight|70\/100\n|-singleturn|p2a: Corviknight|move: Roost\n|\n|-weather|Snow|[upkeep]\n|upkeep\n|turn|33\n|-message|Kimme10 forfeited.\n|\n|win|ikun321\n|raw|Kimme10's rating: 1173 &rarr; <strong>1155<\/strong><br \/>(-18 for losing)\n|raw|ikun321's rating: 1268 &rarr; <strong>1286<\/strong><br \/>(+18 for winning)\n|l|\u2606Kimme10\n","uploadtime":1701012600,"views":14,"p1id":"kimme10","p2id":"ikun321","formatid":"gen9nationaldex","rating":1155,"private":0,"password":""}