{"id":"gen9nationaldex-1996585893","p1":"gjfjdj","p2":"josh_bullet","format":"[Gen 9] National Dex","log":"|html|<div class=\"broadcast-blue\"><strong>[Gen 9] National Dex is currently suspecting Sneasler! For information on how to participate check out the <a href=\"https:\/\/www.smogon.com\/forums\/threads\/sv-national-dex-suspect-8-just-dance.3731534\/\">suspect thread<\/a>.<\/strong><\/div>\n|j|\u2606gjfjdj\n|j|\u2606josh_bullet\n|t:|1700697336\n|gametype|singles\n|player|p1|gjfjdj|2|1312\n|player|p2|josh_bullet|n|1327\n|teamsize|p1|6\n|teamsize|p2|6\n|gen|9\n|tier|[Gen 9] National Dex\n|rated|\n|rule|HP Percentage Mod: HP is shown in percentages\n|rule|Endless Battle Clause: Forcing endless battles is banned\n|rule|OHKO Clause: OHKO moves are banned\n|rule|Evasion Clause: Evasion abilities, items, and moves are banned\n|rule|Evasion Abilities Clause: Evasion abilities are banned\n|rule|Evasion Items Clause: Evasion items are banned\n|rule|Evasion Moves Clause: Evasion moves are banned\n|rule|Species Clause: Limit one of each Pok\u00e9mon\n|rule|Sleep Clause Mod: Limit one foe put to sleep\n|clearpoke\n|poke|p1|Latias, F|\n|poke|p1|Skarmory, F|\n|poke|p1|Rotom-Wash|\n|poke|p1|Slowking-Galar, F|\n|poke|p1|Zamazenta-*|\n|poke|p1|Clefable, F|\n|poke|p2|Scream Tail|\n|poke|p2|Yanmega, F|\n|poke|p2|Zoroark-Hisui, M|\n|poke|p2|Dondozo, M|\n|poke|p2|Great Tusk|\n|poke|p2|Heatran, M|\n|teampreview\n|\n|t:|1700697344\n|start\n|switch|p1a: Clefable|Clefable, F|100\/100\n|switch|p2a: Heatran|Heatran, M|100\/100\n|turn|1\n|inactive|Battle timer is ON: inactive players will automatically lose when time's up. (requested by josh_bullet)\n|\n|t:|1700697361\n|move|p2a: Heatran|Trick|p1a: Clefable\n|-activate|p2a: Heatran|move: Trick|[of] p1a: Clefable\n|-item|p1a: Clefable|Choice Scarf|[from] move: Trick\n|-item|p2a: Heatran|Leftovers|[from] move: Trick\n|move|p1a: Clefable|Knock Off|p2a: Heatran\n|-supereffective|p2a: Heatran\n|-damage|p2a: Heatran|38\/100\n|replace|p2a: Zoroark|Zoroark-Hisui, M\n|-end|p2a: Zoroark|Illusion\n|-enditem|p2a: Zoroark|Leftovers|[from] move: Knock Off|[of] p1a: Clefable\n|\n|upkeep\n|turn|2\n|\n|t:|1700697378\n|move|p2a: Zoroark|Shadow Ball|p1a: Clefable\n|-damage|p1a: Clefable|64\/100\n|move|p1a: Clefable|Knock Off|p2a: Zoroark\n|-supereffective|p2a: Zoroark\n|-damage|p2a: Zoroark|0 fnt\n|faint|p2a: Zoroark\n|\n|upkeep\n|\n|t:|1700697389\n|switch|p2a: Yanmega|Yanmega, F|100\/100\n|turn|3\n|\n|t:|1700697396\n|move|p2a: Yanmega|Bug Buzz|p1a: Clefable\n|-resisted|p1a: Clefable\n|-damage|p1a: Clefable|3\/100\n|-unboost|p1a: Clefable|spd|1\n|move|p1a: Clefable|Knock Off|p2a: Yanmega\n|-damage|p2a: Yanmega|83\/100\n|-enditem|p2a: Yanmega|Choice Specs|[from] move: Knock Off|[of] p1a: Clefable\n|\n|upkeep\n|turn|4\n|\n|t:|1700697406\n|switch|p1a: Slowking|Slowking-Galar, F, shiny|100\/100\n|move|p2a: Yanmega|Air Slash|p1a: Slowking\n|-damage|p1a: Slowking|86\/100\n|\n|upkeep\n|turn|5\n|\n|t:|1700697414\n|move|p2a: Yanmega|Bug Buzz|p1a: Slowking\n|-damage|p1a: Slowking|68\/100\n|move|p1a: Slowking|Future Sight|p2a: Yanmega\n|-start|p1a: Slowking|move: Future Sight\n|\n|upkeep\n|turn|6\n|\n|t:|1700697419\n|move|p2a: Yanmega|U-turn|p1a: Slowking\n|-damage|p1a: Slowking|50\/100\n|\n|t:|1700697427\n|switch|p2a: Heatran|Heatran, M|100\/100|[from] U-turn\n|move|p1a: Slowking|Sludge Bomb|p2a: Heatran\n|-immune|p2a: Heatran\n|\n|upkeep\n|turn|7\n|\n|t:|1700697435\n|switch|p1a: Clefable|Clefable, F|3\/100\n|move|p2a: Heatran|Magma Storm|p1a: Clefable\n|-damage|p1a: Clefable|0 fnt\n|faint|p1a: Clefable\n|\n|-end|p2a: Heatran|move: Future Sight\n|-resisted|p2a: Heatran\n|-damage|p2a: Heatran|87\/100\n|-heal|p2a: Heatran|93\/100|[from] item: Leftovers\n|upkeep\n|\n|t:|1700697448\n|switch|p1a: Zamazenta|Zamazenta|100\/100\n|-ability|p1a: Zamazenta|Dauntless Shield|boost\n|-boost|p1a: Zamazenta|def|1\n|turn|8\n|\n|t:|1700697453\n|switch|p2a: Scream Tail|Scream Tail|100\/100\n|move|p1a: Zamazenta|Close Combat|p2a: Scream Tail\n|-resisted|p2a: Scream Tail\n|-damage|p2a: Scream Tail|83\/100\n|-unboost|p1a: Zamazenta|def|1\n|-unboost|p1a: Zamazenta|spd|1\n|\n|-heal|p2a: Scream Tail|90\/100|[from] item: Leftovers\n|upkeep\n|turn|9\n|\n|t:|1700697464\n|switch|p1a: Slowking|Slowking-Galar, F, shiny|83\/100\n|move|p2a: Scream Tail|Dazzling Gleam|p1a: Slowking\n|-resisted|p1a: Slowking\n|-damage|p1a: Slowking|79\/100\n|\n|-heal|p2a: Scream Tail|96\/100|[from] item: Leftovers\n|upkeep\n|turn|10\n|\n|t:|1700697472\n|-end|p2a: Scream Tail|Protosynthesis|[silent]\n|switch|p2a: Heatran|Heatran, M|93\/100\n|move|p1a: Slowking|Future Sight|p2a: Heatran\n|-start|p1a: Slowking|move: Future Sight\n|\n|-heal|p2a: Heatran|99\/100|[from] item: Leftovers\n|upkeep\n|turn|11\n|\n|t:|1700697482\n|switch|p1a: Rotom|Rotom-Wash|100\/100\n|move|p2a: Heatran|Magma Storm|p1a: Rotom|[miss]\n|-miss|p2a: Heatran|p1a: Rotom\n|\n|-heal|p2a: Heatran|100\/100|[from] item: Leftovers\n|upkeep\n|turn|12\n|\n|t:|1700697491\n|switch|p2a: Dondozo|Dondozo, M|100\/100\n|move|p1a: Rotom|Hydro Pump|p2a: Dondozo\n|-resisted|p2a: Dondozo\n|-damage|p2a: Dondozo|81\/100\n|\n|-end|p2a: Dondozo|move: Future Sight\n|-damage|p2a: Dondozo|42\/100\n|upkeep\n|turn|13\n|\n|t:|1700697501\n|switch|p2a: Scream Tail|Scream Tail|96\/100\n|move|p1a: Rotom|Volt Switch|p2a: Scream Tail\n|-damage|p2a: Scream Tail|76\/100\n|\n|t:|1700697506\n|switch|p1a: Slowking|Slowking-Galar, F, shiny|100\/100|[from] Volt Switch\n|\n|-heal|p2a: Scream Tail|82\/100|[from] item: Leftovers\n|upkeep\n|turn|14\n|\n|t:|1700697515\n|move|p2a: Scream Tail|Wish|p2a: Scream Tail\n|move|p1a: Slowking|Future Sight|p2a: Scream Tail\n|-start|p1a: Slowking|move: Future Sight\n|\n|-heal|p2a: Scream Tail|89\/100|[from] item: Leftovers\n|upkeep\n|turn|15\n|\n|t:|1700697522\n|-end|p2a: Scream Tail|Protosynthesis|[silent]\n|switch|p2a: Dondozo|Dondozo, M|42\/100\n|move|p1a: Slowking|Scald|p2a: Dondozo\n|-resisted|p2a: Dondozo\n|-damage|p2a: Dondozo|32\/100\n|-status|p2a: Dondozo|brn\n|\n|-heal|p2a: Dondozo|73\/100 brn|[from] move: Wish|[wisher] Scream Tail\n|-damage|p2a: Dondozo|66\/100 brn|[from] brn\n|upkeep\n|turn|16\n|\n|t:|1700697534\n|move|p2a: Dondozo|Rest|p2a: Dondozo\n|-status|p2a: Dondozo|slp|[from] move: Rest\n|-heal|p2a: Dondozo|100\/100 slp|[silent]\n|move|p1a: Slowking|Future Sight||[still]\n|-fail|p1a: Slowking\n|\n|-end|p2a: Dondozo|move: Future Sight\n|-damage|p2a: Dondozo|58\/100 slp\n|upkeep\n|turn|17\n|\n|t:|1700697543\n|switch|p2a: Scream Tail|Scream Tail|89\/100\n|move|p1a: Slowking|Future Sight|p2a: Scream Tail\n|-start|p1a: Slowking|move: Future Sight\n|\n|-heal|p2a: Scream Tail|95\/100|[from] item: Leftovers\n|upkeep\n|turn|18\n|\n|t:|1700697550\n|move|p2a: Scream Tail|Encore|p1a: Slowking\n|-start|p1a: Slowking|Encore\n|move|p1a: Slowking|Future Sight||[still]\n|-fail|p1a: Slowking\n|\n|-heal|p2a: Scream Tail|100\/100|[from] item: Leftovers\n|upkeep\n|turn|19\n|\n|t:|1700697558\n|-end|p2a: Scream Tail|Protosynthesis|[silent]\n|switch|p2a: Heatran|Heatran, M|100\/100\n|switch|p1a: Rotom|Rotom-Wash|100\/100\n|\n|-end|p2a: Heatran|move: Future Sight\n|-resisted|p2a: Heatran\n|-damage|p2a: Heatran|86\/100\n|-heal|p2a: Heatran|92\/100|[from] item: Leftovers\n|upkeep\n|turn|20\n|\n|t:|1700697569\n|switch|p2a: Scream Tail|Scream Tail|100\/100\n|move|p1a: Rotom|Volt Switch|p2a: Scream Tail\n|-crit|p2a: Scream Tail\n|-damage|p2a: Scream Tail|74\/100\n|\n|t:|1700697584\n|switch|p1a: Slowking|Slowking-Galar, F, shiny|100\/100|[from] Volt Switch\n|\n|-heal|p2a: Scream Tail|80\/100|[from] item: Leftovers\n|upkeep\n|turn|21\n|\n|t:|1700697606\n|-end|p2a: Scream Tail|Protosynthesis|[silent]\n|switch|p2a: Heatran|Heatran, M|92\/100\n|move|p1a: Slowking|Sludge Bomb|p2a: Heatran\n|-immune|p2a: Heatran\n|\n|-heal|p2a: Heatran|98\/100|[from] item: Leftovers\n|upkeep\n|turn|22\n|\n|t:|1700697615\n|switch|p1a: Rotom|Rotom-Wash|100\/100\n|move|p2a: Heatran|Stealth Rock|p1a: Rotom\n|-sidestart|p1: gjfjdj|move: Stealth Rock\n|\n|-heal|p2a: Heatran|100\/100|[from] item: Leftovers\n|upkeep\n|turn|23\n|\n|t:|1700697623\n|switch|p2a: Scream Tail|Scream Tail|80\/100\n|move|p1a: Rotom|Hydro Pump|p2a: Scream Tail\n|-damage|p2a: Scream Tail|48\/100\n|\n|-heal|p2a: Scream Tail|54\/100|[from] item: Leftovers\n|upkeep\n|turn|24\n|\n|t:|1700697631\n|move|p2a: Scream Tail|Wish|p2a: Scream Tail\n|move|p1a: Rotom|Defog|p2a: Scream Tail\n|-unboost|p2a: Scream Tail|evasion|1\n|-sideend|p1: gjfjdj|Stealth Rock|[from] move: Defog|[of] p1a: Rotom\n|\n|-heal|p2a: Scream Tail|60\/100|[from] item: Leftovers\n|upkeep\n|turn|25\n|\n|t:|1700697640\n|switch|p1a: Zamazenta|Zamazenta|100\/100\n|move|p2a: Scream Tail|Encore||[still]\n|-fail|p2a: Scream Tail\n|\n|-heal|p2a: Scream Tail|100\/100|[from] move: Wish|[wisher] Scream Tail\n|upkeep\n|turn|26\n|\n|t:|1700697648\n|move|p1a: Zamazenta|Crunch|p2a: Scream Tail\n|-damage|p2a: Scream Tail|73\/100\n|move|p2a: Scream Tail|Dazzling Gleam|p1a: Zamazenta\n|-supereffective|p1a: Zamazenta\n|-damage|p1a: Zamazenta|65\/100\n|\n|-heal|p2a: Scream Tail|79\/100|[from] item: Leftovers\n|upkeep\n|turn|27\n|\n|t:|1700697657\n|switch|p1a: Slowking|Slowking-Galar, F, shiny|100\/100\n|move|p2a: Scream Tail|Dazzling Gleam|p1a: Slowking\n|-resisted|p1a: Slowking\n|-damage|p1a: Slowking|97\/100\n|\n|-heal|p2a: Scream Tail|85\/100|[from] item: Leftovers\n|upkeep\n|turn|28\n|\n|t:|1700697666\n|-end|p2a: Scream Tail|Protosynthesis|[silent]\n|switch|p2a: Heatran|Heatran, M|100\/100\n|move|p1a: Slowking|Sludge Bomb|p2a: Heatran\n|-immune|p2a: Heatran\n|\n|upkeep\n|turn|29\n|\n|t:|1700697673\n|switch|p1a: Rotom|Rotom-Wash|100\/100\n|move|p2a: Heatran|Stealth Rock|p1a: Rotom\n|-sidestart|p1: gjfjdj|move: Stealth Rock\n|\n|upkeep\n|turn|30\n|\n|t:|1700697682\n|switch|p2a: Dondozo|Dondozo, M|58\/100 slp\n|move|p1a: Rotom|Hydro Pump|p2a: Dondozo\n|-resisted|p2a: Dondozo\n|-damage|p2a: Dondozo|38\/100 slp\n|\n|upkeep\n|turn|31\n|\n|t:|1700697694\n|switch|p2a: Scream Tail|Scream Tail|85\/100\n|move|p1a: Rotom|Volt Switch|p2a: Scream Tail\n|-damage|p2a: Scream Tail|67\/100\n|\n|t:|1700697711\n|switch|p1a: Slowking|Slowking-Galar, F, shiny|100\/100|[from] Volt Switch\n|-damage|p1a: Slowking|88\/100|[from] Stealth Rock\n|\n|-heal|p2a: Scream Tail|73\/100|[from] item: Leftovers\n|upkeep\n|turn|32\n|\n|t:|1700697719\n|-end|p2a: Scream Tail|Protosynthesis|[silent]\n|switch|p2a: Heatran|Heatran, M|100\/100\n|move|p1a: Slowking|Sludge Bomb|p2a: Heatran\n|-immune|p2a: Heatran\n|\n|upkeep\n|turn|33\n|\n|t:|1700697728\n|switch|p1a: Rotom|Rotom-Wash|100\/100\n|-damage|p1a: Rotom|88\/100|[from] Stealth Rock\n|move|p2a: Heatran|Taunt|p1a: Rotom\n|-start|p1a: Rotom|move: Taunt\n|\n|-heal|p1a: Rotom|94\/100|[from] item: Leftovers\n|upkeep\n|turn|34\n|\n|t:|1700697745\n|switch|p2a: Yanmega|Yanmega, F|83\/100\n|move|p1a: Rotom|Hydro Pump|p2a: Yanmega\n|-damage|p2a: Yanmega|15\/100\n|\n|-heal|p1a: Rotom|100\/100|[from] item: Leftovers\n|upkeep\n|turn|35\n|\n|t:|1700697757\n|move|p2a: Yanmega|Psychic|p1a: Rotom\n|-crit|p1a: Rotom\n|-damage|p1a: Rotom|56\/100\n|-unboost|p1a: Rotom|spd|1\n|move|p1a: Rotom|Volt Switch|p2a: Yanmega\n|-supereffective|p2a: Yanmega\n|-damage|p2a: Yanmega|0 fnt\n|faint|p2a: Yanmega\n|\n|t:|1700697768\n|switch|p1a: Slowking|Slowking-Galar, F, shiny|100\/100|[from] Volt Switch\n|-damage|p1a: Slowking|88\/100|[from] Stealth Rock\n|\n|upkeep\n|\n|t:|1700697773\n|switch|p2a: Great Tusk|Great Tusk|100\/100\n|turn|36\n|\n|t:|1700697791\n|-end|p2a: Great Tusk|Protosynthesis|[silent]\n|switch|p2a: Dondozo|Dondozo, M|38\/100 slp\n|switch|p1a: Rotom|Rotom-Wash|56\/100\n|-damage|p1a: Rotom|44\/100|[from] Stealth Rock\n|\n|-heal|p1a: Rotom|50\/100|[from] item: Leftovers\n|upkeep\n|turn|37\n|\n|t:|1700697801\n|switch|p2a: Scream Tail|Scream Tail|73\/100\n|move|p1a: Rotom|Defog|p2a: Scream Tail\n|-unboost|p2a: Scream Tail|evasion|1\n|-sideend|p1: gjfjdj|Stealth Rock|[from] move: Defog|[of] p1a: Rotom\n|\n|-heal|p2a: Scream Tail|79\/100|[from] item: Leftovers\n|-heal|p1a: Rotom|56\/100|[from] item: Leftovers\n|upkeep\n|turn|38\n|\n|t:|1700697813\n|switch|p1a: Slowking|Slowking-Galar, F, shiny|100\/100\n|move|p2a: Scream Tail|Dazzling Gleam|p1a: Slowking\n|-resisted|p1a: Slowking\n|-damage|p1a: Slowking|97\/100\n|\n|-heal|p2a: Scream Tail|85\/100|[from] item: Leftovers\n|upkeep\n|turn|39\n|\n|t:|1700697823\n|move|p2a: Scream Tail|Wish|p2a: Scream Tail\n|move|p1a: Slowking|Scald|p2a: Scream Tail\n|-damage|p2a: Scream Tail|71\/100\n|\n|-heal|p2a: Scream Tail|77\/100|[from] item: Leftovers\n|upkeep\n|turn|40\n|\n|t:|1700697831\n|-end|p2a: Scream Tail|Protosynthesis|[silent]\n|switch|p2a: Dondozo|Dondozo, M|38\/100 slp\n|move|p1a: Slowking|Scald|p2a: Dondozo\n|-resisted|p2a: Dondozo\n|-damage|p2a: Dondozo|28\/100 slp\n|\n|-heal|p2a: Dondozo|69\/100 slp|[from] move: Wish|[wisher] Scream Tail\n|upkeep\n|turn|41\n|\n|t:|1700697845\n|switch|p2a: Heatran|Heatran, M|100\/100\n|switch|p1a: Rotom|Rotom-Wash|56\/100\n|\n|-heal|p1a: Rotom|63\/100|[from] item: Leftovers\n|upkeep\n|turn|42\n|\n|t:|1700697857\n|switch|p2a: Scream Tail|Scream Tail|77\/100\n|move|p1a: Rotom|Volt Switch|p2a: Scream Tail\n|-damage|p2a: Scream Tail|59\/100\n|\n|t:|1700697863\n|switch|p1a: Slowking|Slowking-Galar, F, shiny|100\/100|[from] Volt Switch\n|\n|-heal|p2a: Scream Tail|65\/100|[from] item: Leftovers\n|upkeep\n|turn|43\n|\n|t:|1700697869\n|move|p2a: Scream Tail|Wish|p2a: Scream Tail\n|move|p1a: Slowking|Sludge Bomb|p2a: Scream Tail\n|-supereffective|p2a: Scream Tail\n|-damage|p2a: Scream Tail|13\/100\n|\n|-heal|p2a: Scream Tail|19\/100|[from] item: Leftovers\n|upkeep\n|turn|44\n|\n|t:|1700697876\n|move|p2a: Scream Tail|Protect|p2a: Scream Tail\n|-singleturn|p2a: Scream Tail|Protect\n|move|p1a: Slowking|Sludge Bomb|p2a: Scream Tail\n|-activate|p2a: Scream Tail|move: Protect\n|\n|-heal|p2a: Scream Tail|69\/100|[from] move: Wish|[wisher] Scream Tail\n|-heal|p2a: Scream Tail|75\/100|[from] item: Leftovers\n|upkeep\n|turn|45\n|\n|t:|1700697886\n|-end|p2a: Scream Tail|Protosynthesis|[silent]\n|switch|p2a: Heatran|Heatran, M|100\/100\n|move|p1a: Slowking|Sludge Bomb|p2a: Heatran\n|-immune|p2a: Heatran\n|\n|upkeep\n|turn|46\n|\n|t:|1700697894\n|switch|p1a: Rotom|Rotom-Wash|63\/100\n|move|p2a: Heatran|Stealth Rock|p1a: Rotom\n|-sidestart|p1: gjfjdj|move: Stealth Rock\n|\n|-heal|p1a: Rotom|69\/100|[from] item: Leftovers\n|upkeep\n|turn|47\n|\n|t:|1700697904\n|move|p2a: Heatran|Magma Storm|p1a: Rotom|[miss]\n|-miss|p2a: Heatran|p1a: Rotom\n|move|p1a: Rotom|Defog|p2a: Heatran\n|-unboost|p2a: Heatran|evasion|1\n|-sideend|p1: gjfjdj|Stealth Rock|[from] move: Defog|[of] p1a: Rotom\n|\n|-heal|p1a: Rotom|75\/100|[from] item: Leftovers\n|upkeep\n|turn|48\n|\n|t:|1700697913\n|switch|p2a: Great Tusk|Great Tusk|100\/100\n|move|p1a: Rotom|Hydro Pump|p2a: Great Tusk\n|-supereffective|p2a: Great Tusk\n|-damage|p2a: Great Tusk|13\/100\n|\n|-heal|p1a: Rotom|81\/100|[from] item: Leftovers\n|upkeep\n|turn|49\n|\n|t:|1700697924\n|-end|p2a: Great Tusk|Protosynthesis|[silent]\n|switch|p2a: Scream Tail|Scream Tail|75\/100\n|move|p1a: Rotom|Volt Switch|p2a: Scream Tail\n|-damage|p2a: Scream Tail|56\/100\n|\n|t:|1700697935\n|switch|p1a: Skarmory|Skarmory, F|100\/100|[from] Volt Switch\n|\n|-heal|p2a: Scream Tail|63\/100|[from] item: Leftovers\n|upkeep\n|turn|50\n|\n|t:|1700697941\n|-end|p2a: Scream Tail|Protosynthesis|[silent]\n|switch|p2a: Heatran|Heatran, M|100\/100\n|move|p1a: Skarmory|Spikes|p2a: Heatran\n|-sidestart|p2: josh_bullet|Spikes\n|\n|upkeep\n|turn|51\n|\n|t:|1700697950\n|switch|p1a: Rotom|Rotom-Wash|81\/100\n|move|p2a: Heatran|Stealth Rock|p1a: Rotom\n|-sidestart|p1: gjfjdj|move: Stealth Rock\n|\n|-heal|p1a: Rotom|88\/100|[from] item: Leftovers\n|upkeep\n|turn|52\n|\n|t:|1700697958\n|switch|p2a: Scream Tail|Scream Tail|63\/100\n|-damage|p2a: Scream Tail|50\/100|[from] Spikes\n|move|p1a: Rotom|Volt Switch|p2a: Scream Tail\n|-damage|p2a: Scream Tail|29\/100\n|\n|t:|1700697969\n|switch|p1a: Skarmory|Skarmory, F|100\/100|[from] Volt Switch\n|-damage|p1a: Skarmory|88\/100|[from] Stealth Rock\n|\n|-heal|p2a: Scream Tail|36\/100|[from] item: Leftovers\n|upkeep\n|turn|53\n|\n|t:|1700697978\n|move|p2a: Scream Tail|Wish|p2a: Scream Tail\n|move|p1a: Skarmory|Spikes|p2a: Scream Tail\n|-sidestart|p2: josh_bullet|Spikes\n|\n|-heal|p2a: Scream Tail|42\/100|[from] item: Leftovers\n|upkeep\n|turn|54\n|\n|t:|1700697984\n|move|p2a: Scream Tail|Protect|p2a: Scream Tail\n|-singleturn|p2a: Scream Tail|Protect\n|move|p1a: Skarmory|Spikes|p2a: Scream Tail\n|-sidestart|p2: josh_bullet|Spikes\n|\n|-heal|p2a: Scream Tail|92\/100|[from] move: Wish|[wisher] Scream Tail\n|-heal|p2a: Scream Tail|98\/100|[from] item: Leftovers\n|upkeep\n|turn|55\n|\n|t:|1700697994\n|switch|p1a: Slowking|Slowking-Galar, F, shiny|100\/100\n|-damage|p1a: Slowking|88\/100|[from] Stealth Rock\n|move|p2a: Scream Tail|Encore||[still]\n|-fail|p2a: Scream Tail\n|\n|-heal|p2a: Scream Tail|100\/100|[from] item: Leftovers\n|upkeep\n|turn|56\n|\n|t:|1700698003\n|move|p2a: Scream Tail|Wish|p2a: Scream Tail\n|move|p1a: Slowking|Future Sight|p2a: Scream Tail\n|-start|p1a: Slowking|move: Future Sight\n|\n|upkeep\n|turn|57\n|\n|t:|1700698022\n|-end|p2a: Scream Tail|Protosynthesis|[silent]\n|switch|p2a: Heatran|Heatran, M|100\/100\n|-damage|p2a: Heatran|76\/100|[from] Spikes\n|switch|p1a: Rotom|Rotom-Wash|88\/100\n|-damage|p1a: Rotom|75\/100|[from] Stealth Rock\n|\n|-heal|p2a: Heatran|100\/100|[from] move: Wish|[wisher] Scream Tail\n|-heal|p1a: Rotom|81\/100|[from] item: Leftovers\n|upkeep\n|turn|58\n|\n|t:|1700698039\n|switch|p2a: Scream Tail|Scream Tail|100\/100\n|-damage|p2a: Scream Tail|75\/100|[from] Spikes\n|move|p1a: Rotom|Hydro Pump|p2a: Scream Tail|[miss]\n|-miss|p1a: Rotom|p2a: Scream Tail\n|\n|-end|p2a: Scream Tail|move: Future Sight\n|-resisted|p2a: Scream Tail\n|-damage|p2a: Scream Tail|58\/100\n|-heal|p2a: Scream Tail|64\/100|[from] item: Leftovers\n|-heal|p1a: Rotom|88\/100|[from] item: Leftovers\n|upkeep\n|turn|59\n|\n|t:|1700698052\n|move|p2a: Scream Tail|Wish|p2a: Scream Tail\n|move|p1a: Rotom|Will-O-Wisp|p2a: Scream Tail\n|-status|p2a: Scream Tail|brn\n|\n|-heal|p2a: Scream Tail|70\/100 brn|[from] item: Leftovers\n|-heal|p1a: Rotom|94\/100|[from] item: Leftovers\n|-damage|p2a: Scream Tail|64\/100 brn|[from] brn\n|upkeep\n|turn|60\n|\n|t:|1700698063\n|move|p2a: Scream Tail|Protect|p2a: Scream Tail\n|-singleturn|p2a: Scream Tail|Protect\n|move|p1a: Rotom|Volt Switch|p2a: Scream Tail\n|-activate|p2a: Scream Tail|move: Protect\n|\n|-heal|p2a: Scream Tail|100\/100 brn|[from] move: Wish|[wisher] Scream Tail\n|-heal|p1a: Rotom|99\/100|[from] item: Leftovers\n|-damage|p2a: Scream Tail|94\/100 brn|[from] brn\n|upkeep\n|turn|61\n|\n|t:|1700698075\n|move|p2a: Scream Tail|Encore|p1a: Rotom\n|-start|p1a: Rotom|Encore\n|move|p1a: Rotom|Volt Switch|p2a: Scream Tail\n|-damage|p2a: Scream Tail|76\/100 brn\n|\n|t:|1700698083\n|switch|p1a: Slowking|Slowking-Galar, F, shiny|100\/100|[from] Volt Switch\n|-damage|p1a: Slowking|88\/100|[from] Stealth Rock\n|\n|-heal|p2a: Scream Tail|82\/100 brn|[from] item: Leftovers\n|-damage|p2a: Scream Tail|76\/100 brn|[from] brn\n|upkeep\n|turn|62\n|\n|t:|1700698091\n|move|p2a: Scream Tail|Protect|p2a: Scream Tail\n|-singleturn|p2a: Scream Tail|Protect\n|move|p1a: Slowking|Future Sight|p2a: Scream Tail\n|-start|p1a: Slowking|move: Future Sight\n|\n|-heal|p2a: Scream Tail|82\/100 brn|[from] item: Leftovers\n|-damage|p2a: Scream Tail|76\/100 brn|[from] brn\n|upkeep\n|turn|63\n|\n|t:|1700698099\n|-end|p2a: Scream Tail|Protosynthesis|[silent]\n|switch|p2a: Heatran|Heatran, M|100\/100\n|-damage|p2a: Heatran|76\/100|[from] Spikes\n|move|p1a: Slowking|Sludge Bomb|p2a: Heatran\n|-immune|p2a: Heatran\n|\n|-heal|p2a: Heatran|82\/100|[from] item: Leftovers\n|upkeep\n|turn|64\n|\n|t:|1700698111\n|switch|p1a: Rotom|Rotom-Wash|99\/100\n|-damage|p1a: Rotom|88\/100|[from] Stealth Rock\n|move|p2a: Heatran|Magma Storm|p1a: Rotom\n|-resisted|p1a: Rotom\n|-damage|p1a: Rotom|64\/100\n|-activate|p1a: Rotom|move: Magma Storm|[of] p2a: Heatran\n|\n|-end|p2a: Heatran|move: Future Sight\n|-resisted|p2a: Heatran\n|-damage|p2a: Heatran|67\/100\n|-heal|p2a: Heatran|73\/100|[from] item: Leftovers\n|-heal|p1a: Rotom|70\/100|[from] item: Leftovers\n|-damage|p1a: Rotom|58\/100|[from] move: Magma Storm|[partiallytrapped]\n|upkeep\n|turn|65\n|\n|t:|1700698125\n|switch|p2a: Scream Tail|Scream Tail|76\/100 brn\n|-damage|p2a: Scream Tail|51\/100 brn|[from] Spikes\n|move|p1a: Rotom|Hydro Pump|p2a: Scream Tail\n|-damage|p2a: Scream Tail|24\/100 brn\n|\n|-heal|p2a: Scream Tail|30\/100 brn|[from] item: Leftovers\n|-heal|p1a: Rotom|64\/100|[from] item: Leftovers\n|-damage|p2a: Scream Tail|24\/100 brn|[from] brn\n|-end|p1a: Rotom|Magma Storm|[partiallytrapped]|[silent]\n|upkeep\n|turn|66\n|\n|t:|1700698137\n|move|p2a: Scream Tail|Protect|p2a: Scream Tail\n|-singleturn|p2a: Scream Tail|Protect\n|move|p1a: Rotom|Volt Switch|p2a: Scream Tail\n|-activate|p2a: Scream Tail|move: Protect\n|\n|-heal|p2a: Scream Tail|30\/100 brn|[from] item: Leftovers\n|-heal|p1a: Rotom|70\/100|[from] item: Leftovers\n|-damage|p2a: Scream Tail|24\/100 brn|[from] brn\n|upkeep\n|turn|67\n|\n|t:|1700698147\n|move|p2a: Scream Tail|Wish|p2a: Scream Tail\n|move|p1a: Rotom|Hydro Pump|p2a: Scream Tail\n|-damage|p2a: Scream Tail|0 fnt\n|faint|p2a: Scream Tail\n|-end|p2a: Scream Tail|Protosynthesis|[silent]\n|\n|-heal|p1a: Rotom|76\/100|[from] item: Leftovers\n|upkeep\n|\n|t:|1700698156\n|switch|p2a: Dondozo|Dondozo, M|69\/100 slp\n|-damage|p2a: Dondozo|44\/100 slp|[from] Spikes\n|turn|68\n|\n|t:|1700698171\n|-terastallize|p2a: Dondozo|Poison\n|move|p1a: Rotom|Volt Switch|p2a: Dondozo\n|-damage|p2a: Dondozo|21\/100 slp\n|\n|t:|1700698177\n|switch|p1a: Slowking|Slowking-Galar, F, shiny|100\/100|[from] Volt Switch\n|-damage|p1a: Slowking|88\/100|[from] Stealth Rock\n|cant|p2a: Dondozo|slp\n|\n|-heal|p2a: Dondozo|61\/100 slp|[from] move: Wish|[wisher] Scream Tail\n|upkeep\n|turn|69\n|\n|t:|1700698187\n|cant|p2a: Dondozo|slp\n|move|p1a: Slowking|Future Sight|p2a: Dondozo\n|-start|p1a: Slowking|move: Future Sight\n|\n|upkeep\n|turn|70\n|\n|t:|1700698196\n|switch|p2a: Heatran|Heatran, M|73\/100\n|-damage|p2a: Heatran|48\/100|[from] Spikes\n|switch|p1a: Latias|Latias, F|100\/100\n|-damage|p1a: Latias|88\/100|[from] Stealth Rock\n|\n|-heal|p2a: Heatran|55\/100|[from] item: Leftovers\n|upkeep\n|turn|71\n|\n|t:|1700698207\n|detailschange|p1a: Latias|Latias-Mega, F\n|-mega|p1a: Latias|Latias|Latiasite\n|move|p1a: Latias|Calm Mind|p1a: Latias\n|-boost|p1a: Latias|spa|1\n|-boost|p1a: Latias|spd|1\n|move|p2a: Heatran|Magma Storm|p1a: Latias\n|-resisted|p1a: Latias\n|-crit|p1a: Latias\n|-damage|p1a: Latias|66\/100\n|-activate|p1a: Latias|move: Magma Storm|[of] p2a: Heatran\n|\n|-end|p2a: Heatran|move: Future Sight\n|-resisted|p2a: Heatran\n|-damage|p2a: Heatran|39\/100\n|-heal|p2a: Heatran|45\/100|[from] item: Leftovers\n|-damage|p1a: Latias|53\/100|[from] move: Magma Storm|[partiallytrapped]\n|upkeep\n|turn|72\n|\n|t:|1700698221\n|switch|p2a: Great Tusk|Great Tusk|13\/100\n|-damage|p2a: Great Tusk|0 fnt|[from] Spikes\n|faint|p2a: Great Tusk\n|-end|p2a: Great Tusk|Protosynthesis|[silent]\n|move|p1a: Latias|Aura Sphere|p2: Great Tusk|[notarget]\n|-fail|p1a: Latias\n|\n|-end|p1a: Latias|Magma Storm|[partiallytrapped]|[silent]\n|upkeep\n|\n|t:|1700698229\n|switch|p2a: Dondozo|Dondozo, M, tera:Poison|61\/100 slp\n|-damage|p2a: Dondozo|36\/100 slp|[from] Spikes\n|turn|73\n|\n|t:|1700698233\n|move|p1a: Latias|Psyshock|p2a: Dondozo\n|-supereffective|p2a: Dondozo\n|-damage|p2a: Dondozo|2\/100 slp\n|-curestatus|p2a: Dondozo|slp|[msg]\n|move|p2a: Dondozo|Rest|p2a: Dondozo\n|-status|p2a: Dondozo|slp|[from] move: Rest\n|-heal|p2a: Dondozo|100\/100 slp|[silent]\n|\n|upkeep\n|turn|74\n|\n|t:|1700698242\n|move|p1a: Latias|Recover|p1a: Latias\n|-heal|p1a: Latias|100\/100\n|cant|p2a: Dondozo|slp\n|move|p2a: Dondozo|Sleep Talk|p2a: Dondozo\n|move|p2a: Dondozo|Rest||[from]move: Sleep Talk|[still]\n|-fail|p2a: Dondozo\n|\n|upkeep\n|turn|75\n|\n|t:|1700698251\n|switch|p1a: Slowking|Slowking-Galar, F, shiny|100\/100\n|-damage|p1a: Slowking|88\/100|[from] Stealth Rock\n|cant|p2a: Dondozo|slp\n|move|p2a: Dondozo|Sleep Talk|p2a: Dondozo\n|move|p2a: Dondozo|Body Press|p1a: Slowking|[from]move: Sleep Talk\n|-resisted|p1a: Slowking\n|-damage|p1a: Slowking|80\/100\n|\n|upkeep\n|turn|76\n|\n|t:|1700698262\n|-curestatus|p2a: Dondozo|slp|[msg]\n|move|p2a: Dondozo|Sleep Talk||[still]\n|-fail|p2a: Dondozo\n|move|p1a: Slowking|Future Sight|p2a: Dondozo\n|-start|p1a: Slowking|move: Future Sight\n|\n|upkeep\n|turn|77\n|\n|t:|1700698270\n|move|p2a: Dondozo|Liquidation|p1a: Slowking\n|-damage|p1a: Slowking|52\/100\n|move|p1a: Slowking|Scald|p2a: Dondozo\n|-damage|p2a: Dondozo|80\/100\n|\n|upkeep\n|turn|78\n|\n|t:|1700698277\n|move|p2a: Dondozo|Liquidation|p1a: Slowking\n|-damage|p1a: Slowking|23\/100\n|move|p1a: Slowking|Scald|p2a: Dondozo\n|-crit|p2a: Dondozo\n|-damage|p2a: Dondozo|53\/100\n|-status|p2a: Dondozo|brn\n|\n|-end|p2a: Dondozo|move: Future Sight\n|-supereffective|p2a: Dondozo\n|-damage|p2a: Dondozo|0 fnt\n|faint|p2a: Dondozo\n|upkeep\n|\n|t:|1700698287\n|switch|p2a: Heatran|Heatran, M|45\/100\n|-damage|p2a: Heatran|20\/100|[from] Spikes\n|turn|79\n|\n|t:|1700698292\n|move|p2a: Heatran|Magma Storm|p1a: Slowking\n|-damage|p1a: Slowking|6\/100\n|-activate|p1a: Slowking|move: Magma Storm|[of] p2a: Heatran\n|move|p1a: Slowking|Scald|p2a: Heatran\n|-supereffective|p2a: Heatran\n|-damage|p2a: Heatran|0 fnt\n|faint|p2a: Heatran\n|\n|win|gjfjdj\n|raw|gjfjdj's rating: 1312 &rarr; <strong>1333<\/strong><br \/>(+21 for winning)\n|raw|josh_bullet's rating: 1327 &rarr; <strong>1306<\/strong><br \/>(-21 for losing)\n|l|\u2606josh_bullet\n","uploadtime":1700698315,"views":14,"p1id":"gjfjdj","p2id":"joshbullet","formatid":"gen9nationaldex","rating":1306,"private":0,"password":""}