{"id":"gen9nationaldex-1999124035","p1":"Lgbeet","p2":"Onlymanever","format":"[Gen 9] National Dex","log":"|html|<div class=\"broadcast-blue\"><strong>[Gen 9] National Dex is currently suspecting Sneasler! For information on how to participate check out the <a href=\"https:\/\/www.smogon.com\/forums\/threads\/sv-national-dex-suspect-8-just-dance.3731534\/\">suspect thread<\/a>.<\/strong><\/div>\n|j|\u2606Lgbeet\n|j|\u2606Onlymanever\n|t:|1701035715\n|gametype|singles\n|player|p1|Lgbeet|skullgruntf|1041\n|player|p2|Onlymanever|lyra|1023\n|teamsize|p1|6\n|teamsize|p2|6\n|gen|9\n|tier|[Gen 9] National Dex\n|rated|\n|rule|HP Percentage Mod: HP is shown in percentages\n|rule|Endless Battle Clause: Forcing endless battles is banned\n|rule|OHKO Clause: OHKO moves are banned\n|rule|Evasion Clause: Evasion abilities, items, and moves are banned\n|rule|Evasion Abilities Clause: Evasion abilities are banned\n|rule|Evasion Items Clause: Evasion items are banned\n|rule|Evasion Moves Clause: Evasion moves are banned\n|rule|Species Clause: Limit one of each Pok\u00e9mon\n|rule|Sleep Clause Mod: Limit one foe put to sleep\n|clearpoke\n|poke|p1|Mr. Mime-Galar, F|\n|poke|p1|Mantine, F|\n|poke|p1|Turtonator, F|\n|poke|p1|Steelix, F|\n|poke|p1|Whimsicott, M|\n|poke|p1|Great Tusk|\n|poke|p2|Chesnaught, F|\n|poke|p2|Mr. Mime, F|\n|poke|p2|Staraptor, F|\n|poke|p2|Basculegion, M|\n|poke|p2|Arcanine, M|\n|poke|p2|Electivire, M|\n|teampreview\n|\n|t:|1701035736\n|start\n|switch|p1a: Mr. Mime|Mr. Mime-Galar, F|100\/100\n|switch|p2a: Mr. Mime|Mr. Mime, F|100\/100\n|turn|1\n|inactive|Battle timer is ON: inactive players will automatically lose when time's up. (requested by Onlymanever)\n|\n|t:|1701035745\n|move|p1a: Mr. Mime|Ice Beam|p2a: Mr. Mime\n|-crit|p2a: Mr. Mime\n|-damage|p2a: Mr. Mime|41\/100\n|move|p2a: Mr. Mime|Calm Mind|p2a: Mr. Mime\n|-boost|p2a: Mr. Mime|spa|1\n|-boost|p2a: Mr. Mime|spd|1\n|\n|-heal|p2a: Mr. Mime|47\/100|[from] item: Leftovers\n|upkeep\n|turn|2\n|\n|t:|1701035758\n|move|p1a: Mr. Mime|Ice Beam|p2a: Mr. Mime\n|-damage|p2a: Mr. Mime|21\/100\n|move|p2a: Mr. Mime|Dazzling Gleam|p1a: Mr. Mime\n|-crit|p1a: Mr. Mime\n|-damage|p1a: Mr. Mime|39\/100\n|\n|-heal|p2a: Mr. Mime|27\/100|[from] item: Leftovers\n|upkeep\n|turn|3\n|\n|t:|1701035770\n|-terastallize|p1a: Mr. Mime|Ice\n|move|p1a: Mr. Mime|Ice Beam|p2a: Mr. Mime\n|-damage|p2a: Mr. Mime|0 fnt\n|faint|p2a: Mr. Mime\n|\n|upkeep\n|\n|t:|1701035780\n|switch|p2a: Arcanine|Arcanine, M|100\/100\n|turn|4\n|\n|t:|1701035783\n|switch|p1a: Mantine|Mantine, F|100\/100\n|move|p2a: Arcanine|Howl|p2a: Arcanine\n|-boost|p2a: Arcanine|atk|1\n|\n|upkeep\n|turn|5\n|\n|t:|1701035792\n|move|p2a: Arcanine|Flare Blitz|p1a: Mantine\n|-resisted|p1a: Mantine\n|-damage|p1a: Mantine|60\/100\n|-damage|p2a: Arcanine|85\/100|[from] Recoil\n|move|p1a: Mantine|Scald|p2a: Arcanine\n|-supereffective|p2a: Arcanine\n|-damage|p2a: Arcanine|27\/100\n|\n|-heal|p2a: Arcanine|33\/100|[from] item: Leftovers\n|upkeep\n|turn|6\n|\n|t:|1701035802\n|move|p2a: Arcanine|Flare Blitz|p1a: Mantine\n|-resisted|p1a: Mantine\n|-crit|p1a: Mantine\n|-damage|p1a: Mantine|5\/100\n|-damage|p2a: Arcanine|12\/100|[from] Recoil\n|move|p1a: Mantine|Toxic|p2a: Arcanine|[miss]\n|-miss|p1a: Mantine|p2a: Arcanine\n|\n|-heal|p2a: Arcanine|18\/100|[from] item: Leftovers\n|upkeep\n|turn|7\n|\n|t:|1701035812\n|switch|p1a: Turtonator|Turtonator, F|100\/100\n|move|p2a: Arcanine|Flare Blitz|p1a: Turtonator\n|-resisted|p1a: Turtonator\n|-damage|p1a: Turtonator|84\/100\n|-damage|p2a: Arcanine|13\/100|[from] Recoil\n|\n|-heal|p2a: Arcanine|19\/100|[from] item: Leftovers\n|upkeep\n|turn|8\n|\n|t:|1701035823\n|-singleturn|p1a: Turtonator|move: Shell Trap\n|move|p2a: Arcanine|Close Combat|p1a: Turtonator\n|-damage|p1a: Turtonator|39\/100\n|-unboost|p2a: Arcanine|def|1\n|-unboost|p2a: Arcanine|spd|1\n|move|p1a: Turtonator|Shell Trap|p2a: Arcanine\n|-start|p2a: Arcanine|ability: Flash Fire\n|\n|-heal|p2a: Arcanine|25\/100|[from] item: Leftovers\n|upkeep\n|turn|9\n|\n|t:|1701035835\n|move|p2a: Arcanine|Close Combat|p1a: Turtonator\n|-damage|p1a: Turtonator|0 fnt\n|-unboost|p2a: Arcanine|def|1\n|-unboost|p2a: Arcanine|spd|1\n|faint|p1a: Turtonator\n|\n|-heal|p2a: Arcanine|32\/100|[from] item: Leftovers\n|upkeep\n|\n|t:|1701035843\n|switch|p1a: Great Tusk|Great Tusk|100\/100\n|turn|10\n|\n|t:|1701035846\n|move|p1a: Great Tusk|Headlong Rush|p2a: Arcanine\n|-supereffective|p2a: Arcanine\n|-damage|p2a: Arcanine|0 fnt\n|-unboost|p1a: Great Tusk|def|1\n|-unboost|p1a: Great Tusk|spd|1\n|faint|p2a: Arcanine\n|\n|upkeep\n|\n|t:|1701035854\n|switch|p2a: Basculegion|Basculegion, M|100\/100\n|turn|11\n|\n|t:|1701035860\n|-end|p1a: Great Tusk|Protosynthesis|[silent]\n|switch|p1a: Mantine|Mantine, F|5\/100\n|move|p2a: Basculegion|Night Shade|p1a: Mantine\n|-damage|p1a: Mantine|0 fnt\n|faint|p1a: Mantine\n|\n|upkeep\n|\n|t:|1701035865\n|switch|p1a: Mr. Mime|Mr. Mime-Galar, F, tera:Ice|39\/100\n|turn|12\n|\n|t:|1701035869\n|move|p2a: Basculegion|Wave Crash|p1a: Mr. Mime\n|-damage|p1a: Mr. Mime|0 fnt\n|faint|p1a: Mr. Mime\n|-damage|p2a: Basculegion|91\/100|[from] Recoil\n|\n|-heal|p2a: Basculegion|97\/100|[from] item: Leftovers\n|upkeep\n|\n|t:|1701035873\n|switch|p1a: Whimsicott|Whimsicott, M|100\/100\n|turn|13\n|\n|t:|1701035879\n|move|p1a: Whimsicott|Giga Drain|p2a: Basculegion\n|-supereffective|p2a: Basculegion\n|-damage|p2a: Basculegion|2\/100\n|move|p2a: Basculegion|Phantom Force||[still]\n|-prepare|p2a: Basculegion|Phantom Force\n|\n|-heal|p2a: Basculegion|8\/100|[from] item: Leftovers\n|upkeep\n|turn|14\n|\n|t:|1701035887\n|switch|p1a: Steelix|Steelix, F|100\/100\n|move|p2a: Basculegion|Phantom Force|p1a: Steelix|[from]lockedmove\n|-damage|p1a: Steelix|71\/100\n|\n|-heal|p2a: Basculegion|14\/100|[from] item: Leftovers\n|upkeep\n|turn|15\n|\n|t:|1701035900\n|detailschange|p1a: Steelix|Steelix-Mega, F\n|-mega|p1a: Steelix|Steelix|Steelixite\n|move|p2a: Basculegion|Wave Crash|p1a: Steelix\n|-supereffective|p1a: Steelix\n|-damage|p1a: Steelix|0 fnt\n|faint|p1a: Steelix\n|-damage|p2a: Basculegion|0 fnt|[from] Recoil\n|faint|p2a: Basculegion\n|\n|upkeep\n|\n|t:|1701035916\n|switch|p2a: Electivire|Electivire, M|100\/100\n|switch|p1a: Whimsicott|Whimsicott, M|100\/100\n|turn|16\n|\n|t:|1701035925\n|move|p1a: Whimsicott|Moonblast|p2a: Electivire\n|-damage|p2a: Electivire|35\/100\n|move|p2a: Electivire|Meditate|p2a: Electivire\n|-boost|p2a: Electivire|atk|1\n|\n|-heal|p2a: Electivire|41\/100|[from] item: Leftovers\n|upkeep\n|turn|17\n|\n|t:|1701035934\n|move|p1a: Whimsicott|Moonblast|p2a: Electivire\n|-damage|p2a: Electivire|0 fnt\n|faint|p2a: Electivire\n|\n|upkeep\n|\n|t:|1701035938\n|switch|p2a: Staraptor|Staraptor, F|100\/100\n|turn|18\n|\n|t:|1701035950\n|move|p1a: Whimsicott|Moonblast|p2a: Staraptor\n|-damage|p2a: Staraptor|37\/100\n|move|p2a: Staraptor|Brave Bird|p1a: Whimsicott\n|-supereffective|p1a: Whimsicott\n|-damage|p1a: Whimsicott|0 fnt\n|faint|p1a: Whimsicott\n|-damage|p2a: Staraptor|9\/100|[from] Recoil\n|\n|-heal|p2a: Staraptor|15\/100|[from] item: Leftovers\n|upkeep\n|\n|t:|1701035952\n|switch|p1a: Great Tusk|Great Tusk|100\/100\n|turn|19\n|\n|t:|1701035963\n|move|p1a: Great Tusk|Ice Spinner|p2a: Staraptor\n|-supereffective|p2a: Staraptor\n|-damage|p2a: Staraptor|0 fnt\n|faint|p2a: Staraptor\n|\n|upkeep\n|\n|t:|1701035968\n|switch|p2a: Chesnaught|Chesnaught, F|100\/100\n|turn|20\n|\n|t:|1701035976\n|move|p1a: Great Tusk|Ice Spinner|p2a: Chesnaught\n|-supereffective|p2a: Chesnaught\n|-damage|p2a: Chesnaught|25\/100\n|move|p2a: Chesnaught|Bulk Up|p2a: Chesnaught\n|-boost|p2a: Chesnaught|atk|1\n|-boost|p2a: Chesnaught|def|1\n|\n|-heal|p2a: Chesnaught|31\/100|[from] item: Leftovers\n|upkeep\n|turn|21\n|c|\u2606Lgbeet|gg\n|\n|t:|1701035986\n|-terastallize|p2a: Chesnaught|Fire\n|move|p1a: Great Tusk|Ice Spinner|p2a: Chesnaught\n|-resisted|p2a: Chesnaught\n|-damage|p2a: Chesnaught|18\/100\n|move|p2a: Chesnaught|Wood Hammer|p1a: Great Tusk\n|-supereffective|p1a: Great Tusk\n|-damage|p1a: Great Tusk|0 fnt\n|faint|p1a: Great Tusk\n|-end|p1a: Great Tusk|Protosynthesis|[silent]\n|-damage|p2a: Chesnaught|0 fnt|[from] Recoil\n|faint|p2a: Chesnaught\n|\n|win|Onlymanever\n|raw|Lgbeet's rating: 1041 &rarr; <strong>1024<\/strong><br \/>(-17 for losing)\n|raw|Onlymanever's rating: 1023 &rarr; <strong>1061<\/strong><br \/>(+38 for winning)\n|l|\u2606Lgbeet\n","uploadtime":1701036011,"views":8,"p1id":"lgbeet","p2id":"onlymanever","formatid":"gen9nationaldex","rating":1024,"private":0,"password":""}