{"id":"gen9nationaldex-1990175094","p1":"OffbrandE","p2":"Kuzwa","format":"[Gen 9] National Dex","log":"|j|\u2606OffbrandE\n|j|\u2606Kuzwa\n|t:|1699933024\n|gametype|singles\n|player|p1|OffbrandE|102|1172\n|player|p2|Kuzwa|parasollady|1261\n|teamsize|p1|6\n|teamsize|p2|6\n|gen|9\n|tier|[Gen 9] National Dex\n|rated|\n|rule|HP Percentage Mod: HP is shown in percentages\n|rule|Endless Battle Clause: Forcing endless battles is banned\n|rule|OHKO Clause: OHKO moves are banned\n|rule|Evasion Clause: Evasion abilities, items, and moves are banned\n|rule|Evasion Abilities Clause: Evasion abilities are banned\n|rule|Evasion Items Clause: Evasion items are banned\n|rule|Evasion Moves Clause: Evasion moves are banned\n|rule|Species Clause: Limit one of each Pok\u00e9mon\n|rule|Sleep Clause Mod: Limit one foe put to sleep\n|clearpoke\n|poke|p1|Tornadus-Therian, M|\n|poke|p1|Gliscor, M|\n|poke|p1|Clodsire, F|\n|poke|p1|Medicham, F|\n|poke|p1|Rotom-Wash|\n|poke|p1|Urshifu-*, F|\n|poke|p2|Gallade, M|\n|poke|p2|Kartana|\n|poke|p2|Weavile, M|\n|poke|p2|Ogerpon-Wellspring, F|\n|poke|p2|Zeraora|\n|poke|p2|Glimmora, M|\n|teampreview\n|l|\u2606OffbrandE\n|player|p1|\n|inactive|Battle timer is ON: inactive players will automatically lose when time's up. (requested by Kuzwa)\n|inactive|OffbrandE has 30 seconds to reconnect!\n|j|\u2606OffbrandE\n|inactive|OffbrandE reconnected and has 115 seconds left.\n|player|p1|OffbrandE|102\n|\n|t:|1699933090\n|start\n|switch|p1a: Clodsire|Clodsire, F|100\/100\n|switch|p2a: Makoto Yuki|Kartana, shiny|100\/100\n|turn|1\n|\n|t:|1699933101\n|switch|p1a: Tornadus|Tornadus-Therian, M|100\/100\n|move|p2a: Makoto Yuki|Swords Dance|p2a: Makoto Yuki\n|-boost|p2a: Makoto Yuki|atk|2\n|\n|upkeep\n|turn|2\n|\n|t:|1699933107\n|move|p1a: Tornadus|Heat Wave|p2a: Makoto Yuki\n|-supereffective|p2a: Makoto Yuki\n|-enditem|p2a: Makoto Yuki|Focus Sash\n|-damage|p2a: Makoto Yuki|1\/100\n|move|p2a: Makoto Yuki|Smart Strike|p1a: Tornadus\n|-damage|p1a: Tornadus|0 fnt\n|faint|p1a: Tornadus\n|-ability|p2a: Makoto Yuki|Beast Boost|boost\n|-boost|p2a: Makoto Yuki|atk|1\n|\n|upkeep\n|\n|t:|1699933122\n|switch|p1a: Medicham|Medicham, F|100\/100\n|turn|3\n|\n|t:|1699933128\n|switch|p2a: thing|Glimmora, M|100\/100\n|-item|p2a: thing|Air Balloon\n|detailschange|p1a: Medicham|Medicham-Mega, F\n|-mega|p1a: Medicham|Medicham|Medichamite\n|move|p1a: Medicham|Fake Out|p2a: thing\n|-resisted|p2a: thing\n|-damage|p2a: thing|86\/100\n|-activate|p2a: thing|ability: Toxic Debris\n|-sidestart|p1: OffbrandE|move: Toxic Spikes\n|-enditem|p2a: thing|Air Balloon\n|\n|upkeep\n|turn|4\n|\n|t:|1699933142\n|move|p1a: Medicham|Zen Headbutt|p2a: thing\n|-supereffective|p2a: thing\n|-damage|p2a: thing|0 fnt\n|-activate|p2a: thing|ability: Toxic Debris\n|-sidestart|p1: OffbrandE|move: Toxic Spikes\n|faint|p2a: thing\n|\n|upkeep\n|\n|t:|1699933150\n|switch|p2a: Ken Amada|Zeraora|100\/100\n|turn|5\n|\n|t:|1699933154\n|switch|p1a: Clodsire|Clodsire, F|100\/100\n|-sideend|p1: OffbrandE|move: Toxic Spikes|[of] p1a: Clodsire\n|move|p2a: Ken Amada|Fake Out|p1a: Clodsire\n|-damage|p1a: Clodsire|87\/100\n|\n|-heal|p1a: Clodsire|93\/100|[from] item: Leftovers\n|upkeep\n|turn|6\n|inactive|OffbrandE has 120 seconds left.\n|\n|t:|1699933198\n|switch|p2a: Makoto Yuki|Kartana, shiny|1\/100\n|move|p1a: Clodsire|Toxic|p2a: Makoto Yuki\n|-immune|p2a: Makoto Yuki\n|\n|-heal|p1a: Clodsire|99\/100|[from] item: Leftovers\n|upkeep\n|turn|7\n|\n|t:|1699933207\n|move|p2a: Makoto Yuki|Leaf Blade|p1a: Clodsire\n|-damage|p1a: Clodsire|32\/100\n|move|p1a: Clodsire|Stealth Rock|p2a: Makoto Yuki\n|-sidestart|p2: Kuzwa|move: Stealth Rock\n|\n|-heal|p1a: Clodsire|38\/100|[from] item: Leftovers\n|upkeep\n|turn|8\n|inactive|OffbrandE has 120 seconds left.\n|\n|t:|1699933215\n|move|p2a: Makoto Yuki|Leaf Blade|p1a: Clodsire\n|-damage|p1a: Clodsire|0 fnt\n|faint|p1a: Clodsire\n|-ability|p2a: Makoto Yuki|Beast Boost|boost\n|-boost|p2a: Makoto Yuki|atk|1\n|\n|upkeep\n|inactive|OffbrandE has 120 seconds left.\n|\n|t:|1699933229\n|switch|p1a: Medicham|Medicham-Mega, F|100\/100\n|turn|9\n|\n|t:|1699933232\n|move|p1a: Medicham|Fake Out|p2a: Makoto Yuki\n|-resisted|p2a: Makoto Yuki\n|-damage|p2a: Makoto Yuki|0 fnt\n|faint|p2a: Makoto Yuki\n|\n|upkeep\n|\n|t:|1699933239\n|switch|p2a: Junpei Iori|Weavile, M, shiny|100\/100\n|-damage|p2a: Junpei Iori|76\/100|[from] Stealth Rock\n|turn|10\n|\n|t:|1699933244\n|switch|p1a: Rotom|Rotom-Wash|100\/100\n|move|p2a: Junpei Iori|Throat Chop|p1a: Rotom\n|-damage|p1a: Rotom|68\/100\n|-start|p1a: Rotom|Throat Chop|[silent]\n|\n|-heal|p1a: Rotom|74\/100|[from] item: Leftovers\n|upkeep\n|turn|11\n|\n|t:|1699933252\n|move|p2a: Junpei Iori|Swords Dance|p2a: Junpei Iori\n|-boost|p2a: Junpei Iori|atk|2\n|move|p1a: Rotom|Volt Switch|p2a: Junpei Iori\n|-damage|p2a: Junpei Iori|42\/100\n|\n|t:|1699933259\n|switch|p1a: Medicham|Medicham-Mega, F|100\/100|[from] Volt Switch\n|\n|upkeep\n|turn|12\n|\n|t:|1699933264\n|move|p1a: Medicham|Fake Out|p2a: Junpei Iori\n|-damage|p2a: Junpei Iori|0 fnt\n|faint|p2a: Junpei Iori\n|\n|upkeep\n|\n|t:|1699933272\n|switch|p2a: Ryoji Mochizuki|Gallade, M, shiny|100\/100\n|-damage|p2a: Ryoji Mochizuki|94\/100|[from] Stealth Rock\n|turn|13\n|\n|t:|1699933276\n|switch|p1a: Gliscor|Gliscor, M|100\/100\n|detailschange|p2a: Ryoji Mochizuki|Gallade-Mega, M, shiny\n|-mega|p2a: Ryoji Mochizuki|Gallade|Galladite\n|move|p2a: Ryoji Mochizuki|Night Slash|p1a: Gliscor\n|-damage|p1a: Gliscor|84\/100\n|\n|-status|p1a: Gliscor|tox|[from] item: Toxic Orb\n|upkeep\n|turn|14\n|\n|t:|1699933287\n|move|p2a: Ryoji Mochizuki|Swords Dance|p2a: Ryoji Mochizuki\n|-boost|p2a: Ryoji Mochizuki|atk|2\n|move|p1a: Gliscor|U-turn|p2a: Ryoji Mochizuki\n|-damage|p2a: Ryoji Mochizuki|76\/100\n|\n|t:|1699933292\n|switch|p1a: Medicham|Medicham-Mega, F|100\/100|[from] U-turn\n|\n|upkeep\n|turn|15\n|\n|t:|1699933307\n|move|p1a: Medicham|Fake Out|p2a: Ryoji Mochizuki\n|-damage|p2a: Ryoji Mochizuki|46\/100\n|move|p2a: Ryoji Mochizuki|Night Slash|p1a: Medicham\n|-damage|p1a: Medicham|13\/100\n|\n|upkeep\n|turn|16\n|\n|t:|1699933326\n|move|p2a: Ryoji Mochizuki|Sacred Sword|p1a: Medicham\n|-resisted|p1a: Medicham\n|-crit|p1a: Medicham\n|-damage|p1a: Medicham|0 fnt\n|faint|p1a: Medicham\n|\n|upkeep\n|\n|t:|1699933333\n|switch|p1a: Gliscor|Gliscor, M|84\/100 tox\n|turn|17\n|\n|t:|1699933341\n|move|p2a: Ryoji Mochizuki|Psycho Cut|p1a: Gliscor\n|-damage|p1a: Gliscor|32\/100 tox\n|move|p1a: Gliscor|Earthquake|p2a: Ryoji Mochizuki\n|-damage|p2a: Ryoji Mochizuki|5\/100\n|\n|-heal|p1a: Gliscor|44\/100 tox|[from] ability: Poison Heal\n|upkeep\n|turn|18\n|-message|OffbrandE forfeited.\n|\n|win|Kuzwa\n|raw|OffbrandE's rating: 1172 &rarr; <strong>1153<\/strong><br \/>(-19 for losing)\n|raw|Kuzwa's rating: 1261 &rarr; <strong>1280<\/strong><br \/>(+19 for winning)\n|l|\u2606OffbrandE\n","uploadtime":1699933360,"views":4,"p1id":"offbrande","p2id":"kuzwa","formatid":"gen9nationaldex","rating":1153,"private":0,"password":""}