{"id":"gen9nationaldex-2000023593","p1":"gobbyhappy1","p2":"yunhaiyue","format":"[Gen 9] National Dex","log":"|html|<div class=\"broadcast-blue\"><strong>[Gen 9] National Dex is currently suspecting Sneasler! For information on how to participate check out the <a href=\"https:\/\/www.smogon.com\/forums\/threads\/sv-national-dex-suspect-8-just-dance.3731534\/\">suspect thread<\/a>.<\/strong><\/div>\n|j|\u2606gobbyhappy1\n|j|\u2606yunhaiyue\n|t:|1701142492\n|gametype|singles\n|player|p1|gobbyhappy1|2|1649\n|player|p2|yunhaiyue|ghetsis-gen5bw|1550\n|teamsize|p1|6\n|teamsize|p2|6\n|gen|9\n|tier|[Gen 9] National Dex\n|rated|\n|rule|HP Percentage Mod: HP is shown in percentages\n|rule|Endless Battle Clause: Forcing endless battles is banned\n|rule|OHKO Clause: OHKO moves are banned\n|rule|Evasion Clause: Evasion abilities, items, and moves are banned\n|rule|Evasion Abilities Clause: Evasion abilities are banned\n|rule|Evasion Items Clause: Evasion items are banned\n|rule|Evasion Moves Clause: Evasion moves are banned\n|rule|Species Clause: Limit one of each Pok\u00e9mon\n|rule|Sleep Clause Mod: Limit one foe put to sleep\n|clearpoke\n|poke|p1|Tapu Lele|\n|poke|p1|Alomomola, M|\n|poke|p1|Ogerpon-Wellspring, F|\n|poke|p1|Ferrothorn, F|\n|poke|p1|Hydreigon, F|\n|poke|p1|Lopunny, M|\n|poke|p2|Zapdos|\n|poke|p2|Garchomp, F|\n|poke|p2|Garganacl, F|\n|poke|p2|Alomomola, F|\n|poke|p2|Kartana|\n|poke|p2|Zamazenta-*|\n|teampreview\n|inactive|Battle timer is ON: inactive players will automatically lose when time's up. (requested by yunhaiyue)\n|\n|t:|1701142511\n|start\n|switch|p1a: Ogerpon|Ogerpon-Wellspring, F|100\/100\n|switch|p2a: Garchomp|Garchomp, F|100\/100\n|turn|1\n|\n|t:|1701142522\n|switch|p2a: Kartana|Kartana|100\/100\n|move|p1a: Ogerpon|Swords Dance|p1a: Ogerpon\n|-boost|p1a: Ogerpon|atk|2\n|\n|upkeep\n|turn|2\n|\n|t:|1701142531\n|move|p1a: Ogerpon|Ivy Cudgel|p2a: Kartana|[anim] Ivy Cudgel Water\n|-resisted|p2a: Kartana\n|-damage|p2a: Kartana|48\/100\n|-zpower|p2a: Kartana\n|move|p2a: Kartana|Breakneck Blitz|p1a: Ogerpon|[zeffect]\n|-damage|p1a: Ogerpon|5\/100\n|\n|upkeep\n|turn|3\n|\n|t:|1701142537\n|move|p1a: Ogerpon|Ivy Cudgel|p2a: Kartana|[anim] Ivy Cudgel Water\n|-resisted|p2a: Kartana\n|-damage|p2a: Kartana|0 fnt\n|faint|p2a: Kartana\n|\n|upkeep\n|\n|t:|1701142545\n|switch|p2a: Zamazenta|Zamazenta|100\/100\n|-ability|p2a: Zamazenta|Dauntless Shield|boost\n|-boost|p2a: Zamazenta|def|1\n|turn|4\n|\n|t:|1701142556\n|switch|p1a: Ferrothorn|Ferrothorn, F|100\/100\n|move|p2a: Zamazenta|Close Combat|p1a: Ferrothorn\n|-supereffective|p1a: Ferrothorn\n|-damage|p1a: Ferrothorn|3\/100\n|-unboost|p2a: Zamazenta|def|1\n|-unboost|p2a: Zamazenta|spd|1\n|-damage|p2a: Zamazenta|88\/100|[from] ability: Iron Barbs|[of] p1a: Ferrothorn\n|\n|-heal|p1a: Ferrothorn|10\/100|[from] item: Leftovers\n|upkeep\n|turn|5\n|\n|t:|1701142564\n|-terastallize|p1a: Ferrothorn|Ghost\n|move|p2a: Zamazenta|Close Combat|p1a: Ferrothorn\n|-immune|p1a: Ferrothorn\n|move|p1a: Ferrothorn|Stealth Rock|p2a: Zamazenta\n|-sidestart|p2: yunhaiyue|move: Stealth Rock\n|\n|-heal|p1a: Ferrothorn|16\/100|[from] item: Leftovers\n|upkeep\n|turn|6\n|\n|t:|1701142568\n|switch|p2a: Garganacl|Garganacl, F|100\/100\n|-damage|p2a: Garganacl|88\/100|[from] Stealth Rock\n|move|p1a: Ferrothorn|Leech Seed|p2a: Garganacl\n|-start|p2a: Garganacl|move: Leech Seed\n|\n|-heal|p2a: Garganacl|94\/100|[from] item: Leftovers\n|-heal|p1a: Ferrothorn|22\/100|[from] item: Leftovers\n|-damage|p2a: Garganacl|82\/100|[from] Leech Seed|[of] p1a: Ferrothorn\n|-heal|p1a: Ferrothorn|36\/100|[silent]\n|upkeep\n|turn|7\n|\n|t:|1701142573\n|move|p1a: Ferrothorn|Protect|p1a: Ferrothorn\n|-singleturn|p1a: Ferrothorn|Protect\n|move|p2a: Garganacl|Stealth Rock|p1a: Ferrothorn\n|-sidestart|p1: gobbyhappy1|move: Stealth Rock\n|\n|-heal|p2a: Garganacl|88\/100|[from] item: Leftovers\n|-heal|p1a: Ferrothorn|43\/100|[from] item: Leftovers\n|-damage|p2a: Garganacl|76\/100|[from] Leech Seed|[of] p1a: Ferrothorn\n|-heal|p1a: Ferrothorn|57\/100|[silent]\n|upkeep\n|turn|8\n|\n|t:|1701142597\n|switch|p2a: Alomomola|Alomomola, F|100\/100\n|-damage|p2a: Alomomola|88\/100|[from] Stealth Rock\n|switch|p1a: Hydreigon|Hydreigon, F|100\/100\n|-damage|p1a: Hydreigon|88\/100|[from] Stealth Rock\n|\n|-heal|p1a: Hydreigon|94\/100|[from] item: Leftovers\n|upkeep\n|turn|9\n|\n|t:|1701142602\n|move|p1a: Hydreigon|Defog|p2a: Alomomola\n|-unboost|p2a: Alomomola|evasion|1\n|-sideend|p2: yunhaiyue|Stealth Rock|[from] move: Defog|[of] p1a: Hydreigon\n|-sideend|p1: gobbyhappy1|Stealth Rock|[from] move: Defog|[of] p1a: Hydreigon\n|move|p2a: Alomomola|Flip Turn|p1a: Hydreigon\n|-resisted|p1a: Hydreigon\n|-damage|p1a: Hydreigon|87\/100\n|\n|t:|1701142607\n|switch|p2a: Garchomp|Garchomp, F|100\/100|[from] Flip Turn\n|\n|-heal|p1a: Hydreigon|93\/100|[from] item: Leftovers\n|upkeep\n|turn|10\n|\n|t:|1701142612\n|switch|p1a: Tapu Lele|Tapu Lele|100\/100\n|-fieldstart|move: Psychic Terrain|[from] ability: Psychic Surge|[of] p1a: Tapu Lele\n|move|p2a: Garchomp|Draco Meteor|p1a: Tapu Lele\n|-immune|p1a: Tapu Lele\n|\n|upkeep\n|turn|11\n|\n|t:|1701142620\n|detailschange|p2a: Garchomp|Garchomp-Mega, F\n|-mega|p2a: Garchomp|Garchomp|Garchompite\n|move|p1a: Tapu Lele|Future Sight|p2a: Garchomp\n|-start|p1a: Tapu Lele|move: Future Sight\n|move|p2a: Garchomp|Earthquake|p1a: Tapu Lele\n|-crit|p1a: Tapu Lele\n|-damage|p1a: Tapu Lele|0 fnt\n|faint|p1a: Tapu Lele\n|\n|upkeep\n|\n|t:|1701142630\n|switch|p1a: Alomomola|Alomomola, M|100\/100\n|turn|12\n|\n|t:|1701142633\n|move|p2a: Garchomp|Draco Meteor|p1a: Alomomola|[miss]\n|-miss|p2a: Garchomp|p1a: Alomomola\n|move|p1a: Alomomola|Wish|p1a: Alomomola\n|\n|upkeep\n|turn|13\n|\n|t:|1701142637\n|move|p2a: Garchomp|Draco Meteor|p1a: Alomomola\n|-damage|p1a: Alomomola|19\/100\n|-unboost|p2a: Garchomp|spa|2\n|move|p1a: Alomomola|Flip Turn|p2a: Garchomp\n|-damage|p2a: Garchomp|86\/100\n|\n|t:|1701142640\n|switch|p1a: Ogerpon|Ogerpon-Wellspring, F|5\/100|[from] Flip Turn\n|\n|-end|p2a: Garchomp|move: Future Sight\n|-damage|p2a: Garchomp|0 fnt\n|faint|p2a: Garchomp\n|-heal|p1a: Ogerpon|94\/100|[from] move: Wish|[wisher] Alomomola\n|upkeep\n|\n|t:|1701142643\n|switch|p2a: Zamazenta|Zamazenta|88\/100\n|turn|14\n|\n|t:|1701142649\n|switch|p1a: Ferrothorn|Ferrothorn, F, tera:Ghost|57\/100\n|move|p2a: Zamazenta|Wild Charge|p1a: Ferrothorn\n|-damage|p1a: Ferrothorn|29\/100\n|-damage|p2a: Zamazenta|76\/100|[from] ability: Iron Barbs|[of] p1a: Ferrothorn\n|-damage|p2a: Zamazenta|68\/100|[from] Recoil\n|\n|-heal|p1a: Ferrothorn|35\/100|[from] item: Leftovers\n|-fieldend|move: Psychic Terrain\n|upkeep\n|turn|15\n|\n|t:|1701142658\n|switch|p2a: Zapdos|Zapdos|100\/100\n|move|p1a: Ferrothorn|Protect||[still]\n|-fail|p1a: Ferrothorn\n|\n|-heal|p1a: Ferrothorn|42\/100|[from] item: Leftovers\n|upkeep\n|turn|16\n|\n|t:|1701142661\n|move|p1a: Ferrothorn|Protect|p1a: Ferrothorn\n|-singleturn|p1a: Ferrothorn|Protect\n|move|p2a: Zapdos|Hurricane|p1a: Ferrothorn\n|-activate|p1a: Ferrothorn|move: Protect\n|\n|-heal|p1a: Ferrothorn|48\/100|[from] item: Leftovers\n|upkeep\n|turn|17\n|\n|t:|1701142667\n|switch|p1a: Hydreigon|Hydreigon, F|93\/100\n|move|p2a: Zapdos|Defog|p1a: Hydreigon\n|-unboost|p1a: Hydreigon|evasion|1\n|\n|-heal|p1a: Hydreigon|99\/100|[from] item: Leftovers\n|upkeep\n|turn|18\n|\n|t:|1701142678\n|move|p1a: Hydreigon|Dark Pulse|p2a: Zapdos\n|-crit|p2a: Zapdos\n|-damage|p2a: Zapdos|51\/100\n|move|p2a: Zapdos|Hurricane|p1a: Hydreigon\n|-damage|p1a: Hydreigon|69\/100\n|\n|-heal|p1a: Hydreigon|75\/100|[from] item: Leftovers\n|upkeep\n|turn|19\n|\n|t:|1701142684\n|move|p1a: Hydreigon|Dark Pulse|p2a: Zapdos\n|-damage|p2a: Zapdos|17\/100\n|move|p2a: Zapdos|Roost|p2a: Zapdos\n|-heal|p2a: Zapdos|67\/100\n|-singleturn|p2a: Zapdos|move: Roost\n|\n|-heal|p1a: Hydreigon|81\/100|[from] item: Leftovers\n|upkeep\n|turn|20\n|\n|t:|1701142689\n|move|p1a: Hydreigon|Dark Pulse|p2a: Zapdos\n|-damage|p2a: Zapdos|34\/100\n|move|p2a: Zapdos|Roost|p2a: Zapdos\n|-heal|p2a: Zapdos|84\/100\n|-singleturn|p2a: Zapdos|move: Roost\n|\n|-heal|p1a: Hydreigon|87\/100|[from] item: Leftovers\n|upkeep\n|turn|21\n|\n|t:|1701142693\n|move|p1a: Hydreigon|Dark Pulse|p2a: Zapdos\n|-damage|p2a: Zapdos|49\/100\n|move|p2a: Zapdos|Volt Switch|p1a: Hydreigon\n|-resisted|p1a: Hydreigon\n|-damage|p1a: Hydreigon|76\/100\n|\n|t:|1701142696\n|switch|p2a: Zamazenta|Zamazenta|68\/100|[from] Volt Switch\n|\n|-heal|p1a: Hydreigon|82\/100|[from] item: Leftovers\n|upkeep\n|turn|22\n|\n|t:|1701142709\n|switch|p1a: Ferrothorn|Ferrothorn, F, tera:Ghost|48\/100\n|move|p2a: Zamazenta|Play Rough|p1a: Ferrothorn\n|-damage|p1a: Ferrothorn|22\/100\n|-damage|p2a: Zamazenta|56\/100|[from] ability: Iron Barbs|[of] p1a: Ferrothorn\n|\n|-heal|p1a: Ferrothorn|29\/100|[from] item: Leftovers\n|upkeep\n|turn|23\n|\n|t:|1701142719\n|move|p1a: Ferrothorn|Protect|p1a: Ferrothorn\n|-singleturn|p1a: Ferrothorn|Protect\n|move|p2a: Zamazenta|Play Rough|p1a: Ferrothorn\n|-activate|p1a: Ferrothorn|move: Protect\n|\n|-heal|p1a: Ferrothorn|35\/100|[from] item: Leftovers\n|upkeep\n|turn|24\n|\n|t:|1701142723\n|switch|p2a: Garganacl|Garganacl, F|76\/100\n|move|p1a: Ferrothorn|Leech Seed|p2a: Garganacl\n|-start|p2a: Garganacl|move: Leech Seed\n|\n|-heal|p2a: Garganacl|82\/100|[from] item: Leftovers\n|-heal|p1a: Ferrothorn|41\/100|[from] item: Leftovers\n|-damage|p2a: Garganacl|70\/100|[from] Leech Seed|[of] p1a: Ferrothorn\n|-heal|p1a: Ferrothorn|55\/100|[silent]\n|upkeep\n|turn|25\n|\n|t:|1701142729\n|move|p2a: Garganacl|Stealth Rock|p1a: Ferrothorn\n|-sidestart|p1: gobbyhappy1|move: Stealth Rock\n|move|p1a: Ferrothorn|Stealth Rock|p2a: Garganacl\n|-sidestart|p2: yunhaiyue|move: Stealth Rock\n|\n|-heal|p2a: Garganacl|76\/100|[from] item: Leftovers\n|-heal|p1a: Ferrothorn|62\/100|[from] item: Leftovers\n|-damage|p2a: Garganacl|63\/100|[from] Leech Seed|[of] p1a: Ferrothorn\n|-heal|p1a: Ferrothorn|76\/100|[silent]\n|upkeep\n|turn|26\n|\n|t:|1701142735\n|move|p1a: Ferrothorn|Protect|p1a: Ferrothorn\n|-singleturn|p1a: Ferrothorn|Protect\n|move|p2a: Garganacl|Recover|p2a: Garganacl\n|-heal|p2a: Garganacl|100\/100\n|\n|-heal|p1a: Ferrothorn|82\/100|[from] item: Leftovers\n|-damage|p2a: Garganacl|88\/100|[from] Leech Seed|[of] p1a: Ferrothorn\n|-heal|p1a: Ferrothorn|96\/100|[silent]\n|upkeep\n|turn|27\n|-message|yunhaiyue forfeited.\n|\n|win|gobbyhappy1\n|raw|gobbyhappy1's rating: 1649 &rarr; <strong>1663<\/strong><br \/>(+14 for winning)\n|raw|yunhaiyue's rating: 1550 &rarr; <strong>1536<\/strong><br \/>(-14 for losing)\n|l|\u2606yunhaiyue\n","uploadtime":1701142759,"views":1,"p1id":"gobbyhappy1","p2id":"yunhaiyue","formatid":"gen9nationaldex","rating":1536,"private":0,"password":""}