{"id":"gen9nationaldex-1989999185","p1":"YZY2013","p2":"imbleed","format":"[Gen 9] National Dex","log":"|j|\u2606YZY2013\n|j|\u2606imbleed\n|t:|1699913982\n|gametype|singles\n|player|p1|YZY2013|riley|1387\n|player|p2|imbleed|poppy|1506\n|teamsize|p1|6\n|teamsize|p2|6\n|gen|9\n|tier|[Gen 9] National Dex\n|rated|\n|rule|HP Percentage Mod: HP is shown in percentages\n|rule|Endless Battle Clause: Forcing endless battles is banned\n|rule|OHKO Clause: OHKO moves are banned\n|rule|Evasion Clause: Evasion abilities, items, and moves are banned\n|rule|Evasion Abilities Clause: Evasion abilities are banned\n|rule|Evasion Items Clause: Evasion items are banned\n|rule|Evasion Moves Clause: Evasion moves are banned\n|rule|Species Clause: Limit one of each Pok\u00e9mon\n|rule|Sleep Clause Mod: Limit one foe put to sleep\n|clearpoke\n|poke|p1|Cresselia, F|\n|poke|p1|Tapu Bulu|\n|poke|p1|Heatran, M|\n|poke|p1|Great Tusk|\n|poke|p1|Gyarados, M|\n|poke|p1|Iron Valiant|\n|poke|p2|Dusclops, M|\n|poke|p2|Arboliva, F|\n|poke|p2|Landorus-Therian, M|\n|poke|p2|Huntail, M|\n|poke|p2|Boltund, F|\n|poke|p2|Ribombee, M|\n|teampreview\n|j| Dark Umbreon 08\n|l| Dark Umbreon 08\n|j| kung fu pokechu\n|j| Lonsol\n|\n|t:|1699913999\n|start\n|switch|p1a: Heatran|Heatran, M|100\/100\n|switch|p2a: great tusk@home|Landorus-Therian, M|100\/100\n|-ability|p2a: great tusk@home|Intimidate|boost\n|-unboost|p1a: Heatran|atk|1\n|turn|1\n|\n|t:|1699914007\n|switch|p1a: Gyarados|Gyarados, M|100\/100\n|-ability|p1a: Gyarados|Intimidate|boost\n|-unboost|p2a: great tusk@home|atk|1\n|move|p2a: great tusk@home|Stealth Rock|p1a: Gyarados\n|-sidestart|p1: YZY2013|move: Stealth Rock\n|\n|upkeep\n|turn|2\n|\n|t:|1699914018\n|switch|p2a: no bee|Ribombee, M|100\/100\n|detailschange|p1a: Gyarados|Gyarados-Mega, M\n|-mega|p1a: Gyarados|Gyarados|Gyaradosite\n|-ability|p1a: Gyarados|Mold Breaker\n|move|p1a: Gyarados|Dragon Dance|p1a: Gyarados\n|-boost|p1a: Gyarados|atk|1\n|-boost|p1a: Gyarados|spe|1\n|\n|upkeep\n|turn|3\n|\n|t:|1699914036\n|switch|p1a: Heatran|Heatran, M|100\/100\n|-damage|p1a: Heatran|88\/100|[from] Stealth Rock\n|move|p2a: no bee|Moonblast|p1a: Heatran\n|-resisted|p1a: Heatran\n|-damage|p1a: Heatran|82\/100\n|\n|-heal|p1a: Heatran|89\/100|[from] item: Leftovers\n|upkeep\n|turn|4\n|\n|t:|1699914045\n|move|p2a: no bee|Sticky Web|p1a: Heatran\n|-sidestart|p1: YZY2013|move: Sticky Web\n|move|p1a: Heatran|Magma Storm|p2a: no bee\n|-supereffective|p2a: no bee\n|-enditem|p2a: no bee|Focus Sash\n|-damage|p2a: no bee|1\/100\n|-activate|p2a: no bee|move: Magma Storm|[of] p1a: Heatran\n|\n|-heal|p1a: Heatran|95\/100|[from] item: Leftovers\n|-damage|p2a: no bee|0 fnt|[from] move: Magma Storm|[partiallytrapped]\n|faint|p2a: no bee\n|upkeep\n|\n|t:|1699914050\n|switch|p2a: great tusk@home|Landorus-Therian, M|100\/100\n|-ability|p2a: great tusk@home|Intimidate|boost\n|-unboost|p1a: Heatran|atk|1\n|turn|5\n|\n|t:|1699914058\n|-terastallize|p1a: Heatran|Grass\n|-zpower|p2a: great tusk@home\n|move|p2a: great tusk@home|Continental Crush|p1a: Heatran|[zeffect]\n|-damage|p1a: Heatran|34\/100\n|move|p1a: Heatran|Toxic|p2a: great tusk@home\n|-status|p2a: great tusk@home|tox\n|\n|-heal|p1a: Heatran|40\/100|[from] item: Leftovers\n|-damage|p2a: great tusk@home|95\/100 tox|[from] psn\n|upkeep\n|turn|6\n|\n|t:|1699914073\n|move|p1a: Heatran|Protect|p1a: Heatran\n|-singleturn|p1a: Heatran|Protect\n|move|p2a: great tusk@home|Swords Dance|p2a: great tusk@home\n|-boost|p2a: great tusk@home|atk|2\n|\n|-heal|p1a: Heatran|47\/100|[from] item: Leftovers\n|-damage|p2a: great tusk@home|83\/100 tox|[from] psn\n|upkeep\n|turn|7\n|\n|t:|1699914081\n|move|p2a: great tusk@home|Earthquake|p1a: Heatran\n|-resisted|p1a: Heatran\n|-damage|p1a: Heatran|0 fnt\n|faint|p1a: Heatran\n|\n|-damage|p2a: great tusk@home|65\/100 tox|[from] psn\n|upkeep\n|\n|t:|1699914097\n|switch|p1a: Tapu Bulu|Tapu Bulu|100\/100\n|-damage|p1a: Tapu Bulu|88\/100|[from] Stealth Rock\n|-activate|p1a: Tapu Bulu|move: Sticky Web\n|-unboost|p1a: Tapu Bulu|spe|1\n|-fieldstart|move: Grassy Terrain|[from] ability: Grassy Surge|[of] p1a: Tapu Bulu\n|turn|8\n|\n|t:|1699914105\n|move|p2a: great tusk@home|Stone Edge|p1a: Tapu Bulu\n|-damage|p1a: Tapu Bulu|14\/100\n|move|p1a: Tapu Bulu|Horn Leech|p2a: great tusk@home\n|-damage|p2a: great tusk@home|1\/100 tox\n|-heal|p1a: Tapu Bulu|49\/100|[from] drain|[of] p2a: great tusk@home\n|\n|-heal|p1a: Tapu Bulu|56\/100|[from] Grassy Terrain\n|-heal|p1a: Tapu Bulu|62\/100|[from] item: Leftovers\n|-damage|p2a: great tusk@home|0 fnt|[from] psn\n|faint|p2a: great tusk@home\n|upkeep\n|\n|t:|1699914119\n|switch|p2a: very slow no?|Arboliva, F|100\/100\n|turn|9\n|\n|t:|1699914133\n|switch|p1a: Cresselia|Cresselia, F|100\/100\n|-damage|p1a: Cresselia|88\/100|[from] Stealth Rock\n|-enditem|p1a: Cresselia|Grassy Seed\n|-boost|p1a: Cresselia|def|1|[from] item: Grassy Seed\n|move|p2a: very slow no?|Tera Blast|p1a: Cresselia\n|-damage|p1a: Cresselia|57\/100\n|\n|upkeep\n|turn|10\n|\n|t:|1699914144\n|move|p1a: Cresselia|Moonlight|p1a: Cresselia\n|-heal|p1a: Cresselia|100\/100\n|move|p2a: very slow no?|Energy Ball|p1a: Cresselia\n|-damage|p1a: Cresselia|59\/100\n|\n|upkeep\n|turn|11\n|\n|t:|1699914155\n|switch|p2a: me clops|Dusclops, M|100\/100\n|-ability|p2a: me clops|Pressure\n|move|p1a: Cresselia|Calm Mind|p1a: Cresselia\n|-boost|p1a: Cresselia|spa|1\n|-boost|p1a: Cresselia|spd|1\n|\n|upkeep\n|turn|12\n|\n|t:|1699914164\n|move|p1a: Cresselia|Calm Mind|p1a: Cresselia\n|-boost|p1a: Cresselia|spa|1\n|-boost|p1a: Cresselia|spd|1\n|move|p2a: me clops|Toxic|p1a: Cresselia\n|-status|p1a: Cresselia|tox\n|\n|-damage|p1a: Cresselia|53\/100 tox|[from] psn\n|-fieldend|move: Grassy Terrain\n|upkeep\n|turn|13\n|\n|t:|1699914171\n|move|p1a: Cresselia|Calm Mind|p1a: Cresselia\n|-boost|p1a: Cresselia|spa|1\n|-boost|p1a: Cresselia|spd|1\n|move|p2a: me clops|Night Shade|p1a: Cresselia\n|-damage|p1a: Cresselia|31\/100 tox\n|\n|-damage|p1a: Cresselia|18\/100 tox|[from] psn\n|upkeep\n|turn|14\n|\n|t:|1699914178\n|move|p1a: Cresselia|Moonlight|p1a: Cresselia\n|-heal|p1a: Cresselia|68\/100 tox\n|move|p2a: me clops|Night Shade|p1a: Cresselia\n|-damage|p1a: Cresselia|45\/100 tox\n|\n|-damage|p1a: Cresselia|27\/100 tox|[from] psn\n|upkeep\n|turn|15\n|\n|t:|1699914181\n|move|p1a: Cresselia|Stored Power|p2a: me clops\n|-damage|p2a: me clops|49\/100\n|move|p2a: me clops|Haze|p2a: me clops\n|-clearallboost\n|\n|-damage|p1a: Cresselia|2\/100 tox|[from] psn\n|upkeep\n|turn|16\n|\n|t:|1699914190\n|move|p1a: Cresselia|Moonlight|p1a: Cresselia\n|-heal|p1a: Cresselia|52\/100 tox\n|move|p2a: me clops|Night Shade|p1a: Cresselia\n|-damage|p1a: Cresselia|29\/100 tox\n|\n|-damage|p1a: Cresselia|0 fnt|[from] psn\n|faint|p1a: Cresselia\n|upkeep\n|\n|t:|1699914198\n|switch|p1a: Great Tusk|Great Tusk|100\/100\n|-damage|p1a: Great Tusk|98\/100|[from] Stealth Rock\n|-activate|p1a: Great Tusk|move: Sticky Web\n|-unboost|p1a: Great Tusk|spe|1\n|turn|17\n|\n|t:|1699914206\n|move|p1a: Great Tusk|Headlong Rush|p2a: me clops\n|-damage|p2a: me clops|9\/100\n|-unboost|p1a: Great Tusk|def|1\n|-unboost|p1a: Great Tusk|spd|1\n|move|p2a: me clops|Pain Split|p1a: Great Tusk\n|-sethp|p1a: Great Tusk|52\/100|[from] move: Pain Split|[silent]\n|-sethp|p2a: me clops|68\/100|[from] move: Pain Split\n|\n|upkeep\n|turn|18\n|\n|t:|1699914223\n|-end|p1a: Great Tusk|Protosynthesis|[silent]\n|switch|p1a: Gyarados|Gyarados-Mega, M|100\/100\n|-damage|p1a: Gyarados|88\/100|[from] Stealth Rock\n|-activate|p1a: Gyarados|move: Sticky Web\n|-unboost|p1a: Gyarados|spe|1\n|-ability|p1a: Gyarados|Mold Breaker\n|move|p2a: me clops|Night Shade|p1a: Gyarados\n|-damage|p1a: Gyarados|58\/100\n|\n|upkeep\n|turn|19\n|\n|t:|1699914236\n|move|p1a: Gyarados|Crunch|p2a: me clops\n|-supereffective|p2a: me clops\n|-damage|p2a: me clops|4\/100\n|-unboost|p2a: me clops|def|1\n|move|p2a: me clops|Toxic|p1a: Gyarados|[miss]\n|-miss|p2a: me clops|p1a: Gyarados\n|\n|upkeep\n|turn|20\n|\n|t:|1699914243\n|move|p1a: Gyarados|Crunch|p2a: me clops\n|-supereffective|p2a: me clops\n|-damage|p2a: me clops|0 fnt\n|faint|p2a: me clops\n|\n|upkeep\n|\n|t:|1699914263\n|switch|p2a: dogwater|Boltund, F|100\/100\n|turn|21\n|\n|t:|1699914273\n|switch|p1a: Tapu Bulu|Tapu Bulu|62\/100\n|-damage|p1a: Tapu Bulu|49\/100|[from] Stealth Rock\n|-activate|p1a: Tapu Bulu|move: Sticky Web\n|-unboost|p1a: Tapu Bulu|spe|1\n|-fieldstart|move: Grassy Terrain|[from] ability: Grassy Surge|[of] p1a: Tapu Bulu\n|move|p2a: dogwater|Bulk Up|p2a: dogwater\n|-boost|p2a: dogwater|atk|1\n|-boost|p2a: dogwater|def|1\n|\n|-heal|p1a: Tapu Bulu|56\/100|[from] Grassy Terrain\n|-heal|p1a: Tapu Bulu|62\/100|[from] item: Leftovers\n|upkeep\n|turn|22\n|\n|t:|1699914285\n|move|p2a: dogwater|Fire Fang|p1a: Tapu Bulu\n|-supereffective|p1a: Tapu Bulu\n|-damage|p1a: Tapu Bulu|0 fnt\n|faint|p1a: Tapu Bulu\n|\n|upkeep\n|\n|t:|1699914288\n|switch|p1a: Great Tusk|Great Tusk|52\/100\n|-damage|p1a: Great Tusk|49\/100|[from] Stealth Rock\n|-activate|p1a: Great Tusk|move: Sticky Web\n|-unboost|p1a: Great Tusk|spe|1\n|turn|23\n|\n|t:|1699914304\n|-terastallize|p2a: dogwater|Ground\n|move|p2a: dogwater|Fire Fang|p1a: Great Tusk\n|-damage|p1a: Great Tusk|26\/100\n|move|p1a: Great Tusk|Rapid Spin|p2a: dogwater\n|-damage|p2a: dogwater|78\/100\n|-boost|p1a: Great Tusk|spe|1\n|-sideend|p1: YZY2013|Stealth Rock|[from] move: Rapid Spin|[of] p1a: Great Tusk\n|-sideend|p1: YZY2013|Sticky Web|[from] move: Rapid Spin|[of] p1a: Great Tusk\n|\n|-heal|p2a: dogwater|84\/100|[from] Grassy Terrain\n|-heal|p2a: dogwater|90\/100|[from] item: Leftovers\n|-heal|p1a: Great Tusk|32\/100|[from] Grassy Terrain\n|upkeep\n|turn|24\n|\n|t:|1699914317\n|move|p2a: dogwater|Bulk Up|p2a: dogwater\n|-boost|p2a: dogwater|atk|1\n|-boost|p2a: dogwater|def|1\n|-zpower|p1a: Great Tusk\n|move|p1a: Great Tusk|Subzero Slammer|p2a: dogwater|[zeffect]\n|-supereffective|p2a: dogwater\n|-damage|p2a: dogwater|0 fnt\n|faint|p2a: dogwater\n|\n|-heal|p1a: Great Tusk|39\/100|[from] Grassy Terrain\n|upkeep\n|\n|t:|1699914333\n|switch|p2a: very fast yes|Huntail, M|100\/100\n|turn|25\n|\n|t:|1699914340\n|move|p1a: Great Tusk|Headlong Rush|p2a: very fast yes\n|-damage|p2a: very fast yes|20\/100\n|-unboost|p1a: Great Tusk|def|1\n|-unboost|p1a: Great Tusk|spd|1\n|move|p2a: very fast yes|Shell Smash|p2a: very fast yes\n|-unboost|p2a: very fast yes|def|1\n|-unboost|p2a: very fast yes|spd|1\n|-boost|p2a: very fast yes|atk|2\n|-boost|p2a: very fast yes|spa|2\n|-boost|p2a: very fast yes|spe|2\n|\n|-heal|p2a: very fast yes|26\/100|[from] Grassy Terrain\n|-heal|p1a: Great Tusk|45\/100|[from] Grassy Terrain\n|-fieldend|move: Grassy Terrain\n|upkeep\n|turn|26\n|\n|t:|1699914362\n|move|p2a: very fast yes|Waterfall|p1a: Great Tusk\n|-supereffective|p1a: Great Tusk\n|-damage|p1a: Great Tusk|0 fnt\n|faint|p1a: Great Tusk\n|-end|p1a: Great Tusk|Protosynthesis|[silent]\n|\n|upkeep\n|\n|t:|1699914364\n|switch|p1a: Iron Valiant|Iron Valiant|100\/100\n|-enditem|p1a: Iron Valiant|Booster Energy\n|-activate|p1a: Iron Valiant|ability: Quark Drive|[fromitem]\n|-start|p1a: Iron Valiant|quarkdrivespe\n|turn|27\n|\n|t:|1699914371\n|move|p1a: Iron Valiant|Thunderbolt|p2a: very fast yes\n|-supereffective|p2a: very fast yes\n|-damage|p2a: very fast yes|0 fnt\n|faint|p2a: very fast yes\n|\n|upkeep\n|\n|t:|1699914373\n|switch|p2a: very slow no?|Arboliva, F|100\/100\n|turn|28\n|\n|t:|1699914380\n|move|p1a: Iron Valiant|Moonblast|p2a: very slow no?\n|-damage|p2a: very slow no?|62\/100\n|-unboost|p2a: very slow no?|spa|1\n|move|p2a: very slow no?|Energy Ball|p1a: Iron Valiant\n|-damage|p1a: Iron Valiant|38\/100\n|-unboost|p1a: Iron Valiant|spd|1\n|\n|upkeep\n|turn|29\n|\n|t:|1699914389\n|move|p1a: Iron Valiant|Moonblast|p2a: very slow no?\n|-damage|p2a: very slow no?|19\/100\n|move|p2a: very slow no?|Energy Ball|p1a: Iron Valiant\n|-damage|p1a: Iron Valiant|0 fnt\n|faint|p1a: Iron Valiant\n|-end|p1a: Iron Valiant|Quark Drive|[silent]\n|\n|upkeep\n|\n|t:|1699914397\n|switch|p1a: Gyarados|Gyarados-Mega, M|58\/100\n|-ability|p1a: Gyarados|Mold Breaker\n|turn|30\n|-enditem|p2a: very slow no?|Custap Berry|[eat]\n|-activate|p2a: very slow no?|item: Custap Berry|[consumed]\n|\n|t:|1699914404\n|move|p2a: very slow no?|Energy Ball|p1a: Gyarados\n|-supereffective|p1a: Gyarados\n|-damage|p1a: Gyarados|9\/100\n|-unboost|p1a: Gyarados|spd|1\n|move|p1a: Gyarados|Crunch|p2a: very slow no?\n|-damage|p2a: very slow no?|0 fnt\n|faint|p2a: very slow no?\n|\n|win|YZY2013\n|raw|YZY2013's rating: 1387 &rarr; <strong>1414<\/strong><br \/>(+27 for winning)\n|raw|imbleed's rating: 1506 &rarr; <strong>1479<\/strong><br \/>(-27 for losing)\n|l|\u2606YZY2013\n","uploadtime":1699914424,"views":5,"p1id":"yzy2013","p2id":"imbleed","formatid":"gen9nationaldex","rating":1414,"private":0,"password":""}