{"id":"gen9nationaldex-1998361682","p1":"Sleym","p2":"1nfuseddd","format":"[Gen 9] National Dex","log":"|html|<div class=\"broadcast-blue\"><strong>[Gen 9] National Dex is currently suspecting Sneasler! For information on how to participate check out the <a href=\"https:\/\/www.smogon.com\/forums\/threads\/sv-national-dex-suspect-8-just-dance.3731534\/\">suspect thread<\/a>.<\/strong><\/div>\n|j|\u2606Sleym\n|j|\u26061nfuseddd\n|t:|1700933808\n|gametype|singles\n|player|p1|Sleym|cynthia|\n|player|p2|1nfuseddd|hilda-wonderlauncher|\n|teamsize|p1|6\n|teamsize|p2|6\n|gen|9\n|tier|[Gen 9] National Dex\n|rule|HP Percentage Mod: HP is shown in percentages\n|rule|Endless Battle Clause: Forcing endless battles is banned\n|rule|OHKO Clause: OHKO moves are banned\n|rule|Evasion Clause: Evasion abilities, items, and moves are banned\n|rule|Evasion Abilities Clause: Evasion abilities are banned\n|rule|Evasion Items Clause: Evasion items are banned\n|rule|Evasion Moves Clause: Evasion moves are banned\n|rule|Species Clause: Limit one of each Pok\u00e9mon\n|rule|Sleep Clause Mod: Limit one foe put to sleep\n|clearpoke\n|poke|p1|Clodsire, F|\n|poke|p1|Camerupt, F|\n|poke|p1|Torterra, F|\n|poke|p1|Sandy Shocks|\n|poke|p1|Steelix, M|\n|poke|p1|Garchomp, F|\n|poke|p2|Manectric, M|\n|poke|p2|Electivire, F|\n|poke|p2|Luxray, F|\n|poke|p2|Jolteon, F|\n|poke|p2|Dracozolt|\n|poke|p2|Rotom-Wash|\n|teampreview\n|\n|t:|1700933818\n|start\n|switch|p1a: Clodsire|Clodsire, F|100\/100\n|switch|p2a: Manectric|Manectric, M|100\/100\n|turn|1\n|\n|t:|1700933828\n|detailschange|p2a: Manectric|Manectric-Mega, M\n|-mega|p2a: Manectric|Manectric|Manectite\n|-ability|p2a: Manectric|Intimidate|boost\n|-unboost|p1a: Clodsire|atk|1\n|move|p2a: Manectric|Flamethrower|p1a: Clodsire\n|-damage|p1a: Clodsire|71\/100\n|move|p1a: Clodsire|Earthquake|p2a: Manectric\n|-supereffective|p2a: Manectric\n|-damage|p2a: Manectric|30\/100\n|\n|upkeep\n|turn|2\n|\n|t:|1700933838\n|move|p2a: Manectric|Flamethrower|p1a: Clodsire\n|-damage|p1a: Clodsire|46\/100\n|move|p1a: Clodsire|Earthquake|p2a: Manectric\n|-supereffective|p2a: Manectric\n|-damage|p2a: Manectric|0 fnt\n|faint|p2a: Manectric\n|\n|upkeep\n|\n|t:|1700933851\n|switch|p2a: Dracozolt|Dracozolt|100\/100\n|turn|3\n|\n|t:|1700933858\n|move|p2a: Dracozolt|Outrage|p1a: Clodsire\n|-damage|p1a: Clodsire|0 fnt\n|faint|p1a: Clodsire\n|-damage|p2a: Dracozolt|91\/100|[from] item: Life Orb\n|\n|upkeep\n|\n|t:|1700933864\n|switch|p1a: Garchomp|Garchomp, F|100\/100\n|turn|4\n|\n|t:|1700933868\n|move|p2a: Dracozolt|Outrage|p1a: Garchomp|[from]lockedmove\n|-supereffective|p1a: Garchomp\n|-damage|p1a: Garchomp|0 fnt\n|-damage|p2a: Dracozolt|78\/100|[from] ability: Rough Skin|[of] p1a: Garchomp\n|faint|p1a: Garchomp\n|-damage|p2a: Dracozolt|68\/100|[from] item: Life Orb\n|-start|p2a: Dracozolt|confusion|[fatigue]\n|\n|upkeep\n|\n|t:|1700933883\n|switch|p1a: Torterra|Torterra, F, shiny|100\/100\n|turn|5\n|\n|t:|1700933890\n|-activate|p2a: Dracozolt|confusion\n|move|p2a: Dracozolt|Outrage|p1a: Torterra\n|-damage|p1a: Torterra|0 fnt\n|faint|p1a: Torterra\n|-damage|p2a: Dracozolt|58\/100|[from] item: Life Orb\n|\n|upkeep\n|\n|t:|1700933897\n|switch|p1a: Steelix|Steelix, M, shiny|100\/100\n|turn|6\n|\n|t:|1700933904\n|-activate|p2a: Dracozolt|confusion\n|move|p2a: Dracozolt|Outrage|p1a: Steelix|[from]lockedmove\n|-resisted|p1a: Steelix\n|-damage|p1a: Steelix|67\/100\n|-damage|p2a: Dracozolt|48\/100|[from] item: Life Orb\n|move|p1a: Steelix|Earthquake|p2a: Dracozolt\n|-supereffective|p2a: Dracozolt\n|-damage|p2a: Dracozolt|0 fnt\n|faint|p2a: Dracozolt\n|\n|upkeep\n|\n|t:|1700933922\n|switch|p2a: Rotom|Rotom-Wash|100\/100\n|turn|7\n|\n|t:|1700933928\n|switch|p1a: Sandy Shocks|Sandy Shocks|100\/100\n|move|p2a: Rotom|Hydro Pump|p1a: Sandy Shocks|[miss]\n|-miss|p2a: Rotom|p1a: Sandy Shocks\n|\n|upkeep\n|turn|8\n|\n|t:|1700933941\n|move|p2a: Rotom|Volt Switch|p1a: Sandy Shocks\n|-immune|p1a: Sandy Shocks\n|move|p1a: Sandy Shocks|Thunderbolt|p2a: Rotom\n|-damage|p2a: Rotom|52\/100\n|\n|upkeep\n|turn|9\n|\n|t:|1700933951\n|switch|p2a: Electivire|Electivire, F|100\/100\n|move|p1a: Sandy Shocks|Light Screen|p1a: Sandy Shocks\n|-sidestart|p1: Sleym|move: Light Screen\n|\n|upkeep\n|turn|10\n|\n|t:|1700933957\n|move|p2a: Electivire|Ice Punch|p1a: Sandy Shocks\n|-supereffective|p1a: Sandy Shocks\n|-damage|p1a: Sandy Shocks|48\/100\n|move|p1a: Sandy Shocks|Earthquake|p2a: Electivire\n|-supereffective|p2a: Electivire\n|-damage|p2a: Electivire|11\/100\n|\n|upkeep\n|turn|11\n|\n|t:|1700933969\n|-end|p1a: Sandy Shocks|Protosynthesis|[silent]\n|switch|p1a: Steelix|Steelix, M, shiny|67\/100\n|move|p2a: Electivire|Ice Punch|p1a: Steelix\n|-damage|p1a: Steelix|52\/100\n|\n|upkeep\n|turn|12\n|\n|t:|1700933978\n|switch|p2a: Rotom|Rotom-Wash|52\/100\n|move|p1a: Steelix|Earthquake|p2a: Rotom\n|-immune|p2a: Rotom|[from] ability: Levitate\n|\n|upkeep\n|turn|13\n|\n|t:|1700933989\n|move|p2a: Rotom|Hydro Pump|p1a: Steelix\n|-supereffective|p1a: Steelix\n|-damage|p1a: Steelix|0 fnt\n|faint|p1a: Steelix\n|\n|-sideend|p1: Sleym|move: Light Screen\n|upkeep\n|\n|t:|1700933996\n|switch|p1a: Sandy Shocks|Sandy Shocks|48\/100\n|turn|14\n|\n|t:|1700934000\n|switch|p2a: Electivire|Electivire, F|11\/100\n|move|p1a: Sandy Shocks|Thunderbolt|p2a: Electivire\n|-ability|p2a: Electivire|Motor Drive|boost\n|-boost|p2a: Electivire|spe|1\n|\n|upkeep\n|turn|15\n|\n|t:|1700934008\n|-end|p1a: Sandy Shocks|Protosynthesis|[silent]\n|switch|p1a: Camerupt|Camerupt, F, shiny|100\/100\n|move|p2a: Electivire|Ice Punch|p1a: Camerupt\n|-damage|p1a: Camerupt|70\/100\n|\n|upkeep\n|turn|16\n|\n|t:|1700934022\n|detailschange|p1a: Camerupt|Camerupt-Mega, F, shiny\n|-mega|p1a: Camerupt|Camerupt|Cameruptite\n|move|p2a: Electivire|Ice Punch|p1a: Camerupt\n|-damage|p1a: Camerupt|46\/100\n|move|p1a: Camerupt|Ancient Power|p2a: Electivire\n|-damage|p2a: Electivire|0 fnt\n|faint|p2a: Electivire\n|\n|upkeep\n|\n|t:|1700934032\n|switch|p2a: Luxray|Luxray, F|100\/100\n|turn|17\n|\n|t:|1700934037\n|move|p2a: Luxray|Superpower|p1a: Camerupt\n|-damage|p1a: Camerupt|10\/100\n|-unboost|p2a: Luxray|atk|1\n|-unboost|p2a: Luxray|def|1\n|move|p1a: Camerupt|Earthquake|p2a: Luxray\n|-supereffective|p2a: Luxray\n|-damage|p2a: Luxray|0 fnt\n|faint|p2a: Luxray\n|\n|upkeep\n|\n|t:|1700934047\n|switch|p2a: Jolteon|Jolteon, F|100\/100\n|turn|18\n|\n|t:|1700934059\n|move|p2a: Jolteon|Discharge|p1a: Camerupt\n|-immune|p1a: Camerupt\n|move|p1a: Camerupt|Earthquake|p2a: Jolteon\n|-supereffective|p2a: Jolteon\n|-damage|p2a: Jolteon|0 fnt\n|faint|p2a: Jolteon\n|\n|upkeep\n|\n|t:|1700934068\n|switch|p2a: Rotom|Rotom-Wash|52\/100\n|turn|19\n|\n|t:|1700934074\n|move|p2a: Rotom|Hydro Pump|p1a: Camerupt\n|-supereffective|p1a: Camerupt\n|-crit|p1a: Camerupt\n|-damage|p1a: Camerupt|0 fnt\n|faint|p1a: Camerupt\n|\n|upkeep\n|\n|t:|1700934080\n|switch|p1a: Sandy Shocks|Sandy Shocks|48\/100\n|turn|20\n|\n|t:|1700934083\n|move|p2a: Rotom|Hydro Pump|p1a: Sandy Shocks\n|-supereffective|p1a: Sandy Shocks\n|-crit|p1a: Sandy Shocks\n|-damage|p1a: Sandy Shocks|0 fnt\n|faint|p1a: Sandy Shocks\n|-end|p1a: Sandy Shocks|Protosynthesis|[silent]\n|\n|win|1nfuseddd\n","uploadtime":1700934152,"views":11,"p1id":"sleym","p2id":"1nfuseddd","formatid":"gen9nationaldex","rating":0,"private":0,"password":""}