{"id":"gen9nationaldex-1995706297","p1":"apheliodiomycota","p2":"kenshiro33","format":"[Gen 9] National Dex","log":"|html|<div class=\"broadcast-blue\"><strong>[Gen 9] National Dex is currently suspecting Sneasler! For information on how to participate check out the <a href=\"https:\/\/www.smogon.com\/forums\/threads\/sv-national-dex-suspect-8-just-dance.3731534\/\">suspect thread<\/a>.<\/strong><\/div>\n|j|\u2606apheliodiomycota\n|j|\u2606kenshiro33\n|t:|1700595648\n|gametype|singles\n|player|p1|apheliodiomycota|1|1418\n|player|p2|kenshiro33|169|1392\n|teamsize|p1|6\n|teamsize|p2|6\n|gen|9\n|tier|[Gen 9] National Dex\n|rated|\n|rule|HP Percentage Mod: HP is shown in percentages\n|rule|Endless Battle Clause: Forcing endless battles is banned\n|rule|OHKO Clause: OHKO moves are banned\n|rule|Evasion Clause: Evasion abilities, items, and moves are banned\n|rule|Evasion Abilities Clause: Evasion abilities are banned\n|rule|Evasion Items Clause: Evasion items are banned\n|rule|Evasion Moves Clause: Evasion moves are banned\n|rule|Species Clause: Limit one of each Pok\u00e9mon\n|rule|Sleep Clause Mod: Limit one foe put to sleep\n|clearpoke\n|poke|p1|Gardevoir, F|\n|poke|p1|Ferrothorn, M|\n|poke|p1|Tyranitar, F|\n|poke|p1|Tapu Lele|\n|poke|p1|Heatran, F|\n|poke|p1|Gliscor, M|\n|poke|p2|Chandelure, M|\n|poke|p2|Porygon2|\n|poke|p2|Great Tusk|\n|poke|p2|Ditto|\n|poke|p2|Sneasler, F|\n|poke|p2|Masquerain, F|\n|teampreview\n|inactive|Battle timer is ON: inactive players will automatically lose when time's up. (requested by apheliodiomycota)\n|\n|t:|1700595671\n|start\n|switch|p1a: Tapu Lele|Tapu Lele|100\/100\n|switch|p2a: Masquerain|Masquerain, F|100\/100\n|-fieldstart|move: Psychic Terrain|[from] ability: Psychic Surge|[of] p1a: Tapu Lele\n|-ability|p2a: Masquerain|Intimidate|boost\n|-unboost|p1a: Tapu Lele|atk|1\n|turn|1\n|\n|t:|1700595695\n|move|p1a: Tapu Lele|Psychic|p2a: Masquerain\n|-damage|p2a: Masquerain|11\/100\n|move|p2a: Masquerain|U-turn|p1a: Tapu Lele\n|-damage|p1a: Tapu Lele|68\/100\n|inactive|kenshiro33 has 120 seconds left.\n|\n|t:|1700595712\n|switch|p2a: Sneasler|Sneasler, F|100\/100|[from] U-turn\n|\n|upkeep\n|turn|2\n|inactive|kenshiro33 has 120 seconds left.\n|\n|t:|1700595723\n|switch|p2a: Porygon2|Porygon2|100\/100\n|-ability|p2a: Porygon2|Psychic Surge|[from] ability: Trace|[of] p1a: Tapu Lele\n|move|p1a: Tapu Lele|Psychic|p2a: Porygon2\n|-damage|p2a: Porygon2|64\/100\n|\n|upkeep\n|turn|3\n|\n|t:|1700595732\n|move|p1a: Tapu Lele|Psychic|p2a: Porygon2\n|-damage|p2a: Porygon2|32\/100\n|move|p2a: Porygon2|Recover|p2a: Porygon2\n|-heal|p2a: Porygon2|82\/100\n|\n|upkeep\n|turn|4\n|\n|t:|1700595738\n|switch|p1a: Tyranitar|Tyranitar, F|100\/100\n|-weather|Sandstorm|[from] ability: Sand Stream|[of] p1a: Tyranitar\n|move|p2a: Porygon2|Discharge|p1a: Tyranitar\n|-damage|p1a: Tyranitar|87\/100\n|\n|-weather|Sandstorm|[upkeep]\n|-damage|p2a: Porygon2|76\/100|[from] Sandstorm\n|upkeep\n|turn|5\n|\n|t:|1700595750\n|switch|p2a: Great Tusk|Great Tusk|100\/100\n|move|p1a: Tyranitar|Knock Off|p2a: Great Tusk\n|-resisted|p2a: Great Tusk\n|-damage|p2a: Great Tusk|70\/100\n|-enditem|p2a: Great Tusk|Heavy-Duty Boots|[from] move: Knock Off|[of] p1a: Tyranitar\n|\n|-weather|Sandstorm|[upkeep]\n|-fieldend|move: Psychic Terrain\n|upkeep\n|turn|6\n|\n|t:|1700595761\n|switch|p1a: Ferrothorn|Ferrothorn, M|100\/100\n|move|p2a: Great Tusk|Stealth Rock|p1a: Ferrothorn\n|-sidestart|p1: apheliodiomycota|move: Stealth Rock\n|\n|-weather|Sandstorm|[upkeep]\n|upkeep\n|turn|7\n|\n|t:|1700595779\n|-end|p2a: Great Tusk|Protosynthesis|[silent]\n|switch|p2a: Chandelure|Chandelure, M|100\/100\n|move|p1a: Ferrothorn|Leech Seed|p2a: Chandelure\n|-start|p2a: Chandelure|move: Leech Seed\n|\n|-weather|Sandstorm|[upkeep]\n|-damage|p2a: Chandelure|94\/100|[from] Sandstorm\n|-damage|p2a: Chandelure|82\/100|[from] Leech Seed|[of] p1a: Ferrothorn\n|upkeep\n|turn|8\n|\n|t:|1700595790\n|switch|p2a: Masquerain|Masquerain, F|11\/100\n|-ability|p2a: Masquerain|Intimidate|boost\n|-unboost|p1a: Ferrothorn|atk|1\n|switch|p1a: Heatran|Heatran, F|100\/100\n|-damage|p1a: Heatran|88\/100|[from] Stealth Rock\n|\n|-weather|none\n|upkeep\n|turn|9\n|\n|t:|1700595798\n|move|p2a: Masquerain|Sticky Web|p1a: Heatran\n|-sidestart|p1: apheliodiomycota|move: Sticky Web\n|move|p1a: Heatran|Flash Cannon|p2a: Masquerain\n|-crit|p2a: Masquerain\n|-damage|p2a: Masquerain|0 fnt\n|faint|p2a: Masquerain\n|\n|upkeep\n|inactive|kenshiro33 has 120 seconds left.\n|\n|t:|1700595823\n|switch|p2a: Sneasler|Sneasler, F|100\/100\n|turn|10\n|inactive|kenshiro33 has 120 seconds left.\n|\n|t:|1700595836\n|switch|p1a: Gliscor|Gliscor, M|100\/100\n|-damage|p1a: Gliscor|88\/100|[from] Stealth Rock\n|move|p2a: Sneasler|U-turn|p1a: Gliscor\n|-resisted|p1a: Gliscor\n|-damage|p1a: Gliscor|76\/100\n|\n|t:|1700595863\n|switch|p2a: Chandelure|Chandelure, M|82\/100|[from] U-turn\n|\n|-status|p1a: Gliscor|tox|[from] item: Toxic Orb\n|upkeep\n|turn|11\n|\n|t:|1700595869\n|switch|p1a: Heatran|Heatran, F|88\/100\n|-damage|p1a: Heatran|76\/100|[from] Stealth Rock\n|-activate|p1a: Heatran|move: Sticky Web\n|-unboost|p1a: Heatran|spe|1\n|move|p2a: Chandelure|Hex|p1a: Heatran\n|-damage|p1a: Heatran|35\/100\n|\n|upkeep\n|turn|12\n|\n|t:|1700595876\n|switch|p1a: Tyranitar|Tyranitar, F|87\/100\n|-damage|p1a: Tyranitar|75\/100|[from] Stealth Rock\n|-activate|p1a: Tyranitar|move: Sticky Web\n|-unboost|p1a: Tyranitar|spe|1\n|-weather|Sandstorm|[from] ability: Sand Stream|[of] p1a: Tyranitar\n|move|p2a: Chandelure|Hex|p1a: Tyranitar\n|-resisted|p1a: Tyranitar\n|-damage|p1a: Tyranitar|61\/100\n|\n|-weather|Sandstorm|[upkeep]\n|-damage|p2a: Chandelure|76\/100|[from] Sandstorm\n|upkeep\n|turn|13\n|inactive|kenshiro33 has 90 seconds left.\n|\n|t:|1700595908\n|-terastallize|p2a: Chandelure|Grass\n|move|p2a: Chandelure|Energy Ball|p1a: Tyranitar\n|-supereffective|p1a: Tyranitar\n|-damage|p1a: Tyranitar|0 fnt\n|faint|p1a: Tyranitar\n|\n|-weather|Sandstorm|[upkeep]\n|-damage|p2a: Chandelure|70\/100|[from] Sandstorm\n|upkeep\n|\n|t:|1700595918\n|switch|p1a: Gliscor|Gliscor, M|76\/100 tox\n|-damage|p1a: Gliscor|64\/100 tox|[from] Stealth Rock\n|turn|14\n|\n|t:|1700595923\n|move|p2a: Chandelure|Hex|p1a: Gliscor\n|-damage|p1a: Gliscor|0 fnt\n|faint|p1a: Gliscor\n|\n|-weather|Sandstorm|[upkeep]\n|-damage|p2a: Chandelure|64\/100|[from] Sandstorm\n|upkeep\n|-message|apheliodiomycota forfeited.\n|\n|win|kenshiro33\n|raw|apheliodiomycota's rating: 1418 &rarr; <strong>1397<\/strong><br \/>(-21 for losing)\n|raw|kenshiro33's rating: 1392 &rarr; <strong>1413<\/strong><br \/>(+21 for winning)\n|l|\u2606apheliodiomycota\n","uploadtime":1700595933,"views":2,"p1id":"apheliodiomycota","p2id":"kenshiro33","formatid":"gen9nationaldex","rating":1397,"private":0,"password":""}