{"id":"gen9nationaldex-1987450269","p1":"CL1MBINGUPTHEWALLS","p2":"TheQuobGobbler","format":"[Gen 9] National Dex","log":"|j|\u2606CL1MBINGUPTHEWALLS\n|j|\u2606TheQuobGobbler\n|t:|1699593404\n|gametype|singles\n|player|p1|CL1MBINGUPTHEWALLS|fennel|1126\n|player|p2|TheQuobGobbler|ghetsis|1077\n|teamsize|p1|6\n|teamsize|p2|6\n|gen|9\n|tier|[Gen 9] National Dex\n|rated|\n|rule|HP Percentage Mod: HP is shown in percentages\n|rule|Endless Battle Clause: Forcing endless battles is banned\n|rule|OHKO Clause: OHKO moves are banned\n|rule|Evasion Clause: Evasion abilities, items, and moves are banned\n|rule|Evasion Abilities Clause: Evasion abilities are banned\n|rule|Evasion Items Clause: Evasion items are banned\n|rule|Evasion Moves Clause: Evasion moves are banned\n|rule|Species Clause: Limit one of each Pok\u00e9mon\n|rule|Sleep Clause Mod: Limit one foe put to sleep\n|clearpoke\n|poke|p1|Tapu Koko|\n|poke|p1|Sneasler, F|\n|poke|p1|Cloyster, M|\n|poke|p1|Landorus-Therian, M|\n|poke|p1|Jirachi|\n|poke|p1|Dragonite, M|\n|poke|p2|Salazzle, F|\n|poke|p2|Magnemite, L1|\n|poke|p2|Probopass, L2, F|\n|poke|p2|Mandibuzz, F|\n|poke|p2|Nosepass, L1, F|\n|poke|p2|Tentacruel, F|\n|teampreview\n|c|\u2606TheQuobGobbler|2\n|inactive|Battle timer is ON: inactive players will automatically lose when time's up. (requested by CL1MBINGUPTHEWALLS)\n|inactive|TheQuobGobbler has 120 seconds left.\n|\n|t:|1699593436\n|start\n|switch|p1a: Landorus|Landorus-Therian, M, shiny|100\/100\n|switch|p2a: Sh\ud83d\udca9tsquid|Tentacruel, F|100\/100\n|-ability|p1a: Landorus|Intimidate|boost\n|-fail|p2a: Sh\ud83d\udca9tsquid|unboost|[from] ability: Clear Body|[of] p2a: Sh\ud83d\udca9tsquid\n|turn|1\n|\n|t:|1699593440\n|move|p2a: Sh\ud83d\udca9tsquid|Scald|p1a: Landorus\n|-supereffective|p1a: Landorus\n|-damage|p1a: Landorus|43\/100\n|move|p1a: Landorus|Stealth Rock|p2a: Sh\ud83d\udca9tsquid\n|-sidestart|p2: TheQuobGobbler|move: Stealth Rock\n|\n|upkeep\n|turn|2\n|\n|t:|1699593446\n|move|p2a: Sh\ud83d\udca9tsquid|Scald|p1a: Landorus\n|-supereffective|p1a: Landorus\n|-damage|p1a: Landorus|0 fnt\n|faint|p1a: Landorus\n|\n|upkeep\n|\n|t:|1699593448\n|switch|p1a: Tapu Koko|Tapu Koko, shiny|100\/100\n|-fieldstart|move: Electric Terrain|[from] ability: Electric Surge|[of] p1a: Tapu Koko\n|turn|3\n|\n|t:|1699593451\n|move|p1a: Tapu Koko|Volt Switch|p2a: Sh\ud83d\udca9tsquid\n|-supereffective|p2a: Sh\ud83d\udca9tsquid\n|-damage|p2a: Sh\ud83d\udca9tsquid|44\/100\n|\n|t:|1699593454\n|switch|p1a: Cloyster|Cloyster, M, shiny|100\/100|[from] Volt Switch\n|move|p2a: Sh\ud83d\udca9tsquid|Rapid Spin|p1a: Cloyster\n|-damage|p1a: Cloyster|94\/100\n|-boost|p2a: Sh\ud83d\udca9tsquid|spe|1\n|-sideend|p2: TheQuobGobbler|Stealth Rock|[from] move: Rapid Spin|[of] p2a: Sh\ud83d\udca9tsquid\n|\n|-heal|p2a: Sh\ud83d\udca9tsquid|50\/100|[from] item: Leftovers\n|upkeep\n|turn|4\n|\n|t:|1699593459\n|move|p2a: Sh\ud83d\udca9tsquid|Toxic|p1a: Cloyster\n|-status|p1a: Cloyster|tox\n|move|p1a: Cloyster|Shell Smash|p1a: Cloyster\n|-unboost|p1a: Cloyster|def|1\n|-unboost|p1a: Cloyster|spd|1\n|-boost|p1a: Cloyster|atk|2\n|-boost|p1a: Cloyster|spa|2\n|-boost|p1a: Cloyster|spe|2\n|\n|-heal|p2a: Sh\ud83d\udca9tsquid|57\/100|[from] item: Leftovers\n|-damage|p1a: Cloyster|88\/100 tox|[from] psn\n|upkeep\n|turn|5\n|\n|t:|1699593464\n|move|p2a: Sh\ud83d\udca9tsquid|Scald|p1a: Cloyster\n|-resisted|p1a: Cloyster\n|-damage|p1a: Cloyster|41\/100 tox\n|move|p1a: Cloyster|Rock Blast|p2a: Sh\ud83d\udca9tsquid|[miss]\n|-miss|p1a: Cloyster|p2a: Sh\ud83d\udca9tsquid\n|\n|-heal|p2a: Sh\ud83d\udca9tsquid|63\/100|[from] item: Leftovers\n|-damage|p1a: Cloyster|29\/100 tox|[from] psn\n|upkeep\n|turn|6\n|c|\u2606TheQuobGobbler|lol\n|-message|CL1MBINGUPTHEWALLS forfeited.\n|\n|win|TheQuobGobbler\n|raw|CL1MBINGUPTHEWALLS's rating: 1126 &rarr; <strong>1100<\/strong><br \/>(-26 for losing)\n|raw|TheQuobGobbler's rating: 1106 &rarr; <strong>1132<\/strong><br \/>(+26 for winning)\n|l|\u2606CL1MBINGUPTHEWALLS\n","uploadtime":1699593475,"views":4,"p1id":"cl1mbingupthewalls","p2id":"thequobgobbler","formatid":"gen9nationaldex","rating":1100,"private":0,"password":""}