{"id":"gen9nationaldex-1992658175","p1":"ouxiaonengshou","p2":"InnateAzucarado","format":"[Gen 9] National Dex","log":"|j|\u2606ouxiaonengshou\n|j|\u2606InnateAzucarado\n|t:|1700221503\n|gametype|singles\n|player|p1|ouxiaonengshou|iris-gen5bw2|1086\n|player|p2|InnateAzucarado|hilbert|1000\n|teamsize|p1|6\n|teamsize|p2|6\n|gen|9\n|tier|[Gen 9] National Dex\n|rated|\n|rule|HP Percentage Mod: HP is shown in percentages\n|rule|Endless Battle Clause: Forcing endless battles is banned\n|rule|OHKO Clause: OHKO moves are banned\n|rule|Evasion Clause: Evasion abilities, items, and moves are banned\n|rule|Evasion Abilities Clause: Evasion abilities are banned\n|rule|Evasion Items Clause: Evasion items are banned\n|rule|Evasion Moves Clause: Evasion moves are banned\n|rule|Species Clause: Limit one of each Pok\u00e9mon\n|rule|Sleep Clause Mod: Limit one foe put to sleep\n|clearpoke\n|poke|p1|Sudowoodo, M|\n|poke|p1|Shiftry, M|\n|poke|p1|Corviknight, F|\n|poke|p1|Swampert, F|\n|poke|p1|Pelipper, M|\n|poke|p1|Ogerpon, F|\n|poke|p2|Forretress, M|\n|poke|p2|Blaziken, M|\n|poke|p2|Swampert, M|\n|poke|p2|Pelipper, M|\n|poke|p2|Murkrow, F|\n|poke|p2|Serperior, F|\n|teampreview\n|inactive|Battle timer is ON: inactive players will automatically lose when time's up. (requested by ouxiaonengshou)\n|\n|t:|1700221510\n|start\n|switch|p1a: Shiftry|Shiftry, M, shiny|100\/100\n|switch|p2a: Forretress|Forretress, M|100\/100\n|turn|1\n|\n|t:|1700221518\n|move|p1a: Shiftry|Heat Wave|p2a: Forretress\n|-supereffective|p2a: Forretress\n|-damage|p2a: Forretress|0 fnt\n|faint|p2a: Forretress\n|\n|upkeep\n|\n|t:|1700221529\n|switch|p2a: Blaziken|Blaziken, M|100\/100\n|turn|2\n|\n|t:|1700221535\n|move|p2a: Blaziken|Protect|p2a: Blaziken\n|-singleturn|p2a: Blaziken|Protect\n|move|p1a: Shiftry|Tailwind|p1a: Shiftry\n|-sidestart|p1: ouxiaonengshou|move: Tailwind\n|-ability|p1a: Shiftry|Wind Rider|boost\n|-boost|p1a: Shiftry|atk|1\n|\n|-ability|p2a: Blaziken|Speed Boost|boost\n|-boost|p2a: Blaziken|spe|1\n|upkeep\n|turn|3\n|\n|t:|1700221550\n|move|p1a: Shiftry|Explosion|p2a: Blaziken\n|-enditem|p2a: Blaziken|Focus Sash\n|-damage|p2a: Blaziken|1\/100\n|faint|p1a: Shiftry\n|move|p2a: Blaziken|Swords Dance|p2a: Blaziken\n|-boost|p2a: Blaziken|atk|2\n|\n|-ability|p2a: Blaziken|Speed Boost|boost\n|-boost|p2a: Blaziken|spe|1\n|upkeep\n|\n|t:|1700221559\n|switch|p1a: Sudowoodo|Sudowoodo, M, shiny|100\/100\n|turn|4\n|\n|t:|1700221567\n|move|p2a: Blaziken|Rock Slide|p1a: Sudowoodo\n|-damage|p1a: Sudowoodo|33\/100\n|move|p1a: Sudowoodo|Stealth Rock|p2a: Blaziken\n|-sidestart|p2: InnateAzucarado|move: Stealth Rock\n|\n|-ability|p2a: Blaziken|Speed Boost|boost\n|-boost|p2a: Blaziken|spe|1\n|upkeep\n|turn|5\n|\n|t:|1700221575\n|move|p2a: Blaziken|Rock Slide|p1a: Sudowoodo\n|-damage|p1a: Sudowoodo|0 fnt\n|faint|p1a: Sudowoodo\n|\n|-sideend|p1: ouxiaonengshou|move: Tailwind\n|-ability|p2a: Blaziken|Speed Boost|boost\n|-boost|p2a: Blaziken|spe|1\n|upkeep\n|\n|t:|1700221581\n|switch|p1a: Corviknight|Corviknight, F, shiny|100\/100\n|turn|6\n|\n|t:|1700221593\n|-terastallize|p1a: Corviknight|Water\n|move|p2a: Blaziken|Flare Blitz|p1a: Corviknight\n|-resisted|p1a: Corviknight\n|-damage|p1a: Corviknight|51\/100\n|-status|p1a: Corviknight|brn\n|-damage|p2a: Blaziken|0 fnt|[from] item: Rocky Helmet|[of] p1a: Corviknight\n|faint|p2a: Blaziken\n|move|p1a: Corviknight|Roost|p1a: Corviknight\n|-heal|p1a: Corviknight|100\/100 brn\n|\n|-damage|p1a: Corviknight|94\/100 brn|[from] brn\n|upkeep\n|\n|t:|1700221618\n|switch|p2a: Pelipper|Pelipper, M|100\/100\n|-damage|p2a: Pelipper|76\/100|[from] Stealth Rock\n|-weather|RainDance|[from] ability: Drizzle|[of] p2a: Pelipper\n|turn|7\n|\n|t:|1700221625\n|switch|p2a: Swampert|Swampert, M|100\/100\n|-damage|p2a: Swampert|94\/100|[from] Stealth Rock\n|move|p1a: Corviknight|Iron Defense|p1a: Corviknight\n|-boost|p1a: Corviknight|def|2\n|\n|-weather|RainDance|[upkeep]\n|-damage|p1a: Corviknight|88\/100 brn|[from] brn\n|upkeep\n|turn|8\n|inactive|InnateAzucarado has 120 seconds left.\n|\n|t:|1700221650\n|detailschange|p2a: Swampert|Swampert-Mega, M\n|-mega|p2a: Swampert|Swampert|Swampertite\n|move|p2a: Swampert|Waterfall|p1a: Corviknight\n|-resisted|p1a: Corviknight\n|-damage|p1a: Corviknight|73\/100 brn\n|-damage|p2a: Swampert|78\/100|[from] item: Rocky Helmet|[of] p1a: Corviknight\n|move|p1a: Corviknight|Iron Defense|p1a: Corviknight\n|-boost|p1a: Corviknight|def|2\n|\n|-weather|RainDance|[upkeep]\n|-damage|p1a: Corviknight|67\/100 brn|[from] brn\n|upkeep\n|turn|9\n|inactive|InnateAzucarado has 120 seconds left.\n|\n|t:|1700221664\n|move|p2a: Swampert|Superpower|p1a: Corviknight\n|-damage|p1a: Corviknight|53\/100 brn\n|-unboost|p2a: Swampert|atk|1\n|-unboost|p2a: Swampert|def|1\n|-damage|p2a: Swampert|61\/100|[from] item: Rocky Helmet|[of] p1a: Corviknight\n|move|p1a: Corviknight|Body Press|p2a: Swampert\n|-damage|p2a: Swampert|24\/100\n|\n|-weather|RainDance|[upkeep]\n|-damage|p1a: Corviknight|46\/100 brn|[from] brn\n|upkeep\n|turn|10\n|inactive|InnateAzucarado has 120 seconds left.\n|\n|t:|1700221677\n|move|p2a: Swampert|Waterfall|p1a: Corviknight\n|-resisted|p1a: Corviknight\n|-crit|p1a: Corviknight\n|-damage|p1a: Corviknight|0 fnt\n|-damage|p2a: Swampert|8\/100|[from] item: Rocky Helmet|[of] p1a: Corviknight\n|faint|p1a: Corviknight\n|\n|-weather|RainDance|[upkeep]\n|upkeep\n|\n|t:|1700221686\n|switch|p1a: Pelipper|Pelipper, M|100\/100\n|turn|11\n|\n|t:|1700221694\n|move|p2a: Swampert|Superpower|p1a: Pelipper\n|-resisted|p1a: Pelipper\n|-damage|p1a: Pelipper|88\/100\n|-unboost|p2a: Swampert|atk|1\n|-unboost|p2a: Swampert|def|1\n|move|p1a: Pelipper|Weather Ball|p2a: Swampert\n|-damage|p2a: Swampert|0 fnt\n|faint|p2a: Swampert\n|\n|-weather|none\n|upkeep\n|\n|t:|1700221705\n|switch|p2a: Serperior|Serperior, F|100\/100\n|-damage|p2a: Serperior|88\/100|[from] Stealth Rock\n|turn|12\n|\n|t:|1700221713\n|move|p2a: Serperior|Leaf Storm|p1a: Pelipper\n|-damage|p1a: Pelipper|4\/100\n|-boost|p2a: Serperior|spa|2\n|move|p1a: Pelipper|Hurricane|p2a: Serperior|[miss]\n|-miss|p1a: Pelipper|p2a: Serperior\n|\n|upkeep\n|turn|13\n|\n|t:|1700221723\n|switch|p1a: Ogerpon|Ogerpon, F|100\/100\n|move|p2a: Serperior|Leaf Storm|p1a: Ogerpon\n|-resisted|p1a: Ogerpon\n|-damage|p1a: Ogerpon|29\/100\n|-boost|p2a: Serperior|spa|2\n|\n|upkeep\n|turn|14\n|\n|t:|1700221731\n|-zpower|p1a: Ogerpon\n|move|p1a: Ogerpon|Bloom Doom|p2a: Serperior|[zeffect]\n|-resisted|p2a: Serperior\n|-damage|p2a: Serperior|32\/100\n|move|p2a: Serperior|Leaf Storm|p1a: Ogerpon\n|-resisted|p1a: Ogerpon\n|-damage|p1a: Ogerpon|0 fnt\n|-boost|p2a: Serperior|spa|2\n|faint|p1a: Ogerpon\n|\n|upkeep\n|\n|t:|1700221742\n|switch|p1a: Pelipper|Pelipper, M|4\/100\n|-weather|RainDance|[from] ability: Drizzle|[of] p1a: Pelipper\n|turn|15\n|\n|t:|1700221748\n|move|p2a: Serperior|Leaf Storm|p1a: Pelipper\n|-damage|p1a: Pelipper|0 fnt\n|faint|p1a: Pelipper\n|\n|-weather|RainDance|[upkeep]\n|upkeep\n|\n|t:|1700221752\n|switch|p1a: Swampert|Swampert, F|100\/100\n|turn|16\n|\n|t:|1700221756\n|detailschange|p1a: Swampert|Swampert-Mega, F\n|-mega|p1a: Swampert|Swampert|Swampertite\n|move|p1a: Swampert|Ice Punch|p2a: Serperior\n|-supereffective|p2a: Serperior\n|-damage|p2a: Serperior|0 fnt\n|faint|p2a: Serperior\n|\n|-weather|RainDance|[upkeep]\n|upkeep\n|-message|InnateAzucarado forfeited.\n|\n|win|ouxiaonengshou\n|raw|ouxiaonengshou's rating: 1086 &rarr; <strong>1107<\/strong><br \/>(+21 for winning)\n|raw|InnateAzucarado's rating: 1000 &rarr; <strong>1000<\/strong><br \/>(+0 for losing)\n|l|\u2606InnateAzucarado\n","uploadtime":1700221768,"views":4,"p1id":"ouxiaonengshou","p2id":"innateazucarado","formatid":"gen9nationaldex","rating":1000,"private":0,"password":""}