{"id":"gen9nationaldex-1988097391","p1":"Nerdygolem513","p2":"woshikoudaimi","format":"[Gen 9] National Dex","log":"|j|\u2606Nerdygolem513\n|j|\u2606woshikoudaimi\n|t:|1699669178\n|gametype|singles\n|player|p1|Nerdygolem513|burglar|1223\n|player|p2|woshikoudaimi|hilda-masters3|1291\n|teamsize|p1|6\n|teamsize|p2|6\n|gen|9\n|tier|[Gen 9] National Dex\n|rated|\n|rule|HP Percentage Mod: HP is shown in percentages\n|rule|Endless Battle Clause: Forcing endless battles is banned\n|rule|OHKO Clause: OHKO moves are banned\n|rule|Evasion Clause: Evasion abilities, items, and moves are banned\n|rule|Evasion Abilities Clause: Evasion abilities are banned\n|rule|Evasion Items Clause: Evasion items are banned\n|rule|Evasion Moves Clause: Evasion moves are banned\n|rule|Species Clause: Limit one of each Pok\u00e9mon\n|rule|Sleep Clause Mod: Limit one foe put to sleep\n|clearpoke\n|poke|p1|Shuckle, M|\n|poke|p1|Serperior, M|\n|poke|p1|Malamar, F|\n|poke|p1|Aerodactyl, F|\n|poke|p1|Landorus-Therian, M|\n|poke|p1|Rotom|\n|poke|p2|Aegislash, F|\n|poke|p2|Great Tusk|\n|poke|p2|Iron Valiant|\n|poke|p2|Banette, M|\n|poke|p2|Volcanion|\n|poke|p2|Serperior, F|\n|teampreview\n|\n|t:|1699669195\n|start\n|switch|p1a: Tom|Rotom|100\/100\n|switch|p2a: Volcanion|Volcanion|100\/100\n|turn|1\n|inactive|Battle timer is ON: inactive players will automatically lose when time's up. (requested by woshikoudaimi)\n|\n|t:|1699669199\n|move|p1a: Tom|Volt Switch|p2a: Volcanion\n|-supereffective|p2a: Volcanion\n|-crit|p2a: Volcanion\n|-damage|p2a: Volcanion|2\/100\n|c|\u2606Nerdygolem513|oop\n|\n|t:|1699669221\n|switch|p1a: The T sis|Landorus-Therian, M|100\/100|[from] Volt Switch\n|-ability|p1a: The T sis|Intimidate|boost\n|-unboost|p2a: Volcanion|atk|1\n|move|p2a: Volcanion|Taunt|p1a: The T sis\n|-start|p1a: The T sis|move: Taunt\n|\n|upkeep\n|turn|2\n|\n|t:|1699669232\n|move|p1a: The T sis|Earthquake|p2a: Volcanion\n|-supereffective|p2a: Volcanion\n|-damage|p2a: Volcanion|0 fnt\n|faint|p2a: Volcanion\n|\n|upkeep\n|\n|t:|1699669253\n|switch|p2a: Serperior|Serperior, F, shiny|100\/100\n|turn|3\n|\n|t:|1699669268\n|switch|p1a: Tom|Rotom|100\/100\n|move|p2a: Serperior|Glare|p1a: Tom\n|-immune|p1a: Tom\n|\n|upkeep\n|turn|4\n|\n|t:|1699669283\n|move|p2a: Serperior|Substitute|p2a: Serperior\n|-start|p2a: Serperior|Substitute\n|-damage|p2a: Serperior|76\/100\n|move|p1a: Tom|Will-O-Wisp||[still]\n|-fail|p1a: Tom\n|\n|-heal|p2a: Serperior|82\/100|[from] item: Leftovers\n|upkeep\n|turn|5\n|\n|t:|1699669286\n|move|p2a: Serperior|Leaf Storm|p1a: Tom\n|-damage|p1a: Tom|18\/100\n|-boost|p2a: Serperior|spa|2\n|move|p1a: Tom|Hidden Power|p2a: Serperior\n|-supereffective|p2a: Serperior\n|-end|p2a: Serperior|Substitute\n|\n|-heal|p2a: Serperior|88\/100|[from] item: Leftovers\n|upkeep\n|turn|6\n|\n|t:|1699669291\n|move|p2a: Serperior|Leaf Storm|p1a: Tom\n|-damage|p1a: Tom|0 fnt\n|-boost|p2a: Serperior|spa|2\n|faint|p1a: Tom\n|\n|-heal|p2a: Serperior|94\/100|[from] item: Leftovers\n|upkeep\n|\n|t:|1699669293\n|switch|p1a: Aerodactyl|Aerodactyl, F|100\/100\n|turn|7\n|\n|t:|1699669299\n|detailschange|p1a: Aerodactyl|Aerodactyl-Mega, F\n|-mega|p1a: Aerodactyl|Aerodactyl|Aerodactylite\n|move|p1a: Aerodactyl|Dual Wingbeat|p2a: Serperior\n|-supereffective|p2a: Serperior\n|-damage|p2a: Serperior|19\/100\n|-supereffective|p2a: Serperior\n|-damage|p2a: Serperior|0 fnt\n|faint|p2a: Serperior\n|-hitcount|p2: Serperior|2\n|\n|upkeep\n|\n|t:|1699669304\n|switch|p2a: Altria Pendragon|Aegislash, F, shiny|100\/100\n|turn|8\n|\n|t:|1699669311\n|move|p2a: Altria Pendragon|King's Shield|p2a: Altria Pendragon\n|-singleturn|p2a: Altria Pendragon|Protect\n|move|p1a: Aerodactyl|Fire Fang|p2a: Altria Pendragon\n|-activate|p2a: Altria Pendragon|move: Protect\n|-unboost|p1a: Aerodactyl|atk|1\n|\n|upkeep\n|turn|9\n|\n|t:|1699669319\n|switch|p1a: Lovely|Malamar, F|100\/100\n|move|p2a: Altria Pendragon|Swords Dance|p2a: Altria Pendragon\n|-boost|p2a: Altria Pendragon|atk|2\n|\n|upkeep\n|turn|10\n|\n|t:|1699669324\n|move|p2a: Altria Pendragon|King's Shield|p2a: Altria Pendragon\n|-singleturn|p2a: Altria Pendragon|Protect\n|move|p1a: Lovely|Knock Off|p2a: Altria Pendragon\n|-activate|p2a: Altria Pendragon|move: Protect\n|-boost|p1a: Lovely|atk|1\n|\n|upkeep\n|turn|11\n|\n|t:|1699669334\n|move|p1a: Lovely|Knock Off|p2a: Altria Pendragon\n|-supereffective|p2a: Altria Pendragon\n|-damage|p2a: Altria Pendragon|0 fnt\n|-enditem|p2a: Altria Pendragon|Spell Tag|[from] move: Knock Off|[of] p1a: Lovely\n|faint|p2a: Altria Pendragon\n|\n|upkeep\n|\n|t:|1699669340\n|switch|p2a: Iron Valiant|Iron Valiant, shiny|100\/100\n|-enditem|p2a: Iron Valiant|Booster Energy\n|-activate|p2a: Iron Valiant|ability: Quark Drive|[fromitem]\n|-start|p2a: Iron Valiant|quarkdrivespe\n|turn|12\n|\n|t:|1699669349\n|switch|p1a: The T sis|Landorus-Therian, M|100\/100\n|-ability|p1a: The T sis|Intimidate|boost\n|-unboost|p2a: Iron Valiant|atk|1\n|move|p2a: Iron Valiant|Swords Dance|p2a: Iron Valiant\n|-boost|p2a: Iron Valiant|atk|2\n|\n|upkeep\n|turn|13\n|\n|t:|1699669355\n|-terastallize|p1a: The T sis|Dragon\n|move|p2a: Iron Valiant|Knock Off|p1a: The T sis\n|-damage|p1a: The T sis|42\/100\n|-enditem|p1a: The T sis|Choice Scarf|[from] move: Knock Off|[of] p2a: Iron Valiant\n|move|p1a: The T sis|Fly||[still]\n|-prepare|p1a: The T sis|Fly\n|\n|upkeep\n|turn|14\n|\n|t:|1699669370\n|-terastallize|p2a: Iron Valiant|Steel\n|move|p2a: Iron Valiant|Swords Dance|p2a: Iron Valiant\n|-boost|p2a: Iron Valiant|atk|2\n|move|p1a: The T sis|Fly|p2a: Iron Valiant|[from]lockedmove\n|-resisted|p2a: Iron Valiant\n|-damage|p2a: Iron Valiant|62\/100\n|\n|upkeep\n|turn|15\n|\n|t:|1699669373\n|move|p2a: Iron Valiant|Knock Off|p1a: The T sis\n|-damage|p1a: The T sis|0 fnt\n|faint|p1a: The T sis\n|\n|upkeep\n|\n|t:|1699669376\n|switch|p1a: 17 inches|Shuckle, M, shiny|100\/100\n|turn|16\n|\n|t:|1699669382\n|move|p2a: Iron Valiant|Knock Off|p1a: 17 inches\n|-damage|p1a: 17 inches|42\/100\n|-enditem|p1a: 17 inches|Red Card|[from] move: Knock Off|[of] p2a: Iron Valiant\n|move|p1a: 17 inches|Sticky Web|p2a: Iron Valiant\n|-sidestart|p2: woshikoudaimi|move: Sticky Web\n|\n|upkeep\n|turn|17\n|\n|t:|1699669389\n|move|p2a: Iron Valiant|Encore|p1a: 17 inches\n|-start|p1a: 17 inches|Encore\n|move|p1a: 17 inches|Sticky Web||[still]\n|-fail|p1a: 17 inches\n|\n|upkeep\n|turn|18\n|\n|t:|1699669399\n|switch|p1a: Lovely|Malamar, F|100\/100\n|move|p2a: Iron Valiant|Swords Dance|p2a: Iron Valiant\n|-boost|p2a: Iron Valiant|atk|2\n|\n|upkeep\n|turn|19\n|\n|t:|1699669420\n|move|p2a: Iron Valiant|Close Combat|p1a: Lovely\n|-damage|p1a: Lovely|0 fnt\n|-unboost|p2a: Iron Valiant|def|1\n|-unboost|p2a: Iron Valiant|spd|1\n|faint|p1a: Lovely\n|\n|upkeep\n|\n|t:|1699669423\n|switch|p1a: Aerodactyl|Aerodactyl-Mega, F|100\/100\n|turn|20\n|\n|t:|1699669427\n|move|p2a: Iron Valiant|Close Combat|p1a: Aerodactyl\n|-damage|p1a: Aerodactyl|0 fnt\n|-unboost|p2a: Iron Valiant|def|1\n|-unboost|p2a: Iron Valiant|spd|1\n|faint|p1a: Aerodactyl\n|\n|upkeep\n|\n|t:|1699669429\n|switch|p1a: 17 inches|Shuckle, M, shiny|42\/100\n|turn|21\n|\n|t:|1699669432\n|move|p2a: Iron Valiant|Knock Off|p1a: 17 inches\n|-damage|p1a: 17 inches|0 fnt\n|faint|p1a: 17 inches\n|\n|upkeep\n|\n|t:|1699669434\n|switch|p1a: Sirperior|Serperior, M|100\/100\n|turn|22\n|\n|t:|1699669438\n|move|p2a: Iron Valiant|Close Combat|p1a: Sirperior\n|-damage|p1a: Sirperior|0 fnt\n|-unboost|p2a: Iron Valiant|def|1\n|-unboost|p2a: Iron Valiant|spd|1\n|faint|p1a: Sirperior\n|\n|win|woshikoudaimi\n|raw|Nerdygolem513's rating: 1223 &rarr; <strong>1203<\/strong><br \/>(-20 for losing)\n|raw|woshikoudaimi's rating: 1291 &rarr; <strong>1311<\/strong><br \/>(+20 for winning)\n|c|\u2606Nerdygolem513|Gg\n|l|\u2606Nerdygolem513\n","uploadtime":1699669569,"views":6,"p1id":"nerdygolem513","p2id":"woshikoudaimi","formatid":"gen9nationaldex","rating":1203,"private":0,"password":""}