{"id":"gen9nationaldex-1987639984","p1":"QuFFFFF","p2":"LeoGamesDou","format":"[Gen 9] National Dex","log":"|j|\u2606QuFFFFF\n|j|\u2606LeoGamesDou\n|t:|1699622848\n|gametype|singles\n|player|p1|QuFFFFF|266|1096\n|player|p2|LeoGamesDou|lucas-gen4pt|1000\n|teamsize|p1|6\n|teamsize|p2|6\n|gen|9\n|tier|[Gen 9] National Dex\n|rated|\n|rule|HP Percentage Mod: HP is shown in percentages\n|rule|Endless Battle Clause: Forcing endless battles is banned\n|rule|OHKO Clause: OHKO moves are banned\n|rule|Evasion Clause: Evasion abilities, items, and moves are banned\n|rule|Evasion Abilities Clause: Evasion abilities are banned\n|rule|Evasion Items Clause: Evasion items are banned\n|rule|Evasion Moves Clause: Evasion moves are banned\n|rule|Species Clause: Limit one of each Pok\u00e9mon\n|rule|Sleep Clause Mod: Limit one foe put to sleep\n|clearpoke\n|poke|p1|Alomomola, F|\n|poke|p1|Sableye, F|\n|poke|p1|Chansey, F|\n|poke|p1|Skeledirge, M|\n|poke|p1|Moltres|\n|poke|p1|Garchomp, F|\n|poke|p2|Aron, L1, M|\n|poke|p2|Tyranitar, M|\n|poke|p2|Staraptor, M|\n|poke|p2|Cottonee, L1, M|\n|poke|p2|Charizard, M|\n|poke|p2|Regirock|\n|teampreview\n|inactive|Battle timer is ON: inactive players will automatically lose when time's up. (requested by QuFFFFF)\n|\n|t:|1699622871\n|start\n|switch|p1a: Garchomp|Garchomp, F, shiny|100\/100\n|switch|p2a: Tyranitar|Tyranitar, M|100\/100\n|-weather|Sandstorm|[from] ability: Sand Stream|[of] p2a: Tyranitar\n|turn|1\n|\n|t:|1699622885\n|switch|p1a: Alomomola|Alomomola, F, shiny|100\/100\n|move|p2a: Tyranitar|Ice Fang|p1a: Alomomola\n|-resisted|p1a: Alomomola\n|-damage|p1a: Alomomola|94\/100\n|\n|-weather|Sandstorm|[upkeep]\n|-damage|p1a: Alomomola|87\/100|[from] Sandstorm\n|-heal|p1a: Alomomola|94\/100|[from] item: Leftovers\n|upkeep\n|turn|2\n|\n|t:|1699622897\n|switch|p2a: Staraptor|Staraptor, M, shiny|100\/100\n|-ability|p2a: Staraptor|Intimidate|boost\n|-unboost|p1a: Alomomola|atk|1\n|move|p1a: Alomomola|Toxic|p2a: Staraptor\n|-status|p2a: Staraptor|tox\n|\n|-weather|Sandstorm|[upkeep]\n|-damage|p2a: Staraptor|94\/100 tox|[from] Sandstorm\n|-damage|p1a: Alomomola|87\/100|[from] Sandstorm\n|-heal|p1a: Alomomola|94\/100|[from] item: Leftovers\n|-damage|p2a: Staraptor|88\/100 tox|[from] psn\n|upkeep\n|turn|3\n|\n|t:|1699622926\n|move|p1a: Alomomola|Protect|p1a: Alomomola\n|-singleturn|p1a: Alomomola|Protect\n|move|p2a: Staraptor|Close Combat|p1a: Alomomola\n|-activate|p1a: Alomomola|move: Protect\n|\n|-weather|Sandstorm|[upkeep]\n|-damage|p2a: Staraptor|82\/100 tox|[from] Sandstorm\n|-damage|p1a: Alomomola|87\/100|[from] Sandstorm\n|-heal|p1a: Alomomola|94\/100|[from] item: Leftovers\n|-damage|p2a: Staraptor|70\/100 tox|[from] psn\n|upkeep\n|turn|4\n|\n|t:|1699622939\n|move|p2a: Staraptor|Quick Attack|p1a: Alomomola\n|-damage|p1a: Alomomola|83\/100\n|move|p1a: Alomomola|Flip Turn|p2a: Staraptor\n|-crit|p2a: Staraptor\n|-damage|p2a: Staraptor|33\/100 tox\n|\n|t:|1699622946\n|switch|p1a: Skeledirge|Skeledirge, M, shiny|100\/100|[from] Flip Turn\n|\n|-weather|Sandstorm|[upkeep]\n|-damage|p2a: Staraptor|27\/100 tox|[from] Sandstorm\n|-damage|p1a: Skeledirge|94\/100|[from] Sandstorm\n|-heal|p1a: Skeledirge|100\/100|[from] item: Leftovers\n|-damage|p2a: Staraptor|9\/100 tox|[from] psn\n|upkeep\n|turn|5\n|\n|t:|1699622959\n|move|p2a: Staraptor|Brave Bird|p1a: Skeledirge\n|-damage|p1a: Skeledirge|65\/100\n|-damage|p2a: Staraptor|0 fnt|[from] Recoil\n|faint|p2a: Staraptor\n|move|p1a: Skeledirge|Hex|p2: Staraptor|[notarget]\n|-fail|p1a: Skeledirge\n|\n|-weather|Sandstorm|[upkeep]\n|-damage|p1a: Skeledirge|59\/100|[from] Sandstorm\n|-heal|p1a: Skeledirge|65\/100|[from] item: Leftovers\n|upkeep\n|\n|t:|1699622978\n|switch|p2a: Regirock|Regirock, shiny|100\/100\n|turn|6\n|\n|t:|1699622985\n|move|p1a: Skeledirge|Will-O-Wisp|p2a: Regirock\n|-status|p2a: Regirock|brn\n|move|p2a: Regirock|Earthquake|p1a: Skeledirge\n|-supereffective|p1a: Skeledirge\n|-damage|p1a: Skeledirge|51\/100\n|\n|-weather|Sandstorm|[upkeep]\n|-damage|p1a: Skeledirge|45\/100|[from] Sandstorm\n|-heal|p1a: Skeledirge|51\/100|[from] item: Leftovers\n|-damage|p2a: Regirock|94\/100 brn|[from] brn\n|upkeep\n|turn|7\n|\n|t:|1699622998\n|move|p1a: Skeledirge|Slack Off|p1a: Skeledirge\n|-heal|p1a: Skeledirge|100\/100\n|move|p2a: Regirock|Toxic|p1a: Skeledirge\n|-status|p1a: Skeledirge|tox\n|\n|-weather|Sandstorm|[upkeep]\n|-damage|p1a: Skeledirge|94\/100 tox|[from] Sandstorm\n|-heal|p1a: Skeledirge|100\/100 tox|[from] item: Leftovers\n|-damage|p1a: Skeledirge|94\/100 tox|[from] psn\n|-damage|p2a: Regirock|88\/100 brn|[from] brn\n|upkeep\n|turn|8\n|\n|t:|1699623008\n|move|p1a: Skeledirge|Hex|p2a: Regirock\n|-damage|p2a: Regirock|59\/100 brn\n|move|p2a: Regirock|Earthquake|p1a: Skeledirge\n|-supereffective|p1a: Skeledirge\n|-damage|p1a: Skeledirge|79\/100 tox\n|\n|-weather|none\n|-heal|p1a: Skeledirge|85\/100 tox|[from] item: Leftovers\n|-damage|p1a: Skeledirge|73\/100 tox|[from] psn\n|-damage|p2a: Regirock|53\/100 brn|[from] brn\n|upkeep\n|turn|9\n|\n|t:|1699623021\n|switch|p1a: Alomomola|Alomomola, F, shiny|100\/100\n|move|p2a: Regirock|Earthquake|p1a: Alomomola\n|-damage|p1a: Alomomola|95\/100\n|\n|-heal|p1a: Alomomola|100\/100|[from] item: Leftovers\n|-damage|p2a: Regirock|47\/100 brn|[from] brn\n|upkeep\n|turn|10\n|\n|t:|1699623029\n|move|p1a: Alomomola|Flip Turn|p2a: Regirock\n|-supereffective|p2a: Regirock\n|-damage|p2a: Regirock|32\/100 brn\n|\n|t:|1699623032\n|switch|p1a: Skeledirge|Skeledirge, M, shiny|73\/100 tox|[from] Flip Turn\n|move|p2a: Regirock|Thunder Wave||[still]\n|-fail|p2a: Regirock\n|\n|-heal|p1a: Skeledirge|79\/100 tox|[from] item: Leftovers\n|-damage|p1a: Skeledirge|73\/100 tox|[from] psn\n|-damage|p2a: Regirock|26\/100 brn|[from] brn\n|upkeep\n|turn|11\n|\n|t:|1699623050\n|move|p1a: Skeledirge|Hex|p2a: Regirock\n|-damage|p2a: Regirock|0 fnt\n|faint|p2a: Regirock\n|\n|-heal|p1a: Skeledirge|79\/100 tox|[from] item: Leftovers\n|-damage|p1a: Skeledirge|67\/100 tox|[from] psn\n|upkeep\n|\n|t:|1699623058\n|switch|p2a: Cottonee|Cottonee, L1, M, shiny|100\/100\n|turn|12\n|\n|t:|1699623065\n|move|p2a: Cottonee|Leech Seed|p1a: Skeledirge\n|-start|p1a: Skeledirge|move: Leech Seed\n|move|p1a: Skeledirge|Will-O-Wisp|p2a: Cottonee\n|-status|p2a: Cottonee|brn\n|\n|-heal|p1a: Skeledirge|73\/100 tox|[from] item: Leftovers\n|-damage|p1a: Skeledirge|61\/100 tox|[from] Leech Seed|[of] p2a: Cottonee\n|-damage|p1a: Skeledirge|43\/100 tox|[from] psn\n|-damage|p2a: Cottonee|92\/100 brn|[from] brn\n|upkeep\n|turn|13\n|\n|t:|1699623077\n|move|p2a: Cottonee|Protect|p2a: Cottonee\n|-singleturn|p2a: Cottonee|Protect\n|move|p1a: Skeledirge|Slack Off|p1a: Skeledirge\n|-heal|p1a: Skeledirge|93\/100 tox\n|\n|-heal|p1a: Skeledirge|99\/100 tox|[from] item: Leftovers\n|-damage|p1a: Skeledirge|86\/100 tox|[from] Leech Seed|[of] p2a: Cottonee\n|-heal|p2a: Cottonee|100\/100 brn|[silent]\n|-damage|p1a: Skeledirge|62\/100 tox|[from] psn\n|-damage|p2a: Cottonee|92\/100 brn|[from] brn\n|upkeep\n|turn|14\n|\n|t:|1699623088\n|switch|p1a: Moltres|Moltres, shiny|100\/100\n|move|p2a: Cottonee|Substitute|p2a: Cottonee\n|-start|p2a: Cottonee|Substitute\n|-damage|p2a: Cottonee|67\/100 brn\n|\n|-damage|p2a: Cottonee|59\/100 brn|[from] brn\n|upkeep\n|turn|15\n|\n|t:|1699623095\n|move|p2a: Cottonee|Leech Seed|p1a: Moltres\n|-start|p1a: Moltres|move: Leech Seed\n|move|p1a: Moltres|Flamethrower|p2a: Cottonee\n|-supereffective|p2a: Cottonee\n|-end|p2a: Cottonee|Substitute\n|\n|-damage|p1a: Moltres|88\/100|[from] Leech Seed|[of] p2a: Cottonee\n|-heal|p2a: Cottonee|100\/100 brn|[silent]\n|-damage|p2a: Cottonee|92\/100 brn|[from] brn\n|upkeep\n|turn|16\n|\n|t:|1699623107\n|move|p2a: Cottonee|Encore|p1a: Moltres\n|-start|p1a: Moltres|Encore\n|move|p1a: Moltres|Flamethrower|p2a: Cottonee\n|-supereffective|p2a: Cottonee\n|-damage|p2a: Cottonee|0 fnt\n|faint|p2a: Cottonee\n|\n|upkeep\n|\n|t:|1699623118\n|switch|p2a: Tyranitar|Tyranitar, M|100\/100\n|-weather|Sandstorm|[from] ability: Sand Stream|[of] p2a: Tyranitar\n|turn|17\n|c|\u2606LeoGamesDou|joue ta mere\n|inactive|QuFFFFF has 120 seconds left.\n|\n|t:|1699623149\n|switch|p1a: Alomomola|Alomomola, F, shiny|100\/100\n|move|p2a: Tyranitar|Ice Fang|p1a: Alomomola\n|-resisted|p1a: Alomomola\n|-crit|p1a: Alomomola\n|-damage|p1a: Alomomola|91\/100\n|\n|-weather|Sandstorm|[upkeep]\n|-damage|p1a: Alomomola|84\/100|[from] Sandstorm\n|-heal|p1a: Alomomola|91\/100|[from] item: Leftovers\n|upkeep\n|turn|18\n|\n|t:|1699623159\n|switch|p2a: Charizard|Charizard, M|100\/100\n|move|p1a: Alomomola|Flip Turn|p2a: Charizard\n|-supereffective|p2a: Charizard\n|-damage|p2a: Charizard|51\/100\n|inactive|QuFFFFF has 120 seconds left.\n|c|\u2606LeoGamesDou|jvnyrgbure**ytbvuyerhbvuyegbvuerbvubvuyerbbrentubtyubhuyhyuhbuyni\u00e7jnihjnjy**\n|\n|t:|1699623192\n|switch|p1a: Chansey|Chansey, F, shiny|100\/100|[from] Flip Turn\n|\n|-weather|Sandstorm|[upkeep]\n|-damage|p2a: Charizard|45\/100|[from] Sandstorm\n|-damage|p1a: Chansey|94\/100|[from] Sandstorm\n|upkeep\n|turn|19\n|\n|t:|1699623202\n|detailschange|p2a: Charizard|Charizard-Mega-Y, M\n|-mega|p2a: Charizard|Charizard|Charizardite Y\n|-weather|SunnyDay|[from] ability: Drought|[of] p2a: Charizard\n|move|p2a: Charizard|Fire Blast|p1a: Chansey\n|-damage|p1a: Chansey|62\/100\n|move|p1a: Chansey|Seismic Toss|p2a: Charizard\n|-damage|p2a: Charizard|12\/100\n|\n|-weather|SunnyDay|[upkeep]\n|upkeep\n|turn|20\n|\n|t:|1699623213\n|switch|p1a: Alomomola|Alomomola, F, shiny|100\/100\n|move|p2a: Charizard|Flamethrower|p1a: Alomomola\n|-resisted|p1a: Alomomola\n|-damage|p1a: Alomomola|49\/100\n|\n|-weather|SunnyDay|[upkeep]\n|-heal|p1a: Alomomola|55\/100|[from] item: Leftovers\n|upkeep\n|turn|21\n|\n|t:|1699623225\n|move|p1a: Alomomola|Protect|p1a: Alomomola\n|-singleturn|p1a: Alomomola|Protect\n|move|p2a: Charizard|Fire Punch|p1a: Alomomola\n|-activate|p1a: Alomomola|move: Protect\n|\n|-weather|SunnyDay|[upkeep]\n|-heal|p1a: Alomomola|61\/100|[from] item: Leftovers\n|upkeep\n|turn|22\n|\n|t:|1699623232\n|move|p2a: Charizard|Fire Punch|p1a: Alomomola\n|-resisted|p1a: Alomomola\n|-damage|p1a: Alomomola|50\/100\n|move|p1a: Alomomola|Wish|p1a: Alomomola\n|\n|-weather|SunnyDay|[upkeep]\n|-heal|p1a: Alomomola|56\/100|[from] item: Leftovers\n|upkeep\n|turn|23\n|inactive|QuFFFFF has 120 seconds left.\n|\n|t:|1699623242\n|move|p1a: Alomomola|Protect|p1a: Alomomola\n|-singleturn|p1a: Alomomola|Protect\n|move|p2a: Charizard|Fire Blast|p1a: Alomomola\n|-activate|p1a: Alomomola|move: Protect\n|\n|-weather|none\n|-heal|p1a: Alomomola|100\/100|[from] move: Wish|[wisher] Alomomola\n|upkeep\n|turn|24\n|c|\u2606LeoGamesDou|soap to know it\n|\n|t:|1699623262\n|move|p2a: Charizard|Fire Fang|p1a: Alomomola\n|-resisted|p1a: Alomomola\n|-damage|p1a: Alomomola|95\/100\n|move|p1a: Alomomola|Flip Turn|p2a: Charizard\n|-supereffective|p2a: Charizard\n|-damage|p2a: Charizard|0 fnt\n|faint|p2a: Charizard\n|inactive|QuFFFFF has 120 seconds left.\n|\n|t:|1699623279\n|switch|p1a: Garchomp|Garchomp, F, shiny|100\/100|[from] Flip Turn\n|\n|upkeep\n|c|\u2606LeoGamesDou|water do know it\n|\n|t:|1699623287\n|switch|p2a: Tyranitar|Tyranitar, M|100\/100\n|-weather|Sandstorm|[from] ability: Sand Stream|[of] p2a: Tyranitar\n|turn|25\n|\n|t:|1699623295\n|move|p1a: Garchomp|Draco Meteor|p2a: Tyranitar|[miss]\n|-miss|p1a: Garchomp|p2a: Tyranitar\n|move|p2a: Tyranitar|Ice Fang|p1a: Garchomp\n|-supereffective|p1a: Garchomp\n|-damage|p1a: Garchomp|0 fnt\n|-damage|p2a: Tyranitar|88\/100|[from] ability: Rough Skin|[of] p1a: Garchomp\n|faint|p1a: Garchomp\n|\n|-weather|Sandstorm|[upkeep]\n|upkeep\n|\n|t:|1699623305\n|switch|p1a: Skeledirge|Skeledirge, M, shiny|62\/100 tox\n|turn|26\n|\n|t:|1699623309\n|move|p1a: Skeledirge|Will-O-Wisp|p2a: Tyranitar\n|-status|p2a: Tyranitar|brn\n|move|p2a: Tyranitar|Blizzard|p1a: Skeledirge\n|-resisted|p1a: Skeledirge\n|-damage|p1a: Skeledirge|50\/100 tox\n|\n|-weather|Sandstorm|[upkeep]\n|-damage|p1a: Skeledirge|44\/100 tox|[from] Sandstorm\n|-heal|p1a: Skeledirge|50\/100 tox|[from] item: Leftovers\n|-damage|p1a: Skeledirge|44\/100 tox|[from] psn\n|-damage|p2a: Tyranitar|82\/100 brn|[from] brn\n|upkeep\n|turn|27\n|\n|t:|1699623320\n|move|p1a: Skeledirge|Slack Off|p1a: Skeledirge\n|-heal|p1a: Skeledirge|94\/100 tox\n|move|p2a: Tyranitar|Ice Beam|p1a: Skeledirge\n|-resisted|p1a: Skeledirge\n|-damage|p1a: Skeledirge|83\/100 tox\n|\n|-weather|Sandstorm|[upkeep]\n|-damage|p1a: Skeledirge|76\/100 tox|[from] Sandstorm\n|-heal|p1a: Skeledirge|83\/100 tox|[from] item: Leftovers\n|-damage|p1a: Skeledirge|70\/100 tox|[from] psn\n|-damage|p2a: Tyranitar|76\/100 brn|[from] brn\n|upkeep\n|turn|28\n|\n|t:|1699623332\n|switch|p1a: Alomomola|Alomomola, F, shiny|100\/100\n|-terastallize|p2a: Tyranitar|Rock\n|move|p2a: Tyranitar|Ice Fang|p1a: Alomomola\n|-resisted|p1a: Alomomola\n|-damage|p1a: Alomomola|97\/100\n|\n|-weather|Sandstorm|[upkeep]\n|-damage|p1a: Alomomola|91\/100|[from] Sandstorm\n|-heal|p1a: Alomomola|97\/100|[from] item: Leftovers\n|-damage|p2a: Tyranitar|70\/100 brn|[from] brn\n|upkeep\n|turn|29\n|\n|t:|1699623338\n|switch|p2a: Aron|Aron, L1, M|100\/100\n|move|p1a: Alomomola|Flip Turn|p2a: Aron\n|-supereffective|p2a: Aron\n|-ability|p2a: Aron|Sturdy\n|-damage|p2a: Aron|9\/100\n|\n|t:|1699623346\n|switch|p1a: Sableye|Sableye, F, shiny|100\/100|[from] Flip Turn\n|\n|-weather|Sandstorm|[upkeep]\n|-damage|p1a: Sableye|94\/100|[from] Sandstorm\n|upkeep\n|turn|30\n|\n|t:|1699623353\n|move|p1a: Sableye|Knock Off|p2a: Aron\n|-damage|p2a: Aron|0 fnt\n|-enditem|p2a: Aron|Shell Bell|[from] move: Knock Off|[of] p1a: Sableye\n|faint|p2a: Aron\n|\n|-weather|Sandstorm|[upkeep]\n|-damage|p1a: Sableye|88\/100|[from] Sandstorm\n|upkeep\n|n|!LeoGamesDou|leogamesdou\n|-message|LeoGamesDou forfeited.\n|\n|win|QuFFFFF\n|raw|QuFFFFF's rating: 1096 &rarr; <strong>1115<\/strong><br \/>(+19 for winning)\n|raw|LeoGamesDou's rating: 1000 &rarr; <strong>1000<\/strong><br \/>(+0 for losing)\n|l|!LeoGamesDou\n","uploadtime":1699623362,"views":4,"p1id":"qufffff","p2id":"leogamesdou","formatid":"gen9nationaldex","rating":1000,"private":0,"password":""}