{"id":"gen9nationaldex-1990072936","p1":"Sweepandsupports","p2":"Oculars\u2655","format":"[Gen 9] National Dex","log":"|j|\u2606Sweepandsupports\n|j|\u2606Oculars\u2655\n|inactive|Battle timer is ON: inactive players will automatically lose when time's up.\n|t:|1699921616\n|gametype|singles\n|player|p1|Sweepandsupports|ryuki|\n|player|p2|Oculars\u2655|lusamine-nihilego|\n|teamsize|p1|6\n|teamsize|p2|6\n|gen|9\n|tier|[Gen 9] National Dex\n|rated|Tournament battle\n|rule|HP Percentage Mod: HP is shown in percentages\n|rule|Endless Battle Clause: Forcing endless battles is banned\n|rule|OHKO Clause: OHKO moves are banned\n|rule|Evasion Clause: Evasion abilities, items, and moves are banned\n|rule|Evasion Abilities Clause: Evasion abilities are banned\n|rule|Evasion Items Clause: Evasion items are banned\n|rule|Evasion Moves Clause: Evasion moves are banned\n|rule|Species Clause: Limit one of each Pok\u00e9mon\n|rule|Sleep Clause Mod: Limit one foe put to sleep\n|clearpoke\n|poke|p1|Ninetales-Alola, M|\n|poke|p1|Garchomp, F|\n|poke|p1|Sneasler, F|\n|poke|p1|Skeledirge, M|\n|poke|p1|Clodsire, F|\n|poke|p1|Rillaboom, M|\n|poke|p2|Grimmsnarl, M|\n|poke|p2|Armarouge, M|\n|poke|p2|Iron Hands|\n|poke|p2|Ursaluna, M|\n|poke|p2|Porygon-Z|\n|poke|p2|Volcarona, M|\n|teampreview\n|inactive|Sweepandsupports also wants the timer to be on.\n|j| tntkaching\u2605\n|c|\u2606Oculars\u2655|glhf\n|j| RogerBuster\n|l| tntkaching\u2605\n|c|\u2606Sweepandsupports|Is this the finale?\n|c|\u2606Oculars\u2655|yes\n|c|\u2606Sweepandsupports|Well then\n|c|\u2606Sweepandsupports|glhf\n|c|\u2606Oculars\u2655|bro loaded HO with unawares\n|c|\u2606Sweepandsupports|and If you win\n|j| bloatedbagel\n|inactive|Sweepandsupports has 120 seconds left.\n|c|\u2606Sweepandsupports|Good Job\n|\n|t:|1699921656\n|start\n|switch|p1a: Garchomp|Garchomp, F|100\/100\n|switch|p2a: ayvery|Grimmsnarl, M, shiny|100\/100\n|turn|1\n|\n|t:|1699921662\n|move|p2a: ayvery|Reflect|p2a: ayvery\n|-sidestart|p2: Oculars\u2655|Reflect\n|move|p1a: Garchomp|Earthquake|p2a: ayvery\n|-damage|p2a: ayvery|81\/100\n|\n|upkeep\n|turn|2\n|\n|t:|1699921671\n|switch|p1a: Sneasler|Sneasler, F|100\/100\n|move|p2a: ayvery|Taunt|p1a: Sneasler\n|-start|p1a: Sneasler|move: Taunt\n|\n|upkeep\n|turn|3\n|\n|t:|1699921685\n|switch|p2a: Volcarona|Volcarona, M|100\/100\n|move|p1a: Sneasler|Close Combat|p2a: Volcarona\n|-resisted|p2a: Volcarona\n|-damage|p2a: Volcarona|74\/100\n|-unboost|p1a: Sneasler|def|1\n|-unboost|p1a: Sneasler|spd|1\n|\n|upkeep\n|turn|4\n|\n|t:|1699921696\n|switch|p1a: Clodsire|Clodsire, F|100\/100\n|move|p2a: Volcarona|Fiery Dance|p1a: Clodsire\n|-damage|p1a: Clodsire|74\/100\n|\n|upkeep\n|turn|5\n|j| NDUU9SCRN PugGud\n|\n|t:|1699921707\n|-terastallize|p2a: Volcarona|Ground\n|move|p2a: Volcarona|Tera Blast|p1a: Clodsire|[anim] Tera Blast Ground\n|-supereffective|p1a: Clodsire\n|-damage|p1a: Clodsire|27\/100\n|move|p1a: Clodsire|Toxic|p2a: Volcarona\n|-status|p2a: Volcarona|tox\n|\n|-damage|p2a: Volcarona|68\/100 tox|[from] psn\n|upkeep\n|turn|6\n|\n|t:|1699921714\n|switch|p1a: Rillaboom|Rillaboom, M|100\/100\n|-fieldstart|move: Grassy Terrain|[from] ability: Grassy Surge|[of] p1a: Rillaboom\n|move|p2a: Volcarona|Tera Blast|p1a: Rillaboom|[anim] Tera Blast Ground\n|-resisted|p1a: Rillaboom\n|-damage|p1a: Rillaboom|73\/100\n|\n|-heal|p2a: Volcarona|74\/100 tox|[from] Grassy Terrain\n|-heal|p1a: Rillaboom|79\/100|[from] Grassy Terrain\n|-heal|p1a: Rillaboom|85\/100|[from] item: Leftovers\n|-damage|p2a: Volcarona|62\/100 tox|[from] psn\n|upkeep\n|turn|7\n|\n|t:|1699921720\n|switch|p2a: Armarouge|Armarouge, M|100\/100\n|move|p1a: Rillaboom|Knock Off|p2a: Armarouge\n|-supereffective|p2a: Armarouge\n|-damage|p2a: Armarouge|72\/100\n|-ability|p2a: Armarouge|Weak Armor|boost\n|-unboost|p2a: Armarouge|def|1\n|-boost|p2a: Armarouge|spe|2\n|-enditem|p2a: Armarouge|Weakness Policy\n|-boost|p2a: Armarouge|atk|2|[from] item: Weakness Policy\n|-boost|p2a: Armarouge|spa|2|[from] item: Weakness Policy\n|\n|-heal|p2a: Armarouge|78\/100|[from] Grassy Terrain\n|-heal|p1a: Rillaboom|92\/100|[from] Grassy Terrain\n|-heal|p1a: Rillaboom|98\/100|[from] item: Leftovers\n|upkeep\n|turn|8\n|\n|t:|1699921731\n|switch|p1a: Skeledirge|Skeledirge, M|100\/100\n|move|p2a: Armarouge|Iron Defense|p2a: Armarouge\n|-boost|p2a: Armarouge|def|2\n|\n|-heal|p2a: Armarouge|84\/100|[from] Grassy Terrain\n|-sideend|p2: Oculars\u2655|Reflect\n|upkeep\n|turn|9\n|\n|t:|1699921736\n|move|p2a: Armarouge|Stored Power|p1a: Skeledirge\n|-damage|p1a: Skeledirge|27\/100\n|move|p1a: Skeledirge|Hex|p2a: Armarouge\n|-supereffective|p2a: Armarouge\n|-damage|p2a: Armarouge|26\/100\n|\n|-heal|p2a: Armarouge|32\/100|[from] Grassy Terrain\n|-heal|p1a: Skeledirge|33\/100|[from] Grassy Terrain\n|upkeep\n|turn|10\n|\n|t:|1699921740\n|move|p2a: Armarouge|Stored Power|p1a: Skeledirge\n|-damage|p1a: Skeledirge|0 fnt\n|faint|p1a: Skeledirge\n|\n|-heal|p2a: Armarouge|38\/100|[from] Grassy Terrain\n|-fieldend|move: Grassy Terrain\n|upkeep\n|\n|t:|1699921743\n|switch|p1a: Rillaboom|Rillaboom, M|98\/100\n|-fieldstart|move: Grassy Terrain|[from] ability: Grassy Surge|[of] p1a: Rillaboom\n|turn|11\n|\n|t:|1699921755\n|-terastallize|p1a: Rillaboom|Grass\n|move|p1a: Rillaboom|Grassy Glide|p2a: Armarouge\n|-resisted|p2a: Armarouge\n|-damage|p2a: Armarouge|25\/100\n|-ability|p2a: Armarouge|Weak Armor|boost\n|-unboost|p2a: Armarouge|def|1\n|-boost|p2a: Armarouge|spe|2\n|move|p2a: Armarouge|Iron Defense|p2a: Armarouge\n|-boost|p2a: Armarouge|def|2\n|\n|-heal|p2a: Armarouge|31\/100|[from] Grassy Terrain\n|-heal|p1a: Rillaboom|100\/100|[from] Grassy Terrain\n|upkeep\n|turn|12\n|\n|t:|1699921762\n|move|p1a: Rillaboom|Grassy Glide|p2a: Armarouge\n|-resisted|p2a: Armarouge\n|-damage|p2a: Armarouge|21\/100\n|-ability|p2a: Armarouge|Weak Armor|boost\n|-unboost|p2a: Armarouge|def|1\n|-boost|p2a: Armarouge|spe|2\n|move|p2a: Armarouge|Stored Power|p1a: Rillaboom\n|-damage|p1a: Rillaboom|0 fnt\n|faint|p1a: Rillaboom\n|\n|-heal|p2a: Armarouge|27\/100|[from] Grassy Terrain\n|upkeep\n|\n|t:|1699921765\n|switch|p1a: Sneasler|Sneasler, F|100\/100\n|-enditem|p1a: Sneasler|Grassy Seed\n|-boost|p1a: Sneasler|def|1|[from] item: Grassy Seed\n|turn|13\n|\n|t:|1699921771\n|move|p2a: Armarouge|Stored Power|p1a: Sneasler\n|-supereffective|p1a: Sneasler\n|-damage|p1a: Sneasler|0 fnt\n|faint|p1a: Sneasler\n|\n|-heal|p2a: Armarouge|33\/100|[from] Grassy Terrain\n|upkeep\n|\n|t:|1699921775\n|switch|p1a: Ninetales|Ninetales-Alola, M|100\/100\n|-weather|Snow|[from] ability: Snow Warning|[of] p1a: Ninetales\n|turn|14\n|\n|t:|1699921779\n|move|p2a: Armarouge|Stored Power|p1a: Ninetales\n|-damage|p1a: Ninetales|0 fnt\n|faint|p1a: Ninetales\n|\n|-weather|Snow|[upkeep]\n|-heal|p2a: Armarouge|39\/100|[from] Grassy Terrain\n|upkeep\n|\n|t:|1699921781\n|switch|p1a: Garchomp|Garchomp, F|100\/100\n|turn|15\n|\n|t:|1699921783\n|move|p2a: Armarouge|Stored Power|p1a: Garchomp\n|-damage|p1a: Garchomp|0 fnt\n|faint|p1a: Garchomp\n|\n|-weather|Snow|[upkeep]\n|-heal|p2a: Armarouge|45\/100|[from] Grassy Terrain\n|-fieldend|move: Grassy Terrain\n|upkeep\n|\n|t:|1699921785\n|switch|p1a: Clodsire|Clodsire, F|27\/100\n|turn|16\n|\n|t:|1699921787\n|move|p2a: Armarouge|Stored Power|p1a: Clodsire\n|-supereffective|p1a: Clodsire\n|-damage|p1a: Clodsire|0 fnt\n|faint|p1a: Clodsire\n|\n|win|Oculars\u2655\n|n|\u2606Sweepandsupports|sweepandsupports\n|n|\u2606Oculars\u2655|oculars\n|n| RogerBuster|rogerbuster\n|n| bloatedbagel|bloatedbagel\n|n| NDUU9SCRN PugGud|nduu9scrnpuggud\n|c|\u2606Oculars\u2655|gg\n|c|\u2606Sweepandsupports|Gg\n|c|\u2606Sweepandsupports|Thats actually not what I was expr\n|c|\u2606Sweepandsupports|i forgot about stored power armarouge\n|l|\u2606Oculars\u2655\n|l| RogerBuster\n|l| bloatedbagel\n|l|\u2606Sweepandsupports\n","uploadtime":1699921788,"views":5,"p1id":"sweepandsupports","p2id":"oculars","formatid":"gen9nationaldex","rating":0,"private":0,"password":""}