{"id":"gen9nationaldex-1993417134","p1":"xxxxxxxf","p2":"suijidyh8","format":"[Gen 9] National Dex","log":"|j|\u2606xxxxxxxf\n|j|\u2606suijidyh8\n|t:|1700315107\n|gametype|singles\n|player|p1|xxxxxxxf|preschoolerf|1254\n|player|p2|suijidyh8|cyclist|1211\n|teamsize|p1|6\n|teamsize|p2|6\n|gen|9\n|tier|[Gen 9] National Dex\n|rated|\n|rule|HP Percentage Mod: HP is shown in percentages\n|rule|Endless Battle Clause: Forcing endless battles is banned\n|rule|OHKO Clause: OHKO moves are banned\n|rule|Evasion Clause: Evasion abilities, items, and moves are banned\n|rule|Evasion Abilities Clause: Evasion abilities are banned\n|rule|Evasion Items Clause: Evasion items are banned\n|rule|Evasion Moves Clause: Evasion moves are banned\n|rule|Species Clause: Limit one of each Pok\u00e9mon\n|rule|Sleep Clause Mod: Limit one foe put to sleep\n|clearpoke\n|poke|p1|Glimmora, F|\n|poke|p1|Garganacl, M|\n|poke|p1|Diancie|\n|poke|p1|Kleavor, M|\n|poke|p1|Aggron, M|\n|poke|p1|Stakataka|\n|poke|p2|Mienshao, M|\n|poke|p2|Beedrill, F|\n|poke|p2|Buzzwole|\n|poke|p2|Dragonite, M|\n|poke|p2|Pikachu, F|\n|poke|p2|Toxapex, M|\n|teampreview\n|inactive|Battle timer is ON: inactive players will automatically lose when time's up. (requested by suijidyh8)\n|\n|t:|1700315112\n|start\n|switch|p1a: Kleavor|Kleavor, M|100\/100\n|switch|p2a: Toxapex|Toxapex, M, shiny|100\/100\n|turn|1\n|\n|t:|1700315123\n|move|p1a: Kleavor|Swords Dance|p1a: Kleavor\n|-boost|p1a: Kleavor|atk|2\n|move|p2a: Toxapex|Scald|p1a: Kleavor\n|-supereffective|p1a: Kleavor\n|-damage|p1a: Kleavor|44\/100\n|\n|upkeep\n|turn|2\n|\n|t:|1700315133\n|move|p1a: Kleavor|Stone Axe|p2a: Toxapex\n|-damage|p2a: Toxapex|26\/100\n|-sidestart|p2: suijidyh8|move: Stealth Rock\n|move|p2a: Toxapex|Scald|p1a: Kleavor\n|-supereffective|p1a: Kleavor\n|-damage|p1a: Kleavor|0 fnt\n|faint|p1a: Kleavor\n|\n|upkeep\n|inactive|xxxxxxxf has 120 seconds left.\n|\n|t:|1700315170\n|switch|p1a: Aggron|Aggron, M|100\/100\n|turn|3\n|inactive|xxxxxxxf has 120 seconds left.\n|\n|t:|1700315197\n|switch|p2a: Buzzwole|Buzzwole|100\/100\n|-damage|p2a: Buzzwole|88\/100|[from] Stealth Rock\n|move|p1a: Aggron|Head Smash|p2a: Buzzwole|[miss]\n|-miss|p1a: Aggron|p2a: Buzzwole\n|\n|-heal|p2a: Buzzwole|94\/100|[from] item: Leftovers\n|upkeep\n|turn|4\n|\n|t:|1700315213\n|move|p2a: Buzzwole|Substitute|p2a: Buzzwole\n|-start|p2a: Buzzwole|Substitute\n|-damage|p2a: Buzzwole|70\/100\n|move|p1a: Aggron|Head Smash|p2a: Buzzwole\n|-end|p2a: Buzzwole|Substitute\n|-damage|p1a: Aggron|88\/100|[from] Recoil|[of] p2a: Buzzwole\n|\n|-heal|p2a: Buzzwole|76\/100|[from] item: Leftovers\n|upkeep\n|turn|5\n|\n|t:|1700315237\n|move|p2a: Buzzwole|Substitute|p2a: Buzzwole\n|-start|p2a: Buzzwole|Substitute\n|-damage|p2a: Buzzwole|51\/100\n|move|p1a: Aggron|Head Smash|p2a: Buzzwole\n|-end|p2a: Buzzwole|Substitute\n|-damage|p1a: Aggron|75\/100|[from] Recoil|[of] p2a: Buzzwole\n|\n|-heal|p2a: Buzzwole|57\/100|[from] item: Leftovers\n|upkeep\n|turn|6\n|\n|t:|1700315252\n|switch|p2a: Mienshao|Mienshao, M, shiny|100\/100\n|-damage|p2a: Mienshao|95\/100|[from] Stealth Rock\n|move|p1a: Aggron|Head Smash|p2a: Mienshao\n|-resisted|p2a: Mienshao\n|-damage|p2a: Mienshao|23\/100\n|-damage|p1a: Aggron|46\/100|[from] Recoil\n|\n|upkeep\n|turn|7\n|\n|t:|1700315267\n|switch|p1a: Glimmora|Glimmora, F|100\/100\n|move|p2a: Mienshao|Close Combat|p1a: Glimmora\n|-damage|p1a: Glimmora|0 fnt\n|-unboost|p2a: Mienshao|def|1\n|-unboost|p2a: Mienshao|spd|1\n|faint|p1a: Glimmora\n|-damage|p2a: Mienshao|13\/100|[from] item: Life Orb\n|\n|upkeep\n|inactive|xxxxxxxf has 90 seconds left.\n|\n|t:|1700315284\n|switch|p1a: Diancie|Diancie|100\/100\n|turn|8\n|inactive|xxxxxxxf has 90 seconds left.\n|\n|t:|1700315298\n|switch|p2a: Toxapex|Toxapex, M, shiny|60\/100\n|-damage|p2a: Toxapex|47\/100|[from] Stealth Rock\n|detailschange|p1a: Diancie|Diancie-Mega\n|-mega|p1a: Diancie|Diancie|Diancite\n|move|p1a: Diancie|Diamond Storm|p2a: Toxapex\n|-damage|p2a: Toxapex|10\/100\n|-boost|p1a: Diancie|def|2\n|\n|upkeep\n|turn|9\n|inactive|xxxxxxxf has 90 seconds left.\n|\n|t:|1700315309\n|move|p1a: Diancie|Diamond Storm|p2a: Toxapex\n|-damage|p2a: Toxapex|0 fnt\n|faint|p2a: Toxapex\n|\n|upkeep\n|\n|t:|1700315315\n|switch|p2a: Beedrill|Beedrill, F|100\/100\n|-damage|p2a: Beedrill|76\/100|[from] Stealth Rock\n|turn|10\n|\n|t:|1700315323\n|switch|p1a: Aggron|Aggron, M|46\/100\n|detailschange|p2a: Beedrill|Beedrill-Mega, F\n|-mega|p2a: Beedrill|Beedrill|Beedrillite\n|move|p2a: Beedrill|Poison Jab|p1a: Aggron\n|-immune|p1a: Aggron\n|\n|upkeep\n|turn|11\n|\n|t:|1700315335\n|move|p2a: Beedrill|Drill Run|p1a: Aggron\n|-supereffective|p1a: Aggron\n|-damage|p1a: Aggron|0 fnt\n|faint|p1a: Aggron\n|\n|upkeep\n|inactive|xxxxxxxf has 90 seconds left.\n|\n|t:|1700315345\n|switch|p1a: Stakataka|Stakataka|100\/100\n|-item|p1a: Stakataka|Air Balloon\n|turn|12\n|\n|t:|1700315352\n|move|p2a: Beedrill|U-turn|p1a: Stakataka\n|-resisted|p1a: Stakataka\n|-damage|p1a: Stakataka|82\/100\n|-enditem|p1a: Stakataka|Air Balloon\n|\n|t:|1700315357\n|switch|p2a: Mienshao|Mienshao, M, shiny|46\/100|[from] U-turn\n|-damage|p2a: Mienshao|40\/100|[from] Stealth Rock\n|move|p1a: Stakataka|Trick Room|p1a: Stakataka\n|-fieldstart|move: Trick Room|[of] p1a: Stakataka\n|\n|upkeep\n|turn|13\n|\n|t:|1700315367\n|move|p1a: Stakataka|Gyro Ball|p2a: Mienshao\n|-damage|p2a: Mienshao|0 fnt\n|faint|p2a: Mienshao\n|-ability|p1a: Stakataka|Beast Boost|boost\n|-boost|p1a: Stakataka|atk|1\n|\n|upkeep\n|\n|t:|1700315373\n|switch|p2a: Pikachu|Pikachu, F|100\/100\n|-damage|p2a: Pikachu|88\/100|[from] Stealth Rock\n|turn|14\n|\n|t:|1700315382\n|move|p2a: Pikachu|Fake Out|p1a: Stakataka\n|-resisted|p1a: Stakataka\n|-damage|p1a: Stakataka|80\/100\n|cant|p1a: Stakataka|flinch\n|\n|upkeep\n|turn|15\n|\n|t:|1700315401\n|switch|p2a: Dragonite|Dragonite, M|100\/100\n|move|p1a: Stakataka|Rock Slide|p2a: Dragonite\n|-supereffective|p2a: Dragonite\n|-crit|p2a: Dragonite\n|-damage|p2a: Dragonite|0 fnt\n|faint|p2a: Dragonite\n|-ability|p1a: Stakataka|Beast Boost|boost\n|-boost|p1a: Stakataka|atk|1\n|\n|upkeep\n|\n|t:|1700315407\n|switch|p2a: Pikachu|Pikachu, F|88\/100\n|-damage|p2a: Pikachu|76\/100|[from] Stealth Rock\n|turn|16\n|inactive|xxxxxxxf has 120 seconds left.\n|\n|t:|1700315433\n|move|p2a: Pikachu|Fake Out|p1a: Stakataka\n|-resisted|p1a: Stakataka\n|-damage|p1a: Stakataka|77\/100\n|cant|p1a: Stakataka|flinch\n|\n|-fieldend|move: Trick Room\n|upkeep\n|turn|17\n|inactive|xxxxxxxf has 120 seconds left.\n|\n|t:|1700315441\n|switch|p2a: Buzzwole|Buzzwole|57\/100\n|-damage|p2a: Buzzwole|45\/100|[from] Stealth Rock\n|-terastallize|p1a: Stakataka|Flying\n|move|p1a: Stakataka|Trick Room|p1a: Stakataka\n|-fieldstart|move: Trick Room|[of] p1a: Stakataka\n|\n|-heal|p2a: Buzzwole|51\/100|[from] item: Leftovers\n|upkeep\n|turn|18\n|\n|t:|1700315452\n|move|p1a: Stakataka|Zen Headbutt|p2a: Buzzwole\n|-supereffective|p2a: Buzzwole\n|-damage|p2a: Buzzwole|0 fnt\n|faint|p2a: Buzzwole\n|-ability|p1a: Stakataka|Beast Boost|boost\n|-boost|p1a: Stakataka|atk|1\n|\n|upkeep\n|\n|t:|1700315455\n|switch|p2a: Pikachu|Pikachu, F|76\/100\n|-damage|p2a: Pikachu|64\/100|[from] Stealth Rock\n|turn|19\n|\n|t:|1700315462\n|-terastallize|p2a: Pikachu|Normal\n|move|p2a: Pikachu|Fake Out|p1a: Stakataka\n|-damage|p1a: Stakataka|62\/100\n|cant|p1a: Stakataka|flinch\n|\n|upkeep\n|turn|20\n|\n|t:|1700315468\n|switch|p2a: Beedrill|Beedrill-Mega, F|76\/100\n|-damage|p2a: Beedrill|51\/100|[from] Stealth Rock\n|move|p1a: Stakataka|Gyro Ball|p2a: Beedrill\n|-damage|p2a: Beedrill|0 fnt\n|faint|p2a: Beedrill\n|-ability|p1a: Stakataka|Beast Boost|boost\n|-boost|p1a: Stakataka|atk|1\n|\n|upkeep\n|\n|t:|1700315474\n|switch|p2a: Pikachu|Pikachu, F, tera:Normal|64\/100\n|-damage|p2a: Pikachu|51\/100|[from] Stealth Rock\n|turn|21\n|\n|t:|1700315487\n|move|p2a: Pikachu|Fake Out|p1a: Stakataka\n|-damage|p1a: Stakataka|46\/100\n|cant|p1a: Stakataka|flinch\n|\n|-fieldend|move: Trick Room\n|upkeep\n|turn|22\n|\n|t:|1700315497\n|move|p2a: Pikachu|Volt Switch|p1a: Stakataka\n|-supereffective|p1a: Stakataka\n|-damage|p1a: Stakataka|0 fnt\n|faint|p1a: Stakataka\n|\n|upkeep\n|\n|t:|1700315502\n|switch|p1a: Diancie|Diancie-Mega|100\/100\n|turn|23\n|\n|t:|1700315509\n|move|p1a: Diancie|Explosion|p2a: Pikachu\n|-damage|p2a: Pikachu|0 fnt\n|faint|p1a: Diancie\n|faint|p2a: Pikachu\n|\n|win|xxxxxxxf\n|raw|xxxxxxxf's rating: 1254 &rarr; <strong>1276<\/strong><br \/>(+22 for winning)\n|raw|suijidyh8's rating: 1211 &rarr; <strong>1189<\/strong><br \/>(-22 for losing)\n","uploadtime":1700315513,"views":6,"p1id":"xxxxxxxf","p2id":"suijidyh8","formatid":"gen9nationaldex","rating":1189,"private":0,"password":""}