{"id":"gen9nationaldex-1990012769","p1":"Sai4rr","p2":"Void280","format":"[Gen 9] National Dex","log":"|j|\u2606Sai4rr\n|j|\u2606Void280\n|t:|1699915319\n|gametype|singles\n|player|p1|Sai4rr|elesa|\n|player|p2|Void280|cynthia-masters|\n|teamsize|p1|6\n|teamsize|p2|6\n|gen|9\n|tier|[Gen 9] National Dex\n|rule|HP Percentage Mod: HP is shown in percentages\n|rule|Endless Battle Clause: Forcing endless battles is banned\n|rule|OHKO Clause: OHKO moves are banned\n|rule|Evasion Clause: Evasion abilities, items, and moves are banned\n|rule|Evasion Abilities Clause: Evasion abilities are banned\n|rule|Evasion Items Clause: Evasion items are banned\n|rule|Evasion Moves Clause: Evasion moves are banned\n|rule|Species Clause: Limit one of each Pok\u00e9mon\n|rule|Sleep Clause Mod: Limit one foe put to sleep\n|clearpoke\n|poke|p1|Corviknight, M|\n|poke|p1|Corsola-Galar, M|\n|poke|p1|Garganacl, F|\n|poke|p1|Cresselia, F|\n|poke|p1|Meowscarada, F|\n|poke|p1|Kommo-o, M|\n|poke|p2|Great Tusk|\n|poke|p2|Ogerpon-Wellspring, F|\n|poke|p2|Lopunny, M|\n|poke|p2|Hydreigon, M|\n|poke|p2|Skeledirge, M|\n|poke|p2|Espeon, F|\n|teampreview\n|\n|t:|1699915329\n|start\n|switch|p1a: Lunita|Cresselia, F, shiny|100\/100\n|switch|p2a: Rose|Espeon, F|100\/100\n|turn|1\n|c|\u2606Sai4rr|Vas a caer potter\n|\n|t:|1699915339\n|-zpower|p2a: Rose\n|move|p2a: Rose|Z-Celebrate|p2a: Rose|[anim]Celebrate\n|-boost|p2a: Rose|atk|1|[zeffect]\n|-boost|p2a: Rose|def|1|[zeffect]\n|-boost|p2a: Rose|spa|1|[zeffect]\n|-boost|p2a: Rose|spd|1|[zeffect]\n|-boost|p2a: Rose|spe|1|[zeffect]\n|-activate|p2a: Rose|move: Celebrate\n|move|p1a: Lunita|Light Screen|p1a: Lunita\n|-sidestart|p1: Sai4rr|move: Light Screen\n|\n|upkeep\n|turn|2\n|c|\u2606Void280|No entiendo el porque de esto\n|\n|t:|1699915349\n|move|p2a: Rose|Calm Mind|p2a: Rose\n|-boost|p2a: Rose|spa|1\n|-boost|p2a: Rose|spd|1\n|move|p1a: Lunita|Reflect|p1a: Lunita\n|-sidestart|p1: Sai4rr|Reflect\n|\n|upkeep\n|turn|3\n|\n|t:|1699915361\n|switch|p1a: Rita|Corsola-Galar, M, shiny|100\/100\n|move|p2a: Rose|Calm Mind|p2a: Rose\n|-boost|p2a: Rose|spa|1\n|-boost|p2a: Rose|spd|1\n|\n|upkeep\n|turn|4\n|\n|t:|1699915368\n|move|p2a: Rose|Stored Power|p1a: Rita\n|-damage|p1a: Rita|34\/100\n|-start|p2a: Rose|Disable|Stored Power|[from] ability: Cursed Body|[of] p1a: Rita\n|move|p1a: Rita|Destiny Bond|p1a: Rita\n|-singlemove|p1a: Rita|Destiny Bond\n|\n|upkeep\n|turn|5\n|\n|t:|1699915378\n|move|p2a: Rose|Calm Mind|p2a: Rose\n|-boost|p2a: Rose|spa|1\n|-boost|p2a: Rose|spd|1\n|move|p1a: Rita|Strength Sap|p2a: Rose\n|move|p2a: Rose|Strength Sap|p1a: Rita|[from]ability: Magic Bounce\n|-unboost|p1a: Rita|atk|1\n|\n|upkeep\n|turn|6\n|c|\u2606Sai4rr|Joder\n|\n|t:|1699915398\n|move|p2a: Rose|Dazzling Gleam|p1a: Rita\n|-damage|p1a: Rita|14\/100\n|move|p1a: Rita|Stealth Rock|p2a: Rose\n|move|p2a: Rose|Stealth Rock|p1a: Rita|[from]ability: Magic Bounce\n|-sidestart|p1: Sai4rr|move: Stealth Rock\n|\n|upkeep\n|turn|7\n|c|\u2606Void280|Bro XD\n|\n|t:|1699915421\n|move|p2a: Rose|Dazzling Gleam|p1a: Rita\n|-crit|p1a: Rita\n|-damage|p1a: Rita|0 fnt\n|faint|p1a: Rita\n|\n|-end|p2a: Rose|Disable\n|upkeep\n|c|\u2606Sai4rr|Lo hice aproposito\n|c|\u2606Void280|Ya ya\n|\n|t:|1699915447\n|switch|p1a: Mascaparada|Meowscarada, F, shiny|100\/100\n|-damage|p1a: Mascaparada|88\/100|[from] Stealth Rock\n|turn|8\n|\n|t:|1699915457\n|move|p2a: Rose|Dazzling Gleam|p1a: Mascaparada\n|-supereffective|p1a: Mascaparada\n|-damage|p1a: Mascaparada|0 fnt\n|faint|p1a: Mascaparada\n|\n|-sideend|p1: Sai4rr|move: Light Screen\n|upkeep\n|\n|t:|1699915466\n|switch|p1a: Ola|Kommo-o, M|100\/100\n|-damage|p1a: Ola|94\/100|[from] Stealth Rock\n|turn|9\n|\n|t:|1699915471\n|move|p2a: Rose|Stored Power|p1a: Ola\n|-supereffective|p1a: Ola\n|-crit|p1a: Ola\n|-damage|p1a: Ola|0 fnt\n|faint|p1a: Ola\n|\n|-sideend|p1: Sai4rr|Reflect\n|upkeep\n|c|\u2606Sai4rr|No\n|\n|t:|1699915481\n|switch|p1a: Lunita|Cresselia, F, shiny|100\/100\n|-damage|p1a: Lunita|88\/100|[from] Stealth Rock\n|turn|10\n|\n|t:|1699915486\n|move|p1a: Lunita|Protect|p1a: Lunita\n|-singleturn|p1a: Lunita|Protect\n|move|p2a: Rose|Stored Power|p1a: Lunita\n|-activate|p1a: Lunita|move: Protect\n|\n|upkeep\n|turn|11\n|\n|t:|1699915498\n|-terastallize|p1a: Lunita|Dark\n|move|p2a: Rose|Stored Power|p1a: Lunita\n|-immune|p1a: Lunita\n|move|p1a: Lunita|Lunar Dance|p1a: Lunita\n|faint|p1a: Lunita\n|\n|upkeep\n|\n|t:|1699915510\n|switch|p1a: Garganta|Garganacl, F|100\/100\n|-damage|p1a: Garganta|88\/100|[from] Stealth Rock\n|turn|12\n|\n|t:|1699915517\n|move|p2a: Rose|Stored Power|p1a: Garganta\n|-crit|p1a: Garganta\n|-damage|p1a: Garganta|0 fnt\n|faint|p1a: Garganta\n|\n|upkeep\n|c|\u2606Sai4rr|Me papiaste\n|\n|t:|1699915529\n|switch|p1a: Pepito|Corviknight, M, shiny|100\/100\n|-damage|p1a: Pepito|88\/100|[from] Stealth Rock\n|-ability|p1a: Pepito|Pressure\n|turn|13\n|c|\u2606Void280|Si\n|\n|t:|1699915538\n|move|p2a: Rose|Stored Power|p1a: Pepito\n|-resisted|p1a: Pepito\n|-damage|p1a: Pepito|0 fnt\n|faint|p1a: Pepito\n|\n|win|Void280\n","uploadtime":1699915544,"views":6,"p1id":"sai4rr","p2id":"void280","formatid":"gen9nationaldex","rating":0,"private":0,"password":""}