{"id":"gen9nationaldex-1989063885","p1":"Ash's Alter Ego","p2":"PPGO","format":"[Gen 9] National Dex","log":"|j|\u2606Ash's Alter Ego\n|j|\u2606PPGO\n|t:|1699808193\n|gametype|singles\n|player|p1|Ash's Alter Ego|ash-sinnoh|1018\n|player|p2|PPGO|170|1078\n|teamsize|p1|6\n|teamsize|p2|6\n|gen|9\n|tier|[Gen 9] National Dex\n|rated|\n|rule|HP Percentage Mod: HP is shown in percentages\n|rule|Endless Battle Clause: Forcing endless battles is banned\n|rule|OHKO Clause: OHKO moves are banned\n|rule|Evasion Clause: Evasion abilities, items, and moves are banned\n|rule|Evasion Abilities Clause: Evasion abilities are banned\n|rule|Evasion Items Clause: Evasion items are banned\n|rule|Evasion Moves Clause: Evasion moves are banned\n|rule|Species Clause: Limit one of each Pok\u00e9mon\n|rule|Sleep Clause Mod: Limit one foe put to sleep\n|clearpoke\n|poke|p1|Gliscor, F|\n|poke|p1|Alomomola, M|\n|poke|p1|Lokix, F|\n|poke|p1|Swoobat, F|\n|poke|p1|Meowscarada, F|\n|poke|p1|Pikachu, F|\n|poke|p2|Ambipom, F|\n|poke|p2|Ariados, F|\n|poke|p2|Leafeon, M|\n|poke|p2|Liepard, F|\n|poke|p2|Sigilyph, F|\n|poke|p2|Gliscor, F|\n|teampreview\n|inactive|Battle timer is ON: inactive players will automatically lose when time's up. (requested by PPGO)\n|\n|t:|1699808206\n|start\n|switch|p1a: Pikachu|Pikachu, F|100\/100\n|switch|p2a: Sigilyph|Sigilyph, F|100\/100\n|turn|1\n|\n|t:|1699808213\n|-terastallize|p1a: Pikachu|Normal\n|move|p1a: Pikachu|Fake Out|p2a: Sigilyph\n|-damage|p2a: Sigilyph|65\/100\n|cant|p2a: Sigilyph|flinch\n|\n|upkeep\n|turn|2\n|\n|t:|1699808221\n|move|p1a: Pikachu|Extreme Speed|p2a: Sigilyph\n|-damage|p2a: Sigilyph|0 fnt\n|faint|p2a: Sigilyph\n|\n|upkeep\n|\n|t:|1699808233\n|switch|p2a: Ambipom|Ambipom, F|100\/100\n|turn|3\n|\n|t:|1699808250\n|switch|p1a: Swoobat|Swoobat, F|100\/100\n|-terastallize|p2a: Ambipom|Normal\n|move|p2a: Ambipom|Fake Out|p1a: Swoobat\n|-enditem|p2a: Ambipom|Normal Gem|[from] gem\n|-damage|p1a: Swoobat|16\/100\n|\n|upkeep\n|turn|4\n|\n|t:|1699808262\n|move|p2a: Ambipom|Double Slap|p1a: Swoobat\n|-damage|p1a: Swoobat|0 fnt\n|faint|p1a: Swoobat\n|-hitcount|p1: Swoobat|1\n|\n|upkeep\n|\n|t:|1699808268\n|switch|p1a: Pikachu|Pikachu, F, tera:Normal|100\/100\n|turn|5\n|\n|t:|1699808285\n|switch|p2a: Gliscor|Gliscor, F|100\/100\n|move|p1a: Pikachu|Fake Out|p2a: Gliscor\n|-damage|p2a: Gliscor|74\/100\n|\n|-status|p2a: Gliscor|tox|[from] item: Toxic Orb\n|upkeep\n|turn|6\n|\n|t:|1699808297\n|switch|p1a: Alomomola|Alomomola, M|100\/100\n|move|p2a: Gliscor|Fire Fang|p1a: Alomomola\n|-resisted|p1a: Alomomola\n|-damage|p1a: Alomomola|93\/100\n|-enditem|p1a: Alomomola|Red Card|[of] p2a: Gliscor\n|drag|p2a: Ambipom|Ambipom, F, tera:Normal|100\/100\n|\n|upkeep\n|turn|7\n|\n|t:|1699808312\n|move|p2a: Ambipom|Power-Up Punch|p1a: Alomomola\n|-damage|p1a: Alomomola|79\/100\n|-boost|p2a: Ambipom|atk|1\n|move|p1a: Alomomola|Knock Off|p2a: Ambipom\n|-damage|p2a: Ambipom|82\/100\n|\n|upkeep\n|turn|8\n|\n|t:|1699808323\n|move|p2a: Ambipom|Power-Up Punch|p1a: Alomomola\n|-damage|p1a: Alomomola|59\/100\n|-boost|p2a: Ambipom|atk|1\n|move|p1a: Alomomola|Wish|p1a: Alomomola\n|\n|upkeep\n|turn|9\n|\n|t:|1699808330\n|move|p2a: Ambipom|Double Slap|p1a: Alomomola\n|-damage|p1a: Alomomola|39\/100\n|-damage|p1a: Alomomola|20\/100\n|-damage|p1a: Alomomola|0 fnt\n|faint|p1a: Alomomola\n|-hitcount|p1: Alomomola|3\n|\n|upkeep\n|\n|t:|1699808337\n|switch|p1a: Gliscor|Gliscor, F|100\/100\n|turn|10\n|\n|t:|1699808347\n|move|p2a: Ambipom|Double Slap|p1a: Gliscor\n|-damage|p1a: Gliscor|79\/100\n|-damage|p1a: Gliscor|59\/100\n|-hitcount|p1a: Gliscor|2\n|move|p1a: Gliscor|Stealth Rock|p2a: Ambipom\n|-sidestart|p2: PPGO|move: Stealth Rock\n|\n|-status|p1a: Gliscor|tox|[from] item: Toxic Orb\n|upkeep\n|turn|11\n|\n|t:|1699808356\n|move|p1a: Gliscor|Protect|p1a: Gliscor\n|-singleturn|p1a: Gliscor|Protect\n|move|p2a: Ambipom|Double Slap|p1a: Gliscor\n|-activate|p1a: Gliscor|move: Protect\n|\n|-heal|p1a: Gliscor|72\/100 tox|[from] ability: Poison Heal\n|upkeep\n|turn|12\n|\n|t:|1699808364\n|move|p2a: Ambipom|Double Slap|p1a: Gliscor|[miss]\n|-miss|p2a: Ambipom|p1a: Gliscor\n|move|p1a: Gliscor|Spikes|p2a: Ambipom\n|-sidestart|p2: PPGO|Spikes\n|\n|-heal|p1a: Gliscor|84\/100 tox|[from] ability: Poison Heal\n|upkeep\n|turn|13\n|\n|t:|1699808372\n|move|p1a: Gliscor|Protect|p1a: Gliscor\n|-singleturn|p1a: Gliscor|Protect\n|move|p2a: Ambipom|Double Slap|p1a: Gliscor\n|-activate|p1a: Gliscor|move: Protect\n|\n|-heal|p1a: Gliscor|97\/100 tox|[from] ability: Poison Heal\n|upkeep\n|turn|14\n|\n|t:|1699808380\n|move|p2a: Ambipom|Double Slap|p1a: Gliscor|[miss]\n|-miss|p2a: Ambipom|p1a: Gliscor\n|move|p1a: Gliscor|Spikes|p2a: Ambipom\n|-sidestart|p2: PPGO|Spikes\n|\n|-heal|p1a: Gliscor|100\/100 tox|[from] ability: Poison Heal\n|upkeep\n|turn|15\n|\n|t:|1699808388\n|move|p2a: Ambipom|Power-Up Punch|p1a: Gliscor\n|-resisted|p1a: Gliscor\n|-damage|p1a: Gliscor|88\/100 tox\n|-boost|p2a: Ambipom|atk|1\n|move|p1a: Gliscor|Spikes|p2a: Ambipom\n|-sidestart|p2: PPGO|Spikes\n|\n|-heal|p1a: Gliscor|99\/100 tox|[from] ability: Poison Heal\n|upkeep\n|turn|16\n|\n|t:|1699808397\n|move|p2a: Ambipom|Double Slap|p1a: Gliscor\n|-damage|p1a: Gliscor|73\/100 tox\n|-damage|p1a: Gliscor|46\/100 tox\n|-damage|p1a: Gliscor|20\/100 tox\n|-hitcount|p1a: Gliscor|3\n|move|p1a: Gliscor|Toxic|p2a: Ambipom\n|-status|p2a: Ambipom|tox\n|\n|-damage|p2a: Ambipom|76\/100 tox|[from] psn\n|-heal|p1a: Gliscor|33\/100 tox|[from] ability: Poison Heal\n|upkeep\n|turn|17\n|\n|t:|1699808410\n|move|p1a: Gliscor|Protect|p1a: Gliscor\n|-singleturn|p1a: Gliscor|Protect\n|move|p2a: Ambipom|Double Slap|p1a: Gliscor\n|-activate|p1a: Gliscor|move: Protect\n|\n|-damage|p2a: Ambipom|64\/100 tox|[from] psn\n|-heal|p1a: Gliscor|45\/100 tox|[from] ability: Poison Heal\n|upkeep\n|turn|18\n|\n|t:|1699808420\n|move|p1a: Gliscor|Protect||[still]\n|-fail|p1a: Gliscor\n|move|p2a: Ambipom|Double Slap|p1a: Gliscor|[miss]\n|-miss|p2a: Ambipom|p1a: Gliscor\n|\n|-damage|p2a: Ambipom|45\/100 tox|[from] psn\n|-heal|p1a: Gliscor|58\/100 tox|[from] ability: Poison Heal\n|upkeep\n|turn|19\n|c|\u2606PPGO|Bro wtf is this\n|\n|t:|1699808435\n|move|p1a: Gliscor|Protect|p1a: Gliscor\n|-singleturn|p1a: Gliscor|Protect\n|move|p2a: Ambipom|Double Slap|p1a: Gliscor\n|-activate|p1a: Gliscor|move: Protect\n|\n|-damage|p2a: Ambipom|20\/100 tox|[from] psn\n|-heal|p1a: Gliscor|70\/100 tox|[from] ability: Poison Heal\n|upkeep\n|turn|20\n|\n|t:|1699808444\n|move|p1a: Gliscor|Protect|p1a: Gliscor\n|-singleturn|p1a: Gliscor|Protect\n|move|p2a: Ambipom|Double Slap|p1a: Gliscor\n|-activate|p1a: Gliscor|move: Protect\n|\n|-damage|p2a: Ambipom|0 fnt|[from] psn\n|faint|p2a: Ambipom\n|-heal|p1a: Gliscor|82\/100 tox|[from] ability: Poison Heal\n|upkeep\n|c|\u2606PPGO|Nice unluck\n|\n|t:|1699808458\n|switch|p2a: Gliscor|Gliscor, F|74\/100 tox\n|-damage|p2a: Gliscor|61\/100 tox|[from] Stealth Rock\n|turn|21\n|\n|t:|1699808462\n|switch|p1a: Meowscarada|Meowscarada, F|100\/100\n|move|p2a: Gliscor|Ice Fang|p1a: Meowscarada\n|-supereffective|p1a: Meowscarada\n|-damage|p1a: Meowscarada|39\/100\n|-status|p1a: Meowscarada|frz\n|\n|-heal|p2a: Gliscor|74\/100 tox|[from] ability: Poison Heal\n|upkeep\n|turn|22\n|\n|t:|1699808474\n|cant|p1a: Meowscarada|frz\n|move|p2a: Gliscor|Ice Fang|p1a: Meowscarada\n|-supereffective|p1a: Meowscarada\n|-damage|p1a: Meowscarada|0 fnt\n|faint|p1a: Meowscarada\n|\n|-heal|p2a: Gliscor|86\/100 tox|[from] ability: Poison Heal\n|upkeep\n|\n|t:|1699808484\n|switch|p1a: Lokix|Lokix, F|100\/100\n|turn|23\n|\n|t:|1699808492\n|move|p1a: Lokix|First Impression|p2a: Gliscor\n|-resisted|p2a: Gliscor\n|-damage|p2a: Gliscor|33\/100 tox\n|-damage|p1a: Lokix|91\/100|[from] item: Life Orb\n|move|p2a: Gliscor|Fire Fang|p1a: Lokix\n|-supereffective|p1a: Lokix\n|-damage|p1a: Lokix|36\/100\n|\n|-heal|p2a: Gliscor|46\/100 tox|[from] ability: Poison Heal\n|upkeep\n|turn|24\n|\n|t:|1699808502\n|move|p1a: Lokix|Sucker Punch|p2a: Gliscor\n|-damage|p2a: Gliscor|6\/100 tox\n|-damage|p1a: Lokix|26\/100|[from] item: Life Orb\n|move|p2a: Gliscor|Fire Fang|p1a: Lokix\n|-supereffective|p1a: Lokix\n|-damage|p1a: Lokix|0 fnt\n|faint|p1a: Lokix\n|\n|-heal|p2a: Gliscor|18\/100 tox|[from] ability: Poison Heal\n|upkeep\n|\n|t:|1699808514\n|switch|p1a: Pikachu|Pikachu, F, tera:Normal|100\/100\n|turn|25\n|\n|t:|1699808517\n|move|p1a: Pikachu|Fake Out|p2a: Gliscor\n|-crit|p2a: Gliscor\n|-damage|p2a: Gliscor|0 fnt\n|faint|p2a: Gliscor\n|\n|upkeep\n|\n|t:|1699808521\n|switch|p2a: Liepard|Liepard, F|100\/100\n|-damage|p2a: Liepard|88\/100|[from] Stealth Rock\n|-damage|p2a: Liepard|63\/100|[from] Spikes\n|turn|26\n|\n|t:|1699808527\n|move|p2a: Liepard|Fake Out|p1a: Pikachu\n|-enditem|p2a: Liepard|Normal Gem|[from] gem\n|-damage|p1a: Pikachu|55\/100\n|cant|p1a: Pikachu|flinch\n|\n|upkeep\n|turn|27\n|\n|t:|1699808533\n|move|p1a: Pikachu|Extreme Speed|p2a: Liepard\n|-damage|p2a: Liepard|0 fnt\n|faint|p2a: Liepard\n|\n|upkeep\n|\n|t:|1699808541\n|switch|p2a: Ariados|Ariados, F|100\/100\n|-damage|p2a: Ariados|76\/100|[from] Stealth Rock\n|-damage|p2a: Ariados|51\/100|[from] Spikes\n|turn|28\n|\n|t:|1699808546\n|move|p1a: Pikachu|Return|p2a: Ariados\n|-damage|p2a: Ariados|0 fnt\n|faint|p2a: Ariados\n|\n|upkeep\n|\n|t:|1699808549\n|switch|p2a: Leafeon|Leafeon, M|100\/100\n|-damage|p2a: Leafeon|88\/100|[from] Stealth Rock\n|-damage|p2a: Leafeon|64\/100|[from] Spikes\n|turn|29\n|\n|t:|1699808557\n|move|p1a: Pikachu|Extreme Speed|p2a: Leafeon\n|-damage|p2a: Leafeon|10\/100\n|move|p2a: Leafeon|Leaf Blade|p1a: Pikachu\n|-crit|p1a: Pikachu\n|-damage|p1a: Pikachu|0 fnt\n|faint|p1a: Pikachu\n|-damage|p2a: Leafeon|0 fnt|[from] item: Life Orb\n|faint|p2a: Leafeon\n|\n|win|Ash's Alter Ego\n|raw|Ash&apos;s Alter Ego's rating: 1018 &rarr; <strong>1062<\/strong><br \/>(+44 for winning)\n|raw|PPGO's rating: 1078 &rarr; <strong>1053<\/strong><br \/>(-25 for losing)\n|l|\u2606PPGO\n","uploadtime":1699808576,"views":7,"p1id":"ashsalterego","p2id":"ppgo","formatid":"gen9nationaldex","rating":1053,"private":0,"password":""}