{"id":"gen9nationaldex-1993192457","p1":"jedkenlim","p2":"DreamFreedom","format":"[Gen 9] National Dex","log":"|j|\u2606jedkenlim\n|j|\u2606DreamFreedom\n|t:|1700276161\n|gametype|singles\n|player|p1|jedkenlim|red|1500\n|player|p2|DreamFreedom|bianca|1571\n|teamsize|p1|6\n|teamsize|p2|6\n|gen|9\n|tier|[Gen 9] National Dex\n|rated|\n|rule|HP Percentage Mod: HP is shown in percentages\n|rule|Endless Battle Clause: Forcing endless battles is banned\n|rule|OHKO Clause: OHKO moves are banned\n|rule|Evasion Clause: Evasion abilities, items, and moves are banned\n|rule|Evasion Abilities Clause: Evasion abilities are banned\n|rule|Evasion Items Clause: Evasion items are banned\n|rule|Evasion Moves Clause: Evasion moves are banned\n|rule|Species Clause: Limit one of each Pok\u00e9mon\n|rule|Sleep Clause Mod: Limit one foe put to sleep\n|clearpoke\n|poke|p1|Rotom-Wash|\n|poke|p1|Swampert, F|\n|poke|p1|Pelipper, M|\n|poke|p1|Zapdos|\n|poke|p1|Kommo-o, F|\n|poke|p1|Ceruledge, M|\n|poke|p2|Kyurem|\n|poke|p2|Moltres|\n|poke|p2|Garchomp, M|\n|poke|p2|Tapu Lele|\n|poke|p2|Sneasler, M|\n|poke|p2|Ogerpon-Wellspring, F|\n|teampreview\n|inactive|Battle timer is ON: inactive players will automatically lose when time's up. (requested by jedkenlim)\n|\n|t:|1700276167\n|start\n|switch|p1a: Pelipper|Pelipper, M, shiny|100\/100\n|switch|p2a: Kyurem|Kyurem|100\/100\n|-ability|p2a: Kyurem|Pressure\n|-weather|RainDance|[from] ability: Drizzle|[of] p1a: Pelipper\n|turn|1\n|\n|t:|1700276174\n|move|p2a: Kyurem|Draco Meteor|p1a: Pelipper|[miss]\n|-miss|p2a: Kyurem|p1a: Pelipper\n|move|p1a: Pelipper|U-turn|p2a: Kyurem\n|-damage|p2a: Kyurem|92\/100\n|\n|t:|1700276191\n|switch|p1a: Ceruledge|Ceruledge, M, shiny|100\/100|[from] U-turn\n|\n|-weather|RainDance|[upkeep]\n|upkeep\n|turn|2\n|\n|t:|1700276199\n|move|p2a: Kyurem|Earth Power|p1a: Ceruledge\n|-supereffective|p1a: Ceruledge\n|-damage|p1a: Ceruledge|3\/100\n|-damage|p2a: Kyurem|82\/100|[from] item: Life Orb\n|move|p1a: Ceruledge|Swords Dance|p1a: Ceruledge\n|-boost|p1a: Ceruledge|atk|2\n|\n|-weather|RainDance|[upkeep]\n|upkeep\n|turn|3\n|\n|t:|1700276212\n|switch|p2a: Tapu Lele|Tapu Lele|100\/100\n|-fieldstart|move: Psychic Terrain|[from] ability: Psychic Surge|[of] p2a: Tapu Lele\n|move|p1a: Ceruledge|Shadow Sneak|p2a: Tapu Lele\n|-activate|p2a: Tapu Lele|move: Psychic Terrain\n|\n|-weather|RainDance|[upkeep]\n|upkeep\n|turn|4\n|\n|t:|1700276225\n|move|p2a: Tapu Lele|Psychic|p1a: Ceruledge\n|-damage|p1a: Ceruledge|0 fnt\n|faint|p1a: Ceruledge\n|\n|-weather|RainDance|[upkeep]\n|upkeep\n|\n|t:|1700276237\n|switch|p1a: Zapdos|Zapdos, shiny|100\/100\n|turn|5\n|\n|t:|1700276241\n|move|p1a: Zapdos|Thunder|p2a: Tapu Lele\n|-damage|p2a: Tapu Lele|35\/100\n|-status|p2a: Tapu Lele|par\n|move|p2a: Tapu Lele|Psychic|p1a: Zapdos\n|-damage|p1a: Zapdos|0 fnt\n|faint|p1a: Zapdos\n|\n|-weather|RainDance|[upkeep]\n|upkeep\n|\n|t:|1700276246\n|switch|p1a: Swampert|Swampert, F, shiny|100\/100\n|turn|6\n|\n|t:|1700276255\n|switch|p2a: Garchomp|Garchomp, M|100\/100\n|detailschange|p1a: Swampert|Swampert-Mega, F, shiny\n|-mega|p1a: Swampert|Swampert|Swampertite\n|move|p1a: Swampert|Earthquake|p2a: Garchomp\n|-damage|p2a: Garchomp|60\/100\n|\n|-weather|RainDance|[upkeep]\n|upkeep\n|turn|7\n|\n|t:|1700276264\n|move|p1a: Swampert|Ice Punch|p2a: Garchomp\n|-supereffective|p2a: Garchomp\n|-damage|p2a: Garchomp|0 fnt\n|-damage|p1a: Swampert|88\/100|[from] ability: Rough Skin|[of] p2a: Garchomp\n|-damage|p1a: Swampert|72\/100|[from] item: Rocky Helmet|[of] p2a: Garchomp\n|faint|p2a: Garchomp\n|\n|-weather|RainDance|[upkeep]\n|-fieldend|move: Psychic Terrain\n|upkeep\n|\n|t:|1700276267\n|switch|p2a: Moltres|Moltres|100\/100\n|turn|8\n|\n|t:|1700276273\n|switch|p2a: Ogerpon|Ogerpon-Wellspring, F|100\/100\n|move|p1a: Swampert|Waterfall|p2a: Ogerpon\n|-immune|p2a: Ogerpon|[from] ability: Water Absorb\n|\n|-weather|none\n|upkeep\n|turn|9\n|\n|t:|1700276283\n|switch|p1a: Pelipper|Pelipper, M, shiny|100\/100\n|-weather|RainDance|[from] ability: Drizzle|[of] p1a: Pelipper\n|move|p2a: Ogerpon|U-turn|p1a: Pelipper\n|-resisted|p1a: Pelipper\n|-damage|p1a: Pelipper|87\/100\n|\n|t:|1700276288\n|switch|p2a: Kyurem|Kyurem|82\/100|[from] U-turn\n|-ability|p2a: Kyurem|Pressure\n|\n|-weather|RainDance|[upkeep]\n|upkeep\n|turn|10\n|\n|t:|1700276291\n|move|p2a: Kyurem|Freeze-Dry|p1a: Pelipper\n|-supereffective|p1a: Pelipper\n|-damage|p1a: Pelipper|0 fnt\n|faint|p1a: Pelipper\n|-damage|p2a: Kyurem|72\/100|[from] item: Life Orb\n|\n|-weather|RainDance|[upkeep]\n|upkeep\n|\n|t:|1700276298\n|switch|p1a: Swampert|Swampert-Mega, F, shiny|72\/100\n|turn|11\n|\n|t:|1700276301\n|switch|p2a: Moltres|Moltres|100\/100\n|move|p1a: Swampert|Superpower|p2a: Moltres\n|-resisted|p2a: Moltres\n|-damage|p2a: Moltres|83\/100\n|-unboost|p1a: Swampert|atk|1\n|-unboost|p1a: Swampert|def|1\n|\n|-weather|RainDance|[upkeep]\n|upkeep\n|turn|12\n|\n|t:|1700276310\n|move|p1a: Swampert|Waterfall|p2a: Moltres\n|-supereffective|p2a: Moltres\n|-damage|p2a: Moltres|13\/100\n|-status|p1a: Swampert|brn|[from] ability: Flame Body|[of] p2a: Moltres\n|move|p2a: Moltres|U-turn|p1a: Swampert\n|-damage|p1a: Swampert|51\/100 brn\n|\n|t:|1700276315\n|switch|p2a: Ogerpon|Ogerpon-Wellspring, F|100\/100|[from] U-turn\n|\n|-weather|RainDance|[upkeep]\n|-damage|p1a: Swampert|44\/100 brn|[from] brn\n|upkeep\n|turn|13\n|\n|t:|1700276319\n|move|p1a: Swampert|Ice Punch|p2a: Ogerpon\n|-damage|p2a: Ogerpon|86\/100\n|move|p2a: Ogerpon|U-turn|p1a: Swampert\n|-damage|p1a: Swampert|8\/100 brn\n|\n|t:|1700276326\n|switch|p2a: Kyurem|Kyurem|72\/100|[from] U-turn\n|-ability|p2a: Kyurem|Pressure\n|\n|-weather|RainDance|[upkeep]\n|-damage|p1a: Swampert|1\/100 brn|[from] brn\n|upkeep\n|turn|14\n|\n|t:|1700276335\n|-terastallize|p2a: Kyurem|Fairy\n|move|p1a: Swampert|Superpower|p2a: Kyurem\n|-resisted|p2a: Kyurem\n|-damage|p2a: Kyurem|64\/100\n|-unboost|p1a: Swampert|atk|1\n|-unboost|p1a: Swampert|def|1\n|move|p2a: Kyurem|Roost|p2a: Kyurem\n|-heal|p2a: Kyurem|100\/100\n|\n|-weather|RainDance|[upkeep]\n|-damage|p1a: Swampert|0 fnt|[from] brn\n|faint|p1a: Swampert\n|upkeep\n|\n|t:|1700276340\n|switch|p1a: Rotom|Rotom-Wash, shiny|100\/100\n|turn|15\n|\n|t:|1700276343\n|move|p2a: Kyurem|Freeze-Dry|p1a: Rotom\n|-supereffective|p1a: Rotom\n|-damage|p1a: Rotom|7\/100\n|-damage|p2a: Kyurem|91\/100|[from] item: Life Orb\n|move|p1a: Rotom|Will-O-Wisp|p2a: Kyurem\n|-status|p2a: Kyurem|brn\n|\n|-weather|RainDance|[upkeep]\n|-heal|p1a: Rotom|14\/100|[from] item: Leftovers\n|-damage|p2a: Kyurem|84\/100 brn|[from] brn\n|upkeep\n|turn|16\n|\n|t:|1700276353\n|move|p1a: Rotom|Protect|p1a: Rotom\n|-singleturn|p1a: Rotom|Protect\n|move|p2a: Kyurem|Freeze-Dry|p1a: Rotom\n|-activate|p1a: Rotom|move: Protect\n|\n|-weather|none\n|-heal|p1a: Rotom|20\/100|[from] item: Leftovers\n|-damage|p2a: Kyurem|78\/100 brn|[from] brn\n|upkeep\n|turn|17\n|\n|t:|1700276365\n|move|p2a: Kyurem|Freeze-Dry|p1a: Rotom\n|-supereffective|p1a: Rotom\n|-damage|p1a: Rotom|0 fnt\n|faint|p1a: Rotom\n|-damage|p2a: Kyurem|68\/100 brn|[from] item: Life Orb\n|\n|-damage|p2a: Kyurem|62\/100 brn|[from] brn\n|upkeep\n|\n|t:|1700276368\n|switch|p1a: Kommo-o|Kommo-o, F|100\/100\n|turn|18\n|\n|t:|1700276372\n|-terastallize|p1a: Kommo-o|Normal\n|move|p2a: Kyurem|Earth Power|p1a: Kommo-o\n|-damage|p1a: Kommo-o|51\/100\n|-damage|p2a: Kyurem|52\/100 brn|[from] item: Life Orb\n|move|p1a: Kommo-o|Clangorous Soul|p1a: Kommo-o\n|-boost|p1a: Kommo-o|atk|1\n|-boost|p1a: Kommo-o|def|1\n|-boost|p1a: Kommo-o|spa|1\n|-boost|p1a: Kommo-o|spd|1\n|-boost|p1a: Kommo-o|spe|1\n|-damage|p1a: Kommo-o|18\/100\n|-enditem|p1a: Kommo-o|Throat Spray\n|-boost|p1a: Kommo-o|spa|1|[from] item: Throat Spray\n|\n|-damage|p2a: Kyurem|46\/100 brn|[from] brn\n|upkeep\n|turn|19\n|\n|t:|1700276386\n|move|p1a: Kommo-o|Boomburst|p2a: Kyurem\n|-damage|p2a: Kyurem|0 fnt\n|faint|p2a: Kyurem\n|\n|upkeep\n|\n|t:|1700276389\n|switch|p2a: Tapu Lele|Tapu Lele|35\/100 par\n|-fieldstart|move: Psychic Terrain|[from] ability: Psychic Surge|[of] p2a: Tapu Lele\n|turn|20\n|\n|t:|1700276394\n|move|p1a: Kommo-o|Boomburst|p2a: Tapu Lele\n|-damage|p2a: Tapu Lele|0 fnt\n|faint|p2a: Tapu Lele\n|\n|upkeep\n|\n|t:|1700276397\n|switch|p2a: Sneasler|Sneasler, M|100\/100\n|-enditem|p2a: Sneasler|Psychic Seed\n|-boost|p2a: Sneasler|spd|1|[from] item: Psychic Seed\n|turn|21\n|\n|t:|1700276406\n|move|p2a: Sneasler|Close Combat|p1a: Kommo-o\n|-supereffective|p1a: Kommo-o\n|-damage|p1a: Kommo-o|0 fnt\n|-unboost|p2a: Sneasler|def|1\n|-unboost|p2a: Sneasler|spd|1\n|faint|p1a: Kommo-o\n|\n|win|DreamFreedom\n|raw|jedkenlim's rating: 1500 &rarr; <strong>1484<\/strong><br \/>(-16 for losing)\n|raw|DreamFreedom's rating: 1571 &rarr; <strong>1587<\/strong><br \/>(+16 for winning)\n","uploadtime":1700276410,"views":8,"p1id":"jedkenlim","p2id":"dreamfreedom","formatid":"gen9nationaldex","rating":1484,"private":0,"password":""}