{"id":"gen9nationaldex-1990176506","p1":"ALostSoul123","p2":"BanZui","format":"[Gen 9] National Dex","log":"|j|\u2606ALostSoul123\n|j|\u2606BanZui\n|t:|1699933207\n|gametype|singles\n|player|p1|ALostSoul123|iris-gen5bw2|1205\n|player|p2|BanZui|may-contest|1297\n|teamsize|p1|6\n|teamsize|p2|6\n|gen|9\n|tier|[Gen 9] National Dex\n|rated|\n|rule|HP Percentage Mod: HP is shown in percentages\n|rule|Endless Battle Clause: Forcing endless battles is banned\n|rule|OHKO Clause: OHKO moves are banned\n|rule|Evasion Clause: Evasion abilities, items, and moves are banned\n|rule|Evasion Abilities Clause: Evasion abilities are banned\n|rule|Evasion Items Clause: Evasion items are banned\n|rule|Evasion Moves Clause: Evasion moves are banned\n|rule|Species Clause: Limit one of each Pok\u00e9mon\n|rule|Sleep Clause Mod: Limit one foe put to sleep\n|clearpoke\n|poke|p1|Flareon, M|\n|poke|p1|Hatterene, F|\n|poke|p1|Beedrill, M|\n|poke|p1|Swellow, F|\n|poke|p1|Dragonite, F|\n|poke|p1|Blaziken, M|\n|poke|p2|Venusaur, F|\n|poke|p2|Infernape, M|\n|poke|p2|Vikavolt, M|\n|poke|p2|Iron Valiant|\n|poke|p2|Blastoise, M|\n|poke|p2|Clodsire, M|\n|teampreview\n|inactive|Battle timer is ON: inactive players will automatically lose when time's up. (requested by BanZui)\n|\n|t:|1699933213\n|start\n|switch|p1a: Beedrill|Beedrill, M|100\/100\n|switch|p2a: \u94f6\u8272\u6218\u8f66|Vikavolt, M, shiny|100\/100\n|turn|1\n|\n|t:|1699933220\n|detailschange|p1a: Beedrill|Beedrill-Mega, M\n|-mega|p1a: Beedrill|Beedrill|Beedrillite\n|move|p1a: Beedrill|U-turn|p2a: \u94f6\u8272\u6218\u8f66\n|-damage|p2a: \u94f6\u8272\u6218\u8f66|18\/100\n|\n|t:|1699933226\n|switch|p1a: Flareon|Flareon, M|100\/100|[from] U-turn\n|move|p2a: \u94f6\u8272\u6218\u8f66|Zap Cannon|p1a: Flareon\n|-damage|p1a: Flareon|27\/100\n|-status|p1a: Flareon|par\n|\n|upkeep\n|turn|2\n|\n|t:|1699933240\n|move|p1a: Flareon|Quick Attack|p2a: \u94f6\u8272\u6218\u8f66\n|-damage|p2a: \u94f6\u8272\u6218\u8f66|0 fnt\n|faint|p2a: \u94f6\u8272\u6218\u8f66\n|\n|upkeep\n|\n|t:|1699933260\n|switch|p2a: \u7ea2\u8272\u9b54\u672f\u5e08|Infernape, M, shiny|100\/100\n|turn|3\n|\n|t:|1699933270\n|-terastallize|p2a: \u7ea2\u8272\u9b54\u672f\u5e08|Fire\n|move|p2a: \u7ea2\u8272\u9b54\u672f\u5e08|Raging Fury|p1a: Flareon\n|-resisted|p1a: Flareon\n|-damage|p1a: Flareon|0 fnt\n|faint|p1a: Flareon\n|\n|upkeep\n|\n|t:|1699933289\n|switch|p1a: Blaziken|Blaziken, M|100\/100\n|turn|4\n|\n|t:|1699933302\n|move|p2a: \u7ea2\u8272\u9b54\u672f\u5e08|Raging Fury|p1a: Blaziken|[from]lockedmove\n|-resisted|p1a: Blaziken\n|-damage|p1a: Blaziken|16\/100\n|-start|p2a: \u7ea2\u8272\u9b54\u672f\u5e08|confusion|[fatigue]\n|move|p1a: Blaziken|Focus Energy|p1a: Blaziken\n|-start|p1a: Blaziken|move: Focus Energy\n|\n|-ability|p1a: Blaziken|Speed Boost|boost\n|-boost|p1a: Blaziken|spe|1\n|upkeep\n|turn|5\n|\n|t:|1699933312\n|move|p1a: Blaziken|Protect|p1a: Blaziken\n|-singleturn|p1a: Blaziken|Protect\n|-activate|p2a: \u7ea2\u8272\u9b54\u672f\u5e08|confusion\n|move|p2a: \u7ea2\u8272\u9b54\u672f\u5e08|Raging Fury|p1a: Blaziken\n|-activate|p1a: Blaziken|move: Protect\n|\n|-ability|p1a: Blaziken|Speed Boost|boost\n|-boost|p1a: Blaziken|spe|1\n|upkeep\n|turn|6\n|\n|t:|1699933331\n|switch|p2a: \u7d2b\u8272\u9690\u8005|Blastoise, M, shiny|100\/100\n|move|p1a: Blaziken|Close Combat|p2a: \u7d2b\u8272\u9690\u8005\n|-crit|p2a: \u7d2b\u8272\u9690\u8005\n|-damage|p2a: \u7d2b\u8272\u9690\u8005|41\/100\n|-unboost|p1a: Blaziken|def|1\n|-unboost|p1a: Blaziken|spd|1\n|-damage|p1a: Blaziken|0 fnt|[from] item: Rocky Helmet|[of] p2a: \u7d2b\u8272\u9690\u8005\n|faint|p1a: Blaziken\n|\n|upkeep\n|\n|t:|1699933341\n|switch|p1a: Beedrill|Beedrill-Mega, M|100\/100\n|turn|7\n|\n|t:|1699933348\n|move|p1a: Beedrill|U-turn|p2a: \u7d2b\u8272\u9690\u8005\n|-damage|p2a: \u7d2b\u8272\u9690\u8005|3\/100\n|-damage|p1a: Beedrill|84\/100|[from] item: Rocky Helmet|[of] p2a: \u7d2b\u8272\u9690\u8005\n|\n|t:|1699933355\n|switch|p1a: Dragonite|Dragonite, F|100\/100|[from] U-turn\n|move|p2a: \u7d2b\u8272\u9690\u8005|Yawn|p1a: Dragonite\n|-start|p1a: Dragonite|move: Yawn|[of] p2a: \u7d2b\u8272\u9690\u8005\n|\n|upkeep\n|turn|8\n|\n|t:|1699933370\n|switch|p1a: Beedrill|Beedrill-Mega, M|84\/100\n|move|p2a: \u7d2b\u8272\u9690\u8005|Toxic|p1a: Beedrill\n|-immune|p1a: Beedrill\n|\n|upkeep\n|turn|9\n|\n|t:|1699933380\n|move|p1a: Beedrill|Fell Stinger|p2a: \u7d2b\u8272\u9690\u8005\n|-damage|p2a: \u7d2b\u8272\u9690\u8005|0 fnt\n|-damage|p1a: Beedrill|67\/100|[from] item: Rocky Helmet|[of] p2a: \u7d2b\u8272\u9690\u8005\n|faint|p2a: \u7d2b\u8272\u9690\u8005\n|-boost|p1a: Beedrill|atk|3\n|\n|upkeep\n|\n|t:|1699933389\n|switch|p2a: \u767d\u91d1\u4e4b\u661f|Iron Valiant, shiny|100\/100\n|-enditem|p2a: \u767d\u91d1\u4e4b\u661f|Booster Energy\n|-activate|p2a: \u767d\u91d1\u4e4b\u661f|ability: Quark Drive|[fromitem]\n|-start|p2a: \u767d\u91d1\u4e4b\u661f|quarkdrivespe\n|turn|10\n|\n|t:|1699933403\n|move|p2a: \u767d\u91d1\u4e4b\u661f|Knock Off|p1a: Beedrill\n|-damage|p1a: Beedrill|13\/100\n|move|p1a: Beedrill|Poison Jab|p2a: \u767d\u91d1\u4e4b\u661f\n|-supereffective|p2a: \u767d\u91d1\u4e4b\u661f\n|-damage|p2a: \u767d\u91d1\u4e4b\u661f|0 fnt\n|faint|p2a: \u767d\u91d1\u4e4b\u661f\n|-end|p2a: \u767d\u91d1\u4e4b\u661f|Quark Drive|[silent]\n|\n|upkeep\n|\n|t:|1699933419\n|switch|p2a: \u7eff\u4e4b\u6cd5\u7687|Venusaur, F, shiny|100\/100\n|turn|11\n|\n|t:|1699933427\n|detailschange|p2a: \u7eff\u4e4b\u6cd5\u7687|Venusaur-Mega, F, shiny\n|-mega|p2a: \u7eff\u4e4b\u6cd5\u7687|Venusaur|Venusaurite\n|move|p1a: Beedrill|Poison Jab|p2a: \u7eff\u4e4b\u6cd5\u7687\n|-damage|p2a: \u7eff\u4e4b\u6cd5\u7687|0 fnt\n|faint|p2a: \u7eff\u4e4b\u6cd5\u7687\n|\n|upkeep\n|\n|t:|1699933433\n|switch|p2a: \u7ea2\u8272\u9b54\u672f\u5e08|Infernape, M, shiny, tera:Fire|100\/100\n|turn|12\n|\n|t:|1699933440\n|move|p1a: Beedrill|Poison Jab|p2a: \u7ea2\u8272\u9b54\u672f\u5e08\n|-damage|p2a: \u7ea2\u8272\u9b54\u672f\u5e08|0 fnt\n|faint|p2a: \u7ea2\u8272\u9b54\u672f\u5e08\n|\n|upkeep\n|-message|BanZui forfeited.\n|\n|win|ALostSoul123\n|raw|ALostSoul123's rating: 1205 &rarr; <strong>1236<\/strong><br \/>(+31 for winning)\n|raw|BanZui's rating: 1297 &rarr; <strong>1266<\/strong><br \/>(-31 for losing)\n|l|\u2606BanZui\n","uploadtime":1699933448,"views":8,"p1id":"alostsoul123","p2id":"banzui","formatid":"gen9nationaldex","rating":1236,"private":0,"password":""}