{"id":"gen9nationaldex-1999395669","p1":"Pipeso","p2":"EnowLittleDreamer","format":"[Gen 9] National Dex","log":"|html|<div class=\"broadcast-blue\"><strong>[Gen 9] National Dex is currently suspecting Sneasler! For information on how to participate check out the <a href=\"https:\/\/www.smogon.com\/forums\/threads\/sv-national-dex-suspect-8-just-dance.3731534\/\">suspect thread<\/a>.<\/strong><\/div>\n|j|\u2606Pipeso\n|j|\u2606EnowLittleDreamer\n|t:|1701073267\n|gametype|singles\n|player|p1|Pipeso|hilbert|1020\n|player|p2|EnowLittleDreamer|preschooler|1119\n|teamsize|p1|6\n|teamsize|p2|6\n|gen|9\n|tier|[Gen 9] National Dex\n|rated|\n|rule|HP Percentage Mod: HP is shown in percentages\n|rule|Endless Battle Clause: Forcing endless battles is banned\n|rule|OHKO Clause: OHKO moves are banned\n|rule|Evasion Clause: Evasion abilities, items, and moves are banned\n|rule|Evasion Abilities Clause: Evasion abilities are banned\n|rule|Evasion Items Clause: Evasion items are banned\n|rule|Evasion Moves Clause: Evasion moves are banned\n|rule|Species Clause: Limit one of each Pok\u00e9mon\n|rule|Sleep Clause Mod: Limit one foe put to sleep\n|clearpoke\n|poke|p1|Samurott-Hisui, M|\n|poke|p1|Gogoat, M|\n|poke|p1|Lycanroc-Midnight, M|\n|poke|p1|Centiskorch, M|\n|poke|p1|Ursaluna, M|\n|poke|p1|Farigiraf, M|\n|poke|p2|Ninetales-Alola, M|\n|poke|p2|Togetic, F|\n|poke|p2|Cherrim, F|\n|poke|p2|Dachsbun, M|\n|poke|p2|Gourgeist-*, F|\n|poke|p2|Chimecho, M|\n|teampreview\n|\n|t:|1701073274\n|start\n|switch|p1a: Lycanroc|Lycanroc-Midnight, M|100\/100\n|switch|p2a: Snowball \u2744\ufe0f|Ninetales-Alola, M, shiny|100\/100\n|-weather|Snow|[from] ability: Snow Warning|[of] p2a: Snowball \u2744\ufe0f\n|turn|1\n|\n|t:|1701073283\n|move|p2a: Snowball \u2744\ufe0f|Aurora Veil|p2a: Snowball \u2744\ufe0f\n|-sidestart|p2: EnowLittleDreamer|move: Aurora Veil\n|move|p1a: Lycanroc|Stone Edge|p2a: Snowball \u2744\ufe0f\n|-supereffective|p2a: Snowball \u2744\ufe0f\n|-damage|p2a: Snowball \u2744\ufe0f|40\/100\n|-damage|p1a: Lycanroc|91\/100|[from] item: Life Orb\n|\n|-weather|Snow|[upkeep]\n|upkeep\n|turn|2\n|\n|t:|1701073293\n|move|p2a: Snowball \u2744\ufe0f|Blizzard|p1a: Lycanroc\n|-damage|p1a: Lycanroc|33\/100\n|move|p1a: Lycanroc|Stone Edge|p2a: Snowball \u2744\ufe0f\n|-supereffective|p2a: Snowball \u2744\ufe0f\n|-damage|p2a: Snowball \u2744\ufe0f|0 fnt\n|faint|p2a: Snowball \u2744\ufe0f\n|-damage|p1a: Lycanroc|23\/100|[from] item: Life Orb\n|\n|-weather|Snow|[upkeep]\n|upkeep\n|\n|t:|1701073315\n|switch|p2a: Little light \ud83c\udf83|Gourgeist-Super, F|100\/100\n|turn|3\n|\n|t:|1701073321\n|move|p2a: Little light \ud83c\udf83|Shadow Sneak|p1a: Lycanroc\n|-damage|p1a: Lycanroc|3\/100\n|move|p1a: Lycanroc|Fire Punch|p2a: Little light \ud83c\udf83\n|-supereffective|p2a: Little light \ud83c\udf83\n|-damage|p2a: Little light \ud83c\udf83|76\/100\n|-damage|p1a: Lycanroc|0 fnt|[from] item: Life Orb\n|faint|p1a: Lycanroc\n|\n|-weather|Snow|[upkeep]\n|-heal|p2a: Little light \ud83c\udf83|82\/100|[from] item: Leftovers\n|upkeep\n|\n|t:|1701073332\n|switch|p1a: Farigiraf|Farigiraf, M|100\/100\n|turn|4\n|\n|t:|1701073338\n|move|p1a: Farigiraf|Shadow Ball|p2a: Little light \ud83c\udf83\n|-supereffective|p2a: Little light \ud83c\udf83\n|-damage|p2a: Little light \ud83c\udf83|60\/100\n|move|p2a: Little light \ud83c\udf83|Will-O-Wisp|p1a: Farigiraf\n|-status|p1a: Farigiraf|brn\n|\n|-weather|Snow|[upkeep]\n|-heal|p2a: Little light \ud83c\udf83|66\/100|[from] item: Leftovers\n|-damage|p1a: Farigiraf|94\/100 brn|[from] brn\n|upkeep\n|turn|5\n|\n|t:|1701073352\n|switch|p2a: Angel \ud83d\udc96|Togetic, F|100\/100\n|move|p1a: Farigiraf|Shadow Ball|p2a: Angel \ud83d\udc96\n|-damage|p2a: Angel \ud83d\udc96|94\/100\n|\n|-weather|none\n|-heal|p1a: Farigiraf|100\/100 brn|[from] item: Leftovers\n|-damage|p1a: Farigiraf|94\/100 brn|[from] brn\n|upkeep\n|turn|6\n|\n|t:|1701073364\n|move|p1a: Farigiraf|Hyper Voice|p2a: Angel \ud83d\udc96\n|-damage|p2a: Angel \ud83d\udc96|83\/100\n|move|p2a: Angel \ud83d\udc96|Ancient Power|p1a: Farigiraf\n|-damage|p1a: Farigiraf|82\/100 brn\n|\n|-heal|p1a: Farigiraf|89\/100 brn|[from] item: Leftovers\n|-damage|p1a: Farigiraf|82\/100 brn|[from] brn\n|upkeep\n|turn|7\n|-message|Pipeso forfeited.\n|\n|win|EnowLittleDreamer\n|raw|Pipeso's rating: 1020 &rarr; <strong>1011<\/strong><br \/>(-9 for losing)\n|raw|EnowLittleDreamer's rating: 1119 &rarr; <strong>1137<\/strong><br \/>(+18 for winning)\n|l|\u2606Pipeso\n","uploadtime":1701073389,"views":8,"p1id":"pipeso","p2id":"enowlittledreamer","formatid":"gen9nationaldex","rating":1011,"private":0,"password":""}