{"id":"gen9nationaldex-1997824667","p1":"njlkjljlkj","p2":"zeonteo","format":"[Gen 9] National Dex","log":"|html|<div class=\"broadcast-blue\"><strong>[Gen 9] National Dex is currently suspecting Sneasler! For information on how to participate check out the <a href=\"https:\/\/www.smogon.com\/forums\/threads\/sv-national-dex-suspect-8-just-dance.3731534\/\">suspect thread<\/a>.<\/strong><\/div>\n|j|\u2606njlkjljlkj\n|j|\u2606zeonteo\n|t:|1700856700\n|gametype|singles\n|player|p1|njlkjljlkj|265|1264\n|player|p2|zeonteo|pokemonranger-gen4|1357\n|teamsize|p1|6\n|teamsize|p2|6\n|gen|9\n|tier|[Gen 9] National Dex\n|rated|\n|rule|HP Percentage Mod: HP is shown in percentages\n|rule|Endless Battle Clause: Forcing endless battles is banned\n|rule|OHKO Clause: OHKO moves are banned\n|rule|Evasion Clause: Evasion abilities, items, and moves are banned\n|rule|Evasion Abilities Clause: Evasion abilities are banned\n|rule|Evasion Items Clause: Evasion items are banned\n|rule|Evasion Moves Clause: Evasion moves are banned\n|rule|Species Clause: Limit one of each Pok\u00e9mon\n|rule|Sleep Clause Mod: Limit one foe put to sleep\n|clearpoke\n|poke|p1|Corviknight, M|\n|poke|p1|Gengar, F|\n|poke|p1|Garchomp, F|\n|poke|p1|Clodsire, M|\n|poke|p1|Aerodactyl, F|\n|poke|p1|Kabutops, M|\n|poke|p2|Lopunny, F|\n|poke|p2|Gliscor, M|\n|poke|p2|Skarmory, F|\n|poke|p2|Volcarona, M|\n|poke|p2|Toxapex, F|\n|poke|p2|Garganacl, F|\n|teampreview\n|inactive|Battle timer is ON: inactive players will automatically lose when time's up. (requested by zeonteo)\n|\n|t:|1700856709\n|start\n|switch|p1a: Kabutops|Kabutops, M|100\/100\n|switch|p2a: SALTEDCARAMEL|Garganacl, F|100\/100\n|turn|1\n|\n|t:|1700856716\n|-terastallize|p2a: SALTEDCARAMEL|Water\n|move|p1a: Kabutops|Stealth Rock|p2a: SALTEDCARAMEL\n|-sidestart|p2: zeonteo|move: Stealth Rock\n|move|p2a: SALTEDCARAMEL|Iron Defense|p2a: SALTEDCARAMEL\n|-boost|p2a: SALTEDCARAMEL|def|2\n|\n|upkeep\n|turn|2\n|\n|t:|1700856725\n|switch|p1a: Clodsire|Clodsire, M|100\/100\n|move|p2a: SALTEDCARAMEL|Salt Cure|p1a: Clodsire\n|-resisted|p1a: Clodsire\n|-damage|p1a: Clodsire|93\/100\n|-start|p1a: Clodsire|Salt Cure\n|\n|-heal|p1a: Clodsire|99\/100|[from] item: Leftovers\n|-damage|p1a: Clodsire|86\/100|[from] Salt Cure\n|upkeep\n|turn|3\n|\n|t:|1700856736\n|move|p2a: SALTEDCARAMEL|Iron Defense|p2a: SALTEDCARAMEL\n|-boost|p2a: SALTEDCARAMEL|def|2\n|move|p1a: Clodsire|Toxic|p2a: SALTEDCARAMEL\n|-immune|p2a: SALTEDCARAMEL|[from] ability: Purifying Salt\n|\n|-heal|p1a: Clodsire|93\/100|[from] item: Leftovers\n|-damage|p1a: Clodsire|80\/100|[from] Salt Cure\n|upkeep\n|turn|4\n|\n|t:|1700856746\n|move|p2a: SALTEDCARAMEL|Body Press|p1a: Clodsire\n|-resisted|p1a: Clodsire\n|-crit|p1a: Clodsire\n|-damage|p1a: Clodsire|62\/100\n|move|p1a: Clodsire|Earthquake|p2a: SALTEDCARAMEL\n|-damage|p2a: SALTEDCARAMEL|83\/100\n|\n|-heal|p2a: SALTEDCARAMEL|90\/100|[from] item: Leftovers\n|-heal|p1a: Clodsire|68\/100|[from] item: Leftovers\n|-damage|p1a: Clodsire|56\/100|[from] Salt Cure\n|upkeep\n|turn|5\n|\n|t:|1700856758\n|move|p2a: SALTEDCARAMEL|Salt Cure|p1a: Clodsire\n|-resisted|p1a: Clodsire\n|-damage|p1a: Clodsire|48\/100\n|move|p1a: Clodsire|Recover|p1a: Clodsire\n|-heal|p1a: Clodsire|98\/100\n|\n|-heal|p2a: SALTEDCARAMEL|96\/100|[from] item: Leftovers\n|-heal|p1a: Clodsire|100\/100|[from] item: Leftovers\n|-damage|p1a: Clodsire|88\/100|[from] Salt Cure\n|upkeep\n|turn|6\n|\n|t:|1700856769\n|switch|p1a: Corviknight|Corviknight, M|100\/100\n|-ability|p1a: Corviknight|Pressure\n|move|p2a: SALTEDCARAMEL|Iron Defense|p2a: SALTEDCARAMEL\n|-boost|p2a: SALTEDCARAMEL|def|2\n|\n|-heal|p2a: SALTEDCARAMEL|100\/100|[from] item: Leftovers\n|upkeep\n|turn|7\n|\n|t:|1700856778\n|move|p1a: Corviknight|Body Press|p2a: SALTEDCARAMEL\n|-damage|p2a: SALTEDCARAMEL|96\/100\n|move|p2a: SALTEDCARAMEL|Salt Cure|p1a: Corviknight\n|-damage|p1a: Corviknight|91\/100\n|-start|p1a: Corviknight|Salt Cure\n|\n|-heal|p2a: SALTEDCARAMEL|100\/100|[from] item: Leftovers\n|-damage|p1a: Corviknight|66\/100|[from] Salt Cure\n|upkeep\n|turn|8\n|\n|t:|1700856789\n|move|p1a: Corviknight|U-turn|p2a: SALTEDCARAMEL\n|-damage|p2a: SALTEDCARAMEL|98\/100\n|\n|t:|1700856793\n|switch|p1a: Clodsire|Clodsire, M|88\/100|[from] U-turn\n|move|p2a: SALTEDCARAMEL|Body Press|p1a: Clodsire\n|-resisted|p1a: Clodsire\n|-damage|p1a: Clodsire|74\/100\n|\n|-heal|p2a: SALTEDCARAMEL|100\/100|[from] item: Leftovers\n|-heal|p1a: Clodsire|80\/100|[from] item: Leftovers\n|upkeep\n|turn|9\n|\n|t:|1700856804\n|move|p2a: SALTEDCARAMEL|Salt Cure|p1a: Clodsire\n|-resisted|p1a: Clodsire\n|-damage|p1a: Clodsire|73\/100\n|-start|p1a: Clodsire|Salt Cure\n|move|p1a: Clodsire|Earthquake|p2a: SALTEDCARAMEL\n|-damage|p2a: SALTEDCARAMEL|83\/100\n|\n|-heal|p2a: SALTEDCARAMEL|89\/100|[from] item: Leftovers\n|-heal|p1a: Clodsire|79\/100|[from] item: Leftovers\n|-damage|p1a: Clodsire|67\/100|[from] Salt Cure\n|upkeep\n|turn|10\n|\n|t:|1700856817\n|switch|p2a: STARSCREAMZ|Skarmory, F|100\/100\n|-damage|p2a: STARSCREAMZ|88\/100|[from] Stealth Rock\n|move|p1a: Clodsire|Recover|p1a: Clodsire\n|-heal|p1a: Clodsire|100\/100\n|\n|-damage|p1a: Clodsire|88\/100|[from] Salt Cure\n|upkeep\n|turn|11\n|\n|t:|1700856826\n|switch|p1a: Gengar|Gengar, F|100\/100\n|move|p2a: STARSCREAMZ|Stealth Rock|p1a: Gengar\n|-sidestart|p1: njlkjljlkj|move: Stealth Rock\n|\n|upkeep\n|turn|12\n|\n|t:|1700856836\n|switch|p2a: NIGHTMARE|Gliscor, M|100\/100\n|-damage|p2a: NIGHTMARE|88\/100|[from] Stealth Rock\n|move|p1a: Gengar|Thunderbolt|p2a: NIGHTMARE\n|-immune|p2a: NIGHTMARE\n|\n|-status|p2a: NIGHTMARE|tox|[from] item: Toxic Orb\n|upkeep\n|turn|13\n|\n|t:|1700856847\n|switch|p1a: Kabutops|Kabutops, M|100\/100\n|-damage|p1a: Kabutops|88\/100|[from] Stealth Rock\n|move|p2a: NIGHTMARE|Knock Off|p1a: Kabutops\n|-damage|p1a: Kabutops|61\/100\n|-ability|p1a: Kabutops|Weak Armor|boost\n|-unboost|p1a: Kabutops|def|1\n|-boost|p1a: Kabutops|spe|2\n|-enditem|p1a: Kabutops|Focus Sash|[from] move: Knock Off|[of] p2a: NIGHTMARE\n|\n|-heal|p2a: NIGHTMARE|100\/100 tox|[from] ability: Poison Heal\n|upkeep\n|turn|14\n|\n|t:|1700856861\n|switch|p2a: DURIAN|Toxapex, F|100\/100\n|-damage|p2a: DURIAN|88\/100|[from] Stealth Rock\n|move|p1a: Kabutops|Ice Beam|p2a: DURIAN\n|-resisted|p2a: DURIAN\n|-damage|p2a: DURIAN|80\/100\n|\n|-heal|p2a: DURIAN|86\/100|[from] item: Leftovers\n|upkeep\n|turn|15\n|\n|t:|1700856876\n|move|p1a: Kabutops|Rapid Spin|p2a: DURIAN\n|-damage|p2a: DURIAN|78\/100\n|-boost|p1a: Kabutops|spe|1\n|-sideend|p1: njlkjljlkj|Stealth Rock|[from] move: Rapid Spin|[of] p1a: Kabutops\n|move|p2a: DURIAN|Scald|p1a: Kabutops\n|-damage|p1a: Kabutops|30\/100\n|-status|p1a: Kabutops|brn\n|\n|-heal|p2a: DURIAN|84\/100|[from] item: Leftovers\n|-damage|p1a: Kabutops|24\/100 brn|[from] brn\n|upkeep\n|turn|16\n|\n|t:|1700856893\n|switch|p1a: Garchomp|Garchomp, F|100\/100\n|switch|p2a: STARSCREAMZ|Skarmory, F|88\/100\n|-damage|p2a: STARSCREAMZ|76\/100|[from] Stealth Rock\n|\n|upkeep\n|turn|17\n|\n|t:|1700856902\n|move|p1a: Garchomp|Swords Dance|p1a: Garchomp\n|-boost|p1a: Garchomp|atk|2\n|move|p2a: STARSCREAMZ|Stealth Rock|p1a: Garchomp\n|-sidestart|p1: njlkjljlkj|move: Stealth Rock\n|\n|upkeep\n|turn|18\n|\n|t:|1700856908\n|move|p1a: Garchomp|Dragon Claw|p2a: STARSCREAMZ\n|-resisted|p2a: STARSCREAMZ\n|-damage|p2a: STARSCREAMZ|50\/100\n|-damage|p1a: Garchomp|84\/100|[from] item: Rocky Helmet|[of] p2a: STARSCREAMZ\n|move|p2a: STARSCREAMZ|Whirlwind|p1a: Garchomp\n|drag|p1a: Clodsire|Clodsire, M|88\/100\n|-damage|p1a: Clodsire|82\/100|[from] Stealth Rock\n|\n|-heal|p1a: Clodsire|88\/100|[from] item: Leftovers\n|upkeep\n|turn|19\n|\n|t:|1700856921\n|switch|p1a: Corviknight|Corviknight, M|66\/100\n|-damage|p1a: Corviknight|54\/100|[from] Stealth Rock\n|-ability|p1a: Corviknight|Pressure\n|move|p2a: STARSCREAMZ|Roost|p2a: STARSCREAMZ\n|-heal|p2a: STARSCREAMZ|100\/100\n|-singleturn|p2a: STARSCREAMZ|move: Roost\n|\n|upkeep\n|turn|20\n|\n|t:|1700856934\n|switch|p2a: FIRESTORMZ|Volcarona, M|100\/100\n|move|p1a: Corviknight|Roost|p1a: Corviknight\n|-heal|p1a: Corviknight|100\/100\n|-singleturn|p1a: Corviknight|move: Roost\n|\n|upkeep\n|turn|21\n|\n|t:|1700856942\n|switch|p1a: Clodsire|Clodsire, M|88\/100\n|-damage|p1a: Clodsire|82\/100|[from] Stealth Rock\n|move|p2a: FIRESTORMZ|Fiery Dance|p1a: Clodsire\n|-damage|p1a: Clodsire|60\/100\n|\n|-heal|p1a: Clodsire|67\/100|[from] item: Leftovers\n|upkeep\n|turn|22\n|\n|t:|1700856962\n|switch|p2a: NIGHTMARE|Gliscor, M|100\/100 tox\n|-damage|p2a: NIGHTMARE|88\/100 tox|[from] Stealth Rock\n|switch|p1a: Kabutops|Kabutops, M|24\/100 brn\n|-damage|p1a: Kabutops|12\/100 brn|[from] Stealth Rock\n|\n|-heal|p2a: NIGHTMARE|100\/100 tox|[from] ability: Poison Heal\n|-damage|p1a: Kabutops|6\/100 brn|[from] brn\n|upkeep\n|turn|23\n|\n|t:|1700856981\n|move|p1a: Kabutops|Rapid Spin|p2a: NIGHTMARE\n|-damage|p2a: NIGHTMARE|97\/100 tox\n|-boost|p1a: Kabutops|spe|1\n|-sideend|p1: njlkjljlkj|Stealth Rock|[from] move: Rapid Spin|[of] p1a: Kabutops\n|move|p2a: NIGHTMARE|Knock Off|p1a: Kabutops\n|-damage|p1a: Kabutops|0 fnt\n|faint|p1a: Kabutops\n|\n|-heal|p2a: NIGHTMARE|100\/100 tox|[from] ability: Poison Heal\n|upkeep\n|\n|t:|1700856994\n|switch|p1a: Garchomp|Garchomp, F|84\/100\n|turn|24\n|\n|t:|1700857001\n|move|p1a: Garchomp|Swords Dance|p1a: Garchomp\n|-boost|p1a: Garchomp|atk|2\n|move|p2a: NIGHTMARE|Toxic|p1a: Garchomp\n|-status|p1a: Garchomp|tox\n|\n|-heal|p1a: Garchomp|90\/100 tox|[from] item: Leftovers\n|-damage|p1a: Garchomp|84\/100 tox|[from] psn\n|upkeep\n|turn|25\n|\n|t:|1700857013\n|move|p1a: Garchomp|Swords Dance|p1a: Garchomp\n|-boost|p1a: Garchomp|atk|2\n|move|p2a: NIGHTMARE|U-turn|p1a: Garchomp\n|-damage|p1a: Garchomp|70\/100 tox\n|-damage|p2a: NIGHTMARE|88\/100 tox|[from] ability: Rough Skin|[of] p1a: Garchomp\n|\n|t:|1700857024\n|switch|p2a: LOVE|Lopunny, F|100\/100|[from] U-turn\n|-damage|p2a: LOVE|88\/100|[from] Stealth Rock\n|\n|-heal|p1a: Garchomp|76\/100 tox|[from] item: Leftovers\n|-damage|p1a: Garchomp|64\/100 tox|[from] psn\n|upkeep\n|turn|26\n|\n|t:|1700857036\n|detailschange|p2a: LOVE|Lopunny-Mega, F\n|-mega|p2a: LOVE|Lopunny|Lopunnite\n|move|p2a: LOVE|Fake Out|p1a: Garchomp\n|-crit|p1a: Garchomp\n|-damage|p1a: Garchomp|30\/100 tox\n|-damage|p2a: LOVE|75\/100|[from] ability: Rough Skin|[of] p1a: Garchomp\n|cant|p1a: Garchomp|flinch\n|\n|-heal|p1a: Garchomp|36\/100 tox|[from] item: Leftovers\n|-damage|p1a: Garchomp|18\/100 tox|[from] psn\n|upkeep\n|turn|27\n|\n|t:|1700857049\n|move|p2a: LOVE|U-turn|p1a: Garchomp\n|-damage|p1a: Garchomp|0 fnt\n|-damage|p2a: LOVE|63\/100|[from] ability: Rough Skin|[of] p1a: Garchomp\n|faint|p1a: Garchomp\n|\n|t:|1700857064\n|switch|p2a: SALTEDCARAMEL|Garganacl, F, tera:Water|89\/100|[from] U-turn\n|-damage|p2a: SALTEDCARAMEL|76\/100|[from] Stealth Rock\n|\n|-heal|p2a: SALTEDCARAMEL|83\/100|[from] item: Leftovers\n|upkeep\n|\n|t:|1700857070\n|switch|p1a: Aerodactyl|Aerodactyl, F|100\/100\n|turn|28\n|\n|t:|1700857074\n|detailschange|p1a: Aerodactyl|Aerodactyl-Mega, F\n|-mega|p1a: Aerodactyl|Aerodactyl|Aerodactylite\n|move|p1a: Aerodactyl|Dragon Dance|p1a: Aerodactyl\n|-boost|p1a: Aerodactyl|atk|1\n|-boost|p1a: Aerodactyl|spe|1\n|move|p2a: SALTEDCARAMEL|Iron Defense|p2a: SALTEDCARAMEL\n|-boost|p2a: SALTEDCARAMEL|def|2\n|\n|-heal|p2a: SALTEDCARAMEL|89\/100|[from] item: Leftovers\n|upkeep\n|turn|29\n|\n|t:|1700857084\n|move|p1a: Aerodactyl|Dragon Dance|p1a: Aerodactyl\n|-boost|p1a: Aerodactyl|atk|1\n|-boost|p1a: Aerodactyl|spe|1\n|move|p2a: SALTEDCARAMEL|Salt Cure|p1a: Aerodactyl\n|-supereffective|p1a: Aerodactyl\n|-damage|p1a: Aerodactyl|63\/100\n|-start|p1a: Aerodactyl|Salt Cure\n|\n|-heal|p2a: SALTEDCARAMEL|95\/100|[from] item: Leftovers\n|-damage|p1a: Aerodactyl|50\/100|[from] Salt Cure\n|upkeep\n|turn|30\n|\n|t:|1700857095\n|move|p1a: Aerodactyl|Dual Wingbeat|p2a: SALTEDCARAMEL\n|-damage|p2a: SALTEDCARAMEL|73\/100\n|-damage|p2a: SALTEDCARAMEL|52\/100\n|-hitcount|p2a: SALTEDCARAMEL|2\n|move|p2a: SALTEDCARAMEL|Iron Defense|p2a: SALTEDCARAMEL\n|-boost|p2a: SALTEDCARAMEL|def|2\n|\n|-heal|p2a: SALTEDCARAMEL|59\/100|[from] item: Leftovers\n|-damage|p1a: Aerodactyl|38\/100|[from] Salt Cure\n|upkeep\n|turn|31\n|\n|t:|1700857108\n|switch|p1a: Gengar|Gengar, F|100\/100\n|move|p2a: SALTEDCARAMEL|Recover|p2a: SALTEDCARAMEL\n|-heal|p2a: SALTEDCARAMEL|100\/100\n|\n|upkeep\n|turn|32\n|\n|t:|1700857114\n|move|p1a: Gengar|Substitute|p1a: Gengar\n|-start|p1a: Gengar|Substitute\n|-damage|p1a: Gengar|76\/100\n|move|p2a: SALTEDCARAMEL|Salt Cure|p1a: Gengar\n|-crit|p1a: Gengar\n|-end|p1a: Gengar|Substitute\n|\n|-heal|p1a: Gengar|82\/100|[from] item: Black Sludge\n|upkeep\n|turn|33\n|\n|t:|1700857123\n|move|p1a: Gengar|Substitute|p1a: Gengar\n|-start|p1a: Gengar|Substitute\n|-damage|p1a: Gengar|57\/100\n|move|p2a: SALTEDCARAMEL|Salt Cure|p1a: Gengar\n|-end|p1a: Gengar|Substitute\n|\n|-heal|p1a: Gengar|63\/100|[from] item: Black Sludge\n|upkeep\n|turn|34\n|\n|t:|1700857132\n|move|p1a: Gengar|Thunderbolt|p2a: SALTEDCARAMEL\n|-supereffective|p2a: SALTEDCARAMEL\n|-damage|p2a: SALTEDCARAMEL|52\/100\n|move|p2a: SALTEDCARAMEL|Salt Cure|p1a: Gengar\n|-damage|p1a: Gengar|35\/100\n|-start|p1a: Gengar|Salt Cure\n|\n|-heal|p1a: Gengar|41\/100|[from] item: Black Sludge\n|-heal|p2a: SALTEDCARAMEL|58\/100|[from] item: Leftovers\n|-damage|p1a: Gengar|29\/100|[from] Salt Cure\n|upkeep\n|turn|35\n|\n|t:|1700857143\n|move|p1a: Gengar|Shadow Ball|p2a: SALTEDCARAMEL\n|-damage|p2a: SALTEDCARAMEL|42\/100\n|move|p2a: SALTEDCARAMEL|Recover|p2a: SALTEDCARAMEL\n|-heal|p2a: SALTEDCARAMEL|92\/100\n|\n|-heal|p1a: Gengar|35\/100|[from] item: Black Sludge\n|-heal|p2a: SALTEDCARAMEL|98\/100|[from] item: Leftovers\n|-damage|p1a: Gengar|23\/100|[from] Salt Cure\n|upkeep\n|turn|36\n|\n|t:|1700857155\n|move|p1a: Gengar|Thunderbolt|p2a: SALTEDCARAMEL\n|-supereffective|p2a: SALTEDCARAMEL\n|-crit|p2a: SALTEDCARAMEL\n|-damage|p2a: SALTEDCARAMEL|35\/100\n|move|p2a: SALTEDCARAMEL|Iron Defense|p2a: SALTEDCARAMEL\n|-boost|p2a: SALTEDCARAMEL|def|2\n|\n|-heal|p1a: Gengar|29\/100|[from] item: Black Sludge\n|-heal|p2a: SALTEDCARAMEL|41\/100|[from] item: Leftovers\n|-damage|p1a: Gengar|17\/100|[from] Salt Cure\n|upkeep\n|turn|37\n|\n|t:|1700857168\n|switch|p2a: NIGHTMARE|Gliscor, M|88\/100 tox\n|-damage|p2a: NIGHTMARE|76\/100 tox|[from] Stealth Rock\n|move|p1a: Gengar|Thunderbolt|p2a: NIGHTMARE\n|-immune|p2a: NIGHTMARE\n|\n|-heal|p1a: Gengar|23\/100|[from] item: Black Sludge\n|-heal|p2a: NIGHTMARE|88\/100 tox|[from] ability: Poison Heal\n|-damage|p1a: Gengar|10\/100|[from] Salt Cure\n|upkeep\n|turn|38\n|\n|t:|1700857181\n|move|p1a: Gengar|Shadow Ball|p2a: NIGHTMARE\n|-damage|p2a: NIGHTMARE|30\/100 tox\n|move|p2a: NIGHTMARE|U-turn|p1a: Gengar\n|-resisted|p1a: Gengar\n|-damage|p1a: Gengar|3\/100\n|\n|t:|1700857189\n|switch|p2a: SALTEDCARAMEL|Garganacl, F, tera:Water|41\/100|[from] U-turn\n|-damage|p2a: SALTEDCARAMEL|28\/100|[from] Stealth Rock\n|\n|-heal|p1a: Gengar|9\/100|[from] item: Black Sludge\n|-heal|p2a: SALTEDCARAMEL|35\/100|[from] item: Leftovers\n|-damage|p1a: Gengar|0 fnt|[from] Salt Cure\n|faint|p1a: Gengar\n|upkeep\n|\n|t:|1700857198\n|switch|p1a: Aerodactyl|Aerodactyl-Mega, F|38\/100\n|turn|39\n|\n|t:|1700857206\n|move|p1a: Aerodactyl|Earthquake|p2a: SALTEDCARAMEL\n|-damage|p2a: SALTEDCARAMEL|8\/100\n|move|p2a: SALTEDCARAMEL|Recover|p2a: SALTEDCARAMEL\n|-heal|p2a: SALTEDCARAMEL|58\/100\n|\n|-heal|p2a: SALTEDCARAMEL|65\/100|[from] item: Leftovers\n|upkeep\n|turn|40\n|-message|njlkjljlkj forfeited.\n|\n|win|zeonteo\n|raw|njlkjljlkj's rating: 1264 &rarr; <strong>1246<\/strong><br \/>(-18 for losing)\n|raw|zeonteo's rating: 1357 &rarr; <strong>1372<\/strong><br \/>(+15 for winning)\n|l|\u2606njlkjljlkj\n","uploadtime":1700857227,"views":5,"p1id":"njlkjljlkj","p2id":"zeonteo","formatid":"gen9nationaldex","rating":1246,"private":0,"password":""}