{"id":"gen9nationaldex-1995398828","p1":"SrPorquet","p2":"Sir_chronicles","format":"[Gen 9] National Dex","log":"|html|<div class=\"broadcast-blue\"><strong>[Gen 9] National Dex is currently suspecting Sneasler! For information on how to participate check out the <a href=\"https:\/\/www.smogon.com\/forums\/threads\/sv-national-dex-suspect-8-just-dance.3731534\/\">suspect thread<\/a>.<\/strong><\/div>\n|j|\u203dSrPorquet\n|j|\u2606Sir_chronicles\n|t:|1700565570\n|gametype|singles\n|player|p1|SrPorquet|falkner|1202\n|player|p2|Sir_chronicles|gambler|1154\n|teamsize|p1|6\n|teamsize|p2|6\n|gen|9\n|tier|[Gen 9] National Dex\n|rated|\n|rule|HP Percentage Mod: HP is shown in percentages\n|rule|Endless Battle Clause: Forcing endless battles is banned\n|rule|OHKO Clause: OHKO moves are banned\n|rule|Evasion Clause: Evasion abilities, items, and moves are banned\n|rule|Evasion Abilities Clause: Evasion abilities are banned\n|rule|Evasion Items Clause: Evasion items are banned\n|rule|Evasion Moves Clause: Evasion moves are banned\n|rule|Species Clause: Limit one of each Pok\u00e9mon\n|rule|Sleep Clause Mod: Limit one foe put to sleep\n|clearpoke\n|poke|p1|Pidgeot, M|\n|poke|p1|Magmortar, M|\n|poke|p1|Raichu, F|\n|poke|p1|Clefable, M|\n|poke|p1|Vileplume, M|\n|poke|p1|Politoed, M|\n|poke|p2|Inteleon, M|\n|poke|p2|Pelipper, F|\n|poke|p2|Ribombee, M|\n|poke|p2|Charizard, M|\n|poke|p2|Quagsire, M|\n|poke|p2|Jirachi|\n|teampreview\n|inactive|Battle timer is ON: inactive players will automatically lose when time's up. (requested by Sir_chronicles)\n|\n|t:|1700565582\n|start\n|switch|p1a: Raichu|Raichu, F|100\/100\n|switch|p2a: Ribombee|Ribombee, M|100\/100\n|turn|1\n|\n|t:|1700565585\n|move|p2a: Ribombee|Sticky Web|p1a: Raichu\n|-sidestart|p1: SrPorquet|move: Sticky Web\n|move|p1a: Raichu|Volt Tackle|p2a: Ribombee\n|-enditem|p2a: Ribombee|Focus Sash\n|-damage|p2a: Ribombee|1\/100\n|-damage|p1a: Raichu|68\/100|[from] Recoil\n|-damage|p1a: Raichu|58\/100|[from] item: Life Orb\n|\n|upkeep\n|turn|2\n|\n|t:|1700565588\n|move|p1a: Raichu|Extreme Speed|p2a: Ribombee\n|-crit|p2a: Ribombee\n|-damage|p2a: Ribombee|0 fnt\n|faint|p2a: Ribombee\n|-damage|p1a: Raichu|48\/100|[from] item: Life Orb\n|\n|upkeep\n|\n|t:|1700565593\n|switch|p2a: Quagsire|Quagsire, M|100\/100\n|turn|3\n|\n|t:|1700565595\n|switch|p1a: Vileplume|Vileplume, M|100\/100\n|-activate|p1a: Vileplume|move: Sticky Web\n|-unboost|p1a: Vileplume|spe|1\n|move|p2a: Quagsire|Earthquake|p1a: Vileplume\n|-damage|p1a: Vileplume|71\/100\n|\n|-heal|p1a: Vileplume|77\/100|[from] item: Leftovers\n|upkeep\n|turn|4\n|\n|t:|1700565614\n|switch|p2a: Pelipper|Pelipper, F|100\/100\n|-weather|RainDance|[from] ability: Drizzle|[of] p2a: Pelipper\n|move|p1a: Vileplume|Toxic|p2a: Pelipper\n|-status|p2a: Pelipper|tox\n|\n|-weather|RainDance|[upkeep]\n|-heal|p1a: Vileplume|83\/100|[from] item: Leftovers\n|-damage|p2a: Pelipper|94\/100 tox|[from] psn\n|upkeep\n|turn|5\n|\n|t:|1700565629\n|switch|p1a: Clefable|Clefable, M|100\/100\n|-activate|p1a: Clefable|move: Sticky Web\n|-unboost|p1a: Clefable|spe|1\n|move|p2a: Pelipper|Hurricane|p1a: Clefable\n|-damage|p1a: Clefable|69\/100\n|-start|p1a: Clefable|confusion\n|\n|-weather|RainDance|[upkeep]\n|-damage|p2a: Pelipper|82\/100 tox|[from] psn\n|upkeep\n|turn|6\n|\n|t:|1700565636\n|move|p2a: Pelipper|Surf|p1a: Clefable\n|-damage|p1a: Clefable|30\/100\n|-activate|p1a: Clefable|confusion\n|move|p1a: Clefable|Soft-Boiled|p1a: Clefable\n|-heal|p1a: Clefable|80\/100\n|\n|-weather|RainDance|[upkeep]\n|-damage|p2a: Pelipper|63\/100 tox|[from] psn\n|upkeep\n|turn|7\n|\n|t:|1700565644\n|move|p2a: Pelipper|U-turn|p1a: Clefable\n|-resisted|p1a: Clefable\n|-damage|p1a: Clefable|76\/100\n|\n|t:|1700565646\n|switch|p2a: Jirachi|Jirachi|100\/100|[from] U-turn\n|-activate|p1a: Clefable|confusion\n|move|p1a: Clefable|Soft-Boiled|p1a: Clefable\n|-heal|p1a: Clefable|100\/100\n|\n|-weather|RainDance|[upkeep]\n|upkeep\n|turn|8\n|\n|t:|1700565661\n|switch|p1a: Politoed|Politoed, M|100\/100\n|-activate|p1a: Politoed|move: Sticky Web\n|-unboost|p1a: Politoed|spe|1\n|move|p2a: Jirachi|Thunder|p1a: Politoed\n|-supereffective|p1a: Politoed\n|-damage|p1a: Politoed|38\/100\n|\n|-weather|RainDance|[upkeep]\n|-heal|p1a: Politoed|44\/100|[from] item: Leftovers\n|upkeep\n|turn|9\n|\n|t:|1700565670\n|-terastallize|p1a: Politoed|Ground\n|move|p2a: Jirachi|Thunder|p1a: Politoed\n|-immune|p1a: Politoed\n|move|p1a: Politoed|Earth Power|p2a: Jirachi\n|-supereffective|p2a: Jirachi\n|-damage|p2a: Jirachi|30\/100\n|\n|-weather|RainDance|[upkeep]\n|-heal|p1a: Politoed|50\/100|[from] item: Leftovers\n|upkeep\n|turn|10\n|\n|t:|1700565674\n|move|p2a: Jirachi|Flash Cannon|p1a: Politoed\n|-damage|p1a: Politoed|16\/100\n|-unboost|p1a: Politoed|spd|1\n|move|p1a: Politoed|Surf|p2a: Jirachi\n|-damage|p2a: Jirachi|0 fnt\n|faint|p2a: Jirachi\n|\n|-weather|RainDance|[upkeep]\n|-heal|p1a: Politoed|22\/100|[from] item: Leftovers\n|upkeep\n|\n|t:|1700565684\n|switch|p2a: Inteleon|Inteleon, M|100\/100\n|turn|11\n|\n|t:|1700565687\n|move|p2a: Inteleon|Aqua Jet|p1a: Politoed\n|-heal|p1a: Politoed|47\/100|[from] ability: Water Absorb|[of] p2a: Inteleon\n|move|p1a: Politoed|Earth Power|p2a: Inteleon\n|-damage|p2a: Inteleon|45\/100\n|\n|-weather|none\n|-heal|p1a: Politoed|53\/100|[from] item: Leftovers\n|upkeep\n|turn|12\n|\n|t:|1700565698\n|move|p2a: Inteleon|Ice Beam|p1a: Politoed\n|-supereffective|p1a: Politoed\n|-damage|p1a: Politoed|0 fnt\n|faint|p1a: Politoed\n|\n|upkeep\n|\n|t:|1700565700\n|switch|p1a: Pidgeot|Pidgeot, M|100\/100\n|turn|13\n|\n|t:|1700565707\n|detailschange|p1a: Pidgeot|Pidgeot-Mega, M\n|-mega|p1a: Pidgeot|Pidgeot|Pidgeotite\n|move|p1a: Pidgeot|Hurricane|p2a: Inteleon\n|-damage|p2a: Inteleon|0 fnt\n|faint|p2a: Inteleon\n|\n|upkeep\n|-message|Sir_chronicles forfeited.\n|\n|win|SrPorquet\n|raw|SrPorquet's rating: 1202 &rarr; <strong>1224<\/strong><br \/>(+22 for winning)\n|raw|Sir_chronicles's rating: 1154 &rarr; <strong>1132<\/strong><br \/>(-22 for losing)\n|l|\u2606Sir_chronicles\n","uploadtime":1700565715,"views":8,"p1id":"srporquet","p2id":"sirchronicles","formatid":"gen9nationaldex","rating":1132,"private":0,"password":""}