{"id":"gen9nationaldex-1992510629","p1":"Tank Tests","p2":"TMcNic7","format":"[Gen 9] National Dex","log":"|j|\u2606Tank Tests\n|j|\u2606TMcNic7\n|t:|1700197177\n|gametype|singles\n|player|p1|Tank Tests|266|1349\n|player|p2|TMcNic7|clair|1488\n|teamsize|p1|6\n|teamsize|p2|6\n|gen|9\n|tier|[Gen 9] National Dex\n|rated|\n|rule|HP Percentage Mod: HP is shown in percentages\n|rule|Endless Battle Clause: Forcing endless battles is banned\n|rule|OHKO Clause: OHKO moves are banned\n|rule|Evasion Clause: Evasion abilities, items, and moves are banned\n|rule|Evasion Abilities Clause: Evasion abilities are banned\n|rule|Evasion Items Clause: Evasion items are banned\n|rule|Evasion Moves Clause: Evasion moves are banned\n|rule|Species Clause: Limit one of each Pok\u00e9mon\n|rule|Sleep Clause Mod: Limit one foe put to sleep\n|clearpoke\n|poke|p1|Pawmot, M|\n|poke|p1|Rabsca, M|\n|poke|p1|Banette, M|\n|poke|p1|Victini|\n|poke|p1|Dragonite, M|\n|poke|p1|Forretress, M|\n|poke|p2|Feraligatr, F|\n|poke|p2|Pelipper, F|\n|poke|p2|Ferrothorn, F|\n|poke|p2|Swampert, F|\n|poke|p2|Zapdos|\n|poke|p2|Manaphy|\n|teampreview\n|\n|t:|1700197194\n|start\n|switch|p1a: Victini|Victini|100\/100\n|switch|p2a: Manaphy|Manaphy|100\/100\n|turn|1\n|\n|t:|1700197201\n|switch|p2a: Zapdos|Zapdos|100\/100\n|move|p1a: Victini|Final Gambit|p2a: Zapdos\n|-damage|p2a: Zapdos|0 fnt\n|faint|p1a: Victini\n|faint|p2a: Zapdos\n|\n|upkeep\n|\n|t:|1700197209\n|switch|p1a: Forretress|Forretress, M|100\/100\n|switch|p2a: Pelipper|Pelipper, F|100\/100\n|-weather|RainDance|[from] ability: Drizzle|[of] p2a: Pelipper\n|turn|2\n|\n|t:|1700197212\n|move|p2a: Pelipper|Scald|p1a: Forretress\n|-damage|p1a: Forretress|63\/100\n|move|p1a: Forretress|Thunder Wave|p2a: Pelipper|[miss]\n|-miss|p1a: Forretress|p2a: Pelipper\n|\n|-weather|RainDance|[upkeep]\n|upkeep\n|turn|3\n|\n|t:|1700197217\n|move|p2a: Pelipper|Scald|p1a: Forretress\n|-damage|p1a: Forretress|28\/100\n|move|p1a: Forretress|Stealth Rock|p2a: Pelipper\n|-sidestart|p2: TMcNic7|move: Stealth Rock\n|\n|-weather|RainDance|[upkeep]\n|upkeep\n|turn|4\n|\n|t:|1700197222\n|move|p2a: Pelipper|Scald|p1a: Forretress\n|-damage|p1a: Forretress|0 fnt\n|faint|p1a: Forretress\n|\n|-weather|RainDance|[upkeep]\n|upkeep\n|\n|t:|1700197226\n|switch|p1a: Pawmot|Pawmot, M|100\/100\n|turn|5\n|\n|t:|1700197230\n|switch|p2a: Ferrothorn|Ferrothorn, F|100\/100\n|-damage|p2a: Ferrothorn|95\/100|[from] Stealth Rock\n|move|p1a: Pawmot|Revival Blessing|p1a: Pawmot\n|-enditem|p1a: Pawmot|Leppa Berry|[eat]\n|-activate|p1a: Pawmot|item: Leppa Berry|Revival Blessing|[consumed]\n|\n|t:|1700197233\n|-heal|p1: Victini|50\/100|[from] move: Revival Blessing\n|\n|-weather|RainDance|[upkeep]\n|upkeep\n|turn|6\n|\n|t:|1700197238\n|switch|p1a: Banette|Banette, M|100\/100\n|move|p2a: Ferrothorn|Stealth Rock|p1a: Banette\n|-sidestart|p1: Tank Tests|move: Stealth Rock\n|\n|-weather|RainDance|[upkeep]\n|upkeep\n|turn|7\n|\n|t:|1700197243\n|detailschange|p1a: Banette|Banette-Mega, M\n|-mega|p1a: Banette|Banette|Banettite\n|move|p1a: Banette|Encore|p2a: Ferrothorn\n|-start|p2a: Ferrothorn|Encore\n|move|p2a: Ferrothorn|Stealth Rock||[still]\n|-fail|p2a: Ferrothorn\n|\n|-weather|RainDance|[upkeep]\n|upkeep\n|turn|8\n|\n|t:|1700197248\n|switch|p2a: Pelipper|Pelipper, F|100\/100\n|-damage|p2a: Pelipper|75\/100|[from] Stealth Rock\n|move|p1a: Banette|Poltergeist|p2a: Pelipper\n|-activate|p2a: Pelipper|move: Poltergeist|Damp Rock\n|-damage|p2a: Pelipper|0 fnt\n|faint|p2a: Pelipper\n|\n|-weather|RainDance|[upkeep]\n|upkeep\n|\n|t:|1700197255\n|switch|p2a: Feraligatr|Feraligatr, F|100\/100\n|-damage|p2a: Feraligatr|88\/100|[from] Stealth Rock\n|turn|9\n|\n|t:|1700197259\n|move|p1a: Banette|Destiny Bond|p1a: Banette\n|-singlemove|p1a: Banette|Destiny Bond\n|move|p2a: Feraligatr|Liquidation|p1a: Banette\n|-damage|p1a: Banette|0 fnt\n|faint|p1a: Banette\n|-activate|p1a: Banette|move: Destiny Bond\n|faint|p2a: Feraligatr\n|\n|-weather|none\n|upkeep\n|\n|t:|1700197276\n|switch|p2a: Swampert|Swampert, F|100\/100\n|switch|p1a: Pawmot|Pawmot, M|100\/100\n|-damage|p1a: Pawmot|94\/100|[from] Stealth Rock\n|-damage|p2a: Swampert|94\/100|[from] Stealth Rock\n|turn|10\n|\n|t:|1700197280\n|detailschange|p2a: Swampert|Swampert-Mega, F\n|-mega|p2a: Swampert|Swampert|Swampertite\n|move|p1a: Pawmot|Revival Blessing|p1a: Pawmot\n|\n|t:|1700197284\n|-heal|p1: Banette|50\/100|[from] move: Revival Blessing\n|move|p2a: Swampert|Earthquake|p1a: Pawmot\n|-supereffective|p1a: Pawmot\n|-damage|p1a: Pawmot|0 fnt\n|faint|p1a: Pawmot\n|\n|upkeep\n|\n|t:|1700197292\n|switch|p1a: Dragonite|Dragonite, M|100\/100\n|-damage|p1a: Dragonite|76\/100|[from] Stealth Rock\n|turn|11\n|\n|t:|1700197298\n|-terastallize|p1a: Dragonite|Normal\n|move|p2a: Swampert|Ice Punch|p1a: Dragonite\n|-damage|p1a: Dragonite|43\/100\n|move|p1a: Dragonite|Dragon Dance|p1a: Dragonite\n|-boost|p1a: Dragonite|atk|1\n|-boost|p1a: Dragonite|spe|1\n|\n|upkeep\n|turn|12\n|\n|t:|1700197308\n|move|p1a: Dragonite|Extreme Speed|p2a: Swampert\n|-damage|p2a: Swampert|28\/100\n|move|p2a: Swampert|Earthquake|p1a: Dragonite\n|-damage|p1a: Dragonite|0 fnt\n|faint|p1a: Dragonite\n|\n|upkeep\n|\n|t:|1700197318\n|switch|p1a: Victini|Victini|50\/100\n|-damage|p1a: Victini|25\/100|[from] Stealth Rock\n|turn|13\n|\n|t:|1700197322\n|move|p1a: Victini|Zen Headbutt|p2a: Swampert\n|-damage|p2a: Swampert|0 fnt\n|faint|p2a: Swampert\n|\n|upkeep\n|\n|t:|1700197326\n|switch|p2a: Manaphy|Manaphy|100\/100\n|-damage|p2a: Manaphy|88\/100|[from] Stealth Rock\n|turn|14\n|\n|t:|1700197330\n|move|p1a: Victini|Zen Headbutt|p2a: Manaphy\n|-damage|p2a: Manaphy|59\/100\n|move|p2a: Manaphy|Tail Glow|p2a: Manaphy\n|-boost|p2a: Manaphy|spa|3\n|\n|upkeep\n|turn|15\n|\n|t:|1700197334\n|move|p1a: Victini|Zen Headbutt|p2a: Manaphy\n|-damage|p2a: Manaphy|27\/100\n|move|p2a: Manaphy|Scald|p1a: Victini\n|-supereffective|p1a: Victini\n|-damage|p1a: Victini|0 fnt\n|faint|p1a: Victini\n|\n|upkeep\n|\n|t:|1700197341\n|switch|p1a: Banette|Banette-Mega, M|50\/100\n|-damage|p1a: Banette|38\/100|[from] Stealth Rock\n|turn|16\n|\n|t:|1700197345\n|move|p1a: Banette|Destiny Bond|p1a: Banette\n|-singlemove|p1a: Banette|Destiny Bond\n|move|p2a: Manaphy|Scald|p1a: Banette\n|-damage|p1a: Banette|0 fnt\n|faint|p1a: Banette\n|-activate|p1a: Banette|move: Destiny Bond\n|faint|p2a: Manaphy\n|\n|upkeep\n|\n|t:|1700197348\n|switch|p1a: Rabsca|Rabsca, M|100\/100\n|switch|p2a: Ferrothorn|Ferrothorn, F|95\/100\n|-damage|p1a: Rabsca|76\/100|[from] Stealth Rock\n|-damage|p2a: Ferrothorn|89\/100|[from] Stealth Rock\n|turn|17\n|\n|t:|1700197353\n|move|p1a: Rabsca|Revival Blessing|p1a: Rabsca\n|-enditem|p1a: Rabsca|Leppa Berry|[eat]\n|-activate|p1a: Rabsca|item: Leppa Berry|Revival Blessing|[consumed]\n|\n|t:|1700197356\n|-heal|p1: Victini|50\/100|[from] move: Revival Blessing\n|move|p2a: Ferrothorn|Gyro Ball|p1a: Rabsca\n|-damage|p1a: Rabsca|52\/100\n|\n|upkeep\n|turn|18\n|\n|t:|1700197362\n|move|p1a: Rabsca|Revival Blessing|p1a: Rabsca\n|\n|t:|1700197366\n|-heal|p1: Banette|50\/100|[from] move: Revival Blessing\n|move|p2a: Ferrothorn|Gyro Ball|p1a: Rabsca\n|-damage|p1a: Rabsca|30\/100\n|\n|upkeep\n|turn|19\n|\n|t:|1700197371\n|move|p1a: Rabsca|Memento|p2a: Ferrothorn\n|-unboost|p2a: Ferrothorn|atk|2\n|-unboost|p2a: Ferrothorn|spa|2\n|faint|p1a: Rabsca\n|move|p2a: Ferrothorn|Gyro Ball|p1: Rabsca|[notarget]\n|-fail|p2a: Ferrothorn\n|\n|upkeep\n|\n|t:|1700197375\n|switch|p1a: Victini|Victini|50\/100\n|-damage|p1a: Victini|25\/100|[from] Stealth Rock\n|turn|20\n|\n|t:|1700197379\n|-terastallize|p2a: Ferrothorn|Ghost\n|move|p1a: Victini|V-create|p2a: Ferrothorn\n|-damage|p2a: Ferrothorn|40\/100\n|-unboost|p1a: Victini|spe|1\n|-unboost|p1a: Victini|def|1\n|-unboost|p1a: Victini|spd|1\n|-damage|p1a: Victini|13\/100|[from] ability: Iron Barbs|[of] p2a: Ferrothorn\n|move|p2a: Ferrothorn|Gyro Ball|p1a: Victini\n|-resisted|p1a: Victini\n|-damage|p1a: Victini|0 fnt\n|faint|p1a: Victini\n|\n|upkeep\n|c|\u2606Tank Tests|gg\n|\n|t:|1700197385\n|switch|p1a: Banette|Banette-Mega, M|50\/100\n|-damage|p1a: Banette|38\/100|[from] Stealth Rock\n|turn|21\n|\n|t:|1700197388\n|move|p1a: Banette|Poltergeist|p2a: Ferrothorn\n|-activate|p2a: Ferrothorn|move: Poltergeist|Chople Berry\n|-supereffective|p2a: Ferrothorn\n|-damage|p2a: Ferrothorn|0 fnt\n|faint|p2a: Ferrothorn\n|\n|win|Tank Tests\n|raw|Tank Tests's rating: 1349 &rarr; <strong>1377<\/strong><br \/>(+28 for winning)\n|raw|TMcNic7's rating: 1488 &rarr; <strong>1460<\/strong><br \/>(-28 for losing)\n|l|\u2606TMcNic7\n","uploadtime":1700197396,"views":7,"p1id":"tanktests","p2id":"tmcnic7","formatid":"gen9nationaldex","rating":1377,"private":0,"password":""}