{"id":"gen9nationaldex-1992400168","p1":"DerpyVaporeon","p2":"PaleSwordsman_666","format":"[Gen 9] National Dex","log":"|j|\u2606DerpyVaporeon\n|j|\u2606PaleSwordsman_666\n|t:|1700183157\n|gametype|singles\n|player|p1|DerpyVaporeon|misty|\n|player|p2|PaleSwordsman_666|cynthia-gen4|\n|teamsize|p1|6\n|teamsize|p2|6\n|gen|9\n|tier|[Gen 9] National Dex\n|rule|HP Percentage Mod: HP is shown in percentages\n|rule|Endless Battle Clause: Forcing endless battles is banned\n|rule|OHKO Clause: OHKO moves are banned\n|rule|Evasion Clause: Evasion abilities, items, and moves are banned\n|rule|Evasion Abilities Clause: Evasion abilities are banned\n|rule|Evasion Items Clause: Evasion items are banned\n|rule|Evasion Moves Clause: Evasion moves are banned\n|rule|Species Clause: Limit one of each Pok\u00e9mon\n|rule|Sleep Clause Mod: Limit one foe put to sleep\n|clearpoke\n|poke|p1|Infernape, M|\n|poke|p1|Manectric, F|\n|poke|p1|Garchomp, M|\n|poke|p1|Mandibuzz, F|\n|poke|p1|Milotic, F|\n|poke|p1|Aegislash, M|\n|poke|p2|Excadrill, M|\n|poke|p2|Kartana|\n|poke|p2|Volcarona, M|\n|poke|p2|Tapu Koko|\n|poke|p2|Hawlucha, M|\n|poke|p2|Gyarados, M|\n|teampreview\n|inactive|Battle timer is ON: inactive players will automatically lose when time's up. (requested by DerpyVaporeon)\n|\n|t:|1700183162\n|start\n|switch|p1a: Captain Falcon\ud83d\udc4a|Infernape, M, shiny|100\/100\n|switch|p2a: Tapu Koko|Tapu Koko|100\/100\n|-fieldstart|move: Electric Terrain|[from] ability: Electric Surge|[of] p2a: Tapu Koko\n|turn|1\n|\n|t:|1700183169\n|move|p1a: Captain Falcon\ud83d\udc4a|Fake Out|p2a: Tapu Koko\n|-damage|p2a: Tapu Koko|74\/100\n|cant|p2a: Tapu Koko|flinch\n|\n|upkeep\n|turn|2\n|\n|t:|1700183174\n|switch|p1a: Saber Alter\u2694\ufe0f|Aegislash, M, shiny|100\/100\n|move|p2a: Tapu Koko|Reflect|p2a: Tapu Koko\n|-sidestart|p2: PaleSwordsman_666|Reflect\n|\n|upkeep\n|turn|3\n|\n|t:|1700183179\n|move|p2a: Tapu Koko|Volt Switch|p1a: Saber Alter\u2694\ufe0f\n|-damage|p1a: Saber Alter\u2694\ufe0f|70\/100\n|\n|t:|1700183186\n|switch|p2a: Gyarados|Gyarados, M, shiny|100\/100|[from] Volt Switch\n|-ability|p2a: Gyarados|Intimidate|boost\n|-unboost|p1a: Saber Alter\u2694\ufe0f|atk|1\n|move|p1a: Saber Alter\u2694\ufe0f|Swords Dance|p1a: Saber Alter\u2694\ufe0f\n|-boost|p1a: Saber Alter\u2694\ufe0f|atk|2\n|\n|upkeep\n|turn|4\n|\n|t:|1700183194\n|move|p1a: Saber Alter\u2694\ufe0f|King's Shield|p1a: Saber Alter\u2694\ufe0f\n|-singleturn|p1a: Saber Alter\u2694\ufe0f|Protect\n|move|p2a: Gyarados|Dragon Dance|p2a: Gyarados\n|-boost|p2a: Gyarados|atk|1\n|-boost|p2a: Gyarados|spe|1\n|\n|upkeep\n|turn|5\n|\n|t:|1700183199\n|switch|p1a: Lockdown\ud83e\uddf1|Mandibuzz, F, shiny|100\/100\n|detailschange|p2a: Gyarados|Gyarados-Mega, M, shiny\n|-mega|p2a: Gyarados|Gyarados|Gyaradosite\n|-ability|p2a: Gyarados|Mold Breaker\n|move|p2a: Gyarados|Crunch|p1a: Lockdown\ud83e\uddf1\n|-resisted|p1a: Lockdown\ud83e\uddf1\n|-damage|p1a: Lockdown\ud83e\uddf1|81\/100\n|-unboost|p1a: Lockdown\ud83e\uddf1|def|1\n|-damage|p2a: Gyarados|84\/100|[from] item: Rocky Helmet|[of] p1a: Lockdown\ud83e\uddf1\n|\n|-fieldend|move: Electric Terrain\n|upkeep\n|turn|6\n|\n|t:|1700183207\n|switch|p1a: Saber Alter\u2694\ufe0f|Aegislash, M, shiny|70\/100\n|move|p2a: Gyarados|Waterfall|p1a: Saber Alter\u2694\ufe0f\n|-damage|p1a: Saber Alter\u2694\ufe0f|15\/100\n|\n|upkeep\n|turn|7\n|\n|t:|1700183216\n|-formechange|p1a: Saber Alter\u2694\ufe0f|Aegislash-Blade||[from] ability: Stance Change\n|move|p1a: Saber Alter\u2694\ufe0f|Shadow Sneak|p2a: Gyarados\n|-resisted|p2a: Gyarados\n|-damage|p2a: Gyarados|78\/100\n|move|p2a: Gyarados|Substitute|p2a: Gyarados\n|-start|p2a: Gyarados|Substitute\n|-damage|p2a: Gyarados|53\/100\n|\n|upkeep\n|turn|8\n|c|\u2606PaleSwordsman_666|Easy\n|\n|t:|1700183230\n|move|p2a: Gyarados|Dragon Dance|p2a: Gyarados\n|-boost|p2a: Gyarados|atk|1\n|-boost|p2a: Gyarados|spe|1\n|move|p1a: Saber Alter\u2694\ufe0f|Iron Head|p2a: Gyarados\n|-resisted|p2a: Gyarados\n|-activate|p2a: Gyarados|move: Substitute|[damage]\n|\n|upkeep\n|turn|9\n|\n|t:|1700183238\n|move|p1a: Saber Alter\u2694\ufe0f|Shadow Sneak|p2a: Gyarados\n|-resisted|p2a: Gyarados\n|-activate|p2a: Gyarados|move: Substitute|[damage]\n|move|p2a: Gyarados|Dragon Dance|p2a: Gyarados\n|-boost|p2a: Gyarados|atk|1\n|-boost|p2a: Gyarados|spe|1\n|\n|-sideend|p2: PaleSwordsman_666|Reflect\n|upkeep\n|turn|10\n|\n|t:|1700183243\n|move|p1a: Saber Alter\u2694\ufe0f|Shadow Sneak|p2a: Gyarados\n|-resisted|p2a: Gyarados\n|-end|p2a: Gyarados|Substitute\n|move|p2a: Gyarados|Waterfall|p1a: Saber Alter\u2694\ufe0f\n|-damage|p1a: Saber Alter\u2694\ufe0f|0 fnt\n|faint|p1a: Saber Alter\u2694\ufe0f\n|\n|upkeep\n|\n|t:|1700183251\n|switch|p1a: Lockdown\ud83e\uddf1|Mandibuzz, F, shiny|81\/100\n|turn|11\n|\n|t:|1700183255\n|move|p2a: Gyarados|Waterfall|p1a: Lockdown\ud83e\uddf1\n|-damage|p1a: Lockdown\ud83e\uddf1|20\/100\n|-damage|p2a: Gyarados|36\/100|[from] item: Rocky Helmet|[of] p1a: Lockdown\ud83e\uddf1\n|move|p1a: Lockdown\ud83e\uddf1|Foul Play|p2a: Gyarados\n|-resisted|p2a: Gyarados\n|-damage|p2a: Gyarados|0 fnt\n|faint|p2a: Gyarados\n|\n|upkeep\n|c|\u2606DerpyVaporeon|ez\n|\n|t:|1700183262\n|switch|p2a: Tapu Koko|Tapu Koko|74\/100\n|-fieldstart|move: Electric Terrain|[from] ability: Electric Surge|[of] p2a: Tapu Koko\n|turn|12\n|\n|t:|1700183268\n|switch|p1a: Sparkplug\ud83d\udd0c|Manectric, F, shiny|100\/100\n|move|p2a: Tapu Koko|Reflect|p2a: Tapu Koko\n|-sidestart|p2: PaleSwordsman_666|Reflect\n|\n|upkeep\n|turn|13\n|\n|t:|1700183276\n|move|p2a: Tapu Koko|Light Screen|p2a: Tapu Koko\n|-sidestart|p2: PaleSwordsman_666|move: Light Screen\n|move|p1a: Sparkplug\ud83d\udd0c|Flamethrower|p2a: Tapu Koko\n|-damage|p2a: Tapu Koko|53\/100\n|\n|upkeep\n|turn|14\n|\n|t:|1700183282\n|move|p2a: Tapu Koko|Volt Switch|p1a: Sparkplug\ud83d\udd0c\n|-ability|p1a: Sparkplug\ud83d\udd0c|Lightning Rod|boost\n|-boost|p1a: Sparkplug\ud83d\udd0c|spa|1\n|move|p1a: Sparkplug\ud83d\udd0c|Flamethrower|p2a: Tapu Koko\n|-damage|p2a: Tapu Koko|24\/100\n|\n|upkeep\n|turn|15\n|c|\u2606DerpyVaporeon|ez\n|\n|t:|1700183296\n|switch|p2a: Volcarona|Volcarona, M|100\/100\n|move|p1a: Sparkplug\ud83d\udd0c|Flamethrower|p2a: Volcarona\n|-damage|p2a: Volcarona|77\/100\n|\n|upkeep\n|turn|16\n|\n|t:|1700183302\n|detailschange|p1a: Sparkplug\ud83d\udd0c|Manectric-Mega, F, shiny\n|-mega|p1a: Sparkplug\ud83d\udd0c|Manectric|Manectite\n|-ability|p1a: Sparkplug\ud83d\udd0c|Intimidate|boost\n|-unboost|p2a: Volcarona|atk|1\n|move|p1a: Sparkplug\ud83d\udd0c|Thunderbolt|p2a: Volcarona\n|-damage|p2a: Volcarona|29\/100\n|move|p2a: Volcarona|Quiver Dance|p2a: Volcarona\n|-boost|p2a: Volcarona|spa|1\n|-boost|p2a: Volcarona|spd|1\n|-boost|p2a: Volcarona|spe|1\n|\n|-fieldend|move: Electric Terrain\n|upkeep\n|turn|17\n|\n|t:|1700183311\n|move|p2a: Volcarona|Bug Buzz|p1a: Sparkplug\ud83d\udd0c\n|-damage|p1a: Sparkplug\ud83d\udd0c|0 fnt\n|faint|p1a: Sparkplug\ud83d\udd0c\n|\n|upkeep\n|\n|t:|1700183319\n|switch|p1a: Captain Falcon\ud83d\udc4a|Infernape, M, shiny|100\/100\n|turn|18\n|\n|t:|1700183323\n|move|p1a: Captain Falcon\ud83d\udc4a|Fake Out|p2a: Volcarona\n|-damage|p2a: Volcarona|15\/100\n|cant|p2a: Volcarona|flinch\n|\n|upkeep\n|turn|19\n|\n|t:|1700183329\n|switch|p1a: Mavis\u2b50|Milotic, F, shiny|100\/100\n|move|p2a: Volcarona|Psychic|p1a: Mavis\u2b50\n|-damage|p1a: Mavis\u2b50|72\/100\n|\n|-heal|p1a: Mavis\u2b50|78\/100|[from] item: Leftovers\n|-sideend|p2: PaleSwordsman_666|Reflect\n|upkeep\n|turn|20\n|\n|t:|1700183336\n|switch|p1a: Captain Falcon\ud83d\udc4a|Infernape, M, shiny|100\/100\n|move|p2a: Volcarona|Bug Buzz|p1a: Captain Falcon\ud83d\udc4a\n|-resisted|p1a: Captain Falcon\ud83d\udc4a\n|-damage|p1a: Captain Falcon\ud83d\udc4a|75\/100\n|\n|-sideend|p2: PaleSwordsman_666|move: Light Screen\n|upkeep\n|turn|21\n|\n|t:|1700183342\n|move|p1a: Captain Falcon\ud83d\udc4a|Fake Out|p2a: Volcarona\n|-damage|p2a: Volcarona|0 fnt\n|faint|p2a: Volcarona\n|\n|upkeep\n|c|\u2606DerpyVaporeon|its so simple\n|\n|t:|1700183345\n|switch|p2a: Tapu Koko|Tapu Koko|24\/100\n|-fieldstart|move: Electric Terrain|[from] ability: Electric Surge|[of] p2a: Tapu Koko\n|turn|22\n|\n|t:|1700183349\n|switch|p1a: F-22 Raptor\u2604\ufe0f|Garchomp, M, shiny|100\/100\n|move|p2a: Tapu Koko|Reflect|p2a: Tapu Koko\n|-sidestart|p2: PaleSwordsman_666|Reflect\n|\n|upkeep\n|turn|23\n|inactive|DerpyVaporeon has 270 seconds left.\n|\n|t:|1700183386\n|move|p2a: Tapu Koko|Taunt|p1a: F-22 Raptor\u2604\ufe0f\n|-start|p1a: F-22 Raptor\u2604\ufe0f|move: Taunt\n|cant|p1a: F-22 Raptor\u2604\ufe0f|move: Taunt|Swords Dance\n|\n|upkeep\n|turn|24\n|\n|t:|1700183391\n|move|p2a: Tapu Koko|Light Screen|p2a: Tapu Koko\n|-sidestart|p2: PaleSwordsman_666|move: Light Screen\n|move|p1a: F-22 Raptor\u2604\ufe0f|Iron Head|p2a: Tapu Koko\n|-damage|p2a: Tapu Koko|6\/100\n|\n|upkeep\n|turn|25\n|c|\u2606DerpyVaporeon|hm thanks for revealing ur last move\n|\n|t:|1700183404\n|move|p2a: Tapu Koko|Volt Switch|p1a: F-22 Raptor\u2604\ufe0f\n|-immune|p1a: F-22 Raptor\u2604\ufe0f\n|move|p1a: F-22 Raptor\u2604\ufe0f|Iron Head|p2a: Tapu Koko\n|-damage|p2a: Tapu Koko|0 fnt\n|faint|p2a: Tapu Koko\n|\n|-end|p1a: F-22 Raptor\u2604\ufe0f|move: Taunt\n|upkeep\n|\n|t:|1700183411\n|switch|p2a: Messi|Hawlucha, M, shiny|100\/100\n|-enditem|p2a: Messi|Electric Seed\n|-boost|p2a: Messi|def|1|[from] item: Electric Seed\n|turn|26\n|\n|t:|1700183415\n|switch|p1a: Lockdown\ud83e\uddf1|Mandibuzz, F, shiny|20\/100\n|move|p2a: Messi|Swords Dance|p2a: Messi\n|-boost|p2a: Messi|atk|2\n|\n|-fieldend|move: Electric Terrain\n|upkeep\n|turn|27\n|\n|t:|1700183423\n|move|p2a: Messi|Acrobatics|p1a: Lockdown\ud83e\uddf1\n|-damage|p1a: Lockdown\ud83e\uddf1|0 fnt\n|-damage|p2a: Messi|84\/100|[from] item: Rocky Helmet|[of] p1a: Lockdown\ud83e\uddf1\n|faint|p1a: Lockdown\ud83e\uddf1\n|\n|upkeep\n|c|\u2606PaleSwordsman_666|Easy\n|\n|t:|1700183431\n|switch|p1a: F-22 Raptor\u2604\ufe0f|Garchomp, M, shiny|100\/100\n|turn|28\n|c|\u2606DerpyVaporeon|g u rely on setups lol\n|\n|t:|1700183441\n|move|p2a: Messi|Close Combat|p1a: F-22 Raptor\u2604\ufe0f\n|-damage|p1a: F-22 Raptor\u2604\ufe0f|0 fnt\n|-unboost|p2a: Messi|def|1\n|-unboost|p2a: Messi|spd|1\n|-damage|p2a: Messi|72\/100|[from] ability: Rough Skin|[of] p1a: F-22 Raptor\u2604\ufe0f\n|faint|p1a: F-22 Raptor\u2604\ufe0f\n|\n|upkeep\n|c|\u2606PaleSwordsman_666|Easy\n|\n|t:|1700183450\n|switch|p1a: Mavis\u2b50|Milotic, F, shiny|78\/100\n|turn|29\n|\n|t:|1700183455\n|move|p2a: Messi|Acrobatics|p1a: Mavis\u2b50\n|-damage|p1a: Mavis\u2b50|0 fnt\n|faint|p1a: Mavis\u2b50\n|\n|-sideend|p2: PaleSwordsman_666|Reflect\n|upkeep\n|c|\u2606PaleSwordsman_666|Easy\n|\n|t:|1700183460\n|switch|p1a: Captain Falcon\ud83d\udc4a|Infernape, M, shiny|75\/100\n|turn|30\n|\n|t:|1700183463\n|move|p1a: Captain Falcon\ud83d\udc4a|Fake Out|p2a: Messi\n|-damage|p2a: Messi|48\/100\n|cant|p2a: Messi|flinch\n|\n|upkeep\n|turn|31\n|\n|t:|1700183472\n|-terastallize|p2a: Messi|Fighting\n|move|p1a: Captain Falcon\ud83d\udc4a|Fake Out||[still]\n|-hint|Fake Out only works on your first turn out.\n|-fail|p1a: Captain Falcon\ud83d\udc4a\n|move|p2a: Messi|Close Combat|p1a: Captain Falcon\ud83d\udc4a\n|-damage|p1a: Captain Falcon\ud83d\udc4a|0 fnt\n|-unboost|p2a: Messi|def|1\n|-unboost|p2a: Messi|spd|1\n|faint|p1a: Captain Falcon\ud83d\udc4a\n|\n|win|PaleSwordsman_666\n|c|\u2606PaleSwordsman_666|GG Noob.\n|l|\u2606DerpyVaporeon\n","uploadtime":1700183496,"views":12,"p1id":"derpyvaporeon","p2id":"paleswordsman666","formatid":"gen9nationaldex","rating":0,"private":0,"password":""}