{"id":"gen9nationaldex-1999331342","p1":"MasterList2015","p2":"waiiidd","format":"[Gen 9] National Dex","log":"|html|<div class=\"broadcast-blue\"><strong>[Gen 9] National Dex is currently suspecting Sneasler! For information on how to participate check out the <a href=\"https:\/\/www.smogon.com\/forums\/threads\/sv-national-dex-suspect-8-just-dance.3731534\/\">suspect thread<\/a>.<\/strong><\/div>\n|j|\u2606MasterList2015\n|j|\u2606waiiidd\n|t:|1701061557\n|gametype|singles\n|player|p1|MasterList2015|red|1198\n|player|p2|waiiidd|2|1073\n|teamsize|p1|6\n|teamsize|p2|6\n|gen|9\n|tier|[Gen 9] National Dex\n|rated|\n|rule|HP Percentage Mod: HP is shown in percentages\n|rule|Endless Battle Clause: Forcing endless battles is banned\n|rule|OHKO Clause: OHKO moves are banned\n|rule|Evasion Clause: Evasion abilities, items, and moves are banned\n|rule|Evasion Abilities Clause: Evasion abilities are banned\n|rule|Evasion Items Clause: Evasion items are banned\n|rule|Evasion Moves Clause: Evasion moves are banned\n|rule|Species Clause: Limit one of each Pok\u00e9mon\n|rule|Sleep Clause Mod: Limit one foe put to sleep\n|clearpoke\n|poke|p1|Pikachu-Kalos, M|\n|poke|p1|Charizard, M|\n|poke|p1|Krookodile, F|\n|poke|p1|Greninja-*, M|\n|poke|p1|Infernape, F|\n|poke|p1|Sceptile, M|\n|poke|p2|Diancie|\n|poke|p2|Cinderace, F|\n|poke|p2|Corviknight, F|\n|poke|p2|Garchomp, M|\n|poke|p2|Greninja-*, M|\n|poke|p2|Rillaboom, F|\n|teampreview\n|\n|t:|1701061568\n|start\n|switch|p1a: Sceptile|Sceptile, M|100\/100\n|switch|p2a: Diancie|Diancie|100\/100\n|turn|1\n|inactive|Battle timer is ON: inactive players will automatically lose when time's up. (requested by waiiidd)\n|\n|t:|1701061579\n|detailschange|p2a: Diancie|Diancie-Mega\n|-mega|p2a: Diancie|Diancie|Diancite\n|move|p1a: Sceptile|Focus Blast|p2a: Diancie\n|-damage|p2a: Diancie|34\/100\n|move|p2a: Diancie|Moonblast|p1a: Sceptile\n|-damage|p1a: Sceptile|15\/100\n|-unboost|p1a: Sceptile|spa|1\n|\n|upkeep\n|turn|2\n|\n|t:|1701061598\n|switch|p1a: Infernape|Infernape, F|100\/100\n|switch|p2a: Corviknight|Corviknight, F|100\/100\n|-ability|p2a: Corviknight|Pressure\n|\n|upkeep\n|turn|3\n|\n|t:|1701061609\n|switch|p2a: Garchomp|Garchomp, M|100\/100\n|move|p1a: Infernape|Flare Blitz|p2a: Garchomp\n|-resisted|p2a: Garchomp\n|-damage|p2a: Garchomp|74\/100\n|-damage|p1a: Infernape|88\/100|[from] ability: Rough Skin|[of] p2a: Garchomp\n|-damage|p1a: Infernape|78\/100|[from] Recoil\n|\n|upkeep\n|turn|4\n|\n|t:|1701061615\n|switch|p1a: Krookodile|Krookodile, F|100\/100\n|-ability|p1a: Krookodile|Intimidate|boost\n|-unboost|p2a: Garchomp|atk|1\n|move|p2a: Garchomp|Swords Dance|p2a: Garchomp\n|-boost|p2a: Garchomp|atk|2\n|\n|upkeep\n|turn|5\n|\n|t:|1701061626\n|move|p2a: Garchomp|Earthquake|p1a: Krookodile\n|-damage|p1a: Krookodile|0 fnt\n|faint|p1a: Krookodile\n|-damage|p2a: Garchomp|64\/100|[from] item: Life Orb\n|\n|upkeep\n|\n|t:|1701061632\n|switch|p1a: Sceptile|Sceptile, M|15\/100\n|turn|6\n|\n|t:|1701061648\n|move|p1a: Sceptile|Leaf Storm|p2a: Garchomp\n|-damage|p2a: Garchomp|0 fnt\n|-unboost|p1a: Sceptile|spa|2\n|faint|p2a: Garchomp\n|\n|upkeep\n|\n|t:|1701061665\n|switch|p2a: Greninja|Greninja, M|100\/100\n|turn|7\n|\n|t:|1701061668\n|switch|p1a: Greninja|Greninja, M|100\/100\n|move|p2a: Greninja|Ice Beam|p1a: Greninja\n|-resisted|p1a: Greninja\n|-damage|p1a: Greninja|71\/100\n|\n|upkeep\n|turn|8\n|\n|t:|1701061679\n|switch|p2a: Rillaboom|Rillaboom, F|100\/100\n|-fieldstart|move: Grassy Terrain|[from] ability: Grassy Surge|[of] p2a: Rillaboom\n|move|p1a: Greninja|Scald|p2a: Rillaboom\n|-resisted|p2a: Rillaboom\n|-damage|p2a: Rillaboom|73\/100\n|-status|p2a: Rillaboom|brn\n|\n|-heal|p1a: Greninja|77\/100|[from] Grassy Terrain\n|-heal|p2a: Rillaboom|79\/100 brn|[from] Grassy Terrain\n|-damage|p2a: Rillaboom|73\/100 brn|[from] brn\n|upkeep\n|turn|9\n|\n|t:|1701061698\n|switch|p1a: Charizard|Charizard, M|100\/100\n|move|p2a: Rillaboom|Grassy Glide|p1a: Charizard\n|-resisted|p1a: Charizard\n|-damage|p1a: Charizard|92\/100\n|-damage|p2a: Rillaboom|63\/100 brn|[from] item: Life Orb\n|\n|-heal|p2a: Rillaboom|69\/100 brn|[from] Grassy Terrain\n|-damage|p2a: Rillaboom|63\/100 brn|[from] brn\n|upkeep\n|turn|10\n|\n|t:|1701061704\n|switch|p2a: Greninja|Greninja, M|100\/100\n|move|p1a: Charizard|Flamethrower|p2a: Greninja\n|-resisted|p2a: Greninja\n|-damage|p2a: Greninja|68\/100\n|\n|-heal|p2a: Greninja|74\/100|[from] Grassy Terrain\n|upkeep\n|turn|11\n|\n|t:|1701061714\n|detailschange|p1a: Charizard|Charizard-Mega-Y, M\n|-mega|p1a: Charizard|Charizard|Charizardite Y\n|-weather|SunnyDay|[from] ability: Drought|[of] p1a: Charizard\n|move|p2a: Greninja|Scald|p1a: Charizard\n|-supereffective|p1a: Charizard\n|-damage|p1a: Charizard|37\/100\n|move|p1a: Charizard|Solar Beam||[still]\n|-prepare|p1a: Charizard|Solar Beam\n|-anim|p1a: Charizard|Solar Beam|p2a: Greninja\n|-supereffective|p2a: Greninja\n|-damage|p2a: Greninja|0 fnt\n|faint|p2a: Greninja\n|\n|-weather|SunnyDay|[upkeep]\n|upkeep\n|\n|t:|1701061730\n|switch|p2a: Diancie|Diancie-Mega|34\/100\n|turn|12\n|\n|t:|1701061734\n|move|p2a: Diancie|Diamond Storm|p1a: Charizard\n|-supereffective|p1a: Charizard\n|-damage|p1a: Charizard|0 fnt\n|faint|p1a: Charizard\n|\n|-weather|SunnyDay|[upkeep]\n|-heal|p2a: Diancie|40\/100|[from] Grassy Terrain\n|-fieldend|move: Grassy Terrain\n|upkeep\n|\n|t:|1701061745\n|switch|p1a: Greninja|Greninja, M|77\/100\n|turn|13\n|\n|t:|1701061757\n|move|p1a: Greninja|Ice Beam|p2a: Diancie\n|-crit|p2a: Diancie\n|-damage|p2a: Diancie|0 fnt\n|faint|p2a: Diancie\n|-ability|p1a: Greninja|Battle Bond|boost\n|-boost|p1a: Greninja|atk|1\n|-boost|p1a: Greninja|spa|1\n|-boost|p1a: Greninja|spe|1\n|-activate|p1a: Greninja|ability: Battle Bond\n|\n|-weather|SunnyDay|[upkeep]\n|upkeep\n|\n|t:|1701061763\n|switch|p2a: Corviknight|Corviknight, F|100\/100\n|-ability|p2a: Corviknight|Pressure\n|turn|14\n|\n|t:|1701061769\n|move|p1a: Greninja|Scald|p2a: Corviknight\n|-damage|p2a: Corviknight|70\/100\n|-status|p2a: Corviknight|brn\n|move|p2a: Corviknight|Brave Bird|p1a: Greninja\n|-damage|p1a: Greninja|49\/100\n|-damage|p2a: Corviknight|64\/100 brn|[from] Recoil\n|\n|-weather|SunnyDay|[upkeep]\n|-heal|p2a: Corviknight|70\/100 brn|[from] item: Leftovers\n|-damage|p2a: Corviknight|64\/100 brn|[from] brn\n|upkeep\n|turn|15\n|\n|t:|1701061776\n|move|p1a: Greninja|Dark Pulse|p2a: Corviknight\n|-damage|p2a: Corviknight|7\/100 brn\n|move|p2a: Corviknight|Iron Head|p1a: Greninja\n|-resisted|p1a: Greninja\n|-damage|p1a: Greninja|40\/100\n|\n|-weather|none\n|-heal|p2a: Corviknight|13\/100 brn|[from] item: Leftovers\n|-damage|p2a: Corviknight|7\/100 brn|[from] brn\n|upkeep\n|turn|16\n|\n|t:|1701061782\n|-terastallize|p2a: Corviknight|Ground\n|move|p1a: Greninja|Ice Beam|p2a: Corviknight\n|-supereffective|p2a: Corviknight\n|-damage|p2a: Corviknight|0 fnt\n|faint|p2a: Corviknight\n|\n|upkeep\n|\n|t:|1701061787\n|switch|p2a: Rillaboom|Rillaboom, F|63\/100 brn\n|-fieldstart|move: Grassy Terrain|[from] ability: Grassy Surge|[of] p2a: Rillaboom\n|turn|17\n|\n|t:|1701061791\n|move|p2a: Rillaboom|Grassy Glide|p1a: Greninja\n|-supereffective|p1a: Greninja\n|-damage|p1a: Greninja|0 fnt\n|faint|p1a: Greninja\n|-damage|p2a: Rillaboom|53\/100 brn|[from] item: Life Orb\n|\n|-heal|p2a: Rillaboom|59\/100 brn|[from] Grassy Terrain\n|-damage|p2a: Rillaboom|53\/100 brn|[from] brn\n|upkeep\n|\n|t:|1701061793\n|switch|p1a: Infernape|Infernape, F|78\/100\n|turn|18\n|\n|t:|1701061798\n|move|p1a: Infernape|Flare Blitz|p2a: Rillaboom\n|-supereffective|p2a: Rillaboom\n|-damage|p2a: Rillaboom|0 fnt\n|faint|p2a: Rillaboom\n|-damage|p1a: Infernape|57\/100|[from] Recoil\n|\n|-heal|p1a: Infernape|64\/100|[from] Grassy Terrain\n|upkeep\n|\n|t:|1701061801\n|switch|p2a: Cinderace|Cinderace, F|100\/100\n|turn|19\n|\n|t:|1701061805\n|move|p1a: Infernape|Mach Punch|p2a: Cinderace\n|-damage|p2a: Cinderace|64\/100\n|move|p2a: Cinderace|Gunk Shot|p1a: Infernape\n|-start|p2a: Cinderace|typechange|Poison|[from] ability: Libero\n|-damage|p1a: Infernape|0 fnt\n|faint|p1a: Infernape\n|\n|-heal|p2a: Cinderace|70\/100|[from] Grassy Terrain\n|upkeep\n|\n|t:|1701061808\n|switch|p1a: Pikachu|Pikachu-Kalos, M|100\/100\n|turn|20\n|\n|t:|1701061817\n|move|p1a: Pikachu|Fake Out|p2a: Cinderace\n|-damage|p2a: Cinderace|47\/100\n|cant|p2a: Cinderace|flinch\n|\n|-heal|p2a: Cinderace|53\/100|[from] Grassy Terrain\n|upkeep\n|turn|21\n|\n|t:|1701061823\n|-zpower|p2a: Cinderace\n|move|p2a: Cinderace|Inferno Overdrive|p1a: Pikachu|[zeffect]\n|-damage|p1a: Pikachu|0 fnt\n|faint|p1a: Pikachu\n|\n|-heal|p2a: Cinderace|59\/100|[from] Grassy Terrain\n|-fieldend|move: Grassy Terrain\n|upkeep\n|\n|t:|1701061828\n|switch|p1a: Sceptile|Sceptile, M|15\/100\n|turn|22\n|\n|t:|1701061833\n|move|p1a: Sceptile|Leaf Storm|p2a: Cinderace\n|-resisted|p2a: Cinderace\n|-damage|p2a: Cinderace|0 fnt\n|-unboost|p1a: Sceptile|spa|2\n|faint|p2a: Cinderace\n|\n|win|MasterList2015\n|raw|MasterList2015's rating: 1198 &rarr; <strong>1214<\/strong><br \/>(+16 for winning)\n|raw|waiiidd's rating: 1073 &rarr; <strong>1059<\/strong><br \/>(-14 for losing)\n|l|\u2606waiiidd\n","uploadtime":1701061842,"views":4,"p1id":"masterlist2015","p2id":"waiiidd","formatid":"gen9nationaldex","rating":1059,"private":0,"password":""}