{"id":"gen9nationaldex-1998738930","p1":"akxhdwy","p2":"baigu2","format":"[Gen 9] National Dex","log":"|html|<div class=\"broadcast-blue\"><strong>[Gen 9] National Dex is currently suspecting Sneasler! For information on how to participate check out the <a href=\"https:\/\/www.smogon.com\/forums\/threads\/sv-national-dex-suspect-8-just-dance.3731534\/\">suspect thread<\/a>.<\/strong><\/div>\n|j|\u2606akxhdwy\n|j|\u2606baigu2\n|t:|1700980904\n|gametype|singles\n|player|p1|akxhdwy|266|1781\n|player|p2|baigu2|101|1829\n|teamsize|p1|6\n|teamsize|p2|6\n|gen|9\n|tier|[Gen 9] National Dex\n|rated|\n|rule|HP Percentage Mod: HP is shown in percentages\n|rule|Endless Battle Clause: Forcing endless battles is banned\n|rule|OHKO Clause: OHKO moves are banned\n|rule|Evasion Clause: Evasion abilities, items, and moves are banned\n|rule|Evasion Abilities Clause: Evasion abilities are banned\n|rule|Evasion Items Clause: Evasion items are banned\n|rule|Evasion Moves Clause: Evasion moves are banned\n|rule|Species Clause: Limit one of each Pok\u00e9mon\n|rule|Sleep Clause Mod: Limit one foe put to sleep\n|clearpoke\n|poke|p1|Tapu Lele|\n|poke|p1|Sneasler, F|\n|poke|p1|Ogerpon-Wellspring, F|\n|poke|p1|Moltres|\n|poke|p1|Scizor, M|\n|poke|p1|Garchomp, M|\n|poke|p2|Ursaluna, F|\n|poke|p2|Slowking, F|\n|poke|p2|Corviknight, M|\n|poke|p2|Hoopa-Unbound|\n|poke|p2|Dragonite, F|\n|poke|p2|Tapu Koko|\n|teampreview\n|inactive|Battle timer is ON: inactive players will automatically lose when time's up. (requested by akxhdwy)\n|\n|t:|1700980914\n|start\n|switch|p1a: Scizor|Scizor, M, shiny|100\/100\n|switch|p2a: Tapu Koko|Tapu Koko|100\/100\n|-fieldstart|move: Electric Terrain|[from] ability: Electric Surge|[of] p2a: Tapu Koko\n|turn|1\n|\n|t:|1700980917\n|detailschange|p1a: Scizor|Scizor-Mega, M, shiny\n|-mega|p1a: Scizor|Scizor|Scizorite\n|move|p2a: Tapu Koko|Volt Switch|p1a: Scizor\n|-damage|p1a: Scizor|54\/100\n|\n|t:|1700980920\n|switch|p2a: Corviknight|Corviknight, M|100\/100|[from] Volt Switch\n|-ability|p2a: Corviknight|Pressure\n|move|p1a: Scizor|U-turn|p2a: Corviknight\n|-resisted|p2a: Corviknight\n|-damage|p2a: Corviknight|96\/100\n|-damage|p1a: Scizor|38\/100|[from] item: Rocky Helmet|[of] p2a: Corviknight\n|\n|t:|1700980929\n|switch|p1a: Moltres|Moltres|100\/100|[from] U-turn\n|\n|upkeep\n|turn|2\n|\n|t:|1700980939\n|switch|p1a: Ogerpon|Ogerpon-Wellspring, F|100\/100\n|switch|p2a: Slowking|Slowking, F|100\/100\n|\n|upkeep\n|turn|3\n|\n|t:|1700980944\n|switch|p2a: Dragonite|Dragonite, F|100\/100\n|move|p1a: Ogerpon|Taunt|p2a: Dragonite\n|-start|p2a: Dragonite|move: Taunt\n|\n|upkeep\n|turn|4\n|\n|t:|1700980951\n|move|p1a: Ogerpon|Ivy Cudgel|p2a: Dragonite|[anim] Ivy Cudgel Water\n|-resisted|p2a: Dragonite\n|-damage|p2a: Dragonite|84\/100\n|move|p2a: Dragonite|Outrage|p1a: Ogerpon\n|-damage|p1a: Ogerpon|0 fnt\n|faint|p1a: Ogerpon\n|\n|upkeep\n|\n|t:|1700980956\n|switch|p1a: Garchomp|Garchomp, M, shiny|100\/100\n|turn|5\n|\n|t:|1700980960\n|-zpower|p1a: Garchomp\n|move|p1a: Garchomp|Devastating Drake|p2a: Dragonite|[zeffect]\n|-supereffective|p2a: Dragonite\n|-damage|p2a: Dragonite|0 fnt\n|faint|p2a: Dragonite\n|\n|-fieldend|move: Electric Terrain\n|upkeep\n|\n|t:|1700980964\n|switch|p2a: Tapu Koko|Tapu Koko|100\/100\n|-fieldstart|move: Electric Terrain|[from] ability: Electric Surge|[of] p2a: Tapu Koko\n|turn|6\n|\n|t:|1700980968\n|move|p2a: Tapu Koko|Dazzling Gleam|p1a: Garchomp\n|-supereffective|p1a: Garchomp\n|-damage|p1a: Garchomp|0 fnt\n|faint|p1a: Garchomp\n|\n|upkeep\n|\n|t:|1700980972\n|switch|p1a: Scizor|Scizor-Mega, M, shiny|38\/100\n|turn|7\n|\n|t:|1700980978\n|switch|p2a: \u718a\u5927|Ursaluna, F|100\/100\n|move|p1a: Scizor|Roost|p1a: Scizor\n|-heal|p1a: Scizor|88\/100\n|-singleturn|p1a: Scizor|move: Roost\n|\n|-status|p2a: \u718a\u5927|brn|[from] item: Flame Orb\n|upkeep\n|turn|8\n|\n|t:|1700980983\n|move|p1a: Scizor|U-turn|p2a: \u718a\u5927\n|-damage|p2a: \u718a\u5927|77\/100 brn\n|\n|t:|1700980987\n|switch|p1a: Moltres|Moltres|100\/100|[from] U-turn\n|move|p2a: \u718a\u5927|Fire Punch|p1a: Moltres\n|-resisted|p1a: Moltres\n|-damage|p1a: Moltres|85\/100\n|\n|-damage|p2a: \u718a\u5927|70\/100 brn|[from] brn\n|upkeep\n|turn|9\n|\n|t:|1700980992\n|-terastallize|p2a: \u718a\u5927|Normal\n|move|p1a: Moltres|Hurricane|p2a: \u718a\u5927\n|-damage|p2a: \u718a\u5927|30\/100 brn\n|move|p2a: \u718a\u5927|Facade|p1a: Moltres\n|-damage|p1a: Moltres|0 fnt\n|faint|p1a: Moltres\n|\n|-damage|p2a: \u718a\u5927|24\/100 brn|[from] brn\n|upkeep\n|\n|t:|1700980999\n|switch|p1a: Scizor|Scizor-Mega, M, shiny|88\/100\n|turn|10\n|\n|t:|1700981002\n|switch|p2a: Corviknight|Corviknight, M|96\/100\n|-ability|p2a: Corviknight|Pressure\n|move|p1a: Scizor|U-turn|p2a: Corviknight\n|-resisted|p2a: Corviknight\n|-damage|p2a: Corviknight|91\/100\n|-damage|p1a: Scizor|71\/100|[from] item: Rocky Helmet|[of] p2a: Corviknight\n|\n|t:|1700981005\n|switch|p1a: Tapu Lele|Tapu Lele|100\/100|[from] U-turn\n|-fieldstart|move: Psychic Terrain|[from] ability: Psychic Surge|[of] p1a: Tapu Lele\n|\n|upkeep\n|turn|11\n|\n|t:|1700981012\n|switch|p2a: Slowking|Slowking, F|100\/100\n|move|p1a: Tapu Lele|Future Sight|p2a: Slowking\n|-start|p1a: Tapu Lele|move: Future Sight\n|\n|upkeep\n|turn|12\n|\n|t:|1700981015\n|switch|p1a: Scizor|Scizor-Mega, M, shiny|71\/100\n|move|p2a: Slowking|Trick Room|p2a: Slowking\n|-fieldstart|move: Trick Room|[of] p2a: Slowking\n|\n|upkeep\n|turn|13\n|\n|t:|1700981019\n|switch|p2a: Corviknight|Corviknight, M|91\/100\n|-ability|p2a: Corviknight|Pressure\n|move|p1a: Scizor|U-turn|p2a: Corviknight\n|-resisted|p2a: Corviknight\n|-damage|p2a: Corviknight|86\/100\n|-damage|p1a: Scizor|54\/100|[from] item: Rocky Helmet|[of] p2a: Corviknight\n|\n|t:|1700981025\n|switch|p1a: Sneasler|Sneasler, F|100\/100|[from] U-turn\n|-enditem|p1a: Sneasler|Psychic Seed\n|-boost|p1a: Sneasler|spd|1|[from] item: Psychic Seed\n|\n|-end|p2a: Corviknight|move: Future Sight\n|-resisted|p2a: Corviknight\n|-damage|p2a: Corviknight|51\/100\n|upkeep\n|turn|14\n|\n|t:|1700981037\n|-terastallize|p1a: Sneasler|Flying\n|move|p2a: Corviknight|Brave Bird|p1a: Sneasler\n|-damage|p1a: Sneasler|37\/100\n|-damage|p2a: Corviknight|35\/100|[from] Recoil\n|move|p1a: Sneasler|Swords Dance|p1a: Sneasler\n|-boost|p1a: Sneasler|atk|2\n|\n|-fieldend|move: Psychic Terrain\n|upkeep\n|turn|15\n|\n|t:|1700981043\n|move|p2a: Corviknight|Brave Bird|p1a: Sneasler\n|-damage|p1a: Sneasler|0 fnt\n|faint|p1a: Sneasler\n|-damage|p2a: Corviknight|26\/100|[from] Recoil\n|\n|upkeep\n|\n|t:|1700981048\n|switch|p1a: Tapu Lele|Tapu Lele|100\/100\n|-fieldstart|move: Psychic Terrain|[from] ability: Psychic Surge|[of] p1a: Tapu Lele\n|turn|16\n|\n|t:|1700981053\n|move|p2a: Corviknight|Roost|p2a: Corviknight\n|-heal|p2a: Corviknight|76\/100\n|-singleturn|p2a: Corviknight|move: Roost\n|move|p1a: Tapu Lele|Psychic|p2a: Corviknight\n|-resisted|p2a: Corviknight\n|-damage|p2a: Corviknight|46\/100\n|\n|-fieldend|move: Trick Room\n|upkeep\n|turn|17\n|-message|akxhdwy forfeited.\n|\n|win|baigu2\n|raw|akxhdwy's rating: 1781 &rarr; <strong>1764<\/strong><br \/>(-17 for losing)\n|raw|baigu2's rating: 1829 &rarr; <strong>1846<\/strong><br \/>(+17 for winning)\n|l|\u2606akxhdwy\n","uploadtime":1700981059,"views":1,"p1id":"akxhdwy","p2id":"baigu2","formatid":"gen9nationaldex","rating":1764,"private":0,"password":""}