{"id":"gen9nationaldex-1991590884","p1":"abigolname","p2":"TheGrassKing1","format":"[Gen 9] National Dex","log":"|j|\u2606abigolname\n|j|\u2606TheGrassKing1\n|t:|1700091741\n|gametype|singles\n|player|p1|abigolname|102|1518\n|player|p2|TheGrassKing1|morty-masters2|1622\n|teamsize|p1|6\n|teamsize|p2|6\n|gen|9\n|tier|[Gen 9] National Dex\n|rated|\n|rule|HP Percentage Mod: HP is shown in percentages\n|rule|Endless Battle Clause: Forcing endless battles is banned\n|rule|OHKO Clause: OHKO moves are banned\n|rule|Evasion Clause: Evasion abilities, items, and moves are banned\n|rule|Evasion Abilities Clause: Evasion abilities are banned\n|rule|Evasion Items Clause: Evasion items are banned\n|rule|Evasion Moves Clause: Evasion moves are banned\n|rule|Species Clause: Limit one of each Pok\u00e9mon\n|rule|Sleep Clause Mod: Limit one foe put to sleep\n|clearpoke\n|poke|p1|Zapdos|\n|poke|p1|Toxapex, M|\n|poke|p1|Urshifu-*, F|\n|poke|p1|Breloom, F|\n|poke|p1|Ninetales-Alola, M|\n|poke|p1|Garganacl, F|\n|poke|p2|Torkoal, F|\n|poke|p2|Leafeon, F|\n|poke|p2|Landorus-Therian, M|\n|poke|p2|Heatran, M|\n|poke|p2|Scizor, F|\n|poke|p2|Victini|\n|teampreview\n|\n|t:|1700091750\n|start\n|switch|p1a: Zapdos|Zapdos|100\/100\n|switch|p2a: Torkoal|Torkoal, F|100\/100\n|-weather|SunnyDay|[from] ability: Drought|[of] p2a: Torkoal\n|turn|1\n|\n|t:|1700091756\n|move|p1a: Zapdos|Thunderbolt|p2a: Torkoal\n|-damage|p2a: Torkoal|58\/100\n|move|p2a: Torkoal|Toxic|p1a: Zapdos\n|-status|p1a: Zapdos|tox\n|\n|-weather|SunnyDay|[upkeep]\n|-damage|p1a: Zapdos|94\/100 tox|[from] psn\n|upkeep\n|turn|2\n|\n|t:|1700091761\n|switch|p2a: Landorus|Landorus-Therian, M|100\/100\n|-ability|p2a: Landorus|Intimidate|boost\n|-unboost|p1a: Zapdos|atk|1\n|move|p1a: Zapdos|Hurricane|p2a: Landorus|[miss]\n|-miss|p1a: Zapdos|p2a: Landorus\n|\n|-weather|SunnyDay|[upkeep]\n|-damage|p1a: Zapdos|82\/100 tox|[from] psn\n|upkeep\n|turn|3\n|j| Ghha\n|inactive|Battle timer is ON: inactive players will automatically lose when time's up. (requested by TheGrassKing1)\n|\n|t:|1700091769\n|switch|p1a: Breloom|Breloom, F|100\/100\n|move|p2a: Landorus|U-turn|p1a: Breloom\n|-damage|p1a: Breloom|74\/100\n|\n|t:|1700091775\n|switch|p2a: Victini|Victini|100\/100|[from] U-turn\n|\n|-weather|SunnyDay|[upkeep]\n|-status|p1a: Breloom|tox|[from] item: Toxic Orb\n|upkeep\n|turn|4\n|\n|t:|1700091789\n|-terastallize|p2a: Victini|Fire\n|move|p1a: Breloom|Protect|p1a: Breloom\n|-singleturn|p1a: Breloom|Protect\n|move|p2a: Victini|V-create|p1a: Breloom\n|-activate|p1a: Breloom|move: Protect\n|\n|-weather|SunnyDay|[upkeep]\n|-heal|p1a: Breloom|86\/100 tox|[from] ability: Poison Heal\n|upkeep\n|turn|5\n|\n|t:|1700091794\n|switch|p1a: Toxapex|Toxapex, M|100\/100\n|move|p2a: Victini|V-create|p1a: Toxapex\n|-resisted|p1a: Toxapex\n|-damage|p1a: Toxapex|26\/100\n|-unboost|p2a: Victini|spe|1\n|-unboost|p2a: Victini|def|1\n|-unboost|p2a: Victini|spd|1\n|-enditem|p1a: Toxapex|Eject Button\n|\n|t:|1700091803\n|switch|p1a: Urshifu|Urshifu-Rapid-Strike, F|100\/100\n|\n|-weather|SunnyDay|[upkeep]\n|upkeep\n|turn|6\n|\n|t:|1700091809\n|switch|p2a: Landorus|Landorus-Therian, M|100\/100\n|-ability|p2a: Landorus|Intimidate|boost\n|-unboost|p1a: Urshifu|atk|1\n|move|p1a: Urshifu|Surging Strikes|p2a: Landorus\n|-supereffective|p2a: Landorus\n|-crit|p2a: Landorus\n|-damage|p2a: Landorus|84\/100\n|-supereffective|p2a: Landorus\n|-crit|p2a: Landorus\n|-damage|p2a: Landorus|65\/100\n|-supereffective|p2a: Landorus\n|-crit|p2a: Landorus\n|-damage|p2a: Landorus|49\/100\n|-hitcount|p2a: Landorus|3\n|-enditem|p2a: Landorus|Eject Button\n|\n|t:|1700091826\n|switch|p2a: Victini|Victini, tera:Fire|100\/100\n|\n|-weather|SunnyDay|[upkeep]\n|upkeep\n|turn|7\n|\n|t:|1700091843\n|switch|p1a: Zapdos|Zapdos|82\/100 tox\n|move|p2a: Victini|V-create|p1a: Zapdos\n|-damage|p1a: Zapdos|0 fnt\n|-unboost|p2a: Victini|spe|1\n|-unboost|p2a: Victini|def|1\n|-unboost|p2a: Victini|spd|1\n|-status|p2a: Victini|par|[from] ability: Static|[of] p1a: Zapdos\n|faint|p1a: Zapdos\n|\n|-weather|SunnyDay|[upkeep]\n|upkeep\n|\n|t:|1700091849\n|switch|p1a: Urshifu|Urshifu-Rapid-Strike, F|100\/100\n|turn|8\n|\n|t:|1700091857\n|switch|p2a: Scizor|Scizor, F|100\/100\n|move|p1a: Urshifu|Close Combat|p2a: Scizor\n|-damage|p2a: Scizor|49\/100\n|-unboost|p1a: Urshifu|def|1\n|-unboost|p1a: Urshifu|spd|1\n|\n|-weather|none\n|upkeep\n|turn|9\n|\n|t:|1700091864\n|detailschange|p2a: Scizor|Scizor-Mega, F\n|-mega|p2a: Scizor|Scizor|Scizorite\n|move|p1a: Urshifu|Surging Strikes|p2a: Scizor\n|-crit|p2a: Scizor\n|-damage|p2a: Scizor|37\/100\n|-crit|p2a: Scizor\n|-damage|p2a: Scizor|24\/100\n|-crit|p2a: Scizor\n|-damage|p2a: Scizor|12\/100\n|-hitcount|p2a: Scizor|3\n|move|p2a: Scizor|Roost|p2a: Scizor\n|-heal|p2a: Scizor|62\/100\n|-singleturn|p2a: Scizor|move: Roost\n|\n|upkeep\n|turn|10\n|\n|t:|1700091874\n|switch|p1a: Toxapex|Toxapex, M|59\/100\n|move|p2a: Scizor|Roost|p2a: Scizor\n|-heal|p2a: Scizor|100\/100\n|-singleturn|p2a: Scizor|move: Roost\n|\n|upkeep\n|turn|11\n|\n|t:|1700091880\n|move|p2a: Scizor|U-turn|p1a: Toxapex\n|-resisted|p1a: Toxapex\n|-damage|p1a: Toxapex|48\/100\n|\n|t:|1700091882\n|switch|p2a: Torkoal|Torkoal, F|58\/100|[from] U-turn\n|-weather|SunnyDay|[from] ability: Drought|[of] p2a: Torkoal\n|move|p1a: Toxapex|Toxic|p2a: Torkoal\n|-status|p2a: Torkoal|tox\n|\n|-weather|SunnyDay|[upkeep]\n|-damage|p2a: Torkoal|52\/100 tox|[from] psn\n|upkeep\n|turn|12\n|\n|t:|1700091896\n|switch|p1a: Ninetales|Ninetales-Alola, M|100\/100\n|-weather|Snow|[from] ability: Snow Warning|[of] p1a: Ninetales\n|move|p2a: Torkoal|Stealth Rock|p1a: Ninetales\n|-sidestart|p1: abigolname|move: Stealth Rock\n|\n|-weather|Snow|[upkeep]\n|-damage|p2a: Torkoal|39\/100 tox|[from] psn\n|upkeep\n|turn|13\n|\n|t:|1700091909\n|switch|p2a: Scizor|Scizor-Mega, F|100\/100\n|move|p1a: Ninetales|Aurora Veil|p1a: Ninetales\n|-sidestart|p1: abigolname|move: Aurora Veil\n|\n|-weather|Snow|[upkeep]\n|upkeep\n|turn|14\n|\n|t:|1700091916\n|switch|p1a: Breloom|Breloom, F|86\/100 tox\n|-damage|p1a: Breloom|80\/100 tox|[from] Stealth Rock\n|move|p2a: Scizor|Swords Dance|p2a: Scizor\n|-boost|p2a: Scizor|atk|2\n|\n|-weather|Snow|[upkeep]\n|-heal|p1a: Breloom|92\/100 tox|[from] ability: Poison Heal\n|upkeep\n|turn|15\n|\n|t:|1700091927\n|move|p2a: Scizor|Bullet Punch|p1a: Breloom\n|-damage|p1a: Breloom|56\/100 tox\n|move|p1a: Breloom|Spore|p2a: Scizor\n|-status|p2a: Scizor|slp|[from] move: Spore\n|\n|-weather|Snow|[upkeep]\n|-heal|p1a: Breloom|68\/100 tox|[from] ability: Poison Heal\n|upkeep\n|turn|16\n|\n|t:|1700091936\n|cant|p2a: Scizor|slp\n|move|p1a: Breloom|Substitute|p1a: Breloom\n|-start|p1a: Breloom|Substitute\n|-damage|p1a: Breloom|43\/100 tox\n|\n|-weather|none\n|-heal|p1a: Breloom|56\/100 tox|[from] ability: Poison Heal\n|upkeep\n|turn|17\n|\n|t:|1700091940\n|-singleturn|p1a: Breloom|move: Focus Punch\n|cant|p2a: Scizor|slp\n|move|p1a: Breloom|Focus Punch|p2a: Scizor\n|-damage|p2a: Scizor|44\/100 slp\n|\n|-heal|p1a: Breloom|68\/100 tox|[from] ability: Poison Heal\n|upkeep\n|turn|18\n|\n|t:|1700091954\n|-singleturn|p1a: Breloom|move: Focus Punch\n|-curestatus|p2a: Scizor|slp|[msg]\n|move|p2a: Scizor|U-turn|p1a: Breloom\n|-end|p1a: Breloom|Substitute\n|\n|t:|1700091960\n|switch|p2a: Landorus|Landorus-Therian, M|49\/100|[from] U-turn\n|-ability|p2a: Landorus|Intimidate|boost\n|-unboost|p1a: Breloom|atk|1\n|move|p1a: Breloom|Focus Punch|p2a: Landorus\n|-resisted|p2a: Landorus\n|-damage|p2a: Landorus|22\/100\n|\n|-heal|p1a: Breloom|80\/100 tox|[from] ability: Poison Heal\n|upkeep\n|turn|19\n|\n|t:|1700091973\n|switch|p1a: Toxapex|Toxapex, M|81\/100\n|-damage|p1a: Toxapex|69\/100|[from] Stealth Rock\n|move|p2a: Landorus|U-turn|p1a: Toxapex\n|-resisted|p1a: Toxapex\n|-damage|p1a: Toxapex|66\/100\n|\n|t:|1700091981\n|switch|p2a: Heatran|Heatran, M|100\/100|[from] U-turn\n|-item|p2a: Heatran|Air Balloon\n|\n|upkeep\n|turn|20\n|\n|t:|1700091994\n|switch|p1a: Urshifu|Urshifu-Rapid-Strike, F|100\/100\n|-damage|p1a: Urshifu|94\/100|[from] Stealth Rock\n|move|p2a: Heatran|Magma Storm|p1a: Urshifu\n|-resisted|p1a: Urshifu\n|-damage|p1a: Urshifu|75\/100\n|-activate|p1a: Urshifu|move: Magma Storm|[of] p2a: Heatran\n|\n|-damage|p1a: Urshifu|63\/100|[from] move: Magma Storm|[partiallytrapped]\n|-sideend|p1: abigolname|move: Aurora Veil\n|upkeep\n|turn|21\n|inactive|TheGrassKing1 has 120 seconds left.\n|\n|t:|1700092039\n|switch|p2a: Landorus|Landorus-Therian, M|22\/100\n|-ability|p2a: Landorus|Intimidate|boost\n|-unboost|p1a: Urshifu|atk|1\n|move|p1a: Urshifu|Surging Strikes|p2a: Landorus\n|-supereffective|p2a: Landorus\n|-crit|p2a: Landorus\n|-damage|p2a: Landorus|0 fnt\n|faint|p2a: Landorus\n|-hitcount|p2: Landorus|1\n|\n|-end|p1a: Urshifu|Magma Storm|[partiallytrapped]|[silent]\n|upkeep\n|\n|t:|1700092040\n|switch|p2a: Torkoal|Torkoal, F|39\/100 tox\n|-weather|SunnyDay|[from] ability: Drought|[of] p2a: Torkoal\n|turn|22\n|inactive|TheGrassKing1 has 120 seconds left.\n|inactive|TheGrassKing1 has 90 seconds left.\n|inactive|TheGrassKing1 has 60 seconds left.\n|\n|t:|1700092110\n|switch|p2a: Leafeon|Leafeon, F|100\/100\n|move|p1a: Urshifu|Swords Dance|p1a: Urshifu\n|-boost|p1a: Urshifu|atk|2\n|\n|-weather|SunnyDay|[upkeep]\n|upkeep\n|turn|23\n|inactive|TheGrassKing1 has 60 seconds left.\n|\n|t:|1700092121\n|switch|p1a: Ninetales|Ninetales-Alola, M|100\/100\n|-damage|p1a: Ninetales|76\/100|[from] Stealth Rock\n|-weather|Snow|[from] ability: Snow Warning|[of] p1a: Ninetales\n|move|p2a: Leafeon|Weather Ball|p1a: Ninetales\n|-resisted|p1a: Ninetales\n|-damage|p1a: Ninetales|64\/100\n|-damage|p2a: Leafeon|91\/100|[from] item: Life Orb\n|\n|-weather|Snow|[upkeep]\n|upkeep\n|turn|24\n|\n|t:|1700092131\n|switch|p2a: Scizor|Scizor-Mega, F|44\/100\n|move|p1a: Ninetales|Freeze-Dry|p2a: Scizor\n|-resisted|p2a: Scizor\n|-damage|p2a: Scizor|31\/100\n|-status|p2a: Scizor|frz\n|\n|-weather|Snow|[upkeep]\n|upkeep\n|turn|25\n|\n|t:|1700092137\n|switch|p1a: Breloom|Breloom, F|80\/100 tox\n|-damage|p1a: Breloom|74\/100 tox|[from] Stealth Rock\n|-curestatus|p2a: Scizor|frz|[msg]\n|move|p2a: Scizor|Roost|p2a: Scizor\n|-heal|p2a: Scizor|82\/100\n|-singleturn|p2a: Scizor|move: Roost\n|\n|-weather|Snow|[upkeep]\n|-heal|p1a: Breloom|87\/100 tox|[from] ability: Poison Heal\n|upkeep\n|turn|26\n|\n|t:|1700092147\n|move|p2a: Scizor|U-turn|p1a: Breloom\n|-damage|p1a: Breloom|41\/100 tox\n|\n|t:|1700092149\n|switch|p2a: Leafeon|Leafeon, F|91\/100|[from] U-turn\n|move|p1a: Breloom|Spore|p2a: Leafeon\n|-immune|p2a: Leafeon\n|\n|-weather|Snow|[upkeep]\n|-heal|p1a: Breloom|54\/100 tox|[from] ability: Poison Heal\n|upkeep\n|turn|27\n|\n|t:|1700092158\n|move|p2a: Leafeon|Weather Ball|p1a: Breloom\n|-supereffective|p1a: Breloom\n|-damage|p1a: Breloom|0 fnt\n|faint|p1a: Breloom\n|-damage|p2a: Leafeon|81\/100|[from] item: Life Orb\n|\n|-weather|none\n|upkeep\n|\n|t:|1700092168\n|switch|p1a: Urshifu|Urshifu-Rapid-Strike, F|63\/100\n|-damage|p1a: Urshifu|57\/100|[from] Stealth Rock\n|turn|28\n|inactive|TheGrassKing1 has 90 seconds left.\n|inactive|TheGrassKing1 has 60 seconds left.\n|\n|t:|1700092221\n|move|p1a: Urshifu|Swords Dance|p1a: Urshifu\n|-boost|p1a: Urshifu|atk|2\n|move|p2a: Leafeon|Knock Off|p1a: Urshifu\n|-resisted|p1a: Urshifu\n|-damage|p1a: Urshifu|34\/100\n|-enditem|p1a: Urshifu|Protective Pads|[from] move: Knock Off|[of] p2a: Leafeon\n|-damage|p2a: Leafeon|71\/100|[from] item: Life Orb\n|\n|upkeep\n|turn|29\n|inactive|TheGrassKing1 has 60 seconds left.\n|inactive|TheGrassKing1 has 30 seconds left.\n|l| Ghha\n|\n|t:|1700092268\n|switch|p2a: Torkoal|Torkoal, F|39\/100 tox\n|-weather|SunnyDay|[from] ability: Drought|[of] p2a: Torkoal\n|move|p1a: Urshifu|Close Combat|p2a: Torkoal\n|-damage|p2a: Torkoal|0 fnt\n|-unboost|p1a: Urshifu|def|1\n|-unboost|p1a: Urshifu|spd|1\n|faint|p2a: Torkoal\n|\n|-weather|SunnyDay|[upkeep]\n|upkeep\n|inactive|TheGrassKing1 has 30 seconds left this turn.\n|\n|t:|1700092270\n|switch|p2a: Leafeon|Leafeon, F|71\/100\n|turn|30\n|\n|t:|1700092279\n|switch|p1a: Ninetales|Ninetales-Alola, M|64\/100\n|-damage|p1a: Ninetales|39\/100|[from] Stealth Rock\n|-weather|Snow|[from] ability: Snow Warning|[of] p1a: Ninetales\n|move|p2a: Leafeon|Weather Ball|p1a: Ninetales\n|-resisted|p1a: Ninetales\n|-damage|p1a: Ninetales|27\/100\n|-damage|p2a: Leafeon|61\/100|[from] item: Life Orb\n|\n|-weather|Snow|[upkeep]\n|upkeep\n|turn|31\n|\n|t:|1700092289\n|switch|p2a: Scizor|Scizor-Mega, F|82\/100\n|move|p1a: Ninetales|Aurora Veil|p1a: Ninetales\n|-sidestart|p1: abigolname|move: Aurora Veil\n|\n|-weather|Snow|[upkeep]\n|upkeep\n|turn|32\n|\n|t:|1700092301\n|switch|p1a: Garganacl|Garganacl, F|100\/100\n|-damage|p1a: Garganacl|88\/100|[from] Stealth Rock\n|move|p2a: Scizor|Swords Dance|p2a: Scizor\n|-boost|p2a: Scizor|atk|2\n|\n|-weather|Snow|[upkeep]\n|-heal|p1a: Garganacl|94\/100|[from] item: Leftovers\n|upkeep\n|turn|33\n|\n|t:|1700092309\n|-terastallize|p1a: Garganacl|Ghost\n|move|p2a: Scizor|U-turn|p1a: Garganacl\n|-resisted|p1a: Garganacl\n|-damage|p1a: Garganacl|82\/100\n|\n|t:|1700092316\n|switch|p2a: Leafeon|Leafeon, F|61\/100|[from] U-turn\n|move|p1a: Garganacl|Iron Defense|p1a: Garganacl\n|-boost|p1a: Garganacl|def|2\n|\n|-weather|Snow|[upkeep]\n|-heal|p1a: Garganacl|89\/100|[from] item: Leftovers\n|upkeep\n|turn|34\n|\n|t:|1700092321\n|move|p2a: Leafeon|Knock Off|p1a: Garganacl\n|-supereffective|p1a: Garganacl\n|-damage|p1a: Garganacl|74\/100\n|-enditem|p1a: Garganacl|Leftovers|[from] move: Knock Off|[of] p2a: Leafeon\n|-damage|p2a: Leafeon|51\/100|[from] item: Life Orb\n|move|p1a: Garganacl|Salt Cure|p2a: Leafeon\n|-damage|p2a: Leafeon|36\/100\n|-start|p2a: Leafeon|Salt Cure\n|\n|-weather|none\n|-damage|p2a: Leafeon|24\/100|[from] Salt Cure\n|upkeep\n|turn|35\n|inactive|TheGrassKing1 has 60 seconds left.\n|\n|t:|1700092329\n|switch|p2a: Victini|Victini, tera:Fire|100\/100 par\n|move|p1a: Garganacl|Recover|p1a: Garganacl\n|-heal|p1a: Garganacl|100\/100\n|\n|upkeep\n|turn|36\n|\n|t:|1700092336\n|move|p2a: Victini|Trick|p1a: Garganacl\n|-activate|p2a: Victini|move: Trick|[of] p1a: Garganacl\n|-item|p1a: Garganacl|Choice Band|[from] move: Trick\n|-enditem|p2a: Victini|Choice Band|[silent]|[from] move: Trick\n|move|p1a: Garganacl|Body Press|p2a: Victini\n|-damage|p2a: Victini|27\/100 par\n|\n|upkeep\n|turn|37\n|\n|t:|1700092350\n|move|p2a: Victini|U-turn|p1a: Garganacl\n|-resisted|p1a: Garganacl\n|-damage|p1a: Garganacl|99\/100\n|inactive|TheGrassKing1 has 60 seconds left.\n|\n|t:|1700092361\n|switch|p2a: Leafeon|Leafeon, F|24\/100|[from] U-turn\n|move|p1a: Garganacl|Body Press|p2a: Leafeon\n|-damage|p2a: Leafeon|0 fnt\n|faint|p2a: Leafeon\n|\n|upkeep\n|inactive|TheGrassKing1 has 60 seconds left.\n|\n|t:|1700092370\n|switch|p2a: Victini|Victini, tera:Fire|27\/100 par\n|turn|38\n|\n|t:|1700092375\n|move|p2a: Victini|V-create|p1a: Garganacl\n|-damage|p1a: Garganacl|82\/100\n|-unboost|p2a: Victini|spe|1\n|-unboost|p2a: Victini|def|1\n|-unboost|p2a: Victini|spd|1\n|move|p1a: Garganacl|Body Press|p2a: Victini\n|-damage|p2a: Victini|0 fnt\n|faint|p2a: Victini\n|\n|-sideend|p1: abigolname|move: Aurora Veil\n|upkeep\n|\n|t:|1700092378\n|switch|p2a: Scizor|Scizor-Mega, F|82\/100\n|turn|39\n|\n|t:|1700092383\n|move|p2a: Scizor|Swords Dance|p2a: Scizor\n|-boost|p2a: Scizor|atk|2\n|move|p1a: Garganacl|Body Press|p2a: Scizor\n|-damage|p2a: Scizor|40\/100\n|\n|upkeep\n|turn|40\n|\n|t:|1700092389\n|move|p2a: Scizor|Roost|p2a: Scizor\n|-heal|p2a: Scizor|90\/100\n|-singleturn|p2a: Scizor|move: Roost\n|move|p1a: Garganacl|Body Press|p2a: Scizor\n|-damage|p2a: Scizor|49\/100\n|\n|upkeep\n|turn|41\n|inactive|TheGrassKing1 has 90 seconds left.\n|\n|t:|1700092394\n|move|p2a: Scizor|Roost|p2a: Scizor\n|-heal|p2a: Scizor|99\/100\n|-singleturn|p2a: Scizor|move: Roost\n|move|p1a: Garganacl|Body Press|p2a: Scizor\n|-damage|p2a: Scizor|60\/100\n|\n|upkeep\n|turn|42\n|inactive|TheGrassKing1 has 90 seconds left.\n|\n|t:|1700092406\n|move|p2a: Scizor|Bullet Punch|p1a: Garganacl\n|-damage|p1a: Garganacl|63\/100\n|move|p1a: Garganacl|Body Press|p2a: Scizor\n|-damage|p2a: Scizor|19\/100\n|\n|upkeep\n|turn|43\n|\n|t:|1700092409\n|move|p2a: Scizor|Roost|p2a: Scizor\n|-heal|p2a: Scizor|69\/100\n|-singleturn|p2a: Scizor|move: Roost\n|move|p1a: Garganacl|Body Press|p2a: Scizor\n|-damage|p2a: Scizor|25\/100\n|\n|upkeep\n|turn|44\n|\n|t:|1700092413\n|move|p2a: Scizor|Roost|p2a: Scizor\n|-heal|p2a: Scizor|75\/100\n|-singleturn|p2a: Scizor|move: Roost\n|move|p1a: Garganacl|Body Press|p2a: Scizor\n|-damage|p2a: Scizor|33\/100\n|\n|upkeep\n|turn|45\n|\n|t:|1700092415\n|move|p2a: Scizor|Roost|p2a: Scizor\n|-heal|p2a: Scizor|83\/100\n|-singleturn|p2a: Scizor|move: Roost\n|move|p1a: Garganacl|Body Press|p2a: Scizor\n|-damage|p2a: Scizor|44\/100\n|\n|upkeep\n|turn|46\n|inactive|TheGrassKing1 has 120 seconds left.\n|\n|t:|1700092429\n|move|p2a: Scizor|U-turn|p1a: Garganacl\n|-resisted|p1a: Garganacl\n|-damage|p1a: Garganacl|51\/100\n|\n|t:|1700092431\n|switch|p2a: Heatran|Heatran, M|100\/100|[from] U-turn\n|-item|p2a: Heatran|Air Balloon\n|move|p1a: Garganacl|Body Press|p2a: Heatran\n|-supereffective|p2a: Heatran\n|-damage|p2a: Heatran|0 fnt\n|-enditem|p2a: Heatran|Air Balloon\n|faint|p2a: Heatran\n|\n|upkeep\n|\n|t:|1700092433\n|switch|p2a: Scizor|Scizor-Mega, F|44\/100\n|turn|47\n|c|\u2606abigolname|gg\n|-message|TheGrassKing1 forfeited.\n|\n|win|abigolname\n|raw|abigolname's rating: 1518 &rarr; <strong>1544<\/strong><br \/>(+26 for winning)\n|raw|TheGrassKing1's rating: 1622 &rarr; <strong>1596<\/strong><br \/>(-26 for losing)\n|l|\u2606TheGrassKing1\n","uploadtime":1700092442,"views":5,"p1id":"abigolname","p2id":"thegrassking1","formatid":"gen9nationaldex","rating":1544,"private":0,"password":""}