{"id":"gen9nationaldex-1989827642","p1":"Pickedman","p2":"FizzyEnzo","format":"[Gen 9] National Dex","log":"|j|\u2606Pickedman\n|j|\u2606FizzyEnzo\n|t:|1699899086\n|gametype|singles\n|player|p1|Pickedman|zinnia|1283\n|player|p2|FizzyEnzo|265|1354\n|teamsize|p1|6\n|teamsize|p2|6\n|gen|9\n|tier|[Gen 9] National Dex\n|rated|\n|rule|HP Percentage Mod: HP is shown in percentages\n|rule|Endless Battle Clause: Forcing endless battles is banned\n|rule|OHKO Clause: OHKO moves are banned\n|rule|Evasion Clause: Evasion abilities, items, and moves are banned\n|rule|Evasion Abilities Clause: Evasion abilities are banned\n|rule|Evasion Items Clause: Evasion items are banned\n|rule|Evasion Moves Clause: Evasion moves are banned\n|rule|Species Clause: Limit one of each Pok\u00e9mon\n|rule|Sleep Clause Mod: Limit one foe put to sleep\n|clearpoke\n|poke|p1|Arbok, F|\n|poke|p1|Landorus-Therian, M|\n|poke|p1|Gliscor, F|\n|poke|p1|Alomomola, F|\n|poke|p1|Toxapex, M|\n|poke|p1|Clodsire, M|\n|poke|p2|Greninja-*, M|\n|poke|p2|Pelipper, F|\n|poke|p2|Ferrothorn, M|\n|poke|p2|Manaphy|\n|poke|p2|Thundurus-Therian, M|\n|poke|p2|Swampert, M|\n|teampreview\n|inactive|Battle timer is ON: inactive players will automatically lose when time's up. (requested by FizzyEnzo)\n|\n|t:|1699899090\n|start\n|switch|p1a: Arbok|Arbok, F|100\/100\n|switch|p2a: Peplipper|Pelipper, F|100\/100\n|-ability|p1a: Arbok|Intimidate|boost\n|-unboost|p2a: Peplipper|atk|1\n|-weather|RainDance|[from] ability: Drizzle|[of] p2a: Peplipper\n|turn|1\n|\n|t:|1699899096\n|move|p1a: Arbok|Toxic|p2a: Peplipper\n|-status|p2a: Peplipper|tox\n|move|p2a: Peplipper|U-turn|p1a: Arbok\n|-resisted|p1a: Arbok\n|-damage|p1a: Arbok|98\/100\n|\n|t:|1699899101\n|switch|p2a: looks like bread|Swampert, M|100\/100|[from] U-turn\n|\n|-weather|RainDance|[upkeep]\n|-heal|p1a: Arbok|100\/100|[from] item: Black Sludge\n|upkeep\n|turn|2\n|\n|t:|1699899109\n|switch|p1a: Landorus|Landorus-Therian, M|100\/100\n|-ability|p1a: Landorus|Intimidate|boost\n|-unboost|p2a: looks like bread|atk|1\n|detailschange|p2a: looks like bread|Swampert-Mega, M\n|-mega|p2a: looks like bread|Swampert|Swampertite\n|move|p2a: looks like bread|Liquidation|p1a: Landorus\n|-supereffective|p1a: Landorus\n|-damage|p1a: Landorus|0 fnt\n|faint|p1a: Landorus\n|\n|-weather|RainDance|[upkeep]\n|upkeep\n|\n|t:|1699899120\n|switch|p1a: Arbok|Arbok, F|100\/100\n|-ability|p1a: Arbok|Intimidate|boost\n|-unboost|p2a: looks like bread|atk|1\n|turn|3\n|\n|t:|1699899125\n|move|p2a: looks like bread|Flip Turn|p1a: Arbok\n|-damage|p1a: Arbok|71\/100\n|\n|t:|1699899129\n|switch|p2a: ouchie|Ferrothorn, M|100\/100|[from] Flip Turn\n|move|p1a: Arbok|Toxic|p2a: ouchie\n|-immune|p2a: ouchie\n|\n|-weather|RainDance|[upkeep]\n|-heal|p1a: Arbok|77\/100|[from] item: Black Sludge\n|upkeep\n|turn|4\n|\n|t:|1699899136\n|move|p1a: Arbok|Substitute|p1a: Arbok\n|-start|p1a: Arbok|Substitute\n|-damage|p1a: Arbok|52\/100\n|move|p2a: ouchie|Spikes|p1a: Arbok\n|-sidestart|p1: Pickedman|Spikes\n|\n|-weather|RainDance|[upkeep]\n|-heal|p1a: Arbok|58\/100|[from] item: Black Sludge\n|upkeep\n|turn|5\n|\n|t:|1699899139\n|move|p1a: Arbok|Switcheroo|p2a: ouchie\n|-activate|p1a: Arbok|move: Trick|[of] p2a: ouchie\n|-item|p2a: ouchie|Black Sludge|[from] move: Switcheroo\n|-item|p1a: Arbok|Leftovers|[from] move: Switcheroo\n|move|p2a: ouchie|Gyro Ball|p1a: Arbok\n|-end|p1a: Arbok|Substitute\n|\n|-weather|RainDance|[upkeep]\n|-heal|p1a: Arbok|64\/100|[from] item: Leftovers\n|-damage|p2a: ouchie|88\/100|[from] item: Black Sludge\n|upkeep\n|turn|6\n|\n|t:|1699899148\n|move|p1a: Arbok|Protect|p1a: Arbok\n|-singleturn|p1a: Arbok|Protect\n|move|p2a: ouchie|Gyro Ball|p1a: Arbok\n|-activate|p1a: Arbok|move: Protect\n|\n|-weather|RainDance|[upkeep]\n|-heal|p1a: Arbok|71\/100|[from] item: Leftovers\n|-damage|p2a: ouchie|75\/100|[from] item: Black Sludge\n|upkeep\n|turn|7\n|\n|t:|1699899156\n|move|p1a: Arbok|Substitute|p1a: Arbok\n|-start|p1a: Arbok|Substitute\n|-damage|p1a: Arbok|46\/100\n|move|p2a: ouchie|Leech Seed||[still]\n|-fail|p2a: ouchie\n|\n|-weather|RainDance|[upkeep]\n|-heal|p1a: Arbok|52\/100|[from] item: Leftovers\n|-damage|p2a: ouchie|63\/100|[from] item: Black Sludge\n|upkeep\n|turn|8\n|\n|t:|1699899162\n|move|p1a: Arbok|Protect|p1a: Arbok\n|-singleturn|p1a: Arbok|Protect\n|move|p2a: ouchie|Gyro Ball|p1a: Arbok\n|-activate|p1a: Arbok|move: Protect\n|\n|-weather|none\n|-heal|p1a: Arbok|58\/100|[from] item: Leftovers\n|-damage|p2a: ouchie|50\/100|[from] item: Black Sludge\n|upkeep\n|turn|9\n|\n|t:|1699899175\n|move|p1a: Arbok|Toxic|p2a: ouchie\n|-immune|p2a: ouchie\n|move|p2a: ouchie|Gyro Ball|p1a: Arbok\n|-end|p1a: Arbok|Substitute\n|\n|-heal|p1a: Arbok|64\/100|[from] item: Leftovers\n|-damage|p2a: ouchie|38\/100|[from] item: Black Sludge\n|upkeep\n|turn|10\n|\n|t:|1699899183\n|switch|p2a: looks like bread|Swampert-Mega, M|100\/100\n|move|p1a: Arbok|Substitute|p1a: Arbok\n|-start|p1a: Arbok|Substitute\n|-damage|p1a: Arbok|39\/100\n|\n|-heal|p1a: Arbok|45\/100|[from] item: Leftovers\n|upkeep\n|turn|11\n|\n|t:|1699899188\n|move|p2a: looks like bread|Earthquake|p1a: Arbok\n|-supereffective|p1a: Arbok\n|-end|p1a: Arbok|Substitute\n|move|p1a: Arbok|Toxic|p2a: looks like bread\n|-status|p2a: looks like bread|tox\n|\n|-heal|p1a: Arbok|51\/100|[from] item: Leftovers\n|-damage|p2a: looks like bread|94\/100 tox|[from] psn\n|upkeep\n|turn|12\n|\n|t:|1699899199\n|switch|p1a: Alomomola|Alomomola, F|100\/100\n|-damage|p1a: Alomomola|88\/100|[from] Spikes\n|move|p2a: looks like bread|Liquidation|p1a: Alomomola\n|-resisted|p1a: Alomomola\n|-damage|p1a: Alomomola|73\/100\n|\n|-heal|p1a: Alomomola|80\/100|[from] item: Leftovers\n|-damage|p2a: looks like bread|82\/100 tox|[from] psn\n|upkeep\n|turn|13\n|\n|t:|1699899205\n|switch|p2a: Peplipper|Pelipper, F|100\/100 tox\n|-weather|RainDance|[from] ability: Drizzle|[of] p2a: Peplipper\n|move|p1a: Alomomola|Wish|p1a: Alomomola\n|\n|-weather|RainDance|[upkeep]\n|-heal|p1a: Alomomola|86\/100|[from] item: Leftovers\n|-damage|p2a: Peplipper|94\/100 tox|[from] psn\n|upkeep\n|turn|14\n|\n|t:|1699899212\n|switch|p2a: Man the fee|Manaphy|100\/100\n|move|p1a: Alomomola|Flip Turn|p2a: Man the fee\n|-resisted|p2a: Man the fee\n|-damage|p2a: Man the fee|87\/100\n|\n|t:|1699899223\n|switch|p1a: Arbok|Arbok, F|51\/100|[from] Flip Turn\n|-damage|p1a: Arbok|39\/100|[from] Spikes\n|-ability|p1a: Arbok|Intimidate|boost\n|-unboost|p2a: Man the fee|atk|1\n|\n|-weather|RainDance|[upkeep]\n|-heal|p1a: Arbok|100\/100|[from] move: Wish|[wisher] Alomomola\n|-heal|p2a: Man the fee|93\/100|[from] item: Leftovers\n|upkeep\n|turn|15\n|\n|t:|1699899229\n|move|p2a: Man the fee|Surf|p1a: Arbok\n|-damage|p1a: Arbok|21\/100\n|move|p1a: Arbok|Toxic|p2a: Man the fee\n|-status|p2a: Man the fee|tox\n|\n|-weather|RainDance|[upkeep]\n|-activate|p2a: Man the fee|ability: Hydration\n|-curestatus|p2a: Man the fee|tox|[msg]\n|-heal|p2a: Man the fee|99\/100|[from] item: Leftovers\n|-heal|p1a: Arbok|28\/100|[from] item: Leftovers\n|upkeep\n|turn|16\n|\n|t:|1699899234\n|switch|p1a: Toxapex|Toxapex, M|100\/100\n|-damage|p1a: Toxapex|88\/100|[from] Spikes\n|move|p2a: Man the fee|Surf|p1a: Toxapex\n|-resisted|p1a: Toxapex\n|-damage|p1a: Toxapex|73\/100\n|\n|-weather|RainDance|[upkeep]\n|-heal|p2a: Man the fee|100\/100|[from] item: Leftovers\n|upkeep\n|turn|17\n|\n|t:|1699899239\n|move|p2a: Man the fee|Tail Glow|p2a: Man the fee\n|-boost|p2a: Man the fee|spa|3\n|move|p1a: Toxapex|Acid Spray|p2a: Man the fee\n|-damage|p2a: Man the fee|89\/100\n|-unboost|p2a: Man the fee|spd|2\n|\n|-weather|RainDance|[upkeep]\n|-heal|p2a: Man the fee|95\/100|[from] item: Leftovers\n|upkeep\n|turn|18\n|\n|t:|1699899249\n|move|p2a: Man the fee|Signal Beam|p1a: Toxapex\n|-resisted|p1a: Toxapex\n|-damage|p1a: Toxapex|60\/100\n|-start|p1a: Toxapex|confusion\n|-activate|p1a: Toxapex|confusion\n|move|p1a: Toxapex|Sludge Bomb|p2a: Man the fee\n|-damage|p2a: Man the fee|40\/100\n|-status|p2a: Man the fee|psn\n|\n|-weather|RainDance|[upkeep]\n|-activate|p2a: Man the fee|ability: Hydration\n|-curestatus|p2a: Man the fee|psn|[msg]\n|-heal|p2a: Man the fee|47\/100|[from] item: Leftovers\n|upkeep\n|turn|19\n|\n|t:|1699899261\n|move|p2a: Man the fee|Surf|p1a: Toxapex\n|-resisted|p1a: Toxapex\n|-damage|p1a: Toxapex|26\/100\n|-end|p1a: Toxapex|confusion\n|move|p1a: Toxapex|Sludge Bomb|p2a: Man the fee\n|-damage|p2a: Man the fee|0 fnt\n|faint|p2a: Man the fee\n|\n|-weather|RainDance|[upkeep]\n|upkeep\n|\n|t:|1699899273\n|switch|p2a: looks like bread|Swampert-Mega, M|82\/100 tox\n|turn|20\n|\n|t:|1699899282\n|switch|p1a: Alomomola|Alomomola, F|100\/100\n|-damage|p1a: Alomomola|88\/100|[from] Spikes\n|move|p2a: looks like bread|Liquidation|p1a: Alomomola\n|-resisted|p1a: Alomomola\n|-damage|p1a: Alomomola|68\/100\n|\n|-weather|none\n|-heal|p1a: Alomomola|74\/100|[from] item: Leftovers\n|-damage|p2a: looks like bread|76\/100 tox|[from] psn\n|upkeep\n|turn|21\n|\n|t:|1699899289\n|move|p2a: looks like bread|Earthquake|p1a: Alomomola\n|-damage|p1a: Alomomola|41\/100\n|move|p1a: Alomomola|Wish|p1a: Alomomola\n|\n|-heal|p1a: Alomomola|47\/100|[from] item: Leftovers\n|-damage|p2a: looks like bread|64\/100 tox|[from] psn\n|upkeep\n|turn|22\n|\n|t:|1699899295\n|switch|p2a: frog legs|Greninja, M|100\/100\n|move|p1a: Alomomola|Flip Turn|p2a: frog legs\n|-resisted|p2a: frog legs\n|-crit|p2a: frog legs\n|-damage|p2a: frog legs|79\/100\n|\n|t:|1699899302\n|switch|p1a: Arbok|Arbok, F|28\/100|[from] Flip Turn\n|-damage|p1a: Arbok|15\/100|[from] Spikes\n|-ability|p1a: Arbok|Intimidate|boost\n|-unboost|p2a: frog legs|atk|1\n|\n|-heal|p1a: Arbok|98\/100|[from] move: Wish|[wisher] Alomomola\n|-heal|p1a: Arbok|100\/100|[from] item: Leftovers\n|upkeep\n|turn|23\n|\n|t:|1699899309\n|move|p2a: frog legs|Extrasensory|p1a: Arbok\n|-supereffective|p1a: Arbok\n|-damage|p1a: Arbok|24\/100\n|move|p1a: Arbok|Toxic|p2a: frog legs\n|-status|p2a: frog legs|tox\n|\n|-heal|p1a: Arbok|30\/100|[from] item: Leftovers\n|-damage|p2a: frog legs|73\/100 tox|[from] psn\n|upkeep\n|turn|24\n|\n|t:|1699899315\n|switch|p1a: Alomomola|Alomomola, F|80\/100\n|-damage|p1a: Alomomola|68\/100|[from] Spikes\n|move|p2a: frog legs|Extrasensory|p1a: Alomomola\n|-damage|p1a: Alomomola|40\/100\n|\n|-heal|p1a: Alomomola|46\/100|[from] item: Leftovers\n|-damage|p2a: frog legs|62\/100 tox|[from] psn\n|upkeep\n|turn|25\n|\n|t:|1699899324\n|move|p2a: frog legs|Dark Pulse|p1a: Alomomola\n|-damage|p1a: Alomomola|4\/100\n|move|p1a: Alomomola|Wish|p1a: Alomomola\n|\n|-heal|p1a: Alomomola|10\/100|[from] item: Leftovers\n|-damage|p2a: frog legs|44\/100 tox|[from] psn\n|upkeep\n|turn|26\n|\n|t:|1699899329\n|switch|p2a: ouchie|Ferrothorn, M|38\/100\n|move|p1a: Alomomola|Protect||[still]\n|-fail|p1a: Alomomola\n|\n|-heal|p1a: Alomomola|60\/100|[from] move: Wish|[wisher] Alomomola\n|-heal|p1a: Alomomola|66\/100|[from] item: Leftovers\n|-damage|p2a: ouchie|25\/100|[from] item: Black Sludge\n|upkeep\n|turn|27\n|\n|t:|1699899344\n|move|p1a: Alomomola|Wish|p1a: Alomomola\n|move|p2a: ouchie|Leech Seed|p1a: Alomomola\n|-start|p1a: Alomomola|move: Leech Seed\n|\n|-heal|p1a: Alomomola|72\/100|[from] item: Leftovers\n|-damage|p2a: ouchie|13\/100|[from] item: Black Sludge\n|-damage|p1a: Alomomola|60\/100|[from] Leech Seed|[of] p2a: ouchie\n|-heal|p2a: ouchie|32\/100|[silent]\n|upkeep\n|turn|28\n|\n|t:|1699899354\n|switch|p1a: Arbok|Arbok, F|30\/100\n|-damage|p1a: Arbok|18\/100|[from] Spikes\n|-ability|p1a: Arbok|Intimidate|boost\n|-unboost|p2a: ouchie|atk|1\n|move|p2a: ouchie|Leech Seed|p1a: Arbok\n|-start|p1a: Arbok|move: Leech Seed\n|\n|-heal|p1a: Arbok|100\/100|[from] move: Wish|[wisher] Alomomola\n|-damage|p2a: ouchie|19\/100|[from] item: Black Sludge\n|-damage|p1a: Arbok|88\/100|[from] Leech Seed|[of] p2a: ouchie\n|-heal|p2a: ouchie|31\/100|[silent]\n|upkeep\n|turn|29\n|\n|t:|1699899367\n|switch|p1a: Gliscor|Gliscor, F|100\/100\n|move|p2a: ouchie|Gyro Ball|p1a: Gliscor\n|-damage|p1a: Gliscor|75\/100\n|\n|-damage|p2a: ouchie|18\/100|[from] item: Black Sludge\n|-status|p1a: Gliscor|tox|[from] item: Toxic Orb\n|upkeep\n|turn|30\n|\n|t:|1699899397\n|move|p1a: Gliscor|Defog|p2a: ouchie\n|-unboost|p2a: ouchie|evasion|1\n|-sideend|p1: Pickedman|Spikes|[from] move: Defog|[of] p1a: Gliscor\n|move|p2a: ouchie|Leech Seed|p1a: Gliscor\n|-start|p1a: Gliscor|move: Leech Seed\n|\n|-damage|p2a: ouchie|6\/100|[from] item: Black Sludge\n|-damage|p1a: Gliscor|62\/100 tox|[from] Leech Seed|[of] p2a: ouchie\n|-heal|p2a: ouchie|18\/100|[silent]\n|-heal|p1a: Gliscor|75\/100 tox|[from] ability: Poison Heal\n|upkeep\n|turn|31\n|\n|t:|1699899405\n|switch|p1a: Arbok|Arbok, F|88\/100\n|-ability|p1a: Arbok|Intimidate|boost\n|-unboost|p2a: ouchie|atk|1\n|move|p2a: ouchie|Spikes|p1a: Arbok\n|-sidestart|p1: Pickedman|Spikes\n|\n|-heal|p1a: Arbok|94\/100|[from] item: Leftovers\n|-damage|p2a: ouchie|6\/100|[from] item: Black Sludge\n|upkeep\n|turn|32\n|\n|t:|1699899414\n|move|p1a: Arbok|Substitute|p1a: Arbok\n|-start|p1a: Arbok|Substitute\n|-damage|p1a: Arbok|69\/100\n|move|p2a: ouchie|Curse|p2a: ouchie\n|-unboost|p2a: ouchie|spe|1\n|-boost|p2a: ouchie|atk|1\n|-boost|p2a: ouchie|def|1\n|\n|-heal|p1a: Arbok|75\/100|[from] item: Leftovers\n|-damage|p2a: ouchie|0 fnt|[from] item: Black Sludge\n|faint|p2a: ouchie\n|upkeep\n|\n|t:|1699899418\n|switch|p2a: Peplipper|Pelipper, F|94\/100 tox\n|-weather|RainDance|[from] ability: Drizzle|[of] p2a: Peplipper\n|turn|33\n|\n|t:|1699899428\n|move|p1a: Arbok|Protect|p1a: Arbok\n|-singleturn|p1a: Arbok|Protect\n|move|p2a: Peplipper|Scald|p1a: Arbok\n|-activate|p1a: Arbok|move: Protect\n|\n|-weather|RainDance|[upkeep]\n|-heal|p1a: Arbok|82\/100|[from] item: Leftovers\n|-damage|p2a: Peplipper|88\/100 tox|[from] psn\n|upkeep\n|turn|34\n|\n|t:|1699899436\n|move|p1a: Arbok|Substitute|p1a: Arbok\n|-fail|p1a: Arbok|move: Substitute\n|move|p2a: Peplipper|Scald|p1a: Arbok\n|-end|p1a: Arbok|Substitute\n|\n|-weather|RainDance|[upkeep]\n|-heal|p1a: Arbok|88\/100|[from] item: Leftovers\n|-damage|p2a: Peplipper|76\/100 tox|[from] psn\n|upkeep\n|turn|35\n|\n|t:|1699899444\n|move|p1a: Arbok|Protect|p1a: Arbok\n|-singleturn|p1a: Arbok|Protect\n|move|p2a: Peplipper|U-turn|p1a: Arbok\n|-activate|p1a: Arbok|move: Protect\n|\n|-weather|RainDance|[upkeep]\n|-heal|p1a: Arbok|94\/100|[from] item: Leftovers\n|-damage|p2a: Peplipper|57\/100 tox|[from] psn\n|upkeep\n|turn|36\n|\n|t:|1699899452\n|move|p1a: Arbok|Substitute|p1a: Arbok\n|-start|p1a: Arbok|Substitute\n|-damage|p1a: Arbok|69\/100\n|move|p2a: Peplipper|Scald|p1a: Arbok\n|-end|p1a: Arbok|Substitute\n|\n|-weather|RainDance|[upkeep]\n|-heal|p1a: Arbok|75\/100|[from] item: Leftovers\n|-damage|p2a: Peplipper|32\/100 tox|[from] psn\n|upkeep\n|turn|37\n|\n|t:|1699899461\n|switch|p2a: looks like bread|Swampert-Mega, M|64\/100 tox\n|move|p1a: Arbok|Protect||[still]\n|-fail|p1a: Arbok\n|\n|-weather|RainDance|[upkeep]\n|-heal|p1a: Arbok|81\/100|[from] item: Leftovers\n|-damage|p2a: looks like bread|57\/100 tox|[from] psn\n|upkeep\n|turn|38\n|\n|t:|1699899468\n|move|p1a: Arbok|Protect|p1a: Arbok\n|-singleturn|p1a: Arbok|Protect\n|move|p2a: looks like bread|Liquidation|p1a: Arbok\n|-activate|p1a: Arbok|move: Protect\n|\n|-weather|RainDance|[upkeep]\n|-heal|p1a: Arbok|88\/100|[from] item: Leftovers\n|-damage|p2a: looks like bread|45\/100 tox|[from] psn\n|upkeep\n|turn|39\n|\n|t:|1699899491\n|switch|p1a: Gliscor|Gliscor, F|75\/100 tox\n|move|p2a: looks like bread|Earthquake|p1a: Gliscor\n|-immune|p1a: Gliscor\n|\n|-weather|RainDance|[upkeep]\n|-damage|p2a: looks like bread|27\/100 tox|[from] psn\n|-heal|p1a: Gliscor|87\/100 tox|[from] ability: Poison Heal\n|upkeep\n|turn|40\n|\n|t:|1699899497\n|switch|p1a: Alomomola|Alomomola, F|93\/100\n|-damage|p1a: Alomomola|81\/100|[from] Spikes\n|move|p2a: looks like bread|Liquidation|p1a: Alomomola\n|-resisted|p1a: Alomomola\n|-damage|p1a: Alomomola|60\/100\n|\n|-weather|none\n|-heal|p1a: Alomomola|67\/100|[from] item: Leftovers\n|-damage|p2a: looks like bread|2\/100 tox|[from] psn\n|upkeep\n|turn|41\n|-message|FizzyEnzo forfeited.\n|\n|win|Pickedman\n|raw|Pickedman's rating: 1283 &rarr; <strong>1313<\/strong><br \/>(+30 for winning)\n|raw|FizzyEnzo's rating: 1354 &rarr; <strong>1330<\/strong><br \/>(-24 for losing)\n|l|\u2606FizzyEnzo\n","uploadtime":1699899509,"views":5,"p1id":"pickedman","p2id":"fizzyenzo","formatid":"gen9nationaldex","rating":1313,"private":0,"password":""}