{"id":"gen9nationaldex-1995719573","p1":"jusemato","p2":"JCandJC","format":"[Gen 9] National Dex","log":"|html|<div class=\"broadcast-blue\"><strong>[Gen 9] National Dex is currently suspecting Sneasler! For information on how to participate check out the <a href=\"https:\/\/www.smogon.com\/forums\/threads\/sv-national-dex-suspect-8-just-dance.3731534\/\">suspect thread<\/a>.<\/strong><\/div>\n|j|\u2606jusemato\n|j|\u2606JCandJC\n|t:|1700596836\n|gametype|singles\n|player|p1|jusemato|worker|\n|player|p2|JCandJC|nate|\n|teamsize|p1|6\n|teamsize|p2|6\n|gen|9\n|tier|[Gen 9] National Dex\n|rule|HP Percentage Mod: HP is shown in percentages\n|rule|Endless Battle Clause: Forcing endless battles is banned\n|rule|OHKO Clause: OHKO moves are banned\n|rule|Evasion Clause: Evasion abilities, items, and moves are banned\n|rule|Evasion Abilities Clause: Evasion abilities are banned\n|rule|Evasion Items Clause: Evasion items are banned\n|rule|Evasion Moves Clause: Evasion moves are banned\n|rule|Species Clause: Limit one of each Pok\u00e9mon\n|rule|Sleep Clause Mod: Limit one foe put to sleep\n|clearpoke\n|poke|p1|Greninja-*, M|\n|poke|p1|Toxicroak, M|\n|poke|p1|Politoed, M|\n|poke|p1|Seismitoad, M|\n|poke|p1|Venusaur, M|\n|poke|p1|Bellibolt, M|\n|poke|p2|Polteageist|\n|poke|p2|Sinistcha-Masterpiece|\n|poke|p2|Alcremie, F|\n|poke|p2|Vanilluxe, M|\n|poke|p2|Dipplin, M|\n|poke|p2|Tsareena, F|\n|teampreview\n|inactive|Battle timer is ON: inactive players will automatically lose when time's up. (requested by JCandJC)\n|c|\u2606jusemato|Mucha suerte\n|\n|t:|1700596853\n|start\n|switch|p1a: Toxicroak|Toxicroak, M|100\/100\n|switch|p2a: Sinistcha|Sinistcha-Masterpiece|100\/100\n|turn|1\n|\n|t:|1700596877\n|-terastallize|p1a: Toxicroak|Dark\n|move|p1a: Toxicroak|Knock Off|p2a: Sinistcha\n|-supereffective|p2a: Sinistcha\n|-damage|p2a: Sinistcha|1\/100\n|-status|p2a: Sinistcha|psn|[from] ability: Poison Touch|[of] p1a: Toxicroak\n|-enditem|p2a: Sinistcha|Leftovers|[from] move: Knock Off|[of] p1a: Toxicroak\n|-damage|p1a: Toxicroak|91\/100|[from] item: Life Orb\n|move|p2a: Sinistcha|Calm Mind|p2a: Sinistcha\n|-boost|p2a: Sinistcha|spa|1\n|-boost|p2a: Sinistcha|spd|1\n|\n|-damage|p2a: Sinistcha|0 fnt|[from] psn\n|faint|p2a: Sinistcha\n|upkeep\n|\n|t:|1700596893\n|switch|p2a: Polteageist|Polteageist|100\/100\n|turn|2\n|\n|t:|1700596905\n|move|p1a: Toxicroak|Knock Off|p2a: Polteageist\n|-supereffective|p2a: Polteageist\n|-enditem|p2a: Polteageist|Focus Sash\n|-damage|p2a: Polteageist|1\/100\n|-ability|p2a: Polteageist|Weak Armor|boost\n|-unboost|p2a: Polteageist|def|1\n|-boost|p2a: Polteageist|spe|2\n|-damage|p1a: Toxicroak|81\/100|[from] item: Life Orb\n|move|p2a: Polteageist|Shell Smash|p2a: Polteageist\n|-unboost|p2a: Polteageist|def|1\n|-unboost|p2a: Polteageist|spd|1\n|-boost|p2a: Polteageist|atk|2\n|-boost|p2a: Polteageist|spa|2\n|-boost|p2a: Polteageist|spe|2\n|\n|upkeep\n|turn|3\n|inactive|JCandJC has 270 seconds left.\n|\n|t:|1700596927\n|-terastallize|p2a: Polteageist|Fighting\n|move|p1a: Toxicroak|Sucker Punch|p2a: Polteageist\n|-resisted|p2a: Polteageist\n|-damage|p2a: Polteageist|0 fnt\n|faint|p2a: Polteageist\n|-damage|p1a: Toxicroak|71\/100|[from] item: Life Orb\n|\n|upkeep\n|\n|t:|1700596938\n|switch|p2a: Dipplin|Dipplin, M|100\/100\n|turn|4\n|\n|t:|1700596945\n|move|p1a: Toxicroak|Poison Jab|p2a: Dipplin\n|-supereffective|p2a: Dipplin\n|-damage|p2a: Dipplin|60\/100\n|-damage|p1a: Toxicroak|62\/100|[from] item: Life Orb\n|move|p2a: Dipplin|Draco Meteor|p1a: Toxicroak|[miss]\n|-miss|p2a: Dipplin|p1a: Toxicroak\n|\n|upkeep\n|turn|5\n|inactive|JCandJC has 270 seconds left.\n|\n|t:|1700596963\n|move|p1a: Toxicroak|Knock Off|p2a: Dipplin\n|-damage|p2a: Dipplin|35\/100\n|-status|p2a: Dipplin|psn|[from] ability: Poison Touch|[of] p1a: Toxicroak\n|-activate|p2a: Dipplin|ability: Sticky Hold\n|-damage|p1a: Toxicroak|52\/100|[from] item: Life Orb\n|move|p2a: Dipplin|Draco Meteor|p1a: Toxicroak\n|-damage|p1a: Toxicroak|0 fnt\n|-unboost|p2a: Dipplin|spa|2\n|faint|p1a: Toxicroak\n|\n|-damage|p2a: Dipplin|22\/100 psn|[from] psn\n|upkeep\n|\n|t:|1700596987\n|switch|p1a: Greninja|Greninja, M|100\/100\n|turn|6\n|\n|t:|1700596991\n|switch|p2a: Vanilluxe|Vanilluxe, M|100\/100\n|-weather|Snow|[from] ability: Snow Warning|[of] p2a: Vanilluxe\n|move|p1a: Greninja|Ice Beam|p2a: Vanilluxe\n|-start|p1a: Greninja|typechange|Ice|[from] ability: Protean\n|-resisted|p2a: Vanilluxe\n|-damage|p2a: Vanilluxe|79\/100\n|\n|-weather|Snow|[upkeep]\n|upkeep\n|turn|7\n|\n|t:|1700597006\n|move|p1a: Greninja|Dark Pulse|p2a: Vanilluxe\n|-damage|p2a: Vanilluxe|51\/100\n|move|p2a: Vanilluxe|Toxic|p1a: Greninja\n|-status|p1a: Greninja|tox\n|\n|-weather|Snow|[upkeep]\n|-damage|p1a: Greninja|94\/100 tox|[from] psn\n|upkeep\n|turn|8\n|\n|t:|1700597016\n|switch|p1a: Politoed|Politoed, M, shiny|100\/100\n|-weather|RainDance|[from] ability: Drizzle|[of] p1a: Politoed\n|move|p2a: Vanilluxe|Aurora Veil||[still]\n|-fail|p2a: Vanilluxe\n|\n|-weather|RainDance|[upkeep]\n|upkeep\n|turn|9\n|\n|t:|1700597029\n|switch|p2a: Tsareena|Tsareena, F|100\/100\n|move|p1a: Politoed|Hydro Pump|p2a: Tsareena\n|-resisted|p2a: Tsareena\n|-damage|p2a: Tsareena|57\/100\n|\n|-weather|RainDance|[upkeep]\n|upkeep\n|turn|10\n|\n|t:|1700597043\n|switch|p1a: Venusaur|Venusaur, M|100\/100\n|move|p2a: Tsareena|Power Whip|p1a: Venusaur\n|-resisted|p1a: Venusaur\n|-damage|p1a: Venusaur|81\/100\n|\n|-weather|RainDance|[upkeep]\n|upkeep\n|turn|11\n|inactive|JCandJC has 270 seconds left.\n|\n|t:|1700597059\n|switch|p2a: Vanilluxe|Vanilluxe, M|51\/100\n|-weather|Snow|[from] ability: Snow Warning|[of] p2a: Vanilluxe\n|move|p1a: Venusaur|Sludge Bomb|p2a: Vanilluxe\n|-damage|p2a: Vanilluxe|7\/100\n|\n|-weather|Snow|[upkeep]\n|upkeep\n|turn|12\n|inactive|JCandJC has 270 seconds left.\n|\n|t:|1700597075\n|move|p1a: Venusaur|Sludge Bomb|p2a: Vanilluxe\n|-damage|p2a: Vanilluxe|0 fnt\n|faint|p2a: Vanilluxe\n|\n|-weather|Snow|[upkeep]\n|upkeep\n|\n|t:|1700597085\n|switch|p2a: Dipplin|Dipplin, M|22\/100 psn\n|turn|13\n|\n|t:|1700597092\n|move|p1a: Venusaur|Sludge Bomb|p2a: Dipplin\n|-supereffective|p2a: Dipplin\n|-damage|p2a: Dipplin|0 fnt\n|faint|p2a: Dipplin\n|\n|-weather|Snow|[upkeep]\n|upkeep\n|inactive|JCandJC has 240 seconds left.\n|\n|t:|1700597135\n|switch|p2a: Tsareena|Tsareena, F|57\/100\n|turn|14\n|\n|t:|1700597139\n|move|p1a: Venusaur|Sludge Bomb|p2a: Tsareena\n|-supereffective|p2a: Tsareena\n|-damage|p2a: Tsareena|0 fnt\n|faint|p2a: Tsareena\n|\n|-weather|Snow|[upkeep]\n|upkeep\n|inactive|JCandJC has 240 seconds left.\n|-message|JCandJC forfeited.\n|\n|win|jusemato\n|l|\u2606JCandJC\n","uploadtime":1700597156,"views":26,"p1id":"jusemato","p2id":"jcandjc","formatid":"gen9nationaldex","rating":0,"private":0,"password":""}