{"id":"gen9nationaldex-1998930193","p1":"closetspider","p2":"PikaPlayer1001000","format":"[Gen 9] National Dex","log":"|html|<div class=\"broadcast-blue\"><strong>[Gen 9] National Dex is currently suspecting Sneasler! For information on how to participate check out the <a href=\"https:\/\/www.smogon.com\/forums\/threads\/sv-national-dex-suspect-8-just-dance.3731534\/\">suspect thread<\/a>.<\/strong><\/div>\n|j|\u2606closetspider\n|j|\u2606PikaPlayer1001000\n|t:|1701014409\n|gametype|singles\n|player|p1|closetspider|rood|1145\n|player|p2|PikaPlayer1001000|1|1219\n|teamsize|p1|6\n|teamsize|p2|6\n|gen|9\n|tier|[Gen 9] National Dex\n|rated|\n|rule|HP Percentage Mod: HP is shown in percentages\n|rule|Endless Battle Clause: Forcing endless battles is banned\n|rule|OHKO Clause: OHKO moves are banned\n|rule|Evasion Clause: Evasion abilities, items, and moves are banned\n|rule|Evasion Abilities Clause: Evasion abilities are banned\n|rule|Evasion Items Clause: Evasion items are banned\n|rule|Evasion Moves Clause: Evasion moves are banned\n|rule|Species Clause: Limit one of each Pok\u00e9mon\n|rule|Sleep Clause Mod: Limit one foe put to sleep\n|clearpoke\n|poke|p1|Blaziken, F|\n|poke|p1|Tapu Koko|\n|poke|p1|Iron Valiant|\n|poke|p1|Gliscor, M|\n|poke|p1|Ferrothorn, M|\n|poke|p1|Zoroark-Hisui, M|\n|poke|p2|Chatot, F|\n|poke|p2|Mawile, F|\n|poke|p2|Ninetales-Alola, F|\n|poke|p2|Ribombee, F|\n|poke|p2|Pawmot, F|\n|poke|p2|Excadrill, M|\n|teampreview\n|inactive|Battle timer is ON: inactive players will automatically lose when time's up. (requested by closetspider)\n|inactive|PikaPlayer1001000 has 120 seconds left.\n|\n|t:|1701014443\n|start\n|switch|p1a: Tapu Koko|Tapu Koko|100\/100\n|switch|p2a: Ribombee|Ribombee, F|100\/100\n|-fieldstart|move: Electric Terrain|[from] ability: Electric Surge|[of] p1a: Tapu Koko\n|turn|1\n|\n|t:|1701014451\n|move|p1a: Tapu Koko|Thunderbolt|p2a: Ribombee\n|-damage|p2a: Ribombee|31\/100\n|move|p2a: Ribombee|Sticky Web|p1a: Tapu Koko\n|-sidestart|p1: closetspider|move: Sticky Web\n|\n|upkeep\n|turn|2\n|\n|t:|1701014454\n|switch|p2a: Excadrill|Excadrill, M|100\/100\n|-ability|p2a: Excadrill|Mold Breaker\n|move|p1a: Tapu Koko|Thunderbolt|p2a: Excadrill\n|-immune|p2a: Excadrill\n|\n|upkeep\n|turn|3\n|\n|t:|1701014460\n|switch|p2a: Ninetales|Ninetales-Alola, F|100\/100\n|-weather|Snow|[from] ability: Snow Warning|[of] p2a: Ninetales\n|move|p1a: Tapu Koko|U-turn|p2a: Ninetales\n|-resisted|p2a: Ninetales\n|-crit|p2a: Ninetales\n|-damage|p2a: Ninetales|89\/100\n|\n|t:|1701014478\n|switch|p1a: Ferrothorn|Ferrothorn, M|100\/100|[from] U-turn\n|-activate|p1a: Ferrothorn|move: Sticky Web\n|-unboost|p1a: Ferrothorn|spe|1\n|\n|-weather|Snow|[upkeep]\n|upkeep\n|turn|4\n|\n|t:|1701014488\n|move|p2a: Ninetales|Aurora Veil|p2a: Ninetales\n|-sidestart|p2: PikaPlayer1001000|move: Aurora Veil\n|move|p1a: Ferrothorn|Flamethrower|p2a: Ninetales\n|-supereffective|p2a: Ninetales\n|-damage|p2a: Ninetales|50\/100\n|\n|-weather|Snow|[upkeep]\n|upkeep\n|turn|5\n|\n|t:|1701014492\n|move|p2a: Ninetales|Blizzard|p1a: Ferrothorn\n|-damage|p1a: Ferrothorn|18\/100\n|replace|p1a: Zoroark|Zoroark-Hisui, M\n|-end|p1a: Zoroark|Illusion\n|-zpower|p1a: Zoroark\n|move|p1a: Zoroark|Never-Ending Nightmare|p2a: Ninetales|[zeffect]\n|-damage|p2a: Ninetales|4\/100\n|\n|-weather|Snow|[upkeep]\n|-fieldend|move: Electric Terrain\n|upkeep\n|turn|6\n|\n|t:|1701014501\n|move|p2a: Ninetales|Hypnosis|p1a: Zoroark\n|-status|p1a: Zoroark|slp|[from] move: Hypnosis\n|cant|p1a: Zoroark|slp\n|\n|-weather|Snow|[upkeep]\n|upkeep\n|turn|7\n|\n|t:|1701014503\n|switch|p2a: Chatot|Chatot, F|100\/100\n|switch|p1a: Ferrothorn|Ferrothorn, M|100\/100\n|-activate|p1a: Ferrothorn|move: Sticky Web\n|-unboost|p1a: Ferrothorn|spe|1\n|\n|-weather|none\n|upkeep\n|turn|8\n|\n|t:|1701014513\n|move|p2a: Chatot|Nasty Plot|p2a: Chatot\n|-boost|p2a: Chatot|spa|2\n|move|p1a: Ferrothorn|Leech Seed|p2a: Chatot\n|-start|p2a: Chatot|move: Leech Seed\n|\n|-damage|p2a: Chatot|88\/100|[from] Leech Seed|[of] p1a: Ferrothorn\n|upkeep\n|turn|9\n|\n|t:|1701014517\n|move|p2a: Chatot|Heat Wave|p1a: Ferrothorn\n|-supereffective|p1a: Ferrothorn\n|-damage|p1a: Ferrothorn|0 fnt\n|faint|p1a: Ferrothorn\n|\n|upkeep\n|\n|t:|1701014522\n|switch|p1a: Gliscor|Gliscor, M|100\/100\n|turn|10\n|\n|t:|1701014548\n|-terastallize|p2a: Chatot|Normal\n|move|p2a: Chatot|Boomburst|p1a: Gliscor\n|-crit|p1a: Gliscor\n|-damage|p1a: Gliscor|0 fnt\n|faint|p1a: Gliscor\n|-enditem|p2a: Chatot|Throat Spray\n|-boost|p2a: Chatot|spa|1|[from] item: Throat Spray\n|\n|upkeep\n|\n|t:|1701014558\n|switch|p1a: Tapu Koko|Tapu Koko|100\/100\n|-fieldstart|move: Electric Terrain|[from] ability: Electric Surge|[of] p1a: Tapu Koko\n|turn|11\n|\n|t:|1701014566\n|move|p1a: Tapu Koko|Thunderbolt|p2a: Chatot\n|-damage|p2a: Chatot|29\/100\n|move|p2a: Chatot|Boomburst|p1a: Tapu Koko\n|-damage|p1a: Tapu Koko|0 fnt\n|faint|p1a: Tapu Koko\n|\n|-sideend|p2: PikaPlayer1001000|move: Aurora Veil\n|upkeep\n|\n|t:|1701014572\n|switch|p1a: Iron Valiant|Iron Valiant|100\/100\n|-activate|p1a: Iron Valiant|move: Sticky Web\n|-unboost|p1a: Iron Valiant|spe|1\n|-activate|p1a: Iron Valiant|ability: Quark Drive\n|-start|p1a: Iron Valiant|quarkdrivespa\n|turn|12\n|\n|t:|1701014581\n|switch|p2a: Ninetales|Ninetales-Alola, F|4\/100\n|-weather|Snow|[from] ability: Snow Warning|[of] p2a: Ninetales\n|move|p1a: Iron Valiant|Moonblast|p2a: Ninetales\n|-damage|p2a: Ninetales|0 fnt\n|faint|p2a: Ninetales\n|\n|-weather|Snow|[upkeep]\n|upkeep\n|\n|t:|1701014584\n|switch|p2a: Ribombee|Ribombee, F|31\/100\n|turn|13\n|\n|t:|1701014587\n|move|p2a: Ribombee|Moonblast|p1a: Iron Valiant\n|-supereffective|p1a: Iron Valiant\n|-damage|p1a: Iron Valiant|0 fnt\n|faint|p1a: Iron Valiant\n|-end|p1a: Iron Valiant|Quark Drive|[silent]\n|\n|-weather|Snow|[upkeep]\n|upkeep\n|\n|t:|1701014590\n|switch|p1a: Blaziken|Blaziken, F|100\/100\n|-activate|p1a: Blaziken|move: Sticky Web\n|-unboost|p1a: Blaziken|spe|1\n|-enditem|p1a: Blaziken|Electric Seed\n|-boost|p1a: Blaziken|def|1|[from] item: Electric Seed\n|turn|14\n|\n|t:|1701014613\n|-terastallize|p1a: Blaziken|Flying\n|move|p2a: Ribombee|Moonblast|p1a: Blaziken\n|-crit|p1a: Blaziken\n|-damage|p1a: Blaziken|30\/100\n|-unboost|p1a: Blaziken|spa|1\n|move|p1a: Blaziken|Swords Dance|p1a: Blaziken\n|-boost|p1a: Blaziken|atk|2\n|\n|-weather|Snow|[upkeep]\n|-ability|p1a: Blaziken|Speed Boost|boost\n|-boost|p1a: Blaziken|spe|1\n|upkeep\n|turn|15\n|\n|t:|1701014622\n|move|p2a: Ribombee|Moonblast|p1a: Blaziken\n|-damage|p1a: Blaziken|0 fnt\n|faint|p1a: Blaziken\n|\n|-weather|Snow|[upkeep]\n|-fieldend|move: Electric Terrain\n|upkeep\n|-message|closetspider forfeited.\n|\n|win|PikaPlayer1001000\n|raw|closetspider's rating: 1145 &rarr; <strong>1123<\/strong><br \/>(-22 for losing)\n|raw|PikaPlayer1001000's rating: 1186 &rarr; <strong>1208<\/strong><br \/>(+22 for winning)\n|l|\u2606closetspider\n","uploadtime":1701014742,"views":9,"p1id":"closetspider","p2id":"pikaplayer1001000","formatid":"gen9nationaldex","rating":1123,"private":0,"password":""}